timestamp,elapsed_sec,up_bid_p1,up_bid_s1,up_bid_p2,up_bid_s2,up_ask_p1,up_ask_s1,up_ask_p2,up_ask_s2,down_bid_p1,down_bid_s1,down_bid_p2,down_bid_s2,down_ask_p1,down_ask_s1,down_ask_p2,down_ask_s2,up_spread,down_spread,eth_price,eth_oracle_ts
1776342600.504,0.504,0.47,5.0,0.41,6.0,0.49,384.59,0.5,1.43,0.51,384.59,0.5,1.43,0.53,5.0,0.59,6.0,0.02,0.02,2341.00935,1776342599000
1776342601.01,1.01,0.47,5.0,0.41,6.0,0.49,384.59,0.5,1.43,0.51,384.59,0.5,1.43,0.53,5.0,0.59,6.0,0.02,0.02,2341.03815,1776342600000
1776342601.264,1.264,0.47,5.62,0.46,13.0,0.49,384.59,0.5,1.43,0.51,384.59,0.5,1.43,0.53,5.0,0.59,6.0,0.02,0.02,2341.03815,1776342600000
1776342602.284,2.284,0.47,5.62,0.46,13.0,0.49,384.59,0.5,1.43,0.51,384.59,0.5,1.43,0.53,5.62,0.54,13.0,0.02,0.02,2341.0796,1776342601000
1776342602.767,2.767,0.48,21.0,0.47,10.0,0.49,382.54,0.5,6.43,0.51,384.59,0.5,1.43,0.53,5.62,0.54,13.0,0.01,0.02,2341.0796,1776342601000
1776342603.463,3.463,0.48,21.0,0.47,10.0,0.49,382.54,0.5,6.43,0.51,382.54,0.5,6.43,0.52,21.0,0.53,10.0,0.01,0.01,2341.14148,1776342602000
1776342604.119,4.119,0.48,21.0,0.47,10.0,0.49,382.54,0.5,6.43,0.51,382.54,0.5,6.43,0.52,21.0,0.53,10.0,0.01,0.01,2341.14148,1776342603000
1776342604.666,4.666,0.48,21.0,0.47,20.0,0.49,379.47,0.5,6.43,0.51,382.54,0.5,6.43,0.52,21.0,0.53,10.0,0.01,0.01,2341.14148,1776342603000
1776342605.284,5.284,0.48,21.0,0.47,20.0,0.49,379.47,0.5,6.43,0.51,379.47,0.5,6.43,0.52,21.0,0.53,20.0,0.01,0.01,2341.15276,1776342604000
1776342605.685,5.685,0.48,31.0,0.47,20.0,0.49,374.47,0.5,6.43,0.51,379.47,0.5,6.43,0.52,21.0,0.53,20.0,0.01,0.01,2341.15276,1776342604000
1776342606.51,6.51,0.48,31.0,0.47,20.0,0.49,374.47,0.5,6.43,0.51,374.47,0.5,6.43,0.52,31.0,0.53,20.0,0.01,0.01,2341.158045,1776342605000
1776342607.184,7.184,0.48,31.0,0.47,20.0,0.49,374.47,0.5,6.43,0.51,374.47,0.5,6.43,0.52,31.0,0.53,20.0,0.01,0.01,2341.158045,1776342606000
1776342607.944,7.944,0.48,41.0,0.47,20.0,0.49,334.47,0.5,6.43,0.51,374.47,0.5,6.43,0.52,31.0,0.53,20.0,0.01,0.01,2341.158045,1776342606000
1776342608.384,8.384,0.48,36.0,0.47,20.0,0.49,294.47,0.5,6.43,0.51,294.47,0.5,6.43,0.52,36.0,0.53,20.0,0.01,0.01,2341.07475,1776342607000
1776342608.872,8.872,0.48,265.5,0.47,146.26,0.49,284.47,0.5,6.43,0.51,294.47,0.5,6.43,0.52,36.0,0.53,20.0,0.01,0.01,2341.07475,1776342607000
1776342609.202,9.202,0.5,66.5,0.49,293.5,0.51,45.93,0.52,17.0,0.49,62.93,0.48,5.0,0.5,20.5,0.51,95.5,0.01,0.01,2341.07475,1776342607000
1776342609.437,9.437,0.5,303.5,0.49,113.5,0.52,17.0,0.53,10.5,0.49,45.93,0.48,17.0,0.5,66.5,0.51,293.5,0.02,0.01,2341.07475,1776342607000
1776342609.822,9.822,0.51,298.5,0.5,59.5,0.52,3.07,0.53,22.5,0.48,17.0,0.47,10.5,0.5,303.5,0.51,113.5,0.01,0.02,2341.136405,1776342608000
1776342610.09,10.09,0.51,298.5,0.5,59.5,0.52,3.07,0.53,22.5,0.48,3.07,0.47,22.5,0.49,298.5,0.5,59.5,0.01,0.01,2341.136405,1776342609000
1776342610.985,10.985,0.53,347.0,0.52,187.0,0.54,15.16,0.55,70.0,0.47,10.03,0.45,12.0,0.48,10.0,0.49,427.31,0.01,0.01,2341.136405,1776342609000
1776342612.185,12.185,0.53,342.49,0.52,172.0,0.54,20.16,0.55,70.0,0.46,15.16,0.45,70.0,0.47,347.0,0.48,187.0,0.01,0.01,2341.49902,1776342611000
1776342612.506,12.506,0.52,11.56,0.48,62.0,0.54,207.16,0.55,207.0,0.46,25.16,0.45,70.0,0.47,327.49,0.48,172.0,0.02,0.01,2341.49902,1776342611000
1776342612.94,12.94,0.41,58.37,0.4,192.0,0.42,71.0,0.43,37.0,0.56,10.0,0.55,15.0,0.59,113.37,0.6,5.0,0.01,0.03,2341.49902,1776342611000
1776342613.19,13.19,0.41,38.73,0.4,192.0,0.42,25.0,0.43,112.0,0.58,23.38,0.57,42.0,0.59,58.37,0.6,192.0,0.01,0.01,2341.49902,1776342611000
1776342613.513,13.513,0.4,313.68,0.39,17.0,0.43,86.6,0.44,95.0,0.58,25.0,0.57,112.0,0.6,267.68,0.61,5.0,0.03,0.02,2341.50152,1776342612000
1776342613.83,13.83,0.4,248.18,0.39,12.0,0.41,51.0,0.42,10.0,0.57,86.6,0.56,95.0,0.6,313.68,0.61,17.0,0.01,0.03,2341.50152,1776342612000
1776342614.119,14.119,0.4,212.95,0.39,88.14,0.41,40.0,0.42,93.38,0.59,30.0,0.58,10.0,0.6,160.0,0.61,12.0,0.01,0.01,2341.50152,1776342612000
1776342614.374,14.374,0.39,69.14,0.38,249.0,0.4,50.0,0.41,52.0,0.59,40.0,0.58,93.38,0.6,212.95,0.61,88.14,0.01,0.01,2341.321211,1776342613000
1776342615.006,15.006,0.39,79.64,0.38,259.5,0.4,77.63,0.41,175.0,0.6,50.0,0.59,52.0,0.61,69.14,0.62,249.0,0.01,0.01,2341.321211,1776342613000
1776342615.515,15.515,0.39,71.64,0.38,259.5,0.4,80.88,0.41,180.5,0.6,97.83,0.59,185.5,0.61,71.64,0.62,259.5,0.01,0.01,2340.735017,1776342614000
1776342615.9,15.9,0.39,15.5,0.38,264.5,0.4,101.0,0.41,197.12,0.6,90.88,0.59,180.5,0.61,66.64,0.62,259.5,0.01,0.01,2340.735017,1776342614000
1776342616.285,16.285,0.39,20.5,0.38,264.5,0.4,100.55,0.41,197.12,0.6,98.25,0.59,197.12,0.61,15.5,0.62,264.5,0.01,0.01,2340.643153,1776342615000
1776342616.554,16.554,0.39,5.0,0.38,259.5,0.4,109.3,0.41,197.12,0.6,92.8,0.59,197.12,0.61,5.0,0.62,264.5,0.01,0.01,2340.643153,1776342615000
1776342617.113,17.113,0.38,259.5,0.37,63.0,0.4,90.1,0.41,197.12,0.6,109.3,0.59,197.12,0.61,1.72,0.62,259.5,0.02,0.01,2340.643153,1776342615000
1776342617.594,17.594,0.38,247.5,0.37,75.0,0.39,98.23,0.4,63.59,0.6,83.47,0.59,197.12,0.62,259.5,0.63,63.0,0.01,0.02,2340.520161,1776342616000
1776342617.934,17.934,0.37,100.0,0.36,254.5,0.38,207.72,0.39,208.58,0.61,95.46,0.6,63.59,0.62,247.5,0.63,75.0,0.01,0.01,2340.520161,1776342616000
1776342618.167,18.167,0.37,85.44,0.36,17.5,0.38,244.33,0.39,151.58,0.62,187.52,0.61,208.58,0.63,85.44,0.64,17.5,0.01,0.01,2340.520161,1776342616000
1776342619.472,19.472,0.36,99.08,0.35,74.0,0.37,137.77,0.38,136.33,0.63,7.27,0.62,188.33,0.64,4.55,0.65,84.5,0.01,0.01,2340.351245,1776342618000
1776342619.704,19.704,0.36,86.4,0.35,74.0,0.37,148.77,0.38,129.33,0.63,137.77,0.62,136.33,0.64,99.08,0.65,74.0,0.01,0.01,2340.351245,1776342618000
1776342619.98,19.98,0.35,61.6,0.34,80.5,0.36,117.0,0.37,173.77,0.63,138.77,0.62,129.33,0.64,7.36,0.65,74.0,0.01,0.01,2340.351245,1776342618000
1776342620.278,20.278,0.35,115.0,0.34,22.5,0.36,45.61,0.37,168.77,0.64,35.61,0.63,168.77,0.65,115.0,0.66,22.5,0.01,0.01,2340.228305,1776342619000
1776342621.079,21.079,0.35,242.0,0.34,80.5,0.36,33.88,0.37,168.77,0.64,45.61,0.63,168.77,0.65,115.0,0.66,22.5,0.01,0.01,2340.228305,1776342619000
1776342621.895,21.895,0.35,244.0,0.34,80.5,0.36,15.36,0.37,168.77,0.64,33.88,0.63,168.77,0.65,242.0,0.66,80.5,0.01,0.01,2340.203526,1776342620000
1776342623.674,23.674,0.35,241.82,0.34,80.5,0.36,35.62,0.37,226.77,0.64,15.36,0.63,168.77,0.65,244.0,0.66,80.5,0.01,0.01,2340.03783,1776342622000
1776342624.017,24.017,0.35,235.28,0.34,12.0,0.36,183.6,0.37,226.77,0.64,35.62,0.63,226.77,0.65,241.82,0.66,80.5,0.01,0.01,2340.03783,1776342622000
1776342624.529,24.529,0.35,187.0,0.34,69.0,0.36,180.6,0.37,168.77,0.64,183.6,0.63,226.77,0.65,235.28,0.66,12.0,0.01,0.01,2340.03783,1776342622000
1776342626.08,26.08,0.34,252.5,0.33,127.5,0.35,36.39,0.36,235.1,0.64,180.6,0.63,168.77,0.65,187.0,0.66,69.0,0.01,0.01,2340.049714,1776342625000
1776342626.326,26.326,0.34,315.5,0.33,135.5,0.36,209.48,0.37,117.27,0.65,36.39,0.64,235.1,0.66,252.5,0.67,127.5,0.02,0.01,2340.049714,1776342625000
1776342626.826,26.826,0.35,15.5,0.34,315.5,0.36,211.7,0.37,122.27,0.64,209.48,0.63,122.27,0.65,10.5,0.66,320.5,0.01,0.01,2340.049714,1776342625000
1776342627.437,27.437,0.35,252.5,0.34,78.5,0.36,205.54,0.37,117.27,0.64,208.92,0.63,122.27,0.65,257.5,0.66,78.5,0.01,0.01,2340.029622,1776342626000
1776342629.925,29.925,0.35,260.2,0.34,73.5,0.36,213.9,0.37,118.27,0.64,205.54,0.63,117.27,0.65,248.2,0.66,78.5,0.01,0.01,2340.066066,1776342628000
1776342632.831,32.831,0.35,239.7,0.34,15.5,0.36,346.78,0.37,127.77,0.64,213.9,0.63,118.27,0.65,260.2,0.66,73.5,0.01,0.01,2340.189982,1776342631000
1776342634.03,34.03,0.35,234.94,0.34,5.0,0.36,366.78,0.37,127.77,0.64,346.78,0.63,127.77,0.65,239.7,0.66,15.5,0.01,0.01,2340.107656,1776342632000
1776342635.877,35.877,0.35,221.85,0.34,5.0,0.36,371.78,0.37,127.77,0.64,366.78,0.63,127.77,0.65,234.94,0.66,5.0,0.01,0.01,2340.078287,1776342634000
1776342637.208,37.208,0.35,216.85,0.33,185.5,0.36,350.92,0.37,127.77,0.64,371.78,0.63,127.77,0.65,221.85,0.66,5.0,0.01,0.01,2340.158695,1776342635000
1776342638.522,38.522,0.35,247.5,0.34,68.5,0.36,229.42,0.37,185.77,0.64,350.92,0.63,127.77,0.65,216.85,0.67,185.5,0.01,0.01,2340.068599,1776342637000
1776342639.794,39.794,0.35,246.5,0.34,68.5,0.36,229.42,0.37,185.77,0.64,229.42,0.63,185.77,0.65,247.5,0.66,68.5,0.01,0.01,2340.081869,1776342638000
1776342640.961,40.961,0.35,231.0,0.34,10.5,0.36,271.64,0.37,213.07,0.64,246.64,0.63,185.77,0.65,231.0,0.66,68.5,0.01,0.01,2340.0978,1776342639000
1776342641.513,41.513,0.35,231.0,0.34,10.5,0.36,281.58,0.37,213.07,0.64,271.64,0.63,213.07,0.65,231.0,0.66,10.5,0.01,0.01,2340.087184,1776342640000
1776342642.395,42.395,0.35,226.0,0.34,10.5,0.36,266.08,0.37,185.77,0.64,276.58,0.63,213.07,0.65,226.0,0.66,10.5,0.01,0.01,2340.087184,1776342640000
1776342643.175,43.175,0.35,236.5,0.34,10.5,0.36,226.08,0.37,185.77,0.64,266.08,0.63,185.77,0.65,226.0,0.66,10.5,0.01,0.01,2340.062269,1776342642000
1776342646.105,46.105,0.35,213.36,0.34,10.5,0.36,170.88,0.37,185.77,0.64,226.08,0.63,185.77,0.65,236.5,0.66,10.5,0.01,0.01,2340.083718,1776342645000
1776342647.401,47.401,0.35,121.8,0.34,10.5,0.36,221.99,0.37,185.77,0.64,154.71,0.63,185.77,0.65,127.8,0.66,10.5,0.01,0.01,2340.039182,1776342646000
1776342648.204,48.204,0.35,243.8,0.34,10.5,0.36,175.49,0.37,185.77,0.64,221.99,0.63,185.77,0.65,121.8,0.66,10.5,0.01,0.01,2340.039182,1776342646000
1776342649.426,49.426,0.32,197.5,0.31,70.0,0.33,112.0,0.34,135.0,0.64,175.49,0.63,185.77,0.65,243.8,0.66,10.5,0.01,0.01,2340.019571,1776342648000
1776342650.847,50.847,0.32,254.07,0.31,70.0,0.33,101.93,0.34,120.5,0.67,112.0,0.66,135.0,0.68,191.32,0.69,70.0,0.01,0.01,2340.046585,1776342649000
1776342652.904,52.904,0.32,259.5,0.31,36.5,0.33,123.59,0.34,59.0,0.67,101.93,0.66,120.5,0.68,254.07,0.69,70.0,0.01,0.01,2339.886573,1776342651000
1776342653.707,53.707,0.31,8.9,0.3,69.0,0.32,166.0,0.33,121.09,0.67,81.59,0.66,59.0,0.68,259.5,0.69,27.5,0.01,0.01,2339.883597,1776342652000
1776342653.987,53.987,0.31,7.3,0.3,69.0,0.32,166.0,0.33,121.09,0.68,166.0,0.67,121.09,0.69,8.9,0.7,69.0,0.01,0.01,2339.884222,1776342653000
1776342654.815,54.815,0.31,1.3,0.3,69.0,0.32,171.0,0.33,182.5,0.68,166.0,0.67,121.09,0.69,7.3,0.7,69.0,0.01,0.01,2339.884222,1776342653000
1776342655.23,55.23,0.31,183.0,0.3,125.5,0.32,149.0,0.33,193.75,0.68,171.0,0.67,182.5,0.69,1.3,0.7,69.0,0.01,0.01,2339.884222,1776342653000
1776342656.181,56.181,0.31,186.45,0.3,125.5,0.32,152.81,0.33,193.75,0.68,149.0,0.67,193.75,0.69,183.0,0.7,125.5,0.01,0.01,2339.933044,1776342654000
1776342656.518,56.518,0.31,186.45,0.3,125.5,0.32,146.62,0.33,193.75,0.68,152.81,0.67,193.75,0.69,186.45,0.7,125.5,0.01,0.01,2339.942249,1776342655000
1776342657.237,57.237,0.31,248.45,0.3,68.5,0.32,112.81,0.33,251.75,0.68,146.62,0.67,193.75,0.69,186.45,0.7,125.5,0.01,0.01,2339.942249,1776342655000
1776342657.964,57.964,0.31,242.0,0.3,68.5,0.32,212.46,0.33,182.5,0.68,112.81,0.67,251.75,0.69,248.45,0.7,68.5,0.01,0.01,2339.844617,1776342656000
1776342658.523,58.523,0.31,237.0,0.3,10.5,0.32,131.08,0.33,182.5,0.68,192.08,0.67,182.5,0.69,242.0,0.7,68.5,0.01,0.01,2339.977167,1776342657000
1776342661.732,61.732,0.31,235.0,0.3,68.5,0.32,221.99,0.33,255.2,0.68,126.08,0.67,182.5,0.69,240.0,0.7,10.5,0.01,0.01,2339.894819,1776342660000
1776342662.234,62.234,0.31,220.5,0.3,73.5,0.32,216.99,0.33,197.2,0.68,221.99,0.67,255.2,0.69,235.0,0.7,68.5,0.01,0.01,2339.894819,1776342660000
1776342665.197,65.197,0.31,163.95,0.29,69.0,0.32,381.73,0.33,124.5,0.68,216.99,0.67,197.2,0.69,220.5,0.7,73.5,0.01,0.01,2339.942652,1776342663000
1776342665.485,65.485,0.31,112.12,0.29,69.0,0.32,281.73,0.33,209.45,0.68,381.73,0.67,124.5,0.69,163.95,0.71,69.0,0.01,0.01,2339.901681,1776342664000
1776342666.028,66.028,0.29,68.22,0.28,68.5,0.32,290.73,0.33,266.45,0.68,281.73,0.67,209.45,0.69,112.12,0.71,69.0,0.03,0.01,2339.901681,1776342664000
1776342666.652,66.652,0.29,237.0,0.28,22.5,0.3,211.77,0.31,84.5,0.68,290.73,0.67,266.45,0.71,68.22,0.72,68.5,0.01,0.03,2339.903959,1776342665000
1776342667.451,67.451,0.28,175.58,0.27,69.0,0.29,209.5,0.3,339.27,0.7,211.77,0.69,84.5,0.71,237.0,0.72,22.5,0.01,0.01,2339.818821,1776342666000
1776342667.843,67.843,0.28,164.49,0.27,69.0,0.29,185.5,0.3,295.27,0.71,209.5,0.7,339.27,0.72,170.58,0.73,69.0,0.01,0.01,2339.818821,1776342666000
1776342668.482,68.482,0.28,153.1,0.27,69.0,0.29,236.7,0.3,378.97,0.71,197.5,0.7,347.27,0.72,163.1,0.73,69.0,0.01,0.01,2339.884092,1776342667000
1776342669.838,69.838,0.28,96.86,0.27,69.0,0.29,222.5,0.3,378.97,0.71,217.5,0.7,378.97,0.72,123.1,0.73,69.0,0.01,0.01,2339.801995,1776342668000
1776342672.292,72.292,0.26,63.0,0.25,12.0,0.27,150.59,0.28,116.5,0.71,222.5,0.7,378.97,0.72,96.86,0.73,69.0,0.01,0.01,2339.495792,1776342671000
1776342675.5,75.5,0.26,240.64,0.25,85.5,0.27,126.0,0.28,106.46,0.73,155.59,0.72,116.5,0.74,58.0,0.75,12.0,0.01,0.01,2339.531245,1776342674000
1776342676.27,76.27,0.26,240.64,0.25,85.5,0.27,105.0,0.28,106.46,0.73,126.0,0.72,106.46,0.74,240.64,0.75,85.5,0.01,0.01,2339.531245,1776342674000
1776342676.665,76.665,0.26,235.64,0.25,80.5,0.27,101.25,0.28,106.46,0.73,105.0,0.72,106.46,0.74,240.64,0.75,85.5,0.01,0.01,2339.501943,1776342675000
1776342679.432,79.432,0.27,258.5,0.26,15.5,0.28,213.08,0.29,121.0,0.72,106.46,0.71,174.5,0.74,240.64,0.75,80.5,0.01,0.02,2339.539393,1776342678000
1776342679.642,79.642,0.27,348.5,0.26,24.5,0.28,175.08,0.29,121.0,0.72,213.08,0.71,121.0,0.73,258.5,0.74,15.5,0.01,0.01,2339.539393,1776342678000
1776342680.119,80.119,0.28,30.5,0.27,347.73,0.3,6.83,0.32,122.65,0.72,45.08,0.71,121.0,0.73,328.5,0.74,24.5,0.02,0.01,2339.539393,1776342678000
1776342680.375,80.375,0.31,6.91,0.3,103.5,0.32,103.48,0.33,22.0,0.68,103.89,0.67,22.0,0.69,6.91,0.7,46.5,0.01,0.01,2339.582815,1776342679000
1776342680.643,80.643,0.31,218.31,0.3,161.5,0.32,110.49,0.33,22.0,0.68,103.48,0.67,22.0,0.69,6.91,0.7,103.5,0.01,0.01,2339.582815,1776342679000
1776342680.993,80.993,0.32,36.64,0.31,214.31,0.33,1.44,0.34,80.0,0.67,13.44,0.66,68.0,0.69,226.31,0.7,169.5,0.01,0.02,2339.582815,1776342679000
1776342681.384,81.384,0.32,2.35,0.31,214.31,0.33,1.44,0.34,90.0,0.67,1.44,0.66,90.0,0.68,6.43,0.69,214.31,0.01,0.01,2339.72464,1776342680000
1776342682.424,82.424,0.31,250.4,0.3,33.5,0.32,43.0,0.33,78.0,0.67,1.44,0.66,90.0,0.68,2.35,0.69,214.31,0.01,0.01,2339.994479,1776342681000
1776342683.142,83.142,0.31,285.04,0.3,43.5,0.33,10.0,0.34,22.0,0.67,78.0,0.66,50.5,0.69,255.4,0.7,33.5,0.02,0.02,2340.057778,1776342682000
1776342683.709,83.709,0.34,281.91,0.33,169.5,0.35,90.66,0.36,17.0,0.67,7.0,0.66,12.0,0.68,153.5,0.69,213.04,0.01,0.01,2340.057778,1776342682000
1776342685.022,85.022,0.35,308.0,0.34,121.67,0.36,5.0,0.37,70.0,0.65,80.66,0.64,17.0,0.66,305.91,0.67,169.5,0.01,0.01,2340.008627,1776342683000
1776342685.314,85.314,0.35,394.56,0.34,171.67,0.37,35.83,0.38,25.0,0.64,5.0,0.63,70.0,0.65,330.3,0.66,121.67,0.02,0.01,2340.008627,1776342683000
1776342687.337,87.337,0.4,201.0,0.39,55.0,0.42,51.0,0.43,94.69,0.61,5.68,0.6,107.5,0.64,159.49,0.65,340.8,0.02,0.03,2340.4556,1776342686000
1776342687.578,87.578,0.4,22.0,0.39,77.0,0.41,13.22,0.42,94.0,0.59,7.53,0.58,46.0,0.6,189.0,0.61,55.0,0.01,0.01,2340.4556,1776342686000
1776342687.987,87.987,0.4,4.65,0.39,77.0,0.41,135.22,0.42,216.0,0.59,13.22,0.58,94.0,0.6,22.0,0.61,77.0,0.01,0.01,2340.4556,1776342686000
1776342690.21,90.21,0.4,4.65,0.39,148.52,0.41,76.95,0.42,99.0,0.59,135.22,0.58,216.0,0.6,4.65,0.61,77.0,0.01,0.01,2340.649162,1776342688000
1776342690.857,90.857,0.4,123.65,0.39,349.28,0.41,57.0,0.42,41.0,0.59,62.0,0.58,36.0,0.6,99.65,0.61,319.76,0.01,0.01,2340.690995,1776342689000
1776342694.267,94.267,0.39,63.0,0.38,18.0,0.41,94.0,0.42,274.0,0.59,57.0,0.58,41.0,0.6,123.65,0.61,349.28,0.02,0.01,2340.655925,1776342693000
1776342694.713,94.713,0.39,3.0,0.38,22.0,0.4,327.5,0.41,64.0,0.59,94.0,0.58,274.0,0.61,63.0,0.62,18.0,0.01,0.02,2340.655925,1776342693000
1776342694.918,94.918,0.35,59.0,0.34,46.0,0.38,62.5,0.39,37.5,0.62,30.5,0.61,37.5,0.63,2.0,0.65,63.0,0.03,0.01,2340.655925,1776342693000
1776342700.747,100.747,0.33,378.5,0.32,183.49,0.34,6.0,0.37,7.0,0.64,10.0,0.62,57.5,0.65,53.0,0.66,46.0,0.01,0.01,2340.252079,1776342699000
1776342701.254,101.254,0.36,438.5,0.35,90.14,0.37,3.24,0.38,37.0,0.63,3.24,0.62,35.5,0.67,378.5,0.68,183.49,0.01,0.04,2340.217808,1776342700000
1776342702.231,102.231,0.36,468.5,0.35,73.67,0.37,0.24,0.38,37.0,0.63,3.24,0.62,37.0,0.64,438.5,0.65,90.14,0.01,0.01,2340.217808,1776342700000
1776342705.204,105.204,0.36,434.4,0.35,147.47,0.37,0.24,0.38,12.0,0.63,0.24,0.62,37.0,0.64,468.5,0.65,73.67,0.01,0.01,2340.54116,1776342704000
1776342708.02,108.02,0.36,597.4,0.35,89.47,0.38,7.24,0.41,80.0,0.63,0.24,0.62,12.0,0.64,434.4,0.65,147.47,0.02,0.01,2340.569925,1776342706000
1776342710.645,110.645,0.4,480.49,0.39,191.5,0.42,24.52,0.43,10.5,0.62,7.24,0.59,80.0,0.64,597.4,0.65,89.47,0.02,0.02,2340.552446,1776342709000
1776342713.734,113.734,0.44,73.64,0.43,65.0,0.45,45.5,0.46,12.0,0.57,18.0,0.56,65.5,0.59,448.99,0.6,171.26,0.01,0.02,2340.549213,1776342711000
1776342714.313,114.313,0.44,61.64,0.43,65.0,0.45,75.5,0.46,192.0,0.55,110.5,0.54,192.0,0.56,66.64,0.57,65.0,0.01,0.01,2340.760389,1776342712000
1776342716.426,116.426,0.44,70.64,0.43,196.69,0.45,67.5,0.46,192.0,0.55,75.5,0.54,192.0,0.56,61.64,0.57,65.0,0.01,0.01,2340.94432,1776342714000
1776342716.964,116.964,0.44,47.78,0.43,173.2,0.45,67.5,0.46,192.0,0.55,67.5,0.54,192.0,0.56,70.64,0.57,196.69,0.01,0.01,2340.819092,1776342715000
1776342717.761,117.761,0.44,49.2,0.43,148.2,0.45,73.88,0.46,192.0,0.55,68.38,0.54,192.0,0.56,52.78,0.57,148.2,0.01,0.01,2340.823265,1776342716000
1776342718.356,118.356,0.44,49.2,0.43,65.0,0.45,66.88,0.46,12.0,0.55,73.88,0.54,192.0,0.56,49.2,0.57,148.2,0.01,0.01,2340.823265,1776342716000
1776342721.53,121.53,0.44,49.2,0.43,27.0,0.45,55.76,0.46,12.0,0.55,66.88,0.54,12.0,0.56,49.2,0.57,65.0,0.01,0.01,2340.857676,1776342720000
1776342722.781,122.781,0.47,21.0,0.46,195.5,0.48,58.5,0.49,227.0,0.55,55.76,0.54,12.0,0.56,49.2,0.57,27.0,0.01,0.01,2340.95726,1776342721000
1776342723.014,123.014,0.47,191.0,0.46,93.5,0.48,48.0,0.49,227.0,0.52,53.0,0.51,227.0,0.53,191.0,0.54,93.5,0.01,0.01,2340.95726,1776342721000
1776342724.514,124.514,0.48,371.49,0.47,268.26,0.5,42.76,0.51,72.5,0.52,84.16,0.51,227.0,0.53,225.0,0.54,93.5,0.02,0.01,2340.858115,1776342723000
1776342724.756,124.756,0.5,209.0,0.49,193.49,0.51,7.96,0.52,180.5,0.49,33.46,0.48,180.5,0.52,406.49,0.53,318.26,0.01,0.03,2340.858115,1776342723000
1776342725.125,125.125,0.51,164.59,0.5,103.0,0.52,180.5,0.53,263.0,0.49,7.96,0.48,180.5,0.5,209.0,0.51,193.49,0.01,0.01,2340.858115,1776342723000
1776342726.781,126.781,0.52,130.5,0.51,20.0,0.53,322.54,0.54,10.5,0.48,180.5,0.47,263.0,0.49,164.59,0.5,103.0,0.01,0.01,2341.005204,1776342725000
1776342727.085,127.085,0.52,123.5,0.51,46.4,0.53,321.87,0.54,10.5,0.47,322.54,0.46,10.5,0.48,130.5,0.49,20.0,0.01,0.01,2341.005204,1776342725000
1776342727.447,127.447,0.52,123.5,0.51,56.9,0.53,316.98,0.54,10.5,0.47,314.98,0.46,10.5,0.48,123.5,0.49,46.4,0.01,0.01,2341.005204,1776342725000
1776342727.923,127.923,0.52,137.9,0.51,51.9,0.53,301.37,0.54,10.5,0.47,306.37,0.46,10.5,0.48,137.9,0.49,56.9,0.01,0.01,2341.149952,1776342726000
1776342728.367,128.367,0.52,137.9,0.51,51.9,0.53,299.16,0.54,10.5,0.47,301.37,0.46,10.5,0.48,137.9,0.49,51.9,0.01,0.01,2341.149952,1776342726000
1776342730.76,130.76,0.52,65.4,0.51,114.9,0.53,304.17,0.54,10.5,0.47,283.44,0.46,10.5,0.48,137.9,0.49,51.9,0.01,0.01,2341.201589,1776342729000
1776342731.0,131.0,0.52,111.48,0.51,114.9,0.53,256.57,0.54,10.5,0.47,289.17,0.46,10.5,0.48,65.4,0.49,114.9,0.01,0.01,2341.201589,1776342729000
1776342731.835,131.835,0.52,111.48,0.51,114.9,0.53,294.07,0.54,10.5,0.47,256.57,0.46,10.5,0.48,111.48,0.49,114.9,0.01,0.01,2341.209792,1776342730000
1776342732.802,132.802,0.52,220.99,0.51,120.9,0.53,238.57,0.54,10.5,0.47,294.07,0.46,10.5,0.48,111.48,0.49,114.9,0.01,0.01,2341.213085,1776342731000
1776342733.607,133.607,0.52,328.89,0.51,120.9,0.53,192.58,0.54,10.5,0.47,205.37,0.46,10.5,0.48,257.99,0.49,120.9,0.01,0.01,2341.212651,1776342732000
1776342734.022,134.022,0.52,448.89,0.51,227.9,0.53,29.04,0.54,57.0,0.47,174.88,0.46,10.5,0.48,335.89,0.49,120.9,0.01,0.01,2341.212651,1776342732000
1776342734.302,134.302,0.52,799.09,0.51,170.9,0.55,12.0,0.56,46.5,0.47,17.58,0.46,57.0,0.48,443.89,0.49,407.9,0.03,0.01,2341.219815,1776342733000
1776342734.557,134.557,0.59,15.0,0.58,92.0,0.6,238.5,0.62,25.0,0.4,248.0,0.38,25.0,0.42,50.0,0.45,300.73,0.01,0.02,2341.219815,1776342733000
1776342734.915,134.915,0.59,75.43,0.58,167.0,0.6,163.5,0.62,25.0,0.4,168.5,0.38,25.0,0.41,36.43,0.42,92.0,0.01,0.01,2341.219815,1776342733000
1776342735.197,135.197,0.59,204.43,0.58,212.0,0.6,137.66,0.61,10.5,0.4,163.5,0.38,25.0,0.41,75.43,0.42,167.0,0.01,0.01,2341.219815,1776342733000
1776342736.238,136.238,0.59,275.53,0.58,218.23,0.6,125.16,0.61,68.5,0.4,75.22,0.39,10.5,0.41,199.43,0.42,212.0,0.01,0.01,2341.426907,1776342735000
1776342736.484,136.484,0.59,281.63,0.58,167.0,0.6,236.16,0.61,68.5,0.4,125.16,0.39,68.5,0.41,270.4,0.42,218.23,0.01,0.01,2341.426907,1776342735000
1776342737.358,137.358,0.59,230.59,0.58,167.0,0.6,236.16,0.61,73.5,0.4,236.16,0.39,68.5,0.41,281.63,0.42,167.0,0.01,0.01,2341.468451,1776342736000
1776342737.777,137.777,0.61,234.0,0.6,66.23,0.62,5.5,0.63,10.5,0.4,236.16,0.39,73.5,0.41,230.59,0.42,167.0,0.01,0.01,2341.468451,1776342736000
1776342738.36,138.36,0.62,179.0,0.61,128.23,0.63,310.5,0.64,5.0,0.38,5.5,0.37,10.5,0.39,234.0,0.4,66.23,0.01,0.01,2341.49975,1776342737000
1776342738.87,138.87,0.61,157.23,0.6,52.0,0.62,67.5,0.63,68.5,0.37,305.5,0.36,5.0,0.39,72.0,0.4,103.23,0.01,0.02,2341.49975,1776342737000
1776342740.23,140.23,0.61,141.43,0.6,98.0,0.62,67.5,0.63,248.5,0.38,67.5,0.37,68.5,0.39,176.66,0.4,52.0,0.01,0.01,2341.512248,1776342739000
1776342741.177,141.177,0.61,74.43,0.6,98.0,0.62,67.5,0.63,248.5,0.38,67.5,0.37,248.5,0.39,141.43,0.4,98.0,0.01,0.01,2341.523477,1776342740000
1776342741.403,141.403,0.61,32.41,0.6,110.0,0.62,272.5,0.63,85.5,0.38,67.5,0.37,248.5,0.39,74.43,0.4,98.0,0.01,0.01,2341.523477,1776342740000
1776342741.775,141.775,0.61,0.41,0.6,110.0,0.62,247.5,0.63,22.5,0.38,272.5,0.37,85.5,0.39,32.41,0.4,110.0,0.01,0.01,2341.523477,1776342740000
1776342743.324,143.324,0.63,163.0,0.62,27.0,0.64,310.0,0.65,32.0,0.38,247.5,0.37,22.5,0.39,0.41,0.4,110.0,0.01,0.01,2341.670355,1776342742000
1776342743.532,143.532,0.63,162.67,0.62,22.0,0.64,315.0,0.65,32.0,0.36,310.0,0.35,32.0,0.37,163.0,0.38,27.0,0.01,0.01,2341.670355,1776342742000
1776342744.495,144.495,0.63,61.15,0.62,85.0,0.64,320.0,0.65,32.0,0.36,315.0,0.35,32.0,0.37,139.15,0.38,27.0,0.01,0.01,2341.645022,1776342743000
1776342744.787,144.787,0.62,32.0,0.61,15.41,0.64,320.0,0.65,90.0,0.36,320.0,0.35,32.0,0.37,61.15,0.38,85.0,0.02,0.01,2341.645022,1776342743000
1776342747.013,147.013,0.62,89.0,0.61,22.41,0.63,242.0,0.64,85.5,0.36,320.0,0.35,90.0,0.38,32.0,0.39,15.41,0.01,0.02,2341.62514,1776342746000
1776342747.624,147.624,0.62,93.81,0.61,22.41,0.63,242.0,0.64,85.5,0.37,242.0,0.36,85.5,0.38,89.0,0.39,22.41,0.01,0.01,2341.62514,1776342746000
1776342748.603,148.603,0.61,132.41,0.6,62.0,0.62,232.5,0.63,94.5,0.37,242.0,0.36,85.5,0.38,93.81,0.39,22.41,0.01,0.01,2341.585889,1776342747000
1776342748.842,148.842,0.6,10.0,0.59,69.0,0.61,216.5,0.62,42.5,0.38,232.5,0.37,94.5,0.39,132.41,0.4,62.0,0.01,0.01,2341.585889,1776342747000
1776342749.18,149.18,0.58,40.3,0.57,50.0,0.6,154.5,0.61,274.5,0.39,216.5,0.38,42.5,0.4,10.0,0.41,69.0,0.02,0.01,2341.643613,1776342748000
1776342749.627,149.627,0.46,15.51,0.45,58.0,0.47,11.0,0.48,33.0,0.5,7.32,0.49,10.0,0.53,25.0,0.54,5.01,0.01,0.03,2341.643613,1776342748000
1776342750.014,150.014,0.46,15.51,0.45,75.0,0.47,0.36,0.48,28.0,0.53,0.36,0.52,33.0,0.54,20.51,0.55,85.76,0.01,0.01,2341.643613,1776342748000
1776342750.369,150.369,0.46,7.73,0.45,70.0,0.47,0.36,0.48,28.0,0.53,0.36,0.52,28.0,0.54,15.51,0.55,75.0,0.01,0.01,2341.59517,1776342749000
1776342750.675,150.675,0.45,127.0,0.44,205.0,0.47,29.56,0.48,33.0,0.53,0.36,0.52,28.0,0.54,7.73,0.55,70.0,0.02,0.01,2341.59517,1776342749000
1776342750.942,150.942,0.45,122.48,0.44,217.0,0.46,21.0,0.47,1.27,0.53,25.47,0.52,33.0,0.55,127.0,0.56,205.0,0.01,0.02,2341.59517,1776342749000
1776342753.256,153.256,0.45,140.31,0.44,95.0,0.46,52.0,0.47,1.27,0.54,21.0,0.53,1.27,0.55,122.48,0.56,217.0,0.01,0.01,2340.984938,1776342751000
1776342754.945,154.945,0.45,121.91,0.44,222.0,0.46,29.6,0.47,76.27,0.54,57.0,0.53,1.27,0.55,136.72,0.56,95.0,0.01,0.01,2340.899103,1776342753000
1776342756.687,156.687,0.45,65.68,0.44,134.19,0.46,54.6,0.47,314.27,0.54,29.6,0.53,76.27,0.55,121.91,0.56,222.0,0.01,0.01,2340.941495,1776342755000
1776342758.261,158.261,0.45,61.68,0.44,305.61,0.46,39.6,0.47,134.27,0.54,54.6,0.53,314.27,0.55,65.68,0.56,134.19,0.01,0.01,2340.932225,1776342757000
1776342758.782,158.782,0.45,4.68,0.44,37.0,0.46,27.86,0.47,76.27,0.54,39.6,0.53,134.27,0.55,61.68,0.56,305.61,0.01,0.01,2340.932225,1776342757000
1776342761.235,161.235,0.45,66.68,0.44,280.0,0.46,16.99,0.47,75.36,0.54,27.86,0.53,76.27,0.55,4.68,0.56,37.0,0.01,0.01,2340.919892,1776342759000
1776342764.118,164.118,0.5,137.5,0.49,76.73,0.52,7.0,0.53,10.0,0.54,16.99,0.53,75.36,0.55,66.68,0.56,280.0,0.02,0.01,2340.899749,1776342762000
1776342767.949,167.949,0.55,94.0,0.54,175.0,0.57,117.82,0.58,47.0,0.48,7.0,0.47,10.0,0.5,137.5,0.51,76.73,0.02,0.02,2341.131867,1776342766000
1776342768.55,168.55,0.56,76.2,0.55,52.5,0.57,72.96,0.58,55.5,0.43,117.82,0.42,47.0,0.45,94.0,0.46,175.0,0.01,0.02,2341.122211,1776342767000
1776342770.761,170.761,0.56,52.0,0.55,52.5,0.57,15.32,0.58,350.5,0.43,72.96,0.42,55.5,0.44,76.2,0.45,52.5,0.01,0.01,2341.19171,1776342769000
1776342771.659,171.659,0.56,52.0,0.55,42.0,0.57,208.43,0.58,175.5,0.43,15.32,0.42,350.5,0.44,52.0,0.45,52.5,0.01,0.01,2341.14793,1776342770000
1776342772.085,172.085,0.55,1.77,0.52,5.0,0.56,94.5,0.57,93.5,0.43,208.43,0.42,175.5,0.44,52.0,0.45,42.0,0.01,0.01,2341.14793,1776342770000
1776342772.373,172.373,0.49,35.5,0.48,65.0,0.5,87.33,0.51,15.0,0.5,23.33,0.44,94.5,0.51,54.9,0.52,74.4,0.01,0.01,2341.14793,1776342770000
1776342773.242,173.242,0.49,46.3,0.48,67.0,0.5,69.15,0.51,15.0,0.5,67.33,0.49,15.0,0.51,35.5,0.52,65.0,0.01,0.01,2341.147443,1776342771000
1776342773.999,173.999,0.49,176.3,0.48,77.0,0.5,40.81,0.51,15.0,0.5,65.91,0.49,15.0,0.51,104.3,0.52,124.0,0.01,0.01,2341.146793,1776342772000
1776342774.699,174.699,0.49,35.8,0.48,67.0,0.5,91.01,0.51,40.0,0.5,5.81,0.49,15.0,0.51,171.3,0.52,77.0,0.01,0.01,2341.146793,1776342772000
1776342774.95,174.95,0.48,12.0,0.47,50.0,0.5,98.01,0.51,50.5,0.5,91.01,0.49,40.0,0.51,35.8,0.52,67.0,0.02,0.01,2341.015473,1776342773000
1776342775.767,175.767,0.45,20.5,0.44,75.0,0.48,133.5,0.49,25.5,0.5,98.01,0.49,50.5,0.53,50.0,0.54,35.0,0.03,0.03,2341.028594,1776342774000
1776342776.225,176.225,0.43,170.5,0.42,35.5,0.44,22.0,0.45,15.0,0.52,133.5,0.51,25.5,0.55,20.5,0.56,75.0,0.01,0.03,2341.028594,1776342774000
1776342777.379,177.379,0.43,355.5,0.42,40.5,0.44,17.0,0.45,27.0,0.56,22.0,0.55,15.0,0.57,170.5,0.58,35.5,0.01,0.01,2340.986549,1776342775000
1776342778.786,178.786,0.44,10.41,0.43,350.5,0.45,92.0,0.46,84.0,0.55,27.0,0.54,74.0,0.57,350.5,0.58,40.5,0.01,0.02,2340.913042,1776342777000
1776342779.855,179.855,0.44,325.41,0.43,65.5,0.45,9.0,0.46,51.0,0.55,92.0,0.54,84.0,0.56,10.41,0.57,350.5,0.01,0.01,2340.86203,1776342778000
1776342781.417,181.417,0.45,262.5,0.44,95.41,0.46,9.95,0.47,156.0,0.54,51.0,0.53,11.0,0.56,325.41,0.57,75.5,0.01,0.02,2340.86588,1776342779000
1776342781.758,181.758,0.45,43.61,0.44,22.41,0.46,19.95,0.47,156.0,0.54,9.95,0.53,156.0,0.55,262.5,0.56,95.41,0.01,0.01,2340.864994,1776342780000
1776342782.767,182.767,0.45,28.12,0.44,17.41,0.46,24.95,0.47,156.0,0.54,19.95,0.53,156.0,0.55,36.31,0.56,17.41,0.01,0.01,2340.836352,1776342781000
1776342784.136,184.136,0.44,5.41,0.43,67.5,0.45,10.0,0.46,126.45,0.54,24.95,0.53,156.0,0.55,28.12,0.56,17.41,0.01,0.01,2340.787641,1776342782000
1776342787.441,187.441,0.44,242.41,0.43,140.5,0.45,1.77,0.46,125.95,0.55,10.0,0.54,126.45,0.56,5.41,0.57,67.5,0.01,0.01,2340.860155,1776342786000
1776342791.732,191.732,0.45,307.5,0.44,20.41,0.46,29.85,0.47,105.5,0.55,1.77,0.54,125.95,0.56,242.41,0.57,140.5,0.01,0.01,2340.818318,1776342789000
1776342791.955,191.955,0.51,40.2,0.5,5.0,0.52,40.0,0.54,50.0,0.52,45.0,0.5,70.0,0.55,315.5,0.56,78.41,0.01,0.03,2340.840349,1776342790000
1776342792.809,192.809,0.54,95.0,0.53,118.0,0.55,5.5,0.56,47.0,0.48,40.0,0.46,50.0,0.49,40.2,0.5,5.0,0.01,0.01,2340.98154,1776342791000
1776342793.375,193.375,0.53,206.0,0.52,44.0,0.55,59.34,0.56,52.0,0.45,5.5,0.44,47.0,0.46,69.0,0.47,118.0,0.02,0.01,2341.108365,1776342792000
1776342795.291,195.291,0.46,2.91,0.44,10.0,0.48,392.74,0.49,25.5,0.45,49.34,0.44,52.0,0.47,206.0,0.48,44.0,0.02,0.02,2341.11825,1776342793000
1776342795.569,195.569,0.42,10.0,0.41,197.0,0.43,53.83,0.44,27.0,0.52,444.74,0.51,25.5,0.54,2.81,0.59,210.0,0.01,0.02,2341.101913,1776342794000
1776342796.158,196.158,0.39,12.0,0.38,226.75,0.41,31.0,0.42,47.5,0.57,53.83,0.56,27.0,0.58,10.0,0.59,197.0,0.02,0.01,2341.082309,1776342795000
1776342797.89,197.89,0.38,52.05,0.37,47.5,0.39,148.0,0.4,290.0,0.59,31.0,0.58,47.5,0.61,12.0,0.62,226.75,0.01,0.02,2340.652766,1776342796000
1776342798.442,198.442,0.38,35.46,0.37,47.5,0.39,148.0,0.4,277.0,0.61,148.0,0.6,290.0,0.62,52.05,0.63,47.5,0.01,0.01,2340.597473,1776342797000
1776342799.486,199.486,0.38,157.96,0.37,237.5,0.4,22.0,0.41,66.0,0.61,148.0,0.6,277.0,0.62,35.46,0.63,47.5,0.02,0.01,2340.57156,1776342798000
1776342804.732,204.732,0.37,10.0,0.36,197.5,0.38,108.84,0.39,248.0,0.6,22.0,0.59,66.0,0.62,157.96,0.63,237.5,0.01,0.02,2340.675626,1776342803000
1776342805.074,205.074,0.36,185.5,0.35,284.5,0.37,27.48,0.38,83.84,0.62,108.84,0.61,248.0,0.63,10.0,0.64,197.5,0.01,0.01,2340.661938,1776342804000
1776342809.606,209.606,0.27,53.0,0.26,162.0,0.28,15.0,0.29,310.2,0.63,27.48,0.62,83.84,0.64,185.5,0.65,284.5,0.01,0.01,2340.494181,1776342808000
1776342809.861,209.861,0.27,20.73,0.26,172.5,0.28,57.0,0.29,269.0,0.72,57.0,0.71,269.0,0.73,27.06,0.74,172.5,0.01,0.01,2340.494181,1776342808000
1776342810.603,210.603,0.26,4.17,0.25,152.0,0.27,165.0,0.28,87.0,0.72,62.0,0.71,269.0,0.73,13.89,0.74,172.5,0.01,0.01,2340.345613,1776342809000
1776342811.268,211.268,0.25,124.87,0.24,230.0,0.27,165.0,0.28,87.0,0.73,165.0,0.72,87.0,0.74,4.17,0.75,152.0,0.02,0.01,2340.256631,1776342810000
1776342811.69,211.69,0.25,118.34,0.24,230.0,0.26,151.0,0.27,57.0,0.73,165.0,0.72,87.0,0.75,124.87,0.76,230.0,0.01,0.02,2340.256631,1776342810000
1776342812.072,212.072,0.25,49.48,0.24,230.0,0.26,141.0,0.27,57.0,0.74,151.0,0.73,57.0,0.75,112.48,0.76,230.0,0.01,0.01,2340.256631,1776342810000
1776342812.895,212.895,0.25,231.86,0.24,108.0,0.26,131.0,0.27,32.0,0.74,141.0,0.73,57.0,0.75,49.48,0.76,230.0,0.01,0.01,2340.082003,1776342811000
1776342814.103,214.103,0.25,214.67,0.24,50.0,0.26,131.0,0.27,103.0,0.74,131.0,0.73,32.0,0.75,227.05,0.76,108.0,0.01,0.01,2340.032685,1776342812000
1776342815.949,215.949,0.25,195.5,0.24,50.0,0.26,144.8,0.27,122.0,0.74,131.0,0.73,103.0,0.75,214.67,0.76,50.0,0.01,0.01,2340.17603,1776342814000
1776342816.158,216.158,0.25,180.5,0.24,50.0,0.26,139.8,0.27,122.0,0.74,144.8,0.73,122.0,0.75,195.5,0.76,50.0,0.01,0.01,2340.17603,1776342814000
1776342816.474,216.474,0.25,184.16,0.24,50.0,0.26,123.8,0.27,90.0,0.74,139.8,0.73,122.0,0.75,180.5,0.76,50.0,0.01,0.01,2340.150233,1776342815000
1776342817.833,217.833,0.25,324.66,0.24,50.0,0.26,14.76,0.27,22.0,0.74,123.8,0.73,90.0,0.75,184.16,0.76,50.0,0.01,0.01,2340.032255,1776342816000
1776342818.299,218.299,0.25,329.66,0.24,62.0,0.26,80.15,0.27,10.0,0.74,27.15,0.73,10.0,0.75,336.66,0.76,50.0,0.01,0.01,2340.046738,1776342817000
1776342818.593,218.593,0.25,231.36,0.24,120.0,0.26,63.15,0.27,10.0,0.74,53.15,0.73,10.0,0.75,324.66,0.76,62.0,0.01,0.01,2340.046738,1776342817000
1776342819.235,219.235,0.25,228.42,0.24,120.0,0.26,170.7,0.27,10.0,0.74,73.15,0.73,10.0,0.75,229.89,0.76,120.0,0.01,0.01,2340.046738,1776342817000
1776342819.533,219.533,0.25,221.62,0.24,120.0,0.26,170.7,0.27,10.0,0.74,170.7,0.73,10.0,0.75,228.42,0.76,120.0,0.01,0.01,2340.177782,1776342818000
1776342820.131,220.131,0.22,4.0,0.21,10.5,0.24,25.5,0.25,339.5,0.74,170.7,0.73,10.0,0.75,221.62,0.76,120.0,0.02,0.01,2340.193922,1776342819000
1776342820.552,220.552,0.19,10.5,0.18,94.0,0.2,113.0,0.21,172.0,0.79,10.0,0.78,31.5,0.8,2.5,0.81,25.0,0.01,0.01,2340.193922,1776342819000
1776342820.869,220.869,0.19,9.26,0.18,94.0,0.2,111.0,0.21,191.0,0.8,106.0,0.79,166.0,0.81,9.26,0.82,94.0,0.01,0.01,2340.193922,1776342819000
1776342821.098,221.098,0.19,4.26,0.18,74.0,0.2,116.0,0.21,196.0,0.8,111.0,0.79,191.0,0.81,9.26,0.82,94.0,0.01,0.01,2340.193922,1776342819000
1776342821.44,221.44,0.18,73.08,0.17,93.0,0.2,116.0,0.21,142.0,0.8,116.0,0.79,196.0,0.81,4.26,0.82,74.0,0.02,0.01,2340.206279,1776342820000
1776342821.928,221.928,0.18,62.63,0.17,285.0,0.19,103.0,0.2,123.0,0.81,88.0,0.8,111.0,0.82,63.73,0.83,285.0,0.01,0.01,2340.206279,1776342820000
1776342822.416,222.416,0.18,57.63,0.17,285.0,0.19,78.0,0.2,123.0,0.81,103.0,0.8,123.0,0.82,62.63,0.83,285.0,0.01,0.01,2339.98664,1776342821000
1776342822.735,222.735,0.18,47.59,0.17,285.0,0.19,63.0,0.2,123.0,0.81,78.0,0.8,123.0,0.82,57.63,0.83,285.0,0.01,0.01,2339.98664,1776342821000
1776342823.162,223.162,0.18,35.33,0.17,285.0,0.19,68.0,0.2,118.0,0.81,68.0,0.8,123.0,0.82,47.59,0.83,285.0,0.01,0.01,2339.908378,1776342822000
1776342825.755,225.755,0.18,244.15,0.17,47.0,0.19,78.0,0.2,176.0,0.81,68.0,0.8,118.0,0.82,35.33,0.83,285.0,0.01,0.01,2339.894195,1776342824000
1776342826.257,226.257,0.18,235.98,0.17,42.0,0.19,130.48,0.2,176.0,0.81,145.48,0.8,176.0,0.82,238.08,0.83,47.0,0.01,0.01,2339.98584,1776342825000
1776342827.487,227.487,0.18,233.25,0.17,52.5,0.19,130.48,0.2,176.0,0.81,130.48,0.8,176.0,0.82,235.98,0.83,42.0,0.01,0.01,2339.920505,1776342826000
1776342827.931,227.931,0.18,238.25,0.17,52.5,0.19,70.27,0.2,106.0,0.81,104.16,0.8,176.0,0.82,233.25,0.83,52.5,0.01,0.01,2339.920505,1776342826000
1776342828.842,228.842,0.18,232.15,0.17,52.5,0.19,70.27,0.2,106.0,0.81,70.27,0.8,106.0,0.82,238.25,0.83,52.5,0.01,0.01,2339.987555,1776342827000
1776342829.241,229.241,0.18,226.05,0.17,52.5,0.19,75.27,0.2,112.0,0.81,70.27,0.8,106.0,0.82,232.15,0.83,52.5,0.01,0.01,2339.937893,1776342828000
1776342834.449,234.449,0.15,176.57,0.14,93.5,0.17,61.5,0.18,197.61,0.81,75.27,0.8,112.0,0.82,223.41,0.83,52.5,0.02,0.01,2339.848741,1776342833000
1776342834.832,234.832,0.15,184.45,0.14,93.5,0.16,72.0,0.17,41.5,0.83,61.5,0.82,197.61,0.85,176.57,0.86,93.5,0.01,0.02,2339.848741,1776342833000
1776342835.27,235.27,0.15,189.45,0.14,93.5,0.16,129.17,0.17,41.5,0.84,72.0,0.83,41.5,0.85,184.45,0.86,93.5,0.01,0.01,2339.752706,1776342834000
1776342835.915,235.915,0.15,122.45,0.14,82.0,0.16,148.65,0.17,104.5,0.84,124.17,0.83,41.5,0.85,184.45,0.86,35.5,0.01,0.01,2339.834442,1776342835000
1776342836.947,236.947,0.15,111.15,0.14,82.0,0.16,212.65,0.17,97.5,0.84,148.65,0.83,104.5,0.85,122.45,0.86,82.0,0.01,0.01,2339.834442,1776342835000
1776342837.586,237.586,0.15,108.28,0.14,82.0,0.16,223.4,0.17,108.5,0.84,223.4,0.83,97.5,0.85,121.03,0.86,82.0,0.01,0.01,2339.834442,1776342835000
1776342837.974,237.974,0.15,94.9,0.14,82.0,0.16,223.4,0.17,108.5,0.84,223.4,0.83,108.5,0.85,96.2,0.86,82.0,0.01,0.01,2339.890853,1776342836000
1776342838.709,238.709,0.15,83.05,0.14,82.0,0.16,206.08,0.17,108.5,0.84,223.4,0.83,108.5,0.85,83.05,0.86,82.0,0.01,0.01,2339.821274,1776342837000
1776342840.38,240.38,0.13,55.0,0.12,235.09,0.14,61.85,0.15,215.83,0.84,206.08,0.83,108.5,0.85,83.05,0.86,82.0,0.01,0.01,2339.831568,1776342839000
1776342840.881,240.881,0.12,55.09,0.11,75.0,0.13,158.3,0.14,104.85,0.86,61.85,0.85,215.83,0.87,55.0,0.88,235.09,0.01,0.01,2339.831568,1776342839000
1776342841.803,241.803,0.1,333.0,0.09,130.0,0.11,86.1,0.12,92.0,0.87,156.3,0.86,99.85,0.89,75.0,0.9,102.0,0.01,0.02,2339.826189,1776342840000
1776342842.267,242.267,0.1,387.62,0.09,73.0,0.11,81.1,0.12,131.06,0.89,101.1,0.88,141.06,0.9,316.74,0.91,130.0,0.01,0.01,2339.826189,1776342840000
1776342842.751,242.751,0.1,341.5,0.09,78.0,0.11,12.0,0.12,71.06,0.89,66.1,0.88,121.06,0.9,381.5,0.91,73.0,0.01,0.01,2339.784083,1776342841000
1776342843.233,243.233,0.11,278.54,0.1,175.38,0.12,10.0,0.13,32.0,0.88,22.0,0.87,58.65,0.89,183.76,0.9,272.38,0.01,0.01,2339.768836,1776342842000
1776342843.567,243.567,0.11,373.76,0.1,185.38,0.13,15.61,0.14,38.0,0.87,6.61,0.86,38.0,0.89,313.76,0.9,175.38,0.02,0.02,2339.768836,1776342842000
1776342843.897,243.897,0.11,355.4,0.1,185.38,0.12,50.0,0.13,15.61,0.87,15.61,0.86,38.0,0.89,373.76,0.9,185.38,0.01,0.02,2339.768836,1776342842000
1776342844.594,244.594,0.11,342.52,0.1,185.38,0.12,50.0,0.13,15.61,0.88,50.0,0.87,15.61,0.89,355.4,0.9,185.38,0.01,0.01,2339.690855,1776342843000
1776342845.243,245.243,0.11,234.52,0.1,283.38,0.14,93.35,0.15,21.0,0.88,50.0,0.87,15.61,0.89,342.52,0.9,185.38,0.03,0.01,2339.8978,1776342844000
1776342845.744,245.744,0.13,298.0,0.12,15.0,0.15,5.33,0.16,52.36,0.86,93.35,0.85,21.0,0.89,234.52,0.9,283.38,0.02,0.03,2339.8978,1776342844000
1776342846.241,246.241,0.13,240.82,0.12,22.0,0.14,10.0,0.15,122.88,0.85,122.88,0.84,64.36,0.87,291.0,0.88,15.0,0.01,0.02,2339.998,1776342845000
1776342846.953,246.953,0.13,198.82,0.12,22.0,0.14,10.0,0.15,122.88,0.86,10.0,0.85,122.88,0.87,240.82,0.88,22.0,0.01,0.01,2339.998,1776342845000
1776342847.707,247.707,0.13,189.47,0.12,22.0,0.14,10.0,0.15,180.88,0.86,10.0,0.85,122.88,0.87,198.82,0.88,22.0,0.01,0.01,2339.99315,1776342846000
1776342847.97,247.97,0.13,246.47,0.12,22.0,0.15,166.21,0.16,74.36,0.86,10.0,0.85,180.88,0.87,189.47,0.88,22.0,0.02,0.01,2340.0035,1776342847000
1776342848.541,248.541,0.13,245.47,0.12,22.0,0.14,10.0,0.15,166.21,0.85,166.21,0.84,74.36,0.87,246.47,0.88,22.0,0.01,0.02,2340.0035,1776342847000
1776342849.085,249.085,0.13,289.47,0.12,56.1,0.15,6.99,0.16,64.36,0.86,10.0,0.85,166.21,0.87,245.47,0.88,22.0,0.02,0.01,2339.9935,1776342848000
1776342849.566,249.566,0.15,195.0,0.14,84.66,0.16,0.28,0.17,45.0,0.84,21.28,0.83,20.0,0.86,15.66,0.87,279.47,0.01,0.02,2339.9935,1776342848000
1776342850.009,250.009,0.15,195.0,0.14,22.66,0.16,9.03,0.17,92.0,0.84,0.28,0.83,45.0,0.85,195.0,0.86,84.66,0.01,0.01,2340.039455,1776342849000
1776342851.159,251.159,0.13,221.8,0.12,118.1,0.14,85.0,0.15,42.0,0.84,135.28,0.83,34.0,0.86,16.38,0.87,10.0,0.01,0.02,2340.0731,1776342850000
1776342851.448,251.448,0.13,281.98,0.12,61.1,0.14,64.5,0.15,47.0,0.86,85.0,0.85,47.0,0.87,224.98,0.88,118.1,0.01,0.01,2340.0731,1776342850000
1776342851.669,251.669,0.13,273.1,0.12,56.1,0.14,64.5,0.15,62.0,0.86,64.5,0.85,57.0,0.87,275.83,0.88,61.1,0.01,0.01,2340.0731,1776342850000
1776342851.912,251.912,0.13,273.1,0.12,56.1,0.14,64.5,0.15,52.0,0.86,64.5,0.85,62.0,0.87,273.1,0.88,56.1,0.01,0.01,2340.0731,1776342850000
1776342852.565,252.565,0.13,241.3,0.12,56.1,0.14,69.4,0.15,67.0,0.86,64.5,0.85,52.0,0.87,273.1,0.88,56.1,0.01,0.01,2340.12734,1776342851000
1776342853.619,253.619,0.13,231.3,0.12,22.0,0.14,99.4,0.15,47.0,0.86,69.4,0.85,67.0,0.87,241.3,0.88,56.1,0.01,0.01,2340.063961,1776342852000
1776342855.293,255.293,0.13,174.3,0.12,79.0,0.14,89.4,0.15,117.0,0.86,99.4,0.85,47.0,0.87,231.3,0.88,22.0,0.01,0.01,2340.13517,1776342854000
1776342857.635,257.635,0.13,167.11,0.12,79.0,0.14,82.4,0.15,119.0,0.86,89.4,0.85,117.0,0.87,174.3,0.88,79.0,0.01,0.01,2340.052725,1776342856000
1776342858.081,258.081,0.13,180.01,0.12,79.0,0.14,87.4,0.15,119.0,0.86,82.4,0.85,119.0,0.87,167.11,0.88,79.0,0.01,0.01,2340.052725,1776342856000
1776342858.56,258.56,0.13,165.01,0.12,79.0,0.14,63.82,0.15,109.0,0.86,87.4,0.85,119.0,0.87,180.01,0.88,79.0,0.01,0.01,2340.074528,1776342857000
1776342859.395,259.395,0.12,5.0,0.11,87.43,0.13,23.0,0.14,92.82,0.86,73.82,0.85,109.0,0.87,160.01,0.88,79.0,0.01,0.01,2340.074528,1776342857000
1776342861.169,261.169,0.12,1.59,0.11,37.43,0.13,38.0,0.14,83.0,0.87,23.0,0.86,92.82,0.88,5.0,0.89,87.43,0.01,0.01,2340.120144,1776342860000
1776342862.074,262.074,0.11,30.43,0.1,395.38,0.12,23.0,0.13,32.0,0.87,38.0,0.86,83.0,0.88,1.59,0.89,37.43,0.01,0.01,2340.120144,1776342860000
1776342863.774,263.774,0.12,20.81,0.11,309.43,0.13,10.0,0.14,28.0,0.88,23.0,0.87,32.0,0.89,30.43,0.9,395.38,0.01,0.01,2340.048882,1776342862000
1776342864.137,264.137,0.12,15.81,0.11,351.22,0.13,18.03,0.14,18.0,0.87,10.0,0.86,28.0,0.88,20.81,0.89,309.43,0.01,0.01,2340.048882,1776342862000
1776342864.989,264.989,0.11,54.19,0.1,97.38,0.12,15.0,0.13,30.0,0.87,18.03,0.86,18.0,0.88,15.81,0.89,351.22,0.01,0.01,2340.116465,1776342863000
1776342865.322,265.322,0.11,37.22,0.1,97.38,0.12,75.73,0.13,35.0,0.88,75.73,0.87,35.0,0.89,48.46,0.9,97.38,0.01,0.01,2340.116465,1776342863000
1776342865.539,265.539,0.11,1.05,0.1,97.38,0.12,70.73,0.13,35.0,0.88,75.73,0.87,35.0,0.89,2.18,0.9,97.38,0.01,0.01,2340.116265,1776342864000
1776342865.977,265.977,0.11,1.05,0.1,97.38,0.12,64.99,0.13,35.0,0.88,70.73,0.87,35.0,0.89,1.05,0.9,97.38,0.01,0.01,2340.116265,1776342864000
1776342866.918,266.918,0.1,61.5,0.09,173.0,0.12,50.73,0.13,150.0,0.88,64.99,0.87,35.0,0.89,1.05,0.9,97.38,0.02,0.01,2340.141634,1776342865000
1776342868.849,268.849,0.1,39.5,0.09,141.0,0.11,75.2,0.12,23.0,0.88,50.73,0.87,150.0,0.9,61.5,0.91,173.0,0.01,0.02,2340.102356,1776342867000
1776342869.059,269.059,0.1,36.68,0.09,141.0,0.11,75.2,0.12,23.0,0.89,75.2,0.88,23.0,0.9,39.5,0.91,141.0,0.01,0.01,2340.102356,1776342867000
1776342869.666,269.666,0.1,35.56,0.09,141.0,0.11,83.2,0.12,15.0,0.89,75.2,0.88,23.0,0.9,36.68,0.91,141.0,0.01,0.01,2340.145993,1776342868000
1776342870.243,270.243,0.09,77.23,0.08,128.9,0.11,88.2,0.12,72.0,0.89,83.2,0.88,15.0,0.9,19.39,0.91,141.0,0.02,0.01,2340.145993,1776342868000
1776342870.665,270.665,0.09,22.23,0.08,128.9,0.1,9.0,0.11,90.2,0.89,88.2,0.88,72.0,0.91,77.23,0.92,128.9,0.01,0.02,2340.157186,1776342869000
1776342870.876,270.876,0.09,6.41,0.08,128.9,0.1,9.0,0.11,95.2,0.9,9.0,0.89,85.2,0.91,16.74,0.92,128.9,0.01,0.01,2340.157186,1776342869000
1776342871.47,271.47,0.08,103.65,0.07,104.3,0.09,50.66,0.1,29.0,0.9,9.0,0.89,95.2,0.92,125.39,0.93,109.3,0.01,0.02,2340.177839,1776342870000
1776342873.248,273.248,0.08,12.8,0.07,104.3,0.09,66.66,0.1,25.0,0.91,50.66,0.9,29.0,0.92,103.65,0.93,104.3,0.01,0.01,2340.144646,1776342872000
1776342873.579,273.579,0.08,11.71,0.07,104.3,0.09,71.66,0.1,25.0,0.91,66.66,0.9,25.0,0.92,12.8,0.93,104.3,0.01,0.01,2340.144646,1776342872000
1776342874.428,274.428,0.08,10.36,0.07,104.3,0.09,76.66,0.1,20.0,0.91,71.66,0.9,25.0,0.92,11.71,0.93,104.3,0.01,0.01,2340.141284,1776342873000
1776342874.805,274.805,0.08,5.0,0.07,104.3,0.09,65.67,0.1,20.0,0.91,76.66,0.9,20.0,0.92,10.36,0.93,104.3,0.01,0.01,2340.141284,1776342873000
1776342875.037,275.037,0.07,49.86,0.06,172.39,0.09,82.67,0.1,20.0,0.91,65.67,0.9,20.0,0.93,103.86,0.94,172.39,0.02,0.02,2340.141284,1776342873000
1776342876.137,276.137,0.07,21.06,0.06,108.59,0.08,101.44,0.09,27.0,0.91,82.67,0.9,20.0,0.93,49.86,0.94,172.39,0.01,0.02,2340.20031,1776342874000
1776342876.406,276.406,0.07,19.87,0.06,108.59,0.08,101.44,0.09,27.0,0.92,101.44,0.91,27.0,0.93,21.06,0.94,108.59,0.01,0.01,2340.20031,1776342874000
1776342878.143,278.143,0.14,58.0,0.09,44.0,0.15,32.0,0.17,58.0,0.92,106.44,0.91,27.0,0.94,106.97,0.95,122.85,0.01,0.02,2340.166395,1776342876000
1776342878.528,278.528,0.15,45.0,0.14,10.0,0.18,10.0,0.19,10.0,0.85,13.9,0.84,25.0,0.86,30.0,0.87,22.0,0.03,0.01,2340.164692,1776342877000
1776342878.85,278.85,0.14,22.0,0.13,150.0,0.17,23.23,0.18,10.0,0.81,10.0,0.8,27.0,0.85,45.0,0.86,10.0,0.03,0.04,2340.164692,1776342877000
1776342879.168,279.168,0.13,91.69,0.12,85.0,0.15,10.0,0.16,10.0,0.83,18.23,0.82,10.0,0.85,5.0,0.86,22.0,0.02,0.02,2340.164692,1776342877000
1776342880.01,280.01,0.13,73.8,0.12,92.0,0.14,10.0,0.15,35.0,0.85,10.0,0.84,10.0,0.87,91.69,0.88,85.0,0.01,0.02,2340.45906,1776342879000
1776342880.484,280.484,0.13,63.41,0.12,92.0,0.14,10.0,0.15,35.0,0.86,10.0,0.85,35.0,0.87,73.8,0.88,92.0,0.01,0.01,2340.45906,1776342879000
1776342881.108,281.108,0.13,72.26,0.12,92.0,0.14,10.0,0.15,83.0,0.86,10.0,0.85,35.0,0.87,63.41,0.88,92.0,0.01,0.01,2340.45906,1776342879000
1776342882.089,282.089,0.13,59.96,0.12,82.0,0.14,10.0,0.15,83.0,0.86,10.0,0.85,83.0,0.87,72.26,0.88,92.0,0.01,0.01,2340.527205,1776342880000
1776342882.641,282.641,0.13,59.96,0.12,82.0,0.14,19.95,0.15,73.0,0.86,10.0,0.85,83.0,0.87,59.96,0.88,82.0,0.01,0.01,2340.527205,1776342880000
1776342884.385,284.385,0.13,54.96,0.12,82.0,0.14,18.95,0.15,105.0,0.86,19.95,0.85,73.0,0.87,59.96,0.88,82.0,0.01,0.01,2340.488674,1776342882000
1776342885.881,285.881,0.1,81.88,0.09,22.0,0.11,10.0,0.12,10.0,0.86,18.95,0.85,100.0,0.87,49.96,0.88,82.0,0.01,0.01,2340.503691,1776342884000
1776342886.244,286.244,0.1,75.95,0.09,22.0,0.11,10.0,0.12,15.0,0.89,10.0,0.88,10.0,0.9,81.88,0.91,22.0,0.01,0.01,2340.490069,1776342885000
1776342886.568,286.568,0.1,53.17,0.09,22.0,0.11,10.0,0.12,15.0,0.89,10.0,0.88,15.0,0.9,75.95,0.91,22.0,0.01,0.01,2340.490069,1776342885000
1776342886.81,286.81,0.1,10.0,0.09,27.0,0.12,15.91,0.13,23.0,0.87,23.0,0.86,35.95,0.9,53.17,0.91,22.0,0.02,0.03,2340.490069,1776342885000
1776342888.479,288.479,0.09,21.0,0.08,85.0,0.1,10.0,0.11,37.0,0.89,5.0,0.88,15.91,0.9,9.44,0.91,27.0,0.01,0.01,2340.478604,1776342887000
1776342890.49,290.49,0.09,5.01,0.08,32.0,0.1,5.0,0.11,23.0,0.9,10.0,0.89,37.0,0.91,21.0,0.92,85.0,0.01,0.01,2340.479521,1776342889000
1776342890.694,290.694,0.13,49.0,0.12,15.0,0.16,1.0,0.18,10.0,0.85,21.0,0.84,108.0,0.87,49.0,0.88,15.0,0.03,0.02,2340.479521,1776342889000
1776342890.935,290.935,0.15,76.0,0.14,10.0,0.16,23.0,0.17,17.0,0.79,172.0,0.78,10.0,0.8,60.0,0.83,69.0,0.01,0.01,2340.479521,1776342889000
1776342891.562,291.562,0.15,75.77,0.14,10.0,0.16,60.0,0.17,39.0,0.84,43.0,0.83,27.0,0.85,134.95,0.86,10.0,0.01,0.01,2340.492564,1776342890000
1776342892.074,292.074,0.14,30.02,0.13,5.0,0.16,70.0,0.17,39.0,0.84,60.0,0.83,39.0,0.85,75.77,0.86,10.0,0.02,0.01,2340.492564,1776342890000
1776342892.953,292.953,0.11,23.38,0.1,80.0,0.12,48.0,0.13,40.0,0.84,70.0,0.83,39.0,0.86,30.02,0.87,5.0,0.01,0.02,2340.504316,1776342891000
1776342893.394,293.394,0.11,35.38,0.1,10.0,0.12,62.0,0.13,40.0,0.88,48.0,0.87,40.0,0.89,23.38,0.9,80.0,0.01,0.01,2340.586104,1776342892000
1776342893.838,293.838,0.1,37.0,0.09,10.0,0.11,38.0,0.12,28.0,0.88,62.0,0.87,40.0,0.89,35.38,0.9,10.0,0.01,0.01,2340.586104,1776342892000
1776342894.299,294.299,0.14,10.0,0.13,81.0,0.19,5.0,0.2,13.0,0.89,16.0,0.88,28.0,0.9,32.0,0.91,10.0,0.05,0.01,2340.586104,1776342892000
1776342894.57,294.57,0.28,7.86,0.27,15.0,0.29,1.0,0.3,9.0,0.71,1.0,0.68,5.0,0.73,54.0,0.74,10.0,0.01,0.02,2340.75712,1776342893000
1776342894.878,294.878,0.33,34.0,0.32,22.0,0.39,10.19,0.41,108.0,0.66,20.0,0.64,55.0,0.72,7.86,0.73,15.0,0.06,0.06,2340.75712,1776342893000
1776342895.088,295.088,0.38,30.0,0.37,122.0,0.41,50.0,0.42,10.0,0.61,10.19,0.59,108.0,0.67,34.0,0.68,22.0,0.03,0.06,2340.75712,1776342893000
1776342895.363,295.363,0.47,5.0,0.46,92.0,0.48,85.0,0.49,16.0,0.54,39.9,0.52,85.0,0.55,10.0,0.56,15.0,0.01,0.01,2340.667835,1776342894000
1776342895.581,295.581,0.47,24.73,0.46,130.0,0.51,8.32,0.52,16.0,0.49,3.32,0.48,16.0,0.5,10.0,0.51,22.0,0.04,0.01,2340.667835,1776342894000
1776342895.798,295.798,0.5,15.0,0.49,10.0,0.56,155.0,0.57,30.0,0.49,2.11,0.48,16.0,0.53,24.73,0.54,130.0,0.06,0.04,2340.667835,1776342894000
1776342896.002,296.002,0.52,71.5,0.51,10.0,0.56,155.0,0.57,42.0,0.44,155.0,0.43,30.0,0.5,11.47,0.51,10.0,0.04,0.06,2340.667835,1776342894000
1776342896.216,296.216,0.54,22.0,0.53,10.0,0.56,91.0,0.57,10.0,0.44,108.9,0.42,230.0,0.46,22.0,0.47,10.0,0.02,0.02,2340.667835,1776342894000
1776342896.417,296.417,0.22,10.0,0.21,60.0,0.56,75.0,0.57,16.0,0.44,75.0,0.43,16.0,0.46,12.0,0.47,10.0,0.34,0.02,2340.667835,1776342894000
1776342896.643,296.643,0.39,10.0,0.38,10.0,0.41,66.94,0.42,10.0,0.44,17.63,0.43,26.0,0.63,0.39,0.64,10.0,0.02,0.19,2340.97668,1776342895000
1776342896.982,296.982,0.34,61.0,0.33,25.0,0.35,14.93,0.36,45.61,0.65,17.91,0.64,29.61,0.66,73.99,0.67,25.0,0.01,0.01,2340.97668,1776342895000
1776342897.395,297.395,0.34,22.0,0.33,10.0,0.36,66.77,0.37,12.0,0.64,66.77,0.63,16.0,0.65,10.0,0.66,17.0,0.02,0.01,2341.080752,1776342896000
1776342897.633,297.633,0.42,10.0,0.41,10.0,0.43,27.67,0.46,50.0,0.59,50.0,0.57,30.0,0.62,17.84,0.66,15.0,0.01,0.03,2341.080752,1776342896000
1776342897.85,297.85,0.45,21.11,0.44,10.0,0.46,45.0,0.51,80.63,0.54,50.0,0.49,80.63,0.58,98.79,0.59,10.0,0.01,0.04,2341.080752,1776342896000
1776342898.057,298.057,0.5,54.0,0.49,10.0,0.51,25.83,0.53,30.0,0.49,40.83,0.47,30.0,0.5,54.0,0.51,10.0,0.01,0.01,2341.080752,1776342896000
1776342898.321,298.321,0.55,15.0,0.54,10.0,0.57,107.24,0.59,30.0,0.44,0.46,0.43,100.0,0.45,10.0,0.46,10.0,0.02,0.01,2341.080752,1776342896000
1776342898.718,298.718,0.56,10.0,0.55,10.0,0.57,80.18,0.58,12.0,0.43,81.89,0.42,12.0,0.44,10.0,0.45,10.0,0.01,0.01,2340.997882,1776342897000
1776342898.928,298.928,0.56,10.0,0.55,10.0,0.57,42.96,0.58,12.0,0.43,43.18,0.42,12.0,0.44,15.0,0.45,10.0,0.01,0.01,2340.997882,1776342897000
1776342899.131,299.131,0.52,9.0,0.51,10.0,0.54,135.29,0.55,12.0,0.46,135.29,0.45,12.0,0.48,9.0,0.49,10.0,0.02,0.02,2341.01011,1776342898000
1776342899.359,299.359,0.52,5.0,0.51,9.0,0.54,18.41,0.55,12.0,0.46,35.29,0.45,12.0,0.49,9.0,0.5,114.12,0.02,0.03,2341.01011,1776342898000
1776342899.646,299.646,0.29,5.0,0.24,125.0,0.53,40.29,0.54,11.05,0.46,11.05,0.45,12.0,0.91,10.0,0.92,10.0,0.24,0.45,2341.01011,1776342898000
1776342899.877,299.877,0.66,5.0,0.56,5.0,0.69,85.37,0.7,45.0,0.33,5.37,0.32,10.0,0.44,5.0,0.47,5.0,0.03,0.11,2341.01011,1776342898000
1776342900.085,300.085,0.65,98.6,0.57,15.78,0.69,6.64,0.7,35.0,0.31,12.59,0.3,45.0,0.35,98.6,0.43,15.78,0.04,0.04,2341.01011,1776342898000
1776342900.295,300.295,0.69,203.68,0.65,98.6,0.99,2891.68,,,0.29,20.0,0.25,100.0,0.31,203.68,0.35,98.6,0.3,0.02,2341.136557,1776342899000

# RESULT,winner=Up,slug=eth-updown-5m-1776342600,ticks=346
