timestamp,elapsed_sec,up_bid_p1,up_bid_s1,up_bid_p2,up_bid_s2,up_ask_p1,up_ask_s1,up_ask_p2,up_ask_s2,down_bid_p1,down_bid_s1,down_bid_p2,down_bid_s2,down_ask_p1,down_ask_s1,down_ask_p2,down_ask_s2,up_spread,down_spread,eth_price,eth_oracle_ts
1776224411.223,11.223,,,,,,,,,,,,,,,,,,,2324.43757,1776224410000
1776224411.725,11.725,0.35,5.0,0.34,25.0,0.36,15.0,0.37,20.0,0.63,15.0,0.62,17.02,0.64,25.0,0.65,20.0,0.01,0.01,2324.43757,1776224410000
1776224412.182,12.182,0.37,14.8,0.36,25.0,0.39,25.5,0.4,51.15,0.62,5.0,0.61,15.0,0.63,4.3,0.64,30.0,0.02,0.01,2324.43757,1776224410000
1776224412.498,12.498,0.37,14.8,0.36,25.0,0.39,25.5,0.4,51.15,0.61,25.5,0.6,51.15,0.63,14.8,0.64,25.0,0.02,0.02,2324.44688,1776224411000
1776224412.888,12.888,0.36,6.7,0.35,15.0,0.38,15.5,0.39,25.5,0.61,25.5,0.6,51.15,0.63,14.8,0.64,25.0,0.02,0.02,2324.44688,1776224411000
1776224413.115,13.115,0.36,6.7,0.35,15.0,0.38,15.5,0.39,25.5,0.62,15.5,0.61,25.5,0.64,6.7,0.65,15.0,0.02,0.02,2324.446765,1776224412000
1776224413.447,13.447,0.36,24.32,0.35,25.5,0.38,25.5,0.39,35.5,0.62,15.5,0.61,25.5,0.64,6.7,0.65,15.0,0.02,0.02,2324.446765,1776224412000
1776224414.741,14.741,0.36,24.32,0.35,25.5,0.38,25.5,0.39,35.5,0.62,25.5,0.61,35.5,0.64,24.32,0.65,25.5,0.02,0.02,2324.48004,1776224413000
1776224415.483,15.483,0.36,24.32,0.35,25.5,0.38,25.5,0.39,35.5,0.62,25.5,0.61,35.5,0.64,24.32,0.65,25.5,0.02,0.02,2324.487595,1776224414000
1776224416.146,16.146,0.36,24.32,0.35,25.5,0.38,25.5,0.39,35.5,0.62,25.5,0.61,35.5,0.64,24.32,0.65,25.5,0.02,0.02,2324.48828,1776224415000
1776224417.475,17.475,0.35,30.0,0.34,33.0,0.36,30.5,0.37,35.5,0.62,25.5,0.61,35.5,0.64,24.32,0.65,25.5,0.01,0.02,2324.48828,1776224415000
1776224418.358,18.358,0.35,30.0,0.34,33.0,0.36,30.5,0.37,35.5,0.64,30.5,0.63,35.5,0.65,30.0,0.66,33.0,0.01,0.01,2324.48225,1776224417000
1776224418.723,18.723,0.36,105.5,0.35,68.5,0.39,10.5,0.4,20.0,0.64,30.5,0.63,35.5,0.65,30.0,0.66,33.0,0.03,0.01,2324.48225,1776224417000
1776224419.002,19.002,0.38,84.0,0.37,32.0,0.4,10.0,0.41,15.0,0.61,10.5,0.6,20.0,0.64,105.5,0.65,68.5,0.02,0.03,2324.48225,1776224417000
1776224420.037,20.037,0.38,84.0,0.37,32.0,0.4,10.0,0.41,15.0,0.6,10.0,0.59,15.0,0.62,84.0,0.63,32.0,0.02,0.02,2324.477245,1776224419000
1776224420.248,20.248,0.39,55.5,0.38,71.5,0.4,4.37,0.41,15.5,0.6,10.0,0.59,15.0,0.62,84.0,0.63,32.0,0.01,0.02,2324.477245,1776224419000
1776224421.056,21.056,0.39,55.5,0.38,71.5,0.4,4.37,0.41,15.5,0.6,4.37,0.59,15.5,0.61,55.5,0.62,71.5,0.01,0.01,2324.749709,1776224420000
1776224422.023,22.023,0.39,55.5,0.38,71.5,0.4,4.37,0.41,15.5,0.6,4.37,0.59,15.5,0.61,55.5,0.62,71.5,0.01,0.01,2324.762165,1776224421000
1776224422.223,22.223,0.43,121.5,0.42,51.0,0.46,9.54,0.48,5.0,0.6,4.37,0.59,15.5,0.61,55.5,0.62,71.5,0.03,0.01,2324.762165,1776224421000
1776224422.474,22.474,0.47,50.0,0.46,27.0,0.49,5.5,0.5,15.0,0.52,4.07,0.51,5.0,0.55,75.0,0.56,53.5,0.02,0.03,2324.762165,1776224421000
1776224422.783,22.783,0.48,5.38,0.47,40.0,0.49,21.0,0.5,20.0,0.51,5.5,0.5,15.0,0.53,50.0,0.54,27.0,0.01,0.02,2324.762165,1776224421000
1776224423.111,23.111,0.48,0.38,0.47,40.0,0.49,21.0,0.5,20.0,0.51,21.0,0.5,20.0,0.52,0.38,0.53,40.0,0.01,0.01,2324.848872,1776224422000
1776224424.256,24.256,0.48,0.38,0.47,40.0,0.49,21.0,0.5,20.0,0.51,21.0,0.5,20.0,0.52,0.38,0.53,40.0,0.01,0.01,2324.90228,1776224423000
1776224424.822,24.822,0.48,10.38,0.47,40.0,0.49,40.5,0.5,20.0,0.51,21.0,0.5,20.0,0.52,0.38,0.53,40.0,0.01,0.01,2324.90228,1776224423000
1776224425.157,25.157,0.48,11.38,0.47,40.0,0.49,25.5,0.5,20.0,0.51,40.5,0.5,20.0,0.52,10.38,0.53,40.0,0.01,0.01,2324.90228,1776224423000
1776224425.577,25.577,0.48,56.88,0.47,61.0,0.5,0.39,0.51,55.0,0.51,25.5,0.5,20.0,0.52,11.38,0.53,40.0,0.02,0.01,2325.102147,1776224424000
1776224426.232,26.232,0.48,56.88,0.47,61.0,0.51,45.17,0.52,5.0,0.49,45.17,0.48,5.0,0.52,56.88,0.53,61.0,0.03,0.03,2325.17939,1776224425000
1776224427.258,27.258,0.48,56.88,0.47,61.0,0.51,45.17,0.52,5.0,0.49,45.17,0.48,5.0,0.52,56.88,0.53,61.0,0.03,0.03,2325.173977,1776224426000
1776224428.191,28.191,0.48,56.88,0.47,61.0,0.51,45.17,0.52,5.0,0.49,45.17,0.48,5.0,0.52,56.88,0.53,61.0,0.03,0.03,2325.237975,1776224427000
1776224429.198,29.198,0.49,49.53,0.48,41.88,0.5,25.0,0.51,60.17,0.5,25.0,0.49,60.17,0.51,49.53,0.52,41.88,0.01,0.01,2325.225905,1776224428000
1776224430.135,30.135,0.48,11.38,0.43,11.62,0.5,222.49,0.51,76.17,0.5,25.0,0.49,60.17,0.51,49.53,0.52,41.88,0.02,0.01,2325.225905,1776224428000
1776224430.674,30.674,0.4,38.78,0.39,35.0,0.41,11.63,0.42,16.0,0.59,41.0,0.58,31.0,0.6,13.78,0.61,20.0,0.01,0.01,2325.22542,1776224429000
1776224431.323,31.323,0.4,38.78,0.39,35.0,0.41,11.63,0.42,16.0,0.59,11.63,0.58,16.0,0.6,38.78,0.61,35.0,0.01,0.01,2325.318865,1776224430000
1776224431.591,31.591,0.4,55.98,0.39,30.0,0.42,15.56,0.43,21.0,0.59,6.63,0.58,16.0,0.6,50.98,0.61,23.0,0.02,0.01,2325.318865,1776224430000
1776224431.807,31.807,0.41,26.92,0.4,45.98,0.42,20.56,0.43,36.0,0.58,20.56,0.57,36.0,0.59,30.5,0.6,45.98,0.01,0.01,2325.318865,1776224430000
1776224432.16,32.16,0.41,26.92,0.4,45.98,0.42,20.56,0.43,36.0,0.58,20.56,0.57,36.0,0.59,26.92,0.6,45.98,0.01,0.01,2324.96534,1776224431000
1776224432.537,32.537,0.41,39.91,0.4,35.5,0.42,5.56,0.43,26.0,0.58,20.56,0.57,36.0,0.59,26.78,0.6,45.98,0.01,0.01,2324.96534,1776224431000
1776224432.868,32.868,0.41,31.97,0.4,35.5,0.42,15.56,0.43,26.0,0.58,5.56,0.57,26.0,0.59,39.91,0.6,35.5,0.01,0.01,2324.96534,1776224431000
1776224433.248,33.248,0.41,34.51,0.4,42.5,0.42,15.56,0.43,16.0,0.58,15.56,0.57,26.0,0.59,31.97,0.6,35.5,0.01,0.01,2324.96534,1776224431000
1776224433.861,33.861,0.41,95.51,0.4,55.5,0.48,15.0,0.49,30.0,0.58,15.56,0.57,16.0,0.59,34.51,0.6,42.5,0.07,0.01,2324.949385,1776224432000
1776224434.266,34.266,0.41,95.51,0.4,55.5,0.48,15.0,0.49,30.0,0.52,15.0,0.51,30.0,0.59,95.51,0.6,55.5,0.07,0.07,2324.981895,1776224433000
1776224435.324,35.324,0.41,95.51,0.4,55.5,0.48,15.0,0.49,30.0,0.52,15.0,0.51,30.0,0.59,95.51,0.6,55.5,0.07,0.07,2324.877137,1776224434000
1776224435.904,35.904,0.41,95.51,0.4,55.5,0.48,15.0,0.49,30.0,0.52,15.0,0.51,30.0,0.59,95.51,0.6,55.5,0.07,0.07,2324.876114,1776224435000
1776224436.199,36.199,0.47,5.0,0.46,25.0,0.48,43.41,0.49,20.0,0.52,15.0,0.51,30.0,0.59,95.51,0.6,55.5,0.01,0.07,2324.876114,1776224435000
1776224436.983,36.983,0.47,5.0,0.46,25.0,0.48,43.41,0.49,20.0,0.52,43.41,0.51,20.0,0.53,5.0,0.54,25.0,0.01,0.01,2324.935015,1776224436000
1776224438.06,38.06,0.47,5.0,0.46,25.0,0.48,43.41,0.49,20.0,0.52,43.41,0.51,20.0,0.53,5.0,0.54,25.0,0.01,0.01,2325.03,1776224437000
1776224438.512,38.512,0.47,5.0,0.46,15.0,0.48,35.08,0.49,20.0,0.52,43.41,0.51,20.0,0.53,5.0,0.54,25.0,0.01,0.01,2325.03,1776224437000
1776224439.087,39.087,0.47,5.0,0.46,15.0,0.48,35.08,0.49,20.0,0.52,35.08,0.51,20.0,0.53,5.0,0.54,15.0,0.01,0.01,2324.964355,1776224438000
1776224439.308,39.308,0.5,30.5,0.49,27.47,0.51,33.56,0.52,15.0,0.49,40.17,0.48,15.0,0.51,15.0,0.52,35.0,0.01,0.02,2324.964355,1776224438000
1776224440.152,40.152,0.5,30.5,0.49,27.47,0.51,33.56,0.52,15.0,0.49,33.56,0.48,15.0,0.5,30.5,0.51,27.47,0.01,0.01,2324.96438,1776224439000
1776224441.131,41.131,0.5,30.5,0.49,27.47,0.51,33.56,0.52,15.0,0.49,33.56,0.48,15.0,0.5,30.5,0.51,27.47,0.01,0.01,2325.138875,1776224440000
1776224442.227,42.227,0.5,30.5,0.49,27.47,0.51,33.56,0.52,15.0,0.49,33.56,0.48,15.0,0.5,30.5,0.51,27.47,0.01,0.01,2325.19553,1776224441000
1776224443.052,43.052,0.5,10.5,0.49,27.47,0.51,38.56,0.52,27.0,0.49,33.56,0.48,15.0,0.5,30.5,0.51,27.47,0.01,0.01,2325.19553,1776224441000
1776224443.293,43.293,0.5,10.5,0.49,27.47,0.51,38.56,0.52,27.0,0.49,38.56,0.48,27.0,0.5,10.5,0.51,27.47,0.01,0.01,2325.266985,1776224442000
1776224444.324,44.324,0.5,10.5,0.49,27.47,0.51,38.56,0.52,27.0,0.49,38.56,0.48,27.0,0.5,10.5,0.51,27.47,0.01,0.01,2325.188815,1776224443000
1776224445.377,45.377,0.5,10.5,0.49,27.47,0.51,38.56,0.52,27.0,0.49,38.56,0.48,27.0,0.5,10.5,0.51,27.47,0.01,0.01,2325.288681,1776224444000
1776224445.877,45.877,0.5,10.5,0.49,27.47,0.51,38.56,0.52,27.0,0.49,38.56,0.48,27.0,0.5,10.5,0.51,27.47,0.01,0.01,2325.187585,1776224445000
1776224447.458,47.458,0.5,10.5,0.49,27.47,0.51,38.56,0.52,27.0,0.49,38.56,0.48,27.0,0.5,10.5,0.51,27.47,0.01,0.01,2325.261679,1776224446000
1776224448.093,48.093,0.5,10.5,0.49,27.47,0.51,38.56,0.52,27.0,0.49,38.56,0.48,27.0,0.5,10.5,0.51,27.47,0.01,0.01,2325.372935,1776224447000
1776224449.073,49.073,0.5,10.5,0.49,27.47,0.51,38.56,0.52,27.0,0.49,38.56,0.48,27.0,0.5,10.5,0.51,27.47,0.01,0.01,2325.317305,1776224448000
1776224449.278,49.278,0.54,74.5,0.53,55.0,0.55,5.0,0.56,67.0,0.49,38.56,0.48,27.0,0.5,10.5,0.51,27.47,0.01,0.01,2325.317305,1776224448000
1776224450.078,50.078,0.54,74.5,0.53,55.0,0.55,5.0,0.56,67.0,0.45,5.0,0.44,67.0,0.46,74.5,0.47,55.0,0.01,0.01,2325.4791,1776224449000
1776224451.175,51.175,0.54,74.5,0.53,55.0,0.55,5.0,0.56,67.0,0.45,5.0,0.44,67.0,0.46,74.5,0.47,55.0,0.01,0.01,2325.37664,1776224450000
1776224451.872,51.872,0.56,80.5,0.55,75.5,0.59,22.5,0.6,20.0,0.45,5.0,0.44,67.0,0.46,74.5,0.47,55.0,0.03,0.01,2325.37664,1776224450000
1776224452.261,52.261,0.56,80.5,0.55,75.5,0.59,22.5,0.6,20.0,0.41,22.5,0.4,20.0,0.44,80.5,0.45,75.5,0.03,0.03,2325.38508,1776224451000
1776224453.394,53.394,0.56,80.5,0.55,75.5,0.59,22.5,0.6,20.0,0.41,22.5,0.4,20.0,0.44,80.5,0.45,75.5,0.03,0.03,2325.47,1776224452000
1776224453.983,53.983,0.56,80.5,0.55,75.5,0.59,22.5,0.6,20.0,0.41,22.5,0.4,20.0,0.44,80.5,0.45,75.5,0.03,0.03,2325.597352,1776224453000
1776224454.786,54.786,0.58,65.5,0.57,45.5,0.59,12.0,0.6,10.0,0.41,22.5,0.4,20.0,0.44,80.5,0.45,75.5,0.01,0.03,2325.597352,1776224453000
1776224454.992,54.992,0.58,65.5,0.57,45.5,0.59,12.0,0.6,10.0,0.41,12.0,0.4,10.0,0.42,65.5,0.43,45.5,0.01,0.01,2325.48302,1776224454000
1776224456.003,56.003,0.58,65.5,0.57,45.5,0.59,12.0,0.6,10.0,0.41,12.0,0.4,10.0,0.42,65.5,0.43,45.5,0.01,0.01,2325.529,1776224455000
1776224456.69,56.69,0.57,28.52,0.56,40.5,0.58,5.0,0.59,32.53,0.41,32.53,0.4,25.5,0.43,25.5,0.44,25.5,0.01,0.02,2325.529,1776224455000
1776224457.041,57.041,0.57,28.52,0.56,40.5,0.58,5.0,0.59,32.53,0.42,5.0,0.41,32.53,0.43,28.52,0.44,40.5,0.01,0.01,2325.566576,1776224456000
1776224458.188,58.188,0.57,28.52,0.56,40.5,0.58,5.0,0.59,32.53,0.42,5.0,0.41,32.53,0.43,28.52,0.44,40.5,0.01,0.01,2325.594278,1776224457000
1776224459.179,59.179,0.57,28.52,0.56,40.5,0.58,5.0,0.59,32.53,0.42,5.0,0.41,32.53,0.43,28.52,0.44,40.5,0.01,0.01,2325.619415,1776224458000
1776224459.41,59.41,0.47,0.58,0.46,24.0,0.58,196.5,0.59,33.5,0.42,196.5,0.41,33.5,0.52,10.0,0.53,5.0,0.11,0.1,2325.619415,1776224458000
1776224459.687,59.687,0.45,59.5,0.44,41.0,0.46,51.33,0.47,51.19,0.54,19.68,0.53,41.19,0.55,44.0,0.56,33.0,0.01,0.01,2325.619415,1776224458000
1776224460.146,60.146,0.45,59.5,0.44,41.0,0.46,40.68,0.47,51.19,0.54,45.68,0.53,51.19,0.55,59.5,0.56,41.0,0.01,0.01,2325.619415,1776224458000
1776224460.471,60.471,0.45,70.2,0.44,41.0,0.46,25.68,0.47,51.19,0.54,40.68,0.53,51.19,0.55,60.2,0.56,41.0,0.01,0.01,2325.619415,1776224458000
1776224460.721,60.721,0.45,70.2,0.44,41.0,0.46,25.68,0.47,51.19,0.54,25.68,0.53,51.19,0.55,70.2,0.56,41.0,0.01,0.01,2325.562281,1776224459000
1776224461.037,61.037,0.45,66.1,0.44,41.0,0.46,35.68,0.47,51.19,0.54,25.68,0.53,51.19,0.55,70.2,0.56,41.0,0.01,0.01,2325.562281,1776224459000
1776224461.526,61.526,0.45,39.0,0.44,51.5,0.46,29.68,0.47,36.19,0.54,35.68,0.53,51.19,0.55,66.1,0.56,41.0,0.01,0.01,2325.472385,1776224460000
1776224462.251,62.251,0.45,49.0,0.44,51.5,0.46,24.68,0.47,36.19,0.54,24.68,0.53,36.19,0.55,49.0,0.56,51.5,0.01,0.01,2325.20156,1776224461000
1776224463.264,63.264,0.45,49.0,0.44,51.5,0.46,24.68,0.47,36.19,0.54,24.68,0.53,36.19,0.55,49.0,0.56,51.5,0.01,0.01,2325.165825,1776224462000
1776224463.527,63.527,0.45,33.0,0.44,41.0,0.46,24.68,0.47,51.69,0.54,24.68,0.53,36.19,0.55,49.0,0.56,51.5,0.01,0.01,2325.165825,1776224462000
1776224464.31,64.31,0.45,33.0,0.44,41.0,0.46,24.68,0.47,51.69,0.54,24.68,0.53,51.69,0.55,33.0,0.56,41.0,0.01,0.01,2325.215388,1776224463000
1776224464.921,64.921,0.37,5.52,0.36,5.0,0.42,75.5,0.43,65.5,0.54,50.18,0.53,66.69,0.55,15.42,0.56,31.0,0.05,0.01,2325.215388,1776224463000
1776224465.412,65.412,0.35,15.0,0.34,5.0,0.37,40.0,0.38,55.5,0.58,75.5,0.57,65.5,0.63,5.52,0.64,5.0,0.02,0.05,2325.215388,1776224463000
1776224465.777,65.777,0.35,1.69,0.34,11.0,0.36,50.0,0.37,81.5,0.63,40.0,0.62,55.5,0.65,15.0,0.66,5.0,0.01,0.02,2325.15114,1776224464000
1776224466.309,66.309,0.33,19.69,0.32,47.5,0.36,50.0,0.37,76.5,0.64,50.0,0.63,81.5,0.65,1.69,0.66,11.0,0.03,0.01,2325.12584,1776224465000
1776224466.879,66.879,0.34,0.77,0.33,17.69,0.35,50.0,0.36,45.0,0.64,50.0,0.63,76.5,0.67,19.69,0.68,47.5,0.01,0.03,2325.12584,1776224465000
1776224467.337,67.337,0.33,11.46,0.32,32.5,0.35,50.0,0.36,45.0,0.65,50.0,0.64,45.0,0.66,0.77,0.67,17.69,0.02,0.01,2325.001611,1776224466000
1776224468.174,68.174,0.33,11.46,0.32,32.5,0.35,50.0,0.36,45.0,0.65,50.0,0.64,45.0,0.67,11.46,0.68,32.5,0.02,0.02,2324.67353,1776224467000
1776224468.535,68.535,0.31,9.0,0.3,5.0,0.34,194.0,0.35,62.5,0.65,50.0,0.64,45.0,0.67,11.46,0.68,32.5,0.03,0.02,2324.67353,1776224467000
1776224469.036,69.036,0.26,4.0,0.25,20.0,0.27,105.5,0.28,25.0,0.68,169.0,0.67,52.0,0.74,14.0,0.75,15.0,0.01,0.06,2324.67353,1776224467000
1776224469.659,69.659,0.25,9.5,0.21,75.0,0.26,75.5,0.27,70.5,0.73,100.5,0.72,25.0,0.75,14.0,0.78,5.0,0.01,0.02,2324.67353,1776224467000
1776224470.474,70.474,0.25,9.5,0.21,75.0,0.26,75.5,0.27,70.5,0.74,75.5,0.73,70.5,0.75,9.5,0.79,75.0,0.01,0.01,2324.497092,1776224469000
1776224470.885,70.885,0.21,54.49,0.2,17.0,0.26,70.5,0.27,40.5,0.74,75.5,0.73,70.5,0.75,9.5,0.79,75.0,0.05,0.01,2324.497092,1776224469000
1776224471.309,71.309,0.21,41.49,0.2,17.0,0.22,20.0,0.23,15.0,0.74,70.5,0.73,40.5,0.79,54.49,0.8,17.0,0.01,0.05,2324.0869,1776224470000
1776224472.043,72.043,0.23,24.19,0.22,20.5,0.24,7.0,0.29,5.0,0.78,20.0,0.77,15.0,0.79,41.49,0.8,17.0,0.01,0.01,2324.0869,1776224470000
1776224472.619,72.619,0.29,119.57,0.28,35.5,0.3,5.71,0.34,5.0,0.71,4.9,0.7,10.71,0.73,18.26,0.74,19.23,0.01,0.02,2324.0483,1776224471000
1776224472.878,72.878,0.29,155.07,0.28,35.5,0.34,5.0,0.35,15.0,0.7,5.71,0.66,5.0,0.71,119.57,0.72,35.5,0.05,0.01,2324.0483,1776224471000
1776224473.244,73.244,0.29,155.07,0.28,35.5,0.34,5.0,0.35,15.0,0.66,5.0,0.65,15.0,0.71,155.07,0.72,35.5,0.05,0.05,2324.019705,1776224472000
1776224474.351,74.351,0.29,155.07,0.28,35.5,0.34,5.0,0.35,15.0,0.66,5.0,0.65,15.0,0.71,155.07,0.72,35.5,0.05,0.05,2324.31047,1776224473000
1776224475.546,75.546,0.33,15.0,0.32,5.0,0.34,30.5,0.35,20.0,0.66,30.5,0.65,20.0,0.67,15.0,0.68,5.0,0.01,0.01,2324.45945,1776224474000
1776224475.982,75.982,0.33,10.0,0.32,10.0,0.34,17.55,0.35,25.0,0.66,30.5,0.65,20.0,0.67,15.0,0.68,5.0,0.01,0.01,2324.45945,1776224474000
1776224476.829,76.829,0.31,20.28,0.3,20.5,0.34,33.05,0.35,15.0,0.66,17.55,0.65,25.0,0.67,10.0,0.68,10.0,0.03,0.01,2324.567648,1776224475000
1776224477.233,77.233,0.31,20.28,0.3,20.5,0.34,33.05,0.35,15.0,0.66,33.05,0.65,15.0,0.69,20.28,0.7,20.5,0.03,0.03,2324.566641,1776224476000
1776224477.821,77.821,0.28,5.0,0.27,13.0,0.32,45.5,0.33,25.5,0.66,33.05,0.65,15.0,0.69,20.28,0.7,20.5,0.04,0.03,2324.566641,1776224476000
1776224478.421,78.421,0.28,15.0,0.27,13.0,0.29,10.0,0.3,25.5,0.71,10.0,0.7,25.5,0.72,15.0,0.73,13.0,0.01,0.01,2324.582137,1776224477000
1776224478.956,78.956,0.28,15.0,0.27,13.0,0.29,10.0,0.3,25.5,0.71,10.0,0.7,25.5,0.72,15.0,0.73,13.0,0.01,0.01,2324.427821,1776224478000
1776224480.05,80.05,0.28,15.0,0.27,13.0,0.29,10.0,0.3,25.5,0.71,10.0,0.7,25.5,0.72,15.0,0.73,13.0,0.01,0.01,2324.52,1776224479000
1776224480.608,80.608,0.28,90.5,0.27,33.5,0.29,6.48,0.3,5.0,0.71,10.0,0.7,25.5,0.72,15.0,0.73,13.0,0.01,0.01,2324.52,1776224479000
1776224481.177,81.177,0.28,90.5,0.27,33.5,0.29,6.48,0.3,5.0,0.71,6.48,0.7,5.0,0.72,90.5,0.73,33.5,0.01,0.01,2324.3395,1776224480000
1776224482.297,82.297,0.3,127.07,0.29,53.5,0.31,1.83,0.33,9.0,0.69,1.83,0.66,15.5,0.7,146.07,0.71,53.5,0.01,0.01,2324.3395,1776224480000
1776224482.91,82.91,0.3,127.07,0.29,53.5,0.31,1.83,0.33,9.0,0.69,1.83,0.67,9.0,0.7,127.07,0.71,53.5,0.01,0.01,2324.382205,1776224482000
1776224484.001,84.001,0.3,127.07,0.29,53.5,0.31,1.83,0.33,9.0,0.69,1.83,0.67,9.0,0.7,127.07,0.71,53.5,0.01,0.01,2324.49273,1776224483000
1776224484.218,84.218,0.3,67.07,0.29,37.5,0.31,1.83,0.35,5.0,0.69,1.83,0.67,9.0,0.7,127.07,0.71,53.5,0.01,0.01,2324.49273,1776224483000
1776224485.112,85.112,0.3,60.03,0.29,42.5,0.31,1.83,0.34,10.5,0.69,1.83,0.65,5.0,0.7,67.07,0.71,37.5,0.01,0.01,2324.49273,1776224483000
1776224485.812,85.812,0.3,104.03,0.29,56.5,0.36,15.0,0.37,15.0,0.69,1.83,0.66,10.5,0.7,60.03,0.71,42.5,0.06,0.01,2324.48352,1776224484000
1776224486.199,86.199,0.3,104.03,0.29,56.5,0.36,15.0,0.37,15.0,0.64,15.0,0.63,15.0,0.7,104.03,0.71,56.5,0.06,0.06,2324.501405,1776224485000
1776224487.327,87.327,0.3,104.03,0.29,56.5,0.36,15.0,0.37,15.0,0.64,15.0,0.63,15.0,0.7,104.03,0.71,56.5,0.06,0.06,2324.574332,1776224486000
1776224487.872,87.872,0.3,104.03,0.29,56.5,0.36,15.0,0.37,15.0,0.64,15.0,0.63,15.0,0.7,104.03,0.71,56.5,0.06,0.06,2324.648,1776224487000
1776224488.746,88.746,0.36,10.0,0.35,25.5,0.37,7.5,0.38,39.5,0.64,15.0,0.63,15.0,0.7,104.03,0.71,56.5,0.01,0.06,2324.648,1776224487000
1776224489.12,89.12,0.36,5.0,0.35,10.0,0.37,18.5,0.38,39.5,0.63,7.5,0.62,39.5,0.64,10.0,0.65,25.5,0.01,0.01,2324.58975,1776224488000
1776224489.994,89.994,0.36,5.0,0.35,10.0,0.37,18.5,0.38,39.5,0.63,18.5,0.62,39.5,0.64,5.0,0.65,10.0,0.01,0.01,2324.614605,1776224489000
1776224490.769,90.769,0.35,22.5,0.34,25.5,0.36,21.0,0.37,18.5,0.63,18.5,0.62,39.5,0.64,5.0,0.65,10.0,0.01,0.01,2324.614605,1776224489000
1776224491.106,91.106,0.35,22.5,0.34,25.5,0.36,21.0,0.37,18.5,0.64,21.0,0.63,18.5,0.65,22.5,0.66,25.5,0.01,0.01,2324.65348,1776224490000
1776224491.966,91.966,0.38,45.5,0.37,53.19,0.42,3.35,0.43,5.0,0.64,21.0,0.63,18.5,0.65,22.5,0.66,25.5,0.04,0.01,2324.65348,1776224490000
1776224492.178,92.178,0.38,45.5,0.37,53.19,0.42,3.35,0.43,5.0,0.58,3.35,0.57,5.0,0.62,45.5,0.63,53.19,0.04,0.04,2324.66003,1776224491000
1776224492.437,92.437,0.45,10.0,0.44,10.0,0.46,20.18,0.47,55.69,0.58,3.35,0.57,5.0,0.62,45.5,0.63,53.19,0.01,0.04,2324.66003,1776224491000
1776224493.517,93.517,0.44,15.0,0.43,10.0,0.46,25.18,0.47,55.69,0.54,25.18,0.53,55.69,0.56,15.0,0.57,10.0,0.02,0.02,2324.743346,1776224492000
1776224494.113,94.113,0.44,15.0,0.43,10.0,0.46,25.18,0.47,55.69,0.54,25.18,0.53,55.69,0.56,15.0,0.57,10.0,0.02,0.02,2324.807285,1776224493000
1776224495.001,95.001,0.44,5.0,0.42,10.0,0.45,62.27,0.46,35.18,0.54,25.18,0.53,55.69,0.56,15.0,0.57,10.0,0.01,0.02,2324.807285,1776224493000
1776224495.938,95.938,0.44,3.21,0.42,5.0,0.45,59.5,0.46,30.5,0.55,62.27,0.54,35.18,0.56,5.0,0.58,10.0,0.01,0.01,2324.91319,1776224494000
1776224496.565,96.565,0.44,3.21,0.42,5.0,0.45,59.5,0.46,30.5,0.55,59.5,0.54,30.5,0.56,3.21,0.58,5.0,0.01,0.01,2325.003995,1776224495000
1776224497.099,97.099,0.44,3.21,0.42,5.0,0.45,59.5,0.46,30.5,0.55,59.5,0.54,30.5,0.56,3.21,0.58,5.0,0.01,0.01,2325.041758,1776224496000
1776224497.778,97.778,0.44,1.42,0.43,5.0,0.45,55.5,0.46,30.5,0.55,59.5,0.54,30.5,0.56,3.21,0.58,5.0,0.01,0.01,2325.041758,1776224496000
1776224498.324,98.324,0.44,1.42,0.43,5.0,0.45,55.5,0.46,30.5,0.55,55.5,0.54,30.5,0.56,1.42,0.57,5.0,0.01,0.01,2324.985099,1776224497000
1776224498.543,98.543,0.43,4.64,0.42,10.0,0.45,55.5,0.46,30.5,0.55,55.5,0.54,30.5,0.56,1.42,0.57,5.0,0.02,0.01,2324.985099,1776224497000
1776224498.908,98.908,0.43,4.64,0.42,10.0,0.45,55.5,0.46,30.5,0.55,55.5,0.54,30.5,0.57,4.64,0.58,10.0,0.02,0.02,2324.978705,1776224498000
1776224499.413,99.413,0.43,2.88,0.42,5.0,0.44,30.0,0.45,45.5,0.55,55.5,0.54,30.5,0.57,4.64,0.58,10.0,0.01,0.02,2324.978705,1776224498000
1776224500.113,100.113,0.43,2.88,0.42,5.0,0.44,30.0,0.45,45.5,0.56,30.0,0.55,45.5,0.57,2.88,0.58,5.0,0.01,0.01,2324.98182,1776224499000
1776224501.147,101.147,0.43,9.36,0.42,15.5,0.44,25.0,0.45,25.0,0.56,25.0,0.55,45.5,0.57,16.12,0.58,25.5,0.01,0.01,2324.98182,1776224499000
1776224502.365,102.365,0.33,14.0,0.32,27.0,0.35,10.0,0.36,10.0,0.56,25.0,0.55,25.0,0.57,9.36,0.58,15.5,0.02,0.01,2324.984775,1776224500000
1776224502.842,102.842,0.33,48.9,0.32,27.0,0.34,47.85,0.35,23.0,0.66,10.0,0.65,20.0,0.67,33.9,0.68,27.0,0.01,0.01,2324.98697,1776224501000
1776224503.893,103.893,0.33,40.0,0.32,27.0,0.34,37.7,0.35,23.0,0.66,42.7,0.65,23.0,0.67,48.9,0.68,27.0,0.01,0.01,2324.989045,1776224502000
1776224504.662,104.662,0.33,38.5,0.32,27.0,0.34,42.7,0.35,28.0,0.66,37.7,0.65,23.0,0.67,40.0,0.68,27.0,0.01,0.01,2325.005705,1776224503000
1776224505.139,105.139,0.33,3.05,0.31,5.0,0.34,45.5,0.35,32.0,0.66,42.7,0.65,28.0,0.67,38.5,0.68,27.0,0.01,0.01,2325.005705,1776224503000
1776224506.319,106.319,0.28,10.06,0.26,50.0,0.29,6.23,0.3,7.14,0.71,6.23,0.7,7.14,0.72,10.06,0.74,50.0,0.01,0.01,2324.685027,1776224505000
1776224506.549,106.549,0.28,12.05,0.27,27.5,0.29,16.55,0.3,20.0,0.71,15.0,0.7,20.0,0.72,17.05,0.73,27.5,0.01,0.01,2324.685027,1776224505000
1776224507.314,107.314,0.28,12.05,0.27,27.5,0.29,16.55,0.3,20.0,0.71,16.55,0.7,20.0,0.72,12.05,0.73,27.5,0.01,0.01,2324.655679,1776224506000
1776224508.32,108.32,0.28,12.05,0.27,27.5,0.29,16.55,0.3,20.0,0.71,16.55,0.7,20.0,0.72,12.05,0.73,27.5,0.01,0.01,2324.677767,1776224507000
1776224509.307,109.307,0.33,95.0,0.32,25.5,0.34,21.22,0.37,10.5,0.66,21.22,0.63,10.5,0.67,95.0,0.68,25.5,0.01,0.01,2324.569795,1776224508000
1776224510.424,110.424,0.33,95.0,0.32,25.5,0.34,21.22,0.37,10.5,0.66,21.22,0.63,10.5,0.67,95.0,0.68,25.5,0.01,0.01,2324.60248,1776224509000
1776224510.889,110.889,0.33,95.0,0.32,25.5,0.34,21.22,0.37,10.5,0.66,21.22,0.63,10.5,0.67,95.0,0.68,25.5,0.01,0.01,2324.659757,1776224510000
1776224511.946,111.946,0.33,95.0,0.32,25.5,0.34,21.22,0.37,10.5,0.66,21.22,0.63,10.5,0.67,95.0,0.68,25.5,0.01,0.01,2324.74894,1776224511000
1776224513.043,113.043,0.33,95.0,0.32,25.5,0.34,21.22,0.37,10.5,0.66,21.22,0.63,10.5,0.67,95.0,0.68,25.5,0.01,0.01,2324.748805,1776224512000
1776224513.4,113.4,0.36,5.0,0.35,5.0,0.37,35.5,0.38,15.0,0.66,21.22,0.63,10.5,0.67,95.0,0.68,25.5,0.01,0.01,2324.748805,1776224512000
1776224514.092,114.092,0.36,5.0,0.35,5.0,0.37,35.5,0.38,15.0,0.63,35.5,0.62,15.0,0.64,5.0,0.65,5.0,0.01,0.01,2324.7334,1776224513000
1776224514.936,114.936,0.36,6.89,0.35,20.0,0.37,55.5,0.38,15.0,0.63,35.5,0.62,15.0,0.64,5.0,0.65,5.0,0.01,0.01,2324.7334,1776224513000
1776224515.156,115.156,0.36,6.89,0.35,20.0,0.37,55.5,0.38,15.0,0.63,55.5,0.62,15.0,0.64,6.89,0.65,20.0,0.01,0.01,2324.733945,1776224514000
1776224516.228,116.228,0.36,6.89,0.35,20.0,0.37,55.5,0.38,15.0,0.63,55.5,0.62,15.0,0.64,6.89,0.65,20.0,0.01,0.01,2324.73295,1776224515000
1776224517.133,117.133,0.36,6.89,0.35,20.0,0.37,55.5,0.38,15.0,0.63,55.5,0.62,15.0,0.64,6.89,0.65,20.0,0.01,0.01,2324.770389,1776224516000
1776224518.719,118.719,0.36,6.89,0.35,20.0,0.37,55.5,0.38,15.0,0.63,55.5,0.62,15.0,0.64,6.89,0.65,20.0,0.01,0.01,2324.77899,1776224517000
1776224519.283,119.283,0.36,6.89,0.35,20.0,0.37,55.5,0.38,15.0,0.63,55.5,0.62,15.0,0.64,6.89,0.65,20.0,0.01,0.01,2324.777795,1776224518000
1776224520.404,120.404,0.36,6.89,0.35,20.0,0.37,55.5,0.38,15.0,0.63,55.5,0.62,15.0,0.64,6.89,0.65,20.0,0.01,0.01,2324.76206,1776224519000
1776224520.973,120.973,0.36,6.89,0.35,20.0,0.37,55.5,0.38,15.0,0.63,55.5,0.62,15.0,0.64,6.89,0.65,20.0,0.01,0.01,2324.75706,1776224520000
1776224522.087,122.087,0.36,6.89,0.35,20.0,0.37,55.5,0.38,15.0,0.63,55.5,0.62,15.0,0.64,6.89,0.65,20.0,0.01,0.01,2324.753925,1776224521000
1776224523.087,123.087,0.36,6.89,0.35,20.0,0.37,55.5,0.38,15.0,0.63,55.5,0.62,15.0,0.64,6.89,0.65,20.0,0.01,0.01,2324.768395,1776224522000
1776224524.2,124.2,0.36,6.89,0.35,20.0,0.37,55.5,0.38,15.0,0.63,55.5,0.62,15.0,0.64,6.89,0.65,20.0,0.01,0.01,2324.839978,1776224523000
1776224524.509,124.509,0.36,18.22,0.35,17.19,0.37,40.0,0.38,15.0,0.63,55.5,0.62,15.0,0.64,6.89,0.65,20.0,0.01,0.01,2324.839978,1776224523000
1776224524.79,124.79,0.36,12.72,0.35,27.19,0.38,2.18,0.39,13.0,0.63,40.0,0.62,15.0,0.64,18.22,0.65,17.19,0.02,0.01,2324.839978,1776224523000
1776224525.071,125.071,0.38,15.0,0.37,15.0,0.39,8.0,0.4,45.5,0.62,2.18,0.61,13.0,0.64,12.72,0.65,27.19,0.01,0.02,2324.839978,1776224523000
1776224525.29,125.29,0.38,15.0,0.37,15.0,0.39,8.0,0.4,45.5,0.61,8.0,0.6,45.5,0.62,15.0,0.63,15.0,0.01,0.01,2324.81044,1776224524000
1776224526.473,126.473,0.38,15.0,0.37,15.0,0.39,8.0,0.4,45.5,0.61,8.0,0.6,45.5,0.62,15.0,0.63,15.0,0.01,0.01,2324.865662,1776224525000
1776224526.956,126.956,0.38,15.0,0.37,15.0,0.39,8.0,0.4,45.5,0.61,8.0,0.6,45.5,0.62,15.0,0.63,15.0,0.01,0.01,2324.82798,1776224526000
1776224528.013,128.013,0.38,15.0,0.37,15.0,0.39,8.0,0.4,45.5,0.61,8.0,0.6,45.5,0.62,15.0,0.63,15.0,0.01,0.01,2324.82798,1776224527000
1776224529.283,129.283,0.38,15.0,0.37,15.0,0.39,8.0,0.4,45.5,0.61,8.0,0.6,45.5,0.62,15.0,0.63,15.0,0.01,0.01,2324.830335,1776224528000
1776224530.318,130.318,0.38,15.0,0.37,15.0,0.39,8.0,0.4,45.5,0.61,8.0,0.6,45.5,0.62,15.0,0.63,15.0,0.01,0.01,2324.883005,1776224529000
1776224530.873,130.873,0.38,15.0,0.37,15.0,0.39,8.0,0.4,45.5,0.61,8.0,0.6,45.5,0.62,15.0,0.63,15.0,0.01,0.01,2324.883005,1776224530000
1776224532.078,132.078,0.38,15.0,0.37,15.0,0.39,8.0,0.4,45.5,0.61,8.0,0.6,45.5,0.62,15.0,0.63,15.0,0.01,0.01,2324.830165,1776224531000
1776224533.11,133.11,0.38,15.0,0.37,15.0,0.39,8.0,0.4,45.5,0.61,8.0,0.6,45.5,0.62,15.0,0.63,15.0,0.01,0.01,2324.82945,1776224532000
1776224534.513,134.513,0.38,15.0,0.37,15.0,0.39,8.0,0.4,45.5,0.61,8.0,0.6,45.5,0.62,15.0,0.63,15.0,0.01,0.01,2324.916809,1776224533000
1776224535.134,135.134,0.38,15.0,0.37,15.0,0.39,8.0,0.4,45.5,0.61,8.0,0.6,45.5,0.62,15.0,0.63,15.0,0.01,0.01,2324.830545,1776224534000
1776224536.337,136.337,0.38,15.0,0.37,15.0,0.39,8.0,0.4,45.5,0.61,8.0,0.6,45.5,0.62,15.0,0.63,15.0,0.01,0.01,2324.836035,1776224535000
1776224536.985,136.985,0.38,15.0,0.37,15.0,0.39,8.0,0.4,45.5,0.61,8.0,0.6,45.5,0.62,15.0,0.63,15.0,0.01,0.01,2324.836095,1776224536000
1776224537.521,137.521,0.34,8.12,0.33,5.0,0.35,167.5,0.36,75.0,0.61,8.0,0.6,45.5,0.62,15.0,0.63,15.0,0.01,0.01,2324.836095,1776224536000
1776224538.294,138.294,0.29,5.0,0.28,5.0,0.35,162.5,0.36,75.0,0.65,162.5,0.64,75.0,0.71,5.0,0.72,5.0,0.06,0.06,2324.830135,1776224537000
1776224538.924,138.924,0.29,5.0,0.28,5.0,0.35,162.5,0.36,75.0,0.65,162.5,0.64,75.0,0.71,5.0,0.72,5.0,0.06,0.06,2324.788165,1776224538000
1776224540.353,140.353,0.29,5.0,0.28,5.0,0.35,162.5,0.36,75.0,0.65,162.5,0.64,75.0,0.71,5.0,0.72,5.0,0.06,0.06,2324.69,1776224539000
1776224541.513,141.513,0.29,5.0,0.28,5.0,0.35,162.5,0.36,75.0,0.65,162.5,0.64,75.0,0.71,5.0,0.72,5.0,0.06,0.06,2324.513006,1776224540000
1776224542.081,142.081,0.29,5.0,0.28,5.0,0.35,162.5,0.36,75.0,0.65,162.5,0.64,75.0,0.71,5.0,0.72,5.0,0.06,0.06,2324.512143,1776224541000
1776224543.413,143.413,0.29,5.0,0.28,5.0,0.35,162.5,0.36,75.0,0.65,162.5,0.64,75.0,0.71,5.0,0.72,5.0,0.06,0.06,2324.508862,1776224542000
1776224544.096,144.096,0.29,5.0,0.28,5.0,0.35,162.5,0.36,75.0,0.65,162.5,0.64,75.0,0.71,5.0,0.72,5.0,0.06,0.06,2324.508902,1776224543000
1776224544.363,144.363,0.28,5.0,0.26,5.0,0.29,94.63,0.3,59.5,0.65,162.5,0.64,75.0,0.71,5.0,0.72,5.0,0.01,0.06,2324.508902,1776224543000
1776224545.236,145.236,0.28,5.0,0.26,5.0,0.29,94.63,0.3,59.5,0.71,94.63,0.7,59.5,0.72,5.0,0.74,5.0,0.01,0.01,2324.517154,1776224544000
1776224546.246,146.246,0.28,3.61,0.24,19.7,0.29,99.63,0.3,59.5,0.71,94.63,0.7,59.5,0.72,5.0,0.74,5.0,0.01,0.01,2324.517154,1776224544000
1776224546.603,146.603,0.28,3.61,0.24,19.7,0.29,99.63,0.3,59.5,0.71,99.63,0.7,59.5,0.72,3.61,0.76,19.7,0.01,0.01,2324.50173,1776224545000
1776224547.181,147.181,0.28,3.61,0.24,19.7,0.29,99.63,0.3,59.5,0.71,99.63,0.7,59.5,0.72,3.61,0.76,19.7,0.01,0.01,2324.488211,1776224546000
1776224547.464,147.464,0.22,8.5,0.21,56.69,0.24,90.0,0.25,15.0,0.71,99.63,0.7,59.5,0.72,3.61,0.76,19.7,0.02,0.01,2324.488211,1776224546000
1776224547.757,147.757,0.21,39.99,0.2,44.5,0.22,4.0,0.23,24.0,0.76,90.0,0.75,15.0,0.78,8.5,0.79,56.69,0.01,0.02,2324.488211,1776224546000
1776224548.424,148.424,0.21,39.99,0.2,44.5,0.22,4.0,0.23,24.0,0.78,4.0,0.77,24.0,0.79,39.99,0.8,44.5,0.01,0.01,2324.520724,1776224547000
1776224549.22,149.22,0.21,43.61,0.2,22.0,0.22,59.0,0.23,25.5,0.78,4.0,0.77,24.0,0.79,39.99,0.8,44.5,0.01,0.01,2324.520724,1776224547000
1776224549.597,149.597,0.21,43.61,0.2,22.0,0.22,59.0,0.23,25.5,0.78,59.0,0.77,25.5,0.79,43.61,0.8,22.0,0.01,0.01,2324.515024,1776224548000
1776224550.106,150.106,0.21,43.61,0.2,22.0,0.22,59.0,0.23,25.5,0.78,59.0,0.77,25.5,0.79,43.61,0.8,22.0,0.01,0.01,2324.437155,1776224549000
1776224551.136,151.136,0.21,43.61,0.2,22.0,0.22,59.0,0.23,25.5,0.78,59.0,0.77,25.5,0.79,43.61,0.8,22.0,0.01,0.01,2324.341062,1776224550000
1776224552.519,152.519,0.21,43.61,0.2,22.0,0.22,59.0,0.23,25.5,0.78,59.0,0.77,25.5,0.79,43.61,0.8,22.0,0.01,0.01,2324.375498,1776224551000
1776224553.066,153.066,0.21,43.61,0.2,22.0,0.22,59.0,0.23,25.5,0.78,59.0,0.77,25.5,0.79,43.61,0.8,22.0,0.01,0.01,2324.35055,1776224552000
1776224554.21,154.21,0.21,43.61,0.2,22.0,0.22,59.0,0.23,25.5,0.78,59.0,0.77,25.5,0.79,43.61,0.8,22.0,0.01,0.01,2324.28886,1776224553000
1776224555.989,155.989,0.21,43.61,0.2,22.0,0.22,59.0,0.23,25.5,0.78,59.0,0.77,25.5,0.79,43.61,0.8,22.0,0.01,0.01,2324.300415,1776224555000
1776224557.368,157.368,0.21,43.61,0.2,22.0,0.22,59.0,0.23,25.5,0.78,59.0,0.77,25.5,0.79,43.61,0.8,22.0,0.01,0.01,2324.313276,1776224556000
1776224557.676,157.676,0.21,76.55,0.2,5.0,0.22,54.0,0.23,25.5,0.78,59.0,0.77,25.5,0.79,43.61,0.8,22.0,0.01,0.01,2324.313276,1776224556000
1776224558.187,158.187,0.21,76.55,0.2,5.0,0.22,54.0,0.23,25.5,0.78,54.0,0.77,25.5,0.79,76.55,0.8,5.0,0.01,0.01,2324.313276,1776224557000
1776224558.948,158.948,0.21,71.55,0.2,15.0,0.22,39.0,0.23,15.0,0.78,54.0,0.77,25.5,0.79,76.55,0.8,5.0,0.01,0.01,2324.313276,1776224557000
1776224559.517,159.517,0.21,71.55,0.2,15.0,0.22,39.0,0.23,15.0,0.78,39.0,0.77,15.0,0.79,71.55,0.8,15.0,0.01,0.01,2324.323855,1776224558000
1776224560.279,160.279,0.21,71.55,0.2,15.0,0.22,39.0,0.23,15.0,0.78,39.0,0.77,15.0,0.79,71.55,0.8,15.0,0.01,0.01,2324.323855,1776224559000
1776224561.326,161.326,0.21,71.55,0.2,15.0,0.22,39.0,0.23,15.0,0.78,39.0,0.77,15.0,0.79,71.55,0.8,15.0,0.01,0.01,2324.387875,1776224560000
1776224561.936,161.936,0.21,71.55,0.2,15.0,0.22,39.0,0.23,15.0,0.78,39.0,0.77,15.0,0.79,71.55,0.8,15.0,0.01,0.01,2324.3449,1776224561000
1776224563.422,163.422,0.21,71.55,0.2,15.0,0.22,39.0,0.23,15.0,0.78,39.0,0.77,15.0,0.79,71.55,0.8,15.0,0.01,0.01,2324.349355,1776224562000
1776224563.974,163.974,0.21,71.55,0.2,15.0,0.22,39.0,0.23,15.0,0.78,39.0,0.77,15.0,0.79,71.55,0.8,15.0,0.01,0.01,2324.395278,1776224563000
1776224565.085,165.085,0.21,71.55,0.2,15.0,0.22,39.0,0.23,15.0,0.78,39.0,0.77,15.0,0.79,71.55,0.8,15.0,0.01,0.01,2324.357045,1776224564000
1776224565.903,165.903,0.24,5.0,0.23,118.0,0.26,20.5,0.27,20.5,0.78,29.0,0.77,15.0,0.79,81.85,0.8,20.5,0.02,0.01,2324.357045,1776224564000
1776224566.767,166.767,0.26,54.2,0.25,85.0,0.27,35.5,0.28,31.5,0.74,17.5,0.73,20.5,0.76,5.0,0.77,123.0,0.01,0.02,2324.405959,1776224565000
1776224567.033,167.033,0.26,54.2,0.25,85.0,0.27,35.5,0.28,31.5,0.73,35.5,0.72,31.5,0.74,54.2,0.75,85.0,0.01,0.01,2324.430274,1776224566000
1776224568.201,168.201,0.26,54.2,0.25,85.0,0.27,35.5,0.28,31.5,0.73,35.5,0.72,31.5,0.74,54.2,0.75,85.0,0.01,0.01,2324.488316,1776224567000
1776224569.209,169.209,0.26,54.2,0.25,85.0,0.27,35.5,0.28,31.5,0.73,35.5,0.72,31.5,0.74,54.2,0.75,85.0,0.01,0.01,2324.55,1776224568000
1776224570.118,170.118,0.26,54.2,0.25,85.0,0.27,35.5,0.28,31.5,0.73,35.5,0.72,31.5,0.74,54.2,0.75,85.0,0.01,0.01,2324.54038,1776224569000
1776224571.194,171.194,0.26,54.2,0.25,85.0,0.27,35.5,0.28,31.5,0.73,35.5,0.72,31.5,0.74,54.2,0.75,85.0,0.01,0.01,2324.56493,1776224570000
1776224572.324,172.324,0.26,54.2,0.25,85.0,0.27,35.5,0.28,31.5,0.73,35.5,0.72,31.5,0.74,54.2,0.75,85.0,0.01,0.01,2324.67325,1776224571000
1776224573.2,173.2,0.26,54.2,0.25,85.0,0.27,35.5,0.28,31.5,0.73,35.5,0.72,31.5,0.74,54.2,0.75,85.0,0.01,0.01,2324.670008,1776224572000
1776224574.264,174.264,0.26,54.2,0.25,85.0,0.27,35.5,0.28,31.5,0.73,35.5,0.72,31.5,0.74,54.2,0.75,85.0,0.01,0.01,2324.536185,1776224573000
1776224575.211,175.211,0.26,54.2,0.25,85.0,0.27,35.5,0.28,31.5,0.73,35.5,0.72,31.5,0.74,54.2,0.75,85.0,0.01,0.01,2324.565504,1776224574000
1776224575.526,175.526,0.25,40.54,0.24,35.0,0.27,51.5,0.28,25.5,0.73,35.5,0.72,31.5,0.74,54.2,0.75,85.0,0.02,0.01,2324.565504,1776224574000
1776224576.22,176.22,0.25,40.54,0.24,35.0,0.27,51.5,0.28,25.5,0.73,51.5,0.72,25.5,0.75,40.54,0.76,35.0,0.02,0.02,2324.587508,1776224575000
1776224577.237,177.237,0.25,40.54,0.24,35.0,0.27,51.5,0.28,25.5,0.73,51.5,0.72,25.5,0.75,40.54,0.76,35.0,0.02,0.02,2324.556538,1776224576000
1776224578.293,178.293,0.25,40.54,0.24,35.0,0.27,51.5,0.28,25.5,0.73,51.5,0.72,25.5,0.75,40.54,0.76,35.0,0.02,0.02,2324.50575,1776224577000
1776224579.391,179.391,0.25,40.54,0.24,35.0,0.27,51.5,0.28,25.5,0.73,51.5,0.72,25.5,0.75,40.54,0.76,35.0,0.02,0.02,2324.610852,1776224578000
1776224579.878,179.878,0.25,40.54,0.24,35.0,0.27,51.5,0.28,25.5,0.73,51.5,0.72,25.5,0.75,40.54,0.76,35.0,0.02,0.02,2324.634742,1776224579000
1776224580.895,180.895,0.25,3.4,0.24,20.0,0.26,80.5,0.27,31.5,0.73,51.5,0.72,25.5,0.75,40.54,0.76,35.0,0.01,0.02,2324.634742,1776224579000
1776224581.328,181.328,0.25,2.06,0.24,20.0,0.26,81.5,0.27,30.5,0.74,80.5,0.73,31.5,0.75,3.4,0.76,20.0,0.01,0.01,2324.55251,1776224580000
1776224581.918,181.918,0.25,2.06,0.24,20.0,0.26,81.5,0.27,30.5,0.74,81.5,0.73,30.5,0.75,2.06,0.76,20.0,0.01,0.01,2324.486292,1776224581000
1776224582.899,182.899,0.25,2.06,0.24,20.0,0.26,81.5,0.27,30.5,0.74,81.5,0.73,30.5,0.75,2.06,0.76,20.0,0.01,0.01,2324.434807,1776224582000
1776224583.865,183.865,0.25,2.06,0.24,20.0,0.26,81.5,0.27,30.5,0.74,81.5,0.73,30.5,0.75,2.06,0.76,20.0,0.01,0.01,2324.44031,1776224583000
1776224584.771,184.771,0.25,2.06,0.24,20.0,0.26,81.5,0.27,30.5,0.74,81.5,0.73,30.5,0.75,2.06,0.76,20.0,0.01,0.01,2324.52974,1776224584000
1776224585.083,185.083,0.23,0.55,0.22,29.0,0.25,60.5,0.26,56.5,0.74,81.5,0.73,30.5,0.75,2.06,0.76,20.0,0.02,0.01,2324.52974,1776224584000
1776224586.277,186.277,0.23,0.55,0.22,29.0,0.25,60.5,0.26,56.5,0.75,60.5,0.74,56.5,0.77,0.55,0.78,29.0,0.02,0.02,2324.478015,1776224585000
1776224587.252,187.252,0.23,0.55,0.22,29.0,0.25,60.5,0.26,56.5,0.75,60.5,0.74,56.5,0.77,0.55,0.78,29.0,0.02,0.02,2324.437425,1776224586000
1776224588.217,188.217,0.23,0.55,0.22,29.0,0.25,60.5,0.26,56.5,0.75,60.5,0.74,56.5,0.77,0.55,0.78,29.0,0.02,0.02,2324.439085,1776224587000
1776224589.25,189.25,0.23,0.55,0.22,29.0,0.25,60.5,0.26,56.5,0.75,60.5,0.74,56.5,0.77,0.55,0.78,29.0,0.02,0.02,2324.439115,1776224588000
1776224590.228,190.228,0.23,0.55,0.22,29.0,0.25,60.5,0.26,56.5,0.75,60.5,0.74,56.5,0.77,0.55,0.78,29.0,0.02,0.02,2324.43654,1776224589000
1776224591.342,191.342,0.23,0.55,0.22,29.0,0.25,60.5,0.26,56.5,0.75,60.5,0.74,56.5,0.77,0.55,0.78,29.0,0.02,0.02,2324.441315,1776224590000
1776224592.254,192.254,0.23,0.55,0.22,29.0,0.25,60.5,0.26,56.5,0.75,60.5,0.74,56.5,0.77,0.55,0.78,29.0,0.02,0.02,2324.42888,1776224591000
1776224593.288,193.288,0.21,2.4,0.17,15.24,0.24,151.5,0.25,35.5,0.75,60.5,0.74,56.5,0.77,0.55,0.78,29.0,0.03,0.02,2324.42888,1776224591000
1776224593.659,193.659,0.16,7.8,0.15,33.2,0.17,102.0,0.18,29.0,0.79,12.6,0.76,151.5,0.83,6.24,0.84,5.0,0.01,0.04,2324.429745,1776224592000
1776224593.99,193.99,0.16,7.8,0.15,33.2,0.17,78.0,0.18,29.0,0.83,102.0,0.82,29.0,0.84,7.8,0.85,33.2,0.01,0.01,2324.429745,1776224592000
1776224595.119,195.119,0.16,7.8,0.15,33.2,0.17,78.0,0.18,29.0,0.83,78.0,0.82,29.0,0.84,7.8,0.85,33.2,0.01,0.01,2324.407462,1776224594000
1776224595.32,195.32,0.16,5.0,0.15,14.0,0.17,61.66,0.18,29.0,0.83,78.0,0.82,29.0,0.84,7.8,0.85,33.2,0.01,0.01,2324.407462,1776224594000
1776224596.243,196.243,0.16,5.0,0.15,14.0,0.17,61.66,0.18,29.0,0.83,61.66,0.82,29.0,0.84,5.0,0.85,14.0,0.01,0.01,2324.33069,1776224595000
1776224597.384,197.384,0.16,5.0,0.15,14.0,0.17,61.66,0.18,29.0,0.83,61.66,0.82,29.0,0.84,5.0,0.85,14.0,0.01,0.01,2324.322317,1776224596000
1776224597.928,197.928,0.16,5.0,0.15,14.0,0.17,61.66,0.18,29.0,0.83,61.66,0.82,29.0,0.84,5.0,0.85,14.0,0.01,0.01,2324.26744,1776224597000
1776224599.061,199.061,0.16,5.0,0.15,14.0,0.17,61.66,0.18,29.0,0.83,61.66,0.82,29.0,0.84,5.0,0.85,14.0,0.01,0.01,2324.267925,1776224598000
1776224600.235,200.235,0.16,5.0,0.15,14.0,0.17,61.66,0.18,29.0,0.83,61.66,0.82,29.0,0.84,5.0,0.85,14.0,0.01,0.01,2324.274335,1776224599000
1776224601.203,201.203,0.19,9.0,0.18,25.5,0.21,50.0,0.22,5.0,0.83,61.66,0.82,29.0,0.84,5.0,0.85,14.0,0.02,0.01,2324.274335,1776224599000
1776224601.537,201.537,0.2,5.0,0.19,34.5,0.21,60.0,0.22,7.0,0.79,50.0,0.78,5.0,0.81,9.0,0.82,25.5,0.01,0.02,2324.31718,1776224600000
1776224601.743,201.743,0.2,10.0,0.19,34.5,0.22,7.0,0.24,25.5,0.79,60.0,0.78,7.0,0.8,5.0,0.81,34.5,0.02,0.01,2324.31718,1776224600000
1776224602.472,202.472,0.2,10.0,0.19,34.5,0.22,7.0,0.24,25.5,0.78,7.0,0.76,25.5,0.8,10.0,0.81,34.5,0.02,0.02,2324.28482,1776224601000
1776224602.889,202.889,0.21,19.06,0.2,5.0,0.22,47.0,0.23,20.0,0.78,7.0,0.76,25.5,0.8,10.0,0.81,34.5,0.01,0.02,2324.28482,1776224601000
1776224603.192,203.192,0.21,32.25,0.2,21.5,0.28,5.17,0.29,15.0,0.78,47.0,0.77,20.0,0.79,19.06,0.8,5.0,0.07,0.01,2324.35818,1776224602000
1776224604.091,204.091,0.21,32.25,0.2,21.5,0.28,5.17,0.29,15.0,0.72,5.17,0.71,15.0,0.79,32.25,0.8,21.5,0.07,0.07,2324.5,1776224603000
1776224605.074,205.074,0.26,15.0,0.25,15.0,0.27,25.0,0.28,41.5,0.72,5.17,0.71,15.0,0.79,32.25,0.8,21.5,0.01,0.07,2324.5,1776224603000
1776224606.84,206.84,0.26,15.0,0.25,15.0,0.27,25.0,0.28,41.5,0.73,25.0,0.72,41.5,0.74,15.0,0.75,15.0,0.01,0.01,2324.663905,1776224605000
1776224607.548,207.548,0.26,15.0,0.25,15.0,0.27,25.0,0.28,41.5,0.73,25.0,0.72,41.5,0.74,15.0,0.75,15.0,0.01,0.01,2324.67306,1776224606000
1776224608.386,208.386,0.26,15.0,0.25,15.0,0.27,25.0,0.28,41.5,0.73,25.0,0.72,41.5,0.74,15.0,0.75,15.0,0.01,0.01,2324.672965,1776224607000
1776224609.02,209.02,0.26,15.0,0.25,15.0,0.27,25.0,0.28,41.5,0.73,25.0,0.72,41.5,0.74,15.0,0.75,15.0,0.01,0.01,2324.7708,1776224608000
1776224610.244,210.244,0.26,15.0,0.25,15.0,0.27,25.0,0.28,41.5,0.73,25.0,0.72,41.5,0.74,15.0,0.75,15.0,0.01,0.01,2324.65705,1776224609000
1776224610.983,210.983,0.31,25.5,0.3,10.0,0.37,15.0,0.38,15.0,0.73,25.0,0.72,41.5,0.74,15.0,0.75,15.0,0.06,0.01,2324.65705,1776224609000
1776224611.522,211.522,0.37,70.0,0.36,5.0,0.38,52.54,0.39,13.0,0.62,28.71,0.61,8.0,0.63,56.0,0.64,15.0,0.01,0.01,2324.65705,1776224609000
1776224611.968,211.968,0.37,59.0,0.35,5.0,0.38,32.77,0.39,13.0,0.62,52.54,0.61,13.0,0.63,64.0,0.64,5.0,0.01,0.01,2324.661325,1776224610000
1776224612.228,212.228,0.35,5.0,0.34,5.0,0.38,49.5,0.39,13.0,0.61,13.0,0.6,25.0,0.63,41.0,0.64,5.0,0.03,0.02,2324.661325,1776224610000
1776224612.611,212.611,0.35,5.0,0.34,5.0,0.36,8.64,0.38,49.5,0.64,8.64,0.62,49.5,0.65,5.0,0.66,5.0,0.01,0.01,2324.669104,1776224611000
1776224613.387,213.387,0.35,5.0,0.34,5.0,0.36,8.64,0.38,49.5,0.64,8.64,0.62,49.5,0.65,5.0,0.66,5.0,0.01,0.01,2324.80522,1776224612000
1776224614.111,214.111,0.35,0.38,0.34,5.0,0.36,43.14,0.37,36.5,0.64,43.14,0.63,36.5,0.65,0.38,0.66,5.0,0.01,0.01,2324.817635,1776224613000
1776224614.584,214.584,0.35,0.38,0.34,5.0,0.36,32.14,0.37,30.5,0.64,43.14,0.63,36.5,0.65,0.38,0.66,5.0,0.01,0.01,2324.817635,1776224613000
1776224615.471,215.471,0.35,0.38,0.34,5.0,0.36,32.14,0.37,30.5,0.64,32.14,0.63,30.5,0.65,0.38,0.66,5.0,0.01,0.01,2324.784045,1776224614000
1776224616.123,216.123,0.35,0.38,0.34,5.0,0.36,32.14,0.37,30.5,0.64,32.14,0.63,30.5,0.65,0.38,0.66,5.0,0.01,0.01,2324.8138,1776224615000
1776224617.247,217.247,0.27,24.95,0.26,83.7,0.36,18.64,0.37,25.5,0.64,32.14,0.63,30.5,0.65,0.38,0.66,5.0,0.09,0.01,2324.8138,1776224615000
1776224618.158,218.158,0.27,24.95,0.26,83.7,0.36,18.64,0.37,25.5,0.64,18.64,0.63,25.5,0.73,24.95,0.74,83.7,0.09,0.09,2324.79433,1776224617000
1776224618.616,218.616,0.32,33.5,0.31,20.0,0.34,12.14,0.35,15.0,0.64,18.64,0.63,25.5,0.73,24.95,0.74,83.7,0.02,0.09,2324.79433,1776224617000
1776224618.905,218.905,0.33,50.5,0.32,33.0,0.36,13.64,0.37,15.0,0.66,12.14,0.65,15.0,0.68,33.5,0.69,20.0,0.03,0.02,2324.79433,1776224617000
1776224619.387,219.387,0.33,50.5,0.32,33.0,0.36,13.64,0.37,15.0,0.64,13.64,0.63,15.0,0.67,50.5,0.68,33.0,0.03,0.03,2324.894951,1776224618000
1776224619.802,219.802,0.35,31.0,0.34,15.0,0.36,7.64,0.37,20.0,0.64,13.64,0.63,15.0,0.67,50.5,0.68,33.0,0.01,0.03,2324.894951,1776224618000
1776224620.082,220.082,0.35,11.0,0.33,10.0,0.36,109.5,0.37,35.5,0.64,109.5,0.63,35.5,0.65,11.0,0.67,10.0,0.01,0.01,2324.87854,1776224619000
1776224620.379,220.379,0.24,14.9,0.23,25.5,0.25,12.34,0.26,20.0,0.75,19.0,0.74,15.0,0.76,4.9,0.77,25.5,0.01,0.01,2324.87854,1776224619000
1776224621.343,221.343,0.24,14.9,0.23,25.5,0.25,12.34,0.26,20.0,0.75,12.34,0.74,20.0,0.76,14.9,0.77,25.5,0.01,0.01,2324.901505,1776224620000
1776224622.107,222.107,0.24,14.9,0.23,25.5,0.25,12.34,0.26,20.0,0.75,12.34,0.74,20.0,0.76,14.9,0.77,25.5,0.01,0.01,2324.88844,1776224621000
1776224622.314,222.314,0.26,8.64,0.25,25.0,0.27,20.0,0.28,20.5,0.71,23.36,0.7,15.0,0.75,27.0,0.76,30.5,0.01,0.04,2324.88844,1776224621000
1776224623.279,223.279,0.26,30.18,0.25,15.0,0.27,20.0,0.28,15.0,0.73,20.0,0.72,20.5,0.74,8.64,0.75,25.0,0.01,0.01,2324.88844,1776224621000
1776224623.722,223.722,0.26,30.18,0.25,15.0,0.27,20.0,0.28,15.0,0.73,20.0,0.72,15.0,0.74,30.18,0.75,15.0,0.01,0.01,2324.82386,1776224622000
1776224624.673,224.673,0.26,30.18,0.25,15.0,0.27,20.0,0.28,15.0,0.73,20.0,0.72,15.0,0.74,30.18,0.75,15.0,0.01,0.01,2324.78287,1776224623000
1776224625.284,225.284,0.26,30.18,0.25,15.0,0.27,20.0,0.28,15.0,0.73,20.0,0.72,15.0,0.74,30.18,0.75,15.0,0.01,0.01,2324.775795,1776224624000
1776224625.934,225.934,0.26,30.18,0.25,15.0,0.27,20.0,0.28,15.0,0.73,20.0,0.72,15.0,0.74,30.18,0.75,15.0,0.01,0.01,2324.77578,1776224625000
1776224626.527,226.527,0.26,13.18,0.25,5.0,0.28,46.5,0.29,20.5,0.73,20.0,0.72,15.0,0.74,30.18,0.75,15.0,0.02,0.01,2324.77578,1776224625000
1776224626.999,226.999,0.26,13.18,0.25,5.0,0.28,46.5,0.29,20.5,0.72,46.5,0.71,20.5,0.74,13.18,0.75,5.0,0.02,0.02,2324.8735,1776224626000
1776224628.182,228.182,0.26,13.18,0.25,5.0,0.28,46.5,0.29,20.5,0.72,46.5,0.71,20.5,0.74,13.18,0.75,5.0,0.02,0.02,2324.770675,1776224627000
1776224629.168,229.168,0.26,28.18,0.25,10.0,0.27,12.59,0.28,36.5,0.73,12.59,0.72,36.5,0.74,28.18,0.75,10.0,0.01,0.01,2324.764305,1776224628000
1776224630.403,230.403,0.26,28.18,0.25,10.0,0.27,12.59,0.28,36.5,0.73,12.59,0.72,36.5,0.74,28.18,0.75,10.0,0.01,0.01,2324.761038,1776224629000
1776224630.998,230.998,0.26,28.18,0.25,10.0,0.27,12.59,0.28,36.5,0.73,12.59,0.72,36.5,0.74,28.18,0.75,10.0,0.01,0.01,2324.866499,1776224630000
1776224632.218,232.218,0.26,28.18,0.25,10.0,0.27,12.59,0.28,36.5,0.73,12.59,0.72,36.5,0.74,28.18,0.75,10.0,0.01,0.01,2324.91324,1776224631000
1776224633.577,233.577,0.26,28.18,0.25,10.0,0.27,12.59,0.28,36.5,0.73,12.59,0.72,36.5,0.74,28.18,0.75,10.0,0.01,0.01,2324.91364,1776224632000
1776224633.994,233.994,0.23,10.0,0.22,10.0,0.27,18.09,0.28,36.5,0.73,18.09,0.72,36.5,0.77,10.0,0.78,10.0,0.04,0.04,2324.913505,1776224633000
1776224635.012,235.012,0.23,10.0,0.22,10.0,0.27,18.09,0.28,36.5,0.73,18.09,0.72,36.5,0.77,10.0,0.78,10.0,0.04,0.04,2324.865507,1776224634000
1776224635.796,235.796,0.16,19.46,0.14,21.0,0.22,10.0,0.23,22.0,0.73,18.09,0.72,36.5,0.77,10.0,0.78,10.0,0.06,0.04,2324.865507,1776224634000
1776224636.182,236.182,0.16,24.81,0.14,16.0,0.17,5.41,0.18,16.0,0.78,10.0,0.77,22.0,0.84,19.46,0.86,21.0,0.01,0.06,2324.865507,1776224634000
1776224636.821,236.821,0.16,24.31,0.14,26.0,0.17,5.41,0.18,16.0,0.83,5.41,0.82,16.0,0.84,23.61,0.86,16.0,0.01,0.01,2324.756675,1776224635000
1776224637.285,237.285,0.16,27.29,0.15,10.5,0.17,5.41,0.18,16.0,0.83,5.41,0.82,16.0,0.84,24.31,0.86,26.0,0.01,0.01,2324.756675,1776224635000
1776224637.915,237.915,0.16,27.48,0.15,10.5,0.17,5.41,0.18,16.0,0.83,5.41,0.82,16.0,0.84,27.29,0.85,10.5,0.01,0.01,2324.713213,1776224636000
1776224638.21,238.21,0.16,21.21,0.15,10.5,0.18,14.53,0.19,10.0,0.83,5.41,0.82,16.0,0.84,27.48,0.85,10.5,0.02,0.01,2324.687849,1776224637000
1776224638.756,238.756,0.16,16.21,0.14,31.5,0.17,20.5,0.18,14.53,0.82,14.53,0.81,10.0,0.84,21.21,0.85,10.5,0.01,0.02,2324.687849,1776224637000
1776224639.037,239.037,0.14,10.39,0.13,10.0,0.17,25.5,0.18,19.53,0.83,20.5,0.82,14.53,0.84,16.21,0.86,31.5,0.03,0.01,2324.687849,1776224637000
1776224639.383,239.383,0.14,8.29,0.13,27.0,0.15,42.5,0.16,42.5,0.83,25.5,0.82,19.53,0.86,10.39,0.87,10.0,0.01,0.03,2324.687849,1776224637000
1776224639.612,239.612,0.14,0.71,0.13,27.0,0.15,47.5,0.16,42.5,0.85,47.5,0.84,42.5,0.86,0.71,0.87,27.0,0.01,0.01,2324.624916,1776224638000
1776224640.005,240.005,0.13,27.0,0.12,37.09,0.15,32.5,0.16,42.5,0.85,47.5,0.84,42.5,0.86,0.71,0.87,27.0,0.02,0.01,2324.624916,1776224638000
1776224640.646,240.646,0.14,6.54,0.13,34.76,0.15,17.0,0.16,27.0,0.85,32.5,0.84,42.5,0.87,27.0,0.88,37.09,0.01,0.02,2324.624916,1776224638000
1776224641.324,241.324,0.14,6.54,0.13,34.76,0.15,17.0,0.16,27.0,0.85,17.0,0.84,27.0,0.86,6.54,0.87,34.76,0.01,0.01,2324.652753,1776224640000
1776224641.582,241.582,0.14,1.54,0.13,17.76,0.15,32.0,0.16,27.0,0.85,17.0,0.84,27.0,0.86,6.54,0.87,34.76,0.01,0.01,2324.652753,1776224640000
1776224642.53,242.53,0.14,1.54,0.13,17.76,0.15,32.0,0.16,27.0,0.85,32.0,0.84,27.0,0.86,1.54,0.87,17.76,0.01,0.01,2324.563856,1776224641000
1776224643.084,243.084,0.11,9.85,0.1,10.0,0.13,41.0,0.14,30.0,0.87,41.0,0.86,30.0,0.89,9.85,0.9,10.0,0.02,0.02,2324.554094,1776224642000
1776224644.212,244.212,0.11,9.85,0.1,10.0,0.13,41.0,0.14,30.0,0.87,41.0,0.86,30.0,0.89,9.85,0.9,10.0,0.02,0.02,2324.527066,1776224643000
1776224645.459,245.459,0.11,9.85,0.1,10.0,0.13,41.0,0.14,30.0,0.87,41.0,0.86,30.0,0.89,9.85,0.9,10.0,0.02,0.02,2324.49492,1776224644000
1776224645.924,245.924,0.11,9.85,0.1,10.0,0.13,41.0,0.14,30.0,0.87,41.0,0.86,30.0,0.89,9.85,0.9,10.0,0.02,0.02,2324.451271,1776224645000
1776224646.401,246.401,0.11,25.05,0.1,10.0,0.12,5.0,0.13,31.0,0.87,41.0,0.86,30.0,0.89,9.85,0.9,10.0,0.01,0.02,2324.451271,1776224645000
1776224647.238,247.238,0.11,26.73,0.1,10.0,0.12,5.0,0.13,31.0,0.88,5.0,0.87,31.0,0.89,13.05,0.9,10.0,0.01,0.01,2324.451271,1776224645000
1776224647.531,247.531,0.11,22.51,0.1,10.0,0.13,26.15,0.14,28.0,0.87,26.15,0.86,28.0,0.89,22.51,0.9,10.0,0.02,0.02,2324.449265,1776224646000
1776224648.157,248.157,0.11,22.51,0.1,10.0,0.13,26.15,0.14,28.0,0.87,26.15,0.86,28.0,0.89,22.51,0.9,10.0,0.02,0.02,2324.449255,1776224647000
1776224649.033,249.033,0.1,5.75,0.09,42.0,0.12,20.0,0.13,26.15,0.87,26.15,0.86,28.0,0.89,22.51,0.9,10.0,0.02,0.02,2324.449255,1776224647000
1776224649.293,249.293,0.1,5.75,0.09,42.0,0.12,20.0,0.13,26.15,0.88,20.0,0.87,26.15,0.9,5.75,0.91,42.0,0.02,0.02,2324.454595,1776224648000
1776224650.782,250.782,0.1,5.75,0.09,42.0,0.12,20.0,0.13,26.15,0.88,20.0,0.87,26.15,0.9,5.75,0.91,42.0,0.02,0.02,2324.45898,1776224649000
1776224651.413,251.413,0.1,5.75,0.09,42.0,0.12,20.0,0.13,26.15,0.88,20.0,0.87,26.15,0.9,5.75,0.91,42.0,0.02,0.02,2324.45898,1776224650000
1776224651.946,251.946,0.1,5.75,0.09,42.0,0.12,20.0,0.13,26.15,0.88,20.0,0.87,26.15,0.9,5.75,0.91,42.0,0.02,0.02,2324.458935,1776224651000
1776224653.156,253.156,0.1,18.85,0.09,10.0,0.12,15.0,0.13,71.95,0.88,15.0,0.87,71.95,0.9,18.85,0.91,10.0,0.02,0.02,2324.459546,1776224652000
1776224653.368,253.368,0.14,15.0,0.13,10.0,0.17,3.0,0.18,34.4,0.88,15.0,0.87,71.95,0.9,18.85,0.91,10.0,0.03,0.02,2324.459546,1776224652000
1776224654.337,254.337,0.16,10.0,0.15,10.0,0.18,39.4,0.19,33.4,0.82,39.4,0.81,33.4,0.84,10.0,0.85,10.0,0.02,0.02,2324.46519,1776224653000
1776224654.785,254.785,0.13,10.0,0.12,34.0,0.15,3.66,0.16,23.93,0.82,39.4,0.81,33.4,0.84,10.0,0.85,10.0,0.02,0.02,2324.46519,1776224653000
1776224656.076,256.076,0.13,9.36,0.12,34.0,0.15,3.66,0.16,18.93,0.85,3.66,0.84,18.93,0.87,9.36,0.88,34.0,0.02,0.02,2324.544845,1776224655000
1776224656.74,256.74,0.15,5.0,0.14,10.0,0.16,77.73,0.17,40.5,0.85,3.66,0.84,18.93,0.87,9.36,0.88,34.0,0.01,0.02,2324.544845,1776224655000
1776224657.143,257.143,0.15,10.0,0.14,10.0,0.16,71.48,0.17,40.5,0.84,71.48,0.83,40.5,0.85,10.0,0.86,10.0,0.01,0.01,2324.549525,1776224656000
1776224658.386,258.386,0.15,10.0,0.14,10.0,0.16,71.48,0.17,40.5,0.84,71.48,0.83,40.5,0.85,10.0,0.86,10.0,0.01,0.01,2324.550335,1776224657000
1776224658.908,258.908,0.15,10.0,0.14,10.0,0.16,71.48,0.17,40.5,0.84,71.48,0.83,40.5,0.85,10.0,0.86,10.0,0.01,0.01,2324.55037,1776224658000
1776224660.011,260.011,0.15,10.0,0.14,10.0,0.16,71.48,0.17,40.5,0.84,71.48,0.83,40.5,0.85,10.0,0.86,10.0,0.01,0.01,2324.55802,1776224659000
1776224660.321,260.321,0.15,10.0,0.14,10.01,0.18,13.0,0.19,15.0,0.82,10.0,0.81,10.0,0.86,10.01,0.87,14.36,0.03,0.04,2324.55802,1776224659000
1776224660.85,260.85,0.18,9.41,0.17,15.0,0.19,20.0,0.2,15.0,0.82,13.0,0.81,15.0,0.85,10.0,0.86,10.01,0.01,0.03,2324.55802,1776224659000
1776224661.148,261.148,0.17,15.0,0.16,10.0,0.19,15.0,0.2,15.0,0.81,20.0,0.8,15.0,0.82,9.41,0.83,15.0,0.02,0.01,2324.56285,1776224660000
1776224661.623,261.623,0.17,2.38,0.16,10.0,0.19,30.0,0.2,42.5,0.81,15.0,0.8,15.0,0.83,15.0,0.84,10.0,0.02,0.02,2324.56285,1776224660000
1776224662.204,262.204,0.17,2.38,0.16,10.0,0.19,30.0,0.2,42.5,0.81,30.0,0.8,42.5,0.83,2.38,0.84,10.0,0.02,0.02,2324.579655,1776224661000
1776224663.052,263.052,0.16,15.0,0.15,10.0,0.17,21.83,0.18,15.0,0.81,30.0,0.8,42.5,0.83,2.38,0.84,10.0,0.01,0.02,2324.579655,1776224661000
1776224663.315,263.315,0.16,15.0,0.15,10.0,0.17,21.83,0.18,15.0,0.83,21.83,0.82,15.0,0.84,15.0,0.85,10.0,0.01,0.01,2324.66005,1776224662000
1776224663.685,263.685,0.16,15.0,0.15,15.0,0.17,27.94,0.2,10.0,0.83,21.83,0.82,15.0,0.84,15.0,0.85,10.0,0.01,0.01,2324.66005,1776224662000
1776224663.989,263.989,0.22,14.74,0.18,17.0,0.23,27.3,0.24,19.7,0.82,22.45,0.81,10.0,0.84,10.0,0.86,23.0,0.01,0.02,2324.66005,1776224662000
1776224664.21,264.21,0.24,10.0,0.23,10.0,0.26,13.19,0.27,10.0,0.77,27.3,0.76,19.7,0.8,11.22,0.81,26.0,0.02,0.03,2324.66005,1776224662000
1776224664.414,264.414,0.23,5.9,0.22,10.0,0.26,9.9,0.27,3.19,0.74,4.9,0.73,3.19,0.75,10.0,0.76,30.83,0.03,0.01,2324.66005,1776224662000
1776224664.675,264.675,0.25,12.46,0.24,10.0,0.26,36.31,0.27,8.19,0.74,36.31,0.73,8.19,0.75,9.0,0.76,10.0,0.01,0.01,2324.661125,1776224663000
1776224664.907,264.907,0.2,11.22,0.19,26.0,0.26,36.31,0.27,8.19,0.74,36.31,0.73,8.19,0.8,11.22,0.81,26.0,0.06,0.06,2324.667375,1776224664000
1776224665.347,265.347,0.21,3.0,0.2,11.22,0.23,15.0,0.24,25.0,0.76,15.0,0.75,20.0,0.78,7.98,0.79,10.0,0.02,0.02,2324.667375,1776224664000
1776224665.642,265.642,0.18,20.78,0.17,28.0,0.19,10.0,0.2,15.0,0.8,10.0,0.79,10.0,0.82,23.36,0.83,28.0,0.01,0.02,2324.667375,1776224664000
1776224665.849,265.849,0.18,14.53,0.17,28.0,0.21,9.0,0.22,10.0,0.8,15.0,0.79,15.0,0.82,14.53,0.83,28.0,0.03,0.02,2324.667375,1776224664000
1776224666.093,266.093,0.17,8.19,0.16,61.48,0.19,15.0,0.2,15.0,0.8,20.0,0.79,14.0,0.84,61.48,0.85,10.0,0.02,0.04,2324.748518,1776224665000
1776224666.422,266.422,0.18,13.67,0.17,8.19,0.19,14.0,0.2,15.0,0.81,15.0,0.8,15.0,0.83,8.19,0.84,61.48,0.01,0.02,2324.748518,1776224665000
1776224666.815,266.815,0.22,10.89,0.21,10.0,0.23,15.0,0.24,10.0,0.79,9.0,0.78,10.0,0.82,10.0,0.83,8.19,0.01,0.03,2324.748518,1776224665000
1776224667.12,267.12,0.19,9.15,0.18,10.0,0.23,9.74,0.24,10.0,0.77,9.74,0.76,10.0,0.81,9.15,0.82,10.0,0.04,0.04,2324.981055,1776224666000
1776224667.385,267.385,0.2,5.55,0.19,9.15,0.21,15.0,0.22,15.0,0.78,15.0,0.77,14.74,0.8,18.05,0.81,9.15,0.01,0.02,2324.981055,1776224666000
1776224667.653,267.653,0.2,18.55,0.19,9.15,0.22,12.14,0.23,9.74,0.79,15.0,0.78,15.0,0.8,3.55,0.81,9.15,0.02,0.01,2324.981055,1776224666000
1776224667.924,267.924,0.2,12.97,0.19,9.15,0.21,10.0,0.22,15.0,0.78,12.14,0.77,9.74,0.8,18.55,0.81,9.15,0.01,0.02,2324.981055,1776224666000
1776224668.293,268.293,0.2,12.97,0.19,9.15,0.21,10.0,0.22,15.0,0.79,10.0,0.78,15.0,0.8,12.97,0.81,9.15,0.01,0.01,2324.985667,1776224667000
1776224668.77,268.77,0.24,12.0,0.23,29.0,0.26,10.0,0.27,10.0,0.79,10.0,0.78,15.0,0.8,12.97,0.81,9.15,0.02,0.01,2324.985667,1776224667000
1776224669.241,269.241,0.24,12.0,0.23,29.0,0.26,10.0,0.27,10.0,0.74,10.0,0.73,10.0,0.76,12.0,0.77,29.0,0.02,0.02,2324.867175,1776224668000
1776224669.887,269.887,0.23,34.0,0.22,10.0,0.25,10.0,0.26,25.0,0.74,10.0,0.73,10.0,0.76,12.0,0.77,29.0,0.02,0.02,2324.867175,1776224668000
1776224670.324,270.324,0.23,34.0,0.22,10.0,0.25,10.0,0.26,25.0,0.75,10.0,0.74,25.0,0.77,34.0,0.78,10.0,0.02,0.02,2324.987953,1776224669000
1776224670.889,270.889,0.23,34.0,0.22,10.0,0.25,10.0,0.26,25.0,0.75,10.0,0.74,25.0,0.77,34.0,0.78,10.0,0.02,0.02,2324.980921,1776224670000
1776224671.331,271.331,0.23,8.51,0.22,10.0,0.24,10.0,0.25,10.0,0.76,10.0,0.75,10.0,0.77,11.42,0.78,10.0,0.01,0.01,2324.980921,1776224670000
1776224671.999,271.999,0.2,5.0,0.17,30.0,0.23,10.0,0.24,10.0,0.76,10.0,0.75,10.0,0.77,8.51,0.78,10.0,0.03,0.01,2324.980921,1776224670000
1776224673.052,273.052,0.2,7.4,0.19,6.0,0.21,25.0,0.22,25.0,0.77,10.0,0.76,10.0,0.8,5.0,0.83,30.0,0.01,0.03,2324.948597,1776224671000
1776224673.971,273.971,0.19,6.4,0.17,30.0,0.21,30.0,0.22,25.0,0.79,25.0,0.78,25.0,0.8,7.4,0.81,6.0,0.02,0.01,2324.89938,1776224672000
1776224674.328,274.328,0.19,6.4,0.17,30.0,0.21,30.0,0.22,25.0,0.79,30.0,0.78,25.0,0.81,6.4,0.83,30.0,0.02,0.02,2324.905215,1776224673000
1776224674.933,274.933,0.19,6.4,0.17,30.0,0.21,30.0,0.22,25.0,0.79,30.0,0.78,25.0,0.81,6.4,0.83,30.0,0.02,0.02,2324.87795,1776224674000
1776224675.442,275.442,0.19,11.64,0.16,74.48,0.2,15.0,0.21,10.0,0.76,10.0,0.75,10.0,0.81,16.4,0.84,74.48,0.01,0.05,2324.87795,1776224674000
1776224675.646,275.646,0.19,8.76,0.16,74.48,0.2,10.0,0.21,10.0,0.8,15.0,0.79,10.0,0.81,11.64,0.84,74.48,0.01,0.01,2324.87795,1776224674000
1776224676.178,276.178,0.19,8.76,0.16,74.48,0.2,10.0,0.21,10.0,0.8,10.0,0.79,10.0,0.81,8.76,0.84,74.48,0.01,0.01,2324.870855,1776224675000
1776224677.307,277.307,0.17,14.0,0.16,84.48,0.19,9.0,0.2,10.0,0.81,9.0,0.8,10.0,0.83,14.0,0.84,84.48,0.02,0.02,2324.868215,1776224676000
1776224677.847,277.847,0.17,14.0,0.16,84.48,0.19,9.0,0.2,10.0,0.81,9.0,0.8,10.0,0.83,14.0,0.84,84.48,0.02,0.02,2324.910062,1776224677000
1776224679.018,279.018,0.17,14.0,0.16,84.48,0.19,9.0,0.2,10.0,0.81,9.0,0.8,10.0,0.83,14.0,0.84,84.48,0.02,0.02,2324.86897,1776224678000
1776224679.828,279.828,0.16,54.48,0.15,19.0,0.18,8.0,0.19,9.0,0.81,9.0,0.8,10.0,0.83,14.0,0.84,84.48,0.02,0.02,2324.86897,1776224678000
1776224680.12,280.12,0.16,54.48,0.15,19.0,0.18,8.0,0.19,9.0,0.82,8.0,0.81,9.0,0.84,54.48,0.85,19.0,0.02,0.02,2324.876025,1776224679000
1776224681.061,281.061,0.14,30.0,0.13,10.0,0.16,15.0,0.17,10.0,0.82,8.0,0.81,9.0,0.84,54.48,0.85,19.0,0.02,0.02,2324.876025,1776224679000
1776224682.332,282.332,0.14,30.0,0.13,10.0,0.16,15.0,0.17,10.0,0.84,15.0,0.83,10.0,0.86,30.0,0.87,10.0,0.02,0.02,2324.86045,1776224681000
1776224682.538,282.538,0.07,10.55,0.06,33.0,0.09,10.0,0.1,10.0,0.87,10.0,0.86,20.0,0.93,13.75,0.94,33.0,0.02,0.06,2324.86045,1776224681000
1776224682.851,282.851,0.05,0.19,0.04,35.93,0.06,20.0,0.07,25.0,0.94,20.0,0.93,25.0,0.95,0.19,0.96,35.93,0.01,0.01,2324.899068,1776224682000
1776224683.567,283.567,0.04,35.07,0.03,86.0,0.06,18.79,0.07,25.0,0.94,23.79,0.93,25.0,0.95,0.19,0.96,35.93,0.02,0.01,2324.899068,1776224682000
1776224683.989,283.989,0.04,65.32,0.03,86.0,0.05,9.05,0.06,13.79,0.95,9.05,0.94,13.79,0.96,65.32,0.97,86.0,0.01,0.01,2324.873765,1776224683000
1776224684.212,284.212,0.04,44.48,0.03,86.0,0.05,4.06,0.06,13.79,0.95,9.05,0.94,18.79,0.96,39.48,0.97,86.0,0.01,0.01,2324.873765,1776224683000
1776224684.456,284.456,0.04,23.64,0.03,86.0,0.05,4.06,0.06,13.79,0.95,4.06,0.94,13.79,0.96,44.48,0.97,86.0,0.01,0.01,2324.873765,1776224683000
1776224685.104,285.104,0.04,23.64,0.03,86.0,0.05,4.06,0.06,13.79,0.95,4.06,0.94,13.79,0.96,23.64,0.97,86.0,0.01,0.01,2324.778665,1776224684000
1776224685.591,285.591,0.03,100.66,0.02,290.0,0.04,15.0,0.05,4.06,0.95,4.06,0.94,13.79,0.96,23.64,0.97,86.0,0.01,0.01,2324.778665,1776224684000
1776224686.0,286.0,0.03,100.66,0.02,290.0,0.04,9.0,0.05,4.06,0.96,15.0,0.95,4.06,0.97,100.66,0.98,290.0,0.01,0.01,2324.778665,1776224684000
1776224686.997,286.997,0.03,94.62,0.02,190.0,0.04,9.0,0.05,4.06,0.96,9.0,0.95,4.06,0.97,94.62,0.98,190.0,0.01,0.01,2324.630288,1776224686000
1776224687.356,287.356,0.03,40.96,0.02,190.0,0.04,19.0,0.05,9.06,0.96,9.0,0.95,4.06,0.97,94.62,0.98,190.0,0.01,0.01,2324.630288,1776224686000
1776224688.042,288.042,0.02,190.0,0.01,6390.0,0.04,29.0,0.05,9.06,0.96,29.0,0.95,9.06,0.98,190.0,0.99,6390.0,0.02,0.02,2324.624695,1776224687000
1776224688.449,288.449,0.02,240.5,0.01,6390.0,0.04,24.0,0.05,14.06,0.96,29.0,0.95,9.06,0.98,190.0,0.99,6390.0,0.02,0.02,2324.624695,1776224687000
1776224688.857,288.857,0.02,235.39,0.01,6390.0,0.03,10.0,0.04,19.0,0.96,24.0,0.95,14.06,0.98,240.5,0.99,6390.0,0.01,0.02,2324.624695,1776224687000
1776224689.085,289.085,0.02,235.39,0.01,6390.0,0.04,14.0,0.05,9.06,0.97,10.0,0.96,19.0,0.98,235.39,0.99,6390.0,0.02,0.01,2324.63465,1776224688000
1776224689.433,289.433,0.02,204.7,0.01,6390.0,0.03,15.0,0.04,14.0,0.97,15.0,0.96,14.0,0.98,214.39,0.99,6390.0,0.01,0.01,2324.63465,1776224688000
1776224689.988,289.988,0.02,204.7,0.01,6390.0,0.03,15.0,0.04,14.0,0.97,15.0,0.96,14.0,0.98,204.7,0.99,6390.0,0.01,0.01,2324.63035,1776224689000
1776224690.919,290.919,0.02,204.59,0.01,6390.0,0.03,15.0,0.04,14.0,0.97,15.0,0.96,14.0,0.98,204.59,0.99,6390.0,0.01,0.01,2324.62035,1776224690000
1776224691.121,291.121,0.02,170.59,0.01,1290.0,0.03,20.0,0.04,14.0,0.97,15.0,0.96,14.0,0.98,204.59,0.99,6390.0,0.01,0.01,2324.62035,1776224690000
1776224691.816,291.816,0.02,168.75,0.01,1290.0,0.03,25.0,0.04,14.0,0.97,20.0,0.96,14.0,0.98,170.59,0.99,1290.0,0.01,0.01,2324.62035,1776224690000
1776224692.317,292.317,0.02,148.34,0.01,1290.0,0.03,30.0,0.04,14.0,0.97,25.0,0.96,14.0,0.98,168.75,0.99,1290.0,0.01,0.01,2324.61909,1776224691000
1776224692.634,292.634,0.02,62.65,0.01,1290.0,0.03,25.0,0.04,14.0,0.97,25.0,0.96,14.0,0.98,145.48,0.99,1290.0,0.01,0.01,2324.61909,1776224691000
1776224692.983,292.983,0.02,34.49,0.01,1290.0,0.03,35.0,0.04,19.0,0.97,35.0,0.96,19.0,0.98,65.49,0.99,1290.0,0.01,0.01,2324.61909,1776224691000
1776224693.341,293.341,0.02,34.49,0.01,1290.0,0.03,35.0,0.04,19.0,0.97,35.0,0.96,19.0,0.98,34.49,0.99,1290.0,0.01,0.01,2324.620275,1776224692000
1776224693.607,293.607,0.01,1284.23,,,0.02,20.0,0.03,25.0,0.98,15.0,0.97,25.0,0.99,1291.26,,,0.01,0.01,2324.620275,1776224692000
1776224694.287,294.287,0.01,1284.23,,,0.02,20.0,0.03,25.0,0.98,20.0,0.97,25.0,0.99,1284.23,,,0.01,0.01,2324.630295,1776224693000
1776224694.488,294.488,0.01,1127.71,,,0.02,20.0,0.03,25.0,0.98,20.0,0.97,25.0,0.99,1284.23,,,0.01,0.01,2324.630295,1776224693000
1776224695.232,295.232,0.01,1127.71,,,0.02,20.0,0.03,25.0,0.98,20.0,0.97,25.0,0.99,1127.71,,,0.01,0.01,2324.6305,1776224694000
1776224695.631,295.631,0.01,1121.71,,,0.02,11.0,0.03,25.0,0.98,20.0,0.97,25.0,0.99,1116.71,,,0.01,0.01,2324.6305,1776224694000
1776224695.956,295.956,0.03,14.0,0.01,1121.71,0.04,14.0,0.05,32.06,0.98,11.0,0.97,25.0,0.99,1121.71,,,0.01,0.01,2324.6305,1776224694000
1776224696.186,296.186,0.03,14.0,0.01,1121.71,0.04,14.0,0.05,32.06,0.96,14.0,0.95,32.06,0.97,14.0,0.99,1121.71,0.01,0.01,2324.63045,1776224695000
1776224696.483,296.483,0.03,7.76,0.01,1016.71,0.04,29.0,0.05,14.06,0.96,29.0,0.95,14.06,0.97,13.89,0.99,1016.71,0.01,0.01,2324.63045,1776224695000
1776224696.814,296.814,0.01,874.31,,,0.04,29.0,0.05,14.06,0.96,29.0,0.95,14.06,0.97,7.76,0.99,1016.71,0.03,0.01,2324.63045,1776224695000
1776224697.178,297.178,0.01,860.22,,,0.02,15.0,0.03,10.0,0.98,15.0,0.97,10.0,0.99,862.25,,,0.01,0.01,2324.63045,1776224695000
1776224697.399,297.399,0.01,695.61,,,0.02,147.0,0.03,10.0,0.98,147.0,0.97,10.0,0.99,704.35,,,0.01,0.01,2324.63045,1776224695000
1776224697.606,297.606,0.01,177.69,,,0.02,162.0,0.03,8.0,0.98,157.0,0.97,8.0,0.99,214.69,,,0.01,0.01,2324.63045,1776224695000
1776224698.21,298.21,,,,,0.02,157.0,0.03,8.0,0.98,157.0,0.97,8.0,,,,,,,2324.63936,1776224697000
1776224699.302,299.302,,,,,0.02,157.0,0.03,8.0,0.98,157.0,0.97,8.0,,,,,,,2324.638995,1776224698000
1776224700.252,300.252,,,,,0.01,6033.65,0.02,41.0,0.99,6033.65,0.98,41.0,,,,,,,2324.63959,1776224699000

# RESULT,winner=Up,slug=eth-updown-5m-1776224400,ticks=433
