timestamp,elapsed_sec,up_bid_p1,up_bid_s1,up_bid_p2,up_bid_s2,up_ask_p1,up_ask_s1,up_ask_p2,up_ask_s2,down_bid_p1,down_bid_s1,down_bid_p2,down_bid_s2,down_ask_p1,down_ask_s1,down_ask_p2,down_ask_s2,up_spread,down_spread,eth_price,eth_oracle_ts
1776255300.537,0.537,0.47,8.0,0.46,220.0,0.48,17.21,0.49,10.0,0.52,17.21,0.51,10.0,0.53,10.0,0.54,150.0,0.01,0.01,2334.86005,1776255299000
1776255300.77,0.77,0.5,11.7,0.49,70.0,0.51,8.64,0.53,5.0,0.49,8.64,0.47,5.0,0.53,3.0,0.54,220.0,0.01,0.04,2334.86005,1776255299000
1776255301.223,1.223,0.5,10.0,0.49,225.0,0.51,8.64,0.52,5.0,0.49,8.64,0.47,5.0,0.5,11.7,0.51,70.0,0.01,0.01,2334.8431,1776255300000
1776255301.45,1.45,0.47,3.0,0.45,5.0,0.49,67.95,0.5,5.0,0.49,78.64,0.48,11.0,0.53,3.0,0.55,5.0,0.02,0.04,2334.8431,1776255300000
1776255301.966,1.966,0.36,13.89,0.35,70.0,0.41,60.0,0.42,70.0,0.55,8.11,0.51,63.0,0.57,13.0,0.58,13.0,0.05,0.02,2334.8431,1776255300000
1776255302.317,2.317,0.36,8.89,0.35,85.0,0.41,53.18,0.42,80.0,0.59,60.0,0.58,80.0,0.64,8.89,0.65,85.0,0.05,0.05,2334.90727,1776255301000
1776255303.075,3.075,0.36,8.89,0.35,85.0,0.41,53.18,0.42,80.0,0.59,53.18,0.58,80.0,0.64,8.89,0.65,85.0,0.05,0.05,2335.028255,1776255302000
1776255303.411,3.411,0.38,20.14,0.37,15.0,0.39,33.0,0.4,107.0,0.59,53.18,0.58,80.0,0.64,8.89,0.65,85.0,0.01,0.05,2335.028255,1776255302000
1776255303.878,3.878,0.38,11.99,0.37,15.0,0.39,33.0,0.4,28.0,0.61,33.0,0.6,107.0,0.62,20.14,0.63,15.0,0.01,0.01,2335.028255,1776255302000
1776255304.146,4.146,0.37,14.92,0.36,18.89,0.39,16.0,0.4,28.0,0.61,33.0,0.6,28.0,0.62,11.99,0.63,15.0,0.02,0.01,2335.028255,1776255302000
1776255304.495,4.495,0.36,25.89,0.35,90.0,0.39,16.0,0.4,28.0,0.61,16.0,0.6,28.0,0.63,14.92,0.64,18.89,0.03,0.02,2334.23075,1776255303000
1776255304.737,4.737,0.37,3.41,0.36,25.89,0.39,21.0,0.4,33.0,0.61,16.0,0.6,28.0,0.63,3.41,0.64,18.89,0.02,0.02,2334.23075,1776255303000
1776255305.261,5.261,0.37,3.41,0.36,25.89,0.39,21.0,0.4,33.0,0.61,21.0,0.6,33.0,0.63,3.41,0.64,25.89,0.02,0.02,2334.1244,1776255304000
1776255305.565,5.565,0.28,17.0,0.27,5.0,0.31,50.0,0.33,5.0,0.65,70.0,0.64,77.81,0.71,1.76,0.72,22.0,0.03,0.06,2334.1244,1776255304000
1776255306.106,6.106,0.27,18.0,0.26,113.0,0.31,60.0,0.32,17.0,0.69,55.0,0.68,7.0,0.73,2.0,0.74,96.0,0.04,0.04,2334.1244,1776255304000
1776255306.501,6.501,0.3,103.54,0.29,115.0,0.31,15.0,0.32,26.0,0.69,60.0,0.68,17.0,0.73,18.0,0.74,113.0,0.01,0.04,2334.128451,1776255305000
1776255306.727,6.727,0.3,108.54,0.29,122.0,0.31,11.77,0.32,26.0,0.69,15.0,0.68,26.0,0.7,103.54,0.71,115.0,0.01,0.01,2334.128451,1776255305000
1776255307.315,7.315,0.3,108.54,0.29,122.0,0.31,11.77,0.32,26.0,0.69,11.77,0.68,26.0,0.7,108.54,0.71,122.0,0.01,0.01,2333.811803,1776255306000
1776255308.397,8.397,0.3,103.25,0.29,115.5,0.32,127.0,0.33,120.0,0.68,127.0,0.67,120.0,0.7,103.25,0.71,115.5,0.02,0.02,2333.47815,1776255307000
1776255309.514,9.514,0.3,103.25,0.29,115.5,0.32,127.0,0.33,120.0,0.68,127.0,0.67,120.0,0.7,103.25,0.71,115.5,0.02,0.02,2333.40376,1776255308000
1776255309.904,9.904,0.31,70.5,0.3,45.5,0.36,160.0,0.37,205.0,0.68,127.0,0.67,120.0,0.7,103.25,0.71,115.5,0.05,0.02,2333.40376,1776255308000
1776255310.222,10.222,0.33,150.0,0.32,125.5,0.35,10.5,0.36,74.0,0.64,160.0,0.63,205.0,0.69,70.5,0.7,45.5,0.02,0.05,2333.40376,1776255308000
1776255310.529,10.529,0.33,150.0,0.32,125.5,0.35,10.5,0.36,74.0,0.65,10.5,0.64,74.0,0.67,150.0,0.68,125.5,0.02,0.02,2333.37322,1776255309000
1776255310.841,10.841,0.33,135.25,0.32,125.5,0.35,46.0,0.36,89.5,0.65,51.5,0.64,74.0,0.67,142.83,0.68,125.5,0.02,0.02,2333.37322,1776255309000
1776255311.372,11.372,0.33,145.63,0.32,125.5,0.35,36.0,0.36,84.5,0.65,36.0,0.64,84.5,0.67,145.63,0.68,125.5,0.02,0.02,2333.381137,1776255310000
1776255311.674,11.674,0.34,6.96,0.33,30.5,0.35,36.0,0.36,84.0,0.65,36.0,0.64,84.5,0.67,145.63,0.68,125.5,0.01,0.02,2333.381137,1776255310000
1776255312.133,12.133,0.33,110.0,0.32,135.5,0.34,21.0,0.35,27.0,0.65,36.0,0.64,84.5,0.66,2.34,0.67,20.0,0.01,0.01,2333.381137,1776255310000
1776255312.391,12.391,0.33,110.0,0.32,135.5,0.34,21.0,0.35,27.0,0.66,21.0,0.65,27.0,0.67,110.0,0.68,135.5,0.01,0.01,2333.4261,1776255311000
1776255313.197,13.197,0.33,110.0,0.32,135.5,0.34,21.0,0.35,27.0,0.66,21.0,0.65,27.0,0.67,110.0,0.68,135.5,0.01,0.01,2333.4511,1776255312000
1776255313.509,13.509,0.29,0.31,0.28,115.5,0.3,15.0,0.31,68.0,0.66,21.0,0.65,27.0,0.67,110.0,0.68,135.5,0.01,0.01,2333.4511,1776255312000
1776255314.684,14.684,0.28,134.97,0.27,115.0,0.29,18.0,0.3,71.14,0.71,18.0,0.7,71.14,0.72,134.97,0.73,115.0,0.01,0.01,2333.487004,1776255313000
1776255314.887,14.887,0.28,121.63,0.27,120.0,0.3,66.5,0.31,88.5,0.71,10.0,0.7,66.5,0.72,122.66,0.73,130.0,0.02,0.01,2333.487004,1776255313000
1776255315.466,15.466,0.28,121.63,0.27,120.0,0.3,66.5,0.31,88.5,0.7,66.5,0.69,88.5,0.72,121.63,0.73,120.0,0.02,0.02,2333.340174,1776255314000
1776255315.846,15.846,0.29,133.91,0.28,126.63,0.3,66.5,0.31,88.5,0.7,66.5,0.69,88.5,0.72,121.63,0.73,120.0,0.01,0.02,2333.340174,1776255314000
1776255316.316,16.316,0.29,133.91,0.28,126.63,0.3,66.5,0.31,88.5,0.7,66.5,0.69,88.5,0.71,133.91,0.72,126.63,0.01,0.01,2333.182877,1776255315000
1776255316.622,16.622,0.29,159.41,0.28,121.63,0.3,2.0,0.31,38.5,0.7,66.5,0.69,88.5,0.71,133.91,0.72,126.63,0.01,0.01,2333.182877,1776255315000
1776255317.359,17.359,0.3,12.32,0.29,100.0,0.31,103.5,0.32,120.5,0.7,2.0,0.69,38.5,0.71,159.41,0.72,121.63,0.01,0.01,2333.182877,1776255315000
1776255317.857,17.857,0.3,12.32,0.29,100.0,0.31,103.5,0.32,120.5,0.69,103.5,0.68,120.5,0.7,12.32,0.71,100.0,0.01,0.01,2333.114618,1776255316000
1776255318.18,18.18,0.3,4.67,0.29,100.0,0.31,147.5,0.32,120.5,0.69,103.5,0.68,120.5,0.7,12.32,0.71,100.0,0.01,0.01,2333.114618,1776255316000
1776255318.716,18.716,0.29,100.0,0.28,110.07,0.31,152.5,0.32,120.5,0.69,152.5,0.68,120.5,0.71,100.0,0.72,110.07,0.02,0.02,2333.10615,1776255317000
1776255319.065,19.065,0.29,106.14,0.28,110.07,0.3,76.5,0.31,93.5,0.69,152.5,0.68,120.5,0.71,100.0,0.72,110.07,0.01,0.02,2333.10615,1776255317000
1776255319.351,19.351,0.29,99.73,0.28,110.07,0.3,71.5,0.31,93.5,0.7,76.5,0.69,93.5,0.71,106.14,0.72,110.07,0.01,0.01,2333.10615,1776255317000
1776255320.291,20.291,0.29,96.73,0.28,110.07,0.3,71.5,0.31,93.5,0.7,71.5,0.69,93.5,0.71,96.73,0.72,110.07,0.01,0.01,2333.116957,1776255319000
1776255321.226,21.226,0.26,14.37,0.25,136.0,0.27,37.0,0.28,102.5,0.7,76.5,0.69,119.58,0.71,102.5,0.72,110.07,0.01,0.01,2333.116957,1776255319000
1776255321.728,21.728,0.25,26.0,0.24,100.0,0.26,114.5,0.27,115.5,0.73,71.5,0.72,114.5,0.75,136.0,0.76,100.0,0.01,0.02,2333.116957,1776255319000
1776255322.595,22.595,0.24,110.5,0.23,140.5,0.26,114.5,0.27,115.5,0.74,114.5,0.73,115.5,0.76,110.5,0.77,140.5,0.02,0.02,2333.096445,1776255321000
1776255323.352,23.352,0.24,110.5,0.23,140.5,0.26,114.5,0.27,115.5,0.74,114.5,0.73,115.5,0.76,110.5,0.77,140.5,0.02,0.02,2332.793944,1776255322000
1776255324.204,24.204,0.24,110.5,0.23,140.5,0.26,114.5,0.27,115.5,0.74,114.5,0.73,115.5,0.76,110.5,0.77,140.5,0.02,0.02,2332.74525,1776255323000
1776255324.627,24.627,0.23,210.5,0.22,155.0,0.25,44.42,0.26,105.5,0.74,114.5,0.73,115.5,0.76,110.5,0.77,140.5,0.02,0.02,2332.74525,1776255323000
1776255325.743,25.743,0.23,210.5,0.22,155.0,0.25,44.42,0.26,105.5,0.75,44.42,0.74,105.5,0.77,210.5,0.78,155.0,0.02,0.02,2332.724987,1776255324000
1776255326.54,26.54,0.23,210.5,0.22,155.0,0.25,44.42,0.26,105.5,0.75,44.42,0.74,105.5,0.77,210.5,0.78,155.0,0.02,0.02,2332.664623,1776255325000
1776255327.348,27.348,0.24,208.03,0.23,210.5,0.25,12.42,0.26,92.0,0.75,12.42,0.74,92.0,0.76,208.03,0.77,210.5,0.01,0.01,2332.696665,1776255326000
1776255328.052,28.052,0.24,208.03,0.23,210.5,0.25,12.42,0.26,92.0,0.75,12.42,0.74,92.0,0.76,208.03,0.77,210.5,0.01,0.01,2332.776897,1776255327000
1776255329.135,29.135,0.24,168.03,0.23,210.5,0.25,17.42,0.26,107.5,0.75,12.42,0.74,92.0,0.76,208.03,0.77,210.5,0.01,0.01,2332.776897,1776255327000
1776255329.473,29.473,0.24,162.71,0.23,210.5,0.26,90.98,0.27,248.5,0.75,5.0,0.74,85.98,0.76,164.03,0.77,210.5,0.02,0.01,2332.776897,1776255327000
1776255329.886,29.886,0.24,162.71,0.23,210.5,0.26,90.98,0.27,248.5,0.74,90.98,0.73,248.5,0.76,162.71,0.77,210.5,0.02,0.02,2332.798255,1776255328000
1776255330.569,30.569,0.25,10.0,0.24,155.0,0.26,121.51,0.27,170.5,0.74,121.51,0.73,170.5,0.75,10.0,0.76,155.0,0.01,0.01,2332.7506,1776255329000
1776255330.953,30.953,0.24,105.0,0.23,175.0,0.25,198.2,0.26,124.51,0.75,178.5,0.74,124.51,0.76,141.0,0.77,175.0,0.01,0.01,2332.7506,1776255329000
1776255331.735,31.735,0.24,105.0,0.23,175.0,0.25,198.2,0.26,124.51,0.75,198.2,0.74,124.51,0.76,105.0,0.77,175.0,0.01,0.01,2332.7981,1776255330000
1776255332.423,32.423,0.24,105.0,0.23,175.0,0.25,198.2,0.26,124.51,0.75,198.2,0.74,124.51,0.76,105.0,0.77,175.0,0.01,0.01,2332.7042,1776255331000
1776255333.074,33.074,0.24,105.0,0.23,175.0,0.25,198.2,0.26,124.51,0.75,198.2,0.74,124.51,0.76,105.0,0.77,175.0,0.01,0.01,2332.7042,1776255332000
1776255333.477,33.477,0.23,50.0,0.22,180.5,0.24,156.5,0.25,195.5,0.75,198.2,0.74,124.51,0.76,105.0,0.77,175.0,0.01,0.01,2332.7042,1776255332000
1776255333.753,33.753,0.23,97.74,0.22,180.5,0.24,75.0,0.25,131.0,0.76,156.5,0.75,195.5,0.77,50.0,0.78,180.5,0.01,0.01,2332.7042,1776255332000
1776255334.521,34.521,0.23,92.54,0.22,180.5,0.24,75.0,0.25,141.5,0.76,75.0,0.75,141.5,0.77,92.54,0.78,180.5,0.01,0.01,2332.612092,1776255333000
1776255334.813,34.813,0.23,105.54,0.22,190.5,0.24,70.0,0.25,126.5,0.76,75.0,0.75,141.5,0.77,92.54,0.78,180.5,0.01,0.01,2332.612092,1776255333000
1776255335.173,35.173,0.23,31.54,0.22,180.5,0.24,108.0,0.25,181.5,0.76,108.0,0.75,181.5,0.77,31.54,0.78,180.5,0.01,0.01,2332.60361,1776255334000
1776255336.018,36.018,0.23,48.7,0.22,180.5,0.24,196.5,0.25,187.5,0.76,108.0,0.75,181.5,0.77,31.54,0.78,180.5,0.01,0.01,2332.60361,1776255334000
1776255336.497,36.497,0.23,48.7,0.22,180.5,0.24,196.5,0.25,187.5,0.76,196.5,0.75,187.5,0.77,48.7,0.78,180.5,0.01,0.01,2332.660695,1776255335000
1776255337.383,37.383,0.23,48.7,0.22,180.5,0.24,196.5,0.25,187.5,0.76,196.5,0.75,187.5,0.77,48.7,0.78,180.5,0.01,0.01,2332.653888,1776255336000
1776255337.94,37.94,0.21,181.58,0.2,170.5,0.22,91.5,0.23,192.5,0.78,91.5,0.77,192.5,0.79,181.58,0.8,170.5,0.01,0.01,2332.655135,1776255337000
1776255338.679,38.679,0.21,66.58,0.18,170.5,0.22,306.5,0.23,269.5,0.78,91.5,0.77,192.5,0.79,181.58,0.8,170.5,0.01,0.01,2332.655135,1776255337000
1776255339.2,39.2,0.18,174.89,0.17,248.9,0.19,909.57,0.2,288.98,0.78,306.5,0.77,269.5,0.82,170.5,0.83,248.9,0.01,0.04,2332.655135,1776255337000
1776255339.658,39.658,0.18,60.5,0.17,233.4,0.19,530.04,0.2,246.24,0.81,909.57,0.8,288.98,0.82,174.89,0.83,248.9,0.01,0.01,2332.633405,1776255338000
1776255340.075,40.075,0.18,222.12,0.17,289.4,0.19,60.0,0.2,70.0,0.81,520.04,0.8,246.24,0.82,60.5,0.83,233.4,0.01,0.01,2332.633405,1776255338000
1776255340.625,40.625,0.18,222.12,0.17,289.4,0.19,60.0,0.2,70.0,0.81,60.0,0.8,70.0,0.82,222.12,0.83,289.4,0.01,0.01,2332.407487,1776255339000
1776255341.264,41.264,0.18,222.12,0.17,289.4,0.19,60.0,0.2,70.0,0.81,60.0,0.8,70.0,0.82,222.12,0.83,289.4,0.01,0.01,2332.311001,1776255340000
1776255341.499,41.499,0.18,251.39,0.17,314.9,0.19,401.81,0.2,124.74,0.81,60.0,0.8,70.0,0.82,222.12,0.83,289.4,0.01,0.01,2332.311001,1776255340000
1776255342.5,42.5,0.18,248.49,0.17,314.9,0.19,401.94,0.2,124.74,0.81,401.94,0.8,124.74,0.82,248.49,0.83,314.9,0.01,0.01,2332.243932,1776255341000
1776255343.423,43.423,0.18,248.49,0.17,314.9,0.19,401.94,0.2,124.74,0.81,401.94,0.8,124.74,0.82,248.49,0.83,314.9,0.01,0.01,2332.279885,1776255342000
1776255344.041,44.041,0.18,248.49,0.17,314.9,0.19,401.94,0.2,124.74,0.81,401.94,0.8,124.74,0.82,248.49,0.83,314.9,0.01,0.01,2332.2917,1776255343000
1776255344.327,44.327,0.18,269.51,0.17,339.9,0.19,385.49,0.2,124.74,0.81,401.94,0.8,124.74,0.82,248.49,0.83,314.9,0.01,0.01,2332.2917,1776255343000
1776255344.77,44.77,0.18,240.51,0.17,339.9,0.19,403.07,0.2,124.74,0.81,385.72,0.8,124.74,0.82,260.51,0.83,339.9,0.01,0.01,2332.2917,1776255343000
1776255345.264,45.264,0.18,240.51,0.17,339.9,0.19,403.07,0.2,124.74,0.81,403.07,0.8,124.74,0.82,240.51,0.83,339.9,0.01,0.01,2332.34554,1776255344000
1776255346.1,46.1,0.18,117.4,0.17,308.9,0.19,197.5,0.2,145.5,0.81,403.07,0.8,124.74,0.82,240.51,0.83,339.9,0.01,0.01,2332.34554,1776255344000
1776255346.682,46.682,0.18,117.4,0.17,308.9,0.19,197.5,0.2,145.5,0.81,197.5,0.8,145.5,0.82,117.4,0.83,308.9,0.01,0.01,2332.2517,1776255345000
1776255346.908,46.908,0.17,127.44,0.16,196.8,0.18,176.5,0.19,122.72,0.82,131.5,0.81,598.13,0.83,176.44,0.84,196.8,0.01,0.01,2332.2517,1776255345000
1776255347.527,47.527,0.17,10.95,0.16,15.0,0.18,745.8,0.19,197.72,0.82,181.5,0.81,122.72,0.83,100.02,0.84,196.8,0.01,0.01,2332.2517,1776255345000
1776255347.826,47.826,0.14,115.02,0.13,197.3,0.16,167.5,0.17,160.5,0.84,25.5,0.83,187.5,0.85,14.19,0.86,66.0,0.02,0.01,2332.2518,1776255346000
1776255348.231,48.231,0.14,137.23,0.13,81.8,0.15,137.9,0.16,187.5,0.84,167.5,0.83,160.5,0.86,115.02,0.87,197.3,0.01,0.02,2332.2518,1776255346000
1776255348.933,48.933,0.14,34.21,0.13,31.8,0.15,788.49,0.16,189.5,0.85,137.9,0.84,187.5,0.86,137.23,0.87,81.8,0.01,0.01,2332.12,1776255347000
1776255349.254,49.254,0.14,34.21,0.13,31.8,0.15,788.49,0.16,189.5,0.85,788.49,0.84,189.5,0.86,34.21,0.87,31.8,0.01,0.01,2331.75599,1776255348000
1776255349.712,49.712,0.14,141.02,0.13,155.0,0.15,124.9,0.16,159.5,0.85,144.9,0.84,159.5,0.86,137.21,0.87,155.0,0.01,0.01,2331.75599,1776255348000
1776255349.995,49.995,0.13,100.0,0.12,234.69,0.14,17.19,0.15,184.9,0.85,124.9,0.84,159.5,0.86,141.02,0.87,155.0,0.01,0.01,2331.75599,1776255348000
1776255350.372,50.372,0.13,100.0,0.12,234.69,0.14,17.19,0.15,184.9,0.86,17.19,0.85,184.9,0.87,100.0,0.88,234.69,0.01,0.01,2331.415954,1776255349000
1776255350.726,50.726,0.13,181.42,0.12,234.69,0.14,127.19,0.15,102.5,0.86,17.19,0.85,184.9,0.87,100.0,0.88,234.69,0.01,0.01,2331.415954,1776255349000
1776255351.056,51.056,0.13,170.46,0.12,234.69,0.14,10.0,0.15,142.5,0.86,958.84,0.85,300.96,0.87,161.81,0.88,234.69,0.01,0.01,2331.415954,1776255349000
1776255351.347,51.347,0.13,83.85,0.12,159.69,0.14,65.0,0.15,142.5,0.86,65.0,0.85,142.5,0.87,83.85,0.88,159.69,0.01,0.01,2331.241805,1776255350000
1776255351.832,51.832,0.13,63.85,0.12,159.69,0.14,526.08,0.15,221.73,0.86,65.0,0.85,142.5,0.87,83.85,0.88,159.69,0.01,0.01,2331.241805,1776255350000
1776255352.389,52.389,0.13,63.85,0.12,159.69,0.14,526.08,0.15,221.73,0.86,526.08,0.85,221.73,0.87,63.85,0.88,159.69,0.01,0.01,2331.297072,1776255351000
1776255352.956,52.956,0.13,63.85,0.12,159.69,0.14,526.08,0.15,221.73,0.86,526.08,0.85,221.73,0.87,63.85,0.88,159.69,0.01,0.01,2331.321855,1776255352000
1776255353.359,53.359,0.11,131.68,0.1,93.0,0.13,928.33,0.14,307.06,0.86,526.08,0.85,221.73,0.87,63.85,0.88,159.69,0.02,0.01,2331.321855,1776255352000
1776255353.85,53.85,0.11,89.89,0.1,88.0,0.12,371.5,0.13,432.5,0.87,928.33,0.86,307.06,0.89,131.68,0.9,93.0,0.01,0.02,2331.321855,1776255352000
1776255354.725,54.725,0.11,84.27,0.1,88.0,0.12,978.8,0.13,506.19,0.88,371.5,0.87,432.5,0.89,89.89,0.9,88.0,0.01,0.01,2331.380255,1776255353000
1776255354.933,54.933,0.11,84.27,0.1,88.0,0.12,978.8,0.13,506.19,0.88,978.8,0.87,506.19,0.89,84.27,0.9,88.0,0.01,0.01,2331.169917,1776255354000
1776255355.28,55.28,0.1,48.0,0.08,90.69,0.12,439.5,0.13,376.5,0.88,978.8,0.87,506.19,0.89,84.27,0.9,88.0,0.02,0.01,2331.169917,1776255354000
1776255356.092,56.092,0.08,90.69,0.07,128.3,0.11,162.5,0.12,275.5,0.89,162.5,0.88,275.5,0.92,90.69,0.93,128.3,0.03,0.03,2330.87836,1776255355000
1776255356.634,56.634,0.08,193.31,0.07,266.3,0.09,144.0,0.1,186.5,0.89,162.5,0.88,275.5,0.92,90.69,0.93,128.3,0.01,0.03,2330.87836,1776255355000
1776255357.133,57.133,0.08,236.96,0.07,233.3,0.09,149.0,0.1,171.0,0.91,144.0,0.9,186.5,0.92,193.31,0.93,266.3,0.01,0.01,2330.87836,1776255355000
1776255357.391,57.391,0.08,242.96,0.07,239.3,0.09,600.72,0.1,277.93,0.91,149.0,0.9,171.0,0.92,236.96,0.93,233.3,0.01,0.01,2330.558274,1776255356000
1776255358.181,58.181,0.08,242.96,0.07,239.3,0.09,600.72,0.1,277.93,0.91,600.72,0.9,277.93,0.92,242.96,0.93,239.3,0.01,0.01,2330.4972,1776255357000
1776255358.453,58.453,0.08,286.42,0.07,239.3,0.09,547.09,0.1,187.43,0.91,94.0,0.9,91.0,0.92,273.86,0.93,239.3,0.01,0.01,2330.4972,1776255357000
1776255359.107,59.107,0.08,237.98,0.07,340.93,0.09,22.44,0.1,85.0,0.91,17.44,0.9,91.0,0.92,286.42,0.93,340.93,0.01,0.01,2330.4972,1776255357000
1776255359.774,59.774,0.08,223.2,0.07,340.93,0.09,562.1,0.1,186.43,0.91,17.44,0.9,186.43,0.92,249.61,0.93,340.93,0.01,0.01,2330.567685,1776255358000
1776255360.16,60.16,0.08,223.2,0.07,340.93,0.09,562.1,0.1,186.43,0.91,562.1,0.9,186.43,0.92,223.2,0.93,340.93,0.01,0.01,2330.84194,1776255359000
1776255360.399,60.399,0.08,448.29,0.07,368.93,0.09,9.44,0.1,10.0,0.91,562.1,0.9,186.43,0.92,223.2,0.93,340.93,0.01,0.01,2330.84194,1776255359000
1776255360.602,60.602,0.08,375.79,0.07,422.45,0.09,9.44,0.1,10.0,0.91,9.44,0.9,10.0,0.92,448.29,0.93,368.93,0.01,0.01,2330.84194,1776255359000
1776255360.871,60.871,0.09,195.0,0.08,186.58,0.1,9.44,0.11,10.0,0.9,9.44,0.89,15.0,0.92,380.79,0.93,422.45,0.01,0.02,2330.84194,1776255359000
1776255361.092,61.092,0.09,303.0,0.08,189.58,0.11,10.0,0.12,59.45,0.9,9.44,0.89,10.0,0.91,190.0,0.92,186.58,0.02,0.01,2330.84194,1776255359000
1776255361.355,61.355,0.12,56.01,0.11,45.5,0.13,103.8,0.14,180.5,0.87,93.8,0.86,225.5,0.9,129.41,0.91,142.0,0.01,0.03,2330.965534,1776255360000
1776255361.57,61.57,0.12,104.67,0.11,141.5,0.13,1409.27,0.14,446.31,0.87,103.8,0.86,180.5,0.88,56.01,0.89,45.5,0.01,0.01,2330.965534,1776255360000
1776255362.017,62.017,0.12,98.67,0.11,141.5,0.13,952.21,0.14,372.62,0.87,84.09,0.86,235.5,0.88,104.67,0.89,141.5,0.01,0.01,2330.965534,1776255360000
1776255362.616,62.616,0.12,95.08,0.11,106.5,0.13,449.28,0.14,234.06,0.87,449.28,0.86,234.06,0.88,95.08,0.89,106.5,0.01,0.01,2331.020456,1776255361000
1776255363.002,63.002,0.12,118.83,0.11,106.5,0.13,1138.87,0.14,297.62,0.87,25.7,0.86,165.5,0.88,100.08,0.89,116.5,0.01,0.01,2331.020456,1776255361000
1776255363.598,63.598,0.12,110.83,0.11,106.5,0.13,24.16,0.14,165.5,0.87,14.16,0.86,160.5,0.88,113.83,0.89,106.5,0.01,0.01,2331.344013,1776255362000
1776255364.441,64.441,0.12,89.55,0.11,143.29,0.13,19.16,0.14,160.5,0.87,19.16,0.86,160.5,0.88,89.55,0.89,143.29,0.01,0.01,2331.337843,1776255363000
1776255365.002,65.002,0.12,89.55,0.11,143.29,0.13,19.16,0.14,160.5,0.87,19.16,0.86,160.5,0.88,89.55,0.89,143.29,0.01,0.01,2331.34678,1776255364000
1776255365.238,65.238,0.12,128.98,0.11,143.29,0.13,495.7,0.14,329.06,0.87,485.89,0.86,297.62,0.88,140.35,0.89,143.29,0.01,0.01,2331.34678,1776255364000
1776255365.516,65.516,0.12,87.27,0.11,143.29,0.13,1020.95,0.14,302.62,0.87,19.16,0.86,165.5,0.88,108.58,0.89,143.29,0.01,0.01,2331.34678,1776255364000
1776255366.089,66.089,0.12,87.27,0.11,143.29,0.13,1020.95,0.14,302.62,0.87,1020.95,0.86,302.62,0.88,87.27,0.89,143.29,0.01,0.01,2331.429708,1776255365000
1776255367.272,67.272,0.12,87.27,0.11,143.29,0.13,1020.95,0.14,302.62,0.87,1020.95,0.86,302.62,0.88,87.27,0.89,143.29,0.01,0.01,2331.455538,1776255366000
1776255367.525,67.525,0.12,163.57,0.11,148.29,0.13,891.79,0.14,327.12,0.87,185.95,0.86,195.0,0.88,170.88,0.89,148.29,0.01,0.01,2331.455538,1776255366000
1776255368.053,68.053,0.12,198.51,0.11,148.29,0.13,386.43,0.14,263.56,0.87,375.41,0.86,258.56,0.88,203.57,0.89,148.29,0.01,0.01,2331.455538,1776255366000
1776255368.413,68.413,0.12,198.51,0.11,148.29,0.13,386.43,0.14,263.56,0.87,386.43,0.86,263.56,0.88,198.51,0.89,148.29,0.01,0.01,2331.421055,1776255367000
1776255368.62,68.62,0.12,285.51,0.11,274.61,0.13,133.0,0.14,88.56,0.87,166.17,0.86,88.56,0.88,285.51,0.89,274.61,0.01,0.01,2331.421055,1776255367000
1776255369.135,69.135,0.12,310.51,0.11,317.61,0.13,5.66,0.14,10.0,0.87,133.0,0.86,88.56,0.88,285.51,0.89,274.61,0.01,0.01,2331.421055,1776255367000
1776255369.573,69.573,0.12,305.51,0.11,317.61,0.14,8.11,0.15,10.0,0.86,8.11,0.85,10.0,0.88,305.51,0.89,317.61,0.02,0.02,2331.51696,1776255368000
1776255370.044,70.044,0.13,217.5,0.12,178.51,0.16,15.0,0.17,71.02,0.84,15.0,0.83,71.02,0.87,217.5,0.88,178.51,0.03,0.03,2331.633708,1776255369000
1776255370.916,70.916,0.14,126.52,0.13,182.3,0.15,15.0,0.16,20.0,0.84,15.0,0.83,71.02,0.87,217.5,0.88,178.51,0.01,0.03,2331.633708,1776255369000
1776255371.554,71.554,0.14,114.27,0.13,177.3,0.15,295.88,0.16,130.5,0.85,15.0,0.84,20.0,0.86,126.52,0.87,182.3,0.01,0.01,2331.830414,1776255370000
1776255371.806,71.806,0.14,153.77,0.13,139.3,0.15,327.59,0.16,130.5,0.85,295.88,0.84,130.5,0.86,114.27,0.87,177.3,0.01,0.01,2331.830414,1776255370000
1776255372.354,72.354,0.14,153.77,0.13,139.3,0.15,327.59,0.16,130.5,0.85,327.59,0.84,130.5,0.86,153.77,0.87,139.3,0.01,0.01,2331.986265,1776255371000
1776255373.157,73.157,0.14,127.12,0.13,177.3,0.15,138.0,0.16,135.5,0.85,327.59,0.84,130.5,0.86,153.77,0.87,139.3,0.01,0.01,2331.986265,1776255371000
1776255373.643,73.643,0.14,127.12,0.13,139.3,0.15,378.95,0.16,196.0,0.85,138.0,0.84,135.5,0.86,127.12,0.87,177.3,0.01,0.01,2331.986265,1776255371000
1776255374.303,74.303,0.14,127.12,0.13,139.3,0.15,378.95,0.16,196.0,0.85,378.95,0.84,196.0,0.86,127.12,0.87,139.3,0.01,0.01,2332.032159,1776255373000
1776255374.941,74.941,0.14,219.66,0.13,202.3,0.15,3.33,0.16,10.0,0.85,378.95,0.84,196.0,0.86,127.12,0.87,139.3,0.01,0.01,2332.032159,1776255373000
1776255375.175,75.175,0.16,39.22,0.15,178.37,0.17,6.02,0.18,25.0,0.83,16.02,0.82,25.0,0.84,18.72,0.85,42.17,0.01,0.01,2332.032159,1776255373000
1776255375.386,75.386,0.17,100.5,0.16,110.22,0.18,21.02,0.19,170.0,0.82,21.02,0.81,170.0,0.84,44.22,0.85,178.37,0.01,0.02,2332.032159,1776255373000
1776255375.688,75.688,0.17,146.15,0.16,254.89,0.18,11.02,0.19,120.0,0.82,21.02,0.81,170.0,0.83,100.5,0.84,110.22,0.01,0.01,2332.034484,1776255374000
1776255376.43,76.43,0.17,187.65,0.16,187.02,0.18,5.66,0.19,115.0,0.82,2.98,0.81,120.0,0.83,146.15,0.84,187.02,0.01,0.01,2332.034484,1776255374000
1776255376.692,76.692,0.17,182.65,0.16,257.02,0.19,114.57,0.2,190.5,0.82,5.66,0.81,115.0,0.83,187.65,0.84,187.02,0.02,0.01,2331.97274,1776255375000
1776255377.067,77.067,0.18,90.2,0.17,54.5,0.19,174.57,0.2,195.5,0.81,166.52,0.8,190.5,0.83,105.53,0.84,257.02,0.01,0.02,2331.97274,1776255375000
1776255378.174,78.174,0.18,90.2,0.17,54.5,0.19,174.57,0.2,195.5,0.81,174.57,0.8,195.5,0.82,90.2,0.83,54.5,0.01,0.01,2332.343601,1776255377000
1776255378.391,78.391,0.18,118.4,0.17,115.0,0.19,49.0,0.2,75.0,0.81,174.57,0.8,195.5,0.82,90.2,0.83,54.5,0.01,0.01,2332.343601,1776255377000
1776255378.902,78.902,0.18,235.9,0.17,227.0,0.21,60.0,0.22,75.0,0.81,49.0,0.8,75.0,0.82,118.4,0.83,115.0,0.03,0.01,2332.343601,1776255377000
1776255379.188,79.188,0.2,21.0,0.19,33.4,0.21,29.62,0.22,75.0,0.79,29.62,0.78,75.0,0.8,21.0,0.81,33.4,0.01,0.01,2332.41104,1776255378000
1776255380.259,80.259,0.2,21.0,0.19,33.4,0.21,29.62,0.22,75.0,0.79,29.62,0.78,75.0,0.8,21.0,0.81,33.4,0.01,0.01,2332.481435,1776255379000
1776255381.23,81.23,0.2,21.0,0.19,33.4,0.21,29.62,0.22,75.0,0.79,29.62,0.78,75.0,0.8,21.0,0.81,33.4,0.01,0.01,2332.71909,1776255380000
1776255381.673,81.673,0.2,247.43,0.19,121.9,0.21,5.23,0.22,75.0,0.79,29.62,0.78,75.0,0.8,21.0,0.81,33.4,0.01,0.01,2332.71909,1776255380000
1776255382.23,82.23,0.2,247.43,0.19,121.9,0.21,5.23,0.22,75.0,0.79,5.23,0.78,75.0,0.8,247.43,0.81,121.9,0.01,0.01,2332.6888,1776255381000
1776255383.208,83.208,0.21,44.77,0.2,292.93,0.22,20.0,0.23,70.0,0.78,20.0,0.77,70.0,0.79,44.77,0.8,292.93,0.01,0.01,2332.78705,1776255382000
1776255384.264,84.264,0.21,44.77,0.2,292.93,0.22,20.0,0.23,70.0,0.78,20.0,0.77,70.0,0.79,44.77,0.8,292.93,0.01,0.01,2332.827635,1776255383000
1776255385.205,85.205,0.2,60.43,0.19,33.4,0.21,15.0,0.22,358.57,0.79,15.0,0.78,358.57,0.8,60.43,0.81,33.4,0.01,0.01,2332.88785,1776255384000
1776255386.213,86.213,0.2,60.43,0.19,33.4,0.21,15.0,0.22,358.57,0.79,15.0,0.78,358.57,0.8,60.43,0.81,33.4,0.01,0.01,2332.777333,1776255385000
1776255387.203,87.203,0.2,60.43,0.19,33.4,0.21,15.0,0.22,358.57,0.79,15.0,0.78,358.57,0.8,60.43,0.81,33.4,0.01,0.01,2332.674268,1776255386000
1776255387.523,87.523,0.2,60.53,0.19,123.4,0.21,155.0,0.22,218.57,0.79,15.0,0.78,358.57,0.8,60.43,0.81,33.4,0.01,0.01,2332.674268,1776255386000
1776255388.029,88.029,0.2,58.71,0.19,123.4,0.21,150.0,0.22,218.57,0.79,155.0,0.78,218.57,0.8,60.53,0.81,123.4,0.01,0.01,2332.674268,1776255386000
1776255388.234,88.234,0.2,58.71,0.19,123.4,0.21,150.0,0.22,218.57,0.79,150.0,0.78,218.57,0.8,58.71,0.81,123.4,0.01,0.01,2332.678633,1776255387000
1776255388.662,88.662,0.2,46.11,0.19,122.4,0.21,150.0,0.22,218.57,0.79,150.0,0.78,218.57,0.8,58.71,0.81,123.4,0.01,0.01,2332.678633,1776255387000
1776255390.079,90.079,0.2,48.51,0.19,108.4,0.21,175.0,0.22,218.57,0.79,175.0,0.78,218.57,0.8,48.51,0.81,108.4,0.01,0.01,2332.737265,1776255389000
1776255391.566,91.566,0.2,212.06,0.19,120.9,0.22,20.0,0.23,175.0,0.78,20.0,0.77,175.0,0.8,212.06,0.81,120.9,0.02,0.02,2332.78192,1776255390000
1776255392.359,92.359,0.2,212.06,0.19,120.9,0.22,20.0,0.23,175.0,0.78,20.0,0.77,175.0,0.8,212.06,0.81,120.9,0.02,0.02,2332.84675,1776255391000
1776255393.104,93.104,0.2,212.06,0.19,120.9,0.22,20.0,0.23,175.0,0.78,20.0,0.77,175.0,0.8,212.06,0.81,120.9,0.02,0.02,2332.84735,1776255392000
1776255393.403,93.403,0.21,247.91,0.2,206.96,0.22,36.0,0.23,70.0,0.78,20.0,0.77,175.0,0.8,212.06,0.81,120.9,0.01,0.02,2332.84735,1776255392000
1776255393.913,93.913,0.21,247.91,0.2,206.96,0.22,36.0,0.23,70.0,0.78,36.0,0.77,70.0,0.79,247.91,0.8,206.96,0.01,0.01,2332.931197,1776255393000
1776255395.321,95.321,0.21,247.91,0.2,206.96,0.22,36.0,0.23,70.0,0.78,36.0,0.77,70.0,0.79,247.91,0.8,206.96,0.01,0.01,2332.952045,1776255394000
1776255396.117,96.117,0.21,247.91,0.2,206.96,0.22,36.0,0.23,70.0,0.78,36.0,0.77,70.0,0.79,247.91,0.8,206.96,0.01,0.01,2332.97985,1776255395000
1776255397.53,97.53,0.21,247.91,0.2,206.96,0.22,36.0,0.23,70.0,0.78,36.0,0.77,70.0,0.79,247.91,0.8,206.96,0.01,0.01,2332.99706,1776255396000
1776255398.003,98.003,0.21,54.89,0.2,168.91,0.22,127.92,0.23,85.5,0.78,36.0,0.77,70.0,0.79,247.91,0.8,206.96,0.01,0.01,2332.99706,1776255396000
1776255398.29,98.29,0.21,7.89,0.2,168.91,0.22,127.92,0.23,85.5,0.78,127.92,0.77,85.5,0.79,7.89,0.8,168.91,0.01,0.01,2332.98158,1776255397000
1776255398.866,98.866,0.2,4.91,0.18,34.0,0.21,331.5,0.22,225.42,0.78,127.92,0.77,85.5,0.79,7.89,0.8,168.91,0.01,0.01,2332.98158,1776255397000
1776255399.137,99.137,0.18,17.0,0.17,255.5,0.19,149.0,0.2,49.59,0.8,11.09,0.79,331.5,0.82,34.0,0.83,255.5,0.01,0.02,2333.04818,1776255398000
1776255400.334,100.334,0.18,17.0,0.17,255.5,0.19,149.0,0.2,49.59,0.81,149.0,0.8,49.59,0.82,17.0,0.83,255.5,0.01,0.01,2332.97141,1776255399000
1776255401.169,101.169,0.18,17.34,0.17,211.5,0.19,194.0,0.2,99.59,0.81,149.0,0.8,49.59,0.82,17.0,0.83,255.5,0.01,0.01,2332.97141,1776255399000
1776255401.564,101.564,0.18,17.34,0.17,211.5,0.19,194.0,0.2,99.59,0.81,194.0,0.8,99.59,0.82,17.34,0.83,211.5,0.01,0.01,2332.8201,1776255400000
1776255402.464,102.464,0.18,17.34,0.17,211.5,0.19,194.0,0.2,99.59,0.81,194.0,0.8,99.59,0.82,17.34,0.83,211.5,0.01,0.01,2332.790561,1776255401000
1776255403.724,103.724,0.19,6.0,0.18,219.51,0.2,10.0,0.21,70.0,0.81,194.0,0.8,99.59,0.82,17.34,0.83,211.5,0.01,0.01,2332.790561,1776255401000
1776255404.374,104.374,0.19,6.0,0.18,219.51,0.2,10.0,0.21,70.0,0.8,10.0,0.79,70.0,0.81,6.0,0.82,219.51,0.01,0.01,2332.790492,1776255403000
1776255404.988,104.988,0.19,6.0,0.18,219.51,0.2,10.0,0.21,70.0,0.8,10.0,0.79,70.0,0.81,6.0,0.82,219.51,0.01,0.01,2332.823966,1776255404000
1776255405.556,105.556,0.22,5.5,0.21,135.0,0.23,15.0,0.24,175.0,0.78,46.39,0.77,15.0,0.79,25.0,0.8,36.5,0.01,0.01,2332.823966,1776255404000
1776255406.036,106.036,0.22,8.5,0.21,37.0,0.23,148.5,0.24,200.5,0.77,15.0,0.76,175.0,0.78,5.5,0.79,135.0,0.01,0.01,2332.823966,1776255404000
1776255406.71,106.71,0.2,88.5,0.19,159.4,0.23,148.5,0.24,200.5,0.77,148.5,0.76,200.5,0.8,88.5,0.81,159.4,0.03,0.03,2332.92768,1776255405000
1776255407.361,107.361,0.2,88.5,0.19,159.4,0.23,148.5,0.24,200.5,0.77,148.5,0.76,200.5,0.8,88.5,0.81,159.4,0.03,0.03,2333.093968,1776255406000
1776255407.968,107.968,0.2,88.5,0.19,159.4,0.23,148.5,0.24,200.5,0.77,148.5,0.76,200.5,0.8,88.5,0.81,159.4,0.03,0.03,2333.081697,1776255407000
1776255408.183,108.183,0.2,232.05,0.19,229.9,0.21,11.58,0.22,10.0,0.77,148.5,0.76,200.5,0.8,88.5,0.81,159.4,0.01,0.03,2333.081697,1776255407000
1776255408.421,108.421,0.2,264.05,0.19,229.9,0.24,25.0,0.25,20.0,0.79,11.58,0.78,10.0,0.8,232.05,0.81,229.9,0.04,0.01,2333.081697,1776255407000
1776255409.067,109.067,0.22,210.5,0.21,117.2,0.24,21.41,0.25,25.0,0.76,21.41,0.75,20.0,0.79,5.0,0.8,264.05,0.02,0.03,2333.081697,1776255407000
1776255410.887,110.887,0.22,210.5,0.21,117.2,0.24,21.41,0.25,25.0,0.76,21.41,0.75,25.0,0.78,210.5,0.79,117.2,0.02,0.02,2333.221716,1776255409000
1776255411.694,111.694,0.25,11.59,0.23,345.8,0.26,34.01,0.27,55.0,0.76,21.41,0.75,25.0,0.78,210.5,0.79,117.2,0.01,0.02,2333.221716,1776255409000
1776255412.422,112.422,0.25,260.29,0.24,204.7,0.27,20.0,0.28,60.0,0.74,21.01,0.73,55.0,0.75,11.59,0.76,5.0,0.02,0.01,2333.392517,1776255410000
1776255413.074,113.074,0.26,102.5,0.25,246.29,0.27,10.0,0.28,70.0,0.73,10.0,0.72,70.0,0.74,102.5,0.75,246.29,0.01,0.01,2333.410615,1776255412000
1776255413.351,113.351,0.27,167.22,0.26,302.2,0.28,45.0,0.3,30.0,0.73,10.0,0.72,70.0,0.74,102.5,0.75,246.29,0.01,0.01,2333.410615,1776255412000
1776255413.601,113.601,0.27,308.52,0.26,309.2,0.3,0.53,0.31,5.0,0.72,45.0,0.7,30.0,0.73,167.22,0.74,302.2,0.03,0.01,2333.410615,1776255412000
1776255413.953,113.953,0.32,12.65,0.31,115.0,0.33,60.4,0.34,60.0,0.67,44.9,0.66,55.0,0.71,10.0,0.72,10.0,0.01,0.04,2333.410615,1776255412000
1776255414.525,114.525,0.33,11.26,0.32,130.58,0.34,60.5,0.35,87.0,0.67,60.4,0.66,60.0,0.68,10.58,0.69,136.0,0.01,0.01,2333.410615,1776255412000
1776255414.836,114.836,0.33,64.0,0.32,116.52,0.34,11.8,0.35,87.0,0.66,44.95,0.65,87.0,0.67,25.0,0.68,126.52,0.01,0.01,2333.645274,1776255413000
1776255415.129,115.129,0.33,94.0,0.32,116.52,0.34,20.52,0.35,92.0,0.66,11.8,0.65,87.0,0.67,64.0,0.68,116.52,0.01,0.01,2333.645274,1776255413000
1776255415.838,115.838,0.33,125.07,0.32,121.52,0.34,15.52,0.35,92.0,0.66,20.52,0.65,92.0,0.67,94.0,0.68,116.52,0.01,0.01,2333.835746,1776255414000
1776255416.091,116.091,0.33,120.07,0.32,121.52,0.34,10.34,0.35,97.0,0.66,10.34,0.65,97.0,0.67,120.07,0.68,121.52,0.01,0.01,2333.95605,1776255415000
1776255416.378,116.378,0.33,110.0,0.32,138.78,0.34,6.99,0.35,52.5,0.66,10.34,0.65,97.0,0.67,120.07,0.68,121.52,0.01,0.01,2333.95605,1776255415000
1776255417.419,117.419,0.33,110.0,0.32,138.78,0.34,14.49,0.35,52.5,0.66,14.49,0.65,52.5,0.67,110.0,0.68,138.78,0.01,0.01,2334.003499,1776255416000
1776255417.771,117.771,0.3,95.0,0.29,147.5,0.31,100.5,0.32,104.5,0.66,189.5,0.65,161.5,0.68,24.0,0.69,5.0,0.01,0.02,2334.003499,1776255416000
1776255418.16,118.16,0.3,95.0,0.29,147.5,0.31,100.5,0.32,104.5,0.69,100.5,0.68,104.5,0.7,95.0,0.71,147.5,0.01,0.01,2334.008609,1776255417000
1776255419.082,119.082,0.27,100.5,0.26,174.5,0.28,39.61,0.29,40.5,0.69,100.5,0.68,104.5,0.7,95.0,0.71,147.5,0.01,0.01,2334.008609,1776255417000
1776255419.512,119.512,0.27,95.5,0.26,174.5,0.28,28.18,0.29,40.5,0.72,28.18,0.71,40.5,0.73,95.5,0.74,174.5,0.01,0.01,2333.959183,1776255418000
1776255419.993,119.993,0.28,86.64,0.27,143.5,0.31,32.5,0.32,86.5,0.72,28.18,0.71,40.5,0.73,95.5,0.74,174.5,0.03,0.01,2333.959183,1776255418000
1776255420.257,120.257,0.28,86.64,0.27,143.5,0.31,32.5,0.32,86.5,0.69,32.5,0.68,86.5,0.72,86.64,0.73,143.5,0.03,0.03,2333.832145,1776255419000
1776255420.618,120.618,0.3,2.0,0.29,70.0,0.31,30.5,0.32,91.5,0.7,2.21,0.69,37.5,0.71,25.0,0.72,86.64,0.01,0.01,2333.832145,1776255419000
1776255421.423,121.423,0.3,105.0,0.29,75.0,0.31,30.5,0.32,96.5,0.69,30.5,0.68,91.5,0.7,2.0,0.71,70.0,0.01,0.01,2333.832145,1776255419000
1776255421.648,121.648,0.3,105.0,0.29,75.0,0.31,30.5,0.32,96.5,0.69,30.5,0.68,96.5,0.7,105.0,0.71,75.0,0.01,0.01,2333.830317,1776255420000
1776255422.191,122.191,0.3,105.0,0.29,75.0,0.31,30.5,0.32,96.5,0.69,30.5,0.68,96.5,0.7,105.0,0.71,75.0,0.01,0.01,2333.909707,1776255421000
1776255423.025,123.025,0.3,105.0,0.29,85.5,0.31,6.11,0.32,96.5,0.69,30.5,0.68,96.5,0.7,105.0,0.71,75.0,0.01,0.01,2333.909707,1776255421000
1776255423.708,123.708,0.3,95.0,0.29,108.0,0.31,61.58,0.32,96.5,0.69,6.11,0.68,96.5,0.7,105.0,0.71,85.5,0.01,0.01,2333.948009,1776255422000
1776255424.169,124.169,0.3,10.0,0.29,93.0,0.31,110.43,0.32,91.5,0.69,61.58,0.68,96.5,0.7,62.01,0.71,108.0,0.01,0.01,2333.948009,1776255422000
1776255424.628,124.628,0.3,5.0,0.29,93.0,0.31,148.25,0.32,91.5,0.69,148.25,0.68,91.5,0.7,5.0,0.71,93.0,0.01,0.01,2333.923969,1776255423000
1776255425.346,125.346,0.29,25.5,0.28,83.39,0.3,196.5,0.31,153.25,0.7,196.5,0.69,153.25,0.71,25.5,0.72,83.39,0.01,0.01,2333.920201,1776255424000
1776255426.045,126.045,0.29,35.5,0.28,88.39,0.3,205.83,0.31,153.25,0.7,196.5,0.69,153.25,0.71,25.5,0.72,83.39,0.01,0.01,2333.920201,1776255424000
1776255426.815,126.815,0.29,35.5,0.28,88.39,0.3,205.83,0.31,153.25,0.7,205.83,0.69,153.25,0.71,35.5,0.72,88.39,0.01,0.01,2333.811404,1776255425000
1776255427.95,127.95,0.29,35.5,0.28,88.39,0.3,205.83,0.31,153.25,0.7,205.83,0.69,153.25,0.71,35.5,0.72,88.39,0.01,0.01,2333.815293,1776255426000
1776255428.696,128.696,0.29,35.5,0.28,88.39,0.3,205.83,0.31,153.25,0.7,205.83,0.69,153.25,0.71,35.5,0.72,88.39,0.01,0.01,2333.815779,1776255427000
1776255429.422,129.422,0.29,35.5,0.28,88.39,0.3,205.83,0.31,153.25,0.7,205.83,0.69,153.25,0.71,35.5,0.72,88.39,0.01,0.01,2333.818086,1776255428000
1776255430.073,130.073,0.29,35.5,0.28,88.39,0.3,205.83,0.31,153.25,0.7,205.83,0.69,153.25,0.71,35.5,0.72,88.39,0.01,0.01,2333.818086,1776255429000
1776255431.397,131.397,0.29,35.5,0.28,88.39,0.3,205.83,0.31,153.25,0.7,205.83,0.69,153.25,0.71,35.5,0.72,88.39,0.01,0.01,2333.824386,1776255430000
1776255431.926,131.926,0.29,43.45,0.28,48.39,0.3,200.93,0.31,139.5,0.7,205.83,0.69,153.25,0.71,35.5,0.72,88.39,0.01,0.01,2333.824386,1776255430000
1776255433.262,133.262,0.29,38.45,0.28,48.39,0.3,190.49,0.31,139.5,0.7,197.59,0.69,139.5,0.71,33.45,0.72,48.39,0.01,0.01,2333.824886,1776255431000
1776255434.571,134.571,0.29,38.45,0.28,48.39,0.3,190.49,0.31,139.5,0.7,190.49,0.69,139.5,0.71,38.45,0.72,48.39,0.01,0.01,2333.836219,1776255433000
1776255435.268,135.268,0.29,38.45,0.28,48.39,0.3,190.49,0.31,139.5,0.7,190.49,0.69,139.5,0.71,38.45,0.72,48.39,0.01,0.01,2333.836527,1776255434000
1776255435.779,135.779,0.29,53.95,0.28,103.39,0.3,94.99,0.31,129.5,0.7,190.49,0.69,139.5,0.71,38.45,0.72,48.39,0.01,0.01,2333.836527,1776255434000
1776255436.527,136.527,0.29,53.95,0.28,103.39,0.3,94.99,0.31,129.5,0.7,94.99,0.69,129.5,0.71,53.95,0.72,103.39,0.01,0.01,2333.838804,1776255435000
1776255437.184,137.184,0.29,53.95,0.28,103.39,0.3,94.99,0.31,129.5,0.7,94.99,0.69,129.5,0.71,53.95,0.72,103.39,0.01,0.01,2333.871753,1776255436000
1776255438.371,138.371,0.34,55.0,0.33,85.0,0.35,15.14,0.36,35.0,0.68,57.25,0.67,86.5,0.71,113.95,0.72,124.39,0.01,0.03,2333.871753,1776255436000
1776255438.697,138.697,0.34,110.5,0.33,119.5,0.35,4.85,0.37,35.0,0.65,15.14,0.64,35.0,0.66,55.0,0.67,85.0,0.01,0.01,2333.908037,1776255437000
1776255439.046,139.046,0.34,110.5,0.33,119.5,0.37,35.0,0.38,15.5,0.63,35.0,0.62,15.5,0.66,110.5,0.67,119.5,0.03,0.03,2333.9331,1776255438000
1776255439.362,139.362,0.39,10.0,0.38,10.0,0.42,55.0,0.43,55.0,0.63,35.0,0.62,15.5,0.66,110.5,0.67,119.5,0.03,0.03,2333.9331,1776255438000
1776255439.658,139.658,0.42,45.0,0.41,134.0,0.43,44.04,0.44,65.0,0.57,55.0,0.56,65.0,0.58,15.0,0.59,80.0,0.01,0.01,2333.9331,1776255438000
1776255439.884,139.884,0.42,93.27,0.41,129.0,0.43,11.47,0.44,70.0,0.57,7.17,0.56,70.0,0.58,83.27,0.59,129.0,0.01,0.01,2333.9331,1776255438000
1776255440.191,140.191,0.42,93.27,0.41,129.0,0.43,11.47,0.44,70.0,0.57,11.47,0.56,70.0,0.58,93.27,0.59,129.0,0.01,0.01,2334.243619,1776255439000
1776255441.163,141.163,0.43,153.0,0.42,167.77,0.44,20.5,0.45,5.0,0.57,11.47,0.56,70.0,0.58,93.27,0.59,129.0,0.01,0.01,2334.243619,1776255439000
1776255441.374,141.374,0.43,153.0,0.42,167.77,0.44,20.5,0.45,5.0,0.56,20.5,0.55,5.0,0.57,153.0,0.58,167.77,0.01,0.01,2334.549386,1776255440000
1776255442.048,142.048,0.43,148.0,0.42,157.27,0.44,20.5,0.45,5.0,0.56,20.5,0.55,5.0,0.57,148.0,0.58,157.27,0.01,0.01,2334.65307,1776255441000
1776255442.45,142.45,0.44,178.0,0.43,132.0,0.45,10.5,0.46,25.0,0.55,5.0,0.54,25.0,0.56,45.5,0.57,143.0,0.01,0.01,2334.65307,1776255441000
1776255443.062,143.062,0.44,178.0,0.43,132.0,0.45,10.5,0.46,25.0,0.55,10.5,0.54,25.0,0.56,178.0,0.57,132.0,0.01,0.01,2334.698692,1776255442000
1776255443.717,143.717,0.44,63.19,0.43,97.0,0.45,65.5,0.46,100.0,0.55,10.5,0.54,25.0,0.56,177.91,0.57,127.0,0.01,0.01,2334.698692,1776255442000
1776255444.118,144.118,0.44,53.19,0.43,97.0,0.45,85.5,0.46,90.0,0.55,65.5,0.54,100.0,0.56,63.19,0.57,97.0,0.01,0.01,2334.698692,1776255442000
1776255445.282,145.282,0.44,53.19,0.43,97.0,0.45,85.5,0.46,90.0,0.55,85.5,0.54,90.0,0.56,53.19,0.57,97.0,0.01,0.01,2334.671542,1776255444000
1776255446.309,146.309,0.44,58.19,0.43,99.0,0.45,40.07,0.46,90.0,0.55,69.5,0.54,90.0,0.56,53.19,0.57,107.0,0.01,0.01,2334.671542,1776255444000
1776255447.041,147.041,0.44,58.19,0.43,99.0,0.45,40.07,0.46,90.0,0.55,40.07,0.54,90.0,0.56,58.19,0.57,99.0,0.01,0.01,2334.692035,1776255446000
1776255447.52,147.52,0.44,78.19,0.43,94.0,0.45,86.38,0.46,100.5,0.55,40.07,0.54,90.0,0.56,58.19,0.57,99.0,0.01,0.01,2334.692035,1776255446000
1776255448.348,148.348,0.44,78.19,0.43,94.0,0.45,86.38,0.46,100.5,0.55,86.38,0.54,100.5,0.56,78.19,0.57,94.0,0.01,0.01,2334.697884,1776255447000
1776255449.179,149.179,0.44,8.19,0.43,34.0,0.45,134.5,0.46,312.49,0.55,86.38,0.54,100.5,0.56,78.19,0.57,94.0,0.01,0.01,2334.697884,1776255447000
1776255450.72,150.72,0.4,7.0,0.39,25.0,0.41,341.64,0.42,173.5,0.58,5.0,0.57,20.5,0.59,46.37,0.6,70.0,0.01,0.01,2334.717576,1776255448000
1776255451.428,151.428,0.38,10.0,0.37,42.87,0.41,346.64,0.42,173.5,0.59,346.64,0.58,173.5,0.62,10.0,0.63,42.87,0.03,0.03,2334.513855,1776255450000
1776255452.003,152.003,0.37,67.87,0.36,85.5,0.38,82.52,0.39,65.0,0.59,346.64,0.58,173.5,0.62,10.0,0.63,42.87,0.01,0.03,2334.513855,1776255450000
1776255452.251,152.251,0.37,67.87,0.36,85.5,0.38,82.52,0.39,65.0,0.62,82.52,0.61,65.0,0.63,67.87,0.64,85.5,0.01,0.01,2334.513855,1776255451000
1776255453.426,153.426,0.37,12.87,0.36,85.5,0.38,82.52,0.39,65.0,0.62,82.52,0.61,65.0,0.63,12.87,0.64,85.5,0.01,0.01,2334.350793,1776255452000
1776255454.175,154.175,0.37,12.87,0.36,85.5,0.38,82.52,0.39,65.0,0.62,82.52,0.61,65.0,0.63,12.87,0.64,85.5,0.01,0.01,2334.342274,1776255453000
1776255455.149,155.149,0.36,65.0,0.35,225.5,0.37,8.13,0.38,172.52,0.63,8.13,0.62,172.52,0.64,65.0,0.65,225.5,0.01,0.01,2334.319765,1776255454000
1776255456.28,156.28,0.36,65.0,0.35,225.5,0.37,8.13,0.38,172.52,0.63,8.13,0.62,172.52,0.64,65.0,0.65,225.5,0.01,0.01,2334.322785,1776255455000
1776255457.348,157.348,0.36,20.0,0.35,160.0,0.37,21.61,0.38,93.5,0.63,8.13,0.62,172.52,0.64,65.0,0.65,225.5,0.01,0.01,2334.322785,1776255455000
1776255457.982,157.982,0.36,20.0,0.35,160.0,0.37,21.61,0.38,93.5,0.63,21.61,0.62,93.5,0.64,20.0,0.65,160.0,0.01,0.01,2334.288405,1776255457000
1776255459.743,159.743,0.36,20.0,0.35,160.0,0.37,21.61,0.38,93.5,0.63,21.61,0.62,93.5,0.64,20.0,0.65,160.0,0.01,0.01,2334.289259,1776255458000
1776255461.032,161.032,0.26,115.5,0.25,215.0,0.28,50.0,0.29,10.0,0.69,82.7,0.68,237.5,0.71,15.0,0.72,65.5,0.02,0.02,2334.289259,1776255458000
1776255461.607,161.607,0.26,110.5,0.25,215.0,0.27,83.0,0.28,99.0,0.73,83.0,0.72,99.0,0.74,110.5,0.75,215.0,0.01,0.01,2333.9528,1776255460000
1776255462.158,162.158,0.26,115.5,0.25,220.0,0.27,111.0,0.28,206.0,0.73,83.0,0.72,99.0,0.74,110.5,0.75,215.0,0.01,0.01,2333.9528,1776255460000
1776255463.428,163.428,0.26,115.5,0.25,220.0,0.27,111.0,0.28,206.0,0.73,111.0,0.72,206.0,0.74,115.5,0.75,220.0,0.01,0.01,2333.623671,1776255462000
1776255463.845,163.845,0.29,25.5,0.28,25.5,0.3,10.0,0.32,11.0,0.7,10.0,0.68,11.0,0.71,25.5,0.72,25.5,0.01,0.01,2333.603257,1776255463000
1776255464.541,164.541,0.32,84.92,0.31,30.5,0.33,10.62,0.34,90.0,0.7,10.0,0.68,11.0,0.71,25.5,0.72,25.5,0.01,0.01,2333.603257,1776255463000
1776255464.921,164.921,0.32,82.56,0.31,80.5,0.33,70.62,0.34,135.0,0.67,10.62,0.66,90.0,0.68,84.92,0.69,30.5,0.01,0.01,2333.603257,1776255463000
1776255466.36,166.36,0.32,153.06,0.31,85.5,0.34,85.0,0.35,140.0,0.67,70.62,0.66,135.0,0.68,82.56,0.69,80.5,0.02,0.01,2333.679369,1776255464000
1776255467.364,167.364,0.32,153.06,0.31,85.5,0.34,85.0,0.35,140.0,0.66,85.0,0.65,140.0,0.68,153.06,0.69,85.5,0.02,0.02,2333.904229,1776255466000
1776255467.591,167.591,0.33,77.91,0.32,113.06,0.34,122.27,0.35,135.0,0.66,85.0,0.65,140.0,0.68,153.06,0.69,85.5,0.01,0.02,2333.904229,1776255466000
1776255468.375,168.375,0.33,77.91,0.32,113.06,0.34,122.27,0.35,135.0,0.66,122.27,0.65,135.0,0.67,77.91,0.68,113.06,0.01,0.01,2333.965084,1776255467000
1776255468.899,168.899,0.33,77.91,0.32,113.06,0.34,122.27,0.35,135.0,0.66,122.27,0.65,135.0,0.67,77.91,0.68,113.06,0.01,0.01,2333.992404,1776255468000
1776255469.426,169.426,0.3,35.02,0.29,25.5,0.32,75.0,0.33,111.14,0.66,122.27,0.65,135.0,0.67,77.91,0.68,113.06,0.02,0.01,2333.992404,1776255468000
1776255470.209,170.209,0.3,30.02,0.29,25.5,0.32,75.0,0.33,111.14,0.68,75.0,0.67,111.14,0.7,35.02,0.71,25.5,0.02,0.02,2333.982508,1776255469000
1776255470.931,170.931,0.3,30.02,0.29,25.5,0.32,75.0,0.33,111.14,0.68,75.0,0.67,111.14,0.7,35.02,0.71,25.5,0.02,0.02,2333.921337,1776255470000
1776255471.134,171.134,0.31,33.0,0.3,30.0,0.32,95.0,0.33,15.0,0.68,75.0,0.67,111.14,0.7,35.02,0.71,25.5,0.01,0.02,2333.921337,1776255470000
1776255472.148,172.148,0.31,33.0,0.3,30.0,0.32,95.0,0.33,15.0,0.68,95.0,0.67,15.0,0.69,33.0,0.7,30.0,0.01,0.01,2333.904937,1776255471000
1776255472.798,172.798,0.31,168.5,0.3,100.5,0.32,59.0,0.33,8.85,0.68,95.0,0.67,15.0,0.69,33.0,0.7,30.0,0.01,0.01,2333.904937,1776255471000
1776255473.015,173.015,0.31,168.5,0.3,100.5,0.32,39.9,0.33,8.85,0.68,59.0,0.67,8.85,0.69,168.5,0.7,100.5,0.01,0.01,2333.904937,1776255471000
1776255473.426,173.426,0.31,168.5,0.3,100.5,0.32,39.9,0.33,8.85,0.68,39.9,0.67,8.85,0.69,168.5,0.7,100.5,0.01,0.01,2333.892567,1776255472000
1776255474.475,174.475,0.31,168.5,0.3,100.5,0.32,39.9,0.33,8.85,0.68,39.9,0.67,8.85,0.69,168.5,0.7,100.5,0.01,0.01,2333.89503,1776255473000
1776255475.012,175.012,0.31,168.5,0.3,100.5,0.32,39.9,0.33,8.85,0.68,39.9,0.67,8.85,0.69,168.5,0.7,100.5,0.01,0.01,2333.951244,1776255474000
1776255476.108,176.108,0.37,95.0,0.36,115.5,0.38,87.65,0.39,135.0,0.68,39.9,0.67,8.85,0.69,168.5,0.7,100.5,0.01,0.01,2333.951244,1776255474000
1776255477.438,177.438,0.37,95.0,0.36,115.5,0.38,87.65,0.39,135.0,0.62,87.65,0.61,135.0,0.63,95.0,0.64,115.5,0.01,0.01,2334.264336,1776255476000
1776255477.888,177.888,0.4,8.75,0.39,20.0,0.41,153.53,0.42,210.0,0.59,148.53,0.58,210.0,0.6,20.0,0.61,15.0,0.01,0.01,2334.264336,1776255476000
1776255478.131,178.131,0.4,33.75,0.39,36.0,0.41,112.13,0.42,210.0,0.59,153.53,0.58,210.0,0.6,8.75,0.61,20.0,0.01,0.01,2334.27058,1776255477000
1776255478.553,178.553,0.39,41.5,0.38,46.5,0.41,92.13,0.42,260.0,0.59,112.13,0.58,210.0,0.6,33.75,0.61,36.0,0.02,0.01,2334.27058,1776255477000
1776255479.173,179.173,0.39,41.5,0.38,46.5,0.41,92.13,0.42,260.0,0.59,92.13,0.58,260.0,0.61,41.5,0.62,46.5,0.02,0.02,2334.381351,1776255478000
1776255480.177,180.177,0.4,27.0,0.39,135.5,0.41,142.13,0.42,260.0,0.59,92.13,0.58,260.0,0.61,41.5,0.62,46.5,0.01,0.02,2334.381351,1776255478000
1776255480.383,180.383,0.4,27.0,0.39,135.5,0.41,142.13,0.42,260.0,0.59,142.13,0.58,260.0,0.6,27.0,0.61,135.5,0.01,0.01,2334.440507,1776255479000
1776255480.857,180.857,0.4,27.0,0.39,135.5,0.41,142.13,0.42,260.0,0.59,142.13,0.58,260.0,0.6,27.0,0.61,135.5,0.01,0.01,2334.445624,1776255480000
1776255482.0,182.0,0.4,136.5,0.39,100.5,0.41,82.13,0.42,332.99,0.59,82.13,0.58,332.99,0.6,136.5,0.61,100.5,0.01,0.01,2334.444557,1776255481000
1776255483.06,183.06,0.4,136.5,0.39,100.5,0.41,82.13,0.42,332.99,0.59,82.13,0.58,332.99,0.6,136.5,0.61,100.5,0.01,0.01,2334.498563,1776255482000
1776255484.312,184.312,0.4,136.5,0.39,100.5,0.41,82.13,0.42,332.99,0.59,82.13,0.58,332.99,0.6,136.5,0.61,100.5,0.01,0.01,2334.499238,1776255483000
1776255484.624,184.624,0.4,32.0,0.39,15.0,0.41,119.13,0.42,381.64,0.59,82.13,0.58,332.99,0.6,136.5,0.61,100.5,0.01,0.01,2334.499238,1776255483000
1776255484.978,184.978,0.4,22.0,0.39,15.0,0.41,141.23,0.42,270.5,0.59,94.73,0.58,381.64,0.6,32.0,0.61,15.0,0.01,0.01,2334.499238,1776255483000
1776255485.385,185.385,0.4,22.0,0.39,15.0,0.41,141.23,0.42,270.5,0.59,141.23,0.58,270.5,0.6,22.0,0.61,15.0,0.01,0.01,2334.498492,1776255484000
1776255485.715,185.715,0.38,15.0,0.37,25.0,0.41,399.11,0.42,226.2,0.59,141.23,0.58,270.5,0.6,22.0,0.61,15.0,0.03,0.01,2334.498492,1776255484000
1776255487.04,187.04,0.38,15.0,0.37,25.0,0.41,399.11,0.42,226.2,0.59,399.11,0.58,226.2,0.62,15.0,0.63,25.0,0.03,0.03,2334.432413,1776255486000
1776255488.3,188.3,0.38,15.0,0.37,25.0,0.41,399.11,0.42,226.2,0.59,399.11,0.58,226.2,0.62,15.0,0.63,25.0,0.03,0.03,2334.3722,1776255487000
1776255489.251,189.251,0.38,15.0,0.37,25.0,0.41,399.11,0.42,226.2,0.59,399.11,0.58,226.2,0.62,15.0,0.63,25.0,0.03,0.03,2334.368298,1776255488000
1776255489.699,189.699,0.38,32.0,0.37,25.0,0.39,114.0,0.4,399.0,0.59,399.11,0.58,226.2,0.62,15.0,0.63,25.0,0.01,0.03,2334.368298,1776255488000
1776255490.949,190.949,0.38,32.0,0.37,25.0,0.39,114.0,0.4,399.0,0.61,114.0,0.6,399.0,0.62,32.0,0.63,25.0,0.01,0.01,2334.372887,1776255490000
1776255492.06,192.06,0.38,32.0,0.37,25.0,0.39,114.0,0.4,399.0,0.61,114.0,0.6,399.0,0.62,32.0,0.63,25.0,0.01,0.01,2334.378702,1776255491000
1776255492.569,192.569,0.28,15.5,0.27,50.0,0.29,55.0,0.3,133.14,0.61,114.0,0.6,399.0,0.62,32.0,0.63,25.0,0.01,0.01,2334.378702,1776255491000
1776255493.213,193.213,0.28,15.5,0.27,50.0,0.29,55.0,0.3,133.14,0.71,55.0,0.7,133.14,0.72,15.5,0.73,50.0,0.01,0.01,2334.362503,1776255492000
1776255494.295,194.295,0.28,15.5,0.27,50.0,0.29,55.0,0.3,133.14,0.71,55.0,0.7,133.14,0.72,15.5,0.73,50.0,0.01,0.01,2333.884341,1776255493000
1776255495.376,195.376,0.28,15.5,0.27,50.0,0.29,55.0,0.3,133.14,0.71,55.0,0.7,133.14,0.72,15.5,0.73,50.0,0.01,0.01,2333.8773,1776255494000
1776255495.869,195.869,0.28,15.5,0.27,50.0,0.29,55.0,0.3,133.14,0.71,55.0,0.7,133.14,0.72,15.5,0.73,50.0,0.01,0.01,2333.878145,1776255495000
1776255496.998,196.998,0.28,15.5,0.27,50.0,0.29,55.0,0.3,133.14,0.71,55.0,0.7,133.14,0.72,15.5,0.73,50.0,0.01,0.01,2333.876945,1776255496000
1776255497.759,197.759,0.26,75.0,0.25,170.0,0.27,56.0,0.28,219.0,0.71,55.0,0.7,133.14,0.72,15.5,0.73,50.0,0.01,0.01,2333.876945,1776255496000
1776255498.088,198.088,0.25,10.0,0.24,110.0,0.26,40.0,0.27,253.01,0.73,56.0,0.72,219.0,0.74,75.0,0.75,170.0,0.01,0.01,2333.781787,1776255497000
1776255499.03,199.03,0.25,10.0,0.24,110.0,0.26,40.0,0.27,253.01,0.74,40.0,0.73,253.01,0.75,10.0,0.76,110.0,0.01,0.01,2333.621515,1776255498000
1776255499.24,199.24,0.23,70.67,0.22,100.5,0.24,78.0,0.25,111.0,0.74,40.0,0.73,253.01,0.75,10.0,0.76,110.0,0.01,0.01,2333.621515,1776255498000
1776255499.848,199.848,0.23,39.36,0.22,100.5,0.24,143.0,0.25,111.0,0.76,78.0,0.75,111.0,0.77,70.67,0.78,100.5,0.01,0.01,2333.621515,1776255498000
1776255500.622,200.622,0.23,14.36,0.22,100.5,0.24,145.16,0.25,111.0,0.76,143.0,0.75,111.0,0.77,39.36,0.78,100.5,0.01,0.01,2333.521001,1776255499000
1776255500.939,200.939,0.23,8.06,0.22,100.5,0.24,164.16,0.25,151.0,0.76,145.16,0.75,111.0,0.77,14.36,0.78,100.5,0.01,0.01,2333.521001,1776255499000
1776255501.349,201.349,0.23,2.9,0.22,100.5,0.24,209.16,0.25,201.0,0.76,164.16,0.75,151.0,0.77,8.06,0.78,100.5,0.01,0.01,2333.51823,1776255500000
1776255502.107,202.107,0.23,2.9,0.22,100.5,0.24,209.16,0.25,201.0,0.76,209.16,0.75,201.0,0.77,2.9,0.78,100.5,0.01,0.01,2333.50455,1776255501000
1776255503.221,203.221,0.23,2.9,0.22,100.5,0.24,209.16,0.25,201.0,0.76,209.16,0.75,201.0,0.77,2.9,0.78,100.5,0.01,0.01,2333.487823,1776255502000
1776255504.089,204.089,0.23,2.9,0.22,100.5,0.24,209.16,0.25,201.0,0.76,209.16,0.75,201.0,0.77,2.9,0.78,100.5,0.01,0.01,2333.497513,1776255503000
1776255504.495,204.495,0.21,13.37,0.2,40.0,0.24,307.01,0.25,187.0,0.76,209.16,0.75,201.0,0.77,2.9,0.78,100.5,0.03,0.01,2333.497513,1776255503000
1776255505.309,205.309,0.22,5.37,0.21,18.37,0.23,352.99,0.24,144.16,0.76,307.01,0.75,187.0,0.79,13.37,0.8,40.0,0.01,0.03,2333.497513,1776255503000
1776255505.861,205.861,0.21,12.1,0.2,15.0,0.22,346.99,0.23,194.08,0.77,352.99,0.76,144.16,0.78,5.37,0.79,18.37,0.01,0.01,2333.501646,1776255504000
1776255507.009,207.009,0.21,12.1,0.2,15.0,0.22,346.99,0.23,194.08,0.78,346.99,0.77,194.08,0.79,12.1,0.8,15.0,0.01,0.01,2333.504649,1776255506000
1776255508.13,208.13,0.21,12.1,0.2,15.0,0.22,346.99,0.23,194.08,0.78,346.99,0.77,194.08,0.79,12.1,0.8,15.0,0.01,0.01,2333.50383,1776255507000
1776255508.747,208.747,0.19,1.61,0.18,14.79,0.2,385.99,0.21,138.85,0.78,346.99,0.77,194.08,0.79,12.1,0.8,15.0,0.01,0.01,2333.50383,1776255507000
1776255509.349,209.349,0.18,5.16,0.17,130.0,0.2,385.99,0.21,138.85,0.8,385.99,0.79,138.85,0.82,5.16,0.83,130.0,0.02,0.02,2333.503338,1776255508000
1776255509.938,209.938,0.18,4.37,0.17,130.0,0.19,216.0,0.2,347.99,0.81,216.0,0.8,357.99,0.82,10.47,0.83,130.0,0.01,0.01,2333.503338,1776255508000
1776255510.335,210.335,0.18,4.37,0.17,130.0,0.19,216.0,0.2,347.99,0.81,216.0,0.8,347.99,0.82,4.37,0.83,130.0,0.01,0.01,2333.436375,1776255509000
1776255511.461,211.461,0.18,2.72,0.17,130.0,0.19,87.0,0.2,386.49,0.81,87.0,0.8,386.49,0.82,2.72,0.83,130.0,0.01,0.01,2333.430928,1776255510000
1776255512.081,212.081,0.18,2.72,0.17,130.0,0.19,87.0,0.2,386.49,0.81,87.0,0.8,386.49,0.82,2.72,0.83,130.0,0.01,0.01,2333.432462,1776255511000
1776255512.902,212.902,0.18,2.72,0.17,85.0,0.19,232.72,0.2,341.54,0.81,87.0,0.8,386.49,0.82,2.72,0.83,130.0,0.01,0.01,2333.432462,1776255511000
1776255513.167,213.167,0.18,2.72,0.17,85.0,0.19,232.72,0.2,341.54,0.81,232.72,0.8,341.54,0.82,2.72,0.83,85.0,0.01,0.01,2333.428638,1776255512000
1776255514.274,214.274,0.18,2.72,0.17,85.0,0.19,232.72,0.2,341.54,0.81,232.72,0.8,341.54,0.82,2.72,0.83,85.0,0.01,0.01,2333.428216,1776255513000
1776255515.342,215.342,0.18,2.72,0.17,85.0,0.19,232.72,0.2,341.54,0.81,232.72,0.8,341.54,0.82,2.72,0.83,85.0,0.01,0.01,2333.42744,1776255514000
1776255516.324,216.324,0.18,2.72,0.17,85.0,0.19,232.72,0.2,341.54,0.81,232.72,0.8,341.54,0.82,2.72,0.83,85.0,0.01,0.01,2333.427101,1776255515000
1776255517.404,217.404,0.18,2.72,0.17,85.0,0.19,232.72,0.2,341.54,0.81,232.72,0.8,341.54,0.82,2.72,0.83,85.0,0.01,0.01,2333.426385,1776255516000
1776255517.904,217.904,0.18,2.72,0.17,85.0,0.19,232.72,0.2,341.54,0.81,232.72,0.8,341.54,0.82,2.72,0.83,85.0,0.01,0.01,2333.426534,1776255517000
1776255518.32,218.32,0.17,15.5,0.16,195.0,0.18,235.99,0.19,157.86,0.81,232.72,0.8,341.54,0.82,2.72,0.83,85.0,0.01,0.01,2333.426534,1776255517000
1776255518.846,218.846,0.17,4.47,0.16,195.0,0.18,267.99,0.19,157.86,0.82,235.99,0.81,157.86,0.83,15.5,0.84,195.0,0.01,0.01,2333.426534,1776255517000
1776255519.634,219.634,0.17,4.47,0.16,195.0,0.18,267.99,0.19,157.86,0.82,267.99,0.81,157.86,0.83,4.47,0.84,195.0,0.01,0.01,2333.426628,1776255518000
1776255520.265,220.265,0.17,13.0,0.16,250.21,0.18,126.99,0.19,112.63,0.83,128.0,0.82,252.99,0.84,180.21,0.85,40.0,0.01,0.01,2333.426628,1776255518000
1776255520.59,220.59,0.17,44.8,0.16,235.21,0.18,32.35,0.19,114.99,0.82,114.99,0.81,117.63,0.83,33.8,0.84,190.21,0.01,0.01,2333.414772,1776255519000
1776255520.798,220.798,0.17,104.8,0.16,235.21,0.18,11.35,0.2,155.0,0.82,32.35,0.81,114.99,0.83,44.8,0.84,235.21,0.01,0.01,2333.414772,1776255519000
1776255521.333,221.333,0.17,95.8,0.16,235.21,0.2,135.35,0.21,70.0,0.8,135.35,0.79,70.0,0.83,95.8,0.84,235.21,0.03,0.03,2333.427423,1776255520000
1776255521.86,221.86,0.17,95.8,0.16,235.21,0.2,135.35,0.21,70.0,0.8,135.35,0.79,70.0,0.83,95.8,0.84,235.21,0.03,0.03,2333.43305,1776255521000
1776255522.092,222.092,0.15,20.11,0.14,40.0,0.16,67.0,0.17,159.96,0.8,135.35,0.79,70.0,0.83,95.8,0.84,235.21,0.01,0.03,2333.43305,1776255521000
1776255523.054,223.054,0.11,119.18,0.1,50.5,0.12,30.85,0.13,204.35,0.84,62.0,0.83,159.96,0.85,18.93,0.86,40.0,0.01,0.01,2333.43305,1776255521000
1776255523.36,223.36,0.11,119.18,0.1,50.5,0.12,30.85,0.13,204.35,0.88,30.85,0.87,204.35,0.89,119.18,0.9,50.5,0.01,0.01,2333.493696,1776255522000
1776255523.854,223.854,0.12,13.0,0.11,45.27,0.13,210.0,0.15,48.0,0.88,168.85,0.87,249.35,0.89,100.59,0.9,50.5,0.01,0.01,2333.493696,1776255522000
1776255524.069,224.069,0.12,35.54,0.11,25.27,0.13,70.0,0.15,5.0,0.87,70.0,0.85,5.0,0.88,35.54,0.89,25.27,0.01,0.01,2333.44868,1776255523000
1776255524.34,224.34,0.12,61.04,0.11,80.27,0.13,33.13,0.15,5.0,0.87,55.75,0.85,5.0,0.88,50.54,0.89,75.27,0.01,0.01,2333.44868,1776255523000
1776255525.068,225.068,0.14,46.54,0.13,75.5,0.15,15.0,0.16,20.0,0.85,10.0,0.84,5.0,0.88,48.5,0.89,132.06,0.01,0.03,2333.44868,1776255523000
1776255525.568,225.568,0.14,46.54,0.13,107.3,0.15,15.0,0.16,20.0,0.85,15.0,0.84,20.0,0.86,46.54,0.87,75.5,0.01,0.01,2333.150309,1776255524000
1776255525.88,225.88,0.14,58.83,0.13,102.3,0.15,10.0,0.16,20.0,0.85,15.0,0.84,20.0,0.86,46.54,0.87,107.3,0.01,0.01,2333.150309,1776255524000
1776255526.484,226.484,0.14,58.83,0.13,102.3,0.15,10.0,0.16,20.0,0.85,10.0,0.84,20.0,0.86,58.83,0.87,102.3,0.01,0.01,2333.374996,1776255525000
1776255527.11,227.11,0.14,58.83,0.13,102.3,0.15,10.0,0.16,20.0,0.85,10.0,0.84,20.0,0.86,58.83,0.87,102.3,0.01,0.01,2333.422593,1776255526000
1776255528.383,228.383,0.14,58.83,0.13,102.3,0.15,10.0,0.16,20.0,0.85,10.0,0.84,20.0,0.86,58.83,0.87,102.3,0.01,0.01,2333.437112,1776255527000
1776255528.946,228.946,0.14,58.83,0.13,102.3,0.15,10.0,0.16,20.0,0.85,10.0,0.84,20.0,0.86,58.83,0.87,102.3,0.01,0.01,2333.4331,1776255528000
1776255529.597,229.597,0.1,58.18,0.09,204.0,0.11,49.0,0.12,71.0,0.85,10.0,0.84,20.0,0.86,58.83,0.87,102.3,0.01,0.01,2333.4331,1776255528000
1776255530.039,230.039,0.1,30.18,0.09,204.0,0.11,49.0,0.12,71.0,0.89,49.0,0.88,71.0,0.9,30.18,0.91,204.0,0.01,0.01,2333.29937,1776255529000
1776255530.333,230.333,0.1,46.59,0.09,204.0,0.11,42.0,0.12,71.0,0.89,49.0,0.88,71.0,0.9,30.18,0.91,204.0,0.01,0.01,2333.29937,1776255529000
1776255530.541,230.541,0.1,91.85,0.09,204.0,0.11,54.0,0.12,71.0,0.89,42.0,0.88,71.0,0.9,46.59,0.91,204.0,0.01,0.01,2333.29937,1776255529000
1776255531.157,231.157,0.1,117.35,0.09,214.0,0.12,12.0,0.13,87.0,0.89,54.0,0.88,71.0,0.9,91.85,0.91,204.0,0.02,0.01,2333.29937,1776255529000
1776255531.596,231.596,0.12,64.5,0.11,122.29,0.13,58.0,0.14,25.0,0.88,12.0,0.87,87.0,0.9,117.35,0.91,214.0,0.01,0.02,2333.270169,1776255530000
1776255532.147,232.147,0.12,64.5,0.11,122.29,0.13,58.0,0.14,25.0,0.87,58.0,0.86,25.0,0.88,64.5,0.89,122.29,0.01,0.01,2333.270169,1776255531000
1776255533.376,233.376,0.12,64.5,0.11,122.29,0.13,58.0,0.14,25.0,0.87,58.0,0.86,25.0,0.88,64.5,0.89,122.29,0.01,0.01,2333.31396,1776255532000
1776255533.659,233.659,0.12,148.47,0.11,112.29,0.13,63.0,0.14,30.0,0.87,58.0,0.86,25.0,0.88,64.5,0.89,122.29,0.01,0.01,2333.31396,1776255532000
1776255533.985,233.985,0.12,142.97,0.11,112.29,0.13,54.95,0.14,30.0,0.87,63.0,0.86,30.0,0.88,148.47,0.89,112.29,0.01,0.01,2333.31396,1776255532000
1776255534.824,234.824,0.12,23.78,0.11,46.79,0.13,119.63,0.14,110.5,0.87,54.95,0.86,30.0,0.88,142.97,0.89,112.29,0.01,0.01,2333.335965,1776255533000
1776255535.735,235.735,0.12,19.78,0.11,46.79,0.13,145.13,0.14,95.5,0.87,119.63,0.86,110.5,0.88,23.78,0.89,46.79,0.01,0.01,2333.335965,1776255533000
1776255535.952,235.952,0.12,19.78,0.11,46.79,0.13,145.13,0.14,95.5,0.87,145.13,0.86,95.5,0.88,19.78,0.89,46.79,0.01,0.01,2333.315173,1776255535000
1776255536.959,236.959,0.12,19.78,0.11,46.79,0.13,145.13,0.14,95.5,0.87,145.13,0.86,95.5,0.88,19.78,0.89,46.79,0.01,0.01,2333.343768,1776255536000
1776255537.676,237.676,0.09,146.22,0.08,236.96,0.1,98.5,0.11,161.5,0.87,145.13,0.86,95.5,0.88,19.78,0.89,46.79,0.01,0.01,2333.343768,1776255536000
1776255537.994,237.994,0.09,135.23,0.08,236.96,0.1,103.5,0.11,161.5,0.9,103.5,0.89,161.5,0.91,135.23,0.92,236.96,0.01,0.01,2333.33653,1776255537000
1776255538.228,238.228,0.09,138.6,0.08,236.96,0.1,103.5,0.11,166.5,0.9,103.5,0.89,161.5,0.91,135.23,0.92,236.96,0.01,0.01,2333.33653,1776255537000
1776255538.701,238.701,0.09,94.75,0.08,210.0,0.1,304.5,0.11,186.5,0.9,103.5,0.89,166.5,0.91,138.6,0.92,236.96,0.01,0.01,2333.33653,1776255537000
1776255538.988,238.988,0.09,39.75,0.08,210.0,0.1,286.5,0.11,186.5,0.9,304.5,0.89,186.5,0.91,94.75,0.92,210.0,0.01,0.01,2333.224454,1776255538000
1776255539.727,239.727,0.09,13.44,0.08,160.0,0.1,289.5,0.11,186.5,0.9,286.5,0.89,186.5,0.91,39.75,0.92,210.0,0.01,0.01,2333.224454,1776255538000
1776255539.936,239.936,0.09,8.44,0.08,160.0,0.1,280.63,0.11,186.5,0.9,280.63,0.89,186.5,0.91,8.44,0.92,160.0,0.01,0.01,2333.167132,1776255539000
1776255540.183,240.183,0.09,3.44,0.08,110.0,0.1,261.33,0.11,166.0,0.9,280.63,0.89,186.5,0.91,8.44,0.92,160.0,0.01,0.01,2333.167132,1776255539000
1776255540.402,240.402,0.09,8.06,0.08,60.0,0.1,292.33,0.11,166.0,0.9,261.33,0.89,166.0,0.91,3.44,0.92,110.0,0.01,0.01,2333.167132,1776255539000
1776255540.821,240.821,0.08,1.39,0.07,110.0,0.09,50.0,0.1,184.33,0.9,292.33,0.89,166.0,0.92,60.0,0.93,110.0,0.01,0.02,2333.167132,1776255539000
1776255541.337,241.337,0.07,75.8,0.06,185.0,0.08,100.0,0.09,120.0,0.91,50.0,0.9,184.33,0.92,1.39,0.93,110.0,0.01,0.01,2333.072709,1776255540000
1776255542.286,242.286,0.07,75.8,0.06,185.0,0.08,100.0,0.09,120.0,0.92,100.0,0.91,120.0,0.93,75.8,0.94,185.0,0.01,0.01,2332.991005,1776255541000
1776255543.175,243.175,0.07,14.8,0.06,190.0,0.08,15.0,0.09,25.0,0.92,100.0,0.91,120.0,0.93,75.8,0.94,185.0,0.01,0.01,2332.991005,1776255541000
1776255543.838,243.838,0.07,11.57,0.06,190.0,0.08,15.0,0.09,80.0,0.92,15.0,0.91,25.0,0.93,14.8,0.94,190.0,0.01,0.01,2333.020217,1776255542000
1776255544.275,244.275,0.07,11.57,0.06,190.0,0.08,15.0,0.09,80.0,0.92,15.0,0.91,80.0,0.93,11.57,0.94,190.0,0.01,0.01,2333.010137,1776255543000
1776255545.18,245.18,0.07,5.49,0.06,15.0,0.08,20.0,0.09,85.0,0.92,15.0,0.91,80.0,0.93,11.57,0.94,190.0,0.01,0.01,2333.010137,1776255543000
1776255546.965,246.965,0.07,7.69,0.06,14.43,0.08,44.56,0.09,202.99,0.92,15.0,0.91,194.99,0.94,14.43,0.95,100.91,0.01,0.02,2333.051594,1776255544000
1776255547.184,247.184,0.07,5.25,0.06,14.43,0.08,44.56,0.09,202.99,0.92,44.56,0.91,202.99,0.93,5.25,0.94,14.43,0.01,0.01,2333.078082,1776255546000
1776255547.982,247.982,0.06,1.32,0.05,100.91,0.08,99.56,0.09,215.99,0.92,44.56,0.91,202.99,0.93,5.25,0.94,14.43,0.02,0.01,2333.078082,1776255546000
1776255548.522,248.522,0.06,1.32,0.05,100.91,0.08,99.56,0.09,215.99,0.92,99.56,0.91,215.99,0.94,1.32,0.95,100.91,0.02,0.02,2333.067591,1776255547000
1776255549.028,249.028,0.06,1.32,0.05,100.91,0.08,99.56,0.09,215.99,0.92,99.56,0.91,215.99,0.94,1.32,0.95,100.91,0.02,0.02,2333.066017,1776255548000
1776255549.358,249.358,0.06,13.0,0.05,20.11,0.07,86.0,0.08,234.56,0.92,99.56,0.91,215.99,0.94,1.32,0.95,100.91,0.01,0.02,2333.066017,1776255548000
1776255550.146,250.146,0.06,13.0,0.05,20.11,0.07,86.0,0.08,234.56,0.93,86.0,0.92,234.56,0.94,13.0,0.95,20.11,0.01,0.01,2333.066726,1776255549000
1776255550.483,250.483,0.05,20.11,0.04,108.8,0.07,199.99,0.08,150.56,0.93,86.0,0.92,234.56,0.94,13.0,0.95,20.11,0.02,0.01,2333.066726,1776255549000
1776255550.862,250.862,0.05,25.11,0.04,113.8,0.06,9.0,0.07,185.99,0.93,199.99,0.92,150.56,0.95,20.11,0.96,108.8,0.01,0.02,2333.066726,1776255549000
1776255551.176,251.176,0.05,25.11,0.04,113.8,0.06,9.0,0.07,185.99,0.94,9.0,0.93,185.99,0.95,25.11,0.96,113.8,0.01,0.01,2333.08839,1776255550000
1776255551.428,251.428,0.04,108.8,0.03,353.69,0.06,65.15,0.07,201.99,0.94,49.0,0.93,191.99,0.96,108.8,0.97,353.69,0.02,0.02,2333.08839,1776255550000
1776255552.017,252.017,0.05,30.2,0.04,113.8,0.07,165.52,0.08,116.0,0.94,65.15,0.93,201.99,0.96,108.8,0.97,353.69,0.02,0.02,2333.08839,1776255550000
1776255552.224,252.224,0.05,19.14,0.04,113.8,0.07,135.99,0.08,116.0,0.93,135.99,0.92,116.0,0.95,19.14,0.96,113.8,0.02,0.02,2333.012162,1776255551000
1776255552.462,252.462,0.04,113.8,0.03,350.69,0.07,134.56,0.08,116.0,0.93,135.99,0.92,121.0,0.95,0.66,0.96,113.8,0.03,0.02,2333.012162,1776255551000
1776255553.317,253.317,0.04,113.8,0.03,350.69,0.07,134.56,0.08,116.0,0.93,134.56,0.92,116.0,0.96,113.8,0.97,350.69,0.03,0.03,2332.982248,1776255552000
1776255554.42,254.42,0.05,7.95,0.04,108.8,0.06,46.3,0.07,200.56,0.93,134.56,0.92,116.0,0.96,113.8,0.97,350.69,0.01,0.03,2332.982248,1776255552000
1776255554.985,254.985,0.05,7.95,0.04,108.8,0.06,46.3,0.07,200.56,0.94,46.3,0.93,200.56,0.95,7.95,0.96,108.8,0.01,0.01,2332.995262,1776255554000
1776255556.019,256.019,0.03,263.04,0.02,798.69,0.06,91.3,0.07,222.56,0.94,46.3,0.93,200.56,0.95,7.95,0.96,108.8,0.03,0.01,2332.995262,1776255554000
1776255557.047,257.047,0.03,262.88,0.02,798.69,0.05,45.0,0.06,149.3,0.94,91.3,0.93,222.56,0.97,263.04,0.98,798.69,0.02,0.03,2333.048873,1776255555000
1776255557.853,257.853,0.03,241.69,0.02,798.69,0.05,55.26,0.06,205.3,0.95,45.26,0.94,91.3,0.97,252.88,0.98,798.69,0.02,0.02,2332.9962,1776255556000
1776255558.104,258.104,0.03,238.62,0.02,746.69,0.04,6.25,0.05,50.26,0.95,55.26,0.94,205.3,0.97,241.69,0.98,798.69,0.01,0.02,2332.9962,1776255556000
1776255558.542,258.542,0.03,236.4,0.02,746.69,0.04,16.25,0.05,50.26,0.96,6.25,0.95,50.26,0.97,238.62,0.98,746.69,0.01,0.01,2332.992809,1776255557000
1776255558.908,258.908,0.03,231.4,0.02,746.69,0.04,66.56,0.05,50.26,0.96,16.25,0.95,50.26,0.97,236.4,0.98,746.69,0.01,0.01,2332.992809,1776255557000
1776255559.206,259.206,0.03,102.54,0.02,617.69,0.04,81.56,0.05,243.25,0.96,66.56,0.95,50.26,0.97,231.4,0.98,746.69,0.01,0.01,2332.992809,1776255557000
1776255559.839,259.839,0.03,30.49,0.02,601.69,0.04,100.56,0.05,243.25,0.96,100.56,0.95,243.25,0.97,82.54,0.98,617.69,0.01,0.01,2332.982583,1776255558000
1776255560.341,260.341,0.03,30.49,0.02,601.69,0.04,100.56,0.05,243.25,0.96,100.56,0.95,243.25,0.97,30.49,0.98,601.69,0.01,0.01,2332.978039,1776255559000
1776255560.909,260.909,0.03,30.49,0.02,601.69,0.04,100.56,0.05,243.25,0.96,100.56,0.95,243.25,0.97,30.49,0.98,601.69,0.01,0.01,2332.974853,1776255560000
1776255561.46,261.46,0.03,19.49,0.02,594.69,0.04,81.31,0.05,256.25,0.96,100.56,0.95,243.25,0.97,30.49,0.98,601.69,0.01,0.01,2332.974853,1776255560000
1776255562.619,262.619,0.03,24.49,0.02,594.69,0.04,74.51,0.05,256.25,0.96,74.51,0.95,256.25,0.97,24.49,0.98,594.69,0.01,0.01,2332.918039,1776255561000
1776255563.046,263.046,0.02,570.74,0.01,7456.46,0.04,118.51,0.05,332.05,0.96,118.51,0.95,332.05,0.97,7.49,0.98,581.7,0.02,0.01,2332.918039,1776255561000
1776255563.273,263.273,0.02,263.49,0.01,7656.46,0.03,5.0,0.04,118.51,0.96,118.51,0.95,332.05,0.98,570.74,0.99,7456.46,0.01,0.02,2332.903056,1776255562000
1776255563.598,263.598,0.02,239.85,0.01,7656.46,0.03,169.33,0.04,75.0,0.97,5.0,0.96,99.51,0.98,261.9,0.99,7656.46,0.01,0.01,2332.903056,1776255562000
1776255564.081,264.081,0.02,142.56,0.01,7656.46,0.03,144.55,0.04,70.0,0.97,207.05,0.96,70.0,0.98,234.85,0.99,7656.46,0.01,0.01,2332.903056,1776255562000
1776255564.301,264.301,0.02,120.52,0.01,7656.46,0.03,154.55,0.04,70.0,0.97,144.55,0.96,70.0,0.98,142.56,0.99,7656.46,0.01,0.01,2332.918927,1776255563000
1776255564.658,264.658,0.02,122.91,0.01,7661.46,0.03,149.55,0.04,20.0,0.97,149.55,0.96,70.0,0.98,119.49,0.99,7661.46,0.01,0.01,2332.918927,1776255563000
1776255565.225,265.225,0.02,122.91,0.01,7661.46,0.03,149.55,0.04,20.0,0.97,149.55,0.96,20.0,0.98,122.91,0.99,7661.46,0.01,0.01,2332.919773,1776255564000
1776255565.446,265.446,0.05,5.0,0.04,75.0,0.07,0.56,0.08,124.99,0.94,0.56,0.93,10.0,0.96,70.0,0.97,75.86,0.02,0.02,2332.919773,1776255564000
1776255565.65,265.65,0.05,2.62,0.04,62.41,0.07,10.0,0.08,80.44,0.93,27.0,0.92,144.55,0.96,57.41,0.97,156.86,0.02,0.03,2332.919773,1776255564000
1776255565.95,265.95,0.06,14.68,0.05,63.61,0.09,76.08,0.1,91.2,0.92,6.08,0.91,90.0,0.94,14.68,0.95,8.48,0.03,0.02,2332.919773,1776255564000
1776255566.359,266.359,0.06,19.68,0.05,63.61,0.09,56.08,0.1,91.2,0.91,56.08,0.9,91.2,0.94,19.68,0.95,63.61,0.03,0.03,2332.918658,1776255565000
1776255566.632,266.632,0.06,20.54,0.05,144.61,0.08,25.0,0.09,199.34,0.91,36.62,0.9,96.2,0.93,65.0,0.94,128.67,0.02,0.02,2332.918658,1776255565000
1776255567.043,267.043,0.05,71.61,0.04,261.21,0.07,25.0,0.08,20.0,0.92,25.0,0.91,199.34,0.94,15.67,0.95,94.61,0.02,0.02,2332.918658,1776255565000
1776255567.341,267.341,0.07,23.0,0.05,120.55,0.08,20.0,0.09,41.62,0.93,25.0,0.92,20.0,0.95,70.55,0.96,261.21,0.01,0.02,2332.918658,1776255565000
1776255567.883,267.883,0.07,7.33,0.05,131.55,0.08,20.0,0.09,204.16,0.92,20.0,0.91,46.62,0.93,12.33,0.95,145.55,0.01,0.01,2333.129014,1776255566000
1776255568.297,268.297,0.05,84.64,0.04,234.2,0.08,20.0,0.09,204.16,0.92,20.0,0.91,204.16,0.93,7.33,0.95,131.55,0.03,0.01,2333.505179,1776255567000
1776255568.764,268.764,0.06,10.0,0.05,10.0,0.08,86.0,0.09,294.16,0.93,0.2,0.92,20.0,0.95,94.64,0.96,234.2,0.02,0.02,2333.505179,1776255567000
1776255569.058,269.058,0.04,13.44,0.03,139.56,0.08,75.0,0.09,299.16,0.92,75.0,0.91,299.16,0.96,13.44,0.97,139.56,0.04,0.04,2333.573307,1776255568000
1776255569.287,269.287,0.05,6.93,0.04,28.44,0.06,20.0,0.07,62.85,0.94,2.42,0.93,57.85,0.95,11.75,0.96,28.44,0.01,0.01,2333.573307,1776255568000
1776255569.864,269.864,0.05,5.87,0.04,28.44,0.06,174.87,0.07,67.85,0.94,20.0,0.93,62.85,0.95,6.93,0.96,28.44,0.01,0.01,2333.573307,1776255568000
1776255570.076,270.076,0.05,4.81,0.04,28.44,0.06,168.84,0.07,67.85,0.94,179.87,0.93,67.85,0.95,4.81,0.96,28.44,0.01,0.01,2333.573307,1776255568000
1776255570.308,270.308,0.05,6.23,0.04,15.0,0.06,168.84,0.07,67.85,0.94,168.84,0.93,67.85,0.96,15.0,0.97,138.7,0.01,0.02,2333.560244,1776255569000
1776255571.245,271.245,0.05,6.23,0.04,15.0,0.06,168.84,0.07,67.85,0.94,168.84,0.93,67.85,0.95,6.23,0.96,15.0,0.01,0.01,2333.363505,1776255570000
1776255571.817,271.817,0.04,6.01,0.03,133.7,0.05,165.12,0.06,30.0,0.94,178.84,0.93,142.35,0.96,7.06,0.97,133.7,0.01,0.02,2333.363505,1776255570000
1776255572.208,272.208,0.04,6.01,0.03,133.7,0.05,142.41,0.06,25.0,0.95,165.12,0.94,30.0,0.96,6.01,0.97,133.7,0.01,0.01,2333.363505,1776255570000
1776255572.464,272.464,0.04,6.01,0.03,133.7,0.05,142.41,0.06,25.0,0.95,142.41,0.94,25.0,0.96,6.01,0.97,133.7,0.01,0.01,2333.350093,1776255571000
1776255572.858,272.858,0.04,1.26,0.03,133.7,0.05,147.41,0.06,25.0,0.95,147.41,0.94,25.0,0.96,1.26,0.97,133.7,0.01,0.01,2333.335757,1776255572000
1776255573.391,273.391,0.03,126.94,0.02,45.65,0.05,152.41,0.06,20.0,0.95,147.41,0.94,25.0,0.96,1.26,0.97,133.7,0.02,0.01,2333.335757,1776255572000
1776255573.774,273.774,0.03,126.5,0.02,53.78,0.05,147.41,0.06,20.0,0.95,147.41,0.94,20.0,0.97,121.22,0.98,45.65,0.02,0.02,2333.335757,1776255572000
1776255574.368,274.368,0.03,110.9,0.02,59.78,0.05,147.41,0.06,20.0,0.95,147.41,0.94,20.0,0.97,126.5,0.98,53.78,0.02,0.02,2333.304571,1776255573000
1776255574.775,274.775,0.03,93.09,0.02,45.65,0.05,103.26,0.06,25.0,0.95,147.41,0.94,20.0,0.97,105.8,0.98,59.78,0.02,0.02,2333.304571,1776255573000
1776255575.061,275.061,0.03,93.09,0.02,45.65,0.05,103.26,0.06,25.0,0.95,103.26,0.94,25.0,0.97,93.09,0.98,45.65,0.02,0.02,2333.364999,1776255574000
1776255575.298,275.298,0.02,21.0,0.01,6823.13,0.03,10.61,0.04,20.41,0.95,103.26,0.94,25.0,0.97,93.09,0.98,45.65,0.01,0.02,2333.364999,1776255574000
1776255575.738,275.738,0.02,80.88,0.01,6954.99,0.03,20.61,0.04,10.41,0.97,10.61,0.96,20.41,0.98,21.0,0.99,6823.13,0.01,0.01,2333.364999,1776255574000
1776255576.232,276.232,0.02,72.77,0.01,6954.99,0.04,11.02,0.05,10.0,0.96,11.02,0.95,10.0,0.98,59.77,0.99,6954.99,0.02,0.02,2333.364999,1776255574000
1776255576.444,276.444,0.03,3.96,0.02,138.77,0.04,8.99,0.05,10.0,0.96,8.99,0.95,10.0,0.98,133.77,0.99,6949.99,0.01,0.02,2333.364999,1776255574000
1776255576.673,276.673,0.03,3.96,0.02,105.77,0.06,13.99,0.07,10.0,0.94,13.99,0.93,10.0,0.97,3.96,0.98,105.77,0.03,0.03,2333.377706,1776255575000
1776255576.896,276.896,0.02,23.79,0.01,6949.99,0.05,15.0,0.06,18.99,0.95,15.0,0.94,18.99,0.97,10.66,0.98,105.77,0.03,0.02,2333.377706,1776255575000
1776255577.147,277.147,0.02,23.79,0.01,6949.99,0.05,15.0,0.06,18.99,0.95,15.0,0.94,18.99,0.98,23.79,0.99,6949.99,0.03,0.03,2333.368302,1776255576000
1776255577.6,277.6,0.03,7.93,0.02,17.99,0.04,15.0,0.05,15.0,0.95,15.0,0.94,18.99,0.98,23.79,0.99,6949.99,0.01,0.03,2333.368302,1776255576000
1776255578.217,278.217,0.03,7.93,0.02,17.99,0.04,15.0,0.05,15.0,0.96,15.0,0.95,15.0,0.97,7.93,0.98,17.99,0.01,0.01,2333.444278,1776255577000
1776255579.234,279.234,0.03,7.93,0.02,17.99,0.04,15.0,0.05,15.0,0.96,15.0,0.95,15.0,0.97,7.93,0.98,17.99,0.01,0.01,2333.522794,1776255578000
1776255579.478,279.478,0.02,7.09,0.01,6697.99,0.04,15.0,0.05,15.0,0.96,20.0,0.95,15.0,0.98,8.97,0.99,6707.99,0.02,0.02,2333.522794,1776255578000
1776255580.396,280.396,0.01,6692.99,,,0.02,40.6,0.04,10.0,0.96,15.0,0.95,15.0,0.98,7.09,0.99,6697.99,0.01,0.02,2333.522794,1776255578000
1776255580.697,280.697,0.01,6867.99,,,0.27,135.5,0.28,20.0,0.98,40.6,0.96,10.0,0.99,6692.99,,,0.26,0.01,2333.521528,1776255579000
1776255581.009,281.009,0.13,10.0,0.12,20.0,0.15,139.68,0.16,26.0,0.73,135.5,0.72,20.0,0.99,6867.99,,,0.02,0.26,2333.520756,1776255580000
1776255581.422,281.422,0.13,7.7,0.12,15.0,0.15,109.68,0.16,26.0,0.85,99.68,0.84,26.0,0.88,18.75,0.89,60.0,0.02,0.03,2333.520756,1776255580000
1776255581.66,281.66,0.12,12.46,0.11,60.0,0.14,302.49,0.15,23.0,0.85,109.68,0.84,26.0,0.88,19.08,0.89,60.0,0.02,0.03,2333.520756,1776255580000
1776255581.883,281.883,0.12,3.87,0.11,55.05,0.14,297.49,0.15,23.0,0.86,302.49,0.85,23.0,0.89,55.05,0.9,10.0,0.02,0.03,2333.520756,1776255580000
1776255582.981,282.981,0.11,52.34,0.1,10.0,0.14,302.49,0.15,23.0,0.86,302.49,0.85,23.0,0.89,52.34,0.9,10.0,0.03,0.03,2333.671184,1776255582000
1776255583.298,283.298,0.11,52.28,0.1,10.0,0.13,418.11,0.14,19.0,0.87,413.11,0.86,24.0,0.88,5.0,0.89,52.34,0.02,0.01,2333.671184,1776255582000
1776255583.611,283.611,0.11,11.82,0.1,10.0,0.12,146.58,0.13,151.98,0.87,413.11,0.86,19.0,0.89,12.95,0.9,10.0,0.01,0.02,2333.671184,1776255582000
1776255583.901,283.901,0.1,10.0,0.09,10.0,0.11,18.18,0.12,293.55,0.88,146.58,0.87,151.98,0.89,11.82,0.9,10.0,0.01,0.01,2333.671184,1776255582000
1776255584.547,284.547,0.01,6134.76,,,0.11,154.15,0.12,162.58,0.89,18.18,0.88,293.55,0.9,10.0,0.91,10.0,0.1,0.01,2333.684662,1776255583000
1776255584.831,284.831,0.02,10.0,0.01,6134.76,0.08,143.98,0.09,82.0,0.89,154.15,0.88,162.58,0.99,6134.76,,,0.06,0.1,2333.684662,1776255583000
1776255585.049,285.049,0.02,10.0,0.01,6134.76,0.08,143.98,0.09,82.0,0.92,143.98,0.91,82.0,0.98,10.0,0.99,6134.76,0.06,0.06,2333.644749,1776255584000
1776255585.457,285.457,0.03,10.0,0.02,10.0,0.05,22.5,0.06,55.98,0.92,143.98,0.91,82.0,0.98,10.0,0.99,6134.76,0.02,0.06,2333.644749,1776255584000
1776255585.789,285.789,0.03,16.0,0.02,10.0,0.05,35.74,0.06,219.96,0.95,49.5,0.94,55.98,0.98,10.0,0.99,6034.76,0.02,0.03,2333.644749,1776255584000
1776255586.116,286.116,0.03,16.0,0.02,10.0,0.05,35.74,0.06,219.96,0.95,35.74,0.94,219.96,0.97,16.0,0.98,10.0,0.02,0.02,2333.646165,1776255585000
1776255586.328,286.328,0.01,1377.0,,,0.05,130.74,0.06,40.0,0.95,16.76,0.94,219.96,0.97,6.0,0.98,10.0,0.04,0.02,2333.646165,1776255585000
1776255586.651,286.651,0.01,1377.0,,,0.04,96.98,0.05,78.76,0.95,130.74,0.94,40.0,0.99,1377.0,,,0.03,0.04,2333.646165,1776255585000
1776255587.089,287.089,0.01,1319.0,,,0.03,20.0,0.04,96.98,0.97,20.0,0.96,96.98,0.99,1319.0,,,0.02,0.02,2333.645488,1776255586000
1776255587.92,287.92,0.01,1199.0,,,0.03,98.78,0.04,96.98,0.97,20.0,0.96,96.98,0.99,1319.0,,,0.02,0.02,2333.645488,1776255586000
1776255588.423,288.423,0.01,1196.97,,,0.03,179.53,0.04,84.0,0.97,98.78,0.96,96.98,0.99,1199.0,,,0.02,0.02,2333.637895,1776255587000
1776255589.083,289.083,0.01,1196.97,,,0.03,179.53,0.04,84.0,0.97,179.53,0.96,84.0,0.99,1196.97,,,0.02,0.02,2333.551792,1776255588000
1776255589.443,289.443,0.01,1189.52,,,0.03,174.53,0.04,84.0,0.97,179.53,0.96,84.0,0.99,1191.55,,,0.02,0.02,2333.551792,1776255588000
1776255590.422,290.422,0.01,1164.26,,,0.03,188.53,0.04,69.0,0.97,179.53,0.96,84.0,0.99,1174.37,,,0.02,0.02,2333.496136,1776255589000
1776255591.029,291.029,0.01,1144.26,,,0.03,170.53,0.04,56.0,0.97,188.53,0.96,69.0,0.99,1154.26,,,0.02,0.02,2333.470913,1776255590000
1776255591.255,291.255,0.01,1134.58,,,0.03,170.53,0.04,56.0,0.97,170.53,0.96,56.0,0.99,1136.61,,,0.02,0.02,2333.470913,1776255590000
1776255592.242,292.242,0.01,1132.58,,,0.03,173.74,0.04,56.0,0.97,170.53,0.96,56.0,0.99,1134.58,,,0.02,0.02,2333.470913,1776255590000
1776255593.516,293.516,0.01,1104.22,,,0.03,341.74,0.04,56.0,0.97,173.74,0.96,56.0,0.99,1132.58,,,0.02,0.02,2333.458038,1776255592000
1776255593.798,293.798,0.01,1029.22,,,0.03,336.74,0.04,56.0,0.97,341.74,0.96,56.0,0.99,1104.22,,,0.02,0.02,2333.458038,1776255592000
1776255594.038,294.038,0.01,877.7,,,0.03,336.74,0.04,56.0,0.97,336.74,0.96,56.0,0.99,1029.22,,,0.02,0.02,2333.458038,1776255592000
1776255594.472,294.472,0.01,842.35,,,0.03,361.74,0.04,56.0,0.97,341.74,0.96,56.0,0.99,870.64,,,0.02,0.02,2333.459463,1776255593000
1776255594.684,294.684,0.01,828.24,,,0.02,243.87,0.03,168.74,0.97,366.74,0.96,56.0,0.99,832.24,,,0.01,0.02,2333.459463,1776255593000
1776255594.962,294.962,0.01,778.03,,,0.02,264.07,0.03,153.54,0.98,264.07,0.97,153.54,0.99,788.03,,,0.01,0.01,2333.459463,1776255593000
1776255595.216,295.216,0.01,771.0,,,0.02,300.86,0.03,153.54,0.98,280.86,0.97,153.54,0.99,776.0,,,0.01,0.01,2333.459463,1776255593000
1776255595.509,295.509,0.01,685.0,,,0.02,264.07,0.03,153.54,0.98,300.86,0.97,153.54,0.99,689.0,,,0.01,0.01,2333.463134,1776255594000
1776255595.782,295.782,0.01,632.5,,,0.02,745.99,0.03,153.54,0.98,199.99,0.97,153.54,0.99,634.5,,,0.01,0.01,2333.463134,1776255594000
1776255595.991,295.991,0.01,407.29,,,0.02,750.99,0.03,138.75,0.98,745.99,0.97,138.75,0.99,427.5,,,0.01,0.01,2333.456624,1776255595000
1776255596.221,296.221,0.01,396.26,,,0.02,750.99,0.03,138.75,0.98,750.99,0.97,138.75,0.99,398.29,,,0.01,0.01,2333.456624,1776255595000
1776255596.458,296.458,0.01,285.08,,,0.02,772.99,0.03,138.75,0.98,777.99,0.97,138.75,0.99,286.19,,,0.01,0.01,2333.456624,1776255595000
1776255596.678,296.678,0.01,266.08,,,0.02,772.99,0.03,138.75,0.98,777.99,0.97,138.75,0.99,270.08,,,0.01,0.01,2333.456624,1776255595000
1776255596.937,296.937,0.01,248.98,,,0.02,777.99,0.03,138.75,0.98,772.99,0.97,138.75,0.99,253.98,,,0.01,0.01,2333.456624,1776255595000
1776255597.168,297.168,0.01,191.88,,,0.02,772.99,0.03,138.75,0.98,772.99,0.97,138.75,0.99,196.93,,,0.01,0.01,2333.42477,1776255596000
1776255597.368,297.368,0.01,80.8,,,0.02,772.99,0.03,138.75,0.98,772.99,0.97,138.75,0.99,80.8,,,0.01,0.01,2333.42477,1776255596000
1776255599.795,299.795,,,,,0.01,46861.94,0.02,623.0,0.98,772.99,0.97,138.75,,,,,,,2333.429111,1776255598000
1776255600.012,300.012,,,,,0.01,55248.87,0.02,623.0,0.99,46861.94,0.98,623.0,,,,,,,2333.454995,1776255599000
1776255600.452,300.452,,,,,0.01,55602.18,0.02,123.0,0.99,55248.87,0.98,623.0,,,,,,,2333.454995,1776255599000

# RESULT,winner=Down,slug=eth-updown-5m-1776255300,ticks=518
