timestamp,elapsed_sec,up_bid_p1,up_bid_s1,up_bid_p2,up_bid_s2,up_ask_p1,up_ask_s1,up_ask_p2,up_ask_s2,down_bid_p1,down_bid_s1,down_bid_p2,down_bid_s2,down_ask_p1,down_ask_s1,down_ask_p2,down_ask_s2,up_spread,down_spread,eth_price,eth_oracle_ts
1776261600.67,0.67,0.4,38.0,0.39,34.0,0.5,1.0,0.52,100.0,0.5,1.0,0.48,100.0,0.6,38.0,0.61,34.0,0.1,0.1,2327.4637,1776261599000
1776261603.634,3.634,0.51,45.0,0.5,43.0,0.52,100.39,0.53,15.0,0.48,93.39,0.47,15.0,0.6,38.0,0.61,34.0,0.01,0.12,2327.419296,1776261601000
1776261604.021,4.021,0.49,4.9,0.48,18.0,0.5,10.0,0.51,15.0,0.48,100.39,0.47,15.0,0.49,45.0,0.5,43.0,0.01,0.01,2327.676683,1776261602000
1776261604.438,4.438,0.5,10.0,0.49,25.0,0.51,61.1,0.52,144.39,0.5,5.0,0.49,25.1,0.51,15.0,0.52,28.0,0.01,0.01,2327.676683,1776261602000
1776261605.166,5.166,0.5,12.46,0.49,15.0,0.51,31.1,0.52,144.39,0.49,61.1,0.48,144.39,0.5,10.0,0.51,25.0,0.01,0.01,2327.840636,1776261603000
1776261605.528,5.528,0.49,22.54,0.48,33.0,0.5,15.0,0.51,41.1,0.49,46.1,0.48,144.39,0.51,15.0,0.52,28.0,0.01,0.02,2327.86015,1776261604000
1776261605.912,5.912,0.49,7.64,0.48,5.0,0.5,50.0,0.51,45.9,0.49,45.9,0.48,144.39,0.51,10.1,0.52,23.0,0.01,0.02,2327.86015,1776261604000
1776261606.166,6.166,0.46,32.47,0.45,5.0,0.48,15.0,0.49,41.0,0.51,36.0,0.5,86.0,0.53,1.72,0.54,40.0,0.02,0.02,2327.86015,1776261604000
1776261606.45,6.45,0.44,1.47,0.43,5.0,0.46,74.21,0.47,15.0,0.54,3.21,0.53,15.0,0.55,2.47,0.56,30.0,0.02,0.01,2327.86015,1776261604000
1776261606.999,6.999,0.4,64.75,0.39,84.0,0.41,10.0,0.42,70.0,0.58,10.0,0.57,10.0,0.6,1.67,0.61,60.0,0.01,0.02,2327.522285,1776261605000
1776261607.956,7.956,0.38,55.0,0.37,84.0,0.4,15.0,0.41,81.0,0.59,10.0,0.58,70.0,0.6,64.75,0.61,84.0,0.02,0.01,2327.418545,1776261606000
1776261608.548,8.548,0.38,45.0,0.37,60.0,0.39,85.0,0.4,101.0,0.6,15.0,0.59,81.0,0.62,55.0,0.63,84.0,0.01,0.02,2326.913375,1776261607000
1776261609.144,9.144,0.36,25.89,0.35,74.0,0.37,35.0,0.38,98.0,0.61,80.0,0.6,101.0,0.62,39.83,0.63,60.0,0.01,0.01,2326.913375,1776261607000
1776261610.39,10.39,0.37,117.5,0.36,121.89,0.38,15.5,0.39,10.0,0.63,35.0,0.62,103.0,0.64,10.89,0.65,60.0,0.01,0.01,2326.783222,1776261608000
1776261610.722,10.722,0.39,10.17,0.38,30.5,0.4,5.0,0.41,55.0,0.62,2.61,0.61,10.0,0.63,121.5,0.64,136.89,0.01,0.01,2326.436692,1776261609000
1776261611.232,11.232,0.4,15.0,0.39,25.17,0.41,50.0,0.42,65.5,0.59,50.0,0.58,65.5,0.61,25.17,0.62,30.5,0.01,0.02,2326.436692,1776261609000
1776261611.778,11.778,0.4,101.5,0.39,95.17,0.41,5.12,0.42,15.5,0.59,45.12,0.58,65.5,0.6,30.5,0.61,95.17,0.01,0.01,2326.349772,1776261610000
1776261612.358,12.358,0.4,121.5,0.39,108.17,0.43,5.0,0.44,25.5,0.59,5.12,0.58,15.5,0.6,101.5,0.61,95.17,0.03,0.01,2326.424824,1776261611000
1776261612.761,12.761,0.43,71.47,0.42,105.5,0.44,25.5,0.45,60.0,0.56,25.5,0.55,65.0,0.58,60.5,0.59,52.36,0.01,0.02,2326.424824,1776261611000
1776261613.384,13.384,0.43,113.79,0.42,113.5,0.44,10.0,0.45,20.5,0.56,20.5,0.55,60.0,0.57,76.47,0.58,105.5,0.01,0.01,2326.424824,1776261611000
1776261614.012,14.012,0.43,57.29,0.42,79.0,0.45,90.5,0.46,81.0,0.56,10.0,0.55,20.5,0.57,113.79,0.58,113.5,0.02,0.01,2326.702239,1776261612000
1776261614.641,14.641,0.41,55.0,0.4,104.5,0.44,104.5,0.45,99.5,0.55,90.5,0.54,81.0,0.57,57.29,0.58,79.0,0.03,0.02,2326.850816,1776261613000
1776261615.655,15.655,0.41,6.81,0.4,86.0,0.42,84.5,0.43,85.5,0.58,19.5,0.57,35.5,0.59,55.0,0.6,109.5,0.01,0.01,2326.97289,1776261614000
1776261615.88,15.88,0.41,1.81,0.4,65.0,0.42,84.5,0.43,100.5,0.58,84.5,0.57,85.5,0.59,6.81,0.6,86.0,0.01,0.01,2326.97289,1776261614000
1776261616.798,16.798,0.4,12.0,0.39,86.02,0.41,83.31,0.42,89.5,0.58,84.5,0.57,100.5,0.59,1.81,0.6,65.0,0.01,0.01,2326.97289,1776261614000
1776261617.223,17.223,0.39,7.52,0.38,40.0,0.4,106.5,0.41,174.31,0.59,83.31,0.58,89.5,0.6,12.0,0.61,86.02,0.01,0.01,2326.97289,1776261614000
1776261619.284,19.284,0.37,20.0,0.36,54.39,0.39,229.5,0.4,240.62,0.6,106.5,0.59,174.31,0.62,35.14,0.63,35.0,0.02,0.02,2326.602763,1776261617000
1776261619.517,19.517,0.37,15.0,0.36,99.39,0.38,155.5,0.39,234.5,0.61,229.5,0.6,240.62,0.63,20.0,0.64,54.39,0.01,0.02,2326.602763,1776261617000
1776261619.765,19.765,0.37,3.88,0.36,99.39,0.38,205.5,0.39,318.5,0.62,165.5,0.61,234.5,0.63,5.0,0.64,99.39,0.01,0.01,2326.602763,1776261617000
1776261620.174,20.174,0.36,109.39,0.35,98.5,0.37,129.72,0.38,205.5,0.62,205.5,0.61,318.5,0.63,3.88,0.64,99.39,0.01,0.01,2326.322017,1776261618000
1776261620.488,20.488,0.36,124.39,0.35,119.5,0.37,55.94,0.38,185.0,0.63,129.72,0.62,205.5,0.64,109.39,0.65,98.5,0.01,0.01,2326.322017,1776261618000
1776261621.692,21.692,0.36,6.13,0.35,25.0,0.37,154.5,0.38,120.5,0.62,95.0,0.61,121.5,0.64,114.71,0.65,119.5,0.01,0.02,2325.98345,1776261620000
1776261622.4,22.4,0.28,52.0,0.27,55.0,0.29,10.0,0.3,15.0,0.64,43.87,0.63,154.5,0.65,25.0,0.67,25.0,0.01,0.01,2326.169072,1776261621000
1776261623.116,23.116,0.27,10.0,0.26,69.0,0.29,32.05,0.3,35.5,0.71,16.55,0.7,20.0,0.72,67.5,0.73,55.0,0.02,0.01,2326.169072,1776261621000
1776261623.788,23.788,0.26,9.0,0.25,65.0,0.27,15.0,0.28,112.57,0.72,6.07,0.71,32.05,0.73,10.0,0.74,74.0,0.01,0.01,2325.870811,1776261622000
1776261625.41,25.41,0.25,4.0,0.24,5.0,0.26,120.5,0.27,79.5,0.73,40.0,0.72,95.57,0.75,74.5,0.76,55.0,0.01,0.02,2325.100706,1776261624000
1776261625.979,25.979,0.25,19.0,0.24,5.0,0.26,123.65,0.27,129.5,0.74,118.65,0.73,79.5,0.75,4.0,0.76,5.0,0.01,0.01,2325.100706,1776261624000
1776261626.305,26.305,0.25,5.66,0.24,15.5,0.26,85.0,0.27,96.5,0.74,123.65,0.73,129.5,0.75,19.0,0.76,5.0,0.01,0.01,2325.100706,1776261624000
1776261626.812,26.812,0.25,103.83,0.24,70.5,0.26,4.0,0.27,35.5,0.74,75.0,0.73,80.5,0.75,23.33,0.76,15.5,0.01,0.01,2325.100706,1776261624000
1776261627.121,27.121,0.25,83.83,0.24,75.5,0.26,71.0,0.27,85.5,0.74,4.0,0.73,85.5,0.75,101.24,0.76,70.5,0.01,0.01,2324.66508,1776261625000
1776261627.745,27.745,0.25,107.83,0.24,95.5,0.27,30.0,0.28,36.0,0.74,71.0,0.73,85.5,0.75,83.83,0.76,75.5,0.02,0.01,2324.589804,1776261626000
1776261628.656,28.656,0.25,10.0,0.24,26.0,0.26,14.0,0.27,38.55,0.73,17.55,0.72,26.0,0.74,50.5,0.75,112.83,0.01,0.01,2324.587,1776261627000
1776261629.401,29.401,0.24,36.5,0.23,70.5,0.25,11.0,0.26,96.5,0.74,14.0,0.73,38.55,0.75,10.0,0.76,26.0,0.01,0.01,2324.587,1776261627000
1776261629.645,29.645,0.24,89.42,0.23,65.5,0.25,42.0,0.26,102.0,0.75,11.0,0.74,96.5,0.76,36.5,0.77,70.5,0.01,0.01,2324.910353,1776261628000
1776261630.28,30.28,0.24,258.42,0.23,193.5,0.25,31.0,0.26,41.0,0.75,42.0,0.74,102.0,0.76,89.42,0.77,65.5,0.01,0.01,2324.936141,1776261629000
1776261630.529,30.529,0.24,158.78,0.23,188.5,0.25,8.0,0.26,24.26,0.75,8.0,0.74,24.26,0.76,173.78,0.77,188.5,0.01,0.01,2324.936141,1776261629000
1776261630.767,30.767,0.24,152.43,0.23,188.5,0.25,13.0,0.26,24.26,0.75,28.0,0.74,24.26,0.76,162.46,0.77,188.5,0.01,0.01,2324.936141,1776261629000
1776261632.343,32.343,0.24,77.5,0.23,208.5,0.25,48.0,0.26,89.76,0.75,13.0,0.74,24.26,0.76,152.43,0.77,188.5,0.01,0.01,2324.689901,1776261631000
1776261632.623,32.623,0.24,70.5,0.23,217.5,0.25,21.0,0.26,35.0,0.75,48.0,0.74,89.76,0.76,77.5,0.77,208.5,0.01,0.01,2324.689901,1776261631000
1776261633.041,33.041,0.24,213.01,0.23,200.5,0.25,15.0,0.26,35.0,0.75,21.0,0.74,35.0,0.76,70.5,0.77,217.5,0.01,0.01,2324.689901,1776261631000
1776261633.598,33.598,0.24,99.51,0.23,248.5,0.25,45.0,0.26,100.5,0.75,15.0,0.74,35.0,0.76,213.01,0.77,200.5,0.01,0.01,2324.689901,1776261631000
1776261635.375,35.375,0.24,208.69,0.23,252.5,0.25,24.0,0.26,40.0,0.75,55.0,0.74,95.5,0.76,36.51,0.77,201.5,0.01,0.01,2324.650327,1776261633000
1776261636.468,36.468,0.24,197.11,0.23,272.5,0.25,30.0,0.26,35.0,0.75,20.0,0.74,40.0,0.76,203.69,0.77,277.5,0.01,0.01,2324.682862,1776261635000
1776261636.851,36.851,0.24,155.0,0.23,217.5,0.25,120.9,0.26,117.5,0.75,30.0,0.74,35.0,0.76,197.11,0.77,272.5,0.01,0.01,2324.682862,1776261635000
1776261637.113,37.113,0.24,136.0,0.23,227.5,0.25,110.4,0.26,117.5,0.75,120.9,0.74,117.5,0.76,155.0,0.77,217.5,0.01,0.01,2324.682862,1776261635000
1776261637.561,37.561,0.24,214.5,0.23,265.5,0.25,15.4,0.26,40.0,0.75,110.4,0.74,117.5,0.76,136.0,0.77,227.5,0.01,0.01,2324.874478,1776261636000
1776261637.891,37.891,0.25,230.36,0.24,240.5,0.26,0.4,0.27,15.0,0.74,0.4,0.73,10.0,0.75,125.36,0.76,247.5,0.01,0.01,2324.874478,1776261636000
1776261638.206,38.206,0.27,170.5,0.26,166.5,0.28,6.0,0.29,45.5,0.73,15.0,0.72,100.5,0.75,230.36,0.76,240.5,0.01,0.02,2324.874478,1776261636000
1776261638.598,38.598,0.27,10.0,0.26,20.0,0.28,35.31,0.29,46.5,0.72,15.81,0.71,40.5,0.73,155.0,0.74,146.5,0.01,0.01,2324.874478,1776261636000
1776261639.754,39.754,0.28,178.36,0.27,195.5,0.29,20.0,0.3,80.5,0.72,35.31,0.71,46.5,0.73,10.0,0.74,20.0,0.01,0.01,2324.765565,1776261637000
1776261640.332,40.332,0.28,233.66,0.27,255.5,0.29,59.0,0.3,70.0,0.71,9.0,0.7,95.5,0.72,189.36,0.73,205.5,0.01,0.01,2324.968375,1776261638000
1776261640.998,40.998,0.28,223.8,0.27,235.5,0.29,13.0,0.3,80.5,0.71,59.0,0.7,70.0,0.72,233.66,0.73,255.5,0.01,0.01,2324.968375,1776261638000
1776261641.768,41.768,0.28,100.0,0.27,220.5,0.29,89.87,0.3,96.5,0.71,13.0,0.7,80.5,0.72,223.8,0.73,235.5,0.01,0.01,2324.980741,1776261639000
1776261643.182,43.182,0.27,159.0,0.26,240.63,0.28,78.42,0.29,96.5,0.71,89.87,0.7,96.5,0.72,100.0,0.73,220.5,0.01,0.01,2325.222863,1776261641000
1776261643.988,43.988,0.27,3.0,0.26,20.13,0.28,146.92,0.29,122.5,0.72,78.42,0.71,96.5,0.73,159.0,0.74,240.63,0.01,0.01,2325.288069,1776261642000
1776261644.313,44.313,0.26,0.52,0.25,100.0,0.27,82.5,0.28,111.92,0.72,151.92,0.71,122.5,0.74,6.13,0.75,100.0,0.01,0.02,2325.136491,1776261643000
1776261644.611,44.611,0.25,100.0,0.24,195.5,0.26,69.8,0.27,112.5,0.73,77.5,0.72,106.92,0.75,100.0,0.76,190.5,0.01,0.02,2325.136491,1776261643000
1776261645.152,45.152,0.26,58.14,0.25,132.5,0.27,10.0,0.29,196.5,0.74,20.0,0.73,107.5,0.75,140.94,0.76,195.5,0.01,0.01,2325.136491,1776261643000
1776261645.445,45.445,0.26,106.78,0.25,111.5,0.27,5.0,0.28,15.0,0.73,5.0,0.72,5.0,0.74,66.78,0.75,132.5,0.01,0.01,2325.136491,1776261643000
1776261646.904,46.904,0.29,37.0,0.28,168.5,0.3,60.0,0.31,115.5,0.73,5.0,0.72,15.0,0.74,106.78,0.75,111.5,0.01,0.01,2324.912877,1776261645000
1776261647.228,47.228,0.29,60.59,0.28,183.5,0.3,61.66,0.31,120.5,0.7,65.0,0.69,120.5,0.71,14.59,0.72,173.5,0.01,0.01,2324.912877,1776261645000
1776261647.61,47.61,0.27,75.45,0.26,134.78,0.28,20.5,0.29,75.5,0.7,67.16,0.69,120.5,0.72,167.74,0.73,179.5,0.01,0.02,2325.013367,1776261646000
1776261647.833,47.833,0.27,3.05,0.26,122.78,0.28,90.0,0.29,90.5,0.72,20.5,0.71,75.5,0.73,75.45,0.74,134.78,0.01,0.01,2325.013367,1776261646000
1776261648.034,48.034,0.27,56.68,0.26,122.78,0.28,100.5,0.29,80.5,0.72,90.0,0.71,90.5,0.73,3.05,0.74,122.78,0.01,0.01,2325.013367,1776261646000
1776261648.401,48.401,0.27,61.68,0.26,117.78,0.28,83.92,0.29,75.5,0.72,100.5,0.71,80.5,0.73,56.68,0.74,122.78,0.01,0.01,2325.013367,1776261646000
1776261649.153,49.153,0.27,1.68,0.26,85.0,0.28,96.84,0.29,185.5,0.72,83.92,0.71,75.5,0.73,61.68,0.74,117.78,0.01,0.01,2325.256807,1776261647000
1776261650.146,50.146,0.27,47.68,0.26,105.5,0.28,86.5,0.29,227.85,0.72,88.26,0.71,185.5,0.73,1.68,0.74,85.0,0.01,0.01,2325.244174,1776261648000
1776261650.487,50.487,0.26,100.5,0.25,201.84,0.27,16.48,0.28,86.5,0.72,86.5,0.71,227.85,0.73,47.68,0.74,105.5,0.01,0.01,2325.244174,1776261648000
1776261650.914,50.914,0.26,109.82,0.25,226.04,0.27,16.48,0.28,91.5,0.73,16.48,0.72,86.5,0.74,100.5,0.75,201.84,0.01,0.01,2325.234532,1776261649000
1776261651.257,51.257,0.26,126.67,0.25,226.04,0.27,66.48,0.28,92.5,0.73,16.48,0.72,91.5,0.74,109.82,0.75,226.04,0.01,0.01,2325.234532,1776261649000
1776261651.541,51.541,0.26,116.67,0.25,231.04,0.27,15.0,0.28,92.5,0.73,59.06,0.72,92.5,0.74,126.67,0.75,226.04,0.01,0.01,2325.234532,1776261649000
1776261652.923,52.923,0.26,52.5,0.25,216.84,0.27,70.0,0.28,87.5,0.73,65.0,0.72,92.5,0.74,112.61,0.75,221.04,0.01,0.01,2325.053406,1776261651000
1776261654.117,54.117,0.26,4.0,0.25,80.34,0.27,282.77,0.28,198.5,0.73,66.29,0.72,87.5,0.74,52.5,0.75,216.84,0.01,0.01,2325.050419,1776261652000
1776261654.688,54.688,0.25,37.34,0.24,35.0,0.26,317.21,0.27,235.79,0.73,300.77,0.72,219.5,0.75,78.68,0.76,35.0,0.01,0.02,2325.050419,1776261652000
1776261654.892,54.892,0.23,43.77,0.22,25.0,0.24,48.0,0.25,68.0,0.74,372.21,0.73,230.79,0.76,35.0,0.77,50.26,0.01,0.02,2325.016913,1776261653000
1776261655.102,55.102,0.23,13.61,0.22,25.0,0.24,105.5,0.25,88.5,0.76,100.5,0.75,88.5,0.77,20.61,0.78,25.0,0.01,0.01,2325.016913,1776261653000
1776261656.185,56.185,0.2,75.0,0.19,25.0,0.21,24.0,0.22,262.63,0.77,26.15,0.76,215.5,0.79,51.0,0.8,85.0,0.01,0.02,2325.031113,1776261654000
1776261656.915,56.915,0.18,10.0,0.17,172.5,0.21,547.5,0.22,213.5,0.79,24.0,0.78,262.63,0.8,75.0,0.81,25.0,0.03,0.01,2324.770776,1776261655000
1776261657.406,57.406,0.18,58.78,0.17,202.5,0.19,67.5,0.2,37.5,0.79,547.5,0.78,213.5,0.82,10.0,0.83,172.5,0.01,0.03,2324.770776,1776261655000
1776261658.195,58.195,0.18,98.64,0.17,246.0,0.19,5.22,0.2,344.0,0.81,49.86,0.8,342.5,0.82,42.14,0.83,213.0,0.01,0.01,2324.035443,1776261656000
1776261658.52,58.52,0.18,151.52,0.17,288.0,0.19,23.0,0.2,39.0,0.81,5.22,0.8,44.0,0.82,92.43,0.83,246.0,0.01,0.01,2324.035443,1776261656000
1776261658.786,58.786,0.18,175.21,0.17,290.0,0.19,2.78,0.2,22.0,0.81,23.0,0.8,29.0,0.82,155.21,0.83,288.0,0.01,0.01,2323.855007,1776261657000
1776261659.238,59.238,0.19,151.72,0.18,163.21,0.21,89.19,0.22,48.0,0.8,12.0,0.79,102.29,0.81,55.72,0.82,159.21,0.02,0.01,2323.855007,1776261657000
1776261660.028,60.028,0.2,158.48,0.19,158.12,0.21,79.19,0.22,10.0,0.79,89.19,0.78,48.0,0.81,151.72,0.82,163.21,0.01,0.02,2323.74467,1776261658000
1776261660.268,60.268,0.2,292.48,0.19,167.12,0.21,59.12,0.22,10.0,0.79,66.12,0.78,10.0,0.8,234.48,0.81,167.12,0.01,0.01,2323.74467,1776261658000
1776261660.558,60.558,0.22,113.24,0.21,70.5,0.23,5.0,0.24,20.0,0.78,10.0,0.77,5.0,0.8,312.48,0.81,167.12,0.01,0.02,2323.938422,1776261659000
1776261660.766,60.766,0.23,15.9,0.22,115.67,0.25,35.0,0.26,96.5,0.76,18.0,0.75,100.5,0.78,208.67,0.79,91.5,0.02,0.02,2323.938422,1776261659000
1776261661.224,61.224,0.24,163.5,0.23,104.5,0.25,11.52,0.26,30.0,0.75,45.0,0.74,100.5,0.77,93.9,0.78,128.67,0.01,0.02,2323.938422,1776261659000
1776261661.504,61.504,0.24,155.52,0.23,235.48,0.26,20.0,0.27,10.0,0.75,1.52,0.74,15.0,0.76,134.02,0.77,104.5,0.02,0.01,2324.108489,1776261660000
1776261661.717,61.717,0.26,19.0,0.25,95.5,0.28,5.0,0.29,90.5,0.74,20.0,0.73,10.0,0.76,155.52,0.77,235.48,0.02,0.02,2324.108489,1776261660000
1776261662.44,62.44,0.27,78.55,0.26,108.0,0.28,85.5,0.29,95.5,0.72,5.0,0.71,105.5,0.73,12.65,0.74,45.5,0.01,0.01,2324.108489,1776261660000
1776261663.028,63.028,0.27,63.55,0.26,108.0,0.28,95.5,0.29,95.5,0.72,85.5,0.71,95.5,0.73,78.55,0.74,108.0,0.01,0.01,2324.51964,1776261661000
1776261663.407,63.407,0.27,114.59,0.26,143.5,0.28,15.0,0.29,95.5,0.72,90.5,0.71,95.5,0.73,102.59,0.74,113.0,0.01,0.01,2324.819025,1776261662000
1776261663.847,63.847,0.27,170.07,0.26,148.5,0.28,29.16,0.29,15.0,0.72,15.0,0.71,95.5,0.73,114.59,0.74,143.5,0.01,0.01,2324.819025,1776261662000
1776261664.107,64.107,0.27,184.38,0.26,148.5,0.28,29.16,0.29,10.0,0.72,29.16,0.71,15.0,0.73,170.07,0.74,148.5,0.01,0.01,2324.819025,1776261662000
1776261664.392,64.392,0.27,179.38,0.26,148.5,0.28,23.16,0.29,10.0,0.72,29.16,0.71,10.0,0.73,184.38,0.74,148.5,0.01,0.01,2325.082092,1776261663000
1776261664.677,64.677,0.27,200.61,0.26,148.5,0.28,23.16,0.29,10.0,0.72,23.16,0.71,10.0,0.73,174.38,0.74,148.5,0.01,0.01,2325.082092,1776261663000
1776261665.434,65.434,0.27,114.93,0.26,154.59,0.28,33.16,0.29,101.5,0.72,23.16,0.71,10.0,0.73,200.61,0.74,148.5,0.01,0.01,2325.071556,1776261664000
1776261666.295,66.295,0.27,171.5,0.26,217.68,0.28,23.16,0.29,40.0,0.72,53.16,0.71,101.5,0.73,88.79,0.74,149.59,0.01,0.01,2325.264796,1776261665000
1776261667.445,67.445,0.27,61.31,0.26,170.68,0.28,103.16,0.29,105.5,0.72,33.16,0.71,100.5,0.73,131.0,0.74,207.68,0.01,0.01,2325.264796,1776261665000
1776261668.347,68.347,0.26,30.82,0.25,77.0,0.27,130.5,0.28,116.71,0.72,103.16,0.71,105.5,0.73,61.31,0.74,170.68,0.01,0.01,2325.267215,1776261667000
1776261669.241,69.241,0.26,24.73,0.23,78.0,0.27,254.5,0.28,239.23,0.73,130.5,0.72,116.71,0.74,30.82,0.75,77.0,0.01,0.01,2325.267215,1776261667000
1776261671.924,71.924,0.19,16.0,0.18,179.0,0.2,60.5,0.21,130.5,0.73,264.97,0.72,280.18,0.76,6.0,0.77,78.0,0.01,0.03,2324.805744,1776261670000
1776261672.298,72.298,0.19,16.0,0.18,179.0,0.2,107.5,0.21,185.5,0.8,60.5,0.79,130.5,0.81,16.0,0.82,179.0,0.01,0.01,2324.800631,1776261671000
1776261672.999,72.999,0.19,16.0,0.18,163.0,0.2,116.43,0.21,185.5,0.8,107.5,0.79,185.5,0.81,16.0,0.82,179.0,0.01,0.01,2324.800631,1776261671000
1776261673.21,73.21,0.19,16.0,0.18,163.0,0.2,780.32,0.21,185.5,0.8,116.43,0.79,185.5,0.81,16.0,0.82,163.0,0.01,0.01,2324.800631,1776261671000
1776261673.56,73.56,0.19,127.5,0.18,213.5,0.2,23.0,0.21,20.0,0.8,445.58,0.79,185.5,0.81,6.0,0.82,178.5,0.01,0.01,2324.43058,1776261672000
1776261673.789,73.789,0.19,198.5,0.18,313.5,0.2,10.0,0.21,10.0,0.8,23.0,0.79,20.0,0.81,127.5,0.82,213.5,0.01,0.01,2324.43058,1776261672000
1776261674.095,74.095,0.21,130.43,0.2,136.5,0.23,10.0,0.24,90.5,0.78,20.0,0.77,10.0,0.79,91.43,0.8,76.5,0.02,0.01,2324.43058,1776261672000
1776261674.51,74.51,0.22,103.61,0.21,187.43,0.23,10.0,0.24,80.5,0.77,10.0,0.76,90.5,0.79,130.43,0.8,136.5,0.01,0.02,2324.43058,1776261672000
1776261674.717,74.717,0.22,91.19,0.21,178.43,0.23,10.0,0.24,85.5,0.77,10.0,0.76,80.5,0.78,103.61,0.79,187.43,0.01,0.01,2324.177832,1776261673000
1776261675.186,75.186,0.25,60.0,0.24,80.5,0.26,75.38,0.27,103.4,0.77,10.0,0.76,85.5,0.78,91.19,0.79,178.43,0.01,0.01,2324.18605,1776261674000
1776261675.957,75.957,0.26,21.86,0.25,90.5,0.27,52.9,0.28,98.55,0.74,75.38,0.73,103.4,0.75,60.0,0.76,80.5,0.01,0.01,2324.18605,1776261674000
1776261676.825,76.825,0.26,183.36,0.25,201.5,0.28,18.05,0.29,20.0,0.73,52.9,0.72,98.55,0.74,21.86,0.75,90.5,0.02,0.01,2324.562096,1776261675000
1776261677.064,77.064,0.29,25.5,0.28,88.5,0.3,20.0,0.31,150.0,0.71,20.0,0.7,25.0,0.73,5.0,0.74,183.36,0.01,0.02,2324.562096,1776261675000
1776261677.28,77.28,0.29,139.72,0.28,137.5,0.3,20.0,0.31,95.0,0.7,20.0,0.69,150.0,0.71,25.5,0.72,88.5,0.01,0.01,2324.562096,1776261675000
1776261677.561,77.561,0.29,21.57,0.28,10.0,0.3,418.66,0.31,311.0,0.7,313.18,0.69,255.0,0.71,12.57,0.72,60.0,0.01,0.01,2324.562096,1776261675000
1776261677.923,77.923,0.26,3.1,0.25,55.42,0.27,33.09,0.28,31.5,0.73,35.5,0.72,31.5,0.74,3.1,0.75,60.0,0.01,0.01,2324.87645,1776261676000
1776261678.528,78.528,0.24,101.01,0.23,85.5,0.26,74.5,0.27,80.5,0.74,15.0,0.73,35.5,0.76,50.51,0.77,50.0,0.02,0.02,2325.048239,1776261677000
1776261678.794,78.794,0.24,81.01,0.23,100.5,0.26,26.5,0.27,80.5,0.74,21.5,0.73,80.5,0.75,5.0,0.76,86.01,0.02,0.01,2325.048239,1776261677000
1776261679.318,79.318,0.24,66.33,0.23,85.5,0.25,43.0,0.26,25.5,0.75,15.0,0.74,21.5,0.76,88.66,0.77,100.5,0.01,0.01,2325.215405,1776261678000
1776261680.026,80.026,0.24,60.01,0.23,85.5,0.25,43.0,0.26,25.5,0.75,43.0,0.74,25.5,0.76,66.33,0.77,85.5,0.01,0.01,2325.215405,1776261678000
1776261680.349,80.349,0.24,34.01,0.23,85.5,0.25,43.0,0.26,75.5,0.75,43.0,0.74,25.5,0.76,60.01,0.77,85.5,0.01,0.01,2325.215405,1776261678000
1776261680.584,80.584,0.24,28.35,0.23,85.5,0.25,43.0,0.26,75.5,0.75,43.0,0.74,75.5,0.76,34.01,0.77,85.5,0.01,0.01,2325.215405,1776261678000
1776261681.194,81.194,0.24,6.16,0.23,92.5,0.25,28.0,0.26,10.0,0.75,43.0,0.74,75.5,0.76,28.35,0.77,85.5,0.01,0.01,2324.908563,1776261679000
1776261681.605,81.605,0.23,20.0,0.22,110.0,0.24,16.0,0.25,103.5,0.75,28.0,0.74,10.0,0.76,6.16,0.77,92.5,0.01,0.01,2324.931266,1776261680000
1776261683.535,83.535,0.23,72.0,0.22,132.5,0.24,4.88,0.25,38.0,0.76,42.5,0.75,114.5,0.78,110.0,0.79,95.63,0.01,0.02,2325.0516,1776261682000
1776261683.879,83.879,0.23,96.22,0.22,75.0,0.24,10.88,0.25,135.5,0.76,15.88,0.75,135.5,0.77,91.87,0.78,81.0,0.01,0.01,2325.0516,1776261682000
1776261684.872,84.872,0.24,144.5,0.23,162.72,0.25,21.0,0.27,10.0,0.76,10.88,0.75,135.5,0.77,96.22,0.78,75.0,0.01,0.01,2324.772359,1776261683000
1776261685.082,85.082,0.24,140.5,0.23,162.72,0.25,21.0,0.27,10.0,0.75,21.0,0.73,10.0,0.76,144.5,0.77,162.72,0.01,0.01,2324.727587,1776261684000
1776261685.327,85.327,0.24,149.5,0.23,162.72,0.25,14.28,0.27,10.0,0.75,21.0,0.73,10.0,0.76,144.5,0.77,162.72,0.01,0.01,2324.727587,1776261684000
1776261685.68,85.68,0.24,119.8,0.23,162.72,0.25,14.28,0.26,10.0,0.75,14.28,0.73,10.0,0.76,146.62,0.77,162.72,0.01,0.01,2324.727587,1776261684000
1776261686.342,86.342,0.25,15.0,0.24,75.0,0.27,57.68,0.28,96.5,0.75,14.28,0.74,10.0,0.76,119.8,0.77,162.72,0.02,0.01,2324.727587,1776261684000
1776261687.181,87.181,0.25,94.33,0.24,80.0,0.26,25.5,0.27,107.5,0.74,50.0,0.73,107.5,0.75,59.86,0.76,80.0,0.01,0.01,2325.121606,1776261686000
1776261688.327,88.327,0.25,65.0,0.24,75.0,0.26,115.5,0.27,81.5,0.74,25.5,0.73,107.5,0.75,94.33,0.76,80.0,0.01,0.01,2325.121606,1776261686000
1776261689.19,89.19,0.25,11.85,0.24,70.0,0.26,146.5,0.27,189.45,0.74,115.5,0.73,81.5,0.75,65.0,0.76,75.0,0.01,0.01,2325.050458,1776261687000
1776261689.913,89.913,0.24,58.0,0.23,106.35,0.25,180.5,0.26,268.5,0.74,146.5,0.73,189.45,0.75,11.85,0.76,70.0,0.01,0.01,2325.034478,1776261688000
1776261690.477,90.477,0.24,0.78,0.23,56.35,0.25,295.5,0.26,364.33,0.75,185.5,0.74,268.5,0.76,6.44,0.77,106.35,0.01,0.01,2325.057862,1776261689000
1776261690.728,90.728,0.23,9.71,0.22,65.0,0.25,285.5,0.26,370.81,0.75,295.5,0.74,364.33,0.76,0.78,0.77,56.35,0.02,0.01,2325.057862,1776261689000
1776261692.316,92.316,0.25,54.16,0.24,141.5,0.26,24.32,0.27,10.0,0.75,285.5,0.74,370.81,0.77,9.71,0.78,65.0,0.01,0.02,2324.914683,1776261691000
1776261692.607,92.607,0.25,50.66,0.24,114.5,0.26,21.18,0.27,25.0,0.74,18.32,0.73,10.0,0.75,66.16,0.76,141.5,0.01,0.01,2324.914683,1776261691000
1776261692.881,92.881,0.25,21.0,0.24,92.5,0.27,30.0,0.28,31.5,0.74,28.18,0.73,30.0,0.75,26.0,0.76,92.5,0.02,0.01,2324.914683,1776261691000
1776261693.196,93.196,0.25,60.73,0.24,82.0,0.26,73.0,0.27,110.5,0.73,30.0,0.72,31.5,0.75,21.0,0.76,92.5,0.01,0.02,2324.914683,1776261691000
1776261693.659,93.659,0.25,58.58,0.24,97.5,0.26,117.0,0.27,105.5,0.74,73.0,0.73,110.5,0.75,60.73,0.76,82.0,0.01,0.01,2324.914683,1776261691000
1776261694.043,94.043,0.25,57.91,0.24,97.5,0.26,117.0,0.27,115.5,0.74,117.0,0.73,105.5,0.75,58.58,0.76,97.5,0.01,0.01,2325.03679,1776261692000
1776261695.003,95.003,0.24,12.0,0.23,29.71,0.26,289.5,0.27,226.5,0.74,117.0,0.73,115.5,0.75,57.91,0.76,97.5,0.02,0.01,2325.195519,1776261693000
1776261695.948,95.948,0.23,20.0,0.22,95.0,0.25,180.5,0.26,253.5,0.74,289.5,0.73,226.5,0.76,12.0,0.77,29.71,0.02,0.02,2325.1474,1776261694000
1776261696.94,96.94,0.23,55.0,0.22,125.5,0.24,40.0,0.25,96.0,0.75,180.5,0.74,253.5,0.77,20.0,0.78,95.0,0.01,0.02,2325.067286,1776261695000
1776261697.349,97.349,0.23,49.35,0.22,125.5,0.24,80.0,0.25,91.0,0.76,40.0,0.75,96.0,0.77,55.0,0.78,125.5,0.01,0.01,2324.98591,1776261696000
1776261698.143,98.143,0.24,18.68,0.23,79.35,0.25,70.0,0.26,80.5,0.76,80.0,0.75,91.0,0.77,49.35,0.78,125.5,0.01,0.01,2324.98591,1776261696000
1776261698.917,98.917,0.24,62.36,0.23,79.35,0.25,75.93,0.26,105.5,0.75,20.93,0.74,75.0,0.76,73.68,0.77,89.85,0.01,0.01,2324.9365,1776261697000
1776261700.353,100.353,0.24,85.78,0.23,99.85,0.25,25.93,0.26,211.0,0.75,75.93,0.74,105.5,0.76,62.36,0.77,79.35,0.01,0.01,2324.952454,1776261698000
1776261700.563,100.563,0.24,85.78,0.23,99.85,0.25,25.93,0.26,211.5,0.75,25.93,0.74,211.0,0.76,85.78,0.77,99.85,0.01,0.01,2325.075145,1776261699000
1776261701.919,101.919,0.24,85.0,0.23,109.85,0.25,64.93,0.26,221.5,0.75,25.93,0.74,221.5,0.76,85.12,0.77,89.35,0.01,0.01,2325.070899,1776261700000
1776261703.956,103.956,0.23,28.7,0.22,123.0,0.24,69.0,0.25,160.5,0.75,64.93,0.74,221.5,0.76,85.0,0.77,109.85,0.01,0.01,2325.078483,1776261702000
1776261705.884,105.884,0.23,145.5,0.22,133.5,0.24,27.7,0.25,89.0,0.76,69.0,0.75,160.5,0.77,28.7,0.78,123.0,0.01,0.01,2325.06081,1776261704000
1776261706.635,106.635,0.23,135.5,0.22,133.5,0.24,27.7,0.25,94.0,0.76,27.7,0.75,89.0,0.77,145.5,0.78,133.5,0.01,0.01,2325.02366,1776261705000
1776261706.86,106.86,0.24,70.0,0.23,143.5,0.25,23.2,0.26,95.0,0.76,27.7,0.75,94.0,0.77,135.5,0.78,133.5,0.01,0.01,2325.02366,1776261705000
1776261707.255,107.255,0.24,63.21,0.23,143.5,0.25,28.93,0.26,100.0,0.75,5.4,0.74,95.0,0.76,70.0,0.77,143.5,0.01,0.01,2325.02366,1776261705000
1776261708.41,108.41,0.23,10.0,0.22,112.0,0.24,17.0,0.25,190.03,0.75,28.93,0.74,100.0,0.76,63.21,0.77,143.5,0.01,0.01,2325.103694,1776261707000
1776261708.93,108.93,0.23,71.75,0.22,130.5,0.24,70.0,0.25,134.53,0.76,17.0,0.75,190.03,0.77,10.0,0.78,112.0,0.01,0.01,2325.103694,1776261707000
1776261709.749,109.749,0.23,3.75,0.22,40.0,0.24,151.5,0.25,148.5,0.76,70.0,0.75,134.53,0.77,71.75,0.78,130.5,0.01,0.01,2325.246335,1776261708000
1776261710.556,110.556,0.21,24.62,0.2,65.0,0.22,140.0,0.23,127.5,0.77,31.5,0.76,145.5,0.79,50.26,0.8,160.0,0.01,0.02,2325.155272,1776261709000
1776261711.831,111.831,0.23,45.0,0.22,105.0,0.24,55.0,0.25,80.5,0.78,140.0,0.77,127.5,0.79,24.62,0.8,65.0,0.01,0.01,2325.068137,1776261710000
1776261713.593,113.593,0.23,8.7,0.22,15.0,0.24,140.18,0.25,207.5,0.76,55.0,0.75,80.5,0.77,45.0,0.78,105.0,0.01,0.01,2324.979319,1776261712000
1776261713.847,113.847,0.23,1.92,0.22,10.0,0.24,140.18,0.25,207.5,0.76,140.18,0.75,207.5,0.77,8.7,0.78,15.0,0.01,0.01,2324.979319,1776261712000
1776261715.43,115.43,0.21,72.55,0.2,134.62,0.24,23.68,0.25,15.0,0.76,140.18,0.75,207.5,0.77,1.92,0.78,10.0,0.03,0.01,2324.99825,1776261714000
1776261715.657,115.657,0.23,9.74,0.22,24.0,0.24,59.56,0.25,70.0,0.76,59.56,0.75,70.0,0.77,15.0,0.78,24.0,0.01,0.01,2324.99825,1776261714000
1776261717.146,117.146,0.22,72.23,0.21,143.07,0.23,50.0,0.24,69.56,0.76,59.56,0.75,70.0,0.77,9.74,0.78,24.0,0.01,0.01,2325.010824,1776261715000
1776261717.813,117.813,0.22,93.23,0.21,153.07,0.23,30.0,0.24,69.56,0.77,50.0,0.76,69.56,0.78,72.23,0.79,143.07,0.01,0.01,2325.130259,1776261716000
1776261720.475,120.475,0.24,19.97,0.23,82.5,0.25,10.0,0.26,70.0,0.77,30.0,0.76,69.56,0.78,93.23,0.79,153.07,0.01,0.01,2325.37695,1776261719000
1776261721.647,121.647,0.28,35.61,0.27,16.0,0.29,35.0,0.3,10.0,0.75,10.0,0.74,70.0,0.76,14.83,0.77,87.5,0.01,0.01,2325.316428,1776261720000
1776261721.898,121.898,0.3,19.85,0.29,31.0,0.31,100.0,0.32,60.0,0.71,35.0,0.7,10.0,0.72,35.61,0.73,16.0,0.01,0.01,2325.316428,1776261720000
1776261722.188,122.188,0.31,45.0,0.3,34.73,0.32,60.0,0.33,140.0,0.69,11.48,0.68,75.0,0.7,27.73,0.71,31.0,0.01,0.01,2325.316428,1776261720000
1776261722.496,122.496,0.28,100.0,0.27,70.0,0.32,108.5,0.33,155.5,0.68,70.0,0.67,145.0,0.7,50.0,0.71,5.0,0.04,0.02,2325.354404,1776261721000
1776261723.739,123.739,0.3,23.14,0.29,75.0,0.31,75.0,0.32,130.0,0.68,108.5,0.67,155.5,0.72,100.0,0.73,70.0,0.01,0.04,2325.853325,1776261722000
1776261726.43,126.43,0.25,81.2,0.24,91.7,0.3,298.5,0.31,279.5,0.69,70.0,0.68,135.0,0.7,20.85,0.71,75.0,0.05,0.01,2326.1179,1776261725000
1776261727.031,127.031,0.26,23.43,0.25,244.2,0.27,6.0,0.28,6.0,0.7,298.5,0.69,279.5,0.75,81.2,0.76,91.7,0.01,0.05,2326.1179,1776261725000
1776261728.02,128.02,0.26,223.13,0.25,210.2,0.27,1.0,0.28,56.0,0.73,6.0,0.72,6.0,0.74,23.43,0.75,244.2,0.01,0.01,2326.1179,1776261726000
1776261729.869,129.869,0.31,397.5,0.3,250.37,0.33,35.0,0.34,60.0,0.73,1.0,0.72,56.0,0.74,223.13,0.75,210.2,0.02,0.01,2325.97912,1776261728000
1776261730.208,130.208,0.32,111.0,0.31,191.0,0.36,100.0,0.37,110.0,0.67,35.0,0.66,60.0,0.69,397.5,0.7,250.37,0.04,0.02,2325.97912,1776261728000
1776261730.595,130.595,0.35,10.23,0.34,56.0,0.36,55.0,0.37,110.0,0.64,100.0,0.63,110.0,0.68,111.0,0.69,191.0,0.01,0.04,2325.963572,1776261729000
1776261730.947,130.947,0.35,10.23,0.34,56.0,0.36,3.71,0.37,60.0,0.64,55.0,0.63,110.0,0.65,10.23,0.66,56.0,0.01,0.01,2325.963572,1776261729000
1776261731.495,131.495,0.37,140.0,0.36,36.0,0.39,109.34,0.4,105.12,0.64,3.71,0.63,60.0,0.65,10.23,0.66,56.0,0.02,0.01,2326.055534,1776261730000
1776261731.757,131.757,0.38,126.0,0.37,86.0,0.39,113.14,0.4,110.12,0.61,109.34,0.6,105.12,0.63,140.0,0.64,36.0,0.01,0.02,2326.055534,1776261730000
1776261732.676,132.676,0.38,28.0,0.37,75.0,0.39,107.64,0.4,131.62,0.61,113.14,0.6,110.12,0.62,126.0,0.63,86.0,0.01,0.01,2326.737141,1776261731000
1776261733.723,133.723,0.35,25.23,0.34,10.0,0.38,188.5,0.39,217.14,0.61,107.64,0.6,131.62,0.62,28.0,0.63,75.0,0.03,0.01,2326.75019,1776261732000
1776261734.164,134.164,0.35,25.23,0.33,116.3,0.36,108.91,0.37,71.5,0.62,188.5,0.61,217.14,0.65,25.23,0.66,10.0,0.01,0.03,2326.75019,1776261732000
1776261734.409,134.409,0.35,25.23,0.33,66.3,0.36,131.64,0.37,121.5,0.64,108.91,0.63,71.5,0.65,25.23,0.67,116.3,0.01,0.01,2326.77577,1776261733000
1776261735.384,135.384,0.29,35.0,0.28,112.89,0.36,317.64,0.37,122.5,0.64,131.64,0.63,121.5,0.65,25.23,0.67,66.3,0.07,0.01,2326.726629,1776261734000
1776261735.673,135.673,0.28,112.89,0.27,93.3,0.29,6.55,0.3,41.0,0.64,317.64,0.63,122.5,0.71,35.0,0.72,112.89,0.01,0.07,2326.726629,1776261734000
1776261736.196,136.196,0.28,215.89,0.27,83.3,0.31,6.0,0.32,11.0,0.71,12.72,0.7,61.5,0.72,117.89,0.73,93.3,0.03,0.01,2326.726629,1776261734000
1776261738.748,138.748,0.3,42.0,0.29,70.0,0.31,112.0,0.32,86.5,0.69,6.0,0.68,11.0,0.72,215.89,0.73,83.3,0.01,0.03,2326.297815,1776261737000
1776261740.604,140.604,0.28,195.0,0.27,119.3,0.3,41.0,0.31,81.0,0.69,112.0,0.68,86.5,0.7,42.0,0.71,70.0,0.02,0.01,2326.262647,1776261739000
1776261743.005,143.005,0.28,5.0,0.27,20.0,0.29,158.17,0.3,95.5,0.7,41.0,0.69,81.0,0.72,195.0,0.73,119.3,0.01,0.02,2326.21508,1776261741000
1776261743.51,143.51,0.24,55.0,0.23,10.0,0.25,36.88,0.26,101.5,0.71,158.17,0.7,95.5,0.72,5.0,0.73,20.0,0.01,0.01,2326.229393,1776261742000
1776261744.694,144.694,0.25,114.0,0.24,144.0,0.27,9.66,0.28,85.5,0.75,36.88,0.74,101.5,0.76,55.0,0.77,10.0,0.02,0.01,2326.1463,1776261743000
1776261745.453,145.453,0.26,60.18,0.25,85.0,0.27,50.0,0.28,80.5,0.73,9.66,0.72,85.5,0.75,114.0,0.76,144.0,0.01,0.02,2326.111223,1776261744000
1776261746.889,146.889,0.31,15.0,0.3,15.0,0.33,73.18,0.34,75.0,0.73,50.0,0.72,80.5,0.74,60.18,0.75,85.0,0.02,0.01,2325.893397,1776261745000
1776261748.748,148.748,0.28,64.23,0.27,101.0,0.3,43.5,0.31,104.5,0.68,20.4,0.67,55.05,0.69,5.0,0.7,10.0,0.02,0.01,2325.946632,1776261747000
1776261749.658,149.658,0.31,12.75,0.3,110.0,0.32,65.0,0.33,90.55,0.7,43.5,0.69,104.5,0.72,64.23,0.73,101.0,0.01,0.02,2326.0997,1776261748000
1776261752.04,152.04,0.3,47.0,0.29,70.0,0.31,53.5,0.32,128.5,0.68,27.0,0.67,90.55,0.69,98.75,0.7,116.0,0.01,0.01,2326.096359,1776261750000
1776261752.458,152.458,0.3,125.57,0.29,90.0,0.31,31.5,0.32,100.5,0.69,53.5,0.68,128.5,0.7,47.0,0.71,70.0,0.01,0.01,2326.096359,1776261750000
1776261755.352,155.352,0.27,57.04,0.26,85.0,0.28,114.0,0.29,75.5,0.69,31.5,0.68,100.5,0.7,125.57,0.71,90.0,0.01,0.01,2326.231311,1776261754000
1776261759.791,159.791,0.24,278.62,0.23,84.0,0.25,33.0,0.28,10.0,0.72,114.0,0.71,75.5,0.73,57.04,0.74,85.0,0.01,0.01,2325.875715,1776261758000
1776261760.085,160.085,0.24,436.12,0.23,100.0,0.3,5.0,0.31,21.0,0.75,18.28,0.72,5.0,0.76,278.62,0.77,118.47,0.06,0.01,2325.875715,1776261758000
1776261760.709,160.709,0.27,18.0,0.26,20.0,0.3,461.01,0.31,161.0,0.7,5.0,0.69,21.0,0.76,436.12,0.77,100.0,0.03,0.06,2325.831299,1776261759000
1776261761.938,161.938,0.24,21.06,0.22,50.0,0.25,277.5,0.26,275.5,0.75,10.0,0.74,21.75,0.76,33.99,0.78,50.0,0.01,0.01,2325.950312,1776261760000
1776261762.392,162.392,0.24,0.06,0.21,75.25,0.25,303.5,0.26,275.5,0.75,277.5,0.74,275.5,0.76,21.06,0.78,50.0,0.01,0.01,2325.965606,1776261761000
1776261763.471,163.471,0.21,75.5,0.2,80.38,0.22,297.5,0.23,271.94,0.77,6.94,0.75,308.5,0.79,75.25,0.8,85.38,0.01,0.02,2325.613689,1776261762000
1776261764.591,164.591,0.2,89.26,0.19,35.0,0.21,320.5,0.22,296.5,0.78,292.5,0.77,271.94,0.8,80.38,0.81,35.0,0.01,0.02,2325.477516,1776261763000
1776261765.233,165.233,0.2,32.51,0.19,35.0,0.21,315.5,0.22,296.5,0.79,320.5,0.78,296.5,0.8,89.26,0.81,35.0,0.01,0.01,2325.411172,1776261764000
1776261765.988,165.988,0.2,67.51,0.19,51.0,0.21,82.5,0.22,180.5,0.79,315.5,0.78,296.5,0.8,32.51,0.81,35.0,0.01,0.01,2325.411172,1776261764000
1776261766.345,166.345,0.2,108.51,0.19,101.0,0.21,30.5,0.22,80.5,0.79,34.5,0.78,180.5,0.8,62.51,0.81,51.0,0.01,0.01,2325.222441,1776261765000
1776261767.84,167.84,0.2,10.32,0.19,90.0,0.21,40.5,0.22,207.5,0.79,85.5,0.78,201.5,0.8,35.51,0.81,96.0,0.01,0.01,2325.240843,1776261766000
1776261768.494,168.494,0.2,9.07,0.19,90.0,0.21,145.5,0.22,207.5,0.79,40.5,0.78,207.5,0.8,10.32,0.81,90.0,0.01,0.01,2325.34578,1776261767000
1776261769.609,169.609,0.2,7.32,0.19,90.0,0.21,120.5,0.22,207.5,0.79,150.5,0.78,207.5,0.8,7.32,0.81,90.0,0.01,0.01,2325.356063,1776261768000
1776261770.282,170.282,0.2,119.05,0.19,107.0,0.21,10.5,0.22,30.5,0.79,120.5,0.78,207.5,0.8,7.32,0.81,90.0,0.01,0.01,2325.356063,1776261768000
1776261771.068,171.068,0.18,3.98,0.17,335.0,0.19,259.5,0.2,459.01,0.79,10.5,0.78,30.5,0.8,114.05,0.81,107.0,0.01,0.01,2325.355995,1776261769000
1776261771.87,171.87,0.15,234.36,0.14,90.0,0.16,158.0,0.17,229.5,0.81,322.5,0.8,549.01,0.83,100.0,0.84,145.0,0.01,0.02,2325.355903,1776261770000
1776261772.175,172.175,0.15,233.16,0.14,90.0,0.16,359.01,0.17,234.5,0.84,158.0,0.83,229.5,0.85,234.36,0.86,90.0,0.01,0.01,2325.366363,1776261771000
1776261774.419,174.419,0.15,56.98,0.14,103.0,0.16,91.5,0.17,82.5,0.84,359.01,0.83,234.5,0.85,233.16,0.86,90.0,0.01,0.01,2324.747923,1776261772000
1776261776.268,176.268,0.14,5.69,0.13,365.0,0.15,276.5,0.16,236.5,0.84,91.5,0.83,82.5,0.85,41.98,0.86,103.0,0.01,0.01,2324.71955,1776261775000
1776261779.025,179.025,0.09,55.0,0.08,30.79,0.1,123.86,0.11,273.5,0.85,276.5,0.84,236.5,0.87,365.0,0.88,10.0,0.01,0.02,2324.266445,1776261778000
1776261779.877,179.877,0.08,30.79,0.07,230.3,0.1,118.33,0.11,273.5,0.9,141.9,0.89,273.5,0.91,55.0,0.92,30.79,0.02,0.01,2324.266445,1776261778000
1776261780.565,180.565,0.08,17.69,0.07,185.0,0.09,10.0,0.1,136.04,0.9,118.33,0.89,273.5,0.92,27.69,0.93,230.3,0.01,0.02,2323.859284,1776261779000
1776261780.852,180.852,0.08,12.25,0.07,160.0,0.09,15.0,0.1,136.04,0.91,10.0,0.9,136.04,0.92,17.69,0.93,185.0,0.01,0.01,2323.859284,1776261779000
1776261781.057,181.057,0.08,24.37,0.07,160.0,0.09,5.0,0.1,136.04,0.91,5.0,0.9,136.04,0.92,29.81,0.93,160.0,0.01,0.01,2323.859284,1776261779000
1776261781.98,181.98,0.09,10.0,0.08,63.37,0.1,40.54,0.11,65.0,0.91,5.0,0.9,136.04,0.92,24.37,0.93,160.0,0.01,0.01,2323.73626,1776261780000
1776261782.209,182.209,0.08,45.85,0.07,160.0,0.1,40.54,0.11,65.0,0.9,40.54,0.89,65.0,0.92,54.46,0.93,160.0,0.02,0.02,2323.73626,1776261780000
1776261782.548,182.548,0.08,13.72,0.07,165.0,0.09,10.0,0.1,38.17,0.91,10.0,0.9,38.17,0.92,33.27,0.93,165.0,0.01,0.01,2323.907043,1776261781000
1776261782.836,182.836,0.09,13.35,0.08,50.0,0.1,38.17,0.11,25.0,0.9,48.17,0.89,25.0,0.93,25.69,0.94,223.8,0.01,0.03,2323.907043,1776261781000
1776261783.094,183.094,0.09,15.8,0.08,107.42,0.1,34.17,0.11,20.0,0.9,34.17,0.89,20.0,0.91,15.8,0.92,107.42,0.01,0.01,2324.229375,1776261782000
1776261783.334,183.334,0.08,94.89,0.07,0.69,0.1,22.17,0.11,20.0,0.9,17.17,0.89,20.0,0.92,75.22,0.93,15.69,0.02,0.02,2324.229375,1776261782000
1776261783.64,183.64,0.08,103.75,0.07,150.69,0.1,17.17,0.11,15.0,0.91,20.0,0.9,17.17,0.92,108.75,0.93,50.69,0.02,0.01,2324.229375,1776261782000
1776261783.978,183.978,0.1,52.5,0.09,161.29,0.12,38.0,0.13,51.8,0.88,20.0,0.87,20.0,0.91,10.0,0.92,173.0,0.02,0.03,2324.229375,1776261782000
1776261784.728,184.728,0.11,143.0,0.1,56.05,0.12,23.41,0.13,51.8,0.88,38.0,0.87,51.8,0.9,48.05,0.91,161.29,0.01,0.02,2324.160035,1776261783000
1776261784.948,184.948,0.11,234.79,0.1,111.05,0.13,51.8,0.14,114.95,0.88,23.41,0.87,51.8,0.89,143.0,0.9,56.05,0.02,0.01,2324.160035,1776261783000
1776261785.674,185.674,0.11,127.38,0.1,105.0,0.12,10.0,0.13,10.0,0.86,111.95,0.85,58.2,0.89,224.79,0.9,100.0,0.01,0.03,2324.462393,1776261784000
1776261786.415,186.415,0.11,108.29,0.1,140.5,0.12,0.5,0.13,10.0,0.88,0.5,0.87,10.0,0.89,127.38,0.9,130.0,0.01,0.01,2324.462393,1776261784000
1776261787.064,187.064,0.11,118.29,0.1,140.5,0.14,90.95,0.15,68.7,0.88,0.5,0.87,10.0,0.89,108.29,0.9,140.5,0.03,0.01,2324.711759,1776261785000
1776261787.561,187.561,0.12,28.86,0.11,108.29,0.13,20.0,0.14,90.95,0.86,90.95,0.85,68.7,0.89,118.29,0.9,140.5,0.01,0.03,2324.828775,1776261786000
1776261788.353,188.353,0.12,96.49,0.11,113.29,0.13,25.94,0.14,90.95,0.87,20.0,0.86,90.95,0.88,22.51,0.89,108.29,0.01,0.01,2324.899735,1776261787000
1776261788.827,188.827,0.12,201.49,0.11,169.79,0.13,26.0,0.14,101.75,0.87,25.94,0.86,90.95,0.88,96.49,0.89,113.29,0.01,0.01,2324.899735,1776261787000
1776261789.644,189.644,0.13,77.8,0.12,136.5,0.14,100.96,0.15,53.2,0.87,78.56,0.86,106.8,0.88,185.01,0.89,169.79,0.01,0.01,2324.905694,1776261788000
1776261789.94,189.94,0.13,164.8,0.12,152.0,0.14,82.96,0.15,53.2,0.86,100.96,0.85,53.2,0.87,76.65,0.88,136.5,0.01,0.01,2324.905694,1776261788000
1776261790.542,190.542,0.13,131.3,0.12,135.5,0.14,97.96,0.15,58.2,0.86,82.96,0.85,53.2,0.87,164.8,0.88,152.0,0.01,0.01,2324.888124,1776261789000
1776261792.424,192.424,0.13,124.74,0.12,125.5,0.14,92.96,0.15,53.2,0.86,97.96,0.85,58.2,0.87,131.3,0.88,135.5,0.01,0.01,2325.00624,1776261791000
1776261793.837,193.837,0.13,31.74,0.12,115.5,0.14,43.06,0.15,68.7,0.86,92.96,0.85,53.2,0.87,124.74,0.88,125.5,0.01,0.01,2325.006534,1776261792000
1776261794.15,194.15,0.13,37.59,0.12,115.5,0.14,48.06,0.15,68.7,0.86,43.06,0.85,68.7,0.87,43.74,0.88,115.5,0.01,0.01,2325.006534,1776261792000
1776261795.431,195.431,0.13,51.08,0.12,150.5,0.14,20.2,0.15,68.7,0.86,63.06,0.85,68.7,0.87,35.29,0.88,140.5,0.01,0.01,2325.01399,1776261794000
1776261795.763,195.763,0.13,44.52,0.12,150.5,0.14,20.2,0.15,58.2,0.86,20.2,0.85,68.7,0.87,51.08,0.88,150.5,0.01,0.01,2325.01399,1776261794000
1776261797.269,197.269,0.13,29.52,0.12,150.5,0.14,70.87,0.15,66.2,0.86,20.2,0.85,58.2,0.87,44.52,0.88,150.5,0.01,0.01,2324.970484,1776261796000
1776261797.53,197.53,0.13,23.52,0.12,78.0,0.14,91.37,0.15,178.7,0.86,70.87,0.85,66.2,0.87,29.52,0.88,150.5,0.01,0.01,2324.970484,1776261796000
1776261797.923,197.923,0.12,72.34,0.1,95.0,0.14,123.7,0.15,233.7,0.86,138.37,0.85,178.7,0.87,6.36,0.88,78.0,0.02,0.01,2324.970484,1776261796000
1776261798.455,198.455,0.12,72.23,0.1,55.0,0.13,58.5,0.14,345.16,0.86,123.7,0.85,233.7,0.88,72.34,0.9,95.0,0.01,0.02,2325.054387,1776261797000
1776261799.124,199.124,0.12,65.75,0.1,55.0,0.13,48.5,0.14,208.7,0.87,58.5,0.86,345.16,0.88,72.23,0.9,55.0,0.01,0.01,2325.054387,1776261797000
1776261802.196,202.196,0.12,69.57,0.1,55.0,0.13,35.5,0.14,40.7,0.87,48.5,0.86,208.7,0.88,65.75,0.9,55.0,0.01,0.01,2324.7463,1776261801000
1776261802.475,202.475,0.12,58.2,0.1,55.0,0.13,35.5,0.14,31.3,0.87,35.5,0.86,31.3,0.88,69.57,0.9,55.0,0.01,0.01,2324.7463,1776261801000
1776261803.107,203.107,0.12,138.2,0.1,65.0,0.13,58.2,0.14,10.8,0.87,35.5,0.86,31.3,0.88,58.2,0.9,55.0,0.01,0.01,2324.7463,1776261801000
1776261803.449,203.449,0.12,138.2,0.1,65.0,0.13,23.95,0.14,10.8,0.87,26.95,0.86,10.8,0.88,138.2,0.9,65.0,0.01,0.01,2324.857972,1776261802000
1776261803.66,203.66,0.13,14.05,0.12,138.2,0.14,10.8,0.15,51.2,0.87,23.95,0.86,10.8,0.88,138.2,0.9,65.0,0.01,0.01,2324.857972,1776261802000
1776261803.921,203.921,0.13,14.05,0.12,38.2,0.14,0.8,0.15,51.2,0.86,10.8,0.85,51.2,0.87,14.05,0.88,138.2,0.01,0.01,2324.857972,1776261802000
1776261804.156,204.156,0.16,49.2,0.13,122.49,0.17,110.0,0.19,67.82,0.86,0.8,0.85,13.0,0.87,7.49,0.88,38.2,0.01,0.01,2324.857972,1776261802000
1776261804.574,204.574,0.16,101.52,0.15,10.0,0.17,40.75,0.19,57.82,0.83,110.0,0.81,67.82,0.84,49.2,0.87,122.49,0.01,0.01,2325.264882,1776261803000
1776261804.787,204.787,0.16,203.52,0.15,15.0,0.18,22.1,0.19,42.82,0.83,0.25,0.81,32.82,0.84,203.52,0.85,15.0,0.02,0.01,2325.264882,1776261803000
1776261805.04,205.04,0.17,200.12,0.16,67.47,0.18,19.87,0.19,7.82,0.82,19.87,0.81,17.82,0.83,8.67,0.84,101.52,0.01,0.01,2325.264882,1776261803000
1776261806.032,206.032,0.18,89.15,0.17,165.0,0.19,36.82,0.2,16.0,0.81,7.82,0.8,16.0,0.83,167.76,0.84,67.47,0.01,0.02,2325.94943,1776261804000
1776261806.393,206.393,0.18,83.29,0.17,165.0,0.19,75.82,0.2,21.0,0.81,80.82,0.8,21.0,0.82,89.15,0.83,165.0,0.01,0.01,2326.028186,1776261805000
1776261806.769,206.769,0.18,9.24,0.17,85.0,0.19,146.66,0.2,21.0,0.81,57.66,0.8,21.0,0.82,83.29,0.83,165.0,0.01,0.01,2326.028186,1776261805000
1776261806.975,206.975,0.17,48.97,0.16,152.97,0.18,5.0,0.19,146.66,0.82,5.0,0.81,146.66,0.83,55.0,0.84,142.47,0.01,0.01,2326.035171,1776261806000
1776261807.196,207.196,0.17,148.97,0.16,55.0,0.19,102.97,0.2,37.05,0.82,5.0,0.81,146.66,0.83,48.97,0.84,152.97,0.02,0.01,2326.035171,1776261806000
1776261807.485,207.485,0.16,5.0,0.15,55.0,0.19,52.62,0.2,41.5,0.81,56.23,0.8,37.05,0.83,41.21,0.84,55.0,0.03,0.02,2326.035171,1776261806000
1776261807.882,207.882,0.14,3.56,0.13,30.05,0.15,29.0,0.16,19.0,0.82,0.33,0.81,53.62,0.86,62.45,0.87,80.05,0.01,0.04,2326.035171,1776261806000
1776261808.153,208.153,0.15,7.64,0.14,13.56,0.17,15.0,0.18,10.0,0.81,41.62,0.8,39.5,0.86,3.56,0.87,30.05,0.02,0.05,2326.043643,1776261807000
1776261808.409,208.409,0.14,6.46,0.13,30.05,0.17,10.0,0.18,10.0,0.83,15.0,0.82,10.0,0.86,11.2,0.87,30.05,0.03,0.03,2326.043643,1776261807000
1776261808.703,208.703,0.14,4.12,0.13,30.05,0.16,15.0,0.17,10.0,0.83,15.0,0.82,10.0,0.86,6.12,0.87,30.05,0.02,0.03,2326.043643,1776261807000
1776261808.931,208.931,0.15,7.0,0.14,1.73,0.18,35.5,0.19,36.62,0.84,7.31,0.83,20.5,0.86,1.73,0.87,40.55,0.03,0.02,2326.043643,1776261807000
1776261809.262,209.262,0.15,7.0,0.14,10.0,0.16,26.0,0.17,10.23,0.83,10.23,0.82,28.5,0.86,10.0,0.87,15.0,0.01,0.03,2325.942378,1776261808000
1776261809.539,209.539,0.15,4.82,0.14,1.55,0.16,11.0,0.17,10.0,0.84,11.0,0.83,15.0,0.85,6.0,0.86,1.55,0.01,0.01,2325.942378,1776261808000
1776261809.798,209.798,0.15,3.52,0.14,1.55,0.17,26.05,0.18,30.05,0.84,21.0,0.83,26.05,0.85,3.52,0.86,1.55,0.02,0.01,2325.942378,1776261808000
1776261810.501,210.501,0.15,6.52,0.14,6.55,0.16,5.0,0.17,15.0,0.83,26.05,0.82,30.05,0.85,3.52,0.86,1.55,0.01,0.02,2325.686382,1776261809000
1776261810.776,210.776,0.15,4.88,0.14,10.26,0.17,12.89,0.18,44.0,0.83,12.89,0.82,23.0,0.85,10.4,0.86,10.26,0.02,0.02,2325.686382,1776261809000
1776261811.927,211.927,0.14,21.02,0.13,267.25,0.15,80.0,0.16,65.0,0.83,12.89,0.82,44.0,0.86,10.26,0.87,67.3,0.01,0.03,2325.556231,1776261810000
1776261812.448,212.448,0.14,19.02,0.13,62.8,0.15,100.0,0.16,65.0,0.85,80.0,0.84,65.0,0.86,21.02,0.87,267.25,0.01,0.01,2325.556231,1776261811000
1776261812.763,212.763,0.14,16.84,0.13,62.8,0.15,115.0,0.16,65.0,0.85,100.0,0.84,65.0,0.86,19.02,0.87,62.8,0.01,0.01,2325.556231,1776261811000
1776261813.803,213.803,0.13,45.47,0.12,126.47,0.14,110.0,0.15,75.0,0.85,110.0,0.84,65.0,0.87,53.12,0.88,116.47,0.01,0.02,2325.554284,1776261812000
1776261814.727,214.727,0.13,4.0,0.12,55.97,0.14,125.0,0.15,75.0,0.86,110.0,0.85,75.0,0.87,45.47,0.88,126.47,0.01,0.01,2325.39478,1776261813000
1776261815.293,215.293,0.13,8.25,0.12,76.47,0.14,100.0,0.15,65.0,0.86,125.0,0.85,75.0,0.87,4.0,0.88,55.97,0.01,0.01,2325.429165,1776261814000
1776261815.679,215.679,0.13,43.5,0.12,131.47,0.15,60.0,0.16,65.0,0.86,100.0,0.85,65.0,0.87,8.25,0.88,76.47,0.02,0.01,2325.429165,1776261814000
1776261816.172,216.172,0.16,20.0,0.14,20.0,0.17,64.0,0.18,75.5,0.83,65.0,0.82,75.5,0.84,11.13,0.86,10.0,0.01,0.01,2325.429165,1776261814000
1776261816.778,216.778,0.14,7.9,0.13,25.5,0.15,92.0,0.16,70.0,0.83,64.0,0.82,75.5,0.84,20.0,0.86,20.0,0.01,0.01,2325.345807,1776261815000
1776261817.109,217.109,0.13,5.05,0.12,71.47,0.15,70.33,0.16,177.15,0.85,65.33,0.84,177.15,0.87,18.2,0.88,71.47,0.02,0.02,2325.345807,1776261815000
1776261817.985,217.985,0.13,2.85,0.12,108.47,0.14,21.62,0.15,65.33,0.85,70.33,0.84,177.15,0.87,5.05,0.88,71.47,0.01,0.02,2325.408289,1776261816000
1776261820.411,220.411,0.14,79.76,0.13,201.14,0.15,15.0,0.16,122.15,0.86,21.62,0.85,65.33,0.87,2.85,0.88,108.47,0.01,0.01,2325.448891,1776261818000
1776261821.031,221.031,0.14,79.76,0.13,201.14,0.16,104.96,0.17,65.0,0.85,15.0,0.84,122.15,0.86,79.76,0.87,201.14,0.02,0.01,2325.416522,1776261819000
1776261821.722,221.722,0.15,46.5,0.14,152.4,0.16,58.96,0.17,15.0,0.84,104.96,0.83,65.0,0.86,79.76,0.87,201.14,0.01,0.02,2325.443667,1776261820000
1776261822.378,222.378,0.15,10.68,0.14,152.4,0.16,143.07,0.17,15.0,0.84,45.73,0.83,15.0,0.85,31.21,0.86,152.4,0.01,0.01,2325.555172,1776261821000
1776261822.688,222.688,0.14,97.86,0.13,168.15,0.16,143.07,0.17,70.0,0.84,143.07,0.83,15.0,0.85,10.68,0.86,152.4,0.02,0.01,2325.555172,1776261821000
1776261822.973,222.973,0.14,75.59,0.13,184.05,0.15,70.72,0.16,24.19,0.84,148.07,0.83,20.0,0.86,57.42,0.87,181.9,0.01,0.02,2325.555172,1776261821000
1776261823.231,223.231,0.14,62.49,0.13,203.49,0.15,70.72,0.16,29.19,0.85,70.72,0.84,24.19,0.86,75.59,0.87,184.05,0.01,0.01,2325.555172,1776261821000
1776261823.703,223.703,0.14,85.04,0.13,95.49,0.15,80.72,0.16,84.19,0.85,70.72,0.84,29.19,0.86,58.78,0.87,203.49,0.01,0.01,2325.555172,1776261821000
1776261824.143,224.143,0.14,36.72,0.13,15.5,0.15,165.41,0.16,75.5,0.85,80.72,0.84,79.19,0.86,44.62,0.87,95.49,0.01,0.01,2325.609765,1776261822000
1776261824.489,224.489,0.13,12.2,0.12,37.37,0.15,164.91,0.16,75.5,0.85,204.41,0.84,75.5,0.86,0.36,0.87,15.5,0.02,0.01,2325.646903,1776261823000
1776261824.84,224.84,0.13,30.78,0.12,93.12,0.15,104.91,0.16,65.0,0.86,4.18,0.85,104.91,0.87,17.2,0.88,92.37,0.02,0.01,2325.646903,1776261823000
1776261825.203,225.203,0.13,41.81,0.12,37.37,0.14,10.0,0.15,104.91,0.85,104.91,0.84,65.0,0.87,30.78,0.88,93.12,0.01,0.02,2325.646903,1776261823000
1776261826.096,226.096,0.14,129.33,0.13,93.53,0.15,19.19,0.18,7.0,0.86,10.0,0.85,104.91,0.87,36.06,0.88,37.37,0.01,0.01,2325.666903,1776261824000
1776261826.473,226.473,0.22,10.0,0.21,80.0,0.25,9.49,0.26,65.0,0.8,15.89,0.79,35.0,0.84,50.0,0.86,390.08,0.03,0.04,2325.666903,1776261824000
1776261827.004,227.004,0.23,1.46,0.22,65.0,0.24,2.82,0.25,30.23,0.76,2.82,0.75,9.49,0.77,10.5,0.78,25.0,0.01,0.01,2325.606304,1776261825000
1776261828.012,228.012,0.22,38.79,0.21,121.5,0.23,10.0,0.24,85.74,0.76,2.82,0.75,30.23,0.77,1.46,0.78,65.0,0.01,0.01,2325.623119,1776261826000
1776261828.367,228.367,0.22,15.48,0.21,106.0,0.23,15.0,0.24,46.24,0.77,15.0,0.76,35.74,0.78,31.36,0.79,121.5,0.01,0.01,2325.623119,1776261826000
1776261828.632,228.632,0.22,14.69,0.21,166.5,0.23,10.0,0.24,35.74,0.77,15.0,0.76,46.24,0.78,15.48,0.79,106.0,0.01,0.01,2325.783835,1776261827000
1776261829.756,229.756,0.24,7.97,0.22,94.54,0.25,15.0,0.26,96.24,0.77,10.0,0.76,30.74,0.78,54.04,0.79,176.5,0.01,0.01,2326.024422,1776261828000
1776261830.184,230.184,0.23,56.5,0.22,67.74,0.24,55.02,0.25,20.74,0.76,67.23,0.75,5.0,0.78,107.74,0.79,125.5,0.01,0.02,2326.024422,1776261828000
1776261830.684,230.684,0.24,72.5,0.23,101.5,0.25,6.94,0.27,5.0,0.75,12.94,0.74,50.0,0.77,52.29,0.78,67.74,0.01,0.02,2326.263186,1776261829000
1776261831.231,231.231,0.28,20.0,0.27,22.5,0.29,98.69,0.3,25.0,0.73,5.0,0.72,5.0,0.74,43.22,0.76,92.5,0.01,0.01,2326.263186,1776261829000
1776261831.543,231.543,0.27,5.0,0.26,5.0,0.29,31.5,0.3,35.5,0.71,5.0,0.7,35.5,0.72,10.0,0.76,70.0,0.02,0.01,2326.281233,1776261830000
1776261831.85,231.85,0.21,100.71,0.2,200.67,0.22,20.0,0.23,15.0,0.71,31.5,0.7,35.5,0.73,5.0,0.74,5.0,0.01,0.02,2326.281233,1776261830000
1776261832.069,232.069,0.21,116.71,0.2,195.67,0.23,12.74,0.24,15.0,0.77,14.0,0.76,15.0,0.79,100.71,0.8,200.67,0.02,0.02,2326.281233,1776261830000
1776261832.337,232.337,0.21,123.26,0.2,95.67,0.22,15.0,0.23,6.74,0.77,6.74,0.76,20.0,0.79,124.65,0.8,95.67,0.01,0.02,2326.310423,1776261831000
1776261832.616,232.616,0.21,96.19,0.2,106.17,0.28,41.52,0.29,81.5,0.78,25.0,0.77,6.74,0.79,111.69,0.8,95.67,0.07,0.01,2326.310423,1776261831000
1776261832.821,232.821,0.23,11.09,0.22,25.5,0.24,15.88,0.25,20.5,0.78,5.0,0.72,41.52,0.79,56.19,0.8,106.17,0.01,0.01,2326.310423,1776261831000
1776261833.242,233.242,0.21,9.46,0.2,99.67,0.22,10.0,0.23,10.0,0.77,10.0,0.76,15.88,0.79,44.67,0.8,140.17,0.01,0.02,2326.310423,1776261831000
1776261833.564,233.564,0.23,71.6,0.22,70.5,0.24,5.88,0.26,10.0,0.78,10.0,0.77,10.0,0.79,9.46,0.8,99.67,0.01,0.01,2326.583804,1776261832000
1776261833.932,233.932,0.23,58.77,0.22,65.0,0.24,5.88,0.25,10.0,0.76,5.88,0.74,10.0,0.77,58.06,0.78,75.5,0.01,0.01,2326.583804,1776261832000
1776261834.266,234.266,0.23,16.11,0.22,39.27,0.24,5.88,0.27,5.0,0.76,5.88,0.75,10.0,0.78,28.77,0.79,69.46,0.01,0.02,2326.583804,1776261832000
1776261834.612,234.612,0.27,20.28,0.26,65.6,0.3,10.0,0.31,5.0,0.71,11.0,0.7,15.0,0.77,23.7,0.78,44.27,0.03,0.06,2326.583804,1776261833000
1776261834.97,234.97,0.31,17.69,0.3,10.0,0.32,5.0,0.33,80.0,0.69,2.27,0.68,15.0,0.71,20.5,0.72,20.5,0.01,0.02,2326.583804,1776261833000
1776261835.202,235.202,0.32,1.04,0.31,3.61,0.33,80.0,0.34,15.5,0.67,80.0,0.66,15.5,0.69,3.61,0.7,10.0,0.01,0.02,2326.443346,1776261834000
1776261835.831,235.831,0.32,20.0,0.31,10.0,0.33,12.53,0.34,75.5,0.67,80.0,0.66,15.5,0.69,3.18,0.7,60.0,0.01,0.02,2326.443346,1776261834000
1776261836.328,236.328,0.29,10.0,0.28,101.5,0.32,15.0,0.33,147.12,0.67,12.53,0.66,75.5,0.68,20.0,0.69,10.0,0.03,0.01,2326.443346,1776261834000
1776261836.948,236.948,0.29,11.07,0.28,44.3,0.31,55.0,0.32,65.0,0.69,10.0,0.68,10.0,0.72,44.3,0.73,71.0,0.02,0.03,2326.544994,1776261835000
1776261837.722,237.722,0.38,10.0,0.37,25.5,0.39,4.9,0.4,15.12,0.69,55.0,0.68,65.0,0.71,11.07,0.72,44.3,0.01,0.02,2326.764923,1776261836000
1776261837.949,237.949,0.39,10.23,0.38,84.0,0.4,20.12,0.41,20.5,0.61,2.59,0.6,15.12,0.62,62.0,0.63,30.5,0.01,0.01,2326.764923,1776261836000
1776261838.163,238.163,0.39,30.7,0.38,25.0,0.4,4.84,0.41,20.5,0.6,18.47,0.59,20.5,0.61,62.7,0.62,35.0,0.01,0.01,2326.764923,1776261836000
1776261838.439,238.439,0.43,0.92,0.42,15.0,0.44,10.5,0.45,25.5,0.55,15.5,0.54,135.2,0.57,2.7,0.58,10.0,0.01,0.02,2326.764923,1776261836000
1776261838.68,238.68,0.42,10.4,0.41,27.0,0.44,10.5,0.45,15.5,0.56,10.5,0.55,25.5,0.57,0.92,0.58,15.0,0.02,0.01,2326.764923,1776261836000
1776261839.109,239.109,0.45,10.5,0.44,40.5,0.46,50.0,0.47,103.5,0.56,10.5,0.55,15.5,0.58,10.4,0.59,27.0,0.01,0.02,2326.817758,1776261837000
1776261839.309,239.309,0.45,42.5,0.44,90.5,0.47,93.0,0.48,25.0,0.54,50.0,0.53,103.5,0.55,10.5,0.56,40.5,0.02,0.01,2326.817758,1776261837000
1776261839.527,239.527,0.46,103.3,0.45,90.5,0.47,50.58,0.48,25.0,0.53,78.16,0.52,25.0,0.54,93.3,0.55,102.5,0.01,0.01,2326.898775,1776261838000
1776261839.963,239.963,0.48,85.42,0.47,75.5,0.51,16.37,0.52,67.2,0.49,11.37,0.48,62.2,0.5,10.0,0.51,15.0,0.03,0.01,2327.154464,1776261839000
1776261840.416,240.416,0.48,7.0,0.46,10.0,0.51,41.0,0.52,98.2,0.49,14.37,0.48,67.2,0.5,15.0,0.51,65.0,0.03,0.01,2327.154464,1776261839000
1776261840.618,240.618,0.43,2.29,0.42,65.0,0.46,70.65,0.47,75.0,0.54,70.65,0.53,75.0,0.57,2.29,0.58,65.0,0.03,0.03,2327.154464,1776261839000
1776261840.93,240.93,0.43,12.29,0.42,32.0,0.45,59.37,0.46,81.55,0.56,16.45,0.55,10.0,0.57,2.29,0.58,32.0,0.02,0.01,2327.154464,1776261839000
1776261841.437,241.437,0.44,11.59,0.43,12.29,0.45,76.51,0.46,81.55,0.55,78.7,0.54,81.55,0.57,12.29,0.58,15.0,0.01,0.02,2327.348535,1776261840000
1776261841.781,241.781,0.44,11.59,0.43,12.29,0.45,85.39,0.46,81.55,0.55,76.51,0.54,81.55,0.56,11.59,0.57,12.29,0.01,0.01,2327.348535,1776261840000
1776261842.108,242.108,0.44,11.05,0.43,12.29,0.45,75.63,0.46,81.55,0.55,70.39,0.54,81.55,0.56,11.05,0.57,12.29,0.01,0.01,2327.348535,1776261840000
1776261842.625,242.625,0.39,7.69,0.37,5.0,0.4,10.0,0.41,15.0,0.55,68.4,0.54,81.55,0.58,12.93,0.59,65.0,0.01,0.03,2327.492773,1776261841000
1776261842.828,242.828,0.37,32.66,0.36,115.0,0.38,15.0,0.39,15.0,0.62,5.0,0.61,10.0,0.63,42.92,0.64,115.0,0.01,0.01,2327.492773,1776261841000
1776261843.249,243.249,0.37,22.2,0.36,120.0,0.39,57.0,0.4,57.0,0.62,8.49,0.61,20.0,0.63,32.66,0.64,120.0,0.02,0.01,2327.492773,1776261841000
1776261843.789,243.789,0.38,13.22,0.37,68.7,0.39,10.0,0.4,10.0,0.62,2.36,0.61,71.0,0.63,8.7,0.64,120.0,0.01,0.01,2327.34433,1776261842000
1776261844.085,244.085,0.38,57.65,0.37,63.7,0.39,5.0,0.4,10.0,0.61,5.0,0.6,10.0,0.62,17.65,0.63,68.7,0.01,0.01,2327.34433,1776261842000
1776261844.578,244.578,0.38,47.65,0.37,84.7,0.39,5.0,0.4,10.0,0.61,5.0,0.6,10.0,0.62,57.65,0.63,63.7,0.01,0.01,2327.336882,1776261843000
1776261845.013,245.013,0.38,8.22,0.37,84.7,0.4,20.0,0.41,10.0,0.6,10.0,0.59,5.0,0.62,52.65,0.63,84.7,0.02,0.02,2327.336882,1776261843000
1776261845.664,245.664,0.38,10.0,0.37,20.0,0.39,10.0,0.4,36.0,0.6,20.0,0.59,10.0,0.62,8.22,0.63,84.7,0.01,0.02,2327.239555,1776261844000
1776261847.338,247.338,0.39,34.42,0.38,65.0,0.42,10.0,0.43,10.0,0.61,10.0,0.6,36.0,0.62,5.0,0.63,20.0,0.03,0.01,2327.089186,1776261845000
1776261848.517,248.517,0.41,25.0,0.4,15.0,0.42,15.0,0.43,15.0,0.58,10.0,0.57,15.0,0.59,20.0,0.6,20.0,0.01,0.01,2327.192676,1776261847000
1776261850.114,250.114,0.36,35.24,0.33,6.0,0.37,81.0,0.38,70.0,0.58,15.0,0.57,15.0,0.59,25.0,0.6,15.0,0.01,0.01,2327.287146,1776261848000
1776261850.32,250.32,0.36,79.77,0.33,11.0,0.37,94.09,0.38,75.0,0.63,86.0,0.62,75.0,0.64,29.77,0.67,6.0,0.01,0.01,2327.30792,1776261849000
1776261851.019,251.019,0.36,24.77,0.33,6.0,0.37,100.09,0.38,114.0,0.63,94.09,0.62,75.0,0.64,79.77,0.67,11.0,0.01,0.01,2327.30792,1776261849000
1776261851.238,251.238,0.36,16.6,0.35,5.0,0.37,95.09,0.38,114.0,0.63,100.09,0.62,114.0,0.64,24.77,0.67,6.0,0.01,0.01,2327.30792,1776261849000
1776261852.547,252.547,0.33,6.0,0.32,5.0,0.34,29.05,0.35,33.0,0.63,100.09,0.62,114.0,0.65,5.0,0.67,6.0,0.01,0.02,2327.196491,1776261851000
1776261852.963,252.963,0.33,3.01,0.32,5.0,0.34,86.05,0.35,109.0,0.66,29.05,0.65,33.0,0.67,6.0,0.68,5.0,0.01,0.01,2327.196491,1776261851000
1776261853.707,253.707,0.25,5.0,0.24,5.0,0.34,111.05,0.35,96.0,0.66,86.05,0.65,109.0,0.67,3.01,0.68,5.0,0.09,0.01,2327.018538,1776261852000
1776261854.117,254.117,0.24,48.58,0.23,64.51,0.25,15.0,0.26,46.0,0.75,10.0,0.74,36.0,0.76,39.9,0.77,64.51,0.01,0.01,2327.028909,1776261853000
1776261854.533,254.533,0.23,4.51,0.22,55.0,0.26,27.69,0.27,41.0,0.75,15.0,0.74,46.0,0.76,51.58,0.77,64.51,0.03,0.01,2327.028909,1776261853000
1776261854.762,254.762,0.24,1.05,0.23,64.51,0.25,15.0,0.26,48.69,0.74,27.69,0.73,41.0,0.77,4.51,0.78,55.0,0.01,0.03,2327.028909,1776261853000
1776261855.403,255.403,0.25,71.54,0.24,60.0,0.29,5.0,0.3,12.81,0.75,15.0,0.74,48.69,0.76,1.05,0.77,64.51,0.04,0.01,2326.881622,1776261854000
1776261855.676,255.676,0.28,7.91,0.27,16.0,0.29,15.0,0.3,22.81,0.71,5.0,0.7,12.81,0.75,71.54,0.76,60.0,0.01,0.04,2326.881622,1776261854000
1776261856.81,256.81,0.28,10.0,0.27,16.0,0.29,36.2,0.3,22.81,0.71,19.0,0.7,22.81,0.73,16.0,0.74,21.0,0.01,0.02,2326.799495,1776261855000
1776261857.174,257.174,0.27,2.02,0.26,71.0,0.29,21.2,0.3,22.81,0.71,36.2,0.7,22.81,0.72,8.61,0.73,16.0,0.02,0.01,2326.81266,1776261856000
1776261858.437,258.437,0.22,70.39,0.21,70.0,0.23,5.0,0.24,5.0,0.71,21.2,0.7,22.81,0.73,2.02,0.74,71.0,0.01,0.02,2326.91733,1776261857000
1776261858.802,258.802,0.24,18.0,0.23,60.0,0.25,5.0,0.26,10.0,0.75,5.0,0.74,10.0,0.78,65.39,0.79,70.0,0.01,0.03,2326.91733,1776261857000
1776261859.498,259.498,0.21,60.0,0.2,73.17,0.23,22.0,0.24,20.0,0.75,5.0,0.74,10.0,0.76,16.68,0.77,60.0,0.02,0.01,2326.849801,1776261858000
1776261860.56,260.56,0.2,28.17,0.19,5.0,0.21,0.95,0.22,20.0,0.78,15.0,0.77,22.0,0.79,45.67,0.8,73.17,0.01,0.01,2326.843874,1776261859000
1776261860.997,260.997,0.2,8.17,0.14,10.0,0.21,179.0,0.22,131.0,0.79,0.95,0.78,20.0,0.8,28.17,0.81,5.0,0.01,0.01,2326.796856,1776261860000
1776261861.437,261.437,0.16,80.0,0.15,62.0,0.17,3.26,0.2,30.0,0.83,10.0,0.82,10.0,0.85,7.0,0.86,60.0,0.01,0.02,2326.796856,1776261860000
1776261862.032,262.032,0.18,8.46,0.17,5.0,0.19,10.0,0.2,35.0,0.83,3.26,0.8,30.0,0.84,80.0,0.85,62.0,0.01,0.01,2326.718308,1776261861000
1776261862.624,262.624,0.12,16.87,0.11,20.0,0.14,49.0,0.15,20.0,0.81,10.0,0.8,35.0,0.82,8.46,0.83,5.0,0.02,0.01,2326.718308,1776261861000
1776261863.033,263.033,0.12,49.13,0.11,70.0,0.13,21.0,0.14,29.0,0.87,28.0,0.86,46.0,0.88,5.13,0.89,20.0,0.01,0.01,2326.718308,1776261861000
1776261863.252,263.252,0.12,59.13,0.11,70.0,0.14,16.0,0.15,24.0,0.87,21.0,0.86,29.0,0.88,49.13,0.89,70.0,0.02,0.01,2326.473472,1776261862000
1776261863.561,263.561,0.13,8.85,0.12,10.0,0.14,41.0,0.15,34.0,0.86,16.0,0.85,24.0,0.88,59.13,0.89,70.0,0.01,0.02,2326.473472,1776261862000
1776261864.753,264.753,0.13,12.7,0.12,15.0,0.14,11.71,0.15,23.0,0.86,34.71,0.85,25.0,0.87,8.85,0.88,10.0,0.01,0.01,2326.317151,1776261863000
1776261865.138,265.138,0.12,7.0,0.11,5.0,0.13,68.0,0.14,21.71,0.86,11.71,0.85,23.0,0.87,12.7,0.88,15.0,0.01,0.01,2326.317151,1776261863000
1776261865.831,265.831,0.09,9.9,0.08,129.42,0.1,47.0,0.11,125.0,0.87,68.0,0.86,21.71,0.88,7.0,0.89,5.0,0.01,0.01,2326.317151,1776261864000
1776261866.061,266.061,0.08,89.42,0.07,72.69,0.09,22.59,0.1,56.0,0.91,2.59,0.9,92.0,0.92,124.42,0.93,0.69,0.01,0.01,2326.317151,1776261864000
1776261866.315,266.315,0.08,89.42,0.07,0.69,0.09,10.36,0.1,25.0,0.91,22.59,0.9,56.0,0.92,89.42,0.93,72.69,0.01,0.01,2326.15875,1776261865000
1776261866.546,266.546,0.08,84.42,0.07,0.69,0.09,10.36,0.1,25.0,0.91,10.36,0.9,25.0,0.92,89.42,0.93,0.69,0.01,0.01,2326.15875,1776261865000
1776261866.968,266.968,0.08,28.12,0.07,0.69,0.09,10.36,0.1,85.0,0.91,10.36,0.9,25.0,0.92,33.98,0.93,0.69,0.01,0.01,2326.15875,1776261865000
1776261867.275,267.275,0.08,12.34,0.07,0.69,0.09,10.36,0.1,75.0,0.91,10.36,0.9,85.0,0.92,28.12,0.93,0.69,0.01,0.01,2326.15875,1776261865000
1776261867.779,267.779,0.08,5.01,0.07,0.69,0.09,10.36,0.1,75.0,0.91,10.36,0.9,75.0,0.92,7.34,0.93,0.69,0.01,0.01,2326.224449,1776261866000
1776261868.098,268.098,0.06,179.39,0.05,178.0,0.09,20.36,0.1,75.0,0.91,10.36,0.9,75.0,0.92,5.01,0.93,0.69,0.03,0.01,2326.224449,1776261866000
1776261868.38,268.38,0.06,178.79,0.05,178.0,0.08,5.0,0.09,20.36,0.91,20.36,0.9,75.0,0.94,179.39,0.95,178.0,0.02,0.03,2326.224449,1776261866000
1776261869.957,269.957,0.06,1.5,0.05,168.0,0.07,15.0,0.08,42.0,0.92,5.0,0.91,20.36,0.94,178.79,0.95,178.0,0.01,0.02,2325.868695,1776261868000
1776261870.775,270.775,0.05,4.48,0.04,265.0,0.06,302.0,0.07,35.0,0.93,15.0,0.92,42.0,0.95,167.48,0.96,408.79,0.01,0.02,2325.868695,1776261869000
1776261871.119,271.119,0.03,62.54,0.02,277.0,0.05,271.0,0.06,225.0,0.95,176.0,0.94,285.0,0.96,54.8,0.97,78.0,0.02,0.01,2325.868695,1776261869000
1776261871.372,271.372,0.02,227.0,0.01,7246.87,0.03,49.0,0.04,25.0,0.96,28.0,0.95,274.0,0.98,277.0,0.99,7346.87,0.01,0.02,2325.868695,1776261869000
1776261871.64,271.64,0.02,222.95,0.01,7196.87,0.03,19.49,0.04,25.0,0.97,24.49,0.96,20.0,0.98,227.0,0.99,7246.87,0.01,0.01,2325.847117,1776261870000
1776261871.905,271.905,0.02,217.95,0.01,7178.87,0.04,56.36,0.05,237.0,0.96,18.36,0.95,232.0,0.98,217.95,0.99,7196.87,0.02,0.02,2325.847117,1776261870000
1776261872.445,272.445,0.02,110.76,0.01,7164.32,0.03,34.0,0.04,23.36,0.97,44.0,0.96,23.36,0.98,199.63,0.99,7178.87,0.01,0.01,2325.847117,1776261870000
1776261872.659,272.659,0.02,73.08,0.01,7039.88,0.03,37.87,0.04,23.36,0.97,34.0,0.96,23.36,0.98,73.08,0.99,7139.88,0.01,0.01,2325.489501,1776261871000
1776261873.484,273.484,0.02,60.26,0.01,1676.28,0.03,42.87,0.04,23.36,0.97,37.87,0.96,23.36,0.98,65.26,0.99,7039.88,0.01,0.01,2325.412173,1776261872000
1776261873.792,273.792,0.02,60.26,0.01,1676.28,0.04,32.44,0.05,229.0,0.97,42.87,0.96,23.36,0.98,60.26,0.99,1676.28,0.02,0.01,2325.412173,1776261872000
1776261874.605,274.605,0.02,12.19,0.01,1876.28,0.03,22.0,0.04,25.0,0.96,32.44,0.95,229.0,0.98,60.26,0.99,1676.28,0.01,0.02,2325.008974,1776261873000
1776261875.171,275.171,0.01,1866.28,,,0.02,145.81,0.03,32.31,0.98,145.81,0.97,22.0,0.99,1876.28,,,0.01,0.01,2325.00674,1776261874000
1776261875.447,275.447,0.01,1705.26,,,0.02,145.81,0.03,37.31,0.98,145.81,0.97,37.31,0.99,1711.28,,,0.01,0.01,2325.00674,1776261874000
1776261875.984,275.984,0.01,1642.02,,,0.02,160.81,0.03,42.31,0.98,145.81,0.97,37.31,0.99,1643.04,,,0.01,0.01,2325.00674,1776261874000
1776261876.322,276.322,0.01,1637.02,,,0.02,160.81,0.03,42.31,0.98,160.81,0.97,42.31,0.99,1642.02,,,0.01,0.01,2325.00674,1776261874000
1776261877.002,277.002,0.01,1636.97,,,0.02,145.81,0.03,42.31,0.98,160.81,0.97,42.31,0.99,1637.02,,,0.01,0.01,2324.877469,1776261875000
1776261877.438,277.438,0.01,1626.87,,,0.02,145.81,0.03,42.31,0.98,145.81,0.97,42.31,0.99,1631.92,,,0.01,0.01,2324.8836,1776261876000
1776261877.647,277.647,0.01,1370.87,,,0.02,112.05,0.03,42.31,0.98,112.05,0.97,42.31,0.99,1375.87,,,0.01,0.01,2324.8836,1776261876000
1776261877.87,277.87,0.01,1364.35,,,0.02,112.05,0.03,42.31,0.98,112.05,0.97,42.31,0.99,1370.87,,,0.01,0.01,2324.8836,1776261876000
1776261879.312,279.312,0.01,1404.35,,,0.02,92.05,0.03,39.31,0.98,112.05,0.97,42.31,0.99,1362.35,,,0.01,0.01,2324.868499,1776261878000
1776261879.659,279.659,0.01,1689.24,,,0.03,44.31,0.04,25.0,0.97,39.31,0.96,25.0,0.99,1404.35,,,0.02,0.02,2324.868499,1776261878000
1776261880.086,280.086,0.02,8.97,0.01,1689.24,0.03,39.31,0.04,25.0,0.97,44.31,0.96,25.0,0.99,1689.24,,,0.01,0.02,2324.868499,1776261878000
1776261881.066,281.066,0.01,1675.75,,,0.02,56.71,0.03,49.31,0.97,39.31,0.96,20.0,0.99,1675.75,,,0.01,0.02,2324.970422,1776261879000
1776261882.835,282.835,0.01,1675.75,,,0.02,36.71,0.03,100.73,0.98,56.71,0.97,49.31,0.99,1675.75,,,0.01,0.01,2325.123932,1776261881000
1776261884.967,284.967,0.01,1682.32,,,0.02,36.71,0.03,101.73,0.98,36.71,0.97,100.73,0.99,1675.75,,,0.01,0.01,2325.288466,1776261883000
1776261885.466,285.466,0.01,1377.32,,,0.02,36.71,0.03,101.73,0.98,36.71,0.97,101.73,0.99,1682.32,,,0.01,0.01,2325.288466,1776261883000
1776261886.201,286.201,0.01,1357.32,,,0.02,43.71,0.03,101.73,0.98,36.71,0.97,101.73,0.99,1372.32,,,0.01,0.01,2325.188782,1776261885000
1776261886.438,286.438,0.01,1351.95,,,0.02,43.71,0.03,101.73,0.98,43.71,0.97,101.73,0.99,1348.98,,,0.01,0.01,2325.188782,1776261885000
1776261886.655,286.655,0.01,1326.8,,,0.02,43.71,0.03,101.73,0.98,43.71,0.97,101.73,0.99,1336.8,,,0.01,0.01,2325.188782,1776261885000
1776261886.964,286.964,0.02,7.29,0.01,1381.71,0.03,101.73,0.04,20.0,0.98,43.71,0.97,101.73,0.99,1021.8,,,0.01,0.01,2325.188782,1776261885000
1776261887.199,287.199,0.02,6.26,0.01,1381.71,0.03,86.73,0.04,20.0,0.97,101.73,0.96,20.0,0.98,6.26,0.99,1381.71,0.01,0.01,2325.195612,1776261886000
1776261887.431,287.431,0.02,8.94,0.01,1352.97,0.03,86.73,0.04,20.0,0.97,86.73,0.96,20.0,0.99,1352.97,,,0.01,0.02,2325.195612,1776261886000
1776261887.793,287.793,0.02,7.91,0.01,1352.97,0.03,91.73,0.04,20.0,0.97,86.73,0.96,20.0,0.98,8.94,0.99,1352.97,0.01,0.01,2325.195612,1776261886000
1776261888.013,288.013,0.01,882.8,,,0.02,5.0,0.03,86.73,0.98,5.0,0.97,86.73,0.99,895.8,,,0.01,0.01,2325.195612,1776261886000
1776261888.227,288.227,0.01,827.25,,,0.02,10.0,0.03,86.73,0.98,5.0,0.97,86.73,0.99,882.8,,,0.01,0.01,2325.245809,1776261887000
1776261888.477,288.477,0.01,825.22,,,0.02,45.4,0.03,86.73,0.98,10.0,0.97,86.73,0.99,827.25,,,0.01,0.01,2325.245809,1776261887000
1776261888.71,288.71,0.01,816.42,,,0.02,45.4,0.03,86.73,0.98,45.4,0.97,86.73,0.99,819.22,,,0.01,0.01,2325.245809,1776261887000
1776261889.102,289.102,0.01,808.36,,,0.02,40.4,0.03,85.73,0.98,45.4,0.97,86.73,0.99,816.42,,,0.01,0.01,2325.318473,1776261888000
1776261890.318,290.318,0.01,618.17,,,0.02,157.4,0.03,85.73,0.98,179.4,0.97,85.73,0.99,793.3,,,0.01,0.01,2325.33201,1776261889000
1776261890.518,290.518,0.01,508.06,,,0.02,157.4,0.03,85.73,0.98,162.4,0.97,85.73,0.99,513.11,,,0.01,0.01,2325.33201,1776261889000
1776261890.785,290.785,0.01,448.06,,,0.02,157.4,0.03,85.73,0.98,157.4,0.97,85.73,0.99,498.06,,,0.01,0.01,2325.33201,1776261889000
1776261891.071,291.071,0.01,350.55,,,0.02,157.4,0.03,85.73,0.98,157.4,0.97,85.73,0.99,352.55,,,0.01,0.01,2325.219896,1776261890000
1776261891.31,291.31,,,,,0.01,2247.55,0.02,157.4,0.98,157.4,0.97,85.73,0.99,277.45,,,,0.01,2325.219896,1776261890000
1776261891.667,291.667,,,,,0.01,2413.71,0.02,25.4,0.99,2247.55,0.98,157.4,,,,,,,2325.219896,1776261890000
1776261892.022,292.022,,,,,0.01,2381.09,0.02,25.4,0.99,2406.09,0.98,25.4,,,,,,,2325.103835,1776261891000
1776261892.312,292.312,,,,,0.01,2346.09,0.02,25.4,0.99,2366.09,0.98,25.4,,,,,,,2325.103835,1776261891000
1776261892.808,292.808,,,,,0.01,2374.4,0.02,25.4,0.99,2330.61,0.98,25.4,,,,,,,2325.103835,1776261891000
1776261893.2,293.2,,,,,0.01,2413.11,0.02,25.4,0.99,2374.4,0.98,25.4,,,,,,,2325.167916,1776261892000
1776261893.929,293.929,,,,,0.01,2439.97,0.02,25.4,0.99,2413.11,0.98,25.4,,,,,,,2325.580898,1776261893000
1776261894.556,294.556,,,,,0.01,4422.3,0.02,25.4,0.99,2439.97,0.98,25.4,,,,,,,2325.580898,1776261893000
1776261897.784,297.784,,,,,0.01,10095.69,0.02,25.4,0.99,4422.3,0.98,25.4,,,,,,,2325.204756,1776261896000
1776261898.616,298.616,,,,,0.01,11020.95,0.02,25.4,0.99,10095.69,0.98,25.4,,,,,,,2325.123529,1776261897000
1776261900.258,300.258,,,,,0.01,54302.36,0.02,138.4,0.99,11020.95,0.98,25.4,,,,,,,2325.139039,1776261898000

# RESULT,winner=Down,slug=eth-updown-5m-1776261600,ticks=456
