timestamp,elapsed_sec,up_bid_p1,up_bid_s1,up_bid_p2,up_bid_s2,up_ask_p1,up_ask_s1,up_ask_p2,up_ask_s2,down_bid_p1,down_bid_s1,down_bid_p2,down_bid_s2,down_ask_p1,down_ask_s1,down_ask_p2,down_ask_s2,up_spread,down_spread,eth_price,eth_oracle_ts
1776288300.711,0.711,0.52,181.36,0.51,16.86,0.6,38.0,0.61,34.0,0.4,38.0,0.39,34.0,0.47,5.0,0.48,197.3,0.08,0.07,2354.0779,1776288299000
1776288300.953,0.953,0.52,14.82,0.51,16.86,0.6,38.0,0.61,34.0,0.4,38.0,0.39,34.0,0.48,35.66,0.49,16.86,0.08,0.08,2354.0779,1776288299000
1776288301.177,1.177,0.52,4.82,0.51,16.86,0.6,38.0,0.61,34.0,0.4,38.0,0.39,34.0,0.48,4.82,0.49,16.86,0.08,0.08,2354.044361,1776288300000
1776288301.758,1.758,0.54,2.82,0.53,5.0,0.59,70.72,0.6,5.0,0.4,22.0,0.39,5.0,0.48,14.82,0.49,32.86,0.05,0.08,2354.044361,1776288300000
1776288302.012,2.012,0.54,0.64,0.53,5.0,0.59,5.0,0.6,16.0,0.41,70.72,0.4,5.0,0.46,2.82,0.47,5.0,0.05,0.05,2354.044361,1776288300000
1776288302.263,2.263,0.53,3.49,0.52,14.82,0.59,5.0,0.6,16.0,0.41,5.0,0.4,16.0,0.46,0.64,0.47,5.0,0.06,0.05,2354.044361,1776288300000
1776288302.541,2.541,0.53,4.06,0.52,19.82,0.54,5.0,0.59,5.0,0.42,13.0,0.41,5.0,0.47,1.36,0.48,14.82,0.01,0.05,2353.945813,1776288301000
1776288303.175,3.175,0.53,11.67,0.52,30.82,0.54,5.0,0.59,5.0,0.46,5.0,0.41,5.0,0.47,4.06,0.48,19.82,0.01,0.01,2353.945813,1776288301000
1776288303.664,3.664,0.53,13.35,0.52,30.82,0.54,20.0,0.55,10.0,0.46,5.0,0.41,5.0,0.47,11.67,0.48,30.82,0.01,0.01,2353.99825,1776288302000
1776288304.012,4.012,0.53,18.35,0.52,45.82,0.54,12.74,0.55,15.0,0.46,20.0,0.45,10.0,0.47,13.35,0.48,30.82,0.01,0.01,2353.99825,1776288302000
1776288304.558,4.558,0.53,18.35,0.52,45.82,0.54,12.74,0.55,15.0,0.46,12.74,0.45,15.0,0.47,18.35,0.48,45.82,0.01,0.01,2354.08177,1776288303000
1776288304.955,4.955,0.53,13.35,0.52,45.82,0.54,16.74,0.55,15.0,0.46,12.74,0.45,15.0,0.47,18.35,0.48,45.82,0.01,0.01,2354.08177,1776288303000
1776288305.304,5.304,0.53,13.35,0.52,30.82,0.54,16.74,0.55,15.0,0.46,16.74,0.45,15.0,0.47,13.35,0.48,45.82,0.01,0.01,2354.082295,1776288304000
1776288305.671,5.671,0.53,13.35,0.52,25.82,0.55,16.74,0.56,21.0,0.46,10.74,0.45,15.0,0.47,13.35,0.48,30.82,0.02,0.01,2354.082295,1776288304000
1776288305.942,5.942,0.53,18.35,0.52,25.82,0.54,15.0,0.55,26.74,0.45,16.74,0.44,21.0,0.47,13.35,0.48,25.82,0.01,0.02,2354.082295,1776288304000
1776288306.186,6.186,0.53,18.35,0.52,25.82,0.54,15.0,0.55,26.74,0.46,15.0,0.45,26.74,0.47,18.35,0.48,25.82,0.01,0.01,2354.17329,1776288305000
1776288306.707,6.707,0.53,3.35,0.52,35.82,0.54,3.88,0.55,26.74,0.46,15.0,0.45,26.74,0.47,18.35,0.48,25.82,0.01,0.01,2354.17329,1776288305000
1776288307.269,7.269,0.53,3.35,0.52,35.82,0.54,3.88,0.55,26.74,0.46,3.88,0.45,26.74,0.47,3.35,0.48,35.82,0.01,0.01,2354.167845,1776288306000
1776288308.4,8.4,0.53,3.35,0.52,35.82,0.54,3.88,0.55,26.74,0.46,3.88,0.45,26.74,0.47,3.35,0.48,35.82,0.01,0.01,2354.134125,1776288307000
1776288308.864,8.864,0.52,40.82,0.51,42.86,0.53,8.11,0.54,25.0,0.46,3.88,0.45,26.74,0.47,3.35,0.48,35.82,0.01,0.01,2354.134125,1776288307000
1776288309.187,9.187,0.52,45.82,0.51,42.86,0.53,7.11,0.54,32.0,0.47,8.11,0.46,25.0,0.48,40.82,0.49,42.86,0.01,0.01,2354.134125,1776288308000
1776288309.893,9.893,0.52,85.82,0.51,42.86,0.53,18.03,0.54,27.0,0.47,7.11,0.46,32.0,0.48,45.82,0.49,42.86,0.01,0.01,2354.134125,1776288308000
1776288310.864,10.864,0.54,20.0,0.53,20.0,0.56,203.0,0.57,21.0,0.45,31.76,0.44,190.0,0.48,85.82,0.49,42.86,0.02,0.03,2354.134125,1776288308000
1776288311.424,11.424,0.55,15.0,0.54,25.0,0.56,220.45,0.57,39.0,0.44,203.0,0.43,21.0,0.46,20.0,0.47,20.0,0.01,0.02,2354.09613,1776288309000
1776288312.471,12.471,0.54,10.0,0.53,15.33,0.56,244.96,0.57,39.0,0.44,54.96,0.43,39.0,0.45,15.0,0.46,25.0,0.02,0.01,2354.088875,1776288311000
1776288313.426,13.426,0.5,24.2,0.49,217.0,0.55,80.5,0.56,213.5,0.44,244.96,0.43,39.0,0.46,10.0,0.47,15.33,0.05,0.02,2354.13483,1776288312000
1776288313.989,13.989,0.46,5.3,0.43,25.0,0.51,365.5,0.52,25.5,0.45,80.5,0.44,213.5,0.5,24.2,0.51,217.0,0.05,0.05,2354.13483,1776288312000
1776288314.424,14.424,0.39,14.9,0.38,26.0,0.4,5.0,0.41,10.0,0.59,10.0,0.57,10.0,0.61,9.9,0.62,10.0,0.01,0.02,2354.135465,1776288313000
1776288315.198,15.198,0.38,1.76,0.37,15.0,0.39,6.0,0.4,10.0,0.54,124.25,0.53,20.5,0.61,8.17,0.62,36.0,0.01,0.07,2354.094465,1776288314000
1776288315.686,15.686,0.38,85.0,0.37,120.0,0.39,15.0,0.4,21.0,0.61,6.0,0.6,10.0,0.62,1.76,0.63,15.0,0.01,0.01,2354.094465,1776288314000
1776288316.228,16.228,0.38,10.0,0.37,95.17,0.39,10.0,0.4,206.0,0.61,15.0,0.6,21.0,0.62,85.0,0.63,120.0,0.01,0.01,2354.094465,1776288314000
1776288316.939,16.939,0.38,43.0,0.37,128.17,0.39,39.0,0.4,216.0,0.61,10.0,0.6,206.0,0.62,10.0,0.63,95.17,0.01,0.01,2353.48855,1776288315000
1776288317.2,17.2,0.38,48.0,0.37,118.17,0.39,117.0,0.4,358.5,0.61,28.0,0.6,351.0,0.62,48.0,0.63,128.17,0.01,0.01,2353.48855,1776288315000
1776288317.416,17.416,0.38,33.0,0.37,38.0,0.39,161.5,0.4,173.5,0.61,117.0,0.6,358.5,0.62,48.0,0.63,118.17,0.01,0.01,2353.23235,1776288316000
1776288317.622,17.622,0.38,10.0,0.37,21.44,0.39,136.5,0.4,161.5,0.61,161.5,0.6,173.5,0.63,26.44,0.64,32.0,0.01,0.02,2353.23235,1776288316000
1776288318.329,18.329,0.35,50.0,0.34,25.0,0.36,15.0,0.37,60.0,0.61,136.5,0.6,161.5,0.62,10.0,0.63,21.44,0.01,0.01,2353.23235,1776288316000
1776288321.475,21.475,0.38,70.75,0.37,210.0,0.39,21.73,0.4,31.0,0.64,15.0,0.63,60.0,0.65,50.0,0.66,25.0,0.01,0.01,2353.053637,1776288320000
1776288323.918,23.918,0.38,70.75,0.37,215.0,0.39,10.87,0.4,32.0,0.61,21.73,0.6,31.0,0.62,70.75,0.63,210.0,0.01,0.01,2353.283455,1776288322000
1776288325.407,25.407,0.39,44.81,0.38,234.37,0.4,21.0,0.41,35.5,0.6,22.0,0.59,22.5,0.62,59.37,0.63,210.0,0.01,0.02,2353.285105,1776288324000
1776288327.73,27.73,0.39,90.27,0.38,245.37,0.4,15.95,0.41,22.0,0.6,21.0,0.59,35.5,0.61,44.81,0.62,234.37,0.01,0.01,2353.30295,1776288326000
1776288328.565,28.565,0.39,57.48,0.38,234.37,0.4,10.95,0.41,22.0,0.6,10.95,0.59,22.0,0.61,90.27,0.62,245.37,0.01,0.01,2353.266355,1776288327000
1776288330.946,30.946,0.39,55.84,0.38,234.37,0.4,10.95,0.41,22.0,0.6,10.95,0.59,22.0,0.61,57.48,0.62,234.37,0.01,0.01,2353.296645,1776288329000
1776288331.151,31.151,0.39,7.0,0.38,25.0,0.4,20.95,0.41,47.5,0.6,10.95,0.59,22.0,0.61,55.84,0.62,234.37,0.01,0.01,2353.296645,1776288329000
1776288332.32,32.32,0.39,73.0,0.38,72.7,0.4,17.8,0.41,42.0,0.6,20.95,0.59,47.5,0.61,7.0,0.62,25.0,0.01,0.01,2353.34905,1776288330000
1776288332.734,32.734,0.39,73.0,0.38,215.0,0.4,12.55,0.41,42.0,0.6,17.8,0.59,42.0,0.61,73.0,0.62,72.7,0.01,0.01,2353.305575,1776288331000
1776288333.469,33.469,0.39,73.0,0.38,215.0,0.4,10.05,0.41,52.5,0.6,12.55,0.59,42.0,0.61,73.0,0.62,215.0,0.01,0.01,2353.305575,1776288331000
1776288335.753,35.753,0.39,79.0,0.38,205.0,0.4,47.55,0.41,47.5,0.6,10.05,0.59,52.5,0.61,73.0,0.62,215.0,0.01,0.01,2353.306145,1776288334000
1776288336.165,36.165,0.39,19.0,0.37,15.0,0.4,352.05,0.41,55.5,0.6,47.55,0.59,47.5,0.61,79.0,0.62,205.0,0.01,0.01,2353.306145,1776288334000
1776288336.73,36.73,0.36,5.0,0.35,60.0,0.38,141.5,0.39,52.5,0.6,367.05,0.59,55.5,0.63,15.0,0.64,5.0,0.02,0.03,2353.3056,1776288335000
1776288337.052,37.052,0.35,65.0,0.34,25.0,0.36,102.0,0.37,10.0,0.62,141.5,0.61,52.5,0.65,60.0,0.66,25.0,0.01,0.03,2353.3056,1776288335000
1776288337.371,37.371,0.35,65.0,0.34,40.0,0.36,70.22,0.37,36.0,0.64,102.0,0.63,10.0,0.65,65.0,0.66,25.0,0.01,0.01,2353.305195,1776288336000
1776288338.53,38.53,0.35,63.93,0.34,220.0,0.36,70.22,0.37,47.0,0.64,70.22,0.63,36.0,0.65,65.0,0.66,40.0,0.01,0.01,2353.12865,1776288337000
1776288338.779,38.779,0.35,7.93,0.34,220.0,0.36,75.22,0.37,47.0,0.64,70.22,0.63,47.0,0.65,18.93,0.66,220.0,0.01,0.01,2353.12865,1776288337000
1776288339.234,39.234,0.35,73.82,0.34,225.0,0.36,70.22,0.37,47.0,0.64,75.22,0.63,47.0,0.65,8.46,0.66,220.0,0.01,0.01,2353.0937,1776288338000
1776288340.097,40.097,0.35,15.0,0.34,220.0,0.38,16.49,0.39,42.5,0.64,70.22,0.63,47.0,0.65,73.82,0.66,225.0,0.03,0.01,2353.0937,1776288338000
1776288341.028,41.028,0.35,13.46,0.34,129.66,0.36,76.0,0.37,20.5,0.62,16.49,0.61,42.5,0.65,15.0,0.66,220.0,0.01,0.03,2353.0937,1776288339000
1776288342.342,42.342,0.35,12.46,0.34,139.66,0.36,62.9,0.37,30.5,0.64,76.0,0.63,20.5,0.65,2.46,0.66,129.66,0.01,0.01,2353.0888,1776288340000
1776288342.73,42.73,0.35,22.46,0.34,129.66,0.36,46.81,0.37,20.5,0.64,62.9,0.63,30.5,0.65,12.46,0.66,139.66,0.01,0.01,2353.088133,1776288341000
1776288343.023,43.023,0.35,278.46,0.34,152.16,0.36,36.81,0.37,5.0,0.64,46.81,0.63,20.5,0.65,22.46,0.66,129.66,0.01,0.01,2353.088133,1776288341000
1776288344.289,44.289,0.35,227.46,0.34,122.49,0.36,31.8,0.37,5.0,0.64,36.81,0.63,5.0,0.65,278.46,0.66,152.16,0.01,0.01,2353.087783,1776288342000
1776288345.52,45.52,0.35,230.92,0.34,110.49,0.36,51.8,0.38,21.0,0.64,31.8,0.63,5.0,0.65,227.46,0.66,122.49,0.01,0.01,2353.172432,1776288344000
1776288346.236,46.236,0.35,225.92,0.34,116.49,0.36,43.55,0.38,21.0,0.64,51.8,0.62,21.0,0.65,230.92,0.66,110.49,0.01,0.01,2353.172432,1776288344000
1776288346.683,46.683,0.35,225.92,0.34,110.49,0.36,40.77,0.38,21.0,0.64,43.55,0.62,21.0,0.65,225.92,0.66,116.49,0.01,0.01,2353.1856,1776288345000
1776288347.748,47.748,0.35,230.92,0.34,99.99,0.36,17.13,0.37,5.0,0.64,40.77,0.62,21.0,0.65,225.92,0.66,110.49,0.01,0.01,2353.217525,1776288346000
1776288349.836,49.836,0.34,10.0,0.33,15.0,0.36,345.5,0.37,46.5,0.64,17.13,0.63,5.0,0.65,230.92,0.66,99.99,0.02,0.01,2353.23001,1776288348000
1776288350.808,50.808,0.32,34.0,0.31,85.0,0.34,120.5,0.35,87.5,0.64,345.5,0.63,46.5,0.66,10.0,0.67,15.0,0.02,0.02,2353.23001,1776288348000
1776288351.121,51.121,0.32,29.0,0.31,90.0,0.33,95.0,0.34,51.82,0.66,111.82,0.65,87.5,0.68,34.0,0.69,90.0,0.01,0.02,2353.2132,1776288349000
1776288352.156,52.156,0.31,25.0,0.3,25.0,0.32,31.39,0.33,71.5,0.67,95.0,0.66,51.82,0.68,29.0,0.69,90.0,0.01,0.01,2353.144747,1776288350000
1776288352.515,52.515,0.28,25.0,0.27,19.0,0.3,110.0,0.31,21.0,0.68,31.39,0.67,71.5,0.69,25.0,0.7,25.0,0.02,0.01,2353.037287,1776288351000
1776288353.274,53.274,0.28,45.14,0.27,24.0,0.29,105.86,0.3,245.5,0.7,110.0,0.69,21.0,0.72,25.0,0.73,19.0,0.01,0.02,2353.037287,1776288351000
1776288354.042,54.042,0.28,15.14,0.27,24.0,0.29,125.86,0.3,65.5,0.71,105.86,0.7,245.5,0.72,45.14,0.73,24.0,0.01,0.01,2352.941719,1776288352000
1776288354.745,54.745,0.28,4.14,0.27,40.0,0.29,141.86,0.3,60.5,0.71,125.86,0.7,65.5,0.72,15.14,0.73,24.0,0.01,0.01,2352.794955,1776288353000
1776288355.226,55.226,0.27,66.0,0.26,165.0,0.28,119.41,0.29,56.86,0.71,141.86,0.7,60.5,0.72,4.14,0.73,40.0,0.01,0.01,2352.7659,1776288354000
1776288357.58,57.58,0.26,110.37,0.25,180.0,0.28,156.91,0.29,257.36,0.72,119.41,0.71,56.86,0.73,66.0,0.74,165.0,0.02,0.01,2352.729231,1776288356000
1776288358.638,58.638,0.26,56.37,0.25,15.0,0.27,172.22,0.28,300.91,0.72,156.91,0.71,257.36,0.74,110.37,0.75,180.0,0.01,0.02,2352.671005,1776288357000
1776288358.955,58.955,0.26,62.37,0.23,10.0,0.27,362.72,0.28,116.91,0.73,172.22,0.72,300.91,0.74,56.37,0.75,15.0,0.01,0.01,2352.671005,1776288357000
1776288359.289,59.289,0.26,3.21,0.24,16.0,0.27,367.72,0.28,116.91,0.73,367.72,0.72,116.91,0.74,8.28,0.77,10.0,0.01,0.01,2352.671005,1776288357000
1776288360.125,60.125,0.25,5.0,0.24,67.99,0.27,382.72,0.28,111.91,0.73,367.72,0.72,116.91,0.74,3.21,0.76,16.0,0.02,0.01,2352.640166,1776288359000
1776288360.605,60.605,0.25,5.0,0.24,5.0,0.26,156.42,0.27,279.72,0.73,382.72,0.72,111.91,0.75,5.0,0.76,67.99,0.01,0.02,2352.640166,1776288359000
1776288360.868,60.868,0.25,3.52,0.24,15.0,0.26,156.42,0.27,257.72,0.74,156.42,0.73,279.72,0.75,5.0,0.76,5.0,0.01,0.01,2352.640166,1776288359000
1776288361.453,61.453,0.23,14.26,0.22,25.0,0.25,155.48,0.26,58.42,0.75,7.48,0.74,161.42,0.76,15.0,0.77,15.0,0.02,0.01,2352.594625,1776288360000
1776288361.984,61.984,0.21,215.0,0.2,10.0,0.23,257.5,0.24,48.5,0.75,155.48,0.74,58.42,0.77,14.26,0.78,25.0,0.02,0.02,2352.594625,1776288360000
1776288362.91,62.91,0.21,3.65,0.2,10.0,0.22,270.5,0.23,193.5,0.78,165.95,0.77,193.5,0.79,28.65,0.8,10.0,0.01,0.01,2352.551155,1776288361000
1776288364.503,64.503,0.21,2.38,0.2,10.0,0.22,477.5,0.23,185.5,0.78,270.5,0.77,193.5,0.79,3.65,0.8,10.0,0.01,0.01,2352.138517,1776288363000
1776288364.966,64.966,0.2,7.35,0.19,10.0,0.22,505.96,0.23,170.5,0.78,477.5,0.77,185.5,0.79,2.38,0.8,10.0,0.02,0.01,2352.138517,1776288363000
1776288366.574,66.574,0.18,50.0,0.17,35.0,0.19,9.65,0.21,184.5,0.79,149.5,0.78,430.42,0.8,1.35,0.81,10.0,0.01,0.01,2351.95074,1776288365000
1776288367.51,67.51,0.17,10.0,0.16,138.0,0.18,223.0,0.19,193.15,0.81,9.65,0.79,184.5,0.82,50.0,0.83,35.0,0.01,0.01,2351.95064,1776288366000
1776288370.707,70.707,0.13,149.65,0.12,72.09,0.15,235.0,0.16,171.5,0.82,223.0,0.81,193.15,0.83,10.0,0.84,138.0,0.02,0.01,2351.795337,1776288369000
1776288372.28,72.28,0.13,237.26,0.12,78.09,0.14,83.0,0.15,162.0,0.85,235.0,0.84,171.5,0.87,149.65,0.88,72.09,0.01,0.02,2351.727011,1776288370000
1776288373.28,73.28,0.13,213.26,0.12,112.19,0.14,75.14,0.15,162.0,0.86,83.0,0.85,162.0,0.87,213.26,0.88,78.09,0.01,0.01,2351.536876,1776288372000
1776288373.719,73.719,0.13,213.26,0.12,112.19,0.14,67.28,0.15,162.0,0.86,75.14,0.85,162.0,0.87,213.26,0.88,112.19,0.01,0.01,2351.536876,1776288372000
1776288374.906,74.906,0.13,182.26,0.12,105.19,0.14,85.28,0.15,62.0,0.86,67.28,0.85,162.0,0.87,213.26,0.88,112.19,0.01,0.01,2351.61424,1776288373000
1776288376.304,76.304,0.13,161.26,0.12,105.19,0.14,82.42,0.15,69.0,0.86,85.28,0.85,62.0,0.87,182.26,0.88,105.19,0.01,0.01,2351.60444,1776288375000
1776288377.175,77.175,0.13,336.56,0.12,161.18,0.14,10.0,0.15,20.0,0.86,82.42,0.85,69.0,0.87,161.26,0.88,105.19,0.01,0.01,2351.608538,1776288376000
1776288377.487,77.487,0.16,66.0,0.15,59.0,0.17,90.0,0.18,46.32,0.82,45.82,0.81,45.0,0.86,10.0,0.87,331.56,0.01,0.04,2351.608538,1776288376000
1776288378.037,78.037,0.16,69.8,0.15,239.0,0.17,78.0,0.18,46.32,0.83,90.0,0.82,46.32,0.84,66.0,0.85,59.0,0.01,0.01,2351.608538,1776288376000
1776288378.824,78.824,0.16,106.8,0.15,304.7,0.17,47.41,0.18,17.82,0.83,76.48,0.82,46.32,0.84,69.8,0.85,239.0,0.01,0.01,2351.608185,1776288377000
1776288379.113,79.113,0.16,326.8,0.15,125.2,0.17,0.41,0.18,25.52,0.83,47.41,0.82,17.82,0.84,106.8,0.85,304.7,0.01,0.01,2351.608185,1776288377000
1776288379.514,79.514,0.16,422.1,0.15,114.7,0.19,20.0,0.2,10.0,0.83,0.41,0.82,25.52,0.84,326.8,0.85,125.2,0.03,0.01,2351.843791,1776288378000
1776288382.192,82.192,0.18,341.0,0.17,159.99,0.19,32.0,0.21,81.84,0.81,20.0,0.8,10.0,0.84,422.1,0.85,114.7,0.01,0.03,2351.910741,1776288380000
1776288383.102,83.102,0.2,88.36,0.19,213.0,0.21,86.84,0.22,163.84,0.79,81.84,0.78,163.84,0.82,341.0,0.83,159.99,0.01,0.03,2352.041488,1776288381000
1776288387.247,87.247,0.2,133.86,0.19,308.4,0.21,87.62,0.22,163.84,0.79,86.84,0.78,163.84,0.8,88.36,0.81,213.0,0.01,0.01,2352.324825,1776288385000
1776288387.584,87.584,0.2,286.36,0.19,128.4,0.21,11.19,0.22,163.84,0.79,76.19,0.78,163.84,0.8,133.86,0.81,308.4,0.01,0.01,2352.324825,1776288385000
1776288388.697,88.697,0.2,436.86,0.19,107.9,0.22,153.84,0.25,15.0,0.79,11.19,0.78,163.84,0.8,286.36,0.81,128.4,0.02,0.01,2352.36735,1776288387000
1776288389.784,89.784,0.21,383.61,0.2,148.35,0.22,115.61,0.26,16.0,0.78,115.61,0.75,25.5,0.79,133.0,0.8,326.35,0.01,0.01,2352.36735,1776288388000
1776288389.999,89.999,0.21,505.6,0.2,145.36,0.26,10.0,0.28,21.0,0.78,115.61,0.74,16.0,0.79,383.61,0.8,148.35,0.05,0.01,2352.36735,1776288388000
1776288390.419,90.419,0.27,55.0,0.26,62.0,0.28,36.5,0.29,15.0,0.74,10.0,0.72,21.0,0.79,505.6,0.8,145.36,0.01,0.05,2352.36735,1776288388000
1776288391.424,91.424,0.27,87.0,0.26,275.0,0.28,6.92,0.29,21.5,0.72,36.5,0.71,15.0,0.73,55.0,0.74,62.0,0.01,0.01,2352.532954,1776288390000
1776288391.69,91.69,0.28,98.0,0.27,307.0,0.29,6.41,0.3,35.5,0.72,6.92,0.71,21.5,0.73,87.0,0.74,275.0,0.01,0.01,2352.532954,1776288390000
1776288392.834,92.834,0.29,57.0,0.28,63.0,0.3,40.5,0.31,35.5,0.7,35.5,0.69,41.5,0.72,93.0,0.73,307.0,0.01,0.02,2352.56945,1776288391000
1776288393.454,93.454,0.29,52.0,0.28,248.0,0.3,25.33,0.31,35.5,0.7,40.5,0.69,35.5,0.71,57.0,0.72,63.0,0.01,0.01,2352.56945,1776288391000
1776288394.804,94.804,0.29,70.59,0.28,243.0,0.3,20.5,0.31,41.5,0.7,25.33,0.69,35.5,0.71,52.0,0.72,248.0,0.01,0.01,2352.775763,1776288393000
1776288395.465,95.465,0.29,58.54,0.28,243.0,0.3,20.5,0.31,41.5,0.7,20.5,0.69,41.5,0.71,70.59,0.72,243.0,0.01,0.01,2352.775763,1776288393000
1776288399.35,99.35,0.26,2.0,0.23,55.0,0.27,31.5,0.28,31.5,0.7,20.5,0.69,41.5,0.71,58.54,0.72,243.0,0.01,0.01,2352.821734,1776288397000
1776288400.702,100.702,0.23,45.5,0.22,222.5,0.27,48.0,0.28,21.0,0.73,56.5,0.72,40.5,0.77,50.0,0.78,5.0,0.04,0.04,2352.87968,1776288399000
1776288403.016,103.016,0.25,51.0,0.24,67.0,0.26,10.0,0.27,26.0,0.73,48.0,0.72,21.0,0.77,45.5,0.78,222.5,0.01,0.04,2352.631748,1776288401000
1776288405.036,105.036,0.27,159.94,0.26,226.0,0.28,16.94,0.29,10.0,0.74,10.0,0.73,26.0,0.75,51.0,0.76,67.0,0.01,0.01,2352.77691,1776288404000
1776288408.226,108.226,0.27,87.88,0.26,206.0,0.28,15.0,0.29,25.5,0.72,16.94,0.71,10.0,0.73,159.94,0.74,226.0,0.01,0.01,2352.91915,1776288407000
1776288409.643,109.643,0.28,89.83,0.27,52.88,0.29,25.5,0.3,31.5,0.72,15.0,0.71,25.5,0.73,87.88,0.74,206.0,0.01,0.01,2352.9192,1776288408000
1776288410.148,110.148,0.28,73.83,0.27,47.88,0.29,8.25,0.3,31.5,0.71,25.5,0.7,31.5,0.72,89.83,0.73,52.88,0.01,0.01,2352.85529,1776288409000
1776288417.047,117.047,0.28,295.0,0.27,71.88,0.3,2.98,0.31,50.6,0.71,8.25,0.7,31.5,0.72,73.83,0.73,47.88,0.02,0.01,2352.86288,1776288415000
1776288420.748,120.748,0.29,75.0,0.28,250.0,0.3,31.5,0.31,45.6,0.7,2.98,0.69,50.6,0.72,295.0,0.73,71.88,0.01,0.02,2352.95705,1776288419000
1776288422.222,122.222,0.29,84.5,0.28,250.0,0.3,31.5,0.31,50.6,0.7,31.5,0.69,45.6,0.71,75.0,0.72,250.0,0.01,0.01,2352.95937,1776288421000
1776288423.74,123.74,0.29,259.5,0.28,80.5,0.3,6.0,0.31,31.0,0.7,31.5,0.69,50.6,0.71,79.5,0.72,250.0,0.01,0.01,2352.983462,1776288422000
1776288424.015,124.015,0.29,264.5,0.28,80.5,0.3,12.0,0.31,31.0,0.7,6.0,0.69,31.0,0.71,259.5,0.72,80.5,0.01,0.01,2352.983462,1776288422000
1776288424.812,124.812,0.32,5.86,0.31,274.0,0.33,40.5,0.34,70.5,0.7,12.0,0.69,31.0,0.71,264.5,0.72,80.5,0.01,0.01,2352.985315,1776288423000
1776288425.89,125.89,0.32,284.86,0.31,69.0,0.33,25.5,0.34,70.5,0.67,40.5,0.66,70.5,0.68,5.86,0.69,274.0,0.01,0.01,2352.98461,1776288424000
1776288429.571,129.571,0.24,9.0,0.23,40.0,0.25,55.5,0.26,84.5,0.67,25.5,0.66,70.5,0.68,284.86,0.69,69.0,0.01,0.01,2352.987065,1776288428000
1776288429.789,129.789,0.22,4.0,0.21,25.5,0.23,54.0,0.24,31.0,0.76,20.0,0.75,55.5,0.77,4.0,0.78,65.0,0.01,0.01,2352.987065,1776288428000
1776288430.795,130.795,0.21,244.5,0.2,136.0,0.22,3.0,0.23,20.0,0.77,54.0,0.76,31.0,0.78,4.0,0.79,25.5,0.01,0.01,2352.669582,1776288429000
1776288432.202,132.202,0.23,62.0,0.22,39.5,0.24,6.0,0.25,45.0,0.76,6.0,0.75,21.0,0.77,22.0,0.78,13.0,0.01,0.01,2352.632732,1776288431000
1776288436.965,136.965,0.23,62.5,0.22,206.5,0.24,3.53,0.25,39.0,0.76,6.0,0.75,45.0,0.77,62.0,0.78,39.5,0.01,0.01,2352.7566,1776288436000
1776288437.251,137.251,0.22,182.87,0.21,68.5,0.24,13.53,0.25,39.0,0.76,3.53,0.75,39.0,0.77,62.5,0.78,206.5,0.02,0.01,2352.7566,1776288436000
1776288438.688,138.688,0.23,5.0,0.22,203.87,0.24,17.28,0.25,54.0,0.76,13.53,0.75,39.0,0.78,182.87,0.79,68.5,0.01,0.02,2352.7442,1776288437000
1776288440.233,140.233,0.23,5.0,0.22,201.0,0.24,26.03,0.25,42.5,0.76,17.28,0.75,54.0,0.77,5.0,0.78,203.87,0.01,0.01,2352.722082,1776288439000
1776288450.152,150.152,0.17,356.44,0.16,75.5,0.21,32.5,0.22,42.5,0.76,26.03,0.75,42.5,0.77,5.0,0.78,201.0,0.04,0.01,2352.720513,1776288449000
1776288451.072,151.072,0.17,121.94,0.16,220.0,0.2,118.5,0.21,41.5,0.8,25.5,0.79,32.5,0.81,27.0,0.82,10.0,0.03,0.01,2352.720513,1776288449000
1776288460.418,160.418,0.17,17.0,0.16,207.0,0.18,54.98,0.19,225.5,0.82,15.0,0.81,25.5,0.83,39.53,0.84,225.0,0.01,0.01,2352.55589,1776288458000
1776288464.002,164.002,0.15,15.0,0.14,25.0,0.16,60.5,0.17,109.5,0.82,54.98,0.81,225.5,0.83,17.0,0.84,207.0,0.01,0.01,2352.53285,1776288462000
1776288465.347,165.347,0.15,10.0,0.14,25.0,0.16,60.5,0.17,86.5,0.84,60.5,0.83,109.5,0.85,15.0,0.86,25.0,0.01,0.01,2352.401709,1776288464000
1776288465.585,165.585,0.14,25.0,0.13,191.8,0.16,81.5,0.17,76.5,0.84,60.5,0.83,86.5,0.85,10.0,0.86,25.0,0.02,0.01,2352.401709,1776288464000
1776288468.469,168.469,0.17,25.0,0.16,15.0,0.19,30.5,0.2,52.49,0.84,81.5,0.83,76.5,0.86,25.0,0.87,191.8,0.02,0.02,2352.3568,1776288466000
1776288471.451,171.451,0.15,134.97,0.14,138.61,0.19,92.42,0.2,218.49,0.81,30.5,0.8,52.49,0.83,25.0,0.84,15.0,0.04,0.02,2352.483976,1776288469000
1776288474.741,174.741,0.16,33.21,0.15,195.0,0.17,10.0,0.18,32.5,0.81,92.42,0.8,218.49,0.85,134.97,0.86,138.61,0.01,0.04,2352.519605,1776288473000
1776288482.82,182.82,0.13,384.8,0.12,140.6,0.15,30.0,0.16,43.5,0.83,10.0,0.82,32.5,0.84,33.21,0.85,195.0,0.02,0.01,2352.474151,1776288481000
1776288483.728,183.728,0.14,183.0,0.13,228.06,0.15,25.0,0.16,33.0,0.85,30.0,0.84,43.5,0.87,384.8,0.88,140.6,0.01,0.02,2352.503336,1776288482000
1776288491.423,191.423,0.14,378.99,0.13,233.26,0.15,19.23,0.17,10.0,0.85,25.0,0.84,33.0,0.86,183.0,0.87,228.06,0.01,0.01,2352.486245,1776288490000
1776288491.942,191.942,0.14,400.99,0.13,233.26,0.15,1.23,0.17,10.0,0.85,19.23,0.83,10.0,0.86,378.99,0.87,233.26,0.01,0.01,2352.486245,1776288490000
1776288494.847,194.847,0.22,377.21,0.21,101.49,0.25,25.0,0.26,50.0,0.79,25.0,0.78,20.0,0.84,50.0,0.85,37.0,0.03,0.05,2353.03132,1776288493000
1776288495.604,195.604,0.31,10.0,0.3,66.56,0.33,71.5,0.34,102.5,0.75,25.0,0.74,50.0,0.78,377.21,0.79,101.49,0.02,0.03,2353.03132,1776288493000
1776288495.901,195.901,0.32,15.0,0.31,15.0,0.33,93.5,0.34,97.5,0.67,71.5,0.66,102.5,0.69,10.0,0.7,66.56,0.01,0.02,2353.18784,1776288494000
1776288496.559,196.559,0.32,195.0,0.31,84.5,0.33,12.0,0.34,20.0,0.67,93.5,0.66,97.5,0.68,15.0,0.69,15.0,0.01,0.01,2353.18784,1776288494000
1776288497.289,197.289,0.34,25.0,0.33,20.0,0.35,30.01,0.36,80.5,0.66,20.0,0.65,55.5,0.68,195.0,0.69,84.5,0.01,0.02,2353.230259,1776288496000
1776288498.137,198.137,0.34,16.36,0.33,42.0,0.35,15.5,0.36,80.5,0.65,30.01,0.64,80.5,0.66,25.0,0.67,20.0,0.01,0.01,2353.230259,1776288496000
1776288501.797,201.797,0.33,4.0,0.32,190.0,0.34,20.5,0.35,59.0,0.65,3.5,0.64,80.5,0.66,16.36,0.67,42.0,0.01,0.01,2353.52265,1776288500000
1776288502.803,202.803,0.33,1.53,0.32,185.0,0.34,67.5,0.35,34.0,0.66,20.5,0.65,59.0,0.67,4.0,0.68,190.0,0.01,0.01,2353.483185,1776288501000
1776288505.298,205.298,0.32,197.79,0.31,75.0,0.33,55.5,0.34,42.5,0.66,67.5,0.65,34.0,0.67,1.53,0.68,185.0,0.01,0.01,2353.424983,1776288504000
1776288506.702,206.702,0.32,192.79,0.31,90.0,0.33,30.19,0.34,59.5,0.67,55.5,0.66,42.5,0.68,197.79,0.69,75.0,0.01,0.01,2353.43295,1776288505000
1776288508.703,208.703,0.32,192.79,0.31,85.0,0.34,65.5,0.35,40.0,0.67,30.19,0.66,59.5,0.68,192.79,0.69,90.0,0.02,0.01,2353.430025,1776288507000
1776288509.988,209.988,0.33,47.5,0.32,35.5,0.34,17.0,0.35,33.5,0.66,65.5,0.65,40.0,0.68,192.79,0.69,85.0,0.01,0.02,2353.434085,1776288508000
1776288510.462,210.462,0.34,82.5,0.33,52.5,0.35,4.5,0.36,75.0,0.65,28.5,0.64,112.5,0.66,10.0,0.67,52.5,0.01,0.01,2353.4353,1776288509000
1776288510.732,210.732,0.35,68.0,0.34,252.5,0.36,5.0,0.37,29.49,0.64,75.0,0.63,30.0,0.65,6.5,0.66,82.5,0.01,0.01,2353.4353,1776288509000
1776288511.124,211.124,0.37,159.69,0.36,132.5,0.38,25.0,0.39,120.99,0.64,5.0,0.63,29.49,0.65,68.0,0.66,252.5,0.01,0.01,2353.4353,1776288509000
1776288511.754,211.754,0.38,66.0,0.37,175.01,0.4,9.5,0.41,15.5,0.62,25.0,0.61,120.99,0.63,156.51,0.64,132.5,0.02,0.01,2353.458335,1776288510000
1776288512.175,212.175,0.39,78.0,0.38,241.5,0.4,9.5,0.41,15.5,0.6,9.5,0.59,15.5,0.62,66.0,0.63,175.01,0.01,0.02,2353.458335,1776288510000
1776288512.771,212.771,0.4,225.0,0.39,44.25,0.42,60.5,0.43,15.5,0.6,9.5,0.59,15.5,0.61,64.75,0.62,246.5,0.02,0.01,2353.497225,1776288511000
1776288514.364,214.364,0.42,43.78,0.41,231.5,0.43,5.0,0.44,70.5,0.58,55.5,0.57,15.5,0.59,11.94,0.6,215.0,0.01,0.01,2353.72805,1776288513000
1776288515.099,215.099,0.42,237.78,0.41,106.5,0.44,60.0,0.45,60.0,0.57,5.0,0.56,70.5,0.58,43.78,0.59,231.5,0.02,0.01,2353.72805,1776288513000
1776288515.517,215.517,0.44,15.0,0.43,15.0,0.46,13.0,0.47,28.93,0.55,10.0,0.54,13.0,0.58,244.78,0.59,106.5,0.02,0.03,2353.73275,1776288514000
1776288516.247,216.247,0.45,219.0,0.44,25.0,0.47,19.93,0.48,30.0,0.54,2.0,0.53,28.93,0.56,15.0,0.57,15.0,0.02,0.02,2353.75127,1776288515000
1776288517.331,217.331,0.46,10.0,0.45,200.82,0.48,10.07,0.5,11.0,0.52,47.0,0.51,5.0,0.55,200.82,0.56,21.0,0.02,0.03,2353.75966,1776288516000
1776288517.581,217.581,0.47,5.0,0.46,97.0,0.54,0.68,0.55,5.0,0.52,10.07,0.5,11.0,0.54,10.0,0.55,200.82,0.07,0.02,2353.75966,1776288516000
1776288517.972,217.972,0.54,1.0,0.53,207.0,0.56,5.0,0.57,15.0,0.46,0.68,0.44,12.0,0.53,15.0,0.54,107.0,0.02,0.07,2353.75966,1776288516000
1776288518.489,218.489,0.54,31.0,0.53,222.0,0.55,5.4,0.56,10.5,0.43,3.31,0.42,5.0,0.46,1.0,0.47,207.0,0.01,0.03,2353.764466,1776288517000
1776288518.881,218.881,0.54,34.0,0.53,222.0,0.56,1.62,0.57,3.31,0.45,5.4,0.44,10.5,0.46,1.6,0.47,222.0,0.02,0.01,2353.764466,1776288517000
1776288520.398,220.398,0.56,69.0,0.55,33.21,0.57,25.05,0.58,16.0,0.43,2.55,0.42,5.0,0.45,11.21,0.46,34.0,0.01,0.02,2354.133465,1776288519000
1776288520.709,220.709,0.56,58.0,0.55,22.21,0.57,4.5,0.58,5.0,0.43,25.05,0.42,16.0,0.44,69.0,0.45,33.21,0.01,0.01,2354.133465,1776288519000
1776288522.669,222.669,0.56,53.0,0.55,22.21,0.57,14.33,0.58,16.0,0.43,4.5,0.42,5.0,0.44,58.0,0.45,22.21,0.01,0.01,2354.13583,1776288521000
1776288523.028,223.028,0.56,58.0,0.55,22.21,0.57,13.1,0.58,16.0,0.43,14.33,0.42,16.0,0.44,53.0,0.45,22.21,0.01,0.01,2354.13583,1776288521000
1776288525.094,225.094,0.56,11.0,0.55,26.0,0.57,34.5,0.58,49.5,0.42,14.46,0.41,21.0,0.43,10.0,0.44,53.0,0.01,0.01,2354.139205,1776288523000
1776288525.35,225.35,0.56,1.83,0.55,20.0,0.57,225.5,0.58,15.5,0.43,215.5,0.42,15.5,0.44,8.04,0.45,26.0,0.01,0.01,2354.15175,1776288524000
1776288526.058,226.058,0.55,6.83,0.54,26.0,0.57,205.0,0.58,15.5,0.43,225.5,0.42,15.5,0.44,1.83,0.45,20.0,0.02,0.01,2354.15175,1776288524000
1776288526.272,226.272,0.56,5.0,0.55,6.6,0.57,210.0,0.58,15.5,0.43,215.0,0.42,15.5,0.45,6.6,0.46,26.0,0.01,0.02,2354.15175,1776288524000
1776288526.539,226.539,0.56,10.0,0.55,6.6,0.57,166.75,0.58,15.5,0.43,191.75,0.42,15.5,0.44,5.0,0.45,6.6,0.01,0.01,2354.21535,1776288525000
1776288526.865,226.865,0.56,10.0,0.55,6.6,0.57,144.41,0.58,25.5,0.43,161.75,0.42,25.5,0.44,10.0,0.45,6.6,0.01,0.01,2354.21535,1776288525000
1776288527.288,227.288,0.56,128.5,0.55,17.1,0.58,10.0,0.59,107.0,0.43,144.41,0.42,25.5,0.44,10.0,0.45,6.6,0.02,0.01,2354.209,1776288526000
1776288528.022,228.022,0.59,54.84,0.58,40.5,0.61,23.0,0.62,5.0,0.42,10.0,0.41,107.0,0.44,128.5,0.45,17.1,0.02,0.02,2354.13955,1776288527000
1776288528.332,228.332,0.6,81.75,0.59,239.84,0.61,17.91,0.62,12.0,0.39,23.0,0.38,5.0,0.4,32.25,0.41,239.84,0.01,0.01,2354.13955,1776288527000
1776288528.684,228.684,0.6,315.0,0.59,63.84,0.61,10.71,0.62,12.0,0.39,17.91,0.38,12.0,0.4,79.0,0.41,239.84,0.01,0.01,2354.13955,1776288527000
1776288529.243,229.243,0.61,71.0,0.6,254.83,0.62,5.0,0.64,10.0,0.38,5.0,0.35,35.5,0.39,76.0,0.4,264.83,0.01,0.01,2354.16625,1776288528000
1776288530.301,230.301,0.61,3.02,0.6,25.33,0.62,47.0,0.63,12.0,0.38,5.0,0.36,10.0,0.39,71.0,0.4,254.83,0.01,0.01,2354.26526,1776288529000
1776288530.695,230.695,0.54,8.54,0.52,35.0,0.62,47.0,0.63,12.0,0.38,47.0,0.37,12.0,0.4,0.33,0.45,60.0,0.08,0.02,2354.26526,1776288529000
1776288531.274,231.274,0.47,50.0,0.46,10.0,0.5,0.11,0.52,5.0,0.38,55.99,0.37,12.0,0.51,100.0,0.52,25.0,0.03,0.13,2354.26526,1776288529000
1776288531.864,231.864,0.45,50.0,0.44,10.0,0.46,30.29,0.47,54.0,0.45,52.11,0.44,55.0,0.53,50.0,0.54,10.0,0.01,0.08,2354.102517,1776288530000
1776288532.871,232.871,0.42,10.0,0.41,90.0,0.43,3.18,0.44,10.0,0.54,30.29,0.53,54.0,0.55,50.0,0.56,10.0,0.01,0.01,2354.102517,1776288530000
1776288533.27,233.27,0.41,70.44,0.4,55.0,0.42,10.0,0.43,10.0,0.57,3.18,0.56,10.0,0.58,10.0,0.59,90.0,0.01,0.01,2353.83855,1776288531000
1776288534.446,234.446,0.41,95.19,0.4,235.0,0.42,12.0,0.43,17.0,0.58,10.0,0.57,10.0,0.59,70.44,0.6,55.0,0.01,0.01,2353.856801,1776288533000
1776288535.138,235.138,0.41,57.9,0.4,235.0,0.42,7.0,0.43,17.0,0.58,12.0,0.57,17.0,0.59,95.19,0.6,235.0,0.01,0.01,2353.856801,1776288533000
1776288535.514,235.514,0.41,263.4,0.4,45.0,0.42,7.0,0.43,7.0,0.58,7.0,0.57,17.0,0.59,57.9,0.6,235.0,0.01,0.01,2353.881292,1776288534000
1776288536.478,236.478,0.42,205.5,0.41,100.02,0.43,2.67,0.44,34.0,0.57,7.0,0.56,18.0,0.59,263.4,0.6,45.0,0.01,0.02,2353.881292,1776288534000
1776288537.4,237.4,0.42,200.32,0.41,100.02,0.43,7.67,0.44,34.0,0.57,2.67,0.56,34.0,0.58,205.5,0.59,100.02,0.01,0.01,2353.881305,1776288536000
1776288537.684,237.684,0.42,201.87,0.41,95.02,0.43,2.67,0.44,34.0,0.57,7.67,0.56,34.0,0.58,200.32,0.59,100.02,0.01,0.01,2353.881305,1776288536000
1776288538.011,238.011,0.43,10.5,0.42,205.5,0.44,41.5,0.45,15.0,0.57,2.67,0.56,34.0,0.58,201.87,0.59,95.02,0.01,0.01,2353.881305,1776288536000
1776288538.953,238.953,0.43,72.67,0.42,35.5,0.44,12.96,0.45,27.0,0.56,41.5,0.55,15.0,0.57,10.5,0.58,205.5,0.01,0.01,2353.951525,1776288537000
1776288540.457,240.457,0.43,40.88,0.42,20.0,0.44,22.05,0.45,27.0,0.56,12.96,0.55,27.0,0.57,72.67,0.58,35.5,0.01,0.01,2353.914899,1776288539000
1776288540.969,240.969,0.43,321.88,0.42,32.0,0.45,12.0,0.53,30.0,0.56,22.05,0.55,27.0,0.57,40.88,0.58,20.0,0.02,0.01,2353.914899,1776288539000
1776288541.419,241.419,0.52,15.91,0.51,10.0,0.53,35.0,0.54,5.0,0.47,30.0,0.46,8.99,0.56,0.17,0.57,321.88,0.01,0.09,2353.914899,1776288539000
1776288543.378,243.378,0.51,10.0,0.5,15.0,0.53,36.34,0.54,5.0,0.47,20.34,0.46,5.0,0.48,20.91,0.49,10.0,0.02,0.01,2353.93915,1776288542000
1776288543.596,243.596,0.5,5.0,0.49,42.0,0.51,18.84,0.52,20.0,0.49,13.64,0.48,20.0,0.5,5.0,0.51,42.0,0.01,0.01,2353.93915,1776288542000
1776288543.957,243.957,0.49,20.0,0.48,20.0,0.5,3.28,0.51,15.0,0.49,18.84,0.48,15.0,0.52,15.0,0.53,26.0,0.01,0.03,2353.93915,1776288542000
1776288544.342,244.342,0.49,16.07,0.48,20.0,0.51,23.28,0.52,10.0,0.49,13.28,0.48,10.0,0.51,25.0,0.52,20.0,0.02,0.02,2353.93915,1776288542000
1776288544.716,244.716,0.38,69.46,0.37,25.4,0.5,26.0,0.51,206.0,0.49,23.28,0.48,10.0,0.51,16.07,0.52,20.0,0.12,0.02,2354.08367,1776288543000
1776288545.781,245.781,0.46,20.53,0.45,12.0,0.47,31.45,0.48,15.0,0.5,26.0,0.49,206.0,0.62,69.46,0.63,25.4,0.01,0.12,2354.06875,1776288544000
1776288547.038,247.038,0.45,9.48,0.43,17.0,0.47,31.45,0.48,15.0,0.53,31.45,0.52,15.0,0.54,20.53,0.55,12.0,0.02,0.01,2354.0233,1776288545000
1776288548.238,248.238,0.45,24.48,0.44,17.0,0.46,5.14,0.47,25.45,0.53,31.45,0.52,15.0,0.55,9.48,0.57,17.0,0.01,0.02,2353.978077,1776288547000
1776288548.732,248.732,0.45,9.48,0.44,17.0,0.46,15.14,0.47,25.45,0.54,5.14,0.53,25.45,0.55,24.48,0.56,17.0,0.01,0.01,2353.978077,1776288547000
1776288549.41,249.41,0.44,12.91,0.43,81.89,0.46,16.87,0.47,25.45,0.54,22.87,0.53,25.45,0.55,4.48,0.56,17.0,0.02,0.01,2354.015767,1776288548000
1776288550.362,250.362,0.37,39.9,0.36,35.0,0.38,10.0,0.39,21.0,0.54,16.87,0.53,25.45,0.56,12.91,0.57,81.89,0.01,0.02,2354.043395,1776288549000
1776288550.8,250.8,0.37,54.17,0.36,25.0,0.38,13.21,0.39,21.0,0.62,16.53,0.61,21.0,0.63,44.9,0.64,35.0,0.01,0.01,2354.043395,1776288549000
1776288551.351,251.351,0.37,60.62,0.36,25.0,0.38,7.84,0.39,21.0,0.62,7.84,0.61,21.0,0.63,59.17,0.64,25.0,0.01,0.01,2353.990636,1776288550000
1776288552.477,252.477,0.5,0.81,0.49,10.0,0.51,50.0,0.53,50.0,0.62,7.84,0.61,21.0,0.63,13.95,0.64,25.0,0.01,0.01,2354.020685,1776288551000
1776288552.756,252.756,0.49,4.83,0.48,10.0,0.51,23.0,0.52,10.0,0.49,39.39,0.48,23.0,0.5,10.81,0.51,20.0,0.02,0.01,2354.020685,1776288551000
1776288552.958,252.958,0.5,15.0,0.49,184.83,0.51,12.48,0.53,20.0,0.49,25.74,0.48,5.0,0.5,15.0,0.51,184.83,0.01,0.01,2354.020685,1776288551000
1776288553.452,253.452,0.51,5.0,0.5,5.0,0.54,56.0,0.55,105.0,0.49,12.48,0.47,20.0,0.5,15.0,0.51,184.83,0.03,0.01,2353.934002,1776288552000
1776288554.46,254.46,0.51,5.0,0.5,5.0,0.52,21.32,0.53,200.0,0.48,10.0,0.47,15.0,0.49,5.0,0.5,5.0,0.01,0.01,2354.0666,1776288553000
1776288554.805,254.805,0.48,5.0,0.47,5.0,0.49,19.85,0.5,15.0,0.48,20.0,0.47,195.0,0.52,5.0,0.53,5.0,0.01,0.04,2354.0666,1776288553000
1776288555.446,255.446,0.44,42.51,0.43,15.0,0.45,5.75,0.46,10.0,0.51,19.85,0.5,15.0,0.56,37.51,0.57,15.0,0.01,0.05,2354.09451,1776288554000
1776288557.398,257.398,0.42,9.41,0.41,235.0,0.43,26.0,0.44,25.0,0.55,5.75,0.54,10.0,0.56,42.51,0.57,15.0,0.01,0.01,2354.08775,1776288556000
1776288559.194,259.194,0.42,9.41,0.41,235.0,0.43,17.44,0.44,15.0,0.57,26.0,0.56,25.0,0.58,9.41,0.59,235.0,0.01,0.01,2353.952968,1776288558000
1776288559.444,259.444,0.42,4.41,0.41,235.0,0.43,40.44,0.44,15.0,0.57,17.44,0.56,15.0,0.58,9.41,0.59,235.0,0.01,0.01,2353.952968,1776288558000
1776288561.168,261.168,0.41,190.0,0.4,5.0,0.42,13.61,0.43,30.44,0.58,16.0,0.57,30.44,0.59,224.41,0.6,5.0,0.01,0.01,2353.955467,1776288559000
1776288562.543,262.543,0.41,190.0,0.38,10.0,0.42,8.61,0.43,40.44,0.58,13.61,0.57,30.44,0.59,190.0,0.6,5.0,0.01,0.01,2353.967498,1776288561000
1776288564.543,264.543,0.41,187.45,0.38,10.0,0.42,8.61,0.43,40.44,0.58,8.61,0.57,40.44,0.59,190.0,0.62,10.0,0.01,0.01,2353.946284,1776288563000
1776288565.236,265.236,0.41,177.45,0.38,10.0,0.42,8.61,0.43,30.44,0.58,8.61,0.57,40.44,0.59,187.45,0.62,10.0,0.01,0.01,2353.946284,1776288564000
1776288565.881,265.881,0.41,2.45,0.38,10.0,0.42,18.61,0.43,30.44,0.58,8.61,0.57,30.44,0.59,177.45,0.62,10.0,0.01,0.01,2353.946284,1776288564000
1776288571.983,271.983,0.41,0.75,0.4,10.0,0.42,18.61,0.43,35.44,0.58,18.61,0.57,30.44,0.59,0.75,0.62,10.0,0.01,0.01,2353.924066,1776288570000
1776288572.634,272.634,0.41,0.75,0.4,10.0,0.42,17.61,0.43,35.44,0.58,15.0,0.57,35.44,0.59,0.75,0.6,10.0,0.01,0.01,2353.939737,1776288571000
1776288573.388,273.388,0.4,2.4,0.39,21.0,0.42,27.61,0.43,30.44,0.58,17.61,0.57,35.44,0.59,0.75,0.6,10.0,0.02,0.01,2353.919562,1776288572000
1776288574.048,274.048,0.39,21.0,0.38,21.0,0.4,5.0,0.41,42.0,0.58,27.61,0.57,30.44,0.6,2.4,0.61,21.0,0.01,0.02,2353.974003,1776288573000
1776288575.069,275.069,0.39,26.0,0.38,21.0,0.4,9.25,0.41,32.0,0.6,5.0,0.59,42.0,0.61,21.0,0.62,21.0,0.01,0.01,2353.970203,1776288574000
1776288577.097,277.097,0.35,20.0,0.34,30.0,0.36,164.41,0.37,18.0,0.6,9.25,0.59,32.0,0.61,26.0,0.62,21.0,0.01,0.01,2353.965191,1776288575000
1776288577.321,277.321,0.26,53.54,0.25,80.0,0.27,10.0,0.28,1.84,0.72,1.84,0.68,34.71,0.74,61.0,0.75,75.0,0.01,0.02,2353.959777,1776288576000
1776288577.534,277.534,0.22,5.0,0.21,10.0,0.25,16.0,0.26,65.23,0.74,65.23,0.73,131.0,0.76,5.0,0.78,95.0,0.03,0.02,2353.959777,1776288576000
1776288577.867,277.867,0.15,50.0,0.14,10.0,0.2,55.0,0.21,24.0,0.8,6.0,0.79,19.0,0.81,21.44,0.82,41.0,0.05,0.01,2353.959777,1776288576000
1776288578.156,278.156,0.13,241.0,0.12,110.09,0.16,0.62,0.17,10.0,0.84,0.62,0.83,10.0,0.85,33.19,0.86,10.0,0.03,0.01,2353.970595,1776288577000
1776288578.408,278.408,0.13,259.0,0.12,100.09,0.18,13.0,0.19,15.0,0.82,8.0,0.81,15.0,0.84,2.6,0.85,6.73,0.05,0.02,2353.970595,1776288577000
1776288578.702,278.702,0.13,61.0,0.12,124.09,0.15,1.89,0.16,10.0,0.85,1.89,0.84,10.0,0.87,259.0,0.88,100.09,0.02,0.02,2353.970595,1776288577000
1776288579.238,279.238,0.13,11.0,0.12,124.09,0.14,5.0,0.15,6.89,0.85,1.89,0.84,10.0,0.87,61.0,0.88,124.09,0.01,0.02,2353.791628,1776288578000
1776288579.539,279.539,0.13,0.31,0.12,99.09,0.14,5.0,0.15,6.89,0.86,10.0,0.85,1.89,0.87,5.31,0.88,124.09,0.01,0.01,2353.791628,1776288578000
1776288579.85,279.85,0.12,107.5,0.11,75.0,0.13,0.3,0.14,4.28,0.86,4.28,0.85,6.89,0.88,99.09,0.89,75.0,0.01,0.02,2353.791628,1776288578000
1776288580.564,280.564,0.12,46.57,0.11,95.0,0.17,14.03,0.18,35.0,0.69,61.77,0.68,21.0,0.88,112.5,0.89,75.0,0.05,0.19,2353.6428,1776288579000
1776288581.057,281.057,0.12,6.57,0.11,95.0,0.17,14.03,0.18,35.0,0.83,14.03,0.82,35.0,0.88,46.57,0.89,95.0,0.05,0.05,2353.6428,1776288580000
1776288581.388,281.388,0.11,104.18,0.1,55.0,0.17,14.03,0.18,35.0,0.83,14.03,0.82,35.0,0.88,6.57,0.89,95.0,0.06,0.05,2353.6428,1776288580000
1776288581.706,281.706,0.11,79.18,0.1,55.0,0.17,14.03,0.18,35.0,0.83,14.03,0.82,35.0,0.89,104.18,0.9,55.0,0.06,0.06,2353.6428,1776288580000
1776288581.918,281.918,0.11,48.07,0.1,78.0,0.12,10.0,0.17,14.03,0.83,14.03,0.82,35.0,0.89,79.18,0.9,55.0,0.01,0.06,2353.6428,1776288580000
1776288582.363,282.363,0.11,48.07,0.1,78.0,0.17,44.03,0.18,5.0,0.83,14.03,0.82,45.0,0.89,48.07,0.9,78.0,0.06,0.06,2353.64285,1776288581000
1776288582.683,282.683,0.11,19.05,0.1,78.0,0.13,5.0,0.17,39.03,0.88,10.0,0.83,44.03,0.89,14.05,0.9,78.0,0.02,0.01,2353.64285,1776288581000
1776288583.522,283.522,0.1,8.98,0.09,127.0,0.11,10.0,0.12,10.0,0.88,5.0,0.87,5.0,0.89,8.43,0.9,78.0,0.01,0.01,2353.6429,1776288582000
1776288583.834,283.834,0.09,102.0,0.08,125.0,0.11,4.09,0.12,15.0,0.89,10.0,0.88,10.0,0.9,8.98,0.91,127.0,0.02,0.01,2353.6429,1776288582000
1776288584.101,284.101,0.09,16.79,0.08,100.0,0.1,10.0,0.11,4.09,0.9,10.0,0.89,4.09,0.91,16.7,0.92,100.0,0.01,0.01,2353.6429,1776288583000
1776288584.731,284.731,0.08,145.0,0.07,25.0,0.11,10.0,0.12,3.08,0.88,8.08,0.84,80.0,0.91,16.79,0.92,100.0,0.03,0.03,2353.6429,1776288583000
1776288585.062,285.062,0.08,140.0,0.07,25.0,0.1,9.8,0.11,10.0,0.89,10.0,0.88,3.08,0.92,145.0,0.93,25.0,0.02,0.03,2353.6429,1776288583000
1776288585.396,285.396,0.08,90.0,0.07,25.0,0.1,5.3,0.11,10.0,0.9,9.8,0.89,10.0,0.92,140.0,0.93,25.0,0.02,0.02,2353.6479,1776288584000
1776288585.7,285.7,0.08,90.0,0.07,25.0,0.1,3.8,0.11,10.0,0.9,5.3,0.89,10.0,0.92,90.0,0.93,25.0,0.02,0.02,2353.6479,1776288584000
1776288586.031,286.031,0.08,55.0,0.07,67.0,0.09,0.55,0.1,3.8,0.9,3.8,0.89,10.0,0.92,90.0,0.93,25.0,0.01,0.02,2353.6479,1776288584000
1776288586.348,286.348,0.08,60.0,0.07,67.0,0.1,3.8,0.11,10.0,0.91,0.55,0.9,3.8,0.92,55.0,0.93,67.0,0.02,0.01,2353.6479,1776288584000
1776288586.959,286.959,0.08,5.0,0.07,67.0,0.1,3.3,0.11,10.0,0.9,3.8,0.89,10.0,0.92,60.0,0.93,67.0,0.02,0.02,2353.66847,1776288585000
1776288587.555,287.555,0.08,5.0,0.06,201.59,0.1,7.8,0.11,10.0,0.9,3.3,0.89,10.0,0.92,5.0,0.93,67.0,0.02,0.02,2353.6376,1776288586000
1776288588.165,288.165,0.08,3.91,0.06,201.59,0.1,7.8,0.11,10.0,0.91,15.0,0.9,7.8,0.92,3.91,0.94,201.59,0.02,0.01,2353.6452,1776288587000
1776288588.419,288.419,0.06,201.59,0.05,190.0,0.09,20.0,0.1,7.8,0.9,7.8,0.89,10.0,0.92,3.91,0.94,201.59,0.03,0.02,2353.6452,1776288587000
1776288588.793,288.793,0.06,206.59,0.05,190.0,0.07,35.42,0.08,10.0,0.91,20.0,0.9,7.8,0.94,201.59,0.95,190.0,0.01,0.03,2353.6452,1776288587000
1776288589.145,289.145,0.06,154.59,0.05,190.0,0.07,23.42,0.08,10.0,0.93,35.42,0.92,10.0,0.94,206.59,0.95,190.0,0.01,0.01,2353.6452,1776288587000
1776288589.385,289.385,0.06,149.59,0.05,190.0,0.08,10.0,0.09,10.0,0.93,23.42,0.92,10.0,0.94,154.59,0.95,190.0,0.02,0.01,2353.571394,1776288588000
1776288589.686,289.686,0.06,154.59,0.05,190.0,0.09,6.66,0.1,7.8,0.92,10.0,0.91,10.0,0.94,149.59,0.95,190.0,0.03,0.02,2353.571394,1776288588000
1776288589.98,289.98,0.07,5.0,0.06,149.59,0.08,9.5,0.09,11.66,0.91,6.66,0.9,7.8,0.94,154.59,0.95,190.0,0.01,0.03,2353.571394,1776288588000
1776288590.729,290.729,0.07,2.7,0.06,149.59,0.08,19.5,0.09,11.66,0.92,9.5,0.91,11.66,0.93,5.0,0.94,149.59,0.01,0.01,2353.566878,1776288589000
1776288591.363,291.363,0.07,2.7,0.06,124.59,0.09,14.99,0.1,15.31,0.92,0.5,0.91,11.66,0.93,2.7,0.94,149.59,0.02,0.01,2353.565486,1776288590000
1776288591.963,291.963,0.07,2.7,0.06,124.59,0.09,41.32,0.1,28.31,0.91,14.99,0.9,15.31,0.93,2.7,0.94,124.59,0.02,0.02,2353.565486,1776288590000
1776288592.565,292.565,0.07,2.7,0.06,124.59,0.08,11.0,0.09,42.84,0.91,41.32,0.9,28.31,0.93,2.7,0.94,124.59,0.01,0.02,2353.555263,1776288591000
1776288593.156,293.156,0.06,133.13,0.05,190.0,0.09,35.05,0.1,2.8,0.92,15.0,0.91,41.5,0.94,111.3,0.95,190.0,0.03,0.02,2353.626315,1776288592000
1776288593.759,293.759,0.06,28.13,0.05,200.0,0.09,54.5,0.1,7.8,0.91,35.05,0.9,2.8,0.94,133.13,0.95,190.0,0.03,0.03,2353.626315,1776288592000
1776288594.382,294.382,0.05,145.2,0.04,110.0,0.06,9.75,0.07,41.51,0.94,6.87,0.92,10.0,0.95,200.0,0.96,110.0,0.01,0.01,2353.566702,1776288593000
1776288595.011,295.011,0.05,119.03,0.04,110.0,0.06,135.26,0.07,56.51,0.94,9.75,0.93,41.51,0.95,145.2,0.96,110.0,0.01,0.01,2353.566702,1776288593000
1776288595.632,295.632,0.04,39.28,0.03,266.0,0.05,86.51,0.06,111.75,0.94,172.26,0.93,56.51,0.96,49.03,0.97,266.0,0.01,0.02,2353.560192,1776288594000
1776288595.969,295.969,0.03,224.23,0.02,282.0,0.04,53.51,0.05,76.0,0.95,86.51,0.94,111.75,0.97,239.23,0.98,282.0,0.01,0.02,2353.560192,1776288594000
1776288596.337,296.337,0.03,191.92,0.02,282.0,0.04,71.51,0.05,76.0,0.96,53.51,0.95,76.0,0.97,197.23,0.98,282.0,0.01,0.01,2353.560192,1776288595000
1776288596.569,296.569,0.03,21.64,0.02,270.0,0.04,104.51,0.05,81.0,0.96,104.51,0.95,76.0,0.97,31.75,0.98,270.0,0.01,0.01,2353.560192,1776288595000
1776288596.971,296.971,0.02,189.48,0.01,2100.0,0.03,48.51,0.04,122.51,0.96,104.51,0.95,81.0,0.98,239.59,0.99,2000.0,0.01,0.02,2353.560192,1776288595000
1776288597.175,297.175,0.02,77.21,0.01,2100.0,0.03,15.0,0.04,117.51,0.97,15.0,0.96,117.51,0.98,179.26,0.99,2100.0,0.01,0.01,2353.506922,1776288596000
1776288597.388,297.388,0.02,3.22,0.01,2100.0,0.03,15.0,0.04,117.51,0.97,15.0,0.96,117.51,0.98,67.1,0.99,2100.0,0.01,0.01,2353.506922,1776288596000
1776288597.593,297.593,0.01,865.42,,,0.02,137.0,0.03,15.0,0.98,137.0,0.97,15.0,0.99,876.91,,,0.01,0.01,2353.506922,1776288596000
1776288597.809,297.809,0.01,620.4,,,0.02,142.0,0.03,15.0,0.98,142.0,0.97,15.0,0.99,622.43,,,0.01,0.01,2353.506922,1776288596000
1776288598.066,298.066,0.01,479.79,,,0.02,140.02,0.03,81.51,0.98,140.02,0.97,81.51,0.99,513.0,,,0.01,0.01,2353.506922,1776288596000
1776288598.317,298.317,0.01,94.94,,,0.02,155.02,0.03,20.0,0.98,140.02,0.97,81.51,0.99,331.02,,,0.01,0.01,2353.506922,1776288596000
1776288598.73,298.73,,,,,0.01,1191.1,0.02,30.02,0.98,155.02,0.97,96.51,,,,,,,2353.479694,1776288597000
1776288599.82,299.82,,,,,0.01,15336.63,0.02,41.02,0.99,1191.1,0.98,30.02,,,,,,,2353.502476,1776288598000

# RESULT,winner=Down,slug=eth-updown-5m-1776288300,ticks=296
