timestamp,elapsed_sec,up_bid_p1,up_bid_s1,up_bid_p2,up_bid_s2,up_ask_p1,up_ask_s1,up_ask_p2,up_ask_s2,down_bid_p1,down_bid_s1,down_bid_p2,down_bid_s2,down_ask_p1,down_ask_s1,down_ask_p2,down_ask_s2,up_spread,down_spread,eth_price,eth_oracle_ts
1776317400.774,0.774,0.48,15.0,0.45,78.88,0.49,183.0,0.5,17.24,0.5,17.24,0.48,20.0,0.52,20.0,0.55,8.88,0.01,0.02,2358.02041,1776317399000
1776317401.082,1.082,0.48,10.67,0.45,78.88,0.49,188.0,0.5,17.24,0.51,183.0,0.5,17.24,0.52,15.0,0.55,78.88,0.01,0.01,2358.02041,1776317399000
1776317401.881,1.881,0.48,13.74,0.46,16.0,0.49,188.0,0.5,34.24,0.51,188.0,0.5,17.24,0.52,10.67,0.55,78.88,0.01,0.01,2358.061992,1776317400000
1776317402.752,2.752,0.46,10.48,0.45,78.88,0.49,193.0,0.5,17.24,0.51,188.0,0.5,34.24,0.52,13.74,0.54,16.0,0.03,0.01,2358.00289,1776317401000
1776317403.037,3.037,0.45,34.62,0.44,70.0,0.49,193.0,0.5,17.24,0.51,193.0,0.5,17.24,0.54,10.48,0.55,78.88,0.04,0.03,2358.00289,1776317401000
1776317403.985,3.985,0.48,0.5,0.47,10.0,0.49,202.75,0.5,22.24,0.51,193.0,0.5,17.24,0.55,34.62,0.56,70.0,0.01,0.04,2358.000455,1776317402000
1776317404.689,4.689,0.48,15.5,0.47,26.0,0.49,202.75,0.5,17.24,0.51,202.75,0.5,22.24,0.52,0.5,0.53,10.0,0.01,0.01,2357.985455,1776317403000
1776317404.95,4.95,0.49,63.0,0.48,17.5,0.5,1.11,0.52,20.0,0.5,6.11,0.48,20.0,0.52,70.5,0.53,96.0,0.01,0.02,2357.985455,1776317403000
1776317405.223,5.223,0.51,47.0,0.5,163.0,0.52,4.6,0.56,13.0,0.48,9.6,0.45,13.0,0.49,15.0,0.5,98.0,0.01,0.01,2357.985455,1776317403000
1776317405.443,5.443,0.51,92.0,0.5,163.0,0.56,13.0,0.57,83.0,0.48,4.6,0.44,13.0,0.49,47.0,0.5,163.0,0.05,0.01,2357.985455,1776317403000
1776317406.027,6.027,0.56,27.0,0.55,24.0,0.57,26.98,0.59,140.0,0.43,70.0,0.41,140.0,0.45,7.0,0.46,10.0,0.01,0.02,2358.079428,1776317404000
1776317406.331,6.331,0.56,11.86,0.55,7.0,0.57,10.0,0.58,10.0,0.41,110.21,0.4,10.0,0.43,10.0,0.44,20.0,0.01,0.02,2358.126506,1776317405000
1776317406.703,6.703,0.56,19.0,0.55,5.0,0.57,10.0,0.58,15.0,0.43,10.0,0.42,10.0,0.44,11.86,0.45,7.0,0.01,0.01,2358.126506,1776317405000
1776317407.733,7.733,0.62,15.0,0.61,15.0,0.63,9.84,0.64,177.89,0.43,10.0,0.42,15.0,0.44,19.0,0.45,5.0,0.01,0.01,2358.215824,1776317406000
1776317408.816,8.816,0.62,7.6,0.61,15.0,0.63,18.0,0.64,177.89,0.37,4.84,0.36,177.89,0.38,20.0,0.39,15.0,0.01,0.01,2358.483771,1776317407000
1776317409.734,9.734,0.63,55.5,0.62,56.6,0.64,9.14,0.68,6.0,0.37,18.0,0.36,177.89,0.38,7.6,0.39,15.0,0.01,0.01,2358.483771,1776317407000
1776317410.347,10.347,0.68,40.5,0.67,25.5,0.69,60.0,0.7,70.0,0.31,95.0,0.3,100.0,0.37,75.5,0.38,39.6,0.01,0.06,2358.657982,1776317408000
1776317410.551,10.551,0.68,90.5,0.67,35.5,0.69,16.26,0.7,70.0,0.31,21.26,0.3,70.0,0.32,48.5,0.33,35.5,0.01,0.01,2358.787335,1776317409000
1776317411.261,11.261,0.68,71.12,0.67,35.5,0.69,5.46,0.7,70.0,0.31,9.81,0.3,70.0,0.32,81.12,0.33,40.5,0.01,0.01,2358.889281,1776317410000
1776317411.795,11.795,0.69,20.5,0.68,76.12,0.7,20.4,0.71,70.0,0.3,30.4,0.29,70.0,0.32,81.12,0.33,35.5,0.01,0.02,2358.889281,1776317410000
1776317412.494,12.494,0.69,5.0,0.67,20.5,0.7,14.65,0.71,150.0,0.3,7.65,0.29,70.0,0.31,25.5,0.32,76.12,0.01,0.01,2359.362666,1776317411000
1776317413.499,13.499,0.67,30.5,0.66,118.05,0.68,4.0,0.7,6.1,0.3,11.1,0.29,150.0,0.33,20.5,0.34,15.0,0.01,0.03,2359.497849,1776317412000
1776317413.85,13.85,0.67,87.5,0.66,131.05,0.68,2.38,0.7,1.1,0.32,4.0,0.3,6.1,0.33,30.5,0.34,118.05,0.01,0.01,2359.497849,1776317412000
1776317415.379,15.379,0.69,35.5,0.68,25.5,0.7,5.1,0.71,150.0,0.32,2.38,0.3,1.1,0.33,87.5,0.34,131.05,0.01,0.01,2359.578502,1776317413000
1776317416.256,16.256,0.7,19.0,0.69,49.5,0.71,154.0,0.72,20.5,0.3,5.1,0.29,150.0,0.31,35.5,0.32,25.5,0.01,0.01,2359.425478,1776317414000
1776317417.046,17.046,0.7,9.0,0.69,49.5,0.71,138.52,0.72,20.5,0.29,148.29,0.28,20.5,0.3,19.0,0.31,49.5,0.01,0.01,2359.467503,1776317415000
1776317418.131,18.131,0.73,60.5,0.72,15.0,0.74,5.43,0.77,90.5,0.29,127.25,0.28,20.5,0.3,9.0,0.31,49.5,0.01,0.01,2359.455464,1776317416000
1776317418.524,18.524,0.76,20.0,0.75,36.9,0.77,83.93,0.78,93.0,0.23,85.93,0.22,93.0,0.27,95.5,0.28,41.0,0.01,0.04,2359.455464,1776317416000
1776317418.965,18.965,0.76,15.0,0.75,22.6,0.77,87.86,0.78,121.0,0.23,80.39,0.22,93.0,0.24,20.0,0.25,36.9,0.01,0.01,2359.452759,1776317417000
1776317420.13,20.13,0.76,5.83,0.75,43.1,0.77,98.36,0.78,93.0,0.23,87.86,0.22,121.0,0.24,15.0,0.25,22.6,0.01,0.01,2359.610744,1776317418000
1776317422.661,22.661,0.74,5.0,0.73,5.0,0.76,84.5,0.77,177.36,0.23,98.36,0.22,93.0,0.24,5.83,0.25,43.1,0.02,0.01,2359.851079,1776317421000
1776317424.158,24.158,0.74,43.73,0.73,38.66,0.75,204.2,0.76,111.5,0.24,84.5,0.23,177.36,0.26,5.0,0.27,5.0,0.01,0.02,2359.775153,1776317422000
1776317429.903,29.903,0.74,48.12,0.73,31.5,0.75,181.2,0.76,100.5,0.25,204.2,0.24,111.5,0.26,43.73,0.27,38.66,0.01,0.01,2359.847173,1776317428000
1776317431.687,31.687,0.74,119.96,0.73,46.5,0.75,155.2,0.76,100.5,0.25,160.2,0.24,100.5,0.26,48.12,0.27,31.5,0.01,0.01,2359.7795,1776317430000
1776317432.508,32.508,0.74,115.78,0.73,46.5,0.75,170.7,0.76,100.5,0.25,155.2,0.24,100.5,0.26,119.96,0.27,46.5,0.01,0.01,2359.914387,1776317431000
1776317433.472,33.472,0.74,59.78,0.73,30.5,0.75,200.7,0.76,100.5,0.25,170.7,0.24,100.5,0.26,115.78,0.27,46.5,0.01,0.01,2359.80942,1776317432000
1776317437.491,37.491,0.74,69.82,0.73,73.68,0.75,157.94,0.76,100.5,0.25,200.7,0.24,100.5,0.26,59.78,0.27,30.5,0.01,0.01,2359.648474,1776317436000
1776317438.816,38.816,0.74,69.82,0.73,67.06,0.75,142.94,0.76,100.5,0.25,153.44,0.24,100.5,0.26,59.32,0.27,73.68,0.01,0.01,2359.658366,1776317437000
1776317441.033,41.033,0.74,79.82,0.73,72.7,0.75,136.14,0.76,100.5,0.25,142.94,0.24,100.5,0.26,69.82,0.27,67.06,0.01,0.01,2359.66558,1776317439000
1776317442.012,42.012,0.74,46.35,0.73,72.7,0.75,141.14,0.76,100.5,0.25,136.14,0.24,100.5,0.26,79.82,0.27,72.7,0.01,0.01,2359.667053,1776317440000
1776317443.439,43.439,0.73,5.0,0.72,38.66,0.75,191.64,0.76,131.2,0.25,141.14,0.24,100.5,0.26,46.35,0.27,72.7,0.02,0.01,2359.8622,1776317442000
1776317444.475,44.475,0.7,14.6,0.69,25.5,0.72,32.5,0.73,80.5,0.26,10.0,0.25,201.64,0.28,33.83,0.29,42.5,0.02,0.02,2359.681736,1776317443000
1776317445.927,45.927,0.7,4.1,0.69,43.38,0.71,153.6,0.72,30.5,0.28,32.5,0.27,80.5,0.3,14.6,0.31,25.5,0.01,0.02,2359.74738,1776317444000
1776317446.233,46.233,0.7,14.1,0.69,53.88,0.71,134.44,0.72,30.5,0.29,160.44,0.28,30.5,0.3,4.1,0.31,43.38,0.01,0.01,2359.635142,1776317445000
1776317446.454,46.454,0.7,14.1,0.69,53.88,0.71,159.44,0.72,30.5,0.29,134.44,0.28,30.5,0.3,14.1,0.31,53.88,0.01,0.01,2359.635142,1776317445000
1776317447.959,47.959,0.7,53.63,0.69,31.5,0.71,153.05,0.72,30.5,0.29,159.44,0.28,30.5,0.3,14.1,0.31,53.88,0.01,0.01,2359.500493,1776317446000
1776317451.723,51.723,0.69,5.0,0.68,15.0,0.71,173.05,0.72,87.39,0.29,153.05,0.28,30.5,0.3,53.63,0.31,31.5,0.02,0.01,2359.371891,1776317450000
1776317451.926,51.926,0.68,9.37,0.67,33.66,0.69,6.8,0.7,31.5,0.31,10.5,0.3,25.5,0.32,9.37,0.33,33.66,0.01,0.01,2359.371891,1776317450000
1776317452.526,52.526,0.68,14.37,0.67,70.53,0.69,3.86,0.7,31.5,0.31,6.8,0.3,31.5,0.32,9.37,0.33,33.66,0.01,0.01,2359.44104,1776317451000
1776317452.765,52.765,0.68,24.87,0.67,76.53,0.7,46.5,0.71,178.05,0.31,3.86,0.3,31.5,0.32,14.37,0.33,70.53,0.02,0.01,2359.44104,1776317451000
1776317453.567,53.567,0.69,4.05,0.68,63.72,0.7,68.6,0.71,190.55,0.3,46.5,0.29,178.05,0.32,24.87,0.33,76.53,0.01,0.02,2359.441437,1776317452000
1776317454.077,54.077,0.69,14.05,0.68,63.72,0.7,81.49,0.71,190.55,0.3,68.6,0.29,190.55,0.31,4.05,0.32,63.72,0.01,0.01,2359.441437,1776317452000
1776317454.89,54.89,0.65,1.96,0.64,50.0,0.66,236.5,0.67,26.07,0.3,81.49,0.29,190.55,0.31,14.05,0.32,63.72,0.01,0.01,2359.244495,1776317453000
1776317455.144,55.144,0.64,21.75,0.58,6.1,0.65,253.5,0.66,231.5,0.35,238.5,0.34,226.5,0.36,34.9,0.42,6.1,0.01,0.01,2359.231284,1776317454000
1776317455.349,55.349,0.57,1.1,0.56,15.0,0.59,13.0,0.6,101.0,0.41,17.0,0.4,80.0,0.43,1.1,0.44,15.0,0.02,0.02,2359.231284,1776317454000
1776317455.667,55.667,0.55,10.0,0.54,10.0,0.57,10.0,0.58,51.5,0.42,20.0,0.41,18.0,0.44,6.1,0.45,16.0,0.02,0.02,2359.231284,1776317454000
1776317456.011,56.011,0.55,10.0,0.54,20.5,0.57,20.5,0.58,25.5,0.43,22.5,0.42,46.5,0.44,10.0,0.45,10.0,0.02,0.01,2359.231284,1776317454000
1776317456.844,56.844,0.55,118.5,0.54,102.5,0.56,79.96,0.58,5.0,0.43,20.5,0.42,25.5,0.45,10.0,0.46,20.5,0.01,0.02,2359.224866,1776317455000
1776317457.665,57.665,0.59,86.5,0.58,36.5,0.61,107.75,0.62,21.02,0.41,3.91,0.4,5.0,0.45,118.5,0.46,102.5,0.02,0.04,2358.646452,1776317456000
1776317457.985,57.985,0.6,35.0,0.59,35.5,0.61,107.75,0.62,21.02,0.39,107.75,0.38,21.02,0.41,86.5,0.42,36.5,0.01,0.02,2358.646452,1776317456000
1776317459.431,59.431,0.6,92.5,0.59,53.34,0.61,44.59,0.62,10.52,0.39,74.25,0.38,21.02,0.4,40.0,0.41,35.5,0.01,0.01,2358.85219,1776317458000
1776317459.812,59.812,0.6,90.19,0.59,41.34,0.61,12.66,0.62,10.52,0.39,36.66,0.38,10.52,0.4,85.19,0.41,53.34,0.01,0.01,2358.85219,1776317458000
1776317460.642,60.642,0.61,97.5,0.6,106.22,0.66,126.0,0.67,47.3,0.38,10.52,0.35,25.8,0.4,90.19,0.41,41.34,0.05,0.02,2358.884855,1776317459000
1776317461.318,61.318,0.64,37.58,0.63,32.5,0.65,10.0,0.66,136.5,0.34,126.0,0.33,47.3,0.39,97.5,0.4,106.22,0.01,0.05,2358.897192,1776317460000
1776317464.023,64.023,0.62,5.0,0.61,26.5,0.63,33.91,0.64,30.5,0.35,10.0,0.34,136.5,0.36,37.58,0.37,32.5,0.01,0.01,2358.953913,1776317463000
1776317464.516,64.516,0.62,5.0,0.61,26.5,0.63,13.03,0.64,25.5,0.37,33.91,0.36,30.5,0.38,5.0,0.39,26.5,0.01,0.01,2358.953913,1776317463000
1776317464.889,64.889,0.63,15.0,0.62,30.5,0.64,9.92,0.65,49.5,0.37,13.03,0.36,25.5,0.38,5.0,0.39,26.5,0.01,0.01,2358.953913,1776317463000
1776317466.317,66.317,0.61,10.0,0.6,30.5,0.63,49.01,0.64,42.42,0.36,9.92,0.35,49.5,0.37,15.0,0.38,30.5,0.02,0.01,2358.86112,1776317464000
1776317467.708,67.708,0.6,5.0,0.58,11.0,0.61,111.5,0.62,107.5,0.37,49.01,0.36,42.42,0.39,10.0,0.4,30.5,0.01,0.02,2358.803885,1776317466000
1776317468.242,68.242,0.53,15.5,0.52,6.0,0.54,17.0,0.55,25.5,0.39,111.5,0.38,107.5,0.42,7.38,0.43,20.5,0.01,0.03,2358.803885,1776317466000
1776317468.689,68.689,0.51,25.61,0.5,15.0,0.52,27.0,0.53,20.5,0.46,25.14,0.45,15.0,0.47,5.0,0.48,6.0,0.01,0.01,2358.843641,1776317467000
1776317469.529,69.529,0.5,15.0,0.49,10.19,0.52,86.5,0.53,32.5,0.48,21.51,0.47,20.5,0.49,14.61,0.5,15.0,0.02,0.01,2358.840836,1776317468000
1776317470.644,70.644,0.49,10.19,0.48,25.75,0.51,151.5,0.52,155.5,0.48,86.5,0.47,32.5,0.5,15.0,0.51,10.19,0.02,0.02,2358.579002,1776317469000
1776317470.982,70.982,0.48,10.94,0.44,12.0,0.49,55.5,0.5,74.5,0.5,86.5,0.49,120.5,0.52,20.94,0.53,6.0,0.01,0.02,2358.579002,1776317469000
1776317471.236,71.236,0.44,12.0,0.43,18.16,0.46,5.06,0.49,44.98,0.51,64.98,0.5,74.5,0.52,10.94,0.56,12.0,0.02,0.01,2358.322825,1776317470000
1776317473.57,73.57,0.44,121.99,0.43,28.66,0.45,43.5,0.46,30.56,0.55,10.0,0.54,25.56,0.56,7.95,0.57,28.66,0.01,0.01,2358.045001,1776317472000
1776317474.298,74.298,0.44,2.28,0.42,43.3,0.45,75.5,0.46,80.56,0.55,43.5,0.54,30.56,0.56,121.99,0.57,28.66,0.01,0.01,2357.980218,1776317473000
1776317476.155,76.155,0.4,66.43,0.39,41.0,0.41,35.5,0.42,30.5,0.55,75.5,0.54,80.56,0.58,43.3,0.59,17.0,0.01,0.03,2358.072608,1776317474000
1776317478.678,78.678,0.4,136.34,0.39,137.33,0.43,5.0,0.44,5.0,0.59,35.5,0.58,30.5,0.6,66.43,0.61,41.0,0.03,0.01,2357.778037,1776317477000
1776317479.017,79.017,0.44,41.28,0.43,44.34,0.45,10.5,0.46,5.06,0.55,5.5,0.54,5.06,0.56,15.0,0.57,30.5,0.01,0.01,2357.74366,1776317478000
1776317479.434,79.434,0.45,18.0,0.44,30.28,0.46,20.56,0.47,10.0,0.55,0.27,0.54,5.06,0.56,41.28,0.57,44.34,0.01,0.01,2357.74366,1776317478000
1776317479.919,79.919,0.45,40.0,0.44,30.28,0.46,15.56,0.47,15.0,0.54,20.56,0.53,10.0,0.55,18.0,0.56,30.28,0.01,0.01,2357.74366,1776317478000
1776317482.333,82.333,0.45,40.0,0.44,35.28,0.46,18.38,0.47,30.5,0.54,15.56,0.53,15.0,0.55,40.0,0.56,30.28,0.01,0.01,2357.932333,1776317481000
1776317484.015,84.015,0.45,30.0,0.44,30.28,0.46,26.2,0.47,30.5,0.54,18.38,0.53,30.5,0.55,40.0,0.56,35.28,0.01,0.01,2357.92801,1776317482000
1776317484.711,84.711,0.45,16.45,0.44,30.28,0.46,26.2,0.47,30.5,0.54,26.2,0.53,30.5,0.55,30.0,0.56,30.28,0.01,0.01,2357.883475,1776317483000
1776317486.721,86.721,0.4,2.0,0.39,5.0,0.41,32.5,0.42,20.5,0.54,26.2,0.53,30.5,0.55,16.45,0.56,30.28,0.01,0.01,2357.88638,1776317484000
1776317487.218,87.218,0.39,13.0,0.38,21.5,0.4,10.0,0.41,40.5,0.6,10.0,0.59,30.5,0.61,13.0,0.62,11.0,0.01,0.01,2357.875335,1776317485000
1776317487.536,87.536,0.39,35.09,0.37,80.5,0.4,25.5,0.41,61.5,0.6,10.0,0.59,40.5,0.61,13.0,0.62,21.5,0.01,0.01,2357.931034,1776317486000
1776317487.866,87.866,0.39,57.59,0.38,10.5,0.4,15.0,0.41,51.0,0.6,35.5,0.59,61.5,0.61,35.09,0.63,80.5,0.01,0.01,2357.931034,1776317486000
1776317488.112,88.112,0.39,57.59,0.38,20.5,0.4,10.0,0.41,51.0,0.6,15.0,0.59,51.0,0.61,49.78,0.62,10.5,0.01,0.01,2357.908716,1776317487000
1776317488.582,88.582,0.44,32.5,0.43,15.0,0.45,26.55,0.46,13.7,0.6,10.0,0.59,51.0,0.61,57.59,0.62,20.5,0.01,0.01,2357.908716,1776317487000
1776317491.387,91.387,0.44,69.53,0.43,97.0,0.45,5.55,0.46,15.0,0.55,0.55,0.54,34.7,0.56,44.5,0.57,85.0,0.01,0.01,2357.862453,1776317490000
1776317491.655,91.655,0.41,16.74,0.4,136.5,0.45,5.55,0.46,15.0,0.55,5.55,0.54,15.0,0.56,69.53,0.57,97.0,0.04,0.01,2357.862453,1776317490000
1776317492.117,92.117,0.44,4.53,0.43,22.5,0.45,22.55,0.46,25.5,0.55,5.55,0.54,15.0,0.59,16.74,0.6,136.5,0.01,0.04,2357.862453,1776317490000
1776317492.74,92.74,0.43,96.88,0.42,95.5,0.44,10.0,0.45,15.55,0.55,22.55,0.54,25.5,0.56,4.53,0.57,22.5,0.01,0.01,2357.862453,1776317490000
1776317493.522,93.522,0.43,78.88,0.42,95.5,0.44,15.0,0.45,15.55,0.56,10.0,0.55,15.55,0.57,96.88,0.58,95.5,0.01,0.01,2357.86999,1776317491000
1776317493.935,93.935,0.43,66.59,0.42,95.5,0.44,15.0,0.45,15.55,0.56,15.0,0.55,15.55,0.57,78.88,0.58,95.5,0.01,0.01,2357.866325,1776317492000
1776317494.942,94.942,0.43,90.63,0.42,95.5,0.44,15.0,0.45,15.55,0.56,15.0,0.55,15.55,0.57,66.59,0.58,95.5,0.01,0.01,2357.864695,1776317493000
1776317495.523,95.523,0.43,55.63,0.42,95.5,0.44,3.63,0.45,15.55,0.56,15.0,0.55,15.55,0.57,90.63,0.58,95.5,0.01,0.01,2357.966967,1776317494000
1776317498.61,98.61,0.43,62.89,0.42,32.5,0.44,15.0,0.45,15.0,0.56,3.63,0.55,15.55,0.57,55.63,0.58,95.5,0.01,0.01,2357.977313,1776317496000
1776317504.165,104.165,0.43,5.89,0.42,7.0,0.44,52.5,0.45,25.5,0.56,15.0,0.55,15.0,0.57,62.89,0.58,32.5,0.01,0.01,2357.796732,1776317503000
1776317505.181,105.181,0.43,0.89,0.42,7.0,0.44,52.5,0.45,25.5,0.56,52.5,0.55,25.5,0.57,5.89,0.58,7.0,0.01,0.01,2357.796732,1776317503000
1776317505.831,105.831,0.42,7.0,0.4,10.0,0.44,79.5,0.45,38.5,0.56,52.5,0.55,25.5,0.57,0.89,0.58,7.0,0.02,0.01,2357.813691,1776317504000
1776317508.626,108.626,0.39,31.01,0.38,86.0,0.4,22.95,0.41,35.5,0.57,37.5,0.56,72.5,0.6,10.0,0.62,86.0,0.01,0.03,2357.786457,1776317507000
1776317513.824,113.824,0.39,46.01,0.38,96.5,0.4,20.0,0.41,15.0,0.6,22.95,0.59,35.5,0.61,31.01,0.62,86.0,0.01,0.01,2357.655178,1776317512000
1776317520.433,120.433,0.39,15.6,0.38,96.5,0.4,20.0,0.41,15.0,0.6,20.0,0.59,15.0,0.61,46.01,0.62,96.5,0.01,0.01,2357.833957,1776317519000
1776317520.986,120.986,0.39,7.4,0.38,16.0,0.4,30.5,0.41,25.5,0.6,20.0,0.59,15.0,0.61,15.6,0.62,96.5,0.01,0.01,2357.833957,1776317519000
1776317521.309,121.309,0.39,2.4,0.38,16.0,0.4,47.5,0.41,25.5,0.6,30.5,0.59,25.5,0.61,7.4,0.62,16.0,0.01,0.01,2357.71971,1776317520000
1776317522.03,122.03,0.36,20.5,0.35,24.0,0.4,78.5,0.41,30.5,0.6,47.5,0.59,25.5,0.61,2.4,0.62,16.0,0.04,0.01,2357.71971,1776317520000
1776317522.444,122.444,0.3,24.0,0.29,33.5,0.32,4.06,0.33,10.0,0.64,10.0,0.63,10.0,0.66,25.5,0.67,46.3,0.02,0.02,2357.71971,1776317520000
1776317522.895,122.895,0.09,54.0,0.08,88.9,0.3,10.0,0.31,9.19,0.69,4.19,0.68,4.06,0.7,5.8,0.71,33.5,0.21,0.01,2357.728285,1776317521000
1776317523.137,123.137,0.27,67.84,0.26,28.5,0.28,27.0,0.29,15.0,0.7,10.0,0.69,9.19,0.91,54.0,0.92,88.9,0.01,0.21,2357.727043,1776317522000
1776317523.448,123.448,0.16,59.76,0.12,10.0,0.17,10.0,0.18,20.0,0.79,27.9,0.74,50.0,0.81,20.0,0.83,300.0,0.01,0.02,2357.727043,1776317522000
1776317523.858,123.858,0.16,80.63,0.12,10.0,0.2,17.59,0.21,30.0,0.83,3.47,0.82,15.0,0.84,66.63,0.88,10.0,0.04,0.01,2357.727043,1776317522000
1776317524.238,124.238,0.19,81.17,0.18,10.0,0.2,22.59,0.21,30.0,0.8,17.59,0.79,30.0,0.81,9.0,0.83,8.0,0.01,0.01,2357.611665,1776317523000
1776317524.635,124.635,0.19,143.77,0.18,121.16,0.2,22.59,0.21,30.0,0.8,17.59,0.79,30.0,0.81,83.85,0.82,10.0,0.01,0.01,2357.611665,1776317523000
1776317525.201,125.201,0.19,262.77,0.18,145.16,0.21,79.84,0.22,20.5,0.8,17.59,0.79,30.0,0.81,185.43,0.82,121.16,0.02,0.01,2357.611665,1776317523000
1776317525.41,125.41,0.19,185.48,0.18,155.66,0.2,3.57,0.21,95.84,0.8,3.57,0.79,95.84,0.81,190.93,0.82,155.66,0.01,0.01,2357.364952,1776317524000
1776317526.216,126.216,0.19,184.32,0.18,145.16,0.2,8.57,0.21,95.84,0.8,3.57,0.79,95.84,0.81,310.84,0.82,155.66,0.01,0.01,2357.364952,1776317524000
1776317527.849,127.849,0.19,209.32,0.18,160.16,0.2,7.4,0.21,85.84,0.8,8.57,0.79,95.84,0.81,184.32,0.82,145.16,0.01,0.01,2357.163193,1776317526000
1776317528.444,128.444,0.19,205.7,0.18,160.16,0.2,7.4,0.21,85.84,0.8,7.4,0.79,85.84,0.81,209.32,0.82,160.16,0.01,0.01,2357.163193,1776317526000
1776317530.529,130.529,0.19,219.7,0.18,114.69,0.2,7.4,0.21,95.84,0.8,7.4,0.79,85.84,0.81,205.7,0.82,160.16,0.01,0.01,2357.003971,1776317529000
1776317531.338,131.338,0.19,214.7,0.18,114.69,0.2,6.3,0.21,95.84,0.8,7.4,0.79,95.84,0.81,219.7,0.82,114.69,0.01,0.01,2357.003971,1776317529000
1776317534.569,134.569,0.19,183.7,0.18,54.0,0.2,16.3,0.21,106.34,0.8,6.3,0.79,95.84,0.81,214.7,0.82,114.69,0.01,0.01,2357.113779,1776317533000
1776317535.064,135.064,0.19,178.7,0.18,54.0,0.2,5.2,0.21,106.34,0.8,16.3,0.79,106.34,0.81,183.7,0.82,54.0,0.01,0.01,2357.113779,1776317533000
1776317535.873,135.873,0.19,279.86,0.18,44.0,0.21,55.0,0.24,10.0,0.8,5.2,0.79,106.34,0.81,178.7,0.82,54.0,0.02,0.01,2356.968986,1776317534000
1776317536.821,136.821,0.25,37.0,0.24,10.0,0.26,61.65,0.27,20.0,0.74,50.0,0.73,5.0,0.8,77.5,0.81,181.16,0.01,0.06,2356.962774,1776317535000
1776317537.187,137.187,0.25,32.0,0.24,10.0,0.26,54.5,0.27,20.0,0.74,61.65,0.73,20.0,0.75,37.0,0.76,10.0,0.01,0.01,2356.962774,1776317535000
1776317537.5,137.5,0.25,32.0,0.24,10.0,0.26,42.02,0.27,20.0,0.74,44.5,0.73,20.0,0.75,32.0,0.76,10.0,0.01,0.01,2356.955284,1776317536000
1776317537.819,137.819,0.25,32.0,0.24,10.0,0.26,84.34,0.27,20.0,0.74,42.02,0.73,20.0,0.75,32.0,0.76,10.0,0.01,0.01,2356.955284,1776317536000
1776317538.127,138.127,0.25,37.0,0.24,10.0,0.26,83.46,0.27,30.0,0.74,84.34,0.73,20.0,0.75,32.0,0.76,10.0,0.01,0.01,2356.955284,1776317536000
1776317538.443,138.443,0.25,37.0,0.24,10.0,0.26,75.35,0.27,20.0,0.74,83.46,0.73,30.0,0.75,37.0,0.76,10.0,0.01,0.01,2357.04529,1776317537000
1776317538.751,138.751,0.25,42.0,0.24,10.0,0.26,4.95,0.27,20.0,0.74,75.35,0.73,20.0,0.75,37.0,0.76,10.0,0.01,0.01,2357.04529,1776317537000
1776317539.098,139.098,0.25,42.0,0.24,10.0,0.27,15.95,0.28,30.0,0.74,4.95,0.73,20.0,0.75,42.0,0.76,10.0,0.02,0.01,2357.04529,1776317537000
1776317539.408,139.408,0.25,37.0,0.24,10.0,0.26,10.74,0.27,15.95,0.73,15.95,0.72,30.0,0.75,42.0,0.76,10.0,0.01,0.02,2357.04529,1776317537000
1776317539.732,139.732,0.25,42.0,0.24,10.0,0.26,0.55,0.27,15.95,0.74,10.74,0.73,15.95,0.75,37.0,0.76,10.0,0.01,0.01,2357.14222,1776317538000
1776317540.041,140.041,0.25,42.0,0.24,10.0,0.27,15.73,0.28,30.0,0.74,0.55,0.73,15.95,0.75,42.0,0.76,10.0,0.02,0.01,2357.14222,1776317538000
1776317540.359,140.359,0.26,32.0,0.25,27.0,0.27,14.95,0.28,30.0,0.73,15.73,0.72,30.0,0.75,42.0,0.76,10.0,0.01,0.02,2357.142895,1776317539000
1776317540.674,140.674,0.26,37.0,0.25,27.0,0.28,38.78,0.29,15.0,0.73,14.95,0.72,30.0,0.74,32.0,0.75,27.0,0.02,0.01,2357.142895,1776317539000
1776317541.024,141.024,0.26,37.0,0.25,27.0,0.28,35.64,0.29,15.0,0.72,38.78,0.71,15.0,0.74,37.0,0.75,27.0,0.02,0.02,2357.142895,1776317539000
1776317541.342,141.342,0.26,32.0,0.25,32.0,0.27,5.79,0.28,25.64,0.72,35.64,0.71,15.0,0.74,37.0,0.75,27.0,0.01,0.02,2357.142895,1776317539000
1776317541.668,141.668,0.26,32.0,0.25,27.0,0.28,89.04,0.29,25.0,0.73,5.79,0.72,25.64,0.74,32.0,0.75,32.0,0.02,0.01,2357.142895,1776317539000
1776317543.913,143.913,0.28,21.35,0.27,27.0,0.29,20.5,0.3,26.0,0.72,89.04,0.71,25.0,0.74,32.0,0.75,27.0,0.01,0.02,2357.121907,1776317542000
1776317548.72,148.72,0.28,6.35,0.27,12.0,0.29,54.06,0.3,36.0,0.71,20.5,0.7,26.0,0.72,21.35,0.73,27.0,0.01,0.01,2357.176835,1776317547000
1776317549.65,149.65,0.28,0.35,0.26,10.0,0.29,60.06,0.3,65.2,0.71,54.06,0.7,36.0,0.72,6.35,0.73,12.0,0.01,0.01,2357.168577,1776317548000
1776317550.718,150.718,0.21,5.5,0.2,21.0,0.22,37.0,0.23,25.0,0.73,53.15,0.72,15.0,0.77,19.34,0.78,35.5,0.01,0.04,2357.167128,1776317549000
1776317551.527,151.527,0.21,0.5,0.2,21.0,0.22,37.0,0.23,25.0,0.78,37.0,0.77,25.0,0.79,5.5,0.8,21.0,0.01,0.01,2357.167128,1776317549000
1776317552.395,152.395,0.2,26.5,0.19,28.0,0.21,25.0,0.22,25.0,0.78,37.0,0.77,25.0,0.79,0.5,0.8,21.0,0.01,0.01,2357.17763,1776317551000
1776317552.867,152.867,0.2,31.5,0.19,33.0,0.21,12.0,0.22,25.0,0.79,25.0,0.78,25.0,0.8,26.5,0.81,28.0,0.01,0.01,2357.17763,1776317551000
1776317553.474,153.474,0.21,25.5,0.2,31.34,0.22,8.0,0.23,45.0,0.79,12.0,0.78,25.0,0.8,31.5,0.81,33.0,0.01,0.01,2357.027965,1776317552000
1776317553.871,153.871,0.21,55.34,0.2,47.5,0.23,19.78,0.24,20.0,0.78,8.0,0.77,45.0,0.79,25.5,0.8,31.34,0.02,0.01,2357.027965,1776317552000
1776317555.102,155.102,0.22,11.5,0.21,45.34,0.23,34.78,0.24,15.0,0.77,19.78,0.76,20.0,0.79,55.34,0.8,47.5,0.01,0.02,2357.027965,1776317553000
1776317558.289,158.289,0.22,11.5,0.21,41.5,0.23,39.78,0.24,15.0,0.77,34.78,0.76,15.0,0.78,11.5,0.79,45.34,0.01,0.01,2357.10821,1776317557000
1776317563.191,163.191,0.22,3.0,0.21,5.0,0.23,72.28,0.24,25.5,0.77,39.78,0.76,15.0,0.78,11.5,0.79,41.5,0.01,0.01,2357.152164,1776317562000
1776317563.855,163.855,0.19,36.26,0.18,56.78,0.2,30.0,0.21,33.0,0.79,53.0,0.78,40.5,0.8,3.06,0.81,37.5,0.01,0.01,2357.152164,1776317562000
1776317564.225,164.225,0.19,31.26,0.18,56.78,0.2,45.0,0.21,43.5,0.8,30.0,0.79,33.0,0.81,36.26,0.82,56.78,0.01,0.01,2357.128331,1776317563000
1776317565.172,165.172,0.19,26.26,0.18,56.78,0.2,52.0,0.21,43.5,0.8,45.0,0.79,43.5,0.81,31.26,0.82,56.78,0.01,0.01,2357.198804,1776317564000
1776317565.598,165.598,0.19,31.26,0.18,56.78,0.2,15.0,0.21,28.0,0.8,52.0,0.79,43.5,0.81,26.26,0.82,56.78,0.01,0.01,2357.198804,1776317564000
1776317567.417,167.417,0.19,35.02,0.18,56.78,0.2,10.0,0.21,38.5,0.8,10.0,0.79,28.0,0.81,36.26,0.82,56.78,0.01,0.01,2357.13493,1776317566000
1776317567.668,167.668,0.19,3.76,0.18,56.78,0.2,15.0,0.21,38.5,0.8,10.0,0.79,38.5,0.81,35.02,0.82,56.78,0.01,0.01,2357.13493,1776317566000
1776317570.615,170.615,0.22,42.5,0.21,58.34,0.23,9.78,0.25,10.5,0.8,15.0,0.79,38.5,0.81,3.76,0.82,56.78,0.01,0.01,2357.025108,1776317569000
1776317571.489,171.489,0.22,42.5,0.21,58.34,0.24,5.28,0.25,10.5,0.77,9.78,0.75,10.5,0.78,42.5,0.79,58.34,0.02,0.01,2357.200846,1776317570000
1776317572.34,172.34,0.26,22.0,0.25,22.0,0.29,10.0,0.3,15.0,0.75,5.5,0.74,5.0,0.76,15.0,0.77,22.0,0.03,0.01,2357.200846,1776317570000
1776317572.826,172.826,0.27,27.0,0.26,22.0,0.3,25.0,0.31,85.0,0.71,10.0,0.7,15.0,0.74,22.0,0.75,22.0,0.03,0.03,2357.108475,1776317571000
1776317574.271,174.271,0.33,15.0,0.3,47.0,0.35,24.28,0.4,5.0,0.7,25.0,0.69,85.0,0.73,27.0,0.74,22.0,0.02,0.03,2357.163795,1776317573000
1776317574.485,174.485,0.39,11.0,0.38,10.0,0.4,5.0,0.41,50.2,0.65,24.28,0.6,5.0,0.67,15.0,0.7,47.0,0.01,0.02,2357.163795,1776317573000
1776317574.792,174.792,0.39,5.0,0.38,10.0,0.41,3.71,0.42,80.5,0.6,5.0,0.59,10.5,0.61,5.0,0.62,20.5,0.02,0.01,2357.163795,1776317573000
1776317575.022,175.022,0.41,13.61,0.4,17.0,0.42,66.21,0.43,15.0,0.58,74.55,0.57,15.0,0.59,13.61,0.6,17.0,0.01,0.01,2357.163795,1776317573000
1776317575.229,175.229,0.41,8.77,0.4,17.0,0.42,66.21,0.43,15.0,0.58,66.21,0.57,15.0,0.59,13.61,0.6,17.0,0.01,0.01,2357.211911,1776317574000
1776317575.451,175.451,0.41,3.77,0.4,17.0,0.42,66.21,0.43,15.0,0.58,66.21,0.57,15.0,0.59,8.77,0.6,17.0,0.01,0.01,2357.211911,1776317574000
1776317575.72,175.72,0.4,15.33,0.39,5.0,0.41,72.59,0.42,76.21,0.58,66.21,0.57,15.0,0.59,3.77,0.6,17.0,0.01,0.01,2357.211911,1776317574000
1776317576.14,176.14,0.4,10.33,0.39,5.0,0.41,84.59,0.42,81.21,0.59,72.59,0.58,76.21,0.6,15.33,0.61,5.0,0.01,0.01,2357.211911,1776317574000
1776317576.389,176.389,0.4,5.24,0.39,10.0,0.41,79.59,0.42,81.21,0.59,84.59,0.58,81.21,0.6,10.33,0.61,5.0,0.01,0.01,2357.211911,1776317574000
1776317576.799,176.799,0.38,10.0,0.37,20.5,0.41,101.59,0.42,94.21,0.59,79.59,0.58,81.21,0.6,5.24,0.61,10.0,0.03,0.01,2357.58806,1776317575000
1776317578.099,178.099,0.41,20.5,0.4,20.5,0.42,3.0,0.43,101.99,0.59,101.59,0.58,94.21,0.62,10.0,0.63,20.5,0.01,0.03,2357.651655,1776317576000
1776317581.373,181.373,0.42,45.5,0.41,20.5,0.44,83.77,0.45,19.0,0.57,87.01,0.56,18.79,0.59,15.5,0.6,25.5,0.02,0.02,2357.82421,1776317580000
1776317581.584,181.584,0.46,10.86,0.44,5.0,0.47,1.3,0.56,50.0,0.53,12.9,0.44,50.0,0.54,10.86,0.56,5.0,0.01,0.01,2357.82421,1776317580000
1776317582.208,182.208,0.52,7.91,0.5,10.0,0.53,30.0,0.55,10.5,0.47,78.82,0.44,50.0,0.54,15.86,0.56,5.0,0.01,0.07,2357.82421,1776317580000
1776317582.452,182.452,0.52,7.91,0.5,10.0,0.53,23.66,0.55,10.5,0.47,25.0,0.45,10.5,0.48,7.91,0.5,10.0,0.01,0.01,2357.832085,1776317581000
1776317582.808,182.808,0.54,15.0,0.53,15.0,0.55,8.68,0.57,70.0,0.47,22.01,0.45,10.5,0.48,7.91,0.49,10.0,0.01,0.01,2357.832085,1776317581000
1776317583.246,183.246,0.56,10.0,0.55,10.0,0.57,64.0,0.58,70.0,0.45,8.68,0.43,70.0,0.46,15.0,0.47,15.0,0.01,0.01,2357.832085,1776317581000
1776317584.881,184.881,0.6,20.0,0.59,10.0,0.61,0.56,0.63,70.0,0.43,64.0,0.42,70.0,0.44,10.0,0.45,10.0,0.01,0.01,2358.065666,1776317583000
1776317587.277,187.277,0.6,44.5,0.59,15.0,0.61,0.56,0.62,5.0,0.39,0.56,0.37,70.0,0.4,8.75,0.41,10.0,0.01,0.01,2358.30837,1776317586000
1776317588.045,188.045,0.62,45.5,0.61,66.5,0.63,60.0,0.64,75.0,0.39,0.56,0.38,5.0,0.4,44.5,0.41,15.0,0.01,0.01,2358.43863,1776317587000
1776317588.758,188.758,0.62,98.5,0.61,56.5,0.63,50.0,0.64,75.0,0.37,60.0,0.36,75.0,0.38,45.5,0.39,66.5,0.01,0.01,2358.43863,1776317587000
1776317589.139,189.139,0.62,106.5,0.61,69.5,0.64,62.73,0.65,70.0,0.37,50.0,0.36,75.0,0.38,98.5,0.39,56.5,0.02,0.01,2358.546504,1776317588000
1776317589.699,189.699,0.63,91.5,0.62,69.5,0.64,36.88,0.65,70.0,0.36,62.73,0.35,70.0,0.38,106.5,0.39,69.5,0.01,0.02,2358.546504,1776317588000
1776317590.969,190.969,0.65,58.0,0.64,51.5,0.66,10.0,0.69,85.5,0.36,36.88,0.35,70.0,0.37,91.5,0.38,69.5,0.01,0.01,2358.50973,1776317589000
1776317591.505,191.505,0.65,60.0,0.64,51.5,0.66,5.0,0.69,85.5,0.34,10.0,0.31,85.5,0.35,58.0,0.36,51.5,0.01,0.01,2358.675861,1776317590000
1776317591.932,191.932,0.67,68.0,0.66,15.0,0.68,5.0,0.69,85.5,0.34,5.0,0.31,85.5,0.35,60.0,0.36,51.5,0.01,0.01,2358.675861,1776317590000
1776317594.035,194.035,0.67,48.0,0.66,15.0,0.68,3.52,0.69,80.5,0.32,5.0,0.31,85.5,0.33,55.0,0.34,15.0,0.01,0.01,2358.701487,1776317593000
1776317594.855,194.855,0.67,22.0,0.66,15.0,0.68,24.02,0.69,150.5,0.32,3.52,0.31,80.5,0.33,48.0,0.34,15.0,0.01,0.01,2358.701487,1776317593000
1776317595.918,195.918,0.67,41.0,0.66,25.0,0.68,1.16,0.69,220.5,0.32,24.02,0.31,150.5,0.33,16.0,0.34,15.0,0.01,0.01,2358.703553,1776317594000
1776317597.272,197.272,0.67,15.39,0.66,20.0,0.69,225.5,0.7,75.0,0.32,1.16,0.31,220.5,0.33,41.0,0.34,25.0,0.02,0.01,2358.599205,1776317596000
1776317599.95,199.95,0.7,45.5,0.69,56.5,0.72,48.93,0.73,70.0,0.31,225.5,0.3,75.0,0.33,15.39,0.34,20.0,0.02,0.02,2358.711054,1776317598000
1776317600.771,200.771,0.74,65.65,0.73,36.5,0.75,70.0,0.76,75.0,0.27,52.02,0.26,70.0,0.28,19.5,0.29,35.5,0.01,0.01,2358.706113,1776317599000
1776317601.405,201.405,0.79,227.32,0.78,32.5,0.85,48.28,0.86,82.82,0.25,7.0,0.24,75.0,0.26,61.8,0.27,36.5,0.06,0.01,2358.60791,1776317600000
1776317601.762,201.762,0.82,14.7,0.81,15.0,0.86,120.4,0.87,13.93,0.14,50.4,0.13,10.0,0.15,25.0,0.16,14.7,0.04,0.01,2358.60791,1776317600000
1776317602.09,202.09,0.82,50.0,0.81,10.0,0.85,44.49,0.86,124.23,0.17,5.0,0.15,35.49,0.2,39.7,0.21,133.5,0.03,0.03,2358.60791,1776317600000
1776317602.632,202.632,0.83,10.0,0.82,10.0,0.85,44.49,0.86,44.9,0.15,44.49,0.14,124.23,0.18,50.0,0.19,10.0,0.02,0.03,2358.84411,1776317601000
1776317603.329,203.329,0.84,15.0,0.83,10.0,0.85,35.39,0.86,44.9,0.15,35.39,0.14,44.9,0.16,10.0,0.17,10.0,0.01,0.01,2359.192058,1776317602000
1776317603.736,203.736,0.83,6.0,0.82,10.0,0.85,35.39,0.86,44.9,0.15,35.39,0.14,44.9,0.16,15.0,0.17,10.0,0.02,0.01,2359.192058,1776317602000
1776317603.969,203.969,0.84,30.0,0.83,6.0,0.85,23.39,0.86,44.9,0.15,35.39,0.14,44.9,0.17,6.0,0.18,10.0,0.01,0.02,2359.192058,1776317602000
1776317604.395,204.395,0.84,30.0,0.83,6.0,0.85,18.39,0.86,44.9,0.15,23.39,0.14,44.9,0.16,25.0,0.17,6.0,0.01,0.01,2359.192058,1776317602000
1776317604.706,204.706,0.84,30.0,0.83,6.0,0.85,15.59,0.86,44.9,0.15,18.39,0.14,44.9,0.16,30.0,0.17,6.0,0.01,0.01,2359.192058,1776317602000
1776317607.118,207.118,0.84,43.67,0.83,11.0,0.85,15.59,0.86,44.9,0.15,15.59,0.14,44.9,0.16,28.88,0.17,6.0,0.01,0.01,2359.327128,1776317605000
1776317610.533,210.533,0.84,39.79,0.83,16.5,0.85,10.9,0.86,49.9,0.15,15.59,0.14,44.9,0.16,43.67,0.17,11.0,0.01,0.01,2359.288,1776317609000
1776317612.132,212.132,0.84,33.36,0.83,16.5,0.85,5.9,0.86,39.9,0.15,15.9,0.14,49.9,0.16,38.36,0.17,16.5,0.01,0.01,2359.366375,1776317610000
1776317613.349,213.349,0.84,23.65,0.83,28.5,0.85,0.9,0.87,70.0,0.15,5.9,0.14,39.9,0.16,33.36,0.17,16.5,0.01,0.01,2359.33875,1776317612000
1776317614.534,214.534,0.86,10.0,0.85,33.16,0.87,64.82,0.88,5.0,0.13,70.0,0.11,46.79,0.16,23.65,0.17,28.5,0.01,0.03,2359.42288,1776317613000
1776317615.931,215.931,0.86,15.0,0.85,48.66,0.87,61.82,0.88,15.0,0.13,59.82,0.12,5.0,0.14,10.0,0.15,33.16,0.01,0.01,2359.378201,1776317614000
1776317621.869,221.869,0.87,5.0,0.86,15.0,0.88,17.9,0.89,46.79,0.13,61.82,0.12,15.0,0.14,15.0,0.15,48.66,0.01,0.01,2359.35751,1776317620000
1776317622.925,222.925,0.9,35.5,0.89,30.5,0.92,2.75,0.93,122.0,0.12,17.9,0.11,46.79,0.13,5.0,0.14,15.0,0.02,0.01,2359.362165,1776317621000
1776317623.135,223.135,0.9,40.5,0.89,30.5,0.92,7.46,0.93,179.75,0.07,119.75,0.06,199.8,0.1,35.5,0.11,30.5,0.02,0.03,2359.367165,1776317622000
1776317623.434,223.434,0.91,11.51,0.9,40.5,0.92,15.0,0.93,114.75,0.08,7.46,0.07,179.75,0.1,40.5,0.11,30.5,0.01,0.02,2359.367165,1776317622000
1776317623.698,223.698,0.91,21.51,0.9,45.5,0.92,10.0,0.93,114.75,0.08,15.0,0.07,114.75,0.09,11.51,0.1,40.5,0.01,0.01,2359.367165,1776317622000
1776317624.091,224.091,0.91,16.51,0.9,35.5,0.93,101.23,0.94,289.97,0.07,113.99,0.06,154.73,0.09,21.51,0.1,35.5,0.02,0.02,2359.367165,1776317622000
1776317624.5,224.5,0.91,16.51,0.9,35.5,0.93,92.07,0.94,184.79,0.07,101.23,0.06,289.97,0.09,16.51,0.1,35.5,0.02,0.02,2359.408765,1776317623000
1776317624.872,224.872,0.91,16.51,0.9,35.5,0.93,92.07,0.94,172.79,0.07,92.07,0.06,184.79,0.09,16.51,0.1,35.5,0.02,0.02,2359.408765,1776317623000
1776317625.446,225.446,0.92,20.5,0.91,36.51,0.93,57.07,0.94,73.8,0.07,92.07,0.06,172.79,0.09,16.51,0.1,35.5,0.01,0.02,2359.612397,1776317624000
1776317627.864,227.864,0.92,43.32,0.91,16.51,0.93,47.42,0.94,73.8,0.07,57.07,0.06,73.8,0.08,20.5,0.09,36.51,0.01,0.01,2359.650691,1776317626000
1776317628.455,228.455,0.92,48.32,0.91,16.51,0.93,42.42,0.94,73.8,0.07,47.42,0.06,73.8,0.08,43.32,0.09,16.51,0.01,0.01,2359.736813,1776317627000
1776317630.323,230.323,0.92,139.7,0.91,36.51,0.93,37.86,0.94,73.8,0.07,42.42,0.06,73.8,0.08,54.06,0.09,16.51,0.01,0.01,2359.694874,1776317628000
1776317630.618,230.618,0.92,139.7,0.91,34.51,0.93,30.48,0.94,73.8,0.07,37.86,0.06,73.8,0.08,139.7,0.09,36.51,0.01,0.01,2359.670115,1776317629000
1776317631.344,231.344,0.92,134.7,0.91,44.51,0.95,186.07,0.96,418.29,0.07,30.48,0.06,73.8,0.08,139.7,0.09,34.51,0.03,0.01,2359.67011,1776317630000
1776317631.89,231.89,0.92,139.7,0.91,34.51,0.94,8.93,0.95,50.27,0.05,186.07,0.04,418.29,0.08,134.7,0.09,44.51,0.02,0.03,2359.67011,1776317630000
1776317633.513,233.513,0.93,10.0,0.92,150.7,0.94,51.14,0.95,44.27,0.06,8.93,0.05,50.27,0.08,139.7,0.09,34.51,0.01,0.02,2359.678066,1776317632000
1776317634.142,234.142,0.93,10.0,0.92,159.96,0.94,45.82,0.95,44.27,0.06,51.14,0.05,44.27,0.07,10.0,0.08,150.7,0.01,0.01,2359.678066,1776317632000
1776317634.873,234.873,0.93,10.0,0.92,159.96,0.94,8.2,0.95,44.27,0.06,43.7,0.05,44.27,0.07,10.0,0.08,159.96,0.01,0.01,2359.678086,1776317633000
1776317636.053,236.053,0.92,103.46,0.91,10.0,0.93,14.0,0.94,35.2,0.06,8.2,0.05,44.27,0.07,10.0,0.08,159.96,0.01,0.01,2359.683539,1776317634000
1776317636.322,236.322,0.82,2.16,0.81,10.5,0.83,10.0,0.84,15.0,0.14,48.0,0.07,14.0,0.2,29.9,0.24,70.0,0.01,0.06,2359.683539,1776317634000
1776317636.566,236.566,0.82,8.16,0.81,20.5,0.83,10.0,0.84,20.0,0.17,20.0,0.16,15.0,0.18,2.16,0.19,10.5,0.01,0.01,2359.683539,1776317634000
1776317637.583,237.583,0.82,21.0,0.81,25.5,0.84,5.0,0.85,15.0,0.17,10.0,0.16,20.0,0.18,8.16,0.19,20.5,0.02,0.01,2359.733268,1776317636000
1776317638.256,238.256,0.84,42.5,0.83,41.5,0.85,12.88,0.86,15.0,0.16,5.0,0.15,15.0,0.18,21.0,0.19,25.5,0.01,0.02,2359.367781,1776317637000
1776317638.846,238.846,0.84,112.31,0.83,15.5,0.85,28.38,0.86,30.5,0.15,12.88,0.14,15.0,0.17,46.5,0.18,42.0,0.01,0.02,2359.367781,1776317637000
1776317640.373,240.373,0.84,113.31,0.83,15.0,0.86,2.88,0.87,15.0,0.15,23.38,0.14,30.5,0.16,103.31,0.17,15.5,0.02,0.01,2359.129436,1776317639000
1776317641.323,241.323,0.87,26.66,0.86,29.84,0.9,6.0,0.92,55.0,0.12,62.78,0.11,35.0,0.15,10.0,0.16,128.31,0.03,0.03,2359.169787,1776317640000
1776317643.152,243.152,0.93,15.0,0.92,15.0,0.95,346.45,0.96,133.8,0.08,53.11,0.07,98.0,0.13,26.66,0.14,29.84,0.02,0.05,2359.106838,1776317641000
1776317643.42,243.42,0.93,15.0,0.92,15.0,0.95,380.51,0.96,133.8,0.05,346.45,0.04,133.8,0.07,15.0,0.08,15.0,0.02,0.02,2359.31529,1776317642000
1776317644.059,244.059,0.94,20.0,0.93,15.0,0.95,437.28,0.96,234.8,0.05,377.48,0.04,133.8,0.07,15.0,0.08,15.0,0.01,0.02,2359.31529,1776317642000
1776317644.382,244.382,0.94,15.0,0.93,15.0,0.95,432.28,0.96,233.8,0.05,437.28,0.04,234.8,0.06,20.0,0.07,15.0,0.01,0.01,2359.49128,1776317643000
1776317645.331,245.331,0.94,15.0,0.93,28.0,0.95,424.2,0.96,233.8,0.05,432.28,0.04,233.8,0.06,15.0,0.07,15.0,0.01,0.01,2359.49128,1776317643000
1776317647.172,247.172,0.94,20.0,0.93,15.0,0.96,386.58,0.97,335.69,0.05,424.2,0.04,233.8,0.06,15.0,0.07,28.0,0.02,0.01,2359.515331,1776317646000
1776317648.242,248.242,0.94,5.0,0.93,15.0,0.95,7.57,0.96,386.58,0.04,386.58,0.03,335.69,0.06,20.0,0.07,15.0,0.01,0.02,2359.512368,1776317647000
1776317648.854,248.854,0.88,26.0,0.87,38.84,0.9,15.0,0.91,10.0,0.05,7.57,0.04,386.58,0.06,5.0,0.07,15.0,0.02,0.01,2359.512368,1776317647000
1776317649.144,249.144,0.88,31.0,0.87,38.84,0.9,12.76,0.91,15.0,0.1,8.88,0.09,15.0,0.12,31.0,0.13,38.84,0.02,0.02,2359.512368,1776317647000
1776317650.421,250.421,0.9,6.0,0.89,10.0,0.91,17.8,0.92,10.0,0.1,12.76,0.09,15.0,0.12,31.0,0.13,38.84,0.01,0.02,2359.578192,1776317649000
1776317651.299,251.299,0.9,6.0,0.89,28.0,0.91,13.9,0.92,10.0,0.09,17.8,0.08,10.0,0.1,6.0,0.11,10.0,0.01,0.01,2359.578192,1776317649000
1776317652.792,252.792,0.89,39.0,0.88,38.0,0.9,9.0,0.91,8.9,0.09,13.9,0.08,10.0,0.1,6.0,0.11,28.0,0.01,0.01,2359.391703,1776317650000
1776317653.216,253.216,0.89,33.0,0.88,38.0,0.9,24.0,0.91,8.9,0.1,9.0,0.09,8.9,0.11,39.0,0.12,38.0,0.01,0.01,2359.381541,1776317651000
1776317654.07,254.07,0.85,39.15,0.84,34.16,0.88,22.0,0.89,10.0,0.1,24.0,0.09,8.9,0.11,33.0,0.12,38.0,0.03,0.01,2359.390498,1776317653000
1776317654.673,254.673,0.86,25.46,0.85,17.05,0.87,11.72,0.88,27.0,0.13,10.0,0.12,22.0,0.15,17.05,0.16,32.84,0.01,0.02,2359.390498,1776317653000
1776317654.928,254.928,0.86,25.46,0.85,17.05,0.94,30.23,0.95,201.37,0.13,11.72,0.12,27.0,0.14,25.46,0.15,17.05,0.08,0.01,2359.390498,1776317653000
1776317655.208,255.208,0.89,10.0,0.88,10.0,0.9,1.36,0.91,43.0,0.06,30.23,0.05,201.37,0.14,25.46,0.15,17.05,0.01,0.08,2359.396162,1776317654000
1776317655.472,255.472,0.9,11.0,0.89,30.22,0.91,33.0,0.92,10.0,0.09,33.0,0.08,10.0,0.1,14.0,0.11,30.22,0.01,0.01,2359.396162,1776317654000
1776317655.716,255.716,0.89,22.03,0.88,15.0,0.91,43.0,0.92,10.0,0.09,33.0,0.08,10.0,0.1,1.0,0.11,30.22,0.02,0.01,2359.396162,1776317654000
1776317656.434,256.434,0.9,0.45,0.89,22.03,0.91,52.85,0.92,47.0,0.09,38.0,0.08,10.0,0.11,22.03,0.12,15.0,0.01,0.02,2359.216453,1776317655000
1776317657.966,257.966,0.89,3.93,0.88,10.0,0.9,47.85,0.91,15.0,0.09,52.85,0.08,47.0,0.1,0.45,0.11,22.03,0.01,0.01,2359.035725,1776317656000
1776317658.484,258.484,0.89,13.93,0.88,10.0,0.9,37.85,0.91,15.0,0.1,47.85,0.09,15.0,0.11,3.93,0.12,10.0,0.01,0.01,2359.003644,1776317657000
1776317660.336,260.336,0.89,13.93,0.88,10.0,0.9,39.51,0.91,5.0,0.1,37.85,0.09,15.0,0.11,13.93,0.12,10.0,0.01,0.01,2359.091491,1776317659000
1776317662.227,262.227,0.89,40.93,0.88,45.0,0.9,31.17,0.91,5.0,0.1,39.51,0.09,5.0,0.11,13.93,0.12,10.0,0.01,0.01,2359.002703,1776317661000
1776317663.431,263.431,0.89,113.5,0.88,103.84,0.9,15.07,0.96,47.78,0.1,26.17,0.09,5.0,0.11,32.0,0.12,45.0,0.01,0.01,2359.084683,1776317662000
1776317663.672,263.672,0.96,15.0,0.95,20.0,0.97,110.3,0.98,611.63,0.03,110.4,0.02,551.69,0.05,10.0,0.06,10.0,0.01,0.02,2359.084683,1776317662000
1776317663.894,263.894,0.93,23.0,0.92,15.0,0.97,115.3,0.98,621.63,0.03,110.3,0.02,611.63,0.04,15.0,0.05,20.0,0.04,0.01,2359.084683,1776317662000
1776317664.95,264.95,0.89,37.0,0.88,15.0,0.92,10.0,0.93,29.0,0.03,115.3,0.02,621.63,0.07,23.0,0.08,15.0,0.03,0.04,2359.005187,1776317663000
1776317665.343,265.343,0.9,10.0,0.89,24.0,0.92,4.13,0.93,34.0,0.08,10.0,0.07,29.0,0.11,37.0,0.12,15.0,0.02,0.03,2359.05778,1776317664000
1776317665.753,265.753,0.91,10.0,0.9,10.0,0.92,3.91,0.93,29.0,0.08,4.13,0.07,34.0,0.1,10.0,0.11,24.0,0.01,0.02,2359.05778,1776317664000
1776317668.511,268.511,0.93,55.85,0.92,81.85,0.94,47.0,0.96,83.5,0.09,5.0,0.08,3.91,0.1,10.0,0.11,29.0,0.01,0.01,2359.151487,1776317667000
1776317668.797,268.797,0.93,177.85,0.92,133.85,0.94,21.91,0.96,37.5,0.06,47.0,0.04,83.5,0.07,55.85,0.08,81.85,0.01,0.01,2359.151487,1776317667000
1776317669.179,269.179,0.95,124.85,0.94,45.0,0.96,36.04,0.97,91.3,0.04,37.5,0.03,91.3,0.07,177.85,0.08,133.85,0.01,0.03,2359.121572,1776317668000
1776317669.507,269.507,0.95,126.85,0.94,45.0,0.96,24.99,0.97,91.3,0.04,26.04,0.03,91.3,0.05,131.85,0.06,45.0,0.01,0.01,2359.121572,1776317668000
1776317670.058,270.058,0.96,84.55,0.95,109.85,0.97,71.3,0.98,357.0,0.04,24.99,0.03,91.3,0.05,126.85,0.06,45.0,0.01,0.01,2359.121572,1776317668000
1776317670.955,270.955,0.96,163.54,0.95,85.0,0.97,61.3,0.98,307.0,0.03,66.3,0.02,307.0,0.04,84.55,0.05,109.85,0.01,0.01,2359.119903,1776317669000
1776317671.236,271.236,0.96,173.54,0.95,85.0,0.97,60.26,0.98,207.0,0.03,61.3,0.02,307.0,0.04,163.54,0.05,85.0,0.01,0.01,2359.50341,1776317670000
1776317671.756,271.756,0.97,10.0,0.96,156.68,0.98,200.11,0.99,6904.08,0.02,205.11,0.01,6804.08,0.04,163.54,0.05,85.0,0.01,0.02,2359.50341,1776317670000
1776317672.227,272.227,0.97,12.0,0.96,146.54,0.98,184.71,0.99,6904.08,0.02,205.11,0.01,6904.08,0.03,12.0,0.04,151.68,0.01,0.01,2359.592935,1776317671000
1776317672.514,272.514,0.97,16.72,0.96,146.54,0.98,183.68,0.99,6904.08,0.02,178.68,0.01,6904.08,0.03,12.0,0.04,146.54,0.01,0.01,2359.592935,1776317671000
1776317674.62,274.62,0.97,35.59,0.96,136.54,0.98,162.25,0.99,6941.08,0.02,183.68,0.01,6904.08,0.03,12.59,0.04,146.54,0.01,0.01,2359.63087,1776317673000
1776317675.008,275.008,0.97,41.65,0.96,118.7,0.98,162.25,0.99,6841.08,0.02,162.25,0.01,6941.08,0.03,35.59,0.04,136.54,0.01,0.01,2359.751373,1776317674000
1776317675.544,275.544,0.97,39.85,0.96,118.7,0.98,160.2,0.99,6841.08,0.02,162.25,0.01,6841.08,0.03,41.65,0.04,118.7,0.01,0.01,2359.751373,1776317674000
1776317676.072,276.072,0.96,31.55,0.95,81.94,0.97,15.0,0.98,139.78,0.02,44.78,0.01,6841.08,0.03,39.85,0.04,118.7,0.01,0.01,2359.57843,1776317675000
1776317676.332,276.332,0.96,22.7,0.95,61.79,0.97,188.93,0.98,374.78,0.03,15.0,0.02,139.78,0.04,31.55,0.05,81.94,0.01,0.01,2359.57843,1776317675000
1776317676.885,276.885,0.95,66.79,0.94,61.0,0.96,27.89,0.97,49.93,0.03,188.93,0.02,374.78,0.05,61.79,0.06,24.0,0.01,0.02,2359.571955,1776317676000
1776317678.162,278.162,0.95,30.0,0.94,61.0,0.96,12.89,0.97,49.93,0.04,27.89,0.03,49.93,0.05,66.79,0.06,61.0,0.01,0.01,2359.571955,1776317676000
1776317678.507,278.507,0.94,35.01,0.93,46.0,0.95,16.0,0.96,22.89,0.04,12.89,0.03,49.93,0.05,30.0,0.06,61.0,0.01,0.01,2359.571955,1776317676000
1776317679.182,279.182,0.94,51.0,0.93,51.0,0.95,9.92,0.96,17.89,0.05,16.0,0.04,22.89,0.06,35.01,0.07,46.0,0.01,0.01,2359.456072,1776317677000
1776317679.427,279.427,0.94,46.0,0.93,51.0,0.95,4.65,0.96,17.89,0.05,9.92,0.04,17.89,0.06,51.0,0.07,51.0,0.01,0.01,2359.459487,1776317678000
1776317679.652,279.652,0.94,10.0,0.93,59.0,0.96,14.44,0.97,49.93,0.05,4.65,0.04,17.89,0.06,46.0,0.07,51.0,0.02,0.01,2359.459487,1776317678000
1776317680.271,280.271,0.93,54.0,0.92,29.0,0.94,20.93,0.95,10.0,0.04,14.44,0.03,49.93,0.07,49.0,0.08,39.0,0.01,0.03,2359.459487,1776317678000
1776317680.596,280.596,0.93,127.55,0.92,52.0,0.94,20.93,0.95,10.0,0.06,20.93,0.05,10.0,0.07,54.0,0.08,29.0,0.01,0.01,2359.316628,1776317679000
1776317680.799,280.799,0.93,108.55,0.92,52.0,0.94,20.93,0.95,10.0,0.06,20.93,0.05,10.0,0.07,127.55,0.08,52.0,0.01,0.01,2359.316628,1776317679000
1776317681.023,281.023,0.93,117.54,0.92,52.0,0.94,20.93,0.95,10.0,0.06,20.93,0.05,10.0,0.07,108.55,0.08,52.0,0.01,0.01,2359.294561,1776317680000
1776317681.79,281.79,0.93,212.93,0.92,52.0,0.94,20.93,0.96,14.44,0.06,20.93,0.04,14.44,0.07,87.54,0.08,52.0,0.01,0.01,2359.294561,1776317680000
1776317684.019,284.019,0.93,293.95,0.92,39.0,0.94,14.43,0.96,14.44,0.06,20.93,0.04,14.44,0.07,212.93,0.08,52.0,0.01,0.01,2359.176019,1776317683000
1776317684.521,284.521,0.93,14.75,0.91,5.0,0.94,68.43,0.95,10.0,0.06,7.43,0.04,14.44,0.07,293.95,0.08,39.0,0.01,0.01,2359.176019,1776317683000
1776317684.722,284.722,0.77,5.59,0.76,10.0,0.79,10.0,0.8,10.0,0.2,10.0,0.19,20.0,0.22,5.94,0.25,7.18,0.02,0.02,2359.176019,1776317683000
1776317684.935,284.935,0.76,10.0,0.75,77.01,0.79,9.48,0.8,10.0,0.21,10.0,0.2,10.0,0.25,72.01,0.26,85.0,0.03,0.04,2359.092137,1776317684000
1776317685.265,285.265,0.77,15.0,0.76,5.37,0.8,9.59,0.81,10.0,0.21,1.87,0.2,10.0,0.23,10.0,0.24,10.37,0.03,0.02,2359.092137,1776317684000
1776317686.044,286.044,0.82,10.0,0.81,85.67,0.83,6.97,0.87,20.0,0.22,3.82,0.21,10.0,0.23,10.0,0.24,5.37,0.01,0.01,2359.092137,1776317684000
1776317686.51,286.51,0.88,15.0,0.87,10.0,0.91,76.94,0.92,10.0,0.11,1.97,0.1,10.0,0.18,9.44,0.19,85.67,0.03,0.07,2358.784327,1776317685000
1776317686.931,286.931,0.9,20.0,0.89,20.0,0.92,40.0,0.93,110.0,0.09,60.32,0.08,15.0,0.11,10.0,0.12,10.0,0.02,0.02,2358.784327,1776317685000
1776317687.356,287.356,0.89,15.0,0.88,15.0,0.92,8.35,0.93,109.38,0.07,114.38,0.06,117.43,0.12,15.0,0.13,7.23,0.03,0.05,2358.514469,1776317686000
1776317687.591,287.591,0.88,15.0,0.87,7.23,0.91,10.0,0.92,8.35,0.08,8.35,0.07,109.38,0.11,15.0,0.12,15.0,0.03,0.03,2358.514469,1776317686000
1776317687.975,287.975,0.92,9.0,0.91,15.0,0.93,104.38,0.94,110.0,0.07,109.38,0.06,146.0,0.1,12.0,0.11,80.0,0.01,0.03,2358.514469,1776317686000
1776317688.216,288.216,0.92,19.0,0.91,35.0,0.94,10.0,0.95,15.0,0.07,9.9,0.06,10.0,0.08,14.0,0.09,35.0,0.02,0.01,2358.514469,1776317686000
1776317688.766,288.766,0.94,166.01,0.93,142.99,0.95,9.9,0.96,10.0,0.03,8.55,0.02,69.78,0.07,30.0,0.08,15.0,0.01,0.04,2358.518621,1776317687000
1776317689.613,289.613,0.94,239.0,0.93,121.0,0.96,9.9,0.97,8.55,0.05,4.9,0.04,10.0,0.06,166.01,0.07,142.99,0.02,0.01,2358.616585,1776317688000
1776317690.428,290.428,0.96,94.0,0.95,136.0,0.98,37.94,0.99,1562.08,0.03,3.16,0.02,39.78,0.05,20.0,0.06,214.0,0.02,0.02,2358.768885,1776317689000
1776317690.642,290.642,0.96,139.0,0.95,114.0,0.97,5.0,0.98,37.94,0.02,37.94,0.01,1562.08,0.04,94.0,0.05,136.0,0.01,0.02,2358.768885,1776317689000
1776317690.869,290.869,0.96,129.0,0.95,109.0,0.97,9.9,0.98,37.94,0.02,37.94,0.01,1462.08,0.04,129.0,0.05,109.0,0.01,0.02,2358.958593,1776317690000
1776317691.237,291.237,0.97,171.44,0.96,84.0,0.99,1403.32,,,0.01,1508.32,,,0.03,161.44,0.04,84.0,0.02,0.02,2358.958593,1776317690000
1776317691.74,291.74,0.97,133.1,0.96,84.0,0.99,1403.32,,,0.01,1403.32,,,0.03,171.44,0.04,84.0,0.02,0.02,2358.958593,1776317690000
1776317691.95,291.95,0.97,133.1,0.96,84.0,0.99,398.32,,,0.01,1403.32,,,0.03,133.1,0.04,84.0,0.02,0.02,2358.958593,1776317690000
1776317692.225,292.225,0.97,154.25,0.96,84.0,0.99,391.32,,,0.01,388.32,,,0.03,149.1,0.04,84.0,0.02,0.02,2358.958593,1776317690000
1776317692.519,292.519,0.97,154.25,0.96,84.0,0.99,370.32,,,0.01,384.32,,,0.03,154.25,0.04,84.0,0.02,0.02,2358.958593,1776317690000
1776317692.79,292.79,0.97,159.25,0.96,84.0,0.99,363.26,,,0.01,365.26,,,0.03,159.25,0.04,84.0,0.02,0.02,2358.958593,1776317690000
1776317693.337,293.337,0.97,184.25,0.96,84.0,0.99,274.2,,,0.01,348.2,,,0.03,179.25,0.04,84.0,0.02,0.02,2359.06827,1776317691000
1776317693.644,293.644,0.97,184.25,0.96,84.0,0.99,248.95,,,0.01,264.1,,,0.03,179.25,0.04,84.0,0.02,0.02,2359.290038,1776317692000
1776317693.939,293.939,0.97,313.25,0.96,70.0,0.99,233.95,,,0.01,243.95,,,0.03,184.25,0.04,84.0,0.02,0.02,2359.290038,1776317692000
1776317694.263,294.263,0.99,3226.27,0.98,54.0,,,,,,,,,0.01,917.05,0.03,313.25,,,2359.248815,1776317693000
1776317695.032,295.032,0.99,3438.26,0.98,116.0,,,,,,,,,0.01,3226.27,0.02,54.0,,,2359.248815,1776317693000
1776317697.819,297.819,0.99,6349.82,0.98,93.99,,,,,,,,,0.01,3438.26,0.02,116.0,,,2359.789644,1776317696000

# RESULT,winner=Up,slug=eth-updown-5m-1776317400,ticks=322
