timestamp,elapsed_sec,up_bid_p1,up_bid_s1,up_bid_p2,up_bid_s2,up_ask_p1,up_ask_s1,up_ask_p2,up_ask_s2,down_bid_p1,down_bid_s1,down_bid_p2,down_bid_s2,down_ask_p1,down_ask_s1,down_ask_p2,down_ask_s2,up_spread,down_spread,eth_price,eth_oracle_ts
1776371700.744,0.744,0.52,45.43,0.51,39.41,0.54,5.0,0.6,47.12,0.46,5.0,0.4,47.12,0.48,57.87,0.49,10.0,0.02,0.02,2346.88462,1776371699000
1776371701.149,1.149,0.52,45.43,0.51,39.41,0.54,5.0,0.6,47.12,0.46,5.0,0.4,47.12,0.48,45.43,0.49,39.41,0.02,0.02,2346.697812,1776371700000
1776371702.193,2.193,0.52,56.97,0.51,39.41,0.53,95.81,0.54,291.0,0.46,5.0,0.4,47.12,0.48,45.43,0.49,39.41,0.01,0.02,2346.697812,1776371700000
1776371702.95,2.95,0.52,56.97,0.51,39.41,0.54,187.88,0.55,113.0,0.46,187.88,0.45,113.0,0.48,56.97,0.49,39.41,0.02,0.02,2346.711618,1776371701000
1776371703.368,3.368,0.52,61.67,0.51,49.41,0.54,132.32,0.55,123.0,0.46,132.32,0.45,113.0,0.48,56.97,0.49,39.41,0.02,0.02,2346.711618,1776371701000
1776371703.945,3.945,0.49,126.0,0.48,131.0,0.54,125.98,0.55,123.0,0.46,125.98,0.45,123.0,0.51,126.0,0.52,131.0,0.05,0.05,2346.703458,1776371702000
1776371704.271,4.271,0.5,20.0,0.49,126.0,0.51,6.55,0.52,20.0,0.49,11.64,0.48,20.0,0.5,15.0,0.51,126.0,0.01,0.01,2346.703458,1776371702000
1776371704.819,4.819,0.5,20.0,0.49,126.0,0.51,6.55,0.52,20.0,0.49,6.55,0.48,20.0,0.5,20.0,0.51,126.0,0.01,0.01,2346.697521,1776371703000
1776371705.192,5.192,0.5,20.0,0.49,126.0,0.51,1.25,0.52,20.0,0.49,6.55,0.48,20.0,0.5,20.0,0.51,126.0,0.01,0.01,2346.697521,1776371703000
1776371705.713,5.713,0.5,20.0,0.49,126.0,0.51,1.25,0.52,20.0,0.49,1.25,0.48,20.0,0.5,20.0,0.51,126.0,0.01,0.01,2346.744764,1776371704000
1776371706.481,6.481,0.5,20.0,0.49,126.0,0.51,1.25,0.52,20.0,0.49,1.25,0.48,20.0,0.5,20.0,0.51,126.0,0.01,0.01,2346.74916,1776371705000
1776371707.209,7.209,0.49,126.0,0.48,128.0,0.5,6.94,0.51,16.25,0.49,1.25,0.48,20.0,0.5,20.0,0.51,126.0,0.01,0.01,2346.74916,1776371705000
1776371708.23,8.23,0.49,126.0,0.48,128.0,0.5,1.94,0.51,16.25,0.5,1.94,0.49,16.25,0.51,126.0,0.52,128.0,0.01,0.01,2346.769868,1776371707000
1776371709.201,9.201,0.49,158.37,0.48,133.0,0.5,20.5,0.51,16.25,0.5,1.94,0.49,16.25,0.51,126.0,0.52,128.0,0.01,0.01,2346.769868,1776371707000
1776371709.844,9.844,0.49,64.5,0.48,33.0,0.5,25.5,0.51,116.25,0.5,20.5,0.49,16.25,0.51,158.37,0.52,133.0,0.01,0.01,2346.709774,1776371708000
1776371710.383,10.383,0.49,64.5,0.48,33.0,0.5,25.5,0.51,116.25,0.5,25.5,0.49,116.25,0.51,64.5,0.52,33.0,0.01,0.01,2346.693276,1776371709000
1776371710.735,10.735,0.48,71.5,0.47,38.5,0.5,167.5,0.51,139.25,0.5,25.5,0.49,116.25,0.51,64.5,0.52,33.0,0.02,0.01,2346.693276,1776371709000
1776371710.967,10.967,0.48,71.5,0.47,38.5,0.5,167.5,0.51,139.25,0.5,167.5,0.49,139.25,0.52,71.5,0.53,38.5,0.02,0.02,2346.674488,1776371710000
1776371711.19,11.19,0.48,66.5,0.47,38.5,0.49,4.55,0.5,167.5,0.51,7.0,0.5,167.5,0.52,66.5,0.53,38.5,0.01,0.01,2346.674488,1776371710000
1776371711.806,11.806,0.48,66.5,0.47,38.5,0.49,14.55,0.5,167.5,0.51,4.55,0.5,167.5,0.52,66.5,0.53,38.5,0.01,0.01,2346.674488,1776371710000
1776371712.748,12.748,0.48,65.5,0.47,49.5,0.5,164.6,0.51,116.25,0.51,9.55,0.5,167.5,0.52,58.82,0.53,38.5,0.02,0.01,2346.661152,1776371711000
1776371713.183,13.183,0.46,10.58,0.45,56.5,0.47,15.0,0.48,155.0,0.5,164.6,0.49,116.25,0.52,65.5,0.53,49.5,0.01,0.02,2346.661152,1776371711000
1776371713.763,13.763,0.46,28.58,0.45,56.5,0.48,121.27,0.49,313.5,0.53,15.0,0.52,155.0,0.54,10.58,0.55,56.5,0.02,0.01,2346.604171,1776371712000
1776371715.032,15.032,0.47,41.5,0.46,43.58,0.49,104.8,0.5,114.6,0.53,12.87,0.52,110.77,0.54,43.58,0.55,56.5,0.02,0.01,2346.573657,1776371713000
1776371715.425,15.425,0.49,56.16,0.48,280.12,0.5,16.0,0.51,11.75,0.51,104.8,0.5,114.6,0.53,41.5,0.54,43.58,0.01,0.02,2346.472738,1776371714000
1776371715.876,15.876,0.49,106.16,0.48,274.12,0.5,8.0,0.51,31.75,0.5,16.0,0.49,11.75,0.51,56.16,0.52,280.12,0.01,0.01,2346.472738,1776371714000
1776371716.313,16.313,0.49,106.16,0.48,274.12,0.51,46.75,0.52,62.5,0.5,8.0,0.49,31.75,0.51,106.16,0.52,274.12,0.02,0.01,2346.472738,1776371714000
1776371716.609,16.609,0.49,8.0,0.48,302.12,0.5,6.0,0.51,46.75,0.49,53.75,0.48,62.5,0.51,8.12,0.52,274.12,0.01,0.02,2346.365875,1776371715000
1776371718.331,18.331,0.48,187.98,0.47,132.0,0.49,73.05,0.5,64.5,0.5,6.0,0.49,46.75,0.51,8.0,0.52,302.12,0.01,0.01,2346.588702,1776371717000
1776371718.974,18.974,0.48,187.98,0.47,142.5,0.49,65.05,0.5,59.5,0.51,73.05,0.5,64.5,0.52,187.98,0.53,132.0,0.01,0.01,2346.588702,1776371717000
1776371719.29,19.29,0.48,180.98,0.47,142.5,0.49,70.05,0.5,59.5,0.51,65.05,0.5,59.5,0.52,187.98,0.53,142.5,0.01,0.01,2346.53711,1776371718000
1776371721.661,21.661,0.48,249.55,0.47,152.5,0.49,22.0,0.5,30.5,0.51,40.05,0.5,54.5,0.52,189.05,0.53,180.5,0.01,0.01,2346.496049,1776371720000
1776371721.971,21.971,0.48,232.55,0.47,152.5,0.49,32.5,0.5,30.5,0.51,22.0,0.5,30.5,0.52,249.55,0.53,152.5,0.01,0.01,2346.496049,1776371720000
1776371722.364,22.364,0.48,253.55,0.47,149.0,0.49,25.5,0.5,20.5,0.51,32.5,0.5,30.5,0.52,232.55,0.53,152.5,0.01,0.01,2346.44588,1776371721000
1776371722.852,22.852,0.48,349.31,0.47,149.0,0.49,10.0,0.5,10.5,0.51,25.5,0.5,20.5,0.52,251.24,0.53,149.0,0.01,0.01,2346.44588,1776371721000
1776371724.014,24.014,0.5,77.16,0.49,158.5,0.51,40.0,0.52,30.5,0.51,10.0,0.5,10.5,0.52,349.31,0.53,149.0,0.01,0.01,2346.475933,1776371722000
1776371724.432,24.432,0.5,151.16,0.49,65.5,0.51,15.0,0.52,10.0,0.49,40.0,0.48,30.5,0.5,77.16,0.51,158.5,0.01,0.01,2346.480643,1776371723000
1776371724.634,24.634,0.51,32.5,0.5,173.16,0.52,6.76,0.53,70.0,0.48,9.88,0.47,70.0,0.5,180.16,0.51,83.5,0.01,0.02,2346.480643,1776371723000
1776371724.906,24.906,0.52,123.5,0.51,86.5,0.53,48.33,0.54,10.0,0.47,48.33,0.46,10.0,0.49,107.5,0.5,91.16,0.01,0.02,2346.480643,1776371723000
1776371725.127,25.127,0.52,123.5,0.51,126.5,0.53,40.49,0.54,10.0,0.47,48.33,0.46,10.0,0.48,123.5,0.49,86.5,0.01,0.01,2346.480643,1776371723000
1776371725.345,25.345,0.52,113.5,0.51,114.5,0.53,31.96,0.54,10.0,0.47,35.49,0.46,10.0,0.48,107.5,0.49,121.5,0.01,0.01,2346.480643,1776371723000
1776371725.653,25.653,0.52,113.5,0.51,119.5,0.53,31.96,0.54,10.0,0.47,31.96,0.46,10.0,0.48,113.5,0.49,114.5,0.01,0.01,2346.574135,1776371724000
1776371726.213,26.213,0.52,196.94,0.51,99.5,0.55,120.0,0.56,100.5,0.47,24.12,0.46,10.0,0.48,103.7,0.49,129.5,0.03,0.01,2346.620879,1776371725000
1776371726.503,26.503,0.54,94.89,0.53,51.5,0.55,130.0,0.56,100.5,0.45,120.0,0.44,100.5,0.48,196.94,0.49,99.5,0.01,0.03,2346.620879,1776371725000
1776371727.277,27.277,0.54,94.89,0.53,51.5,0.55,123.0,0.56,100.5,0.45,130.0,0.44,100.5,0.46,94.89,0.47,51.5,0.01,0.01,2346.927278,1776371726000
1776371727.595,27.595,0.54,81.89,0.53,42.5,0.55,123.0,0.56,100.5,0.45,123.0,0.44,100.5,0.46,89.89,0.47,42.5,0.01,0.01,2346.927278,1776371726000
1776371728.119,28.119,0.54,75.97,0.53,31.5,0.55,138.0,0.56,110.5,0.45,123.0,0.44,100.5,0.46,81.89,0.47,42.5,0.01,0.01,2346.927278,1776371726000
1776371728.456,28.456,0.54,80.1,0.53,31.5,0.55,118.0,0.56,110.5,0.45,138.0,0.44,110.5,0.46,72.7,0.47,31.5,0.01,0.01,2346.97869,1776371727000
1776371729.037,29.037,0.54,111.1,0.53,31.5,0.55,125.0,0.56,115.5,0.45,118.0,0.44,110.5,0.46,65.1,0.47,41.5,0.01,0.01,2346.97869,1776371727000
1776371729.738,29.738,0.54,70.23,0.53,31.5,0.55,123.18,0.56,110.5,0.45,125.0,0.44,100.5,0.46,116.23,0.47,31.5,0.01,0.01,2346.97869,1776371727000
1776371730.04,30.04,0.54,70.23,0.53,31.5,0.55,116.18,0.56,110.5,0.45,123.18,0.44,110.5,0.46,70.23,0.47,31.5,0.01,0.01,2347.015555,1776371728000
1776371730.375,30.375,0.54,78.23,0.53,31.5,0.55,76.18,0.56,110.5,0.45,116.18,0.44,110.5,0.46,70.23,0.47,31.5,0.01,0.01,2347.015555,1776371728000
1776371730.918,30.918,0.54,65.67,0.53,31.5,0.55,76.18,0.56,110.5,0.45,76.18,0.44,110.5,0.46,76.19,0.47,31.5,0.01,0.01,2347.015555,1776371729000
1776371731.26,31.26,0.54,34.67,0.53,21.5,0.55,76.18,0.56,110.5,0.45,76.18,0.44,110.5,0.46,65.67,0.47,31.5,0.01,0.01,2347.01392,1776371730000
1776371732.737,32.737,0.54,18.67,0.53,31.5,0.55,69.18,0.56,138.5,0.45,76.18,0.44,110.5,0.46,13.67,0.47,31.5,0.01,0.01,2347.00884,1776371731000
1776371733.07,33.07,0.54,10.67,0.53,31.5,0.55,69.18,0.56,138.5,0.45,69.18,0.44,138.5,0.46,18.67,0.47,31.5,0.01,0.01,2347.03942,1776371732000
1776371734.134,34.134,0.52,98.24,0.51,10.0,0.53,145.97,0.54,113.5,0.45,69.18,0.44,138.5,0.46,10.67,0.47,31.5,0.01,0.01,2347.066985,1776371733000
1776371734.582,34.582,0.48,90.02,0.47,38.0,0.49,52.13,0.5,58.5,0.47,134.97,0.46,113.5,0.51,25.0,0.52,69.52,0.01,0.04,2347.066985,1776371733000
1776371735.452,35.452,0.48,149.02,0.47,38.0,0.49,0.13,0.5,30.0,0.51,52.13,0.5,58.5,0.52,90.02,0.53,38.0,0.01,0.01,2347.066985,1776371733000
1776371735.771,35.771,0.48,142.02,0.47,43.0,0.49,0.13,0.5,25.0,0.51,0.13,0.5,30.0,0.52,149.02,0.53,38.0,0.01,0.01,2347.02257,1776371734000
1776371736.244,36.244,0.48,138.17,0.47,43.0,0.49,16.13,0.5,25.0,0.51,0.13,0.5,25.0,0.52,142.02,0.53,43.0,0.01,0.01,2346.930952,1776371735000
1776371736.796,36.796,0.5,68.5,0.49,37.5,0.52,25.14,0.53,80.5,0.51,16.13,0.5,25.0,0.52,138.17,0.53,43.0,0.02,0.01,2346.930952,1776371735000
1776371738.134,38.134,0.5,53.5,0.49,100.5,0.51,29.5,0.52,63.14,0.48,25.14,0.47,80.5,0.5,68.5,0.51,37.5,0.01,0.02,2346.688775,1776371737000
1776371738.463,38.463,0.5,35.5,0.49,110.5,0.51,26.0,0.52,63.14,0.49,29.5,0.48,63.14,0.5,53.5,0.51,100.5,0.01,0.01,2346.688775,1776371737000
1776371739.211,39.211,0.49,36.68,0.48,50.0,0.5,110.5,0.51,91.5,0.49,26.0,0.48,63.14,0.5,35.5,0.51,110.5,0.01,0.01,2346.71916,1776371738000
1776371740.841,40.841,0.49,6.68,0.47,30.5,0.5,138.5,0.51,70.5,0.5,110.5,0.49,91.5,0.51,6.68,0.52,50.0,0.01,0.01,2346.719405,1776371739000
1776371741.199,41.199,0.47,30.5,0.46,101.5,0.5,138.5,0.51,70.5,0.5,138.5,0.49,70.5,0.51,6.68,0.53,30.5,0.03,0.01,2346.675699,1776371740000
1776371742.789,42.789,0.46,50.0,0.44,75.0,0.47,29.94,0.48,169.5,0.5,138.5,0.49,70.5,0.53,30.5,0.54,101.5,0.01,0.03,2346.624857,1776371741000
1776371743.62,43.62,0.44,55.0,0.43,73.5,0.45,17.0,0.46,30.5,0.53,29.94,0.52,169.5,0.54,50.0,0.56,75.0,0.01,0.01,2346.554637,1776371742000
1776371743.974,43.974,0.44,17.96,0.43,73.5,0.45,17.0,0.46,40.5,0.55,17.0,0.54,30.5,0.56,55.0,0.57,73.5,0.01,0.01,2346.554637,1776371742000
1776371744.406,44.406,0.44,8.96,0.43,113.5,0.45,15.0,0.46,40.5,0.55,17.0,0.54,40.5,0.56,17.96,0.57,73.5,0.01,0.01,2346.511914,1776371743000
1776371744.971,44.971,0.44,75.46,0.43,75.5,0.45,10.0,0.46,15.0,0.55,15.0,0.54,40.5,0.56,8.96,0.57,113.5,0.01,0.01,2346.36007,1776371744000
1776371745.845,45.845,0.46,180.29,0.45,84.5,0.47,34.82,0.48,15.0,0.55,10.0,0.54,15.0,0.56,75.46,0.57,75.5,0.01,0.01,2346.284425,1776371745000
1776371746.287,46.287,0.46,143.08,0.45,64.5,0.47,31.71,0.48,15.0,0.53,29.71,0.52,15.0,0.54,183.08,0.55,64.5,0.01,0.01,2346.284425,1776371745000
1776371746.595,46.595,0.46,136.08,0.45,64.5,0.47,31.71,0.48,15.0,0.53,31.71,0.52,15.0,0.54,143.08,0.55,64.5,0.01,0.01,2346.284425,1776371745000
1776371747.842,47.842,0.46,136.08,0.45,64.5,0.47,27.53,0.48,15.0,0.53,31.71,0.52,15.0,0.54,136.08,0.55,64.5,0.01,0.01,2346.426618,1776371747000
1776371748.972,48.972,0.46,136.08,0.45,64.5,0.47,16.33,0.48,15.0,0.53,24.33,0.52,15.0,0.54,136.08,0.55,64.5,0.01,0.01,2346.53507,1776371748000
1776371750.701,50.701,0.45,261.5,0.44,188.46,0.47,6.33,0.49,35.0,0.53,16.33,0.52,15.0,0.55,34.48,0.56,170.46,0.02,0.02,2346.527165,1776371749000
1776371751.909,51.909,0.45,1.0,0.43,40.0,0.51,40.01,0.52,285.0,0.51,35.0,0.5,40.0,0.54,30.5,0.55,126.5,0.06,0.03,2346.525125,1776371750000
1776371752.134,52.134,0.42,5.37,0.39,6.75,0.47,66.0,0.48,32.61,0.53,66.0,0.52,32.61,0.54,1.74,0.58,13.63,0.05,0.01,2346.52602,1776371751000
1776371752.357,52.357,0.37,1.3,0.36,71.5,0.38,33.0,0.39,15.0,0.54,47.82,0.53,101.0,0.58,5.37,0.61,6.75,0.01,0.04,2346.52602,1776371751000
1776371752.751,52.751,0.36,86.5,0.35,188.0,0.4,10.0,0.41,11.73,0.59,6.73,0.58,15.0,0.64,76.5,0.65,183.0,0.04,0.05,2346.52602,1776371751000
1776371753.02,53.02,0.36,85.14,0.35,208.5,0.37,7.29,0.38,5.36,0.63,10.0,0.62,5.36,0.64,85.14,0.65,208.5,0.01,0.01,2346.52602,1776371751000
1776371753.417,53.417,0.37,11.4,0.36,92.14,0.38,15.86,0.39,25.5,0.63,2.29,0.62,5.36,0.64,80.14,0.65,208.5,0.01,0.01,2346.52602,1776371751000
1776371753.847,53.847,0.37,4.4,0.36,69.14,0.38,15.59,0.39,30.5,0.62,15.86,0.61,25.5,0.63,4.4,0.64,92.14,0.01,0.01,2346.697915,1776371752000
1776371754.048,54.048,0.36,31.78,0.35,203.5,0.37,18.65,0.38,15.59,0.63,8.15,0.62,15.59,0.64,68.78,0.65,203.5,0.01,0.01,2346.697915,1776371752000
1776371754.821,54.821,0.36,30.21,0.35,223.5,0.37,39.99,0.38,30.59,0.63,18.65,0.62,15.59,0.64,31.78,0.65,203.5,0.01,0.01,2345.704615,1776371753000
1776371757.511,57.511,0.36,27.0,0.35,218.74,0.37,38.46,0.38,63.83,0.63,39.99,0.62,30.59,0.64,30.21,0.65,223.5,0.01,0.01,2345.576235,1776371756000
1776371757.965,57.965,0.36,37.5,0.35,233.74,0.37,11.77,0.38,58.6,0.63,38.46,0.62,63.83,0.64,27.0,0.65,218.74,0.01,0.01,2345.58283,1776371757000
1776371758.287,58.287,0.35,100.24,0.34,60.5,0.36,150.5,0.37,84.5,0.63,3.95,0.62,58.6,0.64,37.5,0.65,233.74,0.01,0.01,2345.58283,1776371757000
1776371758.503,58.503,0.35,95.24,0.34,117.67,0.36,129.08,0.37,84.5,0.64,129.08,0.63,84.5,0.65,100.24,0.66,117.67,0.01,0.01,2345.58283,1776371757000
1776371758.729,58.729,0.35,72.7,0.34,117.67,0.36,129.08,0.37,84.5,0.64,129.08,0.63,84.5,0.65,93.7,0.66,117.67,0.01,0.01,2345.58283,1776371757000
1776371759.275,59.275,0.35,56.7,0.34,50.0,0.36,139.08,0.37,84.5,0.64,129.08,0.63,84.5,0.65,72.7,0.66,117.67,0.01,0.01,2345.619662,1776371758000
1776371760.322,60.322,0.35,49.7,0.34,50.0,0.36,139.08,0.37,84.5,0.64,139.08,0.63,84.5,0.65,56.7,0.66,50.0,0.01,0.01,2345.622535,1776371759000
1776371760.699,60.699,0.35,31.38,0.34,50.0,0.36,162.08,0.37,89.5,0.64,162.08,0.63,84.5,0.65,32.92,0.66,50.0,0.01,0.01,2345.622535,1776371759000
1776371761.12,61.12,0.35,26.3,0.34,60.5,0.36,29.94,0.37,55.5,0.64,134.5,0.63,60.5,0.65,26.3,0.66,50.0,0.01,0.01,2345.5331,1776371760000
1776371761.488,61.488,0.34,65.5,0.33,206.5,0.36,46.94,0.37,78.5,0.64,29.94,0.63,55.5,0.65,21.3,0.66,60.5,0.02,0.01,2345.5331,1776371760000
1776371762.466,62.466,0.34,65.5,0.33,196.5,0.35,7.47,0.36,57.94,0.65,6.42,0.64,39.94,0.66,65.5,0.67,206.5,0.01,0.01,2345.393779,1776371761000
1776371763.038,63.038,0.34,103.5,0.33,178.5,0.36,22.47,0.37,50.5,0.65,7.47,0.64,57.94,0.66,65.5,0.67,196.5,0.02,0.01,2345.393779,1776371761000
1776371763.461,63.461,0.34,72.98,0.33,203.5,0.35,5.0,0.36,10.0,0.64,22.47,0.63,50.5,0.66,103.5,0.67,178.5,0.01,0.02,2345.393542,1776371762000
1776371763.742,63.742,0.34,33.22,0.33,217.5,0.35,5.0,0.36,10.0,0.65,5.0,0.64,10.0,0.66,72.98,0.67,203.5,0.01,0.01,2345.393542,1776371762000
1776371765.141,65.141,0.34,59.7,0.33,184.5,0.35,17.56,0.36,15.0,0.65,5.0,0.64,10.0,0.66,31.7,0.67,217.5,0.01,0.01,2345.431286,1776371763000
1776371765.76,65.76,0.34,105.7,0.33,180.5,0.35,12.56,0.36,15.0,0.65,17.56,0.64,15.0,0.66,59.7,0.67,184.5,0.01,0.01,2345.424974,1776371764000
1776371765.976,65.976,0.34,109.18,0.33,280.5,0.35,12.56,0.36,15.0,0.65,12.56,0.64,15.0,0.66,105.7,0.67,180.5,0.01,0.01,2345.424974,1776371764000
1776371767.762,67.762,0.33,61.5,0.32,120.5,0.34,6.0,0.35,20.0,0.65,12.56,0.64,15.0,0.66,109.18,0.67,280.5,0.01,0.01,2345.436575,1776371766000
1776371768.147,68.147,0.33,46.72,0.32,125.5,0.34,3.05,0.35,20.0,0.66,3.05,0.65,20.0,0.67,81.5,0.68,120.5,0.01,0.01,2345.436575,1776371766000
1776371768.436,68.436,0.33,24.0,0.32,153.5,0.36,4.43,0.37,135.5,0.66,3.05,0.65,20.0,0.67,40.45,0.68,125.5,0.03,0.01,2345.486575,1776371767000
1776371769.071,69.071,0.34,9.0,0.33,24.0,0.35,28.0,0.36,52.93,0.64,4.43,0.63,135.5,0.67,24.0,0.68,153.5,0.01,0.03,2345.486575,1776371768000
1776371771.158,71.158,0.34,7.18,0.33,44.5,0.35,5.0,0.36,62.93,0.65,28.0,0.64,52.93,0.66,9.0,0.67,24.0,0.01,0.01,2345.35447,1776371769000
1776371772.26,72.26,0.36,85.5,0.35,154.5,0.37,33.0,0.38,20.0,0.65,5.0,0.64,62.93,0.66,7.18,0.67,44.5,0.01,0.01,2345.306959,1776371770000
1776371774.402,74.402,0.34,7.18,0.33,43.5,0.37,177.5,0.38,60.5,0.63,33.0,0.62,15.0,0.64,90.5,0.65,145.5,0.03,0.01,2345.588031,1776371773000
1776371775.152,75.152,0.34,17.18,0.33,43.5,0.36,96.5,0.37,182.99,0.63,177.5,0.62,60.5,0.66,7.18,0.67,43.5,0.02,0.03,2345.563615,1776371774000
1776371775.874,75.874,0.34,193.68,0.33,135.5,0.35,20.0,0.36,18.0,0.64,96.5,0.63,182.99,0.66,17.18,0.67,43.5,0.01,0.02,2345.563615,1776371774000
1776371776.606,76.606,0.34,165.34,0.33,135.5,0.35,96.15,0.36,5.0,0.65,20.0,0.64,18.0,0.66,167.86,0.67,135.5,0.01,0.01,2345.45487,1776371775000
1776371778.038,78.038,0.36,162.5,0.35,135.5,0.37,100.49,0.38,30.0,0.65,96.15,0.64,5.0,0.66,165.34,0.67,135.5,0.01,0.01,2345.355465,1776371776000
1776371778.479,78.479,0.36,243.5,0.35,135.5,0.37,93.81,0.38,15.0,0.63,100.49,0.62,30.0,0.64,162.5,0.65,135.5,0.01,0.01,2345.44405,1776371777000
1776371778.745,78.745,0.36,213.5,0.35,135.5,0.37,19.81,0.38,15.0,0.63,93.81,0.62,15.0,0.64,243.5,0.65,135.5,0.01,0.01,2345.44405,1776371777000
1776371779.187,79.187,0.36,193.5,0.35,201.3,0.37,14.81,0.38,15.0,0.63,19.81,0.62,15.0,0.64,213.5,0.65,135.5,0.01,0.01,2345.443545,1776371778000
1776371779.649,79.649,0.36,334.5,0.35,276.3,0.38,15.0,0.39,10.0,0.63,9.81,0.62,15.0,0.64,193.5,0.65,201.3,0.02,0.01,2345.443545,1776371778000
1776371779.849,79.849,0.39,63.33,0.38,105.5,0.4,5.0,0.43,55.0,0.61,10.0,0.6,30.0,0.64,350.1,0.65,276.3,0.01,0.03,2345.443545,1776371778000
1776371780.127,80.127,0.39,111.33,0.38,105.5,0.43,50.0,0.45,30.0,0.6,5.0,0.57,55.0,0.61,63.33,0.62,105.5,0.04,0.01,2345.47352,1776371779000
1776371780.841,80.841,0.44,34.82,0.43,30.5,0.45,5.0,0.46,20.0,0.57,50.0,0.55,30.0,0.61,111.33,0.62,105.5,0.01,0.04,2345.47352,1776371779000
1776371781.928,81.928,0.46,94.12,0.45,117.5,0.47,75.0,0.49,180.0,0.54,20.0,0.53,75.0,0.56,34.82,0.57,30.5,0.01,0.02,2345.47352,1776371779000
1776371782.918,82.918,0.48,10.0,0.47,20.5,0.49,72.14,0.51,5.01,0.53,75.0,0.51,180.0,0.54,94.12,0.55,117.5,0.01,0.01,2346.176954,1776371781000
1776371783.139,83.139,0.48,69.5,0.47,39.5,0.49,24.53,0.51,5.01,0.51,44.94,0.49,5.01,0.52,55.5,0.53,39.5,0.01,0.01,2346.176954,1776371781000
1776371783.434,83.434,0.5,249.0,0.49,116.0,0.54,10.0,0.55,10.0,0.49,0.04,0.48,75.0,0.52,152.5,0.53,39.5,0.04,0.03,2346.244325,1776371782000
1776371783.848,83.848,0.54,16.26,0.53,157.0,0.55,10.0,0.56,80.0,0.46,10.0,0.45,10.0,0.5,249.0,0.51,116.0,0.01,0.04,2346.244325,1776371782000
1776371784.425,84.425,0.57,10.0,0.56,10.0,0.58,72.75,0.59,42.0,0.45,10.0,0.44,80.0,0.46,16.26,0.47,157.0,0.01,0.01,2346.439092,1776371783000
1776371784.646,84.646,0.57,10.0,0.56,10.0,0.58,67.75,0.59,128.52,0.42,72.75,0.41,42.0,0.43,10.0,0.44,10.0,0.01,0.01,2346.439092,1776371783000
1776371784.876,84.876,0.57,10.0,0.56,10.0,0.58,50.75,0.59,98.52,0.42,57.75,0.41,98.52,0.43,20.76,0.44,10.0,0.01,0.01,2346.439092,1776371783000
1776371785.229,85.229,0.57,7.0,0.56,10.0,0.58,40.75,0.59,93.52,0.42,50.75,0.41,98.52,0.43,10.0,0.44,10.0,0.01,0.01,2346.979055,1776371784000
1776371785.668,85.668,0.57,25.52,0.56,20.5,0.58,38.54,0.59,93.52,0.42,40.75,0.41,93.52,0.43,0.02,0.44,10.0,0.01,0.01,2346.979055,1776371784000
1776371786.764,86.764,0.57,25.52,0.56,20.5,0.58,36.48,0.59,121.52,0.42,38.54,0.41,93.52,0.43,25.52,0.44,20.5,0.01,0.01,2346.979055,1776371784000
1776371788.455,88.455,0.57,105.52,0.56,130.74,0.58,41.48,0.59,44.67,0.42,36.48,0.41,121.52,0.43,25.52,0.44,20.5,0.01,0.01,2346.979055,1776371784000
1776371789.54,89.54,0.57,7.93,0.56,130.74,0.58,77.48,0.59,55.17,0.42,41.48,0.41,44.67,0.43,105.52,0.44,130.74,0.01,0.01,2346.979055,1776371784000
1776371789.816,89.816,0.57,15.66,0.56,130.74,0.58,70.48,0.59,44.67,0.42,77.48,0.41,55.17,0.43,7.93,0.44,130.74,0.01,0.01,2346.979055,1776371784000
1776371792.355,92.355,0.57,16.66,0.56,158.74,0.58,60.48,0.6,80.5,0.42,70.48,0.41,44.67,0.43,15.66,0.44,130.74,0.01,0.01,2346.979055,1776371784000
1776371795.126,95.126,0.57,20.5,0.56,68.74,0.58,76.3,0.59,68.0,0.42,60.48,0.4,80.5,0.43,16.66,0.44,158.74,0.01,0.01,2347.187215,1776371793000
1776371798.629,98.629,0.57,20.5,0.56,30.74,0.58,56.87,0.59,80.0,0.42,76.3,0.41,68.0,0.43,20.5,0.44,68.74,0.01,0.01,2347.180025,1776371797000
1776371798.895,98.895,0.57,40.5,0.56,30.74,0.58,40.81,0.59,80.0,0.42,56.87,0.41,80.0,0.43,20.5,0.44,30.74,0.01,0.01,2347.180025,1776371797000
1776371799.52,99.52,0.56,5.24,0.55,40.0,0.57,94.54,0.58,92.5,0.42,40.81,0.41,80.0,0.43,40.5,0.44,30.74,0.01,0.01,2347.180135,1776371798000
1776371799.96,99.96,0.47,10.4,0.46,35.0,0.48,42.64,0.49,49.0,0.5,10.0,0.49,50.0,0.53,10.4,0.54,35.0,0.01,0.03,2347.180135,1776371798000
1776371800.722,100.722,0.46,25.5,0.45,193.0,0.47,31.87,0.48,59.64,0.52,42.64,0.51,49.0,0.53,10.4,0.54,35.0,0.01,0.01,2347.190265,1776371799000
1776371801.045,101.045,0.46,19.94,0.45,193.0,0.47,24.91,0.48,49.64,0.53,24.91,0.52,59.64,0.54,25.5,0.55,193.0,0.01,0.01,2347.190265,1776371799000
1776371801.616,101.616,0.47,107.57,0.46,200.5,0.48,49.64,0.49,20.0,0.53,24.91,0.52,49.64,0.54,19.94,0.55,193.0,0.01,0.01,2347.129469,1776371800000
1776371804.535,104.535,0.45,10.0,0.44,25.0,0.46,33.0,0.47,75.0,0.52,49.64,0.51,20.0,0.53,107.57,0.54,200.5,0.01,0.01,2346.531865,1776371803000
1776371805.044,105.044,0.42,50.0,0.41,110.5,0.43,19.19,0.44,183.5,0.57,7.2,0.56,161.0,0.58,112.0,0.59,100.0,0.01,0.01,2346.531865,1776371803000
1776371805.378,105.378,0.42,50.0,0.41,100.0,0.43,97.68,0.44,178.5,0.57,19.19,0.56,183.5,0.58,50.0,0.59,110.5,0.01,0.01,2346.531185,1776371804000
1776371806.453,106.453,0.42,14.0,0.4,195.0,0.43,131.68,0.44,172.5,0.57,97.68,0.56,178.5,0.58,50.0,0.59,100.0,0.01,0.01,2346.53493,1776371805000
1776371806.686,106.686,0.42,7.94,0.4,205.5,0.43,131.68,0.44,172.5,0.57,131.68,0.56,172.5,0.58,14.0,0.6,195.0,0.01,0.01,2346.53493,1776371805000
1776371807.103,107.103,0.42,219.85,0.41,125.5,0.43,25.0,0.44,85.0,0.57,131.68,0.56,172.5,0.58,7.94,0.6,205.5,0.01,0.01,2346.18118,1776371806000
1776371807.613,107.613,0.42,183.79,0.41,125.5,0.43,25.0,0.44,85.0,0.57,25.0,0.56,85.0,0.58,219.85,0.59,125.5,0.01,0.01,2346.18118,1776371806000
1776371809.609,109.609,0.4,195.0,0.39,170.0,0.41,54.48,0.42,41.5,0.57,50.0,0.56,85.0,0.58,159.42,0.59,125.5,0.01,0.01,2346.05699,1776371808000
1776371811.887,111.887,0.4,86.53,0.39,190.5,0.41,118.64,0.42,69.5,0.59,54.48,0.58,41.5,0.6,195.0,0.61,170.0,0.01,0.01,2346.08235,1776371810000
1776371812.525,112.525,0.39,80.0,0.38,161.5,0.4,17.0,0.41,108.64,0.59,118.64,0.58,69.5,0.6,86.53,0.61,190.5,0.01,0.01,2345.969752,1776371811000
1776371814.75,114.75,0.39,138.5,0.38,125.5,0.43,35.0,0.44,258.0,0.6,17.0,0.59,108.64,0.61,80.0,0.62,161.5,0.04,0.01,2345.928099,1776371813000
1776371815.813,115.813,0.42,45.8,0.41,58.5,0.43,20.0,0.44,235.0,0.57,35.0,0.56,258.0,0.61,138.5,0.62,125.5,0.01,0.04,2345.928099,1776371813000
1776371818.363,118.363,0.42,15.3,0.41,15.5,0.43,105.48,0.44,274.5,0.57,20.0,0.56,235.0,0.58,45.8,0.59,58.5,0.01,0.01,2346.010494,1776371816000
1776371819.564,119.564,0.39,75.0,0.38,115.0,0.43,282.98,0.44,241.5,0.57,105.48,0.56,274.5,0.58,15.3,0.59,15.5,0.04,0.01,2346.032369,1776371817000
1776371821.128,121.128,0.39,121.5,0.38,130.5,0.4,3.33,0.44,113.0,0.6,7.02,0.59,38.5,0.61,75.0,0.62,125.5,0.01,0.01,2345.98854,1776371819000
1776371821.342,121.342,0.42,10.0,0.41,10.0,0.44,102.5,0.45,26.0,0.56,113.0,0.55,26.0,0.61,175.5,0.62,125.5,0.02,0.05,2345.98854,1776371819000
1776371823.442,123.442,0.36,20.0,0.35,85.0,0.38,75.0,0.39,75.5,0.56,102.5,0.55,26.0,0.58,10.0,0.59,10.0,0.02,0.02,2345.98322,1776371821000
1776371824.688,124.688,0.35,85.0,0.34,47.84,0.37,132.5,0.38,326.6,0.62,75.0,0.61,75.5,0.64,20.0,0.65,85.0,0.02,0.02,2346.12707,1776371823000
1776371826.667,126.667,0.33,8.31,0.32,45.0,0.34,123.5,0.35,75.71,0.63,107.5,0.62,321.6,0.65,79.97,0.66,47.84,0.01,0.02,2345.716422,1776371825000
1776371827.413,127.413,0.32,25.5,0.31,90.5,0.33,25.12,0.34,11.0,0.66,123.5,0.65,75.71,0.67,8.31,0.68,45.0,0.01,0.01,2345.61995,1776371826000
1776371827.65,127.65,0.32,25.2,0.31,90.5,0.33,47.29,0.34,5.0,0.67,49.39,0.66,5.0,0.68,15.2,0.69,90.5,0.01,0.01,2345.61995,1776371826000
1776371827.97,127.97,0.32,118.45,0.31,99.5,0.33,17.02,0.35,10.0,0.67,47.29,0.66,5.0,0.68,60.45,0.69,99.5,0.01,0.01,2345.61995,1776371826000
1776371829.409,129.409,0.34,39.36,0.33,25.5,0.35,23.0,0.36,85.12,0.65,10.0,0.64,11.0,0.66,3.0,0.67,20.5,0.01,0.01,2345.433289,1776371827000
1776371830.038,130.038,0.34,41.81,0.33,53.5,0.35,33.0,0.36,86.12,0.65,23.0,0.64,85.12,0.66,39.36,0.67,25.5,0.01,0.01,2345.403427,1776371828000
1776371830.791,130.791,0.34,17.99,0.33,53.5,0.35,82.57,0.36,44.0,0.65,33.0,0.64,86.12,0.66,41.81,0.67,53.5,0.01,0.01,2345.515808,1776371829000
1776371832.113,132.113,0.36,55.5,0.35,25.5,0.37,41.29,0.38,26.0,0.65,82.57,0.64,44.0,0.66,17.99,0.67,53.5,0.01,0.01,2345.58744,1776371830000
1776371833.444,133.444,0.36,57.92,0.35,33.5,0.37,20.0,0.38,56.45,0.63,41.29,0.62,26.0,0.64,55.5,0.65,25.5,0.01,0.01,2345.674719,1776371832000
1776371834.975,134.975,0.37,125.5,0.36,70.92,0.38,6.51,0.39,10.0,0.63,20.0,0.62,56.45,0.64,57.92,0.65,33.5,0.01,0.01,2345.74589,1776371833000
1776371836.287,136.287,0.38,4.91,0.37,15.0,0.39,128.7,0.4,85.5,0.62,6.51,0.61,10.0,0.63,125.5,0.64,70.92,0.01,0.01,2345.77072,1776371835000
1776371836.879,136.879,0.37,14.83,0.36,15.5,0.39,114.5,0.4,112.52,0.61,128.7,0.6,85.5,0.62,4.91,0.63,15.0,0.02,0.01,2345.77072,1776371835000
1776371839.904,139.904,0.37,7.0,0.34,15.5,0.38,270.5,0.39,240.5,0.61,114.5,0.6,112.52,0.63,14.83,0.64,15.5,0.01,0.02,2345.766869,1776371838000
1776371847.848,147.848,0.26,157.0,0.25,113.0,0.27,55.83,0.28,43.0,0.62,270.5,0.61,265.5,0.66,15.5,0.67,15.5,0.01,0.04,2345.149807,1776371846000
1776371849.502,149.502,0.26,97.0,0.25,105.5,0.27,90.12,0.28,35.5,0.73,55.83,0.72,43.0,0.74,157.0,0.75,113.0,0.01,0.01,2345.120642,1776371847000
1776371851.373,151.373,0.26,80.0,0.25,110.5,0.27,20.0,0.28,20.0,0.73,90.12,0.72,35.5,0.74,97.0,0.75,105.5,0.01,0.01,2345.1001,1776371850000
1776371851.593,151.593,0.26,19.0,0.25,95.5,0.27,51.64,0.28,10.0,0.73,4.88,0.72,20.0,0.74,47.0,0.75,100.5,0.01,0.01,2345.1001,1776371850000
1776371851.843,151.843,0.26,15.0,0.25,123.5,0.27,110.0,0.28,10.0,0.73,51.64,0.72,10.0,0.74,19.0,0.75,95.5,0.01,0.01,2345.1001,1776371850000
1776371852.401,152.401,0.27,22.5,0.26,53.5,0.28,4.0,0.29,10.0,0.72,4.0,0.71,60.0,0.74,43.0,0.75,95.5,0.01,0.02,2345.092203,1776371851000
1776371853.459,153.459,0.27,20.65,0.26,63.5,0.28,23.0,0.29,10.0,0.72,4.0,0.71,10.0,0.73,22.5,0.74,53.5,0.01,0.01,2345.09072,1776371852000
1776371854.198,154.198,0.27,40.65,0.26,137.2,0.29,10.0,0.3,45.0,0.72,23.0,0.71,10.0,0.73,20.65,0.74,63.5,0.02,0.01,2345.09072,1776371852000
1776371855.609,155.609,0.26,31.85,0.25,134.7,0.28,10.0,0.29,10.0,0.7,45.0,0.69,80.0,0.73,40.65,0.74,137.2,0.02,0.03,2345.360422,1776371854000
1776371856.353,156.353,0.27,9.5,0.26,59.85,0.28,92.4,0.29,10.0,0.72,5.71,0.71,10.0,0.73,10.0,0.74,59.85,0.01,0.01,2345.466855,1776371855000
1776371858.418,158.418,0.26,7.83,0.25,157.7,0.27,19.0,0.28,70.34,0.72,92.4,0.71,10.0,0.73,9.5,0.74,59.85,0.01,0.01,2345.37242,1776371857000
1776371861.641,161.641,0.25,62.9,0.24,143.48,0.26,38.59,0.27,31.0,0.73,19.0,0.72,70.34,0.74,7.83,0.75,157.7,0.01,0.01,2345.318309,1776371860000
1776371864.213,164.213,0.24,178.68,0.23,115.8,0.25,112.0,0.26,66.5,0.74,38.59,0.73,31.0,0.75,52.9,0.76,143.48,0.01,0.01,2345.303697,1776371863000
1776371867.368,167.368,0.24,171.18,0.23,55.5,0.25,15.0,0.26,26.0,0.75,112.0,0.74,66.5,0.76,178.68,0.77,115.8,0.01,0.01,2345.296913,1776371866000
1776371867.971,167.971,0.24,143.6,0.23,83.5,0.26,15.65,0.27,61.0,0.75,15.0,0.74,26.0,0.76,169.6,0.77,55.5,0.02,0.01,2345.296913,1776371866000
1776371868.974,168.974,0.29,12.24,0.26,31.0,0.3,75.0,0.31,10.0,0.74,15.65,0.73,61.0,0.76,143.6,0.77,83.5,0.01,0.02,2345.275316,1776371868000
1776371870.287,170.287,0.29,13.45,0.28,21.0,0.3,35.0,0.31,10.0,0.7,75.0,0.69,10.0,0.71,12.24,0.74,31.0,0.01,0.01,2345.29502,1776371869000
1776371873.012,173.012,0.31,4.92,0.3,10.0,0.32,216.54,0.33,45.5,0.7,35.0,0.69,10.0,0.71,13.45,0.72,21.0,0.01,0.01,2345.542365,1776371872000
1776371873.65,173.65,0.3,4.84,0.29,27.5,0.32,147.54,0.33,45.5,0.68,216.54,0.67,45.5,0.7,7.7,0.71,30.95,0.02,0.02,2345.542365,1776371872000
1776371873.941,173.941,0.3,1.85,0.29,27.5,0.31,12.44,0.32,119.5,0.68,147.54,0.67,45.5,0.7,4.84,0.71,27.5,0.01,0.02,2345.542365,1776371872000
1776371874.564,174.564,0.3,5.42,0.29,27.5,0.31,94.98,0.32,96.5,0.69,29.44,0.68,119.5,0.7,0.42,0.71,27.5,0.01,0.01,2345.54563,1776371873000
1776371875.331,175.331,0.24,113.44,0.23,25.0,0.25,10.0,0.26,10.0,0.69,94.98,0.68,96.5,0.7,5.42,0.71,27.5,0.01,0.01,2345.545735,1776371874000
1776371875.63,175.63,0.24,95.58,0.23,25.0,0.25,161.0,0.26,10.0,0.75,97.0,0.74,10.0,0.76,98.44,0.77,25.0,0.01,0.01,2345.545735,1776371874000
1776371879.422,179.422,0.24,83.38,0.23,25.0,0.25,185.5,0.26,84.39,0.75,161.0,0.74,10.0,0.76,95.58,0.77,25.0,0.01,0.01,2345.396245,1776371877000
1776371880.092,180.092,0.24,34.69,0.23,25.0,0.25,197.5,0.26,84.39,0.75,185.5,0.74,84.39,0.76,83.38,0.77,25.0,0.01,0.01,2345.285771,1776371878000
1776371880.803,180.803,0.24,2.99,0.22,120.0,0.25,207.5,0.26,154.39,0.75,197.5,0.74,84.39,0.76,34.69,0.77,25.0,0.01,0.01,2345.320376,1776371879000
1776371881.216,181.216,0.22,85.0,0.21,148.0,0.25,207.5,0.26,146.5,0.75,207.5,0.74,154.39,0.76,2.99,0.78,120.0,0.03,0.01,2345.320376,1776371879000
1776371882.111,182.111,0.21,6.68,0.2,105.5,0.22,176.7,0.23,23.0,0.75,207.5,0.74,146.5,0.78,85.0,0.79,148.0,0.01,0.03,2345.260231,1776371880000
1776371884.888,184.888,0.17,65.5,0.16,201.8,0.21,319.0,0.22,173.27,0.78,176.7,0.77,23.0,0.8,105.5,0.81,102.0,0.04,0.02,2345.109125,1776371883000
1776371885.115,185.115,0.16,184.83,0.15,183.2,0.2,5.75,0.21,318.0,0.8,5.75,0.79,337.0,0.84,189.89,0.85,183.2,0.04,0.04,2345.109125,1776371883000
1776371885.436,185.436,0.16,151.48,0.15,185.2,0.17,36.38,0.18,6.09,0.82,6.09,0.81,5.0,0.84,157.43,0.85,183.2,0.01,0.02,2345.109125,1776371883000
1776371885.931,185.931,0.16,150.05,0.15,178.2,0.17,107.49,0.18,10.0,0.83,33.49,0.82,10.0,0.84,151.48,0.85,178.2,0.01,0.01,2345.09614,1776371884000
1776371888.086,188.086,0.14,80.0,0.13,98.96,0.15,119.49,0.16,102.25,0.83,107.49,0.82,10.0,0.84,150.05,0.85,178.2,0.01,0.01,2344.49205,1776371886000
1776371888.785,188.785,0.14,12.0,0.13,48.96,0.15,179.99,0.16,96.5,0.85,119.49,0.84,102.25,0.86,80.0,0.87,98.96,0.01,0.01,2344.47067,1776371887000
1776371889.416,189.416,0.13,37.46,0.12,127.5,0.14,140.0,0.15,114.99,0.85,179.99,0.84,96.5,0.86,12.0,0.87,48.96,0.01,0.01,2344.46797,1776371888000
1776371890.934,190.934,0.13,22.5,0.12,165.5,0.14,102.8,0.15,44.67,0.86,157.0,0.85,114.99,0.87,20.46,0.88,127.5,0.01,0.01,2344.467815,1776371889000
1776371891.827,191.827,0.13,21.35,0.12,43.5,0.14,40.0,0.15,44.67,0.86,102.8,0.85,44.67,0.87,22.5,0.88,165.5,0.01,0.01,2344.45684,1776371890000
1776371892.198,192.198,0.13,17.74,0.12,20.5,0.14,138.08,0.15,16.67,0.86,40.0,0.85,44.67,0.87,19.79,0.88,43.5,0.01,0.01,2344.45684,1776371891000
1776371893.588,193.588,0.13,45.74,0.12,58.5,0.14,10.0,0.15,8.67,0.86,138.08,0.85,16.67,0.87,17.74,0.88,20.5,0.01,0.01,2344.559128,1776371892000
1776371893.928,193.928,0.13,63.74,0.12,92.6,0.15,8.67,0.16,17.0,0.86,3.42,0.85,8.67,0.87,65.74,0.88,92.6,0.02,0.01,2344.559128,1776371892000
1776371894.339,194.339,0.14,26.45,0.13,56.5,0.15,18.67,0.16,27.5,0.85,8.67,0.84,17.0,0.87,63.74,0.88,92.6,0.01,0.02,2344.53272,1776371893000
1776371895.445,195.445,0.14,174.45,0.13,85.3,0.16,6.11,0.22,10.0,0.85,18.67,0.84,27.5,0.86,26.45,0.87,56.5,0.02,0.01,2344.529895,1776371894000
1776371895.682,195.682,0.2,140.0,0.17,29.41,0.23,54.84,0.24,5.1,0.77,54.94,0.76,5.1,0.8,140.0,0.83,29.41,0.03,0.03,2344.529895,1776371894000
1776371896.594,196.594,0.22,13.0,0.21,60.5,0.26,29.23,0.27,15.0,0.74,35.0,0.73,45.0,0.8,140.0,0.83,29.41,0.04,0.06,2344.57505,1776371895000
1776371896.841,196.841,0.23,16.35,0.21,164.3,0.24,14.2,0.26,29.23,0.76,7.2,0.74,29.23,0.77,10.0,0.78,13.0,0.01,0.01,2344.57505,1776371895000
1776371897.555,197.555,0.23,52.5,0.22,35.5,0.24,12.61,0.25,10.0,0.76,14.2,0.74,29.23,0.77,16.35,0.79,164.3,0.01,0.01,2344.57505,1776371895000
1776371898.311,198.311,0.23,52.5,0.22,63.5,0.24,7.61,0.25,10.0,0.76,12.61,0.75,10.0,0.77,52.5,0.78,35.5,0.01,0.01,2345.434414,1776371896000
1776371899.008,199.008,0.23,62.94,0.22,40.5,0.25,10.0,0.26,35.0,0.76,7.61,0.75,10.0,0.77,52.5,0.78,63.5,0.02,0.01,2345.42412,1776371897000
1776371900.012,200.012,0.25,368.5,0.24,39.5,0.28,50.0,0.29,25.0,0.75,10.0,0.74,35.0,0.77,62.94,0.78,40.5,0.03,0.02,2345.424465,1776371898000
1776371902.542,202.542,0.33,77.5,0.32,104.0,0.34,75.0,0.35,150.0,0.72,50.0,0.71,25.0,0.75,368.5,0.76,39.5,0.01,0.03,2345.989809,1776371901000
1776371903.54,203.54,0.33,162.0,0.32,80.0,0.34,5.48,0.35,150.0,0.66,75.0,0.65,150.0,0.67,71.0,0.68,104.0,0.01,0.01,2346.06169,1776371902000
1776371905.183,205.183,0.41,84.96,0.4,105.0,0.42,6.1,0.43,45.0,0.65,100.0,0.64,75.0,0.67,162.0,0.68,97.0,0.01,0.02,2346.17315,1776371904000
1776371905.706,205.706,0.47,5.43,0.46,10.0,0.48,50.0,0.49,90.4,0.57,45.0,0.55,25.0,0.59,123.96,0.6,105.0,0.01,0.02,2346.17315,1776371904000
1776371907.126,207.126,0.48,25.0,0.47,15.0,0.49,5.08,0.5,5.0,0.51,90.4,0.49,84.4,0.54,6.95,0.55,20.0,0.01,0.03,2346.253831,1776371905000
1776371907.356,207.356,0.48,25.0,0.47,15.0,0.49,4.91,0.5,5.0,0.51,5.08,0.5,5.0,0.52,25.0,0.53,15.0,0.01,0.01,2346.253831,1776371905000
1776371908.056,208.056,0.49,41.0,0.48,15.0,0.5,8.5,0.51,30.5,0.5,3.5,0.49,70.0,0.52,56.0,0.53,15.0,0.01,0.02,2346.438585,1776371906000
1776371908.322,208.322,0.49,12.31,0.48,20.5,0.5,19.0,0.51,30.5,0.5,8.5,0.49,30.5,0.51,10.71,0.52,10.0,0.01,0.01,2346.52781,1776371907000
1776371908.695,208.695,0.49,11.6,0.48,25.5,0.5,7.33,0.51,30.5,0.5,19.0,0.49,30.5,0.51,12.31,0.52,20.5,0.01,0.01,2346.52781,1776371907000
1776371909.26,209.26,0.49,6.6,0.48,25.5,0.5,22.83,0.51,30.5,0.5,7.33,0.49,30.5,0.51,11.6,0.52,25.5,0.01,0.01,2346.52781,1776371907000
1776371909.539,209.539,0.48,25.5,0.47,20.5,0.5,22.83,0.51,30.5,0.5,22.83,0.49,30.5,0.51,6.6,0.52,25.5,0.02,0.01,2346.52781,1776371907000
1776371911.523,211.523,0.49,5.0,0.48,10.0,0.5,72.5,0.51,35.5,0.5,42.73,0.49,30.5,0.52,10.0,0.53,54.5,0.01,0.02,2346.72219,1776371910000
1776371913.725,213.725,0.49,70.34,0.48,44.5,0.5,40.0,0.51,20.0,0.5,72.5,0.49,35.5,0.52,10.0,0.53,15.0,0.01,0.02,2346.73989,1776371911000
1776371914.015,214.015,0.49,80.34,0.48,54.5,0.5,15.0,0.51,10.0,0.5,40.0,0.49,20.0,0.51,70.34,0.52,44.5,0.01,0.01,2346.722815,1776371912000
1776371914.307,214.307,0.49,74.84,0.48,39.0,0.5,16.0,0.52,35.0,0.5,15.0,0.49,10.0,0.51,80.34,0.52,54.5,0.01,0.01,2346.722815,1776371912000
1776371914.535,214.535,0.49,53.83,0.48,45.0,0.5,0.7,0.52,35.0,0.5,0.7,0.48,35.0,0.51,57.34,0.52,45.0,0.01,0.01,2346.68437,1776371913000
1776371915.33,215.33,0.47,35.0,0.46,40.0,0.48,56.0,0.49,121.5,0.5,0.7,0.48,35.0,0.51,53.83,0.52,45.0,0.01,0.01,2346.684565,1776371914000
1776371918.473,218.473,0.4,12.4,0.39,16.0,0.41,118.5,0.42,94.0,0.52,56.0,0.51,121.5,0.53,35.0,0.54,40.0,0.01,0.01,2346.636399,1776371917000
1776371918.81,218.81,0.4,7.31,0.39,23.0,0.41,207.59,0.42,94.0,0.59,207.59,0.58,100.0,0.6,12.4,0.61,23.0,0.01,0.01,2346.636399,1776371917000
1776371919.16,219.16,0.4,7.31,0.38,55.0,0.41,40.28,0.42,24.0,0.59,207.59,0.58,94.0,0.6,7.31,0.61,23.0,0.01,0.01,2346.636399,1776371917000
1776371919.518,219.518,0.4,7.31,0.39,8.0,0.42,15.0,0.43,20.0,0.59,40.28,0.58,24.0,0.6,7.31,0.62,55.0,0.02,0.01,2346.595238,1776371918000
1776371921.178,221.178,0.4,28.17,0.39,65.5,0.41,125.0,0.42,110.5,0.58,25.5,0.57,30.5,0.61,13.63,0.62,70.5,0.01,0.03,2346.441397,1776371920000
1776371921.556,221.556,0.42,52.02,0.41,25.5,0.43,10.0,0.44,25.0,0.59,45.0,0.57,30.0,0.6,120.67,0.61,135.5,0.01,0.01,2346.441397,1776371920000
1776371923.079,223.079,0.43,36.09,0.42,46.09,0.44,25.0,0.45,25.0,0.57,10.0,0.56,25.0,0.58,52.02,0.59,25.5,0.01,0.01,2346.346437,1776371921000
1776371923.917,223.917,0.43,41.09,0.42,39.09,0.44,25.0,0.45,25.0,0.56,25.0,0.55,25.0,0.57,36.09,0.58,46.09,0.01,0.01,2346.35742,1776371922000
1776371924.543,224.543,0.4,62.0,0.39,45.0,0.41,59.57,0.42,58.5,0.56,25.0,0.55,25.0,0.57,41.09,0.58,39.09,0.01,0.01,2346.57669,1776371923000
1776371924.821,224.821,0.4,1.91,0.39,40.0,0.41,90.57,0.42,68.5,0.59,59.57,0.58,58.5,0.6,62.0,0.61,45.0,0.01,0.01,2346.57669,1776371923000
1776371925.708,225.708,0.37,1.9,0.36,130.0,0.38,20.5,0.39,95.5,0.59,115.57,0.58,73.5,0.61,45.0,0.62,65.0,0.01,0.02,2346.577541,1776371924000
1776371926.966,226.966,0.36,2.9,0.35,40.0,0.37,67.5,0.38,50.5,0.62,20.5,0.61,95.5,0.63,1.9,0.64,130.0,0.01,0.01,2346.57501,1776371925000
1776371928.914,228.914,0.36,2.9,0.35,35.0,0.37,89.79,0.38,50.5,0.63,67.5,0.62,50.5,0.64,2.9,0.65,40.0,0.01,0.01,2346.302076,1776371927000
1776371932.002,232.002,0.28,12.44,0.27,19.0,0.29,29.5,0.3,19.0,0.63,89.79,0.62,50.5,0.64,2.9,0.65,35.0,0.01,0.01,2346.211084,1776371930000
1776371932.224,232.224,0.28,4.4,0.27,19.0,0.29,29.5,0.3,19.0,0.71,29.5,0.7,19.0,0.72,6.33,0.73,19.0,0.01,0.01,2346.211084,1776371930000
1776371932.706,232.706,0.27,17.86,0.26,55.0,0.29,29.5,0.3,19.0,0.71,29.5,0.7,19.0,0.72,4.4,0.73,19.0,0.02,0.01,2346.001876,1776371931000
1776371933.73,233.73,0.28,85.0,0.27,77.52,0.3,10.0,0.31,10.0,0.72,19.0,0.71,29.5,0.73,16.02,0.74,55.0,0.02,0.01,2345.992514,1776371932000
1776371934.057,234.057,0.36,7.84,0.35,20.5,0.37,25.0,0.39,41.5,0.7,10.0,0.69,10.0,0.72,85.0,0.73,77.52,0.01,0.02,2345.982249,1776371933000
1776371937.024,237.024,0.38,12.0,0.37,20.0,0.39,31.0,0.4,355.5,0.63,25.0,0.61,41.5,0.64,5.98,0.65,20.5,0.01,0.01,2346.29969,1776371936000
1776371937.497,237.497,0.36,100.5,0.35,65.5,0.39,17.0,0.4,270.5,0.61,31.0,0.6,355.5,0.62,12.0,0.63,20.0,0.03,0.01,2346.29969,1776371936000
1776371939.351,239.351,0.39,10.08,0.38,40.0,0.4,20.0,0.41,85.5,0.61,17.0,0.6,270.5,0.64,100.5,0.65,65.5,0.01,0.03,2346.320995,1776371938000
1776371939.837,239.837,0.39,8.44,0.38,80.0,0.4,10.0,0.41,55.5,0.6,20.0,0.59,85.5,0.61,10.08,0.62,40.0,0.01,0.01,2346.320995,1776371938000
1776371940.159,240.159,0.39,8.44,0.38,40.0,0.4,8.28,0.41,45.0,0.6,10.0,0.59,55.5,0.61,8.44,0.62,80.0,0.01,0.01,2346.331115,1776371939000
1776371940.826,240.826,0.39,8.44,0.38,40.0,0.4,14.11,0.41,125.0,0.6,8.28,0.59,45.0,0.61,8.44,0.62,40.0,0.01,0.01,2346.331115,1776371939000
1776371941.209,241.209,0.37,15.47,0.36,10.0,0.4,14.11,0.41,115.0,0.6,14.11,0.59,125.0,0.61,8.44,0.62,40.0,0.03,0.01,2346.325435,1776371940000
1776371942.098,242.098,0.37,25.47,0.36,10.0,0.38,7.36,0.39,16.04,0.6,14.11,0.59,115.0,0.63,15.47,0.64,10.0,0.01,0.03,2346.365365,1776371941000
1776371942.56,242.56,0.37,28.07,0.36,10.0,0.38,7.36,0.39,16.04,0.62,7.36,0.61,16.04,0.63,25.47,0.64,10.0,0.01,0.01,2346.365365,1776371941000
1776371943.244,243.244,0.37,14.43,0.36,20.0,0.39,3.42,0.4,24.11,0.61,3.42,0.6,24.11,0.63,38.07,0.64,20.0,0.02,0.02,2346.35163,1776371942000
1776371944.312,244.312,0.39,50.0,0.38,10.0,0.4,13.33,0.41,25.0,0.61,3.42,0.6,24.11,0.63,14.43,0.64,20.0,0.01,0.02,2346.327205,1776371943000
1776371945.558,245.558,0.39,61.96,0.38,45.0,0.4,13.33,0.41,10.0,0.6,13.33,0.59,25.0,0.61,50.0,0.62,10.0,0.01,0.01,2346.33644,1776371944000
1776371945.984,245.984,0.39,56.96,0.38,25.0,0.4,64.53,0.41,80.0,0.6,13.33,0.59,10.0,0.61,61.96,0.62,45.0,0.01,0.01,2346.33644,1776371944000
1776371948.884,248.884,0.39,45.0,0.38,60.0,0.41,40.0,0.42,100.0,0.6,59.53,0.59,80.0,0.61,46.96,0.62,25.0,0.02,0.01,2346.405007,1776371947000
1776371949.919,249.919,0.41,12.96,0.4,15.0,0.42,68.26,0.43,75.0,0.58,80.0,0.57,100.0,0.59,7.96,0.6,35.0,0.01,0.01,2346.334148,1776371948000
1776371951.006,251.006,0.41,17.96,0.4,25.0,0.42,103.26,0.43,80.0,0.58,68.26,0.57,75.0,0.59,12.96,0.6,15.0,0.01,0.01,2346.37306,1776371950000
1776371952.225,252.225,0.41,7.98,0.4,22.96,0.42,63.26,0.43,120.0,0.58,103.26,0.57,80.0,0.6,22.96,0.61,35.0,0.01,0.02,2346.445385,1776371951000
1776371953.117,253.117,0.41,10.0,0.4,22.96,0.42,33.26,0.43,120.0,0.58,63.26,0.57,120.0,0.6,22.96,0.61,75.0,0.01,0.02,2346.445385,1776371951000
1776371953.913,253.913,0.4,42.96,0.39,61.0,0.43,6.27,0.44,170.0,0.57,120.0,0.56,125.0,0.59,10.0,0.6,22.96,0.03,0.02,2346.44517,1776371952000
1776371956.86,256.86,0.42,12.79,0.41,40.0,0.44,115.0,0.45,80.0,0.57,6.27,0.56,170.0,0.6,42.96,0.61,61.0,0.02,0.03,2346.4488,1776371955000
1776371957.995,257.995,0.4,56.0,0.38,70.0,0.43,25.0,0.44,85.0,0.56,115.0,0.55,80.0,0.58,12.79,0.59,40.0,0.03,0.02,2346.448515,1776371956000
1776371958.445,258.445,0.4,16.0,0.36,70.0,0.41,10.0,0.42,20.0,0.57,19.18,0.56,80.0,0.6,40.0,0.61,16.0,0.01,0.03,2346.4483,1776371957000
1776371959.245,259.245,0.4,8.17,0.39,26.0,0.41,15.0,0.42,10.0,0.59,20.0,0.58,20.0,0.64,70.0,0.65,155.0,0.01,0.05,2346.444145,1776371958000
1776371959.761,259.761,0.43,54.0,0.42,89.0,0.46,100.0,0.47,35.0,0.59,15.0,0.58,10.0,0.6,8.17,0.61,26.0,0.03,0.01,2346.444145,1776371958000
1776371960.017,260.017,0.47,7.73,0.46,40.0,0.48,40.0,0.49,100.0,0.53,35.0,0.52,100.0,0.55,45.0,0.56,85.0,0.01,0.02,2346.444145,1776371958000
1776371960.745,260.745,0.48,7.26,0.47,42.73,0.49,115.0,0.5,50.0,0.52,40.0,0.51,100.0,0.53,7.73,0.54,40.0,0.01,0.01,2346.444145,1776371958000
1776371961.468,261.468,0.51,15.0,0.5,31.0,0.52,7.0,0.53,150.0,0.51,115.0,0.5,50.0,0.52,7.26,0.53,42.73,0.01,0.01,2346.41091,1776371959000
1776371961.702,261.702,0.49,35.0,0.48,51.0,0.5,15.0,0.51,63.2,0.48,0.01,0.47,160.0,0.49,10.0,0.5,31.0,0.01,0.01,2346.41091,1776371959000
1776371961.974,261.974,0.48,35.0,0.47,7.73,0.51,4.0,0.52,10.01,0.5,15.0,0.49,63.2,0.51,35.0,0.52,51.0,0.03,0.01,2346.54664,1776371960000
1776371962.899,262.899,0.48,45.0,0.47,7.73,0.49,10.0,0.5,17.0,0.49,4.0,0.48,10.01,0.52,35.0,0.53,7.73,0.01,0.03,2346.681895,1776371961000
1776371963.322,263.322,0.49,14.6,0.48,26.0,0.5,1.74,0.51,24.0,0.5,1.74,0.49,4.0,0.52,10.0,0.53,7.73,0.01,0.02,2346.681895,1776371961000
1776371965.642,265.642,0.49,69.0,0.48,101.0,0.52,6.75,0.53,150.0,0.5,1.74,0.49,24.0,0.51,14.6,0.52,26.0,0.03,0.01,2346.625505,1776371964000
1776371966.671,266.671,0.53,20.0,0.52,26.0,0.55,2.0,0.56,95.0,0.48,6.75,0.47,150.0,0.51,69.0,0.52,101.0,0.02,0.03,2346.61986,1776371965000
1776371968.973,268.973,0.64,15.0,0.63,15.0,0.66,50.0,0.67,250.0,0.45,2.0,0.44,95.0,0.47,20.0,0.48,26.0,0.02,0.02,2346.709168,1776371967000
1776371969.494,269.494,0.66,15.0,0.65,56.0,0.67,150.0,0.69,174.99,0.34,50.0,0.33,250.0,0.36,15.0,0.37,15.0,0.01,0.02,2346.709168,1776371967000
1776371970.071,270.071,0.68,10.0,0.67,15.0,0.69,158.62,0.7,26.0,0.33,150.0,0.31,174.99,0.34,15.0,0.35,56.0,0.01,0.01,2346.733872,1776371968000
1776371970.278,270.278,0.68,35.0,0.67,15.0,0.69,165.55,0.7,26.0,0.31,158.62,0.3,26.0,0.32,10.0,0.33,15.0,0.01,0.01,2346.879593,1776371969000
1776371970.494,270.494,0.68,5.0,0.67,15.0,0.69,132.43,0.7,26.0,0.31,132.43,0.3,26.0,0.32,35.0,0.33,15.0,0.01,0.01,2346.879593,1776371969000
1776371970.707,270.707,0.68,30.0,0.67,15.0,0.69,116.26,0.7,26.0,0.31,117.98,0.3,26.0,0.32,30.0,0.33,15.0,0.01,0.01,2346.879593,1776371969000
1776371971.155,271.155,0.67,5.0,0.61,5.0,0.68,48.41,0.69,891.99,0.31,106.45,0.3,26.0,0.32,5.0,0.33,15.0,0.01,0.01,2346.99481,1776371970000
1776371971.404,271.404,0.32,25.0,0.31,16.12,0.33,5.81,0.34,10.0,0.64,30.0,0.6,10.0,0.68,85.0,0.69,16.12,0.01,0.04,2346.99481,1776371970000
1776371971.687,271.687,0.15,7.0,0.11,80.0,0.16,250.47,0.17,20.0,0.81,25.0,0.74,58.0,0.82,50.0,0.85,7.0,0.01,0.01,2346.99481,1776371970000
1776371972.048,272.048,0.11,66.57,0.1,15.0,0.16,317.73,0.17,31.0,0.84,317.73,0.83,31.0,0.85,0.57,0.89,80.0,0.05,0.01,2346.99481,1776371970000
1776371972.279,272.279,0.11,51.5,0.1,15.0,0.12,10.0,0.13,18.0,0.84,317.73,0.83,31.0,0.89,52.63,0.9,15.0,0.01,0.05,2346.99481,1776371970000
1776371972.579,272.579,0.11,81.45,0.1,15.0,0.12,80.37,0.13,40.0,0.88,12.12,0.87,29.0,0.89,118.69,0.9,15.0,0.01,0.01,2347.02291,1776371971000
1776371972.845,272.845,0.11,92.45,0.1,15.0,0.12,79.37,0.13,40.0,0.88,53.37,0.87,40.0,0.89,81.45,0.9,15.0,0.01,0.01,2347.02291,1776371971000
1776371973.083,273.083,0.11,62.45,0.1,15.0,0.12,33.0,0.13,29.0,0.88,79.37,0.87,40.0,0.89,92.45,0.9,15.0,0.01,0.01,2346.870964,1776371972000
1776371973.79,273.79,0.11,69.53,0.1,15.0,0.12,44.0,0.13,20.0,0.88,26.0,0.87,29.0,0.89,80.77,0.9,15.0,0.01,0.01,2346.870964,1776371972000
1776371974.125,274.125,0.11,42.28,0.1,15.0,0.12,37.0,0.13,20.0,0.88,44.0,0.87,20.0,0.89,67.28,0.9,15.0,0.01,0.01,2346.870964,1776371972000
1776371974.487,274.487,0.1,0.16,0.09,17.0,0.11,20.0,0.12,21.0,0.88,37.0,0.87,20.0,0.89,19.39,0.9,1.28,0.01,0.01,2345.396375,1776371973000
1776371974.714,274.714,0.1,4.16,0.09,17.0,0.11,25.62,0.12,16.68,0.89,25.62,0.88,16.68,0.9,9.16,0.91,17.0,0.01,0.01,2345.396375,1776371973000
1776371974.973,274.973,0.09,22.0,0.08,12.0,0.1,8.52,0.11,25.62,0.89,25.62,0.88,16.68,0.9,4.16,0.91,17.0,0.01,0.01,2345.396375,1776371973000
1776371975.232,275.232,0.08,12.0,0.07,126.0,0.1,30.08,0.11,10.0,0.9,24.52,0.89,10.0,0.91,20.9,0.92,12.0,0.02,0.01,2345.32989,1776371974000
1776371975.973,275.973,0.08,8.42,0.07,99.0,0.09,82.98,0.1,35.08,0.9,30.08,0.89,10.0,0.92,12.0,0.93,126.0,0.01,0.02,2345.32989,1776371974000
1776371976.254,276.254,0.08,2.33,0.07,154.3,0.09,72.98,0.1,35.08,0.91,82.98,0.9,35.08,0.92,8.42,0.93,154.3,0.01,0.01,2345.32989,1776371974000
1776371977.32,277.32,0.08,15.81,0.07,154.3,0.09,31.98,0.1,54.08,0.91,72.98,0.9,35.08,0.92,0.81,0.93,154.3,0.01,0.01,2345.320429,1776371976000
1776371977.619,277.619,0.07,154.3,0.06,75.0,0.09,13.98,0.1,54.08,0.91,1.98,0.9,54.08,0.92,14.51,0.93,154.3,0.02,0.01,2345.320429,1776371976000
1776371978.543,278.543,0.08,3.65,0.07,154.3,0.09,1.98,0.1,54.08,0.91,13.98,0.9,54.08,0.93,154.3,0.94,75.0,0.01,0.02,2345.320429,1776371976000
1776371978.898,278.898,0.08,1.65,0.07,154.3,0.09,61.98,0.1,65.08,0.91,1.98,0.9,54.08,0.92,3.65,0.93,154.3,0.01,0.01,2345.316762,1776371977000
1776371979.739,279.739,0.07,124.19,0.06,26.0,0.08,10.0,0.09,77.47,0.91,61.98,0.9,65.08,0.92,1.65,0.93,154.3,0.01,0.01,2345.316762,1776371977000
1776371980.114,280.114,0.06,22.52,0.05,147.0,0.08,101.0,0.09,7.47,0.92,101.0,0.91,7.47,0.93,122.0,0.94,26.0,0.02,0.01,2345.343235,1776371978000
1776371980.347,280.347,0.06,6.9,0.05,147.0,0.08,102.87,0.09,37.47,0.92,92.87,0.91,7.47,0.94,22.52,0.95,147.0,0.02,0.02,2345.343235,1776371978000
1776371980.71,280.71,0.05,143.4,0.04,225.0,0.08,112.87,0.09,58.47,0.92,102.87,0.91,37.47,0.94,6.9,0.95,147.0,0.03,0.02,2345.36871,1776371979000
1776371981.144,281.144,0.05,94.83,0.04,410.0,0.08,102.87,0.09,65.84,0.92,112.87,0.91,58.47,0.95,143.4,0.96,225.0,0.03,0.03,2345.38381,1776371980000
1776371981.54,281.54,0.05,67.79,0.04,410.0,0.07,106.0,0.08,42.87,0.92,102.87,0.91,65.84,0.95,94.83,0.96,410.0,0.02,0.03,2345.38381,1776371980000
1776371982.087,282.087,0.05,27.33,0.04,410.0,0.06,102.0,0.07,56.0,0.93,106.0,0.92,42.87,0.95,67.79,0.96,410.0,0.01,0.02,2345.38381,1776371980000
1776371982.509,282.509,0.04,296.68,0.03,158.0,0.06,102.0,0.07,46.0,0.94,102.0,0.93,56.0,0.95,27.33,0.96,410.0,0.02,0.01,2345.3242,1776371981000
1776371983.228,283.228,0.05,0.52,0.04,296.68,0.06,102.0,0.07,95.37,0.94,102.0,0.93,46.0,0.96,296.68,0.97,158.0,0.01,0.02,2345.319485,1776371982000
1776371983.655,283.655,0.04,292.15,0.03,158.0,0.06,105.29,0.07,86.0,0.94,105.29,0.93,95.37,0.95,0.52,0.96,296.68,0.02,0.01,2345.319485,1776371982000
1776371984.093,284.093,0.04,105.78,0.03,354.0,0.06,105.29,0.07,76.0,0.94,105.29,0.93,86.0,0.96,292.15,0.97,158.0,0.02,0.02,2345.319485,1776371982000
1776371985.68,285.68,0.04,20.78,0.03,349.0,0.06,141.29,0.07,68.0,0.94,105.29,0.93,76.0,0.96,105.78,0.97,354.0,0.02,0.02,2345.324544,1776371984000
1776371986.085,286.085,0.03,239.76,0.02,183.0,0.05,126.0,0.06,51.29,0.94,141.29,0.93,68.0,0.97,256.16,0.98,183.0,0.02,0.03,2345.316923,1776371985000
1776371986.379,286.379,0.03,229.76,0.02,183.0,0.05,136.0,0.06,51.29,0.95,126.0,0.94,51.29,0.97,239.76,0.98,183.0,0.02,0.02,2345.316923,1776371985000
1776371986.589,286.589,0.03,10.0,0.02,240.0,0.04,15.0,0.05,86.0,0.95,136.0,0.94,51.29,0.99,2551.05,,,0.01,0.04,2345.316923,1776371985000
1776371986.849,286.849,0.01,928.79,,,0.03,76.54,0.04,162.0,0.97,71.54,0.96,15.0,0.98,229.79,0.99,2551.05,0.02,0.01,2345.316923,1776371985000
1776371987.049,287.049,0.01,899.79,,,0.02,83.0,0.03,138.65,0.97,76.54,0.96,162.0,0.99,928.79,,,0.01,0.02,2345.316923,1776371985000
1776371987.295,287.295,0.01,708.69,,,0.02,222.12,0.03,188.53,0.98,215.12,0.97,188.53,0.99,809.69,,,0.01,0.01,2345.302029,1776371986000
1776371987.553,287.553,0.01,327.68,,,0.02,217.0,0.03,238.53,0.98,217.0,0.97,188.53,0.99,493.68,,,0.01,0.01,2345.302029,1776371986000
1776371987.846,287.846,0.01,288.68,,,0.03,242.31,0.04,115.0,0.97,89.19,0.96,115.0,0.99,280.68,,,0.02,0.02,2345.302029,1776371986000
1776371988.068,288.068,0.01,86.75,,,0.03,283.31,0.04,99.0,0.97,283.31,0.96,129.0,0.99,122.11,,,0.02,0.02,2345.302029,1776371986000
1776371988.623,288.623,,,,,0.01,5618.89,0.02,35.0,0.99,1924.28,0.97,283.31,,,,,,,2345.277442,1776371987000
1776371989.051,289.051,,,,,0.01,5648.13,0.02,35.0,0.99,5617.81,0.98,35.0,,,,,,,2345.277442,1776371987000
1776371989.256,289.256,,,,,0.01,5676.88,0.02,35.0,0.99,5648.13,0.98,35.0,,,,,,,2344.390306,1776371988000
1776371991.012,291.012,,,,,0.01,4530.27,0.02,181.0,0.99,5676.88,0.98,35.0,,,,,,,2344.150135,1776371989000
1776371991.622,291.622,,,,,0.01,4770.84,0.02,181.0,0.99,4530.27,0.98,181.0,,,,,,,2344.235842,1776371990000
1776371995.436,295.436,,,,,0.01,5952.57,0.02,210.99,0.99,4770.84,0.98,181.0,,,,,,,2344.309583,1776371994000
1776371995.966,295.966,,,,,0.01,7059.91,0.02,210.99,0.99,5952.57,0.98,210.99,,,,,,,2344.309583,1776371994000

# RESULT,winner=Down,slug=eth-updown-5m-1776371700,ticks=347
