timestamp,elapsed_sec,up_bid_p1,up_bid_s1,up_bid_p2,up_bid_s2,up_ask_p1,up_ask_s1,up_ask_p2,up_ask_s2,down_bid_p1,down_bid_s1,down_bid_p2,down_bid_s2,down_ask_p1,down_ask_s1,down_ask_p2,down_ask_s2,up_spread,down_spread,eth_price,eth_oracle_ts
1776319501.005,1.005,0.5,19.8,0.48,20.0,0.51,5.0,0.52,20.0,0.49,5.0,0.48,20.0,0.5,19.8,0.52,20.0,0.01,0.01,2357.239003,1776319500000
1776319501.888,1.888,0.5,11.0,0.49,15.0,0.51,15.0,0.52,37.0,0.49,5.0,0.48,20.0,0.5,19.8,0.52,20.0,0.01,0.01,2357.239003,1776319500000
1776319502.304,2.304,0.5,11.0,0.49,10.0,0.52,72.81,0.53,88.0,0.49,15.0,0.48,37.0,0.5,11.0,0.51,15.0,0.02,0.01,2357.260052,1776319501000
1776319503.01,3.01,0.5,11.0,0.49,10.0,0.52,72.81,0.53,88.0,0.48,72.81,0.47,88.0,0.5,11.0,0.51,10.0,0.02,0.02,2357.264189,1776319502000
1776319503.562,3.562,0.54,15.0,0.53,20.0,0.55,30.0,0.59,15.0,0.4,1.66,0.39,75.0,0.41,10.0,0.42,20.0,0.01,0.01,2357.264189,1776319502000
1776319503.925,3.925,0.53,20.0,0.52,20.0,0.54,55.0,0.55,30.0,0.46,55.0,0.45,30.0,0.47,20.0,0.48,20.0,0.01,0.01,2357.268163,1776319503000
1776319505.019,5.019,0.53,20.0,0.52,20.0,0.54,55.0,0.55,30.0,0.46,55.0,0.45,30.0,0.47,20.0,0.48,20.0,0.01,0.01,2357.387852,1776319504000
1776319505.376,5.376,0.53,65.13,0.52,10.0,0.54,71.94,0.55,45.0,0.46,55.0,0.45,30.0,0.47,20.0,0.48,20.0,0.01,0.01,2357.387852,1776319504000
1776319505.831,5.831,0.53,61.93,0.52,5.0,0.54,66.94,0.55,45.0,0.46,71.94,0.45,45.0,0.47,65.13,0.48,10.0,0.01,0.01,2357.387852,1776319504000
1776319506.536,6.536,0.53,56.93,0.51,17.0,0.54,61.9,0.55,45.0,0.46,66.94,0.45,45.0,0.47,61.93,0.48,5.0,0.01,0.01,2357.387852,1776319504000
1776319506.748,6.748,0.53,56.93,0.51,17.0,0.54,61.9,0.55,45.0,0.46,61.9,0.45,45.0,0.47,56.93,0.49,17.0,0.01,0.01,2357.544671,1776319505000
1776319507.152,7.152,0.45,10.24,0.44,18.0,0.46,11.32,0.47,20.0,0.53,34.94,0.49,10.0,0.55,5.24,0.56,5.0,0.01,0.02,2357.544671,1776319505000
1776319507.399,7.399,0.45,15.24,0.44,18.0,0.46,2.99,0.47,20.0,0.54,7.99,0.53,20.0,0.55,15.24,0.56,18.0,0.01,0.01,2357.544671,1776319505000
1776319507.602,7.602,0.45,15.24,0.44,18.0,0.46,2.99,0.47,20.0,0.54,2.99,0.53,20.0,0.55,15.24,0.56,18.0,0.01,0.01,2357.495738,1776319506000
1776319508.071,8.071,0.45,15.24,0.44,74.6,0.46,10.0,0.47,20.0,0.54,2.99,0.53,20.0,0.55,15.24,0.56,18.0,0.01,0.01,2357.495738,1776319506000
1776319508.572,8.572,0.34,5.0,0.33,5.0,0.35,4.28,0.36,10.0,0.53,25.0,0.52,15.0,0.55,15.0,0.56,74.6,0.01,0.02,2357.495738,1776319506000
1776319508.81,8.81,0.35,5.0,0.34,5.0,0.36,4.28,0.37,10.0,0.64,9.28,0.63,10.0,0.66,5.0,0.67,3.92,0.01,0.02,2357.48819,1776319507000
1776319509.081,9.081,0.33,78.35,0.32,5.0,0.35,10.0,0.36,15.0,0.63,1.28,0.62,15.0,0.66,3.92,0.67,79.43,0.02,0.03,2357.48819,1776319507000
1776319509.753,9.753,0.34,22.48,0.33,107.35,0.35,45.0,0.36,15.0,0.65,15.0,0.64,10.0,0.67,78.35,0.68,15.0,0.01,0.02,2357.295963,1776319508000
1776319510.485,10.485,0.34,73.0,0.33,98.35,0.38,22.0,0.39,15.0,0.65,20.42,0.64,15.0,0.66,22.48,0.67,107.35,0.04,0.01,2357.295963,1776319508000
1776319511.421,11.421,0.35,97.37,0.34,83.0,0.36,1.94,0.37,15.0,0.62,16.73,0.61,15.0,0.66,73.0,0.67,98.35,0.01,0.04,2356.701449,1776319510000
1776319512.185,12.185,0.35,97.37,0.34,73.0,0.37,14.18,0.38,19.73,0.64,1.94,0.63,15.0,0.65,97.37,0.66,83.0,0.02,0.01,2356.701449,1776319510000
1776319513.46,13.46,0.35,79.35,0.34,28.8,0.36,20.0,0.37,11.2,0.63,11.2,0.62,19.73,0.65,97.37,0.66,73.0,0.01,0.02,2356.606443,1776319512000
1776319515.173,15.173,0.34,7.8,0.31,76.0,0.35,20.0,0.36,35.0,0.64,20.0,0.63,11.2,0.65,79.35,0.66,28.8,0.01,0.01,2356.61074,1776319513000
1776319515.429,15.429,0.3,4.0,0.28,63.0,0.32,15.0,0.34,85.0,0.67,5.15,0.65,20.0,0.69,76.0,0.71,5.0,0.02,0.02,2356.576273,1776319514000
1776319516.518,16.518,0.29,114.95,0.28,25.0,0.31,20.0,0.32,20.0,0.68,15.0,0.67,15.0,0.71,17.45,0.72,68.0,0.02,0.03,2356.624733,1776319515000
1776319516.864,16.864,0.3,39.75,0.29,73.0,0.31,5.0,0.32,20.0,0.69,20.0,0.68,20.0,0.71,114.95,0.72,25.0,0.01,0.02,2356.624733,1776319515000
1776319518.281,18.281,0.3,30.75,0.29,22.0,0.31,11.7,0.32,20.0,0.69,5.0,0.68,20.0,0.7,39.75,0.71,73.0,0.01,0.01,2356.353976,1776319516000
1776319521.686,21.686,0.3,105.0,0.29,100.0,0.32,5.0,0.35,10.0,0.69,11.7,0.68,20.0,0.7,30.75,0.71,22.0,0.02,0.01,2356.415306,1776319520000
1776319522.066,22.066,0.34,146.0,0.33,85.0,0.41,10.0,0.42,80.0,0.65,10.0,0.64,15.0,0.7,105.0,0.71,122.65,0.07,0.05,2356.415306,1776319520000
1776319522.551,22.551,0.45,3.18,0.44,20.0,0.51,50.0,0.52,70.0,0.58,74.83,0.57,58.0,0.66,146.0,0.67,85.0,0.06,0.08,2356.415306,1776319520000
1776319522.806,22.806,0.49,20.0,0.48,15.0,0.51,113.0,0.52,86.0,0.5,5.0,0.49,50.0,0.51,6.64,0.52,15.0,0.02,0.01,2356.412135,1776319521000
1776319523.232,23.232,0.48,10.0,0.47,22.0,0.51,113.0,0.52,16.0,0.49,113.0,0.48,86.0,0.51,20.0,0.52,15.0,0.03,0.02,2356.412135,1776319521000
1776319523.776,23.776,0.49,15.0,0.48,10.0,0.51,161.13,0.52,26.0,0.49,113.0,0.48,16.0,0.52,10.0,0.53,22.0,0.02,0.03,2356.43618,1776319522000
1776319524.386,24.386,0.47,18.11,0.46,80.0,0.49,15.0,0.5,10.0,0.49,228.28,0.48,26.0,0.5,10.0,0.51,10.0,0.02,0.01,2356.43618,1776319522000
1776319525.271,25.271,0.46,68.0,0.45,27.0,0.48,10.0,0.49,10.0,0.51,15.0,0.5,10.0,0.53,18.11,0.54,80.0,0.02,0.02,2356.642329,1776319523000
1776319525.747,25.747,0.48,17.0,0.47,68.0,0.51,160.19,0.52,94.0,0.52,4.58,0.51,10.0,0.53,15.0,0.54,73.0,0.03,0.01,2356.948251,1776319524000
1776319526.47,26.47,0.5,22.8,0.49,10.0,0.51,155.19,0.52,94.0,0.49,150.19,0.48,94.0,0.5,14.8,0.51,10.0,0.01,0.01,2356.948251,1776319524000
1776319528.508,28.508,0.5,8.7,0.49,10.0,0.51,165.19,0.52,160.72,0.49,150.19,0.48,94.0,0.5,12.7,0.51,10.0,0.01,0.01,2357.039132,1776319526000
1776319532.737,32.737,0.44,19.34,0.43,33.0,0.49,88.0,0.5,15.0,0.49,165.19,0.48,160.72,0.5,8.7,0.51,10.0,0.05,0.01,2357.067779,1776319531000
1776319533.822,33.822,0.45,22.0,0.44,82.34,0.47,75.0,0.48,10.0,0.51,88.0,0.5,15.0,0.56,19.34,0.57,33.0,0.02,0.05,2357.061129,1776319532000
1776319534.303,34.303,0.48,119.0,0.47,20.0,0.51,10.19,0.52,75.0,0.53,75.0,0.52,10.0,0.55,22.0,0.56,82.34,0.03,0.02,2357.061129,1776319532000
1776319534.586,34.586,0.5,141.0,0.49,20.0,0.52,75.0,0.53,5.0,0.49,10.19,0.48,75.0,0.52,119.0,0.53,20.0,0.02,0.03,2357.062591,1776319533000
1776319535.114,35.114,0.53,10.0,0.52,10.0,0.54,41.9,0.55,30.0,0.48,75.0,0.47,5.0,0.5,141.0,0.51,20.0,0.01,0.02,2357.062725,1776319534000
1776319535.439,35.439,0.53,70.0,0.52,78.0,0.55,30.0,0.58,70.0,0.46,13.64,0.45,30.0,0.47,35.0,0.48,73.0,0.02,0.01,2357.062725,1776319534000
1776319536.805,36.805,0.54,82.0,0.53,52.0,0.55,28.0,0.58,70.0,0.45,30.0,0.42,70.0,0.47,70.0,0.48,78.0,0.01,0.02,2357.239123,1776319535000
1776319537.292,37.292,0.54,154.0,0.53,66.0,0.58,70.0,0.59,5.0,0.45,28.0,0.42,70.0,0.46,82.0,0.47,52.0,0.04,0.01,2357.239123,1776319535000
1776319538.051,38.051,0.57,17.0,0.56,15.0,0.58,65.0,0.59,5.0,0.42,65.0,0.41,5.0,0.43,10.0,0.44,10.0,0.01,0.01,2357.437554,1776319536000
1776319539.195,39.195,0.58,88.0,0.57,35.0,0.61,5.0,0.63,7.0,0.42,65.0,0.41,5.0,0.43,17.0,0.44,15.0,0.03,0.01,2357.487755,1776319537000
1776319539.467,39.467,0.6,89.0,0.59,30.0,0.63,5.0,0.64,70.0,0.39,5.0,0.37,7.0,0.42,88.0,0.43,35.0,0.03,0.03,2357.519231,1776319538000
1776319539.77,39.77,0.62,2.0,0.61,22.0,0.63,15.0,0.64,80.0,0.37,5.0,0.36,70.0,0.38,5.0,0.39,10.0,0.01,0.01,2357.519231,1776319538000
1776319540.391,40.391,0.61,19.0,0.6,77.0,0.62,13.38,0.63,15.0,0.37,10.0,0.36,138.0,0.39,19.0,0.4,77.0,0.01,0.02,2357.519231,1776319538000
1776319541.005,41.005,0.61,24.0,0.6,77.0,0.62,32.4,0.63,10.0,0.38,13.38,0.37,15.0,0.39,19.0,0.4,77.0,0.01,0.01,2357.534022,1776319539000
1776319544.099,44.099,0.61,19.0,0.6,27.0,0.62,22.12,0.63,68.0,0.38,32.4,0.37,10.0,0.39,24.0,0.4,77.0,0.01,0.01,2357.64535,1776319543000
1776319544.305,44.305,0.61,15.15,0.6,27.0,0.62,27.12,0.63,68.0,0.38,22.12,0.37,68.0,0.39,19.0,0.4,27.0,0.01,0.01,2357.64535,1776319543000
1776319544.565,44.565,0.61,15.15,0.6,27.0,0.62,19.74,0.63,68.0,0.38,27.12,0.37,68.0,0.39,15.15,0.4,27.0,0.01,0.01,2357.64535,1776319543000
1776319545.534,45.534,0.61,5.0,0.6,5.0,0.62,79.68,0.63,32.1,0.38,19.74,0.37,68.0,0.39,15.15,0.4,27.0,0.01,0.01,2357.649939,1776319544000
1776319546.825,46.825,0.54,15.0,0.53,10.0,0.55,88.18,0.56,76.9,0.44,56.9,0.4,23.0,0.47,10.0,0.48,35.0,0.01,0.03,2357.685734,1776319545000
1776319548.751,48.751,0.46,50.0,0.45,5.0,0.47,40.0,0.5,48.48,0.45,88.18,0.44,76.9,0.46,15.0,0.47,10.0,0.01,0.01,2357.60146,1776319547000
1776319551.803,51.803,0.46,110.66,0.45,94.95,0.47,39.63,0.49,5.0,0.53,91.61,0.52,10.0,0.54,25.66,0.55,5.0,0.01,0.01,2357.22089,1776319550000
1776319552.203,52.203,0.46,129.66,0.45,82.95,0.47,34.52,0.49,5.0,0.53,39.63,0.51,5.0,0.54,110.66,0.55,94.95,0.01,0.01,2357.181811,1776319551000
1776319554.405,54.405,0.46,127.8,0.45,97.38,0.47,34.52,0.48,5.0,0.53,34.52,0.51,5.0,0.54,129.66,0.55,82.95,0.01,0.01,2357.21578,1776319552000
1776319555.173,55.173,0.46,62.94,0.45,33.0,0.47,34.52,0.48,63.0,0.53,34.52,0.52,5.0,0.54,127.8,0.55,97.38,0.01,0.01,2357.232008,1776319554000
1776319560.657,60.657,0.45,5.0,0.44,27.7,0.47,137.52,0.48,20.7,0.53,34.52,0.52,63.0,0.54,62.94,0.55,33.0,0.02,0.01,2357.190534,1776319559000
1776319560.859,60.859,0.44,12.97,0.43,10.0,0.46,25.0,0.47,132.52,0.53,137.52,0.52,20.7,0.55,5.0,0.56,27.7,0.02,0.02,2357.190534,1776319559000
1776319562.25,62.25,0.46,37.44,0.45,15.0,0.47,34.52,0.48,78.7,0.55,17.77,0.54,27.0,0.56,12.97,0.57,15.0,0.01,0.01,2357.193606,1776319560000
1776319566.658,66.658,0.46,33.14,0.45,20.0,0.47,34.52,0.48,68.7,0.53,34.52,0.52,78.7,0.54,37.44,0.55,15.0,0.01,0.01,2357.172735,1776319565000
1776319567.042,67.042,0.46,38.14,0.45,41.52,0.47,32.39,0.48,68.7,0.53,34.52,0.52,68.7,0.54,33.14,0.55,20.0,0.01,0.01,2357.172735,1776319565000
1776319569.388,69.388,0.46,10.0,0.45,5.0,0.47,110.39,0.48,25.7,0.53,32.39,0.52,68.7,0.54,38.14,0.55,41.52,0.01,0.01,2357.22467,1776319568000
1776319569.752,69.752,0.46,8.14,0.45,5.0,0.47,120.39,0.48,25.7,0.53,110.39,0.52,25.7,0.54,10.0,0.55,5.0,0.01,0.01,2357.22467,1776319568000
1776319569.99,69.99,0.46,2.58,0.45,5.0,0.47,110.39,0.48,25.7,0.53,120.39,0.52,25.7,0.54,8.14,0.55,5.0,0.01,0.01,2357.22467,1776319568000
1776319571.668,71.668,0.45,5.0,0.44,23.85,0.46,19.82,0.47,110.39,0.53,110.39,0.52,25.7,0.54,2.58,0.55,5.0,0.01,0.01,2357.147745,1776319570000
1776319573.653,73.653,0.46,214.0,0.45,40.0,0.47,27.39,0.48,10.7,0.54,19.82,0.53,110.39,0.55,5.0,0.56,23.85,0.01,0.01,2357.110018,1776319572000
1776319574.278,74.278,0.55,124.77,0.54,15.0,0.56,56.9,0.63,6.48,0.44,56.9,0.42,6.0,0.45,12.77,0.46,15.0,0.01,0.01,2357.108976,1776319573000
1776319574.509,74.509,0.64,10.0,0.62,10.0,0.66,53.47,0.67,44.0,0.35,15.0,0.34,120.0,0.45,139.77,0.46,94.0,0.02,0.1,2357.108976,1776319573000
1776319574.739,74.739,0.64,9.64,0.63,10.0,0.66,55.47,0.67,20.0,0.34,55.47,0.33,29.0,0.35,12.14,0.36,10.0,0.02,0.01,2357.108976,1776319573000
1776319576.231,76.231,0.65,24.29,0.64,11.0,0.66,124.47,0.67,39.0,0.34,55.47,0.33,20.0,0.36,9.64,0.37,10.0,0.01,0.02,2357.414052,1776319575000
1776319576.538,76.538,0.65,70.29,0.64,21.0,0.66,5.0,0.69,10.48,0.34,124.47,0.33,39.0,0.35,24.29,0.36,11.0,0.01,0.01,2357.414052,1776319575000
1776319576.767,76.767,0.65,97.29,0.64,21.0,0.69,1.22,0.7,9.0,0.34,1.22,0.31,10.0,0.35,92.29,0.36,21.0,0.04,0.01,2357.414052,1776319575000
1776319578.058,78.058,0.69,0.83,0.68,6.0,0.7,166.63,0.71,90.0,0.3,0.22,0.29,71.0,0.32,10.0,0.33,10.0,0.01,0.02,2357.768801,1776319577000
1776319578.387,78.387,0.61,5.0,0.6,25.0,0.62,22.88,0.63,20.0,0.3,166.63,0.29,90.0,0.31,0.83,0.32,6.0,0.01,0.01,2357.768801,1776319577000
1776319580.019,80.019,0.64,131.0,0.63,32.0,0.65,0.19,0.69,5.0,0.38,22.88,0.37,20.0,0.39,5.0,0.4,25.0,0.01,0.01,2357.91885,1776319579000
1776319581.186,81.186,0.68,21.0,0.67,15.0,0.69,3.55,0.7,63.22,0.31,5.0,0.3,63.22,0.34,5.81,0.36,101.0,0.01,0.03,2357.85818,1776319580000
1776319583.926,83.926,0.69,131.0,0.68,21.0,0.71,91.32,0.72,22.89,0.31,3.55,0.3,63.22,0.32,21.0,0.33,15.0,0.02,0.01,2357.87545,1776319582000
1776319584.203,84.203,0.7,20.0,0.69,124.0,0.71,103.82,0.72,31.37,0.29,91.32,0.28,22.89,0.31,131.0,0.32,21.0,0.01,0.02,2357.932919,1776319583000
1776319584.959,84.959,0.7,110.0,0.69,66.0,0.71,36.32,0.72,32.89,0.29,103.82,0.28,31.37,0.3,20.0,0.31,124.0,0.01,0.01,2357.932919,1776319583000
1776319585.348,85.348,0.7,62.0,0.69,113.0,0.72,32.89,0.73,70.3,0.29,36.32,0.28,32.89,0.3,113.0,0.31,66.0,0.02,0.01,2357.89687,1776319584000
1776319586.012,86.012,0.71,9.0,0.7,50.0,0.72,37.89,0.73,70.3,0.28,32.89,0.27,70.3,0.3,62.0,0.31,113.0,0.01,0.02,2357.89687,1776319584000
1776319587.003,87.003,0.76,15.0,0.75,15.0,0.77,13.47,0.78,36.0,0.28,37.89,0.27,70.3,0.29,9.0,0.3,50.0,0.01,0.01,2357.95501,1776319586000
1776319587.398,87.398,0.76,47.0,0.75,15.0,0.78,34.41,0.79,56.7,0.23,3.41,0.22,36.0,0.24,20.0,0.25,15.0,0.02,0.01,2357.95501,1776319586000
1776319587.848,87.848,0.77,20.0,0.76,105.0,0.78,22.41,0.79,59.18,0.22,34.41,0.21,56.7,0.24,47.0,0.25,15.0,0.01,0.02,2357.95501,1776319586000
1776319588.081,88.081,0.77,41.73,0.76,105.0,0.78,42.41,0.79,64.18,0.22,42.41,0.21,59.18,0.23,51.08,0.24,105.0,0.01,0.01,2357.970785,1776319587000
1776319588.705,88.705,0.77,155.73,0.76,115.0,0.83,30.5,0.84,38.8,0.22,42.41,0.21,64.18,0.23,41.73,0.24,105.0,0.06,0.01,2357.970785,1776319587000
1776319588.981,88.981,0.82,82.0,0.81,86.0,0.83,11.02,0.84,31.8,0.17,12.32,0.16,50.28,0.18,25.0,0.19,28.0,0.01,0.01,2357.970785,1776319587000
1776319589.659,89.659,0.82,70.0,0.81,28.0,0.83,14.81,0.84,31.8,0.17,19.81,0.16,31.8,0.18,82.0,0.19,86.0,0.01,0.01,2358.155272,1776319588000
1776319590.476,90.476,0.82,65.0,0.81,28.0,0.83,14.5,0.84,89.8,0.17,14.81,0.16,31.8,0.18,70.0,0.19,28.0,0.01,0.01,2358.467749,1776319589000
1776319591.391,91.391,0.82,65.0,0.81,28.0,0.83,7.13,0.84,89.8,0.17,14.5,0.16,89.8,0.18,65.0,0.19,28.0,0.01,0.01,2358.61665,1776319590000
1776319593.722,93.722,0.82,136.9,0.81,20.0,0.83,7.13,0.84,5.0,0.17,7.13,0.16,89.8,0.18,65.0,0.19,28.0,0.01,0.01,2358.730635,1776319592000
1776319596.63,96.63,0.82,28.9,0.81,15.0,0.83,10.0,0.84,47.8,0.17,7.13,0.16,5.0,0.18,136.9,0.19,20.0,0.01,0.01,2358.738804,1776319595000
1776319597.039,97.039,0.81,9.73,0.8,10.0,0.82,15.0,0.83,10.0,0.17,15.0,0.16,47.8,0.19,15.0,0.2,15.0,0.01,0.02,2358.68364,1776319596000
1776319597.31,97.31,0.8,9.24,0.79,15.0,0.82,15.0,0.83,10.0,0.18,15.0,0.17,10.0,0.19,9.73,0.2,10.0,0.02,0.01,2358.68364,1776319596000
1776319599.84,99.84,0.81,4.73,0.8,14.24,0.82,15.0,0.83,88.48,0.18,15.0,0.17,10.0,0.2,9.24,0.21,15.0,0.01,0.02,2358.579066,1776319598000
1776319600.161,100.161,0.8,9.24,0.79,15.0,0.82,47.0,0.83,84.48,0.18,15.0,0.17,88.48,0.19,4.73,0.2,14.24,0.02,0.01,2358.572512,1776319599000
1776319601.196,101.196,0.76,17.0,0.75,73.0,0.78,21.0,0.79,39.0,0.18,47.0,0.17,84.48,0.2,9.24,0.21,15.0,0.02,0.02,2358.572512,1776319599000
1776319601.519,101.519,0.76,5.0,0.75,73.0,0.77,16.0,0.78,11.0,0.23,5.0,0.22,11.0,0.24,10.0,0.25,73.0,0.01,0.01,2358.690073,1776319600000
1776319605.921,105.921,0.86,15.0,0.85,15.0,0.89,45.2,0.9,125.48,0.23,16.0,0.22,11.0,0.25,73.0,0.26,15.0,0.03,0.02,2358.502688,1776319604000
1776319606.274,106.274,0.88,35.0,0.87,15.0,0.89,160.1,0.9,165.0,0.11,35.1,0.1,90.48,0.12,15.0,0.13,15.0,0.01,0.01,2358.454387,1776319605000
1776319606.512,106.512,0.87,10.0,0.86,18.07,0.89,119.71,0.9,190.0,0.11,140.1,0.1,165.0,0.14,18.07,0.15,29.0,0.02,0.03,2358.454387,1776319605000
1776319606.811,106.811,0.88,15.0,0.87,90.0,0.9,32.48,0.91,113.0,0.11,99.48,0.1,190.0,0.13,10.0,0.14,18.07,0.02,0.02,2358.454387,1776319605000
1776319607.699,107.699,0.89,25.0,0.88,73.0,0.9,47.93,0.91,80.0,0.1,32.48,0.09,113.0,0.12,15.0,0.13,90.0,0.01,0.02,2358.573952,1776319606000
1776319608.671,108.671,0.89,20.0,0.88,15.0,0.9,84.57,0.91,138.0,0.1,36.81,0.09,80.0,0.11,25.0,0.12,73.0,0.01,0.01,2358.938357,1776319607000
1776319609.939,109.939,0.88,7.5,0.87,73.0,0.9,112.57,0.91,56.48,0.1,84.57,0.09,138.0,0.11,20.0,0.12,15.0,0.02,0.01,2359.078699,1776319608000
1776319610.533,110.533,0.88,24.5,0.87,81.0,0.89,7.66,0.9,27.0,0.11,35.51,0.1,68.0,0.12,7.5,0.13,73.0,0.01,0.01,2359.149975,1776319609000
1776319610.775,110.775,0.88,14.29,0.87,81.0,0.89,2.66,0.9,27.0,0.11,2.66,0.1,27.0,0.12,24.5,0.13,81.0,0.01,0.01,2359.149975,1776319609000
1776319611.85,111.85,0.88,12.29,0.87,73.0,0.89,0.93,0.9,90.0,0.11,0.93,0.1,27.0,0.12,19.29,0.13,81.0,0.01,0.01,2359.155003,1776319610000
1776319612.669,112.669,0.88,0.66,0.87,10.0,0.89,42.0,0.9,128.0,0.11,0.93,0.1,90.0,0.12,12.29,0.13,73.0,0.01,0.01,2359.17564,1776319611000
1776319612.907,112.907,0.87,2.91,0.86,21.0,0.89,42.0,0.9,128.0,0.11,42.0,0.1,128.0,0.12,0.66,0.13,10.0,0.02,0.01,2359.17564,1776319611000
1776319614.171,114.171,0.88,6.66,0.87,7.91,0.89,100.0,0.9,78.48,0.11,42.0,0.1,128.0,0.13,2.91,0.14,21.0,0.01,0.02,2359.212697,1776319612000
1776319616.392,116.392,0.87,5.21,0.86,21.0,0.88,22.0,0.89,73.0,0.11,100.0,0.1,78.48,0.12,6.66,0.13,7.91,0.01,0.01,2359.084637,1776319615000
1776319618.324,118.324,0.87,20.0,0.86,79.0,0.88,17.0,0.89,10.0,0.12,22.0,0.11,73.0,0.13,5.21,0.14,21.0,0.01,0.01,2359.045645,1776319617000
1776319619.446,119.446,0.87,20.0,0.86,79.0,0.88,20.63,0.89,15.0,0.12,17.0,0.11,10.0,0.13,20.0,0.14,79.0,0.01,0.01,2359.046542,1776319618000
1776319620.155,120.155,0.85,9.46,0.84,15.0,0.87,45.0,0.88,40.0,0.12,20.63,0.11,15.0,0.13,20.0,0.14,79.0,0.02,0.01,2359.048969,1776319619000
1776319620.877,120.877,0.83,4.83,0.82,10.0,0.84,12.0,0.85,47.0,0.13,45.0,0.12,40.0,0.15,9.46,0.16,15.0,0.01,0.02,2359.048969,1776319619000
1776319621.127,121.127,0.83,4.83,0.82,10.0,0.84,27.04,0.85,110.0,0.16,12.0,0.15,47.0,0.17,4.83,0.18,10.0,0.01,0.01,2359.043038,1776319620000
1776319621.424,121.424,0.83,10.0,0.82,10.0,0.84,17.2,0.85,120.0,0.16,15.13,0.15,110.0,0.17,4.83,0.18,10.0,0.01,0.01,2359.043038,1776319620000
1776319622.156,122.156,0.81,4.83,0.8,10.0,0.82,8.0,0.83,47.0,0.16,11.0,0.15,137.48,0.18,5.0,0.19,10.0,0.01,0.02,2359.043038,1776319620000
1776319622.889,122.889,0.81,10.0,0.8,10.0,0.82,19.91,0.83,17.0,0.18,8.0,0.17,47.0,0.19,4.83,0.2,10.0,0.01,0.01,2359.013734,1776319621000
1776319623.313,123.313,0.8,10.0,0.79,10.0,0.81,22.0,0.82,7.0,0.19,20.0,0.18,19.91,0.2,10.0,0.21,10.0,0.01,0.01,2358.793245,1776319622000
1776319623.566,123.566,0.8,9.83,0.79,10.0,0.81,5.0,0.82,7.0,0.18,7.0,0.17,17.0,0.2,15.0,0.21,10.0,0.01,0.02,2358.793245,1776319622000
1776319623.915,123.915,0.79,4.83,0.78,10.0,0.81,39.0,0.82,29.0,0.19,5.0,0.18,7.0,0.2,9.83,0.21,10.0,0.02,0.01,2358.793245,1776319622000
1776319624.501,124.501,0.79,4.81,0.78,10.0,0.81,34.0,0.82,39.0,0.19,34.0,0.18,39.0,0.2,10.0,0.21,4.83,0.02,0.01,2358.607536,1776319623000
1776319624.799,124.799,0.8,27.5,0.79,4.81,0.81,24.0,0.82,39.0,0.19,34.0,0.18,39.0,0.21,4.81,0.22,10.0,0.01,0.02,2358.607536,1776319623000
1776319625.14,125.14,0.79,54.57,0.78,10.0,0.81,24.0,0.82,56.0,0.19,24.0,0.18,39.0,0.2,27.5,0.21,4.81,0.02,0.01,2358.54857,1776319624000
1776319625.373,125.373,0.79,64.57,0.78,10.0,0.81,27.82,0.82,290.8,0.19,24.0,0.18,56.0,0.21,54.57,0.22,10.0,0.02,0.02,2358.54857,1776319624000
1776319625.583,125.583,0.79,69.57,0.78,10.0,0.81,22.82,0.82,52.48,0.19,27.82,0.18,290.8,0.21,64.57,0.22,10.0,0.02,0.02,2358.54857,1776319624000
1776319626.394,126.394,0.79,69.57,0.78,10.0,0.81,22.82,0.82,39.0,0.19,22.82,0.18,52.48,0.21,69.57,0.22,10.0,0.02,0.02,2358.609178,1776319625000
1776319627.235,127.235,0.79,69.57,0.78,15.0,0.81,17.82,0.82,39.0,0.19,22.82,0.18,39.0,0.21,69.57,0.22,10.0,0.02,0.02,2358.487572,1776319626000
1776319628.035,128.035,0.79,69.57,0.78,15.0,0.81,17.82,0.82,39.0,0.19,17.82,0.18,39.0,0.21,69.57,0.22,15.0,0.02,0.02,2358.487572,1776319626000
1776319628.875,128.875,0.79,69.57,0.78,15.0,0.81,12.82,0.82,39.0,0.19,17.82,0.18,39.0,0.21,69.57,0.22,15.0,0.02,0.02,2358.484419,1776319627000
1776319629.681,129.681,0.79,69.57,0.78,15.0,0.81,12.82,0.82,44.48,0.19,12.82,0.18,39.0,0.21,69.57,0.22,15.0,0.02,0.02,2358.507991,1776319628000
1776319630.493,130.493,0.79,74.57,0.78,15.0,0.81,12.82,0.82,39.0,0.19,12.82,0.18,44.48,0.21,69.57,0.22,15.0,0.02,0.02,2358.56093,1776319629000
1776319631.31,131.31,0.8,15.0,0.79,64.57,0.81,10.0,0.82,81.0,0.19,12.82,0.18,39.0,0.21,74.57,0.22,15.0,0.01,0.02,2358.544109,1776319630000
1776319632.166,132.166,0.8,20.0,0.79,64.57,0.81,5.0,0.82,86.0,0.19,10.0,0.18,81.0,0.2,15.0,0.21,64.57,0.01,0.01,2358.42787,1776319631000
1776319632.706,132.706,0.79,60.57,0.78,10.0,0.81,10.0,0.82,86.0,0.19,5.0,0.18,86.0,0.2,20.0,0.21,64.57,0.02,0.01,2358.42787,1776319631000
1776319633.121,133.121,0.61,2.25,0.6,5.0,0.63,20.0,0.64,15.0,0.2,10.0,0.19,10.0,0.21,24.57,0.22,10.0,0.02,0.01,2358.412951,1776319632000
1776319633.363,133.363,0.57,5.15,0.56,143.0,0.59,15.0,0.6,15.0,0.38,15.0,0.37,10.0,0.42,3.42,0.43,13.0,0.02,0.04,2358.412951,1776319632000
1776319633.86,133.86,0.56,75.63,0.54,7.0,0.57,4.89,0.58,15.0,0.43,4.89,0.42,15.0,0.44,63.0,0.45,10.0,0.01,0.01,2358.412951,1776319632000
1776319634.132,134.132,0.64,1.11,0.63,17.0,0.66,10.0,0.67,10.0,0.42,2.79,0.41,5.0,0.44,85.63,0.45,10.0,0.02,0.02,2358.506673,1776319633000
1776319634.519,134.519,0.65,108.0,0.64,18.11,0.7,2.67,0.71,60.0,0.34,9.9,0.33,10.0,0.35,15.0,0.36,17.11,0.05,0.01,2358.506673,1776319633000
1776319634.722,134.722,0.7,27.0,0.69,171.06,0.71,49.76,0.72,10.0,0.3,2.67,0.29,60.0,0.35,108.0,0.36,18.11,0.01,0.05,2358.506673,1776319633000
1776319638.382,138.382,0.7,17.0,0.69,153.06,0.71,34.94,0.72,73.0,0.29,21.32,0.28,10.0,0.3,22.0,0.31,166.06,0.01,0.01,2358.021793,1776319637000
1776319639.425,139.425,0.76,10.0,0.75,17.0,0.77,4.33,0.78,10.0,0.29,34.94,0.28,73.0,0.3,17.0,0.31,153.06,0.01,0.01,2358.020957,1776319638000
1776319640.935,140.935,0.81,20.0,0.8,20.0,0.82,6.22,0.83,35.0,0.23,4.26,0.22,10.0,0.24,10.0,0.25,17.0,0.01,0.01,2358.021602,1776319639000
1776319641.214,141.214,0.81,20.0,0.8,32.0,0.82,25.0,0.83,35.0,0.18,5.0,0.17,35.0,0.19,20.0,0.2,32.0,0.01,0.01,2358.021602,1776319639000
1776319642.065,142.065,0.81,25.0,0.8,90.0,0.82,25.0,0.83,35.0,0.18,25.0,0.17,35.0,0.19,20.0,0.2,32.0,0.01,0.01,2358.237332,1776319641000
1776319642.847,142.847,0.81,74.0,0.8,90.0,0.83,30.0,0.84,128.0,0.18,25.0,0.17,35.0,0.19,25.0,0.2,90.0,0.02,0.01,2358.237332,1776319641000
1776319643.646,143.646,0.82,30.0,0.81,49.0,0.83,25.0,0.84,128.0,0.17,30.0,0.16,128.0,0.19,74.0,0.2,90.0,0.01,0.02,2358.506487,1776319642000
1776319644.451,144.451,0.85,5.0,0.84,20.0,0.86,95.0,0.87,65.0,0.17,19.12,0.16,128.0,0.18,25.0,0.19,49.0,0.01,0.01,2358.57868,1776319643000
1776319645.259,145.259,0.85,15.0,0.84,20.0,0.86,12.0,0.87,123.0,0.14,95.0,0.13,65.0,0.15,5.0,0.16,20.0,0.01,0.01,2358.593385,1776319644000
1776319645.595,145.595,0.85,10.0,0.84,25.0,0.86,7.0,0.87,123.0,0.14,12.0,0.13,123.0,0.15,15.0,0.16,20.0,0.01,0.01,2358.593385,1776319644000
1776319649.806,149.806,0.86,25.0,0.85,83.0,0.87,5.0,0.88,58.0,0.14,2.0,0.13,123.0,0.15,16.0,0.16,25.0,0.01,0.01,2358.786901,1776319648000
1776319650.138,150.138,0.86,32.0,0.85,83.0,0.88,27.94,0.89,103.0,0.13,5.0,0.12,58.0,0.14,25.0,0.15,83.0,0.02,0.01,2358.790825,1776319649000
1776319650.441,150.441,0.87,5.0,0.86,25.0,0.88,27.88,0.89,103.0,0.12,27.94,0.11,103.0,0.14,32.0,0.15,83.0,0.01,0.02,2358.790825,1776319649000
1776319650.859,150.859,0.87,20.0,0.86,25.0,0.88,22.7,0.89,103.0,0.12,17.88,0.11,103.0,0.13,15.0,0.14,25.0,0.01,0.01,2358.790825,1776319649000
1776319651.456,151.456,0.88,10.0,0.87,20.0,0.89,43.0,0.9,93.0,0.12,19.59,0.11,103.0,0.13,20.0,0.14,25.0,0.01,0.01,2358.79737,1776319650000
1776319651.701,151.701,0.88,15.0,0.87,54.48,0.89,12.38,0.9,93.0,0.11,43.0,0.1,93.0,0.12,10.0,0.13,20.0,0.01,0.01,2358.79737,1776319650000
1776319652.264,152.264,0.89,10.0,0.88,25.0,0.9,93.0,0.91,40.0,0.11,2.83,0.09,61.48,0.12,25.0,0.13,112.48,0.01,0.01,2358.840382,1776319651000
1776319652.614,152.614,0.88,15.0,0.87,54.48,0.9,98.0,0.91,40.0,0.1,93.0,0.09,40.0,0.11,10.0,0.12,25.0,0.02,0.01,2358.840382,1776319651000
1776319652.947,152.947,0.88,6.66,0.87,54.48,0.89,15.0,0.9,93.0,0.1,98.0,0.09,40.0,0.12,15.0,0.13,54.48,0.01,0.02,2358.840382,1776319651000
1776319653.838,153.838,0.88,21.66,0.87,112.48,0.89,10.0,0.9,30.0,0.11,15.0,0.1,93.0,0.12,6.66,0.13,54.48,0.01,0.01,2358.92992,1776319652000
1776319654.643,154.643,0.88,16.66,0.87,112.48,0.9,35.0,0.91,98.0,0.11,6.86,0.1,30.0,0.12,21.66,0.13,112.48,0.02,0.01,2358.996988,1776319653000
1776319655.449,155.449,0.89,15.0,0.88,16.66,0.9,15.0,0.91,73.0,0.1,35.0,0.09,98.0,0.12,16.66,0.13,112.48,0.01,0.02,2358.972785,1776319654000
1776319655.95,155.95,0.89,15.0,0.88,16.66,0.9,10.13,0.91,73.0,0.1,15.0,0.09,73.0,0.11,15.0,0.12,16.66,0.01,0.01,2358.972785,1776319654000
1776319656.294,156.294,0.89,1.36,0.88,16.66,0.9,10.13,0.91,73.0,0.1,10.13,0.09,73.0,0.11,15.0,0.12,16.66,0.01,0.01,2358.972785,1776319654000
1776319658.521,158.521,0.88,62.52,0.87,112.48,0.89,10.0,0.9,73.0,0.1,10.13,0.09,73.0,0.11,1.36,0.12,16.66,0.01,0.01,2359.051975,1776319657000
1776319658.748,158.748,0.88,35.52,0.87,112.48,0.89,10.0,0.9,68.0,0.11,10.0,0.1,73.0,0.12,62.52,0.13,112.48,0.01,0.01,2359.051975,1776319657000
1776319659.756,159.756,0.87,28.34,0.84,5.0,0.89,42.0,0.9,47.0,0.11,10.0,0.1,68.0,0.12,35.52,0.13,112.48,0.02,0.01,2359.03176,1776319658000
1776319659.981,159.981,0.83,0.78,0.82,20.0,0.88,47.0,0.89,126.48,0.11,42.0,0.1,47.0,0.13,17.34,0.17,5.0,0.05,0.02,2359.03176,1776319658000
1776319661.878,161.878,0.81,141.24,0.8,30.0,0.82,1.85,0.83,5.0,0.12,47.0,0.11,126.48,0.17,0.78,0.18,20.0,0.01,0.05,2358.99967,1776319660000
1776319662.845,162.845,0.81,88.6,0.8,30.0,0.82,6.85,0.83,5.0,0.18,1.85,0.17,5.0,0.19,141.24,0.2,30.0,0.01,0.01,2358.841152,1776319661000
1776319663.487,163.487,0.81,111.72,0.8,30.0,0.83,2.8,0.84,10.0,0.18,6.85,0.17,5.0,0.19,88.6,0.2,30.0,0.02,0.01,2358.707537,1776319662000
1776319665.673,165.673,0.82,133.62,0.81,109.27,0.83,0.39,0.84,5.0,0.17,2.8,0.16,10.0,0.19,111.72,0.2,30.0,0.01,0.02,2358.716868,1776319664000
1776319667.922,167.922,0.82,19.29,0.81,119.27,0.85,14.78,0.86,25.0,0.17,0.39,0.16,5.0,0.18,64.62,0.19,109.27,0.03,0.01,2358.835477,1776319666000
1776319668.509,168.509,0.82,64.9,0.81,51.27,0.85,5.0,0.86,25.0,0.15,14.78,0.14,25.0,0.18,19.29,0.19,119.27,0.03,0.03,2358.835477,1776319666000
1776319670.193,170.193,0.83,81.77,0.82,43.85,0.84,7.79,0.85,15.0,0.15,5.0,0.14,25.0,0.18,64.9,0.19,51.27,0.01,0.03,2358.711545,1776319668000
1776319671.414,171.414,0.83,6.12,0.82,43.85,0.84,3.3,0.85,15.0,0.16,7.79,0.15,15.0,0.17,81.77,0.18,43.85,0.01,0.01,2358.69936,1776319670000
1776319675.648,175.648,0.84,18.14,0.83,5.0,0.85,10.0,0.86,83.0,0.16,3.3,0.15,15.0,0.17,6.12,0.18,43.85,0.01,0.01,2358.675872,1776319674000
1776319678.932,178.932,0.84,100.0,0.83,39.2,0.86,10.0,0.87,15.0,0.15,10.0,0.14,83.0,0.16,18.14,0.17,5.0,0.02,0.01,2358.589973,1776319677000
1776319679.209,179.209,0.85,25.0,0.84,95.0,0.86,16.0,0.87,15.0,0.14,10.0,0.13,15.0,0.16,100.0,0.17,39.2,0.01,0.02,2358.589973,1776319677000
1776319680.027,180.027,0.85,37.82,0.84,95.0,0.86,13.69,0.87,73.0,0.14,16.0,0.13,15.0,0.15,25.0,0.16,95.0,0.01,0.01,2358.579327,1776319678000
1776319681.068,181.068,0.88,32.0,0.87,31.0,0.89,5.0,0.9,15.0,0.14,13.69,0.13,73.0,0.15,37.82,0.16,95.0,0.01,0.01,2358.658056,1776319680000
1776319681.894,181.894,0.88,22.0,0.87,31.0,0.9,13.87,0.91,20.0,0.11,3.87,0.1,15.0,0.12,32.0,0.13,31.0,0.02,0.01,2358.658056,1776319680000
1776319682.688,182.688,0.9,19.0,0.89,25.0,0.91,0.75,0.92,15.0,0.11,8.08,0.1,13.87,0.12,27.0,0.13,31.0,0.01,0.01,2358.631516,1776319681000
1776319682.951,182.951,0.89,5.0,0.88,10.0,0.91,40.0,0.92,21.75,0.08,10.75,0.07,215.0,0.1,29.0,0.11,5.0,0.02,0.02,2358.631516,1776319681000
1776319683.895,183.895,0.89,10.0,0.88,15.0,0.9,5.0,0.91,20.0,0.1,23.0,0.09,26.0,0.13,6.0,0.14,25.0,0.01,0.03,2358.701957,1776319682000
1776319684.423,184.423,0.89,2.73,0.88,15.0,0.9,15.0,0.91,20.0,0.1,5.0,0.09,20.0,0.11,10.0,0.12,15.0,0.01,0.01,2358.828275,1776319683000
1776319685.031,185.031,0.88,1.0,0.87,78.0,0.9,5.0,0.91,20.0,0.1,15.0,0.09,20.0,0.11,2.73,0.12,15.0,0.02,0.01,2358.829475,1776319684000
1776319685.247,185.247,0.87,62.61,0.86,40.0,0.89,15.0,0.9,10.0,0.1,5.0,0.09,20.0,0.12,1.0,0.13,78.0,0.02,0.02,2358.829475,1776319684000
1776319686.946,186.946,0.85,96.83,0.84,22.0,0.86,40.0,0.87,26.0,0.11,15.0,0.1,10.0,0.13,62.61,0.14,40.0,0.01,0.02,2358.845749,1776319685000
1776319688.469,188.469,0.85,110.0,0.84,32.0,0.86,98.0,0.87,26.0,0.14,40.0,0.13,26.0,0.15,96.83,0.16,22.0,0.01,0.01,2358.855478,1776319687000
1776319689.599,189.599,0.85,112.0,0.84,17.0,0.86,94.0,0.87,26.0,0.14,98.0,0.13,26.0,0.15,110.0,0.16,32.0,0.01,0.01,2358.692001,1776319688000
1776319690.539,190.539,0.85,38.17,0.84,27.0,0.86,48.17,0.87,84.0,0.14,96.62,0.13,26.0,0.15,112.0,0.16,22.0,0.01,0.01,2358.677896,1776319689000
1776319693.195,193.195,0.85,72.98,0.84,28.0,0.86,86.35,0.87,26.0,0.14,48.17,0.13,84.0,0.15,38.17,0.16,27.0,0.01,0.01,2358.647226,1776319692000
1776319693.842,193.842,0.85,72.98,0.84,28.0,0.86,80.18,0.87,26.0,0.14,86.35,0.13,26.0,0.15,72.98,0.16,28.0,0.01,0.01,2358.647226,1776319692000
1776319694.723,194.723,0.85,82.98,0.84,86.0,0.86,14.5,0.87,26.0,0.14,80.18,0.13,26.0,0.15,72.98,0.16,28.0,0.01,0.01,2358.641911,1776319693000
1776319695.388,195.388,0.88,30.0,0.87,92.0,0.89,10.0,0.9,15.0,0.14,14.5,0.13,26.0,0.15,82.98,0.16,86.0,0.01,0.01,2358.632027,1776319694000
1776319695.614,195.614,0.88,35.0,0.87,97.0,0.89,7.28,0.9,15.0,0.11,10.0,0.1,15.0,0.12,30.0,0.13,92.0,0.01,0.01,2358.632027,1776319694000
1776319697.865,197.865,0.88,10.0,0.87,84.0,0.9,39.0,0.91,73.0,0.11,7.28,0.1,15.0,0.12,35.0,0.13,97.0,0.02,0.01,2358.73504,1776319696000
1776319698.449,198.449,0.9,14.0,0.89,10.0,0.91,10.0,0.92,10.75,0.1,39.0,0.09,73.0,0.12,10.0,0.13,84.0,0.01,0.02,2358.77257,1776319697000
1776319698.84,198.84,0.86,100.61,0.85,107.2,0.91,5.0,0.92,10.75,0.09,10.0,0.08,10.75,0.1,14.0,0.11,10.0,0.05,0.01,2358.77257,1776319697000
1776319699.275,199.275,0.9,19.0,0.89,10.0,0.93,4.37,0.94,15.0,0.09,5.0,0.08,10.75,0.14,100.61,0.15,107.2,0.03,0.05,2358.811521,1776319698000
1776319700.439,200.439,0.91,46.0,0.9,10.0,0.92,1.77,0.93,14.37,0.08,5.0,0.07,14.37,0.09,51.0,0.1,15.0,0.01,0.01,2358.806575,1776319699000
1776319701.857,201.857,0.91,31.0,0.9,50.0,0.92,3.63,0.93,14.37,0.08,1.77,0.07,14.37,0.09,46.0,0.1,10.0,0.01,0.01,2358.981382,1776319700000
1776319702.802,202.802,0.91,41.0,0.9,60.0,0.93,6.34,0.94,15.0,0.08,3.63,0.07,14.37,0.09,31.0,0.1,50.0,0.02,0.01,2359.03297,1776319701000
1776319705.55,205.55,0.92,26.0,0.91,88.78,0.94,15.0,0.95,47.85,0.07,6.34,0.06,15.0,0.09,41.0,0.1,60.0,0.02,0.02,2359.122707,1776319704000
1776319706.771,206.771,0.92,194.18,0.91,201.78,0.95,36.48,0.96,90.0,0.06,15.0,0.05,47.85,0.08,26.0,0.09,88.78,0.03,0.02,2359.117637,1776319705000
1776319707.928,207.928,0.94,19.0,0.93,168.8,0.95,12.48,0.96,85.0,0.05,26.48,0.04,90.0,0.08,194.18,0.09,201.78,0.01,0.03,2359.119384,1776319706000
1776319708.48,208.48,0.94,136.8,0.93,187.8,0.95,5.0,0.96,74.9,0.04,74.9,0.03,321.0,0.06,112.8,0.07,182.8,0.01,0.02,2359.058585,1776319707000
1776319709.635,209.635,0.95,68.0,0.94,98.8,0.96,95.61,0.97,316.0,0.04,115.61,0.03,316.0,0.06,124.8,0.07,173.8,0.01,0.02,2359.453695,1776319708000
1776319709.846,209.846,0.95,166.76,0.94,108.8,0.96,90.61,0.97,316.0,0.04,95.61,0.03,316.0,0.05,161.76,0.06,108.8,0.01,0.01,2359.453695,1776319708000
1776319710.241,210.241,0.95,249.93,0.94,118.8,0.96,27.61,0.97,316.0,0.04,90.61,0.03,316.0,0.05,166.76,0.06,108.8,0.01,0.01,2359.453695,1776319708000
1776319710.566,210.566,0.95,289.93,0.94,98.8,0.96,16.95,0.97,274.0,0.04,26.56,0.03,316.0,0.05,259.93,0.06,118.8,0.01,0.01,2359.453695,1776319708000
1776319711.209,211.209,0.95,317.93,0.94,125.8,0.96,3.2,0.97,274.0,0.04,8.2,0.03,274.0,0.05,307.93,0.06,98.8,0.01,0.01,2359.667937,1776319710000
1776319711.675,211.675,0.96,174.7,0.95,295.93,0.97,272.16,0.98,351.0,0.03,272.16,0.02,512.48,0.05,317.93,0.06,120.8,0.01,0.02,2359.667937,1776319710000
1776319711.936,211.936,0.96,188.7,0.95,217.76,0.97,252.77,0.98,351.0,0.03,260.77,0.02,351.0,0.04,174.7,0.05,295.93,0.01,0.01,2359.667937,1776319710000
1776319714.669,214.669,0.96,358.7,0.95,273.76,0.97,143.64,0.98,382.0,0.03,247.77,0.02,351.0,0.04,280.7,0.05,299.76,0.01,0.01,2359.678933,1776319713000
1776319716.232,216.232,0.96,338.7,0.95,219.76,0.97,142.6,0.98,382.0,0.03,143.64,0.02,382.0,0.04,358.7,0.05,273.76,0.01,0.01,2359.678967,1776319714000
1776319717.41,217.41,0.96,210.7,0.95,266.76,0.97,150.53,0.98,377.0,0.03,142.6,0.02,382.0,0.04,338.7,0.05,219.76,0.01,0.01,2359.71431,1776319716000
1776319718.107,218.107,0.96,245.7,0.95,243.76,0.97,137.85,0.98,377.0,0.03,150.53,0.02,377.0,0.04,210.7,0.05,266.76,0.01,0.01,2359.71431,1776319716000
1776319720.032,220.032,0.96,245.7,0.95,238.76,0.97,117.23,0.98,302.0,0.03,137.85,0.02,377.0,0.04,245.7,0.05,243.76,0.01,0.01,2359.527622,1776319719000
1776319720.559,220.559,0.96,275.7,0.95,233.76,0.97,54.23,0.98,310.0,0.03,117.23,0.02,302.0,0.04,245.7,0.05,238.76,0.01,0.01,2359.527622,1776319719000
1776319721.397,221.397,0.96,275.7,0.95,238.76,0.97,49.23,0.98,310.0,0.03,54.23,0.02,310.0,0.04,275.7,0.05,233.76,0.01,0.01,2359.563746,1776319720000
1776319722.251,222.251,0.96,275.7,0.95,256.76,0.97,29.23,0.98,433.0,0.03,49.23,0.02,310.0,0.04,275.7,0.05,238.76,0.01,0.01,2359.551901,1776319721000
1776319723.635,223.635,0.96,280.7,0.95,266.76,0.97,17.73,0.98,438.0,0.03,29.23,0.02,433.0,0.04,275.7,0.05,256.76,0.01,0.01,2359.494029,1776319722000
1776319724.817,224.817,0.96,352.7,0.95,261.76,0.97,22.73,0.98,438.0,0.03,17.73,0.02,438.0,0.04,280.7,0.05,266.76,0.01,0.01,2359.494029,1776319722000
1776319725.65,225.65,0.96,352.7,0.95,319.76,0.97,12.73,0.98,438.0,0.03,22.73,0.02,438.0,0.04,352.7,0.05,261.76,0.01,0.01,2359.613318,1776319723000
1776319726.469,226.469,0.96,437.7,0.95,289.76,0.97,7.73,0.98,438.0,0.03,12.73,0.02,438.0,0.04,352.7,0.05,319.76,0.01,0.01,2359.517249,1776319725000
1776319727.272,227.272,0.96,456.7,0.95,289.76,0.97,2.73,0.98,315.0,0.03,7.73,0.02,438.0,0.04,437.7,0.05,289.76,0.01,0.01,2359.475066,1776319726000
1776319728.144,228.144,0.96,481.7,0.95,271.76,0.98,312.73,0.99,2987.42,0.03,2.73,0.02,315.0,0.04,456.7,0.05,289.76,0.02,0.01,2359.475066,1776319726000
1776319728.776,228.776,0.97,259.94,0.96,424.7,0.98,312.73,0.99,3100.42,0.02,312.73,0.01,2987.42,0.04,481.7,0.05,271.76,0.01,0.02,2359.523105,1776319727000
1776319730.398,230.398,0.97,316.94,0.96,414.7,0.98,307.73,0.99,3077.94,0.02,312.73,0.01,3100.42,0.03,259.94,0.04,424.7,0.01,0.01,2359.521915,1776319728000
1776319731.216,231.216,0.97,351.94,0.96,394.7,0.98,302.73,0.99,3077.94,0.02,307.73,0.01,3077.94,0.03,316.94,0.04,414.7,0.01,0.01,2359.52238,1776319730000
1776319732.038,232.038,0.97,351.94,0.96,384.7,0.98,306.7,0.99,3077.94,0.02,302.73,0.01,3077.94,0.03,351.94,0.04,394.7,0.01,0.01,2359.52238,1776319730000
1776319732.533,232.533,0.97,344.26,0.96,386.7,0.98,306.7,0.99,3077.94,0.02,306.7,0.01,3077.94,0.03,351.94,0.04,384.7,0.01,0.01,2359.52934,1776319731000
1776319733.44,233.44,0.97,354.57,0.96,386.7,0.98,238.6,0.99,3135.94,0.02,306.7,0.01,3077.94,0.03,344.26,0.04,386.7,0.01,0.01,2359.52934,1776319731000
1776319733.797,233.797,0.97,349.57,0.96,386.7,0.98,228.45,0.99,3135.94,0.02,232.57,0.01,3135.94,0.03,354.57,0.04,386.7,0.01,0.01,2359.547355,1776319732000
1776319734.76,234.76,0.97,349.57,0.96,386.7,0.98,223.45,0.99,2772.34,0.02,228.45,0.01,3135.94,0.03,349.57,0.04,386.7,0.01,0.01,2359.547555,1776319733000
1776319735.38,235.38,0.97,349.57,0.96,429.7,0.98,188.45,0.99,1872.34,0.02,223.45,0.01,2772.34,0.03,349.57,0.04,386.7,0.01,0.01,2359.542355,1776319734000
1776319735.751,235.751,0.97,239.57,0.96,429.7,0.98,148.84,0.99,1872.34,0.02,148.84,0.01,1872.34,0.03,349.57,0.04,429.7,0.01,0.01,2359.542355,1776319734000
1776319736.355,236.355,0.97,270.14,0.96,429.7,0.98,134.42,0.99,2172.34,0.02,148.84,0.01,1872.34,0.03,239.57,0.04,429.7,0.01,0.01,2359.542355,1776319734000
1776319736.67,236.67,0.97,270.14,0.96,351.7,0.98,98.58,0.99,1872.34,0.02,102.67,0.01,1872.34,0.03,270.14,0.04,351.7,0.01,0.01,2359.5616,1776319735000
1776319736.928,236.928,0.97,275.14,0.96,351.7,0.98,102.55,0.99,1872.34,0.02,98.58,0.01,1872.34,0.03,270.14,0.04,351.7,0.01,0.01,2359.5616,1776319735000
1776319737.746,237.746,0.97,270.14,0.96,351.7,0.98,92.55,0.99,1872.34,0.02,102.55,0.01,1872.34,0.03,275.14,0.04,351.7,0.01,0.01,2359.569035,1776319736000
1776319738.083,238.083,0.97,270.14,0.96,351.7,0.98,82.55,0.99,2172.34,0.02,92.55,0.01,1872.34,0.03,270.14,0.04,351.7,0.01,0.01,2359.569035,1776319736000
1776319738.403,238.403,0.97,275.14,0.96,351.7,0.98,77.55,0.99,2072.34,0.02,82.55,0.01,2172.34,0.03,270.14,0.04,351.7,0.01,0.01,2359.74322,1776319737000
1776319738.683,238.683,0.97,275.14,0.96,351.7,0.98,52.55,0.99,2072.34,0.02,77.55,0.01,2072.34,0.03,275.14,0.04,351.7,0.01,0.01,2359.74322,1776319737000
1776319739.039,239.039,0.98,63.82,0.97,270.14,0.99,2072.34,,,0.02,52.55,0.01,2072.34,0.03,275.14,0.04,351.7,0.01,0.01,2359.74322,1776319737000
1776319739.241,239.241,0.98,382.52,0.97,258.14,0.99,2072.34,,,0.01,2072.34,,,0.02,63.82,0.03,270.14,0.01,0.01,2359.74322,1776319737000
1776319739.859,239.859,0.98,410.09,0.97,182.57,0.99,2458.34,,,0.01,2072.34,,,0.02,382.52,0.03,258.14,0.01,0.01,2359.798926,1776319738000
1776319741.17,241.17,0.98,350.09,0.97,80.57,0.99,2292.34,,,0.01,2307.34,,,0.02,445.09,0.03,182.57,0.01,0.01,2359.813046,1776319739000
1776319741.564,241.564,0.98,350.09,0.97,80.57,0.99,2272.14,,,0.01,2292.34,,,0.02,350.09,0.03,80.57,0.01,0.01,2359.74948,1776319740000
1776319741.779,241.779,0.98,340.09,0.97,80.57,0.99,2251.93,,,0.01,2272.14,,,0.02,350.09,0.03,80.57,0.01,0.01,2359.74948,1776319740000
1776319742.099,242.099,0.98,340.09,0.97,80.57,0.99,2176.93,,,0.01,2251.93,,,0.02,340.09,0.03,80.57,0.01,0.01,2359.74948,1776319740000
1776319742.319,242.319,0.98,340.09,0.97,80.57,0.99,2175.91,,,0.01,2176.93,,,0.02,340.09,0.03,80.57,0.01,0.01,2359.74948,1776319740000
1776319743.74,243.74,0.98,345.09,0.97,80.57,0.99,2109.24,,,0.01,2175.91,,,0.02,340.09,0.03,80.57,0.01,0.01,2359.748815,1776319742000
1776319744.4,244.4,0.98,355.09,0.97,80.57,0.99,2059.24,,,0.01,2109.24,,,0.02,345.09,0.03,80.57,0.01,0.01,2359.737285,1776319743000
1776319744.73,244.73,0.98,350.09,0.97,80.57,0.99,1809.43,,,0.01,2022.1,,,0.02,350.09,0.03,80.57,0.01,0.01,2359.737285,1776319743000
1776319745.082,245.082,0.98,350.09,0.97,80.57,0.99,1812.43,,,0.01,1809.43,,,0.02,350.09,0.03,80.57,0.01,0.01,2359.737285,1776319743000
1776319745.426,245.426,0.98,350.09,0.97,80.57,0.99,1804.35,,,0.01,1812.43,,,0.02,350.09,0.03,80.57,0.01,0.01,2359.720309,1776319744000
1776319746.567,246.567,0.98,350.09,0.97,80.57,0.99,1724.35,,,0.01,1804.35,,,0.02,350.09,0.03,80.57,0.01,0.01,2359.720824,1776319745000
1776319747.298,247.298,0.98,350.09,0.97,80.57,0.99,1719.29,,,0.01,1724.35,,,0.02,350.09,0.03,80.57,0.01,0.01,2359.699135,1776319746000
1776319747.634,247.634,0.98,355.09,0.97,80.57,0.99,1703.07,,,0.01,1699.09,,,0.02,350.09,0.03,80.57,0.01,0.01,2359.699135,1776319746000
1776319749.222,249.222,0.98,350.09,0.97,80.57,0.99,1653.07,,,0.01,1703.07,,,0.02,355.09,0.03,80.57,0.01,0.01,2359.694795,1776319748000
1776319750.321,250.321,0.98,355.09,0.97,80.57,0.99,1633.07,,,0.01,1653.07,,,0.02,350.09,0.03,80.57,0.01,0.01,2359.760749,1776319749000
1776319750.78,250.78,0.98,355.09,0.97,80.57,0.99,926.07,,,0.01,1633.07,,,0.02,355.09,0.03,80.57,0.01,0.01,2359.760749,1776319749000
1776319751.626,251.626,0.98,350.09,0.97,80.57,0.99,858.02,,,0.01,863.07,,,0.02,355.09,0.03,80.57,0.01,0.01,2359.760297,1776319750000
1776319752.184,252.184,0.98,350.09,0.97,80.57,0.99,834.83,,,0.01,858.02,,,0.02,355.09,0.03,80.57,0.01,0.01,2359.703675,1776319751000
1776319753.097,253.097,0.98,340.09,0.97,80.57,0.99,737.81,,,0.01,838.81,,,0.02,350.09,0.03,80.57,0.01,0.01,2359.703675,1776319751000
1776319753.516,253.516,0.99,1797.19,0.98,355.09,,,,,0.01,727.81,,,0.02,350.09,0.03,80.57,,0.01,2359.73805,1776319752000
1776319754.966,254.966,0.99,1852.14,0.98,308.09,,,,,,,,,0.01,1797.19,0.02,355.09,,,2359.74272,1776319753000
1776319755.258,255.258,0.99,1799.7,0.98,308.09,,,,,,,,,0.01,1852.14,0.02,308.09,,,2359.74272,1776319753000
1776319764.425,264.425,0.99,3872.17,0.98,288.09,,,,,,,,,0.01,1799.7,0.02,308.09,,,2360.40829,1776319763000
1776319764.795,264.795,0.99,3877.47,0.98,288.09,,,,,,,,,0.01,3872.17,0.02,288.09,,,2360.40829,1776319763000
1776319790.227,290.227,0.99,6852.19,0.98,40.57,,,,,,,,,0.01,3877.47,0.02,288.09,,,2360.769637,1776319788000

# RESULT,winner=Up,slug=eth-updown-5m-1776319500,ticks=284
