timestamp,elapsed_sec,up_bid_p1,up_bid_s1,up_bid_p2,up_bid_s2,up_ask_p1,up_ask_s1,up_ask_p2,up_ask_s2,down_bid_p1,down_bid_s1,down_bid_p2,down_bid_s2,down_ask_p1,down_ask_s1,down_ask_p2,down_ask_s2,up_spread,down_spread,eth_price,eth_oracle_ts
1776182711.303,11.303,,,,,,,,,,,,,,,,,,,2368.326844,1776182710000
1776182711.926,11.926,0.49,5.0,0.48,5.5,0.5,707.0,0.51,279.0,0.5,207.0,0.49,95.0,0.51,505.0,0.52,48.57,0.01,0.01,2368.326844,1776182710000
1776182712.193,12.193,0.49,5.0,0.48,5.5,0.5,707.0,0.51,279.0,0.5,707.0,0.49,279.0,0.51,5.0,0.52,5.5,0.01,0.01,2368.46965,1776182711000
1776182713.161,13.161,0.49,5.0,0.48,5.5,0.5,707.0,0.51,279.0,0.5,707.0,0.49,279.0,0.51,5.0,0.52,5.5,0.01,0.01,2368.51246,1776182712000
1776182713.745,13.745,0.48,5.0,0.45,632.0,0.49,242.91,0.5,731.0,0.51,252.0,0.5,726.0,0.52,6.65,0.55,152.0,0.01,0.01,2368.51246,1776182712000
1776182714.181,14.181,0.48,5.0,0.45,632.0,0.49,242.91,0.5,731.0,0.51,242.91,0.5,731.0,0.52,5.0,0.55,632.0,0.01,0.01,2368.374096,1776182713000
1776182714.454,14.454,0.46,592.18,0.45,10.0,0.47,10.0,0.48,110.0,0.51,242.91,0.5,731.0,0.52,5.0,0.55,632.0,0.01,0.01,2368.374096,1776182713000
1776182714.733,14.733,0.46,602.18,0.45,10.0,0.47,6.27,0.48,120.0,0.53,2.27,0.52,120.0,0.54,592.18,0.55,10.0,0.01,0.01,2368.374096,1776182713000
1776182715.171,15.171,0.46,602.18,0.45,10.0,0.47,6.27,0.48,120.0,0.53,6.27,0.52,120.0,0.54,602.18,0.55,10.0,0.01,0.01,2368.344917,1776182714000
1776182715.644,15.644,0.45,7.0,0.44,30.0,0.47,812.99,0.48,185.99,0.53,6.27,0.52,120.0,0.54,602.18,0.55,10.0,0.02,0.01,2368.344917,1776182714000
1776182716.005,16.005,0.44,10.66,0.42,127.0,0.45,298.0,0.46,266.99,0.55,6.0,0.54,812.0,0.56,30.0,0.58,127.0,0.01,0.01,2368.344917,1776182714000
1776182716.21,16.21,0.42,86.86,0.41,485.0,0.43,17.67,0.44,25.0,0.57,17.67,0.56,25.0,0.58,111.86,0.59,485.0,0.01,0.01,2368.28989,1776182715000
1776182716.457,16.457,0.42,572.86,0.41,34.0,0.43,7.57,0.44,31.0,0.57,17.67,0.56,25.0,0.58,566.86,0.59,5.0,0.01,0.01,2368.28989,1776182715000
1776182716.915,16.915,0.42,561.86,0.41,17.0,0.43,7.57,0.44,31.0,0.57,7.57,0.56,31.0,0.58,572.86,0.59,34.0,0.01,0.01,2368.28989,1776182715000
1776182717.809,17.809,0.41,614.0,0.4,42.58,0.42,8.48,0.43,17.57,0.57,7.57,0.56,31.0,0.58,561.86,0.59,17.0,0.01,0.01,2368.1912,1776182716000
1776182718.108,18.108,0.41,614.0,0.4,42.58,0.42,8.48,0.43,17.57,0.58,8.48,0.57,17.57,0.59,614.0,0.6,42.58,0.01,0.01,2367.937427,1776182717000
1776182718.309,18.309,0.41,485.0,0.4,149.0,0.42,7.24,0.43,22.57,0.58,8.48,0.57,17.57,0.59,614.0,0.6,42.58,0.01,0.01,2367.937427,1776182717000
1776182718.971,18.971,0.4,2.0,0.39,582.0,0.41,35.0,0.42,259.24,0.58,7.24,0.57,22.57,0.59,485.0,0.6,149.0,0.01,0.01,2367.937427,1776182717000
1776182719.286,19.286,0.4,2.0,0.39,582.0,0.41,35.0,0.42,259.24,0.59,35.0,0.58,259.24,0.6,2.0,0.61,582.0,0.01,0.01,2367.915755,1776182718000
1776182720.193,20.193,0.4,2.0,0.39,696.0,0.41,48.47,0.42,244.24,0.59,35.0,0.58,259.24,0.6,2.0,0.61,582.0,0.01,0.01,2367.915755,1776182718000
1776182720.498,20.498,0.39,677.0,0.38,103.0,0.4,5.0,0.41,43.47,0.59,48.47,0.58,244.24,0.6,2.0,0.61,696.0,0.01,0.01,2367.915755,1776182718000
1776182721.036,21.036,0.39,669.78,0.38,103.0,0.42,243.81,0.43,597.57,0.6,5.0,0.59,43.47,0.61,669.78,0.62,103.0,0.03,0.01,2367.801534,1776182719000
1776182721.389,21.389,0.39,674.78,0.38,103.0,0.4,4.0,0.41,10.0,0.58,243.81,0.57,597.57,0.61,669.78,0.62,103.0,0.01,0.03,2367.801534,1776182719000
1776182722.18,22.18,0.39,109.58,0.38,689.0,0.4,9.0,0.41,10.0,0.6,4.0,0.59,10.0,0.61,674.78,0.62,103.0,0.01,0.01,2367.65992,1776182720000
1776182722.628,22.628,0.39,107.56,0.38,689.0,0.4,14.0,0.41,15.0,0.6,9.0,0.59,10.0,0.61,109.58,0.62,689.0,0.01,0.01,2367.657196,1776182721000
1776182723.1,23.1,0.39,107.56,0.38,689.0,0.4,14.0,0.41,15.0,0.6,14.0,0.59,15.0,0.61,107.56,0.62,689.0,0.01,0.01,2367.61723,1776182722000
1776182723.827,23.827,0.39,83.95,0.38,555.0,0.4,164.0,0.41,287.0,0.6,14.0,0.59,15.0,0.61,107.56,0.62,689.0,0.01,0.01,2367.61723,1776182722000
1776182724.606,24.606,0.39,83.95,0.38,555.0,0.4,164.0,0.41,287.0,0.6,164.0,0.59,287.0,0.61,83.95,0.62,555.0,0.01,0.01,2367.601269,1776182723000
1776182725.326,25.326,0.39,81.63,0.38,555.0,0.4,134.0,0.41,287.0,0.6,164.0,0.59,287.0,0.61,83.95,0.62,555.0,0.01,0.01,2367.601269,1776182723000
1776182726.107,26.107,0.39,66.83,0.38,672.0,0.4,139.0,0.41,297.0,0.6,129.0,0.59,287.0,0.61,71.83,0.62,555.0,0.01,0.01,2367.519986,1776182724000
1776182726.377,26.377,0.39,43.61,0.38,672.0,0.4,134.0,0.41,297.0,0.6,134.0,0.59,297.0,0.61,54.83,0.62,672.0,0.01,0.01,2367.60153,1776182725000
1776182726.814,26.814,0.37,10.58,0.36,50.0,0.4,781.0,0.41,232.05,0.6,134.0,0.59,297.0,0.61,43.61,0.62,672.0,0.03,0.01,2367.60153,1776182725000
1776182727.251,27.251,0.35,25.0,0.33,197.0,0.37,767.0,0.38,196.0,0.6,781.0,0.59,232.05,0.63,10.58,0.64,50.0,0.02,0.03,2367.60153,1776182725000
1776182727.842,27.842,0.35,25.0,0.33,197.0,0.37,767.0,0.38,196.0,0.63,767.0,0.62,196.0,0.65,25.0,0.67,197.0,0.02,0.02,2367.532564,1776182726000
1776182728.483,28.483,0.33,619.56,0.32,128.0,0.34,10.0,0.35,110.0,0.63,767.0,0.62,196.0,0.65,25.0,0.67,197.0,0.01,0.02,2367.532564,1776182726000
1776182729.004,29.004,0.32,60.92,0.31,150.0,0.34,160.0,0.35,196.05,0.66,10.0,0.65,115.0,0.67,607.56,0.68,128.0,0.02,0.01,2367.468005,1776182727000
1776182729.373,29.373,0.32,60.92,0.31,150.0,0.34,160.0,0.35,196.05,0.66,160.0,0.65,196.05,0.68,60.92,0.69,150.0,0.02,0.02,2367.032708,1776182728000
1776182729.602,29.602,0.31,673.37,0.3,50.0,0.32,10.0,0.33,10.0,0.68,15.0,0.67,10.0,0.69,678.37,0.7,50.0,0.01,0.01,2367.032708,1776182728000
1776182730.216,30.216,0.31,673.37,0.3,50.0,0.32,10.0,0.33,10.0,0.68,10.0,0.67,10.0,0.69,673.37,0.7,50.0,0.01,0.01,2366.934295,1776182729000
1776182730.687,30.687,0.34,579.0,0.33,107.0,0.35,74.94,0.36,27.0,0.66,5.0,0.65,74.94,0.67,764.0,0.68,171.0,0.01,0.01,2366.934295,1776182729000
1776182731.014,31.014,0.34,3.84,0.33,604.0,0.35,213.0,0.36,15.0,0.65,74.94,0.64,27.0,0.66,579.0,0.67,107.0,0.01,0.01,2366.934295,1776182729000
1776182731.253,31.253,0.34,555.0,0.33,126.0,0.35,60.0,0.36,15.0,0.65,139.0,0.64,15.0,0.66,28.84,0.67,596.0,0.01,0.01,2366.934295,1776182729000
1776182731.46,31.46,0.34,655.0,0.33,136.58,0.37,41.0,0.38,31.0,0.64,10.0,0.63,141.0,0.66,631.0,0.67,136.58,0.03,0.02,2366.934295,1776182729000
1776182731.834,31.834,0.35,65.0,0.34,653.0,0.38,4.68,0.39,25.0,0.62,4.68,0.61,25.0,0.65,65.0,0.66,653.0,0.03,0.03,2366.694326,1776182730000
1776182732.236,32.236,0.35,771.0,0.34,66.0,0.37,5.0,0.38,31.68,0.64,32.94,0.63,42.0,0.65,172.46,0.66,653.0,0.02,0.01,2366.694326,1776182730000
1776182732.606,32.606,0.35,491.0,0.34,31.0,0.36,43.22,0.37,10.0,0.64,7.22,0.63,10.0,0.65,531.0,0.66,36.0,0.01,0.01,2366.694326,1776182730000
1776182732.852,32.852,0.35,519.3,0.34,31.0,0.36,4.16,0.37,10.0,0.64,7.22,0.63,10.0,0.65,519.3,0.66,31.0,0.01,0.01,2367.060052,1776182731000
1776182733.236,33.236,0.35,33.3,0.34,20.0,0.36,55.16,0.37,20.0,0.64,9.16,0.63,15.0,0.65,504.3,0.66,31.0,0.01,0.01,2367.060052,1776182731000
1776182733.438,33.438,0.34,25.0,0.33,151.58,0.35,6.85,0.36,187.16,0.65,6.85,0.64,187.16,0.66,25.0,0.67,151.58,0.01,0.01,2367.019988,1776182732000
1776182733.804,33.804,0.33,173.0,0.32,191.58,0.34,11.76,0.35,183.85,0.65,6.85,0.64,187.16,0.66,25.0,0.67,151.58,0.01,0.01,2367.019988,1776182732000
1776182734.239,34.239,0.33,173.0,0.32,191.58,0.34,11.76,0.35,183.85,0.66,11.76,0.65,183.85,0.67,173.0,0.68,191.58,0.01,0.01,2367.213103,1776182733000
1776182734.46,34.46,0.35,5.0,0.34,531.0,0.37,27.0,0.38,14.68,0.66,11.76,0.65,183.85,0.67,173.0,0.68,191.58,0.02,0.01,2367.213103,1776182733000
1776182735.127,35.127,0.34,660.67,0.33,157.0,0.35,10.0,0.36,15.0,0.64,10.0,0.63,32.0,0.66,520.84,0.67,230.0,0.01,0.02,2367.213103,1776182733000
1776182735.858,35.858,0.34,660.67,0.33,157.0,0.35,10.0,0.36,15.0,0.65,10.0,0.64,15.0,0.66,660.67,0.67,157.0,0.01,0.01,2366.939395,1776182734000
1776182736.364,36.364,0.37,505.0,0.36,153.0,0.38,26.0,0.39,25.0,0.65,10.0,0.64,15.0,0.66,660.67,0.67,157.0,0.01,0.01,2366.939395,1776182734000
1776182736.616,36.616,0.37,500.0,0.36,36.0,0.38,36.0,0.39,25.0,0.62,36.0,0.61,25.0,0.63,500.0,0.64,36.0,0.01,0.01,2366.859958,1776182735000
1776182737.422,37.422,0.37,500.0,0.36,36.0,0.38,36.0,0.39,25.0,0.62,36.0,0.61,25.0,0.63,500.0,0.64,36.0,0.01,0.01,2366.977455,1776182736000
1776182738.113,38.113,0.37,500.0,0.36,36.0,0.38,36.0,0.39,25.0,0.62,36.0,0.61,25.0,0.63,500.0,0.64,36.0,0.01,0.01,2367.388843,1776182737000
1776182738.68,38.68,0.38,767.0,0.37,26.0,0.4,45.0,0.41,105.0,0.62,36.0,0.61,25.0,0.63,500.0,0.64,36.0,0.02,0.01,2367.388843,1776182737000
1776182739.299,39.299,0.39,16.0,0.38,678.58,0.4,45.0,0.41,105.0,0.6,45.0,0.59,105.0,0.61,16.0,0.62,678.58,0.01,0.01,2367.24943,1776182738000
1776182739.986,39.986,0.39,5.03,0.38,10.58,0.4,182.0,0.41,170.0,0.6,45.0,0.59,105.0,0.61,16.0,0.62,678.58,0.01,0.01,2367.24943,1776182738000
1776182740.304,40.304,0.39,5.03,0.38,10.58,0.4,182.0,0.41,170.0,0.6,182.0,0.59,170.0,0.61,5.03,0.62,10.58,0.01,0.01,2367.425095,1776182739000
1776182741.921,41.921,0.39,9.03,0.38,10.58,0.4,147.0,0.41,180.0,0.6,147.0,0.59,180.0,0.61,9.03,0.62,10.58,0.01,0.01,2367.48401,1776182741000
1776182742.876,42.876,0.43,10.0,0.42,16.0,0.45,113.07,0.46,125.0,0.59,105.0,0.58,48.94,0.6,134.0,0.61,85.03,0.02,0.01,2367.48401,1776182741000
1776182743.133,43.133,0.43,31.64,0.42,48.58,0.44,30.0,0.45,736.01,0.55,113.07,0.54,125.0,0.57,10.0,0.58,16.0,0.01,0.02,2367.48401,1776182741000
1776182744.472,44.472,0.43,31.64,0.42,48.58,0.44,30.0,0.45,736.01,0.56,30.0,0.55,736.01,0.57,31.64,0.58,48.58,0.01,0.01,2367.639945,1776182743000
1776182745.048,45.048,0.4,50.58,0.39,141.03,0.41,87.8,0.42,177.0,0.59,87.8,0.58,177.0,0.6,50.58,0.61,141.03,0.01,0.01,2367.827095,1776182744000
1776182745.398,45.398,0.4,552.35,0.39,170.09,0.41,15.0,0.42,30.0,0.59,87.8,0.58,177.0,0.6,50.58,0.61,141.03,0.01,0.01,2367.827095,1776182744000
1776182746.126,46.126,0.4,541.86,0.39,168.61,0.41,9.0,0.42,30.0,0.59,9.0,0.58,30.0,0.6,541.86,0.61,168.61,0.01,0.01,2367.7823,1776182745000
1776182746.444,46.444,0.4,34.01,0.39,648.61,0.41,14.0,0.42,40.0,0.59,24.0,0.58,40.0,0.6,34.01,0.61,648.61,0.01,0.01,2367.7823,1776182745000
1776182746.644,46.644,0.4,34.01,0.39,648.61,0.41,8.0,0.42,30.0,0.59,14.0,0.58,40.0,0.6,34.01,0.61,648.61,0.01,0.01,2367.7823,1776182745000
1776182747.009,47.009,0.4,14.01,0.39,648.61,0.41,23.0,0.42,147.0,0.59,8.0,0.58,30.0,0.6,34.01,0.61,648.61,0.01,0.01,2367.7823,1776182745000
1776182747.717,47.717,0.4,942.0,0.39,66.6,0.45,43.07,0.46,55.0,0.59,23.0,0.58,147.0,0.6,14.01,0.61,648.61,0.05,0.01,2367.7823,1776182745000
1776182748.354,48.354,0.42,10.0,0.4,141.01,0.44,80.0,0.45,247.95,0.56,80.0,0.55,247.95,0.58,10.0,0.6,141.01,0.02,0.02,2367.70813,1776182747000
1776182748.788,48.788,0.42,673.0,0.41,36.0,0.43,11.74,0.44,90.0,0.57,16.74,0.56,90.0,0.58,5.0,0.59,628.58,0.01,0.01,2367.70813,1776182747000
1776182750.093,50.093,0.42,673.0,0.41,36.0,0.43,11.74,0.44,90.0,0.57,11.74,0.56,90.0,0.58,673.0,0.59,36.0,0.01,0.01,2367.799357,1776182749000
1776182751.293,51.293,0.42,673.0,0.41,36.0,0.43,11.74,0.44,90.0,0.57,11.74,0.56,90.0,0.58,673.0,0.59,36.0,0.01,0.01,2367.83966,1776182750000
1776182751.563,51.563,0.42,680.82,0.41,41.0,0.43,5.0,0.44,75.0,0.57,5.0,0.56,75.0,0.58,683.81,0.59,41.0,0.01,0.01,2367.83966,1776182750000
1776182752.262,52.262,0.42,24.62,0.41,63.0,0.43,42.0,0.44,687.0,0.57,5.0,0.56,75.0,0.58,680.82,0.59,41.0,0.01,0.01,2367.83966,1776182750000
1776182752.54,52.54,0.42,24.62,0.41,63.0,0.43,42.0,0.44,687.0,0.57,42.0,0.56,687.0,0.58,24.62,0.59,63.0,0.01,0.01,2367.87319,1776182751000
1776182753.069,53.069,0.39,19.03,0.38,25.0,0.4,185.63,0.41,640.0,0.59,25.0,0.58,125.0,0.61,24.03,0.62,35.58,0.01,0.02,2367.87319,1776182751000
1776182753.68,53.68,0.39,753.03,0.38,58.06,0.4,13.63,0.41,225.0,0.6,185.63,0.59,640.0,0.61,19.03,0.62,25.0,0.01,0.01,2367.87143,1776182752000
1776182753.901,53.901,0.4,18.33,0.39,258.03,0.41,225.0,0.42,6.0,0.59,225.0,0.58,6.0,0.61,810.03,0.62,64.99,0.01,0.02,2367.87143,1776182752000
1776182754.227,54.227,0.4,18.33,0.39,258.03,0.41,225.0,0.42,6.0,0.59,225.0,0.58,6.0,0.6,18.33,0.61,258.03,0.01,0.01,2367.82641,1776182753000
1776182754.489,54.489,0.4,692.33,0.39,66.03,0.41,225.0,0.42,6.0,0.59,225.0,0.58,6.0,0.6,18.33,0.61,258.03,0.01,0.01,2367.82641,1776182753000
1776182755.186,55.186,0.4,692.33,0.39,66.03,0.41,225.0,0.42,6.0,0.59,225.0,0.58,6.0,0.6,692.33,0.61,66.03,0.01,0.01,2367.561855,1776182754000
1776182756.318,56.318,0.4,686.33,0.39,61.03,0.41,225.0,0.42,6.0,0.59,225.0,0.58,6.0,0.6,692.33,0.61,66.03,0.01,0.01,2367.561855,1776182754000
1776182757.434,57.434,0.4,686.33,0.39,61.03,0.41,225.0,0.42,6.0,0.59,225.0,0.58,6.0,0.6,686.33,0.61,61.03,0.01,0.01,2367.693785,1776182756000
1776182758.1,58.1,0.4,686.33,0.39,61.03,0.41,225.0,0.42,6.0,0.59,225.0,0.58,6.0,0.6,686.33,0.61,61.03,0.01,0.01,2367.69411,1776182757000
1776182759.326,59.326,0.4,686.33,0.39,61.03,0.41,225.0,0.42,6.0,0.59,225.0,0.58,6.0,0.6,686.33,0.61,61.03,0.01,0.01,2367.69184,1776182758000
1776182759.977,59.977,0.4,686.33,0.39,61.03,0.41,225.0,0.42,6.0,0.59,225.0,0.58,6.0,0.6,686.33,0.61,61.03,0.01,0.01,2367.680475,1776182759000
1776182760.429,60.429,0.4,685.24,0.39,73.02,0.41,225.0,0.42,16.0,0.59,225.0,0.58,6.0,0.6,686.33,0.61,61.03,0.01,0.01,2367.680475,1776182759000
1776182760.741,60.741,0.4,699.24,0.39,73.02,0.41,200.6,0.42,16.0,0.59,225.0,0.58,16.0,0.6,685.24,0.61,73.02,0.01,0.01,2367.680475,1776182759000
1776182761.099,61.099,0.4,699.24,0.39,73.02,0.41,200.6,0.42,16.0,0.59,200.6,0.58,16.0,0.6,699.24,0.61,73.02,0.01,0.01,2367.795226,1776182760000
1776182761.686,61.686,0.4,725.47,0.39,72.02,0.41,200.6,0.42,16.0,0.59,200.6,0.58,16.0,0.6,699.24,0.61,73.02,0.01,0.01,2367.795226,1776182760000
1776182762.08,62.08,0.4,785.47,0.39,72.02,0.41,188.6,0.42,16.0,0.59,200.6,0.58,16.0,0.6,725.47,0.61,72.02,0.01,0.01,2367.795226,1776182760000
1776182762.309,62.309,0.4,785.47,0.39,72.02,0.41,188.6,0.42,16.0,0.59,188.6,0.58,16.0,0.6,785.47,0.61,72.02,0.01,0.01,2367.7587,1776182761000
1776182762.59,62.59,0.41,105.0,0.4,643.47,0.44,10.0,0.45,49.95,0.58,6.0,0.56,10.0,0.6,923.53,0.61,66.09,0.03,0.02,2367.7587,1776182761000
1776182762.834,62.834,0.41,105.0,0.4,643.47,0.44,10.0,0.45,49.95,0.56,10.0,0.55,49.95,0.59,105.0,0.6,643.47,0.03,0.03,2367.810677,1776182762000
1776182763.073,63.073,0.43,311.0,0.42,38.64,0.44,8.86,0.45,49.95,0.56,10.0,0.55,49.95,0.59,105.0,0.6,643.47,0.01,0.03,2367.810677,1776182762000
1776182763.802,63.802,0.43,801.06,0.42,160.64,0.44,6.15,0.45,49.95,0.56,8.86,0.55,49.95,0.57,311.0,0.58,38.64,0.01,0.01,2367.810677,1776182762000
1776182764.218,64.218,0.43,801.06,0.42,160.64,0.45,48.49,0.46,252.0,0.55,48.49,0.54,252.0,0.57,801.06,0.58,160.64,0.02,0.02,2367.80607,1776182763000
1776182764.431,64.431,0.44,947.06,0.43,81.64,0.45,40.29,0.46,50.0,0.55,48.49,0.54,252.0,0.57,801.06,0.58,160.64,0.01,0.02,2367.80607,1776182763000
1776182764.876,64.876,0.46,24.81,0.45,10.0,0.47,77.0,0.48,625.0,0.53,5.0,0.52,110.0,0.56,800.0,0.57,191.64,0.01,0.03,2367.80607,1776182763000
1776182765.421,65.421,0.43,17.58,0.41,47.0,0.44,32.0,0.45,116.0,0.53,194.0,0.52,625.0,0.54,30.13,0.55,10.0,0.01,0.01,2368.16472,1776182764000
1776182765.983,65.983,0.43,60.0,0.42,46.0,0.44,107.0,0.45,718.0,0.56,73.59,0.55,127.0,0.58,10.0,0.59,62.0,0.01,0.02,2368.16472,1776182764000
1776182766.24,66.24,0.43,60.0,0.42,46.0,0.44,107.0,0.45,718.0,0.56,107.0,0.55,718.0,0.57,60.0,0.58,46.0,0.01,0.01,2368.134125,1776182765000
1776182766.827,66.827,0.43,5.0,0.42,15.0,0.44,215.0,0.45,813.0,0.56,107.0,0.55,718.0,0.57,60.0,0.58,46.0,0.01,0.01,2368.134125,1776182765000
1776182767.361,67.361,0.43,5.0,0.42,15.0,0.44,215.0,0.45,813.0,0.56,215.0,0.55,813.0,0.57,5.0,0.58,15.0,0.01,0.01,2368.14476,1776182766000
1776182768.049,68.049,0.43,5.0,0.42,15.0,0.44,215.0,0.45,813.0,0.56,215.0,0.55,813.0,0.57,5.0,0.58,15.0,0.01,0.01,2367.96578,1776182767000
1776182768.359,68.359,0.42,42.0,0.41,670.0,0.43,41.77,0.44,198.0,0.56,215.0,0.55,813.0,0.57,5.0,0.58,15.0,0.01,0.01,2367.96578,1776182767000
1776182768.637,68.637,0.42,86.03,0.41,639.94,0.43,41.77,0.44,198.0,0.57,41.77,0.56,198.0,0.58,39.0,0.59,670.0,0.01,0.01,2367.96578,1776182767000
1776182769.062,69.062,0.42,98.3,0.41,649.0,0.43,41.77,0.44,198.0,0.57,41.77,0.56,198.0,0.58,86.03,0.59,639.94,0.01,0.01,2367.96578,1776182767000
1776182770.067,70.067,0.42,715.36,0.41,47.06,0.44,75.0,0.45,90.0,0.57,41.77,0.56,198.0,0.58,98.3,0.59,649.0,0.02,0.01,2367.928697,1776182768000
1776182770.713,70.713,0.42,715.36,0.41,47.06,0.44,75.0,0.45,90.0,0.56,75.0,0.55,90.0,0.58,715.36,0.59,47.06,0.02,0.02,2367.90434,1776182769000
1776182771.257,71.257,0.42,715.36,0.41,47.06,0.44,75.0,0.45,90.0,0.56,75.0,0.55,90.0,0.58,715.36,0.59,47.06,0.02,0.02,2367.956638,1776182770000
1776182772.034,72.034,0.43,1040.06,0.42,62.99,0.46,3.8,0.48,105.0,0.56,75.0,0.55,90.0,0.58,715.36,0.59,47.06,0.03,0.02,2367.956638,1776182770000
1776182772.284,72.284,0.45,10.92,0.44,10.0,0.46,0.8,0.48,105.0,0.54,0.8,0.52,105.0,0.55,10.92,0.56,10.0,0.01,0.01,2368.003895,1776182771000
1776182772.721,72.721,0.47,381.0,0.46,56.0,0.5,95.0,0.51,70.0,0.52,105.0,0.51,19.61,0.55,1028.92,0.56,96.0,0.03,0.03,2368.003895,1776182771000
1776182773.12,73.12,0.49,10.0,0.48,10.0,0.5,224.18,0.51,85.0,0.5,95.0,0.49,70.0,0.53,381.0,0.54,56.0,0.01,0.03,2368.003895,1776182771000
1776182773.354,73.354,0.49,51.16,0.48,56.0,0.5,234.18,0.51,85.0,0.5,224.18,0.49,85.0,0.51,10.0,0.52,10.0,0.01,0.01,2368.038985,1776182772000
1776182774.263,74.263,0.46,30.0,0.45,15.0,0.47,15.0,0.48,15.0,0.5,234.18,0.49,85.0,0.51,51.16,0.52,56.0,0.01,0.01,2368.038985,1776182772000
1776182774.574,74.574,0.45,65.0,0.44,75.58,0.46,35.0,0.47,111.0,0.53,1.0,0.52,32.0,0.54,16.0,0.55,36.0,0.01,0.01,2368.540955,1776182773000
1776182774.887,74.887,0.45,65.0,0.44,75.58,0.46,35.0,0.47,111.0,0.54,35.0,0.53,111.0,0.55,65.0,0.56,75.58,0.01,0.01,2368.584324,1776182774000
1776182775.376,75.376,0.44,107.17,0.43,531.58,0.46,147.47,0.47,601.0,0.54,152.0,0.53,601.0,0.56,139.17,0.57,531.58,0.02,0.02,2368.584324,1776182774000
1776182775.957,75.957,0.44,107.17,0.43,531.58,0.46,147.47,0.47,601.0,0.54,147.47,0.53,601.0,0.56,107.17,0.57,531.58,0.02,0.02,2368.59191,1776182775000
1776182776.895,76.895,0.44,106.0,0.43,51.58,0.45,14.0,0.46,697.0,0.54,147.47,0.53,601.0,0.56,107.17,0.57,531.58,0.01,0.02,2368.59191,1776182775000
1776182778.053,78.053,0.44,106.0,0.43,51.58,0.45,14.0,0.46,697.0,0.55,14.0,0.54,697.0,0.56,106.0,0.57,51.58,0.01,0.01,2368.147182,1776182777000
1776182778.698,78.698,0.45,820.0,0.44,55.0,0.46,17.0,0.47,70.0,0.55,14.0,0.54,697.0,0.56,106.0,0.57,51.58,0.01,0.01,2368.147182,1776182777000
1776182779.094,79.094,0.46,60.96,0.45,692.06,0.47,67.0,0.48,7.0,0.53,67.0,0.52,7.0,0.54,60.96,0.55,692.06,0.01,0.01,2368.11435,1776182778000
1776182780.154,80.154,0.46,60.96,0.45,692.06,0.47,67.0,0.48,7.0,0.53,67.0,0.52,7.0,0.54,60.96,0.55,692.06,0.01,0.01,2368.144821,1776182779000
1776182780.4,80.4,0.46,819.0,0.45,102.57,0.47,65.5,0.48,7.0,0.53,69.65,0.52,7.0,0.54,819.0,0.55,102.57,0.01,0.01,2368.144821,1776182779000
1776182780.826,80.826,0.46,866.0,0.45,102.57,0.48,7.0,0.49,20.0,0.53,65.5,0.52,7.0,0.54,819.0,0.55,102.57,0.02,0.01,2368.144821,1776182779000
1776182781.164,81.164,0.46,866.0,0.45,102.57,0.48,7.0,0.49,20.0,0.52,7.0,0.51,20.0,0.54,866.0,0.55,102.57,0.02,0.02,2368.293372,1776182780000
1776182782.126,82.126,0.46,866.0,0.45,102.57,0.48,7.0,0.49,20.0,0.52,7.0,0.51,20.0,0.54,866.0,0.55,102.57,0.02,0.02,2368.31743,1776182781000
1776182783.12,83.12,0.46,866.0,0.45,102.57,0.48,7.0,0.49,20.0,0.52,7.0,0.51,20.0,0.54,866.0,0.55,102.57,0.02,0.02,2368.354995,1776182782000
1776182784.114,84.114,0.46,866.0,0.45,102.57,0.48,7.0,0.49,20.0,0.52,7.0,0.51,20.0,0.54,866.0,0.55,102.57,0.02,0.02,2368.41611,1776182783000
1776182785.121,85.121,0.48,72.0,0.47,20.0,0.49,26.0,0.5,147.0,0.51,26.0,0.5,147.0,0.52,72.0,0.53,20.0,0.01,0.01,2368.40212,1776182784000
1776182786.13,86.13,0.48,72.0,0.47,20.0,0.49,26.0,0.5,147.0,0.51,26.0,0.5,147.0,0.52,72.0,0.53,20.0,0.01,0.01,2368.390045,1776182785000
1776182786.914,86.914,0.48,891.0,0.47,45.0,0.5,10.0,0.51,100.0,0.51,26.0,0.5,147.0,0.52,72.0,0.53,20.0,0.02,0.01,2368.390045,1776182785000
1776182788.096,88.096,0.48,891.0,0.47,45.0,0.5,10.0,0.51,100.0,0.5,10.0,0.49,100.0,0.52,891.0,0.53,45.0,0.02,0.02,2368.418286,1776182787000
1776182788.705,88.705,0.54,742.0,0.53,104.45,0.56,20.0,0.57,149.0,0.45,60.0,0.43,27.0,0.47,288.87,0.48,55.0,0.02,0.02,2368.418286,1776182787000
1776182789.027,89.027,0.56,499.0,0.55,637.58,0.57,27.0,0.58,10.0,0.44,20.0,0.43,149.0,0.46,742.0,0.47,104.45,0.01,0.02,2368.418286,1776182787000
1776182789.335,89.335,0.56,522.0,0.55,40.58,0.57,37.0,0.58,127.0,0.43,27.0,0.42,10.0,0.44,499.0,0.45,637.58,0.01,0.01,2368.568864,1776182788000
1776182790.074,90.074,0.56,522.0,0.55,40.58,0.57,37.0,0.58,127.0,0.43,37.0,0.42,127.0,0.44,522.0,0.45,40.58,0.01,0.01,2368.915165,1776182789000
1776182790.968,90.968,0.56,665.0,0.55,71.58,0.57,35.89,0.58,10.0,0.43,37.0,0.42,127.0,0.44,522.0,0.45,40.58,0.01,0.01,2368.915165,1776182789000
1776182791.285,91.285,0.57,59.0,0.56,655.58,0.58,21.82,0.59,158.0,0.42,17.0,0.41,158.0,0.44,665.0,0.45,40.58,0.01,0.02,2369.0345,1776182790000
1776182791.767,91.767,0.58,673.0,0.57,63.0,0.59,5.0,0.6,22.1,0.41,158.0,0.4,41.1,0.43,606.0,0.44,180.58,0.01,0.02,2369.0345,1776182790000
1776182791.983,91.983,0.59,10.0,0.58,828.94,0.63,18.93,0.64,12.0,0.39,4.26,0.37,25.0,0.42,753.94,0.43,47.0,0.04,0.03,2369.0345,1776182790000
1776182792.674,92.674,0.62,20.0,0.61,17.0,0.63,207.0,0.64,18.0,0.37,18.93,0.36,12.0,0.41,10.0,0.42,828.94,0.01,0.04,2369.092331,1776182791000
1776182793.055,93.055,0.62,17.36,0.61,10.0,0.63,207.0,0.64,516.94,0.37,207.0,0.36,516.94,0.38,17.36,0.39,10.0,0.01,0.01,2369.124299,1776182792000
1776182793.698,93.698,0.62,10.0,0.61,10.0,0.63,198.23,0.64,526.94,0.37,207.0,0.36,516.94,0.38,17.36,0.39,10.0,0.01,0.01,2369.124299,1776182792000
1776182794.087,94.087,0.62,10.0,0.61,10.0,0.63,198.23,0.64,526.94,0.37,198.23,0.36,526.94,0.38,10.0,0.39,10.0,0.01,0.01,2369.641412,1776182793000
1776182794.997,94.997,0.54,19.75,0.53,20.0,0.56,67.0,0.57,10.0,0.4,8.0,0.39,629.05,0.41,4.0,0.42,10.0,0.02,0.01,2369.641412,1776182793000
1776182795.283,95.283,0.54,32.17,0.53,147.58,0.55,11.0,0.56,577.0,0.44,67.0,0.43,10.0,0.46,19.75,0.47,20.0,0.01,0.02,2369.495553,1776182794000
1776182796.09,96.09,0.54,32.17,0.53,147.58,0.55,11.0,0.56,577.0,0.45,11.0,0.44,577.0,0.46,32.17,0.47,147.58,0.01,0.01,2369.28087,1776182795000
1776182796.424,96.424,0.5,41.0,0.49,154.94,0.53,20.0,0.54,668.0,0.45,11.0,0.44,577.0,0.46,32.17,0.47,147.58,0.03,0.01,2369.28087,1776182795000
1776182797.061,97.061,0.5,41.0,0.49,154.94,0.53,20.0,0.54,668.0,0.47,20.0,0.46,668.0,0.5,41.0,0.51,154.94,0.03,0.03,2369.00298,1776182796000
1776182798.101,98.101,0.5,41.0,0.49,154.94,0.53,20.0,0.54,668.0,0.47,20.0,0.46,668.0,0.5,41.0,0.51,154.94,0.03,0.03,2368.885379,1776182797000
1776182799.174,99.174,0.5,41.0,0.49,154.94,0.53,20.0,0.54,668.0,0.47,20.0,0.46,668.0,0.5,41.0,0.51,154.94,0.03,0.03,2368.691865,1776182798000
1776182799.823,99.823,0.48,57.0,0.47,649.32,0.5,40.0,0.51,65.0,0.47,20.0,0.46,668.0,0.5,41.0,0.51,154.94,0.02,0.03,2368.691865,1776182798000
1776182800.181,100.181,0.48,57.0,0.47,649.32,0.5,40.0,0.51,65.0,0.5,40.0,0.49,65.0,0.52,57.0,0.53,649.32,0.02,0.02,2368.437441,1776182799000
1776182800.394,100.394,0.48,30.0,0.47,644.32,0.49,16.53,0.5,637.0,0.5,40.0,0.49,65.0,0.52,57.0,0.53,649.32,0.01,0.02,2368.437441,1776182799000
1776182800.808,100.808,0.48,26.73,0.47,644.32,0.49,11.53,0.5,637.0,0.51,16.53,0.5,637.0,0.52,30.0,0.53,644.32,0.01,0.01,2368.437441,1776182799000
1776182801.245,101.245,0.48,26.73,0.47,644.32,0.49,11.53,0.5,637.0,0.51,11.53,0.5,637.0,0.52,26.73,0.53,644.32,0.01,0.01,2368.439663,1776182800000
1776182801.463,101.463,0.46,60.58,0.45,35.0,0.48,536.0,0.49,135.58,0.51,11.53,0.5,637.0,0.52,26.73,0.53,644.32,0.02,0.01,2368.439663,1776182800000
1776182801.752,101.752,0.44,80.58,0.43,61.63,0.46,218.0,0.47,103.0,0.52,536.0,0.51,135.58,0.54,60.58,0.55,35.0,0.02,0.02,2368.439663,1776182800000
1776182802.04,102.04,0.42,80.58,0.41,90.0,0.44,532.0,0.45,79.0,0.56,10.0,0.55,532.0,0.57,44.75,0.58,65.0,0.02,0.01,2368.439663,1776182800000
1776182802.487,102.487,0.42,191.0,0.41,100.58,0.45,225.0,0.46,192.0,0.56,532.0,0.55,79.0,0.58,80.58,0.59,90.0,0.03,0.02,2368.478,1776182801000
1776182802.933,102.933,0.45,48.0,0.44,139.0,0.46,52.04,0.47,510.0,0.55,225.0,0.54,192.0,0.58,191.0,0.59,100.58,0.01,0.03,2368.478,1776182801000
1776182803.283,103.283,0.45,48.0,0.44,139.0,0.46,52.04,0.47,510.0,0.54,52.04,0.53,510.0,0.55,48.0,0.56,139.0,0.01,0.01,2368.475983,1776182802000
1776182803.569,103.569,0.44,15.58,0.43,15.0,0.46,727.04,0.47,68.0,0.54,52.04,0.53,510.0,0.55,48.0,0.56,139.0,0.02,0.01,2368.475983,1776182802000
1776182804.253,104.253,0.43,0.35,0.42,17.0,0.45,646.0,0.46,85.04,0.55,156.0,0.54,95.04,0.56,13.0,0.57,25.58,0.02,0.01,2368.475983,1776182802000
1776182804.819,104.819,0.42,27.58,0.41,207.0,0.44,666.0,0.45,43.0,0.55,646.0,0.54,85.04,0.57,0.35,0.58,17.0,0.02,0.02,2367.900295,1776182803000
1776182805.784,105.784,0.41,63.0,0.4,139.58,0.42,48.0,0.43,648.02,0.57,9.02,0.56,660.0,0.58,16.39,0.59,207.0,0.01,0.01,2367.955062,1776182804000
1776182806.076,106.076,0.4,149.58,0.39,69.03,0.41,98.72,0.42,43.0,0.59,38.87,0.58,43.0,0.6,139.58,0.61,69.03,0.01,0.01,2367.959185,1776182805000
1776182806.739,106.739,0.39,64.03,0.38,72.0,0.41,229.87,0.42,21.0,0.59,98.72,0.58,43.0,0.6,149.58,0.61,69.03,0.02,0.01,2367.959185,1776182805000
1776182806.959,106.959,0.39,63.01,0.38,72.0,0.4,26.12,0.41,233.87,0.6,26.12,0.59,233.87,0.61,63.01,0.62,72.0,0.01,0.01,2367.941543,1776182806000
1776182807.162,107.162,0.39,56.37,0.38,72.0,0.4,27.12,0.41,76.87,0.6,26.12,0.59,233.87,0.61,63.01,0.62,72.0,0.01,0.01,2367.941543,1776182806000
1776182807.711,107.711,0.38,22.0,0.37,122.0,0.4,630.12,0.41,86.87,0.6,27.12,0.59,76.87,0.61,56.37,0.62,72.0,0.02,0.01,2367.941543,1776182806000
1776182807.975,107.975,0.38,22.0,0.37,122.0,0.4,630.12,0.41,86.87,0.6,630.12,0.59,86.87,0.62,22.0,0.63,122.0,0.02,0.02,2367.801675,1776182807000
1776182808.245,108.245,0.37,47.0,0.36,292.0,0.38,24.33,0.39,145.0,0.61,631.0,0.6,27.12,0.63,5.0,0.64,292.0,0.01,0.02,2367.801675,1776182807000
1776182808.452,108.452,0.37,137.0,0.36,175.0,0.38,19.33,0.39,28.0,0.62,24.33,0.61,145.0,0.63,47.0,0.64,292.0,0.01,0.01,2367.801675,1776182807000
1776182808.76,108.76,0.38,1.05,0.37,642.82,0.39,10.0,0.4,10.0,0.62,14.19,0.61,33.0,0.63,123.82,0.64,175.0,0.01,0.01,2367.801675,1776182807000
1776182808.983,108.983,0.38,1.05,0.37,642.82,0.39,2.3,0.4,10.0,0.61,2.3,0.6,10.0,0.62,1.05,0.63,642.82,0.01,0.01,2367.563516,1776182808000
1776182809.512,109.512,0.37,148.26,0.36,665.0,0.39,7.3,0.4,15.0,0.61,2.3,0.6,10.0,0.62,1.05,0.63,642.82,0.02,0.01,2367.563516,1776182808000
1776182810.263,110.263,0.38,622.0,0.37,40.02,0.4,10.0,0.41,58.87,0.61,7.3,0.6,15.0,0.63,148.26,0.64,665.0,0.02,0.02,2367.563516,1776182808000
1776182810.64,110.64,0.4,53.0,0.39,632.58,0.41,38.87,0.43,10.0,0.6,10.0,0.59,58.87,0.62,622.0,0.63,40.02,0.01,0.02,2367.563516,1776182808000
1776182810.883,110.883,0.4,75.0,0.39,632.58,0.41,35.87,0.43,10.0,0.59,35.87,0.57,10.0,0.6,75.0,0.61,632.58,0.01,0.01,2367.48617,1776182809000
1776182811.319,111.319,0.4,75.0,0.39,632.58,0.41,35.87,0.43,10.0,0.59,35.87,0.57,10.0,0.6,75.0,0.61,632.58,0.01,0.01,2367.555515,1776182810000
1776182811.605,111.605,0.39,7.0,0.38,25.58,0.4,54.0,0.41,53.0,0.59,35.87,0.57,10.0,0.6,75.0,0.61,632.58,0.01,0.01,2367.555515,1776182810000
1776182811.832,111.832,0.37,607.58,0.36,185.0,0.39,26.0,0.4,43.0,0.6,49.0,0.59,53.0,0.62,25.58,0.64,185.0,0.02,0.02,2367.555515,1776182810000
1776182812.133,112.133,0.38,5.0,0.37,612.58,0.39,18.43,0.4,33.0,0.61,26.0,0.6,43.0,0.63,607.58,0.64,185.0,0.01,0.02,2367.650178,1776182811000
1776182812.675,112.675,0.38,5.0,0.37,617.58,0.39,12.66,0.4,33.0,0.61,18.43,0.6,33.0,0.62,5.0,0.63,612.58,0.01,0.01,2367.650178,1776182811000
1776182813.14,113.14,0.38,5.0,0.37,617.58,0.39,12.66,0.4,33.0,0.61,12.66,0.6,33.0,0.62,5.0,0.63,617.58,0.01,0.01,2367.794045,1776182812000
1776182814.203,114.203,0.38,3.38,0.37,142.58,0.39,39.66,0.4,630.0,0.61,12.66,0.6,33.0,0.62,5.0,0.63,617.58,0.01,0.01,2367.794045,1776182812000
1776182814.946,114.946,0.38,8.29,0.37,127.0,0.39,19.66,0.4,630.0,0.61,39.66,0.6,630.0,0.62,3.38,0.63,142.58,0.01,0.01,2367.672352,1776182813000
1776182815.925,115.925,0.37,7.23,0.36,170.0,0.38,21.0,0.39,42.66,0.61,19.66,0.6,630.0,0.62,8.29,0.63,127.0,0.01,0.01,2367.580375,1776182814000
1776182816.171,116.171,0.36,170.0,0.35,60.0,0.38,26.0,0.39,42.66,0.62,26.0,0.61,42.66,0.64,170.0,0.65,60.0,0.02,0.02,2367.648134,1776182815000
1776182817.175,117.175,0.35,8.46,0.34,147.0,0.36,15.0,0.37,15.0,0.63,25.0,0.62,623.0,0.65,60.0,0.66,20.0,0.01,0.02,2367.648134,1776182815000
1776182818.396,118.396,0.35,8.46,0.34,147.0,0.36,15.0,0.37,15.0,0.64,15.0,0.63,15.0,0.65,8.46,0.66,147.0,0.01,0.01,2367.28402,1776182817000
1776182819.179,119.179,0.35,15.0,0.34,152.0,0.37,10.0,0.38,618.0,0.63,10.0,0.62,618.0,0.65,15.0,0.66,152.0,0.02,0.02,2367.291275,1776182818000
1776182820.493,120.493,0.35,15.0,0.34,152.0,0.37,10.0,0.38,618.0,0.63,10.0,0.62,618.0,0.65,15.0,0.66,152.0,0.02,0.02,2367.292825,1776182819000
1776182821.063,121.063,0.35,15.0,0.34,152.0,0.37,10.0,0.38,618.0,0.63,10.0,0.62,618.0,0.65,15.0,0.66,152.0,0.02,0.02,2367.294,1776182820000
1776182821.505,121.505,0.35,16.96,0.34,147.0,0.36,10.0,0.37,5.0,0.63,10.0,0.62,618.0,0.65,15.0,0.66,152.0,0.01,0.02,2367.294,1776182820000
1776182821.95,121.95,0.36,11.62,0.35,641.96,0.37,10.0,0.38,10.0,0.64,10.0,0.63,5.0,0.65,486.96,0.66,147.0,0.01,0.01,2367.294,1776182820000
1776182822.173,122.173,0.36,11.62,0.35,641.96,0.37,10.0,0.38,10.0,0.63,10.0,0.62,10.0,0.64,11.62,0.65,641.96,0.01,0.01,2367.348276,1776182821000
1776182822.761,122.761,0.36,5.52,0.35,641.96,0.37,20.0,0.38,15.0,0.63,10.0,0.62,10.0,0.64,11.62,0.65,641.96,0.01,0.01,2367.348276,1776182821000
1776182823.328,123.328,0.35,629.89,0.34,25.0,0.37,20.0,0.38,15.0,0.63,20.0,0.62,15.0,0.65,629.89,0.66,25.0,0.02,0.02,2367.337905,1776182822000
1776182823.663,123.663,0.35,45.0,0.34,30.0,0.38,9.89,0.39,12.66,0.63,20.0,0.62,15.0,0.65,629.89,0.66,25.0,0.03,0.02,2367.337905,1776182822000
1776182824.553,124.553,0.35,45.0,0.34,30.0,0.38,9.89,0.39,12.66,0.62,9.89,0.61,12.66,0.65,45.0,0.66,30.0,0.03,0.03,2367.500291,1776182823000
1776182824.919,124.919,0.35,568.0,0.34,147.0,0.36,3.5,0.37,137.0,0.62,9.89,0.61,12.66,0.65,45.0,0.66,30.0,0.01,0.03,2367.500291,1776182823000
1776182826.063,126.063,0.35,522.0,0.34,147.0,0.36,3.5,0.37,137.0,0.64,3.5,0.63,137.0,0.65,522.0,0.66,147.0,0.01,0.01,2367.393045,1776182824000
1776182826.368,126.368,0.33,99.0,0.32,175.0,0.34,10.0,0.35,63.0,0.64,3.5,0.63,137.0,0.65,522.0,0.66,147.0,0.01,0.01,2367.393045,1776182824000
1776182826.81,126.81,0.33,84.91,0.32,175.0,0.34,39.47,0.35,31.0,0.66,18.0,0.65,31.0,0.67,79.91,0.68,175.0,0.01,0.01,2367.343425,1776182825000
1776182827.67,127.67,0.33,84.91,0.32,175.0,0.34,39.47,0.35,31.0,0.66,39.47,0.65,31.0,0.67,84.91,0.68,175.0,0.01,0.01,2367.35115,1776182826000
1776182828.157,128.157,0.33,52.91,0.32,302.0,0.34,12.42,0.35,137.0,0.66,26.42,0.65,137.0,0.67,29.91,0.68,292.0,0.01,0.01,2367.35115,1776182826000
1776182828.519,128.519,0.34,126.0,0.33,633.41,0.36,15.0,0.37,25.0,0.66,12.42,0.65,137.0,0.67,56.41,0.68,302.0,0.02,0.01,2367.35115,1776182826000
1776182828.809,128.809,0.34,724.77,0.33,106.41,0.35,10.0,0.36,10.0,0.64,4.0,0.63,25.0,0.66,121.0,0.67,633.41,0.01,0.02,2367.35115,1776182826000
1776182829.46,129.46,0.36,618.79,0.35,20.0,0.37,10.0,0.39,20.0,0.65,6.51,0.64,15.0,0.66,262.0,0.67,116.41,0.01,0.01,2367.33828,1776182827000
1776182829.987,129.987,0.36,618.79,0.35,20.0,0.37,10.0,0.39,20.0,0.63,10.0,0.61,20.0,0.64,618.79,0.65,20.0,0.01,0.01,2367.170692,1776182828000
1776182830.341,130.341,0.43,200.77,0.42,490.0,0.44,5.0,0.45,25.0,0.58,2.73,0.56,10.0,0.61,227.0,0.62,10.0,0.01,0.03,2367.170692,1776182828000
1776182830.69,130.69,0.43,200.77,0.42,490.0,0.44,5.0,0.45,25.0,0.56,5.0,0.55,25.0,0.57,200.77,0.58,490.0,0.01,0.01,2367.428762,1776182829000
1776182831.393,131.393,0.43,570.0,0.42,142.0,0.46,4.76,0.47,132.0,0.54,4.76,0.53,132.0,0.57,570.0,0.58,142.0,0.03,0.03,2367.47018,1776182830000
1776182831.64,131.64,0.45,515.0,0.44,127.0,0.46,23.76,0.47,20.0,0.54,4.76,0.53,132.0,0.57,570.0,0.58,142.0,0.01,0.03,2367.47018,1776182830000
1776182832.149,132.149,0.45,549.45,0.44,127.0,0.46,9.76,0.47,137.0,0.54,9.76,0.53,137.0,0.55,549.45,0.56,127.0,0.01,0.01,2367.882109,1776182831000
1776182832.586,132.586,0.48,736.0,0.47,10.0,0.5,5.0,0.51,10.0,0.54,9.76,0.53,137.0,0.55,549.45,0.56,127.0,0.02,0.01,2367.882109,1776182831000
1776182832.978,132.978,0.51,5.0,0.5,35.0,0.52,10.0,0.53,30.0,0.49,10.0,0.48,10.0,0.51,616.4,0.52,50.0,0.01,0.02,2367.882109,1776182831000
1776182833.337,133.337,0.51,9.08,0.5,20.0,0.53,10.0,0.55,10.0,0.48,10.0,0.47,30.0,0.49,5.0,0.5,35.0,0.02,0.01,2367.882109,1776182831000
1776182833.554,133.554,0.51,38.05,0.5,20.0,0.54,10.0,0.56,27.0,0.47,10.0,0.45,10.0,0.49,9.08,0.5,20.0,0.03,0.02,2368.149645,1776182832000
1776182833.809,133.809,0.56,5.77,0.55,10.0,0.57,30.0,0.58,26.0,0.4,170.0,0.39,50.0,0.47,10.0,0.48,10.0,0.01,0.07,2368.149645,1776182832000
1776182834.101,134.101,0.56,0.77,0.55,20.45,0.57,12.0,0.58,143.0,0.43,30.0,0.42,26.0,0.44,5.77,0.45,20.45,0.01,0.01,2368.149645,1776182832000
1776182834.333,134.333,0.56,10.0,0.55,5.86,0.57,42.52,0.59,18.0,0.43,75.24,0.41,18.0,0.45,5.86,0.46,15.0,0.01,0.02,2368.491218,1776182833000
1776182834.608,134.608,0.55,5.86,0.54,10.0,0.56,5.0,0.57,197.52,0.43,42.52,0.41,18.0,0.44,5.0,0.45,5.86,0.01,0.01,2368.491218,1776182833000
1776182834.908,134.908,0.55,27.4,0.54,10.0,0.56,31.0,0.57,186.52,0.44,15.0,0.43,186.52,0.45,14.63,0.46,10.0,0.01,0.01,2368.491218,1776182833000
1776182835.25,135.25,0.55,24.95,0.54,10.0,0.56,110.25,0.57,151.0,0.44,31.0,0.43,186.52,0.45,27.4,0.46,10.0,0.01,0.01,2368.491218,1776182833000
1776182835.821,135.821,0.55,24.95,0.54,10.0,0.56,108.46,0.57,151.0,0.44,108.46,0.43,151.0,0.45,24.95,0.46,10.0,0.01,0.01,2368.814855,1776182834000
1776182836.096,136.096,0.55,2.75,0.54,10.0,0.56,126.6,0.57,22.0,0.44,108.46,0.43,151.0,0.45,24.95,0.46,10.0,0.01,0.01,2368.814855,1776182834000
1776182836.456,136.456,0.55,2.75,0.54,10.0,0.56,126.6,0.57,22.0,0.44,126.6,0.43,22.0,0.45,2.75,0.46,10.0,0.01,0.01,2368.880503,1776182835000
1776182836.958,136.958,0.55,17.75,0.54,10.0,0.56,128.11,0.57,22.0,0.44,126.6,0.43,22.0,0.45,2.75,0.46,10.0,0.01,0.01,2368.880503,1776182835000
1776182837.188,137.188,0.55,15.11,0.54,10.0,0.56,92.89,0.57,22.0,0.44,107.89,0.43,22.0,0.45,17.75,0.46,10.0,0.01,0.01,2368.880503,1776182835000
1776182837.971,137.971,0.51,21.26,0.5,10.0,0.52,34.0,0.53,45.0,0.44,92.89,0.43,22.0,0.45,15.11,0.46,10.0,0.01,0.01,2368.73408,1776182836000
1776182838.574,138.574,0.5,10.0,0.49,60.0,0.51,8.74,0.52,66.0,0.49,8.74,0.48,66.0,0.5,10.0,0.51,60.0,0.01,0.01,2368.87419,1776182837000
1776182838.892,138.892,0.49,50.0,0.48,25.0,0.51,10.7,0.52,52.0,0.49,10.0,0.48,25.0,0.5,26.2,0.51,182.0,0.02,0.01,2368.87419,1776182837000
1776182839.131,139.131,0.5,411.0,0.49,50.0,0.51,22.7,0.52,59.0,0.49,10.7,0.48,52.0,0.51,50.0,0.52,25.0,0.01,0.02,2368.87419,1776182837000
1776182839.335,139.335,0.5,397.0,0.49,50.0,0.51,28.6,0.52,120.19,0.49,28.6,0.48,120.19,0.5,411.0,0.51,50.0,0.01,0.01,2368.87419,1776182837000
1776182840.063,140.063,0.5,397.0,0.49,50.0,0.51,28.6,0.52,120.19,0.49,28.6,0.48,120.19,0.5,397.0,0.51,50.0,0.01,0.01,2368.682727,1776182839000
1776182840.669,140.669,0.5,22.8,0.49,657.0,0.51,10.7,0.53,17.0,0.5,3.0,0.49,5.7,0.51,652.0,0.52,47.0,0.01,0.01,2368.682727,1776182839000
1776182841.145,141.145,0.5,219.0,0.49,50.0,0.53,5.0,0.55,10.0,0.49,10.7,0.47,17.0,0.5,22.8,0.51,657.0,0.03,0.01,2368.682727,1776182839000
1776182841.554,141.554,0.55,10.0,0.54,15.0,0.56,50.0,0.57,17.0,0.45,10.0,0.44,17.0,0.48,27.0,0.49,137.0,0.01,0.03,2368.682727,1776182839000
1776182841.967,141.967,0.55,15.0,0.54,15.0,0.56,38.21,0.57,27.0,0.44,50.0,0.43,17.0,0.45,10.0,0.46,15.0,0.01,0.01,2368.440131,1776182840000
1776182842.395,142.395,0.55,15.0,0.54,15.0,0.56,38.21,0.57,27.0,0.44,38.21,0.43,27.0,0.45,15.0,0.46,15.0,0.01,0.01,2368.432993,1776182841000
1776182842.626,142.626,0.55,5.0,0.54,15.0,0.56,152.08,0.57,105.15,0.44,38.21,0.43,27.0,0.45,15.0,0.46,15.0,0.01,0.01,2368.432993,1776182841000
1776182842.858,142.858,0.55,5.0,0.54,15.0,0.56,168.59,0.57,105.15,0.44,152.08,0.43,105.15,0.45,5.0,0.46,15.0,0.01,0.01,2368.432993,1776182841000
1776182843.192,143.192,0.54,14.0,0.53,127.0,0.56,163.59,0.57,105.15,0.44,163.59,0.43,105.15,0.46,14.0,0.47,127.0,0.02,0.02,2368.538665,1776182842000
1776182844.019,144.019,0.49,49.11,0.48,158.0,0.51,67.0,0.52,43.0,0.44,163.59,0.43,105.15,0.46,14.0,0.47,127.0,0.02,0.02,2368.538665,1776182842000
1776182844.836,144.836,0.49,49.11,0.48,158.0,0.51,67.0,0.52,43.0,0.49,67.0,0.48,43.0,0.51,49.11,0.52,158.0,0.02,0.02,2368.654295,1776182843000
1776182845.221,145.221,0.49,14.11,0.48,41.0,0.5,61.2,0.51,145.0,0.49,67.0,0.48,43.0,0.51,49.11,0.52,158.0,0.01,0.02,2368.654295,1776182843000
1776182845.561,145.561,0.49,14.11,0.48,41.0,0.5,61.2,0.51,145.0,0.5,61.2,0.49,145.0,0.51,14.11,0.52,41.0,0.01,0.01,2368.662775,1776182844000
1776182846.372,146.372,0.49,14.11,0.48,41.0,0.5,61.2,0.51,145.0,0.5,61.2,0.49,145.0,0.51,14.11,0.52,41.0,0.01,0.01,2368.614834,1776182845000
1776182847.17,147.17,0.49,19.11,0.48,46.0,0.5,57.88,0.51,33.0,0.5,61.2,0.49,145.0,0.51,14.11,0.52,41.0,0.01,0.01,2368.614834,1776182845000
1776182847.467,147.467,0.49,19.11,0.48,46.0,0.5,57.88,0.51,33.0,0.5,57.88,0.49,33.0,0.51,19.11,0.52,46.0,0.01,0.01,2368.618,1776182846000
1776182847.959,147.959,0.49,19.11,0.48,46.0,0.5,57.88,0.51,33.0,0.5,57.88,0.49,33.0,0.51,19.11,0.52,46.0,0.01,0.01,2368.533237,1776182847000
1776182848.959,148.959,0.49,29.11,0.48,142.0,0.5,26.26,0.51,20.0,0.5,57.88,0.49,33.0,0.51,19.11,0.52,46.0,0.01,0.01,2368.533237,1776182847000
1776182849.534,149.534,0.49,24.11,0.48,142.0,0.5,65.66,0.51,137.0,0.5,26.26,0.49,20.0,0.51,29.11,0.52,142.0,0.01,0.01,2368.475423,1776182848000
1776182850.041,150.041,0.49,24.11,0.48,142.0,0.5,65.66,0.51,137.0,0.5,65.66,0.49,137.0,0.51,24.11,0.52,142.0,0.01,0.01,2368.425599,1776182849000
1776182851.168,151.168,0.49,24.11,0.48,142.0,0.5,65.66,0.51,137.0,0.5,65.66,0.49,137.0,0.51,24.11,0.52,142.0,0.01,0.01,2368.463328,1776182850000
1776182851.95,151.95,0.48,25.0,0.46,25.0,0.5,731.66,0.51,91.0,0.5,65.66,0.49,137.0,0.51,24.11,0.52,142.0,0.02,0.01,2368.463328,1776182850000
1776182852.231,152.231,0.45,70.0,0.44,77.0,0.46,6.51,0.47,15.0,0.54,6.51,0.53,15.0,0.55,70.0,0.56,77.0,0.01,0.01,2368.391325,1776182851000
1776182853.29,153.29,0.42,154.41,0.41,30.0,0.43,16.0,0.44,32.0,0.54,8.02,0.53,16.0,0.55,192.0,0.56,562.0,0.01,0.01,2368.391325,1776182851000
1776182853.67,153.67,0.42,112.14,0.41,35.0,0.43,16.0,0.44,32.0,0.57,16.0,0.56,32.0,0.58,146.02,0.59,35.0,0.01,0.01,2368.607358,1776182852000
1776182854.131,154.131,0.47,18.22,0.46,10.0,0.48,10.0,0.5,15.0,0.57,16.0,0.56,32.0,0.58,112.14,0.59,35.0,0.01,0.01,2368.607358,1776182852000
1776182854.379,154.379,0.48,15.0,0.47,103.22,0.51,12.01,0.52,31.0,0.5,0.5,0.49,15.0,0.52,15.0,0.53,48.22,0.03,0.02,2368.607358,1776182852000
1776182854.8,154.8,0.48,15.0,0.47,103.22,0.51,12.01,0.52,31.0,0.49,12.01,0.48,31.0,0.52,15.0,0.53,103.22,0.03,0.03,2368.136181,1776182854000
1776182855.316,155.316,0.5,8.0,0.49,627.0,0.51,12.01,0.52,15.0,0.49,12.01,0.48,31.0,0.52,15.0,0.53,103.22,0.01,0.03,2368.136181,1776182854000
1776182855.9,155.9,0.5,8.0,0.49,627.0,0.51,12.01,0.52,15.0,0.49,12.01,0.48,15.0,0.5,8.0,0.51,627.0,0.01,0.01,2368.136181,1776182855000
1776182856.746,156.746,0.52,29.5,0.51,55.0,0.53,6.51,0.54,75.0,0.49,12.01,0.48,15.0,0.5,8.0,0.51,627.0,0.01,0.01,2368.136181,1776182855000
1776182857.062,157.062,0.52,29.5,0.51,55.0,0.54,78.02,0.55,53.0,0.47,6.51,0.46,75.0,0.48,29.5,0.49,55.0,0.02,0.01,2368.595082,1776182856000
1776182858.041,158.041,0.52,29.5,0.51,55.0,0.54,78.02,0.55,53.0,0.46,78.02,0.45,53.0,0.48,29.5,0.49,55.0,0.02,0.02,2368.446784,1776182857000
1776182859.037,159.037,0.53,15.0,0.52,20.0,0.54,56.5,0.55,543.0,0.46,56.5,0.45,543.0,0.47,15.0,0.48,20.0,0.01,0.01,2368.537695,1776182858000
1776182860.054,160.054,0.53,15.0,0.52,20.0,0.54,56.5,0.55,543.0,0.46,56.5,0.45,543.0,0.47,15.0,0.48,20.0,0.01,0.01,2368.541945,1776182859000
1776182860.304,160.304,0.52,14.61,0.51,55.0,0.54,625.52,0.55,53.0,0.46,56.5,0.45,543.0,0.47,15.0,0.48,20.0,0.02,0.01,2368.541945,1776182859000
1776182860.559,160.559,0.53,10.0,0.52,14.61,0.54,466.48,0.55,52.0,0.46,466.48,0.45,42.0,0.47,10.0,0.48,14.61,0.01,0.01,2368.541945,1776182859000
1776182861.059,161.059,0.53,10.0,0.52,14.61,0.54,456.48,0.55,52.0,0.46,456.48,0.45,52.0,0.47,10.0,0.48,14.61,0.01,0.01,2368.58278,1776182860000
1776182861.955,161.955,0.53,7.87,0.52,14.61,0.54,466.48,0.55,47.0,0.46,456.48,0.45,52.0,0.47,10.0,0.48,14.61,0.01,0.01,2368.58278,1776182860000
1776182862.27,162.27,0.53,7.87,0.52,14.61,0.54,466.48,0.55,47.0,0.46,466.48,0.45,47.0,0.47,7.87,0.48,14.61,0.01,0.01,2368.5401,1776182861000
1776182862.561,162.561,0.45,30.0,0.44,15.0,0.47,537.7,0.48,181.0,0.52,41.0,0.51,69.0,0.54,25.0,0.55,30.0,0.02,0.02,2368.5401,1776182861000
1776182863.019,163.019,0.45,78.0,0.44,127.0,0.46,35.0,0.49,30.0,0.53,537.7,0.52,181.0,0.55,30.0,0.56,15.0,0.01,0.02,2368.5401,1776182861000
1776182863.355,163.355,0.48,24.0,0.47,22.0,0.5,15.0,0.51,15.0,0.5,15.0,0.49,15.0,0.52,24.0,0.53,22.0,0.02,0.02,2368.80158,1776182862000
1776182863.774,163.774,0.46,10.0,0.45,21.0,0.47,14.4,0.48,15.0,0.52,15.0,0.51,15.0,0.54,10.0,0.55,21.0,0.01,0.02,2368.80158,1776182862000
1776182864.044,164.044,0.46,9.55,0.45,26.0,0.47,15.0,0.48,20.0,0.53,14.4,0.52,15.0,0.54,10.0,0.55,21.0,0.01,0.01,2368.617415,1776182863000
1776182864.552,164.552,0.46,4.55,0.45,31.0,0.47,9.55,0.48,20.0,0.53,15.0,0.52,20.0,0.54,9.55,0.55,26.0,0.01,0.01,2368.617415,1776182863000
1776182865.132,165.132,0.46,4.55,0.45,31.0,0.47,9.55,0.48,20.0,0.53,9.55,0.52,20.0,0.54,4.55,0.55,31.0,0.01,0.01,2368.46717,1776182864000
1776182866.232,166.232,0.46,2.58,0.45,15.0,0.47,7.25,0.48,26.0,0.53,7.25,0.52,26.0,0.54,2.58,0.55,15.0,0.01,0.01,2368.323572,1776182865000
1776182866.579,166.579,0.42,122.0,0.41,50.0,0.43,12.27,0.44,25.0,0.53,7.25,0.52,26.0,0.54,2.58,0.55,15.0,0.01,0.01,2368.323572,1776182865000
1776182867.039,167.039,0.42,136.55,0.41,55.0,0.43,10.0,0.44,25.0,0.57,10.0,0.56,25.0,0.58,131.55,0.59,50.0,0.01,0.01,2368.323572,1776182865000
1776182867.347,167.347,0.42,136.55,0.41,55.0,0.43,10.0,0.44,25.0,0.57,10.0,0.56,25.0,0.58,136.55,0.59,55.0,0.01,0.01,2368.245761,1776182866000
1776182868.038,168.038,0.42,4.55,0.41,172.0,0.43,10.0,0.44,25.0,0.57,10.0,0.56,25.0,0.58,4.55,0.59,172.0,0.01,0.01,2368.237351,1776182867000
1776182868.26,168.26,0.41,136.1,0.4,31.0,0.43,15.0,0.44,25.0,0.57,10.0,0.56,25.0,0.58,4.55,0.59,172.0,0.02,0.01,2368.237351,1776182867000
1776182869.104,169.104,0.41,136.1,0.4,31.0,0.43,15.0,0.44,25.0,0.57,15.0,0.56,25.0,0.59,136.1,0.6,31.0,0.02,0.02,2368.196712,1776182868000
1776182869.501,169.501,0.41,19.1,0.4,148.0,0.43,5.0,0.44,142.0,0.57,15.0,0.56,25.0,0.59,136.1,0.6,31.0,0.02,0.02,2368.196712,1776182868000
1776182870.008,170.008,0.46,19.55,0.45,30.0,0.47,5.0,0.48,11.0,0.57,5.0,0.56,142.0,0.59,19.1,0.6,148.0,0.01,0.02,2368.196712,1776182868000
1776182870.298,170.298,0.46,20.0,0.45,35.0,0.48,0.58,0.49,5.0,0.52,0.58,0.51,5.0,0.54,20.0,0.55,35.0,0.02,0.02,2368.098806,1776182869000
1776182870.701,170.701,0.47,753.0,0.46,70.0,0.51,10.0,0.52,30.0,0.52,0.58,0.51,5.0,0.54,20.0,0.55,35.0,0.04,0.02,2368.098806,1776182869000
1776182871.453,171.453,0.47,753.0,0.46,70.0,0.51,10.0,0.52,30.0,0.49,10.0,0.48,30.0,0.53,753.0,0.54,70.0,0.04,0.04,2368.11819,1776182870000
1776182871.98,171.98,0.53,60.0,0.52,45.0,0.54,126.0,0.55,567.0,0.46,126.0,0.45,567.0,0.47,60.0,0.48,45.0,0.01,0.01,2368.1134,1776182871000
1776182872.32,172.32,0.53,67.87,0.52,642.0,0.54,3.59,0.55,582.0,0.46,3.59,0.45,572.0,0.47,70.0,0.48,642.0,0.01,0.01,2368.1134,1776182871000
1776182873.21,173.21,0.53,67.87,0.52,642.0,0.54,3.59,0.55,582.0,0.46,3.59,0.45,582.0,0.47,67.87,0.48,642.0,0.01,0.01,2368.449605,1776182872000
1776182874.287,174.287,0.53,67.87,0.52,642.0,0.54,3.59,0.55,582.0,0.46,3.59,0.45,582.0,0.47,67.87,0.48,642.0,0.01,0.01,2368.591458,1776182873000
1776182874.652,174.652,0.53,51.97,0.52,637.0,0.54,14.59,0.55,724.0,0.46,8.59,0.45,724.0,0.47,57.42,0.48,637.0,0.01,0.01,2368.591458,1776182873000
1776182874.967,174.967,0.53,41.52,0.52,637.0,0.54,14.59,0.55,724.0,0.46,14.59,0.45,724.0,0.47,51.97,0.48,637.0,0.01,0.01,2368.591458,1776182873000
1776182875.635,175.635,0.53,26.41,0.52,40.0,0.54,136.59,0.55,587.0,0.46,14.59,0.45,724.0,0.47,41.52,0.48,637.0,0.01,0.01,2368.591458,1776182873000
1776182875.88,175.88,0.53,26.41,0.52,40.0,0.54,136.59,0.55,587.0,0.46,136.59,0.45,587.0,0.47,26.41,0.48,40.0,0.01,0.01,2368.708087,1776182874000
1776182876.452,176.452,0.53,26.41,0.52,40.0,0.54,136.59,0.55,587.0,0.46,136.59,0.45,587.0,0.47,26.41,0.48,40.0,0.01,0.01,2368.708087,1776182875000
1776182876.658,176.658,0.56,15.0,0.55,117.0,0.59,5.0,0.6,40.0,0.45,50.0,0.43,35.0,0.47,689.41,0.48,45.0,0.03,0.02,2368.708087,1776182875000
1776182876.885,176.885,0.56,15.0,0.55,117.0,0.59,5.0,0.6,40.0,0.41,5.0,0.4,40.0,0.44,15.0,0.45,117.0,0.03,0.03,2368.630905,1776182876000
1776182877.18,177.18,0.61,19.86,0.6,20.0,0.62,8.0,0.63,253.05,0.38,11.38,0.37,253.05,0.39,12.43,0.4,20.0,0.01,0.01,2368.630905,1776182876000
1776182877.418,177.418,0.61,4.86,0.6,20.0,0.62,167.0,0.63,616.05,0.38,447.4,0.37,253.05,0.39,19.86,0.4,20.0,0.01,0.01,2368.630905,1776182876000
1776182877.903,177.903,0.61,10.0,0.6,25.0,0.62,64.63,0.63,85.0,0.38,167.0,0.37,616.05,0.4,20.0,0.41,10.0,0.01,0.02,2368.630905,1776182876000
1776182878.473,178.473,0.61,12.43,0.6,25.0,0.62,64.63,0.63,202.0,0.38,64.63,0.37,85.0,0.39,10.0,0.4,25.0,0.01,0.01,2368.630805,1776182877000
1776182878.93,178.93,0.61,12.43,0.6,25.0,0.62,64.63,0.63,202.0,0.38,64.63,0.37,202.0,0.39,12.43,0.4,25.0,0.01,0.01,2368.87041,1776182878000
1776182879.148,179.148,0.6,25.0,0.59,137.0,0.62,69.63,0.63,202.0,0.38,69.63,0.37,202.0,0.39,4.6,0.4,25.0,0.02,0.01,2368.87041,1776182878000
1776182880.011,180.011,0.6,25.0,0.59,137.0,0.62,69.63,0.63,202.0,0.38,69.63,0.37,202.0,0.4,25.0,0.41,137.0,0.02,0.02,2369.058433,1776182879000
1776182881.037,181.037,0.6,25.0,0.59,137.0,0.62,69.63,0.63,202.0,0.38,69.63,0.37,202.0,0.4,25.0,0.41,137.0,0.02,0.02,2369.136633,1776182880000
1776182881.343,181.343,0.61,41.0,0.6,25.0,0.63,74.0,0.65,60.0,0.38,69.63,0.37,202.0,0.4,25.0,0.41,137.0,0.02,0.02,2369.136633,1776182880000
1776182881.574,181.574,0.62,46.0,0.61,49.0,0.63,1.78,0.65,60.0,0.37,58.33,0.35,60.0,0.38,21.0,0.39,49.0,0.01,0.01,2369.136633,1776182880000
1776182882.042,182.042,0.62,46.0,0.61,49.0,0.63,1.78,0.65,60.0,0.37,1.78,0.35,60.0,0.38,46.0,0.39,49.0,0.01,0.01,2369.0735,1776182881000
1776182882.402,182.402,0.65,40.0,0.64,54.06,0.66,144.0,0.67,31.0,0.35,10.0,0.34,26.0,0.36,75.06,0.37,15.0,0.01,0.01,2369.0735,1776182881000
1776182882.778,182.778,0.65,63.71,0.64,534.06,0.66,143.0,0.67,84.28,0.34,144.0,0.33,31.0,0.35,40.0,0.36,54.06,0.01,0.01,2369.0735,1776182881000
1776182883.051,183.051,0.65,50.71,0.64,534.06,0.66,143.0,0.67,74.28,0.34,143.0,0.33,74.28,0.35,50.71,0.36,534.06,0.01,0.01,2369.08487,1776182882000
1776182883.665,183.665,0.65,20.0,0.64,16.06,0.66,703.94,0.67,105.27,0.34,143.0,0.33,74.28,0.35,50.71,0.36,534.06,0.01,0.01,2369.08487,1776182882000
1776182884.078,184.078,0.63,15.0,0.62,25.0,0.66,722.23,0.67,130.27,0.34,722.23,0.33,130.27,0.37,15.0,0.38,25.0,0.03,0.03,2369.289585,1776182883000
1776182884.371,184.371,0.63,15.0,0.62,20.0,0.65,526.65,0.66,90.0,0.34,722.23,0.33,130.27,0.37,15.0,0.38,25.0,0.02,0.03,2369.289585,1776182883000
1776182884.63,184.63,0.62,20.0,0.61,26.0,0.64,25.0,0.65,633.7,0.35,638.65,0.34,85.0,0.37,9.0,0.38,20.0,0.02,0.02,2369.289585,1776182883000
1776182884.903,184.903,0.63,15.0,0.62,20.0,0.64,497.5,0.65,27.65,0.36,25.0,0.35,633.7,0.38,20.0,0.39,26.0,0.01,0.02,2369.289585,1776182883000
1776182885.125,185.125,0.62,17.94,0.61,26.0,0.64,517.5,0.65,40.99,0.36,527.5,0.35,40.99,0.37,8.94,0.38,20.0,0.02,0.01,2369.278175,1776182884000
1776182885.688,185.688,0.62,5.0,0.61,5.0,0.63,591.12,0.64,45.0,0.36,517.5,0.35,40.99,0.38,17.94,0.39,26.0,0.01,0.02,2369.278175,1776182884000
1776182886.09,186.09,0.57,10.0,0.56,60.0,0.63,819.06,0.64,75.0,0.37,819.06,0.36,75.0,0.43,10.0,0.44,60.0,0.06,0.06,2369.136765,1776182885000
1776182886.532,186.532,0.56,30.0,0.55,20.0,0.57,21.59,0.58,41.0,0.37,819.06,0.36,75.0,0.43,10.0,0.44,60.0,0.01,0.06,2369.136765,1776182885000
1776182886.994,186.994,0.55,127.0,0.54,66.0,0.56,11.19,0.57,58.59,0.43,21.59,0.42,41.0,0.44,30.0,0.45,20.0,0.01,0.01,2369.136765,1776182885000
1776182887.204,187.204,0.55,121.04,0.54,66.0,0.56,11.19,0.57,58.59,0.44,11.19,0.43,58.59,0.45,127.0,0.46,66.0,0.01,0.01,2369.183525,1776182886000
1776182887.45,187.45,0.55,118.81,0.54,66.0,0.56,11.19,0.57,58.59,0.44,11.19,0.43,58.59,0.45,121.04,0.46,66.0,0.01,0.01,2369.183525,1776182886000
1776182888.12,188.12,0.55,118.81,0.54,66.0,0.56,11.19,0.57,58.59,0.44,11.19,0.43,58.59,0.45,118.81,0.46,66.0,0.01,0.01,2368.868188,1776182887000
1776182888.706,188.706,0.55,15.0,0.54,66.0,0.57,41.87,0.58,41.0,0.44,8.99,0.43,38.59,0.45,10.0,0.46,183.0,0.02,0.01,2368.868188,1776182887000
1776182888.934,188.934,0.55,15.0,0.54,66.0,0.57,41.87,0.58,41.0,0.43,41.87,0.42,41.0,0.45,15.0,0.46,66.0,0.02,0.02,2368.79281,1776182888000
1776182889.161,189.161,0.55,15.0,0.54,183.0,0.56,4.91,0.57,29.87,0.43,41.87,0.42,41.0,0.45,15.0,0.46,66.0,0.01,0.02,2368.79281,1776182888000
1776182889.603,189.603,0.56,115.19,0.55,495.0,0.58,16.0,0.59,45.0,0.44,4.91,0.43,29.87,0.45,15.0,0.46,183.0,0.02,0.01,2368.79281,1776182888000
1776182889.99,189.99,0.56,115.19,0.55,495.0,0.58,16.0,0.59,45.0,0.42,16.0,0.41,45.0,0.44,115.19,0.45,495.0,0.02,0.02,2368.813801,1776182889000
1776182890.427,190.427,0.58,678.0,0.57,46.0,0.63,116.17,0.64,40.0,0.42,16.0,0.41,45.0,0.44,115.19,0.45,495.0,0.05,0.02,2368.813801,1776182889000
1776182890.78,190.78,0.6,60.0,0.59,21.0,0.61,11.91,0.63,590.17,0.37,116.17,0.36,40.0,0.4,5.0,0.42,678.0,0.01,0.03,2368.813801,1776182889000
1776182891.059,191.059,0.6,60.0,0.59,21.0,0.61,11.91,0.63,590.17,0.39,11.91,0.37,590.17,0.4,60.0,0.41,21.0,0.01,0.01,2368.865732,1776182890000
1776182891.834,191.834,0.61,10.0,0.6,684.0,0.63,4.39,0.64,30.0,0.39,11.91,0.37,590.17,0.4,60.0,0.41,21.0,0.02,0.01,2368.865732,1776182890000
1776182892.114,192.114,0.62,490.0,0.61,15.0,0.64,27.9,0.65,55.0,0.37,4.39,0.36,30.0,0.39,10.0,0.4,684.0,0.02,0.02,2368.865732,1776182890000
1776182892.658,192.658,0.63,5.0,0.6,21.0,0.64,34.42,0.65,30.0,0.35,30.0,0.34,50.0,0.38,45.0,0.39,31.0,0.01,0.03,2368.804621,1776182891000
1776182893.282,193.282,0.6,21.0,0.59,5.0,0.62,6.0,0.64,34.42,0.38,6.0,0.36,34.42,0.4,21.0,0.41,5.0,0.02,0.02,2369.00026,1776182892000
1776182894.299,194.299,0.6,31.0,0.59,15.0,0.61,8.36,0.62,6.0,0.39,8.36,0.38,6.0,0.4,31.0,0.41,15.0,0.01,0.01,2369.11196,1776182893000
1776182894.819,194.819,0.62,26.0,0.61,132.0,0.64,508.0,0.65,30.0,0.39,8.36,0.38,6.0,0.4,31.0,0.41,15.0,0.02,0.01,2369.11196,1776182893000
1776182895.199,195.199,0.63,10.0,0.62,13.89,0.64,495.31,0.65,35.74,0.36,508.0,0.35,35.74,0.38,18.89,0.39,132.0,0.01,0.02,2369.11196,1776182893000
1776182895.544,195.544,0.63,7.29,0.62,13.89,0.64,495.31,0.65,30.0,0.36,495.31,0.35,35.74,0.37,10.0,0.38,13.89,0.01,0.01,2369.019815,1776182894000
1776182895.915,195.915,0.63,7.29,0.62,13.89,0.64,490.15,0.65,30.0,0.36,490.15,0.35,30.0,0.37,7.29,0.38,13.89,0.01,0.01,2368.98637,1776182895000
1776182897.044,197.044,0.63,7.29,0.62,13.89,0.64,490.15,0.65,30.0,0.36,490.15,0.35,30.0,0.37,7.29,0.38,13.89,0.01,0.01,2369.05924,1776182896000
1776182897.677,197.677,0.57,162.0,0.55,10.0,0.63,1.82,0.64,135.0,0.36,490.15,0.35,30.0,0.37,7.29,0.38,13.89,0.06,0.01,2369.05924,1776182896000
1776182898.039,198.039,0.59,13.63,0.58,10.0,0.61,26.0,0.62,25.0,0.39,26.0,0.38,25.0,0.41,13.63,0.42,10.0,0.02,0.02,2369.016885,1776182897000
1776182899.237,199.237,0.59,13.63,0.58,10.0,0.61,26.0,0.62,25.0,0.39,26.0,0.38,25.0,0.41,13.63,0.42,10.0,0.02,0.02,2368.99333,1776182898000
1776182899.954,199.954,0.65,55.0,0.64,142.0,0.66,5.0,0.67,220.96,0.36,10.0,0.35,25.0,0.37,295.29,0.38,15.0,0.01,0.01,2368.99333,1776182898000
1776182900.553,200.553,0.65,40.71,0.64,142.0,0.66,5.0,0.67,187.0,0.34,5.0,0.33,220.96,0.35,55.0,0.36,142.0,0.01,0.01,2369.004502,1776182899000
1776182901.226,201.226,0.65,40.71,0.64,142.0,0.66,5.0,0.67,187.0,0.34,5.0,0.33,187.0,0.35,40.71,0.36,142.0,0.01,0.01,2369.09675,1776182900000
1776182902.046,202.046,0.62,128.0,0.6,10.0,0.64,6.0,0.66,87.0,0.34,5.0,0.33,187.0,0.35,40.71,0.36,142.0,0.02,0.01,2369.09675,1776182900000
1776182902.308,202.308,0.62,111.0,0.61,5.0,0.63,21.0,0.64,6.0,0.36,6.0,0.34,97.0,0.38,128.0,0.4,10.0,0.01,0.02,2369.09675,1776182900000
1776182903.688,203.688,0.57,36.0,0.56,40.0,0.61,99.0,0.62,15.0,0.37,26.0,0.36,26.0,0.38,105.0,0.39,5.0,0.04,0.01,2369.09675,1776182900000
1776182904.391,204.391,0.56,142.0,0.55,36.0,0.57,14.91,0.58,15.0,0.39,99.0,0.38,15.0,0.43,36.0,0.44,40.0,0.01,0.04,2369.09675,1776182900000
1776182904.612,204.612,0.56,132.0,0.55,36.0,0.57,3.93,0.58,15.0,0.43,6.92,0.42,15.0,0.44,132.0,0.45,36.0,0.01,0.01,2369.15991,1776182901000
1776182904.818,204.818,0.56,121.11,0.55,36.0,0.57,3.93,0.58,15.0,0.43,3.93,0.42,15.0,0.44,132.0,0.45,36.0,0.01,0.01,2369.15991,1776182901000
1776182905.987,205.987,0.56,121.11,0.55,36.0,0.57,3.93,0.58,15.0,0.43,3.93,0.42,15.0,0.44,121.11,0.45,36.0,0.01,0.01,2368.792167,1776182905000
1776182906.913,206.913,0.54,141.5,0.53,90.0,0.56,68.0,0.57,8.93,0.43,3.93,0.42,15.0,0.44,121.11,0.45,36.0,0.02,0.01,2368.792167,1776182905000
1776182907.499,207.499,0.55,75.0,0.54,24.5,0.6,6.24,0.61,60.0,0.44,68.0,0.43,8.93,0.46,141.5,0.47,90.0,0.05,0.02,2368.778025,1776182906000
1776182907.959,207.959,0.55,75.0,0.54,24.5,0.6,6.24,0.61,60.0,0.4,6.24,0.39,60.0,0.45,75.0,0.46,24.5,0.05,0.05,2368.7138,1776182907000
1776182908.165,208.165,0.56,5.0,0.55,45.0,0.6,21.0,0.61,60.0,0.4,6.24,0.39,60.0,0.45,75.0,0.46,24.5,0.04,0.05,2368.7138,1776182907000
1776182908.595,208.595,0.58,35.0,0.57,16.0,0.59,0.55,0.6,31.0,0.41,30.0,0.4,21.0,0.46,19.5,0.47,90.0,0.01,0.05,2368.7138,1776182907000
1776182908.972,208.972,0.58,35.0,0.57,16.0,0.6,21.35,0.61,75.1,0.4,21.35,0.39,75.1,0.42,35.0,0.43,16.0,0.02,0.02,2368.700044,1776182908000
1776182909.357,209.357,0.6,672.0,0.59,160.0,0.62,4.91,0.63,70.0,0.4,21.35,0.39,75.1,0.42,35.0,0.43,16.0,0.02,0.02,2368.700044,1776182908000
1776182909.845,209.845,0.65,5.0,0.64,20.0,0.66,153.0,0.67,105.0,0.37,70.0,0.36,60.0,0.4,707.0,0.41,125.0,0.01,0.03,2368.700044,1776182908000
1776182910.403,210.403,0.64,11.49,0.63,16.0,0.66,43.0,0.67,247.0,0.34,81.0,0.33,105.0,0.36,19.8,0.37,16.0,0.02,0.02,2368.973859,1776182909000
1776182911.033,211.033,0.65,10.0,0.64,10.0,0.66,657.47,0.67,130.0,0.34,43.0,0.33,247.0,0.36,11.49,0.37,16.0,0.01,0.02,2368.973859,1776182909000
1776182911.322,211.322,0.65,10.0,0.64,10.0,0.66,657.47,0.67,130.0,0.34,657.47,0.33,130.0,0.35,10.0,0.36,10.0,0.01,0.01,2369.318098,1776182910000
1776182912.304,212.304,0.65,10.0,0.64,10.0,0.66,657.47,0.67,130.0,0.34,657.47,0.33,130.0,0.35,10.0,0.36,10.0,0.01,0.01,2369.318098,1776182911000
1776182912.53,212.53,0.6,35.0,0.59,25.0,0.66,738.98,0.67,160.0,0.34,657.47,0.33,130.0,0.35,10.0,0.36,10.0,0.06,0.01,2369.318098,1776182911000
1776182912.901,212.901,0.59,25.0,0.58,20.0,0.61,48.36,0.63,31.51,0.34,733.93,0.33,160.0,0.4,35.0,0.41,25.0,0.02,0.06,2369.318098,1776182911000
1776182913.293,213.293,0.58,20.0,0.57,45.0,0.61,59.52,0.63,10.0,0.39,48.36,0.37,31.51,0.41,25.0,0.42,20.0,0.03,0.02,2369.318098,1776182911000
1776182913.824,213.824,0.55,10.0,0.54,84.5,0.61,51.25,0.63,10.0,0.39,41.25,0.37,10.0,0.42,20.0,0.43,45.0,0.06,0.03,2369.16649,1776182912000
1776182914.274,214.274,0.59,111.95,0.58,22.0,0.61,11.0,0.62,391.3,0.38,391.3,0.37,10.0,0.42,17.0,0.45,10.0,0.02,0.04,2369.16649,1776182912000
1776182914.48,214.48,0.64,7.41,0.56,60.0,0.65,65.0,0.66,15.0,0.37,10.4,0.35,55.0,0.42,11.88,0.44,10.0,0.01,0.05,2369.00038,1776182913000
1776182914.701,214.701,0.61,10.0,0.6,55.0,0.64,30.0,0.65,5.0,0.36,30.31,0.35,10.0,0.37,6.0,0.39,10.0,0.03,0.01,2369.00038,1776182913000
1776182915.123,215.123,0.62,2.97,0.61,2.46,0.66,5.0,0.67,210.09,0.34,15.0,0.33,210.09,0.37,10.0,0.38,10.0,0.04,0.03,2369.00038,1776182913000
1776182915.345,215.345,0.65,10.0,0.64,10.0,0.67,139.0,0.68,80.0,0.34,5.0,0.33,210.09,0.38,2.97,0.39,2.46,0.02,0.04,2369.33764,1776182914000
1776182916.296,216.296,0.65,10.0,0.64,10.0,0.67,139.0,0.68,80.0,0.33,139.0,0.32,80.0,0.35,10.0,0.36,10.0,0.02,0.02,2369.36253,1776182915000
1776182917.055,217.055,0.66,95.0,0.65,10.0,0.67,2.53,0.68,80.0,0.33,139.0,0.32,80.0,0.35,10.0,0.36,10.0,0.01,0.02,2369.36253,1776182915000
1776182917.787,217.787,0.66,95.0,0.65,10.0,0.68,80.0,0.69,25.0,0.32,80.0,0.31,25.0,0.34,95.0,0.35,10.0,0.02,0.02,2369.26937,1776182916000
1776182918.317,218.317,0.66,95.0,0.65,10.0,0.68,80.0,0.69,25.0,0.32,80.0,0.31,25.0,0.34,95.0,0.35,10.0,0.02,0.02,2369.883928,1776182917000
1776182918.562,218.562,0.69,1.51,0.68,10.0,0.73,0.37,0.75,5.0,0.27,0.37,0.26,10.0,0.31,6.45,0.32,10.0,0.04,0.04,2369.883928,1776182917000
1776182918.772,218.772,0.68,10.0,0.67,127.0,0.69,14.61,0.73,0.37,0.27,0.37,0.25,5.0,0.31,1.51,0.32,10.0,0.01,0.04,2369.883928,1776182917000
1776182919.244,219.244,0.72,95.0,0.71,87.0,0.75,5.0,0.76,10.0,0.31,7.2,0.27,0.37,0.32,21.0,0.33,127.0,0.03,0.01,2369.883928,1776182917000
1776182919.534,219.534,0.76,50.0,0.73,80.0,0.77,14.99,0.78,35.0,0.23,15.09,0.22,35.0,0.28,201.0,0.29,87.0,0.01,0.05,2370.070393,1776182918000
1776182919.908,219.908,0.78,37.72,0.77,10.0,0.79,7.44,0.8,22.5,0.21,7.44,0.2,57.5,0.24,50.0,0.25,30.0,0.01,0.03,2370.070393,1776182918000
1776182920.121,220.121,0.8,4.99,0.79,10.0,0.81,123.42,0.82,49.4,0.19,123.42,0.18,49.4,0.2,4.99,0.21,10.0,0.01,0.01,2370.070393,1776182918000
1776182920.67,220.67,0.8,23.0,0.79,15.86,0.81,56.57,0.82,49.4,0.19,84.42,0.18,49.4,0.21,2.86,0.22,10.0,0.01,0.02,2370.07,1776182919000
1776182920.963,220.963,0.8,1.3,0.79,12.86,0.81,65.42,0.82,59.4,0.19,56.57,0.18,49.4,0.2,23.0,0.21,15.86,0.01,0.01,2370.07,1776182919000
1776182921.362,221.362,0.8,10.0,0.79,1.16,0.81,14.17,0.82,49.4,0.19,15.42,0.18,59.4,0.21,1.16,0.22,10.0,0.01,0.02,2370.396409,1776182920000
1776182921.603,221.603,0.79,1.16,0.78,10.0,0.8,5.0,0.81,14.17,0.19,14.17,0.18,49.4,0.2,5.0,0.21,1.16,0.01,0.01,2370.396409,1776182920000
1776182921.885,221.885,0.79,1.16,0.78,10.0,0.8,5.0,0.81,48.0,0.19,14.17,0.18,49.4,0.21,1.16,0.22,10.0,0.01,0.02,2370.396409,1776182920000
1776182922.094,222.094,0.76,22.08,0.75,10.0,0.78,26.43,0.79,10.0,0.22,26.43,0.21,10.0,0.24,22.08,0.25,10.0,0.02,0.02,2370.396409,1776182920000
1776182922.307,222.307,0.81,4.0,0.8,10.0,0.82,108.5,0.83,25.5,0.18,22.5,0.17,25.5,0.24,11.08,0.25,10.0,0.01,0.06,2370.795668,1776182921000
1776182922.754,222.754,0.8,0.43,0.79,10.0,0.82,138.5,0.83,35.5,0.18,128.5,0.17,25.5,0.2,10.0,0.21,10.0,0.02,0.02,2370.795668,1776182921000
1776182923.13,223.13,0.78,9.43,0.77,17.0,0.82,138.5,0.83,35.5,0.18,158.57,0.17,35.5,0.22,9.43,0.23,17.0,0.04,0.04,2370.548157,1776182922000
1776182923.361,223.361,0.78,9.43,0.77,10.0,0.82,109.4,0.83,35.5,0.18,109.4,0.17,35.5,0.22,19.43,0.23,10.0,0.04,0.04,2370.548157,1776182922000
1776182923.626,223.626,0.81,47.27,0.78,109.43,0.83,35.5,0.84,56.8,0.18,89.74,0.17,35.5,0.19,47.27,0.22,19.43,0.02,0.01,2370.548157,1776182922000
1776182923.837,223.837,0.81,47.27,0.8,13.0,0.83,13.23,0.84,56.8,0.17,35.5,0.16,56.8,0.19,47.27,0.22,109.43,0.02,0.02,2370.548157,1776182922000
1776182924.432,224.432,0.81,32.0,0.8,18.0,0.83,5.23,0.84,46.8,0.17,13.23,0.16,56.8,0.19,37.27,0.2,13.0,0.02,0.02,2370.467839,1776182923000
1776182924.911,224.911,0.8,28.0,0.79,10.0,0.81,7.0,0.82,26.0,0.17,5.23,0.16,46.8,0.19,32.0,0.2,18.0,0.01,0.02,2370.467839,1776182923000
1776182925.294,225.294,0.8,28.0,0.79,10.0,0.82,8.52,0.83,15.23,0.19,7.0,0.18,26.0,0.2,28.0,0.21,10.0,0.02,0.01,2370.839345,1776182924000
1776182925.685,225.685,0.8,75.75,0.79,80.0,0.81,33.82,0.83,80.77,0.19,33.82,0.18,8.52,0.2,28.0,0.21,10.0,0.01,0.01,2370.839345,1776182924000
1776182925.897,225.897,0.82,32.0,0.81,10.0,0.84,35.81,0.85,48.2,0.17,11.17,0.16,36.8,0.18,20.0,0.19,60.0,0.02,0.01,2370.839345,1776182924000
1776182926.134,226.134,0.83,17.0,0.82,10.0,0.84,51.61,0.85,48.2,0.16,57.81,0.15,48.2,0.17,7.0,0.18,15.0,0.01,0.01,2370.59079,1776182925000
1776182926.346,226.346,0.83,29.0,0.82,10.0,0.84,53.61,0.85,48.2,0.16,51.61,0.15,48.2,0.17,17.0,0.18,10.0,0.01,0.01,2370.59079,1776182925000
1776182926.638,226.638,0.83,17.0,0.82,10.0,0.84,38.61,0.85,48.2,0.16,53.61,0.15,48.2,0.17,29.0,0.18,10.0,0.01,0.01,2370.59079,1776182925000
1776182926.906,226.906,0.83,17.0,0.82,10.0,0.84,35.61,0.85,48.2,0.16,35.61,0.15,48.2,0.17,17.0,0.18,10.0,0.01,0.01,2370.432485,1776182926000
1776182927.679,227.679,0.81,15.0,0.8,49.75,0.84,44.61,0.85,38.2,0.16,35.61,0.15,48.2,0.17,17.0,0.18,10.0,0.03,0.01,2370.432485,1776182926000
1776182927.918,227.918,0.8,49.75,0.79,10.0,0.85,6.61,0.86,144.9,0.15,6.61,0.14,144.9,0.2,49.75,0.21,10.0,0.05,0.05,2370.70471,1776182927000
1776182928.644,228.644,0.82,6.06,0.81,7.0,0.83,6.38,0.84,23.0,0.15,6.61,0.14,144.9,0.2,49.75,0.21,10.0,0.01,0.05,2370.70471,1776182927000
1776182928.854,228.854,0.82,6.06,0.8,32.75,0.83,2.0,0.84,20.71,0.16,20.71,0.15,16.61,0.18,6.06,0.2,32.75,0.01,0.02,2370.70471,1776182927000
1776182929.429,229.429,0.8,32.75,0.79,10.0,0.83,2.0,0.84,20.71,0.17,2.0,0.16,20.71,0.2,32.75,0.21,10.0,0.03,0.03,2370.67256,1776182928000
1776182929.656,229.656,0.78,100.0,0.77,50.0,0.8,22.0,0.81,50.0,0.19,50.0,0.17,10.0,0.22,100.0,0.23,50.0,0.02,0.03,2370.67256,1776182928000
1776182930.212,230.212,0.8,10.0,0.79,10.0,0.85,28.87,0.86,104.9,0.18,9.9,0.17,15.0,0.2,1.5,0.22,110.0,0.05,0.02,2370.67256,1776182928000
1776182930.441,230.441,0.85,9.33,0.84,10.0,0.86,109.9,0.87,212.8,0.15,28.87,0.14,104.9,0.2,10.0,0.21,10.0,0.01,0.05,2370.67256,1776182928000
1776182931.165,231.165,0.85,1.99,0.83,10.0,0.86,154.9,0.87,212.8,0.14,109.9,0.13,212.8,0.15,9.33,0.16,10.0,0.01,0.01,2370.5808,1776182929000
1776182931.385,231.385,0.81,35.78,0.8,25.0,0.82,4.0,0.83,20.0,0.14,154.9,0.13,221.8,0.19,35.78,0.2,25.0,0.01,0.05,2370.558755,1776182930000
1776182931.684,231.684,0.8,18.35,0.79,57.0,0.82,5.0,0.83,25.0,0.18,4.0,0.17,20.0,0.19,35.78,0.2,25.0,0.02,0.01,2370.558755,1776182930000
1776182931.989,231.989,0.8,25.0,0.79,50.0,0.82,14.31,0.83,25.0,0.18,5.0,0.17,25.0,0.2,18.35,0.21,57.0,0.02,0.02,2370.558755,1776182930000
1776182932.199,232.199,0.8,10.0,0.79,40.0,0.81,87.72,0.82,110.0,0.18,14.31,0.17,25.0,0.2,25.0,0.21,50.0,0.01,0.02,2370.558755,1776182930000
1776182932.474,232.474,0.8,10.0,0.79,40.0,0.81,87.72,0.82,110.0,0.19,87.72,0.18,110.0,0.2,10.0,0.21,40.0,0.01,0.01,2370.794371,1776182931000
1776182932.802,232.802,0.8,36.0,0.79,50.0,0.85,8.47,0.86,100.0,0.19,87.72,0.18,110.0,0.2,10.0,0.21,40.0,0.05,0.01,2370.794371,1776182931000
1776182933.113,233.113,0.81,9.21,0.8,26.0,0.85,8.37,0.86,100.0,0.15,8.37,0.14,100.0,0.19,9.21,0.2,31.0,0.04,0.04,2370.718983,1776182932000
1776182933.316,233.316,0.82,8.54,0.81,11.0,0.86,100.0,0.87,160.0,0.14,100.0,0.13,160.0,0.16,5.95,0.18,15.98,0.04,0.02,2370.718983,1776182932000
1776182934.408,234.408,0.81,2.77,0.8,32.0,0.84,30.0,0.86,65.0,0.16,30.0,0.14,65.0,0.19,2.77,0.2,32.0,0.03,0.03,2370.568999,1776182933000
1776182934.89,234.89,0.83,30.0,0.82,32.0,0.85,14.47,0.86,10.0,0.16,30.0,0.14,65.0,0.19,2.77,0.2,32.0,0.02,0.03,2370.568999,1776182933000
1776182936.192,236.192,0.83,30.0,0.82,32.0,0.85,14.47,0.86,10.0,0.15,14.47,0.14,10.0,0.17,30.0,0.18,32.0,0.02,0.02,2370.792632,1776182935000
1776182936.411,236.411,0.84,36.0,0.83,248.0,0.87,35.0,0.88,95.0,0.14,9.9,0.13,35.0,0.16,26.0,0.17,248.0,0.03,0.02,2370.792632,1776182935000
1776182936.711,236.711,0.86,55.81,0.85,32.0,0.87,29.26,0.88,95.0,0.13,35.0,0.12,95.0,0.16,36.0,0.17,248.0,0.01,0.03,2370.792632,1776182935000
1776182936.942,236.942,0.86,32.0,0.85,35.0,0.88,0.61,0.89,70.0,0.13,29.26,0.12,95.0,0.14,55.81,0.15,32.0,0.02,0.01,2370.792632,1776182935000
1776182937.186,237.186,0.86,12.0,0.85,50.0,0.87,173.61,0.88,0.61,0.13,173.61,0.12,0.61,0.14,32.0,0.15,30.0,0.01,0.01,2370.792632,1776182935000
1776182937.409,237.409,0.86,3.14,0.85,162.0,0.87,10.0,0.88,15.61,0.13,10.0,0.12,22.61,0.14,11.0,0.15,60.0,0.01,0.01,2370.792632,1776182935000
1776182937.662,237.662,0.85,10.0,0.84,5.0,0.87,3.72,0.88,76.0,0.14,7.97,0.13,15.0,0.16,5.0,0.17,65.0,0.02,0.02,2371.198568,1776182936000
1776182937.879,237.879,0.83,179.0,0.82,35.0,0.86,6.36,0.87,3.72,0.16,14.0,0.15,5.0,0.17,192.0,0.18,35.0,0.03,0.01,2371.198568,1776182936000
1776182938.166,238.166,0.83,179.0,0.82,35.0,0.86,6.36,0.87,3.72,0.14,6.36,0.13,3.72,0.17,179.0,0.18,35.0,0.03,0.03,2371.152858,1776182937000
1776182938.461,238.461,0.85,37.0,0.84,37.0,0.87,2.57,0.88,143.0,0.14,4.03,0.13,3.72,0.15,20.0,0.16,32.0,0.02,0.01,2371.152858,1776182937000
1776182938.705,238.705,0.86,44.02,0.85,37.0,0.87,2.57,0.88,143.0,0.13,2.57,0.12,143.0,0.15,37.0,0.16,37.0,0.01,0.02,2371.152858,1776182937000
1776182939.168,239.168,0.86,39.88,0.85,20.0,0.87,6.42,0.88,143.0,0.13,2.57,0.12,143.0,0.14,44.02,0.15,37.0,0.01,0.01,2371.152858,1776182937000
1776182939.751,239.751,0.86,39.88,0.85,25.0,0.87,19.12,0.88,127.0,0.13,6.42,0.12,143.0,0.14,39.88,0.15,20.0,0.01,0.01,2371.152858,1776182937000
1776182940.781,240.781,0.86,14.88,0.85,5.0,0.87,5.12,0.88,127.0,0.13,24.12,0.12,127.0,0.14,19.88,0.15,25.0,0.01,0.01,2371.152858,1776182937000
1776182941.265,241.265,0.86,4.87,0.85,10.0,0.87,113.29,0.88,30.0,0.13,101.76,0.12,30.0,0.14,12.02,0.15,20.0,0.01,0.01,2371.152858,1776182937000
1776182941.479,241.479,0.86,4.87,0.85,10.0,0.87,63.97,0.88,40.0,0.13,75.41,0.12,30.0,0.14,4.87,0.15,10.0,0.01,0.01,2371.152858,1776182937000
1776182941.941,241.941,0.86,9.87,0.83,50.0,0.88,10.0,0.89,136.79,0.13,66.99,0.12,40.0,0.14,4.87,0.15,10.0,0.02,0.01,2371.152858,1776182937000
1776182942.162,242.162,0.83,45.0,0.82,47.0,0.84,27.6,0.85,25.13,0.15,10.13,0.12,10.0,0.16,10.0,0.17,50.0,0.01,0.01,2371.152858,1776182937000
1776182942.615,242.615,0.83,47.0,0.82,40.0,0.84,7.57,0.85,201.29,0.16,20.67,0.15,137.13,0.17,45.0,0.18,42.0,0.01,0.01,2371.152858,1776182937000
1776182942.833,242.833,0.83,42.0,0.82,40.0,0.84,32.57,0.85,226.29,0.16,7.57,0.15,201.29,0.17,47.0,0.18,40.0,0.01,0.01,2371.152858,1776182937000
1776182943.061,243.061,0.83,42.0,0.82,157.0,0.84,4.92,0.85,226.29,0.16,21.83,0.15,226.29,0.17,42.0,0.18,157.0,0.01,0.01,2371.152858,1776182937000
1776182943.367,243.367,0.83,32.0,0.82,157.0,0.84,27.53,0.85,162.13,0.16,4.92,0.15,226.29,0.17,42.0,0.18,157.0,0.01,0.01,2371.152858,1776182937000
1776182943.6,243.6,0.83,30.52,0.82,157.0,0.84,27.53,0.85,162.13,0.16,27.53,0.15,162.13,0.17,30.52,0.18,157.0,0.01,0.01,2371.124658,1776182938000
1776182944.228,244.228,0.83,30.52,0.82,157.0,0.84,27.53,0.85,162.13,0.16,27.53,0.15,162.13,0.17,30.52,0.18,157.0,0.01,0.01,2370.812935,1776182940000
1776182944.566,244.566,0.81,85.0,0.8,120.0,0.84,58.53,0.85,45.13,0.16,37.53,0.15,45.13,0.17,1.15,0.19,85.0,0.03,0.01,2370.531208,1776182943000
1776182945.053,245.053,0.83,3.52,0.82,5.0,0.84,37.53,0.85,50.13,0.16,58.53,0.15,45.13,0.19,85.0,0.2,120.0,0.01,0.03,2370.531208,1776182943000
1776182945.533,245.533,0.81,139.0,0.8,135.0,0.84,47.53,0.85,50.13,0.16,37.53,0.15,50.13,0.17,3.52,0.18,5.0,0.03,0.01,2370.46786,1776182944000
1776182945.803,245.803,0.8,130.0,0.79,145.0,0.81,32.0,0.84,47.53,0.16,47.53,0.15,50.13,0.19,139.0,0.2,135.0,0.01,0.03,2370.46786,1776182944000
1776182946.3,246.3,0.8,4.72,0.79,10.0,0.81,26.93,0.83,25.0,0.19,26.93,0.16,57.53,0.21,145.0,0.22,105.0,0.01,0.02,2370.46786,1776182944000
1776182946.509,246.509,0.8,4.72,0.79,26.0,0.81,47.38,0.83,40.0,0.19,25.69,0.17,25.0,0.2,4.72,0.21,20.0,0.01,0.01,2370.46786,1776182944000
1776182946.781,246.781,0.8,4.72,0.79,149.0,0.81,49.38,0.83,40.0,0.19,47.38,0.17,40.0,0.2,4.72,0.21,26.0,0.01,0.01,2370.270945,1776182945000
1776182946.996,246.996,0.8,4.72,0.79,149.0,0.81,49.38,0.83,40.0,0.19,49.38,0.17,40.0,0.2,4.72,0.21,149.0,0.01,0.01,2370.076787,1776182946000
1776182947.245,247.245,0.81,25.0,0.8,4.72,0.82,7.0,0.83,25.0,0.18,35.0,0.17,25.0,0.19,25.0,0.2,4.72,0.01,0.01,2370.076787,1776182946000
1776182947.622,247.622,0.82,16.02,0.81,57.0,0.83,6.0,0.84,35.0,0.17,25.0,0.16,35.0,0.18,16.02,0.19,40.0,0.01,0.01,2370.076787,1776182946000
1776182947.97,247.97,0.82,23.02,0.81,62.0,0.83,6.0,0.84,35.0,0.17,6.0,0.16,35.0,0.18,16.02,0.19,57.0,0.01,0.01,2370.076787,1776182946000
1776182948.207,248.207,0.82,33.02,0.81,174.0,0.83,4.22,0.84,35.0,0.17,6.0,0.16,35.0,0.18,23.02,0.19,62.0,0.01,0.01,2369.90794,1776182947000
1776182948.512,248.512,0.83,159.0,0.82,33.02,0.85,80.0,0.86,232.9,0.16,27.26,0.15,70.0,0.18,170.02,0.19,62.0,0.02,0.02,2369.90794,1776182947000
1776182948.822,248.822,0.84,12.18,0.83,154.0,0.85,80.0,0.86,232.9,0.15,80.0,0.14,232.9,0.17,159.0,0.18,33.02,0.01,0.02,2369.90794,1776182947000
1776182949.126,249.126,0.84,5.0,0.83,154.0,0.85,95.21,0.86,224.9,0.15,80.0,0.14,232.9,0.16,12.18,0.17,154.0,0.01,0.01,2369.90794,1776182947000
1776182949.669,249.669,0.84,20.0,0.83,154.0,0.86,174.9,0.87,122.0,0.15,91.81,0.14,224.9,0.16,15.0,0.17,154.0,0.02,0.01,2370.185148,1776182948000
1776182950.221,250.221,0.84,20.0,0.83,154.0,0.86,179.9,0.87,122.0,0.14,179.9,0.13,122.0,0.16,20.0,0.17,154.0,0.02,0.02,2370.27205,1776182949000
1776182950.849,250.849,0.81,25.0,0.79,16.0,0.86,396.67,0.87,135.0,0.14,179.9,0.13,122.0,0.16,20.0,0.17,154.0,0.05,0.02,2370.27205,1776182949000
1776182951.144,251.144,0.79,6.0,0.78,145.0,0.83,29.41,0.86,396.67,0.14,396.67,0.13,135.0,0.19,2.0,0.21,16.0,0.04,0.05,2370.27205,1776182949000
1776182951.345,251.345,0.76,80.0,0.75,125.0,0.79,1.72,0.81,50.0,0.17,29.41,0.14,396.67,0.23,145.0,0.24,90.0,0.03,0.06,2370.27205,1776182949000
1776182951.559,251.559,0.77,10.0,0.76,80.0,0.8,79.17,0.81,50.0,0.21,1.72,0.19,50.0,0.24,80.0,0.25,125.0,0.03,0.03,2370.35153,1776182950000
1776182951.85,251.85,0.73,140.0,0.72,60.0,0.74,15.0,0.76,137.53,0.24,97.53,0.23,35.0,0.25,15.0,0.26,75.0,0.01,0.01,2370.35153,1776182950000
1776182952.203,252.203,0.69,136.72,0.68,5.0,0.74,157.0,0.75,40.0,0.26,15.0,0.24,137.53,0.27,140.0,0.28,60.0,0.05,0.01,2370.35153,1776182950000
1776182952.473,252.473,0.69,154.84,0.68,10.0,0.7,10.0,0.71,75.0,0.3,10.0,0.29,15.0,0.31,278.72,0.32,10.0,0.01,0.01,2369.718853,1776182951000
1776182952.87,252.87,0.69,5.0,0.68,10.0,0.7,10.0,0.71,64.85,0.29,54.85,0.28,20.0,0.31,127.0,0.32,10.0,0.01,0.02,2369.718853,1776182951000
1776182953.177,253.177,0.68,15.0,0.67,35.0,0.69,8.52,0.7,10.0,0.3,10.0,0.29,64.85,0.31,5.0,0.32,10.0,0.01,0.01,2369.500542,1776182952000
1776182953.609,253.609,0.68,9.74,0.67,152.0,0.69,3.52,0.7,10.0,0.31,3.52,0.3,10.0,0.32,10.0,0.33,152.0,0.01,0.01,2369.500542,1776182952000
1776182954.07,254.07,0.68,10.0,0.67,137.0,0.69,10.0,0.7,10.0,0.31,10.0,0.3,10.0,0.32,10.0,0.33,137.0,0.01,0.01,2369.257815,1776182953000
1776182954.504,254.504,0.68,10.06,0.67,146.21,0.69,10.0,0.7,10.0,0.31,10.0,0.3,10.0,0.33,136.21,0.34,190.0,0.01,0.02,2369.257815,1776182953000
1776182955.057,255.057,0.68,15.06,0.67,146.21,0.69,10.0,0.7,10.0,0.31,10.0,0.3,10.0,0.32,15.06,0.33,146.21,0.01,0.01,2369.219872,1776182954000
1776182956.108,256.108,0.68,15.06,0.67,146.21,0.69,10.0,0.7,10.0,0.31,10.0,0.3,10.0,0.32,15.06,0.33,146.21,0.01,0.01,2369.217734,1776182955000
1776182956.404,256.404,0.59,147.0,0.58,80.0,0.63,6.01,0.64,10.0,0.38,15.0,0.37,10.0,0.41,147.0,0.42,80.0,0.04,0.03,2369.217734,1776182955000
1776182956.812,256.812,0.58,21.85,0.57,135.0,0.6,10.0,0.61,15.0,0.37,6.01,0.36,10.0,0.41,147.0,0.42,80.0,0.02,0.04,2369.217734,1776182955000
1776182957.084,257.084,0.58,10.35,0.57,135.0,0.59,10.0,0.6,9.91,0.41,10.0,0.4,9.91,0.42,10.35,0.43,135.0,0.01,0.01,2369.156182,1776182956000
1776182957.377,257.377,0.58,5.0,0.57,252.0,0.59,13.84,0.6,14.91,0.41,13.84,0.4,14.91,0.42,5.0,0.43,252.0,0.01,0.01,2369.156182,1776182956000
1776182957.942,257.942,0.57,100.0,0.56,40.0,0.58,18.0,0.59,23.84,0.41,13.84,0.4,14.91,0.42,5.0,0.43,252.0,0.01,0.01,2369.156182,1776182956000
1776182958.145,258.145,0.57,115.0,0.56,157.0,0.58,40.96,0.59,13.84,0.42,18.0,0.41,23.84,0.43,100.0,0.44,40.0,0.01,0.01,2368.897911,1776182957000
1776182958.711,258.711,0.57,257.0,0.56,30.0,0.58,16.27,0.62,7.36,0.42,40.96,0.41,13.84,0.43,115.0,0.44,157.0,0.01,0.01,2368.897911,1776182957000
1776182959.137,259.137,0.57,257.0,0.56,30.0,0.62,7.36,0.63,26.01,0.38,7.36,0.37,26.01,0.43,257.0,0.44,30.0,0.05,0.05,2368.926905,1776182958000
1776182959.75,259.75,0.64,20.0,0.63,15.0,0.65,34.65,0.66,187.0,0.38,7.36,0.37,26.01,0.43,257.0,0.44,30.0,0.01,0.05,2368.926905,1776182958000
1776182960.429,260.429,0.64,20.0,0.63,15.0,0.65,34.65,0.66,187.0,0.35,34.65,0.34,187.0,0.36,20.0,0.37,15.0,0.01,0.01,2368.8777,1776182959000
1776182960.9,260.9,0.64,20.0,0.63,15.0,0.65,34.65,0.66,187.0,0.35,34.65,0.34,187.0,0.36,20.0,0.37,15.0,0.01,0.01,2368.86915,1776182960000
1776182961.493,261.493,0.64,6.11,0.63,15.0,0.65,34.65,0.66,182.0,0.35,34.65,0.34,187.0,0.36,20.0,0.37,15.0,0.01,0.01,2368.86915,1776182960000
1776182961.699,261.699,0.64,10.0,0.63,18.37,0.65,23.37,0.68,10.0,0.35,39.65,0.34,55.0,0.37,18.37,0.38,132.0,0.01,0.02,2368.86915,1776182960000
1776182961.908,261.908,0.7,9.24,0.69,34.24,0.71,68.36,0.72,36.0,0.29,18.36,0.28,10.0,0.36,167.0,0.37,36.37,0.01,0.07,2368.86915,1776182960000
1776182962.169,262.169,0.7,19.1,0.69,37.0,0.76,68.48,0.77,55.0,0.29,56.36,0.28,10.0,0.3,19.1,0.31,37.0,0.06,0.01,2368.922745,1776182961000
1776182962.419,262.419,0.75,11.0,0.74,28.0,0.77,117.0,0.78,10.0,0.24,13.48,0.23,25.0,0.25,1.0,0.26,10.0,0.02,0.01,2368.922745,1776182961000
1776182962.868,262.868,0.79,15.0,0.78,15.0,0.8,26.6,0.81,130.31,0.23,102.31,0.22,10.0,0.24,20.0,0.25,6.0,0.01,0.01,2368.922745,1776182961000
1776182963.075,263.075,0.77,5.0,0.76,10.0,0.79,10.0,0.8,157.0,0.2,6.68,0.19,135.0,0.22,3.94,0.23,5.0,0.02,0.02,2368.922745,1776182961000
1776182963.278,263.278,0.77,10.0,0.76,10.0,0.79,5.73,0.8,45.05,0.21,5.73,0.2,45.05,0.23,10.0,0.24,10.0,0.02,0.02,2369.00624,1776182962000
1776182963.666,263.666,0.75,8.8,0.74,17.8,0.78,122.0,0.79,10.0,0.22,117.0,0.21,5.73,0.26,2.8,0.27,10.0,0.03,0.04,2369.00624,1776182962000
1776182963.905,263.905,0.75,8.8,0.74,17.8,0.78,122.0,0.79,10.0,0.22,122.0,0.21,10.0,0.25,8.8,0.26,17.8,0.03,0.03,2369.00624,1776182962000
1776182964.138,264.138,0.77,10.0,0.76,10.0,0.78,115.23,0.79,10.0,0.22,123.2,0.21,10.0,0.23,10.0,0.24,10.0,0.01,0.01,2369.00624,1776182962000
1776182964.405,264.405,0.77,10.0,0.76,10.0,0.78,115.23,0.79,10.0,0.22,115.23,0.21,10.0,0.23,10.0,0.24,10.0,0.01,0.01,2369.323474,1776182963000
1776182964.826,264.826,0.77,10.0,0.76,10.0,0.78,100.64,0.79,15.0,0.22,115.29,0.21,15.0,0.23,15.0,0.24,10.0,0.01,0.01,2369.323474,1776182963000
1776182965.17,265.17,0.74,10.0,0.73,10.0,0.75,4.86,0.76,8.48,0.24,8.48,0.23,10.0,0.26,17.8,0.27,15.0,0.01,0.02,2369.442134,1776182964000
1776182965.426,265.426,0.75,9.12,0.74,15.0,0.77,15.0,0.78,110.64,0.25,4.86,0.24,8.48,0.26,10.0,0.27,10.0,0.02,0.01,2369.442134,1776182964000
1776182965.722,265.722,0.76,10.0,0.75,9.12,0.77,13.1,0.78,115.64,0.23,10.0,0.22,110.64,0.25,9.12,0.26,15.0,0.01,0.02,2369.442134,1776182964000
1776182965.923,265.923,0.76,20.61,0.75,9.12,0.77,1.15,0.78,115.64,0.23,13.1,0.22,115.64,0.24,10.0,0.25,9.12,0.01,0.01,2369.442134,1776182964000
1776182966.342,266.342,0.77,15.0,0.76,15.61,0.78,108.64,0.79,30.0,0.23,1.15,0.22,115.64,0.24,20.61,0.25,9.12,0.01,0.01,2369.403041,1776182965000
1776182966.577,266.577,0.77,4.34,0.76,15.61,0.78,5.0,0.79,5.0,0.22,108.64,0.21,30.0,0.23,15.0,0.24,15.61,0.01,0.01,2369.403041,1776182965000
1776182966.837,266.837,0.77,4.34,0.76,10.0,0.79,6.67,0.8,10.0,0.22,5.0,0.21,5.0,0.23,4.34,0.24,15.61,0.02,0.01,2369.403041,1776182965000
1776182967.179,267.179,0.77,4.34,0.76,10.0,0.79,6.67,0.8,10.0,0.21,6.67,0.2,10.0,0.23,4.34,0.24,10.0,0.02,0.02,2369.33205,1776182966000
1776182968.295,268.295,0.77,4.34,0.76,10.0,0.79,6.67,0.8,10.0,0.21,6.67,0.2,10.0,0.23,4.34,0.24,10.0,0.02,0.02,2369.28205,1776182967000
1776182968.688,268.688,0.79,10.0,0.78,15.0,0.81,199.32,0.82,20.0,0.21,6.67,0.2,10.0,0.23,4.34,0.24,10.0,0.02,0.02,2369.28205,1776182967000
1776182969.14,269.14,0.76,13.92,0.75,9.12,0.79,40.0,0.8,25.05,0.19,238.32,0.18,20.0,0.22,8.2,0.23,4.34,0.03,0.03,2369.28205,1776182967000
1776182969.36,269.36,0.76,13.92,0.75,9.12,0.79,40.0,0.8,25.05,0.21,40.0,0.2,25.05,0.24,13.92,0.25,9.12,0.03,0.03,2369.348485,1776182968000
1776182969.672,269.672,0.72,10.0,0.71,30.0,0.73,7.58,0.74,10.0,0.21,40.0,0.2,25.05,0.24,13.92,0.25,9.12,0.01,0.03,2369.348485,1776182968000
1776182969.906,269.906,0.72,12.0,0.71,147.0,0.73,17.58,0.74,5.0,0.27,17.58,0.26,5.0,0.28,12.0,0.29,147.0,0.01,0.01,2369.348485,1776182969000
1776182970.329,270.329,0.72,25.0,0.71,147.0,0.74,16.89,0.75,13.0,0.27,17.58,0.26,5.0,0.28,12.0,0.29,147.0,0.02,0.01,2369.348485,1776182969000
1776182971.006,271.006,0.84,30.0,0.83,25.0,0.86,166.67,0.87,185.0,0.26,3.37,0.25,13.0,0.28,20.0,0.29,147.0,0.02,0.02,2369.348485,1776182969000
1776182971.208,271.208,0.85,152.0,0.84,46.9,0.86,96.46,0.87,185.0,0.14,96.46,0.13,185.0,0.15,152.0,0.16,46.9,0.01,0.01,2369.376116,1776182970000
1776182971.452,271.452,0.86,44.54,0.85,171.0,0.87,175.0,0.88,20.0,0.14,5.46,0.13,175.0,0.15,171.0,0.16,46.9,0.01,0.01,2369.376116,1776182970000
1776182971.745,271.745,0.86,241.54,0.85,44.0,0.88,8.27,0.89,10.0,0.13,106.67,0.12,20.0,0.14,221.54,0.15,49.0,0.02,0.01,2369.376116,1776182970000
1776182972.135,272.135,0.87,68.0,0.86,236.54,0.89,0.87,0.9,110.0,0.11,0.87,0.1,110.0,0.13,68.0,0.14,236.54,0.02,0.02,2369.2847,1776182971000
1776182972.393,272.393,0.87,210.0,0.86,109.54,0.88,5.0,0.89,10.0,0.1,3.47,0.09,35.0,0.13,205.0,0.14,109.54,0.01,0.03,2369.2847,1776182971000
1776182972.603,272.603,0.91,5.0,0.9,5.0,0.92,95.54,0.93,90.0,0.08,102.62,0.07,90.0,0.11,4.09,0.12,10.0,0.01,0.03,2369.2847,1776182971000
1776182972.909,272.909,0.9,5.0,0.89,10.0,0.91,10.0,0.92,131.54,0.08,93.54,0.07,90.0,0.09,5.0,0.1,15.0,0.01,0.01,2369.2847,1776182971000
1776182973.122,273.122,0.86,40.0,0.85,10.0,0.87,28.46,0.88,11.66,0.12,11.66,0.1,33.0,0.13,10.0,0.14,40.0,0.01,0.01,2369.2847,1776182971000
1776182973.461,273.461,0.86,50.0,0.85,10.0,0.87,20.85,0.89,36.0,0.13,28.46,0.12,11.66,0.14,40.0,0.15,10.0,0.01,0.01,2370.563194,1776182972000
1776182973.767,273.767,0.86,31.0,0.85,10.0,0.87,19.7,0.88,5.0,0.13,20.85,0.11,36.0,0.14,21.0,0.15,10.0,0.01,0.01,2370.563194,1776182972000
1776182974.091,274.091,0.87,23.0,0.86,25.0,0.89,46.0,0.9,38.0,0.12,5.0,0.11,46.0,0.14,31.0,0.15,10.0,0.02,0.02,2370.563194,1776182972000
1776182974.624,274.624,0.82,5.9,0.81,10.0,0.87,75.0,0.88,35.0,0.11,46.0,0.1,38.0,0.13,23.0,0.14,25.0,0.05,0.02,2370.563194,1776182972000
1776182974.882,274.882,0.79,2.21,0.78,10.0,0.82,19.0,0.83,10.0,0.18,19.0,0.17,10.0,0.21,2.21,0.22,10.0,0.03,0.03,2370.726375,1776182973000
1776182975.208,275.208,0.82,5.0,0.81,10.0,0.84,1.37,0.85,24.0,0.16,1.37,0.15,15.0,0.21,15.0,0.22,1.56,0.02,0.05,2370.726375,1776182973000
1776182975.411,275.411,0.82,8.33,0.81,25.0,0.84,113.37,0.85,24.0,0.16,119.93,0.15,24.0,0.18,10.0,0.19,15.0,0.02,0.02,2370.726375,1776182973000
1776182975.764,275.764,0.83,10.0,0.82,28.33,0.84,106.5,0.85,10.0,0.16,106.5,0.15,10.0,0.17,10.0,0.18,28.33,0.01,0.01,2370.338714,1776182974000
1776182976.0,276.0,0.84,20.0,0.83,47.0,0.85,7.64,0.86,10.0,0.15,10.0,0.14,10.0,0.16,4.0,0.17,57.0,0.01,0.01,2370.338714,1776182974000
1776182976.692,276.692,0.84,20.0,0.83,37.0,0.87,7.43,0.88,20.0,0.13,7.43,0.12,20.0,0.16,20.0,0.17,37.0,0.03,0.03,2370.073899,1776182975000
1776182977.061,277.061,0.83,29.64,0.82,145.33,0.86,10.0,0.87,15.19,0.13,7.43,0.12,20.0,0.16,20.0,0.17,37.0,0.03,0.03,2370.073899,1776182975000
1776182977.394,277.394,0.84,20.0,0.83,29.64,0.88,10.0,0.89,52.0,0.13,2.1,0.12,10.0,0.17,29.64,0.18,135.33,0.04,0.04,2370.073899,1776182975000
1776182977.635,277.635,0.87,12.0,0.84,37.0,0.88,1.03,0.89,61.0,0.12,1.03,0.11,52.0,0.16,27.0,0.17,22.64,0.01,0.04,2369.750133,1776182976000
1776182977.93,277.93,0.85,18.0,0.84,151.25,0.89,23.2,0.9,88.0,0.13,6.67,0.12,1.03,0.15,10.0,0.16,19.25,0.04,0.02,2369.750133,1776182976000
1776182978.146,278.146,0.87,20.0,0.86,40.0,0.88,7.04,0.89,10.0,0.1,73.23,0.09,5.0,0.14,10.0,0.15,28.0,0.01,0.04,2369.750133,1776182976000
1776182978.444,278.444,0.88,15.0,0.87,26.0,0.9,64.97,0.91,5.0,0.12,7.04,0.11,10.0,0.13,20.0,0.14,40.0,0.02,0.01,2369.789895,1776182977000
1776182978.835,278.835,0.89,15.0,0.88,166.0,0.9,60.0,0.91,5.0,0.1,60.0,0.09,5.0,0.12,30.0,0.13,41.0,0.01,0.02,2369.789895,1776182977000
1776182979.341,279.341,0.87,10.0,0.83,10.0,0.9,212.0,0.91,55.0,0.1,60.0,0.09,5.0,0.11,15.0,0.12,166.0,0.03,0.01,2369.789895,1776182977000
1776182979.543,279.543,0.73,15.0,0.7,110.0,0.74,10.0,0.75,11.0,0.24,48.0,0.19,50.0,0.3,100.0,0.31,20.0,0.01,0.06,2369.789895,1776182977000
1776182979.897,279.897,0.7,15.0,0.69,5.0,0.71,27.76,0.72,10.0,0.29,35.0,0.26,20.0,0.3,110.0,0.31,20.0,0.01,0.01,2369.85984,1776182978000
1776182980.143,280.143,0.7,30.0,0.69,15.0,0.72,8.61,0.73,20.0,0.29,7.52,0.28,10.0,0.3,15.0,0.31,15.0,0.02,0.01,2369.85984,1776182978000
1776182980.378,280.378,0.69,23.89,0.68,35.0,0.72,8.61,0.73,20.0,0.28,8.61,0.27,20.0,0.31,18.89,0.32,35.0,0.03,0.03,2369.85984,1776182978000
1776182980.924,280.924,0.72,15.0,0.71,25.0,0.73,135.41,0.74,10.0,0.28,7.22,0.27,20.0,0.29,15.0,0.3,15.0,0.01,0.01,2369.968929,1776182979000
1776182981.164,281.164,0.72,15.0,0.71,20.0,0.73,152.04,0.74,10.0,0.27,152.04,0.26,10.0,0.28,15.0,0.29,20.0,0.01,0.01,2369.578106,1776182980000
1776182981.896,281.896,0.72,5.0,0.71,5.0,0.76,20.0,0.77,162.0,0.27,152.04,0.26,10.0,0.28,15.0,0.29,20.0,0.04,0.01,2369.578106,1776182980000
1776182982.173,282.173,0.72,8.87,0.71,10.0,0.73,28.0,0.74,127.0,0.24,20.0,0.23,162.0,0.28,5.0,0.29,5.0,0.01,0.04,2369.578106,1776182980000
1776182982.428,282.428,0.72,8.87,0.71,10.0,0.73,26.63,0.74,127.0,0.27,26.63,0.26,127.0,0.28,8.87,0.29,10.0,0.01,0.01,2369.22537,1776182981000
1776182982.754,282.754,0.72,3.87,0.71,10.0,0.73,17.26,0.74,10.0,0.27,26.63,0.26,127.0,0.28,8.87,0.29,10.0,0.01,0.01,2369.22537,1776182981000
1776182982.963,282.963,0.71,10.0,0.7,5.0,0.73,5.56,0.74,10.0,0.27,5.56,0.26,10.0,0.28,8.87,0.29,10.0,0.02,0.01,2369.22537,1776182981000
1776182983.312,283.312,0.71,10.0,0.7,20.0,0.72,8.76,0.73,5.56,0.28,8.76,0.27,5.56,0.29,10.0,0.3,20.0,0.01,0.01,2369.15847,1776182982000
1776182984.479,284.479,0.71,157.0,0.7,25.0,0.72,3.61,0.74,10.0,0.28,8.76,0.27,5.56,0.29,10.0,0.3,20.0,0.01,0.01,2369.15847,1776182982000
1776182984.705,284.705,0.71,157.0,0.7,25.0,0.72,3.61,0.74,10.0,0.28,3.61,0.26,10.0,0.29,157.0,0.3,25.0,0.01,0.01,2369.053322,1776182983000
1776182985.001,285.001,0.71,163.2,0.7,10.0,0.72,3.61,0.74,10.0,0.28,3.61,0.26,10.0,0.29,163.2,0.3,15.0,0.01,0.01,2369.053322,1776182983000
1776182985.347,285.347,0.71,163.2,0.7,10.0,0.75,9.11,0.76,10.0,0.25,9.11,0.24,10.0,0.29,163.2,0.3,10.0,0.04,0.04,2369.053322,1776182984000
1776182985.954,285.954,0.73,10.14,0.72,127.0,0.74,11.0,0.75,5.0,0.25,9.11,0.24,10.0,0.29,163.2,0.3,10.0,0.01,0.04,2369.053322,1776182984000
1776182986.494,286.494,0.73,15.14,0.72,127.0,0.74,1.66,0.75,5.0,0.26,11.0,0.25,5.0,0.27,10.14,0.28,127.0,0.01,0.01,2369.053322,1776182984000
1776182986.769,286.769,0.73,15.14,0.72,127.0,0.74,1.66,0.75,5.0,0.26,1.66,0.25,5.0,0.27,15.14,0.28,127.0,0.01,0.01,2369.06913,1776182985000
1776182987.418,287.418,0.76,8.12,0.75,15.0,0.77,5.0,0.78,10.0,0.25,4.85,0.23,25.0,0.27,15.0,0.28,129.52,0.01,0.02,2369.06913,1776182985000
1776182987.993,287.993,0.77,10.0,0.76,15.0,0.78,119.17,0.79,20.0,0.23,5.0,0.22,10.0,0.24,8.12,0.25,15.0,0.01,0.01,2369.071315,1776182986000
1776182988.439,288.439,0.77,15.0,0.76,15.0,0.78,124.37,0.79,10.0,0.22,50.17,0.21,20.0,0.23,15.0,0.24,15.0,0.01,0.01,2369.118129,1776182987000
1776182989.057,289.057,0.79,20.0,0.78,20.0,0.81,199.55,0.82,35.0,0.22,124.37,0.21,10.0,0.23,15.0,0.24,15.0,0.02,0.01,2369.118129,1776182987000
1776182989.404,289.404,0.8,15.0,0.79,20.0,0.81,237.45,0.82,35.0,0.19,189.86,0.18,35.0,0.21,20.0,0.22,20.0,0.01,0.02,2369.118129,1776182987000
1776182990.138,290.138,0.8,15.0,0.79,20.0,0.81,237.45,0.82,35.0,0.19,237.45,0.18,35.0,0.2,15.0,0.21,20.0,0.01,0.01,2369.08551,1776182989000
1776182990.556,290.556,0.8,10.0,0.79,15.0,0.81,191.22,0.82,35.0,0.19,237.45,0.18,35.0,0.2,15.0,0.21,20.0,0.01,0.01,2369.08551,1776182989000
1776182991.135,291.135,0.8,10.0,0.79,10.0,0.81,63.04,0.82,142.0,0.19,191.22,0.18,35.0,0.2,10.0,0.21,15.0,0.01,0.01,2369.08551,1776182989000
1776182991.491,291.491,0.8,10.0,0.79,15.0,0.81,122.69,0.82,25.0,0.19,63.04,0.18,142.0,0.2,10.0,0.21,10.0,0.01,0.01,2369.08551,1776182989000
1776182992.216,292.216,0.8,10.0,0.79,15.0,0.81,122.69,0.82,25.0,0.19,122.69,0.18,25.0,0.2,10.0,0.21,15.0,0.01,0.01,2369.076205,1776182991000
1776182993.179,293.179,0.8,10.0,0.79,15.0,0.81,122.69,0.82,25.0,0.19,122.69,0.18,25.0,0.2,10.0,0.21,15.0,0.01,0.01,2369.08426,1776182992000
1776182993.379,293.379,0.88,25.0,0.87,20.0,0.9,106.4,0.91,5.0,0.11,26.66,0.1,110.0,0.12,25.0,0.13,20.0,0.02,0.01,2369.08426,1776182992000
1776182993.654,293.654,0.91,40.0,0.89,43.27,0.92,10.0,0.93,10.0,0.07,10.0,0.06,260.0,0.11,43.27,0.12,20.0,0.01,0.04,2369.08426,1776182992000
1776182993.909,293.909,0.93,23.0,0.92,15.0,0.95,154.37,0.96,230.0,0.06,26.5,0.05,164.05,0.08,10.0,0.09,55.0,0.02,0.02,2369.08426,1776182992000
1776182994.325,294.325,0.94,16.0,0.93,15.0,0.95,69.37,0.96,230.0,0.05,104.37,0.04,230.0,0.06,11.0,0.07,15.0,0.01,0.01,2369.08426,1776182992000
1776182994.766,294.766,0.94,17.0,0.93,25.0,0.95,32.28,0.96,230.0,0.05,48.31,0.04,230.0,0.06,12.0,0.07,25.0,0.01,0.01,2369.155402,1776182993000
1776182995.052,295.052,0.94,32.0,0.93,25.0,0.95,14.33,0.96,230.0,0.05,19.6,0.04,230.0,0.06,27.0,0.07,25.0,0.01,0.01,2369.155402,1776182993000
1776182995.279,295.279,0.94,32.0,0.93,25.0,0.95,11.29,0.96,230.0,0.05,14.33,0.04,230.0,0.06,32.0,0.07,25.0,0.01,0.01,2369.155402,1776182993000
1776182995.539,295.539,0.94,27.0,0.93,25.0,0.96,228.65,0.97,156.77,0.04,228.65,0.03,156.77,0.06,27.0,0.07,25.0,0.02,0.02,2369.610458,1776182994000
1776182995.808,295.808,0.95,163.0,0.94,20.0,0.96,125.55,0.97,156.77,0.04,228.65,0.03,156.77,0.06,27.0,0.07,25.0,0.01,0.02,2369.610458,1776182994000
1776182996.269,296.269,0.95,163.0,0.94,20.0,0.96,120.34,0.97,156.77,0.04,120.34,0.03,156.77,0.05,163.0,0.06,20.0,0.01,0.01,2369.615492,1776182995000
1776182996.481,296.481,0.96,35.38,0.95,163.0,0.97,148.77,0.98,363.0,0.04,14.62,0.03,148.77,0.05,168.0,0.06,20.0,0.01,0.01,2369.615492,1776182995000
1776182996.707,296.707,0.96,232.38,0.95,37.0,0.98,359.94,0.99,1533.0,0.02,359.94,0.01,1533.0,0.04,180.38,0.05,27.0,0.02,0.02,2369.615492,1776182995000
1776182997.125,297.125,0.97,150.72,0.96,84.44,0.98,151.78,0.99,1533.0,0.02,151.78,0.01,1533.0,0.04,224.44,0.05,37.0,0.01,0.02,2369.615492,1776182995000
1776182997.386,297.386,0.97,155.72,0.96,84.44,0.98,131.37,0.99,1533.0,0.02,131.37,0.01,1533.0,0.03,155.72,0.04,84.44,0.01,0.01,2369.768205,1776182996000
1776182997.615,297.615,0.98,312.21,0.97,236.38,0.99,611.86,,,0.01,629.86,,,0.03,159.38,0.04,94.44,0.01,0.02,2369.768205,1776182996000
1776182997.944,297.944,0.98,444.21,0.97,228.0,,,,,,,,,0.02,444.21,0.03,228.0,,,2369.81026,1776182997000
1776182998.221,298.221,0.99,3208.25,0.98,317.21,,,,,,,,,0.02,444.21,0.03,228.0,,,2369.81026,1776182997000
1776182998.974,298.974,0.99,3208.25,0.98,317.21,,,,,,,,,0.01,3208.25,0.02,317.21,,,2369.864645,1776182998000
1776182999.923,299.923,0.99,28305.58,0.98,260.0,,,,,,,,,0.01,3208.25,0.02,317.21,,,2369.864645,1776182998000
1776183000.429,300.429,0.99,62801.43,0.98,255.0,,,,,,,,,0.01,28305.58,0.02,260.0,,,2369.951175,1776182999000
1776183000.913,300.913,0.99,62867.28,0.98,255.0,,,,,,,,,0.01,62801.43,0.02,255.0,,,2369.951175,1776182999000

# RESULT,winner=Up,slug=eth-updown-5m-1776182700,ticks=617
