timestamp,elapsed_sec,up_bid_p1,up_bid_s1,up_bid_p2,up_bid_s2,up_ask_p1,up_ask_s1,up_ask_p2,up_ask_s2,down_bid_p1,down_bid_s1,down_bid_p2,down_bid_s2,down_ask_p1,down_ask_s1,down_ask_p2,down_ask_s2,up_spread,down_spread,eth_price,eth_oracle_ts
1776303300.765,0.765,0.46,150.0,0.4,38.0,0.54,22.97,0.6,38.0,0.48,5.0,0.46,23.54,0.54,150.0,0.6,38.0,0.08,0.06,2355.132266,1776303299000
1776303305.596,5.596,0.48,5.0,0.44,13.0,0.49,36.79,0.5,23.0,0.46,22.97,0.4,38.0,0.54,150.0,0.6,38.0,0.01,0.08,2354.905711,1776303304000
1776303306.239,6.239,0.48,5.0,0.42,10.0,0.49,47.99,0.5,23.0,0.51,36.79,0.5,23.0,0.52,5.0,0.56,13.0,0.01,0.01,2354.863152,1776303305000
1776303306.663,6.663,0.42,23.0,0.36,50.0,0.44,8.89,0.45,10.0,0.51,47.99,0.5,23.0,0.58,23.0,0.64,50.0,0.02,0.07,2354.863152,1776303305000
1776303308.28,8.28,0.42,1.58,0.41,14.0,0.43,25.0,0.44,13.89,0.56,8.89,0.55,10.0,0.58,23.0,0.64,50.0,0.01,0.02,2354.860836,1776303307000
1776303309.142,9.142,0.41,6.89,0.4,13.0,0.42,10.0,0.43,17.67,0.57,17.67,0.56,18.89,0.59,12.19,0.6,18.0,0.01,0.02,2354.743916,1776303308000
1776303309.743,9.743,0.41,7.19,0.4,13.0,0.42,8.09,0.43,27.67,0.58,20.0,0.57,27.67,0.59,5.19,0.6,13.0,0.01,0.01,2354.743916,1776303308000
1776303310.735,10.735,0.3,2.76,0.29,11.0,0.37,20.0,0.38,31.0,0.58,8.09,0.57,27.67,0.59,7.19,0.6,13.0,0.07,0.01,2354.632257,1776303309000
1776303310.978,10.978,0.28,11.0,0.26,64.0,0.31,5.0,0.32,10.0,0.63,20.0,0.62,31.0,0.7,2.76,0.71,11.0,0.03,0.07,2354.632257,1776303309000
1776303311.51,11.51,0.3,5.0,0.28,11.0,0.31,5.0,0.32,10.0,0.69,5.0,0.68,10.0,0.72,11.0,0.74,64.0,0.01,0.03,2354.612876,1776303310000
1776303312.331,12.331,0.27,105.0,0.26,173.52,0.28,16.42,0.29,15.0,0.69,5.0,0.68,10.0,0.74,63.52,0.75,30.0,0.01,0.05,2354.612876,1776303310000
1776303312.697,12.697,0.28,5.0,0.26,73.52,0.29,10.57,0.3,10.0,0.71,10.57,0.7,10.0,0.73,97.58,0.74,173.52,0.01,0.02,2354.363103,1776303311000
1776303313.029,13.029,0.28,3.47,0.26,73.52,0.29,5.57,0.3,10.0,0.71,10.57,0.7,10.0,0.72,5.0,0.74,73.52,0.01,0.01,2354.363103,1776303311000
1776303314.871,14.871,0.27,20.0,0.26,88.52,0.28,15.0,0.29,5.57,0.71,5.57,0.7,10.0,0.72,3.47,0.74,73.52,0.01,0.01,2354.003664,1776303313000
1776303315.235,15.235,0.27,43.0,0.26,88.52,0.28,11.42,0.29,17.28,0.72,4.28,0.71,5.57,0.73,20.0,0.74,88.52,0.01,0.01,2354.001838,1776303314000
1776303315.577,15.577,0.27,109.0,0.26,32.52,0.29,77.71,0.3,32.71,0.71,15.96,0.7,21.71,0.73,128.0,0.74,82.52,0.02,0.02,2354.001838,1776303314000
1776303315.849,15.849,0.26,13.52,0.24,25.0,0.27,9.0,0.28,21.71,0.71,66.33,0.7,32.71,0.73,5.93,0.74,13.52,0.01,0.02,2354.001838,1776303314000
1776303316.801,16.801,0.26,62.74,0.24,25.0,0.27,40.71,0.28,37.71,0.73,9.0,0.72,37.71,0.74,8.45,0.76,25.0,0.01,0.01,2353.971135,1776303315000
1776303317.49,17.49,0.26,93.29,0.25,18.0,0.27,35.71,0.28,37.71,0.73,40.71,0.72,37.71,0.74,82.0,0.76,25.0,0.01,0.01,2353.798858,1776303316000
1776303318.085,18.085,0.26,146.0,0.25,64.0,0.27,5.71,0.28,11.71,0.73,35.71,0.72,37.71,0.74,93.29,0.75,18.0,0.01,0.01,2353.608354,1776303317000
1776303318.315,18.315,0.27,10.0,0.26,124.26,0.28,5.71,0.29,11.71,0.72,11.71,0.71,11.71,0.74,124.26,0.75,94.0,0.01,0.02,2353.608354,1776303317000
1776303318.528,18.528,0.27,15.0,0.26,124.26,0.29,5.42,0.3,11.71,0.71,11.42,0.7,11.71,0.73,15.0,0.74,124.26,0.02,0.02,2353.608354,1776303317000
1776303319.115,19.115,0.28,24.45,0.27,15.0,0.29,5.42,0.3,11.71,0.71,5.42,0.7,11.71,0.73,15.0,0.74,124.26,0.01,0.02,2353.608354,1776303317000
1776303320.777,20.777,0.28,39.0,0.27,21.0,0.29,36.24,0.3,32.71,0.71,5.42,0.7,11.71,0.72,24.45,0.73,15.0,0.01,0.01,2353.94855,1776303319000
1776303322.536,22.536,0.27,54.99,0.26,22.0,0.36,60.0,0.37,21.3,0.71,48.24,0.7,32.71,0.73,21.0,0.74,50.0,0.09,0.02,2353.857876,1776303321000
1776303323.158,23.158,0.29,20.99,0.28,15.0,0.3,16.23,0.31,10.0,0.64,60.0,0.63,21.3,0.73,54.99,0.74,22.0,0.01,0.09,2353.851786,1776303322000
1776303324.662,24.662,0.29,20.99,0.28,15.0,0.36,65.0,0.37,26.3,0.7,16.23,0.69,10.0,0.71,20.99,0.72,15.0,0.07,0.01,2353.77671,1776303323000
1776303325.095,25.095,0.26,13.78,0.25,11.74,0.27,25.0,0.28,20.0,0.64,65.0,0.63,26.3,0.71,20.99,0.72,15.0,0.01,0.07,2353.77671,1776303323000
1776303330.4,30.4,0.29,34.0,0.28,10.0,0.31,7.0,0.32,121.0,0.73,42.84,0.72,26.0,0.76,7.81,0.77,11.71,0.02,0.03,2353.388805,1776303328000
1776303331.236,31.236,0.35,11.95,0.34,42.0,0.36,5.0,0.37,38.29,0.69,7.0,0.68,121.0,0.71,34.0,0.72,10.0,0.01,0.02,2353.43773,1776303330000
1776303331.902,31.902,0.35,44.0,0.34,47.0,0.37,20.3,0.38,79.99,0.64,5.0,0.63,38.29,0.65,9.88,0.66,42.0,0.02,0.01,2353.43773,1776303330000
1776303332.193,32.193,0.35,27.0,0.34,47.0,0.36,36.31,0.37,20.3,0.63,20.3,0.62,79.99,0.65,44.0,0.66,47.0,0.01,0.02,2353.43773,1776303330000
1776303332.408,32.408,0.35,27.0,0.34,42.0,0.37,74.3,0.38,33.99,0.64,36.31,0.63,20.3,0.65,27.0,0.66,47.0,0.02,0.01,2353.480186,1776303331000
1776303332.914,32.914,0.35,22.0,0.34,42.0,0.36,16.0,0.37,20.3,0.63,74.3,0.62,33.99,0.65,27.0,0.66,42.0,0.01,0.02,2353.480186,1776303331000
1776303333.174,33.174,0.34,24.01,0.33,22.0,0.35,10.26,0.36,73.8,0.64,16.0,0.63,20.3,0.66,33.0,0.67,22.0,0.01,0.02,2353.480186,1776303331000
1776303335.373,35.373,0.34,46.01,0.33,33.0,0.36,28.12,0.37,5.3,0.65,10.26,0.64,73.8,0.66,24.01,0.67,22.0,0.02,0.01,2353.98932,1776303334000
1776303337.515,37.515,0.35,27.07,0.34,24.01,0.36,1.45,0.37,16.3,0.64,1.45,0.63,5.3,0.65,15.0,0.66,29.01,0.01,0.01,2354.029994,1776303336000
1776303341.032,41.032,0.36,10.0,0.35,20.0,0.37,5.3,0.38,68.0,0.64,1.45,0.63,16.3,0.65,32.0,0.66,24.01,0.01,0.01,2354.2075,1776303339000
1776303341.512,41.512,0.36,17.0,0.35,20.0,0.37,89.18,0.38,19.0,0.63,5.3,0.62,68.0,0.64,10.0,0.65,20.0,0.01,0.01,2354.159626,1776303340000
1776303345.576,45.576,0.36,20.84,0.35,15.0,0.37,22.3,0.38,83.0,0.63,89.18,0.62,19.0,0.64,17.0,0.65,20.0,0.01,0.01,2354.224205,1776303344000
1776303346.684,46.684,0.36,21.84,0.35,15.0,0.37,17.3,0.38,83.0,0.63,22.3,0.62,83.0,0.64,20.84,0.65,15.0,0.01,0.01,2354.164733,1776303345000
1776303347.512,47.512,0.36,24.02,0.35,15.0,0.37,17.3,0.38,83.0,0.63,17.3,0.62,83.0,0.64,21.84,0.65,15.0,0.01,0.01,2354.164484,1776303346000
1776303351.104,51.104,0.36,131.02,0.35,40.0,0.41,4.39,0.42,5.0,0.63,17.3,0.62,83.0,0.64,24.02,0.65,15.0,0.05,0.01,2354.2241,1776303349000
1776303352.035,52.035,0.42,15.0,0.41,15.0,0.44,82.0,0.45,25.0,0.57,78.39,0.56,18.0,0.64,131.02,0.65,40.0,0.02,0.07,2354.153834,1776303351000
1776303352.362,52.362,0.43,28.73,0.42,20.0,0.44,81.39,0.45,25.0,0.56,87.0,0.55,25.0,0.57,14.73,0.58,22.0,0.01,0.01,2354.153834,1776303351000
1776303353.166,53.166,0.43,66.95,0.42,20.0,0.44,74.39,0.45,30.0,0.56,81.39,0.55,25.0,0.57,28.73,0.58,20.0,0.01,0.01,2354.364245,1776303352000
1776303353.663,53.663,0.43,58.63,0.42,25.0,0.44,79.39,0.45,25.0,0.56,74.39,0.55,30.0,0.57,66.95,0.58,20.0,0.01,0.01,2354.364245,1776303352000
1776303353.866,53.866,0.43,56.66,0.42,25.0,0.44,84.39,0.45,25.0,0.56,79.39,0.55,25.0,0.57,58.63,0.58,25.0,0.01,0.01,2354.364245,1776303352000
1776303354.876,54.876,0.38,3.15,0.35,10.0,0.39,15.0,0.4,10.0,0.56,84.39,0.55,25.0,0.57,56.66,0.58,25.0,0.01,0.01,2354.554835,1776303353000
1776303355.286,55.286,0.36,7.0,0.35,10.0,0.37,53.0,0.38,29.0,0.61,55.0,0.6,10.0,0.65,10.0,0.66,10.0,0.01,0.04,2354.537668,1776303354000
1776303357.946,57.946,0.35,10.0,0.34,15.0,0.36,65.33,0.37,130.0,0.63,53.0,0.62,29.0,0.64,7.0,0.65,10.0,0.01,0.01,2354.215215,1776303356000
1776303358.464,58.464,0.35,10.0,0.34,15.0,0.36,65.85,0.37,130.0,0.64,65.33,0.63,130.0,0.65,10.0,0.66,15.0,0.01,0.01,2354.148706,1776303357000
1776303359.229,59.229,0.35,15.0,0.34,15.0,0.36,56.37,0.37,130.0,0.64,65.85,0.63,130.0,0.65,10.0,0.66,15.0,0.01,0.01,2354.148706,1776303357000
1776303360.206,60.206,0.35,10.0,0.34,10.0,0.36,119.52,0.37,72.0,0.64,56.37,0.63,130.0,0.65,15.0,0.66,15.0,0.01,0.01,2354.148246,1776303359000
1776303360.473,60.473,0.35,5.0,0.34,10.0,0.36,119.52,0.37,72.0,0.64,119.52,0.63,72.0,0.65,10.0,0.66,10.0,0.01,0.01,2354.148246,1776303359000
1776303361.031,61.031,0.34,4.77,0.33,10.0,0.36,139.52,0.37,72.0,0.64,119.52,0.63,72.0,0.65,5.0,0.66,10.0,0.02,0.01,2354.149576,1776303360000
1776303361.764,61.764,0.34,15.0,0.33,15.0,0.36,115.56,0.37,72.0,0.64,130.04,0.63,72.0,0.66,10.0,0.67,15.0,0.02,0.02,2354.149576,1776303360000
1776303362.043,62.043,0.31,5.0,0.3,27.0,0.33,10.69,0.34,48.0,0.64,115.56,0.63,72.0,0.66,15.0,0.67,15.0,0.02,0.02,2354.149576,1776303360000
1776303362.484,62.484,0.3,37.0,0.29,25.0,0.31,57.52,0.32,15.0,0.67,10.69,0.66,48.0,0.69,5.0,0.7,27.0,0.01,0.02,2354.150594,1776303361000
1776303362.856,62.856,0.3,44.28,0.29,30.0,0.31,7.52,0.32,15.0,0.69,7.52,0.68,15.0,0.7,55.0,0.71,25.0,0.01,0.01,2354.150594,1776303361000
1776303363.218,63.218,0.3,44.28,0.29,30.0,0.32,13.04,0.33,0.69,0.69,7.52,0.68,15.0,0.7,44.28,0.71,30.0,0.02,0.01,2354.19134,1776303362000
1776303365.047,65.047,0.32,52.39,0.31,30.0,0.33,0.69,0.34,11.0,0.68,29.91,0.67,0.69,0.69,38.0,0.7,31.28,0.01,0.01,2354.068758,1776303363000
1776303366.124,66.124,0.32,57.0,0.31,25.0,0.34,6.82,0.35,48.89,0.67,0.69,0.66,11.0,0.68,52.39,0.69,30.0,0.02,0.01,2354.060443,1776303364000
1776303366.984,66.984,0.31,5.0,0.3,4.28,0.34,97.82,0.35,165.66,0.66,6.82,0.65,48.89,0.68,57.0,0.69,25.0,0.03,0.02,2354.080409,1776303365000
1776303368.87,68.87,0.28,1.33,0.27,48.0,0.29,45.0,0.3,55.33,0.69,10.0,0.68,50.0,0.72,20.94,0.73,48.0,0.01,0.03,2354.082894,1776303367000
1776303369.5,69.5,0.27,33.0,0.26,43.0,0.29,82.57,0.3,30.0,0.71,45.0,0.7,55.33,0.72,1.33,0.73,48.0,0.02,0.01,2354.060794,1776303368000
1776303373.574,73.574,0.27,29.0,0.26,15.0,0.28,74.85,0.29,14.48,0.71,82.57,0.7,30.0,0.73,33.0,0.74,43.0,0.01,0.02,2353.791905,1776303372000
1776303374.734,74.734,0.27,8.15,0.26,15.0,0.28,69.85,0.29,14.48,0.72,74.85,0.71,14.48,0.73,29.0,0.74,15.0,0.01,0.01,2353.791905,1776303372000
1776303377.884,77.884,0.2,16.99,0.19,28.0,0.22,30.0,0.23,10.0,0.72,69.85,0.71,14.48,0.73,8.15,0.74,15.0,0.02,0.01,2353.833708,1776303376000
1776303379.17,79.17,0.2,161.34,0.19,44.8,0.21,20.0,0.23,7.0,0.78,30.0,0.77,10.0,0.8,16.99,0.81,28.0,0.01,0.02,2353.811499,1776303378000
1776303380.372,80.372,0.27,74.0,0.26,63.0,0.28,28.96,0.29,15.0,0.77,1.62,0.76,7.0,0.78,119.0,0.79,125.99,0.01,0.01,2353.811499,1776303378000
1776303384.505,84.505,0.27,89.0,0.26,135.0,0.28,0.14,0.29,10.0,0.72,28.96,0.71,15.0,0.73,74.0,0.74,63.0,0.01,0.01,2353.759338,1776303383000
1776303385.521,85.521,0.33,70.0,0.32,28.0,0.35,48.42,0.36,83.0,0.71,10.0,0.7,15.0,0.72,5.86,0.73,99.0,0.02,0.01,2353.76925,1776303384000
1776303387.051,87.051,0.37,28.0,0.36,85.0,0.38,2.0,0.39,70.0,0.65,48.42,0.64,83.0,0.67,70.0,0.68,28.0,0.01,0.02,2353.843605,1776303385000
1776303387.392,87.392,0.37,68.91,0.36,71.0,0.38,2.0,0.39,11.0,0.62,2.0,0.61,70.0,0.63,28.0,0.64,85.0,0.01,0.01,2353.843605,1776303385000
1776303387.857,87.857,0.37,77.32,0.36,71.0,0.38,2.0,0.39,6.0,0.62,2.0,0.61,11.0,0.63,68.91,0.64,71.0,0.01,0.01,2354.009726,1776303386000
1776303388.073,88.073,0.37,77.32,0.36,71.0,0.39,3.0,0.4,11.0,0.62,2.0,0.61,6.0,0.63,77.32,0.64,71.0,0.02,0.01,2354.009726,1776303386000
1776303389.196,89.196,0.38,8.0,0.37,11.0,0.4,125.08,0.41,78.0,0.61,3.0,0.6,11.0,0.63,77.32,0.64,71.0,0.02,0.02,2354.18565,1776303387000
1776303389.826,89.826,0.33,5.0,0.32,5.0,0.38,159.0,0.39,43.0,0.6,125.08,0.59,78.0,0.62,8.0,0.63,11.0,0.05,0.02,2354.29735,1776303388000
1776303392.461,92.461,0.31,121.8,0.3,50.1,0.32,29.84,0.33,10.0,0.62,159.0,0.61,43.0,0.67,5.0,0.68,5.0,0.01,0.05,2354.3314,1776303391000
1776303392.844,92.844,0.31,102.3,0.3,50.1,0.32,24.84,0.33,10.0,0.68,29.84,0.67,10.0,0.69,121.8,0.7,50.1,0.01,0.01,2354.3314,1776303391000
1776303394.456,94.456,0.27,22.68,0.26,94.7,0.29,81.0,0.3,21.0,0.68,24.84,0.67,10.0,0.69,102.3,0.7,50.1,0.02,0.01,2354.187869,1776303392000
1776303394.891,94.891,0.27,14.0,0.26,94.7,0.28,77.0,0.29,56.0,0.71,81.0,0.7,21.0,0.73,22.68,0.74,94.7,0.01,0.02,2354.187869,1776303392000
1776303397.543,97.543,0.25,15.19,0.24,49.89,0.28,77.0,0.29,36.0,0.72,77.0,0.71,56.0,0.73,14.0,0.74,94.7,0.03,0.01,2354.002337,1776303395000
1776303398.225,98.225,0.26,15.0,0.25,26.0,0.27,73.29,0.28,80.0,0.72,77.0,0.71,36.0,0.75,15.19,0.76,49.89,0.01,0.03,2353.957915,1776303396000
1776303399.262,99.262,0.27,145.0,0.26,99.8,0.28,39.0,0.31,5.0,0.73,73.29,0.72,80.0,0.74,15.0,0.75,26.0,0.01,0.01,2353.980935,1776303397000
1776303400.45,100.45,0.27,200.3,0.26,113.5,0.35,11.0,0.36,15.0,0.72,33.0,0.69,5.0,0.73,145.0,0.74,99.8,0.08,0.01,2353.980935,1776303397000
1776303400.926,100.926,0.37,57.0,0.36,22.0,0.39,76.23,0.4,34.0,0.65,11.0,0.64,15.0,0.73,200.3,0.74,113.5,0.02,0.08,2353.980935,1776303397000
1776303401.211,101.211,0.37,54.09,0.36,22.0,0.39,91.23,0.4,88.18,0.61,76.23,0.6,34.0,0.63,57.0,0.64,22.0,0.02,0.02,2353.980935,1776303397000
1776303401.91,101.91,0.37,69.74,0.36,17.0,0.38,5.0,0.39,9.23,0.61,91.23,0.6,88.18,0.63,54.09,0.64,22.0,0.01,0.02,2354.092839,1776303400000
1776303402.234,102.234,0.38,10.0,0.37,58.74,0.4,15.0,0.41,140.73,0.62,5.0,0.61,9.23,0.63,69.74,0.64,17.0,0.02,0.01,2354.092839,1776303400000
1776303404.076,104.076,0.34,30.44,0.33,58.3,0.41,66.73,0.42,64.0,0.6,11.22,0.59,140.73,0.62,10.0,0.63,58.74,0.07,0.02,2354.299531,1776303402000
1776303404.712,104.712,0.4,15.0,0.39,15.0,0.41,71.53,0.42,79.0,0.59,66.73,0.58,64.0,0.66,30.44,0.67,58.3,0.01,0.07,2354.4862,1776303403000
1776303405.485,105.485,0.4,52.0,0.39,10.0,0.41,1.24,0.43,5.0,0.59,71.53,0.58,79.0,0.6,15.0,0.61,15.0,0.01,0.01,2354.54104,1776303404000
1776303406.719,106.719,0.42,22.0,0.41,22.0,0.44,73.89,0.45,81.0,0.57,5.0,0.56,10.0,0.6,52.0,0.61,10.0,0.02,0.03,2354.564935,1776303405000
1776303408.401,108.401,0.33,16.3,0.32,74.5,0.34,12.18,0.35,20.0,0.56,73.89,0.55,81.0,0.58,22.0,0.59,22.0,0.01,0.02,2354.6663,1776303407000
1776303411.948,111.948,0.28,12.0,0.27,25.3,0.32,88.0,0.33,69.0,0.66,12.18,0.65,20.0,0.67,16.3,0.68,74.5,0.04,0.01,2354.429385,1776303410000
1776303412.223,112.223,0.25,5.0,0.24,35.7,0.29,78.0,0.3,31.0,0.68,88.0,0.67,69.0,0.72,2.16,0.73,25.3,0.04,0.04,2354.410219,1776303411000
1776303414.986,114.986,0.26,50.0,0.24,38.7,0.28,73.0,0.29,15.0,0.71,78.0,0.7,31.0,0.75,5.0,0.76,35.7,0.02,0.04,2354.124758,1776303413000
1776303419.439,119.439,0.21,27.99,0.2,8.0,0.22,90.0,0.23,36.0,0.72,73.0,0.71,15.0,0.74,50.0,0.76,38.7,0.01,0.02,2353.890037,1776303418000
1776303419.836,119.836,0.19,23.0,0.18,43.2,0.22,94.0,0.23,36.0,0.78,99.0,0.77,36.0,0.79,19.99,0.8,8.0,0.03,0.01,2353.890037,1776303418000
1776303420.061,120.061,0.19,18.62,0.18,43.2,0.2,94.0,0.21,15.0,0.78,94.0,0.77,36.0,0.81,23.0,0.82,43.2,0.01,0.03,2353.850518,1776303419000
1776303421.443,121.443,0.18,26.0,0.17,55.49,0.19,35.21,0.2,31.0,0.81,15.0,0.8,69.0,0.82,33.18,0.83,57.49,0.01,0.01,2353.78029,1776303420000
1776303421.952,121.952,0.18,195.2,0.17,75.3,0.19,2.0,0.2,10.0,0.81,35.21,0.8,31.0,0.82,26.0,0.83,55.49,0.01,0.01,2353.562192,1776303421000
1776303422.243,122.243,0.21,56.0,0.2,29.0,0.22,10.0,0.23,17.0,0.78,10.0,0.77,17.0,0.79,38.0,0.82,180.2,0.01,0.01,2353.562192,1776303421000
1776303424.066,124.066,0.23,15.0,0.22,10.0,0.24,4.62,0.25,10.0,0.78,10.0,0.77,17.0,0.8,5.0,0.81,14.8,0.01,0.02,2353.635764,1776303423000
1776303429.534,129.534,0.18,1.66,0.17,30.5,0.19,28.0,0.2,28.0,0.76,4.62,0.75,10.0,0.77,15.0,0.78,10.0,0.01,0.01,2353.82528,1776303427000
1776303429.833,129.833,0.17,5.0,0.16,26.8,0.19,92.34,0.2,37.0,0.81,28.0,0.8,28.0,0.82,1.66,0.83,30.5,0.02,0.01,2353.767906,1776303428000
1776303430.634,130.634,0.15,62.98,0.14,70.72,0.16,15.0,0.17,15.0,0.81,92.34,0.8,37.0,0.83,5.0,0.84,26.8,0.01,0.02,2353.751866,1776303429000
1776303432.503,132.503,0.15,67.98,0.14,83.9,0.16,12.62,0.17,20.0,0.84,15.0,0.83,15.0,0.85,62.98,0.86,70.72,0.01,0.01,2353.474335,1776303431000
1776303432.828,132.828,0.15,67.98,0.14,83.9,0.16,7.62,0.17,20.0,0.84,12.62,0.83,20.0,0.85,67.98,0.86,83.9,0.01,0.01,2353.474335,1776303431000
1776303434.378,134.378,0.15,52.98,0.14,83.9,0.16,7.68,0.17,20.0,0.84,7.62,0.83,20.0,0.85,67.98,0.86,83.9,0.01,0.01,2353.398889,1776303433000
1776303436.101,136.101,0.15,4.0,0.13,62.8,0.16,17.68,0.17,20.0,0.84,7.68,0.83,20.0,0.85,52.98,0.86,83.9,0.01,0.01,2353.377106,1776303435000
1776303438.944,138.944,0.15,20.2,0.14,48.9,0.16,17.68,0.17,20.0,0.84,17.68,0.83,20.0,0.85,4.0,0.87,62.8,0.01,0.01,2353.346995,1776303437000
1776303440.361,140.361,0.15,21.76,0.14,34.9,0.16,17.68,0.17,47.93,0.84,17.68,0.83,20.0,0.85,20.2,0.86,48.9,0.01,0.01,2353.32871,1776303439000
1776303443.964,143.964,0.15,43.65,0.14,67.89,0.16,30.1,0.17,15.0,0.84,17.68,0.83,47.93,0.85,21.76,0.86,34.9,0.01,0.01,2353.313166,1776303442000
1776303445.449,145.449,0.15,40.65,0.14,67.89,0.16,30.1,0.17,41.55,0.84,30.1,0.83,15.0,0.85,43.65,0.86,67.89,0.01,0.01,2353.324992,1776303444000
1776303453.2,153.2,0.15,5.13,0.14,41.71,0.16,135.0,0.17,46.33,0.84,30.1,0.83,41.55,0.85,40.65,0.86,67.89,0.01,0.01,2353.329532,1776303452000
1776303453.65,153.65,0.15,3.36,0.14,35.71,0.16,135.0,0.17,55.67,0.84,135.0,0.83,46.33,0.85,5.13,0.86,41.71,0.01,0.01,2353.329532,1776303452000
1776303454.0,154.0,0.14,35.71,0.12,189.18,0.16,130.0,0.17,55.67,0.84,135.0,0.83,55.67,0.85,3.36,0.86,35.71,0.02,0.01,2353.329532,1776303452000
1776303455.023,155.023,0.14,35.71,0.13,34.99,0.15,16.29,0.16,15.0,0.84,130.0,0.83,55.67,0.86,35.71,0.88,189.18,0.01,0.02,2353.265411,1776303453000
1776303459.38,159.38,0.15,5.01,0.14,80.61,0.16,36.42,0.17,53.49,0.84,15.0,0.83,50.67,0.86,35.71,0.87,34.99,0.01,0.02,2353.353171,1776303458000
1776303461.061,161.061,0.15,58.21,0.14,112.6,0.16,0.15,0.17,10.0,0.84,36.42,0.83,53.49,0.85,5.01,0.86,80.61,0.01,0.01,2353.338321,1776303459000
1776303461.957,161.957,0.16,80.72,0.15,63.21,0.17,69.55,0.18,15.0,0.83,1.0,0.82,15.0,0.84,8.85,0.85,58.21,0.01,0.01,2353.3688,1776303460000
1776303463.956,163.956,0.18,89.82,0.17,23.0,0.23,13.02,0.24,15.0,0.83,69.55,0.82,15.0,0.84,80.72,0.85,63.21,0.05,0.01,2353.4587,1776303462000
1776303464.92,164.92,0.27,10.0,0.26,10.0,0.29,3.12,0.3,11.0,0.77,13.02,0.76,15.0,0.82,89.82,0.83,23.0,0.02,0.05,2353.51315,1776303463000
1776303465.15,165.15,0.28,10.0,0.27,15.0,0.31,10.0,0.32,10.0,0.68,9.59,0.66,5.1,0.7,16.66,0.72,10.0,0.03,0.02,2353.51315,1776303464000
1776303465.568,165.568,0.32,5.0,0.31,15.0,0.33,62.33,0.34,91.22,0.69,10.0,0.68,10.0,0.72,10.0,0.73,15.0,0.01,0.03,2353.51315,1776303464000
1776303466.061,166.061,0.31,1.92,0.3,35.0,0.33,77.33,0.34,96.12,0.67,62.33,0.66,91.22,0.68,5.0,0.69,15.0,0.02,0.01,2353.51315,1776303464000
1776303466.289,166.289,0.3,11.52,0.29,10.0,0.31,10.0,0.32,15.0,0.68,10.0,0.67,77.33,0.7,2.0,0.71,10.0,0.01,0.02,2353.85,1776303465000
1776303468.325,168.325,0.25,30.95,0.21,31.7,0.26,43.61,0.27,32.61,0.68,15.0,0.67,77.33,0.7,11.52,0.71,10.0,0.01,0.02,2354.29272,1776303467000
1776303469.465,169.465,0.22,27.93,0.21,36.7,0.23,15.0,0.24,10.0,0.74,43.61,0.73,32.61,0.79,31.7,0.8,43.32,0.01,0.05,2354.308131,1776303468000
1776303472.177,172.177,0.27,50.0,0.26,15.0,0.29,10.0,0.3,15.0,0.77,15.0,0.76,10.0,0.78,27.93,0.79,36.7,0.02,0.01,2353.972517,1776303470000
1776303472.534,172.534,0.28,53.0,0.27,50.0,0.29,95.85,0.3,15.0,0.7,15.0,0.69,10.0,0.73,50.0,0.74,15.0,0.01,0.03,2354.076054,1776303471000
1776303476.909,176.909,0.23,137.0,0.22,89.92,0.25,7.0,0.26,6.0,0.71,95.85,0.7,15.0,0.72,53.0,0.73,50.0,0.02,0.01,2354.321038,1776303475000
1776303477.467,177.467,0.23,39.01,0.22,27.93,0.27,6.0,0.28,11.0,0.75,7.0,0.74,6.0,0.76,110.36,0.77,62.0,0.04,0.01,2354.321038,1776303475000
1776303478.421,178.421,0.24,45.7,0.23,38.0,0.25,12.0,0.26,10.0,0.73,6.0,0.72,21.0,0.74,8.0,0.77,94.01,0.01,0.01,2354.26142,1776303477000
1776303479.055,179.055,0.24,22.95,0.23,20.3,0.25,22.0,0.26,10.0,0.75,12.0,0.74,10.0,0.76,45.7,0.77,38.0,0.01,0.01,2354.26142,1776303477000
1776303479.356,179.356,0.24,21.63,0.23,20.3,0.25,17.0,0.26,10.0,0.75,22.0,0.74,10.0,0.76,22.95,0.77,20.3,0.01,0.01,2354.22525,1776303478000
1776303480.2,180.2,0.19,35.22,0.18,54.4,0.25,88.0,0.26,65.0,0.75,17.0,0.74,10.0,0.76,21.63,0.77,20.3,0.06,0.01,2354.22525,1776303478000
1776303480.609,180.609,0.18,24.4,0.17,63.5,0.2,94.0,0.21,37.0,0.8,38.0,0.79,23.0,0.81,14.71,0.82,24.4,0.02,0.01,2354.222631,1776303479000
1776303481.41,181.41,0.17,27.39,0.15,66.53,0.18,55.0,0.19,28.5,0.81,12.5,0.8,87.0,0.82,24.4,0.83,58.5,0.01,0.01,2354.118217,1776303480000
1776303482.622,182.622,0.15,33.33,0.14,52.72,0.18,23.0,0.19,36.5,0.82,30.0,0.81,28.5,0.83,27.39,0.85,66.53,0.03,0.01,2354.064998,1776303481000
1776303483.946,183.946,0.15,2.9,0.14,63.89,0.16,25.0,0.17,20.0,0.82,23.0,0.81,36.5,0.85,33.33,0.86,52.72,0.01,0.03,2353.762248,1776303482000
1776303484.407,184.407,0.12,140.5,0.11,86.79,0.15,49.0,0.16,15.0,0.84,25.0,0.83,20.0,0.85,2.9,0.86,63.89,0.03,0.01,2353.715918,1776303483000
1776303485.175,185.175,0.14,21.1,0.13,41.17,0.15,30.0,0.16,10.0,0.85,49.0,0.84,15.0,0.88,140.5,0.89,86.79,0.01,0.03,2353.715918,1776303483000
1776303485.421,185.421,0.14,24.93,0.13,10.0,0.15,25.0,0.16,15.0,0.85,30.0,0.84,10.0,0.86,21.1,0.87,41.17,0.01,0.01,2353.681963,1776303484000
1776303488.707,188.707,0.14,33.0,0.13,10.0,0.15,19.17,0.16,17.0,0.85,25.0,0.84,15.0,0.86,24.93,0.87,10.0,0.01,0.01,2353.604038,1776303487000
1776303489.193,189.193,0.19,10.0,0.18,42.0,0.22,85.1,0.23,27.0,0.85,10.03,0.84,7.0,0.86,33.0,0.87,10.0,0.03,0.01,2353.604038,1776303487000
1776303491.262,191.262,0.22,155.0,0.21,10.0,0.24,16.17,0.25,32.87,0.78,75.1,0.77,27.0,0.79,10.0,0.8,10.0,0.02,0.01,2353.73962,1776303490000
1776303491.568,191.568,0.24,88.0,0.23,25.0,0.28,5.14,0.29,27.5,0.76,16.17,0.75,32.87,0.78,155.0,0.79,10.0,0.04,0.02,2353.73962,1776303490000
1776303491.861,191.861,0.27,28.0,0.26,10.0,0.28,61.22,0.29,38.87,0.72,5.14,0.71,27.5,0.76,88.0,0.77,25.0,0.01,0.04,2353.73962,1776303490000
1776303492.529,192.529,0.27,34.78,0.26,10.0,0.28,10.0,0.29,10.0,0.72,61.22,0.71,38.87,0.73,28.0,0.74,10.0,0.01,0.01,2353.953355,1776303491000
1776303493.042,193.042,0.21,100.0,0.2,10.0,0.22,10.54,0.23,16.0,0.72,10.0,0.71,10.0,0.73,34.78,0.74,10.0,0.01,0.01,2353.953355,1776303492000
1776303493.68,193.68,0.27,48.52,0.26,26.0,0.28,93.8,0.3,15.0,0.78,10.54,0.77,16.0,0.79,100.0,0.8,10.0,0.01,0.01,2353.953355,1776303492000
1776303493.936,193.936,0.27,53.52,0.26,26.0,0.28,75.8,0.29,10.0,0.72,93.8,0.7,15.0,0.73,48.52,0.74,26.0,0.01,0.01,2353.953355,1776303492000
1776303496.902,196.902,0.27,41.49,0.26,26.0,0.28,136.98,0.29,16.0,0.72,25.8,0.71,10.0,0.73,53.52,0.74,26.0,0.01,0.01,2354.28073,1776303495000
1776303497.152,197.152,0.27,36.49,0.26,26.0,0.28,126.98,0.29,16.0,0.72,136.98,0.71,16.0,0.73,41.49,0.74,26.0,0.01,0.01,2354.288479,1776303496000
1776303497.881,197.881,0.27,12.49,0.26,10.0,0.28,131.98,0.29,26.0,0.72,131.98,0.71,16.0,0.73,30.49,0.74,26.0,0.01,0.01,2354.288479,1776303496000
1776303498.578,198.578,0.26,6.7,0.25,5.0,0.27,17.0,0.28,124.98,0.72,131.98,0.71,26.0,0.74,8.49,0.75,5.0,0.01,0.02,2354.311,1776303497000
1776303499.99,199.99,0.21,5.0,0.2,15.0,0.27,102.02,0.28,37.0,0.73,17.0,0.72,124.98,0.74,6.7,0.75,5.0,0.06,0.01,2354.187423,1776303499000
1776303501.237,201.237,0.21,9.0,0.2,37.0,0.22,15.0,0.23,15.0,0.73,102.02,0.72,37.0,0.79,5.0,0.8,15.0,0.01,0.06,2354.189815,1776303500000
1776303501.629,201.629,0.2,14.0,0.19,15.0,0.22,15.0,0.23,15.0,0.78,15.0,0.77,15.0,0.79,9.0,0.8,37.0,0.02,0.01,2354.189815,1776303500000
1776303502.904,202.904,0.21,13.73,0.2,42.5,0.24,15.0,0.25,15.0,0.78,15.0,0.77,15.0,0.8,14.0,0.81,15.0,0.03,0.02,2354.089819,1776303501000
1776303505.741,205.741,0.22,3.58,0.21,10.0,0.23,20.0,0.24,15.0,0.76,15.0,0.75,15.0,0.79,13.73,0.8,42.5,0.01,0.03,2354.086,1776303504000
1776303507.173,207.173,0.2,17.0,0.18,24.4,0.21,78.0,0.22,15.0,0.77,20.0,0.76,15.0,0.78,3.58,0.79,10.0,0.01,0.01,2354.12875,1776303506000
1776303507.559,207.559,0.16,63.31,0.15,71.19,0.17,30.0,0.18,15.0,0.83,8.0,0.79,82.0,0.84,43.31,0.85,71.19,0.01,0.01,2354.12875,1776303506000
1776303510.614,210.614,0.15,26.08,0.14,95.89,0.16,22.0,0.17,66.0,0.83,30.0,0.82,15.0,0.84,63.31,0.85,71.19,0.01,0.01,2354.031843,1776303509000
1776303511.229,211.229,0.14,63.23,0.13,75.79,0.15,7.0,0.16,22.0,0.84,22.0,0.83,66.0,0.85,26.08,0.86,95.89,0.01,0.01,2353.989973,1776303510000
1776303512.851,212.851,0.14,46.72,0.13,77.79,0.15,12.0,0.16,22.0,0.85,7.0,0.84,22.0,0.86,63.23,0.87,75.79,0.01,0.01,2353.920429,1776303511000
1776303514.127,214.127,0.14,132.19,0.13,75.28,0.17,20.0,0.18,5.0,0.85,12.0,0.84,22.0,0.86,46.72,0.87,77.79,0.03,0.01,2353.915637,1776303512000
1776303514.69,214.69,0.2,5.0,0.19,26.0,0.21,7.38,0.22,15.0,0.83,20.0,0.82,5.0,0.86,132.19,0.87,75.28,0.01,0.03,2353.895056,1776303513000
1776303515.082,215.082,0.19,26.0,0.18,38.99,0.21,10.0,0.22,11.68,0.8,5.0,0.79,15.0,0.81,26.0,0.82,38.99,0.02,0.01,2353.895056,1776303513000
1776303515.337,215.337,0.19,22.61,0.18,38.99,0.2,10.0,0.21,15.0,0.79,10.0,0.78,11.68,0.81,26.0,0.82,38.99,0.01,0.02,2353.90585,1776303514000
1776303516.221,216.221,0.19,5.81,0.18,52.39,0.2,10.0,0.21,15.0,0.8,10.0,0.79,15.0,0.81,22.61,0.82,38.99,0.01,0.01,2353.90585,1776303514000
1776303519.628,219.628,0.15,38.2,0.14,63.71,0.16,30.5,0.17,43.0,0.8,10.0,0.79,15.0,0.81,5.81,0.82,52.39,0.01,0.01,2354.018166,1776303518000
1776303520.096,220.096,0.15,43.2,0.14,65.71,0.16,11.0,0.17,20.0,0.84,30.5,0.83,43.0,0.85,38.2,0.86,63.71,0.01,0.01,2354.018166,1776303518000
1776303522.67,222.67,0.15,10.0,0.14,64.2,0.16,1.88,0.17,20.0,0.84,2.0,0.83,20.0,0.85,38.2,0.86,65.71,0.01,0.01,2353.968153,1776303521000
1776303523.405,223.405,0.16,45.0,0.15,34.48,0.23,8.0,0.24,17.99,0.84,1.88,0.83,20.0,0.85,10.0,0.86,64.2,0.07,0.01,2353.986262,1776303522000
1776303525.18,225.18,0.22,12.89,0.21,10.0,0.23,10.0,0.24,10.0,0.75,1.0,0.74,10.0,0.76,10.0,0.77,10.0,0.01,0.01,2354.002243,1776303524000
1776303527.175,227.175,0.21,5.0,0.2,10.0,0.23,15.0,0.24,45.5,0.77,10.0,0.76,10.0,0.78,12.89,0.79,10.0,0.02,0.01,2354.25325,1776303525000
1776303530.339,230.339,0.21,5.0,0.2,10.0,0.23,7.38,0.24,15.0,0.77,15.0,0.76,45.5,0.79,5.0,0.8,10.0,0.02,0.02,2354.25086,1776303528000
1776303530.638,230.638,0.21,3.73,0.2,10.0,0.22,10.0,0.23,12.38,0.77,7.38,0.76,15.0,0.79,5.0,0.8,10.0,0.01,0.02,2354.31513,1776303529000
1776303530.892,230.892,0.2,2.0,0.19,40.0,0.21,10.0,0.22,20.0,0.78,22.0,0.77,53.2,0.8,10.0,0.81,40.0,0.01,0.02,2354.31513,1776303529000
1776303533.261,233.261,0.2,7.0,0.19,63.99,0.23,2.38,0.24,15.0,0.79,10.0,0.78,20.0,0.8,2.0,0.81,40.0,0.03,0.01,2354.311795,1776303531000
1776303534.986,234.986,0.23,10.79,0.22,17.0,0.24,15.0,0.25,15.0,0.75,25.0,0.74,15.0,0.78,17.0,0.79,18.0,0.01,0.03,2354.234976,1776303533000
1776303538.979,238.979,0.23,2.42,0.22,17.0,0.24,37.0,0.25,20.0,0.76,15.0,0.75,15.0,0.77,10.79,0.78,17.0,0.01,0.01,2354.4176,1776303537000
1776303540.63,240.63,0.22,10.0,0.21,18.0,0.23,32.56,0.24,15.0,0.76,37.0,0.75,20.0,0.77,2.42,0.78,17.0,0.01,0.01,2354.4276,1776303539000
1776303542.996,242.996,0.22,5.19,0.21,18.0,0.23,10.56,0.24,15.0,0.77,32.56,0.76,15.0,0.78,10.0,0.79,18.0,0.01,0.01,2354.437595,1776303541000
1776303543.879,243.879,0.3,15.0,0.29,10.0,0.31,44.35,0.32,15.0,0.77,10.56,0.76,15.0,0.78,5.19,0.79,18.0,0.01,0.01,2354.44686,1776303542000
1776303544.614,244.614,0.32,25.0,0.31,10.0,0.36,91.0,0.37,10.63,0.69,44.35,0.68,15.0,0.7,15.0,0.71,10.0,0.04,0.01,2354.44686,1776303542000
1776303545.445,245.445,0.35,25.0,0.34,10.0,0.4,8.34,0.41,55.0,0.64,91.0,0.63,10.63,0.68,25.0,0.69,10.0,0.05,0.04,2354.440095,1776303544000
1776303545.78,245.78,0.4,8.83,0.39,10.0,0.41,55.0,0.42,19.0,0.6,8.34,0.59,55.0,0.65,25.0,0.66,10.0,0.01,0.05,2354.440095,1776303544000
1776303546.25,246.25,0.31,10.0,0.28,5.0,0.38,11.57,0.39,10.0,0.59,55.0,0.58,19.0,0.6,8.83,0.61,10.0,0.07,0.01,2354.440095,1776303544000
1776303546.681,246.681,0.22,22.42,0.19,11.32,0.26,50.0,0.27,6.84,0.62,10.37,0.61,10.0,0.72,5.0,0.73,5.0,0.04,0.1,2354.440095,1776303544000
1776303547.304,247.304,0.19,8.76,0.18,10.0,0.24,7.0,0.26,5.0,0.74,122.75,0.73,5.0,0.78,16.26,0.81,11.32,0.05,0.04,2354.707146,1776303545000
1776303547.536,247.536,0.23,10.0,0.22,10.0,0.25,1.12,0.26,10.0,0.77,1.78,0.76,17.0,0.79,15.0,0.8,10.0,0.02,0.02,2354.707146,1776303545000
1776303548.203,248.203,0.26,15.0,0.25,10.0,0.27,72.62,0.3,10.0,0.75,1.12,0.74,10.0,0.77,10.0,0.78,10.0,0.01,0.02,2354.832135,1776303546000
1776303549.138,249.138,0.26,10.0,0.25,10.0,0.29,10.0,0.3,104.29,0.73,72.62,0.71,6.23,0.76,8.81,0.77,10.0,0.03,0.03,2354.515897,1776303547000
1776303550.345,250.345,0.16,50.0,0.15,38.2,0.18,8.27,0.19,10.0,0.71,10.0,0.7,104.29,0.74,10.0,0.75,10.0,0.02,0.03,2354.439673,1776303548000
1776303552.494,252.494,0.25,20.0,0.24,10.0,0.29,10.0,0.3,10.0,0.82,2.27,0.81,10.0,0.84,50.0,0.85,38.2,0.04,0.02,2354.458823,1776303551000
1776303555.633,255.633,0.25,15.0,0.24,10.0,0.26,9.53,0.27,10.0,0.71,10.0,0.7,10.0,0.75,20.0,0.76,10.0,0.01,0.04,2354.539322,1776303554000
1776303559.181,259.181,0.22,5.0,0.21,50.0,0.26,21.53,0.27,60.3,0.74,9.53,0.73,10.0,0.75,15.0,0.76,10.0,0.04,0.01,2354.578565,1776303558000
1776303559.727,259.727,0.21,44.24,0.19,10.0,0.22,22.0,0.23,17.0,0.74,21.53,0.73,60.3,0.78,5.0,0.79,50.0,0.01,0.04,2354.578565,1776303558000
1776303564.938,264.938,0.19,2.96,0.18,41.25,0.21,10.0,0.22,17.0,0.78,21.88,0.77,17.0,0.79,44.24,0.81,10.0,0.02,0.01,2354.398965,1776303563000
1776303565.724,265.724,0.19,7.96,0.18,41.25,0.22,17.0,0.23,60.99,0.79,10.0,0.78,17.0,0.81,2.96,0.82,41.25,0.03,0.02,2354.390754,1776303564000
1776303566.928,266.928,0.19,1.1,0.18,10.0,0.2,7.0,0.21,10.0,0.8,5.0,0.79,10.0,0.81,1.1,0.82,41.25,0.01,0.01,2354.377855,1776303565000
1776303567.325,267.325,0.18,9.86,0.17,10.0,0.2,17.0,0.21,10.0,0.8,7.0,0.79,10.0,0.81,1.1,0.82,10.0,0.02,0.01,2354.377243,1776303566000
1776303567.628,267.628,0.19,13.76,0.18,9.86,0.2,17.0,0.21,10.0,0.8,12.0,0.79,10.0,0.82,9.86,0.83,10.0,0.01,0.02,2354.377243,1776303566000
1776303568.574,268.574,0.14,15.0,0.13,10.0,0.17,10.0,0.18,10.0,0.8,12.0,0.79,55.99,0.89,93.87,0.9,105.99,0.03,0.09,2354.377243,1776303566000
1776303569.398,269.398,0.14,7.33,0.13,10.0,0.16,10.0,0.17,10.0,0.83,10.0,0.82,10.0,0.85,8.82,0.86,10.0,0.02,0.02,2354.370663,1776303567000
1776303570.522,270.522,0.15,0.23,0.1,65.99,0.16,88.0,0.17,36.86,0.84,10.0,0.83,10.0,0.86,7.33,0.87,10.0,0.01,0.02,2354.398245,1776303569000
1776303570.725,270.725,0.1,45.1,0.09,10.0,0.12,15.0,0.13,10.0,0.84,88.0,0.83,36.86,0.9,46.22,0.91,22.25,0.02,0.06,2354.398245,1776303569000
1776303571.66,271.66,0.09,20.99,0.08,77.53,0.11,15.0,0.12,15.0,0.88,20.0,0.87,10.0,0.9,2.86,0.91,38.25,0.02,0.02,2354.379801,1776303570000
1776303573.477,273.477,0.1,7.91,0.09,5.74,0.11,22.0,0.12,15.0,0.89,15.0,0.88,15.0,0.91,20.99,0.92,77.53,0.01,0.02,2354.332865,1776303572000
1776303574.54,274.54,0.09,5.74,0.08,25.54,0.1,11.0,0.11,10.0,0.89,22.0,0.88,15.0,0.9,7.91,0.91,5.74,0.01,0.01,2354.33042,1776303573000
1776303574.966,274.966,0.08,20.34,0.07,68.25,0.1,11.0,0.11,10.0,0.9,11.0,0.89,10.0,0.91,5.74,0.92,25.54,0.02,0.01,2354.33042,1776303573000
1776303575.322,275.322,0.09,2.91,0.08,15.34,0.1,26.0,0.11,10.0,0.9,11.0,0.89,10.0,0.92,20.34,0.93,68.25,0.01,0.02,2354.314535,1776303574000
1776303575.622,275.622,0.07,72.47,0.06,114.99,0.09,10.0,0.1,21.0,0.9,26.0,0.89,10.0,0.91,2.91,0.92,15.34,0.02,0.01,2354.314535,1776303574000
1776303575.919,275.919,0.07,2.0,0.05,55.0,0.08,20.0,0.09,51.86,0.91,10.0,0.9,21.0,0.93,72.47,0.94,114.99,0.01,0.02,2354.314535,1776303574000
1776303576.396,276.396,0.05,55.0,0.04,136.25,0.08,15.0,0.09,73.13,0.92,20.0,0.91,88.99,0.95,55.0,0.96,153.25,0.03,0.03,2354.364005,1776303575000
1776303578.077,278.077,0.05,1.78,0.04,85.0,0.07,20.0,0.08,38.0,0.93,10.0,0.92,15.0,0.95,67.0,0.96,136.25,0.02,0.02,2354.393963,1776303576000
1776303578.657,278.657,0.04,85.0,0.03,160.0,0.07,20.0,0.08,43.0,0.93,20.0,0.92,38.0,0.95,1.78,0.96,85.0,0.03,0.02,2354.286788,1776303577000
1776303579.023,279.023,0.04,74.58,0.03,106.0,0.06,10.0,0.07,15.0,0.93,20.0,0.92,43.0,0.96,85.0,0.97,160.0,0.02,0.03,2354.286788,1776303577000
1776303579.565,279.565,0.04,74.58,0.03,101.0,0.06,91.33,0.07,108.99,0.94,10.0,0.93,15.0,0.96,74.58,0.97,106.0,0.02,0.02,2354.244103,1776303578000
1776303579.893,279.893,0.04,53.12,0.03,101.0,0.06,107.33,0.07,108.99,0.94,92.33,0.93,108.99,0.96,43.12,0.97,101.0,0.02,0.02,2354.244103,1776303578000
1776303581.691,281.691,0.04,46.78,0.03,101.0,0.05,28.0,0.06,89.33,0.94,107.33,0.93,108.99,0.96,53.12,0.97,101.0,0.01,0.02,2354.198187,1776303580000
1776303582.011,282.011,0.04,46.78,0.03,101.0,0.05,78.0,0.06,84.33,0.95,28.0,0.94,89.33,0.96,46.78,0.97,101.0,0.01,0.01,2354.198187,1776303580000
1776303582.907,282.907,0.04,46.78,0.03,101.0,0.05,37.0,0.06,84.33,0.95,78.0,0.94,84.33,0.96,46.78,0.97,101.0,0.01,0.01,2354.196153,1776303581000
1776303584.291,284.291,0.04,16.78,0.03,101.0,0.05,33.26,0.06,84.33,0.95,37.0,0.94,84.33,0.96,46.78,0.97,101.0,0.01,0.01,2354.218526,1776303582000
1776303584.642,284.642,0.04,5.32,0.03,101.0,0.05,33.26,0.06,84.33,0.95,33.26,0.94,84.33,0.96,16.78,0.97,101.0,0.01,0.01,2354.198034,1776303583000
1776303585.061,285.061,0.03,101.0,0.02,195.0,0.05,43.26,0.06,84.33,0.95,33.26,0.94,84.33,0.96,5.32,0.97,101.0,0.02,0.01,2354.198034,1776303583000
1776303585.414,285.414,0.03,101.0,0.02,195.0,0.04,50.74,0.05,15.0,0.95,43.26,0.94,84.33,0.97,101.0,0.98,195.0,0.01,0.02,2354.216356,1776303584000
1776303586.288,286.288,0.03,66.6,0.02,195.0,0.04,66.2,0.05,15.0,0.96,50.2,0.95,15.0,0.97,68.15,0.98,195.0,0.01,0.01,2354.216356,1776303584000
1776303587.528,287.528,0.03,66.45,0.02,195.0,0.04,41.0,0.05,10.0,0.96,66.2,0.95,15.0,0.97,66.6,0.98,195.0,0.01,0.01,2354.20431,1776303586000
1776303588.863,288.863,0.03,55.1,0.02,195.0,0.04,51.0,0.05,10.0,0.96,41.0,0.95,10.0,0.97,66.45,0.98,195.0,0.01,0.01,2354.259165,1776303587000
1776303590.315,290.315,0.02,113.13,0.01,1832.14,0.04,46.0,0.05,100.99,0.96,51.0,0.95,10.0,0.97,18.13,0.98,195.0,0.02,0.01,2354.227571,1776303589000
1776303590.552,290.552,0.02,104.03,0.01,1832.14,0.03,20.0,0.04,53.0,0.96,46.0,0.95,100.99,0.98,113.13,0.99,1832.14,0.01,0.02,2354.227571,1776303589000
1776303590.926,290.926,0.02,103.97,0.01,1932.14,0.03,27.0,0.04,36.0,0.97,15.0,0.96,36.0,0.98,109.03,0.99,1932.14,0.01,0.01,2354.227571,1776303589000
1776303591.215,291.215,0.02,36.72,0.01,1932.14,0.03,27.0,0.04,29.0,0.97,27.0,0.96,29.0,0.98,52.95,0.99,1932.14,0.01,0.01,2354.227571,1776303589000
1776303592.135,292.135,0.02,34.16,0.01,1832.14,0.03,27.0,0.04,105.99,0.97,27.0,0.96,29.0,0.98,36.72,0.99,1932.14,0.01,0.01,2354.228969,1776303590000
1776303592.925,292.925,0.02,31.29,0.01,1726.14,0.03,22.0,0.04,134.99,0.97,27.0,0.96,105.99,0.98,34.16,0.99,1832.14,0.01,0.01,2354.212077,1776303591000
1776303593.332,293.332,0.02,26.18,0.01,1726.14,0.03,27.0,0.04,110.99,0.97,22.0,0.96,134.99,0.98,31.29,0.99,1726.14,0.01,0.01,2354.212077,1776303591000
1776303594.661,294.661,0.01,1561.94,,,0.03,59.13,0.04,5.0,0.97,95.99,0.96,73.86,0.98,3.95,0.99,1726.14,0.02,0.01,2354.212805,1776303593000
1776303594.977,294.977,0.01,1520.89,,,0.02,87.02,0.03,20.0,0.98,85.02,0.97,57.13,0.99,1532.01,,,0.01,0.01,2354.212805,1776303593000
1776303595.413,295.413,0.01,473.86,,,0.02,80.02,0.03,197.55,0.98,75.3,0.97,20.0,0.99,489.86,,,0.01,0.01,2354.212121,1776303594000
1776303595.638,295.638,0.01,442.81,,,0.02,190.0,0.03,66.29,0.98,185.0,0.97,66.29,0.99,454.81,,,0.01,0.01,2354.212121,1776303594000
1776303595.868,295.868,0.01,358.81,,,0.02,222.13,0.03,66.29,0.98,222.13,0.97,66.29,0.99,370.81,,,0.01,0.01,2354.212121,1776303594000
1776303597.811,297.811,,,,,0.01,4059.11,0.02,249.85,0.99,219.17,0.98,239.13,,,,,,,2353.945536,1776303596000

# RESULT,winner=Down,slug=eth-updown-5m-1776303300,ticks=249
