timestamp,elapsed_sec,up_bid_p1,up_bid_s1,up_bid_p2,up_bid_s2,up_ask_p1,up_ask_s1,up_ask_p2,up_ask_s2,down_bid_p1,down_bid_s1,down_bid_p2,down_bid_s2,down_ask_p1,down_ask_s1,down_ask_p2,down_ask_s2,up_spread,down_spread,eth_price,eth_oracle_ts
1776262501.017,1.017,0.4,38.0,0.39,54.74,0.6,38.0,0.61,34.0,0.4,38.0,0.39,34.0,0.6,38.0,0.61,34.0,0.2,0.2,2331.522599,1776262499000
1776262502.036,2.036,0.46,26.0,0.45,18.0,0.47,5.62,0.48,21.0,0.4,38.0,0.39,34.0,0.6,38.0,0.61,54.74,0.01,0.2,2333.482439,1776262501000
1776262502.544,2.544,0.46,10.0,0.43,5.0,0.47,37.4,0.48,41.0,0.53,5.62,0.52,21.0,0.54,26.0,0.55,18.0,0.01,0.01,2333.482439,1776262501000
1776262502.754,2.754,0.43,5.0,0.42,18.0,0.44,7.0,0.47,21.0,0.53,21.0,0.52,46.0,0.54,5.0,0.57,5.0,0.01,0.01,2333.482439,1776262501000
1776262503.109,3.109,0.43,27.0,0.42,18.0,0.44,0.78,0.46,27.0,0.56,7.0,0.53,21.0,0.57,5.0,0.58,18.0,0.01,0.01,2333.364876,1776262502000
1776262503.407,3.407,0.43,16.03,0.42,43.0,0.44,10.78,0.45,10.0,0.56,10.78,0.55,10.0,0.57,21.99,0.58,43.0,0.01,0.01,2333.364876,1776262502000
1776262503.653,3.653,0.43,136.89,0.42,148.0,0.44,10.78,0.45,10.0,0.56,10.78,0.55,10.0,0.57,16.03,0.58,43.0,0.01,0.01,2333.364876,1776262502000
1776262503.9,3.9,0.43,159.89,0.42,158.0,0.45,3.54,0.46,22.0,0.56,10.78,0.55,10.0,0.57,136.89,0.58,148.0,0.02,0.01,2333.364876,1776262502000
1776262504.207,4.207,0.43,141.89,0.42,169.0,0.44,2.1,0.45,10.0,0.56,7.1,0.55,10.0,0.57,141.89,0.58,169.0,0.01,0.01,2333.053147,1776262503000
1776262505.092,5.092,0.44,105.0,0.43,100.0,0.45,20.0,0.46,31.1,0.54,9.1,0.53,41.0,0.57,136.89,0.58,169.0,0.01,0.03,2333.053147,1776262503000
1776262506.425,6.425,0.44,96.72,0.43,115.0,0.45,15.0,0.46,170.0,0.55,20.0,0.54,31.1,0.56,105.0,0.57,100.0,0.01,0.01,2332.96286,1776262505000
1776262506.672,6.672,0.43,15.0,0.42,25.74,0.44,4.93,0.45,20.0,0.55,20.0,0.54,170.0,0.56,86.72,0.57,115.0,0.01,0.01,2332.96286,1776262505000
1776262507.116,7.116,0.43,2.0,0.42,5.0,0.44,10.0,0.45,125.72,0.55,15.72,0.54,170.0,0.57,5.0,0.58,25.74,0.01,0.02,2332.96286,1776262505000
1776262508.09,8.09,0.42,80.0,0.41,80.0,0.43,5.0,0.44,53.0,0.57,5.0,0.56,15.0,0.58,5.0,0.59,40.74,0.01,0.01,2332.818442,1776262507000
1776262508.316,8.316,0.42,75.0,0.41,75.0,0.43,14.76,0.44,58.0,0.57,14.76,0.56,58.0,0.58,75.0,0.59,75.0,0.01,0.01,2332.818442,1776262507000
1776262509.076,9.076,0.43,10.0,0.42,105.74,0.44,7.0,0.45,115.0,0.57,14.76,0.56,58.0,0.58,75.0,0.59,75.0,0.01,0.01,2332.655332,1776262508000
1776262509.57,9.57,0.43,63.24,0.42,75.0,0.44,83.0,0.45,105.0,0.56,7.0,0.55,115.0,0.57,10.0,0.58,105.74,0.01,0.01,2332.655332,1776262508000
1776262510.964,10.964,0.41,85.5,0.4,70.74,0.42,31.5,0.43,123.0,0.56,105.0,0.55,110.0,0.57,63.24,0.58,70.0,0.01,0.01,2332.626994,1776262509000
1776262511.608,11.608,0.4,75.74,0.39,145.5,0.42,124.5,0.43,138.5,0.58,25.61,0.57,138.5,0.59,80.5,0.6,70.74,0.02,0.01,2332.634047,1776262510000
1776262511.985,11.985,0.4,55.74,0.39,140.5,0.41,76.0,0.42,110.5,0.58,124.5,0.57,138.5,0.6,75.74,0.61,145.5,0.01,0.02,2332.634047,1776262510000
1776262512.19,12.19,0.39,161.24,0.38,115.0,0.41,118.0,0.42,110.5,0.59,76.0,0.58,110.5,0.6,19.96,0.61,140.5,0.02,0.01,2332.461497,1776262511000
1776262512.581,12.581,0.39,155.5,0.38,135.74,0.41,68.0,0.42,110.5,0.59,118.0,0.58,110.5,0.61,161.24,0.62,115.0,0.02,0.02,2332.461497,1776262511000
1776262513.275,13.275,0.45,7.27,0.44,25.5,0.46,36.5,0.47,80.0,0.59,68.0,0.58,110.5,0.61,155.5,0.62,135.74,0.01,0.02,2332.377325,1776262512000
1776262513.96,13.96,0.46,40.5,0.45,57.77,0.48,9.65,0.49,80.5,0.54,36.5,0.53,80.0,0.55,7.27,0.56,25.5,0.02,0.01,2332.377325,1776262512000
1776262514.206,14.206,0.47,35.0,0.46,101.24,0.49,80.0,0.5,188.96,0.52,9.65,0.51,80.5,0.54,40.5,0.55,57.77,0.02,0.02,2332.377325,1776262512000
1776262514.689,14.689,0.48,80.0,0.47,150.5,0.5,5.46,0.51,10.0,0.51,80.0,0.5,188.96,0.53,35.0,0.54,101.24,0.02,0.02,2332.38025,1776262513000
1776262515.026,15.026,0.51,9.9,0.5,20.0,0.52,5.35,0.53,15.0,0.48,5.35,0.47,15.0,0.49,15.0,0.5,20.0,0.01,0.01,2332.44427,1776262514000
1776262515.345,15.345,0.51,5.0,0.5,26.74,0.52,41.73,0.53,25.0,0.48,5.35,0.47,15.0,0.49,9.9,0.5,20.0,0.01,0.01,2332.44427,1776262514000
1776262515.908,15.908,0.5,130.62,0.49,135.84,0.51,5.0,0.52,25.0,0.48,100.96,0.47,135.5,0.49,5.0,0.5,39.74,0.01,0.01,2332.44427,1776262514000
1776262516.504,16.504,0.51,197.5,0.5,226.24,0.52,5.0,0.53,15.0,0.49,18.15,0.48,67.0,0.5,120.0,0.51,140.84,0.01,0.01,2333.200532,1776262515000
1776262517.032,17.032,0.51,191.5,0.5,256.24,0.52,39.0,0.53,36.0,0.48,5.0,0.47,15.0,0.49,197.5,0.5,226.24,0.01,0.01,2333.200532,1776262515000
1776262517.586,17.586,0.51,204.5,0.5,256.24,0.52,89.0,0.53,109.5,0.48,39.0,0.47,36.0,0.49,191.5,0.5,256.24,0.01,0.01,2333.528965,1776262516000
1776262518.004,18.004,0.51,254.5,0.5,256.24,0.53,15.0,0.54,25.5,0.48,89.0,0.47,109.5,0.49,204.5,0.5,256.24,0.02,0.01,2333.528965,1776262516000
1776262518.388,18.388,0.53,5.0,0.52,182.5,0.54,10.0,0.57,85.0,0.47,15.0,0.46,25.5,0.49,254.5,0.5,256.24,0.01,0.02,2333.528965,1776262516000
1776262518.68,18.68,0.56,24.5,0.55,32.5,0.58,1.55,0.59,55.0,0.43,80.0,0.41,55.0,0.47,202.83,0.48,184.5,0.02,0.04,2333.640846,1776262517000
1776262519.136,19.136,0.59,10.0,0.58,10.0,0.63,130.0,0.64,98.89,0.42,1.55,0.41,55.0,0.44,24.0,0.45,47.24,0.04,0.02,2333.698043,1776262518000
1776262519.42,19.42,0.62,10.0,0.61,10.0,0.63,175.97,0.64,103.89,0.37,127.0,0.36,98.89,0.41,10.0,0.42,10.0,0.01,0.04,2333.698043,1776262518000
1776262519.752,19.752,0.6,10.0,0.59,10.0,0.61,30.0,0.63,185.97,0.37,190.97,0.36,108.89,0.4,10.0,0.41,10.0,0.01,0.03,2333.698043,1776262518000
1776262520.315,20.315,0.6,15.0,0.59,10.0,0.61,124.23,0.62,65.5,0.39,30.0,0.37,185.97,0.4,10.0,0.41,10.0,0.01,0.01,2334.198714,1776262519000
1776262520.9,20.9,0.58,25.74,0.57,5.0,0.59,47.5,0.6,35.5,0.39,124.23,0.38,65.5,0.4,15.0,0.41,10.0,0.01,0.01,2334.198714,1776262519000
1776262521.158,21.158,0.58,5.0,0.57,5.0,0.59,35.55,0.6,35.5,0.41,47.5,0.4,35.5,0.42,25.74,0.43,5.0,0.01,0.01,2334.198714,1776262519000
1776262521.44,21.44,0.56,2.22,0.53,18.83,0.57,45.5,0.58,25.5,0.42,25.5,0.41,113.55,0.44,9.38,0.47,18.83,0.01,0.02,2334.198714,1776262519000
1776262521.714,21.714,0.53,18.83,0.52,10.0,0.54,12.59,0.55,10.0,0.46,8.64,0.43,151.46,0.47,18.83,0.48,10.0,0.01,0.01,2334.592135,1776262520000
1776262522.506,22.506,0.52,8.55,0.51,25.0,0.54,273.09,0.55,15.0,0.46,12.59,0.45,10.0,0.47,18.83,0.48,10.0,0.02,0.01,2334.518443,1776262521000
1776262522.935,22.935,0.46,90.0,0.45,132.0,0.47,24.43,0.48,15.0,0.5,134.44,0.49,10.0,0.53,10.0,0.54,135.0,0.01,0.03,2334.518443,1776262521000
1776262523.324,23.324,0.45,25.0,0.44,20.64,0.46,245.0,0.47,125.5,0.53,24.43,0.52,15.0,0.54,80.0,0.55,132.0,0.01,0.01,2333.88227,1776262522000
1776262523.578,23.578,0.44,13.05,0.43,50.0,0.45,10.0,0.46,266.32,0.54,253.32,0.53,125.5,0.55,25.0,0.56,20.64,0.01,0.01,2333.88227,1776262522000
1776262524.078,24.078,0.44,13.05,0.43,50.0,0.45,70.46,0.46,261.32,0.55,4.0,0.54,266.32,0.56,13.05,0.57,50.0,0.01,0.01,2333.88227,1776262522000
1776262524.602,24.602,0.44,13.05,0.43,50.0,0.45,48.5,0.46,266.32,0.55,70.46,0.54,261.32,0.56,13.05,0.57,50.0,0.01,0.01,2333.88227,1776262522000
1776262524.808,24.808,0.45,13.0,0.44,6.05,0.46,220.32,0.47,136.5,0.54,246.32,0.53,136.5,0.55,13.0,0.56,6.05,0.01,0.01,2333.88227,1776262522000
1776262526.766,26.766,0.44,8.37,0.43,50.0,0.45,234.49,0.46,308.0,0.54,220.32,0.53,136.5,0.55,13.0,0.56,6.05,0.01,0.01,2332.85484,1776262525000
1776262528.476,28.476,0.41,105.0,0.4,80.0,0.42,14.0,0.43,182.54,0.55,234.49,0.54,308.0,0.56,8.37,0.57,50.0,0.01,0.01,2332.630331,1776262527000
1776262530.602,30.602,0.41,47.0,0.4,5.0,0.42,160.46,0.43,248.58,0.58,14.0,0.57,182.54,0.59,105.0,0.6,80.0,0.01,0.01,2332.499811,1776262528000
1776262531.429,31.429,0.39,6.0,0.38,85.0,0.4,40.96,0.41,115.5,0.58,103.65,0.57,254.58,0.59,31.72,0.6,5.0,0.01,0.01,2332.496405,1776262530000
1776262531.864,31.864,0.39,16.0,0.38,35.0,0.4,30.96,0.41,123.5,0.6,50.96,0.59,115.5,0.61,6.0,0.62,85.0,0.01,0.01,2332.496405,1776262530000
1776262532.095,32.095,0.38,36.26,0.37,230.0,0.39,15.0,0.4,76.46,0.61,15.0,0.6,26.46,0.62,36.26,0.63,230.0,0.01,0.01,2332.498444,1776262531000
1776262532.446,32.446,0.38,31.26,0.37,230.0,0.39,25.5,0.4,76.46,0.61,15.0,0.6,76.46,0.62,36.26,0.63,230.0,0.01,0.01,2332.498444,1776262531000
1776262534.023,34.023,0.37,93.0,0.36,74.39,0.38,98.42,0.39,70.0,0.61,25.5,0.6,76.46,0.62,31.26,0.63,230.0,0.01,0.01,2332.2639,1776262532000
1776262534.453,34.453,0.37,101.39,0.36,84.39,0.39,5.0,0.4,65.0,0.62,98.42,0.61,70.0,0.63,93.0,0.64,74.39,0.02,0.01,2332.2639,1776262532000
1776262534.808,34.808,0.38,45.32,0.37,48.3,0.39,5.0,0.41,12.96,0.61,5.0,0.59,27.96,0.63,48.3,0.64,84.39,0.01,0.02,2332.062465,1776262533000
1776262535.03,35.03,0.39,54.81,0.38,10.0,0.41,8.1,0.42,45.67,0.58,45.67,0.57,10.0,0.6,1.66,0.61,30.22,0.02,0.02,2332.062465,1776262533000
1776262535.252,35.252,0.4,45.5,0.39,25.5,0.42,45.38,0.43,31.0,0.59,8.1,0.58,45.67,0.62,7.74,0.63,65.5,0.02,0.03,2332.062465,1776262534000
1776262535.671,35.671,0.41,22.41,0.4,78.39,0.42,45.38,0.43,41.5,0.58,45.38,0.57,56.0,0.6,46.39,0.61,25.5,0.01,0.02,2332.062465,1776262534000
1776262536.342,36.342,0.41,172.41,0.4,108.39,0.42,12.99,0.43,10.0,0.58,42.99,0.57,41.5,0.59,22.41,0.6,78.39,0.01,0.01,2331.99972,1776262535000
1776262537.826,37.826,0.45,106.5,0.44,70.5,0.46,69.59,0.47,141.46,0.57,22.03,0.56,64.5,0.59,172.41,0.6,108.39,0.01,0.02,2332.434365,1776262536000
1776262538.304,38.304,0.45,212.5,0.44,140.5,0.46,10.0,0.47,80.83,0.54,69.59,0.53,141.46,0.55,106.5,0.56,70.5,0.01,0.01,2332.434365,1776262536000
1776262538.634,38.634,0.47,31.0,0.46,55.5,0.48,14.0,0.49,81.0,0.53,80.83,0.52,69.0,0.55,207.5,0.56,140.5,0.01,0.02,2332.51332,1776262537000
1776262539.913,39.913,0.49,144.25,0.48,60.5,0.5,90.0,0.51,36.0,0.51,79.23,0.5,314.5,0.53,41.0,0.54,65.5,0.01,0.02,2332.650875,1776262538000
1776262543.783,43.783,0.5,281.5,0.49,360.5,0.52,50.0,0.53,50.0,0.5,90.0,0.49,36.0,0.51,144.25,0.52,60.5,0.02,0.01,2333.300695,1776262542000
1776262544.117,44.117,0.55,88.38,0.54,156.5,0.57,150.0,0.58,176.0,0.48,50.0,0.47,50.0,0.5,281.5,0.51,360.5,0.02,0.02,2333.300695,1776262542000
1776262544.676,44.676,0.58,2.26,0.57,10.0,0.59,57.19,0.6,80.0,0.43,130.0,0.42,176.0,0.44,15.0,0.45,78.38,0.01,0.01,2333.328354,1776262543000
1776262544.981,44.981,0.58,43.46,0.57,81.0,0.59,5.23,0.6,94.0,0.41,35.23,0.4,80.0,0.42,10.26,0.43,23.0,0.01,0.01,2333.328354,1776262543000
1776262545.282,45.282,0.58,48.46,0.57,86.0,0.59,2.15,0.6,115.0,0.41,5.23,0.4,94.0,0.42,43.46,0.43,81.0,0.01,0.01,2333.328354,1776262543000
1776262545.67,45.67,0.58,68.96,0.57,96.5,0.6,16.11,0.61,131.0,0.41,0.11,0.4,5.0,0.42,35.46,0.43,86.0,0.02,0.01,2333.594571,1776262544000
1776262546.24,46.24,0.59,23.0,0.58,7.26,0.6,25.0,0.61,64.0,0.39,129.71,0.38,161.0,0.41,10.0,0.42,105.96,0.01,0.02,2334.257987,1776262545000
1776262547.399,47.399,0.59,42.0,0.58,12.76,0.6,108.33,0.61,262.01,0.4,25.0,0.39,64.0,0.41,23.0,0.42,7.26,0.01,0.01,2334.50691,1776262546000
1776262548.197,48.197,0.58,6.66,0.57,10.0,0.59,5.0,0.6,169.5,0.4,108.33,0.39,262.01,0.41,42.0,0.42,12.76,0.01,0.01,2334.473503,1776262547000
1776262548.675,48.675,0.58,24.0,0.57,25.5,0.59,37.0,0.6,109.5,0.41,15.5,0.4,107.5,0.43,6.5,0.44,35.5,0.01,0.02,2334.473503,1776262547000
1776262550.155,50.155,0.56,10.0,0.54,30.0,0.57,9.91,0.58,50.0,0.41,37.0,0.4,109.5,0.42,24.0,0.43,25.5,0.01,0.01,2334.65799,1776262548000
1776262551.375,51.375,0.54,90.0,0.53,80.5,0.55,12.96,0.56,38.5,0.43,122.5,0.42,44.5,0.46,25.0,0.47,15.0,0.01,0.03,2334.394167,1776262550000
1776262553.622,53.622,0.56,5.45,0.55,75.5,0.57,13.0,0.58,60.0,0.45,12.96,0.44,38.5,0.46,90.0,0.47,80.5,0.01,0.01,2334.05502,1776262552000
1776262556.488,56.488,0.58,14.72,0.57,5.0,0.59,77.0,0.6,59.0,0.43,13.0,0.42,60.0,0.44,5.45,0.45,75.5,0.01,0.01,2334.247188,1776262555000
1776262556.788,56.788,0.58,9.6,0.54,30.0,0.59,96.0,0.6,74.5,0.41,77.0,0.4,59.0,0.42,14.72,0.43,5.0,0.01,0.01,2334.247188,1776262555000
1776262557.098,57.098,0.54,0.65,0.53,25.0,0.55,21.11,0.56,91.36,0.41,216.0,0.4,77.5,0.46,25.0,0.47,25.0,0.01,0.05,2334.247188,1776262555000
1776262558.811,58.811,0.51,43.25,0.5,25.5,0.53,5.0,0.55,10.0,0.45,21.11,0.44,91.36,0.46,0.65,0.47,25.0,0.02,0.01,2334.61285,1776262557000
1776262559.351,59.351,0.52,50.5,0.51,73.25,0.55,30.5,0.56,79.5,0.47,5.0,0.45,10.0,0.49,43.25,0.5,25.5,0.03,0.02,2333.759353,1776262558000
1776262559.973,59.973,0.54,144.82,0.53,175.5,0.55,55.0,0.56,78.5,0.45,28.68,0.44,84.5,0.46,10.0,0.47,20.0,0.01,0.01,2333.759353,1776262558000
1776262560.658,60.658,0.54,67.0,0.53,15.0,0.56,170.0,0.57,80.5,0.45,55.0,0.44,78.5,0.46,144.82,0.47,175.5,0.02,0.01,2333.759353,1776262558000
1776262560.859,60.859,0.55,15.0,0.54,25.0,0.56,225.0,0.57,90.5,0.44,170.0,0.43,80.5,0.46,42.0,0.47,15.0,0.01,0.02,2334.002975,1776262559000
1776262561.309,61.309,0.56,7.72,0.55,15.0,0.57,5.0,0.58,60.0,0.44,225.0,0.43,90.5,0.45,15.0,0.46,25.0,0.01,0.01,2334.002975,1776262559000
1776262561.609,61.609,0.56,49.72,0.55,25.0,0.57,7.0,0.58,67.0,0.43,5.0,0.42,60.0,0.44,7.72,0.45,15.0,0.01,0.01,2334.002975,1776262559000
1776262561.907,61.907,0.56,177.72,0.55,56.5,0.58,10.0,0.59,55.0,0.43,7.0,0.42,67.0,0.44,49.72,0.45,25.0,0.02,0.01,2333.915827,1776262560000
1776262562.402,62.402,0.57,10.0,0.56,17.72,0.59,108.0,0.6,119.0,0.42,10.0,0.41,55.0,0.44,177.72,0.45,56.5,0.02,0.02,2333.930815,1776262561000
1776262562.915,62.915,0.58,10.0,0.57,15.0,0.59,210.8,0.6,147.5,0.41,108.0,0.4,119.0,0.43,10.0,0.44,17.72,0.01,0.02,2333.930815,1776262561000
1776262563.468,63.468,0.58,29.85,0.57,190.5,0.59,50.98,0.6,111.5,0.41,119.8,0.4,137.5,0.42,7.85,0.43,20.0,0.01,0.01,2333.9433,1776262562000
1776262563.84,63.84,0.58,14.85,0.57,190.5,0.59,45.98,0.6,116.5,0.41,45.98,0.4,116.5,0.42,19.85,0.43,190.5,0.01,0.01,2333.9433,1776262562000
1776262564.611,64.611,0.59,207.5,0.58,325.35,0.6,45.0,0.61,20.0,0.41,42.98,0.4,116.5,0.42,14.85,0.43,190.5,0.01,0.01,2333.9433,1776262562000
1776262565.275,65.275,0.61,152.93,0.6,130.5,0.62,40.0,0.63,60.0,0.38,130.0,0.37,125.4,0.4,120.0,0.41,272.5,0.01,0.02,2334.227,1776262563000
1776262567.258,67.258,0.63,121.79,0.62,196.5,0.64,15.6,0.65,120.8,0.37,60.0,0.36,165.6,0.39,214.93,0.4,182.5,0.01,0.02,2334.347804,1776262565000
1776262567.537,67.537,0.63,126.79,0.62,199.5,0.64,14.03,0.65,120.8,0.36,15.6,0.35,120.8,0.37,121.79,0.38,196.5,0.01,0.01,2334.855503,1776262566000
1776262567.79,67.79,0.63,126.79,0.62,199.5,0.64,8.95,0.65,120.8,0.36,14.03,0.35,120.8,0.37,126.79,0.38,199.5,0.01,0.01,2334.855503,1776262566000
1776262568.114,68.114,0.63,81.79,0.62,199.5,0.64,57.38,0.65,120.8,0.36,8.95,0.35,120.8,0.37,126.79,0.38,199.5,0.01,0.01,2334.855503,1776262566000
1776262568.801,68.801,0.63,71.79,0.62,199.5,0.64,56.13,0.65,115.8,0.36,57.38,0.35,120.8,0.37,71.79,0.38,199.5,0.01,0.01,2334.855503,1776262566000
1776262569.045,69.045,0.63,15.0,0.62,20.0,0.64,50.93,0.65,126.8,0.36,45.67,0.35,131.3,0.37,46.29,0.38,89.0,0.01,0.01,2334.791964,1776262567000
1776262569.482,69.482,0.63,54.5,0.62,35.5,0.64,16.0,0.65,50.0,0.36,71.43,0.35,134.8,0.37,10.0,0.38,35.5,0.01,0.01,2334.791964,1776262567000
1776262569.834,69.834,0.63,176.52,0.62,30.5,0.64,6.0,0.65,50.0,0.36,16.0,0.35,50.0,0.37,54.5,0.38,35.5,0.01,0.01,2335.037676,1776262568000
1776262570.051,70.051,0.66,111.0,0.65,11.0,0.68,2.76,0.69,21.81,0.33,3.15,0.32,15.0,0.34,6.0,0.36,115.62,0.02,0.01,2335.037676,1776262568000
1776262570.312,70.312,0.69,10.0,0.68,35.0,0.7,1.9,0.72,25.0,0.3,31.9,0.29,50.0,0.33,60.0,0.34,108.0,0.01,0.03,2335.037676,1776262568000
1776262570.543,70.543,0.7,7.18,0.69,25.0,0.72,31.0,0.73,26.0,0.3,1.66,0.28,21.0,0.31,10.0,0.32,35.0,0.02,0.01,2335.037676,1776262568000
1776262570.838,70.838,0.7,9.18,0.69,10.0,0.71,15.0,0.72,42.0,0.28,52.0,0.27,104.0,0.3,16.18,0.31,46.0,0.01,0.02,2335.038685,1776262569000
1776262571.237,71.237,0.69,70.94,0.68,136.5,0.7,3.42,0.71,73.0,0.3,16.91,0.29,81.0,0.31,10.94,0.32,76.5,0.01,0.01,2335.038685,1776262569000
1776262571.499,71.499,0.7,20.0,0.69,20.94,0.71,149.77,0.72,134.5,0.29,66.59,0.28,58.5,0.3,5.0,0.31,89.94,0.01,0.01,2335.025065,1776262570000
1776262572.013,72.013,0.7,20.0,0.69,5.44,0.71,174.2,0.72,144.5,0.29,146.92,0.28,134.5,0.3,20.0,0.31,20.94,0.01,0.01,2335.025065,1776262570000
1776262572.265,72.265,0.7,5.0,0.69,5.44,0.71,174.2,0.72,224.34,0.29,174.2,0.28,144.5,0.3,20.0,0.31,5.44,0.01,0.01,2336.025095,1776262571000
1776262572.894,72.894,0.7,7.0,0.69,71.94,0.71,143.7,0.72,224.34,0.29,184.2,0.28,224.34,0.31,1.44,0.32,136.5,0.01,0.02,2336.025095,1776262571000
1776262573.21,73.21,0.7,41.0,0.69,71.94,0.71,67.29,0.72,213.34,0.29,117.55,0.28,234.34,0.3,24.0,0.31,81.94,0.01,0.01,2336.025095,1776262571000
1776262573.478,73.478,0.7,5.04,0.69,21.94,0.71,132.79,0.72,203.34,0.29,67.29,0.28,213.34,0.3,41.0,0.31,71.94,0.01,0.01,2336.025095,1776262571000
1776262573.742,73.742,0.7,3.08,0.69,31.94,0.71,104.79,0.72,203.34,0.29,144.79,0.28,203.34,0.3,3.08,0.31,21.94,0.01,0.01,2335.825437,1776262572000
1776262574.093,74.093,0.7,3.08,0.69,21.94,0.71,99.79,0.72,242.23,0.29,104.79,0.28,203.34,0.3,3.08,0.31,31.94,0.01,0.01,2335.825437,1776262572000
1776262574.435,74.435,0.7,3.08,0.69,21.94,0.71,52.79,0.72,141.39,0.29,99.79,0.28,242.23,0.3,3.08,0.31,21.94,0.01,0.01,2335.825437,1776262572000
1776262575.469,75.469,0.7,127.58,0.69,86.94,0.72,5.0,0.73,73.3,0.29,98.38,0.28,152.39,0.3,3.08,0.31,21.94,0.02,0.01,2335.730052,1776262574000
1776262575.808,75.808,0.74,25.5,0.73,25.5,0.75,48.34,0.76,110.7,0.28,5.0,0.27,73.3,0.3,127.58,0.31,86.94,0.01,0.02,2335.730052,1776262574000
1776262576.086,76.086,0.74,100.5,0.73,142.5,0.76,74.7,0.77,80.3,0.25,29.9,0.24,74.7,0.26,85.5,0.27,35.5,0.02,0.01,2335.730052,1776262574000
1776262576.503,76.503,0.75,102.5,0.74,80.5,0.76,79.04,0.77,80.3,0.24,74.7,0.23,80.3,0.26,100.5,0.27,142.5,0.01,0.02,2335.729837,1776262575000
1776262577.186,77.186,0.75,26.5,0.74,80.5,0.76,72.26,0.77,90.3,0.24,72.26,0.23,80.3,0.25,104.5,0.26,80.5,0.01,0.01,2335.729837,1776262575000
1776262578.502,78.502,0.78,32.5,0.77,40.5,0.79,47.94,0.8,98.5,0.24,72.26,0.23,90.3,0.25,20.5,0.26,90.5,0.01,0.01,2336.2414,1776262577000
1776262578.819,78.819,0.78,118.5,0.77,80.5,0.79,26.7,0.8,77.5,0.21,47.94,0.2,98.5,0.22,32.5,0.23,40.5,0.01,0.01,2336.2414,1776262577000
1776262579.171,79.171,0.78,198.54,0.77,300.5,0.79,21.7,0.8,27.5,0.21,26.7,0.2,77.5,0.22,118.5,0.23,80.5,0.01,0.01,2336.2414,1776262577000
1776262579.388,79.388,0.81,60.0,0.8,20.0,0.82,4.9,0.83,17.87,0.17,57.87,0.16,61.8,0.21,87.5,0.22,159.04,0.01,0.04,2336.2414,1776262577000
1776262579.79,79.79,0.82,91.5,0.81,159.5,0.83,21.66,0.84,26.8,0.18,4.9,0.17,17.87,0.19,60.0,0.2,20.0,0.01,0.01,2336.499522,1776262578000
1776262580.121,80.121,0.82,136.5,0.81,204.5,0.83,2.72,0.84,26.8,0.17,4.8,0.16,26.8,0.18,151.5,0.19,204.5,0.01,0.01,2336.510566,1776262579000
1776262580.368,80.368,0.83,33.94,0.82,106.5,0.84,14.48,0.85,143.2,0.16,9.48,0.15,143.2,0.18,136.5,0.19,183.5,0.01,0.02,2336.510566,1776262579000
1776262580.69,80.69,0.83,87.02,0.82,103.5,0.85,62.42,0.86,104.9,0.16,14.48,0.15,143.2,0.17,49.52,0.18,106.5,0.02,0.01,2336.510566,1776262579000
1776262581.341,81.341,0.84,118.5,0.83,67.02,0.85,8.47,0.86,25.0,0.15,62.42,0.14,104.9,0.17,87.02,0.18,103.5,0.01,0.02,2336.99516,1776262580000
1776262582.181,82.181,0.84,6.76,0.83,16.02,0.85,193.47,0.86,116.0,0.15,3.47,0.14,75.0,0.16,118.5,0.17,67.02,0.01,0.01,2336.99516,1776262580000
1776262582.734,82.734,0.83,25.02,0.82,30.0,0.85,5.0,0.86,195.96,0.16,91.24,0.15,108.47,0.17,16.02,0.18,30.0,0.02,0.01,2337.866186,1776262581000
1776262583.181,83.181,0.85,10.0,0.84,10.0,0.86,224.79,0.87,91.5,0.15,5.0,0.14,195.96,0.17,25.02,0.18,30.0,0.01,0.02,2338.048587,1776262582000
1776262583.521,83.521,0.85,10.0,0.84,10.0,0.86,17.5,0.87,81.0,0.14,224.79,0.13,91.5,0.15,10.0,0.16,10.0,0.01,0.01,2338.048587,1776262582000
1776262584.225,84.225,0.86,19.0,0.85,29.5,0.87,108.2,0.88,164.17,0.13,76.63,0.12,77.5,0.16,8.66,0.17,156.02,0.01,0.03,2337.854816,1776262583000
1776262584.698,84.698,0.86,10.86,0.85,96.5,0.87,157.2,0.88,188.27,0.13,108.2,0.12,164.17,0.14,19.0,0.15,29.5,0.01,0.01,2337.854816,1776262583000
1776262585.286,85.286,0.86,0.55,0.85,96.5,0.87,103.2,0.88,188.27,0.13,137.2,0.12,188.27,0.14,10.86,0.15,96.5,0.01,0.01,2337.854816,1776262583000
1776262585.676,85.676,0.86,0.55,0.85,19.0,0.87,108.2,0.88,149.6,0.13,103.2,0.12,188.27,0.14,0.55,0.15,96.5,0.01,0.01,2338.03321,1776262584000
1776262586.07,86.07,0.84,19.0,0.83,81.52,0.86,85.0,0.87,108.7,0.13,108.2,0.12,149.6,0.14,0.55,0.15,19.0,0.02,0.01,2338.03321,1776262584000
1776262586.36,86.36,0.84,5.0,0.83,21.02,0.85,107.17,0.86,85.5,0.15,105.0,0.14,80.5,0.16,11.0,0.17,81.52,0.01,0.01,2338.03321,1776262584000
1776262586.845,86.845,0.83,16.02,0.82,75.5,0.85,90.5,0.86,200.4,0.15,100.99,0.14,85.5,0.16,5.0,0.17,21.02,0.02,0.01,2338.411418,1776262585000
1776262588.518,88.518,0.85,286.0,0.84,215.86,0.86,10.0,0.87,81.8,0.15,90.5,0.14,200.4,0.16,0.14,0.17,16.02,0.01,0.01,2338.001094,1776262587000
1776262588.802,88.802,0.85,276.0,0.84,210.86,0.86,10.0,0.87,81.8,0.14,10.0,0.13,81.8,0.15,286.0,0.16,215.86,0.01,0.01,2338.001094,1776262587000
1776262589.659,89.659,0.85,8.0,0.84,26.36,0.86,20.0,0.87,81.8,0.14,10.0,0.13,81.8,0.15,276.0,0.16,210.86,0.01,0.01,2338.16101,1776262588000
1776262590.717,90.717,0.86,37.85,0.85,23.0,0.87,92.3,0.88,149.6,0.14,2.26,0.13,81.8,0.15,8.0,0.16,36.36,0.01,0.01,2338.413298,1776262589000
1776262592.298,92.298,0.86,25.0,0.85,63.0,0.87,35.5,0.88,164.6,0.13,92.3,0.12,149.6,0.14,37.85,0.15,23.0,0.01,0.01,2338.53576,1776262591000
1776262593.05,93.05,0.86,25.0,0.85,63.0,0.87,77.85,0.88,164.6,0.13,35.5,0.12,164.6,0.14,25.0,0.15,63.0,0.01,0.01,2338.53576,1776262591000
1776262593.946,93.946,0.86,359.64,0.85,77.23,0.87,67.56,0.88,194.6,0.13,72.85,0.12,164.6,0.14,15.0,0.15,63.0,0.01,0.01,2338.5974,1776262592000
1776262595.581,95.581,0.86,25.0,0.85,73.0,0.87,89.5,0.88,177.6,0.13,67.56,0.12,194.6,0.14,359.64,0.15,77.23,0.01,0.01,2338.45725,1776262594000
1776262595.963,95.963,0.85,64.5,0.84,142.86,0.87,24.0,0.88,172.6,0.13,94.5,0.12,202.6,0.14,16.11,0.15,23.0,0.02,0.01,2338.45725,1776262594000
1776262596.298,96.298,0.85,83.0,0.84,142.86,0.87,27.88,0.88,182.6,0.14,4.18,0.13,29.5,0.15,51.0,0.16,142.86,0.02,0.01,2338.45725,1776262594000
1776262596.619,96.619,0.85,43.0,0.84,127.36,0.87,17.76,0.88,182.6,0.13,27.88,0.12,182.6,0.15,83.0,0.16,142.86,0.02,0.02,2338.336123,1776262595000
1776262597.05,97.05,0.85,336.44,0.84,137.86,0.87,9.0,0.88,162.1,0.13,17.76,0.12,182.6,0.15,43.0,0.16,127.36,0.02,0.02,2338.336123,1776262595000
1776262597.647,97.647,0.86,94.5,0.85,170.5,0.87,1.35,0.88,117.1,0.13,9.0,0.12,162.1,0.15,336.44,0.16,137.86,0.01,0.02,2338.430218,1776262596000
1776262600.192,100.192,0.84,461.72,0.83,163.78,0.85,24.64,0.86,30.5,0.12,117.1,0.11,85.0,0.14,280.5,0.15,170.5,0.01,0.02,2338.9503,1776262598000
1776262600.725,100.725,0.85,30.0,0.84,91.36,0.86,15.5,0.87,86.5,0.15,24.64,0.14,30.5,0.16,461.72,0.17,163.78,0.01,0.01,2338.8526,1776262599000
1776262600.934,100.934,0.85,20.0,0.84,96.36,0.86,82.76,0.87,141.5,0.14,90.5,0.13,141.5,0.15,20.0,0.16,46.36,0.01,0.01,2338.8526,1776262599000
1776262602.567,102.567,0.84,191.84,0.83,152.52,0.86,25.0,0.87,36.5,0.15,20.0,0.14,84.79,0.16,37.59,0.17,190.34,0.02,0.01,2338.333799,1776262601000
1776262603.272,103.272,0.85,59.25,0.84,115.84,0.86,25.0,0.87,26.0,0.14,25.0,0.13,36.5,0.16,191.84,0.17,152.52,0.01,0.02,2338.333799,1776262601000
1776262603.627,103.627,0.85,50.14,0.84,116.84,0.86,25.0,0.87,26.0,0.14,25.0,0.13,26.0,0.15,59.25,0.16,115.84,0.01,0.01,2338.140611,1776262602000
1776262604.801,104.801,0.86,94.5,0.85,89.64,0.87,12.35,0.88,73.5,0.14,25.0,0.13,26.0,0.15,50.14,0.16,116.84,0.01,0.01,2338.195455,1776262603000
1776262605.369,105.369,0.85,28.22,0.84,112.84,0.87,17.35,0.88,73.5,0.13,12.35,0.12,73.5,0.14,94.5,0.15,89.64,0.02,0.01,2338.346568,1776262604000
1776262605.646,105.646,0.86,121.85,0.85,52.22,0.87,17.35,0.88,73.5,0.13,17.35,0.12,73.5,0.15,28.22,0.16,112.84,0.01,0.02,2338.346568,1776262604000
1776262606.484,106.484,0.87,782.37,0.86,379.35,0.88,16.46,0.89,100.0,0.13,17.35,0.12,73.5,0.14,121.85,0.15,52.22,0.01,0.01,2338.686215,1776262605000
1776262608.122,108.122,0.87,175.0,0.86,185.35,0.88,2.42,0.89,170.5,0.12,16.46,0.11,100.0,0.13,782.37,0.14,379.35,0.01,0.01,2338.65119,1776262606000
1776262609.805,109.805,0.87,894.68,0.86,217.12,0.88,62.92,0.89,212.5,0.12,2.42,0.11,170.5,0.13,175.0,0.14,185.35,0.01,0.01,2339.33114,1776262608000
1776262611.171,111.171,0.87,96.0,0.86,121.0,0.88,6.64,0.89,205.5,0.12,61.78,0.11,212.5,0.13,894.68,0.14,217.12,0.01,0.01,2338.885034,1776262610000
1776262611.455,111.455,0.87,13.0,0.86,126.0,0.88,54.08,0.89,205.5,0.12,6.64,0.11,205.5,0.13,96.0,0.14,121.0,0.01,0.01,2338.885034,1776262610000
1776262613.104,113.104,0.87,7.0,0.86,40.0,0.88,64.08,0.89,237.5,0.12,54.08,0.11,205.5,0.13,13.0,0.14,126.0,0.01,0.01,2338.581169,1776262611000
1776262614.785,114.785,0.87,7.0,0.86,45.0,0.88,77.44,0.89,230.5,0.12,64.08,0.11,237.5,0.13,7.0,0.14,40.0,0.01,0.01,2338.597641,1776262613000
1776262617.436,117.436,0.87,245.5,0.86,214.5,0.89,120.5,0.9,293.0,0.12,77.44,0.11,230.5,0.13,7.0,0.14,45.0,0.02,0.01,2338.304645,1776262616000
1776262619.036,119.036,0.87,28.0,0.86,142.0,0.89,99.5,0.9,127.0,0.11,120.5,0.1,293.0,0.13,245.5,0.14,214.5,0.02,0.02,2338.358302,1776262617000
1776262619.256,119.256,0.88,5.0,0.87,28.0,0.89,28.0,0.9,114.21,0.1,114.21,0.09,226.0,0.12,5.0,0.13,23.0,0.01,0.02,2338.65171,1776262618000
1776262619.575,119.575,0.88,20.47,0.87,78.0,0.89,55.0,0.9,139.21,0.11,28.0,0.1,114.21,0.12,5.0,0.13,28.0,0.01,0.01,2338.65171,1776262618000
1776262619.813,119.813,0.88,25.47,0.87,88.0,0.89,78.02,0.9,114.21,0.11,55.0,0.1,139.21,0.12,20.47,0.13,78.0,0.01,0.01,2338.65171,1776262618000
1776262620.679,120.679,0.87,2.0,0.86,157.0,0.89,152.5,0.9,190.21,0.11,78.02,0.1,114.21,0.12,25.47,0.13,88.0,0.02,0.01,2338.56705,1776262619000
1776262620.935,120.935,0.86,115.0,0.85,111.5,0.87,36.31,0.88,58.5,0.13,5.45,0.12,22.0,0.14,157.0,0.15,106.5,0.01,0.01,2338.56705,1776262619000
1776262621.185,121.185,0.86,115.0,0.85,106.5,0.87,35.9,0.88,143.5,0.13,36.31,0.12,58.5,0.14,115.0,0.15,111.5,0.01,0.01,2338.56705,1776262619000
1776262621.392,121.392,0.86,137.0,0.85,202.74,0.87,80.84,0.88,128.0,0.13,35.9,0.12,143.5,0.14,115.0,0.15,106.5,0.01,0.01,2338.356666,1776262620000
1776262621.774,121.774,0.87,74.0,0.86,180.5,0.88,12.14,0.89,81.0,0.12,59.14,0.11,112.5,0.14,163.0,0.15,214.74,0.01,0.02,2338.356666,1776262620000
1776262622.511,122.511,0.87,82.0,0.86,195.5,0.88,23.86,0.89,50.0,0.12,14.0,0.11,71.32,0.13,40.0,0.14,170.0,0.01,0.01,2338.369102,1776262621000
1776262623.942,123.942,0.9,132.0,0.89,198.5,0.91,1.82,0.92,86.0,0.12,23.86,0.11,50.0,0.13,82.0,0.14,195.5,0.01,0.01,2338.236407,1776262622000
1776262624.383,124.383,0.9,119.0,0.89,188.0,0.92,103.71,0.93,268.0,0.09,1.82,0.08,86.0,0.1,132.0,0.11,198.5,0.02,0.01,2338.195161,1776262623000
1776262624.722,124.722,0.91,166.5,0.9,80.0,0.92,103.71,0.93,268.0,0.08,103.71,0.07,268.0,0.1,119.0,0.11,188.0,0.01,0.02,2338.195161,1776262623000
1776262625.075,125.075,0.91,6.49,0.9,80.0,0.92,163.71,0.93,268.0,0.08,163.71,0.07,268.0,0.09,54.49,0.1,80.0,0.01,0.01,2338.381545,1776262624000
1776262625.826,125.826,0.91,60.37,0.9,90.0,0.92,39.71,0.93,262.0,0.08,163.71,0.07,268.0,0.09,6.49,0.1,80.0,0.01,0.01,2338.381545,1776262624000
1776262626.56,126.56,0.9,246.99,0.89,370.5,0.93,110.0,0.94,240.0,0.08,28.35,0.07,262.0,0.09,65.37,0.1,111.0,0.03,0.01,2338.948485,1776262625000
1776262627.474,127.474,0.92,180.0,0.91,262.5,0.94,190.0,0.95,230.0,0.07,110.0,0.06,240.0,0.1,246.99,0.11,370.5,0.02,0.03,2338.839364,1776262626000
1776262628.13,128.13,0.93,67.14,0.92,81.0,0.94,145.0,0.95,213.0,0.06,190.0,0.05,230.0,0.08,180.0,0.09,262.5,0.01,0.02,2338.839364,1776262626000
1776262629.324,129.324,0.91,20.0,0.9,140.99,0.94,198.0,0.95,550.99,0.06,195.0,0.05,213.0,0.07,27.85,0.08,81.0,0.03,0.01,2339.394204,1776262628000
1776262629.644,129.644,0.91,15.0,0.9,115.99,0.92,73.0,0.93,79.0,0.06,198.0,0.05,550.99,0.09,20.0,0.1,140.99,0.01,0.03,2339.394204,1776262628000
1776262630.21,130.21,0.91,35.5,0.9,236.99,0.92,44.19,0.93,70.0,0.08,73.0,0.07,79.0,0.09,15.0,0.1,115.99,0.01,0.01,2339.764427,1776262629000
1776262630.666,130.666,0.91,10.0,0.9,94.99,0.92,60.12,0.93,81.0,0.08,44.19,0.07,70.0,0.09,35.5,0.1,236.99,0.01,0.01,2339.764427,1776262629000
1776262631.289,131.289,0.91,115.0,0.9,225.99,0.92,46.69,0.93,81.0,0.08,60.12,0.07,81.0,0.09,10.0,0.1,94.99,0.01,0.01,2339.764427,1776262629000
1776262631.58,131.58,0.91,160.0,0.9,225.99,0.92,24.0,0.93,81.0,0.08,46.69,0.07,81.0,0.09,115.0,0.1,225.99,0.01,0.01,2339.549835,1776262630000
1776262631.959,131.959,0.91,35.0,0.9,190.99,0.92,85.0,0.93,120.0,0.08,24.0,0.07,81.0,0.09,160.0,0.1,225.99,0.01,0.01,2339.549835,1776262630000
1776262634.453,134.453,0.93,177.51,0.92,308.5,0.94,15.0,0.95,90.0,0.08,85.0,0.07,120.0,0.09,35.0,0.1,190.99,0.01,0.01,2339.31344,1776262633000
1776262635.653,135.653,0.94,15.63,0.93,177.51,0.95,104.47,0.96,175.0,0.05,90.0,0.04,175.0,0.07,177.51,0.08,338.5,0.01,0.02,2339.389363,1776262634000
1776262635.911,135.911,0.94,27.63,0.93,182.51,0.95,78.41,0.96,175.0,0.05,104.47,0.04,175.0,0.06,15.63,0.07,177.51,0.01,0.01,2339.389363,1776262634000
1776262637.99,137.99,0.94,257.82,0.93,319.31,0.95,20.0,0.96,65.0,0.05,78.41,0.04,175.0,0.06,27.63,0.07,182.51,0.01,0.01,2340.25166,1776262636000
1776262638.317,138.317,0.94,271.82,0.93,289.31,0.95,18.94,0.96,65.0,0.05,20.0,0.04,65.0,0.06,257.82,0.07,319.31,0.01,0.01,2340.351427,1776262637000
1776262638.677,138.677,0.94,401.62,0.93,289.31,0.95,5.6,0.96,65.0,0.05,12.6,0.04,65.0,0.06,335.62,0.07,319.31,0.01,0.01,2340.351427,1776262637000
1776262638.882,138.882,0.94,340.62,0.93,284.31,0.96,58.6,0.97,349.0,0.05,0.6,0.04,15.0,0.06,345.62,0.07,294.31,0.02,0.01,2340.351427,1776262637000
1776262639.257,139.257,0.96,45.0,0.95,331.96,0.97,333.0,0.98,759.7,0.04,58.6,0.03,349.0,0.05,5.33,0.06,343.62,0.01,0.01,2340.84583,1776262638000
1776262639.708,139.708,0.96,446.0,0.95,382.39,0.97,281.96,0.98,448.0,0.03,333.0,0.02,759.7,0.04,45.0,0.05,331.96,0.01,0.01,2340.84583,1776262638000
1776262639.913,139.913,0.96,563.08,0.95,412.39,0.97,144.01,0.98,392.0,0.03,149.01,0.02,398.0,0.04,516.0,0.05,382.39,0.01,0.01,2340.84583,1776262638000
1776262640.634,140.634,0.96,616.88,0.95,363.38,0.97,8.61,0.98,398.0,0.03,9.65,0.02,392.0,0.04,595.08,0.05,507.39,0.01,0.01,2340.84583,1776262638000
1776262641.429,141.429,0.97,449.65,0.96,550.88,0.98,439.4,0.99,3507.6,0.02,395.4,0.01,3307.6,0.04,616.88,0.05,363.38,0.01,0.02,2341.57974,1776262640000
1776262641.647,141.647,0.97,440.96,0.96,550.88,0.98,435.28,0.99,3507.6,0.02,436.31,0.01,3507.6,0.03,444.65,0.04,550.88,0.01,0.01,2341.57974,1776262640000
1776262641.888,141.888,0.97,473.96,0.96,550.88,0.98,433.1,0.99,3557.6,0.02,432.19,0.01,3557.6,0.03,473.96,0.04,550.88,0.01,0.01,2341.57974,1776262640000
1776262642.324,142.324,0.97,494.96,0.96,550.88,0.98,737.04,0.99,3557.6,0.02,431.04,0.01,3557.6,0.03,478.96,0.04,550.88,0.01,0.01,2343.285716,1776262641000
1776262643.01,143.01,0.97,514.96,0.96,545.78,0.98,729.04,0.99,3577.6,0.02,737.04,0.01,3557.6,0.03,494.96,0.04,550.88,0.01,0.01,2343.285716,1776262641000
1776262643.431,143.431,0.97,514.96,0.96,441.78,0.98,1004.04,0.99,3555.6,0.02,729.04,0.01,3577.6,0.03,514.96,0.04,545.78,0.01,0.01,2343.05836,1776262642000
1776262643.743,143.743,0.97,514.96,0.96,391.78,0.98,904.83,0.99,3562.6,0.02,1004.04,0.01,3555.6,0.03,514.96,0.04,441.78,0.01,0.01,2343.05836,1776262642000
1776262644.082,144.082,0.97,509.96,0.96,291.78,0.98,894.83,0.99,3555.6,0.02,904.83,0.01,3562.6,0.03,514.96,0.04,391.78,0.01,0.01,2342.827878,1776262643000
1776262644.282,144.282,0.97,624.32,0.96,341.78,0.98,685.74,0.99,3514.6,0.02,889.83,0.01,3544.6,0.03,481.62,0.04,341.78,0.01,0.01,2342.827878,1776262643000
1776262644.517,144.517,0.97,603.01,0.96,341.78,0.98,1.0,0.99,3314.6,0.02,685.74,0.01,3514.6,0.03,624.32,0.04,341.78,0.01,0.01,2342.827878,1776262643000
1776262645.139,145.139,0.98,217.89,0.97,589.01,0.99,3542.56,,,0.01,3510.58,,,0.03,608.01,0.04,341.78,0.01,0.02,2342.686383,1776262644000
1776262645.917,145.917,0.98,97.89,0.97,529.31,0.99,3374.52,,,0.01,3514.52,,,0.02,217.89,0.03,594.01,0.01,0.01,2342.686383,1776262644000
1776262646.201,146.201,0.97,519.31,0.96,235.78,0.98,10.13,0.99,3324.52,0.01,3329.52,,,0.03,529.31,0.04,235.78,0.01,0.02,2342.737837,1776262645000
1776262646.475,146.475,0.97,442.31,0.96,241.78,0.98,7.05,0.99,3324.52,0.02,8.59,0.01,3358.52,0.03,519.31,0.04,241.78,0.01,0.01,2342.737837,1776262645000
1776262646.849,146.849,0.98,92.95,0.97,469.31,0.99,3330.66,,,0.02,7.05,0.01,3324.52,0.03,442.31,0.04,241.78,0.01,0.01,2342.737837,1776262645000
1776262647.175,147.175,0.97,464.31,0.96,241.78,0.99,2805.92,,,0.02,186.85,0.01,2900.92,0.03,464.31,0.04,241.78,0.02,0.01,2342.737837,1776262645000
1776262647.465,147.465,0.97,705.01,0.96,251.78,0.99,2645.86,,,0.02,190.0,0.01,2805.92,0.03,460.31,0.04,241.78,0.02,0.01,2342.92116,1776262646000
1776262648.42,148.42,0.97,702.01,0.96,276.78,0.98,69.74,0.99,3114.46,0.01,3059.46,,,0.02,41.95,0.03,690.01,0.01,0.01,2342.607615,1776262647000
1776262649.728,149.728,0.97,717.01,0.96,251.78,0.98,2.96,0.99,2685.86,0.02,68.71,0.01,3109.46,0.03,702.01,0.04,276.78,0.01,0.01,2343.626565,1776262648000
1776262650.315,150.315,0.98,255.7,0.97,715.01,0.99,2627.66,,,0.01,2678.68,,,0.03,746.01,0.04,251.78,0.01,0.02,2343.544637,1776262649000
1776262650.582,150.582,0.98,245.7,0.97,715.01,0.99,2255.22,,,0.01,2111.64,,,0.02,250.7,0.03,715.01,0.01,0.01,2343.544637,1776262649000
1776262651.007,151.007,0.98,51.58,0.97,715.01,0.99,2108.56,,,0.01,2249.16,,,0.02,245.7,0.03,715.01,0.01,0.01,2343.544637,1776262649000
1776262651.324,151.324,0.98,51.58,0.97,715.01,0.99,1755.56,,,0.01,2103.56,,,0.02,51.58,0.03,715.01,0.01,0.01,2343.544637,1776262649000
1776262651.627,151.627,0.98,72.0,0.97,720.01,0.99,1910.11,,,0.01,1753.54,,,0.02,51.58,0.03,715.01,0.01,0.01,2343.45543,1776262650000
1776262651.89,151.89,0.98,141.0,0.97,615.01,0.99,2013.79,,,0.01,1825.11,,,0.02,186.0,0.03,620.01,0.01,0.01,2343.457051,1776262651000
1776262652.189,152.189,0.98,22.0,0.97,615.01,0.99,1384.47,,,0.01,1339.47,,,0.02,22.0,0.03,615.01,0.01,0.01,2343.457051,1776262651000
1776262652.544,152.544,0.98,7.0,0.97,615.01,0.99,1333.53,,,0.01,1387.47,,,0.02,12.0,0.03,615.01,0.01,0.01,2343.457051,1776262651000
1776262652.901,152.901,0.98,16.4,0.97,615.01,0.99,1320.53,,,0.01,1315.53,,,0.02,107.0,0.03,615.01,0.01,0.01,2343.622962,1776262652000
1776262653.273,153.273,0.98,9.4,0.97,622.01,0.99,1658.93,,,0.01,1320.53,,,0.02,16.4,0.03,615.01,0.01,0.01,2343.622962,1776262652000
1776262653.892,153.892,0.97,851.01,0.96,239.28,0.98,8.97,0.99,1658.93,0.02,181.3,0.01,1663.93,0.03,622.01,0.04,239.28,0.01,0.01,2343.622962,1776262652000
1776262654.264,154.264,0.97,838.01,0.96,239.28,0.98,111.87,0.99,1501.93,0.02,3.87,0.01,1658.93,0.03,851.01,0.04,239.28,0.01,0.01,2343.622962,1776262652000
1776262654.699,154.699,0.97,780.84,0.96,257.28,0.98,125.51,0.99,1553.93,0.02,111.81,0.01,1506.93,0.03,838.01,0.04,239.28,0.01,0.01,2343.569106,1776262653000
1776262655.048,155.048,0.97,944.54,0.96,257.28,0.98,19.62,0.99,1620.93,0.02,128.32,0.01,1553.93,0.03,720.84,0.04,257.28,0.01,0.01,2343.569106,1776262653000
1776262655.287,155.287,0.97,929.54,0.96,257.28,0.98,21.39,0.99,1620.93,0.02,26.39,0.01,1620.93,0.03,934.54,0.04,257.28,0.01,0.01,2343.113713,1776262654000
1776262655.586,155.586,0.97,924.54,0.96,257.28,0.98,73.32,0.99,1668.93,0.02,21.39,0.01,1620.93,0.03,929.54,0.04,257.28,0.01,0.01,2343.113713,1776262654000
1776262656.812,156.812,0.97,1016.54,0.96,244.28,0.98,118.94,0.99,1506.93,0.02,73.32,0.01,1668.93,0.03,924.54,0.04,257.28,0.01,0.01,2342.636873,1776262655000
1776262659.245,159.245,0.97,824.84,0.96,262.28,0.98,115.0,0.99,1603.93,0.02,118.94,0.01,1506.93,0.03,1016.54,0.04,244.28,0.01,0.01,2341.878874,1776262657000
1776262659.524,159.524,0.97,1139.54,0.96,256.28,0.98,75.0,0.99,1540.93,0.02,115.0,0.01,1603.93,0.03,824.84,0.04,262.28,0.01,0.01,2341.878874,1776262657000
1776262660.081,160.081,0.97,1039.54,0.96,256.28,0.98,181.96,0.99,1578.93,0.02,70.0,0.01,1540.93,0.03,1139.54,0.04,256.28,0.01,0.01,2342.231902,1776262658000
1776262660.312,160.312,0.97,1034.54,0.96,256.28,0.98,180.93,0.99,1578.93,0.02,181.96,0.01,1578.93,0.03,1039.54,0.04,256.28,0.01,0.01,2342.231902,1776262658000
1776262663.002,163.002,0.97,790.84,0.96,291.28,0.98,120.0,0.99,1703.93,0.02,180.93,0.01,1578.93,0.03,1034.54,0.04,256.28,0.01,0.01,2342.004044,1776262661000
1776262663.655,163.655,0.97,770.84,0.96,98.58,0.98,258.7,0.99,1778.93,0.02,115.0,0.01,1703.93,0.03,780.84,0.04,291.28,0.01,0.01,2342.036384,1776262662000
1776262664.156,164.156,0.97,720.84,0.96,69.08,0.98,345.7,0.99,1778.93,0.02,258.7,0.01,1778.93,0.03,770.84,0.04,98.58,0.01,0.01,2342.01195,1776262663000
1776262665.921,165.921,0.97,715.53,0.96,69.08,0.98,18.92,0.99,1872.93,0.02,345.7,0.01,1778.93,0.03,720.84,0.04,69.08,0.01,0.01,2341.254582,1776262664000
1776262666.317,166.317,0.97,710.53,0.96,69.08,0.98,68.81,0.99,1878.93,0.02,18.92,0.01,1872.93,0.03,715.53,0.04,69.08,0.01,0.01,2341.1722,1776262665000
1776262667.213,167.213,0.97,597.29,0.96,69.08,0.98,73.81,0.99,1878.93,0.02,68.81,0.01,1878.93,0.03,708.23,0.04,69.08,0.01,0.01,2341.1722,1776262665000
1776262667.705,167.705,0.97,562.29,0.96,69.08,0.98,189.98,0.99,1611.93,0.02,73.81,0.01,1878.93,0.03,597.29,0.04,69.08,0.01,0.01,2340.810735,1776262666000
1776262668.334,168.334,0.97,0.29,0.96,69.08,0.98,139.98,0.99,1616.93,0.02,189.98,0.01,1616.93,0.03,519.29,0.04,69.08,0.01,0.01,2340.810735,1776262666000
1776262668.725,168.725,0.96,184.08,0.95,130.76,0.97,71.69,0.98,103.81,0.02,139.98,0.01,1511.93,0.04,69.08,0.05,130.76,0.01,0.02,2340.733605,1776262667000
1776262669.498,169.498,0.97,95.5,0.96,208.58,0.98,292.17,0.99,3084.33,0.02,194.81,0.01,1501.93,0.03,40.31,0.04,216.58,0.01,0.01,2340.6415,1776262668000
1776262673.345,173.345,0.97,24.86,0.96,77.58,0.98,186.17,0.99,1498.33,0.02,292.17,0.01,3084.33,0.03,95.5,0.04,208.58,0.01,0.01,2340.658068,1776262672000
1776262674.014,174.014,0.96,46.88,0.95,130.76,0.98,131.17,0.99,1861.93,0.02,186.17,0.01,1498.33,0.03,24.86,0.04,77.58,0.02,0.01,2340.658068,1776262672000
1776262674.368,174.368,0.95,111.58,0.94,187.5,0.97,60.0,0.98,62.5,0.02,113.67,0.01,1861.93,0.04,46.88,0.05,130.76,0.02,0.02,2340.405319,1776262673000
1776262674.972,174.972,0.95,116.58,0.94,137.5,0.96,110.42,0.97,10.0,0.03,60.0,0.02,62.5,0.05,111.58,0.06,187.5,0.01,0.02,2340.405319,1776262673000
1776262675.227,175.227,0.95,176.58,0.94,137.5,0.96,62.64,0.97,45.0,0.04,65.74,0.03,10.0,0.05,176.58,0.06,137.5,0.01,0.01,2340.405319,1776262673000
1776262676.41,176.41,0.95,120.43,0.94,278.3,0.96,77.89,0.97,120.0,0.04,62.64,0.03,45.0,0.05,176.58,0.06,137.5,0.01,0.01,2340.273549,1776262675000
1776262676.692,176.692,0.95,120.43,0.94,278.3,0.96,51.64,0.97,95.0,0.04,77.89,0.03,120.0,0.05,120.43,0.06,278.3,0.01,0.01,2340.273549,1776262675000
1776262677.684,177.684,0.95,96.43,0.94,251.3,0.96,32.94,0.97,103.45,0.04,51.64,0.03,95.0,0.05,120.43,0.06,278.3,0.01,0.01,2340.187875,1776262676000
1776262678.526,178.526,0.95,96.43,0.94,137.5,0.96,62.94,0.97,128.45,0.04,32.94,0.03,103.45,0.05,96.43,0.06,251.3,0.01,0.01,2340.138585,1776262677000
1776262678.867,178.867,0.95,96.43,0.94,137.5,0.96,60.33,0.97,128.45,0.04,62.94,0.03,128.45,0.05,96.43,0.06,137.5,0.01,0.01,2340.138585,1776262677000
1776262680.3,180.3,0.95,125.43,0.94,251.3,0.96,9.03,0.97,103.45,0.04,60.33,0.03,128.45,0.05,96.43,0.06,137.5,0.01,0.01,2339.910466,1776262679000
1776262680.845,180.845,0.95,142.43,0.94,251.3,0.96,1.74,0.97,103.45,0.04,3.82,0.03,103.45,0.05,149.43,0.06,251.3,0.01,0.01,2339.910466,1776262679000
1776262681.138,181.138,0.95,117.43,0.94,287.92,0.96,1.74,0.97,103.45,0.04,1.74,0.03,103.45,0.05,142.43,0.06,251.3,0.01,0.01,2339.910466,1776262679000
1776262681.572,181.572,0.95,50.43,0.94,292.92,0.97,114.84,0.98,165.5,0.04,1.74,0.03,103.45,0.05,103.43,0.06,287.92,0.02,0.01,2339.910466,1776262679000
1776262681.899,181.899,0.95,40.43,0.94,287.92,0.97,101.15,0.98,465.5,0.03,114.84,0.02,165.5,0.05,50.43,0.06,292.92,0.02,0.02,2339.879057,1776262680000
1776262682.213,182.213,0.96,5.0,0.95,48.43,0.97,92.7,0.98,168.5,0.03,101.15,0.02,465.5,0.05,40.43,0.06,287.92,0.01,0.02,2339.879057,1776262680000
1776262682.567,182.567,0.96,79.68,0.95,48.43,0.97,96.31,0.98,163.5,0.03,92.7,0.02,168.5,0.04,5.0,0.05,48.43,0.01,0.01,2339.922343,1776262681000
1776262683.002,183.002,0.96,7.0,0.95,29.21,0.97,222.31,0.98,62.5,0.03,96.31,0.02,163.5,0.04,79.68,0.05,48.43,0.01,0.01,2339.922343,1776262681000
1776262683.971,183.971,0.94,98.12,0.93,130.5,0.95,22.87,0.96,118.0,0.04,233.34,0.03,251.31,0.06,26.12,0.07,49.5,0.01,0.02,2340.083994,1776262682000
1776262684.275,184.275,0.94,167.12,0.93,100.5,0.96,13.55,0.97,81.31,0.05,14.04,0.04,33.0,0.06,143.12,0.07,125.5,0.02,0.01,2339.863133,1776262683000
1776262685.237,185.237,0.95,32.5,0.94,87.62,0.97,1.44,0.98,82.5,0.04,19.94,0.03,81.31,0.06,219.95,0.07,95.5,0.02,0.02,2339.863133,1776262683000
1776262688.138,188.138,0.96,22.0,0.95,32.5,0.98,44.78,0.99,1118.33,0.03,1.44,0.02,82.5,0.05,32.5,0.06,87.62,0.02,0.02,2339.755405,1776262686000
1776262688.377,188.377,0.96,99.31,0.95,64.76,0.98,4.79,0.99,1118.33,0.02,44.78,0.01,1118.33,0.04,22.0,0.05,32.5,0.02,0.02,2340.030986,1776262687000
1776262688.577,188.577,0.96,109.31,0.95,59.76,0.99,1522.14,,,0.01,1522.14,,,0.04,109.31,0.05,59.76,0.03,0.03,2340.030986,1776262687000
1776262689.549,189.549,0.98,10.0,0.97,135.0,0.99,967.12,,,0.01,1522.14,,,0.04,109.31,0.05,59.76,0.01,0.03,2340.519152,1776262688000
1776262689.777,189.777,0.98,35.0,0.97,10.0,0.99,854.01,,,0.01,854.06,,,0.02,35.0,0.03,10.0,0.01,0.01,2340.519152,1776262688000
1776262690.295,190.295,0.98,48.0,0.97,67.0,0.99,1149.01,,,0.01,854.01,,,0.02,35.0,0.03,10.0,0.01,0.01,2340.4121,1776262689000
1776262690.622,190.622,0.98,98.0,0.97,77.5,0.99,1149.01,,,0.01,1149.01,,,0.02,48.0,0.03,67.0,0.01,0.01,2340.4121,1776262689000
1776262690.969,190.969,0.98,98.0,0.97,206.2,0.99,1138.01,,,0.01,1138.01,,,0.02,98.0,0.03,77.5,0.01,0.01,2340.4121,1776262689000
1776262691.5,191.5,0.98,268.7,0.97,199.2,0.99,1170.46,,,0.01,1138.01,,,0.02,98.0,0.03,206.2,0.01,0.01,2340.738242,1776262690000
1776262691.718,191.718,0.98,268.7,0.97,199.2,0.99,1296.44,,,0.01,1170.46,,,0.02,268.7,0.03,199.2,0.01,0.01,2340.738242,1776262690000
1776262692.482,192.482,0.98,268.7,0.97,194.2,0.99,853.97,,,0.01,1296.44,,,0.02,268.7,0.03,199.2,0.01,0.01,2342.501611,1776262691000
1776262692.685,192.685,0.98,268.7,0.97,194.2,0.99,840.9,,,0.01,840.9,,,0.02,268.7,0.03,194.2,0.01,0.01,2342.501611,1776262691000
1776262693.297,193.297,0.98,368.7,0.97,194.2,0.99,800.9,,,0.01,835.9,,,0.02,268.7,0.03,194.2,0.01,0.01,2342.410438,1776262692000
1776262693.636,193.636,0.98,368.7,0.97,194.2,0.99,696.07,,,0.01,998.07,,,0.02,368.7,0.03,194.2,0.01,0.01,2342.410438,1776262692000
1776262694.337,194.337,0.98,368.7,0.97,199.2,0.99,664.05,,,0.01,696.07,,,0.02,368.7,0.03,194.2,0.01,0.01,2342.410438,1776262692000
1776262694.662,194.662,0.98,368.7,0.97,199.2,0.99,659.05,,,0.01,664.05,,,0.02,368.7,0.03,199.2,0.01,0.01,2342.014224,1776262693000
1776262695.894,195.894,0.98,364.7,0.97,199.2,0.99,919.05,,,0.01,649.05,,,0.02,364.7,0.03,199.2,0.01,0.01,2341.93293,1776262694000
1776262696.164,196.164,0.98,264.7,0.97,199.2,0.99,844.05,,,0.01,919.05,,,0.02,364.7,0.03,199.2,0.01,0.01,2341.93293,1776262694000
1776262696.385,196.385,0.98,264.7,0.97,199.2,0.99,749.05,,,0.01,844.05,,,0.02,264.7,0.03,199.2,0.01,0.01,2341.93293,1776262694000
1776262696.691,196.691,0.98,364.7,0.97,199.2,0.99,739.05,,,0.01,749.05,,,0.02,264.7,0.03,199.2,0.01,0.01,2342.067764,1776262695000
1776262697.149,197.149,0.98,283.7,0.97,215.2,0.99,464.05,,,0.01,734.05,,,0.02,364.7,0.03,199.2,0.01,0.01,2342.093094,1776262696000
1776262698.439,198.439,0.98,293.7,0.97,220.2,0.99,439.05,,,0.01,464.05,,,0.02,283.7,0.03,215.2,0.01,0.01,2342.13,1776262697000
1776262698.639,198.639,0.98,293.7,0.97,220.2,0.99,429.05,,,0.01,434.05,,,0.02,293.7,0.03,220.2,0.01,0.01,2342.13,1776262697000
1776262699.807,199.807,0.98,385.45,0.97,199.2,0.99,389.05,,,0.01,429.05,,,0.02,293.7,0.03,220.2,0.01,0.01,2341.652145,1776262698000
1776262700.073,200.073,0.98,397.4,0.97,199.2,0.99,389.05,,,0.01,389.05,,,0.02,385.45,0.03,199.2,0.01,0.01,2341.652145,1776262698000
1776262700.743,200.743,0.98,375.4,0.97,219.2,0.99,384.05,,,0.01,389.05,,,0.02,397.4,0.03,199.2,0.01,0.01,2341.399687,1776262699000
1776262702.215,202.215,0.98,65.75,0.97,149.2,0.99,412.23,,,0.01,382.23,,,0.02,375.4,0.03,219.2,0.01,0.01,2341.326154,1776262700000
1776262702.743,202.743,0.98,80.75,0.97,25.5,0.99,382.23,,,0.01,412.23,,,0.02,65.75,0.03,149.2,0.01,0.01,2341.437034,1776262701000
1776262703.612,203.612,0.98,75.75,0.97,25.5,0.99,367.13,,,0.01,382.23,,,0.02,80.75,0.03,25.5,0.01,0.01,2341.396055,1776262702000
1776262704.809,204.809,0.98,75.75,0.97,30.5,0.99,267.13,,,0.01,367.13,,,0.02,75.75,0.03,25.5,0.01,0.01,2340.598082,1776262703000
1776262705.123,205.123,0.97,254.2,0.96,280.51,0.98,229.25,0.99,292.13,0.01,292.13,,,0.02,65.75,0.03,254.2,0.01,0.01,2340.598082,1776262703000
1776262705.408,205.408,0.97,254.2,0.96,280.51,0.98,54.0,0.99,562.13,0.02,229.25,0.01,292.13,0.03,254.2,0.04,280.51,0.01,0.01,2340.460255,1776262704000
1776262706.303,206.303,0.97,254.2,0.96,280.51,0.98,8.97,0.99,595.45,0.01,564.45,,,0.03,304.2,0.04,280.51,0.01,0.02,2340.460255,1776262704000
1776262706.646,206.646,0.97,154.2,0.96,375.51,0.98,33.77,0.99,629.45,0.02,3.77,0.01,560.45,0.03,154.2,0.04,275.51,0.01,0.01,2340.50434,1776262705000
1776262708.741,208.741,0.97,10.0,0.96,201.51,0.98,82.54,0.99,849.69,0.02,33.57,0.01,629.45,0.03,154.2,0.04,375.51,0.01,0.01,2340.484303,1776262707000
1776262709.092,209.092,0.97,20.5,0.96,201.51,0.98,22.44,0.99,615.45,0.02,77.44,0.01,849.69,0.03,10.0,0.04,201.51,0.01,0.01,2340.12139,1776262708000
1776262710.575,210.575,0.97,20.0,0.96,206.51,0.98,5.0,0.99,797.45,0.02,22.44,0.01,615.45,0.03,20.5,0.04,201.51,0.01,0.01,2339.786794,1776262709000
1776262711.898,211.898,0.97,163.2,0.96,275.51,0.99,605.56,,,0.01,634.59,,,0.03,30.5,0.04,285.51,0.02,0.02,2339.801424,1776262710000
1776262712.513,212.513,0.97,168.2,0.96,275.51,0.99,831.8,,,0.01,605.56,,,0.03,163.2,0.04,275.51,0.02,0.02,2339.775014,1776262711000
1776262713.016,213.016,0.97,149.2,0.96,275.51,0.98,3.97,0.99,852.8,0.02,5.0,0.01,831.8,0.03,149.2,0.04,275.51,0.01,0.01,2339.775014,1776262711000
1776262713.465,213.465,0.96,225.51,0.95,156.3,0.97,0.94,0.99,688.56,0.02,3.97,0.01,852.8,0.03,149.2,0.04,275.51,0.01,0.01,2339.892765,1776262712000
1776262713.868,213.868,0.96,205.01,0.95,80.8,0.97,108.96,0.98,65.0,0.03,0.94,0.01,688.56,0.04,225.51,0.05,156.3,0.01,0.01,2339.892765,1776262712000
1776262714.128,214.128,0.94,15.5,0.93,60.5,0.97,206.8,0.98,125.0,0.03,186.8,0.02,70.0,0.04,103.31,0.05,30.5,0.03,0.01,2339.892765,1776262712000
1776262714.548,214.548,0.93,162.03,0.92,20.5,0.94,34.69,0.95,45.0,0.04,153.76,0.03,220.8,0.07,31.0,0.08,20.5,0.01,0.03,2339.9069,1776262713000
1776262714.875,214.875,0.92,4.12,0.91,160.5,0.94,67.57,0.95,120.0,0.06,32.57,0.05,45.0,0.07,112.03,0.08,20.5,0.02,0.01,2339.9069,1776262713000
1776262715.09,215.09,0.91,180.72,0.9,108.11,0.92,51.77,0.93,35.0,0.07,35.0,0.06,45.0,0.09,146.72,0.1,108.11,0.01,0.02,2339.9069,1776262713000
1776262715.669,215.669,0.91,157.33,0.9,108.11,0.92,46.36,0.93,35.0,0.08,46.36,0.07,35.0,0.09,174.0,0.1,108.11,0.01,0.01,2339.776475,1776262714000
1776262715.872,215.872,0.91,302.05,0.9,76.11,0.92,34.88,0.93,35.0,0.08,35.97,0.07,35.0,0.09,157.33,0.1,108.11,0.01,0.01,2339.776475,1776262714000
1776262716.144,216.144,0.91,377.57,0.9,76.11,0.93,34.9,0.94,40.0,0.07,39.9,0.06,51.39,0.09,383.57,0.1,76.11,0.02,0.02,2339.776475,1776262714000
1776262716.451,216.451,0.91,337.57,0.9,71.11,0.92,10.0,0.93,59.9,0.08,15.0,0.07,59.9,0.09,372.57,0.1,76.11,0.01,0.01,2338.427095,1776262715000
1776262716.746,216.746,0.91,337.57,0.9,71.11,0.92,53.91,0.93,114.9,0.08,5.0,0.07,59.9,0.09,337.57,0.1,71.11,0.01,0.01,2338.427095,1776262715000
1776262717.165,217.165,0.91,337.57,0.9,81.11,0.92,72.91,0.93,172.9,0.08,48.91,0.07,114.9,0.09,337.57,0.1,71.11,0.01,0.01,2338.427095,1776262715000
1776262717.585,217.585,0.91,309.45,0.9,76.11,0.92,105.91,0.93,284.9,0.08,39.91,0.07,279.9,0.09,325.45,0.1,76.11,0.01,0.01,2338.427095,1776262715000
1776262717.953,217.953,0.91,291.45,0.9,91.11,0.92,44.91,0.93,290.9,0.08,105.91,0.07,284.9,0.09,309.45,0.1,76.11,0.01,0.01,2337.431714,1776262716000
1776262718.177,218.177,0.91,182.7,0.9,101.61,0.92,31.63,0.93,240.0,0.08,43.27,0.07,274.9,0.09,167.7,0.1,91.11,0.01,0.01,2337.431714,1776262716000
1776262718.463,218.463,0.91,291.21,0.9,101.61,0.92,35.54,0.93,106.0,0.08,31.63,0.07,240.0,0.09,182.7,0.1,101.61,0.01,0.01,2337.2481,1776262717000
1776262718.879,218.879,0.91,291.21,0.9,101.61,0.92,20.54,0.93,101.0,0.08,35.54,0.07,106.0,0.09,291.21,0.1,101.61,0.01,0.01,2337.2481,1776262717000
1776262719.087,219.087,0.91,296.21,0.9,91.11,0.92,20.21,0.93,101.0,0.08,20.54,0.07,101.0,0.09,291.21,0.1,101.61,0.01,0.01,2337.2481,1776262717000
1776262719.778,219.778,0.91,212.71,0.9,76.11,0.92,85.21,0.93,178.0,0.08,20.21,0.07,101.0,0.09,296.21,0.1,91.11,0.01,0.01,2337.19709,1776262718000
1776262720.04,220.04,0.91,103.71,0.9,76.11,0.92,72.47,0.93,178.0,0.08,72.47,0.07,178.0,0.09,212.71,0.1,76.11,0.01,0.01,2337.19709,1776262718000
1776262720.414,220.414,0.91,113.71,0.9,91.11,0.92,56.38,0.93,242.0,0.08,72.47,0.07,178.0,0.09,103.71,0.1,76.11,0.01,0.01,2337.218938,1776262719000
1776262720.676,220.676,0.91,134.0,0.9,81.11,0.92,60.61,0.93,237.0,0.08,56.38,0.07,242.0,0.09,113.71,0.1,91.11,0.01,0.01,2337.218938,1776262719000
1776262720.88,220.88,0.91,134.0,0.9,76.11,0.93,254.0,0.94,160.0,0.08,60.61,0.07,237.0,0.09,134.0,0.1,81.11,0.02,0.01,2337.218938,1776262719000
1776262721.289,221.289,0.91,118.0,0.9,76.11,0.92,105.88,0.93,152.0,0.07,254.0,0.06,160.0,0.09,134.0,0.1,76.11,0.01,0.02,2337.218938,1776262720000
1776262721.795,221.795,0.91,0.1,0.9,86.11,0.92,102.61,0.93,166.0,0.08,108.61,0.07,152.0,0.09,66.1,0.1,76.11,0.01,0.01,2337.218938,1776262720000
1776262722.136,222.136,0.91,10.1,0.9,91.11,0.92,42.39,0.93,101.0,0.08,102.61,0.07,166.0,0.09,0.1,0.1,86.11,0.01,0.01,2337.093052,1776262721000
1776262722.386,222.386,0.91,166.4,0.9,91.11,0.93,64.73,0.94,165.0,0.07,76.0,0.06,165.0,0.09,10.0,0.1,91.11,0.02,0.02,2337.093052,1776262721000
1776262722.59,222.59,0.92,42.14,0.91,15.0,0.93,47.11,0.94,165.0,0.07,48.73,0.06,165.0,0.08,42.14,0.09,15.0,0.01,0.01,2337.093052,1776262721000
1776262722.85,222.85,0.92,0.14,0.91,10.0,0.93,40.86,0.94,165.0,0.07,45.86,0.06,165.0,0.08,42.14,0.09,10.0,0.01,0.01,2337.093052,1776262721000
1776262723.196,223.196,0.93,10.0,0.92,15.14,0.94,50.93,0.95,265.84,0.07,3.06,0.06,69.32,0.08,0.14,0.09,10.0,0.01,0.01,2337.093052,1776262721000
1776262723.982,223.982,0.94,8.0,0.93,20.0,0.95,199.84,0.96,157.0,0.06,48.31,0.05,265.84,0.07,10.0,0.08,15.14,0.01,0.01,2337.046436,1776262723000
1776262724.279,224.279,0.94,10.0,0.93,15.0,0.95,251.78,0.96,167.0,0.05,252.84,0.04,167.0,0.07,15.0,0.08,15.0,0.01,0.02,2337.046436,1776262723000
1776262724.548,224.548,0.93,5.57,0.92,15.0,0.94,15.73,0.95,184.91,0.05,208.91,0.04,167.0,0.07,0.57,0.08,15.0,0.01,0.02,2337.046436,1776262723000
1776262724.814,224.814,0.93,5.57,0.92,15.0,0.95,143.57,0.96,70.0,0.06,15.73,0.05,184.91,0.07,5.57,0.08,15.0,0.02,0.01,2337.046436,1776262723000
1776262725.014,225.014,0.93,10.0,0.92,15.0,0.94,63.72,0.95,91.0,0.05,143.57,0.04,70.0,0.07,5.57,0.08,15.0,0.01,0.02,2337.030146,1776262724000
1776262725.787,225.787,0.95,15.0,0.94,15.0,0.96,425.38,0.97,319.0,0.06,36.0,0.05,91.0,0.08,3.75,0.09,15.0,0.01,0.02,2337.030146,1776262724000
1776262726.669,226.669,0.95,25.0,0.94,20.0,0.96,17.47,0.97,214.0,0.04,425.38,0.03,319.0,0.05,15.0,0.06,15.0,0.01,0.01,2337.102575,1776262725000
1776262727.213,227.213,0.96,150.0,0.95,70.0,0.98,60.0,0.99,755.44,0.04,17.47,0.03,214.0,0.05,25.0,0.06,20.0,0.02,0.01,2337.031968,1776262726000
1776262727.876,227.876,0.97,111.66,0.96,185.0,0.98,136.0,0.99,1210.44,0.02,60.0,0.01,755.44,0.04,150.0,0.05,70.0,0.01,0.02,2337.031968,1776262726000
1776262728.925,228.925,0.98,37.0,0.97,151.66,0.99,1066.42,,,0.02,85.48,0.01,1210.44,0.03,116.66,0.04,185.0,0.01,0.01,2337.203639,1776262727000
1776262729.436,229.436,0.98,116.0,0.97,151.66,0.99,605.29,,,0.01,1066.42,,,0.02,37.0,0.03,151.66,0.01,0.01,2337.783733,1776262728000
1776262730.25,230.25,0.98,31.0,0.97,151.66,0.99,877.02,,,0.01,569.12,,,0.02,93.0,0.03,151.66,0.01,0.01,2337.783733,1776262728000
1776262731.261,231.261,0.98,31.0,0.97,151.66,0.99,1312.62,,,0.01,877.02,,,0.02,31.0,0.03,151.66,0.01,0.01,2338.00926,1776262729000
1776262734.145,234.145,0.98,112.0,0.97,60.0,0.99,342.58,,,0.01,1312.62,,,0.02,31.0,0.03,151.66,0.01,0.01,2338.213382,1776262733000
1776262735.409,235.409,0.98,81.0,0.97,183.7,0.99,277.05,,,0.01,342.58,,,0.02,112.0,0.03,60.0,0.01,0.01,2338.271435,1776262734000
1776262736.693,236.693,0.98,91.0,0.97,183.7,0.99,841.05,,,0.01,277.05,,,0.02,81.0,0.03,183.7,0.01,0.01,2338.691405,1776262735000
1776262737.094,237.094,0.98,91.0,0.97,183.7,0.99,870.29,,,0.01,841.05,,,0.02,91.0,0.03,183.7,0.01,0.01,2338.691405,1776262735000
1776262737.487,237.487,0.98,81.0,0.97,183.7,0.99,221.95,,,0.01,860.19,,,0.02,91.0,0.03,183.7,0.01,0.01,2338.701261,1776262736000
1776262737.813,237.813,0.98,81.0,0.97,183.7,0.99,217.95,,,0.01,221.95,,,0.02,81.0,0.03,183.7,0.01,0.01,2338.701261,1776262736000
1776262738.429,238.429,0.98,91.0,0.97,183.7,0.99,207.95,,,0.01,212.95,,,0.02,81.0,0.03,183.7,0.01,0.01,2338.865175,1776262737000
1776262739.203,239.203,0.98,70.0,0.97,183.7,0.99,193.95,,,0.01,197.95,,,0.02,70.0,0.03,183.7,0.01,0.01,2338.865175,1776262737000
1776262740.6,240.6,0.98,80.0,0.97,183.7,0.99,387.89,,,0.01,193.95,,,0.02,70.0,0.03,183.7,0.01,0.01,2338.99086,1776262738000
1776262741.183,241.183,0.98,80.0,0.97,183.7,0.99,382.89,,,0.01,387.89,,,0.02,80.0,0.03,183.7,0.01,0.01,2339.011255,1776262739000
1776262742.168,242.168,0.98,70.0,0.97,183.7,0.99,607.02,,,0.01,382.89,,,0.02,80.0,0.03,183.7,0.01,0.01,2339.069495,1776262740000
1776262742.453,242.453,0.98,24.0,0.97,183.7,0.99,593.92,,,0.01,598.97,,,0.02,24.0,0.03,183.7,0.01,0.01,2339.069495,1776262740000
1776262742.886,242.886,0.98,24.0,0.97,183.7,0.99,154.66,,,0.01,155.68,,,0.02,24.0,0.03,183.7,0.01,0.01,2338.957521,1776262741000
1776262744.283,244.283,0.97,60.0,0.96,203.7,0.98,54.0,0.99,229.66,0.01,154.66,,,0.02,24.0,0.03,183.7,0.01,0.01,2338.96101,1776262742000
1776262745.019,245.019,0.97,80.0,0.96,223.7,0.98,278.08,0.99,197.66,0.02,48.94,0.01,229.66,0.03,80.0,0.04,223.7,0.01,0.01,2338.63031,1776262743000
1776262745.318,245.318,0.97,203.7,0.96,223.7,0.98,269.96,0.99,197.66,0.02,276.02,0.01,197.66,0.03,80.0,0.04,223.7,0.01,0.01,2338.396986,1776262744000
1776262745.53,245.53,0.97,144.29,0.96,233.7,0.98,262.93,0.99,218.66,0.02,263.96,0.01,218.66,0.03,144.29,0.04,233.7,0.01,0.01,2338.396986,1776262744000
1776262745.785,245.785,0.97,144.29,0.96,223.7,0.98,258.81,0.99,218.66,0.02,259.84,0.01,218.66,0.03,144.29,0.04,233.7,0.01,0.01,2338.396986,1776262744000
1776262746.344,246.344,0.97,32.0,0.96,110.0,0.98,9.48,0.99,468.66,0.02,243.72,0.01,218.66,0.03,267.99,0.04,223.7,0.01,0.01,2338.396986,1776262744000
1776262746.654,246.654,0.97,95.47,0.96,110.0,0.99,291.74,,,0.02,9.48,0.01,468.66,0.03,32.0,0.04,110.0,0.02,0.01,2338.396986,1776262744000
1776262747.557,247.557,0.97,60.0,0.96,203.7,0.98,199.24,0.99,160.74,0.01,291.74,,,0.03,95.47,0.04,110.0,0.01,0.02,2338.229381,1776262745000
1776262747.913,247.913,0.97,90.3,0.96,203.7,0.98,191.71,0.99,59.72,0.01,59.72,,,0.02,10.0,0.03,65.0,0.01,0.01,2338.1848,1776262746000
1776262748.288,248.288,0.97,90.3,0.96,227.7,0.98,172.42,0.99,664.72,0.02,191.71,0.01,59.72,0.03,90.3,0.04,203.7,0.01,0.01,2338.1848,1776262746000
1776262749.38,249.38,0.98,10.0,0.97,214.0,0.99,33.72,,,0.02,172.42,0.01,664.72,0.03,90.3,0.04,227.7,0.01,0.01,2337.977705,1776262747000
1776262751.426,251.426,0.98,203.7,0.97,236.0,0.99,29.72,,,0.01,33.72,,,0.02,10.0,0.03,214.0,0.01,0.01,2338.073436,1776262749000
1776262751.756,251.756,0.99,270.28,0.98,208.7,,,,,0.01,29.72,,,0.02,203.7,0.03,236.0,,0.01,2338.073436,1776262749000
1776262752.16,252.16,0.99,566.3,0.98,203.7,,,,,,,,,0.01,270.28,0.02,208.7,,,2338.073436,1776262749000
1776262753.055,253.055,0.99,571.32,0.98,203.7,,,,,,,,,0.01,566.3,0.02,203.7,,,2338.340984,1776262751000
1776262753.65,253.65,0.98,30.0,0.97,236.0,0.99,1955.67,,,,,,,0.01,569.33,0.02,203.7,0.01,,2338.340984,1776262751000
1776262753.858,253.858,0.98,30.0,0.97,236.0,0.99,1958.65,,,0.01,1955.67,,,0.02,30.0,0.03,236.0,0.01,0.01,2338.340984,1776262751000
1776262754.591,254.591,0.98,35.0,0.97,236.0,0.99,1858.66,,,0.01,1958.65,,,0.02,30.0,0.03,236.0,0.01,0.01,2338.448459,1776262752000
1776262755.001,255.001,0.98,35.0,0.97,236.0,0.99,1841.37,,,0.01,1858.66,,,0.02,35.0,0.03,236.0,0.01,0.01,2338.3818,1776262753000
1776262755.454,255.454,0.98,35.0,0.97,236.0,0.99,1765.62,,,0.01,1821.16,,,0.02,35.0,0.03,236.0,0.01,0.01,2338.3818,1776262753000
1776262757.045,257.045,0.98,153.26,0.97,238.0,0.99,1761.62,,,0.01,1765.62,,,0.02,35.0,0.03,236.0,0.01,0.01,2338.233742,1776262755000
1776262757.269,257.269,0.98,153.26,0.97,238.0,0.99,1759.14,,,0.01,1761.62,,,0.02,153.26,0.03,238.0,0.01,0.01,2338.152787,1776262756000
1776262757.58,257.58,0.98,153.26,0.97,238.0,0.99,1752.46,,,0.01,1759.14,,,0.02,153.26,0.03,238.0,0.01,0.01,2338.152787,1776262756000
1776262758.49,258.49,0.98,173.26,0.97,238.0,0.99,1751.44,,,0.01,1752.46,,,0.02,153.26,0.03,238.0,0.01,0.01,2338.152787,1776262756000
1776262761.232,261.232,0.98,279.7,0.97,219.0,0.99,1746.44,,,0.01,1751.44,,,0.02,173.26,0.03,238.0,0.01,0.01,2338.004845,1776262759000
1776262765.69,265.69,0.99,387.6,0.98,395.7,,,,,0.01,1746.44,,,0.02,279.7,0.03,219.0,,0.01,2338.592274,1776262764000
1776262770.555,270.555,0.99,451.18,0.98,265.7,,,,,,,,,0.01,387.6,0.02,395.7,,,2338.404105,1776262768000
1776262770.932,270.932,0.99,436.18,0.98,265.7,,,,,,,,,0.01,451.18,0.02,265.7,,,2338.276776,1776262769000
1776262772.406,272.406,0.99,167.18,0.98,265.7,,,,,,,,,0.01,185.18,0.02,265.7,,,2338.203069,1776262770000
1776262773.463,273.463,0.99,127.18,0.98,265.7,,,,,,,,,0.01,167.18,0.02,265.7,,,2337.686453,1776262771000
1776262774.07,274.07,0.99,102.18,0.98,259.7,,,,,,,,,0.01,102.18,0.02,265.7,,,2337.497498,1776262772000
1776262774.519,274.519,0.99,62.18,0.98,259.7,,,,,,,,,0.01,82.18,0.02,259.7,,,2337.497498,1776262772000
1776262774.78,274.78,0.99,42.18,0.98,249.7,,,,,,,,,0.01,62.18,0.02,259.7,,,2337.497498,1776262772000
1776262775.114,275.114,0.98,206.7,0.97,158.7,0.99,10.0,,,,,,,0.02,249.7,0.03,133.7,0.01,,2337.261975,1776262773000
1776262775.328,275.328,0.97,7.0,0.96,94.0,0.99,8.98,,,0.01,8.98,,,0.02,33.0,0.03,24.0,0.02,0.01,2337.261975,1776262773000
1776262775.701,275.701,0.98,10.0,0.97,17.0,0.989,3.98,0.99,46.0,0.01,30.94,,,0.02,10.0,0.03,17.0,0.009,0.01,2336.934309,1776262774000
1776262776.06,276.06,0.98,10.0,0.97,17.0,0.99,81.0,0.999,320.0,0.011,1.25,0.01,46.0,0.02,10.0,0.03,17.0,0.01,0.009,2336.934309,1776262774000
1776262776.389,276.389,0.98,24.0,0.97,17.0,0.99,143.0,0.999,320.0,0.01,81.0,0.001,320.0,0.02,10.0,0.03,17.0,0.01,0.01,2336.934309,1776262774000
1776262776.758,276.758,0.98,19.0,0.97,17.0,0.99,211.0,0.999,340.0,0.01,143.0,0.001,320.0,0.02,24.0,0.03,17.0,0.01,0.01,2336.813365,1776262775000
1776262779.466,279.466,0.99,154.0,0.98,44.0,0.999,335.0,,,0.01,211.0,0.001,340.0,0.02,9.0,0.03,17.0,0.009,0.01,2336.157172,1776262778000
1776262782.807,282.807,0.99,164.0,0.98,49.0,0.999,242.13,,,0.001,335.0,,,0.01,154.0,0.02,44.0,0.009,0.009,2336.766705,1776262781000
1776262783.45,283.45,0.99,154.0,0.98,44.0,0.999,232.13,,,0.001,242.13,,,0.01,164.0,0.02,49.0,0.009,0.009,2336.801686,1776262782000
1776262784.539,284.539,0.99,199.15,0.98,44.0,0.999,222.12,,,0.001,232.13,,,0.01,154.0,0.02,44.0,0.009,0.009,2336.801686,1776262782000
1776262784.954,284.954,0.99,49.15,0.98,44.0,0.999,222.12,,,0.001,222.12,,,0.01,199.15,0.02,44.0,0.009,0.009,2337.02,1776262783000
1776262785.32,285.32,0.99,49.15,0.98,44.0,0.999,192.09,,,0.001,222.12,,,0.01,39.15,0.02,44.0,0.009,0.009,2337.02,1776262783000
1776262785.599,285.599,0.99,89.15,0.98,44.0,0.999,186.3,,,0.001,192.09,,,0.01,49.15,0.02,44.0,0.009,0.009,2336.71152,1776262784000
1776262785.974,285.974,0.99,79.15,0.98,44.0,0.999,181.3,,,0.001,186.3,,,0.01,89.15,0.02,44.0,0.009,0.009,2336.71152,1776262784000
1776262787.922,287.922,0.97,31.05,0.96,76.0,0.999,181.3,,,0.001,181.3,,,0.01,79.15,0.02,44.0,0.029,0.009,2336.077464,1776262786000
1776262788.457,288.457,0.991,24.0,0.99,30.0,0.999,171.29,,,0.001,181.3,,,0.03,31.05,0.04,76.0,0.008,0.029,2336.077464,1776262786000
1776262792.159,292.159,0.991,24.0,0.99,120.0,0.999,148.52,,,0.001,171.29,,,0.009,24.0,0.01,30.0,0.008,0.008,2335.4781,1776262790000
1776262793.24,293.24,0.991,16.59,0.99,125.05,0.999,130.75,,,0.001,130.75,,,0.009,24.0,0.01,120.0,0.008,0.008,2335.503199,1776262792000
1776262795.346,295.346,0.991,16.59,0.99,270.13,0.999,78.75,,,0.001,123.75,,,0.009,16.59,0.01,125.05,0.008,0.008,2335.076204,1776262794000
1776262795.973,295.973,0.991,26.59,0.99,321.13,0.999,77.64,,,0.001,78.75,,,0.009,16.59,0.01,270.13,0.008,0.008,2335.076204,1776262794000
1776262798.789,298.789,0.991,31.59,0.99,2032.33,0.999,336.54,,,0.001,77.64,,,0.009,26.59,0.01,321.13,0.008,0.008,2334.90055,1776262797000
1776262799.609,299.609,0.999,3771.57,0.991,41.59,,,,,0.001,236.44,,,0.009,31.59,0.01,2032.33,,0.008,2334.88825,1776262798000

# RESULT,winner=Up,slug=eth-updown-5m-1776262500,ticks=433
