timestamp,elapsed_sec,up_bid_p1,up_bid_s1,up_bid_p2,up_bid_s2,up_bid_p3,up_bid_s3,up_bid_p4,up_bid_s4,up_bid_p5,up_bid_s5,up_ask_p1,up_ask_s1,up_ask_p2,up_ask_s2,up_ask_p3,up_ask_s3,up_ask_p4,up_ask_s4,up_ask_p5,up_ask_s5,down_bid_p1,down_bid_s1,down_bid_p2,down_bid_s2,down_bid_p3,down_bid_s3,down_bid_p4,down_bid_s4,down_bid_p5,down_bid_s5,down_ask_p1,down_ask_s1,down_ask_p2,down_ask_s2,down_ask_p3,down_ask_s3,down_ask_p4,down_ask_s4,down_ask_p5,down_ask_s5,up_spread,down_spread,eth_price,eth_oracle_ts
1776160201.33,1.33,,,,,,,,,,,,,,,,,,,,,,,,,,,,,,,,,,,,,,,,,,,2385.639565,1776160200000
1776160201.531,1.531,0.54,8.9,0.51,118.0,0.5,10.0,0.48,33.0,0.47,26.0,0.55,114.0,0.56,96.0,0.57,80.0,0.61,12.0,0.74,14.0,0.45,119.0,0.44,101.0,0.43,85.0,0.42,5.0,0.41,5.0,0.46,8.9,0.49,123.0,0.5,15.0,0.51,5.0,0.52,38.0,0.01,0.01,2385.639565,1776160200000
1776160202.012,2.012,0.57,18.0,0.55,21.0,0.54,109.99,0.53,51.0,0.52,21.0,0.61,18.0,0.62,32.0,0.63,5.0,0.64,215.0,0.66,14.0,0.45,119.0,0.44,101.0,0.43,85.0,0.42,5.0,0.41,5.0,0.46,8.9,0.49,123.0,0.5,15.0,0.51,5.0,0.52,38.0,0.04,0.01,2385.639565,1776160200000
1776160202.51,2.51,0.58,72.91,0.57,25.0,0.56,70.0,0.55,70.0,0.54,88.99,0.63,28.0,0.64,168.0,0.66,14.0,0.68,80.0,0.71,21.0,0.41,3.3,0.39,18.0,0.38,32.0,0.37,5.0,0.36,215.0,0.43,32.0,0.44,96.0,0.46,83.99,0.47,5.0,0.49,118.0,0.05,0.02,2385.639565,1776160200000
1776160202.727,2.727,0.57,9.91,0.56,75.0,0.55,75.0,0.54,88.99,0.53,5.0,0.63,17.0,0.64,168.0,0.65,5.0,0.66,19.0,0.67,5.0,0.37,28.0,0.36,168.0,0.34,14.0,0.32,80.0,0.29,21.0,0.42,72.91,0.43,25.0,0.44,70.0,0.45,70.0,0.46,88.99,0.06,0.05,2385.64428,1776160201000
1776160203.172,3.172,0.57,71.58,0.56,121.0,0.55,75.0,0.54,88.99,0.53,26.0,0.63,2.0,0.64,168.0,0.65,5.0,0.66,19.0,0.67,5.0,0.37,2.0,0.36,168.0,0.35,5.0,0.34,19.0,0.33,5.0,0.43,71.58,0.44,121.0,0.45,75.0,0.46,88.99,0.47,26.0,0.06,0.06,2385.64515,1776160202000
1776160203.492,3.492,0.62,20.0,0.61,20.0,0.6,46.0,0.59,60.0,0.58,36.0,0.63,20.99,0.64,178.0,0.65,5.0,0.66,19.0,0.67,10.0,0.37,2.0,0.36,168.0,0.35,5.0,0.34,19.0,0.33,5.0,0.43,71.58,0.44,121.0,0.45,75.0,0.46,88.99,0.47,26.0,0.01,0.06,2385.64515,1776160202000
1776160203.894,3.894,0.62,84.0,0.61,44.0,0.6,60.0,0.59,36.0,0.58,136.0,0.63,30.2,0.64,185.0,0.65,52.0,0.66,44.0,0.67,35.0,0.37,150.99,0.36,303.0,0.35,30.0,0.34,119.0,0.33,110.0,0.38,20.0,0.39,20.0,0.4,46.0,0.41,60.0,0.42,36.0,0.01,0.01,2385.64515,1776160202000
1776160204.347,4.347,0.62,84.0,0.61,33.0,0.6,60.0,0.59,36.0,0.58,141.0,0.64,175.55,0.65,52.0,0.66,44.0,0.67,30.0,0.68,100.0,0.37,30.2,0.36,185.0,0.35,52.0,0.34,44.0,0.33,35.0,0.38,84.0,0.39,44.0,0.4,60.0,0.41,36.0,0.42,136.0,0.02,0.01,2385.64515,1776160202000
1776160204.671,4.671,0.63,10.0,0.62,84.0,0.61,20.0,0.6,60.0,0.59,69.0,0.64,170.55,0.65,52.0,0.66,44.0,0.67,30.0,0.68,100.0,0.36,170.55,0.35,52.0,0.34,44.0,0.33,35.0,0.32,100.0,0.37,5.0,0.38,84.0,0.39,20.0,0.4,60.0,0.41,59.0,0.01,0.01,2386.12714,1776160203000
1776160205.025,5.025,0.63,10.0,0.62,84.0,0.61,20.0,0.6,60.0,0.59,69.0,0.64,170.55,0.65,52.0,0.66,44.0,0.67,30.0,0.68,100.0,0.36,170.55,0.35,52.0,0.34,44.0,0.33,30.0,0.32,100.0,0.37,5.0,0.38,84.0,0.39,20.0,0.4,60.0,0.41,69.0,0.01,0.01,2386.131825,1776160204000
1776160205.617,5.617,0.63,5.0,0.62,84.0,0.61,20.0,0.6,15.0,0.59,69.0,0.64,67.26,0.65,52.0,0.66,44.0,0.67,30.0,0.68,105.0,0.36,72.26,0.35,52.0,0.34,44.0,0.33,30.0,0.32,100.0,0.37,15.0,0.38,84.0,0.39,20.0,0.4,36.0,0.41,169.0,0.01,0.01,2386.131825,1776160204000
1776160206.246,6.246,0.63,5.0,0.62,84.0,0.61,20.0,0.6,24.0,0.59,69.0,0.64,52.72,0.65,52.0,0.66,44.0,0.67,35.0,0.68,105.0,0.36,52.72,0.35,52.0,0.34,44.0,0.33,35.0,0.32,105.0,0.37,5.0,0.38,84.0,0.39,20.0,0.4,24.0,0.41,69.0,0.01,0.01,2386.37508,1776160205000
1776160206.465,6.465,0.63,5.0,0.62,84.0,0.61,20.0,0.6,15.0,0.59,125.0,0.64,48.05,0.65,52.0,0.66,44.0,0.67,45.0,0.68,115.0,0.36,52.72,0.35,52.0,0.34,44.0,0.33,35.0,0.32,105.0,0.37,5.0,0.38,84.0,0.39,20.0,0.4,24.0,0.41,69.0,0.01,0.01,2386.37508,1776160205000
1776160207.381,7.381,0.63,5.0,0.62,84.0,0.61,20.0,0.6,15.0,0.59,125.0,0.64,48.05,0.65,52.0,0.66,44.0,0.67,45.0,0.68,115.0,0.36,48.05,0.35,52.0,0.34,44.0,0.33,45.0,0.32,115.0,0.37,5.0,0.38,84.0,0.39,20.0,0.4,15.0,0.41,125.0,0.01,0.01,2386.41388,1776160206000
1776160207.619,7.619,0.63,10.0,0.62,79.0,0.61,15.0,0.6,15.0,0.59,140.0,0.64,32.0,0.65,52.0,0.66,30.0,0.67,45.0,0.68,115.0,0.36,48.05,0.35,52.0,0.34,44.0,0.33,45.0,0.32,115.0,0.37,5.0,0.38,84.0,0.39,20.0,0.4,15.0,0.41,125.0,0.01,0.01,2386.41388,1776160206000
1776160208.088,8.088,0.63,10.0,0.62,79.0,0.61,15.0,0.6,15.0,0.59,140.0,0.64,40.43,0.65,52.0,0.66,30.0,0.67,45.0,0.68,172.0,0.36,32.0,0.35,52.0,0.34,30.0,0.33,45.0,0.32,115.0,0.37,10.0,0.38,79.0,0.39,15.0,0.4,15.0,0.41,140.0,0.01,0.01,2386.41388,1776160206000
1776160208.329,8.329,0.63,7.29,0.62,79.0,0.61,15.0,0.6,15.0,0.59,140.0,0.64,40.43,0.65,52.0,0.66,30.0,0.67,45.0,0.68,172.0,0.36,40.43,0.35,52.0,0.34,30.0,0.33,45.0,0.32,172.0,0.37,7.29,0.38,79.0,0.39,15.0,0.4,15.0,0.41,140.0,0.01,0.01,2386.403,1776160207000
1776160208.846,8.846,0.63,7.29,0.62,79.0,0.61,15.0,0.6,15.0,0.59,140.0,0.64,40.43,0.65,52.0,0.66,30.0,0.67,45.0,0.68,172.0,0.36,40.43,0.35,52.0,0.34,30.0,0.33,45.0,0.32,172.0,0.37,7.29,0.38,79.0,0.39,15.0,0.4,15.0,0.41,140.0,0.01,0.01,2386.382865,1776160208000
1776160209.11,9.11,0.62,135.59,0.61,15.0,0.6,15.0,0.59,40.0,0.58,43.0,0.64,46.43,0.65,27.0,0.66,5.0,0.67,20.0,0.68,147.0,0.36,40.43,0.35,52.0,0.34,30.0,0.33,45.0,0.32,172.0,0.37,7.29,0.38,79.0,0.39,15.0,0.4,15.0,0.41,140.0,0.02,0.01,2386.382865,1776160208000
1776160209.565,9.565,0.63,140.0,0.62,83.59,0.61,15.0,0.6,15.0,0.59,140.0,0.64,27.43,0.65,52.0,0.66,30.0,0.67,45.0,0.68,115.0,0.36,46.43,0.35,27.0,0.34,5.0,0.33,20.0,0.32,147.0,0.38,135.59,0.39,15.0,0.4,15.0,0.41,40.0,0.42,43.0,0.01,0.02,2386.382865,1776160208000
1776160209.976,9.976,0.63,135.0,0.62,93.59,0.61,15.0,0.6,15.0,0.59,153.0,0.64,22.43,0.65,52.0,0.66,30.0,0.67,45.0,0.68,115.0,0.36,22.43,0.35,52.0,0.34,30.0,0.33,45.0,0.32,115.0,0.37,135.0,0.38,93.59,0.39,15.0,0.4,15.0,0.41,153.0,0.01,0.01,2386.32712,1776160209000
1776160210.45,10.45,0.63,85.0,0.62,159.59,0.61,25.0,0.6,25.0,0.59,40.0,0.64,50.43,0.65,37.0,0.66,73.0,0.67,30.0,0.68,157.0,0.36,22.43,0.35,52.0,0.34,30.0,0.33,45.0,0.32,115.0,0.37,135.0,0.38,93.59,0.39,15.0,0.4,15.0,0.41,153.0,0.01,0.01,2386.32712,1776160209000
1776160210.797,10.797,0.63,90.5,0.62,159.59,0.61,25.0,0.6,25.0,0.59,50.0,0.64,59.21,0.65,37.0,0.66,73.0,0.67,30.0,0.68,157.0,0.36,45.43,0.35,37.0,0.34,73.0,0.33,30.0,0.32,157.0,0.37,75.0,0.38,159.59,0.39,25.0,0.4,25.0,0.41,40.0,0.01,0.01,2386.32712,1776160209000
1776160211.394,11.394,0.63,79.0,0.62,170.09,0.61,35.5,0.6,25.0,0.59,50.0,0.64,54.21,0.65,95.0,0.66,15.0,0.67,87.0,0.68,100.0,0.36,59.21,0.35,37.0,0.34,73.0,0.33,30.0,0.32,157.0,0.37,90.5,0.38,159.59,0.39,25.0,0.4,25.0,0.41,50.0,0.01,0.01,2386.31659,1776160210000
1776160211.604,11.604,0.63,102.32,0.62,170.09,0.61,35.5,0.6,25.0,0.59,50.0,0.64,49.21,0.65,95.0,0.66,15.0,0.67,87.0,0.68,100.0,0.36,54.21,0.35,95.0,0.34,15.0,0.33,87.0,0.32,100.0,0.37,79.0,0.38,170.09,0.39,35.5,0.4,25.0,0.41,50.0,0.01,0.01,2386.31659,1776160210000
1776160212.247,12.247,0.63,86.29,0.62,170.09,0.61,35.5,0.6,25.0,0.59,55.0,0.64,49.21,0.65,95.0,0.66,15.0,0.67,30.0,0.68,157.0,0.36,49.21,0.35,95.0,0.34,15.0,0.33,87.0,0.32,100.0,0.37,102.32,0.38,170.09,0.39,35.5,0.4,25.0,0.41,50.0,0.01,0.01,2386.31659,1776160210000
1776160213.013,13.013,0.63,86.29,0.62,170.09,0.61,35.5,0.6,25.0,0.59,55.0,0.64,49.21,0.65,95.0,0.66,15.0,0.67,30.0,0.68,157.0,0.36,49.21,0.35,95.0,0.34,15.0,0.33,30.0,0.32,157.0,0.37,86.29,0.38,170.09,0.39,35.5,0.4,25.0,0.41,55.0,0.01,0.01,2386.398107,1776160212000
1776160213.376,13.376,0.63,136.29,0.62,112.09,0.61,35.5,0.6,25.0,0.59,35.0,0.64,112.62,0.65,37.0,0.66,15.0,0.67,30.0,0.68,100.0,0.36,49.21,0.35,95.0,0.34,15.0,0.33,30.0,0.32,157.0,0.37,86.29,0.38,170.09,0.39,35.5,0.4,25.0,0.41,55.0,0.01,0.01,2386.398107,1776160212000
1776160214.083,14.083,0.63,136.29,0.62,112.09,0.61,35.5,0.6,25.0,0.59,35.0,0.64,112.62,0.65,37.0,0.66,15.0,0.67,30.0,0.68,100.0,0.36,112.62,0.35,37.0,0.34,15.0,0.33,30.0,0.32,100.0,0.37,136.29,0.38,112.09,0.39,35.5,0.4,25.0,0.41,35.0,0.01,0.01,2386.332405,1776160213000
1776160214.494,14.494,0.63,164.76,0.62,112.09,0.61,35.5,0.6,25.0,0.59,35.0,0.64,90.35,0.65,47.5,0.66,73.0,0.67,20.0,0.68,157.0,0.36,108.35,0.35,47.5,0.34,73.0,0.33,30.0,0.32,100.0,0.37,154.76,0.38,112.09,0.39,35.5,0.4,25.0,0.41,35.0,0.01,0.01,2386.332405,1776160213000
1776160215.111,15.111,0.65,5.91,0.63,210.65,0.62,159.09,0.61,173.06,0.6,121.0,0.69,36.73,0.7,61.0,0.71,50.99,0.72,73.0,0.73,85.0,0.36,90.35,0.35,47.5,0.34,73.0,0.33,20.0,0.32,157.0,0.37,161.22,0.38,112.09,0.39,35.5,0.4,25.0,0.41,35.0,0.04,0.01,2386.332405,1776160213000
1776160215.387,15.387,0.68,40.0,0.67,25.0,0.66,30.5,0.65,120.91,0.64,149.0,0.7,45.8,0.71,44.98,0.72,20.0,0.73,90.0,0.74,39.0,0.31,9.8,0.3,61.0,0.29,44.98,0.28,78.0,0.27,90.0,0.32,30.0,0.33,20.0,0.34,30.5,0.35,120.91,0.36,145.0,0.02,0.01,2386.350475,1776160214000
1776160215.713,15.713,0.69,20.0,0.68,112.0,0.67,49.0,0.66,36.5,0.65,134.91,0.7,36.72,0.71,39.98,0.72,20.0,0.73,85.0,0.74,39.0,0.3,44.22,0.29,44.98,0.28,20.0,0.27,90.0,0.26,39.0,0.32,40.0,0.33,30.0,0.34,30.5,0.35,120.91,0.36,149.0,0.01,0.02,2386.350475,1776160214000
1776160216.162,16.162,0.69,162.0,0.68,59.0,0.67,49.5,0.66,52.5,0.65,139.91,0.7,4.0,0.71,64.98,0.72,72.0,0.73,115.0,0.74,69.0,0.3,29.57,0.29,64.98,0.28,40.0,0.27,115.0,0.26,102.0,0.31,15.0,0.32,112.0,0.33,44.0,0.34,52.5,0.35,153.91,0.01,0.01,2386.350475,1776160214000
1776160216.774,16.774,0.7,160.4,0.69,53.77,0.68,74.5,0.67,54.5,0.66,46.5,0.71,47.43,0.72,56.0,0.73,173.0,0.74,64.0,0.75,140.0,0.3,10.0,0.29,75.48,0.28,40.0,0.27,115.0,0.26,64.0,0.31,168.77,0.32,79.5,0.33,49.5,0.34,36.5,0.35,27.91,0.01,0.01,2386.36174,1776160215000
1776160217.0,17.0,0.7,170.4,0.69,53.77,0.68,69.5,0.67,46.5,0.66,166.5,0.71,36.44,0.72,61.5,0.73,20.0,0.74,54.0,0.75,103.0,0.29,41.03,0.28,51.0,0.27,148.0,0.26,54.0,0.25,130.0,0.3,155.4,0.31,53.77,0.32,69.5,0.33,54.5,0.34,46.5,0.01,0.01,2386.37174,1776160216000
1776160217.235,17.235,0.71,15.0,0.7,185.4,0.69,48.77,0.68,69.5,0.67,46.5,0.72,61.5,0.73,20.0,0.74,112.0,0.75,45.0,0.76,121.27,0.28,66.5,0.27,20.0,0.26,112.0,0.25,45.0,0.24,64.27,0.3,185.4,0.31,53.77,0.32,69.5,0.33,46.5,0.34,166.5,0.01,0.02,2386.37174,1776160216000
1776160218.04,18.04,0.71,98.28,0.7,118.9,0.69,49.27,0.68,54.5,0.67,51.5,0.72,27.89,0.73,60.5,0.74,112.0,0.75,97.0,0.76,63.0,0.28,59.97,0.27,55.0,0.26,112.0,0.25,45.0,0.24,121.27,0.29,40.0,0.3,190.4,0.31,48.77,0.32,64.5,0.33,46.5,0.01,0.01,2386.37174,1776160216000
1776160218.292,18.292,0.71,93.28,0.7,113.5,0.69,49.27,0.68,54.5,0.67,51.5,0.72,19.21,0.73,60.5,0.74,112.0,0.75,97.0,0.76,63.0,0.28,27.89,0.27,60.5,0.26,112.0,0.25,97.0,0.24,63.0,0.29,98.28,0.3,118.9,0.31,49.27,0.32,54.5,0.33,51.5,0.01,0.01,2386.87833,1776160217000
1776160219.256,19.256,0.71,93.28,0.7,113.5,0.69,49.27,0.68,54.5,0.67,51.5,0.72,19.21,0.73,60.5,0.74,112.0,0.75,97.0,0.76,63.0,0.28,19.21,0.27,60.5,0.26,112.0,0.25,97.0,0.24,63.0,0.29,93.28,0.3,113.5,0.31,49.27,0.32,54.5,0.33,51.5,0.01,0.01,2386.948845,1776160218000
1776160220.34,20.34,0.71,93.28,0.7,113.5,0.69,49.27,0.68,54.5,0.67,51.5,0.72,19.21,0.73,60.5,0.74,112.0,0.75,97.0,0.76,63.0,0.28,19.21,0.27,60.5,0.26,112.0,0.25,97.0,0.24,63.0,0.29,93.28,0.3,113.5,0.31,49.27,0.32,54.5,0.33,51.5,0.01,0.01,2387.031795,1776160219000
1776160220.914,20.914,0.72,171.68,0.71,60.5,0.7,58.5,0.69,57.36,0.68,152.5,0.74,14.0,0.75,57.49,0.76,20.0,0.77,102.0,0.78,134.27,0.26,14.0,0.25,57.49,0.24,20.0,0.23,102.0,0.22,134.27,0.28,171.68,0.29,60.5,0.3,58.5,0.31,57.36,0.32,152.5,0.02,0.02,2387.03883,1776160220000
1776160221.639,21.639,0.73,185.0,0.72,67.18,0.71,58.5,0.7,48.5,0.69,55.36,0.74,9.0,0.75,44.49,0.76,88.5,0.77,102.0,0.78,141.37,0.26,14.0,0.25,57.49,0.24,20.0,0.23,55.0,0.22,191.27,0.27,186.29,0.28,67.18,0.29,50.5,0.3,48.5,0.31,57.36,0.01,0.01,2387.03883,1776160220000
1776160222.084,22.084,0.73,185.0,0.72,67.18,0.71,58.5,0.7,48.5,0.69,55.36,0.74,9.0,0.75,44.49,0.76,88.5,0.77,102.0,0.78,141.37,0.26,9.0,0.25,44.49,0.24,88.5,0.23,102.0,0.22,141.37,0.27,185.0,0.28,67.18,0.29,58.5,0.3,48.5,0.31,55.36,0.01,0.01,2387.07637,1776160221000
1776160222.38,22.38,0.67,10.0,0.66,10.0,0.65,25.0,0.64,61.17,0.63,87.09,0.68,14.91,0.71,27.93,0.72,35.5,0.73,219.17,0.74,108.0,0.26,217.08,0.25,73.49,0.24,85.5,0.23,56.27,0.22,57.1,0.3,5.0,0.31,5.09,0.34,15.0,0.35,25.0,0.36,61.17,0.01,0.04,2387.07637,1776160221000
1776160222.711,22.711,0.66,10.0,0.65,35.5,0.64,61.17,0.63,87.09,0.62,109.59,0.68,191.91,0.69,62.08,0.7,10.0,0.71,49.93,0.72,47.5,0.32,94.91,0.31,20.5,0.3,10.0,0.29,125.51,0.28,71.5,0.33,6.66,0.34,10.0,0.35,35.5,0.36,61.17,0.37,87.09,0.02,0.01,2387.07637,1776160221000
1776160223.026,23.026,0.66,10.0,0.65,35.5,0.64,61.17,0.63,87.09,0.62,109.59,0.68,191.91,0.69,62.08,0.7,10.0,0.71,49.93,0.72,47.5,0.32,191.91,0.31,62.08,0.3,10.0,0.29,49.93,0.28,47.5,0.34,10.0,0.35,35.5,0.36,61.17,0.37,87.09,0.38,109.59,0.02,0.02,2387.11471,1776160222000
1776160223.526,23.526,0.67,6.96,0.66,10.0,0.65,35.5,0.64,61.17,0.63,95.09,0.68,276.49,0.69,62.08,0.7,22.0,0.71,49.93,0.72,55.5,0.32,191.91,0.31,62.08,0.3,10.0,0.29,49.93,0.28,47.5,0.34,10.0,0.35,35.5,0.36,61.17,0.37,87.09,0.38,109.59,0.01,0.02,2387.11471,1776160222000
1776160224.534,24.534,0.64,46.17,0.63,82.09,0.62,102.59,0.61,50.0,0.6,65.0,0.66,4.69,0.67,10.0,0.68,203.91,0.69,67.08,0.7,27.0,0.32,276.49,0.31,62.08,0.3,22.0,0.29,49.93,0.28,55.5,0.33,6.96,0.34,10.0,0.35,35.5,0.36,61.17,0.37,95.09,0.02,0.01,2387.11471,1776160222000
1776160224.782,24.782,0.64,42.08,0.63,15.09,0.62,203.59,0.61,25.0,0.6,60.0,0.66,14.69,0.67,15.0,0.68,183.91,0.69,63.5,0.7,84.0,0.34,4.69,0.33,10.0,0.32,203.91,0.31,67.08,0.3,27.0,0.36,46.17,0.37,82.09,0.38,102.59,0.39,50.0,0.4,65.0,0.02,0.02,2386.84885,1776160223000
1776160225.371,25.371,0.64,42.08,0.63,15.09,0.62,203.59,0.61,25.0,0.6,60.0,0.66,14.69,0.67,15.0,0.68,183.91,0.69,63.5,0.7,84.0,0.34,14.69,0.33,15.0,0.32,183.91,0.31,63.5,0.3,84.0,0.36,42.08,0.37,15.09,0.38,203.59,0.39,25.0,0.4,60.0,0.02,0.02,2386.576415,1776160224000
1776160225.978,25.978,0.65,16.94,0.64,47.08,0.63,20.5,0.62,146.59,0.61,90.0,0.66,29.69,0.67,93.59,0.68,136.41,0.69,53.0,0.7,35.0,0.34,14.69,0.33,15.0,0.32,183.91,0.31,63.5,0.3,84.0,0.36,42.08,0.37,15.09,0.38,203.59,0.39,25.0,0.4,60.0,0.01,0.02,2386.576415,1776160224000
1776160226.703,26.703,0.65,12.65,0.64,47.08,0.63,20.5,0.62,146.59,0.61,90.0,0.66,34.78,0.67,103.59,0.68,146.41,0.69,63.0,0.7,45.0,0.34,34.78,0.33,103.59,0.32,146.41,0.31,63.0,0.3,45.0,0.35,12.65,0.36,47.08,0.37,20.5,0.38,146.59,0.39,90.0,0.01,0.01,2386.550415,1776160225000
1776160227.341,27.341,0.64,34.73,0.63,25.5,0.62,141.59,0.61,85.0,0.6,36.0,0.66,49.78,0.67,130.58,0.68,141.41,0.69,58.0,0.7,68.1,0.34,34.78,0.33,103.59,0.32,146.41,0.31,63.0,0.3,45.0,0.35,12.65,0.36,47.08,0.37,20.5,0.38,146.59,0.39,90.0,0.02,0.01,2386.550415,1776160225000
1776160228.363,28.363,0.64,108.23,0.63,45.5,0.62,140.59,0.61,28.0,0.6,36.0,0.65,18.0,0.66,77.09,0.67,88.09,0.68,131.41,0.69,58.0,0.34,49.78,0.33,130.58,0.32,141.41,0.31,58.0,0.3,68.1,0.36,34.73,0.37,25.5,0.38,141.59,0.39,85.0,0.4,36.0,0.01,0.02,2386.437525,1776160226000
1776160228.606,28.606,0.64,108.23,0.63,45.5,0.62,140.59,0.61,28.0,0.6,36.0,0.65,18.0,0.66,77.09,0.67,88.09,0.68,131.41,0.69,58.0,0.35,18.0,0.34,77.09,0.33,88.09,0.32,131.41,0.31,58.0,0.36,108.23,0.37,45.5,0.38,140.59,0.39,28.0,0.4,36.0,0.01,0.01,2386.431545,1776160227000
1776160229.282,29.282,0.64,108.23,0.63,45.5,0.62,140.59,0.61,28.0,0.6,36.0,0.65,18.0,0.66,77.09,0.67,88.09,0.68,131.41,0.69,58.0,0.35,18.0,0.34,77.09,0.33,88.09,0.32,131.41,0.31,58.0,0.36,108.23,0.37,45.5,0.38,140.59,0.39,28.0,0.4,36.0,0.01,0.01,2386.4054,1776160228000
1776160230.59,30.59,0.65,103.5,0.64,117.23,0.63,35.5,0.62,83.59,0.61,20.0,0.66,8.09,0.67,77.09,0.68,168.91,0.69,47.6,0.7,40.0,0.34,8.09,0.33,77.09,0.32,168.91,0.31,47.6,0.3,40.0,0.35,103.5,0.36,117.23,0.37,35.5,0.38,83.59,0.39,20.0,0.01,0.01,2386.41065,1776160229000
1776160231.169,31.169,0.66,193.55,0.65,98.5,0.64,55.23,0.63,30.5,0.62,83.59,0.67,20.09,0.68,109.91,0.69,62.49,0.7,88.0,0.71,97.1,0.33,20.09,0.32,109.91,0.31,62.49,0.3,88.0,0.29,97.1,0.34,193.55,0.35,98.5,0.36,55.23,0.37,30.5,0.38,83.59,0.01,0.01,2386.416645,1776160230000
1776160232.539,32.539,0.67,22.46,0.66,207.55,0.65,35.5,0.64,50.23,0.63,30.5,0.68,88.0,0.69,15.0,0.7,116.5,0.71,62.1,0.72,40.0,0.32,88.0,0.31,15.0,0.3,116.5,0.29,62.1,0.28,40.0,0.33,22.46,0.34,207.55,0.35,35.5,0.36,50.23,0.37,30.5,0.01,0.01,2386.519125,1776160231000
1776160232.971,32.971,0.67,266.46,0.66,124.55,0.65,30.5,0.64,50.23,0.63,145.5,0.68,85.86,0.69,20.0,0.7,101.5,0.71,54.99,0.72,40.0,0.32,88.0,0.31,15.0,0.3,116.5,0.29,62.1,0.28,40.0,0.33,22.46,0.34,207.55,0.35,35.5,0.36,50.23,0.37,30.5,0.01,0.01,2386.519125,1776160231000
1776160233.198,33.198,0.67,288.46,0.66,67.73,0.65,30.5,0.64,50.23,0.63,151.68,0.68,87.22,0.69,15.0,0.7,37.5,0.71,43.99,0.72,75.0,0.32,83.72,0.31,15.0,0.3,37.5,0.29,43.99,0.28,75.0,0.33,251.46,0.34,67.55,0.35,30.5,0.36,50.23,0.37,145.5,0.01,0.01,2386.57039,1776160232000
1776160233.806,33.806,0.67,288.46,0.66,67.73,0.65,30.5,0.64,50.23,0.63,145.5,0.68,85.72,0.69,15.0,0.7,95.5,0.71,43.99,0.72,74.0,0.32,87.22,0.31,15.0,0.3,37.5,0.29,43.99,0.28,75.0,0.33,288.46,0.34,67.73,0.35,30.5,0.36,50.23,0.37,151.68,0.01,0.01,2386.57039,1776160232000
1776160234.396,34.396,0.67,288.46,0.66,67.73,0.65,30.5,0.64,50.23,0.63,145.5,0.68,85.72,0.69,15.0,0.7,95.5,0.71,43.99,0.72,74.0,0.32,85.72,0.31,15.0,0.3,95.5,0.29,43.99,0.28,74.0,0.33,288.46,0.34,67.73,0.35,30.5,0.36,50.23,0.37,145.5,0.01,0.01,2386.64759,1776160233000
1776160234.879,34.879,0.69,181.0,0.68,40.59,0.67,177.46,0.66,55.68,0.65,38.5,0.7,24.68,0.71,40.94,0.72,176.49,0.73,28.0,0.74,107.0,0.3,27.0,0.29,40.94,0.28,165.99,0.27,20.0,0.26,107.0,0.33,328.46,0.34,62.73,0.35,38.5,0.36,171.23,0.37,67.49,0.01,0.03,2386.64759,1776160233000
1776160235.085,35.085,0.69,186.0,0.68,50.59,0.67,177.46,0.66,50.68,0.65,38.5,0.7,23.05,0.71,40.94,0.72,176.49,0.73,28.0,0.74,107.0,0.3,24.68,0.29,40.94,0.28,176.49,0.27,28.0,0.26,107.0,0.31,181.0,0.32,40.59,0.33,177.46,0.34,55.68,0.35,38.5,0.01,0.01,2386.64847,1776160234000
1776160236.169,36.169,0.69,186.0,0.68,50.59,0.67,177.46,0.66,50.68,0.65,38.5,0.7,23.05,0.71,40.94,0.72,176.49,0.73,28.0,0.74,107.0,0.3,23.05,0.29,40.94,0.28,176.49,0.27,28.0,0.26,107.0,0.31,186.0,0.32,50.59,0.33,177.46,0.34,50.68,0.35,38.5,0.01,0.01,2386.804742,1776160235000
1776160237.082,37.082,0.72,184.0,0.71,15.0,0.7,20.0,0.69,151.5,0.68,84.58,0.74,13.45,0.75,95.0,0.76,25.0,0.77,59.0,0.78,20.0,0.3,23.05,0.29,40.94,0.28,176.49,0.27,28.0,0.26,107.0,0.31,186.0,0.32,50.59,0.33,177.46,0.34,50.68,0.35,38.5,0.02,0.01,2386.804742,1776160235000
1776160237.456,37.456,0.73,90.0,0.72,15.0,0.71,45.5,0.7,30.5,0.69,151.5,0.75,80.77,0.76,48.94,0.77,59.0,0.78,20.0,0.79,48.0,0.25,80.77,0.24,48.94,0.23,59.0,0.22,20.0,0.21,48.0,0.27,90.0,0.28,15.0,0.29,45.5,0.3,30.5,0.31,151.5,0.02,0.02,2386.83,1776160236000
1776160237.726,37.726,0.73,179.0,0.72,25.0,0.71,165.5,0.7,30.5,0.69,139.5,0.74,7.97,0.75,91.27,0.76,37.0,0.77,63.99,0.78,20.0,0.26,10.0,0.25,80.77,0.24,37.0,0.23,63.99,0.22,20.0,0.27,151.2,0.28,25.0,0.29,50.5,0.3,30.5,0.31,254.5,0.01,0.01,2386.83,1776160236000
1776160237.98,37.98,0.73,179.0,0.72,25.0,0.71,165.5,0.7,30.5,0.69,139.5,0.74,7.97,0.75,91.27,0.76,37.0,0.77,63.99,0.78,20.0,0.26,7.97,0.25,91.27,0.24,37.0,0.23,63.99,0.22,20.0,0.27,179.0,0.28,25.0,0.29,165.5,0.3,30.5,0.31,139.5,0.01,0.01,2386.72269,1776160237000
1776160238.286,38.286,0.72,241.91,0.71,162.5,0.7,30.5,0.69,30.5,0.68,48.59,0.73,15.0,0.74,33.06,0.75,127.26,0.76,93.0,0.77,38.0,0.26,100.56,0.25,127.26,0.24,109.0,0.23,59.0,0.22,41.0,0.28,10.0,0.29,32.0,0.3,87.5,0.31,87.5,0.32,40.59,0.01,0.02,2386.72269,1776160237000
1776160238.608,38.608,0.72,111.24,0.71,162.5,0.7,35.5,0.69,35.5,0.68,48.59,0.73,15.0,0.74,28.06,0.75,132.26,0.76,127.0,0.77,38.0,0.27,15.0,0.26,28.06,0.25,127.26,0.24,131.0,0.23,38.0,0.28,89.82,0.29,162.5,0.3,30.5,0.31,30.5,0.32,48.59,0.01,0.01,2386.72269,1776160237000
1776160238.812,38.812,0.72,139.24,0.71,157.5,0.7,30.5,0.69,30.5,0.68,43.59,0.75,61.32,0.76,83.0,0.77,33.0,0.78,41.0,0.79,89.0,0.27,15.0,0.26,28.06,0.25,132.26,0.24,127.0,0.23,38.0,0.28,111.24,0.29,162.5,0.3,35.5,0.31,35.5,0.32,48.59,0.03,0.01,2386.72269,1776160237000
1776160239.326,39.326,0.73,140.99,0.72,15.0,0.71,32.5,0.7,20.5,0.69,20.5,0.75,71.32,0.76,219.0,0.77,23.0,0.78,10.0,0.79,74.0,0.25,61.32,0.24,83.0,0.23,33.0,0.22,41.0,0.21,89.0,0.28,139.24,0.29,157.5,0.3,30.5,0.31,30.5,0.32,43.59,0.02,0.03,2386.72269,1776160237000
1776160239.724,39.724,0.73,140.99,0.72,15.0,0.71,32.5,0.7,20.5,0.69,20.5,0.75,71.32,0.76,219.0,0.77,23.0,0.78,10.0,0.79,74.0,0.25,71.32,0.24,219.0,0.23,23.0,0.22,10.0,0.21,74.0,0.27,140.99,0.28,15.0,0.29,32.5,0.3,20.5,0.31,20.5,0.02,0.02,2386.90869,1776160238000
1776160240.352,40.352,0.74,85.0,0.73,127.99,0.72,15.0,0.71,32.5,0.7,20.5,0.75,55.82,0.76,170.5,0.77,23.0,0.78,10.0,0.79,74.0,0.25,71.32,0.24,219.0,0.23,23.0,0.22,10.0,0.21,74.0,0.27,140.99,0.28,15.0,0.29,32.5,0.3,20.5,0.31,20.5,0.01,0.02,2386.90869,1776160238000
1776160240.587,40.587,0.74,74.7,0.73,127.99,0.72,15.0,0.71,32.5,0.7,20.5,0.75,55.82,0.76,170.5,0.77,23.0,0.78,10.0,0.79,74.0,0.25,55.82,0.24,170.5,0.23,23.0,0.22,10.0,0.21,74.0,0.26,68.46,0.27,127.99,0.28,15.0,0.29,32.5,0.3,20.5,0.01,0.01,2386.91093,1776160239000
1776160240.972,40.972,0.74,79.7,0.73,127.99,0.72,15.0,0.71,32.5,0.7,20.5,0.75,53.26,0.76,170.5,0.77,23.0,0.78,10.0,0.79,74.0,0.25,55.82,0.24,170.5,0.23,23.0,0.22,10.0,0.21,74.0,0.26,74.7,0.27,127.99,0.28,15.0,0.29,32.5,0.3,20.5,0.01,0.01,2386.91093,1776160239000
1776160241.301,41.301,0.74,139.93,0.73,127.99,0.72,15.0,0.71,32.5,0.7,20.5,0.75,51.46,0.76,170.5,0.77,15.0,0.78,18.0,0.79,61.0,0.25,51.46,0.24,170.5,0.23,23.0,0.22,10.0,0.21,74.0,0.26,89.7,0.27,127.99,0.28,15.0,0.29,32.5,0.3,20.5,0.01,0.01,2386.91093,1776160239000
1776160242.042,42.042,0.74,116.85,0.73,127.99,0.72,10.0,0.71,32.5,0.7,20.5,0.75,61.96,0.76,170.5,0.77,15.0,0.78,18.0,0.79,61.0,0.25,61.96,0.24,170.5,0.23,15.0,0.22,18.0,0.21,61.0,0.26,116.85,0.27,127.99,0.28,10.0,0.29,32.5,0.3,20.5,0.01,0.01,2386.93885,1776160241000
1776160243.504,43.504,0.74,46.09,0.73,5.0,0.72,10.0,0.71,22.0,0.7,28.5,0.75,168.96,0.76,63.5,0.77,15.0,0.78,18.0,0.79,82.0,0.25,56.96,0.24,113.5,0.23,15.0,0.22,18.0,0.21,68.1,0.26,130.17,0.27,12.99,0.28,73.0,0.29,89.5,0.3,20.5,0.01,0.01,2386.93885,1776160241000
1776160244.249,44.249,0.74,46.09,0.73,5.0,0.72,10.0,0.71,22.0,0.7,28.5,0.75,168.96,0.76,63.5,0.77,15.0,0.78,18.0,0.79,82.0,0.25,168.96,0.24,63.5,0.23,15.0,0.22,18.0,0.21,82.0,0.26,46.09,0.27,5.0,0.28,10.0,0.29,22.0,0.3,28.5,0.01,0.01,2386.930955,1776160243000
1776160244.797,44.797,0.73,3.93,0.72,15.0,0.71,80.0,0.7,28.5,0.69,20.5,0.74,156.05,0.75,147.97,0.76,46.5,0.77,15.0,0.78,18.0,0.25,168.96,0.24,63.5,0.23,15.0,0.22,18.0,0.21,82.0,0.26,46.09,0.27,5.0,0.28,10.0,0.29,22.0,0.3,28.5,0.01,0.01,2386.930955,1776160243000
1776160245.412,45.412,0.73,3.93,0.72,15.0,0.71,109.49,0.7,20.5,0.69,28.5,0.74,165.98,0.75,147.97,0.76,46.5,0.77,15.0,0.78,18.0,0.26,156.05,0.25,147.97,0.24,46.5,0.23,15.0,0.22,18.0,0.27,3.93,0.28,15.0,0.29,80.0,0.3,28.5,0.31,20.5,0.01,0.01,2386.930955,1776160243000
1776160245.701,45.701,0.73,3.93,0.72,15.0,0.71,109.49,0.7,20.5,0.69,28.5,0.74,178.48,0.75,147.97,0.76,46.5,0.77,15.0,0.78,18.0,0.26,178.48,0.25,147.97,0.24,46.5,0.23,15.0,0.22,18.0,0.27,3.93,0.28,15.0,0.29,109.49,0.3,20.5,0.31,28.5,0.01,0.01,2386.925425,1776160244000
1776160245.97,45.97,0.71,106.56,0.7,20.5,0.69,28.5,0.68,25.59,0.67,190.5,0.73,10.0,0.74,193.99,0.75,109.97,0.76,46.5,0.77,15.0,0.26,173.48,0.25,147.97,0.24,46.5,0.23,15.0,0.22,18.0,0.28,8.07,0.29,109.49,0.3,20.5,0.31,28.5,0.32,25.59,0.02,0.02,2386.925425,1776160244000
1776160246.656,46.656,0.71,108.8,0.7,77.5,0.69,28.5,0.68,25.59,0.67,133.5,0.73,40.0,0.74,122.99,0.75,51.97,0.76,104.5,0.77,15.0,0.27,40.0,0.26,122.99,0.25,51.97,0.24,104.5,0.23,15.0,0.29,108.8,0.3,77.5,0.31,28.5,0.32,25.59,0.33,133.5,0.02,0.02,2386.875955,1776160245000
1776160247.24,47.24,0.71,138.62,0.7,30.5,0.69,28.5,0.68,46.59,0.67,154.5,0.73,126.0,0.74,90.99,0.75,89.97,0.76,104.5,0.77,46.1,0.27,91.0,0.26,127.99,0.25,79.47,0.24,104.5,0.23,17.1,0.29,145.62,0.3,25.5,0.31,28.5,0.32,25.59,0.33,133.5,0.02,0.02,2386.875955,1776160245000
1776160248.226,48.226,0.71,138.62,0.7,30.5,0.69,28.5,0.68,46.59,0.67,154.5,0.73,126.0,0.74,90.99,0.75,89.97,0.76,104.5,0.77,46.1,0.27,126.0,0.26,90.99,0.25,89.97,0.24,104.5,0.23,46.1,0.29,138.62,0.3,30.5,0.31,28.5,0.32,46.59,0.33,154.5,0.02,0.02,2386.808915,1776160247000
1776160248.74,48.74,0.71,16.99,0.7,78.0,0.69,77.5,0.68,33.59,0.67,141.5,0.72,168.0,0.73,30.5,0.74,128.99,0.75,46.5,0.76,31.0,0.27,126.0,0.26,90.99,0.25,89.97,0.24,104.5,0.23,46.1,0.29,138.62,0.3,30.5,0.31,28.5,0.32,46.59,0.33,154.5,0.01,0.02,2386.808915,1776160247000
1776160249.619,49.619,0.71,16.99,0.7,78.0,0.69,77.5,0.68,33.59,0.67,141.5,0.72,168.0,0.73,30.5,0.74,128.99,0.75,46.5,0.76,31.0,0.28,168.0,0.27,30.5,0.26,128.99,0.25,46.5,0.24,31.0,0.29,16.99,0.3,78.0,0.31,77.5,0.32,33.59,0.33,141.5,0.01,0.01,2386.77942,1776160248000
1776160249.991,49.991,0.69,78.5,0.68,30.59,0.67,25.5,0.66,82.18,0.65,174.0,0.72,198.09,0.73,66.05,0.74,59.5,0.75,49.0,0.76,105.7,0.28,168.0,0.27,30.5,0.26,128.99,0.25,46.5,0.24,31.0,0.29,16.99,0.3,78.0,0.31,77.5,0.32,33.59,0.33,141.5,0.03,0.01,2386.77942,1776160248000
1776160250.407,50.407,0.69,78.5,0.68,30.59,0.67,25.5,0.66,82.18,0.65,174.0,0.72,198.09,0.73,66.05,0.74,59.5,0.75,49.0,0.76,105.7,0.28,198.09,0.27,66.05,0.26,59.5,0.25,49.0,0.24,105.7,0.31,78.5,0.32,30.59,0.33,25.5,0.34,82.18,0.35,174.0,0.03,0.03,2386.78942,1776160249000
1776160250.663,50.663,0.69,34.48,0.68,97.59,0.67,25.5,0.66,25.18,0.65,174.0,0.7,90.91,0.71,35.27,0.72,127.59,0.73,134.55,0.74,59.5,0.3,81.0,0.29,25.09,0.28,117.09,0.27,134.55,0.26,59.5,0.31,18.98,0.32,97.59,0.33,25.5,0.34,25.18,0.35,174.0,0.01,0.01,2386.78942,1776160249000
1776160251.091,51.091,0.69,34.48,0.68,97.59,0.67,25.5,0.66,25.18,0.65,174.0,0.7,90.91,0.71,35.27,0.72,127.59,0.73,134.55,0.74,59.5,0.3,90.91,0.29,35.27,0.28,127.59,0.27,134.55,0.26,59.5,0.31,34.48,0.32,97.59,0.33,25.5,0.34,25.18,0.35,174.0,0.01,0.01,2386.76536,1776160250000
1776160251.916,51.916,0.69,83.48,0.68,97.59,0.67,25.5,0.66,25.18,0.65,175.0,0.7,105.71,0.71,35.27,0.72,185.59,0.73,76.55,0.74,78.2,0.3,90.91,0.29,35.27,0.28,127.59,0.27,134.55,0.26,59.5,0.31,34.48,0.32,97.59,0.33,25.5,0.34,25.18,0.35,174.0,0.01,0.01,2386.76536,1776160250000
1776160252.496,52.496,0.69,83.48,0.68,97.59,0.67,25.5,0.66,25.18,0.65,161.82,0.7,101.42,0.71,35.27,0.72,193.64,0.73,76.55,0.74,78.2,0.3,101.42,0.29,35.27,0.28,193.64,0.27,76.55,0.26,78.2,0.31,83.48,0.32,97.59,0.33,25.5,0.34,25.18,0.35,161.82,0.01,0.01,2386.72401,1776160251000
1776160253.334,53.334,0.69,83.48,0.68,97.59,0.67,25.5,0.66,25.18,0.65,161.82,0.7,101.42,0.71,35.27,0.72,193.64,0.73,76.55,0.74,78.2,0.3,101.42,0.29,35.27,0.28,193.64,0.27,76.55,0.26,78.2,0.31,83.48,0.32,97.59,0.33,25.5,0.34,25.18,0.35,161.82,0.01,0.01,2386.775407,1776160252000
1776160254.22,54.22,0.69,83.48,0.68,97.59,0.67,25.5,0.66,25.18,0.65,161.82,0.7,101.42,0.71,35.27,0.72,193.64,0.73,76.55,0.74,78.2,0.3,101.42,0.29,35.27,0.28,193.64,0.27,76.55,0.26,78.2,0.31,83.48,0.32,97.59,0.33,25.5,0.34,25.18,0.35,161.82,0.01,0.01,2386.710697,1776160253000
1776160254.809,54.809,0.68,14.59,0.67,30.5,0.66,140.18,0.65,44.0,0.64,204.73,0.69,40.0,0.7,111.42,0.71,35.27,0.72,80.64,0.73,94.85,0.3,101.42,0.29,35.27,0.28,193.64,0.27,76.55,0.26,78.2,0.31,83.48,0.32,97.59,0.33,25.5,0.34,25.18,0.35,161.82,0.01,0.01,2386.710697,1776160253000
1776160255.088,55.088,0.68,9.09,0.67,35.5,0.66,140.18,0.65,44.0,0.64,204.73,0.69,32.82,0.7,111.42,0.71,45.77,0.72,80.64,0.73,94.85,0.31,32.82,0.3,111.42,0.29,45.77,0.28,80.64,0.27,94.85,0.32,20.09,0.33,35.5,0.34,140.18,0.35,44.0,0.36,204.73,0.01,0.01,2386.710697,1776160253000
1776160255.514,55.514,0.68,9.09,0.67,35.5,0.66,140.18,0.65,44.0,0.64,204.73,0.69,32.82,0.7,111.42,0.71,45.77,0.72,80.64,0.73,94.85,0.31,32.82,0.3,111.42,0.29,45.77,0.28,80.64,0.27,94.85,0.32,9.09,0.33,35.5,0.34,140.18,0.35,44.0,0.36,204.73,0.01,0.01,2386.688705,1776160254000
1776160256.229,56.229,0.68,9.09,0.67,35.5,0.66,140.18,0.65,44.0,0.64,204.73,0.69,32.82,0.7,111.42,0.71,45.77,0.72,80.64,0.73,94.85,0.31,32.82,0.3,111.42,0.29,45.77,0.28,80.64,0.27,94.85,0.32,9.09,0.33,35.5,0.34,140.18,0.35,44.0,0.36,204.73,0.01,0.01,2386.688705,1776160255000
1776160256.456,56.456,0.68,4.0,0.67,35.5,0.66,140.18,0.65,21.0,0.64,177.73,0.69,42.82,0.7,132.42,0.71,45.77,0.72,80.64,0.73,94.85,0.31,32.82,0.3,111.42,0.29,45.77,0.28,80.64,0.27,94.85,0.32,9.09,0.33,35.5,0.34,140.18,0.35,44.0,0.36,204.73,0.01,0.01,2386.688705,1776160255000
1776160256.983,56.983,0.68,4.0,0.67,93.5,0.66,82.18,0.65,21.0,0.64,165.73,0.69,41.37,0.7,247.42,0.71,45.77,0.72,91.64,0.73,64.8,0.31,42.82,0.3,132.42,0.29,45.77,0.28,80.64,0.27,94.85,0.32,4.0,0.33,35.5,0.34,140.18,0.35,21.0,0.36,177.73,0.01,0.01,2386.688705,1776160255000
1776160257.579,57.579,0.68,4.0,0.67,93.5,0.66,82.18,0.65,21.0,0.64,165.73,0.69,41.37,0.7,247.42,0.71,45.77,0.72,91.64,0.73,64.8,0.31,41.37,0.3,247.42,0.29,45.77,0.28,91.64,0.27,64.8,0.32,4.0,0.33,93.5,0.34,82.18,0.35,21.0,0.36,165.73,0.01,0.01,2386.63662,1776160256000
1776160258.21,58.21,0.66,82.68,0.65,82.5,0.64,34.73,0.63,36.0,0.62,115.59,0.67,21.94,0.68,81.99,0.69,99.87,0.7,111.5,0.71,134.77,0.31,41.37,0.3,247.42,0.29,45.77,0.28,91.64,0.27,64.8,0.32,4.0,0.33,93.5,0.34,82.18,0.35,21.0,0.36,165.73,0.01,0.01,2386.63662,1776160256000
1776160258.591,58.591,0.66,57.7,0.65,92.5,0.64,34.73,0.63,46.0,0.62,115.59,0.67,24.08,0.68,81.55,0.69,183.87,0.7,111.5,0.71,134.77,0.33,36.94,0.32,92.49,0.31,99.87,0.3,111.5,0.29,134.77,0.34,42.2,0.35,87.5,0.36,34.73,0.37,36.0,0.38,115.59,0.01,0.01,2386.63662,1776160256000
1776160259.119,59.119,0.66,57.7,0.65,92.5,0.64,34.73,0.63,46.0,0.62,115.59,0.67,24.08,0.68,81.55,0.69,183.87,0.7,111.5,0.71,134.77,0.33,24.08,0.32,81.55,0.31,183.87,0.3,111.5,0.29,134.77,0.34,57.7,0.35,92.5,0.36,34.73,0.37,46.0,0.38,115.59,0.01,0.01,2386.59216,1776160258000
1776160259.331,59.331,0.66,131.46,0.65,35.5,0.64,34.73,0.63,46.0,0.62,115.59,0.67,33.47,0.68,79.59,0.69,70.86,0.7,226.5,0.71,134.77,0.33,24.08,0.32,81.55,0.31,183.87,0.3,111.5,0.29,134.77,0.34,57.7,0.35,92.5,0.36,34.73,0.37,46.0,0.38,115.59,0.01,0.01,2386.59216,1776160258000
1776160260.163,60.163,0.66,131.46,0.65,35.5,0.64,34.73,0.63,46.0,0.62,115.59,0.67,33.47,0.68,79.59,0.69,70.86,0.7,226.5,0.71,134.77,0.33,33.47,0.32,79.59,0.31,70.86,0.3,226.5,0.29,134.77,0.34,131.46,0.35,35.5,0.36,34.73,0.37,46.0,0.38,115.59,0.01,0.01,2386.48863,1776160259000
1776160260.399,60.399,0.65,48.82,0.64,154.73,0.63,20.0,0.62,84.59,0.61,43.0,0.66,73.56,0.67,180.5,0.68,85.53,0.69,89.49,0.7,132.5,0.33,33.47,0.32,79.59,0.31,70.86,0.3,226.5,0.29,134.77,0.34,131.46,0.35,35.5,0.36,34.73,0.37,46.0,0.38,115.59,0.01,0.01,2386.48863,1776160259000
1776160260.689,60.689,0.65,35.5,0.64,154.73,0.63,20.0,0.62,94.59,0.61,43.0,0.66,61.45,0.67,185.59,0.68,85.53,0.69,89.49,0.7,132.5,0.34,73.48,0.33,180.5,0.32,85.53,0.31,89.49,0.3,132.5,0.35,35.5,0.36,154.73,0.37,20.0,0.38,94.59,0.39,43.0,0.01,0.01,2386.48863,1776160259000
1776160261.038,61.038,0.65,27.64,0.64,39.73,0.63,135.0,0.62,94.59,0.61,43.0,0.66,66.45,0.67,128.59,0.68,85.53,0.69,89.49,0.7,132.5,0.34,61.45,0.33,185.59,0.32,85.53,0.31,89.49,0.3,132.5,0.35,35.5,0.36,154.73,0.37,20.0,0.38,94.59,0.39,43.0,0.01,0.01,2386.48863,1776160259000
1776160261.498,61.498,0.65,27.64,0.64,39.73,0.63,135.0,0.62,94.59,0.61,43.0,0.66,66.45,0.67,128.59,0.68,85.53,0.69,89.49,0.7,132.5,0.34,66.45,0.33,128.59,0.32,85.53,0.31,89.49,0.3,132.5,0.35,27.64,0.36,39.73,0.37,135.0,0.38,94.59,0.39,43.0,0.01,0.01,2386.456225,1776160260000
1776160262.049,62.049,0.65,27.64,0.64,39.73,0.63,135.0,0.62,94.59,0.61,43.0,0.66,66.45,0.67,128.59,0.68,85.53,0.69,89.49,0.7,132.5,0.34,66.45,0.33,128.59,0.32,85.53,0.31,89.49,0.3,132.5,0.35,27.64,0.36,39.73,0.37,135.0,0.38,94.59,0.39,43.0,0.01,0.01,2386.45649,1776160261000
1776160263.214,63.214,0.65,29.78,0.64,39.73,0.63,135.0,0.62,94.59,0.61,93.0,0.66,234.65,0.67,55.59,0.68,85.53,0.69,89.49,0.7,76.5,0.34,234.65,0.33,55.59,0.32,85.53,0.31,89.49,0.3,76.5,0.35,29.78,0.36,39.73,0.37,135.0,0.38,94.59,0.39,93.0,0.01,0.01,2386.451225,1776160262000
1776160263.968,63.968,0.65,0.28,0.64,40.59,0.63,83.5,0.62,141.59,0.61,85.0,0.66,220.15,0.67,66.59,0.68,90.53,0.69,89.49,0.7,61.5,0.34,234.65,0.33,55.59,0.32,85.53,0.31,89.49,0.3,76.5,0.35,29.78,0.36,39.73,0.37,135.0,0.38,94.59,0.39,93.0,0.01,0.01,2386.451225,1776160262000
1776160264.392,64.392,0.65,10.0,0.64,40.59,0.63,83.5,0.62,141.59,0.61,90.0,0.66,189.85,0.67,66.59,0.68,90.53,0.69,89.49,0.7,78.6,0.34,189.85,0.33,66.59,0.32,90.53,0.31,89.49,0.3,78.6,0.35,10.0,0.36,40.59,0.37,83.5,0.38,141.59,0.39,90.0,0.01,0.01,2386.454825,1776160263000
1776160264.597,64.597,0.63,14.5,0.62,135.59,0.61,78.0,0.6,52.0,0.59,172.0,0.64,5.91,0.65,84.97,0.66,105.5,0.67,99.58,0.68,66.59,0.36,5.91,0.35,53.97,0.34,105.5,0.33,99.58,0.32,66.59,0.37,25.5,0.38,135.59,0.39,78.0,0.4,52.0,0.41,172.0,0.01,0.01,2386.454825,1776160263000
1776160264.936,64.936,0.63,14.5,0.62,135.59,0.61,78.0,0.6,52.0,0.59,172.0,0.64,5.91,0.65,84.97,0.66,105.5,0.67,99.58,0.68,66.59,0.36,5.91,0.35,84.97,0.34,105.5,0.33,99.58,0.32,66.59,0.37,14.5,0.38,135.59,0.39,78.0,0.4,52.0,0.41,172.0,0.01,0.01,2386.45147,1776160264000
1776160266.05,66.05,0.63,11.03,0.62,145.59,0.61,78.0,0.6,52.0,0.59,172.0,0.64,60.91,0.65,40.5,0.66,105.5,0.67,92.64,0.68,66.59,0.36,60.91,0.35,40.5,0.34,105.5,0.33,92.64,0.32,66.59,0.37,11.03,0.38,145.59,0.39,78.0,0.4,52.0,0.41,172.0,0.01,0.01,2386.42606,1776160265000
1776160266.3,66.3,0.63,28.36,0.62,224.09,0.61,30.0,0.6,52.0,0.59,172.0,0.64,66.0,0.65,77.0,0.66,105.5,0.67,98.58,0.68,66.59,0.36,60.91,0.35,40.5,0.34,105.5,0.33,92.64,0.32,66.59,0.37,11.03,0.38,145.59,0.39,78.0,0.4,52.0,0.41,172.0,0.01,0.01,2386.42606,1776160265000
1776160267.125,67.125,0.63,41.59,0.62,224.09,0.61,30.0,0.6,52.0,0.59,172.0,0.64,66.0,0.65,77.0,0.66,105.5,0.67,92.64,0.68,66.59,0.36,66.0,0.35,77.0,0.34,105.5,0.33,92.64,0.32,66.59,0.37,41.59,0.38,224.09,0.39,30.0,0.4,52.0,0.41,172.0,0.01,0.01,2386.356675,1776160266000
1776160267.457,67.457,0.63,23.27,0.62,214.09,0.61,30.0,0.6,52.0,0.59,172.0,0.64,64.43,0.65,135.0,0.66,35.5,0.67,95.58,0.68,115.09,0.36,66.0,0.35,77.0,0.34,105.5,0.33,92.64,0.32,66.59,0.37,41.59,0.38,224.09,0.39,30.0,0.4,52.0,0.41,172.0,0.01,0.01,2386.356675,1776160266000
1776160268.182,68.182,0.63,23.27,0.62,214.09,0.61,30.0,0.6,52.0,0.59,172.0,0.64,64.43,0.65,135.0,0.66,35.5,0.67,95.58,0.68,115.09,0.36,64.43,0.35,135.0,0.34,35.5,0.33,95.58,0.32,115.09,0.37,23.27,0.38,214.09,0.39,30.0,0.4,52.0,0.41,172.0,0.01,0.01,2386.340085,1776160267000
1776160269.339,69.339,0.63,23.27,0.62,214.09,0.61,30.0,0.6,52.0,0.59,172.0,0.64,64.43,0.65,135.0,0.66,35.5,0.67,95.58,0.68,115.09,0.36,64.43,0.35,135.0,0.34,35.5,0.33,95.58,0.32,115.09,0.37,23.27,0.38,214.09,0.39,30.0,0.4,52.0,0.41,172.0,0.01,0.01,2386.3428,1776160268000
1776160269.689,69.689,0.62,112.36,0.61,30.0,0.6,52.0,0.59,172.0,0.58,112.1,0.64,64.43,0.65,145.5,0.66,35.5,0.67,95.58,0.68,83.09,0.36,64.43,0.35,135.0,0.34,35.5,0.33,95.58,0.32,115.09,0.37,23.27,0.38,214.09,0.39,30.0,0.4,52.0,0.41,172.0,0.02,0.01,2386.3428,1776160268000
1776160269.976,69.976,0.62,112.36,0.61,30.0,0.6,52.0,0.59,172.0,0.58,112.1,0.64,64.43,0.65,145.5,0.66,35.5,0.67,95.58,0.68,83.09,0.36,64.43,0.35,145.5,0.34,35.5,0.33,95.58,0.32,83.09,0.38,112.36,0.39,30.0,0.4,52.0,0.41,172.0,0.42,112.1,0.02,0.02,2386.34327,1776160269000
1776160270.25,70.25,0.63,28.32,0.62,127.36,0.61,30.0,0.6,52.0,0.59,172.0,0.64,63.21,0.65,155.5,0.66,35.5,0.67,95.58,0.68,83.09,0.36,64.43,0.35,145.5,0.34,35.5,0.33,95.58,0.32,83.09,0.38,112.36,0.39,30.0,0.4,52.0,0.41,172.0,0.42,112.1,0.01,0.02,2386.34327,1776160269000
1776160270.885,70.885,0.63,15.0,0.62,127.36,0.61,30.0,0.6,52.0,0.59,177.18,0.64,50.34,0.65,155.5,0.66,40.5,0.67,95.58,0.68,83.09,0.36,63.21,0.35,155.5,0.34,35.5,0.33,95.58,0.32,83.09,0.37,28.32,0.38,127.36,0.39,30.0,0.4,52.0,0.41,172.0,0.01,0.01,2386.34327,1776160269000
1776160272.036,72.036,0.63,14.68,0.62,117.36,0.61,30.0,0.6,52.0,0.59,177.18,0.64,60.43,0.65,155.5,0.66,35.5,0.67,88.49,0.68,115.09,0.36,50.34,0.35,155.5,0.34,40.5,0.33,95.58,0.32,83.09,0.37,15.0,0.38,127.36,0.39,30.0,0.4,52.0,0.41,177.18,0.01,0.01,2386.396888,1776160270000
1776160272.306,72.306,0.63,14.68,0.62,117.36,0.61,30.0,0.6,52.0,0.59,177.18,0.64,60.43,0.65,155.5,0.66,35.5,0.67,88.49,0.68,115.09,0.36,60.43,0.35,155.5,0.34,35.5,0.33,88.49,0.32,115.09,0.37,14.68,0.38,117.36,0.39,30.0,0.4,52.0,0.41,177.18,0.01,0.01,2386.336075,1776160271000
1776160273.191,73.191,0.63,204.18,0.62,107.36,0.61,217.0,0.6,80.99,0.59,61.0,0.66,10.0,0.67,15.0,0.68,58.58,0.69,72.5,0.7,93.5,0.36,60.43,0.35,155.5,0.34,35.5,0.33,88.49,0.32,115.09,0.37,14.68,0.38,117.36,0.39,30.0,0.4,52.0,0.41,177.18,0.03,0.01,2386.336075,1776160271000
1776160273.624,73.624,0.65,98.0,0.64,124.5,0.63,147.18,0.62,67.5,0.61,217.0,0.66,4.0,0.67,25.5,0.68,58.58,0.69,72.5,0.7,93.5,0.34,4.0,0.33,25.5,0.32,58.58,0.31,72.5,0.3,93.5,0.35,98.0,0.36,124.5,0.37,147.18,0.38,67.5,0.39,217.0,0.01,0.01,2386.33699,1776160272000
1776160273.911,73.911,0.65,133.42,0.64,140.5,0.63,68.18,0.62,67.5,0.61,217.0,0.66,14.0,0.67,25.5,0.68,126.58,0.69,72.5,0.7,35.5,0.34,4.0,0.33,25.5,0.32,58.58,0.31,72.5,0.3,93.5,0.35,98.0,0.36,124.5,0.37,147.18,0.38,67.5,0.39,217.0,0.01,0.01,2386.33699,1776160272000
1776160274.21,74.21,0.65,133.42,0.64,140.5,0.63,68.18,0.62,67.5,0.61,217.0,0.66,12.48,0.67,25.5,0.68,126.58,0.69,72.5,0.7,35.5,0.34,14.0,0.33,25.5,0.32,126.58,0.31,72.5,0.3,35.5,0.35,133.42,0.36,140.5,0.37,68.18,0.38,67.5,0.39,217.0,0.01,0.01,2386.33699,1776160272000
1776160275.868,75.868,0.65,133.42,0.64,140.5,0.63,68.18,0.62,67.5,0.61,217.0,0.66,12.48,0.67,25.5,0.68,126.58,0.69,72.5,0.7,35.5,0.34,12.48,0.33,25.5,0.32,126.58,0.31,72.5,0.3,35.5,0.35,133.42,0.36,140.5,0.37,68.18,0.38,67.5,0.39,217.0,0.01,0.01,2386.349225,1776160274000
1776160276.464,76.464,0.65,133.42,0.64,140.5,0.63,68.18,0.62,67.5,0.61,217.0,0.66,12.48,0.67,25.5,0.68,126.58,0.69,72.5,0.7,35.5,0.34,12.48,0.33,25.5,0.32,126.58,0.31,72.5,0.3,35.5,0.35,133.42,0.36,140.5,0.37,68.18,0.38,67.5,0.39,217.0,0.01,0.01,2386.452487,1776160275000
1776160276.78,76.78,0.64,22.0,0.63,120.68,0.62,119.5,0.61,106.0,0.6,176.99,0.65,75.91,0.66,95.98,0.67,92.5,0.68,70.58,0.69,72.5,0.34,12.48,0.33,25.5,0.32,126.58,0.31,72.5,0.3,35.5,0.35,133.42,0.36,140.5,0.37,68.18,0.38,67.5,0.39,217.0,0.01,0.01,2386.452487,1776160275000
1776160277.195,77.195,0.64,22.0,0.63,120.68,0.62,119.5,0.61,106.0,0.6,176.99,0.65,75.82,0.66,95.98,0.67,92.5,0.68,70.58,0.69,72.5,0.35,75.82,0.34,95.98,0.33,92.5,0.32,70.58,0.31,72.5,0.36,22.0,0.37,120.68,0.38,119.5,0.39,106.0,0.4,176.99,0.01,0.01,2386.420795,1776160276000
1776160277.416,77.416,0.64,19.22,0.63,120.68,0.62,119.5,0.61,106.0,0.6,187.99,0.65,73.58,0.66,95.98,0.67,92.5,0.68,70.58,0.69,72.5,0.35,73.58,0.34,95.98,0.33,92.5,0.32,70.58,0.31,72.5,0.36,22.0,0.37,120.68,0.38,119.5,0.39,217.0,0.4,76.99,0.01,0.01,2386.420795,1776160276000
1776160277.632,77.632,0.64,19.22,0.63,99.68,0.62,98.5,0.61,195.0,0.6,49.99,0.65,70.47,0.66,95.98,0.67,92.5,0.68,70.58,0.69,72.5,0.35,72.01,0.34,95.98,0.33,92.5,0.32,70.58,0.31,72.5,0.36,19.22,0.37,120.68,0.38,119.5,0.39,216.0,0.4,77.99,0.01,0.01,2386.420795,1776160276000
1776160278.735,78.735,0.64,19.22,0.63,99.68,0.62,98.5,0.61,195.0,0.6,49.99,0.65,70.47,0.66,95.98,0.67,92.5,0.68,70.58,0.69,72.5,0.35,70.47,0.34,95.98,0.33,92.5,0.32,70.58,0.31,72.5,0.36,19.22,0.37,99.68,0.38,98.5,0.39,195.0,0.4,49.99,0.01,0.01,2386.416319,1776160277000
1776160279.126,79.126,0.64,19.22,0.63,99.68,0.62,98.5,0.61,197.0,0.6,47.99,0.65,68.27,0.66,152.98,0.67,35.5,0.68,91.58,0.69,93.5,0.35,70.47,0.34,95.98,0.33,92.5,0.32,70.58,0.31,72.5,0.36,19.22,0.37,99.68,0.38,98.5,0.39,195.0,0.4,49.99,0.01,0.01,2386.416319,1776160277000
1776160279.383,79.383,0.64,19.22,0.63,99.68,0.62,98.5,0.61,197.0,0.6,47.99,0.65,68.27,0.66,152.98,0.67,35.5,0.68,91.58,0.69,93.5,0.35,68.27,0.34,152.98,0.33,35.5,0.32,91.58,0.31,93.5,0.36,19.22,0.37,99.68,0.38,98.5,0.39,197.0,0.4,47.99,0.01,0.01,2386.367945,1776160278000
1776160279.797,79.797,0.64,34.22,0.63,99.68,0.62,98.5,0.61,193.0,0.6,47.99,0.65,87.41,0.66,94.98,0.67,35.5,0.68,91.58,0.69,93.5,0.35,68.27,0.34,152.98,0.33,35.5,0.32,91.58,0.31,93.5,0.36,19.22,0.37,99.68,0.38,98.5,0.39,197.0,0.4,47.99,0.01,0.01,2386.367945,1776160278000
1776160280.106,80.106,0.64,34.22,0.63,99.68,0.62,98.5,0.61,193.0,0.6,47.99,0.65,87.41,0.66,94.98,0.67,35.5,0.68,91.58,0.69,93.5,0.35,87.41,0.34,94.98,0.33,35.5,0.32,91.58,0.31,93.5,0.36,34.22,0.37,99.68,0.38,98.5,0.39,193.0,0.4,47.99,0.01,0.01,2386.367945,1776160279000
1776160280.78,80.78,0.66,46.81,0.65,103.0,0.64,123.72,0.63,67.18,0.62,35.5,0.67,29.0,0.68,133.58,0.69,93.5,0.7,42.5,0.71,69.77,0.35,87.41,0.34,94.98,0.33,35.5,0.32,91.58,0.31,93.5,0.36,34.22,0.37,99.68,0.38,98.5,0.39,193.0,0.4,47.99,0.01,0.01,2386.367945,1776160279000
1776160281.38,81.38,0.66,46.81,0.65,103.0,0.64,123.72,0.63,67.18,0.62,35.5,0.67,29.0,0.68,133.58,0.69,93.5,0.7,42.5,0.71,69.77,0.33,29.0,0.32,133.58,0.31,93.5,0.3,42.5,0.29,69.77,0.34,46.81,0.35,103.0,0.36,123.72,0.37,67.18,0.38,35.5,0.01,0.01,2386.367305,1776160280000
1776160281.942,81.942,0.66,122.0,0.65,25.0,0.64,128.72,0.63,67.18,0.62,56.5,0.67,14.0,0.68,133.58,0.69,124.5,0.7,40.5,0.71,68.27,0.33,29.0,0.32,133.58,0.31,93.5,0.3,42.5,0.29,69.77,0.34,46.81,0.35,103.0,0.36,123.72,0.37,67.18,0.38,35.5,0.01,0.01,2386.367305,1776160280000
1776160282.282,82.282,0.66,122.0,0.65,25.0,0.64,128.72,0.63,67.18,0.62,56.5,0.67,14.0,0.68,133.58,0.69,124.5,0.7,40.5,0.71,68.27,0.33,14.0,0.32,133.58,0.31,124.5,0.3,40.5,0.29,68.27,0.34,122.0,0.35,25.0,0.36,128.72,0.37,67.18,0.38,56.5,0.01,0.01,2386.37446,1776160281000
1776160283.477,83.477,0.66,122.0,0.65,25.0,0.64,128.72,0.63,67.18,0.62,56.5,0.67,14.0,0.68,133.58,0.69,124.5,0.7,40.5,0.71,68.27,0.33,14.0,0.32,133.58,0.31,124.5,0.3,40.5,0.29,68.27,0.34,122.0,0.35,25.0,0.36,128.72,0.37,67.18,0.38,56.5,0.01,0.01,2386.39636,1776160282000
1776160284.404,84.404,0.66,122.0,0.65,25.0,0.64,128.72,0.63,67.18,0.62,56.5,0.67,14.0,0.68,133.58,0.69,124.5,0.7,40.5,0.71,68.27,0.33,14.0,0.32,133.58,0.31,124.5,0.3,40.5,0.29,68.27,0.34,122.0,0.35,25.0,0.36,128.72,0.37,67.18,0.38,56.5,0.01,0.01,2386.40883,1776160283000
1776160284.923,84.923,0.64,15.0,0.63,103.5,0.62,93.5,0.61,85.0,0.6,176.99,0.65,87.41,0.66,97.5,0.67,79.53,0.68,83.64,0.69,56.5,0.35,5.91,0.33,244.53,0.32,72.64,0.31,56.5,0.3,61.5,0.36,90.22,0.37,98.09,0.38,56.5,0.39,106.0,0.4,176.99,0.01,0.01,2386.40883,1776160283000
1776160286.536,86.536,0.64,15.0,0.63,103.5,0.62,93.5,0.61,85.0,0.6,176.99,0.65,87.41,0.66,97.5,0.67,79.53,0.68,83.64,0.69,56.5,0.35,87.41,0.34,97.5,0.33,79.53,0.32,83.64,0.31,56.5,0.36,15.0,0.37,103.5,0.38,93.5,0.39,85.0,0.4,176.99,0.01,0.01,2386.36309,1776160285000
1776160287.147,87.147,0.64,15.0,0.63,103.5,0.62,93.5,0.61,85.0,0.6,176.99,0.65,87.41,0.66,97.5,0.67,79.53,0.68,83.64,0.69,56.5,0.35,87.41,0.34,97.5,0.33,79.53,0.32,83.64,0.31,56.5,0.36,15.0,0.37,103.5,0.38,93.5,0.39,85.0,0.4,176.99,0.01,0.01,2386.350129,1776160286000
1776160288.516,88.516,0.64,20.7,0.63,40.5,0.62,150.5,0.61,85.0,0.6,163.81,0.65,188.87,0.66,102.59,0.67,103.58,0.68,61.59,0.69,56.5,0.35,87.41,0.34,97.5,0.33,79.53,0.32,83.64,0.31,56.5,0.36,15.0,0.37,103.5,0.38,93.5,0.39,85.0,0.4,176.99,0.01,0.01,2386.350129,1776160286000
1776160289.373,89.373,0.64,20.7,0.63,40.5,0.62,150.5,0.61,85.0,0.6,163.81,0.65,188.87,0.66,102.59,0.67,103.58,0.68,61.59,0.69,56.5,0.35,188.87,0.34,102.59,0.33,103.58,0.32,61.59,0.31,56.5,0.36,20.7,0.37,40.5,0.38,150.5,0.39,85.0,0.4,163.81,0.01,0.01,2386.31686,1776160288000
1776160289.901,89.901,0.64,6.0,0.63,20.0,0.62,97.5,0.61,85.0,0.6,46.0,0.65,245.87,0.66,52.59,0.67,91.58,0.68,61.59,0.69,61.5,0.35,188.87,0.34,102.59,0.33,103.58,0.32,61.59,0.31,56.5,0.36,20.7,0.37,40.5,0.38,150.5,0.39,85.0,0.4,163.81,0.01,0.01,2386.31686,1776160288000
1776160291.096,91.096,0.64,6.0,0.63,30.5,0.62,97.5,0.61,143.0,0.6,46.0,0.65,205.11,0.66,59.59,0.67,84.64,0.68,61.59,0.69,78.3,0.35,245.87,0.34,52.59,0.33,91.58,0.32,61.59,0.31,61.5,0.36,6.0,0.37,20.0,0.38,97.5,0.39,85.0,0.4,46.0,0.01,0.01,2386.303115,1776160289000
1776160292.064,92.064,0.64,6.0,0.63,30.5,0.62,97.5,0.61,143.0,0.6,46.0,0.65,205.11,0.66,59.59,0.67,84.64,0.68,61.59,0.69,78.3,0.35,205.11,0.34,59.59,0.33,84.64,0.32,61.59,0.31,78.3,0.36,6.0,0.37,30.5,0.38,97.5,0.39,143.0,0.4,46.0,0.01,0.01,2386.280165,1776160290000
1776160292.543,92.543,0.64,6.0,0.63,30.5,0.62,97.5,0.61,143.0,0.6,46.0,0.65,205.11,0.66,59.59,0.67,84.64,0.68,61.59,0.69,78.3,0.35,205.11,0.34,59.59,0.33,84.64,0.32,61.59,0.31,78.3,0.36,6.0,0.37,30.5,0.38,97.5,0.39,143.0,0.4,46.0,0.01,0.01,2386.27083,1776160291000
1776160293.116,93.116,0.64,6.0,0.63,30.5,0.62,97.5,0.61,143.0,0.6,46.0,0.65,205.11,0.66,59.59,0.67,84.64,0.68,61.59,0.69,78.3,0.35,205.11,0.34,59.59,0.33,84.64,0.32,61.59,0.31,78.3,0.36,6.0,0.37,30.5,0.38,97.5,0.39,143.0,0.4,46.0,0.01,0.01,2386.272185,1776160292000
1776160293.565,93.565,0.63,10.0,0.62,62.5,0.61,46.0,0.6,171.0,0.59,163.81,0.64,249.93,0.65,70.59,0.66,69.58,0.67,75.58,0.68,57.09,0.35,205.11,0.34,59.59,0.33,84.64,0.32,61.59,0.31,78.3,0.36,6.0,0.37,30.5,0.38,97.5,0.39,143.0,0.4,46.0,0.01,0.01,2386.272185,1776160292000
1776160294.062,94.062,0.63,10.0,0.62,62.5,0.61,46.0,0.6,171.0,0.59,163.81,0.64,249.93,0.65,70.59,0.66,69.58,0.67,75.58,0.68,57.09,0.36,249.93,0.35,70.59,0.34,69.58,0.33,75.58,0.32,57.09,0.37,10.0,0.38,62.5,0.39,46.0,0.4,171.0,0.41,163.81,0.01,0.01,2386.27475,1776160293000
1776160295.157,95.157,0.63,10.0,0.62,62.5,0.61,46.0,0.6,171.0,0.59,163.81,0.64,249.93,0.65,70.59,0.66,69.58,0.67,75.58,0.68,57.09,0.36,249.93,0.35,70.59,0.34,69.58,0.33,75.58,0.32,57.09,0.37,10.0,0.38,62.5,0.39,46.0,0.4,171.0,0.41,163.81,0.01,0.01,2386.268525,1776160294000
1776160296.195,96.195,0.63,10.0,0.62,62.5,0.61,46.0,0.6,171.0,0.59,163.81,0.64,249.93,0.65,70.59,0.66,69.58,0.67,75.58,0.68,57.09,0.36,249.93,0.35,70.59,0.34,69.58,0.33,75.58,0.32,57.09,0.37,10.0,0.38,62.5,0.39,46.0,0.4,171.0,0.41,163.81,0.01,0.01,2386.27099,1776160295000
1776160296.555,96.555,0.59,15.0,0.58,49.1,0.57,79.36,0.56,65.0,0.55,94.0,0.64,379.0,0.65,111.59,0.66,40.59,0.67,73.5,0.68,85.09,0.36,249.93,0.35,70.59,0.34,69.58,0.33,75.58,0.32,57.09,0.37,10.0,0.38,62.5,0.39,46.0,0.4,171.0,0.41,163.81,0.05,0.01,2386.27099,1776160295000
1776160297.28,97.28,0.59,5.98,0.58,33.1,0.57,79.36,0.56,86.0,0.55,94.0,0.6,10.0,0.61,31.0,0.62,31.0,0.63,20.5,0.64,379.0,0.4,10.0,0.39,31.0,0.38,31.0,0.37,20.5,0.36,379.0,0.41,5.98,0.42,33.1,0.43,79.36,0.44,86.0,0.45,94.0,0.01,0.01,2386.281195,1776160296000
1776160298.027,98.027,0.59,17.31,0.58,38.6,0.57,194.36,0.56,86.0,0.55,36.0,0.6,131.51,0.61,115.5,0.62,66.49,0.63,35.5,0.64,66.59,0.4,168.51,0.39,57.5,0.38,60.55,0.37,35.5,0.36,45.59,0.41,29.49,0.42,49.1,0.43,115.36,0.44,123.0,0.45,36.0,0.01,0.01,2386.281195,1776160296000
1776160298.433,98.433,0.59,12.31,0.58,38.6,0.57,194.36,0.56,86.0,0.55,36.0,0.6,127.44,0.61,115.5,0.62,66.49,0.63,35.5,0.64,82.19,0.4,127.44,0.39,115.5,0.38,66.49,0.37,35.5,0.36,82.19,0.41,12.31,0.42,38.6,0.43,194.36,0.44,86.0,0.45,36.0,0.01,0.01,2386.28152,1776160297000
1776160298.933,98.933,0.59,13.22,0.58,32.6,0.57,194.36,0.56,86.0,0.55,36.0,0.6,165.44,0.61,103.5,0.62,35.5,0.63,67.58,0.64,112.19,0.4,127.44,0.39,115.5,0.38,66.49,0.37,35.5,0.36,82.19,0.41,12.31,0.42,38.6,0.43,194.36,0.44,86.0,0.45,36.0,0.01,0.01,2386.28152,1776160297000
1776160299.91,99.91,0.59,13.22,0.58,32.6,0.57,194.36,0.56,86.0,0.55,36.0,0.6,165.44,0.61,103.5,0.62,35.5,0.63,67.58,0.64,112.19,0.4,165.44,0.39,103.5,0.38,35.5,0.37,67.58,0.36,112.19,0.41,13.22,0.42,32.6,0.43,194.36,0.44,86.0,0.45,36.0,0.01,0.01,2386.099535,1776160299000
1776160300.857,100.857,0.59,13.22,0.58,32.6,0.57,194.36,0.56,86.0,0.55,36.0,0.6,165.44,0.61,103.5,0.62,35.5,0.63,67.58,0.64,112.19,0.4,165.44,0.39,103.5,0.38,35.5,0.37,67.58,0.36,112.19,0.41,13.22,0.42,32.6,0.43,194.36,0.44,86.0,0.45,36.0,0.01,0.01,2386.041605,1776160300000
1776160301.423,101.423,0.56,37.2,0.55,15.0,0.54,203.9,0.53,101.0,0.52,46.0,0.57,18.78,0.58,25.0,0.59,25.0,0.6,189.43,0.61,71.5,0.4,208.94,0.39,66.5,0.38,56.5,0.37,85.98,0.36,112.19,0.44,1.7,0.45,128.0,0.46,97.08,0.47,74.0,0.48,46.0,0.01,0.04,2386.041605,1776160300000
1776160302.032,102.032,0.56,30.5,0.55,73.0,0.54,197.89,0.53,90.0,0.52,36.0,0.57,114.8,0.58,30.0,0.59,25.0,0.6,98.43,0.61,121.5,0.43,17.02,0.42,25.0,0.41,25.0,0.4,189.43,0.39,71.5,0.44,27.69,0.45,132.0,0.46,103.89,0.47,74.0,0.48,46.0,0.01,0.01,2386.041605,1776160300000
1776160302.243,102.243,0.56,30.5,0.55,73.0,0.54,197.89,0.53,90.0,0.52,36.0,0.57,114.8,0.58,30.0,0.59,25.0,0.6,98.43,0.61,121.5,0.43,114.8,0.42,30.0,0.41,25.0,0.4,98.43,0.39,121.5,0.44,30.5,0.45,73.0,0.46,197.89,0.47,90.0,0.48,36.0,0.01,0.01,2386.027395,1776160301000
1776160303.281,103.281,0.56,30.5,0.55,73.0,0.54,197.89,0.53,90.0,0.52,36.0,0.57,114.8,0.58,30.0,0.59,25.0,0.6,98.43,0.61,121.5,0.43,114.8,0.42,30.0,0.41,25.0,0.4,98.43,0.39,121.5,0.44,30.5,0.45,73.0,0.46,197.89,0.47,90.0,0.48,36.0,0.01,0.01,2386.04094,1776160302000
1776160304.955,104.955,0.56,30.5,0.55,73.0,0.54,197.89,0.53,90.0,0.52,36.0,0.57,114.8,0.58,30.0,0.59,25.0,0.6,98.43,0.61,121.5,0.43,114.8,0.42,30.0,0.41,25.0,0.4,98.43,0.39,121.5,0.44,30.5,0.45,73.0,0.46,197.89,0.47,90.0,0.48,36.0,0.01,0.01,2386.037425,1776160303000
1776160305.963,105.963,0.56,30.5,0.55,73.0,0.54,197.89,0.53,90.0,0.52,36.0,0.57,114.8,0.58,30.0,0.59,25.0,0.6,98.43,0.61,121.5,0.43,114.8,0.42,30.0,0.41,25.0,0.4,98.43,0.39,121.5,0.44,30.5,0.45,73.0,0.46,197.89,0.47,90.0,0.48,36.0,0.01,0.01,2386.097472,1776160305000
1776160306.664,106.664,0.56,25.09,0.55,151.5,0.54,154.89,0.53,83.0,0.52,43.0,0.57,122.09,0.58,145.0,0.59,35.5,0.6,41.43,0.61,121.5,0.43,114.8,0.42,30.0,0.41,25.0,0.4,98.43,0.39,121.5,0.44,30.5,0.45,73.0,0.46,197.89,0.47,90.0,0.48,36.0,0.01,0.01,2386.097472,1776160305000
1776160306.94,106.94,0.56,25.09,0.55,151.5,0.54,154.89,0.53,83.0,0.52,43.0,0.57,122.09,0.58,145.0,0.59,35.5,0.6,41.43,0.61,121.5,0.43,122.09,0.42,145.0,0.41,35.5,0.4,41.43,0.39,121.5,0.44,25.09,0.45,151.5,0.46,154.89,0.47,83.0,0.48,43.0,0.01,0.01,2386.0052,1776160306000
1776160307.936,107.936,0.56,47.09,0.55,104.5,0.54,154.89,0.53,83.0,0.52,43.0,0.57,117.09,0.58,30.0,0.59,35.5,0.6,50.5,0.61,111.5,0.43,117.09,0.42,30.0,0.41,35.5,0.4,50.5,0.39,111.5,0.44,47.09,0.45,104.5,0.46,154.89,0.47,83.0,0.48,43.0,0.01,0.01,2386.007985,1776160307000
1776160308.145,108.145,0.56,135.59,0.55,182.68,0.54,57.08,0.53,67.0,0.52,53.0,0.57,102.09,0.58,30.0,0.59,25.0,0.6,108.5,0.61,168.5,0.43,117.09,0.42,30.0,0.41,35.5,0.4,50.5,0.39,111.5,0.44,47.09,0.45,104.5,0.46,154.89,0.47,83.0,0.48,43.0,0.01,0.01,2386.007985,1776160307000
1776160308.395,108.395,0.56,148.09,0.55,182.68,0.54,57.08,0.53,67.0,0.52,53.0,0.57,15.09,0.58,30.0,0.59,25.0,0.6,50.5,0.61,226.5,0.43,102.09,0.42,30.0,0.41,25.0,0.4,108.5,0.39,168.5,0.44,135.59,0.45,182.68,0.46,57.08,0.47,67.0,0.48,53.0,0.01,0.01,2386.007985,1776160307000
1776160308.872,108.872,0.56,140.59,0.55,182.68,0.54,57.08,0.53,67.0,0.52,53.0,0.57,15.09,0.58,30.0,0.59,25.0,0.6,50.5,0.61,226.5,0.43,15.09,0.42,30.0,0.41,25.0,0.4,50.5,0.39,226.5,0.44,140.59,0.45,182.68,0.46,57.08,0.47,67.0,0.48,53.0,0.01,0.01,2385.99784,1776160308000
1776160309.862,109.862,0.56,140.59,0.55,182.68,0.54,57.08,0.53,67.0,0.52,53.0,0.57,15.09,0.58,30.0,0.59,25.0,0.6,50.5,0.61,226.5,0.43,15.09,0.42,30.0,0.41,25.0,0.4,50.5,0.39,226.5,0.44,140.59,0.45,182.68,0.46,57.08,0.47,67.0,0.48,53.0,0.01,0.01,2385.992,1776160309000
1776160310.549,110.549,0.56,236.5,0.55,208.49,0.54,81.9,0.53,67.0,0.52,53.0,0.57,15.09,0.58,30.0,0.59,25.0,0.6,108.5,0.61,90.5,0.43,15.09,0.42,30.0,0.41,25.0,0.4,50.5,0.39,226.5,0.44,140.59,0.45,182.68,0.46,57.08,0.47,67.0,0.48,53.0,0.01,0.01,2385.992,1776160309000
1776160310.8,110.8,0.56,226.41,0.55,236.85,0.54,81.9,0.53,67.0,0.52,53.0,0.57,4.91,0.58,30.0,0.59,25.0,0.6,108.5,0.61,90.5,0.43,10.0,0.42,30.0,0.41,25.0,0.4,108.5,0.39,90.5,0.44,226.41,0.45,208.49,0.46,81.9,0.47,67.0,0.48,53.0,0.01,0.01,2385.992,1776160309000
1776160311.25,111.25,0.56,226.41,0.55,236.85,0.54,81.9,0.53,67.0,0.52,53.0,0.57,4.91,0.58,30.0,0.59,25.0,0.6,108.5,0.61,90.5,0.43,4.91,0.42,30.0,0.41,25.0,0.4,108.5,0.39,90.5,0.44,226.41,0.45,236.85,0.46,81.9,0.47,67.0,0.48,53.0,0.01,0.01,2386.02733,1776160310000
1776160311.641,111.641,0.57,86.0,0.56,156.41,0.55,217.67,0.54,81.9,0.53,67.0,0.58,89.03,0.59,30.0,0.6,108.5,0.61,85.5,0.62,35.5,0.43,4.91,0.42,30.0,0.41,25.0,0.4,108.5,0.39,90.5,0.44,226.41,0.45,236.85,0.46,81.9,0.47,67.0,0.48,53.0,0.01,0.01,2386.02733,1776160310000
1776160312.351,112.351,0.57,86.0,0.56,156.41,0.55,217.67,0.54,81.9,0.53,67.0,0.58,89.03,0.59,30.0,0.6,108.5,0.61,85.5,0.62,35.5,0.42,89.03,0.41,30.0,0.4,108.5,0.39,85.5,0.38,35.5,0.43,86.0,0.44,156.41,0.45,217.67,0.46,81.9,0.47,67.0,0.01,0.01,2386.075865,1776160311000
1776160313.288,113.288,0.57,86.0,0.56,156.41,0.55,217.67,0.54,81.9,0.53,67.0,0.58,89.03,0.59,30.0,0.6,108.5,0.61,85.5,0.62,35.5,0.42,89.03,0.41,30.0,0.4,108.5,0.39,85.5,0.38,35.5,0.43,86.0,0.44,156.41,0.45,217.67,0.46,81.9,0.47,67.0,0.01,0.01,2386.070725,1776160312000
1776160314.285,114.285,0.57,86.0,0.56,156.41,0.55,217.67,0.54,81.9,0.53,67.0,0.58,89.03,0.59,30.0,0.6,108.5,0.61,85.5,0.62,35.5,0.42,89.03,0.41,30.0,0.4,108.5,0.39,85.5,0.38,35.5,0.43,86.0,0.44,156.41,0.45,217.67,0.46,81.9,0.47,67.0,0.01,0.01,2386.0754,1776160313000
1776160315.336,115.336,0.57,86.0,0.56,156.41,0.55,217.67,0.54,81.9,0.53,67.0,0.58,89.03,0.59,30.0,0.6,108.5,0.61,85.5,0.62,35.5,0.42,89.03,0.41,30.0,0.4,108.5,0.39,85.5,0.38,35.5,0.43,86.0,0.44,156.41,0.45,217.67,0.46,81.9,0.47,67.0,0.01,0.01,2386.0664,1776160314000
1776160316.281,116.281,0.57,86.0,0.56,156.41,0.55,217.67,0.54,81.9,0.53,67.0,0.58,89.03,0.59,30.0,0.6,108.5,0.61,85.5,0.62,35.5,0.42,89.03,0.41,30.0,0.4,108.5,0.39,85.5,0.38,35.5,0.43,86.0,0.44,156.41,0.45,217.67,0.46,81.9,0.47,67.0,0.01,0.01,2386.061005,1776160315000
1776160316.696,116.696,0.57,264.0,0.56,124.5,0.55,196.49,0.54,81.9,0.53,67.0,0.58,6.2,0.59,98.5,0.6,50.5,0.61,142.5,0.62,35.5,0.42,89.03,0.41,30.0,0.4,108.5,0.39,85.5,0.38,35.5,0.43,86.0,0.44,156.41,0.45,217.67,0.46,81.9,0.47,67.0,0.01,0.01,2386.061005,1776160315000
1776160317.268,117.268,0.57,264.0,0.56,124.5,0.55,196.49,0.54,81.9,0.53,67.0,0.58,6.2,0.59,98.5,0.6,50.5,0.61,142.5,0.62,35.5,0.42,6.2,0.41,98.5,0.4,50.5,0.39,142.5,0.38,35.5,0.43,264.0,0.44,124.5,0.45,196.49,0.46,81.9,0.47,67.0,0.01,0.01,2386.05767,1776160316000
1776160318.648,118.648,0.57,264.0,0.56,124.5,0.55,196.49,0.54,81.9,0.53,67.0,0.58,6.2,0.59,98.5,0.6,50.5,0.61,142.5,0.62,35.5,0.42,6.2,0.41,98.5,0.4,50.5,0.39,142.5,0.38,35.5,0.43,264.0,0.44,124.5,0.45,196.49,0.46,81.9,0.47,67.0,0.01,0.01,2386.087715,1776160317000
1776160319.189,119.189,0.57,264.0,0.56,124.5,0.55,196.49,0.54,81.9,0.53,67.0,0.58,6.2,0.59,98.5,0.6,50.5,0.61,142.5,0.62,35.5,0.42,6.2,0.41,98.5,0.4,50.5,0.39,142.5,0.38,35.5,0.43,264.0,0.44,124.5,0.45,196.49,0.46,81.9,0.47,67.0,0.01,0.01,2386.08771,1776160318000
1776160320.242,120.242,0.57,264.0,0.56,124.5,0.55,196.49,0.54,81.9,0.53,67.0,0.58,6.2,0.59,98.5,0.6,50.5,0.61,142.5,0.62,35.5,0.42,6.2,0.41,98.5,0.4,50.5,0.39,142.5,0.38,35.5,0.43,264.0,0.44,124.5,0.45,196.49,0.46,81.9,0.47,67.0,0.01,0.01,2386.058635,1776160319000
1776160320.479,120.479,0.57,229.6,0.56,189.68,0.55,148.68,0.54,54.9,0.53,137.0,0.58,20.09,0.59,30.5,0.6,40.5,0.61,85.5,0.62,35.5,0.42,10.09,0.41,88.5,0.4,40.5,0.39,85.5,0.38,35.5,0.43,95.53,0.44,189.68,0.45,148.68,0.46,54.9,0.47,137.0,0.01,0.01,2386.058635,1776160319000
1776160320.935,120.935,0.57,224.6,0.56,189.68,0.55,148.68,0.54,54.9,0.53,137.0,0.58,9.69,0.59,30.5,0.6,50.5,0.61,85.5,0.62,35.5,0.42,13.14,0.41,30.5,0.4,40.5,0.39,85.5,0.38,35.5,0.43,229.6,0.44,189.68,0.45,148.68,0.46,54.9,0.47,137.0,0.01,0.01,2386.058635,1776160319000
1776160321.316,121.316,0.57,245.96,0.56,179.18,0.55,148.68,0.54,54.9,0.53,137.0,0.58,2.8,0.59,30.5,0.6,50.5,0.61,85.5,0.62,35.5,0.42,9.69,0.41,30.5,0.4,50.5,0.39,85.5,0.38,35.5,0.43,224.6,0.44,189.68,0.45,148.68,0.46,54.9,0.47,137.0,0.01,0.01,2386.058635,1776160319000
1776160322.151,122.151,0.58,32.4,0.57,193.96,0.56,225.18,0.55,148.68,0.54,54.9,0.59,91.61,0.6,50.5,0.61,35.5,0.62,35.5,0.63,40.59,0.42,2.8,0.41,30.5,0.4,50.5,0.39,85.5,0.38,35.5,0.43,245.96,0.44,179.18,0.45,148.68,0.46,54.9,0.47,137.0,0.01,0.01,2386.081085,1776160320000
1776160322.359,122.359,0.58,32.4,0.57,193.96,0.56,225.18,0.55,148.68,0.54,54.9,0.59,91.61,0.6,50.5,0.61,35.5,0.62,35.5,0.63,40.59,0.41,91.61,0.4,50.5,0.39,35.5,0.38,35.5,0.37,40.59,0.42,32.4,0.43,193.96,0.44,225.18,0.45,148.68,0.46,54.9,0.01,0.01,2386.09114,1776160321000
1776160322.897,122.897,0.58,32.4,0.57,193.96,0.56,225.18,0.55,148.68,0.54,54.9,0.59,91.61,0.6,50.5,0.61,35.5,0.62,35.5,0.63,40.59,0.41,91.61,0.4,50.5,0.39,35.5,0.38,35.5,0.37,40.59,0.42,32.4,0.43,193.96,0.44,225.18,0.45,148.68,0.46,54.9,0.01,0.01,2386.078935,1776160322000
1776160323.969,123.969,0.58,108.49,0.57,180.47,0.56,178.68,0.55,148.68,0.54,54.9,0.59,89.84,0.6,50.5,0.61,35.5,0.62,35.5,0.63,40.59,0.41,89.84,0.4,50.5,0.39,35.5,0.38,35.5,0.37,40.59,0.42,108.49,0.43,180.47,0.44,178.68,0.45,148.68,0.46,54.9,0.01,0.01,2386.06695,1776160323000
1776160325.008,125.008,0.58,334.49,0.57,63.97,0.56,89.49,0.55,71.5,0.54,54.9,0.6,35.5,0.61,83.5,0.62,35.5,0.63,40.59,0.64,103.49,0.4,35.5,0.39,83.5,0.38,35.5,0.37,40.59,0.36,103.49,0.42,334.49,0.43,63.97,0.44,89.49,0.45,71.5,0.46,54.9,0.02,0.02,2386.066945,1776160324000
1776160325.382,125.382,0.59,92.4,0.58,103.0,0.57,132.47,0.56,207.49,0.55,83.5,0.61,165.5,0.62,35.5,0.63,40.59,0.64,75.49,0.65,94.09,0.4,35.5,0.39,83.5,0.38,35.5,0.37,40.59,0.36,103.49,0.42,334.49,0.43,63.97,0.44,89.49,0.45,71.5,0.46,54.9,0.02,0.02,2386.066945,1776160324000
1776160326.102,126.102,0.59,32.4,0.58,103.0,0.57,142.97,0.56,207.49,0.55,83.5,0.6,2.08,0.61,196.5,0.62,40.5,0.63,40.59,0.64,75.49,0.4,2.08,0.39,196.5,0.38,40.5,0.37,40.59,0.36,75.49,0.41,32.4,0.42,103.0,0.43,142.97,0.44,207.49,0.45,83.5,0.01,0.01,2386.111015,1776160325000
1776160326.996,126.996,0.59,145.83,0.58,171.5,0.57,84.97,0.56,97.49,0.55,61.5,0.6,18.01,0.61,93.0,0.62,82.5,0.63,30.59,0.64,54.49,0.4,2.08,0.39,196.5,0.38,40.5,0.37,40.59,0.36,75.49,0.41,32.4,0.42,103.0,0.43,142.97,0.44,207.49,0.45,83.5,0.01,0.01,2386.111015,1776160325000
1776160327.26,127.26,0.62,179.5,0.61,165.5,0.6,208.5,0.59,220.83,0.58,126.5,0.65,11.65,0.66,15.59,0.67,107.06,0.68,26.09,0.69,42.0,0.4,18.01,0.39,93.0,0.38,82.5,0.37,30.59,0.36,54.49,0.41,145.83,0.42,171.5,0.43,84.97,0.44,97.49,0.45,61.5,0.03,0.01,2386.112115,1776160326000
1776160327.482,127.482,0.65,25.0,0.64,197.5,0.63,232.5,0.62,110.68,0.61,68.5,0.66,0.24,0.67,107.06,0.68,26.09,0.69,42.0,0.7,53.99,0.34,5.24,0.33,107.06,0.32,26.09,0.31,42.0,0.3,53.99,0.36,339.5,0.37,232.5,0.38,95.68,0.39,68.5,0.4,141.5,0.01,0.02,2386.112115,1776160326000
1776160327.802,127.802,0.66,378.0,0.65,131.61,0.64,70.5,0.63,46.5,0.62,182.5,0.67,111.16,0.68,31.09,0.69,21.0,0.7,53.99,0.71,109.27,0.33,122.56,0.32,31.09,0.31,21.0,0.3,53.99,0.29,109.27,0.34,185.0,0.35,161.61,0.36,60.5,0.37,93.5,0.38,183.5,0.01,0.01,2386.112115,1776160326000
1776160328.057,128.057,0.66,418.0,0.65,146.61,0.64,70.5,0.63,161.5,0.62,64.68,0.67,108.66,0.68,31.09,0.69,21.0,0.7,53.99,0.71,142.27,0.33,111.16,0.32,31.09,0.31,21.0,0.3,53.99,0.29,109.27,0.34,378.0,0.35,131.61,0.36,70.5,0.37,46.5,0.38,182.5,0.01,0.01,2386.112115,1776160326000
1776160328.48,128.48,0.66,365.0,0.65,146.61,0.64,70.5,0.63,161.5,0.62,64.68,0.67,89.41,0.68,31.09,0.69,100.0,0.7,74.99,0.71,199.27,0.33,98.05,0.32,31.09,0.31,100.0,0.3,74.99,0.29,199.27,0.34,423.0,0.35,146.61,0.36,70.5,0.37,171.68,0.38,64.68,0.01,0.01,2386.08125,1776160327000
1776160328.814,128.814,0.66,415.0,0.65,146.61,0.64,70.5,0.63,167.68,0.62,64.68,0.67,72.35,0.68,31.09,0.69,100.0,0.7,74.99,0.71,199.27,0.33,80.88,0.32,31.09,0.31,100.0,0.3,74.99,0.29,199.27,0.34,370.0,0.35,146.61,0.36,70.5,0.37,161.5,0.38,64.68,0.01,0.01,2386.08125,1776160327000
1776160329.227,129.227,0.66,415.0,0.65,146.61,0.64,70.5,0.63,167.68,0.62,64.68,0.67,72.35,0.68,31.09,0.69,100.0,0.7,74.99,0.71,199.27,0.33,72.35,0.32,31.09,0.31,100.0,0.3,74.99,0.29,199.27,0.34,415.0,0.35,146.61,0.36,70.5,0.37,167.68,0.38,64.68,0.01,0.01,2386.13,1776160328000
1776160330.237,130.237,0.66,415.0,0.65,146.61,0.64,70.5,0.63,167.68,0.62,64.68,0.67,72.35,0.68,31.09,0.69,100.0,0.7,74.99,0.71,199.27,0.33,72.35,0.32,31.09,0.31,100.0,0.3,74.99,0.29,199.27,0.34,415.0,0.35,146.61,0.36,70.5,0.37,167.68,0.38,64.68,0.01,0.01,2386.338445,1776160329000
1776160331.303,131.303,0.66,415.0,0.65,146.61,0.64,70.5,0.63,167.68,0.62,64.68,0.67,72.35,0.68,31.09,0.69,100.0,0.7,74.99,0.71,199.27,0.33,72.35,0.32,31.09,0.31,100.0,0.3,74.99,0.29,199.27,0.34,415.0,0.35,146.61,0.36,70.5,0.37,167.68,0.38,64.68,0.01,0.01,2386.342,1776160330000
1776160332.324,132.324,0.66,425.18,0.65,124.59,0.64,55.5,0.63,46.5,0.62,176.5,0.67,75.3,0.68,25.09,0.69,79.0,0.7,64.99,0.71,171.27,0.33,72.35,0.32,31.09,0.31,100.0,0.3,74.99,0.29,199.27,0.34,415.0,0.35,146.61,0.36,70.5,0.37,167.68,0.38,64.68,0.01,0.01,2386.342,1776160330000
1776160332.745,132.745,0.66,425.18,0.65,124.59,0.64,55.5,0.63,46.5,0.62,176.5,0.67,71.63,0.68,25.09,0.69,79.0,0.7,64.99,0.71,171.27,0.33,71.63,0.32,25.09,0.31,79.0,0.3,64.99,0.29,171.27,0.34,425.18,0.35,124.59,0.36,55.5,0.37,46.5,0.38,176.5,0.01,0.01,2386.382375,1776160331000
1776160332.96,132.96,0.66,490.08,0.65,87.59,0.64,76.5,0.63,154.5,0.62,69.68,0.67,39.1,0.68,20.09,0.69,21.0,0.7,43.99,0.71,127.27,0.33,39.1,0.32,20.09,0.31,21.0,0.3,43.99,0.29,127.27,0.34,483.18,0.35,87.59,0.36,76.5,0.37,154.5,0.38,69.68,0.01,0.01,2386.382375,1776160331000
1776160333.283,133.283,0.66,490.08,0.65,87.59,0.64,76.5,0.63,154.5,0.62,69.68,0.67,39.1,0.68,20.09,0.69,21.0,0.7,43.99,0.71,127.27,0.33,39.1,0.32,20.09,0.31,21.0,0.3,43.99,0.29,127.27,0.34,490.08,0.35,87.59,0.36,76.5,0.37,154.5,0.38,69.68,0.01,0.01,2386.373015,1776160332000
1776160333.821,133.821,0.66,485.08,0.65,87.59,0.64,76.5,0.63,159.68,0.62,69.68,0.67,23.52,0.68,30.59,0.69,21.0,0.7,33.94,0.71,119.27,0.33,39.1,0.32,20.09,0.31,21.0,0.3,43.99,0.29,127.27,0.34,490.08,0.35,87.59,0.36,76.5,0.37,154.5,0.38,69.68,0.01,0.01,2386.373015,1776160332000
1776160334.408,134.408,0.66,485.08,0.65,87.59,0.64,76.5,0.63,159.68,0.62,69.68,0.67,23.52,0.68,30.59,0.69,21.0,0.7,33.94,0.71,119.27,0.33,23.52,0.32,30.59,0.31,21.0,0.3,33.94,0.29,119.27,0.34,485.08,0.35,87.59,0.36,76.5,0.37,159.68,0.38,69.68,0.01,0.01,2386.385028,1776160333000
1776160334.94,134.94,0.66,485.08,0.65,87.59,0.64,76.5,0.63,159.68,0.62,69.68,0.67,23.52,0.68,30.59,0.69,21.0,0.7,33.94,0.71,119.27,0.33,23.52,0.32,30.59,0.31,21.0,0.3,33.94,0.29,119.27,0.34,485.08,0.35,87.59,0.36,76.5,0.37,159.68,0.38,69.68,0.01,0.01,2386.435604,1776160334000
1776160335.193,135.193,0.66,520.72,0.65,118.65,0.64,76.5,0.63,162.68,0.62,69.68,0.67,23.52,0.68,30.59,0.69,73.0,0.7,21.0,0.71,185.26,0.33,23.52,0.32,30.59,0.31,21.0,0.3,33.94,0.29,119.27,0.34,485.08,0.35,87.59,0.36,76.5,0.37,159.68,0.38,69.68,0.01,0.01,2386.435604,1776160334000
1776160336.1,136.1,0.66,520.72,0.65,118.65,0.64,76.5,0.63,162.68,0.62,69.68,0.67,23.52,0.68,30.59,0.69,73.0,0.7,21.0,0.71,185.26,0.33,23.52,0.32,30.59,0.31,73.0,0.3,21.0,0.29,185.26,0.34,520.72,0.35,118.65,0.36,76.5,0.37,162.68,0.38,69.68,0.01,0.01,2386.405975,1776160335000
1776160337.245,137.245,0.66,520.72,0.65,118.65,0.64,76.5,0.63,162.68,0.62,69.68,0.67,23.52,0.68,30.59,0.69,73.0,0.7,21.0,0.71,185.26,0.33,23.52,0.32,30.59,0.31,73.0,0.3,21.0,0.29,185.26,0.34,520.72,0.35,118.65,0.36,76.5,0.37,162.68,0.38,69.68,0.01,0.01,2386.394775,1776160336000
1776160337.812,137.812,0.66,457.72,0.65,118.65,0.64,76.5,0.63,241.49,0.62,73.5,0.67,23.19,0.68,30.59,0.69,15.0,0.7,78.0,0.71,128.26,0.33,23.52,0.32,30.59,0.31,73.0,0.3,21.0,0.29,185.26,0.34,520.72,0.35,118.65,0.36,76.5,0.37,162.68,0.38,69.68,0.01,0.01,2386.394775,1776160336000
1776160338.437,138.437,0.66,457.72,0.65,118.65,0.64,76.5,0.63,241.49,0.62,73.5,0.67,23.19,0.68,30.59,0.69,15.0,0.7,78.0,0.71,128.26,0.33,23.19,0.32,30.59,0.31,15.0,0.3,78.0,0.29,128.26,0.34,457.72,0.35,118.65,0.36,76.5,0.37,241.49,0.38,73.5,0.01,0.01,2386.41646,1776160337000
1776160338.929,138.929,0.66,919.22,0.65,275.57,0.64,100.5,0.63,46.5,0.62,52.5,0.68,5.09,0.71,15.27,0.74,11.0,0.75,21.0,0.76,71.94,0.33,23.19,0.32,30.59,0.31,15.0,0.3,78.0,0.29,128.26,0.34,457.72,0.35,118.65,0.36,76.5,0.37,241.49,0.38,73.5,0.02,0.01,2386.41646,1776160337000
1776160339.545,139.545,0.73,269.0,0.72,34.0,0.71,43.0,0.7,167.32,0.69,63.09,0.74,20.3,0.75,79.0,0.76,71.94,0.77,117.99,0.78,15.0,0.26,11.0,0.25,21.0,0.24,71.94,0.23,120.0,0.22,15.0,0.3,10.0,0.31,165.91,0.32,60.0,0.33,10.0,0.34,281.22,0.01,0.04,2386.415091,1776160338000
1776160339.99,139.99,0.73,269.0,0.72,34.0,0.71,43.0,0.7,167.32,0.69,63.09,0.74,20.3,0.75,79.0,0.76,71.94,0.77,117.99,0.78,15.0,0.26,20.3,0.25,79.0,0.24,71.94,0.23,117.99,0.22,15.0,0.27,269.0,0.28,34.0,0.29,43.0,0.3,167.32,0.31,63.09,0.01,0.01,2386.410285,1776160339000
1776160340.541,140.541,0.73,154.48,0.72,10.0,0.71,100.0,0.7,142.82,0.69,121.09,0.74,206.3,0.75,26.0,0.76,65.0,0.77,60.99,0.78,67.0,0.26,20.3,0.25,79.0,0.24,71.94,0.23,117.99,0.22,15.0,0.27,269.0,0.28,34.0,0.29,43.0,0.3,167.32,0.31,63.09,0.01,0.01,2386.410285,1776160339000
1776160341.073,141.073,0.73,154.48,0.72,10.0,0.71,100.0,0.7,142.82,0.69,121.09,0.74,206.3,0.75,26.0,0.76,65.0,0.77,60.99,0.78,67.0,0.26,206.3,0.25,26.0,0.24,65.0,0.23,60.99,0.22,67.0,0.27,154.48,0.28,10.0,0.29,100.0,0.3,142.82,0.31,121.09,0.01,0.01,2386.413225,1776160340000
1776160342.244,142.244,0.73,154.48,0.72,10.0,0.71,100.0,0.7,142.82,0.69,121.09,0.74,206.3,0.75,26.0,0.76,65.0,0.77,60.99,0.78,67.0,0.26,206.3,0.25,26.0,0.24,65.0,0.23,60.99,0.22,67.0,0.27,154.48,0.28,10.0,0.29,100.0,0.3,142.82,0.31,121.09,0.01,0.01,2386.60326,1776160341000
1776160343.389,143.389,0.73,154.48,0.72,10.0,0.71,100.0,0.7,142.82,0.69,121.09,0.74,206.3,0.75,26.0,0.76,65.0,0.77,60.99,0.78,67.0,0.26,206.3,0.25,26.0,0.24,65.0,0.23,60.99,0.22,67.0,0.27,154.48,0.28,10.0,0.29,100.0,0.3,142.82,0.31,121.09,0.01,0.01,2386.59519,1776160342000
1776160344.028,144.028,0.73,154.48,0.72,10.0,0.71,100.0,0.7,142.82,0.69,121.09,0.74,206.3,0.75,26.0,0.76,65.0,0.77,60.99,0.78,67.0,0.26,206.3,0.25,26.0,0.24,65.0,0.23,60.99,0.22,67.0,0.27,154.48,0.28,10.0,0.29,100.0,0.3,142.82,0.31,121.09,0.01,0.01,2386.600925,1776160343000
1776160344.61,144.61,0.73,164.57,0.72,21.0,0.71,152.0,0.7,35.5,0.69,31.91,0.74,114.02,0.75,78.0,0.76,81.0,0.77,73.99,0.78,25.0,0.26,206.3,0.25,26.0,0.24,65.0,0.23,60.99,0.22,67.0,0.27,154.48,0.28,10.0,0.29,100.0,0.3,142.82,0.31,121.09,0.01,0.01,2386.600925,1776160343000
1776160345.036,145.036,0.73,164.57,0.72,21.0,0.71,152.0,0.7,35.5,0.69,31.91,0.74,114.02,0.75,78.0,0.76,81.0,0.77,73.99,0.78,25.0,0.26,114.02,0.25,78.0,0.24,81.0,0.23,73.99,0.22,25.0,0.27,164.57,0.28,21.0,0.29,152.0,0.3,35.5,0.31,31.91,0.01,0.01,2386.636756,1776160344000
1776160346.2,146.2,0.73,133.57,0.72,16.0,0.71,140.0,0.7,35.5,0.69,25.0,0.74,119.02,0.75,85.0,0.76,128.05,0.77,46.0,0.78,35.0,0.26,119.02,0.25,85.0,0.24,128.05,0.23,46.0,0.22,35.0,0.27,133.57,0.28,16.0,0.29,140.0,0.3,35.5,0.31,25.0,0.01,0.01,2386.61604,1776160345000
1776160347.102,147.102,0.73,133.57,0.72,16.0,0.71,140.0,0.7,35.5,0.69,25.0,0.74,119.02,0.75,85.0,0.76,128.05,0.77,46.0,0.78,35.0,0.26,119.02,0.25,85.0,0.24,128.05,0.23,46.0,0.22,35.0,0.27,133.57,0.28,16.0,0.29,140.0,0.3,35.5,0.31,25.0,0.01,0.01,2386.61604,1776160346000
1776160348.056,148.056,0.73,404.57,0.72,98.5,0.71,35.5,0.7,56.5,0.69,168.82,0.75,81.09,0.76,147.05,0.77,82.0,0.78,42.0,0.79,72.7,0.25,81.09,0.24,147.05,0.23,82.0,0.22,42.0,0.21,72.7,0.27,404.57,0.28,98.5,0.29,35.5,0.3,56.5,0.31,168.82,0.02,0.02,2386.582725,1776160347000
1776160348.968,148.968,0.74,357.91,0.73,154.09,0.72,41.5,0.71,63.5,0.7,56.5,0.75,19.09,0.76,101.05,0.77,119.0,0.78,42.0,0.79,46.7,0.25,81.09,0.24,147.05,0.23,82.0,0.22,42.0,0.21,72.7,0.27,404.57,0.28,98.5,0.29,35.5,0.3,56.5,0.31,168.82,0.01,0.02,2386.582725,1776160347000
1776160349.925,149.925,0.74,342.73,0.73,154.09,0.72,41.5,0.71,63.5,0.7,56.5,0.75,19.09,0.76,101.05,0.77,119.0,0.78,42.0,0.79,46.7,0.25,19.09,0.24,101.05,0.23,119.0,0.22,42.0,0.21,46.7,0.26,342.73,0.27,154.09,0.28,41.5,0.29,63.5,0.3,56.5,0.01,0.01,2386.624205,1776160349000
1776160350.582,150.582,0.74,252.91,0.73,30.09,0.72,156.5,0.71,63.5,0.7,56.5,0.75,80.09,0.76,109.55,0.77,55.0,0.78,42.0,0.79,46.7,0.25,19.09,0.24,101.05,0.23,119.0,0.22,42.0,0.21,46.7,0.26,342.73,0.27,154.09,0.28,41.5,0.29,63.5,0.3,56.5,0.01,0.01,2386.624205,1776160349000
1776160351.157,151.157,0.74,357.91,0.73,30.09,0.72,156.5,0.71,63.5,0.7,56.5,0.75,82.31,0.76,109.55,0.77,55.0,0.78,42.0,0.79,46.7,0.25,80.09,0.24,109.55,0.23,55.0,0.22,42.0,0.21,46.7,0.26,252.91,0.27,30.09,0.28,156.5,0.29,63.5,0.3,56.5,0.01,0.01,2386.624205,1776160349000
1776160351.736,151.736,0.74,364.91,0.73,30.09,0.72,156.5,0.71,63.5,0.7,56.5,0.75,70.05,0.76,98.5,0.77,60.94,0.78,42.0,0.79,46.7,0.25,79.75,0.24,109.55,0.23,55.0,0.22,42.0,0.21,46.7,0.26,357.91,0.27,30.09,0.28,156.5,0.29,63.5,0.3,56.5,0.01,0.01,2386.662315,1776160350000
1776160352.238,152.238,0.74,364.91,0.73,30.09,0.72,156.5,0.71,56.5,0.7,56.5,0.75,68.25,0.76,98.5,0.77,60.94,0.78,42.0,0.79,46.7,0.25,68.25,0.24,98.5,0.23,60.94,0.22,42.0,0.21,46.7,0.26,364.91,0.27,30.09,0.28,156.5,0.29,56.5,0.3,56.5,0.01,0.01,2386.640845,1776160351000
1776160353.205,153.205,0.74,364.91,0.73,30.09,0.72,156.5,0.71,56.5,0.7,56.5,0.75,68.25,0.76,98.5,0.77,60.94,0.78,42.0,0.79,46.7,0.25,68.25,0.24,98.5,0.23,60.94,0.22,42.0,0.21,46.7,0.26,364.91,0.27,30.09,0.28,156.5,0.29,56.5,0.3,56.5,0.01,0.01,2386.650265,1776160352000
1776160354.13,154.13,0.74,364.91,0.73,30.09,0.72,156.5,0.71,56.5,0.7,56.5,0.75,68.25,0.76,98.5,0.77,60.94,0.78,42.0,0.79,46.7,0.25,68.25,0.24,98.5,0.23,60.94,0.22,42.0,0.21,46.7,0.26,364.91,0.27,30.09,0.28,156.5,0.29,56.5,0.3,56.5,0.01,0.01,2386.654015,1776160353000
1776160355.071,155.071,0.74,364.91,0.73,30.09,0.72,156.5,0.71,56.5,0.7,56.5,0.75,68.25,0.76,98.5,0.77,60.94,0.78,42.0,0.79,46.7,0.25,68.25,0.24,98.5,0.23,60.94,0.22,42.0,0.21,46.7,0.26,364.91,0.27,30.09,0.28,156.5,0.29,56.5,0.3,56.5,0.01,0.01,2386.653535,1776160354000
1776160356.016,156.016,0.74,364.91,0.73,30.09,0.72,156.5,0.71,56.5,0.7,56.5,0.75,68.25,0.76,98.5,0.77,60.94,0.78,42.0,0.79,46.7,0.25,68.25,0.24,98.5,0.23,60.94,0.22,42.0,0.21,46.7,0.26,364.91,0.27,30.09,0.28,156.5,0.29,56.5,0.3,56.5,0.01,0.01,2386.643375,1776160355000
1776160357.047,157.047,0.74,364.91,0.73,30.09,0.72,156.5,0.71,56.5,0.7,56.5,0.75,68.25,0.76,98.5,0.77,60.94,0.78,42.0,0.79,46.7,0.25,68.25,0.24,98.5,0.23,60.94,0.22,42.0,0.21,46.7,0.26,364.91,0.27,30.09,0.28,156.5,0.29,56.5,0.3,56.5,0.01,0.01,2386.6475,1776160356000
1776160357.532,157.532,0.74,415.77,0.73,132.38,0.72,35.5,0.71,181.5,0.7,86.49,0.75,5.02,0.76,10.0,0.77,83.5,0.78,25.5,0.79,26.0,0.25,68.25,0.24,98.5,0.23,60.94,0.22,42.0,0.21,46.7,0.26,364.91,0.27,30.09,0.28,156.5,0.29,56.5,0.3,56.5,0.01,0.01,2386.6475,1776160356000
1776160357.809,157.809,0.74,410.77,0.73,132.38,0.72,35.5,0.71,251.5,0.7,86.49,0.75,3.68,0.76,10.0,0.77,83.5,0.78,65.49,0.79,69.0,0.25,5.02,0.24,10.0,0.23,83.5,0.22,25.5,0.21,26.0,0.26,415.77,0.27,132.38,0.28,35.5,0.29,181.5,0.3,86.49,0.01,0.01,2386.6475,1776160356000
1776160359.293,159.293,0.74,410.77,0.73,132.38,0.72,35.5,0.71,244.32,0.7,86.49,0.76,0.47,0.77,83.5,0.78,65.49,0.79,69.0,0.8,100.5,0.24,0.47,0.23,83.5,0.22,65.49,0.21,69.0,0.2,100.5,0.26,410.77,0.27,132.38,0.28,35.5,0.29,244.32,0.3,86.49,0.02,0.02,2386.650565,1776160358000
1776160360.013,160.013,0.72,10.0,0.71,10.0,0.7,10.0,0.69,21.0,0.68,27.09,0.75,294.49,0.76,156.5,0.77,87.5,0.78,31.0,0.79,30.0,0.24,0.47,0.23,83.5,0.22,65.49,0.21,69.0,0.2,100.5,0.26,410.77,0.27,132.38,0.28,35.5,0.29,244.32,0.3,86.49,0.03,0.02,2386.650565,1776160358000
1776160360.253,160.253,0.69,23.85,0.68,33.09,0.67,25.0,0.66,225.08,0.65,64.09,0.73,57.5,0.74,102.49,0.75,341.5,0.76,106.0,0.77,77.0,0.27,57.5,0.26,102.49,0.25,341.5,0.24,106.0,0.23,77.0,0.31,23.85,0.32,33.09,0.33,25.0,0.34,225.08,0.35,64.09,0.04,0.04,2386.666305,1776160359000
1776160360.572,160.572,0.71,92.0,0.7,15.0,0.69,30.85,0.68,33.09,0.67,135.0,0.72,79.0,0.73,19.0,0.74,70.55,0.75,85.0,0.76,91.0,0.27,57.5,0.26,102.49,0.25,341.5,0.24,106.0,0.23,77.0,0.31,23.85,0.32,33.09,0.33,25.0,0.34,225.08,0.35,64.09,0.01,0.04,2386.666305,1776160359000
1776160360.789,160.789,0.71,340.0,0.7,25.5,0.69,30.85,0.68,26.09,0.67,25.0,0.72,74.0,0.73,10.0,0.74,78.49,0.75,85.0,0.76,91.0,0.28,79.0,0.27,19.0,0.26,70.55,0.25,85.0,0.24,91.0,0.29,92.0,0.3,15.0,0.31,30.85,0.32,33.09,0.33,135.0,0.01,0.01,2386.666305,1776160359000
1776160361.056,161.056,0.71,346.2,0.7,25.5,0.69,23.85,0.68,26.09,0.67,32.0,0.72,79.0,0.73,10.0,0.74,78.49,0.75,85.0,0.76,91.0,0.28,74.0,0.27,10.0,0.26,78.49,0.25,85.0,0.24,91.0,0.29,340.0,0.3,25.5,0.31,30.85,0.32,26.09,0.33,25.0,0.01,0.01,2386.666305,1776160359000
1776160361.306,161.306,0.71,346.2,0.7,25.5,0.69,23.85,0.68,26.09,0.67,32.0,0.72,79.0,0.73,10.0,0.74,78.49,0.75,85.0,0.76,91.0,0.28,79.0,0.27,10.0,0.26,78.49,0.25,85.0,0.24,91.0,0.29,346.2,0.3,25.5,0.31,23.85,0.32,26.09,0.33,32.0,0.01,0.01,2386.67547,1776160360000
1776160362.225,162.225,0.71,346.2,0.7,25.5,0.69,23.85,0.68,26.09,0.67,32.0,0.72,79.0,0.73,10.0,0.74,78.49,0.75,85.0,0.76,91.0,0.28,79.0,0.27,10.0,0.26,78.49,0.25,85.0,0.24,91.0,0.29,346.2,0.3,25.5,0.31,23.85,0.32,26.09,0.33,32.0,0.01,0.01,2386.46718,1776160361000
1776160363.199,163.199,0.7,15.0,0.69,31.5,0.68,30.59,0.67,138.0,0.66,56.27,0.72,199.14,0.73,40.5,0.74,87.49,0.75,156.2,0.76,120.7,0.28,199.14,0.27,40.5,0.26,87.49,0.25,156.2,0.24,120.7,0.3,15.0,0.31,31.5,0.32,30.59,0.33,138.0,0.34,56.27,0.02,0.02,2386.445975,1776160362000
1776160363.593,163.593,0.69,8.6,0.68,30.59,0.67,138.0,0.66,50.27,0.65,57.09,0.71,152.96,0.72,52.5,0.73,40.5,0.74,101.19,0.75,119.2,0.29,89.87,0.28,52.5,0.27,40.5,0.26,101.19,0.25,156.2,0.3,15.0,0.31,21.0,0.32,30.59,0.33,138.0,0.34,108.27,0.02,0.01,2386.445975,1776160362000
1776160364.242,164.242,0.69,8.6,0.68,30.59,0.67,138.0,0.66,50.27,0.65,57.09,0.71,152.96,0.72,52.5,0.73,40.5,0.74,101.19,0.75,119.2,0.29,152.96,0.28,52.5,0.27,40.5,0.26,101.19,0.25,119.2,0.31,8.6,0.32,30.59,0.33,138.0,0.34,50.27,0.35,57.09,0.02,0.02,2386.450325,1776160363000
1776160365.145,165.145,0.69,8.6,0.68,30.59,0.67,138.0,0.66,50.27,0.65,57.09,0.71,152.96,0.72,52.5,0.73,40.5,0.74,101.19,0.75,119.2,0.29,152.96,0.28,52.5,0.27,40.5,0.26,101.19,0.25,119.2,0.31,8.6,0.32,30.59,0.33,138.0,0.34,50.27,0.35,57.09,0.02,0.02,2386.44329,1776160364000
1776160366.161,166.161,0.69,8.6,0.68,30.59,0.67,138.0,0.66,50.27,0.65,57.09,0.71,152.96,0.72,52.5,0.73,40.5,0.74,101.19,0.75,119.2,0.29,152.96,0.28,52.5,0.27,40.5,0.26,101.19,0.25,119.2,0.31,8.6,0.32,30.59,0.33,138.0,0.34,50.27,0.35,57.09,0.02,0.02,2386.41685,1776160365000
1776160366.496,166.496,0.68,119.59,0.67,281.38,0.66,120.27,0.65,105.09,0.64,132.0,0.69,21.13,0.7,5.0,0.71,43.32,0.72,37.0,0.73,56.5,0.29,152.96,0.28,52.5,0.27,40.5,0.26,101.19,0.25,119.2,0.31,8.6,0.32,30.59,0.33,138.0,0.34,50.27,0.35,57.09,0.01,0.02,2386.41685,1776160365000
1776160367.059,167.059,0.68,119.59,0.67,255.74,0.66,120.27,0.65,105.09,0.64,126.0,0.71,35.75,0.72,37.0,0.73,56.5,0.74,82.49,0.75,124.2,0.31,21.13,0.3,5.0,0.29,43.32,0.28,37.0,0.27,56.5,0.32,119.59,0.33,281.38,0.34,120.27,0.35,105.09,0.36,132.0,0.03,0.01,2386.41685,1776160365000
1776160368.06,168.06,0.68,119.59,0.67,255.74,0.66,120.27,0.65,105.09,0.64,126.0,0.71,35.75,0.72,37.0,0.73,56.5,0.74,82.49,0.75,124.2,0.29,35.75,0.28,37.0,0.27,56.5,0.26,82.49,0.25,124.2,0.32,119.59,0.33,255.74,0.34,120.27,0.35,105.09,0.36,126.0,0.03,0.03,2386.427875,1776160367000
1776160369.041,169.041,0.68,119.59,0.67,255.74,0.66,120.27,0.65,105.09,0.64,126.0,0.71,35.75,0.72,37.0,0.73,56.5,0.74,82.49,0.75,124.2,0.29,35.75,0.28,37.0,0.27,56.5,0.26,82.49,0.25,124.2,0.32,119.59,0.33,255.74,0.34,120.27,0.35,105.09,0.36,126.0,0.03,0.03,2386.42673,1776160368000
1776160369.976,169.976,0.68,119.59,0.67,255.74,0.66,120.27,0.65,105.09,0.64,126.0,0.71,35.75,0.72,37.0,0.73,56.5,0.74,82.49,0.75,124.2,0.29,35.75,0.28,37.0,0.27,56.5,0.26,82.49,0.25,124.2,0.32,119.59,0.33,255.74,0.34,120.27,0.35,105.09,0.36,126.0,0.03,0.03,2386.420085,1776160369000
1776160370.956,170.956,0.68,119.59,0.67,255.74,0.66,120.27,0.65,105.09,0.64,126.0,0.71,35.75,0.72,37.0,0.73,56.5,0.74,82.49,0.75,124.2,0.29,35.75,0.28,37.0,0.27,56.5,0.26,82.49,0.25,124.2,0.32,119.59,0.33,255.74,0.34,120.27,0.35,105.09,0.36,126.0,0.03,0.03,2386.41424,1776160370000
1776160372.02,172.02,0.68,119.59,0.67,255.74,0.66,120.27,0.65,105.09,0.64,126.0,0.71,35.75,0.72,37.0,0.73,56.5,0.74,82.49,0.75,124.2,0.29,35.75,0.28,37.0,0.27,56.5,0.26,82.49,0.25,124.2,0.32,119.59,0.33,255.74,0.34,120.27,0.35,105.09,0.36,126.0,0.03,0.03,2386.414105,1776160371000
1776160373.239,173.239,0.68,119.59,0.67,255.74,0.66,120.27,0.65,105.09,0.64,126.0,0.71,35.75,0.72,37.0,0.73,56.5,0.74,82.49,0.75,124.2,0.29,35.75,0.28,37.0,0.27,56.5,0.26,82.49,0.25,124.2,0.32,119.59,0.33,255.74,0.34,120.27,0.35,105.09,0.36,126.0,0.03,0.03,2386.39858,1776160372000
1776160373.804,173.804,0.68,119.59,0.67,255.74,0.66,120.27,0.65,105.09,0.64,126.0,0.71,35.75,0.72,37.0,0.73,56.5,0.74,82.49,0.75,124.2,0.29,35.75,0.28,37.0,0.27,56.5,0.26,82.49,0.25,124.2,0.32,119.59,0.33,255.74,0.34,120.27,0.35,105.09,0.36,126.0,0.03,0.03,2386.39834,1776160373000
1776160374.978,174.978,0.68,119.59,0.67,255.74,0.66,120.27,0.65,105.09,0.64,126.0,0.71,35.75,0.72,37.0,0.73,56.5,0.74,82.49,0.75,124.2,0.29,35.75,0.28,37.0,0.27,56.5,0.26,82.49,0.25,124.2,0.32,119.59,0.33,255.74,0.34,120.27,0.35,105.09,0.36,126.0,0.03,0.03,2386.39769,1776160374000
1776160375.992,175.992,0.68,119.59,0.67,255.74,0.66,120.27,0.65,105.09,0.64,126.0,0.71,35.75,0.72,37.0,0.73,56.5,0.74,82.49,0.75,124.2,0.29,35.75,0.28,37.0,0.27,56.5,0.26,82.49,0.25,124.2,0.32,119.59,0.33,255.74,0.34,120.27,0.35,105.09,0.36,126.0,0.03,0.03,2386.396255,1776160375000
1776160377.259,177.259,0.68,119.59,0.67,255.74,0.66,120.27,0.65,105.09,0.64,126.0,0.71,35.75,0.72,37.0,0.73,56.5,0.74,82.49,0.75,124.2,0.29,35.75,0.28,37.0,0.27,56.5,0.26,82.49,0.25,124.2,0.32,119.59,0.33,255.74,0.34,120.27,0.35,105.09,0.36,126.0,0.03,0.03,2386.39681,1776160376000
1776160378.001,178.001,0.68,119.59,0.67,255.74,0.66,120.27,0.65,105.09,0.64,126.0,0.71,35.75,0.72,37.0,0.73,56.5,0.74,82.49,0.75,124.2,0.29,35.75,0.28,37.0,0.27,56.5,0.26,82.49,0.25,124.2,0.32,119.59,0.33,255.74,0.34,120.27,0.35,105.09,0.36,126.0,0.03,0.03,2386.398285,1776160377000
1776160378.333,178.333,0.69,98.09,0.68,153.77,0.67,47.18,0.66,98.09,0.65,81.09,0.71,15.66,0.72,20.5,0.73,30.5,0.74,38.0,0.75,95.99,0.29,35.75,0.28,37.0,0.27,56.5,0.26,82.49,0.25,124.2,0.32,119.59,0.33,255.74,0.34,120.27,0.35,105.09,0.36,126.0,0.02,0.03,2386.398285,1776160377000
1776160378.548,178.548,0.69,15.09,0.68,30.59,0.67,210.0,0.66,79.09,0.65,66.09,0.7,116.0,0.71,25.0,0.72,37.16,0.73,35.5,0.74,74.99,0.28,17.16,0.27,30.5,0.26,56.05,0.25,96.99,0.24,105.0,0.31,36.09,0.32,35.59,0.33,82.18,0.34,79.09,0.35,56.09,0.01,0.03,2386.398285,1776160377000
1776160379.114,179.114,0.69,15.09,0.68,30.59,0.67,210.0,0.66,79.09,0.65,66.09,0.7,116.0,0.71,25.0,0.72,37.16,0.73,35.5,0.74,74.99,0.3,116.0,0.29,25.0,0.28,37.16,0.27,35.5,0.26,74.99,0.31,15.09,0.32,30.59,0.33,210.0,0.34,79.09,0.35,66.09,0.01,0.01,2386.40327,1776160378000
1776160380.12,180.12,0.69,15.09,0.68,30.59,0.67,210.0,0.66,79.09,0.65,66.09,0.7,116.0,0.71,25.0,0.72,37.16,0.73,35.5,0.74,74.99,0.3,116.0,0.29,25.0,0.28,37.16,0.27,35.5,0.26,74.99,0.31,15.09,0.32,30.59,0.33,210.0,0.34,79.09,0.35,66.09,0.01,0.01,2386.394855,1776160379000
1776160380.547,180.547,0.66,5.09,0.65,5.09,0.61,5.0,0.6,15.0,0.59,26.09,0.7,802.48,0.71,134.5,0.72,30.0,0.73,55.0,0.74,38.0,0.3,116.0,0.29,25.0,0.28,37.16,0.27,35.5,0.26,74.99,0.31,15.09,0.32,30.59,0.33,210.0,0.34,79.09,0.35,66.09,0.04,0.01,2386.394855,1776160379000
1776160380.775,180.775,0.6,15.4,0.59,78.09,0.58,31.0,0.57,15.0,0.56,152.4,0.61,81.0,0.62,41.0,0.63,40.5,0.64,81.16,0.65,46.5,0.38,10.0,0.37,20.0,0.36,63.11,0.35,30.5,0.34,50.0,0.4,14.28,0.41,78.09,0.42,31.0,0.43,15.0,0.44,152.4,0.01,0.02,2386.394855,1776160379000
1776160381.182,181.182,0.6,4.4,0.59,68.09,0.58,31.0,0.57,15.0,0.56,20.4,0.61,84.91,0.62,46.0,0.63,89.49,0.64,63.17,0.65,56.5,0.39,90.0,0.38,41.0,0.37,40.5,0.36,81.16,0.35,46.5,0.4,4.4,0.41,78.09,0.42,31.0,0.43,15.0,0.44,152.4,0.01,0.01,2386.394855,1776160379000
1776160381.53,181.53,0.6,1.85,0.59,68.09,0.58,31.0,0.57,15.0,0.56,20.4,0.61,86.0,0.62,56.0,0.63,82.49,0.64,73.17,0.65,56.5,0.39,79.82,0.38,46.0,0.37,89.49,0.36,63.17,0.35,56.5,0.4,4.4,0.41,68.09,0.42,31.0,0.43,15.0,0.44,20.4,0.01,0.01,2386.4626,1776160380000
1776160381.786,181.786,0.59,10.5,0.58,21.0,0.57,63.0,0.56,119.4,0.55,29.99,0.6,81.0,0.61,15.0,0.62,51.5,0.63,59.44,0.64,63.17,0.39,86.0,0.38,66.5,0.37,74.44,0.36,73.17,0.35,56.5,0.41,54.05,0.42,31.0,0.43,15.0,0.44,20.4,0.45,31.18,0.01,0.02,2386.4626,1776160380000
1776160382.564,182.564,0.59,2.59,0.58,79.0,0.57,5.0,0.56,10.4,0.55,148.99,0.6,99.0,0.61,20.09,0.62,51.5,0.63,59.44,0.64,69.1,0.4,81.0,0.39,15.0,0.38,51.5,0.37,59.44,0.36,63.17,0.41,10.5,0.42,21.0,0.43,63.0,0.44,119.4,0.45,29.99,0.01,0.01,2386.357835,1776160381000
1776160382.823,182.823,0.59,2.59,0.58,79.0,0.57,5.0,0.56,10.4,0.55,148.99,0.6,158.16,0.61,20.09,0.62,109.5,0.63,59.44,0.64,63.16,0.4,99.0,0.39,20.09,0.38,51.5,0.37,59.44,0.36,69.1,0.41,2.59,0.42,79.0,0.43,5.0,0.44,10.4,0.45,148.99,0.01,0.01,2386.357835,1776160381000
1776160383.11,183.11,0.59,2.59,0.58,79.0,0.57,5.0,0.56,10.4,0.55,145.99,0.6,158.33,0.61,15.09,0.62,109.5,0.63,46.5,0.64,63.16,0.4,150.32,0.39,20.09,0.38,109.5,0.37,59.44,0.36,63.16,0.41,2.59,0.42,79.0,0.43,5.0,0.44,10.4,0.45,148.99,0.01,0.01,2386.357835,1776160381000
1776160383.346,183.346,0.59,2.59,0.58,79.0,0.57,5.0,0.56,10.4,0.55,28.18,0.6,156.34,0.61,15.09,0.62,109.5,0.63,46.5,0.64,63.16,0.4,156.34,0.39,15.09,0.38,109.5,0.37,46.5,0.36,63.16,0.41,2.59,0.42,79.0,0.43,5.0,0.44,10.4,0.45,28.18,0.01,0.01,2386.010905,1776160382000
1776160383.576,183.576,0.59,0.15,0.58,79.0,0.57,5.0,0.56,10.4,0.55,146.0,0.6,142.34,0.61,15.09,0.62,109.5,0.63,46.5,0.64,63.16,0.4,156.34,0.39,15.09,0.38,109.5,0.37,46.5,0.36,63.16,0.41,2.59,0.42,79.0,0.43,5.0,0.44,10.4,0.45,28.18,0.01,0.01,2386.010905,1776160382000
1776160384.21,184.21,0.59,0.15,0.58,79.0,0.57,5.0,0.56,10.4,0.55,146.0,0.6,142.34,0.61,15.09,0.62,109.5,0.63,46.5,0.64,63.16,0.4,142.34,0.39,15.09,0.38,109.5,0.37,46.5,0.36,63.16,0.41,0.15,0.42,79.0,0.43,5.0,0.44,10.4,0.45,146.0,0.01,0.01,2386.008947,1776160383000
1776160384.75,184.75,0.58,11.15,0.57,5.0,0.56,68.4,0.55,39.18,0.54,96.9,0.6,161.34,0.61,73.09,0.62,46.5,0.63,46.5,0.64,59.16,0.4,142.34,0.39,15.09,0.38,109.5,0.37,46.5,0.36,63.16,0.41,0.15,0.42,79.0,0.43,5.0,0.44,10.4,0.45,146.0,0.02,0.01,2386.008947,1776160383000
1776160385.479,185.479,0.58,6.0,0.56,67.9,0.55,157.0,0.54,96.9,0.53,40.0,0.59,15.0,0.6,161.0,0.61,73.09,0.62,46.5,0.63,46.5,0.41,15.0,0.4,161.0,0.39,73.09,0.38,46.5,0.37,46.5,0.42,6.0,0.44,67.9,0.45,157.0,0.46,96.9,0.47,40.0,0.01,0.01,2385.966305,1776160384000
1776160386.161,186.161,0.58,36.59,0.57,10.5,0.56,186.9,0.55,27.18,0.54,80.9,0.59,163.21,0.6,96.0,0.61,15.09,0.62,46.5,0.63,56.5,0.41,15.0,0.4,161.0,0.39,73.09,0.38,46.5,0.37,46.5,0.42,6.0,0.44,67.9,0.45,157.0,0.46,96.9,0.47,40.0,0.01,0.01,2385.966305,1776160384000
1776160386.396,186.396,0.58,34.09,0.57,10.5,0.56,186.9,0.55,27.18,0.54,80.9,0.59,154.21,0.6,96.0,0.61,15.09,0.62,46.5,0.63,56.5,0.41,154.21,0.4,96.0,0.39,15.09,0.38,46.5,0.37,56.5,0.42,36.59,0.43,10.5,0.44,186.9,0.45,27.18,0.46,80.9,0.01,0.01,2386.006445,1776160385000
1776160387.029,187.029,0.58,39.0,0.57,10.5,0.56,186.9,0.55,27.18,0.54,80.9,0.59,154.21,0.6,96.0,0.61,15.09,0.62,46.5,0.63,56.5,0.41,154.21,0.4,96.0,0.39,15.09,0.38,46.5,0.37,56.5,0.42,39.0,0.43,10.5,0.44,186.9,0.45,27.18,0.46,80.9,0.01,0.01,2385.972935,1776160386000
1776160387.994,187.994,0.58,39.0,0.57,10.5,0.56,186.9,0.55,27.18,0.54,80.9,0.59,154.21,0.6,96.0,0.61,15.09,0.62,46.5,0.63,56.5,0.41,154.21,0.4,96.0,0.39,15.09,0.38,46.5,0.37,56.5,0.42,39.0,0.43,10.5,0.44,186.9,0.45,27.18,0.46,80.9,0.01,0.01,2385.9374,1776160387000
1776160389.067,189.067,0.58,39.0,0.57,10.5,0.56,186.9,0.55,27.18,0.54,80.9,0.59,154.21,0.6,96.0,0.61,15.09,0.62,46.5,0.63,56.5,0.41,154.21,0.4,96.0,0.39,15.09,0.38,46.5,0.37,56.5,0.42,39.0,0.43,10.5,0.44,186.9,0.45,27.18,0.46,80.9,0.01,0.01,2385.925135,1776160388000
1776160390.039,190.039,0.58,39.0,0.57,10.5,0.56,186.9,0.55,27.18,0.54,80.9,0.59,154.21,0.6,96.0,0.61,15.09,0.62,46.5,0.63,56.5,0.41,154.21,0.4,96.0,0.39,15.09,0.38,46.5,0.37,56.5,0.42,39.0,0.43,10.5,0.44,186.9,0.45,27.18,0.46,80.9,0.01,0.01,2385.92497,1776160389000
1776160390.494,190.494,0.56,9.9,0.55,15.5,0.54,23.9,0.53,63.0,0.52,122.82,0.59,271.59,0.6,60.5,0.61,136.64,0.62,46.5,0.63,30.5,0.41,154.21,0.4,96.0,0.39,15.09,0.38,46.5,0.37,56.5,0.42,39.0,0.43,10.5,0.44,186.9,0.45,27.18,0.46,80.9,0.03,0.01,2385.92497,1776160389000
1776160390.979,190.979,0.55,1.56,0.54,23.9,0.53,63.0,0.52,122.82,0.51,37.0,0.56,70.0,0.57,44.0,0.58,30.5,0.59,185.59,0.6,64.5,0.44,40.0,0.43,49.0,0.42,35.5,0.41,185.59,0.4,68.5,0.45,1.56,0.46,23.9,0.47,63.0,0.48,122.82,0.49,37.0,0.01,0.01,2385.92497,1776160389000
1776160391.56,191.56,0.54,23.03,0.53,63.0,0.52,5.0,0.51,132.82,0.5,46.0,0.56,93.93,0.57,30.0,0.58,88.5,0.59,72.59,0.6,71.49,0.44,70.0,0.43,44.0,0.42,30.5,0.41,185.59,0.4,64.5,0.45,1.56,0.46,23.9,0.47,63.0,0.48,122.82,0.49,37.0,0.02,0.01,2385.939335,1776160390000
1776160392.064,192.064,0.55,2.6,0.54,23.03,0.53,63.0,0.52,5.0,0.51,132.82,0.56,88.93,0.57,30.0,0.58,88.5,0.59,72.59,0.6,71.49,0.44,88.93,0.43,30.0,0.42,88.5,0.41,72.59,0.4,71.49,0.45,2.6,0.46,23.03,0.47,63.0,0.48,5.0,0.49,132.82,0.01,0.01,2385.935545,1776160391000
1776160392.472,192.472,0.54,38.53,0.53,68.0,0.52,5.0,0.51,189.82,0.5,46.0,0.55,111.93,0.56,20.09,0.57,88.0,0.58,25.5,0.59,79.59,0.44,88.93,0.43,30.0,0.42,88.5,0.41,72.59,0.4,71.49,0.45,2.6,0.46,23.03,0.47,63.0,0.48,5.0,0.49,132.82,0.01,0.01,2385.935545,1776160391000
1776160393.064,193.064,0.54,38.53,0.53,68.0,0.52,5.0,0.51,189.82,0.5,46.0,0.55,111.93,0.56,20.09,0.57,88.0,0.58,25.5,0.59,79.59,0.45,111.93,0.44,20.09,0.43,88.0,0.42,25.5,0.41,79.59,0.46,38.53,0.47,68.0,0.48,5.0,0.49,189.82,0.5,46.0,0.01,0.01,2385.917296,1776160392000
1776160393.609,193.609,0.54,38.53,0.53,94.0,0.52,26.0,0.51,197.0,0.5,46.0,0.55,109.97,0.56,20.09,0.57,88.0,0.58,25.5,0.59,40.59,0.45,111.93,0.44,20.09,0.43,88.0,0.42,25.5,0.41,79.59,0.46,38.53,0.47,68.0,0.48,5.0,0.49,189.82,0.5,46.0,0.01,0.01,2385.917296,1776160392000
1776160393.996,193.996,0.54,38.53,0.53,94.0,0.52,26.0,0.51,197.0,0.5,46.0,0.55,109.97,0.56,20.09,0.57,88.0,0.58,25.5,0.59,40.59,0.45,109.97,0.44,20.09,0.43,88.0,0.42,25.5,0.41,40.59,0.46,38.53,0.47,94.0,0.48,26.0,0.49,197.0,0.5,46.0,0.01,0.01,2385.81695,1776160393000
1776160395.069,195.069,0.54,38.53,0.53,94.0,0.52,26.0,0.51,197.0,0.5,46.0,0.55,109.97,0.56,20.09,0.57,88.0,0.58,25.5,0.59,40.59,0.45,109.97,0.44,20.09,0.43,88.0,0.42,25.5,0.41,40.59,0.46,38.53,0.47,94.0,0.48,26.0,0.49,197.0,0.5,46.0,0.01,0.01,2385.877046,1776160394000
1776160395.326,195.326,0.53,15.0,0.52,5.0,0.51,26.0,0.5,163.82,0.49,90.0,0.55,172.97,0.56,46.09,0.57,71.5,0.58,35.5,0.59,49.53,0.45,109.97,0.44,20.09,0.43,88.0,0.42,25.5,0.41,40.59,0.46,38.53,0.47,94.0,0.48,26.0,0.49,197.0,0.5,46.0,0.02,0.01,2385.877046,1776160394000
1776160395.786,195.786,0.53,0.5,0.52,5.0,0.51,26.0,0.5,221.82,0.49,32.0,0.54,197.97,0.55,15.0,0.56,46.09,0.57,56.5,0.58,35.5,0.45,172.97,0.44,46.09,0.43,71.5,0.42,35.5,0.41,49.53,0.47,15.0,0.48,5.0,0.49,26.0,0.5,163.82,0.51,90.0,0.01,0.02,2385.877046,1776160394000
1776160396.097,196.097,0.52,20.5,0.51,31.0,0.5,163.82,0.49,90.0,0.48,5.0,0.53,76.0,0.54,135.0,0.55,15.0,0.56,25.09,0.57,35.5,0.46,197.97,0.45,15.0,0.44,46.09,0.43,56.5,0.42,35.5,0.47,0.5,0.48,5.0,0.49,26.0,0.5,221.82,0.51,32.0,0.01,0.01,2385.877046,1776160394000
1776160396.412,196.412,0.52,18.53,0.51,10.0,0.5,25.0,0.49,195.0,0.48,32.0,0.53,81.0,0.54,135.0,0.55,36.0,0.56,35.59,0.57,35.0,0.47,76.0,0.46,135.0,0.45,15.0,0.44,25.09,0.43,35.5,0.48,20.5,0.49,31.0,0.5,163.82,0.51,90.0,0.52,5.0,0.01,0.01,2385.812765,1776160395000
1776160396.645,196.645,0.51,47.0,0.5,25.0,0.49,137.0,0.48,89.0,0.47,41.0,0.53,143.0,0.54,25.0,0.55,36.0,0.56,30.59,0.57,35.0,0.47,81.0,0.46,135.0,0.45,36.0,0.44,35.59,0.43,35.0,0.48,18.53,0.49,10.0,0.5,25.0,0.51,195.0,0.52,32.0,0.02,0.01,2385.812765,1776160395000
1776160397.174,197.174,0.51,47.0,0.5,25.0,0.49,137.0,0.48,89.0,0.47,41.0,0.53,143.0,0.54,25.0,0.55,36.0,0.56,30.59,0.57,35.0,0.47,143.0,0.46,25.0,0.45,36.0,0.44,30.59,0.43,35.0,0.49,47.0,0.5,25.0,0.51,137.0,0.52,89.0,0.53,41.0,0.02,0.02,2385.802755,1776160396000
1776160397.562,197.562,0.51,72.59,0.5,25.0,0.49,193.99,0.48,32.0,0.47,103.0,0.52,139.09,0.53,15.0,0.54,20.0,0.55,36.0,0.56,30.09,0.47,143.0,0.46,25.0,0.45,36.0,0.44,30.59,0.43,35.0,0.49,47.0,0.5,25.0,0.51,137.0,0.52,89.0,0.53,41.0,0.01,0.02,2385.802755,1776160396000
1776160398.219,198.219,0.51,72.59,0.5,25.0,0.49,193.99,0.48,32.0,0.47,103.0,0.52,139.09,0.53,15.0,0.54,20.0,0.55,36.0,0.56,30.09,0.48,139.09,0.47,15.0,0.46,20.0,0.45,36.0,0.44,30.09,0.49,72.59,0.5,25.0,0.51,193.99,0.52,32.0,0.53,103.0,0.01,0.01,2385.909798,1776160397000
1776160398.82,198.82,0.51,44.51,0.5,152.5,0.49,94.18,0.48,5.0,0.47,11.0,0.52,150.09,0.53,20.0,0.54,20.0,0.55,56.5,0.56,70.09,0.48,139.09,0.47,15.0,0.46,20.0,0.45,36.0,0.44,30.09,0.49,72.59,0.5,25.0,0.51,193.99,0.52,32.0,0.53,103.0,0.01,0.01,2385.909798,1776160397000
1776160399.124,199.124,0.51,40.58,0.5,153.32,0.49,94.99,0.48,5.0,0.47,11.0,0.52,144.8,0.53,41.0,0.54,41.0,0.55,56.5,0.56,70.09,0.48,145.09,0.47,41.0,0.46,41.0,0.45,56.5,0.44,70.09,0.49,40.58,0.5,152.5,0.51,94.18,0.52,5.0,0.53,11.0,0.01,0.01,2385.909798,1776160397000
1776160400.21,200.21,0.51,40.58,0.5,153.32,0.49,94.99,0.48,5.0,0.47,11.0,0.52,144.8,0.53,41.0,0.54,41.0,0.55,56.5,0.56,70.09,0.48,144.8,0.47,41.0,0.46,41.0,0.45,56.5,0.44,70.09,0.49,40.58,0.5,153.32,0.51,94.99,0.52,5.0,0.53,11.0,0.01,0.01,2385.74577,1776160399000
1776160401.2,201.2,0.51,40.58,0.5,153.32,0.49,94.99,0.48,5.0,0.47,11.0,0.52,144.8,0.53,41.0,0.54,41.0,0.55,56.5,0.56,70.09,0.48,144.8,0.47,41.0,0.46,41.0,0.45,56.5,0.44,70.09,0.49,40.58,0.5,153.32,0.51,94.99,0.52,5.0,0.53,11.0,0.01,0.01,2385.85439,1776160400000
1776160402.181,202.181,0.51,40.58,0.5,153.32,0.49,94.99,0.48,5.0,0.47,11.0,0.52,144.8,0.53,41.0,0.54,41.0,0.55,56.5,0.56,70.09,0.48,144.8,0.47,41.0,0.46,41.0,0.45,56.5,0.44,70.09,0.49,40.58,0.5,153.32,0.51,94.99,0.52,5.0,0.53,11.0,0.01,0.01,2385.75,1776160401000
1776160402.5,202.5,0.5,3.0,0.49,8.81,0.48,15.0,0.47,11.0,0.46,10.0,0.52,112.8,0.53,5.0,0.54,41.5,0.55,26.0,0.56,60.09,0.48,144.8,0.47,41.0,0.46,41.0,0.45,56.5,0.44,70.09,0.49,40.58,0.5,153.32,0.51,94.99,0.52,5.0,0.53,11.0,0.02,0.01,2385.75,1776160401000
1776160402.794,202.794,0.51,50.0,0.5,3.0,0.49,18.81,0.48,15.0,0.47,11.0,0.52,94.8,0.53,5.0,0.54,15.5,0.55,15.0,0.56,60.09,0.48,112.8,0.47,5.0,0.46,41.5,0.45,36.0,0.44,60.09,0.5,3.0,0.51,8.81,0.52,15.0,0.53,11.0,0.54,10.0,0.01,0.02,2385.75,1776160401000
1776160403.075,203.075,0.51,127.0,0.5,43.5,0.49,59.0,0.48,87.72,0.47,110.0,0.52,61.8,0.54,25.0,0.55,15.0,0.56,70.09,0.57,32.0,0.48,61.8,0.46,25.0,0.45,15.0,0.44,70.09,0.43,32.0,0.49,127.0,0.5,43.5,0.51,59.0,0.52,87.72,0.53,110.0,0.01,0.01,2385.75836,1776160402000
1776160404.13,204.13,0.51,127.0,0.5,43.5,0.49,59.0,0.48,87.72,0.47,110.0,0.52,61.8,0.54,25.0,0.55,15.0,0.56,70.09,0.57,32.0,0.48,61.8,0.46,25.0,0.45,15.0,0.44,70.09,0.43,32.0,0.49,127.0,0.5,43.5,0.51,59.0,0.52,87.72,0.53,110.0,0.01,0.01,2385.77089,1776160403000
1776160404.385,204.385,0.51,78.51,0.5,10.0,0.49,98.5,0.48,94.0,0.47,148.0,0.52,185.91,0.53,15.0,0.54,30.5,0.55,20.5,0.56,65.09,0.48,61.8,0.46,25.0,0.45,15.0,0.44,70.09,0.43,32.0,0.49,127.0,0.5,43.5,0.51,59.0,0.52,87.72,0.53,110.0,0.01,0.01,2385.77089,1776160403000
1776160404.821,204.821,0.51,78.51,0.5,64.8,0.49,103.5,0.48,94.0,0.47,148.0,0.52,183.91,0.53,15.0,0.54,30.5,0.55,20.5,0.56,65.09,0.48,185.91,0.47,15.0,0.46,30.5,0.45,20.5,0.44,65.09,0.49,78.51,0.5,10.0,0.51,98.5,0.52,94.0,0.53,148.0,0.01,0.01,2385.77089,1776160403000
1776160405.064,205.064,0.51,78.51,0.5,64.8,0.49,103.5,0.48,94.0,0.47,148.0,0.52,181.91,0.53,15.0,0.54,30.5,0.55,20.5,0.56,65.09,0.48,181.91,0.47,15.0,0.46,30.5,0.45,20.5,0.44,65.09,0.49,78.51,0.5,64.8,0.51,103.5,0.52,94.0,0.53,148.0,0.01,0.01,2385.806015,1776160404000
1776160405.969,205.969,0.51,78.51,0.5,64.8,0.49,103.5,0.48,94.0,0.47,148.0,0.52,181.91,0.53,15.0,0.54,30.5,0.55,20.5,0.56,65.09,0.48,181.91,0.47,15.0,0.46,30.5,0.45,20.5,0.44,65.09,0.49,78.51,0.5,64.8,0.51,103.5,0.52,94.0,0.53,148.0,0.01,0.01,2385.783905,1776160405000
1776160407.052,207.052,0.51,78.51,0.5,64.8,0.49,103.5,0.48,94.0,0.47,148.0,0.52,181.91,0.53,15.0,0.54,30.5,0.55,20.5,0.56,65.09,0.48,181.91,0.47,15.0,0.46,30.5,0.45,20.5,0.44,65.09,0.49,78.51,0.5,64.8,0.51,103.5,0.52,94.0,0.53,148.0,0.01,0.01,2385.76923,1776160406000
1776160407.887,207.887,0.51,78.51,0.5,64.8,0.49,103.5,0.48,94.0,0.47,148.0,0.52,181.91,0.53,15.0,0.54,30.5,0.55,20.5,0.56,65.09,0.48,181.91,0.47,15.0,0.46,30.5,0.45,20.5,0.44,65.09,0.49,78.51,0.5,64.8,0.51,103.5,0.52,94.0,0.53,148.0,0.01,0.01,2385.752385,1776160407000
1776160408.691,208.691,0.51,160.6,0.5,35.5,0.49,153.18,0.48,54.18,0.47,35.5,0.52,0.69,0.53,20.0,0.54,68.0,0.55,87.5,0.56,65.09,0.48,181.91,0.47,15.0,0.46,30.5,0.45,20.5,0.44,65.09,0.49,78.51,0.5,64.8,0.51,103.5,0.52,94.0,0.53,148.0,0.01,0.01,2385.752385,1776160407000
1776160408.924,208.924,0.51,160.6,0.5,35.5,0.49,153.18,0.48,54.18,0.47,35.5,0.52,0.69,0.53,20.0,0.54,68.0,0.55,87.5,0.56,65.09,0.48,0.69,0.47,20.0,0.46,68.0,0.45,87.5,0.44,65.09,0.49,160.6,0.5,35.5,0.51,153.18,0.52,54.18,0.53,35.5,0.01,0.01,2385.76695,1776160408000
1776160409.29,209.29,0.51,170.6,0.5,35.5,0.49,153.18,0.48,68.58,0.47,35.5,0.53,0.69,0.54,73.0,0.55,87.5,0.56,65.09,0.57,27.0,0.48,0.69,0.47,20.0,0.46,68.0,0.45,87.5,0.44,65.09,0.49,160.6,0.5,35.5,0.51,153.18,0.52,54.18,0.53,35.5,0.02,0.01,2385.76695,1776160408000
1776160409.76,209.76,0.55,555.5,0.54,116.6,0.53,61.35,0.52,10.0,0.51,91.09,0.56,5.09,0.61,5.09,0.65,12.0,0.66,88.0,0.67,5.0,0.46,0.8,0.45,20.0,0.44,75.59,0.43,37.5,0.42,20.5,0.47,50.0,0.48,72.0,0.49,116.19,0.5,20.0,0.51,122.99,0.01,0.01,2385.76695,1776160408000
1776160409.997,209.997,0.68,269.0,0.67,154.0,0.66,31.0,0.65,20.5,0.64,20.0,0.7,9.37,0.74,21.0,0.76,59.0,0.77,18.94,0.78,41.0,0.32,5.0,0.31,21.89,0.3,17.1,0.29,17.5,0.28,17.89,0.45,840.5,0.46,116.6,0.47,61.35,0.48,10.0,0.49,70.09,0.02,0.13,2385.76693,1776160409000
1776160410.401,210.401,0.73,26.29,0.72,141.63,0.71,129.18,0.7,101.18,0.69,111.0,0.74,5.45,0.75,5.0,0.78,28.94,0.79,42.0,0.8,22.5,0.26,20.9,0.24,59.0,0.23,24.99,0.22,41.0,0.21,42.7,0.27,6.29,0.28,26.63,0.29,10.0,0.3,194.0,0.31,142.18,0.01,0.01,2385.76693,1776160409000
1776160410.617,210.617,0.73,268.11,0.72,63.62,0.71,10.0,0.7,80.0,0.69,121.0,0.77,10.5,0.8,30.99,0.81,106.0,0.82,24.4,0.83,25.5,0.26,5.45,0.25,5.0,0.22,28.94,0.21,42.0,0.2,22.5,0.27,16.29,0.28,141.63,0.29,129.18,0.3,101.18,0.31,111.0,0.04,0.01,2385.76693,1776160409000
1776160410.893,210.893,0.76,5.0,0.75,10.0,0.74,10.0,0.73,168.47,0.72,27.63,0.77,0.92,0.81,88.05,0.82,73.4,0.83,25.5,0.84,57.8,0.23,0.92,0.19,88.05,0.18,73.4,0.17,25.5,0.16,57.8,0.24,5.0,0.25,10.0,0.26,10.0,0.27,168.47,0.28,27.63,0.01,0.01,2385.773745,1776160410000
1776160411.604,211.604,0.77,49.0,0.76,91.0,0.75,80.0,0.74,260.18,0.73,58.47,0.78,22.55,0.8,57.0,0.81,106.99,0.82,73.4,0.83,35.5,0.22,4.32,0.19,106.99,0.18,73.4,0.17,25.5,0.16,57.8,0.24,39.0,0.25,15.0,0.26,125.0,0.27,158.47,0.28,27.63,0.01,0.02,2385.773745,1776160410000
1776160411.817,211.817,0.77,34.65,0.76,34.0,0.75,137.0,0.74,80.0,0.73,88.29,0.78,100.6,0.81,96.99,0.82,73.4,0.83,35.5,0.84,57.8,0.22,100.6,0.19,96.99,0.18,73.4,0.17,35.5,0.16,57.8,0.23,34.65,0.24,34.0,0.25,137.0,0.26,80.0,0.27,88.29,0.01,0.01,2385.982919,1776160411000
1776160412.227,212.227,0.76,25.0,0.75,10.0,0.74,20.0,0.73,78.29,0.72,21.63,0.78,145.83,0.81,90.99,0.82,83.4,0.83,35.5,0.84,57.8,0.22,130.33,0.19,96.99,0.18,73.4,0.17,35.5,0.16,57.8,0.23,34.65,0.24,34.0,0.25,147.0,0.26,90.0,0.27,88.29,0.02,0.01,2385.982919,1776160411000
1776160413.094,213.094,0.76,10.0,0.75,15.0,0.74,20.0,0.73,73.29,0.72,84.63,0.77,92.5,0.78,93.83,0.79,32.0,0.8,61.99,0.81,115.99,0.22,145.83,0.19,90.99,0.18,83.4,0.17,35.5,0.16,57.8,0.24,25.0,0.25,10.0,0.26,20.0,0.27,78.29,0.28,21.63,0.01,0.02,2385.982919,1776160411000
1776160413.716,213.716,0.76,5.0,0.75,15.0,0.74,10.0,0.73,73.29,0.72,84.63,0.77,85.15,0.78,98.83,0.79,37.0,0.8,66.99,0.81,120.99,0.23,92.5,0.22,93.83,0.21,32.0,0.2,61.99,0.19,115.99,0.24,10.0,0.25,15.0,0.26,20.0,0.27,73.29,0.28,84.63,0.01,0.01,2385.982919,1776160411000
1776160413.994,213.994,0.76,5.0,0.75,15.0,0.74,10.0,0.73,73.29,0.72,90.63,0.77,115.88,0.78,45.5,0.79,30.0,0.8,83.99,0.81,75.0,0.23,85.15,0.22,98.83,0.21,37.0,0.2,66.99,0.19,120.99,0.24,5.0,0.25,15.0,0.26,10.0,0.27,73.29,0.28,84.63,0.01,0.01,2386.399305,1776160412000
1776160414.48,214.48,0.76,5.0,0.75,15.0,0.74,10.0,0.73,73.29,0.72,90.63,0.77,115.88,0.78,45.5,0.79,30.0,0.8,83.99,0.81,75.0,0.23,115.88,0.22,45.5,0.21,30.0,0.2,83.99,0.19,75.0,0.24,5.0,0.25,15.0,0.26,10.0,0.27,73.29,0.28,90.63,0.01,0.01,2386.45383,1776160413000
1776160415.091,215.091,0.76,25.0,0.75,25.0,0.74,20.0,0.73,131.29,0.72,31.0,0.77,111.38,0.78,35.5,0.79,41.0,0.8,94.99,0.81,122.0,0.23,111.38,0.22,35.5,0.21,41.0,0.2,94.99,0.19,122.0,0.24,25.0,0.25,25.0,0.26,20.0,0.27,131.29,0.28,31.0,0.01,0.01,2386.45392,1776160414000
1776160415.317,215.317,0.76,35.0,0.75,25.0,0.74,140.0,0.73,27.29,0.72,25.0,0.77,15.5,0.78,35.5,0.79,36.0,0.8,83.99,0.81,112.0,0.23,111.38,0.22,35.5,0.21,41.0,0.2,94.99,0.19,122.0,0.24,25.0,0.25,25.0,0.26,20.0,0.27,131.29,0.28,31.0,0.01,0.01,2386.45392,1776160414000
1776160415.895,215.895,0.76,40.0,0.75,145.0,0.74,25.0,0.73,27.29,0.72,25.0,0.77,5.37,0.78,35.5,0.79,120.0,0.8,62.99,0.81,112.0,0.23,15.5,0.22,35.5,0.21,36.0,0.2,83.99,0.19,112.0,0.24,35.0,0.25,25.0,0.26,140.0,0.27,27.29,0.28,25.0,0.01,0.01,2386.45392,1776160414000
1776160416.286,216.286,0.76,40.0,0.75,145.0,0.74,25.0,0.73,27.29,0.72,25.0,0.77,5.37,0.78,35.5,0.79,120.0,0.8,62.99,0.81,112.0,0.23,5.37,0.22,35.5,0.21,120.0,0.2,62.99,0.19,112.0,0.24,40.0,0.25,145.0,0.26,25.0,0.27,27.29,0.28,25.0,0.01,0.01,2386.439302,1776160415000
1776160417.566,217.566,0.76,40.0,0.75,145.0,0.74,95.0,0.73,27.29,0.72,25.0,0.78,33.46,0.79,120.0,0.8,62.99,0.81,122.0,0.82,49.4,0.22,33.46,0.21,120.0,0.2,62.99,0.19,122.0,0.18,49.4,0.24,40.0,0.25,145.0,0.26,95.0,0.27,27.29,0.28,25.0,0.02,0.02,2386.404175,1776160416000
1776160418.06,218.06,0.76,40.0,0.75,145.0,0.74,95.0,0.73,27.29,0.72,25.0,0.78,33.46,0.79,120.0,0.8,62.99,0.81,122.0,0.82,49.4,0.22,33.46,0.21,120.0,0.2,62.99,0.19,122.0,0.18,49.4,0.24,40.0,0.25,145.0,0.26,95.0,0.27,27.29,0.28,25.0,0.02,0.02,2386.453448,1776160417000
1776160419.282,219.282,0.76,40.0,0.75,145.0,0.74,95.0,0.73,27.29,0.72,25.0,0.78,33.46,0.79,120.0,0.8,62.99,0.81,122.0,0.82,49.4,0.22,33.46,0.21,120.0,0.2,62.99,0.19,122.0,0.18,49.4,0.24,40.0,0.25,145.0,0.26,95.0,0.27,27.29,0.28,25.0,0.02,0.02,2386.4216,1776160418000
1776160420.076,220.076,0.77,4.09,0.76,30.0,0.75,20.0,0.74,20.0,0.73,85.29,0.78,158.55,0.79,15.0,0.8,43.94,0.81,139.0,0.82,54.4,0.22,33.46,0.21,120.0,0.2,62.99,0.19,122.0,0.18,49.4,0.24,40.0,0.25,145.0,0.26,95.0,0.27,27.29,0.28,25.0,0.01,0.02,2386.4216,1776160418000
1776160420.374,220.374,0.77,4.09,0.76,30.0,0.75,20.0,0.74,20.0,0.73,85.29,0.78,158.55,0.79,15.0,0.8,43.94,0.81,139.0,0.82,54.4,0.22,158.55,0.21,15.0,0.2,43.94,0.19,139.0,0.18,54.4,0.23,4.09,0.24,30.0,0.25,20.0,0.26,20.0,0.27,85.29,0.01,0.01,2386.458823,1776160419000
1776160420.955,220.955,0.77,4.09,0.76,30.0,0.75,20.0,0.74,20.0,0.73,85.29,0.78,158.55,0.79,15.0,0.8,43.94,0.81,139.0,0.82,54.4,0.22,158.55,0.21,15.0,0.2,43.94,0.19,139.0,0.18,54.4,0.23,4.09,0.24,30.0,0.25,20.0,0.26,20.0,0.27,85.29,0.01,0.01,2386.444553,1776160420000
1776160421.415,221.415,0.76,85.08,0.75,20.0,0.74,83.0,0.73,21.29,0.72,53.99,0.78,121.75,0.79,36.0,0.8,46.0,0.81,154.99,0.82,103.4,0.22,158.55,0.21,15.0,0.2,43.94,0.19,139.0,0.18,54.4,0.23,4.09,0.24,30.0,0.25,20.0,0.26,20.0,0.27,85.29,0.02,0.01,2386.444553,1776160420000
