timestamp,elapsed_sec,up_bid_p1,up_bid_s1,up_bid_p2,up_bid_s2,up_ask_p1,up_ask_s1,up_ask_p2,up_ask_s2,down_bid_p1,down_bid_s1,down_bid_p2,down_bid_s2,down_ask_p1,down_ask_s1,down_ask_p2,down_ask_s2,up_spread,down_spread,eth_price,eth_oracle_ts
1776196801.539,1.539,,,,,,,,,,,,,,,,,,,2313.91735,1776196800000
1776196802.156,2.156,0.53,5.0,0.48,216.0,0.6,76.66,0.61,70.0,0.4,66.66,0.39,70.0,0.42,64.0,0.43,13.0,0.07,0.02,2313.91735,1776196800000
1776196802.377,2.377,0.58,53.38,0.57,23.0,0.59,10.0,0.6,66.66,0.41,10.0,0.4,66.66,0.42,58.18,0.43,23.0,0.01,0.01,2314.313219,1776196801000
1776196802.766,2.766,0.58,8.0,0.57,37.0,0.59,15.0,0.6,66.66,0.41,10.0,0.4,66.66,0.42,53.38,0.43,23.0,0.01,0.01,2314.313219,1776196801000
1776196803.283,3.283,0.57,5.0,0.56,18.0,0.59,15.0,0.6,5.0,0.41,15.0,0.4,66.66,0.42,8.0,0.43,37.0,0.02,0.01,2314.313219,1776196801000
1776196803.496,3.496,0.51,5.0,0.5,5.0,0.54,47.16,0.59,145.0,0.46,47.16,0.41,145.0,0.49,5.0,0.5,5.0,0.03,0.03,2314.807767,1776196802000
1776196803.956,3.956,0.57,10.0,0.56,5.0,0.59,140.0,0.61,65.0,0.46,47.16,0.41,145.0,0.49,5.0,0.5,5.0,0.02,0.03,2314.807767,1776196802000
1776196804.163,4.163,0.56,1.45,0.55,15.0,0.59,145.0,0.61,50.0,0.41,140.0,0.39,65.0,0.43,5.34,0.44,5.0,0.03,0.02,2314.807767,1776196802000
1776196804.478,4.478,0.58,14.47,0.57,38.0,0.59,137.93,0.61,50.0,0.41,142.93,0.39,50.0,0.43,10.0,0.44,1.45,0.01,0.02,2314.98231,1776196803000
1776196804.76,4.76,0.58,49.18,0.57,38.0,0.59,69.13,0.61,50.0,0.41,91.08,0.39,50.0,0.42,34.18,0.43,38.0,0.01,0.01,2314.98231,1776196803000
1776196804.983,4.983,0.58,54.18,0.57,38.0,0.59,8.44,0.61,50.0,0.41,18.44,0.39,50.0,0.42,49.18,0.43,38.0,0.01,0.01,2314.98231,1776196803000
1776196805.486,5.486,0.58,54.18,0.57,38.0,0.59,8.44,0.61,50.0,0.41,8.44,0.39,50.0,0.42,54.18,0.43,38.0,0.01,0.01,2314.74401,1776196804000
1776196805.98,5.98,0.58,176.27,0.57,158.0,0.59,1.15,0.61,50.0,0.41,3.44,0.39,50.0,0.42,81.27,0.43,28.0,0.01,0.01,2314.74401,1776196804000
1776196806.217,6.217,0.58,76.27,0.57,58.0,0.61,46.22,0.62,110.0,0.41,1.15,0.39,50.0,0.42,171.27,0.43,158.0,0.03,0.01,2314.7657,1776196805000
1776196806.648,6.648,0.6,30.0,0.59,15.0,0.61,44.45,0.62,115.0,0.39,46.22,0.38,110.0,0.42,29.27,0.43,58.0,0.01,0.03,2314.7657,1776196805000
1776196807.497,7.497,0.6,30.0,0.59,15.0,0.61,44.45,0.62,115.0,0.39,44.45,0.38,115.0,0.4,30.0,0.41,15.0,0.01,0.01,2314.879046,1776196806000
1776196807.851,7.851,0.6,48.0,0.59,26.0,0.61,44.45,0.62,125.0,0.39,49.45,0.38,120.0,0.4,43.0,0.41,26.0,0.01,0.01,2314.879046,1776196806000
1776196808.213,8.213,0.6,48.0,0.59,26.0,0.61,42.59,0.62,125.0,0.39,42.59,0.38,125.0,0.4,48.0,0.41,26.0,0.01,0.01,2315.000095,1776196807000
1776196808.454,8.454,0.55,1.97,0.54,10.0,0.59,10.0,0.6,10.0,0.39,217.59,0.38,158.0,0.42,7.09,0.45,11.0,0.04,0.03,2315.000095,1776196807000
1776196809.807,9.807,0.55,71.5,0.54,51.0,0.56,15.5,0.57,72.25,0.45,5.0,0.44,80.0,0.47,15.0,0.48,40.0,0.01,0.02,2315.000095,1776196807000
1776196810.05,10.05,0.55,61.5,0.54,51.0,0.57,67.75,0.58,130.5,0.44,7.6,0.43,72.25,0.45,61.5,0.46,51.0,0.02,0.01,2315.000095,1776196807000
1776196810.612,10.612,0.56,28.5,0.55,47.5,0.57,117.75,0.58,125.5,0.43,67.75,0.42,130.5,0.45,61.5,0.46,51.0,0.01,0.02,2315.000095,1776196807000
1776196811.311,11.311,0.56,28.5,0.55,47.5,0.57,117.75,0.58,125.5,0.43,117.75,0.42,125.5,0.44,28.5,0.45,47.5,0.01,0.01,2314.5981,1776196810000
1776196811.614,11.614,0.51,17.72,0.5,58.0,0.54,160.0,0.55,135.0,0.43,117.75,0.42,125.5,0.44,28.5,0.45,47.5,0.03,0.01,2314.5981,1776196810000
1776196812.006,12.006,0.51,15.5,0.5,62.0,0.52,9.32,0.54,10.0,0.48,9.32,0.46,10.0,0.49,15.5,0.5,62.0,0.01,0.01,2314.548024,1776196811000
1776196812.321,12.321,0.55,50.5,0.54,36.5,0.56,52.0,0.57,143.22,0.48,9.32,0.46,10.0,0.49,15.5,0.5,62.0,0.01,0.01,2314.548024,1776196811000
1776196812.958,12.958,0.56,30.0,0.55,72.5,0.57,49.16,0.58,115.5,0.44,52.0,0.43,143.22,0.45,50.5,0.46,36.5,0.01,0.01,2314.548024,1776196811000
1776196813.238,13.238,0.56,30.0,0.55,57.5,0.57,46.16,0.58,115.5,0.43,46.16,0.42,115.5,0.44,30.0,0.45,57.5,0.01,0.01,2314.386993,1776196812000
1776196814.341,14.341,0.55,15.0,0.54,16.0,0.56,25.5,0.57,206.66,0.44,25.5,0.43,206.66,0.45,15.0,0.46,16.0,0.01,0.01,2314.436076,1776196813000
1776196814.542,14.542,0.52,11.0,0.51,19.0,0.53,10.72,0.54,35.5,0.44,25.5,0.43,206.66,0.45,15.0,0.46,16.0,0.01,0.01,2314.436076,1776196813000
1776196814.869,14.869,0.52,8.0,0.51,19.0,0.53,15.72,0.54,45.5,0.47,15.72,0.46,45.5,0.48,8.0,0.49,19.0,0.01,0.01,2314.434453,1776196814000
1776196815.988,15.988,0.5,68.0,0.49,31.5,0.51,10.0,0.52,20.0,0.48,20.0,0.47,41.22,0.49,1.0,0.5,37.0,0.01,0.01,2314.434453,1776196814000
1776196817.313,17.313,0.5,89.5,0.49,31.5,0.51,2.15,0.52,15.0,0.49,2.15,0.48,15.0,0.5,89.5,0.51,31.5,0.01,0.01,2314.185986,1776196816000
1776196817.951,17.951,0.5,72.5,0.49,30.5,0.52,0.76,0.53,31.22,0.49,2.15,0.48,15.0,0.5,89.5,0.51,31.5,0.02,0.01,2314.185986,1776196816000
1776196818.699,18.699,0.5,72.5,0.49,30.5,0.52,0.76,0.53,31.22,0.48,0.76,0.47,31.22,0.5,72.5,0.51,30.5,0.02,0.02,2314.102917,1776196817000
1776196819.248,19.248,0.5,72.5,0.49,30.5,0.52,0.76,0.53,31.22,0.48,0.76,0.47,31.22,0.5,72.5,0.51,30.5,0.02,0.02,2314.21425,1776196818000
1776196819.784,19.784,0.51,26.0,0.5,41.0,0.52,10.76,0.53,26.22,0.48,0.76,0.47,31.22,0.5,72.5,0.51,30.5,0.01,0.02,2314.21425,1776196818000
1776196820.036,20.036,0.51,10.0,0.5,27.0,0.52,41.26,0.53,26.22,0.48,10.76,0.47,26.22,0.49,26.0,0.5,41.0,0.01,0.01,2314.21425,1776196818000
1776196820.366,20.366,0.51,10.0,0.5,27.0,0.52,41.26,0.53,26.22,0.48,41.26,0.47,26.22,0.49,10.0,0.5,27.0,0.01,0.01,2314.088495,1776196819000
1776196820.891,20.891,0.5,14.0,0.49,35.0,0.51,50.0,0.52,51.26,0.49,45.0,0.48,51.26,0.5,14.0,0.51,35.0,0.01,0.01,2314.088495,1776196819000
1776196822.07,22.07,0.5,14.0,0.49,35.0,0.51,50.0,0.52,51.26,0.49,50.0,0.48,51.26,0.5,14.0,0.51,35.0,0.01,0.01,2314.156063,1776196821000
1776196823.13,23.13,0.5,14.0,0.49,35.0,0.51,50.0,0.52,51.26,0.49,50.0,0.48,51.26,0.5,14.0,0.51,35.0,0.01,0.01,2314.026782,1776196822000
1776196824.275,24.275,0.5,14.0,0.49,35.0,0.51,50.0,0.52,51.26,0.49,50.0,0.48,51.26,0.5,14.0,0.51,35.0,0.01,0.01,2314.026839,1776196823000
1776196824.604,24.604,0.48,16.12,0.47,28.0,0.49,26.41,0.5,25.5,0.5,15.5,0.49,131.0,0.52,11.12,0.53,33.0,0.01,0.02,2314.026839,1776196823000
1776196824.94,24.94,0.47,72.76,0.46,43.5,0.48,20.0,0.49,82.68,0.52,20.5,0.51,87.68,0.53,25.26,0.54,33.0,0.01,0.01,2314.026839,1776196823000
1776196825.326,25.326,0.47,67.76,0.46,43.5,0.48,20.0,0.49,82.68,0.52,20.0,0.51,82.68,0.53,67.76,0.54,43.5,0.01,0.01,2314.038555,1776196824000
1776196825.913,25.913,0.47,77.26,0.46,55.5,0.48,10.0,0.49,87.68,0.52,20.0,0.51,82.68,0.53,67.76,0.54,43.5,0.01,0.01,2314.038555,1776196824000
1776196826.471,26.471,0.47,77.26,0.46,55.5,0.48,10.0,0.49,87.68,0.52,10.0,0.51,87.68,0.53,77.26,0.54,55.5,0.01,0.01,2313.989398,1776196825000
1776196826.949,26.949,0.47,69.26,0.46,55.5,0.48,15.0,0.49,87.68,0.52,15.0,0.51,87.68,0.53,69.26,0.54,55.5,0.01,0.01,2313.976977,1776196826000
1776196827.769,27.769,0.47,95.87,0.46,55.5,0.48,15.0,0.49,82.68,0.52,10.0,0.51,87.68,0.53,57.76,0.54,55.5,0.01,0.01,2313.976977,1776196826000
1776196827.983,27.983,0.47,28.0,0.46,50.0,0.48,40.5,0.49,87.68,0.52,40.5,0.51,87.68,0.53,28.0,0.54,50.0,0.01,0.01,2313.905596,1776196827000
1776196828.466,28.466,0.46,46.7,0.45,15.5,0.48,25.0,0.49,87.68,0.52,40.5,0.51,87.68,0.53,28.0,0.54,50.0,0.02,0.01,2313.905596,1776196827000
1776196828.974,28.974,0.46,36.7,0.45,15.5,0.47,10.0,0.48,25.0,0.53,10.0,0.52,25.0,0.54,36.7,0.55,15.5,0.01,0.01,2313.917183,1776196828000
1776196829.996,29.996,0.46,36.7,0.45,15.5,0.47,10.0,0.48,25.0,0.53,10.0,0.52,25.0,0.54,36.7,0.55,15.5,0.01,0.01,2313.800631,1776196829000
1776196830.547,30.547,0.46,245.42,0.45,32.5,0.47,42.0,0.48,20.0,0.53,10.0,0.52,25.0,0.54,36.7,0.55,15.5,0.01,0.01,2313.800631,1776196829000
1776196830.932,30.932,0.46,383.42,0.45,80.5,0.48,5.0,0.51,5.0,0.53,42.0,0.52,20.0,0.54,245.42,0.55,32.5,0.02,0.01,2313.800631,1776196829000
1776196831.398,31.398,0.52,84.6,0.51,25.0,0.53,7.42,0.54,30.5,0.47,7.42,0.46,25.5,0.48,10.0,0.49,10.0,0.01,0.01,2313.7136,1776196830000
1776196831.825,31.825,0.52,112.35,0.51,25.0,0.53,7.42,0.54,30.5,0.47,7.42,0.46,30.5,0.48,84.6,0.49,25.0,0.01,0.01,2313.7136,1776196830000
1776196832.513,32.513,0.5,12.0,0.49,20.0,0.53,106.42,0.54,45.5,0.47,7.42,0.46,30.5,0.48,112.35,0.49,25.0,0.03,0.01,2313.807437,1776196831000
1776196832.988,32.988,0.5,12.0,0.49,20.0,0.53,106.42,0.54,45.5,0.47,106.42,0.46,45.5,0.5,12.0,0.51,20.0,0.03,0.03,2313.988095,1776196832000
1776196833.973,33.973,0.49,65.0,0.48,45.5,0.5,26.54,0.51,50.5,0.5,26.54,0.49,50.5,0.51,65.0,0.52,45.5,0.01,0.01,2314.167087,1776196833000
1776196834.287,34.287,0.46,100.92,0.45,45.5,0.47,93.0,0.48,30.5,0.51,56.5,0.5,133.5,0.54,15.92,0.55,33.5,0.01,0.03,2314.167087,1776196833000
1776196834.89,34.89,0.46,100.92,0.45,45.5,0.47,93.0,0.48,30.5,0.53,93.0,0.52,30.5,0.54,100.92,0.55,45.5,0.01,0.01,2314.028147,1776196834000
1776196835.585,35.585,0.46,7.92,0.45,12.0,0.47,143.5,0.48,45.5,0.53,93.0,0.52,30.5,0.54,100.92,0.55,45.5,0.01,0.01,2314.028147,1776196834000
1776196835.934,35.934,0.46,7.92,0.45,12.0,0.47,143.5,0.48,45.5,0.53,143.5,0.52,45.5,0.54,7.92,0.55,12.0,0.01,0.01,2313.929767,1776196835000
1776196836.715,36.715,0.44,18.0,0.43,50.5,0.45,104.75,0.46,30.5,0.53,143.5,0.52,45.5,0.54,7.92,0.55,12.0,0.01,0.01,2313.929767,1776196835000
1776196837.004,37.004,0.44,18.0,0.43,50.5,0.45,104.75,0.46,30.5,0.55,104.75,0.54,30.5,0.56,18.0,0.57,50.5,0.01,0.01,2313.892901,1776196836000
1776196837.273,37.273,0.44,24.42,0.43,50.5,0.45,99.75,0.46,30.5,0.55,104.75,0.54,30.5,0.56,18.0,0.57,50.5,0.01,0.01,2313.892901,1776196836000
1776196837.622,37.622,0.44,22.56,0.43,50.5,0.45,109.75,0.46,20.0,0.55,99.75,0.54,30.5,0.56,24.42,0.57,50.5,0.01,0.01,2313.892901,1776196836000
1776196838.088,38.088,0.44,22.56,0.43,50.5,0.45,109.75,0.46,20.0,0.55,109.75,0.54,20.0,0.56,22.56,0.57,50.5,0.01,0.01,2313.801942,1776196837000
1776196838.646,38.646,0.44,132.48,0.43,50.5,0.48,9.36,0.49,161.5,0.55,109.75,0.54,15.0,0.56,132.48,0.57,50.5,0.04,0.01,2313.801942,1776196837000
1776196839.626,39.626,0.44,132.48,0.43,50.5,0.48,9.36,0.49,161.5,0.52,9.36,0.51,161.5,0.56,132.48,0.57,50.5,0.04,0.04,2313.778602,1776196838000
1776196840.099,40.099,0.44,132.48,0.43,50.5,0.48,9.36,0.49,161.5,0.52,9.36,0.51,161.5,0.56,132.48,0.57,50.5,0.04,0.04,2313.8585,1776196839000
1776196841.17,41.17,0.44,132.48,0.43,50.5,0.48,9.36,0.49,161.5,0.52,9.36,0.51,161.5,0.56,132.48,0.57,50.5,0.04,0.04,2313.862865,1776196840000
1776196842.254,42.254,0.45,11.36,0.44,50.5,0.46,116.5,0.47,25.5,0.54,116.5,0.53,25.5,0.55,11.36,0.56,50.5,0.01,0.01,2313.794354,1776196841000
1776196842.457,42.457,0.43,5.0,0.42,25.5,0.46,126.5,0.47,141.5,0.54,116.5,0.53,25.5,0.55,11.36,0.56,50.5,0.03,0.01,2313.794354,1776196841000
1776196843.245,43.245,0.43,5.0,0.42,25.5,0.46,126.5,0.47,141.5,0.54,126.5,0.53,141.5,0.57,5.0,0.58,25.5,0.03,0.03,2313.748118,1776196842000
1776196844.363,44.363,0.43,50.5,0.42,37.5,0.44,91.45,0.45,10.0,0.54,126.5,0.53,141.5,0.57,5.0,0.58,25.5,0.01,0.03,2313.748118,1776196842000
1776196844.58,44.58,0.43,148.5,0.42,40.5,0.44,77.45,0.45,10.0,0.56,91.45,0.55,10.0,0.57,50.5,0.58,37.5,0.01,0.01,2313.711898,1776196843000
1776196844.935,44.935,0.43,148.5,0.42,40.5,0.44,67.45,0.45,10.0,0.56,67.45,0.55,10.0,0.57,148.5,0.58,40.5,0.01,0.01,2313.716695,1776196844000
1776196845.4,45.4,0.43,14.91,0.42,35.5,0.44,94.0,0.45,20.5,0.56,67.45,0.55,10.0,0.57,148.5,0.58,40.5,0.01,0.01,2313.716695,1776196844000
1776196845.944,45.944,0.43,14.91,0.42,35.5,0.44,94.0,0.45,20.5,0.56,94.0,0.55,20.5,0.57,14.91,0.58,35.5,0.01,0.01,2313.780719,1776196845000
1776196846.238,46.238,0.43,14.91,0.42,45.5,0.44,84.0,0.45,20.5,0.56,94.0,0.55,20.5,0.57,14.91,0.58,35.5,0.01,0.01,2313.780719,1776196845000
1776196846.988,46.988,0.43,14.91,0.42,45.5,0.44,84.0,0.45,20.5,0.56,84.0,0.55,20.5,0.57,14.91,0.58,45.5,0.01,0.01,2313.7473,1776196846000
1776196848.115,48.115,0.43,14.91,0.42,45.5,0.44,84.0,0.45,20.5,0.56,84.0,0.55,20.5,0.57,14.91,0.58,45.5,0.01,0.01,2313.745269,1776196847000
1776196849.014,49.014,0.43,14.91,0.42,45.5,0.44,84.0,0.45,20.5,0.56,84.0,0.55,20.5,0.57,14.91,0.58,45.5,0.01,0.01,2313.633787,1776196848000
1776196850.075,50.075,0.43,14.91,0.42,45.5,0.44,84.0,0.45,20.5,0.56,84.0,0.55,20.5,0.57,14.91,0.58,45.5,0.01,0.01,2313.755515,1776196849000
1776196851.139,51.139,0.43,14.91,0.42,45.5,0.44,84.0,0.45,20.5,0.56,84.0,0.55,20.5,0.57,14.91,0.58,45.5,0.01,0.01,2313.775396,1776196850000
1776196852.189,52.189,0.47,130.0,0.46,32.0,0.48,74.86,0.49,25.5,0.56,84.0,0.55,20.5,0.57,14.91,0.58,45.5,0.01,0.01,2313.775396,1776196850000
1776196852.786,52.786,0.47,125.0,0.46,32.0,0.48,64.86,0.49,20.5,0.52,74.86,0.51,25.5,0.53,130.0,0.54,32.0,0.01,0.01,2313.978795,1776196851000
1776196853.316,53.316,0.47,125.0,0.46,32.0,0.48,64.86,0.49,20.5,0.52,64.86,0.51,20.5,0.53,125.0,0.54,32.0,0.01,0.01,2313.92415,1776196852000
1776196854.266,54.266,0.47,125.0,0.46,32.0,0.48,64.86,0.49,20.5,0.52,64.86,0.51,20.5,0.53,125.0,0.54,32.0,0.01,0.01,2313.92415,1776196853000
1776196855.326,55.326,0.47,125.0,0.46,32.0,0.48,64.86,0.49,20.5,0.52,64.86,0.51,20.5,0.53,125.0,0.54,32.0,0.01,0.01,2313.89935,1776196854000
1776196856.32,56.32,0.47,125.0,0.46,32.0,0.48,64.86,0.49,20.5,0.52,64.86,0.51,20.5,0.53,125.0,0.54,32.0,0.01,0.01,2313.8992,1776196855000
1776196857.31,57.31,0.47,125.0,0.46,32.0,0.48,64.86,0.49,20.5,0.52,64.86,0.51,20.5,0.53,125.0,0.54,32.0,0.01,0.01,2313.88415,1776196856000
1776196857.519,57.519,0.46,12.0,0.43,15.0,0.47,75.0,0.48,99.86,0.52,64.86,0.51,20.5,0.53,125.0,0.54,32.0,0.01,0.01,2313.88415,1776196856000
1776196858.282,58.282,0.46,2.0,0.43,15.0,0.47,85.5,0.48,99.86,0.53,85.5,0.52,99.86,0.54,2.0,0.57,15.0,0.01,0.01,2313.953048,1776196857000
1776196859.297,59.297,0.46,2.0,0.43,15.0,0.47,85.5,0.48,99.86,0.53,85.5,0.52,99.86,0.54,2.0,0.57,15.0,0.01,0.01,2313.733266,1776196858000
1776196860.317,60.317,0.44,8.42,0.43,15.0,0.45,10.0,0.46,110.5,0.55,10.0,0.54,110.5,0.56,8.42,0.57,15.0,0.01,0.01,2313.63085,1776196859000
1776196860.558,60.558,0.43,2.2,0.42,5.0,0.44,110.5,0.45,70.5,0.56,60.5,0.55,75.5,0.57,13.2,0.58,5.0,0.01,0.01,2313.63085,1776196859000
1776196860.801,60.801,0.43,2.2,0.42,10.0,0.44,101.5,0.45,70.5,0.56,110.5,0.55,70.5,0.57,2.2,0.58,5.0,0.01,0.01,2313.63085,1776196859000
1776196861.916,61.916,0.43,5.06,0.42,22.0,0.44,101.5,0.45,70.5,0.56,101.5,0.55,70.5,0.57,2.2,0.58,10.0,0.01,0.01,2313.6307,1776196860000
1776196862.833,62.833,0.43,5.06,0.42,22.0,0.44,101.5,0.45,70.5,0.56,101.5,0.55,70.5,0.57,5.06,0.58,22.0,0.01,0.01,2313.511026,1776196862000
1776196863.854,63.854,0.43,5.06,0.42,22.0,0.44,101.5,0.45,70.5,0.56,101.5,0.55,70.5,0.57,5.06,0.58,22.0,0.01,0.01,2313.482275,1776196863000
1776196864.074,64.074,0.42,20.0,0.41,15.0,0.43,70.5,0.44,40.5,0.56,101.5,0.55,70.5,0.57,5.06,0.58,22.0,0.01,0.01,2313.482275,1776196863000
1776196864.592,64.592,0.41,20.0,0.4,35.5,0.43,100.5,0.44,40.5,0.57,70.5,0.56,40.5,0.58,20.0,0.59,15.0,0.02,0.01,2313.482275,1776196863000
1776196865.244,65.244,0.41,20.0,0.4,35.5,0.43,100.5,0.44,40.5,0.57,100.5,0.56,40.5,0.59,20.0,0.6,35.5,0.02,0.02,2313.544978,1776196864000
1776196866.383,66.383,0.41,18.11,0.4,35.5,0.42,80.0,0.43,65.5,0.58,80.0,0.57,65.5,0.59,18.11,0.6,35.5,0.01,0.01,2313.48028,1776196865000
1776196866.98,66.98,0.41,18.11,0.4,35.5,0.42,80.0,0.43,65.5,0.58,80.0,0.57,65.5,0.59,18.11,0.6,35.5,0.01,0.01,2313.48028,1776196866000
1776196867.211,67.211,0.41,18.11,0.4,25.0,0.42,97.61,0.43,65.5,0.58,80.0,0.57,65.5,0.59,18.11,0.6,35.5,0.01,0.01,2313.48028,1776196866000
1776196867.411,67.411,0.41,8.11,0.4,25.0,0.42,102.61,0.43,65.5,0.58,102.61,0.57,65.5,0.59,8.11,0.6,25.0,0.01,0.01,2313.48028,1776196866000
1776196868.061,68.061,0.41,1.29,0.4,35.0,0.42,97.61,0.43,65.5,0.58,97.61,0.57,65.5,0.59,1.29,0.6,35.0,0.01,0.01,2313.388025,1776196867000
1776196869.335,69.335,0.4,31.26,0.39,22.5,0.42,103.11,0.43,95.75,0.58,97.61,0.57,65.5,0.59,1.29,0.6,35.0,0.02,0.01,2313.388025,1776196867000
1776196869.965,69.965,0.4,31.26,0.39,22.5,0.42,103.11,0.43,95.75,0.58,103.11,0.57,95.75,0.6,31.26,0.61,22.5,0.02,0.02,2313.383806,1776196869000
1776196870.632,70.632,0.38,6.46,0.37,22.5,0.39,100.0,0.4,30.5,0.59,105.5,0.58,68.11,0.62,9.51,0.63,27.5,0.01,0.03,2313.383806,1776196869000
1776196871.165,71.165,0.37,1.1,0.36,27.5,0.38,25.0,0.39,95.0,0.62,25.0,0.61,95.0,0.63,1.1,0.64,27.5,0.01,0.01,2313.494587,1776196870000
1776196872.317,72.317,0.36,32.5,0.35,5.0,0.37,45.0,0.38,25.0,0.63,45.0,0.62,25.0,0.64,32.5,0.65,5.0,0.01,0.01,2313.274619,1776196871000
1776196872.827,72.827,0.38,160.5,0.37,31.5,0.39,19.0,0.42,5.0,0.61,5.0,0.6,10.0,0.62,53.5,0.63,31.5,0.01,0.01,2313.274619,1776196871000
1776196873.081,73.081,0.42,5.0,0.41,284.0,0.43,85.14,0.44,61.21,0.61,19.0,0.58,5.0,0.62,160.5,0.63,31.5,0.01,0.01,2313.344559,1776196872000
1776196873.615,73.615,0.42,14.72,0.41,22.0,0.43,140.64,0.44,66.21,0.57,85.14,0.56,61.21,0.58,5.0,0.59,284.0,0.01,0.01,2313.344559,1776196872000
1776196874.256,74.256,0.42,24.72,0.41,22.0,0.43,108.31,0.44,71.21,0.57,108.31,0.56,71.21,0.58,24.72,0.59,22.0,0.01,0.01,2313.484295,1776196873000
1776196875.318,75.318,0.42,2.72,0.41,10.0,0.43,120.98,0.44,66.21,0.57,120.98,0.56,66.21,0.58,2.72,0.59,10.0,0.01,0.01,2313.578756,1776196874000
1776196876.03,76.03,0.42,2.72,0.41,10.0,0.43,120.98,0.44,66.21,0.57,120.98,0.56,66.21,0.58,2.72,0.59,10.0,0.01,0.01,2313.560709,1776196875000
1776196876.386,76.386,0.38,5.0,0.37,12.0,0.39,69.35,0.4,30.5,0.57,120.98,0.56,66.21,0.58,2.72,0.59,10.0,0.01,0.01,2313.560709,1776196875000
1776196876.744,76.744,0.38,3.27,0.37,12.0,0.39,69.35,0.4,30.5,0.61,69.35,0.6,30.5,0.62,5.0,0.63,12.0,0.01,0.01,2313.560709,1776196875000
1776196877.204,77.204,0.38,3.27,0.37,12.0,0.39,69.35,0.4,30.5,0.61,69.35,0.6,30.5,0.62,3.27,0.63,12.0,0.01,0.01,2313.456,1776196876000
1776196878.592,78.592,0.38,3.27,0.37,12.0,0.39,69.35,0.4,30.5,0.61,69.35,0.6,30.5,0.62,3.27,0.63,12.0,0.01,0.01,2313.312758,1776196877000
1776196878.857,78.857,0.38,3.27,0.37,12.0,0.39,66.6,0.4,30.5,0.61,69.35,0.6,30.5,0.62,3.27,0.63,12.0,0.01,0.01,2313.312758,1776196877000
1776196879.089,79.089,0.38,3.27,0.37,12.0,0.39,61.1,0.4,30.5,0.61,61.1,0.6,30.5,0.62,3.27,0.63,12.0,0.01,0.01,2313.304639,1776196878000
1776196880.29,80.29,0.38,3.27,0.37,12.0,0.39,61.1,0.4,30.5,0.61,61.1,0.6,30.5,0.62,3.27,0.63,12.0,0.01,0.01,2313.326803,1776196879000
1776196881.782,81.782,0.38,3.27,0.37,12.0,0.39,61.1,0.4,30.5,0.61,61.1,0.6,30.5,0.62,3.27,0.63,12.0,0.01,0.01,2313.31037,1776196880000
1776196882.244,82.244,0.34,7.0,0.33,22.5,0.43,15.34,0.44,143.35,0.61,61.1,0.6,30.5,0.62,3.27,0.63,12.0,0.09,0.01,2313.31037,1776196880000
1776196882.486,82.486,0.34,4.44,0.33,22.5,0.35,62.0,0.36,25.5,0.65,40.0,0.64,15.0,0.66,19.94,0.67,44.5,0.01,0.01,2313.31037,1776196881000
1776196882.757,82.757,0.31,11.0,0.3,21.5,0.33,124.0,0.34,55.0,0.65,62.0,0.64,25.5,0.66,4.44,0.67,22.5,0.02,0.01,2313.31037,1776196881000
1776196883.042,83.042,0.31,136.4,0.3,27.5,0.32,10.0,0.33,54.0,0.67,124.0,0.66,55.0,0.69,11.0,0.7,21.5,0.01,0.02,2313.31037,1776196881000
1776196883.284,83.284,0.32,102.37,0.31,97.0,0.33,54.0,0.34,21.0,0.68,10.0,0.67,54.0,0.69,136.4,0.7,27.5,0.01,0.01,2313.310265,1776196882000
1776196883.539,83.539,0.32,116.09,0.31,132.0,0.33,43.69,0.34,11.0,0.67,54.0,0.66,21.0,0.68,105.59,0.69,92.0,0.01,0.01,2313.310265,1776196882000
1776196883.906,83.906,0.32,144.61,0.31,132.0,0.33,30.95,0.34,21.0,0.67,36.11,0.66,21.0,0.68,119.61,0.69,132.0,0.01,0.01,2313.310265,1776196882000
1776196884.413,84.413,0.32,139.61,0.31,132.0,0.33,0.31,0.34,21.0,0.67,0.31,0.66,21.0,0.68,139.61,0.69,132.0,0.01,0.01,2313.312028,1776196883000
1776196885.085,85.085,0.32,139.61,0.31,132.0,0.33,0.31,0.34,21.0,0.67,0.31,0.66,21.0,0.68,139.61,0.69,132.0,0.01,0.01,2313.121025,1776196884000
1776196886.232,86.232,0.33,103.85,0.32,72.61,0.34,26.0,0.35,15.0,0.66,26.0,0.65,10.0,0.67,88.35,0.68,82.61,0.01,0.01,2313.121025,1776196884000
1776196886.475,86.475,0.33,103.85,0.32,72.61,0.34,26.0,0.35,15.0,0.66,26.0,0.65,15.0,0.67,103.85,0.68,72.61,0.01,0.01,2313.27893,1776196885000
1776196887.059,87.059,0.33,124.85,0.32,99.11,0.34,10.7,0.35,10.0,0.66,10.7,0.65,10.0,0.67,124.85,0.68,99.11,0.01,0.01,2313.27893,1776196886000
1776196887.289,87.289,0.33,111.35,0.32,99.11,0.34,10.7,0.35,10.0,0.66,10.7,0.65,10.0,0.67,124.85,0.68,99.11,0.01,0.01,2313.27893,1776196886000
1776196887.778,87.778,0.37,182.5,0.36,20.5,0.38,7.0,0.39,20.5,0.66,10.7,0.65,10.0,0.67,111.35,0.68,99.11,0.01,0.01,2313.27893,1776196886000
1776196888.041,88.041,0.37,117.61,0.36,20.5,0.38,1.86,0.39,20.5,0.62,7.0,0.61,20.5,0.63,162.61,0.64,20.5,0.01,0.01,2313.27893,1776196886000
1776196888.407,88.407,0.37,105.91,0.36,20.5,0.38,7.11,0.39,25.5,0.61,20.5,0.6,10.0,0.63,115.91,0.64,20.5,0.01,0.02,2313.25688,1776196887000
1776196888.607,88.607,0.37,70.61,0.36,20.5,0.38,7.11,0.39,25.5,0.62,7.11,0.61,25.5,0.63,105.91,0.64,20.5,0.01,0.01,2313.25688,1776196887000
1776196889.007,89.007,0.38,74.87,0.37,31.02,0.39,25.5,0.4,25.0,0.62,7.11,0.61,25.5,0.63,74.02,0.64,20.5,0.01,0.01,2313.25688,1776196887000
1776196889.393,89.393,0.38,74.87,0.37,31.02,0.39,25.5,0.4,25.0,0.61,25.5,0.6,25.0,0.62,74.87,0.63,31.02,0.01,0.01,2313.27773,1776196888000
1776196889.964,89.964,0.38,74.87,0.37,31.02,0.39,25.5,0.4,25.0,0.61,25.5,0.6,25.0,0.62,74.87,0.63,31.02,0.01,0.01,2313.25918,1776196889000
1776196891.095,91.095,0.44,165.0,0.43,18.0,0.45,11.72,0.46,26.0,0.6,6.22,0.59,10.5,0.61,197.0,0.62,71.5,0.01,0.01,2313.25918,1776196889000
1776196891.296,91.296,0.44,165.0,0.43,18.0,0.45,11.72,0.46,26.0,0.55,11.72,0.54,26.0,0.56,165.0,0.57,18.0,0.01,0.01,2313.383765,1776196890000
1776196891.635,91.635,0.44,110.0,0.43,13.0,0.45,15.72,0.46,26.0,0.55,11.72,0.54,26.0,0.56,165.0,0.57,18.0,0.01,0.01,2313.383765,1776196890000
1776196892.513,92.513,0.44,110.0,0.43,13.0,0.45,15.72,0.46,26.0,0.55,15.72,0.54,26.0,0.56,110.0,0.57,13.0,0.01,0.01,2313.47199,1776196891000
1776196892.883,92.883,0.44,46.42,0.43,13.0,0.45,15.72,0.46,26.0,0.55,15.72,0.54,26.0,0.56,100.0,0.57,13.0,0.01,0.01,2313.47199,1776196891000
1776196893.22,93.22,0.44,46.42,0.43,13.0,0.45,15.72,0.46,26.0,0.55,15.72,0.54,26.0,0.56,46.42,0.57,13.0,0.01,0.01,2313.596085,1776196892000
1776196893.955,93.955,0.44,56.42,0.43,23.0,0.47,3.24,0.48,44.36,0.55,15.72,0.54,26.0,0.56,46.42,0.57,13.0,0.03,0.01,2313.596085,1776196892000
1776196894.389,94.389,0.44,56.42,0.43,23.0,0.47,3.24,0.48,44.36,0.53,3.24,0.52,44.36,0.56,56.42,0.57,23.0,0.03,0.03,2313.630985,1776196893000
1776196894.796,94.796,0.45,245.0,0.44,38.92,0.46,11.52,0.48,34.36,0.53,3.24,0.52,44.36,0.56,56.42,0.57,23.0,0.01,0.03,2313.630985,1776196893000
1776196895.084,95.084,0.45,245.0,0.44,38.92,0.48,34.36,0.49,29.0,0.52,34.36,0.51,29.0,0.55,245.0,0.56,38.92,0.03,0.03,2313.60875,1776196894000
1776196895.473,95.473,0.47,69.0,0.46,21.0,0.48,39.75,0.49,34.0,0.52,34.86,0.51,29.0,0.53,174.0,0.54,16.0,0.01,0.01,2313.60875,1776196894000
1776196895.941,95.941,0.47,79.0,0.46,21.0,0.48,32.66,0.49,34.0,0.52,39.75,0.51,34.0,0.53,69.0,0.54,21.0,0.01,0.01,2313.60875,1776196894000
1776196896.326,96.326,0.47,79.0,0.46,21.0,0.48,32.66,0.49,34.0,0.52,32.66,0.51,34.0,0.53,79.0,0.54,21.0,0.01,0.01,2313.682355,1776196895000
1776196896.963,96.963,0.47,228.5,0.46,31.5,0.48,12.16,0.49,8.0,0.52,32.66,0.51,34.0,0.53,79.0,0.54,21.0,0.01,0.01,2313.682355,1776196895000
1776196897.22,97.22,0.49,93.0,0.48,21.0,0.5,5.5,0.52,21.0,0.5,15.5,0.48,21.0,0.52,10.0,0.53,250.5,0.01,0.02,2313.682355,1776196895000
1776196897.565,97.565,0.51,145.0,0.5,15.0,0.52,34.57,0.53,10.0,0.48,21.0,0.47,5.0,0.51,93.0,0.52,21.0,0.01,0.03,2313.682355,1776196895000
1776196897.839,97.839,0.51,172.0,0.5,15.0,0.52,32.64,0.53,10.0,0.48,34.57,0.47,10.0,0.49,145.0,0.5,15.0,0.01,0.01,2313.682355,1776196895000
1776196898.124,98.124,0.51,271.0,0.5,15.0,0.52,14.07,0.53,15.5,0.48,14.07,0.47,15.5,0.49,271.0,0.5,15.0,0.01,0.01,2313.85746,1776196897000
1776196898.452,98.452,0.52,156.77,0.51,71.0,0.53,10.78,0.54,30.0,0.47,10.78,0.46,30.0,0.48,91.0,0.49,90.0,0.01,0.01,2313.85746,1776196897000
1776196898.735,98.735,0.53,231.5,0.52,123.77,0.55,15.0,0.57,22.72,0.46,30.0,0.45,27.0,0.48,161.77,0.49,71.0,0.02,0.02,2313.85746,1776196897000
1776196899.05,99.05,0.61,181.0,0.6,15.0,0.63,30.0,0.65,10.0,0.38,13.78,0.36,99.64,0.41,91.0,0.42,34.12,0.02,0.03,2313.85746,1776196897000
1776196899.291,99.291,0.62,212.18,0.61,60.0,0.63,20.5,0.64,10.5,0.37,5.0,0.35,10.0,0.39,186.0,0.4,15.0,0.01,0.02,2313.85746,1776196897000
1776196899.541,99.541,0.62,88.18,0.61,55.0,0.65,5.23,0.66,111.64,0.35,5.23,0.34,111.64,0.38,88.18,0.39,55.0,0.03,0.03,2314.0228,1776196898000
1776196899.782,99.782,0.65,92.0,0.64,147.72,0.66,18.0,0.67,25.0,0.34,18.0,0.33,20.0,0.36,47.72,0.37,15.0,0.01,0.02,2314.0228,1776196898000
1776196900.035,100.035,0.65,166.0,0.64,42.72,0.66,14.5,0.67,25.0,0.34,14.5,0.33,25.0,0.35,139.0,0.36,47.72,0.01,0.01,2314.0228,1776196898000
1776196900.337,100.337,0.65,142.94,0.64,47.72,0.66,17.57,0.67,31.0,0.34,9.57,0.33,25.0,0.35,166.0,0.36,42.72,0.01,0.01,2314.08795,1776196899000
1776196900.679,100.679,0.65,152.94,0.64,52.72,0.66,17.57,0.67,132.53,0.34,17.57,0.33,31.0,0.35,132.94,0.36,47.72,0.01,0.01,2314.08795,1776196899000
1776196901.008,101.008,0.65,155.08,0.64,52.72,0.66,30.57,0.67,132.53,0.34,25.57,0.33,132.53,0.35,157.94,0.36,52.72,0.01,0.01,2314.08795,1776196899000
1776196901.364,101.364,0.65,155.08,0.64,52.72,0.66,30.57,0.67,132.53,0.34,30.57,0.33,132.53,0.35,155.08,0.36,52.72,0.01,0.01,2314.6639,1776196900000
1776196901.791,101.791,0.65,105.8,0.64,52.72,0.66,13.0,0.67,126.53,0.34,18.0,0.33,132.53,0.35,147.8,0.36,52.72,0.01,0.01,2314.6639,1776196900000
1776196903.04,103.04,0.65,105.8,0.64,52.72,0.66,13.0,0.67,126.53,0.34,13.0,0.33,126.53,0.35,105.8,0.36,52.72,0.01,0.01,2314.86632,1776196902000
1776196903.361,103.361,0.65,113.51,0.64,47.72,0.66,16.0,0.67,126.53,0.34,16.0,0.33,126.53,0.35,127.8,0.36,52.72,0.01,0.01,2314.86632,1776196902000
1776196903.638,103.638,0.65,74.45,0.64,17.0,0.66,202.68,0.67,143.53,0.34,16.0,0.33,126.53,0.35,114.45,0.36,47.72,0.01,0.01,2314.86632,1776196902000
1776196903.864,103.864,0.63,10.0,0.62,9.35,0.65,5.0,0.66,46.69,0.34,257.68,0.33,133.53,0.38,9.35,0.39,26.0,0.02,0.04,2314.86632,1776196902000
1776196904.065,104.065,0.63,70.0,0.62,35.94,0.64,2.9,0.65,117.64,0.36,5.0,0.35,17.0,0.38,13.94,0.39,31.0,0.01,0.02,2314.86632,1776196902000
1776196904.384,104.384,0.64,139.22,0.63,27.0,0.65,97.64,0.66,39.69,0.35,99.41,0.34,24.69,0.37,132.0,0.38,35.94,0.01,0.02,2314.796996,1776196903000
1776196904.68,104.68,0.65,166.0,0.64,52.0,0.66,18.67,0.67,92.64,0.35,97.64,0.34,39.69,0.39,16.92,0.4,20.0,0.01,0.04,2314.796996,1776196903000
1776196904.882,104.882,0.66,71.0,0.65,187.0,0.69,3.0,0.73,5.0,0.33,64.96,0.32,5.0,0.34,21.0,0.35,192.0,0.03,0.01,2314.796996,1776196903000
1776196905.088,105.088,0.72,192.0,0.71,117.0,0.73,41.96,0.76,24.7,0.27,51.96,0.25,5.0,0.28,93.0,0.29,112.0,0.01,0.01,2314.796996,1776196903000
1776196905.378,105.378,0.72,263.0,0.71,112.0,0.73,16.89,0.75,5.0,0.27,21.96,0.24,24.7,0.28,253.0,0.29,112.0,0.01,0.01,2314.796996,1776196903000
1776196905.619,105.619,0.73,16.0,0.72,81.0,0.74,15.53,0.77,20.3,0.27,16.89,0.25,5.0,0.28,263.0,0.29,112.0,0.01,0.01,2314.690952,1776196904000
1776196905.886,105.886,0.77,60.0,0.76,66.57,0.78,20.42,0.79,26.7,0.22,21.0,0.21,26.7,0.27,132.0,0.28,86.0,0.01,0.05,2314.690952,1776196904000
1776196906.213,106.213,0.77,131.0,0.76,60.0,0.78,3.83,0.79,26.7,0.22,5.12,0.21,26.7,0.23,65.0,0.24,60.0,0.01,0.01,2314.678891,1776196905000
1776196907.047,107.047,0.78,157.54,0.77,64.0,0.79,15.0,0.8,6.0,0.22,3.83,0.21,26.7,0.23,131.0,0.24,60.0,0.01,0.01,2314.678891,1776196905000
1776196907.79,107.79,0.79,152.0,0.78,48.54,0.8,0.56,0.81,28.4,0.2,0.56,0.19,28.4,0.22,157.54,0.23,64.0,0.01,0.02,2315.285775,1776196906000
1776196908.145,108.145,0.79,189.0,0.78,53.54,0.8,4.18,0.82,141.18,0.2,0.56,0.19,28.4,0.21,152.0,0.22,48.54,0.01,0.01,2315.285775,1776196906000
1776196908.484,108.484,0.79,189.0,0.78,53.54,0.8,4.18,0.82,141.18,0.2,4.18,0.18,141.18,0.21,189.0,0.22,53.54,0.01,0.01,2315.6978,1776196907000
1776196908.755,108.755,0.79,189.0,0.78,53.54,0.8,0.33,0.82,141.18,0.2,1.81,0.18,141.18,0.21,184.0,0.22,53.54,0.01,0.01,2315.6978,1776196907000
1776196908.999,108.999,0.81,3.72,0.8,20.0,0.82,251.79,0.83,132.5,0.18,251.79,0.17,132.5,0.19,3.72,0.2,20.0,0.01,0.01,2315.836872,1776196908000
1776196909.943,109.943,0.81,161.61,0.8,25.0,0.82,255.57,0.83,125.5,0.18,244.96,0.17,132.5,0.19,174.72,0.2,20.0,0.01,0.01,2315.836872,1776196908000
1776196910.174,110.174,0.81,166.61,0.8,25.0,0.82,258.57,0.83,125.5,0.18,258.57,0.17,125.5,0.19,166.61,0.2,25.0,0.01,0.01,2315.9031,1776196909000
1776196911.28,111.28,0.81,242.11,0.8,35.5,0.82,69.35,0.83,57.5,0.18,258.57,0.17,125.5,0.19,166.61,0.2,25.0,0.01,0.01,2315.9031,1776196909000
1776196911.485,111.485,0.81,226.11,0.8,44.5,0.83,13.0,0.84,26.8,0.17,32.0,0.16,26.8,0.19,226.11,0.2,44.5,0.02,0.02,2315.933,1776196910000
1776196911.941,111.941,0.84,170.0,0.83,20.0,0.85,216.07,0.86,75.9,0.15,34.0,0.14,134.9,0.17,15.0,0.18,15.0,0.01,0.02,2315.933,1776196910000
1776196912.173,112.173,0.84,165.0,0.83,20.0,0.85,170.44,0.86,46.0,0.15,164.89,0.14,46.0,0.16,170.0,0.17,20.0,0.01,0.01,2315.9331,1776196911000
1776196912.51,112.51,0.84,163.75,0.83,20.0,0.85,169.26,0.86,146.0,0.15,169.26,0.14,146.0,0.16,165.0,0.17,20.0,0.01,0.01,2315.9331,1776196911000
1776196913.28,113.28,0.84,102.18,0.83,25.0,0.85,285.14,0.86,146.0,0.15,270.14,0.14,146.0,0.16,158.75,0.17,20.0,0.01,0.01,2315.9331,1776196911000
1776196913.755,113.755,0.84,102.18,0.83,25.0,0.85,285.14,0.86,146.0,0.15,285.14,0.14,146.0,0.16,102.18,0.17,25.0,0.01,0.01,2316.177676,1776196912000
1776196914.034,114.034,0.84,1.18,0.83,25.0,0.85,243.31,0.86,135.0,0.15,290.14,0.14,146.0,0.16,1.18,0.17,25.0,0.01,0.01,2316.177676,1776196912000
1776196914.302,114.302,0.84,67.18,0.83,25.0,0.85,226.83,0.86,135.0,0.15,230.79,0.14,135.0,0.16,67.18,0.17,25.0,0.01,0.01,2316.177676,1776196912000
1776196914.775,114.775,0.84,117.18,0.83,35.5,0.85,80.06,0.86,250.74,0.15,101.06,0.14,135.0,0.16,77.18,0.17,25.0,0.01,0.01,2316.373,1776196913000
1776196914.992,114.992,0.84,132.18,0.83,35.5,0.85,50.72,0.86,150.74,0.15,59.06,0.14,250.74,0.16,127.18,0.17,35.5,0.01,0.01,2316.373,1776196913000
1776196915.236,115.236,0.84,129.12,0.83,37.5,0.85,14.74,0.86,150.74,0.15,36.74,0.14,150.74,0.16,129.12,0.17,37.5,0.01,0.01,2316.41,1776196914000
1776196915.549,115.549,0.85,148.66,0.84,31.62,0.86,135.74,0.87,42.0,0.14,146.57,0.13,42.0,0.15,20.0,0.16,36.62,0.01,0.01,2316.41,1776196914000
1776196915.914,115.914,0.85,171.82,0.84,31.62,0.86,168.74,0.87,42.0,0.14,135.74,0.13,42.0,0.15,148.66,0.16,31.62,0.01,0.01,2316.41,1776196914000
1776196916.29,116.29,0.85,187.48,0.84,31.62,0.86,10.0,0.87,16.0,0.14,105.4,0.13,42.0,0.15,218.82,0.16,31.62,0.01,0.01,2316.41,1776196914000
1776196916.695,116.695,0.87,192.0,0.86,103.5,0.88,60.85,0.89,39.0,0.12,6.92,0.11,34.0,0.13,37.5,0.14,85.5,0.01,0.01,2316.368,1776196915000
1776196916.901,116.901,0.87,108.64,0.86,98.5,0.88,68.25,0.89,39.0,0.12,68.25,0.11,39.0,0.13,108.64,0.14,98.5,0.01,0.01,2316.536503,1776196916000
1776196917.252,117.252,0.87,101.18,0.86,95.5,0.88,29.57,0.89,34.0,0.12,61.42,0.11,39.0,0.13,180.53,0.14,103.5,0.01,0.01,2316.536503,1776196916000
1776196917.533,117.533,0.87,20.0,0.86,95.5,0.88,56.25,0.89,39.0,0.12,49.35,0.11,39.0,0.13,20.0,0.14,95.5,0.01,0.01,2316.536503,1776196916000
1776196917.746,117.746,0.87,23.0,0.86,90.5,0.88,58.61,0.89,39.0,0.12,56.25,0.11,39.0,0.13,20.0,0.14,95.5,0.01,0.01,2316.536503,1776196916000
1776196918.09,118.09,0.87,39.92,0.86,95.5,0.88,39.71,0.89,39.0,0.12,39.71,0.11,39.0,0.13,53.0,0.14,95.5,0.01,0.01,2316.536503,1776196916000
1776196918.541,118.541,0.88,154.0,0.87,35.5,0.89,18.0,0.9,184.07,0.12,39.71,0.11,39.0,0.13,39.92,0.14,95.5,0.01,0.01,2316.796356,1776196917000
1776196918.93,118.93,0.88,183.5,0.87,35.5,0.89,71.0,0.9,222.07,0.11,18.0,0.1,184.07,0.12,154.0,0.13,35.5,0.01,0.01,2316.796356,1776196917000
1776196919.161,119.161,0.88,183.5,0.87,35.5,0.89,69.87,0.9,182.07,0.11,71.0,0.1,222.07,0.12,183.5,0.13,35.5,0.01,0.01,2316.796356,1776196917000
1776196919.546,119.546,0.88,84.0,0.87,20.0,0.89,95.56,0.9,293.07,0.11,69.87,0.1,182.07,0.12,204.33,0.13,35.5,0.01,0.01,2316.874293,1776196918000
1776196919.771,119.771,0.87,6.53,0.86,15.0,0.88,27.0,0.89,237.0,0.11,234.0,0.1,368.07,0.13,15.0,0.14,15.0,0.01,0.02,2316.874293,1776196918000
1776196920.021,120.021,0.84,10.0,0.83,33.0,0.86,21.69,0.87,154.0,0.14,6.0,0.13,22.0,0.15,15.0,0.16,34.5,0.02,0.01,2316.874293,1776196918000
1776196920.273,120.273,0.83,3.6,0.82,15.0,0.84,13.0,0.85,52.0,0.16,23.88,0.15,52.0,0.17,16.55,0.18,5.0,0.01,0.01,2316.874293,1776196918000
1776196920.513,120.513,0.82,11.16,0.81,8.72,0.84,53.0,0.85,58.0,0.16,33.0,0.15,58.0,0.18,12.28,0.19,8.72,0.02,0.02,2316.874293,1776196918000
1776196920.888,120.888,0.82,10.0,0.81,15.0,0.83,18.71,0.84,169.19,0.17,5.0,0.16,43.0,0.2,9.27,0.21,15.0,0.01,0.03,2316.907543,1776196919000
1776196921.267,121.267,0.82,10.0,0.81,15.0,0.83,18.71,0.84,169.19,0.17,18.71,0.16,169.19,0.18,10.0,0.19,15.0,0.01,0.01,2316.9455,1776196920000
1776196921.704,121.704,0.82,75.0,0.81,25.5,0.83,132.85,0.84,152.36,0.17,18.71,0.16,169.19,0.18,10.0,0.19,15.0,0.01,0.01,2316.9455,1776196920000
1776196921.96,121.96,0.82,243.5,0.81,75.5,0.83,78.62,0.84,134.36,0.17,122.62,0.16,134.36,0.18,171.5,0.19,33.5,0.01,0.01,2316.9455,1776196920000
1776196922.199,122.199,0.83,136.5,0.82,183.5,0.84,14.36,0.85,25.0,0.17,25.62,0.16,134.36,0.18,243.5,0.19,75.5,0.01,0.01,2316.9455,1776196920000
1776196922.424,122.424,0.84,10.0,0.83,131.5,0.85,9.55,0.86,25.0,0.15,9.55,0.14,25.0,0.16,10.0,0.17,131.5,0.01,0.01,2316.340844,1776196921000
1776196922.662,122.662,0.87,47.0,0.86,10.0,0.88,72.96,0.89,82.79,0.12,74.1,0.11,92.79,0.13,12.0,0.15,70.0,0.01,0.01,2316.340844,1776196921000
1776196922.96,122.96,0.81,85.03,0.8,124.77,0.88,75.68,0.89,82.79,0.12,75.68,0.11,82.79,0.19,85.03,0.2,124.77,0.07,0.07,2316.151341,1776196922000
1776196923.359,123.359,0.86,35.71,0.85,5.0,0.87,30.85,0.88,79.09,0.13,25.85,0.12,79.09,0.14,85.0,0.15,10.0,0.01,0.01,2316.151341,1776196922000
1776196924.032,124.032,0.82,25.5,0.81,19.03,0.83,5.0,0.84,43.0,0.13,33.55,0.12,89.59,0.14,35.71,0.15,5.0,0.01,0.01,2316.151341,1776196922000
1776196924.263,124.263,0.82,25.5,0.81,19.03,0.83,5.0,0.84,43.0,0.17,5.0,0.16,43.0,0.18,25.5,0.19,19.03,0.01,0.01,2316.482006,1776196923000
1776196924.605,124.605,0.83,35.5,0.82,37.5,0.84,42.66,0.85,30.0,0.17,3.79,0.16,43.0,0.18,50.5,0.19,24.03,0.01,0.01,2316.482006,1776196923000
1776196924.872,124.872,0.84,75.0,0.83,30.5,0.87,49.62,0.88,190.28,0.15,29.94,0.14,15.0,0.17,80.5,0.18,37.5,0.03,0.02,2316.482006,1776196923000
1776196925.448,125.448,0.84,75.0,0.83,30.5,0.87,49.62,0.88,190.28,0.13,49.62,0.12,190.28,0.16,75.0,0.17,30.5,0.03,0.03,2316.5381,1776196924000
1776196925.68,125.68,0.86,11.0,0.85,125.5,0.87,24.62,0.88,168.78,0.13,49.62,0.12,190.28,0.16,75.0,0.17,30.5,0.01,0.03,2316.5381,1776196924000
1776196925.953,125.953,0.86,336.07,0.85,170.5,0.88,10.0,0.89,10.0,0.12,10.0,0.11,10.0,0.14,336.07,0.15,170.5,0.02,0.02,2316.349654,1776196925000
1776196926.297,126.297,0.91,158.38,0.9,33.5,0.92,169.42,0.93,90.3,0.08,131.8,0.07,177.3,0.09,119.5,0.1,28.5,0.01,0.01,2316.349654,1776196925000
1776196926.57,126.57,0.91,121.5,0.9,20.5,0.92,93.45,0.93,133.3,0.08,74.54,0.07,90.3,0.09,111.5,0.1,36.5,0.01,0.01,2316.349654,1776196925000
1776196926.784,126.784,0.91,93.5,0.9,20.5,0.92,118.45,0.93,133.3,0.08,93.45,0.07,133.3,0.09,121.5,0.1,20.5,0.01,0.01,2316.349654,1776196925000
1776196927.054,127.054,0.91,93.5,0.9,20.5,0.92,117.36,0.93,133.3,0.08,117.36,0.07,133.3,0.09,93.5,0.1,20.5,0.01,0.01,2316.520463,1776196926000
1776196927.927,127.927,0.91,93.5,0.9,36.5,0.92,23.95,0.93,189.7,0.08,59.12,0.07,90.3,0.09,87.5,0.1,30.5,0.01,0.01,2316.520463,1776196926000
1776196928.137,128.137,0.91,81.61,0.9,36.5,0.92,22.78,0.93,189.7,0.08,23.95,0.07,189.7,0.09,86.61,0.1,36.5,0.01,0.01,2316.520463,1776196926000
1776196928.389,128.389,0.91,91.61,0.9,36.5,0.92,20.42,0.93,189.7,0.08,21.61,0.07,189.7,0.09,81.61,0.1,36.5,0.01,0.01,2317.086627,1776196927000
1776196928.784,128.784,0.91,91.61,0.9,36.5,0.92,0.87,0.93,189.7,0.08,20.42,0.07,189.7,0.09,91.61,0.1,36.5,0.01,0.01,2317.086627,1776196927000
1776196929.51,129.51,0.91,91.61,0.9,36.5,0.92,0.87,0.93,189.7,0.08,0.87,0.07,189.7,0.09,91.61,0.1,36.5,0.01,0.01,2317.460074,1776196928000
1776196930.297,130.297,0.92,32.5,0.91,30.5,0.93,127.42,0.94,118.8,0.08,0.87,0.07,189.7,0.09,91.61,0.1,36.5,0.01,0.01,2317.460074,1776196928000
1776196931.527,131.527,0.92,77.5,0.91,30.5,0.93,4.2,0.94,128.8,0.07,125.06,0.06,118.8,0.08,32.5,0.09,30.5,0.01,0.01,2317.575034,1776196929000
1776196931.732,131.732,0.92,77.5,0.91,30.5,0.93,3.04,0.94,83.8,0.07,4.2,0.06,128.8,0.08,77.5,0.09,30.5,0.01,0.01,2317.575034,1776196929000
1776196931.943,131.943,0.92,87.5,0.91,26.5,0.93,1.88,0.94,20.0,0.07,1.88,0.06,20.0,0.08,87.5,0.09,26.5,0.01,0.01,2317.57,1776196930000
1776196932.348,132.348,0.94,57.62,0.93,31.0,0.95,155.64,0.96,159.8,0.05,148.8,0.04,159.8,0.06,22.12,0.08,82.5,0.01,0.01,2317.57,1776196930000
1776196932.554,132.554,0.94,52.62,0.93,31.0,0.95,174.78,0.96,159.8,0.05,155.64,0.04,159.8,0.06,57.62,0.07,31.0,0.01,0.01,2317.57,1776196930000
1776196932.8,132.8,0.94,52.62,0.93,31.0,0.95,174.78,0.96,159.8,0.05,174.78,0.04,159.8,0.06,52.62,0.07,31.0,0.01,0.01,2317.649035,1776196931000
1776196933.242,133.242,0.94,34.78,0.93,31.0,0.95,174.51,0.96,159.8,0.05,179.78,0.04,159.8,0.06,34.78,0.07,31.0,0.01,0.01,2317.649035,1776196931000
1776196933.476,133.476,0.94,34.78,0.93,31.0,0.95,171.34,0.96,159.8,0.05,168.45,0.04,159.8,0.06,34.78,0.07,31.0,0.01,0.01,2317.809845,1776196932000
1776196934.053,134.053,0.94,28.78,0.93,5.0,0.95,196.34,0.96,164.8,0.05,171.34,0.04,159.8,0.06,34.78,0.07,31.0,0.01,0.01,2317.809845,1776196932000
1776196934.635,134.635,0.94,28.78,0.93,35.0,0.95,160.28,0.96,159.8,0.05,196.34,0.04,164.8,0.06,28.78,0.07,5.0,0.01,0.01,2317.996708,1776196933000
1776196935.135,135.135,0.94,14.5,0.93,35.0,0.95,154.49,0.96,159.8,0.05,154.49,0.04,159.8,0.06,17.08,0.07,35.0,0.01,0.01,2317.996708,1776196933000
1776196935.393,135.393,0.94,10.5,0.93,33.85,0.95,135.75,0.96,164.8,0.05,136.81,0.04,159.8,0.07,28.85,0.08,25.5,0.01,0.02,2317.996708,1776196933000
1776196935.832,135.832,0.94,10.5,0.93,33.85,0.95,134.62,0.96,294.8,0.05,135.75,0.04,164.8,0.06,10.5,0.07,33.85,0.01,0.01,2318.125212,1776196934000
1776196936.407,136.407,0.94,15.5,0.93,33.85,0.95,138.56,0.96,299.8,0.05,134.62,0.04,294.8,0.06,10.5,0.07,33.85,0.01,0.01,2318.125212,1776196934000
1776196937.156,137.156,0.94,15.5,0.93,33.85,0.95,138.56,0.96,299.8,0.05,138.56,0.04,299.8,0.06,15.5,0.07,33.85,0.01,0.01,2318.0333,1776196936000
1776196937.541,137.541,0.94,9.5,0.93,33.85,0.95,105.56,0.96,174.8,0.05,138.56,0.04,299.8,0.06,15.5,0.07,33.85,0.01,0.01,2318.0333,1776196936000
1776196938.615,138.615,0.94,88.44,0.93,38.85,0.95,104.43,0.96,169.8,0.05,105.56,0.04,174.8,0.06,9.5,0.07,33.85,0.01,0.01,2318.0333,1776196936000
1776196939.135,139.135,0.94,10.5,0.93,38.85,0.95,102.17,0.96,169.8,0.05,103.3,0.04,169.8,0.06,2.58,0.07,38.85,0.01,0.01,2317.9686,1776196937000
1776196939.555,139.555,0.94,10.5,0.93,38.85,0.95,102.17,0.96,169.8,0.05,102.17,0.04,169.8,0.06,10.5,0.07,38.85,0.01,0.01,2317.97875,1776196938000
1776196940.294,140.294,0.94,175.47,0.93,118.49,0.95,81.97,0.96,169.8,0.05,81.97,0.04,169.8,0.06,175.47,0.07,118.49,0.01,0.01,2318.07375,1776196939000
1776196940.78,140.78,0.95,5.0,0.94,191.47,0.96,35.0,0.97,488.03,0.05,81.97,0.04,169.8,0.06,175.47,0.07,118.49,0.01,0.01,2318.07375,1776196939000
1776196941.128,141.128,0.95,49.5,0.94,176.47,0.96,60.25,0.97,463.03,0.04,35.0,0.03,488.03,0.05,5.0,0.06,191.47,0.01,0.01,2318.07375,1776196939000
1776196941.483,141.483,0.95,58.35,0.94,176.47,0.96,60.25,0.97,463.03,0.04,60.25,0.03,463.03,0.05,49.5,0.06,176.47,0.01,0.01,2318.07375,1776196939000
1776196941.856,141.856,0.95,52.35,0.94,181.47,0.96,121.93,0.97,463.03,0.04,18.13,0.03,463.03,0.05,53.35,0.06,176.47,0.01,0.01,2318.11365,1776196940000
1776196942.455,142.455,0.95,40.5,0.94,181.47,0.96,120.81,0.97,463.03,0.04,120.81,0.03,463.03,0.05,40.5,0.06,181.47,0.01,0.01,2318.1578,1776196941000
1776196942.657,142.657,0.95,25.5,0.94,176.47,0.96,38.01,0.97,504.03,0.04,120.81,0.03,463.03,0.05,40.5,0.06,181.47,0.01,0.01,2318.1578,1776196941000
1776196943.088,143.088,0.94,169.97,0.93,124.49,0.96,31.89,0.97,473.03,0.04,36.89,0.03,504.03,0.05,25.5,0.06,176.47,0.02,0.01,2318.1578,1776196941000
1776196943.761,143.761,0.95,17.94,0.94,168.97,0.96,31.89,0.97,463.03,0.04,31.89,0.03,473.03,0.06,168.97,0.07,124.49,0.01,0.02,2318.4437,1776196942000
1776196944.188,144.188,0.95,11.94,0.94,168.97,0.96,31.89,0.97,468.03,0.04,31.89,0.03,463.03,0.05,17.94,0.06,168.97,0.01,0.01,2318.4437,1776196942000
1776196944.423,144.423,0.94,166.42,0.93,124.49,0.96,31.89,0.97,463.03,0.04,31.89,0.03,468.03,0.05,11.94,0.06,168.97,0.02,0.01,2318.4437,1776196942000
1776196944.639,144.639,0.94,166.42,0.93,124.49,0.96,31.89,0.97,463.03,0.04,31.89,0.03,463.03,0.06,166.42,0.07,124.49,0.02,0.02,2318.4867,1776196943000
1776196945.043,145.043,0.94,296.92,0.93,181.64,0.96,6.64,0.97,453.03,0.04,31.89,0.03,463.03,0.06,166.42,0.07,124.49,0.02,0.02,2318.4867,1776196943000
1776196945.353,145.353,0.95,28.5,0.94,270.92,0.96,6.64,0.97,453.03,0.04,6.64,0.03,453.03,0.05,28.5,0.06,270.92,0.01,0.01,2318.410153,1776196944000
1776196945.632,145.632,0.95,98.5,0.94,170.92,0.96,30.77,0.97,339.33,0.04,6.64,0.03,453.03,0.05,28.5,0.06,270.92,0.01,0.01,2318.410153,1776196944000
1776196945.834,145.834,0.95,78.5,0.94,215.92,0.96,15.77,0.97,339.33,0.04,30.77,0.03,339.33,0.05,98.5,0.06,170.92,0.01,0.01,2318.410153,1776196944000
1776196946.162,146.162,0.95,72.5,0.94,150.92,0.96,30.25,0.97,349.33,0.04,25.25,0.03,349.33,0.05,68.5,0.06,185.92,0.01,0.01,2318.410153,1776196944000
1776196946.71,146.71,0.95,5.0,0.94,161.42,0.96,27.13,0.97,379.33,0.04,34.13,0.03,349.33,0.05,72.5,0.06,150.92,0.01,0.01,2318.410153,1776196944000
1776196947.29,147.29,0.95,3.0,0.94,161.92,0.96,40.0,0.97,509.03,0.04,15.0,0.03,385.33,0.05,4.0,0.06,151.42,0.01,0.01,2318.453805,1776196945000
1776196947.497,147.497,0.94,153.6,0.93,106.14,0.96,138.8,0.97,499.03,0.04,133.8,0.03,509.03,0.05,0.84,0.06,161.92,0.02,0.01,2318.51395,1776196946000
1776196947.953,147.953,0.94,84.1,0.93,96.14,0.95,35.0,0.96,144.8,0.04,138.8,0.03,499.03,0.06,153.6,0.07,106.14,0.01,0.02,2318.51395,1776196946000
1776196948.263,148.263,0.94,88.1,0.93,101.14,0.95,33.87,0.96,144.8,0.05,35.0,0.04,144.8,0.06,83.1,0.07,96.14,0.01,0.01,2318.51395,1776196946000
1776196948.56,148.56,0.94,57.59,0.93,101.14,0.95,33.87,0.96,144.8,0.05,38.87,0.04,144.8,0.06,69.26,0.07,101.14,0.01,0.01,2318.51395,1776196946000
1776196948.868,148.868,0.94,56.59,0.93,101.14,0.95,33.87,0.96,144.8,0.05,33.87,0.04,144.8,0.06,57.59,0.07,101.14,0.01,0.01,2318.572763,1776196947000
1776196949.089,149.089,0.94,40.59,0.93,111.14,0.95,33.87,0.96,144.8,0.05,33.87,0.04,144.8,0.06,56.59,0.07,101.14,0.01,0.01,2318.572763,1776196947000
1776196949.292,149.292,0.94,39.59,0.93,111.14,0.95,33.87,0.96,144.8,0.05,33.87,0.04,144.8,0.06,40.59,0.07,111.14,0.01,0.01,2318.400056,1776196948000
1776196949.705,149.705,0.94,39.59,0.93,111.14,0.95,31.61,0.96,144.8,0.05,32.74,0.04,144.8,0.06,44.59,0.07,111.14,0.01,0.01,2318.400056,1776196948000
1776196950.188,150.188,0.94,39.59,0.93,111.14,0.95,31.61,0.96,144.8,0.05,31.61,0.04,144.8,0.06,39.59,0.07,111.14,0.01,0.01,2318.261258,1776196949000
1776196950.61,150.61,0.94,50.5,0.93,111.14,0.95,31.61,0.96,144.8,0.05,31.61,0.04,144.8,0.06,39.59,0.07,111.14,0.01,0.01,2318.261258,1776196949000
1776196950.972,150.972,0.94,16.35,0.93,106.14,0.95,26.39,0.96,144.8,0.05,31.61,0.04,144.8,0.06,16.35,0.07,111.14,0.01,0.01,2318.261258,1776196949000
1776196951.316,151.316,0.93,95.86,0.92,89.84,0.94,5.77,0.95,33.26,0.06,5.77,0.05,33.26,0.07,95.86,0.08,89.84,0.01,0.01,2318.145641,1776196950000
1776196951.633,151.633,0.94,9.0,0.93,100.86,0.95,57.96,0.96,144.8,0.05,32.76,0.04,144.8,0.07,105.86,0.08,94.84,0.01,0.02,2318.145641,1776196950000
1776196952.453,152.453,0.93,59.57,0.92,114.84,0.94,128.73,0.95,52.96,0.06,128.73,0.05,52.96,0.07,59.57,0.08,114.84,0.01,0.01,2318.149752,1776196951000
1776196952.653,152.653,0.93,201.57,0.92,120.84,0.94,10.0,0.95,10.0,0.06,128.73,0.05,52.96,0.07,59.57,0.08,114.84,0.01,0.01,2318.149752,1776196951000
1776196952.899,152.899,0.93,206.57,0.92,150.84,0.95,10.0,0.96,20.0,0.06,10.0,0.05,10.0,0.07,201.57,0.08,120.84,0.02,0.01,2318.149752,1776196951000
1776196953.615,153.615,0.94,167.5,0.93,109.57,0.95,10.0,0.96,15.0,0.05,10.0,0.04,20.0,0.06,157.5,0.07,113.57,0.01,0.01,2318.169915,1776196952000
1776196953.911,153.911,0.94,137.5,0.93,169.57,0.95,10.0,0.96,15.0,0.05,10.0,0.04,15.0,0.06,137.5,0.07,169.57,0.01,0.01,2318.217095,1776196953000
1776196954.461,154.461,0.94,245.44,0.93,174.57,0.95,10.0,0.96,15.0,0.05,10.0,0.04,15.0,0.06,137.5,0.07,169.57,0.01,0.01,2318.217095,1776196953000
1776196954.927,154.927,0.94,245.44,0.93,174.57,0.95,10.0,0.96,15.0,0.05,10.0,0.04,15.0,0.06,245.44,0.07,174.57,0.01,0.01,2318.40165,1776196954000
1776196955.225,155.225,0.94,197.6,0.93,219.87,0.95,10.0,0.96,15.0,0.05,10.0,0.04,15.0,0.06,245.44,0.07,174.57,0.01,0.01,2318.40165,1776196954000
1776196955.518,155.518,0.95,172.5,0.94,183.24,0.96,15.0,0.97,459.33,0.04,15.0,0.03,459.33,0.05,20.0,0.06,311.4,0.01,0.01,2318.40165,1776196954000
1776196955.901,155.901,0.96,35.0,0.95,194.5,0.97,329.33,0.98,210.0,0.04,15.0,0.03,459.33,0.05,172.5,0.06,183.24,0.01,0.01,2318.40165,1776196954000
1776196956.283,156.283,0.96,272.0,0.95,167.3,0.97,362.99,0.98,210.0,0.03,329.33,0.02,210.0,0.04,35.0,0.05,194.5,0.01,0.01,2318.619642,1776196955000
1776196956.512,156.512,0.96,277.0,0.95,227.3,0.97,343.21,0.98,210.0,0.03,348.21,0.02,210.0,0.04,267.0,0.05,167.3,0.01,0.01,2318.619642,1776196955000
1776196957.03,157.03,0.96,233.0,0.95,90.5,0.97,309.55,0.98,210.0,0.03,309.55,0.02,210.0,0.04,233.0,0.05,90.5,0.01,0.01,2318.717735,1776196956000
1776196957.353,157.353,0.96,321.5,0.95,136.3,0.97,334.02,0.98,210.0,0.03,309.55,0.02,210.0,0.04,233.0,0.05,90.5,0.01,0.01,2318.717735,1776196956000
1776196957.873,157.873,0.96,180.0,0.95,36.5,0.97,339.02,0.98,393.7,0.03,334.02,0.02,210.0,0.04,321.5,0.05,136.3,0.01,0.01,2318.717735,1776196956000
1776196958.808,158.808,0.96,230.0,0.95,41.5,0.97,331.86,0.98,210.0,0.03,342.97,0.02,393.7,0.04,180.0,0.05,36.5,0.01,0.01,2318.97008,1776196957000
1776196959.15,159.15,0.96,229.0,0.95,41.5,0.97,331.86,0.98,210.0,0.03,331.86,0.02,210.0,0.04,230.0,0.05,41.5,0.01,0.01,2318.97008,1776196957000
1776196959.864,159.864,0.96,125.0,0.95,127.3,0.97,243.63,0.98,210.0,0.03,320.63,0.02,210.0,0.04,229.0,0.05,41.5,0.01,0.01,2319.27204,1776196958000
1776196960.157,160.157,0.96,125.0,0.95,127.3,0.97,243.63,0.98,210.0,0.03,243.63,0.02,210.0,0.04,125.0,0.05,127.3,0.01,0.01,2319.109544,1776196959000
1776196960.959,160.959,0.96,155.0,0.95,96.3,0.97,204.97,0.98,210.0,0.03,248.63,0.02,210.0,0.04,40.0,0.05,152.3,0.01,0.01,2319.109544,1776196959000
1776196961.796,161.796,0.96,150.0,0.95,106.3,0.97,242.52,0.98,210.0,0.03,204.97,0.02,210.0,0.04,155.0,0.05,96.3,0.01,0.01,2319.048179,1776196960000
1776196962.234,162.234,0.96,150.0,0.95,106.3,0.97,241.41,0.98,200.0,0.03,242.52,0.02,210.0,0.04,150.0,0.05,106.3,0.01,0.01,2319.048179,1776196960000
1776196963.123,163.123,0.96,150.0,0.95,106.3,0.97,233.34,0.98,200.0,0.03,241.41,0.02,200.0,0.04,150.0,0.05,106.3,0.01,0.01,2319.107126,1776196961000
1776196963.347,163.347,0.96,150.0,0.95,106.3,0.97,233.34,0.98,200.0,0.03,233.34,0.02,200.0,0.04,150.0,0.05,106.3,0.01,0.01,2319.143336,1776196962000
1776196963.613,163.613,0.96,150.0,0.95,106.3,0.97,232.3,0.98,200.0,0.03,233.34,0.02,200.0,0.04,150.0,0.05,106.3,0.01,0.01,2319.143336,1776196962000
1776196963.948,163.948,0.96,150.0,0.95,106.3,0.97,232.3,0.98,200.0,0.03,232.3,0.02,200.0,0.04,150.0,0.05,106.3,0.01,0.01,2319.09875,1776196963000
1776196965.024,165.024,0.96,150.0,0.95,106.3,0.97,232.3,0.98,200.0,0.03,232.3,0.02,200.0,0.04,150.0,0.05,106.3,0.01,0.01,2319.07885,1776196964000
1776196965.596,165.596,0.96,160.0,0.95,206.3,0.97,236.2,0.98,210.0,0.03,232.3,0.02,200.0,0.04,150.0,0.05,106.3,0.01,0.01,2319.07885,1776196964000
1776196965.965,165.965,0.96,314.2,0.95,242.3,0.97,166.43,0.98,210.0,0.03,230.09,0.02,210.0,0.04,160.0,0.05,206.3,0.01,0.01,2319.07885,1776196964000
1776196966.169,166.169,0.96,360.2,0.95,217.3,0.98,210.0,0.99,2334.18,0.03,17.22,0.02,210.0,0.04,366.2,0.05,212.3,0.02,0.01,2319.07885,1776196964000
1776196966.796,166.796,0.97,256.0,0.96,403.2,0.98,240.5,0.99,2334.18,0.02,210.0,0.01,2334.18,0.04,355.2,0.05,227.3,0.01,0.02,2319.0538,1776196965000
1776196967.119,167.119,0.97,328.0,0.96,569.2,0.98,90.0,0.99,1970.58,0.02,240.5,0.01,2334.18,0.03,256.0,0.04,403.2,0.01,0.01,2319.0538,1776196965000
1776196967.382,167.382,0.97,403.7,0.96,369.2,0.98,90.0,0.99,1970.58,0.02,90.0,0.01,1970.58,0.03,403.7,0.04,369.2,0.01,0.01,2319.1187,1776196966000
1776196967.805,167.805,0.97,539.7,0.96,344.2,0.98,70.0,0.99,1970.58,0.02,90.0,0.01,1970.58,0.03,403.7,0.04,369.2,0.01,0.01,2319.1187,1776196966000
1776196968.721,168.721,0.98,121.0,0.97,693.23,0.99,1779.58,,,0.01,1940.58,,,0.03,509.7,0.04,344.2,0.01,0.02,2319.274005,1776196967000
1776196969.037,169.037,0.98,323.7,0.97,382.23,0.99,1769.58,,,0.01,1764.58,,,0.02,121.0,0.03,693.23,0.01,0.01,2319.274005,1776196967000
1776196969.665,169.665,0.98,318.7,0.97,382.23,0.99,1864.56,,,0.01,1769.58,,,0.02,323.7,0.03,382.23,0.01,0.01,2320.63554,1776196968000
1776196969.926,169.926,0.98,333.7,0.97,389.23,0.99,1634.33,,,0.01,1745.38,,,0.02,318.7,0.03,279.23,0.01,0.01,2320.63554,1776196968000
1776196970.206,170.206,0.98,481.96,0.97,299.23,0.99,1629.33,,,0.01,1629.33,,,0.02,481.96,0.03,299.23,0.01,0.01,2321.075337,1776196969000
1776196970.45,170.45,0.99,1965.73,0.98,318.7,,,,,,,,,0.01,1799.73,0.02,481.96,,,2321.075337,1776196969000
1776196971.084,171.084,0.99,1964.73,0.98,613.7,,,,,,,,,0.01,1965.73,0.02,318.7,,,2321.075337,1776196969000
1776196971.398,171.398,0.99,1968.45,0.98,313.7,,,,,,,,,0.01,1964.73,0.02,613.7,,,2321.075337,1776196969000
1776196972.072,172.072,0.99,1968.45,0.98,313.7,,,,,,,,,0.01,1968.45,0.02,313.7,,,2322.005551,1776196971000
1776196972.684,172.684,0.99,2067.45,0.98,911.7,,,,,,,,,0.01,1968.45,0.02,313.7,,,2322.005551,1776196971000
1776196973.146,173.146,0.99,2067.45,0.98,911.7,,,,,,,,,0.01,2067.45,0.02,911.7,,,2321.93573,1776196972000
1776196973.473,173.473,0.99,2057.45,0.98,128.0,,,,,,,,,0.01,2067.45,0.02,911.7,,,2321.93573,1776196972000
1776196974.276,174.276,0.99,2048.45,0.98,128.0,,,,,,,,,0.01,2048.45,0.02,128.0,,,2321.769615,1776196973000
1776196974.489,174.489,0.99,1906.55,0.98,128.0,,,,,,,,,0.01,2048.45,0.02,128.0,,,2321.769615,1776196973000
1776196975.544,175.544,0.99,141.23,0.98,661.28,,,,,,,,,0.01,1906.55,0.02,128.0,,,2321.769615,1776196973000
1776196976.204,176.204,0.99,141.23,0.98,661.28,,,,,,,,,0.01,141.23,0.02,661.28,,,2321.358506,1776196975000
1776196977.248,177.248,0.99,141.23,0.98,661.28,,,,,,,,,0.01,141.23,0.02,661.28,,,2321.105122,1776196976000
1776196978.54,178.54,0.99,141.23,0.98,661.28,,,,,,,,,0.01,141.23,0.02,661.28,,,2320.990547,1776196977000
1776196979.144,179.144,0.99,136.28,0.98,361.28,,,,,,,,,0.01,141.23,0.02,661.28,,,2320.990547,1776196977000
1776196980.577,180.577,0.99,131.24,0.98,366.28,,,,,,,,,0.01,136.28,0.02,361.28,,,2320.981428,1776196978000
1776196981.142,181.142,0.99,131.24,0.98,366.28,,,,,,,,,0.01,131.24,0.02,366.28,,,2321.535945,1776196980000
1776196982.386,182.386,0.99,131.24,0.98,366.28,,,,,,,,,0.01,131.24,0.02,366.28,,,2321.168994,1776196981000
1776196983.057,183.057,0.99,131.24,0.98,366.28,,,,,,,,,0.01,131.24,0.02,366.28,,,2321.167976,1776196982000
1776196984.272,184.272,0.99,131.24,0.98,366.28,,,,,,,,,0.01,131.24,0.02,366.28,,,2320.936315,1776196983000
1776196985.495,185.495,0.99,131.24,0.98,366.28,,,,,,,,,0.01,131.24,0.02,366.28,,,2321.029287,1776196984000
1776196986.089,186.089,0.99,131.24,0.98,366.28,,,,,,,,,0.01,131.24,0.02,366.28,,,2321.029287,1776196985000
1776196987.315,187.315,0.99,131.24,0.98,366.28,,,,,,,,,0.01,131.24,0.02,366.28,,,2321.1197,1776196986000
1776196988.521,188.521,0.99,131.24,0.98,366.28,,,,,,,,,0.01,131.24,0.02,366.28,,,2321.1149,1776196987000
1776196989.029,189.029,0.99,131.24,0.98,366.28,,,,,,,,,0.01,131.24,0.02,366.28,,,2321.115,1776196988000
1776196990.303,190.303,0.99,131.24,0.98,366.28,,,,,,,,,0.01,131.24,0.02,366.28,,,2320.967957,1776196989000
1776196991.579,191.579,0.99,17.59,0.98,282.58,,,,,,,,,0.01,17.59,0.02,282.58,,,2320.599303,1776196990000
1776196992.096,192.096,0.99,17.59,0.98,282.58,,,,,,,,,0.01,17.59,0.02,282.58,,,2320.509,1776196991000
1776196993.044,193.044,0.99,17.59,0.98,282.58,,,,,,,,,0.01,17.59,0.02,282.58,,,2320.3694,1776196992000
1776196994.157,194.157,0.99,17.59,0.98,282.58,,,,,,,,,0.01,17.59,0.02,282.58,,,2320.575181,1776196993000
1776196995.364,195.364,0.99,17.59,0.98,282.58,,,,,,,,,0.01,17.59,0.02,282.58,,,2320.780452,1776196994000
1776196996.359,196.359,0.99,17.59,0.98,282.58,,,,,,,,,0.01,17.59,0.02,282.58,,,2320.76435,1776196995000
1776196997.336,197.336,0.99,113.01,0.98,366.28,,,,,,,,,0.01,113.01,0.02,366.28,,,2320.712205,1776196996000
1776196998.342,198.342,0.99,113.01,0.98,366.28,,,,,,,,,0.01,113.01,0.02,366.28,,,2320.704705,1776196997000
1776196998.921,198.921,0.99,113.01,0.98,366.28,,,,,,,,,0.01,113.01,0.02,366.28,,,2320.73182,1776196998000
1776197000.166,200.166,0.99,113.01,0.98,366.28,,,,,,,,,0.01,113.01,0.02,366.28,,,2320.726699,1776196999000
1776197001.063,201.063,0.99,113.01,0.98,366.28,,,,,,,,,0.01,113.01,0.02,366.28,,,2320.797485,1776197000000
1776197002.128,202.128,0.99,113.01,0.98,366.28,,,,,,,,,0.01,113.01,0.02,366.28,,,2320.700437,1776197001000
1776197003.193,203.193,0.99,113.01,0.98,366.28,,,,,,,,,0.01,113.01,0.02,366.28,,,2320.686735,1776197002000
1776197004.28,204.28,0.99,113.01,0.98,366.28,,,,,,,,,0.01,113.01,0.02,366.28,,,2320.6441,1776197003000
1776197005.253,205.253,0.99,113.01,0.98,366.28,,,,,,,,,0.01,113.01,0.02,366.28,,,2320.559469,1776197004000
1776197006.879,206.879,0.99,113.01,0.98,366.28,,,,,,,,,0.01,113.01,0.02,366.28,,,2320.478535,1776197005000
1776197007.369,207.369,0.99,113.01,0.98,366.28,,,,,,,,,0.01,113.01,0.02,366.28,,,2320.997973,1776197006000
1776197007.982,207.982,0.99,113.01,0.98,366.28,,,,,,,,,0.01,113.01,0.02,366.28,,,2321.085487,1776197007000
1776197009.058,209.058,0.99,113.01,0.98,366.28,,,,,,,,,0.01,113.01,0.02,366.28,,,2321.07315,1776197008000
1776197010.043,210.043,0.99,113.01,0.98,366.28,,,,,,,,,0.01,113.01,0.02,366.28,,,2321.177548,1776197009000
1776197011.122,211.122,0.99,113.01,0.98,366.28,,,,,,,,,0.01,113.01,0.02,366.28,,,2321.149425,1776197010000
1776197012.197,212.197,0.99,113.01,0.98,366.28,,,,,,,,,0.01,113.01,0.02,366.28,,,2321.149725,1776197011000
1776197013.245,213.245,0.99,113.01,0.98,366.28,,,,,,,,,0.01,113.01,0.02,366.28,,,2321.450185,1776197012000
1776197013.525,213.525,0.99,734.64,0.98,371.28,,,,,,,,,0.01,113.01,0.02,366.28,,,2321.450185,1776197012000
1776197014.398,214.398,0.99,734.64,0.98,371.28,,,,,,,,,0.01,734.64,0.02,371.28,,,2321.53668,1776197013000
1776197014.919,214.919,0.99,734.64,0.98,371.28,,,,,,,,,0.01,734.64,0.02,371.28,,,2321.538455,1776197014000
1776197015.994,215.994,0.99,734.64,0.98,371.28,,,,,,,,,0.01,734.64,0.02,371.28,,,2321.859539,1776197015000
1776197017.096,217.096,0.99,734.64,0.98,371.28,,,,,,,,,0.01,734.64,0.02,371.28,,,2321.843915,1776197016000
1776197018.103,218.103,0.99,734.64,0.98,371.28,,,,,,,,,0.01,734.64,0.02,371.28,,,2321.7419,1776197017000
1776197019.214,219.214,0.99,734.64,0.98,371.28,,,,,,,,,0.01,734.64,0.02,371.28,,,2321.66125,1776197018000
1776197020.735,220.735,0.99,734.64,0.98,371.28,,,,,,,,,0.01,734.64,0.02,371.28,,,2321.529225,1776197019000
1776197021.307,221.307,0.99,734.64,0.98,371.28,,,,,,,,,0.01,734.64,0.02,371.28,,,2321.59135,1776197020000
1776197021.877,221.877,0.99,734.64,0.98,371.28,,,,,,,,,0.01,734.64,0.02,371.28,,,2321.59135,1776197021000
1776197022.988,222.988,0.99,734.64,0.98,371.28,,,,,,,,,0.01,734.64,0.02,371.28,,,2321.5921,1776197022000
1776197024.044,224.044,0.99,734.64,0.98,371.28,,,,,,,,,0.01,734.64,0.02,371.28,,,2321.63125,1776197023000
1776197025.191,225.191,0.99,734.64,0.98,371.28,,,,,,,,,0.01,734.64,0.02,371.28,,,2321.63035,1776197024000
1776197025.809,225.809,0.99,717.6,0.98,771.28,,,,,,,,,0.01,734.64,0.02,371.28,,,2321.63035,1776197024000
1776197026.222,226.222,0.99,717.6,0.98,771.28,,,,,,,,,0.01,717.6,0.02,771.28,,,2321.62107,1776197025000
1776197027.319,227.319,0.99,717.6,0.98,771.28,,,,,,,,,0.01,717.6,0.02,771.28,,,2321.568449,1776197026000
1776197028.494,228.494,0.99,717.6,0.98,771.28,,,,,,,,,0.01,717.6,0.02,771.28,,,2321.636723,1776197027000
1776197029.005,229.005,0.99,717.6,0.98,771.28,,,,,,,,,0.01,717.6,0.02,771.28,,,2321.828725,1776197028000
1776197030.117,230.117,0.99,717.6,0.98,771.28,,,,,,,,,0.01,717.6,0.02,771.28,,,2321.9389,1776197029000
1776197031.188,231.188,0.99,717.6,0.98,771.28,,,,,,,,,0.01,717.6,0.02,771.28,,,2322.22357,1776197030000
1776197032.347,232.347,0.99,717.6,0.98,771.28,,,,,,,,,0.01,717.6,0.02,771.28,,,2322.282565,1776197031000
1776197032.893,232.893,0.99,717.6,0.98,771.28,,,,,,,,,0.01,717.6,0.02,771.28,,,2322.43731,1776197032000
1776197033.196,233.196,0.99,17107.04,0.98,366.28,,,,,,,,,0.01,717.6,0.02,771.28,,,2322.43731,1776197032000
1776197034.033,234.033,0.99,17107.04,0.98,366.28,,,,,,,,,0.01,17107.04,0.02,366.28,,,2322.4096,1776197033000
1776197035.255,235.255,0.99,17107.04,0.98,366.28,,,,,,,,,0.01,17107.04,0.02,366.28,,,2322.385195,1776197034000
1776197037.225,237.225,0.99,17107.04,0.98,366.28,,,,,,,,,0.01,17107.04,0.02,366.28,,,2323.114376,1776197036000
1776197039.017,239.017,0.99,17107.04,0.98,366.28,,,,,,,,,0.01,17107.04,0.02,366.28,,,2323.139667,1776197037000
1776197039.618,239.618,0.99,17107.04,0.98,366.28,,,,,,,,,0.01,17107.04,0.02,366.28,,,2323.0792,1776197038000
1776197040.523,240.523,0.99,17107.04,0.98,366.28,,,,,,,,,0.01,17107.04,0.02,366.28,,,2322.999507,1776197039000
1776197041.202,241.202,0.99,18218.35,0.98,366.28,,,,,,,,,0.01,18218.35,0.02,366.28,,,2323.012031,1776197040000
1776197042.763,242.763,0.99,18218.35,0.98,366.28,,,,,,,,,0.01,18218.35,0.02,366.28,,,2322.85733,1776197041000
1776197043.633,243.633,0.99,18218.35,0.98,366.28,,,,,,,,,0.01,18218.35,0.02,366.28,,,2322.85433,1776197042000
1776197044.39,244.39,0.99,18218.35,0.98,366.28,,,,,,,,,0.01,18218.35,0.02,366.28,,,2322.7884,1776197043000
1776197045.116,245.116,0.99,18218.35,0.98,366.28,,,,,,,,,0.01,18218.35,0.02,366.28,,,2322.689599,1776197044000
1776197046.727,246.727,0.99,18218.35,0.98,366.28,,,,,,,,,0.01,18218.35,0.02,366.28,,,2322.046877,1776197045000
1776197047.552,247.552,0.99,18218.35,0.98,366.28,,,,,,,,,0.01,18218.35,0.02,366.28,,,2321.960275,1776197046000
1776197048.296,248.296,0.99,18218.35,0.98,366.28,,,,,,,,,0.01,18218.35,0.02,366.28,,,2321.912873,1776197047000
1776197049.101,249.101,0.99,18218.35,0.98,366.28,,,,,,,,,0.01,18218.35,0.02,366.28,,,2321.907736,1776197048000
1776197050.605,250.605,0.99,18218.35,0.98,366.28,,,,,,,,,0.01,18218.35,0.02,366.28,,,2321.616965,1776197049000
1776197051.258,251.258,0.99,18218.35,0.98,366.28,,,,,,,,,0.01,18218.35,0.02,366.28,,,2321.558134,1776197050000
1776197052.07,252.07,0.99,17490.18,0.98,366.28,,,,,,,,,0.01,18218.35,0.02,366.28,,,2321.558134,1776197050000
1776197052.751,252.751,0.99,17490.18,0.98,366.28,,,,,,,,,0.01,17490.18,0.02,366.28,,,2321.509405,1776197051000
1776197053.449,253.449,0.99,17490.18,0.98,366.28,,,,,,,,,0.01,17490.18,0.02,366.28,,,2321.675111,1776197052000
1776197054.242,254.242,0.99,17490.18,0.98,366.28,,,,,,,,,0.01,17490.18,0.02,366.28,,,2322.067736,1776197053000
1776197055.444,255.444,0.99,17490.18,0.98,366.28,,,,,,,,,0.01,17490.18,0.02,366.28,,,2322.107865,1776197054000
1776197055.988,255.988,0.99,17490.18,0.98,366.28,,,,,,,,,0.01,17490.18,0.02,366.28,,,2322.11245,1776197055000
1776197057.242,257.242,0.99,17490.18,0.98,366.28,,,,,,,,,0.01,17490.18,0.02,366.28,,,2322.147055,1776197056000
1776197058.274,258.274,0.99,17490.18,0.98,366.28,,,,,,,,,0.01,17490.18,0.02,366.28,,,2322.789708,1776197057000
1776197059.436,259.436,0.99,17490.18,0.98,366.28,,,,,,,,,0.01,17490.18,0.02,366.28,,,2322.70696,1776197058000
1776197059.971,259.971,0.99,17490.18,0.98,366.28,,,,,,,,,0.01,17490.18,0.02,366.28,,,2322.652571,1776197059000
1776197061.093,261.093,0.99,17490.18,0.98,366.28,,,,,,,,,0.01,17490.18,0.02,366.28,,,2322.522918,1776197060000
1776197062.162,262.162,0.99,17490.18,0.98,366.28,,,,,,,,,0.01,17490.18,0.02,366.28,,,2322.317163,1776197061000
1776197063.254,263.254,0.99,17490.18,0.98,366.28,,,,,,,,,0.01,17490.18,0.02,366.28,,,2322.289175,1776197062000
1776197064.215,264.215,0.99,17490.18,0.98,366.28,,,,,,,,,0.01,17490.18,0.02,366.28,,,2322.23865,1776197063000
1776197065.288,265.288,0.99,17490.18,0.98,366.28,,,,,,,,,0.01,17490.18,0.02,366.28,,,2321.81969,1776197064000
1776197066.293,266.293,0.99,17490.18,0.98,366.28,,,,,,,,,0.01,17490.18,0.02,366.28,,,2321.908694,1776197065000
1776197067.332,267.332,0.99,17490.18,0.98,366.28,,,,,,,,,0.01,17490.18,0.02,366.28,,,2322.130998,1776197066000
1776197067.876,267.876,0.99,17490.18,0.98,366.28,,,,,,,,,0.01,17490.18,0.02,366.28,,,2322.13945,1776197067000
1776197069.492,269.492,0.99,17490.18,0.98,366.28,,,,,,,,,0.01,17490.18,0.02,366.28,,,2321.975023,1776197068000
1776197070.295,270.295,0.99,17490.18,0.98,366.28,,,,,,,,,0.01,17490.18,0.02,366.28,,,2321.9242,1776197069000
1776197071.751,271.751,0.99,17490.18,0.98,366.28,,,,,,,,,0.01,17490.18,0.02,366.28,,,2321.578425,1776197070000
1776197072.513,272.513,0.99,17490.18,0.98,366.28,,,,,,,,,0.01,17490.18,0.02,366.28,,,2321.59426,1776197071000
1776197073.133,273.133,0.99,17490.18,0.98,366.28,,,,,,,,,0.01,17490.18,0.02,366.28,,,2321.504327,1776197072000
1776197074.531,274.531,0.99,17490.18,0.98,366.28,,,,,,,,,0.01,17490.18,0.02,366.28,,,2321.279938,1776197073000
1776197074.979,274.979,0.99,17490.18,0.98,366.28,,,,,,,,,0.01,17490.18,0.02,366.28,,,2321.27995,1776197074000
1776197076.225,276.225,0.99,17490.18,0.98,366.28,,,,,,,,,0.01,17490.18,0.02,366.28,,,2321.3096,1776197075000
1776197077.511,277.511,0.99,17490.18,0.98,366.28,,,,,,,,,0.01,17490.18,0.02,366.28,,,2321.36955,1776197076000
1776197078.157,278.157,0.99,17490.18,0.98,366.28,,,,,,,,,0.01,17490.18,0.02,366.28,,,2321.398355,1776197077000
1776197079.347,279.347,0.99,17490.18,0.98,366.28,,,,,,,,,0.01,17490.18,0.02,366.28,,,2321.528605,1776197078000
1776197079.997,279.997,0.99,17490.18,0.98,366.28,,,,,,,,,0.01,17490.18,0.02,366.28,,,2321.55007,1776197079000
1776197081.346,281.346,0.99,17490.18,0.98,366.28,,,,,,,,,0.01,17490.18,0.02,366.28,,,2321.643325,1776197080000
1776197081.993,281.993,0.99,17490.18,0.98,366.28,,,,,,,,,0.01,17490.18,0.02,366.28,,,2321.64287,1776197081000
1776197083.333,283.333,0.99,17490.18,0.98,366.28,,,,,,,,,0.01,17490.18,0.02,366.28,,,2321.6107,1776197082000
1776197083.986,283.986,0.99,17490.18,0.98,366.28,,,,,,,,,0.01,17490.18,0.02,366.28,,,2321.491,1776197083000
1776197085.424,285.424,0.99,17490.18,0.98,366.28,,,,,,,,,0.01,17490.18,0.02,366.28,,,2321.29504,1776197084000
1776197086.582,286.582,0.99,17490.18,0.98,366.28,,,,,,,,,0.01,17490.18,0.02,366.28,,,2321.151941,1776197085000
1776197087.039,287.039,0.99,17490.18,0.98,366.28,,,,,,,,,0.01,17490.18,0.02,366.28,,,2321.144614,1776197086000
1776197088.033,288.033,0.99,17490.18,0.98,366.28,,,,,,,,,0.01,17490.18,0.02,366.28,,,2321.144987,1776197087000
1776197088.949,288.949,0.99,17490.18,0.98,366.28,,,,,,,,,0.01,17490.18,0.02,366.28,,,2320.794376,1776197088000
1776197089.943,289.943,0.99,17490.18,0.98,366.28,,,,,,,,,0.01,17490.18,0.02,366.28,,,2320.307432,1776197089000
1776197090.926,290.926,0.99,17490.18,0.98,366.28,,,,,,,,,0.01,17490.18,0.02,366.28,,,2320.055,1776197090000
1776197091.951,291.951,0.99,17490.18,0.98,366.28,,,,,,,,,0.01,17490.18,0.02,366.28,,,2319.9505,1776197091000
1776197093.337,293.337,0.99,17490.18,0.98,366.28,,,,,,,,,0.01,17490.18,0.02,366.28,,,2320.0563,1776197092000
1776197094.316,294.316,0.99,17490.18,0.98,366.28,,,,,,,,,0.01,17490.18,0.02,366.28,,,2320.073215,1776197093000
1776197095.278,295.278,0.99,17490.18,0.98,366.28,,,,,,,,,0.01,17490.18,0.02,366.28,,,2320.070525,1776197094000
1776197096.313,296.313,0.99,17490.18,0.98,366.28,,,,,,,,,0.01,17490.18,0.02,366.28,,,2320.122915,1776197095000
1776197097.299,297.299,0.99,17490.18,0.98,366.28,,,,,,,,,0.01,17490.18,0.02,366.28,,,2320.283163,1776197096000
1776197098.308,298.308,0.99,17490.18,0.98,366.28,,,,,,,,,0.01,17490.18,0.02,366.28,,,2320.325265,1776197097000
1776197099.33,299.33,0.99,17490.18,0.98,366.28,,,,,,,,,0.01,17490.18,0.02,366.28,,,2320.246219,1776197098000
1776197099.928,299.928,0.99,17490.18,0.98,366.28,,,,,,,,,0.01,17490.18,0.02,366.28,,,2319.403515,1776197099000
1776197101.309,301.309,0.99,17490.18,0.98,366.28,,,,,,,,,0.01,17490.18,0.02,366.28,,,2319.210057,1776197100000

# RESULT,winner=Up,slug=eth-updown-5m-1776196800,ticks=486
