timestamp,elapsed_sec,up_bid_p1,up_bid_s1,up_bid_p2,up_bid_s2,up_ask_p1,up_ask_s1,up_ask_p2,up_ask_s2,down_bid_p1,down_bid_s1,down_bid_p2,down_bid_s2,down_ask_p1,down_ask_s1,down_ask_p2,down_ask_s2,up_spread,down_spread,eth_price,eth_oracle_ts
1776246001.466,1.466,0.53,20.4,0.52,10.0,0.54,18.22,0.55,83.0,0.46,28.22,0.45,88.0,0.47,15.4,0.48,10.0,0.01,0.01,2324.874295,1776244517000
1776246001.791,1.791,0.53,15.4,0.52,10.0,0.54,23.22,0.55,88.0,0.46,28.22,0.45,88.0,0.47,15.4,0.48,10.0,0.01,0.01,2324.874295,1776244517000
1776246002.212,2.212,0.53,20.4,0.52,10.0,0.54,13.22,0.55,88.0,0.46,18.22,0.45,88.0,0.47,15.4,0.48,10.0,0.01,0.01,2324.874295,1776244517000
1776246002.537,2.537,0.53,15.4,0.52,10.0,0.54,6.22,0.55,88.0,0.46,13.22,0.45,88.0,0.47,20.4,0.48,10.0,0.01,0.01,2324.874295,1776244517000
1776246003.159,3.159,0.54,52.51,0.53,15.4,0.55,59.45,0.56,98.0,0.46,6.22,0.45,88.0,0.47,15.4,0.48,10.0,0.01,0.01,2324.874295,1776244517000
1776246003.499,3.499,0.54,52.51,0.53,15.4,0.55,4.93,0.56,23.0,0.45,59.45,0.44,98.0,0.46,52.51,0.47,15.4,0.01,0.01,2324.874295,1776244517000
1776246003.705,3.705,0.5,0.2,0.49,10.0,0.53,10.0,0.54,80.0,0.48,30.0,0.47,10.0,0.5,10.0,0.51,10.0,0.03,0.02,2324.874295,1776244517000
1776246003.907,3.907,0.49,15.0,0.48,85.0,0.5,9.8,0.51,15.0,0.49,15.0,0.46,5.4,0.5,0.2,0.51,15.0,0.01,0.01,2324.874295,1776244517000
1776246004.232,4.232,0.49,21.94,0.48,90.0,0.5,4.4,0.51,20.0,0.5,4.4,0.49,20.0,0.51,20.0,0.52,85.0,0.01,0.01,2324.874295,1776244517000
1776246004.546,4.546,0.49,21.94,0.48,85.0,0.51,11.92,0.52,5.0,0.49,6.92,0.48,5.0,0.51,21.94,0.52,90.0,0.02,0.02,2324.874295,1776244517000
1776246004.813,4.813,0.5,20.0,0.49,21.94,0.61,27.77,0.62,10.0,0.49,11.92,0.48,5.0,0.51,21.94,0.52,85.0,0.11,0.02,2324.874295,1776244517000
1776246005.237,5.237,0.57,20.0,0.54,29.88,0.58,15.0,0.59,15.0,0.39,27.77,0.38,10.0,0.5,20.0,0.51,21.94,0.01,0.11,2324.874295,1776244517000
1776246005.486,5.486,0.57,5.34,0.56,5.0,0.58,85.0,0.59,20.0,0.42,15.0,0.41,15.0,0.43,20.0,0.46,29.88,0.01,0.01,2324.874295,1776244517000
1776246005.976,5.976,0.57,0.34,0.56,5.0,0.58,111.85,0.59,20.0,0.42,85.0,0.41,20.0,0.43,5.34,0.44,5.0,0.01,0.01,2324.874295,1776244517000
1776246006.301,6.301,0.54,23.22,0.53,10.0,0.58,106.85,0.59,20.0,0.42,111.85,0.41,20.0,0.43,0.34,0.44,5.0,0.04,0.01,2324.874295,1776244517000
1776246007.196,7.196,0.54,16.56,0.53,15.0,0.55,20.0,0.56,62.0,0.45,15.0,0.44,10.0,0.46,18.22,0.47,10.0,0.01,0.01,2324.874295,1776244517000
1776246007.698,7.698,0.54,21.56,0.53,20.0,0.55,52.45,0.56,33.0,0.45,20.0,0.44,62.0,0.46,16.56,0.47,15.0,0.01,0.01,2324.874295,1776244517000
1776246008.674,8.674,0.54,0.9,0.53,10.0,0.55,52.0,0.56,38.0,0.45,47.9,0.44,33.0,0.46,11.12,0.47,20.0,0.01,0.01,2324.874295,1776244517000
1776246008.892,8.892,0.54,5.9,0.53,10.0,0.55,55.18,0.56,38.0,0.45,52.0,0.44,38.0,0.46,0.9,0.47,10.0,0.01,0.01,2324.874295,1776244517000
1776246009.398,9.398,0.54,5.9,0.53,10.0,0.55,120.25,0.56,33.0,0.45,55.18,0.44,38.0,0.46,5.9,0.47,10.0,0.01,0.01,2324.874295,1776244517000
1776246010.424,10.424,0.54,10.9,0.53,10.0,0.55,32.52,0.56,41.0,0.45,120.25,0.44,33.0,0.46,5.9,0.47,10.0,0.01,0.01,2324.874295,1776244517000
1776246010.91,10.91,0.54,50.9,0.53,200.0,0.58,52.26,0.59,15.0,0.45,32.52,0.44,41.0,0.46,10.9,0.47,10.0,0.04,0.01,2324.874295,1776244517000
1776246011.319,11.319,0.56,35.0,0.55,10.0,0.57,11.49,0.58,60.26,0.42,52.26,0.41,15.0,0.46,50.9,0.47,200.0,0.01,0.04,2324.874295,1776244517000
1776246011.535,11.535,0.47,0.24,0.46,5.0,0.5,10.0,0.51,10.0,0.45,10.0,0.44,15.0,0.51,5.0,0.52,5.0,0.03,0.06,2324.874295,1776244517000
1776246011.993,11.993,0.45,4.9,0.44,205.0,0.47,5.1,0.48,10.0,0.53,10.0,0.52,10.0,0.55,4.9,0.56,190.0,0.02,0.02,2324.874295,1776244517000
1776246012.438,12.438,0.45,24.9,0.44,205.0,0.47,4.14,0.48,10.0,0.53,5.1,0.52,10.0,0.55,4.9,0.56,205.0,0.02,0.02,2324.874295,1776244517000
1776246013.012,13.012,0.45,209.8,0.44,95.0,0.46,7.46,0.54,17.28,0.53,2.43,0.52,10.0,0.55,24.9,0.56,205.0,0.01,0.02,2324.874295,1776244517000
1776246013.305,13.305,0.52,10.0,0.5,10.0,0.56,7.32,0.57,5.0,0.46,17.28,0.44,10.0,0.55,198.11,0.56,95.0,0.04,0.09,2324.874295,1776244517000
1776246013.771,13.771,0.55,15.0,0.54,15.0,0.61,17.44,0.64,13.89,0.45,11.73,0.44,5.0,0.48,10.0,0.5,10.0,0.06,0.03,2324.874295,1776244517000
1776246014.289,14.289,0.6,15.0,0.59,15.0,0.61,11.6,0.63,10.0,0.39,17.44,0.36,13.89,0.45,15.0,0.46,15.0,0.01,0.06,2324.874295,1776244517000
1776246014.861,14.861,0.6,10.1,0.59,10.0,0.61,4.55,0.62,73.96,0.39,11.6,0.37,10.0,0.4,10.1,0.41,15.0,0.01,0.01,2324.874295,1776244517000
1776246015.088,15.088,0.59,5.0,0.58,10.0,0.61,17.0,0.62,83.96,0.38,73.96,0.37,10.0,0.4,20.0,0.41,10.0,0.02,0.02,2324.874295,1776244517000
1776246015.571,15.571,0.58,5.0,0.57,10.0,0.59,7.0,0.61,15.0,0.39,22.0,0.38,83.96,0.4,2.5,0.41,5.0,0.01,0.01,2324.874295,1776244517000
1776246015.776,15.776,0.58,10.0,0.57,10.0,0.6,13.0,0.61,15.0,0.41,7.0,0.39,15.0,0.43,10.0,0.44,60.0,0.02,0.02,2324.874295,1776244517000
1776246016.833,16.833,0.58,10.0,0.57,240.5,0.59,0.5,0.6,10.5,0.42,7.0,0.4,15.0,0.44,31.0,0.45,15.0,0.01,0.02,2324.874295,1776244517000
1776246017.387,17.387,0.58,15.0,0.57,55.5,0.6,3.13,0.61,45.25,0.4,10.5,0.39,12.47,0.41,2.39,0.42,190.0,0.02,0.01,2324.874295,1776244517000
1776246017.593,17.593,0.59,2.8,0.58,15.0,0.6,3.13,0.61,45.25,0.4,3.13,0.39,45.25,0.41,8.9,0.42,15.0,0.01,0.01,2324.874295,1776244517000
1776246018.305,18.305,0.57,10.0,0.56,190.0,0.58,25.0,0.59,40.5,0.4,3.13,0.39,45.25,0.42,16.78,0.43,65.5,0.01,0.02,2324.874295,1776244517000
1776246019.059,19.059,0.51,55.5,0.5,5.0,0.52,34.13,0.53,30.0,0.42,25.0,0.41,40.5,0.43,10.0,0.44,190.0,0.01,0.01,2324.874295,1776244517000
1776246019.282,19.282,0.51,35.5,0.5,5.0,0.52,34.13,0.53,30.0,0.48,34.13,0.47,30.0,0.49,55.5,0.5,5.0,0.01,0.01,2324.874295,1776244517000
1776246019.525,19.525,0.5,17.0,0.49,30.0,0.51,5.0,0.52,34.13,0.48,34.13,0.47,30.0,0.49,35.5,0.5,5.0,0.01,0.01,2324.874295,1776244517000
1776246019.781,19.781,0.45,24.89,0.44,14.42,0.46,15.0,0.47,25.5,0.49,42.5,0.48,44.63,0.56,18.7,0.57,77.0,0.01,0.07,2324.874295,1776244517000
1776246020.057,20.057,0.43,7.08,0.41,301.78,0.45,25.0,0.46,35.0,0.54,20.0,0.53,44.93,0.56,12.18,0.57,17.5,0.02,0.02,2324.874295,1776244517000
1776246020.519,20.519,0.43,17.08,0.42,237.0,0.44,16.0,0.45,20.0,0.56,16.0,0.55,20.0,0.57,12.08,0.58,57.0,0.01,0.01,2324.874295,1776244517000
1776246021.516,21.516,0.42,254.13,0.41,105.0,0.43,5.34,0.44,10.0,0.54,39.58,0.53,20.5,0.58,244.13,0.59,100.0,0.01,0.04,2324.874295,1776244517000
1776246021.781,21.781,0.43,30.5,0.42,79.13,0.44,7.72,0.45,10.0,0.57,0.34,0.56,10.0,0.58,254.13,0.59,105.0,0.01,0.01,2324.874295,1776244517000
1776246022.076,22.076,0.44,20.5,0.43,205.5,0.46,20.0,0.47,10.0,0.56,7.72,0.55,10.0,0.57,30.5,0.58,79.13,0.02,0.01,2324.874295,1776244517000
1776246022.507,22.507,0.45,16.26,0.44,27.5,0.46,20.0,0.47,15.0,0.54,20.0,0.53,10.0,0.56,20.5,0.57,205.5,0.01,0.02,2324.874295,1776244517000
1776246023.773,23.773,0.45,31.26,0.44,255.78,0.46,67.67,0.47,65.0,0.54,20.0,0.53,15.0,0.55,18.8,0.56,27.5,0.01,0.01,2324.874295,1776244517000
1776246027.82,27.82,0.46,275.5,0.45,85.5,0.48,60.0,0.49,75.5,0.54,67.67,0.53,65.0,0.55,31.26,0.56,255.78,0.02,0.01,2324.874295,1776244517000
1776246029.837,29.837,0.49,272.62,0.48,96.5,0.5,52.64,0.51,71.0,0.52,60.0,0.51,75.5,0.54,275.5,0.55,85.5,0.01,0.02,2324.874295,1776244517000
1776246030.339,30.339,0.49,253.14,0.48,96.5,0.5,0.26,0.51,71.0,0.5,0.26,0.49,71.0,0.51,267.62,0.52,96.5,0.01,0.01,2324.874295,1776244517000
1776246031.186,31.186,0.49,191.12,0.48,96.5,0.5,55.76,0.51,81.5,0.5,0.26,0.49,71.0,0.51,249.14,0.52,96.5,0.01,0.01,2324.874295,1776244517000
1776246031.909,31.909,0.49,234.12,0.48,96.5,0.5,55.76,0.51,81.5,0.5,55.76,0.49,81.5,0.51,191.12,0.52,96.5,0.01,0.01,2324.874295,1776244517000
1776246033.304,33.304,0.49,244.12,0.48,96.5,0.5,0.76,0.51,81.5,0.5,55.76,0.49,81.5,0.51,234.12,0.52,96.5,0.01,0.01,2324.874295,1776244517000
1776246033.674,33.674,0.5,9.24,0.49,284.12,0.53,50.0,0.54,56.0,0.5,0.76,0.49,81.5,0.51,244.12,0.52,96.5,0.03,0.01,2324.874295,1776244517000
1776246034.215,34.215,0.55,16.0,0.54,10.0,0.57,48.24,0.58,50.0,0.47,33.07,0.46,66.5,0.48,13.77,0.49,20.5,0.02,0.01,2324.874295,1776244517000
1776246034.671,34.671,0.56,18.72,0.55,211.5,0.57,88.52,0.58,80.5,0.43,44.02,0.42,50.0,0.44,51.5,0.45,211.5,0.01,0.01,2324.874295,1776244517000
1776246036.667,36.667,0.55,221.5,0.54,75.5,0.56,48.21,0.57,64.74,0.43,88.74,0.42,80.5,0.45,211.5,0.46,15.0,0.01,0.02,2324.874295,1776244517000
1776246038.217,38.217,0.5,70.5,0.49,61.12,0.51,76.78,0.52,85.5,0.44,48.21,0.43,64.74,0.45,219.27,0.46,75.5,0.01,0.01,2324.874295,1776244517000
1776246038.68,38.68,0.5,70.5,0.49,61.12,0.51,68.6,0.52,85.5,0.49,76.78,0.48,85.5,0.5,70.5,0.51,61.12,0.01,0.01,2324.874295,1776244517000
1776246040.607,40.607,0.5,50.5,0.49,61.12,0.51,88.6,0.52,85.5,0.49,68.6,0.48,85.5,0.5,70.5,0.51,61.12,0.01,0.01,2324.874295,1776244517000
1776246041.451,41.451,0.5,10.5,0.49,61.12,0.51,91.61,0.52,85.5,0.49,88.6,0.48,85.5,0.5,50.5,0.51,61.12,0.01,0.01,2324.874295,1776244517000
1776246042.155,42.155,0.5,10.5,0.49,61.12,0.51,84.61,0.52,85.5,0.49,91.61,0.48,85.5,0.5,10.5,0.51,61.12,0.01,0.01,2324.874295,1776244517000
1776246045.394,45.394,0.5,265.5,0.49,71.12,0.51,14.9,0.52,15.0,0.49,39.1,0.48,85.5,0.5,10.5,0.51,61.12,0.01,0.01,2324.874295,1776244517000
1776246046.482,46.482,0.5,364.49,0.49,76.33,0.51,4.9,0.52,5.0,0.49,14.9,0.48,15.0,0.5,265.5,0.51,71.12,0.01,0.01,2324.874295,1776244517000
1776246047.269,47.269,0.55,15.0,0.54,80.5,0.56,103.71,0.57,66.74,0.44,5.0,0.43,54.74,0.5,359.49,0.51,76.33,0.01,0.06,2324.874295,1776244517000
1776246048.266,48.266,0.53,3.51,0.52,85.5,0.54,25.5,0.55,25.5,0.44,83.14,0.43,66.74,0.45,15.0,0.46,80.5,0.01,0.01,2324.874295,1776244517000
1776246048.873,48.873,0.5,78.72,0.49,74.12,0.52,50.5,0.53,95.5,0.46,25.5,0.45,25.5,0.47,3.51,0.48,85.5,0.02,0.01,2324.874295,1776244517000
1776246049.929,49.929,0.49,286.62,0.48,75.5,0.5,17.96,0.51,5.0,0.48,50.5,0.47,95.5,0.5,38.72,0.51,74.12,0.01,0.02,2324.874295,1776244517000
1776246051.054,51.054,0.53,85.0,0.52,270.5,0.54,88.39,0.55,75.5,0.48,5.0,0.47,10.0,0.51,281.62,0.52,75.5,0.01,0.03,2324.874295,1776244517000
1776246051.421,51.421,0.52,255.0,0.51,80.5,0.54,145.25,0.55,82.5,0.46,88.39,0.45,75.5,0.47,85.0,0.48,270.5,0.02,0.01,2324.874295,1776244517000
1776246052.191,52.191,0.52,68.75,0.51,265.5,0.53,30.0,0.54,121.69,0.46,121.69,0.45,82.5,0.48,255.0,0.49,80.5,0.01,0.02,2324.874295,1776244517000
1776246054.254,54.254,0.52,269.25,0.51,135.5,0.55,55.0,0.56,99.78,0.47,30.0,0.46,121.69,0.48,68.75,0.49,265.5,0.03,0.01,2324.874295,1776244517000
1776246054.76,54.76,0.52,261.42,0.51,130.5,0.54,129.34,0.55,75.5,0.45,65.0,0.44,99.78,0.48,271.95,0.49,135.5,0.02,0.03,2324.874295,1776244517000
1776246055.035,55.035,0.53,2.57,0.52,261.42,0.54,114.34,0.55,75.5,0.46,129.34,0.45,75.5,0.48,261.42,0.49,130.5,0.01,0.02,2324.874295,1776244517000
1776246055.442,55.442,0.53,75.5,0.52,261.42,0.55,83.18,0.56,82.5,0.45,70.0,0.44,99.78,0.47,105.07,0.48,256.42,0.02,0.02,2324.874295,1776244517000
1776246056.416,56.416,0.54,301.55,0.53,105.5,0.55,103.43,0.56,89.28,0.45,83.18,0.44,82.5,0.47,75.5,0.48,261.42,0.01,0.02,2324.874295,1776244517000
1776246056.81,56.81,0.54,275.52,0.53,105.5,0.55,65.0,0.56,89.28,0.45,103.43,0.44,89.28,0.46,301.55,0.47,105.5,0.01,0.01,2324.874295,1776244517000
1776246057.318,57.318,0.55,130.5,0.54,265.52,0.56,5.85,0.58,62.0,0.45,65.0,0.44,89.28,0.46,275.52,0.47,105.5,0.01,0.01,2324.874295,1776244517000
1776246057.612,57.612,0.57,25.0,0.56,130.5,0.58,53.27,0.59,80.5,0.44,0.85,0.42,62.0,0.45,305.5,0.46,85.52,0.01,0.01,2324.874295,1776244517000
1776246058.37,58.37,0.58,80.0,0.57,240.0,0.59,56.61,0.6,72.5,0.42,53.27,0.41,80.5,0.43,25.0,0.44,130.5,0.01,0.01,2324.874295,1776244517000
1776246059.908,59.908,0.58,48.09,0.57,220.5,0.59,56.61,0.6,72.5,0.41,56.61,0.4,72.5,0.42,80.0,0.43,240.0,0.01,0.01,2324.874295,1776244517000
1776246060.345,60.345,0.58,39.51,0.57,215.5,0.59,56.61,0.6,77.5,0.41,56.61,0.4,72.5,0.42,48.09,0.43,220.5,0.01,0.01,2324.874295,1776244517000
1776246060.79,60.79,0.58,44.51,0.57,265.5,0.59,27.95,0.6,77.5,0.41,51.52,0.4,77.5,0.42,44.51,0.43,215.5,0.01,0.01,2324.874295,1776244517000
1776246061.214,61.214,0.63,307.72,0.62,180.0,0.66,3.89,0.67,10.0,0.41,22.95,0.4,77.5,0.42,37.51,0.43,265.5,0.03,0.01,2324.874295,1776244517000
1776246061.562,61.562,0.72,30.5,0.71,27.05,0.73,5.9,0.74,19.0,0.27,29.14,0.26,79.5,0.29,11.55,0.3,15.0,0.01,0.02,2324.874295,1776244517000
1776246061.808,61.808,0.73,55.5,0.72,45.5,0.74,9.83,0.75,10.0,0.26,17.51,0.25,13.0,0.28,30.5,0.29,27.05,0.01,0.02,2324.874295,1776244517000
1776246062.152,62.152,0.74,6.15,0.73,77.5,0.75,26.5,0.76,65.5,0.25,10.0,0.24,65.5,0.27,55.5,0.28,50.5,0.01,0.02,2324.874295,1776244517000
1776246062.497,62.497,0.74,11.15,0.73,77.5,0.75,16.0,0.76,65.5,0.25,26.5,0.24,65.5,0.26,6.15,0.27,77.5,0.01,0.01,2324.874295,1776244517000
1776246063.067,63.067,0.74,4.58,0.73,77.5,0.75,16.0,0.76,77.5,0.25,16.0,0.24,65.5,0.26,11.15,0.27,77.5,0.01,0.01,2324.874295,1776244517000
1776246063.412,63.412,0.74,3.1,0.73,10.0,0.75,165.0,0.76,95.5,0.25,16.0,0.24,77.5,0.26,4.58,0.27,77.5,0.01,0.01,2324.874295,1776244517000
1776246063.62,63.62,0.72,12.0,0.71,22.05,0.73,36.0,0.74,69.4,0.26,29.9,0.25,47.0,0.28,10.0,0.29,11.55,0.01,0.02,2324.874295,1776244517000
1776246063.953,63.953,0.71,27.05,0.7,15.0,0.72,10.0,0.73,155.0,0.27,155.0,0.26,20.4,0.28,2.0,0.29,27.05,0.01,0.01,2324.874295,1776244517000
1776246064.245,64.245,0.64,6.96,0.63,240.0,0.65,25.0,0.66,31.0,0.28,10.0,0.27,155.0,0.29,27.05,0.3,15.0,0.01,0.01,2324.874295,1776244517000
1776246064.573,64.573,0.64,201.96,0.63,65.0,0.68,21.0,0.69,12.0,0.35,25.0,0.34,31.0,0.36,6.96,0.37,240.0,0.04,0.01,2324.874295,1776244517000
1776246064.926,64.926,0.67,70.0,0.66,60.0,0.68,87.64,0.69,17.0,0.32,21.0,0.31,12.0,0.36,201.96,0.37,65.0,0.01,0.04,2324.874295,1776244517000
1776246065.209,65.209,0.67,70.6,0.66,65.0,0.68,67.64,0.69,17.0,0.32,87.64,0.31,17.0,0.33,70.0,0.34,60.0,0.01,0.01,2324.874295,1776244517000
1776246065.528,65.528,0.67,70.6,0.66,245.0,0.68,55.2,0.69,17.0,0.32,60.28,0.31,17.0,0.33,70.6,0.34,245.0,0.01,0.01,2324.874295,1776244517000
1776246065.918,65.918,0.67,64.35,0.66,245.0,0.68,55.2,0.69,22.0,0.32,55.2,0.31,17.0,0.33,70.6,0.34,245.0,0.01,0.01,2324.874295,1776244517000
1776246067.108,67.108,0.67,86.35,0.66,245.0,0.68,11.0,0.69,5.0,0.32,55.2,0.31,22.0,0.33,64.35,0.34,245.0,0.01,0.01,2324.874295,1776244517000
1776246067.527,67.527,0.67,64.21,0.66,245.0,0.68,3.7,0.69,5.0,0.32,3.7,0.31,5.0,0.33,86.35,0.34,245.0,0.01,0.01,2324.874295,1776244517000
1776246070.04,70.04,0.67,54.17,0.66,245.0,0.68,0.43,0.69,61.0,0.32,3.7,0.31,5.0,0.33,66.17,0.34,245.0,0.01,0.01,2324.874295,1776244517000
1776246070.302,70.302,0.67,44.17,0.66,245.0,0.68,0.43,0.69,6.0,0.32,0.43,0.31,61.0,0.33,54.17,0.34,245.0,0.01,0.01,2324.874295,1776244517000
1776246072.407,72.407,0.67,40.5,0.66,245.0,0.7,59.04,0.71,56.44,0.32,0.43,0.31,6.0,0.33,44.17,0.34,245.0,0.03,0.01,2324.874295,1776244517000
1776246072.89,72.89,0.66,9.11,0.65,75.5,0.68,35.0,0.69,27.0,0.3,59.04,0.29,56.44,0.33,40.5,0.34,245.0,0.02,0.03,2324.874295,1776244517000
1776246073.102,73.102,0.65,77.64,0.64,154.89,0.66,92.0,0.67,20.0,0.32,35.0,0.31,27.0,0.34,9.11,0.35,75.5,0.01,0.02,2324.874295,1776244517000
1776246074.77,74.77,0.65,82.64,0.64,334.89,0.66,5.0,0.67,5.0,0.34,92.0,0.33,20.0,0.35,77.64,0.36,154.89,0.01,0.01,2324.874295,1776244517000
1776246077.519,77.519,0.65,267.64,0.64,159.89,0.67,60.0,0.68,75.5,0.34,5.0,0.33,5.0,0.35,82.64,0.36,334.89,0.02,0.01,2324.874295,1776244517000
1776246078.093,78.093,0.64,147.93,0.63,65.0,0.66,70.0,0.67,107.0,0.33,60.0,0.32,75.5,0.35,267.64,0.36,159.89,0.02,0.02,2324.874295,1776244517000
1776246078.862,78.862,0.65,30.5,0.64,342.93,0.66,12.15,0.67,117.5,0.34,70.0,0.33,107.0,0.36,147.93,0.37,65.0,0.01,0.02,2324.874295,1776244517000
1776246079.961,79.961,0.64,71.43,0.62,10.0,0.65,308.5,0.66,75.5,0.34,15.0,0.33,117.5,0.35,25.5,0.36,342.93,0.01,0.01,2324.874295,1776244517000
1776246080.736,80.736,0.62,82.86,0.61,130.5,0.63,10.0,0.64,75.5,0.35,308.5,0.34,75.5,0.38,10.0,0.39,105.0,0.01,0.03,2324.874295,1776244517000
1776246082.249,82.249,0.63,30.51,0.62,87.86,0.64,15.5,0.65,85.5,0.37,10.0,0.36,75.5,0.38,82.86,0.39,130.5,0.01,0.01,2324.874295,1776244517000
1776246082.956,82.956,0.63,296.01,0.62,82.86,0.65,1.01,0.66,65.5,0.36,15.5,0.35,85.5,0.37,30.51,0.38,87.86,0.02,0.01,2324.874295,1776244517000
1776246083.883,83.883,0.65,9.99,0.64,285.5,0.68,60.5,0.69,69.0,0.35,1.01,0.34,65.5,0.37,296.01,0.38,82.86,0.03,0.02,2324.874295,1776244517000
1776246084.166,84.166,0.71,86.0,0.7,84.83,0.72,50.26,0.73,62.4,0.28,60.5,0.27,62.4,0.3,73.83,0.31,92.5,0.01,0.02,2324.874295,1776244517000
1776246084.785,84.785,0.74,28.46,0.73,15.0,0.75,55.0,0.76,60.5,0.28,50.26,0.27,62.4,0.29,86.0,0.3,84.83,0.01,0.01,2324.874295,1776244517000
1776246085.063,85.063,0.74,0.61,0.73,21.0,0.75,66.0,0.76,60.5,0.25,55.0,0.24,60.5,0.26,28.46,0.27,15.0,0.01,0.01,2324.874295,1776244517000
1776246085.706,85.706,0.74,17.0,0.73,46.0,0.75,81.5,0.76,245.5,0.25,66.0,0.24,60.5,0.26,0.61,0.27,21.0,0.01,0.01,2324.874295,1776244517000
1776246089.214,89.214,0.74,5.36,0.73,46.0,0.75,91.5,0.76,255.5,0.25,76.5,0.24,245.5,0.26,21.23,0.27,46.0,0.01,0.01,2324.874295,1776244517000
1776246091.274,91.274,0.76,89.0,0.75,38.5,0.77,55.26,0.78,65.5,0.25,91.5,0.24,255.5,0.26,5.36,0.27,46.0,0.01,0.01,2324.874295,1776244517000
1776246092.059,92.059,0.76,54.83,0.75,268.5,0.77,70.26,0.78,65.5,0.23,55.26,0.22,65.5,0.24,89.0,0.25,38.5,0.01,0.01,2324.874295,1776244517000
1776246093.072,93.072,0.76,46.16,0.75,268.5,0.77,65.26,0.78,65.5,0.23,70.26,0.22,65.5,0.24,54.83,0.25,268.5,0.01,0.01,2324.874295,1776244517000
1776246093.644,93.644,0.76,52.49,0.75,268.5,0.77,65.26,0.78,65.5,0.23,65.26,0.22,65.5,0.24,46.16,0.25,268.5,0.01,0.01,2324.874295,1776244517000
1776246094.22,94.22,0.76,42.07,0.75,268.5,0.77,60.26,0.78,65.5,0.23,65.26,0.22,65.5,0.24,52.49,0.25,268.5,0.01,0.01,2324.874295,1776244517000
1776246094.793,94.793,0.76,137.5,0.75,268.5,0.77,49.76,0.78,65.5,0.23,60.26,0.22,65.5,0.24,42.07,0.25,268.5,0.01,0.01,2324.874295,1776244517000
1776246095.0,95.0,0.76,132.5,0.75,268.5,0.77,47.25,0.78,76.5,0.23,49.76,0.22,65.5,0.24,137.5,0.25,268.5,0.01,0.01,2324.874295,1776244517000
1776246098.296,98.296,0.78,9.0,0.77,161.5,0.79,75.5,0.8,102.06,0.23,47.25,0.22,76.5,0.24,132.5,0.25,268.5,0.01,0.01,2324.874295,1776244517000
1776246099.341,99.341,0.79,106.5,0.78,305.5,0.8,34.56,0.81,65.5,0.21,75.5,0.2,102.06,0.22,9.0,0.23,161.5,0.01,0.01,2324.874295,1776244517000
1776246099.678,99.678,0.79,166.5,0.78,305.5,0.8,7.23,0.81,15.5,0.2,34.56,0.19,65.5,0.21,106.5,0.22,305.5,0.01,0.01,2324.874295,1776244517000
1776246101.05,101.05,0.8,8.77,0.79,351.5,0.81,5.0,0.82,75.5,0.2,7.23,0.19,15.5,0.21,166.5,0.22,305.5,0.01,0.01,2324.874295,1776244517000
1776246101.411,101.411,0.8,91.0,0.79,116.0,0.81,80.57,0.82,75.5,0.19,5.0,0.18,75.5,0.2,8.77,0.21,351.5,0.01,0.01,2324.874295,1776244517000
1776246103.083,103.083,0.8,113.41,0.79,96.5,0.81,25.57,0.82,245.5,0.19,80.57,0.18,75.5,0.2,91.0,0.21,116.0,0.01,0.01,2324.874295,1776244517000
1776246103.599,103.599,0.8,108.41,0.79,96.5,0.81,24.15,0.82,245.5,0.19,25.57,0.18,245.5,0.2,113.41,0.21,96.5,0.01,0.01,2324.874295,1776244517000
1776246106.912,106.912,0.8,284.91,0.79,101.5,0.81,5.0,0.82,5.0,0.19,24.15,0.18,245.5,0.2,108.41,0.21,96.5,0.01,0.01,2324.874295,1776244517000
1776246107.278,107.278,0.81,10.0,0.8,119.91,0.82,5.0,0.83,72.5,0.19,5.0,0.18,5.0,0.2,284.91,0.21,101.5,0.01,0.01,2324.874295,1776244517000
1776246107.638,107.638,0.81,121.76,0.8,81.5,0.82,12.0,0.83,72.5,0.18,5.0,0.17,72.5,0.19,10.0,0.2,119.91,0.01,0.01,2324.874295,1776244517000
1776246109.298,109.298,0.81,19.54,0.8,76.5,0.82,295.11,0.83,90.5,0.18,12.0,0.17,72.5,0.19,121.76,0.2,81.5,0.01,0.01,2324.874295,1776244517000
1776246112.235,112.235,0.82,10.0,0.81,194.04,0.83,33.0,0.84,20.5,0.18,295.11,0.17,90.5,0.19,19.54,0.2,76.5,0.01,0.01,2324.874295,1776244517000
1776246112.85,112.85,0.84,79.5,0.83,225.5,0.85,21.28,0.88,10.5,0.17,20.94,0.16,20.5,0.18,45.0,0.19,144.04,0.01,0.01,2324.874295,1776244517000
1776246113.384,113.384,0.86,146.5,0.85,20.5,0.89,18.0,0.9,230.5,0.15,0.4,0.1,280.0,0.16,309.5,0.17,75.5,0.03,0.01,2324.874295,1776244517000
1776246113.926,113.926,0.88,85.5,0.87,27.5,0.89,14.82,0.9,330.5,0.11,18.0,0.1,230.5,0.14,146.5,0.15,20.5,0.01,0.03,2324.874295,1776244517000
1776246114.468,114.468,0.89,57.18,0.88,60.5,0.9,275.6,0.91,324.0,0.11,14.82,0.1,330.5,0.12,85.5,0.13,27.5,0.01,0.01,2324.874295,1776244517000
1776246114.847,114.847,0.89,112.18,0.88,110.5,0.9,273.6,0.91,324.0,0.1,275.6,0.09,324.0,0.11,57.18,0.12,60.5,0.01,0.01,2324.874295,1776244517000
1776246115.26,115.26,0.89,112.18,0.88,110.5,0.9,234.48,0.91,319.0,0.1,273.6,0.09,324.0,0.11,112.18,0.12,110.5,0.01,0.01,2324.874295,1776244517000
1776246115.619,115.619,0.89,117.18,0.88,115.5,0.9,242.21,0.91,367.0,0.1,234.48,0.09,319.0,0.11,112.18,0.12,110.5,0.01,0.01,2324.874295,1776244517000
1776246115.909,115.909,0.89,122.18,0.88,115.5,0.9,254.89,0.91,372.0,0.1,242.21,0.09,367.0,0.11,117.18,0.12,115.5,0.01,0.01,2324.874295,1776244517000
1776246116.266,116.266,0.89,108.54,0.88,115.5,0.9,238.89,0.91,372.0,0.1,254.89,0.09,372.0,0.11,122.18,0.12,115.5,0.01,0.01,2324.874295,1776244517000
1776246116.587,116.587,0.89,110.9,0.88,110.5,0.9,238.89,0.91,372.0,0.1,238.89,0.09,372.0,0.11,108.54,0.12,115.5,0.01,0.01,2324.874295,1776244517000
1776246117.205,117.205,0.89,102.26,0.88,110.5,0.9,280.89,0.91,372.0,0.1,238.89,0.09,372.0,0.11,110.9,0.12,110.5,0.01,0.01,2324.874295,1776244517000
1776246117.669,117.669,0.89,97.26,0.88,110.5,0.9,232.97,0.91,372.0,0.1,280.89,0.09,372.0,0.11,102.26,0.12,110.5,0.01,0.01,2324.874295,1776244517000
1776246118.262,118.262,0.89,88.62,0.88,110.5,0.9,256.97,0.91,372.0,0.1,232.97,0.09,372.0,0.11,97.26,0.12,110.5,0.01,0.01,2324.874295,1776244517000
1776246118.601,118.601,0.89,87.24,0.88,110.5,0.9,257.97,0.91,372.0,0.1,249.97,0.09,372.0,0.11,56.34,0.12,110.5,0.01,0.01,2324.874295,1776244517000
1776246118.974,118.974,0.89,92.24,0.88,110.5,0.9,198.99,0.91,372.0,0.1,257.97,0.09,372.0,0.11,87.24,0.12,110.5,0.01,0.01,2324.874295,1776244517000
1776246119.922,119.922,0.89,107.74,0.88,110.5,0.9,185.99,0.91,273.0,0.1,198.99,0.09,372.0,0.11,92.24,0.12,110.5,0.01,0.01,2324.874295,1776244517000
1776246120.553,120.553,0.89,94.1,0.88,110.5,0.9,185.99,0.91,225.0,0.1,185.99,0.09,273.0,0.11,107.74,0.12,110.5,0.01,0.01,2324.874295,1776244517000
1776246121.006,121.006,0.89,94.1,0.88,80.5,0.9,159.87,0.91,230.0,0.1,155.99,0.09,225.0,0.11,89.1,0.12,110.5,0.01,0.01,2324.874295,1776244517000
1776246121.255,121.255,0.89,71.82,0.88,122.72,0.9,129.87,0.91,205.0,0.1,154.87,0.09,230.0,0.11,75.46,0.12,80.5,0.01,0.01,2324.874295,1776244517000
1776246121.782,121.782,0.89,76.82,0.88,122.72,0.9,124.31,0.91,205.0,0.1,129.87,0.09,205.0,0.11,71.82,0.12,122.72,0.01,0.01,2324.874295,1776244517000
1776246122.264,122.264,0.89,141.82,0.88,92.72,0.9,39.29,0.91,205.0,0.1,124.31,0.09,205.0,0.11,76.82,0.12,122.72,0.01,0.01,2324.874295,1776244517000
1776246122.874,122.874,0.89,114.54,0.88,92.72,0.9,39.29,0.91,205.0,0.1,39.29,0.09,205.0,0.11,123.18,0.12,92.72,0.01,0.01,2324.874295,1776244517000
1776246125.491,125.491,0.89,118.12,0.88,80.5,0.9,7.88,0.91,385.0,0.1,39.29,0.09,205.0,0.11,105.9,0.12,92.72,0.01,0.01,2324.874295,1776244517000
1776246125.82,125.82,0.87,268.29,0.86,176.4,0.9,7.88,0.91,385.0,0.1,7.88,0.09,385.0,0.11,118.12,0.12,80.5,0.03,0.01,2324.874295,1776244517000
1776246126.058,126.058,0.89,45.0,0.88,75.5,0.91,412.22,0.92,60.0,0.09,385.0,0.08,15.0,0.1,12.02,0.13,409.29,0.02,0.01,2324.874295,1776244517000
1776246126.582,126.582,0.9,65.0,0.89,45.0,0.91,408.22,0.92,65.0,0.09,412.22,0.08,60.0,0.11,45.0,0.12,75.5,0.01,0.02,2324.874295,1776244517000
1776246127.086,127.086,0.9,60.0,0.89,45.0,0.91,413.22,0.92,65.0,0.09,408.22,0.08,65.0,0.1,65.0,0.11,45.0,0.01,0.01,2324.874295,1776244517000
1776246130.037,130.037,0.9,132.02,0.89,31.5,0.91,415.67,0.92,75.0,0.09,413.22,0.08,65.0,0.1,60.0,0.11,45.0,0.01,0.01,2324.874295,1776244517000
1776246131.486,131.486,0.9,112.02,0.89,24.0,0.91,401.56,0.92,75.0,0.09,405.34,0.08,75.0,0.1,132.02,0.11,31.5,0.01,0.01,2324.874295,1776244517000
1776246133.29,133.29,0.9,68.71,0.89,36.02,0.91,360.56,0.92,75.0,0.09,401.56,0.08,75.0,0.1,112.02,0.11,24.0,0.01,0.01,2324.874295,1776244517000
1776246135.683,135.683,0.9,371.5,0.89,81.5,0.91,137.32,0.93,190.0,0.09,360.56,0.08,75.0,0.1,68.71,0.11,36.02,0.01,0.01,2324.874295,1776244517000
1776246136.531,136.531,0.9,375.5,0.89,118.29,0.91,116.61,0.93,190.0,0.09,127.6,0.07,190.0,0.1,366.5,0.11,81.5,0.01,0.01,2324.874295,1776244517000
1776246136.932,136.932,0.9,405.5,0.89,118.29,0.91,66.61,0.93,190.0,0.09,116.61,0.07,190.0,0.1,375.5,0.11,118.29,0.01,0.01,2324.874295,1776244517000
1776246137.242,137.242,0.9,410.5,0.89,118.29,0.91,15.51,0.94,256.09,0.09,65.51,0.06,256.09,0.1,405.5,0.11,118.29,0.01,0.01,2324.874295,1776244517000
1776246141.127,141.127,0.9,374.5,0.89,118.29,0.91,12.49,0.93,190.0,0.09,15.51,0.06,256.09,0.1,410.5,0.11,118.29,0.01,0.01,2324.874295,1776244517000
1776246143.735,143.735,0.9,375.5,0.89,112.29,0.91,11.39,0.93,190.0,0.09,12.49,0.07,190.0,0.1,374.5,0.11,118.29,0.01,0.01,2324.874295,1776244517000
1776246145.535,145.535,0.9,359.5,0.89,112.29,0.91,11.39,0.93,190.0,0.09,11.39,0.07,190.0,0.1,375.5,0.11,112.29,0.01,0.01,2324.874295,1776244517000
1776246145.89,145.89,0.9,345.5,0.89,112.29,0.91,7.19,0.93,190.0,0.09,11.39,0.07,190.0,0.1,359.5,0.11,112.29,0.01,0.01,2324.874295,1776244517000
1776246146.251,146.251,0.9,350.5,0.89,112.29,0.93,188.03,0.94,81.14,0.09,7.19,0.07,190.0,0.1,345.5,0.11,112.29,0.03,0.01,2324.874295,1776244517000
1776246147.259,147.259,0.92,14.14,0.91,60.0,0.93,252.45,0.94,108.14,0.07,188.03,0.06,81.14,0.1,350.5,0.11,112.29,0.01,0.03,2324.874295,1776244517000
1776246147.541,147.541,0.91,6.0,0.9,95.0,0.92,105.0,0.93,263.45,0.07,252.45,0.06,108.14,0.09,60.0,0.1,105.0,0.01,0.02,2324.874295,1776244517000
1776246148.28,148.28,0.9,139.0,0.89,112.29,0.91,15.0,0.92,44.0,0.08,100.0,0.07,263.45,0.1,95.0,0.11,112.29,0.01,0.02,2324.874295,1776244517000
1776246149.179,149.179,0.9,134.0,0.89,112.29,0.91,10.0,0.92,49.0,0.09,15.0,0.08,44.0,0.1,139.0,0.11,112.29,0.01,0.01,2324.874295,1776244517000
1776246149.622,149.622,0.9,134.0,0.89,112.29,0.92,87.15,0.93,85.42,0.09,10.0,0.08,49.0,0.1,134.0,0.11,112.29,0.02,0.01,2324.874295,1776244517000
1776246150.741,150.741,0.9,129.8,0.89,119.29,0.91,9.67,0.92,87.15,0.08,87.15,0.07,85.42,0.1,123.8,0.11,112.29,0.01,0.02,2324.874295,1776244517000
1776246153.137,153.137,0.91,15.0,0.9,100.8,0.92,256.71,0.93,79.42,0.09,9.67,0.08,87.15,0.1,129.8,0.11,119.29,0.01,0.01,2324.874295,1776244517000
1776246156.323,156.323,0.91,13.88,0.9,84.8,0.92,261.71,0.93,79.42,0.08,256.71,0.07,79.42,0.09,15.0,0.1,100.8,0.01,0.01,2324.874295,1776244517000
1776246157.915,157.915,0.91,13.88,0.9,84.8,0.92,260.62,0.93,79.42,0.08,261.71,0.07,79.42,0.09,13.88,0.1,84.8,0.01,0.01,2324.874295,1776244517000
1776246158.178,158.178,0.9,37.29,0.89,125.29,0.92,260.62,0.93,79.42,0.08,260.62,0.07,79.42,0.09,13.88,0.1,84.8,0.02,0.01,2324.874295,1776244517000
1776246158.658,158.658,0.91,14.0,0.9,87.29,0.92,233.88,0.93,79.42,0.08,260.62,0.07,79.42,0.1,37.29,0.11,125.29,0.01,0.02,2324.874295,1776244517000
1776246159.001,159.001,0.91,31.94,0.9,87.29,0.92,232.79,0.93,79.42,0.08,233.88,0.07,79.42,0.09,14.0,0.1,87.29,0.01,0.01,2324.874295,1776244517000
1776246159.95,159.95,0.91,20.96,0.9,87.29,0.92,237.79,0.93,79.42,0.08,232.79,0.07,79.42,0.09,31.94,0.1,87.29,0.01,0.01,2324.874295,1776244517000
1776246161.889,161.889,0.91,20.96,0.9,97.79,0.92,232.51,0.93,79.42,0.08,237.79,0.07,79.42,0.09,20.96,0.1,87.29,0.01,0.01,2324.874295,1776244517000
1776246162.22,162.22,0.91,20.96,0.9,97.79,0.92,205.77,0.93,79.42,0.08,232.51,0.07,79.42,0.09,20.96,0.1,97.79,0.01,0.01,2324.874295,1776244517000
1776246166.892,166.892,0.93,20.0,0.92,315.9,0.94,13.08,0.95,260.0,0.08,160.26,0.07,79.42,0.09,20.96,0.1,97.79,0.01,0.01,2324.874295,1776244517000
1776246167.603,167.603,0.93,46.42,0.92,315.9,0.94,13.08,0.95,210.0,0.06,13.08,0.05,260.0,0.07,20.0,0.08,315.9,0.01,0.01,2324.874295,1776244517000
1776246170.578,170.578,0.94,242.8,0.93,462.3,0.95,8.94,0.96,376.0,0.06,13.08,0.05,210.0,0.07,46.42,0.08,315.9,0.01,0.01,2324.874295,1776244517000
1776246170.799,170.799,0.94,237.8,0.93,462.3,0.95,5.81,0.96,376.0,0.05,8.94,0.04,376.0,0.06,242.8,0.07,462.3,0.01,0.01,2324.874295,1776244517000
1776246172.934,172.934,0.94,38.02,0.93,342.3,0.95,5.81,0.96,370.0,0.05,5.81,0.04,376.0,0.06,237.8,0.07,462.3,0.01,0.01,2324.874295,1776244517000
1776246173.76,173.76,0.95,19.19,0.94,498.82,0.96,25.0,0.97,311.0,0.05,5.81,0.04,370.0,0.06,38.02,0.07,342.3,0.01,0.01,2324.874295,1776244517000
1776246175.419,175.419,0.95,227.99,0.94,361.82,0.96,34.41,0.97,522.0,0.04,25.0,0.03,311.0,0.05,19.19,0.06,498.82,0.01,0.01,2324.874295,1776244517000
1776246176.669,176.669,0.95,192.99,0.94,371.82,0.96,34.41,0.97,500.0,0.04,34.41,0.03,522.0,0.05,227.99,0.06,361.82,0.01,0.01,2324.874295,1776244517000
1776246177.434,177.434,0.95,192.99,0.94,371.82,0.97,486.0,0.98,651.3,0.04,34.41,0.03,500.0,0.05,192.99,0.06,371.82,0.02,0.01,2324.874295,1776244517000
1776246179.105,179.105,0.96,172.72,0.95,165.99,0.97,524.66,0.98,535.3,0.03,486.0,0.02,651.3,0.05,192.99,0.06,371.82,0.01,0.02,2324.874295,1776244517000
1776246181.526,181.526,0.96,146.7,0.95,164.99,0.97,324.04,0.98,665.3,0.03,524.66,0.02,535.3,0.04,172.72,0.05,165.99,0.01,0.01,2324.874295,1776244517000
1776246182.069,182.069,0.96,254.7,0.95,164.99,0.97,290.04,0.98,1069.3,0.03,324.04,0.02,665.3,0.04,146.7,0.05,164.99,0.01,0.01,2324.874295,1776244517000
1776246183.275,183.275,0.96,260.7,0.95,164.99,0.97,270.04,0.98,831.6,0.03,290.04,0.02,1069.3,0.04,254.7,0.05,164.99,0.01,0.01,2324.874295,1776244517000
1776246183.641,183.641,0.96,97.7,0.95,164.99,0.97,270.04,0.98,831.6,0.03,270.04,0.02,831.6,0.04,260.7,0.05,164.99,0.01,0.01,2324.874295,1776244517000
1776246184.238,184.238,0.96,152.7,0.95,164.99,0.97,256.04,0.98,831.6,0.03,270.04,0.02,831.6,0.04,97.7,0.05,164.99,0.01,0.01,2324.874295,1776244517000
1776246188.309,188.309,0.96,14.0,0.95,80.8,0.97,261.04,0.98,485.3,0.03,256.04,0.02,831.6,0.04,152.7,0.05,164.99,0.01,0.01,2324.874295,1776244517000
1776246188.81,188.81,0.95,105.8,0.94,215.8,0.97,266.04,0.98,535.3,0.03,261.04,0.02,485.3,0.04,14.0,0.05,80.8,0.02,0.01,2324.874295,1776244517000
1776246189.612,189.612,0.95,185.8,0.94,195.8,0.96,131.9,0.97,311.04,0.03,266.04,0.02,535.3,0.05,105.8,0.06,215.8,0.01,0.02,2324.874295,1776244517000
1776246190.001,190.001,0.95,185.8,0.94,260.8,0.96,190.83,0.97,306.04,0.04,28.82,0.03,306.04,0.05,185.8,0.06,195.8,0.01,0.01,2324.874295,1776244517000
1776246191.305,191.305,0.95,174.82,0.94,260.8,0.96,183.74,0.97,306.04,0.04,190.83,0.03,306.04,0.05,174.82,0.06,260.8,0.01,0.01,2324.874295,1776244517000
1776246192.587,192.587,0.95,174.82,0.94,255.8,0.96,162.9,0.97,306.04,0.04,183.74,0.03,306.04,0.05,174.82,0.06,260.8,0.01,0.01,2324.874295,1776244517000
1776246192.892,192.892,0.95,134.82,0.94,255.8,0.96,162.9,0.97,256.04,0.04,162.9,0.03,306.04,0.05,174.82,0.06,255.8,0.01,0.01,2324.874295,1776244517000
1776246193.244,193.244,0.95,131.52,0.94,255.8,0.96,162.9,0.97,256.04,0.04,162.9,0.03,256.04,0.05,134.82,0.06,255.8,0.01,0.01,2324.874295,1776244517000
1776246193.968,193.968,0.95,131.52,0.94,251.8,0.96,152.33,0.97,251.04,0.04,158.73,0.03,256.04,0.05,131.52,0.06,255.8,0.01,0.01,2324.874295,1776244517000
1776246194.981,194.981,0.95,105.0,0.94,201.8,0.96,137.18,0.97,251.04,0.04,138.33,0.03,251.04,0.05,131.52,0.06,251.8,0.01,0.01,2324.874295,1776244517000
1776246196.193,196.193,0.95,115.0,0.94,251.8,0.96,19.79,0.97,301.04,0.04,137.18,0.03,251.04,0.05,105.0,0.06,201.8,0.01,0.01,2324.874295,1776244517000
1776246196.707,196.707,0.95,195.8,0.94,251.8,0.96,18.74,0.97,301.04,0.04,19.79,0.03,301.04,0.05,115.0,0.06,251.8,0.01,0.01,2324.874295,1776244517000
1776246197.952,197.952,0.95,144.82,0.94,151.8,0.96,8.74,0.97,256.04,0.04,18.74,0.03,301.04,0.05,195.8,0.06,251.8,0.01,0.01,2324.874295,1776244517000
1776246198.681,198.681,0.95,234.82,0.94,149.3,0.97,217.38,0.98,301.6,0.04,8.74,0.03,256.04,0.05,144.82,0.06,151.8,0.02,0.01,2324.874295,1776244517000
1776246200.615,200.615,0.96,320.7,0.95,336.82,0.97,240.42,0.98,301.6,0.03,217.38,0.02,301.6,0.05,234.82,0.06,149.3,0.01,0.02,2324.874295,1776244517000
1776246201.83,201.83,0.96,183.7,0.95,259.82,0.97,230.42,0.98,296.6,0.03,240.42,0.02,301.6,0.04,320.7,0.05,336.82,0.01,0.01,2324.874295,1776244517000
1776246203.157,203.157,0.96,193.7,0.95,269.82,0.97,238.42,0.98,596.6,0.03,230.42,0.02,296.6,0.04,183.7,0.05,259.82,0.01,0.01,2324.874295,1776244517000
1776246213.079,213.079,0.96,180.7,0.95,213.82,0.97,74.66,0.98,351.6,0.03,238.42,0.02,596.6,0.04,193.7,0.05,269.82,0.01,0.01,2324.874295,1776244517000
1776246214.174,214.174,0.96,190.7,0.95,199.82,0.97,73.52,0.98,535.3,0.03,74.66,0.02,351.6,0.04,180.7,0.05,213.82,0.01,0.01,2324.874295,1776244517000
1776246221.592,221.592,0.96,299.7,0.95,271.82,0.97,33.82,0.98,1126.6,0.03,73.52,0.02,535.3,0.04,190.7,0.05,199.82,0.01,0.01,2324.874295,1776244517000
1776246222.288,222.288,0.96,316.7,0.95,249.82,0.97,13.35,0.98,425.6,0.03,33.82,0.02,1126.6,0.04,299.7,0.05,271.82,0.01,0.01,2324.874295,1776244517000
1776246226.026,226.026,0.97,7.69,0.96,321.7,0.98,301.6,0.99,2408.4,0.03,12.31,0.02,425.6,0.04,316.7,0.05,249.82,0.01,0.01,2324.874295,1776244517000
1776246227.99,227.99,0.97,350.7,0.96,309.7,0.98,336.89,0.99,2722.8,0.02,301.6,0.01,2408.4,0.03,7.69,0.04,321.7,0.01,0.01,2324.874295,1776244517000
1776246231.17,231.17,0.97,284.03,0.96,309.7,0.98,336.89,0.99,2598.8,0.02,336.89,0.01,2722.8,0.03,350.7,0.04,309.7,0.01,0.01,2324.874295,1776244517000
1776246232.188,232.188,0.97,284.03,0.96,254.7,0.98,312.4,0.99,2648.8,0.02,336.89,0.01,2598.8,0.03,284.03,0.04,309.7,0.01,0.01,2324.874295,1776244517000
1776246236.898,236.898,0.97,339.01,0.96,203.7,0.98,981.91,0.99,2232.4,0.02,312.4,0.01,2648.8,0.03,284.03,0.04,254.7,0.01,0.01,2324.874295,1776244517000
1776246237.215,237.215,0.97,349.01,0.96,232.7,0.98,221.2,0.99,2201.4,0.02,981.91,0.01,2232.4,0.03,339.01,0.04,203.7,0.01,0.01,2324.874295,1776244517000
1776246238.981,238.981,0.97,324.13,0.96,237.7,0.98,271.7,0.99,2176.4,0.02,221.2,0.01,2201.4,0.03,349.01,0.04,232.7,0.01,0.01,2324.874295,1776244517000
1776246240.949,240.949,0.97,239.01,0.96,132.7,0.98,266.7,0.99,2348.4,0.02,271.7,0.01,2176.4,0.03,324.13,0.04,237.7,0.01,0.01,2324.874295,1776244517000
1776246241.653,241.653,0.97,244.01,0.96,132.7,0.98,256.7,0.99,2948.4,0.02,266.7,0.01,2348.4,0.03,239.01,0.04,132.7,0.01,0.01,2324.874295,1776244517000
1776246246.4,246.4,0.97,100.99,0.96,103.7,0.98,850.4,0.99,2348.4,0.02,256.7,0.01,2948.4,0.03,244.01,0.04,132.7,0.01,0.01,2324.874295,1776244517000
1776246247.227,247.227,0.97,80.99,0.96,10.0,0.98,845.4,0.99,2434.4,0.02,850.4,0.01,2348.4,0.03,100.99,0.04,103.7,0.01,0.01,2324.874295,1776244517000
1776246253.46,253.46,0.96,15.0,0.95,110.82,0.97,24.56,0.98,440.4,0.02,845.4,0.01,2434.4,0.04,10.0,0.05,89.82,0.01,0.02,2324.874295,1776244517000
1776246256.335,256.335,0.96,25.0,0.95,110.82,0.97,63.96,0.98,440.4,0.03,24.56,0.02,440.4,0.04,15.0,0.05,110.82,0.01,0.01,2324.874295,1776244517000
1776246256.807,256.807,0.96,25.0,0.95,110.82,0.97,47.0,0.98,440.4,0.03,58.96,0.02,440.4,0.04,25.0,0.05,110.82,0.01,0.01,2324.874295,1776244517000
1776246258.478,258.478,0.97,20.0,0.96,25.0,0.98,131.2,0.99,2140.4,0.03,45.96,0.02,440.4,0.04,25.0,0.05,110.82,0.01,0.01,2324.874295,1776244517000
1776246259.453,259.453,0.97,143.7,0.96,142.7,0.98,184.65,0.99,2110.4,0.02,131.2,0.01,2140.4,0.03,20.0,0.04,25.0,0.01,0.01,2324.874295,1776244517000
1776246259.759,259.759,0.97,158.7,0.96,142.7,0.98,174.65,0.99,2059.4,0.02,184.65,0.01,2110.4,0.03,143.7,0.04,142.7,0.01,0.01,2324.874295,1776244517000
1776246260.827,260.827,0.97,168.7,0.96,142.7,0.98,171.61,0.99,1962.4,0.02,174.65,0.01,2059.4,0.03,158.7,0.04,142.7,0.01,0.01,2324.874295,1776244517000
1776246263.151,263.151,0.97,236.7,0.96,118.7,0.98,166.5,0.99,1939.4,0.02,171.61,0.01,1962.4,0.03,168.7,0.04,142.7,0.01,0.01,2324.874295,1776244517000
1776246263.444,263.444,0.97,236.7,0.96,118.7,0.98,146.09,0.99,1593.8,0.02,166.5,0.01,1939.4,0.03,236.7,0.04,118.7,0.01,0.01,2324.874295,1776244517000
1776246263.831,263.831,0.97,231.7,0.96,118.7,0.98,146.09,0.99,1593.8,0.02,146.09,0.01,1593.8,0.03,236.7,0.04,118.7,0.01,0.01,2324.874295,1776244517000
1776246264.33,264.33,0.97,231.7,0.96,118.7,0.98,145.06,0.99,1593.8,0.02,146.09,0.01,1593.8,0.03,231.7,0.04,118.7,0.01,0.01,2324.874295,1776244517000
1776246265.08,265.08,0.97,226.7,0.96,123.7,0.98,124.85,0.99,1593.8,0.02,145.06,0.01,1593.8,0.03,231.7,0.04,118.7,0.01,0.01,2324.874295,1776244517000
1776246266.463,266.463,0.97,296.13,0.96,193.7,0.98,114.85,0.99,1593.8,0.02,124.85,0.01,1593.8,0.03,226.7,0.04,123.7,0.01,0.01,2324.874295,1776244517000
1776246267.544,267.544,0.97,285.13,0.96,193.7,0.98,55.35,0.99,1593.8,0.02,114.85,0.01,1593.8,0.03,296.13,0.04,193.7,0.01,0.01,2324.874295,1776244517000
1776246267.944,267.944,0.97,356.55,0.96,193.7,0.99,1557.66,,,0.02,42.35,0.01,1593.8,0.03,290.13,0.04,193.7,0.02,0.01,2324.874295,1776244517000
1776246270.378,270.378,0.98,200.7,0.97,356.55,0.99,1418.6,,,0.01,1557.66,,,0.03,356.55,0.04,193.7,0.01,0.02,2324.874295,1776244517000
1776246271.079,271.079,0.98,377.87,0.97,212.7,0.99,1403.6,,,0.01,1403.6,,,0.02,200.7,0.03,356.55,0.01,0.01,2324.874295,1776244517000
1776246271.483,271.483,0.98,382.87,0.97,212.7,0.99,1392.6,,,0.01,1403.6,,,0.02,377.87,0.03,212.7,0.01,0.01,2324.874295,1776244517000
1776246271.924,271.924,0.98,382.87,0.97,212.7,0.99,1281.6,,,0.01,1392.6,,,0.02,382.87,0.03,212.7,0.01,0.01,2324.874295,1776244517000
1776246272.159,272.159,0.98,364.75,0.97,212.7,0.99,1275.6,,,0.01,1270.6,,,0.02,377.87,0.03,212.7,0.01,0.01,2324.874295,1776244517000
1776246272.748,272.748,0.98,359.75,0.97,165.7,0.99,1269.58,,,0.01,1275.6,,,0.02,364.75,0.03,212.7,0.01,0.01,2324.874295,1776244517000
1776246273.583,273.583,0.98,364.75,0.97,170.7,0.99,1265.56,,,0.01,1269.58,,,0.02,359.75,0.03,165.7,0.01,0.01,2324.874295,1776244517000
1776246273.799,273.799,0.98,364.75,0.97,170.7,0.99,1252.5,,,0.01,1255.5,,,0.02,364.75,0.03,170.7,0.01,0.01,2324.874295,1776244517000
1776246276.513,276.513,0.98,221.05,0.97,25.0,0.99,1346.38,,,0.01,1252.5,,,0.02,364.75,0.03,170.7,0.01,0.01,2324.874295,1776244517000
1776246277.352,277.352,0.98,173.69,0.97,25.0,0.99,1191.37,,,0.01,1341.88,,,0.02,221.05,0.03,25.0,0.01,0.01,2324.874295,1776244517000
1776246277.635,277.635,0.98,173.69,0.97,25.0,0.99,1154.45,,,0.01,1155.97,,,0.02,173.69,0.03,25.0,0.01,0.01,2324.874295,1776244517000
1776246278.188,278.188,0.98,173.69,0.97,25.0,0.99,1147.55,,,0.01,1154.45,,,0.02,173.69,0.03,25.0,0.01,0.01,2324.874295,1776244517000
1776246278.722,278.722,0.98,173.69,0.97,25.0,0.99,1139.55,,,0.01,1147.55,,,0.02,173.69,0.03,25.0,0.01,0.01,2324.874295,1776244517000
1776246279.264,279.264,0.98,173.69,0.97,25.0,0.99,1128.55,,,0.01,1139.55,,,0.02,173.69,0.03,25.0,0.01,0.01,2324.874295,1776244517000
1776246279.98,279.98,0.98,173.69,0.97,25.0,0.99,1127.53,,,0.01,1128.55,,,0.02,173.69,0.03,25.0,0.01,0.01,2324.874295,1776244517000
1776246282.051,282.051,0.98,173.69,0.97,20.0,0.99,1111.53,,,0.01,1127.53,,,0.02,173.69,0.03,25.0,0.01,0.01,2324.874295,1776244517000
1776246282.401,282.401,0.98,178.69,0.97,20.0,0.99,1110.53,,,0.01,1111.53,,,0.02,173.69,0.03,20.0,0.01,0.01,2324.874295,1776244517000
1776246282.613,282.613,0.98,178.69,0.97,20.0,0.99,1084.32,,,0.01,1090.32,,,0.02,178.69,0.03,20.0,0.01,0.01,2324.874295,1776244517000
1776246283.655,283.655,0.98,178.69,0.97,20.0,0.99,581.32,,,0.01,1084.32,,,0.02,178.69,0.03,20.0,0.01,0.01,2324.874295,1776244517000
1776246283.926,283.926,0.98,173.69,0.97,20.0,0.99,574.32,,,0.01,581.32,,,0.02,178.69,0.03,20.0,0.01,0.01,2324.874295,1776244517000
1776246284.941,284.941,0.99,347.37,0.98,33.0,,,,,,,,,0.01,427.68,0.02,178.69,,,2324.874295,1776244517000
1776246290.952,290.952,0.99,1468.81,0.98,23.0,,,,,,,,,0.01,347.37,0.02,33.0,,,2324.874295,1776244517000
1776246298.416,298.416,0.99,7338.81,0.98,31.0,,,,,,,,,0.01,1468.81,0.02,23.0,,,2324.874295,1776244517000
1776246300.713,300.713,0.99,63431.63,0.98,155.0,,,,,,,,,0.01,7338.81,0.02,31.0,,,2324.874295,1776244517000
