timestamp,elapsed_sec,up_bid_p1,up_bid_s1,up_bid_p2,up_bid_s2,up_ask_p1,up_ask_s1,up_ask_p2,up_ask_s2,down_bid_p1,down_bid_s1,down_bid_p2,down_bid_s2,down_ask_p1,down_ask_s1,down_ask_p2,down_ask_s2,up_spread,down_spread,eth_price,eth_oracle_ts
1776275400.507,0.507,0.5,15.0,0.46,150.0,0.51,6.94,0.53,10.0,0.49,21.94,0.48,45.0,0.5,21.88,0.52,30.0,0.01,0.01,2345.65243,1776275399000
1776275400.863,0.863,0.5,15.0,0.46,150.0,0.51,1.94,0.53,10.0,0.49,6.94,0.47,10.0,0.5,15.0,0.54,150.0,0.01,0.01,2345.65243,1776275399000
1776275401.167,1.167,0.5,15.0,0.46,150.0,0.53,4.4,0.54,150.0,0.47,4.4,0.46,150.0,0.5,15.0,0.54,150.0,0.03,0.03,2345.596623,1776275400000
1776275402.25,2.25,0.52,17.91,0.5,15.0,0.67,300.0,0.69,375.0,0.47,4.4,0.46,150.0,0.48,2.91,0.5,15.0,0.15,0.01,2345.608168,1776275401000
1776275402.493,2.493,0.56,2.54,0.55,5.0,0.65,6.0,0.67,300.0,0.33,300.0,0.31,375.0,0.48,39.78,0.49,12.0,0.09,0.15,2345.608168,1776275401000
1776275403.036,3.036,0.55,4.54,0.52,14.87,0.66,26.13,0.67,300.0,0.35,6.0,0.33,300.0,0.44,2.54,0.45,5.0,0.11,0.09,2345.608168,1776275401000
1776275404.059,4.059,0.58,3.92,0.57,10.0,0.6,10.0,0.61,15.0,0.34,26.13,0.33,300.0,0.45,4.54,0.48,14.87,0.02,0.11,2346.009102,1776275402000
1776275405.949,5.949,0.62,31.0,0.61,26.0,0.63,5.0,0.64,53.41,0.4,10.0,0.39,15.0,0.42,3.92,0.43,10.0,0.01,0.02,2346.336464,1776275404000
1776275406.219,6.219,0.62,31.0,0.61,26.0,0.64,52.94,0.65,10.0,0.37,5.0,0.36,53.41,0.38,26.0,0.39,26.0,0.02,0.01,2346.356819,1776275405000
1776275406.589,6.589,0.63,21.0,0.62,37.0,0.64,5.0,0.65,10.0,0.36,52.94,0.35,10.0,0.38,31.0,0.39,26.0,0.01,0.02,2346.356819,1776275405000
1776275407.172,7.172,0.63,21.0,0.62,37.0,0.64,207.05,0.65,140.0,0.36,35.29,0.35,49.0,0.37,26.0,0.38,37.0,0.01,0.01,2346.356819,1776275405000
1776275407.455,7.455,0.63,26.0,0.62,37.0,0.64,74.0,0.65,170.0,0.36,207.05,0.35,140.0,0.37,21.0,0.38,37.0,0.01,0.01,2346.35534,1776275406000
1776275407.916,7.916,0.63,26.0,0.62,137.0,0.64,0.31,0.65,30.0,0.36,74.0,0.35,170.0,0.37,26.0,0.38,37.0,0.01,0.01,2346.35534,1776275406000
1776275408.124,8.124,0.63,26.0,0.62,137.0,0.65,128.0,0.66,49.0,0.36,0.31,0.35,30.0,0.37,26.0,0.38,137.0,0.02,0.01,2346.35534,1776275406000
1776275408.485,8.485,0.66,10.0,0.65,36.0,0.67,24.25,0.68,44.0,0.35,128.0,0.34,49.0,0.37,26.0,0.38,137.0,0.01,0.02,2346.35534,1776275406000
1776275408.942,8.942,0.66,13.0,0.65,42.0,0.67,171.81,0.68,49.0,0.33,24.25,0.32,44.0,0.34,10.0,0.35,36.0,0.01,0.01,2346.595509,1776275407000
1776275409.265,9.265,0.65,42.0,0.64,246.0,0.67,634.0,0.68,44.0,0.33,171.81,0.32,49.0,0.34,13.0,0.35,42.0,0.02,0.01,2346.595509,1776275407000
1776275409.531,9.531,0.66,15.0,0.65,169.0,0.67,31.91,0.68,54.0,0.33,29.0,0.32,49.0,0.35,47.0,0.36,131.0,0.01,0.02,2346.595509,1776275407000
1776275410.249,10.249,0.66,42.26,0.65,179.0,0.67,642.41,0.68,49.0,0.33,31.91,0.32,54.0,0.34,15.0,0.35,169.0,0.01,0.01,2346.607116,1776275408000
1776275411.344,11.344,0.65,2.0,0.64,15.0,0.66,625.5,0.67,227.5,0.33,628.41,0.32,49.0,0.34,33.81,0.35,179.0,0.01,0.01,2346.835179,1776275409000
1776275411.618,11.618,0.64,145.16,0.63,31.5,0.66,698.5,0.67,80.5,0.34,625.5,0.33,227.5,0.35,2.0,0.36,15.0,0.02,0.01,2346.89946,1776275410000
1776275412.337,12.337,0.64,31.5,0.63,270.5,0.65,633.46,0.66,36.5,0.34,698.5,0.33,80.5,0.36,145.16,0.37,31.5,0.01,0.02,2346.89769,1776275411000
1776275413.305,13.305,0.63,275.5,0.62,160.0,0.64,611.87,0.65,20.0,0.35,633.96,0.34,31.5,0.37,280.5,0.38,160.0,0.01,0.02,2346.871975,1776275412000
1776275413.533,13.533,0.64,16.3,0.63,410.5,0.65,15.0,0.66,131.0,0.36,611.87,0.35,20.0,0.37,275.5,0.38,160.0,0.01,0.01,2346.871975,1776275412000
1776275413.875,13.875,0.64,38.52,0.63,405.5,0.66,136.0,0.67,20.5,0.35,10.0,0.34,141.5,0.36,23.52,0.37,405.5,0.02,0.01,2346.871975,1776275412000
1776275414.625,14.625,0.65,40.5,0.64,145.52,0.66,141.0,0.67,25.5,0.34,136.0,0.33,20.5,0.36,33.52,0.37,405.5,0.01,0.02,2346.798035,1776275413000
1776275415.202,15.202,0.65,999.5,0.64,174.52,0.7,8.0,0.71,5.0,0.34,141.0,0.33,25.5,0.35,40.5,0.36,145.52,0.05,0.01,2346.81818,1776275414000
1776275415.49,15.49,0.7,25.0,0.69,358.0,0.71,14.95,0.72,490.0,0.29,41.34,0.28,50.0,0.31,15.0,0.32,379.5,0.01,0.02,2346.81818,1776275414000
1776275415.701,15.701,0.7,87.0,0.69,390.5,0.71,474.0,0.72,5.0,0.28,460.0,0.27,288.0,0.3,50.0,0.31,363.0,0.01,0.02,2346.81818,1776275414000
1776275415.948,15.948,0.7,83.66,0.69,400.5,0.71,483.0,0.72,10.0,0.29,478.0,0.28,5.0,0.3,82.0,0.31,395.5,0.01,0.01,2346.81818,1776275414000
1776275416.421,16.421,0.67,6.0,0.66,16.0,0.68,20.05,0.69,36.5,0.29,483.0,0.28,10.0,0.3,83.66,0.31,400.5,0.01,0.01,2347.009875,1776275415000
1776275417.822,17.822,0.66,20.5,0.65,153.5,0.67,640.62,0.68,172.05,0.33,55.77,0.32,690.05,0.34,20.5,0.35,20.5,0.01,0.01,2347.17112,1776275416000
1776275418.449,18.449,0.66,30.5,0.65,148.5,0.67,436.06,0.68,302.5,0.33,640.62,0.32,172.05,0.34,20.5,0.35,153.5,0.01,0.01,2347.276909,1776275417000
1776275419.599,19.599,0.66,30.5,0.65,175.19,0.67,437.16,0.68,277.5,0.33,436.06,0.32,302.5,0.34,30.5,0.35,148.5,0.01,0.01,2347.118698,1776275418000
1776275419.81,19.81,0.65,48.19,0.64,36.3,0.67,592.66,0.68,45.5,0.33,437.16,0.32,277.5,0.34,30.5,0.35,175.19,0.02,0.01,2347.118698,1776275418000
1776275420.69,20.69,0.65,58.19,0.64,208.29,0.66,522.0,0.67,267.0,0.33,592.66,0.32,45.5,0.35,48.19,0.36,36.3,0.01,0.02,2347.106516,1776275419000
1776275421.157,21.157,0.66,15.5,0.65,326.19,0.67,5.0,0.68,490.0,0.34,513.68,0.33,267.0,0.35,58.19,0.36,168.3,0.01,0.01,2347.106516,1776275419000
1776275422.527,22.527,0.66,10.0,0.65,207.9,0.68,672.5,0.69,56.5,0.33,5.0,0.32,490.0,0.34,15.5,0.35,326.19,0.02,0.01,2347.114581,1776275421000
1776275424.683,24.683,0.64,35.5,0.63,45.5,0.66,566.5,0.67,60.0,0.32,672.5,0.31,56.5,0.34,10.0,0.35,207.9,0.02,0.02,2347.154606,1776275423000
1776275424.928,24.928,0.64,20.5,0.63,45.5,0.65,50.0,0.66,556.5,0.34,566.5,0.33,60.0,0.36,35.5,0.37,45.5,0.01,0.02,2347.154606,1776275423000
1776275425.588,25.588,0.64,20.5,0.63,45.5,0.65,540.0,0.66,199.5,0.35,50.0,0.34,556.5,0.36,20.5,0.37,45.5,0.01,0.01,2347.112545,1776275424000
1776275426.365,26.365,0.61,10.5,0.6,398.13,0.63,43.58,0.64,510.5,0.35,540.0,0.34,199.5,0.36,20.5,0.37,45.5,0.02,0.01,2347.084517,1776275425000
1776275427.553,27.553,0.61,10.0,0.6,441.84,0.62,623.89,0.63,43.58,0.38,10.0,0.37,63.58,0.39,10.26,0.4,398.13,0.01,0.01,2346.966671,1776275426000
1776275428.23,28.23,0.6,120.63,0.59,25.0,0.61,25.5,0.62,685.89,0.38,611.89,0.37,43.58,0.39,10.0,0.4,441.84,0.01,0.01,2346.838019,1776275427000
1776275428.491,28.491,0.6,35.55,0.59,30.0,0.61,55.5,0.62,685.89,0.39,55.5,0.38,690.89,0.4,30.55,0.41,25.0,0.01,0.01,2346.838019,1776275427000
1776275428.893,28.893,0.6,35.55,0.59,5.0,0.61,71.58,0.62,680.89,0.39,55.5,0.38,685.89,0.4,35.55,0.41,30.0,0.01,0.01,2346.838019,1776275427000
1776275429.335,29.335,0.6,148.05,0.59,145.5,0.61,480.0,0.62,130.0,0.39,71.58,0.38,680.89,0.4,35.55,0.41,5.0,0.01,0.01,2346.663195,1776275428000
1776275430.031,30.031,0.56,121.9,0.55,5.0,0.58,10.0,0.59,15.0,0.39,476.84,0.38,140.5,0.4,153.05,0.41,145.5,0.02,0.01,2346.54224,1776275429000
1776275430.301,30.301,0.56,118.01,0.55,5.0,0.57,10.0,0.58,15.0,0.42,10.0,0.41,15.0,0.44,121.9,0.45,5.0,0.01,0.02,2346.54224,1776275429000
1776275430.57,30.57,0.57,15.5,0.56,258.51,0.58,4.82,0.59,15.0,0.43,10.0,0.42,15.0,0.44,118.01,0.45,5.0,0.01,0.01,2346.54224,1776275429000
1776275431.524,31.524,0.54,15.5,0.53,54.71,0.58,25.32,0.59,35.67,0.42,4.82,0.41,15.0,0.43,15.5,0.44,258.51,0.04,0.01,2346.423956,1776275430000
1776275433.404,33.404,0.55,167.5,0.54,190.7,0.56,508.87,0.57,70.5,0.44,8.21,0.43,50.0,0.45,50.5,0.46,143.71,0.01,0.01,2346.189878,1776275432000
1776275433.766,33.766,0.55,167.5,0.54,180.7,0.56,478.87,0.57,70.5,0.44,508.87,0.43,70.5,0.45,167.5,0.46,190.7,0.01,0.01,2346.189878,1776275432000
1776275435.552,35.552,0.55,73.27,0.54,66.42,0.56,15.0,0.57,45.0,0.44,478.87,0.43,70.5,0.45,167.5,0.46,180.7,0.01,0.01,2346.15676,1776275434000
1776275435.766,35.766,0.55,193.04,0.54,181.42,0.56,10.0,0.57,50.0,0.44,15.0,0.43,45.0,0.45,73.27,0.46,66.42,0.01,0.01,2346.15676,1776275434000
1776275436.089,36.089,0.55,875.75,0.54,32.99,0.57,40.0,0.58,20.0,0.44,10.0,0.43,50.0,0.45,193.04,0.46,181.42,0.02,0.01,2346.15667,1776275435000
1776275436.44,36.44,0.58,20.48,0.57,322.71,0.59,30.0,0.6,18.0,0.42,20.0,0.41,25.0,0.44,771.71,0.45,120.04,0.01,0.02,2346.15667,1776275435000
1776275438.275,38.275,0.58,222.5,0.57,677.5,0.59,20.83,0.6,38.0,0.41,30.0,0.4,18.0,0.42,20.48,0.43,322.71,0.01,0.01,2346.303829,1776275437000
1776275438.753,38.753,0.58,356.5,0.57,560.5,0.59,15.83,0.6,38.0,0.41,20.83,0.4,38.0,0.42,222.5,0.43,677.5,0.01,0.01,2346.303829,1776275437000
1776275439.432,39.432,0.58,904.5,0.57,91.5,0.6,38.0,0.61,35.0,0.41,15.83,0.4,38.0,0.42,356.5,0.43,560.5,0.02,0.01,2346.371718,1776275438000
1776275440.71,40.71,0.59,880.91,0.58,69.5,0.6,8.0,0.61,35.0,0.4,38.0,0.39,35.0,0.42,904.5,0.43,91.5,0.01,0.02,2346.368709,1776275439000
1776275443.114,43.114,0.59,203.56,0.58,567.21,0.6,13.0,0.61,162.5,0.4,8.0,0.39,35.0,0.41,880.91,0.42,69.5,0.01,0.01,2346.413446,1776275442000
1776275445.487,45.487,0.59,733.62,0.58,87.21,0.6,8.0,0.61,162.5,0.4,13.0,0.39,162.5,0.41,203.56,0.42,567.21,0.01,0.01,2346.448351,1776275444000
1776275446.501,46.501,0.59,848.18,0.58,87.21,0.6,6.33,0.61,25.0,0.4,8.0,0.39,162.5,0.41,731.18,0.42,87.21,0.01,0.01,2346.430105,1776275445000
1776275446.813,46.813,0.59,853.18,0.58,87.21,0.6,4.66,0.61,25.0,0.4,6.33,0.39,25.0,0.41,848.18,0.42,87.21,0.01,0.01,2346.430105,1776275445000
1776275447.75,47.75,0.59,843.18,0.58,87.21,0.61,25.0,0.62,10.5,0.4,4.66,0.39,25.0,0.41,853.18,0.42,87.21,0.02,0.01,2346.435669,1776275446000
1776275449.065,49.065,0.61,92.0,0.6,656.5,0.62,4.37,0.63,193.0,0.39,25.0,0.38,10.5,0.41,843.18,0.42,87.21,0.01,0.02,2346.464286,1776275448000
1776275449.587,49.587,0.61,89.43,0.6,656.5,0.62,14.87,0.63,193.0,0.38,4.37,0.37,193.0,0.39,92.0,0.4,656.5,0.01,0.01,2346.464286,1776275448000
1776275451.56,51.56,0.61,20.0,0.6,10.0,0.62,772.95,0.63,70.0,0.38,14.87,0.37,183.0,0.39,89.63,0.4,656.5,0.01,0.01,2346.529977,1776275450000
1776275451.785,51.785,0.59,15.0,0.58,20.0,0.6,20.5,0.61,87.5,0.39,87.5,0.38,808.95,0.41,15.0,0.42,20.0,0.01,0.02,2346.529977,1776275450000
1776275453.113,53.113,0.59,66.0,0.58,157.5,0.6,513.64,0.61,170.5,0.4,36.89,0.39,571.5,0.41,10.0,0.42,30.5,0.01,0.01,2346.448263,1776275451000
1776275453.474,53.474,0.59,68.56,0.58,157.5,0.6,513.64,0.61,155.5,0.4,513.64,0.39,170.5,0.41,66.0,0.42,157.5,0.01,0.01,2346.40207,1776275452000
1776275455.686,55.686,0.63,35.5,0.62,811.5,0.64,14.5,0.65,175.5,0.4,513.64,0.39,155.5,0.41,68.56,0.42,157.5,0.01,0.01,2346.282491,1776275454000
1776275456.12,56.12,0.63,117.5,0.62,778.5,0.65,660.5,0.66,247.5,0.36,12.93,0.35,175.5,0.37,64.5,0.38,811.5,0.02,0.01,2346.282491,1776275454000
1776275458.183,58.183,0.64,70.22,0.63,272.5,0.65,660.0,0.66,140.5,0.35,670.5,0.34,247.5,0.37,93.0,0.38,773.5,0.01,0.02,2346.595941,1776275457000
1776275459.709,59.709,0.63,10.0,0.62,20.0,0.65,822.5,0.66,46.5,0.35,660.0,0.34,140.5,0.36,70.22,0.37,272.5,0.02,0.01,2346.666695,1776275458000
1776275460.79,60.79,0.63,721.27,0.62,46.5,0.64,20.0,0.65,165.0,0.36,70.5,0.35,817.5,0.37,14.48,0.38,20.0,0.01,0.01,2346.601827,1776275459000
1776275462.584,62.584,0.64,594.0,0.63,119.5,0.66,16.84,0.67,75.0,0.36,20.0,0.35,165.0,0.37,721.27,0.38,46.5,0.02,0.01,2346.586447,1776275461000
1776275463.323,63.323,0.65,591.71,0.64,63.0,0.66,3.68,0.67,75.0,0.34,16.84,0.33,75.0,0.36,594.0,0.37,119.5,0.01,0.02,2346.586447,1776275461000
1776275463.899,63.899,0.69,12.77,0.68,60.71,0.7,50.0,0.71,75.0,0.33,75.0,0.32,10.0,0.34,46.32,0.35,591.71,0.01,0.01,2346.599244,1776275462000
1776275465.384,65.384,0.69,275.29,0.68,638.79,0.7,11.15,0.71,227.5,0.3,50.0,0.29,75.0,0.31,12.77,0.32,60.71,0.01,0.01,2346.969308,1776275464000
1776275465.93,65.93,0.69,567.5,0.68,230.5,0.71,131.72,0.72,95.5,0.3,1.15,0.29,227.5,0.31,280.57,0.32,781.95,0.02,0.01,2346.969308,1776275464000
1776275466.397,66.397,0.7,984.49,0.69,86.78,0.71,10.0,0.72,75.0,0.29,131.72,0.28,95.5,0.31,567.5,0.32,230.5,0.01,0.02,2347.173515,1776275465000
1776275467.858,67.858,0.74,83.0,0.73,543.0,0.75,15.43,0.76,19.0,0.29,10.0,0.28,75.0,0.3,984.49,0.31,86.78,0.01,0.01,2347.174261,1776275466000
1776275468.352,68.352,0.74,7.0,0.73,10.0,0.75,44.43,0.76,68.47,0.25,15.43,0.24,19.0,0.26,83.0,0.27,543.0,0.01,0.01,2347.212167,1776275467000
1776275468.702,68.702,0.72,21.0,0.71,10.0,0.73,37.5,0.74,10.5,0.25,44.43,0.24,183.47,0.28,10.0,0.29,10.0,0.01,0.03,2347.212167,1776275467000
1776275468.925,68.925,0.73,33.0,0.72,9.0,0.74,137.61,0.75,25.43,0.26,60.38,0.25,35.43,0.28,21.0,0.29,15.0,0.01,0.02,2347.212167,1776275467000
1776275469.332,69.332,0.73,33.0,0.72,109.0,0.74,855.89,0.75,67.43,0.26,137.61,0.25,25.43,0.27,33.0,0.28,9.0,0.01,0.01,2347.5128,1776275468000
1776275469.729,69.729,0.72,115.0,0.71,115.0,0.74,862.25,0.75,78.43,0.26,855.89,0.25,67.43,0.27,33.0,0.28,109.0,0.02,0.01,2347.5128,1776275468000
1776275470.77,70.77,0.7,52.57,0.69,102.58,0.72,20.0,0.73,763.5,0.26,862.25,0.25,78.43,0.28,115.0,0.29,115.0,0.02,0.02,2347.341625,1776275469000
1776275471.147,71.147,0.71,6.55,0.7,43.57,0.72,25.0,0.73,747.5,0.28,20.0,0.27,763.5,0.3,52.57,0.31,102.58,0.01,0.02,2347.341625,1776275469000
1776275472.022,72.022,0.71,197.55,0.7,59.07,0.73,14.93,0.74,34.5,0.28,25.0,0.27,747.5,0.29,6.55,0.3,43.57,0.02,0.01,2347.263096,1776275470000
1776275473.074,73.074,0.72,184.0,0.71,165.05,0.74,543.78,0.75,171.5,0.27,14.93,0.26,34.5,0.29,197.55,0.3,59.07,0.02,0.02,2347.238518,1776275471000
1776275474.392,74.392,0.75,56.0,0.74,402.0,0.76,5.0,0.77,5.0,0.26,543.78,0.25,171.5,0.28,184.0,0.29,165.05,0.01,0.02,2347.245098,1776275473000
1776275474.982,74.982,0.75,204.64,0.74,402.0,0.76,8.02,0.77,15.5,0.24,5.0,0.23,15.5,0.25,216.64,0.26,402.0,0.01,0.01,2347.245098,1776275473000
1776275475.717,75.717,0.78,241.0,0.77,373.5,0.8,490.0,0.81,247.0,0.24,6.04,0.23,15.5,0.25,204.64,0.26,402.0,0.02,0.01,2347.264139,1776275474000
1776275476.02,76.02,0.79,227.0,0.78,179.0,0.8,485.9,0.81,237.0,0.2,490.0,0.19,247.0,0.22,241.0,0.23,373.5,0.01,0.02,2347.264139,1776275474000
1776275476.537,76.537,0.79,174.0,0.78,194.0,0.8,478.9,0.81,237.0,0.2,485.9,0.19,237.0,0.21,227.0,0.22,179.0,0.01,0.01,2347.376361,1776275475000
1776275477.148,77.148,0.78,110.22,0.77,110.0,0.79,660.5,0.8,113.55,0.2,604.4,0.19,132.5,0.21,174.23,0.22,194.0,0.01,0.01,2347.376361,1776275475000
1776275477.856,77.856,0.78,96.58,0.77,110.0,0.79,625.0,0.8,76.55,0.21,660.5,0.2,113.55,0.22,110.22,0.23,110.0,0.01,0.01,2347.632474,1776275476000
1776275478.601,78.601,0.78,10.0,0.77,10.0,0.79,659.5,0.8,166.55,0.21,625.0,0.2,76.55,0.22,96.58,0.23,110.0,0.01,0.01,2347.822477,1776275477000
1776275478.892,78.892,0.78,30.0,0.77,10.0,0.79,658.86,0.8,166.55,0.21,659.5,0.2,166.55,0.22,10.0,0.23,10.0,0.01,0.01,2347.822477,1776275477000
1776275479.573,79.573,0.77,10.0,0.76,40.0,0.79,658.86,0.8,167.55,0.21,658.86,0.2,166.55,0.22,30.0,0.23,10.0,0.02,0.01,2347.746163,1776275478000
1776275479.861,79.861,0.77,10.0,0.76,342.5,0.78,10.0,0.79,5.0,0.21,658.86,0.2,167.55,0.23,10.0,0.24,40.0,0.01,0.02,2347.746163,1776275478000
1776275480.766,80.766,0.79,61.0,0.78,169.0,0.8,10.0,0.81,25.5,0.2,10.0,0.19,5.0,0.23,93.5,0.24,319.49,0.01,0.03,2347.727655,1776275479000
1776275482.208,82.208,0.78,256.07,0.77,177.5,0.79,4.36,0.8,605.0,0.2,10.0,0.19,25.5,0.21,61.0,0.22,169.0,0.01,0.01,2347.716836,1776275480000
1776275482.773,82.773,0.78,89.07,0.77,179.5,0.79,487.44,0.8,247.0,0.21,4.36,0.2,605.0,0.22,256.07,0.23,177.5,0.01,0.01,2347.755485,1776275481000
1776275484.752,84.752,0.79,137.0,0.78,204.07,0.8,603.8,0.81,142.0,0.21,480.31,0.2,247.0,0.22,89.07,0.23,179.5,0.01,0.01,2347.766574,1776275483000
1776275485.521,85.521,0.84,29.0,0.83,37.0,0.85,617.58,0.86,222.0,0.2,603.8,0.19,142.0,0.21,137.0,0.22,204.07,0.01,0.01,2347.766574,1776275483000
1776275485.8,85.8,0.84,469.37,0.83,79.26,0.85,608.31,0.86,260.5,0.15,607.58,0.14,232.5,0.16,34.0,0.17,37.0,0.01,0.01,2347.764241,1776275484000
1776275487.038,87.038,0.84,102.0,0.83,144.0,0.85,598.19,0.86,240.0,0.15,608.31,0.14,260.5,0.16,469.37,0.17,79.26,0.01,0.01,2347.774982,1776275485000
1776275488.241,88.241,0.86,115.5,0.85,345.21,0.88,611.0,0.89,5.0,0.15,598.19,0.14,240.0,0.16,102.0,0.17,144.0,0.02,0.01,2348.201341,1776275486000
1776275488.623,88.623,0.87,517.14,0.86,165.06,0.88,503.27,0.89,261.0,0.12,545.0,0.11,222.0,0.13,42.0,0.14,86.5,0.01,0.01,2348.324154,1776275487000
1776275489.363,89.363,0.88,118.21,0.87,372.49,0.89,1.28,0.9,597.0,0.12,503.27,0.11,261.0,0.13,517.14,0.14,165.06,0.01,0.01,2348.324154,1776275487000
1776275490.02,90.02,0.9,85.0,0.89,120.5,0.91,618.02,0.92,424.71,0.1,590.87,0.09,305.0,0.12,118.21,0.13,372.49,0.01,0.02,2348.334788,1776275488000
1776275490.386,90.386,0.9,99.5,0.89,401.5,0.91,475.52,0.92,239.81,0.09,618.02,0.08,424.71,0.1,85.0,0.11,120.5,0.01,0.01,2348.55646,1776275489000
1776275490.709,90.709,0.9,555.74,0.89,121.73,0.91,623.32,0.92,254.81,0.09,475.52,0.08,239.81,0.1,99.5,0.11,401.5,0.01,0.01,2348.55646,1776275489000
1776275491.58,91.58,0.9,842.69,0.89,183.73,0.91,471.12,0.92,104.81,0.09,616.12,0.08,254.81,0.1,566.24,0.11,121.73,0.01,0.01,2348.926177,1776275490000
1776275491.912,91.912,0.9,449.21,0.89,128.01,0.91,628.62,0.92,235.81,0.09,471.12,0.08,104.81,0.1,334.03,0.11,96.5,0.01,0.01,2348.926177,1776275490000
1776275492.674,92.674,0.89,388.8,0.88,105.21,0.9,602.61,0.91,263.0,0.09,628.62,0.08,235.81,0.1,802.34,0.11,207.96,0.01,0.01,2349.075071,1776275491000
1776275493.559,93.559,0.89,858.96,0.88,203.12,0.9,727.61,0.91,135.0,0.1,602.61,0.09,263.0,0.11,388.8,0.12,105.21,0.01,0.01,2349.269579,1776275492000
1776275494.691,94.691,0.89,63.69,0.88,165.5,0.9,603.88,0.91,252.0,0.1,727.61,0.09,135.0,0.11,858.96,0.12,203.12,0.01,0.01,2349.219436,1776275493000
1776275495.03,95.03,0.88,15.0,0.87,70.0,0.9,735.38,0.91,115.0,0.1,603.88,0.09,252.0,0.11,57.69,0.12,165.5,0.02,0.01,2349.173207,1776275494000
1776275495.359,95.359,0.87,5.66,0.86,62.5,0.88,6.0,0.89,245.0,0.1,735.38,0.09,115.0,0.12,15.0,0.13,70.0,0.01,0.02,2349.173207,1776275494000
1776275495.965,95.965,0.86,30.5,0.85,50.6,0.87,725.35,0.88,260.0,0.12,6.0,0.11,245.0,0.13,5.66,0.14,62.5,0.01,0.01,2349.173207,1776275494000
1776275496.458,96.458,0.85,144.1,0.84,143.21,0.86,465.0,0.87,235.35,0.13,720.35,0.12,269.0,0.15,143.6,0.16,77.71,0.01,0.02,2349.173207,1776275494000
1776275497.351,97.351,0.84,31.24,0.83,288.52,0.86,430.0,0.87,236.35,0.14,420.0,0.13,222.35,0.15,411.15,0.16,143.21,0.02,0.01,2348.81657,1776275496000
1776275498.68,98.68,0.85,407.39,0.84,208.79,0.86,446.33,0.87,329.35,0.14,440.0,0.13,236.35,0.15,430.16,0.16,41.24,0.01,0.01,2348.711712,1776275497000
1776275499.277,99.277,0.85,8.83,0.84,148.29,0.86,433.59,0.87,329.35,0.14,446.33,0.13,329.35,0.15,407.39,0.16,208.79,0.01,0.01,2348.642216,1776275498000
1776275499.565,99.565,0.85,368.11,0.84,208.79,0.86,435.1,0.87,329.35,0.14,433.59,0.13,329.35,0.15,8.83,0.16,148.29,0.01,0.01,2348.642216,1776275498000
1776275500.393,100.393,0.83,421.05,0.82,181.94,0.84,58.09,0.85,792.5,0.14,435.1,0.13,329.35,0.15,368.11,0.16,208.79,0.01,0.01,2348.610918,1776275499000
1776275500.969,100.969,0.83,201.5,0.82,157.5,0.84,14.88,0.85,657.5,0.16,58.09,0.15,792.5,0.17,421.05,0.18,181.94,0.01,0.01,2348.575777,1776275500000
1776275502.575,102.575,0.83,237.5,0.82,637.5,0.84,9.28,0.85,30.11,0.16,14.88,0.15,657.5,0.17,201.5,0.18,157.5,0.01,0.01,2348.518312,1776275501000
1776275503.246,103.246,0.83,617.16,0.82,691.94,0.84,4.27,0.85,30.11,0.16,9.28,0.15,30.11,0.17,237.5,0.18,637.5,0.01,0.01,2348.418833,1776275502000
1776275504.675,104.675,0.84,541.44,0.83,604.76,0.85,20.11,0.86,252.5,0.16,4.27,0.15,30.11,0.17,617.16,0.18,691.94,0.01,0.01,2348.416321,1776275503000
1776275505.537,105.537,0.84,5.0,0.83,149.0,0.85,87.39,0.86,242.5,0.15,20.11,0.14,252.5,0.16,541.44,0.17,604.76,0.01,0.01,2348.422234,1776275504000
1776275505.884,105.884,0.84,351.18,0.83,197.26,0.85,86.8,0.86,252.5,0.15,87.39,0.14,242.5,0.16,5.0,0.17,149.0,0.01,0.01,2348.422234,1776275504000
1776275506.372,106.372,0.84,315.86,0.83,30.0,0.85,98.8,0.86,274.5,0.15,86.8,0.14,252.5,0.16,351.18,0.17,197.26,0.01,0.01,2348.42601,1776275505000
1776275507.713,107.713,0.83,340.83,0.82,129.44,0.84,302.5,0.85,210.5,0.15,98.8,0.14,274.5,0.16,315.86,0.17,30.0,0.01,0.01,2348.419435,1776275506000
1776275508.107,108.107,0.83,26.68,0.82,110.5,0.84,239.88,0.85,295.5,0.16,302.5,0.15,210.5,0.17,340.83,0.18,129.44,0.01,0.01,2348.419435,1776275506000
1776275508.538,108.538,0.83,11.85,0.82,225.5,0.84,163.38,0.85,777.5,0.16,251.88,0.15,295.5,0.17,25.68,0.18,110.5,0.01,0.01,2348.373744,1776275507000
1776275509.161,109.161,0.83,5.85,0.82,225.5,0.84,164.28,0.85,892.5,0.16,180.38,0.15,892.5,0.17,278.37,0.18,279.94,0.01,0.01,2348.373744,1776275507000
1776275509.629,109.629,0.83,377.92,0.82,279.94,0.84,163.08,0.85,902.5,0.16,164.28,0.15,892.5,0.17,5.85,0.18,225.5,0.01,0.01,2348.365882,1776275508000
1776275511.417,111.417,0.83,5.0,0.82,225.5,0.84,148.08,0.85,890.5,0.16,158.08,0.15,902.5,0.17,726.67,0.18,334.38,0.01,0.01,2348.231835,1776275509000
1776275512.461,112.461,0.83,60.5,0.82,600.5,0.84,109.48,0.85,252.5,0.16,148.08,0.15,890.5,0.17,5.0,0.18,225.5,0.01,0.01,2348.225869,1776275510000
1776275513.3,113.3,0.83,105.67,0.82,595.5,0.84,56.0,0.85,252.5,0.16,109.48,0.15,252.5,0.17,60.5,0.18,600.5,0.01,0.01,2348.226683,1776275511000
1776275514.068,114.068,0.83,51.84,0.82,590.5,0.84,178.0,0.85,615.5,0.16,56.0,0.15,252.5,0.17,105.67,0.18,595.5,0.01,0.01,2348.224326,1776275512000
1776275515.147,115.147,0.83,5.0,0.82,75.0,0.84,387.19,0.85,143.83,0.16,178.0,0.15,615.5,0.17,30.94,0.18,590.5,0.01,0.01,2348.224326,1776275513000
1776275515.436,115.436,0.72,29.94,0.7,71.43,0.8,12.5,0.81,6.31,0.2,12.5,0.19,6.31,0.25,25.38,0.26,25.0,0.08,0.05,2348.224326,1776275513000
1776275515.742,115.742,0.65,480.0,0.64,160.0,0.72,29.9,0.74,20.0,0.2,12.5,0.19,6.31,0.31,6.38,0.32,20.0,0.07,0.11,2348.232741,1776275514000
1776275515.973,115.973,0.7,2.0,0.65,480.0,0.72,20.36,0.74,20.0,0.28,20.36,0.26,20.0,0.35,480.0,0.36,160.0,0.02,0.07,2348.232741,1776275514000
1776275516.221,116.221,0.65,5.0,0.64,160.0,0.72,20.36,0.74,20.0,0.28,20.36,0.26,20.0,0.35,462.0,0.36,160.0,0.07,0.07,2348.232741,1776275514000
1776275516.435,116.435,0.64,30.0,0.63,5.0,0.66,34.28,0.67,15.15,0.34,40.0,0.29,17.24,0.36,5.0,0.37,55.0,0.02,0.02,2348.219494,1776275515000
1776275516.932,116.932,0.57,122.0,0.56,57.0,0.58,11.55,0.59,10.0,0.37,6.51,0.35,10.0,0.39,70.0,0.4,70.0,0.01,0.02,2348.219494,1776275515000
1776275517.181,117.181,0.57,130.88,0.56,57.0,0.58,8.27,0.59,10.0,0.42,10.0,0.4,6.25,0.43,130.88,0.44,57.0,0.01,0.01,2348.219494,1776275515000
1776275517.707,117.707,0.58,3.64,0.57,730.88,0.59,10.0,0.6,17.16,0.4,4.79,0.39,60.0,0.43,255.88,0.44,67.0,0.01,0.03,2348.219494,1776275515000
1776275518.019,118.019,0.58,23.64,0.57,735.88,0.61,174.32,0.62,10.0,0.4,15.58,0.39,175.0,0.42,18.64,0.43,735.88,0.03,0.02,2346.277612,1776275516000
1776275518.281,118.281,0.6,15.0,0.59,10.0,0.61,158.91,0.63,35.0,0.39,174.32,0.38,10.0,0.42,23.64,0.43,735.88,0.01,0.03,2346.277612,1776275516000
1776275518.482,118.482,0.65,17.69,0.64,17.81,0.66,146.18,0.67,100.0,0.34,146.28,0.33,100.0,0.4,167.0,0.41,10.0,0.01,0.06,2346.277612,1776275516000
1776275518.763,118.763,0.65,835.78,0.64,39.0,0.66,104.18,0.67,100.0,0.34,147.18,0.33,100.0,0.35,139.78,0.36,34.0,0.01,0.01,2346.17074,1776275517000
1776275519.001,119.001,0.65,106.78,0.64,38.0,0.66,164.83,0.67,110.0,0.34,104.18,0.33,100.0,0.35,835.78,0.36,39.0,0.01,0.01,2346.17074,1776275517000
1776275519.218,119.218,0.65,96.99,0.64,118.77,0.66,384.83,0.67,110.0,0.34,384.83,0.33,110.0,0.35,107.28,0.36,118.77,0.01,0.01,2346.17074,1776275517000
1776275519.443,119.443,0.64,93.27,0.63,29.0,0.65,113.0,0.66,326.83,0.34,379.83,0.33,110.0,0.36,118.77,0.37,5.0,0.01,0.02,2346.17074,1776275517000
1776275519.979,119.979,0.64,10.5,0.63,34.0,0.65,830.0,0.66,259.83,0.35,113.0,0.34,326.83,0.36,93.27,0.37,29.0,0.01,0.01,2346.276685,1776275518000
1776275520.372,120.372,0.63,45.44,0.62,15.0,0.65,875.0,0.66,305.83,0.35,855.0,0.34,294.83,0.36,7.44,0.37,44.0,0.02,0.01,2346.276685,1776275518000
1776275520.745,120.745,0.63,7.23,0.62,118.83,0.64,594.21,0.65,302.0,0.36,23.21,0.35,854.0,0.37,18.23,0.38,39.0,0.01,0.01,2346.213665,1776275519000
1776275521.045,121.045,0.61,61.38,0.6,16.0,0.62,149.87,0.63,647.0,0.36,699.21,0.35,200.0,0.38,98.06,0.39,318.88,0.01,0.02,2346.213665,1776275519000
1776275521.249,121.249,0.61,12.3,0.6,40.0,0.62,832.5,0.63,76.0,0.38,795.5,0.37,76.0,0.39,23.3,0.4,40.0,0.01,0.01,2346.52648,1776275520000
1776275521.456,121.456,0.6,11.0,0.59,114.5,0.61,150.0,0.62,843.5,0.39,15.0,0.38,827.5,0.4,11.0,0.41,17.8,0.01,0.01,2346.52648,1776275520000
1776275521.687,121.687,0.6,11.0,0.59,121.0,0.61,175.0,0.62,840.63,0.39,150.0,0.38,843.5,0.4,11.0,0.41,114.5,0.01,0.01,2346.52648,1776275520000
1776275521.974,121.974,0.59,97.5,0.58,197.84,0.6,115.0,0.61,165.0,0.39,175.0,0.38,840.63,0.4,11.0,0.41,103.5,0.01,0.01,2346.52648,1776275520000
1776275522.174,122.174,0.59,64.5,0.58,682.84,0.6,181.0,0.61,155.0,0.4,176.0,0.39,155.0,0.41,75.5,0.42,682.84,0.01,0.01,2346.52648,1776275520000
1776275522.374,122.374,0.58,615.34,0.57,57.88,0.6,176.0,0.61,155.0,0.4,176.0,0.39,155.0,0.42,615.34,0.43,57.88,0.02,0.02,2346.52648,1776275520000
1776275522.717,122.717,0.56,619.72,0.55,218.0,0.58,174.0,0.59,190.0,0.42,126.0,0.41,195.0,0.44,612.0,0.45,209.0,0.02,0.02,2346.52648,1776275520000
1776275523.424,123.424,0.56,1.04,0.55,689.0,0.57,170.0,0.58,209.0,0.42,158.65,0.41,190.0,0.44,629.72,0.45,218.0,0.01,0.02,2346.403551,1776275521000
1776275523.885,123.885,0.56,10.0,0.55,689.0,0.57,121.73,0.58,130.0,0.43,175.0,0.42,209.0,0.45,689.0,0.46,382.0,0.01,0.02,2346.319713,1776275522000
1776275524.524,124.524,0.56,871.0,0.55,128.0,0.6,99.34,0.61,100.0,0.43,121.73,0.42,130.0,0.44,10.0,0.45,689.0,0.04,0.01,2346.28872,1776275523000
1776275524.82,124.82,0.65,52.0,0.64,10.0,0.66,3.18,0.67,14.0,0.36,98.78,0.34,74.18,0.4,61.0,0.41,263.0,0.01,0.04,2346.28872,1776275523000
1776275525.266,125.266,0.67,20.0,0.66,159.0,0.68,111.0,0.69,135.0,0.32,59.18,0.31,135.0,0.34,10.0,0.35,83.0,0.01,0.02,2346.28872,1776275524000
1776275528.132,128.132,0.66,24.0,0.65,45.77,0.67,14.0,0.68,200.0,0.32,95.0,0.31,135.0,0.33,15.0,0.34,159.0,0.01,0.01,2346.778749,1776275527000
1776275530.081,130.081,0.65,45.77,0.64,629.0,0.66,164.0,0.67,130.0,0.33,28.85,0.32,225.0,0.35,45.77,0.36,34.0,0.01,0.02,2346.782058,1776275528000
1776275530.996,130.996,0.65,55.77,0.64,519.0,0.67,246.0,0.68,495.0,0.34,150.72,0.33,130.0,0.35,45.77,0.36,514.0,0.02,0.01,2346.633348,1776275530000
1776275531.759,131.759,0.65,535.77,0.64,154.0,0.67,193.04,0.68,15.0,0.33,246.0,0.32,495.0,0.35,55.77,0.36,519.0,0.02,0.02,2346.633348,1776275530000
1776275534.109,134.109,0.65,31.77,0.64,46.0,0.66,302.5,0.67,88.5,0.33,171.04,0.32,15.0,0.34,10.0,0.35,535.77,0.01,0.01,2346.677456,1776275532000
1776275534.316,134.316,0.63,12.0,0.62,33.0,0.64,133.0,0.65,70.5,0.36,53.5,0.35,70.5,0.37,12.0,0.38,33.0,0.01,0.01,2346.677456,1776275532000
1776275534.535,134.535,0.63,12.0,0.62,33.0,0.64,220.0,0.65,88.5,0.36,231.0,0.35,88.5,0.37,12.0,0.38,33.0,0.01,0.01,2346.62893,1776275533000
1776275536.657,136.657,0.58,15.0,0.57,30.0,0.59,836.88,0.6,101.5,0.36,203.0,0.35,88.5,0.37,12.0,0.38,33.0,0.01,0.01,2346.362561,1776275535000
1776275536.979,136.979,0.63,6.0,0.62,21.0,0.64,79.0,0.65,49.79,0.41,643.21,0.4,101.5,0.42,15.0,0.43,30.0,0.01,0.01,2346.362561,1776275535000
1776275537.242,137.242,0.63,15.0,0.62,143.0,0.65,76.19,0.66,639.5,0.36,5.0,0.35,79.2,0.37,6.0,0.38,143.0,0.02,0.01,2346.209419,1776275536000
1776275539.972,139.972,0.64,78.0,0.63,620.0,0.65,20.16,0.66,222.5,0.35,76.19,0.34,639.5,0.37,15.0,0.38,143.0,0.01,0.02,2346.282433,1776275538000
1776275541.625,141.625,0.64,63.0,0.63,630.0,0.65,4.77,0.66,334.5,0.35,20.16,0.34,222.5,0.36,78.0,0.37,620.0,0.01,0.01,2346.43771,1776275540000
1776275541.937,141.937,0.64,49.11,0.63,630.0,0.65,4.77,0.66,334.5,0.35,4.77,0.34,334.5,0.36,63.0,0.37,630.0,0.01,0.01,2346.43771,1776275540000
1776275542.826,142.826,0.65,799.0,0.64,55.11,0.66,4.0,0.69,269.2,0.35,4.77,0.34,334.5,0.36,49.11,0.37,630.0,0.01,0.01,2346.435365,1776275541000
1776275550.381,150.381,0.62,2.36,0.61,21.0,0.63,202.0,0.64,667.5,0.31,219.2,0.3,182.0,0.35,820.0,0.36,60.11,0.01,0.04,2346.387279,1776275549000
1776275550.594,150.594,0.62,2.36,0.61,21.0,0.63,198.84,0.64,667.5,0.37,202.0,0.36,667.5,0.38,2.36,0.39,21.0,0.01,0.01,2346.387279,1776275549000
1776275551.124,151.124,0.61,5.0,0.6,5.0,0.63,689.34,0.64,128.5,0.37,198.84,0.36,667.5,0.38,2.36,0.39,21.0,0.02,0.01,2346.400868,1776275550000
1776275551.874,151.874,0.61,1.15,0.6,5.0,0.62,45.5,0.63,662.34,0.38,8.61,0.37,657.34,0.39,5.0,0.4,5.0,0.01,0.01,2346.400868,1776275550000
1776275553.622,153.622,0.6,35.0,0.59,297.0,0.61,26.91,0.62,5.0,0.38,45.5,0.37,662.34,0.39,1.15,0.4,5.0,0.01,0.01,2346.328519,1776275552000
1776275555.803,155.803,0.62,46.73,0.61,38.0,0.63,132.0,0.64,15.5,0.39,26.91,0.38,5.0,0.4,35.0,0.41,297.0,0.01,0.01,2346.252297,1776275554000
1776275556.879,156.879,0.62,651.46,0.61,68.0,0.63,10.0,0.64,15.5,0.37,132.0,0.36,15.5,0.38,46.73,0.39,38.0,0.01,0.01,2346.276242,1776275555000
1776275559.197,159.197,0.64,10.0,0.63,15.0,0.67,36.13,0.68,99.7,0.37,10.0,0.36,15.5,0.38,651.46,0.39,68.0,0.03,0.01,2346.391512,1776275558000
1776275559.579,159.579,0.66,694.0,0.65,15.0,0.68,16.5,0.69,213.7,0.33,36.13,0.32,99.7,0.36,10.0,0.37,15.0,0.02,0.03,2346.391512,1776275558000
1776275561.081,161.081,0.67,88.0,0.66,552.0,0.68,14.02,0.69,272.0,0.32,16.5,0.31,213.7,0.34,694.0,0.35,15.0,0.01,0.02,2346.391615,1776275559000
1776275561.336,161.336,0.66,41.0,0.65,130.0,0.68,24.02,0.69,272.0,0.32,14.02,0.31,272.0,0.33,88.0,0.34,552.0,0.02,0.01,2346.391615,1776275559000
1776275562.788,162.788,0.65,495.0,0.64,25.0,0.66,20.34,0.67,45.5,0.32,24.02,0.31,272.0,0.34,41.0,0.35,130.0,0.01,0.02,2346.516211,1776275561000
1776275563.338,163.338,0.65,466.42,0.64,25.0,0.66,15.34,0.67,45.5,0.34,20.34,0.33,45.5,0.35,495.0,0.36,25.0,0.01,0.01,2346.521787,1776275562000
1776275564.195,164.195,0.65,25.0,0.64,26.0,0.66,16.75,0.67,627.5,0.34,15.34,0.33,45.5,0.35,466.42,0.36,25.0,0.01,0.01,2346.535945,1776275563000
1776275566.942,166.942,0.64,1.8,0.63,765.0,0.66,146.75,0.67,622.5,0.34,16.75,0.33,627.5,0.35,25.0,0.36,26.0,0.02,0.01,2346.43837,1776275565000
1776275574.847,174.847,0.61,85.0,0.6,25.0,0.63,10.0,0.64,874.49,0.34,146.75,0.33,622.5,0.36,1.8,0.37,765.0,0.02,0.02,2346.462502,1776275572000
1776275575.16,175.16,0.62,10.0,0.61,70.0,0.64,542.08,0.65,70.5,0.36,530.08,0.35,65.5,0.39,95.0,0.4,282.5,0.02,0.03,2346.360266,1776275573000
1776275576.094,176.094,0.62,218.2,0.61,670.0,0.64,69.66,0.65,58.5,0.36,542.08,0.35,70.5,0.38,10.0,0.39,70.0,0.02,0.02,2346.3241,1776275575000
1776275576.442,176.442,0.62,186.88,0.61,670.0,0.64,69.66,0.65,58.5,0.36,69.66,0.35,58.5,0.38,218.2,0.39,670.0,0.02,0.02,2346.3241,1776275575000
1776275578.532,178.532,0.63,15.26,0.62,142.0,0.64,188.44,0.65,642.5,0.36,69.66,0.35,58.5,0.38,186.88,0.39,670.0,0.01,0.02,2346.305665,1776275577000
1776275579.308,179.308,0.63,0.26,0.61,55.0,0.64,1009.74,0.65,72.5,0.36,188.44,0.35,642.5,0.37,15.26,0.38,142.0,0.01,0.01,2346.305665,1776275577000
1776275579.522,179.522,0.59,75.0,0.58,35.0,0.62,35.5,0.63,25.5,0.36,1056.74,0.35,79.5,0.39,17.76,0.4,25.0,0.03,0.03,2346.30298,1776275578000
1776275579.757,179.757,0.58,25.0,0.57,115.0,0.59,65.24,0.6,778.5,0.38,35.5,0.37,25.5,0.41,75.0,0.42,35.0,0.01,0.03,2346.30298,1776275578000
1776275580.394,180.394,0.57,15.0,0.56,182.0,0.58,642.82,0.59,182.24,0.41,65.24,0.4,778.5,0.42,25.0,0.43,115.0,0.01,0.01,2346.289972,1776275579000
1776275580.894,180.894,0.55,252.0,0.54,298.5,0.57,25.0,0.58,642.82,0.42,642.82,0.41,182.24,0.43,15.0,0.44,182.0,0.02,0.01,2346.289972,1776275579000
1776275581.261,181.261,0.55,63.0,0.54,298.5,0.56,15.0,0.57,20.0,0.44,10.0,0.43,20.0,0.45,147.0,0.46,298.5,0.01,0.01,2346.1941,1776275580000
1776275582.689,182.689,0.54,991.5,0.53,117.3,0.57,10.0,0.58,22.82,0.44,15.0,0.43,20.0,0.45,63.0,0.46,298.5,0.03,0.01,2346.021962,1776275581000
1776275583.013,183.013,0.56,162.5,0.55,145.5,0.57,2.64,0.58,10.0,0.43,10.0,0.42,22.82,0.46,991.5,0.47,117.3,0.01,0.03,2346.021962,1776275581000
1776275583.265,183.265,0.56,803.5,0.55,30.5,0.58,0.73,0.59,10.17,0.43,2.64,0.42,10.0,0.44,162.5,0.45,145.5,0.02,0.01,2346.021962,1776275581000
1776275583.487,183.487,0.58,887.5,0.57,109.5,0.59,5.17,0.62,25.0,0.42,0.73,0.41,10.17,0.44,803.5,0.45,30.5,0.01,0.02,2345.98534,1776275582000
1776275583.833,183.833,0.63,864.0,0.62,30.5,0.65,50.0,0.66,25.0,0.38,25.0,0.36,15.0,0.42,928.5,0.43,109.5,0.02,0.04,2345.98534,1776275582000
1776275584.442,184.442,0.65,17.38,0.64,64.0,0.66,30.0,0.67,15.5,0.35,50.0,0.34,25.0,0.37,864.0,0.38,30.5,0.01,0.02,2345.98534,1776275583000
1776275585.35,185.35,0.65,33.4,0.64,809.0,0.67,15.5,0.68,10.0,0.34,30.0,0.33,15.5,0.35,17.38,0.36,64.0,0.02,0.01,2346.016309,1776275584000
1776275585.594,185.594,0.66,72.05,0.65,33.4,0.67,10.5,0.68,10.0,0.33,15.5,0.32,10.0,0.35,33.4,0.36,809.0,0.01,0.02,2346.016309,1776275584000
1776275587.304,187.304,0.67,239.0,0.66,177.05,0.69,25.0,0.7,122.0,0.33,10.5,0.32,10.0,0.34,72.05,0.35,33.4,0.02,0.01,2346.335211,1776275585000
1776275589.524,189.524,0.68,743.0,0.67,110.0,0.69,4.5,0.7,5.0,0.31,25.0,0.3,122.0,0.33,239.0,0.34,177.05,0.01,0.02,2346.431063,1776275588000
1776275589.947,189.947,0.69,101.0,0.68,657.0,0.7,9.0,0.71,10.0,0.3,3.5,0.29,30.0,0.32,743.0,0.33,110.0,0.01,0.02,2346.431063,1776275588000
1776275591.343,191.343,0.69,225.0,0.68,542.0,0.7,9.0,0.71,10.0,0.3,9.0,0.29,10.0,0.31,101.0,0.32,657.0,0.01,0.01,2346.441864,1776275590000
1776275592.191,192.191,0.71,74.0,0.7,15.0,0.72,196.66,0.73,10.0,0.28,69.16,0.27,15.0,0.31,230.0,0.32,542.0,0.01,0.03,2346.441864,1776275590000
1776275592.793,192.793,0.71,57.4,0.7,15.0,0.72,247.66,0.73,510.0,0.28,196.66,0.27,10.0,0.29,74.0,0.3,15.0,0.01,0.01,2346.473646,1776275591000
1776275593.585,193.585,0.71,111.4,0.7,25.0,0.72,242.66,0.73,519.0,0.28,247.66,0.27,510.0,0.29,57.4,0.3,15.0,0.01,0.01,2346.478688,1776275592000
1776275594.361,194.361,0.69,112.4,0.68,654.0,0.72,242.66,0.73,535.0,0.28,242.66,0.27,519.0,0.29,111.4,0.3,25.0,0.03,0.01,2346.478688,1776275592000
1776275595.01,195.01,0.69,195.4,0.68,659.0,0.7,10.21,0.71,25.5,0.28,242.66,0.27,535.0,0.31,112.4,0.32,654.0,0.01,0.03,2346.515608,1776275593000
1776275596.499,196.499,0.69,210.4,0.68,664.5,0.7,8.17,0.71,35.78,0.3,10.21,0.29,25.5,0.31,195.4,0.32,659.0,0.01,0.01,2346.516345,1776275595000
1776275597.001,197.001,0.69,190.4,0.68,664.5,0.7,1.17,0.71,35.78,0.3,8.17,0.29,35.78,0.31,210.4,0.32,664.5,0.01,0.01,2346.516345,1776275595000
1776275597.514,197.514,0.69,197.17,0.68,669.5,0.7,1.17,0.71,35.78,0.3,1.17,0.29,35.78,0.31,190.4,0.32,664.5,0.01,0.01,2346.516345,1776275595000
1776275597.811,197.811,0.7,9.83,0.69,208.17,0.71,35.78,0.72,137.5,0.3,1.17,0.29,35.78,0.31,197.17,0.32,669.5,0.01,0.01,2346.517633,1776275596000
1776275598.558,198.558,0.7,88.0,0.69,10.0,0.71,162.78,0.72,520.5,0.29,35.78,0.28,137.5,0.3,9.83,0.31,208.17,0.01,0.01,2346.517633,1776275597000
1776275600.454,200.454,0.7,75.0,0.69,125.0,0.71,162.78,0.72,635.5,0.29,167.78,0.28,520.5,0.3,76.0,0.31,10.0,0.01,0.01,2346.506359,1776275599000
1776275603.566,203.566,0.63,25.0,0.62,6.0,0.64,762.84,0.65,118.5,0.29,162.78,0.28,635.5,0.3,75.0,0.31,125.0,0.01,0.01,2346.48207,1776275602000
1776275605.191,205.191,0.62,10.0,0.61,137.5,0.63,73.69,0.64,51.5,0.36,762.84,0.35,118.5,0.37,25.0,0.38,6.0,0.01,0.01,2346.167979,1776275604000
1776275605.421,205.421,0.61,142.5,0.6,20.5,0.64,316.07,0.65,187.5,0.37,73.69,0.36,51.5,0.38,10.0,0.39,137.5,0.03,0.01,2346.167979,1776275604000
1776275607.057,207.057,0.67,6.0,0.66,6.0,0.7,50.0,0.72,15.0,0.36,316.07,0.35,187.5,0.39,142.5,0.4,20.5,0.03,0.03,2346.105798,1776275605000
1776275608.678,208.678,0.72,42.0,0.71,32.0,0.73,35.5,0.74,602.0,0.27,10.5,0.26,122.0,0.29,16.0,0.3,32.0,0.01,0.02,2346.105792,1776275606000
1776275609.368,209.368,0.72,32.0,0.71,264.0,0.73,35.5,0.74,597.0,0.27,35.5,0.26,602.0,0.28,42.0,0.29,32.0,0.01,0.01,2346.078325,1776275607000
1776275610.132,210.132,0.72,32.0,0.71,264.0,0.73,20.89,0.74,607.5,0.27,35.5,0.26,597.0,0.28,32.0,0.29,264.0,0.01,0.01,2346.434344,1776275608000
1776275611.595,211.595,0.72,899.5,0.71,64.5,0.76,20.0,0.77,100.0,0.27,20.89,0.26,607.5,0.28,32.0,0.29,264.0,0.04,0.01,2346.517909,1776275610000
1776275611.95,211.95,0.78,129.45,0.77,630.22,0.79,10.5,0.8,43.86,0.21,60.5,0.2,43.86,0.23,16.22,0.24,22.0,0.01,0.02,2346.517909,1776275610000
1776275612.421,212.421,0.79,17.0,0.78,150.45,0.8,24.41,0.81,335.86,0.21,10.5,0.2,43.86,0.22,129.45,0.23,630.22,0.01,0.01,2346.534016,1776275611000
1776275613.159,213.159,0.79,163.0,0.78,158.0,0.81,277.9,0.82,30.86,0.2,24.41,0.19,335.86,0.21,17.0,0.22,150.45,0.02,0.01,2346.534016,1776275611000
1776275613.431,213.431,0.8,10.0,0.79,648.0,0.81,96.61,0.82,141.86,0.19,277.9,0.18,30.86,0.21,163.0,0.22,158.0,0.01,0.02,2346.534016,1776275611000
1776275613.719,213.719,0.8,22.0,0.79,760.0,0.81,71.73,0.82,19.36,0.19,83.47,0.18,17.86,0.2,10.0,0.21,755.0,0.01,0.01,2346.58764,1776275612000
1776275614.222,214.222,0.8,649.98,0.79,48.0,0.81,64.69,0.82,62.94,0.19,77.04,0.18,19.36,0.2,26.98,0.21,774.0,0.01,0.01,2346.793785,1776275613000
1776275614.658,214.658,0.83,142.48,0.82,547.5,0.84,64.29,0.85,125.86,0.16,87.86,0.15,8.86,0.17,7.48,0.18,53.5,0.01,0.01,2346.793785,1776275613000
1776275615.295,215.295,0.83,668.48,0.82,89.5,0.85,125.86,0.86,39.36,0.16,52.82,0.15,125.86,0.17,656.48,0.18,82.5,0.02,0.01,2346.83594,1776275614000
1776275615.695,215.695,0.84,15.0,0.83,658.48,0.85,190.41,0.86,39.36,0.15,186.59,0.14,39.36,0.16,15.0,0.17,663.48,0.01,0.01,2346.83594,1776275614000
1776275616.324,216.324,0.84,1135.5,0.83,91.98,0.85,56.68,0.86,28.86,0.15,190.41,0.14,39.36,0.16,15.0,0.17,658.48,0.01,0.01,2346.83594,1776275614000
1776275616.625,216.625,0.89,572.5,0.88,96.5,0.93,3.88,0.94,190.8,0.12,10.0,0.11,60.0,0.15,10.0,0.16,1235.5,0.04,0.03,2347.06177,1776275615000
1776275617.003,217.003,0.93,806.5,0.92,205.5,0.95,238.8,0.96,785.8,0.06,193.56,0.05,137.8,0.08,67.5,0.09,148.5,0.02,0.02,2347.160052,1776275616000
1776275617.438,217.438,0.94,266.5,0.93,697.5,0.95,247.53,0.96,785.8,0.05,238.8,0.04,785.8,0.07,806.5,0.08,205.5,0.01,0.02,2347.160052,1776275616000
1776275617.933,217.933,0.94,280.0,0.93,683.5,0.95,720.23,0.96,294.8,0.05,247.53,0.04,785.8,0.06,266.5,0.07,697.5,0.01,0.01,2347.160052,1776275616000
1776275619.77,219.77,0.94,141.5,0.93,785.5,0.95,754.43,0.96,200.8,0.05,720.23,0.04,294.8,0.06,280.0,0.07,683.5,0.01,0.01,2348.164447,1776275618000
1776275620.003,220.003,0.94,141.5,0.93,795.5,0.95,754.43,0.96,189.8,0.05,754.43,0.04,200.8,0.06,141.5,0.07,785.5,0.01,0.01,2348.164447,1776275618000
1776275620.947,220.947,0.94,171.5,0.93,823.3,0.95,749.43,0.96,190.8,0.05,754.43,0.04,189.8,0.06,141.5,0.07,795.5,0.01,0.01,2348.285648,1776275619000
1776275621.626,221.626,0.94,239.44,0.93,708.3,0.95,842.2,0.96,189.8,0.05,749.43,0.04,190.8,0.06,171.5,0.07,823.3,0.01,0.01,2348.197541,1776275620000
1776275621.974,221.974,0.94,186.5,0.93,608.3,0.95,833.38,0.96,183.8,0.05,842.2,0.04,189.8,0.06,239.44,0.07,708.3,0.01,0.01,2348.197541,1776275620000
1776275622.358,222.358,0.94,186.5,0.93,608.3,0.95,816.73,0.96,179.8,0.05,833.38,0.04,183.8,0.06,186.5,0.07,608.3,0.01,0.01,2348.192835,1776275621000
1776275622.813,222.813,0.94,170.5,0.93,755.3,0.95,108.94,0.96,880.8,0.05,811.19,0.04,179.8,0.06,186.5,0.07,608.3,0.01,0.01,2348.192835,1776275621000
1776275623.494,223.494,0.94,687.5,0.93,256.3,0.95,107.88,0.96,880.8,0.05,108.94,0.04,880.8,0.06,170.5,0.07,755.3,0.01,0.01,2348.192835,1776275621000
1776275623.848,223.848,0.94,834.5,0.93,129.3,0.96,768.8,0.97,512.7,0.05,107.88,0.04,880.8,0.06,687.5,0.07,256.3,0.02,0.01,2348.192835,1776275621000
1776275624.374,224.374,0.95,147.5,0.94,736.5,0.96,865.59,0.97,678.7,0.04,769.59,0.03,512.7,0.05,25.5,0.06,839.5,0.01,0.01,2348.276528,1776275622000
1776275626.119,226.119,0.95,12.5,0.94,750.5,0.96,897.0,0.97,538.7,0.04,985.59,0.03,563.7,0.05,129.63,0.06,607.5,0.01,0.01,2348.385986,1776275624000
1776275628.057,228.057,0.95,25.68,0.94,270.5,0.96,892.0,0.97,537.7,0.04,897.0,0.03,538.7,0.05,12.5,0.06,750.5,0.01,0.01,2348.323142,1776275626000
1776275629.184,229.184,0.95,131.05,0.94,723.5,0.96,655.0,0.97,529.7,0.04,892.0,0.03,537.7,0.05,25.68,0.06,270.5,0.01,0.01,2348.33103,1776275627000
1776275630.245,230.245,0.95,69.61,0.94,241.5,0.96,605.0,0.97,529.7,0.04,655.0,0.03,529.7,0.05,131.05,0.06,723.5,0.01,0.01,2348.31572,1776275628000
1776275630.821,230.821,0.94,125.0,0.93,872.6,0.96,848.0,0.97,556.7,0.04,605.0,0.03,529.7,0.05,69.61,0.06,241.5,0.02,0.01,2348.347002,1776275629000
1776275631.476,231.476,0.95,406.86,0.94,733.8,0.97,96.0,0.98,509.77,0.04,843.0,0.03,556.7,0.06,95.0,0.07,872.6,0.02,0.02,2348.351559,1776275630000
1776275631.727,231.727,0.96,296.97,0.95,1024.86,0.97,80.48,0.98,248.07,0.03,96.0,0.02,509.77,0.05,406.86,0.06,733.8,0.01,0.02,2348.351559,1776275630000
1776275632.013,232.013,0.96,1035.34,0.95,371.66,0.98,408.07,0.99,8077.6,0.03,57.48,0.02,408.07,0.04,1030.34,0.05,371.66,0.02,0.01,2348.351559,1776275630000
1776275632.43,232.43,0.97,48.5,0.96,182.34,0.98,1243.77,0.99,7895.6,0.02,408.07,0.01,8077.6,0.04,1035.34,0.05,371.66,0.01,0.02,2348.438153,1776275631000
1776275632.734,232.734,0.97,57.51,0.96,777.34,0.98,1243.77,0.99,7895.6,0.02,1243.77,0.01,7895.6,0.03,48.5,0.04,182.34,0.01,0.01,2348.438153,1776275631000
1776275632.963,232.963,0.96,695.47,0.95,377.66,0.98,1238.77,0.99,7895.6,0.02,1233.77,0.01,7895.6,0.03,57.51,0.04,777.34,0.02,0.01,2348.438153,1776275631000
1776275633.207,233.207,0.96,715.97,0.95,426.66,0.97,192.5,0.98,1233.77,0.02,1238.77,0.01,7895.6,0.04,695.47,0.05,377.66,0.01,0.02,2348.438153,1776275631000
1776275633.583,233.583,0.96,710.97,0.95,431.66,0.97,190.5,0.98,1233.77,0.03,192.5,0.02,1233.77,0.04,715.97,0.05,426.66,0.01,0.01,2348.438153,1776275631000
1776275633.839,233.839,0.96,804.67,0.95,431.66,0.97,189.46,0.98,1233.77,0.03,190.5,0.02,1233.77,0.04,710.97,0.05,431.66,0.01,0.01,2348.438153,1776275631000
1776275634.376,234.376,0.96,804.67,0.95,431.66,0.97,8.0,0.98,1386.77,0.03,9.0,0.02,1386.77,0.04,809.67,0.05,431.66,0.01,0.01,2349.02921,1776275632000
1776275634.758,234.758,0.96,809.67,0.95,436.66,0.97,2.34,0.98,1386.77,0.03,2.84,0.02,1386.77,0.04,809.67,0.05,431.66,0.01,0.01,2349.02921,1776275632000
1776275636.106,236.106,0.96,860.19,0.95,304.66,0.98,1902.32,0.99,7542.59,0.03,2.34,0.02,1386.77,0.04,809.67,0.05,436.66,0.02,0.01,2348.933171,1776275634000
1776275636.387,236.387,0.96,832.49,0.95,260.66,0.98,1902.32,0.99,7442.59,0.02,1902.32,0.01,7542.59,0.04,860.19,0.05,304.66,0.02,0.02,2348.933171,1776275634000
1776275636.906,236.906,0.96,744.5,0.95,299.66,0.98,1810.17,0.99,7442.59,0.02,1902.32,0.01,7442.59,0.04,827.49,0.05,260.66,0.02,0.02,2348.895769,1776275635000
1776275637.682,237.682,0.96,679.49,0.95,260.66,0.98,1115.17,0.99,7442.59,0.02,1810.17,0.01,7442.59,0.04,744.5,0.05,299.66,0.02,0.02,2348.889669,1776275636000
1776275638.064,238.064,0.96,699.7,0.95,410.66,0.98,900.2,0.99,7442.59,0.02,985.7,0.01,7448.59,0.04,756.7,0.05,410.66,0.02,0.02,2348.889669,1776275636000
1776275638.268,238.268,0.96,699.7,0.95,410.66,0.98,694.92,0.99,7442.59,0.02,694.92,0.01,7442.59,0.04,699.7,0.05,410.66,0.02,0.02,2348.889669,1776275636000
1776275638.489,238.489,0.97,28.31,0.96,699.7,0.98,694.42,0.99,7442.59,0.02,694.92,0.01,7442.59,0.04,699.7,0.05,410.66,0.01,0.02,2348.889669,1776275636000
1776275638.948,238.948,0.97,63.31,0.96,680.7,0.98,568.29,0.99,7442.59,0.02,694.42,0.01,7442.59,0.03,28.31,0.04,699.7,0.01,0.01,2349.03279,1776275637000
1776275639.279,239.279,0.97,17.31,0.96,636.7,0.98,1484.66,0.99,7558.59,0.02,1179.99,0.01,7558.59,0.03,17.31,0.04,636.7,0.01,0.01,2349.03279,1776275637000
1776275639.564,239.564,0.96,692.7,0.95,250.8,0.98,1176.57,0.99,7468.28,0.02,1177.6,0.01,7568.28,0.04,687.7,0.05,261.3,0.02,0.02,2349.03279,1776275637000
1776275639.79,239.79,0.96,687.7,0.95,365.8,0.98,1175.39,0.99,7453.59,0.02,1176.42,0.01,7442.59,0.04,687.7,0.05,250.8,0.02,0.02,2348.997271,1776275638000
1776275641.004,241.004,0.97,508.0,0.96,180.7,0.98,979.6,0.99,7513.59,0.02,1169.36,0.01,7453.59,0.04,687.7,0.05,365.8,0.01,0.02,2348.982366,1776275639000
1776275641.295,241.295,0.97,503.0,0.96,159.7,0.98,948.61,0.99,7513.59,0.02,979.6,0.01,7513.59,0.03,508.0,0.04,180.7,0.01,0.01,2348.982366,1776275639000
1776275641.541,241.541,0.97,514.0,0.96,159.7,0.98,1547.61,0.99,7513.59,0.02,852.61,0.01,7513.59,0.03,508.0,0.04,159.7,0.01,0.01,2348.839658,1776275640000
1776275643.17,243.17,0.97,685.7,0.96,281.7,0.98,263.9,0.99,7468.29,0.02,1540.56,0.01,7513.59,0.03,514.0,0.04,159.7,0.01,0.01,2348.788763,1776275641000
1776275643.91,243.91,0.98,188.7,0.97,295.7,0.99,7620.59,,,0.02,263.9,0.01,7468.29,0.03,685.7,0.04,281.7,0.01,0.01,2348.788839,1776275642000
1776275644.121,244.121,0.98,204.7,0.97,410.7,0.99,7724.57,,,0.01,7614.57,,,0.02,194.7,0.03,410.7,0.01,0.01,2348.788839,1776275642000
1776275645.832,245.832,0.98,130.0,0.97,169.7,0.99,7871.83,,,0.01,7722.55,,,0.02,199.7,0.03,422.7,0.01,0.01,2349.168875,1776275644000
1776275646.391,246.391,0.98,868.7,0.97,343.7,0.99,7699.88,,,0.01,7851.83,,,0.02,313.7,0.03,649.7,0.01,0.01,2349.122735,1776275645000
1776275646.699,246.699,0.98,868.7,0.97,343.7,0.99,7649.38,,,0.01,7699.88,,,0.02,868.7,0.03,343.7,0.01,0.01,2349.122735,1776275645000
1776275647.169,247.169,0.98,885.7,0.97,348.7,0.99,7635.79,,,0.01,7641.38,,,0.02,873.7,0.03,343.7,0.01,0.01,2349.122735,1776275645000
1776275648.838,248.838,0.98,885.7,0.97,327.7,0.99,7679.75,,,0.01,7629.77,,,0.02,885.7,0.03,348.7,0.01,0.01,2349.184772,1776275647000
1776275649.399,249.399,0.98,1160.17,0.97,148.7,0.99,1956.67,,,0.01,7670.67,,,0.02,880.7,0.03,327.7,0.01,0.01,2349.184772,1776275647000
1776275650.585,250.585,0.98,1157.17,0.97,215.7,0.99,1855.64,,,0.01,1952.67,,,0.02,1167.17,0.03,178.7,0.01,0.01,2349.197592,1776275649000
1776275652.11,252.11,0.99,194.24,0.98,438.17,,,,,,,,,0.02,1157.17,0.03,215.7,,,2349.63199,1776275651000
1776275653.603,253.603,0.99,249.82,0.98,438.17,,,,,,,,,0.01,194.24,0.02,438.17,,,2349.620406,1776275652000
1776275656.004,256.004,0.99,332.48,0.98,327.17,,,,,,,,,0.01,249.82,0.02,438.17,,,2349.621597,1776275654000
1776275656.311,256.311,0.99,312.48,0.98,301.7,,,,,,,,,0.01,332.48,0.02,327.17,,,2349.638863,1776275655000
1776275658.851,258.851,0.99,245.56,0.98,301.7,,,,,,,,,0.01,252.48,0.02,301.7,,,2349.554312,1776275656000
1776275675.071,275.071,0.99,317.55,0.98,309.24,,,,,,,,,0.01,245.56,0.02,301.7,,,2349.209706,1776275674000
1776275691.21,291.21,0.99,4783.48,0.98,191.0,,,,,,,,,0.01,317.55,0.02,309.24,,,2348.779447,1776275689000
1776275691.57,291.57,0.99,4710.48,0.98,91.0,,,,,,,,,0.01,4783.48,0.02,191.0,,,2348.748773,1776275690000

# RESULT,winner=Up,slug=eth-updown-5m-1776275400,ticks=322
