timestamp,elapsed_sec,up_bid_p1,up_bid_s1,up_bid_p2,up_bid_s2,up_ask_p1,up_ask_s1,up_ask_p2,up_ask_s2,down_bid_p1,down_bid_s1,down_bid_p2,down_bid_s2,down_ask_p1,down_ask_s1,down_ask_p2,down_ask_s2,up_spread,down_spread,eth_price,eth_oracle_ts
1776360600.515,0.515,0.49,4.05,0.48,100.0,0.51,5.0,0.52,105.01,0.49,5.0,0.48,105.01,0.5,3.04,0.51,5.0,0.02,0.01,2325.292118,1776360599000
1776360600.745,0.745,0.48,83.56,0.45,78.88,0.51,13.36,0.52,105.01,0.49,5.0,0.48,105.01,0.51,4.05,0.52,100.0,0.03,0.02,2325.292118,1776360599000
1776360601.059,1.059,0.48,83.56,0.45,78.88,0.51,4.81,0.52,105.01,0.49,4.81,0.48,105.01,0.52,83.56,0.55,78.88,0.03,0.03,2325.250571,1776360600000
1776360601.292,1.292,0.48,81.63,0.45,78.88,0.49,5.0,0.51,9.81,0.49,4.81,0.48,105.01,0.52,83.56,0.55,78.88,0.01,0.03,2325.250571,1776360600000
1776360601.664,1.664,0.48,77.7,0.45,78.88,0.49,5.0,0.51,9.81,0.51,5.0,0.49,9.81,0.52,81.63,0.55,78.88,0.01,0.01,2325.250571,1776360600000
1776360602.099,2.099,0.48,77.7,0.45,78.88,0.51,9.81,0.52,105.01,0.49,9.81,0.48,105.01,0.52,77.7,0.55,78.88,0.03,0.03,2324.962715,1776360601000
1776360602.31,2.31,0.48,75.77,0.45,78.88,0.51,9.81,0.52,105.01,0.49,9.81,0.48,105.01,0.52,77.7,0.55,78.88,0.03,0.03,2324.962715,1776360601000
1776360602.61,2.61,0.48,66.37,0.45,78.88,0.51,9.81,0.52,110.01,0.49,9.81,0.48,105.01,0.52,69.95,0.55,78.88,0.03,0.03,2324.962715,1776360601000
1776360602.993,2.993,0.48,43.49,0.45,78.88,0.49,5.0,0.5,5.0,0.49,9.81,0.48,110.01,0.52,62.73,0.55,78.88,0.01,0.03,2324.962715,1776360601000
1776360603.986,3.986,0.48,43.49,0.45,78.88,0.49,5.0,0.5,5.0,0.51,5.0,0.5,5.0,0.52,43.49,0.55,78.88,0.01,0.01,2324.617749,1776360603000
1776360604.972,4.972,0.48,43.49,0.45,78.88,0.49,5.0,0.5,5.0,0.51,5.0,0.5,5.0,0.52,43.49,0.55,78.88,0.01,0.01,2324.416433,1776360604000
1776360605.295,5.295,0.48,53.49,0.47,10.0,0.5,85.0,0.51,28.17,0.51,12.95,0.5,85.0,0.52,43.49,0.55,88.88,0.02,0.01,2324.416433,1776360604000
1776360605.789,5.789,0.48,43.49,0.47,15.0,0.49,2.0,0.5,80.0,0.5,80.0,0.49,28.17,0.52,53.49,0.53,10.0,0.01,0.02,2324.416433,1776360604000
1776360606.026,6.026,0.48,43.49,0.46,15.0,0.5,79.96,0.51,28.17,0.5,79.96,0.49,28.17,0.52,43.49,0.54,15.0,0.02,0.02,2324.369813,1776360605000
1776360606.611,6.611,0.48,43.49,0.46,5.0,0.49,7.95,0.5,79.96,0.5,79.96,0.49,28.17,0.52,43.49,0.54,15.0,0.01,0.02,2324.369813,1776360605000
1776360607.173,7.173,0.48,41.56,0.46,20.0,0.49,25.9,0.5,84.96,0.51,5.9,0.5,79.96,0.52,43.49,0.54,5.0,0.01,0.01,2324.369813,1776360605000
1776360608.26,8.26,0.48,56.56,0.47,25.0,0.51,28.17,0.52,125.01,0.51,25.9,0.5,84.96,0.52,41.56,0.54,20.0,0.03,0.01,2324.752238,1776360606000
1776360608.464,8.464,0.49,3.03,0.48,61.56,0.51,15.32,0.52,125.01,0.49,15.52,0.48,125.01,0.51,3.03,0.52,61.56,0.02,0.02,2324.724306,1776360607000
1776360608.894,8.894,0.5,5.0,0.49,3.03,0.51,28.35,0.52,125.01,0.49,15.32,0.48,125.01,0.51,3.03,0.52,61.56,0.01,0.02,2324.724306,1776360607000
1776360609.249,9.249,0.5,29.2,0.49,48.03,0.52,129.44,0.53,45.0,0.49,28.35,0.48,125.01,0.5,5.0,0.51,3.03,0.02,0.01,2324.724306,1776360607000
1776360609.465,9.465,0.5,29.2,0.49,48.03,0.52,126.44,0.53,45.0,0.48,126.44,0.47,45.0,0.5,29.2,0.51,48.03,0.02,0.02,2324.774509,1776360608000
1776360609.885,9.885,0.51,44.2,0.5,175.0,0.52,88.63,0.53,35.0,0.48,112.56,0.47,45.0,0.5,170.0,0.51,113.03,0.01,0.02,2324.774509,1776360608000
1776360610.107,10.107,0.51,5.0,0.5,165.0,0.52,88.34,0.53,35.0,0.48,83.63,0.47,40.0,0.49,34.2,0.5,170.0,0.01,0.01,2324.848238,1776360609000
1776360610.335,10.335,0.51,20.5,0.5,287.0,0.52,133.07,0.53,35.0,0.48,88.34,0.47,35.0,0.49,5.0,0.5,165.0,0.01,0.01,2324.848238,1776360609000
1776360610.558,10.558,0.51,20.5,0.5,287.0,0.52,88.07,0.53,35.0,0.48,98.07,0.47,35.0,0.49,20.5,0.5,287.0,0.01,0.01,2324.848238,1776360609000
1776360612.693,12.693,0.51,242.99,0.5,46.5,0.52,50.64,0.53,35.0,0.48,86.14,0.47,40.0,0.49,20.5,0.5,287.0,0.01,0.01,2325.262365,1776360611000
1776360613.101,13.101,0.53,16.0,0.52,71.0,0.57,15.0,0.58,132.0,0.47,35.0,0.46,10.0,0.49,262.19,0.5,46.5,0.04,0.02,2325.262365,1776360611000
1776360613.352,13.352,0.55,190.0,0.54,90.5,0.56,8.71,0.57,15.0,0.43,15.0,0.42,132.0,0.47,16.0,0.48,71.0,0.01,0.04,2325.283555,1776360612000
1776360613.859,13.859,0.55,202.77,0.54,85.0,0.56,11.92,0.57,132.0,0.44,6.92,0.43,15.0,0.45,200.0,0.46,80.0,0.01,0.01,2325.281911,1776360613000
1776360614.443,14.443,0.57,15.0,0.56,100.0,0.58,7.58,0.59,157.0,0.44,11.92,0.43,132.0,0.45,202.77,0.46,85.0,0.01,0.01,2325.281911,1776360613000
1776360614.737,14.737,0.57,51.87,0.56,100.0,0.58,16.63,0.59,157.0,0.42,20.5,0.41,157.0,0.43,51.87,0.44,100.0,0.01,0.01,2325.281911,1776360613000
1776360614.984,14.984,0.57,35.0,0.56,105.0,0.59,156.01,0.6,75.0,0.41,156.01,0.4,75.0,0.43,35.0,0.44,100.0,0.02,0.02,2325.654938,1776360614000
1776360615.352,15.352,0.57,16.18,0.56,105.0,0.58,12.0,0.59,156.01,0.41,156.01,0.4,149.18,0.43,31.18,0.44,105.0,0.01,0.02,2325.654938,1776360614000
1776360616.007,16.007,0.57,2.23,0.56,145.0,0.58,69.95,0.59,166.01,0.42,12.0,0.41,156.01,0.43,16.18,0.44,105.0,0.01,0.01,2325.774107,1776360615000
1776360618.696,18.696,0.57,7.23,0.56,155.0,0.58,132.0,0.59,64.01,0.42,69.95,0.41,166.01,0.43,2.23,0.44,145.0,0.01,0.01,2325.900057,1776360617000
1776360620.418,20.418,0.57,15.0,0.56,202.0,0.58,12.0,0.59,84.51,0.42,132.0,0.41,64.01,0.43,5.0,0.44,155.0,0.01,0.01,2325.92092,1776360619000
1776360620.699,20.699,0.57,59.2,0.56,217.5,0.58,9.94,0.59,191.51,0.42,12.0,0.41,84.51,0.43,15.0,0.44,202.0,0.01,0.01,2325.92092,1776360619000
1776360620.941,20.941,0.57,25.0,0.56,90.0,0.58,1.21,0.59,191.51,0.42,2.94,0.41,191.51,0.43,44.2,0.44,207.0,0.01,0.01,2325.92092,1776360619000
1776360623.724,23.724,0.57,10.0,0.56,100.0,0.58,202.77,0.59,124.51,0.42,1.21,0.41,191.51,0.43,25.0,0.44,90.0,0.01,0.01,2325.902543,1776360622000
1776360627.137,27.137,0.58,43.64,0.57,50.5,0.59,207.5,0.6,90.5,0.42,202.77,0.41,124.51,0.43,10.0,0.44,100.0,0.01,0.01,2325.988002,1776360626000
1776360627.397,27.397,0.58,38.64,0.57,50.5,0.59,207.5,0.6,90.5,0.41,207.5,0.4,90.5,0.42,43.64,0.43,50.5,0.01,0.01,2325.988002,1776360626000
1776360630.136,30.136,0.58,127.84,0.57,45.0,0.59,220.5,0.6,90.5,0.41,207.5,0.4,90.5,0.42,38.64,0.43,50.5,0.01,0.01,2325.990293,1776360629000
1776360630.684,30.684,0.58,134.84,0.57,55.5,0.59,51.41,0.6,207.5,0.41,220.5,0.4,90.5,0.42,127.84,0.43,45.0,0.01,0.01,2325.990293,1776360629000
1776360631.01,31.01,0.58,117.84,0.57,40.0,0.59,202.5,0.6,90.5,0.41,51.41,0.4,207.5,0.42,134.84,0.43,55.5,0.01,0.01,2325.990293,1776360629000
1776360631.306,31.306,0.58,112.84,0.57,30.0,0.59,202.5,0.6,90.5,0.41,202.5,0.4,90.5,0.42,117.84,0.43,40.0,0.01,0.01,2326.037205,1776360630000
1776360631.508,31.508,0.58,32.84,0.57,30.0,0.59,257.5,0.6,90.5,0.41,202.5,0.4,90.5,0.42,112.84,0.43,30.0,0.01,0.01,2326.037205,1776360630000
1776360632.321,32.321,0.57,105.5,0.56,180.5,0.6,192.0,0.61,130.5,0.41,240.55,0.4,90.5,0.43,30.0,0.44,95.0,0.03,0.02,2325.939157,1776360631000
1776360632.697,32.697,0.59,2.56,0.58,40.0,0.6,207.5,0.61,130.5,0.4,192.0,0.39,130.5,0.43,105.5,0.44,180.5,0.01,0.03,2325.939157,1776360631000
1776360632.955,32.955,0.59,20.12,0.58,30.0,0.6,205.21,0.61,130.5,0.4,221.21,0.39,130.5,0.41,7.56,0.42,25.0,0.01,0.01,2325.939157,1776360631000
1776360633.169,33.169,0.59,22.19,0.58,30.0,0.6,153.54,0.61,130.5,0.4,153.54,0.39,130.5,0.41,25.12,0.42,30.0,0.01,0.01,2325.939157,1776360631000
1776360633.48,33.48,0.59,128.39,0.58,40.5,0.61,120.5,0.62,70.0,0.4,118.68,0.39,120.5,0.41,32.19,0.42,40.5,0.02,0.01,2325.939157,1776360631000
1776360633.87,33.87,0.6,100.0,0.59,52.19,0.61,112.69,0.62,70.0,0.39,116.63,0.38,70.0,0.4,15.0,0.41,71.39,0.01,0.01,2325.872899,1776360632000
1776360634.12,34.12,0.6,75.0,0.59,22.19,0.61,116.05,0.62,70.0,0.39,107.69,0.38,70.0,0.4,70.0,0.41,22.19,0.01,0.01,2325.872899,1776360632000
1776360635.798,35.798,0.6,13.33,0.58,5.0,0.61,173.05,0.62,80.5,0.39,116.05,0.38,70.0,0.4,75.0,0.41,22.19,0.01,0.01,2325.96697,1776360634000
1776360636.261,36.261,0.59,36.5,0.58,25.5,0.61,35.46,0.62,80.5,0.39,173.05,0.38,80.5,0.42,25.5,0.43,40.5,0.02,0.03,2325.96697,1776360634000
1776360636.543,36.543,0.6,47.2,0.59,147.5,0.61,20.0,0.62,65.0,0.39,35.46,0.38,80.5,0.41,36.5,0.42,25.5,0.01,0.02,2326.038758,1776360635000
1776360637.01,37.01,0.63,10.0,0.62,155.0,0.67,102.82,0.68,235.0,0.39,20.0,0.38,65.0,0.4,47.2,0.41,147.5,0.04,0.01,2326.035872,1776360636000
1776360637.399,37.399,0.66,41.0,0.65,120.0,0.67,153.83,0.68,310.0,0.33,110.33,0.32,205.0,0.35,17.69,0.36,80.0,0.01,0.02,2326.035872,1776360636000
1776360637.937,37.937,0.66,41.0,0.65,120.0,0.67,121.96,0.68,310.0,0.33,148.83,0.32,310.0,0.34,41.0,0.35,120.0,0.01,0.01,2326.035872,1776360636000
1776360638.318,38.318,0.66,133.0,0.65,120.0,0.67,30.5,0.68,427.0,0.33,121.96,0.32,310.0,0.34,41.0,0.35,120.0,0.01,0.01,2325.967377,1776360637000
1776360638.853,38.853,0.66,33.0,0.65,130.5,0.67,14.0,0.68,427.0,0.33,30.5,0.32,427.0,0.34,133.0,0.35,120.0,0.01,0.01,2325.967377,1776360637000
1776360639.254,39.254,0.66,131.39,0.65,130.5,0.67,76.97,0.68,427.0,0.33,14.0,0.32,427.0,0.34,33.0,0.35,130.5,0.01,0.01,2325.967377,1776360637000
1776360639.583,39.583,0.66,138.39,0.65,130.5,0.67,74.97,0.68,437.5,0.33,76.97,0.32,427.0,0.34,131.39,0.35,130.5,0.01,0.01,2326.53925,1776360638000
1776360639.855,39.855,0.66,15.39,0.65,15.0,0.67,300.47,0.68,345.5,0.33,183.47,0.32,345.5,0.34,21.39,0.35,15.0,0.01,0.01,2326.53925,1776360638000
1776360640.399,40.399,0.66,22.44,0.65,15.0,0.67,340.47,0.68,345.5,0.33,300.47,0.32,345.5,0.34,15.39,0.35,15.0,0.01,0.01,2326.606549,1776360639000
1776360641.613,41.613,0.63,5.0,0.62,30.0,0.64,84.5,0.65,217.5,0.33,340.47,0.32,345.5,0.34,22.44,0.35,15.0,0.01,0.01,2326.60657,1776360640000
1776360642.402,42.402,0.62,20.0,0.61,10.0,0.63,98.84,0.64,177.5,0.36,60.5,0.35,217.5,0.37,2.29,0.38,30.0,0.01,0.01,2326.625723,1776360641000
1776360642.702,42.702,0.62,7.36,0.61,10.0,0.63,98.84,0.64,177.5,0.37,98.84,0.36,177.5,0.38,20.0,0.39,10.0,0.01,0.01,2326.625723,1776360641000
1776360643.265,43.265,0.62,7.36,0.61,10.0,0.63,64.95,0.64,177.5,0.37,98.84,0.36,177.5,0.38,7.36,0.39,10.0,0.01,0.01,2326.39,1776360642000
1776360644.091,44.091,0.63,12.0,0.62,25.0,0.64,6.34,0.65,35.5,0.37,64.95,0.36,177.5,0.38,7.36,0.39,10.0,0.01,0.01,2326.39,1776360642000
1776360644.388,44.388,0.63,0.18,0.62,20.0,0.64,23.93,0.65,35.5,0.36,21.84,0.35,152.5,0.37,7.18,0.38,20.0,0.01,0.01,2326.153537,1776360643000
1776360645.076,45.076,0.61,4.87,0.6,95.5,0.62,25.0,0.63,64.88,0.36,23.93,0.35,35.5,0.37,0.18,0.38,20.0,0.01,0.01,2326.140702,1776360644000
1776360646.633,46.633,0.6,212.5,0.59,145.5,0.61,13.96,0.62,45.0,0.38,25.0,0.37,64.88,0.39,2.04,0.4,95.5,0.01,0.01,2326.117905,1776360645000
1776360647.263,47.263,0.6,202.5,0.59,145.5,0.61,54.04,0.62,45.0,0.39,13.96,0.38,45.0,0.4,212.5,0.41,145.5,0.01,0.01,2326.090172,1776360646000
1776360647.558,47.558,0.57,60.0,0.56,60.0,0.6,115.0,0.61,288.9,0.39,54.04,0.38,45.0,0.4,202.5,0.41,145.5,0.03,0.01,2326.090172,1776360646000
1776360647.831,47.831,0.56,50.0,0.55,195.5,0.57,6.62,0.58,15.0,0.4,115.0,0.39,288.9,0.43,60.0,0.44,60.0,0.01,0.03,2326.090172,1776360646000
1776360648.121,48.121,0.59,10.0,0.58,53.0,0.6,20.0,0.61,69.96,0.41,5.0,0.39,74.96,0.43,10.0,0.44,242.5,0.01,0.02,2326.090172,1776360646000
1776360648.441,48.441,0.6,131.9,0.59,85.8,0.61,53.96,0.65,75.0,0.39,63.96,0.38,10.0,0.4,10.0,0.41,80.8,0.01,0.01,2326.06668,1776360647000
1776360648.755,48.755,0.64,5.22,0.63,10.0,0.65,75.0,0.66,26.0,0.35,75.0,0.33,35.0,0.39,45.0,0.4,111.88,0.01,0.04,2326.06668,1776360647000
1776360649.134,49.134,0.64,14.44,0.63,137.0,0.65,125.0,0.66,10.0,0.35,75.0,0.34,26.0,0.36,5.22,0.37,10.0,0.01,0.01,2326.06668,1776360647000
1776360649.684,49.684,0.64,27.69,0.63,142.5,0.65,75.0,0.66,10.0,0.35,125.0,0.34,10.0,0.36,14.44,0.37,137.0,0.01,0.01,2325.691243,1776360648000
1776360649.918,49.918,0.64,32.91,0.63,147.5,0.65,75.0,0.66,75.41,0.35,75.0,0.34,10.0,0.36,27.69,0.37,142.5,0.01,0.01,2325.691243,1776360648000
1776360651.805,51.805,0.64,16.02,0.63,162.5,0.65,20.0,0.67,182.0,0.35,75.0,0.34,75.41,0.36,32.91,0.37,147.5,0.01,0.01,2325.691243,1776360648000
1776360654.713,54.713,0.64,51.25,0.63,20.0,0.65,184.5,0.66,25.5,0.35,20.0,0.33,182.0,0.36,16.02,0.37,162.5,0.01,0.01,2325.691243,1776360648000
1776360654.991,54.991,0.64,51.25,0.63,30.0,0.65,194.5,0.66,25.5,0.35,184.5,0.34,25.5,0.36,51.25,0.37,20.0,0.01,0.01,2325.691243,1776360648000
1776360656.061,56.061,0.64,46.25,0.63,30.0,0.65,172.53,0.66,30.5,0.35,194.5,0.34,25.5,0.36,51.25,0.37,30.0,0.01,0.01,2325.691243,1776360648000
1776360657.134,57.134,0.64,46.25,0.63,30.0,0.65,169.45,0.66,30.5,0.35,172.53,0.34,30.5,0.36,46.25,0.37,30.0,0.01,0.01,2325.691243,1776360648000
1776360658.795,58.795,0.64,46.25,0.63,25.0,0.65,82.45,0.66,30.5,0.35,169.45,0.34,30.5,0.36,46.25,0.37,30.0,0.01,0.01,2326.308519,1776360657000
1776360659.222,59.222,0.64,38.0,0.63,30.0,0.65,164.45,0.66,30.5,0.35,82.45,0.34,30.5,0.36,46.25,0.37,25.0,0.01,0.01,2326.285905,1776360658000
1776360660.363,60.363,0.64,35.08,0.63,15.0,0.65,137.83,0.66,46.5,0.35,47.45,0.34,30.5,0.36,35.08,0.37,30.0,0.01,0.01,2326.285905,1776360658000
1776360660.58,60.58,0.64,30.08,0.63,15.0,0.65,162.52,0.66,46.5,0.35,152.52,0.34,46.5,0.36,35.08,0.37,15.0,0.01,0.01,2326.325276,1776360659000
1776360660.931,60.931,0.64,30.08,0.63,15.0,0.65,162.52,0.66,87.78,0.35,162.52,0.34,46.5,0.36,30.08,0.37,15.0,0.01,0.01,2326.325276,1776360659000
1776360661.165,61.165,0.64,27.3,0.63,15.0,0.65,204.32,0.66,87.78,0.35,162.52,0.34,87.78,0.36,30.08,0.37,15.0,0.01,0.01,2326.325276,1776360659000
1776360661.499,61.499,0.64,27.3,0.63,15.0,0.65,202.78,0.66,87.78,0.35,204.32,0.34,87.78,0.36,27.3,0.37,15.0,0.01,0.01,2326.305115,1776360660000
1776360662.34,62.34,0.64,3.88,0.63,15.0,0.65,244.46,0.66,92.78,0.35,190.46,0.34,87.78,0.36,11.88,0.37,15.0,0.01,0.01,2326.305115,1776360660000
1776360662.938,62.938,0.66,20.0,0.64,325.38,0.67,35.0,0.68,200.0,0.35,244.46,0.34,92.78,0.36,3.88,0.37,15.0,0.01,0.01,2326.28301,1776360661000
1776360663.215,63.215,0.66,20.0,0.65,90.5,0.67,26.89,0.68,65.0,0.33,10.0,0.32,105.0,0.34,40.5,0.35,80.0,0.01,0.01,2326.28301,1776360661000
1776360663.552,63.552,0.66,32.0,0.65,180.0,0.67,20.41,0.68,187.0,0.33,41.25,0.32,65.0,0.34,25.0,0.35,70.0,0.01,0.01,2326.23664,1776360662000
1776360664.096,64.096,0.68,6.87,0.67,10.0,0.69,189.21,0.7,67.1,0.33,20.41,0.32,187.0,0.34,32.0,0.35,180.0,0.01,0.01,2326.229945,1776360663000
1776360664.997,64.997,0.71,10.0,0.7,10.0,0.72,12.89,0.73,275.3,0.31,189.21,0.3,67.1,0.32,6.87,0.33,10.0,0.01,0.01,2326.229945,1776360663000
1776360665.23,65.23,0.72,42.58,0.71,127.0,0.73,84.3,0.74,25.7,0.27,159.3,0.26,25.7,0.28,31.16,0.29,127.0,0.01,0.01,2326.229945,1776360663000
1776360665.521,65.521,0.72,14.96,0.71,5.0,0.73,229.35,0.74,135.7,0.27,84.3,0.26,25.7,0.28,42.58,0.29,127.0,0.01,0.01,2326.51557,1776360664000
1776360665.831,65.831,0.72,39.96,0.7,110.0,0.73,198.55,0.74,135.7,0.27,222.5,0.26,135.7,0.28,14.96,0.29,5.0,0.01,0.01,2326.51557,1776360664000
1776360666.128,66.128,0.72,41.38,0.7,10.0,0.73,277.55,0.74,135.7,0.27,198.55,0.26,135.7,0.28,39.96,0.3,110.0,0.01,0.01,2326.53973,1776360665000
1776360666.389,66.389,0.7,10.0,0.69,10.0,0.73,172.55,0.74,165.7,0.27,164.55,0.26,140.7,0.28,24.73,0.3,10.0,0.03,0.01,2326.53973,1776360665000
1776360666.762,66.762,0.69,10.0,0.68,237.5,0.71,34.3,0.72,127.54,0.28,26.54,0.27,177.55,0.3,2.53,0.31,10.0,0.02,0.02,2326.53973,1776360665000
1776360667.994,67.994,0.69,269.5,0.68,182.5,0.7,20.3,0.71,10.0,0.29,32.9,0.28,138.04,0.31,10.0,0.32,237.5,0.01,0.02,2326.99937,1776360666000
1776360668.296,68.296,0.69,15.0,0.68,267.5,0.7,176.3,0.71,110.0,0.3,20.3,0.29,10.0,0.31,269.5,0.32,182.5,0.01,0.01,2326.976508,1776360667000
1776360669.374,69.374,0.69,184.5,0.68,160.5,0.7,124.87,0.71,125.0,0.3,176.3,0.29,110.0,0.31,15.0,0.32,267.5,0.01,0.01,2326.976508,1776360667000
1776360670.004,70.004,0.69,336.67,0.68,185.5,0.7,6.87,0.71,25.0,0.3,12.87,0.29,125.0,0.31,252.67,0.32,160.5,0.01,0.01,2326.855523,1776360668000
1776360670.87,70.87,0.69,82.17,0.68,35.0,0.7,117.05,0.71,351.0,0.3,6.87,0.29,25.0,0.31,336.67,0.32,185.5,0.01,0.01,2326.892078,1776360669000
1776360671.14,71.14,0.69,36.55,0.68,35.0,0.7,147.05,0.71,421.0,0.3,117.05,0.29,351.0,0.31,82.17,0.32,35.0,0.01,0.01,2326.892078,1776360669000
1776360671.722,71.722,0.68,35.0,0.67,25.0,0.7,179.15,0.71,363.0,0.3,141.05,0.29,309.0,0.31,21.4,0.32,35.0,0.02,0.01,2326.916549,1776360670000
1776360672.143,72.143,0.68,35.0,0.67,157.0,0.69,70.82,0.7,280.1,0.3,179.15,0.29,363.0,0.32,35.0,0.33,25.0,0.01,0.02,2326.916549,1776360671000
1776360672.773,72.773,0.68,15.0,0.66,100.0,0.69,376.47,0.7,208.6,0.31,70.82,0.3,280.1,0.32,35.0,0.33,157.0,0.01,0.01,2326.916549,1776360671000
1776360673.913,73.913,0.68,63.82,0.67,5.0,0.69,255.62,0.7,350.6,0.31,385.52,0.3,208.6,0.32,15.0,0.34,100.0,0.01,0.01,2326.591913,1776360672000
1776360676.284,76.284,0.68,57.82,0.67,5.0,0.69,402.62,0.7,258.6,0.31,255.62,0.3,350.6,0.32,63.82,0.33,5.0,0.01,0.01,2326.456298,1776360674000
1776360676.962,76.962,0.68,54.69,0.67,122.0,0.69,199.37,0.7,233.6,0.31,402.62,0.3,258.6,0.32,57.82,0.33,5.0,0.01,0.01,2326.456298,1776360674000
1776360677.171,77.171,0.68,23.44,0.67,122.0,0.69,199.37,0.7,227.6,0.31,199.37,0.3,233.6,0.32,54.69,0.33,122.0,0.01,0.01,2326.456298,1776360674000
1776360677.641,77.641,0.68,17.19,0.67,5.0,0.69,374.13,0.7,322.6,0.31,191.63,0.3,227.6,0.32,23.44,0.33,122.0,0.01,0.01,2326.563951,1776360676000
1776360677.959,77.959,0.65,5.0,0.64,213.25,0.66,47.88,0.69,322.68,0.31,342.68,0.3,389.51,0.32,2.12,0.34,20.0,0.01,0.01,2326.563951,1776360676000
1776360679.92,79.92,0.64,213.25,0.63,40.5,0.65,174.46,0.66,213.88,0.34,47.88,0.31,322.68,0.35,5.0,0.36,213.25,0.01,0.01,2326.470457,1776360678000
1776360682.284,82.284,0.64,66.25,0.63,25.0,0.65,319.29,0.66,394.38,0.35,174.46,0.34,213.88,0.36,213.25,0.37,40.5,0.01,0.01,2326.249306,1776360680000
1776360682.781,82.781,0.64,0.47,0.63,82.14,0.65,319.29,0.66,394.38,0.35,319.29,0.34,394.38,0.36,53.25,0.37,25.0,0.01,0.01,2326.249676,1776360681000
1776360684.539,84.539,0.63,57.14,0.62,95.0,0.64,223.87,0.65,313.3,0.35,343.29,0.34,394.38,0.37,82.14,0.38,95.0,0.01,0.02,2326.161859,1776360683000
1776360684.891,84.891,0.63,53.79,0.62,95.0,0.64,389.87,0.65,250.53,0.36,223.87,0.35,313.3,0.37,57.14,0.38,95.0,0.01,0.01,2326.161859,1776360683000
1776360685.674,85.674,0.62,157.0,0.61,35.0,0.63,170.9,0.64,171.1,0.36,389.87,0.35,250.53,0.38,75.0,0.39,35.0,0.01,0.02,2326.022436,1776360684000
1776360686.002,86.002,0.62,24.92,0.61,152.0,0.63,287.18,0.64,281.1,0.37,180.9,0.36,281.1,0.38,28.82,0.39,152.0,0.01,0.01,2326.022436,1776360684000
1776360686.256,86.256,0.62,18.92,0.61,152.0,0.63,283.18,0.64,306.1,0.37,283.18,0.36,281.1,0.38,24.92,0.39,152.0,0.01,0.01,2326.022436,1776360684000
1776360691.519,91.519,0.56,455.0,0.55,170.5,0.57,83.74,0.58,100.0,0.37,283.18,0.36,423.1,0.38,15.02,0.39,152.0,0.01,0.01,2325.465201,1776360690000
1776360691.741,91.741,0.58,36.2,0.57,85.0,0.6,23.81,0.61,35.0,0.4,31.99,0.39,35.0,0.42,10.0,0.43,80.0,0.02,0.02,2325.465201,1776360690000
1776360692.872,92.872,0.59,22.5,0.58,137.5,0.6,20.0,0.61,45.0,0.4,27.06,0.39,35.0,0.41,10.5,0.42,46.7,0.01,0.01,2325.334826,1776360691000
1776360693.798,93.798,0.59,10.32,0.58,25.5,0.6,10.0,0.61,45.0,0.4,20.0,0.39,45.0,0.41,10.32,0.42,137.5,0.01,0.01,2325.546037,1776360692000
1776360694.277,94.277,0.59,10.0,0.58,25.5,0.6,20.0,0.61,162.0,0.4,10.0,0.39,45.0,0.41,10.32,0.42,25.5,0.01,0.01,2325.607882,1776360693000
1776360694.547,94.547,0.59,17.0,0.58,142.5,0.6,9.5,0.61,50.0,0.4,14.5,0.39,50.0,0.41,17.0,0.42,142.5,0.01,0.01,2325.607882,1776360693000
1776360695.385,95.385,0.59,25.5,0.58,45.5,0.6,70.5,0.61,187.1,0.4,9.5,0.39,50.0,0.41,17.0,0.42,142.5,0.01,0.01,2325.690871,1776360694000
1776360695.889,95.889,0.59,154.5,0.58,50.5,0.6,37.5,0.61,95.1,0.4,70.5,0.39,187.1,0.41,25.5,0.42,45.5,0.01,0.01,2325.690871,1776360694000
1776360696.601,96.601,0.6,242.7,0.59,154.5,0.61,4.0,0.62,10.0,0.4,34.16,0.39,95.1,0.41,154.5,0.42,50.5,0.01,0.01,2325.69805,1776360695000
1776360697.947,97.947,0.63,5.09,0.62,30.5,0.64,35.0,0.65,135.0,0.38,10.0,0.37,55.0,0.4,242.7,0.41,154.5,0.01,0.02,2325.730875,1776360696000
1776360705.993,105.993,0.6,56.4,0.59,10.0,0.62,238.8,0.63,55.9,0.36,35.0,0.35,135.0,0.37,5.09,0.38,30.5,0.02,0.01,2326.001102,1776360704000
1776360706.306,106.306,0.59,127.0,0.58,65.5,0.61,25.0,0.62,172.8,0.38,238.8,0.37,55.9,0.4,44.21,0.41,10.0,0.02,0.02,2325.942043,1776360705000
1776360709.87,109.87,0.58,10.0,0.57,192.5,0.59,44.81,0.6,45.0,0.39,25.0,0.38,172.8,0.41,127.0,0.42,65.5,0.01,0.02,2325.667803,1776360708000
1776360710.161,110.161,0.58,7.14,0.57,75.5,0.59,49.81,0.6,45.0,0.41,44.81,0.4,45.0,0.42,10.0,0.43,192.5,0.01,0.01,2325.667803,1776360708000
1776360710.404,110.404,0.57,75.5,0.56,417.0,0.59,49.81,0.6,45.0,0.41,49.81,0.4,45.0,0.42,7.14,0.43,75.5,0.02,0.01,2325.653209,1776360709000
1776360712.046,112.046,0.57,45.0,0.56,300.5,0.58,209.35,0.59,39.81,0.41,49.81,0.4,45.0,0.43,75.5,0.44,417.0,0.01,0.02,2325.633269,1776360710000
1776360713.706,113.706,0.56,260.0,0.55,272.5,0.57,89.41,0.58,41.35,0.42,209.35,0.41,39.81,0.43,45.0,0.44,300.5,0.01,0.01,2325.605475,1776360712000
1776360716.348,116.348,0.56,180.0,0.55,145.0,0.57,242.14,0.58,51.85,0.43,89.41,0.42,41.35,0.44,260.0,0.45,272.5,0.01,0.01,2325.352538,1776360715000
1776360718.391,118.391,0.56,284.0,0.55,150.5,0.57,42.59,0.58,36.35,0.43,242.14,0.42,51.85,0.44,180.0,0.45,145.0,0.01,0.01,2325.355265,1776360717000
1776360718.76,118.76,0.56,284.0,0.55,155.5,0.59,34.7,0.6,120.5,0.43,42.59,0.42,36.35,0.44,284.0,0.45,150.5,0.03,0.01,2325.355265,1776360717000
1776360720.054,120.054,0.57,149.5,0.56,230.5,0.62,5.0,0.63,10.0,0.41,34.7,0.4,120.5,0.44,284.0,0.45,155.5,0.05,0.03,2325.324884,1776360718000
1776360720.597,120.597,0.59,10.0,0.58,20.5,0.61,8.36,0.62,163.0,0.37,33.69,0.36,25.5,0.39,10.38,0.4,25.5,0.02,0.02,2325.353106,1776360719000
1776360721.526,121.526,0.58,16.0,0.57,85.5,0.6,1.01,0.61,30.16,0.39,5.16,0.38,35.0,0.4,16.0,0.41,15.0,0.02,0.01,2325.335526,1776360720000
1776360722.113,122.113,0.63,2.0,0.62,87.0,0.64,25.0,0.67,120.0,0.4,1.01,0.39,30.16,0.42,16.0,0.43,85.5,0.01,0.02,2325.335526,1776360720000
1776360722.614,122.614,0.66,26.08,0.65,10.0,0.67,60.0,0.68,175.0,0.36,25.0,0.33,120.0,0.37,33.59,0.38,227.0,0.01,0.01,2325.665642,1776360721000
1776360723.077,123.077,0.65,14.13,0.64,25.5,0.67,15.0,0.68,322.5,0.33,60.0,0.32,175.0,0.34,26.08,0.35,10.0,0.02,0.01,2325.665642,1776360721000
1776360723.309,123.309,0.65,4.13,0.64,15.0,0.66,53.48,0.67,30.5,0.34,31.0,0.33,30.5,0.35,4.13,0.36,15.0,0.01,0.01,2325.653829,1776360722000
1776360723.52,123.52,0.63,5.0,0.62,5.0,0.64,199.43,0.65,30.5,0.34,53.48,0.33,30.5,0.35,4.13,0.36,15.0,0.01,0.01,2325.653829,1776360722000
1776360723.829,123.829,0.61,40.0,0.6,25.5,0.62,8.16,0.63,166.0,0.36,199.43,0.35,30.5,0.37,5.0,0.38,5.0,0.01,0.01,2325.653829,1776360722000
1776360724.211,124.211,0.61,177.5,0.6,30.5,0.63,19.0,0.64,10.93,0.38,3.96,0.37,171.0,0.39,40.0,0.4,25.5,0.02,0.01,2326.105741,1776360723000
1776360724.957,124.957,0.62,166.7,0.61,65.5,0.63,1.51,0.64,20.0,0.37,19.0,0.36,10.93,0.39,177.5,0.4,30.5,0.01,0.02,2326.105741,1776360723000
1776360725.585,125.585,0.63,154.79,0.62,100.5,0.64,15.0,0.66,25.0,0.37,1.51,0.36,20.0,0.38,166.7,0.39,65.5,0.01,0.01,2326.142918,1776360724000
1776360726.988,126.988,0.67,20.93,0.66,167.5,0.68,135.0,0.69,104.0,0.36,15.0,0.34,25.0,0.37,154.79,0.38,100.5,0.01,0.01,2325.854067,1776360725000
1776360734.895,134.895,0.68,170.0,0.67,95.0,0.69,20.34,0.7,54.5,0.32,135.0,0.31,104.0,0.33,20.93,0.34,167.5,0.01,0.01,2326.522457,1776360733000
1776360735.203,135.203,0.68,90.0,0.67,25.0,0.69,183.57,0.7,30.5,0.31,83.52,0.3,30.5,0.32,90.0,0.33,30.0,0.01,0.01,2326.60555,1776360734000
1776360735.504,135.504,0.68,90.0,0.67,40.0,0.69,179.62,0.7,30.5,0.31,183.57,0.3,30.5,0.32,90.0,0.33,25.0,0.01,0.01,2326.60555,1776360734000
1776360736.058,136.058,0.68,90.0,0.67,40.0,0.69,101.17,0.7,147.5,0.31,179.62,0.3,30.5,0.32,90.0,0.33,40.0,0.01,0.01,2326.60555,1776360734000
1776360736.801,136.801,0.68,90.0,0.67,35.0,0.69,109.17,0.7,30.5,0.31,101.17,0.3,147.5,0.32,90.0,0.33,40.0,0.01,0.01,2326.532328,1776360735000
1776360737.617,137.617,0.68,58.75,0.67,157.0,0.69,92.17,0.7,30.5,0.31,109.17,0.3,30.5,0.32,90.0,0.33,35.0,0.01,0.01,2326.35993,1776360736000
1776360738.426,138.426,0.68,10.0,0.67,25.0,0.69,118.22,0.7,30.5,0.31,92.17,0.3,30.5,0.32,58.75,0.33,157.0,0.01,0.01,2326.25229,1776360737000
1776360738.83,138.83,0.68,10.0,0.67,25.0,0.69,144.22,0.7,147.5,0.31,118.22,0.3,30.5,0.32,10.0,0.33,25.0,0.01,0.01,2326.25229,1776360737000
1776360741.593,141.593,0.66,4.11,0.65,40.0,0.67,104.17,0.68,35.5,0.31,144.22,0.3,147.5,0.32,10.0,0.33,25.0,0.01,0.01,2326.076366,1776360740000
1776360745.364,145.364,0.66,11.16,0.65,167.0,0.67,57.0,0.68,63.81,0.33,104.17,0.32,35.5,0.34,4.11,0.35,40.0,0.01,0.01,2325.926329,1776360743000
1776360749.913,149.913,0.68,208.0,0.67,20.0,0.7,5.0,0.71,10.0,0.33,57.0,0.32,63.81,0.34,11.16,0.35,167.0,0.02,0.01,2325.962869,1776360748000
1776360750.22,150.22,0.69,5.0,0.68,200.5,0.71,10.0,0.72,117.17,0.29,20.5,0.28,110.0,0.3,5.0,0.31,26.0,0.02,0.01,2325.962869,1776360748000
1776360750.53,150.53,0.7,10.0,0.69,5.0,0.71,37.06,0.72,122.17,0.29,7.95,0.28,117.17,0.3,10.0,0.31,5.0,0.01,0.01,2325.952585,1776360749000
1776360752.009,152.009,0.69,47.5,0.68,96.0,0.7,24.0,0.71,5.0,0.29,37.06,0.28,122.17,0.3,10.0,0.31,5.0,0.01,0.01,2325.987348,1776360750000
1776360752.606,152.606,0.69,180.0,0.68,121.5,0.7,3.57,0.71,25.0,0.3,24.0,0.29,5.0,0.31,47.5,0.32,96.0,0.01,0.01,2326.159,1776360751000
1776360754.484,154.484,0.71,160.05,0.7,161.93,0.72,20.0,0.73,205.0,0.3,3.57,0.29,25.0,0.31,180.0,0.32,121.5,0.01,0.01,2326.206175,1776360753000
1776360755.615,155.615,0.73,77.79,0.72,233.5,0.74,45.0,0.75,215.0,0.28,20.0,0.27,205.0,0.29,160.05,0.3,161.93,0.01,0.01,2326.244892,1776360754000
1776360756.745,156.745,0.73,227.08,0.72,116.5,0.74,35.0,0.75,210.0,0.26,45.0,0.25,215.0,0.27,77.79,0.28,233.5,0.01,0.01,2326.544569,1776360755000
1776360757.417,157.417,0.73,197.24,0.72,116.5,0.74,35.0,0.75,210.0,0.26,35.0,0.25,210.0,0.27,227.08,0.28,116.5,0.01,0.01,2326.586269,1776360756000
1776360757.894,157.894,0.73,72.19,0.72,373.5,0.74,10.0,0.75,210.0,0.26,35.0,0.25,210.0,0.27,192.9,0.28,116.5,0.01,0.01,2326.586269,1776360756000
1776360761.195,161.195,0.73,106.79,0.72,235.5,0.75,332.0,0.76,153.8,0.26,10.0,0.25,210.0,0.27,72.19,0.28,373.5,0.02,0.01,2326.72896,1776360759000
1776360763.575,163.575,0.73,95.0,0.72,140.0,0.74,11.43,0.75,352.0,0.25,332.0,0.24,153.8,0.27,106.79,0.28,235.5,0.01,0.02,2326.716275,1776360761000
1776360763.831,163.831,0.73,62.76,0.72,70.0,0.74,16.43,0.75,205.0,0.26,11.43,0.25,352.0,0.27,95.0,0.28,140.0,0.01,0.01,2326.694367,1776360762000
1776360764.541,164.541,0.7,90.81,0.69,60.0,0.71,90.0,0.74,11.43,0.26,16.43,0.25,205.0,0.27,56.76,0.28,70.0,0.01,0.01,2326.63308,1776360763000
1776360764.907,164.907,0.7,76.71,0.69,60.0,0.71,43.17,0.72,10.0,0.29,72.0,0.28,187.0,0.3,81.71,0.31,60.0,0.01,0.01,2326.63308,1776360763000
1776360765.152,165.152,0.7,76.71,0.69,60.0,0.71,50.03,0.72,10.0,0.29,43.17,0.28,10.0,0.3,76.71,0.31,60.0,0.01,0.01,2326.63308,1776360763000
1776360765.578,165.578,0.7,91.71,0.69,60.0,0.71,61.03,0.72,10.0,0.29,50.03,0.28,10.0,0.3,76.71,0.31,60.0,0.01,0.01,2326.63308,1776360763000
1776360765.811,165.811,0.7,88.37,0.69,60.0,0.71,170.03,0.72,20.0,0.29,61.03,0.28,10.0,0.3,91.71,0.31,60.0,0.01,0.01,2326.51258,1776360764000
1776360766.021,166.021,0.7,88.37,0.69,60.0,0.71,152.03,0.72,20.0,0.29,170.03,0.28,20.0,0.3,88.37,0.31,60.0,0.01,0.01,2326.51258,1776360764000
1776360766.627,166.627,0.7,101.41,0.69,60.0,0.71,27.53,0.72,132.18,0.29,152.03,0.28,20.0,0.3,88.37,0.31,60.0,0.01,0.01,2326.211012,1776360765000
1776360767.357,167.357,0.7,72.41,0.69,60.0,0.71,151.53,0.72,132.18,0.29,27.53,0.28,132.18,0.3,101.41,0.31,60.0,0.01,0.01,2326.211012,1776360765000
1776360767.718,167.718,0.7,66.41,0.69,60.0,0.71,161.53,0.72,132.18,0.29,151.53,0.28,132.18,0.3,72.41,0.31,60.0,0.01,0.01,2326.1337,1776360766000
1776360768.375,168.375,0.7,24.07,0.69,60.0,0.71,143.18,0.72,160.07,0.29,20.68,0.28,132.18,0.3,62.41,0.31,60.0,0.01,0.01,2326.125225,1776360767000
1776360768.814,168.814,0.69,60.0,0.68,135.0,0.7,120.78,0.71,341.18,0.29,138.68,0.28,362.07,0.31,60.0,0.32,135.0,0.01,0.02,2326.125225,1776360767000
1776360769.36,169.36,0.69,71.0,0.68,252.0,0.7,87.9,0.71,203.68,0.3,120.78,0.29,341.18,0.31,60.0,0.32,135.0,0.01,0.01,2326.102298,1776360768000
1776360770.244,170.244,0.69,215.0,0.68,160.5,0.7,29.0,0.71,120.68,0.3,87.9,0.29,203.68,0.31,71.0,0.32,252.0,0.01,0.01,2326.102298,1776360768000
1776360770.557,170.557,0.7,10.0,0.69,181.2,0.71,43.06,0.72,10.0,0.28,10.0,0.27,103.3,0.31,250.2,0.32,160.5,0.01,0.03,2326.102298,1776360768000
1776360772.197,172.197,0.69,10.0,0.68,277.5,0.7,53.57,0.71,35.0,0.29,43.06,0.28,10.0,0.3,10.0,0.31,181.2,0.01,0.01,2325.956316,1776360770000
1776360775.053,175.053,0.68,165.5,0.67,257.5,0.7,63.57,0.71,45.0,0.3,53.57,0.29,35.0,0.31,10.0,0.32,277.5,0.02,0.01,2326.114883,1776360773000
1776360776.285,176.285,0.68,146.37,0.67,155.5,0.69,56.0,0.7,58.57,0.3,63.57,0.29,45.0,0.32,165.5,0.33,257.5,0.01,0.02,2326.106706,1776360775000
1776360777.623,177.623,0.68,156.37,0.67,176.5,0.69,83.26,0.7,48.57,0.31,56.0,0.3,58.57,0.32,146.37,0.33,155.5,0.01,0.01,2326.106706,1776360775000
1776360779.272,179.272,0.68,156.37,0.67,171.5,0.7,28.57,0.71,15.0,0.31,83.26,0.3,48.57,0.32,156.37,0.33,176.5,0.02,0.01,2326.094231,1776360777000
1776360779.783,179.783,0.68,149.37,0.67,171.5,0.7,28.57,0.71,15.0,0.3,28.57,0.29,15.0,0.32,156.37,0.33,171.5,0.02,0.02,2326.10155,1776360778000
1776360780.552,180.552,0.69,32.5,0.68,159.37,0.7,21.14,0.71,15.0,0.3,22.57,0.29,15.0,0.31,15.0,0.32,179.37,0.01,0.01,2326.10618,1776360779000
1776360780.752,180.752,0.69,44.16,0.68,154.37,0.7,26.14,0.71,20.0,0.3,21.14,0.29,15.0,0.31,32.5,0.32,159.37,0.01,0.01,2326.10618,1776360779000
1776360780.997,180.997,0.69,21.5,0.68,154.37,0.7,46.14,0.71,20.0,0.3,26.14,0.29,20.0,0.31,44.16,0.32,154.37,0.01,0.01,2326.119036,1776360780000
1776360781.612,181.612,0.69,17.27,0.68,154.37,0.7,31.14,0.71,137.0,0.3,46.14,0.29,20.0,0.31,21.5,0.32,154.37,0.01,0.01,2326.119036,1776360780000
1776360784.724,184.724,0.72,15.0,0.71,31.5,0.73,103.68,0.74,106.0,0.3,29.52,0.29,137.0,0.31,17.27,0.32,154.37,0.01,0.01,2326.164591,1776360783000
1776360785.011,185.011,0.72,31.0,0.71,31.5,0.73,98.68,0.74,106.0,0.27,103.68,0.26,106.0,0.28,15.0,0.29,31.5,0.01,0.01,2326.164591,1776360783000
1776360786.509,186.509,0.72,10.0,0.71,36.5,0.73,105.44,0.74,16.0,0.27,98.68,0.26,106.0,0.28,31.0,0.29,31.5,0.01,0.01,2326.27415,1776360785000
1776360786.77,186.77,0.72,10.0,0.71,36.5,0.73,104.19,0.74,16.0,0.27,105.44,0.26,16.0,0.28,10.0,0.29,36.5,0.01,0.01,2326.27415,1776360785000
1776360790.848,190.848,0.67,6.0,0.66,61.16,0.71,24.67,0.72,85.0,0.27,104.19,0.26,16.0,0.28,10.0,0.29,36.5,0.04,0.01,2325.949498,1776360789000
1776360791.507,191.507,0.67,11.0,0.66,61.16,0.68,12.05,0.69,26.12,0.29,24.67,0.28,85.0,0.33,6.0,0.34,61.16,0.01,0.04,2325.759362,1776360790000
1776360791.904,191.904,0.67,6.0,0.66,61.16,0.68,17.05,0.69,111.07,0.32,12.05,0.31,26.12,0.33,11.0,0.34,61.16,0.01,0.01,2325.759362,1776360790000
1776360792.731,192.731,0.65,266.92,0.64,160.0,0.67,234.92,0.68,143.05,0.32,17.05,0.31,111.07,0.33,2.36,0.34,61.16,0.02,0.01,2325.759362,1776360790000
1776360793.849,193.849,0.65,217.63,0.64,160.0,0.66,221.01,0.67,120.0,0.33,234.92,0.32,143.05,0.35,266.92,0.36,160.0,0.01,0.02,2325.739515,1776360792000
1776360794.373,194.373,0.65,217.63,0.64,160.0,0.66,216.46,0.67,120.0,0.34,221.01,0.33,120.0,0.35,217.63,0.36,160.0,0.01,0.01,2325.672012,1776360793000
1776360794.618,194.618,0.65,212.2,0.64,160.0,0.66,206.46,0.67,120.0,0.34,216.46,0.33,120.0,0.35,217.63,0.36,160.0,0.01,0.01,2325.672012,1776360793000
1776360795.47,195.47,0.65,207.2,0.64,160.0,0.66,269.96,0.67,96.35,0.34,206.46,0.33,120.0,0.35,212.2,0.36,160.0,0.01,0.01,2325.561762,1776360794000
1776360796.295,196.295,0.65,204.34,0.64,160.0,0.66,269.96,0.67,96.35,0.34,269.96,0.33,96.35,0.35,207.2,0.36,160.0,0.01,0.01,2325.498019,1776360795000
1776360797.967,197.967,0.65,204.34,0.64,160.0,0.66,79.63,0.67,119.11,0.34,269.96,0.33,96.35,0.35,204.34,0.36,160.0,0.01,0.01,2325.472819,1776360797000
1776360798.543,198.543,0.65,195.91,0.64,160.0,0.66,140.63,0.67,119.11,0.34,94.63,0.33,119.11,0.35,199.34,0.36,160.0,0.01,0.01,2325.472819,1776360797000
1776360799.248,199.248,0.65,215.48,0.64,160.0,0.66,116.63,0.67,49.11,0.34,140.63,0.33,119.11,0.35,195.91,0.36,160.0,0.01,0.01,2325.482251,1776360798000
1776360799.556,199.556,0.65,215.48,0.64,160.0,0.66,75.0,0.67,26.35,0.34,116.63,0.33,49.11,0.35,215.48,0.36,160.0,0.01,0.01,2325.482251,1776360798000
1776360800.081,200.081,0.65,100.48,0.64,160.0,0.66,29.0,0.67,61.74,0.34,75.0,0.33,26.35,0.35,215.48,0.36,160.0,0.01,0.01,2325.44664,1776360799000
1776360801.625,201.625,0.65,95.48,0.64,160.0,0.66,67.06,0.67,144.65,0.34,29.0,0.33,61.74,0.35,100.48,0.36,160.0,0.01,0.01,2325.468594,1776360800000
1776360802.247,202.247,0.65,85.48,0.64,160.0,0.66,87.54,0.67,107.65,0.34,67.06,0.33,117.65,0.35,85.48,0.36,160.0,0.01,0.01,2325.485701,1776360801000
1776360802.875,202.875,0.65,71.9,0.64,210.0,0.66,66.54,0.67,101.3,0.34,87.54,0.33,107.65,0.35,76.9,0.36,160.0,0.01,0.01,2325.485701,1776360801000
1776360804.181,204.181,0.65,126.4,0.64,300.5,0.66,16.06,0.68,40.0,0.34,66.54,0.33,101.3,0.35,71.9,0.36,210.0,0.01,0.01,2325.513422,1776360803000
1776360804.44,204.44,0.67,30.5,0.66,260.5,0.72,50.0,0.73,95.0,0.32,15.0,0.31,15.0,0.35,145.6,0.36,230.5,0.05,0.03,2325.513422,1776360803000
1776360804.722,204.722,0.72,22.07,0.71,45.2,0.73,95.0,0.74,85.99,0.28,50.0,0.27,95.0,0.33,30.5,0.34,260.5,0.01,0.05,2325.513422,1776360803000
1776360805.043,205.043,0.72,22.07,0.71,26.0,0.73,96.84,0.74,85.99,0.27,95.0,0.26,85.99,0.28,22.07,0.29,45.2,0.01,0.01,2325.518539,1776360804000
1776360805.52,205.52,0.72,14.21,0.71,26.0,0.73,96.84,0.74,85.99,0.27,96.84,0.26,85.99,0.28,18.14,0.29,26.0,0.01,0.01,2325.518539,1776360804000
1776360806.853,206.853,0.72,20.5,0.71,15.73,0.73,83.63,0.74,5.0,0.27,96.84,0.26,85.99,0.29,5.23,0.3,26.5,0.01,0.02,2325.631398,1776360805000
1776360807.08,207.08,0.72,13.34,0.71,15.73,0.73,82.26,0.74,5.0,0.27,82.26,0.26,5.0,0.28,16.92,0.29,15.73,0.01,0.01,2325.631398,1776360805000
1776360808.225,208.225,0.72,18.76,0.71,15.73,0.73,77.97,0.74,80.82,0.27,82.26,0.26,5.0,0.28,8.76,0.29,15.73,0.01,0.01,2325.942726,1776360806000
1776360808.595,208.595,0.72,13.65,0.71,65.73,0.73,77.97,0.74,80.82,0.27,77.97,0.26,80.82,0.28,18.76,0.29,15.73,0.01,0.01,2325.975782,1776360807000
1776360809.58,209.58,0.72,10.0,0.71,10.0,0.73,96.6,0.74,96.32,0.27,77.97,0.26,80.82,0.28,13.65,0.29,65.73,0.01,0.01,2326.026055,1776360808000
1776360809.782,209.782,0.71,8.0,0.7,10.0,0.73,80.6,0.74,96.32,0.27,90.6,0.26,96.32,0.28,4.0,0.29,10.0,0.02,0.01,2326.026055,1776360808000
1776360810.026,210.026,0.72,10.0,0.71,8.0,0.73,69.23,0.74,101.32,0.27,80.6,0.26,96.32,0.29,8.0,0.3,10.0,0.01,0.02,2326.03315,1776360809000
1776360810.404,210.404,0.69,20.5,0.68,20.5,0.71,8.59,0.72,34.0,0.27,69.23,0.26,101.32,0.28,10.0,0.29,8.0,0.02,0.01,2326.03315,1776360809000
1776360811.261,211.261,0.7,13.82,0.69,20.5,0.71,2.18,0.72,10.0,0.29,8.59,0.28,34.0,0.3,3.32,0.31,20.5,0.01,0.01,2325.889245,1776360810000
1776360811.999,211.999,0.65,36.9,0.64,327.0,0.66,11.39,0.67,15.0,0.29,2.18,0.28,10.0,0.3,13.82,0.31,20.5,0.01,0.01,2325.889245,1776360810000
1776360812.498,212.498,0.65,11.9,0.64,210.0,0.66,1.39,0.67,15.0,0.34,11.39,0.33,15.0,0.35,36.9,0.36,327.0,0.01,0.01,2325.846241,1776360811000
1776360812.73,212.73,0.65,11.9,0.64,210.0,0.66,83.13,0.67,15.0,0.34,1.39,0.33,15.0,0.35,11.9,0.36,210.0,0.01,0.01,2325.846241,1776360811000
1776360813.46,213.46,0.65,8.9,0.64,170.0,0.66,83.13,0.67,15.0,0.34,83.13,0.33,15.0,0.35,11.9,0.36,210.0,0.01,0.01,2325.863385,1776360812000
1776360813.663,213.663,0.65,146.58,0.64,175.0,0.73,43.23,0.74,23.7,0.27,57.48,0.26,23.7,0.35,146.58,0.36,170.0,0.08,0.08,2325.863385,1776360812000
1776360813.872,213.872,0.68,8.91,0.67,140.0,0.74,5.0,0.75,114.2,0.27,36.32,0.26,5.0,0.29,1.0,0.35,146.58,0.06,0.02,2325.863385,1776360812000
1776360814.161,214.161,0.73,10.0,0.72,10.0,0.74,5.0,0.75,64.2,0.26,5.0,0.25,64.2,0.27,67.0,0.28,70.0,0.01,0.01,2325.863385,1776360812000
1776360814.499,214.499,0.73,10.0,0.72,16.0,0.75,145.56,0.76,240.0,0.26,5.0,0.25,64.2,0.27,10.0,0.28,10.0,0.02,0.01,2325.623762,1776360813000
1776360814.768,214.768,0.74,10.0,0.73,10.0,0.75,115.21,0.76,240.0,0.25,145.56,0.24,240.0,0.27,10.0,0.28,16.0,0.01,0.02,2325.623762,1776360813000
1776360815.511,215.511,0.73,11.49,0.71,1.99,0.76,223.53,0.77,95.3,0.24,240.0,0.23,95.3,0.26,10.0,0.27,10.0,0.03,0.02,2325.68172,1776360814000
1776360815.773,215.773,0.72,10.0,0.71,7.33,0.73,60.0,0.74,104.68,0.26,68.64,0.25,17.0,0.29,2.33,0.3,80.0,0.01,0.03,2325.68172,1776360814000
1776360816.104,216.104,0.72,4.0,0.71,7.33,0.73,240.0,0.74,96.68,0.27,60.0,0.26,104.68,0.28,10.0,0.29,7.33,0.01,0.01,2326.122347,1776360815000
1776360816.356,216.356,0.71,2.33,0.7,15.0,0.73,238.5,0.74,112.18,0.27,238.0,0.26,107.18,0.28,0.42,0.29,7.33,0.02,0.01,2326.122347,1776360815000
1776360816.632,216.632,0.72,2.49,0.71,2.33,0.73,324.82,0.74,112.18,0.27,324.82,0.26,112.18,0.28,6.07,0.29,2.33,0.01,0.01,2326.122347,1776360815000
1776360816.837,216.837,0.72,2.49,0.71,2.33,0.73,232.86,0.74,164.14,0.27,324.82,0.26,112.18,0.28,2.49,0.29,2.33,0.01,0.01,2326.122347,1776360815000
1776360817.527,217.527,0.72,2.84,0.71,10.0,0.73,241.54,0.74,272.23,0.27,231.05,0.26,139.14,0.28,6.42,0.29,10.0,0.01,0.01,2326.0108,1776360816000
1776360818.566,218.566,0.71,7.84,0.7,5.73,0.73,241.54,0.74,272.23,0.27,241.54,0.26,272.23,0.28,2.84,0.29,10.0,0.02,0.01,2325.840278,1776360817000
1776360819.802,219.802,0.72,10.0,0.71,7.84,0.73,134.54,0.74,364.23,0.27,241.54,0.26,272.23,0.29,7.84,0.3,5.73,0.01,0.02,2325.840598,1776360818000
1776360820.14,220.14,0.7,5.0,0.69,162.0,0.71,6.0,0.72,16.5,0.27,134.54,0.26,364.23,0.28,10.0,0.29,7.84,0.01,0.01,2325.840598,1776360818000
1776360821.151,221.151,0.7,14.46,0.69,132.33,0.72,6.0,0.73,50.0,0.3,15.0,0.29,6.0,0.31,121.83,0.32,35.5,0.02,0.01,2325.82063,1776360819000
1776360822.579,222.579,0.72,10.0,0.71,6.55,0.73,45.21,0.74,90.5,0.28,6.0,0.27,50.0,0.29,6.55,0.3,14.46,0.01,0.01,2325.796953,1776360821000
1776360823.259,223.259,0.72,10.0,0.71,6.55,0.73,189.01,0.74,119.5,0.27,45.21,0.26,90.5,0.28,10.0,0.29,6.55,0.01,0.01,2325.779736,1776360822000
1776360823.809,223.809,0.71,4.0,0.7,10.0,0.72,62.0,0.73,159.01,0.27,189.01,0.26,119.5,0.28,10.0,0.29,6.55,0.01,0.01,2325.779736,1776360822000
1776360824.485,224.485,0.7,6.66,0.69,10.0,0.71,10.0,0.72,238.5,0.28,62.0,0.27,159.01,0.29,4.0,0.3,10.0,0.01,0.01,2325.855111,1776360823000
1776360825.755,225.755,0.68,20.0,0.67,26.0,0.71,90.5,0.72,228.0,0.29,10.0,0.28,238.5,0.3,6.66,0.31,10.0,0.03,0.01,2325.848502,1776360824000
1776360826.019,226.019,0.68,10.0,0.67,16.0,0.69,9.5,0.7,10.0,0.31,22.52,0.29,60.5,0.32,10.0,0.33,16.0,0.01,0.01,2325.848502,1776360824000
1776360826.254,226.254,0.67,6.0,0.66,86.5,0.71,70.5,0.72,228.0,0.31,9.5,0.3,10.0,0.32,10.0,0.33,16.0,0.04,0.01,2325.848502,1776360824000
1776360826.655,226.655,0.7,10.0,0.69,10.0,0.71,139.86,0.72,6.0,0.29,70.5,0.28,228.0,0.33,6.0,0.34,86.5,0.01,0.04,2325.723808,1776360825000
1776360827.616,227.616,0.72,86.0,0.71,80.0,0.73,58.88,0.74,50.0,0.29,138.18,0.28,23.89,0.3,10.0,0.31,10.0,0.01,0.01,2325.725606,1776360826000
1776360827.817,227.817,0.72,142.5,0.71,90.5,0.73,24.42,0.74,50.0,0.27,31.42,0.26,50.0,0.28,142.5,0.29,90.5,0.01,0.01,2325.725606,1776360826000
1776360828.382,228.382,0.74,99.7,0.73,105.5,0.75,13.66,0.76,50.0,0.26,50.0,0.25,55.0,0.28,147.5,0.29,95.5,0.01,0.02,2325.716913,1776360827000
1776360828.692,228.692,0.74,50.5,0.73,100.5,0.75,4.49,0.76,30.0,0.25,10.98,0.24,50.0,0.26,50.5,0.27,100.5,0.01,0.01,2325.716913,1776360827000
1776360829.106,229.106,0.76,153.33,0.75,40.5,0.77,130.3,0.79,100.0,0.24,30.0,0.23,130.3,0.26,46.26,0.27,100.5,0.01,0.02,2325.716913,1776360827000
1776360829.501,229.501,0.76,5.41,0.75,20.5,0.77,100.0,0.78,127.0,0.23,110.0,0.21,100.0,0.24,148.74,0.25,40.5,0.01,0.01,2325.787203,1776360828000
1776360829.832,229.832,0.76,10.0,0.75,20.5,0.78,115.69,0.79,120.0,0.23,100.0,0.22,127.0,0.25,20.5,0.26,207.5,0.02,0.02,2325.787203,1776360828000
1776360830.169,230.169,0.77,0.42,0.76,10.0,0.78,115.69,0.79,120.0,0.22,115.69,0.21,120.0,0.23,5.21,0.24,10.0,0.01,0.01,2325.787203,1776360828000
1776360830.665,230.665,0.77,0.42,0.76,10.0,0.78,98.4,0.79,120.0,0.22,108.4,0.21,120.0,0.23,0.42,0.24,10.0,0.01,0.01,2326.104556,1776360829000
1776360831.848,231.848,0.78,5.45,0.77,10.0,0.79,20.0,0.8,147.0,0.22,98.4,0.21,120.0,0.24,1.56,0.25,20.5,0.01,0.02,2326.116131,1776360830000
1776360832.073,232.073,0.78,0.52,0.77,10.0,0.79,10.0,0.8,137.0,0.21,20.0,0.2,147.0,0.22,5.45,0.23,10.0,0.01,0.01,2326.116131,1776360830000
1776360832.458,232.458,0.78,0.52,0.77,10.0,0.79,2.1,0.8,137.0,0.21,6.05,0.2,137.0,0.22,0.52,0.23,10.0,0.01,0.01,2326.098268,1776360831000
1776360832.745,232.745,0.78,0.52,0.77,10.0,0.8,136.33,0.81,151.28,0.21,2.1,0.2,137.0,0.22,0.52,0.23,10.0,0.02,0.01,2326.098268,1776360831000
1776360833.127,233.127,0.79,5.0,0.78,0.52,0.8,146.33,0.81,151.28,0.2,136.33,0.19,151.28,0.22,0.52,0.23,10.0,0.01,0.02,2326.098268,1776360831000
1776360833.433,233.433,0.79,5.0,0.78,0.52,0.8,140.89,0.81,68.9,0.2,144.84,0.19,68.9,0.21,5.0,0.22,0.52,0.01,0.01,2326.097549,1776360832000
1776360833.734,233.734,0.79,5.0,0.78,0.52,0.8,9.94,0.81,68.9,0.2,140.89,0.19,68.9,0.21,5.0,0.22,0.52,0.01,0.01,2326.097549,1776360832000
1776360834.381,234.381,0.8,13.75,0.79,5.0,0.81,58.4,0.82,151.4,0.2,9.94,0.19,68.9,0.21,5.0,0.22,0.52,0.01,0.01,2326.08481,1776360833000
1776360834.588,234.588,0.8,6.75,0.79,5.0,0.81,57.16,0.82,151.4,0.19,57.16,0.18,151.4,0.2,13.75,0.21,5.0,0.01,0.01,2326.08481,1776360833000
1776360835.011,235.011,0.8,1.75,0.79,5.0,0.81,54.04,0.82,151.4,0.19,57.16,0.18,151.4,0.2,1.75,0.21,5.0,0.01,0.01,2326.08481,1776360833000
1776360835.663,235.663,0.8,1.5,0.79,137.0,0.81,61.92,0.82,44.9,0.19,50.92,0.18,34.4,0.22,8.29,0.23,20.5,0.01,0.03,2326.08481,1776360833000
1776360836.073,236.073,0.8,1.5,0.79,10.0,0.81,80.3,0.82,161.4,0.19,65.74,0.18,44.9,0.2,1.5,0.21,137.0,0.01,0.01,2326.08481,1776360833000
1776360837.88,237.88,0.79,10.0,0.78,127.0,0.8,62.75,0.81,48.8,0.19,80.3,0.18,161.4,0.2,1.5,0.21,10.0,0.01,0.01,2326.14966,1776360836000
1776360838.38,238.38,0.79,10.0,0.78,10.0,0.8,146.82,0.81,48.8,0.2,62.75,0.19,48.8,0.21,10.0,0.22,127.0,0.01,0.01,2326.155087,1776360837000
1776360839.251,239.251,0.75,10.0,0.74,207.5,0.76,10.0,0.78,20.0,0.2,156.82,0.19,48.8,0.21,2.0,0.22,10.0,0.01,0.01,2326.155087,1776360837000
1776360839.56,239.56,0.76,5.45,0.75,20.5,0.79,30.0,0.8,43.0,0.21,30.0,0.2,32.5,0.22,5.45,0.23,10.0,0.03,0.01,2326.123426,1776360838000
1776360840.238,240.238,0.74,181.61,0.73,100.0,0.75,20.0,0.76,10.0,0.21,30.0,0.2,43.0,0.24,5.45,0.25,20.5,0.01,0.03,2326.112093,1776360839000
1776360840.518,240.518,0.73,90.0,0.72,105.0,0.75,7.97,0.76,10.0,0.25,20.0,0.24,10.0,0.26,181.61,0.27,100.0,0.02,0.01,2326.112093,1776360839000
1776360840.767,240.767,0.73,20.0,0.72,30.0,0.74,49.82,0.75,37.97,0.26,40.91,0.25,7.97,0.27,20.0,0.28,30.0,0.01,0.01,2326.112093,1776360839000
1776360841.387,241.387,0.66,60.0,0.65,30.0,0.68,5.62,0.71,184.0,0.27,7.86,0.26,40.91,0.28,30.0,0.29,35.0,0.02,0.01,2326.098726,1776360840000
1776360841.636,241.636,0.66,60.0,0.65,30.0,0.67,30.68,0.68,10.0,0.32,5.62,0.29,184.0,0.34,60.0,0.35,30.0,0.01,0.02,2326.098726,1776360840000
1776360841.95,241.95,0.63,33.35,0.6,200.0,0.64,10.0,0.67,102.82,0.33,26.82,0.32,10.0,0.34,10.0,0.35,30.0,0.01,0.01,2326.098726,1776360840000
1776360842.152,242.152,0.6,150.0,0.59,50.0,0.61,61.52,0.64,54.0,0.36,54.0,0.35,10.0,0.37,8.48,0.4,150.0,0.01,0.01,2326.005183,1776360841000
1776360842.437,242.437,0.56,114.6,0.55,181.5,0.57,5.29,0.58,15.0,0.39,102.58,0.38,13.15,0.4,75.0,0.41,50.0,0.01,0.01,2326.005183,1776360841000
1776360842.737,242.737,0.55,65.79,0.53,117.0,0.56,25.0,0.57,30.29,0.43,5.29,0.42,15.0,0.44,114.6,0.45,181.5,0.01,0.01,2326.005183,1776360841000
1776360842.943,242.943,0.52,9.7,0.5,100.0,0.53,5.0,0.54,20.0,0.44,25.0,0.43,30.29,0.47,117.0,0.48,9.7,0.01,0.03,2326.005183,1776360841000
1776360843.164,243.164,0.48,71.29,0.47,64.5,0.5,10.0,0.51,10.0,0.47,36.0,0.46,130.0,0.5,100.0,0.51,114.4,0.02,0.03,2325.654497,1776360842000
1776360843.375,243.375,0.43,137.89,0.42,75.0,0.49,25.0,0.5,59.2,0.51,25.0,0.5,59.2,0.57,145.0,0.58,75.0,0.06,0.06,2325.654497,1776360842000
1776360843.628,243.628,0.42,26.16,0.41,125.0,0.44,15.0,0.45,15.0,0.56,15.0,0.55,15.0,0.57,197.66,0.58,75.0,0.02,0.01,2325.654497,1776360842000
1776360843.847,243.847,0.41,189.37,0.4,90.0,0.42,5.23,0.43,13.9,0.58,0.23,0.57,13.9,0.59,189.37,0.6,90.0,0.01,0.01,2325.654497,1776360842000
1776360844.073,244.073,0.41,129.37,0.4,90.0,0.42,10.0,0.43,13.9,0.58,3.07,0.57,13.9,0.59,134.37,0.6,90.0,0.01,0.01,2325.654497,1776360842000
1776360844.344,244.344,0.41,118.82,0.4,90.0,0.44,8.9,0.45,10.0,0.58,10.0,0.57,13.9,0.59,118.82,0.6,90.0,0.03,0.01,2325.060666,1776360843000
1776360844.712,244.712,0.41,117.74,0.4,85.0,0.43,6.26,0.44,8.9,0.57,6.26,0.56,8.9,0.58,5.0,0.59,118.82,0.02,0.01,2325.060666,1776360843000
1776360845.036,245.036,0.41,117.74,0.4,90.0,0.42,26.81,0.43,16.26,0.57,6.26,0.56,8.9,0.59,117.74,0.6,85.0,0.01,0.02,2325.060666,1776360843000
1776360845.257,245.257,0.41,99.36,0.4,90.0,0.42,10.0,0.43,16.26,0.58,10.0,0.57,16.26,0.59,100.72,0.6,90.0,0.01,0.01,2325.060666,1776360843000
1776360845.557,245.557,0.41,146.61,0.4,100.0,0.43,16.26,0.44,18.9,0.58,10.0,0.57,16.26,0.59,138.03,0.6,90.0,0.02,0.01,2325.060666,1776360843000
1776360845.866,245.866,0.4,93.96,0.39,15.0,0.42,10.0,0.43,6.26,0.58,10.0,0.57,16.26,0.59,140.93,0.6,100.0,0.02,0.01,2324.922386,1776360844000
1776360846.489,246.489,0.43,50.0,0.41,122.0,0.44,10.0,0.45,10.0,0.56,6.57,0.55,10.0,0.59,15.0,0.6,93.96,0.01,0.03,2324.808265,1776360845000
1776360846.96,246.96,0.43,39.66,0.42,5.0,0.44,20.0,0.45,127.0,0.56,10.0,0.55,10.0,0.57,49.46,0.58,5.0,0.01,0.01,2324.808265,1776360845000
1776360848.291,248.291,0.43,38.17,0.41,15.0,0.44,156.0,0.45,10.0,0.56,20.0,0.55,127.0,0.57,39.66,0.58,5.0,0.01,0.01,2324.778875,1776360847000
1776360848.941,248.941,0.43,31.9,0.42,5.0,0.44,30.0,0.45,127.0,0.56,156.0,0.55,10.0,0.57,34.73,0.59,15.0,0.01,0.01,2324.778875,1776360847000
1776360850.085,250.085,0.58,10.0,0.57,10.0,0.59,10.0,0.6,25.0,0.56,30.0,0.55,127.0,0.57,31.9,0.58,5.0,0.01,0.01,2324.811569,1776360848000
1776360850.577,250.577,0.6,20.0,0.59,10.0,0.61,39.88,0.63,25.0,0.41,10.0,0.4,25.0,0.42,10.0,0.43,10.0,0.01,0.01,2324.770221,1776360849000
1776360850.906,250.906,0.66,26.25,0.65,10.0,0.67,169.93,0.68,16.5,0.33,66.3,0.32,107.04,0.4,20.0,0.41,10.0,0.01,0.07,2324.770221,1776360849000
1776360851.667,251.667,0.72,6.94,0.7,10.0,0.78,1.0,0.79,91.7,0.33,119.93,0.32,16.5,0.34,23.08,0.35,10.0,0.06,0.01,2324.770221,1776360849000
1776360851.943,251.943,0.78,10.0,0.77,10.0,0.79,71.1,0.8,92.5,0.21,81.8,0.2,92.5,0.28,6.94,0.3,10.0,0.01,0.07,2324.881555,1776360850000
1776360852.184,252.184,0.78,20.0,0.77,10.0,0.8,92.5,0.81,183.8,0.21,60.6,0.2,92.5,0.22,20.0,0.23,10.0,0.02,0.01,2324.881555,1776360850000
1776360852.451,252.451,0.79,20.0,0.78,7.72,0.8,81.92,0.81,183.8,0.2,102.5,0.19,183.8,0.22,7.72,0.23,10.0,0.01,0.02,2324.881555,1776360850000
1776360853.421,253.421,0.78,7.72,0.77,10.0,0.79,14.0,0.8,291.09,0.2,22.89,0.19,183.8,0.21,20.0,0.22,7.72,0.01,0.01,2325.605175,1776360852000
1776360853.957,253.957,0.77,9.47,0.76,10.0,0.79,152.0,0.8,214.09,0.21,47.17,0.2,281.09,0.23,10.0,0.24,10.0,0.02,0.02,2325.605175,1776360852000
1776360854.231,254.231,0.76,10.0,0.75,16.66,0.79,152.0,0.8,214.09,0.21,152.0,0.2,214.09,0.23,9.47,0.24,10.0,0.03,0.02,2325.605175,1776360852000
1776360854.5,254.5,0.78,10.0,0.77,10.0,0.79,89.35,0.8,214.09,0.21,100.06,0.2,214.09,0.22,10.0,0.23,10.0,0.01,0.01,2325.605175,1776360852000
1776360855.144,255.144,0.75,16.66,0.74,10.0,0.76,35.47,0.79,89.35,0.21,89.35,0.2,214.09,0.24,3.33,0.25,16.66,0.01,0.03,2325.707595,1776360853000
1776360855.507,255.507,0.75,16.66,0.74,10.0,0.76,24.69,0.79,89.35,0.24,35.47,0.21,89.35,0.25,16.66,0.26,10.0,0.01,0.01,2325.707595,1776360854000
1776360855.718,255.718,0.75,12.66,0.74,10.0,0.76,34.69,0.77,25.0,0.24,24.69,0.21,89.35,0.25,16.66,0.26,10.0,0.01,0.01,2325.707595,1776360854000
1776360856.528,256.528,0.75,12.66,0.74,10.0,0.76,23.91,0.78,117.0,0.24,34.69,0.23,25.0,0.25,12.66,0.26,10.0,0.01,0.01,2325.707595,1776360854000
1776360856.773,256.773,0.75,6.66,0.74,10.0,0.76,23.91,0.78,117.0,0.24,23.91,0.22,117.0,0.25,12.66,0.26,10.0,0.01,0.01,2325.707595,1776360854000
1776360857.314,257.314,0.75,16.66,0.74,10.0,0.76,10.58,0.78,117.0,0.24,23.91,0.22,117.0,0.25,6.66,0.26,10.0,0.01,0.01,2325.682778,1776360855000
1776360857.527,257.527,0.75,6.66,0.73,10.0,0.76,59.8,0.77,10.0,0.24,10.58,0.22,117.0,0.25,16.66,0.26,10.0,0.01,0.01,2325.68757,1776360856000
1776360857.797,257.797,0.7,5.14,0.69,20.0,0.73,44.0,0.74,41.0,0.24,210.8,0.23,135.0,0.27,10.0,0.28,10.0,0.03,0.03,2325.68757,1776360856000
1776360858.938,258.938,0.69,6.77,0.68,10.0,0.7,124.12,0.71,56.0,0.3,11.52,0.29,6.0,0.31,137.0,0.32,35.0,0.01,0.01,2325.68757,1776360857000
1776360859.14,259.14,0.69,6.77,0.68,10.0,0.7,111.97,0.71,56.0,0.3,124.12,0.29,56.0,0.31,6.77,0.32,10.0,0.01,0.01,2325.68757,1776360857000
1776360859.988,259.988,0.66,10.0,0.65,60.0,0.68,20.0,0.69,56.18,0.3,111.97,0.29,56.0,0.31,6.77,0.32,10.0,0.02,0.01,2325.672634,1776360858000
1776360860.188,260.188,0.67,6.66,0.66,80.0,0.69,71.18,0.7,99.0,0.32,20.0,0.31,56.18,0.34,10.0,0.35,60.0,0.02,0.02,2325.664,1776360859000
1776360861.515,261.515,0.6,55.62,0.59,125.0,0.62,56.0,0.63,10.0,0.31,71.18,0.3,99.0,0.33,6.66,0.34,80.0,0.02,0.02,2325.664,1776360859000
1776360861.763,261.763,0.6,48.32,0.59,125.0,0.61,101.0,0.62,10.0,0.39,60.0,0.38,56.0,0.4,50.82,0.41,125.0,0.01,0.01,2325.548105,1776360860000
1776360862.088,262.088,0.58,95.0,0.56,100.0,0.59,18.13,0.6,70.84,0.39,101.0,0.38,10.0,0.41,125.0,0.42,95.0,0.01,0.02,2325.548105,1776360860000
1776360862.948,262.948,0.56,99.61,0.54,30.0,0.57,10.0,0.58,10.0,0.41,18.13,0.4,70.84,0.42,95.0,0.44,100.0,0.01,0.01,2325.50336,1776360861000
1776360863.348,263.348,0.54,122.53,0.53,75.0,0.55,42.44,0.56,15.0,0.45,32.44,0.44,15.0,0.46,149.0,0.47,70.0,0.01,0.01,2325.50336,1776360861000
1776360863.568,263.568,0.53,70.0,0.52,127.0,0.54,8.14,0.55,22.44,0.45,42.44,0.44,15.0,0.46,122.53,0.47,75.0,0.01,0.01,2325.50336,1776360861000
1776360863.926,263.926,0.53,194.0,0.52,10.0,0.61,126.0,0.62,10.0,0.46,8.14,0.45,22.44,0.47,70.0,0.48,127.0,0.08,0.01,2325.320615,1776360862000
1776360864.463,264.463,0.53,187.72,0.52,20.0,0.54,10.0,0.55,10.0,0.46,10.0,0.45,10.0,0.47,72.85,0.48,10.0,0.01,0.01,2325.320615,1776360862000
1776360867.236,267.236,0.53,68.59,0.52,152.0,0.54,8.14,0.55,20.0,0.46,8.14,0.45,10.0,0.47,187.72,0.48,20.0,0.01,0.01,2325.216102,1776360865000
1776360868.222,268.222,0.53,72.59,0.52,142.0,0.54,13.14,0.55,20.0,0.46,8.14,0.45,20.0,0.47,68.59,0.48,152.0,0.01,0.01,2325.202505,1776360866000
1776360868.577,268.577,0.49,35.0,0.48,25.0,0.52,5.0,0.53,15.0,0.46,13.14,0.45,20.0,0.47,72.59,0.48,142.0,0.03,0.01,2325.14227,1776360867000
1776360868.904,268.904,0.43,69.25,0.42,12.22,0.47,15.0,0.48,15.0,0.48,5.0,0.47,15.0,0.51,35.0,0.52,25.0,0.04,0.03,2325.14227,1776360867000
1776360869.313,269.313,0.42,129.22,0.41,65.0,0.44,40.0,0.45,10.0,0.56,20.0,0.55,10.0,0.57,7.25,0.58,12.22,0.02,0.01,2325.14227,1776360867000
1776360869.516,269.516,0.42,129.22,0.41,70.0,0.44,4.54,0.45,10.0,0.56,40.0,0.55,10.0,0.58,129.22,0.59,65.0,0.02,0.02,2325.14227,1776360867000
1776360869.82,269.82,0.43,15.0,0.42,12.22,0.44,9.54,0.45,10.0,0.56,4.54,0.55,10.0,0.58,129.22,0.59,70.0,0.01,0.02,2325.14227,1776360867000
1776360870.374,270.374,0.4,8.96,0.39,25.0,0.41,20.0,0.42,15.0,0.57,14.84,0.56,9.54,0.58,10.49,0.59,65.0,0.01,0.01,2325.179588,1776360869000
1776360870.747,270.747,0.36,1.7,0.35,55.0,0.37,25.0,0.38,29.2,0.59,39.2,0.58,15.0,0.61,20.0,0.62,10.0,0.01,0.02,2325.179588,1776360869000
1776360871.026,271.026,0.36,11.7,0.35,5.0,0.37,3.23,0.38,10.0,0.63,16.75,0.62,29.2,0.64,1.7,0.65,5.0,0.01,0.01,2325.179588,1776360869000
1776360871.497,271.497,0.32,5.0,0.31,190.12,0.36,10.0,0.37,10.0,0.64,10.0,0.63,10.0,0.65,7.88,0.66,30.0,0.04,0.01,2325.10612,1776360870000
1776360871.774,271.774,0.31,155.0,0.3,5.0,0.33,41.0,0.34,15.0,0.64,10.0,0.63,10.0,0.68,5.0,0.69,190.12,0.02,0.04,2325.10612,1776360870000
1776360872.595,272.595,0.22,22.02,0.21,61.08,0.25,63.0,0.26,65.0,0.68,10.0,0.67,41.0,0.69,105.0,0.7,5.0,0.03,0.01,2324.975979,1776360871000
1776360873.488,273.488,0.21,18.73,0.2,25.0,0.22,58.0,0.23,15.0,0.77,10.0,0.76,15.0,0.79,41.11,0.8,20.0,0.01,0.02,2324.798994,1776360872000
1776360873.765,273.765,0.21,3.73,0.2,35.0,0.22,77.0,0.23,15.0,0.78,58.0,0.77,15.0,0.79,18.73,0.8,25.0,0.01,0.01,2324.798994,1776360872000
1776360874.043,274.043,0.2,23.62,0.19,25.0,0.21,91.19,0.22,40.0,0.79,91.19,0.78,40.0,0.8,28.75,0.81,30.0,0.01,0.01,2324.798994,1776360872000
1776360874.662,274.662,0.19,25.0,0.18,5.0,0.21,85.52,0.22,40.0,0.79,73.52,0.78,40.0,0.8,16.04,0.81,25.0,0.02,0.01,2324.49391,1776360873000
1776360874.939,274.939,0.17,95.98,0.16,10.0,0.18,10.0,0.19,10.0,0.81,10.0,0.8,10.0,0.83,102.0,0.84,10.0,0.01,0.02,2324.49391,1776360873000
1776360875.193,275.193,0.17,170.79,0.16,10.0,0.18,26.71,0.19,10.0,0.82,20.41,0.81,10.0,0.83,118.77,0.84,20.0,0.01,0.01,2324.49391,1776360873000
1776360875.405,275.405,0.17,111.79,0.16,10.0,0.18,4.74,0.19,0.71,0.81,0.71,0.8,10.0,0.83,146.79,0.84,10.0,0.01,0.02,2324.421423,1776360874000
1776360875.881,275.881,0.17,108.27,0.16,10.0,0.19,0.45,0.2,152.05,0.82,4.74,0.81,0.71,0.83,108.27,0.84,10.0,0.02,0.01,2324.421423,1776360874000
1776360876.892,276.892,0.17,15.0,0.16,10.0,0.19,9.39,0.2,130.47,0.82,4.44,0.81,10.0,0.83,108.27,0.84,10.0,0.02,0.01,2324.405503,1776360875000
1776360877.291,277.291,0.17,12.34,0.15,25.0,0.18,15.0,0.19,9.39,0.81,9.39,0.8,136.7,0.83,13.67,0.84,10.0,0.01,0.02,2324.232004,1776360876000
1776360877.546,277.546,0.15,25.0,0.12,110.0,0.16,18.91,0.18,8.0,0.82,8.0,0.81,9.39,0.83,12.34,0.84,25.0,0.01,0.01,2324.232004,1776360876000
1776360877.896,277.896,0.12,284.95,0.11,60.0,0.14,10.0,0.15,10.0,0.84,18.91,0.82,8.0,0.85,25.0,0.88,110.0,0.02,0.01,2324.232004,1776360876000
1776360878.339,278.339,0.13,178.0,0.12,7.95,0.14,1.0,0.15,10.0,0.86,1.0,0.85,10.0,0.87,25.0,0.88,284.95,0.01,0.01,2324.277816,1776360877000
1776360878.545,278.545,0.13,182.0,0.12,7.95,0.15,10.0,0.16,28.91,0.86,1.0,0.85,10.0,0.87,178.0,0.88,7.95,0.02,0.01,2324.277816,1776360877000
1776360878.855,278.855,0.14,10.0,0.13,130.5,0.15,6.43,0.16,28.91,0.85,10.0,0.84,28.91,0.87,170.5,0.88,7.95,0.01,0.02,2324.277816,1776360877000
1776360879.204,279.204,0.13,117.23,0.12,7.95,0.15,9.58,0.16,28.2,0.85,9.58,0.84,28.2,0.86,10.0,0.87,117.0,0.02,0.01,2324.287846,1776360878000
1776360879.827,279.827,0.12,7.95,0.11,160.0,0.15,44.91,0.16,78.2,0.85,2.91,0.84,28.2,0.87,167.23,0.88,7.95,0.03,0.02,2324.287846,1776360878000
1776360880.235,280.235,0.11,99.88,0.1,20.0,0.13,15.0,0.14,27.85,0.86,7.85,0.85,27.91,0.88,10.0,0.89,110.0,0.02,0.02,2324.289102,1776360879000
1776360880.527,280.527,0.11,108.75,0.1,20.0,0.12,9.66,0.13,21.0,0.88,18.0,0.87,21.0,0.89,108.75,0.9,20.0,0.01,0.01,2324.289102,1776360879000
1776360880.82,280.82,0.11,15.0,0.1,20.0,0.12,1.32,0.13,21.0,0.88,9.66,0.87,21.0,0.89,97.56,0.9,20.0,0.01,0.01,2324.289102,1776360879000
1776360881.078,281.078,0.11,10.0,0.1,20.0,0.12,11.32,0.13,21.0,0.88,1.32,0.87,21.0,0.89,15.0,0.9,20.0,0.01,0.01,2324.289102,1776360879000
1776360881.47,281.47,0.11,13.87,0.1,20.0,0.13,26.0,0.14,7.85,0.88,2.98,0.87,21.0,0.89,10.0,0.9,20.0,0.02,0.01,2324.272321,1776360880000
1776360881.679,281.679,0.11,10.49,0.1,20.0,0.13,35.3,0.14,124.85,0.87,26.0,0.86,7.85,0.89,10.49,0.9,20.0,0.02,0.02,2324.272321,1776360880000
1776360881.97,281.97,0.11,7.33,0.1,25.0,0.12,20.66,0.13,180.3,0.87,35.3,0.86,124.85,0.89,7.33,0.9,20.0,0.01,0.02,2324.272321,1776360880000
1776360882.201,282.201,0.1,8.64,0.09,21.0,0.12,25.66,0.13,185.3,0.88,25.66,0.87,175.3,0.9,22.33,0.91,21.0,0.02,0.02,2324.272321,1776360880000
1776360882.494,282.494,0.07,189.06,0.06,31.0,0.12,10.0,0.13,175.3,0.87,175.3,0.86,17.85,0.89,0.03,0.9,8.64,0.05,0.02,2324.10239,1776360881000
1776360882.812,282.812,0.09,10.0,0.08,4.95,0.1,4.25,0.11,15.0,0.9,10.55,0.89,15.0,0.92,4.95,0.93,199.06,0.01,0.02,2324.10239,1776360881000
1776360883.147,283.147,0.09,15.0,0.08,4.95,0.11,76.67,0.12,15.0,0.89,9.77,0.88,15.0,0.91,10.0,0.92,4.95,0.02,0.02,2324.10239,1776360881000
1776360883.433,283.433,0.07,110.0,0.06,31.0,0.11,213.67,0.12,15.0,0.89,76.67,0.88,15.0,0.91,15.0,0.92,4.95,0.04,0.02,2324.10239,1776360881000
1776360883.751,283.751,0.08,3.44,0.07,10.0,0.09,41.88,0.1,137.0,0.91,15.0,0.9,35.0,0.92,3.44,0.93,10.0,0.01,0.01,2324.10239,1776360881000
1776360884.032,284.032,0.05,10.0,0.04,152.75,0.06,76.33,0.07,5.0,0.92,5.0,0.91,53.88,0.96,52.75,0.97,153.0,0.01,0.04,2324.10239,1776360881000
1776360884.289,284.289,0.05,10.0,0.04,152.75,0.06,183.0,0.07,5.0,0.94,76.33,0.93,5.0,0.95,10.0,0.96,152.75,0.01,0.01,2324.130608,1776360882000
1776360884.509,284.509,0.05,4.89,0.04,152.75,0.06,133.0,0.08,26.0,0.94,153.01,0.93,5.0,0.95,10.0,0.96,152.75,0.01,0.01,2324.130608,1776360882000
1776360884.759,284.759,0.05,3.83,0.04,152.75,0.06,115.5,0.07,10.0,0.94,110.5,0.93,10.0,0.95,4.89,0.96,152.75,0.01,0.01,2324.120314,1776360883000
1776360885.504,285.504,0.04,135.58,0.03,153.0,0.05,187.78,0.06,5.0,0.94,115.5,0.93,20.0,0.96,140.73,0.97,153.0,0.01,0.02,2324.039309,1776360884000
1776360886.188,286.188,0.04,24.23,0.03,253.0,0.05,162.78,0.06,5.0,0.95,187.78,0.94,5.0,0.96,135.58,0.97,153.0,0.01,0.01,2324.039309,1776360884000
1776360886.505,286.505,0.04,3.81,0.03,153.0,0.05,208.78,0.06,15.0,0.95,162.78,0.94,5.0,0.96,14.23,0.97,253.0,0.01,0.01,2323.79,1776360885000
1776360886.734,286.734,0.03,132.21,0.02,173.0,0.04,5.0,0.05,191.78,0.96,5.0,0.95,196.78,0.97,137.37,0.98,173.0,0.01,0.01,2323.79,1776360885000
1776360887.112,287.112,0.03,122.0,0.02,173.0,0.04,23.0,0.05,196.78,0.96,5.0,0.95,191.78,0.97,132.21,0.98,173.0,0.01,0.01,2323.7188,1776360886000
1776360887.536,287.536,0.03,112.0,0.02,173.0,0.04,23.0,0.05,186.78,0.96,23.0,0.95,196.78,0.97,122.0,0.98,173.0,0.01,0.01,2323.7188,1776360886000
1776360887.772,287.772,0.03,110.96,0.02,173.0,0.04,23.0,0.05,186.78,0.96,23.0,0.95,186.78,0.97,112.0,0.98,173.0,0.01,0.01,2323.7188,1776360886000
1776360888.432,288.432,0.03,29.8,0.02,173.0,0.04,18.0,0.05,186.78,0.96,23.0,0.95,186.78,0.97,31.87,0.98,173.0,0.01,0.01,2323.580975,1776360887000
1776360888.684,288.684,0.02,169.71,0.01,1969.96,0.04,18.0,0.05,176.78,0.96,18.0,0.95,176.78,0.97,0.8,0.98,173.0,0.02,0.01,2323.580975,1776360887000
1776360889.209,289.209,0.02,164.6,0.01,1869.96,0.03,11.0,0.04,18.0,0.96,18.0,0.95,176.78,0.98,169.71,0.99,1969.96,0.01,0.02,2323.57243,1776360888000
1776360889.545,289.545,0.02,131.93,0.01,1752.96,0.03,17.14,0.04,13.0,0.97,9.85,0.96,13.0,0.98,133.98,0.99,1869.96,0.01,0.01,2323.57243,1776360888000
1776360889.755,289.755,0.01,1367.96,,,0.03,17.14,0.04,23.0,0.97,17.14,0.96,23.0,0.98,120.81,0.99,1752.96,0.02,0.01,2323.57243,1776360888000
1776360890.105,290.105,0.01,1215.96,,,0.02,5.0,0.03,17.14,0.97,17.14,0.96,23.0,0.99,1367.96,,,0.01,0.02,2323.57243,1776360888000
1776360890.4,290.4,0.01,649.24,,,0.02,5.0,0.03,17.14,0.98,5.0,0.97,17.14,0.99,1154.3,,,0.01,0.01,2323.523095,1776360889000
1776360890.671,290.671,0.01,515.28,,,0.02,5.0,0.03,17.14,0.98,5.0,0.97,17.14,0.99,616.29,,,0.01,0.01,2323.523095,1776360889000
1776360891.189,291.189,0.01,515.14,,,0.02,5.0,0.03,17.14,0.98,5.0,0.97,17.14,0.99,525.25,,,0.01,0.01,2323.523095,1776360889000
1776360891.474,291.474,0.01,413.14,,,0.02,5.0,0.03,17.14,0.98,5.0,0.97,17.14,0.99,433.14,,,0.01,0.01,2323.542975,1776360890000
1776360892.119,292.119,0.01,345.08,,,0.02,5.0,0.03,17.14,0.98,5.0,0.97,17.14,0.99,350.14,,,0.01,0.01,2323.544195,1776360891000
1776360892.394,292.394,0.01,340.08,,,0.02,12.0,0.03,17.14,0.98,5.0,0.97,17.14,0.99,345.08,,,0.01,0.01,2323.544195,1776360891000
1776360892.596,292.596,0.01,328.08,,,0.02,12.0,0.03,17.14,0.98,12.0,0.97,17.14,0.99,340.08,,,0.01,0.01,2323.544195,1776360891000
1776360892.825,292.825,0.01,311.03,,,0.02,12.0,0.03,17.14,0.98,12.0,0.97,17.14,0.99,316.08,,,0.01,0.01,2323.544195,1776360891000
1776360893.256,293.256,0.01,300.01,,,0.02,17.09,0.03,17.14,0.98,12.0,0.97,17.14,0.99,301.03,,,0.01,0.01,2323.544195,1776360891000
1776360893.479,293.479,,,,,0.01,713.06,0.02,17.09,0.98,17.09,0.97,17.14,0.99,294.95,,,,0.01,2323.54227,1776360892000
1776360894.348,294.348,,,,,0.01,3401.35,0.02,10.09,0.99,713.06,0.98,17.09,,,,,,,2323.3742,1776360893000
1776360897.923,297.923,,,,,0.01,6785.5,0.02,10.09,0.99,3401.35,0.98,10.09,,,,,,,2322.894414,1776360896000

# RESULT,winner=Down,slug=eth-updown-5m-1776360600,ticks=425
