timestamp,elapsed_sec,up_bid_p1,up_bid_s1,up_bid_p2,up_bid_s2,up_ask_p1,up_ask_s1,up_ask_p2,up_ask_s2,down_bid_p1,down_bid_s1,down_bid_p2,down_bid_s2,down_ask_p1,down_ask_s1,down_ask_p2,down_ask_s2,up_spread,down_spread,eth_price,eth_oracle_ts
1776312600.753,0.753,0.5,5.0,0.48,20.0,0.52,8.8,0.6,38.0,0.48,20.0,0.46,150.0,0.5,5.0,0.52,20.0,0.02,0.02,2358.587693,1776312599000
1776312601.221,1.221,0.5,5.0,0.48,20.0,0.52,8.8,0.6,38.0,0.48,8.8,0.4,38.0,0.5,5.0,0.52,20.0,0.02,0.02,2358.529254,1776312600000
1776312601.599,1.599,0.5,10.0,0.49,10.0,0.51,3.03,0.52,23.8,0.48,8.8,0.4,38.0,0.5,5.0,0.52,20.0,0.01,0.02,2358.529254,1776312600000
1776312602.228,2.228,0.5,10.0,0.49,10.0,0.51,3.03,0.52,23.8,0.49,3.03,0.48,23.8,0.5,10.0,0.51,10.0,0.01,0.01,2358.531703,1776312601000
1776312603.173,3.173,0.5,35.0,0.49,20.0,0.51,2.0,0.52,23.8,0.49,3.03,0.48,23.8,0.5,10.0,0.51,10.0,0.01,0.01,2358.531703,1776312601000
1776312603.886,3.886,0.5,35.0,0.49,20.0,0.51,2.0,0.52,23.8,0.49,2.0,0.48,23.8,0.5,35.0,0.51,20.0,0.01,0.01,2358.535286,1776312602000
1776312604.428,4.428,0.5,35.0,0.49,20.0,0.51,2.0,0.52,23.8,0.49,2.0,0.48,23.8,0.5,35.0,0.51,20.0,0.01,0.01,2358.583449,1776312603000
1776312604.899,4.899,0.51,15.0,0.5,30.0,0.52,18.0,0.53,21.0,0.49,2.0,0.48,23.8,0.5,35.0,0.51,20.0,0.01,0.01,2358.583449,1776312603000
1776312605.192,5.192,0.51,15.0,0.5,35.0,0.52,8.0,0.53,31.0,0.48,8.0,0.47,31.0,0.49,15.0,0.5,35.0,0.01,0.01,2358.553558,1776312604000
1776312606.288,6.288,0.51,15.0,0.5,35.0,0.52,8.0,0.53,31.0,0.48,8.0,0.47,31.0,0.49,15.0,0.5,35.0,0.01,0.01,2358.562512,1776312605000
1776312607.452,7.452,0.51,15.0,0.5,35.0,0.52,8.0,0.53,31.0,0.48,8.0,0.47,31.0,0.49,15.0,0.5,35.0,0.01,0.01,2358.570186,1776312606000
1776312608.043,8.043,0.52,15.0,0.51,20.0,0.53,24.11,0.54,23.0,0.48,8.0,0.47,31.0,0.49,15.0,0.5,35.0,0.01,0.01,2358.570186,1776312606000
1776312609.072,9.072,0.52,3.0,0.51,20.0,0.53,14.11,0.54,23.0,0.47,14.11,0.46,23.0,0.48,3.0,0.49,20.0,0.01,0.01,2358.6847,1776312608000
1776312610.188,10.188,0.53,35.0,0.52,13.0,0.54,23.0,0.55,103.0,0.47,14.11,0.46,23.0,0.48,3.0,0.49,20.0,0.01,0.01,2358.6847,1776312608000
1776312611.354,11.354,0.53,85.0,0.52,70.0,0.55,67.58,0.56,146.0,0.46,23.0,0.45,103.0,0.47,35.0,0.48,13.0,0.02,0.01,2358.63636,1776312609000
1776312612.142,12.142,0.54,15.0,0.53,147.0,0.55,69.76,0.56,159.0,0.45,67.58,0.44,146.0,0.47,85.0,0.48,70.0,0.01,0.02,2358.634837,1776312611000
1776312613.856,13.856,0.54,107.0,0.53,235.0,0.55,24.76,0.56,159.0,0.45,69.76,0.44,159.0,0.46,15.0,0.47,147.0,0.01,0.01,2358.646976,1776312612000
1776312614.655,14.655,0.61,15.0,0.6,15.0,0.64,9.57,0.65,11.0,0.45,24.76,0.44,159.0,0.46,107.0,0.47,235.0,0.03,0.01,2358.653867,1776312613000
1776312615.157,15.157,0.63,20.0,0.62,15.0,0.65,21.76,0.66,190.0,0.36,3.27,0.35,11.0,0.37,15.0,0.38,15.0,0.02,0.01,2358.653867,1776312613000
1776312615.721,15.721,0.64,10.0,0.63,20.0,0.65,8.0,0.66,190.0,0.35,21.76,0.34,190.0,0.37,20.0,0.38,15.0,0.01,0.02,2358.655122,1776312614000
1776312615.992,15.992,0.64,15.0,0.63,20.0,0.65,3.0,0.66,190.0,0.35,8.0,0.34,190.0,0.36,10.0,0.37,20.0,0.01,0.01,2358.655122,1776312614000
1776312616.211,16.211,0.64,15.0,0.63,20.0,0.66,120.0,0.67,70.0,0.35,3.0,0.34,190.0,0.36,15.0,0.37,20.0,0.02,0.01,2358.655122,1776312614000
1776312616.477,16.477,0.65,235.0,0.64,21.0,0.66,63.67,0.68,7.0,0.34,120.0,0.33,70.0,0.36,15.0,0.37,20.0,0.01,0.02,2358.712782,1776312615000
1776312616.94,16.94,0.65,232.42,0.64,21.0,0.68,7.0,0.69,5.0,0.34,47.67,0.32,7.0,0.35,232.42,0.36,21.0,0.03,0.01,2358.712782,1776312615000
1776312618.1,18.1,0.65,12.14,0.64,10.0,0.66,153.0,0.67,250.0,0.32,5.52,0.31,5.0,0.33,20.0,0.34,10.0,0.01,0.01,2359.124108,1776312616000
1776312619.266,19.266,0.65,84.14,0.64,203.11,0.66,9.33,0.67,70.0,0.34,153.0,0.33,250.0,0.35,12.14,0.36,10.0,0.01,0.01,2359.227464,1776312617000
1776312619.495,19.495,0.67,25.0,0.66,125.0,0.68,65.0,0.69,26.0,0.33,12.28,0.32,155.0,0.35,89.14,0.36,203.11,0.01,0.02,2359.227464,1776312617000
1776312619.718,19.718,0.67,81.0,0.66,107.0,0.68,87.0,0.69,26.0,0.32,65.0,0.31,26.0,0.33,25.0,0.34,125.0,0.01,0.01,2359.406088,1776312618000
1776312620.598,20.598,0.67,318.0,0.66,50.0,0.69,6.0,0.7,15.0,0.32,87.0,0.31,26.0,0.33,81.0,0.34,107.0,0.02,0.01,2359.349306,1776312619000
1776312620.935,20.935,0.68,58.0,0.67,301.0,0.69,9.4,0.7,15.0,0.31,6.0,0.3,15.0,0.33,318.0,0.34,50.0,0.01,0.02,2359.349306,1776312619000
1776312621.566,21.566,0.68,305.0,0.67,64.0,0.7,103.4,0.71,66.0,0.31,9.4,0.3,15.0,0.32,58.0,0.33,301.0,0.02,0.01,2359.349306,1776312619000
1776312623.81,23.81,0.69,124.0,0.68,247.0,0.71,16.0,0.72,16.0,0.3,73.4,0.29,66.0,0.31,10.0,0.32,300.0,0.02,0.01,2359.572659,1776312622000
1776312624.202,24.202,0.71,13.1,0.7,35.0,0.72,16.0,0.73,143.0,0.29,16.0,0.28,16.0,0.31,124.0,0.32,247.0,0.01,0.02,2359.572659,1776312622000
1776312625.28,25.28,0.72,18.19,0.71,8.1,0.73,111.0,0.74,102.0,0.28,16.0,0.27,143.0,0.29,13.1,0.3,35.0,0.01,0.01,2359.648765,1776312623000
1776312626.011,26.011,0.72,3.01,0.71,20.0,0.73,375.63,0.74,117.0,0.27,104.63,0.26,102.0,0.28,18.19,0.29,8.1,0.01,0.01,2359.596105,1776312624000
1776312626.462,26.462,0.69,25.0,0.68,20.75,0.71,133.0,0.72,44.0,0.28,92.0,0.27,358.63,0.3,40.0,0.31,50.0,0.02,0.02,2359.600148,1776312625000
1776312627.896,27.896,0.69,38.54,0.68,82.75,0.7,40.0,0.71,257.0,0.29,133.0,0.28,44.0,0.31,25.0,0.32,20.75,0.01,0.02,2359.598811,1776312626000
1776312628.429,28.429,0.69,9.83,0.68,31.5,0.7,57.0,0.71,77.0,0.3,40.0,0.29,257.0,0.31,38.54,0.32,82.75,0.01,0.01,2359.598811,1776312626000
1776312629.185,29.185,0.68,0.18,0.67,24.0,0.7,79.0,0.71,98.0,0.3,57.0,0.29,77.0,0.31,9.83,0.32,31.5,0.02,0.01,2359.483382,1776312628000
1776312630.473,30.473,0.67,18.33,0.66,15.0,0.68,38.0,0.69,35.0,0.3,79.0,0.29,98.0,0.33,24.0,0.34,15.0,0.01,0.03,2359.483382,1776312628000
1776312630.718,30.718,0.67,14.99,0.66,21.0,0.68,24.64,0.69,30.0,0.32,43.0,0.31,35.0,0.33,14.99,0.34,15.0,0.01,0.01,2359.563305,1776312629000
1776312632.722,32.722,0.67,9.32,0.66,27.0,0.68,37.0,0.69,267.0,0.32,24.64,0.31,30.0,0.33,14.99,0.34,21.0,0.01,0.01,2359.492744,1776312631000
1776312633.412,33.412,0.67,3.25,0.66,27.0,0.68,84.0,0.69,210.0,0.32,37.0,0.31,267.0,0.33,9.32,0.34,27.0,0.01,0.01,2359.478816,1776312632000
1776312634.952,34.952,0.67,2.58,0.66,33.0,0.68,74.0,0.69,200.0,0.32,84.0,0.31,210.0,0.33,3.25,0.34,27.0,0.01,0.01,2359.478816,1776312633000
1776312636.677,36.677,0.67,12.58,0.66,33.0,0.68,53.0,0.69,210.0,0.32,74.0,0.31,200.0,0.33,2.58,0.34,33.0,0.01,0.01,2359.438777,1776312635000
1776312637.078,37.078,0.67,6.91,0.66,33.0,0.68,53.0,0.69,210.0,0.32,53.0,0.31,210.0,0.33,12.58,0.34,33.0,0.01,0.01,2359.438777,1776312635000
1776312639.357,39.357,0.68,90.48,0.67,83.91,0.69,186.0,0.7,16.0,0.32,53.0,0.31,210.0,0.33,6.91,0.34,33.0,0.01,0.01,2359.413741,1776312638000
1776312641.053,41.053,0.69,48.54,0.68,62.81,0.7,283.0,0.71,72.0,0.31,186.0,0.3,16.0,0.32,90.48,0.33,83.91,0.01,0.01,2359.462522,1776312639000
1776312642.829,42.829,0.69,118.54,0.68,69.56,0.7,14.0,0.73,16.0,0.3,283.0,0.29,72.0,0.31,48.54,0.32,62.81,0.01,0.01,2359.569361,1776312641000
1776312643.413,43.413,0.73,269.0,0.72,37.0,0.74,3.29,0.76,57.0,0.26,31.0,0.24,50.0,0.27,40.0,0.28,31.0,0.01,0.01,2359.556787,1776312642000
1776312643.802,43.802,0.78,30.0,0.77,10.0,0.79,46.0,0.81,103.4,0.24,47.0,0.21,66.0,0.25,10.0,0.27,269.0,0.01,0.01,2359.556787,1776312642000
1776312644.214,44.214,0.78,80.0,0.77,10.0,0.79,98.0,0.8,180.0,0.21,46.0,0.19,103.4,0.22,30.0,0.23,10.0,0.01,0.01,2359.52405,1776312643000
1776312644.552,44.552,0.78,70.0,0.77,10.0,0.79,96.73,0.8,180.0,0.21,98.0,0.2,180.0,0.22,80.0,0.23,10.0,0.01,0.01,2359.52405,1776312643000
1776312644.781,44.781,0.78,65.45,0.77,10.0,0.79,96.73,0.8,180.0,0.21,96.73,0.2,180.0,0.22,70.0,0.23,10.0,0.01,0.01,2359.52405,1776312643000
1776312645.853,45.853,0.78,42.49,0.77,10.0,0.79,327.73,0.8,97.0,0.21,96.73,0.2,180.0,0.22,65.45,0.23,10.0,0.01,0.01,2359.984527,1776312645000
1776312646.552,46.552,0.77,146.0,0.76,10.0,0.78,28.3,0.79,49.73,0.22,33.3,0.21,286.73,0.23,15.0,0.24,21.0,0.01,0.01,2359.984527,1776312645000
1776312646.995,46.995,0.77,146.0,0.76,10.0,0.78,21.88,0.79,49.73,0.22,28.3,0.21,49.73,0.23,146.0,0.24,10.0,0.01,0.01,2360.039906,1776312646000
1776312652.648,52.648,0.77,75.0,0.76,10.0,0.78,21.0,0.79,229.73,0.22,21.88,0.21,49.73,0.23,146.0,0.24,10.0,0.01,0.01,2359.94798,1776312651000
1776312655.517,55.517,0.78,45.45,0.77,50.0,0.79,297.73,0.8,113.5,0.22,21.0,0.21,229.73,0.23,75.0,0.24,10.0,0.01,0.01,2360.013651,1776312653000
1776312655.977,55.977,0.78,50.45,0.77,55.0,0.79,296.35,0.8,113.5,0.21,297.73,0.2,113.5,0.22,45.45,0.23,50.0,0.01,0.01,2360.002351,1776312654000
1776312657.356,57.356,0.78,50.45,0.77,55.0,0.79,43.35,0.8,113.5,0.21,296.35,0.2,113.5,0.22,50.45,0.23,55.0,0.01,0.01,2360.050654,1776312656000
1776312660.342,60.342,0.78,45.45,0.77,55.0,0.79,16.09,0.8,271.0,0.21,43.35,0.2,113.5,0.22,50.45,0.23,55.0,0.01,0.01,2359.994692,1776312658000
1776312660.735,60.735,0.78,84.45,0.77,65.0,0.81,129.0,0.82,53.4,0.21,0.58,0.2,271.0,0.22,50.45,0.23,55.0,0.03,0.01,2360.007775,1776312659000
1776312661.119,61.119,0.8,45.0,0.79,15.0,0.81,339.76,0.82,63.4,0.19,129.0,0.18,53.4,0.22,84.45,0.23,65.0,0.01,0.03,2360.004245,1776312660000
1776312661.352,61.352,0.8,28.3,0.79,15.0,0.81,375.16,0.82,88.4,0.19,329.76,0.18,63.4,0.2,43.3,0.21,15.0,0.01,0.01,2360.004245,1776312660000
1776312662.021,62.021,0.8,44.0,0.79,77.0,0.81,55.76,0.82,25.0,0.19,370.16,0.18,88.4,0.22,40.45,0.23,55.0,0.01,0.03,2360.004245,1776312660000
1776312662.253,62.253,0.8,44.0,0.79,77.0,0.81,30.14,0.82,25.0,0.19,36.16,0.18,25.0,0.2,49.0,0.21,77.0,0.01,0.01,2360.029001,1776312661000
1776312662.645,62.645,0.81,53.68,0.8,15.0,0.82,30.0,0.83,104.0,0.19,25.14,0.18,25.0,0.2,49.0,0.21,77.0,0.01,0.01,2360.029001,1776312661000
1776312663.455,63.455,0.81,62.68,0.8,186.19,0.82,27.0,0.83,284.0,0.18,30.0,0.17,104.0,0.19,53.68,0.2,15.0,0.01,0.01,2360.008648,1776312662000
1776312665.982,65.982,0.82,157.18,0.81,179.76,0.83,25.44,0.84,135.0,0.18,27.0,0.17,284.0,0.19,62.68,0.2,186.19,0.01,0.01,2360.250905,1776312664000
1776312669.357,69.357,0.82,424.18,0.81,107.76,0.84,17.94,0.85,17.0,0.17,25.44,0.16,135.0,0.18,157.18,0.19,179.76,0.02,0.01,2360.277144,1776312668000
1776312669.879,69.879,0.84,446.0,0.83,120.0,0.85,103.4,0.86,117.0,0.15,25.0,0.14,74.9,0.16,45.0,0.17,20.0,0.01,0.01,2360.277144,1776312668000
1776312670.378,70.378,0.85,326.0,0.84,155.0,0.87,44.0,0.88,134.1,0.14,5.0,0.13,42.0,0.15,20.0,0.16,401.0,0.02,0.01,2360.312953,1776312669000
1776312671.068,71.068,0.86,89.0,0.85,292.0,0.87,38.5,0.88,109.1,0.13,44.0,0.12,134.1,0.15,326.0,0.16,155.0,0.01,0.02,2360.312953,1776312669000
1776312671.414,71.414,0.86,29.0,0.85,292.0,0.87,45.0,0.88,166.1,0.13,33.5,0.12,166.1,0.14,89.0,0.15,292.0,0.01,0.01,2360.34154,1776312670000
1776312671.994,71.994,0.86,192.07,0.85,112.0,0.87,45.0,0.88,166.1,0.13,45.0,0.12,166.1,0.14,6.07,0.15,292.0,0.01,0.01,2360.34154,1776312670000
1776312672.259,72.259,0.86,466.07,0.85,275.0,0.87,11.0,0.91,100.0,0.13,45.0,0.12,166.1,0.14,192.07,0.15,112.0,0.01,0.01,2360.34154,1776312670000
1776312672.799,72.799,0.92,117.0,0.91,124.0,0.93,24.04,0.94,114.0,0.07,4.04,0.06,63.8,0.08,15.0,0.09,20.49,0.01,0.01,2360.46386,1776312671000
1776312673.032,73.032,0.92,297.0,0.91,124.0,0.93,3.04,0.94,25.0,0.07,24.04,0.06,114.0,0.08,117.0,0.09,124.0,0.01,0.01,2360.46386,1776312671000
1776312673.728,73.728,0.93,45.0,0.92,307.0,0.94,169.37,0.95,87.0,0.07,3.04,0.06,25.0,0.08,297.0,0.09,124.0,0.01,0.01,2360.503998,1776312672000
1776312674.112,74.112,0.93,53.62,0.92,307.0,0.94,159.37,0.95,406.31,0.06,159.37,0.05,87.0,0.07,50.0,0.08,307.0,0.01,0.01,2360.503998,1776312672000
1776312674.822,74.822,0.93,48.62,0.92,302.0,0.94,160.06,0.95,240.31,0.06,159.37,0.05,406.31,0.07,53.62,0.08,307.0,0.01,0.01,2360.961847,1776312673000
1776312675.259,75.259,0.93,48.62,0.92,302.0,0.94,146.43,0.95,250.31,0.06,155.06,0.05,240.31,0.07,48.62,0.08,302.0,0.01,0.01,2361.652492,1776312674000
1776312676.296,76.296,0.93,38.62,0.92,302.0,0.94,124.39,0.95,240.31,0.06,126.43,0.05,250.31,0.07,48.62,0.08,302.0,0.01,0.01,2361.763789,1776312675000
1776312677.3,77.3,0.93,31.62,0.92,302.0,0.94,124.39,0.95,240.31,0.06,124.39,0.05,240.31,0.07,38.62,0.08,302.0,0.01,0.01,2361.763789,1776312675000
1776312680.434,80.434,0.92,15.0,0.91,82.0,0.93,14.0,0.94,379.39,0.06,124.39,0.05,240.31,0.07,31.62,0.08,302.0,0.01,0.01,2361.761698,1776312679000
1776312681.319,81.319,0.9,51.66,0.89,84.0,0.91,50.59,0.92,84.0,0.07,14.0,0.06,384.39,0.09,37.0,0.1,455.15,0.01,0.02,2361.791883,1776312680000
1776312682.698,82.698,0.9,37.66,0.89,37.0,0.91,312.59,0.92,89.0,0.09,50.59,0.08,84.0,0.1,51.66,0.11,84.0,0.01,0.01,2361.741326,1776312681000
1776312689.967,89.967,0.91,40.0,0.9,246.66,0.92,61.46,0.93,289.3,0.09,228.6,0.08,114.0,0.1,37.66,0.11,27.0,0.01,0.01,2361.259423,1776312688000
1776312699.173,99.173,0.91,77.18,0.9,36.66,0.92,287.46,0.93,162.3,0.08,54.46,0.07,289.3,0.09,38.11,0.1,246.66,0.01,0.01,2361.156924,1776312698000
1776312699.582,99.582,0.91,24.18,0.9,36.66,0.92,254.11,0.93,162.3,0.08,287.46,0.07,162.3,0.09,24.18,0.1,36.66,0.01,0.01,2361.156924,1776312698000
1776312701.11,101.11,0.9,17.66,0.89,27.0,0.91,479.82,0.92,179.9,0.09,75.82,0.08,243.9,0.1,36.66,0.11,94.0,0.01,0.01,2360.99194,1776312699000
1776312703.098,103.098,0.9,144.66,0.89,217.0,0.91,224.82,0.92,179.9,0.09,479.82,0.08,179.9,0.1,17.66,0.11,27.0,0.01,0.01,2360.965345,1776312701000
1776312708.294,108.294,0.9,139.66,0.89,37.0,0.91,219.82,0.92,334.9,0.09,224.82,0.08,179.9,0.1,144.66,0.11,217.0,0.01,0.01,2360.826166,1776312706000
1776312709.207,109.207,0.9,417.07,0.89,46.0,0.91,186.82,0.92,77.9,0.09,219.82,0.08,334.9,0.1,139.66,0.11,37.0,0.01,0.01,2360.777938,1776312707000
1776312710.049,110.049,0.9,417.07,0.89,37.0,0.91,176.82,0.92,58.9,0.09,181.82,0.08,77.9,0.1,417.07,0.11,46.0,0.01,0.01,2360.814641,1776312708000
1776312710.657,110.657,0.9,396.07,0.89,140.99,0.91,84.82,0.92,58.9,0.09,161.82,0.08,58.9,0.1,417.07,0.11,37.0,0.01,0.01,2360.822717,1776312709000
1776312712.321,112.321,0.9,417.07,0.89,233.33,0.91,59.82,0.92,48.9,0.09,84.82,0.08,58.9,0.1,304.07,0.11,197.99,0.01,0.01,2360.863208,1776312710000
1776312713.137,113.137,0.92,5.0,0.91,20.0,0.93,80.3,0.94,309.69,0.08,48.9,0.07,102.3,0.1,417.07,0.11,233.33,0.01,0.02,2361.017626,1776312711000
1776312714.232,114.232,0.92,5.0,0.91,20.0,0.93,67.3,0.94,399.69,0.07,80.3,0.06,309.69,0.08,5.0,0.09,20.0,0.01,0.01,2361.04152,1776312712000
1776312715.768,115.768,0.91,17.77,0.9,371.07,0.93,113.77,0.94,417.69,0.07,67.3,0.06,399.69,0.08,5.0,0.09,20.0,0.02,0.01,2361.067226,1776312714000
1776312720.169,120.169,0.91,252.55,0.9,265.22,0.92,30.76,0.93,89.12,0.07,113.77,0.06,417.69,0.09,17.77,0.1,371.07,0.01,0.02,2361.055895,1776312718000
1776312721.064,121.064,0.91,29.78,0.9,115.07,0.92,52.66,0.93,266.12,0.08,30.76,0.07,89.12,0.09,252.55,0.1,265.22,0.01,0.01,2361.091242,1776312719000
1776312723.331,123.331,0.9,108.07,0.89,274.0,0.91,67.28,0.92,32.5,0.08,75.66,0.07,275.12,0.1,105.07,0.11,217.0,0.01,0.02,2360.93261,1776312722000
1776312723.656,123.656,0.9,303.07,0.89,37.0,0.91,41.18,0.92,32.5,0.09,61.18,0.08,32.5,0.1,118.07,0.11,274.0,0.01,0.01,2360.93261,1776312722000
1776312723.922,123.922,0.9,318.07,0.89,89.49,0.91,25.68,0.92,22.5,0.09,30.68,0.08,22.5,0.1,313.07,0.11,37.0,0.01,0.01,2360.93261,1776312722000
1776312725.387,125.387,0.9,453.06,0.89,126.33,0.91,20.68,0.92,12.5,0.09,25.68,0.08,22.5,0.1,318.07,0.11,89.49,0.01,0.01,2360.787324,1776312724000
1776312726.189,126.189,0.9,380.47,0.89,121.33,0.91,15.68,0.92,12.5,0.09,20.68,0.08,12.5,0.1,453.06,0.11,126.33,0.01,0.01,2360.90305,1776312725000
1776312729.219,129.219,0.9,266.48,0.89,158.85,0.91,13.48,0.92,12.5,0.09,15.68,0.08,12.5,0.1,380.47,0.11,121.33,0.01,0.01,2360.894105,1776312728000
1776312730.24,130.24,0.9,396.47,0.89,104.7,0.92,12.5,0.94,120.89,0.09,13.48,0.08,12.5,0.1,266.48,0.11,158.85,0.02,0.01,2360.894105,1776312728000
1776312731.283,131.283,0.91,122.0,0.9,335.47,0.92,2.5,0.94,181.89,0.08,7.5,0.06,120.89,0.1,391.47,0.11,104.7,0.01,0.02,2360.915056,1776312729000
1776312732.984,132.984,0.9,351.02,0.89,78.84,0.92,2.5,0.93,15.0,0.08,2.5,0.06,181.89,0.09,122.0,0.1,335.47,0.02,0.01,2360.925345,1776312731000
1776312733.921,133.921,0.9,188.87,0.89,125.55,0.91,18.0,0.92,25.5,0.08,2.5,0.07,15.0,0.1,351.02,0.11,78.84,0.01,0.02,2361.039729,1776312732000
1776312734.949,134.949,0.9,184.87,0.89,235.67,0.91,10.0,0.92,25.5,0.09,23.0,0.08,25.5,0.1,174.87,0.11,125.55,0.01,0.01,2360.927158,1776312733000
1776312736.374,136.374,0.91,10.0,0.9,304.87,0.92,2.5,0.93,15.0,0.09,10.0,0.08,25.5,0.1,184.87,0.11,235.67,0.01,0.01,2360.894213,1776312735000
1776312737.077,137.077,0.91,139.11,0.9,269.87,0.92,2.5,0.93,15.0,0.08,2.5,0.07,15.0,0.09,10.0,0.1,304.87,0.01,0.01,2360.894213,1776312735000
1776312741.986,141.986,0.91,226.52,0.9,356.89,0.94,161.89,0.95,104.0,0.08,2.5,0.07,15.0,0.09,139.11,0.1,269.87,0.03,0.01,2360.893888,1776312740000
1776312742.649,142.649,0.93,10.0,0.92,129.0,0.94,122.01,0.95,213.0,0.06,161.89,0.05,104.0,0.09,226.52,0.1,356.89,0.01,0.03,2360.933453,1776312741000
1776312744.018,144.018,0.93,154.0,0.92,225.33,0.94,61.37,0.95,30.0,0.06,112.01,0.05,213.0,0.07,10.0,0.08,129.0,0.01,0.01,2360.933835,1776312742000
1776312744.708,144.708,0.93,301.99,0.92,92.84,0.94,1.79,0.95,25.0,0.06,6.79,0.05,30.0,0.07,149.0,0.08,225.33,0.01,0.01,2360.99095,1776312743000
1776312744.916,144.916,0.94,203.15,0.93,89.0,0.95,10.0,0.96,35.0,0.05,15.0,0.04,35.0,0.07,264.15,0.08,92.84,0.01,0.02,2360.99095,1776312743000
1776312745.734,145.734,0.94,420.99,0.93,355.3,0.95,5.0,0.96,35.0,0.05,10.0,0.04,35.0,0.06,203.15,0.07,89.0,0.01,0.01,2361.102906,1776312744000
1776312746.525,146.525,0.94,514.79,0.93,355.3,0.96,34.9,0.97,492.0,0.05,5.0,0.04,35.0,0.06,420.99,0.07,355.3,0.02,0.01,2361.277184,1776312745000
1776312747.14,147.14,0.95,303.99,0.94,352.8,0.96,28.85,0.97,486.0,0.04,29.9,0.03,492.0,0.06,514.79,0.07,355.3,0.01,0.02,2361.380699,1776312746000
1776312747.344,147.344,0.95,324.99,0.94,352.8,0.96,23.85,0.97,486.0,0.04,28.85,0.03,486.0,0.05,303.99,0.06,352.8,0.01,0.01,2361.380699,1776312746000
1776312747.647,147.647,0.95,298.99,0.94,352.8,0.96,13.79,0.97,486.0,0.04,18.79,0.03,486.0,0.05,319.99,0.06,352.8,0.01,0.01,2361.380699,1776312746000
1776312748.745,148.745,0.95,303.99,0.94,352.8,0.96,8.79,0.97,486.0,0.04,13.79,0.03,486.0,0.05,298.99,0.06,352.8,0.01,0.01,2361.701397,1776312747000
1776312750.234,150.234,0.95,234.89,0.94,352.8,0.96,8.79,0.97,363.0,0.04,8.79,0.03,486.0,0.05,303.99,0.06,352.8,0.01,0.01,2361.706567,1776312749000
1776312750.861,150.861,0.95,234.89,0.94,352.8,0.96,3.63,0.97,363.0,0.04,8.79,0.03,363.0,0.05,234.89,0.06,352.8,0.01,0.01,2361.706567,1776312749000
1776312751.227,151.227,0.95,229.89,0.94,352.8,0.97,360.39,0.98,658.3,0.04,5.53,0.03,363.0,0.05,229.89,0.06,352.8,0.02,0.01,2361.706567,1776312749000
1776312751.986,151.986,0.96,292.0,0.95,282.99,0.97,355.28,0.98,613.3,0.03,360.39,0.02,658.3,0.05,229.89,0.06,352.8,0.01,0.02,2361.700111,1776312750000
1776312752.236,152.236,0.96,287.0,0.95,274.99,0.97,350.28,0.98,639.3,0.03,355.28,0.02,613.3,0.04,292.0,0.05,282.99,0.01,0.01,2361.700111,1776312750000
1776312752.674,152.674,0.96,287.0,0.95,260.99,0.97,348.28,0.98,670.3,0.03,350.28,0.02,639.3,0.04,287.0,0.05,274.99,0.01,0.01,2361.729353,1776312751000
1776312754.311,154.311,0.96,280.0,0.95,140.0,0.97,343.28,0.98,704.0,0.03,348.28,0.02,670.3,0.04,287.0,0.05,260.99,0.01,0.01,2361.63963,1776312753000
1776312755.946,155.946,0.96,176.0,0.95,135.0,0.97,343.12,0.98,704.0,0.03,343.28,0.02,704.0,0.04,280.0,0.05,140.0,0.01,0.01,2361.658214,1776312754000
1776312757.39,157.39,0.96,103.0,0.95,125.0,0.97,476.12,0.98,494.3,0.03,343.12,0.02,704.0,0.04,176.0,0.05,135.0,0.01,0.01,2361.643457,1776312756000
1776312762.559,162.559,0.92,105.0,0.91,81.52,0.96,15.0,0.97,956.12,0.03,476.12,0.02,494.3,0.04,61.0,0.05,125.0,0.04,0.01,2361.265184,1776312761000
1776312762.785,162.785,0.89,27.0,0.88,17.0,0.92,10.0,0.93,57.0,0.07,62.0,0.06,115.0,0.1,10.98,0.11,47.0,0.03,0.03,2361.265184,1776312761000
1776312763.077,163.077,0.87,64.0,0.86,83.0,0.88,35.56,0.89,10.0,0.12,22.84,0.11,10.0,0.13,64.0,0.14,83.0,0.01,0.01,2361.265184,1776312761000
1776312763.301,163.301,0.87,7.0,0.86,135.0,0.88,15.18,0.89,18.0,0.12,8.56,0.11,10.0,0.13,64.0,0.14,83.0,0.01,0.01,2361.265184,1776312761000
1776312763.599,163.599,0.86,66.0,0.85,49.0,0.87,18.0,0.88,48.83,0.12,10.83,0.11,18.0,0.14,75.0,0.15,49.0,0.01,0.02,2361.220485,1776312762000
1776312764.06,164.06,0.85,221.39,0.84,65.0,0.86,10.0,0.87,16.85,0.13,21.85,0.12,43.83,0.15,47.42,0.16,65.0,0.01,0.02,2361.220485,1776312762000
1776312765.519,165.519,0.85,173.39,0.84,50.0,0.86,34.94,0.87,16.85,0.14,10.0,0.13,16.85,0.15,221.39,0.16,65.0,0.01,0.01,2360.61609,1776312764000
1776312765.864,165.864,0.85,132.39,0.84,50.0,0.86,87.94,0.87,16.85,0.14,34.94,0.13,16.85,0.15,173.39,0.16,50.0,0.01,0.01,2360.61609,1776312764000
1776312766.408,166.408,0.85,51.85,0.84,117.0,0.86,76.88,0.87,73.85,0.14,81.88,0.13,73.85,0.15,112.39,0.16,60.0,0.01,0.01,2360.221888,1776312765000
1776312767.362,167.362,0.85,219.99,0.84,60.0,0.86,63.0,0.87,16.85,0.14,76.88,0.13,73.85,0.15,51.85,0.16,117.0,0.01,0.01,2360.159109,1776312766000
1776312767.646,167.646,0.85,226.27,0.84,60.0,0.86,58.0,0.87,16.85,0.14,63.0,0.13,16.85,0.15,219.99,0.16,60.0,0.01,0.01,2360.159109,1776312766000
1776312768.237,168.237,0.85,233.27,0.84,60.0,0.86,51.83,0.87,8.0,0.14,58.0,0.13,16.85,0.15,226.27,0.16,60.0,0.01,0.01,2360.159109,1776312766000
1776312768.48,168.48,0.87,20.0,0.86,25.0,0.89,30.0,0.9,35.0,0.14,51.83,0.13,8.0,0.15,233.27,0.16,60.0,0.02,0.01,2360.049072,1776312767000
1776312768.811,168.811,0.87,20.0,0.86,25.0,0.89,130.0,0.9,135.0,0.11,30.0,0.1,35.0,0.13,20.0,0.14,25.0,0.02,0.02,2360.049072,1776312767000
1776312770.485,170.485,0.87,11.1,0.86,198.68,0.89,140.0,0.9,192.0,0.11,130.0,0.1,135.0,0.13,20.0,0.14,25.0,0.02,0.02,2360.074842,1776312769000
1776312772.604,172.604,0.87,32.0,0.86,15.0,0.88,115.0,0.89,110.0,0.11,140.0,0.1,192.0,0.13,11.1,0.14,198.68,0.01,0.02,2360.109127,1776312771000
1776312775.61,175.61,0.87,62.68,0.86,15.0,0.88,88.29,0.89,197.0,0.12,113.29,0.11,110.0,0.13,32.0,0.14,15.0,0.01,0.01,2360.133367,1776312774000
1776312777.189,177.189,0.87,41.68,0.85,5.86,0.88,204.29,0.89,184.0,0.12,88.29,0.11,197.0,0.13,62.68,0.14,15.0,0.01,0.01,2360.112847,1776312775000
1776312781.122,181.122,0.85,113.86,0.84,128.19,0.86,12.69,0.87,5.0,0.12,209.29,0.11,184.0,0.15,5.86,0.16,60.0,0.01,0.03,2360.078628,1776312779000
1776312781.409,181.409,0.85,113.86,0.84,123.19,0.86,10.35,0.87,5.0,0.14,11.52,0.13,5.0,0.15,113.86,0.16,128.19,0.01,0.01,2360.078628,1776312779000
1776312781.739,181.739,0.85,56.86,0.84,123.19,0.87,3.94,0.88,72.0,0.14,10.35,0.13,5.0,0.15,113.86,0.16,123.19,0.02,0.01,2360.031927,1776312780000
1776312782.429,182.429,0.84,28.25,0.83,86.0,0.85,27.0,0.86,30.0,0.13,13.94,0.12,72.0,0.15,36.86,0.16,123.19,0.01,0.02,2360.0241,1776312781000
1776312782.89,182.89,0.83,77.0,0.82,104.18,0.84,62.0,0.85,27.0,0.15,59.0,0.14,87.0,0.17,86.0,0.18,104.18,0.01,0.02,2360.0241,1776312781000
1776312783.725,183.725,0.83,102.0,0.82,171.18,0.84,24.0,0.85,32.0,0.16,55.82,0.15,27.0,0.17,77.0,0.18,104.18,0.01,0.01,2360.021471,1776312782000
1776312785.521,185.521,0.83,167.0,0.82,114.18,0.84,14.0,0.85,15.0,0.16,19.0,0.15,32.0,0.17,102.0,0.18,171.18,0.01,0.01,2359.769548,1776312784000
1776312786.346,186.346,0.83,57.0,0.82,171.18,0.84,56.0,0.85,25.0,0.16,14.0,0.15,15.0,0.17,167.0,0.18,114.18,0.01,0.01,2359.80522,1776312785000
1776312786.887,186.887,0.83,61.11,0.82,171.18,0.84,56.0,0.85,25.0,0.16,56.0,0.15,25.0,0.17,57.0,0.18,171.18,0.01,0.01,2359.80522,1776312785000
1776312788.061,188.061,0.83,33.14,0.82,171.18,0.84,34.0,0.85,25.0,0.16,56.0,0.15,25.0,0.17,53.82,0.18,171.18,0.01,0.01,2359.777865,1776312787000
1776312788.425,188.425,0.82,84.18,0.81,94.08,0.83,10.0,0.84,223.0,0.16,34.0,0.15,25.0,0.17,33.14,0.18,171.18,0.01,0.01,2359.777865,1776312787000
1776312788.681,188.681,0.78,2.3,0.75,31.67,0.83,108.34,0.84,243.0,0.17,110.0,0.16,245.0,0.22,2.3,0.25,31.67,0.05,0.05,2359.777865,1776312787000
1776312789.029,189.029,0.71,5.0,0.7,27.5,0.79,29.4,0.81,55.31,0.17,126.34,0.16,213.0,0.25,3.87,0.29,5.0,0.08,0.08,2359.777865,1776312787000
1776312789.333,189.333,0.68,92.31,0.67,10.0,0.72,87.0,0.76,112.0,0.21,29.4,0.19,55.31,0.29,5.0,0.3,27.5,0.04,0.08,2359.784929,1776312788000
1776312789.54,189.54,0.68,44.52,0.67,10.0,0.69,112.0,0.7,15.0,0.31,107.0,0.3,15.0,0.32,49.52,0.33,10.0,0.01,0.01,2359.784929,1776312788000
1776312789.812,189.812,0.67,10.17,0.66,24.0,0.68,10.65,0.69,20.0,0.31,127.0,0.3,15.0,0.33,5.17,0.34,24.0,0.01,0.02,2359.784929,1776312788000
1776312790.323,190.323,0.57,6.0,0.56,50.0,0.58,15.48,0.59,10.0,0.32,92.65,0.31,82.0,0.4,15.0,0.43,6.0,0.01,0.08,2359.505,1776312789000
1776312790.571,190.571,0.56,23.54,0.51,24.6,0.57,46.84,0.58,10.0,0.43,10.0,0.42,30.0,0.44,23.54,0.47,5.0,0.01,0.01,2359.505,1776312789000
1776312790.885,190.885,0.51,24.6,0.5,83.11,0.53,19.02,0.54,10.0,0.43,46.84,0.42,15.0,0.49,24.6,0.5,21.0,0.02,0.06,2359.505,1776312789000
1776312791.087,191.087,0.51,14.39,0.5,93.11,0.52,4.22,0.53,16.11,0.48,11.15,0.47,16.11,0.49,14.39,0.5,93.11,0.01,0.01,2359.505,1776312789000
1776312791.907,191.907,0.53,3.7,0.52,10.0,0.54,30.0,0.56,65.0,0.47,0.66,0.46,10.0,0.48,10.0,0.49,24.39,0.01,0.01,2358.973385,1776312790000
1776312792.211,192.211,0.51,14.39,0.5,93.11,0.52,3.0,0.53,10.0,0.46,30.0,0.44,65.0,0.47,3.7,0.48,10.0,0.01,0.01,2358.973385,1776312790000
1776312792.533,192.533,0.5,72.21,0.49,15.19,0.52,20.0,0.53,6.0,0.47,6.0,0.46,61.0,0.49,14.39,0.5,83.11,0.02,0.02,2358.686095,1776312791000
1776312792.862,192.862,0.48,17.88,0.47,5.0,0.5,140.0,0.51,10.0,0.5,30.0,0.49,20.0,0.51,7.88,0.52,20.0,0.02,0.01,2358.686095,1776312791000
1776312793.08,193.08,0.48,22.88,0.47,77.01,0.5,10.0,0.51,10.0,0.5,140.0,0.49,10.0,0.52,17.88,0.53,5.0,0.02,0.02,2358.686095,1776312791000
1776312793.475,193.475,0.49,8.85,0.48,22.88,0.5,50.0,0.51,20.19,0.5,10.0,0.49,10.0,0.52,22.88,0.53,77.01,0.01,0.02,2358.686095,1776312791000
1776312793.906,193.906,0.48,12.88,0.47,62.01,0.49,5.0,0.5,110.0,0.5,50.0,0.49,20.19,0.51,8.85,0.52,22.88,0.01,0.01,2358.629689,1776312792000
1776312794.339,194.339,0.48,4.88,0.47,62.01,0.49,132.85,0.5,60.0,0.51,15.85,0.5,60.0,0.52,17.88,0.53,62.01,0.01,0.01,2358.609347,1776312793000
1776312796.156,196.156,0.43,14.39,0.42,10.0,0.49,147.85,0.5,60.0,0.51,132.85,0.5,60.0,0.52,4.88,0.53,62.01,0.06,0.01,2358.397416,1776312794000
1776312796.592,196.592,0.44,11.84,0.43,24.39,0.45,51.0,0.46,10.0,0.51,147.85,0.5,60.0,0.57,14.39,0.58,10.0,0.01,0.06,2358.292914,1776312795000
1776312796.95,196.95,0.43,7.63,0.42,10.0,0.45,45.0,0.46,10.0,0.55,51.0,0.54,10.0,0.56,11.84,0.57,24.39,0.02,0.01,2358.292914,1776312795000
1776312797.462,197.462,0.44,10.0,0.43,7.63,0.45,40.0,0.46,10.0,0.55,45.0,0.54,10.0,0.57,7.63,0.58,10.0,0.01,0.02,2358.252862,1776312796000
1776312798.169,198.169,0.43,7.63,0.42,15.0,0.45,10.0,0.46,10.0,0.55,34.76,0.54,10.0,0.56,10.0,0.57,7.63,0.02,0.01,2358.24729,1776312797000
1776312799.081,199.081,0.44,5.0,0.43,13.47,0.45,40.0,0.46,10.0,0.55,10.0,0.54,10.0,0.57,7.63,0.58,15.0,0.01,0.02,2358.292383,1776312798000
1776312800.308,200.308,0.44,10.0,0.43,7.63,0.46,7.43,0.47,20.0,0.55,57.0,0.54,10.0,0.57,7.63,0.58,15.0,0.02,0.02,2358.292383,1776312798000
1776312800.853,200.853,0.45,76.3,0.44,10.0,0.46,67.43,0.47,20.0,0.54,7.43,0.53,20.0,0.56,10.0,0.57,7.63,0.01,0.02,2358.239681,1776312799000
1776312801.474,201.474,0.45,33.3,0.44,10.0,0.46,67.43,0.47,20.0,0.54,67.43,0.53,20.0,0.55,76.3,0.56,10.0,0.01,0.01,2358.224322,1776312800000
1776312802.088,202.088,0.43,5.87,0.42,10.0,0.45,57.0,0.46,22.56,0.54,59.56,0.53,20.0,0.57,7.63,0.58,10.0,0.02,0.03,2358.224322,1776312800000
1776312802.472,202.472,0.42,10.0,0.41,10.0,0.43,40.0,0.44,10.0,0.55,57.0,0.54,22.56,0.57,5.87,0.58,10.0,0.01,0.02,2358.242798,1776312801000
1776312802.718,202.718,0.39,10.0,0.38,10.0,0.41,4.0,0.42,20.0,0.57,45.0,0.56,10.0,0.6,27.96,0.61,10.0,0.02,0.03,2358.242798,1776312801000
1776312804.865,204.865,0.4,17.93,0.39,40.0,0.41,15.0,0.43,20.0,0.59,4.0,0.58,20.0,0.61,10.0,0.62,10.0,0.01,0.02,2358.177853,1776312803000
1776312805.772,205.772,0.4,7.93,0.39,40.0,0.41,10.0,0.43,20.0,0.59,15.0,0.57,20.0,0.6,17.93,0.61,40.0,0.01,0.01,2358.17438,1776312804000
1776312806.446,206.446,0.36,261.88,0.35,121.04,0.41,15.0,0.43,20.0,0.59,10.0,0.57,20.0,0.6,6.26,0.61,40.0,0.05,0.01,2358.171651,1776312805000
1776312806.992,206.992,0.4,4.27,0.39,10.0,0.41,20.0,0.42,10.0,0.59,15.0,0.57,20.0,0.64,261.88,0.65,121.04,0.01,0.05,2358.171651,1776312805000
1776312807.501,207.501,0.4,4.27,0.39,10.0,0.41,15.0,0.42,10.0,0.59,20.0,0.58,10.0,0.6,4.27,0.61,10.0,0.01,0.01,2358.171651,1776312805000
1776312807.737,207.737,0.38,7.84,0.37,22.0,0.41,10.0,0.43,30.0,0.59,15.0,0.58,10.0,0.6,4.27,0.61,10.0,0.03,0.01,2358.22302,1776312806000
1776312810.331,210.331,0.37,7.73,0.36,233.84,0.39,14.0,0.4,9.0,0.59,10.0,0.57,30.0,0.62,2.54,0.63,22.0,0.02,0.03,2358.222862,1776312808000
1776312812.96,212.96,0.38,3.88,0.37,7.73,0.39,19.0,0.4,9.0,0.61,14.0,0.6,9.0,0.63,7.73,0.64,233.84,0.01,0.02,2358.226952,1776312811000
1776312813.376,213.376,0.38,28.0,0.37,7.73,0.39,4.0,0.4,9.0,0.61,19.0,0.6,9.0,0.62,3.88,0.63,7.73,0.01,0.01,2358.175538,1776312812000
1776312813.628,213.628,0.5,64.0,0.49,109.99,0.51,10.09,0.53,5.0,0.6,9.0,0.59,5.0,0.62,28.0,0.63,7.73,0.01,0.02,2358.175538,1776312812000
1776312813.901,213.901,0.52,11.8,0.51,72.0,0.54,10.9,0.55,10.0,0.46,10.9,0.45,10.0,0.48,10.0,0.49,20.0,0.02,0.02,2358.175538,1776312812000
1776312814.718,214.718,0.52,5.0,0.51,5.0,0.53,8.67,0.54,5.0,0.46,5.0,0.45,10.7,0.48,20.0,0.49,20.0,0.01,0.02,2358.283273,1776312813000
1776312815.186,215.186,0.45,4.9,0.44,93.15,0.53,10.0,0.54,5.0,0.47,8.67,0.46,5.0,0.48,5.0,0.49,5.0,0.08,0.01,2358.283273,1776312813000
1776312816.161,216.161,0.45,108.18,0.44,90.0,0.46,9.0,0.49,5.0,0.53,9.43,0.47,10.0,0.56,91.21,0.57,10.0,0.01,0.03,2358.633802,1776312815000
1776312816.481,216.481,0.45,148.18,0.44,90.0,0.46,1.04,0.5,10.0,0.54,9.0,0.51,5.0,0.55,108.18,0.56,90.0,0.01,0.01,2358.633802,1776312815000
1776312816.962,216.962,0.5,20.0,0.49,10.0,0.52,30.18,0.53,24.0,0.49,7.97,0.48,66.51,0.55,148.18,0.56,90.0,0.02,0.06,2358.633802,1776312815000
1776312817.438,217.438,0.5,11.0,0.49,10.0,0.52,35.18,0.53,24.0,0.48,30.18,0.47,24.0,0.5,20.0,0.51,10.0,0.02,0.02,2358.467028,1776312816000
1776312818.032,218.032,0.5,11.0,0.49,10.0,0.52,35.18,0.53,15.0,0.48,35.18,0.47,24.0,0.5,11.0,0.51,10.0,0.02,0.02,2358.467028,1776312816000
1776312818.486,218.486,0.49,6.04,0.48,10.0,0.51,18.26,0.52,40.18,0.48,35.18,0.47,15.0,0.5,11.0,0.51,10.0,0.02,0.02,2358.461997,1776312817000
1776312820.755,220.755,0.5,5.0,0.49,20.0,0.56,9.62,0.57,10.0,0.49,18.26,0.48,40.18,0.51,6.04,0.52,10.0,0.06,0.02,2358.508604,1776312819000
1776312821.34,221.34,0.46,17.66,0.45,28.03,0.51,5.0,0.52,10.0,0.44,9.62,0.43,10.0,0.5,5.0,0.51,20.0,0.05,0.06,2358.524558,1776312820000
1776312824.54,224.54,0.48,20.07,0.47,10.0,0.49,15.0,0.5,10.0,0.49,5.0,0.48,10.0,0.54,17.66,0.55,28.03,0.01,0.05,2358.507584,1776312823000
1776312827.274,227.274,0.58,15.0,0.57,10.0,0.61,12.73,0.62,10.0,0.51,15.0,0.5,10.0,0.52,20.07,0.53,10.0,0.03,0.01,2358.511846,1776312826000
1776312827.568,227.568,0.59,20.0,0.58,20.0,0.6,22.0,0.61,10.0,0.39,12.73,0.38,10.0,0.42,15.0,0.43,10.0,0.01,0.03,2358.511846,1776312826000
1776312827.929,227.929,0.59,77.0,0.58,30.0,0.62,10.0,0.63,40.0,0.4,17.0,0.39,10.0,0.41,20.0,0.42,30.0,0.03,0.01,2358.511846,1776312826000
1776312828.277,228.277,0.59,81.0,0.58,25.0,0.61,4.0,0.62,10.0,0.4,10.0,0.39,10.0,0.41,74.0,0.42,35.0,0.02,0.01,2358.511846,1776312826000
1776312828.95,228.95,0.65,15.0,0.64,15.0,0.69,40.0,0.7,15.0,0.4,10.0,0.39,4.0,0.41,63.0,0.42,25.0,0.04,0.01,2358.520004,1776312827000
1776312829.298,229.298,0.67,15.0,0.66,37.0,0.69,33.34,0.7,15.0,0.31,40.0,0.3,15.0,0.35,15.0,0.36,15.0,0.02,0.04,2358.53123,1776312828000
1776312830.006,230.006,0.67,5.0,0.66,25.0,0.69,22.9,0.7,15.0,0.32,2.76,0.31,33.34,0.33,10.0,0.34,37.0,0.02,0.01,2358.53123,1776312828000
1776312830.605,230.605,0.67,15.0,0.66,82.0,0.7,15.0,0.71,65.0,0.3,15.0,0.29,65.0,0.33,5.0,0.34,25.0,0.03,0.03,2358.842934,1776312829000
1776312831.177,231.177,0.68,10.0,0.67,15.0,0.71,65.0,0.72,24.0,0.3,13.57,0.29,65.0,0.33,15.0,0.34,82.0,0.03,0.03,2358.842934,1776312829000
1776312831.555,231.555,0.69,8.87,0.68,10.0,0.7,10.0,0.71,65.0,0.29,65.0,0.28,24.0,0.32,10.0,0.33,15.0,0.01,0.03,2358.858549,1776312830000
1776312832.155,232.155,0.71,15.0,0.7,5.0,0.72,8.34,0.73,15.0,0.3,10.0,0.29,65.0,0.31,8.87,0.32,10.0,0.01,0.01,2358.858549,1776312830000
1776312832.572,232.572,0.71,5.0,0.7,5.0,0.74,20.0,0.75,10.0,0.28,8.34,0.27,15.0,0.29,15.0,0.3,5.0,0.03,0.01,2358.91114,1776312831000
1776312832.802,232.802,0.71,5.0,0.7,5.0,0.73,10.0,0.74,20.0,0.26,20.0,0.25,10.0,0.29,5.0,0.3,5.0,0.02,0.03,2358.91114,1776312831000
1776312835.37,235.37,0.71,10.0,0.7,5.0,0.72,3.1,0.73,10.0,0.27,10.0,0.26,20.0,0.29,5.0,0.3,5.0,0.01,0.02,2358.96434,1776312833000
1776312835.823,235.823,0.72,18.04,0.71,5.0,0.73,4.0,0.74,10.0,0.28,3.1,0.27,10.0,0.29,10.0,0.3,5.0,0.01,0.01,2358.962342,1776312834000
1776312836.258,236.258,0.72,77.45,0.71,15.0,0.73,28.72,0.74,10.0,0.26,40.68,0.24,59.25,0.28,18.04,0.29,5.0,0.01,0.02,2358.962342,1776312834000
1776312836.871,236.871,0.7,15.0,0.69,10.0,0.73,33.72,0.74,10.0,0.27,28.72,0.26,10.0,0.28,77.45,0.29,15.0,0.03,0.01,2358.938077,1776312835000
1776312837.603,237.603,0.7,6.66,0.6,30.0,0.71,71.0,0.72,33.0,0.27,33.72,0.26,10.0,0.3,15.0,0.31,10.0,0.01,0.03,2358.938077,1776312835000
1776312837.852,237.852,0.6,18.3,0.59,16.0,0.66,14.7,0.71,90.94,0.29,90.94,0.28,23.0,0.4,30.0,0.41,16.0,0.06,0.11,2358.938077,1776312835000
1776312838.057,238.057,0.6,18.2,0.59,16.0,0.72,8.95,0.73,10.0,0.28,8.95,0.27,10.0,0.4,18.3,0.41,16.0,0.12,0.12,2358.979705,1776312836000
1776312839.152,239.152,0.61,25.94,0.6,10.0,0.63,10.0,0.64,20.0,0.28,8.95,0.27,10.0,0.4,18.2,0.41,16.0,0.02,0.12,2358.982455,1776312837000
1776312839.459,239.459,0.61,10.0,0.6,10.0,0.62,14.8,0.63,28.0,0.37,10.0,0.36,20.0,0.39,25.94,0.4,10.0,0.01,0.02,2358.982455,1776312837000
1776312840.358,240.358,0.61,15.0,0.6,10.0,0.65,52.0,0.7,7.0,0.38,9.8,0.37,28.0,0.4,10.0,0.41,10.0,0.04,0.02,2358.978625,1776312838000
1776312840.612,240.612,0.64,10.0,0.63,16.0,0.71,50.0,0.72,1.95,0.3,7.0,0.29,50.0,0.4,10.0,0.41,15.0,0.07,0.1,2358.831456,1776312839000
1776312841.01,241.01,0.7,10.0,0.69,10.0,0.71,39.11,0.74,7.0,0.29,43.34,0.28,1.95,0.3,10.0,0.31,10.0,0.01,0.01,2358.831456,1776312839000
1776312841.29,241.29,0.7,5.18,0.69,10.0,0.71,39.11,0.74,7.0,0.29,39.11,0.26,7.0,0.3,10.0,0.31,10.0,0.01,0.01,2358.831456,1776312839000
1776312841.494,241.494,0.7,5.18,0.69,10.0,0.71,28.98,0.74,17.0,0.29,39.11,0.26,7.0,0.3,5.18,0.31,10.0,0.01,0.01,2358.753613,1776312840000
1776312841.976,241.976,0.7,10.18,0.69,10.0,0.71,16.98,0.74,17.0,0.29,28.98,0.26,17.0,0.3,5.18,0.31,10.0,0.01,0.01,2358.753613,1776312840000
1776312842.359,242.359,0.7,9.18,0.69,100.12,0.71,16.98,0.74,74.0,0.29,16.98,0.26,17.0,0.3,10.18,0.31,10.0,0.01,0.01,2358.753613,1776312840000
1776312843.082,243.082,0.7,71.18,0.69,105.12,0.71,0.98,0.74,7.0,0.29,16.98,0.26,74.0,0.3,9.18,0.31,100.12,0.01,0.01,2358.875706,1776312842000
1776312843.307,243.307,0.7,81.18,0.69,10.0,0.76,10.0,0.81,72.81,0.29,0.98,0.26,7.0,0.3,71.18,0.31,105.12,0.06,0.01,2358.875706,1776312842000
1776312843.69,243.69,0.8,14.0,0.79,25.0,0.81,12.81,0.82,24.4,0.19,72.81,0.18,34.4,0.25,15.0,0.26,10.0,0.01,0.06,2358.875706,1776312842000
1776312844.196,244.196,0.8,106.0,0.79,21.0,0.81,0.34,0.82,52.4,0.19,10.33,0.18,52.4,0.2,10.0,0.21,25.0,0.01,0.01,2358.889334,1776312843000
1776312844.606,244.606,0.87,2.3,0.84,10.0,0.9,5.0,0.91,10.0,0.16,26.8,0.14,5.0,0.2,103.96,0.21,21.0,0.03,0.04,2358.889334,1776312843000
1776312844.826,244.826,0.89,10.0,0.88,15.0,0.9,41.88,0.91,20.0,0.08,10.0,0.07,65.3,0.11,10.0,0.12,10.0,0.01,0.03,2358.889334,1776312843000
1776312845.222,245.222,0.89,10.0,0.88,10.0,0.9,13.0,0.91,30.0,0.13,6.16,0.1,41.88,0.14,10.0,0.15,10.0,0.01,0.01,2359.008263,1776312844000
1776312845.545,245.545,0.89,10.0,0.88,10.0,0.9,10.97,0.91,30.0,0.1,13.0,0.09,30.0,0.11,10.0,0.12,10.0,0.01,0.01,2359.008263,1776312844000
1776312845.988,245.988,0.88,4.15,0.87,10.0,0.9,14.37,0.91,30.0,0.1,4.37,0.09,30.0,0.11,0.9,0.12,20.0,0.02,0.01,2359.008263,1776312844000
1776312846.237,246.237,0.88,10.0,0.87,8.58,0.9,4.97,0.91,30.0,0.1,14.37,0.09,30.0,0.13,8.58,0.14,10.0,0.02,0.03,2359.24174,1776312845000
1776312847.597,247.597,0.9,15.0,0.89,15.0,0.93,19.0,0.94,10.0,0.1,4.97,0.09,30.0,0.12,10.0,0.13,8.58,0.03,0.02,2359.447499,1776312846000
1776312848.158,248.158,0.92,15.0,0.91,15.0,0.93,56.29,0.94,141.0,0.07,7.16,0.06,10.0,0.09,10.0,0.1,15.0,0.01,0.02,2359.447499,1776312846000
1776312848.645,248.645,0.92,11.25,0.91,65.0,0.94,111.0,0.95,26.94,0.07,51.29,0.06,141.0,0.08,15.0,0.09,15.0,0.02,0.01,2359.515277,1776312847000
1776312849.943,249.943,0.94,13.33,0.93,15.0,0.95,49.94,0.96,510.8,0.06,111.0,0.05,26.94,0.08,11.25,0.09,65.0,0.01,0.02,2359.622253,1776312849000
1776312852.538,252.538,0.94,13.33,0.93,15.0,0.95,102.27,0.96,210.8,0.05,49.94,0.04,510.8,0.06,13.33,0.07,15.0,0.01,0.01,2359.759335,1776312851000
1776312856.309,256.309,0.94,18.33,0.93,10.0,0.95,75.0,0.96,107.0,0.05,102.27,0.04,210.8,0.06,13.33,0.07,15.0,0.01,0.01,2359.769425,1776312855000
1776312856.767,256.767,0.94,6.66,0.93,10.0,0.95,75.0,0.96,79.0,0.05,75.0,0.04,107.0,0.06,18.33,0.07,10.0,0.01,0.01,2359.769425,1776312855000
1776312857.703,257.703,0.94,3.33,0.93,10.0,0.95,75.0,0.97,302.82,0.05,75.0,0.04,79.0,0.06,6.66,0.07,10.0,0.01,0.01,2359.7984,1776312856000
1776312858.178,258.178,0.94,15.0,0.93,10.0,0.95,72.97,0.97,274.82,0.05,75.0,0.03,302.82,0.06,3.33,0.07,10.0,0.01,0.01,2359.77229,1776312857000
1776312860.045,260.045,0.94,15.0,0.93,10.0,0.95,149.38,0.97,289.82,0.05,72.97,0.03,274.82,0.06,15.0,0.07,10.0,0.01,0.01,2359.80105,1776312859000
1776312860.361,260.361,0.9,85.0,0.89,46.79,0.91,99.75,0.95,149.38,0.05,149.38,0.03,289.82,0.06,15.0,0.07,10.0,0.01,0.01,2359.80105,1776312859000
1776312860.66,260.66,0.9,124.0,0.89,51.79,0.91,90.45,0.93,30.0,0.09,99.75,0.05,149.38,0.1,85.0,0.11,46.79,0.01,0.01,2359.80105,1776312859000
1776312860.971,260.971,0.9,185.0,0.89,207.36,0.91,85.34,0.93,30.0,0.09,90.45,0.07,30.0,0.1,124.0,0.11,51.79,0.01,0.01,2359.77471,1776312860000
1776312861.874,261.874,0.92,69.0,0.91,10.0,0.93,18.22,0.95,144.38,0.07,21.45,0.05,144.38,0.1,185.0,0.11,207.36,0.01,0.03,2359.77471,1776312860000
1776312862.886,262.886,0.92,278.71,0.91,70.0,0.93,17.14,0.95,144.38,0.07,18.22,0.05,144.38,0.08,69.0,0.09,10.0,0.01,0.01,2359.78927,1776312862000
1776312864.466,264.466,0.92,335.71,0.91,144.0,0.95,141.52,0.96,57.0,0.07,17.14,0.05,144.38,0.08,278.71,0.09,70.0,0.03,0.01,2359.794225,1776312863000
1776312866.401,266.401,0.94,147.94,0.93,10.0,0.95,125.65,0.97,114.12,0.05,141.52,0.04,57.0,0.08,335.71,0.09,144.0,0.01,0.03,2359.834558,1776312865000
1776312866.713,266.713,0.94,147.94,0.93,25.0,0.95,124.59,0.97,100.12,0.05,125.65,0.03,114.12,0.06,147.94,0.07,10.0,0.01,0.01,2359.834558,1776312865000
1776312869.857,269.857,0.92,36.0,0.91,10.0,0.94,17.0,0.95,158.59,0.05,124.59,0.03,100.12,0.06,147.94,0.07,25.0,0.02,0.01,2359.81648,1776312868000
1776312870.07,270.07,0.92,16.0,0.91,10.0,0.94,27.0,0.95,139.59,0.06,17.0,0.05,158.59,0.08,36.0,0.09,10.0,0.02,0.02,2359.81648,1776312868000
1776312870.285,270.285,0.93,10.0,0.92,2.0,0.94,11.36,0.95,139.59,0.06,27.0,0.05,139.59,0.08,2.0,0.09,10.0,0.01,0.02,2359.786455,1776312869000
1776312871.131,271.131,0.92,154.13,0.91,9.0,0.93,29.0,0.94,37.0,0.07,9.0,0.05,139.59,0.08,2.0,0.09,10.0,0.01,0.01,2359.786455,1776312869000
1776312871.344,271.344,0.92,80.13,0.91,10.0,0.93,29.0,0.94,61.0,0.07,29.0,0.06,78.0,0.08,124.13,0.1,10.0,0.01,0.01,2359.808365,1776312870000
1776312871.678,271.678,0.92,55.63,0.9,22.0,0.93,27.92,0.94,47.0,0.07,27.92,0.06,61.0,0.08,63.13,0.09,11.0,0.01,0.01,2359.808365,1776312870000
1776312874.928,274.928,0.92,202.19,0.91,10.0,0.94,3.79,0.95,179.59,0.07,27.92,0.06,47.0,0.08,55.63,0.1,22.0,0.02,0.01,2359.537099,1776312873000
1776312878.272,278.272,0.94,57.0,0.93,86.12,0.98,174.75,0.99,7001.08,0.06,3.79,0.05,179.59,0.08,202.19,0.09,10.0,0.04,0.02,2359.54276,1776312876000
1776312878.625,278.625,0.97,10.0,0.96,10.0,0.98,189.75,0.99,6857.08,0.02,174.75,0.01,7001.08,0.06,57.0,0.07,86.12,0.01,0.04,2359.543367,1776312877000
1776312878.964,278.964,0.96,10.0,0.95,10.0,0.97,2.64,0.98,120.75,0.03,11.44,0.02,189.75,0.04,10.0,0.05,10.0,0.01,0.01,2359.612404,1776312878000
1776312880.19,280.19,0.97,7.06,0.96,10.0,0.98,59.75,0.99,6736.08,0.03,2.64,0.02,120.75,0.04,10.0,0.05,10.0,0.01,0.01,2359.553616,1776312879000
1776312880.692,280.692,0.97,7.02,0.96,10.0,0.98,34.54,0.99,6736.08,0.02,39.54,0.01,6736.08,0.03,12.06,0.04,10.0,0.01,0.01,2359.553616,1776312879000
1776312881.234,281.234,0.95,10.0,0.94,72.0,0.98,29.54,0.99,6845.08,0.02,34.54,0.01,6736.08,0.03,7.02,0.04,10.0,0.03,0.01,2359.536843,1776312880000
1776312882.173,282.173,0.97,10.0,0.96,10.0,0.98,38.5,0.99,6846.08,0.02,29.54,0.01,6845.08,0.05,10.0,0.06,72.0,0.01,0.03,2359.536843,1776312880000
1776312882.793,282.793,0.98,49.83,0.97,15.0,0.99,6771.08,,,0.02,38.5,0.01,6846.08,0.03,10.0,0.04,10.0,0.01,0.01,2359.528606,1776312881000
1776312883.713,283.713,0.97,10.0,0.96,10.0,0.99,6759.76,,,0.01,6819.08,,,0.05,6.93,0.06,72.0,0.02,0.04,2359.54713,1776312882000
1776312884.244,284.244,0.98,20.0,0.97,40.0,0.99,6591.76,,,0.01,6759.76,,,0.03,10.0,0.04,10.0,0.01,0.02,2359.525401,1776312883000
1776312884.684,284.684,0.98,35.0,0.97,20.0,0.99,6516.76,,,0.01,6526.76,,,0.02,25.0,0.03,40.0,0.01,0.01,2359.525401,1776312883000
1776312884.962,284.962,0.98,17.16,0.97,20.0,0.99,6431.76,,,0.01,6426.76,,,0.02,30.16,0.03,20.0,0.01,0.01,2359.525401,1776312883000
1776312885.242,285.242,0.97,14.92,0.96,85.0,0.98,4.89,0.99,6431.76,0.01,6436.76,,,0.03,14.92,0.04,85.0,0.01,0.02,2359.525833,1776312884000
1776312885.601,285.601,0.97,19.92,0.96,85.0,0.99,6426.65,,,0.02,4.89,0.01,6431.76,0.03,14.92,0.04,85.0,0.02,0.01,2359.525833,1776312884000
1776312886.252,286.252,0.96,85.0,0.95,6.93,0.98,10.0,0.99,6361.65,0.01,6361.65,,,0.03,14.92,0.04,85.0,0.02,0.02,2359.588293,1776312885000
1776312886.498,286.498,0.95,24.0,0.94,15.0,0.98,4.8,0.99,6366.65,0.02,10.0,0.01,6361.65,0.04,85.0,0.05,6.93,0.03,0.02,2359.588293,1776312885000
1776312886.734,286.734,0.95,25.0,0.94,15.0,0.98,9.8,0.99,6366.65,0.02,9.8,0.01,6366.65,0.05,10.0,0.06,39.0,0.03,0.03,2359.588293,1776312885000
1776312887.371,287.371,0.96,15.0,0.95,25.0,0.97,8.96,0.98,9.8,0.02,9.8,0.01,6366.65,0.05,25.0,0.06,15.0,0.01,0.03,2359.792071,1776312886000
1776312887.943,287.943,0.96,9.99,0.95,25.0,0.97,8.96,0.98,9.8,0.03,8.96,0.02,9.8,0.04,15.0,0.05,25.0,0.01,0.01,2359.792071,1776312886000
1776312888.242,288.242,0.96,14.99,0.95,25.0,0.97,7.92,0.98,9.8,0.03,8.96,0.02,9.8,0.04,9.99,0.05,25.0,0.01,0.01,2359.71155,1776312887000
1776312888.583,288.583,0.95,25.0,0.94,20.31,0.97,2.76,0.98,4.8,0.03,7.92,0.02,4.8,0.05,25.0,0.06,20.31,0.02,0.02,2359.71155,1776312887000
1776312889.564,289.564,0.96,54.0,0.95,15.26,0.98,2.48,0.99,6241.65,0.03,2.76,0.02,4.8,0.05,25.0,0.06,20.31,0.02,0.02,2359.651728,1776312888000
1776312890.95,290.95,0.97,10.0,0.96,94.2,0.99,1281.53,,,0.02,2.48,0.01,6241.65,0.04,54.0,0.05,15.26,0.02,0.02,2359.535522,1776312889000
1776312891.42,291.42,0.97,5.0,0.96,65.2,0.98,9.89,0.99,1272.53,0.01,1272.53,,,0.03,10.0,0.04,94.2,0.01,0.02,2359.603995,1776312890000
1776312891.879,291.879,0.97,5.0,0.96,65.2,0.99,1272.53,,,0.02,9.89,0.01,1272.53,0.03,5.0,0.04,65.2,0.02,0.01,2359.603995,1776312890000
1776312892.081,292.081,0.97,15.0,0.96,65.2,0.99,1267.53,,,0.01,1272.53,,,0.03,5.0,0.04,65.2,0.02,0.02,2359.603995,1776312890000
1776312892.55,292.55,0.97,20.15,0.96,60.0,0.99,1262.47,,,0.01,1267.53,,,0.03,15.0,0.04,65.2,0.02,0.02,2359.624176,1776312891000
1776312892.929,292.929,0.97,20.15,0.96,60.0,0.99,1254.47,,,0.01,1262.47,,,0.03,20.15,0.04,60.0,0.02,0.02,2359.624176,1776312891000
1776312893.223,293.223,0.97,30.15,0.96,60.0,0.99,1254.47,,,0.01,1254.47,,,0.03,20.15,0.04,60.0,0.02,0.02,2359.661089,1776312892000
1776312893.909,293.909,0.97,25.15,0.96,60.0,0.99,239.47,,,0.01,1254.47,,,0.03,30.15,0.04,60.0,0.02,0.02,2359.661089,1776312892000
1776312894.18,294.18,0.98,5.0,0.97,20.15,0.99,237.47,,,0.01,239.47,,,0.03,25.15,0.04,60.0,0.01,0.02,2359.586489,1776312893000
1776312894.4,294.4,0.98,5.0,0.97,20.15,0.99,223.47,,,0.01,238.47,,,0.02,5.0,0.03,20.15,0.01,0.01,2359.586489,1776312893000
1776312894.625,294.625,0.98,5.0,0.97,20.15,0.99,190.24,,,0.01,191.26,,,0.02,5.0,0.03,20.15,0.01,0.01,2359.586489,1776312893000
1776312895.2,295.2,0.99,964.63,0.98,5.0,,,,,,,,,0.01,834.76,0.02,137.0,,,2359.63122,1776312894000
1776312895.571,295.571,0.99,1027.29,0.98,5.0,,,,,,,,,0.01,1013.9,0.02,5.0,,,2359.63122,1776312894000
1776312896.077,296.077,0.99,934.15,0.98,5.0,,,,,,,,,0.01,1027.29,0.02,5.0,,,2359.63122,1776312894000
1776312899.093,299.093,0.99,10087.52,0.98,15.0,,,,,,,,,0.01,934.15,0.02,5.0,,,2359.725896,1776312897000

# RESULT,winner=Up,slug=eth-updown-5m-1776312600,ticks=317
