timestamp,elapsed_sec,up_bid_p1,up_bid_s1,up_bid_p2,up_bid_s2,up_ask_p1,up_ask_s1,up_ask_p2,up_ask_s2,down_bid_p1,down_bid_s1,down_bid_p2,down_bid_s2,down_ask_p1,down_ask_s1,down_ask_p2,down_ask_s2,up_spread,down_spread,eth_price,eth_oracle_ts
1776321000.532,0.532,0.49,11.31,0.46,150.0,0.5,3.0,0.54,150.0,0.5,3.0,0.49,5.0,0.51,16.31,0.52,25.0,0.01,0.01,2356.008616,1776320999000
1776321000.871,0.871,0.49,2.82,0.4,38.0,0.5,3.0,0.55,8.88,0.5,3.0,0.46,150.0,0.51,11.31,0.54,150.0,0.01,0.01,2356.008616,1776320999000
1776321001.388,1.388,0.53,5.0,0.52,75.0,0.55,17.88,0.56,14.0,0.45,8.88,0.41,70.0,0.51,2.82,0.53,70.0,0.02,0.06,2356.008616,1776320999000
1776321002.397,2.397,0.49,2.82,0.48,5.0,0.54,63.0,0.55,302.88,0.45,17.88,0.44,14.0,0.47,5.0,0.48,75.0,0.05,0.02,2355.958814,1776321000000
1776321003.6,3.6,0.5,31.0,0.49,90.82,0.51,5.0,0.52,15.0,0.5,5.0,0.48,8.0,0.51,75.82,0.52,84.0,0.01,0.01,2355.99936,1776321002000
1776321004.196,4.196,0.5,41.0,0.49,80.82,0.52,14.82,0.53,15.0,0.49,5.0,0.48,15.0,0.5,31.0,0.51,90.82,0.02,0.01,2356.03163,1776321003000
1776321004.97,4.97,0.5,26.0,0.49,85.82,0.51,15.0,0.52,14.82,0.48,14.82,0.47,15.0,0.5,41.0,0.51,80.82,0.01,0.02,2356.03163,1776321003000
1776321005.933,5.933,0.5,18.0,0.49,90.82,0.51,1.0,0.52,14.82,0.49,15.0,0.48,14.82,0.5,26.0,0.51,85.82,0.01,0.01,2356.060275,1776321004000
1776321006.29,6.29,0.5,9.0,0.49,95.82,0.51,11.0,0.52,14.82,0.49,1.0,0.48,14.82,0.5,18.0,0.51,90.82,0.01,0.01,2356.060275,1776321004000
1776321006.59,6.59,0.5,4.0,0.49,95.82,0.51,4.0,0.52,14.82,0.49,11.0,0.48,14.82,0.5,9.0,0.51,95.82,0.01,0.01,2356.07164,1776321005000
1776321009.144,9.144,0.49,57.82,0.48,80.0,0.5,23.0,0.51,19.0,0.49,4.0,0.48,14.82,0.5,4.0,0.51,95.82,0.01,0.01,2356.08665,1776321007000
1776321009.444,9.444,0.49,57.82,0.48,85.0,0.5,11.88,0.51,14.0,0.5,13.0,0.49,14.0,0.51,57.82,0.52,85.0,0.01,0.01,2355.98191,1776321008000
1776321010.42,10.42,0.49,55.85,0.48,90.0,0.5,17.88,0.51,14.0,0.5,16.88,0.49,14.0,0.51,60.85,0.52,85.0,0.01,0.01,2355.98191,1776321008000
1776321010.942,10.942,0.49,55.85,0.48,90.0,0.5,14.7,0.51,14.0,0.5,17.88,0.49,14.0,0.51,55.85,0.52,90.0,0.01,0.01,2355.95639,1776321009000
1776321012.01,12.01,0.49,55.85,0.48,80.0,0.5,9.0,0.51,14.0,0.5,14.7,0.49,14.0,0.51,55.85,0.52,90.0,0.01,0.01,2355.89755,1776321010000
1776321012.531,12.531,0.49,55.85,0.48,75.0,0.5,11.0,0.51,14.0,0.5,9.0,0.49,14.0,0.51,55.85,0.52,80.0,0.01,0.01,2355.89755,1776321010000
1776321012.841,12.841,0.49,47.85,0.48,75.0,0.5,11.0,0.51,14.0,0.5,6.0,0.49,14.0,0.51,45.85,0.52,75.0,0.01,0.01,2355.946705,1776321011000
1776321017.45,17.45,0.5,25.0,0.49,47.85,0.51,19.0,0.52,32.82,0.5,11.0,0.49,14.0,0.51,47.85,0.52,75.0,0.01,0.01,2355.873064,1776321016000
1776321021.518,21.518,0.5,47.0,0.49,62.85,0.51,9.0,0.52,22.82,0.49,19.0,0.48,32.82,0.5,25.0,0.51,47.85,0.01,0.01,2355.935385,1776321020000
1776321022.292,22.292,0.56,66.12,0.54,22.0,0.57,5.0,0.58,10.0,0.49,9.0,0.48,22.82,0.5,47.0,0.51,62.85,0.01,0.01,2355.862934,1776321021000
1776321022.671,22.671,0.56,239.12,0.55,20.0,0.61,14.0,0.62,75.0,0.43,5.0,0.42,10.0,0.44,66.12,0.46,22.0,0.05,0.01,2355.862934,1776321021000
1776321022.916,22.916,0.6,10.0,0.59,10.0,0.62,71.85,0.63,5.0,0.39,14.0,0.38,75.0,0.44,239.12,0.45,20.0,0.02,0.05,2355.862934,1776321021000
1776321023.25,23.25,0.61,10.0,0.6,15.0,0.62,76.85,0.63,13.0,0.38,71.85,0.37,5.0,0.4,10.0,0.41,10.0,0.01,0.02,2355.862934,1776321021000
1776321024.083,24.083,0.61,10.0,0.6,15.0,0.62,102.94,0.63,32.0,0.38,76.85,0.37,13.0,0.39,10.0,0.4,15.0,0.01,0.01,2355.86929,1776321022000
1776321027.993,27.993,0.6,87.87,0.59,35.0,0.64,24.5,0.65,20.0,0.38,102.94,0.37,32.0,0.4,14.87,0.41,15.0,0.04,0.02,2356.319645,1776321026000
1776321028.307,28.307,0.65,5.0,0.64,5.0,0.66,39.0,0.67,203.32,0.33,169.32,0.32,92.0,0.37,15.0,0.38,10.0,0.01,0.04,2356.324626,1776321027000
1776321028.574,28.574,0.63,5.0,0.6,5.0,0.66,138.15,0.67,203.32,0.34,39.0,0.33,203.32,0.35,5.0,0.36,5.0,0.03,0.01,2356.324626,1776321027000
1776321029.375,29.375,0.6,10.0,0.59,5.0,0.64,63.0,0.65,117.0,0.34,138.15,0.33,203.32,0.37,5.0,0.4,5.0,0.04,0.03,2356.3503,1776321028000
1776321029.707,29.707,0.6,10.0,0.59,15.0,0.61,10.0,0.62,18.0,0.36,63.0,0.35,117.0,0.4,10.0,0.41,5.0,0.01,0.04,2356.3503,1776321028000
1776321030.695,30.695,0.61,20.0,0.6,20.0,0.62,3.16,0.63,28.0,0.39,10.0,0.38,18.0,0.4,10.0,0.41,15.0,0.01,0.01,2356.430525,1776321029000
1776321031.123,31.123,0.61,10.0,0.6,20.0,0.62,6.54,0.63,28.0,0.38,3.16,0.37,28.0,0.39,20.0,0.4,20.0,0.01,0.01,2356.430525,1776321029000
1776321031.734,31.734,0.61,20.0,0.6,20.0,0.63,21.61,0.64,81.74,0.38,6.54,0.37,28.0,0.39,10.0,0.4,20.0,0.02,0.01,2356.33814,1776321030000
1776321032.074,32.074,0.6,20.0,0.59,15.0,0.63,40.61,0.64,90.74,0.37,21.61,0.36,81.74,0.39,20.0,0.4,20.0,0.03,0.02,2356.339705,1776321031000
1776321033.264,33.264,0.57,5.0,0.56,141.12,0.59,43.0,0.6,33.0,0.37,40.61,0.36,90.74,0.4,20.0,0.41,15.0,0.02,0.03,2356.339705,1776321031000
1776321034.922,34.922,0.56,194.12,0.55,35.0,0.57,4.91,0.58,25.0,0.41,43.0,0.4,33.0,0.43,5.0,0.44,141.12,0.01,0.02,2356.348435,1776321033000
1776321035.29,35.29,0.56,167.56,0.55,40.0,0.57,9.91,0.58,10.0,0.43,4.91,0.42,25.0,0.44,194.12,0.45,35.0,0.01,0.01,2356.29999,1776321034000
1776321037.383,37.383,0.57,10.37,0.56,154.56,0.58,10.0,0.59,5.0,0.43,9.91,0.42,10.0,0.44,167.56,0.45,40.0,0.01,0.01,2356.213355,1776321036000
1776321038.465,38.465,0.57,10.37,0.56,154.56,0.58,15.0,0.59,20.0,0.42,10.0,0.41,5.0,0.43,10.37,0.44,154.56,0.01,0.01,2356.21564,1776321037000
1776321041.491,41.491,0.64,22.0,0.63,20.0,0.66,1.43,0.67,20.0,0.42,15.0,0.41,20.0,0.43,10.37,0.44,154.56,0.02,0.01,2356.252245,1776321040000
1776321041.93,41.93,0.64,15.0,0.63,20.0,0.67,22.49,0.68,105.0,0.33,15.49,0.32,90.0,0.35,15.0,0.36,20.0,0.03,0.02,2356.252245,1776321040000
1776321043.173,43.173,0.64,5.0,0.62,5.0,0.65,32.0,0.66,56.79,0.33,22.49,0.32,105.0,0.36,15.0,0.37,20.0,0.01,0.03,2356.288255,1776321042000
1776321046.001,46.001,0.62,32.0,0.61,155.0,0.64,5.0,0.65,37.0,0.35,27.0,0.34,56.79,0.38,5.0,0.39,161.0,0.02,0.03,2356.5248,1776321044000
1776321048.029,48.029,0.58,5.0,0.57,10.0,0.59,43.0,0.6,27.0,0.36,5.0,0.35,37.0,0.38,32.0,0.39,155.0,0.01,0.02,2356.39427,1776321046000
1776321048.918,48.918,0.56,26.12,0.55,5.0,0.57,47.0,0.58,27.0,0.41,43.0,0.4,27.0,0.42,5.0,0.43,10.0,0.01,0.01,2356.43,1776321047000
1776321049.994,49.994,0.56,35.93,0.55,15.0,0.57,20.24,0.58,7.0,0.43,52.0,0.42,27.0,0.44,20.93,0.45,5.0,0.01,0.01,2356.43,1776321048000
1776321051.735,51.735,0.56,56.52,0.55,85.0,0.57,15.24,0.58,7.0,0.43,20.24,0.42,7.0,0.44,35.93,0.45,15.0,0.01,0.01,2356.399368,1776321050000
1776321053.321,53.321,0.56,47.38,0.55,85.0,0.57,11.88,0.58,7.0,0.43,15.24,0.42,7.0,0.44,50.38,0.45,85.0,0.01,0.01,2356.23663,1776321052000
1776321055.14,55.14,0.56,6.38,0.55,5.0,0.57,58.88,0.58,22.0,0.43,11.88,0.42,7.0,0.44,47.38,0.45,85.0,0.01,0.01,2356.328612,1776321053000
1776321058.405,58.405,0.61,13.84,0.6,15.0,0.63,31.4,0.64,19.0,0.43,58.88,0.42,22.0,0.44,6.38,0.45,5.0,0.02,0.01,2356.227487,1776321057000
1776321058.778,58.778,0.62,25.0,0.61,13.84,0.63,26.4,0.64,29.0,0.37,26.4,0.36,19.0,0.38,20.0,0.39,13.84,0.01,0.01,2356.227487,1776321057000
1776321060.461,60.461,0.62,10.0,0.61,3.84,0.63,70.39,0.64,29.0,0.37,26.4,0.36,29.0,0.38,25.0,0.39,13.84,0.01,0.01,2356.24628,1776321059000
1776321061.511,61.511,0.62,21.05,0.61,18.84,0.63,32.11,0.64,29.0,0.37,65.39,0.36,29.0,0.38,6.05,0.39,3.84,0.01,0.01,2356.334295,1776321060000
1776321064.055,64.055,0.62,6.05,0.61,3.84,0.63,55.3,0.64,38.0,0.37,32.11,0.36,29.0,0.38,21.05,0.39,18.84,0.01,0.01,2356.384496,1776321062000
1776321066.788,66.788,0.6,35.0,0.59,85.0,0.61,13.36,0.62,23.0,0.37,55.3,0.36,38.0,0.4,5.0,0.41,75.0,0.01,0.03,2356.34378,1776321065000
1776321070.402,70.402,0.67,83.0,0.66,45.0,0.68,11.0,0.69,5.0,0.39,13.36,0.38,23.0,0.4,35.0,0.41,85.0,0.01,0.01,2356.255965,1776321069000
1776321070.976,70.976,0.67,33.0,0.66,25.0,0.68,11.99,0.69,15.0,0.32,42.29,0.31,5.0,0.33,83.0,0.34,50.0,0.01,0.01,2356.255965,1776321069000
1776321071.448,71.448,0.67,19.48,0.66,15.0,0.68,43.99,0.69,94.0,0.32,11.99,0.31,15.0,0.33,33.0,0.34,25.0,0.01,0.01,2356.255965,1776321069000
1776321076.646,76.646,0.67,24.48,0.66,10.0,0.68,56.59,0.69,94.0,0.32,43.99,0.31,94.0,0.33,19.48,0.34,15.0,0.01,0.01,2356.496936,1776321074000
1776321077.929,77.929,0.67,15.38,0.66,10.0,0.68,51.59,0.69,105.0,0.32,56.59,0.31,94.0,0.33,24.48,0.34,10.0,0.01,0.01,2356.562458,1776321076000
1776321080.68,80.68,0.61,5.0,0.6,5.0,0.68,117.59,0.69,68.0,0.32,51.59,0.31,105.0,0.33,15.38,0.34,10.0,0.07,0.01,2356.485515,1776321079000
1776321081.112,81.112,0.59,5.0,0.58,10.0,0.62,139.0,0.63,32.0,0.32,117.59,0.31,68.0,0.39,5.0,0.4,5.0,0.03,0.07,2356.485515,1776321079000
1776321081.4,81.4,0.59,5.0,0.58,10.0,0.6,17.0,0.61,15.0,0.38,139.0,0.37,32.0,0.41,5.0,0.42,10.0,0.01,0.03,2356.485515,1776321079000
1776321081.798,81.798,0.59,10.0,0.58,10.0,0.6,26.54,0.61,15.0,0.4,17.0,0.39,15.0,0.41,5.0,0.42,10.0,0.01,0.01,2356.489585,1776321080000
1776321085.432,85.432,0.57,76.99,0.56,33.0,0.58,9.0,0.59,8.0,0.4,26.54,0.39,15.0,0.41,10.0,0.42,10.0,0.01,0.01,2356.312715,1776321084000
1776321093.591,93.591,0.57,89.99,0.56,33.0,0.58,7.93,0.59,8.0,0.42,9.0,0.41,8.0,0.43,76.99,0.44,33.0,0.01,0.01,2356.326875,1776321092000
1776321094.813,94.813,0.57,89.99,0.56,33.0,0.58,2.93,0.59,8.0,0.42,7.93,0.41,8.0,0.43,89.99,0.44,33.0,0.01,0.01,2356.426756,1776321093000
1776321096.608,96.608,0.54,41.99,0.53,6.0,0.58,22.93,0.59,28.0,0.42,2.93,0.41,8.0,0.43,89.99,0.44,33.0,0.04,0.01,2356.394214,1776321095000
1776321096.838,96.838,0.45,4.36,0.44,10.5,0.46,12.82,0.47,15.0,0.5,5.0,0.48,65.0,0.55,4.36,0.56,10.5,0.01,0.05,2356.394214,1776321095000
1776321097.107,97.107,0.44,4.31,0.43,5.0,0.45,37.09,0.46,103.82,0.54,12.82,0.53,90.0,0.56,7.89,0.57,5.0,0.01,0.02,2356.394214,1776321095000
1776321097.603,97.603,0.44,4.31,0.43,5.0,0.45,32.0,0.46,43.8,0.54,96.62,0.53,85.0,0.56,4.31,0.57,5.0,0.01,0.02,2356.305581,1776321096000
1776321097.813,97.813,0.44,9.27,0.43,75.0,0.45,25.0,0.46,43.8,0.55,32.0,0.54,43.8,0.56,4.31,0.57,5.0,0.01,0.01,2356.305581,1776321096000
1776321098.067,98.067,0.43,54.27,0.42,5.0,0.45,6.5,0.46,43.8,0.55,6.5,0.54,43.8,0.56,9.27,0.57,75.0,0.02,0.01,2356.305581,1776321096000
1776321098.585,98.585,0.43,25.27,0.42,5.0,0.44,20.0,0.45,6.5,0.55,6.5,0.54,43.8,0.57,54.27,0.58,5.0,0.01,0.02,2356.24445,1776321097000
1776321099.21,99.21,0.43,25.27,0.42,10.0,0.44,15.25,0.45,6.5,0.56,20.0,0.55,6.5,0.57,25.27,0.58,5.0,0.01,0.01,2355.778605,1776321098000
1776321099.644,99.644,0.43,21.83,0.42,10.0,0.44,15.25,0.45,6.5,0.56,15.25,0.55,6.5,0.57,25.27,0.58,10.0,0.01,0.01,2355.778605,1776321098000
1776321100.465,100.465,0.43,18.05,0.42,15.0,0.44,15.25,0.45,6.5,0.56,15.25,0.55,6.5,0.57,21.83,0.58,10.0,0.01,0.01,2355.59756,1776321099000
1776321100.762,100.762,0.43,12.55,0.42,15.0,0.44,15.25,0.45,6.5,0.56,15.25,0.55,6.5,0.57,18.05,0.58,15.0,0.01,0.01,2355.59756,1776321099000
1776321101.153,101.153,0.42,15.0,0.41,85.0,0.43,6.45,0.44,15.25,0.56,15.25,0.55,6.5,0.57,12.55,0.58,15.0,0.01,0.01,2355.59756,1776321099000
1776321101.536,101.536,0.42,10.0,0.41,80.0,0.43,47.45,0.44,5.25,0.57,6.45,0.56,15.25,0.58,15.0,0.59,85.0,0.01,0.01,2355.59785,1776321100000
1776321105.522,105.522,0.42,10.0,0.41,70.0,0.43,27.45,0.44,5.25,0.57,47.45,0.56,5.25,0.58,10.0,0.59,80.0,0.01,0.01,2355.593964,1776321104000
1776321106.151,106.151,0.42,10.0,0.41,70.0,0.43,20.12,0.44,5.25,0.57,27.45,0.56,5.25,0.58,10.0,0.59,70.0,0.01,0.01,2355.593964,1776321104000
1776321107.036,107.036,0.34,10.0,0.33,131.99,0.39,54.0,0.4,31.0,0.57,20.12,0.56,5.25,0.58,10.0,0.59,70.0,0.05,0.01,2355.67522,1776321105000
1776321107.584,107.584,0.33,148.89,0.32,91.0,0.34,14.85,0.35,20.0,0.65,5.0,0.64,16.0,0.67,143.89,0.68,91.0,0.01,0.02,2355.58604,1776321106000
1776321108.554,108.554,0.33,72.49,0.32,91.0,0.34,24.85,0.35,20.0,0.66,14.85,0.65,20.0,0.67,148.89,0.68,91.0,0.01,0.01,2355.58604,1776321106000
1776321110.753,110.753,0.33,70.99,0.32,109.0,0.34,12.89,0.35,20.0,0.66,19.85,0.65,20.0,0.67,72.49,0.68,91.0,0.01,0.01,2355.38166,1776321109000
1776321111.062,111.062,0.33,75.51,0.32,109.0,0.39,0.94,0.4,20.0,0.66,4.94,0.65,10.0,0.67,58.51,0.68,109.0,0.06,0.01,2355.38166,1776321109000
1776321111.277,111.277,0.35,77.3,0.34,70.99,0.36,25.0,0.37,10.0,0.61,0.94,0.6,20.0,0.67,75.51,0.68,109.0,0.01,0.06,2355.381015,1776321110000
1776321111.507,111.507,0.35,12.3,0.34,5.0,0.36,30.0,0.37,10.0,0.64,35.0,0.63,10.0,0.65,71.3,0.66,5.0,0.01,0.01,2355.381015,1776321110000
1776321114.201,114.201,0.35,21.3,0.34,61.99,0.36,12.22,0.37,15.0,0.64,30.0,0.63,15.0,0.65,6.3,0.66,46.99,0.01,0.01,2355.37116,1776321113000
1776321116.431,116.431,0.35,38.6,0.34,76.99,0.36,12.22,0.37,10.0,0.64,12.22,0.63,15.0,0.65,21.3,0.66,61.99,0.01,0.01,2355.354925,1776321115000
1776321117.62,117.62,0.34,20.0,0.33,64.51,0.36,22.22,0.37,10.0,0.64,12.22,0.63,10.0,0.65,38.6,0.66,76.99,0.02,0.01,2355.40344,1776321116000
1776321119.492,119.492,0.34,4.94,0.33,64.51,0.35,20.0,0.36,10.0,0.64,19.44,0.63,10.0,0.66,20.0,0.67,64.51,0.01,0.02,2355.390495,1776321118000
1776321120.902,120.902,0.34,288.34,0.33,17.52,0.35,10.0,0.48,17.0,0.65,20.0,0.64,10.0,0.66,4.94,0.67,64.51,0.01,0.01,2355.379125,1776321119000
1776321121.339,121.339,0.55,6.57,0.54,16.0,0.56,50.0,0.57,54.7,0.52,8.89,0.51,13.0,0.57,10.0,0.59,10.0,0.01,0.05,2355.382495,1776321120000
1776321121.554,121.554,0.55,4.88,0.54,16.0,0.56,55.0,0.57,66.7,0.44,60.0,0.43,66.7,0.46,16.0,0.47,16.0,0.01,0.02,2355.382495,1776321120000
1776321121.947,121.947,0.54,12.96,0.53,16.0,0.55,28.0,0.56,60.0,0.45,6.0,0.44,56.0,0.46,7.96,0.47,16.0,0.01,0.01,2355.382495,1776321120000
1776321122.366,122.366,0.54,17.96,0.53,16.0,0.55,88.82,0.56,65.0,0.45,28.0,0.44,60.0,0.46,12.96,0.47,16.0,0.01,0.01,2355.473893,1776321121000
1776321122.597,122.597,0.51,6.96,0.5,10.0,0.54,15.0,0.55,96.82,0.45,98.82,0.44,71.0,0.47,3.96,0.48,10.0,0.03,0.02,2355.473893,1776321121000
1776321122.829,122.829,0.5,5.02,0.49,58.99,0.52,10.0,0.53,15.0,0.48,10.0,0.47,15.0,0.49,1.96,0.5,10.0,0.02,0.01,2355.473893,1776321121000
1776321123.088,123.088,0.49,9.35,0.48,133.89,0.5,20.0,0.51,20.0,0.5,5.0,0.49,15.0,0.51,45.06,0.52,101.9,0.01,0.01,2355.473893,1776321121000
1776321123.373,123.373,0.48,5.0,0.47,5.0,0.5,46.06,0.51,155.0,0.5,15.0,0.49,155.0,0.51,2.35,0.53,59.99,0.02,0.01,2355.473893,1776321121000
1776321123.596,123.596,0.45,62.99,0.44,28.0,0.48,10.0,0.49,32.0,0.51,17.0,0.5,39.06,0.53,5.0,0.54,5.0,0.03,0.02,2355.473893,1776321121000
1776321124.772,124.772,0.39,1.9,0.34,65.99,0.4,82.0,0.41,110.0,0.52,10.0,0.51,32.0,0.55,62.99,0.56,28.0,0.01,0.03,2355.84011,1776321123000
1776321124.982,124.982,0.33,0.92,0.32,32.0,0.37,10.0,0.38,10.0,0.6,82.0,0.59,160.0,0.64,2.36,0.66,41.99,0.04,0.04,2355.84011,1776321123000
1776321125.569,125.569,0.32,5.0,0.31,20.0,0.33,11.5,0.34,15.0,0.67,1.5,0.66,10.0,0.68,21.0,0.69,71.8,0.01,0.01,2355.835278,1776321124000
1776321126.377,126.377,0.32,5.0,0.31,30.0,0.33,13.5,0.34,15.0,0.67,11.5,0.66,15.0,0.68,5.0,0.69,20.0,0.01,0.01,2355.7336,1776321125000
1776321126.797,126.797,0.31,11.3,0.3,102.1,0.33,13.5,0.34,15.0,0.67,13.5,0.66,15.0,0.68,5.0,0.69,30.0,0.02,0.01,2355.7336,1776321125000
1776321127.171,127.171,0.32,3.38,0.31,15.0,0.33,18.5,0.34,15.0,0.67,13.5,0.66,15.0,0.69,11.3,0.7,102.1,0.01,0.02,2355.7336,1776321125000
1776321127.561,127.561,0.32,3.38,0.31,10.0,0.33,13.5,0.34,15.0,0.67,18.5,0.66,15.0,0.68,3.38,0.69,15.0,0.01,0.01,2355.495543,1776321126000
1776321127.812,127.812,0.32,3.37,0.31,10.0,0.33,18.5,0.34,15.0,0.67,13.5,0.66,15.0,0.68,3.38,0.69,10.0,0.01,0.01,2355.495543,1776321126000
1776321128.154,128.154,0.32,50.0,0.31,25.68,0.34,4.89,0.35,15.0,0.67,23.5,0.66,15.0,0.69,25.68,0.7,168.09,0.02,0.02,2355.495543,1776321126000
1776321130.895,130.895,0.34,46.28,0.33,145.0,0.35,15.0,0.36,15.0,0.66,4.89,0.65,15.0,0.68,50.0,0.69,25.68,0.01,0.02,2355.409775,1776321129000
1776321131.202,131.202,0.34,51.28,0.33,140.0,0.37,8.69,0.38,15.0,0.65,15.0,0.64,15.0,0.66,46.28,0.67,145.0,0.03,0.01,2355.424857,1776321130000
1776321132.825,132.825,0.35,125.99,0.34,105.0,0.37,14.72,0.38,15.0,0.63,8.69,0.62,15.0,0.66,51.28,0.67,140.0,0.02,0.03,2355.425,1776321131000
1776321133.206,133.206,0.37,9.76,0.36,25.0,0.4,47.99,0.41,15.0,0.6,1.99,0.59,15.0,0.63,5.0,0.64,5.0,0.03,0.03,2355.425,1776321131000
1776321134.377,134.377,0.41,53.0,0.4,155.99,0.45,5.0,0.46,65.0,0.6,47.99,0.59,15.0,0.63,9.76,0.64,25.0,0.04,0.03,2355.42836,1776321133000
1776321134.72,134.72,0.45,5.0,0.44,15.0,0.46,5.0,0.47,5.0,0.55,5.0,0.54,65.0,0.59,53.0,0.6,155.99,0.01,0.04,2355.42836,1776321133000
1776321134.967,134.967,0.45,6.94,0.44,20.0,0.47,11.21,0.48,15.0,0.53,11.21,0.52,15.0,0.55,6.94,0.56,20.0,0.02,0.02,2355.42836,1776321133000
1776321136.133,136.133,0.54,15.0,0.53,15.0,0.55,0.63,0.56,62.0,0.53,11.21,0.52,15.0,0.55,6.94,0.56,20.0,0.01,0.02,2355.53435,1776321134000
1776321138.253,138.253,0.54,15.0,0.53,20.0,0.55,75.87,0.56,72.0,0.45,0.63,0.44,62.0,0.46,15.0,0.47,15.0,0.01,0.01,2355.614955,1776321136000
1776321139.315,139.315,0.53,8.0,0.52,15.0,0.55,99.77,0.56,78.0,0.44,72.0,0.43,15.0,0.46,15.0,0.47,20.0,0.02,0.02,2355.805345,1776321137000
1776321142.128,142.128,0.52,3.41,0.49,5.0,0.54,48.77,0.55,81.0,0.46,20.0,0.45,97.77,0.47,5.87,0.48,15.0,0.02,0.01,2355.895152,1776321139000
1776321143.55,143.55,0.44,35.0,0.43,5.0,0.46,17.93,0.47,20.0,0.47,27.0,0.46,36.77,0.51,5.0,0.52,81.0,0.02,0.04,2355.84471,1776321142000
1776321144.057,144.057,0.44,5.37,0.43,5.0,0.45,15.0,0.46,17.93,0.55,15.0,0.54,17.93,0.56,12.14,0.57,5.0,0.01,0.01,2355.84471,1776321142000
1776321144.715,144.715,0.37,2.7,0.36,152.6,0.4,55.0,0.41,25.0,0.55,15.0,0.54,17.93,0.56,5.37,0.57,5.0,0.03,0.01,2355.81814,1776321143000
1776321145.136,145.136,0.37,77.7,0.36,90.0,0.38,9.86,0.39,10.0,0.6,55.0,0.59,25.0,0.63,2.7,0.64,152.6,0.01,0.03,2355.81814,1776321143000
1776321145.462,145.462,0.37,77.7,0.36,90.0,0.38,4.72,0.39,5.0,0.62,9.86,0.61,10.0,0.63,77.7,0.64,90.0,0.01,0.01,2355.74528,1776321144000
1776321147.139,147.139,0.37,10.76,0.36,90.0,0.38,9.72,0.39,5.0,0.62,4.72,0.61,5.0,0.63,77.7,0.64,90.0,0.01,0.01,2355.720645,1776321145000
1776321149.531,149.531,0.37,7.76,0.36,75.0,0.38,19.72,0.39,20.0,0.62,9.72,0.61,5.0,0.63,10.76,0.64,90.0,0.01,0.01,2355.573105,1776321148000
1776321152.469,152.469,0.37,10.0,0.36,85.01,0.38,4.72,0.39,25.0,0.62,24.72,0.61,20.0,0.64,85.01,0.65,90.0,0.01,0.02,2355.51588,1776321151000
1776321153.644,153.644,0.37,40.0,0.36,32.3,0.4,15.0,0.41,5.0,0.62,4.72,0.61,25.0,0.63,10.0,0.64,85.01,0.03,0.01,2355.501585,1776321152000
1776321154.052,154.052,0.43,40.0,0.41,80.0,0.44,28.7,0.45,15.0,0.56,10.0,0.55,15.0,0.57,40.0,0.63,40.0,0.01,0.01,2355.501585,1776321152000
1776321156.734,156.734,0.44,42.0,0.43,25.0,0.46,2.93,0.47,5.0,0.58,10.0,0.57,10.0,0.59,75.0,0.6,10.0,0.02,0.01,2355.56332,1776321155000
1776321156.964,156.964,0.48,25.0,0.47,15.0,0.5,5.0,0.51,71.0,0.54,2.93,0.53,5.0,0.56,42.0,0.57,25.0,0.02,0.02,2355.56332,1776321155000
1776321157.436,157.436,0.53,51.8,0.52,15.0,0.54,5.0,0.55,5.0,0.5,5.0,0.49,71.0,0.52,25.0,0.53,15.0,0.01,0.02,2355.56832,1776321156000
1776321158.114,158.114,0.54,54.0,0.53,26.0,0.55,36.28,0.56,60.0,0.45,41.28,0.44,60.0,0.47,38.0,0.48,15.0,0.01,0.02,2355.56832,1776321156000
1776321159.43,159.43,0.55,54.77,0.54,64.0,0.56,10.0,0.58,5.0,0.45,16.28,0.44,60.0,0.46,61.0,0.47,26.0,0.01,0.01,2355.687308,1776321158000
1776321162.712,162.712,0.55,48.77,0.54,59.0,0.58,5.0,0.59,56.01,0.44,10.0,0.43,43.17,0.45,48.77,0.46,59.0,0.03,0.01,2356.022908,1776321161000
1776321164.165,164.165,0.59,8.75,0.58,12.0,0.6,115.36,0.61,140.0,0.42,5.0,0.41,56.01,0.45,48.77,0.46,59.0,0.01,0.03,2356.0926,1776321163000
1776321165.498,165.498,0.54,5.0,0.53,5.0,0.55,1.75,0.56,30.63,0.41,15.0,0.4,120.36,0.42,7.0,0.43,6.0,0.01,0.01,2356.089192,1776321164000
1776321165.71,165.71,0.52,0.77,0.51,21.0,0.54,25.0,0.55,6.75,0.45,6.75,0.44,30.63,0.47,5.0,0.48,15.0,0.02,0.02,2356.089192,1776321164000
1776321166.149,166.149,0.51,21.0,0.5,60.09,0.52,2.12,0.53,20.0,0.46,25.0,0.45,6.75,0.48,0.77,0.49,21.0,0.01,0.02,2356.089192,1776321164000
1776321167.228,167.228,0.39,50.09,0.38,5.0,0.4,5.4,0.41,10.0,0.48,2.12,0.47,20.0,0.49,21.0,0.5,60.09,0.01,0.01,2356.060759,1776321165000
1776321168.034,168.034,0.37,20.0,0.36,28.0,0.39,15.0,0.4,15.4,0.6,5.4,0.59,10.0,0.61,35.83,0.62,5.0,0.02,0.01,2355.92222,1776321167000
1776321172.184,172.184,0.38,11.69,0.37,15.0,0.39,20.0,0.4,15.4,0.61,15.0,0.6,15.4,0.63,20.0,0.64,28.0,0.01,0.02,2355.60102,1776321170000
1776321172.941,172.941,0.38,16.69,0.37,15.0,0.39,17.3,0.4,15.4,0.61,20.0,0.6,15.4,0.62,11.69,0.63,15.0,0.01,0.01,2355.605925,1776321171000
1776321174.904,174.904,0.34,1.0,0.33,75.0,0.35,15.0,0.36,15.0,0.61,17.3,0.6,15.4,0.62,16.69,0.63,15.0,0.01,0.01,2355.60701,1776321173000
1776321175.208,175.208,0.33,58.45,0.32,8.0,0.34,26.0,0.35,15.0,0.66,21.0,0.65,15.0,0.67,63.45,0.68,8.0,0.01,0.01,2355.60701,1776321173000
1776321175.947,175.947,0.33,49.45,0.3,28.9,0.34,21.0,0.35,20.0,0.66,21.0,0.65,15.0,0.67,58.45,0.68,15.9,0.01,0.01,2355.671849,1776321174000
1776321180.664,180.664,0.33,34.84,0.31,272.99,0.35,5.0,0.38,5.0,0.66,21.0,0.65,20.0,0.7,28.9,0.71,36.0,0.02,0.04,2355.459275,1776321179000
1776321180.865,180.865,0.38,90.83,0.37,35.0,0.44,11.0,0.45,5.0,0.65,5.0,0.62,5.0,0.67,34.84,0.69,272.99,0.06,0.02,2355.459275,1776321179000
1776321181.32,181.32,0.49,16.0,0.48,16.0,0.51,48.6,0.52,5.0,0.56,11.0,0.55,5.0,0.62,90.83,0.63,35.0,0.02,0.06,2355.459275,1776321179000
1776321181.813,181.813,0.5,12.94,0.49,16.0,0.51,44.79,0.52,38.74,0.49,38.79,0.48,5.0,0.5,16.0,0.51,16.0,0.01,0.01,2355.474504,1776321180000
1776321182.177,182.177,0.51,6.0,0.49,21.0,0.53,10.49,0.54,15.0,0.49,44.79,0.48,38.74,0.5,12.94,0.51,16.0,0.02,0.01,2355.475075,1776321181000
1776321183.466,183.466,0.46,40.01,0.45,15.0,0.47,71.51,0.51,5.0,0.48,5.0,0.47,10.49,0.51,0.76,0.52,15.0,0.01,0.03,2355.5817,1776321182000
1776321184.454,184.454,0.46,30.76,0.45,20.0,0.48,16.97,0.51,70.01,0.52,4.02,0.48,15.0,0.54,40.01,0.55,15.0,0.02,0.02,2355.852077,1776321183000
1776321186.593,186.593,0.47,6.32,0.46,35.76,0.48,16.97,0.49,15.0,0.52,16.97,0.49,70.01,0.54,30.76,0.55,20.0,0.01,0.02,2355.7697,1776321185000
1776321187.577,187.577,0.46,34.96,0.45,15.0,0.48,51.77,0.49,10.0,0.52,16.97,0.51,15.0,0.53,6.32,0.54,35.76,0.02,0.01,2355.83,1776321186000
1776321187.953,187.953,0.46,29.96,0.45,15.0,0.47,17.95,0.48,33.82,0.52,51.77,0.51,10.0,0.54,34.96,0.55,15.0,0.01,0.02,2355.83,1776321186000
1776321189.21,189.21,0.46,17.88,0.45,15.0,0.47,22.95,0.48,34.8,0.53,17.95,0.52,33.82,0.54,29.96,0.55,15.0,0.01,0.01,2355.868,1776321187000
1776321189.914,189.914,0.46,15.0,0.45,25.0,0.48,19.37,0.51,5.0,0.53,22.95,0.52,34.8,0.54,17.88,0.55,15.0,0.02,0.01,2355.7711,1776321188000
1776321190.832,190.832,0.47,9.33,0.46,42.93,0.48,14.57,0.49,5.0,0.52,9.57,0.49,5.0,0.54,15.0,0.55,25.0,0.01,0.02,2355.77127,1776321189000
1776321191.726,191.726,0.45,67.09,0.44,24.6,0.46,25.0,0.47,20.0,0.53,5.0,0.52,34.57,0.57,22.92,0.58,34.8,0.01,0.04,2355.878,1776321190000
1776321192.138,192.138,0.45,67.67,0.44,14.6,0.46,48.0,0.47,15.0,0.54,25.0,0.53,20.0,0.55,67.09,0.56,24.6,0.01,0.01,2355.820255,1776321191000
1776321192.434,192.434,0.45,7.67,0.44,14.6,0.46,47.9,0.47,15.0,0.54,48.0,0.53,15.0,0.55,7.67,0.56,14.6,0.01,0.01,2355.820255,1776321191000
1776321193.372,193.372,0.45,96.35,0.43,26.7,0.46,19.16,0.47,15.0,0.54,47.9,0.53,15.0,0.55,7.67,0.56,14.6,0.01,0.01,2355.81532,1776321192000
1776321194.57,194.57,0.45,20.67,0.43,21.7,0.46,31.12,0.47,15.0,0.54,34.16,0.53,15.0,0.55,86.85,0.57,21.7,0.01,0.01,2355.81532,1776321192000
1776321195.004,195.004,0.45,17.03,0.43,21.7,0.46,36.12,0.47,15.0,0.54,31.12,0.53,15.0,0.55,20.67,0.57,21.7,0.01,0.01,2355.759765,1776321193000
1776321195.668,195.668,0.45,17.03,0.44,5.0,0.46,31.12,0.47,15.0,0.54,36.12,0.53,15.0,0.55,17.03,0.57,21.7,0.01,0.01,2355.738513,1776321194000
1776321196.747,196.747,0.45,17.03,0.43,12.0,0.46,14.57,0.47,15.0,0.54,31.12,0.53,15.0,0.55,17.03,0.56,5.0,0.01,0.01,2355.80366,1776321195000
1776321198.544,198.544,0.45,7.93,0.43,12.0,0.46,17.0,0.47,15.0,0.54,14.57,0.53,15.0,0.55,17.03,0.57,12.0,0.01,0.01,2355.841255,1776321197000
1776321198.745,198.745,0.31,37.77,0.3,10.0,0.4,5.0,0.43,5.0,0.54,190.24,0.53,85.0,0.69,57.77,0.7,10.0,0.09,0.15,2355.841255,1776321197000
1776321199.083,199.083,0.31,8.03,0.3,5.0,0.32,5.72,0.33,15.0,0.68,10.0,0.67,10.0,0.69,3.03,0.7,10.0,0.01,0.01,2355.846135,1776321198000
1776321200.342,200.342,0.31,75.03,0.3,15.0,0.34,9.11,0.35,10.0,0.68,0.72,0.67,15.0,0.69,0.03,0.7,5.0,0.03,0.01,2355.73497,1776321199000
1776321201.249,201.249,0.33,50.0,0.32,5.0,0.34,6.61,0.35,20.0,0.66,9.11,0.65,10.0,0.69,75.03,0.7,15.0,0.01,0.03,2355.73497,1776321199000
1776321202.129,202.129,0.32,10.0,0.31,5.03,0.34,28.61,0.35,15.0,0.66,6.61,0.65,20.0,0.67,50.0,0.68,5.0,0.02,0.01,2355.620255,1776321200000
1776321203.77,203.77,0.32,4.0,0.31,10.03,0.33,10.0,0.34,16.61,0.66,28.61,0.65,15.0,0.68,10.0,0.69,5.03,0.01,0.02,2355.619206,1776321202000
1776321204.452,204.452,0.32,4.58,0.31,10.03,0.33,15.0,0.34,16.61,0.67,10.0,0.66,16.61,0.68,4.0,0.69,10.03,0.01,0.01,2355.500143,1776321203000
1776321205.91,205.91,0.32,4.58,0.31,10.03,0.33,36.0,0.34,11.61,0.67,15.0,0.66,16.61,0.68,4.58,0.69,10.03,0.01,0.01,2355.58727,1776321205000
1776321207.928,207.928,0.22,5.0,0.21,5.0,0.32,68.0,0.33,114.0,0.67,36.0,0.66,11.61,0.68,4.58,0.69,10.03,0.1,0.01,2355.567586,1776321206000
1776321208.372,208.372,0.19,6.33,0.18,29.4,0.2,15.0,0.21,10.0,0.7,7.14,0.69,50.0,0.81,2.57,0.82,29.4,0.01,0.11,2355.591055,1776321207000
1776321208.736,208.736,0.19,6.33,0.18,29.4,0.2,7.5,0.21,10.0,0.8,15.0,0.79,10.0,0.81,6.33,0.82,29.4,0.01,0.01,2355.591055,1776321207000
1776321209.033,209.033,0.19,5.0,0.18,34.4,0.2,2.5,0.21,10.0,0.8,12.5,0.79,10.0,0.81,3.93,0.82,29.4,0.01,0.01,2355.591055,1776321207000
1776321209.961,209.961,0.21,5.5,0.19,5.0,0.22,15.0,0.23,20.0,0.8,2.5,0.79,10.0,0.81,5.0,0.82,34.4,0.01,0.01,2355.497995,1776321208000
1776321210.247,210.247,0.2,5.0,0.19,10.0,0.22,37.0,0.23,20.0,0.78,15.0,0.77,20.0,0.79,5.5,0.81,5.0,0.02,0.01,2355.259887,1776321209000
1776321210.898,210.898,0.2,5.0,0.19,10.0,0.21,10.57,0.22,25.0,0.78,37.0,0.77,20.0,0.8,5.0,0.81,10.0,0.01,0.02,2355.259887,1776321209000
1776321211.783,211.783,0.2,10.0,0.19,10.0,0.21,6.2,0.22,25.0,0.79,10.57,0.78,25.0,0.8,5.0,0.81,10.0,0.01,0.01,2355.16076,1776321210000
1776321212.027,212.027,0.2,5.0,0.19,15.0,0.21,6.2,0.22,25.0,0.79,6.2,0.78,25.0,0.8,10.0,0.81,10.0,0.01,0.01,2355.16076,1776321210000
1776321214.497,214.497,0.19,6.38,0.18,45.4,0.2,5.0,0.21,6.2,0.79,6.2,0.78,25.0,0.8,5.0,0.81,15.0,0.01,0.01,2355.14183,1776321213000
1776321215.06,215.06,0.19,0.2,0.18,21.0,0.2,20.0,0.21,6.2,0.8,5.0,0.79,6.2,0.81,6.38,0.82,45.4,0.01,0.01,2355.13363,1776321214000
1776321216.248,216.248,0.17,35.5,0.16,122.79,0.18,34.4,0.2,15.0,0.8,20.0,0.79,6.2,0.81,0.2,0.82,21.0,0.01,0.01,2355.13363,1776321214000
1776321216.549,216.549,0.17,35.5,0.16,122.79,0.18,36.4,0.2,15.0,0.82,34.4,0.8,15.0,0.83,35.5,0.84,122.79,0.01,0.01,2355.217832,1776321215000
1776321217.261,217.261,0.17,35.5,0.16,125.79,0.23,4.03,0.24,22.0,0.82,25.9,0.8,15.0,0.83,35.5,0.84,122.79,0.06,0.01,2355.128165,1776321216000
1776321219.773,219.773,0.19,3.92,0.18,10.0,0.22,20.0,0.23,76.37,0.77,4.03,0.76,22.0,0.83,35.5,0.84,125.79,0.03,0.06,2355.142102,1776321218000
1776321220.672,220.672,0.21,10.0,0.2,10.0,0.23,81.37,0.24,15.0,0.78,20.0,0.77,76.37,0.81,3.92,0.82,10.0,0.02,0.03,2355.138355,1776321219000
1776321225.111,225.111,0.2,5.0,0.19,3.92,0.22,37.95,0.23,25.03,0.77,81.37,0.76,15.0,0.79,10.0,0.8,10.0,0.02,0.02,2355.269025,1776321223000
1776321232.733,232.733,0.19,3.92,0.18,10.0,0.21,69.85,0.22,15.0,0.78,37.95,0.77,25.03,0.8,5.0,0.81,3.92,0.02,0.02,2355.269829,1776321231000
1776321234.809,234.809,0.18,1.67,0.17,10.0,0.21,69.85,0.22,20.0,0.79,69.85,0.78,15.0,0.81,3.92,0.82,10.0,0.03,0.02,2355.27463,1776321233000
1776321236.401,236.401,0.18,0.57,0.17,10.0,0.2,15.0,0.21,62.85,0.79,69.85,0.78,20.0,0.82,1.67,0.83,10.0,0.02,0.03,2355.279589,1776321235000
1776321238.249,238.249,0.15,13.65,0.14,94.73,0.16,20.0,0.17,15.0,0.8,15.0,0.79,62.85,0.82,0.57,0.83,10.0,0.01,0.02,2355.277492,1776321237000
1776321238.502,238.502,0.14,53.99,0.13,32.0,0.15,13.33,0.16,15.0,0.84,15.0,0.83,15.0,0.86,83.89,0.87,73.8,0.01,0.02,2355.277492,1776321237000
1776321238.895,238.895,0.14,29.3,0.13,32.0,0.15,15.0,0.16,59.88,0.85,20.0,0.84,15.0,0.86,29.3,0.87,32.0,0.01,0.01,2355.277492,1776321237000
1776321239.239,239.239,0.14,11.61,0.12,5.09,0.15,72.06,0.16,114.88,0.85,8.06,0.84,59.88,0.86,34.39,0.87,32.0,0.01,0.01,2355.257536,1776321238000
1776321239.442,239.442,0.1,44.94,0.09,56.0,0.11,83.0,0.12,25.0,0.89,56.0,0.88,15.0,0.9,45.04,0.91,56.0,0.01,0.01,2355.257536,1776321238000
1776321239.855,239.855,0.09,56.0,0.08,10.0,0.1,7.28,0.11,97.75,0.89,82.75,0.88,25.0,0.9,19.11,0.91,56.0,0.01,0.01,2355.257536,1776321238000
1776321240.182,240.182,0.09,102.16,0.08,62.0,0.1,17.28,0.11,85.75,0.9,7.28,0.89,97.75,0.91,56.0,0.92,10.0,0.01,0.01,2355.257536,1776321238000
1776321240.644,240.644,0.09,18.75,0.08,62.0,0.1,17.28,0.11,85.75,0.9,22.28,0.89,90.75,0.91,52.86,0.92,62.0,0.01,0.01,2355.225292,1776321239000
1776321241.207,241.207,0.08,7.82,0.07,10.0,0.1,21.0,0.11,79.75,0.9,12.28,0.89,85.75,0.91,6.17,0.92,68.0,0.02,0.01,2355.179873,1776321240000
1776321241.77,241.77,0.08,5.0,0.06,10.0,0.09,3.88,0.1,21.0,0.9,11.0,0.89,79.75,0.92,7.82,0.93,10.0,0.01,0.02,2355.179873,1776321240000
1776321242.46,242.46,0.06,2.62,0.05,130.8,0.07,20.0,0.08,15.0,0.91,3.88,0.9,21.0,0.92,5.0,0.94,10.0,0.01,0.01,2354.960835,1776321241000
1776321242.75,242.75,0.05,93.29,0.04,343.8,0.07,20.0,0.08,15.0,0.93,20.0,0.92,15.0,0.95,125.8,0.96,128.8,0.02,0.02,2354.960835,1776321241000
1776321243.317,243.317,0.05,168.75,0.04,343.8,0.06,15.0,0.07,15.0,0.93,15.0,0.92,15.0,0.95,88.29,0.96,343.8,0.01,0.02,2354.960835,1776321241000
1776321243.652,243.652,0.05,215.39,0.04,455.8,0.06,15.0,0.07,15.0,0.94,15.0,0.93,15.0,0.95,168.75,0.96,343.8,0.01,0.01,2354.963144,1776321242000
1776321244.239,244.239,0.05,27.27,0.04,455.8,0.06,20.0,0.07,15.0,0.94,15.0,0.93,15.0,0.95,215.39,0.96,455.8,0.01,0.01,2354.963144,1776321242000
1776321244.522,244.522,0.05,3.11,0.04,25.0,0.06,100.17,0.07,20.0,0.94,14.17,0.93,20.0,0.95,27.27,0.96,455.8,0.01,0.01,2354.80352,1776321243000
1776321244.823,244.823,0.03,177.16,0.02,825.7,0.05,40.0,0.06,100.17,0.95,15.0,0.94,100.17,0.96,8.01,0.97,177.16,0.02,0.01,2354.80352,1776321243000
1776321245.091,245.091,0.03,151.85,0.02,825.7,0.04,5.0,0.05,40.0,0.95,40.0,0.94,100.17,0.97,177.16,0.98,825.7,0.01,0.02,2354.720418,1776321244000
1776321245.327,245.327,0.03,146.85,0.02,825.7,0.04,60.0,0.05,45.0,0.96,5.0,0.95,40.0,0.97,151.85,0.98,825.7,0.01,0.01,2354.720418,1776321244000
1776321245.609,245.609,0.03,128.78,0.02,825.7,0.04,76.0,0.05,45.0,0.96,60.0,0.95,45.0,0.97,146.85,0.98,825.7,0.01,0.01,2354.720418,1776321244000
1776321246.254,246.254,0.03,640.74,0.02,753.7,0.04,30.81,0.05,25.0,0.96,61.81,0.95,45.0,0.97,127.74,0.98,825.7,0.01,0.01,2354.71687,1776321245000
1776321247.709,247.709,0.04,28.61,0.03,458.74,0.05,25.0,0.06,75.31,0.95,25.0,0.94,10.0,0.97,640.74,0.98,753.7,0.01,0.02,2354.589995,1776321246000
1776321248.358,248.358,0.04,5.53,0.03,421.74,0.05,35.26,0.06,133.8,0.95,20.0,0.94,75.31,0.96,38.61,0.97,458.74,0.01,0.01,2354.535379,1776321247000
1776321249.621,249.621,0.04,0.33,0.03,410.74,0.05,40.0,0.06,138.8,0.95,35.26,0.94,133.8,0.96,5.53,0.97,421.74,0.01,0.01,2354.626955,1776321248000
1776321249.869,249.869,0.03,408.69,0.02,1418.7,0.05,35.0,0.06,138.8,0.95,40.0,0.94,138.8,0.96,0.33,0.97,410.74,0.02,0.01,2354.626955,1776321248000
1776321250.24,250.24,0.05,11.94,0.03,408.69,0.06,143.8,0.07,94.3,0.94,138.8,0.93,89.3,0.95,13.0,0.97,408.69,0.01,0.01,2354.678862,1776321249000
1776321250.449,250.449,0.03,408.69,0.02,1418.7,0.06,143.8,0.07,94.3,0.94,143.8,0.93,94.3,0.95,11.94,0.97,408.69,0.03,0.01,2354.678862,1776321249000
1776321251.831,251.831,0.03,79.49,0.02,744.86,0.04,15.0,0.05,95.8,0.94,138.8,0.93,94.3,0.97,407.65,0.98,1418.7,0.01,0.03,2354.578208,1776321250000
1776321252.116,252.116,0.03,67.3,0.02,762.0,0.04,15.0,0.05,95.8,0.96,20.0,0.95,95.8,0.97,72.49,0.98,744.86,0.01,0.01,2354.578078,1776321251000
1776321252.633,252.633,0.03,62.15,0.02,750.69,0.04,15.0,0.05,95.8,0.96,20.0,0.95,95.8,0.97,67.15,0.98,787.0,0.01,0.01,2354.578078,1776321251000
1776321253.976,253.976,0.03,131.97,0.02,718.69,0.04,15.0,0.05,95.8,0.96,15.0,0.95,95.8,0.97,62.15,0.98,750.69,0.01,0.01,2354.569518,1776321253000
1776321254.79,254.79,0.03,131.97,0.02,549.99,0.04,20.0,0.05,88.8,0.95,67.8,0.94,147.8,0.97,131.97,0.98,718.69,0.01,0.02,2354.569518,1776321253000
1776321255.283,255.283,0.03,124.17,0.02,307.99,0.04,20.0,0.05,108.8,0.96,20.0,0.95,88.8,0.97,131.97,0.98,549.99,0.01,0.01,2354.494279,1776321254000
1776321255.632,255.632,0.03,119.17,0.02,307.99,0.04,20.0,0.05,108.8,0.96,20.0,0.95,108.8,0.97,124.17,0.98,307.99,0.01,0.01,2354.494279,1776321254000
1776321257.027,257.027,0.03,101.79,0.02,262.0,0.04,124.7,0.05,97.8,0.96,20.0,0.95,108.8,0.97,106.79,0.98,307.99,0.01,0.01,2354.481661,1776321255000
1776321257.837,257.837,0.03,96.79,0.02,257.0,0.04,129.7,0.05,102.8,0.96,124.7,0.95,97.8,0.97,101.79,0.98,262.0,0.01,0.01,2354.45995,1776321256000
1776321258.637,258.637,0.03,93.69,0.02,257.0,0.04,134.7,0.05,102.8,0.96,134.7,0.95,102.8,0.97,93.69,0.98,257.0,0.01,0.01,2354.464365,1776321257000
1776321259.0,259.0,0.03,87.65,0.02,257.0,0.04,134.7,0.05,102.8,0.96,134.7,0.95,102.8,0.97,93.69,0.98,257.0,0.01,0.01,2354.464365,1776321257000
1776321259.31,259.31,0.03,81.65,0.02,257.0,0.04,200.7,0.05,82.8,0.96,134.7,0.95,102.8,0.97,87.65,0.98,257.0,0.01,0.01,2354.50131,1776321258000
1776321259.558,259.558,0.03,45.31,0.02,257.0,0.04,273.01,0.05,82.8,0.96,195.7,0.95,82.8,0.97,51.44,0.98,257.0,0.01,0.01,2354.50131,1776321258000
1776321259.792,259.792,0.03,38.15,0.02,257.0,0.04,278.01,0.05,82.8,0.96,278.01,0.95,82.8,0.97,40.2,0.98,257.0,0.01,0.01,2354.50131,1776321258000
1776321260.108,260.108,0.02,245.15,0.01,1888.0,0.04,268.01,0.05,82.8,0.96,278.01,0.95,82.8,0.97,38.15,0.98,257.0,0.02,0.01,2354.50131,1776321258000
1776321260.401,260.401,0.02,240.15,0.01,1986.0,0.04,161.71,0.05,77.8,0.97,183.7,0.96,256.01,0.98,240.15,0.99,1888.0,0.02,0.01,2354.467785,1776321259000
1776321261.103,261.103,0.02,235.15,0.01,1986.0,0.03,133.7,0.04,156.71,0.96,161.71,0.95,77.8,0.98,240.15,0.99,1986.0,0.01,0.02,2354.467785,1776321259000
1776321261.535,261.535,0.02,143.64,0.01,1986.0,0.03,133.7,0.04,127.71,0.97,133.7,0.96,156.71,0.98,235.15,0.99,1986.0,0.01,0.01,2354.467785,1776321259000
1776321261.968,261.968,0.02,133.64,0.01,1986.0,0.03,133.7,0.04,127.71,0.97,133.7,0.96,127.71,0.98,143.64,0.99,1986.0,0.01,0.01,2354.35281,1776321260000
1776321262.276,262.276,0.02,64.35,0.01,1986.0,0.03,217.9,0.04,127.71,0.97,133.7,0.96,127.71,0.98,133.64,0.99,1986.0,0.01,0.01,2354.35281,1776321260000
1776321262.721,262.721,0.02,59.24,0.01,1986.0,0.03,260.9,0.04,127.71,0.97,217.9,0.96,127.71,0.98,64.35,0.99,1986.0,0.01,0.01,2354.26477,1776321261000
1776321263.595,263.595,0.02,43.21,0.01,1986.0,0.03,266.9,0.04,127.71,0.97,265.9,0.96,127.71,0.98,48.21,0.99,1986.0,0.01,0.01,2354.090592,1776321262000
1776321264.132,264.132,0.02,13.21,0.01,1986.0,0.03,217.9,0.04,127.71,0.97,266.9,0.96,127.71,0.98,43.21,0.99,1986.0,0.01,0.01,2354.090592,1776321262000
1776321264.401,264.401,0.02,8.21,0.01,1986.0,0.03,228.21,0.04,134.71,0.97,217.9,0.96,127.71,0.98,13.21,0.99,1986.0,0.01,0.01,2354.090592,1776321262000
1776321265.04,265.04,0.02,4.74,0.01,1986.0,0.03,228.21,0.04,134.71,0.97,228.21,0.96,134.71,0.98,8.21,0.99,1986.0,0.01,0.01,2354.090592,1776321262000
1776321265.362,265.362,0.01,2037.0,,,0.02,254.96,0.03,223.21,0.98,25.26,0.97,228.21,0.99,1986.0,,,0.01,0.01,2354.26234,1776321264000
1776321265.568,265.568,0.01,2016.77,,,0.02,259.96,0.03,223.21,0.98,259.96,0.97,223.21,0.99,2021.83,,,0.01,0.01,2354.26234,1776321264000
1776321266.177,266.177,0.01,2006.71,,,0.02,308.9,0.03,139.01,0.98,259.96,0.97,223.21,0.99,2011.71,,,0.01,0.01,2354.26234,1776321264000
1776321267.107,267.107,0.01,1901.71,,,0.02,314.0,0.03,139.01,0.98,308.9,0.97,139.01,0.99,2006.71,,,0.01,0.01,2354.077692,1776321265000
1776321267.331,267.331,0.01,1876.45,,,0.02,314.0,0.03,139.01,0.98,314.0,0.97,139.01,0.99,1901.71,,,0.01,0.01,2354.0739,1776321266000
1776321267.567,267.567,0.01,1498.89,,,0.02,314.0,0.03,139.01,0.98,314.0,0.97,139.01,0.99,1662.89,,,0.01,0.01,2354.0739,1776321266000
1776321267.912,267.912,0.01,1491.89,,,0.02,324.0,0.03,139.01,0.98,314.0,0.97,139.01,0.99,1496.89,,,0.01,0.01,2354.0739,1776321266000
1776321268.443,268.443,0.01,1471.42,,,0.02,382.0,0.03,139.01,0.98,324.0,0.97,139.01,0.99,1476.48,,,0.01,0.01,2354.0739,1776321266000
1776321268.725,268.725,0.01,1466.42,,,0.02,382.0,0.03,139.01,0.98,382.0,0.97,139.01,0.99,1471.42,,,0.01,0.01,2353.95423,1776321267000
1776321269.337,269.337,0.01,1446.22,,,0.02,377.0,0.03,139.01,0.98,382.0,0.97,139.01,0.99,1466.42,,,0.01,0.01,2354.012329,1776321268000
1776321269.938,269.938,0.01,1416.22,,,0.02,314.0,0.03,139.01,0.98,314.0,0.97,139.01,0.99,1441.22,,,0.01,0.01,2354.012329,1776321268000
1776321270.321,270.321,0.01,1366.22,,,0.02,314.0,0.03,139.01,0.98,314.0,0.97,139.01,0.99,1416.22,,,0.01,0.01,2354.012329,1776321268000
1776321270.653,270.653,0.01,1332.22,,,0.02,319.0,0.03,139.01,0.98,314.0,0.97,139.01,0.99,1332.22,,,0.01,0.01,2353.759804,1776321269000
1776321271.066,271.066,,,,,0.01,585.37,0.02,309.0,0.99,177.78,0.98,314.0,,,,,,,2353.759804,1776321269000
1776321271.457,271.457,,,,,0.01,583.34,0.02,309.0,0.99,585.37,0.98,309.0,,,,,,,2353.76347,1776321270000
1776321272.504,272.504,,,,,0.01,518.7,0.02,298.0,0.99,593.1,0.98,309.0,,,,,,,2353.76347,1776321270000
1776321287.802,287.802,,,,,0.01,501.53,0.02,114.3,0.99,518.7,0.98,298.0,,,,,,,2353.88361,1776321286000
1776321293.397,293.397,,,,,0.01,176.83,0.02,104.3,0.99,501.53,0.98,114.3,,,,,,,2354.177444,1776321291000

# RESULT,winner=Down,slug=eth-updown-5m-1776321000,ticks=269
