timestamp,elapsed_sec,up_bid_p1,up_bid_s1,up_bid_p2,up_bid_s2,up_ask_p1,up_ask_s1,up_ask_p2,up_ask_s2,down_bid_p1,down_bid_s1,down_bid_p2,down_bid_s2,down_ask_p1,down_ask_s1,down_ask_p2,down_ask_s2,up_spread,down_spread,eth_price,eth_oracle_ts
1776375900.726,0.726,0.52,202.3,0.51,35.05,0.54,62.14,0.55,70.0,0.46,68.14,0.45,70.0,0.48,202.3,0.49,35.05,0.02,0.02,2340.14587,1776375899000
1776375901.805,1.805,0.52,8.0,0.51,138.0,0.53,5.0,0.54,62.14,0.46,62.14,0.45,70.0,0.48,202.3,0.49,35.05,0.01,0.02,2340.15576,1776375900000
1776375902.521,2.521,0.52,19.54,0.51,138.0,0.53,7.33,0.54,62.14,0.47,5.0,0.46,62.14,0.48,8.0,0.49,138.0,0.01,0.01,2340.162008,1776375901000
1776375903.212,3.212,0.52,29.54,0.51,148.0,0.53,5.17,0.54,72.14,0.47,7.33,0.46,62.14,0.48,19.54,0.49,138.0,0.01,0.01,2340.162008,1776375901000
1776375904.395,4.395,0.53,5.0,0.52,29.54,0.54,66.73,0.55,94.0,0.46,72.14,0.45,94.0,0.48,29.54,0.49,148.0,0.01,0.02,2340.171605,1776375903000
1776375904.993,4.993,0.53,12.06,0.52,18.0,0.54,73.73,0.55,94.0,0.46,66.73,0.45,94.0,0.47,5.0,0.48,29.54,0.01,0.01,2340.171605,1776375903000
1776375905.521,5.521,0.51,136.28,0.5,58.04,0.54,50.0,0.55,24.0,0.46,73.73,0.45,94.0,0.47,12.06,0.48,18.0,0.03,0.01,2340.170645,1776375904000
1776375905.786,5.786,0.49,1.88,0.48,25.0,0.5,5.0,0.51,155.0,0.5,5.0,0.49,10.0,0.51,5.0,0.52,20.0,0.01,0.01,2340.170645,1776375904000
1776375906.38,6.38,0.49,10.0,0.48,25.0,0.5,8.0,0.51,155.0,0.49,155.0,0.48,102.0,0.52,25.0,0.53,15.0,0.01,0.03,2340.17067,1776375905000
1776375911.395,11.395,0.5,11.94,0.49,25.5,0.51,85.5,0.52,145.0,0.5,3.0,0.49,155.0,0.51,10.0,0.52,25.0,0.01,0.01,2340.10975,1776375910000
1776375912.192,12.192,0.5,19.94,0.49,33.5,0.51,85.5,0.52,145.0,0.49,85.5,0.48,145.0,0.5,11.94,0.51,25.5,0.01,0.01,2340.176995,1776375911000
1776375914.36,14.36,0.5,10.0,0.48,32.0,0.51,180.5,0.52,162.0,0.49,85.5,0.48,145.0,0.5,19.94,0.51,33.5,0.01,0.01,2340.198585,1776375913000
1776375914.587,14.587,0.48,2.19,0.47,33.5,0.49,15.0,0.5,15.0,0.49,180.5,0.48,162.0,0.5,10.0,0.52,32.0,0.01,0.01,2340.198585,1776375913000
1776375914.881,14.881,0.46,60.0,0.45,35.5,0.47,27.94,0.48,40.5,0.51,15.0,0.5,15.0,0.52,2.19,0.53,33.5,0.01,0.01,2340.198585,1776375913000
1776375915.674,15.674,0.42,102.91,0.41,118.5,0.45,80.7,0.46,92.5,0.53,27.94,0.52,40.5,0.54,60.0,0.55,35.5,0.03,0.01,2340.23776,1776375914000
1776375916.059,16.059,0.42,95.32,0.41,118.5,0.43,36.0,0.44,25.5,0.55,80.7,0.54,92.5,0.58,102.91,0.59,118.5,0.01,0.03,2340.23776,1776375914000
1776375916.549,16.549,0.42,95.32,0.41,118.5,0.43,25.0,0.44,31.5,0.57,36.0,0.56,25.5,0.58,95.32,0.59,118.5,0.01,0.01,2340.20818,1776375915000
1776375919.548,19.548,0.42,98.37,0.41,143.86,0.43,31.0,0.44,25.5,0.57,25.0,0.56,31.5,0.58,95.32,0.59,118.5,0.01,0.01,2339.759652,1776375918000
1776375920.346,20.346,0.42,98.37,0.41,143.86,0.43,28.72,0.44,25.5,0.57,31.0,0.56,25.5,0.58,98.37,0.59,143.86,0.01,0.01,2339.759652,1776375919000
1776375920.758,20.758,0.42,93.14,0.41,142.86,0.43,46.45,0.44,25.5,0.57,28.72,0.56,25.5,0.58,96.64,0.59,143.86,0.01,0.01,2339.759652,1776375919000
1776375926.704,26.704,0.42,118.64,0.41,127.5,0.43,45.45,0.44,31.5,0.57,46.45,0.56,25.5,0.58,93.14,0.59,142.86,0.01,0.01,2339.677843,1776375925000
1776375926.919,26.919,0.42,108.64,0.41,127.5,0.43,45.45,0.44,31.5,0.57,45.45,0.56,31.5,0.58,118.64,0.59,127.5,0.01,0.01,2339.677843,1776375925000
1776375927.303,27.303,0.42,326.58,0.41,127.5,0.43,14.95,0.44,31.5,0.57,45.45,0.56,31.5,0.58,108.64,0.59,127.5,0.01,0.01,2339.677843,1776375925000
1776375927.815,27.815,0.42,316.58,0.41,127.5,0.43,10.29,0.44,31.5,0.57,14.95,0.56,31.5,0.58,326.58,0.59,127.5,0.01,0.01,2339.675345,1776375926000
1776375930.913,30.913,0.42,32.89,0.41,267.5,0.43,53.79,0.44,35.5,0.57,10.29,0.56,31.5,0.58,316.58,0.59,127.5,0.01,0.01,2339.683285,1776375929000
1776375933.403,33.403,0.42,3.89,0.41,247.0,0.43,53.79,0.44,35.5,0.57,53.79,0.56,35.5,0.58,32.89,0.59,267.5,0.01,0.01,2339.724137,1776375931000
1776375933.755,33.755,0.41,170.0,0.4,20.0,0.42,183.5,0.43,129.98,0.57,53.79,0.56,35.5,0.58,3.89,0.59,247.0,0.01,0.01,2339.660773,1776375932000
1776375934.0,34.0,0.41,57.81,0.4,20.0,0.42,195.69,0.43,135.98,0.58,188.69,0.57,135.98,0.59,84.0,0.6,20.0,0.01,0.01,2339.660773,1776375932000
1776375934.328,34.328,0.41,21.62,0.4,20.0,0.42,195.69,0.43,130.98,0.58,195.69,0.57,135.98,0.59,31.62,0.6,20.0,0.01,0.01,2339.660773,1776375932000
1776375935.482,35.482,0.39,8.36,0.38,64.0,0.4,55.5,0.41,76.5,0.58,195.69,0.57,130.98,0.6,20.0,0.61,20.0,0.01,0.02,2339.660733,1776375933000
1776375935.938,35.938,0.39,8.36,0.38,64.0,0.4,69.5,0.41,71.5,0.6,55.5,0.59,76.5,0.61,8.36,0.62,64.0,0.01,0.01,2339.585965,1776375934000
1776375936.941,36.941,0.38,64.0,0.37,45.5,0.4,69.5,0.41,81.5,0.6,69.5,0.59,71.5,0.61,6.72,0.62,64.0,0.02,0.01,2339.485804,1776375935000
1776375937.236,37.236,0.38,64.0,0.37,59.5,0.39,48.5,0.4,29.5,0.6,69.5,0.59,81.5,0.62,64.0,0.63,45.5,0.01,0.02,2339.426956,1776375936000
1776375937.637,37.637,0.38,96.5,0.37,59.5,0.39,33.0,0.4,19.0,0.61,48.5,0.6,29.5,0.62,62.0,0.63,59.5,0.01,0.01,2339.426956,1776375936000
1776375938.09,38.09,0.38,42.5,0.37,74.5,0.39,13.1,0.4,29.0,0.61,21.1,0.6,19.0,0.62,42.5,0.63,59.5,0.01,0.01,2339.426956,1776375936000
1776375938.71,38.71,0.4,231.58,0.39,246.82,0.41,73.0,0.42,10.0,0.61,13.1,0.6,29.0,0.62,42.5,0.63,74.5,0.01,0.01,2339.426956,1776375936000
1776375939.12,39.12,0.4,121.3,0.39,246.82,0.41,68.0,0.42,10.0,0.59,78.0,0.58,10.0,0.6,260.58,0.61,246.82,0.01,0.01,2339.402729,1776375937000
1776375940.867,40.867,0.4,79.12,0.39,246.82,0.41,68.0,0.42,25.0,0.59,68.0,0.58,10.0,0.6,121.3,0.61,246.82,0.01,0.01,2339.497358,1776375939000
1776375942.318,42.318,0.4,84.12,0.39,243.82,0.41,65.07,0.42,15.0,0.59,68.0,0.58,25.0,0.6,79.12,0.61,246.82,0.01,0.01,2339.565007,1776375940000
1776375943.388,43.388,0.42,32.0,0.41,160.0,0.43,12.72,0.44,10.0,0.59,65.07,0.58,15.0,0.6,84.12,0.61,243.82,0.01,0.01,2339.574721,1776375942000
1776375944.437,44.437,0.42,101.13,0.41,183.0,0.43,12.72,0.44,10.0,0.57,12.72,0.56,10.0,0.58,32.0,0.59,160.0,0.01,0.01,2339.574721,1776375942000
1776375945.165,45.165,0.42,157.82,0.41,193.5,0.44,10.0,0.45,388.64,0.57,12.72,0.56,10.0,0.58,101.13,0.59,183.0,0.02,0.01,2339.57787,1776375943000
1776375947.15,47.15,0.44,79.5,0.43,106.12,0.45,363.64,0.47,55.5,0.56,10.0,0.55,388.64,0.58,157.82,0.59,193.5,0.01,0.02,2339.758152,1776375945000
1776375948.232,48.232,0.45,72.93,0.44,57.19,0.46,33.0,0.47,41.0,0.55,363.64,0.53,55.5,0.56,67.19,0.57,101.12,0.01,0.01,2339.788711,1776375947000
1776375950.097,50.097,0.45,209.32,0.42,5.65,0.46,223.49,0.47,67.69,0.54,33.0,0.53,41.0,0.55,72.93,0.56,57.19,0.01,0.01,2339.819663,1776375948000
1776375950.394,50.394,0.45,142.98,0.42,5.65,0.46,327.69,0.47,92.69,0.54,308.49,0.53,97.69,0.55,149.31,0.58,5.65,0.01,0.01,2339.830996,1776375949000
1776375950.687,50.687,0.45,23.75,0.42,5.65,0.46,330.49,0.47,92.69,0.54,308.49,0.53,92.69,0.55,30.19,0.58,5.65,0.01,0.01,2339.830996,1776375949000
1776375950.98,50.98,0.45,12.32,0.42,5.65,0.46,430.49,0.47,67.69,0.54,330.49,0.53,92.69,0.55,18.65,0.58,5.65,0.01,0.01,2339.830996,1776375949000
1776375951.182,51.182,0.42,5.65,0.41,25.0,0.45,17.68,0.46,430.49,0.54,430.49,0.53,67.69,0.55,12.32,0.58,5.65,0.03,0.01,2339.833554,1776375950000
1776375952.057,52.057,0.42,43.15,0.41,10.5,0.43,2.0,0.44,369.87,0.55,17.68,0.54,430.49,0.58,5.65,0.59,25.0,0.01,0.03,2339.833554,1776375950000
1776375952.405,52.405,0.43,5.25,0.42,54.09,0.44,333.57,0.45,110.8,0.57,5.3,0.56,368.52,0.58,24.09,0.59,10.5,0.01,0.01,2339.833554,1776375950000
1776375952.607,52.607,0.43,89.25,0.42,87.09,0.44,175.57,0.45,5.0,0.56,318.57,0.55,75.0,0.57,57.25,0.58,89.09,0.01,0.01,2339.72115,1776375951000
1776375952.815,52.815,0.43,127.25,0.42,67.09,0.44,170.57,0.45,5.0,0.56,175.57,0.55,5.0,0.57,89.25,0.58,87.09,0.01,0.01,2339.72115,1776375951000
1776375953.266,53.266,0.44,52.5,0.43,119.25,0.46,5.0,0.47,25.0,0.56,170.57,0.55,5.0,0.57,127.25,0.58,67.09,0.02,0.01,2339.58926,1776375952000
1776375956.712,56.712,0.48,24.71,0.47,36.5,0.49,201.0,0.5,90.0,0.54,5.0,0.53,25.0,0.56,52.5,0.57,119.25,0.01,0.02,2339.789678,1776375955000
1776375957.393,57.393,0.49,17.0,0.48,66.21,0.5,16.0,0.51,55.0,0.51,155.0,0.5,85.0,0.52,25.21,0.53,41.5,0.01,0.01,2339.791217,1776375956000
1776375957.676,57.676,0.49,88.0,0.48,69.5,0.5,11.0,0.51,55.0,0.5,16.0,0.49,55.0,0.51,17.0,0.52,66.21,0.01,0.01,2339.791217,1776375956000
1776375958.613,58.613,0.49,117.53,0.48,74.5,0.5,11.0,0.51,60.0,0.5,11.0,0.49,55.0,0.51,88.0,0.52,69.5,0.01,0.01,2339.821185,1776375957000
1776375959.002,59.002,0.49,115.56,0.48,97.78,0.5,11.0,0.51,60.0,0.5,11.0,0.49,60.0,0.51,117.53,0.52,74.5,0.01,0.01,2339.926106,1776375958000
1776375961.457,61.457,0.49,75.59,0.48,44.5,0.5,1.0,0.51,5.0,0.5,11.0,0.49,60.0,0.51,115.56,0.52,97.78,0.01,0.01,2340.14162,1776375960000
1776375961.845,61.845,0.49,78.62,0.48,44.5,0.5,1.0,0.53,15.0,0.5,1.0,0.49,5.0,0.51,75.59,0.52,44.5,0.01,0.01,2340.14162,1776375960000
1776375962.475,62.475,0.53,52.89,0.52,37.5,0.54,74.0,0.55,75.0,0.47,10.0,0.46,5.0,0.51,78.62,0.52,44.5,0.01,0.04,2340.150303,1776375961000
1776375962.83,62.83,0.53,47.78,0.52,37.5,0.54,71.79,0.55,75.0,0.46,71.79,0.45,75.0,0.47,52.89,0.48,37.5,0.01,0.01,2340.150303,1776375961000
1776375963.525,63.525,0.54,31.5,0.53,31.5,0.55,49.23,0.56,175.0,0.46,0.77,0.45,75.0,0.47,45.7,0.48,37.5,0.01,0.01,2340.14967,1776375962000
1776375963.796,63.796,0.54,98.5,0.53,25.89,0.56,175.0,0.57,151.8,0.45,49.23,0.44,175.0,0.46,31.5,0.47,31.5,0.02,0.01,2340.14967,1776375962000
1776375964.828,64.828,0.55,96.27,0.54,65.5,0.56,125.0,0.57,125.0,0.44,175.0,0.43,151.8,0.46,98.5,0.47,25.89,0.01,0.02,2340.19516,1776375963000
1776375965.288,65.288,0.55,103.27,0.54,70.5,0.56,38.57,0.57,125.0,0.44,50.0,0.43,125.0,0.45,110.47,0.46,70.5,0.01,0.01,2340.243,1776375964000
1776375965.54,65.54,0.55,92.77,0.54,70.5,0.56,31.44,0.57,125.0,0.44,38.57,0.43,125.0,0.45,103.27,0.46,70.5,0.01,0.01,2340.243,1776375964000
1776375965.814,65.814,0.55,91.6,0.54,70.5,0.56,6.44,0.57,85.5,0.44,31.44,0.43,125.0,0.45,92.77,0.46,70.5,0.01,0.01,2340.243,1776375964000
1776375967.377,67.377,0.56,43.0,0.55,30.5,0.57,41.41,0.58,85.5,0.43,56.91,0.42,85.5,0.45,91.6,0.46,70.5,0.01,0.02,2340.27361,1776375965000
1776375967.731,67.731,0.56,38.0,0.55,30.5,0.57,16.33,0.58,85.5,0.43,41.41,0.42,85.5,0.44,38.0,0.45,30.5,0.01,0.01,2340.27361,1776375965000
1776375967.934,67.934,0.56,61.0,0.55,30.5,0.57,24.91,0.58,85.5,0.43,16.33,0.42,85.5,0.44,38.0,0.45,30.5,0.01,0.01,2340.27361,1776375965000
1776375968.319,68.319,0.56,61.0,0.55,30.5,0.57,23.15,0.58,103.49,0.43,24.91,0.42,85.5,0.44,61.0,0.45,30.5,0.01,0.01,2340.27361,1776375965000
1776375968.948,68.948,0.56,38.0,0.55,30.5,0.57,19.35,0.58,85.5,0.43,21.11,0.42,103.49,0.44,61.0,0.45,30.5,0.01,0.01,2340.45995,1776375967000
1776375969.304,69.304,0.56,38.0,0.55,30.5,0.57,9.35,0.58,107.49,0.43,19.35,0.42,85.5,0.44,38.0,0.45,30.5,0.01,0.01,2340.45995,1776375967000
1776375971.026,71.026,0.57,29.23,0.56,31.5,0.58,124.49,0.59,168.5,0.43,9.35,0.42,107.49,0.44,38.0,0.45,30.5,0.01,0.01,2340.476523,1776375969000
1776375974.387,74.387,0.57,185.5,0.56,5.0,0.6,11.92,0.61,50.0,0.42,124.49,0.41,168.5,0.43,29.23,0.44,31.5,0.03,0.01,2340.497598,1776375973000
1776375975.765,75.765,0.62,157.23,0.61,60.5,0.63,37.85,0.64,189.0,0.4,14.72,0.39,70.0,0.41,20.5,0.42,25.5,0.01,0.01,2340.443304,1776375974000
1776375977.312,77.312,0.63,98.99,0.62,135.23,0.64,56.8,0.65,64.0,0.36,151.8,0.35,69.0,0.38,174.23,0.39,65.5,0.01,0.02,2340.769206,1776375976000
1776375978.12,78.12,0.65,90.65,0.64,10.0,0.66,365.54,0.67,270.5,0.36,56.8,0.35,64.0,0.37,98.99,0.38,135.23,0.01,0.01,2340.769206,1776375976000
1776375978.383,78.383,0.61,9.0,0.6,176.67,0.63,127.69,0.64,45.0,0.36,15.5,0.35,160.49,0.38,10.0,0.39,10.0,0.02,0.02,2340.866952,1776375977000
1776375978.744,78.744,0.6,70.67,0.59,10.0,0.61,237.49,0.62,34.5,0.39,10.0,0.38,18.0,0.4,65.67,0.41,10.0,0.01,0.01,2340.866952,1776375977000
1776375979.165,79.165,0.6,58.04,0.59,10.0,0.61,227.49,0.62,29.5,0.39,237.49,0.38,34.5,0.4,58.04,0.41,10.0,0.01,0.01,2340.897772,1776375978000
1776375979.427,79.427,0.6,58.04,0.59,10.0,0.61,260.85,0.62,29.5,0.39,227.49,0.38,29.5,0.4,58.04,0.41,10.0,0.01,0.01,2340.897772,1776375978000
1776375979.897,79.897,0.6,58.04,0.59,10.0,0.61,96.91,0.62,29.5,0.39,260.85,0.38,29.5,0.4,58.04,0.41,10.0,0.01,0.01,2340.897772,1776375978000
1776375981.584,81.584,0.6,60.04,0.59,10.0,0.61,79.41,0.62,34.5,0.39,96.91,0.38,29.5,0.4,58.04,0.41,10.0,0.01,0.01,2340.772192,1776375980000
1776375982.826,82.826,0.6,37.0,0.59,10.0,0.61,142.13,0.62,34.5,0.39,79.41,0.38,34.5,0.4,60.04,0.41,10.0,0.01,0.01,2340.626027,1776375981000
1776375983.367,83.367,0.59,8.0,0.58,10.0,0.61,154.13,0.62,34.5,0.39,142.13,0.38,34.5,0.4,37.0,0.41,10.0,0.02,0.01,2340.617247,1776375982000
1776375983.94,83.94,0.58,59.33,0.57,25.5,0.61,61.44,0.62,28.5,0.41,17.5,0.4,61.49,0.42,23.83,0.43,20.5,0.03,0.01,2340.617247,1776375982000
1776375984.531,84.531,0.62,39.0,0.61,10.0,0.66,408.09,0.67,250.0,0.39,61.44,0.38,28.5,0.42,59.33,0.43,25.5,0.04,0.03,2340.589686,1776375983000
1776375984.735,84.735,0.65,37.5,0.64,10.0,0.66,326.83,0.67,247.8,0.34,403.59,0.33,247.8,0.35,37.5,0.36,10.0,0.01,0.01,2340.589686,1776375983000
1776375985.162,85.162,0.65,32.5,0.64,134.13,0.66,283.08,0.67,247.8,0.34,277.08,0.33,247.8,0.35,37.5,0.36,10.0,0.01,0.01,2340.589686,1776375983000
1776375985.376,85.376,0.65,50.5,0.64,134.13,0.66,283.08,0.67,247.8,0.34,283.08,0.33,247.8,0.35,32.5,0.36,134.13,0.01,0.01,2340.586998,1776375984000
1776375985.656,85.656,0.65,60.5,0.64,134.13,0.66,202.08,0.67,247.8,0.34,283.08,0.33,247.8,0.35,50.5,0.36,134.13,0.01,0.01,2340.586998,1776375984000
1776375987.688,87.688,0.66,91.55,0.65,46.5,0.67,110.0,0.69,65.8,0.34,202.08,0.33,247.8,0.35,60.5,0.36,134.13,0.01,0.01,2340.938836,1776375986000
1776375988.878,88.878,0.68,6.87,0.67,20.5,0.7,10.0,0.71,22.8,0.33,110.0,0.31,65.8,0.34,91.55,0.35,46.5,0.02,0.01,2340.994046,1776375987000
1776375989.536,89.536,0.7,89.5,0.69,70.5,0.71,11.8,0.72,21.0,0.3,10.0,0.29,22.8,0.32,6.87,0.33,20.5,0.01,0.02,2340.994046,1776375987000
1776375989.966,89.966,0.69,15.0,0.68,6.87,0.7,17.69,0.71,201.19,0.29,0.8,0.28,21.0,0.3,89.5,0.31,65.5,0.01,0.01,2340.994046,1776375987000
1776375990.247,90.247,0.68,3.74,0.67,10.0,0.69,30.0,0.7,161.88,0.3,130.88,0.29,126.0,0.31,15.25,0.32,6.87,0.01,0.01,2341.029361,1776375989000
1776375990.611,90.611,0.68,0.74,0.67,35.0,0.69,57.69,0.7,46.19,0.31,30.0,0.3,161.88,0.32,3.74,0.33,10.0,0.01,0.01,2341.029361,1776375989000
1776375993.057,93.057,0.67,132.5,0.66,80.5,0.68,1.48,0.69,32.19,0.32,5.26,0.31,57.69,0.33,35.0,0.34,45.0,0.01,0.01,2341.014212,1776375992000
1776375993.349,93.349,0.68,57.5,0.67,110.5,0.7,22.0,0.71,15.0,0.31,9.64,0.3,22.0,0.33,152.5,0.34,60.5,0.02,0.02,2341.014212,1776375992000
1776375995.24,95.24,0.7,77.5,0.69,54.0,0.72,36.0,0.73,80.5,0.3,22.0,0.29,37.0,0.31,45.5,0.32,60.5,0.02,0.01,2341.073588,1776375994000
1776375995.718,95.718,0.71,71.5,0.7,60.5,0.72,24.38,0.73,87.0,0.28,36.0,0.27,80.5,0.3,77.5,0.31,54.0,0.01,0.02,2341.073588,1776375994000
1776375996.58,96.58,0.72,55.5,0.71,61.25,0.73,100.83,0.74,67.5,0.28,12.38,0.27,87.0,0.29,61.25,0.3,60.5,0.01,0.01,2341.167364,1776375995000
1776375996.831,96.831,0.72,53.54,0.71,61.25,0.73,120.02,0.74,67.5,0.27,100.83,0.26,67.5,0.28,55.5,0.29,61.25,0.01,0.01,2341.167364,1776375995000
1776375997.473,97.473,0.72,92.74,0.71,61.25,0.73,114.35,0.74,52.0,0.27,120.02,0.26,67.5,0.28,53.54,0.29,61.25,0.01,0.01,2341.167364,1776375995000
1776375997.858,97.858,0.72,18.04,0.71,50.0,0.73,159.85,0.74,52.0,0.27,114.35,0.26,52.0,0.28,92.74,0.29,61.25,0.01,0.01,2341.167364,1776375995000
1776375998.165,98.165,0.67,84.9,0.66,70.0,0.68,83.69,0.69,49.5,0.27,159.85,0.26,52.0,0.28,18.04,0.29,50.0,0.01,0.01,2341.167364,1776375995000
1776376001.088,101.088,0.67,25.9,0.66,75.0,0.68,68.69,0.69,32.5,0.32,123.69,0.31,49.5,0.33,50.9,0.34,70.0,0.01,0.01,2341.1925,1776375999000
1776376002.415,102.415,0.65,10.0,0.64,110.0,0.67,266.68,0.68,35.5,0.32,68.69,0.31,32.5,0.33,25.9,0.34,75.0,0.02,0.01,2341.026193,1776376001000
1776376002.788,102.788,0.59,100.0,0.58,50.0,0.62,28.5,0.63,142.5,0.33,266.68,0.32,35.5,0.35,10.0,0.36,110.0,0.03,0.02,2341.026193,1776376001000
1776376003.84,103.84,0.55,122.44,0.54,80.0,0.61,47.2,0.63,35.0,0.38,28.5,0.37,142.5,0.41,100.0,0.42,50.0,0.06,0.03,2340.992715,1776376002000
1776376004.91,104.91,0.64,10.0,0.63,10.0,0.66,80.0,0.67,31.0,0.4,4.9,0.39,43.92,0.42,8.62,0.43,10.0,0.02,0.02,2340.971044,1776376003000
1776376005.18,105.18,0.65,93.5,0.64,25.5,0.66,18.54,0.67,10.0,0.34,80.0,0.33,31.0,0.36,10.0,0.37,10.0,0.01,0.02,2340.971044,1776376003000
1776376009.807,109.807,0.7,25.5,0.69,77.8,0.71,71.82,0.72,51.5,0.34,18.54,0.33,10.0,0.35,79.21,0.36,25.5,0.01,0.01,2341.12871,1776376008000
1776376010.48,110.48,0.7,48.8,0.69,62.8,0.71,71.82,0.72,41.5,0.29,71.82,0.28,51.5,0.3,25.5,0.31,77.8,0.01,0.01,2341.145485,1776376009000
1776376013.333,113.333,0.7,6.0,0.69,16.0,0.71,167.5,0.72,71.5,0.29,71.82,0.28,41.5,0.3,48.8,0.31,62.8,0.01,0.01,2341.145089,1776376012000
1776376013.561,113.561,0.67,0.18,0.66,10.0,0.69,70.0,0.7,43.5,0.31,77.0,0.3,43.5,0.33,10.0,0.34,10.0,0.02,0.02,2341.145089,1776376012000
1776376013.774,113.774,0.68,4.0,0.67,5.18,0.69,87.5,0.7,49.5,0.31,70.0,0.3,43.5,0.33,0.18,0.34,10.0,0.01,0.02,2341.145089,1776376012000
1776376014.538,114.538,0.63,60.0,0.62,95.0,0.66,18.81,0.67,162.5,0.32,16.5,0.31,37.5,0.35,45.0,0.36,25.5,0.03,0.03,2341.141408,1776376013000
1776376016.482,116.482,0.63,63.78,0.62,95.0,0.64,36.5,0.65,39.39,0.34,18.81,0.33,162.5,0.37,60.0,0.38,95.0,0.01,0.03,2340.950849,1776376015000
1776376017.534,117.534,0.57,10.0,0.56,110.0,0.58,55.0,0.63,80.5,0.36,36.5,0.35,39.39,0.37,63.78,0.38,95.0,0.01,0.01,2340.870802,1776376016000
1776376017.992,117.992,0.56,40.56,0.55,50.5,0.57,30.0,0.58,78.0,0.42,55.0,0.37,80.5,0.43,10.0,0.44,110.0,0.01,0.01,2340.870802,1776376016000
1776376018.301,118.301,0.57,182.69,0.56,123.5,0.58,47.91,0.65,10.0,0.43,30.0,0.42,78.0,0.44,40.56,0.45,50.5,0.01,0.01,2340.822755,1776376017000
1776376019.497,119.497,0.65,50.5,0.64,56.5,0.66,164.5,0.67,10.0,0.35,10.0,0.34,18.81,0.43,302.49,0.44,123.5,0.01,0.08,2340.755033,1776376018000
1776376022.618,122.618,0.71,79.05,0.7,15.0,0.72,40.0,0.73,10.0,0.34,65.33,0.33,10.0,0.35,57.5,0.36,51.5,0.01,0.01,2341.061175,1776376021000
1776376022.965,122.965,0.71,74.05,0.7,15.0,0.72,30.0,0.73,20.0,0.28,40.0,0.27,10.0,0.29,79.05,0.3,15.0,0.01,0.01,2341.061175,1776376021000
1776376023.82,123.82,0.71,57.05,0.7,15.0,0.72,114.0,0.73,15.0,0.28,30.0,0.27,20.0,0.29,74.05,0.3,15.0,0.01,0.01,2341.107481,1776376022000
1776376024.847,124.847,0.66,6.57,0.65,56.27,0.67,141.0,0.68,53.0,0.28,114.0,0.27,15.0,0.29,57.05,0.3,15.0,0.01,0.01,2341.111589,1776376023000
1776376025.49,125.49,0.65,0.36,0.64,20.0,0.67,141.0,0.68,53.0,0.33,141.0,0.32,53.0,0.34,6.57,0.35,56.27,0.02,0.01,2341.12749,1776376024000
1776376025.93,125.93,0.65,20.86,0.64,85.7,0.66,119.3,0.67,74.0,0.33,141.0,0.32,53.0,0.35,0.36,0.36,20.0,0.01,0.02,2341.12749,1776376024000
1776376026.614,126.614,0.65,20.86,0.64,85.7,0.66,93.61,0.67,74.0,0.34,114.22,0.33,74.0,0.35,20.86,0.36,85.7,0.01,0.01,2340.97696,1776376025000
1776376029.689,129.689,0.64,10.0,0.63,25.0,0.66,339.11,0.67,117.5,0.34,93.61,0.33,74.0,0.35,20.86,0.36,85.7,0.02,0.01,2340.874873,1776376028000
1776376029.893,129.893,0.62,50.04,0.61,25.0,0.63,239.5,0.64,65.0,0.37,165.5,0.36,65.0,0.38,80.04,0.39,25.0,0.01,0.01,2340.874873,1776376028000
1776376030.494,130.494,0.57,9.9,0.56,15.0,0.58,76.1,0.59,27.0,0.42,27.4,0.41,39.19,0.43,9.9,0.44,15.0,0.01,0.01,2340.864704,1776376029000
1776376032.264,132.264,0.57,19.9,0.56,15.0,0.58,74.22,0.59,90.0,0.42,76.1,0.41,27.0,0.43,9.9,0.44,15.0,0.01,0.01,2340.842275,1776376030000
1776376032.906,132.906,0.57,24.9,0.56,15.0,0.58,150.22,0.59,82.0,0.42,74.22,0.41,90.0,0.43,19.9,0.44,15.0,0.01,0.01,2340.552113,1776376031000
1776376033.574,133.574,0.55,10.0,0.53,128.0,0.58,74.22,0.59,102.0,0.42,150.22,0.41,82.0,0.43,24.9,0.44,15.0,0.03,0.01,2340.533659,1776376032000
1776376034.088,134.088,0.53,103.5,0.52,60.5,0.57,79.91,0.58,50.22,0.42,74.22,0.41,102.0,0.45,10.0,0.47,128.0,0.04,0.03,2340.533659,1776376032000
1776376034.732,134.732,0.53,2.59,0.52,45.0,0.54,141.5,0.55,25.5,0.43,79.91,0.42,50.22,0.47,103.5,0.48,60.5,0.01,0.04,2340.520636,1776376033000
1776376036.175,136.175,0.49,63.12,0.48,200.0,0.5,153.5,0.51,32.5,0.47,32.5,0.46,51.5,0.51,191.62,0.52,281.0,0.01,0.04,2340.47806,1776376034000
1776376036.544,136.544,0.47,35.0,0.46,110.0,0.48,18.0,0.49,143.5,0.5,183.5,0.49,32.5,0.52,200.0,0.53,35.0,0.01,0.02,2340.419277,1776376035000
1776376036.987,136.987,0.45,170.0,0.44,135.0,0.47,20.0,0.48,20.91,0.52,20.91,0.51,143.5,0.53,35.0,0.54,110.0,0.02,0.01,2340.419277,1776376035000
1776376037.232,137.232,0.45,170.0,0.44,135.0,0.47,14.08,0.48,20.91,0.53,20.0,0.52,20.91,0.55,170.0,0.56,135.0,0.02,0.02,2340.361979,1776376036000
1776376037.821,137.821,0.44,217.54,0.43,180.5,0.46,22.0,0.47,14.08,0.54,10.0,0.53,14.08,0.55,30.14,0.56,135.0,0.02,0.01,2340.361979,1776376036000
1776376038.214,138.214,0.44,217.54,0.43,180.5,0.45,18.77,0.46,22.0,0.54,22.0,0.53,14.08,0.56,217.54,0.57,180.5,0.01,0.02,2340.361979,1776376036000
1776376040.0,140.0,0.44,37.7,0.43,100.0,0.45,71.27,0.46,32.5,0.55,18.77,0.54,22.0,0.56,217.54,0.57,180.5,0.01,0.01,2340.016392,1776376038000
1776376040.24,140.24,0.43,100.0,0.42,100.0,0.45,68.6,0.46,32.5,0.55,68.6,0.54,32.5,0.56,37.7,0.57,100.0,0.02,0.01,2340.016392,1776376038000
1776376040.831,140.831,0.43,48.57,0.42,100.0,0.44,26.0,0.45,31.6,0.55,68.6,0.54,32.5,0.57,100.0,0.58,100.0,0.01,0.02,2339.983447,1776376039000
1776376042.513,142.513,0.43,8.24,0.42,264.69,0.44,10.0,0.45,10.0,0.56,26.0,0.55,31.6,0.58,100.0,0.59,105.0,0.01,0.02,2339.893423,1776376041000
1776376043.021,143.021,0.46,17.79,0.45,134.63,0.47,34.43,0.48,35.0,0.54,5.0,0.53,44.43,0.55,10.0,0.56,15.0,0.01,0.01,2339.881562,1776376042000
1776376044.379,144.379,0.46,123.84,0.45,106.13,0.47,32.3,0.48,25.0,0.53,34.43,0.52,25.0,0.54,6.17,0.55,101.13,0.01,0.01,2339.84448,1776376043000
1776376045.106,145.106,0.46,417.83,0.45,192.69,0.51,55.0,0.53,25.0,0.53,32.3,0.52,25.0,0.54,123.84,0.55,106.13,0.05,0.01,2339.84448,1776376043000
1776376045.703,145.703,0.52,70.44,0.51,132.59,0.59,120.0,0.63,150.0,0.47,25.0,0.45,5.0,0.49,48.04,0.5,153.05,0.07,0.02,2339.84448,1776376043000
1776376046.526,146.526,0.58,25.5,0.57,15.0,0.59,58.47,0.63,150.0,0.41,120.0,0.37,150.0,0.48,70.44,0.49,132.59,0.01,0.07,2339.948247,1776376045000
1776376046.793,146.793,0.58,45.5,0.57,15.0,0.59,34.52,0.63,150.0,0.41,58.47,0.37,150.0,0.42,25.5,0.43,15.0,0.01,0.01,2339.948247,1776376045000
1776376047.857,147.857,0.58,45.5,0.57,20.0,0.59,13.95,0.61,50.0,0.41,5.97,0.37,150.0,0.42,45.5,0.43,15.0,0.01,0.01,2340.056044,1776376046000
1776376048.517,148.517,0.58,169.69,0.57,42.55,0.63,150.0,0.64,50.0,0.41,13.95,0.39,50.0,0.42,45.5,0.43,20.0,0.05,0.01,2340.056044,1776376046000
1776376050.614,150.614,0.63,72.5,0.62,45.5,0.67,25.0,0.7,50.0,0.37,150.0,0.36,50.0,0.42,169.69,0.43,42.55,0.04,0.05,2340.43207,1776376049000
1776376051.34,151.34,0.71,15.0,0.7,15.0,0.72,72.5,0.73,77.56,0.33,25.0,0.3,50.0,0.37,72.5,0.38,45.5,0.01,0.04,2340.583394,1776376050000
1776376051.806,151.806,0.7,3.44,0.69,15.0,0.72,55.0,0.73,59.56,0.28,72.5,0.27,77.56,0.29,4.0,0.3,15.0,0.02,0.01,2340.583394,1776376050000
1776376052.149,152.149,0.69,14.9,0.68,10.0,0.71,25.5,0.72,159.5,0.28,55.0,0.27,59.56,0.3,3.44,0.31,15.0,0.02,0.02,2340.583394,1776376050000
1776376052.464,152.464,0.69,4.73,0.68,10.0,0.7,62.5,0.71,25.5,0.29,25.5,0.28,159.5,0.31,14.9,0.32,10.0,0.01,0.02,2340.656982,1776376051000
1776376052.96,152.96,0.69,4.56,0.68,10.0,0.7,148.77,0.71,25.5,0.3,62.5,0.29,25.5,0.31,4.73,0.32,10.0,0.01,0.01,2340.656982,1776376051000
1776376054.174,154.174,0.65,10.0,0.64,10.0,0.7,176.77,0.71,86.0,0.3,148.77,0.29,25.5,0.31,4.56,0.32,10.0,0.05,0.01,2340.810956,1776376053000
1776376054.843,154.843,0.66,10.0,0.65,10.0,0.67,136.67,0.68,56.5,0.3,176.77,0.29,86.0,0.35,10.0,0.36,10.0,0.01,0.05,2340.810956,1776376053000
1776376056.565,156.565,0.66,20.5,0.65,20.5,0.67,23.2,0.68,30.0,0.33,136.67,0.32,56.5,0.34,10.0,0.35,10.0,0.01,0.01,2340.725839,1776376055000
1776376056.791,156.791,0.66,88.5,0.65,20.5,0.72,17.0,0.73,48.0,0.33,23.2,0.32,30.0,0.34,20.5,0.35,20.5,0.06,0.01,2340.725839,1776376055000
1776376057.163,157.163,0.7,1.08,0.69,36.5,0.71,5.0,0.72,11.0,0.29,25.74,0.28,11.0,0.3,17.2,0.31,36.5,0.01,0.01,2340.725839,1776376055000
1776376057.439,157.439,0.69,32.7,0.68,26.5,0.71,5.0,0.72,11.0,0.29,5.0,0.28,11.0,0.3,1.08,0.31,36.5,0.02,0.01,2340.669558,1776376056000
1776376061.556,161.556,0.7,10.0,0.69,47.7,0.71,16.97,0.72,88.26,0.29,5.0,0.28,11.0,0.31,32.7,0.32,26.5,0.01,0.02,2340.793605,1776376060000
1776376062.309,162.309,0.71,15.0,0.7,20.5,0.73,13.84,0.74,55.5,0.29,16.97,0.28,88.26,0.3,10.0,0.31,47.7,0.02,0.01,2340.793605,1776376060000
1776376062.799,162.799,0.72,79.7,0.71,15.0,0.73,22.43,0.74,45.0,0.27,13.84,0.26,55.5,0.29,15.0,0.3,20.5,0.01,0.02,2340.801174,1776376061000
1776376063.861,163.861,0.72,26.21,0.71,15.0,0.73,217.45,0.74,35.0,0.27,22.43,0.26,45.0,0.28,79.7,0.29,15.0,0.01,0.01,2340.813872,1776376062000
1776376064.082,164.082,0.72,26.21,0.71,15.0,0.73,210.61,0.74,35.0,0.27,217.45,0.26,35.0,0.28,26.21,0.29,15.0,0.01,0.01,2340.813872,1776376062000
1776376064.311,164.311,0.72,10.56,0.71,15.0,0.73,124.08,0.74,35.0,0.27,151.08,0.26,35.0,0.28,10.56,0.29,15.0,0.01,0.01,2340.813872,1776376062000
1776376064.511,164.511,0.72,27.63,0.71,15.0,0.73,124.08,0.74,40.0,0.27,124.08,0.26,40.0,0.28,11.63,0.29,15.0,0.01,0.01,2340.813872,1776376062000
1776376064.725,164.725,0.72,30.83,0.71,15.0,0.73,77.08,0.74,35.0,0.27,117.08,0.26,35.0,0.28,30.83,0.29,15.0,0.01,0.01,2340.813872,1776376062000
1776376065.479,165.479,0.72,132.49,0.71,32.55,0.73,70.08,0.74,35.0,0.27,77.08,0.26,35.0,0.28,30.83,0.29,15.0,0.01,0.01,2340.95174,1776376064000
1776376065.905,165.905,0.72,106.05,0.71,85.99,0.73,46.86,0.74,35.0,0.27,52.55,0.26,35.0,0.28,101.05,0.29,85.99,0.01,0.01,2340.95174,1776376064000
1776376066.233,166.233,0.72,96.12,0.71,15.0,0.73,46.86,0.74,35.0,0.27,46.86,0.26,35.0,0.28,106.05,0.29,85.99,0.01,0.01,2341.048095,1776376065000
1776376066.699,166.699,0.72,103.0,0.71,15.0,0.73,45.22,0.74,35.0,0.27,46.86,0.26,35.0,0.28,96.12,0.29,15.0,0.01,0.01,2341.048095,1776376065000
1776376067.124,167.124,0.72,111.0,0.71,70.0,0.73,62.22,0.74,45.0,0.27,45.22,0.26,35.0,0.28,103.0,0.29,15.0,0.01,0.01,2341.048095,1776376065000
1776376067.751,167.751,0.71,4.0,0.7,152.86,0.72,6.0,0.73,20.5,0.26,45.0,0.25,95.0,0.28,111.0,0.29,70.0,0.01,0.02,2341.219825,1776376066000
1776376067.982,167.982,0.7,80.2,0.69,70.0,0.71,64.5,0.72,43.5,0.29,53.24,0.28,53.5,0.3,96.86,0.31,70.0,0.01,0.01,2341.219825,1776376066000
1776376068.202,168.202,0.68,8.16,0.67,20.0,0.71,93.5,0.72,40.5,0.29,161.5,0.28,52.5,0.3,9.74,0.32,10.0,0.03,0.01,2341.25422,1776376067000
1776376068.521,168.521,0.68,5.38,0.67,30.5,0.69,44.0,0.7,10.0,0.31,34.0,0.3,10.0,0.32,16.01,0.33,30.5,0.01,0.01,2341.25422,1776376067000
1776376068.949,168.949,0.68,2.25,0.67,20.5,0.69,15.0,0.7,133.25,0.31,44.0,0.3,10.0,0.32,5.38,0.33,30.5,0.01,0.01,2341.25422,1776376067000
1776376070.404,170.404,0.67,20.5,0.66,20.5,0.69,15.0,0.7,5.0,0.31,15.0,0.3,133.25,0.32,2.25,0.33,20.5,0.02,0.01,2340.975372,1776376069000
1776376071.031,171.031,0.68,6.25,0.67,20.5,0.69,10.0,0.7,15.0,0.31,15.0,0.3,5.0,0.33,20.5,0.34,20.5,0.01,0.02,2340.975372,1776376069000
1776376071.632,171.632,0.67,19.83,0.66,20.5,0.69,20.0,0.7,15.0,0.31,10.0,0.3,15.0,0.32,6.25,0.33,20.5,0.02,0.01,2340.891345,1776376070000
1776376075.059,175.059,0.68,10.0,0.67,14.33,0.69,10.0,0.7,15.0,0.31,20.0,0.3,15.0,0.33,19.83,0.34,20.5,0.01,0.02,2340.844348,1776376073000
1776376075.4,175.4,0.68,10.0,0.67,14.33,0.69,5.0,0.7,15.0,0.31,10.0,0.3,15.0,0.32,10.0,0.33,14.33,0.01,0.01,2340.845546,1776376074000
1776376077.368,177.368,0.69,135.6,0.67,5.0,0.7,44.5,0.71,70.5,0.31,5.0,0.3,15.0,0.32,10.0,0.33,14.33,0.01,0.01,2340.836323,1776376076000
1776376077.897,177.897,0.69,96.5,0.66,10.0,0.7,20.5,0.71,101.5,0.3,44.5,0.29,70.5,0.31,110.5,0.35,10.0,0.01,0.01,2340.836323,1776376076000
1776376079.182,179.182,0.69,84.46,0.66,20.5,0.7,43.5,0.71,95.5,0.3,20.5,0.29,101.5,0.31,96.5,0.34,10.0,0.01,0.01,2340.819721,1776376078000
1776376080.81,180.81,0.69,81.1,0.66,20.5,0.7,48.5,0.71,95.5,0.3,43.5,0.29,95.5,0.31,84.46,0.34,20.5,0.01,0.01,2340.815254,1776376079000
1776376081.059,181.059,0.69,81.1,0.66,20.5,0.7,47.07,0.71,95.5,0.3,48.5,0.29,95.5,0.31,81.1,0.34,20.5,0.01,0.01,2340.815207,1776376080000
1776376085.053,185.053,0.67,111.5,0.66,25.5,0.68,13.0,0.69,28.0,0.3,47.07,0.29,95.5,0.31,81.1,0.34,20.5,0.01,0.01,2340.830825,1776376083000
1776376086.882,186.882,0.68,65.5,0.67,30.5,0.7,8.57,0.71,115.0,0.32,13.0,0.31,28.0,0.33,111.5,0.34,25.5,0.02,0.01,2340.84112,1776376085000
1776376091.358,191.358,0.7,28.0,0.69,20.0,0.71,54.16,0.72,44.39,0.29,110.57,0.28,44.39,0.32,58.5,0.33,30.5,0.01,0.03,2340.831417,1776376090000
1776376092.235,192.235,0.7,28.0,0.69,20.0,0.71,54.16,0.72,49.39,0.29,54.16,0.28,44.39,0.3,28.0,0.31,20.0,0.01,0.01,2340.831417,1776376090000
1776376093.275,193.275,0.7,33.0,0.69,10.0,0.71,75.75,0.72,49.39,0.29,54.16,0.28,49.39,0.3,28.0,0.31,20.0,0.01,0.01,2340.838929,1776376092000
1776376094.963,194.963,0.7,33.0,0.69,10.0,0.71,73.03,0.72,49.39,0.29,75.75,0.28,49.39,0.3,33.0,0.31,10.0,0.01,0.01,2340.814628,1776376093000
1776376095.464,195.464,0.7,100.5,0.69,20.5,0.71,38.18,0.72,17.89,0.29,73.03,0.28,49.39,0.3,33.0,0.31,10.0,0.01,0.01,2340.812971,1776376094000
1776376096.325,196.325,0.74,11.15,0.73,61.5,0.75,75.0,0.76,30.0,0.26,60.0,0.25,95.0,0.3,130.89,0.31,34.5,0.01,0.04,2340.813151,1776376095000
1776376096.723,196.723,0.74,7.3,0.73,54.5,0.75,65.0,0.76,30.0,0.25,75.0,0.24,30.0,0.26,11.15,0.27,61.5,0.01,0.01,2340.813151,1776376095000
1776376100.67,200.67,0.74,10.19,0.72,25.0,0.76,134.5,0.77,48.5,0.25,65.0,0.24,30.0,0.26,7.3,0.27,54.5,0.02,0.01,2341.004089,1776376099000
1776376101.038,201.038,0.7,10.0,0.69,10.0,0.73,5.81,0.75,82.5,0.25,37.84,0.24,97.5,0.26,0.19,0.28,25.0,0.03,0.01,2341.004089,1776376099000
1776376102.525,202.525,0.7,15.0,0.69,10.0,0.71,11.73,0.72,16.0,0.27,5.81,0.25,82.5,0.3,10.0,0.31,10.0,0.01,0.03,2341.052059,1776376101000
1776376106.952,206.952,0.71,10.0,0.7,15.0,0.72,5.0,0.73,26.31,0.29,11.73,0.28,16.0,0.3,15.0,0.31,10.0,0.01,0.01,2340.817665,1776376105000
1776376111.181,211.181,0.72,35.5,0.71,20.5,0.73,9.17,0.74,25.0,0.28,5.0,0.27,26.31,0.29,10.0,0.3,15.0,0.01,0.01,2340.788237,1776376109000
1776376111.459,211.459,0.72,35.5,0.71,20.5,0.73,6.17,0.74,25.0,0.27,9.17,0.26,25.0,0.28,35.5,0.29,20.5,0.01,0.01,2340.790456,1776376110000
1776376112.699,212.699,0.75,38.5,0.74,50.5,0.76,50.0,0.77,25.0,0.27,1.17,0.26,25.0,0.28,30.14,0.29,20.5,0.01,0.01,2340.80278,1776376111000
1776376113.036,213.036,0.75,48.5,0.74,50.5,0.76,50.0,0.77,25.0,0.24,50.0,0.23,25.0,0.25,38.5,0.26,50.5,0.01,0.01,2340.80509,1776376112000
1776376113.338,213.338,0.75,28.5,0.74,50.5,0.76,50.0,0.77,25.0,0.24,50.0,0.23,25.0,0.25,48.5,0.26,50.5,0.01,0.01,2340.80509,1776376112000
1776376115.807,215.807,0.77,0.65,0.76,35.5,0.78,60.0,0.79,95.0,0.24,50.0,0.23,25.0,0.25,28.5,0.26,50.5,0.01,0.01,2340.9162,1776376114000
1776376118.527,218.527,0.77,20.0,0.76,48.5,0.78,8.71,0.79,85.0,0.22,60.0,0.21,95.0,0.23,0.65,0.24,35.5,0.01,0.01,2340.929032,1776376117000
1776376118.812,218.812,0.77,14.0,0.76,48.5,0.78,6.58,0.79,85.0,0.22,6.58,0.21,85.0,0.23,20.0,0.24,48.5,0.01,0.01,2340.929032,1776376117000
1776376121.754,221.754,0.78,48.5,0.77,24.5,0.8,5.78,0.81,207.4,0.22,6.58,0.21,85.0,0.23,14.0,0.24,48.5,0.02,0.01,2340.960161,1776376120000
1776376122.31,222.31,0.79,14.57,0.78,48.5,0.8,4.18,0.81,182.4,0.2,5.78,0.19,182.4,0.21,4.07,0.22,48.5,0.01,0.01,2340.960161,1776376120000
1776376122.646,222.646,0.79,2.16,0.78,48.5,0.8,17.93,0.81,182.4,0.2,2.93,0.19,182.4,0.21,14.57,0.22,48.5,0.01,0.01,2340.960161,1776376120000
1776376123.358,223.358,0.8,75.5,0.79,34.16,0.83,92.0,0.84,139.0,0.2,17.93,0.19,182.4,0.21,2.16,0.22,48.5,0.03,0.01,2340.913887,1776376121000
1776376123.681,223.681,0.82,31.38,0.81,42.5,0.83,21.0,0.84,51.0,0.18,3.78,0.17,92.0,0.19,20.5,0.2,65.5,0.01,0.01,2340.938026,1776376122000
1776376124.091,224.091,0.82,76.88,0.81,59.5,0.84,14.19,0.85,39.0,0.17,21.0,0.16,51.0,0.18,31.38,0.19,42.5,0.02,0.01,2340.938026,1776376122000
1776376124.524,224.524,0.85,5.0,0.84,42.5,0.86,89.0,0.87,46.0,0.14,30.17,0.13,10.0,0.16,15.5,0.17,49.5,0.01,0.02,2340.933668,1776376123000
1776376124.984,224.984,0.85,5.0,0.84,32.0,0.86,81.08,0.87,46.0,0.14,86.9,0.13,46.0,0.15,5.0,0.16,42.5,0.01,0.01,2340.933668,1776376123000
1776376125.395,225.395,0.85,5.0,0.84,32.0,0.86,75.01,0.87,56.0,0.14,81.08,0.13,46.0,0.15,5.0,0.16,32.0,0.01,0.01,2340.999377,1776376124000
1776376125.737,225.737,0.85,20.0,0.84,32.0,0.86,22.24,0.87,46.0,0.14,75.01,0.13,56.0,0.15,5.0,0.16,32.0,0.01,0.01,2340.999377,1776376124000
1776376126.602,226.602,0.85,20.0,0.84,32.0,0.87,111.0,0.88,84.1,0.14,22.24,0.13,46.0,0.15,20.0,0.16,32.0,0.02,0.01,2341.080372,1776376125000
1776376127.41,227.41,0.85,15.0,0.84,42.5,0.86,96.0,0.87,44.0,0.14,96.0,0.13,54.0,0.15,20.0,0.16,32.0,0.01,0.01,2341.090136,1776376126000
1776376127.872,227.872,0.85,20.0,0.84,42.5,0.86,86.34,0.87,44.0,0.14,96.0,0.13,44.0,0.15,15.0,0.16,42.5,0.01,0.01,2341.090136,1776376126000
1776376129.162,229.162,0.85,7.26,0.84,42.5,0.86,96.84,0.87,49.5,0.14,86.34,0.13,44.0,0.15,20.0,0.16,42.5,0.01,0.01,2341.102798,1776376127000
1776376129.682,229.682,0.85,10.46,0.84,42.5,0.86,86.34,0.87,49.5,0.14,96.84,0.13,49.5,0.15,7.26,0.16,42.5,0.01,0.01,2341.093166,1776376128000
1776376130.254,230.254,0.84,38.01,0.83,49.5,0.86,74.0,0.87,49.5,0.14,86.34,0.13,49.5,0.15,10.46,0.16,42.5,0.02,0.01,2341.093166,1776376128000
1776376130.618,230.618,0.85,15.0,0.84,45.01,0.86,54.0,0.87,49.5,0.14,68.56,0.13,49.5,0.16,45.01,0.17,42.5,0.01,0.02,2341.08948,1776376129000
1776376132.163,232.163,0.85,15.0,0.84,65.01,0.86,35.6,0.87,81.3,0.14,54.0,0.13,49.5,0.15,15.0,0.16,45.01,0.01,0.01,2341.084514,1776376130000
1776376135.628,235.628,0.86,4.71,0.85,40.5,0.87,35.8,0.88,64.6,0.14,35.6,0.13,81.3,0.15,15.0,0.16,65.01,0.01,0.01,2341.096993,1776376133000
1776376136.4,236.4,0.85,31.33,0.84,51.01,0.87,35.8,0.88,64.6,0.13,35.8,0.12,64.6,0.14,4.71,0.15,40.5,0.02,0.01,2341.128369,1776376134000
1776376137.665,237.665,0.85,60.33,0.84,43.01,0.86,7.69,0.87,35.8,0.13,35.8,0.12,64.6,0.15,31.33,0.16,51.01,0.01,0.02,2341.099872,1776376136000
1776376138.911,238.911,0.86,48.5,0.85,36.33,0.88,64.6,0.89,128.29,0.14,7.69,0.13,35.8,0.15,60.33,0.16,43.01,0.02,0.01,2341.099872,1776376137000
1776376139.565,239.565,0.87,27.5,0.86,63.5,0.88,14.45,0.89,70.0,0.12,64.6,0.11,128.29,0.14,48.5,0.15,36.33,0.01,0.02,2341.099872,1776376137000
1776376139.968,239.968,0.88,10.5,0.87,20.5,0.89,64.88,0.9,77.0,0.11,70.0,0.1,77.0,0.12,25.55,0.13,27.5,0.01,0.01,2341.112914,1776376138000
1776376140.551,240.551,0.88,10.0,0.87,20.0,0.89,46.5,0.9,25.0,0.11,64.88,0.1,77.0,0.12,10.5,0.13,20.5,0.01,0.01,2341.10342,1776376139000
1776376141.022,241.022,0.88,10.0,0.87,10.0,0.9,24.41,0.91,88.0,0.11,46.5,0.1,25.0,0.12,10.0,0.13,20.0,0.02,0.01,2341.10342,1776376139000
1776376142.186,242.186,0.89,10.0,0.88,30.0,0.9,0.86,0.91,106.0,0.1,19.41,0.09,88.0,0.12,10.0,0.13,10.0,0.01,0.02,2341.108686,1776376140000
1776376143.404,243.404,0.89,10.0,0.88,30.0,0.91,73.0,0.92,243.9,0.1,0.86,0.09,106.0,0.11,10.0,0.12,30.0,0.02,0.01,2341.193052,1776376142000
1776376144.075,244.075,0.89,20.0,0.88,30.0,0.91,62.0,0.92,243.9,0.09,73.0,0.08,243.9,0.11,10.0,0.12,30.0,0.02,0.02,2341.193052,1776376142000
1776376144.591,244.591,0.89,5.59,0.88,30.0,0.91,40.0,0.92,255.9,0.09,62.0,0.08,243.9,0.11,20.0,0.12,30.0,0.02,0.02,2341.193052,1776376142000
1776376145.768,245.768,0.89,15.59,0.88,20.0,0.91,35.0,0.92,223.9,0.09,40.0,0.08,255.9,0.11,5.59,0.12,30.0,0.02,0.02,2341.200266,1776376144000
1776376146.718,246.718,0.9,10.0,0.89,15.59,0.92,189.99,0.93,162.3,0.09,35.0,0.08,223.9,0.11,15.59,0.12,20.0,0.02,0.02,2341.213188,1776376145000
1776376147.152,247.152,0.91,80.0,0.9,20.0,0.92,133.59,0.93,79.3,0.08,156.29,0.07,162.3,0.09,10.0,0.1,20.0,0.01,0.01,2341.213211,1776376146000
1776376147.443,247.443,0.91,82.0,0.9,36.0,0.94,105.8,0.95,188.91,0.08,132.19,0.07,69.3,0.09,70.0,0.1,20.0,0.03,0.01,2341.213211,1776376146000
1776376148.662,248.662,0.93,5.0,0.92,67.0,0.94,84.42,0.95,172.91,0.06,84.42,0.05,188.91,0.08,10.0,0.09,70.0,0.01,0.02,2341.209166,1776376147000
1776376150.152,250.152,0.93,25.0,0.92,57.0,0.94,83.1,0.95,144.91,0.06,84.42,0.05,172.91,0.07,5.0,0.08,67.0,0.01,0.01,2341.4322,1776376148000
1776376150.967,250.967,0.93,77.0,0.92,57.0,0.94,4.89,0.95,137.91,0.06,83.1,0.05,144.91,0.07,25.0,0.08,57.0,0.01,0.01,2341.45946,1776376149000
1776376152.366,252.366,0.93,19.46,0.92,37.0,0.94,104.0,0.95,132.91,0.06,4.89,0.05,137.91,0.07,77.0,0.08,57.0,0.01,0.01,2341.5027,1776376151000
1776376152.821,252.821,0.93,9.46,0.92,37.0,0.94,98.68,0.95,132.91,0.06,104.0,0.05,132.91,0.07,19.46,0.08,37.0,0.01,0.01,2341.5027,1776376151000
1776376153.22,253.22,0.9,77.49,0.89,47.38,0.95,212.91,0.96,370.69,0.06,79.33,0.05,132.91,0.07,9.46,0.08,37.0,0.05,0.01,2341.5027,1776376151000
1776376153.511,253.511,0.92,10.0,0.91,20.0,0.94,20.63,0.95,142.11,0.06,26.3,0.05,142.11,0.09,35.0,0.1,87.49,0.02,0.03,2341.537615,1776376152000
1776376154.492,254.492,0.92,10.0,0.91,56.0,0.94,0.26,0.95,142.11,0.06,18.54,0.05,142.11,0.08,10.0,0.09,20.0,0.02,0.02,2341.54792,1776376153000
1776376155.752,255.752,0.93,10.0,0.92,10.0,0.95,138.59,0.96,322.69,0.06,0.26,0.05,142.11,0.08,10.0,0.09,56.0,0.02,0.02,2341.534818,1776376154000
1776376156.406,256.406,0.93,10.0,0.92,20.0,0.95,136.48,0.96,322.69,0.05,138.59,0.04,322.69,0.07,10.0,0.08,10.0,0.02,0.02,2341.539917,1776376155000
1776376158.698,258.698,0.93,10.0,0.92,55.0,0.95,138.73,0.96,322.69,0.05,125.95,0.04,322.69,0.07,10.0,0.08,10.0,0.02,0.02,2341.586985,1776376157000
1776376159.068,259.068,0.94,17.0,0.93,10.0,0.95,128.73,0.96,228.89,0.05,138.73,0.04,322.69,0.07,10.0,0.08,55.0,0.01,0.02,2341.586985,1776376157000
1776376159.271,259.271,0.94,37.0,0.93,10.0,0.95,120.65,0.96,228.89,0.05,128.73,0.04,228.89,0.06,17.0,0.07,10.0,0.01,0.01,2341.586985,1776376157000
1776376159.814,259.814,0.94,15.0,0.93,15.0,0.95,119.39,0.96,322.69,0.05,120.65,0.04,228.89,0.06,37.0,0.07,10.0,0.01,0.01,2341.585744,1776376158000
1776376161.71,261.71,0.94,21.0,0.93,43.0,0.96,304.06,0.97,313.7,0.05,119.39,0.04,322.69,0.06,15.0,0.07,15.0,0.02,0.01,2341.566698,1776376160000
1776376163.019,263.019,0.94,26.0,0.93,68.0,0.95,11.0,0.96,304.06,0.04,304.06,0.03,313.7,0.06,21.0,0.07,43.0,0.01,0.02,2341.59533,1776376161000
1776376163.24,263.24,0.94,26.0,0.93,68.0,0.95,25.73,0.96,304.06,0.05,11.0,0.04,304.06,0.06,26.0,0.07,68.0,0.01,0.01,2341.59533,1776376161000
1776376163.449,263.449,0.93,68.0,0.92,25.0,0.95,25.73,0.96,304.06,0.05,25.73,0.04,304.06,0.06,26.0,0.07,68.0,0.02,0.01,2341.566748,1776376162000
1776376164.388,264.388,0.94,28.32,0.93,65.38,0.95,24.67,0.96,304.06,0.05,25.73,0.04,304.06,0.07,68.0,0.08,25.0,0.01,0.02,2341.567283,1776376163000
1776376164.824,264.824,0.94,17.7,0.93,65.38,0.95,24.67,0.96,304.06,0.05,24.67,0.04,304.06,0.06,28.32,0.07,65.38,0.01,0.01,2341.567283,1776376163000
1776376165.311,265.311,0.95,5.33,0.94,27.7,0.96,304.06,0.97,393.7,0.05,24.67,0.04,304.06,0.06,17.7,0.07,65.38,0.01,0.01,2341.552935,1776376164000
1776376166.027,266.027,0.95,0.47,0.94,37.7,0.96,298.85,0.97,393.7,0.04,304.06,0.03,393.7,0.05,0.47,0.06,37.7,0.01,0.01,2341.552935,1776376164000
1776376168.191,268.191,0.95,10.47,0.94,62.7,0.96,199.85,0.97,276.7,0.04,298.85,0.03,393.7,0.05,0.47,0.06,37.7,0.01,0.01,2341.530588,1776376166000
1776376168.423,268.423,0.95,10.47,0.94,62.7,0.96,197.76,0.97,276.7,0.04,199.85,0.03,276.7,0.05,10.47,0.06,62.7,0.01,0.01,2341.523802,1776376167000
1776376168.694,268.694,0.95,15.47,0.94,62.7,0.96,192.46,0.97,276.7,0.04,197.76,0.03,276.7,0.05,10.47,0.06,62.7,0.01,0.01,2341.523802,1776376167000
1776376168.945,268.945,0.95,15.47,0.94,62.7,0.96,182.46,0.97,276.7,0.04,192.46,0.03,276.7,0.05,15.47,0.06,62.7,0.01,0.01,2341.523802,1776376167000
1776376169.487,269.487,0.95,15.47,0.94,69.32,0.96,181.41,0.97,276.7,0.04,182.46,0.03,276.7,0.05,15.47,0.06,62.7,0.01,0.01,2341.531082,1776376168000
1776376172.057,272.057,0.95,44.0,0.94,50.32,0.96,176.2,0.97,276.7,0.04,181.41,0.03,276.7,0.05,15.47,0.06,69.32,0.01,0.01,2341.519489,1776376170000
1776376175.464,275.464,0.95,52.0,0.94,306.31,0.96,133.2,0.97,153.0,0.04,164.2,0.03,276.7,0.05,44.0,0.06,50.32,0.01,0.01,2341.52213,1776376174000
1776376176.49,276.49,0.95,52.0,0.94,321.31,0.96,127.45,0.97,153.0,0.04,133.2,0.03,153.0,0.05,52.0,0.06,306.31,0.01,0.01,2341.523577,1776376175000
1776376176.833,276.833,0.95,284.99,0.94,104.89,0.96,122.36,0.97,153.0,0.04,124.45,0.03,153.0,0.05,273.99,0.06,104.89,0.01,0.01,2341.523577,1776376175000
1776376179.519,279.519,0.95,324.99,0.94,104.89,0.98,153.33,0.99,1579.85,0.04,122.36,0.03,153.0,0.05,284.99,0.06,104.89,0.03,0.01,2341.463265,1776376178000
1776376180.21,280.21,0.97,10.66,0.96,22.0,0.98,153.33,0.99,1559.85,0.02,153.33,0.01,1579.85,0.05,324.99,0.06,104.89,0.01,0.03,2341.463265,1776376178000
1776376180.447,280.447,0.97,10.66,0.96,22.0,0.98,188.17,0.99,1564.85,0.02,153.33,0.01,1559.85,0.03,10.66,0.04,22.0,0.01,0.01,2341.463554,1776376179000
1776376180.818,280.818,0.97,15.66,0.96,22.0,0.98,178.17,0.99,1528.85,0.02,188.17,0.01,1564.85,0.03,10.66,0.04,22.0,0.01,0.01,2341.463554,1776376179000
1776376181.21,281.21,0.97,22.66,0.96,22.0,0.98,62.17,0.99,1485.85,0.02,178.17,0.01,1528.85,0.03,15.66,0.04,22.0,0.01,0.01,2341.463554,1776376179000
1776376181.718,281.718,0.98,11.25,0.97,37.66,0.99,1458.85,,,0.02,60.17,0.01,1485.85,0.03,22.66,0.04,22.0,0.01,0.01,2341.455079,1776376180000
1776376182.044,282.044,0.98,31.25,0.97,15.66,0.99,1447.85,,,0.01,1458.85,,,0.02,11.25,0.03,37.66,0.01,0.01,2341.455079,1776376180000
1776376182.364,282.364,0.98,82.25,0.97,20.81,0.99,1417.75,,,0.01,1447.85,,,0.02,31.25,0.03,15.66,0.01,0.01,2341.454067,1776376181000
1776376183.085,283.085,0.98,84.45,0.97,44.81,0.99,1268.75,,,0.01,1396.75,,,0.02,79.45,0.03,44.81,0.01,0.01,2341.454067,1776376181000
1776376184.355,284.355,0.98,84.45,0.97,279.8,0.99,1076.75,,,0.01,1263.75,,,0.02,84.45,0.03,44.81,0.01,0.01,2341.495262,1776376183000
1776376184.626,284.626,0.98,91.45,0.97,279.8,0.99,1031.75,,,0.01,1076.75,,,0.02,84.45,0.03,279.8,0.01,0.01,2341.495262,1776376183000
1776376185.069,285.069,0.98,91.45,0.97,290.8,0.99,1014.87,,,0.01,1024.98,,,0.02,91.45,0.03,290.8,0.01,0.01,2341.495262,1776376183000
1776376185.556,285.556,0.98,31.45,0.97,296.8,0.99,1004.87,,,0.01,1014.87,,,0.02,31.45,0.03,296.8,0.01,0.01,2341.488803,1776376184000
1776376186.075,286.075,0.98,82.45,0.97,289.8,0.99,999.82,,,0.01,1004.87,,,0.02,31.45,0.03,296.8,0.01,0.01,2341.493409,1776376185000
1776376187.871,287.871,0.98,77.64,0.97,252.8,0.99,999.82,,,0.01,999.82,,,0.02,82.45,0.03,289.8,0.01,0.01,2341.497303,1776376186000
1776376188.444,288.444,0.98,123.64,0.97,262.8,0.99,955.51,,,0.01,983.8,,,0.02,57.64,0.03,263.8,0.01,0.01,2341.519147,1776376187000
1776376188.992,288.992,0.98,123.64,0.97,292.8,0.99,954.49,,,0.01,955.51,,,0.02,123.64,0.03,262.8,0.01,0.01,2341.519147,1776376187000
1776376189.304,289.304,0.98,123.64,0.97,298.8,0.99,949.43,,,0.01,954.49,,,0.02,123.64,0.03,292.8,0.01,0.01,2341.519147,1776376187000
1776376189.961,289.961,0.98,365.63,0.97,111.72,0.99,929.43,,,0.01,949.43,,,0.02,123.64,0.03,298.8,0.01,0.01,2341.500883,1776376188000
1776376190.512,290.512,0.98,113.64,0.97,318.14,0.99,784.17,,,0.01,889.23,,,0.02,133.64,0.03,328.14,0.01,0.01,2341.477176,1776376189000
1776376190.96,290.96,0.98,113.64,0.97,318.14,0.99,765.12,,,0.01,769.17,,,0.02,113.64,0.03,318.14,0.01,0.01,2341.477176,1776376189000
1776376191.411,291.411,0.98,113.64,0.97,318.14,0.99,740.12,,,0.01,750.12,,,0.02,113.64,0.03,318.14,0.01,0.01,2341.431606,1776376190000
1776376191.71,291.71,0.98,113.64,0.97,318.14,0.99,698.12,,,0.01,725.12,,,0.02,113.64,0.03,318.14,0.01,0.01,2341.431606,1776376190000
1776376192.325,292.325,0.98,358.63,0.97,95.15,0.99,691.12,,,0.01,696.12,,,0.02,113.64,0.03,318.14,0.01,0.01,2341.431963,1776376191000
1776376192.625,292.625,0.98,398.63,0.97,67.15,0.99,631.12,,,0.01,641.12,,,0.02,347.63,0.03,95.15,0.01,0.01,2341.431963,1776376191000
1776376193.682,293.682,0.98,505.63,0.97,54.15,0.99,603.05,,,0.01,603.05,,,0.02,397.63,0.03,68.15,0.01,0.01,2341.476499,1776376192000
1776376194.032,294.032,0.98,478.63,0.97,69.15,0.99,432.05,,,0.01,482.05,,,0.02,505.63,0.03,54.15,0.01,0.01,2341.476499,1776376192000
1776376194.554,294.554,0.98,521.63,0.97,42.15,0.99,409.81,,,0.01,411.84,,,0.02,521.63,0.03,25.15,0.01,0.01,2341.487458,1776376193000
1776376194.903,294.903,0.98,521.63,0.97,25.15,0.99,367.79,,,0.01,408.79,,,0.02,521.63,0.03,25.15,0.01,0.01,2341.480949,1776376194000
1776376195.327,295.327,0.98,521.63,0.97,25.15,0.99,315.29,,,0.01,317.29,,,0.02,521.63,0.03,25.15,0.01,0.01,2341.480949,1776376194000
1776376196.059,296.059,0.99,751.5,0.98,166.64,,,,,,,,,0.01,35.71,0.02,521.63,,,2341.499666,1776376195000
1776376200.442,300.442,0.99,65584.94,0.98,127.64,,,,,,,,,0.01,723.69,0.02,383.06,,,2341.49447,1776376199000

# RESULT,winner=Up,slug=eth-updown-5m-1776375900,ticks=317
