timestamp,elapsed_sec,up_bid_p1,up_bid_s1,up_bid_p2,up_bid_s2,up_ask_p1,up_ask_s1,up_ask_p2,up_ask_s2,down_bid_p1,down_bid_s1,down_bid_p2,down_bid_s2,down_ask_p1,down_ask_s1,down_ask_p2,down_ask_s2,up_spread,down_spread,eth_price,eth_oracle_ts
1776305100.858,0.858,0.44,70.0,0.43,70.0,0.52,83.0,0.53,70.0,0.46,150.0,0.4,38.0,0.51,5.0,0.54,150.0,0.08,0.05,2355.92185,1776305099000
1776305103.479,3.479,0.46,90.0,0.45,28.0,0.47,1.0,0.48,5.0,0.48,83.0,0.47,70.0,0.56,70.0,0.57,70.0,0.01,0.08,2355.855498,1776305102000
1776305103.721,3.721,0.46,90.0,0.45,28.0,0.48,1.0,0.5,15.0,0.53,1.0,0.52,5.0,0.54,91.94,0.55,28.0,0.02,0.01,2355.855498,1776305102000
1776305105.517,5.517,0.47,29.0,0.46,90.0,0.5,3.4,0.51,20.0,0.52,1.0,0.5,15.0,0.54,90.0,0.55,28.0,0.03,0.02,2355.864618,1776305104000
1776305107.185,7.185,0.49,10.0,0.48,15.0,0.5,13.4,0.51,20.0,0.5,3.4,0.49,20.0,0.53,29.0,0.54,90.0,0.01,0.03,2355.914565,1776305105000
1776305108.978,8.978,0.49,5.0,0.48,5.0,0.5,6.4,0.51,20.0,0.5,13.4,0.49,20.0,0.51,10.0,0.52,15.0,0.01,0.01,2355.928472,1776305107000
1776305109.258,9.258,0.49,5.0,0.46,13.0,0.52,82.76,0.53,95.0,0.5,6.4,0.49,20.0,0.51,5.0,0.52,5.0,0.03,0.01,2355.920136,1776305108000
1776305112.326,12.326,0.45,38.0,0.44,103.0,0.5,11.0,0.51,21.0,0.48,82.76,0.47,95.0,0.55,5.0,0.56,94.09,0.05,0.07,2355.851483,1776305111000
1776305112.66,12.66,0.48,15.0,0.47,10.0,0.49,5.47,0.5,17.0,0.51,4.48,0.5,10.0,0.55,41.89,0.56,103.0,0.01,0.04,2355.851483,1776305111000
1776305113.178,13.178,0.48,10.0,0.47,20.0,0.49,8.99,0.5,117.0,0.51,5.47,0.5,17.0,0.52,15.0,0.53,10.0,0.01,0.01,2355.851483,1776305111000
1776305113.576,13.576,0.44,94.23,0.43,104.0,0.45,24.02,0.48,5.0,0.55,19.02,0.51,8.99,0.56,103.0,0.57,91.0,0.01,0.01,2355.771213,1776305112000
1776305114.647,14.647,0.47,91.0,0.46,143.0,0.52,70.0,0.53,92.0,0.55,24.02,0.52,5.0,0.56,94.23,0.57,104.0,0.05,0.01,2355.760415,1776305113000
1776305118.655,18.655,0.57,25.0,0.56,15.0,0.58,0.78,0.59,82.0,0.51,10.0,0.5,10.0,0.53,91.0,0.54,172.0,0.01,0.02,2355.955622,1776305117000
1776305119.062,19.062,0.56,10.0,0.55,15.0,0.58,7.0,0.59,67.37,0.41,79.37,0.4,10.0,0.43,25.0,0.44,15.0,0.02,0.02,2355.96561,1776305118000
1776305119.593,19.593,0.57,10.0,0.56,15.0,0.58,27.0,0.59,136.37,0.42,1.91,0.41,67.37,0.43,15.0,0.44,10.0,0.01,0.01,2355.96561,1776305118000
1776305120.414,20.414,0.57,4.88,0.56,15.0,0.58,50.0,0.59,102.37,0.42,27.0,0.41,136.37,0.43,10.0,0.44,15.0,0.01,0.01,2355.965693,1776305119000
1776305120.949,20.949,0.56,13.29,0.55,20.0,0.58,55.0,0.59,102.37,0.42,50.0,0.41,102.37,0.43,4.88,0.44,15.0,0.02,0.01,2355.965693,1776305119000
1776305128.983,28.983,0.56,8.4,0.55,31.0,0.58,17.0,0.59,86.37,0.42,60.0,0.41,102.37,0.44,8.4,0.45,20.0,0.02,0.02,2356.355875,1776305127000
1776305129.326,29.326,0.56,8.4,0.55,26.0,0.57,16.73,0.58,39.0,0.42,17.0,0.41,86.37,0.44,8.4,0.45,31.0,0.01,0.02,2356.355875,1776305127000
1776305130.913,30.913,0.56,20.0,0.55,26.0,0.58,26.27,0.59,82.37,0.43,16.73,0.42,39.0,0.44,8.4,0.45,26.0,0.02,0.01,2356.30817,1776305129000
1776305131.634,31.634,0.57,60.0,0.56,65.0,0.58,2.0,0.62,7.0,0.42,26.27,0.41,82.37,0.44,20.0,0.45,26.0,0.01,0.02,2356.36952,1776305130000
1776305131.956,31.956,0.57,37.0,0.56,70.0,0.62,7.0,0.63,81.0,0.37,12.85,0.36,5.0,0.43,60.0,0.44,65.0,0.05,0.06,2356.36952,1776305130000
1776305132.452,32.452,0.61,15.0,0.6,10.0,0.63,72.41,0.64,90.0,0.38,7.0,0.37,81.0,0.43,37.0,0.44,70.0,0.02,0.05,2356.3828,1776305131000
1776305132.896,32.896,0.62,15.0,0.61,15.0,0.63,70.63,0.64,90.0,0.37,72.41,0.36,90.0,0.39,15.0,0.4,10.0,0.01,0.02,2356.3828,1776305131000
1776305133.364,33.364,0.62,10.0,0.61,15.0,0.63,65.63,0.64,90.0,0.37,70.63,0.36,90.0,0.38,10.0,0.39,15.0,0.01,0.01,2356.386155,1776305132000
1776305133.576,33.576,0.58,50.0,0.57,16.0,0.59,5.0,0.6,15.0,0.41,5.0,0.4,10.0,0.42,50.0,0.43,16.0,0.01,0.01,2356.386155,1776305132000
1776305134.005,34.005,0.53,26.36,0.52,34.0,0.57,10.0,0.58,80.0,0.41,3.0,0.4,15.0,0.42,5.0,0.43,6.0,0.04,0.01,2356.386155,1776305132000
1776305134.238,34.238,0.55,10.0,0.54,10.0,0.56,6.0,0.57,10.0,0.43,10.0,0.42,80.0,0.47,26.36,0.48,34.0,0.01,0.04,2356.632771,1776305133000
1776305134.463,34.463,0.55,16.0,0.54,21.0,0.57,5.0,0.58,80.0,0.44,6.0,0.43,10.0,0.45,10.0,0.46,10.0,0.02,0.01,2356.632771,1776305133000
1776305134.769,34.769,0.56,7.72,0.55,21.0,0.57,15.0,0.58,80.0,0.43,5.0,0.42,80.0,0.45,16.0,0.46,21.0,0.01,0.02,2356.632771,1776305133000
1776305135.343,35.343,0.56,16.58,0.55,16.0,0.57,35.0,0.58,101.0,0.43,15.0,0.42,80.0,0.44,7.72,0.45,21.0,0.01,0.01,2356.579364,1776305134000
1776305137.091,37.091,0.56,3.86,0.52,15.0,0.57,89.0,0.58,109.0,0.43,35.0,0.42,101.0,0.44,16.58,0.45,16.0,0.01,0.01,2356.263881,1776305135000
1776305137.551,37.551,0.5,80.0,0.49,160.0,0.51,11.7,0.52,20.0,0.45,10.0,0.44,10.0,0.47,5.0,0.48,15.0,0.01,0.02,2356.286599,1776305136000
1776305138.157,38.157,0.5,75.84,0.49,155.0,0.51,48.42,0.52,15.0,0.49,28.52,0.48,20.0,0.5,75.84,0.51,160.0,0.01,0.01,2356.286599,1776305136000
1776305140.709,40.709,0.5,132.84,0.49,199.99,0.51,19.98,0.52,5.0,0.49,48.42,0.48,15.0,0.5,75.84,0.51,155.0,0.01,0.01,2356.1118,1776305139000
1776305149.829,49.829,0.5,31.84,0.49,90.0,0.51,65.0,0.52,15.0,0.49,19.98,0.48,5.0,0.5,132.84,0.51,199.99,0.01,0.01,2356.043761,1776305148000
1776305151.111,51.111,0.5,36.84,0.49,90.0,0.51,64.11,0.52,15.0,0.49,65.0,0.48,15.0,0.5,31.84,0.51,90.0,0.01,0.01,2355.934799,1776305149000
1776305151.383,51.383,0.5,36.84,0.49,90.0,0.51,55.11,0.52,15.0,0.49,64.11,0.48,15.0,0.5,36.84,0.51,90.0,0.01,0.01,2355.934799,1776305149000
1776305152.07,52.07,0.45,13.61,0.44,175.0,0.5,72.0,0.51,70.11,0.49,55.11,0.48,15.0,0.5,36.84,0.51,90.0,0.05,0.01,2355.96768,1776305150000
1776305152.784,52.784,0.46,39.0,0.45,13.61,0.5,5.0,0.51,10.0,0.5,72.0,0.49,70.11,0.55,13.61,0.56,175.0,0.04,0.05,2355.899621,1776305151000
1776305152.991,52.991,0.49,25.0,0.48,20.0,0.51,5.0,0.52,85.0,0.5,5.0,0.49,10.0,0.54,39.0,0.55,13.61,0.02,0.04,2355.899621,1776305151000
1776305153.197,53.197,0.49,15.2,0.48,25.0,0.51,47.0,0.52,85.0,0.49,5.0,0.48,85.0,0.51,25.0,0.52,20.0,0.02,0.02,2355.955738,1776305152000
1776305154.616,54.616,0.5,11.94,0.49,15.2,0.51,65.63,0.52,85.0,0.49,47.0,0.48,85.0,0.51,15.2,0.52,25.0,0.01,0.02,2355.955738,1776305152000
1776305161.879,61.879,0.48,70.0,0.47,70.0,0.51,134.0,0.52,50.08,0.49,65.63,0.48,85.0,0.5,11.94,0.51,15.2,0.03,0.01,2355.8827,1776305160000
1776305163.558,63.558,0.52,25.0,0.51,15.0,0.55,19.83,0.56,165.0,0.51,94.48,0.5,15.0,0.53,67.67,0.56,75.0,0.03,0.02,2355.850248,1776305162000
1776305164.045,64.045,0.53,44.59,0.52,40.0,0.54,56.15,0.55,19.83,0.45,19.83,0.44,165.0,0.48,25.0,0.49,15.0,0.01,0.03,2355.850248,1776305162000
1776305165.402,65.402,0.55,80.0,0.54,20.0,0.56,135.78,0.57,15.0,0.46,56.15,0.45,19.83,0.47,44.59,0.48,40.0,0.01,0.01,2355.810905,1776305164000
1776305165.686,65.686,0.55,75.0,0.54,15.0,0.56,130.78,0.57,15.0,0.44,135.78,0.43,15.0,0.45,80.0,0.46,20.0,0.01,0.01,2355.810905,1776305164000
1776305166.592,66.592,0.55,10.0,0.54,5.0,0.57,41.91,0.58,25.0,0.44,125.78,0.43,15.0,0.45,70.0,0.46,15.0,0.02,0.01,2355.95232,1776305165000
1776305167.381,67.381,0.56,5.0,0.55,10.0,0.57,41.72,0.58,30.0,0.43,41.91,0.42,25.0,0.44,5.0,0.45,10.0,0.01,0.01,2356.02102,1776305166000
1776305171.609,71.609,0.56,10.0,0.55,15.0,0.57,48.77,0.58,20.0,0.43,41.72,0.42,30.0,0.44,5.0,0.45,10.0,0.01,0.01,2356.121287,1776305169000
1776305172.203,72.203,0.56,2.47,0.53,10.0,0.57,43.76,0.58,20.0,0.43,48.77,0.42,20.0,0.44,10.0,0.45,15.0,0.01,0.01,2356.121287,1776305170000
1776305173.786,73.786,0.54,35.0,0.53,15.0,0.55,31.59,0.56,15.0,0.43,53.76,0.42,20.0,0.46,5.0,0.47,15.0,0.01,0.03,2356.1332,1776305172000
1776305176.48,76.48,0.54,71.23,0.53,15.0,0.55,20.94,0.56,15.0,0.45,26.13,0.44,15.0,0.46,35.0,0.47,15.0,0.01,0.01,2356.1582,1776305174000
1776305176.918,76.918,0.54,76.23,0.53,15.0,0.61,285.39,0.62,106.3,0.45,20.94,0.44,15.0,0.46,71.23,0.47,15.0,0.07,0.01,2356.15815,1776305175000
1776305177.364,77.364,0.57,5.0,0.56,5.0,0.58,55.0,0.59,15.0,0.39,285.39,0.38,106.3,0.46,76.23,0.47,15.0,0.01,0.07,2356.15815,1776305175000
1776305180.99,80.99,0.51,48.0,0.5,15.0,0.58,10.0,0.59,15.0,0.42,55.0,0.41,15.0,0.43,5.0,0.44,5.0,0.07,0.01,2356.14461,1776305179000
1776305181.264,81.264,0.57,4.14,0.56,20.0,0.58,20.0,0.59,25.0,0.42,10.0,0.41,15.0,0.49,48.0,0.5,15.0,0.01,0.07,2356.14461,1776305179000
1776305181.812,81.812,0.57,42.14,0.56,20.0,0.63,1.47,0.64,25.0,0.42,20.0,0.41,25.0,0.43,4.14,0.44,20.0,0.06,0.01,2356.033484,1776305180000
1776305182.882,82.882,0.62,5.0,0.6,5.0,0.63,4.04,0.64,25.0,0.37,1.47,0.36,25.0,0.43,42.14,0.44,20.0,0.01,0.06,2356.01596,1776305181000
1776305185.648,85.648,0.65,15.0,0.64,20.0,0.66,137.91,0.67,155.0,0.37,4.04,0.36,25.0,0.38,5.0,0.4,5.0,0.01,0.01,2356.49472,1776305184000
1776305187.532,87.532,0.65,14.85,0.64,25.0,0.66,135.34,0.67,155.0,0.34,130.34,0.33,155.0,0.35,20.0,0.36,25.0,0.01,0.01,2356.50795,1776305186000
1776305187.89,87.89,0.65,4.85,0.64,20.0,0.66,135.52,0.67,160.0,0.34,125.52,0.33,160.0,0.35,14.85,0.36,25.0,0.01,0.01,2356.647925,1776305187000
1776305190.754,90.754,0.65,15.0,0.64,20.0,0.66,45.36,0.67,10.0,0.34,135.52,0.33,160.0,0.35,4.85,0.36,20.0,0.01,0.01,2356.68352,1776305189000
1776305191.132,91.132,0.65,25.0,0.64,20.0,0.66,35.2,0.67,10.0,0.34,45.36,0.33,10.0,0.35,15.0,0.36,20.0,0.01,0.01,2356.66605,1776305190000
1776305200.535,100.535,0.66,14.0,0.65,20.0,0.67,25.0,0.68,20.0,0.34,35.2,0.33,10.0,0.35,25.0,0.36,20.0,0.01,0.01,2356.7016,1776305199000
1776305200.967,100.967,0.63,5.3,0.57,39.72,0.66,116.0,0.67,51.06,0.33,25.0,0.32,20.0,0.34,14.0,0.35,20.0,0.03,0.01,2356.7016,1776305199000
1776305201.425,101.425,0.58,10.0,0.57,13.76,0.6,13.81,0.61,85.0,0.36,55.0,0.35,24.0,0.43,13.76,0.44,15.0,0.02,0.07,2356.714,1776305200000
1776305202.24,102.24,0.58,15.0,0.57,13.76,0.6,8.81,0.61,90.0,0.4,13.81,0.39,85.0,0.42,10.0,0.43,13.76,0.02,0.02,2356.732325,1776305201000
1776305202.699,102.699,0.58,15.0,0.57,13.76,0.6,8.81,0.61,90.0,0.4,8.81,0.39,90.0,0.42,15.0,0.43,13.76,0.02,0.02,2356.732325,1776305201000
1776305207.513,107.513,0.6,166.11,0.59,25.0,0.64,5.0,0.65,10.0,0.39,90.0,0.38,90.0,0.4,67.11,0.41,5.0,0.04,0.01,2356.387712,1776305206000
1776305208.363,108.363,0.63,15.0,0.62,20.0,0.65,25.0,0.66,15.0,0.36,5.0,0.35,10.0,0.4,166.11,0.41,25.0,0.02,0.04,2356.387712,1776305206000
1776305209.818,109.818,0.6,55.08,0.59,5.0,0.61,40.0,0.62,245.0,0.35,25.0,0.34,15.0,0.37,15.0,0.38,20.0,0.01,0.02,2356.435948,1776305208000
1776305210.714,110.714,0.52,12.47,0.51,20.0,0.53,11.0,0.54,16.0,0.42,9.92,0.39,50.0,0.44,5.0,0.45,15.0,0.01,0.02,2356.454695,1776305209000
1776305213.754,113.754,0.52,23.95,0.51,25.0,0.53,6.0,0.54,11.0,0.47,11.0,0.46,16.0,0.48,12.47,0.49,20.0,0.01,0.01,2356.092251,1776305212000
1776305215.827,115.827,0.52,20.17,0.51,25.0,0.53,6.0,0.54,11.0,0.47,6.0,0.46,11.0,0.48,23.95,0.49,25.0,0.01,0.01,2356.01045,1776305214000
1776305216.2,116.2,0.54,109.0,0.53,90.0,0.56,6.51,0.58,9.92,0.47,6.0,0.46,11.0,0.48,20.17,0.49,25.0,0.02,0.01,2356.07312,1776305215000
1776305218.827,118.827,0.55,194.99,0.54,73.0,0.58,3.63,0.6,10.0,0.44,6.51,0.42,9.92,0.46,109.0,0.47,90.0,0.03,0.02,2356.13339,1776305217000
1776305219.848,119.848,0.59,22.0,0.58,15.0,0.64,8.75,0.65,94.0,0.4,10.0,0.39,5.0,0.43,52.0,0.44,20.0,0.05,0.03,2356.23001,1776305218000
1776305220.629,120.629,0.62,20.0,0.61,20.0,0.64,0.75,0.65,94.0,0.36,8.75,0.35,94.0,0.41,22.0,0.42,15.0,0.02,0.05,2356.2341,1776305219000
1776305224.319,124.319,0.69,15.0,0.68,15.0,0.7,4.17,0.71,55.0,0.36,0.75,0.35,94.0,0.38,20.0,0.39,20.0,0.01,0.02,2356.462683,1776305223000
1776305225.656,125.656,0.76,10.0,0.75,15.0,0.77,80.33,0.78,26.0,0.3,2.59,0.29,55.0,0.31,10.0,0.32,15.0,0.01,0.01,2356.55103,1776305224000
1776305226.164,126.164,0.76,10.0,0.75,15.0,0.77,77.63,0.78,5.0,0.23,77.63,0.22,26.0,0.24,15.0,0.25,15.0,0.01,0.01,2356.55103,1776305224000
1776305226.425,126.425,0.76,19.75,0.75,15.0,0.77,77.63,0.78,5.0,0.23,77.63,0.22,5.0,0.24,10.0,0.25,15.0,0.01,0.01,2356.65839,1776305225000
1776305227.078,127.078,0.76,2.25,0.75,20.0,0.77,82.63,0.78,26.0,0.23,77.63,0.22,5.0,0.24,19.75,0.25,15.0,0.01,0.01,2356.65839,1776305225000
1776305227.981,127.981,0.75,5.0,0.73,5.0,0.76,68.68,0.77,15.0,0.23,82.63,0.22,26.0,0.24,8.08,0.25,20.0,0.01,0.01,2357.007436,1776305227000
1776305228.194,128.194,0.69,15.0,0.68,24.0,0.7,26.0,0.75,130.0,0.25,130.0,0.24,114.68,0.27,9.0,0.28,10.0,0.01,0.02,2357.007436,1776305227000
1776305231.726,131.726,0.69,58.37,0.68,15.0,0.7,18.85,0.72,11.0,0.3,26.0,0.28,11.0,0.31,11.37,0.32,24.0,0.01,0.01,2356.859319,1776305230000
1776305234.67,134.67,0.69,162.36,0.68,104.0,0.7,0.85,0.72,6.0,0.3,18.85,0.28,11.0,0.31,58.37,0.32,15.0,0.01,0.01,2356.9355,1776305233000
1776305234.956,134.956,0.74,8.46,0.73,20.0,0.75,7.0,0.76,70.0,0.25,7.0,0.24,70.0,0.29,20.0,0.3,28.0,0.01,0.04,2356.9355,1776305233000
1776305235.408,135.408,0.75,110.0,0.74,8.46,0.76,65.28,0.77,5.0,0.25,7.0,0.24,70.0,0.26,8.46,0.27,20.0,0.01,0.01,2356.94255,1776305234000
1776305235.775,135.775,0.75,82.0,0.74,8.46,0.76,43.28,0.77,5.0,0.24,55.28,0.23,5.0,0.25,87.0,0.26,8.46,0.01,0.01,2356.94255,1776305234000
1776305236.196,136.196,0.75,95.0,0.74,22.46,0.76,8.28,0.78,21.0,0.24,43.28,0.23,5.0,0.25,82.0,0.26,8.46,0.01,0.01,2356.951985,1776305235000
1776305238.251,138.251,0.75,132.89,0.74,21.46,0.76,8.28,0.78,21.0,0.24,8.28,0.22,21.0,0.25,95.0,0.26,22.46,0.01,0.01,2357.01864,1776305236000
1776305239.961,139.961,0.79,129.0,0.78,20.0,0.8,2.92,0.81,5.0,0.24,8.28,0.22,21.0,0.25,132.89,0.26,21.46,0.01,0.01,2357.224,1776305238000
1776305241.598,141.598,0.76,10.0,0.75,34.0,0.8,83.0,0.81,73.0,0.2,2.92,0.19,5.0,0.21,129.0,0.22,20.0,0.04,0.01,2357.2283,1776305240000
1776305242.488,142.488,0.75,115.28,0.74,23.0,0.78,140.0,0.79,13.0,0.24,7.0,0.23,17.0,0.25,23.28,0.26,15.0,0.03,0.01,2357.35893,1776305241000
1776305245.393,145.393,0.76,1.0,0.75,23.28,0.77,5.0,0.78,199.0,0.22,140.0,0.21,13.0,0.25,115.28,0.26,23.0,0.01,0.03,2357.1868,1776305244000
1776305248.279,148.279,0.75,24.28,0.74,15.0,0.76,44.0,0.77,5.0,0.24,6.0,0.23,5.0,0.25,23.28,0.26,15.0,0.01,0.01,2357.199279,1776305246000
1776305249.875,149.875,0.69,15.0,0.68,15.0,0.76,177.0,0.77,23.0,0.24,44.0,0.23,5.0,0.25,24.28,0.26,15.0,0.07,0.01,2357.128086,1776305248000
1776305256.188,156.188,0.68,27.0,0.67,12.66,0.69,10.86,0.7,13.0,0.3,10.0,0.29,10.0,0.33,13.66,0.34,118.72,0.01,0.03,2356.729592,1776305255000
1776305259.765,159.765,0.68,27.0,0.67,12.66,0.69,9.41,0.7,13.0,0.31,10.86,0.3,13.0,0.32,27.0,0.33,12.66,0.01,0.01,2356.729851,1776305258000
1776305261.696,161.696,0.66,5.0,0.65,15.0,0.67,20.91,0.68,18.0,0.31,9.41,0.3,13.0,0.32,27.0,0.33,12.66,0.01,0.01,2356.769005,1776305260000
1776305262.355,162.355,0.66,7.05,0.65,13.45,0.67,15.91,0.68,19.0,0.33,10.91,0.32,18.0,0.35,13.45,0.36,29.0,0.01,0.02,2356.769005,1776305260000
1776305262.687,162.687,0.67,52.0,0.66,187.05,0.69,2.68,0.7,5.0,0.33,15.91,0.32,19.0,0.34,2.05,0.35,13.45,0.02,0.01,2356.767211,1776305261000
1776305262.928,162.928,0.68,27.0,0.67,50.0,0.7,5.0,0.71,90.5,0.31,2.68,0.3,5.0,0.33,52.0,0.34,187.05,0.02,0.02,2356.767211,1776305261000
1776305264.216,164.216,0.69,14.83,0.68,15.0,0.7,27.1,0.71,82.5,0.3,5.0,0.29,90.5,0.32,27.0,0.33,50.0,0.01,0.02,2356.651485,1776305263000
1776305265.173,165.173,0.6,21.72,0.59,5.0,0.61,19.8,0.62,22.0,0.3,27.1,0.29,82.5,0.31,14.83,0.32,15.0,0.01,0.01,2356.602303,1776305264000
1776305266.538,166.538,0.56,90.0,0.55,85.0,0.57,1.84,0.58,7.0,0.39,19.8,0.38,22.0,0.4,13.62,0.41,5.0,0.01,0.01,2356.6429,1776305265000
1776305270.487,170.487,0.56,107.0,0.55,100.27,0.58,6.91,0.59,17.0,0.43,1.84,0.42,7.0,0.44,90.0,0.45,85.0,0.02,0.01,2356.324252,1776305269000
1776305274.401,174.401,0.57,18.55,0.56,100.27,0.58,11.91,0.59,7.0,0.42,6.91,0.41,17.0,0.44,107.0,0.45,100.27,0.01,0.02,2356.380463,1776305273000
1776305275.421,175.421,0.66,5.0,0.65,80.0,0.68,6.96,0.69,15.0,0.42,11.91,0.41,7.0,0.43,18.55,0.44,100.27,0.02,0.01,2356.377376,1776305274000
1776305276.196,176.196,0.63,15.0,0.62,31.27,0.67,40.0,0.68,6.96,0.32,6.96,0.31,15.0,0.34,5.0,0.35,80.0,0.04,0.02,2356.326764,1776305275000
1776305276.449,176.449,0.6,75.0,0.59,93.0,0.61,5.93,0.62,15.0,0.33,40.0,0.32,6.96,0.37,15.0,0.38,31.27,0.01,0.04,2356.326764,1776305275000
1776305277.873,177.873,0.55,13.34,0.54,80.0,0.57,47.0,0.58,22.0,0.39,27.93,0.38,22.0,0.41,11.97,0.42,18.0,0.02,0.02,2356.327253,1776305276000
1776305279.493,179.493,0.52,4.94,0.51,10.0,0.56,78.0,0.57,117.0,0.43,47.0,0.42,22.0,0.45,13.34,0.46,80.0,0.04,0.02,2356.323125,1776305278000
1776305279.883,179.883,0.48,15.0,0.47,88.0,0.51,22.0,0.52,17.0,0.48,10.41,0.47,17.0,0.5,5.0,0.51,5.0,0.03,0.02,2356.323125,1776305278000
1776305280.19,180.19,0.48,15.0,0.47,85.0,0.49,9.0,0.5,10.0,0.49,22.0,0.48,17.0,0.52,15.0,0.53,88.0,0.01,0.03,2356.323125,1776305278000
1776305280.478,180.478,0.48,30.0,0.47,85.0,0.49,5.0,0.5,10.0,0.51,9.0,0.5,10.0,0.52,15.0,0.53,85.0,0.01,0.01,2356.193861,1776305279000
1776305282.708,182.708,0.48,20.0,0.47,85.0,0.49,5.0,0.5,10.0,0.51,5.0,0.5,10.0,0.52,30.0,0.53,85.0,0.01,0.01,2356.081321,1776305281000
1776305283.253,183.253,0.49,9.9,0.48,30.0,0.5,7.46,0.51,17.0,0.5,22.0,0.49,17.0,0.51,4.9,0.52,30.0,0.01,0.01,2356.081321,1776305281000
1776305284.303,184.303,0.49,14.9,0.48,25.0,0.5,9.76,0.51,17.0,0.5,7.46,0.49,17.0,0.51,9.9,0.52,30.0,0.01,0.01,2355.984169,1776305283000
1776305284.831,184.831,0.46,5.0,0.4,5.0,0.49,286.0,0.5,143.76,0.5,9.76,0.49,17.0,0.51,14.9,0.52,25.0,0.03,0.01,2355.984169,1776305283000
1776305285.151,185.151,0.34,56.61,0.33,75.0,0.35,43.0,0.36,28.0,0.65,30.0,0.64,20.0,0.66,64.18,0.67,75.0,0.01,0.01,2355.984169,1776305283000
1776305285.464,185.464,0.34,54.51,0.33,87.0,0.35,28.0,0.36,18.0,0.65,38.0,0.64,28.0,0.66,56.61,0.67,75.0,0.01,0.01,2356.012847,1776305284000
1776305285.774,185.774,0.34,44.51,0.33,87.0,0.35,38.0,0.36,18.0,0.65,28.0,0.64,18.0,0.66,54.51,0.67,87.0,0.01,0.01,2356.012847,1776305284000
1776305286.329,186.329,0.28,25.4,0.27,88.0,0.29,10.0,0.3,10.0,0.65,35.36,0.64,18.0,0.66,44.51,0.67,87.0,0.01,0.01,2356.012847,1776305284000
1776305286.547,186.547,0.27,88.0,0.26,130.0,0.28,23.0,0.29,18.0,0.71,10.0,0.7,10.0,0.72,25.4,0.73,88.0,0.01,0.01,2355.964195,1776305285000
1776305286.749,186.749,0.27,73.0,0.26,130.0,0.28,28.0,0.29,18.0,0.72,23.0,0.71,18.0,0.73,83.0,0.74,130.0,0.01,0.01,2355.964195,1776305285000
1776305286.959,186.959,0.28,7.0,0.27,73.0,0.29,18.0,0.3,18.0,0.72,28.0,0.71,18.0,0.73,73.0,0.74,130.0,0.01,0.01,2355.610738,1776305286000
1776305287.269,187.269,0.27,76.02,0.26,125.0,0.28,10.0,0.29,18.0,0.71,18.0,0.7,18.0,0.72,7.0,0.73,73.0,0.01,0.01,2355.610738,1776305286000
1776305287.622,187.622,0.24,0.4,0.22,84.0,0.28,49.0,0.29,88.0,0.72,10.0,0.71,18.0,0.73,76.02,0.74,125.0,0.04,0.01,2355.610738,1776305286000
1776305288.045,188.045,0.18,5.0,0.17,89.0,0.19,3.75,0.2,10.0,0.76,6.17,0.75,10.0,0.78,91.0,0.79,120.0,0.01,0.02,2355.427151,1776305287000
1776305288.254,188.254,0.18,0.97,0.17,14.0,0.19,3.75,0.2,10.0,0.81,3.75,0.8,10.0,0.82,5.0,0.83,89.0,0.01,0.01,2355.427151,1776305287000
1776305288.459,188.459,0.18,42.67,0.17,44.0,0.19,11.75,0.2,10.0,0.81,11.75,0.8,10.0,0.82,39.75,0.83,14.0,0.01,0.01,2355.427151,1776305287000
1776305289.706,189.706,0.19,57.81,0.18,72.92,0.2,42.0,0.21,10.0,0.76,4.75,0.75,10.0,0.82,42.67,0.83,44.0,0.01,0.06,2355.228063,1776305288000
1776305290.93,190.93,0.19,72.81,0.18,70.0,0.2,10.0,0.21,10.0,0.8,42.0,0.79,10.0,0.81,57.81,0.82,72.92,0.01,0.01,2354.99766,1776305289000
1776305292.34,192.34,0.16,151.25,0.15,16.0,0.2,44.0,0.21,10.0,0.8,10.0,0.79,10.0,0.81,72.81,0.82,70.0,0.04,0.01,2354.74576,1776305291000
1776305293.594,193.594,0.12,5.09,0.11,113.79,0.17,109.0,0.18,25.0,0.8,44.0,0.79,10.0,0.84,151.25,0.85,16.0,0.05,0.04,2354.746428,1776305292000
1776305294.063,194.063,0.12,30.0,0.11,79.17,0.13,59.0,0.14,17.0,0.87,40.0,0.86,20.0,0.89,90.17,0.9,47.0,0.01,0.02,2354.746428,1776305292000
1776305294.584,194.584,0.12,25.0,0.11,74.17,0.13,1.46,0.14,17.0,0.87,13.0,0.86,17.0,0.88,35.0,0.89,74.17,0.01,0.01,2354.734975,1776305293000
1776305295.85,195.85,0.12,35.0,0.11,74.17,0.13,22.3,0.14,17.0,0.87,1.46,0.86,17.0,0.88,25.0,0.89,74.17,0.01,0.01,2354.67665,1776305294000
1776305299.044,199.044,0.12,5.0,0.09,66.0,0.13,46.68,0.14,29.0,0.87,22.3,0.86,17.0,0.88,35.0,0.89,74.17,0.01,0.01,2354.33274,1776305298000
1776305300.19,200.19,0.09,83.44,0.08,58.9,0.1,25.0,0.11,23.0,0.87,74.68,0.86,35.0,0.91,50.46,0.92,48.9,0.01,0.04,2354.341228,1776305299000
1776305301.234,201.234,0.09,22.18,0.08,92.9,0.1,25.0,0.11,23.0,0.9,25.0,0.89,23.0,0.91,78.44,0.92,58.9,0.01,0.01,2354.318654,1776305300000
1776305303.819,203.819,0.09,22.18,0.08,109.9,0.11,15.0,0.12,61.4,0.9,25.0,0.89,23.0,0.91,22.18,0.92,92.9,0.02,0.01,2354.267264,1776305302000
1776305305.206,205.206,0.1,16.82,0.09,59.0,0.11,25.0,0.12,61.4,0.89,15.0,0.88,61.4,0.91,22.18,0.92,109.9,0.01,0.02,2354.216188,1776305304000
1776305308.054,208.054,0.1,16.82,0.09,10.0,0.11,23.81,0.12,41.4,0.89,25.0,0.88,61.4,0.9,16.82,0.91,59.0,0.01,0.01,2354.218772,1776305306000
1776305308.457,208.457,0.16,40.8,0.11,84.82,0.2,7.0,0.22,21.0,0.89,23.81,0.88,41.4,0.9,16.82,0.91,10.0,0.04,0.01,2354.233517,1776305307000
1776305308.899,208.899,0.22,3.82,0.21,10.0,0.23,17.3,0.24,40.8,0.77,18.3,0.76,40.8,0.78,21.82,0.79,10.0,0.01,0.01,2354.212253,1776305308000
1776305309.12,209.12,0.22,1.79,0.21,15.0,0.23,17.3,0.24,40.8,0.77,17.3,0.76,40.8,0.78,3.82,0.79,10.0,0.01,0.01,2354.212253,1776305308000
1776305309.713,209.713,0.22,1.79,0.21,15.0,0.23,113.5,0.24,50.7,0.77,17.3,0.76,40.8,0.78,1.79,0.79,15.0,0.01,0.01,2354.212253,1776305308000
1776305310.157,210.157,0.22,1.79,0.21,80.0,0.23,57.55,0.24,15.0,0.77,108.5,0.76,50.7,0.78,1.79,0.79,15.0,0.01,0.01,2354.233544,1776305309000
1776305310.437,210.437,0.21,74.29,0.2,10.0,0.23,161.45,0.24,25.0,0.77,52.29,0.76,15.0,0.78,1.79,0.79,80.0,0.02,0.01,2354.233544,1776305309000
1776305310.799,210.799,0.18,31.0,0.17,21.0,0.19,33.6,0.2,10.0,0.77,104.85,0.76,15.0,0.81,5.0,0.82,18.0,0.01,0.04,2354.233544,1776305309000
1776305311.192,211.192,0.18,22.0,0.17,21.0,0.19,33.6,0.2,10.0,0.81,33.6,0.8,10.0,0.82,31.0,0.83,21.0,0.01,0.01,2354.661864,1776305310000
1776305311.502,211.502,0.18,15.0,0.17,32.0,0.19,149.11,0.2,15.0,0.81,33.6,0.8,10.0,0.82,22.0,0.83,21.0,0.01,0.01,2354.661864,1776305310000
1776305312.029,212.029,0.16,34.72,0.12,10.0,0.17,45.0,0.18,16.0,0.81,117.53,0.8,15.0,0.82,15.0,0.83,32.0,0.01,0.01,2354.661864,1776305310000
1776305312.415,212.415,0.15,10.0,0.14,10.0,0.17,163.72,0.18,16.0,0.83,50.0,0.82,16.0,0.84,34.67,0.85,10.0,0.02,0.01,2354.661864,1776305310000
1776305312.85,212.85,0.16,1.0,0.15,10.0,0.17,162.72,0.18,24.0,0.83,163.72,0.82,16.0,0.85,10.0,0.86,10.0,0.01,0.02,2354.745331,1776305311000
1776305313.215,213.215,0.16,5.0,0.15,1.0,0.17,157.72,0.18,29.0,0.83,157.72,0.82,29.0,0.85,1.0,0.86,16.0,0.01,0.02,2354.745331,1776305311000
1776305313.505,213.505,0.14,14.89,0.13,26.0,0.17,154.72,0.18,18.0,0.83,157.72,0.82,29.0,0.84,5.0,0.85,1.0,0.03,0.01,2354.742556,1776305312000
1776305314.652,214.652,0.15,13.82,0.14,14.89,0.16,147.7,0.17,19.0,0.84,5.0,0.83,142.72,0.85,10.0,0.86,14.89,0.01,0.01,2354.486171,1776305313000
1776305315.25,215.25,0.11,63.0,0.1,75.0,0.15,221.87,0.16,149.0,0.84,147.7,0.83,19.0,0.85,13.82,0.86,14.89,0.04,0.01,2354.561395,1776305314000
1776305315.549,215.549,0.11,50.0,0.1,75.0,0.12,65.75,0.13,15.0,0.85,221.87,0.84,149.0,0.89,63.0,0.9,75.0,0.01,0.04,2354.561395,1776305314000
1776305315.817,215.817,0.1,10.0,0.09,10.0,0.11,25.0,0.12,20.0,0.88,65.75,0.87,15.0,0.89,50.0,0.9,75.0,0.01,0.01,2354.561395,1776305314000
1776305316.128,216.128,0.1,4.3,0.09,8.63,0.11,20.0,0.12,30.0,0.89,25.0,0.88,20.0,0.91,8.63,0.92,88.9,0.01,0.02,2354.561395,1776305314000
1776305316.333,216.333,0.1,4.3,0.09,8.63,0.12,30.0,0.13,26.97,0.89,20.0,0.88,30.0,0.9,4.3,0.91,8.63,0.02,0.01,2354.496355,1776305315000
1776305316.928,216.928,0.09,1.89,0.08,104.9,0.12,45.0,0.13,34.97,0.88,30.0,0.87,26.97,0.9,4.3,0.91,8.63,0.03,0.02,2354.496355,1776305315000
1776305318.523,218.523,0.11,3.87,0.1,10.0,0.12,158.2,0.13,15.0,0.88,39.96,0.87,34.97,0.89,5.0,0.9,10.0,0.01,0.01,2354.453001,1776305317000
1776305320.412,220.412,0.07,92.42,0.06,100.0,0.08,69.0,0.09,128.0,0.88,158.2,0.87,15.0,0.89,3.87,0.9,10.0,0.01,0.01,2354.366054,1776305319000
1776305320.871,220.871,0.07,1.72,0.06,10.0,0.08,51.0,0.09,133.0,0.92,77.0,0.91,128.0,0.95,118.54,0.96,335.8,0.01,0.03,2354.366054,1776305319000
1776305321.42,221.42,0.07,18.84,0.06,112.32,0.08,15.0,0.09,10.0,0.92,40.0,0.91,125.0,0.94,4.32,0.95,269.54,0.01,0.02,2354.359826,1776305320000
1776305322.704,222.704,0.05,93.54,0.04,360.8,0.08,13.45,0.09,10.0,0.92,15.0,0.91,10.0,0.93,18.84,0.94,112.32,0.03,0.01,2354.131786,1776305321000
1776305324.215,224.215,0.05,16.17,0.04,360.8,0.07,29.0,0.08,33.45,0.92,13.45,0.91,10.0,0.95,93.54,0.96,360.8,0.02,0.03,2354.046043,1776305322000
1776305324.521,224.521,0.06,8.93,0.05,16.17,0.07,34.0,0.08,33.45,0.93,29.0,0.92,33.45,0.95,16.17,0.96,360.8,0.01,0.02,2354.024679,1776305323000
1776305326.737,226.737,0.04,310.01,0.03,269.7,0.06,5.0,0.07,105.0,0.93,34.0,0.92,33.45,0.94,8.93,0.95,16.17,0.02,0.01,2354.003723,1776305325000
1776305327.239,227.239,0.16,10.0,0.15,10.0,0.21,4.0,0.22,10.0,0.93,105.0,0.92,117.0,0.94,17.0,0.96,310.01,0.05,0.01,2353.882005,1776305326000
1776305327.603,227.603,0.23,7.87,0.22,59.06,0.24,15.0,0.25,115.15,0.73,38.53,0.72,37.89,0.77,10.0,0.78,49.06,0.01,0.04,2353.882005,1776305326000
1776305328.157,228.157,0.2,15.0,0.19,15.0,0.23,9.56,0.24,10.0,0.77,10.0,0.76,15.0,0.78,53.2,0.79,80.0,0.03,0.01,2353.882005,1776305326000
1776305328.39,228.39,0.19,15.0,0.18,15.0,0.22,10.0,0.23,9.56,0.77,9.56,0.76,10.0,0.8,5.0,0.81,15.0,0.03,0.03,2353.872255,1776305327000
1776305328.96,228.96,0.19,8.0,0.18,15.0,0.21,123.95,0.22,10.0,0.78,10.0,0.77,9.56,0.81,15.0,0.82,15.0,0.02,0.03,2354.02981,1776305328000
1776305330.297,230.297,0.18,15.0,0.17,80.0,0.2,9.84,0.21,118.95,0.79,123.95,0.78,10.0,0.81,8.0,0.82,15.0,0.02,0.02,2354.727459,1776305329000
1776305330.531,230.531,0.17,80.0,0.16,135.0,0.2,9.84,0.21,118.95,0.8,9.84,0.79,118.95,0.82,15.0,0.83,80.0,0.03,0.02,2354.727459,1776305329000
1776305331.945,231.945,0.17,69.98,0.16,135.0,0.18,118.7,0.19,10.0,0.8,9.84,0.79,118.95,0.83,80.0,0.84,135.0,0.01,0.03,2354.77,1776305330000
1776305334.089,234.089,0.13,10.2,0.12,39.1,0.14,65.4,0.15,33.97,0.82,118.7,0.81,10.0,0.83,69.98,0.84,135.0,0.01,0.01,2354.7457,1776305333000
1776305334.487,234.487,0.13,9.05,0.12,39.1,0.14,77.4,0.15,33.97,0.86,65.4,0.85,33.97,0.87,10.2,0.88,39.1,0.01,0.01,2354.7457,1776305333000
1776305335.863,235.863,0.12,44.1,0.11,192.79,0.14,43.4,0.15,27.97,0.86,77.4,0.85,33.97,0.87,9.05,0.88,39.1,0.02,0.01,2354.63252,1776305334000
1776305336.353,236.353,0.12,32.0,0.11,162.79,0.14,22.9,0.15,38.97,0.86,43.4,0.85,27.97,0.88,44.1,0.89,192.79,0.02,0.02,2354.580917,1776305335000
1776305337.722,237.722,0.12,0.95,0.11,120.0,0.13,124.73,0.14,37.97,0.86,22.9,0.85,38.97,0.88,32.0,0.89,162.79,0.01,0.02,2354.601327,1776305336000
1776305338.117,238.117,0.09,12.31,0.08,63.9,0.1,30.0,0.11,33.0,0.87,119.73,0.86,37.97,0.89,120.0,0.9,139.0,0.01,0.02,2354.601327,1776305337000
1776305339.288,239.288,0.09,13.63,0.08,25.0,0.1,200.27,0.11,56.97,0.9,30.0,0.89,33.0,0.91,12.31,0.92,63.9,0.01,0.01,2354.585731,1776305338000
1776305340.322,240.322,0.07,10.0,0.06,65.0,0.08,86.05,0.09,27.97,0.9,200.27,0.89,56.97,0.92,25.0,0.93,25.0,0.01,0.02,2354.424352,1776305339000
1776305341.433,241.433,0.07,23.0,0.06,50.0,0.08,111.05,0.09,31.0,0.92,91.05,0.91,27.97,0.93,5.0,0.94,65.0,0.01,0.01,2354.34215,1776305340000
1776305341.686,241.686,0.04,8.21,0.03,283.7,0.08,162.02,0.09,67.0,0.92,127.05,0.91,25.0,0.93,18.0,0.96,10.21,0.04,0.01,2354.34215,1776305340000
1776305342.167,242.167,0.04,8.95,0.03,280.54,0.05,10.0,0.06,20.0,0.92,162.02,0.91,67.0,0.97,280.54,0.98,421.7,0.01,0.05,2354.34215,1776305340000
1776305345.438,245.438,0.03,99.76,0.02,716.7,0.04,25.0,0.05,20.26,0.95,10.0,0.94,20.0,0.96,8.95,0.97,280.54,0.01,0.01,2354.06512,1776305344000
1776305346.861,246.861,0.03,84.45,0.02,716.7,0.04,153.9,0.05,113.8,0.96,25.0,0.95,20.26,0.97,99.76,0.98,716.7,0.01,0.01,2353.820667,1776305345000
1776305347.495,247.495,0.03,84.45,0.02,533.0,0.05,75.8,0.06,91.8,0.96,153.9,0.95,113.8,0.97,84.45,0.98,716.7,0.02,0.01,2353.795617,1776305346000
1776305348.136,248.136,0.04,28.0,0.03,89.45,0.05,80.8,0.06,91.8,0.95,75.8,0.94,91.8,0.97,84.45,0.98,533.0,0.01,0.02,2353.795617,1776305346000
1776305348.537,248.537,0.05,15.0,0.04,43.0,0.07,7.14,0.08,119.9,0.95,80.8,0.94,91.8,0.96,28.0,0.97,89.45,0.02,0.01,2353.825239,1776305347000
1776305349.121,249.121,0.02,271.85,0.01,7066.44,0.07,15.0,0.08,117.04,0.92,107.04,0.91,100.77,0.95,15.0,0.96,43.0,0.05,0.03,2353.825239,1776305347000
1776305349.483,249.483,0.02,249.8,0.01,7041.44,0.03,10.0,0.05,15.0,0.93,15.0,0.92,117.04,0.98,271.85,0.99,7066.44,0.01,0.05,2353.878065,1776305348000
1776305350.05,250.05,0.02,65.84,0.01,7141.44,0.06,6.71,0.07,128.27,0.97,10.0,0.96,15.0,0.98,229.8,0.99,7041.44,0.04,0.01,2353.878065,1776305348000
1776305350.893,250.893,0.02,19.82,0.01,7191.44,0.04,42.0,0.05,87.97,0.97,5.0,0.94,16.71,0.98,14.82,0.99,7141.44,0.02,0.01,2354.017702,1776305349000
1776305351.328,251.328,0.01,7196.44,,,0.02,134.72,0.04,32.0,0.96,42.0,0.95,87.97,0.98,19.82,0.99,7191.44,0.01,0.02,2354.036842,1776305350000
1776305352.022,252.022,0.01,7201.44,,,0.02,165.96,0.04,20.0,0.98,134.72,0.96,32.0,0.99,7196.44,,,0.01,0.01,2354.036842,1776305350000
1776305352.356,252.356,0.01,7196.38,,,0.02,165.96,0.04,10.0,0.98,165.96,0.96,20.0,0.99,7201.44,,,0.01,0.01,2354.018343,1776305351000
1776305352.599,252.599,0.01,7186.26,,,0.02,114.72,0.05,75.8,0.98,134.72,0.95,75.8,0.99,7186.26,,,0.01,0.01,2354.018343,1776305351000
1776305352.93,252.93,0.01,7236.26,,,0.02,94.72,0.06,97.37,0.98,114.72,0.95,75.8,0.99,7186.26,,,0.01,0.01,2354.018343,1776305351000
1776305353.936,253.936,0.01,7035.25,,,0.02,84.73,0.06,84.4,0.98,84.73,0.94,97.37,0.99,7241.26,,,0.01,0.01,2353.901755,1776305353000
1776305355.422,255.422,0.01,6253.25,,,0.02,84.73,0.05,10.0,0.98,84.73,0.94,84.4,0.99,7035.25,,,0.01,0.01,2353.974774,1776305354000
1776305356.539,256.539,0.01,6272.23,,,0.02,64.73,0.05,10.0,0.98,84.73,0.95,10.0,0.99,6252.23,,,0.01,0.01,2353.974774,1776305354000
1776305357.398,257.398,0.01,6269.23,,,0.02,44.73,0.05,10.0,0.98,44.73,0.95,10.0,0.99,6272.23,,,0.01,0.01,2354.044497,1776305356000
1776305357.871,257.871,0.01,6219.23,,,0.02,59.73,0.04,20.0,0.98,44.73,0.95,10.0,0.99,6269.23,,,0.01,0.01,2354.044497,1776305356000
1776305358.351,258.351,0.01,6169.23,,,0.04,19.96,0.05,186.77,0.98,29.73,0.96,20.0,0.99,6224.23,,,0.03,0.01,2354.103759,1776305357000
1776305360.599,260.599,0.01,6026.63,,,0.02,490.0,0.03,166.7,0.97,5.0,0.96,10.0,0.99,6164.23,,,0.01,0.02,2354.039232,1776305359000
1776305361.726,261.726,0.01,5926.63,,,0.02,499.99,0.03,193.67,0.98,490.0,0.97,166.7,0.99,6026.63,,,0.01,0.01,2353.830741,1776305360000
1776305364.17,264.17,0.01,5922.63,,,0.02,495.0,0.03,200.67,0.98,499.99,0.97,193.67,0.99,5926.63,,,0.01,0.01,2353.750435,1776305363000
1776305364.737,264.737,0.01,5923.61,,,0.02,678.7,0.03,212.67,0.98,495.0,0.97,200.67,0.99,5922.63,,,0.01,0.01,2353.750435,1776305363000
1776305365.954,265.954,0.01,5908.51,,,0.02,673.7,0.03,212.67,0.98,678.7,0.97,212.67,0.99,5923.61,,,0.01,0.01,2353.797095,1776305365000
1776305367.078,267.078,0.01,906.51,,,0.02,680.7,0.03,238.67,0.98,673.7,0.97,212.67,0.99,5908.51,,,0.01,0.01,2353.80858,1776305366000
1776305367.383,267.383,0.01,896.51,,,0.02,695.7,0.03,280.67,0.98,685.7,0.97,238.67,0.99,902.51,,,0.01,0.01,2353.80858,1776305366000
1776305368.278,268.278,0.01,895.49,,,0.02,695.7,0.03,280.67,0.98,695.7,0.97,280.67,0.99,896.51,,,0.01,0.01,2353.792616,1776305367000
1776305370.019,270.019,0.01,834.49,,,0.02,815.67,0.03,252.67,0.98,695.7,0.97,280.67,0.99,895.49,,,0.01,0.01,2353.779888,1776305368000
1776305370.412,270.412,0.01,829.49,,,0.02,832.67,0.03,252.67,0.98,815.67,0.97,252.67,0.99,834.49,,,0.01,0.01,2353.756348,1776305369000
1776305370.715,270.715,0.01,789.49,,,0.02,882.67,0.03,252.67,0.98,832.67,0.97,252.67,0.99,829.49,,,0.01,0.01,2353.756348,1776305369000
1776305374.078,274.078,,,,,0.01,3202.14,0.02,899.67,0.99,1732.78,0.98,880.67,,,,,,,2353.609605,1776305373000
1776305376.083,276.083,,,,,0.01,2719.29,0.02,715.97,0.99,3202.14,0.98,899.67,,,,,,,2353.5169,1776305375000
1776305376.462,276.462,,,,,0.01,3254.29,0.02,715.97,0.99,2719.29,0.98,715.97,,,,,,,2353.5169,1776305375000
1776305390.607,290.607,,,,,0.01,7634.36,0.02,285.97,0.99,3254.29,0.98,715.97,,,,,,,2352.992402,1776305389000

# RESULT,winner=Down,slug=eth-updown-5m-1776305100,ticks=231
