timestamp,elapsed_sec,up_bid_p1,up_bid_s1,up_bid_p2,up_bid_s2,up_ask_p1,up_ask_s1,up_ask_p2,up_ask_s2,down_bid_p1,down_bid_s1,down_bid_p2,down_bid_s2,down_ask_p1,down_ask_s1,down_ask_p2,down_ask_s2,up_spread,down_spread,eth_price,eth_oracle_ts
1776324600.592,0.592,0.52,197.08,0.51,5.0,0.54,67.97,0.6,38.0,0.46,78.87,0.4,38.0,0.48,197.08,0.49,14.4,0.02,0.02,2353.110631,1776324599000
1776324600.922,0.922,0.52,177.08,0.51,5.0,0.54,70.0,0.55,70.0,0.46,70.0,0.45,70.0,0.48,177.08,0.49,5.0,0.02,0.02,2353.05048,1776324600000
1776324602.122,2.122,0.5,10.3,0.49,5.0,0.53,52.0,0.54,96.0,0.46,70.0,0.45,70.0,0.48,177.08,0.49,5.0,0.03,0.02,2353.05048,1776324600000
1776324602.72,2.72,0.49,5.0,0.46,83.0,0.5,15.0,0.51,13.0,0.47,52.0,0.46,96.0,0.51,5.0,0.54,78.0,0.01,0.04,2352.9957,1776324601000
1776324603.204,3.204,0.49,5.0,0.46,83.0,0.5,15.0,0.51,13.0,0.5,15.0,0.49,13.0,0.51,5.0,0.54,83.0,0.01,0.01,2353.00765,1776324602000
1776324603.558,3.558,0.46,78.0,0.45,88.0,0.47,5.04,0.48,15.0,0.5,30.0,0.49,23.0,0.54,78.0,0.55,83.0,0.01,0.04,2353.00765,1776324602000
1776324604.411,4.411,0.46,78.0,0.45,88.0,0.47,5.04,0.48,15.0,0.53,5.04,0.52,15.0,0.54,78.0,0.55,88.0,0.01,0.01,2352.87172,1776324603000
1776324604.874,4.874,0.46,78.0,0.45,88.0,0.47,5.04,0.48,15.0,0.53,5.04,0.52,15.0,0.54,78.0,0.55,88.0,0.01,0.01,2352.878006,1776324604000
1776324605.38,5.38,0.46,84.0,0.45,88.0,0.47,10.04,0.48,10.0,0.53,5.04,0.52,15.0,0.54,78.0,0.55,88.0,0.01,0.01,2352.878006,1776324604000
1776324605.892,5.892,0.46,84.0,0.45,88.0,0.47,10.04,0.48,10.0,0.53,10.04,0.52,10.0,0.54,84.0,0.55,88.0,0.01,0.01,2352.924718,1776324605000
1776324606.863,6.863,0.46,84.0,0.45,88.0,0.47,10.04,0.48,10.0,0.53,10.04,0.52,10.0,0.54,84.0,0.55,88.0,0.01,0.01,2352.881828,1776324606000
1776324607.662,7.662,0.46,90.0,0.45,93.0,0.47,0.04,0.48,15.0,0.53,10.04,0.52,10.0,0.54,84.0,0.55,88.0,0.01,0.01,2352.881828,1776324606000
1776324607.893,7.893,0.46,90.0,0.45,93.0,0.47,0.04,0.48,15.0,0.53,0.04,0.52,15.0,0.54,90.0,0.55,93.0,0.01,0.01,2352.948767,1776324607000
1776324609.022,9.022,0.46,95.0,0.45,93.0,0.47,3.65,0.48,15.0,0.53,3.65,0.52,15.0,0.54,95.0,0.55,93.0,0.01,0.01,2352.88971,1776324608000
1776324609.282,9.282,0.46,85.0,0.45,98.0,0.49,14.94,0.5,25.0,0.53,6.52,0.52,10.0,0.54,90.0,0.55,93.0,0.03,0.01,2352.88971,1776324608000
1776324609.566,9.566,0.46,76.0,0.45,93.0,0.47,10.0,0.48,10.0,0.51,14.94,0.5,25.0,0.54,85.0,0.55,98.0,0.01,0.03,2352.88971,1776324608000
1776324610.064,10.064,0.46,81.0,0.45,90.0,0.48,6.3,0.49,6.94,0.52,11.64,0.51,14.94,0.54,81.0,0.55,80.0,0.02,0.02,2352.88971,1776324608000
1776324610.458,10.458,0.46,58.96,0.45,70.0,0.47,46.0,0.48,27.0,0.52,6.3,0.51,6.94,0.54,81.0,0.55,90.0,0.01,0.02,2352.95355,1776324609000
1776324611.239,11.239,0.46,36.98,0.45,70.0,0.47,83.0,0.48,80.7,0.53,46.0,0.52,27.0,0.54,37.98,0.55,70.0,0.01,0.01,2352.95355,1776324609000
1776324611.552,11.552,0.46,9.0,0.44,10.6,0.47,109.0,0.48,160.7,0.53,83.0,0.52,80.7,0.54,36.98,0.55,70.0,0.01,0.01,2352.879545,1776324610000
1776324615.356,15.356,0.44,17.72,0.43,20.0,0.45,15.0,0.46,28.0,0.54,5.0,0.53,104.0,0.56,4.6,0.57,5.0,0.01,0.02,2352.761505,1776324614000
1776324615.924,15.924,0.44,5.0,0.43,14.59,0.45,15.0,0.46,33.0,0.55,15.0,0.54,28.0,0.57,14.59,0.58,25.0,0.01,0.02,2352.761505,1776324614000
1776324616.342,16.342,0.43,5.0,0.42,30.0,0.44,10.0,0.45,40.0,0.55,15.0,0.54,33.0,0.56,5.0,0.57,14.59,0.01,0.01,2352.76657,1776324615000
1776324616.682,16.682,0.41,53.52,0.39,75.0,0.42,20.0,0.43,50.0,0.56,10.0,0.55,40.0,0.57,5.0,0.58,30.0,0.01,0.01,2352.76657,1776324615000
1776324616.971,16.971,0.41,16.52,0.4,5.0,0.42,20.0,0.43,80.65,0.58,20.0,0.57,40.0,0.59,21.52,0.6,5.0,0.01,0.01,2352.76657,1776324615000
1776324617.435,17.435,0.39,85.52,0.38,80.0,0.42,25.0,0.43,75.65,0.58,20.0,0.57,80.65,0.59,16.52,0.6,5.0,0.03,0.01,2352.75357,1776324616000
1776324618.657,18.657,0.39,85.52,0.38,93.0,0.4,15.0,0.41,20.0,0.58,25.0,0.57,75.65,0.61,85.52,0.62,80.0,0.01,0.03,2352.84802,1776324617000
1776324619.627,19.627,0.39,97.52,0.38,93.0,0.4,14.87,0.41,20.0,0.6,15.0,0.59,20.0,0.61,85.52,0.62,93.0,0.01,0.01,2352.710477,1776324618000
1776324621.839,21.839,0.39,107.21,0.38,93.0,0.4,8.62,0.41,20.0,0.6,14.87,0.59,20.0,0.61,97.52,0.62,93.0,0.01,0.01,2352.678409,1776324620000
1776324623.343,23.343,0.39,107.21,0.38,88.0,0.4,8.62,0.41,20.0,0.6,8.62,0.59,20.0,0.61,107.21,0.62,93.0,0.01,0.01,2352.589249,1776324622000
1776324624.24,24.24,0.39,2.0,0.37,26.69,0.4,83.0,0.41,37.0,0.6,8.62,0.59,20.0,0.61,107.21,0.62,88.0,0.01,0.01,2352.565317,1776324623000
1776324627.389,27.389,0.36,51.8,0.35,34.0,0.37,5.0,0.38,20.0,0.62,30.0,0.61,25.0,0.63,2.69,0.64,24.5,0.01,0.01,2352.519963,1776324626000
1776324634.591,34.591,0.36,18.5,0.35,29.0,0.37,104.0,0.38,25.0,0.63,5.0,0.62,20.0,0.64,51.8,0.65,34.0,0.01,0.01,2352.461345,1776324633000
1776324636.007,36.007,0.36,3.0,0.33,70.0,0.37,141.0,0.38,150.14,0.63,104.0,0.62,25.0,0.64,13.5,0.65,29.0,0.01,0.01,2352.459385,1776324635000
1776324636.21,36.21,0.33,40.17,0.32,85.0,0.34,97.0,0.35,36.0,0.66,62.0,0.65,26.0,0.67,46.17,0.68,85.0,0.01,0.01,2352.459385,1776324635000
1776324636.646,36.646,0.33,29.17,0.32,85.0,0.34,99.0,0.35,36.0,0.66,104.0,0.65,36.0,0.67,34.17,0.68,85.0,0.01,0.01,2352.459385,1776324635000
1776324637.21,37.21,0.33,27.67,0.32,85.0,0.34,119.0,0.35,111.63,0.66,99.0,0.65,36.0,0.67,29.17,0.68,85.0,0.01,0.01,2352.459385,1776324635000
1776324637.878,37.878,0.33,32.67,0.32,90.0,0.34,93.0,0.35,36.0,0.66,119.0,0.65,111.63,0.67,27.67,0.68,85.0,0.01,0.01,2352.44733,1776324636000
1776324638.71,38.71,0.33,22.67,0.32,85.0,0.34,141.82,0.35,36.0,0.66,93.0,0.65,36.0,0.67,32.67,0.68,90.0,0.01,0.01,2352.433155,1776324637000
1776324639.887,39.887,0.3,13.42,0.29,21.0,0.31,72.0,0.32,20.0,0.66,141.82,0.65,36.0,0.67,22.67,0.68,85.0,0.01,0.01,2352.19085,1776324638000
1776324640.785,40.785,0.26,16.44,0.25,70.0,0.27,25.0,0.28,31.0,0.69,72.0,0.68,20.0,0.7,13.42,0.71,21.0,0.01,0.01,2352.192845,1776324639000
1776324641.317,41.317,0.26,6.44,0.25,70.0,0.27,50.0,0.28,26.0,0.73,25.0,0.72,31.0,0.74,16.44,0.75,70.0,0.01,0.01,2352.201985,1776324640000
1776324642.237,42.237,0.26,6.44,0.25,70.0,0.32,20.54,0.33,31.44,0.73,50.0,0.72,26.0,0.74,6.44,0.75,70.0,0.06,0.01,2352.2356,1776324641000
1776324645.926,45.926,0.26,34.82,0.25,108.0,0.27,25.0,0.28,115.34,0.68,20.54,0.67,31.44,0.74,6.44,0.75,70.0,0.01,0.06,2351.9786,1776324645000
1776324646.444,46.444,0.26,16.44,0.25,108.0,0.27,64.0,0.28,115.34,0.73,30.0,0.72,115.34,0.74,12.8,0.75,108.0,0.01,0.01,2351.9786,1776324645000
1776324648.858,48.858,0.26,49.0,0.25,33.0,0.31,11.0,0.32,1.54,0.73,64.0,0.72,115.34,0.74,16.44,0.75,108.0,0.05,0.01,2352.05878,1776324647000
1776324649.103,49.103,0.3,77.0,0.29,205.0,0.32,25.66,0.33,10.0,0.69,11.0,0.68,1.54,0.74,49.0,0.75,33.0,0.02,0.05,2351.99676,1776324648000
1776324649.404,49.404,0.32,93.63,0.31,30.0,0.33,16.0,0.34,5.0,0.67,16.0,0.66,14.0,0.68,98.63,0.69,25.0,0.01,0.01,2351.99676,1776324648000
1776324650.678,50.678,0.32,124.23,0.31,35.3,0.33,105.21,0.34,5.0,0.67,16.0,0.66,5.0,0.68,93.63,0.69,30.0,0.01,0.01,2351.99676,1776324648000
1776324652.75,52.75,0.32,131.99,0.31,120.99,0.33,101.01,0.35,10.0,0.67,145.21,0.66,5.0,0.68,113.99,0.69,35.3,0.01,0.01,2352.19468,1776324651000
1776324652.986,52.986,0.32,124.78,0.31,120.99,0.33,22.93,0.34,80.81,0.67,91.01,0.65,10.0,0.68,131.99,0.69,120.99,0.01,0.01,2352.19468,1776324651000
1776324653.266,53.266,0.32,240.78,0.31,95.99,0.33,11.93,0.35,10.0,0.67,22.93,0.66,80.81,0.68,124.78,0.69,120.99,0.01,0.01,2352.19468,1776324651000
1776324653.474,53.474,0.41,8.3,0.4,10.0,0.42,5.0,0.44,5.0,0.58,5.0,0.56,5.0,0.66,15.0,0.67,10.0,0.01,0.08,2352.19468,1776324651000
1776324653.726,53.726,0.43,15.71,0.42,10.0,0.44,15.0,0.45,20.0,0.56,15.0,0.55,20.0,0.57,0.22,0.58,10.0,0.01,0.01,2352.21962,1776324652000
1776324654.302,54.302,0.43,18.71,0.42,10.0,0.44,95.56,0.45,20.0,0.56,15.0,0.55,20.0,0.57,15.71,0.58,10.0,0.01,0.01,2352.224726,1776324653000
1776324655.349,55.349,0.43,32.07,0.42,15.0,0.44,105.98,0.45,33.0,0.56,95.56,0.55,20.0,0.57,16.07,0.58,10.0,0.01,0.01,2352.224726,1776324653000
1776324656.515,56.515,0.43,47.07,0.42,15.0,0.44,35.66,0.45,10.0,0.56,89.68,0.55,33.0,0.57,27.07,0.58,15.0,0.01,0.01,2352.590565,1776324655000
1776324656.841,56.841,0.43,50.75,0.42,15.0,0.44,13.66,0.45,20.0,0.56,13.66,0.55,10.0,0.57,49.07,0.58,15.0,0.01,0.01,2352.590565,1776324655000
1776324657.35,57.35,0.43,38.75,0.42,15.0,0.44,84.89,0.45,15.0,0.56,13.66,0.55,20.0,0.57,50.75,0.58,15.0,0.01,0.01,2352.590565,1776324655000
1776324657.783,57.783,0.43,29.57,0.42,15.0,0.44,89.89,0.45,15.0,0.56,89.89,0.55,15.0,0.57,35.17,0.58,15.0,0.01,0.01,2352.719848,1776324656000
1776324658.051,58.051,0.43,14.1,0.42,15.0,0.44,84.89,0.45,15.0,0.56,84.89,0.55,15.0,0.57,19.1,0.58,15.0,0.01,0.01,2352.780617,1776324657000
1776324658.688,58.688,0.42,5.0,0.41,32.6,0.44,99.89,0.45,15.0,0.56,84.89,0.55,15.0,0.57,14.1,0.58,15.0,0.02,0.01,2352.780617,1776324657000
1776324659.334,59.334,0.42,26.41,0.41,27.3,0.43,15.7,0.44,87.89,0.56,99.89,0.55,15.0,0.58,5.0,0.59,32.6,0.01,0.02,2352.657535,1776324658000
1776324659.71,59.71,0.42,18.72,0.41,27.3,0.43,27.7,0.44,87.89,0.57,15.7,0.56,87.89,0.58,26.41,0.59,27.3,0.01,0.01,2352.657535,1776324658000
1776324660.948,60.948,0.42,49.67,0.41,27.3,0.43,15.7,0.44,87.89,0.57,27.7,0.56,87.89,0.58,16.65,0.59,27.3,0.01,0.01,2352.662786,1776324659000
1776324661.416,61.416,0.42,13.67,0.38,5.0,0.43,72.7,0.44,316.46,0.57,15.7,0.56,87.89,0.58,49.67,0.59,27.3,0.01,0.01,2352.648168,1776324660000
1776324661.96,61.96,0.37,36.0,0.36,79.0,0.38,3.68,0.39,20.0,0.61,42.0,0.6,85.0,0.63,5.0,0.64,69.0,0.01,0.02,2352.648168,1776324660000
1776324662.364,62.364,0.4,6.38,0.39,15.0,0.41,5.0,0.42,5.0,0.62,3.68,0.61,20.0,0.63,36.0,0.64,79.0,0.01,0.01,2352.624283,1776324661000
1776324663.53,63.53,0.4,58.38,0.39,97.0,0.41,5.31,0.43,5.7,0.59,5.0,0.58,5.0,0.6,6.38,0.61,15.0,0.01,0.01,2352.641393,1776324662000
1776324664.115,64.115,0.41,56.05,0.4,60.38,0.43,15.7,0.44,82.58,0.57,0.7,0.56,82.58,0.6,73.38,0.61,97.0,0.02,0.03,2352.641393,1776324662000
1776324665.154,65.154,0.42,65.0,0.41,22.5,0.43,15.7,0.44,82.58,0.57,15.7,0.56,82.58,0.59,58.5,0.6,60.38,0.01,0.02,2352.549187,1776324663000
1776324665.412,65.412,0.42,18.0,0.41,7.5,0.43,107.69,0.44,165.58,0.57,15.7,0.56,82.58,0.58,65.0,0.59,22.5,0.01,0.01,2352.549187,1776324663000
1776324666.014,66.014,0.34,10.0,0.32,111.78,0.39,123.99,0.4,28.0,0.58,42.99,0.57,28.7,0.59,2.5,0.6,12.0,0.05,0.01,2352.6261,1776324664000
1776324666.386,66.386,0.33,10.0,0.32,121.78,0.34,10.0,0.35,20.0,0.65,15.0,0.64,15.0,0.66,4.0,0.68,111.78,0.01,0.01,2352.65248,1776324665000
1776324667.384,67.384,0.33,14.5,0.32,121.78,0.34,15.0,0.35,25.0,0.66,10.0,0.65,20.0,0.67,10.0,0.68,121.78,0.01,0.01,2352.65248,1776324665000
1776324667.81,67.81,0.33,0.5,0.32,121.78,0.34,56.0,0.35,25.0,0.66,15.0,0.65,25.0,0.67,14.5,0.68,121.78,0.01,0.01,2352.65248,1776324665000
1776324668.645,68.645,0.32,25.99,0.3,30.0,0.33,95.0,0.34,51.0,0.66,56.0,0.65,25.0,0.67,0.5,0.68,121.78,0.01,0.01,2352.494979,1776324667000
1776324669.46,69.46,0.32,17.69,0.31,20.3,0.35,23.91,0.36,20.0,0.67,90.0,0.66,51.0,0.68,17.69,0.7,30.0,0.03,0.01,2352.45227,1776324668000
1776324669.747,69.747,0.32,17.69,0.29,19.0,0.33,15.93,0.34,10.0,0.65,23.91,0.64,20.0,0.68,17.69,0.69,20.3,0.01,0.03,2352.45227,1776324668000
1776324670.169,70.169,0.27,12.96,0.26,82.0,0.28,15.0,0.29,20.0,0.67,22.0,0.66,10.0,0.71,30.69,0.72,19.0,0.01,0.04,2352.361861,1776324669000
1776324670.928,70.928,0.26,72.0,0.25,28.0,0.27,20.0,0.28,37.42,0.72,1.42,0.71,20.0,0.73,22.96,0.74,82.0,0.01,0.01,2352.361861,1776324669000
1776324671.713,71.713,0.25,1.74,0.24,18.0,0.26,64.0,0.27,20.0,0.73,20.0,0.72,37.42,0.74,72.0,0.75,28.0,0.01,0.01,2352.408345,1776324670000
1776324672.216,72.216,0.24,33.0,0.23,39.0,0.25,7.72,0.26,25.0,0.74,64.0,0.73,20.0,0.75,1.74,0.76,18.0,0.01,0.01,2352.408345,1776324670000
1776324672.718,72.718,0.24,28.0,0.23,39.0,0.25,3.72,0.26,25.0,0.75,7.72,0.74,25.0,0.76,33.0,0.77,39.0,0.01,0.01,2352.215054,1776324671000
1776324675.083,75.083,0.24,49.3,0.23,44.0,0.26,36.73,0.27,20.0,0.75,3.72,0.74,25.0,0.76,28.0,0.77,39.0,0.02,0.01,2351.983765,1776324674000
1776324676.042,76.042,0.24,36.3,0.23,39.0,0.25,16.0,0.26,68.73,0.74,36.73,0.73,20.0,0.76,49.3,0.77,44.0,0.01,0.02,2351.983765,1776324674000
1776324676.33,76.33,0.22,8.0,0.21,5.0,0.25,80.0,0.26,133.73,0.75,16.0,0.74,68.73,0.76,36.3,0.77,39.0,0.03,0.01,2351.977605,1776324675000
1776324676.553,76.553,0.21,12.0,0.2,15.0,0.22,10.0,0.23,86.0,0.77,86.0,0.76,192.0,0.79,20.0,0.8,15.0,0.01,0.02,2351.977605,1776324675000
1776324676.756,76.756,0.21,7.0,0.2,36.0,0.22,42.0,0.23,64.0,0.78,10.0,0.77,86.0,0.79,12.0,0.8,15.0,0.01,0.01,2351.977605,1776324675000
1776324677.219,77.219,0.2,46.3,0.19,53.0,0.21,10.47,0.22,52.0,0.78,42.0,0.77,64.0,0.79,7.0,0.8,36.0,0.01,0.01,2351.977605,1776324675000
1776324678.142,78.142,0.21,28.81,0.2,41.0,0.22,20.0,0.23,27.0,0.79,10.47,0.78,52.0,0.8,46.3,0.81,53.0,0.01,0.01,2351.983298,1776324676000
1776324680.609,80.609,0.18,37.83,0.17,44.0,0.2,27.0,0.21,15.0,0.78,20.0,0.77,27.0,0.79,28.81,0.8,41.0,0.02,0.01,2351.762425,1776324679000
1776324682.932,82.932,0.21,218.3,0.2,128.0,0.24,19.35,0.26,17.0,0.81,15.0,0.8,15.0,0.82,26.61,0.83,44.0,0.03,0.01,2351.770395,1776324681000
1776324683.853,83.853,0.23,108.0,0.22,43.0,0.24,39.35,0.26,12.0,0.76,19.35,0.74,17.0,0.79,218.3,0.8,128.0,0.01,0.03,2351.861885,1776324682000
1776324684.461,84.461,0.23,91.0,0.22,43.0,0.24,31.01,0.26,12.0,0.76,39.35,0.74,12.0,0.77,108.0,0.78,43.0,0.01,0.01,2351.789045,1776324683000
1776324685.514,85.514,0.23,220.0,0.22,51.0,0.28,5.0,0.32,10.0,0.76,31.01,0.74,12.0,0.77,91.0,0.78,43.0,0.05,0.01,2351.991508,1776324684000
1776324685.722,85.722,0.3,31.0,0.29,21.0,0.31,8.0,0.32,15.0,0.68,10.0,0.67,43.0,0.74,6.0,0.75,17.0,0.01,0.06,2351.991508,1776324684000
1776324686.028,86.028,0.3,44.3,0.29,21.0,0.32,24.14,0.33,43.0,0.69,8.0,0.68,32.02,0.7,44.3,0.71,21.0,0.02,0.01,2351.991508,1776324684000
1776324686.852,86.852,0.3,26.77,0.29,11.0,0.31,94.02,0.32,43.9,0.68,24.14,0.67,43.0,0.7,44.3,0.71,21.0,0.01,0.02,2352.08271,1776324685000
1776324689.295,89.295,0.29,21.59,0.28,5.0,0.3,47.71,0.31,82.02,0.69,94.02,0.68,43.9,0.71,11.0,0.72,5.0,0.01,0.02,2352.1773,1776324688000
1776324689.901,89.901,0.29,19.89,0.28,15.0,0.3,44.37,0.31,87.02,0.7,42.71,0.69,82.02,0.71,14.89,0.72,15.0,0.01,0.01,2352.1773,1776324688000
1776324690.779,90.779,0.29,7.89,0.28,15.0,0.3,35.71,0.31,87.02,0.7,44.37,0.69,87.02,0.71,19.89,0.72,15.0,0.01,0.01,2352.053735,1776324689000
1776324691.406,91.406,0.29,10.07,0.28,15.0,0.3,77.33,0.31,15.0,0.7,35.71,0.69,87.02,0.71,7.89,0.72,15.0,0.01,0.01,2352.171081,1776324690000
1776324691.812,91.812,0.29,0.07,0.28,15.0,0.3,77.33,0.31,15.0,0.7,77.33,0.69,15.0,0.71,10.07,0.72,15.0,0.01,0.01,2352.171081,1776324690000
1776324693.354,93.354,0.29,10.07,0.28,15.0,0.3,53.79,0.31,15.0,0.7,77.33,0.69,15.0,0.71,0.07,0.72,15.0,0.01,0.01,2352.149207,1776324692000
1776324696.722,96.722,0.29,0.07,0.28,15.0,0.3,29.74,0.31,59.78,0.7,53.79,0.69,15.0,0.71,10.07,0.72,15.0,0.01,0.01,2352.168852,1776324695000
1776324698.98,98.98,0.29,0.07,0.28,15.0,0.3,14.74,0.31,23.0,0.7,29.74,0.69,59.78,0.71,0.07,0.72,15.0,0.01,0.01,2352.21205,1776324697000
1776324699.84,99.84,0.28,13.12,0.27,41.0,0.3,24.74,0.31,23.0,0.7,14.74,0.69,23.0,0.71,0.07,0.72,15.0,0.02,0.01,2352.09789,1776324698000
1776324700.677,100.677,0.29,67.0,0.28,39.12,0.3,1.66,0.31,23.0,0.7,24.74,0.69,23.0,0.72,13.12,0.73,41.0,0.01,0.02,2352.108495,1776324699000
1776324701.556,101.556,0.3,43.0,0.29,55.0,0.33,85.0,0.34,135.78,0.7,1.66,0.69,23.0,0.71,67.0,0.72,39.12,0.03,0.01,2352.098875,1776324700000
1776324707.231,107.231,0.29,17.0,0.28,5.0,0.32,105.99,0.33,236.21,0.67,85.0,0.66,135.78,0.7,43.0,0.71,55.0,0.03,0.03,2352.129645,1776324706000
1776324710.268,110.268,0.23,28.0,0.22,20.0,0.24,30.83,0.25,15.0,0.71,15.0,0.7,46.0,0.73,5.0,0.74,21.0,0.01,0.02,2352.114935,1776324708000
1776324711.213,111.213,0.23,6.0,0.2,17.0,0.24,47.83,0.25,138.99,0.76,30.83,0.75,15.0,0.77,28.0,0.78,20.0,0.01,0.01,2352.052275,1776324709000
1776324711.435,111.435,0.21,1.99,0.2,27.0,0.24,123.61,0.25,242.21,0.76,47.83,0.75,138.99,0.77,6.0,0.8,17.0,0.03,0.01,2352.052275,1776324709000
1776324712.141,112.141,0.2,13.0,0.19,40.3,0.22,32.86,0.23,15.0,0.78,15.0,0.77,10.0,0.8,23.99,0.81,53.0,0.02,0.02,2352.01315,1776324710000
1776324712.364,112.364,0.18,39.0,0.17,53.0,0.2,15.0,0.21,39.0,0.8,25.0,0.79,39.0,0.81,5.0,0.82,44.0,0.02,0.01,2351.973735,1776324711000
1776324714.374,114.374,0.19,7.0,0.18,15.0,0.2,5.0,0.21,20.0,0.8,15.0,0.79,39.0,0.82,39.0,0.83,53.0,0.01,0.02,2352.055095,1776324712000
1776324717.857,117.857,0.2,34.12,0.19,40.3,0.21,32.0,0.24,5.0,0.8,5.0,0.79,20.0,0.81,7.0,0.82,15.0,0.01,0.01,2351.85629,1776324716000
1776324718.304,118.304,0.23,8.37,0.22,15.0,0.24,30.0,0.25,5.0,0.76,10.0,0.75,5.0,0.8,34.12,0.81,51.3,0.01,0.04,2351.947058,1776324717000
1776324720.136,120.136,0.22,5.0,0.21,15.0,0.23,5.65,0.24,40.0,0.76,30.0,0.75,5.0,0.77,8.37,0.78,15.0,0.01,0.01,2351.87562,1776324718000
1776324720.833,120.833,0.21,10.24,0.2,15.0,0.22,87.6,0.23,5.65,0.77,5.65,0.76,40.0,0.78,5.0,0.79,15.0,0.01,0.01,2351.98315,1776324719000
1776324723.51,123.51,0.21,74.54,0.2,36.0,0.22,13.0,0.24,11.0,0.78,87.6,0.77,5.65,0.79,10.24,0.8,15.0,0.01,0.01,2351.939215,1776324722000
1776324725.791,125.791,0.32,10.0,0.31,10.0,0.33,36.05,0.34,15.0,0.78,13.0,0.76,11.0,0.79,74.54,0.8,36.0,0.01,0.01,2351.93704,1776324724000
1776324726.023,126.023,0.31,11.55,0.3,15.0,0.32,10.0,0.33,15.0,0.67,41.05,0.66,29.0,0.68,1.0,0.69,10.0,0.01,0.01,2351.93704,1776324724000
1776324726.431,126.431,0.3,5.0,0.29,5.0,0.32,46.8,0.33,85.0,0.68,10.0,0.67,15.0,0.69,11.55,0.7,15.0,0.02,0.01,2351.948985,1776324725000
1776324726.719,126.719,0.28,14.4,0.27,33.0,0.31,15.0,0.32,46.8,0.68,46.8,0.67,85.0,0.7,5.0,0.71,5.0,0.03,0.02,2351.948985,1776324725000
1776324729.086,129.086,0.3,74.0,0.29,56.0,0.31,52.22,0.32,15.5,0.69,15.0,0.68,46.8,0.72,14.4,0.73,33.0,0.01,0.03,2352.206055,1776324727000
1776324729.942,129.942,0.3,71.04,0.29,56.0,0.31,52.22,0.32,15.5,0.69,52.22,0.68,15.5,0.7,74.0,0.71,56.0,0.01,0.01,2352.201015,1776324728000
1776324730.891,130.891,0.3,62.18,0.29,56.0,0.31,47.54,0.32,15.5,0.69,42.54,0.68,15.5,0.7,76.04,0.71,56.0,0.01,0.01,2352.221295,1776324729000
1776324731.696,131.696,0.3,15.89,0.29,40.0,0.31,62.54,0.32,20.5,0.69,47.54,0.68,20.5,0.7,47.18,0.71,56.0,0.01,0.01,2352.221295,1776324729000
1776324732.134,132.134,0.3,42.89,0.29,50.0,0.31,41.54,0.32,20.5,0.69,62.54,0.68,20.5,0.7,15.89,0.71,40.0,0.01,0.01,2352.246615,1776324730000
1776324732.676,132.676,0.3,37.89,0.29,195.0,0.32,4.5,0.33,5.0,0.69,41.54,0.68,20.5,0.7,42.89,0.71,50.0,0.02,0.01,2352.25853,1776324731000
1776324733.011,133.011,0.34,51.01,0.33,15.0,0.35,4.51,0.36,5.0,0.65,4.51,0.64,5.0,0.66,16.0,0.67,10.0,0.01,0.01,2352.25853,1776324731000
1776324733.511,133.511,0.35,4.76,0.34,37.13,0.37,62.95,0.38,36.0,0.63,18.21,0.62,36.0,0.66,49.13,0.67,15.0,0.02,0.03,2352.25353,1776324732000
1776324734.241,134.241,0.34,42.13,0.33,20.0,0.35,13.74,0.36,15.0,0.63,62.95,0.62,36.0,0.64,1.87,0.65,4.76,0.01,0.01,2352.25353,1776324732000
1776324735.194,135.194,0.34,24.85,0.33,5.0,0.35,13.74,0.36,15.0,0.65,13.74,0.64,15.0,0.66,42.13,0.67,20.0,0.01,0.01,2352.26919,1776324733000
1776324735.454,135.454,0.34,22.92,0.33,5.0,0.35,83.93,0.36,59.99,0.65,13.74,0.64,15.0,0.66,24.85,0.67,5.0,0.01,0.01,2352.37172,1776324734000
1776324735.928,135.928,0.33,5.0,0.31,50.0,0.35,135.92,0.36,93.94,0.65,83.93,0.64,59.99,0.66,22.92,0.67,5.0,0.02,0.01,2352.37172,1776324734000
1776324736.484,136.484,0.33,3.43,0.31,50.0,0.34,20.0,0.35,99.87,0.65,135.92,0.64,93.94,0.67,5.0,0.69,50.0,0.01,0.02,2352.37172,1776324734000
1776324737.996,137.996,0.33,3.43,0.31,50.0,0.34,17.05,0.35,101.79,0.66,20.0,0.65,99.87,0.67,3.43,0.69,50.0,0.01,0.01,2352.45045,1776324736000
1776324738.271,138.271,0.33,1.19,0.31,62.0,0.34,17.05,0.35,70.73,0.66,17.05,0.65,101.79,0.67,3.43,0.69,50.0,0.01,0.01,2352.45045,1776324736000
1776324738.917,138.917,0.33,1.19,0.31,67.0,0.34,54.04,0.35,34.68,0.66,17.05,0.65,70.73,0.67,1.19,0.69,62.0,0.01,0.01,2352.332835,1776324737000
1776324739.951,139.951,0.31,6.0,0.3,5.0,0.32,26.0,0.33,27.02,0.66,49.04,0.65,34.68,0.67,4.66,0.68,5.0,0.01,0.01,2352.3757,1776324738000
1776324740.672,140.672,0.22,5.0,0.18,24.4,0.32,230.99,0.33,27.94,0.68,26.0,0.67,27.02,0.69,6.0,0.7,5.0,0.1,0.01,2352.3757,1776324738000
1776324740.986,140.986,0.14,5.0,0.13,36.8,0.15,5.0,0.16,10.0,0.81,67.0,0.8,160.0,0.82,4.9,0.83,5.0,0.01,0.01,2352.3852,1776324739000
1776324741.223,141.223,0.14,25.0,0.13,66.8,0.15,50.22,0.16,10.0,0.85,61.66,0.84,10.0,0.86,5.0,0.87,36.8,0.01,0.01,2352.3852,1776324739000
1776324741.439,141.439,0.14,25.0,0.13,71.8,0.15,51.22,0.16,16.0,0.85,94.22,0.84,16.0,0.86,20.0,0.87,66.8,0.01,0.01,2352.3852,1776324739000
1776324741.835,141.835,0.14,5.43,0.12,5.09,0.15,78.22,0.16,177.05,0.85,51.22,0.84,16.0,0.86,25.0,0.87,71.8,0.01,0.01,2352.464495,1776324740000
1776324742.064,142.064,0.12,5.09,0.1,60.0,0.13,115.32,0.14,86.0,0.85,78.22,0.84,177.05,0.88,5.09,0.89,36.79,0.01,0.03,2352.464495,1776324740000
1776324742.526,142.526,0.1,4.88,0.09,44.0,0.11,104.0,0.12,17.0,0.87,130.32,0.86,92.0,0.9,60.0,0.91,66.0,0.01,0.03,2352.3762,1776324741000
1776324742.781,142.781,0.08,126.14,0.07,82.3,0.09,10.0,0.1,10.0,0.89,33.0,0.88,17.0,0.92,36.14,0.93,82.3,0.01,0.03,2352.3762,1776324741000
1776324742.981,142.981,0.08,131.14,0.07,182.3,0.09,2.55,0.1,17.0,0.91,10.0,0.9,10.0,0.92,126.14,0.93,82.3,0.01,0.01,2352.3762,1776324741000
1776324743.521,143.521,0.08,183.14,0.07,202.3,0.09,2.55,0.1,17.0,0.91,2.55,0.9,17.0,0.92,131.14,0.93,182.3,0.01,0.01,2352.3762,1776324741000
1776324744.397,144.397,0.11,37.0,0.1,10.0,0.12,7.0,0.13,87.05,0.91,2.55,0.9,17.0,0.92,183.14,0.93,202.3,0.01,0.01,2351.735455,1776324742000
1776324744.945,144.945,0.11,29.76,0.1,15.0,0.12,27.45,0.13,59.99,0.88,7.0,0.87,66.99,0.89,30.76,0.9,15.0,0.01,0.01,2351.352124,1776324743000
1776324745.847,145.847,0.11,243.83,0.1,193.3,0.14,6.0,0.16,5.0,0.88,27.45,0.87,59.99,0.89,27.53,0.9,15.0,0.03,0.01,2351.14033,1776324744000
1776324746.202,146.202,0.17,32.53,0.15,15.0,0.18,25.0,0.19,51.99,0.82,20.0,0.81,51.99,0.87,148.83,0.88,57.0,0.01,0.05,2351.14033,1776324744000
1776324746.663,146.663,0.17,32.53,0.15,15.0,0.18,20.0,0.19,51.99,0.82,25.0,0.81,51.99,0.83,32.53,0.85,15.0,0.01,0.01,2351.14033,1776324744000
1776324746.98,146.98,0.17,32.53,0.16,5.0,0.18,15.0,0.19,51.99,0.82,20.0,0.81,51.99,0.83,32.53,0.85,15.0,0.01,0.01,2351.2,1776324745000
1776324747.235,147.235,0.17,32.53,0.16,5.0,0.18,91.7,0.19,51.99,0.82,15.0,0.81,51.99,0.83,32.53,0.84,5.0,0.01,0.01,2351.2,1776324745000
1776324747.509,147.509,0.17,20.53,0.16,5.0,0.18,91.7,0.19,51.99,0.82,96.7,0.81,51.99,0.83,26.53,0.84,5.0,0.01,0.01,2351.316159,1776324746000
1776324751.055,151.055,0.17,15.28,0.15,13.0,0.18,144.69,0.19,111.99,0.82,91.7,0.81,51.99,0.83,20.53,0.84,5.0,0.01,0.01,2351.619611,1776324749000
1776324751.301,151.301,0.17,3.13,0.15,13.0,0.18,73.49,0.19,177.23,0.82,144.69,0.81,111.99,0.83,12.13,0.85,13.0,0.01,0.01,2351.73135,1776324750000
1776324751.527,151.527,0.15,6.6,0.14,5.0,0.16,25.87,0.17,10.0,0.84,25.87,0.83,10.0,0.85,8.0,0.86,5.0,0.01,0.01,2351.73135,1776324750000
1776324751.733,151.733,0.14,5.0,0.13,63.0,0.16,25.87,0.17,10.0,0.84,25.87,0.83,10.0,0.85,6.6,0.86,5.0,0.02,0.01,2351.73135,1776324750000
1776324751.986,151.986,0.13,62.94,0.12,63.1,0.15,20.0,0.16,15.87,0.84,25.87,0.83,10.0,0.86,5.0,0.87,63.0,0.02,0.02,2351.73135,1776324750000
1776324755.266,155.266,0.11,146.56,0.1,227.0,0.12,21.0,0.13,15.0,0.85,20.0,0.84,15.87,0.87,62.94,0.88,63.1,0.01,0.02,2351.52922,1776324754000
1776324755.53,155.53,0.11,161.71,0.1,227.0,0.12,16.0,0.13,60.99,0.88,21.0,0.87,15.0,0.89,146.56,0.9,227.0,0.01,0.01,2351.52922,1776324754000
1776324756.051,156.051,0.11,173.71,0.1,237.0,0.12,9.62,0.13,60.99,0.88,11.0,0.87,60.99,0.89,161.71,0.9,227.0,0.01,0.01,2351.52922,1776324754000
1776324756.821,156.821,0.11,158.71,0.1,237.0,0.12,19.62,0.13,81.67,0.88,9.62,0.87,60.99,0.89,173.71,0.9,237.0,0.01,0.01,2351.652144,1776324755000
1776324757.635,157.635,0.11,157.15,0.1,237.0,0.12,9.62,0.13,81.67,0.88,19.62,0.87,81.67,0.89,158.71,0.9,237.0,0.01,0.01,2351.4832,1776324756000
1776324757.841,157.841,0.11,54.01,0.1,137.0,0.12,59.62,0.13,81.67,0.88,9.62,0.87,81.67,0.89,157.15,0.9,237.0,0.01,0.01,2351.4832,1776324756000
1776324758.182,158.182,0.11,42.01,0.1,132.0,0.12,73.25,0.13,81.67,0.88,59.62,0.87,81.67,0.89,54.01,0.9,137.0,0.01,0.01,2351.417785,1776324757000
1776324758.431,158.431,0.11,54.01,0.1,137.0,0.12,68.25,0.13,81.67,0.88,73.25,0.87,81.67,0.89,42.01,0.9,132.0,0.01,0.01,2351.417785,1776324757000
1776324759.43,159.43,0.1,25.0,0.09,46.0,0.12,115.24,0.13,75.67,0.88,68.25,0.87,81.67,0.89,54.01,0.9,137.0,0.02,0.01,2351.366275,1776324758000
1776324761.608,161.608,0.09,35.01,0.08,86.14,0.1,19.0,0.11,22.0,0.89,22.0,0.88,60.24,0.9,20.0,0.91,46.0,0.01,0.01,2351.36557,1776324760000
1776324762.845,162.845,0.09,21.76,0.08,126.76,0.1,64.0,0.11,22.0,0.9,19.0,0.89,22.0,0.91,19.9,0.92,86.14,0.01,0.01,2351.322955,1776324761000
1776324765.355,165.355,0.08,19.99,0.07,161.3,0.1,127.33,0.11,22.0,0.9,64.0,0.89,22.0,0.91,21.76,0.92,126.76,0.02,0.01,2351.415528,1776324764000
1776324766.397,166.397,0.08,8.91,0.07,143.0,0.1,120.33,0.11,22.0,0.9,127.33,0.89,22.0,0.92,19.99,0.93,161.3,0.02,0.02,2351.302292,1776324765000
1776324766.961,166.961,0.09,19.33,0.08,3.41,0.1,100.33,0.11,22.0,0.9,120.33,0.89,22.0,0.92,3.41,0.93,143.0,0.01,0.02,2351.302292,1776324765000
1776324767.31,167.31,0.09,152.63,0.08,81.41,0.1,45.33,0.11,89.28,0.9,100.33,0.89,22.0,0.91,19.33,0.92,3.41,0.01,0.01,2351.302292,1776324765000
1776324767.866,167.866,0.1,27.89,0.09,146.74,0.11,76.28,0.12,27.0,0.89,89.28,0.88,27.0,0.91,147.63,0.92,81.41,0.01,0.02,2351.296966,1776324766000
1776324768.918,168.918,0.1,41.77,0.09,138.3,0.11,153.28,0.12,22.0,0.89,76.28,0.88,27.0,0.9,27.89,0.91,146.74,0.01,0.01,2351.36087,1776324767000
1776324769.198,169.198,0.1,49.63,0.09,133.3,0.11,236.61,0.12,27.0,0.89,153.28,0.88,22.0,0.9,41.77,0.91,138.3,0.01,0.01,2351.362666,1776324768000
1776324770.267,170.267,0.1,154.63,0.09,129.3,0.11,96.15,0.12,12.0,0.89,241.61,0.88,27.0,0.9,35.63,0.91,133.3,0.01,0.01,2351.474007,1776324769000
1776324771.26,171.26,0.11,48.3,0.1,154.33,0.12,117.9,0.13,15.0,0.88,12.0,0.87,10.0,0.9,159.63,0.91,129.3,0.01,0.02,2351.474007,1776324769000
1776324773.011,173.011,0.11,21.82,0.1,159.33,0.12,112.9,0.13,15.0,0.88,117.9,0.87,15.0,0.89,31.3,0.9,154.33,0.01,0.01,2351.636016,1776324772000
1776324776.537,176.537,0.11,21.54,0.1,96.63,0.12,47.0,0.13,45.28,0.88,112.9,0.87,15.0,0.89,21.82,0.9,159.33,0.01,0.01,2351.614244,1776324775000
1776324777.426,177.426,0.09,39.85,0.07,41.0,0.11,86.97,0.12,27.0,0.88,47.0,0.87,45.28,0.89,21.54,0.9,96.63,0.02,0.01,2351.614244,1776324775000
1776324781.42,181.42,0.11,10.0,0.1,59.0,0.15,23.05,0.16,48.0,0.89,86.97,0.88,27.0,0.91,39.85,0.93,41.0,0.04,0.02,2351.451656,1776324779000
1776324781.763,181.763,0.1,38.66,0.09,11.0,0.12,10.0,0.15,1.57,0.85,1.57,0.84,37.0,0.89,10.0,0.9,49.0,0.02,0.04,2351.40253,1776324780000
1776324782.485,182.485,0.09,34.2,0.08,15.0,0.1,27.0,0.11,174.43,0.88,38.58,0.86,9.0,0.91,50.0,0.93,55.3,0.01,0.03,2351.593083,1776324781000
1776324783.078,183.078,0.09,33.9,0.08,20.0,0.1,81.0,0.11,22.0,0.9,27.0,0.89,174.43,0.91,34.2,0.92,15.0,0.01,0.01,2351.593083,1776324781000
1776324783.95,183.95,0.07,5.0,0.06,35.3,0.08,31.0,0.09,61.0,0.9,81.0,0.89,22.0,0.91,33.9,0.92,20.0,0.01,0.01,2351.41698,1776324782000
1776324784.405,184.405,0.05,83.3,0.04,190.0,0.07,22.0,0.08,89.0,0.92,33.0,0.91,71.0,0.94,24.55,0.95,109.0,0.02,0.02,2351.396455,1776324783000
1776324788.667,188.667,0.06,4.94,0.05,56.3,0.07,138.94,0.08,114.0,0.93,22.0,0.92,89.0,0.95,83.3,0.96,190.0,0.01,0.02,2351.147605,1776324787000
1776324789.408,189.408,0.06,322.24,0.05,155.0,0.07,59.94,0.08,5.1,0.93,138.94,0.92,114.0,0.94,4.94,0.95,56.3,0.01,0.01,2351.147605,1776324787000
1776324789.826,189.826,0.06,297.24,0.05,185.0,0.07,0.69,0.11,15.0,0.93,45.69,0.92,5.1,0.94,317.24,0.95,155.0,0.01,0.01,2351.197828,1776324788000
1776324791.112,191.112,0.06,401.04,0.05,210.8,0.07,0.69,0.09,10.0,0.93,0.69,0.89,15.0,0.94,297.24,0.95,185.0,0.01,0.01,2351.189902,1776324789000
1776324791.865,191.865,0.06,387.97,0.05,210.8,0.07,0.69,0.09,10.0,0.93,0.69,0.91,10.0,0.94,401.04,0.95,210.8,0.01,0.01,2351.27806,1776324790000
1776324793.541,193.541,0.06,346.65,0.05,215.8,0.07,0.69,0.08,10.0,0.93,0.69,0.91,10.0,0.94,387.97,0.95,210.8,0.01,0.01,2351.427045,1776324792000
1776324799.884,199.884,0.06,140.1,0.05,239.8,0.07,23.27,0.08,10.0,0.93,0.69,0.92,10.0,0.94,346.65,0.95,215.8,0.01,0.01,2351.41241,1776324799000
1776324801.936,201.936,0.05,121.0,0.04,170.8,0.06,58.0,0.07,311.05,0.93,23.27,0.92,10.0,0.94,140.1,0.95,239.8,0.01,0.01,2351.45448,1776324800000
1776324802.594,202.594,0.05,133.24,0.04,351.79,0.06,10.0,0.07,123.05,0.94,58.0,0.93,311.05,0.95,121.0,0.96,170.8,0.01,0.01,2351.483617,1776324801000
1776324803.525,203.525,0.06,36.3,0.05,93.24,0.07,200.47,0.08,138.0,0.93,123.05,0.92,138.0,0.94,12.0,0.95,133.24,0.01,0.01,2351.461267,1776324802000
1776324805.949,205.949,0.06,16.0,0.05,85.24,0.07,105.47,0.08,32.0,0.93,200.47,0.92,138.0,0.94,36.3,0.95,93.24,0.01,0.01,2351.312365,1776324805000
1776324806.689,206.689,0.05,85.24,0.04,370.8,0.07,100.47,0.08,32.0,0.93,105.47,0.92,32.0,0.94,16.0,0.95,85.24,0.02,0.01,2351.312365,1776324805000
1776324807.037,207.037,0.05,94.71,0.04,370.8,0.06,110.0,0.07,210.47,0.93,100.47,0.92,32.0,0.95,85.24,0.96,370.8,0.01,0.02,2351.312365,1776324805000
1776324807.867,207.867,0.06,8.4,0.05,122.71,0.07,113.05,0.08,33.0,0.94,110.0,0.93,210.47,0.95,94.71,0.96,370.8,0.01,0.01,2351.31943,1776324806000
1776324808.288,208.288,0.06,54.7,0.05,102.71,0.07,104.05,0.08,38.0,0.93,113.05,0.92,33.0,0.94,8.4,0.95,122.71,0.01,0.01,2351.31943,1776324806000
1776324809.425,209.425,0.06,44.33,0.05,102.71,0.07,104.05,0.08,38.0,0.93,104.05,0.92,38.0,0.94,54.7,0.95,102.71,0.01,0.01,2351.335042,1776324808000
1776324816.686,216.686,0.06,82.7,0.05,123.4,0.07,144.83,0.08,5.0,0.93,104.05,0.92,38.0,0.94,44.33,0.95,102.71,0.01,0.01,2351.441325,1776324815000
1776324817.371,217.371,0.06,244.7,0.05,248.2,0.07,115.58,0.1,24.0,0.93,129.83,0.92,5.0,0.94,167.7,0.95,172.4,0.01,0.01,2351.451615,1776324816000
1776324817.635,217.635,0.06,303.5,0.05,248.2,0.07,100.58,0.1,24.0,0.93,115.58,0.9,24.0,0.94,244.7,0.95,248.2,0.01,0.01,2351.451615,1776324816000
1776324818.056,218.056,0.06,350.5,0.05,179.2,0.07,70.58,0.11,11.0,0.93,100.58,0.9,24.0,0.94,303.5,0.95,248.2,0.01,0.01,2351.451615,1776324817000
1776324818.43,218.43,0.06,492.49,0.05,207.2,0.07,55.72,0.14,10.0,0.93,70.58,0.89,11.0,0.94,350.5,0.95,179.2,0.01,0.01,2351.451615,1776324817000
1776324819.33,219.33,0.12,13.3,0.11,104.99,0.14,145.92,0.15,22.0,0.86,15.14,0.85,15.0,0.88,10.0,0.89,94.3,0.02,0.02,2351.685869,1776324818000
1776324819.753,219.753,0.08,60.2,0.07,118.3,0.09,83.0,0.1,36.0,0.88,23.0,0.87,96.0,0.89,15.25,0.91,5.0,0.01,0.01,2351.685869,1776324818000
1776324819.954,219.954,0.08,0.2,0.07,123.3,0.09,27.0,0.1,41.0,0.91,83.0,0.9,36.0,0.92,60.2,0.93,118.3,0.01,0.01,2351.685869,1776324818000
1776324821.141,221.141,0.07,92.21,0.06,214.8,0.09,27.0,0.1,46.0,0.91,27.0,0.9,41.0,0.92,0.2,0.93,123.3,0.02,0.01,2351.7933,1776324819000
1776324822.033,222.033,0.08,6.75,0.07,41.85,0.09,37.0,0.1,36.0,0.91,27.0,0.9,46.0,0.93,92.21,0.94,214.8,0.01,0.02,2351.898125,1776324820000
1776324822.925,222.925,0.14,20.0,0.13,15.0,0.16,6.25,0.17,34.0,0.91,37.0,0.9,36.0,0.92,1.75,0.93,41.85,0.02,0.01,2351.754785,1776324822000
1776324823.157,223.157,0.19,77.14,0.18,10.0,0.2,101.99,0.21,101.0,0.8,27.22,0.79,79.0,0.81,82.24,0.82,10.0,0.01,0.01,2351.754785,1776324822000
1776324823.399,223.399,0.19,20.0,0.18,7.1,0.2,118.99,0.21,101.0,0.8,115.99,0.79,101.0,0.82,7.1,0.83,10.0,0.01,0.02,2351.754785,1776324822000
1776324823.607,223.607,0.19,3.08,0.18,12.1,0.2,96.44,0.21,91.0,0.8,96.44,0.79,91.0,0.81,14.88,0.82,12.1,0.01,0.01,2351.754785,1776324822000
1776324824.357,224.357,0.19,1.9,0.18,7.1,0.2,16.99,0.21,29.0,0.8,16.99,0.79,41.0,0.81,8.08,0.82,7.1,0.01,0.01,2351.774165,1776324823000
1776324825.398,225.398,0.19,7.6,0.18,12.1,0.2,70.99,0.21,39.0,0.8,16.99,0.79,29.0,0.81,1.9,0.82,7.1,0.01,0.01,2351.774165,1776324823000
1776324826.299,226.299,0.18,3.9,0.16,15.0,0.19,157.5,0.2,22.0,0.8,65.99,0.79,39.0,0.81,7.6,0.82,7.1,0.01,0.01,2352.28796,1776324825000
1776324826.66,226.66,0.16,8.76,0.13,13.3,0.17,121.22,0.18,216.65,0.81,145.02,0.8,10.0,0.84,12.95,0.85,20.0,0.01,0.03,2352.28796,1776324825000
1776324826.924,226.924,0.11,47.82,0.1,10.0,0.12,62.22,0.13,42.0,0.88,40.22,0.87,42.0,0.89,47.92,0.9,10.0,0.01,0.01,2352.28796,1776324825000
1776324828.322,228.322,0.11,34.17,0.1,10.0,0.12,215.8,0.13,42.0,0.88,70.22,0.87,42.0,0.89,35.17,0.9,10.0,0.01,0.01,2352.195894,1776324827000
1776324829.838,229.838,0.11,32.0,0.1,10.0,0.12,98.67,0.13,29.22,0.88,215.8,0.87,42.0,0.89,34.17,0.9,10.0,0.01,0.01,2351.989203,1776324828000
1776324833.32,233.32,0.1,10.0,0.09,10.0,0.11,40.0,0.12,70.87,0.88,98.67,0.87,29.22,0.89,32.0,0.9,10.0,0.01,0.01,2351.85245,1776324832000
1776324834.634,234.634,0.1,6.66,0.09,10.0,0.11,47.08,0.12,79.64,0.89,40.0,0.88,70.87,0.9,10.0,0.91,10.0,0.01,0.01,2351.805105,1776324833000
1776324834.955,234.955,0.1,1.1,0.09,10.0,0.11,47.08,0.12,53.08,0.89,47.08,0.88,79.64,0.9,6.66,0.91,10.0,0.01,0.01,2351.805105,1776324833000
1776324835.468,235.468,0.09,9.98,0.08,29.25,0.11,49.08,0.12,43.08,0.89,47.08,0.88,53.08,0.9,1.1,0.91,10.0,0.02,0.01,2351.84784,1776324834000
1776324835.7,235.7,0.31,10.0,0.3,20.0,0.36,10.0,0.37,10.0,0.89,49.08,0.88,43.08,0.91,9.98,0.92,29.25,0.05,0.02,2351.84784,1776324834000
1776324835.908,235.908,0.34,28.71,0.33,30.15,0.37,3.67,0.38,10.0,0.63,3.67,0.62,10.0,0.67,10.0,0.69,10.0,0.03,0.04,2351.84784,1776324834000
1776324836.201,236.201,0.33,14.38,0.32,20.0,0.37,10.0,0.38,2.86,0.62,2.86,0.61,10.0,0.65,10.0,0.66,14.01,0.04,0.03,2351.84784,1776324834000
1776324836.473,236.473,0.39,5.39,0.38,20.0,0.42,11.15,0.45,25.0,0.63,10.0,0.62,2.86,0.67,14.38,0.68,20.0,0.03,0.04,2351.8266,1776324835000
1776324836.816,236.816,0.46,20.0,0.45,20.0,0.47,8.7,0.48,12.31,0.53,9.9,0.52,12.31,0.54,10.0,0.55,15.0,0.01,0.01,2351.8266,1776324835000
1776324837.174,237.174,0.47,15.0,0.46,20.0,0.48,4.18,0.5,42.4,0.52,12.31,0.51,5.09,0.54,20.0,0.55,20.0,0.01,0.02,2351.8266,1776324835000
1776324837.383,237.383,0.5,37.95,0.49,10.0,0.51,48.83,0.52,10.0,0.49,70.4,0.48,10.0,0.5,11.95,0.51,10.0,0.01,0.01,2351.885,1776324836000
1776324837.689,237.689,0.5,25.95,0.49,10.0,0.51,24.69,0.52,10.0,0.49,14.69,0.48,10.0,0.5,32.95,0.51,15.0,0.01,0.01,2351.885,1776324836000
1776324837.949,237.949,0.51,15.0,0.5,40.95,0.52,12.89,0.53,15.0,0.48,18.67,0.47,10.0,0.5,25.95,0.51,10.0,0.01,0.02,2352.6682,1776324837000
1776324838.529,238.529,0.51,33.94,0.5,53.95,0.52,10.0,0.53,10.0,0.46,4.01,0.45,40.0,0.49,15.0,0.5,40.95,0.01,0.03,2352.6682,1776324837000
1776324838.746,238.746,0.53,39.68,0.52,33.07,0.54,62.67,0.59,110.0,0.46,62.67,0.45,30.0,0.47,15.0,0.48,33.07,0.01,0.01,2352.6682,1776324837000
1776324838.997,238.997,0.56,10.0,0.55,15.0,0.57,2.29,0.58,10.0,0.42,10.0,0.41,110.0,0.47,52.68,0.48,33.07,0.01,0.05,2352.6682,1776324837000
1776324839.298,239.298,0.54,28.0,0.53,27.61,0.57,0.25,0.58,79.33,0.43,0.25,0.42,10.0,0.44,10.0,0.45,20.0,0.03,0.01,2352.6682,1776324837000
1776324839.608,239.608,0.54,12.86,0.53,27.61,0.56,32.7,0.57,30.71,0.43,30.71,0.42,79.33,0.46,33.0,0.47,27.61,0.02,0.03,2352.978705,1776324838000
1776324839.887,239.887,0.54,10.68,0.53,27.61,0.55,24.31,0.56,32.7,0.45,24.31,0.44,32.7,0.46,12.86,0.47,27.61,0.01,0.01,2352.978705,1776324838000
1776324840.177,240.177,0.53,9.22,0.52,10.0,0.54,5.0,0.55,22.53,0.45,27.49,0.44,32.7,0.47,27.61,0.48,10.0,0.01,0.02,2352.978705,1776324838000
1776324840.509,240.509,0.54,15.65,0.53,10.0,0.55,11.45,0.56,22.7,0.45,11.45,0.44,22.7,0.47,10.0,0.48,10.0,0.01,0.02,2352.978705,1776324838000
1776324840.818,240.818,0.54,5.65,0.53,10.0,0.56,14.73,0.57,30.46,0.45,7.81,0.44,22.7,0.46,15.65,0.47,10.0,0.02,0.01,2352.978705,1776324838000
1776324841.082,241.082,0.55,5.2,0.54,5.65,0.56,5.28,0.57,40.46,0.44,5.28,0.43,30.46,0.45,10.0,0.46,5.65,0.01,0.01,2352.979155,1776324839000
1776324841.384,241.384,0.55,2.97,0.54,5.65,0.56,5.28,0.57,40.46,0.44,5.28,0.43,40.46,0.45,5.2,0.46,5.65,0.01,0.01,2352.979155,1776324839000
1776324841.747,241.747,0.31,50.0,0.27,30.0,0.51,35.0,0.52,39.0,0.44,5.28,0.43,40.46,0.45,2.97,0.46,5.65,0.2,0.01,2353.086842,1776324840000
1776324842.032,242.032,0.31,60.0,0.3,5.0,0.33,10.0,0.34,10.0,0.68,0.65,0.67,10.0,0.69,60.0,0.71,5.0,0.02,0.01,2353.086842,1776324840000
1776324842.541,242.541,0.31,10.0,0.27,26.0,0.32,5.0,0.33,20.0,0.67,10.0,0.66,10.0,0.69,48.0,0.7,5.0,0.01,0.02,2353.088725,1776324841000
1776324843.006,243.006,0.31,15.0,0.3,5.0,0.33,20.0,0.34,10.0,0.68,5.0,0.67,20.0,0.69,10.0,0.73,26.0,0.02,0.01,2353.088725,1776324841000
1776324843.326,243.326,0.3,10.0,0.29,10.0,0.31,15.0,0.32,10.0,0.67,20.0,0.66,10.0,0.72,16.07,0.73,26.0,0.01,0.05,2353.084602,1776324842000
1776324843.656,243.656,0.32,15.0,0.31,10.0,0.33,15.0,0.34,5.94,0.66,5.94,0.65,15.0,0.7,10.0,0.71,10.0,0.01,0.04,2353.084602,1776324842000
1776324844.414,244.414,0.3,10.0,0.29,10.0,0.31,6.77,0.32,25.0,0.67,15.0,0.66,5.94,0.68,6.94,0.69,10.0,0.01,0.01,2353.084602,1776324842000
1776324845.312,245.312,0.32,20.0,0.31,15.0,0.36,90.65,0.37,15.0,0.69,5.0,0.68,20.0,0.72,10.0,0.73,30.99,0.04,0.03,2352.776284,1776324843000
1776324848.144,248.144,0.33,6.79,0.32,10.0,0.35,10.0,0.36,13.66,0.64,90.65,0.63,15.0,0.68,20.0,0.69,15.0,0.02,0.04,2352.753717,1776324846000
1776324848.421,248.421,0.34,2.87,0.33,6.79,0.35,10.0,0.36,13.66,0.65,10.0,0.64,13.66,0.67,6.79,0.68,10.0,0.01,0.02,2352.753717,1776324846000
1776324849.08,249.08,0.33,3.07,0.32,10.0,0.35,15.0,0.36,13.66,0.65,10.0,0.64,13.66,0.66,2.87,0.67,6.79,0.02,0.01,2352.737795,1776324847000
1776324850.038,250.038,0.35,7.2,0.34,10.0,0.36,5.0,0.37,15.0,0.65,15.0,0.64,13.66,0.67,3.07,0.68,10.0,0.01,0.02,2352.730415,1776324848000
1776324850.931,250.931,0.32,10.0,0.31,10.0,0.35,15.0,0.36,10.0,0.64,5.0,0.63,15.0,0.65,7.2,0.66,10.0,0.03,0.01,2352.73294,1776324849000
1776324853.3,253.3,0.43,15.0,0.42,15.0,0.45,35.11,0.46,90.0,0.65,14.4,0.64,10.0,0.68,10.0,0.69,10.0,0.02,0.03,2352.8029,1776324852000
1776324853.655,253.655,0.44,20.0,0.43,15.0,0.45,24.88,0.46,86.0,0.55,35.11,0.54,90.0,0.57,15.0,0.58,15.0,0.01,0.02,2352.8029,1776324852000
1776324854.298,254.298,0.44,1.51,0.43,15.0,0.45,39.88,0.46,96.0,0.55,24.88,0.54,86.0,0.56,20.0,0.57,15.0,0.01,0.01,2352.8029,1776324852000
1776324854.817,254.817,0.44,10.0,0.43,13.0,0.45,4.88,0.46,50.0,0.55,24.88,0.54,86.0,0.57,13.0,0.58,15.0,0.01,0.02,2352.782738,1776324853000
1776324855.04,255.04,0.47,1.83,0.46,5.0,0.48,10.0,0.49,10.0,0.54,37.47,0.52,45.0,0.56,10.0,0.57,13.0,0.01,0.02,2352.782738,1776324853000
1776324855.409,255.409,0.41,10.0,0.4,10.0,0.42,58.17,0.48,39.38,0.52,34.38,0.51,24.4,0.53,1.83,0.54,5.0,0.01,0.01,2352.7933,1776324854000
1776324855.751,255.751,0.41,10.0,0.4,10.0,0.42,58.17,0.43,10.0,0.58,58.17,0.52,39.38,0.59,10.0,0.6,10.0,0.01,0.01,2352.7933,1776324854000
1776324856.511,256.511,0.4,3.16,0.39,10.0,0.42,81.17,0.43,10.0,0.58,58.17,0.57,10.0,0.59,10.0,0.6,10.0,0.02,0.01,2352.8433,1776324855000
1776324857.162,257.162,0.4,11.66,0.39,10.0,0.41,23.0,0.42,63.17,0.59,10.0,0.58,81.17,0.61,10.0,0.62,25.0,0.01,0.02,2352.8433,1776324855000
1776324857.57,257.57,0.4,4.87,0.39,10.0,0.41,13.0,0.42,63.17,0.59,20.56,0.58,63.17,0.6,11.66,0.61,10.0,0.01,0.01,2352.89136,1776324856000
1776324857.911,257.911,0.4,9.87,0.39,10.0,0.41,6.96,0.42,53.17,0.59,13.0,0.58,63.17,0.6,4.87,0.61,10.0,0.01,0.01,2352.89136,1776324856000
1776324858.732,258.732,0.4,1.53,0.39,22.07,0.41,6.96,0.42,53.17,0.59,6.96,0.58,53.17,0.6,9.87,0.61,10.0,0.01,0.01,2352.891245,1776324857000
1776324859.34,259.34,0.43,3.5,0.42,10.0,0.45,10.0,0.46,10.0,0.53,5.0,0.52,14.4,0.56,1.14,0.57,10.0,0.02,0.03,2352.888715,1776324858000
1776324859.783,259.783,0.46,91.0,0.45,15.0,0.52,3.32,0.53,10.0,0.55,10.0,0.54,10.0,0.57,3.5,0.58,10.0,0.06,0.02,2352.888715,1776324858000
1776324860.331,260.331,0.5,1.0,0.49,2.05,0.51,12.53,0.52,10.0,0.49,2.53,0.48,10.0,0.51,12.05,0.52,20.0,0.01,0.02,2352.89473,1776324859000
1776324863.353,263.353,0.46,54.92,0.45,15.0,0.49,15.0,0.5,15.0,0.49,12.53,0.48,10.0,0.52,5.0,0.54,55.0,0.03,0.03,2353.1305,1776324862000
1776324870.372,270.372,0.55,26.0,0.54,20.0,0.57,30.46,0.59,5.76,0.51,15.0,0.5,15.0,0.54,54.92,0.55,15.0,0.02,0.03,2353.08195,1776324869000
1776324870.876,270.876,0.66,20.0,0.65,15.0,0.67,0.9,0.71,50.0,0.33,16.9,0.29,50.0,0.34,10.0,0.35,15.0,0.01,0.01,2353.08195,1776324869000
1776324871.341,271.341,0.74,15.0,0.73,10.0,0.76,46.97,0.77,70.0,0.29,43.91,0.25,5.0,0.3,10.0,0.31,10.0,0.02,0.01,2353.1383,1776324870000
1776324871.784,271.784,0.75,5.0,0.74,15.0,0.76,31.88,0.77,80.0,0.24,26.88,0.23,70.0,0.25,15.0,0.26,15.0,0.01,0.01,2353.1383,1776324870000
1776324872.05,272.05,0.75,5.0,0.74,15.0,0.76,69.24,0.77,80.0,0.24,31.88,0.23,80.0,0.25,5.0,0.26,15.0,0.01,0.01,2353.1383,1776324870000
1776324872.419,272.419,0.69,5.0,0.68,5.0,0.7,54.97,0.75,20.0,0.24,9.05,0.23,10.0,0.26,4.03,0.27,10.0,0.01,0.02,2353.24285,1776324871000
1776324872.736,272.736,0.68,11.0,0.67,10.0,0.69,80.0,0.7,209.97,0.31,65.0,0.3,139.97,0.32,5.0,0.34,60.0,0.01,0.01,2353.24285,1776324871000
1776324872.953,272.953,0.68,21.0,0.67,10.0,0.69,75.89,0.7,209.97,0.31,77.34,0.3,209.97,0.32,21.0,0.33,10.0,0.01,0.01,2353.24285,1776324871000
1776324873.214,273.214,0.68,21.0,0.67,10.0,0.69,58.4,0.7,204.97,0.31,74.44,0.3,209.97,0.32,21.0,0.33,10.0,0.01,0.01,2353.378445,1776324872000
1776324874.013,274.013,0.68,26.0,0.67,15.0,0.69,47.13,0.7,194.97,0.31,58.4,0.3,204.97,0.32,21.0,0.33,10.0,0.01,0.01,2353.378445,1776324872000
1776324874.281,274.281,0.68,17.87,0.67,15.0,0.69,47.13,0.7,194.97,0.31,47.13,0.3,194.97,0.32,26.0,0.33,15.0,0.01,0.01,2353.378445,1776324872000
1776324874.964,274.964,0.68,28.87,0.67,10.0,0.7,54.97,0.74,5.0,0.31,40.53,0.3,194.97,0.32,17.87,0.33,15.0,0.02,0.01,2353.432721,1776324874000
1776324875.222,275.222,0.74,15.23,0.73,20.0,0.75,3.69,0.79,70.0,0.25,3.69,0.21,70.0,0.27,10.0,0.29,10.0,0.01,0.02,2353.432721,1776324874000
1776324875.961,275.961,0.78,25.0,0.77,10.0,0.79,57.11,0.81,135.0,0.21,62.87,0.19,135.0,0.26,15.23,0.27,20.0,0.01,0.05,2353.39856,1776324875000
1776324876.324,276.324,0.78,30.0,0.77,10.0,0.79,41.97,0.81,125.0,0.21,57.11,0.19,135.0,0.22,25.0,0.23,10.0,0.01,0.01,2353.39856,1776324875000
1776324876.697,276.697,0.78,35.0,0.77,10.0,0.79,35.8,0.81,120.0,0.21,41.97,0.19,125.0,0.22,30.0,0.23,10.0,0.01,0.01,2353.39856,1776324875000
1776324877.297,277.297,0.8,17.5,0.79,15.0,0.81,50.0,0.82,70.0,0.21,30.1,0.19,120.0,0.22,35.0,0.23,10.0,0.01,0.01,2353.407225,1776324876000
1776324877.605,277.605,0.79,15.0,0.78,20.0,0.81,43.87,0.82,80.0,0.19,38.87,0.18,70.0,0.2,12.5,0.21,15.0,0.02,0.01,2353.407225,1776324876000
1776324877.937,277.937,0.76,55.0,0.75,15.0,0.8,20.0,0.81,24.17,0.19,19.17,0.18,80.0,0.21,15.0,0.22,20.0,0.04,0.02,2353.407225,1776324876000
1776324878.344,278.344,0.76,93.0,0.75,15.0,0.78,4.89,0.79,10.0,0.2,20.0,0.19,24.17,0.24,55.0,0.25,15.0,0.02,0.04,2353.48391,1776324877000
1776324879.044,279.044,0.76,79.33,0.75,20.0,0.81,154.17,0.84,150.0,0.22,4.89,0.21,10.0,0.24,93.0,0.25,15.0,0.05,0.02,2353.48391,1776324877000
1776324879.442,279.442,0.8,15.0,0.79,10.0,0.81,157.31,0.83,10.0,0.19,154.17,0.16,150.0,0.24,79.33,0.25,20.0,0.01,0.05,2353.531378,1776324878000
1776324880.313,280.313,0.79,10.0,0.78,10.0,0.81,151.03,0.82,10.0,0.19,157.31,0.17,10.0,0.2,15.0,0.21,10.0,0.02,0.01,2353.501215,1776324879000
1776324880.709,280.709,0.79,15.0,0.78,15.0,0.81,126.95,0.82,10.0,0.19,132.02,0.18,10.0,0.21,10.0,0.22,10.0,0.02,0.02,2353.501215,1776324879000
1776324881.627,281.627,0.8,10.0,0.79,10.0,0.81,107.22,0.82,10.0,0.19,121.95,0.18,10.0,0.21,10.0,0.22,15.0,0.01,0.02,2353.505935,1776324880000
1776324882.064,282.064,0.84,20.0,0.83,20.0,0.86,6.16,0.87,10.0,0.19,107.22,0.18,10.0,0.2,10.0,0.21,10.0,0.02,0.01,2353.505935,1776324880000
1776324882.522,282.522,0.87,40.0,0.86,20.0,0.88,129.77,0.92,10.54,0.13,7.93,0.12,229.73,0.15,148.79,0.16,15.0,0.01,0.02,2353.50218,1776324881000
1776324882.728,282.728,0.87,47.0,0.86,20.0,0.88,80.52,0.92,10.54,0.12,95.52,0.08,10.54,0.13,40.0,0.14,20.0,0.01,0.01,2353.50218,1776324881000
1776324883.36,283.36,0.87,190.09,0.86,20.0,0.88,75.03,0.89,10.0,0.12,75.03,0.08,10.54,0.13,52.0,0.14,20.0,0.01,0.01,2353.562057,1776324882000
1776324883.627,283.627,0.86,5.0,0.83,10.0,0.88,45.03,0.89,80.0,0.12,30.03,0.11,80.0,0.13,133.6,0.14,5.0,0.02,0.01,2353.562057,1776324882000
1776324883.928,283.928,0.86,5.0,0.84,10.0,0.87,1.85,0.88,40.03,0.13,7.72,0.12,40.03,0.14,5.0,0.17,10.0,0.01,0.01,2353.562057,1776324882000
1776324884.3,284.3,0.87,10.0,0.86,208.62,0.88,38.03,0.89,80.0,0.13,5.0,0.12,40.03,0.16,6.87,0.17,10.0,0.01,0.03,2353.585605,1776324883000
1776324884.88,284.88,0.87,41.72,0.86,208.62,0.88,31.75,0.89,10.0,0.12,38.03,0.11,80.0,0.13,10.0,0.14,208.62,0.01,0.01,2353.585605,1776324883000
1776324885.16,285.16,0.87,36.72,0.86,70.0,0.9,80.0,0.91,10.0,0.1,80.0,0.09,10.0,0.13,46.72,0.14,208.62,0.03,0.03,2353.585605,1776324883000
1776324885.469,285.469,0.88,10.0,0.87,176.67,0.9,72.77,0.91,10.0,0.1,77.77,0.09,10.0,0.12,10.0,0.13,176.67,0.02,0.02,2353.61686,1776324884000
1776324885.899,285.899,0.89,36.72,0.88,10.0,0.9,63.88,0.91,10.0,0.1,72.22,0.09,10.0,0.11,10.0,0.12,10.0,0.01,0.01,2353.61686,1776324884000
1776324886.709,286.709,0.89,234.91,0.88,10.0,0.9,52.65,0.91,10.0,0.1,63.88,0.09,10.0,0.11,36.72,0.12,10.0,0.01,0.01,2353.600728,1776324885000
1776324887.101,287.101,0.89,234.91,0.88,10.0,0.9,29.18,0.91,10.0,0.1,52.65,0.09,10.0,0.11,234.91,0.12,10.0,0.01,0.01,2353.600728,1776324885000
1776324887.314,287.314,0.89,166.91,0.88,10.0,0.9,15.85,0.91,10.0,0.1,19.18,0.09,10.0,0.11,171.91,0.12,10.0,0.01,0.01,2353.600728,1776324885000
1776324888.386,288.386,0.89,153.72,0.88,15.0,0.9,15.85,0.92,10.54,0.1,15.85,0.09,10.0,0.11,166.91,0.12,10.0,0.01,0.01,2353.600728,1776324885000
1776324889.067,289.067,0.91,30.0,0.9,15.0,0.92,1.98,0.93,10.0,0.08,10.54,0.07,10.0,0.11,153.72,0.12,15.0,0.01,0.03,2353.600728,1776324885000
1776324889.38,289.38,0.91,25.0,0.9,20.0,0.93,6.58,0.94,10.0,0.08,1.98,0.07,10.0,0.09,30.0,0.1,15.0,0.02,0.01,2353.600728,1776324885000
1776324890.231,290.231,0.93,15.0,0.92,15.0,0.94,13.97,0.95,30.0,0.07,6.58,0.06,10.0,0.09,25.0,0.1,20.0,0.01,0.02,2353.645484,1776324889000
1776324890.555,290.555,0.91,26.0,0.9,10.0,0.94,8.97,0.95,30.0,0.06,13.97,0.05,30.0,0.07,15.0,0.08,15.0,0.03,0.01,2353.645484,1776324889000
1776324890.796,290.796,0.9,10.0,0.89,69.33,0.92,11.73,0.93,10.0,0.07,10.0,0.06,13.97,0.1,10.0,0.11,69.33,0.02,0.03,2353.645484,1776324889000
1776324891.101,291.101,0.91,15.0,0.9,10.0,0.93,14.12,0.94,8.97,0.08,5.0,0.07,15.0,0.1,10.0,0.11,69.33,0.02,0.02,2353.61459,1776324890000
1776324891.497,291.497,0.92,15.0,0.91,15.0,0.93,1.44,0.94,8.97,0.07,14.12,0.06,8.97,0.09,15.0,0.1,10.0,0.01,0.02,2353.61459,1776324890000
1776324891.97,291.97,0.91,0.47,0.9,10.0,0.94,7.9,0.95,30.0,0.06,7.9,0.05,30.0,0.08,29.0,0.09,10.0,0.03,0.02,2353.61459,1776324890000
1776324892.255,292.255,0.93,15.0,0.92,20.0,0.97,84.76,0.98,207.0,0.05,19.0,0.04,35.0,0.08,15.0,0.09,0.47,0.04,0.03,2353.614375,1776324891000
1776324892.744,292.744,0.96,10.0,0.95,27.0,0.97,83.72,0.98,207.0,0.03,84.76,0.02,207.0,0.07,15.0,0.08,20.0,0.01,0.04,2353.614375,1776324891000
1776324893.064,293.064,0.96,22.0,0.95,20.0,0.97,55.61,0.98,207.0,0.03,63.61,0.02,207.0,0.04,27.0,0.05,20.0,0.01,0.01,2353.604896,1776324892000
1776324893.56,293.56,0.89,51.33,0.76,30.0,0.97,1546.6,0.98,988.0,0.03,50.61,0.02,207.0,0.04,22.0,0.05,20.0,0.08,0.01,2353.604896,1776324892000
1776324893.856,293.856,0.68,50.0,0.67,70.0,0.7,30.0,0.75,56.66,0.25,56.66,0.24,120.0,0.32,70.0,0.34,1.26,0.02,0.07,2353.604896,1776324892000
1776324894.244,294.244,0.67,15.58,0.66,50.0,0.72,37.91,0.75,126.66,0.3,27.37,0.25,126.66,0.33,15.58,0.35,70.0,0.05,0.03,2353.604819,1776324893000
1776324894.465,294.465,0.67,15.58,0.66,50.0,0.68,9.35,0.69,10.0,0.28,25.95,0.25,126.66,0.33,15.58,0.34,50.0,0.01,0.05,2353.604819,1776324893000
1776324894.859,294.859,0.71,10.0,0.7,15.0,0.72,38.01,0.75,10.0,0.32,12.05,0.31,10.0,0.33,15.58,0.34,50.0,0.01,0.01,2353.604819,1776324893000
1776324895.136,295.136,0.76,10.0,0.75,10.0,0.79,7.5,0.8,10.0,0.19,26.0,0.18,40.0,0.25,9.12,0.27,10.0,0.03,0.06,2353.604819,1776324893000
1776324895.845,295.845,0.8,70.0,0.77,5.0,0.81,10.0,0.82,10.0,0.19,65.99,0.18,10.0,0.22,10.0,0.23,10.0,0.01,0.03,2353.540605,1776324894000
1776324896.44,296.44,0.82,50.0,0.8,46.18,0.83,8.68,0.84,10.0,0.17,10.0,0.16,40.0,0.18,45.0,0.2,27.18,0.01,0.01,2353.23305,1776324895000
1776324896.852,296.852,0.85,6.13,0.82,55.0,0.87,38.1,0.88,10.0,0.14,10.0,0.13,40.0,0.15,6.13,0.17,10.0,0.02,0.01,2353.23305,1776324895000
1776324897.095,297.095,0.85,6.13,0.84,10.0,0.86,5.0,0.87,8.1,0.13,38.1,0.12,10.0,0.15,6.13,0.18,55.0,0.01,0.02,2353.23305,1776324895000
1776324897.336,297.336,0.86,19.07,0.85,11.13,0.87,10.0,0.88,80.0,0.14,5.0,0.13,8.1,0.15,6.13,0.16,10.0,0.01,0.01,2353.237955,1776324896000
1776324897.578,297.578,0.86,0.64,0.85,6.13,0.87,8.73,0.88,10.0,0.13,8.73,0.12,10.0,0.14,19.07,0.15,6.13,0.01,0.01,2353.237955,1776324896000
1776324898.188,298.188,0.85,6.13,0.82,55.0,0.93,10.0,0.94,40.0,0.13,10.0,0.12,9.73,0.15,6.13,0.18,45.0,0.08,0.02,2353.237955,1776324896000
1776324898.461,298.461,0.94,20.0,0.89,10.0,0.98,110.6,0.99,1662.46,0.05,9.33,0.04,60.0,0.06,20.0,0.13,10.0,0.04,0.01,2353.2281,1776324897000
1776324898.672,298.672,0.97,10.0,0.96,10.0,0.98,13.07,0.99,1162.46,0.02,28.18,0.01,1162.46,0.06,10.0,0.07,10.0,0.01,0.04,2353.2281,1776324897000
1776324898.917,298.917,0.98,142.0,0.97,10.0,0.99,1047.53,,,0.01,1065.53,,,0.03,10.0,0.04,10.0,0.01,0.02,2353.2281,1776324897000
1776324899.134,299.134,0.98,157.0,0.97,20.0,0.99,895.03,,,0.01,1016.03,,,0.02,157.0,0.03,20.0,0.01,0.01,2353.2281,1776324897000
1776324899.415,299.415,0.98,197.0,0.97,20.0,0.99,269.28,,,0.01,274.34,,,0.02,157.0,0.03,20.0,0.01,0.01,2353.2281,1776324897000
1776324899.619,299.619,0.98,257.0,0.97,25.0,0.99,159.73,,,0.01,164.73,,,0.02,262.0,0.03,25.0,0.01,0.01,2353.18784,1776324898000
1776324900.186,300.186,0.99,6901.22,0.98,120.0,,,,,,,,,0.01,40.27,0.02,262.0,,,2353.20747,1776324899000

# RESULT,winner=Up,slug=eth-updown-5m-1776324600,ticks=356
