timestamp,elapsed_sec,up_bid_p1,up_bid_s1,up_bid_p2,up_bid_s2,up_ask_p1,up_ask_s1,up_ask_p2,up_ask_s2,down_bid_p1,down_bid_s1,down_bid_p2,down_bid_s2,down_ask_p1,down_ask_s1,down_ask_p2,down_ask_s2,up_spread,down_spread,eth_price,eth_oracle_ts
1776219601.461,1.461,,,,,,,,,,,,,,,,,,,2334.34089,1776219600000
1776219601.944,1.944,0.5,10.0,0.49,10.0,0.51,10.0,0.52,75.0,0.49,15.0,0.48,70.0,0.5,5.0,0.53,31.0,0.01,0.01,2334.34089,1776219600000
1776219602.297,2.297,0.5,10.0,0.49,10.0,0.51,8.03,0.52,75.0,0.49,8.03,0.48,75.0,0.5,10.0,0.51,10.0,0.01,0.01,2334.353121,1776219601000
1776219603.362,3.362,0.5,23.0,0.49,15.0,0.52,10.0,0.53,5.0,0.49,8.03,0.48,75.0,0.5,10.0,0.51,10.0,0.02,0.01,2334.353121,1776219601000
1776219603.694,3.694,0.54,15.0,0.53,5.0,0.56,8.0,0.57,5.0,0.45,3.0,0.44,10.0,0.46,10.0,0.49,10.0,0.02,0.01,2334.32765,1776219602000
1776219604.352,4.352,0.54,15.0,0.53,5.0,0.56,8.0,0.57,5.0,0.44,8.0,0.43,5.0,0.46,15.0,0.47,5.0,0.02,0.02,2334.31467,1776219603000
1776219604.579,4.579,0.55,5.0,0.54,15.0,0.56,8.0,0.57,28.0,0.44,8.0,0.43,5.0,0.46,15.0,0.47,5.0,0.01,0.02,2334.31467,1776219603000
1776219605.045,5.045,0.56,28.03,0.55,9.0,0.57,23.0,0.58,85.0,0.44,8.0,0.43,28.0,0.45,5.0,0.46,15.0,0.01,0.01,2334.31467,1776219603000
1776219605.785,5.785,0.56,28.03,0.55,9.0,0.57,23.0,0.58,85.0,0.43,23.0,0.42,85.0,0.44,28.03,0.45,9.0,0.01,0.01,2334.522771,1776219604000
1776219606.242,6.242,0.56,33.47,0.55,19.0,0.57,2.53,0.58,10.0,0.43,4.29,0.42,10.0,0.44,28.47,0.45,14.0,0.01,0.01,2334.522771,1776219604000
1776219606.575,6.575,0.56,31.19,0.55,19.0,0.57,0.77,0.58,28.0,0.43,0.77,0.42,10.0,0.44,33.47,0.45,19.0,0.01,0.01,2334.59968,1776219605000
1776219606.896,6.896,0.56,33.91,0.55,19.0,0.57,9.01,0.58,23.0,0.43,0.77,0.42,28.0,0.44,28.91,0.45,19.0,0.01,0.01,2334.59968,1776219605000
1776219607.119,7.119,0.56,33.91,0.55,19.0,0.57,9.01,0.58,23.0,0.43,9.01,0.42,23.0,0.44,33.91,0.45,19.0,0.01,0.01,2334.608925,1776219606000
1776219607.597,7.597,0.56,33.91,0.55,19.0,0.57,20.49,0.58,28.0,0.43,22.25,0.42,28.0,0.44,28.91,0.45,19.0,0.01,0.01,2334.608925,1776219606000
1776219608.337,8.337,0.56,28.91,0.55,19.0,0.57,20.49,0.58,28.0,0.43,20.49,0.42,28.0,0.44,33.91,0.45,19.0,0.01,0.01,2334.608925,1776219606000
1776219608.608,8.608,0.56,28.91,0.55,19.0,0.57,20.49,0.58,28.0,0.43,20.49,0.42,28.0,0.44,28.91,0.45,19.0,0.01,0.01,2334.640858,1776219607000
1776219608.907,8.907,0.56,28.91,0.55,19.0,0.57,15.01,0.58,33.0,0.43,20.49,0.42,28.0,0.44,28.91,0.45,19.0,0.01,0.01,2334.640858,1776219607000
1776219609.198,9.198,0.56,28.91,0.55,19.0,0.57,15.01,0.58,33.0,0.43,15.01,0.42,33.0,0.44,28.91,0.45,19.0,0.01,0.01,2334.696135,1776219608000
1776219610.172,10.172,0.56,28.91,0.55,19.0,0.57,15.01,0.58,33.0,0.43,15.01,0.42,33.0,0.44,28.91,0.45,19.0,0.01,0.01,2334.702398,1776219609000
1776219610.4,10.4,0.56,53.91,0.55,10.0,0.57,20.01,0.58,38.0,0.43,15.01,0.42,33.0,0.44,28.91,0.45,19.0,0.01,0.01,2334.702398,1776219609000
1776219611.334,11.334,0.56,53.91,0.55,10.0,0.57,20.01,0.58,38.0,0.43,20.01,0.42,38.0,0.44,53.91,0.45,10.0,0.01,0.01,2334.701452,1776219610000
1776219611.952,11.952,0.56,126.91,0.55,10.0,0.58,11.57,0.59,168.0,0.43,20.01,0.42,38.0,0.44,53.91,0.45,10.0,0.02,0.01,2334.701452,1776219610000
1776219612.357,12.357,0.56,126.91,0.55,10.0,0.58,11.57,0.59,168.0,0.42,11.57,0.41,168.0,0.44,126.91,0.45,10.0,0.02,0.02,2334.68821,1776219611000
1776219612.95,12.95,0.57,108.0,0.56,85.33,0.6,6.0,0.63,5.0,0.4,6.0,0.37,5.0,0.43,108.0,0.44,85.33,0.03,0.03,2334.691903,1776219612000
1776219615.724,15.724,0.57,108.0,0.56,85.33,0.6,6.0,0.63,5.0,0.4,6.0,0.37,5.0,0.43,108.0,0.44,85.33,0.03,0.03,2334.79114,1776219614000
1776219615.954,15.954,0.59,123.0,0.58,40.0,0.6,26.0,0.61,19.0,0.4,6.0,0.37,5.0,0.43,108.0,0.44,85.33,0.01,0.03,2334.79114,1776219614000
1776219616.184,16.184,0.59,123.0,0.58,40.0,0.6,26.0,0.61,19.0,0.4,26.0,0.39,19.0,0.41,123.0,0.42,40.0,0.01,0.01,2334.79277,1776219615000
1776219616.618,16.618,0.59,123.0,0.58,35.0,0.6,11.51,0.61,13.0,0.4,26.0,0.39,19.0,0.41,123.0,0.42,40.0,0.01,0.01,2334.79277,1776219615000
1776219617.103,17.103,0.6,45.0,0.59,129.0,0.63,19.0,0.64,63.0,0.4,11.51,0.39,13.0,0.41,123.0,0.42,35.0,0.03,0.01,2334.79277,1776219615000
1776219617.596,17.596,0.63,20.0,0.62,36.0,0.64,81.87,0.65,30.0,0.36,73.87,0.35,17.0,0.37,15.0,0.38,15.0,0.01,0.01,2334.794385,1776219616000
1776219618.282,18.282,0.63,46.0,0.62,36.0,0.64,77.18,0.65,30.0,0.36,77.18,0.35,30.0,0.37,46.0,0.38,36.0,0.01,0.01,2334.842867,1776219617000
1776219619.197,19.197,0.63,73.29,0.62,36.0,0.64,65.0,0.65,30.0,0.36,65.0,0.35,30.0,0.37,73.29,0.38,36.0,0.01,0.01,2334.980839,1776219618000
1776219619.604,19.604,0.63,68.29,0.62,36.0,0.64,120.0,0.65,38.0,0.36,65.0,0.35,30.0,0.37,73.29,0.38,36.0,0.01,0.01,2334.980839,1776219618000
1776219620.155,20.155,0.63,68.29,0.62,36.0,0.64,120.0,0.65,38.0,0.36,120.0,0.35,38.0,0.37,68.29,0.38,36.0,0.01,0.01,2335.0246,1776219619000
1776219621.152,21.152,0.63,68.29,0.62,36.0,0.64,120.0,0.65,38.0,0.36,120.0,0.35,38.0,0.37,68.29,0.38,36.0,0.01,0.01,2335.025472,1776219620000
1776219621.597,21.597,0.63,78.29,0.62,36.0,0.64,94.0,0.65,48.0,0.36,120.0,0.35,38.0,0.37,68.29,0.38,36.0,0.01,0.01,2335.025472,1776219620000
1776219622.229,22.229,0.63,78.29,0.62,36.0,0.64,94.0,0.65,48.0,0.36,94.0,0.35,48.0,0.37,78.29,0.38,36.0,0.01,0.01,2335.031983,1776219621000
1776219622.748,22.748,0.63,38.29,0.62,89.0,0.64,14.68,0.65,96.0,0.36,94.0,0.35,48.0,0.37,78.29,0.38,36.0,0.01,0.01,2335.031983,1776219621000
1776219623.285,23.285,0.63,38.29,0.62,89.0,0.64,14.68,0.65,96.0,0.36,14.68,0.35,96.0,0.37,38.29,0.38,89.0,0.01,0.01,2335.031846,1776219622000
1776219623.586,23.586,0.63,101.29,0.62,31.0,0.65,23.43,0.66,27.0,0.36,3.43,0.35,25.0,0.37,101.29,0.38,31.0,0.02,0.01,2335.031846,1776219622000
1776219624.216,24.216,0.63,101.29,0.62,31.0,0.65,23.43,0.66,27.0,0.35,23.43,0.34,27.0,0.37,101.29,0.38,31.0,0.02,0.02,2335.049289,1776219623000
1776219625.278,25.278,0.63,101.29,0.62,31.0,0.65,23.43,0.66,27.0,0.35,23.43,0.34,27.0,0.37,101.29,0.38,31.0,0.02,0.02,2335.057551,1776219624000
1776219625.616,25.616,0.64,25.0,0.63,91.29,0.65,25.0,0.66,63.0,0.35,23.43,0.34,27.0,0.37,101.29,0.38,31.0,0.01,0.02,2335.057551,1776219624000
1776219626.215,26.215,0.64,25.0,0.63,91.29,0.65,25.0,0.66,63.0,0.35,25.0,0.34,63.0,0.36,25.0,0.37,91.29,0.01,0.01,2335.068045,1776219625000
1776219627.108,27.108,0.64,25.0,0.63,91.29,0.65,25.0,0.66,63.0,0.35,25.0,0.34,63.0,0.36,25.0,0.37,91.29,0.01,0.01,2335.074316,1776219626000
1776219628.672,28.672,0.64,25.0,0.63,91.29,0.65,25.0,0.66,63.0,0.35,25.0,0.34,63.0,0.36,25.0,0.37,91.29,0.01,0.01,2335.071351,1776219627000
1776219629.218,29.218,0.64,25.0,0.63,91.29,0.65,25.0,0.66,63.0,0.35,25.0,0.34,63.0,0.36,25.0,0.37,91.29,0.01,0.01,2335.073833,1776219628000
1776219630.363,30.363,0.64,25.0,0.63,91.29,0.65,25.0,0.66,63.0,0.35,25.0,0.34,63.0,0.36,25.0,0.37,91.29,0.01,0.01,2335.082372,1776219629000
1776219630.843,30.843,0.64,125.0,0.63,28.29,0.65,13.4,0.67,63.0,0.35,25.0,0.34,63.0,0.36,25.0,0.37,91.29,0.01,0.01,2335.082372,1776219629000
1776219632.111,32.111,0.64,125.0,0.63,28.29,0.65,13.4,0.67,63.0,0.35,13.4,0.33,63.0,0.36,125.0,0.37,28.29,0.01,0.01,2335.124943,1776219631000
1776219633.136,33.136,0.64,125.0,0.63,28.29,0.65,13.4,0.67,63.0,0.35,13.4,0.33,63.0,0.36,125.0,0.37,28.29,0.01,0.01,2335.10938,1776219632000
1776219634.281,34.281,0.64,125.0,0.63,28.29,0.65,13.4,0.67,63.0,0.35,13.4,0.33,63.0,0.36,125.0,0.37,28.29,0.01,0.01,2335.099335,1776219633000
1776219634.488,34.488,0.66,189.0,0.65,88.99,0.68,5.9,0.7,5.0,0.35,13.4,0.33,63.0,0.36,125.0,0.37,28.29,0.02,0.01,2335.099335,1776219633000
1776219634.834,34.834,0.73,70.0,0.72,20.0,0.74,42.51,0.75,99.0,0.28,4.29,0.27,18.0,0.31,38.1,0.32,15.0,0.01,0.03,2335.099335,1776219633000
1776219635.361,35.361,0.73,75.0,0.72,20.0,0.74,42.51,0.75,99.0,0.26,42.51,0.25,99.0,0.27,75.0,0.28,20.0,0.01,0.01,2335.13743,1776219634000
1776219635.823,35.823,0.73,51.29,0.72,20.0,0.74,105.51,0.75,99.0,0.26,42.51,0.25,99.0,0.27,75.0,0.28,20.0,0.01,0.01,2335.13743,1776219634000
1776219636.143,36.143,0.73,5.0,0.72,5.0,0.74,162.15,0.75,47.0,0.26,120.51,0.25,99.0,0.27,27.98,0.28,20.0,0.01,0.01,2335.13743,1776219634000
1776219636.434,36.434,0.63,5.58,0.62,11.0,0.64,10.0,0.65,10.0,0.36,10.0,0.35,10.0,0.37,5.58,0.38,11.0,0.01,0.01,2335.1822,1776219635000
1776219637.009,37.009,0.62,7.0,0.61,10.0,0.63,9.21,0.64,10.0,0.37,9.21,0.36,10.0,0.38,7.0,0.39,10.0,0.01,0.01,2335.310072,1776219636000
1776219637.41,37.41,0.61,15.0,0.6,10.0,0.62,15.24,0.63,90.21,0.37,9.21,0.36,10.0,0.38,7.0,0.39,10.0,0.01,0.01,2335.310072,1776219636000
1776219637.637,37.637,0.61,25.0,0.6,15.0,0.62,15.83,0.63,82.21,0.38,15.24,0.37,90.21,0.39,15.0,0.4,10.0,0.01,0.01,2335.310072,1776219636000
1776219638.198,38.198,0.61,25.0,0.6,15.0,0.62,15.83,0.63,82.21,0.38,15.83,0.37,82.21,0.39,25.0,0.4,15.0,0.01,0.01,2335.133207,1776219637000
1776219638.631,38.631,0.64,50.0,0.63,20.0,0.65,16.0,0.66,55.0,0.35,18.0,0.34,55.0,0.39,113.0,0.4,20.0,0.01,0.04,2335.133207,1776219637000
1776219639.208,39.208,0.64,50.0,0.63,20.0,0.65,14.46,0.66,55.0,0.35,14.46,0.34,55.0,0.36,50.0,0.37,20.0,0.01,0.01,2334.981766,1776219638000
1776219640.312,40.312,0.64,50.0,0.63,20.0,0.65,14.46,0.66,55.0,0.35,14.46,0.34,55.0,0.36,50.0,0.37,20.0,0.01,0.01,2334.96123,1776219639000
1776219641.309,41.309,0.64,50.0,0.63,20.0,0.65,14.46,0.66,55.0,0.35,14.46,0.34,55.0,0.36,50.0,0.37,20.0,0.01,0.01,2334.981995,1776219640000
1776219641.931,41.931,0.64,50.0,0.63,20.0,0.65,14.46,0.66,55.0,0.35,14.46,0.34,55.0,0.36,50.0,0.37,20.0,0.01,0.01,2335.006835,1776219641000
1776219643.093,43.093,0.64,50.0,0.63,20.0,0.65,14.46,0.66,55.0,0.35,14.46,0.34,55.0,0.36,50.0,0.37,20.0,0.01,0.01,2335.01342,1776219642000
1776219643.626,43.626,0.64,67.22,0.63,78.0,0.65,9.46,0.66,14.0,0.35,9.46,0.34,14.0,0.36,70.0,0.37,78.0,0.01,0.01,2335.01342,1776219642000
1776219643.952,43.952,0.64,64.44,0.63,73.0,0.65,12.92,0.66,14.0,0.35,7.92,0.34,14.0,0.36,62.22,0.37,78.0,0.01,0.01,2335.01342,1776219642000
1776219645.218,45.218,0.64,59.44,0.63,78.0,0.65,10.72,0.66,13.0,0.35,12.92,0.34,14.0,0.36,64.44,0.37,73.0,0.01,0.01,2335.01342,1776219642000
1776219646.015,46.015,0.64,59.44,0.63,78.0,0.65,10.72,0.66,13.0,0.35,10.72,0.34,13.0,0.36,59.44,0.37,78.0,0.01,0.01,2335.0163,1776219645000
1776219646.818,46.818,0.64,64.44,0.63,20.0,0.65,9.07,0.66,13.0,0.35,10.72,0.34,13.0,0.36,59.44,0.37,78.0,0.01,0.01,2335.0163,1776219645000
1776219647.258,47.258,0.64,64.44,0.63,20.0,0.67,89.97,0.68,172.0,0.35,9.07,0.34,13.0,0.36,64.44,0.37,20.0,0.03,0.01,2335.0163,1776219645000
1776219648.58,48.58,0.66,102.0,0.65,25.0,0.67,48.97,0.68,91.0,0.33,89.97,0.32,172.0,0.36,64.44,0.37,20.0,0.01,0.03,2335.01479,1776219646000
1776219648.959,48.959,0.66,69.05,0.65,20.0,0.67,35.97,0.68,91.0,0.33,25.97,0.32,91.0,0.34,107.0,0.35,20.0,0.01,0.01,2335.01428,1776219647000
1776219649.196,49.196,0.66,104.05,0.65,20.0,0.67,32.96,0.68,91.0,0.33,32.96,0.32,91.0,0.34,104.05,0.35,20.0,0.01,0.01,2335.01641,1776219648000
1776219649.654,49.654,0.66,98.15,0.65,20.0,0.67,22.46,0.68,100.0,0.33,32.96,0.32,91.0,0.34,98.15,0.35,20.0,0.01,0.01,2335.01641,1776219648000
1776219649.973,49.973,0.66,82.25,0.65,20.0,0.67,22.46,0.68,100.0,0.33,22.46,0.32,100.0,0.34,90.2,0.35,20.0,0.01,0.01,2335.01641,1776219648000
1776219650.29,50.29,0.66,87.25,0.65,20.0,0.67,20.96,0.68,100.0,0.33,22.46,0.32,100.0,0.34,82.25,0.35,20.0,0.01,0.01,2335.01641,1776219648000
1776219650.614,50.614,0.66,87.25,0.65,20.0,0.67,20.96,0.68,100.0,0.33,20.96,0.32,100.0,0.34,87.25,0.35,20.0,0.01,0.01,2335.073846,1776219649000
1776219651.4,51.4,0.66,87.25,0.65,20.0,0.67,20.96,0.68,100.0,0.33,20.96,0.32,100.0,0.34,87.25,0.35,20.0,0.01,0.01,2335.115929,1776219650000
1776219651.638,51.638,0.66,47.25,0.65,20.0,0.67,16.48,0.68,168.0,0.33,20.96,0.32,100.0,0.34,87.25,0.35,20.0,0.01,0.01,2335.115929,1776219650000
1776219651.989,51.989,0.66,161.25,0.65,90.0,0.67,2.61,0.68,10.0,0.33,16.48,0.32,168.0,0.34,47.25,0.35,20.0,0.01,0.01,2335.115929,1776219650000
1776219652.228,52.228,0.67,88.0,0.66,133.0,0.7,11.43,0.71,16.0,0.32,5.66,0.3,20.0,0.33,16.0,0.34,195.25,0.03,0.01,2335.115929,1776219651000
1776219652.641,52.641,0.69,5.0,0.68,6.0,0.7,8.33,0.73,9.0,0.3,9.9,0.26,20.15,0.32,6.0,0.33,171.3,0.01,0.02,2335.115929,1776219651000
1776219652.855,52.855,0.69,40.0,0.68,32.0,0.7,3.33,0.73,9.0,0.3,8.33,0.27,9.0,0.31,5.0,0.32,6.0,0.01,0.01,2335.115929,1776219651000
1776219653.387,53.387,0.72,22.0,0.71,15.0,0.75,6.58,0.76,55.0,0.3,3.33,0.27,9.0,0.31,40.0,0.32,32.0,0.03,0.01,2335.115929,1776219651000
1776219654.097,54.097,0.72,22.0,0.71,15.0,0.75,6.58,0.76,55.0,0.25,6.58,0.24,55.0,0.28,22.0,0.29,15.0,0.03,0.03,2335.144209,1776219653000
1776219655.312,55.312,0.72,22.0,0.71,15.0,0.75,6.58,0.76,55.0,0.25,6.58,0.24,55.0,0.28,22.0,0.29,15.0,0.03,0.03,2335.448471,1776219654000
1776219655.941,55.941,0.72,22.0,0.71,15.0,0.75,6.58,0.76,55.0,0.25,6.58,0.24,55.0,0.28,22.0,0.29,15.0,0.03,0.03,2335.449442,1776219655000
1776219656.981,56.981,0.74,55.11,0.73,33.0,0.75,114.58,0.76,74.0,0.25,6.58,0.24,55.0,0.28,22.0,0.29,15.0,0.01,0.03,2335.449442,1776219655000
1776219657.208,57.208,0.74,55.11,0.73,33.0,0.75,133.58,0.76,74.0,0.25,133.58,0.24,74.0,0.26,55.11,0.27,33.0,0.01,0.01,2335.440362,1776219656000
1776219658.52,58.52,0.74,55.11,0.73,33.0,0.75,133.58,0.76,74.0,0.25,133.58,0.24,74.0,0.26,55.11,0.27,33.0,0.01,0.01,2335.443823,1776219657000
1776219659.12,59.12,0.74,65.11,0.73,33.0,0.75,121.15,0.76,79.0,0.25,121.15,0.24,79.0,0.26,65.11,0.27,33.0,0.01,0.01,2335.405461,1776219658000
1776219659.321,59.321,0.74,18.11,0.73,33.0,0.75,61.72,0.76,137.0,0.25,61.72,0.24,137.0,0.26,23.11,0.27,33.0,0.01,0.01,2335.405461,1776219658000
1776219660.37,60.37,0.74,33.11,0.73,28.0,0.75,57.45,0.76,137.0,0.25,61.72,0.24,137.0,0.26,18.11,0.27,33.0,0.01,0.01,2335.405461,1776219658000
1776219660.679,60.679,0.74,33.11,0.73,28.0,0.75,57.45,0.76,137.0,0.25,57.45,0.24,137.0,0.26,33.11,0.27,28.0,0.01,0.01,2335.46318,1776219659000
1776219660.933,60.933,0.66,10.0,0.64,66.87,0.74,8.0,0.75,206.9,0.25,57.45,0.24,137.0,0.26,33.11,0.27,28.0,0.08,0.01,2335.46318,1776219659000
1776219661.214,61.214,0.65,4.9,0.64,66.87,0.66,144.42,0.67,34.0,0.34,144.42,0.33,34.0,0.35,4.9,0.36,66.87,0.01,0.01,2335.449229,1776219660000
1776219661.556,61.556,0.64,5.0,0.61,5.0,0.65,41.9,0.66,240.42,0.34,144.42,0.33,34.0,0.35,4.9,0.36,66.87,0.01,0.01,2335.449229,1776219660000
1776219662.002,62.002,0.57,5.0,0.56,18.91,0.61,113.0,0.62,15.0,0.35,46.9,0.34,240.42,0.4,10.0,0.41,5.0,0.04,0.05,2335.449229,1776219660000
1776219662.377,62.377,0.57,0.34,0.56,18.91,0.61,116.24,0.62,15.0,0.39,116.24,0.38,15.0,0.43,0.34,0.44,18.91,0.04,0.04,2335.413986,1776219661000
1776219662.932,62.932,0.56,23.91,0.55,84.0,0.57,4.88,0.58,10.0,0.43,4.88,0.42,10.0,0.44,23.91,0.45,84.0,0.01,0.01,2335.080877,1776219662000
1776219663.152,63.152,0.54,10.0,0.53,78.9,0.57,20.0,0.58,80.0,0.43,4.88,0.42,10.0,0.44,23.91,0.45,84.0,0.03,0.01,2335.080877,1776219662000
1776219664.069,64.069,0.55,10.0,0.54,9.32,0.56,62.14,0.57,15.0,0.44,10.0,0.43,20.0,0.46,4.32,0.47,78.9,0.01,0.02,2335.080877,1776219662000
1776219665.312,65.312,0.55,347.75,0.54,147.17,0.56,11.14,0.58,12.0,0.44,62.14,0.43,15.0,0.45,10.0,0.46,9.32,0.01,0.01,2334.840705,1776219663000
1776219665.818,65.818,0.55,357.75,0.54,147.17,0.58,9.16,0.59,10.0,0.44,11.14,0.42,12.0,0.45,347.75,0.46,147.17,0.03,0.01,2334.801451,1776219664000
1776219666.452,66.452,0.55,357.75,0.54,147.17,0.58,9.16,0.59,10.0,0.42,9.16,0.41,10.0,0.45,357.75,0.46,147.17,0.03,0.03,2334.813587,1776219665000
1776219667.076,67.076,0.55,357.75,0.54,147.17,0.58,9.16,0.59,10.0,0.42,9.16,0.41,10.0,0.45,357.75,0.46,147.17,0.03,0.03,2334.699612,1776219666000
1776219668.263,68.263,0.55,357.75,0.54,147.17,0.58,9.16,0.59,10.0,0.42,9.16,0.41,10.0,0.45,357.75,0.46,147.17,0.03,0.03,2334.711935,1776219667000
1776219668.888,68.888,0.55,357.75,0.54,147.17,0.58,9.16,0.59,10.0,0.42,9.16,0.41,10.0,0.45,357.75,0.46,147.17,0.03,0.03,2334.71198,1776219668000
1776219669.186,69.186,0.57,16.0,0.56,57.71,0.58,17.0,0.59,15.0,0.42,9.16,0.41,10.0,0.45,357.75,0.46,147.17,0.01,0.03,2334.71198,1776219668000
1776219670.101,70.101,0.57,16.0,0.56,57.71,0.58,17.0,0.59,15.0,0.42,17.0,0.41,15.0,0.43,16.0,0.44,57.71,0.01,0.01,2334.691639,1776219669000
1776219671.259,71.259,0.57,16.0,0.56,57.71,0.58,17.0,0.59,15.0,0.42,17.0,0.41,15.0,0.43,16.0,0.44,57.71,0.01,0.01,2334.691615,1776219670000
1776219672.303,72.303,0.57,16.0,0.56,57.71,0.58,17.0,0.59,15.0,0.42,17.0,0.41,15.0,0.43,16.0,0.44,57.71,0.01,0.01,2334.680972,1776219671000
1776219672.938,72.938,0.56,40.71,0.55,272.75,0.57,5.0,0.58,94.0,0.42,17.0,0.41,15.0,0.43,16.0,0.44,57.71,0.01,0.01,2334.680972,1776219671000
1776219673.172,73.172,0.56,7.14,0.55,272.75,0.57,241.0,0.58,40.0,0.43,15.0,0.42,179.0,0.44,15.71,0.45,272.75,0.01,0.01,2334.680972,1776219671000
1776219673.434,73.434,0.55,47.57,0.5,125.7,0.56,214.21,0.57,95.0,0.44,214.21,0.43,100.0,0.45,57.57,0.49,5.0,0.01,0.01,2334.680386,1776219672000
1776219673.643,73.643,0.55,40.22,0.52,5.0,0.56,212.42,0.57,49.0,0.44,219.21,0.43,49.0,0.45,40.22,0.48,5.0,0.01,0.01,2334.680386,1776219672000
1776219673.943,73.943,0.52,10.0,0.51,105.99,0.53,23.11,0.54,31.0,0.44,217.42,0.43,49.0,0.48,5.0,0.5,125.7,0.01,0.04,2334.680386,1776219672000
1776219674.291,74.291,0.52,5.0,0.51,105.99,0.53,28.63,0.54,36.0,0.47,23.11,0.46,31.0,0.48,7.91,0.49,105.99,0.01,0.01,2334.680386,1776219673000
1776219674.585,74.585,0.51,7.95,0.5,87.84,0.52,15.0,0.53,17.63,0.47,33.63,0.46,36.0,0.49,79.99,0.5,87.84,0.01,0.02,2334.680386,1776219673000
1776219675.367,75.367,0.51,7.95,0.5,87.84,0.52,15.0,0.53,17.63,0.48,15.0,0.47,17.63,0.49,7.95,0.5,87.84,0.01,0.01,2334.532596,1776219674000
1776219676.015,76.015,0.51,7.95,0.5,87.84,0.52,15.0,0.53,17.63,0.48,15.0,0.47,17.63,0.49,7.95,0.5,87.84,0.01,0.01,2334.511336,1776219675000
1776219676.647,76.647,0.51,5.93,0.5,87.84,0.52,25.0,0.53,15.0,0.48,30.0,0.47,15.0,0.49,7.98,0.5,87.84,0.01,0.01,2334.511336,1776219675000
1776219676.984,76.984,0.51,100.49,0.5,87.84,0.52,20.0,0.53,15.0,0.48,25.0,0.47,15.0,0.49,5.93,0.5,87.84,0.01,0.01,2334.511336,1776219675000
1776219678.259,78.259,0.51,100.49,0.5,87.84,0.52,20.0,0.53,15.0,0.48,20.0,0.47,15.0,0.49,100.49,0.5,87.84,0.01,0.01,2334.512165,1776219677000
1776219679.12,79.12,0.51,29.92,0.5,108.84,0.52,20.0,0.53,15.0,0.48,20.0,0.47,15.0,0.49,100.49,0.5,87.84,0.01,0.01,2334.512165,1776219677000
1776219679.847,79.847,0.51,29.92,0.5,108.84,0.52,20.0,0.53,15.0,0.48,20.0,0.47,15.0,0.49,29.92,0.5,108.84,0.01,0.01,2334.518664,1776219679000
1776219681.0,81.0,0.51,29.92,0.5,108.84,0.52,20.0,0.53,15.0,0.48,20.0,0.47,15.0,0.49,29.92,0.5,108.84,0.01,0.01,2334.518608,1776219680000
1776219681.508,81.508,0.51,20.13,0.5,108.84,0.52,18.05,0.53,15.0,0.48,20.0,0.47,15.0,0.49,29.92,0.5,108.84,0.01,0.01,2334.518608,1776219680000
1776219682.052,82.052,0.51,30.13,0.5,108.84,0.52,21.1,0.53,10.0,0.48,18.05,0.47,15.0,0.49,20.13,0.5,108.84,0.01,0.01,2334.518608,1776219680000
1776219682.408,82.408,0.5,11.84,0.49,5.0,0.51,182.5,0.52,59.0,0.48,21.1,0.47,10.0,0.49,30.13,0.5,108.84,0.01,0.01,2334.513853,1776219681000
1776219682.712,82.712,0.42,15.0,0.41,25.0,0.45,157.0,0.46,85.0,0.55,10.0,0.54,130.0,0.56,9.9,0.57,14.0,0.03,0.01,2334.513853,1776219681000
1776219682.946,82.946,0.41,20.0,0.4,20.0,0.42,95.0,0.43,45.0,0.57,48.77,0.56,28.92,0.59,22.57,0.6,5.0,0.01,0.02,2334.513853,1776219681000
1776219683.2,83.2,0.4,3.0,0.39,5.0,0.42,59.0,0.43,62.0,0.58,59.0,0.57,62.0,0.6,3.0,0.61,5.0,0.02,0.02,2334.501906,1776219682000
1776219683.7,83.7,0.4,49.13,0.39,25.0,0.41,56.0,0.42,30.0,0.58,59.0,0.57,62.0,0.6,3.0,0.61,5.0,0.01,0.02,2334.501906,1776219682000
1776219683.964,83.964,0.37,25.8,0.32,10.0,0.41,173.0,0.42,35.0,0.59,131.0,0.58,35.0,0.6,27.13,0.63,25.8,0.04,0.01,2334.501906,1776219682000
1776219684.33,84.33,0.32,5.0,0.31,13.0,0.33,55.0,0.34,15.0,0.62,10.0,0.6,10.0,0.68,10.0,0.69,13.0,0.01,0.06,2334.501906,1776219682000
1776219684.956,84.956,0.31,5.92,0.3,5.0,0.33,25.0,0.34,15.0,0.67,25.0,0.66,15.0,0.69,5.92,0.7,5.0,0.02,0.02,2333.903,1776219684000
1776219685.736,85.736,0.31,4.64,0.3,96.8,0.32,20.0,0.33,25.0,0.67,25.0,0.66,15.0,0.69,5.92,0.7,5.0,0.01,0.02,2333.903,1776219684000
1776219686.025,86.025,0.31,4.64,0.3,96.8,0.32,5.16,0.33,25.0,0.68,5.16,0.67,25.0,0.69,4.64,0.7,96.8,0.01,0.01,2333.67,1776219685000
1776219686.717,86.717,0.31,163.67,0.3,113.8,0.32,15.16,0.33,25.0,0.68,5.16,0.67,25.0,0.69,4.64,0.7,96.8,0.01,0.01,2333.67,1776219685000
1776219686.955,86.955,0.31,254.8,0.3,113.8,0.32,9.5,0.33,25.0,0.68,15.16,0.67,25.0,0.69,163.67,0.7,113.8,0.01,0.01,2333.67,1776219685000
1776219687.164,87.164,0.31,254.8,0.3,113.8,0.32,9.5,0.33,25.0,0.68,9.5,0.67,25.0,0.69,254.8,0.7,113.8,0.01,0.01,2333.642335,1776219686000
1776219687.597,87.597,0.31,228.67,0.3,113.8,0.33,25.0,0.34,15.0,0.68,9.5,0.67,25.0,0.69,254.8,0.7,113.8,0.02,0.01,2333.642335,1776219686000
1776219687.893,87.893,0.31,233.67,0.3,113.8,0.32,5.0,0.33,25.0,0.67,25.0,0.66,15.0,0.69,228.67,0.7,113.8,0.01,0.02,2333.642335,1776219686000
1776219688.235,88.235,0.31,233.67,0.3,113.8,0.32,5.0,0.33,25.0,0.68,5.0,0.67,25.0,0.69,233.67,0.7,113.8,0.01,0.01,2333.634931,1776219687000
1776219689.609,89.609,0.31,143.22,0.3,103.15,0.32,81.0,0.33,30.0,0.68,5.0,0.67,25.0,0.69,233.67,0.7,113.8,0.01,0.01,2333.634931,1776219687000
1776219689.885,89.885,0.31,143.22,0.3,37.0,0.32,76.0,0.33,30.0,0.68,81.0,0.67,30.0,0.69,143.22,0.7,103.15,0.01,0.01,2333.641785,1776219688000
1776219690.176,90.176,0.31,143.22,0.3,37.0,0.32,76.0,0.33,30.0,0.68,76.0,0.67,30.0,0.69,143.22,0.7,37.0,0.01,0.01,2333.641611,1776219689000
1776219690.752,90.752,0.3,42.93,0.29,92.0,0.31,131.0,0.32,33.0,0.69,32.0,0.68,28.0,0.7,38.08,0.71,87.0,0.01,0.01,2333.641611,1776219689000
1776219691.195,91.195,0.3,42.93,0.29,92.0,0.31,131.0,0.32,33.0,0.69,131.0,0.68,33.0,0.7,42.93,0.71,92.0,0.01,0.01,2333.605424,1776219690000
1776219692.305,92.305,0.3,42.93,0.29,92.0,0.31,131.0,0.32,33.0,0.69,131.0,0.68,33.0,0.7,42.93,0.71,92.0,0.01,0.01,2333.444689,1776219691000
1776219692.699,92.699,0.3,6.0,0.29,22.0,0.31,146.0,0.32,27.0,0.69,131.0,0.68,33.0,0.7,42.93,0.71,92.0,0.01,0.01,2333.444689,1776219691000
1776219693.228,93.228,0.28,92.86,0.27,18.0,0.3,6.0,0.31,163.45,0.69,132.45,0.68,27.0,0.7,14.44,0.71,96.86,0.02,0.01,2333.444689,1776219691000
1776219693.521,93.521,0.26,26.72,0.25,148.0,0.27,86.0,0.28,21.0,0.7,6.0,0.69,163.45,0.72,92.86,0.73,18.0,0.01,0.02,2333.402252,1776219692000
1776219693.765,93.765,0.26,19.96,0.25,153.0,0.27,91.0,0.28,36.0,0.73,86.0,0.72,21.0,0.74,26.72,0.75,148.0,0.01,0.01,2333.402252,1776219692000
1776219694.118,94.118,0.26,22.87,0.25,153.0,0.27,96.0,0.28,36.0,0.73,91.0,0.72,36.0,0.74,19.96,0.75,153.0,0.01,0.01,2333.387048,1776219693000
1776219694.938,94.938,0.26,22.87,0.25,153.0,0.27,96.0,0.28,36.0,0.73,96.0,0.72,36.0,0.74,22.87,0.75,153.0,0.01,0.01,2333.368464,1776219694000
1776219695.596,95.596,0.26,278.85,0.25,120.0,0.27,25.0,0.28,10.0,0.73,96.0,0.72,36.0,0.74,22.87,0.75,153.0,0.01,0.01,2333.368464,1776219694000
1776219695.924,95.924,0.26,268.85,0.25,190.0,0.32,21.0,0.33,25.0,0.68,21.0,0.67,25.0,0.74,268.85,0.75,190.0,0.06,0.06,2333.280043,1776219695000
1776219696.28,96.28,0.28,124.69,0.27,143.0,0.29,20.0,0.3,20.0,0.71,20.0,0.7,20.0,0.72,122.72,0.73,143.0,0.01,0.01,2333.280043,1776219695000
1776219696.969,96.969,0.28,124.69,0.27,143.0,0.29,20.0,0.3,20.0,0.71,20.0,0.7,20.0,0.72,124.69,0.73,143.0,0.01,0.01,2333.245132,1776219696000
1776219697.637,97.637,0.28,131.69,0.27,74.0,0.3,18.71,0.31,10.0,0.71,20.0,0.7,20.0,0.72,124.69,0.73,143.0,0.02,0.01,2333.245132,1776219696000
1776219697.953,97.953,0.28,131.69,0.27,74.0,0.3,18.71,0.31,10.0,0.7,18.71,0.69,10.0,0.72,131.69,0.73,74.0,0.02,0.02,2333.349324,1776219697000
1776219698.876,98.876,0.28,131.69,0.27,74.0,0.3,18.71,0.31,10.0,0.7,18.71,0.69,10.0,0.72,131.69,0.73,74.0,0.02,0.02,2333.400144,1776219698000
1776219699.926,99.926,0.28,130.79,0.27,68.99,0.29,10.0,0.3,18.71,0.71,10.0,0.7,18.71,0.72,130.79,0.73,68.99,0.01,0.01,2333.440906,1776219699000
1776219700.558,100.558,0.28,30.68,0.27,35.99,0.29,102.0,0.3,34.71,0.71,10.0,0.7,18.71,0.72,130.79,0.73,68.99,0.01,0.01,2333.440906,1776219699000
1776219700.881,100.881,0.27,22.99,0.26,10.0,0.29,107.0,0.3,34.71,0.71,107.0,0.7,34.71,0.73,22.99,0.74,10.0,0.02,0.02,2333.402297,1776219700000
1776219701.908,101.908,0.25,73.0,0.23,5.0,0.26,113.0,0.27,66.0,0.74,113.0,0.73,66.0,0.75,73.0,0.77,5.0,0.01,0.01,2333.390265,1776219701000
1776219702.459,102.459,0.21,18.99,0.2,5.0,0.24,56.0,0.25,25.0,0.74,113.0,0.73,66.0,0.75,73.0,0.77,5.0,0.03,0.01,2333.390265,1776219701000
1776219702.926,102.926,0.19,65.0,0.18,27.0,0.21,145.0,0.22,126.0,0.78,15.0,0.77,10.0,0.79,12.99,0.8,5.0,0.02,0.01,2333.390265,1776219701000
1776219703.303,103.303,0.19,69.07,0.18,27.0,0.2,135.0,0.21,73.0,0.79,145.0,0.78,126.0,0.81,65.0,0.82,27.0,0.01,0.02,2333.251355,1776219702000
1776219704.033,104.033,0.19,182.51,0.18,5.0,0.2,15.0,0.21,30.0,0.8,135.0,0.79,73.0,0.81,69.07,0.82,27.0,0.01,0.01,2333.251355,1776219702000
1776219704.244,104.244,0.19,23.75,0.16,5.0,0.2,101.0,0.21,85.0,0.8,15.0,0.79,30.0,0.81,177.5,0.82,10.91,0.01,0.01,2333.251355,1776219702000
1776219704.743,104.743,0.17,6.02,0.16,5.0,0.18,158.0,0.19,15.0,0.8,101.0,0.79,85.0,0.81,23.75,0.84,5.0,0.01,0.01,2332.987135,1776219703000
1776219705.2,105.2,0.17,6.02,0.16,5.0,0.18,158.0,0.19,15.0,0.82,158.0,0.81,15.0,0.83,6.02,0.84,5.0,0.01,0.01,2332.794438,1776219704000
1776219705.511,105.511,0.16,6.08,0.15,7.08,0.17,100.0,0.18,126.0,0.82,158.0,0.81,15.0,0.83,6.02,0.84,5.0,0.01,0.01,2332.794438,1776219704000
1776219705.911,105.911,0.14,250.34,0.13,333.8,0.15,40.0,0.16,32.0,0.84,15.0,0.83,80.0,0.86,162.43,0.87,187.8,0.01,0.02,2332.794438,1776219704000
1776219706.349,106.349,0.14,250.34,0.13,333.8,0.15,40.0,0.16,32.0,0.85,40.0,0.84,32.0,0.86,250.34,0.87,333.8,0.01,0.01,2332.653265,1776219705000
1776219706.924,106.924,0.14,163.26,0.13,385.71,0.15,45.0,0.16,32.0,0.85,40.0,0.84,32.0,0.86,250.34,0.87,333.8,0.01,0.01,2332.653265,1776219705000
1776219707.307,107.307,0.14,163.26,0.13,385.71,0.15,45.0,0.16,32.0,0.85,45.0,0.84,32.0,0.86,163.26,0.87,385.71,0.01,0.01,2332.539651,1776219706000
1776219708.633,108.633,0.14,163.26,0.13,385.71,0.15,3.2,0.16,85.0,0.85,45.0,0.84,32.0,0.86,163.26,0.87,385.71,0.01,0.01,2332.539651,1776219706000
1776219708.884,108.884,0.14,163.26,0.13,385.71,0.15,3.2,0.16,85.0,0.85,3.2,0.84,85.0,0.86,163.26,0.87,385.71,0.01,0.01,2332.513679,1776219708000
1776219709.108,109.108,0.13,172.24,0.12,139.19,0.14,191.0,0.15,228.2,0.85,152.2,0.84,177.0,0.86,15.0,0.87,180.0,0.01,0.01,2332.513679,1776219708000
1776219710.303,110.303,0.13,172.24,0.12,139.19,0.14,191.0,0.15,228.2,0.86,191.0,0.85,228.2,0.87,172.24,0.88,139.19,0.01,0.01,2332.518406,1776219709000
1776219710.536,110.536,0.08,78.9,0.07,93.22,0.1,9.0,0.11,148.0,0.89,50.61,0.88,216.12,0.9,95.38,0.91,100.0,0.02,0.01,2332.518406,1776219709000
1776219710.953,110.953,0.08,49.91,0.07,168.22,0.09,94.0,0.1,26.0,0.91,94.0,0.9,19.0,0.92,51.08,0.93,151.22,0.01,0.01,2332.518406,1776219709000
1776219711.237,111.237,0.08,312.83,0.07,113.3,0.1,9.0,0.11,41.0,0.91,94.0,0.9,26.0,0.92,49.91,0.93,168.22,0.02,0.01,2332.518406,1776219709000
1776219711.449,111.449,0.09,71.0,0.08,311.4,0.11,41.0,0.12,39.0,0.9,8.9,0.89,41.0,0.91,46.0,0.92,311.4,0.02,0.01,2332.518406,1776219709000
1776219711.668,111.668,0.09,71.0,0.08,311.4,0.11,41.0,0.12,39.0,0.89,41.0,0.88,39.0,0.91,71.0,0.92,311.4,0.02,0.02,2332.243295,1776219710000
1776219712.079,112.079,0.09,396.24,0.08,160.48,0.1,10.0,0.11,25.0,0.89,41.0,0.88,39.0,0.91,71.0,0.92,311.4,0.01,0.02,2332.243295,1776219710000
1776219712.623,112.623,0.09,342.11,0.08,310.56,0.1,10.0,0.11,25.0,0.9,10.0,0.89,25.0,0.91,299.25,0.92,155.48,0.01,0.01,2331.841114,1776219711000
1776219712.881,112.881,0.09,265.62,0.08,310.56,0.1,5.0,0.11,25.0,0.9,10.0,0.89,25.0,0.91,342.11,0.92,310.56,0.01,0.01,2331.841114,1776219711000
1776219713.754,113.754,0.09,265.62,0.08,310.56,0.1,5.0,0.11,25.0,0.9,5.0,0.89,25.0,0.91,265.62,0.92,310.56,0.01,0.01,2332.0827,1776219712000
1776219714.342,114.342,0.09,265.62,0.08,310.56,0.1,5.0,0.11,25.0,0.9,5.0,0.89,25.0,0.91,265.62,0.92,310.56,0.01,0.01,2332.116234,1776219713000
1776219714.685,114.685,0.09,243.62,0.08,356.56,0.1,10.0,0.11,25.0,0.9,5.0,0.89,25.0,0.91,265.62,0.92,310.56,0.01,0.01,2332.116234,1776219713000
1776219714.943,114.943,0.09,231.13,0.08,356.56,0.1,10.0,0.11,83.0,0.9,10.0,0.89,83.0,0.91,237.44,0.92,356.56,0.01,0.01,2332.116234,1776219713000
1776219715.36,115.36,0.1,245.99,0.09,207.0,0.11,5.18,0.12,15.0,0.9,10.0,0.89,83.0,0.91,231.13,0.92,356.56,0.01,0.01,2332.116234,1776219713000
1776219715.575,115.575,0.1,240.99,0.09,207.0,0.12,14.8,0.13,26.49,0.88,14.8,0.87,26.49,0.9,240.99,0.91,207.0,0.02,0.02,2332.118804,1776219714000
1776219715.797,115.797,0.11,51.0,0.1,117.99,0.12,23.86,0.13,52.49,0.88,14.8,0.87,26.49,0.9,240.99,0.91,207.0,0.01,0.02,2332.118804,1776219714000
1776219716.18,116.18,0.11,51.0,0.1,117.99,0.12,23.86,0.13,52.49,0.88,23.86,0.87,52.49,0.89,51.0,0.9,117.99,0.01,0.01,2332.118804,1776219715000
1776219716.713,116.713,0.11,17.79,0.1,93.0,0.12,137.86,0.13,38.49,0.88,23.86,0.87,52.49,0.89,51.0,0.9,117.99,0.01,0.01,2332.118804,1776219715000
1776219717.441,117.441,0.11,17.79,0.1,93.0,0.12,128.94,0.13,38.49,0.88,128.94,0.87,38.49,0.89,17.79,0.9,93.0,0.01,0.01,2332.14314,1776219716000
1776219717.918,117.918,0.11,38.62,0.1,148.0,0.12,34.8,0.13,38.49,0.88,128.94,0.87,38.49,0.89,17.79,0.9,93.0,0.01,0.01,2332.14314,1776219716000
1776219718.244,118.244,0.11,37.41,0.1,148.0,0.12,92.8,0.13,38.49,0.88,92.8,0.87,38.49,0.89,37.41,0.9,148.0,0.01,0.01,2332.181005,1776219717000
1776219718.49,118.49,0.11,32.41,0.1,148.0,0.12,115.8,0.13,38.49,0.88,92.8,0.87,38.49,0.89,37.41,0.9,148.0,0.01,0.01,2332.181005,1776219717000
1776219719.154,119.154,0.11,4.65,0.1,108.0,0.12,136.8,0.13,37.49,0.88,120.8,0.87,38.49,0.89,15.55,0.9,148.0,0.01,0.01,2332.181005,1776219717000
1776219719.487,119.487,0.11,4.65,0.1,108.0,0.12,136.8,0.13,37.49,0.88,136.8,0.87,37.49,0.89,4.65,0.9,108.0,0.01,0.01,2332.140049,1776219718000
1776219719.693,119.693,0.11,3.52,0.1,108.0,0.12,136.8,0.13,37.49,0.88,136.8,0.87,37.49,0.89,4.65,0.9,108.0,0.01,0.01,2332.140049,1776219718000
1776219719.94,119.94,0.1,108.0,0.09,31.0,0.12,129.8,0.13,42.49,0.88,136.8,0.87,37.49,0.89,3.52,0.9,108.0,0.02,0.01,2332.140049,1776219718000
1776219720.155,120.155,0.1,108.0,0.09,31.0,0.12,129.8,0.13,42.49,0.88,129.8,0.87,42.49,0.9,108.0,0.91,31.0,0.02,0.02,2332.139059,1776219719000
1776219720.366,120.366,0.1,182.31,0.09,111.0,0.11,45.0,0.12,17.8,0.89,45.0,0.88,17.8,0.9,231.86,0.91,111.0,0.01,0.01,2332.139059,1776219719000
1776219721.104,121.104,0.11,6.0,0.1,289.31,0.12,17.8,0.13,26.49,0.89,45.0,0.88,17.8,0.9,182.31,0.91,111.0,0.01,0.01,2332.139059,1776219719000
1776219721.328,121.328,0.11,217.78,0.1,234.1,0.12,15.0,0.13,31.49,0.88,14.21,0.87,26.49,0.89,6.0,0.9,379.31,0.01,0.01,2332.140122,1776219720000
1776219721.839,121.839,0.12,133.07,0.11,216.79,0.13,9.49,0.14,20.0,0.87,9.49,0.86,15.0,0.88,127.99,0.89,211.79,0.01,0.01,2332.140122,1776219720000
1776219722.634,122.634,0.12,133.07,0.11,216.79,0.13,9.49,0.14,20.0,0.87,9.49,0.86,20.0,0.88,133.07,0.89,216.79,0.01,0.01,2332.0472,1776219721000
1776219722.982,122.982,0.11,111.19,0.1,170.0,0.13,163.49,0.14,21.0,0.87,9.49,0.86,20.0,0.88,133.07,0.89,216.79,0.02,0.01,2332.0472,1776219721000
1776219723.3,123.3,0.11,111.19,0.1,170.0,0.13,163.49,0.14,21.0,0.87,163.49,0.86,21.0,0.89,111.19,0.9,170.0,0.02,0.02,2332.131768,1776219722000
1776219723.826,123.826,0.11,203.36,0.1,170.0,0.12,3.0,0.13,19.49,0.87,163.49,0.86,21.0,0.89,111.19,0.9,170.0,0.01,0.02,2332.131768,1776219722000
1776219724.15,124.15,0.11,202.83,0.1,190.1,0.12,15.0,0.13,1.87,0.87,1.87,0.86,79.0,0.89,208.36,0.9,170.0,0.01,0.02,2332.131768,1776219722000
1776219724.404,124.404,0.11,192.21,0.1,200.1,0.12,15.0,0.13,1.87,0.88,15.0,0.87,1.87,0.89,202.83,0.9,190.1,0.01,0.01,2332.131768,1776219722000
1776219724.674,124.674,0.11,191.0,0.1,200.1,0.12,15.0,0.13,6.87,0.88,15.0,0.87,6.87,0.89,191.0,0.9,200.1,0.01,0.01,2332.247143,1776219723000
1776219725.445,125.445,0.11,191.0,0.1,200.1,0.12,15.0,0.13,6.87,0.88,15.0,0.87,6.87,0.89,191.0,0.9,200.1,0.01,0.01,2332.109871,1776219724000
1776219726.779,126.779,0.11,199.65,0.1,200.1,0.12,15.0,0.13,6.87,0.88,15.0,0.87,6.87,0.89,199.65,0.9,200.1,0.01,0.01,2332.141848,1776219725000
1776219727.159,127.159,0.11,199.65,0.1,226.1,0.13,3.25,0.14,15.0,0.88,15.0,0.87,6.87,0.89,199.65,0.9,200.1,0.02,0.01,2332.141848,1776219725000
1776219727.386,127.386,0.12,144.77,0.11,153.66,0.13,3.25,0.14,5.0,0.87,3.25,0.86,5.0,0.88,144.77,0.89,153.66,0.01,0.01,2332.136018,1776219726000
1776219728.037,128.037,0.12,144.77,0.11,153.66,0.13,3.25,0.14,5.0,0.87,3.25,0.86,5.0,0.88,144.77,0.89,153.66,0.01,0.01,2332.136018,1776219727000
1776219728.715,128.715,0.12,149.77,0.11,158.66,0.15,23.48,0.16,21.0,0.87,3.25,0.86,5.0,0.88,144.77,0.89,153.66,0.03,0.01,2332.136018,1776219727000
1776219729.045,129.045,0.14,17.21,0.13,33.75,0.15,13.34,0.16,73.0,0.85,23.48,0.84,21.0,0.88,149.77,0.89,158.66,0.01,0.03,2332.136018,1776219727000
1776219729.327,129.327,0.14,43.2,0.13,170.75,0.16,2.62,0.17,15.0,0.85,13.34,0.84,73.0,0.86,17.21,0.87,33.75,0.02,0.01,2332.136018,1776219727000
1776219730.522,130.522,0.14,43.2,0.13,170.75,0.16,2.62,0.17,15.0,0.84,2.62,0.83,15.0,0.86,43.2,0.87,170.75,0.02,0.02,2332.320749,1776219729000
1776219731.09,131.09,0.14,43.2,0.13,170.75,0.16,2.62,0.17,15.0,0.84,2.62,0.83,15.0,0.86,43.2,0.87,170.75,0.02,0.02,2332.330921,1776219730000
1776219732.285,132.285,0.14,43.2,0.13,170.75,0.16,2.62,0.17,15.0,0.84,2.62,0.83,15.0,0.86,43.2,0.87,170.75,0.02,0.02,2332.385426,1776219731000
1776219732.734,132.734,0.16,5.0,0.15,183.72,0.17,10.0,0.2,5.0,0.84,2.62,0.83,15.0,0.86,43.2,0.87,170.75,0.01,0.02,2332.385426,1776219731000
1776219733.419,133.419,0.19,10.0,0.18,118.0,0.2,14.62,0.21,15.0,0.8,14.62,0.79,15.0,0.81,10.0,0.82,118.0,0.01,0.01,2332.461224,1776219732000
1776219733.987,133.987,0.19,10.0,0.18,118.0,0.2,14.62,0.21,15.0,0.8,14.62,0.79,15.0,0.81,10.0,0.82,118.0,0.01,0.01,2332.4686,1776219733000
1776219734.203,134.203,0.19,20.31,0.18,164.6,0.21,53.59,0.22,15.0,0.8,14.62,0.79,15.0,0.81,10.0,0.82,118.0,0.02,0.01,2332.4686,1776219733000
1776219735.114,135.114,0.19,20.31,0.18,164.6,0.21,53.59,0.22,15.0,0.79,53.59,0.78,15.0,0.81,20.31,0.82,164.6,0.02,0.02,2332.703048,1776219734000
1776219736.249,136.249,0.2,233.04,0.19,36.31,0.21,11.0,0.25,5.0,0.79,61.73,0.78,15.0,0.8,45.05,0.81,20.31,0.01,0.01,2332.703048,1776219734000
1776219736.461,136.461,0.24,15.0,0.23,10.0,0.25,5.0,0.26,5.0,0.73,11.39,0.72,15.0,0.77,10.0,0.78,15.0,0.01,0.04,2332.726487,1776219735000
1776219736.929,136.929,0.26,10.0,0.25,10.0,0.28,94.99,0.29,27.0,0.73,33.0,0.72,17.87,0.75,10.0,0.76,10.0,0.02,0.02,2332.726487,1776219735000
1776219737.322,137.322,0.26,26.37,0.25,155.0,0.3,63.71,0.35,15.0,0.73,58.0,0.72,94.99,0.74,6.37,0.75,10.0,0.04,0.01,2332.726487,1776219735000
1776219737.529,137.529,0.29,4.43,0.28,10.0,0.3,5.71,0.34,77.12,0.7,63.71,0.65,15.0,0.74,26.37,0.75,155.0,0.01,0.04,2332.739282,1776219736000
1776219737.752,137.752,0.29,4.43,0.28,10.0,0.35,82.12,0.38,10.0,0.7,5.71,0.66,77.12,0.71,4.43,0.72,10.0,0.06,0.01,2332.739282,1776219736000
1776219737.954,137.954,0.3,6.0,0.29,42.43,0.35,46.12,0.36,75.0,0.66,10.0,0.65,106.12,0.7,6.0,0.71,42.43,0.05,0.04,2332.76412,1776219737000
1776219738.303,138.303,0.31,10.0,0.3,33.92,0.32,58.06,0.33,10.0,0.67,10.0,0.66,9.9,0.71,22.43,0.72,10.0,0.01,0.04,2332.76412,1776219737000
1776219738.918,138.918,0.31,10.0,0.3,33.92,0.32,4.37,0.33,10.0,0.68,35.61,0.67,10.0,0.69,10.0,0.7,39.92,0.01,0.01,2332.76412,1776219737000
1776219739.976,139.976,0.3,8.92,0.29,10.0,0.32,15.0,0.33,79.87,0.68,5.0,0.67,15.0,0.7,28.92,0.71,32.43,0.02,0.02,2333.123741,1776219738000
1776219740.54,140.54,0.29,10.0,0.28,5.0,0.31,10.0,0.32,25.0,0.69,10.0,0.68,40.87,0.71,10.0,0.72,5.0,0.02,0.02,2333.418958,1776219739000
1776219740.766,140.766,0.28,1.94,0.27,10.0,0.3,25.0,0.31,68.0,0.69,10.0,0.68,40.87,0.71,10.0,0.72,5.0,0.02,0.02,2333.418958,1776219739000
1776219741.095,141.095,0.28,25.0,0.27,25.0,0.3,78.0,0.31,10.0,0.7,25.0,0.69,68.0,0.72,1.94,0.73,10.0,0.02,0.02,2333.418958,1776219739000
1776219742.342,142.342,0.28,25.0,0.27,25.0,0.3,78.0,0.31,10.0,0.7,78.0,0.69,10.0,0.72,25.0,0.73,25.0,0.02,0.02,2333.358584,1776219741000
1776219743.181,143.181,0.28,25.0,0.27,25.0,0.3,78.0,0.31,10.0,0.7,78.0,0.69,10.0,0.72,25.0,0.73,25.0,0.02,0.02,2333.360674,1776219742000
1776219743.933,143.933,0.29,0.05,0.28,20.0,0.3,58.0,0.31,108.0,0.7,78.0,0.69,10.0,0.72,25.0,0.73,25.0,0.01,0.02,2333.360674,1776219742000
1776219744.249,144.249,0.28,6.16,0.27,68.0,0.3,53.0,0.31,118.0,0.7,58.0,0.69,108.0,0.71,0.05,0.72,20.0,0.02,0.01,2333.360674,1776219742000
1776219744.525,144.525,0.23,0.16,0.21,20.0,0.24,10.0,0.25,10.0,0.7,53.0,0.69,118.0,0.72,6.16,0.73,68.0,0.01,0.02,2333.3588,1776219743000
1776219745.004,145.004,0.21,20.0,0.2,22.99,0.23,6.43,0.24,20.0,0.77,6.43,0.76,20.0,0.79,20.0,0.8,22.99,0.02,0.02,2333.361728,1776219744000
1776219745.437,145.437,0.22,25.0,0.21,25.0,0.23,15.65,0.24,15.0,0.77,6.43,0.76,20.0,0.79,20.0,0.8,22.99,0.01,0.02,2333.361728,1776219744000
1776219746.161,146.161,0.22,25.0,0.21,25.0,0.23,15.65,0.24,15.0,0.77,15.65,0.76,15.0,0.78,25.0,0.79,25.0,0.01,0.01,2333.317305,1776219745000
1776219747.119,147.119,0.22,15.0,0.21,15.0,0.23,15.65,0.24,73.0,0.77,15.65,0.76,15.0,0.78,25.0,0.79,25.0,0.01,0.01,2333.317305,1776219745000
1776219747.347,147.347,0.22,15.0,0.21,15.0,0.23,15.65,0.24,73.0,0.77,15.65,0.76,73.0,0.78,15.0,0.79,15.0,0.01,0.01,2333.035454,1776219746000
1776219748.048,148.048,0.22,15.0,0.21,15.0,0.23,15.65,0.24,73.0,0.77,15.65,0.76,73.0,0.78,15.0,0.79,15.0,0.01,0.01,2333.035454,1776219747000
1776219748.762,148.762,0.21,15.0,0.2,15.05,0.23,46.52,0.24,15.0,0.77,15.65,0.76,73.0,0.78,15.0,0.79,15.0,0.02,0.01,2333.035454,1776219747000
1776219749.067,149.067,0.21,10.37,0.2,15.05,0.23,87.52,0.24,15.0,0.77,46.52,0.76,15.0,0.79,15.0,0.8,15.05,0.02,0.02,2333.035454,1776219747000
1776219749.289,149.289,0.21,10.37,0.2,15.05,0.23,87.52,0.24,15.0,0.77,87.52,0.76,15.0,0.79,10.37,0.8,15.05,0.02,0.02,2333.005764,1776219748000
1776219750.164,150.164,0.21,15.37,0.2,10.0,0.22,12.42,0.23,86.52,0.77,87.52,0.76,15.0,0.79,10.37,0.8,15.05,0.01,0.02,2333.005764,1776219748000
1776219750.367,150.367,0.21,15.37,0.2,10.0,0.22,12.42,0.23,86.52,0.78,12.42,0.77,86.52,0.79,15.37,0.8,10.0,0.01,0.01,2333.008908,1776219749000
1776219750.967,150.967,0.21,15.37,0.2,10.0,0.22,12.42,0.23,86.52,0.78,12.42,0.77,86.52,0.79,15.37,0.8,10.0,0.01,0.01,2333.008908,1776219750000
1776219751.178,151.178,0.21,66.09,0.2,36.0,0.22,13.42,0.23,86.52,0.78,12.42,0.77,86.52,0.79,15.37,0.8,10.0,0.01,0.01,2333.008908,1776219750000
1776219751.724,151.724,0.25,8.0,0.24,52.0,0.26,5.0,0.27,13.0,0.78,13.42,0.77,86.52,0.79,66.09,0.8,36.0,0.01,0.01,2333.008908,1776219750000
1776219752.107,152.107,0.25,8.0,0.24,52.0,0.26,5.0,0.27,13.0,0.74,5.0,0.73,13.0,0.75,8.0,0.76,52.0,0.01,0.01,2333.009646,1776219751000
1776219752.385,152.385,0.25,147.64,0.24,61.0,0.26,10.0,0.29,220.0,0.74,5.0,0.73,13.0,0.75,8.0,0.76,52.0,0.01,0.01,2333.009646,1776219751000
1776219752.658,152.658,0.25,120.64,0.24,124.0,0.27,37.37,0.28,5.0,0.74,10.0,0.71,220.0,0.75,147.64,0.76,61.0,0.02,0.01,2333.009646,1776219751000
1776219752.942,152.942,0.26,43.99,0.25,56.65,0.27,52.37,0.28,63.0,0.73,37.37,0.72,5.0,0.75,120.64,0.76,124.0,0.01,0.02,2333.009646,1776219751000
1776219753.199,153.199,0.26,43.99,0.25,56.65,0.27,59.66,0.28,63.0,0.73,52.37,0.72,63.0,0.74,43.99,0.75,56.65,0.01,0.01,2333.009646,1776219751000
1776219753.888,153.888,0.26,43.99,0.25,56.65,0.27,59.66,0.28,63.0,0.73,59.66,0.72,63.0,0.74,43.99,0.75,56.65,0.01,0.01,2333.12424,1776219753000
1776219754.667,154.667,0.26,153.47,0.25,56.65,0.27,43.66,0.33,5.0,0.73,64.66,0.72,63.0,0.74,83.85,0.75,56.65,0.01,0.01,2333.12424,1776219753000
1776219755.002,155.002,0.32,14.22,0.31,22.0,0.33,10.0,0.34,103.35,0.67,10.0,0.66,103.35,0.68,14.22,0.69,22.0,0.01,0.01,2333.166049,1776219754000
1776219755.664,155.664,0.32,22.6,0.31,22.0,0.33,104.46,0.34,148.0,0.67,10.0,0.66,85.0,0.68,20.61,0.69,22.0,0.01,0.01,2333.166049,1776219754000
1776219755.874,155.874,0.32,6.07,0.31,22.0,0.33,104.46,0.34,148.0,0.67,104.46,0.66,148.0,0.68,16.15,0.69,22.0,0.01,0.01,2333.166049,1776219754000
1776219756.104,156.104,0.32,5.98,0.31,13.18,0.33,104.46,0.34,148.0,0.67,104.46,0.66,148.0,0.69,13.18,0.7,15.0,0.01,0.02,2333.166049,1776219754000
1776219756.766,156.766,0.32,1.62,0.31,13.18,0.33,172.46,0.34,95.0,0.67,104.46,0.66,148.0,0.68,4.2,0.69,13.18,0.01,0.01,2333.24709,1776219755000
1776219757.053,157.053,0.32,9.0,0.31,86.99,0.33,99.46,0.34,90.0,0.67,172.46,0.66,95.0,0.68,1.62,0.69,13.18,0.01,0.01,2333.24709,1776219755000
1776219757.36,157.36,0.31,39.99,0.3,31.0,0.32,2.87,0.33,99.46,0.67,99.46,0.66,90.0,0.68,9.0,0.69,86.99,0.01,0.01,2333.301529,1776219756000
1776219758.445,158.445,0.31,39.99,0.3,31.0,0.33,95.9,0.34,85.0,0.67,95.9,0.66,85.0,0.69,39.99,0.7,31.0,0.02,0.02,2333.346252,1776219757000
1776219759.028,159.028,0.31,39.99,0.3,31.0,0.33,95.9,0.34,85.0,0.67,95.9,0.66,85.0,0.69,39.99,0.7,31.0,0.02,0.02,2333.395959,1776219758000
1776219759.425,159.425,0.31,15.23,0.3,28.99,0.32,85.51,0.33,68.0,0.67,95.9,0.66,85.0,0.69,39.99,0.7,31.0,0.01,0.02,2333.395959,1776219758000
1776219760.069,160.069,0.31,15.23,0.3,28.99,0.32,85.51,0.33,68.0,0.68,85.51,0.67,68.0,0.69,15.23,0.7,28.99,0.01,0.01,2333.442898,1776219759000
1776219761.101,161.101,0.31,36.23,0.3,99.99,0.32,84.85,0.33,10.0,0.68,85.51,0.67,68.0,0.69,15.23,0.7,28.99,0.01,0.01,2333.442898,1776219759000
1776219762.002,162.002,0.33,33.98,0.32,62.0,0.34,90.0,0.35,204.82,0.68,5.0,0.67,10.0,0.69,28.69,0.7,99.99,0.01,0.01,2333.444676,1776219760000
1776219762.384,162.384,0.33,61.11,0.32,62.0,0.34,70.0,0.35,131.82,0.66,90.0,0.65,204.82,0.67,33.98,0.68,62.0,0.01,0.01,2333.444676,1776219760000
1776219762.936,162.936,0.33,53.51,0.32,62.0,0.34,75.0,0.35,161.11,0.66,70.0,0.65,131.82,0.67,59.46,0.68,62.0,0.01,0.01,2333.439391,1776219761000
1776219764.192,164.192,0.33,53.51,0.32,62.0,0.34,75.0,0.35,161.11,0.66,75.0,0.65,161.11,0.67,53.51,0.68,62.0,0.01,0.01,2333.48013,1776219763000
1776219765.242,165.242,0.33,53.51,0.32,62.0,0.34,75.0,0.35,161.11,0.66,75.0,0.65,161.11,0.67,53.51,0.68,62.0,0.01,0.01,2333.509244,1776219764000
1776219766.354,166.354,0.33,53.51,0.32,62.0,0.34,75.0,0.35,161.11,0.66,75.0,0.65,161.11,0.67,53.51,0.68,62.0,0.01,0.01,2333.506385,1776219765000
1776219766.926,166.926,0.33,53.51,0.32,62.0,0.34,75.0,0.35,161.11,0.66,75.0,0.65,161.11,0.67,53.51,0.68,62.0,0.01,0.01,2333.455925,1776219766000
1776219768.361,168.361,0.33,53.51,0.32,62.0,0.34,75.0,0.35,161.11,0.66,75.0,0.65,161.11,0.67,53.51,0.68,62.0,0.01,0.01,2333.439375,1776219767000
1776219768.975,168.975,0.22,5.31,0.21,14.0,0.23,76.0,0.24,25.0,0.66,75.0,0.65,161.11,0.67,53.51,0.68,62.0,0.01,0.01,2333.439375,1776219767000
1776219769.233,169.233,0.22,5.0,0.21,67.0,0.23,76.0,0.24,25.0,0.77,76.0,0.76,25.0,0.78,5.31,0.79,14.0,0.01,0.01,2333.439375,1776219767000
1776219770.254,170.254,0.22,5.0,0.21,67.0,0.23,76.0,0.24,25.0,0.77,76.0,0.76,25.0,0.78,5.0,0.79,67.0,0.01,0.01,2333.304759,1776219769000
1776219771.187,171.187,0.22,5.0,0.21,67.0,0.23,76.0,0.24,25.0,0.77,76.0,0.76,25.0,0.78,5.0,0.79,67.0,0.01,0.01,2333.165013,1776219770000
1776219772.249,172.249,0.22,5.0,0.21,67.0,0.23,76.0,0.24,25.0,0.77,76.0,0.76,25.0,0.78,5.0,0.79,67.0,0.01,0.01,2333.158723,1776219771000
1776219773.287,173.287,0.22,13.71,0.21,92.99,0.23,56.0,0.24,83.0,0.77,56.0,0.76,83.0,0.78,13.71,0.79,92.99,0.01,0.01,2333.178404,1776219772000
1776219774.158,174.158,0.22,12.42,0.21,92.99,0.23,22.21,0.24,83.0,0.77,51.0,0.76,83.0,0.78,12.42,0.79,92.99,0.01,0.01,2333.178404,1776219772000
1776219774.937,174.937,0.22,12.42,0.21,92.99,0.23,22.21,0.24,83.0,0.77,22.21,0.76,83.0,0.78,12.42,0.79,92.99,0.01,0.01,2333.165083,1776219774000
1776219775.793,175.793,0.22,12.42,0.21,92.99,0.23,22.21,0.24,83.0,0.77,22.21,0.76,83.0,0.78,12.42,0.79,92.99,0.01,0.01,2333.15658,1776219775000
1776219777.249,177.249,0.22,12.42,0.21,92.99,0.23,22.21,0.24,83.0,0.77,22.21,0.76,83.0,0.78,12.42,0.79,92.99,0.01,0.01,2333.140532,1776219776000
1776219778.229,178.229,0.22,12.42,0.21,92.99,0.23,22.21,0.24,83.0,0.77,22.21,0.76,83.0,0.78,12.42,0.79,92.99,0.01,0.01,2333.110424,1776219777000
1776219778.926,178.926,0.21,7.99,0.17,10.0,0.23,247.21,0.24,20.0,0.77,22.21,0.76,83.0,0.78,12.42,0.79,92.99,0.02,0.01,2333.110424,1776219777000
1776219779.234,179.234,0.14,2.45,0.13,10.0,0.23,252.21,0.24,20.0,0.77,252.21,0.76,20.0,0.86,2.45,0.87,10.0,0.09,0.09,2333.113156,1776219778000
1776219779.533,179.533,0.14,12.45,0.13,15.0,0.17,26.0,0.18,94.0,0.77,252.21,0.76,20.0,0.86,2.45,0.87,10.0,0.03,0.09,2333.113156,1776219778000
1776219779.816,179.816,0.15,4.37,0.14,10.0,0.17,56.0,0.18,80.0,0.83,26.0,0.82,94.0,0.86,12.45,0.87,15.0,0.02,0.03,2333.113156,1776219778000
1776219780.684,180.684,0.12,35.0,0.11,15.0,0.16,10.0,0.17,105.0,0.84,10.0,0.83,105.0,0.88,35.0,0.89,15.0,0.04,0.04,2333.019765,1776219779000
1776219780.934,180.934,0.13,27.0,0.12,110.0,0.14,43.12,0.18,23.69,0.84,10.0,0.83,105.0,0.88,35.0,0.89,15.0,0.01,0.04,2333.019765,1776219779000
1776219781.299,181.299,0.16,6.9,0.15,20.0,0.17,5.0,0.18,87.0,0.86,43.12,0.82,23.69,0.87,27.0,0.88,110.0,0.01,0.01,2333.019765,1776219779000
1776219782.093,182.093,0.16,6.9,0.15,20.0,0.17,5.0,0.18,87.0,0.83,5.0,0.82,87.0,0.84,6.9,0.85,20.0,0.01,0.01,2332.577736,1776219781000
1776219782.979,182.979,0.16,89.9,0.15,31.0,0.17,31.27,0.18,5.0,0.83,5.0,0.82,87.0,0.84,6.9,0.85,20.0,0.01,0.01,2332.577736,1776219781000
1776219783.356,183.356,0.16,100.4,0.15,58.0,0.17,14.27,0.18,5.0,0.83,14.27,0.82,5.0,0.84,100.4,0.85,58.0,0.01,0.01,2332.684132,1776219782000
1776219783.937,183.937,0.16,100.4,0.15,58.0,0.17,14.27,0.18,5.0,0.83,14.27,0.82,5.0,0.84,100.4,0.85,58.0,0.01,0.01,2332.713228,1776219783000
1776219784.215,184.215,0.17,28.9,0.16,184.4,0.18,5.0,0.19,84.0,0.83,14.27,0.82,5.0,0.84,100.4,0.85,58.0,0.01,0.01,2332.713228,1776219783000
1776219784.416,184.416,0.17,22.4,0.16,87.4,0.18,20.0,0.19,84.0,0.82,5.0,0.81,84.0,0.83,28.9,0.84,184.4,0.01,0.01,2332.713228,1776219783000
1776219784.751,184.751,0.17,11.57,0.16,87.4,0.18,62.86,0.19,84.0,0.82,20.0,0.81,84.0,0.83,15.07,0.84,87.4,0.01,0.01,2332.713228,1776219783000
1776219785.008,185.008,0.17,9.87,0.16,87.4,0.18,62.86,0.19,84.0,0.82,62.86,0.81,84.0,0.83,9.87,0.84,87.4,0.01,0.01,2332.795393,1776219784000
1776219785.395,185.395,0.17,4.7,0.16,3.4,0.18,62.86,0.19,94.0,0.82,62.86,0.81,84.0,0.84,87.4,0.85,10.0,0.01,0.02,2332.795393,1776219784000
1776219785.812,185.812,0.17,1.0,0.16,3.4,0.18,40.0,0.19,94.0,0.82,57.86,0.81,89.0,0.83,3.0,0.84,3.4,0.01,0.01,2332.795393,1776219784000
1776219786.205,186.205,0.16,3.4,0.15,170.0,0.18,29.44,0.19,94.0,0.82,29.44,0.81,94.0,0.84,3.4,0.85,170.0,0.02,0.02,2332.831966,1776219785000
1776219786.723,186.723,0.17,41.94,0.16,14.71,0.21,25.0,0.22,25.0,0.82,29.44,0.81,94.0,0.84,3.4,0.85,170.0,0.04,0.02,2332.831966,1776219785000
1776219786.987,186.987,0.17,36.94,0.16,19.71,0.2,3.0,0.21,63.0,0.79,5.0,0.78,25.0,0.83,41.94,0.84,14.71,0.03,0.04,2332.831966,1776219785000
1776219787.385,187.385,0.18,21.61,0.17,20.94,0.2,3.0,0.21,69.3,0.8,3.0,0.79,69.3,0.82,21.61,0.83,20.94,0.02,0.02,2332.844849,1776219786000
1776219787.917,187.917,0.18,22.76,0.17,20.94,0.2,3.0,0.21,68.0,0.8,3.0,0.79,68.0,0.82,22.76,0.83,20.94,0.02,0.02,2332.844849,1776219787000
1776219788.356,188.356,0.18,23.97,0.17,15.94,0.2,100.49,0.21,5.0,0.8,3.0,0.79,68.0,0.82,22.76,0.83,20.94,0.02,0.02,2332.844849,1776219787000
1776219789.293,189.293,0.18,23.97,0.17,15.94,0.2,100.49,0.21,5.0,0.8,100.49,0.79,5.0,0.82,23.97,0.83,15.94,0.02,0.02,2332.878656,1776219788000
1776219790.412,190.412,0.18,22.75,0.17,15.94,0.2,163.49,0.21,5.0,0.8,163.49,0.79,5.0,0.82,22.75,0.83,15.94,0.02,0.02,2332.877856,1776219789000
1776219790.981,190.981,0.16,12.86,0.15,85.0,0.18,20.0,0.19,25.0,0.82,20.0,0.81,25.0,0.84,12.86,0.85,85.0,0.02,0.02,2332.877856,1776219790000
1776219791.251,191.251,0.17,12.14,0.16,34.17,0.18,15.0,0.19,20.0,0.82,20.0,0.81,25.0,0.84,12.86,0.85,85.0,0.01,0.02,2332.877856,1776219790000
1776219792.117,192.117,0.17,12.14,0.16,34.17,0.18,15.0,0.19,20.0,0.82,15.0,0.81,20.0,0.83,12.14,0.84,34.17,0.01,0.01,2332.875886,1776219791000
1776219793.247,193.247,0.17,12.14,0.16,34.17,0.18,15.0,0.19,20.0,0.82,15.0,0.81,20.0,0.83,12.14,0.84,34.17,0.01,0.01,2332.874772,1776219792000
1776219794.116,194.116,0.14,23.21,0.13,25.0,0.16,9.17,0.17,88.3,0.82,136.85,0.81,31.3,0.85,70.0,0.86,33.0,0.02,0.03,2332.874772,1776219792000
1776219794.319,194.319,0.14,23.21,0.13,25.0,0.16,9.17,0.17,88.3,0.84,9.17,0.83,88.3,0.86,23.21,0.87,25.0,0.02,0.02,2332.886655,1776219793000
1776219796.02,196.02,0.14,23.21,0.13,25.0,0.16,9.17,0.17,88.3,0.84,9.17,0.83,88.3,0.86,23.21,0.87,25.0,0.02,0.02,2332.882085,1776219794000
1776219796.45,196.45,0.08,63.9,0.07,39.0,0.11,57.0,0.12,10.0,0.89,101.69,0.88,10.0,0.91,5.0,0.92,63.9,0.03,0.02,2332.882085,1776219794000
1776219797.122,197.122,0.08,63.9,0.07,39.0,0.11,57.0,0.12,10.0,0.89,57.0,0.88,10.0,0.92,63.9,0.93,39.0,0.03,0.03,2332.863307,1776219796000
1776219798.185,198.185,0.08,63.9,0.07,39.0,0.11,57.0,0.12,10.0,0.89,57.0,0.88,10.0,0.92,63.9,0.93,39.0,0.03,0.03,2332.479573,1776219797000
1776219798.468,198.468,0.09,3.95,0.08,86.52,0.1,10.0,0.11,67.0,0.9,15.0,0.89,67.0,0.91,7.25,0.92,76.52,0.01,0.01,2332.479573,1776219797000
1776219798.95,198.95,0.09,0.81,0.08,86.52,0.1,97.0,0.11,59.0,0.9,10.0,0.89,67.0,0.91,3.95,0.92,86.52,0.01,0.01,2332.479573,1776219797000
1776219799.284,199.284,0.08,82.1,0.07,83.0,0.1,97.0,0.11,59.0,0.9,97.0,0.89,59.0,0.92,82.1,0.93,83.0,0.02,0.02,2332.39844,1776219798000
1776219799.594,199.594,0.08,49.25,0.07,30.0,0.09,21.0,0.1,91.0,0.9,97.0,0.89,59.0,0.92,82.1,0.93,83.0,0.01,0.02,2332.39844,1776219798000
1776219799.887,199.887,0.08,26.07,0.07,30.0,0.09,21.0,0.1,80.69,0.91,21.0,0.9,86.0,0.92,49.25,0.93,30.0,0.01,0.01,2332.39844,1776219798000
1776219800.229,200.229,0.08,33.41,0.07,30.0,0.09,21.0,0.1,80.69,0.91,21.0,0.9,80.69,0.92,33.41,0.93,30.0,0.01,0.01,2332.400505,1776219799000
1776219800.715,200.715,0.08,43.41,0.07,31.0,0.1,33.5,0.11,78.79,0.91,21.0,0.9,80.69,0.92,33.41,0.93,30.0,0.02,0.01,2332.400505,1776219799000
1776219800.918,200.918,0.08,46.79,0.07,31.0,0.1,24.9,0.11,13.0,0.89,13.0,0.88,34.69,0.92,46.79,0.93,31.0,0.02,0.03,2332.400505,1776219799000
1776219801.241,201.241,0.08,33.52,0.07,83.0,0.1,14.9,0.11,5.0,0.9,14.9,0.89,5.0,0.92,33.52,0.93,83.0,0.02,0.02,2332.389581,1776219800000
1776219802.393,202.393,0.07,8.42,0.06,15.0,0.08,10.0,0.09,10.0,0.92,10.0,0.91,10.0,0.93,8.42,0.94,15.0,0.01,0.01,2332.365794,1776219801000
1776219802.687,202.687,0.06,15.0,0.05,111.82,0.09,58.0,0.1,21.9,0.92,25.0,0.91,73.0,0.93,4.32,0.94,15.0,0.03,0.01,2332.365794,1776219801000
1776219802.946,202.946,0.06,15.0,0.05,111.82,0.09,58.0,0.1,21.9,0.91,58.0,0.9,21.9,0.94,15.0,0.95,111.82,0.03,0.03,2332.24319,1776219802000
1776219803.374,203.374,0.08,12.27,0.07,24.42,0.09,63.0,0.1,68.9,0.91,58.0,0.9,21.9,0.94,15.0,0.95,111.82,0.01,0.03,2332.24319,1776219802000
1776219803.836,203.836,0.07,20.43,0.06,25.0,0.08,55.46,0.09,73.0,0.91,68.0,0.9,68.9,0.93,20.43,0.94,66.0,0.01,0.02,2332.24319,1776219802000
1776219804.204,204.204,0.07,79.04,0.06,25.0,0.08,65.46,0.09,117.0,0.92,55.46,0.91,73.0,0.93,20.43,0.94,25.0,0.01,0.01,2332.112554,1776219803000
1776219804.422,204.422,0.06,13.61,0.05,111.82,0.08,114.36,0.09,117.0,0.92,65.46,0.91,117.0,0.93,79.04,0.94,25.0,0.02,0.01,2332.112554,1776219803000
1776219804.65,204.65,0.07,6.87,0.06,40.44,0.08,74.9,0.09,117.0,0.92,114.36,0.91,117.0,0.94,13.61,0.95,111.82,0.01,0.02,2332.112554,1776219803000
1776219804.911,204.911,0.07,6.87,0.06,40.44,0.08,74.9,0.09,117.0,0.92,74.9,0.91,117.0,0.93,6.87,0.94,40.44,0.01,0.01,2332.128267,1776219804000
1776219805.931,205.931,0.07,6.87,0.06,40.44,0.08,74.9,0.09,117.0,0.92,74.9,0.91,117.0,0.93,6.87,0.94,40.44,0.01,0.01,2332.121473,1776219805000
1776219806.881,206.881,0.06,25.96,0.05,106.82,0.08,104.94,0.09,111.0,0.92,104.94,0.91,111.0,0.94,25.96,0.95,106.82,0.02,0.02,2332.124804,1776219806000
1776219807.319,207.319,0.07,8.79,0.06,25.96,0.08,5.0,0.09,68.69,0.92,104.94,0.91,111.0,0.94,25.96,0.95,106.82,0.01,0.02,2332.124804,1776219806000
1776219807.774,207.774,0.07,24.79,0.06,25.96,0.09,52.33,0.1,100.0,0.92,5.0,0.91,68.69,0.93,8.79,0.94,25.96,0.02,0.01,2332.124804,1776219806000
1776219809.497,209.497,0.07,23.71,0.06,25.96,0.08,162.19,0.09,81.63,0.91,52.33,0.9,100.0,0.93,24.79,0.94,25.96,0.01,0.02,2332.11066,1776219807000
1776219810.218,210.218,0.07,23.71,0.06,25.96,0.08,162.19,0.09,81.63,0.92,162.19,0.91,81.63,0.93,23.71,0.94,25.96,0.01,0.01,2332.251351,1776219809000
1776219810.49,210.49,0.07,20.58,0.06,34.96,0.08,67.4,0.09,67.33,0.92,162.19,0.91,81.63,0.93,23.71,0.94,25.96,0.01,0.01,2332.251351,1776219809000
1776219810.95,210.95,0.07,20.2,0.06,34.96,0.08,79.2,0.09,76.02,0.92,59.9,0.91,67.33,0.93,20.58,0.94,34.96,0.01,0.01,2332.251351,1776219809000
1776219811.597,211.597,0.07,14.82,0.06,34.96,0.08,79.2,0.09,76.02,0.92,79.2,0.91,76.02,0.93,14.82,0.94,34.96,0.01,0.01,2332.253594,1776219810000
1776219811.883,211.883,0.07,9.06,0.06,34.96,0.08,142.5,0.09,234.85,0.92,79.2,0.91,76.02,0.93,14.82,0.94,34.96,0.01,0.01,2332.253594,1776219810000
1776219812.195,212.195,0.07,9.06,0.06,34.96,0.08,142.5,0.09,234.85,0.92,142.5,0.91,234.85,0.93,9.06,0.94,34.96,0.01,0.01,2332.282038,1776219811000
1776219812.926,212.926,0.05,123.46,0.04,30.0,0.08,66.4,0.09,127.85,0.92,142.5,0.91,234.85,0.93,9.06,0.94,34.96,0.03,0.01,2332.282038,1776219811000
1776219813.354,213.354,0.05,141.03,0.04,30.0,0.08,66.4,0.09,157.92,0.92,66.4,0.91,157.92,0.95,141.03,0.96,30.0,0.03,0.03,2332.291807,1776219812000
1776219813.882,213.882,0.06,3.19,0.05,126.03,0.07,113.11,0.08,84.9,0.92,66.4,0.91,157.92,0.95,141.03,0.96,30.0,0.01,0.03,2332.291807,1776219812000
1776219814.09,214.09,0.06,8.19,0.05,85.03,0.07,61.68,0.08,84.9,0.93,113.11,0.92,84.9,0.94,3.19,0.95,126.03,0.01,0.01,2332.299216,1776219813000
1776219815.305,215.305,0.06,8.19,0.05,85.03,0.07,61.68,0.08,84.9,0.93,61.68,0.92,84.9,0.94,8.19,0.95,85.03,0.01,0.01,2332.28002,1776219814000
1776219815.576,215.576,0.06,54.7,0.05,192.98,0.07,66.68,0.08,84.9,0.93,61.68,0.92,84.9,0.94,8.19,0.95,85.03,0.01,0.01,2332.28002,1776219814000
1776219816.172,216.172,0.05,98.77,0.04,222.0,0.07,76.68,0.08,84.9,0.93,71.68,0.92,84.9,0.94,15.36,0.95,85.03,0.02,0.01,2332.28002,1776219814000
1776219816.508,216.508,0.05,98.77,0.04,222.0,0.07,76.68,0.08,84.9,0.93,76.68,0.92,84.9,0.95,98.77,0.96,222.0,0.02,0.02,2332.273004,1776219815000
1776219817.095,217.095,0.05,98.77,0.04,222.0,0.07,76.68,0.08,84.9,0.93,76.68,0.92,84.9,0.95,98.77,0.96,222.0,0.02,0.02,2332.272194,1776219816000
1776219817.939,217.939,0.05,126.63,0.04,257.13,0.06,91.02,0.07,195.3,0.93,76.68,0.92,84.9,0.95,98.77,0.96,222.0,0.01,0.02,2332.272194,1776219816000
1776219818.272,218.272,0.05,107.45,0.04,257.13,0.06,25.0,0.07,95.3,0.94,25.0,0.93,95.3,0.95,107.45,0.96,257.13,0.01,0.01,2332.271504,1776219817000
1776219818.483,218.483,0.05,101.14,0.04,257.13,0.06,25.0,0.07,95.3,0.94,25.0,0.93,95.3,0.95,107.45,0.96,257.13,0.01,0.01,2332.271504,1776219817000
1776219818.908,218.908,0.05,101.14,0.04,257.13,0.06,25.0,0.07,95.3,0.94,25.0,0.93,95.3,0.95,101.14,0.96,257.13,0.01,0.01,2332.271896,1776219818000
1776219819.464,219.464,0.05,96.09,0.04,247.13,0.06,100.53,0.07,116.3,0.94,25.0,0.93,95.3,0.95,101.14,0.96,257.13,0.01,0.01,2332.271896,1776219818000
1776219820.017,220.017,0.05,83.71,0.04,247.13,0.06,100.53,0.07,116.3,0.94,100.53,0.93,116.3,0.95,83.71,0.96,247.13,0.01,0.01,2332.272695,1776219819000
1776219820.681,220.681,0.05,26.59,0.04,247.13,0.06,115.72,0.07,121.3,0.94,110.72,0.93,116.3,0.95,37.56,0.96,247.13,0.01,0.01,2332.272695,1776219819000
1776219821.244,221.244,0.05,26.59,0.04,247.13,0.06,115.72,0.07,121.3,0.94,115.72,0.93,121.3,0.95,26.59,0.96,247.13,0.01,0.01,2332.273654,1776219820000
1776219822.317,222.317,0.05,26.59,0.04,247.13,0.06,115.72,0.07,121.3,0.94,115.72,0.93,121.3,0.95,26.59,0.96,247.13,0.01,0.01,2332.276904,1776219821000
1776219822.886,222.886,0.05,5.41,0.04,125.86,0.06,252.52,0.07,157.29,0.94,252.52,0.93,157.29,0.95,5.41,0.96,125.86,0.01,0.01,2332.281146,1776219822000
1776219823.522,223.522,0.04,24.1,0.03,267.86,0.05,188.72,0.06,268.91,0.94,252.52,0.93,157.29,0.95,5.41,0.96,125.86,0.01,0.01,2332.281146,1776219822000
1776219824.078,224.078,0.04,19.1,0.03,267.86,0.05,249.87,0.06,205.91,0.95,249.87,0.94,205.91,0.96,19.1,0.97,267.86,0.01,0.01,2332.283875,1776219823000
1776219824.333,224.333,0.03,249.62,0.02,1011.0,0.04,9.0,0.05,320.98,0.95,234.99,0.94,230.79,0.97,266.96,0.98,711.0,0.01,0.02,2332.283875,1776219823000
1776219824.578,224.578,0.03,205.1,0.02,642.86,0.04,122.7,0.05,301.98,0.96,9.0,0.95,320.98,0.97,249.62,0.98,1011.0,0.01,0.01,2332.283875,1776219823000
1776219824.899,224.899,0.03,239.62,0.02,642.86,0.04,206.76,0.05,260.98,0.96,206.76,0.95,286.98,0.97,215.96,0.98,642.86,0.01,0.01,2332.283875,1776219823000
1776219825.295,225.295,0.03,239.62,0.02,642.86,0.04,206.76,0.05,260.98,0.96,206.76,0.95,260.98,0.97,239.62,0.98,642.86,0.01,0.01,2332.279977,1776219824000
1776219825.544,225.544,0.03,211.41,0.02,642.86,0.04,221.95,0.05,267.78,0.96,221.95,0.95,267.78,0.97,213.14,0.98,642.86,0.01,0.01,2332.279977,1776219824000
1776219826.142,226.142,0.04,44.81,0.03,708.41,0.06,98.8,0.07,223.29,0.96,221.95,0.95,267.78,0.97,211.41,0.98,642.86,0.02,0.01,2332.279977,1776219824000
1776219826.474,226.474,0.04,139.59,0.03,718.55,0.06,69.55,0.07,214.29,0.94,64.55,0.93,223.29,0.96,146.67,0.97,723.55,0.02,0.02,2331.992186,1776219825000
1776219826.952,226.952,0.04,131.35,0.03,618.55,0.06,174.59,0.07,235.29,0.94,174.59,0.93,185.3,0.96,135.1,0.97,718.55,0.02,0.02,2331.992186,1776219825000
1776219827.402,227.402,0.04,131.35,0.03,618.55,0.06,174.59,0.07,235.29,0.94,174.59,0.93,235.29,0.96,131.35,0.97,618.55,0.02,0.02,2332.00757,1776219826000
1776219827.705,227.705,0.05,20.0,0.04,126.35,0.06,100.59,0.07,223.29,0.94,174.59,0.93,235.29,0.96,131.35,0.97,618.55,0.01,0.02,2332.00757,1776219826000
1776219828.023,228.023,0.05,11.87,0.04,44.49,0.06,105.59,0.07,185.3,0.94,100.59,0.93,223.29,0.95,20.0,0.96,126.35,0.01,0.01,2332.00757,1776219826000
1776219828.345,228.345,0.05,11.87,0.04,44.49,0.06,81.75,0.07,215.37,0.94,105.59,0.93,185.3,0.95,11.87,0.96,44.49,0.01,0.01,2332.088771,1776219827000
1776219829.227,229.227,0.05,11.87,0.04,44.49,0.06,81.75,0.07,215.37,0.94,81.75,0.93,215.37,0.95,11.87,0.96,44.49,0.01,0.01,2332.290085,1776219828000
1776219829.427,229.427,0.04,75.85,0.03,608.55,0.06,73.41,0.07,164.99,0.94,73.41,0.93,120.0,0.96,82.35,0.97,603.55,0.02,0.02,2332.290085,1776219828000
1776219830.189,230.189,0.04,52.13,0.03,603.55,0.05,54.09,0.06,40.0,0.94,40.07,0.93,164.99,0.96,74.55,0.97,603.55,0.01,0.02,2332.290085,1776219828000
1776219830.511,230.511,0.04,35.92,0.03,603.55,0.05,54.09,0.06,40.0,0.95,54.09,0.94,40.0,0.96,35.92,0.97,603.55,0.01,0.01,2332.33514,1776219829000
1776219830.713,230.713,0.03,537.47,0.02,788.7,0.04,25.0,0.05,72.09,0.95,69.09,0.94,98.0,0.96,25.76,0.97,545.55,0.01,0.01,2332.33514,1776219829000
1776219831.041,231.041,0.03,525.78,0.02,1030.7,0.04,25.0,0.05,53.0,0.96,25.0,0.95,72.09,0.97,540.86,0.98,788.7,0.01,0.01,2332.33514,1776219829000
1776219831.324,231.324,0.03,506.57,0.02,1030.7,0.05,48.27,0.06,98.0,0.96,19.09,0.95,53.0,0.97,501.57,0.98,1030.7,0.02,0.01,2332.33514,1776219830000
1776219832.249,232.249,0.03,496.88,0.02,1030.7,0.05,48.27,0.06,98.0,0.95,48.27,0.94,98.0,0.97,496.88,0.98,1030.7,0.02,0.02,2332.320245,1776219831000
1776219833.031,233.031,0.03,446.96,0.02,1088.7,0.05,53.27,0.06,151.99,0.95,48.27,0.94,98.0,0.97,496.88,0.98,1030.7,0.02,0.02,2332.320245,1776219831000
1776219833.29,233.29,0.03,446.96,0.02,1088.7,0.05,41.27,0.06,146.24,0.95,53.27,0.94,151.99,0.97,446.96,0.98,1088.7,0.02,0.02,2332.320245,1776219831000
1776219833.817,233.817,0.04,5.0,0.03,446.96,0.05,26.27,0.06,158.99,0.95,26.27,0.94,158.99,0.96,5.0,0.97,446.96,0.01,0.01,2332.301894,1776219832000
1776219834.096,234.096,0.04,5.0,0.03,456.96,0.05,9.07,0.06,158.99,0.95,26.27,0.94,158.99,0.96,5.0,0.97,446.96,0.01,0.01,2332.301933,1776219833000
1776219835.195,235.195,0.04,5.0,0.03,456.96,0.05,9.07,0.06,158.99,0.95,9.07,0.94,158.99,0.96,5.0,0.97,456.96,0.01,0.01,2332.316977,1776219834000
1776219835.956,235.956,0.04,4.79,0.03,426.96,0.06,183.99,0.07,120.05,0.95,9.07,0.94,158.99,0.96,5.0,0.97,456.96,0.02,0.01,2332.316977,1776219834000
1776219836.167,236.167,0.03,404.09,0.02,1083.7,0.06,188.99,0.07,120.05,0.94,183.99,0.93,120.05,0.96,4.79,0.97,426.96,0.03,0.02,2332.316977,1776219834000
1776219837.013,237.013,0.03,356.04,0.02,783.7,0.05,75.78,0.06,196.99,0.95,10.0,0.94,183.99,0.97,375.77,0.98,1083.7,0.02,0.02,2332.289432,1776219835000
1776219838.251,238.251,0.03,88.23,0.02,991.7,0.05,87.99,0.06,203.79,0.95,75.78,0.94,196.99,0.97,356.04,0.98,783.7,0.02,0.02,2332.285296,1776219836000
1776219838.511,238.511,0.03,34.2,0.02,991.7,0.05,104.74,0.06,177.55,0.95,87.99,0.94,203.79,0.97,52.92,0.98,991.7,0.02,0.02,2332.285486,1776219837000
1776219839.083,239.083,0.03,34.2,0.02,991.7,0.05,104.74,0.06,177.55,0.95,104.74,0.94,177.55,0.97,34.2,0.98,991.7,0.02,0.02,2332.285486,1776219838000
1776219839.522,239.522,0.03,38.86,0.02,808.0,0.04,14.93,0.05,143.98,0.95,104.74,0.94,177.55,0.97,34.2,0.98,991.7,0.01,0.02,2332.285486,1776219838000
1776219840.894,240.894,0.03,38.86,0.02,808.0,0.04,14.93,0.05,143.98,0.96,14.93,0.95,143.98,0.97,38.86,0.98,808.0,0.01,0.01,2332.315137,1776219839000
1776219841.458,241.458,0.03,5.0,0.02,587.86,0.04,78.92,0.05,178.74,0.96,14.93,0.95,143.98,0.97,38.86,0.98,808.0,0.01,0.01,2332.315137,1776219839000
1776219841.682,241.682,0.03,2.93,0.02,587.86,0.04,78.92,0.05,178.74,0.96,78.92,0.95,178.74,0.97,5.0,0.98,587.86,0.01,0.01,2332.315137,1776219839000
1776219841.888,241.888,0.03,2.93,0.02,587.86,0.04,78.92,0.05,178.74,0.96,78.92,0.95,178.74,0.97,2.93,0.98,587.86,0.01,0.01,2332.315725,1776219840000
1776219842.475,242.475,0.02,578.75,0.01,8438.6,0.04,88.92,0.05,254.54,0.96,78.92,0.95,178.74,0.97,2.93,0.98,587.86,0.02,0.01,2332.315725,1776219840000
1776219842.703,242.703,0.02,578.75,0.01,8438.6,0.04,88.92,0.05,254.54,0.96,88.92,0.95,254.54,0.98,578.75,0.99,8438.6,0.02,0.02,2332.321685,1776219841000
1776219843.012,243.012,0.02,531.75,0.01,8298.6,0.04,88.92,0.05,254.54,0.96,88.92,0.95,254.54,0.98,578.75,0.99,8438.6,0.02,0.02,2332.321685,1776219841000
1776219843.341,243.341,0.02,540.75,0.01,8303.6,0.04,83.92,0.05,254.54,0.96,88.92,0.95,254.54,0.98,531.75,0.99,8298.6,0.02,0.02,2332.321685,1776219841000
1776219843.769,243.769,0.02,543.75,0.01,8303.6,0.04,88.92,0.05,254.54,0.96,88.92,0.95,254.54,0.98,543.75,0.99,8303.6,0.02,0.02,2332.28167,1776219842000
1776219844.118,244.118,0.02,514.75,0.01,8303.6,0.03,28.35,0.04,83.92,0.96,88.92,0.95,254.54,0.98,543.75,0.99,8303.6,0.01,0.02,2332.28167,1776219842000
1776219844.325,244.325,0.02,527.64,0.01,8303.6,0.03,28.35,0.04,83.92,0.97,28.35,0.96,83.92,0.98,514.75,0.99,8303.6,0.01,0.01,2332.28167,1776219842000
1776219844.603,244.603,0.02,527.64,0.01,8303.6,0.03,28.35,0.04,83.92,0.97,28.35,0.96,83.92,0.98,527.64,0.99,8303.6,0.01,0.01,2332.284348,1776219843000
1776219845.275,245.275,0.02,450.62,0.01,8303.6,0.03,28.35,0.04,83.92,0.97,28.35,0.96,83.92,0.98,450.62,0.99,8303.6,0.01,0.01,2332.278111,1776219844000
1776219845.815,245.815,0.03,72.86,0.02,864.26,0.04,9.9,0.05,29.99,0.96,83.92,0.95,254.54,0.98,466.56,0.99,8303.6,0.01,0.02,2332.278111,1776219844000
1776219846.658,246.658,0.03,42.86,0.02,864.26,0.04,9.9,0.05,29.99,0.96,9.9,0.95,29.99,0.97,42.86,0.98,864.26,0.01,0.01,2332.273737,1776219845000
1776219847.456,247.456,0.03,42.86,0.02,864.26,0.04,9.9,0.05,29.99,0.96,9.9,0.95,29.99,0.97,42.86,0.98,864.26,0.01,0.01,2332.27358,1776219846000
1776219848.041,248.041,0.02,481.56,0.01,7830.6,0.03,10.0,0.04,94.89,0.96,9.9,0.95,29.99,0.97,42.86,0.98,864.26,0.01,0.01,2332.27358,1776219846000
1776219848.244,248.244,0.02,145.7,0.01,7562.0,0.03,10.0,0.04,178.89,0.97,10.0,0.96,178.89,0.98,145.7,0.99,7562.0,0.01,0.01,2332.427043,1776219847000
1776219848.479,248.479,0.02,137.8,0.01,7029.86,0.03,188.99,0.04,187.26,0.97,10.0,0.96,178.89,0.98,145.7,0.99,7562.0,0.01,0.01,2332.427043,1776219847000
1776219849.637,249.637,0.02,137.8,0.01,7029.86,0.03,188.99,0.04,187.26,0.97,188.99,0.96,187.26,0.98,137.8,0.99,7029.86,0.01,0.01,2332.359803,1776219848000
1776219850.101,250.101,0.02,103.7,0.01,1946.86,0.03,312.69,0.04,204.26,0.97,312.69,0.96,204.26,0.98,105.75,0.99,1882.0,0.01,0.01,2332.359803,1776219848000
1776219850.337,250.337,0.02,103.7,0.01,1946.86,0.03,312.69,0.04,204.26,0.97,312.69,0.96,204.26,0.98,103.7,0.99,1946.86,0.01,0.01,2332.212922,1776219849000
1776219851.016,251.016,0.02,103.7,0.01,2346.86,0.03,212.69,0.04,204.26,0.97,212.69,0.96,204.26,0.98,103.7,0.99,2346.86,0.01,0.01,2332.039992,1776219850000
1776219851.85,251.85,0.02,103.7,0.01,1776.86,0.03,149.69,0.04,262.26,0.97,212.69,0.96,204.26,0.98,103.7,0.99,2346.86,0.01,0.01,2332.039992,1776219850000
1776219852.471,252.471,0.02,79.2,0.01,1776.86,0.03,149.69,0.04,262.26,0.97,149.69,0.96,262.26,0.98,79.2,0.99,1776.86,0.01,0.01,2331.966826,1776219851000
1776219852.998,252.998,0.02,18.2,0.01,1765.86,0.03,249.97,0.04,182.26,0.97,149.69,0.96,262.26,0.98,79.2,0.99,1776.86,0.01,0.01,2331.966826,1776219851000
1776219853.24,253.24,0.02,11.2,0.01,1768.86,0.03,207.31,0.04,198.26,0.97,207.31,0.96,198.26,0.98,11.2,0.99,1768.86,0.01,0.01,2332.029035,1776219852000
1776219853.459,253.459,0.02,15.17,0.01,1768.86,0.03,223.31,0.04,256.26,0.97,207.31,0.96,198.26,0.98,11.2,0.99,1768.86,0.01,0.01,2332.029035,1776219852000
1776219854.629,254.629,0.02,15.17,0.01,1768.86,0.03,223.31,0.04,256.26,0.97,223.31,0.96,256.26,0.98,15.17,0.99,1768.86,0.01,0.01,2332.06912,1776219853000
1776219855.3,255.3,0.02,3.7,0.01,1729.86,0.03,234.31,0.04,261.26,0.97,223.31,0.96,256.26,0.98,15.17,0.99,1768.86,0.01,0.01,2332.06912,1776219853000
1776219855.692,255.692,0.01,1684.86,,,0.02,93.86,0.03,159.03,0.97,239.31,0.96,261.26,0.98,3.59,0.99,1729.86,0.01,0.01,2332.131119,1776219854000
1776219855.932,255.932,0.01,1511.86,,,0.02,93.86,0.03,159.03,0.98,93.86,0.97,159.03,0.99,1684.86,,,0.01,0.01,2332.131119,1776219854000
1776219856.18,256.18,0.01,1471.81,,,0.02,93.86,0.03,159.03,0.98,93.86,0.97,159.03,0.99,1471.81,,,0.01,0.01,2332.153059,1776219855000
1776219857.139,257.139,0.01,1352.81,,,0.02,104.05,0.03,167.03,0.98,93.86,0.97,159.03,0.99,1491.81,,,0.01,0.01,2332.153059,1776219855000
1776219857.66,257.66,0.01,1344.81,,,0.02,104.05,0.03,167.03,0.98,104.05,0.97,167.03,0.99,1344.81,,,0.01,0.01,2332.156752,1776219856000
1776219857.935,257.935,0.01,1092.36,,,0.02,109.05,0.03,187.03,0.98,109.05,0.97,187.03,0.99,1142.57,,,0.01,0.01,2332.156752,1776219856000
1776219858.336,258.336,0.01,1148.36,,,0.02,292.75,0.03,187.03,0.98,109.05,0.97,187.03,0.99,1086.36,,,0.01,0.01,2332.156752,1776219856000
1776219858.65,258.65,0.01,1098.36,,,0.02,292.75,0.03,187.03,0.98,292.75,0.97,187.03,0.99,1148.36,,,0.01,0.01,2332.156702,1776219857000
1776219859.179,259.179,0.01,1098.36,,,0.02,292.75,0.03,187.03,0.98,292.75,0.97,187.03,0.99,1098.36,,,0.01,0.01,2332.156702,1776219858000
1776219860.142,260.142,0.01,1094.5,,,0.02,192.75,0.03,279.69,0.98,292.75,0.97,187.03,0.99,1098.36,,,0.01,0.01,2332.156702,1776219858000
1776219860.415,260.415,0.01,1066.99,,,0.02,239.74,0.03,240.7,0.98,192.75,0.97,279.69,0.99,1094.5,,,0.01,0.01,2332.16861,1776219859000
1776219861.177,261.177,0.01,1048.84,,,0.02,375.18,0.03,240.7,0.98,239.74,0.97,240.7,0.99,1066.99,,,0.01,0.01,2332.16861,1776219859000
1776219861.547,261.547,0.01,389.87,,,0.02,419.17,0.03,240.7,0.98,375.18,0.97,240.7,0.99,386.87,,,0.01,0.01,2332.15805,1776219860000
1776219861.897,261.897,0.01,321.87,,,0.02,483.51,0.03,182.7,0.98,419.17,0.97,240.7,0.99,389.87,,,0.01,0.01,2332.15805,1776219860000
1776219862.335,262.335,,,,,0.01,2203.13,0.02,535.51,0.99,2203.13,0.98,535.51,,,,,,,2332.218488,1776219861000
1776219862.862,262.862,,,,,0.01,4275.89,0.02,546.51,0.99,3280.73,0.98,556.51,,,,,,,2332.218488,1776219861000
1776219863.918,263.918,,,,,0.01,4275.89,0.02,546.51,0.99,4275.89,0.98,546.51,,,,,,,2332.086127,1776219863000
1776219864.605,264.605,,,,,0.01,4260.59,0.02,480.51,0.99,4275.89,0.98,546.51,,,,,,,2332.086127,1776219863000
1776219864.912,264.912,,,,,0.01,4260.59,0.02,480.51,0.99,4260.59,0.98,480.51,,,,,,,2331.382251,1776219864000
1776219865.924,265.924,,,,,0.01,4260.59,0.02,480.51,0.99,4260.59,0.98,480.51,,,,,,,2331.220511,1776219865000
1776219867.116,267.116,,,,,0.01,4260.59,0.02,480.51,0.99,4260.59,0.98,480.51,,,,,,,2331.039101,1776219866000
1776219868.054,268.054,,,,,0.01,4260.59,0.02,480.51,0.99,4260.59,0.98,480.51,,,,,,,2330.45305,1776219867000
1776219869.116,269.116,,,,,0.01,4260.59,0.02,480.51,0.99,4260.59,0.98,480.51,,,,,,,2330.441065,1776219868000
1776219870.02,270.02,,,,,0.01,4260.59,0.02,480.51,0.99,4260.59,0.98,480.51,,,,,,,2330.4429,1776219869000
1776219871.091,271.091,,,,,0.01,4260.59,0.02,480.51,0.99,4260.59,0.98,480.51,,,,,,,2330.450556,1776219870000
1776219871.995,271.995,,,,,0.01,10065.66,0.02,460.51,0.99,10065.66,0.98,460.51,,,,,,,2330.511637,1776219871000
1776219872.313,272.313,,,,,0.01,10067.38,0.02,460.51,0.99,10065.66,0.98,460.51,,,,,,,2330.511637,1776219871000
1776219873.589,273.589,,,,,0.01,10067.38,0.02,460.51,0.99,10067.38,0.98,460.51,,,,,,,2330.401536,1776219872000
1776219874.24,274.24,,,,,0.01,10067.38,0.02,460.51,0.99,10067.38,0.98,460.51,,,,,,,2330.388689,1776219873000
1776219875.215,275.215,,,,,0.01,10067.38,0.02,460.51,0.99,10067.38,0.98,460.51,,,,,,,2330.386994,1776219874000
1776219876.245,276.245,,,,,0.01,10067.38,0.02,460.51,0.99,10067.38,0.98,460.51,,,,,,,2330.415024,1776219875000
1776219877.234,277.234,,,,,0.01,10067.38,0.02,460.51,0.99,10067.38,0.98,460.51,,,,,,,2330.467066,1776219876000
1776219878.791,278.791,,,,,0.01,10067.38,0.02,460.51,0.99,10067.38,0.98,460.51,,,,,,,2330.467483,1776219877000
1776219879.282,279.282,,,,,0.01,10067.38,0.02,460.51,0.99,10067.38,0.98,460.51,,,,,,,2330.464842,1776219878000
1776219880.506,280.506,,,,,0.01,10067.38,0.02,460.51,0.99,10067.38,0.98,460.51,,,,,,,2330.407221,1776219879000
1776219881.043,281.043,,,,,0.01,10067.38,0.02,460.51,0.99,10067.38,0.98,460.51,,,,,,,2330.403569,1776219880000
1776219882.252,282.252,,,,,0.01,10067.38,0.02,460.51,0.99,10067.38,0.98,460.51,,,,,,,2330.376843,1776219881000
1776219883.276,283.276,,,,,0.01,10067.38,0.02,460.51,0.99,10067.38,0.98,460.51,,,,,,,2330.363515,1776219882000
1776219884.422,284.422,,,,,0.01,10067.38,0.02,460.51,0.99,10067.38,0.98,460.51,,,,,,,2330.452273,1776219883000
1776219884.995,284.995,,,,,0.01,10067.38,0.02,460.51,0.99,10067.38,0.98,460.51,,,,,,,2330.468549,1776219884000
1776219886.192,286.192,,,,,0.01,10067.38,0.02,460.51,0.99,10067.38,0.98,460.51,,,,,,,2330.47759,1776219885000
1776219887.085,287.085,,,,,0.01,9578.0,0.02,341.76,0.99,10067.38,0.98,460.51,,,,,,,2330.47759,1776219885000
1776219887.362,287.362,,,,,0.01,9578.0,0.02,341.76,0.99,9578.0,0.98,341.76,,,,,,,2330.472461,1776219886000
1776219888.275,288.275,,,,,0.01,9578.0,0.02,341.76,0.99,9578.0,0.98,341.76,,,,,,,2330.462187,1776219887000
1776219889.29,289.29,,,,,0.01,9578.0,0.02,341.76,0.99,9578.0,0.98,341.76,,,,,,,2330.361736,1776219888000
1776219890.329,290.329,,,,,0.01,9578.0,0.02,341.76,0.99,9578.0,0.98,341.76,,,,,,,2330.361697,1776219889000
1776219891.299,291.299,,,,,0.01,9578.0,0.02,341.76,0.99,9578.0,0.98,341.76,,,,,,,2329.153558,1776219890000
1776219892.294,292.294,,,,,0.01,9578.0,0.02,341.76,0.99,9578.0,0.98,341.76,,,,,,,2329.019575,1776219891000
1776219893.106,293.106,,,,,0.01,10688.41,0.02,341.76,0.99,9578.0,0.98,341.76,,,,,,,2329.019575,1776219891000
1776219894.311,294.311,,,,,0.01,10688.41,0.02,341.76,0.99,10688.41,0.98,341.76,,,,,,,2329.017364,1776219893000
1776219895.216,295.216,,,,,0.01,10688.41,0.02,341.76,0.99,10688.41,0.98,341.76,,,,,,,2329.174262,1776219894000
1776219896.272,296.272,,,,,0.01,10688.41,0.02,341.76,0.99,10688.41,0.98,341.76,,,,,,,2329.312103,1776219895000
1776219897.213,297.213,,,,,0.01,10688.41,0.02,341.76,0.99,10688.41,0.98,341.76,,,,,,,2329.303776,1776219896000
1776219898.185,298.185,,,,,0.01,13055.88,0.02,341.76,0.99,13055.88,0.98,341.76,,,,,,,2329.31404,1776219897000
1776219899.16,299.16,,,,,0.01,13055.88,0.02,341.76,0.99,13055.88,0.98,341.76,,,,,,,2329.337854,1776219898000
1776219900.12,300.12,,,,,0.01,13055.88,0.02,341.76,0.99,13055.88,0.98,341.76,,,,,,,2329.346926,1776219899000
1776219901.251,301.251,,,,,0.01,71777.77,0.02,143.77,0.99,71777.77,0.98,143.77,,,,,,,2329.351046,1776219900000
1776219902.431,302.431,,,,,0.01,71777.77,0.02,143.77,0.99,71777.77,0.98,143.77,,,,,,,2329.362924,1776219901000

# RESULT,winner=Down,slug=eth-updown-5m-1776219600,ticks=516
