timestamp,elapsed_sec,up_bid_p1,up_bid_s1,up_bid_p2,up_bid_s2,up_ask_p1,up_ask_s1,up_ask_p2,up_ask_s2,down_bid_p1,down_bid_s1,down_bid_p2,down_bid_s2,down_ask_p1,down_ask_s1,down_ask_p2,down_ask_s2,up_spread,down_spread,eth_price,eth_oracle_ts
1776186601.379,1.379,,,,,,,,,,,,,,,,,,,2336.00595,1776186600000
1776186601.626,1.626,0.54,7.47,0.53,43.28,0.55,12.05,0.57,70.0,0.45,22.05,0.44,13.0,0.46,12.47,0.47,43.28,0.01,0.01,2336.00595,1776186600000
1776186601.953,1.953,0.54,7.47,0.53,43.28,0.55,12.05,0.57,70.0,0.45,22.05,0.44,13.0,0.46,12.47,0.47,43.28,0.01,0.01,2336.003996,1776186601000
1776186602.581,2.581,0.54,25.86,0.53,118.28,0.58,41.07,0.6,10.0,0.4,13.0,0.39,13.0,0.42,10.0,0.45,12.0,0.04,0.02,2336.003996,1776186601000
1776186603.029,3.029,0.54,25.86,0.53,118.28,0.58,41.07,0.6,10.0,0.42,41.07,0.4,10.0,0.46,25.86,0.47,118.28,0.04,0.04,2336.04964,1776186602000
1776186603.447,3.447,0.56,80.0,0.55,70.0,0.58,36.82,0.59,10.0,0.42,30.69,0.4,10.0,0.44,10.0,0.46,25.86,0.02,0.02,2336.04964,1776186602000
1776186603.964,3.964,0.68,10.0,0.67,10.0,0.69,311.32,0.71,70.0,0.32,18.0,0.31,321.32,0.4,70.0,0.44,130.0,0.01,0.08,2336.04964,1776186602000
1776186604.17,4.17,0.68,5.0,0.67,10.0,0.69,311.32,0.71,70.0,0.31,311.32,0.29,70.0,0.32,10.0,0.33,10.0,0.01,0.01,2336.04964,1776186602000
1776186604.496,4.496,0.68,10.0,0.67,10.0,0.69,296.32,0.7,12.0,0.31,296.32,0.3,12.0,0.32,10.0,0.33,10.0,0.01,0.01,2336.52735,1776186603000
1776186604.919,4.919,0.68,15.0,0.67,10.0,0.69,288.21,0.7,15.0,0.31,288.21,0.3,15.0,0.32,15.0,0.33,10.0,0.01,0.01,2336.71685,1776186604000
1776186605.25,5.25,0.66,5.0,0.65,10.0,0.67,30.0,0.68,20.0,0.31,288.21,0.3,15.0,0.32,15.0,0.33,10.0,0.01,0.01,2336.71685,1776186604000
1776186605.669,5.669,0.59,4.9,0.57,75.0,0.6,15.0,0.61,200.0,0.33,30.0,0.32,20.0,0.34,5.0,0.35,10.0,0.01,0.01,2336.71685,1776186604000
1776186605.873,5.873,0.59,4.9,0.58,5.0,0.6,14.58,0.61,150.0,0.4,20.0,0.39,155.0,0.41,4.9,0.42,5.0,0.01,0.01,2336.71685,1776186604000
1776186606.081,6.081,0.59,4.9,0.58,5.0,0.61,150.0,0.62,105.0,0.4,14.58,0.39,150.0,0.41,4.9,0.42,5.0,0.02,0.01,2337.550677,1776186605000
1776186606.53,6.53,0.59,15.02,0.57,35.0,0.6,18.34,0.61,162.0,0.4,20.0,0.39,162.0,0.41,0.02,0.43,35.0,0.01,0.01,2337.550677,1776186605000
1776186606.887,6.887,0.59,15.02,0.57,35.0,0.6,18.34,0.61,162.0,0.4,18.34,0.39,162.0,0.41,15.02,0.43,35.0,0.01,0.01,2337.506295,1776186606000
1776186607.158,7.158,0.59,10.02,0.58,5.0,0.6,45.0,0.61,167.0,0.4,18.34,0.39,162.0,0.41,15.02,0.43,35.0,0.01,0.01,2337.506295,1776186606000
1776186607.775,7.775,0.59,15.02,0.58,15.0,0.6,20.0,0.61,145.0,0.4,45.0,0.39,167.0,0.41,10.02,0.42,5.0,0.01,0.01,2337.506295,1776186606000
1776186608.358,8.358,0.59,9.16,0.58,15.0,0.6,20.0,0.61,167.0,0.4,20.0,0.39,167.0,0.41,9.16,0.42,15.0,0.01,0.01,2336.672889,1776186607000
1776186609.277,9.277,0.59,9.16,0.58,15.0,0.6,20.0,0.61,167.0,0.4,20.0,0.39,167.0,0.41,9.16,0.42,15.0,0.01,0.01,2336.621533,1776186608000
1776186609.873,9.873,0.57,30.0,0.56,35.0,0.58,33.28,0.59,37.0,0.4,20.0,0.39,167.0,0.41,9.16,0.42,15.0,0.01,0.01,2336.621533,1776186608000
1776186610.127,10.127,0.57,147.0,0.56,40.0,0.58,28.11,0.59,37.0,0.42,33.28,0.41,37.0,0.43,30.0,0.44,35.0,0.01,0.01,2336.621533,1776186608000
1776186610.373,10.373,0.57,147.0,0.56,40.0,0.58,28.11,0.59,37.0,0.42,28.11,0.41,37.0,0.43,147.0,0.44,40.0,0.01,0.01,2336.631133,1776186609000
1776186610.912,10.912,0.57,157.0,0.56,40.0,0.58,74.48,0.59,181.82,0.41,15.82,0.4,169.0,0.43,152.0,0.44,35.0,0.01,0.02,2336.631133,1776186609000
1776186611.18,11.18,0.57,162.0,0.56,35.0,0.58,1.56,0.59,91.82,0.42,74.48,0.41,181.82,0.43,157.0,0.44,40.0,0.01,0.01,2336.631133,1776186609000
1776186612.308,12.308,0.57,162.0,0.56,35.0,0.58,1.56,0.59,91.82,0.42,1.56,0.41,91.82,0.43,162.0,0.44,35.0,0.01,0.01,2336.495691,1776186611000
1776186613.193,13.193,0.57,162.0,0.56,35.0,0.58,1.56,0.59,91.82,0.42,1.56,0.41,91.82,0.43,162.0,0.44,35.0,0.01,0.01,2336.485844,1776186612000
1776186613.836,13.836,0.55,147.0,0.54,50.86,0.56,2.16,0.57,87.0,0.44,5.0,0.43,62.0,0.45,147.0,0.46,50.86,0.01,0.01,2336.485844,1776186612000
1776186614.175,14.175,0.55,152.0,0.54,50.86,0.57,87.0,0.58,67.0,0.43,87.0,0.42,67.0,0.45,152.0,0.46,50.86,0.02,0.02,2336.35651,1776186613000
1776186614.713,14.713,0.56,15.0,0.55,147.0,0.57,67.45,0.58,79.0,0.43,87.0,0.42,67.0,0.45,152.0,0.46,50.86,0.01,0.02,2336.35651,1776186613000
1776186615.183,15.183,0.56,15.0,0.55,147.0,0.57,67.45,0.58,79.0,0.43,67.45,0.42,79.0,0.44,15.0,0.45,147.0,0.01,0.01,2336.374873,1776186614000
1776186616.237,16.237,0.56,15.0,0.55,147.0,0.57,67.45,0.58,79.0,0.43,67.45,0.42,79.0,0.44,15.0,0.45,147.0,0.01,0.01,2336.43151,1776186615000
1776186616.794,16.794,0.54,35.86,0.53,50.43,0.55,20.18,0.56,207.0,0.43,67.45,0.42,79.0,0.44,15.0,0.45,147.0,0.01,0.01,2336.43151,1776186615000
1776186617.166,17.166,0.54,25.86,0.53,49.43,0.55,157.18,0.56,67.0,0.45,20.18,0.44,207.0,0.46,35.86,0.47,50.43,0.01,0.01,2336.43151,1776186615000
1776186617.477,17.477,0.54,15.86,0.53,49.43,0.55,152.18,0.56,67.0,0.45,152.18,0.44,67.0,0.46,15.86,0.47,49.43,0.01,0.01,2336.391436,1776186616000
1776186618.004,18.004,0.54,15.86,0.53,49.43,0.55,152.18,0.56,67.0,0.45,152.18,0.44,67.0,0.46,15.86,0.47,49.43,0.01,0.01,2336.33342,1776186617000
1776186619.223,19.223,0.54,15.86,0.53,49.43,0.55,152.18,0.56,67.0,0.45,152.18,0.44,67.0,0.46,15.86,0.47,49.43,0.01,0.01,2336.189567,1776186618000
1776186619.582,19.582,0.54,15.86,0.53,49.43,0.55,2.56,0.56,206.0,0.45,152.18,0.44,67.0,0.46,15.86,0.47,49.43,0.01,0.01,2336.189567,1776186618000
1776186620.474,20.474,0.54,15.86,0.53,49.43,0.55,2.56,0.56,206.0,0.45,2.56,0.44,206.0,0.46,15.86,0.47,49.43,0.01,0.01,2336.172038,1776186619000
1776186621.125,21.125,0.54,15.86,0.53,49.43,0.55,2.56,0.56,206.0,0.45,2.56,0.44,206.0,0.46,15.86,0.47,49.43,0.01,0.01,2336.181817,1776186620000
1776186621.82,21.82,0.53,49.43,0.52,182.0,0.55,53.56,0.56,209.0,0.45,195.56,0.44,114.0,0.46,15.86,0.47,49.43,0.02,0.01,2336.181817,1776186620000
1776186622.339,22.339,0.53,49.43,0.52,182.0,0.55,53.56,0.56,209.0,0.45,53.56,0.44,209.0,0.47,49.43,0.48,182.0,0.02,0.02,2336.180555,1776186621000
1776186623.024,23.024,0.53,201.43,0.52,70.0,0.54,5.0,0.55,43.56,0.46,5.0,0.45,43.56,0.47,201.43,0.48,70.0,0.01,0.01,2336.178645,1776186622000
1776186623.31,23.31,0.53,76.66,0.52,187.0,0.54,5.0,0.55,53.56,0.46,5.0,0.45,43.56,0.47,201.43,0.48,70.0,0.01,0.01,2336.178645,1776186622000
1776186624.291,24.291,0.53,76.66,0.52,187.0,0.54,5.0,0.55,53.56,0.46,5.0,0.45,53.56,0.47,76.66,0.48,187.0,0.01,0.01,2336.13895,1776186623000
1776186625.384,25.384,0.53,76.66,0.52,187.0,0.54,5.0,0.55,53.56,0.46,5.0,0.45,53.56,0.47,76.66,0.48,187.0,0.01,0.01,2336.171005,1776186624000
1776186625.995,25.995,0.53,76.66,0.52,187.0,0.54,5.0,0.55,53.56,0.46,5.0,0.45,53.56,0.47,76.66,0.48,187.0,0.01,0.01,2336.170475,1776186625000
1776186626.816,26.816,0.53,8.09,0.52,55.0,0.54,190.0,0.55,65.0,0.46,5.0,0.45,53.56,0.47,76.66,0.48,187.0,0.01,0.01,2336.170475,1776186625000
1776186627.232,27.232,0.52,55.0,0.51,30.0,0.54,185.0,0.55,65.0,0.46,185.0,0.45,65.0,0.48,55.0,0.49,30.0,0.02,0.02,2336.161435,1776186626000
1776186628.466,28.466,0.52,55.0,0.51,30.0,0.54,185.0,0.55,65.0,0.46,185.0,0.45,65.0,0.48,55.0,0.49,30.0,0.02,0.02,2336.120051,1776186627000
1776186629.043,29.043,0.52,55.0,0.51,30.0,0.54,185.0,0.55,65.0,0.46,185.0,0.45,65.0,0.48,55.0,0.49,30.0,0.02,0.02,2336.12887,1776186628000
1776186630.446,30.446,0.52,55.0,0.51,30.0,0.54,185.0,0.55,65.0,0.46,185.0,0.45,65.0,0.48,55.0,0.49,30.0,0.02,0.02,2336.4342,1776186629000
1776186631.096,31.096,0.56,16.0,0.55,53.0,0.57,99.02,0.58,23.0,0.43,99.02,0.42,23.0,0.44,16.0,0.45,53.0,0.01,0.01,2336.4342,1776186630000
1776186631.793,31.793,0.56,85.0,0.55,26.0,0.57,114.02,0.58,55.0,0.43,99.02,0.42,23.0,0.44,16.0,0.45,53.0,0.01,0.01,2336.4342,1776186630000
1776186632.137,32.137,0.56,80.0,0.55,26.0,0.57,114.02,0.58,55.0,0.43,114.02,0.42,55.0,0.44,85.0,0.45,26.0,0.01,0.01,2336.4342,1776186630000
1776186633.08,33.08,0.56,388.0,0.55,277.0,0.58,27.0,0.59,3.82,0.43,114.02,0.42,55.0,0.44,80.0,0.45,26.0,0.02,0.01,2336.43415,1776186631000
1776186633.33,33.33,0.57,260.0,0.56,296.0,0.59,2.35,0.6,5.0,0.41,2.35,0.4,5.0,0.43,260.0,0.44,296.0,0.02,0.02,2336.42415,1776186632000
1776186633.674,33.674,0.58,109.11,0.57,285.0,0.6,2.31,0.61,5.0,0.41,2.35,0.4,5.0,0.42,97.11,0.43,280.0,0.02,0.01,2336.42415,1776186632000
1776186633.999,33.999,0.59,90.0,0.58,83.11,0.62,72.89,0.63,54.0,0.4,2.31,0.39,5.0,0.42,109.11,0.43,285.0,0.03,0.02,2336.42415,1776186632000
1776186634.371,34.371,0.61,7.43,0.6,10.0,0.62,72.89,0.63,54.0,0.38,72.89,0.37,54.0,0.39,7.43,0.4,10.0,0.01,0.01,2336.418493,1776186633000
1776186634.991,34.991,0.61,7.43,0.6,10.0,0.62,72.89,0.63,54.0,0.38,72.89,0.37,54.0,0.39,7.43,0.4,10.0,0.01,0.01,2336.58767,1776186634000
1776186635.737,35.737,0.61,92.43,0.6,26.0,0.62,152.12,0.63,66.0,0.38,72.89,0.37,54.0,0.39,7.43,0.4,10.0,0.01,0.01,2336.58767,1776186634000
1776186635.937,35.937,0.61,87.43,0.6,26.0,0.62,119.43,0.63,66.0,0.38,145.24,0.37,66.0,0.39,87.43,0.4,26.0,0.01,0.01,2336.58767,1776186634000
1776186637.353,37.353,0.61,87.43,0.6,26.0,0.62,119.43,0.63,66.0,0.38,119.43,0.37,66.0,0.39,87.43,0.4,26.0,0.01,0.01,2336.87885,1776186636000
1776186637.69,37.69,0.62,238.86,0.61,249.43,0.63,2.31,0.64,12.0,0.37,20.0,0.36,12.0,0.38,208.86,0.39,108.43,0.01,0.01,2336.87885,1776186636000
1776186638.023,38.023,0.63,15.0,0.62,238.86,0.64,1.0,0.65,10.0,0.36,1.0,0.35,10.0,0.37,15.0,0.38,238.86,0.01,0.01,2336.87885,1776186637000
1776186638.588,38.588,0.66,227.0,0.65,100.0,0.68,6.0,0.69,25.0,0.33,20.0,0.32,19.0,0.34,65.0,0.35,20.0,0.02,0.01,2336.87885,1776186637000
1776186638.896,38.896,0.69,32.29,0.68,10.0,0.7,45.0,0.71,10.0,0.31,25.0,0.3,15.0,0.33,62.7,0.34,79.0,0.01,0.02,2336.87885,1776186637000
1776186639.398,39.398,0.7,67.0,0.69,152.0,0.71,10.0,0.72,10.0,0.3,10.91,0.29,10.0,0.31,185.29,0.32,20.0,0.01,0.01,2336.929864,1776186638000
1776186639.6,39.6,0.7,58.66,0.69,35.0,0.71,10.0,0.72,20.0,0.29,10.0,0.28,10.0,0.3,67.0,0.31,152.0,0.01,0.01,2336.929864,1776186638000
1776186640.332,40.332,0.7,58.66,0.69,35.0,0.71,10.0,0.72,20.0,0.29,10.0,0.28,20.0,0.3,58.66,0.31,35.0,0.01,0.01,2337.4961,1776186639000
1776186640.788,40.788,0.7,142.66,0.69,185.0,0.71,3.66,0.72,20.0,0.29,5.07,0.28,20.0,0.3,82.66,0.31,185.0,0.01,0.01,2337.4961,1776186639000
1776186641.608,41.608,0.7,117.66,0.69,176.0,0.71,1.66,0.73,167.0,0.29,3.66,0.28,20.0,0.3,142.66,0.31,185.0,0.01,0.01,2338.035236,1776186640000
1776186642.031,42.031,0.7,112.66,0.69,186.0,0.73,177.0,0.74,37.0,0.27,177.0,0.26,37.0,0.3,112.66,0.31,186.0,0.03,0.03,2338.132488,1776186641000
1776186642.459,42.459,0.72,26.1,0.71,10.0,0.73,172.0,0.74,37.0,0.27,177.0,0.26,37.0,0.3,112.66,0.31,186.0,0.01,0.03,2338.132488,1776186641000
1776186643.089,43.089,0.72,64.1,0.71,25.0,0.73,132.0,0.74,37.0,0.27,172.0,0.26,37.0,0.28,26.1,0.29,10.0,0.01,0.01,2338.132488,1776186641000
1776186643.427,43.427,0.72,54.1,0.71,30.0,0.73,122.39,0.74,37.0,0.27,132.0,0.26,37.0,0.28,64.1,0.29,25.0,0.01,0.01,2338.091187,1776186642000
1776186644.359,44.359,0.72,54.1,0.71,30.0,0.73,122.39,0.74,37.0,0.27,122.39,0.26,37.0,0.28,54.1,0.29,30.0,0.01,0.01,2338.071943,1776186643000
1776186644.785,44.785,0.73,89.25,0.72,63.0,0.74,141.0,0.75,137.0,0.27,122.39,0.26,37.0,0.28,54.1,0.29,30.0,0.01,0.01,2338.071943,1776186643000
1776186645.1,45.1,0.73,99.25,0.72,175.0,0.74,7.24,0.75,52.0,0.26,141.0,0.25,137.0,0.27,89.25,0.28,63.0,0.01,0.01,2338.0884,1776186644000
1776186645.532,45.532,0.73,92.54,0.72,189.0,0.74,1.24,0.75,40.0,0.26,1.24,0.25,57.0,0.27,87.25,0.28,180.0,0.01,0.01,2338.0884,1776186644000
1776186646.199,46.199,0.73,92.54,0.72,189.0,0.74,1.24,0.75,40.0,0.26,1.24,0.25,40.0,0.27,92.54,0.28,189.0,0.01,0.01,2338.090802,1776186645000
1776186646.65,46.65,0.74,8.0,0.73,25.0,0.75,229.0,0.76,349.0,0.25,152.0,0.24,55.0,0.27,82.0,0.28,148.0,0.01,0.02,2338.090802,1776186645000
1776186646.903,46.903,0.73,15.0,0.72,10.0,0.74,77.4,0.75,272.0,0.25,229.0,0.24,349.0,0.27,15.0,0.28,10.0,0.01,0.02,2338.090802,1776186645000
1776186647.126,47.126,0.72,10.0,0.71,20.0,0.74,162.4,0.75,143.0,0.26,162.4,0.25,143.0,0.27,5.0,0.28,10.0,0.02,0.01,2338.090802,1776186645000
1776186648.204,48.204,0.71,18.0,0.7,81.0,0.73,152.0,0.74,48.0,0.27,152.0,0.26,48.0,0.29,18.0,0.3,81.0,0.02,0.02,2338.11104,1776186647000
1776186649.214,49.214,0.72,19.0,0.71,18.0,0.73,279.0,0.74,43.0,0.27,279.0,0.26,43.0,0.28,19.0,0.29,18.0,0.01,0.01,2337.926578,1776186648000
1776186650.307,50.307,0.72,19.0,0.71,18.0,0.73,290.67,0.74,43.0,0.27,290.67,0.26,43.0,0.28,19.0,0.29,18.0,0.01,0.01,2337.887243,1776186649000
1776186651.402,51.402,0.72,19.0,0.71,18.0,0.73,290.67,0.74,43.0,0.27,290.67,0.26,43.0,0.28,19.0,0.29,18.0,0.01,0.01,2337.884859,1776186650000
1776186651.88,51.88,0.72,19.0,0.71,18.0,0.73,290.67,0.74,43.0,0.27,290.67,0.26,43.0,0.28,19.0,0.29,18.0,0.01,0.01,2337.880286,1776186651000
1776186652.371,52.371,0.72,19.0,0.71,135.0,0.73,144.89,0.74,175.0,0.27,290.67,0.26,43.0,0.28,19.0,0.29,18.0,0.01,0.01,2337.880286,1776186651000
1776186653.005,53.005,0.72,19.0,0.71,135.0,0.73,144.89,0.74,175.0,0.27,144.89,0.26,175.0,0.28,19.0,0.29,135.0,0.01,0.01,2337.847245,1776186652000
1776186654.086,54.086,0.72,19.0,0.71,135.0,0.73,144.89,0.74,175.0,0.27,144.89,0.26,175.0,0.28,19.0,0.29,135.0,0.01,0.01,2337.850981,1776186653000
1776186655.181,55.181,0.72,19.0,0.71,135.0,0.73,144.89,0.74,175.0,0.27,144.89,0.26,175.0,0.28,19.0,0.29,135.0,0.01,0.01,2337.844099,1776186654000
1776186656.169,56.169,0.72,19.0,0.71,135.0,0.73,144.89,0.74,175.0,0.27,144.89,0.26,175.0,0.28,19.0,0.29,135.0,0.01,0.01,2337.759892,1776186655000
1776186656.716,56.716,0.72,89.0,0.71,199.0,0.73,5.0,0.74,35.0,0.27,5.0,0.26,30.0,0.29,256.0,0.3,91.0,0.01,0.02,2337.759892,1776186655000
1776186657.179,57.179,0.72,89.0,0.71,199.0,0.73,5.0,0.74,35.0,0.27,5.0,0.26,35.0,0.28,89.0,0.29,199.0,0.01,0.01,2337.800752,1776186656000
1776186658.251,58.251,0.72,89.0,0.71,199.0,0.73,5.0,0.74,35.0,0.27,5.0,0.26,35.0,0.28,89.0,0.29,199.0,0.01,0.01,2337.833936,1776186657000
1776186658.525,58.525,0.73,64.0,0.72,22.0,0.74,18.0,0.75,244.0,0.27,5.0,0.26,35.0,0.28,89.0,0.29,199.0,0.01,0.01,2337.833936,1776186657000
1776186659.213,59.213,0.73,64.0,0.72,22.0,0.74,18.0,0.75,244.0,0.26,18.0,0.25,244.0,0.27,64.0,0.28,22.0,0.01,0.01,2337.85975,1776186658000
1776186659.465,59.465,0.73,15.0,0.72,15.0,0.74,190.0,0.75,137.0,0.26,18.0,0.25,244.0,0.27,64.0,0.28,22.0,0.01,0.01,2337.85975,1776186658000
1776186660.174,60.174,0.73,15.0,0.72,15.0,0.74,190.0,0.75,137.0,0.26,190.0,0.25,137.0,0.27,15.0,0.28,15.0,0.01,0.01,2337.882875,1776186659000
1776186660.401,60.401,0.73,15.0,0.72,10.0,0.74,34.45,0.75,334.0,0.26,190.0,0.25,137.0,0.27,15.0,0.28,15.0,0.01,0.01,2337.882875,1776186659000
1776186661.636,61.636,0.73,69.0,0.72,137.0,0.74,71.64,0.75,127.0,0.26,34.45,0.25,334.0,0.27,15.0,0.28,10.0,0.01,0.01,2337.882875,1776186659000
1776186662.112,62.112,0.74,64.0,0.73,184.0,0.75,176.86,0.76,238.0,0.26,9.0,0.25,127.0,0.27,55.84,0.28,137.0,0.01,0.01,2337.864858,1776186660000
1776186663.171,63.171,0.74,64.0,0.73,184.0,0.75,176.86,0.76,238.0,0.25,176.86,0.24,238.0,0.26,64.0,0.27,184.0,0.01,0.01,2337.816128,1776186662000
1776186664.221,64.221,0.74,64.0,0.73,184.0,0.75,176.86,0.76,238.0,0.25,176.86,0.24,238.0,0.26,64.0,0.27,184.0,0.01,0.01,2337.88131,1776186663000
1776186664.698,64.698,0.74,54.76,0.73,164.4,0.76,169.0,0.77,228.0,0.25,168.2,0.24,223.0,0.26,5.76,0.27,47.4,0.02,0.01,2337.88131,1776186663000
1776186664.988,64.988,0.75,176.0,0.74,27.76,0.76,146.0,0.77,228.0,0.24,169.0,0.23,228.0,0.26,54.76,0.27,164.4,0.01,0.02,2337.88131,1776186663000
1776186665.31,65.31,0.75,191.0,0.74,27.76,0.76,144.68,0.77,228.0,0.24,146.0,0.23,228.0,0.25,176.0,0.26,27.76,0.01,0.01,2337.88131,1776186663000
1776186665.94,65.94,0.75,191.0,0.74,27.76,0.76,144.68,0.77,228.0,0.24,144.68,0.23,228.0,0.25,191.0,0.26,27.76,0.01,0.01,2337.923889,1776186665000
1776186666.946,66.946,0.78,49.12,0.77,26.0,0.79,5.0,0.8,223.0,0.24,144.68,0.23,228.0,0.25,191.0,0.26,27.76,0.01,0.01,2337.923889,1776186665000
1776186667.735,67.735,0.78,135.1,0.77,110.0,0.79,21.98,0.8,223.0,0.21,5.0,0.2,223.0,0.23,26.0,0.24,244.0,0.01,0.02,2338.015608,1776186666000
1776186667.945,67.945,0.78,135.1,0.77,110.0,0.79,21.98,0.8,223.0,0.21,21.98,0.2,223.0,0.22,135.1,0.23,110.0,0.01,0.01,2338.294372,1776186667000
1776186668.177,68.177,0.78,209.1,0.77,145.0,0.79,2.97,0.8,126.0,0.21,94.87,0.2,126.0,0.22,184.1,0.23,262.0,0.01,0.01,2338.294372,1776186667000
1776186668.387,68.387,0.78,209.1,0.77,145.0,0.8,105.0,0.81,333.0,0.21,2.97,0.2,126.0,0.22,209.1,0.23,145.0,0.02,0.01,2338.294372,1776186667000
1776186668.73,68.73,0.79,178.52,0.78,160.1,0.8,125.05,0.81,216.0,0.2,105.0,0.19,333.0,0.22,209.1,0.23,145.0,0.01,0.02,2338.294372,1776186667000
1776186668.997,68.997,0.79,178.52,0.78,160.1,0.8,125.05,0.81,216.0,0.2,125.05,0.19,216.0,0.21,178.52,0.22,160.1,0.01,0.01,2338.36681,1776186668000
1776186669.587,69.587,0.79,382.52,0.78,184.1,0.8,3.92,0.81,95.0,0.2,125.05,0.19,216.0,0.21,178.52,0.22,160.1,0.01,0.01,2338.36681,1776186668000
1776186669.986,69.986,0.79,387.52,0.78,177.1,0.8,1.79,0.81,95.0,0.2,1.79,0.19,95.0,0.21,387.52,0.22,177.1,0.01,0.01,2338.372718,1776186669000
1776186670.747,70.747,0.81,442.0,0.8,236.0,0.82,108.9,0.83,25.0,0.19,61.76,0.18,230.0,0.21,372.52,0.22,177.1,0.01,0.02,2338.372718,1776186669000
1776186671.007,71.007,0.81,442.0,0.8,236.0,0.82,56.68,0.83,25.0,0.18,56.68,0.17,25.0,0.19,442.0,0.2,236.0,0.01,0.01,2338.481706,1776186670000
1776186671.411,71.411,0.81,423.0,0.8,246.0,0.82,39.48,0.83,25.0,0.18,56.68,0.17,25.0,0.19,442.0,0.2,236.0,0.01,0.01,2338.481706,1776186670000
1776186671.943,71.943,0.81,423.0,0.8,246.0,0.82,39.48,0.83,25.0,0.18,39.48,0.17,25.0,0.19,423.0,0.2,246.0,0.01,0.01,2338.80823,1776186671000
1776186672.539,72.539,0.84,152.0,0.83,322.0,0.85,10.11,0.86,167.0,0.18,39.48,0.17,25.0,0.19,423.0,0.2,246.0,0.01,0.01,2338.80823,1776186671000
1776186673.021,73.021,0.84,157.0,0.83,322.0,0.86,167.0,0.87,30.0,0.14,167.0,0.13,30.0,0.16,157.0,0.17,322.0,0.02,0.02,2339.13736,1776186672000
1776186673.777,73.777,0.85,110.0,0.84,160.0,0.86,127.21,0.87,105.0,0.14,167.0,0.13,30.0,0.16,157.0,0.17,322.0,0.01,0.02,2339.13736,1776186672000
1776186674.012,74.012,0.85,35.93,0.84,160.0,0.86,137.21,0.87,181.2,0.14,127.21,0.13,105.0,0.15,105.93,0.16,155.0,0.01,0.01,2339.13736,1776186672000
1776186674.306,74.306,0.84,16.0,0.83,100.24,0.86,164.21,0.87,211.2,0.14,137.21,0.13,181.2,0.15,35.93,0.16,160.0,0.02,0.01,2339.42105,1776186673000
1776186674.996,74.996,0.85,10.0,0.84,16.0,0.86,6.86,0.87,340.2,0.14,6.86,0.13,340.2,0.15,10.0,0.16,16.0,0.01,0.01,2339.649949,1776186674000
1776186675.599,75.599,0.85,374.0,0.84,66.5,0.86,227.64,0.87,243.2,0.14,6.86,0.13,340.2,0.15,10.0,0.16,16.0,0.01,0.01,2339.649949,1776186674000
1776186675.984,75.984,0.85,12.53,0.84,6.0,0.86,105.0,0.87,400.42,0.14,227.64,0.13,243.2,0.15,374.0,0.16,66.5,0.01,0.01,2339.649949,1776186674000
1776186676.212,76.212,0.85,12.53,0.84,6.0,0.86,105.0,0.87,400.42,0.14,105.0,0.13,400.42,0.15,12.53,0.16,6.0,0.01,0.01,2339.428127,1776186675000
1776186677.231,77.231,0.85,367.8,0.84,76.5,0.86,93.36,0.87,400.42,0.14,93.36,0.13,400.42,0.15,367.8,0.16,76.5,0.01,0.01,2339.411461,1776186676000
1776186677.865,77.865,0.85,67.0,0.84,163.0,0.86,103.43,0.87,157.0,0.14,93.36,0.13,400.42,0.15,367.8,0.16,76.5,0.01,0.01,2339.411461,1776186676000
1776186678.354,78.354,0.85,67.0,0.84,163.0,0.86,103.43,0.87,157.0,0.14,103.43,0.13,157.0,0.15,67.0,0.16,163.0,0.01,0.01,2339.421196,1776186677000
1776186678.976,78.976,0.85,20.0,0.84,133.0,0.86,182.31,0.87,295.8,0.14,103.43,0.13,157.0,0.15,67.0,0.16,163.0,0.01,0.01,2339.421196,1776186677000
1776186679.394,79.394,0.85,20.0,0.84,133.0,0.86,182.31,0.87,295.8,0.14,182.31,0.13,295.8,0.15,20.0,0.16,133.0,0.01,0.01,2339.368168,1776186678000
1776186680.387,80.387,0.85,20.0,0.84,133.0,0.86,182.31,0.87,295.8,0.14,182.31,0.13,295.8,0.15,20.0,0.16,133.0,0.01,0.01,2339.37061,1776186679000
1776186680.888,80.888,0.85,20.0,0.84,133.0,0.86,182.31,0.87,295.8,0.14,182.31,0.13,295.8,0.15,20.0,0.16,133.0,0.01,0.01,2339.3647,1776186680000
1776186681.337,81.337,0.85,261.33,0.84,56.0,0.86,5.0,0.87,58.0,0.14,182.31,0.13,295.8,0.15,20.0,0.16,133.0,0.01,0.01,2339.3647,1776186680000
1776186681.775,81.775,0.85,214.33,0.84,24.0,0.88,10.0,0.89,65.0,0.14,5.0,0.13,58.0,0.15,261.33,0.16,56.0,0.03,0.01,2339.3647,1776186680000
1776186682.009,82.009,0.88,6.0,0.87,32.0,0.89,28.0,0.9,398.0,0.11,28.0,0.1,398.0,0.12,6.0,0.13,32.0,0.01,0.01,2339.31435,1776186681000
1776186682.381,82.381,0.87,6.61,0.86,10.0,0.89,330.0,0.9,457.02,0.11,209.0,0.1,576.02,0.12,5.83,0.13,32.0,0.02,0.01,2339.31435,1776186681000
1776186682.745,82.745,0.88,37.83,0.87,6.61,0.89,381.0,0.9,538.02,0.11,330.0,0.1,457.02,0.13,6.61,0.14,10.0,0.01,0.02,2339.31435,1776186681000
1776186683.126,83.126,0.86,167.27,0.85,13.33,0.87,5.0,0.88,200.0,0.11,381.0,0.1,477.0,0.14,113.13,0.15,18.33,0.01,0.03,2339.31435,1776186681000
1776186683.375,83.375,0.86,167.27,0.85,13.33,0.87,57.7,0.88,226.0,0.13,5.0,0.12,200.0,0.14,167.27,0.15,13.33,0.01,0.01,2339.345301,1776186682000
1776186684.141,84.141,0.86,167.27,0.85,13.33,0.87,47.36,0.88,226.0,0.13,47.36,0.12,226.0,0.14,167.27,0.15,13.33,0.01,0.01,2339.453095,1776186683000
1776186684.417,84.417,0.86,189.27,0.85,60.33,0.87,153.16,0.88,70.0,0.13,47.36,0.12,226.0,0.14,167.27,0.15,13.33,0.01,0.01,2339.453095,1776186683000
1776186685.152,85.152,0.86,189.27,0.85,60.33,0.87,153.16,0.88,70.0,0.13,153.16,0.12,70.0,0.14,189.27,0.15,60.33,0.01,0.01,2339.480091,1776186684000
1776186685.758,85.758,0.86,56.0,0.85,146.69,0.87,49.68,0.88,163.0,0.13,153.16,0.12,70.0,0.14,189.27,0.15,60.33,0.01,0.01,2339.480091,1776186684000
1776186686.033,86.033,0.86,37.0,0.85,175.32,0.87,31.73,0.88,163.0,0.13,35.16,0.12,163.0,0.14,62.0,0.15,146.69,0.01,0.01,2339.480091,1776186684000
1776186686.929,86.929,0.86,154.0,0.85,58.32,0.87,26.82,0.88,83.0,0.13,31.73,0.12,163.0,0.14,37.0,0.15,175.32,0.01,0.01,2339.614963,1776186685000
1776186687.267,87.267,0.86,158.28,0.85,23.33,0.87,26.82,0.88,183.0,0.13,26.82,0.12,83.0,0.14,154.0,0.15,58.32,0.01,0.01,2339.614963,1776186685000
1776186687.897,87.897,0.86,158.28,0.85,23.33,0.87,26.82,0.88,183.0,0.13,26.82,0.12,183.0,0.14,158.28,0.15,23.33,0.01,0.01,2339.514567,1776186687000
1776186688.368,88.368,0.86,694.54,0.85,119.69,0.88,47.82,0.89,50.0,0.13,9.82,0.12,62.0,0.14,182.0,0.15,98.32,0.02,0.01,2339.514567,1776186687000
1776186689.04,89.04,0.87,634.0,0.86,360.67,0.88,33.82,0.89,62.0,0.12,47.82,0.11,50.0,0.14,694.54,0.15,119.69,0.01,0.02,2339.514567,1776186687000
1776186689.521,89.521,0.87,1281.37,0.86,407.67,0.88,31.43,0.89,77.0,0.12,33.82,0.11,62.0,0.13,634.0,0.14,360.67,0.01,0.01,2339.587195,1776186688000
1776186690.073,90.073,0.87,15.0,0.86,40.0,0.88,35.05,0.89,220.0,0.12,40.74,0.11,209.0,0.13,20.0,0.14,40.0,0.01,0.01,2339.587195,1776186688000
1776186690.429,90.429,0.87,15.0,0.86,40.0,0.88,35.05,0.89,220.0,0.12,35.05,0.11,220.0,0.13,15.0,0.14,40.0,0.01,0.01,2339.714526,1776186689000
1776186691.066,91.066,0.87,15.0,0.86,40.0,0.88,35.05,0.89,220.0,0.12,35.05,0.11,220.0,0.13,15.0,0.14,40.0,0.01,0.01,2339.819855,1776186690000
1776186691.401,91.401,0.87,20.0,0.86,251.19,0.88,20.27,0.89,192.0,0.12,35.05,0.11,220.0,0.13,15.0,0.14,40.0,0.01,0.01,2339.819855,1776186690000
1776186691.663,91.663,0.87,20.0,0.86,157.0,0.88,1.45,0.89,192.0,0.12,7.42,0.11,192.0,0.13,453.41,0.14,225.56,0.01,0.01,2339.819855,1776186690000
1776186692.318,92.318,0.87,20.0,0.86,157.0,0.88,1.45,0.89,192.0,0.12,1.45,0.11,192.0,0.13,20.0,0.14,157.0,0.01,0.01,2339.736497,1776186691000
1776186693.02,93.02,0.87,96.0,0.86,203.99,0.89,62.42,0.9,537.0,0.12,1.45,0.11,192.0,0.13,20.0,0.14,157.0,0.02,0.01,2339.736497,1776186691000
1776186693.534,93.534,0.88,5.0,0.87,106.0,0.89,61.29,0.9,537.0,0.11,61.29,0.1,537.0,0.12,5.0,0.13,106.0,0.01,0.01,2339.702065,1776186692000
1776186693.839,93.839,0.86,10.0,0.84,40.0,0.88,195.0,0.89,395.29,0.11,61.29,0.1,537.0,0.12,5.0,0.13,106.0,0.02,0.01,2339.702065,1776186692000
1776186694.157,94.157,0.86,10.0,0.84,40.0,0.88,195.0,0.89,395.29,0.12,195.0,0.11,395.29,0.14,10.0,0.16,40.0,0.02,0.02,2339.754653,1776186693000
1776186694.566,94.566,0.84,30.0,0.83,151.26,0.85,259.0,0.86,156.0,0.12,195.0,0.11,395.29,0.14,10.0,0.16,40.0,0.01,0.02,2339.754653,1776186693000
1776186694.898,94.898,0.84,7.0,0.83,141.26,0.85,384.0,0.86,257.0,0.15,259.0,0.14,156.0,0.16,30.0,0.17,151.26,0.01,0.01,2339.754653,1776186693000
1776186695.374,95.374,0.83,141.26,0.82,140.0,0.85,384.0,0.86,257.0,0.15,384.0,0.14,257.0,0.17,141.26,0.18,140.0,0.02,0.02,2339.705391,1776186694000
1776186695.923,95.923,0.83,156.26,0.82,160.0,0.84,378.0,0.85,504.0,0.15,384.0,0.14,257.0,0.17,141.26,0.18,140.0,0.01,0.02,2339.705391,1776186694000
1776186696.591,96.591,0.83,510.88,0.82,316.44,0.84,269.8,0.85,402.2,0.16,383.0,0.15,474.0,0.17,522.47,0.18,214.44,0.01,0.01,2339.705391,1776186694000
1776186696.842,96.842,0.82,5.0,0.81,100.0,0.84,735.6,0.85,342.2,0.16,718.8,0.15,342.2,0.17,5.76,0.18,145.0,0.02,0.01,2339.17578,1776186695000
1776186697.107,97.107,0.82,158.33,0.81,50.0,0.83,113.0,0.84,385.8,0.16,695.6,0.15,342.2,0.17,377.88,0.18,5.0,0.01,0.01,2339.17578,1776186695000
1776186697.309,97.309,0.82,151.33,0.81,45.0,0.83,4.93,0.84,336.8,0.17,113.0,0.16,385.8,0.18,98.33,0.19,50.0,0.01,0.01,2339.17578,1776186695000
1776186697.634,97.634,0.81,40.0,0.8,177.0,0.83,246.74,0.84,348.8,0.17,84.93,0.16,336.8,0.18,48.0,0.19,40.0,0.02,0.01,2338.708431,1776186696000
1776186698.009,98.009,0.81,40.0,0.8,177.0,0.83,246.74,0.84,348.8,0.17,246.74,0.16,348.8,0.19,40.0,0.2,177.0,0.02,0.02,2338.597284,1776186697000
1776186698.659,98.659,0.81,50.0,0.8,187.0,0.83,350.49,0.84,343.8,0.18,173.93,0.17,354.24,0.19,50.0,0.2,177.0,0.02,0.01,2338.597284,1776186697000
1776186699.239,99.239,0.81,76.0,0.8,75.0,0.82,30.62,0.83,198.43,0.18,55.01,0.17,295.43,0.19,50.0,0.2,187.0,0.01,0.01,2338.597284,1776186697000
1776186699.553,99.553,0.81,55.0,0.8,75.0,0.82,101.99,0.83,315.43,0.18,30.62,0.17,198.43,0.19,76.0,0.2,75.0,0.01,0.01,2338.597284,1776186697000
1776186700.095,100.095,0.81,55.0,0.8,192.0,0.82,125.0,0.83,325.43,0.18,101.99,0.17,315.43,0.19,55.0,0.2,75.0,0.01,0.01,2338.542082,1776186698000
1776186700.351,100.351,0.81,55.0,0.8,192.0,0.82,92.95,0.83,325.43,0.18,92.95,0.17,325.43,0.19,55.0,0.2,192.0,0.01,0.01,2338.494286,1776186699000
1776186700.558,100.558,0.81,170.0,0.8,297.0,0.82,115.35,0.83,310.5,0.18,92.95,0.17,325.43,0.19,55.0,0.2,192.0,0.01,0.01,2338.494286,1776186699000
1776186700.821,100.821,0.81,358.0,0.8,180.0,0.82,13.35,0.83,193.5,0.18,115.35,0.17,310.5,0.19,170.0,0.2,297.0,0.01,0.01,2338.494286,1776186699000
1776186701.089,101.089,0.81,358.0,0.8,180.0,0.82,13.35,0.83,193.5,0.18,13.35,0.17,193.5,0.19,358.0,0.2,180.0,0.01,0.01,2338.486367,1776186700000
1776186701.408,101.408,0.82,56.0,0.81,317.0,0.83,108.57,0.84,346.8,0.18,13.35,0.17,193.5,0.19,358.0,0.2,180.0,0.01,0.01,2338.486367,1776186700000
1776186702.23,102.23,0.82,307.42,0.81,210.0,0.83,72.0,0.84,336.8,0.17,108.57,0.16,346.8,0.18,56.0,0.19,317.0,0.01,0.01,2338.486367,1776186700000
1776186702.467,102.467,0.82,307.42,0.81,210.0,0.83,72.0,0.84,336.8,0.17,72.0,0.16,336.8,0.18,307.42,0.19,210.0,0.01,0.01,2338.435139,1776186701000
1776186703.122,103.122,0.82,261.42,0.81,220.0,0.83,48.22,0.84,242.0,0.17,48.22,0.16,242.0,0.18,261.42,0.19,220.0,0.01,0.01,2338.54451,1776186702000
1776186703.645,103.645,0.82,105.0,0.81,185.63,0.83,101.66,0.84,227.0,0.17,48.22,0.16,242.0,0.18,261.42,0.19,220.0,0.01,0.01,2338.54451,1776186702000
1776186704.239,104.239,0.81,276.0,0.8,175.0,0.82,55.0,0.83,86.38,0.17,129.38,0.16,333.0,0.19,150.0,0.2,165.0,0.01,0.02,2338.54451,1776186702000
1776186704.467,104.467,0.81,276.0,0.8,175.0,0.82,55.0,0.83,86.38,0.18,55.0,0.17,86.38,0.19,276.0,0.2,175.0,0.01,0.01,2338.653858,1776186703000
1776186705.117,105.117,0.81,380.0,0.8,180.0,0.82,53.0,0.83,69.38,0.18,53.0,0.17,69.38,0.19,380.0,0.2,180.0,0.01,0.01,2338.76416,1776186704000
1776186706.297,106.297,0.81,380.0,0.8,180.0,0.82,53.0,0.83,69.38,0.18,53.0,0.17,69.38,0.19,380.0,0.2,180.0,0.01,0.01,2338.558049,1776186705000
1776186707.117,107.117,0.81,3.73,0.8,70.0,0.82,181.0,0.83,112.88,0.18,53.0,0.17,69.38,0.19,380.0,0.2,180.0,0.01,0.01,2338.558049,1776186705000
1776186707.362,107.362,0.81,3.73,0.8,70.0,0.82,181.0,0.83,112.88,0.18,181.0,0.17,112.88,0.19,3.73,0.2,70.0,0.01,0.01,2338.507942,1776186706000
1776186707.985,107.985,0.81,3.73,0.8,70.0,0.82,181.0,0.83,112.88,0.18,181.0,0.17,112.88,0.19,3.73,0.2,70.0,0.01,0.01,2338.512425,1776186707000
1776186709.223,109.223,0.81,3.73,0.8,70.0,0.82,181.0,0.83,112.88,0.18,181.0,0.17,112.88,0.19,3.73,0.2,70.0,0.01,0.01,2338.442152,1776186708000
1776186710.332,110.332,0.81,3.73,0.8,70.0,0.82,181.0,0.83,112.88,0.18,181.0,0.17,112.88,0.19,3.73,0.2,70.0,0.01,0.01,2338.253649,1776186709000
1776186710.906,110.906,0.81,3.73,0.8,70.0,0.82,181.0,0.83,112.88,0.18,181.0,0.17,112.88,0.19,3.73,0.2,70.0,0.01,0.01,2338.153647,1776186710000
1776186711.511,111.511,0.77,33.99,0.76,80.0,0.79,525.43,0.8,160.5,0.21,307.73,0.2,320.5,0.22,105.1,0.23,53.99,0.02,0.01,2338.153647,1776186710000
1776186711.712,111.712,0.75,13.32,0.74,130.0,0.76,126.01,0.77,10.0,0.24,26.01,0.22,10.0,0.25,67.32,0.26,130.0,0.01,0.01,2338.153647,1776186710000
1776186712.086,112.086,0.75,1.32,0.74,130.0,0.76,298.01,0.77,22.0,0.24,126.01,0.23,10.0,0.25,13.32,0.26,130.0,0.01,0.01,2338.153647,1776186710000
1776186712.44,112.44,0.74,130.0,0.73,90.0,0.75,20.0,0.76,231.01,0.24,293.01,0.23,22.0,0.26,130.0,0.27,90.0,0.01,0.02,2337.890461,1776186711000
1776186713.253,113.253,0.74,130.0,0.73,90.0,0.75,20.0,0.76,231.01,0.25,20.0,0.24,231.01,0.26,130.0,0.27,90.0,0.01,0.01,2337.755132,1776186712000
1776186713.882,113.882,0.74,6.0,0.73,207.0,0.75,305.2,0.76,356.71,0.25,20.0,0.24,231.01,0.26,130.0,0.27,90.0,0.01,0.01,2337.755132,1776186712000
1776186714.383,114.383,0.74,6.0,0.73,207.0,0.75,305.2,0.76,356.71,0.25,305.2,0.24,356.71,0.26,6.0,0.27,207.0,0.01,0.01,2337.389333,1776186713000
1776186714.983,114.983,0.74,6.0,0.73,207.0,0.75,305.2,0.76,356.71,0.25,305.2,0.24,356.71,0.26,6.0,0.27,207.0,0.01,0.01,2337.31229,1776186714000
1776186715.609,115.609,0.73,193.0,0.72,100.0,0.74,70.7,0.75,221.2,0.25,305.2,0.24,356.71,0.26,6.0,0.27,207.0,0.01,0.01,2337.31229,1776186714000
1776186716.123,116.123,0.73,198.0,0.72,100.0,0.74,0.7,0.75,221.2,0.26,0.7,0.25,221.2,0.27,198.0,0.28,100.0,0.01,0.01,2337.295478,1776186715000
1776186717.324,117.324,0.73,165.79,0.72,100.0,0.74,50.7,0.75,202.0,0.26,50.7,0.25,202.0,0.27,165.79,0.28,100.0,0.01,0.01,2337.35496,1776186716000
1776186717.609,117.609,0.73,71.0,0.72,217.0,0.74,49.3,0.75,207.0,0.26,50.7,0.25,202.0,0.27,165.79,0.28,100.0,0.01,0.01,2337.35496,1776186716000
1776186718.346,118.346,0.73,76.0,0.72,217.0,0.74,46.7,0.75,344.0,0.26,44.3,0.25,207.0,0.27,76.0,0.28,217.0,0.01,0.01,2337.35496,1776186716000
1776186718.581,118.581,0.73,76.0,0.72,217.0,0.74,32.83,0.75,344.0,0.26,32.83,0.25,344.0,0.27,76.0,0.28,217.0,0.01,0.01,2337.49707,1776186717000
1776186719.079,119.079,0.73,76.0,0.72,217.0,0.74,32.83,0.75,344.0,0.26,32.83,0.25,344.0,0.27,76.0,0.28,217.0,0.01,0.01,2337.51914,1776186718000
1776186720.018,120.018,0.7,256.0,0.69,120.0,0.71,123.11,0.72,159.0,0.26,32.83,0.25,344.0,0.27,76.0,0.28,217.0,0.01,0.01,2337.51914,1776186718000
1776186720.221,120.221,0.7,256.0,0.69,120.0,0.71,123.11,0.72,159.0,0.29,123.11,0.28,159.0,0.3,256.0,0.31,120.0,0.01,0.01,2337.518897,1776186719000
1776186720.789,120.789,0.7,172.0,0.69,247.0,0.71,57.0,0.72,158.0,0.29,123.11,0.28,159.0,0.3,256.0,0.31,120.0,0.01,0.01,2337.518897,1776186719000
1776186721.148,121.148,0.7,172.0,0.69,247.0,0.71,57.0,0.72,158.0,0.29,57.0,0.28,158.0,0.3,172.0,0.31,247.0,0.01,0.01,2337.518236,1776186720000
1776186721.99,121.99,0.7,410.37,0.69,180.0,0.73,182.0,0.74,37.83,0.29,57.0,0.28,158.0,0.3,172.0,0.31,247.0,0.03,0.01,2337.518236,1776186720000
1776186722.42,122.42,0.72,101.0,0.71,187.0,0.73,158.74,0.74,44.83,0.27,182.0,0.26,37.83,0.3,410.37,0.31,180.0,0.01,0.03,2337.518236,1776186720000
1776186722.897,122.897,0.72,273.0,0.71,170.0,0.73,2.0,0.74,12.0,0.27,158.74,0.26,44.83,0.28,101.0,0.29,187.0,0.01,0.01,2337.098626,1776186721000
1776186723.282,123.282,0.72,368.0,0.71,175.0,0.75,37.36,0.76,125.0,0.25,37.36,0.24,125.0,0.28,368.0,0.29,175.0,0.03,0.03,2337.107581,1776186722000
1776186723.491,123.491,0.77,72.63,0.76,74.0,0.78,1.69,0.79,40.0,0.25,37.36,0.24,125.0,0.28,368.0,0.29,175.0,0.01,0.03,2337.107581,1776186722000
1776186724.473,124.473,0.79,70.0,0.78,65.0,0.8,77.0,0.83,250.24,0.2,5.0,0.18,50.0,0.21,10.0,0.22,5.0,0.01,0.01,2337.107581,1776186722000
1776186725.089,125.089,0.79,25.0,0.78,20.0,0.8,227.0,0.81,10.0,0.2,77.0,0.17,250.24,0.21,70.0,0.22,65.0,0.01,0.01,2337.470281,1776186723000
1776186725.359,125.359,0.79,25.0,0.78,20.0,0.8,232.0,0.81,10.0,0.2,227.0,0.19,10.0,0.21,25.0,0.22,20.0,0.01,0.01,2337.470281,1776186723000
1776186725.658,125.658,0.76,21.0,0.75,20.0,0.78,85.0,0.79,90.0,0.2,247.0,0.19,10.0,0.22,10.0,0.23,55.0,0.02,0.02,2337.824446,1776186724000
1776186725.992,125.992,0.77,10.0,0.76,20.0,0.78,70.0,0.79,10.0,0.22,70.0,0.21,10.0,0.23,10.0,0.24,20.0,0.01,0.01,2338.22,1776186725000
1776186726.193,126.193,0.77,62.36,0.76,20.0,0.78,83.0,0.79,90.0,0.22,70.0,0.21,10.0,0.23,10.0,0.24,20.0,0.01,0.01,2338.22,1776186725000
1776186726.429,126.429,0.77,69.44,0.76,25.0,0.78,254.61,0.79,90.0,0.22,254.61,0.21,90.0,0.23,25.0,0.24,25.0,0.01,0.01,2338.22,1776186725000
1776186727.214,127.214,0.77,20.0,0.76,15.0,0.78,338.96,0.79,90.0,0.22,338.96,0.21,90.0,0.23,20.0,0.24,15.0,0.01,0.01,2338.02,1776186726000
1776186728.394,128.394,0.77,20.0,0.76,10.0,0.78,308.89,0.79,201.0,0.22,338.96,0.21,90.0,0.23,20.0,0.24,15.0,0.01,0.01,2338.02,1776186726000
1776186729.014,129.014,0.77,20.0,0.76,10.0,0.78,308.89,0.79,201.0,0.22,308.89,0.21,201.0,0.23,20.0,0.24,10.0,0.01,0.01,2337.725483,1776186728000
1776186729.352,129.352,0.77,40.0,0.76,70.0,0.78,142.88,0.79,171.0,0.22,191.89,0.21,318.0,0.23,15.0,0.24,25.0,0.01,0.01,2337.725483,1776186728000
1776186730.21,130.21,0.77,40.0,0.76,70.0,0.78,142.88,0.79,171.0,0.22,142.88,0.21,171.0,0.23,40.0,0.24,70.0,0.01,0.01,2337.69721,1776186729000
1776186731.162,131.162,0.74,50.0,0.73,10.0,0.75,73.66,0.76,265.0,0.22,142.88,0.21,171.0,0.23,40.0,0.24,70.0,0.01,0.01,2337.69721,1776186729000
1776186731.432,131.432,0.74,50.0,0.73,10.0,0.75,73.66,0.76,265.0,0.25,73.66,0.24,265.0,0.26,50.0,0.27,10.0,0.01,0.01,2337.717831,1776186730000
1776186732.03,132.03,0.74,50.0,0.73,10.0,0.75,73.66,0.76,265.0,0.25,73.66,0.24,265.0,0.26,50.0,0.27,10.0,0.01,0.01,2337.679091,1776186731000
1776186732.237,132.237,0.75,75.0,0.74,222.0,0.76,46.0,0.77,55.0,0.25,73.66,0.24,265.0,0.26,50.0,0.27,10.0,0.01,0.01,2337.679091,1776186731000
1776186733.257,133.257,0.75,75.0,0.74,222.0,0.76,46.0,0.77,55.0,0.24,46.0,0.23,55.0,0.25,75.0,0.26,222.0,0.01,0.01,2337.607997,1776186732000
1776186733.603,133.603,0.75,60.0,0.74,222.0,0.76,44.6,0.77,172.0,0.24,46.0,0.23,55.0,0.25,75.0,0.26,222.0,0.01,0.01,2337.607997,1776186732000
1776186734.512,134.512,0.75,60.0,0.74,222.0,0.76,44.6,0.77,172.0,0.24,44.6,0.23,172.0,0.25,60.0,0.26,222.0,0.01,0.01,2337.656157,1776186733000
1776186735.15,135.15,0.75,60.0,0.74,222.0,0.76,44.6,0.77,172.0,0.24,44.6,0.23,172.0,0.25,60.0,0.26,222.0,0.01,0.01,2337.698,1776186734000
1776186735.477,135.477,0.7,43.8,0.69,200.0,0.71,134.0,0.72,90.0,0.29,60.0,0.28,10.0,0.3,52.27,0.31,200.0,0.01,0.01,2337.698,1776186734000
1776186735.736,135.736,0.7,12.4,0.69,105.0,0.71,194.0,0.72,140.0,0.29,134.0,0.28,90.0,0.3,43.8,0.31,200.0,0.01,0.01,2337.698,1776186734000
1776186736.227,136.227,0.67,100.0,0.66,210.0,0.68,75.0,0.69,49.67,0.29,279.0,0.28,60.0,0.32,115.0,0.33,285.0,0.01,0.03,2337.698,1776186734000
1776186737.032,137.032,0.65,3.82,0.64,5.0,0.66,334.0,0.67,39.85,0.33,4.85,0.32,250.0,0.35,175.0,0.36,50.0,0.01,0.02,2337.619856,1776186735000
1776186737.294,137.294,0.64,5.0,0.61,100.0,0.66,203.0,0.67,9.85,0.34,334.0,0.33,39.85,0.35,3.82,0.36,5.0,0.02,0.01,2337.619856,1776186735000
1776186737.553,137.553,0.59,127.0,0.58,90.0,0.61,65.0,0.62,80.0,0.35,25.0,0.34,192.0,0.39,100.0,0.41,177.0,0.02,0.04,2337.272336,1776186736000
1776186737.833,137.833,0.59,108.41,0.58,95.0,0.6,10.0,0.61,130.0,0.39,65.0,0.38,80.0,0.41,127.0,0.42,90.0,0.01,0.02,2337.272336,1776186736000
1776186738.037,138.037,0.59,103.4,0.58,95.0,0.6,20.0,0.61,135.0,0.4,20.0,0.39,135.0,0.41,103.4,0.42,95.0,0.01,0.01,2336.809833,1776186737000
1776186738.772,138.772,0.59,118.4,0.58,95.0,0.6,28.4,0.61,135.0,0.4,70.4,0.39,135.0,0.41,108.4,0.42,95.0,0.01,0.01,2336.809833,1776186737000
1776186739.376,139.376,0.59,102.07,0.58,95.0,0.6,28.4,0.61,150.0,0.4,28.4,0.39,150.0,0.41,102.07,0.42,95.0,0.01,0.01,2336.514652,1776186738000
1776186740.047,140.047,0.59,102.07,0.58,95.0,0.6,28.4,0.61,150.0,0.4,28.4,0.39,150.0,0.41,102.07,0.42,95.0,0.01,0.01,2336.497835,1776186739000
1776186740.579,140.579,0.58,45.0,0.57,105.0,0.59,7.32,0.6,182.4,0.4,253.4,0.39,237.0,0.42,45.0,0.43,100.0,0.01,0.02,2336.497835,1776186739000
1776186741.227,141.227,0.58,20.0,0.57,50.0,0.59,245.18,0.6,65.4,0.41,7.32,0.4,182.4,0.42,45.0,0.43,105.0,0.01,0.01,2336.497835,1776186739000
1776186741.893,141.893,0.58,20.0,0.56,85.0,0.59,299.48,0.6,65.4,0.41,245.18,0.4,65.4,0.42,20.0,0.43,50.0,0.01,0.01,2336.411112,1776186740000
1776186742.279,142.279,0.58,10.0,0.56,85.0,0.59,304.48,0.6,65.4,0.41,299.48,0.4,65.4,0.42,20.0,0.44,85.0,0.01,0.01,2336.411112,1776186740000
1776186742.881,142.881,0.58,10.0,0.56,85.0,0.59,304.48,0.6,65.4,0.41,304.48,0.4,65.4,0.42,10.0,0.44,85.0,0.01,0.01,2336.219143,1776186741000
1776186743.512,143.512,0.56,70.55,0.55,377.0,0.57,10.0,0.58,10.0,0.43,10.0,0.42,10.0,0.44,70.55,0.45,377.0,0.01,0.01,2336.207894,1776186742000
1776186744.163,144.163,0.56,70.55,0.55,377.0,0.57,10.0,0.58,10.0,0.43,10.0,0.42,10.0,0.44,70.55,0.45,377.0,0.01,0.01,2336.141453,1776186743000
1776186744.481,144.481,0.56,79.98,0.55,382.0,0.57,100.0,0.58,182.0,0.43,10.0,0.42,10.0,0.44,70.55,0.45,377.0,0.01,0.01,2336.141453,1776186743000
1776186744.764,144.764,0.56,67.7,0.55,382.0,0.57,95.0,0.58,177.0,0.43,105.0,0.42,177.0,0.44,67.7,0.45,382.0,0.01,0.01,2336.141453,1776186743000
1776186745.451,145.451,0.56,67.7,0.55,382.0,0.57,95.0,0.58,177.0,0.43,95.0,0.42,177.0,0.44,67.7,0.45,382.0,0.01,0.01,2336.125597,1776186744000
1776186746.131,146.131,0.56,4.14,0.55,215.0,0.57,95.0,0.58,189.0,0.43,95.0,0.42,177.0,0.44,67.7,0.45,382.0,0.01,0.01,2336.125597,1776186744000
1776186746.444,146.444,0.56,4.14,0.55,215.0,0.57,199.0,0.58,72.0,0.43,199.0,0.42,72.0,0.44,4.14,0.45,215.0,0.01,0.01,2336.125597,1776186745000
1776186747.131,147.131,0.56,4.14,0.55,215.0,0.57,199.0,0.58,72.0,0.43,199.0,0.42,72.0,0.44,4.14,0.45,215.0,0.01,0.01,2336.121873,1776186746000
1776186748.665,148.665,0.56,4.14,0.55,265.0,0.57,194.0,0.58,72.0,0.43,194.0,0.42,72.0,0.44,4.14,0.45,265.0,0.01,0.01,2336.102359,1776186747000
1776186749.517,149.517,0.56,4.14,0.55,265.0,0.57,194.0,0.58,72.0,0.43,194.0,0.42,72.0,0.44,4.14,0.45,265.0,0.01,0.01,2336.101304,1776186748000
1776186750.033,150.033,0.56,6.14,0.55,215.0,0.57,216.0,0.58,72.0,0.43,194.0,0.42,72.0,0.44,4.14,0.45,265.0,0.01,0.01,2336.101304,1776186748000
1776186751.014,151.014,0.56,6.14,0.55,115.0,0.57,210.73,0.58,72.0,0.43,216.0,0.42,72.0,0.44,6.14,0.45,215.0,0.01,0.01,2336.100983,1776186749000
1776186751.563,151.563,0.56,6.14,0.55,115.0,0.57,218.97,0.58,72.0,0.43,218.97,0.42,72.0,0.44,6.14,0.45,115.0,0.01,0.01,2336.090333,1776186750000
1776186751.773,151.773,0.56,3.41,0.55,115.0,0.57,218.97,0.58,72.0,0.43,218.97,0.42,72.0,0.44,6.14,0.45,115.0,0.01,0.01,2336.090333,1776186750000
1776186752.249,152.249,0.56,3.41,0.55,115.0,0.57,218.97,0.58,72.0,0.43,218.97,0.42,72.0,0.44,3.41,0.45,115.0,0.01,0.01,2336.090333,1776186751000
1776186753.276,153.276,0.56,209.04,0.55,278.0,0.61,58.29,0.62,70.0,0.43,218.97,0.42,72.0,0.44,3.41,0.45,115.0,0.05,0.01,2336.090333,1776186751000
1776186753.678,153.678,0.6,16.0,0.59,183.0,0.61,58.04,0.62,120.0,0.39,58.29,0.38,70.0,0.44,186.79,0.45,278.0,0.01,0.05,2336.090333,1776186751000
1776186753.965,153.965,0.6,36.0,0.59,198.0,0.61,42.04,0.62,80.0,0.39,58.04,0.38,120.0,0.4,16.0,0.41,183.0,0.01,0.01,2336.076453,1776186752000
1776186754.282,154.282,0.61,16.0,0.6,72.0,0.62,63.0,0.63,227.0,0.38,69.0,0.37,227.0,0.39,10.0,0.4,67.0,0.01,0.01,2336.076453,1776186752000
1776186755.227,155.227,0.61,7.46,0.6,72.0,0.62,107.79,0.63,227.0,0.38,57.79,0.37,227.0,0.39,16.0,0.4,72.0,0.01,0.01,2336.077028,1776186753000
1776186755.736,155.736,0.6,77.0,0.59,86.0,0.61,6.72,0.62,229.79,0.38,107.79,0.37,227.0,0.39,7.46,0.4,72.0,0.01,0.01,2336.240386,1776186754000
1776186756.358,156.358,0.6,77.0,0.59,86.0,0.61,6.72,0.62,229.79,0.39,6.72,0.38,229.79,0.4,77.0,0.41,86.0,0.01,0.01,2336.448972,1776186755000
1776186756.923,156.923,0.59,5.0,0.58,15.0,0.61,222.72,0.62,118.79,0.39,222.72,0.38,118.79,0.41,5.0,0.42,15.0,0.02,0.02,2336.442603,1776186756000
1776186757.236,157.236,0.6,313.0,0.59,38.99,0.63,60.0,0.64,20.0,0.39,1.81,0.37,60.0,0.4,141.0,0.41,30.63,0.03,0.01,2336.442603,1776186756000
1776186757.665,157.665,0.61,336.8,0.6,87.63,0.62,2.85,0.63,60.0,0.38,10.0,0.37,60.0,0.39,19.8,0.4,323.0,0.01,0.01,2336.442603,1776186756000
1776186758.02,158.02,0.61,336.8,0.6,87.63,0.62,2.85,0.63,60.0,0.38,2.85,0.37,60.0,0.39,336.8,0.4,87.63,0.01,0.01,2336.416635,1776186757000
1776186758.321,158.321,0.61,491.75,0.6,137.0,0.62,2.85,0.63,10.0,0.38,2.85,0.37,60.0,0.39,336.8,0.4,87.63,0.01,0.01,2336.416635,1776186757000
1776186759.117,159.117,0.61,526.75,0.6,132.0,0.63,10.0,0.64,20.0,0.37,10.0,0.36,20.0,0.39,526.75,0.4,132.0,0.02,0.02,2336.690415,1776186758000
1776186759.749,159.749,0.69,277.93,0.68,88.0,0.7,60.0,0.71,25.0,0.37,10.0,0.36,20.0,0.39,526.75,0.4,132.0,0.01,0.02,2336.690415,1776186758000
1776186760.153,160.153,0.69,277.93,0.68,88.0,0.7,60.0,0.71,25.0,0.3,60.0,0.29,25.0,0.31,277.93,0.32,88.0,0.01,0.01,2336.864655,1776186759000
1776186760.373,160.373,0.69,236.42,0.68,87.0,0.7,5.0,0.71,25.0,0.3,60.0,0.29,25.0,0.31,277.93,0.32,88.0,0.01,0.01,2336.864655,1776186759000
1776186761.178,161.178,0.69,236.42,0.68,97.0,0.71,25.0,0.73,45.0,0.29,25.0,0.27,45.0,0.31,236.42,0.32,97.0,0.02,0.02,2337.28354,1776186760000
1776186762.224,162.224,0.69,236.42,0.68,97.0,0.71,25.0,0.73,45.0,0.29,25.0,0.27,45.0,0.31,236.42,0.32,97.0,0.02,0.02,2337.391018,1776186761000
1776186763.379,163.379,0.69,236.42,0.68,97.0,0.71,25.0,0.73,45.0,0.29,25.0,0.27,45.0,0.31,236.42,0.32,97.0,0.02,0.02,2337.47538,1776186762000
1776186764.391,164.391,0.72,128.42,0.71,251.0,0.73,40.0,0.74,117.0,0.29,25.0,0.27,45.0,0.31,236.42,0.32,97.0,0.01,0.02,2337.47538,1776186762000
1776186764.743,164.743,0.72,118.42,0.71,251.0,0.73,40.0,0.74,117.0,0.27,40.0,0.26,117.0,0.28,128.42,0.29,251.0,0.01,0.01,2337.466239,1776186763000
1776186766.082,166.082,0.72,118.42,0.71,251.0,0.73,40.0,0.74,117.0,0.27,40.0,0.26,117.0,0.28,118.42,0.29,251.0,0.01,0.01,2337.554363,1776186765000
1776186767.202,167.202,0.72,118.42,0.71,251.0,0.73,40.0,0.74,117.0,0.27,40.0,0.26,117.0,0.28,118.42,0.29,251.0,0.01,0.01,2337.594885,1776186766000
1776186768.301,168.301,0.72,118.42,0.71,251.0,0.73,40.0,0.74,117.0,0.27,40.0,0.26,117.0,0.28,118.42,0.29,251.0,0.01,0.01,2337.505143,1776186767000
1776186769.396,169.396,0.72,118.42,0.71,251.0,0.73,40.0,0.74,117.0,0.27,40.0,0.26,117.0,0.28,118.42,0.29,251.0,0.01,0.01,2337.476587,1776186768000
1776186770.295,170.295,0.72,118.42,0.71,251.0,0.73,40.0,0.74,117.0,0.27,40.0,0.26,117.0,0.28,118.42,0.29,251.0,0.01,0.01,2337.470305,1776186769000
1776186771.029,171.029,0.72,25.0,0.71,45.0,0.73,161.63,0.74,55.0,0.27,40.0,0.26,117.0,0.28,118.42,0.29,251.0,0.01,0.01,2337.470305,1776186769000
1776186771.329,171.329,0.72,25.0,0.71,45.0,0.73,161.63,0.74,55.0,0.27,161.63,0.26,55.0,0.28,25.0,0.29,45.0,0.01,0.01,2337.462058,1776186770000
1776186772.395,172.395,0.72,25.0,0.71,45.0,0.73,161.63,0.74,55.0,0.27,161.63,0.26,55.0,0.28,25.0,0.29,45.0,0.01,0.01,2337.448118,1776186771000
1776186772.897,172.897,0.72,25.0,0.71,45.0,0.73,161.63,0.74,55.0,0.27,161.63,0.26,55.0,0.28,25.0,0.29,45.0,0.01,0.01,2337.459686,1776186772000
1776186773.433,173.433,0.73,20.0,0.72,20.0,0.74,86.42,0.75,207.0,0.25,271.0,0.24,84.0,0.27,15.0,0.28,20.0,0.01,0.02,2337.459686,1776186772000
1776186773.865,173.865,0.73,20.0,0.72,20.0,0.74,86.42,0.75,207.0,0.26,86.42,0.25,207.0,0.27,20.0,0.28,20.0,0.01,0.01,2337.485156,1776186773000
1776186774.394,174.394,0.74,261.76,0.73,93.0,0.75,20.0,0.76,25.0,0.26,86.42,0.25,207.0,0.27,20.0,0.28,20.0,0.01,0.01,2337.485156,1776186773000
1776186774.968,174.968,0.74,261.76,0.73,93.0,0.75,20.0,0.76,25.0,0.25,20.0,0.24,25.0,0.26,261.76,0.27,93.0,0.01,0.01,2337.443283,1776186774000
1776186775.319,175.319,0.77,112.96,0.76,10.0,0.78,154.77,0.79,110.0,0.25,20.0,0.24,25.0,0.26,261.76,0.27,93.0,0.01,0.01,2337.443283,1776186774000
1776186775.71,175.71,0.77,122.96,0.76,20.0,0.78,28.62,0.79,115.0,0.22,48.62,0.21,110.0,0.23,122.96,0.24,10.0,0.01,0.01,2337.443283,1776186774000
1776186776.839,176.839,0.78,141.36,0.77,87.96,0.79,238.34,0.8,115.0,0.22,90.62,0.21,115.0,0.23,122.96,0.24,20.0,0.01,0.01,2337.504097,1776186775000
1776186777.315,177.315,0.78,141.36,0.77,87.96,0.79,238.34,0.8,115.0,0.21,238.34,0.2,115.0,0.22,141.36,0.23,87.96,0.01,0.01,2337.778662,1776186776000
1776186777.539,177.539,0.78,156.36,0.77,77.96,0.79,231.44,0.8,115.0,0.21,228.34,0.2,115.0,0.22,161.36,0.23,77.96,0.01,0.01,2337.778662,1776186776000
1776186778.178,178.178,0.78,31.0,0.77,48.96,0.79,223.92,0.8,121.0,0.21,227.92,0.2,115.0,0.22,156.36,0.23,77.96,0.01,0.01,2337.778662,1776186776000
1776186779.038,179.038,0.77,80.13,0.76,20.0,0.78,101.0,0.79,177.92,0.21,218.92,0.2,121.0,0.23,45.13,0.24,10.0,0.01,0.02,2337.799303,1776186777000
1776186779.269,179.269,0.77,80.13,0.76,20.0,0.78,101.0,0.79,177.92,0.22,101.0,0.21,177.92,0.23,80.13,0.24,20.0,0.01,0.01,2337.798451,1776186778000
1776186780.322,180.322,0.77,80.13,0.76,20.0,0.78,101.0,0.79,177.92,0.22,101.0,0.21,177.92,0.23,80.13,0.24,20.0,0.01,0.01,2337.749691,1776186779000
1776186781.422,181.422,0.77,80.13,0.76,20.0,0.78,101.0,0.79,177.92,0.22,101.0,0.21,177.92,0.23,80.13,0.24,20.0,0.01,0.01,2337.739407,1776186780000
1776186782.039,182.039,0.79,15.0,0.78,10.0,0.81,121.31,0.82,283.0,0.22,101.0,0.21,177.92,0.23,80.13,0.24,20.0,0.02,0.01,2337.739407,1776186780000
1776186782.301,182.301,0.77,36.13,0.76,15.0,0.8,18.6,0.81,73.31,0.2,18.6,0.19,73.31,0.23,36.13,0.24,15.0,0.03,0.03,2337.8494,1776186781000
1776186782.536,182.536,0.76,10.0,0.75,10.0,0.78,207.88,0.79,99.6,0.22,188.88,0.21,29.6,0.23,46.13,0.24,10.0,0.02,0.01,2337.8494,1776186781000
1776186782.742,182.742,0.76,5.0,0.75,10.0,0.77,28.0,0.78,171.48,0.22,207.88,0.21,99.6,0.24,10.0,0.25,10.0,0.01,0.02,2337.8494,1776186781000
1776186783.4,183.4,0.75,10.0,0.74,65.0,0.76,9.0,0.77,23.0,0.24,9.0,0.23,23.0,0.25,10.0,0.26,65.0,0.01,0.01,2337.889934,1776186782000
1776186783.82,183.82,0.75,209.0,0.74,104.0,0.76,4.5,0.78,50.0,0.24,4.5,0.22,50.0,0.25,209.0,0.26,104.0,0.01,0.01,2337.819471,1776186783000
1776186784.574,184.574,0.78,18.54,0.77,22.9,0.79,124.48,0.8,75.0,0.21,114.48,0.2,80.0,0.23,33.9,0.24,36.0,0.01,0.02,2337.819471,1776186783000
1776186784.905,184.905,0.78,18.54,0.77,22.9,0.79,124.48,0.8,75.0,0.21,124.48,0.2,75.0,0.22,18.54,0.23,22.9,0.01,0.01,2337.61658,1776186784000
1776186785.18,185.18,0.78,11.54,0.77,10.0,0.79,225.54,0.8,84.0,0.21,124.48,0.2,75.0,0.22,18.54,0.23,22.9,0.01,0.01,2337.61658,1776186784000
1776186785.628,185.628,0.78,10.0,0.77,15.0,0.79,226.74,0.8,104.0,0.21,220.54,0.2,94.0,0.24,8.49,0.25,10.0,0.01,0.03,2337.61658,1776186784000
1776186785.942,185.942,0.78,10.0,0.77,15.0,0.79,215.47,0.8,104.0,0.21,226.74,0.2,104.0,0.22,10.0,0.23,15.0,0.01,0.01,2337.61658,1776186784000
1776186787.011,187.011,0.78,10.0,0.77,15.0,0.79,215.47,0.8,104.0,0.21,215.47,0.2,104.0,0.22,10.0,0.23,15.0,0.01,0.01,2337.593105,1776186786000
1776186787.27,187.27,0.78,175.0,0.77,25.0,0.79,136.88,0.8,100.0,0.21,215.47,0.2,104.0,0.22,10.0,0.23,15.0,0.01,0.01,2337.593105,1776186786000
1776186788.009,188.009,0.78,175.0,0.77,25.0,0.79,136.88,0.8,100.0,0.21,136.88,0.2,100.0,0.22,175.0,0.23,25.0,0.01,0.01,2337.590246,1776186787000
1776186789.053,189.053,0.78,175.0,0.77,25.0,0.79,136.88,0.8,100.0,0.21,136.88,0.2,100.0,0.22,175.0,0.23,25.0,0.01,0.01,2337.665085,1776186788000
1776186789.632,189.632,0.8,28.0,0.79,33.0,0.81,0.31,0.82,230.0,0.21,136.88,0.2,100.0,0.22,175.0,0.23,25.0,0.01,0.01,2337.665085,1776186788000
1776186789.951,189.951,0.8,28.0,0.79,33.0,0.81,0.31,0.82,230.0,0.19,0.31,0.18,230.0,0.2,28.0,0.21,33.0,0.01,0.01,2337.734144,1776186789000
1776186790.405,190.405,0.81,8.94,0.8,43.0,0.82,290.61,0.83,209.38,0.19,0.31,0.18,230.0,0.2,28.0,0.21,33.0,0.01,0.01,2337.734144,1776186789000
1776186790.999,190.999,0.81,8.94,0.8,43.0,0.82,290.61,0.83,209.38,0.18,290.61,0.17,209.38,0.19,8.94,0.2,43.0,0.01,0.01,2337.81505,1776186790000
1776186791.885,191.885,0.81,0.17,0.8,30.0,0.82,332.61,0.83,102.38,0.18,397.61,0.17,87.38,0.19,17.21,0.2,48.0,0.01,0.01,2337.81505,1776186790000
1776186792.25,192.25,0.8,10.0,0.79,15.0,0.81,176.92,0.82,148.61,0.18,327.61,0.17,102.38,0.2,30.0,0.21,10.0,0.01,0.02,2337.879837,1776186791000
1776186793.009,193.009,0.78,20.0,0.77,212.0,0.8,107.0,0.81,159.31,0.19,176.92,0.18,148.61,0.2,10.0,0.21,15.0,0.02,0.01,2337.879837,1776186791000
1776186793.976,193.976,0.79,15.0,0.78,147.0,0.8,79.93,0.81,41.52,0.2,97.0,0.19,159.31,0.22,20.0,0.23,212.0,0.01,0.02,2337.847215,1776186792000
1776186794.269,194.269,0.79,15.0,0.78,147.0,0.8,79.93,0.81,41.52,0.2,79.93,0.19,41.52,0.21,15.0,0.22,147.0,0.01,0.01,2337.75405,1776186793000
1776186795.884,195.884,0.8,258.0,0.79,20.0,0.82,70.0,0.83,114.98,0.2,79.93,0.19,41.52,0.21,15.0,0.22,147.0,0.02,0.01,2337.75405,1776186793000
1776186796.544,196.544,0.8,258.0,0.79,20.0,0.82,70.0,0.83,114.98,0.18,70.0,0.17,114.98,0.2,258.0,0.21,20.0,0.02,0.02,2337.756409,1776186795000
1776186797.096,197.096,0.8,258.0,0.79,20.0,0.82,70.0,0.83,114.98,0.18,70.0,0.17,114.98,0.2,258.0,0.21,20.0,0.02,0.02,2337.758953,1776186796000
1776186798.105,198.105,0.8,258.0,0.79,20.0,0.82,70.0,0.83,114.98,0.18,70.0,0.17,114.98,0.2,258.0,0.21,20.0,0.02,0.02,2337.85132,1776186797000
1776186799.209,199.209,0.8,258.0,0.79,20.0,0.82,70.0,0.83,114.98,0.18,70.0,0.17,114.98,0.2,258.0,0.21,20.0,0.02,0.02,2338.000517,1776186798000
1776186800.301,200.301,0.8,258.0,0.79,20.0,0.82,70.0,0.83,114.98,0.18,70.0,0.17,114.98,0.2,258.0,0.21,20.0,0.02,0.02,2338.213833,1776186799000
1776186801.349,201.349,0.8,258.0,0.79,20.0,0.82,70.0,0.83,114.98,0.18,70.0,0.17,114.98,0.2,258.0,0.21,20.0,0.02,0.02,2338.373824,1776186800000
1776186801.936,201.936,0.8,258.0,0.79,20.0,0.82,70.0,0.83,114.98,0.18,70.0,0.17,114.98,0.2,258.0,0.21,20.0,0.02,0.02,2338.389441,1776186801000
1776186802.953,202.953,0.8,258.0,0.79,20.0,0.82,70.0,0.83,114.98,0.18,70.0,0.17,114.98,0.2,258.0,0.21,20.0,0.02,0.02,2338.42127,1776186802000
1776186804.002,204.002,0.86,354.28,0.85,186.06,0.87,57.76,0.88,130.0,0.13,57.76,0.12,130.0,0.14,354.28,0.15,186.06,0.01,0.01,2338.4411,1776186803000
1776186804.992,204.992,0.86,10.0,0.85,64.87,0.88,205.41,0.89,124.6,0.13,57.76,0.12,130.0,0.14,354.28,0.15,186.06,0.02,0.01,2338.4411,1776186803000
1776186805.254,205.254,0.85,39.87,0.84,120.0,0.86,27.0,0.87,127.0,0.12,205.41,0.11,124.6,0.14,10.0,0.15,64.87,0.01,0.02,2338.50115,1776186804000
1776186806.282,206.282,0.85,39.87,0.84,120.0,0.86,27.0,0.87,127.0,0.14,27.0,0.13,127.0,0.15,39.87,0.16,120.0,0.01,0.01,2338.523335,1776186805000
1776186806.836,206.836,0.85,5.0,0.84,145.0,0.86,161.18,0.87,10.0,0.14,27.0,0.13,127.0,0.15,39.87,0.16,120.0,0.01,0.01,2338.523335,1776186805000
1776186807.388,207.388,0.85,5.0,0.84,145.0,0.86,161.18,0.87,10.0,0.14,161.18,0.13,10.0,0.15,5.0,0.16,145.0,0.01,0.01,2338.289211,1776186806000
1776186808.381,208.381,0.85,5.0,0.84,145.0,0.86,161.18,0.87,10.0,0.14,161.18,0.13,10.0,0.15,5.0,0.16,145.0,0.01,0.01,2338.142556,1776186807000
1776186809.511,209.511,0.86,85.0,0.85,151.0,0.87,8.85,0.88,205.41,0.14,161.18,0.13,10.0,0.15,5.0,0.16,145.0,0.01,0.01,2338.142556,1776186807000
1776186809.893,209.893,0.86,85.0,0.85,151.0,0.87,8.85,0.88,205.41,0.13,8.85,0.12,205.41,0.14,85.0,0.15,151.0,0.01,0.01,2338.193967,1776186808000
1776186810.564,210.564,0.86,96.0,0.85,156.0,0.87,6.55,0.88,88.41,0.13,8.85,0.12,205.41,0.14,85.0,0.15,151.0,0.01,0.01,2338.193967,1776186808000
1776186810.929,210.929,0.86,21.0,0.85,142.0,0.87,0.8,0.88,205.41,0.13,6.55,0.12,88.41,0.14,96.0,0.15,156.0,0.01,0.01,2338.193967,1776186808000
1776186811.312,211.312,0.85,10.0,0.84,55.0,0.87,28.8,0.88,234.4,0.13,0.8,0.12,205.41,0.14,21.0,0.15,142.0,0.02,0.01,2338.189233,1776186809000
1776186811.604,211.604,0.84,22.0,0.83,80.0,0.86,10.0,0.87,23.8,0.14,10.0,0.13,23.8,0.16,22.0,0.17,80.0,0.02,0.02,2338.190061,1776186810000
1776186812.34,212.34,0.84,22.0,0.83,80.0,0.86,10.0,0.87,23.8,0.14,10.0,0.13,23.8,0.16,22.0,0.17,80.0,0.02,0.02,2338.1937,1776186811000
1776186814.085,214.085,0.84,22.0,0.83,80.0,0.86,10.0,0.87,23.8,0.14,10.0,0.13,23.8,0.16,22.0,0.17,80.0,0.02,0.02,2338.1025,1776186813000
1776186815.4,215.4,0.84,22.0,0.83,80.0,0.86,10.0,0.87,23.8,0.14,10.0,0.13,23.8,0.16,22.0,0.17,80.0,0.02,0.02,2337.998081,1776186814000
1776186816.099,216.099,0.84,22.0,0.83,80.0,0.86,10.0,0.87,23.8,0.14,10.0,0.13,23.8,0.16,22.0,0.17,80.0,0.02,0.02,2338.00198,1776186815000
1776186816.995,216.995,0.87,12.0,0.86,28.0,0.88,23.23,0.89,124.6,0.14,10.0,0.13,23.8,0.16,22.0,0.17,80.0,0.01,0.02,2338.00198,1776186815000
1776186817.282,217.282,0.87,12.0,0.86,28.0,0.88,23.23,0.89,124.6,0.12,23.23,0.11,124.6,0.13,12.0,0.14,28.0,0.01,0.01,2338.02354,1776186816000
1776186817.614,217.614,0.89,16.0,0.88,121.0,0.9,163.0,0.91,219.0,0.12,23.23,0.11,124.6,0.13,12.0,0.14,28.0,0.01,0.01,2338.02354,1776186816000
1776186818.041,218.041,0.87,45.72,0.86,37.0,0.9,295.09,0.91,149.0,0.1,163.0,0.09,219.0,0.11,16.0,0.12,121.0,0.03,0.01,2338.02354,1776186816000
1776186818.819,218.819,0.87,247.72,0.86,57.0,0.89,8.87,0.9,273.09,0.1,295.09,0.09,149.0,0.13,45.72,0.14,37.0,0.02,0.03,2338.02354,1776186816000
1776186819.072,219.072,0.87,247.72,0.86,57.0,0.89,8.87,0.9,273.09,0.11,8.87,0.1,273.09,0.13,247.72,0.14,57.0,0.02,0.02,2338.09574,1776186818000
1776186819.81,219.81,0.87,247.72,0.86,47.0,0.88,8.7,0.89,8.87,0.11,8.87,0.1,273.09,0.13,247.72,0.14,57.0,0.01,0.02,2338.09574,1776186818000
1776186820.381,220.381,0.87,247.72,0.86,47.0,0.88,8.7,0.89,8.87,0.12,8.7,0.11,8.87,0.13,247.72,0.14,47.0,0.01,0.01,2338.137001,1776186819000
1776186821.646,221.646,0.87,247.72,0.86,47.0,0.88,8.7,0.89,8.87,0.12,8.7,0.11,8.87,0.13,247.72,0.14,47.0,0.01,0.01,2338.147572,1776186820000
1776186822.429,222.429,0.87,247.72,0.86,47.0,0.88,8.7,0.89,8.87,0.12,8.7,0.11,8.87,0.13,247.72,0.14,47.0,0.01,0.01,2338.146616,1776186821000
1776186823.105,223.105,0.87,247.72,0.86,47.0,0.88,8.7,0.89,8.87,0.12,8.7,0.11,8.87,0.13,247.72,0.14,47.0,0.01,0.01,2338.157146,1776186822000
1776186824.316,224.316,0.87,247.72,0.86,47.0,0.88,8.7,0.89,8.87,0.12,8.7,0.11,8.87,0.13,247.72,0.14,47.0,0.01,0.01,2338.165271,1776186823000
1776186825.566,225.566,0.87,247.72,0.86,47.0,0.88,8.7,0.89,8.87,0.12,8.7,0.11,8.87,0.13,247.72,0.14,47.0,0.01,0.01,2338.17085,1776186824000
1776186826.328,226.328,0.87,247.72,0.86,47.0,0.88,8.7,0.89,8.87,0.12,8.7,0.11,8.87,0.13,247.72,0.14,47.0,0.01,0.01,2338.21075,1776186825000
1776186827.248,227.248,0.88,15.0,0.87,60.0,0.89,27.35,0.9,95.1,0.12,8.7,0.11,8.87,0.13,247.72,0.14,47.0,0.01,0.01,2338.21075,1776186825000
1776186827.578,227.578,0.87,9.0,0.86,204.0,0.89,45.35,0.9,212.1,0.11,27.35,0.1,95.1,0.12,15.0,0.13,60.0,0.02,0.01,2338.21075,1776186825000
1776186828.238,228.238,0.87,14.0,0.86,229.0,0.89,44.22,0.9,252.1,0.11,45.35,0.1,212.1,0.13,9.0,0.14,204.0,0.02,0.02,2338.21075,1776186825000
1776186829.314,229.314,0.87,14.0,0.86,229.0,0.89,44.22,0.9,252.1,0.11,44.22,0.1,252.1,0.13,14.0,0.14,229.0,0.02,0.02,2337.981344,1776186828000
1776186829.881,229.881,0.87,11.6,0.86,234.0,0.89,26.22,0.9,258.1,0.11,44.22,0.1,252.1,0.13,14.0,0.14,229.0,0.02,0.02,2337.981344,1776186828000
1776186830.472,230.472,0.87,11.6,0.86,234.0,0.89,26.22,0.9,258.1,0.11,26.22,0.1,258.1,0.13,11.6,0.14,234.0,0.02,0.02,2337.968119,1776186829000
1776186831.107,231.107,0.87,11.6,0.86,234.0,0.89,26.22,0.9,258.1,0.11,26.22,0.1,258.1,0.13,11.6,0.14,234.0,0.02,0.02,2337.96837,1776186830000
1776186831.367,231.367,0.87,71.76,0.86,229.0,0.89,38.01,0.9,268.1,0.11,26.22,0.1,258.1,0.13,11.6,0.14,234.0,0.02,0.02,2337.96837,1776186830000
1776186831.833,231.833,0.87,203.38,0.86,103.0,0.89,21.48,0.9,218.1,0.11,38.01,0.1,268.1,0.13,71.76,0.14,229.0,0.02,0.02,2337.96837,1776186830000
1776186832.181,232.181,0.87,203.38,0.86,103.0,0.89,21.48,0.9,218.1,0.11,21.48,0.1,218.1,0.13,203.38,0.14,103.0,0.02,0.02,2337.965566,1776186831000
1776186833.216,233.216,0.88,68.87,0.87,166.75,0.89,36.72,0.9,242.1,0.1,232.1,0.09,64.0,0.12,73.87,0.13,147.0,0.01,0.02,2337.965566,1776186831000
1776186834.016,234.016,0.88,68.87,0.87,182.48,0.89,23.33,0.9,242.1,0.11,36.72,0.1,242.1,0.12,68.87,0.13,166.75,0.01,0.01,2337.963438,1776186832000
1776186834.455,234.455,0.88,68.87,0.87,182.48,0.89,23.33,0.9,242.1,0.11,23.33,0.1,242.1,0.12,68.87,0.13,182.48,0.01,0.01,2337.963636,1776186833000
1776186834.873,234.873,0.88,355.87,0.87,60.48,0.89,19.88,0.9,50.1,0.11,23.33,0.1,242.1,0.12,68.87,0.13,182.48,0.01,0.01,2337.963636,1776186833000
1776186835.522,235.522,0.88,302.0,0.87,168.37,0.9,113.55,0.91,20.6,0.11,19.88,0.1,50.1,0.12,355.87,0.13,60.48,0.02,0.01,2337.963625,1776186834000
1776186836.032,236.032,0.91,11.0,0.9,224.87,0.92,219.89,0.93,421.3,0.1,113.55,0.09,20.6,0.12,302.0,0.13,168.37,0.01,0.02,2337.963625,1776186834000
1776186836.591,236.591,0.91,97.0,0.9,266.87,0.92,232.51,0.93,421.3,0.08,219.89,0.07,421.3,0.09,11.0,0.1,224.87,0.01,0.01,2337.963512,1776186835000
1776186837.291,237.291,0.91,97.0,0.9,266.87,0.92,232.51,0.93,421.3,0.08,232.51,0.07,421.3,0.09,97.0,0.1,266.87,0.01,0.01,2338.00945,1776186836000
1776186837.768,237.768,0.91,97.0,0.9,211.0,0.92,97.62,0.93,336.3,0.08,232.51,0.07,421.3,0.09,97.0,0.1,266.87,0.01,0.01,2338.00945,1776186836000
1776186838.476,238.476,0.91,97.0,0.9,211.0,0.92,97.62,0.93,336.3,0.08,97.62,0.07,336.3,0.09,97.0,0.1,211.0,0.01,0.01,2338.14564,1776186837000
1776186838.816,238.816,0.91,465.65,0.9,83.63,0.93,101.0,0.94,91.0,0.08,28.67,0.07,120.6,0.09,408.02,0.1,59.0,0.02,0.01,2338.14564,1776186837000
1776186839.442,239.442,0.92,195.64,0.91,188.0,0.93,113.79,0.94,85.0,0.07,101.0,0.06,91.0,0.09,465.65,0.1,83.63,0.01,0.02,2338.16185,1776186838000
1776186839.957,239.957,0.92,195.64,0.91,188.0,0.93,113.79,0.94,85.0,0.07,113.79,0.06,85.0,0.08,195.64,0.09,188.0,0.01,0.01,2338.16541,1776186839000
1776186840.329,240.329,0.92,228.0,0.91,115.0,0.93,19.37,0.94,85.0,0.07,113.79,0.06,85.0,0.08,195.64,0.09,188.0,0.01,0.01,2338.16541,1776186839000
1776186840.603,240.603,0.93,24.63,0.92,218.0,0.94,5.0,0.95,605.37,0.06,10.0,0.05,605.37,0.07,13.63,0.08,228.0,0.01,0.01,2338.16541,1776186839000
1776186841.052,241.052,0.93,24.63,0.92,218.0,0.94,5.0,0.95,605.37,0.06,5.0,0.05,605.37,0.07,24.63,0.08,218.0,0.01,0.01,2338.48915,1776186840000
1776186841.256,241.256,0.94,5.64,0.93,253.63,0.95,495.06,0.96,331.8,0.06,5.0,0.05,495.06,0.07,253.63,0.08,41.0,0.01,0.01,2338.48915,1776186840000
1776186841.526,241.526,0.94,48.64,0.93,193.63,0.95,492.97,0.96,331.8,0.05,495.06,0.04,331.8,0.06,5.64,0.07,253.63,0.01,0.01,2338.48915,1776186840000
1776186841.737,241.737,0.94,124.64,0.93,198.63,0.95,467.89,0.96,354.4,0.05,469.84,0.04,354.4,0.06,53.64,0.07,198.63,0.01,0.01,2338.48915,1776186840000
1776186842.346,242.346,0.94,129.64,0.93,208.63,0.95,430.25,0.96,354.4,0.05,476.83,0.04,354.4,0.06,134.64,0.07,208.63,0.01,0.01,2338.48915,1776186840000
1776186842.628,242.628,0.94,129.64,0.93,208.63,0.95,435.25,0.96,260.6,0.05,430.25,0.04,354.4,0.06,129.64,0.07,208.63,0.01,0.01,2338.48915,1776186840000
1776186842.92,242.92,0.94,246.64,0.93,91.63,0.95,408.45,0.96,143.6,0.05,430.76,0.04,260.6,0.06,134.64,0.07,208.63,0.01,0.01,2338.5144,1776186841000
1776186843.179,243.179,0.94,246.64,0.93,91.63,0.95,400.12,0.96,127.6,0.05,400.12,0.04,127.6,0.06,251.64,0.07,91.63,0.01,0.01,2338.59385,1776186842000
1776186844.247,244.247,0.94,251.64,0.93,91.63,0.95,334.91,0.96,117.6,0.05,326.18,0.04,127.6,0.06,251.64,0.07,165.63,0.01,0.01,2338.59385,1776186842000
1776186844.847,244.847,0.94,330.58,0.93,146.93,0.95,259.71,0.96,117.6,0.05,334.91,0.04,117.6,0.06,251.64,0.07,91.63,0.01,0.01,2338.6186,1776186843000
1776186845.106,245.106,0.94,354.58,0.93,146.93,0.95,258.65,0.96,105.0,0.05,259.71,0.04,117.6,0.06,330.58,0.07,146.93,0.01,0.01,2338.6186,1776186843000
1776186845.381,245.381,0.94,354.58,0.93,146.93,0.95,210.73,0.96,105.0,0.05,216.79,0.04,105.0,0.06,354.58,0.07,146.93,0.01,0.01,2338.6186,1776186843000
1776186845.609,245.609,0.94,354.58,0.93,146.93,0.95,125.53,0.96,105.0,0.05,125.53,0.04,105.0,0.06,354.58,0.07,146.93,0.01,0.01,2338.778185,1776186844000
1776186845.855,245.855,0.94,359.89,0.93,160.85,0.95,100.07,0.96,105.0,0.05,125.53,0.04,105.0,0.06,354.58,0.07,146.93,0.01,0.01,2338.778185,1776186844000
1776186846.225,246.225,0.94,359.89,0.93,160.85,0.95,100.07,0.96,105.0,0.05,100.07,0.04,105.0,0.06,359.89,0.07,160.85,0.01,0.01,2338.846605,1776186845000
1776186846.452,246.452,0.94,404.89,0.93,300.63,0.95,94.01,0.96,105.0,0.05,99.01,0.04,105.0,0.06,428.89,0.07,300.63,0.01,0.01,2338.846605,1776186845000
1776186847.016,247.016,0.94,564.67,0.93,161.93,0.95,40.96,0.96,105.0,0.05,72.96,0.04,105.0,0.06,404.89,0.07,310.63,0.01,0.01,2338.846605,1776186845000
1776186847.264,247.264,0.94,564.67,0.93,161.93,0.95,35.96,0.96,105.0,0.05,35.96,0.04,105.0,0.06,564.67,0.07,161.93,0.01,0.01,2338.89955,1776186846000
1776186848.47,248.47,0.94,341.67,0.93,103.93,0.95,32.79,0.96,197.0,0.05,32.79,0.04,197.0,0.06,341.67,0.07,103.93,0.01,0.01,2338.94195,1776186847000
1776186848.814,248.814,0.94,605.47,0.93,103.93,0.95,12.79,0.96,80.0,0.05,32.79,0.04,197.0,0.06,341.67,0.07,103.93,0.01,0.01,2338.94195,1776186847000
1776186849.066,249.066,0.94,590.16,0.93,103.93,0.96,61.81,0.97,86.0,0.04,61.81,0.03,86.0,0.06,600.47,0.07,103.93,0.02,0.02,2338.94195,1776186847000
1776186849.621,249.621,0.95,112.0,0.94,313.3,0.96,60.81,0.97,86.0,0.04,61.81,0.03,86.0,0.06,430.38,0.07,103.93,0.01,0.02,2339.012325,1776186848000
1776186849.892,249.892,0.95,245.0,0.94,196.3,0.97,100.55,0.98,492.6,0.04,50.56,0.03,120.0,0.05,235.0,0.06,196.3,0.02,0.01,2339.012325,1776186848000
1776186850.154,250.154,0.96,67.0,0.95,325.0,0.98,887.03,0.99,1985.46,0.02,887.03,0.01,1985.46,0.04,67.0,0.05,325.0,0.02,0.02,2338.960835,1776186849000
1776186850.438,250.438,0.96,112.2,0.95,319.5,0.98,364.01,0.99,2109.46,0.03,8.96,0.02,486.0,0.04,94.2,0.05,319.5,0.02,0.01,2338.960835,1776186849000
1776186850.736,250.736,0.97,18.0,0.96,94.2,0.98,353.8,0.99,2109.46,0.02,364.01,0.01,2109.46,0.04,112.2,0.05,319.5,0.01,0.02,2338.960835,1776186849000
1776186851.02,251.02,0.97,18.0,0.96,187.9,0.98,347.8,0.99,2109.46,0.02,353.8,0.01,2109.46,0.03,18.0,0.04,94.2,0.01,0.01,2338.960835,1776186849000
1776186851.361,251.361,0.97,18.0,0.96,187.9,0.98,347.8,0.99,2109.46,0.02,347.8,0.01,2109.46,0.03,18.0,0.04,187.9,0.01,0.01,2339.001824,1776186850000
1776186851.568,251.568,0.97,7.93,0.96,368.98,0.98,388.09,0.99,2109.46,0.02,393.09,0.01,2109.46,0.03,10.0,0.04,363.98,0.01,0.01,2339.001824,1776186850000
1776186851.857,251.857,0.97,197.09,0.96,343.48,0.98,220.59,0.99,2226.46,0.02,388.09,0.01,2109.46,0.03,7.93,0.04,368.98,0.01,0.01,2339.001824,1776186850000
1776186852.332,252.332,0.97,218.4,0.96,353.95,0.98,254.56,0.99,2326.46,0.02,200.59,0.01,2326.46,0.03,197.09,0.04,343.48,0.01,0.01,2339.001824,1776186850000
1776186852.832,252.832,0.97,193.4,0.96,348.95,0.98,194.03,0.99,2316.46,0.02,290.06,0.01,2316.46,0.03,218.4,0.04,353.95,0.01,0.01,2339.23991,1776186851000
1776186853.048,253.048,0.97,193.4,0.96,414.95,0.98,193.0,0.99,2326.46,0.02,194.03,0.01,2316.46,0.03,193.4,0.04,348.95,0.01,0.01,2339.268442,1776186852000
1776186853.258,253.258,0.97,193.4,0.96,424.95,0.98,127.86,0.99,2326.46,0.02,178.89,0.01,2326.46,0.03,193.4,0.04,424.95,0.01,0.01,2339.268442,1776186852000
1776186853.841,253.841,0.97,193.4,0.96,424.95,0.98,23.31,0.99,2326.46,0.02,120.36,0.01,2326.46,0.03,232.4,0.04,424.95,0.01,0.01,2339.268442,1776186852000
1776186854.188,254.188,0.97,193.4,0.96,424.95,0.98,23.31,0.99,2326.46,0.02,23.31,0.01,2326.46,0.03,193.4,0.04,424.95,0.01,0.01,2339.271827,1776186853000
1776186854.523,254.523,0.98,59.63,0.97,101.06,0.99,1962.86,,,0.02,10.0,0.01,2326.46,0.03,61.06,0.04,419.95,0.01,0.01,2339.271827,1776186853000
1776186854.976,254.976,0.98,90.63,0.97,213.06,0.99,1952.86,,,0.01,1962.86,,,0.02,59.63,0.03,101.06,0.01,0.01,2339.271827,1776186853000
1776186855.342,255.342,0.98,90.63,0.97,175.06,0.99,1942.86,,,0.01,1942.86,,,0.02,90.63,0.03,175.06,0.01,0.01,2339.27465,1776186854000
1776186855.83,255.83,0.98,108.03,0.97,221.06,0.99,1954.86,,,0.01,2054.86,,,0.02,90.63,0.03,155.06,0.01,0.01,2339.27465,1776186854000
1776186856.344,256.344,0.98,186.58,0.97,48.06,0.99,1822.86,,,0.01,1944.86,,,0.02,195.98,0.03,165.06,0.01,0.01,2339.27465,1776186854000
1776186856.653,256.653,0.98,181.58,0.97,43.06,0.99,1331.45,,,0.01,1333.86,,,0.02,181.58,0.03,48.06,0.01,0.01,2339.275437,1776186855000
1776186856.917,256.917,0.98,218.58,0.97,43.06,,,,,0.01,1329.45,,,0.02,189.58,0.03,43.06,,0.01,2339.275437,1776186855000
1776186857.418,257.418,0.98,218.58,0.97,43.06,,,,,,,,,0.02,218.58,0.03,43.06,,,2339.50603,1776186856000
1776186857.74,257.74,0.99,59.1,0.98,329.33,,,,,,,,,0.02,218.58,0.03,43.06,,,2339.50603,1776186856000
1776186858.058,258.058,0.99,59.1,0.98,329.33,,,,,,,,,0.01,59.1,0.02,329.33,,,2339.735637,1776186857000
1776186859.083,259.083,0.99,281.72,0.98,334.33,,,,,,,,,0.01,281.72,0.02,334.33,,,2339.6541,1776186858000
1776186860.11,260.11,0.99,281.72,0.98,334.33,,,,,,,,,0.01,281.72,0.02,334.33,,,2340.649518,1776186859000
1776186861.074,261.074,0.99,173.45,0.98,405.33,,,,,,,,,0.01,173.45,0.02,405.33,,,2340.83954,1776186860000
1776186861.825,261.825,0.99,343.57,0.98,305.33,,,,,,,,,0.01,173.45,0.02,405.33,,,2340.83954,1776186860000
1776186862.565,262.565,0.99,343.57,0.98,305.33,,,,,,,,,0.01,343.57,0.02,305.33,,,2340.611484,1776186861000
1776186863.244,263.244,0.99,343.57,0.98,305.33,,,,,,,,,0.01,343.57,0.02,305.33,,,2340.646381,1776186862000
1776186864.142,264.142,0.99,716.06,0.98,285.33,,,,,,,,,0.01,343.57,0.02,305.33,,,2340.646381,1776186862000
1776186864.493,264.493,0.99,716.06,0.98,285.33,,,,,,,,,0.01,716.06,0.02,285.33,,,2340.933423,1776186863000
1776186865.093,265.093,0.99,716.06,0.98,285.33,,,,,,,,,0.01,716.06,0.02,285.33,,,2340.851655,1776186864000
1776186866.434,266.434,0.99,716.06,0.98,285.33,,,,,,,,,0.01,716.06,0.02,285.33,,,2340.804904,1776186865000
1776186866.943,266.943,0.99,716.06,0.98,285.33,,,,,,,,,0.01,716.06,0.02,285.33,,,2340.802409,1776186866000
1776186868.369,268.369,0.99,716.06,0.98,285.33,,,,,,,,,0.01,716.06,0.02,285.33,,,2340.830531,1776186867000
1776186868.951,268.951,0.99,716.06,0.98,285.33,,,,,,,,,0.01,716.06,0.02,285.33,,,2340.829178,1776186868000
1776186870.148,270.148,0.99,716.06,0.98,285.33,,,,,,,,,0.01,716.06,0.02,285.33,,,2340.825483,1776186869000
1776186871.44,271.44,0.99,716.06,0.98,285.33,,,,,,,,,0.01,716.06,0.02,285.33,,,2340.72182,1776186870000
1776186872.078,272.078,0.99,716.06,0.98,285.33,,,,,,,,,0.01,716.06,0.02,285.33,,,2340.601385,1776186871000
1776186874.395,274.395,0.99,716.06,0.98,285.33,,,,,,,,,0.01,716.06,0.02,285.33,,,2340.601845,1776186873000
1776186874.889,274.889,0.99,716.06,0.98,285.33,,,,,,,,,0.01,716.06,0.02,285.33,,,2340.848188,1776186874000
1776186875.94,275.94,0.99,716.06,0.98,285.33,,,,,,,,,0.01,716.06,0.02,285.33,,,2340.662097,1776186875000
1776186876.881,276.881,0.99,716.06,0.98,285.33,,,,,,,,,0.01,716.06,0.02,285.33,,,2340.54654,1776186876000
1776186877.848,277.848,0.99,8550.03,0.98,116.63,,,,,,,,,0.01,716.06,0.02,285.33,,,2340.54654,1776186876000
1776186878.991,278.991,0.99,8550.03,0.98,116.63,,,,,,,,,0.01,8550.03,0.02,116.63,,,2340.526351,1776186878000
1776186880.022,280.022,0.99,8548.79,0.98,116.63,,,,,,,,,0.01,8550.03,0.02,116.63,,,2340.526351,1776186878000
1776186881.046,281.046,0.99,8548.79,0.98,116.63,,,,,,,,,0.01,8548.79,0.02,116.63,,,2340.461518,1776186880000
1776186881.974,281.974,0.99,8548.79,0.98,116.63,,,,,,,,,0.01,8548.79,0.02,116.63,,,2340.466815,1776186881000
1776186883.149,283.149,0.99,8548.79,0.98,116.63,,,,,,,,,0.01,8548.79,0.02,116.63,,,2340.486437,1776186882000
1776186883.915,283.915,0.99,8548.79,0.98,116.63,,,,,,,,,0.01,8548.79,0.02,116.63,,,2340.488844,1776186883000
1776186884.907,284.907,0.99,8548.79,0.98,116.63,,,,,,,,,0.01,8548.79,0.02,116.63,,,2340.372609,1776186884000
1776186885.952,285.952,0.99,8548.79,0.98,116.63,,,,,,,,,0.01,8548.79,0.02,116.63,,,2340.322911,1776186885000
1776186887.626,287.626,0.99,8548.79,0.98,116.63,,,,,,,,,0.01,8548.79,0.02,116.63,,,2340.312262,1776186886000
1776186888.384,288.384,0.99,8548.79,0.98,116.63,,,,,,,,,0.01,8548.79,0.02,116.63,,,2340.331628,1776186887000
1776186888.998,288.998,0.99,8548.79,0.98,116.63,,,,,,,,,0.01,8548.79,0.02,116.63,,,2340.336683,1776186888000
1776186890.304,290.304,0.99,8548.79,0.98,116.63,,,,,,,,,0.01,8548.79,0.02,116.63,,,2340.145235,1776186889000
1776186891.794,291.794,0.99,8548.79,0.98,116.63,,,,,,,,,0.01,8548.79,0.02,116.63,,,2340.073356,1776186890000
1776186892.8,292.8,0.99,8548.79,0.98,116.63,,,,,,,,,0.01,8548.79,0.02,116.63,,,2340.051115,1776186891000
1776186893.443,293.443,0.99,8548.79,0.98,116.63,,,,,,,,,0.01,8548.79,0.02,116.63,,,2339.833991,1776186892000
1776186894.18,294.18,0.99,8548.79,0.98,116.63,,,,,,,,,0.01,8548.79,0.02,116.63,,,2339.58574,1776186893000
1776186895.526,295.526,0.99,8548.79,0.98,116.63,,,,,,,,,0.01,8548.79,0.02,116.63,,,2339.448161,1776186894000
1776186896.212,296.212,0.99,8548.79,0.98,116.63,,,,,,,,,0.01,8548.79,0.02,116.63,,,2339.437337,1776186895000
1776186897.674,297.674,0.99,8548.79,0.98,116.63,,,,,,,,,0.01,8548.79,0.02,116.63,,,2339.389195,1776186896000
1776186898.332,298.332,0.99,8548.79,0.98,116.63,,,,,,,,,0.01,8548.79,0.02,116.63,,,2339.33705,1776186897000
1776186899.812,299.812,0.99,8548.79,0.98,116.63,,,,,,,,,0.01,8548.79,0.02,116.63,,,2339.320064,1776186898000
1776186900.386,300.386,0.99,8548.79,0.98,116.63,,,,,,,,,0.01,8548.79,0.02,116.63,,,2339.321834,1776186899000
1776186901.135,301.135,0.99,8548.79,0.98,116.63,,,,,,,,,0.01,8548.79,0.02,116.63,,,2339.349136,1776186900000

# RESULT,winner=Up,slug=eth-updown-5m-1776186600,ticks=499
