timestamp,elapsed_sec,up_bid_p1,up_bid_s1,up_bid_p2,up_bid_s2,up_ask_p1,up_ask_s1,up_ask_p2,up_ask_s2,down_bid_p1,down_bid_s1,down_bid_p2,down_bid_s2,down_ask_p1,down_ask_s1,down_ask_p2,down_ask_s2,up_spread,down_spread,eth_price,eth_oracle_ts
1776384600.506,0.506,0.49,10.05,0.46,70.0,0.54,70.0,0.55,70.0,0.48,46.13,0.47,50.0,0.5,16.0,0.51,50.05,0.05,0.02,2344.429693,1776384599000
1776384600.749,0.749,0.46,70.0,0.45,70.0,0.54,70.0,0.55,70.0,0.46,70.0,0.45,70.0,0.51,10.05,0.54,70.0,0.08,0.05,2344.429693,1776384599000
1776384601.128,1.128,0.46,70.0,0.45,70.0,0.54,70.0,0.55,70.0,0.46,70.0,0.45,70.0,0.54,70.0,0.55,70.0,0.08,0.08,2344.490678,1776384600000
1776384601.373,1.373,0.51,9.0,0.46,70.0,0.53,110.0,0.54,83.0,0.46,70.0,0.45,70.0,0.54,70.0,0.55,70.0,0.02,0.08,2344.490678,1776384600000
1776384602.057,2.057,0.46,70.0,0.45,75.0,0.47,24.74,0.48,17.0,0.47,110.0,0.46,83.0,0.54,70.0,0.55,70.0,0.01,0.07,2344.490678,1776384600000
1776384602.46,2.46,0.46,70.0,0.45,75.0,0.47,10.74,0.48,17.0,0.53,24.74,0.52,17.0,0.54,70.0,0.55,75.0,0.01,0.01,2344.479023,1776384601000
1776384603.197,3.197,0.46,70.0,0.45,75.0,0.47,10.74,0.48,17.0,0.53,10.74,0.52,17.0,0.54,70.0,0.55,75.0,0.01,0.01,2344.364965,1776384602000
1776384603.61,3.61,0.5,26.88,0.49,16.83,0.52,5.0,0.53,19.0,0.47,13.83,0.46,18.0,0.5,5.0,0.51,10.0,0.02,0.03,2344.364965,1776384602000
1776384604.727,4.727,0.5,26.88,0.49,16.83,0.52,5.0,0.53,19.0,0.48,5.0,0.47,19.0,0.5,26.88,0.51,16.83,0.02,0.02,2344.28568,1776384603000
1776384605.229,5.229,0.5,26.88,0.49,16.83,0.52,5.0,0.53,19.0,0.48,5.0,0.47,19.0,0.5,26.88,0.51,16.83,0.02,0.02,2344.415099,1776384604000
1776384605.86,5.86,0.48,20.0,0.47,25.0,0.49,1.2,0.5,24.0,0.48,5.0,0.47,19.0,0.5,26.88,0.51,16.83,0.01,0.02,2344.415099,1776384604000
1776384606.203,6.203,0.48,11.15,0.45,125.0,0.49,6.2,0.5,24.0,0.51,1.2,0.5,24.0,0.52,15.0,0.53,25.0,0.01,0.01,2344.415099,1776384604000
1776384606.485,6.485,0.48,16.15,0.46,5.0,0.49,22.0,0.5,24.0,0.51,6.2,0.5,24.0,0.52,11.15,0.55,125.0,0.01,0.01,2344.415099,1776384604000
1776384606.732,6.732,0.48,16.15,0.45,125.0,0.49,19.95,0.5,24.0,0.51,22.0,0.5,24.0,0.52,16.15,0.54,5.0,0.01,0.01,2344.44343,1776384605000
1776384607.096,7.096,0.48,16.15,0.45,140.0,0.5,23.8,0.51,25.0,0.51,19.95,0.5,24.0,0.52,16.15,0.55,125.0,0.02,0.01,2344.44343,1776384605000
1776384607.361,7.361,0.48,16.15,0.45,140.0,0.5,23.8,0.51,25.0,0.5,23.8,0.49,25.0,0.52,16.15,0.55,140.0,0.02,0.02,2344.409869,1776384606000
1776384608.449,8.449,0.48,16.15,0.45,140.0,0.5,23.8,0.51,25.0,0.5,23.8,0.49,25.0,0.52,16.15,0.55,140.0,0.02,0.02,2344.33564,1776384607000
1776384608.998,8.998,0.48,16.15,0.45,140.0,0.5,23.8,0.51,25.0,0.5,23.8,0.49,25.0,0.52,16.15,0.55,140.0,0.02,0.02,2344.31617,1776384608000
1776384609.303,9.303,0.48,21.15,0.45,125.0,0.51,105.52,0.52,40.0,0.5,23.8,0.49,25.0,0.52,16.15,0.55,140.0,0.03,0.02,2344.31617,1776384608000
1776384610.099,10.099,0.48,21.15,0.45,125.0,0.51,105.52,0.52,40.0,0.49,105.52,0.48,40.0,0.52,21.15,0.55,125.0,0.03,0.03,2344.315778,1776384609000
1776384610.328,10.328,0.49,31.82,0.48,21.15,0.5,236.0,0.51,187.0,0.49,105.52,0.48,40.0,0.52,21.15,0.55,125.0,0.01,0.03,2344.315778,1776384609000
1776384611.218,11.218,0.49,1.82,0.48,21.15,0.5,257.2,0.51,107.0,0.5,236.0,0.49,187.0,0.51,31.82,0.52,21.15,0.01,0.01,2344.315778,1776384609000
1776384611.517,11.517,0.39,30.0,0.38,25.0,0.43,7.51,0.46,45.24,0.54,45.24,0.5,208.0,0.55,1.26,0.56,35.0,0.04,0.01,2344.287265,1776384610000
1776384612.344,12.344,0.4,5.5,0.39,5.0,0.41,15.0,0.42,34.5,0.57,7.51,0.54,45.24,0.61,30.0,0.62,25.0,0.01,0.04,2344.287265,1776384610000
1776384612.953,12.953,0.39,100.53,0.38,35.83,0.41,20.0,0.42,105.0,0.59,15.0,0.58,34.5,0.6,5.5,0.61,5.0,0.02,0.01,2344.2034,1776384611000
1776384613.157,13.157,0.4,10.5,0.39,103.65,0.41,15.0,0.42,115.5,0.59,20.0,0.58,105.0,0.61,103.65,0.62,35.83,0.01,0.02,2343.644912,1776384612000
1776384613.848,13.848,0.4,10.5,0.39,245.66,0.41,10.0,0.42,135.5,0.59,15.0,0.58,115.5,0.6,10.5,0.61,103.65,0.01,0.01,2343.644912,1776384612000
1776384614.75,14.75,0.4,1.66,0.39,245.66,0.41,38.0,0.42,130.5,0.59,10.0,0.58,135.5,0.6,10.5,0.61,245.66,0.01,0.01,2343.629368,1776384613000
1776384615.472,15.472,0.39,238.65,0.38,44.99,0.41,38.0,0.42,130.5,0.59,38.0,0.58,130.5,0.61,245.65,0.62,44.99,0.02,0.02,2343.747069,1776384614000
1776384616.397,16.397,0.39,223.56,0.38,92.79,0.41,51.84,0.42,120.5,0.59,38.0,0.58,130.5,0.61,238.65,0.62,44.99,0.02,0.02,2343.752017,1776384615000
1776384619.18,19.18,0.4,5.0,0.39,230.0,0.41,34.64,0.42,130.5,0.59,51.84,0.58,120.5,0.61,223.56,0.62,92.79,0.01,0.02,2343.747427,1776384617000
1776384619.565,19.565,0.4,3.33,0.39,230.0,0.41,39.64,0.42,130.5,0.59,34.64,0.58,130.5,0.6,5.0,0.61,230.0,0.01,0.01,2343.747427,1776384617000
1776384621.647,21.647,0.4,3.33,0.39,230.0,0.41,52.2,0.42,140.5,0.59,39.64,0.58,130.5,0.6,3.33,0.61,230.0,0.01,0.01,2343.716086,1776384620000
1776384621.977,21.977,0.4,1.66,0.39,230.0,0.41,69.7,0.42,140.5,0.59,52.2,0.58,140.5,0.6,3.33,0.61,230.0,0.01,0.01,2343.716086,1776384620000
1776384623.324,23.324,0.39,230.0,0.38,112.49,0.41,42.2,0.42,146.5,0.59,69.7,0.58,140.5,0.6,1.66,0.61,230.0,0.02,0.01,2343.715574,1776384622000
1776384623.928,23.928,0.39,228.36,0.38,112.49,0.4,5.0,0.41,52.7,0.59,42.2,0.58,146.5,0.61,230.0,0.62,112.49,0.01,0.02,2343.715574,1776384622000
1776384624.942,24.942,0.39,216.36,0.38,112.49,0.4,5.0,0.41,47.7,0.6,5.0,0.59,52.7,0.61,228.36,0.62,112.49,0.01,0.01,2343.731766,1776384623000
1776384625.505,25.505,0.39,224.72,0.38,112.49,0.4,10.0,0.41,47.7,0.6,5.0,0.59,47.7,0.61,216.36,0.62,112.49,0.01,0.01,2343.731766,1776384623000
1776384626.458,26.458,0.4,297.49,0.39,84.5,0.43,5.0,0.44,10.0,0.6,10.0,0.59,47.7,0.61,224.72,0.62,112.49,0.03,0.01,2343.73178,1776384625000
1776384626.686,26.686,0.46,12.0,0.45,286.53,0.47,0.74,0.48,10.5,0.54,14.9,0.53,5.0,0.55,70.0,0.57,46.96,0.01,0.01,2343.73178,1776384625000
1776384626.977,26.977,0.48,19.2,0.47,100.99,0.49,24.05,0.5,10.0,0.51,44.05,0.49,56.0,0.53,100.99,0.54,47.5,0.01,0.02,2343.73178,1776384625000
1776384627.419,27.419,0.48,12.0,0.47,85.99,0.49,18.0,0.5,10.0,0.51,4.05,0.5,10.0,0.52,19.2,0.53,100.99,0.01,0.01,2343.725525,1776384626000
1776384627.758,27.758,0.48,10.07,0.47,65.99,0.49,2.0,0.5,10.0,0.51,18.0,0.5,10.0,0.52,22.0,0.53,93.99,0.01,0.01,2343.725525,1776384626000
1776384628.131,28.131,0.48,13.14,0.47,76.99,0.49,2.0,0.5,80.92,0.51,2.0,0.5,10.0,0.52,10.07,0.53,65.99,0.01,0.01,2343.725525,1776384626000
1776384628.453,28.453,0.48,6.04,0.47,104.99,0.5,124.42,0.51,86.0,0.5,80.88,0.49,76.0,0.52,13.14,0.53,104.99,0.02,0.02,2343.837582,1776384627000
1776384631.119,31.119,0.49,10.19,0.48,18.07,0.5,226.42,0.51,81.0,0.5,124.42,0.49,86.0,0.52,6.04,0.53,104.99,0.01,0.02,2344.203283,1776384629000
1776384632.588,32.588,0.49,8.03,0.48,18.07,0.5,47.5,0.51,109.0,0.5,207.42,0.49,81.0,0.51,10.19,0.52,18.07,0.01,0.01,2344.207776,1776384631000
1776384633.025,33.025,0.49,1.45,0.48,18.07,0.5,47.5,0.51,199.81,0.5,47.5,0.49,137.81,0.51,5.38,0.52,18.07,0.01,0.01,2344.207776,1776384631000
1776384635.082,35.082,0.48,27.56,0.47,35.5,0.5,75.5,0.51,191.0,0.5,47.5,0.49,199.81,0.51,1.45,0.52,18.07,0.02,0.01,2344.223311,1776384632000
1776384636.238,36.238,0.48,208.06,0.47,84.46,0.49,7.95,0.5,10.0,0.5,75.5,0.49,191.0,0.52,27.56,0.53,35.5,0.01,0.02,2344.223621,1776384634000
1776384636.521,36.521,0.48,215.06,0.47,83.49,0.51,80.0,0.52,80.0,0.51,7.95,0.5,10.0,0.52,208.06,0.53,84.46,0.03,0.01,2344.220617,1776384635000
1776384637.277,37.277,0.5,91.44,0.49,215.5,0.51,80.0,0.52,80.0,0.49,80.0,0.48,80.0,0.52,215.06,0.53,83.49,0.01,0.03,2344.220617,1776384635000
1776384639.257,39.257,0.5,88.0,0.49,215.5,0.51,21.0,0.52,105.5,0.49,80.0,0.48,80.0,0.5,91.44,0.51,215.5,0.01,0.01,2344.35797,1776384638000
1776384641.752,41.752,0.5,199.5,0.49,142.53,0.51,0.9,0.52,20.0,0.49,21.0,0.48,105.5,0.5,88.0,0.51,215.5,0.01,0.01,2344.384724,1776384640000
1776384642.276,42.276,0.51,107.46,0.5,152.5,0.56,10.0,0.59,50.0,0.48,20.0,0.47,10.0,0.5,199.5,0.51,142.53,0.05,0.02,2344.384714,1776384641000
1776384642.911,42.911,0.57,5.0,0.56,7.0,0.61,20.98,0.62,15.5,0.44,10.0,0.41,50.0,0.49,107.46,0.5,152.5,0.04,0.05,2344.385089,1776384642000
1776384643.159,43.159,0.57,19.77,0.56,103.0,0.62,4.9,0.63,90.5,0.39,20.98,0.38,15.5,0.43,5.0,0.44,7.0,0.05,0.04,2344.385089,1776384642000
1776384643.527,43.527,0.62,77.5,0.61,96.0,0.63,15.0,0.66,110.0,0.37,39.69,0.34,100.0,0.43,19.77,0.44,103.0,0.01,0.06,2344.385089,1776384642000
1776384644.294,44.294,0.65,130.13,0.64,180.5,0.68,50.0,0.71,50.0,0.37,15.0,0.34,110.0,0.38,77.5,0.39,96.0,0.03,0.01,2344.907729,1776384643000
1776384644.706,44.706,0.67,72.0,0.66,55.99,0.68,25.0,0.71,55.0,0.32,50.0,0.29,50.0,0.35,130.13,0.36,180.5,0.01,0.03,2344.907729,1776384643000
1776384645.914,45.914,0.7,161.16,0.69,75.0,0.72,5.0,0.74,70.0,0.32,25.0,0.29,55.0,0.33,72.0,0.34,55.99,0.02,0.01,2345.18229,1776384644000
1776384646.675,46.675,0.73,52.0,0.72,10.71,0.74,6.0,0.75,70.0,0.26,70.0,0.25,90.0,0.29,35.37,0.3,116.96,0.01,0.03,2345.41153,1776384645000
1776384646.914,46.914,0.73,52.0,0.72,10.71,0.76,20.5,0.77,5.0,0.26,6.0,0.25,70.0,0.27,52.0,0.28,10.71,0.03,0.01,2345.41153,1776384645000
1776384647.22,47.22,0.73,54.0,0.72,21.21,0.75,32.55,0.76,20.5,0.26,11.0,0.25,77.7,0.27,54.0,0.28,21.21,0.02,0.01,2345.41153,1776384645000
1776384647.688,47.688,0.73,52.42,0.72,21.21,0.74,107.0,0.75,132.55,0.25,32.55,0.24,20.5,0.27,26.0,0.28,21.21,0.01,0.02,2345.713973,1776384646000
1776384647.95,47.95,0.73,75.42,0.72,21.21,0.74,87.02,0.75,132.55,0.26,107.0,0.25,132.55,0.27,52.42,0.28,21.21,0.01,0.01,2345.713973,1776384646000
1776384648.214,48.214,0.73,85.0,0.72,31.21,0.76,10.0,0.77,110.75,0.26,9.02,0.25,32.55,0.27,85.0,0.28,31.21,0.03,0.01,2345.77055,1776384647000
1776384648.426,48.426,0.73,56.88,0.72,31.21,0.77,109.45,0.78,20.0,0.23,109.45,0.22,20.0,0.27,60.59,0.28,31.21,0.04,0.04,2345.77055,1776384647000
1776384648.695,48.695,0.73,14.07,0.72,31.21,0.76,10.5,0.77,109.45,0.23,109.45,0.22,20.0,0.27,56.88,0.28,31.21,0.03,0.04,2345.77055,1776384647000
1776384649.575,49.575,0.74,38.0,0.73,14.07,0.76,9.18,0.77,109.45,0.24,9.18,0.23,109.45,0.27,14.07,0.28,31.21,0.02,0.03,2345.96905,1776384648000
1776384649.892,49.892,0.74,83.46,0.73,14.07,0.77,109.45,0.78,20.0,0.24,9.18,0.23,109.45,0.26,38.0,0.27,14.07,0.03,0.02,2345.96905,1776384648000
1776384650.297,50.297,0.75,23.0,0.74,50.11,0.76,21.22,0.77,133.15,0.23,108.15,0.22,20.0,0.26,72.61,0.27,14.07,0.01,0.03,2345.96905,1776384648000
1776384650.595,50.595,0.75,73.22,0.74,39.61,0.76,36.72,0.77,133.15,0.24,21.22,0.23,133.15,0.25,23.0,0.26,50.11,0.01,0.01,2346.034299,1776384649000
1776384651.311,51.311,0.73,43.31,0.72,20.71,0.74,105.5,0.75,157.5,0.24,127.77,0.23,133.15,0.25,10.0,0.27,49.31,0.01,0.01,2346.034299,1776384649000
1776384651.632,51.632,0.73,112.81,0.72,31.21,0.75,125.5,0.76,60.5,0.26,105.5,0.25,157.5,0.27,43.31,0.28,20.71,0.02,0.01,2346.039396,1776384650000
1776384651.834,51.834,0.74,13.91,0.73,53.81,0.75,163.5,0.76,60.5,0.25,163.5,0.24,60.5,0.26,17.76,0.27,53.81,0.01,0.01,2346.039396,1776384650000
1776384653.721,53.721,0.74,40.0,0.73,43.31,0.75,118.62,0.76,95.5,0.25,163.5,0.24,60.5,0.26,13.91,0.27,53.81,0.01,0.01,2345.98325,1776384652000
1776384654.374,54.374,0.74,32.0,0.73,63.81,0.75,118.62,0.76,105.5,0.25,118.62,0.24,95.5,0.26,40.0,0.27,43.31,0.01,0.01,2346.030912,1776384653000
1776384655.813,55.813,0.74,25.42,0.73,63.81,0.75,123.62,0.76,90.5,0.25,118.62,0.24,105.5,0.26,32.0,0.27,63.81,0.01,0.01,2346.081511,1776384654000
1776384656.153,56.153,0.74,6.18,0.73,63.81,0.75,123.62,0.76,90.5,0.25,123.62,0.24,90.5,0.26,25.42,0.27,63.81,0.01,0.01,2346.117518,1776384655000
1776384658.368,58.368,0.72,20.71,0.71,51.5,0.73,9.13,0.74,48.5,0.25,118.62,0.24,90.5,0.26,6.18,0.27,63.81,0.01,0.01,2346.027284,1776384657000
1776384658.663,58.663,0.72,10.85,0.71,51.5,0.73,88.04,0.74,49.5,0.27,88.04,0.26,49.5,0.28,14.71,0.29,51.5,0.01,0.01,2346.027284,1776384657000
1776384658.973,58.973,0.72,6.99,0.71,51.5,0.73,77.99,0.74,49.5,0.27,77.99,0.26,49.5,0.28,10.85,0.29,51.5,0.01,0.01,2346.067776,1776384658000
1776384659.279,59.279,0.72,6.14,0.71,51.5,0.73,56.92,0.74,49.5,0.27,51.92,0.26,49.5,0.28,10.0,0.29,51.5,0.01,0.01,2346.067776,1776384658000
1776384660.309,60.309,0.69,60.0,0.68,95.0,0.72,109.5,0.73,26.92,0.27,56.92,0.26,49.5,0.28,6.14,0.29,51.5,0.03,0.01,2345.8498,1776384659000
1776384660.658,60.658,0.69,50.0,0.68,90.0,0.7,104.95,0.71,69.26,0.3,21.38,0.29,19.26,0.31,60.0,0.32,95.0,0.01,0.01,2345.8498,1776384659000
1776384660.897,60.897,0.68,90.0,0.66,125.0,0.69,21.58,0.7,77.95,0.3,99.95,0.29,69.26,0.31,25.0,0.32,90.0,0.01,0.01,2345.827746,1776384660000
1776384661.985,61.985,0.68,5.0,0.66,75.0,0.69,27.58,0.7,21.95,0.31,21.58,0.3,77.95,0.32,90.0,0.34,125.0,0.01,0.01,2345.825065,1776384661000
1776384663.646,63.646,0.68,20.0,0.65,60.5,0.69,24.93,0.7,21.95,0.31,27.58,0.3,21.95,0.32,5.0,0.34,75.0,0.01,0.01,2345.637412,1776384662000
1776384663.979,63.979,0.65,35.0,0.64,125.0,0.69,24.93,0.7,21.95,0.31,24.93,0.3,21.95,0.32,20.0,0.35,60.5,0.04,0.01,2345.637412,1776384662000
1776384664.315,64.315,0.65,32.14,0.64,110.0,0.66,20.0,0.67,22.5,0.32,9.02,0.31,17.93,0.35,35.0,0.36,125.0,0.01,0.03,2345.587645,1776384663000
1776384664.612,64.612,0.64,40.0,0.63,30.5,0.66,91.45,0.67,22.5,0.34,115.45,0.33,22.5,0.35,32.14,0.36,40.0,0.02,0.01,2345.587645,1776384663000
1776384664.964,64.964,0.64,30.44,0.63,30.5,0.65,46.96,0.66,28.45,0.35,54.5,0.34,59.45,0.36,30.44,0.37,30.5,0.01,0.01,2345.587645,1776384663000
1776384665.3,65.3,0.64,2.66,0.63,30.5,0.65,45.42,0.66,28.45,0.35,45.42,0.34,28.45,0.36,30.44,0.37,30.5,0.01,0.01,2345.587645,1776384663000
1776384665.694,65.694,0.62,15.0,0.6,150.0,0.65,83.42,0.66,218.45,0.35,45.42,0.34,28.45,0.36,2.66,0.37,30.5,0.03,0.01,2345.587645,1776384663000
1776384666.04,66.04,0.62,35.5,0.61,25.5,0.63,10.41,0.64,28.0,0.35,83.42,0.34,218.45,0.38,15.0,0.4,150.0,0.01,0.03,2345.509857,1776384664000
1776384666.388,66.388,0.62,183.85,0.61,40.53,0.64,10.0,0.68,11.0,0.37,8.82,0.36,28.0,0.38,35.5,0.39,25.5,0.02,0.01,2345.509857,1776384664000
1776384666.797,66.797,0.64,70.0,0.63,89.96,0.68,1.25,0.69,5.0,0.36,10.0,0.32,11.0,0.38,183.85,0.39,40.53,0.04,0.02,2345.417026,1776384665000
1776384667.146,67.146,0.68,7.37,0.67,5.0,0.69,5.0,0.7,5.0,0.32,1.25,0.31,5.0,0.36,70.0,0.37,89.96,0.01,0.04,2345.417026,1776384665000
1776384668.297,68.297,0.68,26.37,0.64,25.0,0.69,154.0,0.7,5.0,0.31,5.0,0.3,5.0,0.32,7.37,0.33,5.0,0.01,0.01,2345.387121,1776384666000
1776384668.514,68.514,0.64,25.0,0.63,20.0,0.66,133.48,0.68,70.0,0.31,154.0,0.3,75.0,0.36,25.0,0.37,17.0,0.02,0.05,2345.387121,1776384666000
1776384668.932,68.932,0.65,24.2,0.64,25.0,0.66,33.84,0.68,15.0,0.34,133.48,0.32,70.0,0.36,25.0,0.37,20.0,0.01,0.02,2345.501743,1776384667000
1776384669.412,69.412,0.65,100.5,0.64,40.5,0.68,5.0,0.69,5.0,0.34,25.84,0.32,15.0,0.35,29.2,0.36,25.0,0.03,0.01,2345.51215,1776384668000
1776384669.931,69.931,0.62,0.46,0.61,10.0,0.66,131.0,0.67,70.0,0.32,5.0,0.31,5.0,0.35,100.5,0.36,40.5,0.04,0.03,2345.51215,1776384668000
1776384670.246,70.246,0.61,1.0,0.6,5.0,0.63,5.0,0.65,10.5,0.39,5.0,0.34,175.0,0.41,52.81,0.42,125.0,0.02,0.02,2345.51215,1776384668000
1776384671.022,71.022,0.62,20.0,0.61,57.5,0.63,0.23,0.64,10.5,0.37,5.0,0.35,10.5,0.39,1.0,0.4,5.0,0.01,0.02,2345.353203,1776384669000
1776384671.411,71.411,0.63,15.0,0.62,15.0,0.64,10.5,0.65,10.5,0.37,0.23,0.36,10.5,0.38,20.0,0.39,57.5,0.01,0.01,2345.353203,1776384669000
1776384673.294,73.294,0.61,35.0,0.6,5.0,0.64,78.5,0.65,80.5,0.36,10.5,0.35,10.5,0.37,15.0,0.38,15.0,0.03,0.01,2345.2375,1776384671000
1776384673.806,73.806,0.61,10.0,0.59,20.0,0.62,17.5,0.63,90.5,0.36,78.5,0.35,80.5,0.39,35.0,0.4,5.0,0.01,0.03,2345.2375,1776384671000
1776384674.092,74.092,0.61,10.0,0.59,20.0,0.62,16.14,0.63,90.5,0.38,17.5,0.37,90.5,0.39,10.0,0.41,20.0,0.01,0.01,2345.159762,1776384672000
1776384674.389,74.389,0.61,15.0,0.59,30.5,0.62,15.91,0.63,95.5,0.38,16.14,0.37,90.5,0.39,10.0,0.41,20.0,0.01,0.01,2345.159762,1776384672000
1776384681.092,81.092,0.58,5.0,0.56,55.0,0.59,70.5,0.6,35.5,0.38,15.91,0.37,95.5,0.39,15.0,0.41,30.5,0.01,0.01,2344.804559,1776384679000
1776384681.411,81.411,0.58,1.09,0.56,60.0,0.59,70.5,0.6,30.5,0.41,70.5,0.4,35.5,0.42,5.0,0.44,55.0,0.01,0.01,2344.804559,1776384679000
1776384682.172,82.172,0.56,42.4,0.55,145.0,0.59,228.5,0.6,55.5,0.41,70.5,0.4,30.5,0.42,1.09,0.44,60.0,0.03,0.01,2344.799813,1776384680000
1776384682.766,82.766,0.48,9.53,0.47,23.5,0.5,5.0,0.51,17.0,0.44,54.86,0.43,130.35,0.51,50.0,0.52,60.0,0.02,0.07,2344.792286,1776384681000
1776384683.957,83.957,0.47,16.0,0.46,20.5,0.48,38.0,0.49,30.5,0.5,5.0,0.49,17.0,0.52,9.53,0.53,23.5,0.01,0.02,2344.786358,1776384682000
1776384684.253,84.253,0.46,16.64,0.45,20.5,0.47,5.0,0.48,20.0,0.52,38.0,0.51,30.5,0.53,16.0,0.54,20.5,0.01,0.01,2344.786358,1776384682000
1776384684.755,84.755,0.45,35.5,0.44,55.0,0.47,2.87,0.48,30.0,0.53,5.0,0.52,30.0,0.55,30.5,0.56,55.0,0.02,0.02,2344.46419,1776384683000
1776384687.855,87.855,0.42,106.06,0.41,180.0,0.44,102.0,0.45,5.0,0.53,2.87,0.52,30.0,0.55,35.5,0.56,55.0,0.02,0.02,2344.111955,1776384686000
1776384688.288,88.288,0.43,0.5,0.42,96.06,0.44,107.0,0.45,15.5,0.56,102.0,0.55,5.0,0.58,106.06,0.59,180.0,0.01,0.02,2344.111955,1776384686000
1776384688.587,88.587,0.43,0.5,0.42,96.06,0.44,47.16,0.45,25.5,0.56,102.44,0.55,15.5,0.57,0.5,0.58,96.06,0.01,0.01,2344.115463,1776384687000
1776384689.018,89.018,0.41,175.0,0.4,195.0,0.44,122.86,0.45,30.5,0.56,47.16,0.55,25.5,0.57,0.5,0.58,96.06,0.03,0.01,2344.115463,1776384687000
1776384689.371,89.371,0.4,60.0,0.39,115.0,0.41,8.06,0.42,103.5,0.56,122.86,0.55,30.5,0.59,175.0,0.6,195.0,0.01,0.03,2344.040955,1776384688000
1776384689.697,89.697,0.39,115.0,0.38,165.5,0.4,8.0,0.41,15.62,0.59,10.62,0.58,103.5,0.6,60.0,0.61,115.0,0.01,0.01,2344.040955,1776384688000
1776384689.964,89.964,0.39,24.0,0.38,130.5,0.4,10.0,0.41,20.62,0.6,8.0,0.59,15.62,0.61,115.0,0.62,165.5,0.01,0.01,2344.040955,1776384688000
1776384690.2,90.2,0.38,130.5,0.37,178.5,0.4,10.0,0.41,20.62,0.6,10.0,0.59,20.62,0.61,18.42,0.62,130.5,0.02,0.01,2344.040955,1776384688000
1776384690.498,90.498,0.38,121.13,0.37,248.5,0.4,7.5,0.41,7.56,0.6,7.5,0.59,7.56,0.61,13.86,0.62,135.5,0.02,0.01,2343.999358,1776384689000
1776384690.747,90.747,0.39,85.5,0.38,116.13,0.42,25.88,0.43,15.5,0.6,2.37,0.59,7.56,0.61,10.5,0.62,121.13,0.03,0.01,2343.999358,1776384689000
1776384691.096,91.096,0.39,5.0,0.37,8.0,0.4,2.97,0.41,222.7,0.58,25.88,0.57,15.5,0.61,85.5,0.62,116.13,0.01,0.03,2343.999358,1776384689000
1776384692.109,92.109,0.35,10.0,0.34,125.0,0.37,24.2,0.38,157.5,0.58,17.8,0.57,95.5,0.63,8.0,0.64,115.5,0.02,0.05,2343.875451,1776384690000
1776384692.448,92.448,0.32,3.15,0.31,68.5,0.35,35.0,0.36,10.0,0.63,24.2,0.62,157.5,0.65,10.0,0.66,125.0,0.03,0.02,2343.822942,1776384691000
1776384692.777,92.777,0.3,75.0,0.29,75.0,0.32,10.5,0.33,68.53,0.66,15.5,0.65,111.5,0.68,13.86,0.69,13.0,0.02,0.02,2343.822942,1776384691000
1776384693.115,93.115,0.29,75.0,0.28,80.0,0.31,22.48,0.32,30.5,0.68,10.5,0.67,68.53,0.7,75.0,0.71,75.0,0.02,0.02,2343.822942,1776384691000
1776384693.521,93.521,0.29,75.0,0.28,80.0,0.32,30.37,0.33,62.53,0.69,22.48,0.68,30.5,0.71,75.0,0.72,80.0,0.03,0.02,2343.688905,1776384692000
1776384693.733,93.733,0.28,24.6,0.27,115.5,0.32,58.5,0.33,27.53,0.68,48.0,0.67,22.53,0.72,24.6,0.73,115.5,0.04,0.04,2343.688905,1776384692000
1776384694.074,94.074,0.29,33.0,0.28,39.6,0.3,1.66,0.31,40.5,0.68,58.5,0.67,27.53,0.72,24.6,0.73,115.5,0.01,0.04,2343.688905,1776384692000
1776384694.5,94.5,0.27,105.0,0.26,175.0,0.3,163.16,0.31,45.5,0.7,1.66,0.69,40.5,0.71,33.0,0.72,39.6,0.03,0.01,2343.299632,1776384693000
1776384694.996,94.996,0.27,47.8,0.26,285.5,0.28,43.0,0.29,10.0,0.7,163.16,0.69,45.5,0.73,105.0,0.74,175.0,0.01,0.03,2343.299632,1776384693000
1776384695.214,95.214,0.27,47.8,0.26,285.5,0.28,39.42,0.29,25.65,0.72,43.0,0.71,10.0,0.73,47.8,0.74,285.5,0.01,0.01,2343.13864,1776384694000
1776384696.226,96.226,0.27,21.63,0.26,160.5,0.28,44.42,0.29,25.65,0.72,39.42,0.71,25.65,0.73,47.8,0.74,285.5,0.01,0.01,2343.01782,1776384695000
1776384698.309,98.309,0.28,18.0,0.27,31.5,0.29,22.62,0.3,5.0,0.72,44.2,0.71,25.65,0.73,10.0,0.74,160.5,0.01,0.01,2343.03448,1776384696000
1776384698.61,98.61,0.3,80.0,0.29,30.5,0.32,15.5,0.33,15.0,0.69,10.0,0.68,5.0,0.72,23.0,0.73,31.5,0.02,0.03,2343.03448,1776384696000
1776384699.095,99.095,0.3,19.0,0.29,15.0,0.31,104.5,0.32,25.5,0.68,15.5,0.67,15.0,0.7,80.0,0.71,30.5,0.01,0.02,2342.9154,1776384697000
1776384699.441,99.441,0.3,19.0,0.29,10.0,0.31,106.27,0.32,89.13,0.69,104.5,0.68,25.5,0.7,19.0,0.71,15.0,0.01,0.01,2342.913927,1776384698000
1776384701.542,101.542,0.29,25.0,0.28,22.5,0.3,5.0,0.31,12.27,0.69,106.27,0.68,89.13,0.72,3.94,0.74,184.0,0.01,0.03,2343.008915,1776384700000
1776384702.903,102.903,0.31,7.0,0.3,62.0,0.32,102.13,0.33,21.0,0.7,5.0,0.69,12.27,0.71,25.0,0.72,22.5,0.01,0.01,2343.06019,1776384701000
1776384703.403,103.403,0.31,31.0,0.3,86.0,0.32,4.5,0.33,15.5,0.68,102.13,0.67,21.0,0.69,7.0,0.7,62.0,0.01,0.01,2343.086485,1776384702000
1776384704.003,104.003,0.3,85.0,0.29,85.5,0.31,10.0,0.32,25.5,0.67,11.72,0.66,31.5,0.69,31.0,0.7,86.0,0.01,0.02,2343.086485,1776384702000
1776384704.77,104.77,0.3,128.07,0.29,85.5,0.32,20.0,0.33,27.72,0.69,6.77,0.68,20.0,0.7,93.57,0.71,85.5,0.02,0.01,2343.133431,1776384703000
1776384705.182,105.182,0.3,24.14,0.29,15.5,0.31,60.0,0.32,30.5,0.68,20.0,0.67,27.72,0.7,128.07,0.71,85.5,0.01,0.02,2343.133431,1776384703000
1776384705.496,105.496,0.3,13.0,0.26,150.0,0.31,192.9,0.32,25.5,0.69,65.0,0.68,30.5,0.7,22.71,0.71,15.5,0.01,0.01,2343.24513,1776384704000
1776384706.11,106.11,0.26,100.0,0.25,80.5,0.27,6.29,0.28,57.5,0.69,192.9,0.68,25.5,0.74,150.0,0.75,70.0,0.01,0.05,2343.24513,1776384704000
1776384708.98,108.98,0.27,62.5,0.26,78.5,0.28,0.81,0.3,5.0,0.73,6.29,0.72,57.5,0.74,100.0,0.75,80.5,0.01,0.01,2342.99337,1776384707000
1776384709.38,109.38,0.29,20.5,0.28,20.5,0.3,93.92,0.31,5.0,0.7,41.0,0.69,5.0,0.71,15.45,0.72,20.5,0.01,0.01,2343.00762,1776384708000
1776384709.86,109.86,0.31,15.0,0.3,22.5,0.32,64.0,0.33,7.22,0.7,93.92,0.68,5.0,0.71,14.09,0.72,20.5,0.01,0.01,2343.00762,1776384708000
1776384710.137,110.137,0.31,16.05,0.3,22.5,0.33,7.22,0.34,35.5,0.68,56.96,0.67,7.22,0.69,15.0,0.7,22.5,0.02,0.01,2343.047822,1776384709000
1776384710.447,110.447,0.31,10.13,0.3,27.5,0.32,6.6,0.33,75.35,0.68,6.6,0.67,7.22,0.69,14.45,0.7,22.5,0.01,0.01,2343.047822,1776384709000
1776384711.755,111.755,0.31,28.28,0.3,101.5,0.33,68.13,0.34,30.5,0.68,6.6,0.67,85.85,0.69,1.28,0.7,27.5,0.02,0.01,2343.219039,1776384710000
1776384712.518,112.518,0.32,26.02,0.31,81.28,0.33,92.89,0.34,30.5,0.67,42.13,0.66,30.5,0.69,135.28,0.7,101.5,0.01,0.02,2343.246981,1776384711000
1776384712.79,112.79,0.32,62.25,0.31,76.28,0.33,62.89,0.34,20.0,0.67,92.89,0.66,30.5,0.68,24.25,0.69,81.28,0.01,0.01,2343.246981,1776384711000
1776384713.175,113.175,0.33,75.5,0.32,163.62,0.34,10.0,0.35,45.0,0.66,20.0,0.65,45.0,0.68,99.63,0.69,76.28,0.01,0.02,2343.246981,1776384711000
1776384713.379,113.379,0.34,14.73,0.33,31.5,0.36,55.0,0.37,60.5,0.64,55.0,0.63,60.5,0.66,16.4,0.67,31.5,0.02,0.02,2343.262915,1776384712000
1776384713.706,113.706,0.35,3.26,0.34,14.73,0.36,68.0,0.37,60.5,0.64,55.0,0.63,60.5,0.65,10.37,0.66,21.73,0.01,0.01,2343.262915,1776384712000
1776384714.957,114.957,0.34,87.5,0.33,27.5,0.35,90.12,0.36,55.0,0.64,68.0,0.63,60.5,0.66,13.06,0.67,26.5,0.01,0.02,2343.333925,1776384713000
1776384715.523,115.523,0.35,25.9,0.34,73.5,0.36,30.0,0.37,60.0,0.64,65.0,0.63,60.0,0.66,97.5,0.67,27.5,0.01,0.02,2343.360464,1776384714000
1776384716.399,116.399,0.35,21.2,0.34,44.5,0.36,48.02,0.37,70.5,0.64,30.0,0.63,60.0,0.65,25.9,0.66,73.5,0.01,0.01,2343.518652,1776384715000
1776384716.898,116.898,0.35,29.0,0.34,26.5,0.36,38.02,0.37,70.5,0.64,48.02,0.63,70.5,0.65,21.2,0.66,44.5,0.01,0.01,2343.518652,1776384715000
1776384717.689,117.689,0.35,27.46,0.34,26.5,0.36,25.02,0.37,144.04,0.64,38.02,0.63,70.5,0.65,29.0,0.66,26.5,0.01,0.01,2343.610753,1776384716000
1776384718.318,118.318,0.35,21.76,0.34,26.5,0.36,25.02,0.37,154.54,0.64,25.02,0.63,144.04,0.65,27.46,0.66,26.5,0.01,0.01,2343.610753,1776384716000
1776384718.901,118.901,0.35,13.34,0.34,26.5,0.36,25.02,0.37,65.0,0.64,25.02,0.63,154.54,0.65,21.76,0.66,26.5,0.01,0.01,2343.682488,1776384717000
1776384719.124,119.124,0.35,9.28,0.34,26.5,0.36,25.02,0.37,65.0,0.64,25.02,0.63,65.0,0.65,13.34,0.66,26.5,0.01,0.01,2343.682488,1776384718000
1776384720.035,120.035,0.36,45.87,0.35,92.27,0.38,55.5,0.39,120.0,0.64,11.13,0.63,65.0,0.65,9.28,0.66,26.5,0.02,0.01,2343.682488,1776384718000
1776384720.473,120.473,0.36,136.81,0.35,9.28,0.38,53.56,0.39,120.0,0.62,50.5,0.61,120.0,0.63,23.5,0.64,183.86,0.02,0.01,2343.661757,1776384719000
1776384720.888,120.888,0.37,0.43,0.36,202.78,0.38,53.56,0.39,125.0,0.62,53.56,0.61,125.0,0.63,8.37,0.64,164.81,0.01,0.01,2343.661757,1776384719000
1776384721.995,121.995,0.32,70.0,0.31,110.5,0.35,16.5,0.36,20.5,0.62,53.56,0.61,125.0,0.63,0.43,0.64,202.78,0.03,0.01,2343.663055,1776384720000
1776384722.513,122.513,0.32,2.72,0.31,100.0,0.33,5.0,0.34,10.5,0.65,16.5,0.64,20.5,0.68,70.0,0.69,110.5,0.01,0.03,2343.663055,1776384720000
1776384723.063,123.063,0.32,1.24,0.31,70.0,0.33,5.0,0.34,10.5,0.67,5.0,0.66,10.5,0.68,2.72,0.69,100.0,0.01,0.01,2343.78576,1776384721000
1776384724.279,124.279,0.31,69.87,0.3,110.5,0.33,16.0,0.34,16.5,0.67,5.0,0.66,10.5,0.68,1.24,0.69,70.0,0.02,0.01,2343.775469,1776384722000
1776384725.272,125.272,0.32,65.0,0.31,64.87,0.33,44.34,0.34,27.5,0.67,16.0,0.66,16.5,0.69,69.87,0.7,110.5,0.01,0.02,2343.597009,1776384723000
1776384725.981,125.981,0.32,55.0,0.31,64.87,0.33,34.61,0.34,27.5,0.67,44.34,0.66,27.5,0.68,65.0,0.69,64.87,0.01,0.01,2343.53934,1776384724000
1776384726.612,126.612,0.33,7.01,0.32,55.0,0.34,87.5,0.35,27.5,0.67,34.61,0.66,27.5,0.68,55.0,0.69,64.87,0.01,0.01,2343.53934,1776384724000
1776384728.845,128.845,0.32,9.7,0.31,64.87,0.33,40.5,0.34,43.5,0.66,87.5,0.65,27.5,0.67,7.01,0.68,55.0,0.01,0.01,2343.470293,1776384727000
1776384729.128,129.128,0.32,12.63,0.31,64.87,0.33,45.5,0.34,38.5,0.67,40.5,0.66,43.5,0.68,9.7,0.69,64.87,0.01,0.01,2343.470293,1776384727000
1776384730.214,130.214,0.31,63.42,0.3,110.5,0.33,58.5,0.34,38.5,0.67,45.5,0.66,38.5,0.68,12.63,0.69,64.87,0.02,0.01,2343.488301,1776384729000
1776384732.874,132.874,0.37,86.5,0.36,103.5,0.39,120.0,0.4,60.0,0.67,58.5,0.66,38.5,0.69,63.42,0.7,110.5,0.02,0.02,2343.499265,1776384731000
1776384734.2,134.2,0.39,23.09,0.38,76.5,0.41,32.0,0.42,180.0,0.61,120.0,0.6,60.0,0.63,86.5,0.64,103.5,0.02,0.02,2343.485928,1776384732000
1776384734.722,134.722,0.4,7.46,0.39,13.0,0.41,32.0,0.42,180.0,0.59,32.0,0.58,180.0,0.61,23.09,0.62,76.5,0.01,0.02,2343.76698,1776384733000
1776384735.203,135.203,0.4,23.41,0.39,28.5,0.41,32.0,0.42,180.0,0.59,32.0,0.58,180.0,0.6,20.37,0.61,13.0,0.01,0.01,2343.76698,1776384733000
1776384735.544,135.544,0.4,76.41,0.39,33.5,0.42,135.0,0.43,35.0,0.59,32.0,0.58,180.0,0.6,18.41,0.61,28.5,0.02,0.01,2343.76698,1776384733000
1776384738.067,138.067,0.37,25.0,0.36,25.0,0.41,15.56,0.42,161.5,0.58,135.0,0.57,35.0,0.6,76.41,0.61,33.5,0.04,0.02,2344.029779,1776384736000
1776384741.591,141.591,0.35,59.96,0.34,170.0,0.36,59.93,0.37,37.5,0.59,15.56,0.58,161.5,0.63,25.0,0.64,25.0,0.01,0.04,2343.87614,1776384740000
1776384741.901,141.901,0.35,57.32,0.34,100.0,0.42,130.0,0.43,45.0,0.64,59.93,0.63,37.5,0.65,59.96,0.66,170.0,0.07,0.01,2343.87614,1776384740000
1776384742.148,142.148,0.42,400.0,0.41,50.0,0.52,100.0,0.54,100.0,0.5,105.0,0.49,25.0,0.59,50.0,0.65,525.0,0.1,0.09,2343.872095,1776384741000
1776384742.387,142.387,0.46,10.0,0.44,13.8,0.56,1.38,0.57,35.0,0.48,100.0,0.46,100.0,0.58,400.0,0.59,50.0,0.1,0.1,2343.872095,1776384741000
1776384742.66,142.66,0.69,25.0,0.67,12.0,0.71,67.24,0.74,30.0,0.31,40.0,0.26,30.0,0.34,11.94,0.37,77.93,0.02,0.03,2343.872095,1776384741000
1776384742.863,142.863,0.7,43.2,0.69,39.0,0.71,40.43,0.74,30.0,0.29,43.25,0.26,30.0,0.3,24.0,0.31,39.0,0.01,0.01,2343.872095,1776384741000
1776384743.212,143.212,0.71,15.0,0.7,19.2,0.76,59.0,0.77,130.0,0.29,30.43,0.26,30.0,0.3,58.2,0.31,39.0,0.05,0.01,2343.872095,1776384741000
1776384743.491,143.491,0.73,13.0,0.72,23.0,0.74,2.0,0.76,50.0,0.25,5.0,0.24,50.0,0.29,10.0,0.3,30.0,0.01,0.04,2343.872095,1776384741000
1776384744.156,144.156,0.73,13.0,0.72,23.0,0.74,0.64,0.76,50.0,0.26,2.0,0.24,50.0,0.27,8.0,0.28,23.0,0.01,0.01,2343.933824,1776384742000
1776384744.593,144.593,0.74,5.0,0.73,5.0,0.75,9.22,0.76,35.5,0.23,249.79,0.22,245.0,0.27,13.0,0.28,23.0,0.01,0.04,2345.425913,1776384743000
1776384745.058,145.058,0.73,15.0,0.72,20.0,0.74,11.64,0.76,10.5,0.25,7.88,0.24,10.5,0.26,1.15,0.27,10.0,0.01,0.01,2345.787162,1776384744000
1776384745.264,145.264,0.73,10.0,0.72,30.5,0.74,22.14,0.75,10.5,0.26,11.64,0.24,10.5,0.27,11.29,0.28,20.0,0.01,0.01,2345.787162,1776384744000
1776384745.609,145.609,0.72,36.92,0.71,39.5,0.73,104.22,0.74,20.5,0.27,131.22,0.26,10.5,0.28,36.92,0.29,39.5,0.01,0.01,2345.787162,1776384744000
1776384746.05,146.05,0.72,29.76,0.71,39.5,0.73,104.22,0.74,10.0,0.27,104.22,0.26,20.5,0.28,33.34,0.29,39.5,0.01,0.01,2345.787162,1776384744000
1776384746.403,146.403,0.72,6.68,0.71,39.5,0.73,149.22,0.74,35.0,0.27,104.22,0.26,10.0,0.28,29.76,0.29,39.5,0.01,0.01,2345.804765,1776384745000
1776384746.698,146.698,0.72,6.68,0.71,15.0,0.73,111.22,0.74,35.0,0.27,149.22,0.26,35.0,0.28,6.68,0.29,39.5,0.01,0.01,2345.804765,1776384745000
1776384746.943,146.943,0.71,15.0,0.7,49.0,0.72,116.23,0.74,69.0,0.26,15.69,0.25,10.5,0.28,6.68,0.29,15.0,0.01,0.02,2345.804765,1776384745000
1776384747.539,147.539,0.71,15.0,0.7,49.0,0.72,132.11,0.74,10.0,0.28,116.23,0.26,69.0,0.29,15.0,0.3,49.0,0.01,0.01,2345.827075,1776384746000
1776384748.017,148.017,0.71,28.6,0.7,59.5,0.72,119.11,0.73,10.5,0.28,132.72,0.26,10.0,0.29,16.55,0.3,49.0,0.01,0.01,2345.890554,1776384747000
1776384748.963,148.963,0.71,41.35,0.7,29.5,0.72,124.11,0.73,10.5,0.28,119.11,0.27,10.5,0.29,28.6,0.3,59.5,0.01,0.01,2345.890554,1776384747000
1776384749.236,149.236,0.71,16.0,0.7,29.5,0.72,124.11,0.73,10.5,0.28,124.11,0.27,10.5,0.29,41.35,0.3,29.5,0.01,0.01,2345.890554,1776384747000
1776384749.624,149.624,0.7,29.5,0.69,21.0,0.72,107.48,0.75,20.5,0.28,124.11,0.27,10.5,0.29,16.0,0.3,29.5,0.02,0.01,2345.83795,1776384748000
1776384749.836,149.836,0.7,29.5,0.69,21.0,0.75,20.5,0.76,10.5,0.28,105.85,0.25,20.5,0.3,29.5,0.31,21.0,0.05,0.02,2345.83795,1776384748000
1776384750.334,150.334,0.7,51.0,0.69,21.0,0.71,8.45,0.73,20.5,0.25,20.5,0.24,10.5,0.3,29.5,0.31,21.0,0.01,0.05,2345.83795,1776384748000
1776384753.123,153.123,0.7,82.42,0.69,15.0,0.73,20.5,0.74,19.5,0.29,8.45,0.27,20.5,0.3,51.0,0.31,21.0,0.03,0.01,2345.880103,1776384751000
1776384753.91,153.91,0.71,17.0,0.7,70.42,0.72,10.5,0.73,20.5,0.27,20.5,0.26,19.5,0.3,82.42,0.31,15.0,0.01,0.03,2345.900578,1776384752000
1776384754.313,154.313,0.71,17.0,0.7,70.42,0.72,0.64,0.73,20.5,0.28,10.5,0.27,20.5,0.29,17.0,0.3,70.42,0.01,0.01,2345.900578,1776384752000
1776384755.107,155.107,0.71,9.0,0.7,61.42,0.72,22.5,0.73,30.5,0.28,0.64,0.27,20.5,0.29,17.0,0.3,70.42,0.01,0.01,2345.87773,1776384753000
1776384755.452,155.452,0.7,23.08,0.68,130.0,0.71,27.0,0.72,3.5,0.28,3.5,0.27,30.5,0.3,61.42,0.32,130.0,0.01,0.02,2345.87773,1776384753000
1776384756.387,156.387,0.68,60.0,0.67,10.0,0.71,109.0,0.72,95.0,0.29,27.0,0.28,3.5,0.3,23.08,0.32,130.0,0.03,0.01,2345.875044,1776384755000
1776384756.905,156.905,0.66,80.0,0.65,30.0,0.67,33.14,0.68,23.5,0.31,88.12,0.3,26.91,0.34,75.0,0.35,30.0,0.01,0.03,2345.875044,1776384755000
1776384757.22,157.22,0.66,80.0,0.65,30.0,0.67,22.69,0.68,23.5,0.33,33.14,0.32,23.5,0.34,80.0,0.35,30.0,0.01,0.01,2345.875044,1776384755000
1776384758.001,158.001,0.65,5.0,0.63,140.0,0.67,56.69,0.68,30.5,0.33,22.69,0.32,23.5,0.34,80.0,0.35,30.0,0.02,0.01,2345.769827,1776384756000
1776384758.837,158.837,0.63,70.0,0.62,125.0,0.66,108.13,0.67,22.0,0.33,56.69,0.32,30.5,0.35,5.0,0.37,140.0,0.03,0.02,2345.758281,1776384757000
1776384761.039,161.039,0.62,230.5,0.61,60.5,0.68,14.0,0.69,16.0,0.34,84.13,0.33,22.0,0.37,70.0,0.38,125.0,0.06,0.03,2345.362336,1776384759000
1776384761.24,161.24,0.62,230.5,0.61,60.5,0.68,0.76,0.69,16.0,0.32,0.76,0.31,16.0,0.38,230.5,0.39,60.5,0.06,0.06,2345.316999,1776384760000
1776384761.808,161.808,0.62,78.34,0.61,60.5,0.67,25.5,0.69,24.0,0.32,0.76,0.31,16.0,0.38,230.5,0.39,60.5,0.05,0.06,2345.316999,1776384760000
1776384762.199,162.199,0.62,89.34,0.61,60.5,0.64,24.0,0.69,24.0,0.33,25.5,0.31,24.0,0.38,89.34,0.39,60.5,0.02,0.05,2345.2067,1776384761000
1776384762.642,162.642,0.62,101.34,0.61,60.5,0.69,39.0,0.7,44.91,0.36,24.0,0.31,24.0,0.38,89.34,0.39,60.5,0.07,0.02,2345.2067,1776384761000
1776384763.555,163.555,0.63,50.02,0.62,101.34,0.64,16.0,0.67,22.5,0.31,39.0,0.3,44.91,0.38,101.34,0.39,60.5,0.01,0.07,2345.33994,1776384762000
1776384764.036,164.036,0.63,43.02,0.62,104.0,0.64,72.6,0.66,5.0,0.36,16.0,0.34,8.15,0.37,45.2,0.38,101.34,0.01,0.01,2345.33994,1776384762000
1776384765.362,165.362,0.63,43.02,0.62,104.0,0.64,29.5,0.65,15.5,0.36,45.5,0.34,5.0,0.37,43.02,0.38,104.0,0.01,0.01,2345.355496,1776384764000
1776384768.341,168.341,0.63,70.02,0.62,98.0,0.65,5.0,0.66,20.5,0.36,29.5,0.35,15.5,0.37,43.02,0.38,104.0,0.02,0.01,2345.327543,1776384767000
1776384770.984,170.984,0.63,56.07,0.62,122.0,0.65,55.5,0.66,25.5,0.35,5.0,0.34,20.5,0.37,70.02,0.38,98.0,0.02,0.02,2345.324515,1776384769000
1776384772.265,172.265,0.62,35.0,0.61,15.0,0.65,45.5,0.66,85.0,0.35,55.5,0.34,25.5,0.37,56.07,0.38,122.0,0.03,0.02,2345.2897,1776384771000
1776384772.671,172.671,0.62,15.0,0.61,15.0,0.65,43.59,0.66,85.0,0.35,45.5,0.34,85.0,0.38,35.0,0.39,15.0,0.03,0.03,2345.2897,1776384771000
1776384774.346,174.346,0.62,8.35,0.61,65.0,0.65,28.09,0.66,85.0,0.35,43.59,0.34,85.0,0.38,15.0,0.39,15.0,0.03,0.03,2345.210456,1776384772000
1776384775.213,175.213,0.62,8.35,0.61,65.0,0.63,1.5,0.64,10.5,0.35,28.09,0.34,85.0,0.38,8.35,0.39,65.0,0.01,0.03,2345.069965,1776384773000
1776384775.688,175.688,0.62,45.47,0.61,65.0,0.63,7.85,0.64,20.5,0.36,10.5,0.35,10.0,0.38,8.35,0.39,65.0,0.01,0.02,2345.101441,1776384774000
1776384776.603,176.603,0.61,14.3,0.6,125.0,0.63,25.5,0.64,15.0,0.36,19.46,0.35,10.0,0.38,45.47,0.39,65.0,0.02,0.02,2345.101441,1776384774000
1776384777.74,177.74,0.61,11.72,0.6,164.96,0.62,14.29,0.63,15.0,0.37,25.5,0.36,15.0,0.39,14.3,0.4,125.0,0.01,0.02,2345.047352,1776384775000
1776384778.265,178.265,0.61,11.72,0.6,125.0,0.62,18.48,0.63,15.0,0.38,14.29,0.37,15.0,0.39,11.72,0.4,164.96,0.01,0.01,2345.047352,1776384775000
1776384778.499,178.499,0.6,125.0,0.59,65.0,0.62,18.48,0.63,10.0,0.38,18.48,0.37,15.0,0.39,11.72,0.4,125.0,0.02,0.01,2345.047352,1776384775000
1776384778.997,178.997,0.6,75.0,0.59,65.0,0.62,15.44,0.63,34.0,0.38,18.48,0.37,10.0,0.4,125.0,0.41,65.0,0.02,0.02,2345.032115,1776384777000
1776384779.263,179.263,0.6,70.0,0.59,65.0,0.61,3.21,0.62,60.0,0.38,15.44,0.37,34.0,0.4,75.0,0.41,65.0,0.01,0.02,2345.032115,1776384777000
1776384779.629,179.629,0.6,70.0,0.59,65.0,0.61,0.62,0.62,35.0,0.39,3.21,0.38,60.0,0.4,70.0,0.41,65.0,0.01,0.01,2345.032115,1776384777000
1776384781.053,181.053,0.6,10.0,0.59,65.0,0.61,101.91,0.62,25.0,0.39,0.62,0.38,35.0,0.4,70.0,0.41,65.0,0.01,0.01,2344.865295,1776384779000
1776384781.262,181.262,0.59,40.0,0.58,145.0,0.61,224.0,0.62,35.0,0.39,216.91,0.38,25.0,0.41,65.0,0.42,145.0,0.02,0.02,2344.819469,1776384780000
1776384781.463,181.463,0.48,70.0,0.47,30.0,0.5,5.0,0.55,70.0,0.39,319.0,0.38,20.0,0.52,70.0,0.53,30.0,0.02,0.13,2344.819469,1776384780000
1776384781.995,181.995,0.48,70.0,0.47,5.0,0.5,7.82,0.52,5.0,0.5,5.0,0.45,70.0,0.52,70.0,0.53,30.0,0.02,0.02,2344.819469,1776384780000
1776384782.491,182.491,0.48,15.0,0.46,195.0,0.49,35.0,0.5,17.82,0.5,7.82,0.48,5.0,0.52,70.0,0.53,5.0,0.01,0.02,2344.819469,1776384780000
1776384783.727,183.727,0.43,64.55,0.42,38.0,0.44,15.0,0.45,10.0,0.51,40.0,0.5,17.82,0.54,185.16,0.57,120.0,0.01,0.03,2344.581498,1776384782000
1776384784.287,184.287,0.42,28.0,0.41,91.0,0.43,5.0,0.44,5.0,0.56,9.36,0.55,10.0,0.57,64.55,0.58,38.0,0.01,0.01,2344.581498,1776384782000
1776384784.979,184.979,0.41,68.67,0.4,5.0,0.43,5.0,0.46,50.0,0.57,5.0,0.56,5.0,0.59,77.0,0.6,5.0,0.02,0.02,2344.310524,1776384783000
1776384785.219,185.219,0.41,38.49,0.4,5.0,0.43,33.0,0.46,50.0,0.57,5.0,0.54,50.0,0.59,46.68,0.6,5.0,0.02,0.02,2344.310524,1776384784000
1776384785.501,185.501,0.41,35.28,0.4,5.0,0.43,35.31,0.46,50.0,0.57,35.31,0.54,50.0,0.59,38.49,0.6,5.0,0.02,0.02,2344.310524,1776384784000
1776384786.002,186.002,0.41,7.17,0.4,5.0,0.43,35.31,0.46,50.0,0.57,35.31,0.54,50.0,0.59,17.17,0.6,5.0,0.02,0.02,2344.310524,1776384784000
1776384786.533,186.533,0.41,7.17,0.4,5.0,0.43,18.42,0.44,5.0,0.57,35.31,0.54,50.0,0.59,7.17,0.6,5.0,0.02,0.02,2343.954992,1776384785000
1776384788.396,188.396,0.41,7.17,0.4,5.0,0.43,13.21,0.44,5.0,0.57,18.42,0.56,5.0,0.59,7.17,0.6,5.0,0.02,0.02,2343.837431,1776384787000
1776384789.121,189.121,0.38,27.0,0.37,70.0,0.43,36.21,0.44,5.0,0.57,13.21,0.56,5.0,0.59,2.17,0.6,5.0,0.05,0.02,2343.837431,1776384787000
1776384789.918,189.918,0.38,13.06,0.37,70.0,0.43,64.21,0.44,52.2,0.57,47.21,0.56,5.0,0.62,27.0,0.63,70.0,0.05,0.05,2343.837923,1776384788000
1776384790.967,190.967,0.38,0.09,0.37,70.0,0.43,3.0,0.44,5.0,0.57,64.21,0.56,52.2,0.62,0.09,0.63,70.0,0.05,0.05,2343.822299,1776384789000
1776384791.232,191.232,0.37,70.0,0.34,115.0,0.43,49.0,0.44,5.0,0.57,3.0,0.56,5.0,0.62,0.09,0.63,70.0,0.06,0.05,2343.821154,1776384790000
1776384792.151,192.151,0.37,68.64,0.34,115.0,0.41,51.0,0.43,3.0,0.57,49.0,0.56,5.0,0.63,70.0,0.66,115.0,0.04,0.06,2343.821154,1776384790000
1776384792.453,192.453,0.37,64.67,0.34,65.0,0.41,51.0,0.43,3.0,0.59,51.0,0.57,3.0,0.63,68.64,0.66,115.0,0.04,0.04,2343.819763,1776384791000
1776384795.97,195.97,0.35,9.96,0.33,25.0,0.4,12.0,0.41,35.5,0.59,51.0,0.58,5.0,0.66,65.0,0.67,8.0,0.05,0.07,2343.801584,1776384794000
1776384796.563,196.563,0.33,1.84,0.32,43.0,0.35,15.0,0.36,15.0,0.6,12.0,0.59,35.5,0.65,9.96,0.67,25.0,0.02,0.05,2343.808357,1776384795000
1776384797.158,197.158,0.33,1.84,0.32,43.0,0.35,10.0,0.36,5.0,0.65,15.0,0.64,15.0,0.67,1.84,0.68,43.0,0.02,0.02,2343.808357,1776384795000
1776384798.711,198.711,0.29,185.0,0.28,120.5,0.32,20.5,0.33,40.53,0.65,10.0,0.64,5.0,0.67,1.84,0.68,43.0,0.03,0.02,2343.810629,1776384797000
1776384799.95,199.95,0.29,10.5,0.28,20.5,0.3,5.0,0.31,38.46,0.68,20.5,0.67,40.53,0.71,185.0,0.72,120.5,0.01,0.03,2343.721232,1776384799000
1776384800.169,200.169,0.3,32.5,0.29,10.5,0.31,3.46,0.35,10.0,0.69,38.46,0.65,10.0,0.71,10.5,0.72,20.5,0.01,0.02,2343.721232,1776384799000
1776384800.948,200.948,0.31,10.06,0.3,34.5,0.32,15.0,0.34,10.5,0.69,3.46,0.65,10.0,0.7,0.17,0.71,10.5,0.01,0.01,2343.548861,1776384800000
1776384801.157,201.157,0.31,23.96,0.3,34.5,0.32,22.0,0.34,10.5,0.68,15.0,0.66,10.5,0.69,10.06,0.7,34.5,0.01,0.01,2343.548861,1776384800000
1776384801.585,201.585,0.3,26.63,0.29,20.5,0.32,29.0,0.33,123.47,0.68,22.0,0.66,10.5,0.69,23.96,0.7,34.5,0.02,0.01,2343.548861,1776384800000
1776384802.314,202.314,0.3,45.31,0.29,20.5,0.31,5.0,0.32,17.0,0.68,29.0,0.67,123.47,0.7,26.63,0.71,20.5,0.01,0.02,2343.533849,1776384801000
1776384802.779,202.779,0.32,5.35,0.31,89.5,0.34,5.0,0.35,10.0,0.65,40.0,0.64,35.0,0.7,43.88,0.71,20.5,0.02,0.05,2343.533849,1776384801000
1776384804.142,204.142,0.34,85.67,0.33,10.5,0.35,38.0,0.36,35.0,0.65,10.0,0.64,35.0,0.66,18.71,0.68,5.35,0.01,0.01,2343.560425,1776384803000
1776384804.77,204.77,0.34,68.71,0.33,10.5,0.35,38.0,0.36,55.5,0.65,38.0,0.64,35.0,0.66,85.67,0.67,10.5,0.01,0.01,2343.560425,1776384803000
1776384805.11,205.11,0.34,13.71,0.32,25.0,0.35,101.5,0.36,75.5,0.65,38.0,0.64,55.5,0.66,68.71,0.67,10.5,0.01,0.01,2343.725194,1776384804000
1776384805.566,205.566,0.31,40.0,0.3,10.5,0.33,76.0,0.34,87.65,0.65,101.5,0.64,75.5,0.68,25.0,0.69,90.0,0.02,0.03,2343.725194,1776384804000
1776384806.512,206.512,0.31,90.0,0.3,10.5,0.32,38.5,0.33,21.0,0.67,76.0,0.66,87.65,0.69,40.0,0.7,10.5,0.01,0.02,2343.763999,1776384805000
1776384806.92,206.92,0.29,60.0,0.28,50.5,0.32,76.0,0.33,21.5,0.68,38.5,0.67,21.0,0.69,90.0,0.7,10.5,0.03,0.01,2343.763999,1776384805000
1776384807.14,207.14,0.29,60.0,0.28,50.5,0.31,9.38,0.32,30.5,0.68,69.0,0.67,21.5,0.71,60.0,0.72,50.5,0.02,0.03,2343.73027,1776384806000
1776384810.903,210.903,0.23,125.0,0.22,75.0,0.26,95.5,0.27,59.5,0.69,9.38,0.68,30.5,0.71,60.0,0.72,50.5,0.03,0.02,2343.595872,1776384809000
1776384811.156,211.156,0.23,125.0,0.22,75.0,0.26,44.84,0.27,59.5,0.74,95.5,0.73,59.5,0.77,125.0,0.78,75.0,0.03,0.03,2343.595872,1776384809000
1776384814.408,214.408,0.19,14.32,0.18,20.0,0.2,22.0,0.21,5.0,0.74,44.84,0.73,59.5,0.77,125.0,0.78,75.0,0.01,0.03,2343.305497,1776384812000
1776384814.636,214.636,0.19,9.01,0.18,10.0,0.2,22.0,0.21,5.0,0.8,22.0,0.79,5.0,0.81,14.32,0.82,20.0,0.01,0.01,2343.198943,1776384813000
1776384815.257,215.257,0.18,20.5,0.16,210.0,0.19,6.34,0.22,16.0,0.78,16.0,0.77,33.5,0.81,1.66,0.82,20.5,0.01,0.03,2343.198943,1776384814000
1776384815.708,215.708,0.18,23.5,0.16,180.0,0.19,4.34,0.2,5.0,0.81,6.34,0.78,16.0,0.82,20.5,0.84,210.0,0.01,0.01,2343.198943,1776384814000
1776384816.053,216.053,0.19,23.5,0.18,10.5,0.21,9.9,0.22,15.0,0.81,4.34,0.8,5.0,0.82,23.5,0.84,180.0,0.02,0.01,2343.198943,1776384814000
1776384817.253,217.253,0.18,18.19,0.17,5.0,0.21,9.9,0.22,25.5,0.79,9.9,0.78,15.0,0.81,23.5,0.82,10.5,0.03,0.02,2343.186335,1776384816000
1776384818.115,218.115,0.19,2.3,0.18,15.88,0.21,9.9,0.22,15.0,0.79,9.9,0.78,15.0,0.82,15.88,0.83,5.0,0.02,0.03,2343.186335,1776384816000
1776384819.105,219.105,0.19,9.26,0.18,5.88,0.21,9.9,0.22,15.0,0.79,9.9,0.78,15.0,0.81,2.3,0.82,15.88,0.02,0.02,2343.186066,1776384817000
1776384821.536,221.536,0.2,149.35,0.18,10.0,0.21,34.09,0.22,25.5,0.79,9.9,0.78,15.0,0.81,9.26,0.82,5.88,0.01,0.02,2343.225326,1776384820000
1776384823.111,223.111,0.2,159.35,0.17,29.0,0.22,15.0,0.23,20.5,0.79,34.09,0.78,25.5,0.8,149.35,0.82,10.0,0.02,0.01,2343.23626,1776384821000
1776384824.009,224.009,0.2,157.97,0.18,10.0,0.21,24.81,0.22,15.0,0.78,15.0,0.77,20.5,0.8,159.35,0.83,29.0,0.01,0.02,2343.234673,1776384822000
1776384824.958,224.958,0.2,156.72,0.18,10.0,0.21,41.14,0.22,25.5,0.79,24.81,0.78,15.0,0.8,157.97,0.82,10.0,0.01,0.01,2343.221652,1776384823000
1776384825.57,225.57,0.2,130.72,0.18,10.0,0.21,41.14,0.22,25.5,0.79,41.14,0.78,25.5,0.8,156.72,0.82,10.0,0.01,0.01,2343.221652,1776384823000
1776384825.949,225.949,0.2,122.72,0.18,10.0,0.21,41.14,0.22,25.5,0.79,41.14,0.78,25.5,0.8,130.72,0.82,10.0,0.01,0.01,2343.221652,1776384823000
1776384826.289,226.289,0.2,84.72,0.18,10.0,0.21,56.14,0.22,25.5,0.79,41.14,0.78,25.5,0.8,122.72,0.82,10.0,0.01,0.01,2343.228041,1776384825000
1776384826.999,226.999,0.2,79.24,0.18,10.0,0.21,139.35,0.22,25.5,0.79,56.14,0.78,25.5,0.8,84.72,0.82,10.0,0.01,0.01,2343.228041,1776384825000
1776384828.261,228.261,0.18,10.0,0.16,124.0,0.21,139.35,0.22,25.5,0.79,139.35,0.78,25.5,0.8,44.24,0.82,10.0,0.03,0.01,2343.213701,1776384827000
1776384829.75,229.75,0.16,13.35,0.15,15.5,0.17,20.83,0.18,116.18,0.79,139.35,0.78,25.5,0.82,10.0,0.84,124.0,0.01,0.03,2343.211518,1776384828000
1776384831.182,231.182,0.15,21.38,0.14,14.6,0.16,10.0,0.17,10.0,0.82,106.18,0.81,5.0,0.84,23.35,0.85,15.5,0.01,0.02,2343.207278,1776384830000
1776384831.519,231.519,0.15,13.82,0.14,25.1,0.17,84.99,0.18,22.0,0.84,10.0,0.83,10.0,0.85,21.38,0.86,14.6,0.02,0.01,2343.207278,1776384830000
1776384831.965,231.965,0.15,13.82,0.14,25.1,0.17,79.99,0.18,22.0,0.83,84.99,0.82,22.0,0.85,13.82,0.86,25.1,0.02,0.02,2343.207278,1776384830000
1776384834.162,234.162,0.13,59.6,0.12,125.09,0.15,3.33,0.16,40.5,0.83,79.99,0.82,22.0,0.86,5.47,0.87,172.0,0.02,0.03,2343.213215,1776384833000
1776384834.405,234.405,0.13,50.0,0.12,134.69,0.15,10.27,0.16,40.5,0.85,3.33,0.84,40.5,0.87,59.6,0.88,125.09,0.02,0.02,2343.213215,1776384833000
1776384836.448,236.448,0.12,60.09,0.11,37.6,0.13,12.3,0.14,48.57,0.85,10.27,0.84,40.5,0.87,50.0,0.88,134.69,0.01,0.02,2343.182722,1776384835000
1776384836.76,236.76,0.12,4.4,0.11,37.6,0.13,9.04,0.14,58.57,0.87,12.3,0.86,48.57,0.88,4.4,0.89,37.6,0.01,0.01,2343.182722,1776384835000
1776384837.397,237.397,0.12,1.55,0.11,37.6,0.13,5.0,0.14,58.57,0.87,9.04,0.86,58.57,0.88,4.4,0.89,37.6,0.01,0.01,2343.173926,1776384836000
1776384837.783,237.783,0.11,31.32,0.1,40.0,0.13,5.0,0.14,58.57,0.87,5.0,0.86,58.57,0.88,1.55,0.89,37.6,0.02,0.01,2343.173926,1776384836000
1776384838.115,238.115,0.1,5.1,0.09,139.0,0.12,20.0,0.13,5.0,0.88,12.0,0.87,15.0,0.9,42.7,0.91,111.0,0.02,0.02,2343.173926,1776384836000
1776384838.922,238.922,0.09,88.0,0.08,21.6,0.11,68.63,0.12,30.5,0.88,20.0,0.87,5.0,0.9,5.1,0.91,139.0,0.02,0.02,2343.174668,1776384837000
1776384839.325,239.325,0.09,93.0,0.08,18.0,0.11,46.03,0.12,30.5,0.89,68.63,0.88,30.5,0.91,88.0,0.92,21.6,0.02,0.02,2343.174668,1776384837000
1776384840.533,240.533,0.09,90.8,0.08,53.0,0.1,10.0,0.11,26.0,0.89,46.03,0.88,30.5,0.91,93.0,0.92,18.0,0.01,0.02,2343.162801,1776384839000
1776384841.026,241.026,0.09,79.73,0.08,59.6,0.1,5.0,0.11,16.0,0.9,10.0,0.89,26.0,0.91,90.8,0.92,53.0,0.01,0.01,2343.162801,1776384839000
1776384842.762,242.762,0.08,2.84,0.07,89.6,0.1,15.0,0.11,30.0,0.9,5.0,0.89,16.0,0.91,79.73,0.92,59.6,0.02,0.01,2343.095507,1776384841000
1776384843.041,243.041,0.07,37.75,0.06,118.0,0.09,35.0,0.1,15.0,0.9,15.0,0.89,30.0,0.92,2.84,0.93,89.6,0.02,0.02,2343.095507,1776384841000
1776384843.712,243.712,0.06,84.15,0.05,125.6,0.08,10.0,0.09,20.0,0.91,35.0,0.9,15.0,0.93,37.75,0.94,118.0,0.02,0.02,2343.098287,1776384842000
1776384846.252,246.252,0.06,33.08,0.05,316.6,0.08,15.0,0.09,20.0,0.92,5.0,0.91,20.0,0.94,79.15,0.95,227.6,0.02,0.02,2342.938739,1776384845000
1776384847.276,247.276,0.06,33.08,0.05,298.6,0.09,31.0,0.1,25.0,0.92,15.0,0.91,20.0,0.94,33.08,0.95,316.6,0.03,0.02,2342.929129,1776384846000
1776384850.217,250.217,0.08,110.0,0.07,75.0,0.13,70.43,0.14,27.0,0.91,31.0,0.9,25.0,0.94,33.08,0.95,298.6,0.05,0.03,2342.916395,1776384849000
1776384851.494,251.494,0.08,67.76,0.07,60.0,0.12,20.4,0.13,60.43,0.87,70.43,0.86,27.0,0.92,107.93,0.93,75.0,0.04,0.05,2342.99075,1776384850000
1776384855.186,255.186,0.12,4.45,0.11,118.6,0.13,50.43,0.14,20.0,0.88,20.4,0.87,60.43,0.92,67.76,0.93,60.0,0.01,0.04,2343.17775,1776384853000
1776384856.047,256.047,0.12,32.0,0.11,107.6,0.18,25.0,0.19,10.0,0.87,50.43,0.86,20.0,0.88,4.45,0.89,118.6,0.06,0.01,2343.178059,1776384854000
1776384856.598,256.598,0.16,6.19,0.15,35.0,0.2,71.0,0.22,43.0,0.82,25.0,0.81,10.0,0.88,32.0,0.89,107.6,0.04,0.06,2343.196924,1776384855000
1776384856.804,256.804,0.17,18.12,0.15,34.58,0.2,70.9,0.22,43.0,0.8,70.9,0.78,43.0,0.83,24.0,0.85,34.58,0.03,0.03,2343.196924,1776384855000
1776384857.477,257.477,0.15,31.14,0.14,40.6,0.19,38.67,0.2,80.9,0.8,70.9,0.78,43.0,0.83,18.12,0.85,34.58,0.04,0.03,2343.447154,1776384856000
1776384861.624,261.624,0.07,66.2,0.06,8.08,0.09,5.0,0.1,35.0,0.81,38.67,0.8,80.9,0.85,13.54,0.86,40.6,0.02,0.04,2343.486662,1776384858000
1776384862.389,262.389,0.06,60.08,0.05,184.6,0.12,12.16,0.15,25.0,0.91,5.0,0.9,35.0,0.93,66.2,0.94,8.08,0.06,0.02,2343.486662,1776384858000
1776384863.317,263.317,0.06,57.95,0.05,184.6,0.1,10.0,0.11,10.0,0.88,12.16,0.85,25.0,0.94,60.08,0.95,184.6,0.04,0.06,2343.486662,1776384858000
1776384865.408,265.408,0.06,52.63,0.05,184.6,0.09,21.78,0.1,20.0,0.9,10.0,0.89,10.0,0.94,57.95,0.95,184.6,0.03,0.04,2343.486662,1776384858000
1776384866.239,266.239,0.06,49.97,0.05,184.6,0.09,21.78,0.1,25.0,0.91,21.78,0.9,20.0,0.94,52.63,0.95,184.6,0.03,0.03,2343.486662,1776384858000
1776384866.624,266.624,0.05,207.36,0.04,109.6,0.09,43.0,0.1,25.0,0.91,21.78,0.9,25.0,0.94,49.97,0.95,184.6,0.04,0.03,2343.486662,1776384858000
1776384867.558,267.558,0.05,227.36,0.04,109.6,0.1,47.0,0.12,1.16,0.91,43.0,0.9,25.0,0.95,207.36,0.96,109.6,0.05,0.04,2343.486662,1776384858000
1776384867.968,267.968,0.05,226.3,0.04,109.6,0.1,47.0,0.11,5.0,0.9,47.0,0.88,1.16,0.95,227.36,0.96,109.6,0.05,0.05,2343.156514,1776384866000
1776384868.439,268.439,0.05,205.14,0.04,100.0,0.09,5.0,0.1,47.0,0.9,47.0,0.89,5.0,0.95,226.3,0.96,109.6,0.04,0.05,2343.156514,1776384866000
1776384869.107,269.107,0.05,195.38,0.04,109.6,0.09,41.96,0.1,47.0,0.91,41.96,0.9,47.0,0.95,198.83,0.96,109.6,0.04,0.04,2343.153929,1776384867000
1776384870.969,270.969,0.05,135.17,0.04,186.6,0.06,15.0,0.09,41.96,0.91,41.96,0.9,47.0,0.95,195.38,0.96,109.6,0.01,0.04,2343.1859,1776384869000
1776384872.689,272.689,0.05,107.98,0.04,186.6,0.06,15.0,0.07,10.0,0.94,15.0,0.91,41.96,0.95,135.17,0.96,186.6,0.01,0.01,2343.179608,1776384871000
1776384873.868,273.868,0.05,7.98,0.04,109.6,0.06,31.07,0.07,15.0,0.94,15.0,0.93,10.0,0.95,107.98,0.96,186.6,0.01,0.01,2343.169964,1776384872000
1776384875.239,275.239,0.05,7.98,0.04,100.0,0.06,20.35,0.07,15.0,0.94,31.07,0.93,15.0,0.95,7.98,0.96,109.6,0.01,0.01,2343.168361,1776384873000
1776384875.518,275.518,0.04,91.0,0.03,388.0,0.06,15.35,0.07,15.0,0.94,20.35,0.93,15.0,0.96,100.0,0.97,388.0,0.02,0.02,2343.122945,1776384874000
1776384875.72,275.72,0.04,86.0,0.03,388.0,0.06,15.35,0.07,15.0,0.94,15.35,0.93,15.0,0.96,91.0,0.97,388.0,0.02,0.02,2343.122945,1776384874000
1776384876.168,276.168,0.04,83.0,0.03,388.0,0.06,15.35,0.07,38.0,0.94,15.35,0.93,15.0,0.96,86.0,0.97,388.0,0.02,0.02,2343.122945,1776384874000
1776384876.418,276.418,0.04,77.79,0.03,388.0,0.05,15.0,0.06,10.35,0.94,15.35,0.93,38.0,0.96,83.0,0.97,388.0,0.01,0.02,2343.122945,1776384874000
1776384876.658,276.658,0.04,75.7,0.03,388.0,0.05,10.0,0.06,10.35,0.95,15.0,0.94,10.35,0.96,77.79,0.97,388.0,0.01,0.01,2343.142816,1776384875000
1776384878.269,278.269,0.03,181.45,0.02,492.43,0.05,35.55,0.06,10.35,0.95,10.0,0.94,10.35,0.96,75.7,0.97,388.0,0.02,0.01,2343.161203,1776384877000
1776384878.675,278.675,0.03,174.68,0.02,492.43,0.05,35.55,0.06,10.35,0.95,35.55,0.94,10.35,0.97,176.4,0.98,492.43,0.02,0.02,2343.161203,1776384877000
1776384879.077,279.077,0.03,159.37,0.02,492.43,0.04,5.2,0.05,35.55,0.95,35.55,0.94,10.35,0.97,174.68,0.98,492.43,0.01,0.02,2343.169432,1776384878000
1776384879.617,279.617,0.03,154.37,0.02,492.43,0.04,5.2,0.05,40.55,0.96,5.2,0.95,35.55,0.97,159.37,0.98,492.43,0.01,0.01,2343.169432,1776384878000
1776384880.137,280.137,0.04,27.8,0.03,480.97,0.06,5.35,0.1,53.0,0.96,5.2,0.95,40.55,0.97,127.97,0.98,492.43,0.02,0.01,2343.170323,1776384879000
1776384880.604,280.604,0.07,9.95,0.06,17.0,0.12,11.0,0.13,61.63,0.9,18.75,0.88,1.16,0.96,104.65,0.97,261.97,0.05,0.06,2343.170323,1776384879000
1776384881.556,281.556,0.07,68.81,0.06,50.0,0.13,52.63,0.14,28.0,0.88,21.9,0.87,52.63,0.95,98.0,0.96,87.65,0.06,0.07,2343.163751,1776384880000
1776384881.857,281.857,0.07,64.85,0.06,59.6,0.13,52.63,0.14,28.0,0.87,52.63,0.86,28.0,0.93,67.37,0.94,50.0,0.06,0.06,2343.163751,1776384880000
1776384882.852,282.852,0.08,18.85,0.07,44.0,0.13,52.63,0.14,15.0,0.87,52.63,0.86,28.0,0.93,64.85,0.94,59.6,0.05,0.06,2343.262023,1776384881000
1776384883.48,283.48,0.08,13.0,0.07,15.0,0.13,37.24,0.14,15.0,0.87,52.63,0.86,15.0,0.92,18.85,0.93,44.0,0.05,0.05,2343.564226,1776384882000
1776384884.44,284.44,0.12,8.75,0.11,50.0,0.13,147.88,0.14,15.0,0.87,37.24,0.86,15.0,0.92,13.0,0.93,15.0,0.01,0.05,2343.685259,1776384883000
1776384886.042,286.042,0.07,77.81,0.06,75.0,0.12,69.5,0.13,12.0,0.87,139.99,0.86,15.0,0.88,18.86,0.89,50.0,0.05,0.01,2343.698828,1776384884000
1776384886.607,286.607,0.11,58.32,0.1,33.6,0.12,55.22,0.13,12.0,0.88,69.5,0.87,12.0,0.93,75.6,0.94,75.0,0.01,0.05,2343.715516,1776384885000
1776384886.825,286.825,0.11,48.32,0.1,9.6,0.13,12.0,0.14,15.0,0.88,9.49,0.87,12.0,0.89,58.32,0.9,33.6,0.02,0.01,2343.715516,1776384885000
1776384887.28,287.28,0.11,36.3,0.1,9.6,0.13,12.0,0.14,15.0,0.87,12.0,0.86,15.0,0.89,37.54,0.9,33.6,0.02,0.02,2343.715516,1776384885000
1776384887.527,287.527,0.12,56.0,0.11,46.3,0.15,10.86,0.18,5.0,0.87,12.0,0.86,15.0,0.89,36.3,0.9,9.6,0.03,0.02,2343.79778,1776384886000
1776384887.903,287.903,0.16,25.75,0.15,9.6,0.2,66.9,0.22,70.05,0.8,66.9,0.78,70.05,0.84,60.72,0.85,9.6,0.04,0.04,2343.79778,1776384886000
1776384888.119,288.119,0.16,52.44,0.15,9.6,0.2,11.9,0.22,70.05,0.8,11.9,0.78,70.05,0.84,57.44,0.85,9.6,0.04,0.04,2343.806766,1776384887000
1776384888.372,288.372,0.16,51.13,0.15,9.6,0.2,1.9,0.22,70.05,0.8,11.9,0.78,70.05,0.84,52.44,0.85,9.6,0.04,0.04,2343.806766,1776384887000
1776384888.851,288.851,0.16,24.34,0.15,9.6,0.2,1.9,0.22,10.05,0.8,1.9,0.78,70.05,0.84,51.13,0.85,9.6,0.04,0.04,2343.806766,1776384887000
1776384889.307,289.307,0.16,83.07,0.13,15.0,0.2,1.9,0.22,10.05,0.8,1.9,0.78,10.05,0.84,24.34,0.85,9.6,0.04,0.04,2343.806766,1776384887000
1776384890.075,290.075,0.13,13.98,0.12,30.0,0.19,5.0,0.22,9.77,0.78,9.77,0.77,10.0,0.87,9.65,0.88,30.0,0.06,0.09,2343.886504,1776384888000
1776384890.467,290.467,0.13,42.26,0.12,30.0,0.17,10.0,0.19,5.0,0.81,5.0,0.78,9.77,0.87,13.98,0.88,30.0,0.04,0.06,2343.901125,1776384889000
1776384890.845,290.845,0.12,25.0,0.11,53.3,0.13,6.89,0.15,5.0,0.84,5.0,0.83,10.0,0.88,30.0,0.89,53.3,0.01,0.04,2343.901125,1776384889000
1776384891.245,291.245,0.1,48.93,0.07,36.6,0.13,6.89,0.14,5.0,0.87,6.89,0.85,5.0,0.88,25.0,0.89,53.3,0.03,0.01,2343.901125,1776384889000
1776384891.883,291.883,0.1,28.67,0.09,33.0,0.12,5.0,0.13,11.89,0.87,6.89,0.86,5.0,0.9,48.93,0.93,36.6,0.02,0.03,2343.972576,1776384890000
1776384892.81,292.81,0.05,25.0,0.03,127.97,0.08,9.0,0.1,30.0,0.88,5.0,0.87,11.89,0.9,28.67,0.91,33.0,0.03,0.02,2344.002041,1776384891000
1776384893.12,293.12,0.03,62.35,0.02,315.48,0.04,5.0,0.05,5.0,0.94,55.0,0.92,9.0,0.97,112.35,0.98,315.48,0.01,0.03,2343.989173,1776384892000
1776384893.377,293.377,0.03,59.25,0.02,315.48,0.04,5.0,0.05,5.0,0.96,5.0,0.95,5.0,0.97,62.35,0.98,315.48,0.01,0.01,2343.989173,1776384892000
1776384893.661,293.661,0.03,56.63,0.02,315.48,0.04,5.0,0.06,50.0,0.96,5.0,0.95,5.0,0.97,59.25,0.98,315.48,0.01,0.01,2343.989173,1776384892000
1776384894.634,294.634,0.02,250.6,0.01,1056.02,0.04,12.0,0.06,50.0,0.96,5.0,0.94,50.0,0.97,55.59,0.98,310.43,0.02,0.01,2343.893295,1776384893000
1776384895.272,295.272,0.02,168.74,0.01,1056.02,0.03,15.0,0.04,30.0,0.97,5.0,0.94,80.0,0.98,169.77,0.99,1056.02,0.01,0.01,2343.7833,1776384894000
1776384895.554,295.554,0.02,108.53,0.01,1056.02,0.03,11.35,0.04,30.0,0.97,12.74,0.96,30.0,0.98,108.53,0.99,1056.02,0.01,0.01,2343.7833,1776384894000
1776384896.118,296.118,0.01,1056.02,,,0.03,11.35,0.05,24.0,0.97,11.35,0.96,30.0,0.98,108.53,0.99,1056.02,0.02,0.01,2343.7833,1776384894000
1776384896.404,296.404,0.01,1237.26,,,0.05,63.01,0.06,143.0,0.95,63.01,0.94,120.0,0.99,1033.26,,,0.04,0.04,2343.751712,1776384895000
1776384896.613,296.613,0.01,66.12,,,0.05,41.68,0.06,143.0,0.96,83.34,0.95,75.01,0.99,66.12,,,0.04,0.03,2343.751712,1776384895000
1776384897.245,297.245,,,,,0.01,261.33,0.02,17.0,0.95,41.68,0.94,143.0,0.99,41.12,,,,0.04,2343.751712,1776384895000
1776384897.922,297.922,,,,,0.01,1089.99,0.02,17.0,0.99,261.33,0.98,17.0,,,,,,,2343.743919,1776384896000
1776384899.851,299.851,,,,,0.01,21936.19,0.02,35.0,0.99,1089.99,0.98,17.0,,,,,,,2343.528819,1776384898000
1776384900.612,300.612,,,,,0.01,42211.95,0.02,35.0,0.99,21936.19,0.98,35.0,,,,,,,2343.52612,1776384899000

# RESULT,winner=Down,slug=eth-updown-5m-1776384600,ticks=388
