timestamp,elapsed_sec,up_bid_p1,up_bid_s1,up_bid_p2,up_bid_s2,up_ask_p1,up_ask_s1,up_ask_p2,up_ask_s2,down_bid_p1,down_bid_s1,down_bid_p2,down_bid_s2,down_ask_p1,down_ask_s1,down_ask_p2,down_ask_s2,up_spread,down_spread,eth_price,eth_oracle_ts
1776246901.511,1.511,0.51,127.82,0.5,10.0,0.53,20.0,0.54,5.0,0.48,12.0,0.47,45.0,0.49,122.82,0.5,10.0,0.02,0.01,2324.874295,1776244517000
1776246901.89,1.89,0.51,127.82,0.5,10.0,0.52,12.0,0.53,45.0,0.48,12.0,0.47,45.0,0.49,122.82,0.5,10.0,0.01,0.01,2324.874295,1776244517000
1776246903.289,3.289,0.51,127.82,0.5,15.0,0.52,22.75,0.53,49.0,0.48,12.0,0.47,45.0,0.49,127.82,0.5,10.0,0.01,0.01,2324.874295,1776244517000
1776246904.518,4.518,0.51,135.82,0.5,15.0,0.52,68.59,0.53,104.0,0.48,22.75,0.47,49.0,0.49,127.82,0.5,15.0,0.01,0.01,2324.874295,1776244517000
1776246905.934,5.934,0.51,140.82,0.5,15.0,0.52,88.75,0.53,104.0,0.48,68.59,0.47,104.0,0.49,135.82,0.5,15.0,0.01,0.01,2324.874295,1776244517000
1776246909.176,9.176,0.51,0.82,0.5,15.0,0.52,99.75,0.53,104.0,0.48,88.75,0.47,104.0,0.49,140.82,0.5,15.0,0.01,0.01,2324.874295,1776244517000
1776246910.069,10.069,0.51,0.82,0.5,15.0,0.53,48.58,0.54,65.0,0.48,99.75,0.47,104.0,0.49,0.82,0.5,15.0,0.02,0.01,2324.874295,1776244517000
1776246911.089,11.089,0.51,0.82,0.5,60.0,0.52,76.88,0.53,70.58,0.47,48.58,0.46,65.0,0.49,0.82,0.5,15.0,0.01,0.02,2324.874295,1776244517000
1776246911.562,11.562,0.51,11.32,0.5,60.0,0.52,90.45,0.53,70.58,0.48,76.88,0.47,70.58,0.49,0.82,0.5,60.0,0.01,0.01,2324.874295,1776244517000
1776246912.894,12.894,0.5,65.0,0.49,85.6,0.51,42.54,0.52,88.47,0.48,95.45,0.47,70.58,0.49,9.27,0.5,60.0,0.01,0.01,2324.874295,1776244517000
1776246914.992,14.992,0.5,5.5,0.49,20.6,0.51,158.04,0.52,100.97,0.49,42.54,0.48,88.47,0.5,65.0,0.51,85.6,0.01,0.01,2324.874295,1776244517000
1776246916.531,16.531,0.47,60.5,0.46,135.0,0.49,157.0,0.5,122.0,0.49,163.04,0.48,100.97,0.52,53.25,0.53,55.0,0.02,0.03,2324.874295,1776244517000
1776246917.199,17.199,0.47,59.62,0.46,135.0,0.48,66.0,0.49,128.0,0.51,157.0,0.5,122.0,0.53,60.5,0.54,135.0,0.01,0.02,2324.874295,1776244517000
1776246917.494,17.494,0.47,54.62,0.46,135.0,0.48,61.0,0.49,128.0,0.52,66.0,0.51,128.0,0.53,59.62,0.54,135.0,0.01,0.01,2324.874295,1776244517000
1776246918.133,18.133,0.47,50.0,0.46,145.5,0.48,105.0,0.49,116.0,0.52,61.0,0.51,128.0,0.53,54.62,0.54,135.0,0.01,0.01,2324.874295,1776244517000
1776246918.663,18.663,0.46,135.5,0.45,140.0,0.48,100.0,0.49,116.0,0.52,105.0,0.51,116.0,0.53,50.0,0.54,145.5,0.02,0.01,2324.874295,1776244517000
1776246919.919,19.919,0.46,140.5,0.45,145.5,0.47,12.87,0.48,50.0,0.52,100.0,0.51,116.0,0.54,135.5,0.55,140.0,0.01,0.02,2324.874295,1776244517000
1776246922.917,22.917,0.46,130.0,0.45,145.5,0.47,12.87,0.48,100.0,0.53,12.87,0.52,50.0,0.54,140.5,0.55,145.5,0.01,0.01,2324.874295,1776244517000
1776246923.265,23.265,0.46,128.0,0.45,145.5,0.47,7.87,0.48,100.0,0.53,12.87,0.52,100.0,0.54,130.0,0.55,145.5,0.01,0.01,2324.874295,1776244517000
1776246925.847,25.847,0.45,120.0,0.44,140.5,0.47,20.0,0.48,116.5,0.52,50.0,0.51,126.5,0.54,133.0,0.55,145.5,0.02,0.02,2324.874295,1776244517000
1776246926.851,26.851,0.43,15.0,0.42,55.0,0.46,136.5,0.47,80.5,0.53,20.0,0.52,116.5,0.55,120.0,0.56,140.5,0.03,0.02,2324.874295,1776244517000
1776246929.142,29.142,0.44,73.5,0.43,128.5,0.45,16.0,0.46,20.0,0.56,25.5,0.55,41.5,0.57,6.23,0.58,55.0,0.01,0.01,2324.874295,1776244517000
1776246929.955,29.955,0.44,123.5,0.43,97.5,0.45,5.0,0.46,15.0,0.55,16.0,0.54,20.0,0.56,73.5,0.57,128.5,0.01,0.01,2324.874295,1776244517000
1776246931.122,31.122,0.48,16.0,0.47,15.0,0.49,19.5,0.5,85.5,0.55,5.0,0.54,15.0,0.56,123.5,0.57,97.5,0.01,0.01,2324.874295,1776244517000
1776246932.068,32.068,0.48,93.73,0.47,70.0,0.49,104.59,0.5,90.5,0.51,14.5,0.5,85.5,0.52,16.0,0.53,65.0,0.01,0.01,2324.874295,1776244517000
1776246932.329,32.329,0.48,84.11,0.47,65.0,0.49,104.59,0.5,90.5,0.51,104.59,0.5,90.5,0.52,93.73,0.53,70.0,0.01,0.01,2324.874295,1776244517000
1776246933.117,33.117,0.48,89.11,0.47,65.0,0.49,56.46,0.5,90.5,0.51,104.59,0.5,90.5,0.52,84.11,0.53,65.0,0.01,0.01,2324.874295,1776244517000
1776246933.947,33.947,0.48,89.11,0.47,65.0,0.49,50.34,0.5,90.5,0.51,56.46,0.5,90.5,0.52,89.11,0.53,65.0,0.01,0.01,2324.874295,1776244517000
1776246938.097,38.097,0.48,84.11,0.47,60.0,0.5,90.5,0.51,81.08,0.51,50.34,0.5,90.5,0.52,89.11,0.53,65.0,0.02,0.01,2324.874295,1776244517000
1776246938.606,38.606,0.48,72.3,0.47,50.0,0.49,20.5,0.5,90.5,0.5,90.5,0.49,81.08,0.52,84.11,0.53,60.0,0.01,0.02,2324.874295,1776244517000
1776246938.9,38.9,0.47,60.5,0.46,75.5,0.49,80.5,0.5,90.5,0.51,20.5,0.5,90.5,0.52,72.3,0.53,50.0,0.02,0.01,2324.874295,1776244517000
1776246939.461,39.461,0.47,104.42,0.46,75.5,0.48,15.0,0.49,65.0,0.51,80.5,0.5,90.5,0.53,60.5,0.54,75.5,0.01,0.02,2324.874295,1776244517000
1776246940.712,40.712,0.47,117.04,0.46,75.5,0.48,15.0,0.49,75.5,0.52,15.0,0.51,65.0,0.53,104.42,0.54,75.5,0.01,0.01,2324.874295,1776244517000
1776246942.189,42.189,0.49,116.5,0.48,152.91,0.5,4.9,0.51,20.08,0.52,15.0,0.51,75.5,0.53,117.04,0.54,75.5,0.01,0.01,2324.874295,1776244517000
1776246942.576,42.576,0.49,201.5,0.48,93.5,0.52,0.61,0.53,5.0,0.5,4.9,0.49,20.08,0.51,116.5,0.52,152.91,0.03,0.01,2324.874295,1776244517000
1776246945.198,45.198,0.51,82.95,0.5,80.5,0.52,15.61,0.53,80.5,0.48,0.61,0.47,5.0,0.51,201.5,0.52,93.5,0.01,0.03,2324.874295,1776244517000
1776246946.602,46.602,0.51,77.13,0.5,80.5,0.52,26.01,0.53,80.5,0.48,81.01,0.47,80.5,0.49,82.95,0.5,80.5,0.01,0.01,2324.874295,1776244517000
1776246948.857,48.857,0.49,70.0,0.48,70.5,0.52,108.01,0.53,80.5,0.48,26.01,0.47,80.5,0.49,77.13,0.5,80.5,0.03,0.01,2324.874295,1776244517000
1776246949.171,49.171,0.49,50.0,0.48,75.5,0.5,43.5,0.51,35.5,0.48,108.01,0.47,80.5,0.51,70.0,0.52,70.5,0.01,0.03,2324.874295,1776244517000
1776246953.847,53.847,0.48,20.0,0.47,56.04,0.5,134.5,0.51,91.5,0.5,43.5,0.49,35.5,0.51,50.0,0.52,75.5,0.02,0.01,2324.874295,1776244517000
1776246955.122,55.122,0.46,1.0,0.45,60.5,0.47,21.0,0.48,25.5,0.5,134.5,0.49,91.5,0.52,20.0,0.53,56.04,0.01,0.02,2324.874295,1776244517000
1776246957.649,57.649,0.43,16.28,0.42,50.0,0.45,100.5,0.46,95.5,0.53,21.0,0.52,25.5,0.55,60.5,0.56,75.28,0.02,0.02,2324.874295,1776244517000
1776246960.445,60.445,0.41,44.91,0.4,65.5,0.42,41.0,0.43,90.5,0.55,86.5,0.54,95.5,0.57,16.28,0.58,50.0,0.01,0.02,2324.874295,1776244517000
1776246962.448,62.448,0.4,55.0,0.39,148.41,0.41,20.37,0.42,91.5,0.58,41.0,0.57,90.5,0.59,12.91,0.6,85.5,0.01,0.01,2324.874295,1776244517000
1776246962.759,62.759,0.39,15.5,0.38,85.5,0.4,46.0,0.41,85.37,0.59,20.37,0.58,91.5,0.6,55.0,0.61,148.41,0.01,0.01,2324.874295,1776244517000
1776246963.019,63.019,0.38,79.32,0.37,55.0,0.4,77.0,0.41,85.37,0.6,46.0,0.59,85.37,0.61,15.5,0.62,85.5,0.02,0.01,2324.874295,1776244517000
1776246963.426,63.426,0.38,59.32,0.37,75.0,0.39,15.0,0.4,122.0,0.6,72.0,0.59,85.37,0.62,79.32,0.63,55.0,0.01,0.02,2324.874295,1776244517000
1776246965.687,65.687,0.38,59.32,0.37,90.0,0.39,8.15,0.4,122.0,0.61,17.43,0.6,122.0,0.62,59.32,0.63,80.0,0.01,0.01,2324.874295,1776244517000
1776246966.411,66.411,0.36,67.31,0.35,148.0,0.37,15.0,0.38,81.0,0.61,8.15,0.6,122.0,0.62,59.32,0.63,90.0,0.01,0.01,2324.874295,1776244517000
1776246967.094,67.094,0.36,52.75,0.35,218.0,0.37,76.24,0.38,81.5,0.63,0.64,0.62,81.0,0.64,61.75,0.65,168.0,0.01,0.01,2324.874295,1776244517000
1776246968.682,68.682,0.36,42.12,0.35,218.0,0.37,128.7,0.38,81.5,0.63,76.24,0.62,81.5,0.64,52.75,0.65,218.0,0.01,0.01,2324.874295,1776244517000
1776246968.953,68.953,0.36,40.37,0.35,218.0,0.37,133.7,0.38,81.5,0.63,128.7,0.62,81.5,0.64,42.12,0.65,218.0,0.01,0.01,2324.874295,1776244517000
1776246971.193,71.193,0.35,133.25,0.34,177.91,0.37,134.6,0.38,75.5,0.63,133.7,0.62,81.5,0.64,40.37,0.65,218.0,0.02,0.01,2324.874295,1776244517000
1776246973.507,73.507,0.34,5.0,0.33,55.0,0.35,85.5,0.36,96.5,0.63,134.6,0.62,75.5,0.65,133.25,0.66,177.91,0.01,0.02,2324.874295,1776244517000
1776246977.191,77.191,0.31,65.84,0.3,75.5,0.33,31.0,0.34,25.0,0.65,85.5,0.64,96.5,0.66,5.0,0.67,55.0,0.02,0.01,2324.874295,1776244517000
1776246977.473,77.473,0.31,24.9,0.3,75.5,0.32,15.0,0.33,21.0,0.67,31.0,0.66,25.0,0.69,7.84,0.7,75.5,0.01,0.02,2324.874295,1776244517000
1776246977.878,77.878,0.32,14.52,0.31,34.9,0.33,21.0,0.34,15.0,0.68,15.0,0.67,21.0,0.69,24.9,0.7,75.5,0.01,0.01,2324.874295,1776244517000
1776246979.497,79.497,0.32,46.3,0.31,55.0,0.33,62.96,0.34,80.5,0.67,17.96,0.66,15.0,0.68,19.52,0.69,34.9,0.01,0.01,2324.874295,1776244517000
1776246980.135,80.135,0.32,39.82,0.31,55.0,0.33,57.96,0.34,80.5,0.67,62.96,0.66,80.5,0.68,46.3,0.69,55.0,0.01,0.01,2324.874295,1776244517000
1776246980.693,80.693,0.32,25.11,0.31,55.0,0.33,107.96,0.34,80.5,0.67,57.96,0.66,80.5,0.68,39.82,0.69,55.0,0.01,0.01,2324.874295,1776244517000
1776246982.481,82.481,0.31,5.0,0.3,55.0,0.32,110.84,0.33,95.5,0.67,107.96,0.66,80.5,0.68,25.11,0.69,55.0,0.01,0.01,2324.874295,1776244517000
1776246984.099,84.099,0.31,5.0,0.3,120.0,0.32,143.71,0.33,90.5,0.68,110.84,0.67,95.5,0.69,5.0,0.7,55.0,0.01,0.01,2324.874295,1776244517000
1776246984.415,84.415,0.31,64.05,0.3,140.5,0.32,41.0,0.33,20.0,0.68,143.71,0.67,90.5,0.69,5.0,0.7,120.0,0.01,0.01,2324.874295,1776244517000
1776246991.238,91.238,0.32,85.11,0.31,74.55,0.33,36.0,0.34,80.5,0.68,41.0,0.67,20.0,0.69,64.05,0.7,140.5,0.01,0.01,2324.874295,1776244517000
1776246994.477,94.477,0.32,70.11,0.31,84.55,0.33,86.5,0.34,80.5,0.67,36.0,0.66,80.5,0.68,85.11,0.69,74.55,0.01,0.01,2324.874295,1776244517000
1776246997.953,97.953,0.32,175.61,0.31,105.05,0.35,11.0,0.38,50.0,0.67,86.5,0.66,80.5,0.68,70.11,0.69,84.55,0.03,0.01,2324.874295,1776244517000
1776246998.164,98.164,0.34,51.5,0.33,84.91,0.35,0.71,0.38,50.0,0.65,11.0,0.62,50.0,0.68,175.61,0.69,105.05,0.01,0.03,2324.874295,1776244517000
1776246999.739,99.739,0.41,81.0,0.4,21.0,0.42,57.5,0.43,56.0,0.65,0.71,0.62,50.0,0.66,51.5,0.67,84.91,0.01,0.01,2324.874295,1776244517000
1776247001.094,101.094,0.41,81.0,0.4,46.0,0.42,48.5,0.43,71.0,0.58,57.5,0.57,56.0,0.59,81.0,0.6,21.0,0.01,0.01,2324.874295,1776244517000
1776247001.949,101.949,0.41,131.0,0.4,167.0,0.43,70.61,0.44,55.0,0.58,48.5,0.57,71.0,0.59,81.0,0.6,46.0,0.02,0.01,2324.874295,1776244517000
1776247004.32,104.32,0.42,121.5,0.41,116.5,0.43,1.39,0.44,5.0,0.57,70.61,0.56,55.0,0.59,131.0,0.6,167.0,0.01,0.02,2324.874295,1776244517000
1776247004.898,104.898,0.45,51.0,0.44,35.0,0.46,59.87,0.47,55.0,0.57,1.39,0.56,5.0,0.58,121.5,0.59,116.5,0.01,0.01,2324.874295,1776244517000
1776247005.765,105.765,0.45,22.4,0.44,85.0,0.46,127.37,0.47,60.0,0.54,59.87,0.53,55.0,0.55,51.0,0.56,35.0,0.01,0.01,2324.874295,1776244517000
1776247007.625,107.625,0.45,102.4,0.44,85.0,0.47,24.56,0.48,60.5,0.54,127.37,0.53,60.0,0.55,22.4,0.56,85.0,0.02,0.01,2324.874295,1776244517000
1776247008.297,108.297,0.46,21.44,0.45,90.0,0.47,75.5,0.48,80.5,0.53,24.56,0.52,60.5,0.55,102.4,0.56,85.0,0.01,0.02,2324.874295,1776244517000
1776247008.803,108.803,0.46,19.58,0.45,90.0,0.47,75.5,0.48,80.5,0.53,75.5,0.52,80.5,0.54,21.44,0.55,90.0,0.01,0.01,2324.874295,1776244517000
1776247009.743,109.743,0.46,9.72,0.45,85.0,0.47,151.89,0.48,80.5,0.53,75.5,0.52,80.5,0.54,19.58,0.55,90.0,0.01,0.01,2324.874295,1776244517000
1776247011.597,111.597,0.45,150.5,0.44,170.5,0.48,55.0,0.49,70.5,0.53,151.89,0.52,80.5,0.54,9.72,0.55,85.0,0.03,0.01,2324.874295,1776244517000
1776247012.363,112.363,0.47,108.11,0.46,100.5,0.48,131.59,0.49,75.5,0.52,55.0,0.51,70.5,0.55,150.5,0.56,170.5,0.01,0.03,2324.874295,1776244517000
1776247012.741,112.741,0.47,41.78,0.46,90.0,0.48,24.09,0.49,75.5,0.52,8.59,0.51,75.5,0.53,100.56,0.54,100.5,0.01,0.01,2324.874295,1776244517000
1776247013.774,113.774,0.46,47.2,0.45,70.5,0.48,91.49,0.49,80.5,0.52,24.09,0.51,75.5,0.53,26.4,0.54,90.0,0.02,0.01,2324.874295,1776244517000
1776247014.001,114.001,0.46,77.2,0.45,75.5,0.47,62.87,0.48,96.49,0.52,91.49,0.51,80.5,0.54,47.2,0.55,70.5,0.01,0.02,2324.874295,1776244517000
1776247014.41,114.41,0.46,75.34,0.45,75.5,0.47,73.85,0.48,85.51,0.53,62.87,0.52,96.49,0.54,77.2,0.55,75.5,0.01,0.01,2324.874295,1776244517000
1776247014.871,114.871,0.46,80.34,0.45,75.5,0.48,43.57,0.49,75.5,0.53,73.85,0.52,85.51,0.54,75.34,0.55,75.5,0.02,0.01,2324.874295,1776244517000
1776247015.585,115.585,0.47,70.62,0.46,75.84,0.48,20.01,0.49,80.5,0.52,43.57,0.51,75.5,0.54,80.34,0.55,75.5,0.01,0.02,2324.874295,1776244517000
1776247015.923,115.923,0.47,61.87,0.46,75.84,0.48,15.01,0.49,80.5,0.52,20.01,0.51,80.5,0.53,70.62,0.54,75.84,0.01,0.01,2324.874295,1776244517000
1776247017.07,117.07,0.47,59.98,0.46,75.84,0.48,10.02,0.49,80.5,0.52,15.01,0.51,80.5,0.53,61.87,0.54,75.84,0.01,0.01,2324.874295,1776244517000
1776247024.189,124.189,0.46,35.0,0.45,100.5,0.47,80.5,0.48,85.52,0.52,10.02,0.51,80.5,0.53,59.98,0.54,75.84,0.01,0.01,2324.874295,1776244517000
1776247026.159,126.159,0.46,25.0,0.45,100.5,0.47,72.92,0.48,85.52,0.53,80.5,0.52,85.52,0.54,35.0,0.55,100.5,0.01,0.01,2324.874295,1776244517000
1776247027.846,127.846,0.47,110.5,0.46,100.5,0.48,0.02,0.49,25.5,0.53,72.92,0.52,85.52,0.54,25.0,0.55,100.5,0.01,0.01,2324.874295,1776244517000
1776247029.636,129.636,0.46,118.25,0.45,80.5,0.47,10.0,0.48,75.52,0.52,0.02,0.51,25.5,0.53,110.5,0.54,100.5,0.01,0.01,2324.874295,1776244517000
1776247032.866,132.866,0.46,50.0,0.45,100.5,0.47,82.92,0.48,80.52,0.53,10.0,0.52,75.52,0.54,118.25,0.55,80.5,0.01,0.01,2324.874295,1776244517000
1776247035.604,135.604,0.46,135.44,0.45,100.5,0.47,77.92,0.48,75.52,0.53,82.92,0.52,80.52,0.54,50.0,0.55,100.5,0.01,0.01,2324.874295,1776244517000
1776247037.121,137.121,0.41,82.0,0.4,99.0,0.42,34.5,0.43,30.5,0.53,77.92,0.52,75.52,0.54,135.44,0.55,100.5,0.01,0.01,2324.874295,1776244517000
1776247037.568,137.568,0.4,102.0,0.39,19.0,0.42,106.5,0.43,80.5,0.58,34.5,0.57,30.5,0.59,82.0,0.6,99.0,0.02,0.01,2324.874295,1776244517000
1776247039.178,139.178,0.4,174.7,0.39,104.5,0.41,111.0,0.42,101.5,0.58,106.5,0.57,80.5,0.6,102.0,0.61,19.0,0.01,0.02,2324.874295,1776244517000
1776247042.196,142.196,0.4,312.2,0.39,114.5,0.41,6.41,0.42,71.0,0.59,111.0,0.58,101.5,0.6,174.7,0.61,104.5,0.01,0.01,2324.874295,1776244517000
1776247045.89,145.89,0.4,95.7,0.39,94.5,0.41,73.97,0.42,81.5,0.59,6.41,0.58,71.0,0.6,312.2,0.61,114.5,0.01,0.01,2324.874295,1776244517000
1776247051.895,151.895,0.39,100.0,0.38,5.0,0.41,188.47,0.42,81.5,0.59,73.97,0.58,81.5,0.6,95.7,0.61,94.5,0.02,0.01,2324.874295,1776244517000
1776247054.694,154.694,0.39,80.0,0.38,45.5,0.4,156.96,0.41,112.47,0.59,188.47,0.58,81.5,0.61,100.0,0.62,5.0,0.01,0.02,2324.874295,1776244517000
1776247058.473,158.473,0.45,16.9,0.44,21.0,0.46,65.5,0.47,65.0,0.6,156.96,0.59,112.47,0.61,80.0,0.62,45.5,0.01,0.01,2324.874295,1776244517000
1776247064.417,164.417,0.47,15.0,0.46,35.0,0.48,59.27,0.49,55.0,0.54,65.5,0.53,65.0,0.55,16.9,0.56,21.0,0.01,0.01,2324.874295,1776244517000
1776247064.713,164.713,0.49,15.0,0.48,10.0,0.51,58.0,0.52,56.0,0.52,59.27,0.51,55.0,0.53,15.0,0.54,35.0,0.02,0.01,2324.874295,1776244517000
1776247064.921,164.921,0.5,10.0,0.49,30.0,0.51,38.39,0.52,56.0,0.49,58.0,0.48,56.0,0.51,15.0,0.52,10.0,0.01,0.02,2324.874295,1776244517000
1776247066.315,166.315,0.41,5.0,0.4,60.0,0.43,10.0,0.44,20.0,0.49,38.39,0.48,56.0,0.5,10.0,0.51,35.0,0.02,0.01,2324.874295,1776244517000
1776247068.704,168.704,0.4,87.09,0.39,84.5,0.42,19.9,0.43,25.5,0.57,10.0,0.56,20.0,0.59,5.0,0.6,60.0,0.02,0.02,2324.874295,1776244517000
1776247073.808,173.808,0.46,99.44,0.45,85.5,0.47,15.5,0.48,29.9,0.58,19.9,0.57,25.5,0.6,87.09,0.61,84.5,0.01,0.02,2324.874295,1776244517000
1776247079.63,179.63,0.5,290.5,0.49,115.5,0.52,8.05,0.53,25.5,0.53,15.5,0.52,29.9,0.54,99.44,0.55,85.5,0.02,0.01,2324.874295,1776244517000
1776247080.156,180.156,0.51,224.0,0.5,115.5,0.53,23.33,0.54,70.0,0.48,8.05,0.47,25.5,0.5,290.5,0.51,115.5,0.02,0.02,2324.874295,1776244517000
1776247081.038,181.038,0.53,173.0,0.52,113.5,0.54,13.37,0.55,65.0,0.47,23.33,0.46,70.0,0.49,224.0,0.5,115.5,0.01,0.02,2324.874295,1776244517000
1776247081.732,181.732,0.54,145.5,0.53,107.02,0.56,10.0,0.57,65.0,0.46,20.5,0.45,65.0,0.47,166.52,0.48,113.5,0.02,0.01,2324.874295,1776244517000
1776247082.116,182.116,0.56,86.5,0.55,80.5,0.58,70.0,0.59,75.5,0.43,37.5,0.42,65.0,0.46,145.5,0.47,107.02,0.02,0.03,2324.874295,1776244517000
1776247083.149,183.149,0.57,140.25,0.56,112.09,0.58,15.09,0.59,30.5,0.42,70.0,0.41,75.5,0.44,86.5,0.45,80.5,0.01,0.02,2324.874295,1776244517000
1776247083.75,183.75,0.57,179.75,0.56,112.09,0.59,30.5,0.6,70.0,0.42,15.09,0.41,30.5,0.43,140.25,0.44,112.09,0.02,0.01,2324.874295,1776244517000
1776247084.189,184.189,0.57,176.75,0.56,107.09,0.59,16.5,0.6,70.0,0.41,30.5,0.4,70.0,0.43,179.75,0.44,112.09,0.02,0.02,2324.874295,1776244517000
1776247084.732,184.732,0.58,198.41,0.57,48.34,0.59,10.63,0.6,70.0,0.41,16.5,0.4,70.0,0.43,176.75,0.44,107.09,0.01,0.02,2324.874295,1776244517000
1776247085.79,185.79,0.58,68.99,0.57,107.25,0.59,16.63,0.6,65.0,0.41,10.63,0.4,70.0,0.42,198.41,0.43,48.34,0.01,0.01,2324.874295,1776244517000
1776247086.769,186.769,0.58,101.99,0.57,107.25,0.6,25.5,0.61,110.0,0.41,16.63,0.4,65.0,0.42,68.99,0.43,107.25,0.02,0.01,2324.874295,1776244517000
1776247087.998,187.998,0.58,19.87,0.57,102.25,0.6,35.5,0.61,115.0,0.4,25.5,0.39,110.0,0.42,101.99,0.43,107.25,0.02,0.02,2324.874295,1776244517000
1776247088.613,188.613,0.58,19.87,0.57,102.25,0.59,25.97,0.6,75.5,0.4,35.5,0.39,115.0,0.42,19.87,0.43,102.25,0.01,0.02,2324.874295,1776244517000
1776247090.887,190.887,0.58,19.87,0.57,102.84,0.59,20.0,0.6,75.5,0.41,25.97,0.4,75.5,0.42,19.87,0.43,102.25,0.01,0.01,2324.874295,1776244517000
1776247093.626,193.626,0.59,129.0,0.58,82.37,0.61,38.33,0.62,70.5,0.41,20.0,0.4,75.5,0.42,19.87,0.43,102.84,0.02,0.01,2324.874295,1776244517000
1776247094.016,194.016,0.6,17.0,0.59,179.5,0.61,30.5,0.62,25.5,0.39,38.33,0.38,70.5,0.41,129.0,0.42,82.37,0.01,0.02,2324.874295,1776244517000
1776247096.906,196.906,0.6,106.5,0.59,119.4,0.61,2.07,0.62,20.0,0.39,30.5,0.38,25.5,0.4,17.0,0.41,179.5,0.01,0.01,2324.874295,1776244517000
1776247098.194,198.194,0.61,119.6,0.6,121.5,0.62,10.16,0.63,20.0,0.38,15.0,0.37,15.0,0.4,106.5,0.41,119.4,0.01,0.02,2324.874295,1776244517000
1776247098.826,198.826,0.61,114.6,0.6,121.5,0.62,8.54,0.63,20.0,0.38,10.16,0.37,20.0,0.39,119.6,0.4,121.5,0.01,0.01,2324.874295,1776244517000
1776247099.47,199.47,0.65,45.5,0.64,51.5,0.66,39.24,0.67,50.0,0.38,8.54,0.37,20.0,0.39,114.6,0.4,121.5,0.01,0.01,2324.874295,1776244517000
1776247099.773,199.773,0.69,25.5,0.68,40.87,0.71,19.41,0.72,25.5,0.31,15.0,0.29,10.5,0.32,29.87,0.33,89.91,0.02,0.01,2324.874295,1776244517000
1776247100.066,200.066,0.71,40.0,0.7,15.0,0.72,3.83,0.73,20.5,0.26,65.0,0.25,55.0,0.29,10.0,0.3,15.0,0.01,0.03,2324.874295,1776244517000
1776247100.516,200.516,0.72,36.7,0.71,31.0,0.73,10.0,0.74,10.0,0.26,47.88,0.25,65.0,0.28,6.0,0.29,51.0,0.01,0.02,2324.874295,1776244517000
1776247100.794,200.794,0.74,27.0,0.72,36.7,0.75,5.76,0.76,10.0,0.27,10.0,0.26,10.0,0.28,36.7,0.29,31.0,0.01,0.01,2324.874295,1776244517000
1776247101.093,201.093,0.74,122.0,0.72,21.7,0.76,3.74,0.77,15.0,0.24,3.74,0.23,15.0,0.26,27.0,0.28,36.7,0.02,0.02,2324.874295,1776244517000
1776247101.506,201.506,0.75,45.0,0.74,102.41,0.76,19.24,0.77,25.5,0.24,3.74,0.23,15.0,0.26,122.0,0.28,21.7,0.01,0.02,2324.874295,1776244517000
1776247101.847,201.847,0.75,27.0,0.74,102.41,0.76,24.24,0.77,25.5,0.24,19.24,0.23,25.5,0.25,45.0,0.26,102.41,0.01,0.01,2324.874295,1776244517000
1776247102.912,202.912,0.75,86.0,0.74,93.0,0.76,7.16,0.77,20.0,0.24,21.63,0.23,30.5,0.25,27.0,0.26,43.0,0.01,0.01,2324.874295,1776244517000
1776247103.374,203.374,0.75,52.0,0.74,98.5,0.76,2.16,0.77,20.0,0.24,7.16,0.23,20.0,0.25,86.0,0.26,93.0,0.01,0.01,2324.874295,1776244517000
1776247104.306,204.306,0.76,105.0,0.75,89.5,0.77,10.0,0.78,20.0,0.24,2.16,0.23,20.0,0.25,52.0,0.26,98.5,0.01,0.01,2324.874295,1776244517000
1776247105.084,205.084,0.76,200.5,0.75,89.5,0.79,15.0,0.8,25.5,0.23,10.0,0.22,20.0,0.24,105.0,0.25,89.5,0.03,0.01,2324.874295,1776244517000
1776247106.04,206.04,0.8,119.0,0.79,101.0,0.81,12.57,0.82,25.5,0.21,15.0,0.2,25.5,0.24,200.5,0.25,89.5,0.01,0.03,2324.874295,1776244517000
1776247106.794,206.794,0.8,94.0,0.79,101.0,0.81,16.33,0.82,75.5,0.19,11.33,0.18,25.5,0.2,119.0,0.21,101.0,0.01,0.01,2324.874295,1776244517000
1776247107.274,207.274,0.8,99.0,0.79,106.0,0.81,2.64,0.82,75.5,0.19,15.09,0.18,75.5,0.2,94.0,0.21,101.0,0.01,0.01,2324.874295,1776244517000
1776247108.462,208.462,0.8,94.0,0.79,101.0,0.81,1.4,0.82,65.5,0.19,2.64,0.18,75.5,0.2,99.0,0.21,106.0,0.01,0.01,2324.874295,1776244517000
1776247108.931,208.931,0.79,21.0,0.78,118.0,0.81,97.21,0.82,75.5,0.19,1.4,0.18,65.5,0.2,94.0,0.21,101.0,0.02,0.01,2324.874295,1776244517000
1776247110.094,210.094,0.8,167.5,0.79,108.49,0.81,0.72,0.86,5.0,0.19,97.21,0.18,75.5,0.21,21.0,0.22,118.0,0.01,0.02,2324.874295,1776244517000
1776247110.454,210.454,0.86,102.41,0.85,20.0,0.87,1.91,0.91,320.0,0.13,3.98,0.12,10.0,0.15,20.88,0.16,15.95,0.01,0.02,2324.874295,1776244517000
1776247111.145,211.145,0.86,120.41,0.85,25.0,0.88,5.63,0.89,10.5,0.13,1.91,0.09,320.0,0.14,102.41,0.15,20.0,0.02,0.01,2324.874295,1776244517000
1776247112.136,212.136,0.87,15.61,0.86,131.0,0.89,79.68,0.9,60.5,0.12,5.63,0.11,10.5,0.14,120.41,0.15,25.0,0.02,0.02,2324.874295,1776244517000
1776247112.415,212.415,0.87,9.37,0.86,107.41,0.89,75.68,0.9,60.5,0.11,79.68,0.1,60.5,0.13,15.61,0.14,131.0,0.02,0.02,2324.874295,1776244517000
1776247112.69,212.69,0.88,10.0,0.87,32.37,0.89,89.55,0.9,60.5,0.11,75.68,0.1,60.5,0.13,9.37,0.14,107.41,0.01,0.02,2324.874295,1776244517000
1776247113.584,213.584,0.81,82.81,0.8,32.5,0.88,108.34,0.89,90.18,0.11,89.55,0.1,60.5,0.12,10.0,0.13,32.37,0.07,0.01,2324.874295,1776244517000
1776247114.576,214.576,0.81,133.9,0.8,173.0,0.82,8.73,0.83,10.0,0.12,108.34,0.11,90.18,0.19,82.81,0.2,32.5,0.01,0.07,2324.874295,1776244517000
1776247116.165,216.165,0.81,88.9,0.8,93.0,0.83,25.0,0.84,10.0,0.18,8.73,0.17,10.0,0.19,133.9,0.2,173.0,0.02,0.01,2324.874295,1776244517000
1776247116.701,216.701,0.82,29.04,0.81,98.9,0.83,4.68,0.84,10.0,0.17,25.0,0.16,10.0,0.19,88.9,0.2,93.0,0.01,0.02,2324.874295,1776244517000
1776247118.888,218.888,0.84,13.54,0.83,20.5,0.86,153.25,0.87,60.0,0.17,4.68,0.16,10.0,0.18,29.04,0.19,98.9,0.02,0.01,2324.874295,1776244517000
1776247119.296,219.296,0.84,10.5,0.83,20.5,0.85,1.46,0.86,143.25,0.14,153.25,0.13,60.0,0.16,13.54,0.17,20.5,0.01,0.02,2324.874295,1776244517000
1776247120.02,220.02,0.83,4.11,0.82,30.5,0.84,39.0,0.85,10.0,0.14,143.25,0.13,50.0,0.16,10.5,0.17,20.5,0.01,0.02,2324.874295,1776244517000
1776247122.94,222.94,0.83,10.42,0.82,20.5,0.84,39.0,0.85,60.0,0.16,39.0,0.15,10.0,0.17,4.11,0.18,30.5,0.01,0.01,2324.874295,1776244517000
1776247125.741,225.741,0.83,106.42,0.82,127.49,0.88,10.0,0.89,15.0,0.16,39.0,0.15,60.0,0.17,10.42,0.18,20.5,0.05,0.01,2324.874295,1776244517000
1776247127.356,227.356,0.88,58.57,0.87,99.5,0.9,6.0,0.91,250.0,0.12,10.0,0.11,15.0,0.17,106.42,0.18,127.49,0.02,0.05,2324.874295,1776244517000
1776247128.2,228.2,0.88,69.66,0.87,121.09,0.9,36.1,0.91,250.0,0.1,6.0,0.09,250.0,0.12,58.57,0.13,99.5,0.02,0.02,2324.874295,1776244517000
1776247130.388,230.388,0.89,28.49,0.88,135.69,0.9,54.1,0.91,200.0,0.1,34.98,0.09,250.0,0.12,69.66,0.13,121.09,0.01,0.02,2324.874295,1776244517000
1776247131.177,231.177,0.89,16.49,0.88,135.69,0.9,44.1,0.91,212.0,0.1,54.1,0.09,200.0,0.11,28.49,0.12,135.69,0.01,0.01,2324.874295,1776244517000
1776247131.888,231.888,0.89,21.49,0.88,140.69,0.9,43.96,0.91,200.0,0.1,44.1,0.09,212.0,0.11,16.49,0.12,135.69,0.01,0.01,2324.874295,1776244517000
1776247133.202,233.202,0.89,32.49,0.88,145.69,0.9,45.76,0.91,200.0,0.1,43.96,0.09,200.0,0.11,21.49,0.12,140.69,0.01,0.01,2324.874295,1776244517000
1776247134.329,234.329,0.89,92.49,0.88,145.69,0.9,20.76,0.91,212.0,0.1,45.76,0.09,200.0,0.11,32.49,0.12,145.69,0.01,0.01,2324.874295,1776244517000
1776247134.672,234.672,0.89,104.49,0.88,140.69,0.9,15.2,0.91,200.0,0.1,20.76,0.09,212.0,0.11,92.49,0.12,145.69,0.01,0.01,2324.874295,1776244517000
1776247135.171,235.171,0.89,104.49,0.88,140.69,0.9,14.64,0.91,200.0,0.1,15.2,0.09,200.0,0.11,104.49,0.12,140.69,0.01,0.01,2324.874295,1776244517000
1776247140.163,240.163,0.9,156.66,0.89,95.49,0.91,189.01,0.94,120.97,0.09,200.0,0.08,10.0,0.11,94.49,0.12,140.69,0.01,0.02,2324.874295,1776244517000
1776247140.521,240.521,0.9,166.99,0.89,142.28,0.91,192.91,0.94,120.97,0.09,189.01,0.06,120.97,0.1,156.66,0.11,95.49,0.01,0.01,2324.874295,1776244517000
1776247140.929,240.929,0.9,171.99,0.89,132.28,0.91,187.91,0.94,120.97,0.09,192.91,0.06,120.97,0.1,166.99,0.11,142.28,0.01,0.01,2324.874295,1776244517000
1776247141.176,241.176,0.9,166.99,0.89,132.28,0.91,174.84,0.94,120.97,0.09,180.82,0.06,120.97,0.1,166.99,0.11,132.28,0.01,0.01,2324.874295,1776244517000
1776247143.357,243.357,0.91,78.99,0.9,163.92,0.94,55.09,0.95,480.8,0.09,174.84,0.06,120.97,0.1,166.99,0.11,132.28,0.03,0.01,2324.874295,1776244517000
1776247143.957,243.957,0.9,77.0,0.89,130.76,0.93,80.0,0.94,115.09,0.06,55.09,0.05,480.8,0.09,78.99,0.1,163.92,0.03,0.03,2324.874295,1776244517000
1776247145.075,245.075,0.92,10.0,0.91,20.0,0.93,27.26,0.94,105.09,0.07,80.0,0.06,115.09,0.1,77.0,0.11,130.76,0.01,0.03,2324.874295,1776244517000
1776247146.307,246.307,0.91,3.33,0.9,144.99,0.93,15.0,0.94,115.09,0.07,27.26,0.06,105.09,0.08,10.0,0.09,20.0,0.02,0.01,2324.874295,1776244517000
1776247146.748,246.748,0.92,2.5,0.91,73.33,0.93,29.42,0.94,115.09,0.07,15.0,0.06,115.09,0.09,3.33,0.1,144.99,0.01,0.02,2324.874295,1776244517000
1776247147.784,247.784,0.92,2.5,0.91,73.33,0.93,18.66,0.94,65.09,0.07,29.42,0.06,115.09,0.08,2.5,0.09,73.33,0.01,0.01,2324.874295,1776244517000
1776247149.355,249.355,0.92,12.5,0.91,123.33,0.94,54.45,0.95,325.0,0.07,18.66,0.06,65.09,0.08,2.5,0.09,73.33,0.02,0.01,2324.874295,1776244517000
1776247150.017,250.017,0.93,45.0,0.92,12.5,0.94,59.23,0.95,325.0,0.06,54.45,0.05,325.0,0.08,12.5,0.09,123.33,0.01,0.02,2324.874295,1776244517000
1776247151.622,251.622,0.93,40.0,0.92,25.5,0.95,19.23,0.96,168.8,0.06,59.23,0.05,325.0,0.07,45.0,0.08,12.5,0.02,0.01,2324.874295,1776244517000
1776247151.923,251.923,0.94,8.54,0.93,30.0,0.95,64.43,0.96,168.8,0.05,19.23,0.04,168.8,0.07,40.0,0.08,25.5,0.01,0.02,2324.874295,1776244517000
1776247154.037,254.037,0.94,13.54,0.93,35.0,0.95,12.87,0.96,25.0,0.05,64.43,0.04,168.8,0.06,8.54,0.07,30.0,0.01,0.01,2324.874295,1776244517000
1776247155.499,255.499,0.94,23.54,0.93,35.0,0.96,45.25,0.97,462.7,0.05,12.87,0.04,25.0,0.06,13.54,0.07,35.0,0.02,0.01,2324.874295,1776244517000
1776247157.605,257.605,0.93,40.95,0.92,184.39,0.96,45.25,0.97,412.7,0.04,45.25,0.03,462.7,0.06,23.54,0.07,35.0,0.03,0.02,2324.874295,1776244517000
1776247157.855,257.855,0.95,5.0,0.94,15.0,0.96,19.0,0.97,412.7,0.04,45.25,0.03,412.7,0.07,40.95,0.08,184.39,0.01,0.03,2324.874295,1776244517000
1776247159.017,259.017,0.94,40.0,0.93,120.3,0.95,23.89,0.96,44.0,0.04,19.0,0.03,412.7,0.05,5.0,0.06,15.0,0.01,0.01,2324.874295,1776244517000
1776247159.263,259.263,0.94,40.0,0.93,120.3,0.95,17.84,0.96,44.0,0.05,23.89,0.04,44.0,0.06,40.0,0.07,120.3,0.01,0.01,2324.874295,1776244517000
1776247159.545,259.545,0.94,172.25,0.93,120.3,0.96,42.9,0.97,219.7,0.05,7.31,0.04,44.0,0.06,172.25,0.07,120.3,0.02,0.01,2324.874295,1776244517000
1776247160.524,260.524,0.94,21.41,0.93,60.0,0.96,10.0,0.97,219.7,0.04,42.9,0.03,219.7,0.06,172.25,0.07,120.3,0.02,0.02,2324.874295,1776244517000
1776247160.953,260.953,0.96,10.0,0.95,5.0,0.97,219.7,0.98,626.49,0.04,10.0,0.03,219.7,0.06,21.41,0.07,60.0,0.01,0.02,2324.874295,1776244517000
1776247161.285,261.285,0.95,5.6,0.94,36.41,0.97,224.7,0.98,626.49,0.03,219.7,0.02,626.49,0.04,10.0,0.05,5.0,0.02,0.01,2324.874295,1776244517000
1776247162.118,262.118,0.95,174.51,0.94,30.0,0.96,24.79,0.97,219.7,0.04,5.0,0.03,224.7,0.05,159.51,0.06,15.0,0.01,0.01,2324.874295,1776244517000
1776247162.377,262.377,0.95,164.41,0.91,21.0,0.96,85.0,0.97,392.7,0.04,24.79,0.03,219.7,0.05,174.51,0.06,30.0,0.01,0.01,2324.874295,1776244517000
1776247162.612,262.612,0.86,29.07,0.85,23.0,0.87,10.0,0.88,60.0,0.12,60.0,0.11,60.0,0.14,49.07,0.15,23.0,0.01,0.02,2324.874295,1776244517000
1776247162.885,262.885,0.86,35.69,0.85,28.0,0.87,7.7,0.88,60.0,0.13,15.0,0.12,60.0,0.14,8.53,0.15,23.0,0.01,0.01,2324.874295,1776244517000
1776247163.138,263.138,0.84,5.0,0.83,16.0,0.85,26.31,0.87,17.7,0.13,7.7,0.12,60.0,0.14,35.69,0.15,28.0,0.01,0.01,2324.874295,1776244517000
1776247163.378,263.378,0.84,218.09,0.83,89.0,0.85,33.04,0.87,7.7,0.15,26.31,0.13,17.7,0.16,5.0,0.17,16.0,0.01,0.01,2324.874295,1776244517000
1776247163.657,263.657,0.85,11.99,0.84,168.09,0.86,17.21,0.87,17.7,0.13,17.7,0.12,10.0,0.16,168.09,0.17,89.0,0.01,0.03,2324.874295,1776244517000
1776247164.143,264.143,0.85,61.58,0.84,168.09,0.86,15.0,0.87,7.7,0.14,17.21,0.13,17.7,0.15,11.99,0.16,168.09,0.01,0.01,2324.874295,1776244517000
1776247164.413,264.413,0.85,154.57,0.84,41.89,0.86,9.19,0.87,62.7,0.14,4.19,0.13,7.7,0.15,51.58,0.16,158.09,0.01,0.01,2324.874295,1776244517000
1776247165.95,265.95,0.85,181.36,0.84,36.89,0.87,56.66,0.88,65.0,0.13,62.7,0.12,75.0,0.15,99.57,0.16,36.89,0.02,0.02,2324.874295,1776244517000
1776247166.731,266.731,0.86,121.82,0.85,54.92,0.87,39.41,0.88,60.0,0.13,21.65,0.12,65.0,0.15,186.36,0.16,36.89,0.01,0.02,2324.874295,1776244517000
1776247166.957,266.957,0.86,121.82,0.85,46.92,0.87,37.51,0.88,60.0,0.13,33.66,0.12,60.0,0.14,121.82,0.15,44.92,0.01,0.01,2324.874295,1776244517000
1776247167.727,267.727,0.86,122.82,0.85,41.78,0.87,66.03,0.88,60.0,0.13,13.27,0.12,60.0,0.14,131.82,0.15,58.92,0.01,0.01,2324.874295,1776244517000
1776247168.0,268.0,0.86,127.82,0.85,34.86,0.87,53.28,0.88,60.0,0.13,66.63,0.12,60.0,0.14,122.82,0.15,29.86,0.01,0.01,2324.874295,1776244517000
1776247168.34,268.34,0.86,127.82,0.85,34.86,0.87,56.96,0.88,60.0,0.13,53.28,0.12,60.0,0.14,127.82,0.15,34.86,0.01,0.01,2324.874295,1776244517000
1776247168.889,268.889,0.86,127.82,0.85,34.86,0.87,53.96,0.88,60.0,0.13,56.96,0.12,60.0,0.14,127.82,0.15,34.86,0.01,0.01,2324.874295,1776244517000
1776247169.454,269.454,0.86,15.0,0.85,29.86,0.87,140.02,0.88,76.66,0.13,53.96,0.12,60.0,0.14,127.82,0.15,34.86,0.01,0.01,2324.874295,1776244517000
1776247169.952,269.952,0.78,15.0,0.77,10.39,0.8,35.62,0.81,65.0,0.15,10.0,0.13,80.0,0.23,5.39,0.24,10.0,0.02,0.08,2324.874295,1776244517000
1776247170.271,270.271,0.77,8.86,0.76,10.0,0.8,75.62,0.81,105.0,0.21,55.0,0.2,75.62,0.22,12.0,0.23,10.39,0.03,0.01,2324.874295,1776244517000
1776247170.722,270.722,0.79,10.0,0.78,15.0,0.81,105.0,0.82,71.0,0.2,75.62,0.19,105.0,0.23,8.86,0.24,10.0,0.02,0.03,2324.874295,1776244517000
1776247171.064,271.064,0.8,5.0,0.79,10.0,0.81,60.0,0.82,10.0,0.19,105.0,0.18,71.0,0.21,10.0,0.22,15.0,0.01,0.02,2324.874295,1776244517000
1776247171.535,271.535,0.8,10.0,0.79,15.0,0.81,58.76,0.82,10.0,0.19,60.0,0.18,10.0,0.21,10.0,0.22,15.0,0.01,0.02,2324.874295,1776244517000
1776247171.922,271.922,0.8,10.0,0.79,15.0,0.81,31.35,0.83,32.0,0.19,34.06,0.17,32.0,0.2,10.0,0.21,15.0,0.01,0.01,2324.874295,1776244517000
1776247172.431,272.431,0.8,15.0,0.79,15.0,0.81,9.88,0.82,5.0,0.19,19.18,0.18,5.0,0.2,15.0,0.21,15.0,0.01,0.01,2324.874295,1776244517000
1776247173.395,273.395,0.8,15.0,0.79,15.0,0.81,3.7,0.82,5.0,0.19,9.88,0.18,5.0,0.2,15.0,0.21,15.0,0.01,0.01,2324.874295,1776244517000
1776247174.138,274.138,0.8,15.0,0.79,15.0,0.82,3.61,0.84,10.0,0.19,3.7,0.18,5.0,0.2,15.0,0.21,15.0,0.02,0.01,2324.874295,1776244517000
1776247174.554,274.554,0.74,3.6,0.73,23.0,0.75,15.0,0.76,10.0,0.18,3.61,0.16,10.0,0.2,15.0,0.21,15.0,0.01,0.02,2324.874295,1776244517000
1776247174.754,274.754,0.7,10.0,0.69,15.0,0.71,7.24,0.73,10.0,0.24,8.42,0.23,10.0,0.29,10.0,0.32,10.0,0.01,0.05,2324.874295,1776244517000
1776247174.967,274.967,0.72,5.0,0.71,15.0,0.73,15.0,0.74,10.0,0.29,7.24,0.27,10.0,0.3,10.0,0.31,15.0,0.01,0.01,2324.874295,1776244517000
1776247175.214,275.214,0.72,8.78,0.71,15.0,0.73,10.0,0.74,10.0,0.27,15.0,0.26,10.0,0.28,5.0,0.29,15.0,0.01,0.01,2324.874295,1776244517000
1776247176.004,276.004,0.72,3.36,0.71,15.0,0.74,15.0,0.75,10.0,0.27,10.0,0.26,10.0,0.28,8.78,0.29,15.0,0.02,0.01,2324.874295,1776244517000
1776247176.224,276.224,0.71,1.0,0.7,10.0,0.74,15.0,0.75,10.0,0.26,15.0,0.25,10.0,0.28,3.36,0.29,15.0,0.03,0.02,2324.874295,1776244517000
1776247177.427,277.427,0.69,7.7,0.68,15.0,0.73,15.0,0.74,15.0,0.26,15.0,0.25,10.0,0.29,1.0,0.3,10.0,0.04,0.03,2324.874295,1776244517000
1776247177.863,277.863,0.76,9.16,0.75,15.0,0.77,15.0,0.78,15.0,0.27,15.0,0.26,15.0,0.31,7.7,0.32,15.0,0.01,0.04,2324.874295,1776244517000
1776247179.142,279.142,0.69,3.66,0.68,27.0,0.77,15.0,0.78,15.0,0.23,15.0,0.22,15.0,0.24,9.16,0.25,15.0,0.08,0.01,2324.874295,1776244517000
1776247179.836,279.836,0.73,20.0,0.72,10.0,0.74,1.48,0.75,15.0,0.23,15.0,0.22,15.0,0.31,3.66,0.32,27.0,0.01,0.08,2324.874295,1776244517000
1776247180.545,280.545,0.73,20.0,0.72,10.0,0.74,5.12,0.75,15.0,0.26,1.48,0.25,15.0,0.27,20.0,0.28,10.0,0.01,0.01,2324.874295,1776244517000
1776247181.55,281.55,0.68,10.0,0.67,15.0,0.7,40.0,0.71,30.0,0.26,5.12,0.25,15.0,0.27,20.0,0.28,10.0,0.02,0.01,2324.874295,1776244517000
1776247182.502,282.502,0.66,12.0,0.65,17.0,0.71,9.85,0.72,20.0,0.28,20.0,0.27,10.0,0.31,15.0,0.32,10.0,0.05,0.03,2324.874295,1776244517000
1776247182.711,282.711,0.65,5.0,0.64,5.0,0.67,19.95,0.68,10.0,0.29,9.85,0.28,20.0,0.34,12.0,0.35,17.0,0.02,0.05,2324.874295,1776244517000
1776247182.922,282.922,0.62,132.97,0.6,10.0,0.63,5.0,0.64,10.0,0.34,7.5,0.33,18.0,0.38,132.97,0.41,10.0,0.01,0.04,2324.874295,1776244517000
1776247183.324,283.324,0.61,0.15,0.6,10.0,0.62,10.0,0.63,15.0,0.37,10.0,0.36,10.0,0.39,0.15,0.4,10.0,0.01,0.02,2324.874295,1776244517000
1776247183.751,283.751,0.6,8.3,0.59,10.0,0.61,15.0,0.62,15.0,0.38,10.0,0.37,15.0,0.41,10.0,0.42,40.0,0.01,0.03,2324.874295,1776244517000
1776247183.986,283.986,0.6,4.67,0.59,10.0,0.62,0.08,0.64,10.0,0.39,10.08,0.38,15.0,0.4,4.67,0.41,10.0,0.02,0.01,2324.874295,1776244517000
1776247184.297,284.297,0.65,8.8,0.64,15.0,0.71,35.59,0.72,18.0,0.33,16.5,0.32,10.0,0.35,8.8,0.36,15.0,0.06,0.02,2324.874295,1776244517000
1776247184.583,284.583,0.68,10.0,0.67,10.0,0.71,40.89,0.72,18.0,0.29,35.59,0.28,18.0,0.35,8.8,0.36,15.0,0.03,0.06,2324.874295,1776244517000
1776247185.366,285.366,0.67,4.0,0.66,15.0,0.68,10.0,0.69,10.0,0.29,40.89,0.28,18.0,0.32,10.0,0.33,10.0,0.01,0.03,2324.874295,1776244517000
1776247186.092,286.092,0.69,15.0,0.68,10.0,0.71,16.45,0.72,18.0,0.32,10.0,0.31,10.0,0.33,4.0,0.34,15.0,0.02,0.01,2324.874295,1776244517000
1776247186.372,286.372,0.69,15.0,0.68,10.0,0.71,0.95,0.72,23.0,0.29,15.04,0.28,23.0,0.31,15.0,0.32,10.0,0.02,0.02,2324.874295,1776244517000
1776247187.722,287.722,0.69,18.89,0.68,15.0,0.71,10.0,0.72,23.0,0.29,0.95,0.28,23.0,0.31,15.0,0.32,10.0,0.02,0.02,2324.874295,1776244517000
1776247189.118,289.118,0.7,10.0,0.69,15.0,0.72,12.92,0.73,10.0,0.29,10.0,0.28,23.0,0.31,18.89,0.32,15.0,0.02,0.02,2324.874295,1776244517000
1776247189.415,289.415,0.71,10.0,0.7,10.0,0.72,6.66,0.73,15.0,0.28,12.92,0.27,10.0,0.3,10.0,0.31,15.0,0.01,0.02,2324.874295,1776244517000
1776247189.646,289.646,0.72,6.0,0.71,15.0,0.73,13.63,0.74,0.12,0.28,6.66,0.27,15.0,0.29,10.0,0.3,10.0,0.01,0.01,2324.874295,1776244517000
1776247190.122,290.122,0.72,26.0,0.71,15.0,0.73,8.62,0.74,0.12,0.27,13.63,0.26,0.12,0.28,6.0,0.29,15.0,0.01,0.01,2324.874295,1776244517000
1776247190.992,290.992,0.72,5.0,0.71,15.0,0.75,8.74,0.76,10.0,0.27,8.62,0.26,0.12,0.28,26.0,0.29,15.0,0.03,0.01,2324.874295,1776244517000
1776247191.225,291.225,0.67,4.0,0.66,60.0,0.71,8.59,0.72,10.0,0.25,8.74,0.24,10.0,0.28,5.0,0.29,15.0,0.04,0.03,2324.874295,1776244517000
1776247192.153,292.153,0.69,14.85,0.68,10.0,0.71,10.0,0.72,15.0,0.29,8.59,0.28,10.0,0.33,4.0,0.34,60.0,0.02,0.04,2324.874295,1776244517000
1776247193.312,293.312,0.7,15.0,0.69,32.0,0.71,8.62,0.72,10.0,0.29,10.0,0.28,15.0,0.31,14.85,0.32,10.0,0.01,0.02,2324.874295,1776244517000
1776247194.128,294.128,0.71,60.25,0.7,32.0,0.72,10.0,0.73,10.0,0.29,7.24,0.28,10.0,0.3,15.0,0.31,37.0,0.01,0.01,2324.874295,1776244517000
1776247194.634,294.634,0.72,53.0,0.71,70.25,0.73,8.63,0.74,15.0,0.28,10.0,0.27,10.0,0.29,60.25,0.3,32.0,0.01,0.01,2324.874295,1776244517000
1776247195.753,295.753,0.75,22.6,0.74,10.0,0.77,10.0,0.78,15.0,0.27,8.63,0.26,15.0,0.28,53.0,0.29,70.25,0.02,0.01,2324.874295,1776244517000
1776247196.221,296.221,0.75,10.0,0.74,21.76,0.76,13.68,0.77,10.0,0.23,5.0,0.22,15.0,0.25,1.0,0.26,16.76,0.01,0.02,2324.874295,1776244517000
1776247196.536,296.536,0.72,25.0,0.71,100.51,0.74,8.56,0.75,10.0,0.25,10.0,0.24,10.0,0.29,33.51,0.3,10.0,0.02,0.04,2324.874295,1776244517000
1776247197.232,297.232,0.73,77.0,0.72,26.0,0.74,5.0,0.76,10.0,0.26,8.56,0.25,10.0,0.28,25.0,0.29,100.51,0.01,0.02,2324.874295,1776244517000
1776247197.479,297.479,0.74,17.91,0.73,14.0,0.75,33.52,0.76,65.0,0.25,35.0,0.24,60.0,0.26,2.91,0.27,14.0,0.01,0.01,2324.874295,1776244517000
1776247197.948,297.948,0.76,5.0,0.75,14.72,0.79,10.0,0.8,35.73,0.2,25.73,0.19,60.0,0.25,14.72,0.26,4.76,0.03,0.05,2324.874295,1776244517000
1776247198.152,298.152,0.75,9.72,0.52,5.0,0.76,16.28,0.77,53.0,0.21,10.0,0.2,35.73,0.24,5.0,0.25,14.72,0.01,0.03,2324.874295,1776244517000
1776247198.424,298.424,0.49,10.0,0.48,10.0,0.57,8.08,0.58,21.0,0.52,10.0,0.51,10.0,0.58,12.17,0.59,65.0,0.08,0.06,2324.874295,1776244517000
1776247198.767,298.767,0.49,6.28,0.48,10.0,0.6,4.73,0.61,10.0,0.43,8.69,0.42,10.0,0.46,15.0,0.47,10.0,0.11,0.03,2324.874295,1776244517000
1776247199.416,299.416,0.54,9.91,0.53,10.0,0.6,10.0,0.61,10.0,0.42,10.0,0.41,10.0,0.44,9.79,0.45,10.0,0.06,0.02,2324.874295,1776244517000
1776247199.641,299.641,0.54,19.91,0.53,15.0,0.6,4.0,0.61,48.46,0.4,10.0,0.39,10.0,0.46,9.91,0.47,10.0,0.06,0.06,2324.874295,1776244517000
1776247199.976,299.976,0.54,14.91,0.53,15.0,0.61,17.97,0.62,15.0,0.39,48.57,0.38,10.0,0.46,14.91,0.47,15.0,0.07,0.07,2324.874295,1776244517000
1776247200.201,300.201,0.31,55.81,0.26,15.22,0.55,200.0,0.56,10.0,0.39,17.97,0.38,15.0,0.46,14.91,0.47,15.0,0.24,0.07,2324.874295,1776244517000
1776247200.402,300.402,0.99,54944.48,0.8,5.0,,,,,,,,,0.01,54950.48,0.2,5.0,,,2324.874295,1776244517000
1776247200.603,300.603,0.99,54642.3,0.8,15.0,,,,,,,,,0.01,54887.3,0.2,10.0,,,2324.874295,1776244517000
1776247200.804,300.804,0.99,51578.3,0.8,15.0,,,,,,,,,0.01,51678.3,0.2,15.0,,,2324.874295,1776244517000
