timestamp,elapsed_sec,up_bid_p1,up_bid_s1,up_bid_p2,up_bid_s2,up_ask_p1,up_ask_s1,up_ask_p2,up_ask_s2,down_bid_p1,down_bid_s1,down_bid_p2,down_bid_s2,down_ask_p1,down_ask_s1,down_ask_p2,down_ask_s2,up_spread,down_spread,eth_price,eth_oracle_ts
1776250801.463,1.463,,,,,,,,,,,,,,,,,,,2317.2466,1776250800000
1776250802.02,2.02,0.56,10.0,0.55,23.0,0.57,56.49,0.58,70.0,0.43,56.49,0.42,70.0,0.44,50.74,0.45,23.0,0.01,0.01,2317.2466,1776250800000
1776250802.249,2.249,0.56,96.0,0.55,23.0,0.57,48.16,0.58,70.0,0.43,56.49,0.42,70.0,0.44,50.74,0.45,23.0,0.01,0.01,2317.364109,1776250801000
1776250802.525,2.525,0.56,96.0,0.55,23.0,0.57,18.1,0.58,70.0,0.43,23.1,0.42,70.0,0.44,96.0,0.45,23.0,0.01,0.01,2317.364109,1776250801000
1776250803.361,3.361,0.56,91.0,0.55,28.0,0.58,64.1,0.59,70.0,0.42,64.1,0.41,70.0,0.44,91.0,0.45,28.0,0.02,0.02,2317.708372,1776250802000
1776250803.604,3.604,0.57,119.0,0.56,77.0,0.58,58.41,0.59,85.0,0.42,68.41,0.41,75.0,0.43,119.0,0.44,27.0,0.01,0.01,2317.708372,1776250802000
1776250803.809,3.809,0.57,161.56,0.56,22.0,0.58,51.51,0.59,75.0,0.42,58.41,0.41,85.0,0.43,97.0,0.44,27.0,0.01,0.01,2317.708372,1776250802000
1776250804.052,4.052,0.57,161.56,0.56,22.0,0.58,51.51,0.59,75.0,0.42,51.51,0.41,75.0,0.43,161.56,0.44,22.0,0.01,0.01,2317.866215,1776250803000
1776250804.438,4.438,0.57,146.56,0.56,27.0,0.58,49.78,0.59,75.0,0.42,51.51,0.41,75.0,0.43,161.56,0.44,22.0,0.01,0.01,2317.866215,1776250803000
1776250804.765,4.765,0.57,146.56,0.56,27.0,0.58,41.15,0.59,75.0,0.42,49.78,0.41,75.0,0.43,146.56,0.44,27.0,0.01,0.01,2317.866215,1776250803000
1776250805.072,5.072,0.57,146.56,0.56,27.0,0.58,41.15,0.59,75.0,0.42,41.15,0.41,75.0,0.43,146.56,0.44,27.0,0.01,0.01,2317.9742,1776250804000
1776250805.563,5.563,0.59,16.51,0.58,25.0,0.6,1005.0,0.62,70.0,0.42,41.15,0.41,75.0,0.43,146.56,0.44,27.0,0.01,0.01,2317.9742,1776250804000
1776250805.79,5.79,0.59,14.06,0.58,25.0,0.6,1005.0,0.62,70.0,0.4,1000.0,0.38,70.0,0.41,12.36,0.42,25.0,0.01,0.01,2317.9742,1776250804000
1776250806.145,6.145,0.59,14.06,0.58,25.0,0.6,1005.0,0.62,70.0,0.4,1005.0,0.38,70.0,0.41,14.06,0.42,25.0,0.01,0.01,2318.046815,1776250805000
1776250806.652,6.652,0.59,15.06,0.58,40.0,0.6,992.93,0.61,5.0,0.4,992.93,0.39,5.0,0.41,9.06,0.42,93.36,0.01,0.01,2318.046815,1776250805000
1776250806.99,6.99,0.59,6.0,0.58,56.0,0.6,1001.09,0.61,15.0,0.4,992.93,0.39,5.0,0.41,15.06,0.42,40.0,0.01,0.01,2318.046815,1776250805000
1776250807.335,7.335,0.59,42.0,0.58,62.0,0.6,996.09,0.61,20.0,0.4,1001.09,0.39,15.0,0.42,23.0,0.43,106.56,0.01,0.02,2318.116647,1776250806000
1776250807.666,7.666,0.59,10.31,0.58,34.0,0.6,989.25,0.61,15.0,0.4,994.25,0.39,20.0,0.41,13.0,0.42,29.0,0.01,0.01,2318.116647,1776250806000
1776250808.151,8.151,0.59,15.31,0.58,34.0,0.6,896.57,0.61,20.0,0.4,896.57,0.39,20.0,0.41,15.31,0.42,34.0,0.01,0.01,2318.20645,1776250807000
1776250808.79,8.79,0.57,86.56,0.56,13.0,0.58,8.27,0.59,20.0,0.4,886.57,0.39,20.0,0.41,11.21,0.42,39.0,0.01,0.01,2318.20645,1776250807000
1776250809.018,9.018,0.57,57.52,0.53,10.0,0.58,18.27,0.59,20.0,0.42,13.27,0.41,20.0,0.43,54.85,0.47,10.0,0.01,0.01,2318.20645,1776250807000
1776250809.364,9.364,0.57,47.52,0.53,20.0,0.58,23.27,0.59,25.0,0.42,18.27,0.41,20.0,0.43,42.52,0.47,10.0,0.01,0.01,2318.20645,1776250807000
1776250809.688,9.688,0.57,12.52,0.56,5.0,0.58,21.3,0.59,25.0,0.42,21.3,0.41,25.0,0.43,12.52,0.44,5.0,0.01,0.01,2318.002166,1776250808000
1776250810.015,10.015,0.57,5.19,0.53,5.0,0.58,40.07,0.59,38.0,0.42,35.07,0.41,25.0,0.43,7.52,0.47,18.0,0.01,0.01,2318.002166,1776250808000
1776250810.221,10.221,0.57,5.19,0.53,5.0,0.58,40.07,0.59,38.0,0.42,40.07,0.41,38.0,0.43,5.19,0.47,5.0,0.01,0.01,2317.959232,1776250809000
1776250810.669,10.669,0.56,5.69,0.55,10.5,0.58,30.07,0.59,116.0,0.42,45.07,0.41,43.0,0.43,0.19,0.45,10.5,0.02,0.01,2317.959232,1776250809000
1776250810.899,10.899,0.56,18.19,0.55,15.5,0.58,94.81,0.59,111.0,0.42,94.81,0.41,111.0,0.44,15.69,0.45,15.5,0.02,0.02,2317.959232,1776250809000
1776250811.333,11.333,0.56,18.19,0.55,15.5,0.58,94.81,0.59,111.0,0.42,94.81,0.41,111.0,0.44,18.19,0.45,15.5,0.02,0.02,2317.640163,1776250810000
1776250812.212,12.212,0.54,20.5,0.53,20.0,0.55,13.18,0.56,10.0,0.43,10.0,0.42,94.81,0.44,5.0,0.45,15.5,0.01,0.01,2317.640163,1776250810000
1776250813.323,13.323,0.54,20.5,0.53,20.0,0.55,13.18,0.56,10.0,0.45,13.18,0.44,10.0,0.46,20.5,0.47,20.0,0.01,0.01,2317.5916,1776250812000
1776250814.051,14.051,0.54,13.17,0.53,30.5,0.55,75.0,0.56,140.5,0.45,13.18,0.44,10.0,0.46,20.5,0.47,20.0,0.01,0.01,2317.5916,1776250812000
1776250815.113,15.113,0.54,8.17,0.53,35.5,0.55,80.0,0.56,135.0,0.45,80.0,0.44,135.0,0.46,8.17,0.47,35.5,0.01,0.01,2317.571635,1776250814000
1776250816.195,16.195,0.54,8.17,0.53,35.5,0.55,80.0,0.56,135.0,0.45,80.0,0.44,135.0,0.46,8.17,0.47,35.5,0.01,0.01,2317.617448,1776250815000
1776250816.792,16.792,0.51,117.95,0.5,118.94,0.52,80.5,0.53,85.5,0.48,30.5,0.47,85.5,0.49,121.2,0.5,131.94,0.01,0.01,2317.617448,1776250815000
1776250817.088,17.088,0.51,46.74,0.5,118.94,0.52,85.5,0.53,107.5,0.48,95.5,0.47,93.5,0.49,46.74,0.5,118.94,0.01,0.01,2317.617448,1776250815000
1776250817.401,17.401,0.51,38.51,0.5,123.94,0.52,136.51,0.53,99.24,0.48,129.77,0.47,99.24,0.49,41.74,0.5,123.94,0.01,0.01,2317.544852,1776250816000
1776250817.677,17.677,0.5,111.67,0.49,5.0,0.52,106.51,0.53,99.24,0.48,136.51,0.47,99.24,0.49,38.51,0.5,123.94,0.02,0.01,2317.544852,1776250816000
1776250817.975,17.975,0.5,116.67,0.49,10.0,0.51,45.4,0.52,94.51,0.48,106.51,0.47,99.24,0.5,111.67,0.51,5.0,0.01,0.02,2317.544852,1776250816000
1776250818.525,18.525,0.5,111.67,0.49,10.0,0.51,103.3,0.52,169.51,0.49,45.4,0.48,94.51,0.5,116.67,0.51,10.0,0.01,0.01,2317.544852,1776250816000
1776250818.755,18.755,0.5,111.67,0.49,10.0,0.51,103.3,0.52,169.51,0.49,103.3,0.48,169.51,0.5,111.67,0.51,10.0,0.01,0.01,2317.391122,1776250817000
1776250819.304,19.304,0.5,111.67,0.49,10.0,0.51,103.3,0.52,169.51,0.49,103.3,0.48,169.51,0.5,111.67,0.51,10.0,0.01,0.01,2317.320068,1776250818000
1776250819.532,19.532,0.5,116.67,0.49,10.0,0.51,96.2,0.52,179.51,0.49,103.3,0.48,169.51,0.5,111.67,0.51,10.0,0.01,0.01,2317.320068,1776250818000
1776250819.746,19.746,0.5,114.53,0.49,10.0,0.51,96.2,0.52,179.51,0.49,96.2,0.48,179.51,0.5,116.67,0.51,10.0,0.01,0.01,2317.320068,1776250818000
1776250819.965,19.965,0.5,105.25,0.49,10.0,0.51,96.2,0.52,179.51,0.49,101.2,0.48,179.51,0.5,112.39,0.51,10.0,0.01,0.01,2317.320068,1776250818000
1776250820.433,20.433,0.5,103.11,0.49,10.0,0.51,96.2,0.52,179.51,0.49,96.2,0.48,179.51,0.5,103.11,0.51,10.0,0.01,0.01,2317.142046,1776250819000
1776250820.835,20.835,0.5,86.11,0.49,10.0,0.51,96.2,0.52,179.51,0.49,96.2,0.48,179.51,0.5,103.11,0.51,10.0,0.01,0.01,2317.142046,1776250819000
1776250821.221,21.221,0.5,83.95,0.49,20.5,0.51,96.2,0.52,154.51,0.49,96.2,0.48,179.51,0.5,86.11,0.51,10.0,0.01,0.01,2317.232924,1776250820000
1776250822.021,22.021,0.5,114.45,0.49,85.5,0.51,73.03,0.52,206.51,0.49,96.2,0.48,154.51,0.5,83.95,0.51,20.5,0.01,0.01,2317.232924,1776250820000
1776250822.333,22.333,0.5,97.45,0.49,35.5,0.51,78.03,0.52,206.51,0.49,73.03,0.48,206.51,0.5,114.45,0.51,85.5,0.01,0.01,2317.093813,1776250821000
1776250822.936,22.936,0.51,199.5,0.5,166.45,0.52,134.12,0.54,140.0,0.49,78.03,0.48,206.51,0.5,97.45,0.51,35.5,0.01,0.01,2317.093813,1776250821000
1776250823.139,23.139,0.51,265.5,0.5,174.45,0.52,50.98,0.54,70.0,0.48,62.1,0.46,70.0,0.49,265.5,0.5,174.45,0.01,0.01,2317.093813,1776250821000
1776250824.283,24.283,0.55,70.5,0.54,26.0,0.56,28.57,0.57,55.0,0.44,28.57,0.43,55.0,0.45,70.5,0.46,26.0,0.01,0.01,2317.295308,1776250823000
1776250824.524,24.524,0.55,84.27,0.54,98.0,0.56,38.57,0.57,70.5,0.44,28.57,0.43,55.0,0.45,70.5,0.46,26.0,0.01,0.01,2317.295308,1776250823000
1776250825.295,25.295,0.55,139.27,0.54,98.0,0.56,38.46,0.57,60.0,0.44,38.46,0.43,60.0,0.45,139.27,0.46,98.0,0.01,0.01,2317.440963,1776250824000
1776250825.645,25.645,0.57,110.0,0.56,125.5,0.58,45.5,0.59,195.0,0.44,38.46,0.43,60.0,0.45,139.27,0.46,98.0,0.01,0.01,2317.440963,1776250824000
1776250826.168,26.168,0.58,20.0,0.57,120.5,0.59,199.91,0.6,944.07,0.42,45.5,0.41,195.0,0.43,110.0,0.44,125.5,0.01,0.01,2317.440963,1776250824000
1776250826.499,26.499,0.58,20.0,0.57,120.5,0.59,199.91,0.6,944.07,0.41,199.91,0.4,944.07,0.42,20.0,0.43,120.5,0.01,0.01,2317.472437,1776250825000
1776250826.892,26.892,0.58,20.0,0.57,120.5,0.59,199.91,0.6,944.07,0.41,199.91,0.4,944.07,0.42,20.0,0.43,120.5,0.01,0.01,2317.60845,1776250826000
1776250828.157,28.157,0.58,20.0,0.57,120.5,0.59,199.91,0.6,944.07,0.41,199.91,0.4,944.07,0.42,20.0,0.43,120.5,0.01,0.01,2317.74482,1776250827000
1776250828.385,28.385,0.58,20.0,0.57,40.5,0.59,218.71,0.6,964.07,0.41,199.91,0.4,944.07,0.42,20.0,0.43,120.5,0.01,0.01,2317.74482,1776250827000
1776250829.212,29.212,0.58,20.0,0.57,40.5,0.59,218.71,0.6,964.07,0.41,218.71,0.4,964.07,0.42,20.0,0.43,40.5,0.01,0.01,2317.685118,1776250828000
1776250829.569,29.569,0.58,15.0,0.57,40.5,0.59,215.11,0.6,959.07,0.41,212.01,0.4,959.07,0.42,15.0,0.43,40.5,0.01,0.01,2317.685118,1776250828000
1776250830.136,30.136,0.58,15.0,0.57,40.5,0.59,215.11,0.6,959.07,0.41,215.11,0.4,959.07,0.42,15.0,0.43,40.5,0.01,0.01,2317.6767,1776250829000
1776250830.389,30.389,0.58,25.0,0.57,85.5,0.59,25.11,0.6,964.07,0.41,215.11,0.4,959.07,0.42,15.0,0.43,40.5,0.01,0.01,2317.6767,1776250829000
1776250830.734,30.734,0.58,50.5,0.57,90.5,0.59,26.71,0.6,938.57,0.41,23.41,0.4,954.07,0.42,25.0,0.43,85.5,0.01,0.01,2317.6767,1776250829000
1776250831.242,31.242,0.58,50.5,0.57,90.5,0.59,26.71,0.6,938.57,0.41,26.71,0.4,938.57,0.42,50.5,0.43,90.5,0.01,0.01,2317.759671,1776250830000
1776250831.505,31.505,0.58,145.5,0.57,105.5,0.6,868.39,0.61,62.0,0.41,10.01,0.4,871.57,0.42,145.5,0.43,105.5,0.02,0.01,2317.759671,1776250830000
1776250832.53,32.53,0.59,125.5,0.58,125.5,0.6,863.39,0.61,5.0,0.4,868.39,0.39,62.0,0.42,145.5,0.43,105.5,0.01,0.02,2317.759671,1776250830000
1776250832.778,32.778,0.59,178.5,0.58,128.5,0.6,831.39,0.62,5.0,0.4,842.39,0.37,65.5,0.41,173.5,0.42,128.5,0.01,0.01,2317.759671,1776250830000
1776250833.385,33.385,0.59,243.5,0.58,122.5,0.6,820.89,0.63,5.0,0.4,831.39,0.38,5.0,0.41,178.5,0.42,128.5,0.01,0.01,2317.782389,1776250831000
1776250833.939,33.939,0.59,66.0,0.58,79.0,0.6,863.39,0.61,65.0,0.4,863.39,0.39,65.0,0.41,66.0,0.42,79.0,0.01,0.01,2317.80845,1776250833000
1776250834.897,34.897,0.55,57.86,0.54,83.5,0.56,75.5,0.57,95.5,0.41,48.5,0.4,863.39,0.42,120.0,0.43,97.5,0.01,0.01,2317.80845,1776250833000
1776250835.164,35.164,0.55,5.0,0.54,68.0,0.56,99.09,0.57,95.5,0.44,75.5,0.43,95.5,0.45,57.86,0.46,83.5,0.01,0.01,2317.889659,1776250834000
1776250835.979,35.979,0.54,73.0,0.53,68.0,0.55,98.07,0.56,129.09,0.45,98.07,0.44,129.09,0.46,73.0,0.47,68.0,0.01,0.01,2317.910648,1776250835000
1776250836.403,36.403,0.54,2.82,0.53,5.0,0.55,118.98,0.56,131.09,0.45,123.98,0.44,131.09,0.46,60.0,0.47,60.0,0.01,0.01,2317.910648,1776250835000
1776250836.88,36.88,0.54,30.82,0.53,70.0,0.55,88.98,0.56,101.09,0.45,118.98,0.44,131.09,0.46,2.82,0.47,5.0,0.01,0.01,2317.910648,1776250835000
1776250837.158,37.158,0.54,30.82,0.53,70.0,0.55,88.98,0.56,101.09,0.45,88.98,0.44,101.09,0.46,30.82,0.47,70.0,0.01,0.01,2317.716357,1776250836000
1776250837.813,37.813,0.55,13.27,0.54,127.5,0.58,89.45,0.59,85.5,0.45,88.98,0.44,101.09,0.46,30.82,0.47,70.0,0.03,0.01,2317.716357,1776250836000
1776250838.189,38.189,0.57,170.5,0.56,58.5,0.58,6.95,0.59,70.5,0.42,89.45,0.41,85.5,0.45,13.27,0.46,127.5,0.01,0.03,2317.716357,1776250836000
1776250838.749,38.749,0.57,165.0,0.56,113.5,0.58,50.56,0.59,80.5,0.42,0.62,0.41,70.5,0.43,170.5,0.44,58.5,0.01,0.01,2317.7105,1776250837000
1776250839.286,39.286,0.57,10.0,0.56,73.0,0.58,96.21,0.59,85.5,0.42,50.56,0.41,80.5,0.43,165.0,0.44,113.5,0.01,0.01,2317.7105,1776250837000
1776250839.807,39.807,0.57,145.0,0.56,98.5,0.58,35.65,0.59,85.5,0.42,96.21,0.41,85.5,0.43,10.0,0.44,73.0,0.01,0.01,2317.606478,1776250838000
1776250840.303,40.303,0.57,137.67,0.56,103.5,0.58,33.74,0.59,85.5,0.42,33.74,0.41,85.5,0.43,137.67,0.44,103.5,0.01,0.01,2317.797325,1776250839000
1776250840.895,40.895,0.57,140.18,0.56,98.5,0.58,88.74,0.59,80.5,0.42,33.74,0.41,85.5,0.43,137.67,0.44,103.5,0.01,0.01,2317.797325,1776250839000
1776250841.353,41.353,0.57,137.85,0.56,98.5,0.58,88.74,0.59,80.5,0.42,88.74,0.41,80.5,0.43,137.85,0.44,98.5,0.01,0.01,2317.754901,1776250840000
1776250841.854,41.854,0.57,137.85,0.56,98.5,0.58,88.74,0.59,80.5,0.42,88.74,0.41,80.5,0.43,137.85,0.44,98.5,0.01,0.01,2317.847077,1776250841000
1776250842.521,42.521,0.57,52.85,0.56,80.0,0.58,92.89,0.59,87.5,0.42,94.74,0.41,87.5,0.43,32.85,0.44,75.0,0.01,0.01,2317.847077,1776250841000
1776250842.925,42.925,0.57,52.85,0.56,80.0,0.58,92.89,0.59,87.5,0.42,92.89,0.41,87.5,0.43,52.85,0.44,80.0,0.01,0.01,2317.762499,1776250842000
1776250844.003,44.003,0.57,52.85,0.56,80.0,0.58,92.89,0.59,87.5,0.42,92.89,0.41,87.5,0.43,52.85,0.44,80.0,0.01,0.01,2317.71735,1776250843000
1776250844.83,44.83,0.59,93.5,0.58,102.5,0.6,757.32,0.62,60.5,0.42,81.04,0.41,87.5,0.43,130.52,0.44,97.5,0.01,0.01,2317.71735,1776250843000
1776250845.283,45.283,0.59,163.5,0.58,97.5,0.6,735.95,0.62,50.0,0.4,737.64,0.38,60.5,0.41,128.5,0.42,87.5,0.01,0.01,2317.716612,1776250844000
1776250845.759,45.759,0.59,226.5,0.58,105.5,0.6,714.87,0.64,73.89,0.4,740.87,0.36,73.89,0.41,163.5,0.42,97.5,0.01,0.01,2317.716612,1776250844000
1776250845.979,45.979,0.59,221.5,0.58,105.5,0.6,711.34,0.64,78.89,0.4,711.41,0.36,78.89,0.41,221.5,0.42,105.5,0.01,0.01,2317.716612,1776250844000
1776250846.386,46.386,0.59,226.5,0.58,105.5,0.6,709.65,0.64,78.89,0.4,711.34,0.36,78.89,0.41,221.5,0.42,105.5,0.01,0.01,2317.716612,1776250844000
1776250846.669,46.669,0.59,221.5,0.58,118.5,0.6,698.65,0.64,78.89,0.4,709.65,0.36,78.89,0.41,226.5,0.42,105.5,0.01,0.01,2318.002135,1776250845000
1776250846.89,46.89,0.59,206.5,0.58,118.5,0.6,682.65,0.64,78.89,0.4,693.65,0.36,78.89,0.41,206.5,0.42,118.5,0.01,0.01,2318.002135,1776250845000
1776250847.775,47.775,0.59,241.5,0.58,129.5,0.6,675.86,0.63,10.5,0.4,682.65,0.36,78.89,0.41,206.5,0.42,118.5,0.01,0.01,2318.05662,1776250846000
1776250848.101,48.101,0.59,241.5,0.58,129.5,0.6,675.86,0.63,10.5,0.4,675.86,0.37,10.5,0.41,241.5,0.42,129.5,0.01,0.01,2318.07455,1776250847000
1776250849.136,49.136,0.59,241.5,0.58,129.5,0.6,679.07,0.64,86.89,0.4,675.86,0.37,10.5,0.41,241.5,0.42,129.5,0.01,0.01,2318.07455,1776250847000
1776250849.74,49.74,0.59,236.5,0.58,129.5,0.6,617.4,0.64,68.89,0.4,672.4,0.36,86.89,0.41,241.5,0.42,129.5,0.01,0.01,2318.104991,1776250848000
1776250850.276,50.276,0.59,236.5,0.58,129.5,0.6,617.4,0.64,68.89,0.4,617.4,0.36,68.89,0.41,236.5,0.42,129.5,0.01,0.01,2318.12225,1776250849000
1776250851.316,51.316,0.59,236.5,0.58,129.5,0.6,617.4,0.64,68.89,0.4,617.4,0.36,68.89,0.41,236.5,0.42,129.5,0.01,0.01,2318.202234,1776250850000
1776250851.523,51.523,0.59,206.5,0.58,119.5,0.6,616.0,0.62,50.0,0.4,618.0,0.38,50.0,0.41,206.5,0.42,119.5,0.01,0.01,2318.202234,1776250850000
1776250851.725,51.725,0.59,206.5,0.58,119.5,0.6,615.3,0.62,50.0,0.4,616.0,0.38,50.0,0.41,206.5,0.42,119.5,0.01,0.01,2318.202234,1776250850000
1776250852.363,52.363,0.59,206.5,0.58,119.5,0.6,615.3,0.62,50.0,0.4,615.3,0.38,50.0,0.41,206.5,0.42,119.5,0.01,0.01,2318.1422,1776250851000
1776250852.878,52.878,0.59,206.5,0.58,119.5,0.6,615.3,0.62,50.0,0.4,615.3,0.38,50.0,0.41,206.5,0.42,119.5,0.01,0.01,2318.1422,1776250852000
1776250853.108,53.108,0.59,188.5,0.58,124.5,0.6,602.6,0.63,60.5,0.4,615.3,0.38,50.0,0.41,206.5,0.42,119.5,0.01,0.01,2318.1422,1776250852000
1776250853.912,53.912,0.59,188.5,0.58,124.5,0.6,590.93,0.63,60.5,0.4,590.93,0.37,60.5,0.41,188.5,0.42,124.5,0.01,0.01,2318.13675,1776250853000
1776250854.56,54.56,0.59,193.5,0.58,124.5,0.6,589.14,0.63,60.5,0.4,590.93,0.37,60.5,0.41,188.5,0.42,124.5,0.01,0.01,2318.13675,1776250853000
1776250854.989,54.989,0.59,193.5,0.58,124.5,0.6,589.14,0.63,60.5,0.4,589.14,0.37,60.5,0.41,193.5,0.42,124.5,0.01,0.01,2318.12175,1776250854000
1776250855.313,55.313,0.58,11.0,0.57,85.0,0.6,717.64,0.61,120.5,0.4,589.14,0.37,60.5,0.41,193.5,0.42,124.5,0.02,0.01,2318.12175,1776250854000
1776250856.003,56.003,0.56,76.0,0.55,78.27,0.59,88.5,0.6,699.64,0.41,88.5,0.4,699.64,0.44,76.0,0.45,78.27,0.03,0.03,2318.166385,1776250855000
1776250857.117,57.117,0.56,76.0,0.55,78.27,0.59,88.5,0.6,699.64,0.41,88.5,0.4,699.64,0.44,76.0,0.45,78.27,0.03,0.03,2317.9779,1776250856000
1776250857.326,57.326,0.57,94.5,0.56,94.5,0.58,3.15,0.59,118.5,0.41,88.5,0.4,699.64,0.44,76.0,0.45,78.27,0.01,0.03,2317.9779,1776250856000
1776250858.166,58.166,0.57,89.84,0.56,89.5,0.58,3.15,0.59,118.5,0.42,3.15,0.41,118.5,0.43,89.84,0.44,89.5,0.01,0.01,2317.880745,1776250857000
1776250858.466,58.466,0.57,76.58,0.56,89.5,0.58,3.15,0.59,118.5,0.42,3.15,0.41,118.5,0.43,89.84,0.44,89.5,0.01,0.01,2317.880745,1776250857000
1776250859.226,59.226,0.57,76.58,0.56,89.5,0.58,3.15,0.59,118.5,0.42,3.15,0.41,118.5,0.43,76.58,0.44,89.5,0.01,0.01,2317.9656,1776250858000
1776250860.404,60.404,0.57,76.58,0.56,89.5,0.58,3.15,0.59,118.5,0.42,3.15,0.41,118.5,0.43,76.58,0.44,89.5,0.01,0.01,2317.871568,1776250859000
1776250861.322,61.322,0.57,61.58,0.56,94.5,0.58,76.3,0.59,110.5,0.42,76.3,0.41,110.5,0.43,61.58,0.44,94.5,0.01,0.01,2317.865518,1776250860000
1776250861.827,61.827,0.57,90.58,0.56,89.5,0.58,44.3,0.59,110.5,0.42,76.3,0.41,110.5,0.43,61.58,0.44,94.5,0.01,0.01,2317.865518,1776250860000
1776250862.201,62.201,0.57,53.0,0.56,89.5,0.58,108.07,0.59,120.5,0.42,44.3,0.41,110.5,0.43,90.58,0.44,89.5,0.01,0.01,2317.865518,1776250860000
1776250862.913,62.913,0.57,53.0,0.56,89.5,0.58,108.07,0.59,120.5,0.42,108.07,0.41,120.5,0.43,53.0,0.44,89.5,0.01,0.01,2317.865518,1776250861000
1776250863.128,63.128,0.57,29.72,0.56,19.0,0.58,118.07,0.59,125.5,0.42,108.07,0.41,120.5,0.43,53.0,0.44,89.5,0.01,0.01,2317.865518,1776250861000
1776250863.477,63.477,0.57,29.72,0.56,19.0,0.58,118.07,0.59,125.5,0.42,118.07,0.41,125.5,0.43,29.72,0.44,19.0,0.01,0.01,2317.865518,1776250862000
1776250863.83,63.83,0.56,18.0,0.55,38.0,0.57,60.5,0.58,118.07,0.42,123.07,0.41,125.5,0.43,8.86,0.44,18.0,0.01,0.01,2317.865518,1776250862000
1776250864.05,64.05,0.56,8.12,0.55,38.0,0.57,80.5,0.58,118.07,0.43,60.5,0.42,118.07,0.44,15.56,0.45,38.0,0.01,0.01,2317.865518,1776250862000
1776250865.426,65.426,0.56,29.68,0.55,43.0,0.57,113.74,0.58,113.07,0.43,113.74,0.42,113.07,0.44,29.68,0.45,43.0,0.01,0.01,2317.730691,1776250864000
1776250866.055,66.055,0.56,29.68,0.55,43.0,0.57,113.74,0.58,113.07,0.43,113.74,0.42,113.07,0.44,29.68,0.45,43.0,0.01,0.01,2317.710517,1776250865000
1776250867.042,67.042,0.56,57.0,0.55,97.5,0.57,68.74,0.58,80.5,0.43,91.98,0.42,90.5,0.44,26.0,0.45,37.0,0.01,0.01,2317.710517,1776250865000
1776250867.372,67.372,0.56,57.0,0.55,97.5,0.57,68.74,0.58,80.5,0.43,68.74,0.42,80.5,0.44,57.0,0.45,97.5,0.01,0.01,2317.694375,1776250866000
1776250868.033,68.033,0.56,57.0,0.55,97.5,0.57,68.74,0.58,80.5,0.43,68.74,0.42,80.5,0.44,57.0,0.45,97.5,0.01,0.01,2317.702564,1776250867000
1776250868.677,68.677,0.56,169.0,0.55,92.5,0.57,51.36,0.58,75.5,0.43,68.74,0.42,80.5,0.44,57.0,0.45,97.5,0.01,0.01,2317.702564,1776250867000
1776250869.537,69.537,0.56,169.0,0.55,92.5,0.57,51.36,0.58,75.5,0.43,51.36,0.42,75.5,0.44,169.0,0.45,92.5,0.01,0.01,2317.866,1776250868000
1776250870.136,70.136,0.56,114.0,0.55,123.5,0.57,49.86,0.58,65.5,0.43,49.86,0.42,65.5,0.44,114.0,0.45,123.5,0.01,0.01,2317.767545,1776250869000
1776250871.154,71.154,0.56,52.0,0.55,63.0,0.57,69.86,0.58,85.5,0.43,49.86,0.42,65.5,0.44,114.0,0.45,123.5,0.01,0.01,2317.767545,1776250869000
1776250871.754,71.754,0.56,52.0,0.55,63.0,0.57,69.86,0.58,85.5,0.43,69.86,0.42,85.5,0.44,52.0,0.45,63.0,0.01,0.01,2317.87535,1776250870000
1776250872.323,72.323,0.56,52.0,0.55,63.0,0.57,69.86,0.58,85.5,0.43,69.86,0.42,85.5,0.44,52.0,0.45,63.0,0.01,0.01,2317.87535,1776250871000
1776250872.917,72.917,0.56,52.0,0.55,63.0,0.57,69.86,0.58,85.5,0.43,69.86,0.42,85.5,0.44,52.0,0.45,63.0,0.01,0.01,2317.740117,1776250872000
1776250873.522,73.522,0.57,91.62,0.56,104.0,0.58,65.5,0.59,80.5,0.43,69.86,0.42,85.5,0.44,52.0,0.45,63.0,0.01,0.01,2317.740117,1776250872000
1776250874.083,74.083,0.59,113.5,0.58,132.5,0.6,569.14,0.62,50.0,0.42,65.5,0.41,80.5,0.43,91.62,0.44,104.0,0.01,0.01,2317.740117,1776250872000
1776250874.368,74.368,0.59,138.5,0.58,132.5,0.6,547.9,0.62,50.0,0.4,547.9,0.38,50.0,0.41,138.5,0.42,132.5,0.01,0.01,2317.741036,1776250873000
1776250874.582,74.582,0.59,178.5,0.58,144.5,0.6,500.8,0.63,65.5,0.4,495.9,0.38,50.0,0.41,98.5,0.42,132.5,0.01,0.01,2317.741036,1776250873000
1776250875.022,75.022,0.59,178.5,0.58,144.5,0.6,500.8,0.63,65.5,0.4,500.8,0.37,65.5,0.41,178.5,0.42,144.5,0.01,0.01,2317.874589,1776250874000
1776250875.554,75.554,0.59,55.0,0.58,102.5,0.6,581.21,0.61,70.5,0.4,500.8,0.37,65.5,0.41,178.5,0.42,144.5,0.01,0.01,2317.874589,1776250874000
1776250876.368,76.368,0.59,55.0,0.58,102.5,0.6,581.21,0.61,70.5,0.4,581.21,0.39,70.5,0.41,55.0,0.42,102.5,0.01,0.01,2318.04738,1776250875000
1776250876.665,76.665,0.59,172.5,0.58,102.5,0.6,402.33,0.64,5.0,0.4,452.33,0.36,5.0,0.41,198.5,0.42,102.5,0.01,0.01,2318.04738,1776250875000
1776250876.891,76.891,0.59,213.5,0.58,102.5,0.6,251.52,0.64,5.0,0.4,266.52,0.36,5.0,0.41,218.5,0.42,102.5,0.01,0.01,2318.04738,1776250875000
1776250877.18,77.18,0.59,225.5,0.58,104.5,0.6,245.09,0.64,10.0,0.4,256.49,0.39,5.0,0.41,225.5,0.42,109.5,0.01,0.01,2318.04738,1776250875000
1776250877.395,77.395,0.59,230.5,0.58,104.5,0.6,164.91,0.64,10.0,0.4,179.91,0.36,10.0,0.41,230.5,0.42,104.5,0.01,0.01,2317.94281,1776250876000
1776250877.654,77.654,0.59,235.5,0.58,134.5,0.6,138.42,0.64,10.0,0.4,143.51,0.36,10.0,0.41,230.5,0.42,104.5,0.01,0.01,2317.94281,1776250876000
1776250877.876,77.876,0.59,228.06,0.58,134.5,0.6,62.54,0.64,10.0,0.4,73.54,0.36,10.0,0.41,233.06,0.42,134.5,0.01,0.01,2317.94281,1776250876000
1776250878.171,78.171,0.59,255.06,0.58,134.5,0.6,11.99,0.64,10.0,0.4,16.99,0.36,10.0,0.41,228.06,0.42,134.5,0.01,0.01,2317.94281,1776250876000
1776250878.381,78.381,0.59,250.06,0.58,134.5,0.64,10.0,0.65,5.0,0.36,10.0,0.35,5.0,0.41,250.06,0.42,134.5,0.05,0.05,2318.036881,1776250877000
1776250878.709,78.709,0.64,91.0,0.63,37.0,0.65,8.96,0.66,10.0,0.36,10.0,0.35,5.0,0.41,250.06,0.42,134.5,0.01,0.05,2318.036881,1776250877000
1776250878.912,78.912,0.64,142.0,0.63,57.0,0.66,10.0,0.67,5.0,0.35,8.96,0.34,10.0,0.36,91.0,0.37,37.0,0.02,0.01,2318.036881,1776250877000
1776250879.274,79.274,0.66,137.5,0.65,96.5,0.68,19.19,0.69,65.5,0.34,10.0,0.33,5.0,0.36,142.0,0.37,57.0,0.02,0.02,2318.39984,1776250878000
1776250879.498,79.498,0.67,122.5,0.66,112.5,0.68,68.89,0.69,70.5,0.32,19.19,0.31,65.5,0.34,137.5,0.35,96.5,0.01,0.02,2318.39984,1776250878000
1776250880.112,80.112,0.67,122.5,0.66,112.5,0.68,68.89,0.69,70.5,0.32,68.89,0.31,70.5,0.33,122.5,0.34,112.5,0.01,0.01,2318.498651,1776250879000
1776250880.825,80.825,0.68,161.0,0.67,156.5,0.69,58.4,0.7,70.5,0.32,33.89,0.31,60.0,0.33,137.5,0.34,137.5,0.01,0.01,2318.498651,1776250879000
1776250881.153,81.153,0.68,161.0,0.67,156.5,0.69,6.55,0.7,70.5,0.31,6.55,0.3,70.5,0.32,161.0,0.33,156.5,0.01,0.01,2318.74129,1776250880000
1776250881.835,81.835,0.69,199.0,0.68,144.5,0.7,58.57,0.71,70.5,0.3,65.5,0.29,65.5,0.32,232.5,0.33,151.5,0.01,0.02,2318.74129,1776250880000
1776250882.305,82.305,0.69,199.0,0.68,144.5,0.7,58.57,0.71,70.5,0.3,58.57,0.29,70.5,0.31,199.0,0.32,144.5,0.01,0.01,2318.6573,1776250881000
1776250883.342,83.342,0.69,199.0,0.68,144.5,0.7,58.57,0.71,70.5,0.3,58.57,0.29,70.5,0.31,199.0,0.32,144.5,0.01,0.01,2318.6723,1776250882000
1776250883.706,83.706,0.69,204.03,0.68,164.5,0.7,60.0,0.71,70.5,0.3,58.57,0.29,70.5,0.31,199.0,0.32,144.5,0.01,0.01,2318.6723,1776250882000
1776250884.346,84.346,0.69,199.03,0.68,164.5,0.7,55.71,0.71,70.5,0.3,55.71,0.29,70.5,0.31,199.03,0.32,164.5,0.01,0.01,2318.797795,1776250883000
1776250884.923,84.923,0.69,199.03,0.68,164.5,0.7,55.71,0.71,70.5,0.3,55.71,0.29,70.5,0.31,199.03,0.32,164.5,0.01,0.01,2318.7136,1776250884000
1776250885.784,85.784,0.69,13.03,0.68,124.0,0.7,71.21,0.71,70.5,0.3,55.71,0.29,70.5,0.31,199.03,0.32,164.5,0.01,0.01,2318.7136,1776250884000
1776250886.128,86.128,0.69,3.35,0.68,124.0,0.7,71.21,0.71,70.5,0.3,71.21,0.29,70.5,0.31,3.35,0.32,124.0,0.01,0.01,2318.7136,1776250885000
1776250887.176,87.176,0.69,3.35,0.68,124.0,0.7,71.21,0.71,70.5,0.3,71.21,0.29,70.5,0.31,3.35,0.32,124.0,0.01,0.01,2318.71065,1776250886000
1776250887.54,87.54,0.73,60.0,0.72,20.0,0.74,48.69,0.75,75.0,0.26,50.78,0.25,75.0,0.27,60.0,0.28,20.0,0.01,0.01,2318.71065,1776250886000
1776250888.195,88.195,0.73,60.0,0.72,20.0,0.74,48.69,0.75,75.0,0.26,48.69,0.25,75.0,0.27,60.0,0.28,20.0,0.01,0.01,2318.7136,1776250887000
1776250888.506,88.506,0.73,95.0,0.72,101.5,0.74,47.15,0.75,70.0,0.26,47.24,0.25,70.0,0.27,25.0,0.28,101.5,0.01,0.01,2318.7136,1776250887000
1776250889.046,89.046,0.73,57.59,0.72,101.5,0.74,5.0,0.75,15.0,0.26,47.15,0.25,70.0,0.27,95.0,0.28,101.5,0.01,0.01,2318.7136,1776250887000
1776250889.271,89.271,0.76,90.0,0.75,85.5,0.77,52.42,0.78,65.5,0.26,5.0,0.25,15.0,0.27,57.59,0.28,101.5,0.01,0.01,2318.81414,1776250888000
1776250889.63,89.63,0.76,65.0,0.75,85.5,0.77,50.01,0.78,65.5,0.23,50.21,0.22,65.5,0.24,75.0,0.25,85.5,0.01,0.01,2318.81414,1776250888000
1776250889.852,89.852,0.76,175.0,0.75,90.5,0.77,46.39,0.78,70.5,0.23,50.01,0.22,65.5,0.24,65.0,0.25,85.5,0.01,0.01,2318.81414,1776250888000
1776250890.097,90.097,0.76,115.0,0.75,90.5,0.77,30.5,0.78,70.5,0.23,34.47,0.22,70.5,0.24,115.0,0.25,90.5,0.01,0.01,2318.81414,1776250888000
1776250890.368,90.368,0.76,115.0,0.75,102.5,0.77,18.93,0.78,70.5,0.23,24.0,0.22,70.5,0.24,120.0,0.25,102.5,0.01,0.01,2318.817449,1776250889000
1776250891.298,91.298,0.76,115.0,0.75,102.5,0.77,18.93,0.78,70.5,0.23,18.93,0.22,70.5,0.24,115.0,0.25,102.5,0.01,0.01,2319.062289,1776250890000
1776250891.585,91.585,0.78,128.65,0.77,125.5,0.79,2.92,0.8,90.5,0.21,5.0,0.2,90.5,0.22,128.65,0.23,125.5,0.01,0.01,2319.062289,1776250890000
1776250892.452,92.452,0.78,128.65,0.77,125.5,0.79,2.92,0.8,90.5,0.21,2.92,0.2,90.5,0.22,128.65,0.23,125.5,0.01,0.01,2319.200707,1776250891000
1776250893.201,93.201,0.79,120.0,0.78,119.65,0.8,94.21,0.81,60.31,0.21,43.39,0.2,90.5,0.22,184.65,0.23,125.5,0.01,0.01,2319.200707,1776250891000
1776250893.553,93.553,0.79,120.0,0.78,119.65,0.8,94.21,0.81,60.31,0.2,94.21,0.19,60.31,0.21,120.0,0.22,119.65,0.01,0.01,2319.326765,1776250892000
1776250893.857,93.857,0.79,120.0,0.78,119.65,0.8,79.06,0.81,70.81,0.2,94.21,0.19,60.31,0.21,120.0,0.22,119.65,0.01,0.01,2319.326765,1776250892000
1776250894.354,94.354,0.79,120.0,0.78,119.65,0.8,79.06,0.81,70.81,0.2,79.06,0.19,70.81,0.21,120.0,0.22,119.65,0.01,0.01,2319.3858,1776250893000
1776250894.928,94.928,0.79,120.0,0.78,119.65,0.8,93.31,0.81,75.81,0.2,79.06,0.19,70.81,0.21,120.0,0.22,119.65,0.01,0.01,2319.3858,1776250893000
1776250895.309,95.309,0.79,120.0,0.78,119.65,0.8,93.31,0.81,75.81,0.2,93.31,0.19,75.81,0.21,120.0,0.22,119.65,0.01,0.01,2319.408278,1776250894000
1776250895.97,95.97,0.79,120.0,0.78,119.65,0.8,93.31,0.81,75.81,0.2,93.31,0.19,75.81,0.21,120.0,0.22,119.65,0.01,0.01,2319.37355,1776250895000
1776250896.966,96.966,0.79,120.0,0.78,124.65,0.8,76.47,0.81,70.81,0.2,93.31,0.19,75.81,0.21,120.0,0.22,119.65,0.01,0.01,2319.37355,1776250895000
1776250897.523,97.523,0.79,120.0,0.78,124.65,0.8,76.47,0.81,70.81,0.2,76.47,0.19,70.81,0.21,120.0,0.22,124.65,0.01,0.01,2319.438922,1776250896000
1776250898.171,98.171,0.79,120.0,0.78,124.65,0.8,76.47,0.81,70.81,0.2,76.47,0.19,70.81,0.21,120.0,0.22,124.65,0.01,0.01,2319.374149,1776250897000
1776250898.602,98.602,0.79,142.5,0.78,91.65,0.8,6.83,0.85,89.19,0.2,76.47,0.19,70.81,0.21,120.0,0.22,124.65,0.01,0.01,2319.374149,1776250897000
1776250898.948,98.948,0.83,15.0,0.82,25.5,0.84,36.31,0.85,88.0,0.15,27.5,0.14,55.0,0.21,152.5,0.22,91.65,0.01,0.06,2319.374149,1776250897000
1776250899.189,99.189,0.83,20.0,0.82,30.5,0.85,83.4,0.86,55.0,0.16,1.42,0.15,110.0,0.17,15.0,0.18,25.5,0.02,0.01,2319.374149,1776250897000
1776250899.622,99.622,0.83,20.0,0.82,30.5,0.85,83.4,0.86,55.0,0.15,83.4,0.14,55.0,0.17,20.0,0.18,30.5,0.02,0.02,2319.3689,1776250898000
1776250900.423,100.423,0.83,20.0,0.82,30.5,0.85,83.4,0.86,55.0,0.15,83.4,0.14,55.0,0.17,20.0,0.18,30.5,0.02,0.02,2319.46785,1776250899000
1776250900.857,100.857,0.81,37.55,0.8,55.0,0.83,48.5,0.84,41.81,0.15,83.4,0.14,55.0,0.17,20.0,0.18,30.5,0.02,0.02,2319.46785,1776250899000
1776250901.224,101.224,0.81,654.53,0.8,142.48,0.82,19.19,0.83,68.5,0.17,48.5,0.16,41.81,0.19,37.55,0.2,55.0,0.01,0.02,2319.764774,1776250900000
1776250901.865,101.865,0.81,15.0,0.8,43.0,0.82,24.06,0.83,68.5,0.18,19.19,0.17,68.5,0.19,654.53,0.2,142.48,0.01,0.01,2319.764774,1776250900000
1776250902.07,102.07,0.81,15.0,0.8,43.0,0.82,16.83,0.83,68.5,0.18,24.06,0.17,68.5,0.19,15.0,0.2,43.0,0.01,0.01,2319.764774,1776250900000
1776250902.32,102.32,0.81,25.0,0.8,41.0,0.82,10.48,0.83,68.5,0.18,16.83,0.17,68.5,0.19,15.0,0.2,43.0,0.01,0.01,2319.764774,1776250900000
1776250902.526,102.526,0.81,25.0,0.8,41.0,0.82,10.48,0.83,68.5,0.18,10.48,0.17,68.5,0.19,25.0,0.2,41.0,0.01,0.01,2319.729347,1776250901000
1776250902.905,102.905,0.81,20.0,0.8,396.5,0.82,93.66,0.83,118.5,0.18,10.48,0.17,68.5,0.19,25.0,0.2,41.0,0.01,0.01,2319.729347,1776250901000
1776250903.256,103.256,0.81,882.67,0.8,495.98,0.82,60.51,0.83,93.5,0.18,85.0,0.17,108.5,0.19,495.35,0.2,446.24,0.01,0.01,2319.729347,1776250901000
1776250903.866,103.866,0.81,232.43,0.8,446.24,0.82,55.0,0.83,93.5,0.18,55.51,0.17,98.5,0.19,20.0,0.2,396.5,0.01,0.01,2319.615337,1776250902000
1776250904.443,104.443,0.81,20.5,0.8,401.5,0.82,53.69,0.83,93.5,0.18,55.0,0.17,93.5,0.19,232.43,0.2,446.24,0.01,0.01,2319.615337,1776250902000
1776250904.779,104.779,0.81,20.5,0.8,401.5,0.82,53.69,0.83,93.5,0.18,53.69,0.17,93.5,0.19,20.5,0.2,401.5,0.01,0.01,2319.55375,1776250903000
1776250905.623,105.623,0.81,20.5,0.8,401.5,0.82,53.69,0.83,93.5,0.18,53.69,0.17,93.5,0.19,20.5,0.2,401.5,0.01,0.01,2319.703964,1776250904000
1776250906.228,106.228,0.81,833.28,0.8,545.72,0.82,43.9,0.83,108.5,0.18,43.9,0.17,108.5,0.19,833.28,0.2,545.72,0.01,0.01,2319.758455,1776250905000
1776250907.818,107.818,0.81,833.28,0.8,545.72,0.82,43.9,0.83,108.5,0.18,43.9,0.17,108.5,0.19,833.28,0.2,545.72,0.01,0.01,2319.54602,1776250906000
1776250908.11,108.11,0.82,81.0,0.81,80.5,0.83,92.21,0.84,96.81,0.18,43.9,0.17,108.5,0.19,833.28,0.2,545.72,0.01,0.01,2319.54602,1776250906000
1776250908.601,108.601,0.82,81.0,0.81,80.5,0.83,92.21,0.84,96.81,0.17,92.21,0.16,96.81,0.18,81.0,0.19,80.5,0.01,0.01,2319.740925,1776250907000
1776250909.49,109.49,0.82,81.0,0.81,80.5,0.83,92.21,0.84,96.81,0.17,92.21,0.16,96.81,0.18,81.0,0.19,80.5,0.01,0.01,2319.564198,1776250908000
1776250910.049,110.049,0.82,165.44,0.81,132.45,0.83,97.21,0.84,96.81,0.17,97.21,0.16,96.81,0.18,165.44,0.19,132.45,0.01,0.01,2319.564123,1776250909000
1776250911.013,111.013,0.84,200.5,0.83,35.5,0.85,8.31,0.87,65.5,0.17,97.21,0.16,96.81,0.18,165.44,0.19,132.45,0.01,0.01,2319.564123,1776250909000
1776250911.561,111.561,0.86,288.0,0.85,130.5,0.87,72.28,0.88,60.0,0.13,64.68,0.12,81.3,0.16,200.5,0.17,35.5,0.01,0.03,2319.564123,1776250909000
1776250912.093,112.093,0.86,288.0,0.85,130.5,0.87,72.28,0.88,60.0,0.13,72.28,0.12,60.0,0.14,288.0,0.15,130.5,0.01,0.01,2319.718065,1776250911000
1776250912.297,112.297,0.86,313.0,0.85,205.5,0.87,69.28,0.88,60.0,0.13,72.28,0.12,60.0,0.14,288.0,0.15,130.5,0.01,0.01,2319.718065,1776250911000
1776250913.27,113.27,0.86,313.0,0.85,205.5,0.87,69.28,0.88,60.0,0.13,69.28,0.12,60.0,0.14,313.0,0.15,205.5,0.01,0.01,2319.962175,1776250912000
1776250913.937,113.937,0.87,483.0,0.86,153.0,0.88,75.83,0.89,75.5,0.13,68.26,0.12,60.0,0.14,251.0,0.15,210.5,0.01,0.01,2319.962175,1776250912000
1776250914.433,114.433,0.87,161.0,0.86,208.0,0.88,81.14,0.89,80.5,0.12,22.82,0.11,80.5,0.13,156.0,0.14,208.0,0.01,0.01,2319.962175,1776250912000
1776250915.181,115.181,0.87,216.0,0.86,218.0,0.88,67.74,0.89,80.5,0.12,81.14,0.11,80.5,0.13,161.0,0.14,208.0,0.01,0.01,2319.907426,1776250913000
1776250915.676,115.676,0.87,216.0,0.86,218.0,0.88,67.74,0.89,80.5,0.12,67.74,0.11,80.5,0.13,216.0,0.14,218.0,0.01,0.01,2319.982467,1776250914000
1776250915.994,115.994,0.87,216.0,0.86,218.0,0.88,67.74,0.89,80.5,0.12,67.74,0.11,80.5,0.13,216.0,0.14,218.0,0.01,0.01,2320.0245,1776250915000
1776250916.573,116.573,0.9,274.07,0.89,241.61,0.91,55.0,0.92,145.99,0.12,67.74,0.11,80.5,0.13,216.0,0.14,218.0,0.01,0.01,2320.0245,1776250915000
1776250917.004,117.004,0.9,305.07,0.89,241.61,0.91,1.6,0.92,145.99,0.09,55.0,0.08,145.99,0.1,274.07,0.11,241.61,0.01,0.01,2320.0245,1776250915000
1776250917.35,117.35,0.9,205.07,0.89,246.61,0.91,1.6,0.92,145.99,0.09,1.6,0.08,145.99,0.1,305.07,0.11,241.61,0.01,0.01,2320.063923,1776250916000
1776250917.571,117.571,0.9,227.07,0.89,246.61,0.91,1.6,0.92,70.0,0.09,1.6,0.08,145.99,0.1,205.07,0.11,246.61,0.01,0.01,2320.063923,1776250916000
1776250917.843,117.843,0.9,237.07,0.89,257.11,0.92,68.32,0.93,199.99,0.09,1.6,0.08,70.0,0.1,227.07,0.11,246.61,0.02,0.01,2320.063923,1776250916000
1776250918.245,118.245,0.91,298.94,0.9,222.07,0.92,80.94,0.93,199.99,0.08,68.32,0.07,199.99,0.1,237.07,0.11,257.11,0.01,0.02,2320.063923,1776250916000
1776250918.841,118.841,0.91,297.43,0.9,222.07,0.92,70.0,0.93,192.99,0.08,80.94,0.07,199.99,0.09,298.94,0.1,222.07,0.01,0.01,2320.427085,1776250917000
1776250919.488,119.488,0.91,297.43,0.9,222.07,0.92,70.0,0.93,192.99,0.08,70.0,0.07,192.99,0.09,297.43,0.1,222.07,0.01,0.01,2320.45293,1776250918000
1776250920.121,120.121,0.91,297.43,0.9,222.07,0.92,70.0,0.93,192.99,0.08,70.0,0.07,192.99,0.09,297.43,0.1,222.07,0.01,0.01,2320.45375,1776250919000
1776250920.682,120.682,0.91,223.0,0.9,125.0,0.92,202.92,0.93,126.3,0.08,70.0,0.07,192.99,0.09,297.43,0.1,222.07,0.01,0.01,2320.45375,1776250919000
1776250921.032,121.032,0.91,173.0,0.9,125.0,0.92,202.92,0.93,126.3,0.08,202.92,0.07,126.3,0.09,173.0,0.1,125.0,0.01,0.01,2320.48305,1776250920000
1776250921.623,121.623,0.89,306.51,0.88,510.5,0.9,65.0,0.91,149.99,0.08,193.91,0.07,126.3,0.11,480.61,0.12,635.5,0.01,0.03,2320.48305,1776250920000
1776250922.228,122.228,0.89,306.51,0.88,510.5,0.9,65.0,0.91,149.99,0.1,65.0,0.09,149.99,0.11,306.51,0.12,510.5,0.01,0.01,2320.414498,1776250921000
1776250923.3,123.3,0.84,75.5,0.83,80.5,0.85,9.11,0.86,20.0,0.1,65.0,0.09,149.99,0.11,306.51,0.12,510.5,0.01,0.01,2320.414498,1776250921000
1776250923.747,123.747,0.85,18.33,0.84,60.16,0.87,85.5,0.88,126.8,0.13,80.5,0.12,110.8,0.14,162.51,0.16,60.16,0.02,0.01,2320.2691,1776250922000
1776250924.023,124.023,0.85,18.33,0.84,60.16,0.87,85.5,0.88,126.8,0.13,85.5,0.12,126.8,0.15,18.33,0.16,60.16,0.02,0.02,2320.1805,1776250923000
1776250924.747,124.747,0.85,23.33,0.84,244.32,0.86,53.87,0.87,75.5,0.13,85.5,0.12,126.8,0.15,18.33,0.16,60.16,0.01,0.02,2320.1805,1776250923000
1776250925.054,125.054,0.85,23.33,0.84,244.32,0.86,53.87,0.87,75.5,0.14,53.87,0.13,75.5,0.15,23.33,0.16,244.32,0.01,0.01,2319.944368,1776250924000
1776250926.632,126.632,0.85,23.33,0.84,244.32,0.86,53.87,0.87,75.5,0.14,53.87,0.13,75.5,0.15,23.33,0.16,244.32,0.01,0.01,2319.78162,1776250925000
1776250927.289,127.289,0.85,23.33,0.84,244.32,0.86,53.87,0.87,75.5,0.14,53.87,0.13,75.5,0.15,23.33,0.16,244.32,0.01,0.01,2319.713381,1776250926000
1776250927.835,127.835,0.87,84.0,0.86,85.5,0.88,74.86,0.89,174.49,0.14,53.87,0.13,75.5,0.15,23.33,0.16,244.32,0.01,0.01,2319.713381,1776250926000
1776250928.786,128.786,0.86,12.85,0.85,83.83,0.87,65.0,0.88,167.35,0.12,74.86,0.11,174.49,0.13,84.0,0.14,85.5,0.01,0.01,2319.625574,1776250927000
1776250929.85,129.85,0.86,12.85,0.85,83.83,0.87,65.0,0.88,167.35,0.13,65.0,0.12,167.35,0.14,12.85,0.15,83.83,0.01,0.01,2319.641714,1776250929000
1776250931.31,131.31,0.87,66.76,0.86,88.35,0.88,71.0,0.89,141.49,0.12,71.0,0.11,141.49,0.13,66.76,0.14,88.35,0.01,0.01,2319.659244,1776250930000
1776250932.366,132.366,0.87,66.76,0.86,88.35,0.88,71.0,0.89,141.49,0.12,71.0,0.11,141.49,0.13,66.76,0.14,88.35,0.01,0.01,2319.720105,1776250931000
1776250932.886,132.886,0.87,66.76,0.86,88.35,0.88,71.0,0.89,141.49,0.12,71.0,0.11,141.49,0.13,66.76,0.14,88.35,0.01,0.01,2319.728227,1776250932000
1776250933.872,133.872,0.87,66.76,0.86,88.35,0.88,71.0,0.89,141.49,0.12,71.0,0.11,141.49,0.13,66.76,0.14,88.35,0.01,0.01,2319.776177,1776250933000
1776250934.105,134.105,0.88,170.0,0.87,131.5,0.89,114.99,0.9,127.5,0.12,71.0,0.11,141.49,0.13,66.76,0.14,88.35,0.01,0.01,2319.776177,1776250933000
1776250934.873,134.873,0.88,170.0,0.87,131.5,0.89,114.99,0.9,127.5,0.11,114.99,0.1,127.5,0.12,170.0,0.13,131.5,0.01,0.01,2319.629772,1776250934000
1776250935.42,135.42,0.89,102.0,0.88,150.5,0.9,165.97,0.91,164.0,0.11,114.99,0.1,127.5,0.12,170.0,0.13,131.5,0.01,0.01,2319.629772,1776250934000
1776250935.89,135.89,0.89,102.0,0.88,150.5,0.9,165.97,0.91,164.0,0.1,165.97,0.09,164.0,0.11,102.0,0.12,150.5,0.01,0.01,2319.6839,1776250935000
1776250936.107,136.107,0.89,95.0,0.88,140.5,0.9,164.78,0.91,164.0,0.1,165.97,0.09,164.0,0.11,102.0,0.12,150.5,0.01,0.01,2319.6839,1776250935000
1776250936.955,136.955,0.89,95.0,0.88,140.5,0.9,164.78,0.91,164.0,0.1,164.78,0.09,164.0,0.11,95.0,0.12,140.5,0.01,0.01,2319.841887,1776250936000
1776250937.916,137.916,0.9,20.0,0.89,126.0,0.91,58.29,0.92,119.0,0.1,164.78,0.09,164.0,0.11,95.0,0.12,140.5,0.01,0.01,2319.841887,1776250936000
1776250938.13,138.13,0.9,135.0,0.89,136.0,0.91,76.15,0.92,119.0,0.09,58.29,0.08,119.0,0.1,20.0,0.11,126.0,0.01,0.01,2319.897077,1776250937000
1776250939.035,139.035,0.9,135.0,0.89,136.0,0.91,76.15,0.92,119.0,0.09,76.15,0.08,119.0,0.1,135.0,0.11,136.0,0.01,0.01,2319.898103,1776250938000
1776250940.19,140.19,0.9,135.0,0.89,136.0,0.91,76.15,0.92,119.0,0.09,76.15,0.08,119.0,0.1,135.0,0.11,136.0,0.01,0.01,2319.9439,1776250939000
1776250940.576,140.576,0.9,19.34,0.89,80.0,0.91,174.51,0.92,147.0,0.09,76.15,0.08,119.0,0.1,135.0,0.11,136.0,0.01,0.01,2319.9439,1776250939000
1776250941.782,141.782,0.9,60.34,0.89,80.0,0.91,119.51,0.92,147.0,0.09,119.51,0.08,147.0,0.1,60.34,0.11,80.0,0.01,0.01,2319.98375,1776250940000
1776250942.532,142.532,0.9,60.34,0.89,80.0,0.91,119.51,0.92,147.0,0.09,119.51,0.08,147.0,0.1,60.34,0.11,80.0,0.01,0.01,2319.997281,1776250941000
1776250942.803,142.803,0.87,55.0,0.86,75.5,0.9,17.66,0.91,220.21,0.09,119.51,0.08,147.0,0.1,60.34,0.11,80.0,0.03,0.01,2319.997281,1776250941000
1776250943.117,143.117,0.87,55.0,0.86,75.5,0.88,55.88,0.89,25.5,0.1,17.66,0.09,220.21,0.13,55.0,0.14,75.5,0.01,0.03,2319.997281,1776250941000
1776250944.602,144.602,0.87,55.0,0.86,75.5,0.88,55.88,0.89,25.5,0.12,55.88,0.11,25.5,0.13,55.0,0.14,75.5,0.01,0.01,2319.939069,1776250943000
1776250945.178,145.178,0.87,55.0,0.86,75.5,0.88,55.88,0.89,25.5,0.12,55.88,0.11,25.5,0.13,55.0,0.14,75.5,0.01,0.01,2319.722101,1776250944000
1776250946.604,146.604,0.87,55.0,0.86,75.5,0.88,55.88,0.89,25.5,0.12,55.88,0.11,25.5,0.13,55.0,0.14,75.5,0.01,0.01,2319.544509,1776250945000
1776250947.318,147.318,0.87,55.0,0.86,75.5,0.88,55.88,0.89,25.5,0.12,55.88,0.11,25.5,0.13,55.0,0.14,75.5,0.01,0.01,2319.622816,1776250946000
1776250948.085,148.085,0.87,55.0,0.86,75.5,0.88,55.88,0.89,25.5,0.12,55.88,0.11,25.5,0.13,55.0,0.14,75.5,0.01,0.01,2319.6658,1776250947000
1776250949.406,149.406,0.87,55.0,0.86,75.5,0.88,55.88,0.89,25.5,0.12,55.88,0.11,25.5,0.13,55.0,0.14,75.5,0.01,0.01,2319.699968,1776250948000
1776250950.019,150.019,0.87,55.0,0.86,75.5,0.88,55.88,0.89,25.5,0.12,55.88,0.11,25.5,0.13,55.0,0.14,75.5,0.01,0.01,2319.739116,1776250949000
1776250950.758,150.758,0.89,60.0,0.88,75.5,0.9,124.61,0.91,108.0,0.12,55.88,0.11,25.5,0.13,55.0,0.14,75.5,0.01,0.01,2319.739116,1776250949000
1776250951.33,151.33,0.89,60.0,0.88,75.5,0.9,116.24,0.91,108.0,0.1,116.24,0.09,108.0,0.11,60.0,0.12,75.5,0.01,0.01,2319.826577,1776250950000
1776250951.944,151.944,0.86,10.0,0.85,175.5,0.87,81.34,0.88,147.91,0.12,24.0,0.11,144.49,0.13,55.0,0.14,75.5,0.01,0.01,2319.826577,1776250950000
1776250952.429,152.429,0.86,52.42,0.85,175.5,0.87,98.34,0.88,147.91,0.13,109.34,0.12,147.91,0.14,50.66,0.15,175.5,0.01,0.01,2319.89228,1776250951000
1776250952.886,152.886,0.86,45.27,0.85,175.5,0.87,103.34,0.88,147.91,0.13,98.34,0.12,147.91,0.14,52.42,0.15,175.5,0.01,0.01,2319.89228,1776250951000
1776250953.69,153.69,0.86,45.27,0.85,175.5,0.87,103.34,0.88,147.91,0.13,103.34,0.12,147.91,0.14,45.27,0.15,175.5,0.01,0.01,2319.634886,1776250952000
1776250954.36,154.36,0.86,45.27,0.85,175.5,0.87,103.34,0.88,147.91,0.13,103.34,0.12,147.91,0.14,45.27,0.15,175.5,0.01,0.01,2319.602759,1776250953000
1776250954.961,154.961,0.86,50.27,0.85,180.5,0.87,33.9,0.88,165.91,0.13,103.34,0.12,147.91,0.14,45.27,0.15,175.5,0.01,0.01,2319.602759,1776250953000
1776250955.307,155.307,0.86,70.0,0.85,180.5,0.87,33.15,0.88,165.91,0.13,33.9,0.12,165.91,0.14,50.27,0.15,180.5,0.01,0.01,2319.425697,1776250954000
1776250956.42,156.42,0.86,65.0,0.85,180.5,0.87,30.85,0.88,165.91,0.13,30.85,0.12,165.91,0.14,65.0,0.15,180.5,0.01,0.01,2319.443816,1776250955000
1776250957.097,157.097,0.86,65.0,0.85,180.5,0.87,30.85,0.88,165.91,0.13,30.85,0.12,165.91,0.14,65.0,0.15,180.5,0.01,0.01,2319.398188,1776250956000
1776250957.871,157.871,0.87,72.3,0.86,17.85,0.88,82.49,0.89,141.49,0.13,69.76,0.12,139.9,0.14,7.85,0.15,180.5,0.01,0.01,2319.398188,1776250956000
1776250958.113,158.113,0.86,5.0,0.85,170.5,0.87,156.6,0.88,108.9,0.12,82.49,0.11,141.49,0.13,72.3,0.14,17.85,0.01,0.01,2319.398188,1776250956000
1776250958.821,158.821,0.85,84.53,0.84,6.0,0.86,216.71,0.87,127.25,0.13,156.6,0.12,108.9,0.14,5.0,0.15,170.5,0.01,0.01,2319.439996,1776250957000
1776250959.259,159.259,0.81,5.0,0.8,73.75,0.84,12.14,0.86,283.7,0.16,12.14,0.14,283.7,0.19,5.0,0.2,73.75,0.03,0.03,2319.533447,1776250958000
1776250960.222,160.222,0.81,85.5,0.8,89.25,0.82,4.69,0.83,29.94,0.18,4.69,0.17,29.94,0.19,85.5,0.2,89.25,0.01,0.01,2319.354484,1776250959000
1776250961.197,161.197,0.81,85.5,0.8,89.25,0.82,4.69,0.83,29.94,0.18,4.69,0.17,29.94,0.19,85.5,0.2,89.25,0.01,0.01,2319.138725,1776250960000
1776250962.187,162.187,0.81,85.5,0.8,89.25,0.82,4.69,0.83,29.94,0.18,4.69,0.17,29.94,0.19,85.5,0.2,89.25,0.01,0.01,2319.186674,1776250961000
1776250963.011,163.011,0.81,160.08,0.8,89.25,0.83,9.54,0.84,36.14,0.18,4.69,0.17,29.94,0.19,85.5,0.2,89.25,0.02,0.01,2319.186674,1776250961000
1776250963.211,163.211,0.81,154.81,0.8,89.25,0.83,9.54,0.84,36.14,0.17,9.54,0.16,36.14,0.19,154.81,0.2,89.25,0.02,0.02,2319.186936,1776250962000
1776250964.151,164.151,0.81,154.81,0.8,89.25,0.83,9.54,0.84,36.14,0.17,9.54,0.16,36.14,0.19,154.81,0.2,89.25,0.02,0.02,2319.196068,1776250963000
1776250964.726,164.726,0.82,85.5,0.81,80.23,0.84,36.14,0.85,70.5,0.17,9.54,0.16,36.14,0.19,154.81,0.2,89.25,0.02,0.02,2319.196068,1776250963000
1776250965.201,165.201,0.82,85.5,0.81,80.23,0.84,36.14,0.85,70.5,0.16,36.14,0.15,70.5,0.18,85.5,0.19,80.23,0.02,0.02,2319.0932,1776250964000
1776250965.531,165.531,0.83,50.2,0.82,80.5,0.84,49.45,0.85,61.73,0.16,36.14,0.15,70.5,0.18,85.5,0.19,80.23,0.01,0.02,2319.0932,1776250964000
1776250965.993,165.993,0.83,69.4,0.82,80.5,0.84,49.45,0.85,77.23,0.16,49.45,0.15,61.73,0.17,50.2,0.18,80.5,0.01,0.01,2319.0932,1776250964000
1776250966.24,166.24,0.83,69.4,0.82,80.5,0.84,49.45,0.85,77.23,0.16,49.45,0.15,77.23,0.17,69.4,0.18,80.5,0.01,0.01,2319.0732,1776250965000
1776250967.21,167.21,0.83,84.81,0.82,80.5,0.84,12.14,0.86,208.49,0.16,12.14,0.14,208.49,0.17,84.81,0.18,80.5,0.01,0.01,2319.067841,1776250966000
1776250967.837,167.837,0.83,58.92,0.82,80.5,0.84,21.48,0.85,70.5,0.16,6.18,0.15,20.5,0.17,58.92,0.18,80.5,0.01,0.01,2319.067841,1776250966000
1776250968.365,168.365,0.83,58.92,0.82,80.5,0.84,21.48,0.85,70.5,0.16,21.48,0.15,70.5,0.17,58.92,0.18,80.5,0.01,0.01,2319.103075,1776250967000
1776250969.323,169.323,0.83,58.92,0.82,80.5,0.84,30.4,0.85,77.23,0.16,30.4,0.15,77.23,0.17,58.92,0.18,80.5,0.01,0.01,2319.194098,1776250968000
1776250970.086,170.086,0.78,19.09,0.77,5.0,0.84,77.4,0.85,97.23,0.16,30.4,0.15,77.23,0.17,58.92,0.18,80.5,0.06,0.01,2319.194098,1776250968000
1776250970.34,170.34,0.78,9.9,0.77,9.09,0.81,113.31,0.84,110.4,0.19,113.31,0.16,110.4,0.22,9.9,0.23,9.09,0.03,0.03,2319.126241,1776250969000
1776250971.081,171.081,0.78,7.3,0.77,9.09,0.79,41.5,0.8,48.55,0.19,113.31,0.16,110.4,0.22,9.9,0.23,9.09,0.01,0.03,2319.126241,1776250969000
1776250971.377,171.377,0.78,7.0,0.77,6.39,0.79,51.5,0.8,48.55,0.21,51.5,0.2,48.55,0.22,7.0,0.23,6.39,0.01,0.01,2319.090235,1776250970000
1776250972.161,172.161,0.78,7.0,0.77,6.39,0.79,51.5,0.8,48.55,0.21,51.5,0.2,48.55,0.22,7.0,0.23,6.39,0.01,0.01,2318.764397,1776250971000
1776250972.879,172.879,0.78,4.77,0.77,11.39,0.79,112.49,0.8,154.45,0.21,51.5,0.2,48.55,0.22,7.0,0.23,6.39,0.01,0.01,2318.764397,1776250971000
1776250974.977,174.977,0.78,0.22,0.77,11.39,0.79,96.5,0.8,112.5,0.21,112.49,0.2,154.45,0.22,4.77,0.23,11.39,0.01,0.01,2318.764397,1776250971000
1776250976.073,176.073,0.78,11.17,0.77,6.39,0.79,16.0,0.8,79.49,0.21,96.5,0.2,112.5,0.22,0.22,0.23,11.39,0.01,0.01,2318.764397,1776250971000
1776250977.262,177.262,0.79,115.5,0.78,31.17,0.8,4.7,0.81,5.0,0.21,9.73,0.2,39.5,0.22,31.17,0.23,21.89,0.01,0.01,2318.764397,1776250971000
1776250979.389,179.389,0.84,8.75,0.83,25.0,0.85,45.23,0.86,122.21,0.18,5.0,0.17,18.0,0.19,11.3,0.21,115.5,0.01,0.01,2318.764397,1776250971000
1776250980.564,180.564,0.84,8.75,0.83,25.0,0.85,45.23,0.86,122.21,0.15,45.23,0.14,122.21,0.16,8.75,0.17,25.0,0.01,0.01,2318.845693,1776250979000
1776250981.36,181.36,0.84,23.75,0.83,10.0,0.85,107.87,0.86,122.21,0.15,45.23,0.14,122.21,0.16,8.75,0.17,25.0,0.01,0.01,2318.845693,1776250979000
1776250981.788,181.788,0.84,23.75,0.83,10.0,0.85,107.87,0.86,122.21,0.15,107.87,0.14,122.21,0.16,23.75,0.17,10.0,0.01,0.01,2318.910972,1776250980000
1776250982.511,182.511,0.84,23.75,0.83,10.0,0.85,107.87,0.86,122.21,0.15,107.87,0.14,122.21,0.16,23.75,0.17,10.0,0.01,0.01,2318.907222,1776250981000
1776250983.415,183.415,0.84,23.75,0.83,10.0,0.85,107.87,0.86,122.21,0.15,107.87,0.14,122.21,0.16,23.75,0.17,10.0,0.01,0.01,2318.829317,1776250982000
1776250983.684,183.684,0.84,43.75,0.83,10.0,0.85,98.68,0.86,145.21,0.15,107.87,0.14,122.21,0.16,23.75,0.17,10.0,0.01,0.01,2318.829317,1776250982000
1776250984.123,184.123,0.82,20.5,0.81,81.8,0.85,151.68,0.86,145.21,0.15,98.68,0.14,145.21,0.16,43.75,0.17,10.0,0.03,0.01,2318.829317,1776250982000
1776250984.628,184.628,0.81,21.3,0.8,31.0,0.83,23.79,0.84,65.0,0.15,151.68,0.14,145.21,0.18,20.5,0.19,81.8,0.02,0.03,2318.85891,1776250983000
1776250985.254,185.254,0.8,10.0,0.79,10.0,0.81,0.31,0.82,31.11,0.17,23.79,0.16,65.0,0.19,21.3,0.2,31.0,0.01,0.02,2318.85891,1776250983000
1776250985.8,185.8,0.8,10.0,0.79,10.0,0.82,6.42,0.83,39.29,0.18,6.42,0.17,39.29,0.2,10.0,0.21,10.0,0.02,0.02,2318.925023,1776250984000
1776250986.593,186.593,0.78,4.95,0.77,30.0,0.79,5.0,0.8,18.0,0.21,5.0,0.2,18.0,0.22,4.95,0.23,30.0,0.01,0.01,2318.818498,1776250985000
1776250987.076,187.076,0.78,4.95,0.77,40.5,0.79,79.14,0.8,83.55,0.21,5.0,0.2,18.0,0.22,4.95,0.23,30.0,0.01,0.01,2318.818498,1776250985000
1776250987.541,187.541,0.78,4.95,0.77,40.5,0.79,79.14,0.8,83.55,0.21,79.14,0.2,83.55,0.22,4.95,0.23,40.5,0.01,0.01,2318.648031,1776250986000
1776250988.102,188.102,0.78,4.95,0.77,40.5,0.79,79.14,0.8,83.55,0.21,79.14,0.2,83.55,0.22,4.95,0.23,40.5,0.01,0.01,2318.648031,1776250987000
1776250988.778,188.778,0.8,25.0,0.79,70.5,0.81,19.83,0.82,21.11,0.21,79.14,0.2,83.55,0.22,4.95,0.23,40.5,0.01,0.01,2318.648031,1776250987000
1776250989.88,189.88,0.8,25.0,0.79,70.5,0.81,19.83,0.82,21.11,0.19,19.83,0.18,21.11,0.2,25.0,0.21,70.5,0.01,0.01,2318.489732,1776250988000
1776250990.32,190.32,0.81,1.09,0.8,80.5,0.82,36.11,0.83,78.5,0.18,36.11,0.17,78.5,0.19,1.09,0.2,80.5,0.01,0.01,2318.605255,1776250989000
1776250990.899,190.899,0.81,1.09,0.8,80.5,0.82,36.11,0.83,78.5,0.18,36.11,0.17,78.5,0.19,1.09,0.2,80.5,0.01,0.01,2318.744622,1776250990000
1776250991.853,191.853,0.8,5.68,0.79,25.5,0.82,86.11,0.83,78.5,0.18,36.11,0.17,78.5,0.19,1.09,0.2,80.5,0.02,0.01,2318.744622,1776250990000
1776250993.032,193.032,0.81,15.0,0.8,5.68,0.82,75.11,0.83,80.5,0.18,86.11,0.17,78.5,0.2,0.68,0.21,25.5,0.01,0.02,2318.668337,1776250991000
1776250993.564,193.564,0.81,15.0,0.8,16.18,0.82,73.89,0.83,80.5,0.18,75.11,0.17,80.5,0.19,15.0,0.2,5.68,0.01,0.01,2318.671557,1776250992000
1776250994.059,194.059,0.81,15.0,0.8,16.18,0.82,73.89,0.83,80.5,0.18,73.89,0.17,80.5,0.19,15.0,0.2,16.18,0.01,0.01,2318.601874,1776250993000
1776250994.598,194.598,0.81,15.0,0.8,16.18,0.82,88.67,0.83,65.5,0.18,73.89,0.17,80.5,0.19,15.0,0.2,16.18,0.01,0.01,2318.601874,1776250993000
1776250995.211,195.211,0.81,15.0,0.8,16.18,0.82,88.67,0.83,65.5,0.18,88.67,0.17,65.5,0.19,15.0,0.2,16.18,0.01,0.01,2318.537427,1776250994000
1776250995.594,195.594,0.8,0.68,0.79,25.5,0.81,6.0,0.82,93.67,0.18,88.67,0.17,65.5,0.19,15.0,0.2,16.18,0.01,0.01,2318.537427,1776250994000
1776250996.236,196.236,0.79,25.5,0.78,20.45,0.8,15.32,0.81,11.0,0.2,15.32,0.19,11.0,0.21,25.5,0.22,20.45,0.01,0.01,2318.590578,1776250995000
1776250997.267,197.267,0.79,25.5,0.78,20.45,0.8,15.32,0.81,11.0,0.2,15.32,0.19,11.0,0.21,25.5,0.22,20.45,0.01,0.01,2318.533506,1776250996000
1776250998.391,198.391,0.79,25.5,0.78,20.45,0.8,15.32,0.81,11.0,0.2,15.32,0.19,11.0,0.21,25.5,0.22,20.45,0.01,0.01,2318.613912,1776250997000
1776250999.293,199.293,0.78,33.75,0.77,55.5,0.79,64.23,0.8,95.87,0.2,15.32,0.19,11.0,0.21,25.5,0.22,20.45,0.01,0.01,2318.613912,1776250997000
1776250999.503,199.503,0.78,33.75,0.77,55.5,0.79,49.08,0.8,95.87,0.21,64.23,0.2,95.87,0.22,33.75,0.23,55.5,0.01,0.01,2318.453911,1776250998000
1776250999.908,199.908,0.78,33.75,0.77,55.5,0.79,49.08,0.8,95.87,0.21,49.08,0.2,95.87,0.22,33.75,0.23,55.5,0.01,0.01,2318.5453,1776250999000
1776251000.922,200.922,0.78,33.75,0.77,55.5,0.79,49.08,0.8,95.87,0.21,49.08,0.2,95.87,0.22,33.75,0.23,55.5,0.01,0.01,2318.427453,1776251000000
1776251001.947,201.947,0.78,40.63,0.77,85.5,0.79,5.0,0.8,85.87,0.21,49.08,0.2,95.87,0.22,33.75,0.23,55.5,0.01,0.01,2318.427453,1776251000000
1776251002.434,202.434,0.78,30.95,0.77,85.5,0.79,5.0,0.8,20.37,0.21,5.0,0.2,85.87,0.22,40.63,0.23,85.5,0.01,0.01,2318.53504,1776251001000
1776251003.385,203.385,0.78,31.4,0.77,105.5,0.79,10.0,0.8,25.37,0.21,5.0,0.2,20.37,0.22,30.95,0.23,85.5,0.01,0.01,2318.53504,1776251001000
1776251004.024,204.024,0.78,31.4,0.77,105.5,0.79,10.0,0.8,25.37,0.21,10.0,0.2,25.37,0.22,31.4,0.23,105.5,0.01,0.01,2318.422155,1776251003000
1776251004.964,204.964,0.78,31.4,0.77,105.5,0.79,10.0,0.8,25.37,0.21,10.0,0.2,25.37,0.22,31.4,0.23,105.5,0.01,0.01,2318.592642,1776251004000
1776251005.395,205.395,0.83,19.36,0.82,97.0,0.85,28.75,0.86,16.0,0.21,10.0,0.2,25.37,0.22,31.4,0.23,105.5,0.02,0.01,2318.592642,1776251004000
1776251005.751,205.751,0.83,29.36,0.82,117.0,0.85,36.45,0.88,16.0,0.15,28.75,0.14,16.0,0.17,29.36,0.18,97.0,0.02,0.02,2318.592642,1776251004000
1776251005.972,205.972,0.84,10.0,0.83,29.36,0.85,3.45,0.88,16.0,0.15,36.45,0.12,16.0,0.17,29.36,0.18,117.0,0.01,0.02,2318.484039,1776251005000
1776251006.956,206.956,0.88,25.5,0.87,30.5,0.89,36.18,0.9,162.17,0.12,16.0,0.11,27.0,0.16,10.0,0.17,29.36,0.01,0.04,2318.484039,1776251005000
1776251007.35,207.35,0.88,16.33,0.87,30.5,0.89,32.92,0.9,162.17,0.11,36.18,0.1,162.17,0.12,16.33,0.13,30.5,0.01,0.01,2318.78061,1776251006000
1776251007.623,207.623,0.88,26.33,0.87,80.5,0.89,30.67,0.9,162.17,0.11,32.92,0.1,162.17,0.12,16.33,0.13,30.5,0.01,0.01,2318.78061,1776251006000
1776251007.827,207.827,0.88,26.33,0.87,80.5,0.89,30.67,0.9,162.17,0.11,30.67,0.1,162.17,0.12,26.33,0.13,80.5,0.01,0.01,2318.97295,1776251007000
1776251008.326,208.326,0.88,26.33,0.87,80.5,0.89,29.54,0.9,162.17,0.11,30.67,0.1,162.17,0.12,26.33,0.13,80.5,0.01,0.01,2318.97295,1776251007000
1776251009.317,209.317,0.88,26.33,0.87,80.5,0.89,29.54,0.9,162.17,0.11,29.54,0.1,162.17,0.12,26.33,0.13,80.5,0.01,0.01,2319.0438,1776251008000
1776251010.327,210.327,0.88,101.33,0.87,85.5,0.89,28.41,0.9,42.72,0.11,28.41,0.1,42.72,0.12,101.33,0.13,85.5,0.01,0.01,2319.0538,1776251009000
1776251010.544,210.544,0.88,109.8,0.87,118.5,0.89,9.23,0.91,5.0,0.11,28.41,0.1,42.72,0.12,101.33,0.13,85.5,0.01,0.01,2319.0538,1776251009000
1776251011.32,211.32,0.89,16.77,0.88,104.8,0.91,5.0,0.92,33.0,0.09,5.0,0.08,33.0,0.11,16.77,0.12,104.8,0.02,0.02,2319.175545,1776251010000
1776251012.215,212.215,0.89,16.77,0.88,104.8,0.91,5.0,0.92,33.0,0.09,5.0,0.08,33.0,0.11,16.77,0.12,104.8,0.02,0.02,2319.22236,1776251011000
1776251012.564,212.564,0.91,18.77,0.9,114.5,0.92,12.62,0.93,47.83,0.07,47.83,0.06,282.17,0.09,20.0,0.1,109.5,0.01,0.02,2319.22236,1776251011000
1776251013.014,213.014,0.91,23.77,0.9,95.5,0.93,30.69,0.94,217.17,0.08,12.62,0.07,47.83,0.09,18.77,0.1,114.5,0.02,0.01,2319.22236,1776251011000
1776251013.441,213.441,0.92,20.5,0.91,44.5,0.94,202.42,0.95,40.23,0.07,30.69,0.06,217.17,0.09,23.77,0.1,95.5,0.02,0.02,2319.302465,1776251012000
1776251014.178,214.178,0.92,20.5,0.91,44.5,0.94,202.42,0.95,40.23,0.06,202.42,0.05,40.23,0.08,20.5,0.09,44.5,0.02,0.02,2319.350665,1776251013000
1776251014.482,214.482,0.93,58.5,0.92,125.5,0.94,95.34,0.95,76.23,0.07,23.99,0.06,149.42,0.08,106.5,0.09,95.5,0.01,0.01,2319.350665,1776251013000
1776251015.161,215.161,0.93,58.5,0.92,125.5,0.94,95.34,0.95,76.23,0.06,95.34,0.05,76.23,0.07,58.5,0.08,125.5,0.01,0.01,2319.269468,1776251014000
1776251015.685,215.685,0.93,191.79,0.92,125.5,0.94,5.0,0.95,50.43,0.06,68.98,0.05,96.43,0.07,191.79,0.08,125.5,0.01,0.01,2319.269468,1776251014000
1776251016.179,216.179,0.93,191.79,0.92,125.5,0.94,5.0,0.95,50.43,0.06,5.0,0.05,50.43,0.07,191.79,0.08,125.5,0.01,0.01,2319.480952,1776251015000
1776251017.28,217.28,0.93,191.79,0.92,125.5,0.94,5.0,0.95,50.43,0.06,5.0,0.05,50.43,0.07,191.79,0.08,125.5,0.01,0.01,2319.501231,1776251016000
1776251018.068,218.068,0.94,100.0,0.93,138.5,0.95,26.08,0.96,367.33,0.05,31.72,0.04,367.33,0.06,5.0,0.07,196.79,0.01,0.01,2319.501231,1776251016000
1776251018.327,218.327,0.94,100.0,0.93,138.5,0.95,26.08,0.96,367.33,0.05,26.08,0.04,367.33,0.06,100.0,0.07,138.5,0.01,0.01,2319.541733,1776251017000
1776251018.542,218.542,0.94,100.0,0.93,138.5,0.96,357.74,0.97,253.0,0.05,26.08,0.04,367.33,0.06,100.0,0.07,138.5,0.02,0.01,2319.541733,1776251017000
1776251018.846,218.846,0.95,11.73,0.94,95.0,0.96,357.74,0.97,253.0,0.04,357.74,0.03,253.0,0.06,100.0,0.07,138.5,0.01,0.02,2319.541733,1776251017000
1776251019.279,219.279,0.94,10.0,0.93,15.0,0.95,48.0,0.96,449.55,0.04,351.55,0.03,253.0,0.05,6.73,0.06,95.0,0.01,0.01,2319.541733,1776251017000
1776251019.625,219.625,0.94,5.0,0.93,10.0,0.95,241.43,0.96,124.22,0.05,48.0,0.04,449.55,0.06,10.0,0.07,15.0,0.01,0.01,2319.54988,1776251018000
1776251019.943,219.943,0.93,10.0,0.92,15.0,0.94,39.0,0.95,241.43,0.06,39.0,0.05,241.43,0.07,10.0,0.08,15.0,0.01,0.01,2319.549951,1776251019000
1776251020.23,220.23,0.92,20.0,0.91,15.0,0.93,28.0,0.94,437.99,0.06,39.0,0.05,241.43,0.07,10.0,0.08,15.0,0.01,0.01,2319.549951,1776251019000
1776251020.597,220.597,0.92,4.35,0.91,30.5,0.93,178.91,0.94,167.0,0.07,86.92,0.06,245.99,0.08,25.0,0.09,30.5,0.01,0.01,2319.549951,1776251019000
1776251020.962,220.962,0.92,2.35,0.91,30.5,0.93,167.55,0.94,177.0,0.07,167.55,0.06,177.0,0.08,2.35,0.09,30.5,0.01,0.01,2319.549721,1776251020000
1776251021.269,221.269,0.91,5.0,0.9,15.0,0.92,125.72,0.93,133.8,0.07,167.55,0.06,177.0,0.08,2.35,0.09,30.5,0.01,0.01,2319.549721,1776251020000
1776251022.097,222.097,0.91,5.0,0.9,15.0,0.92,125.72,0.93,133.8,0.08,125.72,0.07,133.8,0.09,5.0,0.1,15.0,0.01,0.01,2319.454203,1776251021000
1776251022.696,222.696,0.88,35.5,0.87,80.5,0.89,18.79,0.9,26.0,0.08,125.72,0.07,133.8,0.09,5.0,0.1,15.0,0.01,0.01,2319.454203,1776251021000
1776251023.139,223.139,0.88,35.5,0.87,80.5,0.89,18.79,0.9,26.0,0.11,18.79,0.1,26.0,0.12,35.5,0.13,80.5,0.01,0.01,2319.269758,1776251022000
1776251023.361,223.361,0.88,102.44,0.87,80.5,0.89,16.54,0.9,26.0,0.11,18.79,0.1,26.0,0.12,35.5,0.13,80.5,0.01,0.01,2319.269758,1776251022000
1776251023.732,223.732,0.88,124.5,0.87,116.5,0.92,5.0,0.93,38.56,0.11,16.54,0.1,26.0,0.12,102.44,0.13,80.5,0.04,0.01,2319.269758,1776251022000
1776251024.138,224.138,0.88,124.5,0.87,116.5,0.92,5.0,0.93,38.56,0.08,5.0,0.07,38.56,0.12,124.5,0.13,116.5,0.04,0.04,2318.93764,1776251023000
1776251025.175,225.175,0.88,124.5,0.87,116.5,0.92,5.0,0.93,38.56,0.08,5.0,0.07,38.56,0.12,124.5,0.13,116.5,0.04,0.04,2318.898408,1776251024000
1776251026.21,226.21,0.88,124.5,0.87,116.5,0.92,5.0,0.93,38.56,0.08,5.0,0.07,38.56,0.12,124.5,0.13,116.5,0.04,0.04,2319.085664,1776251025000
1776251026.687,226.687,0.91,79.38,0.9,85.5,0.92,5.0,0.93,38.56,0.08,5.0,0.07,38.56,0.12,124.5,0.13,116.5,0.01,0.04,2319.085664,1776251025000
1776251027.466,227.466,0.91,79.38,0.9,85.5,0.92,5.0,0.93,38.56,0.08,5.0,0.07,38.56,0.09,79.38,0.1,85.5,0.01,0.01,2319.19969,1776251026000
1776251027.707,227.707,0.91,87.26,0.9,85.5,0.92,13.0,0.93,43.56,0.08,5.0,0.07,38.56,0.09,79.38,0.1,85.5,0.01,0.01,2319.19969,1776251026000
1776251028.424,228.424,0.91,87.26,0.9,85.5,0.92,13.0,0.93,43.56,0.08,13.0,0.07,43.56,0.09,87.26,0.1,85.5,0.01,0.01,2319.12845,1776251027000
1776251028.849,228.849,0.93,102.5,0.92,147.5,0.94,3.93,0.95,145.0,0.06,159.93,0.05,126.34,0.07,30.5,0.08,136.5,0.01,0.01,2319.12845,1776251027000
1776251029.135,229.135,0.93,117.5,0.92,147.5,0.95,145.0,0.96,118.21,0.06,3.93,0.05,145.0,0.07,102.5,0.08,147.5,0.02,0.01,2319.12845,1776251028000
1776251030.197,230.197,0.93,76.51,0.92,135.5,0.95,145.0,0.96,119.21,0.05,145.0,0.04,118.21,0.07,117.5,0.08,147.5,0.02,0.02,2319.12845,1776251028000
1776251030.923,230.923,0.93,76.51,0.92,135.5,0.95,145.0,0.96,119.21,0.05,145.0,0.04,119.21,0.07,76.51,0.08,135.5,0.02,0.02,2319.395801,1776251030000
1776251031.185,231.185,0.94,73.41,0.93,91.5,0.95,10.0,0.96,384.55,0.05,145.0,0.04,119.21,0.07,76.51,0.08,135.5,0.01,0.02,2319.395801,1776251030000
1776251031.937,231.937,0.94,73.41,0.93,91.5,0.95,10.0,0.96,384.55,0.05,10.0,0.04,384.55,0.06,73.41,0.07,91.5,0.01,0.01,2319.488246,1776251031000
1776251032.869,232.869,0.94,76.74,0.93,105.5,0.95,10.0,0.96,311.55,0.05,10.0,0.04,311.55,0.06,76.74,0.07,105.5,0.01,0.01,2319.499497,1776251032000
1776251033.092,233.092,0.94,65.07,0.93,111.5,0.95,10.0,0.96,278.56,0.04,278.56,0.03,286.99,0.06,81.74,0.07,105.5,0.01,0.02,2319.499497,1776251032000
1776251033.344,233.344,0.94,65.07,0.93,116.5,0.95,4.73,0.96,298.56,0.05,10.0,0.04,278.56,0.06,65.07,0.07,111.5,0.01,0.01,2319.499497,1776251032000
1776251033.892,233.892,0.94,65.07,0.93,116.5,0.95,4.73,0.96,298.56,0.05,4.73,0.04,298.56,0.06,65.07,0.07,116.5,0.01,0.01,2319.546305,1776251033000
1776251034.882,234.882,0.94,63.9,0.93,116.5,0.95,4.73,0.96,273.56,0.05,4.73,0.04,273.56,0.06,63.9,0.07,116.5,0.01,0.01,2319.4524,1776251034000
1776251035.262,235.262,0.94,106.65,0.93,35.5,0.95,5.05,0.96,418.55,0.05,19.89,0.04,418.55,0.06,106.65,0.07,35.5,0.01,0.01,2319.4524,1776251034000
1776251035.872,235.872,0.94,106.65,0.93,35.5,0.95,5.05,0.96,418.55,0.05,5.05,0.04,418.55,0.06,106.65,0.07,35.5,0.01,0.01,2319.374204,1776251035000
1776251036.08,236.08,0.94,103.42,0.93,55.5,0.96,391.88,0.97,270.24,0.04,391.88,0.03,270.24,0.06,106.65,0.07,55.5,0.02,0.02,2319.374204,1776251035000
1776251036.3,236.3,0.94,91.54,0.93,55.5,0.96,396.88,0.97,270.24,0.04,391.88,0.03,270.24,0.06,103.42,0.07,55.5,0.02,0.02,2319.374204,1776251035000
1776251036.934,236.934,0.94,96.54,0.93,55.5,0.96,382.21,0.97,270.24,0.04,382.21,0.03,270.24,0.06,96.54,0.07,55.5,0.02,0.02,2319.238153,1776251036000
1776251037.157,237.157,0.94,96.54,0.93,55.5,0.96,296.64,0.97,270.24,0.04,382.21,0.03,270.24,0.06,96.54,0.07,55.5,0.02,0.02,2319.238153,1776251036000
1776251037.85,237.85,0.95,5.0,0.94,106.54,0.96,247.71,0.97,355.46,0.04,266.64,0.03,270.24,0.06,96.54,0.07,55.5,0.01,0.02,2319.238153,1776251036000
1776251038.503,238.503,0.95,8.76,0.94,96.54,0.96,71.72,0.97,535.46,0.04,247.71,0.03,355.46,0.05,5.0,0.06,106.54,0.01,0.01,2319.207243,1776251037000
1776251038.795,238.795,0.95,8.76,0.94,96.54,0.96,71.72,0.97,535.46,0.04,71.72,0.03,535.46,0.05,8.76,0.06,96.54,0.01,0.01,2319.207778,1776251038000
1776251039.043,239.043,0.95,8.76,0.94,96.54,0.96,82.6,0.97,485.46,0.04,71.72,0.03,535.46,0.05,8.76,0.06,96.54,0.01,0.01,2319.207778,1776251038000
1776251039.839,239.839,0.95,8.76,0.94,96.54,0.96,82.6,0.97,485.46,0.04,82.6,0.03,485.46,0.05,8.76,0.06,96.54,0.01,0.01,2319.2171,1776251039000
1776251040.218,240.218,0.94,97.17,0.93,134.0,0.96,10.0,0.97,441.46,0.04,82.6,0.03,485.46,0.05,8.76,0.06,96.54,0.02,0.01,2319.2171,1776251039000
1776251040.571,240.571,0.95,5.0,0.94,97.17,0.96,8.81,0.97,441.46,0.04,10.0,0.03,441.46,0.06,97.17,0.07,134.0,0.01,0.02,2319.2171,1776251039000
1776251040.834,240.834,0.96,7.19,0.95,73.66,0.97,441.46,0.98,630.66,0.04,8.81,0.03,441.46,0.05,0.38,0.06,97.17,0.01,0.01,2319.2171,1776251039000
1776251041.243,241.243,0.96,7.19,0.95,73.28,0.97,475.12,0.98,630.66,0.03,475.12,0.02,630.66,0.04,7.19,0.05,73.28,0.01,0.01,2319.29252,1776251040000
1776251041.699,241.699,0.94,85.52,0.93,129.0,0.97,457.11,0.98,630.66,0.03,475.12,0.02,630.66,0.04,7.19,0.05,73.28,0.03,0.01,2319.29252,1776251040000
1776251042.06,242.06,0.95,89.43,0.94,85.52,0.96,219.14,0.97,207.46,0.03,457.11,0.02,630.66,0.06,85.52,0.07,129.0,0.01,0.03,2319.29252,1776251040000
1776251042.619,242.619,0.95,20.0,0.94,143.52,0.97,195.22,0.98,580.66,0.04,213.07,0.03,207.46,0.05,79.43,0.06,85.52,0.02,0.01,2319.29252,1776251040000
1776251043.206,243.206,0.95,20.0,0.94,143.52,0.97,195.22,0.98,580.66,0.03,195.22,0.02,580.66,0.05,20.0,0.06,143.52,0.02,0.02,2319.216955,1776251042000
1776251043.546,243.546,0.96,149.0,0.95,160.0,0.97,59.54,0.98,401.65,0.03,154.76,0.02,417.65,0.04,49.0,0.05,182.0,0.01,0.01,2319.216955,1776251042000
1776251043.898,243.898,0.96,100.0,0.95,160.0,0.97,44.32,0.98,388.65,0.03,26.44,0.02,388.65,0.04,149.0,0.05,160.0,0.01,0.01,2319.216955,1776251042000
1776251044.389,244.389,0.96,100.0,0.95,160.0,0.97,44.32,0.98,388.65,0.03,44.32,0.02,388.65,0.04,100.0,0.05,160.0,0.01,0.01,2319.44166,1776251043000
1776251044.926,244.926,0.96,106.63,0.95,160.0,0.97,54.32,0.98,356.66,0.03,44.32,0.02,388.65,0.04,100.0,0.05,160.0,0.01,0.01,2319.44166,1776251043000
1776251045.396,245.396,0.96,150.63,0.95,160.0,0.97,52.32,0.98,356.66,0.03,52.32,0.02,356.66,0.04,150.63,0.05,160.0,0.01,0.01,2319.504375,1776251044000
1776251045.698,245.698,0.96,159.63,0.95,160.0,0.97,46.26,0.98,356.66,0.03,52.32,0.02,356.66,0.04,150.63,0.05,160.0,0.01,0.01,2319.504375,1776251044000
1776251045.969,245.969,0.97,38.4,0.96,159.63,0.98,356.66,0.99,8100.24,0.02,356.66,0.01,8100.24,0.03,38.4,0.04,159.63,0.01,0.01,2319.524424,1776251045000
1776251046.437,246.437,0.97,82.34,0.96,164.63,0.98,407.16,0.99,8013.24,0.02,356.66,0.01,8100.24,0.03,38.4,0.04,159.63,0.01,0.01,2319.524424,1776251045000
1776251046.978,246.978,0.97,82.34,0.96,164.63,0.98,407.16,0.99,8013.24,0.02,407.16,0.01,8013.24,0.03,82.34,0.04,164.63,0.01,0.01,2319.597612,1776251046000
1776251047.415,247.415,0.97,142.34,0.96,203.63,0.98,396.16,0.99,8214.24,0.02,407.16,0.01,8013.24,0.03,82.34,0.04,164.63,0.01,0.01,2319.597612,1776251046000
1776251048.135,248.135,0.97,142.34,0.96,203.63,0.98,308.61,0.99,8214.24,0.02,308.61,0.01,8214.24,0.03,142.34,0.04,203.63,0.01,0.01,2319.599745,1776251047000
1776251048.556,248.556,0.97,142.34,0.96,204.63,0.98,300.52,0.99,8614.24,0.02,308.61,0.01,8214.24,0.03,142.34,0.04,203.63,0.01,0.01,2319.599745,1776251047000
1776251048.992,248.992,0.97,149.38,0.96,204.63,0.98,300.52,0.99,8614.24,0.02,300.52,0.01,8614.24,0.03,142.34,0.04,204.63,0.01,0.01,2319.599745,1776251047000
1776251049.203,249.203,0.97,149.38,0.96,204.63,0.98,280.11,0.99,8614.24,0.02,280.11,0.01,8614.24,0.03,149.38,0.04,204.63,0.01,0.01,2319.6752,1776251048000
1776251049.887,249.887,0.97,149.38,0.96,204.63,0.98,279.98,0.99,8576.61,0.02,280.11,0.01,8614.24,0.03,149.38,0.04,204.63,0.01,0.01,2319.6752,1776251048000
1776251050.232,250.232,0.97,149.38,0.96,204.63,0.98,279.98,0.99,8576.61,0.02,279.98,0.01,8576.61,0.03,149.38,0.04,204.63,0.01,0.01,2319.691336,1776251049000
1776251050.636,250.636,0.97,188.38,0.96,205.63,0.98,272.98,0.99,7626.99,0.02,279.98,0.01,8576.61,0.03,149.38,0.04,204.63,0.01,0.01,2319.691336,1776251049000
1776251051.166,251.166,0.97,183.38,0.96,205.63,0.98,267.87,0.99,7626.99,0.02,272.98,0.01,7626.99,0.03,188.38,0.04,205.63,0.01,0.01,2319.691336,1776251049000
1776251051.517,251.517,0.97,206.38,0.96,182.63,0.98,264.8,0.99,7602.99,0.02,267.87,0.01,7626.99,0.03,183.38,0.04,205.63,0.01,0.01,2319.724945,1776251050000
1776251052.391,252.391,0.97,206.38,0.96,182.63,0.98,264.8,0.99,7602.99,0.02,264.8,0.01,7602.99,0.03,206.38,0.04,182.63,0.01,0.01,2319.643,1776251051000
1776251052.876,252.876,0.97,206.38,0.96,182.63,0.98,264.8,0.99,7602.99,0.02,264.8,0.01,7602.99,0.03,206.38,0.04,182.63,0.01,0.01,2319.643,1776251052000
1776251053.439,253.439,0.97,242.38,0.96,182.63,0.98,250.75,0.99,7553.99,0.02,252.8,0.01,7576.99,0.03,247.38,0.04,182.63,0.01,0.01,2319.643,1776251052000
1776251054.165,254.165,0.97,242.38,0.96,182.63,0.98,250.75,0.99,7553.99,0.02,250.75,0.01,7553.99,0.03,242.38,0.04,182.63,0.01,0.01,2319.689243,1776251053000
1776251055.178,255.178,0.97,242.38,0.96,182.63,0.98,250.75,0.99,7553.99,0.02,250.75,0.01,7553.99,0.03,242.38,0.04,182.63,0.01,0.01,2319.6778,1776251054000
1776251055.435,255.435,0.97,305.38,0.96,159.63,0.98,220.13,0.99,2506.0,0.02,250.75,0.01,7553.99,0.03,242.38,0.04,182.63,0.01,0.01,2319.6778,1776251054000
1776251056.615,256.615,0.97,288.38,0.96,146.63,0.98,222.09,0.99,2506.0,0.02,220.13,0.01,2506.0,0.03,305.38,0.04,159.63,0.01,0.01,2319.6778,1776251054000
1776251057.528,257.528,0.97,293.38,0.96,146.63,0.98,211.83,0.99,2506.0,0.02,211.83,0.01,2506.0,0.03,293.38,0.04,146.63,0.01,0.01,2319.729,1776251056000
1776251057.847,257.847,0.97,304.71,0.96,140.0,0.98,104.83,0.99,2501.0,0.02,211.83,0.01,2506.0,0.03,293.38,0.04,146.63,0.01,0.01,2319.729,1776251056000
1776251058.122,258.122,0.97,450.72,0.96,140.0,0.98,59.33,0.99,2501.0,0.02,59.33,0.01,2501.0,0.03,450.72,0.04,140.0,0.01,0.01,2319.738,1776251057000
1776251058.518,258.518,0.97,445.72,0.96,140.0,0.98,46.33,0.99,2501.0,0.02,59.33,0.01,2501.0,0.03,450.72,0.04,140.0,0.01,0.01,2319.738,1776251057000
1776251059.242,259.242,0.97,445.72,0.96,140.0,0.98,46.33,0.99,2501.0,0.02,46.33,0.01,2501.0,0.03,445.72,0.04,140.0,0.01,0.01,2319.669897,1776251058000
1776251059.51,259.51,0.97,485.72,0.96,140.0,0.98,29.41,0.99,2401.0,0.02,46.33,0.01,2501.0,0.03,445.72,0.04,140.0,0.01,0.01,2319.669897,1776251058000
1776251060.543,260.543,0.97,593.72,0.96,140.0,0.98,9.41,0.99,2401.0,0.02,9.41,0.01,2401.0,0.03,593.72,0.04,140.0,0.01,0.01,2319.767882,1776251059000
1776251060.857,260.857,0.97,799.49,0.96,123.0,0.99,2390.31,,,0.02,9.41,0.01,2401.0,0.03,593.72,0.04,140.0,0.02,0.01,2319.767882,1776251059000
1776251061.087,261.087,0.98,384.97,0.97,465.71,0.99,2364.19,,,0.01,2374.25,,,0.02,317.15,0.03,407.71,0.01,0.01,2319.767882,1776251059000
1776251061.387,261.387,0.98,379.97,0.97,465.71,0.99,2455.19,,,0.01,2364.19,,,0.02,384.97,0.03,465.71,0.01,0.01,2319.74445,1776251060000
1776251061.731,261.731,0.98,330.88,0.97,467.71,0.99,2455.19,,,0.01,2450.19,,,0.02,334.43,0.03,465.71,0.01,0.01,2319.74445,1776251060000
1776251062.484,262.484,0.98,335.88,0.97,467.71,0.99,2424.87,,,0.01,2445.08,,,0.02,330.88,0.03,467.71,0.01,0.01,2319.74445,1776251060000
1776251063.0,263.0,0.98,327.71,0.97,467.71,0.99,2412.83,,,0.01,2417.83,,,0.02,332.71,0.03,467.71,0.01,0.01,2319.8295,1776251061000
1776251063.248,263.248,0.98,327.71,0.97,467.71,0.99,2087.64,,,0.01,2250.81,,,0.02,327.71,0.03,467.71,0.01,0.01,2319.9378,1776251062000
1776251063.519,263.519,0.98,332.84,0.97,467.71,0.99,2073.0,,,0.01,2075.03,,,0.02,327.71,0.03,467.71,0.01,0.01,2319.9378,1776251062000
1776251064.141,264.141,0.98,332.84,0.97,457.71,0.99,2070.18,,,0.01,2073.0,,,0.02,332.84,0.03,467.71,0.01,0.01,2319.9378,1776251062000
1776251064.378,264.378,0.98,332.84,0.97,457.71,0.99,2016.02,,,0.01,2067.02,,,0.02,332.84,0.03,457.71,0.01,0.01,2320.142675,1776251063000
1776251064.609,264.609,0.98,332.84,0.97,533.71,0.99,1975.96,,,0.01,2005.96,,,0.02,332.84,0.03,533.71,0.01,0.01,2320.142675,1776251063000
1776251064.831,264.831,0.98,332.84,0.97,533.71,0.99,1942.1,,,0.01,1967.36,,,0.02,332.84,0.03,533.71,0.01,0.01,2320.142675,1776251063000
1776251065.087,265.087,0.98,337.84,0.97,533.71,0.99,1910.18,,,0.01,1910.24,,,0.02,337.84,0.03,533.71,0.01,0.01,2320.142675,1776251063000
1776251065.302,265.302,0.98,332.84,0.97,533.71,0.99,1817.22,,,0.01,1906.35,,,0.02,337.84,0.03,533.71,0.01,0.01,2320.142675,1776251063000
1776251065.592,265.592,0.98,352.97,0.97,533.71,0.99,1815.22,,,0.01,1817.22,,,0.02,332.84,0.03,533.71,0.01,0.01,2320.062028,1776251064000
1776251065.985,265.985,0.98,347.97,0.97,533.71,0.99,1814.2,,,0.01,1814.2,,,0.02,347.97,0.03,533.71,0.01,0.01,2320.062028,1776251065000
1776251066.668,266.668,0.98,352.97,0.97,523.71,0.99,1818.18,,,0.01,1814.2,,,0.02,347.97,0.03,533.71,0.01,0.01,2320.062028,1776251065000
1776251066.904,266.904,0.98,347.97,0.97,523.71,0.99,1662.18,,,0.01,1818.18,,,0.02,352.97,0.03,523.71,0.01,0.01,2320.062028,1776251065000
1776251067.104,267.104,0.98,347.97,0.97,523.71,0.99,1662.18,,,0.01,1662.18,,,0.02,347.97,0.03,523.71,0.01,0.01,2320.061629,1776251066000
1776251067.433,267.433,0.98,337.97,0.97,523.71,0.99,1631.9,,,0.01,1637.18,,,0.02,347.97,0.03,523.71,0.01,0.01,2320.061629,1776251066000
1776251067.701,267.701,0.98,342.97,0.97,435.71,0.99,605.67,,,0.01,630.88,,,0.02,337.97,0.03,435.71,0.01,0.01,2320.061629,1776251066000
1776251067.966,267.966,0.99,1966.79,0.98,337.97,,,,,0.01,558.21,,,0.02,337.97,0.03,430.71,,0.01,2320.061629,1776251066000
1776251068.261,268.261,0.99,1966.79,0.98,337.97,,,,,,,,,0.01,1966.79,0.02,337.97,,,2320.055985,1776251067000
1776251068.659,268.659,0.99,2187.04,0.98,186.25,,,,,,,,,0.01,2174.87,0.02,186.25,,,2320.055985,1776251067000
1776251068.977,268.977,0.99,2182.04,0.98,186.25,,,,,,,,,0.01,2187.04,0.02,186.25,,,2320.055985,1776251067000
1776251069.427,269.427,0.99,2217.59,0.98,207.26,,,,,,,,,0.01,2182.04,0.02,186.25,,,2320.055985,1776251067000
1776251069.905,269.905,0.99,2025.77,0.98,97.48,,,,,,,,,0.01,2060.59,0.02,97.48,,,2320.0524,1776251068000
1776251070.174,270.174,0.99,2025.77,0.98,97.48,,,,,,,,,0.01,2025.77,0.02,97.48,,,2319.908497,1776251069000
1776251071.648,271.648,0.99,2025.77,0.98,97.48,,,,,,,,,0.01,2025.77,0.02,97.48,,,2319.781816,1776251070000
1776251072.679,272.679,0.99,2025.77,0.98,97.48,,,,,,,,,0.01,2025.77,0.02,97.48,,,2319.475192,1776251071000
1776251073.21,273.21,0.99,2025.77,0.98,97.48,,,,,,,,,0.01,2025.77,0.02,97.48,,,2319.554041,1776251072000
1776251074.755,274.755,0.99,2025.77,0.98,97.48,,,,,,,,,0.01,2025.77,0.02,97.48,,,2319.475296,1776251073000
1776251075.433,275.433,0.99,2025.77,0.98,97.48,,,,,,,,,0.01,2025.77,0.02,97.48,,,2319.43448,1776251074000
1776251075.942,275.942,0.99,2025.77,0.98,97.48,,,,,,,,,0.01,2025.77,0.02,97.48,,,2319.470436,1776251075000
1776251077.067,277.067,0.99,2025.77,0.98,97.48,,,,,,,,,0.01,2025.77,0.02,97.48,,,2319.443769,1776251076000
1776251078.171,278.171,0.99,2025.77,0.98,97.48,,,,,,,,,0.01,2025.77,0.02,97.48,,,2319.446185,1776251077000
1776251079.755,279.755,0.99,2025.77,0.98,97.48,,,,,,,,,0.01,2025.77,0.02,97.48,,,2319.476883,1776251078000
1776251080.105,280.105,0.99,2025.77,0.98,97.48,,,,,,,,,0.01,2025.77,0.02,97.48,,,2319.444292,1776251079000
1776251081.247,281.247,0.99,2025.77,0.98,97.48,,,,,,,,,0.01,2025.77,0.02,97.48,,,2319.581937,1776251080000
1776251082.525,282.525,0.99,2025.77,0.98,97.48,,,,,,,,,0.01,2025.77,0.02,97.48,,,2319.527715,1776251081000
1776251083.098,283.098,0.99,2025.77,0.98,97.48,,,,,,,,,0.01,2025.77,0.02,97.48,,,2319.527715,1776251082000
1776251084.251,284.251,0.99,2025.77,0.98,97.48,,,,,,,,,0.01,2025.77,0.02,97.48,,,2319.466588,1776251083000
1776251085.522,285.522,0.99,2025.77,0.98,97.48,,,,,,,,,0.01,2025.77,0.02,97.48,,,2319.421621,1776251084000
1776251086.097,286.097,0.99,2025.77,0.98,97.48,,,,,,,,,0.01,2025.77,0.02,97.48,,,2319.451695,1776251085000
1776251087.365,287.365,0.99,2025.77,0.98,97.48,,,,,,,,,0.01,2025.77,0.02,97.48,,,2319.808064,1776251086000
1776251088.571,288.571,0.99,2025.77,0.98,97.48,,,,,,,,,0.01,2025.77,0.02,97.48,,,2319.790001,1776251087000
1776251089.293,289.293,0.99,2025.77,0.98,97.48,,,,,,,,,0.01,2025.77,0.02,97.48,,,2319.79291,1776251088000
1776251091.462,291.462,0.99,2025.77,0.98,97.48,,,,,,,,,0.01,2025.77,0.02,97.48,,,2319.80644,1776251090000
1776251092.135,292.135,0.99,2025.77,0.98,97.48,,,,,,,,,0.01,2025.77,0.02,97.48,,,2319.746059,1776251091000
1776251093.648,293.648,0.99,2025.77,0.98,97.48,,,,,,,,,0.01,2025.77,0.02,97.48,,,2319.632295,1776251092000
1776251094.301,294.301,0.99,2025.77,0.98,97.48,,,,,,,,,0.01,2025.77,0.02,97.48,,,2319.632661,1776251093000
1776251095.064,295.064,0.99,2025.77,0.98,97.48,,,,,,,,,0.01,2025.77,0.02,97.48,,,2319.636595,1776251094000
1776251096.723,296.723,0.99,2025.77,0.98,97.48,,,,,,,,,0.01,2025.77,0.02,97.48,,,2319.609821,1776251095000
1776251097.428,297.428,0.99,2025.77,0.98,97.48,,,,,,,,,0.01,2025.77,0.02,97.48,,,2319.609819,1776251096000
1776251098.094,298.094,0.99,2025.77,0.98,97.48,,,,,,,,,0.01,2025.77,0.02,97.48,,,2319.609728,1776251097000
1776251099.571,299.571,0.99,9828.17,0.98,74.25,,,,,,,,,0.01,9828.17,0.02,74.25,,,2319.677633,1776251098000
1776251100.226,300.226,0.99,9828.17,0.98,74.25,,,,,,,,,0.01,9828.17,0.02,74.25,,,2319.5456,1776251099000
