timestamp,elapsed_sec,up_bid_p1,up_bid_s1,up_bid_p2,up_bid_s2,up_ask_p1,up_ask_s1,up_ask_p2,up_ask_s2,down_bid_p1,down_bid_s1,down_bid_p2,down_bid_s2,down_ask_p1,down_ask_s1,down_ask_p2,down_ask_s2,up_spread,down_spread,eth_price,eth_oracle_ts
1776206101.476,1.476,0.51,20.0,0.5,105.0,0.54,13.0,0.55,80.0,0.46,13.0,0.45,80.0,0.48,9.0,0.49,20.0,0.03,0.02,2317.440477,1776206100000
1776206101.759,1.759,0.52,9.0,0.51,37.0,0.54,8.0,0.55,80.0,0.46,13.0,0.45,80.0,0.48,9.0,0.49,20.0,0.02,0.02,2317.440477,1776206100000
1776206102.04,2.04,0.52,9.0,0.51,37.0,0.54,8.0,0.55,80.0,0.46,8.0,0.45,80.0,0.48,9.0,0.49,37.0,0.02,0.02,2317.351975,1776206101000
1776206102.495,2.495,0.52,11.75,0.51,37.0,0.54,8.0,0.55,75.0,0.46,8.0,0.45,80.0,0.48,9.0,0.49,37.0,0.02,0.02,2317.351975,1776206101000
1776206103.003,3.003,0.52,32.55,0.51,25.0,0.54,13.0,0.55,75.0,0.46,8.0,0.45,75.0,0.48,11.75,0.49,37.0,0.02,0.02,2317.351975,1776206101000
1776206103.344,3.344,0.5,114.7,0.47,25.0,0.54,6.14,0.55,84.0,0.46,11.14,0.45,84.0,0.48,22.55,0.49,15.0,0.04,0.02,2317.484855,1776206102000
1776206103.632,3.632,0.5,89.7,0.47,35.0,0.51,7.84,0.54,16.14,0.49,7.84,0.46,6.14,0.5,94.7,0.53,35.0,0.01,0.01,2317.484855,1776206102000
1776206103.877,3.877,0.5,69.1,0.49,5.0,0.51,51.59,0.54,21.0,0.49,53.56,0.46,10.0,0.5,69.1,0.51,5.0,0.01,0.01,2317.484855,1776206102000
1776206104.21,4.21,0.5,37.17,0.49,5.0,0.51,57.35,0.52,10.0,0.49,57.35,0.48,10.0,0.5,60.85,0.51,5.0,0.01,0.01,2317.484855,1776206102000
1776206104.52,4.52,0.45,6.32,0.41,10.0,0.46,2.1,0.47,10.0,0.49,44.02,0.48,155.0,0.55,6.32,0.59,10.0,0.01,0.06,2317.60793,1776206103000
1776206104.743,4.743,0.45,16.32,0.44,15.0,0.46,1.94,0.47,9.71,0.54,7.6,0.53,9.71,0.55,16.32,0.56,5.0,0.01,0.01,2317.60793,1776206103000
1776206105.248,5.248,0.46,7.03,0.45,24.32,0.47,21.71,0.48,33.0,0.54,1.94,0.53,9.71,0.55,14.32,0.56,20.0,0.01,0.01,2317.60793,1776206103000
1776206105.508,5.508,0.46,2.95,0.45,19.32,0.47,26.39,0.48,33.0,0.53,26.39,0.52,33.0,0.54,4.99,0.55,19.32,0.01,0.01,2317.370658,1776206104000
1776206105.748,5.748,0.46,5.91,0.45,19.32,0.47,24.07,0.48,38.0,0.53,26.39,0.52,38.0,0.54,0.91,0.55,19.32,0.01,0.01,2317.370658,1776206104000
1776206106.027,6.027,0.45,18.21,0.44,15.0,0.47,24.07,0.48,38.0,0.53,24.07,0.52,38.0,0.54,5.91,0.55,19.32,0.02,0.01,2317.370658,1776206104000
1776206106.305,6.305,0.45,8.21,0.44,15.0,0.46,12.63,0.47,24.07,0.54,12.63,0.53,24.07,0.55,8.21,0.56,15.0,0.01,0.01,2316.839112,1776206105000
1776206106.527,6.527,0.45,6.21,0.44,15.0,0.46,9.37,0.47,12.07,0.54,12.63,0.53,12.07,0.55,11.21,0.56,15.0,0.01,0.01,2316.839112,1776206105000
1776206106.853,6.853,0.45,9.21,0.44,15.0,0.46,9.37,0.47,17.07,0.54,9.37,0.53,12.07,0.55,6.21,0.56,15.0,0.01,0.01,2316.839112,1776206105000
1776206107.131,7.131,0.44,20.0,0.43,5.0,0.45,14.05,0.46,4.37,0.54,9.37,0.53,17.07,0.55,9.21,0.56,15.0,0.01,0.01,2316.819559,1776206106000
1776206108.013,8.013,0.44,20.0,0.43,5.0,0.45,14.05,0.46,4.37,0.55,14.05,0.54,4.37,0.56,20.0,0.57,5.0,0.01,0.01,2316.832616,1776206107000
1776206108.316,8.316,0.43,10.0,0.42,28.0,0.45,114.05,0.46,129.37,0.55,14.05,0.54,4.37,0.56,20.0,0.57,5.0,0.02,0.01,2316.832616,1776206107000
1776206109.027,9.027,0.43,10.0,0.42,28.0,0.45,114.05,0.46,129.37,0.55,114.05,0.54,129.37,0.57,10.0,0.58,28.0,0.02,0.02,2316.836088,1776206108000
1776206109.678,9.678,0.44,10.0,0.43,10.0,0.48,3.0,0.49,23.0,0.55,114.05,0.54,129.37,0.57,10.0,0.58,28.0,0.04,0.02,2316.836088,1776206108000
1776206110.057,10.057,0.46,10.86,0.45,10.0,0.47,7.0,0.48,3.0,0.53,7.0,0.52,3.0,0.54,10.86,0.55,10.0,0.01,0.01,2316.844875,1776206109000
1776206110.285,10.285,0.46,66.98,0.45,68.4,0.47,10.0,0.48,23.0,0.53,17.0,0.52,13.0,0.54,61.98,0.55,20.0,0.01,0.01,2316.844875,1776206109000
1776206110.831,10.831,0.46,66.73,0.45,63.4,0.47,13.37,0.48,30.0,0.53,5.0,0.52,23.0,0.54,51.23,0.55,68.4,0.01,0.01,2316.844875,1776206109000
1776206111.059,11.059,0.46,66.73,0.45,63.4,0.47,13.37,0.48,30.0,0.53,13.37,0.52,30.0,0.54,66.73,0.55,63.4,0.01,0.01,2316.851239,1776206110000
1776206111.331,11.331,0.46,66.73,0.45,25.0,0.48,39.14,0.49,41.0,0.53,13.37,0.52,30.0,0.54,66.73,0.55,63.4,0.02,0.01,2316.851239,1776206110000
1776206111.734,11.734,0.46,61.73,0.45,30.0,0.47,1.48,0.48,39.14,0.53,10.0,0.52,39.14,0.54,61.73,0.55,25.0,0.01,0.01,2316.851239,1776206110000
1776206112.158,12.158,0.46,61.73,0.45,30.0,0.47,1.48,0.48,39.14,0.53,1.48,0.52,39.14,0.54,61.73,0.55,30.0,0.01,0.01,2316.923585,1776206111000
1776206112.366,12.366,0.47,20.0,0.46,56.73,0.48,8.52,0.49,21.0,0.53,1.48,0.52,39.14,0.54,61.73,0.55,30.0,0.01,0.01,2316.923585,1776206111000
1776206112.72,12.72,0.47,20.0,0.46,56.73,0.48,3.52,0.49,31.5,0.52,8.52,0.51,21.0,0.53,20.0,0.54,56.73,0.01,0.01,2316.923585,1776206111000
1776206113.143,13.143,0.47,10.0,0.46,56.73,0.48,3.52,0.49,31.5,0.52,3.52,0.51,31.5,0.53,10.0,0.54,56.73,0.01,0.01,2316.98218,1776206112000
1776206113.719,13.719,0.47,33.17,0.46,78.21,0.48,3.52,0.49,10.5,0.52,3.52,0.51,31.5,0.53,10.0,0.54,56.73,0.01,0.01,2316.98218,1776206112000
1776206114.082,14.082,0.47,28.17,0.46,83.21,0.48,3.52,0.49,10.5,0.52,3.52,0.51,10.5,0.53,33.17,0.54,78.21,0.01,0.01,2316.98218,1776206112000
1776206114.778,14.778,0.47,23.17,0.46,88.21,0.48,3.52,0.49,10.5,0.52,3.52,0.51,10.5,0.53,28.17,0.54,83.21,0.01,0.01,2316.98218,1776206112000
1776206115.834,15.834,0.47,23.17,0.46,88.21,0.48,3.52,0.49,10.5,0.52,3.52,0.51,10.5,0.53,23.17,0.54,88.21,0.01,0.01,2317.055899,1776206114000
1776206116.294,16.294,0.46,51.23,0.45,10.0,0.48,97.02,0.49,64.5,0.52,3.52,0.51,10.5,0.53,23.17,0.54,88.21,0.02,0.01,2317.055899,1776206114000
1776206116.507,16.507,0.46,11.31,0.45,10.0,0.47,32.5,0.48,85.02,0.53,32.5,0.52,85.02,0.54,11.31,0.55,10.0,0.01,0.01,2317.092602,1776206115000
1776206117.344,17.344,0.46,19.27,0.45,10.0,0.47,81.5,0.48,96.02,0.53,32.5,0.52,85.02,0.54,11.31,0.55,10.0,0.01,0.01,2317.092602,1776206115000
1776206117.702,17.702,0.46,9.27,0.45,20.5,0.47,67.5,0.48,81.02,0.53,81.5,0.52,96.02,0.54,19.27,0.55,10.0,0.01,0.01,2317.145931,1776206116000
1776206118.033,18.033,0.46,9.27,0.45,20.5,0.47,67.5,0.48,81.02,0.53,67.5,0.52,81.02,0.54,9.27,0.55,20.5,0.01,0.01,2317.204007,1776206117000
1776206118.948,18.948,0.46,27.91,0.45,35.5,0.47,5.0,0.48,29.52,0.53,67.5,0.52,81.02,0.54,9.27,0.55,20.5,0.01,0.01,2317.204007,1776206117000
1776206119.333,19.333,0.46,27.91,0.45,35.5,0.47,5.0,0.48,29.52,0.53,5.0,0.52,29.52,0.54,27.91,0.55,35.5,0.01,0.01,2316.870619,1776206118000
1776206119.554,19.554,0.47,55.31,0.46,72.91,0.48,5.0,0.5,75.0,0.53,5.0,0.52,29.52,0.54,27.91,0.55,35.5,0.01,0.01,2316.870619,1776206118000
1776206119.915,19.915,0.49,93.38,0.48,65.5,0.5,65.0,0.51,35.5,0.5,70.0,0.49,35.5,0.51,28.38,0.52,37.5,0.01,0.01,2316.870619,1776206118000
1776206120.861,20.861,0.5,30.4,0.49,43.38,0.51,25.0,0.52,141.5,0.5,65.0,0.49,35.5,0.51,93.38,0.52,65.5,0.01,0.01,2316.870753,1776206119000
1776206121.438,21.438,0.5,15.3,0.49,35.5,0.51,20.0,0.52,141.5,0.49,25.0,0.48,141.5,0.5,30.4,0.51,43.38,0.01,0.01,2316.870753,1776206119000
1776206122.131,22.131,0.5,15.3,0.49,35.5,0.51,20.0,0.52,141.5,0.49,20.0,0.48,141.5,0.5,15.3,0.51,35.5,0.01,0.01,2317.34142,1776206121000
1776206122.367,22.367,0.51,45.0,0.5,28.3,0.52,72.88,0.53,35.0,0.49,20.0,0.48,141.5,0.5,15.3,0.51,35.5,0.01,0.01,2317.34142,1776206121000
1776206122.712,22.712,0.51,45.5,0.5,28.3,0.52,62.88,0.53,45.0,0.48,72.88,0.47,35.0,0.49,45.0,0.5,28.3,0.01,0.01,2317.34142,1776206121000
1776206122.973,22.973,0.51,40.39,0.5,28.3,0.52,67.88,0.53,45.0,0.48,62.88,0.47,45.0,0.49,45.5,0.5,28.3,0.01,0.01,2317.34142,1776206121000
1776206123.176,23.176,0.51,40.39,0.5,28.3,0.52,70.88,0.53,55.5,0.48,67.88,0.47,45.0,0.49,40.39,0.5,28.3,0.01,0.01,2317.34142,1776206121000
1776206123.524,23.524,0.51,40.39,0.5,28.3,0.52,70.88,0.53,55.5,0.48,70.88,0.47,55.5,0.49,40.39,0.5,28.3,0.01,0.01,2317.428285,1776206122000
1776206123.802,23.802,0.51,45.39,0.5,47.3,0.52,84.45,0.53,65.5,0.48,70.88,0.47,55.5,0.49,40.39,0.5,28.3,0.01,0.01,2317.428285,1776206122000
1776206124.261,24.261,0.51,40.39,0.5,47.3,0.52,84.45,0.53,65.5,0.48,84.45,0.47,65.5,0.49,40.39,0.5,47.3,0.01,0.01,2317.472554,1776206123000
1776206125.106,25.106,0.5,8.0,0.49,10.0,0.52,132.45,0.53,85.5,0.48,74.45,0.47,70.5,0.49,50.39,0.5,23.3,0.02,0.01,2317.472554,1776206123000
1776206125.581,25.581,0.48,40.19,0.47,55.5,0.5,16.38,0.51,70.5,0.49,75.5,0.48,115.45,0.51,10.0,0.52,25.19,0.02,0.02,2317.472554,1776206123000
1776206126.115,26.115,0.49,10.0,0.48,45.69,0.5,31.38,0.51,40.5,0.5,16.38,0.49,70.5,0.52,40.19,0.53,55.5,0.01,0.02,2317.46446,1776206124000
1776206126.317,26.317,0.48,33.53,0.47,67.5,0.5,38.38,0.51,50.5,0.5,38.38,0.49,40.5,0.51,7.84,0.52,45.69,0.02,0.01,2317.46446,1776206124000
1776206126.643,26.643,0.49,10.0,0.48,33.53,0.5,29.26,0.51,50.5,0.5,38.38,0.49,50.5,0.52,33.53,0.53,67.5,0.01,0.02,2317.46016,1776206125000
1776206127.121,27.121,0.49,10.0,0.48,33.53,0.5,29.26,0.51,50.5,0.5,29.26,0.49,50.5,0.51,10.0,0.52,33.53,0.01,0.01,2317.428927,1776206126000
1776206128.345,28.345,0.49,10.0,0.48,33.53,0.5,29.26,0.51,50.5,0.5,29.26,0.49,50.5,0.51,10.0,0.52,33.53,0.01,0.01,2317.302955,1776206127000
1776206128.756,28.756,0.48,53.53,0.47,77.5,0.49,14.95,0.5,24.26,0.5,29.26,0.49,50.5,0.51,10.0,0.52,33.53,0.01,0.01,2317.302955,1776206127000
1776206129.001,29.001,0.48,53.53,0.47,77.5,0.49,14.95,0.5,24.26,0.51,14.95,0.5,24.26,0.52,53.53,0.53,77.5,0.01,0.01,2317.285915,1776206128000
1776206130.391,30.391,0.48,43.53,0.47,70.5,0.49,14.95,0.5,24.26,0.51,14.95,0.5,24.26,0.52,43.53,0.53,70.5,0.01,0.01,2317.259705,1776206129000
1776206131.028,31.028,0.48,43.53,0.47,70.5,0.49,14.95,0.5,24.26,0.51,14.95,0.5,24.26,0.52,43.53,0.53,70.5,0.01,0.01,2317.283235,1776206130000
1776206131.325,31.325,0.48,63.63,0.47,92.5,0.49,7.3,0.5,24.26,0.51,14.95,0.5,24.26,0.52,63.63,0.53,72.5,0.01,0.01,2317.283235,1776206130000
1776206132.386,32.386,0.48,73.63,0.47,82.5,0.49,2.3,0.5,24.26,0.51,7.3,0.5,24.26,0.52,63.63,0.53,92.5,0.01,0.01,2317.283235,1776206130000
1776206132.672,32.672,0.48,73.63,0.47,82.5,0.49,2.3,0.5,24.26,0.51,2.3,0.5,24.26,0.52,73.63,0.53,82.5,0.01,0.01,2317.306349,1776206131000
1776206133.109,33.109,0.48,73.63,0.47,82.5,0.49,2.3,0.5,24.26,0.51,2.3,0.5,24.26,0.52,73.63,0.53,82.5,0.01,0.01,2317.273936,1776206132000
1776206133.54,33.54,0.47,50.0,0.46,45.0,0.49,86.5,0.5,44.26,0.51,2.3,0.5,24.26,0.52,73.63,0.53,82.5,0.02,0.01,2317.273936,1776206132000
1776206134.235,34.235,0.47,15.08,0.46,45.0,0.48,67.71,0.49,85.5,0.52,67.71,0.51,85.5,0.53,15.08,0.54,45.0,0.01,0.01,2317.28423,1776206133000
1776206134.605,34.605,0.47,6.08,0.46,45.0,0.48,92.71,0.49,75.5,0.52,67.71,0.51,85.5,0.53,15.08,0.54,45.0,0.01,0.01,2317.28423,1776206133000
1776206135.309,35.309,0.47,6.08,0.46,45.0,0.48,92.71,0.49,75.5,0.52,92.71,0.51,75.5,0.53,6.08,0.54,45.0,0.01,0.01,2317.274475,1776206134000
1776206135.578,35.578,0.46,13.03,0.45,80.0,0.47,83.5,0.48,97.71,0.52,92.71,0.51,75.5,0.53,6.08,0.54,45.0,0.01,0.01,2317.274475,1776206134000
1776206136.41,36.41,0.46,7.96,0.45,80.0,0.47,78.5,0.48,97.71,0.53,78.5,0.52,97.71,0.54,7.96,0.55,80.0,0.01,0.01,2317.128925,1776206135000
1776206136.933,36.933,0.46,7.96,0.45,80.0,0.47,78.5,0.48,97.71,0.53,78.5,0.52,97.71,0.54,7.96,0.55,80.0,0.01,0.01,2317.083742,1776206136000
1776206137.505,37.505,0.45,135.5,0.44,178.5,0.47,18.0,0.48,42.71,0.53,78.5,0.52,97.71,0.54,7.96,0.55,80.0,0.02,0.01,2317.083742,1776206136000
1776206138.027,38.027,0.46,30.5,0.45,130.5,0.47,13.0,0.48,42.71,0.53,13.0,0.52,42.71,0.54,30.5,0.55,130.5,0.01,0.01,2317.095317,1776206137000
1776206139.052,39.052,0.46,30.5,0.45,130.5,0.47,13.0,0.48,42.71,0.53,13.0,0.52,42.71,0.54,30.5,0.55,130.5,0.01,0.01,2317.066821,1776206138000
1776206139.998,39.998,0.47,12.33,0.46,60.5,0.48,41.71,0.49,36.5,0.53,2.67,0.52,21.21,0.54,45.5,0.55,146.5,0.01,0.01,2317.066821,1776206138000
1776206140.672,40.672,0.47,32.45,0.46,56.5,0.48,15.0,0.49,26.5,0.52,41.71,0.51,36.5,0.53,12.33,0.54,60.5,0.01,0.01,2317.105723,1776206139000
1776206141.0,41.0,0.47,25.11,0.46,57.5,0.48,15.0,0.49,26.5,0.52,15.0,0.51,26.5,0.53,32.45,0.54,56.5,0.01,0.01,2317.105723,1776206139000
1776206141.218,41.218,0.47,25.11,0.46,57.5,0.48,15.0,0.49,26.5,0.52,15.0,0.51,26.5,0.53,25.11,0.54,57.5,0.01,0.01,2317.122477,1776206140000
1776206142.18,42.18,0.46,56.74,0.45,131.5,0.48,40.5,0.49,36.5,0.52,25.5,0.51,36.5,0.53,9.42,0.54,62.5,0.02,0.01,2317.122477,1776206140000
1776206143.323,43.323,0.46,56.74,0.45,131.5,0.48,40.5,0.49,36.5,0.52,40.5,0.51,36.5,0.54,56.74,0.55,131.5,0.02,0.02,2317.179974,1776206142000
1776206144.069,44.069,0.46,56.74,0.45,131.5,0.48,40.5,0.49,36.5,0.52,40.5,0.51,36.5,0.54,56.74,0.55,131.5,0.02,0.02,2317.180617,1776206143000
1776206144.651,44.651,0.46,80.35,0.45,131.5,0.47,20.0,0.48,30.5,0.52,40.5,0.51,36.5,0.54,56.74,0.55,131.5,0.01,0.02,2317.180617,1776206143000
1776206144.997,44.997,0.46,80.35,0.45,131.5,0.47,20.0,0.48,30.5,0.53,20.0,0.52,30.5,0.54,80.35,0.55,131.5,0.01,0.01,2317.23368,1776206144000
1776206145.264,45.264,0.45,110.0,0.44,145.5,0.47,67.5,0.48,55.5,0.53,57.5,0.52,30.5,0.54,21.11,0.55,126.0,0.02,0.01,2317.23368,1776206144000
1776206146.81,46.81,0.45,90.0,0.44,165.5,0.46,50.84,0.47,41.5,0.53,67.5,0.52,55.5,0.55,110.0,0.56,145.5,0.01,0.02,2317.23368,1776206144000
1776206147.255,47.255,0.45,80.0,0.44,158.5,0.46,50.84,0.47,41.5,0.54,55.84,0.53,41.5,0.55,90.0,0.56,165.5,0.01,0.01,2317.164599,1776206145000
1776206147.757,47.757,0.45,78.03,0.44,158.5,0.46,45.18,0.47,41.5,0.54,45.18,0.53,41.5,0.55,80.0,0.56,158.5,0.01,0.01,2317.100977,1776206146000
1776206148.343,48.343,0.44,65.0,0.43,115.0,0.46,165.18,0.47,111.5,0.54,45.18,0.53,41.5,0.55,78.03,0.56,158.5,0.02,0.01,2317.079647,1776206147000
1776206148.92,48.92,0.44,65.0,0.43,115.0,0.46,165.18,0.47,111.5,0.54,165.18,0.53,111.5,0.56,65.0,0.57,115.0,0.02,0.02,2317.034108,1776206148000
1776206149.36,49.36,0.43,115.0,0.42,25.0,0.44,51.0,0.45,47.0,0.54,165.18,0.53,111.5,0.56,65.0,0.57,115.0,0.01,0.02,2317.034108,1776206148000
1776206150.145,50.145,0.43,115.0,0.42,25.0,0.44,51.0,0.45,47.0,0.56,51.0,0.55,47.0,0.57,115.0,0.58,25.0,0.01,0.01,2317.017983,1776206149000
1776206150.897,50.897,0.43,25.0,0.42,25.0,0.44,72.5,0.45,46.5,0.56,51.0,0.55,47.0,0.57,115.0,0.58,25.0,0.01,0.01,2317.017983,1776206149000
1776206151.245,51.245,0.43,15.0,0.42,25.0,0.44,87.5,0.45,46.5,0.56,87.5,0.55,46.5,0.57,15.0,0.58,25.0,0.01,0.01,2316.792973,1776206150000
1776206152.004,52.004,0.43,3.07,0.42,25.0,0.44,97.5,0.45,46.5,0.56,87.5,0.55,46.5,0.57,15.0,0.58,25.0,0.01,0.01,2316.792973,1776206150000
1776206152.368,52.368,0.43,3.07,0.42,25.0,0.44,97.5,0.45,46.5,0.56,97.5,0.55,46.5,0.57,3.07,0.58,25.0,0.01,0.01,2316.703408,1776206151000
1776206152.831,52.831,0.43,1.07,0.42,25.0,0.44,132.5,0.45,97.7,0.56,132.5,0.55,97.7,0.57,1.07,0.58,25.0,0.01,0.01,2316.716419,1776206152000
1776206154.001,54.001,0.43,1.07,0.42,25.0,0.44,132.5,0.45,97.7,0.56,132.5,0.55,97.7,0.57,1.07,0.58,25.0,0.01,0.01,2316.720188,1776206153000
1776206155.003,55.003,0.43,1.07,0.42,25.0,0.44,132.5,0.45,97.7,0.56,132.5,0.55,97.7,0.57,1.07,0.58,25.0,0.01,0.01,2316.679597,1776206154000
1776206156.124,56.124,0.43,1.07,0.42,25.0,0.44,132.5,0.45,97.7,0.56,132.5,0.55,97.7,0.57,1.07,0.58,25.0,0.01,0.01,2316.649516,1776206155000
1776206157.146,57.146,0.43,1.07,0.42,25.0,0.44,132.5,0.45,97.7,0.56,132.5,0.55,97.7,0.57,1.07,0.58,25.0,0.01,0.01,2316.638845,1776206156000
1776206157.464,57.464,0.41,100.0,0.4,43.5,0.42,29.3,0.43,46.5,0.56,132.5,0.55,97.7,0.57,1.07,0.58,25.0,0.01,0.01,2316.638845,1776206156000
1776206157.682,57.682,0.41,105.0,0.4,43.5,0.42,24.3,0.43,56.5,0.58,29.3,0.57,46.5,0.59,100.0,0.6,43.5,0.01,0.01,2316.638845,1776206156000
1776206158.278,58.278,0.41,105.0,0.4,43.5,0.42,24.3,0.43,56.5,0.58,24.3,0.57,56.5,0.59,105.0,0.6,43.5,0.01,0.01,2316.64491,1776206157000
1776206159.374,59.374,0.41,105.0,0.4,43.5,0.42,24.3,0.43,56.5,0.58,24.3,0.57,56.5,0.59,105.0,0.6,43.5,0.01,0.01,2316.636677,1776206158000
1776206159.885,59.885,0.41,105.0,0.4,43.5,0.42,24.3,0.43,56.5,0.58,24.3,0.57,56.5,0.59,105.0,0.6,43.5,0.01,0.01,2316.636677,1776206159000
1776206160.235,60.235,0.4,13.53,0.39,106.5,0.41,35.0,0.42,34.3,0.58,24.3,0.57,56.5,0.59,105.0,0.6,43.5,0.01,0.01,2316.636677,1776206159000
1776206161.543,61.543,0.4,13.53,0.39,106.5,0.41,35.0,0.42,34.3,0.59,35.0,0.58,34.3,0.6,13.53,0.61,106.5,0.01,0.01,2316.670969,1776206160000
1776206162.075,62.075,0.42,56.98,0.41,55.5,0.43,15.0,0.44,30.0,0.57,15.0,0.56,30.0,0.58,56.98,0.59,55.5,0.01,0.01,2316.633199,1776206161000
1776206162.611,62.611,0.42,129.98,0.41,79.5,0.43,10.0,0.44,35.0,0.57,15.0,0.56,30.0,0.58,56.98,0.59,55.5,0.01,0.01,2316.633199,1776206161000
1776206163.152,63.152,0.42,129.98,0.41,79.5,0.43,10.0,0.44,35.0,0.57,10.0,0.56,35.0,0.58,129.98,0.59,79.5,0.01,0.01,2316.739623,1776206162000
1776206163.705,63.705,0.43,51.0,0.42,64.98,0.44,73.57,0.45,30.5,0.57,10.0,0.56,35.0,0.58,129.98,0.59,79.5,0.01,0.01,2316.739623,1776206162000
1776206164.263,64.263,0.43,51.0,0.42,64.98,0.44,73.57,0.45,30.5,0.56,73.57,0.55,30.5,0.57,51.0,0.58,64.98,0.01,0.01,2316.88455,1776206163000
1776206164.918,64.918,0.43,81.5,0.42,57.98,0.44,289.85,0.45,25.5,0.56,73.57,0.55,30.5,0.57,51.0,0.58,64.98,0.01,0.01,2316.88455,1776206163000
1776206165.316,65.316,0.43,81.5,0.42,57.98,0.44,289.85,0.45,25.5,0.56,289.85,0.55,25.5,0.57,81.5,0.58,57.98,0.01,0.01,2316.878798,1776206164000
1776206165.929,65.929,0.43,44.07,0.42,57.98,0.44,294.85,0.45,5.0,0.56,289.85,0.55,25.5,0.57,81.5,0.58,57.98,0.01,0.01,2316.878798,1776206164000
1776206166.188,66.188,0.43,101.07,0.42,127.98,0.44,274.48,0.45,5.0,0.56,294.85,0.55,5.0,0.57,44.07,0.58,57.98,0.01,0.01,2316.878798,1776206164000
1776206166.436,66.436,0.43,136.07,0.42,134.98,0.44,196.34,0.46,55.0,0.56,247.48,0.54,65.5,0.57,141.07,0.58,127.98,0.01,0.01,2316.875766,1776206165000
1776206166.664,66.664,0.43,151.07,0.42,139.98,0.44,180.09,0.45,5.0,0.56,185.09,0.54,55.0,0.57,146.07,0.58,139.98,0.01,0.01,2316.875766,1776206165000
1776206166.915,66.915,0.43,151.07,0.42,139.98,0.44,180.09,0.45,5.0,0.56,180.09,0.55,5.0,0.57,151.07,0.58,139.98,0.01,0.01,2316.89996,1776206166000
1776206167.282,67.282,0.43,285.07,0.42,164.98,0.44,98.68,0.46,55.0,0.56,108.68,0.54,55.0,0.57,260.07,0.58,139.98,0.01,0.01,2316.89996,1776206166000
1776206167.63,67.63,0.43,310.07,0.42,164.98,0.44,96.4,0.46,55.0,0.56,98.68,0.54,55.0,0.57,285.07,0.58,164.98,0.01,0.01,2316.89996,1776206166000
1776206168.0,68.0,0.43,300.07,0.42,164.98,0.44,96.4,0.46,55.0,0.56,96.4,0.54,55.0,0.57,300.07,0.58,164.98,0.01,0.01,2317.126085,1776206167000
1776206168.668,68.668,0.43,376.77,0.42,224.78,0.44,79.4,0.46,55.0,0.56,96.4,0.54,55.0,0.57,300.07,0.58,164.98,0.01,0.01,2317.126085,1776206167000
1776206169.071,69.071,0.43,376.77,0.42,224.78,0.44,79.4,0.46,55.0,0.56,79.4,0.54,55.0,0.57,376.77,0.58,224.78,0.01,0.01,2317.199812,1776206168000
1776206169.282,69.282,0.43,457.12,0.42,169.78,0.44,77.12,0.46,55.0,0.56,77.12,0.54,55.0,0.57,462.77,0.58,169.78,0.01,0.01,2317.199812,1776206168000
1776206170.162,70.162,0.43,314.12,0.42,169.78,0.44,74.84,0.46,55.0,0.56,74.84,0.54,55.0,0.57,314.12,0.58,169.78,0.01,0.01,2317.27956,1776206169000
1776206170.569,70.569,0.43,304.12,0.42,169.78,0.44,65.84,0.46,55.0,0.56,74.84,0.54,55.0,0.57,314.12,0.58,169.78,0.01,0.01,2317.27956,1776206169000
1776206170.978,70.978,0.43,404.55,0.42,169.78,0.44,43.73,0.46,55.0,0.56,54.98,0.54,55.0,0.57,333.55,0.58,169.78,0.01,0.01,2317.27956,1776206169000
1776206171.236,71.236,0.43,404.55,0.42,169.78,0.44,38.45,0.46,55.0,0.56,40.73,0.54,55.0,0.57,404.55,0.58,169.78,0.01,0.01,2317.345701,1776206170000
1776206171.939,71.939,0.43,359.55,0.42,194.78,0.44,28.45,0.46,55.0,0.56,38.45,0.54,55.0,0.57,389.55,0.58,169.78,0.01,0.01,2317.345701,1776206170000
1776206172.169,72.169,0.43,359.55,0.42,194.78,0.44,28.45,0.46,55.0,0.56,28.45,0.54,55.0,0.57,359.55,0.58,194.78,0.01,0.01,2317.340368,1776206171000
1776206172.44,72.44,0.43,354.55,0.42,262.97,0.44,23.45,0.46,55.0,0.56,28.45,0.54,55.0,0.57,359.55,0.58,194.78,0.01,0.01,2317.340368,1776206171000
1776206173.143,73.143,0.43,349.55,0.42,262.97,0.44,23.45,0.46,55.0,0.56,23.45,0.54,55.0,0.57,354.55,0.58,262.97,0.01,0.01,2317.340368,1776206171000
1776206173.355,73.355,0.43,344.55,0.42,262.97,0.44,18.45,0.46,55.0,0.56,23.45,0.54,55.0,0.57,349.55,0.58,262.97,0.01,0.01,2317.398863,1776206172000
1776206174.563,74.563,0.43,397.55,0.42,287.97,0.44,10.97,0.46,55.0,0.56,18.45,0.54,55.0,0.57,344.55,0.58,262.97,0.01,0.01,2317.398863,1776206172000
1776206175.259,75.259,0.44,19.03,0.43,493.55,0.46,10.0,0.47,100.0,0.56,10.97,0.54,55.0,0.57,394.55,0.58,287.97,0.02,0.01,2317.398863,1776206172000
1776206175.608,75.608,0.51,47.07,0.5,244.5,0.53,105.0,0.54,55.0,0.49,2.93,0.48,30.0,0.5,20.5,0.51,180.0,0.02,0.01,2317.398863,1776206172000
1776206176.082,76.082,0.53,248.0,0.52,92.0,0.55,65.0,0.56,115.0,0.47,105.0,0.46,55.0,0.49,47.07,0.5,244.5,0.02,0.02,2317.398863,1776206172000
1776206176.31,76.31,0.54,214.56,0.53,141.0,0.55,8.67,0.56,115.0,0.45,8.67,0.44,115.0,0.46,10.0,0.47,201.0,0.01,0.01,2317.36969,1776206175000
1776206176.675,76.675,0.55,224.0,0.54,57.56,0.57,55.0,0.58,60.5,0.44,55.0,0.43,50.0,0.46,214.56,0.47,146.0,0.02,0.02,2317.36969,1776206175000
1776206176.981,76.981,0.56,24.09,0.55,15.0,0.57,68.0,0.58,65.5,0.43,55.0,0.42,60.5,0.45,224.0,0.46,57.56,0.01,0.02,2317.36969,1776206175000
1776206177.183,77.183,0.56,8.55,0.55,10.0,0.57,78.0,0.58,65.5,0.43,78.0,0.42,65.5,0.44,33.34,0.45,10.0,0.01,0.01,2317.36969,1776206175000
1776206177.968,77.968,0.56,13.24,0.55,10.0,0.57,93.5,0.58,65.5,0.43,93.5,0.42,65.5,0.44,13.24,0.45,10.0,0.01,0.01,2317.829857,1776206176000
1776206178.183,78.183,0.56,3.43,0.53,29.0,0.57,144.6,0.58,92.5,0.43,93.5,0.42,65.5,0.44,13.24,0.45,10.0,0.01,0.01,2317.829857,1776206176000
1776206178.425,78.425,0.53,17.63,0.52,60.0,0.57,139.6,0.58,92.5,0.43,144.6,0.42,92.5,0.44,3.43,0.47,29.0,0.04,0.01,2317.829857,1776206176000
1776206178.712,78.712,0.52,60.0,0.51,139.07,0.55,41.63,0.56,15.0,0.45,10.0,0.43,134.6,0.47,11.63,0.48,60.0,0.03,0.02,2317.829857,1776206176000
1776206179.658,79.658,0.53,30.0,0.52,60.0,0.54,55.8,0.55,21.63,0.45,41.63,0.44,15.0,0.48,60.0,0.49,139.07,0.01,0.03,2318.19042,1776206177000
1776206179.929,79.929,0.53,30.0,0.52,60.0,0.54,55.8,0.55,21.63,0.46,55.8,0.45,21.63,0.47,30.0,0.48,60.0,0.01,0.01,2318.05388,1776206178000
1776206180.525,80.525,0.53,30.0,0.52,60.0,0.54,40.8,0.55,21.63,0.46,55.8,0.45,21.63,0.47,30.0,0.48,60.0,0.01,0.01,2318.05388,1776206178000
1776206180.908,80.908,0.53,30.0,0.52,60.0,0.54,40.8,0.55,21.63,0.46,40.8,0.45,21.63,0.47,30.0,0.48,60.0,0.01,0.01,2317.962094,1776206179000
1776206181.566,81.566,0.53,30.0,0.52,60.0,0.54,40.8,0.55,21.63,0.46,40.8,0.45,21.63,0.47,30.0,0.48,60.0,0.01,0.01,2317.928531,1776206180000
1776206181.768,81.768,0.52,73.0,0.51,85.0,0.54,70.8,0.55,38.63,0.46,40.8,0.45,21.63,0.47,30.0,0.48,60.0,0.02,0.01,2317.928531,1776206180000
1776206182.107,82.107,0.52,43.0,0.51,99.0,0.53,47.31,0.54,70.8,0.46,70.8,0.45,38.63,0.48,73.0,0.49,85.0,0.01,0.02,2317.928531,1776206180000
1776206182.317,82.317,0.52,43.0,0.51,99.0,0.53,47.31,0.54,70.8,0.47,47.31,0.46,70.8,0.48,43.0,0.49,99.0,0.01,0.01,2317.925896,1776206181000
1776206183.158,83.158,0.52,43.0,0.51,99.0,0.53,47.31,0.54,70.8,0.47,47.31,0.46,70.8,0.48,43.0,0.49,99.0,0.01,0.01,2317.94068,1776206182000
1776206183.523,83.523,0.52,46.0,0.51,94.0,0.53,32.31,0.54,70.8,0.47,37.31,0.46,70.8,0.48,44.0,0.49,94.0,0.01,0.01,2317.94068,1776206182000
1776206184.282,84.282,0.49,161.0,0.48,18.0,0.51,110.5,0.52,79.5,0.47,32.31,0.46,70.8,0.48,46.0,0.49,94.0,0.02,0.01,2317.94068,1776206182000
1776206185.005,85.005,0.49,161.0,0.48,18.0,0.51,110.5,0.52,79.5,0.49,110.5,0.48,79.5,0.51,161.0,0.52,18.0,0.02,0.02,2317.840053,1776206183000
1776206185.734,85.734,0.49,161.0,0.48,18.0,0.51,110.5,0.52,79.5,0.49,110.5,0.48,79.5,0.51,161.0,0.52,18.0,0.02,0.02,2317.794722,1776206184000
1776206186.529,86.529,0.49,161.0,0.48,18.0,0.51,110.5,0.52,79.5,0.49,110.5,0.48,79.5,0.51,161.0,0.52,18.0,0.02,0.02,2317.506015,1776206185000
1776206186.966,86.966,0.49,229.0,0.48,15.0,0.5,18.5,0.51,55.5,0.5,18.5,0.49,55.5,0.51,224.0,0.52,15.0,0.01,0.01,2317.506015,1776206185000
1776206187.362,87.362,0.49,229.0,0.48,15.0,0.5,18.5,0.51,55.5,0.5,18.5,0.49,55.5,0.51,229.0,0.52,15.0,0.01,0.01,2317.454824,1776206186000
1776206188.448,88.448,0.49,229.0,0.48,15.0,0.5,18.5,0.51,55.5,0.5,18.5,0.49,55.5,0.51,229.0,0.52,15.0,0.01,0.01,2317.47296,1776206187000
1776206188.676,88.676,0.49,229.0,0.48,15.0,0.51,44.02,0.52,42.5,0.5,18.5,0.49,55.5,0.51,229.0,0.52,15.0,0.02,0.01,2317.47296,1776206187000
1776206189.261,89.261,0.49,229.0,0.48,15.0,0.51,44.02,0.52,42.5,0.49,44.02,0.48,42.5,0.51,229.0,0.52,15.0,0.02,0.02,2317.516369,1776206188000
1776206189.898,89.898,0.49,115.0,0.47,85.0,0.5,91.5,0.51,46.5,0.49,44.02,0.48,42.5,0.51,229.0,0.52,15.0,0.01,0.02,2317.516369,1776206188000
1776206190.116,90.116,0.49,104.59,0.47,85.0,0.5,110.5,0.51,40.5,0.5,91.5,0.49,46.5,0.51,115.0,0.53,85.0,0.01,0.01,2317.516369,1776206188000
1776206190.678,90.678,0.49,34.59,0.47,85.0,0.5,121.74,0.51,53.5,0.5,121.74,0.49,53.5,0.51,34.59,0.53,85.0,0.01,0.01,2317.5436,1776206189000
1776206191.528,91.528,0.49,12.59,0.47,90.0,0.5,109.49,0.51,53.5,0.5,121.74,0.49,53.5,0.51,34.59,0.53,85.0,0.01,0.01,2317.5436,1776206189000
1776206192.339,92.339,0.49,12.59,0.47,90.0,0.5,109.49,0.51,53.5,0.5,109.49,0.49,53.5,0.51,12.59,0.53,90.0,0.01,0.01,2317.403629,1776206191000
1776206193.368,93.368,0.49,0.04,0.48,5.0,0.5,115.5,0.51,71.25,0.5,115.5,0.49,71.25,0.51,0.04,0.52,5.0,0.01,0.01,2317.279947,1776206192000
1776206193.863,93.863,0.48,3.07,0.47,90.0,0.5,110.5,0.51,81.25,0.5,115.5,0.49,71.25,0.51,0.04,0.52,5.0,0.02,0.01,2317.279947,1776206192000
1776206194.067,94.067,0.48,1.14,0.47,90.0,0.49,93.5,0.5,88.5,0.5,110.5,0.49,81.25,0.52,3.07,0.53,90.0,0.01,0.02,2317.279947,1776206192000
1776206194.847,94.847,0.48,1.14,0.47,90.0,0.49,93.5,0.5,88.5,0.51,93.5,0.5,88.5,0.52,1.14,0.53,90.0,0.01,0.01,2317.262999,1776206193000
1776206195.397,95.397,0.48,1.14,0.47,90.0,0.49,93.5,0.5,88.5,0.51,93.5,0.5,88.5,0.52,1.14,0.53,90.0,0.01,0.01,2317.249699,1776206194000
1776206196.054,96.054,0.48,1.14,0.47,90.0,0.49,93.5,0.5,88.5,0.51,93.5,0.5,88.5,0.52,1.14,0.53,90.0,0.01,0.01,2317.260666,1776206195000
1776206196.265,96.265,0.48,20.21,0.47,90.0,0.49,67.5,0.5,52.5,0.51,93.5,0.5,88.5,0.52,1.14,0.53,90.0,0.01,0.01,2317.260666,1776206195000
1776206197.115,97.115,0.48,20.21,0.47,90.0,0.49,67.5,0.5,52.5,0.51,67.5,0.5,52.5,0.52,20.21,0.53,90.0,0.01,0.01,2317.262652,1776206196000
1776206198.208,98.208,0.48,20.21,0.47,90.0,0.49,67.5,0.5,52.5,0.51,67.5,0.5,52.5,0.52,20.21,0.53,90.0,0.01,0.01,2317.263205,1776206197000
1776206199.25,99.25,0.48,20.21,0.47,90.0,0.49,67.5,0.5,52.5,0.51,67.5,0.5,52.5,0.52,20.21,0.53,90.0,0.01,0.01,2317.250475,1776206198000
1776206200.181,100.181,0.48,20.21,0.47,90.0,0.49,67.5,0.5,52.5,0.51,67.5,0.5,52.5,0.52,20.21,0.53,90.0,0.01,0.01,2317.242382,1776206199000
1776206201.2,101.2,0.48,20.21,0.47,90.0,0.49,67.5,0.5,52.5,0.51,67.5,0.5,52.5,0.52,20.21,0.53,90.0,0.01,0.01,2317.276818,1776206200000
1776206201.87,101.87,0.48,10.21,0.47,85.0,0.49,98.01,0.5,75.49,0.51,67.5,0.5,52.5,0.52,20.21,0.53,90.0,0.01,0.01,2317.276818,1776206200000
1776206202.099,102.099,0.47,85.0,0.46,5.0,0.49,107.01,0.5,75.49,0.51,98.01,0.5,75.49,0.52,10.21,0.53,85.0,0.02,0.01,2317.276818,1776206200000
1776206202.987,102.987,0.47,90.0,0.46,5.0,0.48,61.33,0.49,52.01,0.51,107.01,0.5,75.49,0.53,85.0,0.54,5.0,0.01,0.02,2317.299968,1776206201000
1776206203.356,103.356,0.47,90.0,0.46,5.0,0.48,61.33,0.49,52.01,0.52,61.33,0.51,52.01,0.53,90.0,0.54,5.0,0.01,0.01,2317.275545,1776206202000
1776206203.897,103.897,0.47,90.0,0.46,5.0,0.48,61.33,0.49,52.01,0.52,61.33,0.51,52.01,0.53,90.0,0.54,5.0,0.01,0.01,2317.25061,1776206203000
1776206204.886,104.886,0.47,90.0,0.46,5.0,0.48,61.33,0.49,52.01,0.52,61.33,0.51,52.01,0.53,90.0,0.54,5.0,0.01,0.01,2317.249198,1776206204000
1776206205.895,105.895,0.47,90.0,0.46,5.0,0.48,61.33,0.49,52.01,0.52,61.33,0.51,52.01,0.53,90.0,0.54,5.0,0.01,0.01,2317.181418,1776206205000
1776206206.883,106.883,0.47,90.0,0.46,5.0,0.48,61.33,0.49,52.01,0.52,61.33,0.51,52.01,0.53,90.0,0.54,5.0,0.01,0.01,2317.246964,1776206206000
1776206207.971,107.971,0.47,90.0,0.46,5.0,0.48,61.33,0.49,52.01,0.52,61.33,0.51,52.01,0.53,90.0,0.54,5.0,0.01,0.01,2317.133727,1776206207000
1776206209.0,109.0,0.47,90.0,0.46,5.0,0.48,61.33,0.49,52.01,0.52,61.33,0.51,52.01,0.53,90.0,0.54,5.0,0.01,0.01,2317.134662,1776206208000
1776206210.954,110.954,0.47,90.0,0.46,5.0,0.48,61.33,0.49,52.01,0.52,61.33,0.51,52.01,0.53,90.0,0.54,5.0,0.01,0.01,2317.119995,1776206209000
1776206211.822,111.822,0.47,90.0,0.46,5.0,0.48,61.33,0.49,52.01,0.52,61.33,0.51,52.01,0.53,90.0,0.54,5.0,0.01,0.01,2317.122615,1776206210000
1776206212.525,112.525,0.47,90.0,0.46,5.0,0.48,61.33,0.49,52.01,0.52,61.33,0.51,52.01,0.53,90.0,0.54,5.0,0.01,0.01,2317.220024,1776206211000
1776206212.787,112.787,0.42,74.48,0.41,65.5,0.44,91.5,0.45,71.5,0.52,61.33,0.51,52.01,0.53,90.0,0.54,5.0,0.02,0.01,2317.220024,1776206211000
1776206213.17,113.17,0.42,74.48,0.41,65.5,0.44,91.5,0.45,71.5,0.56,91.5,0.55,71.5,0.58,74.48,0.59,65.5,0.02,0.02,2317.099723,1776206212000
1776206213.497,113.497,0.42,79.48,0.41,65.5,0.43,40.0,0.44,81.5,0.56,91.5,0.55,71.5,0.58,74.48,0.59,65.5,0.01,0.02,2317.099723,1776206212000
1776206214.148,114.148,0.42,79.48,0.41,65.5,0.43,45.5,0.44,81.5,0.57,40.0,0.56,81.5,0.58,79.48,0.59,65.5,0.01,0.01,2317.099723,1776206212000
1776206214.462,114.462,0.42,79.48,0.41,65.5,0.43,45.5,0.44,81.5,0.57,45.5,0.56,81.5,0.58,79.48,0.59,65.5,0.01,0.01,2316.936968,1776206213000
1776206214.816,114.816,0.42,79.48,0.41,65.5,0.43,35.5,0.44,81.5,0.57,45.5,0.56,81.5,0.58,79.48,0.59,65.5,0.01,0.01,2316.936968,1776206213000
1776206215.095,115.095,0.42,60.48,0.41,65.5,0.43,35.5,0.44,87.5,0.57,35.5,0.56,81.5,0.58,79.48,0.59,65.5,0.01,0.01,2316.936968,1776206213000
1776206215.483,115.483,0.42,65.48,0.41,65.5,0.43,30.5,0.44,121.49,0.57,35.5,0.56,87.5,0.58,60.48,0.59,65.5,0.01,0.01,2316.926048,1776206214000
1776206216.123,116.123,0.42,70.48,0.41,65.5,0.43,15.0,0.44,66.5,0.57,30.5,0.56,121.49,0.58,65.48,0.59,65.5,0.01,0.01,2316.926048,1776206214000
1776206216.775,116.775,0.42,75.48,0.41,65.5,0.43,15.0,0.44,66.5,0.57,15.0,0.56,66.5,0.58,70.48,0.59,65.5,0.01,0.01,2316.917827,1776206215000
1776206217.429,117.429,0.42,85.98,0.41,65.5,0.44,66.5,0.45,44.5,0.57,15.0,0.56,66.5,0.58,75.48,0.59,65.5,0.02,0.01,2316.917827,1776206215000
1776206218.091,118.091,0.42,60.48,0.41,50.0,0.43,107.5,0.44,40.5,0.56,66.5,0.55,44.5,0.58,85.98,0.59,65.5,0.01,0.02,2316.924116,1776206216000
1776206219.201,119.201,0.42,60.48,0.41,50.0,0.43,107.5,0.44,40.5,0.57,107.5,0.56,40.5,0.58,60.48,0.59,50.0,0.01,0.01,2316.925119,1776206218000
1776206219.449,119.449,0.4,75.0,0.39,75.0,0.43,238.49,0.44,78.74,0.57,107.5,0.56,40.5,0.58,60.48,0.59,50.0,0.03,0.01,2316.925119,1776206218000
1776206220.107,120.107,0.4,50.5,0.39,90.5,0.41,50.75,0.42,20.0,0.57,238.49,0.56,78.74,0.6,75.0,0.61,75.0,0.01,0.03,2316.925119,1776206218000
1776206220.376,120.376,0.4,50.5,0.39,90.5,0.41,50.75,0.42,20.0,0.59,50.75,0.58,20.0,0.6,50.5,0.61,90.5,0.01,0.01,2316.909368,1776206219000
1776206220.608,120.608,0.42,35.5,0.41,25.5,0.43,4.39,0.44,26.0,0.57,5.0,0.56,26.0,0.59,30.5,0.6,130.5,0.01,0.02,2316.909368,1776206219000
1776206220.922,120.922,0.43,3.65,0.42,30.5,0.44,31.0,0.45,39.5,0.56,31.0,0.55,39.5,0.57,3.65,0.58,30.5,0.01,0.01,2316.843489,1776206220000
1776206222.075,122.075,0.42,35.5,0.41,25.5,0.44,31.0,0.45,39.5,0.56,31.0,0.55,39.5,0.58,35.5,0.59,25.5,0.02,0.02,2316.74852,1776206221000
1776206223.12,123.12,0.42,35.5,0.41,25.5,0.44,31.0,0.45,39.5,0.56,31.0,0.55,39.5,0.58,35.5,0.59,25.5,0.02,0.02,2316.879117,1776206222000
1776206224.344,124.344,0.42,35.5,0.41,25.5,0.44,31.0,0.45,39.5,0.56,31.0,0.55,39.5,0.58,35.5,0.59,25.5,0.02,0.02,2316.939405,1776206223000
1776206224.889,124.889,0.42,35.5,0.41,25.5,0.44,31.0,0.45,39.5,0.56,31.0,0.55,39.5,0.58,35.5,0.59,25.5,0.02,0.02,2316.946035,1776206224000
1776206225.318,125.318,0.43,3.24,0.42,25.5,0.44,31.0,0.45,57.25,0.56,31.0,0.55,39.5,0.57,5.0,0.58,25.5,0.01,0.01,2316.946035,1776206224000
1776206226.049,126.049,0.42,15.74,0.41,25.5,0.44,36.0,0.45,57.25,0.56,31.0,0.55,57.25,0.57,3.24,0.58,25.5,0.02,0.01,2316.946035,1776206224000
1776206226.494,126.494,0.42,15.74,0.41,25.5,0.44,36.0,0.45,57.25,0.56,36.0,0.55,57.25,0.58,15.74,0.59,25.5,0.02,0.02,2316.949105,1776206225000
1776206226.978,126.978,0.42,15.74,0.41,25.5,0.44,36.0,0.45,57.25,0.56,36.0,0.55,57.25,0.58,15.74,0.59,25.5,0.02,0.02,2316.94917,1776206226000
1776206227.992,127.992,0.42,15.74,0.41,25.5,0.44,36.0,0.45,57.25,0.56,36.0,0.55,57.25,0.58,15.74,0.59,25.5,0.02,0.02,2316.949275,1776206227000
1776206229.042,129.042,0.42,15.74,0.41,25.5,0.44,36.0,0.45,57.25,0.56,36.0,0.55,57.25,0.58,15.74,0.59,25.5,0.02,0.02,2316.951065,1776206228000
1776206230.062,130.062,0.42,15.74,0.41,25.5,0.44,36.0,0.45,57.25,0.56,36.0,0.55,57.25,0.58,15.74,0.59,25.5,0.02,0.02,2316.945,1776206229000
1776206230.303,130.303,0.47,0.56,0.46,15.0,0.48,10.5,0.49,21.0,0.52,10.5,0.51,21.0,0.54,5.0,0.55,112.5,0.01,0.02,2316.945,1776206229000
1776206231.003,131.003,0.47,0.56,0.46,15.0,0.48,10.5,0.49,21.0,0.52,10.5,0.51,21.0,0.53,0.56,0.54,15.0,0.01,0.01,2316.93668,1776206230000
1776206232.132,132.132,0.47,0.56,0.46,15.0,0.48,10.5,0.49,21.0,0.52,10.5,0.51,21.0,0.53,0.56,0.54,15.0,0.01,0.01,2317.077641,1776206231000
1776206233.072,133.072,0.47,0.56,0.46,15.0,0.48,10.5,0.49,21.0,0.52,10.5,0.51,21.0,0.53,0.56,0.54,15.0,0.01,0.01,2316.990125,1776206232000
1776206234.057,134.057,0.47,0.56,0.46,15.0,0.48,10.5,0.49,21.0,0.52,10.5,0.51,21.0,0.53,0.56,0.54,15.0,0.01,0.01,2316.596077,1776206233000
1776206235.055,135.055,0.34,3.34,0.33,5.0,0.36,45.0,0.37,74.49,0.64,45.0,0.63,74.49,0.66,3.34,0.67,5.0,0.02,0.02,2316.450039,1776206234000
1776206235.46,135.46,0.32,70.0,0.31,20.0,0.34,40.0,0.35,20.0,0.64,45.0,0.63,74.49,0.66,3.34,0.67,5.0,0.02,0.02,2316.450039,1776206234000
1776206235.887,135.887,0.32,87.36,0.31,20.0,0.33,25.0,0.34,30.0,0.66,40.0,0.65,20.0,0.68,70.0,0.69,20.0,0.01,0.02,2316.450039,1776206234000
1776206236.972,136.972,0.32,87.36,0.31,20.0,0.33,25.0,0.34,30.0,0.67,25.0,0.66,30.0,0.68,87.36,0.69,20.0,0.01,0.01,2316.451873,1776206236000
1776206237.905,137.905,0.32,58.36,0.31,15.0,0.33,30.0,0.34,30.0,0.67,25.0,0.66,30.0,0.68,87.36,0.69,20.0,0.01,0.01,2316.451873,1776206236000
1776206238.562,138.562,0.24,18.98,0.23,70.3,0.33,50.0,0.34,25.0,0.67,30.0,0.66,30.0,0.68,58.36,0.69,15.0,0.09,0.01,2316.452022,1776206237000
1776206238.892,138.892,0.26,24.01,0.24,10.0,0.27,55.0,0.28,20.0,0.67,50.0,0.66,25.0,0.76,18.98,0.77,70.3,0.01,0.09,2316.452022,1776206237000
1776206239.42,139.42,0.26,24.01,0.24,10.0,0.29,1.2,0.3,10.0,0.71,1.2,0.7,10.0,0.74,24.01,0.76,10.0,0.03,0.03,2316.449684,1776206238000
1776206239.66,139.66,0.26,23.01,0.25,10.0,0.27,9.0,0.28,15.0,0.73,9.0,0.72,15.0,0.74,34.01,0.75,10.0,0.01,0.01,2316.449684,1776206238000
1776206240.061,140.061,0.26,28.01,0.25,10.0,0.27,5.55,0.28,15.0,0.73,9.0,0.72,15.0,0.74,23.01,0.75,10.0,0.01,0.01,2316.449684,1776206238000
1776206240.272,140.272,0.26,60.82,0.25,10.0,0.28,15.0,0.29,1.2,0.73,5.55,0.72,15.0,0.74,28.01,0.75,10.0,0.02,0.01,2316.449684,1776206238000
1776206241.027,141.027,0.26,60.82,0.25,10.0,0.28,15.0,0.29,1.2,0.72,15.0,0.71,1.2,0.74,60.82,0.75,10.0,0.02,0.02,2316.496196,1776206240000
1776206242.2,142.2,0.27,58.03,0.26,6.0,0.28,29.0,0.29,6.2,0.72,29.0,0.71,6.2,0.73,58.03,0.74,6.0,0.01,0.01,2316.508271,1776206241000
1776206243.254,143.254,0.27,58.03,0.26,6.0,0.28,29.0,0.29,6.2,0.72,29.0,0.71,6.2,0.73,58.03,0.74,6.0,0.01,0.01,2316.509041,1776206242000
1776206243.699,143.699,0.35,75.0,0.34,40.0,0.36,31.63,0.37,11.0,0.72,29.0,0.71,6.2,0.73,58.03,0.74,6.0,0.01,0.01,2316.509041,1776206242000
1776206244.393,144.393,0.37,10.0,0.36,15.0,0.39,6.19,0.4,11.0,0.61,6.19,0.6,11.0,0.63,10.0,0.64,15.0,0.02,0.02,2316.508803,1776206243000
1776206244.994,144.994,0.4,48.73,0.39,6.0,0.41,20.5,0.42,40.0,0.59,20.5,0.58,40.0,0.6,48.73,0.61,6.0,0.01,0.01,2316.513495,1776206244000
1776206245.74,145.74,0.4,38.73,0.39,11.0,0.41,35.5,0.42,60.0,0.59,20.5,0.58,40.0,0.6,48.73,0.61,6.0,0.01,0.01,2316.513495,1776206244000
1776206246.014,146.014,0.4,38.73,0.39,11.0,0.41,35.5,0.42,60.0,0.59,35.5,0.58,60.0,0.6,38.73,0.61,11.0,0.01,0.01,2316.81144,1776206245000
1776206246.988,146.988,0.4,38.73,0.39,11.0,0.41,35.5,0.42,60.0,0.59,35.5,0.58,60.0,0.6,38.73,0.61,11.0,0.01,0.01,2316.828971,1776206246000
1776206247.26,147.26,0.39,6.0,0.38,11.0,0.4,20.0,0.41,25.5,0.6,25.5,0.59,35.5,0.61,6.0,0.62,11.0,0.01,0.01,2316.828971,1776206246000
1776206247.768,147.768,0.39,4.0,0.38,11.0,0.4,20.0,0.41,25.5,0.6,20.0,0.59,25.5,0.61,6.0,0.62,11.0,0.01,0.01,2316.828971,1776206246000
1776206248.023,148.023,0.39,2.88,0.38,11.0,0.4,25.0,0.41,30.5,0.6,20.0,0.59,25.5,0.61,4.0,0.62,11.0,0.01,0.01,2316.828971,1776206246000
1776206248.985,148.985,0.35,10.76,0.34,16.0,0.4,35.0,0.41,30.5,0.6,25.0,0.59,30.5,0.61,2.88,0.62,11.0,0.05,0.01,2316.862897,1776206247000
1776206250.609,150.609,0.35,10.76,0.34,16.0,0.4,35.0,0.41,30.5,0.6,35.0,0.59,30.5,0.65,10.76,0.66,16.0,0.05,0.05,2316.800613,1776206249000
1776206250.896,150.896,0.35,62.76,0.34,16.0,0.36,10.0,0.37,15.0,0.6,35.0,0.59,30.5,0.65,10.76,0.66,16.0,0.01,0.05,2316.800613,1776206249000
1776206251.144,151.144,0.35,61.22,0.34,16.0,0.36,10.0,0.37,15.0,0.64,10.0,0.63,15.0,0.65,61.22,0.66,16.0,0.01,0.01,2316.804129,1776206250000
1776206251.497,151.497,0.35,45.22,0.34,25.0,0.36,15.0,0.37,15.0,0.64,10.0,0.63,15.0,0.65,61.22,0.66,16.0,0.01,0.01,2316.804129,1776206250000
1776206252.338,152.338,0.35,45.22,0.34,25.0,0.36,15.0,0.37,15.0,0.64,15.0,0.63,15.0,0.65,45.22,0.66,25.0,0.01,0.01,2316.791576,1776206251000
1776206252.887,152.887,0.34,15.0,0.33,15.0,0.35,20.0,0.36,35.0,0.64,15.0,0.63,15.0,0.65,45.22,0.66,25.0,0.01,0.01,2316.791576,1776206251000
1776206253.373,153.373,0.34,13.48,0.33,15.0,0.35,20.0,0.36,35.0,0.65,20.0,0.64,35.0,0.66,13.48,0.67,15.0,0.01,0.01,2316.795946,1776206252000
1776206254.26,154.26,0.32,205.0,0.31,24.22,0.33,20.0,0.34,15.0,0.65,20.0,0.64,35.0,0.66,13.48,0.67,15.0,0.01,0.01,2316.795946,1776206252000
1776206254.561,154.561,0.32,205.0,0.31,24.22,0.33,15.0,0.34,15.0,0.67,15.0,0.66,15.0,0.68,205.0,0.69,24.22,0.01,0.01,2316.802739,1776206253000
1776206254.761,154.761,0.33,178.5,0.32,40.0,0.34,5.0,0.35,15.0,0.66,10.0,0.65,15.0,0.67,178.5,0.68,40.0,0.01,0.01,2316.802739,1776206253000
1776206255.035,155.035,0.33,178.5,0.32,40.0,0.34,5.0,0.35,15.0,0.66,5.0,0.65,15.0,0.67,178.5,0.68,40.0,0.01,0.01,2316.777496,1776206254000
1776206255.258,155.258,0.33,183.5,0.32,30.0,0.35,15.0,0.36,15.0,0.66,5.0,0.65,15.0,0.67,178.5,0.68,40.0,0.02,0.01,2316.777496,1776206254000
1776206255.989,155.989,0.45,10.0,0.44,15.0,0.46,6.15,0.48,52.75,0.65,15.0,0.64,15.0,0.67,183.5,0.68,30.0,0.01,0.02,2316.777496,1776206254000
1776206256.25,156.25,0.45,52.0,0.44,15.0,0.46,8.43,0.48,35.0,0.54,6.15,0.52,52.75,0.55,10.0,0.56,15.0,0.01,0.01,2316.792731,1776206255000
1776206257.036,157.036,0.45,52.0,0.44,15.0,0.46,8.43,0.48,35.0,0.54,8.43,0.52,35.0,0.55,52.0,0.56,15.0,0.01,0.01,2316.761766,1776206256000
1776206257.707,157.707,0.47,87.0,0.46,15.0,0.48,9.87,0.49,70.5,0.52,64.37,0.51,78.0,0.53,25.0,0.54,15.0,0.01,0.01,2316.761766,1776206256000
1776206258.091,158.091,0.47,87.0,0.46,15.0,0.5,24.58,0.51,15.0,0.5,24.58,0.49,15.0,0.53,87.0,0.54,15.0,0.03,0.03,2317.106352,1776206257000
1776206258.724,158.724,0.49,25.0,0.48,15.0,0.5,25.5,0.51,20.0,0.5,24.58,0.49,15.0,0.53,87.0,0.54,15.0,0.01,0.03,2317.106352,1776206257000
1776206259.06,159.06,0.49,25.0,0.48,15.0,0.5,30.5,0.51,20.0,0.5,25.5,0.49,20.0,0.51,25.0,0.52,15.0,0.01,0.01,2317.106352,1776206257000
1776206259.546,159.546,0.49,87.0,0.48,15.0,0.5,30.5,0.51,20.0,0.5,30.5,0.49,20.0,0.51,25.0,0.52,15.0,0.01,0.01,2317.17578,1776206258000
1776206260.124,160.124,0.49,87.0,0.48,15.0,0.5,30.5,0.51,20.0,0.5,30.5,0.49,20.0,0.51,87.0,0.52,15.0,0.01,0.01,2317.30429,1776206259000
1776206260.709,160.709,0.46,10.0,0.44,25.0,0.49,0.81,0.5,375.5,0.5,30.5,0.49,20.0,0.51,95.85,0.52,15.0,0.03,0.01,2317.30429,1776206259000
1776206261.069,161.069,0.38,0.2,0.37,35.0,0.47,0.57,0.48,10.0,0.53,0.57,0.52,10.0,0.62,0.2,0.63,35.0,0.09,0.09,2317.32336,1776206260000
1776206261.721,161.721,0.29,25.0,0.28,60.0,0.3,33.5,0.31,20.0,0.64,9.9,0.57,97.75,0.65,5.0,0.66,5.0,0.01,0.01,2317.32336,1776206260000
1776206262.02,162.02,0.29,25.0,0.28,60.0,0.3,33.5,0.31,20.0,0.7,33.5,0.69,20.0,0.71,25.0,0.72,60.0,0.01,0.01,2317.33714,1776206261000
1776206262.772,162.772,0.26,35.5,0.24,5.0,0.27,43.0,0.28,20.0,0.7,41.4,0.69,20.0,0.71,25.0,0.73,10.5,0.01,0.01,2317.33714,1776206261000
1776206263.004,163.004,0.26,35.5,0.24,5.0,0.27,43.0,0.28,20.0,0.73,43.0,0.72,20.0,0.74,35.5,0.76,5.0,0.01,0.01,2316.940049,1776206262000
1776206263.584,163.584,0.26,35.5,0.23,5.0,0.27,43.0,0.28,25.0,0.73,43.0,0.72,20.0,0.74,35.5,0.76,5.0,0.01,0.01,2316.940049,1776206262000
1776206263.952,163.952,0.27,17.0,0.26,35.5,0.28,25.0,0.29,20.0,0.72,25.0,0.71,20.0,0.73,17.0,0.74,35.5,0.01,0.01,2316.436531,1776206263000
1776206264.359,164.359,0.26,1.97,0.23,5.0,0.27,25.0,0.28,20.0,0.73,25.0,0.72,20.0,0.74,35.5,0.77,5.0,0.01,0.01,2316.436531,1776206263000
1776206264.623,164.623,0.28,93.41,0.27,20.5,0.3,28.11,0.31,15.0,0.73,25.0,0.72,20.0,0.74,1.97,0.77,5.0,0.02,0.01,2316.436531,1776206263000
1776206264.963,164.963,0.29,25.5,0.28,30.91,0.3,8.71,0.31,20.0,0.7,28.11,0.69,15.0,0.72,62.41,0.73,10.0,0.01,0.02,2316.436531,1776206263000
1776206265.421,165.421,0.29,75.41,0.28,45.91,0.3,8.71,0.31,15.0,0.7,3.71,0.69,15.0,0.71,120.5,0.72,40.91,0.01,0.01,2316.279045,1776206264000
1776206265.772,165.772,0.29,70.41,0.28,45.91,0.3,7.24,0.31,15.0,0.7,8.71,0.69,15.0,0.71,75.41,0.72,45.91,0.01,0.01,2316.279045,1776206264000
1776206266.527,166.527,0.29,110.55,0.28,40.91,0.3,3.71,0.31,15.0,0.7,7.24,0.69,15.0,0.71,73.98,0.72,45.91,0.01,0.01,2316.277779,1776206265000
1776206267.354,167.354,0.26,55.5,0.25,25.5,0.27,43.0,0.28,33.0,0.7,8.71,0.69,10.0,0.71,51.05,0.72,13.41,0.01,0.01,2316.277779,1776206265000
1776206267.875,167.875,0.26,45.0,0.25,25.5,0.29,0.24,0.3,33.71,0.73,43.0,0.72,33.0,0.74,55.5,0.75,25.5,0.03,0.01,2316.450882,1776206266000
1776206268.262,168.262,0.26,45.0,0.25,25.5,0.29,0.24,0.3,33.71,0.71,0.24,0.7,33.71,0.74,45.0,0.75,25.5,0.03,0.03,2316.589844,1776206267000
1776206269.447,169.447,0.26,60.0,0.25,35.5,0.27,6.31,0.28,20.0,0.73,6.31,0.72,20.0,0.74,60.0,0.75,35.5,0.01,0.01,2316.446617,1776206268000
1776206270.2,170.2,0.26,60.0,0.25,35.5,0.27,6.31,0.28,20.0,0.73,6.31,0.72,20.0,0.74,60.0,0.75,35.5,0.01,0.01,2316.353035,1776206269000
1776206271.099,171.099,0.23,1.97,0.22,10.0,0.27,46.81,0.28,40.0,0.73,6.31,0.72,20.0,0.74,60.0,0.75,35.5,0.04,0.01,2316.353035,1776206269000
1776206271.577,171.577,0.23,133.07,0.22,5.0,0.24,10.0,0.25,20.5,0.76,10.0,0.75,20.5,0.77,44.39,0.79,25.0,0.01,0.01,2316.353035,1776206269000
1776206271.881,171.881,0.23,88.77,0.22,5.0,0.26,15.98,0.27,16.81,0.76,10.0,0.75,20.5,0.77,126.77,0.78,5.0,0.03,0.01,2316.28487,1776206270000
1776206272.206,172.206,0.23,88.77,0.22,5.0,0.26,15.98,0.27,16.81,0.74,15.98,0.73,16.81,0.77,88.77,0.78,5.0,0.03,0.03,2316.260663,1776206271000
1776206272.535,172.535,0.23,52.39,0.21,35.5,0.24,15.0,0.25,30.5,0.74,15.98,0.73,16.81,0.77,88.77,0.78,5.0,0.01,0.03,2316.260663,1776206271000
1776206273.532,173.532,0.23,52.39,0.21,35.5,0.24,15.0,0.25,30.5,0.76,15.0,0.75,30.5,0.77,52.39,0.79,35.5,0.01,0.01,2316.145223,1776206272000
1776206274.151,174.151,0.23,52.39,0.21,35.5,0.24,15.0,0.25,30.5,0.76,15.0,0.75,30.5,0.77,52.39,0.79,35.5,0.01,0.01,2316.073525,1776206273000
1776206274.511,174.511,0.14,50.0,0.13,25.0,0.16,42.94,0.18,128.0,0.78,115.0,0.77,15.0,0.8,50.0,0.82,50.0,0.02,0.02,2316.073525,1776206273000
1776206274.766,174.766,0.13,32.85,0.12,30.09,0.14,15.88,0.15,45.5,0.85,42.5,0.84,42.75,0.87,23.85,0.88,37.09,0.01,0.02,2316.073525,1776206273000
1776206275.201,175.201,0.12,30.09,0.11,135.0,0.13,23.5,0.14,90.88,0.86,15.88,0.85,45.5,0.87,32.85,0.88,30.09,0.01,0.01,2316.073525,1776206273000
1776206275.531,175.531,0.11,135.0,0.1,135.0,0.13,33.5,0.14,95.88,0.87,33.5,0.86,95.88,0.89,135.0,0.9,135.0,0.02,0.02,2316.034597,1776206274000
1776206275.892,175.892,0.11,73.0,0.1,119.0,0.12,28.08,0.13,68.5,0.88,12.58,0.87,63.5,0.89,100.0,0.9,119.0,0.01,0.01,2316.034597,1776206274000
1776206276.149,176.149,0.11,73.0,0.1,119.0,0.12,28.08,0.13,68.5,0.88,28.08,0.87,68.5,0.89,73.0,0.9,119.0,0.01,0.01,2315.556527,1776206275000
1776206276.511,176.511,0.1,22.0,0.09,10.0,0.11,72.5,0.12,55.83,0.88,28.08,0.87,68.5,0.89,73.0,0.9,119.0,0.01,0.01,2315.556527,1776206275000
1776206276.936,176.936,0.1,27.2,0.09,10.0,0.11,37.5,0.12,40.83,0.89,59.5,0.88,55.83,0.9,12.0,0.91,10.0,0.01,0.01,2315.556527,1776206275000
1776206277.495,177.495,0.09,18.01,0.08,10.0,0.11,32.5,0.12,40.83,0.89,32.5,0.88,40.83,0.91,18.01,0.92,10.0,0.02,0.02,2314.707708,1776206276000
1776206277.895,177.895,0.09,17.05,0.08,10.0,0.1,10.5,0.11,63.5,0.89,54.5,0.88,72.08,0.91,25.32,0.92,10.0,0.01,0.02,2314.707708,1776206276000
1776206278.181,178.181,0.09,17.05,0.08,10.0,0.1,10.5,0.11,63.5,0.9,10.5,0.89,63.5,0.91,17.05,0.92,10.0,0.01,0.01,2314.687545,1776206277000
1776206278.467,178.467,0.08,10.0,0.07,10.0,0.09,22.42,0.1,9.5,0.9,19.5,0.89,108.5,0.91,7.58,0.92,10.0,0.01,0.01,2314.687545,1776206277000
1776206278.691,178.691,0.08,6.9,0.07,65.0,0.09,34.0,0.1,15.5,0.91,22.42,0.9,9.5,0.92,10.0,0.93,10.0,0.01,0.01,2314.687545,1776206277000
1776206278.934,178.934,0.08,5.0,0.07,79.42,0.09,39.0,0.1,10.5,0.92,23.1,0.91,34.0,0.93,65.0,0.94,35.0,0.01,0.01,2314.687545,1776206277000
1776206279.219,179.219,0.07,77.52,0.06,35.0,0.09,54.0,0.1,10.5,0.91,49.0,0.9,10.5,0.92,3.36,0.93,79.42,0.02,0.01,2314.687545,1776206277000
1776206279.515,179.515,0.07,76.0,0.06,35.0,0.08,5.0,0.09,44.0,0.92,5.0,0.91,44.0,0.93,76.0,0.94,35.0,0.01,0.01,2314.565763,1776206278000
1776206279.738,179.738,0.07,76.3,0.06,35.0,0.08,14.0,0.09,34.0,0.92,5.0,0.91,44.0,0.93,76.0,0.94,35.0,0.01,0.01,2314.565763,1776206278000
1776206280.113,180.113,0.07,74.3,0.06,35.0,0.08,14.0,0.09,49.5,0.92,14.0,0.91,49.5,0.93,74.3,0.94,35.0,0.01,0.01,2314.508998,1776206279000
1776206280.668,180.668,0.07,5.0,0.06,103.83,0.08,19.0,0.09,64.5,0.92,14.0,0.91,49.5,0.93,74.3,0.94,35.0,0.01,0.01,2314.508998,1776206279000
1776206280.904,180.904,0.07,88.0,0.06,51.83,0.08,19.0,0.09,15.0,0.92,19.0,0.91,15.0,0.93,123.97,0.94,51.83,0.01,0.01,2314.508998,1776206279000
1776206281.171,181.171,0.08,82.0,0.07,98.95,0.09,20.0,0.1,20.0,0.91,3.0,0.9,20.0,0.93,88.0,0.94,51.83,0.01,0.02,2314.508998,1776206279000
1776206281.613,181.613,0.08,82.0,0.07,98.95,0.09,20.0,0.1,20.0,0.91,20.0,0.9,20.0,0.92,82.0,0.93,98.95,0.01,0.01,2314.293147,1776206280000
1776206282.036,182.036,0.07,8.24,0.06,35.0,0.08,21.96,0.09,52.5,0.91,20.0,0.9,20.0,0.92,82.0,0.93,98.95,0.01,0.01,2314.293147,1776206280000
1776206282.392,182.392,0.06,25.0,0.05,25.0,0.07,21.89,0.08,52.5,0.92,21.96,0.91,52.5,0.93,8.24,0.94,35.0,0.01,0.01,2314.290354,1776206281000
1776206282.612,182.612,0.06,35.0,0.05,25.0,0.07,28.96,0.08,52.5,0.93,30.89,0.92,52.5,0.94,25.0,0.95,25.0,0.01,0.01,2314.290354,1776206281000
1776206283.531,183.531,0.06,21.83,0.05,25.0,0.07,62.96,0.08,57.5,0.93,28.96,0.92,52.5,0.94,35.0,0.95,25.0,0.01,0.01,2314.290354,1776206281000
1776206283.878,183.878,0.06,8.93,0.05,25.0,0.07,112.96,0.08,67.5,0.93,62.96,0.92,57.5,0.94,21.83,0.95,25.0,0.01,0.01,2314.382135,1776206282000
1776206284.353,184.353,0.05,25.0,0.04,140.8,0.07,75.96,0.08,84.69,0.93,112.96,0.92,67.5,0.94,2.93,0.95,25.0,0.02,0.01,2314.382135,1776206282000
1776206284.589,184.589,0.04,125.26,0.03,332.08,0.06,11.32,0.07,53.96,0.94,11.32,0.93,53.96,0.96,125.26,0.97,332.08,0.02,0.02,2314.07394,1776206283000
1776206284.821,184.821,0.05,5.0,0.04,150.51,0.06,15.0,0.07,47.57,0.94,11.32,0.93,53.96,0.96,125.26,0.97,332.08,0.01,0.02,2314.07394,1776206283000
1776206285.074,185.074,0.05,3.94,0.04,175.51,0.06,20.0,0.07,52.57,0.94,15.0,0.93,47.57,0.95,5.0,0.96,150.51,0.01,0.01,2314.07394,1776206283000
1776206285.657,185.657,0.05,2.02,0.04,175.51,0.06,30.0,0.07,42.57,0.94,20.0,0.93,52.57,0.95,3.94,0.96,175.51,0.01,0.01,2313.924008,1776206284000
1776206285.888,185.888,0.04,149.22,0.03,357.08,0.06,25.0,0.07,42.57,0.94,25.0,0.93,42.57,0.95,0.84,0.96,150.51,0.02,0.01,2313.924008,1776206284000
1776206286.17,186.17,0.04,149.22,0.03,357.08,0.06,25.0,0.07,42.57,0.94,25.0,0.93,42.57,0.96,149.22,0.97,357.08,0.02,0.02,2313.825708,1776206285000
1776206286.489,186.489,0.04,154.22,0.03,368.08,0.05,18.3,0.06,20.0,0.94,25.0,0.93,42.57,0.96,149.22,0.97,357.08,0.01,0.02,2313.825708,1776206285000
1776206286.721,186.721,0.04,134.01,0.03,368.08,0.05,22.25,0.06,35.5,0.95,22.25,0.94,35.5,0.96,144.22,0.97,368.08,0.01,0.01,2313.825708,1776206285000
1776206287.068,187.068,0.04,108.76,0.03,343.08,0.06,6.54,0.07,50.57,0.95,22.25,0.94,35.5,0.96,134.01,0.97,368.08,0.02,0.01,2313.825708,1776206285000
1776206288.231,188.231,0.05,10.0,0.04,108.76,0.06,79.8,0.07,50.57,0.94,6.54,0.93,50.57,0.96,108.76,0.97,343.08,0.01,0.02,2313.865163,1776206286000
1776206288.865,188.865,0.05,10.0,0.04,108.76,0.06,79.8,0.07,50.57,0.94,79.8,0.93,50.57,0.95,10.0,0.96,108.76,0.01,0.01,2313.845215,1776206288000
1776206289.251,189.251,0.04,113.63,0.03,368.08,0.06,13.8,0.07,15.0,0.94,8.8,0.93,10.0,0.95,23.2,0.96,113.76,0.02,0.01,2313.845215,1776206288000
1776206289.556,189.556,0.05,8.83,0.04,138.88,0.06,5.0,0.07,10.0,0.94,13.8,0.93,15.0,0.96,113.63,0.97,368.08,0.01,0.02,2313.845215,1776206288000
1776206289.957,189.957,0.07,13.0,0.05,8.83,0.08,53.5,0.09,73.25,0.92,53.5,0.91,73.25,0.93,13.0,0.95,8.83,0.01,0.01,2313.800069,1776206289000
1776206290.226,190.226,0.07,11.38,0.06,62.0,0.08,65.91,0.09,108.25,0.92,53.5,0.91,73.25,0.93,13.0,0.95,8.83,0.01,0.01,2313.800069,1776206289000
1776206290.431,190.431,0.06,62.0,0.05,33.83,0.08,70.91,0.09,90.5,0.92,70.91,0.91,90.5,0.93,2.75,0.94,62.0,0.02,0.01,2313.800069,1776206289000
1776206290.932,190.932,0.06,62.0,0.05,33.83,0.08,70.91,0.09,90.5,0.92,70.91,0.91,90.5,0.94,62.0,0.95,33.83,0.02,0.02,2313.905663,1776206290000
1776206291.872,191.872,0.06,62.0,0.05,33.83,0.08,70.91,0.09,90.5,0.92,70.91,0.91,90.5,0.94,62.0,0.95,33.83,0.02,0.02,2314.040829,1776206291000
1776206292.918,192.918,0.06,62.0,0.05,33.83,0.08,70.91,0.09,90.5,0.92,70.91,0.91,90.5,0.94,62.0,0.95,33.83,0.02,0.02,2313.957228,1776206292000
1776206293.594,193.594,0.04,113.63,0.03,343.08,0.06,173.5,0.07,109.69,0.92,70.91,0.91,90.5,0.94,62.0,0.95,33.83,0.02,0.02,2313.957228,1776206292000
1776206293.905,193.905,0.04,113.63,0.03,343.08,0.06,173.5,0.07,109.69,0.94,173.5,0.93,109.69,0.96,113.63,0.97,343.08,0.02,0.02,2313.731978,1776206293000
1776206294.525,194.525,0.04,112.58,0.03,343.08,0.05,10.0,0.06,143.5,0.94,173.5,0.93,109.69,0.96,113.63,0.97,343.08,0.01,0.02,2313.731978,1776206293000
1776206295.046,195.046,0.04,108.29,0.03,343.08,0.05,10.0,0.06,143.5,0.95,10.0,0.94,143.5,0.96,108.29,0.97,343.08,0.01,0.01,2313.691808,1776206294000
1776206295.63,195.63,0.04,24.37,0.03,343.08,0.05,81.0,0.06,197.3,0.95,10.0,0.94,143.5,0.96,108.29,0.97,343.08,0.01,0.01,2313.691808,1776206294000
1776206296.246,196.246,0.04,24.37,0.03,343.08,0.05,81.0,0.06,197.3,0.95,81.0,0.94,197.3,0.96,24.37,0.97,343.08,0.01,0.01,2313.661402,1776206295000
1776206297.309,197.309,0.04,24.37,0.03,343.08,0.05,81.0,0.06,197.3,0.95,81.0,0.94,197.3,0.96,24.37,0.97,343.08,0.01,0.01,2313.66186,1776206296000
1776206297.698,197.698,0.06,23.0,0.05,10.0,0.07,139.03,0.08,211.58,0.93,40.5,0.92,145.39,0.94,29.0,0.96,39.37,0.01,0.01,2313.66186,1776206296000
1776206297.955,197.955,0.05,10.0,0.04,40.0,0.07,67.54,0.08,139.58,0.93,72.54,0.92,171.59,0.94,13.84,0.95,10.0,0.02,0.01,2313.66186,1776206296000
1776206298.38,198.38,0.05,33.09,0.04,40.0,0.06,5.99,0.07,65.0,0.93,67.54,0.92,139.58,0.95,7.89,0.96,40.0,0.01,0.02,2313.66186,1776206296000
1776206298.974,198.974,0.05,33.09,0.04,40.0,0.06,5.99,0.07,65.0,0.94,5.99,0.93,65.0,0.95,33.09,0.96,40.0,0.01,0.01,2313.742734,1776206298000
1776206299.371,199.371,0.05,5.26,0.04,15.0,0.06,104.67,0.07,110.3,0.94,5.99,0.93,65.0,0.95,33.09,0.96,40.0,0.01,0.01,2313.742734,1776206298000
1776206299.854,199.854,0.04,34.68,0.03,368.08,0.06,99.97,0.07,40.0,0.94,104.97,0.93,110.3,0.95,2.89,0.96,15.0,0.02,0.01,2313.742734,1776206298000
1776206300.626,200.626,0.05,32.89,0.04,69.93,0.06,104.97,0.07,40.0,0.94,99.97,0.93,40.0,0.96,34.68,0.97,368.08,0.01,0.02,2314.055678,1776206299000
1776206301.03,201.03,0.05,31.69,0.04,69.93,0.06,104.97,0.07,40.0,0.94,104.97,0.93,40.0,0.95,31.69,0.96,69.93,0.01,0.01,2314.04202,1776206300000
1776206301.238,201.238,0.05,30.32,0.04,69.93,0.06,114.97,0.07,40.0,0.94,104.97,0.93,40.0,0.95,31.69,0.96,69.93,0.01,0.01,2314.04202,1776206300000
1776206302.148,202.148,0.05,30.32,0.04,69.93,0.06,114.97,0.07,40.0,0.94,114.97,0.93,40.0,0.95,30.32,0.96,69.93,0.01,0.01,2314.119025,1776206301000
1776206302.594,202.594,0.04,35.0,0.03,333.0,0.06,97.98,0.07,148.55,0.94,114.97,0.93,40.0,0.95,30.32,0.96,69.93,0.02,0.01,2314.119025,1776206301000
1776206302.94,202.94,0.04,54.25,0.03,338.0,0.05,10.0,0.06,116.98,0.94,97.98,0.93,148.55,0.96,35.0,0.97,333.0,0.01,0.02,2314.119025,1776206301000
1776206303.185,203.185,0.04,54.25,0.03,338.0,0.05,10.0,0.06,116.98,0.95,10.0,0.94,116.98,0.96,54.25,0.97,338.0,0.01,0.01,2314.147385,1776206302000
1776206303.606,203.606,0.04,2.85,0.03,333.0,0.05,43.3,0.06,34.0,0.95,10.0,0.94,116.98,0.96,54.25,0.97,338.0,0.01,0.01,2314.147385,1776206302000
1776206304.196,204.196,0.04,2.85,0.03,333.0,0.05,43.3,0.06,34.0,0.95,43.3,0.94,34.0,0.96,2.85,0.97,333.0,0.01,0.01,2314.151681,1776206303000
1776206304.607,204.607,0.04,2.64,0.03,338.0,0.05,72.72,0.06,15.0,0.95,77.25,0.94,15.0,0.96,2.85,0.97,338.0,0.01,0.01,2314.151681,1776206303000
1776206305.258,205.258,0.04,2.64,0.03,338.0,0.05,72.72,0.06,15.0,0.95,72.72,0.94,15.0,0.96,2.64,0.97,338.0,0.01,0.01,2314.034945,1776206304000
1776206305.592,205.592,0.04,2.64,0.03,338.0,0.05,67.72,0.06,78.8,0.95,72.72,0.94,15.0,0.96,2.64,0.97,338.0,0.01,0.01,2314.034945,1776206304000
1776206306.244,206.244,0.04,2.64,0.03,338.0,0.05,67.72,0.06,78.8,0.95,67.72,0.94,78.8,0.96,2.64,0.97,338.0,0.01,0.01,2314.02012,1776206305000
1776206306.692,206.692,0.04,1.59,0.03,338.0,0.05,77.72,0.06,128.8,0.95,67.72,0.94,78.8,0.96,2.64,0.97,338.0,0.01,0.01,2314.02012,1776206305000
1776206307.433,207.433,0.04,1.59,0.03,338.0,0.05,77.72,0.06,128.8,0.95,77.72,0.94,128.8,0.96,1.59,0.97,338.0,0.01,0.01,2314.100771,1776206306000
1776206307.658,207.658,0.03,328.41,0.02,350.22,0.05,72.72,0.06,143.8,0.95,77.72,0.94,128.8,0.96,1.59,0.97,338.0,0.02,0.01,2314.100771,1776206306000
1776206308.333,208.333,0.03,328.41,0.02,350.22,0.05,72.72,0.06,143.8,0.95,72.72,0.94,143.8,0.97,328.41,0.98,350.22,0.02,0.02,2314.139546,1776206307000
1776206308.864,208.864,0.03,328.41,0.02,350.22,0.05,72.72,0.06,143.8,0.95,72.72,0.94,143.8,0.97,328.41,0.98,350.22,0.02,0.02,2314.138272,1776206308000
1776206309.637,209.637,0.04,10.0,0.03,332.07,0.05,46.61,0.06,159.3,0.95,72.72,0.94,143.8,0.97,328.41,0.98,350.22,0.01,0.02,2314.138272,1776206308000
1776206310.418,210.418,0.04,10.0,0.03,332.07,0.05,46.61,0.06,159.3,0.95,46.61,0.94,159.3,0.96,10.0,0.97,332.07,0.01,0.01,2314.087255,1776206309000
1776206310.72,210.72,0.04,6.9,0.03,332.07,0.05,127.41,0.06,179.3,0.95,46.61,0.94,159.3,0.96,10.0,0.97,332.07,0.01,0.01,2314.087255,1776206309000
1776206311.178,211.178,0.03,263.97,0.02,345.22,0.05,109.48,0.06,192.29,0.95,127.41,0.94,179.3,0.96,6.9,0.97,332.07,0.02,0.01,2314.087245,1776206310000
1776206311.618,211.618,0.03,268.97,0.02,351.22,0.04,0.16,0.05,109.48,0.95,109.48,0.94,192.29,0.97,263.97,0.98,345.22,0.01,0.02,2314.087245,1776206310000
1776206312.261,212.261,0.03,268.97,0.02,351.22,0.04,0.16,0.05,109.48,0.96,0.16,0.95,109.48,0.97,268.97,0.98,351.22,0.01,0.01,2314.168902,1776206311000
1776206312.971,212.971,0.03,258.81,0.02,351.22,0.04,80.54,0.05,100.8,0.96,0.16,0.95,109.48,0.97,268.97,0.98,351.22,0.01,0.01,2314.168902,1776206311000
1776206313.49,213.49,0.03,258.81,0.02,351.22,0.04,80.54,0.05,100.8,0.96,80.54,0.95,100.8,0.97,258.81,0.98,351.22,0.01,0.01,2314.03279,1776206312000
1776206313.718,213.718,0.03,152.61,0.02,351.22,0.04,80.54,0.05,100.8,0.96,80.54,0.95,100.8,0.97,258.81,0.98,351.22,0.01,0.01,2314.03279,1776206312000
1776206313.999,213.999,0.03,152.61,0.02,351.22,0.04,80.54,0.05,100.8,0.96,80.54,0.95,100.8,0.97,152.61,0.98,351.22,0.01,0.01,2314.05558,1776206313000
1776206314.879,214.879,0.03,75.65,0.02,326.22,0.04,95.54,0.05,90.8,0.96,80.54,0.95,100.8,0.97,152.61,0.98,351.22,0.01,0.01,2314.05558,1776206313000
1776206316.27,216.27,0.03,75.65,0.02,326.22,0.04,95.54,0.05,90.8,0.96,95.54,0.95,90.8,0.97,75.65,0.98,326.22,0.01,0.01,2314.07598,1776206315000
1776206317.299,217.299,0.03,75.65,0.02,326.22,0.04,95.54,0.05,90.8,0.96,95.54,0.95,90.8,0.97,75.65,0.98,326.22,0.01,0.01,2314.06661,1776206316000
1776206317.846,217.846,0.03,70.65,0.02,326.22,0.04,114.16,0.05,142.73,0.96,95.54,0.95,90.8,0.97,75.65,0.98,326.22,0.01,0.01,2314.06661,1776206316000
1776206318.426,218.426,0.03,68.58,0.02,326.22,0.04,113.7,0.05,190.48,0.96,113.7,0.95,190.48,0.97,68.58,0.98,326.22,0.01,0.01,2314.106815,1776206317000
1776206318.91,218.91,0.03,68.58,0.02,326.22,0.04,113.7,0.05,190.48,0.96,113.7,0.95,190.48,0.97,68.58,0.98,326.22,0.01,0.01,2314.13907,1776206318000
1776206319.252,219.252,0.03,68.58,0.02,326.22,0.04,87.7,0.05,190.48,0.96,113.7,0.95,190.48,0.97,68.58,0.98,326.22,0.01,0.01,2314.13907,1776206318000
1776206319.955,219.955,0.03,68.58,0.02,326.22,0.04,87.7,0.05,190.48,0.96,87.7,0.95,190.48,0.97,68.58,0.98,326.22,0.01,0.01,2314.081065,1776206319000
1776206320.659,220.659,0.03,64.76,0.02,326.22,0.04,151.89,0.05,247.16,0.96,87.7,0.95,190.48,0.97,68.58,0.98,326.22,0.01,0.01,2314.081065,1776206319000
1776206321.023,221.023,0.03,64.76,0.02,326.22,0.04,151.89,0.05,247.16,0.96,151.89,0.95,247.16,0.97,64.76,0.98,326.22,0.01,0.01,2314.012326,1776206320000
1776206321.98,221.98,0.03,64.76,0.02,326.22,0.04,151.89,0.05,247.16,0.96,151.89,0.95,247.16,0.97,64.76,0.98,326.22,0.01,0.01,2314.01376,1776206321000
1776206323.039,223.039,0.03,64.76,0.02,326.22,0.04,151.89,0.05,247.16,0.96,151.89,0.95,247.16,0.97,64.76,0.98,326.22,0.01,0.01,2314.015064,1776206322000
1776206323.737,223.737,0.03,44.14,0.02,320.22,0.04,256.89,0.05,320.74,0.96,151.89,0.95,247.16,0.97,64.76,0.98,326.22,0.01,0.01,2314.015064,1776206322000
1776206324.014,224.014,0.03,44.14,0.02,320.22,0.04,256.89,0.05,320.74,0.96,256.89,0.95,320.74,0.97,44.14,0.98,320.22,0.01,0.01,2314.056591,1776206323000
1776206324.907,224.907,0.03,39.14,0.02,326.22,0.04,156.89,0.05,248.79,0.96,256.89,0.95,320.74,0.97,44.14,0.98,320.22,0.01,0.01,2314.056591,1776206323000
1776206325.306,225.306,0.02,311.7,0.01,7929.6,0.04,161.89,0.05,319.14,0.96,156.89,0.95,248.79,0.97,39.14,0.98,326.22,0.02,0.01,2314.056591,1776206323000
1776206325.938,225.938,0.02,311.7,0.01,7929.6,0.04,161.89,0.05,319.14,0.96,161.89,0.95,319.14,0.98,311.7,0.99,7929.6,0.02,0.02,2314.02491,1776206325000
1776206326.276,226.276,0.03,48.55,0.02,310.7,0.04,10.0,0.05,75.35,0.96,161.89,0.95,319.14,0.98,311.7,0.99,7929.6,0.01,0.02,2314.02491,1776206325000
1776206326.944,226.944,0.04,7.4,0.03,48.55,0.05,80.35,0.06,172.99,0.96,10.0,0.95,75.35,0.97,48.55,0.98,310.7,0.01,0.01,2314.02491,1776206325000
1776206327.278,227.278,0.04,12.4,0.03,43.55,0.05,27.35,0.06,272.99,0.95,80.35,0.94,172.99,0.96,7.4,0.97,48.55,0.01,0.01,2314.177683,1776206326000
1776206327.992,227.992,0.04,5.44,0.03,43.55,0.05,113.15,0.06,307.99,0.95,27.35,0.94,272.99,0.96,12.4,0.97,43.55,0.01,0.01,2314.177683,1776206326000
1776206328.848,228.848,0.03,10.64,0.02,305.7,0.05,128.15,0.06,326.24,0.95,123.15,0.94,307.99,0.97,43.55,0.98,305.7,0.02,0.02,2314.484935,1776206327000
1776206329.194,229.194,0.03,13.28,0.02,305.7,0.04,79.13,0.05,110.8,0.95,128.15,0.94,326.24,0.97,10.64,0.98,305.7,0.01,0.02,2314.563693,1776206328000
1776206330.196,230.196,0.03,8.57,0.02,305.7,0.04,79.13,0.05,110.8,0.96,79.13,0.95,110.8,0.97,8.57,0.98,305.7,0.01,0.01,2314.51011,1776206329000
1776206330.857,230.857,0.03,2.53,0.02,300.7,0.04,89.13,0.05,169.99,0.96,79.13,0.95,110.8,0.97,8.57,0.98,305.7,0.01,0.01,2314.51011,1776206329000
1776206331.115,231.115,0.03,2.53,0.02,300.7,0.04,89.13,0.05,169.99,0.96,89.13,0.95,169.99,0.97,2.53,0.98,300.7,0.01,0.01,2314.420355,1776206330000
1776206332.092,232.092,0.03,2.53,0.02,300.7,0.04,89.13,0.05,169.99,0.96,89.13,0.95,169.99,0.97,2.53,0.98,300.7,0.01,0.01,2314.42446,1776206331000
1776206332.631,232.631,0.03,1.34,0.02,306.7,0.04,138.3,0.05,154.99,0.96,89.13,0.95,169.99,0.97,2.53,0.98,300.7,0.01,0.01,2314.42446,1776206331000
1776206333.104,233.104,0.03,1.34,0.02,306.7,0.04,138.3,0.05,154.99,0.96,138.3,0.95,154.99,0.97,1.34,0.98,306.7,0.01,0.01,2314.436068,1776206332000
1776206334.033,234.033,0.03,1.34,0.02,306.7,0.04,138.3,0.05,154.99,0.96,138.3,0.95,154.99,0.97,1.34,0.98,306.7,0.01,0.01,2314.44221,1776206333000
1776206334.802,234.802,0.02,311.7,0.01,7929.6,0.03,20.0,0.04,119.28,0.96,148.47,0.95,205.8,0.98,311.7,0.99,7929.6,0.01,0.02,2314.44221,1776206333000
1776206335.096,235.096,0.02,311.7,0.01,7929.6,0.03,20.0,0.04,119.28,0.97,20.0,0.96,119.28,0.98,311.7,0.99,7929.6,0.01,0.01,2314.46631,1776206334000
1776206336.031,236.031,0.02,1005.59,0.01,7039.6,0.03,166.19,0.04,125.58,0.97,144.19,0.96,219.28,0.98,311.59,0.99,7929.6,0.01,0.01,2314.46631,1776206334000
1776206336.428,236.428,0.02,605.59,0.01,7239.6,0.03,102.69,0.04,135.58,0.97,164.69,0.96,125.58,0.98,1005.59,0.99,7039.6,0.01,0.01,2314.471745,1776206335000
1776206336.879,236.879,0.02,600.59,0.01,7339.6,0.03,50.16,0.04,115.58,0.97,102.69,0.96,135.58,0.98,605.59,0.99,7239.6,0.01,0.01,2314.471745,1776206335000
1776206337.14,237.14,0.02,600.59,0.01,7339.6,0.03,50.16,0.04,115.58,0.97,50.16,0.96,115.58,0.98,600.59,0.99,7339.6,0.01,0.01,2314.496402,1776206336000
1776206338.145,238.145,0.02,212.24,0.01,7139.6,0.03,59.19,0.04,20.58,0.97,50.16,0.96,115.58,0.98,600.59,0.99,7339.6,0.01,0.01,2314.496402,1776206336000
1776206338.685,238.685,0.02,212.24,0.01,7139.6,0.03,59.19,0.04,20.58,0.97,59.19,0.96,20.58,0.98,212.24,0.99,7139.6,0.01,0.01,2314.571442,1776206337000
1776206339.275,239.275,0.02,212.24,0.01,7139.6,0.03,59.19,0.04,20.58,0.97,59.19,0.96,20.58,0.98,212.24,0.99,7139.6,0.01,0.01,2314.604251,1776206338000
1776206340.247,240.247,0.02,212.24,0.01,7139.6,0.03,59.19,0.04,20.58,0.97,59.19,0.96,20.58,0.98,212.24,0.99,7139.6,0.01,0.01,2314.60335,1776206339000
1776206340.984,240.984,0.02,202.24,0.01,7429.6,0.03,71.19,0.04,10.58,0.97,59.19,0.96,20.58,0.98,212.24,0.99,7139.6,0.01,0.01,2314.60335,1776206339000
1776206341.268,241.268,0.02,205.24,0.01,7429.6,0.03,71.19,0.04,20.58,0.97,71.19,0.96,20.58,0.98,205.24,0.99,7429.6,0.01,0.01,2314.600919,1776206340000
1776206341.781,241.781,0.02,180.05,0.01,7924.6,0.03,42.31,0.04,20.58,0.97,71.19,0.96,20.58,0.98,205.24,0.99,7429.6,0.01,0.01,2314.600919,1776206340000
1776206342.004,242.004,0.02,165.05,0.01,7924.6,0.03,47.22,0.04,39.58,0.97,42.31,0.96,20.58,0.98,180.05,0.99,7924.6,0.01,0.01,2314.600919,1776206340000
1776206342.24,242.24,0.02,160.05,0.01,6661.0,0.03,113.97,0.04,15.58,0.97,47.22,0.96,39.58,0.98,165.05,0.99,7924.6,0.01,0.01,2314.600919,1776206340000
1776206342.526,242.526,0.02,129.02,0.01,6661.0,0.03,96.22,0.04,15.58,0.97,96.22,0.96,15.58,0.98,134.02,0.99,6661.0,0.01,0.01,2314.638902,1776206341000
1776206342.773,242.773,0.02,118.92,0.01,6661.0,0.03,82.22,0.04,15.58,0.97,126.22,0.96,15.58,0.98,118.92,0.99,6661.0,0.01,0.01,2314.638902,1776206341000
1776206343.137,243.137,0.02,98.92,0.01,6661.0,0.03,10.31,0.04,23.33,0.97,82.22,0.96,15.58,0.98,118.92,0.99,6661.0,0.01,0.01,2314.638902,1776206341000
1776206343.433,243.433,0.02,98.92,0.01,6661.0,0.03,10.31,0.04,23.33,0.97,10.31,0.96,23.33,0.98,98.92,0.99,6661.0,0.01,0.01,2314.611845,1776206342000
1776206344.355,244.355,0.02,98.92,0.01,6661.0,0.03,10.31,0.04,23.33,0.97,10.31,0.96,23.33,0.98,98.92,0.99,6661.0,0.01,0.01,2314.515512,1776206343000
1776206344.919,244.919,0.02,98.92,0.01,6661.0,0.03,10.31,0.04,23.33,0.97,10.31,0.96,23.33,0.98,98.92,0.99,6661.0,0.01,0.01,2314.484854,1776206344000
1776206345.921,245.921,0.02,98.92,0.01,6661.0,0.03,10.31,0.04,23.33,0.97,10.31,0.96,23.33,0.98,98.92,0.99,6661.0,0.01,0.01,2314.601895,1776206345000
1776206347.006,247.006,0.02,68.92,0.01,7356.0,0.03,310.46,0.04,138.28,0.97,310.46,0.96,138.28,0.98,68.92,0.99,7356.0,0.01,0.01,2314.660842,1776206346000
1776206348.022,248.022,0.02,48.92,0.01,7356.0,0.03,350.71,0.04,138.28,0.97,350.71,0.96,138.28,0.98,48.92,0.99,7356.0,0.01,0.01,2314.553611,1776206347000
1776206349.031,249.031,0.02,48.92,0.01,7356.0,0.03,350.71,0.04,138.28,0.97,350.71,0.96,138.28,0.98,48.92,0.99,7356.0,0.01,0.01,2314.319175,1776206348000
1776206349.469,249.469,0.02,47.89,0.01,7356.0,0.03,189.01,0.04,189.28,0.97,350.71,0.96,138.28,0.98,48.92,0.99,7356.0,0.01,0.01,2314.319175,1776206348000
1776206349.698,249.698,0.02,45.83,0.01,7356.0,0.03,179.01,0.04,128.28,0.97,179.01,0.96,128.28,0.98,46.86,0.99,7356.0,0.01,0.01,2314.319175,1776206348000
1776206349.931,249.931,0.02,41.56,0.01,7356.0,0.03,179.01,0.04,128.28,0.97,179.01,0.96,128.28,0.98,42.59,0.99,7356.0,0.01,0.01,2314.319175,1776206348000
1776206350.213,250.213,0.02,41.56,0.01,7356.0,0.03,179.01,0.04,128.28,0.97,179.01,0.96,128.28,0.98,41.56,0.99,7356.0,0.01,0.01,2314.331003,1776206349000
1776206351.217,251.217,0.02,41.56,0.01,7356.0,0.03,179.01,0.04,128.28,0.97,179.01,0.96,128.28,0.98,41.56,0.99,7356.0,0.01,0.01,2314.341265,1776206350000
1776206351.509,251.509,0.02,34.51,0.01,6651.0,0.03,366.25,0.04,161.28,0.97,179.01,0.96,128.28,0.98,41.56,0.99,7356.0,0.01,0.01,2314.341265,1776206350000
1776206352.273,252.273,0.01,1635.51,,,0.03,284.01,0.04,109.28,0.97,366.25,0.96,161.28,0.98,34.51,0.99,6651.0,0.02,0.01,2314.341265,1776206350000
1776206352.561,252.561,0.01,1624.39,,,0.02,243.7,0.03,274.01,0.98,228.7,0.97,289.01,0.99,1625.41,,,0.01,0.01,2314.412033,1776206351000
1776206352.95,252.95,0.01,1607.37,,,0.02,332.94,0.03,353.19,0.98,342.94,0.97,363.19,0.99,1609.39,,,0.01,0.01,2314.412033,1776206351000
1776206353.153,253.153,0.01,1422.16,,,0.02,337.94,0.03,353.19,0.98,332.94,0.97,353.19,0.99,1547.37,,,0.01,0.01,2314.412033,1776206351000
1776206353.89,253.89,0.01,1382.11,,,0.02,422.05,0.03,353.19,0.98,337.94,0.97,353.19,0.99,1422.16,,,0.01,0.01,2314.364189,1776206352000
1776206354.343,254.343,0.01,1380.08,,,0.02,422.05,0.03,353.19,0.98,422.05,0.97,353.19,0.99,1382.11,,,0.01,0.01,2314.287741,1776206353000
1776206355.081,255.081,0.01,1380.08,,,0.02,422.05,0.03,353.19,0.98,422.05,0.97,353.19,0.99,1380.08,,,0.01,0.01,2314.1257,1776206354000
1776206356.299,256.299,0.01,1374.08,,,0.02,550.29,0.03,324.19,0.98,550.29,0.97,324.19,0.99,1374.08,,,0.01,0.01,2314.118648,1776206355000
1776206356.707,256.707,0.01,1371.66,,,0.02,535.29,0.03,286.01,0.98,550.29,0.97,324.19,0.99,1374.08,,,0.01,0.01,2314.118648,1776206355000
1776206357.682,257.682,0.01,1269.9,,,0.02,577.29,0.03,291.01,0.98,535.29,0.97,286.01,0.99,1371.66,,,0.01,0.01,2314.128851,1776206356000
1776206358.033,258.033,,,,,0.01,1260.1,0.02,572.29,0.99,1260.1,0.98,572.29,,,,,,,2314.088592,1776206357000
1776206358.62,258.62,,,,,0.01,126.39,0.02,256.7,0.99,1260.1,0.98,572.29,,,,,,,2314.088592,1776206357000
1776206358.87,258.87,,,,,0.01,106.39,0.02,256.7,0.99,126.39,0.98,256.7,,,,,,,2314.088592,1776206357000
1776206359.19,259.19,,,,,0.01,86.39,0.02,256.7,0.99,86.39,0.98,256.7,,,,,,,2314.079803,1776206358000
1776206359.406,259.406,,,,,0.02,211.7,0.03,253.01,0.98,226.7,0.97,270.76,,,,,,,2314.079803,1776206358000
1776206359.681,259.681,,,,,0.02,191.7,0.03,263.01,0.98,191.7,0.97,253.01,,,,,,,2314.079803,1776206358000
1776206359.959,259.959,,,,,0.02,191.7,0.03,263.01,0.98,191.7,0.97,263.01,,,,,,,2314.064922,1776206359000
1776206360.919,260.919,,,,,0.02,191.7,0.03,263.01,0.98,191.7,0.97,263.01,,,,,,,2314.064922,1776206359000
1776206361.225,261.225,,,,,0.02,141.7,0.03,263.01,0.98,191.7,0.97,263.01,,,,,,,2314.513269,1776206360000
1776206361.628,261.628,,,,,0.02,130.96,0.03,263.01,0.98,141.7,0.97,263.01,,,,,,,2314.513269,1776206360000
1776206361.899,261.899,,,,,0.02,135.7,0.03,263.01,0.98,130.96,0.97,263.01,,,,,,,2314.513269,1776206360000
1776206362.336,262.336,,,,,0.02,135.7,0.03,263.01,0.98,135.7,0.97,263.01,,,,,,,2314.767781,1776206361000
1776206363.067,263.067,,,,,0.02,47.46,0.03,174.01,0.98,135.7,0.97,263.01,,,,,,,2314.767781,1776206361000
1776206363.299,263.299,,,,,0.02,27.46,0.03,174.01,0.98,47.46,0.97,174.01,,,,,,,2314.767781,1776206361000
1776206363.636,263.636,0.02,93.28,0.01,270.0,0.03,138.7,0.04,93.7,0.98,27.46,0.97,174.01,,,,,0.01,,2314.66292,1776206362000
1776206363.913,263.913,0.04,64.78,0.03,222.0,0.05,110.8,0.06,108.8,0.96,0.22,0.95,110.8,0.98,103.28,0.99,270.0,0.01,0.02,2314.66292,1776206362000
1776206364.132,264.132,0.04,92.02,0.03,207.0,0.05,120.8,0.06,108.8,0.95,110.8,0.94,108.8,0.96,93.07,0.97,207.0,0.01,0.01,2314.752517,1776206363000
1776206364.647,264.647,0.04,73.52,0.03,197.0,0.05,130.8,0.06,108.8,0.95,120.8,0.94,108.8,0.96,84.52,0.97,207.0,0.01,0.01,2314.752517,1776206363000
1776206364.965,264.965,0.04,97.52,0.03,197.0,0.05,125.8,0.06,113.8,0.95,130.8,0.94,108.8,0.96,4.52,0.97,197.0,0.01,0.01,2314.752517,1776206363000
1776206365.327,265.327,0.04,97.52,0.03,197.0,0.05,125.8,0.06,113.8,0.95,125.8,0.94,113.8,0.96,97.52,0.97,197.0,0.01,0.01,2314.833385,1776206364000
1776206365.673,265.673,0.04,97.52,0.03,197.0,0.05,263.2,0.06,113.8,0.95,125.8,0.94,113.8,0.96,97.52,0.97,197.0,0.01,0.01,2314.833385,1776206364000
1776206365.978,265.978,0.04,97.52,0.03,197.0,0.05,219.2,0.06,113.8,0.95,219.2,0.94,113.8,0.96,97.52,0.97,197.0,0.01,0.01,2315.565552,1776206365000
1776206366.649,266.649,0.04,84.12,0.03,197.0,0.05,209.2,0.06,123.8,0.95,219.2,0.94,113.8,0.96,97.52,0.97,197.0,0.01,0.01,2315.565552,1776206365000
1776206366.975,266.975,0.04,68.72,0.03,197.0,0.05,340.77,0.06,203.58,0.95,209.2,0.94,123.8,0.96,84.12,0.97,197.0,0.01,0.01,2315.565552,1776206365000
1776206367.603,267.603,0.03,161.0,0.02,10.0,0.04,147.85,0.05,154.37,0.95,340.77,0.94,203.58,0.96,68.72,0.97,197.0,0.01,0.01,2315.565552,1776206365000
1776206368.17,268.17,0.03,140.0,0.02,10.0,0.05,149.37,0.06,198.58,0.96,147.85,0.95,154.37,0.97,161.0,0.98,10.0,0.02,0.01,2315.635199,1776206366000
1776206368.461,268.461,0.04,3.95,0.03,125.0,0.05,98.37,0.06,198.58,0.95,96.37,0.94,198.58,0.96,3.95,0.97,140.0,0.01,0.01,2315.628487,1776206367000
1776206368.68,268.68,0.04,34.2,0.03,91.0,0.05,111.45,0.06,186.72,0.95,111.45,0.94,186.72,0.96,54.2,0.97,91.0,0.01,0.01,2315.628487,1776206367000
1776206369.332,269.332,0.03,85.2,0.01,20.87,0.05,111.45,0.06,186.72,0.95,111.45,0.94,186.72,0.97,85.2,0.99,20.87,0.02,0.02,2315.673683,1776206368000
1776206369.532,269.532,0.03,74.8,0.01,20.87,0.04,28.8,0.05,131.45,0.96,28.8,0.95,131.45,0.97,74.8,0.99,20.87,0.01,0.01,2315.673683,1776206368000
1776206369.871,269.871,0.03,65.87,0.01,20.87,0.04,79.7,0.05,77.75,0.96,46.8,0.95,77.75,0.97,72.01,0.98,50.0,0.01,0.01,2315.673683,1776206368000
1776206370.238,270.238,0.03,6.12,0.01,20.87,0.04,74.7,0.05,77.75,0.96,79.7,0.95,77.75,0.97,33.55,0.99,20.87,0.01,0.01,2315.673683,1776206368000
1776206370.469,270.469,0.02,31.0,0.01,15.52,0.04,86.8,0.05,87.75,0.96,86.8,0.95,87.75,0.98,31.0,0.99,15.52,0.02,0.02,2315.69626,1776206369000
1776206370.71,270.71,0.02,20.38,0.01,15.52,0.03,110.48,0.04,73.8,0.97,105.48,0.96,73.8,0.98,25.0,0.99,15.52,0.01,0.01,2315.69626,1776206369000
1776206371.014,271.014,0.02,20.38,0.01,15.52,0.03,110.48,0.04,73.8,0.97,110.48,0.96,73.8,0.98,20.38,0.99,15.52,0.01,0.01,2315.770477,1776206370000
1776206372.205,272.205,0.02,20.38,0.01,15.52,0.03,110.48,0.04,73.8,0.97,110.48,0.96,73.8,0.98,20.38,0.99,15.52,0.01,0.01,2315.601202,1776206371000
1776206372.83,272.83,0.01,210.52,,,0.03,21.8,0.04,64.24,0.97,46.8,0.96,15.0,0.98,88.97,0.99,120.52,0.02,0.01,2315.601202,1776206371000
1776206373.349,273.349,0.01,210.52,,,0.03,21.8,0.04,64.24,0.97,21.8,0.96,64.24,0.99,210.52,,,0.02,0.02,2315.574475,1776206372000
1776206373.581,273.581,0.04,58.2,0.02,15.0,0.06,169.47,0.07,179.06,0.95,17.75,0.94,171.72,0.96,53.2,0.98,49.85,0.02,0.01,2315.574475,1776206372000
1776206373.851,273.851,0.04,58.2,0.02,15.0,0.06,169.47,0.07,179.06,0.94,169.47,0.93,179.06,0.96,58.2,0.98,15.0,0.02,0.02,2315.574475,1776206373000
1776206374.278,274.278,0.04,63.2,0.03,5.0,0.05,129.6,0.06,169.47,0.94,169.47,0.93,179.06,0.96,58.2,0.98,15.0,0.01,0.02,2315.574475,1776206373000
1776206374.995,274.995,0.04,63.2,0.03,5.0,0.05,129.6,0.06,169.47,0.95,129.6,0.94,169.47,0.96,63.2,0.97,5.0,0.01,0.01,2315.639139,1776206374000
1776206375.393,275.393,0.04,54.83,0.03,5.0,0.05,129.6,0.06,184.02,0.95,129.6,0.94,169.47,0.96,63.2,0.97,5.0,0.01,0.01,2315.639139,1776206374000
1776206375.695,275.695,0.04,48.35,0.03,5.0,0.05,136.4,0.06,184.02,0.95,129.6,0.94,184.02,0.96,53.15,0.97,5.0,0.01,0.01,2315.639139,1776206374000
1776206376.116,276.116,0.04,24.8,0.03,5.0,0.05,136.4,0.06,184.02,0.95,136.4,0.94,184.02,0.96,24.8,0.97,5.0,0.01,0.01,2315.76697,1776206375000
1776206377.298,277.298,0.04,24.8,0.03,5.0,0.05,136.4,0.06,184.02,0.95,136.4,0.94,184.02,0.96,24.8,0.97,5.0,0.01,0.01,2315.907677,1776206376000
1776206378.186,278.186,0.04,7.65,0.03,5.0,0.05,171.64,0.06,201.02,0.95,165.64,0.94,201.02,0.96,13.65,0.97,5.0,0.01,0.01,2315.907677,1776206376000
1776206378.387,278.387,0.04,2.65,0.02,15.0,0.05,176.64,0.06,201.02,0.95,171.64,0.94,201.02,0.96,7.65,0.97,5.0,0.01,0.01,2315.907677,1776206376000
1776206379.025,279.025,0.04,2.65,0.02,15.0,0.05,136.64,0.06,201.02,0.95,136.64,0.94,201.02,0.96,2.65,0.98,15.0,0.01,0.01,2315.983485,1776206378000
1776206379.436,279.436,0.04,0.65,0.02,15.0,0.05,149.24,0.06,224.02,0.95,150.64,0.94,241.02,0.96,0.65,0.98,15.0,0.01,0.01,2315.983485,1776206378000
1776206379.906,279.906,0.01,23.05,,,0.04,211.24,0.05,82.88,0.95,23.64,0.94,219.02,0.97,10.0,0.98,14.81,0.03,0.02,2315.983485,1776206378000
1776206380.26,280.26,0.01,23.05,,,0.04,46.97,0.05,82.88,0.96,46.97,0.95,82.88,0.99,23.05,,,0.03,0.03,2315.845785,1776206379000
1776206380.523,280.523,0.01,27.9,,,0.02,10.0,0.03,15.0,0.97,15.0,0.96,70.21,0.99,14.96,,,0.01,0.02,2315.845785,1776206379000
1776206380.748,280.748,0.01,26.87,,,0.02,15.0,0.03,15.0,0.98,10.0,0.97,15.0,0.99,27.9,,,0.01,0.01,2315.845785,1776206379000
1776206380.954,280.954,0.02,16.31,0.01,19.81,0.05,11.6,0.06,199.78,0.95,11.6,0.94,199.78,0.98,16.31,0.99,19.81,0.03,0.03,2315.845785,1776206379000
1776206381.345,281.345,0.03,6.86,0.02,11.31,0.05,24.0,0.06,167.34,0.94,167.34,0.93,128.76,0.96,6.82,0.97,15.0,0.02,0.02,2315.845785,1776206379000
1776206381.919,281.919,0.04,10.0,0.03,6.8,0.05,308.78,0.06,157.34,0.95,24.0,0.94,167.34,0.97,6.8,0.98,11.31,0.01,0.02,2315.89323,1776206380000
1776206382.486,282.486,0.03,6.38,0.02,10.0,0.04,114.24,0.05,46.0,0.95,268.38,0.94,154.1,0.97,6.38,0.98,10.0,0.01,0.02,2315.89323,1776206380000
1776206383.032,283.032,0.02,3.15,0.01,19.81,0.04,119.24,0.05,56.0,0.96,114.24,0.95,46.0,0.97,6.38,0.98,10.0,0.02,0.01,2315.89323,1776206380000
1776206383.32,283.32,0.02,0.91,0.01,19.81,0.04,129.24,0.05,56.0,0.96,129.24,0.95,56.0,0.98,0.91,0.99,19.81,0.02,0.02,2315.905794,1776206381000
1776206383.53,283.53,0.01,18.85,,,0.03,94.24,0.04,42.47,0.96,129.24,0.95,56.0,0.98,0.91,0.99,19.81,0.02,0.02,2315.905794,1776206381000
1776206383.859,283.859,0.02,2.26,0.01,17.73,0.03,89.24,0.04,53.99,0.97,89.24,0.96,42.47,0.99,17.73,,,0.01,0.02,2315.905794,1776206381000
1776206384.117,284.117,0.02,2.26,0.01,17.73,0.03,89.24,0.04,53.99,0.97,89.24,0.96,53.99,0.98,2.26,0.99,17.73,0.01,0.01,2315.88507,1776206382000
1776206384.6,284.6,0.01,14.94,,,0.03,132.24,0.04,48.99,0.97,89.24,0.96,53.99,0.98,2.26,0.99,17.73,0.02,0.01,2315.88507,1776206382000
1776206384.943,284.943,0.01,14.94,,,0.03,132.24,0.04,48.99,0.97,132.24,0.96,48.99,0.99,14.94,,,0.02,0.02,2315.790845,1776206383000
1776206385.975,285.975,,,,,0.01,35.06,0.02,15.0,0.99,35.06,0.98,15.0,,,,,,,2315.737154,1776206384000
1776206386.901,286.901,,,,,0.01,5.16,0.02,106.24,0.99,5.16,0.98,106.24,,,,,,,2315.794343,1776206385000
1776206387.815,287.815,,,,,0.01,5.16,0.02,106.24,0.99,5.16,0.98,106.24,,,,,,,2315.544398,1776206386000
1776206388.53,288.53,,,,,0.01,5.16,0.02,106.24,0.99,5.16,0.98,106.24,,,,,,,2315.509563,1776206387000
1776206389.12,289.12,,,,,0.01,5.16,0.02,106.24,0.99,5.16,0.98,106.24,,,,,,,2315.523182,1776206388000
1776206389.402,289.402,,,,,0.02,95.32,0.03,79.0,0.99,5.16,0.98,106.24,,,,,,,2315.523182,1776206388000
1776206390.082,290.082,,,,,0.02,51.0,0.03,83.0,0.97,66.91,0.96,20.0,,,,,,,2315.523182,1776206388000
1776206391.853,291.853,,,,,0.02,51.0,0.03,83.0,0.98,51.0,0.97,83.0,,,,,,,2315.442082,1776206390000
1776206392.389,292.389,,,,,0.02,51.0,0.03,83.0,0.98,51.0,0.97,83.0,,,,,,,2315.251285,1776206391000
1776206392.988,292.988,,,,,0.02,51.0,0.03,83.0,0.98,51.0,0.97,83.0,,,,,,,2315.21136,1776206392000
1776206394.123,294.123,,,,,0.02,51.0,0.03,83.0,0.98,51.0,0.97,83.0,,,,,,,2315.111176,1776206393000
1776206395.583,295.583,,,,,0.02,51.0,0.03,83.0,0.98,51.0,0.97,83.0,,,,,,,2315.10162,1776206394000
1776206396.278,296.278,,,,,0.02,51.0,0.03,83.0,0.98,51.0,0.97,83.0,,,,,,,2315.039719,1776206395000
1776206397.386,297.386,,,,,0.02,51.0,0.03,83.0,0.98,51.0,0.97,83.0,,,,,,,2315.038412,1776206396000
1776206397.88,297.88,,,,,0.02,51.0,0.03,83.0,0.98,51.0,0.97,83.0,,,,,,,2315.038005,1776206397000
1776206399.139,299.139,,,,,0.02,51.0,0.03,83.0,0.98,51.0,0.97,83.0,,,,,,,2314.982263,1776206398000
1776206399.46,299.46,,,,,0.01,21274.21,0.02,117.0,0.98,51.0,0.97,83.0,,,,,,,2314.982263,1776206398000
1776206400.325,300.325,,,,,0.01,21274.21,0.02,117.0,0.99,21274.21,0.98,117.0,,,,,,,2314.842466,1776206399000

# RESULT,winner=Down,slug=eth-updown-5m-1776206100,ticks=549
