timestamp,elapsed_sec,up_bid_p1,up_bid_s1,up_bid_p2,up_bid_s2,up_ask_p1,up_ask_s1,up_ask_p2,up_ask_s2,down_bid_p1,down_bid_s1,down_bid_p2,down_bid_s2,down_ask_p1,down_ask_s1,down_ask_p2,down_ask_s2,up_spread,down_spread,eth_price,eth_oracle_ts
1776356401.052,1.052,0.48,14.32,0.44,5.0,0.55,8.88,0.56,5.0,0.45,8.88,0.44,5.0,0.52,14.32,0.56,5.0,0.07,0.07,2340.915027,1776356400000
1776356401.389,1.389,0.5,5.0,0.48,14.32,0.53,66.08,0.54,70.0,0.45,8.88,0.44,5.0,0.52,14.32,0.56,5.0,0.03,0.07,2340.915027,1776356400000
1776356401.955,1.955,0.48,19.32,0.47,5.0,0.51,7.0,0.52,5.0,0.47,66.08,0.46,70.0,0.5,5.0,0.52,14.32,0.03,0.03,2340.915027,1776356400000
1776356402.773,2.773,0.51,7.79,0.5,5.0,0.53,66.08,0.54,75.0,0.49,7.0,0.48,5.0,0.52,19.32,0.53,5.0,0.02,0.03,2340.83622,1776356401000
1776356403.185,3.185,0.51,7.79,0.5,5.0,0.53,66.08,0.54,75.0,0.47,66.08,0.46,75.0,0.49,7.79,0.5,5.0,0.02,0.02,2340.892148,1776356402000
1776356404.027,4.027,0.52,14.61,0.51,67.79,0.53,66.08,0.55,78.88,0.47,66.08,0.46,75.0,0.49,7.79,0.5,5.0,0.01,0.02,2340.892148,1776356402000
1776356404.34,4.34,0.52,14.61,0.51,67.79,0.53,66.08,0.55,78.88,0.47,66.08,0.45,78.88,0.48,14.61,0.49,67.79,0.01,0.01,2340.956431,1776356403000
1776356405.079,5.079,0.54,25.0,0.53,20.0,0.55,0.11,0.56,5.0,0.47,61.08,0.45,78.88,0.48,14.61,0.49,167.04,0.01,0.01,2340.956431,1776356403000
1776356405.418,5.418,0.54,25.0,0.53,15.0,0.56,5.0,0.59,145.0,0.45,0.11,0.44,5.0,0.46,25.0,0.47,20.0,0.02,0.01,2340.956431,1776356403000
1776356405.965,5.965,0.57,15.0,0.56,10.0,0.58,1.54,0.59,145.0,0.42,1.54,0.41,145.0,0.43,15.0,0.44,10.0,0.01,0.01,2341.160739,1776356405000
1776356406.241,6.241,0.58,4.0,0.57,20.0,0.59,139.91,0.6,12.29,0.41,139.91,0.4,12.29,0.42,10.0,0.43,20.0,0.01,0.01,2341.160739,1776356405000
1776356406.846,6.846,0.58,25.0,0.57,20.0,0.59,134.91,0.6,7.29,0.41,139.91,0.4,12.29,0.42,4.0,0.43,20.0,0.01,0.01,2341.160739,1776356405000
1776356407.219,7.219,0.58,18.37,0.57,20.0,0.59,125.96,0.6,12.29,0.41,133.96,0.4,7.29,0.42,34.37,0.43,20.0,0.01,0.01,2341.160739,1776356405000
1776356407.565,7.565,0.58,12.57,0.57,20.0,0.59,125.96,0.6,7.29,0.41,125.96,0.4,12.29,0.42,18.37,0.43,20.0,0.01,0.01,2341.160739,1776356405000
1776356408.151,8.151,0.58,12.57,0.57,20.0,0.59,125.96,0.6,7.29,0.41,125.96,0.4,7.29,0.42,12.57,0.43,20.0,0.01,0.01,2341.604702,1776356407000
1776356408.361,8.361,0.58,17.57,0.57,20.0,0.59,120.96,0.6,17.29,0.41,125.96,0.4,7.29,0.42,12.57,0.43,20.0,0.01,0.01,2341.604702,1776356407000
1776356409.194,9.194,0.58,17.57,0.57,20.0,0.59,115.96,0.6,17.29,0.41,115.96,0.4,17.29,0.42,17.57,0.43,20.0,0.01,0.01,2341.757249,1776356408000
1776356409.402,9.402,0.58,17.57,0.57,20.0,0.59,110.79,0.6,22.29,0.41,115.79,0.4,22.29,0.42,17.57,0.43,20.0,0.01,0.01,2341.757249,1776356408000
1776356409.786,9.786,0.58,17.57,0.57,20.0,0.59,100.79,0.6,22.29,0.41,110.79,0.4,22.29,0.42,17.57,0.43,20.0,0.01,0.01,2341.757249,1776356408000
1776356410.327,10.327,0.58,17.57,0.57,20.0,0.59,100.79,0.6,22.29,0.41,100.79,0.4,22.29,0.42,17.57,0.43,20.0,0.01,0.01,2341.867377,1776356409000
1776356410.728,10.728,0.58,53.07,0.57,20.0,0.59,78.75,0.6,22.29,0.41,83.84,0.4,17.29,0.42,53.07,0.43,20.0,0.01,0.01,2341.867377,1776356409000
1776356412.774,12.774,0.58,48.07,0.57,30.0,0.59,280.0,0.6,22.29,0.41,78.75,0.4,22.29,0.42,53.07,0.43,20.0,0.01,0.01,2341.753708,1776356411000
1776356413.259,13.259,0.58,47.27,0.57,20.0,0.59,251.94,0.6,17.29,0.41,260.0,0.4,17.29,0.42,48.07,0.43,30.0,0.01,0.01,2341.753708,1776356411000
1776356413.548,13.548,0.58,48.07,0.57,20.0,0.59,183.75,0.6,22.29,0.41,191.94,0.4,17.29,0.42,28.07,0.43,20.0,0.01,0.01,2341.797575,1776356412000
1776356413.933,13.933,0.67,0.72,0.66,15.0,0.68,15.5,0.69,30.5,0.3,34.49,0.29,65.0,0.42,48.07,0.43,20.0,0.01,0.12,2341.797575,1776356412000
1776356414.31,14.31,0.65,12.85,0.64,15.0,0.66,15.5,0.67,20.5,0.32,13.88,0.31,30.5,0.35,15.0,0.36,10.0,0.01,0.03,2341.797575,1776356412000
1776356414.519,14.519,0.66,7.05,0.65,6.85,0.67,20.5,0.68,23.88,0.32,13.88,0.31,30.5,0.35,6.85,0.36,15.0,0.01,0.03,2341.851995,1776356413000
1776356415.155,15.155,0.63,9.37,0.62,15.0,0.64,32.0,0.65,40.5,0.33,20.5,0.32,23.88,0.34,7.05,0.35,6.85,0.01,0.01,2341.851995,1776356413000
1776356415.97,15.97,0.63,4.37,0.62,15.0,0.64,28.0,0.65,35.5,0.36,32.0,0.35,40.5,0.37,9.37,0.38,15.0,0.01,0.01,2342.097125,1776356414000
1776356416.743,16.743,0.56,111.63,0.55,15.5,0.57,10.0,0.58,20.0,0.36,28.0,0.35,35.5,0.37,4.37,0.38,15.0,0.01,0.01,2342.136636,1776356415000
1776356417.039,17.039,0.56,130.81,0.55,15.5,0.57,40.0,0.58,20.0,0.43,10.0,0.42,20.0,0.44,111.63,0.45,15.5,0.01,0.01,2342.114036,1776356416000
1776356417.338,17.338,0.56,96.49,0.55,15.5,0.57,56.0,0.58,20.0,0.43,40.0,0.42,20.0,0.44,126.9,0.45,15.5,0.01,0.01,2342.114036,1776356416000
1776356417.717,17.717,0.56,87.58,0.55,15.5,0.57,27.0,0.58,15.0,0.43,32.0,0.42,15.0,0.44,91.49,0.45,15.5,0.01,0.01,2342.114036,1776356416000
1776356418.762,18.762,0.56,118.08,0.55,25.5,0.57,6.6,0.59,100.0,0.43,27.0,0.42,15.0,0.44,87.58,0.45,15.5,0.01,0.01,2342.007278,1776356417000
1776356419.249,19.249,0.6,89.7,0.59,40.5,0.63,5.0,0.64,25.5,0.41,100.0,0.4,100.0,0.43,15.7,0.44,169.08,0.03,0.02,2341.459918,1776356418000
1776356419.595,19.595,0.61,10.0,0.6,50.0,0.63,8.59,0.64,25.5,0.37,4.91,0.36,25.5,0.38,5.0,0.39,20.0,0.02,0.01,2341.459918,1776356418000
1776356420.137,20.137,0.61,11.0,0.6,60.0,0.62,15.0,0.63,19.09,0.37,8.59,0.36,25.5,0.39,10.0,0.4,50.0,0.01,0.02,2341.40522,1776356419000
1776356420.813,20.813,0.57,4.2,0.56,87.58,0.6,42.5,0.61,80.5,0.38,15.0,0.37,19.09,0.39,11.0,0.4,60.0,0.03,0.01,2341.40522,1776356419000
1776356421.117,21.117,0.56,80.86,0.55,15.5,0.57,17.07,0.58,23.24,0.42,18.24,0.41,25.5,0.44,80.86,0.45,15.5,0.01,0.02,2341.40522,1776356419000
1776356421.632,21.632,0.54,115.5,0.53,105.0,0.57,189.07,0.58,143.24,0.43,22.07,0.42,23.24,0.44,75.86,0.45,15.5,0.03,0.01,2341.72154,1776356420000
1776356422.001,22.001,0.53,5.0,0.52,5.0,0.54,21.09,0.55,26.0,0.43,189.07,0.42,143.24,0.46,115.5,0.47,105.0,0.01,0.03,2341.738139,1776356421000
1776356422.532,22.532,0.51,13.0,0.5,15.5,0.52,169.98,0.53,126.0,0.46,21.09,0.45,26.0,0.47,5.0,0.48,5.0,0.01,0.01,2341.738139,1776356421000
1776356422.822,22.822,0.51,9.16,0.5,15.5,0.52,149.0,0.53,156.0,0.48,128.0,0.47,126.0,0.49,13.0,0.5,15.5,0.01,0.01,2341.738139,1776356421000
1776356423.13,23.13,0.51,15.82,0.5,15.5,0.52,126.07,0.53,156.0,0.48,126.07,0.47,156.0,0.49,9.16,0.5,15.5,0.01,0.01,2341.620707,1776356422000
1776356424.03,24.03,0.51,15.82,0.5,15.5,0.52,29.91,0.53,156.0,0.48,126.07,0.47,156.0,0.49,15.82,0.5,15.5,0.01,0.01,2341.620707,1776356422000
1776356426.613,26.613,0.54,15.0,0.53,30.5,0.55,24.0,0.56,90.0,0.48,29.91,0.47,156.0,0.49,15.82,0.5,15.5,0.01,0.01,2340.981426,1776356425000
1776356426.963,26.963,0.54,12.6,0.53,20.0,0.55,39.0,0.56,100.5,0.45,24.0,0.44,90.0,0.46,15.0,0.47,30.5,0.01,0.01,2340.981426,1776356425000
1776356427.61,27.61,0.54,57.1,0.53,135.5,0.56,60.0,0.57,35.0,0.45,39.0,0.44,100.5,0.46,12.6,0.47,20.0,0.02,0.01,2340.947943,1776356426000
1776356429.464,29.464,0.53,1.26,0.52,20.5,0.54,21.0,0.55,26.0,0.44,48.57,0.43,35.0,0.46,57.1,0.47,135.5,0.01,0.02,2341.143591,1776356428000
1776356431.867,31.867,0.55,40.0,0.54,65.5,0.56,43.57,0.57,10.0,0.46,21.0,0.45,26.0,0.47,1.26,0.48,20.5,0.01,0.01,2341.04194,1776356430000
1776356432.841,32.841,0.59,10.0,0.58,15.0,0.7,16.0,0.71,50.0,0.44,43.57,0.43,10.0,0.45,40.0,0.46,65.5,0.11,0.01,2341.026117,1776356431000
1776356433.393,33.393,0.66,38.2,0.65,10.0,0.67,10.0,0.74,7.0,0.33,20.0,0.29,34.22,0.39,10.0,0.41,10.0,0.01,0.06,2341.07422,1776356432000
1776356433.868,33.868,0.73,6.7,0.72,15.0,0.74,4.32,0.75,20.0,0.26,4.32,0.25,10.0,0.35,0.43,0.36,46.0,0.01,0.09,2341.07422,1776356432000
1776356434.149,34.149,0.73,6.7,0.72,15.0,0.75,17.41,0.76,60.0,0.26,4.32,0.25,20.0,0.27,6.7,0.28,15.0,0.02,0.01,2341.07422,1776356432000
1776356434.431,34.431,0.71,5.54,0.7,15.0,0.74,10.0,0.75,10.0,0.25,17.41,0.24,60.0,0.27,6.7,0.28,15.0,0.03,0.02,2341.07422,1776356432000
1776356434.803,34.803,0.72,5.0,0.71,10.0,0.73,11.95,0.74,10.0,0.26,10.0,0.25,10.0,0.3,15.0,0.31,10.0,0.01,0.04,2341.524232,1776356433000
1776356435.367,35.367,0.72,5.0,0.71,10.0,0.73,46.08,0.74,35.0,0.27,11.95,0.26,10.0,0.28,5.0,0.29,10.0,0.01,0.01,2342.285958,1776356434000
1776356435.917,35.917,0.7,15.0,0.69,10.0,0.71,100.09,0.72,50.5,0.27,167.02,0.26,35.0,0.29,8.33,0.3,20.0,0.01,0.02,2342.285958,1776356434000
1776356436.691,36.691,0.67,15.0,0.66,20.5,0.68,95.4,0.69,45.0,0.29,94.59,0.28,45.5,0.3,15.0,0.31,10.0,0.01,0.01,2342.61702,1776356435000
1776356437.45,37.45,0.7,81.9,0.69,31.5,0.71,10.0,0.72,50.0,0.32,95.4,0.31,45.0,0.33,15.0,0.34,20.5,0.01,0.01,2342.571637,1776356436000
1776356438.076,38.076,0.71,69.8,0.7,65.9,0.72,50.0,0.73,35.0,0.29,10.0,0.28,50.0,0.3,81.9,0.31,31.5,0.01,0.01,2342.559918,1776356437000
1776356438.98,38.98,0.71,80.3,0.7,65.9,0.72,128.39,0.73,35.0,0.28,50.0,0.27,35.0,0.29,69.8,0.3,65.9,0.01,0.01,2342.559918,1776356437000
1776356439.47,39.47,0.71,15.0,0.7,5.0,0.72,240.39,0.73,105.5,0.28,128.39,0.27,35.0,0.29,80.3,0.3,65.9,0.01,0.01,2342.492532,1776356438000
1776356439.702,39.702,0.68,22.94,0.67,5.0,0.69,38.15,0.7,46.3,0.31,56.0,0.3,57.3,0.32,22.94,0.33,10.0,0.01,0.01,2342.492532,1776356438000
1776356439.932,39.932,0.65,15.5,0.64,10.0,0.69,111.5,0.7,41.3,0.31,38.15,0.3,46.3,0.32,22.94,0.33,5.0,0.04,0.01,2342.492532,1776356438000
1776356440.587,40.587,0.64,5.0,0.62,20.0,0.7,3.62,0.71,85.0,0.31,111.5,0.3,41.3,0.35,15.5,0.36,10.0,0.06,0.04,2342.762744,1776356439000
1776356440.957,40.957,0.63,15.0,0.62,20.0,0.64,33.43,0.65,107.53,0.3,3.62,0.29,85.0,0.36,5.0,0.38,20.0,0.01,0.06,2342.762744,1776356439000
1776356441.257,41.257,0.63,11.1,0.62,30.5,0.64,11.43,0.65,77.53,0.36,33.43,0.35,107.53,0.37,15.0,0.38,20.0,0.01,0.01,2342.725331,1776356440000
1776356441.542,41.542,0.63,5.69,0.62,30.5,0.64,15.86,0.65,77.53,0.36,9.86,0.35,77.53,0.37,11.1,0.38,30.5,0.01,0.01,2342.725331,1776356440000
1776356441.986,41.986,0.63,20.69,0.62,30.5,0.64,29.01,0.65,117.53,0.36,15.86,0.35,77.53,0.37,5.69,0.38,30.5,0.01,0.01,2342.725331,1776356440000
1776356443.939,43.939,0.62,10.0,0.61,30.0,0.63,51.12,0.64,39.5,0.36,29.01,0.35,117.53,0.37,20.69,0.38,30.5,0.01,0.01,2342.089513,1776356442000
1776356446.201,46.201,0.61,85.93,0.6,31.5,0.62,10.0,0.63,5.0,0.37,51.12,0.36,39.5,0.38,10.0,0.39,30.0,0.01,0.01,2342.048422,1776356445000
1776356446.595,46.595,0.63,9.0,0.61,85.93,0.64,6.0,0.65,40.0,0.38,10.0,0.37,5.0,0.39,85.93,0.4,31.5,0.01,0.01,2342.048422,1776356445000
1776356448.201,48.201,0.63,97.5,0.62,30.5,0.64,1.0,0.65,10.0,0.36,6.0,0.35,40.0,0.37,9.0,0.39,85.93,0.01,0.01,2341.852853,1776356446000
1776356448.441,48.441,0.64,54.02,0.63,97.5,0.66,5.0,0.67,55.0,0.35,5.98,0.34,5.0,0.37,97.5,0.38,30.5,0.02,0.02,2341.852853,1776356446000
1776356449.847,49.847,0.66,73.0,0.65,25.5,0.67,9.3,0.68,41.81,0.34,5.0,0.33,55.0,0.36,54.02,0.37,97.5,0.01,0.02,2341.98482,1776356448000
1776356450.511,50.511,0.71,68.5,0.7,15.0,0.72,0.56,0.73,26.0,0.33,9.3,0.32,41.81,0.34,73.0,0.35,25.5,0.01,0.01,2341.98482,1776356449000
1776356450.761,50.761,0.72,54.68,0.71,67.6,0.73,6.32,0.76,65.5,0.27,6.32,0.25,50.0,0.28,37.5,0.29,58.1,0.01,0.01,2341.98482,1776356449000
1776356451.153,51.153,0.71,15.0,0.7,10.0,0.73,1.25,0.76,65.0,0.27,1.25,0.24,55.0,0.28,10.0,0.29,15.0,0.02,0.01,2341.98482,1776356449000
1776356451.393,51.393,0.71,15.0,0.7,10.0,0.73,1.25,0.74,10.0,0.27,1.25,0.26,10.0,0.28,8.5,0.29,15.0,0.02,0.01,2342.13853,1776356450000
1776356451.838,51.838,0.72,10.0,0.71,10.0,0.73,22.68,0.74,20.5,0.27,1.25,0.26,20.5,0.3,10.0,0.31,10.0,0.01,0.03,2342.13853,1776356450000
1776356452.327,52.327,0.72,14.8,0.71,10.0,0.73,5.37,0.75,10.0,0.27,0.37,0.26,20.5,0.28,3.8,0.29,10.0,0.01,0.01,2342.337331,1776356451000
1776356452.841,52.841,0.71,6.2,0.7,10.0,0.72,20.0,0.73,59.75,0.27,5.37,0.25,10.0,0.28,14.8,0.29,10.0,0.01,0.01,2342.337331,1776356451000
1776356453.179,53.179,0.7,6.33,0.69,10.0,0.71,11.0,0.72,64.75,0.28,20.0,0.27,59.75,0.29,6.2,0.3,10.0,0.01,0.01,2342.337331,1776356451000
1776356453.632,53.632,0.7,6.33,0.69,15.0,0.72,23.22,0.73,20.0,0.29,11.0,0.28,64.75,0.3,6.33,0.31,10.0,0.02,0.01,2342.661451,1776356452000
1776356455.316,55.316,0.67,25.0,0.66,20.0,0.69,39.75,0.7,29.75,0.28,23.22,0.27,20.0,0.3,6.33,0.31,15.0,0.02,0.02,2342.503421,1776356454000
1776356458.79,58.79,0.65,2.14,0.64,15.0,0.66,97.0,0.67,31.0,0.31,39.75,0.3,29.75,0.33,25.0,0.34,20.0,0.01,0.02,2342.073411,1776356457000
1776356459.238,59.238,0.65,48.34,0.64,30.5,0.66,4.0,0.67,20.0,0.34,97.0,0.33,31.0,0.35,2.14,0.36,15.0,0.01,0.01,2342.073411,1776356457000
1776356459.622,59.622,0.66,1.64,0.65,39.64,0.67,20.0,0.68,15.0,0.34,4.0,0.33,20.0,0.35,48.34,0.36,30.5,0.01,0.01,2341.844471,1776356458000
1776356460.178,60.178,0.65,9.08,0.64,30.5,0.67,20.0,0.68,31.5,0.33,20.0,0.32,15.0,0.34,1.64,0.35,39.64,0.02,0.01,2341.809802,1776356459000
1776356460.6,60.6,0.64,30.5,0.63,79.5,0.65,15.0,0.66,10.0,0.33,20.0,0.32,31.5,0.35,9.08,0.36,30.5,0.01,0.02,2341.809802,1776356459000
1776356461.232,61.232,0.63,9.0,0.62,50.0,0.64,45.5,0.65,228.72,0.35,15.0,0.34,10.0,0.36,30.5,0.37,79.5,0.01,0.01,2341.906108,1776356460000
1776356462.19,62.19,0.59,25.0,0.58,20.0,0.6,81.0,0.61,66.0,0.39,41.0,0.36,185.5,0.4,30.0,0.41,160.0,0.01,0.01,2341.906108,1776356460000
1776356462.839,62.839,0.57,20.0,0.56,60.0,0.58,7.68,0.59,10.0,0.4,81.0,0.39,66.0,0.41,25.0,0.42,20.0,0.01,0.01,2341.987306,1776356461000
1776356463.091,63.091,0.57,20.0,0.56,70.5,0.58,8.27,0.59,10.0,0.41,10.0,0.4,10.0,0.42,7.36,0.43,20.0,0.01,0.01,2341.987306,1776356461000
1776356463.447,63.447,0.58,38.5,0.57,58.5,0.59,6.59,0.6,25.0,0.42,8.27,0.41,10.0,0.43,20.0,0.44,70.5,0.01,0.01,2341.987306,1776356461000
1776356465.019,65.019,0.55,20.0,0.53,110.0,0.56,54.5,0.57,88.0,0.4,18.26,0.39,76.0,0.42,54.5,0.43,58.5,0.01,0.02,2341.228892,1776356463000
1776356465.582,65.582,0.53,72.7,0.52,45.5,0.54,4.62,0.55,10.0,0.44,54.5,0.43,88.0,0.45,20.0,0.47,110.0,0.01,0.01,2341.206168,1776356464000
1776356466.363,66.363,0.52,35.0,0.51,60.32,0.53,20.4,0.54,15.62,0.46,4.62,0.45,10.0,0.47,61.42,0.48,45.5,0.01,0.01,2341.206168,1776356464000
1776356466.873,66.873,0.52,35.36,0.51,70.32,0.53,10.0,0.54,15.62,0.47,10.0,0.46,15.62,0.48,35.0,0.49,60.32,0.01,0.01,2341.089303,1776356465000
1776356467.464,67.464,0.52,31.82,0.51,65.32,0.53,30.0,0.54,10.0,0.45,0.95,0.44,15.01,0.48,27.02,0.49,60.32,0.01,0.03,2340.916318,1776356466000
1776356467.753,67.753,0.52,50.15,0.51,70.82,0.53,37.5,0.54,10.0,0.47,21.5,0.46,10.0,0.48,41.82,0.49,60.32,0.01,0.01,2340.916318,1776356466000
1776356468.39,68.39,0.52,26.93,0.51,80.82,0.53,31.5,0.54,35.0,0.47,37.5,0.46,10.0,0.48,44.95,0.49,70.82,0.01,0.01,2340.78106,1776356467000
1776356469.098,69.098,0.49,95.5,0.48,39.32,0.52,105.2,0.53,35.0,0.47,31.5,0.46,35.0,0.48,26.93,0.49,80.82,0.03,0.01,2340.868136,1776356468000
1776356471.366,71.366,0.49,100.5,0.48,154.82,0.5,5.0,0.51,20.0,0.48,105.2,0.47,35.0,0.51,95.5,0.52,39.32,0.01,0.03,2340.843057,1776356469000
1776356472.678,72.678,0.49,186.5,0.48,173.82,0.5,5.0,0.51,20.0,0.5,5.0,0.49,20.0,0.51,100.5,0.52,154.82,0.01,0.01,2340.627471,1776356471000
1776356474.868,74.868,0.49,7.05,0.48,149.82,0.5,15.0,0.51,20.0,0.5,5.0,0.49,20.0,0.51,186.5,0.52,173.82,0.01,0.01,2340.681208,1776356473000
1776356477.025,77.025,0.49,225.5,0.48,184.82,0.51,10.0,0.53,50.0,0.5,15.0,0.49,20.0,0.51,7.05,0.52,149.82,0.02,0.01,2340.791873,1776356475000
1776356477.244,77.244,0.52,154.62,0.51,129.5,0.53,60.0,0.54,20.0,0.49,10.0,0.47,50.0,0.51,225.5,0.52,184.82,0.01,0.02,2340.791873,1776356475000
1776356477.958,77.958,0.52,187.12,0.51,144.5,0.53,32.99,0.54,20.0,0.47,32.99,0.46,20.0,0.48,180.12,0.49,149.5,0.01,0.01,2340.709029,1776356476000
1776356478.447,78.447,0.52,129.79,0.51,149.5,0.53,32.99,0.54,20.0,0.47,32.99,0.46,20.0,0.48,187.12,0.49,144.5,0.01,0.01,2340.709029,1776356477000
1776356478.858,78.858,0.52,10.29,0.51,15.5,0.53,82.99,0.54,30.0,0.47,32.99,0.46,20.0,0.48,129.79,0.49,149.5,0.01,0.01,2340.709029,1776356477000
1776356479.111,79.111,0.52,9.79,0.51,15.5,0.53,62.99,0.54,30.0,0.47,88.99,0.46,30.0,0.48,0.29,0.49,15.5,0.01,0.01,2340.709029,1776356477000
1776356479.807,79.807,0.51,15.5,0.5,115.5,0.52,9.6,0.53,67.99,0.47,62.99,0.46,30.0,0.48,9.79,0.49,15.5,0.01,0.01,2340.87725,1776356478000
1776356480.121,80.121,0.51,15.5,0.5,115.5,0.52,54.6,0.53,57.99,0.48,9.6,0.47,67.99,0.49,15.5,0.5,115.5,0.01,0.01,2340.87725,1776356478000
1776356480.734,80.734,0.48,29.89,0.47,85.0,0.49,30.0,0.5,59.7,0.48,49.3,0.47,57.99,0.49,15.5,0.5,115.5,0.01,0.01,2340.87725,1776356478000
1776356481.021,81.021,0.47,70.5,0.46,175.5,0.49,54.8,0.5,40.5,0.51,34.8,0.5,40.5,0.52,29.89,0.53,100.5,0.02,0.01,2341.04349,1776356479000
1776356481.815,81.815,0.46,65.5,0.45,130.0,0.47,7.23,0.48,24.4,0.52,14.4,0.51,34.8,0.53,20.5,0.54,175.5,0.01,0.01,2340.995053,1776356480000
1776356482.103,82.103,0.46,36.57,0.45,135.0,0.47,7.23,0.48,24.4,0.53,7.23,0.52,24.4,0.54,65.5,0.55,130.0,0.01,0.01,2340.907676,1776356481000
1776356482.882,82.882,0.46,6.01,0.45,130.0,0.47,22.23,0.48,24.4,0.53,7.23,0.52,24.4,0.54,36.57,0.55,135.0,0.01,0.01,2340.907676,1776356481000
1776356483.37,83.37,0.45,75.0,0.44,80.5,0.46,81.0,0.47,27.73,0.53,22.23,0.52,24.4,0.54,6.01,0.55,130.0,0.01,0.01,2340.668724,1776356482000
1776356483.593,83.593,0.45,75.0,0.44,65.0,0.46,145.04,0.47,22.73,0.54,81.0,0.53,27.73,0.55,75.0,0.56,80.5,0.01,0.01,2340.668724,1776356482000
1776356485.541,85.541,0.44,41.94,0.43,115.5,0.45,86.0,0.46,34.84,0.54,145.04,0.53,22.73,0.55,75.0,0.56,65.0,0.01,0.01,2340.34376,1776356484000
1776356487.864,87.864,0.43,3.74,0.42,75.5,0.45,131.5,0.46,34.84,0.55,86.0,0.54,34.84,0.56,41.94,0.57,115.5,0.02,0.01,2340.199696,1776356486000
1776356491.273,91.273,0.4,25.5,0.39,135.5,0.42,85.5,0.43,61.5,0.55,131.5,0.54,34.84,0.57,3.74,0.58,75.5,0.02,0.02,2340.031116,1776356490000
1776356491.563,91.563,0.4,11.13,0.39,135.5,0.41,70.0,0.42,35.5,0.58,85.5,0.57,61.5,0.6,25.5,0.61,135.5,0.01,0.02,2340.031116,1776356490000
1776356492.49,92.49,0.4,11.06,0.39,125.5,0.41,99.0,0.42,25.5,0.59,70.0,0.58,35.5,0.6,11.13,0.61,135.5,0.01,0.01,2339.997218,1776356491000
1776356493.903,93.903,0.39,25.5,0.38,51.5,0.4,73.0,0.41,79.5,0.59,99.0,0.58,25.5,0.6,11.06,0.61,125.5,0.01,0.01,2339.935089,1776356492000
1776356498.509,98.509,0.35,54.5,0.34,35.5,0.36,53.0,0.37,10.0,0.6,73.0,0.59,79.5,0.61,25.5,0.62,51.5,0.01,0.01,2339.791375,1776356497000
1776356499.126,99.126,0.34,14.5,0.33,58.5,0.36,89.0,0.37,25.5,0.64,53.0,0.63,10.0,0.65,54.5,0.66,35.5,0.02,0.01,2339.638841,1776356498000
1776356500.021,100.021,0.33,53.72,0.32,130.0,0.35,51.0,0.36,37.0,0.64,89.0,0.63,25.5,0.66,14.5,0.67,58.5,0.02,0.02,2339.638841,1776356498000
1776356500.772,100.772,0.34,44.0,0.33,81.72,0.35,23.17,0.36,37.0,0.65,51.0,0.64,37.0,0.67,53.72,0.68,130.0,0.01,0.02,2339.605393,1776356499000
1776356501.03,101.03,0.34,34.0,0.33,51.72,0.35,4.66,0.36,37.0,0.65,9.66,0.64,42.0,0.66,43.0,0.67,51.72,0.01,0.01,2339.605393,1776356499000
1776356501.56,101.56,0.35,45.42,0.34,46.5,0.36,61.66,0.37,10.0,0.64,31.66,0.63,10.0,0.65,13.46,0.66,39.0,0.01,0.01,2339.567079,1776356500000
1776356502.649,102.649,0.35,32.09,0.34,40.5,0.36,56.0,0.37,10.0,0.64,58.88,0.63,10.0,0.65,85.42,0.66,46.5,0.01,0.01,2339.580417,1776356501000
1776356502.981,102.981,0.35,27.09,0.34,35.5,0.36,115.2,0.37,20.0,0.64,56.0,0.63,10.0,0.65,32.09,0.66,40.5,0.01,0.01,2339.580417,1776356501000
1776356503.488,103.488,0.34,10.0,0.33,70.22,0.36,182.5,0.37,25.5,0.64,115.2,0.63,20.0,0.65,21.09,0.66,35.5,0.02,0.01,2339.695233,1776356502000
1776356504.211,104.211,0.34,228.5,0.33,0.22,0.35,64.5,0.36,95.5,0.64,182.5,0.63,25.5,0.66,10.0,0.67,70.22,0.01,0.02,2339.72494,1776356503000
1776356505.416,105.416,0.34,226.98,0.32,135.5,0.35,198.75,0.36,95.5,0.65,64.5,0.64,95.5,0.66,228.5,0.67,0.22,0.01,0.01,2339.514557,1776356504000
1776356505.913,105.913,0.34,234.98,0.33,10.5,0.35,208.75,0.36,85.5,0.65,198.75,0.64,95.5,0.66,226.98,0.68,135.5,0.01,0.01,2339.514557,1776356504000
1776356506.261,106.261,0.34,303.49,0.33,15.5,0.35,45.0,0.36,35.0,0.65,208.75,0.64,85.5,0.66,234.98,0.67,10.5,0.01,0.01,2339.351504,1776356505000
1776356506.463,106.463,0.34,293.49,0.33,15.5,0.35,35.0,0.36,30.0,0.65,45.0,0.64,35.0,0.66,303.49,0.67,15.5,0.01,0.01,2339.351504,1776356505000
1776356506.688,106.688,0.34,252.39,0.33,15.5,0.35,28.17,0.36,100.64,0.65,23.17,0.64,45.0,0.66,259.49,0.67,15.5,0.01,0.01,2339.351504,1776356505000
1776356507.038,107.038,0.34,217.89,0.32,148.5,0.35,58.67,0.36,150.64,0.65,28.17,0.64,100.64,0.66,252.39,0.67,15.5,0.01,0.01,2339.351504,1776356505000
1776356507.274,107.274,0.34,212.86,0.32,140.5,0.35,97.67,0.36,150.64,0.65,58.67,0.64,150.64,0.66,217.89,0.68,148.5,0.01,0.01,2339.307362,1776356506000
1776356508.14,108.14,0.34,197.71,0.32,130.0,0.35,198.26,0.36,95.5,0.65,97.67,0.64,150.64,0.66,212.86,0.68,140.5,0.01,0.01,2339.307362,1776356506000
1776356508.771,108.771,0.34,139.71,0.32,125.0,0.35,327.46,0.36,95.5,0.65,198.26,0.64,95.5,0.66,197.71,0.68,130.0,0.01,0.01,2339.334722,1776356507000
1776356509.324,109.324,0.34,20.61,0.32,125.0,0.35,283.26,0.36,145.5,0.65,283.26,0.64,95.5,0.66,36.71,0.68,125.0,0.01,0.01,2339.336076,1776356508000
1776356509.659,109.659,0.34,0.45,0.32,125.0,0.35,283.26,0.36,95.5,0.65,283.26,0.64,145.5,0.66,20.61,0.68,125.0,0.01,0.01,2339.336076,1776356508000
1776356510.122,110.122,0.32,125.0,0.31,55.5,0.35,229.26,0.36,111.1,0.65,283.26,0.64,95.5,0.66,0.45,0.68,125.0,0.03,0.01,2339.336076,1776356508000
1776356511.822,111.822,0.3,12.64,0.29,5.0,0.31,71.0,0.32,15.0,0.65,229.26,0.64,111.1,0.68,125.0,0.69,55.5,0.01,0.03,2339.151492,1776356510000
1776356512.413,112.413,0.3,13.69,0.29,15.0,0.31,45.0,0.32,15.0,0.69,71.0,0.68,15.0,0.7,12.64,0.71,5.0,0.01,0.01,2339.078442,1776356511000
1776356512.711,112.711,0.3,47.2,0.29,29.0,0.31,45.0,0.32,10.0,0.69,45.0,0.68,10.0,0.7,56.15,0.71,29.0,0.01,0.01,2339.078442,1776356511000
1776356513.017,113.017,0.31,31.55,0.3,13.2,0.32,20.65,0.33,20.0,0.68,0.65,0.67,10.0,0.7,23.2,0.71,29.0,0.01,0.02,2339.078442,1776356511000
1776356514.382,114.382,0.3,25.78,0.29,20.0,0.32,20.65,0.33,25.0,0.68,20.65,0.67,20.0,0.69,31.55,0.7,13.2,0.02,0.01,2339.11532,1776356513000
1776356515.752,115.752,0.3,56.78,0.29,20.0,0.31,24.0,0.32,47.97,0.68,20.65,0.67,25.0,0.7,25.78,0.71,20.0,0.01,0.02,2339.218063,1776356514000
1776356516.385,116.385,0.31,55.5,0.3,46.78,0.32,67.97,0.33,20.0,0.68,37.97,0.67,10.0,0.7,56.78,0.71,20.0,0.01,0.02,2339.250868,1776356515000
1776356516.765,116.765,0.31,48.9,0.3,46.78,0.32,67.97,0.33,20.0,0.68,67.97,0.67,20.0,0.69,55.5,0.7,46.78,0.01,0.01,2339.250868,1776356515000
1776356517.295,117.295,0.31,47.3,0.3,46.78,0.32,67.97,0.33,20.0,0.68,67.97,0.67,20.0,0.69,48.9,0.7,46.78,0.01,0.01,2339.250868,1776356515000
1776356518.658,118.658,0.3,41.5,0.29,30.5,0.31,4.0,0.32,47.97,0.68,99.47,0.67,41.5,0.69,8.48,0.7,11.78,0.01,0.01,2339.352894,1776356517000
1776356519.988,119.988,0.31,14.4,0.3,56.5,0.32,56.97,0.33,45.5,0.68,45.97,0.67,20.0,0.7,41.5,0.71,30.5,0.01,0.02,2339.310852,1776356518000
1776356520.93,120.93,0.3,2.35,0.29,40.5,0.31,91.0,0.32,40.5,0.68,56.97,0.67,45.5,0.69,14.4,0.7,56.5,0.01,0.01,2339.351282,1776356519000
1776356522.274,122.274,0.3,182.85,0.29,30.5,0.31,4.0,0.32,15.0,0.69,91.0,0.68,40.5,0.7,2.35,0.71,40.5,0.01,0.01,2339.349025,1776356521000
1776356523.129,123.129,0.31,80.5,0.3,171.42,0.32,32.2,0.33,30.0,0.68,7.4,0.67,35.0,0.69,25.5,0.7,172.42,0.01,0.01,2339.349025,1776356521000
1776356523.56,123.56,0.31,95.5,0.3,227.42,0.32,12.0,0.33,30.0,0.68,32.2,0.67,30.0,0.69,80.5,0.7,171.42,0.01,0.01,2339.349025,1776356521000
1776356523.911,123.911,0.32,61.5,0.31,75.5,0.33,26.98,0.34,30.0,0.67,42.98,0.66,30.0,0.69,95.5,0.7,227.42,0.01,0.02,2339.349025,1776356521000
1776356524.351,124.351,0.32,68.38,0.31,75.5,0.33,26.98,0.34,30.0,0.67,26.98,0.66,30.0,0.68,61.5,0.69,75.5,0.01,0.01,2339.236268,1776356522000
1776356524.744,124.744,0.32,25.5,0.31,45.5,0.33,61.28,0.34,30.0,0.67,26.98,0.66,30.0,0.68,53.68,0.69,75.5,0.01,0.01,2339.307569,1776356523000
1776356525.07,125.07,0.32,24.16,0.31,45.5,0.33,61.28,0.34,30.0,0.67,61.28,0.66,30.0,0.68,25.5,0.69,45.5,0.01,0.01,2339.307569,1776356523000
1776356525.7,125.7,0.32,60.0,0.31,45.5,0.33,61.28,0.34,30.0,0.67,61.28,0.66,30.0,0.68,21.98,0.69,45.5,0.01,0.01,2339.36857,1776356524000
1776356526.997,126.997,0.32,124.0,0.31,35.0,0.33,76.78,0.34,45.5,0.67,61.28,0.66,30.0,0.68,60.0,0.69,45.5,0.01,0.01,2339.463865,1776356525000
1776356527.206,127.206,0.32,94.0,0.31,21.0,0.33,230.98,0.34,70.5,0.67,76.78,0.66,45.5,0.68,124.0,0.69,35.0,0.01,0.01,2339.463865,1776356525000
1776356527.744,127.744,0.32,14.66,0.31,16.0,0.33,127.78,0.34,45.5,0.67,236.78,0.66,70.5,0.68,19.74,0.69,21.0,0.01,0.01,2339.475198,1776356526000
1776356529.306,129.306,0.32,8.48,0.31,16.0,0.33,184.78,0.34,70.5,0.67,127.78,0.66,45.5,0.68,14.66,0.69,16.0,0.01,0.01,2339.357496,1776356528000
1776356530.015,130.015,0.31,9.86,0.3,100.92,0.33,178.07,0.34,70.5,0.67,162.07,0.66,70.5,0.68,8.48,0.69,16.0,0.02,0.01,2339.357496,1776356528000
1776356530.256,130.256,0.31,8.41,0.3,100.92,0.32,155.5,0.33,105.07,0.67,178.07,0.66,70.5,0.69,9.86,0.7,100.92,0.01,0.02,2339.357496,1776356528000
1776356530.88,130.88,0.31,0.81,0.3,100.92,0.32,406.7,0.33,66.5,0.68,211.7,0.67,105.07,0.69,6.81,0.7,100.92,0.01,0.01,2339.214275,1776356529000
1776356533.526,133.526,0.3,70.09,0.26,15.0,0.31,210.5,0.32,149.97,0.69,180.5,0.68,272.7,0.7,77.24,0.74,10.0,0.01,0.01,2339.119217,1776356531000
1776356533.744,133.744,0.3,66.69,0.26,10.0,0.31,210.5,0.32,149.97,0.69,210.5,0.68,149.97,0.7,70.09,0.74,15.0,0.01,0.01,2338.982376,1776356532000
1776356534.93,134.93,0.3,41.69,0.26,15.0,0.31,230.5,0.32,149.97,0.69,210.5,0.68,149.97,0.7,46.69,0.74,10.0,0.01,0.01,2338.918872,1776356533000
1776356536.052,136.052,0.3,36.91,0.26,10.0,0.31,229.5,0.32,149.97,0.69,227.27,0.68,149.97,0.7,41.69,0.74,15.0,0.01,0.01,2338.911412,1776356534000
1776356536.572,136.572,0.3,30.91,0.26,10.0,0.31,280.5,0.32,166.47,0.69,229.5,0.68,149.97,0.7,36.91,0.74,10.0,0.01,0.01,2338.912969,1776356535000
1776356537.076,137.076,0.2,24.5,0.19,20.5,0.21,31.0,0.22,16.0,0.69,349.7,0.68,183.67,0.74,10.0,0.8,5.0,0.01,0.05,2338.9144,1776356536000
1776356537.308,137.308,0.2,19.5,0.19,20.5,0.24,9.79,0.25,15.0,0.79,26.0,0.78,16.0,0.8,19.5,0.81,20.5,0.04,0.01,2338.9144,1776356536000
1776356537.607,137.607,0.21,5.0,0.2,29.5,0.23,14.0,0.24,22.79,0.77,8.0,0.76,22.79,0.8,29.5,0.81,25.5,0.02,0.03,2338.9144,1776356536000
1776356537.832,137.832,0.21,15.5,0.2,39.5,0.22,18.5,0.23,24.0,0.77,14.0,0.76,22.79,0.79,5.0,0.8,29.5,0.01,0.02,2338.9144,1776356536000
1776356538.149,138.149,0.21,54.5,0.2,45.5,0.22,3.0,0.23,20.0,0.78,18.5,0.77,24.0,0.79,15.5,0.8,39.5,0.01,0.01,2338.9144,1776356536000
1776356538.563,138.563,0.21,99.5,0.2,45.5,0.23,6.86,0.24,4.79,0.78,3.0,0.77,20.0,0.79,54.5,0.8,45.5,0.02,0.01,2338.9144,1776356536000
1776356539.042,139.042,0.22,50.5,0.21,88.5,0.23,6.86,0.24,152.71,0.77,6.86,0.76,4.79,0.78,23.17,0.79,85.5,0.01,0.01,2338.83271,1776356537000
1776356539.629,139.629,0.23,99.03,0.22,83.3,0.24,177.92,0.25,20.0,0.77,6.86,0.76,152.71,0.78,55.3,0.79,88.5,0.01,0.01,2338.745127,1776356538000
1776356540.736,140.736,0.24,79.5,0.23,57.5,0.26,10.0,0.27,26.0,0.76,177.92,0.75,20.0,0.77,68.62,0.78,93.3,0.02,0.01,2338.661281,1776356539000
1776356541.655,141.655,0.25,20.5,0.24,42.5,0.26,28.51,0.27,32.0,0.74,10.0,0.73,26.0,0.76,79.5,0.77,57.5,0.01,0.02,2338.725183,1776356540000
1776356541.924,141.924,0.25,11.2,0.24,22.5,0.26,55.51,0.27,37.0,0.74,28.51,0.73,37.0,0.75,19.16,0.76,32.5,0.01,0.01,2338.725183,1776356540000
1776356543.537,143.537,0.25,111.2,0.24,53.5,0.26,12.37,0.27,36.0,0.74,55.51,0.73,37.0,0.75,11.2,0.76,22.5,0.01,0.01,2339.049172,1776356542000
1776356547.089,147.089,0.25,105.0,0.24,43.5,0.26,14.53,0.27,16.0,0.74,7.37,0.73,36.0,0.75,111.2,0.76,53.5,0.01,0.01,2338.963735,1776356546000
1776356548.389,148.389,0.25,93.0,0.24,10.0,0.26,152.5,0.27,63.88,0.74,14.53,0.73,16.0,0.75,105.0,0.76,43.5,0.01,0.01,2339.112852,1776356547000
1776356550.164,150.164,0.21,98.73,0.2,43.0,0.22,92.5,0.23,124.42,0.76,53.5,0.75,20.5,0.79,100.99,0.8,40.0,0.01,0.03,2338.973483,1776356548000
1776356551.265,151.265,0.21,92.73,0.19,5.0,0.22,92.5,0.23,124.42,0.78,92.5,0.77,124.42,0.79,98.73,0.8,43.0,0.01,0.01,2338.870025,1776356549000
1776356551.977,151.977,0.21,92.73,0.18,5.0,0.22,84.5,0.23,124.42,0.78,92.5,0.77,124.42,0.79,92.73,0.81,5.0,0.01,0.01,2338.4983,1776356550000
1776356553.514,153.514,0.21,16.78,0.19,5.0,0.22,84.5,0.23,124.42,0.78,84.5,0.77,124.42,0.79,92.73,0.82,5.0,0.01,0.01,2338.486639,1776356552000
1776356554.759,154.759,0.21,6.68,0.18,5.0,0.22,178.13,0.23,32.5,0.78,84.5,0.77,124.42,0.79,16.78,0.81,5.0,0.01,0.01,2338.425459,1776356553000
1776356555.654,155.654,0.16,5.0,0.15,25.0,0.21,48.39,0.22,97.5,0.78,116.5,0.77,32.5,0.79,1.61,0.82,5.0,0.05,0.01,2338.42452,1776356554000
1776356555.971,155.971,0.15,11.61,0.14,110.5,0.16,115.0,0.17,20.0,0.79,48.39,0.78,97.5,0.84,5.0,0.85,25.0,0.01,0.05,2338.42452,1776356554000
1776356556.241,156.241,0.15,1.08,0.14,110.5,0.16,79.0,0.17,20.0,0.84,100.0,0.83,20.0,0.85,10.43,0.86,110.5,0.01,0.01,2338.42452,1776356554000
1776356556.647,156.647,0.15,0.5,0.14,55.5,0.16,59.0,0.17,20.0,0.84,79.0,0.83,20.0,0.85,1.08,0.86,110.5,0.01,0.01,2338.449879,1776356555000
1776356556.947,156.947,0.15,19.32,0.14,74.5,0.16,27.0,0.17,12.0,0.84,59.0,0.83,20.0,0.85,0.5,0.86,55.5,0.01,0.01,2338.449879,1776356555000
1776356557.688,157.688,0.15,16.0,0.14,79.5,0.17,30.0,0.18,22.0,0.83,15.0,0.82,27.0,0.85,19.32,0.86,74.5,0.02,0.02,2338.312163,1776356556000
1776356558.062,158.062,0.15,0.5,0.14,79.5,0.17,20.82,0.18,15.0,0.83,15.35,0.82,22.0,0.85,10.0,0.86,79.5,0.02,0.02,2338.288951,1776356557000
1776356558.512,158.512,0.14,74.0,0.13,15.0,0.17,65.82,0.18,15.0,0.83,20.82,0.82,15.0,0.85,0.5,0.86,79.5,0.03,0.02,2338.288951,1776356557000
1776356560.759,160.759,0.17,10.0,0.16,34.0,0.18,20.0,0.19,38.0,0.83,65.82,0.82,15.0,0.86,74.0,0.87,15.0,0.01,0.03,2338.268764,1776356559000
1776356560.989,160.989,0.17,42.54,0.16,49.0,0.18,25.0,0.19,43.0,0.82,20.0,0.81,38.0,0.83,10.0,0.84,34.0,0.01,0.01,2338.268764,1776356559000
1776356565.321,165.321,0.16,57.0,0.15,45.5,0.17,8.0,0.18,20.0,0.82,25.0,0.81,43.0,0.83,42.54,0.84,49.0,0.01,0.01,2338.244812,1776356564000
1776356566.493,166.493,0.15,20.0,0.14,44.5,0.17,7.0,0.18,26.14,0.83,8.0,0.82,20.0,0.84,57.0,0.85,45.5,0.02,0.01,2338.219771,1776356565000
1776356568.414,168.414,0.17,12.97,0.16,38.0,0.19,10.0,0.2,60.0,0.83,7.0,0.82,26.14,0.85,20.0,0.86,44.5,0.02,0.02,2338.256251,1776356567000
1776356569.091,169.091,0.17,13.0,0.16,70.0,0.19,25.0,0.2,97.5,0.81,10.0,0.8,52.0,0.83,8.53,0.84,19.0,0.02,0.02,2338.295798,1776356568000
1776356570.242,170.242,0.15,47.67,0.14,44.5,0.18,45.0,0.19,45.0,0.81,25.0,0.8,97.5,0.83,13.0,0.84,70.0,0.03,0.02,2338.295798,1776356568000
1776356571.491,171.491,0.15,28.17,0.14,45.0,0.16,32.5,0.17,25.0,0.82,45.0,0.81,45.0,0.85,47.67,0.86,44.5,0.01,0.03,2338.494025,1776356570000
1776356573.134,173.134,0.15,22.0,0.14,24.5,0.16,35.0,0.17,10.0,0.84,32.5,0.83,25.0,0.85,28.17,0.86,45.0,0.01,0.01,2338.498489,1776356571000
1776356573.54,173.54,0.15,19.64,0.14,14.5,0.16,61.0,0.17,25.5,0.84,35.0,0.83,10.0,0.85,22.0,0.86,24.5,0.01,0.01,2338.522075,1776356572000
1776356574.007,174.007,0.15,19.64,0.14,14.5,0.16,63.61,0.17,20.5,0.84,61.0,0.83,25.5,0.85,19.64,0.86,14.5,0.01,0.01,2338.522075,1776356572000
1776356574.741,174.741,0.15,2.64,0.14,14.5,0.16,63.61,0.17,30.5,0.84,63.61,0.83,20.5,0.85,19.64,0.86,14.5,0.01,0.01,2338.484987,1776356573000
1776356575.366,175.366,0.14,13.79,0.13,10.0,0.15,60.0,0.16,41.5,0.84,63.61,0.83,30.5,0.85,2.64,0.86,14.5,0.01,0.01,2338.484987,1776356573000
1776356575.924,175.924,0.13,22.0,0.12,20.09,0.14,12.85,0.15,108.0,0.85,60.0,0.84,41.5,0.86,13.79,0.87,10.0,0.01,0.01,2338.461517,1776356574000
1776356576.431,176.431,0.13,10.0,0.12,34.09,0.14,140.58,0.15,86.5,0.86,12.85,0.85,108.0,0.87,22.0,0.88,20.09,0.01,0.01,2338.449142,1776356575000
1776356578.015,178.015,0.1,196.0,0.09,107.0,0.12,6.91,0.13,132.5,0.86,140.58,0.85,86.5,0.87,10.0,0.88,34.09,0.02,0.01,2338.334484,1776356576000
1776356578.24,178.24,0.1,188.3,0.09,117.0,0.11,107.5,0.12,22.91,0.88,6.91,0.87,132.5,0.9,196.0,0.91,107.0,0.01,0.02,2338.334484,1776356576000
1776356578.906,178.906,0.1,183.84,0.09,107.0,0.11,80.5,0.12,32.91,0.89,107.5,0.88,22.91,0.9,184.96,0.91,117.0,0.01,0.01,2338.283297,1776356577000
1776356579.829,179.829,0.1,151.06,0.09,107.0,0.11,121.25,0.12,37.91,0.89,80.5,0.88,32.91,0.9,176.06,0.91,107.0,0.01,0.01,2338.221951,1776356578000
1776356581.209,181.209,0.1,0.44,0.09,96.0,0.11,206.62,0.12,72.01,0.89,121.25,0.88,37.91,0.9,151.06,0.91,107.0,0.01,0.01,2337.830107,1776356579000
1776356581.593,181.593,0.09,61.9,0.08,145.9,0.1,141.36,0.11,168.62,0.9,13.56,0.89,222.62,0.91,71.0,0.92,145.9,0.01,0.01,2337.793378,1776356580000
1776356581.875,181.875,0.09,5.69,0.08,145.9,0.1,314.36,0.11,179.04,0.9,264.36,0.89,179.04,0.91,56.79,0.92,145.9,0.01,0.01,2337.793378,1776356580000
1776356582.144,182.144,0.08,142.44,0.07,274.0,0.1,329.36,0.11,179.04,0.9,319.36,0.89,179.04,0.91,1.62,0.92,145.9,0.02,0.01,2337.793378,1776356580000
1776356582.705,182.705,0.08,79.85,0.07,274.0,0.09,65.73,0.1,234.06,0.91,15.23,0.9,239.06,0.92,139.85,0.93,274.0,0.01,0.01,2337.767355,1776356581000
1776356583.173,183.173,0.08,10.95,0.07,24.0,0.09,124.34,0.1,244.06,0.91,65.73,0.9,234.06,0.92,79.85,0.93,274.0,0.01,0.01,2337.767355,1776356581000
1776356583.951,183.951,0.07,23.32,0.06,59.0,0.09,104.34,0.1,259.06,0.91,124.34,0.9,244.06,0.92,0.95,0.93,24.0,0.02,0.01,2337.354743,1776356582000
1776356584.209,184.209,0.07,19.01,0.06,59.0,0.08,133.5,0.09,85.34,0.91,104.34,0.9,259.06,0.93,21.7,0.94,59.0,0.01,0.02,2337.354743,1776356582000
1776356584.588,184.588,0.06,32.77,0.05,45.0,0.07,10.5,0.08,254.56,0.92,193.56,0.91,90.34,0.94,35.43,0.95,45.0,0.01,0.02,2337.244559,1776356583000
1776356585.024,185.024,0.06,32.77,0.05,45.0,0.07,93.3,0.08,218.4,0.93,10.5,0.92,254.56,0.94,32.77,0.95,45.0,0.01,0.01,2337.244559,1776356583000
1776356585.301,185.301,0.06,27.46,0.05,45.0,0.07,114.3,0.08,218.4,0.93,93.3,0.92,218.4,0.94,32.77,0.95,45.0,0.01,0.01,2337.241989,1776356584000
1776356585.551,185.551,0.06,22.46,0.05,45.0,0.07,114.3,0.08,218.4,0.93,114.3,0.92,218.4,0.94,27.46,0.95,45.0,0.01,0.01,2337.241989,1776356584000
1776356586.214,186.214,0.06,6.77,0.05,45.0,0.07,154.3,0.08,218.4,0.93,114.3,0.92,218.4,0.94,12.09,0.95,45.0,0.01,0.01,2337.241989,1776356584000
1776356586.587,186.587,0.06,3.97,0.05,45.0,0.07,154.3,0.08,218.4,0.93,154.3,0.92,218.4,0.94,6.77,0.95,45.0,0.01,0.01,2337.11067,1776356585000
1776356586.913,186.913,0.05,43.66,0.04,66.0,0.07,153.21,0.08,218.4,0.93,154.3,0.92,218.4,0.94,3.97,0.95,45.0,0.02,0.01,2337.11067,1776356585000
1776356587.998,187.998,0.05,42.6,0.04,66.0,0.06,15.0,0.07,134.21,0.93,153.21,0.92,218.4,0.95,43.66,0.96,66.0,0.01,0.02,2337.099391,1776356586000
1776356588.882,188.882,0.05,18.42,0.04,66.0,0.06,149.3,0.07,134.21,0.94,15.0,0.93,134.21,0.95,42.6,0.96,66.0,0.01,0.01,2337.099391,1776356586000
1776356589.997,189.997,0.03,305.32,0.02,453.7,0.06,149.3,0.07,134.21,0.94,149.3,0.93,134.21,0.95,18.42,0.96,66.0,0.03,0.01,2337.038722,1776356588000
1776356590.333,190.333,0.03,303.77,0.02,453.7,0.04,134.0,0.06,109.3,0.94,149.3,0.93,134.21,0.97,305.32,0.98,453.7,0.01,0.03,2336.976954,1776356589000
1776356590.6,190.6,0.03,287.73,0.02,453.7,0.04,139.0,0.06,109.3,0.96,139.0,0.94,109.3,0.97,288.77,0.98,453.7,0.01,0.01,2336.976954,1776356589000
1776356590.897,190.897,0.03,287.73,0.02,453.7,0.04,40.0,0.06,109.3,0.96,139.0,0.94,109.3,0.97,287.73,0.98,453.7,0.01,0.01,2336.976954,1776356589000
1776356591.21,191.21,0.03,292.73,0.02,453.7,0.07,140.18,0.08,74.4,0.96,40.0,0.94,109.3,0.97,287.73,0.98,453.7,0.04,0.01,2336.908665,1776356590000
1776356591.628,191.628,0.05,10.0,0.04,10.0,0.08,34.05,0.09,108.11,0.93,140.18,0.92,74.4,0.97,292.73,0.98,453.7,0.03,0.04,2336.908665,1776356590000
1776356591.838,191.838,0.04,10.0,0.03,191.03,0.07,29.5,0.08,57.05,0.92,34.05,0.91,108.11,0.95,10.0,0.96,10.0,0.03,0.03,2336.908665,1776356590000
1776356592.091,192.091,0.03,120.03,0.02,453.7,0.06,25.5,0.07,44.5,0.94,15.5,0.93,44.5,0.95,5.0,0.96,10.0,0.03,0.01,2336.908665,1776356590000
1776356592.711,192.711,0.04,8.93,0.03,115.03,0.05,40.5,0.06,48.5,0.94,25.5,0.93,44.5,0.97,120.03,0.98,453.7,0.01,0.03,2336.861815,1776356591000
1776356593.944,193.944,0.04,5.72,0.03,110.03,0.05,139.3,0.06,100.05,0.95,40.5,0.94,48.5,0.96,8.93,0.97,115.03,0.01,0.01,2336.823567,1776356592000
1776356594.239,194.239,0.03,99.3,0.02,265.0,0.05,87.5,0.06,100.05,0.95,139.3,0.94,100.05,0.96,0.51,0.97,110.03,0.02,0.01,2336.794787,1776356593000
1776356594.547,194.547,0.03,97.33,0.02,448.7,0.04,15.71,0.05,47.5,0.95,87.5,0.94,100.05,0.97,99.3,0.98,265.0,0.01,0.02,2336.794787,1776356593000
1776356596.975,196.975,0.03,592.22,0.02,265.0,0.04,20.71,0.05,118.3,0.96,15.71,0.95,47.5,0.97,97.33,0.98,448.7,0.01,0.01,2336.410796,1776356595000
1776356598.032,198.032,0.03,375.76,0.02,265.0,0.04,45.71,0.05,118.3,0.96,25.71,0.95,118.3,0.97,380.87,0.98,265.0,0.01,0.01,2336.313936,1776356596000
1776356598.621,198.621,0.03,317.19,0.02,265.0,0.04,45.71,0.05,118.3,0.96,45.71,0.95,118.3,0.97,375.76,0.98,265.0,0.01,0.01,2336.311576,1776356597000
1776356599.514,199.514,0.03,312.04,0.02,265.0,0.04,172.41,0.05,96.3,0.96,45.71,0.95,118.3,0.97,317.19,0.98,265.0,0.01,0.01,2336.295816,1776356598000
1776356600.525,200.525,0.03,312.04,0.02,265.0,0.04,159.54,0.05,101.56,0.96,172.41,0.95,96.3,0.97,312.04,0.98,265.0,0.01,0.01,2336.269498,1776356599000
1776356600.73,200.73,0.03,275.04,0.02,265.0,0.04,169.54,0.05,101.56,0.96,169.54,0.95,101.56,0.97,275.04,0.98,265.0,0.01,0.01,2336.269498,1776356599000
1776356600.949,200.949,0.03,33.04,0.02,265.0,0.04,169.54,0.05,101.56,0.96,169.54,0.95,101.56,0.97,39.04,0.98,265.0,0.01,0.01,2336.269498,1776356599000
1776356601.326,201.326,0.02,236.42,0.01,2261.29,0.03,169.96,0.04,151.54,0.97,5.96,0.96,169.54,0.98,265.0,0.99,2261.29,0.01,0.01,2336.269498,1776356599000
1776356601.792,201.792,0.02,266.42,0.01,2266.29,0.03,169.96,0.04,151.54,0.97,169.96,0.96,151.54,0.98,236.42,0.99,2261.29,0.01,0.01,2335.975665,1776356600000
1776356602.035,202.035,0.02,261.42,0.01,2261.29,0.03,169.96,0.04,144.54,0.97,169.96,0.96,151.54,0.98,266.42,0.99,2266.29,0.01,0.01,2335.975665,1776356600000
1776356604.173,204.173,0.02,250.42,0.01,2266.29,0.03,179.43,0.04,124.54,0.97,169.96,0.96,144.54,0.98,261.42,0.99,2261.29,0.01,0.01,2335.832471,1776356602000
1776356604.973,204.973,0.02,16.33,0.01,2266.29,0.03,146.54,0.04,20.84,0.97,179.43,0.96,124.54,0.98,220.42,0.99,2266.29,0.01,0.01,2335.933963,1776356603000
1776356605.647,205.647,0.02,16.33,0.01,2566.29,0.03,137.27,0.04,129.54,0.97,146.54,0.96,20.84,0.98,16.33,0.99,2266.29,0.01,0.01,2335.933963,1776356603000
1776356606.012,206.012,0.02,15.0,0.01,2566.29,0.03,110.27,0.04,129.54,0.97,137.27,0.96,129.54,0.98,16.33,0.99,2566.29,0.01,0.01,2336.043221,1776356604000
1776356608.478,208.478,0.02,8.0,0.01,2266.29,0.03,166.54,0.04,152.54,0.97,110.27,0.96,129.54,0.98,15.0,0.99,2566.29,0.01,0.01,2336.271672,1776356607000
1776356609.529,209.529,0.01,2266.1,,,0.03,166.54,0.04,152.54,0.97,157.27,0.96,152.54,0.98,4.92,0.99,2266.29,0.02,0.01,2336.323405,1776356608000
1776356609.861,209.861,0.01,2266.1,,,0.02,101.79,0.03,150.27,0.97,166.54,0.96,152.54,0.99,2266.1,,,0.01,0.02,2336.323405,1776356608000
1776356610.168,210.168,0.01,2256.1,,,0.02,106.79,0.03,160.77,0.98,101.79,0.97,150.27,0.99,2266.1,,,0.01,0.01,2336.323405,1776356608000
1776356611.403,211.403,0.01,2026.1,,,0.02,116.79,0.03,284.47,0.98,106.79,0.97,160.77,0.99,2256.1,,,0.01,0.01,2336.154245,1776356610000
1776356611.941,211.941,0.01,1617.5,,,0.02,116.79,0.03,308.47,0.98,116.79,0.97,284.47,0.99,2026.1,,,0.01,0.01,2336.154245,1776356610000
1776356613.257,213.257,0.01,1605.5,,,0.02,15.0,0.03,427.47,0.98,116.79,0.97,308.47,0.99,1610.5,,,0.01,0.01,2336.141744,1776356612000
1776356613.836,213.836,0.01,1594.8,,,0.02,15.0,0.03,427.47,0.98,15.0,0.97,427.47,0.99,1605.5,,,0.01,0.01,2336.141744,1776356612000
1776356614.912,214.912,0.01,1574.59,,,0.02,198.7,0.03,500.47,0.98,15.0,0.97,427.47,0.99,1594.8,,,0.01,0.01,2335.858708,1776356613000
1776356615.829,215.829,0.01,1342.56,,,0.02,22.0,0.03,400.47,0.98,198.7,0.97,500.47,0.99,1372.56,,,0.01,0.01,2335.65131,1776356614000
1776356616.215,216.215,0.01,1342.56,,,0.02,8.53,0.03,400.47,0.98,22.0,0.97,400.47,0.99,1342.56,,,0.01,0.01,2335.65131,1776356614000
1776356616.465,216.465,0.01,1298.1,,,0.02,1.53,0.03,400.47,0.98,8.53,0.97,400.47,0.99,1342.56,,,0.01,0.01,2335.655615,1776356615000
1776356617.155,217.155,0.01,1242.84,,,0.02,1.53,0.03,401.47,0.98,1.53,0.97,401.47,0.99,1272.84,,,0.01,0.01,2335.655615,1776356615000
1776356618.37,218.37,0.01,1212.84,,,0.02,1.53,0.03,401.47,0.98,1.53,0.97,401.47,0.99,1242.84,,,0.01,0.01,2335.412678,1776356617000
1776356618.968,218.968,0.01,1207.84,,,0.02,8.53,0.03,409.66,0.98,1.53,0.97,401.47,0.99,1212.84,,,0.01,0.01,2335.412678,1776356617000
1776356619.282,219.282,0.01,446.88,,,0.02,8.53,0.03,401.47,0.98,8.53,0.97,409.66,0.99,448.88,,,0.01,0.01,2335.531707,1776356618000
1776356619.962,219.962,0.01,424.68,,,0.02,8.53,0.03,401.47,0.98,8.53,0.97,409.66,0.99,444.88,,,0.01,0.01,2335.531707,1776356618000
1776356620.901,220.901,0.01,393.66,,,0.02,8.53,0.03,401.47,0.98,8.53,0.97,401.47,0.99,394.68,,,0.01,0.01,2335.547197,1776356619000
1776356621.323,221.323,0.01,392.64,,,0.02,8.53,0.03,401.47,0.98,8.53,0.97,401.47,0.99,393.66,,,0.01,0.01,2335.547197,1776356619000
1776356621.87,221.87,0.01,362.64,,,0.02,228.73,0.03,400.47,0.98,8.53,0.97,401.47,0.99,392.64,,,0.01,0.01,2335.633191,1776356620000
1776356622.197,222.197,0.01,361.62,,,0.02,228.73,0.03,400.47,0.98,228.73,0.97,400.47,0.99,362.64,,,0.01,0.01,2335.555185,1776356621000
1776356622.455,222.455,0.01,236.37,,,0.02,212.73,0.03,500.47,0.98,228.73,0.97,400.47,0.99,361.62,,,0.01,0.01,2335.555185,1776356621000
1776356623.202,223.202,0.01,168.37,,,0.02,212.73,0.03,800.47,0.98,212.73,0.97,500.47,0.99,206.37,,,0.01,0.01,2335.535911,1776356622000
1776356623.95,223.95,,,,,0.01,141.82,0.02,195.73,0.98,212.73,0.97,800.47,,,,,,,2335.535911,1776356622000
1776356624.509,224.509,,,,,0.01,136.45,0.02,195.73,0.99,137.61,0.98,195.73,,,,,,,2335.237985,1776356623000
1776356625.269,225.269,,,,,0.01,100.05,0.02,195.73,0.99,136.45,0.98,195.73,,,,,,,2335.214574,1776356624000
1776356625.787,225.787,,,,,0.01,80.05,0.02,1.53,0.99,100.05,0.98,195.73,,,,,,,2335.214574,1776356624000
1776356627.435,227.435,0.01,4.55,,,0.02,354.73,0.03,391.31,0.99,60.05,0.98,1.53,,,,,0.01,,2335.352981,1776356626000
1776356631.792,231.792,,,,,0.01,49.6,0.02,305.73,0.99,15.45,0.98,354.73,,,,,,,2335.365962,1776356630000
1776356632.16,232.16,,,,,0.01,410.63,0.02,305.73,0.99,49.6,0.98,305.73,,,,,,,2335.365962,1776356630000
1776356634.216,234.216,,,,,0.01,820.61,0.02,305.73,0.99,410.63,0.98,305.73,,,,,,,2335.243935,1776356633000
1776356636.066,236.066,,,,,0.01,619.92,0.02,305.73,0.99,820.61,0.98,305.73,,,,,,,2335.138486,1776356635000
1776356642.953,242.953,,,,,0.01,1093.19,0.02,593.7,0.99,619.92,0.98,305.73,,,,,,,2334.796313,1776356642000
1776356645.644,245.644,,,,,0.01,1077.37,0.02,193.7,0.99,1093.19,0.98,593.7,,,,,,,2334.59523,1776356644000
1776356646.297,246.297,,,,,0.01,8993.39,0.02,193.7,0.99,1077.37,0.98,193.7,,,,,,,2334.59523,1776356644000
1776356646.569,246.569,,,,,0.01,8973.39,0.02,193.7,0.99,8993.39,0.98,193.7,,,,,,,2334.709243,1776356645000
1776356647.331,247.331,,,,,0.01,9156.69,0.02,193.7,0.99,8973.39,0.98,193.7,,,,,,,2334.609469,1776356646000
1776356648.01,248.01,,,,,0.01,9142.39,0.02,193.7,0.99,9156.69,0.98,193.7,,,,,,,2334.609469,1776356646000
1776356648.441,248.441,,,,,0.01,9129.89,0.02,193.7,0.99,9142.39,0.98,193.7,,,,,,,2334.609469,1776356646000
1776356649.227,249.227,,,,,0.01,9128.59,0.02,193.7,0.99,9128.59,0.98,193.7,,,,,,,2333.97824,1776356647000
1776356649.877,249.877,,,,,0.01,9111.79,0.02,193.7,0.99,9319.49,0.98,193.7,,,,,,,2333.261455,1776356648000
1776356651.342,251.342,,,,,0.01,9027.79,0.02,193.7,0.99,9111.79,0.98,193.7,,,,,,,2332.933117,1776356650000
1776356651.699,251.699,,,,,0.01,9012.84,0.02,193.7,0.99,9027.79,0.98,193.7,,,,,,,2332.933117,1776356650000
1776356652.049,252.049,,,,,0.01,8996.14,0.02,193.7,0.99,9012.84,0.98,193.7,,,,,,,2332.933117,1776356650000
1776356652.421,252.421,,,,,0.01,8981.84,0.02,193.7,0.99,8996.14,0.98,193.7,,,,,,,2332.95218,1776356651000
1776356652.75,252.75,,,,,0.01,8969.34,0.02,193.7,0.99,8981.84,0.98,193.7,,,,,,,2332.95218,1776356651000
1776356653.133,253.133,,,,,0.01,8959.34,0.02,193.7,0.99,8969.34,0.98,193.7,,,,,,,2333.098655,1776356652000
1776356653.473,253.473,,,,,0.01,8950.24,0.02,193.7,0.99,8959.34,0.98,193.7,,,,,,,2333.098655,1776356652000
1776356653.896,253.896,,,,,0.01,8942.54,0.02,193.7,0.99,8950.24,0.98,193.7,,,,,,,2333.098655,1776356652000
1776356661.077,261.077,,,,,0.01,10720.05,0.02,198.7,0.99,8942.54,0.98,193.7,,,,,,,2333.595093,1776356659000
1776356665.362,265.362,,,,,0.01,9268.1,0.02,198.7,0.99,10720.05,0.98,198.7,,,,,,,2333.277453,1776356664000
1776356665.725,265.725,,,,,0.01,9248.1,0.02,198.7,0.99,9268.1,0.98,198.7,,,,,,,2333.277453,1776356664000
1776356666.056,266.056,,,,,0.01,9231.4,0.02,198.7,0.99,9248.1,0.98,198.7,,,,,,,2333.318972,1776356665000
1776356666.437,266.437,,,,,0.01,9217.1,0.02,198.7,0.99,9231.4,0.98,198.7,,,,,,,2333.318972,1776356665000
1776356666.781,266.781,,,,,0.01,9204.6,0.02,198.7,0.99,9217.1,0.98,198.7,,,,,,,2333.318972,1776356665000
1776356667.151,267.151,,,,,0.01,9194.6,0.02,198.7,0.99,9204.6,0.98,198.7,,,,,,,2333.479809,1776356666000
1776356667.476,267.476,,,,,0.01,9185.5,0.02,198.7,0.99,9194.6,0.98,198.7,,,,,,,2333.479809,1776356666000
1776356667.833,267.833,,,,,0.01,9177.8,0.02,198.7,0.99,9185.5,0.98,198.7,,,,,,,2333.479809,1776356666000
1776356668.799,268.799,,,,,0.01,9147.8,0.02,198.7,0.99,9177.8,0.98,198.7,,,,,,,2333.52189,1776356667000
1776356669.13,269.13,,,,,0.01,9127.8,0.02,198.7,0.99,9147.8,0.98,198.7,,,,,,,2333.422147,1776356668000
1776356669.503,269.503,,,,,0.01,9111.1,0.02,198.7,0.99,9127.8,0.98,198.7,,,,,,,2333.422147,1776356668000
1776356669.842,269.842,,,,,0.01,9096.8,0.02,198.7,0.99,9111.1,0.98,198.7,,,,,,,2333.422147,1776356668000
1776356670.161,270.161,,,,,0.01,9291.35,0.02,198.7,0.99,9096.8,0.98,198.7,,,,,,,2333.414598,1776356669000
1776356670.531,270.531,,,,,0.01,9485.68,0.02,198.7,0.99,9291.35,0.98,198.7,,,,,,,2333.414598,1776356669000
1776356670.864,270.864,,,,,0.01,9476.58,0.02,198.7,0.99,9485.68,0.98,198.7,,,,,,,2333.414598,1776356669000
1776356671.224,271.224,,,,,0.01,10106.88,0.02,198.7,0.99,9476.58,0.98,198.7,,,,,,,2333.402044,1776356670000
1776356681.703,281.703,,,,,0.01,9453.93,0.02,15.0,0.99,10106.88,0.98,198.7,,,,,,,2334.771328,1776356680000
1776356682.025,282.025,,,,,0.01,11081.93,0.02,15.0,0.99,9453.93,0.98,15.0,,,,,,,2334.771328,1776356680000
1776356682.352,282.352,,,,,0.01,11065.23,0.02,15.0,0.99,11081.93,0.98,15.0,,,,,,,2334.867082,1776356681000
1776356682.668,282.668,,,,,0.01,11050.93,0.02,15.0,0.99,11065.23,0.98,15.0,,,,,,,2334.867082,1776356681000
1776356682.999,282.999,,,,,0.01,11676.43,0.02,15.0,0.99,11050.93,0.98,15.0,,,,,,,2334.867082,1776356681000
1776356683.38,283.38,,,,,0.01,11768.43,0.02,15.0,0.99,11676.43,0.98,15.0,,,,,,,2334.925445,1776356682000
1776356683.701,283.701,,,,,0.01,11759.33,0.02,15.0,0.99,11768.43,0.98,15.0,,,,,,,2334.925445,1776356682000
1776356684.054,284.054,,,,,0.01,11726.65,0.02,15.0,0.99,11734.35,0.98,15.0,,,,,,,2334.925445,1776356682000
1776356684.943,284.943,,,,,0.01,11713.65,0.02,15.0,0.99,11726.65,0.98,15.0,,,,,,,2334.890344,1776356683000
1776356685.269,285.269,,,,,0.01,12603.65,0.02,15.0,0.99,11713.65,0.98,15.0,,,,,,,2334.818679,1776356684000
1776356685.607,285.607,,,,,0.01,12686.95,0.02,15.0,0.99,12603.65,0.98,15.0,,,,,,,2334.818679,1776356684000
1776356685.929,285.929,,,,,0.01,12677.7,0.02,15.0,0.99,12686.95,0.98,15.0,,,,,,,2334.818679,1776356684000
1776356686.233,286.233,,,,,0.01,12665.2,0.02,15.0,0.99,12677.7,0.98,15.0,,,,,,,2334.698971,1776356685000
1776356686.602,286.602,,,,,0.01,12655.2,0.02,15.0,0.99,12665.2,0.98,15.0,,,,,,,2334.698971,1776356685000
1776356686.929,286.929,,,,,0.01,12651.1,0.02,15.0,0.99,12655.2,0.98,15.0,,,,,,,2334.698971,1776356685000
1776356687.292,287.292,,,,,0.01,12603.0,0.02,15.0,0.99,12651.1,0.98,15.0,,,,,,,2334.797238,1776356686000
1776356695.64,295.64,,,,,0.01,13633.9,0.02,15.0,0.99,12603.0,0.98,15.0,,,,,,,2335.004683,1776356694000

# RESULT,winner=Down,slug=eth-updown-5m-1776356400,ticks=354
