timestamp,elapsed_sec,up_bid_p1,up_bid_s1,up_bid_p2,up_bid_s2,up_ask_p1,up_ask_s1,up_ask_p2,up_ask_s2,down_bid_p1,down_bid_s1,down_bid_p2,down_bid_s2,down_ask_p1,down_ask_s1,down_ask_p2,down_ask_s2,up_spread,down_spread,eth_price,eth_oracle_ts
1776212101.169,1.169,,,,,,,,,,,,,,,,,,,2339.004196,1776212100000
1776212101.462,1.462,0.46,23.24,0.45,70.0,0.47,108.86,0.48,60.08,0.53,113.86,0.52,60.08,0.54,23.24,0.55,75.0,0.01,0.01,2339.004196,1776212100000
1776212101.766,1.766,0.46,14.53,0.44,5.0,0.47,104.86,0.48,65.08,0.53,113.86,0.52,60.08,0.54,23.24,0.55,75.0,0.01,0.01,2339.004196,1776212100000
1776212102.035,2.035,0.45,5.0,0.44,5.0,0.47,102.51,0.48,65.08,0.53,104.86,0.52,65.08,0.56,5.0,0.57,5.0,0.02,0.03,2339.004196,1776212100000
1776212102.864,2.864,0.46,5.0,0.42,10.0,0.47,110.97,0.48,70.08,0.53,93.97,0.52,65.08,0.54,5.0,0.59,5.0,0.01,0.01,2339.187919,1776212101000
1776212103.125,3.125,0.46,5.0,0.42,10.0,0.47,110.97,0.48,70.08,0.53,110.97,0.52,70.08,0.54,5.0,0.58,10.0,0.01,0.01,2339.232302,1776212102000
1776212103.455,3.455,0.39,5.91,0.38,5.0,0.42,10.0,0.44,70.0,0.53,110.97,0.52,70.08,0.54,5.0,0.58,10.0,0.03,0.01,2339.232302,1776212102000
1776212103.95,3.95,0.4,3.91,0.39,10.0,0.41,15.0,0.42,25.0,0.58,25.0,0.56,70.0,0.63,15.0,0.66,10.0,0.01,0.05,2339.232302,1776212102000
1776212104.169,4.169,0.36,5.0,0.35,10.0,0.37,7.93,0.38,88.06,0.59,15.0,0.58,25.0,0.6,2.07,0.61,10.0,0.01,0.01,2338.82148,1776212103000
1776212104.476,4.476,0.33,10.0,0.32,10.0,0.35,37.69,0.36,65.0,0.63,7.93,0.62,88.06,0.64,5.0,0.65,10.0,0.02,0.01,2338.82148,1776212103000
1776212104.693,4.693,0.33,10.0,0.32,10.0,0.34,9.0,0.35,40.0,0.65,45.0,0.64,65.0,0.68,10.0,0.69,385.0,0.01,0.03,2338.82148,1776212103000
1776212104.931,4.931,0.34,50.7,0.32,15.0,0.35,40.0,0.36,10.0,0.66,9.0,0.65,40.0,0.67,2.65,0.68,10.0,0.01,0.01,2338.82148,1776212103000
1776212105.168,5.168,0.34,50.54,0.32,15.0,0.35,40.0,0.36,10.0,0.65,40.0,0.64,10.0,0.66,50.54,0.68,15.0,0.01,0.01,2338.52868,1776212104000
1776212105.398,5.398,0.34,43.19,0.32,10.0,0.35,50.0,0.36,60.0,0.65,40.0,0.64,10.0,0.66,50.54,0.68,15.0,0.01,0.01,2338.52868,1776212104000
1776212105.8,5.8,0.34,24.22,0.32,10.0,0.35,77.86,0.36,121.0,0.65,77.86,0.64,110.0,0.66,33.19,0.68,10.0,0.01,0.01,2338.52868,1776212104000
1776212106.0,6.0,0.34,2.39,0.33,10.0,0.35,77.86,0.36,121.0,0.65,77.86,0.64,121.0,0.66,7.39,0.68,10.0,0.01,0.01,2338.52868,1776212104000
1776212106.203,6.203,0.33,7.39,0.32,10.0,0.35,83.0,0.36,121.0,0.65,79.86,0.64,121.0,0.66,2.39,0.67,10.0,0.02,0.01,2337.948591,1776212105000
1776212106.786,6.786,0.33,2.39,0.32,15.0,0.34,29.0,0.35,89.0,0.65,78.0,0.64,110.0,0.67,12.39,0.68,15.0,0.01,0.02,2337.948591,1776212105000
1776212107.295,7.295,0.33,2.39,0.32,15.0,0.34,29.0,0.35,89.0,0.66,29.0,0.65,89.0,0.67,2.39,0.68,15.0,0.01,0.01,2337.345629,1776212106000
1776212107.588,7.588,0.32,5.0,0.31,31.0,0.33,40.0,0.34,77.0,0.67,40.0,0.66,77.0,0.68,10.0,0.69,31.0,0.01,0.01,2337.345629,1776212106000
1776212107.924,7.924,0.32,8.38,0.31,31.0,0.33,115.0,0.34,82.0,0.67,40.0,0.66,77.0,0.68,5.0,0.69,31.0,0.01,0.01,2337.345629,1776212106000
1776212108.357,8.357,0.32,8.38,0.31,31.0,0.33,115.0,0.34,82.0,0.67,115.0,0.66,82.0,0.68,8.38,0.69,31.0,0.01,0.01,2337.278164,1776212107000
1776212108.795,8.795,0.32,6.9,0.31,20.0,0.33,115.0,0.34,82.0,0.67,115.0,0.66,82.0,0.68,8.38,0.69,31.0,0.01,0.01,2337.278164,1776212107000
1776212109.312,9.312,0.31,0.42,0.3,40.0,0.33,130.0,0.34,92.0,0.67,120.0,0.66,92.0,0.68,5.42,0.69,20.0,0.02,0.01,2337.253544,1776212108000
1776212109.878,9.878,0.31,0.42,0.3,40.0,0.33,130.0,0.34,92.0,0.67,130.0,0.66,92.0,0.69,0.42,0.7,40.0,0.02,0.02,2337.292389,1776212109000
1776212110.216,10.216,0.32,3.91,0.31,16.0,0.33,130.0,0.34,92.0,0.67,130.0,0.66,92.0,0.69,0.42,0.7,40.0,0.01,0.02,2337.292389,1776212109000
1776212110.463,10.463,0.31,14.85,0.3,40.0,0.33,106.53,0.34,87.0,0.68,16.71,0.67,120.0,0.69,14.85,0.7,40.0,0.02,0.01,2337.292389,1776212109000
1776212110.85,10.85,0.31,14.85,0.3,40.0,0.33,106.53,0.34,87.0,0.67,106.53,0.66,87.0,0.69,14.85,0.7,40.0,0.02,0.02,2337.327393,1776212110000
1776212111.36,11.36,0.31,19.85,0.3,50.05,0.33,95.0,0.34,87.0,0.67,106.53,0.66,87.0,0.69,14.85,0.7,40.0,0.02,0.02,2337.327393,1776212110000
1776212111.96,11.96,0.31,6.95,0.3,50.05,0.33,90.0,0.34,87.0,0.67,90.0,0.66,87.0,0.69,6.95,0.7,50.05,0.02,0.02,2337.308673,1776212111000
1776212112.699,12.699,0.31,22.5,0.3,60.05,0.32,15.0,0.33,95.0,0.67,90.0,0.66,87.0,0.69,6.95,0.7,50.05,0.01,0.02,2337.308673,1776212111000
1776212113.179,13.179,0.31,7.5,0.3,60.05,0.32,15.0,0.33,95.0,0.68,15.0,0.67,95.0,0.69,7.5,0.7,60.05,0.01,0.01,2337.309189,1776212112000
1776212113.445,13.445,0.31,7.97,0.3,50.05,0.32,25.0,0.33,95.0,0.68,30.0,0.67,95.0,0.69,2.5,0.7,50.05,0.01,0.01,2337.309189,1776212112000
1776212113.979,13.979,0.31,7.97,0.3,50.05,0.32,20.0,0.33,95.0,0.68,25.0,0.67,95.0,0.69,7.97,0.7,50.05,0.01,0.01,2337.309189,1776212112000
1776212114.541,14.541,0.31,7.97,0.3,50.05,0.32,20.0,0.33,95.0,0.68,20.0,0.67,95.0,0.69,7.97,0.7,50.05,0.01,0.01,2337.306018,1776212113000
1776212114.842,14.842,0.23,9.9,0.22,10.0,0.27,10.0,0.28,6.94,0.7,10.0,0.69,10.0,0.75,55.0,0.76,10.0,0.04,0.05,2337.306018,1776212113000
1776212115.182,15.182,0.23,5.48,0.22,10.0,0.25,180.0,0.26,10.0,0.75,180.0,0.74,10.0,0.77,5.48,0.78,10.0,0.02,0.02,2337.300005,1776212114000
1776212115.446,15.446,0.23,12.58,0.22,10.0,0.25,200.0,0.26,25.0,0.75,180.0,0.74,10.0,0.77,5.48,0.78,10.0,0.02,0.02,2337.300005,1776212114000
1776212115.791,15.791,0.23,13.9,0.22,10.0,0.25,255.0,0.26,25.0,0.75,200.0,0.74,25.0,0.77,11.15,0.78,10.0,0.02,0.02,2337.300005,1776212114000
1776212116.22,16.22,0.24,6.0,0.23,10.0,0.25,344.0,0.26,25.0,0.75,244.0,0.74,25.0,0.77,19.57,0.78,10.0,0.01,0.02,2337.300005,1776212114000
1776212116.442,16.442,0.23,2.93,0.22,10.0,0.25,339.0,0.26,148.0,0.75,344.0,0.74,135.0,0.77,2.93,0.78,10.0,0.02,0.02,2337.300005,1776212114000
1776212116.994,16.994,0.23,7.93,0.22,10.0,0.25,374.0,0.26,158.0,0.75,344.0,0.74,143.0,0.76,0.86,0.77,2.93,0.02,0.01,2337.300005,1776212114000
1776212117.354,17.354,0.23,2.93,0.22,10.0,0.25,394.0,0.26,158.0,0.75,374.0,0.74,158.0,0.77,7.93,0.78,10.0,0.02,0.02,2337.033118,1776212115000
1776212117.824,17.824,0.24,10.0,0.23,2.93,0.25,242.0,0.26,135.0,0.75,394.0,0.74,158.0,0.77,2.93,0.78,10.0,0.01,0.02,2337.033118,1776212115000
1776212118.124,18.124,0.24,20.0,0.23,2.93,0.25,246.93,0.26,135.0,0.75,242.0,0.74,135.0,0.76,10.0,0.77,2.93,0.01,0.01,2336.41624,1776212116000
1776212118.571,18.571,0.24,121.36,0.23,389.93,0.25,246.93,0.26,115.0,0.75,246.93,0.74,115.0,0.76,0.91,0.77,10.93,0.01,0.01,2336.41624,1776212116000
1776212118.847,18.847,0.24,73.91,0.23,97.93,0.25,251.93,0.26,115.0,0.75,246.93,0.74,115.0,0.76,79.34,0.77,313.93,0.01,0.01,2336.421371,1776212117000
1776212119.216,19.216,0.24,44.91,0.23,21.93,0.25,232.53,0.26,115.0,0.75,247.53,0.74,115.0,0.76,41.91,0.77,155.93,0.01,0.01,2336.421371,1776212117000
1776212120.886,20.886,0.24,0.91,0.23,2.93,0.25,222.53,0.26,115.0,0.75,222.53,0.74,115.0,0.76,0.91,0.77,2.93,0.01,0.01,2336.620187,1776212119000
1776212121.25,21.25,0.26,13.0,0.25,15.0,0.3,97.76,0.31,110.0,0.75,12.0,0.74,10.0,0.76,15.91,0.77,25.93,0.04,0.01,2336.620187,1776212119000
1776212121.595,21.595,0.27,8.56,0.26,13.0,0.29,20.0,0.3,6.0,0.7,97.76,0.69,110.0,0.74,13.0,0.75,15.0,0.02,0.04,2336.620187,1776212119000
1776212122.397,22.397,0.26,6.03,0.25,10.0,0.29,20.0,0.3,6.0,0.71,20.0,0.7,6.0,0.74,6.03,0.75,10.0,0.03,0.03,2336.584826,1776212121000
1776212122.754,22.754,0.26,16.03,0.25,100.0,0.27,31.92,0.28,20.0,0.73,36.0,0.72,20.0,0.74,16.03,0.75,100.0,0.01,0.01,2336.584826,1776212121000
1776212123.23,23.23,0.26,11.03,0.25,100.0,0.27,52.84,0.28,20.0,0.73,31.92,0.72,20.0,0.74,16.03,0.75,100.0,0.01,0.01,2336.584826,1776212121000
1776212123.588,23.588,0.26,6.03,0.25,100.0,0.27,40.0,0.28,20.0,0.73,52.84,0.72,20.0,0.74,11.03,0.75,100.0,0.01,0.01,2336.917955,1776212122000
1776212124.051,24.051,0.24,10.0,0.23,120.31,0.25,38.6,0.26,20.0,0.73,40.92,0.72,20.0,0.75,100.0,0.76,110.0,0.01,0.02,2336.917955,1776212122000
1776212124.315,24.315,0.23,148.0,0.22,135.0,0.24,10.0,0.25,13.6,0.75,33.6,0.74,20.0,0.77,113.0,0.78,100.0,0.01,0.02,2336.917955,1776212122000
1776212124.607,24.607,0.23,95.31,0.22,54.24,0.24,0.41,0.25,13.0,0.76,10.0,0.75,13.6,0.77,148.0,0.78,135.0,0.01,0.01,2336.917955,1776212122000
1776212125.053,25.053,0.23,121.31,0.22,68.0,0.25,13.0,0.27,80.0,0.76,0.41,0.75,13.0,0.77,95.31,0.78,54.24,0.02,0.01,2336.830419,1776212123000
1776212125.428,25.428,0.24,35.0,0.23,119.94,0.25,7.93,0.26,10.0,0.75,7.93,0.74,10.0,0.76,35.0,0.77,119.94,0.01,0.01,2336.806756,1776212124000
1776212125.72,25.72,0.23,79.07,0.22,35.0,0.24,20.0,0.25,12.93,0.75,42.93,0.74,15.0,0.76,39.61,0.77,43.94,0.01,0.01,2336.806756,1776212124000
1776212126.254,26.254,0.24,33.55,0.23,90.07,0.25,22.93,0.27,80.0,0.76,15.0,0.75,12.93,0.77,90.07,0.78,68.0,0.01,0.01,2336.806756,1776212124000
1776212126.749,26.749,0.24,133.1,0.23,153.31,0.25,12.93,0.27,80.0,0.75,22.93,0.73,80.0,0.76,33.55,0.77,90.07,0.01,0.01,2336.68468,1776212125000
1776212127.075,27.075,0.24,133.1,0.23,153.31,0.25,12.93,0.27,80.0,0.75,12.93,0.73,80.0,0.76,133.1,0.77,153.31,0.01,0.01,2336.755211,1776212126000
1776212127.35,27.35,0.23,69.98,0.22,25.0,0.25,27.93,0.26,10.0,0.75,12.93,0.73,80.0,0.76,133.1,0.77,153.31,0.02,0.01,2336.755211,1776212126000
1776212128.065,28.065,0.23,175.94,0.22,75.0,0.24,5.0,0.25,17.93,0.75,27.93,0.74,10.0,0.77,69.98,0.78,25.0,0.01,0.02,2336.755211,1776212126000
1776212128.49,28.49,0.23,183.11,0.22,55.0,0.24,5.0,0.25,17.93,0.76,5.0,0.75,17.93,0.77,179.48,0.78,55.0,0.01,0.01,2336.755211,1776212126000
1776212129.182,29.182,0.27,87.45,0.26,53.0,0.28,25.0,0.29,21.23,0.76,5.0,0.75,17.93,0.77,183.11,0.78,55.0,0.01,0.01,2336.786932,1776212127000
1776212129.732,29.732,0.27,110.05,0.26,70.0,0.28,25.0,0.29,31.23,0.72,25.0,0.71,21.23,0.73,91.01,0.74,53.0,0.01,0.01,2336.735023,1776212128000
1776212130.021,30.021,0.27,76.05,0.26,70.0,0.28,35.0,0.29,31.23,0.72,25.0,0.71,31.23,0.73,110.05,0.74,70.0,0.01,0.01,2336.735023,1776212128000
1776212130.265,30.265,0.27,105.05,0.26,70.0,0.28,12.5,0.29,36.23,0.72,16.25,0.71,36.23,0.73,105.05,0.74,70.0,0.01,0.01,2336.71971,1776212129000
1776212130.716,30.716,0.28,145.0,0.27,73.05,0.29,42.1,0.3,80.71,0.72,3.75,0.71,36.23,0.73,110.05,0.74,70.0,0.01,0.01,2336.71971,1776212129000
1776212131.078,31.078,0.28,118.86,0.27,73.05,0.29,38.3,0.3,80.71,0.71,42.1,0.7,80.71,0.72,134.86,0.73,73.05,0.01,0.01,2336.71971,1776212129000
1776212131.649,31.649,0.28,118.86,0.27,73.05,0.29,38.3,0.3,80.71,0.71,38.3,0.7,80.71,0.72,118.86,0.73,73.05,0.01,0.01,2336.969971,1776212130000
1776212131.988,31.988,0.28,54.86,0.27,58.05,0.29,16.2,0.3,85.71,0.71,38.3,0.7,80.71,0.72,118.86,0.73,73.05,0.01,0.01,2336.969971,1776212130000
1776212132.609,32.609,0.27,42.0,0.26,53.13,0.29,41.2,0.3,85.71,0.71,41.2,0.7,85.71,0.73,42.0,0.74,53.13,0.02,0.02,2337.027576,1776212131000
1776212133.276,33.276,0.27,42.0,0.26,53.13,0.29,41.2,0.3,85.71,0.71,41.2,0.7,85.71,0.73,42.0,0.74,53.13,0.02,0.02,2337.046862,1776212132000
1776212133.617,33.617,0.26,47.13,0.25,50.0,0.27,55.0,0.28,30.0,0.71,41.2,0.7,85.71,0.73,42.0,0.74,53.13,0.01,0.02,2337.046862,1776212132000
1776212133.906,33.906,0.26,33.13,0.25,25.0,0.27,60.0,0.28,30.0,0.73,55.0,0.72,30.0,0.74,47.13,0.75,50.0,0.01,0.01,2337.046862,1776212132000
1776212134.473,34.473,0.26,33.13,0.25,25.0,0.27,60.0,0.28,30.0,0.73,60.0,0.72,30.0,0.74,33.13,0.75,25.0,0.01,0.01,2336.973794,1776212133000
1776212134.793,34.793,0.26,18.13,0.25,30.0,0.27,65.0,0.28,30.0,0.73,60.0,0.72,30.0,0.74,33.13,0.75,25.0,0.01,0.01,2336.973794,1776212133000
1776212135.063,35.063,0.26,18.13,0.25,30.0,0.27,65.0,0.28,30.0,0.73,65.0,0.72,30.0,0.74,18.13,0.75,30.0,0.01,0.01,2336.941055,1776212134000
1776212136.097,36.097,0.26,21.64,0.25,30.0,0.27,65.0,0.28,30.0,0.73,65.0,0.72,30.0,0.74,21.64,0.75,30.0,0.01,0.01,2336.87434,1776212135000
1776212136.676,36.676,0.25,17.44,0.23,39.11,0.26,61.0,0.27,51.0,0.73,75.0,0.72,138.0,0.75,35.0,0.77,39.11,0.01,0.02,2336.87434,1776212135000
1776212136.877,36.877,0.25,16.06,0.23,39.11,0.26,104.94,0.27,25.0,0.74,61.0,0.73,51.0,0.75,17.44,0.77,39.11,0.01,0.01,2336.87434,1776212135000
1776212137.088,37.088,0.25,16.06,0.23,39.11,0.26,157.9,0.27,30.0,0.74,104.94,0.73,25.0,0.75,16.06,0.77,39.11,0.01,0.01,2336.87434,1776212135000
1776212137.797,37.797,0.25,6.06,0.23,39.11,0.26,149.82,0.27,40.0,0.74,153.82,0.73,30.0,0.75,16.06,0.77,39.11,0.01,0.01,2336.881492,1776212136000
1776212138.228,38.228,0.25,1.06,0.24,11.0,0.26,228.82,0.27,221.0,0.74,149.82,0.73,40.0,0.75,6.06,0.77,39.11,0.01,0.01,2336.881492,1776212136000
1776212138.964,38.964,0.24,7.04,0.23,29.11,0.26,228.82,0.27,221.0,0.74,228.82,0.73,221.0,0.76,7.04,0.77,29.11,0.02,0.02,2336.742301,1776212138000
1776212139.351,39.351,0.23,53.11,0.22,45.0,0.24,17.25,0.25,80.0,0.74,228.82,0.73,221.0,0.76,7.04,0.77,29.11,0.01,0.02,2336.742301,1776212138000
1776212139.833,39.833,0.23,27.74,0.22,45.0,0.24,53.25,0.25,85.0,0.76,17.25,0.75,80.0,0.77,53.11,0.78,45.0,0.01,0.01,2336.742301,1776212138000
1776212140.057,40.057,0.23,27.74,0.22,45.0,0.24,53.25,0.25,85.0,0.76,53.25,0.75,85.0,0.77,27.74,0.78,45.0,0.01,0.01,2336.6615,1776212139000
1776212141.073,41.073,0.23,27.74,0.22,45.0,0.24,53.25,0.25,85.0,0.76,53.25,0.75,85.0,0.77,27.74,0.78,45.0,0.01,0.01,2336.5962,1776212140000
1776212141.871,41.871,0.23,78.74,0.22,70.0,0.24,25.0,0.25,132.62,0.76,25.0,0.75,122.62,0.77,83.74,0.78,70.0,0.01,0.01,2336.5962,1776212140000
1776212142.109,42.109,0.23,78.74,0.22,70.0,0.24,25.0,0.25,132.62,0.76,25.0,0.75,132.62,0.77,78.74,0.78,70.0,0.01,0.01,2336.67623,1776212141000
1776212143.174,43.174,0.23,77.37,0.22,80.0,0.24,25.0,0.25,132.62,0.76,25.0,0.75,132.62,0.77,77.37,0.78,80.0,0.01,0.01,2336.66591,1776212142000
1776212143.691,43.691,0.23,11.37,0.22,60.0,0.24,39.0,0.25,40.0,0.76,25.0,0.75,132.62,0.77,77.37,0.78,80.0,0.01,0.01,2336.66591,1776212142000
1776212144.233,44.233,0.23,11.37,0.22,60.0,0.24,39.0,0.25,40.0,0.76,39.0,0.75,40.0,0.77,11.37,0.78,60.0,0.01,0.01,2336.710404,1776212143000
1776212144.798,44.798,0.23,13.37,0.22,106.0,0.24,94.0,0.25,50.0,0.76,39.0,0.75,40.0,0.77,11.37,0.78,60.0,0.01,0.01,2336.710404,1776212143000
1776212145.349,45.349,0.23,13.37,0.22,106.0,0.24,94.0,0.25,50.0,0.76,94.0,0.75,50.0,0.77,13.37,0.78,106.0,0.01,0.01,2336.720425,1776212144000
1776212145.916,45.916,0.23,13.37,0.22,106.0,0.24,94.0,0.25,50.0,0.76,94.0,0.75,50.0,0.77,13.37,0.78,106.0,0.01,0.01,2336.674806,1776212145000
1776212146.202,46.202,0.22,76.0,0.21,201.0,0.23,65.5,0.24,60.0,0.76,94.0,0.75,55.0,0.77,1.91,0.78,76.0,0.01,0.01,2336.674806,1776212145000
1776212147.355,47.355,0.22,76.0,0.21,201.0,0.23,65.5,0.24,60.0,0.77,65.5,0.76,60.0,0.78,76.0,0.79,201.0,0.01,0.01,2336.682423,1776212146000
1776212147.815,47.815,0.22,76.0,0.21,201.0,0.23,65.5,0.24,60.0,0.77,65.5,0.76,60.0,0.78,76.0,0.79,201.0,0.01,0.01,2336.663829,1776212147000
1776212148.883,48.883,0.22,76.0,0.21,201.0,0.23,65.5,0.24,60.0,0.77,65.5,0.76,60.0,0.78,76.0,0.79,201.0,0.01,0.01,2336.690649,1776212148000
1776212149.849,49.849,0.22,76.0,0.21,201.0,0.23,65.5,0.24,60.0,0.77,65.5,0.76,60.0,0.78,76.0,0.79,201.0,0.01,0.01,2336.648289,1776212149000
1776212150.118,50.118,0.21,146.7,0.2,123.5,0.22,100.54,0.23,30.0,0.77,65.5,0.76,60.0,0.78,76.0,0.79,201.0,0.01,0.01,2336.648289,1776212149000
1776212150.835,50.835,0.21,146.7,0.2,123.5,0.22,100.54,0.23,30.0,0.78,100.54,0.77,30.0,0.79,146.7,0.8,123.5,0.01,0.01,2336.545075,1776212150000
1776212151.841,51.841,0.2,112.5,0.19,87.63,0.22,255.54,0.23,138.0,0.78,255.54,0.77,138.0,0.8,112.5,0.81,87.63,0.02,0.02,2336.413981,1776212151000
1776212152.175,52.175,0.2,37.55,0.19,92.63,0.21,193.48,0.22,68.54,0.78,255.54,0.77,138.0,0.8,112.5,0.81,87.63,0.01,0.02,2336.413981,1776212151000
1776212152.487,52.487,0.2,24.42,0.19,92.63,0.21,158.0,0.22,73.54,0.79,188.0,0.78,73.54,0.8,30.55,0.81,92.63,0.01,0.01,2336.413981,1776212151000
1776212152.741,52.741,0.2,9.37,0.19,92.63,0.21,178.0,0.22,73.54,0.79,158.0,0.78,73.54,0.8,18.17,0.81,92.63,0.01,0.01,2336.413981,1776212151000
1776212153.19,53.19,0.2,9.37,0.19,69.23,0.21,171.33,0.22,78.54,0.79,178.0,0.78,73.54,0.8,9.37,0.81,92.63,0.01,0.01,2336.123403,1776212152000
1776212153.905,53.905,0.2,9.37,0.19,69.23,0.21,171.33,0.22,78.54,0.79,171.33,0.78,78.54,0.8,9.37,0.81,69.23,0.01,0.01,2336.022894,1776212153000
1776212154.166,54.166,0.19,65.18,0.18,133.0,0.2,477.87,0.21,121.65,0.8,101.0,0.79,121.65,0.81,63.3,0.82,157.4,0.01,0.01,2336.022894,1776212153000
1776212154.435,54.435,0.19,58.41,0.18,133.0,0.2,494.0,0.21,111.65,0.8,477.87,0.79,121.65,0.81,65.18,0.82,133.0,0.01,0.01,2336.022894,1776212153000
1776212154.905,54.905,0.19,58.41,0.18,133.0,0.2,494.0,0.21,111.65,0.8,494.0,0.79,111.65,0.81,58.41,0.82,133.0,0.01,0.01,2336.069068,1776212154000
1776212155.951,55.951,0.19,58.41,0.18,133.0,0.2,494.0,0.21,111.65,0.8,494.0,0.79,111.65,0.81,58.41,0.82,133.0,0.01,0.01,2336.049676,1776212155000
1776212156.947,56.947,0.19,58.41,0.18,133.0,0.2,494.0,0.21,111.65,0.8,494.0,0.79,111.65,0.81,58.41,0.82,133.0,0.01,0.01,2336.034491,1776212156000
1776212157.751,57.751,0.18,11.1,0.17,101.0,0.2,155.5,0.21,85.0,0.8,494.0,0.79,111.65,0.81,58.41,0.82,133.0,0.02,0.01,2336.034491,1776212156000
1776212157.957,57.957,0.19,38.31,0.18,18.0,0.2,66.75,0.21,15.0,0.8,155.5,0.79,85.0,0.82,11.1,0.83,101.0,0.01,0.02,2335.786092,1776212157000
1776212158.236,58.236,0.2,18.38,0.19,30.0,0.22,19.54,0.23,15.0,0.78,30.54,0.77,15.0,0.79,5.0,0.8,25.0,0.02,0.01,2335.786092,1776212157000
1776212158.606,58.606,0.2,13.38,0.19,30.0,0.21,16.0,0.22,24.54,0.78,19.54,0.77,15.0,0.8,18.38,0.81,30.0,0.01,0.02,2335.786092,1776212157000
1776212158.939,58.939,0.2,13.38,0.19,55.0,0.22,20.54,0.23,15.0,0.78,20.54,0.77,15.0,0.8,13.38,0.81,55.0,0.02,0.02,2335.771136,1776212158000
1776212159.19,59.19,0.2,8.38,0.19,73.0,0.21,10.0,0.22,46.54,0.79,1.19,0.78,45.54,0.8,13.38,0.81,73.0,0.01,0.01,2335.771136,1776212158000
1776212159.52,59.52,0.2,10.0,0.19,73.0,0.21,13.19,0.22,40.54,0.79,10.0,0.78,46.54,0.8,12.44,0.81,73.0,0.01,0.01,2335.771136,1776212158000
1776212159.905,59.905,0.2,15.0,0.19,73.0,0.21,3.38,0.22,40.54,0.79,13.19,0.78,40.54,0.8,10.0,0.81,73.0,0.01,0.01,2335.771136,1776212158000
1776212160.772,60.772,0.2,1.9,0.19,78.4,0.22,195.2,0.23,40.0,0.78,30.92,0.77,35.0,0.8,10.0,0.81,73.0,0.02,0.02,2335.771136,1776212158000
1776212160.988,60.988,0.19,81.3,0.18,103.4,0.21,56.0,0.22,146.47,0.79,56.0,0.78,146.47,0.81,77.71,0.82,103.4,0.02,0.02,2336.216332,1776212159000
1776212161.479,61.479,0.2,2.52,0.19,61.3,0.21,72.0,0.22,116.47,0.79,56.0,0.78,146.47,0.81,81.3,0.82,103.4,0.01,0.02,2336.216332,1776212159000
1776212161.911,61.911,0.19,52.42,0.18,103.4,0.21,25.0,0.22,116.47,0.79,72.0,0.78,116.47,0.81,53.78,0.82,103.4,0.02,0.02,2336.211661,1776212160000
1776212162.178,62.178,0.19,54.76,0.18,103.4,0.21,25.0,0.22,116.47,0.79,25.0,0.78,116.47,0.81,54.76,0.82,103.4,0.02,0.02,2336.211896,1776212161000
1776212162.382,62.382,0.19,44.3,0.18,103.4,0.2,672.62,0.21,15.0,0.8,323.12,0.79,15.0,0.81,36.71,0.82,103.4,0.01,0.01,2336.211896,1776212161000
1776212162.784,62.784,0.19,34.61,0.18,103.4,0.2,20.0,0.21,20.0,0.8,672.62,0.79,15.0,0.81,44.3,0.82,103.4,0.01,0.01,2336.211896,1776212161000
1776212163.008,63.008,0.19,29.51,0.18,103.4,0.2,20.0,0.21,20.0,0.8,20.0,0.79,20.0,0.81,34.56,0.82,103.4,0.01,0.01,2336.211896,1776212161000
1776212163.57,63.57,0.19,18.33,0.18,54.0,0.2,51.0,0.21,20.0,0.8,51.0,0.79,20.0,0.81,18.33,0.82,54.0,0.01,0.01,2336.222878,1776212162000
1776212163.948,63.948,0.19,7.0,0.18,54.0,0.2,66.0,0.21,20.0,0.8,51.0,0.79,20.0,0.81,18.33,0.82,54.0,0.01,0.01,2336.222878,1776212162000
1776212164.163,64.163,0.19,5.0,0.18,54.0,0.2,70.0,0.21,20.0,0.8,70.0,0.79,20.0,0.81,5.0,0.82,54.0,0.01,0.01,2336.222878,1776212163000
1776212165.462,65.462,0.19,5.0,0.18,54.0,0.2,70.0,0.21,20.0,0.8,70.0,0.79,20.0,0.81,5.0,0.82,54.0,0.01,0.01,2336.228681,1776212164000
1776212165.754,65.754,0.19,5.0,0.18,44.0,0.2,404.35,0.21,15.0,0.8,70.0,0.79,20.0,0.81,5.0,0.82,54.0,0.01,0.01,2336.228681,1776212164000
1776212166.178,66.178,0.19,5.0,0.18,44.0,0.2,404.35,0.21,15.0,0.8,404.35,0.79,15.0,0.81,5.0,0.82,44.0,0.01,0.01,2336.224312,1776212165000
1776212166.816,66.816,0.18,24.0,0.17,131.03,0.2,101.0,0.21,79.71,0.8,404.35,0.79,15.0,0.81,5.0,0.82,44.0,0.02,0.01,2336.224312,1776212165000
1776212167.517,67.517,0.18,24.0,0.17,131.03,0.2,101.0,0.21,79.71,0.8,101.0,0.79,79.71,0.82,24.0,0.83,131.03,0.02,0.02,2336.246477,1776212166000
1776212167.852,67.852,0.17,42.22,0.16,190.0,0.18,5.0,0.19,21.0,0.8,101.0,0.79,79.71,0.82,24.0,0.83,131.03,0.01,0.02,2336.246477,1776212166000
1776212168.065,68.065,0.18,10.0,0.17,35.94,0.19,5.73,0.2,125.0,0.82,5.0,0.81,21.0,0.83,42.22,0.84,190.0,0.01,0.01,2336.246477,1776212166000
1776212168.468,68.468,0.18,16.25,0.17,75.94,0.19,45.73,0.2,120.0,0.81,5.73,0.8,125.0,0.82,10.0,0.83,35.94,0.01,0.01,2336.223819,1776212167000
1776212168.86,68.86,0.17,17.94,0.16,195.0,0.18,57.0,0.19,25.73,0.81,5.73,0.8,120.0,0.83,35.94,0.84,195.0,0.01,0.02,2336.223819,1776212167000
1776212169.704,69.704,0.17,20.94,0.16,188.8,0.18,72.95,0.19,20.73,0.82,73.0,0.81,20.73,0.83,12.0,0.84,95.0,0.01,0.01,2336.223819,1776212167000
1776212170.525,70.525,0.17,18.94,0.16,188.8,0.18,72.95,0.19,20.73,0.82,72.95,0.81,20.73,0.83,18.94,0.84,188.8,0.01,0.01,2336.241258,1776212169000
1776212171.239,71.239,0.17,3.0,0.16,121.8,0.18,57.39,0.19,25.73,0.82,57.39,0.81,25.73,0.83,3.0,0.84,121.8,0.01,0.01,2336.226832,1776212170000
1776212171.495,71.495,0.15,35.9,0.14,129.9,0.16,195.0,0.17,70.0,0.82,57.39,0.81,25.73,0.83,3.0,0.84,121.8,0.01,0.01,2336.226832,1776212170000
1776212171.854,71.854,0.14,80.54,0.13,197.8,0.15,20.0,0.16,145.0,0.84,195.0,0.83,70.0,0.85,35.9,0.86,129.9,0.01,0.01,2336.226832,1776212170000
1776212172.145,72.145,0.14,5.97,0.13,56.0,0.15,100.0,0.16,127.0,0.85,20.0,0.84,145.0,0.86,80.54,0.87,197.8,0.01,0.01,2336.226832,1776212170000
1776212172.548,72.548,0.13,1.64,0.12,239.19,0.14,71.0,0.15,45.0,0.85,100.0,0.84,187.5,0.86,1.94,0.87,56.0,0.01,0.01,2336.226832,1776212170000
1776212173.114,73.114,0.12,131.19,0.11,121.79,0.13,31.53,0.14,51.0,0.86,71.0,0.85,419.79,0.87,3.22,0.88,174.19,0.01,0.01,2336.135672,1776212171000
1776212173.351,73.351,0.12,131.19,0.11,121.79,0.13,31.53,0.14,51.0,0.87,31.53,0.86,51.0,0.88,131.19,0.89,121.79,0.01,0.01,2335.909228,1776212172000
1776212173.834,73.834,0.12,10.0,0.11,121.79,0.13,46.53,0.14,56.0,0.87,31.53,0.86,51.0,0.88,112.55,0.89,121.79,0.01,0.01,2335.909228,1776212172000
1776212174.035,74.035,0.11,101.29,0.1,288.0,0.12,35.0,0.13,25.0,0.88,10.0,0.87,25.0,0.89,118.44,0.9,288.0,0.01,0.01,2335.909228,1776212172000
1776212174.882,74.882,0.11,164.17,0.1,313.0,0.12,28.33,0.13,10.0,0.88,23.33,0.87,25.0,0.89,115.07,0.9,256.0,0.01,0.01,2335.843239,1776212173000
1776212175.596,75.596,0.11,140.53,0.1,313.0,0.12,28.33,0.13,10.0,0.88,28.33,0.87,10.0,0.89,140.53,0.9,313.0,0.01,0.01,2335.771149,1776212174000
1776212175.899,75.899,0.11,252.53,0.1,362.0,0.12,28.33,0.13,10.0,0.88,28.33,0.87,10.0,0.89,140.53,0.9,313.0,0.01,0.01,2335.771149,1776212174000
1776212176.248,76.248,0.11,252.53,0.1,362.0,0.12,28.33,0.13,10.0,0.88,28.33,0.87,10.0,0.89,252.53,0.9,362.0,0.01,0.01,2335.772578,1776212175000
1776212177.802,77.802,0.11,151.53,0.1,315.0,0.12,27.13,0.13,10.0,0.88,28.33,0.87,10.0,0.89,252.53,0.9,362.0,0.01,0.01,2335.772578,1776212175000
1776212178.211,78.211,0.11,131.53,0.1,315.0,0.12,47.13,0.13,20.0,0.88,47.13,0.87,20.0,0.89,131.53,0.9,315.0,0.01,0.01,2335.805151,1776212177000
1776212179.144,79.144,0.11,131.53,0.1,315.0,0.12,47.13,0.13,20.0,0.88,47.13,0.87,20.0,0.89,131.53,0.9,315.0,0.01,0.01,2335.809569,1776212178000
1776212180.214,80.214,0.11,111.53,0.1,305.0,0.12,77.13,0.13,30.0,0.88,87.13,0.87,20.0,0.89,116.53,0.9,315.0,0.01,0.01,2335.809569,1776212178000
1776212181.266,81.266,0.11,106.53,0.1,295.0,0.12,77.13,0.13,130.0,0.88,77.13,0.87,30.0,0.89,111.53,0.9,305.0,0.01,0.01,2335.797902,1776212179000
1776212182.265,82.265,0.11,106.53,0.1,295.0,0.12,77.13,0.13,130.0,0.88,77.13,0.87,130.0,0.89,106.53,0.9,295.0,0.01,0.01,2335.744009,1776212181000
1776212183.065,83.065,0.11,133.49,0.1,225.0,0.12,135.0,0.13,140.0,0.88,77.13,0.87,130.0,0.89,106.53,0.9,295.0,0.01,0.01,2335.744009,1776212181000
1776212183.496,83.496,0.11,133.49,0.1,225.0,0.12,135.0,0.13,140.0,0.88,135.0,0.87,140.0,0.89,133.49,0.9,225.0,0.01,0.01,2335.733648,1776212182000
1776212183.89,83.89,0.11,126.49,0.1,225.0,0.12,190.0,0.13,135.0,0.88,135.0,0.87,140.0,0.89,133.49,0.9,225.0,0.01,0.01,2335.733648,1776212182000
1776212184.217,84.217,0.11,126.49,0.1,225.0,0.12,190.0,0.13,135.0,0.88,190.0,0.87,135.0,0.89,126.49,0.9,225.0,0.01,0.01,2335.723984,1776212183000
1776212184.554,84.554,0.11,116.49,0.1,225.0,0.12,185.0,0.13,135.0,0.88,190.0,0.87,135.0,0.89,126.49,0.9,225.0,0.01,0.01,2335.723984,1776212183000
1776212184.784,84.784,0.11,124.66,0.1,225.0,0.12,190.0,0.13,140.0,0.88,185.0,0.87,140.0,0.89,109.74,0.9,225.0,0.01,0.01,2335.723984,1776212183000
1776212185.014,85.014,0.11,122.66,0.1,225.0,0.12,185.0,0.13,140.0,0.88,190.0,0.87,140.0,0.89,124.66,0.9,225.0,0.01,0.01,2335.723984,1776212183000
1776212185.302,85.302,0.11,122.66,0.1,225.0,0.12,184.9,0.13,165.0,0.88,184.9,0.87,165.0,0.89,122.66,0.9,225.0,0.01,0.01,2335.724264,1776212184000
1776212185.985,85.985,0.11,112.66,0.1,225.0,0.12,202.63,0.13,160.0,0.88,184.9,0.87,165.0,0.89,122.66,0.9,225.0,0.01,0.01,2335.724264,1776212184000
1776212186.306,86.306,0.11,112.66,0.1,225.0,0.12,202.63,0.13,160.0,0.88,202.63,0.87,160.0,0.89,112.66,0.9,225.0,0.01,0.01,2335.723782,1776212185000
1776212186.936,86.936,0.11,112.66,0.1,225.0,0.12,202.63,0.13,160.0,0.88,202.63,0.87,160.0,0.89,112.66,0.9,225.0,0.01,0.01,2335.72138,1776212186000
1776212187.159,87.159,0.11,102.66,0.1,225.0,0.12,207.63,0.13,165.0,0.88,202.63,0.87,160.0,0.89,112.66,0.9,225.0,0.01,0.01,2335.72138,1776212186000
1776212187.561,87.561,0.11,92.66,0.1,225.0,0.12,202.63,0.13,165.0,0.88,207.63,0.87,165.0,0.89,102.66,0.9,225.0,0.01,0.01,2335.72138,1776212186000
1776212188.044,88.044,0.11,92.66,0.1,225.0,0.12,202.63,0.13,165.0,0.88,202.63,0.87,165.0,0.89,92.66,0.9,225.0,0.01,0.01,2335.706682,1776212187000
1776212189.056,89.056,0.11,92.66,0.1,225.0,0.12,202.63,0.13,165.0,0.88,202.63,0.87,165.0,0.89,92.66,0.9,225.0,0.01,0.01,2335.699404,1776212188000
1776212189.397,89.397,0.11,28.29,0.1,235.0,0.12,172.63,0.13,150.0,0.88,202.63,0.87,165.0,0.89,92.66,0.9,225.0,0.01,0.01,2335.699404,1776212188000
1776212190.237,90.237,0.11,28.29,0.1,235.0,0.12,172.63,0.13,150.0,0.88,172.63,0.87,150.0,0.89,28.29,0.9,235.0,0.01,0.01,2335.697584,1776212189000
1776212190.977,90.977,0.11,146.29,0.1,235.0,0.12,177.73,0.13,140.0,0.88,172.63,0.87,150.0,0.89,28.29,0.9,235.0,0.01,0.01,2335.697584,1776212189000
1776212191.825,91.825,0.11,146.29,0.1,235.0,0.12,177.73,0.13,140.0,0.88,177.73,0.87,140.0,0.89,146.29,0.9,235.0,0.01,0.01,2335.74218,1776212190000
1776212192.251,92.251,0.11,287.29,0.1,352.0,0.12,43.61,0.14,10.0,0.88,171.64,0.87,140.0,0.89,146.29,0.9,235.0,0.01,0.01,2335.74218,1776212190000
1776212192.455,92.455,0.11,288.29,0.1,352.0,0.12,16.84,0.17,6.02,0.88,43.51,0.86,10.0,0.89,293.29,0.9,352.0,0.01,0.01,2335.74218,1776212190000
1776212193.027,93.027,0.15,6.01,0.11,312.29,0.17,6.02,0.19,20.0,0.83,6.02,0.81,20.0,0.85,6.01,0.89,312.29,0.02,0.02,2335.809126,1776212192000
1776212194.125,94.125,0.16,20.0,0.15,25.0,0.17,48.73,0.18,115.0,0.83,43.73,0.82,15.0,0.84,10.0,0.85,20.0,0.01,0.01,2335.809126,1776212192000
1776212194.508,94.508,0.16,20.0,0.15,25.0,0.17,10.43,0.18,10.0,0.83,48.73,0.82,115.0,0.84,20.0,0.85,25.0,0.01,0.01,2336.060043,1776212193000
1776212194.831,94.831,0.16,20.0,0.15,25.0,0.17,371.23,0.18,15.0,0.83,34.43,0.82,10.0,0.84,10.0,0.85,25.0,0.01,0.01,2336.060043,1776212193000
1776212195.264,95.264,0.16,20.0,0.15,25.0,0.17,371.23,0.18,15.0,0.83,371.23,0.82,15.0,0.84,20.0,0.85,25.0,0.01,0.01,2336.418506,1776212194000
1776212196.308,96.308,0.16,20.0,0.15,25.0,0.17,371.23,0.18,15.0,0.83,371.23,0.82,15.0,0.84,20.0,0.85,25.0,0.01,0.01,2336.525234,1776212195000
1776212196.85,96.85,0.16,87.8,0.15,52.0,0.17,51.0,0.18,15.0,0.83,51.0,0.82,15.0,0.84,87.8,0.85,52.0,0.01,0.01,2336.531525,1776212196000
1776212197.91,97.91,0.16,87.8,0.15,52.0,0.17,51.0,0.18,15.0,0.83,51.0,0.82,15.0,0.84,87.8,0.85,52.0,0.01,0.01,2336.559853,1776212197000
1776212198.269,98.269,0.18,7.0,0.17,19.0,0.19,20.0,0.2,35.0,0.83,51.0,0.82,15.0,0.84,87.8,0.85,52.0,0.01,0.01,2336.559853,1776212197000
1776212198.943,98.943,0.18,7.0,0.17,19.0,0.19,20.0,0.2,35.0,0.81,20.0,0.8,35.0,0.82,7.0,0.83,19.0,0.01,0.01,2336.535979,1776212198000
1776212200.135,100.135,0.18,7.0,0.17,19.0,0.19,20.0,0.2,35.0,0.81,20.0,0.8,35.0,0.82,7.0,0.83,19.0,0.01,0.01,2336.645812,1776212199000
1776212200.948,100.948,0.18,92.28,0.17,15.0,0.19,20.0,0.2,30.0,0.81,20.0,0.8,35.0,0.82,7.0,0.83,19.0,0.01,0.01,2336.645812,1776212199000
1776212201.286,101.286,0.18,92.28,0.17,15.0,0.19,2.32,0.2,25.0,0.81,20.0,0.8,30.0,0.82,92.28,0.83,15.0,0.01,0.01,2336.645812,1776212199000
1776212202.066,102.066,0.18,92.28,0.17,15.0,0.19,2.32,0.2,25.0,0.81,2.32,0.8,25.0,0.82,92.28,0.83,15.0,0.01,0.01,2336.753969,1776212201000
1776212203.133,103.133,0.19,90.0,0.18,177.28,0.2,6.0,0.21,35.0,0.8,6.0,0.79,35.0,0.81,90.0,0.82,177.28,0.01,0.01,2336.83067,1776212202000
1776212203.337,103.337,0.16,20.0,0.15,85.0,0.17,40.0,0.18,10.0,0.8,6.0,0.79,35.0,0.81,90.0,0.82,177.28,0.01,0.01,2336.83067,1776212202000
1776212203.717,103.717,0.16,17.0,0.15,100.0,0.17,70.0,0.18,19.29,0.83,40.0,0.82,10.0,0.84,20.0,0.85,85.0,0.01,0.01,2336.83067,1776212202000
1776212204.401,104.401,0.16,17.0,0.15,100.0,0.17,70.0,0.18,19.29,0.83,70.0,0.82,19.29,0.84,17.0,0.85,100.0,0.01,0.01,2336.890691,1776212203000
1776212204.845,104.845,0.16,46.04,0.15,109.0,0.17,64.0,0.18,30.0,0.83,89.29,0.82,25.0,0.84,11.04,0.85,85.0,0.01,0.01,2336.890691,1776212203000
1776212205.402,105.402,0.16,49.84,0.15,129.0,0.17,64.0,0.18,30.0,0.83,64.0,0.82,30.0,0.84,46.04,0.85,109.0,0.01,0.01,2336.656676,1776212204000
1776212206.074,106.074,0.16,38.64,0.15,134.0,0.17,73.29,0.18,30.0,0.83,64.0,0.82,30.0,0.84,49.84,0.85,129.0,0.01,0.01,2336.656676,1776212204000
1776212206.672,106.672,0.16,34.84,0.15,134.0,0.17,78.29,0.18,30.0,0.83,78.29,0.82,30.0,0.84,34.84,0.85,134.0,0.01,0.01,2336.600926,1776212205000
1776212207.413,107.413,0.16,32.68,0.15,144.0,0.17,78.29,0.18,40.0,0.83,78.29,0.82,40.0,0.84,32.68,0.85,144.0,0.01,0.01,2336.669849,1776212206000
1776212208.192,108.192,0.16,32.68,0.15,144.0,0.17,78.29,0.18,40.0,0.83,78.29,0.82,40.0,0.84,32.68,0.85,144.0,0.01,0.01,2336.710315,1776212207000
1776212208.404,108.404,0.16,233.68,0.15,224.0,0.17,14.41,0.19,20.0,0.83,78.29,0.82,40.0,0.84,32.68,0.85,144.0,0.01,0.01,2336.710315,1776212207000
1776212209.632,109.632,0.18,10.27,0.16,233.68,0.19,20.0,0.2,20.0,0.81,20.0,0.8,20.0,0.82,10.27,0.84,233.68,0.01,0.01,2336.706981,1776212208000
1776212210.282,110.282,0.18,10.27,0.16,233.68,0.19,20.0,0.2,20.0,0.81,20.0,0.8,20.0,0.82,10.27,0.84,233.68,0.01,0.01,2336.709487,1776212209000
1776212210.552,110.552,0.17,82.0,0.16,30.0,0.18,136.0,0.19,81.29,0.81,20.0,0.8,20.0,0.82,10.27,0.84,233.68,0.01,0.01,2336.709487,1776212209000
1776212210.866,110.866,0.17,6.0,0.16,10.0,0.18,243.0,0.19,188.29,0.82,136.0,0.81,181.29,0.83,33.0,0.84,10.0,0.01,0.01,2336.709487,1776212209000
1776212211.438,111.438,0.15,60.0,0.13,153.8,0.16,81.29,0.17,50.0,0.82,243.0,0.81,188.29,0.83,6.0,0.84,10.0,0.01,0.01,2336.937682,1776212210000
1776212211.737,111.737,0.15,39.0,0.13,153.8,0.16,106.04,0.17,77.0,0.84,108.29,0.83,77.0,0.85,39.0,0.87,153.8,0.01,0.01,2336.937682,1776212210000
1776212211.991,111.991,0.15,39.0,0.13,153.8,0.16,96.04,0.17,77.0,0.84,106.04,0.83,77.0,0.85,39.0,0.87,153.8,0.01,0.01,2336.937682,1776212210000
1776212212.275,112.275,0.15,39.0,0.13,153.8,0.16,96.04,0.17,77.0,0.84,96.04,0.83,77.0,0.85,39.0,0.87,153.8,0.01,0.01,2336.874541,1776212211000
1776212213.008,113.008,0.15,42.82,0.14,10.0,0.16,95.04,0.17,67.0,0.84,96.04,0.83,77.0,0.85,39.0,0.87,153.8,0.01,0.01,2336.874541,1776212211000
1776212213.515,113.515,0.15,42.82,0.14,10.0,0.16,95.04,0.17,67.0,0.84,95.04,0.83,67.0,0.85,42.82,0.86,10.0,0.01,0.01,2336.516931,1776212212000
1776212213.778,113.778,0.15,28.7,0.14,5.0,0.16,95.04,0.17,77.0,0.84,95.04,0.83,67.0,0.85,32.7,0.87,181.8,0.01,0.01,2336.516931,1776212212000
1776212214.186,114.186,0.15,15.29,0.14,5.0,0.16,100.04,0.17,77.0,0.84,100.04,0.83,77.0,0.85,15.29,0.86,5.0,0.01,0.01,2336.443415,1776212213000
1776212214.488,114.488,0.14,2.76,0.13,182.8,0.15,99.29,0.16,43.75,0.84,100.04,0.83,77.0,0.85,15.29,0.86,5.0,0.01,0.01,2336.443415,1776212213000
1776212215.025,115.025,0.13,181.15,0.12,292.0,0.15,99.29,0.16,43.75,0.85,99.29,0.84,43.75,0.87,181.15,0.88,292.0,0.02,0.02,2336.432985,1776212214000
1776212215.65,115.65,0.13,251.15,0.12,302.0,0.14,56.09,0.15,72.0,0.85,99.29,0.84,43.75,0.87,181.15,0.88,292.0,0.01,0.02,2336.432985,1776212214000
1776212216.293,116.293,0.13,251.15,0.12,302.0,0.14,56.09,0.15,72.0,0.86,56.09,0.85,72.0,0.87,251.15,0.88,302.0,0.01,0.01,2336.433689,1776212215000
1776212217.533,117.533,0.13,232.15,0.12,297.0,0.14,51.09,0.15,72.0,0.86,56.09,0.85,72.0,0.87,251.15,0.88,302.0,0.01,0.01,2336.433689,1776212215000
1776212217.868,117.868,0.13,237.15,0.12,297.0,0.14,41.09,0.15,67.0,0.86,51.09,0.85,72.0,0.87,232.15,0.88,297.0,0.01,0.01,2336.433439,1776212216000
1776212218.398,118.398,0.13,237.15,0.12,297.0,0.14,41.09,0.15,67.0,0.86,41.09,0.85,67.0,0.87,237.15,0.88,297.0,0.01,0.01,2336.433033,1776212217000
1776212219.003,119.003,0.13,237.15,0.12,297.0,0.14,41.09,0.15,67.0,0.86,41.09,0.85,67.0,0.87,237.15,0.88,297.0,0.01,0.01,2336.432788,1776212218000
1776212220.337,120.337,0.13,237.15,0.12,297.0,0.14,41.09,0.15,67.0,0.86,41.09,0.85,67.0,0.87,237.15,0.88,297.0,0.01,0.01,2336.490172,1776212219000
1776212221.563,121.563,0.13,237.15,0.12,297.0,0.14,41.09,0.15,67.0,0.86,41.09,0.85,67.0,0.87,237.15,0.88,297.0,0.01,0.01,2336.553867,1776212220000
1776212222.334,122.334,0.13,237.15,0.12,297.0,0.14,41.09,0.15,67.0,0.86,41.09,0.85,67.0,0.87,237.15,0.88,297.0,0.01,0.01,2336.560465,1776212221000
1776212224.053,124.053,0.13,237.15,0.12,297.0,0.14,41.09,0.15,67.0,0.86,41.09,0.85,67.0,0.87,237.15,0.88,297.0,0.01,0.01,2336.558702,1776212222000
1776212224.436,124.436,0.13,237.15,0.12,297.0,0.14,41.09,0.15,67.0,0.86,41.09,0.85,67.0,0.87,237.15,0.88,297.0,0.01,0.01,2336.558702,1776212223000
1776212225.007,125.007,0.13,237.15,0.12,297.0,0.14,41.09,0.15,67.0,0.86,41.09,0.85,67.0,0.87,237.15,0.88,297.0,0.01,0.01,2336.558689,1776212224000
1776212226.035,126.035,0.13,237.15,0.12,297.0,0.14,41.09,0.15,67.0,0.86,41.09,0.85,67.0,0.87,237.15,0.88,297.0,0.01,0.01,2336.560968,1776212225000
1776212226.972,126.972,0.13,237.15,0.12,297.0,0.14,41.09,0.15,67.0,0.86,41.09,0.85,67.0,0.87,237.15,0.88,297.0,0.01,0.01,2336.421965,1776212226000
1776212228.085,128.085,0.13,237.15,0.12,297.0,0.14,41.09,0.15,67.0,0.86,41.09,0.85,67.0,0.87,237.15,0.88,297.0,0.01,0.01,2336.423675,1776212227000
1776212229.001,129.001,0.13,237.15,0.12,297.0,0.14,41.09,0.15,67.0,0.86,41.09,0.85,67.0,0.87,237.15,0.88,297.0,0.01,0.01,2336.410577,1776212228000
1776212230.044,130.044,0.13,237.15,0.12,297.0,0.14,41.09,0.15,67.0,0.86,41.09,0.85,67.0,0.87,237.15,0.88,297.0,0.01,0.01,2336.410352,1776212229000
1776212230.371,130.371,0.13,126.8,0.12,276.0,0.14,40.21,0.15,147.0,0.86,41.09,0.85,67.0,0.87,237.15,0.88,297.0,0.01,0.01,2336.410352,1776212229000
1776212231.001,131.001,0.13,126.8,0.12,276.0,0.14,40.21,0.15,147.0,0.86,40.21,0.85,147.0,0.87,126.8,0.88,276.0,0.01,0.01,2336.409741,1776212230000
1776212232.084,132.084,0.13,126.8,0.12,276.0,0.14,40.21,0.15,147.0,0.86,40.21,0.85,147.0,0.87,126.8,0.88,276.0,0.01,0.01,2336.402163,1776212231000
1776212233.089,133.089,0.13,126.8,0.12,276.0,0.14,40.21,0.15,147.0,0.86,40.21,0.85,147.0,0.87,126.8,0.88,276.0,0.01,0.01,2336.39495,1776212232000
1776212234.081,134.081,0.13,126.8,0.12,276.0,0.14,40.21,0.15,147.0,0.86,40.21,0.85,147.0,0.87,126.8,0.88,276.0,0.01,0.01,2336.392169,1776212233000
1776212235.125,135.125,0.13,126.8,0.12,276.0,0.14,40.21,0.15,147.0,0.86,40.21,0.85,147.0,0.87,126.8,0.88,276.0,0.01,0.01,2336.389853,1776212234000
1776212236.161,136.161,0.13,126.8,0.12,276.0,0.14,40.21,0.15,147.0,0.86,40.21,0.85,147.0,0.87,126.8,0.88,276.0,0.01,0.01,2336.389051,1776212235000
1776212237.171,137.171,0.13,126.8,0.12,276.0,0.14,40.21,0.15,147.0,0.86,40.21,0.85,147.0,0.87,126.8,0.88,276.0,0.01,0.01,2336.388892,1776212236000
1776212238.546,138.546,0.13,126.8,0.12,276.0,0.14,40.21,0.15,147.0,0.86,40.21,0.85,147.0,0.87,126.8,0.88,276.0,0.01,0.01,2336.389007,1776212237000
1776212239.036,139.036,0.13,126.8,0.12,276.0,0.14,40.21,0.15,147.0,0.86,40.21,0.85,147.0,0.87,126.8,0.88,276.0,0.01,0.01,2336.389146,1776212238000
1776212240.483,140.483,0.13,126.8,0.12,276.0,0.14,40.21,0.15,147.0,0.86,40.21,0.85,147.0,0.87,126.8,0.88,276.0,0.01,0.01,2336.387846,1776212239000
1776212241.032,141.032,0.13,126.8,0.12,276.0,0.14,40.21,0.15,147.0,0.86,40.21,0.85,147.0,0.87,126.8,0.88,276.0,0.01,0.01,2336.387862,1776212240000
1776212242.234,142.234,0.13,126.8,0.12,276.0,0.14,40.21,0.15,147.0,0.86,40.21,0.85,147.0,0.87,126.8,0.88,276.0,0.01,0.01,2336.290056,1776212241000
1776212243.521,143.521,0.13,126.8,0.12,276.0,0.14,40.21,0.15,147.0,0.86,40.21,0.85,147.0,0.87,126.8,0.88,276.0,0.01,0.01,2336.290883,1776212242000
1776212243.982,143.982,0.13,126.8,0.12,276.0,0.14,40.21,0.15,147.0,0.86,40.21,0.85,147.0,0.87,126.8,0.88,276.0,0.01,0.01,2336.332522,1776212243000
1776212245.419,145.419,0.13,126.8,0.12,276.0,0.14,40.21,0.15,147.0,0.86,40.21,0.85,147.0,0.87,126.8,0.88,276.0,0.01,0.01,2336.218666,1776212244000
1776212246.102,146.102,0.13,126.8,0.12,276.0,0.14,40.21,0.15,147.0,0.86,40.21,0.85,147.0,0.87,126.8,0.88,276.0,0.01,0.01,2336.190923,1776212245000
1776212247.312,147.312,0.13,126.8,0.12,276.0,0.14,40.21,0.15,147.0,0.86,40.21,0.85,147.0,0.87,126.8,0.88,276.0,0.01,0.01,2336.155614,1776212246000
1776212248.885,148.885,0.13,126.8,0.12,276.0,0.14,40.21,0.15,147.0,0.86,40.21,0.85,147.0,0.87,126.8,0.88,276.0,0.01,0.01,2336.194394,1776212247000
1776212249.498,149.498,0.13,126.8,0.12,276.0,0.14,40.21,0.15,147.0,0.86,40.21,0.85,147.0,0.87,126.8,0.88,276.0,0.01,0.01,2336.117825,1776212248000
1776212249.862,149.862,0.11,139.0,0.1,135.0,0.12,100.28,0.13,130.0,0.86,40.21,0.85,147.0,0.87,126.8,0.88,276.0,0.01,0.01,2336.117825,1776212248000
1776212250.113,150.113,0.11,145.0,0.1,135.0,0.13,30.0,0.14,5.92,0.88,85.28,0.87,130.0,0.89,139.0,0.9,135.0,0.02,0.01,2336.117825,1776212248000
1776212250.431,150.431,0.11,145.0,0.1,135.0,0.13,30.0,0.14,5.92,0.87,30.0,0.86,5.92,0.89,145.0,0.9,135.0,0.02,0.02,2336.131106,1776212249000
1776212251.072,151.072,0.12,19.0,0.11,116.0,0.13,4.0,0.14,10.92,0.87,4.0,0.86,10.92,0.88,19.0,0.89,116.0,0.01,0.01,2336.073535,1776212250000
1776212251.363,151.363,0.12,49.0,0.11,292.0,0.15,120.93,0.16,20.0,0.85,134.26,0.84,20.0,0.88,34.0,0.89,287.0,0.03,0.03,2336.073535,1776212250000
1776212252.53,152.53,0.13,22.85,0.12,30.0,0.15,120.93,0.16,20.0,0.85,120.93,0.84,20.0,0.87,22.85,0.88,30.0,0.02,0.02,2336.46516,1776212251000
1776212253.266,153.266,0.12,85.0,0.11,220.0,0.13,14.0,0.15,235.66,0.87,14.0,0.85,235.66,0.88,85.0,0.89,220.0,0.01,0.01,2336.500275,1776212252000
1776212254.24,154.24,0.12,85.0,0.11,220.0,0.13,14.0,0.15,235.66,0.87,14.0,0.85,235.66,0.88,85.0,0.89,220.0,0.01,0.01,2336.824593,1776212253000
1776212255.224,155.224,0.12,190.0,0.11,271.0,0.13,59.73,0.14,25.0,0.87,14.0,0.85,235.66,0.88,85.0,0.89,220.0,0.01,0.01,2336.824593,1776212253000
1776212256.225,156.225,0.12,190.0,0.11,271.0,0.13,59.73,0.14,25.0,0.87,59.73,0.86,25.0,0.88,190.0,0.89,271.0,0.01,0.01,2336.605411,1776212255000
1776212257.196,157.196,0.12,190.0,0.11,271.0,0.13,59.73,0.14,25.0,0.87,59.73,0.86,25.0,0.88,190.0,0.89,271.0,0.01,0.01,2336.583468,1776212256000
1776212258.312,158.312,0.12,190.0,0.11,271.0,0.13,59.73,0.14,25.0,0.87,59.73,0.86,25.0,0.88,190.0,0.89,271.0,0.01,0.01,2336.568761,1776212257000
1776212259.321,159.321,0.12,190.0,0.11,271.0,0.13,59.73,0.14,25.0,0.87,59.73,0.86,25.0,0.88,190.0,0.89,271.0,0.01,0.01,2336.530728,1776212258000
1776212260.307,160.307,0.12,190.0,0.11,271.0,0.13,59.73,0.14,25.0,0.87,59.73,0.86,25.0,0.88,190.0,0.89,271.0,0.01,0.01,2336.517829,1776212259000
1776212260.804,160.804,0.12,190.0,0.11,271.0,0.13,59.73,0.14,25.0,0.87,59.73,0.86,25.0,0.88,190.0,0.89,271.0,0.01,0.01,2336.516773,1776212260000
1776212261.798,161.798,0.12,190.0,0.11,271.0,0.13,59.73,0.14,25.0,0.87,59.73,0.86,25.0,0.88,190.0,0.89,271.0,0.01,0.01,2336.501434,1776212261000
1776212263.204,163.204,0.12,190.0,0.11,271.0,0.13,59.73,0.14,25.0,0.87,59.73,0.86,25.0,0.88,190.0,0.89,271.0,0.01,0.01,2336.500787,1776212262000
1776212263.41,163.41,0.12,77.1,0.11,105.0,0.13,110.73,0.14,68.45,0.87,59.73,0.86,25.0,0.88,190.0,0.89,271.0,0.01,0.01,2336.500787,1776212262000
1776212264.246,164.246,0.12,77.1,0.11,105.0,0.13,110.73,0.14,68.45,0.87,110.73,0.86,68.45,0.88,77.1,0.89,105.0,0.01,0.01,2336.479998,1776212263000
1776212265.229,165.229,0.12,77.1,0.11,105.0,0.13,110.73,0.14,68.45,0.87,110.73,0.86,68.45,0.88,77.1,0.89,105.0,0.01,0.01,2336.383547,1776212264000
1776212265.983,165.983,0.12,75.83,0.11,105.0,0.13,135.73,0.14,107.45,0.87,110.73,0.86,68.45,0.88,77.1,0.89,105.0,0.01,0.01,2336.383547,1776212264000
1776212266.267,166.267,0.12,71.28,0.11,100.0,0.13,135.73,0.14,107.45,0.87,135.73,0.86,107.45,0.88,75.83,0.89,105.0,0.01,0.01,2336.382276,1776212265000
1776212267.059,167.059,0.12,71.28,0.11,100.0,0.13,135.73,0.14,107.45,0.87,135.73,0.86,107.45,0.88,71.28,0.89,100.0,0.01,0.01,2336.430204,1776212266000
1776212267.604,167.604,0.1,35.0,0.09,260.0,0.11,45.0,0.12,231.0,0.87,135.73,0.86,107.45,0.88,71.28,0.89,100.0,0.01,0.01,2336.430204,1776212266000
1776212268.287,168.287,0.1,35.0,0.09,260.0,0.11,45.0,0.12,231.0,0.89,45.0,0.88,231.0,0.9,35.0,0.91,260.0,0.01,0.01,2336.343235,1776212267000
1776212269.102,169.102,0.09,121.22,0.08,200.0,0.1,143.0,0.11,136.24,0.9,123.0,0.89,131.24,0.91,171.22,0.92,200.0,0.01,0.01,2336.343235,1776212267000
1776212269.753,169.753,0.09,25.9,0.08,200.0,0.1,157.0,0.11,210.04,0.9,138.0,0.89,136.24,0.91,112.12,0.92,200.0,0.01,0.01,2336.074064,1776212268000
1776212270.368,170.368,0.09,25.9,0.08,200.0,0.1,157.0,0.11,210.04,0.9,157.0,0.89,210.04,0.91,25.9,0.92,200.0,0.01,0.01,2335.785735,1776212269000
1776212271.064,171.064,0.09,0.9,0.08,100.0,0.1,182.16,0.11,396.57,0.9,237.16,0.89,380.57,0.91,0.9,0.92,200.0,0.01,0.01,2335.785735,1776212269000
1776212271.371,171.371,0.09,0.9,0.08,100.0,0.1,182.16,0.11,396.57,0.9,182.16,0.89,396.57,0.91,0.9,0.92,100.0,0.01,0.01,2335.700811,1776212270000
1776212271.715,171.715,0.07,300.0,0.06,225.0,0.09,7.1,0.1,162.16,0.9,182.16,0.89,396.57,0.91,0.9,0.92,100.0,0.02,0.01,2335.700811,1776212270000
1776212271.921,171.921,0.07,300.0,0.06,225.0,0.1,157.55,0.11,427.57,0.9,157.55,0.89,427.57,0.93,300.0,0.94,225.0,0.03,0.03,2335.497945,1776212271000
1776212272.393,172.393,0.07,214.42,0.06,225.0,0.08,88.26,0.09,65.0,0.9,157.55,0.89,427.57,0.93,300.0,0.94,225.0,0.01,0.03,2335.497945,1776212271000
1776212273.002,173.002,0.07,214.42,0.06,225.0,0.08,88.26,0.09,65.0,0.92,88.26,0.91,65.0,0.93,214.42,0.94,225.0,0.01,0.01,2335.39997,1776212272000
1776212273.716,173.716,0.07,89.42,0.06,225.0,0.08,154.08,0.09,55.0,0.92,162.83,0.91,55.0,0.93,214.42,0.94,225.0,0.01,0.01,2335.39997,1776212272000
1776212274.183,174.183,0.07,89.42,0.06,225.0,0.08,154.08,0.09,55.0,0.92,154.08,0.91,55.0,0.93,89.42,0.94,225.0,0.01,0.01,2335.401751,1776212273000
1776212275.137,175.137,0.07,94.42,0.06,225.0,0.08,140.33,0.09,55.0,0.92,140.33,0.91,55.0,0.93,94.42,0.94,225.0,0.01,0.01,2335.373701,1776212274000
1776212276.235,176.235,0.07,94.42,0.06,225.0,0.08,140.33,0.09,55.0,0.92,140.33,0.91,55.0,0.93,94.42,0.94,225.0,0.01,0.01,2335.359737,1776212275000
1776212276.655,176.655,0.05,134.93,0.04,145.0,0.06,133.47,0.07,430.0,0.92,140.33,0.91,55.0,0.93,94.42,0.94,225.0,0.01,0.01,2335.359737,1776212275000
1776212276.959,176.959,0.05,103.87,0.04,145.0,0.06,143.47,0.07,483.67,0.94,133.47,0.93,430.0,0.95,134.93,0.96,145.0,0.01,0.01,2335.359737,1776212275000
1776212277.292,177.292,0.05,103.87,0.04,145.0,0.06,143.47,0.07,483.67,0.94,143.47,0.93,483.67,0.95,103.87,0.96,145.0,0.01,0.01,2334.842735,1776212276000
1776212278.042,178.042,0.04,132.64,0.03,499.8,0.06,169.47,0.07,238.97,0.94,143.47,0.93,238.97,0.95,48.6,0.96,145.0,0.02,0.01,2334.842735,1776212276000
1776212278.304,178.304,0.04,132.64,0.03,499.8,0.06,169.47,0.07,238.97,0.94,169.47,0.93,238.97,0.96,132.64,0.97,499.8,0.02,0.02,2334.685162,1776212277000
1776212278.666,178.666,0.04,162.91,0.03,499.8,0.05,104.55,0.06,70.0,0.95,99.55,0.94,70.0,0.96,163.96,0.97,499.8,0.01,0.01,2334.685162,1776212277000
1776212278.951,178.951,0.04,157.91,0.03,499.8,0.05,104.55,0.06,70.0,0.95,104.55,0.94,70.0,0.96,157.91,0.97,499.8,0.01,0.01,2334.634619,1776212278000
1776212280.057,180.057,0.04,157.91,0.03,499.8,0.05,104.55,0.06,70.0,0.95,104.55,0.94,70.0,0.96,157.91,0.97,499.8,0.01,0.01,2334.621976,1776212279000
1776212280.382,180.382,0.04,32.7,0.03,450.8,0.05,87.06,0.06,318.64,0.95,104.55,0.94,70.0,0.96,157.91,0.97,499.8,0.01,0.01,2334.621976,1776212279000
1776212280.99,180.99,0.04,24.45,0.03,450.8,0.05,92.06,0.06,318.64,0.95,92.06,0.94,318.64,0.96,24.45,0.97,450.8,0.01,0.01,2334.624376,1776212280000
1776212281.402,181.402,0.03,271.8,0.02,771.0,0.04,106.34,0.05,233.05,0.95,92.06,0.94,318.64,0.96,24.45,0.97,450.8,0.01,0.01,2334.624376,1776212280000
1776212282.185,182.185,0.03,271.8,0.02,771.0,0.04,106.34,0.05,233.05,0.96,106.34,0.95,233.05,0.97,271.8,0.98,771.0,0.01,0.01,2334.609372,1776212281000
1776212282.641,182.641,0.03,366.8,0.02,685.0,0.04,452.0,0.05,334.33,0.96,106.34,0.95,233.05,0.97,271.8,0.98,771.0,0.01,0.01,2334.609372,1776212281000
1776212283.024,183.024,0.03,16.8,0.02,685.0,0.04,793.69,0.05,371.65,0.96,452.0,0.95,334.33,0.97,51.8,0.98,685.0,0.01,0.01,2334.609372,1776212281000
1776212283.342,183.342,0.03,11.64,0.02,685.0,0.04,982.55,0.05,204.86,0.96,793.69,0.95,371.65,0.97,16.8,0.98,685.0,0.01,0.01,2334.598514,1776212282000
1776212283.973,183.973,0.03,5.45,0.02,685.0,0.04,831.55,0.05,239.86,0.96,982.55,0.95,204.86,0.97,11.64,0.98,685.0,0.01,0.01,2334.598514,1776212282000
1776212284.751,184.751,0.02,685.0,0.01,1864.0,0.04,886.55,0.05,179.86,0.96,886.55,0.95,179.86,0.98,685.0,0.99,1864.0,0.02,0.02,2333.846243,1776212283000
1776212285.421,185.421,0.02,685.0,0.01,1864.0,0.04,886.55,0.05,179.86,0.96,886.55,0.95,179.86,0.98,685.0,0.99,1864.0,0.02,0.02,2333.846243,1776212284000
1776212285.737,185.737,0.02,649.0,0.01,2163.6,0.03,168.18,0.04,358.7,0.96,886.55,0.95,179.86,0.98,685.0,0.99,1864.0,0.01,0.02,2333.846243,1776212284000
1776212285.994,185.994,0.02,649.0,0.01,2163.6,0.03,168.18,0.04,358.7,0.97,168.18,0.96,358.7,0.98,649.0,0.99,2163.6,0.01,0.01,2333.561144,1776212285000
1776212287.115,187.115,0.02,649.0,0.01,2163.6,0.03,168.18,0.04,358.7,0.97,168.18,0.96,358.7,0.98,649.0,0.99,2163.6,0.01,0.01,2333.326717,1776212286000
1776212287.847,187.847,0.02,652.88,0.01,2263.6,0.03,25.0,0.04,41.0,0.97,168.18,0.96,358.7,0.98,649.0,0.99,2163.6,0.01,0.01,2333.326717,1776212286000
1776212288.174,188.174,0.02,652.88,0.01,2263.6,0.03,25.0,0.04,41.0,0.97,25.0,0.96,41.0,0.98,652.88,0.99,2263.6,0.01,0.01,2333.855483,1776212287000
1776212289.388,189.388,0.02,536.94,0.01,2279.6,0.03,62.0,0.04,338.69,0.97,25.0,0.96,41.0,0.98,652.88,0.99,2263.6,0.01,0.01,2333.855483,1776212287000
1776212289.662,189.662,0.02,536.94,0.01,2279.6,0.03,62.0,0.04,338.69,0.97,62.0,0.96,338.69,0.98,536.94,0.99,2279.6,0.01,0.01,2333.82733,1776212288000
1776212290.309,190.309,0.02,536.94,0.01,2279.6,0.03,62.0,0.04,338.69,0.97,62.0,0.96,338.69,0.98,536.94,0.99,2279.6,0.01,0.01,2333.858387,1776212289000
1776212290.552,190.552,0.02,481.33,0.01,1800.0,0.03,437.69,0.04,353.69,0.97,62.0,0.96,338.69,0.98,536.94,0.99,2279.6,0.01,0.01,2333.858387,1776212289000
1776212290.841,190.841,0.02,446.33,0.01,1800.0,0.03,580.69,0.04,283.69,0.97,580.69,0.96,283.69,0.98,466.33,0.99,1800.0,0.01,0.01,2333.858387,1776212289000
1776212291.525,191.525,0.02,446.33,0.01,1800.0,0.03,580.69,0.04,283.69,0.97,580.69,0.96,283.69,0.98,446.33,0.99,1800.0,0.01,0.01,2333.83619,1776212290000
1776212291.933,191.933,0.01,1800.0,,,0.02,76.67,0.03,475.69,0.97,490.69,0.96,218.7,0.98,23.33,0.99,1800.0,0.01,0.01,2333.83619,1776212290000
1776212292.908,192.908,0.01,1881.0,,,0.02,547.99,0.03,311.37,0.98,76.67,0.97,475.69,0.99,1800.0,,,0.01,0.01,2333.811937,1776212291000
1776212293.222,193.222,0.01,1845.95,,,0.02,347.99,0.03,321.37,0.98,347.99,0.97,321.37,0.99,1845.95,,,0.01,0.01,2333.252509,1776212292000
1776212294.077,194.077,0.01,1685.95,,,0.02,325.89,0.03,561.69,0.98,347.99,0.97,321.37,0.99,1845.95,,,0.01,0.01,2333.252509,1776212292000
1776212294.524,194.524,0.01,1685.95,,,0.02,325.89,0.03,561.69,0.98,325.89,0.97,561.69,0.99,1685.95,,,0.01,0.01,2332.970388,1776212293000
1776212294.816,194.816,0.01,1502.95,,,0.02,582.88,0.03,623.37,0.98,582.88,0.97,638.37,0.99,1522.95,,,0.01,0.01,2332.970388,1776212293000
1776212295.073,195.073,0.01,1578.95,,,0.02,506.88,0.03,641.37,0.98,582.88,0.97,623.37,0.99,1502.95,,,0.01,0.01,2332.970388,1776212293000
1776212295.826,195.826,0.01,1568.95,,,0.02,320.89,0.03,976.69,0.98,506.88,0.97,641.37,0.99,1578.95,,,0.01,0.01,2332.970388,1776212294000
1776212296.34,196.34,0.01,1368.95,,,0.02,218.89,0.03,953.69,0.98,320.89,0.97,976.69,0.99,1568.95,,,0.01,0.01,2332.970388,1776212294000
1776212296.679,196.679,0.01,1336.95,,,0.02,218.89,0.03,953.69,0.98,218.89,0.97,953.69,0.99,1366.95,,,0.01,0.01,2332.970388,1776212294000
1776212297.351,197.351,0.01,1306.95,,,0.02,218.89,0.03,953.69,0.98,218.89,0.97,953.69,0.99,1301.95,,,0.01,0.01,2333.105647,1776212296000
1776212297.946,197.946,0.01,1306.95,,,0.02,218.89,0.03,953.69,0.98,218.89,0.97,953.69,0.99,1301.95,,,0.01,0.01,2333.203305,1776212297000
1776212298.257,198.257,0.01,1296.9,,,0.02,238.89,0.03,710.99,0.98,218.89,0.97,953.69,0.99,1301.95,,,0.01,0.01,2333.203305,1776212297000
1776212298.779,198.779,0.01,1185.8,,,0.02,326.64,0.03,860.69,0.98,238.89,0.97,710.99,0.99,1296.9,,,0.01,0.01,2333.203305,1776212297000
1776212299.121,199.121,0.01,1185.8,,,0.02,326.64,0.03,860.69,0.98,326.64,0.97,860.69,0.99,1185.8,,,0.01,0.01,2333.373149,1776212298000
1776212300.297,200.297,0.01,1185.8,,,0.02,326.64,0.03,860.69,0.98,326.64,0.97,860.69,0.99,1185.8,,,0.01,0.01,2333.643284,1776212299000
1776212301.331,201.331,0.01,1185.8,,,0.02,326.64,0.03,860.69,0.98,326.64,0.97,860.69,0.99,1185.8,,,0.01,0.01,2333.407686,1776212300000
1776212301.848,201.848,0.01,1185.8,,,0.02,326.64,0.03,860.69,0.98,326.64,0.97,860.69,0.99,1185.8,,,0.01,0.01,2333.402386,1776212301000
1776212302.59,202.59,0.01,1166.6,,,0.02,777.33,0.03,1014.37,0.98,326.64,0.97,860.69,0.99,1185.8,,,0.01,0.01,2333.402386,1776212301000
1776212303.024,203.024,0.01,1166.6,,,0.02,777.33,0.03,1014.37,0.98,777.33,0.97,1014.37,0.99,1166.6,,,0.01,0.01,2333.279188,1776212302000
1776212303.4,203.4,0.01,1141.6,,,0.02,777.33,0.03,819.37,0.98,777.33,0.97,1014.37,0.99,1166.6,,,0.01,0.01,2333.279188,1776212302000
1776212304.034,204.034,0.01,1061.6,,,0.02,777.33,0.03,819.37,0.98,777.33,0.97,819.37,0.99,1141.6,,,0.01,0.01,2333.279188,1776212302000
1776212304.559,204.559,0.01,1026.6,,,0.02,782.33,0.03,1219.37,0.98,777.33,0.97,819.37,0.99,1056.6,,,0.01,0.01,2333.295839,1776212303000
1776212305.228,205.228,0.01,1026.6,,,0.02,782.33,0.03,1219.37,0.98,782.33,0.97,1219.37,0.99,1026.6,,,0.01,0.01,2333.295586,1776212304000
1776212305.472,205.472,0.01,996.6,,,0.02,793.33,0.03,1019.37,0.98,782.33,0.97,1219.37,0.99,1026.6,,,0.01,0.01,2333.295586,1776212304000
1776212306.097,206.097,0.01,996.6,,,0.02,804.08,0.03,997.37,0.98,793.33,0.97,1019.37,0.99,996.6,,,0.01,0.01,2333.295586,1776212304000
1776212306.476,206.476,0.01,996.6,,,0.02,804.08,0.03,997.37,0.98,804.08,0.97,997.37,0.99,996.6,,,0.01,0.01,2333.300128,1776212305000
1776212306.956,206.956,0.01,996.6,,,0.02,804.08,0.03,997.37,0.98,804.08,0.97,997.37,0.99,996.6,,,0.01,0.01,2333.300198,1776212306000
1776212308.087,208.087,0.01,962.79,,,0.02,818.33,0.03,997.37,0.98,818.33,0.97,997.37,0.99,962.79,,,0.01,0.01,2333.294014,1776212307000
1776212309.261,209.261,0.01,962.79,,,0.02,818.33,0.03,997.37,0.98,818.33,0.97,997.37,0.99,962.79,,,0.01,0.01,2333.298424,1776212308000
1776212309.573,209.573,0.01,919.79,,,0.02,837.33,0.03,1097.37,0.98,737.33,0.97,797.37,0.99,921.79,,,0.01,0.01,2333.298424,1776212308000
1776212309.96,209.96,0.01,873.79,,,0.02,837.33,0.03,1097.37,0.98,837.33,0.97,1097.37,0.99,894.79,,,0.01,0.01,2333.298424,1776212308000
1776212310.17,210.17,0.01,873.79,,,0.02,837.33,0.03,1097.37,0.98,837.33,0.97,1097.37,0.99,873.79,,,0.01,0.01,2333.292914,1776212309000
1776212310.436,210.436,0.01,872.77,,,0.02,1013.79,0.03,1097.37,0.98,837.33,0.97,1097.37,0.99,873.79,,,0.01,0.01,2333.292914,1776212309000
1776212311.035,211.035,0.01,874.44,,,0.02,998.79,0.03,697.37,0.98,1013.79,0.97,1097.37,0.99,872.77,,,0.01,0.01,2333.292914,1776212309000
1776212311.24,211.24,0.01,799.44,,,0.02,998.79,0.03,697.37,0.98,998.79,0.97,697.37,0.99,799.44,,,0.01,0.01,2333.292373,1776212310000
1776212312.285,212.285,0.01,799.44,,,0.02,998.79,0.03,697.37,0.98,998.79,0.97,697.37,0.99,799.44,,,0.01,0.01,2333.294333,1776212311000
1776212313.404,213.404,0.01,799.44,,,0.02,998.79,0.03,697.37,0.98,998.79,0.97,697.37,0.99,799.44,,,0.01,0.01,2333.295294,1776212312000
1776212313.689,213.689,0.01,792.41,,,0.02,952.98,0.03,792.37,0.98,947.98,0.97,792.37,0.99,799.44,,,0.01,0.01,2333.295294,1776212312000
1776212314.253,214.253,0.01,792.41,,,0.02,952.98,0.03,792.37,0.98,952.98,0.97,792.37,0.99,792.41,,,0.01,0.01,2333.495923,1776212313000
1776212315.279,215.279,0.01,792.41,,,0.02,952.98,0.03,792.37,0.98,952.98,0.97,792.37,0.99,792.41,,,0.01,0.01,2333.562051,1776212314000
1776212316.205,216.205,0.01,792.41,,,0.02,952.98,0.03,792.37,0.98,952.98,0.97,792.37,0.99,792.41,,,0.01,0.01,2333.526748,1776212315000
1776212316.759,216.759,0.01,787.3,,,0.02,773.89,0.03,1213.37,0.98,952.98,0.97,792.37,0.99,792.41,,,0.01,0.01,2333.526748,1776212315000
1776212317.172,217.172,0.01,787.3,,,0.02,773.89,0.03,1213.37,0.98,773.89,0.97,1213.37,0.99,787.3,,,0.01,0.01,2333.518448,1776212316000
1776212318.17,218.17,0.01,787.3,,,0.02,773.89,0.03,1213.37,0.98,773.89,0.97,1213.37,0.99,787.3,,,0.01,0.01,2333.580076,1776212317000
1776212318.856,218.856,0.01,1005.65,,,0.02,771.08,0.03,813.37,0.98,773.89,0.97,1213.37,0.99,787.3,,,0.01,0.01,2333.580076,1776212317000
1776212319.096,219.096,0.01,1005.65,,,0.02,771.08,0.03,813.37,0.98,771.08,0.97,813.37,0.99,1005.65,,,0.01,0.01,2333.677719,1776212318000
1776212320.086,220.086,0.01,1005.65,,,0.02,771.08,0.03,813.37,0.98,771.08,0.97,813.37,0.99,1005.65,,,0.01,0.01,2333.770722,1776212319000
1776212320.656,220.656,0.01,586.1,,,0.02,858.08,0.03,1197.37,0.98,771.08,0.97,813.37,0.99,1005.65,,,0.01,0.01,2333.770722,1776212319000
1776212321.08,221.08,0.01,586.1,,,0.02,858.08,0.03,1197.37,0.98,858.08,0.97,1197.37,0.99,586.1,,,0.01,0.01,2333.714251,1776212320000
1776212322.079,222.079,0.01,586.1,,,0.02,858.08,0.03,1197.37,0.98,858.08,0.97,1197.37,0.99,586.1,,,0.01,0.01,2333.667748,1776212321000
1776212323.153,223.153,0.01,586.1,,,0.02,858.08,0.03,1197.37,0.98,858.08,0.97,1197.37,0.99,586.1,,,0.01,0.01,2333.387215,1776212322000
1776212323.706,223.706,0.01,186.1,,,0.02,1126.79,0.03,677.7,0.98,1126.79,0.97,702.7,0.99,587.1,,,0.01,0.01,2333.387215,1776212322000
1776212323.938,223.938,,,,,0.01,13.9,0.02,1226.79,0.98,1126.79,0.97,677.7,0.99,136.1,,,,0.01,2333.387215,1776212322000
1776212324.312,224.312,,,,,0.01,13.9,0.02,1226.79,0.99,13.9,0.98,1226.79,,,,,,,2333.253588,1776212323000
1776212324.941,224.941,,,,,0.01,13.9,0.02,1226.79,0.99,13.9,0.98,1226.79,,,,,,,2333.222914,1776212324000
1776212326.142,226.142,,,,,0.01,551.18,0.02,1006.08,0.99,551.18,0.98,1006.08,,,,,,,2333.069576,1776212325000
1776212327.484,227.484,,,,,0.01,551.18,0.02,1006.08,0.99,551.18,0.98,1006.08,,,,,,,2332.97695,1776212326000
1776212327.908,227.908,,,,,0.01,651.02,0.02,1429.08,0.99,551.18,0.98,1006.08,,,,,,,2332.97695,1776212326000
1776212329.099,229.099,,,,,0.01,651.02,0.02,1429.08,0.99,651.02,0.98,1429.08,,,,,,,2332.903457,1776212328000
1776212330.195,230.195,,,,,0.01,651.02,0.02,1429.08,0.99,651.02,0.98,1429.08,,,,,,,2332.92886,1776212329000
1776212331.35,231.35,,,,,0.01,651.02,0.02,1429.08,0.99,651.02,0.98,1429.08,,,,,,,2332.900649,1776212330000
1776212331.927,231.927,,,,,0.01,651.02,0.02,1429.08,0.99,651.02,0.98,1429.08,,,,,,,2332.902335,1776212331000
1776212333.068,233.068,,,,,0.01,651.02,0.02,1429.08,0.99,651.02,0.98,1429.08,,,,,,,2332.903384,1776212332000
1776212334.27,234.27,,,,,0.01,651.02,0.02,1429.08,0.99,651.02,0.98,1429.08,,,,,,,2332.903315,1776212333000
1776212335.481,235.481,,,,,0.01,651.02,0.02,1429.08,0.99,651.02,0.98,1429.08,,,,,,,2332.929693,1776212334000
1776212336.011,236.011,,,,,0.01,651.02,0.02,1429.08,0.99,651.02,0.98,1429.08,,,,,,,2332.936094,1776212335000
1776212337.071,237.071,,,,,0.01,651.02,0.02,1429.08,0.99,651.02,0.98,1429.08,,,,,,,2332.896315,1776212336000
1776212338.255,238.255,,,,,0.01,651.02,0.02,1429.08,0.99,651.02,0.98,1429.08,,,,,,,2332.798978,1776212337000
1776212339.152,239.152,,,,,0.01,651.02,0.02,1429.08,0.99,651.02,0.98,1429.08,,,,,,,2332.74797,1776212338000
1776212340.271,240.271,,,,,0.01,651.02,0.02,1429.08,0.99,651.02,0.98,1429.08,,,,,,,2332.071656,1776212339000
1776212341.405,241.405,,,,,0.01,651.02,0.02,1429.08,0.99,651.02,0.98,1429.08,,,,,,,2331.932439,1776212340000
1776212341.976,241.976,,,,,0.01,651.02,0.02,1429.08,0.99,651.02,0.98,1429.08,,,,,,,2331.932439,1776212341000
1776212343.067,243.067,,,,,0.01,651.02,0.02,1429.08,0.99,651.02,0.98,1429.08,,,,,,,2331.87961,1776212342000
1776212344.084,244.084,,,,,0.01,651.02,0.02,1429.08,0.99,651.02,0.98,1429.08,,,,,,,2332.012502,1776212343000
1776212344.431,244.431,,,,,0.01,10228.74,0.02,833.14,0.99,651.02,0.98,1429.08,,,,,,,2332.012502,1776212343000
1776212345.124,245.124,,,,,0.01,10228.74,0.02,833.14,0.99,10228.74,0.98,833.14,,,,,,,2332.134402,1776212344000
1776212346.198,246.198,,,,,0.01,10228.74,0.02,833.14,0.99,10228.74,0.98,833.14,,,,,,,2332.249178,1776212345000
1776212347.344,247.344,,,,,0.01,10228.74,0.02,833.14,0.99,10228.74,0.98,833.14,,,,,,,2332.434225,1776212346000
1776212347.86,247.86,,,,,0.01,10228.74,0.02,833.14,0.99,10228.74,0.98,833.14,,,,,,,2332.3761,1776212347000
1776212349.159,249.159,,,,,0.01,10228.74,0.02,833.14,0.99,10228.74,0.98,833.14,,,,,,,2332.314052,1776212348000
1776212350.149,250.149,,,,,0.01,10228.74,0.02,833.14,0.99,10228.74,0.98,833.14,,,,,,,2332.267036,1776212349000
1776212351.189,251.189,,,,,0.01,10228.74,0.02,833.14,0.99,10228.74,0.98,833.14,,,,,,,2332.133172,1776212350000
1776212352.239,252.239,,,,,0.01,10228.74,0.02,833.14,0.99,10228.74,0.98,833.14,,,,,,,2332.033683,1776212351000
1776212353.372,253.372,,,,,0.01,10228.74,0.02,833.14,0.99,10228.74,0.98,833.14,,,,,,,2332.188185,1776212352000
1776212353.938,253.938,,,,,0.01,10228.74,0.02,833.14,0.99,10228.74,0.98,833.14,,,,,,,2332.299771,1776212353000
1776212355.067,255.067,,,,,0.01,10228.74,0.02,833.14,0.99,10228.74,0.98,833.14,,,,,,,2332.423637,1776212354000
1776212356.503,256.503,,,,,0.01,10228.74,0.02,833.14,0.99,10228.74,0.98,833.14,,,,,,,2332.467197,1776212355000
1776212357.147,257.147,,,,,0.01,10228.74,0.02,833.14,0.99,10228.74,0.98,833.14,,,,,,,2332.550221,1776212356000
1776212358.492,258.492,,,,,0.01,10228.74,0.02,833.14,0.99,10228.74,0.98,833.14,,,,,,,2332.459347,1776212357000
1776212359.041,259.041,,,,,0.01,10228.74,0.02,833.14,0.99,10228.74,0.98,833.14,,,,,,,2332.459347,1776212358000
1776212360.319,260.319,,,,,0.01,10228.74,0.02,833.14,0.99,10228.74,0.98,833.14,,,,,,,2332.444102,1776212359000
1776212361.032,261.032,,,,,0.01,10228.74,0.02,833.14,0.99,10228.74,0.98,833.14,,,,,,,2332.444242,1776212360000
1776212362.285,262.285,,,,,0.01,10228.74,0.02,833.14,0.99,10228.74,0.98,833.14,,,,,,,2332.450228,1776212361000
1776212363.144,263.144,,,,,0.01,10228.74,0.02,833.14,0.99,10228.74,0.98,833.14,,,,,,,2332.450178,1776212362000
1776212364.5,264.5,,,,,0.01,10228.74,0.02,833.14,0.99,10228.74,0.98,833.14,,,,,,,2332.457836,1776212363000
1776212365.16,265.16,,,,,0.01,10228.74,0.02,833.14,0.99,10228.74,0.98,833.14,,,,,,,2332.474875,1776212364000
1776212366.632,266.632,,,,,0.01,10228.74,0.02,833.14,0.99,10228.74,0.98,833.14,,,,,,,2332.713438,1776212365000
1776212367.29,267.29,,,,,0.01,10228.74,0.02,833.14,0.99,10228.74,0.98,833.14,,,,,,,2332.713438,1776212366000
1776212368.74,268.74,,,,,0.01,10228.74,0.02,833.14,0.99,10228.74,0.98,833.14,,,,,,,2332.668214,1776212367000
1776212369.528,269.528,,,,,0.01,10228.74,0.02,833.14,0.99,10228.74,0.98,833.14,,,,,,,2332.662535,1776212368000
1776212370.656,270.656,,,,,0.01,10228.74,0.02,833.14,0.99,10228.74,0.98,833.14,,,,,,,2332.628446,1776212369000
1776212371.269,271.269,,,,,0.01,10228.74,0.02,833.14,0.99,10228.74,0.98,833.14,,,,,,,2332.3948,1776212370000
1776212371.955,271.955,,,,,0.01,10228.74,0.02,833.14,0.99,10228.74,0.98,833.14,,,,,,,2332.372968,1776212371000
1776212373.16,273.16,,,,,0.01,10228.74,0.02,833.14,0.99,10228.74,0.98,833.14,,,,,,,2332.534123,1776212372000
1776212374.774,274.774,,,,,0.01,10228.74,0.02,833.14,0.99,10228.74,0.98,833.14,,,,,,,2332.551638,1776212373000
1776212375.443,275.443,,,,,0.01,10228.74,0.02,833.14,0.99,10228.74,0.98,833.14,,,,,,,2332.48303,1776212374000
1776212376.096,276.096,,,,,0.01,10228.74,0.02,833.14,0.99,10228.74,0.98,833.14,,,,,,,2332.498342,1776212375000
1776212377.298,277.298,,,,,0.01,10228.74,0.02,833.14,0.99,10228.74,0.98,833.14,,,,,,,2332.499204,1776212376000
1776212378.537,278.537,,,,,0.01,10228.74,0.02,833.14,0.99,10228.74,0.98,833.14,,,,,,,2332.533803,1776212377000
1776212379.168,279.168,,,,,0.01,10228.74,0.02,833.14,0.99,10228.74,0.98,833.14,,,,,,,2332.506544,1776212378000
1776212380.544,280.544,,,,,0.01,10228.74,0.02,833.14,0.99,10228.74,0.98,833.14,,,,,,,2332.392486,1776212379000
1776212381.271,281.271,,,,,0.01,10228.74,0.02,833.14,0.99,10228.74,0.98,833.14,,,,,,,2332.381511,1776212380000
1776212382.558,282.558,,,,,0.01,10228.74,0.02,833.14,0.99,10228.74,0.98,833.14,,,,,,,2332.388657,1776212381000
1776212383.212,283.212,,,,,0.01,10228.74,0.02,833.14,0.99,10228.74,0.98,833.14,,,,,,,2332.387247,1776212382000
1776212384.347,284.347,,,,,0.01,10228.74,0.02,833.14,0.99,10228.74,0.98,833.14,,,,,,,2332.466031,1776212383000
1776212384.976,284.976,,,,,0.01,10228.74,0.02,833.14,0.99,10228.74,0.98,833.14,,,,,,,2332.482257,1776212384000
1776212386.176,286.176,,,,,0.01,10228.74,0.02,833.14,0.99,10228.74,0.98,833.14,,,,,,,2332.481694,1776212385000
1776212387.104,287.104,,,,,0.01,10228.74,0.02,833.14,0.99,10228.74,0.98,833.14,,,,,,,2332.474962,1776212386000
1776212387.481,287.481,,,,,0.01,12612.87,0.02,384.99,0.99,10228.74,0.98,833.14,,,,,,,2332.474962,1776212386000
1776212388.115,288.115,,,,,0.01,12612.87,0.02,384.99,0.99,12612.87,0.98,384.99,,,,,,,2332.440937,1776212387000
1776212389.161,289.161,,,,,0.01,12612.87,0.02,384.99,0.99,12612.87,0.98,384.99,,,,,,,2332.440646,1776212388000
1776212390.083,290.083,,,,,0.01,12612.87,0.02,384.99,0.99,12612.87,0.98,384.99,,,,,,,2332.43837,1776212389000
1776212391.128,291.128,,,,,0.01,12612.87,0.02,384.99,0.99,12612.87,0.98,384.99,,,,,,,2332.504569,1776212390000
1776212392.172,292.172,,,,,0.01,12612.87,0.02,384.99,0.99,12612.87,0.98,384.99,,,,,,,2332.65533,1776212391000
1776212393.156,293.156,,,,,0.01,12612.87,0.02,384.99,0.99,12612.87,0.98,384.99,,,,,,,2332.50981,1776212392000
1776212394.163,294.163,,,,,0.01,12612.87,0.02,384.99,0.99,12612.87,0.98,384.99,,,,,,,2332.439717,1776212393000
1776212395.122,295.122,,,,,0.01,12612.87,0.02,384.99,0.99,12612.87,0.98,384.99,,,,,,,2332.437631,1776212394000
1776212396.1,296.1,,,,,0.01,12612.87,0.02,384.99,0.99,12612.87,0.98,384.99,,,,,,,2332.445089,1776212395000
1776212397.081,297.081,,,,,0.01,12612.87,0.02,384.99,0.99,12612.87,0.98,384.99,,,,,,,2332.432971,1776212396000
1776212398.136,298.136,,,,,0.01,12612.87,0.02,384.99,0.99,12612.87,0.98,384.99,,,,,,,2332.44866,1776212397000
1776212399.262,299.262,,,,,0.01,12612.87,0.02,384.99,0.99,12612.87,0.98,384.99,,,,,,,2332.43901,1776212398000
1776212400.748,300.748,,,,,0.01,12612.87,0.02,384.99,0.99,12612.87,0.98,384.99,,,,,,,2332.442586,1776212399000

# RESULT,winner=Down,slug=eth-updown-5m-1776212100,ticks=465
