timestamp,elapsed_sec,up_bid_p1,up_bid_s1,up_bid_p2,up_bid_s2,up_ask_p1,up_ask_s1,up_ask_p2,up_ask_s2,down_bid_p1,down_bid_s1,down_bid_p2,down_bid_s2,down_ask_p1,down_ask_s1,down_ask_p2,down_ask_s2,up_spread,down_spread,eth_price,eth_oracle_ts
1776249611.304,11.304,0.51,94.32,0.5,95.5,0.52,147.83,0.53,91.69,0.48,147.83,0.47,91.69,0.49,89.32,0.5,95.5,0.01,0.01,2324.874295,1776244517000
1776249611.632,11.632,0.51,5.0,0.5,85.0,0.52,147.83,0.53,91.69,0.48,147.83,0.47,91.69,0.49,89.32,0.5,95.5,0.01,0.01,2324.874295,1776244517000
1776249612.309,12.309,0.5,20.0,0.49,15.5,0.51,45.89,0.52,134.83,0.48,147.83,0.47,91.69,0.49,5.0,0.5,85.0,0.01,0.01,2324.874295,1776244517000
1776249614.51,14.51,0.5,95.5,0.49,205.5,0.51,60.39,0.52,114.33,0.49,45.89,0.48,134.83,0.5,20.0,0.51,15.5,0.01,0.01,2324.874295,1776244517000
1776249615.753,15.753,0.5,100.5,0.49,205.5,0.51,13.39,0.52,114.33,0.49,60.39,0.48,114.33,0.5,95.5,0.51,205.5,0.01,0.01,2324.874295,1776244517000
1776249617.529,17.529,0.5,100.5,0.49,220.5,0.51,2.01,0.52,108.33,0.49,23.39,0.48,124.83,0.5,95.5,0.51,205.5,0.01,0.01,2324.874295,1776244517000
1776249619.747,19.747,0.5,145.5,0.49,246.49,0.51,0.04,0.52,112.83,0.49,2.01,0.48,108.33,0.5,100.5,0.51,220.5,0.01,0.01,2324.874295,1776244517000
1776249622.237,22.237,0.5,218.49,0.49,125.19,0.52,36.31,0.53,15.0,0.49,0.04,0.48,112.83,0.5,145.5,0.51,246.49,0.02,0.01,2324.874295,1776244517000
1776249624.424,24.424,0.53,50.0,0.52,260.5,0.54,88.64,0.55,60.0,0.47,5.0,0.46,85.5,0.49,58.49,0.5,252.5,0.01,0.02,2324.874295,1776244517000
1776249626.195,26.195,0.53,125.0,0.52,276.49,0.54,84.69,0.55,60.0,0.46,86.6,0.45,60.0,0.47,55.0,0.48,260.5,0.01,0.01,2324.874295,1776244517000
1776249630.972,30.972,0.53,192.49,0.52,293.19,0.55,18.55,0.56,60.0,0.46,80.79,0.45,60.0,0.47,125.0,0.48,276.49,0.02,0.01,2324.874295,1776244517000
1776249631.954,31.954,0.54,149.49,0.53,138.0,0.58,110.0,0.59,62.0,0.45,18.55,0.44,60.0,0.47,192.49,0.48,293.19,0.04,0.02,2324.874295,1776244517000
1776249632.467,32.467,0.57,44.3,0.56,200.0,0.58,26.12,0.59,62.0,0.42,22.85,0.41,62.0,0.46,154.49,0.47,138.0,0.01,0.04,2324.874295,1776244517000
1776249632.875,32.875,0.57,42.2,0.56,200.0,0.58,10.0,0.59,62.0,0.42,26.12,0.41,62.0,0.43,44.3,0.44,200.0,0.01,0.01,2324.874295,1776244517000
1776249633.816,33.816,0.57,42.9,0.56,245.0,0.58,0.09,0.59,7.0,0.42,10.0,0.41,62.0,0.43,42.2,0.44,200.0,0.01,0.01,2324.874295,1776244517000
1776249634.027,34.027,0.57,82.2,0.56,276.0,0.6,15.0,0.61,80.0,0.42,0.09,0.41,7.0,0.43,42.9,0.44,245.0,0.03,0.01,2324.874295,1776244517000
1776249634.389,34.389,0.6,75.0,0.59,85.0,0.61,93.86,0.62,65.0,0.39,80.0,0.38,65.0,0.41,10.0,0.42,16.0,0.01,0.02,2324.874295,1776244517000
1776249634.915,34.915,0.6,80.0,0.59,80.0,0.61,77.46,0.62,65.0,0.39,93.86,0.38,65.0,0.4,75.0,0.41,85.0,0.01,0.01,2324.874295,1776244517000
1776249635.141,35.141,0.6,142.5,0.59,80.0,0.61,77.46,0.62,69.0,0.39,77.46,0.38,65.0,0.4,80.0,0.41,80.0,0.01,0.01,2324.874295,1776244517000
1776249635.514,35.514,0.6,87.5,0.59,80.0,0.61,75.82,0.62,55.0,0.39,77.46,0.38,69.0,0.4,142.5,0.41,80.0,0.01,0.01,2324.874295,1776244517000
1776249636.097,36.097,0.6,147.5,0.59,95.5,0.61,73.42,0.62,55.0,0.39,75.82,0.38,55.0,0.4,87.5,0.41,80.0,0.01,0.01,2324.874295,1776244517000
1776249637.155,37.155,0.6,147.5,0.59,103.99,0.61,71.78,0.62,55.0,0.39,73.42,0.38,55.0,0.4,147.5,0.41,95.5,0.01,0.01,2324.874295,1776244517000
1776249642.961,42.961,0.61,142.85,0.6,303.99,0.62,68.88,0.63,65.0,0.39,71.78,0.38,55.0,0.4,147.5,0.41,103.99,0.01,0.01,2324.874295,1776244517000
1776249643.762,43.762,0.61,140.28,0.6,303.99,0.62,68.88,0.63,60.0,0.38,68.88,0.37,65.0,0.39,142.85,0.4,303.99,0.01,0.01,2324.874295,1776244517000
1776249646.565,46.565,0.61,195.78,0.6,303.99,0.62,0.5,0.63,55.0,0.38,68.88,0.37,60.0,0.39,140.28,0.4,303.99,0.01,0.01,2324.874295,1776244517000
1776249647.474,47.474,0.62,80.0,0.61,180.28,0.63,59.86,0.64,115.89,0.38,0.5,0.37,55.0,0.39,195.78,0.4,303.99,0.01,0.01,2324.874295,1776244517000
1776249649.328,49.328,0.63,176.3,0.62,227.19,0.64,83.89,0.65,120.5,0.37,59.86,0.36,115.89,0.38,80.0,0.39,180.28,0.01,0.01,2324.874295,1776244517000
1776249649.798,49.798,0.63,172.5,0.62,261.49,0.65,95.32,0.66,80.5,0.36,83.89,0.35,120.5,0.37,176.3,0.38,227.19,0.02,0.01,2324.874295,1776244517000
1776249651.568,51.568,0.64,39.0,0.63,110.0,0.65,70.82,0.66,94.5,0.35,95.32,0.34,80.5,0.37,172.5,0.38,261.49,0.01,0.02,2324.874295,1776244517000
1776249652.907,52.907,0.63,165.0,0.62,217.49,0.64,50.35,0.65,70.82,0.35,65.82,0.34,94.5,0.37,110.0,0.38,131.99,0.01,0.02,2324.874295,1776244517000
1776249653.598,53.598,0.63,225.5,0.62,278.64,0.65,70.82,0.66,81.5,0.36,50.35,0.35,70.82,0.37,165.0,0.38,217.49,0.02,0.01,2324.874295,1776244517000
1776249654.366,54.366,0.64,91.94,0.63,205.5,0.65,70.82,0.66,75.5,0.35,70.82,0.34,81.5,0.37,225.5,0.38,278.64,0.01,0.02,2324.874295,1776244517000
1776249654.769,54.769,0.64,83.88,0.63,205.5,0.65,70.82,0.66,75.5,0.35,70.82,0.34,75.5,0.36,91.94,0.37,205.5,0.01,0.01,2324.874295,1776244517000
1776249658.442,58.442,0.64,86.1,0.63,227.91,0.65,60.32,0.66,75.5,0.35,70.82,0.34,75.5,0.36,83.88,0.37,205.5,0.01,0.01,2324.874295,1776244517000
1776249659.624,59.624,0.64,12.14,0.63,70.0,0.65,85.82,0.66,83.5,0.35,60.32,0.34,75.5,0.36,80.14,0.37,227.91,0.01,0.01,2324.874295,1776244517000
1776249660.664,60.664,0.64,79.82,0.63,153.49,0.65,58.22,0.66,75.5,0.35,85.82,0.34,83.5,0.36,12.14,0.37,70.0,0.01,0.01,2324.874295,1776244517000
1776249661.129,61.129,0.64,122.04,0.63,153.49,0.65,5.0,0.66,65.0,0.35,58.22,0.34,75.5,0.36,79.82,0.37,153.49,0.01,0.01,2324.874295,1776244517000
1776249661.72,61.72,0.65,66.0,0.64,146.34,0.67,49.0,0.68,115.0,0.35,5.0,0.34,65.0,0.36,122.04,0.37,153.49,0.02,0.01,2324.874295,1776244517000
1776249662.279,62.279,0.66,25.0,0.65,61.3,0.67,79.12,0.68,130.5,0.33,49.0,0.32,115.0,0.35,66.0,0.36,146.34,0.01,0.02,2324.874295,1776244517000
1776249662.619,62.619,0.66,9.0,0.65,40.0,0.67,34.12,0.68,138.5,0.33,34.12,0.32,138.5,0.34,31.0,0.35,40.0,0.01,0.01,2324.874295,1776244517000
1776249662.841,62.841,0.65,30.0,0.64,42.18,0.67,41.12,0.68,130.5,0.33,34.12,0.32,138.5,0.34,9.0,0.35,40.0,0.02,0.01,2324.874295,1776244517000
1776249664.488,64.488,0.65,84.06,0.64,70.0,0.66,20.5,0.67,111.12,0.34,10.0,0.33,116.12,0.35,19.0,0.36,42.18,0.01,0.01,2324.874295,1776244517000
1776249664.933,64.933,0.65,80.91,0.64,130.5,0.66,70.0,0.67,160.12,0.34,20.5,0.33,111.12,0.35,84.06,0.36,70.0,0.01,0.01,2324.874295,1776244517000
1776249666.574,66.574,0.65,75.91,0.64,65.0,0.66,78.27,0.67,175.12,0.34,70.0,0.33,160.12,0.35,80.91,0.36,130.5,0.01,0.01,2324.874295,1776244517000
1776249667.081,67.081,0.65,9.81,0.64,65.0,0.66,93.27,0.67,165.12,0.34,78.27,0.33,175.12,0.35,75.91,0.36,65.0,0.01,0.01,2324.874295,1776244517000
1776249667.326,67.326,0.64,110.56,0.63,80.5,0.66,70.5,0.67,175.12,0.34,93.27,0.33,165.12,0.35,9.81,0.36,65.0,0.02,0.01,2324.874295,1776244517000
1776249669.086,69.086,0.64,164.08,0.63,210.5,0.65,5.0,0.66,5.0,0.34,70.5,0.33,175.12,0.36,110.56,0.37,80.5,0.01,0.02,2324.874295,1776244517000
1776249669.957,69.957,0.71,46.31,0.69,7.24,0.73,7.0,0.76,10.0,0.34,5.0,0.33,82.62,0.35,6.0,0.36,169.08,0.02,0.01,2324.874295,1776244517000
1776249670.175,70.175,0.8,10.0,0.79,80.0,0.81,110.61,0.82,60.0,0.19,96.97,0.18,60.0,0.23,15.0,0.24,15.0,0.01,0.04,2324.874295,1776244517000
1776249670.434,70.434,0.8,82.0,0.79,10.0,0.81,105.61,0.82,55.0,0.19,110.61,0.18,60.0,0.2,10.0,0.21,80.0,0.01,0.01,2324.874295,1776244517000
1776249670.847,70.847,0.8,27.0,0.79,10.0,0.81,111.77,0.82,55.0,0.19,105.61,0.18,55.0,0.2,82.0,0.21,10.0,0.01,0.01,2324.874295,1776244517000
1776249671.106,71.106,0.8,2.5,0.79,9.9,0.81,95.84,0.82,55.0,0.19,100.53,0.18,65.0,0.21,4.9,0.22,12.0,0.01,0.02,2324.874295,1776244517000
1776249671.324,71.324,0.78,26.4,0.77,55.0,0.81,11.69,0.82,55.0,0.19,95.84,0.18,55.0,0.22,6.4,0.23,55.0,0.03,0.03,2324.874295,1776244517000
1776249671.882,71.882,0.81,30.0,0.8,25.5,0.82,10.4,0.83,5.0,0.18,5.0,0.17,130.0,0.2,10.0,0.21,10.0,0.01,0.02,2324.874295,1776244517000
1776249672.671,72.671,0.83,40.0,0.82,22.0,0.84,29.5,0.85,103.5,0.16,55.0,0.15,93.0,0.19,30.0,0.2,25.5,0.01,0.03,2324.874295,1776244517000
1776249673.187,73.187,0.81,71.31,0.8,36.8,0.84,164.81,0.85,283.5,0.16,29.5,0.15,103.5,0.17,40.0,0.18,22.0,0.03,0.01,2324.874295,1776244517000
1776249673.483,73.483,0.81,45.0,0.8,59.3,0.82,63.2,0.83,90.5,0.16,164.81,0.15,283.5,0.19,71.31,0.2,36.8,0.01,0.03,2324.874295,1776244517000
1776249673.891,73.891,0.79,50.16,0.78,230.5,0.8,51.7,0.81,103.5,0.2,6.7,0.19,76.5,0.21,50.0,0.22,220.5,0.01,0.01,2324.874295,1776244517000
1776249674.729,74.729,0.79,139.95,0.78,122.19,0.8,135.36,0.81,331.5,0.2,60.7,0.19,103.5,0.21,50.16,0.22,135.5,0.01,0.01,2324.874295,1776244517000
1776249674.934,74.934,0.79,166.64,0.78,122.19,0.8,135.36,0.81,331.5,0.2,135.36,0.19,331.5,0.21,139.95,0.22,122.19,0.01,0.01,2324.874295,1776244517000
1776249675.445,75.445,0.79,136.14,0.78,101.69,0.8,114.7,0.81,317.5,0.2,135.36,0.19,331.5,0.21,156.64,0.22,122.19,0.01,0.01,2324.874295,1776244517000
1776249675.7,75.7,0.79,78.19,0.78,84.69,0.8,149.7,0.81,317.5,0.2,124.7,0.19,317.5,0.21,101.86,0.22,101.69,0.01,0.01,2324.874295,1776244517000
1776249675.951,75.951,0.79,3.19,0.78,84.69,0.8,215.2,0.81,144.5,0.2,149.7,0.19,317.5,0.21,78.19,0.22,84.69,0.01,0.01,2324.874295,1776244517000
1776249676.549,76.549,0.77,40.07,0.75,120.0,0.78,18.0,0.79,88.0,0.2,215.2,0.19,144.5,0.21,3.19,0.22,84.69,0.01,0.01,2324.874295,1776244517000
1776249677.044,77.044,0.77,40.07,0.75,120.0,0.78,28.0,0.79,138.0,0.22,18.0,0.21,88.0,0.23,40.07,0.25,120.0,0.01,0.01,2324.874295,1776244517000
1776249677.696,77.696,0.76,0.9,0.75,120.0,0.78,109.0,0.79,138.0,0.22,28.0,0.21,138.0,0.23,40.07,0.25,120.0,0.02,0.01,2324.874295,1776244517000
1776249678.095,78.095,0.75,120.0,0.74,58.0,0.77,98.5,0.78,84.5,0.22,109.0,0.21,138.0,0.24,0.9,0.25,120.0,0.02,0.02,2324.874295,1776244517000
1776249678.65,78.65,0.75,31.0,0.74,83.5,0.76,95.5,0.77,189.5,0.24,83.18,0.23,163.5,0.25,35.0,0.26,63.0,0.01,0.01,2324.874295,1776244517000
1776249679.428,79.428,0.75,121.5,0.74,128.5,0.77,140.0,0.78,85.0,0.24,95.5,0.23,189.5,0.25,31.0,0.26,83.5,0.02,0.01,2324.874295,1776244517000
1776249679.87,79.87,0.76,69.5,0.75,108.5,0.77,116.0,0.78,70.0,0.23,140.0,0.22,85.0,0.25,121.5,0.26,128.5,0.01,0.02,2324.874295,1776244517000
1776249680.281,80.281,0.76,69.5,0.75,113.5,0.77,119.7,0.78,70.0,0.23,116.0,0.22,70.0,0.24,69.5,0.25,108.5,0.01,0.01,2324.874295,1776244517000
1776249680.975,80.975,0.76,69.5,0.75,106.5,0.77,118.31,0.78,70.0,0.23,119.7,0.22,70.0,0.24,69.5,0.25,113.5,0.01,0.01,2324.874295,1776244517000
1776249681.263,81.263,0.76,61.79,0.75,101.5,0.77,123.31,0.78,70.0,0.23,118.31,0.22,70.0,0.24,62.0,0.25,106.5,0.01,0.01,2324.874295,1776244517000
1776249681.847,81.847,0.76,107.33,0.75,109.19,0.77,118.31,0.78,75.0,0.23,123.31,0.22,70.0,0.24,61.79,0.25,101.5,0.01,0.01,2324.874295,1776244517000
1776249682.229,82.229,0.76,47.87,0.75,109.19,0.77,117.93,0.78,85.5,0.23,115.73,0.22,75.0,0.24,97.87,0.25,109.19,0.01,0.01,2324.874295,1776244517000
1776249683.875,83.875,0.76,93.7,0.75,114.19,0.77,135.0,0.78,85.5,0.23,117.93,0.22,85.5,0.24,47.87,0.25,109.19,0.01,0.01,2324.874295,1776244517000
1776249684.589,84.589,0.75,3.0,0.74,95.0,0.76,112.5,0.77,208.5,0.23,135.0,0.22,85.5,0.24,93.7,0.25,114.19,0.01,0.01,2324.874295,1776244517000
1776249686.269,86.269,0.74,9.03,0.73,75.0,0.76,152.5,0.77,375.49,0.24,112.5,0.23,208.5,0.25,3.0,0.26,95.0,0.02,0.01,2324.874295,1776244517000
1776249687.27,87.27,0.74,35.68,0.73,135.5,0.75,95.0,0.76,98.5,0.24,152.5,0.23,375.49,0.26,9.03,0.27,75.0,0.01,0.02,2324.874295,1776244517000
1776249689.477,89.477,0.73,135.5,0.72,92.5,0.75,10.0,0.76,79.5,0.25,95.0,0.24,98.5,0.26,35.68,0.27,135.5,0.02,0.01,2324.874295,1776244517000
1776249690.633,90.633,0.74,95.5,0.73,165.5,0.75,79.07,0.76,89.5,0.25,10.0,0.24,79.5,0.27,135.5,0.28,92.5,0.01,0.02,2324.874295,1776244517000
1776249691.253,91.253,0.74,60.5,0.73,170.5,0.75,35.0,0.76,79.5,0.25,79.07,0.24,89.5,0.26,95.5,0.27,165.5,0.01,0.01,2324.874295,1776244517000
1776249692.662,92.662,0.75,97.22,0.74,90.5,0.76,15.0,0.77,140.5,0.25,35.0,0.24,79.5,0.26,60.5,0.27,170.5,0.01,0.01,2324.874295,1776244517000
1776249695.026,95.026,0.75,137.22,0.74,95.5,0.76,12.36,0.77,145.5,0.24,15.0,0.23,140.5,0.25,97.22,0.26,90.5,0.01,0.01,2324.874295,1776244517000
1776249696.838,96.838,0.75,140.66,0.74,120.5,0.76,12.36,0.77,145.5,0.24,12.36,0.23,145.5,0.25,137.22,0.26,95.5,0.01,0.01,2324.874295,1776244517000
1776249697.45,97.45,0.75,144.36,0.74,145.5,0.76,7.36,0.77,130.0,0.24,12.36,0.23,145.5,0.25,140.66,0.26,120.5,0.01,0.01,2324.874295,1776244517000
1776249698.254,98.254,0.76,42.64,0.75,172.08,0.78,65.0,0.79,160.5,0.24,12.36,0.23,80.0,0.25,135.08,0.26,145.5,0.02,0.01,2324.874295,1776244517000
1776249701.855,101.855,0.77,127.45,0.76,137.64,0.78,20.0,0.79,30.0,0.22,65.0,0.21,160.5,0.24,42.64,0.25,172.08,0.01,0.02,2324.874295,1776244517000
1776249702.136,102.136,0.77,105.5,0.76,122.64,0.78,5.0,0.79,30.0,0.22,20.0,0.21,30.0,0.23,127.45,0.24,137.64,0.01,0.01,2324.874295,1776244517000
1776249706.813,106.813,0.8,160.5,0.79,135.5,0.81,73.31,0.82,31.31,0.21,30.0,0.2,21.7,0.23,100.5,0.24,122.64,0.01,0.02,2324.874295,1776244517000
1776249709.115,109.115,0.81,162.65,0.8,125.5,0.82,10.0,0.83,70.0,0.19,73.31,0.18,31.31,0.2,160.5,0.21,135.5,0.01,0.01,2324.874295,1776244517000
1776249710.472,110.472,0.82,125.5,0.81,130.5,0.83,13.09,0.84,225.5,0.18,10.0,0.17,70.0,0.19,162.65,0.2,125.5,0.01,0.01,2324.874295,1776244517000
1776249711.707,111.707,0.82,97.94,0.81,182.19,0.83,19.03,0.84,225.5,0.17,13.09,0.16,225.5,0.18,125.5,0.19,130.5,0.01,0.01,2324.874295,1776244517000
1776249712.045,112.045,0.82,77.44,0.81,177.19,0.83,13.0,0.84,230.5,0.17,19.03,0.16,225.5,0.18,97.94,0.19,182.19,0.01,0.01,2324.874295,1776244517000
1776249712.617,112.617,0.81,51.69,0.8,70.0,0.82,7.0,0.83,198.43,0.17,13.0,0.16,230.5,0.18,77.44,0.19,177.19,0.01,0.01,2324.874295,1776244517000
1776249712.99,112.99,0.81,0.69,0.8,10.0,0.82,42.5,0.83,198.43,0.18,7.0,0.17,203.43,0.19,35.69,0.2,70.0,0.01,0.01,2324.874295,1776244517000
1776249713.45,113.45,0.79,65.0,0.78,75.5,0.8,91.86,0.81,20.31,0.2,15.31,0.18,65.5,0.21,75.0,0.22,90.5,0.01,0.01,2324.874295,1776244517000
1776249713.8,113.8,0.79,80.5,0.78,75.5,0.8,71.78,0.81,85.81,0.2,91.86,0.19,20.31,0.21,65.0,0.22,75.5,0.01,0.01,2324.874295,1776244517000
1776249714.141,114.141,0.79,190.17,0.78,75.5,0.8,65.63,0.81,85.81,0.2,70.63,0.19,85.81,0.21,80.5,0.22,75.5,0.01,0.01,2324.874295,1776244517000
1776249714.663,114.663,0.79,202.17,0.78,80.5,0.81,20.81,0.82,220.49,0.2,65.63,0.19,85.81,0.21,190.17,0.22,75.5,0.02,0.01,2324.874295,1776244517000
1776249715.306,115.306,0.8,214.77,0.79,70.73,0.82,211.1,0.83,103.49,0.19,12.11,0.18,220.49,0.2,35.5,0.21,187.17,0.02,0.01,2324.874295,1776244517000
1776249716.097,116.097,0.81,13.73,0.8,134.27,0.82,226.1,0.83,103.49,0.18,211.1,0.17,103.49,0.2,214.77,0.21,70.73,0.01,0.02,2324.874295,1776244517000
1776249716.423,116.423,0.81,5.73,0.77,10.0,0.82,292.1,0.83,168.49,0.18,226.1,0.17,103.49,0.19,13.73,0.2,134.27,0.01,0.01,2324.874295,1776244517000
1776249717.41,117.41,0.77,211.63,0.76,123.14,0.78,21.71,0.79,78.06,0.18,292.1,0.17,168.49,0.23,5.86,0.24,107.64,0.01,0.05,2324.874295,1776244517000
1776249718.031,118.031,0.77,106.37,0.76,123.14,0.78,2.35,0.79,78.06,0.22,21.71,0.21,78.06,0.23,211.63,0.24,123.14,0.01,0.01,2324.874295,1776244517000
1776249718.854,118.854,0.77,157.19,0.76,123.14,0.78,52.14,0.79,78.06,0.22,2.35,0.21,78.06,0.23,106.37,0.24,123.14,0.01,0.01,2324.874295,1776244517000
1776249719.248,119.248,0.78,5.45,0.77,162.19,0.79,78.06,0.8,155.55,0.22,52.14,0.21,78.06,0.23,157.19,0.24,123.14,0.01,0.01,2324.874295,1776244517000
1776249720.09,120.09,0.78,75.58,0.77,152.19,0.79,86.06,0.8,155.55,0.21,78.06,0.2,155.55,0.22,5.45,0.23,162.19,0.01,0.01,2324.874295,1776244517000
1776249720.415,120.415,0.78,25.45,0.77,147.19,0.79,79.9,0.8,155.55,0.21,75.73,0.2,155.55,0.22,76.21,0.23,152.19,0.01,0.01,2324.874295,1776244517000
1776249720.65,120.65,0.78,15.45,0.77,162.19,0.79,63.7,0.8,155.55,0.21,79.9,0.2,155.55,0.22,25.45,0.23,147.19,0.01,0.01,2324.874295,1776244517000
1776249720.996,120.996,0.78,25.9,0.77,152.19,0.79,68.7,0.8,155.55,0.21,63.7,0.2,155.55,0.22,15.45,0.23,162.19,0.01,0.01,2324.874295,1776244517000
1776249721.914,121.914,0.78,96.85,0.77,152.19,0.79,6.0,0.8,85.05,0.21,68.7,0.2,155.55,0.22,25.9,0.23,152.19,0.01,0.01,2324.874295,1776244517000
1776249722.213,122.213,0.78,106.85,0.77,152.19,0.8,84.72,0.81,75.5,0.21,6.0,0.2,85.05,0.22,96.85,0.23,152.19,0.02,0.01,2324.874295,1776244517000
1776249723.3,123.3,0.79,5.0,0.78,1.35,0.8,164.27,0.81,80.5,0.2,84.72,0.19,75.5,0.22,106.85,0.23,152.19,0.01,0.02,2324.874295,1776244517000
1776249723.826,123.826,0.79,0.23,0.78,1.35,0.8,164.27,0.81,80.5,0.2,164.27,0.19,80.5,0.21,5.0,0.22,1.35,0.01,0.01,2324.874295,1776244517000
1776249724.868,124.868,0.8,91.5,0.79,95.73,0.81,5.0,0.82,82.5,0.2,164.27,0.19,80.5,0.21,0.23,0.22,1.35,0.01,0.01,2324.874295,1776244517000
1776249725.701,125.701,0.82,5.0,0.81,125.5,0.83,84.44,0.84,305.5,0.19,5.0,0.18,82.5,0.2,91.5,0.21,95.73,0.01,0.01,2324.874295,1776244517000
1776249726.174,126.174,0.81,119.97,0.8,136.5,0.82,3.92,0.83,79.44,0.17,79.44,0.16,305.5,0.19,114.97,0.2,136.5,0.01,0.02,2324.874295,1776244517000
1776249728.403,128.403,0.78,0.75,0.77,125.51,0.81,62.5,0.82,232.55,0.18,3.92,0.17,79.44,0.19,119.97,0.2,136.5,0.03,0.01,2324.874295,1776244517000
1776249728.729,128.729,0.77,56.03,0.76,110.5,0.78,75.0,0.79,105.5,0.19,62.5,0.18,232.55,0.22,0.75,0.23,125.51,0.01,0.03,2324.874295,1776244517000
1776249729.873,129.873,0.77,85.5,0.76,110.5,0.78,21.04,0.79,135.0,0.22,73.58,0.21,105.5,0.23,20.32,0.24,110.5,0.01,0.01,2324.874295,1776244517000
1776249730.108,130.108,0.77,90.5,0.76,110.5,0.79,135.0,0.8,236.5,0.22,19.75,0.21,135.0,0.23,85.5,0.24,110.5,0.02,0.01,2324.874295,1776244517000
1776249732.317,132.317,0.78,55.04,0.77,95.5,0.79,90.0,0.8,91.5,0.21,135.0,0.2,236.5,0.23,90.5,0.24,110.5,0.01,0.02,2324.874295,1776244517000
1776249732.568,132.568,0.78,95.54,0.77,95.5,0.79,73.03,0.8,96.55,0.21,79.36,0.2,91.5,0.22,55.04,0.23,95.5,0.01,0.01,2324.874295,1776244517000
1776249733.194,133.194,0.78,193.38,0.77,127.5,0.79,63.03,0.8,70.5,0.21,68.03,0.2,96.55,0.22,95.54,0.23,95.5,0.01,0.01,2324.874295,1776244517000
1776249734.699,134.699,0.78,162.34,0.77,137.5,0.79,36.6,0.8,75.55,0.21,29.11,0.2,70.5,0.22,188.38,0.23,127.5,0.01,0.01,2324.874295,1776244517000
1776249735.532,135.532,0.76,3.12,0.75,10.0,0.77,64.5,0.78,114.5,0.21,36.6,0.2,75.55,0.22,162.34,0.23,137.5,0.01,0.01,2324.874295,1776244517000
1776249735.828,135.828,0.76,1.53,0.75,10.0,0.77,109.5,0.78,114.5,0.23,64.5,0.22,114.5,0.24,3.12,0.25,10.0,0.01,0.01,2324.874295,1776244517000
1776249736.63,136.63,0.76,12.75,0.75,10.0,0.77,33.76,0.78,137.47,0.23,83.61,0.22,114.5,0.24,1.53,0.25,10.0,0.01,0.01,2324.874295,1776244517000
1776249738.0,138.0,0.76,123.35,0.75,25.5,0.77,47.2,0.78,137.47,0.23,32.11,0.22,137.47,0.24,12.75,0.25,10.0,0.01,0.01,2324.874295,1776244517000
1776249739.238,139.238,0.76,188.85,0.75,85.5,0.77,8.7,0.78,116.97,0.23,47.2,0.22,137.47,0.24,123.35,0.25,25.5,0.01,0.01,2324.874295,1776244517000
1776249739.553,139.553,0.77,16.87,0.76,177.63,0.78,115.17,0.79,111.1,0.22,125.67,0.21,111.1,0.24,193.85,0.25,85.5,0.01,0.02,2324.874295,1776244517000
1776249741.382,141.382,0.77,213.07,0.76,101.5,0.78,7.97,0.79,77.1,0.22,115.17,0.21,111.1,0.23,16.87,0.24,177.63,0.01,0.01,2324.874295,1776244517000
1776249742.544,142.544,0.77,117.37,0.76,150.71,0.79,84.71,0.8,75.5,0.22,7.97,0.21,77.1,0.23,208.72,0.24,95.5,0.02,0.01,2324.874295,1776244517000
1776249742.85,142.85,0.78,15.0,0.77,108.02,0.79,92.2,0.8,80.5,0.21,84.71,0.2,75.5,0.23,108.02,0.24,150.71,0.01,0.02,2324.874295,1776244517000
1776249743.068,143.068,0.78,15.0,0.77,108.02,0.79,89.23,0.8,80.5,0.21,92.2,0.2,80.5,0.22,15.0,0.23,108.02,0.01,0.01,2324.874295,1776244517000
1776249743.531,143.531,0.78,17.97,0.77,100.5,0.79,85.41,0.8,80.5,0.21,85.41,0.2,80.5,0.22,15.0,0.23,108.02,0.01,0.01,2324.874295,1776244517000
1776249743.906,143.906,0.78,43.47,0.77,110.5,0.79,58.1,0.8,65.0,0.21,85.41,0.2,80.5,0.22,17.97,0.23,100.5,0.01,0.01,2324.874295,1776244517000
1776249744.485,144.485,0.79,135.5,0.78,98.47,0.81,64.5,0.82,84.42,0.21,58.1,0.2,65.0,0.22,43.47,0.23,110.5,0.02,0.01,2324.874295,1776244517000
1776249745.499,145.499,0.79,27.52,0.78,25.45,0.8,70.0,0.81,85.81,0.19,64.5,0.18,84.42,0.21,135.5,0.22,98.47,0.01,0.02,2324.874295,1776244517000
1776249746.366,146.366,0.79,37.52,0.78,85.45,0.8,88.07,0.81,85.81,0.2,70.0,0.19,85.81,0.21,27.52,0.22,25.45,0.01,0.01,2324.874295,1776244517000
1776249746.755,146.755,0.79,8.71,0.78,85.45,0.8,88.07,0.81,85.81,0.2,88.07,0.19,85.81,0.21,37.52,0.22,85.45,0.01,0.01,2324.874295,1776244517000
1776249747.698,147.698,0.78,89.61,0.77,90.5,0.79,10.5,0.8,83.07,0.2,83.07,0.19,85.81,0.22,84.16,0.23,90.5,0.01,0.02,2324.874295,1776244517000
1776249748.205,148.205,0.79,15.0,0.78,84.61,0.8,75.57,0.81,85.81,0.21,10.5,0.2,83.07,0.22,89.61,0.23,90.5,0.01,0.01,2324.874295,1776244517000
1776249748.447,148.447,0.79,15.0,0.78,90.11,0.8,67.89,0.81,85.81,0.2,65.62,0.19,85.81,0.21,15.0,0.22,90.11,0.01,0.01,2324.874295,1776244517000
1776249748.654,148.654,0.79,10.0,0.78,95.11,0.8,71.64,0.81,85.81,0.2,67.89,0.19,85.81,0.21,15.0,0.22,90.11,0.01,0.01,2324.874295,1776244517000
1776249749.657,149.657,0.79,30.0,0.78,95.11,0.8,75.39,0.81,85.81,0.2,71.64,0.19,85.81,0.21,10.0,0.22,95.11,0.01,0.01,2324.874295,1776244517000
1776249751.833,151.833,0.75,66.78,0.74,141.5,0.77,17.0,0.78,150.49,0.2,75.39,0.19,85.81,0.21,30.0,0.22,95.11,0.02,0.01,2324.874295,1776244517000
1776249752.283,152.283,0.73,150.0,0.72,135.0,0.75,23.66,0.76,169.0,0.24,29.0,0.23,36.0,0.25,78.81,0.26,151.5,0.02,0.01,2324.874295,1776244517000
1776249753.038,153.038,0.73,185.0,0.72,155.5,0.74,44.36,0.75,209.49,0.25,23.66,0.24,169.0,0.27,150.0,0.28,135.0,0.01,0.02,2324.874295,1776244517000
1776249755.128,155.128,0.73,56.29,0.72,225.5,0.74,80.0,0.75,150.5,0.26,44.36,0.25,209.49,0.27,185.0,0.28,155.5,0.01,0.01,2324.874295,1776244517000
1776249755.564,155.564,0.74,8.0,0.73,152.79,0.77,49.0,0.78,25.0,0.26,80.0,0.25,150.5,0.27,56.29,0.28,225.5,0.03,0.01,2324.874295,1776244517000
1776249762.485,162.485,0.83,149.61,0.82,142.5,0.84,56.31,0.85,88.0,0.23,49.0,0.22,25.0,0.26,8.0,0.27,152.79,0.01,0.03,2324.874295,1776244517000
1776249762.988,162.988,0.84,110.1,0.83,124.61,0.85,94.73,0.86,95.0,0.16,56.31,0.15,88.0,0.17,149.61,0.18,142.5,0.01,0.01,2324.874295,1776244517000
1776249763.29,163.29,0.84,134.25,0.83,134.61,0.85,77.67,0.86,95.0,0.15,83.67,0.14,95.0,0.16,139.25,0.17,124.61,0.01,0.01,2324.874295,1776244517000
1776249763.491,163.491,0.84,134.25,0.83,134.61,0.85,76.47,0.86,95.0,0.15,77.67,0.14,95.0,0.16,134.25,0.17,134.61,0.01,0.01,2324.874295,1776244517000
1776249763.941,163.941,0.84,139.25,0.83,155.44,0.85,74.47,0.86,95.0,0.15,76.47,0.14,95.0,0.16,134.25,0.17,134.61,0.01,0.01,2324.874295,1776244517000
1776249766.481,166.481,0.84,157.25,0.83,309.64,0.85,2.64,0.86,50.0,0.15,74.47,0.14,95.0,0.16,139.25,0.17,155.44,0.01,0.01,2324.874295,1776244517000
1776249766.682,166.682,0.84,115.5,0.83,285.53,0.85,6.01,0.86,100.0,0.15,1.64,0.14,100.0,0.16,128.5,0.17,285.53,0.01,0.01,2324.874295,1776244517000
1776249767.768,167.768,0.87,108.5,0.86,277.86,0.88,45.0,0.89,25.0,0.13,60.0,0.12,45.0,0.14,48.36,0.16,100.5,0.01,0.01,2324.874295,1776244517000
1776249768.137,168.137,0.87,82.8,0.86,282.86,0.88,10.0,0.89,25.0,0.12,45.0,0.11,25.0,0.13,108.5,0.14,277.86,0.01,0.01,2324.874295,1776244517000
1776249768.4,168.4,0.87,102.8,0.86,282.86,0.92,88.79,0.93,200.13,0.12,10.0,0.11,25.0,0.13,82.8,0.14,282.86,0.05,0.01,2324.874295,1776244517000
1776249768.657,168.657,0.91,40.0,0.9,80.0,0.92,19.93,0.93,75.0,0.08,141.37,0.07,200.13,0.09,40.0,0.1,75.0,0.01,0.01,2324.874295,1776244517000
1776249768.974,168.974,0.91,20.0,0.9,80.0,0.95,51.93,0.96,50.0,0.08,13.48,0.07,75.0,0.09,70.0,0.1,80.0,0.04,0.01,2324.874295,1776244517000
1776249769.259,169.259,0.94,0.68,0.93,10.0,0.95,46.13,0.96,50.0,0.05,66.13,0.04,50.0,0.06,5.48,0.07,10.0,0.01,0.01,2324.874295,1776244517000
1776249769.484,169.484,0.94,10.68,0.93,10.0,0.95,10.65,0.96,50.0,0.05,35.65,0.04,55.0,0.06,10.68,0.07,10.0,0.01,0.01,2324.874295,1776244517000
1776249769.724,169.724,0.91,20.0,0.9,95.0,0.92,59.23,0.93,134.0,0.05,11.81,0.04,150.0,0.06,1.32,0.07,10.0,0.01,0.01,2324.874295,1776244517000
1776249770.018,170.018,0.92,15.0,0.91,15.0,0.94,64.0,0.95,10.0,0.08,59.23,0.07,134.0,0.09,20.0,0.1,95.0,0.02,0.01,2324.874295,1776244517000
1776249770.476,170.476,0.9,0.39,0.89,28.21,0.93,22.67,0.94,84.0,0.06,69.0,0.05,10.0,0.09,8.77,0.1,85.0,0.03,0.03,2324.874295,1776244517000
1776249770.787,170.787,0.9,15.39,0.89,83.21,0.91,27.76,0.93,20.86,0.07,22.67,0.06,84.0,0.1,0.39,0.11,28.21,0.01,0.03,2324.874295,1776244517000
1776249771.246,171.246,0.9,20.39,0.89,93.21,0.91,25.5,0.93,10.0,0.09,17.98,0.07,25.86,0.1,15.39,0.11,83.21,0.01,0.01,2324.874295,1776244517000
1776249771.641,171.641,0.92,5.0,0.91,10.0,0.93,25.0,0.94,87.86,0.09,22.6,0.07,10.0,0.11,93.21,0.12,85.5,0.01,0.02,2324.874295,1776244517000
1776249771.932,171.932,0.91,6.0,0.9,10.0,0.93,29.83,0.94,87.86,0.07,25.0,0.06,87.86,0.09,6.0,0.1,10.0,0.02,0.02,2324.874295,1776244517000
1776249772.194,172.194,0.9,7.69,0.89,93.21,0.92,11.81,0.93,29.83,0.07,29.83,0.06,87.86,0.09,6.0,0.1,10.0,0.02,0.02,2324.874295,1776244517000
1776249774.414,174.414,0.91,190.0,0.9,17.69,0.92,20.81,0.93,19.83,0.08,11.81,0.07,29.83,0.1,7.69,0.11,93.21,0.01,0.02,2324.874295,1776244517000
1776249774.622,174.622,0.92,15.0,0.91,168.0,0.95,115.0,0.96,170.0,0.06,1.48,0.05,115.0,0.08,15.0,0.09,178.0,0.03,0.02,2324.874295,1776244517000
1776249774.932,174.932,0.93,29.0,0.92,50.0,0.94,115.0,0.95,219.8,0.05,115.0,0.04,170.0,0.08,15.0,0.09,168.0,0.01,0.03,2324.874295,1776244517000
1776249775.19,175.19,0.93,14.71,0.92,50.0,0.94,115.0,0.95,219.8,0.06,115.0,0.05,219.8,0.07,29.0,0.08,50.0,0.01,0.01,2324.874295,1776244517000
1776249775.701,175.701,0.93,159.71,0.92,15.0,0.94,92.11,0.95,190.8,0.06,115.0,0.05,219.8,0.07,14.71,0.08,50.0,0.01,0.01,2324.874295,1776244517000
1776249777.536,177.536,0.94,25.5,0.93,164.1,0.95,35.26,0.96,102.0,0.06,92.11,0.05,190.8,0.07,159.71,0.08,15.0,0.01,0.01,2324.874295,1776244517000
1776249777.823,177.823,0.94,65.5,0.93,174.1,0.95,35.12,0.96,194.0,0.05,35.26,0.04,102.0,0.06,25.5,0.07,164.1,0.01,0.01,2324.874295,1776244517000
1776249779.028,179.028,0.94,238.3,0.93,146.1,0.95,30.13,0.96,77.0,0.05,35.12,0.04,194.0,0.06,65.5,0.07,174.1,0.01,0.01,2324.874295,1776244517000
1776249779.358,179.358,0.94,238.3,0.93,141.1,0.95,45.13,0.96,77.0,0.05,30.13,0.04,77.0,0.06,238.3,0.07,146.1,0.01,0.01,2324.874295,1776244517000
1776249779.611,179.611,0.94,233.3,0.93,141.1,0.95,39.07,0.96,77.0,0.05,45.13,0.04,77.0,0.06,238.3,0.07,141.1,0.01,0.01,2324.874295,1776244517000
1776249779.954,179.954,0.94,225.3,0.93,141.1,0.95,39.07,0.96,77.0,0.05,39.07,0.04,77.0,0.06,233.3,0.07,141.1,0.01,0.01,2324.874295,1776244517000
1776249780.666,180.666,0.94,240.3,0.93,146.1,0.95,8.8,0.96,55.0,0.05,39.07,0.04,77.0,0.06,225.3,0.07,141.1,0.01,0.01,2324.874295,1776244517000
1776249780.891,180.891,0.94,215.3,0.93,141.1,0.96,55.0,0.97,331.0,0.05,3.53,0.04,55.0,0.06,240.3,0.07,146.1,0.02,0.01,2324.874295,1776244517000
1776249781.762,181.762,0.95,183.2,0.94,152.7,0.96,19.8,0.97,306.0,0.04,52.9,0.03,331.0,0.05,5.0,0.06,210.3,0.01,0.01,2324.874295,1776244517000
1776249782.382,182.382,0.96,247.04,0.95,177.2,0.97,306.0,0.98,499.8,0.03,306.0,0.02,499.8,0.04,30.2,0.05,183.2,0.01,0.01,2324.874295,1776244517000
1776249782.865,182.865,0.96,247.04,0.95,156.2,0.97,261.09,0.98,499.8,0.03,262.13,0.02,499.8,0.04,242.04,0.05,182.2,0.01,0.01,2324.874295,1776244517000
1776249783.067,183.067,0.96,242.04,0.95,156.2,0.97,157.99,0.98,499.8,0.03,261.09,0.02,499.8,0.04,247.04,0.05,156.2,0.01,0.01,2324.874295,1776244517000
1776249783.482,183.482,0.96,260.04,0.95,175.3,0.97,157.99,0.98,499.8,0.03,157.99,0.02,499.8,0.04,242.04,0.05,156.2,0.01,0.01,2324.874295,1776244517000
1776249783.809,183.809,0.96,255.04,0.95,235.3,0.97,150.79,0.98,499.8,0.03,153.86,0.02,499.8,0.04,205.04,0.05,185.3,0.01,0.01,2324.874295,1776244517000
1776249784.165,184.165,0.96,286.04,0.95,207.3,0.97,178.45,0.98,499.8,0.03,150.79,0.02,499.8,0.04,255.04,0.05,235.3,0.01,0.01,2324.874295,1776244517000
1776249784.621,184.621,0.96,281.04,0.95,197.3,0.97,160.95,0.98,727.8,0.03,178.45,0.02,499.8,0.04,286.04,0.05,207.3,0.01,0.01,2324.874295,1776244517000
1776249785.383,185.383,0.96,309.04,0.95,197.3,0.97,92.69,0.98,446.8,0.03,788.05,0.02,727.8,0.04,309.04,0.05,197.3,0.01,0.01,2324.874295,1776244517000
1776249785.607,185.607,0.96,198.08,0.95,197.3,0.97,30.69,0.98,446.8,0.03,30.69,0.02,472.66,0.04,314.04,0.05,197.3,0.01,0.01,2324.874295,1776244517000
1776249786.757,186.757,0.96,140.58,0.95,576.3,0.97,15.5,0.98,446.8,0.03,58.35,0.02,446.8,0.04,192.58,0.05,197.3,0.01,0.01,2324.874295,1776244517000
1776249787.044,187.044,0.96,145.36,0.95,176.3,0.97,20.5,0.98,503.8,0.03,15.5,0.02,503.8,0.04,140.58,0.05,576.3,0.01,0.01,2324.874295,1776244517000
1776249789.094,189.094,0.96,98.36,0.95,140.8,0.97,74.16,0.98,451.8,0.03,20.5,0.02,503.8,0.04,145.36,0.05,176.3,0.01,0.01,2324.874295,1776244517000
1776249789.323,189.323,0.96,101.93,0.95,140.8,0.97,40.5,0.98,476.8,0.03,40.5,0.02,451.8,0.04,98.36,0.05,140.8,0.01,0.01,2324.874295,1776244517000
1776249789.62,189.62,0.96,93.88,0.95,158.8,0.97,10.5,0.98,451.8,0.03,40.5,0.02,476.8,0.04,81.08,0.05,140.8,0.01,0.01,2324.874295,1776244517000
1776249791.521,191.521,0.96,123.88,0.95,184.3,0.98,424.0,0.99,2085.39,0.03,10.5,0.02,451.8,0.04,93.88,0.05,158.8,0.02,0.01,2324.874295,1776244517000
1776249792.529,192.529,0.97,208.0,0.96,35.88,0.98,468.88,0.99,2761.97,0.02,424.0,0.01,2085.39,0.04,123.88,0.05,184.3,0.01,0.02,2324.874295,1776244517000
1776249792.82,192.82,0.97,213.0,0.96,116.54,0.98,467.85,0.99,3651.99,0.02,468.88,0.01,2761.97,0.03,208.0,0.04,35.88,0.01,0.01,2324.874295,1776244517000
1776249793.316,193.316,0.96,174.71,0.95,350.56,0.98,472.85,0.99,3869.71,0.02,467.85,0.01,3651.99,0.03,213.0,0.04,116.54,0.02,0.01,2324.874295,1776244517000
1776249796.425,196.425,0.97,132.97,0.96,73.0,0.98,467.85,0.99,2310.38,0.02,472.85,0.01,3869.71,0.04,174.71,0.05,350.56,0.01,0.02,2324.874295,1776244517000
1776249797.064,197.064,0.97,245.97,0.96,15.0,0.98,384.99,0.99,2620.38,0.02,467.85,0.01,2310.38,0.03,132.97,0.04,73.0,0.01,0.01,2324.874295,1776244517000
1776249797.748,197.748,0.97,292.62,0.96,132.1,0.98,455.38,0.99,2542.38,0.02,379.88,0.01,2620.38,0.03,245.97,0.04,15.0,0.01,0.01,2324.874295,1776244517000
1776249798.445,198.445,0.97,441.62,0.96,132.1,0.98,453.33,0.99,2120.51,0.02,455.38,0.01,2542.38,0.03,292.62,0.04,132.1,0.01,0.01,2324.874295,1776244517000
1776249800.487,200.487,0.97,752.8,0.96,257.9,0.98,612.03,0.99,1920.38,0.02,453.33,0.01,2120.51,0.03,441.62,0.04,132.1,0.01,0.01,2324.874295,1776244517000
1776249800.8,200.8,0.97,740.8,0.96,321.9,0.98,559.48,0.99,1895.38,0.02,612.03,0.01,1920.38,0.03,752.8,0.04,257.9,0.01,0.01,2324.874295,1776244517000
1776249801.495,201.495,0.97,845.16,0.96,321.9,0.98,734.95,0.99,1831.78,0.02,684.45,0.01,1531.78,0.03,886.5,0.04,321.9,0.01,0.01,2324.874295,1776244517000
1776249805.093,205.093,0.97,866.16,0.96,321.9,0.98,624.95,0.99,2326.78,0.02,734.95,0.01,1831.78,0.03,845.16,0.04,321.9,0.01,0.01,2324.874295,1776244517000
1776249806.63,206.63,0.97,849.16,0.96,315.91,0.98,447.92,0.99,1426.78,0.02,615.95,0.01,2326.78,0.03,866.16,0.04,321.9,0.01,0.01,2324.874295,1776244517000
1776249808.557,208.557,0.97,828.82,0.96,291.9,0.98,443.92,0.99,1550.78,0.02,447.92,0.01,1426.78,0.03,849.16,0.04,315.91,0.01,0.01,2324.874295,1776244517000
1776249809.424,209.424,0.97,864.83,0.96,296.9,0.98,439.83,0.99,1550.78,0.02,443.92,0.01,1550.78,0.03,828.82,0.04,291.9,0.01,0.01,2324.874295,1776244517000
1776249811.136,211.136,0.97,836.49,0.96,601.9,0.98,45.93,0.99,1550.78,0.02,439.83,0.01,1550.78,0.03,831.49,0.04,596.9,0.01,0.01,2324.874295,1776244517000
1776249811.724,211.724,0.98,20.0,0.97,830.48,0.99,1550.78,,,0.02,45.93,0.01,1550.78,0.03,836.49,0.04,601.9,0.01,0.01,2324.874295,1776244517000
1776249812.573,212.573,0.98,417.7,0.97,741.49,0.99,1396.78,,,0.01,1550.78,,,0.02,20.0,0.03,830.48,0.01,0.01,2324.874295,1776244517000
1776249814.496,214.496,0.98,562.45,0.97,635.48,0.99,1370.78,,,0.01,1376.78,,,0.02,392.7,0.03,641.49,0.01,0.01,2324.874295,1776244517000
1776249815.666,215.666,0.98,527.04,0.97,658.08,0.99,1201.73,,,0.01,1366.73,,,0.02,567.45,0.03,635.48,0.01,0.01,2324.874295,1776244517000
1776249817.738,217.738,0.98,628.04,0.97,679.99,0.99,1181.73,,,0.01,1201.73,,,0.02,527.04,0.03,658.08,0.01,0.01,2324.874295,1776244517000
1776249817.98,217.98,0.98,623.04,0.97,614.99,0.99,24.36,,,0.01,81.73,,,0.02,1028.04,0.03,619.99,0.01,0.01,2324.874295,1776244517000
1776249818.19,218.19,0.98,633.04,0.97,619.99,,,,,0.01,18.36,,,0.02,633.04,0.03,619.99,,0.01,2324.874295,1776244517000
1776249818.718,218.718,0.99,954.65,0.98,523.44,,,,,,,,,0.02,633.04,0.03,619.99,,,2324.874295,1776244517000
1776249819.075,219.075,0.99,967.84,0.98,523.44,,,,,,,,,0.01,954.65,0.02,523.44,,,2324.874295,1776244517000
1776249819.75,219.75,0.99,957.84,0.98,508.44,,,,,,,,,0.01,962.84,0.02,523.44,,,2324.874295,1776244517000
1776249821.626,221.626,0.99,823.84,0.98,1008.44,,,,,,,,,0.01,957.84,0.02,508.44,,,2324.874295,1776244517000
1776249823.97,223.97,0.99,817.24,0.98,493.44,,,,,,,,,0.01,823.84,0.02,1008.44,,,2324.874295,1776244517000
1776249824.239,224.239,0.99,808.24,0.98,493.44,,,,,,,,,0.01,817.24,0.02,493.44,,,2324.874295,1776244517000
1776249834.529,234.529,0.99,822.37,0.98,499.44,,,,,,,,,0.01,808.24,0.02,493.44,,,2324.874295,1776244517000
1776249871.702,271.702,0.99,10212.24,0.98,245.7,,,,,,,,,0.01,822.37,0.02,499.44,,,2324.874295,1776244517000
1776249893.197,293.197,0.998,5.0,0.997,5.0,0.999,330.0,,,,,,,0.01,10212.24,0.02,245.7,0.001,,2324.874295,1776244517000
1776249893.588,293.588,0.998,5.0,0.997,5.0,0.999,280.0,,,0.001,330.0,,,0.002,5.0,0.003,5.0,0.001,0.001,2324.874295,1776244517000
1776249894.188,294.188,0.998,5.0,0.997,5.0,0.999,508.94,,,0.001,268.98,,,0.002,5.0,0.003,5.0,0.001,0.001,2324.874295,1776244517000
1776249895.204,295.204,0.998,5.0,0.997,5.0,0.999,495.95,,,0.001,500.95,,,0.002,5.0,0.003,5.0,0.001,0.001,2324.874295,1776244517000
1776249895.522,295.522,0.998,5.0,0.997,5.0,0.999,485.95,,,0.001,490.95,,,0.002,5.0,0.003,5.0,0.001,0.001,2324.874295,1776244517000
1776249895.939,295.939,0.998,5.0,0.997,5.0,0.999,480.95,,,0.001,485.95,,,0.002,5.0,0.003,5.0,0.001,0.001,2324.874295,1776244517000
1776249896.344,296.344,0.998,5.0,0.997,5.0,0.999,465.95,,,0.001,470.95,,,0.002,5.0,0.003,5.0,0.001,0.001,2324.874295,1776244517000
1776249896.729,296.729,0.998,5.0,0.997,5.0,0.999,460.95,,,0.001,465.95,,,0.002,5.0,0.003,5.0,0.001,0.001,2324.874295,1776244517000
1776249897.14,297.14,0.998,5.0,0.997,5.0,0.999,455.95,,,0.001,460.95,,,0.002,5.0,0.003,5.0,0.001,0.001,2324.874295,1776244517000
1776249897.523,297.523,0.998,5.0,0.997,5.0,0.999,450.95,,,0.001,455.95,,,0.002,5.0,0.003,5.0,0.001,0.001,2324.874295,1776244517000
1776249897.928,297.928,0.999,144.65,0.998,5.0,,,,,0.001,450.95,,,0.002,5.0,0.003,5.0,,0.001,2324.874295,1776244517000
