timestamp,elapsed_sec,up_bid_p1,up_bid_s1,up_bid_p2,up_bid_s2,up_ask_p1,up_ask_s1,up_ask_p2,up_ask_s2,down_bid_p1,down_bid_s1,down_bid_p2,down_bid_s2,down_ask_p1,down_ask_s1,down_ask_p2,down_ask_s2,up_spread,down_spread,eth_price,eth_oracle_ts
1776393000.517,0.517,0.52,153.71,0.51,20.0,0.55,78.88,0.56,70.0,0.46,301.7,0.45,105.0,0.48,150.8,0.49,66.05,0.03,0.02,2328.4304,1776392999000
1776393001.163,1.163,0.52,153.71,0.51,20.0,0.55,78.88,0.56,70.0,0.45,78.88,0.44,70.0,0.48,153.71,0.49,20.0,0.03,0.03,2328.4304,1776393000000
1776393001.744,1.744,0.52,3.0,0.51,20.0,0.53,62.0,0.54,13.0,0.45,78.88,0.44,70.0,0.48,153.71,0.49,20.0,0.01,0.03,2328.4304,1776393000000
1776393002.25,2.25,0.52,12.45,0.51,20.0,0.53,38.13,0.54,13.0,0.47,57.0,0.46,13.0,0.48,0.91,0.49,20.0,0.01,0.01,2328.4304,1776393000000
1776393002.919,2.919,0.52,7.45,0.51,20.0,0.53,101.99,0.54,83.0,0.47,38.13,0.46,13.0,0.48,12.45,0.49,20.0,0.01,0.01,2328.270918,1776393001000
1776393003.962,3.962,0.41,70.0,0.4,70.0,0.43,6.36,0.44,10.0,0.47,101.99,0.46,83.0,0.59,70.0,0.6,70.0,0.02,0.12,2328.197225,1776393002000
1776393004.512,4.512,0.41,91.0,0.4,70.0,0.42,1.52,0.43,10.0,0.55,22.0,0.54,28.0,0.59,70.0,0.6,70.0,0.01,0.04,2328.181522,1776393003000
1776393004.754,4.754,0.41,91.0,0.4,70.0,0.43,4.74,0.44,10.0,0.58,6.52,0.57,10.0,0.59,91.0,0.6,70.0,0.02,0.01,2328.181522,1776393003000
1776393005.35,5.35,0.45,66.39,0.44,159.0,0.46,10.0,0.47,10.0,0.57,4.74,0.56,10.0,0.59,91.0,0.6,70.0,0.01,0.02,2328.181522,1776393003000
1776393005.661,5.661,0.45,66.39,0.44,169.0,0.46,4.44,0.47,10.0,0.53,10.0,0.52,10.0,0.55,66.39,0.56,159.0,0.01,0.02,2328.181522,1776393003000
1776393006.176,6.176,0.45,76.39,0.44,174.0,0.47,13.76,0.48,15.0,0.54,4.44,0.53,10.0,0.55,66.39,0.56,169.0,0.02,0.01,2327.817054,1776393004000
1776393006.448,6.448,0.45,75.39,0.44,174.0,0.47,13.76,0.48,15.0,0.53,13.76,0.52,15.0,0.55,76.39,0.56,174.0,0.02,0.02,2327.817054,1776393004000
1776393007.409,7.409,0.45,80.39,0.44,174.0,0.47,18.76,0.48,15.0,0.53,13.76,0.52,15.0,0.55,75.39,0.56,174.0,0.02,0.02,2327.936213,1776393006000
1776393007.759,7.759,0.41,1.0,0.35,7.14,0.42,202.2,0.43,21.0,0.53,18.76,0.52,15.0,0.55,80.39,0.56,174.0,0.01,0.02,2327.936213,1776393006000
1776393008.462,8.462,0.26,127.0,0.25,735.0,0.31,62.0,0.32,28.0,0.69,15.0,0.68,10.0,0.7,3.33,0.74,197.0,0.05,0.01,2327.936213,1776393006000
1776393008.693,8.693,0.26,222.0,0.25,840.0,0.27,15.0,0.28,15.0,0.69,62.0,0.68,28.0,0.74,127.0,0.75,735.0,0.01,0.05,2328.06191,1776393007000
1776393009.283,9.283,0.27,159.34,0.26,242.0,0.29,14.0,0.3,30.0,0.72,5.0,0.71,18.0,0.73,34.34,0.74,217.0,0.02,0.01,2328.06191,1776393007000
1776393009.614,9.614,0.27,164.34,0.26,242.0,0.28,9.09,0.29,14.0,0.71,14.0,0.7,30.0,0.73,159.34,0.74,242.0,0.01,0.02,2328.000545,1776393008000
1776393009.919,9.919,0.27,164.34,0.26,242.0,0.28,3.09,0.29,14.0,0.72,9.09,0.71,14.0,0.73,164.34,0.74,242.0,0.01,0.01,2328.000545,1776393008000
1776393010.246,10.246,0.27,9.34,0.25,60.0,0.28,151.09,0.29,20.0,0.72,3.09,0.71,14.0,0.73,164.34,0.74,242.0,0.01,0.01,2326.961831,1776393009000
1776393010.446,10.446,0.25,36.99,0.24,70.0,0.26,95.0,0.27,24.0,0.74,95.0,0.73,24.0,0.75,36.99,0.76,70.0,0.01,0.01,2326.961831,1776393009000
1776393010.686,10.686,0.24,62.97,0.22,95.0,0.25,10.0,0.26,98.0,0.74,66.0,0.73,24.0,0.76,64.42,0.78,95.0,0.01,0.02,2326.961831,1776393009000
1776393011.113,11.113,0.24,158.91,0.23,170.0,0.25,28.0,0.26,16.0,0.75,10.0,0.74,98.0,0.76,62.97,0.78,95.0,0.01,0.01,2326.961831,1776393009000
1776393011.391,11.391,0.23,70.0,0.22,95.0,0.25,68.0,0.26,16.0,0.75,21.0,0.74,16.0,0.76,30.43,0.77,70.0,0.02,0.01,2326.961831,1776393009000
1776393011.596,11.596,0.23,65.0,0.22,95.0,0.24,15.0,0.25,25.0,0.75,37.6,0.74,16.0,0.77,65.0,0.78,95.0,0.01,0.02,2326.817841,1776393010000
1776393011.796,11.796,0.22,25.0,0.21,42.0,0.23,36.7,0.24,37.0,0.76,8.0,0.75,25.0,0.77,65.0,0.78,95.0,0.01,0.01,2326.817841,1776393010000
1776393012.043,12.043,0.22,14.86,0.21,47.0,0.23,25.7,0.24,10.0,0.77,36.7,0.76,23.0,0.78,15.38,0.79,42.0,0.01,0.01,2326.817841,1776393010000
1776393012.675,12.675,0.22,5.0,0.21,277.0,0.23,2.7,0.24,10.0,0.77,25.7,0.76,10.0,0.78,14.86,0.79,47.0,0.01,0.01,2326.414793,1776393011000
1776393013.032,13.032,0.22,5.0,0.21,227.0,0.23,4.7,0.24,10.0,0.77,2.7,0.76,10.0,0.78,5.0,0.79,277.0,0.01,0.01,2326.414793,1776393011000
1776393013.561,13.561,0.22,3.71,0.21,277.0,0.23,10.0,0.24,10.0,0.77,4.7,0.76,10.0,0.78,5.0,0.79,227.0,0.01,0.01,2326.067165,1776393012000
1776393013.839,13.839,0.22,27.71,0.21,67.0,0.23,8.0,0.24,10.0,0.77,10.0,0.76,10.0,0.78,3.71,0.79,277.0,0.01,0.01,2326.067165,1776393012000
1776393014.185,14.185,0.21,87.0,0.2,22.5,0.22,3.68,0.23,16.49,0.71,6.0,0.7,22.0,0.72,25.91,0.78,1.71,0.01,0.01,2326.067165,1776393013000
1776393014.473,14.473,0.21,87.0,0.2,22.5,0.22,19.0,0.23,37.0,0.72,0.25,0.71,35.0,0.79,87.0,0.8,22.5,0.01,0.07,2326.067165,1776393013000
1776393014.681,14.681,0.21,85.48,0.2,22.5,0.22,9.64,0.23,37.0,0.78,9.64,0.77,37.0,0.79,87.0,0.8,22.5,0.01,0.01,2326.067165,1776393013000
1776393014.889,14.889,0.21,53.48,0.2,22.5,0.22,21.0,0.23,37.0,0.78,21.0,0.77,37.0,0.79,61.48,0.8,22.5,0.01,0.01,2326.067165,1776393013000
1776393016.001,16.001,0.21,127.48,0.2,52.5,0.22,3.0,0.23,20.0,0.78,21.0,0.77,37.0,0.79,53.48,0.8,22.5,0.01,0.01,2325.968615,1776393014000
1776393016.374,16.374,0.21,45.48,0.2,22.5,0.22,84.0,0.23,27.0,0.78,3.0,0.77,20.0,0.79,127.48,0.8,52.5,0.01,0.01,2325.968615,1776393014000
1776393016.623,16.623,0.21,44.21,0.2,22.5,0.22,80.0,0.23,20.0,0.78,84.0,0.77,27.0,0.79,45.48,0.8,22.5,0.01,0.01,2325.753426,1776393015000
1776393018.781,18.781,0.22,82.0,0.21,155.0,0.27,10.0,0.28,25.0,0.78,80.0,0.77,20.0,0.79,44.21,0.8,22.5,0.05,0.01,2325.725285,1776393017000
1776393019.212,19.212,0.26,94.86,0.25,145.0,0.27,10.0,0.28,10.0,0.73,10.0,0.72,25.0,0.78,82.0,0.79,155.0,0.01,0.05,2325.725285,1776393017000
1776393019.959,19.959,0.26,94.86,0.25,161.0,0.27,9.81,0.28,10.0,0.73,10.0,0.72,10.0,0.74,94.86,0.75,145.0,0.01,0.01,2325.623157,1776393018000
1776393020.367,20.367,0.26,59.44,0.25,131.0,0.27,9.81,0.28,10.0,0.73,9.81,0.72,10.0,0.74,90.86,0.75,161.0,0.01,0.01,2325.623157,1776393018000
1776393020.685,20.685,0.26,38.68,0.25,121.0,0.27,25.81,0.28,10.0,0.73,9.81,0.72,10.0,0.74,54.44,0.75,131.0,0.01,0.01,2326.205864,1776393019000
1776393020.908,20.908,0.26,7.0,0.25,91.0,0.28,10.0,0.29,16.0,0.73,19.45,0.72,10.0,0.74,34.82,0.75,116.0,0.02,0.01,2326.205864,1776393019000
1776393021.374,21.374,0.26,50.0,0.25,105.0,0.27,12.29,0.28,10.0,0.72,10.0,0.71,16.0,0.74,7.0,0.75,91.0,0.01,0.02,2326.26472,1776393020000
1776393021.983,21.983,0.26,46.86,0.25,105.0,0.27,12.29,0.28,10.0,0.73,12.29,0.72,10.0,0.74,50.0,0.75,105.0,0.01,0.01,2326.26472,1776393020000
1776393022.775,22.775,0.26,38.86,0.25,105.0,0.27,67.6,0.28,10.0,0.73,12.29,0.72,10.0,0.74,46.86,0.75,105.0,0.01,0.01,2326.479955,1776393021000
1776393023.289,23.289,0.26,83.86,0.25,116.0,0.27,54.31,0.3,16.0,0.73,67.6,0.72,10.0,0.74,38.86,0.75,105.0,0.01,0.01,2326.425,1776393022000
1776393023.629,23.629,0.26,174.86,0.25,35.0,0.27,36.31,0.32,10.0,0.73,42.31,0.68,6.0,0.74,154.86,0.75,35.0,0.01,0.01,2326.425,1776393022000
1776393024.775,24.775,0.3,11.0,0.28,85.0,0.32,16.0,0.33,10.0,0.68,10.0,0.67,10.0,0.74,159.86,0.75,35.0,0.02,0.06,2326.317885,1776393023000
1776393025.497,25.497,0.3,51.57,0.29,20.0,0.31,5.0,0.34,16.0,0.69,22.0,0.68,10.0,0.7,1.0,0.72,80.0,0.01,0.01,2326.402322,1776393024000
1776393025.785,25.785,0.32,5.0,0.31,76.0,0.33,10.0,0.34,16.0,0.66,16.0,0.65,10.0,0.69,45.0,0.7,51.57,0.01,0.03,2326.402322,1776393024000
1776393026.178,26.178,0.3,10.0,0.29,10.0,0.32,15.06,0.33,15.0,0.67,10.0,0.66,16.0,0.68,5.0,0.69,76.0,0.02,0.01,2326.402322,1776393024000
1776393030.785,30.785,0.3,4.9,0.26,10.0,0.31,75.2,0.32,40.0,0.68,15.06,0.67,15.0,0.7,10.0,0.71,10.0,0.01,0.02,2326.745975,1776393029000
1776393031.63,31.63,0.26,53.0,0.25,10.0,0.28,63.0,0.29,29.0,0.69,92.2,0.68,40.0,0.74,10.0,0.75,10.0,0.02,0.05,2326.760745,1776393030000
1776393032.084,32.084,0.26,137.0,0.25,35.0,0.29,6.0,0.3,10.0,0.72,63.0,0.71,29.0,0.74,53.0,0.75,10.0,0.03,0.02,2326.760745,1776393030000
1776393033.822,33.822,0.26,140.64,0.25,45.0,0.27,48.0,0.28,23.0,0.71,6.0,0.7,10.0,0.74,137.0,0.75,35.0,0.01,0.03,2326.4276,1776393032000
1776393034.443,34.443,0.27,12.0,0.26,133.64,0.28,22.0,0.29,31.0,0.73,48.0,0.72,23.0,0.74,140.64,0.75,45.0,0.01,0.01,2326.4626,1776393033000
1776393037.562,37.562,0.26,120.65,0.25,40.0,0.27,68.66,0.28,59.0,0.72,22.0,0.71,31.0,0.73,12.0,0.74,133.64,0.01,0.01,2326.4352,1776393036000
1776393040.64,40.64,0.26,83.64,0.25,45.0,0.27,70.66,0.28,59.0,0.73,68.66,0.72,59.0,0.74,120.65,0.75,40.0,0.01,0.01,2326.38444,1776393038000
1776393040.877,40.877,0.25,10.0,0.24,35.0,0.27,143.86,0.28,69.0,0.73,70.66,0.72,59.0,0.74,83.64,0.75,45.0,0.02,0.01,2326.36765,1776393039000
1776393042.441,42.441,0.25,8.0,0.24,35.0,0.26,112.0,0.27,80.0,0.73,143.86,0.72,69.0,0.75,10.0,0.76,35.0,0.01,0.02,2326.35265,1776393041000
1776393042.897,42.897,0.25,3.0,0.23,35.0,0.26,147.2,0.27,39.0,0.74,112.0,0.73,80.0,0.75,8.0,0.76,35.0,0.01,0.01,2326.35265,1776393041000
1776393043.372,43.372,0.23,32.34,0.22,116.0,0.26,128.0,0.27,39.0,0.74,147.2,0.73,39.0,0.75,3.0,0.77,35.0,0.03,0.01,2326.331277,1776393042000
1776393044.43,44.43,0.25,10.0,0.24,15.0,0.27,11.0,0.28,25.0,0.74,128.0,0.73,39.0,0.77,32.34,0.78,116.0,0.02,0.03,2326.303592,1776393043000
1776393045.466,45.466,0.26,10.0,0.25,10.0,0.27,5.0,0.28,38.0,0.73,11.0,0.72,25.0,0.75,10.0,0.76,15.0,0.01,0.02,2326.24264,1776393044000
1776393045.824,45.824,0.25,9.0,0.24,8.34,0.27,4.0,0.28,15.0,0.73,14.0,0.72,25.0,0.75,15.0,0.76,8.34,0.02,0.02,2326.24264,1776393044000
1776393046.059,46.059,0.27,15.0,0.26,40.0,0.32,10.74,0.33,10.0,0.72,11.71,0.71,5.0,0.74,34.0,0.75,34.0,0.05,0.02,2326.24264,1776393044000
1776393046.788,46.788,0.25,9.0,0.24,33.34,0.28,9.92,0.29,10.0,0.68,10.74,0.67,10.0,0.73,15.0,0.74,40.0,0.03,0.05,2326.30716,1776393045000
1776393047.043,47.043,0.26,10.0,0.25,9.0,0.27,1.0,0.28,9.0,0.72,9.92,0.71,10.0,0.75,9.0,0.76,33.34,0.01,0.03,2326.30716,1776393045000
1776393048.903,48.903,0.26,10.0,0.25,50.0,0.27,17.0,0.28,50.0,0.73,1.0,0.72,9.0,0.74,10.0,0.75,9.0,0.01,0.01,2326.437215,1776393047000
1776393053.544,53.544,0.26,10.0,0.25,44.0,0.28,41.96,0.29,16.0,0.73,5.0,0.72,50.0,0.74,10.0,0.75,50.0,0.02,0.01,2326.44973,1776393051000
1776393054.213,54.213,0.27,95.0,0.26,105.0,0.28,35.96,0.3,14.28,0.72,41.96,0.71,16.0,0.74,10.0,0.75,44.0,0.01,0.02,2326.46707,1776393052000
1776393055.407,55.407,0.27,69.0,0.26,105.0,0.28,29.96,0.3,14.28,0.72,29.96,0.7,14.28,0.73,58.0,0.74,105.0,0.01,0.01,2326.456685,1776393053000
1776393056.347,56.347,0.27,110.0,0.26,110.0,0.29,5.0,0.3,14.28,0.72,29.96,0.7,14.28,0.73,69.0,0.74,105.0,0.02,0.01,2326.484448,1776393054000
1776393056.831,56.831,0.34,48.0,0.33,10.0,0.36,66.44,0.37,127.0,0.64,66.44,0.63,127.0,0.71,15.0,0.72,51.0,0.02,0.07,2326.552158,1776393055000
1776393057.031,57.031,0.34,48.0,0.33,10.0,0.36,54.15,0.37,127.0,0.64,66.44,0.63,127.0,0.66,48.0,0.67,10.0,0.02,0.02,2326.552158,1776393055000
1776393057.378,57.378,0.34,48.0,0.33,10.0,0.36,9.7,0.37,127.0,0.64,54.15,0.63,127.0,0.66,48.0,0.67,10.0,0.02,0.02,2326.60235,1776393056000
1776393057.692,57.692,0.34,48.0,0.33,10.0,0.36,12.4,0.37,127.0,0.64,9.7,0.63,127.0,0.66,48.0,0.67,10.0,0.02,0.02,2326.60235,1776393056000
1776393058.506,58.506,0.34,34.0,0.33,10.0,0.35,5.0,0.36,10.0,0.64,10.0,0.63,127.0,0.66,41.0,0.67,10.0,0.01,0.02,2326.847939,1776393057000
1776393061.32,61.32,0.34,27.0,0.33,15.0,0.35,93.43,0.39,5.0,0.65,5.0,0.64,10.0,0.66,34.0,0.67,10.0,0.01,0.01,2326.868188,1776393059000
1776393061.569,61.569,0.34,34.0,0.33,33.0,0.35,25.76,0.39,5.0,0.65,31.48,0.61,5.0,0.66,27.0,0.67,20.0,0.01,0.01,2326.876073,1776393060000
1776393061.969,61.969,0.42,37.0,0.41,15.0,0.43,10.48,0.45,100.0,0.57,105.0,0.56,100.0,0.62,9.77,0.66,129.26,0.01,0.05,2326.876073,1776393060000
1776393062.265,62.265,0.42,35.27,0.41,15.0,0.43,5.48,0.44,6.0,0.57,5.48,0.55,100.0,0.58,37.0,0.59,15.0,0.01,0.01,2326.880994,1776393061000
1776393062.63,62.63,0.44,46.91,0.43,15.0,0.45,100.0,0.46,100.0,0.55,100.0,0.54,100.0,0.58,50.27,0.59,24.73,0.01,0.03,2326.880994,1776393061000
1776393063.827,63.827,0.44,37.74,0.43,15.0,0.45,5.0,0.46,100.0,0.55,100.0,0.54,100.0,0.56,46.91,0.57,15.0,0.01,0.01,2327.27154,1776393062000
1776393064.087,64.087,0.45,15.2,0.44,44.74,0.46,100.0,0.47,100.0,0.55,5.0,0.54,100.0,0.56,37.74,0.57,15.0,0.01,0.01,2327.27154,1776393062000
1776393064.904,64.904,0.46,81.1,0.45,65.2,0.47,100.0,0.48,178.29,0.54,100.0,0.53,100.0,0.55,15.2,0.56,44.74,0.01,0.01,2327.651034,1776393063000
1776393065.265,65.265,0.46,23.31,0.45,35.2,0.47,107.0,0.48,178.29,0.53,100.0,0.52,178.29,0.54,60.1,0.55,65.2,0.01,0.01,2327.769712,1776393064000
1776393065.522,65.522,0.46,19.81,0.45,35.2,0.47,17.0,0.48,78.29,0.53,90.72,0.52,178.29,0.54,23.31,0.55,35.2,0.01,0.01,2327.769712,1776393064000
1776393065.792,65.792,0.46,14.81,0.45,35.2,0.47,17.0,0.48,78.29,0.53,17.0,0.52,78.29,0.54,19.81,0.55,35.2,0.01,0.01,2327.769712,1776393064000
1776393067.985,67.985,0.47,33.13,0.46,5.81,0.48,78.29,0.5,25.0,0.53,17.0,0.52,78.29,0.54,5.81,0.55,35.2,0.01,0.01,2327.868875,1776393066000
1776393068.601,68.601,0.48,47.0,0.47,16.13,0.49,72.57,0.5,50.0,0.51,60.57,0.5,25.0,0.53,33.13,0.54,10.81,0.01,0.02,2327.829072,1776393067000
1776393068.953,68.953,0.49,5.0,0.48,85.0,0.5,50.0,0.51,25.0,0.51,27.57,0.5,50.0,0.52,47.0,0.53,16.13,0.01,0.01,2327.829072,1776393067000
1776393069.242,69.242,0.49,42.09,0.48,45.0,0.5,87.0,0.51,25.0,0.5,50.0,0.49,25.0,0.51,5.0,0.52,85.0,0.01,0.01,2327.829072,1776393067000
1776393069.529,69.529,0.49,33.59,0.48,45.0,0.5,87.0,0.51,25.0,0.5,87.0,0.49,25.0,0.51,42.09,0.52,45.0,0.01,0.01,2327.91455,1776393068000
1776393070.066,70.066,0.49,33.59,0.48,45.0,0.5,89.0,0.51,121.04,0.5,87.0,0.49,25.0,0.51,33.59,0.52,45.0,0.01,0.01,2327.91455,1776393068000
1776393070.375,70.375,0.49,16.43,0.48,15.0,0.5,39.0,0.51,96.04,0.5,89.0,0.49,121.04,0.51,33.59,0.52,45.0,0.01,0.01,2327.91455,1776393068000
1776393071.255,71.255,0.49,5.09,0.48,15.0,0.5,39.0,0.51,96.04,0.5,39.0,0.49,96.04,0.51,11.43,0.52,15.0,0.01,0.01,2327.99131,1776393069000
1776393071.754,71.754,0.49,46.29,0.48,25.0,0.5,19.16,0.53,6.0,0.5,39.0,0.49,96.04,0.51,5.09,0.52,15.0,0.01,0.01,2327.99131,1776393069000
1776393071.954,71.954,0.49,42.09,0.48,141.86,0.5,14.16,0.53,6.0,0.5,19.16,0.47,6.0,0.51,46.29,0.52,25.0,0.01,0.01,2327.99131,1776393069000
1776393072.225,72.225,0.49,60.4,0.48,141.86,0.53,6.0,0.55,14.5,0.5,9.16,0.47,6.0,0.51,44.93,0.52,141.86,0.04,0.01,2327.99131,1776393069000
1776393072.905,72.905,0.52,64.91,0.51,15.0,0.53,11.0,0.55,14.5,0.49,1.94,0.47,6.0,0.51,60.4,0.52,141.86,0.01,0.02,2328.104681,1776393070000
1776393073.265,73.265,0.54,19.39,0.53,10.0,0.55,19.5,0.56,95.0,0.45,14.5,0.44,75.0,0.48,64.91,0.49,15.0,0.01,0.03,2328.154593,1776393071000
1776393073.915,73.915,0.55,10.0,0.54,29.39,0.56,9.28,0.59,5.0,0.45,19.5,0.44,95.0,0.46,19.39,0.47,10.0,0.01,0.01,2328.154593,1776393071000
1776393074.196,74.196,0.55,47.0,0.54,12.39,0.59,2.28,0.6,109.1,0.44,9.28,0.41,5.0,0.45,10.0,0.46,29.39,0.04,0.01,2328.154593,1776393071000
1776393075.51,75.51,0.59,6.0,0.58,17.0,0.6,119.1,0.61,50.0,0.41,2.28,0.4,109.1,0.45,47.0,0.46,12.39,0.01,0.04,2328.2808,1776393074000
1776393076.884,76.884,0.59,36.0,0.58,22.0,0.6,10.0,0.62,113.13,0.4,119.1,0.39,50.0,0.41,6.0,0.42,17.0,0.01,0.01,2328.440115,1776393075000
1776393077.498,77.498,0.58,17.0,0.57,15.0,0.6,69.0,0.61,60.0,0.4,10.0,0.38,113.13,0.41,36.0,0.42,22.0,0.02,0.01,2328.494844,1776393076000
1776393078.186,78.186,0.59,7.56,0.58,22.0,0.6,168.92,0.61,60.0,0.4,14.53,0.39,60.0,0.42,12.0,0.43,15.0,0.01,0.02,2328.494844,1776393076000
1776393079.213,79.213,0.58,13.69,0.57,15.0,0.59,77.28,0.6,10.0,0.4,160.58,0.39,60.0,0.41,7.56,0.42,22.0,0.01,0.01,2328.51989,1776393077000
1776393079.544,79.544,0.58,13.69,0.57,15.0,0.59,66.06,0.6,10.0,0.41,77.28,0.4,10.0,0.42,13.69,0.43,15.0,0.01,0.01,2328.51989,1776393077000
1776393080.551,80.551,0.58,8.35,0.57,15.0,0.59,66.06,0.6,10.0,0.41,66.06,0.4,10.0,0.42,13.69,0.43,15.0,0.01,0.01,2328.504255,1776393078000
1776393081.877,81.877,0.53,10.0,0.52,10.0,0.59,76.06,0.6,10.0,0.41,66.06,0.4,10.0,0.42,8.35,0.43,15.0,0.06,0.01,2328.434509,1776393080000
1776393082.348,82.348,0.55,10.0,0.54,10.0,0.56,66.23,0.57,25.0,0.41,76.06,0.4,10.0,0.48,10.0,0.49,10.0,0.01,0.07,2328.434509,1776393080000
1776393082.871,82.871,0.6,12.25,0.59,10.0,0.63,85.4,0.64,85.6,0.44,66.23,0.43,25.0,0.45,10.0,0.46,10.0,0.03,0.01,2328.428802,1776393081000
1776393083.087,83.087,0.62,41.0,0.61,10.0,0.63,61.63,0.64,75.0,0.37,85.4,0.36,85.6,0.4,12.25,0.41,10.0,0.01,0.03,2328.428802,1776393081000
1776393084.04,84.04,0.62,18.36,0.61,10.0,0.63,131.79,0.64,75.0,0.37,61.63,0.36,75.0,0.38,22.1,0.39,10.0,0.01,0.01,2328.428835,1776393082000
1776393085.297,85.297,0.63,59.2,0.62,13.36,0.64,114.57,0.66,70.0,0.37,131.79,0.36,75.0,0.38,18.36,0.39,10.0,0.01,0.01,2328.417442,1776393083000
1776393087.431,87.431,0.68,11.87,0.67,10.0,0.69,82.0,0.7,92.1,0.36,114.57,0.34,70.0,0.37,59.2,0.38,13.36,0.01,0.01,2328.686698,1776393085000
1776393087.764,87.764,0.68,16.87,0.67,15.0,0.69,71.52,0.7,92.1,0.31,78.02,0.3,92.1,0.32,11.87,0.33,10.0,0.01,0.01,2328.686698,1776393085000
1776393088.141,88.141,0.68,3.25,0.67,10.0,0.69,69.52,0.7,126.0,0.31,64.52,0.3,92.1,0.32,11.87,0.33,15.0,0.01,0.01,2328.889025,1776393086000
1776393088.362,88.362,0.68,3.25,0.67,15.0,0.69,61.52,0.7,108.9,0.31,69.52,0.3,126.0,0.32,3.25,0.33,10.0,0.01,0.01,2328.889025,1776393086000
1776393088.832,88.832,0.67,14.69,0.66,26.0,0.69,61.52,0.7,108.9,0.31,61.52,0.3,108.9,0.32,3.25,0.33,15.0,0.02,0.01,2328.889025,1776393087000
1776393092.423,92.423,0.68,3.75,0.67,19.69,0.69,93.09,0.7,92.1,0.31,61.52,0.3,108.9,0.33,14.69,0.34,26.0,0.01,0.02,2329.01995,1776393091000
1776393094.308,94.308,0.68,3.75,0.67,14.69,0.69,148.58,0.7,75.0,0.31,93.09,0.3,92.1,0.32,3.75,0.33,19.69,0.01,0.01,2329.0194,1776393093000
1776393095.226,95.226,0.57,75.26,0.53,6.0,0.68,40.62,0.69,159.0,0.31,148.58,0.3,75.0,0.32,3.75,0.33,14.69,0.11,0.01,2329.0181,1776393094000
1776393095.428,95.428,0.44,17.7,0.34,30.0,0.48,70.0,0.49,140.0,0.52,70.0,0.51,140.0,0.56,23.33,0.65,5.0,0.04,0.04,2329.0181,1776393094000
1776393095.698,95.698,0.44,5.56,0.43,16.0,0.46,50.0,0.48,114.0,0.52,77.0,0.51,140.0,0.56,9.14,0.57,16.0,0.02,0.04,2329.0181,1776393094000
1776393097.043,97.043,0.39,100.0,0.38,180.0,0.4,4.87,0.41,10.0,0.52,70.0,0.51,140.0,0.57,11.74,0.64,50.0,0.01,0.05,2329.0131,1776393095000
1776393097.395,97.395,0.39,138.36,0.38,180.0,0.42,30.59,0.43,10.0,0.6,4.87,0.59,10.0,0.61,98.36,0.62,180.0,0.03,0.01,2327.47412,1776393096000
1776393097.62,97.62,0.39,148.36,0.38,180.0,0.41,5.0,0.42,30.59,0.58,30.59,0.57,10.0,0.61,138.36,0.62,180.0,0.02,0.03,2327.47412,1776393096000
1776393098.463,98.463,0.49,10.0,0.48,10.0,0.5,16.48,0.51,15.0,0.58,15.47,0.57,10.0,0.6,24.0,0.61,148.36,0.01,0.02,2327.445545,1776393097000
1776393099.154,99.154,0.49,5.0,0.48,5.0,0.5,12.48,0.51,10.0,0.5,16.48,0.49,10.0,0.51,3.22,0.52,10.0,0.01,0.01,2327.463425,1776393098000
1776393099.95,99.95,0.48,5.0,0.47,5.0,0.5,35.0,0.51,35.0,0.49,10.0,0.48,10.0,0.51,2.84,0.52,5.0,0.02,0.02,2327.463425,1776393098000
1776393100.341,100.341,0.48,5.0,0.47,5.0,0.49,30.91,0.5,35.0,0.5,35.0,0.49,35.0,0.52,5.0,0.53,5.0,0.01,0.02,2327.49418,1776393099000
1776393100.846,100.846,0.48,21.0,0.47,5.0,0.49,21.3,0.5,35.0,0.51,30.91,0.5,35.0,0.52,5.0,0.53,5.0,0.01,0.01,2327.49418,1776393099000
1776393101.177,101.177,0.48,3.07,0.47,5.0,0.49,31.3,0.5,35.0,0.51,21.3,0.5,35.0,0.52,21.0,0.53,5.0,0.01,0.01,2327.6977,1776393100000
1776393101.874,101.874,0.42,51.4,0.41,105.0,0.43,39.2,0.44,20.0,0.51,31.3,0.5,35.0,0.52,3.07,0.53,5.0,0.01,0.01,2327.6977,1776393100000
1776393103.625,103.625,0.42,39.33,0.41,110.0,0.43,30.0,0.44,20.0,0.57,39.2,0.56,20.0,0.58,51.4,0.59,105.0,0.01,0.01,2327.709449,1776393102000
1776393105.781,105.781,0.46,15.0,0.45,20.0,0.47,25.0,0.48,25.0,0.57,24.0,0.56,20.0,0.58,39.33,0.59,110.0,0.01,0.01,2327.585238,1776393104000
1776393108.279,108.279,0.46,9.81,0.45,20.0,0.47,25.0,0.48,25.0,0.53,25.0,0.52,25.0,0.54,15.0,0.55,20.0,0.01,0.01,2327.820465,1776393107000
1776393108.766,108.766,0.48,81.2,0.47,45.0,0.51,14.0,0.52,25.0,0.53,25.0,0.52,25.0,0.54,9.81,0.55,20.0,0.03,0.01,2327.820465,1776393107000
1776393109.098,109.098,0.55,22.0,0.54,75.99,0.56,17.67,0.57,25.0,0.49,14.0,0.48,25.0,0.52,81.2,0.53,45.0,0.01,0.03,2327.820465,1776393107000
1776393109.399,109.399,0.57,68.09,0.56,35.99,0.6,25.0,0.61,42.0,0.43,7.61,0.42,30.0,0.44,10.0,0.45,58.99,0.03,0.01,2327.8272,1776393108000
1776393110.17,110.17,0.6,15.0,0.59,15.0,0.61,35.37,0.62,55.0,0.4,16.67,0.39,42.0,0.41,10.0,0.42,10.0,0.01,0.01,2327.8272,1776393108000
1776393112.722,112.722,0.61,42.0,0.6,20.0,0.62,27.48,0.65,55.0,0.39,35.37,0.38,55.0,0.4,15.0,0.41,15.0,0.01,0.01,2328.70338,1776393111000
1776393113.827,113.827,0.64,12.38,0.63,20.0,0.65,176.89,0.66,125.0,0.36,5.0,0.35,90.0,0.39,47.0,0.4,20.0,0.01,0.03,2328.71321,1776393112000
1776393114.163,114.163,0.64,29.07,0.63,20.0,0.65,31.11,0.66,25.0,0.35,150.35,0.34,95.0,0.36,28.27,0.37,20.0,0.01,0.01,2328.82699,1776393113000
1776393114.475,114.475,0.65,56.0,0.64,29.07,0.66,31.67,0.67,70.0,0.34,5.82,0.33,95.0,0.36,29.07,0.37,20.0,0.01,0.02,2328.82699,1776393113000
1776393115.749,115.749,0.65,33.45,0.64,29.07,0.66,36.67,0.67,70.0,0.34,31.67,0.33,70.0,0.35,56.0,0.36,29.07,0.01,0.01,2328.904215,1776393114000
1776393116.714,116.714,0.65,30.3,0.64,29.07,0.66,36.67,0.67,70.0,0.34,36.67,0.33,70.0,0.35,33.45,0.36,29.07,0.01,0.01,2329.046635,1776393115000
1776393117.058,117.058,0.65,104.29,0.64,56.07,0.69,10.0,0.71,137.5,0.34,36.67,0.33,70.0,0.35,30.3,0.36,29.07,0.04,0.01,2329.046635,1776393115000
1776393117.406,117.406,0.68,16.56,0.67,15.0,0.69,16.0,0.7,106.8,0.31,10.0,0.29,137.5,0.34,2.76,0.35,104.29,0.01,0.03,2329.104451,1776393116000
1776393117.955,117.955,0.69,40.0,0.68,16.56,0.7,64.81,0.71,120.0,0.3,81.92,0.29,137.5,0.32,16.56,0.33,15.0,0.01,0.02,2329.104451,1776393116000
1776393118.344,118.344,0.69,31.16,0.68,16.56,0.7,21.91,0.71,70.0,0.3,59.81,0.29,70.0,0.31,31.16,0.32,16.56,0.01,0.01,2329.131945,1776393117000
1776393118.815,118.815,0.69,24.15,0.68,41.55,0.7,21.91,0.71,70.0,0.3,21.91,0.29,70.0,0.31,46.81,0.32,16.56,0.01,0.01,2329.131945,1776393117000
1776393119.704,119.704,0.7,16.33,0.69,24.15,0.71,82.58,0.72,103.62,0.3,21.91,0.29,70.0,0.31,24.15,0.32,41.55,0.01,0.01,2329.312705,1776393118000
1776393120.248,120.248,0.7,0.12,0.69,24.15,0.71,82.58,0.72,53.5,0.29,82.58,0.28,103.62,0.3,4.96,0.31,24.15,0.01,0.01,2329.312705,1776393118000
1776393120.615,120.615,0.7,22.01,0.69,24.15,0.71,50.9,0.72,53.5,0.29,82.58,0.28,53.5,0.3,0.12,0.31,24.15,0.01,0.01,2329.391563,1776393119000
1776393120.887,120.887,0.7,15.89,0.64,19.99,0.71,234.58,0.72,118.5,0.29,106.58,0.28,88.5,0.3,21.89,0.31,9.15,0.01,0.01,2329.391563,1776393119000
1776393121.253,121.253,0.62,9.78,0.61,20.0,0.64,22.17,0.65,20.0,0.36,27.0,0.35,20.0,0.38,9.78,0.39,15.0,0.02,0.02,2329.429281,1776393120000
1776393122.08,122.08,0.62,14.84,0.61,15.0,0.63,72.0,0.64,20.17,0.37,24.0,0.36,15.17,0.38,2.2,0.39,15.0,0.01,0.01,2329.429281,1776393120000
1776393122.682,122.682,0.62,28.06,0.61,15.0,0.63,60.41,0.64,15.17,0.37,72.0,0.36,20.17,0.38,14.84,0.39,15.0,0.01,0.01,2329.422299,1776393121000
1776393123.113,123.113,0.55,19.61,0.54,16.0,0.63,136.41,0.64,90.17,0.37,60.41,0.36,15.17,0.38,25.16,0.39,15.0,0.08,0.01,2329.422299,1776393121000
1776393123.43,123.43,0.55,6.16,0.54,10.0,0.56,10.0,0.57,20.0,0.44,20.0,0.43,20.0,0.45,6.16,0.46,10.0,0.01,0.01,2329.128422,1776393122000
1776393123.812,123.812,0.55,1.29,0.54,10.0,0.56,63.0,0.57,25.0,0.44,10.0,0.43,20.0,0.45,6.16,0.46,10.0,0.01,0.01,2329.128422,1776393122000
1776393124.153,124.153,0.54,10.0,0.53,21.0,0.55,10.0,0.56,56.0,0.44,63.0,0.43,25.0,0.45,1.29,0.46,10.0,0.01,0.01,2329.128422,1776393122000
1776393124.5,124.5,0.54,7.82,0.53,42.88,0.55,5.0,0.56,56.0,0.45,10.0,0.44,56.0,0.46,7.82,0.47,42.88,0.01,0.01,2329.016163,1776393123000
1776393125.47,125.47,0.54,12.49,0.53,42.88,0.55,5.0,0.56,56.0,0.45,5.0,0.44,56.0,0.46,7.82,0.47,42.88,0.01,0.01,2328.706948,1776393124000
1776393126.082,126.082,0.55,2.42,0.54,21.73,0.56,56.0,0.57,25.0,0.45,5.0,0.44,56.0,0.46,11.73,0.47,52.88,0.01,0.01,2328.706948,1776393124000
1776393127.084,127.084,0.55,63.41,0.54,33.73,0.61,20.41,0.62,85.0,0.44,56.0,0.43,25.0,0.45,2.42,0.46,21.73,0.06,0.01,2328.597167,1776393126000
1776393127.387,127.387,0.56,15.0,0.55,28.41,0.61,40.41,0.62,85.0,0.39,20.41,0.38,85.0,0.45,63.41,0.46,33.73,0.05,0.06,2328.597167,1776393126000
1776393129.69,129.69,0.56,13.61,0.55,12.42,0.58,10.0,0.59,15.0,0.39,40.41,0.38,85.0,0.44,15.0,0.45,28.41,0.02,0.05,2328.728367,1776393128000
1776393130.916,130.916,0.58,10.0,0.57,15.0,0.6,5.0,0.61,45.41,0.42,10.08,0.41,15.0,0.44,13.61,0.45,12.42,0.02,0.02,2328.666881,1776393130000
1776393131.965,131.965,0.49,12.82,0.48,191.0,0.5,10.0,0.51,10.0,0.4,5.0,0.39,45.41,0.42,10.0,0.43,15.0,0.01,0.02,2328.673594,1776393131000
1776393132.175,132.175,0.49,5.0,0.48,200.61,0.5,11.04,0.51,15.0,0.5,10.0,0.49,10.0,0.51,12.82,0.52,191.0,0.01,0.01,2328.673594,1776393131000
1776393133.095,133.095,0.46,10.24,0.45,100.0,0.47,20.0,0.48,65.0,0.51,63.99,0.5,16.04,0.52,179.61,0.53,124.0,0.01,0.01,2328.690899,1776393132000
1776393133.378,133.378,0.45,95.0,0.44,100.0,0.46,20.0,0.47,29.0,0.53,48.2,0.52,29.0,0.54,0.46,0.55,100.0,0.01,0.01,2328.690899,1776393132000
1776393133.634,133.634,0.44,50.0,0.43,110.0,0.45,14.0,0.46,25.0,0.55,4.0,0.54,20.0,0.56,100.0,0.57,113.0,0.01,0.01,2328.690899,1776393132000
1776393135.014,135.014,0.43,3.24,0.42,125.61,0.44,25.0,0.45,19.0,0.55,14.0,0.54,25.0,0.56,50.0,0.57,110.0,0.01,0.01,2328.483006,1776393133000
1776393135.532,135.532,0.42,116.99,0.41,113.38,0.49,97.03,0.5,100.0,0.56,25.0,0.55,19.0,0.57,3.24,0.58,125.61,0.07,0.01,2328.138311,1776393134000
1776393136.994,136.994,0.48,58.07,0.47,25.0,0.49,97.03,0.5,110.0,0.51,97.03,0.5,100.0,0.54,40.75,0.55,10.0,0.01,0.03,2328.086769,1776393135000
1776393137.771,137.771,0.48,3.07,0.47,10.0,0.49,112.03,0.5,115.0,0.51,97.03,0.5,110.0,0.52,58.07,0.53,25.0,0.01,0.01,2328.17236,1776393136000
1776393138.002,138.002,0.46,103.28,0.45,17.0,0.47,10.0,0.48,10.0,0.51,112.03,0.5,115.0,0.54,101.99,0.55,17.0,0.01,0.03,2328.17236,1776393136000
1776393140.797,140.797,0.46,80.0,0.45,5.0,0.47,5.74,0.48,10.0,0.53,10.0,0.52,10.0,0.54,103.28,0.55,17.0,0.01,0.01,2328.14585,1776393139000
1776393143.51,143.51,0.49,20.0,0.48,46.0,0.5,108.0,0.51,110.0,0.53,5.74,0.52,10.0,0.54,80.0,0.55,5.0,0.01,0.01,2328.087683,1776393142000
1776393145.453,145.453,0.49,4.24,0.48,31.0,0.5,108.0,0.51,115.0,0.5,108.0,0.49,110.0,0.51,20.0,0.52,46.0,0.01,0.01,2328.25105,1776393144000
1776393153.569,153.569,0.51,77.19,0.5,57.38,0.53,89.2,0.54,100.0,0.5,108.0,0.49,115.0,0.51,4.24,0.52,31.0,0.02,0.01,2328.31261,1776393152000
1776393157.64,157.64,0.54,27.0,0.53,36.0,0.59,3.42,0.6,15.0,0.47,89.2,0.46,100.0,0.49,77.19,0.5,57.38,0.05,0.02,2328.57776,1776393156000
1776393161.0,161.0,0.6,48.0,0.59,20.0,0.62,23.0,0.65,145.0,0.41,3.42,0.4,15.0,0.46,27.0,0.47,36.0,0.02,0.05,2328.636715,1776393159000
1776393162.677,162.677,0.63,10.0,0.62,15.0,0.65,154.0,0.66,65.0,0.38,23.0,0.35,145.0,0.4,48.0,0.41,20.0,0.02,0.02,2328.651045,1776393161000
1776393163.061,163.061,0.61,21.0,0.6,5.0,0.64,34.0,0.65,175.0,0.35,154.0,0.34,65.0,0.37,10.0,0.38,15.0,0.03,0.02,2328.651045,1776393161000
1776393163.353,163.353,0.6,10.0,0.59,10.0,0.61,34.0,0.62,44.0,0.36,34.0,0.35,175.0,0.39,21.0,0.4,5.0,0.01,0.03,2328.651045,1776393161000
1776393163.591,163.591,0.6,5.0,0.59,10.0,0.61,34.0,0.62,35.0,0.39,34.0,0.38,44.0,0.4,10.0,0.41,10.0,0.01,0.01,2328.651045,1776393161000
1776393166.249,166.249,0.6,2.5,0.59,15.0,0.61,34.0,0.62,35.0,0.39,34.0,0.38,35.0,0.4,5.0,0.41,10.0,0.01,0.01,2328.79842,1776393165000
1776393169.935,169.935,0.59,12.56,0.58,15.0,0.6,29.0,0.61,25.0,0.39,34.0,0.38,35.0,0.4,2.5,0.41,15.0,0.01,0.01,2328.743633,1776393168000
1776393179.492,179.492,0.6,1.55,0.59,62.56,0.65,140.0,0.66,5.0,0.4,29.0,0.39,25.0,0.41,12.56,0.42,15.0,0.05,0.01,2328.727291,1776393177000
1776393181.261,181.261,0.65,29.2,0.64,79.0,0.69,1.86,0.71,10.0,0.35,140.0,0.34,5.0,0.4,1.55,0.41,62.56,0.04,0.05,2328.746069,1776393179000
1776393181.52,181.52,0.67,7.46,0.66,50.0,0.68,22.0,0.71,9.9,0.29,9.9,0.27,140.0,0.35,29.2,0.36,79.0,0.01,0.06,2328.746069,1776393179000
1776393184.894,184.894,0.71,10.0,0.7,10.0,0.73,205.0,0.74,70.0,0.32,13.17,0.27,140.0,0.34,50.0,0.35,20.0,0.02,0.02,2329.290005,1776393183000
1776393185.112,185.112,0.72,4.0,0.71,15.0,0.73,193.3,0.74,80.0,0.27,193.3,0.26,70.0,0.29,10.0,0.3,10.0,0.01,0.02,2329.290005,1776393183000
1776393190.527,190.527,0.71,2.75,0.7,30.99,0.72,5.0,0.73,75.0,0.27,193.3,0.26,80.0,0.3,10.0,0.31,10.0,0.01,0.03,2329.041813,1776393189000
1776393191.714,191.714,0.71,12.75,0.7,30.99,0.73,73.15,0.74,70.0,0.28,5.0,0.27,75.0,0.29,2.75,0.3,30.99,0.02,0.01,2329.115264,1776393190000
1776393195.099,195.099,0.72,53.0,0.71,24.61,0.73,68.63,0.74,146.0,0.27,73.15,0.26,70.0,0.29,12.75,0.3,30.99,0.01,0.02,2329.28233,1776393193000
1776393196.259,196.259,0.72,19.0,0.71,15.0,0.73,98.61,0.74,146.0,0.27,66.61,0.26,146.0,0.28,53.0,0.29,24.61,0.01,0.01,2329.269795,1776393194000
1776393198.618,198.618,0.65,10.77,0.64,37.99,0.68,25.0,0.69,45.0,0.27,98.61,0.26,146.0,0.28,19.0,0.29,15.0,0.03,0.01,2329.280875,1776393196000
1776393199.313,199.313,0.65,10.77,0.64,29.61,0.66,12.57,0.67,80.0,0.34,5.45,0.33,80.0,0.35,10.77,0.36,29.61,0.01,0.01,2329.185823,1776393198000
1776393199.967,199.967,0.65,10.77,0.64,20.0,0.66,10.47,0.67,70.0,0.34,12.57,0.33,80.0,0.35,10.77,0.36,29.61,0.01,0.01,2329.185823,1776393198000
1776393202.003,202.003,0.65,10.93,0.64,20.0,0.67,70.0,0.68,36.0,0.34,8.31,0.33,70.0,0.35,10.77,0.36,20.0,0.02,0.01,2329.1455,1776393200000
1776393202.228,202.228,0.65,20.93,0.64,20.0,0.67,104.07,0.68,36.0,0.33,70.0,0.32,36.0,0.35,10.93,0.36,20.0,0.02,0.02,2329.103648,1776393201000
1776393203.495,203.495,0.66,173.52,0.65,10.0,0.67,128.82,0.68,46.0,0.33,104.07,0.32,36.0,0.35,20.93,0.36,20.0,0.01,0.02,2329.014145,1776393202000
1776393205.188,205.188,0.66,191.52,0.65,24.38,0.67,86.64,0.68,20.0,0.33,126.26,0.32,46.0,0.34,173.52,0.35,10.0,0.01,0.01,2329.01268,1776393204000
1776393206.21,206.21,0.66,201.52,0.65,24.38,0.67,77.16,0.68,20.0,0.33,86.64,0.32,20.0,0.34,191.52,0.35,24.38,0.01,0.01,2328.986584,1776393205000
1776393209.117,209.117,0.66,129.52,0.6,79.61,0.67,123.16,0.68,100.0,0.33,77.16,0.32,20.0,0.34,201.52,0.35,24.38,0.01,0.01,2329.002893,1776393208000
1776393209.327,209.327,0.58,14.8,0.55,30.0,0.6,45.24,0.67,206.0,0.33,123.16,0.32,30.0,0.34,51.49,0.4,9.61,0.02,0.01,2329.002893,1776393208000
1776393209.67,209.67,0.58,14.8,0.57,14.7,0.59,93.0,0.6,100.01,0.4,44.01,0.33,206.0,0.42,14.8,0.45,30.0,0.01,0.02,2329.002893,1776393208000
1776393209.924,209.924,0.52,66.83,0.51,66.0,0.53,10.0,0.54,20.0,0.41,93.0,0.4,100.01,0.42,14.8,0.43,14.7,0.01,0.01,2329.002893,1776393208000
1776393210.125,210.125,0.52,66.83,0.51,66.0,0.53,11.08,0.54,20.0,0.47,10.0,0.46,20.0,0.48,66.83,0.49,66.0,0.01,0.01,2329.002893,1776393208000
1776393211.375,211.375,0.58,70.0,0.56,60.0,0.59,18.61,0.6,79.01,0.47,11.08,0.46,20.0,0.48,66.83,0.49,66.0,0.01,0.01,2328.678747,1776393210000
1776393212.823,212.823,0.56,11.0,0.51,64.61,0.57,10.0,0.58,10.0,0.41,18.61,0.4,79.01,0.42,70.0,0.44,60.0,0.01,0.01,2328.538856,1776393211000
1776393213.303,213.303,0.51,61.83,0.47,70.0,0.52,73.2,0.53,20.0,0.43,10.0,0.42,10.0,0.44,11.0,0.49,64.61,0.01,0.01,2328.538856,1776393211000
1776393213.565,213.565,0.51,40.5,0.47,70.0,0.52,89.0,0.53,20.0,0.48,80.0,0.47,20.0,0.49,51.73,0.53,70.0,0.01,0.01,2328.538856,1776393211000
1776393216.681,216.681,0.51,36.41,0.47,70.0,0.52,58.0,0.53,20.0,0.48,63.0,0.47,20.0,0.49,36.41,0.53,70.0,0.01,0.01,2328.3599,1776393215000
1776393218.695,218.695,0.51,28.41,0.47,70.0,0.52,82.0,0.53,11.0,0.47,11.0,0.46,10.0,0.49,36.41,0.53,70.0,0.01,0.02,2328.310302,1776393217000
1776393219.071,219.071,0.51,24.98,0.47,70.0,0.52,82.0,0.53,11.0,0.48,82.0,0.47,11.0,0.49,28.41,0.53,70.0,0.01,0.01,2328.310302,1776393217000
1776393221.601,221.601,0.51,25.61,0.5,5.0,0.52,10.0,0.53,25.5,0.48,82.0,0.47,11.0,0.49,24.98,0.53,70.0,0.01,0.01,2328.26234,1776393220000
1776393222.751,222.751,0.59,60.0,0.51,100.63,0.6,49.01,0.62,15.3,0.48,10.0,0.47,25.5,0.49,25.61,0.5,5.0,0.01,0.01,2328.2594,1776393221000
1776393223.523,223.523,0.59,64.0,0.56,50.0,0.6,76.01,0.61,10.0,0.4,49.01,0.38,15.3,0.41,60.0,0.49,100.63,0.01,0.01,2328.2619,1776393222000
1776393224.722,224.722,0.59,64.0,0.56,50.0,0.6,46.01,0.61,10.0,0.4,76.01,0.39,10.0,0.41,64.0,0.44,50.0,0.01,0.01,2328.272223,1776393223000
1776393225.267,225.267,0.59,24.0,0.56,50.0,0.6,46.01,0.61,10.0,0.4,46.01,0.39,10.0,0.41,64.0,0.44,50.0,0.01,0.01,2328.4214,1776393224000
1776393225.81,225.81,0.56,50.0,0.55,15.0,0.6,46.01,0.61,10.0,0.4,46.01,0.39,10.0,0.41,24.0,0.44,50.0,0.04,0.01,2328.4214,1776393224000
1776393226.624,226.624,0.51,0.63,0.5,75.0,0.52,6.69,0.53,19.0,0.4,46.01,0.39,10.0,0.44,50.0,0.45,15.0,0.01,0.04,2328.4214,1776393224000
1776393226.972,226.972,0.5,31.32,0.46,80.0,0.51,19.0,0.52,10.0,0.48,6.69,0.47,19.0,0.49,0.63,0.5,75.0,0.01,0.01,2328.43195,1776393225000
1776393228.489,228.489,0.5,31.32,0.46,85.0,0.51,16.7,0.52,10.0,0.49,14.0,0.48,10.0,0.5,31.32,0.54,85.0,0.01,0.01,2328.48005,1776393227000
1776393228.76,228.76,0.5,9.78,0.46,85.0,0.51,73.7,0.52,10.0,0.49,16.7,0.48,10.0,0.5,31.32,0.54,85.0,0.01,0.01,2328.48005,1776393227000
1776393229.091,229.091,0.46,50.0,0.44,35.0,0.51,73.7,0.52,10.0,0.49,73.7,0.48,10.0,0.5,9.78,0.54,85.0,0.05,0.01,2328.48005,1776393227000
1776393229.664,229.664,0.46,50.0,0.45,5.0,0.48,1.51,0.49,10.0,0.49,73.7,0.48,10.0,0.54,50.0,0.56,35.0,0.02,0.05,2328.322718,1776393228000
1776393230.069,230.069,0.46,50.0,0.45,5.0,0.47,3.61,0.48,1.51,0.52,1.51,0.51,10.0,0.54,50.0,0.55,5.0,0.01,0.02,2328.275076,1776393229000
1776393230.834,230.834,0.43,14.7,0.42,30.0,0.47,13.61,0.48,1.51,0.53,3.61,0.52,1.51,0.54,50.0,0.55,5.0,0.04,0.01,2328.275076,1776393229000
1776393234.507,234.507,0.43,14.7,0.41,30.0,0.44,22.69,0.45,10.0,0.53,13.61,0.52,1.51,0.57,14.7,0.58,30.0,0.01,0.04,2328.22331,1776393233000
1776393235.05,235.05,0.41,21.67,0.39,10.0,0.42,22.0,0.43,17.0,0.56,22.69,0.55,10.0,0.57,14.7,0.59,30.0,0.01,0.01,2328.22331,1776393233000
1776393235.521,235.521,0.41,21.67,0.39,19.61,0.42,17.0,0.43,17.0,0.58,22.0,0.57,17.0,0.59,21.67,0.61,10.0,0.01,0.01,2328.206237,1776393234000
1776393238.064,238.064,0.47,41.0,0.46,15.0,0.49,14.4,0.5,14.4,0.58,17.0,0.57,17.0,0.59,21.67,0.61,19.61,0.02,0.01,2328.166711,1776393237000
1776393239.05,239.05,0.5,5.0,0.49,15.0,0.51,26.03,0.52,24.4,0.5,11.9,0.49,14.4,0.52,15.0,0.53,41.0,0.01,0.02,2328.164921,1776393238000
1776393239.337,239.337,0.5,3.0,0.49,5.0,0.51,26.03,0.52,24.4,0.49,26.03,0.48,24.4,0.5,5.0,0.51,15.0,0.01,0.01,2328.164921,1776393238000
1776393240.026,240.026,0.5,3.0,0.49,5.0,0.51,5.0,0.52,24.4,0.49,19.21,0.48,24.4,0.5,3.0,0.51,5.0,0.01,0.01,2328.164921,1776393238000
1776393240.876,240.876,0.49,15.0,0.48,15.0,0.5,5.0,0.51,5.0,0.49,5.0,0.48,24.4,0.5,3.0,0.51,5.0,0.01,0.01,2328.25061,1776393239000
1776393241.966,241.966,0.26,50.0,0.25,21.0,0.41,45.0,0.42,10.0,0.5,15.0,0.49,5.0,0.51,10.21,0.52,15.0,0.15,0.01,2328.281224,1776393240000
1776393242.203,242.203,0.26,48.17,0.25,5.0,0.27,25.0,0.28,15.0,0.59,45.0,0.58,10.0,0.74,50.0,0.75,21.0,0.01,0.15,2328.259554,1776393241000
1776393242.461,242.461,0.26,36.7,0.25,5.0,0.27,25.0,0.28,15.0,0.73,25.0,0.72,15.0,0.74,48.17,0.75,5.0,0.01,0.01,2328.259554,1776393241000
1776393242.71,242.71,0.26,33.99,0.25,5.0,0.27,4.26,0.28,10.0,0.73,4.26,0.72,10.0,0.74,36.7,0.75,5.0,0.01,0.01,2328.259554,1776393241000
1776393243.168,243.168,0.25,161.99,0.24,31.0,0.37,15.0,0.38,15.0,0.73,4.26,0.72,10.0,0.74,33.99,0.75,5.0,0.12,0.01,2328.26559,1776393242000
1776393243.514,243.514,0.36,1.81,0.35,30.0,0.37,85.9,0.38,15.0,0.63,14.9,0.62,15.0,0.64,5.0,0.65,30.0,0.01,0.01,2328.26559,1776393242000
1776393244.491,244.491,0.4,11.66,0.39,15.0,0.41,10.0,0.42,10.0,0.63,45.9,0.62,15.0,0.65,30.0,0.71,23.0,0.01,0.02,2328.087469,1776393243000
1776393245.127,245.127,0.49,11.41,0.48,15.0,0.5,37.4,0.51,74.4,0.59,10.0,0.58,10.0,0.6,11.66,0.61,15.0,0.01,0.01,2327.854557,1776393244000
1776393245.574,245.574,0.49,29.2,0.48,15.0,0.5,28.0,0.51,50.0,0.5,37.4,0.49,74.4,0.51,7.76,0.52,15.0,0.01,0.01,2327.854557,1776393244000
1776393245.96,245.96,0.51,10.0,0.5,10.0,0.53,7.35,0.54,10.0,0.49,34.64,0.44,50.0,0.5,10.0,0.51,24.52,0.02,0.01,2327.854557,1776393244000
1776393246.167,246.167,0.51,10.0,0.5,10.0,0.53,2.01,0.54,10.0,0.47,4.35,0.46,10.0,0.49,10.0,0.5,10.0,0.02,0.02,2327.905674,1776393245000
1776393249.461,249.461,0.45,1.15,0.44,45.0,0.49,10.0,0.5,10.0,0.47,2.01,0.46,10.0,0.49,10.0,0.5,10.0,0.04,0.02,2328.252423,1776393248000
1776393250.217,250.217,0.38,9.76,0.37,24.99,0.47,16.0,0.48,16.0,0.51,10.0,0.5,10.0,0.55,1.15,0.56,45.0,0.09,0.04,2328.226252,1776393249000
1776393250.557,250.557,0.42,10.0,0.41,10.0,0.43,0.17,0.44,10.0,0.53,16.0,0.52,16.0,0.62,9.76,0.63,24.99,0.01,0.09,2328.226252,1776393249000
1776393250.839,250.839,0.42,10.0,0.41,10.0,0.46,15.0,0.47,16.0,0.57,0.17,0.56,10.0,0.58,10.0,0.59,10.0,0.04,0.01,2328.226252,1776393249000
1776393252.161,252.161,0.43,19.52,0.41,10.0,0.44,4.5,0.45,10.0,0.54,15.0,0.53,16.0,0.58,10.0,0.59,10.0,0.01,0.04,2328.243481,1776393250000
1776393252.506,252.506,0.43,19.52,0.41,10.0,0.44,10.45,0.45,10.0,0.56,4.5,0.55,10.0,0.57,19.52,0.59,10.0,0.01,0.01,2328.23306,1776393251000
1776393256.895,256.895,0.43,2.52,0.42,10.0,0.44,112.02,0.46,10.0,0.56,6.97,0.55,10.0,0.57,19.52,0.59,10.0,0.01,0.01,2328.273688,1776393255000
1776393257.175,257.175,0.4,26.99,0.39,22.0,0.42,7.61,0.43,10.0,0.56,112.02,0.54,10.0,0.57,2.52,0.58,10.0,0.02,0.01,2328.273688,1776393255000
1776393257.767,257.767,0.36,50.0,0.33,24.3,0.37,31.67,0.38,15.0,0.58,7.61,0.57,10.0,0.6,26.99,0.61,22.0,0.01,0.02,2328.27494,1776393256000
1776393259.917,259.917,0.36,43.0,0.33,24.3,0.37,31.67,0.38,15.0,0.63,31.67,0.62,15.0,0.64,50.0,0.67,24.3,0.01,0.01,2328.2866,1776393258000
1776393260.193,260.193,0.33,24.3,0.32,21.5,0.37,31.67,0.38,15.0,0.63,31.67,0.62,15.0,0.64,43.0,0.67,24.3,0.04,0.01,2328.220428,1776393259000
1776393260.687,260.687,0.2,11.1,0.19,103.4,0.21,15.0,0.22,10.0,0.63,31.67,0.62,15.0,0.67,24.3,0.68,21.5,0.01,0.04,2328.220428,1776393259000
1776393260.979,260.979,0.19,102.56,0.18,24.4,0.21,20.48,0.22,10.0,0.79,20.48,0.78,10.0,0.8,5.75,0.81,108.4,0.02,0.01,2328.220428,1776393259000
1776393261.253,261.253,0.2,48.54,0.19,56.28,0.21,4.13,0.22,10.0,0.79,11.28,0.78,10.0,0.8,48.54,0.81,56.28,0.01,0.01,2328.103341,1776393260000
1776393262.136,262.136,0.2,48.54,0.19,45.0,0.22,10.0,0.23,15.0,0.79,3.0,0.78,10.0,0.8,48.54,0.81,56.28,0.02,0.01,2328.0845,1776393261000
1776393262.531,262.531,0.19,6.95,0.16,108.79,0.2,10.0,0.21,10.0,0.79,10.0,0.78,10.0,0.81,43.31,0.83,25.5,0.01,0.02,2328.0845,1776393261000
1776393262.865,262.865,0.18,10.81,0.16,108.79,0.19,15.0,0.2,10.0,0.8,10.0,0.79,10.0,0.81,6.95,0.84,108.79,0.01,0.01,2328.0845,1776393261000
1776393263.075,263.075,0.18,101.8,0.17,32.0,0.3,44.28,0.31,50.0,0.81,15.0,0.8,10.0,0.82,10.81,0.84,108.79,0.12,0.01,2328.0845,1776393261000
1776393263.44,263.44,0.28,23.0,0.27,10.0,0.3,44.28,0.31,50.0,0.7,44.28,0.69,50.0,0.82,101.8,0.83,32.0,0.02,0.12,2327.98651,1776393262000
1776393263.818,263.818,0.21,23.73,0.2,27.0,0.3,50.28,0.31,50.0,0.7,44.28,0.69,50.0,0.72,23.0,0.73,10.0,0.09,0.02,2327.98651,1776393262000
1776393264.101,264.101,0.29,4.16,0.28,10.0,0.3,50.28,0.31,50.0,0.7,50.28,0.69,50.0,0.79,23.73,0.8,27.0,0.01,0.09,2327.98651,1776393262000
1776393264.986,264.986,0.28,9.79,0.27,10.0,0.3,50.28,0.31,50.0,0.7,50.28,0.69,50.0,0.71,1.9,0.72,10.0,0.02,0.01,2327.923318,1776393263000
1776393265.191,265.191,0.29,4.0,0.28,9.79,0.3,50.28,0.31,50.0,0.7,50.28,0.69,50.0,0.72,9.79,0.73,10.0,0.01,0.02,2327.923318,1776393263000
1776393265.497,265.497,0.29,8.59,0.28,6.79,0.3,57.28,0.31,60.0,0.7,57.28,0.69,50.0,0.72,6.79,0.73,10.0,0.01,0.02,2327.986798,1776393264000
1776393265.891,265.891,0.28,7.91,0.27,6.46,0.29,10.0,0.3,60.28,0.7,67.28,0.69,60.0,0.73,6.46,0.74,10.0,0.01,0.03,2327.986798,1776393264000
1776393266.667,266.667,0.26,55.27,0.25,10.0,0.29,17.0,0.3,60.28,0.71,10.0,0.7,60.28,0.72,2.56,0.73,6.46,0.03,0.01,2328.06139,1776393265000
1776393266.945,266.945,0.26,0.99,0.25,10.0,0.28,10.0,0.29,10.0,0.71,17.0,0.7,60.28,0.74,55.27,0.75,10.0,0.02,0.03,2328.06139,1776393265000
1776393267.538,267.538,0.25,5.77,0.24,10.0,0.27,17.0,0.28,10.0,0.72,10.0,0.71,10.0,0.74,0.99,0.75,10.0,0.02,0.02,2328.012122,1776393266000
1776393267.797,267.797,0.24,9.64,0.23,10.0,0.26,13.0,0.27,10.0,0.73,17.0,0.72,10.0,0.75,5.77,0.76,10.0,0.02,0.02,2328.012122,1776393266000
1776393268.175,268.175,0.24,4.67,0.23,9.57,0.26,23.0,0.27,10.0,0.74,13.0,0.73,10.0,0.77,9.57,0.78,10.0,0.02,0.03,2328.012122,1776393266000
1776393268.644,268.644,0.25,355.38,0.24,23.67,0.44,105.02,0.48,30.0,0.74,23.0,0.73,10.0,0.76,4.67,0.77,9.57,0.19,0.02,2328.012122,1776393266000
1776393268.862,268.862,0.43,142.04,0.42,22.0,0.44,47.58,0.53,30.0,0.56,47.58,0.52,30.0,0.57,15.0,0.58,10.0,0.01,0.01,2328.012122,1776393266000
1776393269.113,269.113,0.43,181.04,0.42,22.0,0.44,10.38,0.53,30.0,0.56,20.75,0.47,30.0,0.57,142.04,0.58,22.0,0.01,0.01,2328.00845,1776393267000
1776393269.332,269.332,0.52,24.38,0.51,40.0,0.53,33.63,0.56,50.0,0.47,30.0,0.44,50.0,0.57,167.61,0.58,22.0,0.01,0.1,2328.00845,1776393267000
1776393269.545,269.545,0.52,2.85,0.51,40.0,0.6,37.01,0.61,75.1,0.47,5.0,0.44,50.0,0.48,2.85,0.49,40.0,0.08,0.01,2328.00845,1776393267000
1776393269.947,269.947,0.58,8.48,0.57,15.0,0.59,17.0,0.6,37.01,0.4,37.01,0.39,75.1,0.48,2.85,0.49,40.0,0.01,0.08,2328.00845,1776393267000
1776393270.415,270.415,0.56,12.27,0.55,10.0,0.59,11.26,0.6,37.01,0.41,11.26,0.4,37.01,0.42,8.48,0.43,15.0,0.03,0.01,2328.006039,1776393268000
1776393270.772,270.772,0.59,10.0,0.58,10.0,0.7,34.2,0.71,74.5,0.41,11.26,0.4,37.01,0.44,12.27,0.45,10.0,0.11,0.03,2328.006039,1776393268000
1776393271.051,271.051,0.69,13.08,0.68,16.0,0.7,9.9,0.71,67.0,0.3,10.0,0.29,67.0,0.31,13.08,0.32,16.0,0.01,0.01,2328.239176,1776393269000
1776393271.394,271.394,0.69,13.08,0.68,16.0,0.71,65.17,0.72,57.89,0.3,1.6,0.29,67.0,0.31,13.08,0.32,16.0,0.02,0.01,2328.239176,1776393269000
1776393271.665,271.665,0.67,5.22,0.66,10.0,0.7,10.0,0.71,65.17,0.29,65.17,0.28,57.89,0.31,13.08,0.32,16.0,0.03,0.02,2328.239176,1776393269000
1776393272.18,272.18,0.32,30.0,0.3,6.0,0.46,55.0,0.47,15.0,0.31,5.0,0.3,10.0,0.33,5.22,0.34,10.0,0.14,0.02,2328.351113,1776393270000
1776393272.62,272.62,0.26,50.0,0.22,21.0,0.29,10.0,0.3,10.0,0.67,10.0,0.66,10.0,0.74,50.0,0.78,51.0,0.03,0.07,2328.382845,1776393271000
1776393272.868,272.868,0.22,11.19,0.21,71.7,0.23,15.0,0.24,10.0,0.73,20.0,0.72,20.0,0.78,21.0,0.79,71.7,0.01,0.05,2328.382845,1776393271000
1776393273.079,273.079,0.21,65.98,0.2,33.5,0.24,2.7,0.25,10.0,0.76,2.7,0.75,10.0,0.78,7.38,0.79,71.7,0.03,0.02,2328.382845,1776393271000
1776393273.778,273.778,0.21,44.28,0.2,22.5,0.22,5.9,0.23,9.56,0.77,9.56,0.76,2.7,0.79,44.28,0.8,33.5,0.01,0.02,2328.447482,1776393272000
1776393274.338,274.338,0.38,10.0,0.37,18.0,0.42,10.0,0.43,10.0,0.77,9.56,0.76,2.7,0.79,44.28,0.8,22.5,0.04,0.02,2328.530935,1776393273000
1776393275.152,275.152,0.39,15.21,0.38,20.0,0.41,10.0,0.42,10.0,0.58,10.0,0.57,10.0,0.6,2.54,0.61,10.0,0.02,0.02,2328.530935,1776393273000
1776393277.8,277.8,0.47,19.2,0.26,50.0,0.48,10.0,0.49,10.0,0.59,10.0,0.58,10.0,0.61,15.21,0.62,20.0,0.01,0.02,2328.226463,1776393276000
1776393278.085,278.085,0.31,39.53,0.3,30.0,0.38,9.44,0.39,20.0,0.44,130.0,0.43,80.0,0.69,39.53,0.74,61.0,0.07,0.25,2328.226463,1776393276000
1776393278.467,278.467,0.35,5.0,0.32,10.0,0.36,3.33,0.37,10.0,0.62,5.0,0.61,21.37,0.69,28.37,0.7,30.0,0.01,0.07,2328.19369,1776393277000
1776393279.178,279.178,0.32,3.77,0.31,38.37,0.36,20.0,0.37,10.0,0.64,3.33,0.63,10.0,0.65,5.0,0.68,10.0,0.04,0.01,2328.220407,1776393278000
1776393279.47,279.47,0.33,9.47,0.32,10.0,0.36,10.0,0.37,10.0,0.62,5.0,0.61,15.0,0.68,10.0,0.69,38.37,0.03,0.06,2328.220407,1776393278000
1776393280.225,280.225,0.31,37.06,0.3,40.0,0.33,10.0,0.34,29.2,0.64,10.0,0.63,10.0,0.67,9.47,0.68,10.0,0.02,0.03,2328.220407,1776393278000
1776393280.469,280.469,0.32,10.0,0.31,80.12,0.34,3.31,0.35,10.0,0.67,5.09,0.66,10.0,0.69,30.12,0.7,40.0,0.02,0.02,2328.220407,1776393278000
1776393280.727,280.727,0.32,9.02,0.31,80.12,0.34,3.31,0.35,10.0,0.66,3.31,0.65,10.0,0.68,10.0,0.69,80.12,0.02,0.02,2328.141342,1776393279000
1776393281.291,281.291,0.33,0.19,0.32,9.02,0.34,11.64,0.35,10.0,0.66,3.31,0.65,10.0,0.68,9.02,0.69,80.12,0.01,0.02,2328.141342,1776393279000
1776393281.643,281.643,0.31,56.83,0.3,40.0,0.34,11.64,0.35,15.0,0.66,11.64,0.65,10.0,0.67,0.19,0.68,9.02,0.03,0.01,2328.064982,1776393280000
1776393282.143,282.143,0.31,51.83,0.3,40.0,0.32,10.0,0.33,10.0,0.66,11.64,0.65,15.0,0.69,56.83,0.7,40.0,0.01,0.03,2328.115443,1776393281000
1776393282.68,282.68,0.3,8.28,0.29,10.0,0.32,10.0,0.33,10.0,0.68,10.0,0.67,10.0,0.69,38.45,0.7,40.0,0.02,0.01,2328.115443,1776393281000
1776393284.203,284.203,0.26,39.86,0.25,10.0,0.28,5.0,0.31,10.0,0.68,10.0,0.67,10.0,0.7,8.28,0.71,10.0,0.02,0.02,2328.077671,1776393282000
1776393284.49,284.49,0.31,4.47,0.3,10.0,0.32,10.0,0.33,10.0,0.72,5.0,0.69,10.0,0.74,39.86,0.75,10.0,0.01,0.02,2328.07242,1776393283000
1776393284.708,284.708,0.28,1.27,0.27,10.0,0.32,10.0,0.33,10.0,0.68,10.0,0.67,10.0,0.7,7.67,0.71,10.0,0.04,0.02,2328.07242,1776393283000
1776393286.455,286.455,0.46,10.0,0.45,10.0,0.47,10.0,0.5,10.0,0.68,10.0,0.67,10.0,0.72,1.27,0.73,10.0,0.01,0.04,2328.067355,1776393284000
1776393286.785,286.785,0.49,18.0,0.48,10.0,0.53,10.0,0.54,10.0,0.53,10.0,0.49,50.0,0.54,1.65,0.55,10.0,0.04,0.01,2328.064656,1776393285000
1776393287.159,287.159,0.46,49.16,0.45,10.0,0.49,10.0,0.5,10.0,0.47,10.0,0.46,10.0,0.54,47.16,0.55,10.0,0.03,0.07,2328.064656,1776393285000
1776393287.624,287.624,0.58,7.0,0.57,10.0,0.6,0.33,0.61,10.0,0.53,10.0,0.52,10.0,0.54,8.04,0.55,10.0,0.02,0.01,2328.07231,1776393286000
1776393288.109,288.109,0.41,8.06,0.4,10.0,0.48,5.0,0.49,5.0,0.43,10.0,0.42,10.0,0.54,43.59,0.55,10.0,0.07,0.11,2328.07231,1776393286000
1776393289.272,289.272,0.6,10.0,0.59,10.0,0.61,30.0,0.66,80.0,0.52,5.0,0.51,5.0,0.59,8.06,0.6,10.0,0.01,0.07,2328.17726,1776393288000
1776393289.541,289.541,0.65,2.71,0.64,10.0,0.66,80.0,0.68,10.0,0.34,80.0,0.29,58.17,0.4,10.0,0.41,10.0,0.01,0.06,2328.17726,1776393288000
1776393290.218,290.218,0.65,2.71,0.64,10.0,0.68,40.0,0.69,10.0,0.34,75.0,0.32,10.0,0.35,2.71,0.36,10.0,0.03,0.01,2328.17726,1776393288000
1776393290.542,290.542,0.62,10.2,0.61,10.0,0.63,10.0,0.64,10.0,0.32,40.0,0.31,10.0,0.33,6.07,0.34,10.0,0.01,0.01,2328.304025,1776393289000
1776393290.752,290.752,0.56,50.0,0.55,16.0,0.65,7.27,0.66,10.0,0.36,4.02,0.35,10.0,0.38,10.2,0.44,50.0,0.09,0.02,2328.304025,1776393289000
1776393290.993,290.993,0.58,7.88,0.57,16.0,0.6,10.0,0.61,10.0,0.4,7.2,0.39,10.0,0.43,16.0,0.44,60.0,0.02,0.03,2328.304025,1776393289000
1776393291.254,291.254,0.58,7.88,0.57,16.0,0.63,0.79,0.64,10.0,0.4,10.0,0.39,10.0,0.42,7.88,0.43,16.0,0.05,0.02,2328.304025,1776393289000
1776393292.432,292.432,0.63,2.16,0.62,10.0,0.67,10.0,0.68,10.0,0.37,0.79,0.36,10.0,0.42,7.88,0.43,16.0,0.04,0.05,2328.35617,1776393290000
1776393292.742,292.742,0.66,10.0,0.65,10.0,0.68,6.39,0.69,10.0,0.33,10.0,0.32,10.0,0.37,2.16,0.38,10.0,0.02,0.04,2328.35617,1776393290000
1776393293.305,293.305,0.82,10.0,0.81,10.0,0.86,28.24,0.87,10.0,0.32,6.39,0.31,10.0,0.34,10.0,0.35,10.0,0.04,0.02,2328.427488,1776393291000
1776393293.751,293.751,0.88,10.0,0.87,10.0,0.9,10.0,0.91,71.0,0.12,8.16,0.11,10.0,0.14,9.0,0.15,10.0,0.02,0.02,2328.401103,1776393292000
1776393293.969,293.969,0.73,10.0,0.72,10.0,0.75,6.04,0.76,10.0,0.23,10.0,0.22,8.71,0.29,70.54,0.3,10.0,0.02,0.06,2328.401103,1776393292000
1776393294.241,294.241,0.73,10.0,0.72,10.0,0.77,1.45,0.78,8.71,0.25,4.45,0.24,10.0,0.28,10.0,0.29,70.54,0.04,0.03,2328.40402,1776393293000
1776393294.59,294.59,0.75,10.0,0.74,10.0,0.78,3.67,0.79,10.0,0.25,3.36,0.23,1.45,0.26,10.0,0.27,10.0,0.03,0.01,2328.40402,1776393293000
1776393295.143,295.143,0.77,10.0,0.76,60.0,0.82,1.65,0.83,10.0,0.18,1.65,0.17,10.0,0.22,6.0,0.24,10.0,0.05,0.04,2328.40402,1776393293000
1776393295.557,295.557,0.82,5.0,0.81,10.0,0.83,8.14,0.84,10.0,0.15,5.47,0.14,40.0,0.21,15.0,0.22,10.0,0.01,0.06,2328.471378,1776393294000
1776393296.176,296.176,0.84,5.0,0.83,10.0,0.88,30.0,0.89,10.0,0.17,8.14,0.16,10.0,0.18,5.0,0.19,10.0,0.04,0.01,2328.471378,1776393294000
1776393296.428,296.428,0.86,10.0,0.85,10.0,0.89,1.87,0.9,20.0,0.12,30.0,0.11,10.0,0.16,5.0,0.17,10.0,0.03,0.04,2328.60943,1776393295000
1776393296.678,296.678,0.89,33.18,0.88,10.0,0.9,20.0,0.91,71.0,0.11,0.62,0.1,20.0,0.14,10.0,0.15,10.0,0.01,0.03,2328.60943,1776393295000
1776393297.212,297.212,0.9,10.0,0.89,43.18,0.92,18.62,0.93,24.0,0.09,14.62,0.08,22.0,0.11,33.18,0.12,10.0,0.02,0.02,2328.62425,1776393296000
1776393297.436,297.436,0.92,10.0,0.91,10.0,0.93,3.44,0.94,31.0,0.07,4.64,0.06,31.0,0.09,10.0,0.1,10.0,0.01,0.02,2328.62425,1776393296000
1776393297.639,297.639,0.93,10.0,0.92,10.0,0.96,92.4,0.97,146.0,0.04,104.4,0.03,146.0,0.07,10.0,0.08,10.0,0.03,0.03,2328.62425,1776393296000
1776393297.863,297.863,0.95,20.4,0.94,10.0,0.96,10.03,0.97,79.78,0.03,79.78,0.02,180.0,0.04,10.0,0.05,20.4,0.01,0.01,2328.62425,1776393296000
1776393298.075,298.075,0.94,5.4,0.93,10.0,0.97,58.07,0.98,180.0,0.03,58.07,0.02,180.0,0.05,20.4,0.06,10.0,0.03,0.02,2328.62425,1776393296000
1776393298.386,298.386,0.96,10.0,0.95,146.0,0.97,53.07,0.98,180.0,0.03,58.07,0.02,180.0,0.06,5.4,0.07,10.0,0.01,0.03,2328.62425,1776393296000
1776393298.596,298.596,0.97,144.0,0.96,10.0,0.99,1144.03,,,0.01,1220.03,,,0.03,144.0,0.04,10.0,0.02,0.02,2328.62425,1776393296000
1776393298.798,298.798,0.98,51.0,0.97,138.23,0.99,1096.84,,,0.01,1111.84,,,0.03,138.23,0.04,10.0,0.01,0.02,2328.627775,1776393297000
1776393299.767,299.767,0.99,9725.25,0.98,69.0,,,,,,,,,0.01,428.16,0.02,51.0,,,2328.633885,1776393298000
1776393300.048,300.048,0.99,30529.34,0.98,69.0,,,,,,,,,0.01,9771.32,0.02,69.0,,,2328.633885,1776393298000
1776393300.394,300.394,0.99,39200.15,0.98,69.0,,,,,,,,,0.01,30529.34,0.02,69.0,,,2328.658585,1776393299000

# RESULT,winner=Up,slug=eth-updown-5m-1776393000,ticks=357
