timestamp,elapsed_sec,up_bid_p1,up_bid_s1,up_bid_p2,up_bid_s2,up_ask_p1,up_ask_s1,up_ask_p2,up_ask_s2,down_bid_p1,down_bid_s1,down_bid_p2,down_bid_s2,down_ask_p1,down_ask_s1,down_ask_p2,down_ask_s2,up_spread,down_spread,eth_price,eth_oracle_ts
1776349800.594,0.594,0.52,233.8,0.51,26.0,0.56,70.0,0.57,70.0,0.44,70.0,0.43,70.0,0.48,233.8,0.49,26.0,0.04,0.04,2295.177354,1776349799000
1776349801.493,1.493,0.52,20.67,0.51,26.0,0.53,10.0,0.54,217.0,0.44,70.0,0.43,70.0,0.48,233.8,0.49,26.0,0.01,0.04,2295.029276,1776349800000
1776349802.094,2.094,0.49,1.64,0.45,96.88,0.5,45.0,0.51,22.0,0.47,20.0,0.46,217.0,0.51,5.0,0.54,5.0,0.01,0.04,2295.029276,1776349800000
1776349802.717,2.717,0.46,5.0,0.45,17.29,0.49,5.0,0.5,75.0,0.5,30.0,0.49,17.0,0.55,82.29,0.56,88.0,0.03,0.05,2295.045207,1776349801000
1776349803.841,3.841,0.5,10.0,0.49,26.0,0.51,10.0,0.52,20.0,0.5,75.0,0.49,23.0,0.53,5.0,0.54,28.0,0.01,0.03,2294.994099,1776349802000
1776349804.905,4.905,0.48,20.0,0.47,128.0,0.49,112.95,0.5,116.99,0.5,4.99,0.49,15.0,0.51,26.0,0.52,29.0,0.01,0.01,2294.61361,1776349803000
1776349805.863,5.863,0.48,15.0,0.47,128.0,0.49,11.0,0.5,21.99,0.51,90.19,0.5,121.99,0.52,20.0,0.53,128.0,0.01,0.01,2294.949937,1776349804000
1776349806.072,6.072,0.48,18.07,0.47,133.0,0.49,29.64,0.5,21.99,0.51,5.44,0.5,21.99,0.52,20.0,0.53,128.0,0.01,0.01,2294.9475,1776349805000
1776349806.496,6.496,0.48,13.07,0.47,133.0,0.5,21.99,0.51,46.0,0.51,29.64,0.5,21.99,0.52,18.07,0.53,133.0,0.02,0.01,2294.9475,1776349805000
1776349809.077,9.077,0.46,12.5,0.45,46.29,0.47,44.2,0.48,55.5,0.51,31.0,0.5,21.99,0.52,11.14,0.53,133.0,0.01,0.01,2294.798166,1776349807000
1776349809.731,9.731,0.46,5.64,0.45,51.29,0.47,20.0,0.48,60.5,0.53,39.2,0.52,60.5,0.54,7.5,0.55,51.29,0.01,0.01,2294.766109,1776349808000
1776349810.971,10.971,0.46,9.94,0.45,51.79,0.47,70.0,0.48,65.5,0.53,20.0,0.52,60.5,0.54,5.64,0.55,51.29,0.01,0.01,2294.71126,1776349809000
1776349811.694,11.694,0.49,10.0,0.48,86.09,0.5,4.0,0.51,15.0,0.53,70.0,0.52,65.5,0.54,9.94,0.55,51.79,0.01,0.01,2294.592108,1776349810000
1776349812.198,12.198,0.49,50.51,0.48,96.59,0.5,20.5,0.51,15.0,0.5,4.0,0.49,15.0,0.51,10.0,0.52,86.09,0.01,0.01,2294.592108,1776349810000
1776349813.639,13.639,0.48,76.09,0.47,10.0,0.5,50.5,0.51,10.0,0.5,20.5,0.49,15.0,0.51,50.51,0.52,96.59,0.02,0.01,2294.74531,1776349812000
1776349815.333,15.333,0.48,38.01,0.46,27.5,0.49,25.5,0.5,51.5,0.5,50.5,0.49,10.0,0.52,76.09,0.53,10.0,0.01,0.02,2294.739085,1776349814000
1776349816.201,16.201,0.48,8.01,0.47,5.0,0.49,105.5,0.5,81.5,0.51,25.5,0.5,51.5,0.52,38.01,0.54,27.5,0.01,0.01,2294.739085,1776349814000
1776349816.416,16.416,0.48,14.01,0.47,32.0,0.49,80.5,0.5,91.5,0.51,105.5,0.5,81.5,0.52,8.01,0.53,5.0,0.01,0.01,2294.739085,1776349814000
1776349817.326,17.326,0.47,20.5,0.46,60.5,0.49,105.5,0.5,81.5,0.51,80.5,0.5,91.5,0.52,14.01,0.53,32.0,0.02,0.01,2294.653045,1776349815000
1776349818.663,18.663,0.45,4.01,0.44,25.0,0.47,195.7,0.48,137.5,0.51,105.5,0.5,81.5,0.53,20.5,0.54,60.5,0.02,0.02,2294.637418,1776349817000
1776349819.295,19.295,0.43,22.0,0.42,68.0,0.44,3.63,0.45,50.0,0.55,10.0,0.54,190.0,0.57,22.0,0.58,58.0,0.01,0.02,2294.714626,1776349818000
1776349819.666,19.666,0.42,38.5,0.41,167.0,0.43,36.93,0.44,40.0,0.56,3.63,0.55,50.0,0.57,22.0,0.58,68.0,0.01,0.01,2294.714626,1776349818000
1776349819.904,19.904,0.42,12.5,0.41,167.0,0.43,51.0,0.44,40.0,0.57,36.93,0.56,40.0,0.58,38.5,0.59,167.0,0.01,0.01,2294.714626,1776349818000
1776349821.851,21.851,0.44,41.14,0.43,72.5,0.45,35.0,0.46,251.5,0.57,51.0,0.56,40.0,0.58,12.5,0.59,167.0,0.01,0.01,2294.249469,1776349820000
1776349822.539,22.539,0.44,72.35,0.43,87.5,0.45,45.0,0.46,250.5,0.55,35.0,0.54,251.5,0.56,41.14,0.57,72.5,0.01,0.01,2294.020242,1776349821000
1776349822.772,22.772,0.44,62.35,0.43,97.5,0.45,54.77,0.46,145.5,0.55,45.0,0.54,250.5,0.56,72.35,0.57,87.5,0.01,0.01,2294.020242,1776349821000
1776349823.025,23.025,0.44,50.35,0.43,87.5,0.45,49.77,0.46,150.5,0.55,54.77,0.54,145.5,0.56,62.35,0.57,97.5,0.01,0.01,2294.020242,1776349821000
1776349826.416,26.416,0.45,69.0,0.44,157.5,0.46,20.0,0.47,10.0,0.55,49.77,0.54,150.5,0.56,50.35,0.57,87.5,0.01,0.01,2294.258875,1776349824000
1776349827.522,27.522,0.46,192.24,0.45,189.98,0.51,10.0,0.52,55.0,0.54,20.0,0.53,10.0,0.55,69.0,0.56,157.5,0.05,0.01,2294.264754,1776349825000
1776349828.15,28.15,0.51,1.02,0.5,15.0,0.52,75.5,0.53,55.0,0.49,10.0,0.48,55.0,0.54,192.24,0.55,189.98,0.01,0.05,2294.36635,1776349826000
1776349828.939,28.939,0.51,2.1,0.5,75.0,0.52,25.5,0.53,77.5,0.48,75.5,0.47,55.0,0.49,1.02,0.5,15.0,0.01,0.01,2294.36635,1776349826000
1776349829.871,29.871,0.5,70.0,0.49,70.0,0.51,2.54,0.52,57.5,0.48,9.5,0.47,77.5,0.49,7.1,0.5,75.0,0.01,0.01,2295.273469,1776349828000
1776349830.132,30.132,0.49,76.94,0.48,10.0,0.51,16.0,0.52,45.68,0.5,6.7,0.49,1.82,0.51,70.0,0.52,107.0,0.02,0.01,2295.310822,1776349829000
1776349830.883,30.883,0.47,123.04,0.46,115.0,0.48,14.2,0.49,22.0,0.49,16.0,0.48,45.68,0.51,76.94,0.52,10.0,0.01,0.02,2295.310822,1776349829000
1776349831.156,31.156,0.48,7.0,0.47,28.04,0.49,48.0,0.5,54.0,0.51,52.59,0.5,49.0,0.52,10.0,0.53,23.04,0.01,0.01,2295.310822,1776349829000
1776349831.61,31.61,0.47,168.54,0.46,155.5,0.48,39.93,0.49,31.0,0.52,12.2,0.51,48.0,0.53,28.04,0.54,127.0,0.01,0.01,2295.181451,1776349830000
1776349831.831,31.831,0.49,116.6,0.48,110.0,0.5,17.5,0.51,85.5,0.52,39.93,0.51,31.0,0.53,168.54,0.54,155.5,0.01,0.01,2295.181451,1776349830000
1776349832.232,32.232,0.49,156.6,0.48,128.0,0.51,77.75,0.52,89.5,0.5,17.5,0.49,85.5,0.51,116.6,0.52,110.0,0.02,0.01,2295.181451,1776349830000
1776349832.541,32.541,0.5,32.9,0.49,151.6,0.51,83.25,0.52,89.5,0.49,88.25,0.48,89.5,0.5,11.88,0.51,156.6,0.01,0.01,2294.97937,1776349831000
1776349832.757,32.757,0.5,36.02,0.49,121.6,0.51,83.25,0.52,89.5,0.49,83.25,0.48,89.5,0.5,32.9,0.51,151.6,0.01,0.01,2294.97937,1776349831000
1776349833.393,33.393,0.5,36.82,0.49,212.1,0.51,5.5,0.52,24.5,0.49,83.25,0.48,89.5,0.5,36.02,0.51,121.6,0.01,0.01,2294.883876,1776349832000
1776349833.883,33.883,0.5,41.82,0.49,212.1,0.51,3.43,0.52,19.5,0.49,0.4,0.48,19.5,0.5,31.82,0.51,201.6,0.01,0.01,2294.883876,1776349832000
1776349835.159,35.159,0.51,35.0,0.5,95.5,0.52,7.32,0.53,41.5,0.49,3.43,0.48,19.5,0.5,41.82,0.51,212.1,0.01,0.01,2295.093009,1776349833000
1776349835.389,35.389,0.52,10.0,0.51,25.5,0.53,43.55,0.55,17.0,0.47,50.44,0.45,17.0,0.48,10.0,0.49,30.5,0.01,0.01,2295.105893,1776349834000
1776349839.343,39.343,0.53,180.0,0.52,115.0,0.54,60.87,0.55,68.5,0.47,43.55,0.45,17.0,0.48,10.0,0.49,25.5,0.01,0.01,2295.43901,1776349837000
1776349839.635,39.635,0.53,180.0,0.52,115.0,0.54,37.96,0.55,68.5,0.46,60.87,0.45,68.5,0.47,180.0,0.48,115.0,0.01,0.01,2295.48,1776349838000
1776349840.468,40.468,0.53,195.0,0.52,131.5,0.54,8.0,0.56,67.5,0.46,37.96,0.45,68.5,0.47,180.0,0.48,115.0,0.01,0.01,2295.48,1776349839000
1776349841.082,41.082,0.55,162.0,0.54,115.0,0.57,60.61,0.58,80.0,0.46,3.0,0.44,67.5,0.47,200.0,0.48,131.5,0.02,0.01,2295.48,1776349839000
1776349842.277,42.277,0.56,142.0,0.55,120.0,0.58,20.5,0.59,20.0,0.43,60.61,0.42,80.0,0.45,162.0,0.46,115.0,0.02,0.02,2295.402801,1776349841000
1776349843.29,43.29,0.57,139.2,0.56,145.0,0.59,1.88,0.6,5.0,0.41,10.0,0.4,495.0,0.44,168.0,0.45,120.0,0.02,0.03,2295.616951,1776349842000
1776349843.633,43.633,0.59,7.56,0.58,150.0,0.6,6.0,0.61,9.67,0.39,9.67,0.37,84.72,0.42,10.0,0.43,212.0,0.01,0.03,2295.616951,1776349842000
1776349844.484,44.484,0.6,149.2,0.59,187.56,0.61,3.0,0.62,10.5,0.4,6.0,0.39,10.0,0.41,145.12,0.42,177.0,0.01,0.01,2295.708332,1776349843000
1776349844.818,44.818,0.61,110.0,0.6,135.0,0.62,23.5,0.63,14.72,0.38,33.5,0.37,24.72,0.39,115.0,0.4,140.0,0.01,0.01,2295.708332,1776349843000
1776349845.475,45.475,0.59,70.0,0.58,20.0,0.6,62.33,0.61,531.0,0.38,13.5,0.37,14.72,0.39,88.46,0.4,135.0,0.01,0.01,2296.00088,1776349844000
1776349845.723,45.723,0.58,12.0,0.57,10.0,0.59,173.0,0.6,652.33,0.4,207.33,0.39,631.0,0.42,20.0,0.43,10.0,0.01,0.02,2296.00088,1776349844000
1776349846.292,46.292,0.57,10.0,0.56,90.0,0.59,643.0,0.6,167.33,0.41,173.0,0.4,652.33,0.42,12.0,0.43,10.0,0.02,0.01,2296.226477,1776349845000
1776349846.639,46.639,0.56,95.45,0.55,100.5,0.57,56.0,0.58,646.0,0.41,643.0,0.4,167.33,0.43,10.0,0.44,90.0,0.01,0.02,2296.226477,1776349845000
1776349847.148,47.148,0.56,100.95,0.55,100.5,0.57,42.0,0.58,538.0,0.43,56.0,0.42,646.0,0.44,95.45,0.45,100.5,0.01,0.01,2296.226477,1776349845000
1776349847.915,47.915,0.58,91.0,0.57,95.5,0.59,4.36,0.6,29.0,0.43,24.45,0.42,548.0,0.44,95.95,0.45,100.5,0.01,0.01,2296.0259,1776349846000
1776349848.254,48.254,0.59,119.2,0.58,591.5,0.6,0.43,0.63,24.72,0.41,4.36,0.4,29.0,0.42,91.0,0.43,95.5,0.01,0.01,2295.945421,1776349847000
1776349848.887,48.887,0.62,104.2,0.61,511.5,0.64,15.22,0.65,480.0,0.37,24.72,0.36,585.5,0.41,119.2,0.42,591.5,0.02,0.04,2295.945421,1776349847000
1776349849.507,49.507,0.63,65.0,0.62,40.0,0.64,474.37,0.65,10.0,0.36,0.22,0.35,490.0,0.37,15.0,0.38,70.0,0.01,0.01,2295.927457,1776349848000
1776349850.313,50.313,0.65,24.71,0.64,35.0,0.66,505.0,0.67,80.15,0.36,474.37,0.35,10.0,0.37,59.67,0.38,40.0,0.01,0.01,2296.181356,1776349849000
1776349850.811,50.811,0.65,9.71,0.64,35.0,0.66,505.0,0.67,100.65,0.34,505.0,0.33,80.15,0.35,24.71,0.36,35.0,0.01,0.01,2296.181356,1776349849000
1776349851.11,51.11,0.65,29.71,0.64,35.0,0.66,495.07,0.67,114.65,0.34,505.0,0.33,100.65,0.35,9.71,0.36,35.0,0.01,0.01,2296.181356,1776349849000
1776349851.331,51.331,0.64,10.0,0.63,35.0,0.65,4.5,0.66,505.0,0.34,495.07,0.33,114.65,0.35,29.71,0.36,35.0,0.01,0.01,2296.181356,1776349849000
1776349852.35,52.35,0.61,10.0,0.6,100.0,0.62,62.0,0.63,10.0,0.35,4.5,0.34,505.0,0.36,10.0,0.37,35.0,0.01,0.01,2296.678086,1776349851000
1776349854.132,54.132,0.66,125.36,0.65,50.0,0.67,495.0,0.68,195.0,0.38,62.0,0.37,10.0,0.39,10.0,0.4,100.0,0.01,0.01,2296.723652,1776349852000
1776349855.255,55.255,0.69,40.0,0.68,35.0,0.71,7.95,0.72,505.0,0.33,495.0,0.32,195.0,0.34,125.36,0.35,50.0,0.02,0.01,2296.579805,1776349854000
1776349855.562,55.562,0.71,60.0,0.7,35.0,0.73,13.3,0.74,505.7,0.29,3.45,0.27,128.3,0.3,35.0,0.31,45.0,0.02,0.01,2296.579805,1776349854000
1776349855.959,55.959,0.73,145.0,0.72,556.0,0.76,5.0,0.77,500.3,0.26,25.7,0.25,19.2,0.28,79.0,0.29,89.41,0.03,0.02,2296.579805,1776349854000
1776349856.468,56.468,0.75,15.38,0.74,120.0,0.76,500.0,0.77,20.3,0.24,485.0,0.23,20.3,0.25,34.38,0.26,35.0,0.01,0.01,2296.951682,1776349855000
1776349857.237,57.237,0.74,125.39,0.73,160.0,0.75,10.32,0.76,56.75,0.24,490.0,0.23,20.3,0.26,87.0,0.27,120.0,0.01,0.02,2296.951682,1776349855000
1776349857.838,57.838,0.74,140.39,0.73,261.0,0.75,6.32,0.76,10.0,0.25,10.32,0.24,56.75,0.26,125.39,0.27,160.0,0.01,0.01,2297.388367,1776349856000
1776349858.074,58.074,0.74,626.39,0.73,261.0,0.79,17.0,0.8,92.5,0.25,6.32,0.24,10.0,0.26,140.39,0.27,261.0,0.05,0.01,2297.388367,1776349856000
1776349859.004,59.004,0.78,10.0,0.77,10.0,0.79,20.73,0.8,92.5,0.21,17.0,0.2,92.5,0.26,626.39,0.27,261.0,0.01,0.05,2298.322227,1776349858000
1776349859.419,59.419,0.78,60.0,0.77,35.0,0.79,485.73,0.8,92.5,0.21,20.73,0.2,92.5,0.22,10.0,0.23,10.0,0.01,0.01,2298.322227,1776349858000
1776349860.342,60.342,0.78,111.0,0.77,45.0,0.79,563.55,0.8,70.0,0.21,474.12,0.2,92.5,0.22,55.0,0.23,35.0,0.01,0.01,2298.72183,1776349859000
1776349860.708,60.708,0.78,55.0,0.77,10.0,0.79,518.53,0.8,70.0,0.21,522.53,0.2,170.0,0.22,116.0,0.23,45.0,0.01,0.01,2298.72183,1776349859000
1776349861.08,61.08,0.78,18.0,0.77,10.0,0.79,648.54,0.8,180.0,0.21,499.54,0.2,70.0,0.22,55.0,0.23,10.0,0.01,0.01,2298.72183,1776349859000
1776349861.44,61.44,0.77,10.0,0.76,2.25,0.78,569.71,0.79,198.7,0.21,555.37,0.2,215.5,0.24,2.25,0.25,30.0,0.01,0.03,2298.72183,1776349859000
1776349861.695,61.695,0.76,2.25,0.75,30.0,0.78,550.71,0.79,198.7,0.22,574.71,0.21,198.7,0.23,3.0,0.24,2.25,0.02,0.01,2298.878838,1776349860000
1776349861.929,61.929,0.76,3.0,0.75,30.0,0.77,482.4,0.78,18.71,0.23,4.48,0.22,503.71,0.24,3.0,0.25,30.0,0.01,0.01,2298.878838,1776349860000
1776349862.646,62.646,0.75,15.13,0.74,92.56,0.76,527.0,0.77,157.0,0.23,482.4,0.22,18.71,0.24,3.0,0.25,30.0,0.01,0.01,2298.891743,1776349861000
1776349862.961,62.961,0.74,64.69,0.73,40.0,0.75,72.0,0.76,189.0,0.24,659.0,0.23,115.0,0.26,80.69,0.27,50.0,0.01,0.02,2298.891743,1776349861000
1776349863.173,63.173,0.73,50.0,0.72,15.0,0.75,577.0,0.76,194.0,0.25,72.0,0.24,189.0,0.26,64.69,0.27,40.0,0.02,0.01,2298.891743,1776349861000
1776349863.923,63.923,0.73,60.0,0.72,15.0,0.74,477.0,0.75,15.0,0.26,9.35,0.25,662.0,0.27,40.0,0.28,15.0,0.01,0.01,2298.408005,1776349862000
1776349864.237,64.237,0.73,20.0,0.72,25.0,0.74,450.84,0.75,15.0,0.26,422.2,0.25,15.0,0.27,55.0,0.28,15.0,0.01,0.01,2298.380071,1776349863000
1776349864.501,64.501,0.72,15.0,0.71,75.21,0.74,514.84,0.75,105.39,0.26,409.84,0.25,110.39,0.27,10.0,0.28,15.0,0.02,0.01,2298.380071,1776349863000
1776349865.12,65.12,0.72,40.0,0.71,130.21,0.73,14.0,0.74,10.0,0.26,514.84,0.25,105.39,0.28,15.0,0.29,75.21,0.01,0.02,2298.380071,1776349863000
1776349865.372,65.372,0.72,88.34,0.71,50.21,0.74,104.93,0.75,215.39,0.27,6.46,0.26,10.0,0.28,45.0,0.29,75.21,0.02,0.01,2298.168594,1776349864000
1776349865.62,65.62,0.73,9.34,0.72,108.34,0.74,32.0,0.75,120.39,0.26,104.93,0.25,215.39,0.28,88.34,0.29,50.21,0.01,0.02,2298.168594,1776349864000
1776349865.847,65.847,0.74,8.45,0.73,9.34,0.75,600.39,0.76,140.7,0.25,120.39,0.24,140.7,0.26,2.3,0.27,9.34,0.01,0.01,2298.168594,1776349864000
1776349866.356,66.356,0.74,10.0,0.73,14.34,0.75,493.33,0.76,15.0,0.25,600.39,0.24,140.7,0.26,8.45,0.27,9.34,0.01,0.01,2298.054873,1776349865000
1776349867.131,67.131,0.74,10.0,0.73,20.0,0.75,534.51,0.76,10.0,0.25,491.65,0.24,15.0,0.26,15.0,0.27,19.34,0.01,0.01,2297.964061,1776349866000
1776349867.534,67.534,0.73,0.31,0.72,83.34,0.74,121.23,0.75,48.0,0.25,534.51,0.24,10.0,0.27,54.31,0.28,153.34,0.01,0.02,2297.964061,1776349866000
1776349867.83,67.83,0.72,70.34,0.71,80.71,0.73,40.69,0.74,625.23,0.27,5.69,0.26,121.23,0.28,83.34,0.29,65.71,0.01,0.01,2297.964061,1776349866000
1776349868.383,68.383,0.72,61.51,0.71,75.71,0.73,503.69,0.74,126.0,0.27,520.69,0.26,126.0,0.28,72.51,0.29,75.71,0.01,0.01,2298.069411,1776349867000
1776349869.451,69.451,0.72,57.93,0.71,65.71,0.73,500.69,0.74,16.0,0.27,503.69,0.26,126.0,0.28,61.51,0.29,75.71,0.01,0.01,2297.97195,1776349868000
1776349871.311,71.311,0.71,95.71,0.7,125.5,0.73,560.09,0.74,16.0,0.27,485.69,0.26,6.0,0.28,130.85,0.29,90.71,0.02,0.01,2297.83197,1776349869000
1776349871.722,71.722,0.71,48.91,0.7,125.5,0.72,516.0,0.73,33.09,0.27,560.09,0.26,16.0,0.29,95.71,0.3,125.5,0.01,0.02,2297.808405,1776349870000
1776349871.969,71.969,0.71,69.91,0.7,125.5,0.72,469.01,0.73,23.09,0.28,516.0,0.27,33.09,0.29,48.91,0.3,125.5,0.01,0.01,2297.85665,1776349871000
1776349872.401,72.401,0.71,23.41,0.7,80.0,0.72,554.62,0.73,123.09,0.28,469.01,0.27,23.09,0.29,69.91,0.3,125.5,0.01,0.01,2297.85665,1776349871000
1776349872.61,72.61,0.71,51.41,0.7,125.5,0.72,496.62,0.73,25.69,0.28,554.62,0.27,123.09,0.29,23.41,0.3,80.0,0.01,0.01,2297.85665,1776349871000
1776349874.963,74.963,0.7,125.5,0.69,220.5,0.72,56.05,0.73,28.4,0.28,472.62,0.27,25.69,0.29,45.91,0.3,125.5,0.02,0.01,2297.733764,1776349873000
1776349875.277,75.277,0.7,75.18,0.69,180.5,0.71,79.0,0.72,531.05,0.29,25.0,0.28,75.05,0.3,103.18,0.31,210.5,0.01,0.01,2297.733764,1776349873000
1776349876.565,76.565,0.73,10.0,0.72,21.0,0.74,605.0,0.75,331.2,0.29,99.0,0.28,531.05,0.3,69.18,0.31,180.5,0.01,0.01,2297.816122,1776349875000
1776349877.199,77.199,0.72,28.84,0.71,35.5,0.73,502.4,0.74,115.0,0.27,10.0,0.26,585.0,0.28,17.42,0.29,25.5,0.01,0.01,2297.816122,1776349875000
1776349877.885,77.885,0.72,140.34,0.71,105.5,0.73,1.4,0.74,20.0,0.27,502.4,0.26,115.0,0.28,28.84,0.29,35.5,0.01,0.01,2297.710646,1776349876000
1776349879.133,79.133,0.76,92.66,0.75,57.5,0.77,10.0,0.79,91.7,0.26,10.0,0.25,20.0,0.28,626.34,0.29,105.5,0.01,0.02,2297.701481,1776349878000
1776349880.152,80.152,0.74,61.5,0.73,50.5,0.75,3.74,0.76,28.0,0.23,10.0,0.21,91.7,0.24,92.66,0.25,57.5,0.01,0.01,2297.701481,1776349878000
1776349880.569,80.569,0.74,15.0,0.73,35.5,0.75,9.83,0.76,47.0,0.25,1.22,0.24,28.0,0.26,86.5,0.27,50.5,0.01,0.01,2298.191425,1776349879000
1776349881.977,81.977,0.74,75.5,0.73,45.5,0.76,12.22,0.77,500.0,0.25,9.83,0.24,47.0,0.26,15.0,0.27,35.5,0.02,0.01,2298.329125,1776349880000
1776349883.554,83.554,0.75,42.62,0.74,45.5,0.76,482.22,0.77,20.0,0.24,12.22,0.23,500.0,0.26,75.5,0.27,45.5,0.01,0.02,2298.171412,1776349882000
1776349887.806,87.806,0.75,87.62,0.74,185.5,0.77,15.83,0.78,122.0,0.24,482.22,0.23,20.0,0.25,42.62,0.26,45.5,0.02,0.01,2298.745897,1776349886000
1776349888.565,88.565,0.76,70.5,0.75,122.62,0.77,1.88,0.78,7.0,0.23,15.83,0.22,122.0,0.25,87.62,0.26,185.5,0.01,0.02,2298.764384,1776349887000
1776349889.17,89.17,0.76,8.0,0.75,122.62,0.77,54.88,0.78,7.0,0.23,1.88,0.22,7.0,0.24,70.5,0.25,122.62,0.01,0.01,2298.764384,1776349887000
1776349889.744,89.744,0.75,80.0,0.74,70.0,0.76,69.84,0.77,44.88,0.23,54.88,0.22,7.0,0.24,15.0,0.25,122.62,0.01,0.01,2298.552869,1776349888000
1776349890.484,90.484,0.73,35.5,0.72,83.28,0.75,546.0,0.76,64.0,0.24,69.84,0.23,44.88,0.25,80.0,0.26,70.0,0.02,0.01,2298.429377,1776349889000
1776349890.903,90.903,0.72,37.78,0.71,50.5,0.74,90.29,0.75,161.0,0.25,546.0,0.24,64.0,0.27,35.5,0.28,83.28,0.02,0.02,2298.429377,1776349889000
1776349891.88,91.88,0.72,53.28,0.71,53.5,0.73,483.6,0.74,31.0,0.26,575.29,0.25,161.0,0.28,27.78,0.29,50.5,0.01,0.02,2298.465986,1776349890000
1776349893.966,93.966,0.75,60.0,0.74,76.5,0.76,12.0,0.77,10.0,0.27,483.6,0.26,31.0,0.28,53.28,0.29,53.5,0.01,0.01,2298.07655,1776349892000
1776349898.635,98.635,0.77,55.7,0.76,55.5,0.78,534.0,0.79,36.0,0.24,12.0,0.23,10.0,0.25,60.0,0.26,76.5,0.01,0.01,2298.668227,1776349897000
1776349900.151,100.151,0.79,70.5,0.78,50.5,0.8,639.1,0.81,65.0,0.22,534.0,0.21,36.0,0.23,55.7,0.24,55.5,0.01,0.01,2298.613561,1776349898000
1776349900.715,100.715,0.79,80.5,0.78,55.5,0.8,620.1,0.81,65.0,0.2,639.1,0.19,65.0,0.21,70.5,0.22,50.5,0.01,0.01,2298.467611,1776349899000
1776349903.387,103.387,0.77,10.0,0.76,50.5,0.78,13.35,0.79,15.0,0.2,620.1,0.19,65.0,0.21,80.5,0.22,55.5,0.01,0.01,2298.855534,1776349902000
1776349903.89,103.89,0.75,130.5,0.74,215.5,0.77,15.0,0.78,58.35,0.22,13.35,0.21,15.0,0.23,10.0,0.24,50.5,0.02,0.01,2298.855534,1776349902000
1776349904.2,104.2,0.76,1.5,0.75,105.5,0.77,10.0,0.78,43.35,0.23,15.0,0.22,58.35,0.25,130.5,0.26,215.5,0.01,0.02,2298.855534,1776349902000
1776349905.051,105.051,0.76,22.0,0.75,105.5,0.77,9.18,0.78,31.35,0.23,10.0,0.22,43.35,0.24,1.5,0.25,105.5,0.01,0.01,2298.87622,1776349903000
1776349905.951,105.951,0.75,80.0,0.74,190.5,0.76,674.8,0.77,133.58,0.23,5.58,0.22,31.35,0.24,27.0,0.25,105.5,0.01,0.01,2298.6819,1776349905000
1776349906.557,106.557,0.75,58.08,0.74,190.5,0.76,617.8,0.77,126.58,0.24,650.8,0.23,133.58,0.25,68.08,0.26,190.5,0.01,0.01,2298.6819,1776349905000
1776349909.087,109.087,0.74,129.14,0.73,50.0,0.75,490.0,0.76,126.0,0.24,617.8,0.23,126.58,0.25,58.08,0.26,190.5,0.01,0.01,2298.247801,1776349907000
1776349910.532,110.532,0.74,118.64,0.73,50.5,0.75,514.64,0.76,36.0,0.25,490.0,0.24,126.0,0.26,129.14,0.27,50.0,0.01,0.01,2298.130589,1776349909000
1776349911.593,111.593,0.74,68.64,0.73,30.0,0.75,138.0,0.76,626.5,0.25,514.64,0.24,36.0,0.26,118.64,0.27,50.5,0.01,0.01,2298.012026,1776349910000
1776349911.811,111.811,0.74,72.64,0.73,30.0,0.75,144.66,0.76,626.5,0.25,124.66,0.24,626.5,0.26,68.64,0.27,30.0,0.01,0.01,2298.012026,1776349910000
1776349912.038,112.038,0.74,66.64,0.73,25.0,0.75,609.66,0.76,146.5,0.25,144.66,0.24,626.5,0.26,72.64,0.27,30.0,0.01,0.01,2298.012026,1776349910000
1776349912.335,112.335,0.73,25.0,0.72,68.28,0.75,638.66,0.76,182.5,0.25,609.66,0.24,146.5,0.26,66.64,0.27,25.0,0.02,0.01,2298.012026,1776349910000
1776349912.894,112.894,0.73,25.0,0.72,68.28,0.74,90.0,0.75,609.66,0.25,638.66,0.24,182.5,0.27,25.0,0.28,68.28,0.01,0.02,2297.984823,1776349911000
1776349913.786,113.786,0.72,47.86,0.71,18.0,0.74,655.5,0.75,243.16,0.26,90.0,0.25,609.66,0.27,25.0,0.28,68.28,0.02,0.01,2297.874582,1776349912000
1776349914.288,114.288,0.72,16.0,0.71,56.36,0.73,488.15,0.74,195.0,0.27,650.0,0.26,257.5,0.29,25.36,0.3,130.5,0.01,0.02,2297.874582,1776349912000
1776349915.929,115.929,0.73,35.2,0.72,31.5,0.74,502.0,0.75,85.0,0.27,488.15,0.26,195.0,0.28,16.0,0.29,56.36,0.01,0.01,2297.56514,1776349914000
1776349916.241,116.241,0.73,12.29,0.72,61.5,0.74,492.0,0.75,95.0,0.26,502.0,0.25,85.0,0.27,35.2,0.28,31.5,0.01,0.01,2297.431989,1776349915000
1776349917.416,117.416,0.71,34.86,0.7,155.5,0.74,520.0,0.75,101.5,0.26,492.0,0.25,95.0,0.27,12.29,0.28,61.5,0.03,0.01,2297.431989,1776349915000
1776349922.085,122.085,0.79,704.5,0.78,134.5,0.82,10.0,0.83,120.0,0.26,520.0,0.25,101.5,0.29,34.86,0.3,155.5,0.03,0.03,2298.03161,1776349921000
1776349922.932,122.932,0.82,93.5,0.81,144.5,0.84,487.95,0.85,66.0,0.18,10.0,0.17,120.0,0.21,704.5,0.22,134.5,0.02,0.03,2298.173626,1776349922000
1776349923.308,123.308,0.83,103.64,0.82,78.5,0.84,482.95,0.85,66.0,0.16,487.95,0.15,66.0,0.17,10.0,0.18,93.5,0.01,0.01,2298.173626,1776349922000
1776349923.992,123.992,0.84,115.0,0.83,99.14,0.85,14.82,0.86,10.0,0.16,482.95,0.15,66.0,0.17,103.64,0.18,78.5,0.01,0.01,2298.989317,1776349923000
1776349924.79,124.79,0.82,25.0,0.81,43.0,0.83,21.79,0.84,562.5,0.15,8.93,0.14,10.0,0.16,115.0,0.17,99.14,0.01,0.01,2298.989317,1776349923000
1776349925.026,125.026,0.82,30.0,0.81,63.5,0.83,561.43,0.84,25.0,0.17,530.64,0.16,77.5,0.18,25.0,0.19,43.0,0.01,0.01,2299.162057,1776349924000
1776349925.824,125.824,0.82,10.0,0.81,53.0,0.83,472.95,0.84,35.5,0.17,532.43,0.16,25.0,0.18,25.08,0.19,73.5,0.01,0.01,2299.162057,1776349924000
1776349926.248,126.248,0.8,34.5,0.79,35.0,0.82,119.5,0.83,562.45,0.17,472.95,0.16,35.5,0.18,10.0,0.19,53.0,0.02,0.01,2299.244164,1776349925000
1776349926.624,126.624,0.76,25.0,0.75,40.0,0.81,606.61,0.82,289.5,0.19,82.61,0.18,289.5,0.2,14.42,0.21,35.0,0.05,0.01,2299.244164,1776349925000
1776349927.028,127.028,0.75,35.0,0.74,20.5,0.76,50.42,0.77,495.0,0.19,606.61,0.18,289.5,0.24,25.0,0.25,40.0,0.01,0.05,2299.01136,1776349926000
1776349927.38,127.38,0.73,10.5,0.72,145.0,0.74,10.0,0.75,15.0,0.24,50.42,0.23,495.0,0.25,35.0,0.26,20.5,0.01,0.01,2299.01136,1776349926000
1776349928.083,128.083,0.72,10.5,0.71,19.86,0.73,62.0,0.74,697.0,0.26,15.0,0.25,15.0,0.27,0.5,0.28,145.0,0.01,0.01,2298.473663,1776349927000
1776349928.471,128.471,0.71,20.36,0.7,170.0,0.72,47.0,0.73,47.0,0.27,62.0,0.26,697.0,0.28,10.5,0.29,19.86,0.01,0.01,2298.473663,1776349927000
1776349929.889,129.889,0.75,56.0,0.73,624.7,0.77,2.0,0.78,115.0,0.28,54.0,0.27,500.0,0.29,10.36,0.3,180.0,0.02,0.01,2297.997442,1776349928000
1776349930.314,130.314,0.76,77.0,0.75,121.5,0.79,183.58,0.8,357.5,0.23,2.0,0.22,115.0,0.25,56.0,0.27,624.7,0.03,0.02,2297.505213,1776349929000
1776349931.268,131.268,0.78,132.0,0.77,125.5,0.79,67.0,0.8,565.0,0.21,183.58,0.2,357.5,0.24,77.0,0.25,121.5,0.01,0.03,2297.474978,1776349930000
1776349932.764,132.764,0.76,115.0,0.75,186.5,0.78,24.43,0.79,614.5,0.21,67.0,0.2,565.0,0.22,132.0,0.23,125.5,0.02,0.01,2297.81226,1776349931000
1776349934.389,134.389,0.76,126.5,0.75,186.5,0.77,10.0,0.78,9.43,0.22,24.43,0.21,614.5,0.24,115.0,0.25,186.5,0.01,0.02,2297.963303,1776349933000
1776349936.127,136.127,0.76,10.0,0.75,181.5,0.78,25.0,0.79,127.5,0.23,10.0,0.22,9.43,0.24,126.5,0.25,186.5,0.02,0.01,2297.960733,1776349935000
1776349939.01,139.01,0.8,134.0,0.79,123.0,0.81,483.71,0.82,53.5,0.23,5.0,0.22,10.0,0.24,127.5,0.25,676.5,0.01,0.01,2298.015223,1776349938000
1776349941.766,141.766,0.83,95.08,0.82,120.0,0.84,110.0,0.85,100.5,0.19,482.42,0.18,53.5,0.2,128.37,0.21,123.0,0.01,0.01,2298.363303,1776349940000
1776349942.103,142.103,0.81,70.0,0.8,162.5,0.83,35.5,0.84,541.5,0.16,110.0,0.15,100.5,0.17,95.08,0.18,120.0,0.02,0.01,2298.897302,1776349941000
1776349944.097,144.097,0.8,44.5,0.79,30.5,0.81,74.0,0.82,53.0,0.17,35.5,0.16,541.5,0.19,70.0,0.2,162.5,0.01,0.02,2299.058198,1776349942000
1776349944.307,144.307,0.8,3.5,0.79,35.5,0.81,94.0,0.82,508.0,0.19,74.0,0.18,53.0,0.2,44.5,0.21,30.5,0.01,0.01,2299.058198,1776349942000
1776349945.16,145.16,0.8,20.0,0.79,120.5,0.82,496.02,0.83,79.5,0.19,94.0,0.18,508.0,0.21,35.5,0.22,150.5,0.02,0.02,2298.401267,1776349943000
1776349946.421,146.421,0.81,123.0,0.8,120.5,0.82,10.0,0.83,81.21,0.18,496.02,0.17,79.5,0.2,20.0,0.21,120.5,0.01,0.02,2298.416747,1776349944000
1776349950.051,150.051,0.81,7.0,0.8,120.5,0.82,546.0,0.83,29.0,0.18,10.0,0.17,81.21,0.19,123.0,0.2,120.5,0.01,0.01,2298.439431,1776349948000
1776349950.574,150.574,0.82,22.0,0.81,77.5,0.83,3.0,0.84,15.0,0.18,510.0,0.17,29.0,0.2,113.46,0.21,135.5,0.01,0.02,2298.46914,1776349949000
1776349952.321,152.321,0.83,112.0,0.82,147.5,0.84,476.7,0.85,80.0,0.17,3.0,0.16,15.0,0.18,22.0,0.19,77.5,0.01,0.01,2298.303742,1776349951000
1776349952.836,152.836,0.84,241.5,0.83,637.5,0.85,69.88,0.86,10.0,0.16,476.7,0.15,80.0,0.17,112.0,0.18,147.5,0.01,0.01,2298.303742,1776349951000
1776349953.058,153.058,0.84,721.5,0.83,162.5,0.85,13.88,0.86,10.0,0.15,59.88,0.14,10.0,0.16,236.5,0.17,642.5,0.01,0.01,2298.451923,1776349952000
1776349953.563,153.563,0.86,8.2,0.85,170.79,0.88,600.0,0.89,45.0,0.15,13.88,0.14,10.0,0.16,721.5,0.17,162.5,0.02,0.01,2298.451923,1776349952000
1776349953.888,153.888,0.86,28.41,0.85,155.79,0.87,22.91,0.88,600.0,0.13,2.91,0.12,120.0,0.14,8.2,0.15,165.79,0.01,0.01,2298.451923,1776349952000
1776349954.268,154.268,0.86,8.41,0.85,155.79,0.87,4.0,0.88,600.0,0.12,605.0,0.11,45.0,0.14,8.41,0.15,155.79,0.01,0.02,2298.451923,1776349952000
1776349956.124,156.124,0.86,8.2,0.85,165.79,0.87,482.0,0.88,130.5,0.13,4.0,0.12,600.0,0.14,8.41,0.15,155.79,0.01,0.01,2299.118625,1776349954000
1776349956.538,156.538,0.86,8.2,0.85,165.79,0.87,502.89,0.88,231.08,0.13,482.0,0.12,130.5,0.14,8.2,0.15,165.79,0.01,0.01,2299.153048,1776349955000
1776349957.044,157.044,0.86,8.2,0.85,165.79,0.87,510.69,0.88,241.08,0.13,502.89,0.12,231.08,0.14,8.2,0.15,165.79,0.01,0.01,2299.153048,1776349955000
1776349957.838,157.838,0.86,109.59,0.85,170.79,0.87,462.17,0.88,225.58,0.13,504.42,0.12,241.08,0.14,8.2,0.15,165.79,0.01,0.01,2299.174471,1776349956000
1776349958.503,158.503,0.86,89.59,0.85,155.79,0.87,477.17,0.88,231.08,0.13,462.17,0.12,225.58,0.14,109.59,0.15,170.79,0.01,0.01,2299.174471,1776349956000
1776349958.731,158.731,0.86,64.59,0.85,150.29,0.87,438.17,0.88,220.58,0.13,438.17,0.12,231.08,0.14,74.59,0.15,150.29,0.01,0.01,2299.174471,1776349956000
1776349962.467,162.467,0.86,11.59,0.85,80.79,0.87,500.0,0.88,62.5,0.13,438.17,0.12,220.58,0.14,64.59,0.15,150.29,0.01,0.01,2299.081248,1776349960000
1776349962.769,162.769,0.86,1.59,0.85,65.29,0.87,537.85,0.88,62.5,0.13,517.85,0.12,62.5,0.14,11.59,0.15,65.29,0.01,0.01,2299.081248,1776349960000
1776349963.352,163.352,0.85,36.88,0.83,20.0,0.86,569.5,0.87,44.35,0.13,519.35,0.12,72.5,0.15,56.88,0.16,139.5,0.01,0.02,2299.111755,1776349961000
1776349963.613,163.613,0.85,13.88,0.83,20.0,0.86,602.5,0.87,162.21,0.14,569.5,0.13,44.35,0.15,36.88,0.17,20.0,0.01,0.01,2299.111755,1776349961000
1776349964.602,164.602,0.77,35.0,0.76,55.5,0.79,50.5,0.8,120.0,0.14,602.5,0.13,162.21,0.17,20.0,0.18,35.0,0.02,0.03,2299.017492,1776349963000
1776349964.866,164.866,0.77,546.0,0.76,290.0,0.78,5.0,0.79,5.0,0.21,50.5,0.2,120.0,0.23,35.0,0.24,55.5,0.01,0.02,2299.017492,1776349963000
1776349965.101,165.101,0.83,79.0,0.82,10.0,0.86,29.3,0.87,105.0,0.14,30.47,0.13,115.0,0.18,10.0,0.19,8.0,0.03,0.04,2299.017492,1776349963000
1776349965.356,165.356,0.83,79.0,0.82,10.0,0.87,79.9,0.88,194.1,0.14,18.25,0.13,105.0,0.17,79.0,0.18,10.0,0.04,0.03,2299.017492,1776349963000
1776349966.014,166.014,0.8,5.0,0.79,2.0,0.81,15.0,0.82,10.0,0.17,10.0,0.16,20.0,0.2,6.65,0.21,62.0,0.01,0.03,2298.510335,1776349964000
1776349966.641,166.641,0.79,20.0,0.78,60.5,0.81,179.08,0.82,70.0,0.19,33.76,0.18,10.0,0.2,5.0,0.21,2.0,0.02,0.01,2298.200598,1776349965000
1776349967.262,167.262,0.8,626.5,0.79,37.5,0.81,39.0,0.82,70.0,0.19,179.08,0.18,70.0,0.21,20.0,0.22,60.5,0.01,0.02,2298.300753,1776349966000
1776349967.516,167.516,0.8,605.04,0.79,42.5,0.81,39.0,0.82,70.0,0.19,39.0,0.18,70.0,0.2,626.5,0.21,37.5,0.01,0.01,2298.300753,1776349966000
1776349967.92,167.92,0.81,679.35,0.8,81.04,0.82,36.05,0.83,70.0,0.19,39.0,0.18,70.0,0.2,605.04,0.21,42.5,0.01,0.01,2298.300753,1776349966000
1776349969.319,169.319,0.82,85.5,0.81,649.35,0.83,63.97,0.84,130.93,0.18,36.05,0.17,70.0,0.19,679.35,0.2,81.04,0.01,0.01,2298.212363,1776349967000
1776349971.478,171.478,0.82,82.0,0.81,654.35,0.83,68.97,0.84,35.0,0.17,63.97,0.16,130.93,0.18,85.5,0.19,649.35,0.01,0.01,2298.405874,1776349970000
1776349972.176,172.176,0.82,87.0,0.81,140.5,0.83,68.12,0.84,510.0,0.17,102.94,0.16,510.5,0.18,47.0,0.19,150.5,0.01,0.01,2298.380508,1776349971000
1776349973.389,173.389,0.82,20.0,0.81,45.5,0.83,71.12,0.84,30.5,0.17,68.12,0.16,510.0,0.18,87.0,0.19,140.5,0.01,0.01,2298.415867,1776349972000
1776349976.143,176.143,0.78,55.5,0.77,20.5,0.8,43.5,0.81,168.0,0.17,71.12,0.16,30.5,0.18,20.0,0.19,45.5,0.02,0.01,2298.371768,1776349975000
1776349977.159,177.159,0.79,60.5,0.78,80.5,0.8,2.22,0.81,148.0,0.2,43.5,0.19,168.0,0.22,55.5,0.23,20.5,0.01,0.02,2298.371768,1776349975000
1776349980.556,180.556,0.82,574.5,0.81,176.5,0.83,33.04,0.84,10.0,0.2,2.22,0.19,148.0,0.21,60.5,0.22,80.5,0.01,0.01,2297.939193,1776349979000
1776349980.897,180.897,0.82,566.5,0.81,176.5,0.83,33.04,0.84,10.0,0.17,33.04,0.16,10.0,0.18,574.5,0.19,176.5,0.01,0.01,2297.939193,1776349979000
1776349981.138,181.138,0.82,26.0,0.81,49.5,0.83,43.03,0.84,25.0,0.17,24.41,0.16,10.0,0.18,566.5,0.19,176.5,0.01,0.01,2297.939193,1776349979000
1776349981.365,181.365,0.82,16.0,0.81,49.5,0.83,32.0,0.84,40.5,0.17,43.03,0.16,25.0,0.18,26.0,0.19,49.5,0.01,0.01,2297.939193,1776349979000
1776349981.902,181.902,0.81,2.5,0.8,36.75,0.82,47.0,0.83,37.0,0.17,32.0,0.16,40.5,0.18,16.0,0.19,49.5,0.01,0.01,2298.066519,1776349980000
1776349982.591,182.591,0.81,23.5,0.8,36.75,0.83,37.0,0.84,30.5,0.18,47.0,0.17,37.0,0.19,2.5,0.2,36.75,0.02,0.01,2298.123408,1776349981000
1776349983.819,183.819,0.81,23.5,0.8,30.5,0.83,26.0,0.84,40.5,0.17,37.0,0.16,30.5,0.19,23.5,0.2,36.75,0.02,0.02,2298.163155,1776349982000
1776349987.033,187.033,0.84,72.0,0.83,132.5,0.86,13.87,0.87,299.0,0.17,26.0,0.16,40.5,0.19,23.5,0.2,30.5,0.02,0.02,2298.009347,1776349985000
1776349987.348,187.348,0.84,136.75,0.83,132.5,0.85,25.0,0.86,5.0,0.13,205.63,0.12,119.1,0.16,62.0,0.17,602.0,0.01,0.03,2298.122807,1776349986000
1776349990.565,190.565,0.86,710.5,0.85,172.5,0.87,65.77,0.88,35.0,0.15,25.0,0.14,5.0,0.16,136.75,0.17,132.5,0.01,0.01,2298.190131,1776349989000
1776349991.12,191.12,0.88,25.81,0.87,25.0,0.89,555.0,0.9,225.5,0.12,35.0,0.11,20.0,0.14,715.5,0.15,172.5,0.01,0.02,2298.190131,1776349989000
1776349992.483,192.483,0.88,25.81,0.87,35.0,0.89,3.93,0.9,285.5,0.11,555.0,0.1,225.5,0.12,25.81,0.13,25.0,0.01,0.01,2298.208277,1776349990000
1776349993.09,193.09,0.89,35.0,0.88,30.81,0.9,268.1,0.91,105.0,0.1,278.27,0.09,116.0,0.12,25.81,0.13,35.0,0.01,0.02,2298.448179,1776349991000
1776349993.295,193.295,0.89,25.0,0.88,150.81,0.9,216.43,0.91,105.0,0.1,216.43,0.09,105.0,0.11,25.0,0.12,150.81,0.01,0.01,2298.448179,1776349991000
1776349993.619,193.619,0.89,140.0,0.88,30.81,0.9,211.12,0.91,105.0,0.1,216.43,0.09,105.0,0.11,25.0,0.12,150.81,0.01,0.01,2298.448179,1776349992000
1776349994.601,194.601,0.89,812.0,0.88,161.31,0.9,64.3,0.91,61.0,0.1,211.12,0.09,105.0,0.11,140.0,0.12,30.81,0.01,0.01,2298.601636,1776349993000
1776349995.134,195.134,0.89,827.5,0.88,179.31,0.9,7.3,0.91,66.0,0.1,64.3,0.09,61.0,0.11,812.0,0.12,161.31,0.01,0.01,2298.601636,1776349993000
1776349995.448,195.448,0.9,665.7,0.89,143.5,0.91,1.0,0.92,118.0,0.09,66.0,0.08,118.0,0.1,6.7,0.11,827.5,0.01,0.01,2298.601636,1776349993000
1776349996.251,196.251,0.9,686.2,0.89,143.5,0.92,116.81,0.93,614.0,0.09,1.0,0.08,118.0,0.1,665.7,0.11,143.5,0.02,0.01,2298.8506,1776349994000
1776349996.645,196.645,0.91,264.0,0.9,641.2,0.92,183.81,0.93,614.0,0.08,116.81,0.07,614.0,0.1,686.2,0.11,143.5,0.01,0.02,2299.063429,1776349995000
1776349997.799,197.799,0.91,904.5,0.9,210.2,0.92,106.81,0.93,32.0,0.08,183.81,0.07,614.0,0.09,264.0,0.1,641.2,0.01,0.01,2299.075653,1776349996000
1776349998.671,198.671,0.92,815.5,0.91,304.5,0.93,27.0,0.94,546.0,0.07,32.0,0.06,546.0,0.09,939.5,0.1,210.2,0.01,0.02,2299.161165,1776349997000
1776350000.551,200.551,0.92,890.62,0.91,195.5,0.93,6.0,0.94,66.0,0.07,6.0,0.06,546.0,0.08,815.5,0.09,304.5,0.01,0.01,2299.606057,1776349999000
1776350000.764,200.764,0.93,622.0,0.92,369.0,0.94,69.84,0.95,718.22,0.06,32.84,0.05,718.22,0.08,885.62,0.09,195.5,0.01,0.02,2299.606057,1776349999000
1776350001.13,201.13,0.93,794.0,0.92,254.0,0.94,14.49,0.95,718.22,0.06,64.49,0.05,718.22,0.07,759.0,0.08,249.0,0.01,0.01,2299.606057,1776349999000
1776350001.399,201.399,0.94,293.5,0.93,671.5,0.95,553.03,0.96,363.8,0.05,673.3,0.04,248.8,0.07,794.0,0.08,254.0,0.01,0.02,2299.6515,1776350000000
1776350001.793,201.793,0.94,664.5,0.93,299.5,0.95,690.97,0.96,363.8,0.05,553.03,0.04,363.8,0.06,687.33,0.07,191.5,0.01,0.01,2299.6515,1776350000000
1776350002.056,202.056,0.94,669.5,0.93,324.5,0.95,632.91,0.96,363.8,0.05,690.97,0.04,363.8,0.06,664.5,0.07,299.5,0.01,0.01,2299.6515,1776350000000
1776350002.556,202.556,0.94,115.0,0.93,120.0,0.95,853.43,0.96,155.0,0.05,632.91,0.04,363.8,0.06,669.5,0.07,324.5,0.01,0.01,2299.71055,1776350001000
1776350004.669,204.669,0.93,115.0,0.92,129.0,0.94,655.0,0.95,257.6,0.05,722.38,0.04,248.8,0.06,61.0,0.07,120.0,0.01,0.01,2299.713229,1776350003000
1776350006.358,206.358,0.93,110.0,0.92,129.0,0.94,638.6,0.95,257.6,0.06,655.0,0.05,257.6,0.07,115.0,0.08,129.0,0.01,0.01,2299.369856,1776350005000
1776350006.697,206.697,0.93,120.0,0.92,129.0,0.94,650.6,0.95,257.6,0.06,638.6,0.05,257.6,0.07,110.0,0.08,129.0,0.01,0.01,2299.369856,1776350005000
1776350007.717,207.717,0.93,125.0,0.92,139.5,0.94,518.39,0.95,247.6,0.06,650.6,0.05,257.6,0.07,120.0,0.08,129.0,0.01,0.01,2299.33385,1776350006000
1776350008.787,208.787,0.94,145.0,0.93,188.5,0.95,36.84,0.96,143.8,0.06,518.39,0.05,247.6,0.07,125.0,0.08,139.5,0.01,0.01,2299.280607,1776350007000
1776350009.007,209.007,0.94,615.0,0.93,188.5,0.95,26.36,0.96,143.8,0.05,36.84,0.04,143.8,0.06,145.0,0.07,188.5,0.01,0.01,2299.280607,1776350007000
1776350009.326,209.326,0.94,607.0,0.93,188.5,0.95,20.3,0.96,50.0,0.05,21.36,0.04,143.8,0.06,615.0,0.07,188.5,0.01,0.01,2299.280607,1776350007000
1776350009.555,209.555,0.94,615.0,0.93,188.5,0.95,15.86,0.96,530.0,0.05,19.24,0.04,530.0,0.06,627.0,0.07,188.5,0.01,0.01,2299.306032,1776350008000
1776350010.175,210.175,0.94,600.0,0.93,265.5,0.95,470.86,0.96,155.0,0.05,15.86,0.04,530.0,0.06,615.0,0.07,188.5,0.01,0.01,2299.306032,1776350008000
1776350010.656,210.656,0.94,620.8,0.93,240.5,0.95,551.86,0.96,133.8,0.05,441.86,0.04,155.0,0.06,600.0,0.07,265.5,0.01,0.01,2299.362739,1776350009000
1776350011.045,211.045,0.94,566.3,0.93,245.5,0.95,504.86,0.96,223.0,0.05,476.86,0.04,40.0,0.06,615.8,0.07,240.5,0.01,0.01,2299.362739,1776350009000
1776350012.302,212.302,0.94,636.5,0.93,150.5,0.96,627.0,0.97,658.91,0.05,494.59,0.04,251.0,0.06,571.3,0.07,245.5,0.02,0.01,2299.641247,1776350010000
1776350012.831,212.831,0.95,130.5,0.94,262.5,0.96,617.0,0.97,658.91,0.04,622.0,0.03,658.91,0.06,738.5,0.07,150.5,0.01,0.02,2299.756942,1776350011000
1776350013.06,213.06,0.95,608.99,0.94,262.5,0.96,617.0,0.97,658.91,0.04,617.0,0.03,658.91,0.05,130.5,0.06,262.5,0.01,0.01,2299.73153,1776350012000
1776350013.424,213.424,0.95,653.99,0.94,262.5,0.96,574.62,0.97,658.91,0.04,615.95,0.03,658.91,0.05,613.99,0.06,262.5,0.01,0.01,2299.73153,1776350012000
1776350013.762,213.762,0.95,167.82,0.94,172.5,0.96,574.4,0.97,658.91,0.04,569.4,0.03,658.91,0.05,653.99,0.06,287.5,0.01,0.01,2299.73153,1776350012000
1776350013.976,213.976,0.95,162.0,0.94,642.5,0.96,569.4,0.97,658.91,0.04,574.4,0.03,658.91,0.05,167.82,0.06,172.5,0.01,0.01,2299.73153,1776350012000
1776350014.786,214.786,0.95,172.26,0.94,152.0,0.96,578.35,0.97,658.91,0.04,569.4,0.03,658.91,0.05,162.0,0.06,642.5,0.01,0.01,2299.773331,1776350013000
1776350015.323,215.323,0.95,182.76,0.94,267.0,0.96,599.74,0.97,658.91,0.04,569.95,0.03,658.91,0.05,652.26,0.06,267.0,0.01,0.01,2299.74103,1776350014000
1776350015.566,215.566,0.95,662.76,0.94,267.0,0.96,583.79,0.97,658.91,0.04,588.32,0.03,658.91,0.05,182.76,0.06,267.0,0.01,0.01,2299.74103,1776350014000
1776350015.831,215.831,0.95,662.5,0.94,267.0,0.96,674.98,0.97,658.91,0.04,583.79,0.03,658.91,0.05,662.76,0.06,267.0,0.01,0.01,2299.74103,1776350014000
1776350016.177,216.177,0.95,205.0,0.94,747.0,0.96,673.93,0.97,663.91,0.04,674.98,0.03,658.91,0.05,662.5,0.06,267.0,0.01,0.01,2299.74103,1776350014000
1776350018.642,218.642,0.95,812.5,0.94,226.3,0.96,701.73,0.97,292.21,0.04,665.6,0.03,663.91,0.05,210.0,0.06,747.0,0.01,0.01,2299.739137,1776350017000
1776350019.67,219.67,0.95,642.5,0.94,277.5,0.96,696.73,0.97,292.21,0.04,701.73,0.03,292.21,0.05,812.5,0.06,226.3,0.01,0.01,2299.936984,1776350018000
1776350020.079,220.079,0.95,137.0,0.94,277.5,0.96,845.68,0.97,297.21,0.04,696.73,0.03,292.21,0.05,642.5,0.06,277.5,0.01,0.01,2300.018615,1776350019000
1776350020.501,220.501,0.95,137.0,0.94,277.5,0.96,839.63,0.97,297.21,0.04,849.63,0.03,297.21,0.05,137.0,0.06,277.5,0.01,0.01,2300.018615,1776350019000
1776350021.443,221.443,0.95,703.0,0.94,162.5,0.96,698.58,0.97,415.91,0.04,839.63,0.03,297.21,0.05,137.0,0.06,277.5,0.01,0.01,2299.923068,1776350020000
1776350021.909,221.909,0.95,813.0,0.94,162.5,0.96,718.21,0.97,191.21,0.04,698.58,0.03,415.91,0.05,703.0,0.06,162.5,0.01,0.01,2299.923068,1776350020000
1776350022.555,222.555,0.95,698.5,0.94,162.5,0.96,592.16,0.97,306.21,0.04,592.16,0.03,306.21,0.05,813.0,0.06,162.5,0.01,0.01,2299.710124,1776350021000
1776350023.741,223.741,0.95,836.5,0.94,103.5,0.97,786.21,0.98,473.7,0.04,592.16,0.03,306.21,0.05,698.5,0.06,162.5,0.02,0.01,2299.787822,1776350022000
1776350024.937,224.937,0.96,654.5,0.95,138.3,0.97,781.06,0.98,473.7,0.03,786.21,0.02,473.7,0.05,836.5,0.06,103.5,0.01,0.02,2299.902866,1776350023000
1776350026.108,226.108,0.96,917.2,0.95,143.3,0.97,0.71,0.98,910.0,0.03,735.71,0.02,473.7,0.04,649.5,0.05,138.3,0.01,0.01,2299.902866,1776350023000
1776350027.01,227.01,0.97,645.5,0.96,188.2,0.98,888.0,0.99,2440.32,0.02,910.0,0.01,2440.32,0.04,917.2,0.05,143.3,0.01,0.02,2300.054433,1776350025000
1776350027.335,227.335,0.97,650.98,0.96,188.2,0.98,867.05,0.99,2440.32,0.02,880.94,0.01,2440.32,0.03,646.25,0.04,188.2,0.01,0.01,2300.068485,1776350026000
1776350029.552,229.552,0.97,764.2,0.96,173.2,0.98,861.95,0.99,2119.41,0.02,867.05,0.01,2440.32,0.03,650.98,0.04,188.2,0.01,0.01,2300.580917,1776350028000
1776350029.772,229.772,0.97,769.2,0.96,149.2,0.98,856.95,0.99,2119.41,0.02,861.95,0.01,2119.41,0.03,764.2,0.04,173.2,0.01,0.01,2300.580917,1776350028000
1776350030.072,230.072,0.97,769.2,0.96,149.2,0.98,856.85,0.99,2119.41,0.02,856.95,0.01,2119.41,0.03,769.2,0.04,149.2,0.01,0.01,2300.580917,1776350028000
1776350030.6,230.6,0.97,798.51,0.96,149.2,0.98,246.74,0.99,2119.41,0.02,856.85,0.01,2119.41,0.03,769.2,0.04,149.2,0.01,0.01,2300.745759,1776350029000
1776350030.864,230.864,0.97,793.51,0.96,159.2,0.98,96.55,0.99,2599.41,0.02,101.65,0.01,2119.41,0.03,798.51,0.04,159.2,0.01,0.01,2300.745759,1776350029000
1776350031.551,231.551,0.98,648.68,0.97,413.51,0.99,2574.96,,,0.01,2594.96,,,0.03,793.51,0.04,159.2,0.01,0.02,2300.92265,1776350030000
1776350032.071,232.071,0.98,141.68,0.97,759.51,0.99,2648.53,,,0.01,2573.94,,,0.02,648.68,0.03,413.51,0.01,0.01,2300.92265,1776350030000
1776350032.426,232.426,0.98,112.5,0.97,759.51,0.99,2628.53,,,0.01,2653.53,,,0.02,121.68,0.03,759.51,0.01,0.01,2301.111478,1776350031000
1776350032.998,232.998,0.98,111.18,0.97,639.51,0.99,2957.53,,,0.01,2628.53,,,0.02,112.5,0.03,759.51,0.01,0.01,2301.111478,1776350031000
1776350033.239,233.239,0.98,109.16,0.97,515.81,0.99,2957.53,,,0.01,2957.53,,,0.02,111.18,0.03,639.51,0.01,0.01,2301.111478,1776350031000
1776350033.653,233.653,0.98,89.16,0.97,515.81,0.99,2792.53,,,0.01,2957.53,,,0.02,109.16,0.03,515.81,0.01,0.01,2301.169462,1776350032000
1776350033.908,233.908,0.98,89.16,0.97,515.81,0.99,2784.45,,,0.01,2792.53,,,0.02,89.16,0.03,515.81,0.01,0.01,2301.169462,1776350032000
1776350035.816,235.816,0.98,9.18,0.97,525.81,0.99,2714.76,,,0.01,2714.76,,,0.02,79.16,0.03,515.81,0.01,0.01,2300.57256,1776350034000
1776350036.446,236.446,0.98,19.68,0.97,530.81,0.99,2653.76,,,0.01,2714.76,,,0.02,9.18,0.03,525.81,0.01,0.01,2300.462319,1776350035000
1776350038.692,238.692,0.98,717.33,0.97,159.51,0.99,2011.16,,,0.01,2628.76,,,0.02,15.5,0.03,530.81,0.01,0.01,2300.35407,1776350037000
1776350038.959,238.959,0.98,910.21,0.97,159.51,0.99,1994.16,,,0.01,2011.16,,,0.02,717.33,0.03,159.51,0.01,0.01,2300.35407,1776350037000
1776350039.193,239.193,0.99,542.84,0.98,915.21,,,,,0.01,1994.16,,,0.02,910.21,0.03,159.51,,0.01,2300.35407,1776350037000
1776350039.447,239.447,0.99,542.85,0.98,301.03,,,,,,,,,0.01,542.84,0.02,915.21,,,2300.599066,1776350038000
1776350039.689,239.689,0.99,547.22,0.98,301.03,,,,,,,,,0.01,542.85,0.02,301.03,,,2300.599066,1776350038000
1776350040.126,240.126,0.99,554.01,0.98,301.03,,,,,,,,,0.01,546.18,0.02,301.03,,,2300.599066,1776350038000
1776350041.594,241.594,0.99,540.08,0.98,293.7,,,,,,,,,0.01,554.01,0.02,301.03,,,2300.895224,1776350040000
1776350041.844,241.844,0.99,543.23,0.98,193.7,,,,,,,,,0.01,540.08,0.02,293.7,,,2300.895224,1776350040000
1776350043.226,243.226,0.99,568.28,0.98,193.7,,,,,,,,,0.01,543.23,0.02,193.7,,,2300.848121,1776350041000
1776350044.589,244.589,0.99,520.89,0.98,193.7,,,,,,,,,0.01,531.8,0.02,193.7,,,2300.90145,1776350043000
1776350044.865,244.865,0.99,383.34,0.98,193.7,,,,,,,,,0.01,520.89,0.02,193.7,,,2300.90145,1776350043000
1776350047.939,247.939,0.99,436.42,0.98,203.7,,,,,,,,,0.01,383.34,0.02,193.7,,,2300.851399,1776350046000
1776350051.018,251.018,0.99,17204.41,0.98,198.7,,,,,,,,,0.01,436.42,0.02,203.7,,,2301.018957,1776350049000
1776350054.037,254.037,0.99,17377.38,0.98,203.7,,,,,,,,,0.01,17204.41,0.02,198.7,,,2302.188689,1776350053000
1776350064.384,264.384,0.99,18795.93,0.98,209.7,,,,,,,,,0.01,17377.38,0.02,203.7,,,2303.579798,1776350062000
1776350080.25,280.25,0.99,18869.48,0.98,40.0,,,,,,,,,0.01,18795.93,0.02,209.7,,,2303.8305,1776350078000
1776350086.284,286.284,0.99,19319.57,0.98,30.0,,,,,,,,,0.01,18869.48,0.02,40.0,,,2303.3166,1776350085000

# RESULT,winner=Up,slug=eth-updown-5m-1776349800,ticks=296
