timestamp,elapsed_sec,up_bid_p1,up_bid_s1,up_bid_p2,up_bid_s2,up_ask_p1,up_ask_s1,up_ask_p2,up_ask_s2,down_bid_p1,down_bid_s1,down_bid_p2,down_bid_s2,down_ask_p1,down_ask_s1,down_ask_p2,down_ask_s2,up_spread,down_spread,eth_price,eth_oracle_ts
1776359400.754,0.754,0.51,18.12,0.5,30.0,0.54,5.0,0.55,8.88,0.46,426.77,0.45,105.0,0.47,1.72,0.49,30.0,0.03,0.01,2317.344313,1776359399000
1776359400.954,0.954,0.51,38.62,0.5,30.0,0.55,3.88,0.56,70.0,0.45,3.88,0.44,70.0,0.49,18.12,0.5,30.0,0.04,0.04,2317.344313,1776359399000
1776359401.41,1.41,0.51,38.62,0.5,30.0,0.56,72.09,0.57,70.0,0.44,68.88,0.43,70.0,0.49,38.62,0.5,30.0,0.05,0.05,2317.412824,1776359400000
1776359401.644,1.644,0.53,5.0,0.51,163.62,0.56,168.51,0.57,140.0,0.44,70.3,0.43,140.0,0.47,5.0,0.49,38.62,0.03,0.03,2317.412824,1776359400000
1776359402.04,2.04,0.52,138.12,0.51,308.62,0.59,100.0,0.6,115.0,0.44,168.51,0.43,140.0,0.47,5.0,0.49,163.62,0.07,0.03,2317.412824,1776359400000
1776359402.255,2.255,0.57,5.0,0.52,138.12,0.59,88.05,0.6,115.0,0.41,100.0,0.4,115.0,0.48,138.12,0.49,308.62,0.02,0.07,2317.422265,1776359401000
1776359402.623,2.623,0.56,10.71,0.53,46.31,0.58,1.94,0.59,5.0,0.41,5.0,0.4,15.0,0.48,137.3,0.49,308.62,0.02,0.07,2317.422265,1776359401000
1776359403.128,3.128,0.56,11.21,0.53,5.0,0.59,3.3,0.6,15.0,0.41,5.0,0.4,15.0,0.44,6.21,0.45,5.0,0.03,0.03,2317.422265,1776359401000
1776359403.459,3.459,0.57,10.0,0.56,21.21,0.6,14.94,0.62,95.0,0.41,3.3,0.4,15.0,0.44,11.21,0.47,5.0,0.03,0.03,2317.694296,1776359402000
1776359403.894,3.894,0.55,10.0,0.54,10.0,0.57,5.0,0.58,15.0,0.4,11.64,0.38,95.0,0.43,10.0,0.44,21.21,0.02,0.03,2317.694296,1776359402000
1776359404.153,4.153,0.55,10.0,0.54,10.0,0.57,5.0,0.58,15.0,0.43,5.0,0.42,15.0,0.45,10.0,0.46,10.0,0.02,0.02,2318.197802,1776359403000
1776359405.213,5.213,0.56,6.09,0.55,10.0,0.57,5.0,0.58,5.0,0.43,5.0,0.42,5.0,0.44,6.09,0.45,10.0,0.01,0.01,2318.206268,1776359404000
1776359405.53,5.53,0.54,10.0,0.53,15.0,0.55,5.0,0.56,5.0,0.43,5.0,0.42,5.0,0.44,6.09,0.45,10.0,0.01,0.01,2318.206268,1776359404000
1776359405.921,5.921,0.55,5.0,0.54,30.0,0.56,5.0,0.57,5.0,0.45,5.0,0.44,5.0,0.46,10.0,0.47,15.0,0.01,0.01,2318.206268,1776359404000
1776359406.157,6.157,0.55,2.77,0.54,35.0,0.57,35.0,0.58,5.0,0.44,5.0,0.43,5.0,0.45,5.0,0.46,30.0,0.02,0.01,2318.023127,1776359405000
1776359406.836,6.836,0.56,10.0,0.55,107.77,0.57,25.0,0.59,30.0,0.43,35.0,0.42,5.0,0.45,2.77,0.46,35.0,0.01,0.02,2318.023127,1776359405000
1776359407.137,7.137,0.58,15.0,0.57,10.0,0.59,3.3,0.6,111.64,0.43,25.0,0.41,30.0,0.44,10.0,0.45,107.77,0.01,0.01,2318.023127,1776359405000
1776359407.661,7.661,0.58,22.61,0.57,10.0,0.59,5.0,0.6,111.64,0.41,3.3,0.4,111.64,0.42,15.0,0.43,10.0,0.01,0.01,2317.878675,1776359406000
1776359408.219,8.219,0.58,22.61,0.57,10.0,0.59,5.0,0.6,111.64,0.41,5.0,0.4,111.64,0.42,22.61,0.43,10.0,0.01,0.01,2318.047972,1776359407000
1776359408.514,8.514,0.59,2.45,0.58,29.21,0.6,127.14,0.61,190.0,0.4,111.64,0.39,190.0,0.42,41.81,0.43,10.0,0.01,0.02,2318.047972,1776359407000
1776359409.009,9.009,0.59,2.45,0.58,144.71,0.6,93.2,0.61,25.0,0.4,127.14,0.39,190.0,0.41,2.45,0.42,29.21,0.01,0.01,2318.047972,1776359407000
1776359410.269,10.269,0.59,2.45,0.58,144.71,0.6,83.08,0.61,25.0,0.4,83.08,0.39,25.0,0.41,2.45,0.42,144.71,0.01,0.01,2318.087938,1776359409000
1776359410.537,10.537,0.58,140.19,0.57,120.0,0.6,15.58,0.61,25.0,0.4,5.58,0.39,25.0,0.41,2.45,0.42,149.71,0.02,0.01,2318.087938,1776359409000
1776359411.467,11.467,0.59,10.0,0.58,129.69,0.6,10.58,0.61,30.0,0.4,15.58,0.39,25.0,0.42,140.19,0.43,120.0,0.01,0.02,2318.313783,1776359410000
1776359411.97,11.97,0.58,19.69,0.56,10.0,0.6,54.58,0.61,105.0,0.4,10.58,0.39,30.0,0.41,10.0,0.42,129.69,0.02,0.01,2318.313783,1776359410000
1776359413.598,13.598,0.58,31.69,0.57,10.0,0.59,28.48,0.6,66.08,0.41,15.0,0.4,30.58,0.42,11.69,0.44,10.0,0.01,0.01,2318.204743,1776359412000
1776359414.617,14.617,0.58,1.58,0.56,10.0,0.59,103.48,0.6,81.08,0.41,28.48,0.4,66.08,0.42,24.58,0.43,10.0,0.01,0.01,2318.082234,1776359413000
1776359416.473,16.473,0.56,10.0,0.55,45.5,0.57,68.71,0.58,45.5,0.41,103.48,0.4,81.08,0.44,10.0,0.45,35.5,0.01,0.03,2317.92813,1776359415000
1776359417.304,17.304,0.55,16.67,0.54,55.5,0.56,42.0,0.57,51.71,0.43,68.71,0.42,45.5,0.44,10.0,0.45,45.5,0.01,0.01,2317.856898,1776359416000
1776359419.57,19.57,0.57,117.73,0.56,130.5,0.58,15.0,0.59,17.5,0.44,42.0,0.43,51.71,0.45,16.67,0.46,55.5,0.01,0.01,2317.842829,1776359418000
1776359420.096,20.096,0.57,107.23,0.56,135.5,0.58,15.0,0.59,17.5,0.42,15.0,0.41,17.5,0.43,117.73,0.44,130.5,0.01,0.01,2318.046846,1776359419000
1776359420.858,20.858,0.57,109.23,0.56,145.5,0.58,15.0,0.59,22.5,0.42,10.0,0.41,17.5,0.43,112.73,0.44,135.5,0.01,0.01,2318.046846,1776359419000
1776359421.348,21.348,0.57,106.9,0.56,145.5,0.58,15.0,0.59,22.5,0.42,15.0,0.41,22.5,0.43,109.23,0.44,145.5,0.01,0.01,2318.100289,1776359420000
1776359427.775,27.775,0.58,52.5,0.57,131.4,0.6,15.0,0.61,25.0,0.42,15.0,0.41,22.5,0.43,106.9,0.44,145.5,0.02,0.01,2318.043138,1776359425000
1776359428.089,28.089,0.62,32.5,0.61,96.5,0.63,25.76,0.64,10.0,0.39,25.0,0.38,60.0,0.41,11.0,0.42,58.5,0.01,0.02,2318.204573,1776359426000
1776359428.429,28.429,0.63,9.24,0.62,92.7,0.65,75.0,0.66,100.0,0.37,25.76,0.36,10.0,0.38,32.5,0.39,96.5,0.02,0.01,2318.204573,1776359426000
1776359428.926,28.926,0.65,20.0,0.64,46.0,0.66,8.98,0.67,10.5,0.35,25.0,0.34,110.5,0.36,26.44,0.37,15.0,0.01,0.01,2318.190445,1776359427000
1776359429.154,29.154,0.66,10.0,0.65,4.42,0.67,13.5,0.68,115.0,0.33,18.5,0.32,115.0,0.35,4.42,0.36,46.0,0.01,0.02,2318.190673,1776359428000
1776359429.635,29.635,0.65,10.42,0.64,35.0,0.67,6.84,0.68,115.0,0.33,6.84,0.32,115.0,0.34,10.0,0.35,4.42,0.02,0.01,2318.190673,1776359428000
1776359430.294,30.294,0.67,32.96,0.66,31.0,0.68,105.0,0.69,104.0,0.33,6.84,0.32,115.0,0.35,10.42,0.36,35.0,0.01,0.02,2319.032043,1776359429000
1776359430.664,30.664,0.67,58.96,0.66,66.0,0.68,3.25,0.69,95.0,0.32,105.0,0.31,104.0,0.33,32.96,0.34,31.0,0.01,0.01,2319.032043,1776359429000
1776359430.94,30.94,0.67,45.88,0.66,66.0,0.69,95.0,0.7,20.0,0.32,3.25,0.31,95.0,0.33,58.96,0.34,66.0,0.02,0.01,2319.032043,1776359429000
1776359431.237,31.237,0.68,6.87,0.67,45.88,0.69,70.0,0.7,20.0,0.31,95.0,0.3,20.0,0.33,45.88,0.34,66.0,0.01,0.02,2319.061063,1776359430000
1776359431.823,31.823,0.68,6.87,0.67,39.22,0.7,13.47,0.71,79.0,0.31,11.13,0.3,20.0,0.32,6.87,0.33,29.88,0.02,0.01,2319.061063,1776359430000
1776359432.159,32.159,0.69,10.0,0.68,6.87,0.7,37.11,0.71,70.0,0.3,13.47,0.29,79.0,0.32,6.87,0.33,39.22,0.01,0.02,2319.379408,1776359431000
1776359432.501,32.501,0.69,6.77,0.68,12.87,0.7,39.11,0.71,70.0,0.3,37.11,0.29,70.0,0.31,10.0,0.32,6.87,0.01,0.01,2319.379408,1776359431000
1776359432.787,32.787,0.69,6.77,0.68,6.87,0.7,32.16,0.71,79.0,0.3,35.16,0.29,70.0,0.31,6.77,0.32,12.87,0.01,0.01,2319.379408,1776359431000
1776359433.207,33.207,0.69,6.77,0.68,70.31,0.7,54.01,0.71,70.0,0.3,32.16,0.29,79.0,0.31,6.77,0.32,6.87,0.01,0.01,2319.379408,1776359431000
1776359433.675,33.675,0.68,1.87,0.67,21.88,0.69,36.0,0.7,30.01,0.31,11.57,0.3,30.01,0.32,32.87,0.33,21.88,0.01,0.01,2319.48035,1776359432000
1776359434.12,34.12,0.66,21.0,0.65,15.42,0.68,31.0,0.69,20.0,0.31,36.0,0.3,30.01,0.33,21.88,0.34,21.0,0.02,0.02,2319.48035,1776359432000
1776359434.411,34.411,0.66,22.23,0.65,20.92,0.67,9.0,0.68,20.0,0.32,31.0,0.31,20.0,0.34,21.0,0.35,15.42,0.01,0.02,2319.521619,1776359433000
1776359435.856,35.856,0.67,38.27,0.66,10.0,0.68,28.5,0.69,90.5,0.32,15.0,0.31,10.0,0.33,16.0,0.34,22.23,0.01,0.01,2319.475427,1776359434000
1776359436.154,36.154,0.67,11.0,0.66,10.0,0.68,34.5,0.69,90.5,0.32,35.5,0.31,90.5,0.33,43.27,0.34,10.0,0.01,0.01,2319.18431,1776359435000
1776359436.422,36.422,0.67,17.0,0.65,10.0,0.68,43.02,0.69,95.5,0.32,34.5,0.31,90.5,0.33,11.0,0.34,10.0,0.01,0.01,2319.18431,1776359435000
1776359438.019,38.019,0.64,25.0,0.63,19.85,0.65,21.0,0.66,176.0,0.32,57.02,0.31,95.5,0.36,120.0,0.37,115.0,0.01,0.04,2319.024349,1776359436000
1776359438.599,38.599,0.64,27.22,0.63,19.85,0.65,61.0,0.66,201.0,0.35,21.0,0.34,176.0,0.36,25.0,0.37,19.85,0.01,0.01,2318.77795,1776359437000
1776359438.885,38.885,0.64,15.0,0.63,19.85,0.65,58.12,0.66,171.0,0.35,61.0,0.34,201.0,0.36,27.22,0.37,19.85,0.01,0.01,2318.77795,1776359437000
1776359439.107,39.107,0.64,15.0,0.63,19.85,0.65,35.42,0.66,171.0,0.35,58.12,0.34,171.0,0.36,15.0,0.37,19.85,0.01,0.01,2318.77795,1776359437000
1776359440.883,40.883,0.64,12.22,0.63,130.35,0.65,22.92,0.66,156.0,0.35,35.42,0.34,171.0,0.36,15.0,0.37,19.85,0.01,0.01,2318.663825,1776359439000
1776359441.679,41.679,0.64,3.88,0.63,130.35,0.65,26.92,0.66,156.0,0.35,22.92,0.34,156.0,0.36,6.66,0.37,130.35,0.01,0.01,2318.680913,1776359440000
1776359443.149,43.149,0.66,43.75,0.65,25.5,0.67,28.5,0.68,23.0,0.35,26.92,0.34,156.0,0.36,3.88,0.37,130.35,0.01,0.01,2318.717797,1776359441000
1776359444.105,44.105,0.67,100.46,0.66,85.84,0.68,24.11,0.69,5.0,0.32,19.11,0.31,5.0,0.33,16.0,0.34,166.84,0.01,0.01,2318.717797,1776359441000
1776359444.888,44.888,0.67,118.42,0.66,167.89,0.68,24.11,0.69,5.0,0.32,24.11,0.31,5.0,0.33,100.46,0.34,85.84,0.01,0.01,2318.885955,1776359443000
1776359445.189,45.189,0.67,43.42,0.66,267.89,0.68,25.54,0.69,5.0,0.32,22.29,0.31,5.0,0.33,48.42,0.34,267.89,0.01,0.01,2318.885955,1776359443000
1776359445.389,45.389,0.68,16.0,0.67,31.42,0.69,3.55,0.7,80.01,0.31,5.0,0.3,80.01,0.33,48.42,0.34,267.89,0.01,0.02,2318.885955,1776359443000
1776359445.648,45.648,0.69,15.0,0.68,119.78,0.7,76.12,0.71,30.0,0.3,80.01,0.29,30.0,0.32,109.78,0.33,40.42,0.01,0.02,2318.885955,1776359443000
1776359445.9,45.9,0.69,48.0,0.68,75.58,0.7,15.03,0.71,30.0,0.3,20.03,0.29,30.0,0.31,30.0,0.32,106.78,0.01,0.01,2319.28557,1776359444000
1776359446.197,46.197,0.69,99.12,0.68,75.58,0.72,55.0,0.73,25.0,0.3,15.03,0.29,5.0,0.31,70.12,0.32,135.58,0.03,0.01,2319.28557,1776359444000
1776359446.881,46.881,0.71,228.15,0.7,77.98,0.72,3.61,0.73,25.0,0.28,55.0,0.27,25.0,0.31,99.12,0.32,75.58,0.01,0.03,2319.4161,1776359445000
1776359447.774,47.774,0.71,213.95,0.7,103.65,0.74,67.5,0.75,35.5,0.28,3.61,0.27,25.0,0.29,228.15,0.3,77.98,0.03,0.01,2319.545825,1776359446000
1776359448.541,48.541,0.73,41.0,0.72,10.0,0.74,9.38,0.75,45.5,0.26,60.74,0.25,35.5,0.29,173.95,0.3,103.65,0.01,0.03,2319.752048,1776359447000
1776359448.941,48.941,0.73,8.0,0.72,10.0,0.74,11.28,0.75,35.5,0.26,6.28,0.25,35.5,0.27,22.0,0.28,10.0,0.01,0.01,2319.752048,1776359447000
1776359449.523,49.523,0.74,25.35,0.73,52.5,0.75,45.5,0.76,55.0,0.26,17.33,0.25,35.5,0.27,2.0,0.28,10.0,0.01,0.01,2319.884705,1776359448000
1776359449.775,49.775,0.74,120.06,0.73,142.5,0.75,6.05,0.76,10.5,0.25,20.5,0.24,60.5,0.26,134.91,0.27,177.5,0.01,0.01,2319.884705,1776359448000
1776359450.288,50.288,0.75,142.0,0.74,192.06,0.76,16.15,0.77,88.5,0.24,7.63,0.23,83.0,0.26,120.06,0.27,142.5,0.01,0.02,2319.884705,1776359448000
1776359450.588,50.588,0.75,143.0,0.74,135.5,0.76,16.15,0.77,88.5,0.24,16.15,0.23,88.5,0.25,142.0,0.26,192.06,0.01,0.01,2319.884705,1776359448000
1776359451.267,51.267,0.75,118.13,0.74,110.0,0.76,26.15,0.77,88.5,0.24,16.15,0.23,88.5,0.25,143.0,0.26,135.5,0.01,0.01,2319.900357,1776359449000
1776359451.484,51.484,0.75,118.13,0.74,110.0,0.76,19.35,0.77,88.5,0.24,20.8,0.23,88.5,0.25,118.13,0.26,110.0,0.01,0.01,2319.900357,1776359449000
1776359451.745,51.745,0.75,157.8,0.74,110.0,0.76,19.35,0.77,88.5,0.24,19.35,0.23,88.5,0.25,118.13,0.26,110.0,0.01,0.01,2319.88162,1776359450000
1776359452.569,52.569,0.75,157.8,0.74,115.0,0.76,14.0,0.77,113.5,0.24,19.35,0.23,88.5,0.25,157.8,0.26,110.0,0.01,0.01,2319.98025,1776359451000
1776359452.865,52.865,0.75,153.8,0.74,115.0,0.76,10.5,0.77,113.5,0.24,14.0,0.23,113.5,0.25,157.8,0.26,115.0,0.01,0.01,2319.98025,1776359451000
1776359453.286,53.286,0.75,183.8,0.74,125.0,0.76,13.71,0.77,118.5,0.24,10.5,0.23,113.5,0.25,153.8,0.26,115.0,0.01,0.01,2320.002776,1776359452000
1776359453.788,53.788,0.76,10.0,0.75,188.13,0.77,108.22,0.78,120.0,0.24,13.71,0.23,118.5,0.25,183.8,0.26,125.0,0.01,0.01,2320.002776,1776359452000
1776359454.352,54.352,0.76,168.0,0.75,176.13,0.77,74.58,0.78,120.0,0.23,108.22,0.22,120.0,0.24,10.0,0.25,188.13,0.01,0.01,2320.002776,1776359452000
1776359454.62,54.62,0.76,158.0,0.75,178.0,0.77,64.58,0.78,120.0,0.23,74.58,0.22,120.0,0.24,168.0,0.25,176.13,0.01,0.01,2320.002776,1776359452000
1776359455.882,55.882,0.76,152.85,0.75,173.0,0.77,50.73,0.78,120.0,0.23,64.58,0.22,120.0,0.24,158.0,0.25,178.0,0.01,0.01,2320.02392,1776359454000
1776359456.683,56.683,0.76,59.85,0.75,163.0,0.77,71.13,0.78,75.0,0.23,50.73,0.22,120.0,0.24,49.85,0.25,163.0,0.01,0.01,2320.062607,1776359455000
1776359457.044,57.044,0.76,59.85,0.75,163.0,0.77,69.7,0.78,75.0,0.23,71.13,0.22,75.0,0.24,59.85,0.25,163.0,0.01,0.01,2320.062607,1776359455000
1776359457.907,57.907,0.76,52.85,0.75,58.0,0.77,129.7,0.78,105.0,0.23,69.7,0.22,75.0,0.24,59.85,0.25,163.0,0.01,0.01,2320.089744,1776359456000
1776359458.476,58.476,0.76,88.68,0.75,63.0,0.77,64.7,0.78,80.0,0.23,129.7,0.22,105.0,0.24,52.85,0.25,58.0,0.01,0.01,2320.089744,1776359456000
1776359458.812,58.812,0.76,74.68,0.75,63.0,0.77,56.27,0.78,80.0,0.23,57.7,0.22,80.0,0.24,88.68,0.25,63.0,0.01,0.01,2320.089744,1776359456000
1776359459.134,59.134,0.76,98.68,0.75,163.0,0.77,53.47,0.78,80.0,0.23,59.77,0.22,80.0,0.24,88.68,0.25,63.0,0.01,0.01,2319.994388,1776359457000
1776359460.197,60.197,0.76,84.68,0.75,163.0,0.77,42.04,0.78,80.0,0.23,53.47,0.22,80.0,0.24,98.68,0.25,163.0,0.01,0.01,2319.879351,1776359458000
1776359460.467,60.467,0.76,20.0,0.75,163.0,0.77,91.04,0.78,80.0,0.23,42.04,0.22,80.0,0.24,84.68,0.25,163.0,0.01,0.01,2319.914758,1776359459000
1776359460.778,60.778,0.76,10.0,0.74,30.0,0.77,116.0,0.78,45.0,0.23,70.52,0.22,80.0,0.24,20.0,0.25,163.0,0.01,0.01,2319.914758,1776359459000
1776359461.12,61.12,0.73,20.0,0.72,40.0,0.74,75.95,0.75,117.0,0.23,75.0,0.22,55.0,0.27,22.0,0.28,40.0,0.01,0.04,2319.914758,1776359459000
1776359461.366,61.366,0.73,6.29,0.72,10.0,0.74,50.95,0.75,122.0,0.26,75.95,0.25,117.0,0.27,20.0,0.28,40.0,0.01,0.01,2319.971723,1776359460000
1776359461.652,61.652,0.73,38.29,0.72,10.0,0.74,30.18,0.75,152.0,0.26,60.09,0.25,122.0,0.27,6.29,0.28,10.0,0.01,0.01,2319.971723,1776359460000
1776359461.948,61.948,0.73,37.29,0.72,25.5,0.75,132.4,0.76,60.54,0.26,12.68,0.25,152.0,0.27,27.29,0.28,10.0,0.02,0.01,2319.971723,1776359460000
1776359462.195,62.195,0.74,47.15,0.73,31.79,0.75,137.4,0.76,60.54,0.25,132.4,0.24,50.04,0.26,32.15,0.27,31.79,0.01,0.01,2319.971723,1776359460000
1776359462.547,62.547,0.74,78.3,0.73,21.29,0.75,141.4,0.76,50.04,0.25,137.4,0.24,60.54,0.26,47.15,0.27,31.79,0.01,0.01,2319.971723,1776359460000
1776359462.957,62.957,0.74,18.2,0.73,21.29,0.75,141.4,0.76,60.54,0.25,141.4,0.24,50.04,0.26,78.3,0.27,21.29,0.01,0.01,2319.971723,1776359460000
1776359463.27,63.27,0.74,14.35,0.73,21.29,0.75,148.96,0.76,60.54,0.25,138.4,0.24,60.54,0.26,18.2,0.27,21.29,0.01,0.01,2319.560572,1776359462000
1776359464.434,64.434,0.74,275.93,0.73,131.79,0.75,133.36,0.76,20.04,0.25,148.96,0.24,60.54,0.26,14.35,0.27,21.29,0.01,0.01,2319.560572,1776359462000
1776359465.127,65.127,0.74,81.08,0.72,30.0,0.75,150.86,0.76,30.04,0.25,118.76,0.24,20.04,0.26,294.43,0.27,131.79,0.01,0.01,2319.658531,1776359463000
1776359465.609,65.609,0.74,143.04,0.73,10.0,0.75,146.42,0.76,80.04,0.25,162.42,0.24,80.04,0.26,99.4,0.28,20.0,0.01,0.01,2319.608,1776359464000
1776359466.221,66.221,0.74,129.34,0.72,20.0,0.75,225.42,0.76,80.04,0.25,176.42,0.24,80.04,0.26,135.34,0.28,20.0,0.01,0.01,2319.608,1776359464000
1776359466.522,66.522,0.74,129.34,0.72,30.0,0.75,172.8,0.76,115.54,0.25,220.42,0.24,105.04,0.26,129.34,0.28,20.0,0.01,0.01,2319.717544,1776359465000
1776359466.889,66.889,0.74,119.49,0.72,30.0,0.75,207.74,0.76,115.54,0.25,172.8,0.24,115.54,0.26,123.34,0.28,30.0,0.01,0.01,2319.717544,1776359465000
1776359467.116,67.116,0.74,115.64,0.72,30.0,0.75,253.3,0.76,140.54,0.25,207.74,0.24,115.54,0.26,119.49,0.28,30.0,0.01,0.01,2319.425055,1776359466000
1776359467.323,67.323,0.74,111.79,0.72,30.0,0.75,223.3,0.76,140.54,0.25,253.3,0.24,140.54,0.26,115.64,0.28,30.0,0.01,0.01,2319.425055,1776359466000
1776359467.841,67.841,0.74,107.94,0.72,30.0,0.75,282.3,0.76,150.54,0.25,223.3,0.24,140.54,0.26,111.79,0.28,30.0,0.01,0.01,2319.425055,1776359466000
1776359469.03,69.03,0.74,101.94,0.72,20.0,0.75,319.5,0.76,160.24,0.25,282.3,0.24,150.54,0.26,107.94,0.28,30.0,0.01,0.01,2319.321318,1776359467000
1776359469.541,69.541,0.74,91.32,0.72,20.0,0.75,265.2,0.76,160.24,0.25,319.5,0.24,160.24,0.26,91.32,0.28,20.0,0.01,0.01,2319.288208,1776359468000
1776359471.231,71.231,0.74,11.47,0.72,20.0,0.75,235.2,0.76,160.24,0.25,315.2,0.24,160.24,0.26,17.47,0.28,20.0,0.01,0.01,2319.165452,1776359470000
1776359471.469,71.469,0.72,20.0,0.71,52.49,0.75,210.26,0.76,160.24,0.25,210.26,0.24,160.24,0.26,5.47,0.28,20.0,0.03,0.01,2319.165452,1776359470000
1776359471.821,71.821,0.72,1.42,0.71,12.49,0.73,165.5,0.74,76.36,0.25,210.26,0.24,160.24,0.28,20.0,0.29,52.49,0.01,0.03,2319.165452,1776359470000
1776359472.141,72.141,0.71,10.41,0.7,22.66,0.72,112.86,0.73,108.5,0.27,165.5,0.26,76.36,0.29,10.41,0.3,22.66,0.01,0.02,2319.165452,1776359470000
1776359472.674,72.674,0.7,22.66,0.69,136.0,0.71,46.58,0.72,137.86,0.28,112.86,0.27,108.5,0.29,10.41,0.3,22.66,0.01,0.01,2319.149923,1776359471000
1776359472.992,72.992,0.7,18.79,0.69,130.0,0.71,161.08,0.72,79.25,0.29,46.58,0.28,137.86,0.3,22.66,0.31,136.0,0.01,0.01,2319.149923,1776359471000
1776359473.206,73.206,0.7,12.19,0.69,130.0,0.71,192.08,0.72,74.25,0.29,161.08,0.28,79.25,0.3,18.79,0.31,130.0,0.01,0.01,2319.111694,1776359472000
1776359474.609,74.609,0.65,21.0,0.64,298.88,0.69,49.21,0.7,53.0,0.29,168.08,0.28,74.25,0.31,55.0,0.32,72.87,0.04,0.02,2318.99873,1776359473000
1776359475.156,75.156,0.65,3.54,0.64,298.88,0.66,25.0,0.67,150.0,0.34,30.0,0.33,10.0,0.35,6.4,0.36,298.88,0.01,0.01,2318.99873,1776359473000
1776359475.429,75.429,0.65,3.54,0.64,298.88,0.66,7.9,0.67,157.97,0.33,147.97,0.32,10.0,0.35,3.54,0.36,298.88,0.01,0.02,2318.99873,1776359473000
1776359476.273,76.273,0.64,247.57,0.63,75.0,0.65,20.0,0.66,7.9,0.34,7.9,0.33,157.97,0.35,3.54,0.36,298.88,0.01,0.01,2318.330736,1776359475000
1776359478.07,78.07,0.66,81.5,0.65,30.5,0.67,141.0,0.68,5.0,0.35,20.0,0.34,7.9,0.36,247.57,0.37,75.0,0.01,0.01,2318.220444,1776359477000
1776359478.613,78.613,0.69,93.0,0.68,26.5,0.7,13.57,0.71,5.0,0.33,141.0,0.32,5.0,0.34,81.5,0.35,30.5,0.01,0.01,2318.220444,1776359477000
1776359480.521,80.521,0.66,12.5,0.65,30.5,0.67,15.0,0.68,26.0,0.3,7.26,0.29,5.0,0.31,79.2,0.32,26.5,0.01,0.01,2318.6832,1776359479000
1776359480.86,80.86,0.66,24.73,0.65,30.5,0.67,10.0,0.68,21.0,0.33,15.0,0.32,26.0,0.34,12.5,0.35,30.5,0.01,0.01,2318.6832,1776359479000
1776359481.34,81.34,0.66,24.73,0.65,30.5,0.67,16.5,0.68,21.0,0.33,10.0,0.32,21.0,0.34,24.73,0.35,30.5,0.01,0.01,2318.6832,1776359479000
1776359482.608,82.608,0.66,86.5,0.65,40.5,0.67,6.22,0.69,6.0,0.33,16.5,0.32,21.0,0.34,24.73,0.35,30.5,0.01,0.01,2318.785479,1776359481000
1776359484.13,84.13,0.66,19.5,0.65,75.88,0.67,19.23,0.68,15.0,0.33,6.22,0.31,6.0,0.34,86.5,0.35,40.5,0.01,0.01,2318.652698,1776359482000
1776359484.798,84.798,0.65,62.53,0.64,50.57,0.66,55.0,0.67,20.0,0.33,75.0,0.32,10.0,0.35,63.9,0.36,76.07,0.01,0.02,2318.733403,1776359483000
1776359485.775,85.775,0.65,48.68,0.64,35.57,0.66,31.0,0.67,165.5,0.34,55.0,0.33,20.0,0.35,62.53,0.36,50.57,0.01,0.01,2318.749525,1776359484000
1776359486.986,86.986,0.65,37.39,0.64,46.07,0.66,51.0,0.67,180.0,0.34,31.0,0.33,160.5,0.35,42.39,0.36,35.57,0.01,0.01,2318.589435,1776359485000
1776359487.53,87.53,0.65,32.39,0.64,35.57,0.66,61.0,0.67,185.0,0.34,51.0,0.33,180.0,0.35,37.39,0.36,46.07,0.01,0.01,2318.5128,1776359486000
1776359488.085,88.085,0.65,19.53,0.64,35.57,0.66,61.0,0.67,185.0,0.34,61.0,0.33,185.0,0.35,22.39,0.36,35.57,0.01,0.01,2318.427715,1776359487000
1776359488.299,88.299,0.65,13.81,0.64,35.57,0.66,61.0,0.67,160.0,0.34,61.0,0.33,185.0,0.35,16.67,0.36,35.57,0.01,0.01,2318.427715,1776359487000
1776359488.619,88.619,0.65,10.95,0.64,35.57,0.66,69.0,0.67,160.0,0.34,61.0,0.33,160.0,0.35,13.81,0.36,35.57,0.01,0.01,2318.427715,1776359487000
1776359489.303,89.303,0.65,75.95,0.64,86.07,0.67,150.5,0.69,65.5,0.34,69.0,0.33,160.0,0.35,10.95,0.36,35.57,0.02,0.01,2318.427715,1776359487000
1776359489.949,89.949,0.65,12.95,0.64,35.57,0.66,55.0,0.67,137.65,0.33,117.65,0.31,65.0,0.34,43.0,0.35,55.45,0.01,0.01,2318.360079,1776359488000
1776359490.39,90.39,0.65,12.95,0.64,11.07,0.66,47.96,0.67,137.65,0.34,44.48,0.33,137.65,0.35,12.95,0.36,46.07,0.01,0.01,2318.360079,1776359489000
1776359490.806,90.806,0.65,12.95,0.64,0.57,0.66,71.94,0.67,148.15,0.34,47.96,0.33,137.65,0.35,12.95,0.36,11.07,0.01,0.01,2318.360079,1776359489000
1776359491.771,91.771,0.62,60.0,0.61,40.5,0.65,75.5,0.66,61.94,0.34,71.94,0.33,148.15,0.36,0.57,0.38,95.0,0.03,0.02,2318.442613,1776359490000
1776359492.989,92.989,0.62,3.36,0.61,40.5,0.63,95.0,0.64,15.0,0.35,75.5,0.34,61.94,0.38,60.0,0.39,40.5,0.01,0.03,2318.434449,1776359491000
1776359493.217,93.217,0.62,27.22,0.61,45.5,0.63,65.0,0.64,10.0,0.37,95.0,0.36,15.0,0.38,3.36,0.39,40.5,0.01,0.01,2318.228159,1776359492000
1776359493.449,93.449,0.62,23.32,0.61,45.5,0.63,25.0,0.64,10.0,0.37,30.0,0.36,10.0,0.38,23.32,0.39,45.5,0.01,0.01,2318.228159,1776359492000
1776359494.033,94.033,0.61,39.5,0.59,10.0,0.62,18.38,0.63,15.0,0.37,25.0,0.36,10.0,0.38,23.32,0.39,45.5,0.01,0.01,2318.228159,1776359492000
1776359494.421,94.421,0.61,29.6,0.6,40.0,0.62,8.38,0.63,15.0,0.38,18.38,0.37,15.0,0.39,39.5,0.41,10.0,0.01,0.01,2318.228159,1776359492000
1776359494.683,94.683,0.61,19.6,0.6,40.0,0.62,16.44,0.63,15.0,0.38,8.38,0.37,15.0,0.39,29.6,0.4,40.0,0.01,0.01,2318.154411,1776359493000
1776359495.373,95.373,0.61,19.6,0.6,40.0,0.62,12.8,0.63,15.0,0.38,16.44,0.37,15.0,0.39,19.6,0.4,40.0,0.01,0.01,2318.1456,1776359494000
1776359495.663,95.663,0.61,19.6,0.6,40.0,0.62,8.92,0.63,15.0,0.38,12.8,0.37,15.0,0.39,19.6,0.4,40.0,0.01,0.01,2318.1456,1776359494000
1776359496.316,96.316,0.61,29.6,0.6,40.0,0.62,3.83,0.63,15.0,0.38,8.92,0.37,15.0,0.39,19.6,0.4,40.0,0.01,0.01,2318.1456,1776359494000
1776359496.992,96.992,0.61,171.8,0.6,119.0,0.66,6.0,0.67,127.65,0.38,3.83,0.37,15.0,0.39,29.6,0.4,40.0,0.05,0.01,2318.200672,1776359495000
1776359497.282,97.282,0.65,102.7,0.63,8.0,0.66,0.54,0.67,138.15,0.34,6.0,0.33,127.65,0.39,171.8,0.4,119.0,0.01,0.05,2318.200672,1776359495000
1776359497.566,97.566,0.65,45.5,0.64,15.5,0.67,134.8,0.68,20.5,0.34,0.54,0.33,138.15,0.35,102.7,0.37,8.0,0.02,0.01,2318.200672,1776359495000
1776359497.896,97.896,0.65,55.5,0.64,30.5,0.67,110.41,0.68,25.5,0.33,134.8,0.32,20.5,0.35,45.5,0.36,15.5,0.02,0.02,2318.200672,1776359495000
1776359498.369,98.369,0.66,6.17,0.65,30.5,0.67,140.91,0.68,20.5,0.33,110.41,0.32,25.5,0.35,55.5,0.36,30.5,0.01,0.02,2318.218166,1776359496000
1776359500.086,100.086,0.61,12.5,0.6,40.5,0.62,49.0,0.63,20.0,0.33,140.91,0.32,20.5,0.34,6.17,0.35,30.5,0.01,0.01,2318.292274,1776359498000
1776359500.367,100.367,0.61,11.6,0.6,40.5,0.62,25.0,0.63,15.0,0.38,49.0,0.37,20.0,0.39,12.5,0.4,40.5,0.01,0.01,2318.519115,1776359499000
1776359500.977,100.977,0.61,24.2,0.6,10.5,0.62,9.91,0.63,20.5,0.38,25.0,0.37,15.0,0.39,11.6,0.4,40.5,0.01,0.01,2318.519115,1776359499000
1776359501.311,101.311,0.61,10.87,0.59,35.0,0.62,7.97,0.63,20.5,0.38,7.97,0.37,20.5,0.39,15.5,0.4,10.5,0.01,0.01,2318.53869,1776359500000
1776359501.688,101.688,0.55,8.97,0.54,10.0,0.58,10.0,0.59,10.0,0.38,7.97,0.37,20.5,0.39,10.87,0.41,35.0,0.03,0.01,2318.53869,1776359500000
1776359502.047,102.047,0.55,35.0,0.54,19.0,0.56,3.89,0.57,10.0,0.42,10.0,0.41,10.0,0.45,8.97,0.46,10.0,0.01,0.03,2318.53869,1776359500000
1776359502.818,102.818,0.56,100.0,0.55,70.0,0.57,3.24,0.58,15.0,0.43,7.89,0.42,10.0,0.45,35.0,0.46,19.0,0.01,0.02,2318.35343,1776359501000
1776359503.292,103.292,0.57,129.9,0.56,104.5,0.58,2.63,0.59,5.0,0.42,12.63,0.41,10.0,0.44,100.0,0.45,70.0,0.01,0.02,2318.088194,1776359502000
1776359503.549,103.549,0.61,24.78,0.6,10.0,0.62,35.0,0.65,5.0,0.42,2.63,0.41,5.0,0.43,129.9,0.44,104.5,0.01,0.01,2318.088194,1776359502000
1776359504.401,104.401,0.62,56.84,0.61,178.5,0.64,10.0,0.65,30.5,0.38,35.0,0.35,5.0,0.39,24.78,0.4,10.0,0.02,0.01,2318.11103,1776359503000
1776359508.423,108.423,0.68,74.0,0.67,53.0,0.69,9.19,0.7,15.26,0.36,10.0,0.35,30.5,0.38,56.84,0.39,178.5,0.01,0.02,2318.407113,1776359507000
1776359508.715,108.715,0.68,15.0,0.67,48.0,0.69,35.24,0.7,25.76,0.31,9.19,0.3,15.26,0.32,74.0,0.33,53.0,0.01,0.01,2318.407113,1776359507000
1776359509.038,109.038,0.68,67.2,0.67,63.5,0.69,1.29,0.7,25.76,0.31,35.24,0.3,25.76,0.32,15.0,0.33,48.0,0.01,0.01,2318.407113,1776359507000
1776359509.314,109.314,0.68,54.87,0.67,163.5,0.69,12.4,0.7,25.76,0.31,1.29,0.3,25.76,0.32,79.07,0.33,63.5,0.01,0.01,2318.488761,1776359508000
1776359509.647,109.647,0.68,54.87,0.67,163.5,0.69,1.11,0.7,25.76,0.31,7.32,0.3,25.76,0.32,54.87,0.33,163.5,0.01,0.01,2318.488761,1776359508000
1776359510.227,110.227,0.68,51.12,0.67,163.5,0.69,1.11,0.7,25.76,0.31,1.11,0.3,25.76,0.32,54.87,0.33,163.5,0.01,0.01,2318.488761,1776359508000
1776359512.737,112.737,0.69,144.0,0.68,158.62,0.7,43.53,0.71,95.5,0.31,1.11,0.3,25.76,0.32,51.12,0.33,163.5,0.01,0.01,2318.709352,1776359511000
1776359513.819,113.819,0.69,117.0,0.68,155.5,0.7,43.53,0.71,95.5,0.3,43.53,0.29,95.5,0.31,144.0,0.32,158.62,0.01,0.01,2318.746031,1776359512000
1776359517.469,117.469,0.7,59.2,0.69,69.5,0.71,64.0,0.72,15.5,0.3,43.53,0.29,95.5,0.31,117.0,0.32,155.5,0.01,0.01,2318.74765,1776359516000
1776359517.928,117.928,0.7,100.0,0.69,39.5,0.71,4.5,0.73,5.0,0.29,64.0,0.28,15.5,0.3,59.2,0.31,69.5,0.01,0.01,2318.74765,1776359516000
1776359518.216,118.216,0.72,94.0,0.71,192.5,0.74,20.0,0.75,5.0,0.27,3.63,0.26,20.0,0.28,10.0,0.29,92.5,0.02,0.01,2318.792155,1776359517000
1776359518.438,118.438,0.73,77.0,0.72,67.0,0.74,8.64,0.75,15.0,0.26,20.0,0.25,5.0,0.28,94.0,0.29,192.5,0.01,0.02,2318.792155,1776359517000
1776359519.099,119.099,0.73,74.0,0.72,57.0,0.74,35.24,0.75,15.0,0.26,8.64,0.25,15.0,0.27,77.0,0.28,67.0,0.01,0.01,2318.792155,1776359517000
1776359519.399,119.399,0.73,67.0,0.72,57.0,0.74,31.29,0.75,15.0,0.26,35.24,0.25,15.0,0.27,69.0,0.28,57.0,0.01,0.01,2318.838065,1776359518000
1776359521.109,121.109,0.7,30.0,0.68,15.5,0.71,48.5,0.72,95.5,0.26,31.29,0.25,15.0,0.27,67.0,0.28,57.0,0.01,0.01,2318.963663,1776359520000
1776359521.371,121.371,0.7,35.0,0.68,15.5,0.71,46.89,0.72,95.5,0.29,48.5,0.28,95.5,0.3,30.0,0.32,15.5,0.01,0.01,2318.963663,1776359520000
1776359522.269,122.269,0.71,7.0,0.7,49.0,0.72,93.5,0.73,31.5,0.29,46.89,0.28,95.5,0.3,35.0,0.32,15.5,0.01,0.01,2318.958499,1776359521000
1776359523.639,123.639,0.7,49.22,0.67,50.5,0.71,61.5,0.72,118.5,0.28,93.5,0.27,31.5,0.29,7.0,0.3,49.0,0.01,0.01,2318.830808,1776359522000
1776359523.842,123.842,0.7,45.22,0.67,50.5,0.71,61.5,0.72,118.5,0.29,61.5,0.28,118.5,0.3,49.22,0.33,50.5,0.01,0.01,2318.830808,1776359522000
1776359524.599,124.599,0.7,69.88,0.68,30.5,0.71,50.5,0.72,93.5,0.29,61.5,0.28,118.5,0.3,39.22,0.33,50.5,0.01,0.01,2318.826186,1776359523000
1776359526.094,126.094,0.7,33.22,0.67,50.5,0.71,50.5,0.72,118.5,0.29,50.5,0.28,93.5,0.3,69.88,0.32,30.5,0.01,0.01,2318.74096,1776359524000
1776359526.658,126.658,0.7,29.88,0.69,16.1,0.71,50.5,0.72,118.5,0.29,50.5,0.28,118.5,0.3,33.22,0.33,50.5,0.01,0.01,2318.720845,1776359525000
1776359527.183,127.183,0.7,29.88,0.69,16.1,0.71,46.27,0.72,163.5,0.29,50.5,0.28,118.5,0.3,29.88,0.31,16.1,0.01,0.01,2318.714969,1776359526000
1776359527.694,127.694,0.7,40.54,0.67,50.5,0.71,46.27,0.72,163.5,0.29,46.27,0.28,163.5,0.3,29.88,0.31,16.1,0.01,0.01,2318.714969,1776359526000
1776359529.11,129.11,0.7,26.54,0.67,50.5,0.71,43.45,0.72,188.5,0.29,46.27,0.28,163.5,0.3,40.54,0.33,50.5,0.01,0.01,2318.647294,1776359527000
1776359536.042,136.042,0.67,47.31,0.66,95.5,0.68,142.05,0.69,26.5,0.29,43.45,0.28,188.5,0.3,26.54,0.33,50.5,0.01,0.01,2318.590685,1776359534000
1776359536.326,136.326,0.67,43.43,0.66,105.5,0.68,97.05,0.69,26.5,0.32,142.05,0.31,26.5,0.33,47.31,0.34,95.5,0.01,0.01,2318.548043,1776359535000
1776359536.637,136.637,0.67,39.67,0.66,105.5,0.68,89.69,0.69,26.5,0.32,89.69,0.31,26.5,0.33,43.43,0.34,105.5,0.01,0.01,2318.548043,1776359535000
1776359537.009,137.009,0.67,100.41,0.66,75.5,0.72,3.0,0.73,86.0,0.32,89.69,0.31,26.5,0.33,39.67,0.34,105.5,0.05,0.01,2318.548043,1776359535000
1776359537.223,137.223,0.72,10.0,0.71,53.2,0.73,64.76,0.74,15.0,0.28,3.0,0.27,86.0,0.33,100.41,0.34,75.5,0.01,0.05,2318.548043,1776359535000
1776359537.541,137.541,0.72,67.5,0.71,134.45,0.73,60.81,0.75,15.5,0.27,64.76,0.26,15.0,0.28,10.0,0.29,53.2,0.01,0.01,2318.548043,1776359535000
1776359539.854,139.854,0.75,4.6,0.74,10.0,0.76,135.0,0.77,23.48,0.27,0.18,0.25,15.5,0.28,57.5,0.29,134.45,0.01,0.01,2318.759536,1776359538000
1776359540.401,140.401,0.75,20.6,0.74,10.0,0.76,110.0,0.77,33.48,0.24,135.0,0.23,23.48,0.25,4.6,0.26,10.0,0.01,0.01,2319.06,1776359539000
1776359540.756,140.756,0.75,96.3,0.74,50.0,0.76,2.71,0.77,12.98,0.24,110.0,0.23,33.48,0.25,20.6,0.26,10.0,0.01,0.01,2319.06,1776359539000
1776359541.127,141.127,0.8,80.0,0.79,35.0,0.81,68.76,0.82,70.0,0.19,93.4,0.18,70.0,0.2,5.0,0.21,17.0,0.01,0.01,2319.06,1776359539000
1776359542.042,142.042,0.79,18.0,0.78,10.0,0.8,38.12,0.81,109.26,0.19,68.76,0.18,70.0,0.2,80.0,0.21,35.0,0.01,0.01,2319.086779,1776359540000
1776359543.623,143.623,0.74,27.05,0.73,10.0,0.75,15.0,0.76,15.0,0.2,31.14,0.19,109.26,0.21,18.0,0.22,10.0,0.01,0.01,2319.45961,1776359542000
1776359544.123,144.123,0.74,32.05,0.73,20.0,0.75,13.5,0.76,28.83,0.24,18.83,0.23,42.5,0.26,32.05,0.27,10.0,0.01,0.02,2319.45961,1776359542000
1776359546.475,146.475,0.75,5.0,0.74,27.05,0.76,83.17,0.77,42.5,0.25,13.5,0.24,28.83,0.26,32.05,0.27,20.0,0.01,0.01,2319.381634,1776359543000
1776359547.611,147.611,0.75,20.0,0.74,27.05,0.76,13.0,0.77,110.5,0.24,83.17,0.23,42.5,0.25,5.0,0.26,27.05,0.01,0.01,2319.131162,1776359546000
1776359548.13,148.13,0.75,20.0,0.74,27.05,0.76,9.18,0.77,110.5,0.24,13.0,0.23,110.5,0.25,20.0,0.26,27.05,0.01,0.01,2319.131162,1776359546000
1776359549.011,149.011,0.76,24.0,0.75,70.25,0.77,106.94,0.78,27.5,0.24,9.18,0.23,110.5,0.25,20.0,0.26,27.05,0.01,0.01,2319.085006,1776359547000
1776359549.774,149.774,0.76,27.15,0.75,35.5,0.77,106.94,0.78,27.5,0.23,106.94,0.22,27.5,0.24,24.0,0.25,70.25,0.01,0.01,2319.072546,1776359548000
1776359550.667,150.667,0.79,73.5,0.78,41.5,0.81,74.54,0.82,10.0,0.23,106.94,0.22,27.5,0.24,27.15,0.25,35.5,0.02,0.01,2319.072546,1776359548000
1776359552.066,152.066,0.8,111.5,0.79,41.5,0.81,72.29,0.82,15.5,0.19,74.54,0.18,10.0,0.21,73.5,0.22,41.5,0.01,0.02,2319.165266,1776359550000
1776359552.962,152.962,0.8,89.5,0.79,35.5,0.81,17.29,0.82,15.5,0.19,72.29,0.18,15.5,0.2,111.5,0.21,41.5,0.01,0.01,2319.277728,1776359551000
1776359553.287,153.287,0.81,30.0,0.8,10.0,0.82,46.54,0.83,35.5,0.18,15.5,0.17,35.5,0.19,33.29,0.2,79.0,0.01,0.01,2319.335655,1776359552000
1776359553.584,153.584,0.81,107.11,0.8,25.5,0.82,7.08,0.83,35.5,0.18,26.04,0.17,35.5,0.19,29.47,0.2,25.5,0.01,0.01,2319.335655,1776359552000
1776359553.907,153.907,0.81,104.64,0.8,25.5,0.82,3.12,0.83,35.5,0.18,7.08,0.17,35.5,0.19,107.11,0.2,25.5,0.01,0.01,2319.335655,1776359552000
1776359554.223,154.223,0.81,109.64,0.8,25.5,0.82,4.16,0.83,45.5,0.18,3.12,0.17,35.5,0.19,104.64,0.2,25.5,0.01,0.01,2319.416934,1776359553000
1776359554.543,154.543,0.81,102.64,0.8,25.5,0.82,2.36,0.83,45.5,0.18,6.32,0.17,45.5,0.19,102.64,0.2,25.5,0.01,0.01,2319.416934,1776359553000
1776359554.82,154.82,0.81,119.64,0.8,25.5,0.82,4.59,0.83,45.5,0.18,2.36,0.17,45.5,0.19,102.64,0.2,25.5,0.01,0.01,2319.416934,1776359553000
1776359555.184,155.184,0.81,109.64,0.8,25.5,0.83,21.09,0.84,130.5,0.17,37.66,0.16,120.5,0.19,109.64,0.2,25.5,0.02,0.02,2319.416934,1776359553000
1776359555.469,155.469,0.82,35.0,0.81,82.64,0.83,16.09,0.84,130.5,0.17,21.09,0.16,130.5,0.19,109.64,0.2,25.5,0.01,0.02,2319.48942,1776359554000
1776359555.753,155.753,0.82,20.0,0.81,82.64,0.83,17.03,0.84,130.5,0.17,18.24,0.16,130.5,0.18,25.0,0.19,93.14,0.01,0.01,2319.48942,1776359554000
1776359556.099,156.099,0.82,20.0,0.81,93.14,0.83,9.21,0.84,130.5,0.17,13.12,0.16,130.5,0.18,20.0,0.19,82.64,0.01,0.01,2319.48942,1776359554000
1776359556.42,156.42,0.82,42.0,0.81,93.14,0.83,0.25,0.84,130.5,0.17,9.21,0.16,130.5,0.18,20.0,0.19,93.14,0.01,0.01,2319.491747,1776359555000
1776359556.733,156.733,0.8,8.88,0.79,15.0,0.81,44.45,0.82,33.5,0.17,0.25,0.16,130.5,0.18,42.0,0.19,93.14,0.01,0.01,2319.491747,1776359555000
1776359556.998,156.998,0.8,11.3,0.79,15.0,0.81,65.45,0.82,33.5,0.19,40.5,0.18,33.5,0.2,11.3,0.21,15.0,0.01,0.01,2319.491747,1776359555000
1776359557.518,157.518,0.8,59.3,0.79,15.0,0.81,3.53,0.82,33.5,0.19,65.45,0.18,33.5,0.2,11.3,0.21,15.0,0.01,0.01,2319.484961,1776359556000
1776359557.941,157.941,0.8,29.3,0.79,15.0,0.81,21.03,0.82,33.5,0.19,3.53,0.18,33.5,0.2,59.3,0.21,15.0,0.01,0.01,2319.484961,1776359556000
1776359560.529,160.529,0.8,91.3,0.79,25.5,0.81,13.53,0.82,18.0,0.19,21.03,0.18,33.5,0.2,29.3,0.21,15.0,0.01,0.01,2319.345946,1776359559000
1776359565.281,165.281,0.8,156.2,0.79,5.0,0.81,3.53,0.82,18.0,0.19,13.53,0.18,18.0,0.2,91.3,0.21,25.5,0.01,0.01,2319.464907,1776359564000
1776359565.497,165.497,0.8,66.0,0.79,25.0,0.81,34.03,0.82,33.5,0.19,29.03,0.18,23.0,0.2,66.0,0.21,15.0,0.01,0.01,2319.464907,1776359564000
1776359565.945,165.945,0.8,81.0,0.79,25.0,0.81,89.5,0.82,43.5,0.19,34.03,0.18,33.5,0.2,66.0,0.21,25.0,0.01,0.01,2319.464907,1776359564000
1776359566.15,166.15,0.8,93.0,0.79,25.0,0.81,89.5,0.82,43.5,0.19,89.5,0.18,43.5,0.2,81.0,0.21,25.0,0.01,0.01,2319.464907,1776359564000
1776359569.656,169.656,0.83,129.0,0.82,47.0,0.84,55.75,0.86,20.0,0.19,89.5,0.18,43.5,0.2,93.0,0.21,25.0,0.01,0.01,2319.3645,1776359566000
1776359570.581,170.581,0.86,40.0,0.85,10.0,0.87,10.0,0.88,10.0,0.16,55.75,0.14,20.0,0.17,101.5,0.18,91.88,0.01,0.01,2319.3645,1776359566000
1776359570.875,170.875,0.86,30.0,0.85,60.19,0.91,70.0,0.92,100.9,0.12,3.61,0.11,10.0,0.15,60.19,0.16,32.0,0.05,0.03,2319.3645,1776359566000
1776359571.303,171.303,0.87,10.0,0.86,30.0,0.88,4.16,0.9,10.0,0.13,2.3,0.11,10.0,0.14,30.0,0.15,60.19,0.01,0.01,2319.3645,1776359566000
1776359571.539,171.539,0.89,10.0,0.88,10.0,0.9,32.9,0.91,10.0,0.08,95.27,0.07,84.3,0.11,10.0,0.12,20.0,0.01,0.03,2319.3645,1776359566000
1776359572.249,172.249,0.88,10.0,0.87,35.0,0.9,29.33,0.91,10.0,0.1,29.33,0.09,10.0,0.11,10.0,0.12,10.0,0.02,0.01,2319.3645,1776359566000
1776359572.457,172.457,0.88,15.0,0.87,40.0,0.89,10.93,0.91,10.0,0.1,29.33,0.09,10.0,0.12,10.0,0.13,35.0,0.01,0.02,2319.3645,1776359566000
1776359573.287,173.287,0.89,9.07,0.88,161.5,0.91,10.0,0.92,95.27,0.11,10.93,0.09,10.0,0.12,15.0,0.13,40.0,0.02,0.01,2319.3645,1776359566000
1776359574.241,174.241,0.89,169.9,0.88,139.5,0.9,6.0,0.91,10.0,0.09,10.0,0.08,95.27,0.11,9.07,0.12,161.5,0.01,0.02,2319.3645,1776359566000
1776359574.822,174.822,0.89,211.3,0.88,177.5,0.9,4.67,0.92,90.27,0.1,4.67,0.09,10.0,0.11,169.9,0.12,139.5,0.01,0.01,2320.1206,1776359573000
1776359575.103,175.103,0.89,201.3,0.88,187.5,0.92,87.58,0.93,79.3,0.1,4.67,0.08,90.27,0.11,211.3,0.12,177.5,0.03,0.01,2320.210486,1776359574000
1776359575.462,175.462,0.91,113.88,0.9,135.0,0.92,104.58,0.93,79.3,0.08,104.58,0.07,79.3,0.09,178.88,0.1,185.0,0.01,0.01,2320.210486,1776359574000
1776359575.804,175.804,0.91,102.76,0.9,130.0,0.92,109.58,0.93,79.3,0.08,104.58,0.07,79.3,0.09,113.88,0.1,135.0,0.01,0.01,2320.210486,1776359574000
1776359576.128,176.128,0.91,18.88,0.9,25.0,0.92,103.49,0.93,84.3,0.08,108.49,0.07,79.3,0.09,25.0,0.1,25.0,0.01,0.01,2320.1795,1776359575000
1776359576.423,176.423,0.9,67.5,0.89,36.4,0.91,39.0,0.92,81.49,0.08,98.49,0.07,84.3,0.09,18.88,0.1,25.0,0.01,0.01,2320.1795,1776359575000
1776359576.708,176.708,0.9,100.5,0.89,36.4,0.91,29.0,0.92,81.49,0.09,39.0,0.08,81.49,0.1,67.5,0.11,36.4,0.01,0.01,2320.1795,1776359575000
1776359577.0,177.0,0.9,80.0,0.89,36.4,0.91,29.0,0.92,32.59,0.09,29.0,0.08,81.49,0.1,100.5,0.11,36.4,0.01,0.01,2320.215941,1776359576000
1776359577.303,177.303,0.9,117.5,0.89,36.4,0.91,29.0,0.92,32.59,0.09,29.0,0.08,32.59,0.1,80.0,0.11,36.4,0.01,0.01,2320.215941,1776359576000
1776359577.586,177.586,0.91,45.88,0.9,62.5,0.92,17.93,0.93,70.89,0.08,3.93,0.07,70.89,0.09,5.0,0.1,100.5,0.01,0.01,2320.215941,1776359576000
1776359577.85,177.85,0.91,40.0,0.9,35.0,0.92,7.37,0.93,133.3,0.07,123.3,0.06,114.8,0.09,45.88,0.1,52.0,0.01,0.02,2320.215941,1776359576000
1776359578.093,178.093,0.91,16.65,0.9,35.0,0.92,4.74,0.93,133.3,0.08,4.74,0.07,133.3,0.09,28.88,0.1,35.0,0.01,0.01,2320.22456,1776359577000
1776359578.462,178.462,0.91,69.38,0.9,37.5,0.92,4.74,0.93,128.3,0.08,4.74,0.07,133.3,0.09,5.53,0.1,45.5,0.01,0.01,2320.22456,1776359577000
1776359578.763,178.763,0.91,18.38,0.9,37.5,0.92,4.74,0.93,48.82,0.08,4.74,0.07,128.3,0.09,69.38,0.1,37.5,0.01,0.01,2320.22456,1776359577000
1776359579.043,179.043,0.91,7.26,0.9,37.5,0.92,4.74,0.93,48.82,0.08,4.74,0.07,48.82,0.09,18.38,0.1,37.5,0.01,0.01,2320.281922,1776359578000
1776359580.641,180.641,0.93,20.5,0.92,39.5,0.94,35.68,0.95,133.47,0.08,4.74,0.07,48.82,0.09,7.26,0.1,37.5,0.01,0.01,2320.296812,1776359579000
1776359580.894,180.894,0.93,20.5,0.92,29.5,0.95,125.08,0.96,148.8,0.06,25.04,0.05,133.47,0.07,20.5,0.08,39.5,0.02,0.01,2320.296812,1776359579000
1776359581.124,181.124,0.9,45.4,0.89,131.61,0.95,74.98,0.96,148.8,0.05,74.98,0.04,148.8,0.1,50.5,0.11,131.61,0.05,0.05,2320.44392,1776359580000
1776359581.331,181.331,0.91,40.0,0.9,25.0,0.92,115.0,0.93,19.63,0.07,19.63,0.06,28.0,0.09,17.0,0.1,75.0,0.01,0.02,2320.44392,1776359580000
1776359581.787,181.787,0.92,89.31,0.9,15.0,0.93,4.63,0.94,10.0,0.07,4.63,0.06,10.0,0.1,25.0,0.11,106.32,0.01,0.03,2320.44392,1776359580000
1776359582.121,182.121,0.93,6.45,0.92,89.31,0.94,10.0,0.95,184.98,0.07,3.55,0.06,10.0,0.08,89.31,0.1,10.0,0.01,0.01,2320.370623,1776359581000
1776359582.352,182.352,0.92,86.37,0.9,15.0,0.94,31.55,0.95,284.98,0.06,26.55,0.05,284.98,0.07,15.81,0.08,89.31,0.02,0.01,2320.370623,1776359581000
1776359583.686,183.686,0.89,36.79,0.88,10.0,0.9,78.77,0.91,15.0,0.06,128.35,0.05,284.98,0.07,73.0,0.08,52.37,0.01,0.01,2320.692246,1776359582000
1776359584.52,184.52,0.87,16.0,0.86,45.0,0.88,113.32,0.89,120.5,0.1,67.66,0.09,59.0,0.11,36.79,0.12,10.0,0.01,0.01,2320.474714,1776359583000
1776359585.014,185.014,0.87,6.0,0.86,35.0,0.88,330.5,0.89,162.29,0.12,256.32,0.11,125.5,0.13,16.0,0.14,35.0,0.01,0.01,2320.474714,1776359583000
1776359585.615,185.615,0.87,6.0,0.86,45.0,0.88,363.61,0.89,162.29,0.12,330.5,0.11,162.29,0.13,6.0,0.14,35.0,0.01,0.01,2320.278336,1776359584000
1776359587.558,187.558,0.86,7.71,0.85,10.0,0.88,224.5,0.89,157.29,0.12,363.61,0.11,162.29,0.13,6.0,0.14,45.0,0.02,0.01,2319.595935,1776359586000
1776359588.134,188.134,0.83,95.0,0.82,65.0,0.84,34.3,0.85,35.5,0.12,224.5,0.11,157.29,0.14,7.71,0.15,10.0,0.01,0.02,2319.595935,1776359586000
1776359589.43,189.43,0.75,30.0,0.74,85.0,0.76,40.0,0.77,114.5,0.16,34.3,0.15,35.5,0.17,95.0,0.18,65.0,0.01,0.01,2319.595287,1776359588000
1776359590.553,190.553,0.72,50.0,0.71,20.0,0.76,176.5,0.77,45.5,0.24,40.0,0.23,114.5,0.25,30.0,0.26,85.0,0.04,0.01,2318.915685,1776359589000
1776359591.187,191.187,0.7,3.33,0.69,50.0,0.72,17.85,0.76,181.5,0.24,176.5,0.23,45.5,0.28,50.0,0.29,20.0,0.02,0.04,2318.717681,1776359590000
1776359591.483,191.483,0.71,6.0,0.7,10.33,0.75,2.85,0.76,171.5,0.28,17.85,0.24,181.5,0.3,3.33,0.31,50.0,0.04,0.02,2318.717681,1776359590000
1776359591.704,191.704,0.69,15.0,0.68,60.0,0.71,5.0,0.72,84.0,0.28,70.0,0.24,62.35,0.3,4.46,0.31,10.0,0.02,0.02,2318.717681,1776359590000
1776359592.015,192.015,0.67,55.0,0.66,120.0,0.71,29.0,0.72,95.0,0.29,5.0,0.28,84.0,0.31,15.0,0.32,60.0,0.04,0.02,2318.717681,1776359590000
1776359592.389,192.389,0.69,3.42,0.67,158.0,0.71,10.0,0.73,10.0,0.29,29.0,0.28,95.0,0.33,55.0,0.34,120.0,0.02,0.04,2318.547889,1776359591000
1776359592.591,192.591,0.71,50.0,0.7,75.0,0.77,8.01,0.79,5.0,0.23,8.11,0.21,5.0,0.3,75.0,0.31,3.42,0.06,0.07,2318.547889,1776359591000
1776359593.456,193.456,0.73,4.87,0.72,10.0,0.76,156.0,0.77,86.01,0.23,36.01,0.21,15.0,0.24,50.0,0.25,6.66,0.03,0.01,2318.482295,1776359592000
1776359593.671,193.671,0.72,10.0,0.71,16.0,0.73,4.34,0.74,57.5,0.26,87.5,0.25,20.5,0.28,10.0,0.29,16.0,0.01,0.02,2318.482295,1776359592000
1776359593.883,193.883,0.72,15.0,0.71,114.4,0.73,31.67,0.74,39.8,0.26,39.8,0.25,20.5,0.27,5.0,0.28,15.0,0.01,0.01,2318.482295,1776359592000
1776359594.744,194.744,0.71,115.01,0.7,55.5,0.73,38.83,0.74,44.8,0.27,52.5,0.26,39.8,0.28,15.0,0.29,114.4,0.02,0.01,2318.77629,1776359593000
1776359594.975,194.975,0.72,10.0,0.71,115.01,0.73,35.37,0.74,39.8,0.27,37.46,0.26,44.8,0.28,10.0,0.29,115.01,0.01,0.01,2318.628937,1776359594000
1776359595.872,195.872,0.72,128.32,0.71,21.61,0.73,48.0,0.74,44.8,0.27,34.0,0.26,44.8,0.28,10.0,0.29,115.01,0.01,0.01,2318.628937,1776359594000
1776359596.923,196.923,0.72,11.42,0.71,10.19,0.73,52.5,0.74,39.8,0.27,48.0,0.26,44.8,0.28,128.32,0.29,21.61,0.01,0.01,2318.516962,1776359595000
1776359597.801,197.801,0.71,11.55,0.7,45.0,0.72,56.0,0.73,80.0,0.27,52.5,0.26,39.8,0.28,11.42,0.29,10.19,0.01,0.01,2318.444534,1776359596000
1776359598.117,198.117,0.71,11.55,0.7,45.0,0.72,44.61,0.73,85.0,0.28,56.0,0.27,80.0,0.29,11.55,0.3,45.0,0.01,0.01,2318.444534,1776359597000
1776359598.871,198.871,0.71,46.98,0.7,45.0,0.72,95.11,0.73,95.5,0.28,89.11,0.27,95.5,0.29,5.55,0.3,45.0,0.01,0.01,2318.444534,1776359597000
1776359602.628,202.628,0.68,25.0,0.67,45.0,0.7,22.32,0.71,63.5,0.28,95.11,0.27,95.5,0.29,46.98,0.3,45.0,0.02,0.01,2318.338011,1776359601000
1776359603.936,203.936,0.68,21.87,0.67,45.0,0.69,5.0,0.7,10.5,0.3,22.32,0.29,63.5,0.32,25.0,0.33,45.0,0.01,0.02,2318.276407,1776359602000
1776359604.206,204.206,0.68,78.74,0.67,45.0,0.69,15.0,0.7,10.5,0.31,5.0,0.3,10.5,0.32,21.87,0.33,45.0,0.01,0.01,2318.272621,1776359603000
1776359604.682,204.682,0.68,15.87,0.67,45.0,0.69,87.5,0.7,45.5,0.31,15.0,0.3,10.5,0.32,78.74,0.33,45.0,0.01,0.01,2318.272621,1776359603000
1776359604.915,204.915,0.68,12.12,0.67,45.0,0.69,69.5,0.7,45.5,0.31,87.5,0.3,45.5,0.32,15.87,0.33,45.0,0.01,0.01,2318.272621,1776359603000
1776359605.329,205.329,0.68,8.99,0.67,35.0,0.69,92.5,0.7,45.5,0.31,69.5,0.3,45.5,0.32,12.12,0.33,45.0,0.01,0.01,2318.272621,1776359603000
1776359605.879,205.879,0.67,50.0,0.66,140.5,0.69,92.5,0.7,132.6,0.31,92.5,0.3,45.5,0.32,8.99,0.33,35.0,0.02,0.01,2318.165389,1776359604000
1776359606.213,206.213,0.67,50.0,0.66,140.5,0.68,20.63,0.69,10.0,0.28,69.86,0.27,88.8,0.33,50.0,0.34,140.5,0.01,0.05,2318.165389,1776359604000
1776359608.017,208.017,0.71,3.59,0.69,6.0,0.73,10.0,0.74,55.0,0.32,20.63,0.31,10.0,0.33,50.0,0.34,140.5,0.02,0.01,2318.054174,1776359606000
1776359610.531,210.531,0.67,6.36,0.66,10.0,0.68,35.0,0.69,6.0,0.27,10.0,0.26,55.0,0.29,3.59,0.31,6.0,0.01,0.02,2318.50324,1776359609000
1776359611.015,211.015,0.67,30.36,0.66,10.0,0.68,39.0,0.69,6.0,0.32,35.0,0.31,6.0,0.33,6.36,0.34,10.0,0.01,0.01,2318.450838,1776359610000
1776359612.762,212.762,0.67,113.36,0.66,30.5,0.68,9.0,0.72,6.0,0.32,37.52,0.31,6.0,0.33,24.36,0.34,10.0,0.01,0.01,2318.321059,1776359611000
1776359614.12,214.12,0.7,81.0,0.69,10.0,0.71,10.0,0.72,10.0,0.32,3.92,0.28,6.0,0.33,113.36,0.34,30.5,0.01,0.01,2318.204375,1776359612000
1776359614.876,214.876,0.72,82.97,0.71,19.0,0.73,20.0,0.74,75.0,0.29,10.0,0.28,10.0,0.3,81.0,0.31,10.0,0.01,0.01,2318.202605,1776359613000
1776359617.803,217.803,0.72,10.5,0.71,42.0,0.74,103.7,0.75,29.2,0.27,20.0,0.26,75.0,0.28,82.97,0.29,19.0,0.02,0.01,2318.399936,1776359616000
1776359619.443,219.443,0.69,5.0,0.68,35.0,0.71,3.59,0.72,7.26,0.26,103.7,0.25,29.2,0.3,25.0,0.32,35.0,0.02,0.04,2318.438703,1776359618000
1776359619.914,219.914,0.68,35.0,0.67,60.0,0.71,14.0,0.74,112.7,0.28,0.85,0.26,122.7,0.31,5.0,0.32,35.0,0.03,0.03,2318.438703,1776359618000
1776359620.156,220.156,0.68,25.0,0.67,65.0,0.73,6.23,0.74,138.7,0.29,14.0,0.26,112.7,0.32,35.0,0.33,60.0,0.05,0.03,2318.438703,1776359618000
1776359620.387,220.387,0.68,35.0,0.67,75.0,0.71,10.0,0.72,10.0,0.27,6.23,0.26,108.7,0.32,25.0,0.33,65.0,0.03,0.05,2318.438703,1776359618000
1776359621.315,221.315,0.62,102.36,0.61,125.0,0.65,10.0,0.66,215.0,0.29,10.0,0.28,10.0,0.32,35.0,0.33,75.0,0.03,0.03,2318.220362,1776359620000
1776359621.534,221.534,0.55,266.26,0.54,14.5,0.59,12.2,0.6,12.5,0.41,12.2,0.36,10.0,0.45,273.49,0.46,14.5,0.04,0.04,2318.220362,1776359620000
1776359621.743,221.743,0.55,23.43,0.52,110.0,0.56,344.12,0.57,40.0,0.41,24.4,0.4,12.5,0.45,263.93,0.46,14.5,0.01,0.04,2318.220362,1776359620000
1776359622.023,222.023,0.5,39.79,0.49,106.0,0.51,133.95,0.52,40.0,0.49,119.95,0.48,15.0,0.5,41.0,0.51,106.0,0.01,0.01,2318.220362,1776359620000
1776359622.317,222.317,0.48,73.0,0.46,20.0,0.5,99.0,0.51,131.0,0.49,133.95,0.48,40.0,0.51,106.0,0.52,100.0,0.02,0.02,2318.135917,1776359621000
1776359622.692,222.692,0.44,19.6,0.43,14.7,0.47,88.0,0.48,10.0,0.5,113.0,0.49,131.0,0.54,20.0,0.56,24.6,0.03,0.04,2318.135917,1776359621000
1776359622.908,222.908,0.44,19.6,0.43,14.7,0.45,11.5,0.46,10.0,0.53,88.0,0.52,10.0,0.56,19.6,0.57,14.7,0.01,0.03,2318.135917,1776359621000
1776359623.108,223.108,0.42,68.8,0.41,64.9,0.43,15.0,0.44,15.0,0.55,21.5,0.54,10.0,0.58,74.8,0.59,59.9,0.01,0.03,2318.135917,1776359621000
1776359623.498,223.498,0.42,75.74,0.41,64.9,0.43,12.58,0.44,15.0,0.57,12.58,0.56,15.0,0.58,68.8,0.59,64.9,0.01,0.01,2317.663036,1776359622000
1776359624.073,224.073,0.41,64.9,0.4,45.0,0.43,34.58,0.44,15.0,0.57,12.58,0.56,15.0,0.58,70.74,0.59,64.9,0.02,0.01,2317.663036,1776359622000
1776359624.275,224.275,0.41,58.73,0.4,40.0,0.42,15.0,0.43,34.58,0.57,34.58,0.56,15.0,0.59,64.9,0.6,45.0,0.01,0.02,2316.928044,1776359623000
1776359624.548,224.548,0.41,13.73,0.4,25.0,0.42,22.52,0.43,34.58,0.58,15.0,0.57,34.58,0.59,58.73,0.6,40.0,0.01,0.01,2316.928044,1776359623000
1776359624.832,224.832,0.4,15.0,0.39,15.1,0.41,12.51,0.42,70.03,0.58,37.52,0.57,34.58,0.59,7.69,0.6,15.0,0.01,0.01,2316.928044,1776359623000
1776359625.19,225.19,0.38,10.0,0.37,75.0,0.41,58.51,0.42,73.27,0.59,48.51,0.58,56.03,0.6,25.0,0.61,15.1,0.03,0.01,2316.928044,1776359623000
1776359625.527,225.527,0.38,5.0,0.37,75.0,0.39,20.0,0.4,15.0,0.59,58.51,0.58,73.27,0.62,10.0,0.63,75.0,0.01,0.03,2316.791082,1776359624000
1776359625.855,225.855,0.37,35.0,0.36,50.0,0.38,4.78,0.39,25.0,0.61,15.0,0.6,15.0,0.62,5.0,0.63,25.0,0.01,0.01,2316.791082,1776359624000
1776359626.137,226.137,0.37,10.0,0.36,10.0,0.38,14.0,0.39,5.0,0.62,19.0,0.61,5.0,0.63,13.71,0.66,25.0,0.01,0.01,2316.730558,1776359625000
1776359626.508,226.508,0.34,5.0,0.33,50.0,0.35,7.85,0.36,10.0,0.63,10.0,0.62,14.0,0.64,1.92,0.66,25.0,0.01,0.01,2316.730558,1776359625000
1776359626.845,226.845,0.34,5.0,0.32,50.0,0.37,12.85,0.38,10.88,0.65,7.85,0.64,10.0,0.66,5.0,0.67,50.0,0.03,0.01,2316.730558,1776359625000
1776359627.088,227.088,0.32,55.0,0.31,133.0,0.33,10.0,0.34,15.0,0.63,12.85,0.62,10.88,0.68,50.0,0.69,133.0,0.01,0.05,2316.717094,1776359626000
1776359627.453,227.453,0.34,145.93,0.33,15.0,0.35,6.73,0.36,10.0,0.66,13.58,0.65,10.0,0.68,55.0,0.69,143.0,0.01,0.02,2316.717094,1776359626000
1776359627.706,227.706,0.34,139.49,0.33,10.0,0.35,3.87,0.36,10.0,0.65,3.87,0.64,10.0,0.66,140.93,0.67,15.0,0.01,0.01,2316.717094,1776359626000
1776359628.079,228.079,0.34,125.32,0.32,60.0,0.35,3.87,0.36,10.0,0.65,3.87,0.64,10.0,0.66,126.83,0.68,60.0,0.01,0.01,2316.668522,1776359627000
1776359628.507,228.507,0.34,167.97,0.33,10.0,0.35,5.0,0.36,8.2,0.64,8.2,0.63,7.85,0.66,107.47,0.68,60.0,0.01,0.02,2316.668522,1776359627000
1776359629.405,229.405,0.37,86.0,0.36,145.0,0.38,5.88,0.42,42.75,0.65,5.0,0.64,8.2,0.66,167.97,0.67,10.0,0.01,0.01,2316.695134,1776359628000
1776359630.331,230.331,0.39,71.63,0.37,35.0,0.42,32.75,0.43,10.0,0.58,42.75,0.57,10.0,0.61,6.94,0.63,91.0,0.03,0.03,2316.707398,1776359629000
1776359630.632,230.632,0.41,63.3,0.39,151.0,0.44,45.0,0.45,6.2,0.58,16.46,0.57,10.0,0.59,126.3,0.6,5.0,0.03,0.01,2316.707398,1776359629000
1776359631.951,231.951,0.45,15.0,0.44,15.0,0.46,13.52,0.48,69.24,0.56,45.0,0.55,6.2,0.59,63.3,0.61,151.0,0.01,0.03,2316.9254,1776359630000
1776359632.473,232.473,0.48,108.0,0.47,141.5,0.51,40.42,0.52,30.84,0.54,8.52,0.52,69.24,0.55,70.0,0.56,15.0,0.03,0.01,2317.099308,1776359631000
1776359633.008,233.008,0.5,75.5,0.49,116.5,0.51,27.33,0.52,30.84,0.49,40.42,0.48,30.84,0.52,108.0,0.53,141.5,0.01,0.03,2317.099308,1776359631000
1776359633.506,233.506,0.51,51.82,0.5,35.5,0.52,10.0,0.53,10.64,0.49,5.21,0.48,10.0,0.5,75.5,0.51,126.5,0.01,0.01,2317.100402,1776359632000
1776359634.038,234.038,0.5,12.29,0.49,71.5,0.52,20.32,0.53,10.64,0.48,10.0,0.47,10.64,0.49,51.82,0.5,35.5,0.02,0.01,2317.100402,1776359632000
1776359636.136,236.136,0.51,40.5,0.5,17.29,0.52,13.39,0.53,10.64,0.48,20.32,0.47,10.64,0.5,12.29,0.51,71.5,0.01,0.02,2317.172199,1776359633000
1776359636.54,236.54,0.51,30.29,0.5,12.29,0.52,58.39,0.53,10.64,0.48,13.39,0.47,10.64,0.49,40.5,0.5,17.29,0.01,0.01,2317.335731,1776359635000
1776359637.183,237.183,0.51,25.08,0.5,56.29,0.52,56.46,0.54,31.37,0.48,58.39,0.46,10.87,0.49,20.08,0.5,12.29,0.01,0.01,2317.3476,1776359636000
1776359637.519,237.519,0.5,10.5,0.49,35.5,0.51,55.0,0.52,32.95,0.48,91.73,0.47,20.5,0.49,10.0,0.5,20.5,0.01,0.01,2317.3476,1776359636000
1776359637.78,237.78,0.49,25.55,0.48,25.5,0.5,55.0,0.51,54.7,0.49,74.2,0.48,32.95,0.51,30.55,0.52,25.5,0.01,0.02,2317.3476,1776359636000
1776359638.462,238.462,0.49,109.51,0.48,35.5,0.5,38.1,0.51,20.0,0.5,48.1,0.49,25.0,0.51,35.55,0.52,25.5,0.01,0.01,2317.37842,1776359637000
1776359638.761,238.761,0.54,52.5,0.53,46.49,0.55,29.33,0.56,11.37,0.5,38.1,0.49,20.0,0.51,109.51,0.52,35.5,0.01,0.01,2317.37842,1776359637000
1776359640.206,240.206,0.54,52.5,0.53,31.49,0.56,18.56,0.57,70.5,0.45,27.16,0.43,70.5,0.46,52.5,0.47,36.49,0.02,0.01,2317.379685,1776359638000
1776359640.69,240.69,0.52,10.0,0.49,85.93,0.53,90.42,0.54,20.0,0.44,18.56,0.43,70.5,0.46,52.5,0.47,31.49,0.01,0.02,2317.428975,1776359639000
1776359640.913,240.913,0.49,74.93,0.47,5.0,0.5,65.0,0.51,25.0,0.47,95.42,0.46,20.0,0.51,79.93,0.52,15.42,0.01,0.04,2317.428975,1776359639000
1776359641.209,241.209,0.49,69.93,0.45,68.0,0.5,99.2,0.51,15.0,0.5,65.0,0.49,25.0,0.51,74.93,0.53,5.0,0.01,0.01,2317.46583,1776359640000
1776359641.409,241.409,0.49,36.97,0.45,25.0,0.5,65.6,0.51,65.0,0.5,65.6,0.49,65.0,0.51,36.97,0.55,25.0,0.01,0.01,2317.46583,1776359640000
1776359641.741,241.741,0.43,3.24,0.42,5.0,0.44,75.0,0.45,15.0,0.5,65.6,0.49,65.0,0.56,46.0,0.59,70.0,0.01,0.06,2317.46583,1776359640000
1776359642.191,242.191,0.43,31.48,0.42,5.0,0.44,35.0,0.45,15.0,0.56,75.0,0.55,15.0,0.57,3.24,0.58,5.0,0.01,0.01,2317.46583,1776359640000
1776359643.989,243.989,0.41,200.0,0.4,40.0,0.42,5.0,0.43,5.0,0.56,35.0,0.55,15.0,0.57,31.48,0.58,5.0,0.01,0.01,2317.176778,1776359642000
1776359644.558,244.558,0.45,55.0,0.44,40.0,0.49,7.95,0.5,25.0,0.57,2.61,0.56,10.0,0.59,256.0,0.6,40.0,0.04,0.02,2317.013586,1776359643000
1776359644.865,244.865,0.47,37.58,0.46,35.87,0.48,25.0,0.49,7.95,0.51,7.95,0.5,25.0,0.55,55.0,0.56,40.0,0.01,0.04,2317.013586,1776359643000
1776359645.207,245.207,0.47,20.66,0.46,35.87,0.48,12.49,0.49,7.95,0.52,14.58,0.51,7.95,0.53,25.66,0.54,40.87,0.01,0.01,2317.013586,1776359643000
1776359645.727,245.727,0.48,13.5,0.47,5.66,0.49,10.0,0.5,20.0,0.52,10.0,0.51,7.95,0.53,25.66,0.54,25.0,0.01,0.01,2316.971469,1776359644000
1776359646.007,246.007,0.48,3.5,0.47,5.66,0.49,66.0,0.5,30.0,0.51,10.0,0.5,20.0,0.52,13.5,0.53,5.66,0.01,0.01,2316.971469,1776359644000
1776359647.608,247.608,0.47,5.66,0.46,10.0,0.48,37.77,0.49,10.0,0.51,50.0,0.5,20.0,0.53,5.66,0.54,15.0,0.01,0.02,2317.177087,1776359646000
1776359647.916,247.916,0.41,35.0,0.4,50.0,0.42,63.14,0.43,15.0,0.52,37.77,0.51,10.0,0.53,5.66,0.54,10.0,0.01,0.01,2317.177087,1776359646000
1776359648.49,248.49,0.41,55.0,0.4,55.0,0.42,18.09,0.43,15.0,0.58,63.14,0.57,15.0,0.59,35.0,0.6,50.0,0.01,0.01,2317.127866,1776359647000
1776359650.423,250.423,0.47,6.54,0.46,20.0,0.49,40.0,0.5,10.0,0.58,18.09,0.57,15.0,0.59,55.0,0.6,55.0,0.02,0.01,2317.18584,1776359648000
1776359650.846,250.846,0.5,10.0,0.49,10.0,0.52,39.65,0.53,70.64,0.51,40.0,0.5,10.0,0.53,6.54,0.54,20.0,0.02,0.02,2316.979278,1776359649000
1776359651.783,251.783,0.4,10.0,0.39,10.0,0.42,30.76,0.45,100.0,0.48,29.65,0.47,70.64,0.51,1.13,0.52,10.0,0.02,0.03,2316.96159,1776359650000
1776359654.55,254.55,0.15,5.0,0.14,45.0,0.2,16.21,0.21,15.0,0.61,6.25,0.59,59.64,0.62,75.0,0.63,110.0,0.05,0.01,2316.54909,1776359653000
1776359654.767,254.767,0.13,0.5,0.12,75.0,0.16,25.0,0.17,10.0,0.8,16.21,0.79,15.0,0.85,5.0,0.86,45.0,0.03,0.05,2316.54909,1776359653000
1776359655.036,255.036,0.11,9.85,0.1,271.0,0.13,25.0,0.14,15.0,0.86,10.0,0.85,19.0,0.88,4.35,0.89,131.0,0.02,0.02,2316.54909,1776359653000
1776359655.28,255.28,0.11,5.32,0.1,140.0,0.12,35.0,0.13,15.0,0.87,25.0,0.86,15.0,0.89,9.85,0.9,271.0,0.01,0.02,2316.527058,1776359654000
1776359655.547,255.547,0.1,140.0,0.09,152.0,0.12,10.0,0.13,8.84,0.87,8.84,0.86,15.0,0.88,8.0,0.89,0.32,0.02,0.01,2316.527058,1776359654000
1776359655.863,255.863,0.1,138.21,0.09,152.0,0.11,22.0,0.12,7.08,0.88,7.08,0.87,8.84,0.9,140.0,0.91,152.0,0.01,0.02,2316.527058,1776359654000
1776359656.481,256.481,0.1,57.09,0.09,11.0,0.11,10.0,0.12,7.08,0.89,22.0,0.88,7.08,0.9,138.21,0.91,152.0,0.01,0.01,2316.124486,1776359655000
1776359656.796,256.796,0.1,3.99,0.09,11.0,0.11,4.95,0.12,7.08,0.89,111.0,0.88,7.08,0.9,3.99,0.91,11.0,0.01,0.01,2316.124486,1776359655000
1776359657.007,257.007,0.08,8.55,0.07,14.0,0.1,20.0,0.11,10.0,0.89,4.95,0.88,7.08,0.91,1.74,0.92,12.0,0.02,0.02,2316.124486,1776359655000
1776359657.212,257.212,0.08,7.46,0.07,14.0,0.09,15.0,0.1,20.0,0.9,20.0,0.89,10.0,0.92,8.55,0.93,14.0,0.01,0.02,2316.124486,1776359655000
1776359657.497,257.497,0.08,1.9,0.07,14.0,0.09,15.0,0.1,20.0,0.91,15.0,0.9,20.0,0.92,6.96,0.93,14.0,0.01,0.01,2315.748575,1776359656000
1776359657.741,257.741,0.06,60.09,0.05,45.81,0.09,195.0,0.1,30.0,0.91,45.0,0.9,20.0,0.92,1.4,0.93,14.0,0.03,0.01,2315.748575,1776359656000
1776359658.017,258.017,0.06,7.55,0.05,45.81,0.07,15.0,0.08,10.0,0.91,195.0,0.9,30.0,0.94,12.71,0.95,45.81,0.01,0.03,2315.748575,1776359656000
1776359658.544,258.544,0.06,7.55,0.05,45.81,0.07,2.71,0.08,10.0,0.93,15.0,0.92,10.0,0.94,7.55,0.95,45.81,0.01,0.01,2315.73,1776359657000
1776359658.813,258.813,0.05,40.66,0.04,60.0,0.06,15.0,0.07,10.0,0.94,15.0,0.93,10.0,0.95,43.7,0.96,60.0,0.01,0.01,2315.73,1776359657000
1776359659.027,259.027,0.05,14.68,0.04,60.0,0.06,15.0,0.07,10.0,0.94,15.0,0.93,10.0,0.95,19.83,0.96,60.0,0.01,0.01,2315.73,1776359657000
1776359659.387,259.387,0.05,56.34,0.04,60.0,0.06,0.84,0.07,10.0,0.94,10.84,0.93,10.0,0.95,11.34,0.96,60.0,0.01,0.01,2315.113576,1776359658000
1776359659.6,259.6,0.05,27.17,0.04,55.0,0.06,10.84,0.07,15.0,0.94,10.84,0.93,10.0,0.95,15.28,0.96,55.0,0.01,0.01,2315.113576,1776359658000
1776359659.831,259.831,0.04,55.0,0.03,526.0,0.06,7.0,0.07,25.0,0.94,10.84,0.93,15.0,0.95,27.17,0.96,55.0,0.02,0.01,2315.113576,1776359658000
1776359660.037,260.037,0.04,35.0,0.03,261.0,0.06,12.0,0.07,25.0,0.94,12.0,0.93,25.0,0.96,35.0,0.97,261.0,0.02,0.02,2315.113576,1776359658000
1776359660.42,260.42,0.04,31.87,0.03,261.0,0.05,39.0,0.06,29.32,0.94,4.32,0.93,25.0,0.96,35.0,0.97,261.0,0.01,0.02,2314.612966,1776359659000
1776359660.929,260.929,0.04,15.5,0.03,261.0,0.05,322.94,0.06,77.32,0.95,44.0,0.94,29.32,0.96,20.5,0.97,261.0,0.01,0.01,2314.612966,1776359659000
1776359661.221,261.221,0.03,251.34,0.02,185.0,0.04,150.0,0.05,285.94,0.95,289.94,0.94,77.32,0.97,256.34,0.98,185.0,0.01,0.02,2314.612966,1776359659000
1776359661.488,261.488,0.03,233.05,0.02,185.0,0.04,141.76,0.05,173.94,0.96,141.76,0.95,203.94,0.97,243.26,0.98,185.0,0.01,0.01,2314.748425,1776359660000
1776359661.695,261.695,0.03,203.01,0.02,185.0,0.04,140.2,0.05,173.94,0.96,147.2,0.95,173.94,0.97,203.01,0.98,185.0,0.01,0.01,2314.748425,1776359660000
1776359662.126,262.126,0.03,14.77,0.02,185.0,0.04,135.2,0.05,162.94,0.96,127.2,0.95,162.94,0.97,34.07,0.98,185.0,0.01,0.01,2314.701503,1776359661000
1776359662.449,262.449,0.02,182.95,0.01,2766.31,0.03,6.0,0.04,145.2,0.96,152.2,0.95,272.94,0.98,185.0,0.99,2181.31,0.01,0.02,2314.701503,1776359661000
1776359662.794,262.794,0.02,154.95,0.01,2766.31,0.03,6.0,0.04,135.2,0.97,6.0,0.96,145.2,0.98,176.95,0.99,2766.31,0.01,0.01,2314.701503,1776359661000
1776359663.009,263.009,0.02,94.45,0.01,2766.31,0.03,22.64,0.04,135.2,0.97,15.27,0.96,135.2,0.98,109.45,0.99,2766.31,0.01,0.01,2314.701503,1776359661000
1776359663.311,263.311,0.02,93.42,0.01,2766.31,0.03,22.64,0.04,145.2,0.97,22.64,0.96,135.2,0.98,94.45,0.99,2766.31,0.01,0.01,2314.019,1776359662000
1776359663.693,263.693,0.02,18.82,0.01,2766.31,0.03,31.56,0.04,182.2,0.97,22.64,0.96,182.2,0.98,8.82,0.99,2766.31,0.01,0.01,2314.019,1776359662000
1776359664.01,264.01,0.01,2766.31,,,0.02,14.91,0.03,32.64,0.97,36.91,0.96,177.2,0.98,15.09,0.99,2766.31,0.01,0.01,2314.019,1776359662000
1776359664.354,264.354,0.01,2693.46,,,0.02,9.18,0.03,30.79,0.98,14.91,0.97,30.64,0.99,2698.46,,,0.01,0.01,2313.77525,1776359663000
1776359664.647,264.647,0.01,2646.43,,,0.03,23.04,0.04,230.2,0.97,16.04,0.96,230.2,0.99,2676.43,,,0.02,0.02,2313.77525,1776359663000
1776359664.922,264.922,0.01,2631.52,,,0.03,17.89,0.04,230.2,0.97,23.04,0.96,230.2,0.99,2646.43,,,0.02,0.02,2313.77525,1776359663000
1776359665.396,265.396,0.01,2626.47,,,0.03,150.89,0.04,30.2,0.97,17.89,0.96,230.2,0.99,2631.52,,,0.02,0.02,2313.546433,1776359664000
1776359665.633,265.633,0.01,2594.61,,,0.03,145.89,0.04,30.2,0.97,150.89,0.96,30.2,0.99,2596.47,,,0.02,0.02,2313.546433,1776359664000
1776359666.153,266.153,0.01,2481.46,,,0.03,135.89,0.04,30.2,0.97,140.89,0.96,30.2,0.99,2481.46,,,0.02,0.02,2313.614353,1776359665000
1776359666.704,266.704,0.02,8.97,0.01,2581.46,0.03,145.89,0.04,25.0,0.97,135.89,0.96,30.2,0.99,2481.46,,,0.01,0.02,2313.614353,1776359665000
1776359666.905,266.905,0.01,2581.46,,,0.03,145.89,0.04,25.0,0.97,145.89,0.96,25.0,0.98,2.97,0.99,2581.46,0.02,0.01,2313.614353,1776359665000
1776359667.418,267.418,0.01,2546.44,,,0.02,10.0,0.03,128.89,0.97,145.89,0.96,25.0,0.99,2581.46,,,0.01,0.02,2313.66485,1776359666000
1776359667.874,267.874,0.01,2356.44,,,0.02,204.0,0.03,128.89,0.98,10.0,0.97,128.89,0.99,2546.44,,,0.01,0.01,2313.66485,1776359666000
1776359668.14,268.14,0.01,2326.44,,,0.02,204.0,0.03,128.89,0.98,204.0,0.97,128.89,0.99,2356.44,,,0.01,0.01,2313.62285,1776359667000
1776359668.522,268.522,0.01,2316.44,,,0.02,204.0,0.03,128.89,0.98,204.0,0.97,128.89,0.99,2326.44,,,0.01,0.01,2313.62285,1776359667000
1776359669.34,269.34,0.01,2310.02,,,0.02,210.19,0.03,113.16,0.98,184.0,0.97,128.89,0.99,2315.02,,,0.01,0.01,2313.651263,1776359668000
1776359669.614,269.614,0.01,2310.02,,,0.02,207.07,0.03,107.27,0.98,210.19,0.97,113.16,0.99,2310.02,,,0.01,0.01,2313.651263,1776359668000
1776359669.901,269.901,0.01,2216.23,,,0.02,207.07,0.03,7.27,0.98,207.07,0.97,107.27,0.99,2310.02,,,0.01,0.01,2313.651263,1776359668000
1776359670.291,270.291,0.01,2195.41,,,0.02,207.07,0.03,7.27,0.98,207.07,0.97,7.27,0.99,2205.52,,,0.01,0.01,2313.651263,1776359668000
1776359670.537,270.537,0.01,2165.41,,,0.02,167.07,0.03,7.27,0.98,207.07,0.97,7.27,0.99,2195.41,,,0.01,0.01,2313.5951,1776359669000
1776359670.779,270.779,0.01,2034.4,,,0.02,167.07,0.03,7.27,0.98,167.07,0.97,7.27,0.99,2135.41,,,0.01,0.01,2313.5951,1776359669000
1776359672.131,272.131,0.01,1999.35,,,0.02,173.48,0.03,7.27,0.98,167.07,0.97,7.27,0.99,2029.35,,,0.01,0.01,2313.8753,1776359671000
1776359672.598,272.598,0.01,1900.58,,,0.02,173.48,0.03,7.27,0.98,173.48,0.97,7.27,0.99,1929.58,,,0.01,0.01,2313.8753,1776359671000
1776359673.215,273.215,0.01,1925.58,,,0.02,173.48,0.03,7.27,0.98,173.48,0.97,7.27,0.99,1855.58,,,0.01,0.01,2314.138344,1776359672000
1776359673.559,273.559,0.01,1796.0,,,0.02,185.48,0.03,17.27,0.98,170.48,0.97,17.27,0.99,1824.29,,,0.01,0.01,2314.138344,1776359672000
1776359674.87,274.87,0.01,1756.59,,,0.02,285.48,0.03,7.27,0.98,185.48,0.97,7.27,0.99,1760.64,,,0.01,0.01,2314.142397,1776359673000
1776359675.41,275.41,0.01,1692.59,,,0.02,185.48,0.03,107.27,0.98,285.48,0.97,7.27,0.99,1739.59,,,0.01,0.01,2314.148515,1776359674000
1776359675.818,275.818,0.01,1665.36,,,0.02,185.48,0.03,107.27,0.98,185.48,0.97,107.27,0.99,1687.59,,,0.01,0.01,2314.148515,1776359674000
1776359676.165,276.165,0.01,655.25,,,0.02,185.48,0.03,107.27,0.98,185.48,0.97,107.27,0.99,1665.36,,,0.01,0.01,2314.148515,1776359674000
1776359676.474,276.474,0.01,653.25,,,0.02,305.48,0.03,17.27,0.98,185.48,0.97,107.27,0.99,655.25,,,0.01,0.01,2314.001688,1776359675000
1776359676.928,276.928,,,,,0.01,2087.85,0.02,208.48,0.99,1942.41,0.98,305.48,,,,,,,2314.001688,1776359675000
1776359679.114,279.114,,,,,0.01,13340.93,0.02,188.48,0.99,2087.85,0.98,208.48,,,,,,,2313.5405,1776359678000
1776359680.288,280.288,,,,,0.01,13422.05,0.02,188.48,0.99,13331.75,0.98,188.48,,,,,,,2313.061087,1776359679000
1776359682.209,282.209,,,,,0.01,10515.59,0.02,178.48,0.99,13422.05,0.98,188.48,,,,,,,2312.391849,1776359681000
1776359689.969,289.969,,,,,0.01,11834.78,0.02,168.29,0.99,10515.59,0.98,178.48,,,,,,,2312.657877,1776359688000
1776359690.706,290.706,,,,,0.01,12897.19,0.02,168.29,0.99,11829.94,0.98,168.29,,,,,,,2312.536255,1776359689000

# RESULT,winner=Down,slug=eth-updown-5m-1776359400,ticks=431
