timestamp,elapsed_sec,up_bid_p1,up_bid_s1,up_bid_p2,up_bid_s2,up_ask_p1,up_ask_s1,up_ask_p2,up_ask_s2,down_bid_p1,down_bid_s1,down_bid_p2,down_bid_s2,down_ask_p1,down_ask_s1,down_ask_p2,down_ask_s2,up_spread,down_spread,eth_price,eth_oracle_ts
1776182111.497,11.497,0.29,15.0,0.28,10.58,0.3,39.0,0.31,35.28,0.7,18.26,0.69,30.28,0.71,5.0,0.72,15.37,0.01,0.01,2369.70148,1776182110000
1776182111.966,11.966,0.29,10.0,0.28,15.37,0.31,36.81,0.32,142.0,0.7,18.26,0.69,30.28,0.71,5.0,0.72,15.37,0.02,0.01,2369.70148,1776182110000
1776182112.206,12.206,0.29,7.95,0.28,15.37,0.31,38.75,0.32,142.0,0.69,38.75,0.68,142.0,0.71,15.0,0.72,15.37,0.02,0.02,2369.682345,1776182111000
1776182112.407,12.407,0.29,3.59,0.28,10.0,0.3,40.0,0.31,15.0,0.7,40.0,0.69,15.0,0.71,2.95,0.72,15.37,0.01,0.01,2369.682345,1776182111000
1776182112.819,12.819,0.29,10.0,0.28,10.0,0.31,39.0,0.32,117.0,0.7,20.0,0.69,44.0,0.71,20.77,0.72,10.0,0.02,0.01,2369.682345,1776182111000
1776182113.04,13.04,0.29,6.85,0.28,15.0,0.31,30.77,0.32,17.0,0.69,6.77,0.68,17.0,0.71,6.85,0.72,15.0,0.02,0.02,2369.792922,1776182112000
1776182113.396,13.396,0.32,94.44,0.31,120.0,0.33,102.27,0.34,132.0,0.67,92.27,0.66,110.0,0.69,40.0,0.7,15.0,0.01,0.02,2369.792922,1776182112000
1776182113.857,13.857,0.31,90.62,0.3,19.19,0.33,20.0,0.34,37.0,0.67,99.23,0.66,137.0,0.69,112.62,0.7,24.19,0.02,0.02,2369.792922,1776182112000
1776182114.118,14.118,0.31,90.62,0.3,19.19,0.33,20.0,0.34,37.0,0.67,20.0,0.66,37.0,0.69,90.62,0.7,19.19,0.02,0.02,2369.7067,1776182113000
1776182114.451,14.451,0.39,180.0,0.38,5.0,0.4,107.0,0.41,110.0,0.63,28.0,0.62,20.0,0.64,10.0,0.65,20.0,0.01,0.01,2369.7067,1776182113000
1776182114.808,14.808,0.39,14.09,0.38,120.0,0.4,106.4,0.41,110.0,0.6,96.4,0.59,110.0,0.61,141.39,0.62,5.0,0.01,0.01,2369.7067,1776182113000
1776182115.092,15.092,0.39,29.09,0.38,12.0,0.4,97.65,0.41,175.56,0.6,106.4,0.59,110.0,0.61,14.09,0.62,120.0,0.01,0.01,2369.7067,1776182113000
1776182115.506,15.506,0.4,122.2,0.39,59.09,0.41,110.56,0.42,125.0,0.6,97.65,0.59,175.56,0.61,29.09,0.62,12.0,0.01,0.01,2369.830594,1776182114000
1776182116.025,16.025,0.4,147.2,0.39,68.28,0.41,45.61,0.43,115.0,0.59,75.61,0.58,100.0,0.6,127.2,0.61,59.09,0.01,0.01,2369.830594,1776182114000
1776182116.255,16.255,0.42,12.31,0.41,17.0,0.43,115.0,0.44,115.0,0.57,115.0,0.56,115.0,0.6,147.2,0.61,68.28,0.01,0.03,2369.830594,1776182114000
1776182116.579,16.579,0.42,12.31,0.41,17.0,0.43,115.0,0.44,115.0,0.57,115.0,0.56,115.0,0.58,12.31,0.59,17.0,0.01,0.01,2370.65063,1776182115000
1776182116.884,16.884,0.39,21.09,0.38,7.0,0.4,10.0,0.41,10.0,0.57,240.0,0.56,121.0,0.6,5.0,0.61,14.09,0.01,0.03,2370.65063,1776182115000
1776182117.12,17.12,0.39,4.08,0.37,8.0,0.4,152.11,0.41,242.0,0.6,152.11,0.59,242.0,0.61,4.08,0.63,8.0,0.01,0.01,2370.813581,1776182116000
1776182117.428,17.428,0.36,16.28,0.35,5.0,0.37,26.0,0.38,32.0,0.6,280.11,0.59,131.0,0.64,18.0,0.65,5.0,0.01,0.04,2370.813581,1776182116000
1776182117.63,17.63,0.36,1.54,0.35,10.0,0.37,21.0,0.38,147.0,0.63,26.0,0.62,32.0,0.67,21.0,0.68,40.0,0.01,0.04,2370.813581,1776182116000
1776182117.868,17.868,0.36,1.54,0.35,19.19,0.37,161.64,0.38,32.0,0.63,167.0,0.62,32.0,0.64,6.54,0.65,19.19,0.01,0.01,2370.813581,1776182116000
1776182118.143,18.143,0.35,1.53,0.34,10.0,0.36,10.0,0.37,136.0,0.64,10.0,0.63,136.0,0.65,1.53,0.66,10.0,0.01,0.01,2371.088265,1776182117000
1776182118.629,18.629,0.33,33.0,0.32,10.0,0.34,26.46,0.35,15.0,0.65,15.0,0.64,41.11,0.69,32.72,0.7,10.0,0.01,0.04,2371.088265,1776182117000
1776182119.034,19.034,0.33,33.0,0.32,10.0,0.34,26.46,0.35,15.0,0.66,26.46,0.65,15.0,0.67,33.0,0.68,10.0,0.01,0.01,2370.931671,1776182118000
1776182119.871,19.871,0.33,176.0,0.32,19.19,0.34,102.71,0.35,62.0,0.66,109.17,0.65,15.0,0.67,39.35,0.68,19.19,0.01,0.01,2370.931671,1776182118000
1776182120.134,20.134,0.33,21.89,0.32,19.19,0.34,103.06,0.35,20.0,0.66,102.71,0.65,62.0,0.67,176.0,0.68,19.19,0.01,0.01,2370.931671,1776182118000
1776182121.212,21.212,0.33,21.89,0.32,19.19,0.34,103.06,0.35,20.0,0.66,103.06,0.65,20.0,0.67,21.89,0.68,19.19,0.01,0.01,2370.469047,1776182120000
1776182121.468,21.468,0.32,19.19,0.31,6.35,0.38,6.75,0.39,146.0,0.66,137.52,0.65,97.91,0.67,16.89,0.68,9.19,0.06,0.01,2370.469047,1776182120000
1776182121.761,21.761,0.29,100.0,0.28,10.0,0.3,2.0,0.31,10.0,0.67,15.0,0.62,6.75,0.68,14.26,0.69,6.35,0.01,0.01,2370.469047,1776182120000
1776182122.035,22.035,0.3,107.44,0.29,210.0,0.31,7.0,0.32,160.28,0.68,13.62,0.67,185.0,0.7,10.0,0.71,210.0,0.01,0.02,2370.469047,1776182120000
1776182122.297,22.297,0.3,100.14,0.29,215.0,0.31,128.83,0.32,125.66,0.69,9.0,0.68,157.66,0.7,100.14,0.71,210.0,0.01,0.01,2370.509765,1776182121000
1776182122.716,22.716,0.29,108.72,0.28,110.0,0.31,125.47,0.32,125.66,0.7,7.0,0.69,128.83,0.71,93.72,0.72,110.0,0.02,0.01,2370.509765,1776182121000
1776182122.985,22.985,0.3,97.23,0.29,103.72,0.31,135.04,0.32,120.66,0.69,118.47,0.68,125.66,0.7,104.92,0.71,103.72,0.01,0.01,2370.509765,1776182121000
1776182123.256,23.256,0.3,94.03,0.29,103.72,0.31,140.04,0.32,120.66,0.69,135.04,0.68,120.66,0.7,97.23,0.71,103.72,0.01,0.01,2370.509765,1776182121000
1776182123.53,23.53,0.3,94.03,0.29,103.72,0.31,140.04,0.32,120.66,0.69,140.04,0.68,120.66,0.7,94.03,0.71,103.72,0.01,0.01,2370.433444,1776182122000
1776182123.91,23.91,0.3,40.14,0.29,103.72,0.31,140.04,0.32,120.66,0.69,140.04,0.68,120.66,0.7,40.14,0.71,103.72,0.01,0.01,2370.393885,1776182123000
1776182124.313,24.313,0.3,14.56,0.29,103.72,0.31,202.04,0.32,120.66,0.69,202.04,0.68,120.66,0.7,33.56,0.71,103.72,0.01,0.01,2370.393885,1776182123000
1776182124.73,24.73,0.3,11.38,0.29,103.72,0.31,155.04,0.32,120.66,0.69,160.04,0.68,120.66,0.7,12.98,0.71,103.72,0.01,0.01,2370.393885,1776182123000
1776182125.017,25.017,0.3,11.38,0.29,103.72,0.31,155.04,0.32,120.66,0.69,155.04,0.68,120.66,0.7,11.38,0.71,103.72,0.01,0.01,2369.995054,1776182124000
1776182125.338,25.338,0.3,31.38,0.29,103.72,0.31,16.57,0.32,97.66,0.69,155.04,0.68,120.66,0.7,11.38,0.71,103.72,0.01,0.01,2369.995054,1776182124000
1776182125.796,25.796,0.29,108.72,0.28,110.0,0.31,162.0,0.32,112.66,0.69,81.57,0.68,107.66,0.7,21.38,0.71,103.72,0.02,0.01,2369.995054,1776182124000
1776182126.094,26.094,0.29,108.72,0.28,110.0,0.31,162.0,0.32,112.66,0.69,162.0,0.68,112.66,0.71,108.72,0.72,110.0,0.02,0.02,2370.015069,1776182125000
1776182126.62,26.62,0.29,103.72,0.28,115.0,0.3,99.78,0.31,148.43,0.69,162.0,0.68,112.66,0.71,108.72,0.72,110.0,0.01,0.02,2370.015069,1776182125000
1776182127.095,27.095,0.29,84.29,0.28,115.0,0.3,224.78,0.31,38.43,0.7,99.78,0.69,148.43,0.71,103.72,0.72,115.0,0.01,0.01,2370.015069,1776182125000
1776182128.299,28.299,0.29,84.29,0.28,115.0,0.3,224.78,0.31,38.43,0.7,224.78,0.69,38.43,0.71,84.29,0.72,115.0,0.01,0.01,2370.027028,1776182127000
1776182128.792,28.792,0.29,62.29,0.28,100.0,0.3,244.78,0.31,48.43,0.7,224.78,0.69,38.43,0.71,84.29,0.72,115.0,0.01,0.01,2370.027028,1776182127000
1776182129.082,29.082,0.27,70.0,0.26,119.0,0.28,25.0,0.29,116.83,0.71,25.0,0.7,234.78,0.73,75.0,0.74,119.0,0.01,0.02,2370.027028,1776182128000
1776182129.331,29.331,0.26,119.0,0.25,100.0,0.28,155.0,0.29,116.83,0.72,25.0,0.71,116.83,0.73,70.0,0.74,119.0,0.02,0.01,2370.027028,1776182128000
1776182129.869,29.869,0.25,1.65,0.24,15.0,0.26,5.0,0.27,15.0,0.73,20.0,0.72,150.0,0.75,6.65,0.76,15.0,0.01,0.02,2370.027028,1776182128000
1776182130.335,30.335,0.25,161.65,0.24,53.01,0.26,80.79,0.28,130.0,0.74,92.33,0.72,15.0,0.75,6.65,0.76,15.0,0.01,0.01,2370.027028,1776182128000
1776182130.578,30.578,0.25,161.65,0.24,53.01,0.26,80.79,0.28,130.0,0.74,80.79,0.72,130.0,0.75,161.65,0.76,53.01,0.01,0.01,2369.790665,1776182129000
1776182131.084,31.084,0.25,126.71,0.24,15.0,0.26,5.0,0.27,101.22,0.74,80.79,0.72,130.0,0.75,161.65,0.76,53.01,0.01,0.01,2369.790665,1776182129000
1776182131.44,31.44,0.25,17.73,0.24,382.99,0.26,5.0,0.27,101.22,0.74,5.0,0.73,101.22,0.75,126.71,0.76,15.0,0.01,0.01,2369.70777,1776182130000
1776182131.929,31.929,0.25,184.79,0.24,292.99,0.26,5.0,0.27,101.22,0.74,15.0,0.73,101.22,0.75,11.26,0.76,382.99,0.01,0.01,2369.70777,1776182130000
1776182132.227,32.227,0.26,173.64,0.25,69.79,0.27,13.96,0.28,5.67,0.73,26.96,0.72,5.67,0.74,8.64,0.75,189.79,0.01,0.01,2369.70777,1776182130000
1776182132.675,32.675,0.26,136.34,0.25,305.99,0.27,23.96,0.28,15.67,0.73,13.96,0.72,5.67,0.74,144.4,0.75,335.78,0.01,0.01,2369.726427,1776182131000
1776182132.882,32.882,0.26,159.87,0.25,294.99,0.27,13.96,0.28,10.67,0.73,13.96,0.72,20.67,0.74,156.54,0.75,294.99,0.01,0.01,2369.726427,1776182131000
1776182133.356,33.356,0.26,158.04,0.25,294.99,0.27,27.81,0.28,10.67,0.73,27.81,0.72,10.67,0.74,158.04,0.75,294.99,0.01,0.01,2369.61522,1776182132000
1776182134.21,34.21,0.26,111.7,0.25,294.99,0.27,112.64,0.28,20.67,0.73,112.64,0.72,20.67,0.74,111.7,0.75,294.99,0.01,0.01,2369.61703,1776182133000
1776182134.484,34.484,0.26,3.0,0.25,155.0,0.27,127.64,0.28,15.0,0.73,112.64,0.72,20.67,0.74,111.7,0.75,294.99,0.01,0.01,2369.61703,1776182133000
1776182134.916,34.916,0.26,11.71,0.25,160.0,0.27,117.64,0.28,15.0,0.73,127.64,0.72,15.0,0.74,3.0,0.75,155.0,0.01,0.01,2369.61703,1776182133000
1776182135.351,35.351,0.26,11.71,0.25,160.0,0.27,117.64,0.28,15.0,0.73,117.64,0.72,15.0,0.74,11.71,0.75,160.0,0.01,0.01,2369.934848,1776182134000
1776182136.114,36.114,0.26,534.8,0.25,115.01,0.27,18.85,0.31,23.43,0.73,117.64,0.72,15.0,0.74,153.24,0.75,45.0,0.01,0.01,2369.934848,1776182134000
1776182136.443,36.443,0.26,596.05,0.25,115.01,0.33,10.0,0.34,10.0,0.67,10.0,0.66,10.0,0.74,596.05,0.75,115.01,0.07,0.07,2369.743446,1776182135000
1776182136.97,36.97,0.26,596.05,0.25,115.01,0.33,10.0,0.34,10.0,0.67,10.0,0.66,10.0,0.74,596.05,0.75,115.01,0.07,0.07,2369.757845,1776182136000
1776182137.28,37.28,0.31,17.0,0.3,35.0,0.32,195.52,0.33,15.0,0.68,95.52,0.67,15.0,0.69,17.0,0.7,35.0,0.01,0.01,2369.757845,1776182136000
1776182137.946,37.946,0.31,20.4,0.3,35.0,0.32,205.52,0.33,15.0,0.68,195.52,0.67,15.0,0.69,17.0,0.7,35.0,0.01,0.01,2369.757845,1776182136000
1776182138.169,38.169,0.31,13.15,0.3,35.0,0.32,200.52,0.33,15.0,0.68,205.52,0.67,15.0,0.69,20.4,0.7,35.0,0.01,0.01,2369.757845,1776182136000
1776182138.43,38.43,0.31,13.15,0.3,35.0,0.32,200.52,0.33,15.0,0.68,200.52,0.67,15.0,0.69,13.15,0.7,35.0,0.01,0.01,2370.021199,1776182137000
1776182139.207,39.207,0.31,14.01,0.3,30.0,0.32,200.52,0.33,20.0,0.68,200.52,0.67,20.0,0.69,14.01,0.7,30.0,0.01,0.01,2370.353178,1776182138000
1776182139.496,39.496,0.31,29.01,0.3,155.0,0.32,71.23,0.34,125.67,0.68,200.52,0.67,20.0,0.69,14.01,0.7,30.0,0.01,0.01,2370.353178,1776182138000
1776182139.76,39.76,0.31,59.01,0.3,155.0,0.32,75.23,0.33,10.0,0.68,71.23,0.66,125.67,0.69,29.01,0.7,155.0,0.01,0.01,2370.353178,1776182138000
1776182140.359,40.359,0.31,34.01,0.3,145.0,0.32,65.23,0.33,15.0,0.68,75.23,0.67,10.0,0.69,59.01,0.7,155.0,0.01,0.01,2370.353178,1776182138000
1776182140.744,40.744,0.31,36.01,0.3,145.0,0.32,65.23,0.33,15.0,0.68,65.23,0.67,15.0,0.69,36.01,0.7,145.0,0.01,0.01,2370.32977,1776182139000
1776182141.024,41.024,0.31,33.01,0.3,145.0,0.32,65.23,0.33,15.0,0.68,65.23,0.67,15.0,0.69,36.01,0.7,145.0,0.01,0.01,2370.32977,1776182139000
1776182141.395,41.395,0.31,31.41,0.3,145.0,0.32,70.23,0.33,15.0,0.68,70.23,0.67,15.0,0.69,31.41,0.7,145.0,0.01,0.01,2370.3246,1776182140000
1776182142.128,42.128,0.31,27.23,0.3,155.0,0.32,70.23,0.33,15.0,0.68,70.23,0.67,15.0,0.69,27.23,0.7,155.0,0.01,0.01,2370.388077,1776182141000
1776182142.436,42.436,0.31,248.33,0.3,35.0,0.32,12.0,0.35,5.0,0.68,55.23,0.65,5.0,0.69,195.33,0.7,10.0,0.01,0.01,2370.388077,1776182141000
1776182142.653,42.653,0.34,25.0,0.33,26.0,0.36,9.58,0.37,15.0,0.65,5.0,0.64,5.0,0.68,18.0,0.69,248.33,0.02,0.03,2370.388077,1776182141000
1776182142.858,42.858,0.34,13.8,0.33,11.0,0.35,15.0,0.36,24.58,0.65,15.0,0.64,19.58,0.66,8.8,0.67,11.0,0.01,0.01,2370.388077,1776182141000
1776182143.173,43.173,0.34,13.8,0.33,11.0,0.35,15.0,0.36,24.58,0.65,15.0,0.64,24.58,0.66,13.8,0.67,11.0,0.01,0.01,2370.346586,1776182142000
1776182143.846,43.846,0.31,95.0,0.3,125.0,0.34,23.7,0.35,15.0,0.67,10.0,0.66,188.0,0.69,51.01,0.7,41.0,0.03,0.02,2370.346586,1776182142000
1776182144.282,44.282,0.32,13.91,0.31,90.0,0.33,58.32,0.34,13.7,0.66,23.7,0.65,15.0,0.69,95.0,0.7,125.0,0.01,0.03,2370.346586,1776182142000
1776182144.593,44.593,0.32,143.91,0.31,339.99,0.33,36.32,0.36,130.0,0.67,58.32,0.66,13.7,0.68,13.91,0.69,90.0,0.01,0.01,2370.346586,1776182142000
1776182144.827,44.827,0.32,143.91,0.31,339.99,0.33,36.32,0.36,130.0,0.67,36.32,0.64,130.0,0.68,143.91,0.69,339.99,0.01,0.01,2370.63982,1776182143000
1776182145.276,45.276,0.34,12.84,0.33,15.0,0.35,226.86,0.36,15.0,0.65,91.86,0.64,135.0,0.66,30.07,0.67,10.0,0.01,0.01,2370.63982,1776182143000
1776182145.529,45.529,0.34,10.76,0.33,10.0,0.35,96.86,0.36,20.0,0.65,226.86,0.64,15.0,0.66,7.84,0.67,15.0,0.01,0.01,2370.580165,1776182144000
1776182146.185,46.185,0.34,9.04,0.33,10.0,0.35,91.86,0.36,20.0,0.65,91.86,0.64,20.0,0.66,9.04,0.67,10.0,0.01,0.01,2370.55249,1776182145000
1776182146.447,46.447,0.31,27.0,0.28,5.0,0.32,30.0,0.33,49.0,0.65,91.86,0.64,20.0,0.66,9.04,0.67,10.0,0.01,0.01,2370.55249,1776182145000
1776182146.918,46.918,0.21,15.0,0.2,15.0,0.22,25.67,0.23,20.0,0.68,180.0,0.67,160.0,0.7,17.91,0.72,30.0,0.01,0.02,2370.55249,1776182145000
1776182147.128,47.128,0.19,261.98,0.18,25.0,0.23,20.0,0.24,125.0,0.78,20.0,0.77,20.0,0.81,261.98,0.82,25.0,0.04,0.03,2370.897416,1776182146000
1776182147.356,47.356,0.19,30.0,0.18,35.0,0.2,22.69,0.21,10.0,0.77,20.0,0.76,125.0,0.81,261.98,0.82,25.0,0.01,0.04,2370.897416,1776182146000
1776182147.63,47.63,0.19,37.64,0.18,65.0,0.2,17.19,0.23,5.0,0.8,22.19,0.79,10.0,0.81,35.31,0.82,35.0,0.01,0.01,2370.897416,1776182146000
1776182147.858,47.858,0.21,40.81,0.19,137.64,0.23,115.0,0.24,10.0,0.8,9.19,0.79,5.0,0.81,137.64,0.82,35.0,0.02,0.01,2370.897416,1776182146000
1776182148.067,48.067,0.22,241.78,0.21,50.81,0.23,64.73,0.24,10.0,0.77,115.0,0.76,10.0,0.78,4.8,0.79,40.81,0.01,0.01,2370.897416,1776182146000
1776182148.307,48.307,0.27,4.58,0.26,10.0,0.3,10.0,0.31,20.29,0.69,25.29,0.68,96.0,0.76,10.0,0.77,10.0,0.03,0.07,2370.527617,1776182147000
1776182148.608,48.608,0.27,3.42,0.26,10.0,0.28,15.0,0.29,10.0,0.7,10.0,0.69,20.29,0.73,4.58,0.74,10.0,0.01,0.03,2370.527617,1776182147000
1776182148.953,48.953,0.27,4.96,0.26,60.0,0.29,5.0,0.31,98.56,0.72,15.0,0.71,10.0,0.73,3.42,0.74,10.0,0.02,0.01,2370.527617,1776182147000
1776182149.306,49.306,0.28,5.4,0.27,4.96,0.29,5.0,0.3,10.0,0.71,5.0,0.7,10.0,0.72,5.4,0.73,4.96,0.01,0.01,2369.378428,1776182148000
1776182150.435,50.435,0.25,7.08,0.24,10.0,0.28,151.0,0.29,30.0,0.72,151.0,0.71,30.0,0.75,7.08,0.76,10.0,0.03,0.03,2369.469388,1776182149000
1776182150.963,50.963,0.25,7.08,0.24,10.0,0.28,151.0,0.29,30.0,0.72,151.0,0.71,30.0,0.75,7.08,0.76,10.0,0.03,0.03,2369.536347,1776182150000
1776182151.17,51.17,0.21,32.78,0.2,30.0,0.24,14.32,0.25,33.0,0.76,14.32,0.75,38.0,0.79,50.0,0.8,30.0,0.03,0.03,2369.536347,1776182150000
1776182151.402,51.402,0.21,14.23,0.19,10.0,0.22,15.0,0.23,1.5,0.77,1.5,0.76,14.32,0.79,19.9,0.81,10.0,0.01,0.02,2369.536347,1776182150000
1776182151.735,51.735,0.21,15.1,0.2,20.0,0.24,10.0,0.25,20.0,0.73,17.5,0.72,15.0,0.79,14.23,0.81,10.0,0.03,0.06,2369.536347,1776182150000
1776182152.019,52.019,0.19,0.75,0.18,10.0,0.24,10.0,0.25,20.0,0.76,10.0,0.75,20.0,0.81,0.75,0.82,10.0,0.05,0.05,2369.640207,1776182151000
1776182152.235,52.235,0.19,0.37,0.18,10.0,0.22,125.45,0.23,117.05,0.78,125.45,0.77,10.0,0.79,10.0,0.8,10.0,0.03,0.01,2369.640207,1776182151000
1776182152.462,52.462,0.17,431.68,0.16,201.0,0.21,10.0,0.22,120.45,0.78,125.45,0.77,10.0,0.83,436.99,0.84,201.0,0.04,0.05,2369.640207,1776182151000
1776182152.687,52.687,0.18,13.17,0.17,416.54,0.19,20.0,0.2,15.0,0.81,10.0,0.8,15.0,0.83,410.6,0.84,201.0,0.01,0.02,2369.640207,1776182151000
1776182153.113,53.113,0.18,13.17,0.17,416.54,0.19,20.0,0.2,15.0,0.81,20.0,0.8,15.0,0.82,13.17,0.83,416.54,0.01,0.01,2369.355201,1776182152000
1776182153.383,53.383,0.17,416.54,0.16,207.31,0.19,13.0,0.2,20.0,0.81,20.0,0.8,20.0,0.82,9.51,0.83,416.54,0.02,0.01,2369.355201,1776182152000
1776182153.733,53.733,0.17,71.87,0.16,446.98,0.2,15.0,0.21,10.0,0.81,13.0,0.8,20.0,0.83,416.54,0.84,207.31,0.03,0.02,2369.355201,1776182152000
1776182154.278,54.278,0.17,71.87,0.16,446.98,0.2,15.0,0.21,10.0,0.8,15.0,0.79,10.0,0.83,71.87,0.84,446.98,0.03,0.03,2368.862905,1776182153000
1776182154.6,54.6,0.16,151.0,0.15,157.0,0.17,6.88,0.18,15.0,0.8,15.0,0.79,10.0,0.83,71.87,0.84,446.98,0.01,0.03,2368.862905,1776182153000
1776182155.112,55.112,0.16,474.82,0.15,163.73,0.17,6.88,0.18,15.0,0.83,6.88,0.82,15.0,0.84,151.0,0.85,157.0,0.01,0.01,2368.862905,1776182153000
1776182155.444,55.444,0.16,467.82,0.15,163.73,0.17,5.47,0.18,15.0,0.83,5.47,0.82,15.0,0.84,467.82,0.85,163.73,0.01,0.01,2368.801776,1776182154000
1776182155.953,55.953,0.16,447.83,0.15,163.73,0.17,5.47,0.18,15.0,0.83,5.47,0.82,15.0,0.84,467.82,0.85,163.73,0.01,0.01,2368.801776,1776182154000
1776182156.475,56.475,0.16,447.83,0.15,163.73,0.17,5.47,0.18,15.0,0.83,5.47,0.82,15.0,0.84,447.83,0.85,163.73,0.01,0.01,2368.70733,1776182155000
1776182156.903,56.903,0.16,447.83,0.15,163.73,0.17,5.47,0.18,15.0,0.83,5.47,0.82,15.0,0.84,447.83,0.85,163.73,0.01,0.01,2368.591524,1776182156000
1776182157.579,57.579,0.16,111.53,0.15,333.98,0.17,169.47,0.18,10.0,0.83,5.47,0.82,15.0,0.84,447.83,0.85,163.73,0.01,0.01,2368.591524,1776182156000
1776182157.987,57.987,0.16,111.53,0.15,333.98,0.17,169.47,0.18,10.0,0.83,169.47,0.82,10.0,0.84,111.53,0.85,333.98,0.01,0.01,2368.590687,1776182157000
1776182158.489,58.489,0.13,358.99,0.12,202.09,0.17,150.47,0.18,76.99,0.83,169.47,0.82,10.0,0.84,111.53,0.85,333.98,0.04,0.01,2368.590687,1776182157000
1776182158.776,58.776,0.13,400.65,0.12,240.5,0.14,13.85,0.15,10.0,0.86,24.25,0.85,10.0,0.87,148.91,0.88,202.09,0.01,0.01,2368.590687,1776182157000
1776182159.066,59.066,0.13,425.65,0.12,240.5,0.14,6.7,0.15,10.0,0.86,13.85,0.85,10.0,0.87,400.65,0.88,240.5,0.01,0.01,2368.590687,1776182157000
1776182159.372,59.372,0.13,400.65,0.12,240.5,0.17,112.17,0.18,15.0,0.86,6.7,0.85,10.0,0.87,425.65,0.88,240.5,0.04,0.01,2368.582401,1776182158000
1776182159.625,59.625,0.14,276.87,0.13,158.67,0.15,5.0,0.16,10.0,0.83,112.17,0.82,15.0,0.87,400.65,0.88,240.5,0.01,0.04,2368.582401,1776182158000
1776182160.209,60.209,0.14,271.97,0.13,158.67,0.15,5.0,0.16,10.0,0.85,5.0,0.84,10.0,0.86,271.97,0.87,158.67,0.01,0.01,2368.47381,1776182159000
1776182160.555,60.555,0.14,22.65,0.13,90.66,0.15,10.0,0.16,233.01,0.85,5.0,0.84,10.0,0.86,271.97,0.87,158.67,0.01,0.01,2368.47381,1776182159000
1776182160.889,60.889,0.14,15.62,0.13,205.66,0.15,5.0,0.16,228.01,0.85,10.0,0.84,233.01,0.86,15.62,0.87,90.66,0.01,0.01,2368.47381,1776182159000
1776182161.316,61.316,0.14,159.26,0.13,480.65,0.15,5.0,0.17,16.02,0.85,5.0,0.83,16.02,0.86,159.26,0.87,480.65,0.01,0.01,2368.235565,1776182160000
1776182161.637,61.637,0.17,11.98,0.16,83.31,0.18,10.0,0.19,10.0,0.85,5.0,0.83,16.02,0.86,159.26,0.87,480.65,0.01,0.01,2368.235565,1776182160000
1776182161.94,61.94,0.17,138.47,0.16,77.0,0.2,8.44,0.21,15.0,0.82,4.38,0.81,10.0,0.83,16.47,0.84,198.31,0.03,0.01,2368.235565,1776182160000
1776182162.162,62.162,0.17,31.29,0.16,192.0,0.19,10.0,0.2,96.95,0.82,4.38,0.81,10.0,0.83,148.47,0.84,77.0,0.02,0.01,2368.235565,1776182160000
1776182162.566,62.566,0.18,7.0,0.17,26.98,0.19,130.0,0.2,101.95,0.81,10.0,0.8,96.95,0.83,31.29,0.84,192.0,0.01,0.02,2368.176425,1776182161000
1776182163.141,63.141,0.16,22.8,0.15,136.0,0.17,15.0,0.18,168.0,0.81,130.0,0.8,101.95,0.82,7.0,0.83,26.98,0.01,0.01,2368.176425,1776182161000
1776182163.38,63.38,0.16,4.95,0.15,100.0,0.17,145.0,0.18,35.0,0.83,15.0,0.82,168.0,0.84,22.8,0.85,136.0,0.01,0.01,2368.358061,1776182162000
1776182164.26,64.26,0.16,4.95,0.15,106.73,0.17,150.0,0.18,71.59,0.83,150.0,0.82,71.59,0.84,4.95,0.85,106.73,0.01,0.01,2368.598871,1776182163000
1776182165.078,65.078,0.14,121.39,0.13,149.9,0.15,40.0,0.16,25.0,0.84,20.0,0.83,64.0,0.86,5.0,0.87,119.9,0.01,0.02,2368.598871,1776182163000
1776182166.041,66.041,0.14,126.39,0.13,119.9,0.17,15.0,0.18,166.59,0.85,70.58,0.84,25.0,0.86,126.39,0.87,149.9,0.03,0.01,2368.769815,1776182164000
1776182166.306,66.306,0.15,157.0,0.14,17.21,0.17,15.0,0.18,51.59,0.83,15.0,0.82,166.59,0.86,126.39,0.87,119.9,0.02,0.03,2368.54191,1776182165000
1776182166.746,66.746,0.15,167.0,0.14,293.2,0.16,3.75,0.17,20.0,0.83,15.0,0.82,51.59,0.85,157.0,0.86,17.21,0.01,0.02,2368.54191,1776182165000
1776182167.035,67.035,0.15,167.0,0.14,293.2,0.17,130.93,0.18,51.59,0.84,3.75,0.83,20.0,0.85,167.0,0.86,293.2,0.02,0.01,2368.54191,1776182165000
1776182167.399,67.399,0.15,160.0,0.14,17.21,0.17,140.93,0.18,171.59,0.83,130.93,0.82,51.59,0.85,167.0,0.86,293.2,0.02,0.02,2368.406068,1776182166000
1776182167.644,67.644,0.15,145.88,0.14,17.21,0.16,10.0,0.17,140.93,0.83,140.93,0.82,171.59,0.85,145.88,0.86,17.21,0.01,0.02,2368.406068,1776182166000
1776182167.977,67.977,0.15,145.88,0.14,17.21,0.16,10.0,0.17,140.93,0.84,10.0,0.83,140.93,0.85,145.88,0.86,17.21,0.01,0.01,2368.50263,1776182167000
1776182168.938,68.938,0.15,145.88,0.14,17.21,0.16,10.0,0.17,140.93,0.84,10.0,0.83,140.93,0.85,145.88,0.86,17.21,0.01,0.01,2368.425335,1776182168000
1776182169.312,69.312,0.13,152.76,0.12,93.1,0.15,15.0,0.16,35.0,0.84,10.0,0.83,140.93,0.85,145.88,0.86,17.21,0.02,0.01,2368.425335,1776182168000
1776182169.838,69.838,0.13,152.76,0.12,93.1,0.15,15.0,0.16,35.0,0.85,15.0,0.84,35.0,0.87,152.76,0.88,93.1,0.02,0.02,2368.463475,1776182169000
1776182170.211,70.211,0.15,146.0,0.14,25.2,0.16,4.95,0.17,12.64,0.85,15.0,0.84,35.0,0.87,152.76,0.88,93.1,0.01,0.02,2368.463475,1776182169000
1776182170.444,70.444,0.15,138.88,0.14,291.19,0.16,15.15,0.17,12.64,0.84,4.95,0.83,12.64,0.85,146.0,0.86,25.2,0.01,0.01,2368.463475,1776182169000
1776182171.0,71.0,0.15,136.88,0.14,119.21,0.16,10.2,0.17,63.45,0.84,15.15,0.83,12.64,0.85,138.88,0.86,291.19,0.01,0.01,2368.463475,1776182169000
1776182171.286,71.286,0.15,258.86,0.14,119.21,0.17,56.74,0.18,56.59,0.83,56.74,0.82,56.59,0.85,258.86,0.86,119.21,0.02,0.02,2368.274193,1776182170000
1776182171.579,71.579,0.16,163.0,0.15,288.86,0.18,51.59,0.19,15.0,0.83,56.74,0.82,56.59,0.85,258.86,0.86,119.21,0.02,0.02,2368.274193,1776182170000
1776182172.179,72.179,0.16,53.11,0.15,424.87,0.17,82.79,0.18,61.59,0.82,51.59,0.81,15.0,0.84,163.0,0.85,288.86,0.01,0.02,2368.274193,1776182170000
1776182172.468,72.468,0.16,17.59,0.15,126.88,0.17,93.79,0.18,176.59,0.83,82.79,0.82,61.59,0.84,53.11,0.85,424.87,0.01,0.01,2368.472674,1776182171000
1776182173.507,73.507,0.15,97.9,0.14,326.17,0.17,104.95,0.18,176.59,0.83,93.79,0.82,176.59,0.84,15.59,0.85,126.88,0.02,0.01,2368.472674,1776182171000
1776182173.806,73.806,0.15,97.9,0.14,326.17,0.17,104.95,0.18,176.59,0.83,104.95,0.82,176.59,0.85,97.9,0.86,326.17,0.02,0.02,2368.668445,1776182172000
1776182174.927,74.927,0.15,97.9,0.14,326.17,0.17,104.95,0.18,176.59,0.83,104.95,0.82,176.59,0.85,97.9,0.86,326.17,0.02,0.02,2368.68176,1776182173000
1776182175.214,75.214,0.13,15.0,0.12,355.07,0.15,30.0,0.16,84.16,0.83,104.95,0.82,176.59,0.85,97.9,0.86,326.17,0.02,0.02,2368.68176,1776182173000
1776182175.577,75.577,0.14,121.51,0.13,391.99,0.16,42.7,0.17,97.79,0.84,42.7,0.83,97.79,0.86,121.51,0.87,391.99,0.02,0.02,2368.693907,1776182174000
1776182175.818,75.818,0.15,88.97,0.14,330.5,0.16,61.51,0.17,97.79,0.84,37.7,0.83,97.79,0.85,85.74,0.86,307.5,0.01,0.01,2368.693907,1776182174000
1776182176.097,76.097,0.15,86.55,0.14,330.5,0.16,31.51,0.17,97.79,0.84,21.51,0.83,97.79,0.85,90.74,0.86,330.5,0.01,0.01,2368.693907,1776182174000
1776182176.456,76.456,0.15,90.74,0.14,330.5,0.16,0.26,0.17,97.79,0.84,31.51,0.83,97.79,0.85,86.55,0.86,330.5,0.01,0.01,2368.693907,1776182174000
1776182176.963,76.963,0.15,125.0,0.14,409.5,0.16,4.01,0.17,102.79,0.84,0.26,0.83,97.79,0.85,88.7,0.86,330.5,0.01,0.01,2368.67642,1776182175000
1776182178.633,78.633,0.15,119.64,0.14,294.5,0.16,5.0,0.17,102.79,0.84,5.0,0.83,102.79,0.85,119.64,0.86,294.5,0.01,0.01,2368.701846,1776182177000
1776182179.014,79.014,0.14,10.96,0.13,278.99,0.15,78.0,0.16,196.75,0.85,25.0,0.84,158.75,0.86,15.0,0.87,246.98,0.01,0.01,2368.701846,1776182177000
1776182179.295,79.295,0.14,8.29,0.12,352.07,0.15,237.0,0.16,196.75,0.85,78.0,0.84,196.75,0.86,10.96,0.87,278.99,0.01,0.01,2368.818034,1776182178000
1776182179.99,79.99,0.14,151.26,0.13,171.55,0.15,5.0,0.16,133.75,0.85,68.0,0.84,191.75,0.87,4.54,0.88,299.08,0.01,0.02,2368.818034,1776182178000
1776182180.459,80.459,0.15,415.99,0.14,64.01,0.16,0.59,0.17,35.0,0.84,127.59,0.83,35.0,0.86,409.24,0.87,171.55,0.01,0.02,2368.818034,1776182178000
1776182180.867,80.867,0.15,294.16,0.14,193.99,0.16,5.59,0.17,35.0,0.84,0.59,0.83,35.0,0.85,405.46,0.86,64.01,0.01,0.01,2368.72434,1776182179000
1776182181.17,81.17,0.15,289.99,0.14,193.99,0.17,35.0,0.18,166.59,0.83,35.0,0.82,166.59,0.85,289.99,0.86,193.99,0.02,0.02,2368.55054,1776182180000
1776182181.411,81.411,0.15,398.87,0.14,78.99,0.16,133.27,0.17,40.0,0.83,35.0,0.82,166.59,0.85,289.99,0.86,193.99,0.01,0.02,2368.55054,1776182180000
1776182182.088,82.088,0.14,8.83,0.13,306.26,0.15,52.51,0.16,145.27,0.84,138.27,0.83,40.0,0.85,384.73,0.86,78.99,0.01,0.01,2368.55054,1776182180000
1776182182.375,82.375,0.14,10.0,0.13,268.54,0.15,47.51,0.16,145.27,0.85,47.51,0.84,145.27,0.86,10.0,0.87,268.54,0.01,0.01,2368.63982,1776182181000
1776182182.626,82.626,0.13,200.34,0.12,150.09,0.15,35.84,0.16,260.27,0.85,35.84,0.84,260.27,0.87,208.08,0.88,150.09,0.02,0.02,2368.63982,1776182181000
1776182182.843,82.843,0.13,82.75,0.12,195.09,0.14,15.0,0.15,69.21,0.85,69.21,0.84,260.27,0.87,202.46,0.88,150.09,0.01,0.02,2368.63982,1776182181000
1776182183.127,83.127,0.13,81.12,0.12,195.09,0.14,15.0,0.15,69.21,0.86,15.0,0.85,69.21,0.87,81.12,0.88,195.09,0.01,0.01,2368.743346,1776182182000
1776182184.627,84.627,0.13,262.46,0.12,197.1,0.14,86.0,0.15,184.21,0.86,86.0,0.85,184.21,0.87,262.46,0.88,197.1,0.01,0.01,2368.64895,1776182183000
1776182185.284,85.284,0.13,60.46,0.12,200.08,0.15,115.9,0.16,145.27,0.85,115.9,0.84,145.27,0.87,60.46,0.88,200.08,0.02,0.02,2368.60285,1776182184000
1776182185.764,85.764,0.14,148.71,0.13,66.01,0.16,145.27,0.17,35.0,0.85,115.9,0.84,145.27,0.87,60.46,0.88,200.08,0.02,0.02,2368.60285,1776182184000
1776182185.973,85.973,0.15,23.82,0.14,148.71,0.16,150.27,0.17,150.0,0.84,145.27,0.83,35.0,0.86,148.71,0.87,66.01,0.01,0.02,2368.60285,1776182184000
1776182186.338,86.338,0.15,21.82,0.14,49.01,0.16,142.85,0.17,155.0,0.84,142.85,0.83,150.0,0.85,23.82,0.86,148.71,0.01,0.01,2368.60285,1776182184000
1776182186.627,86.627,0.15,21.82,0.14,49.01,0.16,142.85,0.17,155.0,0.84,142.85,0.83,155.0,0.85,21.82,0.86,49.01,0.01,0.01,2368.535332,1776182185000
1776182186.962,86.962,0.15,20.52,0.14,36.0,0.16,147.85,0.17,155.0,0.84,142.85,0.83,155.0,0.85,21.82,0.86,49.01,0.01,0.01,2368.535332,1776182185000
1776182187.291,87.291,0.15,20.52,0.14,36.0,0.16,147.85,0.17,155.0,0.84,147.85,0.83,155.0,0.85,20.52,0.86,36.0,0.01,0.01,2368.526118,1776182186000
1776182188.592,88.592,0.15,15.39,0.14,46.01,0.16,262.85,0.17,45.0,0.84,262.85,0.83,45.0,0.85,15.39,0.86,46.01,0.01,0.01,2368.671185,1776182187000
1776182189.308,89.308,0.15,15.39,0.14,46.01,0.16,262.85,0.17,45.0,0.84,262.85,0.83,45.0,0.85,15.39,0.86,46.01,0.01,0.01,2368.703595,1776182188000
1776182189.66,89.66,0.15,93.01,0.14,213.99,0.16,137.85,0.17,40.0,0.84,262.85,0.83,45.0,0.85,15.39,0.86,46.01,0.01,0.01,2368.703595,1776182188000
1776182190.291,90.291,0.15,266.01,0.14,98.99,0.17,28.0,0.18,171.59,0.84,137.85,0.83,40.0,0.85,93.01,0.86,213.99,0.02,0.01,2368.703595,1776182188000
1776182190.772,90.772,0.15,266.01,0.14,98.99,0.17,28.0,0.18,171.59,0.83,28.0,0.82,171.59,0.85,266.01,0.86,98.99,0.02,0.02,2368.752662,1776182189000
1776182191.502,91.502,0.16,12.15,0.15,223.0,0.17,78.95,0.18,176.59,0.83,28.0,0.82,171.59,0.85,266.01,0.86,98.99,0.01,0.02,2368.752662,1776182189000
1776182191.791,91.791,0.16,12.15,0.15,223.0,0.17,78.95,0.18,176.59,0.83,78.95,0.82,176.59,0.84,12.15,0.85,223.0,0.01,0.01,2368.90768,1776182190000
1776182192.471,92.471,0.15,218.18,0.14,100.0,0.17,84.95,0.18,176.59,0.83,78.95,0.82,176.59,0.84,12.15,0.85,223.0,0.02,0.01,2368.90768,1776182190000
1776182192.676,92.676,0.15,218.18,0.14,100.0,0.17,84.95,0.18,176.59,0.83,84.95,0.82,176.59,0.85,218.18,0.86,100.0,0.02,0.02,2368.93457,1776182191000
1776182193.264,93.264,0.15,218.18,0.14,100.0,0.17,84.95,0.18,176.59,0.83,84.95,0.82,176.59,0.85,218.18,0.86,100.0,0.02,0.02,2368.96374,1776182192000
1776182193.644,93.644,0.15,163.19,0.14,180.0,0.17,44.65,0.18,166.59,0.83,84.95,0.82,176.59,0.85,218.18,0.86,100.0,0.02,0.02,2368.96374,1776182192000
1776182194.563,94.563,0.16,223.5,0.15,89.92,0.17,11.65,0.18,36.59,0.83,44.65,0.82,166.59,0.85,163.19,0.86,180.0,0.01,0.02,2368.96374,1776182192000
1776182194.978,94.978,0.22,6.19,0.21,10.0,0.23,10.0,0.24,16.35,0.76,16.35,0.75,15.0,0.78,10.0,0.79,10.0,0.01,0.02,2368.96989,1776182193000
1776182195.24,95.24,0.21,4.93,0.2,38.01,0.23,119.75,0.24,16.35,0.77,119.75,0.76,16.35,0.79,4.93,0.8,38.01,0.02,0.02,2368.98144,1776182194000
1776182195.633,95.633,0.2,41.01,0.19,174.0,0.21,10.0,0.22,20.0,0.77,119.75,0.76,16.35,0.79,4.93,0.8,38.01,0.01,0.02,2368.98144,1776182194000
1776182196.822,96.822,0.2,41.01,0.19,174.0,0.21,10.0,0.22,20.0,0.79,10.0,0.78,20.0,0.8,41.01,0.81,174.0,0.01,0.01,2369.344644,1776182195000
1776182197.081,97.081,0.19,3.51,0.18,237.0,0.21,305.96,0.22,20.0,0.79,10.0,0.78,20.0,0.8,41.01,0.81,174.0,0.02,0.01,2369.344644,1776182195000
1776182197.331,97.331,0.19,3.51,0.18,237.0,0.21,305.96,0.22,20.0,0.79,305.96,0.78,20.0,0.81,3.51,0.82,237.0,0.02,0.02,2369.71867,1776182196000
1776182198.619,98.619,0.15,202.6,0.14,88.99,0.17,59.0,0.18,37.0,0.83,59.0,0.82,37.0,0.85,202.6,0.86,88.99,0.02,0.02,2369.599029,1776182197000
1776182199.15,99.15,0.14,321.2,0.13,192.99,0.16,138.56,0.17,90.0,0.83,59.0,0.82,37.0,0.85,202.6,0.86,88.99,0.02,0.02,2369.599029,1776182197000
1776182201.155,101.155,0.14,321.2,0.13,192.99,0.16,138.56,0.17,90.0,0.84,138.56,0.83,90.0,0.86,321.2,0.87,192.99,0.02,0.02,2369.050586,1776182200000
1776182201.798,101.798,0.19,10.0,0.18,15.0,0.2,12.0,0.21,15.0,0.85,10.0,0.84,138.56,0.86,286.21,0.87,209.99,0.01,0.01,2369.050586,1776182200000
1776182202.421,102.421,0.19,25.0,0.18,32.0,0.21,10.0,0.22,130.0,0.8,12.0,0.79,15.0,0.81,10.0,0.82,15.0,0.02,0.01,2369.050586,1776182200000
1776182202.961,102.961,0.22,20.0,0.21,70.0,0.24,5.89,0.25,111.64,0.79,10.0,0.78,130.0,0.81,25.0,0.82,32.0,0.02,0.02,2368.966644,1776182201000
1776182203.625,103.625,0.24,366.22,0.23,85.72,0.25,103.11,0.28,15.0,0.75,105.93,0.74,15.0,0.78,20.0,0.79,70.0,0.01,0.03,2368.970501,1776182202000
1776182203.874,103.874,0.24,351.22,0.23,85.72,0.26,95.65,0.27,10.0,0.75,103.11,0.73,10.0,0.76,351.22,0.77,85.72,0.02,0.01,2368.970501,1776182202000
1776182204.208,104.208,0.25,18.53,0.24,219.61,0.26,105.65,0.27,15.0,0.74,95.65,0.73,10.0,0.76,339.61,0.77,85.72,0.01,0.02,2368.970501,1776182202000
1776182204.464,104.464,0.25,18.53,0.24,219.61,0.26,105.65,0.27,15.0,0.74,105.65,0.73,15.0,0.75,18.53,0.76,219.61,0.01,0.01,2369.435559,1776182203000
1776182204.666,104.666,0.16,193.05,0.15,57.72,0.17,10.0,0.18,10.0,0.83,10.0,0.82,10.0,0.84,243.05,0.85,57.72,0.01,0.01,2369.435559,1776182203000
1776182204.94,104.94,0.16,195.31,0.15,27.72,0.18,123.68,0.19,36.0,0.83,5.0,0.82,10.0,0.84,194.0,0.85,27.72,0.02,0.01,2369.435559,1776182203000
1776182205.15,105.15,0.17,10.0,0.16,320.31,0.18,88.68,0.19,31.0,0.82,88.68,0.81,31.0,0.83,10.0,0.84,320.31,0.01,0.01,2369.913564,1776182204000
1776182205.502,105.502,0.18,116.11,0.17,141.51,0.2,12.5,0.21,25.0,0.81,13.0,0.8,22.0,0.82,20.0,0.83,133.79,0.02,0.01,2369.913564,1776182204000
1776182205.794,105.794,0.19,130.0,0.18,111.11,0.2,7.5,0.21,25.0,0.8,12.5,0.79,25.0,0.82,116.11,0.83,141.51,0.01,0.02,2369.913564,1776182204000
1776182206.399,106.399,0.19,123.64,0.18,111.11,0.2,7.5,0.21,25.0,0.8,7.5,0.79,25.0,0.81,123.64,0.82,111.11,0.01,0.01,2370.004681,1776182205000
1776182207.235,107.235,0.19,102.96,0.18,111.11,0.2,13.5,0.21,25.0,0.8,13.5,0.79,25.0,0.81,102.96,0.82,111.11,0.01,0.01,2369.665201,1776182206000
1776182207.488,107.488,0.19,127.96,0.18,111.11,0.21,15.71,0.22,259.33,0.79,25.0,0.78,139.33,0.81,127.96,0.82,116.11,0.02,0.02,2369.665201,1776182206000
1776182208.054,108.054,0.18,80.0,0.16,63.99,0.19,11.0,0.2,15.0,0.79,30.71,0.78,259.33,0.8,3.68,0.81,121.09,0.01,0.01,2369.665201,1776182206000
1776182208.402,108.402,0.14,10.0,0.13,15.0,0.16,8.75,0.17,135.0,0.81,11.0,0.8,15.0,0.82,80.0,0.84,63.99,0.02,0.01,2369.665201,1776182206000
1776182208.617,108.617,0.14,6.05,0.13,23.27,0.16,8.86,0.17,15.0,0.85,9.86,0.84,18.75,0.86,6.05,0.87,15.0,0.02,0.01,2369.665201,1776182206000
1776182209.033,109.033,0.14,6.05,0.13,223.0,0.2,63.7,0.21,260.71,0.84,8.86,0.83,15.0,0.86,6.05,0.87,23.27,0.06,0.02,2369.61991,1776182207000
1776182209.508,109.508,0.16,101.31,0.15,110.0,0.17,125.0,0.18,10.0,0.8,63.7,0.79,260.71,0.86,6.05,0.87,223.0,0.01,0.06,2369.61991,1776182207000
1776182209.73,109.73,0.16,95.31,0.15,110.0,0.17,130.0,0.18,20.0,0.83,125.0,0.82,10.0,0.84,101.31,0.85,110.0,0.01,0.01,2369.703275,1776182208000
1776182210.16,110.16,0.16,95.31,0.15,110.0,0.17,130.0,0.18,20.0,0.83,130.0,0.82,20.0,0.84,95.31,0.85,110.0,0.01,0.01,2369.462338,1776182209000
1776182210.721,110.721,0.15,109.62,0.14,116.05,0.17,182.0,0.18,20.0,0.83,182.0,0.82,20.0,0.84,1.62,0.85,115.0,0.02,0.01,2369.462338,1776182209000
1776182210.981,110.981,0.15,107.54,0.14,111.05,0.16,121.0,0.17,62.0,0.84,70.0,0.83,62.0,0.85,107.54,0.86,111.05,0.01,0.01,2369.462338,1776182209000
1776182211.185,111.185,0.15,53.9,0.14,111.05,0.16,121.0,0.17,62.0,0.84,121.0,0.83,62.0,0.85,53.9,0.86,111.05,0.01,0.01,2369.122109,1776182210000
1776182212.259,112.259,0.15,53.9,0.14,111.05,0.16,121.0,0.17,62.0,0.84,121.0,0.83,62.0,0.85,53.9,0.86,111.05,0.01,0.01,2369.181035,1776182211000
1776182212.641,112.641,0.14,112.9,0.13,120.0,0.15,10.0,0.16,217.0,0.85,5.0,0.84,217.0,0.86,112.9,0.87,120.0,0.01,0.01,2369.181035,1776182211000
1776182212.985,112.985,0.14,110.2,0.13,120.0,0.15,10.0,0.16,217.0,0.85,10.0,0.84,217.0,0.86,112.9,0.87,120.0,0.01,0.01,2369.181035,1776182211000
1776182213.361,113.361,0.14,107.63,0.13,120.0,0.15,5.0,0.16,217.0,0.85,5.0,0.84,217.0,0.86,107.63,0.87,120.0,0.01,0.01,2368.893072,1776182212000
1776182213.987,113.987,0.14,112.63,0.13,115.0,0.15,155.66,0.16,70.0,0.85,5.0,0.84,217.0,0.86,107.63,0.87,120.0,0.01,0.01,2368.893072,1776182212000
1776182214.306,114.306,0.14,112.63,0.13,115.0,0.15,155.66,0.16,70.0,0.85,155.66,0.84,70.0,0.86,112.63,0.87,115.0,0.01,0.01,2368.893605,1776182213000
1776182215.316,115.316,0.14,112.63,0.13,115.0,0.15,155.66,0.16,70.0,0.85,155.66,0.84,70.0,0.86,112.63,0.87,115.0,0.01,0.01,2368.886335,1776182214000
1776182216.205,116.205,0.15,19.12,0.14,107.63,0.16,186.0,0.17,35.38,0.84,41.0,0.83,140.38,0.85,117.0,0.86,107.63,0.01,0.01,2368.886335,1776182214000
1776182216.981,116.981,0.15,19.12,0.14,107.63,0.16,186.0,0.17,35.38,0.84,186.0,0.83,35.38,0.85,19.12,0.86,107.63,0.01,0.01,2368.879875,1776182216000
1776182218.051,118.051,0.14,112.63,0.13,403.0,0.16,123.5,0.17,30.38,0.84,123.5,0.83,30.38,0.86,112.63,0.87,403.0,0.02,0.02,2368.923536,1776182217000
1776182218.746,118.746,0.14,107.63,0.13,293.0,0.15,190.0,0.16,83.0,0.84,123.5,0.83,30.38,0.86,112.63,0.87,403.0,0.01,0.02,2368.923536,1776182217000
1776182219.074,119.074,0.14,107.63,0.13,293.0,0.15,190.0,0.16,83.0,0.85,190.0,0.84,83.0,0.86,107.63,0.87,293.0,0.01,0.01,2368.973903,1776182218000
1776182220.098,120.098,0.14,0.42,0.13,120.0,0.15,204.33,0.16,116.3,0.85,204.33,0.84,116.3,0.86,0.42,0.87,120.0,0.01,0.01,2368.904439,1776182219000
1776182221.162,121.162,0.14,0.42,0.13,120.0,0.15,204.33,0.16,116.3,0.85,204.33,0.84,116.3,0.86,0.42,0.87,120.0,0.01,0.01,2368.84765,1776182220000
1776182221.363,121.363,0.13,6.23,0.12,30.09,0.14,10.0,0.15,84.33,0.86,6.39,0.85,84.33,0.87,15.0,0.88,30.09,0.01,0.01,2368.84765,1776182220000
1776182221.582,121.582,0.12,30.09,0.11,115.0,0.13,12.0,0.14,20.0,0.86,15.0,0.85,109.33,0.88,30.09,0.89,115.0,0.01,0.02,2368.84765,1776182220000
1776182221.878,121.878,0.1,10.0,0.09,90.0,0.13,32.0,0.14,50.0,0.87,12.0,0.86,25.0,0.88,6.09,0.89,115.0,0.03,0.01,2368.84765,1776182220000
1776182222.229,122.229,0.1,10.0,0.09,90.0,0.13,32.0,0.14,50.0,0.87,32.0,0.86,50.0,0.9,10.0,0.91,90.0,0.03,0.03,2368.822721,1776182221000
1776182222.696,122.696,0.11,10.0,0.1,10.0,0.12,174.62,0.13,63.0,0.87,32.0,0.86,50.0,0.9,10.0,0.91,90.0,0.01,0.03,2368.822721,1776182221000
1776182223.3,123.3,0.11,10.0,0.1,10.0,0.12,174.62,0.13,63.0,0.88,174.62,0.87,63.0,0.89,10.0,0.9,10.0,0.01,0.01,2368.645537,1776182222000
1776182223.734,123.734,0.11,124.18,0.1,417.0,0.12,86.04,0.13,21.0,0.88,174.62,0.87,63.0,0.89,10.0,0.9,10.0,0.01,0.01,2368.645537,1776182222000
1776182223.942,123.942,0.11,5.51,0.1,110.0,0.12,184.04,0.13,21.0,0.88,91.04,0.87,21.0,0.89,14.69,0.9,297.0,0.01,0.01,2368.645537,1776182222000
1776182224.478,124.478,0.11,5.51,0.1,110.0,0.12,184.04,0.13,21.0,0.88,184.04,0.87,21.0,0.89,5.51,0.9,110.0,0.01,0.01,2368.10606,1776182223000
1776182224.689,124.689,0.11,0.77,0.1,115.0,0.12,204.04,0.13,21.0,0.88,204.04,0.87,21.0,0.89,2.01,0.9,115.0,0.01,0.01,2368.10606,1776182223000
1776182224.976,124.976,0.11,0.77,0.1,115.0,0.12,204.04,0.13,21.0,0.88,204.04,0.87,21.0,0.89,0.77,0.9,115.0,0.01,0.01,2368.10606,1776182224000
1776182225.452,125.452,0.1,107.56,0.09,401.72,0.11,184.97,0.12,30.0,0.88,219.04,0.87,46.0,0.9,14.1,0.91,321.72,0.01,0.02,2368.10606,1776182224000
1776182225.819,125.819,0.1,119.81,0.09,206.27,0.11,64.97,0.12,10.0,0.89,179.97,0.88,10.0,0.9,111.36,0.91,412.99,0.01,0.01,2368.10606,1776182224000
1776182226.235,126.235,0.1,115.44,0.09,430.99,0.11,64.97,0.12,22.0,0.89,64.97,0.88,22.0,0.9,115.44,0.91,430.99,0.01,0.01,2368.211964,1776182225000
1776182226.817,126.817,0.1,115.44,0.09,414.99,0.11,163.6,0.12,39.0,0.89,64.97,0.88,22.0,0.9,115.44,0.91,430.99,0.01,0.01,2368.211964,1776182225000
1776182227.168,127.168,0.1,13.88,0.09,321.72,0.11,221.87,0.12,44.0,0.89,163.6,0.88,39.0,0.9,115.44,0.91,414.99,0.01,0.01,2368.211964,1776182225000
1776182227.594,127.594,0.09,308.98,0.08,259.27,0.11,221.87,0.12,44.0,0.89,221.87,0.88,44.0,0.9,13.88,0.91,321.72,0.02,0.01,2368.411226,1776182226000
1776182227.895,127.895,0.09,317.13,0.08,259.27,0.1,179.8,0.11,78.27,0.9,21.0,0.89,216.87,0.91,317.13,0.92,259.27,0.01,0.01,2368.411226,1776182226000
1776182228.53,128.53,0.09,317.13,0.08,259.27,0.1,179.8,0.11,78.27,0.9,179.8,0.89,78.27,0.91,317.13,0.92,259.27,0.01,0.01,2368.229457,1776182227000
1776182229.087,129.087,0.09,266.41,0.08,299.99,0.1,149.44,0.11,128.08,0.9,149.44,0.89,128.08,0.91,266.41,0.92,299.99,0.01,0.01,2368.214682,1776182228000
1776182230.266,130.266,0.09,266.41,0.08,299.99,0.1,149.44,0.11,128.08,0.9,149.44,0.89,128.08,0.91,266.41,0.92,299.99,0.01,0.01,2368.133325,1776182229000
1776182230.481,130.481,0.09,319.41,0.08,413.27,0.11,100.69,0.12,39.0,0.9,6.27,0.89,101.81,0.91,319.41,0.92,413.27,0.02,0.01,2368.133325,1776182229000
1776182231.347,131.347,0.09,444.41,0.08,298.27,0.12,29.6,0.13,10.0,0.89,100.69,0.88,39.0,0.91,319.41,0.92,413.27,0.03,0.02,2368.133325,1776182229000
1776182231.772,131.772,0.11,105.0,0.1,230.0,0.12,11.6,0.13,10.0,0.88,29.6,0.87,10.0,0.91,444.41,0.92,298.27,0.01,0.03,2368.12937,1776182230000
1776182232.243,132.243,0.11,101.62,0.1,324.72,0.12,124.79,0.13,130.0,0.88,21.6,0.87,10.0,0.89,103.31,0.9,230.0,0.01,0.01,2368.151875,1776182231000
1776182232.531,132.531,0.11,99.93,0.1,324.72,0.12,119.79,0.13,130.0,0.88,124.79,0.87,130.0,0.89,101.62,0.9,324.72,0.01,0.01,2368.151875,1776182231000
1776182233.069,133.069,0.11,99.93,0.1,324.72,0.12,119.79,0.13,130.0,0.88,119.79,0.87,130.0,0.89,99.93,0.9,324.72,0.01,0.01,2368.323859,1776182232000
1776182234.19,134.19,0.11,99.93,0.1,324.72,0.12,119.79,0.13,130.0,0.88,119.79,0.87,130.0,0.89,99.93,0.9,324.72,0.01,0.01,2368.690807,1776182233000
1776182235.289,135.289,0.11,99.93,0.1,324.72,0.12,119.79,0.13,130.0,0.88,119.79,0.87,130.0,0.89,99.93,0.9,324.72,0.01,0.01,2368.57305,1776182234000
1776182236.551,136.551,0.11,99.93,0.1,324.72,0.12,119.79,0.13,130.0,0.88,119.79,0.87,130.0,0.89,99.93,0.9,324.72,0.01,0.01,2368.77633,1776182235000
1776182237.019,137.019,0.11,99.93,0.1,324.72,0.12,119.79,0.13,130.0,0.88,119.79,0.87,130.0,0.89,99.93,0.9,324.72,0.01,0.01,2368.712808,1776182236000
1776182237.999,137.999,0.11,252.93,0.1,204.99,0.13,118.55,0.14,15.0,0.87,118.55,0.86,15.0,0.89,252.93,0.9,204.99,0.02,0.02,2368.641078,1776182237000
1776182238.228,138.228,0.09,336.18,0.08,417.0,0.11,169.36,0.12,59.77,0.9,13.0,0.89,181.0,0.91,336.18,0.92,417.0,0.02,0.01,2368.641078,1776182237000
1776182238.505,138.505,0.1,108.16,0.09,462.4,0.11,5.0,0.12,59.77,0.89,169.36,0.88,59.77,0.91,336.18,0.92,417.0,0.01,0.02,2368.641078,1776182237000
1776182238.88,138.88,0.1,381.16,0.09,211.4,0.12,52.77,0.13,18.55,0.89,5.0,0.88,59.77,0.9,108.16,0.91,462.4,0.02,0.01,2368.641078,1776182237000
1776182239.504,139.504,0.1,368.31,0.09,216.4,0.11,61.8,0.12,13.0,0.88,52.77,0.87,18.55,0.9,381.16,0.91,211.4,0.01,0.02,2368.58777,1776182238000
1776182239.89,139.89,0.1,264.86,0.09,331.4,0.11,61.8,0.12,13.0,0.89,61.8,0.88,13.0,0.9,264.86,0.91,331.4,0.01,0.01,2368.554686,1776182239000
1776182240.824,140.824,0.1,264.86,0.09,331.4,0.11,61.8,0.12,13.0,0.89,61.8,0.88,13.0,0.9,264.86,0.91,331.4,0.01,0.01,2368.554322,1776182240000
1776182242.25,142.25,0.1,264.86,0.09,331.4,0.11,61.8,0.12,13.0,0.89,61.8,0.88,13.0,0.9,264.86,0.91,331.4,0.01,0.01,2368.57405,1776182241000
1776182243.155,143.155,0.1,264.86,0.09,331.4,0.11,61.8,0.12,13.0,0.89,61.8,0.88,13.0,0.9,264.86,0.91,331.4,0.01,0.01,2368.536402,1776182242000
1776182243.616,143.616,0.1,56.18,0.09,60.0,0.11,229.37,0.12,43.0,0.89,61.8,0.88,13.0,0.9,264.86,0.91,331.4,0.01,0.01,2368.536402,1776182242000
1776182243.981,143.981,0.1,56.18,0.09,60.0,0.11,207.62,0.12,43.0,0.89,229.37,0.88,43.0,0.9,56.18,0.91,60.0,0.01,0.01,2368.536402,1776182242000
1776182245.142,145.142,0.1,56.18,0.09,60.0,0.11,207.62,0.12,43.0,0.89,207.62,0.88,43.0,0.9,56.18,0.91,60.0,0.01,0.01,2368.485706,1776182244000
1776182245.774,145.774,0.1,4.95,0.09,60.0,0.11,411.01,0.12,240.84,0.89,207.62,0.88,43.0,0.9,56.18,0.91,60.0,0.01,0.01,2368.485706,1776182244000
1776182246.088,146.088,0.1,4.95,0.09,60.0,0.11,411.01,0.12,240.84,0.89,411.01,0.88,240.84,0.9,4.95,0.91,60.0,0.01,0.01,2368.479497,1776182245000
1776182247.129,147.129,0.1,4.95,0.09,60.0,0.11,411.01,0.12,240.84,0.89,411.01,0.88,240.84,0.9,4.95,0.91,60.0,0.01,0.01,2368.340909,1776182246000
1776182247.502,147.502,0.1,54.95,0.09,248.0,0.11,262.31,0.12,123.22,0.89,411.01,0.88,240.84,0.9,4.95,0.91,60.0,0.01,0.01,2368.340909,1776182246000
1776182248.062,148.062,0.1,54.95,0.09,248.0,0.11,262.31,0.12,123.22,0.89,262.31,0.88,123.22,0.9,54.95,0.91,248.0,0.01,0.01,2368.23875,1776182247000
1776182248.535,148.535,0.1,18.95,0.09,60.0,0.11,302.31,0.12,205.5,0.89,262.31,0.88,123.22,0.9,54.95,0.91,248.0,0.01,0.01,2368.23875,1776182247000
1776182249.047,149.047,0.1,18.95,0.09,60.0,0.11,302.31,0.12,205.5,0.89,302.31,0.88,205.5,0.9,18.95,0.91,60.0,0.01,0.01,2368.318011,1776182248000
1776182250.417,150.417,0.1,18.95,0.09,60.0,0.11,302.31,0.12,205.5,0.89,302.31,0.88,205.5,0.9,18.95,0.91,60.0,0.01,0.01,2368.3725,1776182249000
1776182250.799,150.799,0.1,12.95,0.09,60.0,0.11,352.01,0.12,234.84,0.89,302.31,0.88,205.5,0.9,18.95,0.91,60.0,0.01,0.01,2368.3725,1776182249000
1776182251.175,151.175,0.1,12.95,0.09,60.0,0.11,352.01,0.12,234.84,0.89,352.01,0.88,234.84,0.9,12.95,0.91,60.0,0.01,0.01,2368.502783,1776182250000
1776182251.504,151.504,0.1,11.83,0.09,470.0,0.11,190.14,0.12,269.84,0.89,352.01,0.88,234.84,0.9,12.95,0.91,60.0,0.01,0.01,2368.502783,1776182250000
1776182251.898,151.898,0.1,21.93,0.09,355.0,0.11,184.3,0.12,154.84,0.89,190.14,0.88,269.84,0.9,11.83,0.91,470.0,0.01,0.01,2368.502783,1776182250000
1776182252.668,152.668,0.1,21.93,0.09,355.0,0.11,184.3,0.12,154.84,0.89,184.3,0.88,154.84,0.9,21.93,0.91,355.0,0.01,0.01,2368.357702,1776182251000
1776182253.219,153.219,0.1,21.93,0.09,355.0,0.11,184.3,0.12,154.84,0.89,184.3,0.88,154.84,0.9,21.93,0.91,355.0,0.01,0.01,2368.567439,1776182252000
1776182253.677,153.677,0.08,36.0,0.07,286.72,0.1,263.07,0.11,355.14,0.89,484.3,0.88,305.98,0.91,39.0,0.92,140.0,0.02,0.02,2368.567439,1776182252000
1776182254.199,154.199,0.08,5.0,0.07,30.0,0.09,403.5,0.1,135.0,0.9,263.07,0.89,355.14,0.92,22.84,0.93,286.72,0.01,0.02,2368.567439,1776182252000
1776182254.534,154.534,0.08,5.0,0.07,30.0,0.09,403.5,0.1,135.0,0.91,403.5,0.9,135.0,0.92,5.0,0.93,30.0,0.01,0.01,2368.592209,1776182253000
1776182254.873,154.873,0.07,6.42,0.06,329.0,0.08,17.9,0.09,380.52,0.91,388.5,0.9,125.0,0.93,30.0,0.94,329.0,0.01,0.02,2368.592209,1776182253000
1776182255.179,155.179,0.07,6.42,0.06,329.0,0.08,17.9,0.09,380.52,0.92,17.9,0.91,380.52,0.93,6.42,0.94,329.0,0.01,0.01,2368.492385,1776182254000
1776182255.392,155.392,0.06,340.57,0.05,346.22,0.07,12.81,0.08,40.0,0.92,17.9,0.91,380.52,0.93,6.42,0.94,329.0,0.01,0.01,2368.492385,1776182254000
1776182255.724,155.724,0.06,238.84,0.05,246.22,0.07,7.81,0.08,205.0,0.93,12.81,0.92,40.0,0.94,340.57,0.95,346.22,0.01,0.01,2368.492385,1776182254000
1776182256.627,156.627,0.06,238.84,0.05,246.22,0.07,7.81,0.08,205.0,0.93,7.81,0.92,205.0,0.94,238.84,0.95,246.22,0.01,0.01,2367.970282,1776182255000
1776182257.43,157.43,0.06,164.3,0.05,206.94,0.07,75.0,0.08,90.0,0.93,7.81,0.92,205.0,0.94,238.84,0.95,246.22,0.01,0.01,2367.970282,1776182255000
1776182257.669,157.669,0.05,126.22,0.04,300.77,0.06,36.83,0.07,195.0,0.93,75.0,0.92,90.0,0.94,3.17,0.95,257.67,0.01,0.01,2367.900664,1776182256000
1776182258.067,158.067,0.05,9.9,0.04,58.5,0.06,113.83,0.07,122.0,0.94,113.83,0.93,122.0,0.95,9.9,0.96,58.5,0.01,0.01,2367.929795,1776182257000
1776182258.707,158.707,0.04,4.3,0.03,396.0,0.05,10.0,0.06,28.0,0.95,5.0,0.94,240.83,0.96,3.34,0.97,602.72,0.01,0.01,2367.929795,1776182257000
1776182258.961,158.961,0.04,111.66,0.03,396.0,0.05,145.0,0.06,38.0,0.95,60.0,0.94,38.0,0.96,12.72,0.97,396.0,0.01,0.01,2367.929795,1776182257000
1776182259.232,159.232,0.04,106.66,0.03,396.0,0.05,140.0,0.06,63.0,0.95,145.0,0.94,38.0,0.96,111.66,0.97,396.0,0.01,0.01,2367.929795,1776182257000
1776182259.629,159.629,0.04,39.72,0.03,428.27,0.05,150.0,0.06,68.0,0.95,145.0,0.94,63.0,0.96,75.72,0.97,396.0,0.01,0.01,2367.841039,1776182258000
1776182259.953,159.953,0.04,39.72,0.03,428.27,0.05,150.0,0.06,68.0,0.95,150.0,0.94,68.0,0.96,39.72,0.97,428.27,0.01,0.01,2367.21314,1776182259000
1776182260.569,160.569,0.03,491.19,0.02,862.92,0.04,185.0,0.05,290.0,0.96,5.0,0.95,250.0,0.97,293.83,0.98,972.92,0.01,0.01,2367.21314,1776182259000
1776182261.195,161.195,0.03,491.19,0.02,862.92,0.04,185.0,0.05,290.0,0.96,185.0,0.95,290.0,0.97,491.19,0.98,862.92,0.01,0.01,2366.778687,1776182260000
1776182261.655,161.655,0.03,260.92,0.02,450.92,0.04,218.0,0.05,110.0,0.96,185.0,0.95,290.0,0.97,491.19,0.98,862.92,0.01,0.01,2366.778687,1776182260000
1776182261.996,161.996,0.03,253.82,0.02,657.64,0.04,323.0,0.05,82.0,0.96,333.0,0.95,110.0,0.97,255.82,0.98,657.64,0.01,0.01,2366.778687,1776182260000
1776182262.504,162.504,0.03,246.82,0.02,657.64,0.04,363.0,0.05,80.0,0.96,323.0,0.95,82.0,0.97,253.82,0.98,657.64,0.01,0.01,2366.778687,1776182260000
1776182262.808,162.808,0.03,241.82,0.02,764.91,0.04,333.0,0.05,110.0,0.96,363.0,0.95,80.0,0.97,246.82,0.98,657.64,0.01,0.01,2366.831945,1776182261000
1776182263.112,163.112,0.03,241.82,0.02,764.91,0.04,333.0,0.05,110.0,0.96,333.0,0.95,110.0,0.97,241.82,0.98,764.91,0.01,0.01,2366.959364,1776182262000
1776182264.337,164.337,0.03,241.82,0.02,764.91,0.04,333.0,0.05,110.0,0.96,333.0,0.95,110.0,0.97,241.82,0.98,764.91,0.01,0.01,2366.39988,1776182263000
1776182264.621,164.621,0.05,38.0,0.04,120.0,0.06,20.0,0.07,60.0,0.95,15.0,0.94,45.0,0.97,501.09,0.98,933.91,0.01,0.02,2366.39988,1776182263000
1776182265.074,165.074,0.05,363.0,0.04,176.72,0.08,116.75,0.09,141.52,0.94,20.0,0.93,60.0,0.95,302.0,0.96,181.72,0.03,0.01,2366.39988,1776182263000
1776182265.399,165.399,0.06,186.61,0.05,48.0,0.07,129.14,0.08,152.75,0.93,10.0,0.92,116.75,0.95,361.94,0.96,211.72,0.01,0.02,2366.39988,1776182263000
1776182265.64,165.64,0.06,124.52,0.05,48.0,0.07,125.0,0.08,183.75,0.93,125.0,0.92,183.75,0.94,124.52,0.95,48.0,0.01,0.01,2366.336315,1776182264000
1776182266.014,166.014,0.06,3.52,0.05,48.0,0.07,125.0,0.08,178.75,0.93,120.0,0.92,183.75,0.94,48.52,0.95,48.0,0.01,0.01,2366.336315,1776182264000
1776182266.228,166.228,0.06,3.52,0.05,48.0,0.07,105.71,0.08,208.75,0.93,105.71,0.92,208.75,0.94,3.52,0.95,48.0,0.01,0.01,2366.361094,1776182265000
1776182267.3,167.3,0.06,3.52,0.05,48.0,0.07,105.71,0.08,208.75,0.93,105.71,0.92,208.75,0.94,3.52,0.95,48.0,0.01,0.01,2367.510463,1776182266000
1776182268.15,168.15,0.06,53.52,0.05,213.0,0.08,246.0,0.09,141.52,0.93,105.71,0.92,208.75,0.94,3.52,0.95,48.0,0.02,0.01,2367.510463,1776182266000
1776182268.672,168.672,0.06,50.39,0.05,213.0,0.07,5.0,0.08,251.0,0.93,35.71,0.92,131.0,0.94,3.52,0.95,98.0,0.01,0.01,2367.510463,1776182266000
1776182270.091,170.091,0.07,50.0,0.06,50.39,0.08,162.0,0.09,91.52,0.93,5.0,0.92,251.0,0.94,50.39,0.95,213.0,0.01,0.01,2367.510463,1776182266000
1776182270.593,170.593,0.06,210.39,0.05,183.27,0.08,27.0,0.09,261.52,0.92,324.7,0.91,96.52,0.94,0.39,0.95,218.0,0.02,0.02,2367.48244,1776182269000
1776182270.877,170.877,0.06,289.32,0.05,183.27,0.09,240.52,0.1,65.0,0.91,240.52,0.9,65.0,0.94,289.32,0.95,183.27,0.03,0.03,2367.63212,1776182270000
1776182271.988,171.988,0.06,289.32,0.05,183.27,0.09,240.52,0.1,65.0,0.91,240.52,0.9,65.0,0.94,289.32,0.95,183.27,0.03,0.03,2367.745976,1776182271000
1776182272.196,172.196,0.07,10.0,0.06,15.0,0.08,167.0,0.09,135.52,0.91,240.52,0.9,65.0,0.94,289.32,0.95,183.27,0.01,0.03,2367.745976,1776182271000
1776182272.851,172.851,0.07,65.0,0.06,115.0,0.09,201.82,0.1,65.0,0.92,122.0,0.91,135.52,0.93,10.0,0.94,15.0,0.02,0.01,2367.745976,1776182271000
1776182273.064,173.064,0.08,55.0,0.07,65.0,0.09,160.82,0.1,130.0,0.91,201.82,0.9,65.0,0.93,65.0,0.94,115.0,0.01,0.02,2368.059445,1776182272000
1776182273.455,173.455,0.08,200.0,0.07,335.0,0.09,143.82,0.1,10.0,0.91,160.82,0.9,130.0,0.92,55.0,0.93,65.0,0.01,0.01,2368.059445,1776182272000
1776182273.857,173.857,0.08,200.0,0.07,335.0,0.09,115.82,0.1,10.0,0.91,115.82,0.9,10.0,0.92,200.0,0.93,335.0,0.01,0.01,2368.049465,1776182273000
1776182274.931,174.931,0.08,200.0,0.07,335.0,0.09,115.82,0.1,10.0,0.91,115.82,0.9,10.0,0.92,200.0,0.93,335.0,0.01,0.01,2368.2043,1776182274000
1776182275.694,175.694,0.08,50.0,0.07,65.0,0.09,114.7,0.1,135.0,0.91,115.82,0.9,10.0,0.92,200.0,0.93,335.0,0.01,0.01,2368.2043,1776182274000
1776182276.621,176.621,0.08,48.8,0.07,65.0,0.09,229.7,0.1,20.0,0.91,114.7,0.9,135.0,0.92,50.0,0.93,65.0,0.01,0.01,2368.457433,1776182275000
1776182277.666,177.666,0.08,49.24,0.07,65.0,0.09,234.7,0.1,20.0,0.91,229.7,0.9,20.0,0.92,48.8,0.93,65.0,0.01,0.01,2368.49365,1776182276000
1776182278.076,178.076,0.08,44.24,0.07,65.0,0.09,174.14,0.1,65.0,0.91,234.7,0.9,20.0,0.92,49.24,0.93,65.0,0.01,0.01,2368.623292,1776182277000
1776182278.967,178.967,0.08,44.24,0.07,65.0,0.09,174.14,0.1,65.0,0.91,174.14,0.9,65.0,0.92,44.24,0.93,65.0,0.01,0.01,2368.432475,1776182278000
1776182279.323,179.323,0.06,54.62,0.05,554.99,0.07,54.11,0.08,205.61,0.93,28.0,0.92,5.0,0.94,59.62,0.95,554.99,0.01,0.01,2368.432475,1776182278000
1776182279.546,179.546,0.06,26.98,0.05,504.72,0.07,44.11,0.08,205.61,0.93,54.11,0.92,205.61,0.94,54.62,0.95,554.99,0.01,0.01,2368.432475,1776182278000
1776182280.367,180.367,0.06,4.68,0.05,301.72,0.07,229.11,0.08,140.61,0.93,44.11,0.92,205.61,0.94,26.98,0.95,504.72,0.01,0.01,2368.432475,1776182278000
1776182280.842,180.842,0.06,0.68,0.05,479.99,0.07,65.42,0.08,185.0,0.93,229.11,0.92,140.61,0.94,4.68,0.95,301.72,0.01,0.01,2368.504672,1776182279000
1776182281.067,181.067,0.06,5.0,0.05,490.99,0.07,75.42,0.08,185.0,0.93,75.42,0.92,185.0,0.94,5.0,0.95,490.99,0.01,0.01,2368.367821,1776182280000
1776182282.165,182.165,0.06,1.0,0.05,490.99,0.07,85.42,0.08,190.0,0.93,85.42,0.92,190.0,0.94,1.0,0.95,490.99,0.01,0.01,2368.146685,1776182281000
1776182282.386,182.386,0.06,319.38,0.05,237.99,0.07,116.15,0.08,25.0,0.93,85.42,0.92,190.0,0.94,1.0,0.95,490.99,0.01,0.01,2368.146685,1776182281000
1776182282.803,182.803,0.06,412.71,0.05,260.99,0.07,22.42,0.08,15.0,0.93,116.15,0.92,25.0,0.94,319.38,0.95,237.99,0.01,0.01,2368.146685,1776182281000
1776182283.013,183.013,0.11,219.02,0.1,96.72,0.12,90.54,0.13,15.0,0.88,86.54,0.87,15.0,0.89,49.02,0.9,50.0,0.01,0.01,2368.146685,1776182282000
1776182283.259,183.259,0.11,10.0,0.1,41.72,0.12,327.09,0.13,135.0,0.88,90.54,0.87,15.0,0.89,219.02,0.9,96.72,0.01,0.01,2368.146685,1776182282000
1776182283.658,183.658,0.07,65.0,0.06,281.38,0.08,59.74,0.1,20.0,0.88,332.09,0.87,135.0,0.92,6.78,0.93,220.0,0.01,0.04,2368.146685,1776182282000
1776182284.177,184.177,0.07,65.0,0.06,281.38,0.08,59.74,0.1,20.0,0.92,59.74,0.9,20.0,0.93,65.0,0.94,281.38,0.01,0.01,2368.293997,1776182283000
1776182285.304,185.304,0.07,65.0,0.06,281.38,0.08,59.74,0.1,20.0,0.92,59.74,0.9,20.0,0.93,65.0,0.94,281.38,0.01,0.01,2368.87335,1776182284000
1776182285.628,185.628,0.07,10.0,0.06,90.0,0.08,177.74,0.09,175.0,0.92,59.74,0.9,20.0,0.93,65.0,0.94,281.38,0.01,0.01,2368.87335,1776182284000
1776182286.433,186.433,0.06,176.0,0.05,333.99,0.08,177.74,0.09,175.0,0.92,177.74,0.91,175.0,0.94,176.0,0.95,333.99,0.02,0.02,2368.743085,1776182285000
1776182287.041,187.041,0.07,4.62,0.06,10.0,0.08,450.63,0.09,70.0,0.92,450.63,0.91,70.0,0.93,4.62,0.94,10.0,0.01,0.01,2368.66865,1776182286000
1776182287.959,187.959,0.06,9.25,0.05,166.78,0.08,272.74,0.09,87.0,0.92,450.63,0.91,70.0,0.93,4.62,0.94,10.0,0.02,0.01,2368.66865,1776182286000
1776182288.267,188.267,0.05,161.51,0.04,192.0,0.06,34.75,0.08,272.74,0.94,34.75,0.92,272.74,0.95,161.51,0.96,192.0,0.01,0.01,2368.48302,1776182287000
1776182289.426,189.426,0.05,161.51,0.04,192.0,0.06,34.75,0.08,272.74,0.94,34.75,0.92,272.74,0.95,161.51,0.96,192.0,0.01,0.01,2368.212715,1776182288000
1776182290.154,190.154,0.05,161.51,0.04,192.0,0.06,34.75,0.08,272.74,0.94,34.75,0.92,272.74,0.95,161.51,0.96,192.0,0.01,0.01,2368.172271,1776182289000
1776182290.578,190.578,0.05,19.72,0.04,15.0,0.06,289.42,0.07,70.0,0.94,34.75,0.92,272.74,0.95,161.51,0.96,192.0,0.01,0.01,2368.172271,1776182289000
1776182291.093,191.093,0.05,19.72,0.04,15.0,0.06,289.42,0.07,70.0,0.94,289.42,0.93,70.0,0.95,19.72,0.96,15.0,0.01,0.01,2368.061428,1776182290000
1776182291.431,191.431,0.05,19.62,0.04,15.0,0.06,269.42,0.07,179.05,0.94,289.42,0.93,70.0,0.95,19.72,0.96,15.0,0.01,0.01,2368.061428,1776182290000
1776182292.322,192.322,0.05,19.62,0.04,15.0,0.06,269.42,0.07,179.05,0.94,269.42,0.93,179.05,0.95,19.62,0.96,15.0,0.01,0.01,2367.699783,1776182291000
1776182293.388,193.388,0.05,19.62,0.04,15.0,0.06,269.42,0.07,179.05,0.94,269.42,0.93,179.05,0.95,19.62,0.96,15.0,0.01,0.01,2367.477505,1776182292000
1776182294.024,194.024,0.05,19.62,0.04,15.0,0.06,269.42,0.07,179.05,0.94,269.42,0.93,179.05,0.95,19.62,0.96,15.0,0.01,0.01,2367.45911,1776182293000
1776182295.143,195.143,0.05,9.14,0.04,15.0,0.06,214.75,0.07,345.96,0.94,269.42,0.93,179.05,0.95,19.62,0.96,15.0,0.01,0.01,2367.45911,1776182293000
1776182295.749,195.749,0.05,2.74,0.04,15.0,0.06,226.75,0.07,278.99,0.94,214.75,0.93,345.96,0.95,9.14,0.96,15.0,0.01,0.01,2367.45911,1776182293000
1776182296.618,196.618,0.04,15.0,0.03,568.54,0.06,231.75,0.07,278.99,0.94,231.75,0.93,278.99,0.96,15.0,0.97,568.54,0.02,0.02,2367.462955,1776182295000
1776182297.068,197.068,0.04,35.25,0.03,568.54,0.05,111.73,0.06,242.75,0.94,231.75,0.93,278.99,0.96,15.0,0.97,568.54,0.01,0.02,2367.462955,1776182295000
1776182297.284,197.284,0.04,35.25,0.03,568.54,0.05,111.73,0.06,242.75,0.95,111.73,0.94,242.75,0.96,35.25,0.97,568.54,0.01,0.01,2367.464939,1776182296000
1776182297.646,197.646,0.03,470.34,0.02,765.91,0.05,111.73,0.06,266.75,0.95,111.73,0.94,266.75,0.97,563.54,0.98,765.91,0.02,0.02,2367.464939,1776182296000
1776182298.49,198.49,0.03,470.34,0.02,765.91,0.05,111.73,0.06,266.75,0.95,111.73,0.94,266.75,0.97,470.34,0.98,765.91,0.02,0.02,2367.466399,1776182297000
1776182299.064,199.064,0.03,470.34,0.02,765.91,0.05,111.73,0.06,266.75,0.95,111.73,0.94,266.75,0.97,470.34,0.98,765.91,0.02,0.02,2367.461335,1776182298000
1776182300.35,200.35,0.03,470.34,0.02,765.91,0.05,111.73,0.06,266.75,0.95,111.73,0.94,266.75,0.97,470.34,0.98,765.91,0.02,0.02,2367.527298,1776182299000
1776182301.22,201.22,0.04,5.0,0.03,263.62,0.05,194.83,0.06,335.74,0.95,111.73,0.94,266.75,0.97,470.34,0.98,765.91,0.01,0.02,2367.527298,1776182299000
1776182301.48,201.48,0.04,5.0,0.03,263.62,0.05,194.83,0.06,335.74,0.95,194.83,0.94,335.74,0.96,5.0,0.97,263.62,0.01,0.01,2367.571046,1776182300000
1776182302.093,202.093,0.04,5.0,0.03,263.62,0.05,194.83,0.06,335.74,0.95,194.83,0.94,335.74,0.96,5.0,0.97,263.62,0.01,0.01,2367.555903,1776182301000
1776182302.58,202.58,0.03,263.62,0.02,851.91,0.05,176.83,0.06,316.8,0.95,194.83,0.94,335.74,0.96,5.0,0.97,263.62,0.02,0.01,2367.555903,1776182301000
1776182303.24,203.24,0.03,263.62,0.02,851.91,0.05,176.83,0.06,316.8,0.95,176.83,0.94,316.8,0.97,263.62,0.98,851.91,0.02,0.02,2367.534318,1776182302000
1776182304.238,204.238,0.03,291.28,0.02,851.91,0.04,71.0,0.05,190.0,0.95,176.83,0.94,316.8,0.97,263.62,0.98,851.91,0.01,0.02,2367.534318,1776182302000
1776182304.918,204.918,0.03,291.28,0.02,851.91,0.04,71.0,0.05,190.0,0.96,71.0,0.95,190.0,0.97,291.28,0.98,851.91,0.01,0.01,2367.572984,1776182304000
1776182306.054,206.054,0.03,291.28,0.02,851.91,0.04,71.0,0.05,190.0,0.96,71.0,0.95,190.0,0.97,291.28,0.98,851.91,0.01,0.01,2367.521918,1776182305000
1776182307.275,207.275,0.03,291.28,0.02,851.91,0.04,71.0,0.05,190.0,0.96,71.0,0.95,190.0,0.97,291.28,0.98,851.91,0.01,0.01,2367.503356,1776182306000
1776182308.417,208.417,0.03,291.28,0.02,851.91,0.04,71.0,0.05,190.0,0.96,71.0,0.95,190.0,0.97,291.28,0.98,851.91,0.01,0.01,2367.4526,1776182307000
1776182308.656,208.656,0.03,112.62,0.02,485.92,0.04,399.99,0.05,317.99,0.96,71.0,0.95,190.0,0.97,291.28,0.98,851.91,0.01,0.01,2367.4526,1776182307000
1776182308.896,208.896,0.03,112.62,0.02,485.92,0.04,399.99,0.05,317.99,0.96,399.99,0.95,317.99,0.97,112.62,0.98,485.92,0.01,0.01,2367.417788,1776182308000
1776182310.143,210.143,0.03,112.62,0.02,485.92,0.04,399.99,0.05,317.99,0.96,399.99,0.95,317.99,0.97,112.62,0.98,485.92,0.01,0.01,2367.269263,1776182309000
1776182310.647,210.647,0.03,105.62,0.02,485.92,0.04,377.99,0.05,324.99,0.96,399.99,0.95,317.99,0.97,112.62,0.98,485.92,0.01,0.01,2367.269263,1776182309000
1776182311.09,211.09,0.02,516.01,0.01,2546.99,0.03,338.0,0.04,372.99,0.97,338.0,0.96,372.99,0.98,516.01,0.99,2546.99,0.01,0.01,2367.033915,1776182310000
1776182311.532,211.532,0.02,476.31,0.01,2546.99,0.03,368.2,0.04,359.99,0.97,368.2,0.96,359.99,0.98,487.43,0.99,2546.99,0.01,0.01,2367.033915,1776182310000
1776182312.048,212.048,0.02,471.25,0.01,2546.99,0.03,373.2,0.04,359.99,0.97,373.2,0.96,359.99,0.98,471.25,0.99,2546.99,0.01,0.01,2366.97372,1776182311000
1776182313.098,213.098,0.02,471.25,0.01,2546.99,0.03,373.2,0.04,359.99,0.97,373.2,0.96,359.99,0.98,471.25,0.99,2546.99,0.01,0.01,2366.974626,1776182312000
1776182313.541,213.541,0.02,467.25,0.01,2602.99,0.03,353.2,0.04,303.99,0.97,373.2,0.96,359.99,0.98,471.25,0.99,2546.99,0.01,0.01,2366.974626,1776182312000
1776182313.744,213.744,0.02,455.25,0.01,2602.99,0.03,353.2,0.04,303.99,0.97,353.2,0.96,303.99,0.98,462.25,0.99,2602.99,0.01,0.01,2366.974626,1776182312000
1776182314.047,214.047,0.02,455.25,0.01,2602.99,0.03,353.2,0.04,303.99,0.97,353.2,0.96,303.99,0.98,455.25,0.99,2602.99,0.01,0.01,2366.979755,1776182313000
1776182314.414,214.414,0.02,284.75,0.01,2581.99,0.03,260.2,0.04,432.99,0.97,353.2,0.96,303.99,0.98,455.25,0.99,2602.99,0.01,0.01,2366.979755,1776182313000
1776182314.959,214.959,0.02,284.75,0.01,2581.99,0.03,260.2,0.04,432.99,0.97,260.2,0.96,432.99,0.98,284.75,0.99,2581.99,0.01,0.01,2367.031077,1776182314000
1776182315.266,215.266,0.02,300.25,0.01,2400.99,0.03,280.2,0.04,487.99,0.97,280.2,0.96,487.99,0.98,305.25,0.99,2400.99,0.01,0.01,2367.031077,1776182314000
1776182315.904,215.904,0.02,139.75,0.01,1997.99,0.03,491.2,0.04,432.94,0.97,319.2,0.96,420.94,0.98,220.25,0.99,2400.99,0.01,0.01,2367.031077,1776182314000
1776182316.579,216.579,0.02,76.28,0.01,1945.99,0.03,482.14,0.04,439.94,0.97,491.2,0.96,432.94,0.98,129.75,0.99,1997.99,0.01,0.01,2366.956051,1776182315000
1776182316.994,216.994,0.02,76.28,0.01,1945.99,0.03,482.14,0.04,439.94,0.97,482.14,0.96,439.94,0.98,76.28,0.99,1945.99,0.01,0.01,2366.955259,1776182316000
1776182317.788,217.788,0.02,56.28,0.01,1922.99,0.03,618.45,0.04,449.94,0.97,482.14,0.96,439.94,0.98,76.28,0.99,1945.99,0.01,0.01,2366.955259,1776182316000
1776182318.015,218.015,0.02,51.28,0.01,1922.99,0.03,618.45,0.04,449.94,0.97,618.45,0.96,449.94,0.98,51.28,0.99,1922.99,0.01,0.01,2366.766795,1776182317000
1776182318.453,218.453,0.01,1911.72,,,0.02,29.22,0.03,603.45,0.97,618.45,0.96,449.94,0.98,51.28,0.99,1922.99,0.01,0.01,2366.766795,1776182317000
1776182318.758,218.758,0.01,2007.72,,,0.02,173.22,0.03,503.45,0.98,29.22,0.97,603.45,0.99,1911.72,,,0.01,0.01,2366.766795,1776182317000
1776182319.044,219.044,0.01,1947.0,,,0.02,246.22,0.03,516.45,0.98,173.22,0.97,503.45,0.99,2007.72,,,0.01,0.01,2366.766795,1776182317000
1776182319.857,219.857,0.01,1498.0,,,0.02,257.0,0.03,544.45,0.98,246.22,0.97,516.45,0.99,1937.0,,,0.01,0.01,2366.702243,1776182318000
1776182320.136,220.136,0.01,1403.0,,,0.02,262.0,0.03,659.45,0.98,257.0,0.97,544.45,0.99,1498.0,,,0.01,0.01,2366.643893,1776182319000
1776182320.355,220.355,0.01,1353.0,,,0.02,338.99,0.03,689.5,0.98,262.0,0.97,659.45,0.99,1403.0,,,0.01,0.01,2366.643893,1776182319000
1776182320.693,220.693,0.01,1419.78,,,0.02,358.99,0.03,722.5,0.98,333.99,0.97,689.5,0.99,1348.0,,,0.01,0.01,2366.643893,1776182319000
1776182320.957,220.957,0.01,1414.73,,,0.02,363.99,0.03,727.5,0.98,363.99,0.97,727.5,0.99,1414.73,,,0.01,0.01,2366.625437,1776182320000
1776182321.193,221.193,0.01,1192.73,,,0.02,363.99,0.03,738.5,0.98,363.99,0.97,727.5,0.99,1414.73,,,0.01,0.01,2366.625437,1776182320000
1776182321.406,221.406,0.01,1182.73,,,0.02,381.99,0.03,738.5,0.98,363.99,0.97,738.5,0.99,1192.73,,,0.01,0.01,2366.625437,1776182320000
1776182321.617,221.617,0.01,1187.73,,,0.02,366.99,0.03,733.5,0.98,366.99,0.97,738.5,0.99,1192.73,,,0.01,0.01,2366.625437,1776182320000
1776182321.826,221.826,0.01,1157.53,,,0.02,376.99,0.03,733.5,0.98,366.99,0.97,733.5,0.99,1177.73,,,0.01,0.01,2366.625437,1776182320000
1776182322.149,222.149,0.01,1026.53,,,0.02,292.99,0.03,739.5,0.98,376.99,0.97,733.5,0.99,1157.53,,,0.01,0.01,2366.441368,1776182321000
1776182322.694,222.694,0.01,1117.53,,,0.02,270.99,0.03,721.51,0.98,318.99,0.97,792.5,0.99,1016.53,,,0.01,0.01,2366.441368,1776182321000
1776182322.969,222.969,0.01,1042.53,,,0.02,270.99,0.03,721.51,0.98,270.99,0.97,721.51,0.99,1117.53,,,0.01,0.01,2365.980018,1776182322000
1776182323.249,223.249,0.01,1011.51,,,0.02,265.99,0.03,721.51,0.98,270.99,0.97,721.51,0.99,1041.51,,,0.01,0.01,2365.980018,1776182322000
1776182323.522,223.522,0.01,991.3,,,0.02,265.99,0.03,721.51,0.98,265.99,0.97,721.51,0.99,1011.51,,,0.01,0.01,2365.980018,1776182322000
1776182323.798,223.798,0.01,988.28,,,0.02,255.99,0.03,726.51,0.98,265.99,0.97,721.51,0.99,990.28,,,0.01,0.01,2365.980018,1776182322000
1776182324.099,224.099,0.01,841.81,,,0.02,402.99,0.03,626.51,0.98,255.99,0.97,726.51,0.99,963.02,,,0.01,0.01,2365.980018,1776182322000
1776182324.424,224.424,0.01,827.26,,,0.02,443.99,0.03,631.51,0.98,402.99,0.97,626.51,0.99,841.81,,,0.01,0.01,2365.980018,1776182322000
1776182324.805,224.805,,,,,0.01,1652.74,0.02,410.99,0.99,1596.74,0.98,433.99,,,,,,,2365.980018,1776182322000
1776182325.191,225.191,,,,,0.01,1670.07,0.02,395.99,0.99,1670.07,0.98,395.99,,,,,,,2365.62435,1776182323000
1776182325.806,225.806,,,,,0.01,1720.37,0.02,395.99,0.99,1720.37,0.98,395.99,,,,,,,2365.436603,1776182324000
1776182326.516,226.516,,,,,0.01,1720.37,0.02,395.99,0.99,1720.37,0.98,395.99,,,,,,,2365.39468,1776182325000
1776182327.436,227.436,,,,,0.01,1720.37,0.02,395.99,0.99,1720.37,0.98,395.99,,,,,,,2365.39541,1776182326000
1776182328.182,228.182,,,,,0.01,1728.59,0.02,229.99,0.99,1728.59,0.98,229.99,,,,,,,2365.645164,1776182327000
1776182329.724,229.724,,,,,0.01,1728.59,0.02,229.99,0.99,1728.59,0.98,229.99,,,,,,,2365.71135,1776182328000
1776182330.317,230.317,,,,,0.01,1728.59,0.02,229.99,0.99,1728.59,0.98,229.99,,,,,,,2365.71041,1776182329000
1776182331.211,231.211,,,,,0.01,1728.59,0.02,229.99,0.99,1728.59,0.98,229.99,,,,,,,2365.780201,1776182330000
1776182332.577,232.577,,,,,0.01,1661.16,0.02,308.99,0.99,1728.59,0.98,229.99,,,,,,,2365.780201,1776182330000
1776182333.263,233.263,,,,,0.01,1661.16,0.02,308.99,0.99,1661.16,0.98,308.99,,,,,,,2365.70277,1776182332000
1776182333.565,233.565,,,,,0.01,1558.2,0.02,296.99,0.99,1661.16,0.98,308.99,,,,,,,2365.70277,1776182332000
1776182334.75,234.75,,,,,0.01,1558.2,0.02,296.99,0.99,1558.2,0.98,296.99,,,,,,,2365.64502,1776182333000
1776182335.55,235.55,,,,,0.01,1558.2,0.02,296.99,0.99,1558.2,0.98,296.99,,,,,,,2365.65199,1776182334000
1776182336.346,236.346,,,,,0.01,1558.2,0.02,296.99,0.99,1558.2,0.98,296.99,,,,,,,2366.078028,1776182335000
1776182337.675,237.675,,,,,0.01,1548.2,0.02,120.05,0.99,1548.2,0.98,120.05,,,,,,,2366.234585,1776182336000
1776182337.9,237.9,,,,,0.02,38.0,0.03,401.56,0.99,89.53,0.98,38.0,,,,,,,2366.234585,1776182336000
1776182338.607,238.607,,,,,0.02,18.0,0.03,391.25,0.98,18.0,0.97,391.25,,,,,,,2366.392594,1776182337000
1776182338.903,238.903,0.01,221.48,,,0.02,5.0,0.03,515.2,0.98,93.0,0.97,444.2,0.99,8.48,,,0.01,0.01,2366.392594,1776182337000
1776182339.127,239.127,0.01,191.48,,,0.02,5.0,0.03,515.2,0.98,5.0,0.97,515.2,0.99,191.48,,,0.01,0.01,2366.541898,1776182338000
1776182340.0,240.0,,,,,0.02,52.71,0.03,400.2,0.99,7.52,0.98,10.19,,,,,,,2366.541898,1776182338000
1776182340.567,240.567,,,,,0.03,334.39,0.04,70.0,0.98,52.71,0.97,400.2,,,,,,,2366.541898,1776182338000
1776182340.918,240.918,,,,,0.01,428.41,0.02,5.0,0.99,408.41,0.98,5.0,,,,,,,2367.06454,1776182339000
1776182341.373,241.373,,,,,0.01,408.41,0.02,5.0,0.99,408.41,0.98,5.0,,,,,,,2367.142648,1776182340000
1776182342.047,242.047,,,,,0.01,328.41,0.02,5.0,0.99,408.41,0.98,5.0,,,,,,,2367.142648,1776182340000
1776182342.413,242.413,,,,,0.01,228.41,0.02,13.0,0.99,328.41,0.98,5.0,,,,,,,2367.142648,1776182340000
1776182342.884,242.884,,,,,0.01,228.41,0.02,13.0,0.99,228.41,0.98,13.0,,,,,,,2367.38133,1776182341000
1776182343.369,243.369,,,,,0.01,228.41,0.02,13.0,0.99,228.41,0.98,13.0,,,,,,,2367.262578,1776182342000
1776182343.979,243.979,,,,,0.01,228.41,0.02,13.0,0.99,228.41,0.98,13.0,,,,,,,2367.201824,1776182343000
1776182345.176,245.176,,,,,0.01,228.41,0.02,13.0,0.99,228.41,0.98,13.0,,,,,,,2367.194923,1776182344000
1776182346.219,246.219,,,,,0.01,228.41,0.02,13.0,0.99,228.41,0.98,13.0,,,,,,,2367.189912,1776182345000
1776182346.631,246.631,,,,,0.01,149.47,0.02,191.0,0.99,228.41,0.98,13.0,,,,,,,2367.189912,1776182345000
1776182347.279,247.279,,,,,0.01,149.47,0.02,191.0,0.99,149.47,0.98,191.0,,,,,,,2367.25473,1776182346000
1776182347.849,247.849,,,,,0.01,59.47,0.02,191.0,0.99,149.47,0.98,191.0,,,,,,,2367.25473,1776182346000
1776182348.371,248.371,,,,,0.01,59.47,0.02,191.0,0.99,59.47,0.98,191.0,,,,,,,2366.912029,1776182347000
1776182348.923,248.923,,,,,0.01,59.47,0.02,191.0,0.99,59.47,0.98,191.0,,,,,,,2366.82134,1776182348000
1776182350.023,250.023,,,,,0.01,59.47,0.02,191.0,0.99,59.47,0.98,191.0,,,,,,,2366.74589,1776182349000
1776182351.13,251.13,,,,,0.01,59.47,0.02,191.0,0.99,59.47,0.98,191.0,,,,,,,2366.737664,1776182350000
1776182352.236,252.236,,,,,0.01,59.47,0.02,191.0,0.99,59.47,0.98,191.0,,,,,,,2366.3247,1776182351000
1776182353.394,253.394,,,,,0.01,59.47,0.02,191.0,0.99,59.47,0.98,191.0,,,,,,,2366.0418,1776182352000
1776182353.941,253.941,,,,,0.01,59.47,0.02,191.0,0.99,59.47,0.98,191.0,,,,,,,2365.991375,1776182353000
1776182355.029,255.029,,,,,0.01,59.47,0.02,191.0,0.99,59.47,0.98,191.0,,,,,,,2364.952966,1776182354000
1776182356.158,256.158,,,,,0.01,59.47,0.02,191.0,0.99,59.47,0.98,191.0,,,,,,,2364.64015,1776182355000
1776182357.161,257.161,,,,,0.01,59.47,0.02,191.0,0.99,59.47,0.98,191.0,,,,,,,2364.415971,1776182356000
1776182359.251,259.251,,,,,0.01,59.47,0.02,191.0,0.99,59.47,0.98,191.0,,,,,,,2364.467555,1776182358000
1776182360.763,260.763,,,,,0.01,59.47,0.02,191.0,0.99,59.47,0.98,191.0,,,,,,,2364.464185,1776182359000
1776182361.341,261.341,,,,,0.01,59.47,0.02,191.0,0.99,59.47,0.98,191.0,,,,,,,2364.488855,1776182360000
1776182362.258,262.258,,,,,0.01,59.47,0.02,191.0,0.99,59.47,0.98,191.0,,,,,,,2364.46697,1776182361000
1776182363.546,263.546,,,,,0.01,59.47,0.02,191.0,0.99,59.47,0.98,191.0,,,,,,,2364.373815,1776182362000
1776182364.333,264.333,,,,,0.01,59.47,0.02,191.0,0.99,59.47,0.98,191.0,,,,,,,2364.465955,1776182363000
1776182365.714,265.714,,,,,0.01,59.47,0.02,191.0,0.99,59.47,0.98,191.0,,,,,,,2364.55884,1776182364000
1776182366.26,266.26,,,,,0.01,59.47,0.02,191.0,0.99,59.47,0.98,191.0,,,,,,,2364.51692,1776182365000
1776182367.593,267.593,,,,,0.01,59.47,0.02,191.0,0.99,59.47,0.98,191.0,,,,,,,2364.459641,1776182366000
1776182368.209,268.209,,,,,0.01,59.47,0.02,191.0,0.99,59.47,0.98,191.0,,,,,,,2364.56417,1776182367000
1776182369.701,269.701,,,,,0.01,59.47,0.02,191.0,0.99,59.47,0.98,191.0,,,,,,,2364.998035,1776182368000
1776182370.41,270.41,,,,,0.01,59.47,0.02,191.0,0.99,59.47,0.98,191.0,,,,,,,2365.145861,1776182369000
1776182371.029,271.029,,,,,0.01,59.47,0.02,191.0,0.99,59.47,0.98,191.0,,,,,,,2365.09614,1776182370000
1776182372.495,272.495,,,,,0.01,59.47,0.02,191.0,0.99,59.47,0.98,191.0,,,,,,,2364.984215,1776182371000
1776182373.132,273.132,,,,,0.01,59.47,0.02,191.0,0.99,59.47,0.98,191.0,,,,,,,2364.89582,1776182372000
1776182374.48,274.48,,,,,0.01,59.47,0.02,191.0,0.99,59.47,0.98,191.0,,,,,,,2364.724985,1776182373000
1776182375.57,275.57,,,,,0.01,59.47,0.02,191.0,0.99,59.47,0.98,191.0,,,,,,,2364.808385,1776182374000
1776182376.072,276.072,,,,,0.01,59.47,0.02,191.0,0.99,59.47,0.98,191.0,,,,,,,2364.82853,1776182375000
1776182377.12,277.12,,,,,0.01,59.47,0.02,191.0,0.99,59.47,0.98,191.0,,,,,,,2364.78993,1776182376000
1776182378.217,278.217,,,,,0.01,59.47,0.02,191.0,0.99,59.47,0.98,191.0,,,,,,,2364.325234,1776182377000
1776182379.298,279.298,,,,,0.01,59.47,0.02,191.0,0.99,59.47,0.98,191.0,,,,,,,2363.816675,1776182378000
1776182380.361,280.361,,,,,0.01,59.47,0.02,191.0,0.99,59.47,0.98,191.0,,,,,,,2364.077767,1776182379000
1776182381.377,281.377,,,,,0.01,59.47,0.02,191.0,0.99,59.47,0.98,191.0,,,,,,,2364.22301,1776182380000
1776182382.377,282.377,,,,,0.01,59.47,0.02,191.0,0.99,59.47,0.98,191.0,,,,,,,2364.357985,1776182381000
1776182383.308,283.308,,,,,0.01,59.47,0.02,191.0,0.99,59.47,0.98,191.0,,,,,,,2364.48901,1776182382000
1776182384.331,284.331,,,,,0.01,59.47,0.02,191.0,0.99,59.47,0.98,191.0,,,,,,,2364.350265,1776182383000
1776182385.354,285.354,,,,,0.01,59.47,0.02,191.0,0.99,59.47,0.98,191.0,,,,,,,2364.4603,1776182384000
1776182385.919,285.919,,,,,0.01,59.47,0.02,191.0,0.99,59.47,0.98,191.0,,,,,,,2364.48213,1776182385000
1776182387.01,287.01,,,,,0.01,59.47,0.02,191.0,0.99,59.47,0.98,191.0,,,,,,,2364.52754,1776182386000
1776182388.1,288.1,,,,,0.01,59.47,0.02,191.0,0.99,59.47,0.98,191.0,,,,,,,2365.298547,1776182387000
1776182389.072,289.072,,,,,0.01,59.47,0.02,191.0,0.99,59.47,0.98,191.0,,,,,,,2365.65743,1776182388000
1776182390.563,290.563,,,,,0.01,59.47,0.02,191.0,0.99,59.47,0.98,191.0,,,,,,,2365.700645,1776182389000
1776182391.067,291.067,,,,,0.01,59.47,0.02,191.0,0.99,59.47,0.98,191.0,,,,,,,2365.476169,1776182390000
1776182392.109,292.109,,,,,0.01,59.47,0.02,191.0,0.99,59.47,0.98,191.0,,,,,,,2365.304931,1776182391000
1776182393.285,293.285,,,,,0.01,59.47,0.02,191.0,0.99,59.47,0.98,191.0,,,,,,,2365.35275,1776182392000
1776182394.854,294.854,,,,,0.01,59.47,0.02,191.0,0.99,59.47,0.98,191.0,,,,,,,2365.381165,1776182393000
1776182395.448,295.448,,,,,0.01,59.47,0.02,191.0,0.99,59.47,0.98,191.0,,,,,,,2365.400625,1776182394000
1776182396.062,296.062,,,,,0.01,59.47,0.02,191.0,0.99,59.47,0.98,191.0,,,,,,,2365.430678,1776182395000
1776182397.13,297.13,,,,,0.01,59.47,0.02,191.0,0.99,59.47,0.98,191.0,,,,,,,2365.510811,1776182396000
1776182398.252,298.252,,,,,0.01,59.47,0.02,191.0,0.99,59.47,0.98,191.0,,,,,,,2365.58167,1776182397000
1776182399.419,299.419,,,,,0.01,59.47,0.02,191.0,0.99,59.47,0.98,191.0,,,,,,,2365.60739,1776182398000
1776182400.393,300.393,,,,,0.01,59.47,0.02,191.0,0.99,59.47,0.98,191.0,,,,,,,2365.593615,1776182399000
1776182401.013,301.013,,,,,0.01,59.47,0.02,191.0,0.99,59.47,0.98,191.0,,,,,,,2365.585875,1776182400000
1776182402.226,302.226,,,,,0.01,59.47,0.02,191.0,0.99,59.47,0.98,191.0,,,,,,,2365.35345,1776182401000

# RESULT,winner=Down,slug=eth-updown-5m-1776182100,ticks=521
