timestamp,elapsed_sec,up_bid_p1,up_bid_s1,up_bid_p2,up_bid_s2,up_ask_p1,up_ask_s1,up_ask_p2,up_ask_s2,down_bid_p1,down_bid_s1,down_bid_p2,down_bid_s2,down_ask_p1,down_ask_s1,down_ask_p2,down_ask_s2,up_spread,down_spread,eth_price,eth_oracle_ts
1776328500.738,0.738,0.5,7.0,0.46,69.58,0.54,220.0,0.55,70.0,0.5,5.0,0.46,220.0,0.54,69.58,0.55,70.0,0.04,0.04,2342.875092,1776328499000
1776328500.96,0.96,0.5,7.0,0.46,69.58,0.54,220.0,0.55,70.0,0.46,220.0,0.45,70.0,0.5,7.0,0.54,69.58,0.04,0.04,2342.818804,1776328500000
1776328501.949,1.949,0.46,69.58,0.45,70.0,0.49,131.0,0.54,220.0,0.51,131.0,0.46,220.0,0.54,69.58,0.55,70.0,0.03,0.03,2342.926536,1776328501000
1776328502.465,2.465,0.46,18.72,0.45,75.0,0.49,136.0,0.54,70.0,0.51,136.0,0.46,70.0,0.52,49.0,0.53,22.0,0.03,0.01,2342.926536,1776328501000
1776328502.843,2.843,0.47,5.0,0.46,18.72,0.49,134.87,0.54,70.0,0.51,136.0,0.46,70.0,0.53,12.96,0.54,30.72,0.02,0.02,2342.926536,1776328501000
1776328503.095,3.095,0.48,28.59,0.47,16.0,0.49,134.87,0.54,70.0,0.51,134.87,0.46,70.0,0.53,5.0,0.54,18.72,0.01,0.02,2342.94919,1776328502000
1776328503.878,3.878,0.48,28.59,0.47,16.0,0.49,134.87,0.54,70.0,0.51,134.87,0.46,70.0,0.52,28.59,0.53,16.0,0.01,0.01,2342.977275,1776328503000
1776328504.783,4.783,0.48,28.59,0.47,16.0,0.49,134.87,0.54,70.0,0.51,134.87,0.46,70.0,0.52,28.59,0.53,16.0,0.01,0.01,2342.957175,1776328504000
1776328505.763,5.763,0.48,46.99,0.47,16.0,0.49,129.87,0.54,75.0,0.51,134.87,0.46,70.0,0.52,28.59,0.53,16.0,0.01,0.01,2342.957175,1776328504000
1776328506.419,6.419,0.48,53.99,0.47,16.0,0.49,124.87,0.54,75.0,0.51,129.87,0.46,75.0,0.52,43.99,0.53,16.0,0.01,0.01,2342.957175,1776328504000
1776328507.124,7.124,0.48,53.99,0.47,16.0,0.49,124.87,0.54,75.0,0.51,124.87,0.46,75.0,0.52,53.99,0.53,16.0,0.01,0.01,2342.982605,1776328506000
1776328507.586,7.586,0.48,48.22,0.47,78.19,0.49,129.87,0.54,75.0,0.51,124.87,0.46,75.0,0.52,53.99,0.53,16.0,0.01,0.01,2342.982605,1776328506000
1776328507.875,7.875,0.48,75.98,0.47,21.0,0.49,119.87,0.54,70.0,0.51,129.87,0.46,75.0,0.52,48.22,0.53,78.19,0.01,0.01,2342.982605,1776328506000
1776328508.313,8.313,0.48,75.98,0.47,26.0,0.54,70.0,0.55,70.0,0.46,70.0,0.45,70.0,0.52,75.98,0.53,26.0,0.06,0.06,2342.961295,1776328507000
1776328508.643,8.643,0.53,21.68,0.52,5.0,0.54,70.0,0.55,75.0,0.46,70.0,0.45,70.0,0.52,75.98,0.53,26.0,0.01,0.06,2342.961295,1776328507000
1776328509.011,9.011,0.53,19.55,0.52,5.0,0.54,70.0,0.55,75.0,0.46,70.0,0.45,75.0,0.47,19.55,0.48,5.0,0.01,0.01,2342.961585,1776328508000
1776328509.526,9.526,0.53,14.74,0.52,5.0,0.54,70.0,0.55,75.0,0.46,70.0,0.45,75.0,0.47,19.55,0.48,5.0,0.01,0.01,2342.961585,1776328508000
1776328509.839,9.839,0.53,9.74,0.52,5.0,0.54,70.0,0.55,75.0,0.46,70.0,0.45,75.0,0.47,14.74,0.48,5.0,0.01,0.01,2342.961585,1776328508000
1776328510.149,10.149,0.53,9.74,0.52,5.0,0.54,70.0,0.55,75.0,0.46,70.0,0.45,75.0,0.47,9.74,0.48,5.0,0.01,0.01,2343.06335,1776328509000
1776328511.224,11.224,0.53,15.24,0.52,10.5,0.54,69.44,0.55,90.5,0.46,69.44,0.45,75.0,0.47,9.74,0.48,5.0,0.01,0.01,2343.06335,1776328509000
1776328512.393,12.393,0.53,10.73,0.52,10.5,0.54,69.44,0.55,90.5,0.46,69.44,0.45,90.5,0.47,10.24,0.48,10.5,0.01,0.01,2343.13162,1776328511000
1776328513.214,13.214,0.52,5.79,0.51,5.0,0.54,79.94,0.55,90.5,0.46,69.44,0.45,90.5,0.47,10.73,0.48,10.5,0.02,0.01,2343.078265,1776328512000
1776328514.459,14.459,0.52,14.54,0.51,5.0,0.53,5.0,0.54,79.94,0.46,79.94,0.45,90.5,0.48,5.79,0.49,5.0,0.01,0.02,2343.038932,1776328513000
1776328514.742,14.742,0.52,4.54,0.51,15.5,0.53,5.0,0.54,79.94,0.47,5.0,0.46,79.94,0.48,14.54,0.49,5.0,0.01,0.01,2343.038932,1776328513000
1776328515.068,15.068,0.51,15.5,0.5,5.0,0.54,69.44,0.55,85.5,0.47,5.0,0.46,79.94,0.48,4.54,0.49,15.5,0.03,0.01,2343.038932,1776328514000
1776328515.968,15.968,0.53,15.0,0.52,16.5,0.54,59.44,0.55,85.5,0.46,69.44,0.45,85.5,0.49,15.5,0.5,5.0,0.01,0.03,2343.038932,1776328514000
1776328516.361,16.361,0.53,15.0,0.52,6.0,0.54,64.44,0.55,85.5,0.46,59.44,0.45,85.5,0.47,15.0,0.48,16.5,0.01,0.01,2343.072515,1776328515000
1776328518.085,18.085,0.46,0.61,0.45,21.5,0.49,20.5,0.5,162.5,0.46,64.44,0.45,85.5,0.47,15.0,0.48,6.0,0.03,0.01,2343.067895,1776328516000
1776328518.912,18.912,0.45,126.59,0.44,225.0,0.46,60.1,0.49,5.0,0.54,69.39,0.53,80.0,0.55,14.59,0.56,5.0,0.01,0.01,2343.075525,1776328517000
1776328523.07,23.07,0.5,15.0,0.49,30.5,0.52,68.59,0.53,15.5,0.48,49.82,0.47,15.5,0.51,10.5,0.52,10.0,0.02,0.03,2343.0671,1776328521000
1776328523.455,23.455,0.5,13.0,0.49,30.5,0.52,73.59,0.53,15.5,0.48,68.59,0.47,15.5,0.5,15.0,0.51,30.5,0.02,0.02,2343.0671,1776328521000
1776328524.451,24.451,0.51,2.95,0.5,23.5,0.52,68.59,0.54,15.5,0.48,73.59,0.47,15.5,0.5,13.0,0.51,30.5,0.01,0.02,2343.0671,1776328522000
1776328524.694,24.694,0.51,21.0,0.5,23.5,0.52,38.59,0.53,15.5,0.48,68.59,0.46,15.5,0.49,2.95,0.5,23.5,0.01,0.01,2343.07668,1776328523000
1776328526.748,26.748,0.5,98.93,0.49,30.5,0.51,16.68,0.52,31.59,0.48,38.59,0.47,15.5,0.49,21.0,0.5,23.5,0.01,0.01,2343.072445,1776328525000
1776328528.095,28.095,0.5,56.0,0.49,30.5,0.51,19.71,0.52,31.59,0.49,16.68,0.48,31.59,0.5,98.93,0.51,30.5,0.01,0.01,2343.1224,1776328526000
1776328528.409,28.409,0.48,10.5,0.47,20.5,0.51,37.21,0.52,42.09,0.49,19.71,0.48,31.59,0.5,56.0,0.51,30.5,0.03,0.01,2343.1074,1776328527000
1776328528.775,28.775,0.47,96.85,0.46,29.0,0.48,12.43,0.49,5.0,0.51,5.0,0.5,5.0,0.52,5.5,0.53,20.5,0.01,0.01,2343.1074,1776328527000
1776328529.553,29.553,0.47,96.85,0.46,29.0,0.48,29.98,0.49,5.0,0.52,12.43,0.51,5.0,0.53,96.85,0.54,29.0,0.01,0.01,2343.1074,1776328527000
1776328530.163,30.163,0.47,86.81,0.46,24.0,0.48,24.98,0.51,9.71,0.52,29.98,0.51,5.0,0.53,96.85,0.54,29.0,0.01,0.01,2343.076415,1776328528000
1776328530.57,30.57,0.5,12.85,0.49,24.32,0.51,9.71,0.52,6.95,0.49,9.71,0.48,6.95,0.51,10.32,0.52,10.5,0.01,0.02,2343.076415,1776328529000
1776328530.782,30.782,0.5,70.67,0.49,29.32,0.51,9.71,0.52,6.95,0.49,9.71,0.48,6.95,0.5,12.85,0.51,24.32,0.01,0.01,2343.076415,1776328529000
1776328531.207,31.207,0.5,65.68,0.49,29.32,0.51,7.74,0.52,6.95,0.49,7.74,0.48,6.95,0.5,70.67,0.51,29.32,0.01,0.01,2343.057185,1776328530000
1776328531.592,31.592,0.5,65.68,0.49,34.32,0.51,11.77,0.52,6.95,0.49,7.74,0.48,6.95,0.5,65.68,0.51,29.32,0.01,0.01,2343.057185,1776328530000
1776328531.913,31.913,0.5,63.68,0.49,34.32,0.51,11.77,0.52,6.95,0.49,11.77,0.48,6.95,0.5,60.68,0.51,34.32,0.01,0.01,2343.057185,1776328530000
1776328533.394,33.394,0.5,63.68,0.49,29.32,0.51,16.77,0.52,6.77,0.49,11.77,0.48,6.95,0.5,63.68,0.51,34.32,0.01,0.01,2343.12475,1776328532000
1776328535.204,35.204,0.5,27.67,0.49,5.0,0.51,51.7,0.52,15.5,0.47,13.75,0.46,15.5,0.5,63.68,0.51,29.32,0.01,0.03,2343.13853,1776328533000
1776328536.216,36.216,0.47,104.84,0.46,51.02,0.48,5.0,0.49,5.0,0.49,27.5,0.48,20.5,0.53,6.86,0.54,40.52,0.01,0.04,2343.143495,1776328535000
1776328536.601,36.601,0.47,105.84,0.46,46.02,0.49,1.93,0.5,5.0,0.52,5.0,0.51,5.0,0.53,104.84,0.54,51.02,0.02,0.01,2343.143495,1776328535000
1776328537.142,37.142,0.48,112.69,0.47,47.08,0.49,1.93,0.5,5.0,0.51,1.93,0.5,5.0,0.53,103.95,0.54,46.02,0.01,0.02,2343.143495,1776328535000
1776328537.927,37.927,0.48,72.69,0.47,6.0,0.49,1.93,0.5,15.5,0.51,1.93,0.5,5.0,0.52,112.69,0.53,47.08,0.01,0.01,2343.008623,1776328536000
1776328539.008,39.008,0.49,46.85,0.48,0.2,0.5,5.0,0.51,20.5,0.51,1.93,0.5,15.5,0.52,72.69,0.53,6.0,0.01,0.01,2342.92775,1776328537000
1776328539.419,39.419,0.49,47.88,0.47,11.0,0.5,10.24,0.51,20.5,0.5,10.24,0.49,20.5,0.51,44.85,0.53,11.0,0.01,0.01,2342.92775,1776328538000
1776328539.647,39.647,0.49,47.88,0.47,21.5,0.5,5.24,0.51,20.5,0.5,5.24,0.49,20.5,0.51,42.88,0.53,11.0,0.01,0.01,2342.92775,1776328538000
1776328541.712,41.712,0.55,37.5,0.54,20.5,0.56,4.0,0.58,5.0,0.5,5.24,0.49,20.5,0.51,47.88,0.53,21.5,0.01,0.01,2342.985208,1776328539000
1776328542.03,42.03,0.56,49.7,0.55,30.5,0.59,39.26,0.61,55.0,0.41,44.26,0.4,5.0,0.44,44.7,0.45,30.5,0.03,0.03,2342.994498,1776328540000
1776328542.343,42.343,0.56,95.22,0.55,35.5,0.62,70.0,0.63,5.0,0.38,75.0,0.37,5.0,0.44,28.22,0.45,35.5,0.06,0.06,2342.994498,1776328540000
1776328543.159,43.159,0.62,21.0,0.6,50.5,0.65,66.84,0.67,10.0,0.38,64.0,0.37,10.78,0.42,15.0,0.43,15.5,0.03,0.04,2342.940011,1776328542000
1776328543.878,43.878,0.6,14.0,0.57,10.0,0.61,41.0,0.62,8.0,0.36,5.5,0.35,77.34,0.38,10.5,0.39,10.5,0.01,0.02,2342.940011,1776328542000
1776328544.554,44.554,0.6,2.5,0.57,15.5,0.61,110.41,0.62,228.5,0.39,79.91,0.38,83.0,0.4,13.9,0.43,10.0,0.01,0.01,2343.253906,1776328543000
1776328544.986,44.986,0.58,45.2,0.57,15.5,0.59,51.5,0.6,22.5,0.39,110.41,0.38,228.5,0.4,2.5,0.43,15.5,0.01,0.01,2343.673865,1776328544000
1776328545.305,45.305,0.58,50.2,0.57,15.5,0.59,48.5,0.6,32.5,0.41,51.5,0.4,22.5,0.42,45.2,0.43,15.5,0.01,0.01,2343.673865,1776328544000
1776328545.563,45.563,0.58,44.74,0.57,15.5,0.59,48.5,0.6,32.5,0.41,48.5,0.4,32.5,0.42,50.2,0.43,15.5,0.01,0.01,2343.673865,1776328544000
1776328545.861,45.861,0.58,44.74,0.57,20.5,0.59,40.02,0.6,27.5,0.41,48.5,0.4,32.5,0.42,44.74,0.43,15.5,0.01,0.01,2343.673865,1776328544000
1776328546.778,46.778,0.54,9.0,0.53,14.0,0.57,67.5,0.58,32.5,0.41,40.02,0.4,27.5,0.42,44.74,0.43,20.5,0.03,0.01,2343.671173,1776328545000
1776328549.855,49.855,0.55,20.5,0.54,20.5,0.56,75.0,0.57,80.5,0.44,78.71,0.43,127.5,0.46,6.0,0.47,14.0,0.01,0.02,2343.333245,1776328549000
1776328552.825,52.825,0.55,20.5,0.54,20.5,0.56,73.08,0.57,80.5,0.44,75.0,0.43,80.5,0.45,20.5,0.46,20.5,0.01,0.01,2343.318153,1776328551000
1776328553.339,53.339,0.54,18.86,0.53,15.5,0.56,68.08,0.57,80.5,0.44,73.08,0.43,80.5,0.45,20.5,0.46,20.5,0.02,0.01,2343.323181,1776328552000
1776328553.832,53.832,0.51,19.4,0.5,15.0,0.52,5.0,0.54,15.5,0.44,68.08,0.43,80.5,0.46,18.86,0.47,15.5,0.01,0.02,2343.323181,1776328552000
1776328554.914,54.914,0.51,37.01,0.5,16.5,0.52,19.0,0.54,13.0,0.48,5.0,0.46,15.5,0.49,19.4,0.5,15.0,0.01,0.01,2343.387365,1776328553000
1776328557.697,57.697,0.47,6.0,0.46,21.52,0.52,155.71,0.53,90.5,0.48,19.0,0.46,13.0,0.49,37.01,0.5,16.5,0.05,0.01,2343.290655,1776328556000
1776328557.92,57.92,0.41,4.68,0.4,5.0,0.47,28.5,0.48,82.0,0.53,23.5,0.52,5.0,0.54,6.6,0.55,5.0,0.06,0.01,2343.290655,1776328556000
1776328558.607,58.607,0.44,14.63,0.42,10.5,0.45,16.1,0.46,130.5,0.53,28.5,0.52,82.0,0.59,4.68,0.6,5.0,0.01,0.06,2343.208,1776328557000
1776328559.107,59.107,0.42,4.76,0.41,4.68,0.44,20.5,0.45,16.1,0.55,16.1,0.54,130.5,0.56,14.63,0.58,10.5,0.02,0.01,2343.208,1776328558000
1776328560.127,60.127,0.41,51.01,0.39,5.0,0.42,65.5,0.43,23.5,0.56,15.5,0.55,16.1,0.59,1.98,0.6,14.0,0.01,0.03,2343.208,1776328558000
1776328560.406,60.406,0.41,56.01,0.38,80.5,0.42,55.0,0.43,23.5,0.58,65.5,0.57,23.5,0.59,51.01,0.61,5.0,0.01,0.01,2342.691775,1776328559000
1776328560.607,60.607,0.41,51.01,0.38,80.5,0.42,47.38,0.43,23.5,0.58,50.0,0.57,23.5,0.59,51.01,0.62,80.5,0.01,0.01,2342.691775,1776328559000
1776328561.336,61.336,0.41,8.3,0.38,70.0,0.42,49.7,0.43,10.5,0.58,47.38,0.57,23.5,0.59,51.01,0.62,80.5,0.01,0.01,2342.67355,1776328560000
1776328562.101,62.101,0.41,3.3,0.38,75.0,0.42,30.5,0.43,10.5,0.58,49.7,0.57,10.5,0.59,8.3,0.62,70.0,0.01,0.01,2342.67355,1776328560000
1776328562.767,62.767,0.38,10.0,0.36,19.5,0.39,15.5,0.4,15.5,0.59,13.64,0.58,30.5,0.62,75.0,0.63,79.0,0.01,0.03,2342.514188,1776328561000
1776328563.008,63.008,0.38,10.0,0.37,23.38,0.39,15.5,0.4,15.5,0.61,15.5,0.6,15.5,0.62,10.0,0.64,19.5,0.01,0.01,2342.514188,1776328561000
1776328563.425,63.425,0.38,3.33,0.37,23.38,0.39,10.5,0.4,20.5,0.61,15.5,0.6,15.5,0.62,10.0,0.63,23.38,0.01,0.01,2342.400248,1776328562000
1776328564.056,64.056,0.38,5.0,0.37,28.38,0.39,10.29,0.4,20.5,0.61,10.5,0.6,20.5,0.62,3.33,0.63,23.38,0.01,0.01,2342.400248,1776328562000
1776328565.511,65.511,0.38,5.0,0.37,15.5,0.39,15.29,0.4,20.5,0.61,10.29,0.6,20.5,0.62,5.0,0.63,28.38,0.01,0.01,2342.233146,1776328564000
1776328565.833,65.833,0.38,10.0,0.37,15.5,0.4,25.5,0.41,83.64,0.61,15.29,0.6,20.5,0.62,5.0,0.63,15.5,0.02,0.01,2342.233146,1776328564000
1776328566.243,66.243,0.4,34.5,0.39,20.5,0.41,13.64,0.42,5.0,0.6,25.5,0.59,83.64,0.62,10.0,0.63,15.5,0.01,0.02,2342.25355,1776328565000
1776328566.661,66.661,0.41,5.0,0.4,45.5,0.43,10.5,0.44,10.5,0.58,1.0,0.57,10.5,0.6,25.5,0.61,20.5,0.02,0.02,2342.25355,1776328565000
1776328568.752,68.752,0.42,15.0,0.41,20.5,0.43,1.73,0.44,15.5,0.57,5.5,0.56,10.5,0.59,5.0,0.6,45.5,0.01,0.02,2342.486725,1776328567000
1776328569.669,69.669,0.45,10.0,0.44,15.5,0.46,11.47,0.47,5.0,0.56,15.5,0.55,21.5,0.58,10.0,0.59,20.5,0.01,0.02,2342.60563,1776328568000
1776328570.75,70.75,0.45,35.0,0.44,15.5,0.46,11.47,0.47,5.0,0.54,11.47,0.53,5.0,0.55,10.0,0.56,15.5,0.01,0.01,2342.52094,1776328569000
1776328571.161,71.161,0.45,28.23,0.44,15.5,0.46,5.46,0.47,5.0,0.54,11.47,0.53,5.0,0.55,28.23,0.56,15.5,0.01,0.01,2342.52094,1776328569000
1776328572.603,72.603,0.43,31.69,0.42,15.5,0.46,20.5,0.47,15.5,0.54,5.0,0.53,15.5,0.56,2.73,0.57,31.5,0.03,0.02,2342.697765,1776328571000
1776328572.985,72.985,0.44,2.28,0.43,31.69,0.46,20.5,0.47,15.5,0.54,20.5,0.53,15.5,0.57,31.69,0.58,15.5,0.02,0.03,2342.697775,1776328572000
1776328575.112,75.112,0.45,55.5,0.44,2.28,0.55,5.0,0.56,5.0,0.54,20.5,0.53,15.5,0.56,2.28,0.57,31.69,0.1,0.02,2342.698185,1776328574000
1776328575.42,75.42,0.53,13.37,0.52,15.5,0.55,10.5,0.57,15.5,0.46,10.4,0.42,5.0,0.49,80.5,0.5,70.0,0.02,0.03,2342.698185,1776328574000
1776328575.631,75.631,0.53,23.37,0.52,15.5,0.55,2.5,0.57,38.06,0.45,10.5,0.43,15.5,0.47,13.37,0.48,15.5,0.02,0.02,2342.698185,1776328574000
1776328577.422,77.422,0.54,20.0,0.53,23.37,0.55,18.46,0.56,10.5,0.43,15.5,0.42,15.5,0.46,56.5,0.47,18.37,0.01,0.03,2342.910825,1776328576000
1776328581.181,81.181,0.54,5.0,0.53,2.87,0.55,143.49,0.56,144.28,0.45,18.46,0.44,10.5,0.46,20.0,0.47,23.37,0.01,0.01,2343.17475,1776328579000
1776328581.719,81.719,0.46,8.7,0.45,75.0,0.48,26.0,0.49,18.5,0.45,143.49,0.44,144.28,0.46,5.0,0.47,2.87,0.02,0.01,2343.17678,1776328580000
1776328582.305,82.305,0.46,6.84,0.45,75.0,0.47,5.0,0.48,25.5,0.52,26.0,0.51,18.5,0.54,8.7,0.55,75.0,0.01,0.02,2343.1581,1776328581000
1776328584.297,84.297,0.46,25.23,0.45,80.0,0.47,10.82,0.48,15.0,0.53,5.0,0.52,25.5,0.54,6.84,0.55,75.0,0.01,0.01,2342.90108,1776328583000
1776328594.176,94.176,0.48,9.5,0.47,25.5,0.49,5.0,0.5,12.63,0.53,10.82,0.52,15.0,0.54,25.23,0.55,80.0,0.01,0.01,2342.870262,1776328592000
1776328594.543,94.543,0.47,25.5,0.46,95.5,0.49,5.0,0.5,12.63,0.51,5.0,0.5,12.63,0.52,9.5,0.53,25.5,0.02,0.01,2342.870262,1776328592000
1776328597.348,97.348,0.5,10.0,0.49,20.5,0.52,90.5,0.53,5.0,0.51,5.0,0.5,12.63,0.53,25.5,0.54,95.5,0.02,0.02,2342.89925,1776328595000
1776328597.828,97.828,0.51,7.03,0.5,10.0,0.52,80.5,0.53,15.5,0.48,90.5,0.47,5.0,0.5,10.0,0.51,20.5,0.01,0.02,2342.98503,1776328596000
1776328598.533,98.533,0.5,10.0,0.49,20.5,0.52,72.92,0.53,10.5,0.48,72.92,0.47,15.5,0.49,7.03,0.5,10.0,0.02,0.01,2342.98563,1776328597000
1776328599.025,99.025,0.51,0.32,0.5,10.0,0.52,74.03,0.53,15.5,0.48,69.03,0.47,15.5,0.5,10.0,0.51,20.5,0.01,0.02,2342.98563,1776328597000
1776328599.866,99.866,0.51,2.95,0.5,10.0,0.52,74.03,0.53,15.5,0.48,74.03,0.47,15.5,0.49,0.32,0.5,10.0,0.01,0.01,2342.99876,1776328598000
1776328600.91,100.91,0.52,55.0,0.51,5.0,0.53,10.5,0.54,15.5,0.48,74.03,0.47,15.5,0.49,2.95,0.5,10.0,0.01,0.01,2343.14501,1776328599000
1776328601.456,101.456,0.53,9.5,0.52,50.0,0.54,15.5,0.55,5.0,0.47,10.5,0.46,15.5,0.48,55.0,0.49,5.0,0.01,0.01,2343.14501,1776328599000
1776328602.02,102.02,0.53,19.5,0.52,45.0,0.54,13.64,0.55,5.0,0.46,15.5,0.45,5.0,0.47,9.5,0.48,50.0,0.01,0.01,2343.15187,1776328600000
1776328602.825,102.825,0.53,9.5,0.52,40.0,0.54,18.64,0.55,5.0,0.46,13.64,0.45,5.0,0.47,19.5,0.48,45.0,0.01,0.01,2343.15187,1776328601000
1776328603.787,103.787,0.53,5.5,0.52,40.0,0.54,18.64,0.55,5.0,0.46,18.64,0.45,5.0,0.47,4.5,0.48,40.0,0.01,0.01,2343.12423,1776328602000
1776328605.477,105.477,0.53,0.5,0.52,10.0,0.54,13.64,0.55,5.0,0.46,18.64,0.45,5.0,0.47,5.5,0.48,40.0,0.01,0.01,2343.108325,1776328604000
1776328607.728,107.728,0.53,0.5,0.52,10.0,0.56,120.38,0.57,207.99,0.46,13.64,0.45,5.0,0.47,0.5,0.48,10.0,0.03,0.01,2343.0182,1776328606000
1776328609.13,109.13,0.53,0.5,0.52,10.0,0.56,51.04,0.57,212.99,0.44,120.38,0.43,207.99,0.47,0.5,0.48,10.0,0.03,0.03,2343.01845,1776328607000
1776328610.451,110.451,0.52,10.0,0.51,58.34,0.54,10.0,0.55,15.5,0.44,51.04,0.43,212.99,0.47,0.5,0.48,10.0,0.02,0.03,2343.061045,1776328608000
1776328611.681,111.681,0.52,15.0,0.51,15.5,0.56,50.2,0.57,202.99,0.46,10.0,0.45,15.5,0.48,10.0,0.49,58.34,0.04,0.02,2343.034312,1776328610000
1776328612.121,112.121,0.52,15.0,0.51,15.5,0.54,5.0,0.55,10.5,0.44,50.2,0.43,202.99,0.48,15.0,0.49,15.5,0.02,0.04,2343.04826,1776328611000
1776328613.37,113.37,0.55,10.73,0.54,15.0,0.56,60.7,0.57,189.99,0.46,5.0,0.45,10.5,0.48,15.0,0.49,15.5,0.01,0.02,2343.05323,1776328612000
1776328613.83,113.83,0.54,0.71,0.52,10.0,0.56,73.48,0.57,80.78,0.44,60.7,0.43,189.99,0.45,10.73,0.46,15.0,0.02,0.01,2343.05323,1776328612000
1776328614.076,114.076,0.52,5.0,0.49,5.0,0.55,178.49,0.56,35.28,0.44,73.48,0.43,80.78,0.46,0.71,0.48,10.0,0.03,0.02,2343.03345,1776328613000
1776328614.318,114.318,0.48,5.0,0.47,5.0,0.49,54.5,0.5,19.82,0.5,9.82,0.49,285.99,0.51,15.5,0.52,5.0,0.01,0.01,2343.03345,1776328613000
1776328615.085,115.085,0.42,10.0,0.41,69.9,0.46,265.0,0.48,10.0,0.51,129.5,0.5,19.82,0.53,5.0,0.54,5.0,0.04,0.02,2343.059385,1776328614000
1776328615.411,115.411,0.41,46.8,0.4,13.0,0.45,23.0,0.46,228.0,0.55,26.0,0.54,228.0,0.59,55.0,0.6,13.0,0.04,0.04,2343.059385,1776328614000
1776328616.645,116.645,0.42,60.06,0.41,46.8,0.45,23.0,0.46,233.0,0.55,23.0,0.54,228.0,0.59,46.8,0.6,13.0,0.03,0.04,2342.942441,1776328615000
1776328618.067,118.067,0.41,21.38,0.4,18.0,0.44,20.0,0.45,23.0,0.55,23.0,0.54,233.0,0.58,60.06,0.59,46.8,0.03,0.03,2342.72716,1776328616000
1776328618.963,118.963,0.44,10.0,0.43,5.0,0.46,145.0,0.47,5.0,0.56,20.0,0.55,23.0,0.59,21.38,0.6,18.0,0.02,0.03,2342.661694,1776328617000
1776328621.624,121.624,0.43,13.24,0.42,36.49,0.45,5.0,0.46,145.0,0.54,145.0,0.53,5.0,0.58,37.84,0.59,71.38,0.02,0.04,2342.68825,1776328620000
1776328622.333,122.333,0.42,35.09,0.41,71.38,0.46,141.89,0.47,5.0,0.54,136.89,0.53,5.0,0.57,13.24,0.58,36.49,0.04,0.03,2342.69325,1776328621000
1776328622.765,122.765,0.42,33.36,0.41,71.38,0.46,141.89,0.47,5.0,0.54,141.89,0.53,5.0,0.58,35.09,0.59,71.38,0.04,0.04,2342.69325,1776328621000
1776328624.274,124.274,0.42,6.87,0.41,71.38,0.46,115.15,0.47,121.99,0.54,141.89,0.53,5.0,0.58,33.36,0.59,71.38,0.04,0.04,2342.69825,1776328622000
1776328625.559,125.559,0.42,11.87,0.41,71.38,0.46,94.49,0.47,5.0,0.54,115.15,0.53,121.99,0.58,6.87,0.59,71.38,0.04,0.04,2342.726715,1776328624000
1776328627.144,127.144,0.42,60.24,0.41,71.38,0.46,83.99,0.47,5.0,0.54,94.49,0.53,5.0,0.58,11.87,0.59,71.38,0.04,0.04,2342.6833,1776328625000
1776328628.217,128.217,0.42,60.24,0.41,71.38,0.46,81.81,0.47,5.0,0.54,83.99,0.53,5.0,0.58,60.24,0.59,71.38,0.04,0.04,2342.6833,1776328627000
1776328631.796,131.796,0.43,5.0,0.42,19.78,0.45,2.77,0.46,76.81,0.54,81.81,0.53,5.0,0.58,60.24,0.59,71.38,0.02,0.04,2342.6783,1776328630000
1776328635.638,135.638,0.43,10.0,0.42,19.78,0.46,42.23,0.47,5.0,0.54,42.23,0.53,5.0,0.57,5.0,0.58,19.78,0.03,0.03,2342.727355,1776328634000
1776328637.918,137.918,0.43,10.0,0.42,19.78,0.49,165.15,0.5,168.0,0.54,42.23,0.53,5.0,0.57,10.0,0.58,19.78,0.06,0.03,2342.68845,1776328636000
1776328638.927,138.927,0.44,8.21,0.43,5.0,0.49,47.94,0.5,207.21,0.51,165.15,0.5,168.0,0.57,10.0,0.58,19.78,0.05,0.06,2342.68845,1776328636000
1776328641.431,141.431,0.46,15.0,0.45,10.0,0.49,50.42,0.5,216.33,0.51,47.94,0.5,207.21,0.56,8.21,0.57,5.0,0.03,0.05,2342.7449,1776328639000
1776328641.832,141.832,0.47,11.56,0.46,5.0,0.49,50.42,0.5,216.33,0.51,50.42,0.5,216.33,0.54,15.0,0.55,10.0,0.02,0.03,2342.7449,1776328640000
1776328642.088,142.088,0.47,5.0,0.46,5.0,0.5,51.48,0.51,18.0,0.5,71.48,0.49,18.0,0.53,11.56,0.54,5.0,0.03,0.03,2342.7449,1776328640000
1776328643.424,143.424,0.49,94.2,0.48,80.0,0.5,3.34,0.52,5.0,0.51,2.0,0.5,51.48,0.53,5.0,0.54,10.0,0.01,0.02,2342.7449,1776328641000
1776328643.954,143.954,0.53,51.0,0.52,10.0,0.58,45.88,0.59,27.0,0.46,0.5,0.45,5.0,0.47,20.0,0.48,10.0,0.05,0.01,2342.7549,1776328642000
1776328644.4,144.4,0.57,29.2,0.56,16.0,0.58,11.05,0.6,5.0,0.42,45.88,0.41,27.0,0.47,51.0,0.48,10.0,0.01,0.05,2342.77325,1776328643000
1776328645.914,145.914,0.59,10.0,0.58,10.0,0.66,55.98,0.67,5.0,0.39,2.2,0.38,75.0,0.43,29.2,0.44,16.0,0.07,0.04,2342.8382,1776328644000
1776328648.951,148.951,0.6,15.11,0.59,20.5,0.61,5.0,0.62,10.5,0.34,55.98,0.33,5.0,0.41,10.0,0.42,10.0,0.01,0.07,2343.243,1776328647000
1776328650.132,150.132,0.6,25.61,0.59,31.5,0.62,0.89,0.63,15.5,0.39,5.0,0.38,10.5,0.4,15.11,0.41,20.5,0.02,0.01,2343.22602,1776328648000
1776328650.675,150.675,0.61,5.0,0.6,25.61,0.63,7.79,0.64,49.78,0.37,12.56,0.36,49.78,0.39,5.0,0.4,25.61,0.02,0.02,2343.225675,1776328649000
1776328651.483,151.483,0.63,81.5,0.62,20.5,0.65,26.43,0.66,71.98,0.37,7.79,0.36,49.78,0.39,5.0,0.4,25.61,0.02,0.02,2343.246645,1776328650000
1776328654.172,154.172,0.63,65.5,0.62,20.5,0.64,2.65,0.65,13.0,0.35,11.62,0.34,71.98,0.37,65.5,0.38,20.5,0.01,0.02,2343.349025,1776328653000
1776328656.149,156.149,0.66,20.0,0.65,10.0,0.68,52.49,0.69,31.5,0.36,2.65,0.35,13.0,0.37,65.5,0.38,20.5,0.02,0.01,2343.3673,1776328654000
1776328656.452,156.452,0.67,51.0,0.66,10.0,0.68,34.99,0.69,24.5,0.32,52.49,0.31,31.5,0.34,20.0,0.35,10.0,0.01,0.02,2343.356045,1776328655000
1776328656.697,156.697,0.67,60.0,0.66,10.0,0.68,33.37,0.69,24.5,0.32,34.99,0.31,24.5,0.33,51.0,0.34,10.0,0.01,0.01,2343.356045,1776328655000
1776328656.951,156.951,0.68,15.5,0.67,81.5,0.69,22.74,0.7,8.0,0.32,33.37,0.31,24.5,0.33,60.0,0.34,10.0,0.01,0.01,2343.356045,1776328655000
1776328657.19,157.19,0.71,16.0,0.7,10.5,0.73,15.5,0.74,19.0,0.31,22.74,0.3,8.0,0.32,15.5,0.33,81.5,0.02,0.01,2343.356045,1776328655000
1776328657.762,157.762,0.75,22.0,0.74,6.0,0.77,10.5,0.78,15.5,0.27,3.48,0.26,19.0,0.29,49.58,0.3,25.5,0.02,0.02,2343.3555,1776328656000
1776328658.158,158.158,0.76,40.5,0.75,27.5,0.78,22.64,0.79,18.0,0.23,5.5,0.22,15.5,0.25,22.0,0.26,6.0,0.02,0.02,2343.3555,1776328656000
1776328658.55,158.55,0.77,40.0,0.76,35.5,0.78,10.64,0.79,7.0,0.22,22.64,0.21,18.0,0.24,40.5,0.25,27.5,0.01,0.02,2343.39945,1776328657000
1776328658.893,158.893,0.78,12.29,0.77,47.15,0.79,5.0,0.81,17.0,0.22,5.0,0.19,17.0,0.23,45.65,0.24,50.5,0.01,0.01,2343.39945,1776328657000
1776328659.454,159.454,0.79,10.5,0.78,12.29,0.82,14.0,0.83,46.5,0.21,5.0,0.19,17.0,0.22,12.29,0.23,47.15,0.03,0.01,2343.52955,1776328658000
1776328659.763,159.763,0.79,47.5,0.78,17.29,0.82,3.78,0.83,50.5,0.18,9.0,0.17,41.5,0.21,20.5,0.22,7.29,0.03,0.03,2343.52955,1776328658000
1776328660.19,160.19,0.81,10.0,0.8,20.5,0.83,32.56,0.84,29.46,0.18,2.56,0.17,50.5,0.21,47.5,0.22,17.29,0.02,0.03,2343.697865,1776328659000
1776328660.666,160.666,0.83,25.0,0.82,5.0,0.84,14.0,0.85,53.13,0.16,23.83,0.15,46.13,0.18,9.44,0.19,59.5,0.01,0.02,2343.697865,1776328659000
1776328661.01,161.01,0.83,2.52,0.82,5.0,0.84,11.92,0.85,53.13,0.16,14.0,0.15,53.13,0.17,17.52,0.18,5.0,0.01,0.01,2343.697865,1776328659000
1776328661.391,161.391,0.82,15.0,0.81,47.5,0.84,13.94,0.85,53.13,0.16,11.92,0.15,53.13,0.17,2.52,0.18,5.0,0.02,0.01,2343.96586,1776328660000
1776328661.779,161.779,0.82,4.16,0.81,47.5,0.84,13.94,0.85,53.13,0.16,13.94,0.15,53.13,0.18,15.0,0.19,47.5,0.02,0.02,2343.96586,1776328660000
1776328662.547,162.547,0.82,14.16,0.81,47.5,0.84,7.92,0.85,53.13,0.16,13.94,0.15,53.13,0.18,4.16,0.19,47.5,0.02,0.02,2344.03562,1776328661000
1776328662.802,162.802,0.82,8.6,0.81,47.5,0.84,7.92,0.85,53.13,0.16,7.92,0.15,53.13,0.18,14.16,0.19,47.5,0.02,0.02,2344.03562,1776328661000
1776328663.428,163.428,0.82,6.81,0.81,47.5,0.84,12.92,0.85,53.13,0.16,7.92,0.15,53.13,0.18,8.6,0.19,47.5,0.02,0.02,2344.165848,1776328662000
1776328663.854,163.854,0.82,11.81,0.81,47.5,0.83,4.0,0.84,7.92,0.16,12.92,0.15,53.13,0.18,6.81,0.19,47.5,0.01,0.02,2344.165848,1776328662000
1776328664.589,164.589,0.82,6.81,0.81,47.5,0.83,3.27,0.84,5.0,0.17,4.0,0.16,7.92,0.18,11.81,0.19,47.5,0.01,0.01,2344.165848,1776328663000
1776328665.549,165.549,0.82,54.81,0.81,47.5,0.83,3.27,0.84,5.0,0.17,3.27,0.16,5.0,0.18,6.81,0.19,47.5,0.01,0.01,2344.146101,1776328664000
1776328666.393,166.393,0.82,40.92,0.81,52.5,0.83,3.27,0.85,21.0,0.17,3.27,0.16,5.0,0.18,54.81,0.19,47.5,0.01,0.01,2344.14098,1776328665000
1776328668.017,168.017,0.82,35.92,0.81,52.5,0.83,3.27,0.84,5.0,0.17,3.27,0.15,21.0,0.18,40.92,0.19,52.5,0.01,0.01,2344.16051,1776328666000
1776328669.077,169.077,0.79,0.66,0.78,18.29,0.83,3.27,0.84,5.0,0.17,3.27,0.16,5.0,0.18,35.92,0.19,52.5,0.04,0.01,2344.138467,1776328667000
1776328669.854,169.854,0.78,5.0,0.77,15.5,0.79,33.67,0.8,234.3,0.17,3.27,0.16,5.0,0.21,0.66,0.22,18.29,0.01,0.04,2344.159723,1776328668000
1776328672.544,172.544,0.79,20.5,0.78,172.17,0.8,185.8,0.81,10.88,0.21,33.67,0.2,234.3,0.22,5.0,0.23,15.5,0.01,0.01,2344.074375,1776328671000
1776328674.261,174.261,0.79,190.52,0.78,55.5,0.8,179.82,0.81,10.88,0.2,179.82,0.19,10.88,0.21,75.5,0.22,167.17,0.01,0.01,2343.976675,1776328673000
1776328677.749,177.749,0.79,86.5,0.78,83.01,0.8,149.82,0.81,5.0,0.2,179.82,0.19,10.88,0.21,190.52,0.22,55.5,0.01,0.01,2344.071805,1776328676000
1776328679.302,179.302,0.79,70.5,0.78,92.45,0.8,143.9,0.81,5.0,0.2,149.82,0.19,5.0,0.21,86.5,0.22,83.01,0.01,0.01,2344.071465,1776328678000
1776328679.622,179.622,0.79,22.88,0.78,92.45,0.8,143.9,0.81,5.0,0.2,143.9,0.19,5.0,0.21,70.5,0.22,92.45,0.01,0.01,2344.071465,1776328678000
1776328680.827,180.827,0.79,119.65,0.78,55.5,0.8,143.9,0.81,5.0,0.2,143.9,0.19,5.0,0.21,22.88,0.22,92.45,0.01,0.01,2344.154525,1776328679000
1776328681.17,181.17,0.79,95.84,0.78,55.5,0.8,143.71,0.81,5.0,0.2,143.71,0.19,5.0,0.21,119.65,0.22,55.5,0.01,0.01,2344.154525,1776328679000
1776328682.799,182.799,0.79,100.9,0.78,55.5,0.8,145.54,0.81,5.0,0.2,138.71,0.19,5.0,0.21,83.12,0.22,55.5,0.01,0.01,2344.14108,1776328681000
1776328684.32,184.32,0.79,126.9,0.78,55.5,0.8,125.89,0.81,5.0,0.2,128.26,0.19,5.0,0.21,100.9,0.22,55.5,0.01,0.01,2344.17103,1776328682000
1776328685.335,185.335,0.79,131.9,0.78,55.5,0.8,122.44,0.82,13.0,0.2,125.89,0.19,5.0,0.21,126.9,0.22,55.5,0.01,0.01,2344.115065,1776328684000
1776328686.217,186.217,0.79,76.9,0.78,55.5,0.8,122.44,0.82,13.0,0.2,122.44,0.18,13.0,0.21,131.9,0.22,55.5,0.01,0.01,2344.119845,1776328685000
1776328686.659,186.659,0.79,66.9,0.78,55.5,0.8,114.88,0.82,13.0,0.2,116.76,0.18,13.0,0.21,66.9,0.22,55.5,0.01,0.01,2344.119845,1776328685000
1776328687.071,187.071,0.79,128.91,0.78,55.5,0.8,114.88,0.82,13.0,0.2,114.88,0.18,13.0,0.21,66.9,0.22,55.5,0.01,0.01,2344.119845,1776328686000
1776328687.695,187.695,0.79,138.91,0.78,55.5,0.8,97.1,0.82,13.0,0.2,114.88,0.18,13.0,0.21,128.91,0.22,55.5,0.01,0.01,2344.119845,1776328686000
1776328687.981,187.981,0.79,145.22,0.78,55.5,0.8,92.03,0.82,13.0,0.2,97.1,0.18,13.0,0.21,138.91,0.22,55.5,0.01,0.01,2344.119845,1776328686000
1776328688.21,188.21,0.79,150.22,0.78,55.5,0.8,90.15,0.82,8.0,0.2,92.03,0.18,13.0,0.21,145.22,0.22,55.5,0.01,0.01,2344.11486,1776328687000
1776328688.998,188.998,0.79,120.5,0.78,55.5,0.8,82.31,0.82,8.0,0.2,85.08,0.18,8.0,0.21,140.22,0.22,55.5,0.01,0.01,2344.11486,1776328687000
1776328690.168,190.168,0.79,143.5,0.78,55.5,0.8,69.79,0.82,8.0,0.2,81.06,0.18,8.0,0.21,125.5,0.22,55.5,0.01,0.01,2344.136137,1776328689000
1776328691.43,191.43,0.79,143.5,0.78,92.5,0.8,35.36,0.87,12.0,0.2,69.79,0.18,8.0,0.21,143.5,0.22,55.5,0.01,0.01,2344.17373,1776328690000
1776328691.643,191.643,0.81,4.61,0.8,13.0,0.87,32.5,0.88,11.0,0.13,12.0,0.12,11.0,0.19,14.64,0.21,143.5,0.06,0.06,2344.17373,1776328690000
1776328692.005,192.005,0.82,5.0,0.81,150.77,0.84,8.5,0.85,10.5,0.13,32.5,0.12,11.0,0.19,4.61,0.2,13.0,0.02,0.06,2344.17373,1776328690000
1776328693.938,193.938,0.83,5.0,0.82,5.0,0.84,7.41,0.85,14.4,0.15,9.4,0.14,10.5,0.18,10.0,0.19,150.77,0.01,0.03,2344.13767,1776328692000
1776328694.232,194.232,0.83,10.0,0.82,5.0,0.84,1.41,0.85,14.4,0.16,7.41,0.15,14.4,0.17,5.0,0.18,5.0,0.01,0.01,2344.13767,1776328692000
1776328694.952,194.952,0.81,12.5,0.8,10.5,0.82,18.0,0.83,9.0,0.18,8.5,0.17,1.81,0.19,55.68,0.21,62.59,0.01,0.01,2344.17833,1776328693000
1776328695.406,195.406,0.81,157.89,0.8,10.5,0.82,19.4,0.83,14.0,0.18,14.4,0.17,9.0,0.19,155.48,0.2,10.5,0.01,0.01,2344.0982,1776328694000
1776328695.63,195.63,0.81,154.89,0.8,15.5,0.82,14.4,0.83,14.0,0.18,19.4,0.17,14.0,0.19,157.89,0.2,10.5,0.01,0.01,2344.0982,1776328694000
1776328695.831,195.831,0.81,154.89,0.8,15.5,0.83,10.81,0.84,10.5,0.18,14.4,0.17,14.0,0.19,154.89,0.2,15.5,0.02,0.01,2344.0982,1776328694000
1776328696.77,196.77,0.82,170.9,0.81,41.39,0.83,19.2,0.85,5.0,0.17,10.81,0.16,10.5,0.19,154.89,0.2,15.5,0.01,0.02,2344.024929,1776328695000
1776328698.002,198.002,0.82,146.9,0.81,62.39,0.83,13.19,0.84,5.0,0.17,19.2,0.15,5.0,0.18,170.9,0.19,41.39,0.01,0.01,2344.057425,1776328696000
1776328699.188,199.188,0.82,171.3,0.81,85.79,0.84,3.18,0.85,15.5,0.17,4.19,0.16,5.0,0.18,146.9,0.19,62.39,0.02,0.01,2344.08855,1776328698000
1776328699.87,199.87,0.83,15.5,0.82,166.3,0.84,10.0,0.85,10.5,0.15,6.87,0.14,80.5,0.17,15.5,0.18,176.3,0.01,0.02,2344.08855,1776328698000
1776328702.694,202.694,0.83,73.71,0.82,49.9,0.84,0.47,0.85,5.0,0.16,10.0,0.15,10.5,0.17,15.5,0.18,166.3,0.01,0.01,2344.08855,1776328701000
1776328702.991,202.991,0.83,69.71,0.82,49.9,0.84,0.47,0.85,5.0,0.16,0.47,0.15,5.0,0.17,73.71,0.18,49.9,0.01,0.01,2344.08855,1776328701000
1776328705.088,205.088,0.84,37.39,0.83,39.82,0.85,3.82,0.86,65.5,0.15,3.41,0.14,65.5,0.17,61.71,0.18,49.9,0.01,0.02,2344.07855,1776328704000
1776328706.345,206.345,0.84,43.5,0.83,30.18,0.85,13.32,0.86,65.5,0.15,3.82,0.14,65.5,0.16,37.39,0.17,39.82,0.01,0.01,2344.07855,1776328704000
1776328707.969,207.969,0.85,11.89,0.84,15.5,0.86,70.5,0.87,15.5,0.15,13.32,0.14,65.5,0.16,43.5,0.17,30.18,0.01,0.01,2344.0886,1776328706000
1776328708.892,208.892,0.85,16.89,0.84,19.78,0.86,7.86,0.87,15.5,0.14,12.36,0.13,15.5,0.15,11.89,0.16,30.28,0.01,0.01,2344.0836,1776328707000
1776328709.179,209.179,0.85,21.89,0.84,30.28,0.86,0.27,0.87,15.5,0.14,7.86,0.13,15.5,0.15,16.89,0.16,30.28,0.01,0.01,2344.0836,1776328707000
1776328710.21,210.21,0.85,5.0,0.83,21.68,0.86,38.11,0.87,80.5,0.14,0.27,0.13,15.5,0.15,21.89,0.16,30.28,0.01,0.01,2344.0786,1776328708000
1776328710.513,210.513,0.79,22.18,0.77,20.0,0.84,12.68,0.86,77.8,0.14,45.8,0.13,20.5,0.19,27.87,0.21,24.31,0.05,0.05,2344.0686,1776328709000
1776328710.717,210.717,0.79,4.07,0.77,20.0,0.81,50.0,0.84,22.68,0.19,50.0,0.16,22.68,0.21,15.03,0.23,20.0,0.02,0.02,2344.0686,1776328709000
1776328710.919,210.919,0.75,3.07,0.7,5.0,0.76,41.72,0.77,22.0,0.19,50.0,0.16,22.68,0.25,3.07,0.29,5.0,0.01,0.06,2344.0686,1776328710000
1776328711.31,211.31,0.71,44.41,0.7,10.5,0.72,25.0,0.73,5.0,0.24,46.72,0.23,17.0,0.3,5.0,0.31,5.0,0.01,0.06,2344.0686,1776328710000
1776328711.562,211.562,0.65,4.85,0.64,5.0,0.71,10.0,0.72,29.0,0.28,25.0,0.27,5.0,0.29,44.41,0.3,10.5,0.06,0.01,2344.0686,1776328710000
1776328711.848,211.848,0.7,5.0,0.65,4.85,0.81,47.03,0.86,35.8,0.29,10.0,0.28,29.0,0.35,4.85,0.36,5.0,0.11,0.06,2344.0686,1776328710000
1776328712.315,212.315,0.71,206.5,0.7,80.5,0.78,12.68,0.81,15.0,0.19,47.03,0.14,35.8,0.35,2.19,0.36,5.0,0.07,0.16,2343.945418,1776328711000
1776328712.581,212.581,0.81,37.43,0.77,10.0,0.84,6.9,0.86,29.9,0.14,29.9,0.13,31.8,0.19,32.43,0.23,10.0,0.03,0.05,2343.945418,1776328711000
1776328712.887,212.887,0.86,28.2,0.84,10.0,0.87,41.31,0.88,46.0,0.13,31.8,0.12,46.1,0.14,13.2,0.19,51.43,0.01,0.01,2343.945418,1776328711000
1776328713.373,213.373,0.82,5.0,0.81,8.0,0.83,21.83,0.85,43.7,0.13,46.31,0.12,46.0,0.16,9.23,0.17,5.0,0.01,0.03,2343.5141,1776328712000
1776328713.709,213.709,0.76,1.95,0.75,7.0,0.77,40.96,0.8,10.5,0.17,85.75,0.16,15.5,0.24,7.0,0.25,7.0,0.01,0.07,2343.5141,1776328712000
1776328714.141,214.141,0.71,44.54,0.66,50.0,0.74,10.46,0.75,95.72,0.26,15.46,0.24,10.5,0.27,5.5,0.28,5.0,0.03,0.01,2343.5141,1776328712000
1776328714.439,214.439,0.73,0.04,0.72,10.5,0.75,95.72,0.76,10.5,0.26,10.46,0.25,95.72,0.29,44.54,0.34,50.0,0.02,0.03,2343.653959,1776328713000
1776328715.458,215.458,0.71,40.04,0.66,50.0,0.74,15.5,0.75,10.5,0.25,95.72,0.24,10.5,0.27,0.04,0.28,10.5,0.03,0.02,2343.717111,1776328714000
1776328716.374,216.374,0.72,5.0,0.71,15.5,0.75,14.16,0.76,10.5,0.26,15.5,0.25,10.5,0.29,40.04,0.34,50.0,0.03,0.03,2343.592408,1776328715000
1776328717.72,217.72,0.73,10.0,0.72,15.5,0.76,3.66,0.77,10.5,0.24,9.13,0.23,15.5,0.28,5.0,0.29,15.5,0.03,0.04,2343.575822,1776328716000
1776328721.24,221.24,0.76,10.5,0.75,20.5,0.77,10.0,0.78,10.5,0.24,3.66,0.23,10.5,0.27,10.0,0.28,15.5,0.01,0.03,2343.49075,1776328720000
1776328723.505,223.505,0.65,4.3,0.59,14.9,0.67,25.0,0.68,5.0,0.23,10.0,0.22,10.5,0.24,10.5,0.25,20.5,0.02,0.01,2343.583621,1776328722000
1776328724.329,224.329,0.61,10.5,0.6,10.5,0.64,39.5,0.65,20.5,0.33,25.0,0.32,5.0,0.34,10.4,0.41,11.32,0.03,0.01,2343.51085,1776328723000
1776328724.661,224.661,0.61,17.93,0.6,10.5,0.62,15.0,0.63,30.0,0.36,39.5,0.35,20.5,0.39,10.5,0.4,10.5,0.01,0.03,2343.51085,1776328723000
1776328724.921,224.921,0.61,19.16,0.6,10.5,0.62,10.0,0.63,30.0,0.38,10.0,0.37,30.0,0.39,15.36,0.4,10.5,0.01,0.01,2343.51085,1776328723000
1776328725.854,225.854,0.64,1.0,0.63,5.0,0.67,5.0,0.68,10.5,0.38,6.48,0.37,20.0,0.39,14.16,0.4,10.5,0.03,0.01,2343.427341,1776328724000
1776328726.468,226.468,0.64,10.0,0.62,15.5,0.65,5.0,0.66,15.5,0.33,5.0,0.32,10.5,0.36,1.0,0.37,5.0,0.01,0.03,2343.427341,1776328724000
1776328728.512,228.512,0.63,20.5,0.62,15.5,0.67,8.67,0.68,10.5,0.35,0.38,0.34,15.5,0.36,10.0,0.37,5.0,0.04,0.01,2343.15995,1776328727000
1776328730.289,230.289,0.64,2.22,0.63,5.0,0.66,10.5,0.67,15.5,0.33,12.17,0.32,10.5,0.36,5.0,0.37,15.5,0.02,0.03,2343.15495,1776328728000
1776328730.6,230.6,0.66,10.5,0.65,10.5,0.7,8.71,0.71,50.0,0.34,10.5,0.33,15.5,0.36,2.22,0.37,5.0,0.04,0.02,2343.168024,1776328729000
1776328731.373,231.373,0.69,40.2,0.68,31.5,0.72,3.55,0.73,10.5,0.3,8.71,0.29,50.0,0.34,10.5,0.35,10.5,0.03,0.04,2343.167854,1776328730000
1776328733.307,233.307,0.72,16.0,0.71,5.0,0.73,5.45,0.76,50.0,0.28,3.55,0.27,10.5,0.31,40.2,0.32,31.5,0.01,0.03,2343.163549,1776328731000
1776328734.354,234.354,0.72,5.0,0.71,24.12,0.74,0.56,0.76,50.0,0.27,5.45,0.24,50.0,0.29,3.62,0.3,21.5,0.02,0.02,2343.33945,1776328733000
1776328734.668,234.668,0.72,5.0,0.71,24.12,0.76,45.69,0.77,10.0,0.26,0.56,0.24,50.0,0.28,5.0,0.29,24.12,0.04,0.02,2343.33945,1776328733000
1776328735.607,235.607,0.76,80.0,0.75,15.5,0.81,11.62,0.83,5.0,0.24,45.69,0.23,10.0,0.28,5.0,0.29,24.12,0.05,0.04,2343.35415,1776328734000
1776328735.993,235.993,0.77,20.0,0.76,90.5,0.78,3.71,0.79,10.5,0.19,11.62,0.17,5.0,0.24,80.0,0.25,15.5,0.01,0.05,2343.35415,1776328735000
1776328736.283,236.283,0.77,9.0,0.76,90.5,0.78,3.71,0.79,10.5,0.22,3.71,0.21,10.5,0.23,20.0,0.24,90.5,0.01,0.01,2343.35415,1776328735000
1776328736.771,236.771,0.76,73.75,0.75,20.5,0.78,3.71,0.79,10.5,0.22,3.71,0.21,10.5,0.23,9.0,0.24,90.5,0.02,0.01,2343.35415,1776328735000
1776328739.48,239.48,0.77,21.5,0.76,68.75,0.78,3.71,0.79,10.5,0.22,3.71,0.21,10.5,0.24,73.75,0.25,20.5,0.01,0.02,2343.52596,1776328738000
1776328739.833,239.833,0.77,41.5,0.76,68.75,0.8,10.5,0.82,10.5,0.22,3.71,0.21,10.5,0.23,21.5,0.24,68.75,0.03,0.01,2343.52596,1776328738000
1776328740.063,240.063,0.77,1.0,0.76,68.75,0.79,15.5,0.8,10.5,0.2,10.5,0.18,10.5,0.23,5.73,0.24,68.75,0.02,0.03,2343.52596,1776328738000
1776328740.921,240.921,0.76,50.75,0.75,10.0,0.79,5.0,0.84,12.0,0.21,15.5,0.2,10.5,0.23,1.0,0.24,68.75,0.03,0.02,2343.526685,1776328739000
1776328741.784,241.784,0.78,15.45,0.76,10.0,0.79,5.0,0.8,5.0,0.21,5.0,0.16,12.0,0.24,50.75,0.25,10.0,0.01,0.03,2343.5376,1776328740000
1776328742.152,242.152,0.78,7.29,0.77,5.0,0.79,5.0,0.8,5.0,0.21,5.0,0.2,5.0,0.22,10.64,0.23,5.0,0.01,0.01,2343.5376,1776328740000
1776328742.648,242.648,0.77,10.0,0.76,5.0,0.8,4.08,0.81,7.71,0.21,5.0,0.2,5.0,0.22,7.29,0.23,5.0,0.03,0.01,2343.5376,1776328740000
1776328744.818,244.818,0.79,8.01,0.77,5.0,0.8,2.83,0.81,12.71,0.2,4.08,0.19,7.71,0.23,10.0,0.24,5.0,0.01,0.03,2343.53199,1776328742000
1776328745.296,245.296,0.8,5.0,0.79,28.01,0.81,6.47,0.88,49.0,0.2,2.83,0.19,12.71,0.21,8.01,0.23,5.0,0.01,0.01,2343.53199,1776328742000
1776328746.304,246.304,0.88,10.0,0.86,5.0,0.9,33.0,0.91,116.0,0.11,0.75,0.1,55.0,0.14,10.0,0.15,10.0,0.02,0.03,2343.573215,1776328743000
1776328747.106,247.106,0.89,27.0,0.88,13.0,0.91,17.0,0.92,12.0,0.1,33.0,0.09,116.0,0.14,8.56,0.15,10.0,0.02,0.04,2343.57763,1776328744000
1776328747.339,247.339,0.9,20.0,0.89,15.0,0.91,2.9,0.92,12.0,0.09,16.9,0.08,12.0,0.1,20.0,0.11,27.0,0.01,0.01,2343.59379,1776328746000
1776328747.889,247.889,0.89,6.54,0.87,10.0,0.91,31.9,0.92,12.0,0.09,2.9,0.08,12.0,0.1,20.0,0.11,15.0,0.02,0.01,2343.59379,1776328746000
1776328748.575,248.575,0.86,6.0,0.85,5.0,0.9,7.3,0.91,33.8,0.1,8.44,0.09,30.8,0.11,6.54,0.12,5.0,0.04,0.01,2343.59379,1776328746000
1776328749.168,249.168,0.86,11.0,0.85,10.0,0.91,33.8,0.92,30.0,0.1,7.3,0.09,33.8,0.14,6.0,0.15,5.0,0.05,0.04,2343.83,1776328747000
1776328750.525,250.525,0.91,20.0,0.9,20.0,0.92,12.0,0.93,14.0,0.09,33.3,0.08,17.0,0.14,11.0,0.15,10.0,0.01,0.05,2343.92762,1776328748000
1776328751.855,251.855,0.91,20.35,0.9,25.0,0.92,12.0,0.93,14.0,0.08,12.0,0.07,14.0,0.09,20.0,0.1,20.0,0.01,0.01,2343.819442,1776328749000
1776328752.3,252.3,0.9,10.0,0.88,10.0,0.91,10.65,0.92,46.0,0.08,12.0,0.07,14.0,0.09,20.35,0.1,25.0,0.01,0.01,2343.85562,1776328750000
1776328752.612,252.612,0.9,10.0,0.89,7.0,0.91,3.2,0.92,12.0,0.09,10.65,0.08,46.0,0.1,10.0,0.12,10.0,0.01,0.01,2343.85562,1776328750000
1776328754.814,254.814,0.89,57.62,0.88,39.1,0.91,5.0,0.92,10.91,0.08,15.91,0.07,56.0,0.11,7.0,0.13,41.8,0.02,0.03,2343.956615,1776328753000
1776328757.476,257.476,0.89,35.56,0.85,5.0,0.91,128.0,0.92,69.91,0.09,5.0,0.08,10.91,0.11,57.62,0.12,39.1,0.02,0.02,2343.862335,1776328756000
1776328759.167,259.167,0.83,5.24,0.82,8.0,0.84,5.0,0.85,5.0,0.12,17.0,0.11,5.0,0.16,9.0,0.18,16.0,0.01,0.04,2343.854765,1776328757000
1776328759.596,259.596,0.82,84.22,0.81,28.4,0.88,17.0,0.89,20.0,0.16,5.0,0.15,5.0,0.17,5.24,0.18,8.0,0.06,0.01,2343.7553,1776328758000
1776328760.921,260.921,0.83,3.96,0.82,81.83,0.88,12.0,0.89,56.79,0.12,17.0,0.11,20.0,0.18,84.22,0.19,28.4,0.05,0.06,2343.674538,1776328759000
1776328761.933,261.933,0.81,47.14,0.8,10.0,0.88,12.0,0.89,56.79,0.12,12.0,0.11,56.79,0.17,3.96,0.18,81.83,0.07,0.05,2343.645107,1776328760000
1776328765.555,265.555,0.85,22.69,0.84,8.0,0.88,10.86,0.9,33.0,0.12,12.0,0.11,56.79,0.19,47.14,0.2,10.0,0.03,0.07,2343.574049,1776328764000
1776328766.484,266.484,0.85,32.69,0.84,13.0,0.88,4.03,0.9,14.0,0.12,9.72,0.1,33.0,0.15,27.69,0.16,8.0,0.03,0.03,2343.574047,1776328765000
1776328767.026,267.026,0.85,35.69,0.83,10.0,0.9,12.6,0.91,119.0,0.12,4.03,0.1,14.0,0.15,32.69,0.16,13.0,0.05,0.03,2343.574047,1776328765000
1776328768.119,268.119,0.86,23.57,0.85,18.0,0.9,12.05,0.91,25.0,0.1,12.6,0.09,119.0,0.15,35.69,0.17,10.0,0.04,0.05,2343.58342,1776328767000
1776328769.694,269.694,0.87,13.4,0.86,13.0,0.9,5.93,0.92,39.91,0.1,12.05,0.09,25.0,0.14,23.57,0.15,18.0,0.03,0.04,2343.623815,1776328768000
1776328770.25,270.25,0.87,18.4,0.86,18.0,0.92,39.91,0.93,74.3,0.1,5.93,0.08,39.91,0.13,13.4,0.14,13.0,0.05,0.03,2343.623815,1776328768000
1776328770.595,270.595,0.87,13.4,0.86,18.0,0.89,8.87,0.9,10.0,0.08,39.91,0.07,74.3,0.13,18.4,0.14,18.0,0.02,0.05,2343.57053,1776328769000
1776328772.376,272.376,0.9,23.35,0.88,14.0,0.92,5.48,0.93,14.0,0.11,3.84,0.1,10.0,0.13,13.4,0.14,18.0,0.02,0.02,2343.567064,1776328771000
1776328774.424,274.424,0.9,38.35,0.89,18.0,0.92,4.34,0.93,14.0,0.08,5.48,0.07,14.0,0.1,23.35,0.12,14.0,0.02,0.02,2343.57345,1776328773000
1776328776.624,276.624,0.91,15.0,0.9,48.35,0.93,7.16,0.94,16.0,0.08,4.34,0.07,14.0,0.1,38.35,0.11,18.0,0.02,0.02,2343.5685,1776328775000
1776328778.235,278.235,0.86,25.0,0.81,50.0,0.93,7.16,0.94,16.0,0.07,7.16,0.06,16.0,0.09,15.0,0.1,48.35,0.07,0.02,2343.61375,1776328777000
1776328778.498,278.498,0.91,7.0,0.86,75.0,0.93,1.78,0.94,21.0,0.07,7.16,0.06,16.0,0.14,25.0,0.19,50.0,0.02,0.07,2343.61375,1776328777000
1776328778.97,278.97,0.92,5.0,0.91,12.0,0.94,2.76,0.95,52.0,0.07,1.78,0.06,21.0,0.09,7.0,0.14,75.0,0.02,0.02,2343.61375,1776328777000
1776328780.01,280.01,0.92,156.07,0.91,7.0,0.95,48.27,0.96,100.0,0.06,2.76,0.05,52.0,0.08,5.0,0.09,12.0,0.03,0.02,2343.61375,1776328778000
1776328780.878,280.878,0.94,49.0,0.93,5.0,0.95,43.27,0.96,45.0,0.05,48.27,0.04,100.0,0.08,156.07,0.09,7.0,0.01,0.03,2343.61875,1776328779000
1776328781.331,281.331,0.95,26.0,0.94,30.0,0.96,23.4,0.97,329.0,0.04,23.4,0.03,329.0,0.05,27.0,0.06,35.0,0.01,0.01,2343.61875,1776328779000
1776328782.051,282.051,0.95,26.0,0.94,30.0,0.96,20.27,0.97,329.0,0.04,23.4,0.03,329.0,0.05,26.0,0.06,30.0,0.01,0.01,2343.6188,1776328780000
1776328782.459,282.459,0.95,32.46,0.94,30.0,0.96,4.85,0.97,329.0,0.04,9.85,0.03,329.0,0.05,21.0,0.06,30.0,0.01,0.01,2343.6188,1776328780000
1776328782.803,282.803,0.95,27.46,0.94,20.0,0.97,329.0,0.98,180.0,0.04,4.85,0.03,329.0,0.05,32.46,0.06,30.0,0.02,0.01,2343.6188,1776328780000
1776328783.328,283.328,0.96,16.25,0.95,16.46,0.97,328.9,0.98,399.0,0.03,329.0,0.02,180.0,0.05,27.46,0.06,20.0,0.01,0.02,2343.674515,1776328781000
1776328785.649,285.649,0.96,16.25,0.95,11.46,0.97,310.62,0.98,393.0,0.03,315.62,0.02,399.0,0.04,16.25,0.05,16.46,0.01,0.01,2343.806165,1776328784000
1776328786.647,286.647,0.96,10.0,0.95,11.46,0.97,295.2,0.98,180.0,0.03,310.51,0.02,393.0,0.04,21.25,0.05,11.46,0.01,0.01,2343.806165,1776328784000
1776328786.921,286.921,0.96,10.0,0.95,11.46,0.97,285.81,0.98,180.0,0.03,285.81,0.02,180.0,0.04,10.0,0.05,11.46,0.01,0.01,2343.614315,1776328785000
1776328787.381,287.381,0.96,10.0,0.95,32.46,0.97,234.57,0.98,180.0,0.03,244.57,0.02,180.0,0.04,10.0,0.05,11.46,0.01,0.01,2343.614315,1776328785000
1776328787.727,287.727,0.96,10.0,0.95,32.46,0.97,234.57,0.98,180.0,0.03,234.57,0.02,180.0,0.04,10.0,0.05,32.46,0.01,0.01,2343.65404,1776328786000
1776328788.159,288.159,0.95,32.46,0.94,5.0,0.97,229.57,0.98,180.0,0.03,234.57,0.02,180.0,0.04,10.0,0.05,32.46,0.02,0.01,2343.65404,1776328786000
1776328788.393,288.393,0.96,5.0,0.95,47.46,0.97,229.53,0.98,180.0,0.03,228.53,0.02,180.0,0.04,5.0,0.05,47.46,0.01,0.01,2343.65404,1776328786000
1776328789.273,289.273,0.96,15.0,0.95,47.46,0.97,218.48,0.98,180.0,0.03,215.53,0.02,180.0,0.04,5.0,0.05,47.46,0.01,0.01,2343.659715,1776328787000
1776328789.5,289.5,0.96,15.0,0.95,47.46,0.97,208.32,0.98,180.0,0.03,213.48,0.02,180.0,0.04,15.0,0.05,47.46,0.01,0.01,2343.659715,1776328787000
1776328790.179,290.179,0.96,41.0,0.95,26.46,0.97,198.32,0.98,180.0,0.03,208.32,0.02,180.0,0.04,15.0,0.05,47.46,0.01,0.01,2343.67248,1776328788000
1776328790.484,290.484,0.96,41.0,0.95,26.46,0.97,191.27,0.98,180.0,0.03,193.32,0.02,180.0,0.04,41.0,0.05,26.46,0.01,0.01,2343.67861,1776328789000
1776328790.69,290.69,0.96,41.0,0.95,26.46,0.97,180.95,0.98,180.0,0.03,191.27,0.02,180.0,0.04,41.0,0.05,26.46,0.01,0.01,2343.67861,1776328789000
1776328791.463,291.463,0.96,36.0,0.95,11.46,0.97,175.64,0.98,180.0,0.03,175.79,0.02,180.0,0.04,41.0,0.05,26.46,0.01,0.01,2343.731141,1776328790000
1776328791.939,291.939,0.96,27.67,0.95,11.46,0.97,164.38,0.98,180.0,0.03,169.38,0.02,180.0,0.04,36.0,0.05,11.46,0.01,0.01,2343.731141,1776328790000
1776328792.279,292.279,0.96,32.67,0.95,11.46,0.97,167.31,0.98,180.0,0.03,164.38,0.02,180.0,0.04,27.67,0.05,11.46,0.01,0.01,2343.731141,1776328790000
1776328792.501,292.501,0.96,12.0,0.95,32.46,0.97,152.1,0.98,180.0,0.03,157.1,0.02,180.0,0.04,12.0,0.05,32.46,0.01,0.01,2343.731141,1776328790000
1776328792.826,292.826,0.96,5.92,0.95,102.46,0.97,127.91,0.98,180.0,0.03,140.91,0.02,180.0,0.04,10.92,0.05,102.46,0.01,0.01,2343.731141,1776328790000
1776328793.395,293.395,0.96,10.92,0.95,102.46,0.97,122.6,0.98,180.0,0.03,127.91,0.02,180.0,0.04,5.92,0.05,102.46,0.01,0.01,2343.69123,1776328791000
1776328793.899,293.899,0.96,5.92,0.95,102.46,0.97,116.56,0.98,180.0,0.03,122.6,0.02,180.0,0.04,10.92,0.05,102.46,0.01,0.01,2343.69212,1776328792000
1776328794.282,294.282,0.96,10.92,0.95,102.46,0.97,102.16,0.98,180.0,0.03,116.56,0.02,180.0,0.04,5.92,0.05,102.46,0.01,0.01,2343.69212,1776328792000
1776328795.054,295.054,0.96,10.92,0.95,102.46,0.97,72.69,0.98,180.0,0.03,82.9,0.02,180.0,0.04,10.92,0.05,102.46,0.01,0.01,2343.705885,1776328793000
1776328795.388,295.388,0.96,5.92,0.95,102.46,0.97,57.53,0.98,180.0,0.03,62.69,0.02,180.0,0.04,5.92,0.05,102.46,0.01,0.01,2343.706085,1776328794000
1776328795.793,295.793,0.96,5.92,0.95,102.46,0.97,45.28,0.98,180.0,0.03,57.53,0.02,180.0,0.04,5.92,0.05,102.46,0.01,0.01,2343.706085,1776328794000
1776328796.038,296.038,0.96,5.92,0.95,102.46,0.99,1578.11,,,0.03,40.28,0.02,168.0,0.04,5.92,0.05,102.46,0.03,0.01,2343.706085,1776328794000
1776328796.337,296.337,0.98,142.92,0.95,97.46,0.99,1577.09,,,0.01,1578.11,,,0.04,5.92,0.05,102.46,0.01,0.03,2343.706085,1776328794000
1776328796.626,296.626,0.98,142.92,0.95,97.46,0.99,1370.46,,,0.01,1397.96,,,0.02,142.92,0.05,97.46,0.01,0.01,2343.71739,1776328795000
1776328796.855,296.855,0.98,147.92,0.95,97.46,0.99,339.38,,,0.01,340.4,,,0.02,147.92,0.05,97.46,0.01,0.01,2343.71739,1776328795000
1776328797.091,297.091,0.98,147.92,0.95,97.46,0.99,290.94,,,0.01,292.97,,,0.02,152.92,0.05,97.46,0.01,0.01,2343.71739,1776328795000
1776328797.687,297.687,0.99,635.62,0.98,10.0,,,,,,,,,0.02,152.92,0.05,97.46,,,2343.715325,1776328796000
1776328800.996,300.996,0.99,54567.3,0.98,15.0,,,,,,,,,0.01,635.62,0.02,10.0,,,2343.69605,1776328799000

# RESULT,winner=Up,slug=eth-updown-5m-1776328500,ticks=324
