timestamp,elapsed_sec,up_bid_p1,up_bid_s1,up_bid_p2,up_bid_s2,up_ask_p1,up_ask_s1,up_ask_p2,up_ask_s2,down_bid_p1,down_bid_s1,down_bid_p2,down_bid_s2,down_ask_p1,down_ask_s1,down_ask_p2,down_ask_s2,up_spread,down_spread,eth_price,eth_oracle_ts
1776210911.27,11.27,,,,,,,,,,,,,,,,,,,2321.64434,1776210910000
1776210911.702,11.702,0.53,29.12,0.52,43.5,0.54,13.64,0.55,104.23,0.46,8.64,0.45,104.23,0.47,28.38,0.48,53.5,0.01,0.01,2321.64434,1776210910000
1776210912.54,12.54,0.53,29.12,0.52,53.5,0.55,58.16,0.56,100.0,0.46,13.64,0.45,104.23,0.47,29.12,0.48,43.5,0.02,0.01,2321.64434,1776210910000
1776210912.807,12.807,0.53,29.12,0.52,53.5,0.55,58.16,0.56,100.0,0.45,58.16,0.44,100.0,0.47,29.12,0.48,53.5,0.02,0.02,2321.646815,1776210911000
1776210914.569,14.569,0.53,50.0,0.52,25.5,0.54,15.0,0.55,48.66,0.46,25.5,0.45,59.16,0.47,20.0,0.49,43.5,0.01,0.01,2321.646815,1776210911000
1776210914.88,14.88,0.53,50.0,0.52,25.5,0.54,15.0,0.55,48.66,0.46,15.0,0.45,48.66,0.47,50.0,0.48,25.5,0.01,0.01,2321.646535,1776210914000
1776210915.904,15.904,0.53,50.0,0.52,25.5,0.54,15.0,0.55,48.66,0.46,15.0,0.45,48.66,0.47,50.0,0.48,25.5,0.01,0.01,2321.632485,1776210915000
1776210916.176,16.176,0.53,40.0,0.52,30.5,0.54,41.0,0.55,77.62,0.46,15.0,0.45,48.66,0.47,50.0,0.48,25.5,0.01,0.01,2321.632485,1776210915000
1776210916.904,16.904,0.53,40.0,0.52,30.5,0.54,41.0,0.55,77.62,0.46,41.0,0.45,77.62,0.47,40.0,0.48,30.5,0.01,0.01,2321.6271,1776210916000
1776210917.772,17.772,0.53,15.0,0.52,5.0,0.54,76.0,0.55,101.12,0.46,41.0,0.45,77.62,0.47,40.0,0.48,30.5,0.01,0.01,2321.6271,1776210916000
1776210918.017,18.017,0.53,15.0,0.52,5.0,0.54,76.0,0.55,101.12,0.46,76.0,0.45,101.12,0.47,15.0,0.48,5.0,0.01,0.01,2321.582175,1776210917000
1776210918.302,18.302,0.52,14.89,0.51,10.5,0.54,76.0,0.55,101.12,0.46,76.0,0.45,101.12,0.47,15.0,0.48,5.0,0.02,0.01,2321.582175,1776210917000
1776210919.226,19.226,0.52,14.89,0.51,10.5,0.54,76.0,0.55,101.12,0.46,76.0,0.45,101.12,0.48,14.89,0.49,10.5,0.02,0.02,2321.542828,1776210918000
1776210920.299,20.299,0.52,4.89,0.51,15.5,0.53,55.81,0.54,46.0,0.47,55.81,0.46,46.0,0.48,4.89,0.49,15.5,0.01,0.01,2321.490082,1776210919000
1776210920.941,20.941,0.53,55.5,0.52,75.39,0.55,68.62,0.56,115.18,0.47,55.81,0.46,46.0,0.48,4.89,0.49,15.5,0.02,0.01,2321.490082,1776210919000
1776210921.293,21.293,0.54,20.0,0.53,65.5,0.55,58.62,0.56,138.18,0.45,58.62,0.44,138.18,0.46,20.0,0.47,65.5,0.01,0.01,2321.479068,1776210920000
1776210921.805,21.805,0.54,15.0,0.53,50.5,0.55,58.62,0.56,131.18,0.45,58.62,0.44,138.18,0.46,20.0,0.47,65.5,0.01,0.01,2321.479068,1776210920000
1776210922.334,22.334,0.54,12.5,0.53,50.5,0.55,57.62,0.56,131.18,0.45,57.62,0.44,131.18,0.46,15.0,0.47,50.5,0.01,0.01,2321.478768,1776210921000
1776210922.942,22.942,0.54,2.5,0.53,50.5,0.55,57.62,0.56,131.18,0.45,57.62,0.44,131.18,0.46,2.5,0.47,50.5,0.01,0.01,2321.549923,1776210922000
1776210923.938,23.938,0.54,2.5,0.53,50.5,0.55,57.62,0.56,131.18,0.45,57.62,0.44,131.18,0.46,2.5,0.47,50.5,0.01,0.01,2321.669715,1776210923000
1776210924.962,24.962,0.53,48.37,0.52,79.39,0.54,5.0,0.55,57.62,0.46,5.0,0.45,57.62,0.47,48.37,0.48,79.39,0.01,0.01,2321.67047,1776210924000
1776210925.556,25.556,0.53,55.5,0.52,64.39,0.55,10.62,0.56,95.18,0.46,5.0,0.45,57.62,0.47,48.37,0.48,79.39,0.02,0.01,2321.67047,1776210924000
1776210925.792,25.792,0.53,10.0,0.52,62.39,0.55,1.23,0.56,86.76,0.44,86.76,0.43,80.0,0.47,45.5,0.48,64.39,0.02,0.03,2321.67047,1776210924000
1776210926.002,26.002,0.54,2.0,0.53,5.0,0.55,33.23,0.56,151.76,0.45,1.23,0.44,86.76,0.47,10.0,0.48,62.39,0.01,0.02,2321.67047,1776210924000
1776210926.744,26.744,0.54,2.0,0.53,5.0,0.55,33.23,0.56,151.76,0.45,33.23,0.44,151.76,0.46,2.0,0.47,5.0,0.01,0.01,2321.68887,1776210925000
1776210927.04,27.04,0.52,50.39,0.51,40.5,0.54,8.98,0.55,43.23,0.46,60.0,0.45,43.23,0.48,50.39,0.49,40.5,0.02,0.02,2321.68887,1776210925000
1776210927.358,27.358,0.53,10.0,0.52,50.39,0.54,12.96,0.55,43.23,0.46,8.98,0.45,43.23,0.48,50.39,0.49,40.5,0.01,0.02,2321.68887,1776210925000
1776210927.608,27.608,0.52,4.89,0.51,10.5,0.53,27.0,0.54,15.0,0.46,0.94,0.45,36.23,0.48,14.89,0.49,10.5,0.01,0.02,2321.68887,1776210925000
1776210928.291,28.291,0.51,25.5,0.5,70.5,0.53,12.0,0.54,10.0,0.47,32.0,0.46,10.0,0.49,20.5,0.5,70.5,0.02,0.02,2321.715234,1776210926000
1776210929.137,29.137,0.51,30.5,0.5,75.5,0.52,3.84,0.53,37.0,0.48,4.61,0.47,12.0,0.49,25.5,0.5,70.5,0.01,0.01,2321.61445,1776210927000
1776210930.511,30.511,0.51,5.5,0.5,75.5,0.52,8.84,0.53,37.0,0.48,8.84,0.47,37.0,0.49,5.5,0.5,75.5,0.01,0.01,2321.513462,1776210929000
1776210931.17,31.17,0.51,5.5,0.5,75.5,0.52,8.84,0.53,37.0,0.48,8.84,0.47,37.0,0.49,5.5,0.5,75.5,0.01,0.01,2321.497824,1776210930000
1776210932.194,32.194,0.51,40.0,0.5,90.5,0.52,25.84,0.53,47.5,0.48,8.84,0.47,37.0,0.49,5.5,0.5,75.5,0.01,0.01,2321.497824,1776210930000
1776210932.457,32.457,0.51,40.0,0.5,90.5,0.52,25.84,0.53,47.5,0.48,25.84,0.47,47.5,0.49,40.0,0.5,90.5,0.01,0.01,2321.484791,1776210931000
1776210932.825,32.825,0.51,40.0,0.5,90.5,0.52,20.84,0.53,47.5,0.48,25.84,0.47,47.5,0.49,40.0,0.5,90.5,0.01,0.01,2321.484791,1776210931000
1776210933.179,33.179,0.51,40.0,0.5,90.5,0.52,20.84,0.53,47.5,0.48,20.84,0.47,47.5,0.49,40.0,0.5,90.5,0.01,0.01,2321.484791,1776210932000
1776210934.373,34.373,0.51,35.0,0.5,90.5,0.52,18.8,0.53,55.5,0.48,28.8,0.47,47.5,0.49,40.0,0.5,90.5,0.01,0.01,2321.484791,1776210932000
1776210935.011,35.011,0.51,35.0,0.5,90.5,0.52,18.8,0.53,55.5,0.48,18.8,0.47,55.5,0.49,35.0,0.5,90.5,0.01,0.01,2321.484926,1776210934000
1776210935.559,35.559,0.51,35.0,0.5,85.5,0.52,13.8,0.53,65.5,0.48,18.8,0.47,55.5,0.49,35.0,0.5,90.5,0.01,0.01,2321.484926,1776210934000
1776210936.287,36.287,0.51,35.0,0.5,85.5,0.52,13.8,0.53,65.5,0.48,13.8,0.47,65.5,0.49,35.0,0.5,85.5,0.01,0.01,2321.506165,1776210935000
1776210937.001,37.001,0.51,40.0,0.5,85.5,0.52,3.8,0.53,75.5,0.48,3.8,0.47,75.5,0.49,40.0,0.5,85.5,0.01,0.01,2321.496149,1776210936000
1776210937.653,37.653,0.51,60.5,0.5,90.5,0.53,46.63,0.54,20.5,0.48,10.78,0.47,75.5,0.49,35.0,0.5,85.5,0.02,0.01,2321.496149,1776210936000
1776210938.372,38.372,0.52,10.0,0.51,40.5,0.53,51.63,0.54,20.5,0.47,46.63,0.46,20.5,0.49,60.5,0.5,90.5,0.01,0.02,2321.496149,1776210936000
1776210939.26,39.26,0.52,10.0,0.51,40.5,0.53,51.63,0.54,20.5,0.47,51.63,0.46,20.5,0.48,10.0,0.49,40.5,0.01,0.01,2321.496149,1776210938000
1776210939.464,39.464,0.52,20.0,0.51,45.5,0.53,35.0,0.54,25.5,0.47,35.0,0.46,25.5,0.48,25.0,0.49,45.5,0.01,0.01,2321.496149,1776210938000
1776210940.61,40.61,0.52,20.0,0.51,45.5,0.53,73.11,0.54,35.5,0.47,35.0,0.46,25.5,0.48,20.0,0.49,45.5,0.01,0.01,2321.496149,1776210938000
1776210940.883,40.883,0.51,30.0,0.5,90.5,0.53,105.11,0.54,35.5,0.47,73.11,0.46,35.5,0.48,20.0,0.49,45.5,0.02,0.01,2321.486849,1776210939000
1776210941.322,41.322,0.51,30.0,0.5,90.5,0.53,105.11,0.54,35.5,0.47,105.11,0.46,35.5,0.49,30.0,0.5,90.5,0.02,0.02,2321.486849,1776210940000
1776210941.544,41.544,0.51,45.5,0.5,95.5,0.52,8.8,0.53,33.11,0.48,14.0,0.47,33.11,0.49,45.5,0.5,95.5,0.01,0.01,2321.486849,1776210940000
1776210942.739,42.739,0.51,45.5,0.5,95.5,0.52,8.8,0.53,33.11,0.48,8.8,0.47,33.11,0.49,45.5,0.5,95.5,0.01,0.01,2321.486435,1776210941000
1776210943.549,43.549,0.51,45.5,0.5,95.5,0.52,8.8,0.53,33.11,0.48,8.8,0.47,33.11,0.49,45.5,0.5,95.5,0.01,0.01,2321.484639,1776210942000
1776210943.965,43.965,0.51,55.5,0.5,95.5,0.52,9.78,0.53,15.0,0.48,11.8,0.47,15.0,0.49,50.5,0.5,95.5,0.01,0.01,2321.484639,1776210942000
1776210944.168,44.168,0.51,52.33,0.5,95.5,0.52,9.78,0.53,15.0,0.48,9.78,0.47,15.0,0.49,55.5,0.5,95.5,0.01,0.01,2321.484639,1776210942000
1776210944.564,44.564,0.51,52.33,0.5,95.5,0.52,9.78,0.53,15.0,0.48,9.78,0.47,15.0,0.49,52.33,0.5,95.5,0.01,0.01,2321.457411,1776210943000
1776210945.207,45.207,0.51,52.33,0.5,95.5,0.52,9.78,0.53,15.0,0.48,9.78,0.47,15.0,0.49,52.33,0.5,95.5,0.01,0.01,2321.457496,1776210944000
1776210945.563,45.563,0.52,25.0,0.51,37.33,0.53,7.45,0.54,40.19,0.48,9.78,0.47,15.0,0.49,52.33,0.5,95.5,0.01,0.01,2321.457496,1776210944000
1776210946.19,46.19,0.52,39.5,0.51,37.33,0.53,2.45,0.54,40.19,0.47,7.45,0.46,40.19,0.48,25.0,0.49,37.33,0.01,0.01,2321.457496,1776210944000
1776210946.438,46.438,0.52,39.5,0.51,37.33,0.53,2.45,0.54,40.19,0.47,2.45,0.46,40.19,0.48,39.5,0.49,37.33,0.01,0.01,2321.455979,1776210945000
1776210947.152,47.152,0.52,39.5,0.51,37.33,0.53,2.45,0.54,40.19,0.47,2.45,0.46,40.19,0.48,39.5,0.49,37.33,0.01,0.01,2321.482245,1776210946000
1776210948.458,48.458,0.52,39.5,0.51,37.33,0.53,2.45,0.54,40.19,0.47,2.45,0.46,40.19,0.48,39.5,0.49,37.33,0.01,0.01,2321.50601,1776210947000
1776210948.983,48.983,0.52,15.0,0.51,47.33,0.53,44.45,0.54,40.5,0.47,44.45,0.46,40.5,0.48,15.0,0.49,47.33,0.01,0.01,2321.50601,1776210948000
1776210949.243,49.243,0.52,20.0,0.51,37.33,0.53,27.46,0.54,45.5,0.47,29.45,0.46,40.5,0.48,20.0,0.49,37.33,0.01,0.01,2321.50601,1776210948000
1776210949.45,49.45,0.52,20.0,0.51,37.33,0.53,17.46,0.54,45.5,0.47,27.46,0.46,45.5,0.48,20.0,0.49,37.33,0.01,0.01,2321.50601,1776210948000
1776210950.146,50.146,0.52,25.0,0.51,37.33,0.53,12.46,0.54,45.5,0.47,12.46,0.46,45.5,0.48,25.0,0.49,37.33,0.01,0.01,2321.4895,1776210949000
1776210951.353,51.353,0.52,25.0,0.51,37.33,0.53,12.46,0.54,45.5,0.47,12.46,0.46,45.5,0.48,25.0,0.49,37.33,0.01,0.01,2321.482402,1776210950000
1776210951.831,51.831,0.52,45.5,0.51,42.33,0.54,130.5,0.55,80.5,0.47,12.46,0.46,45.5,0.48,25.0,0.49,37.33,0.02,0.01,2321.482402,1776210950000
1776210952.871,52.871,0.52,35.5,0.51,42.33,0.54,60.5,0.55,75.5,0.46,130.5,0.45,80.5,0.48,45.5,0.49,42.33,0.02,0.02,2321.485904,1776210951000
1776210953.921,53.921,0.52,35.5,0.51,42.33,0.54,50.5,0.55,85.5,0.46,60.5,0.45,75.5,0.48,35.5,0.49,42.33,0.02,0.02,2321.496121,1776210952000
1776210954.13,54.13,0.52,35.5,0.51,42.33,0.54,50.5,0.55,85.5,0.46,50.5,0.45,85.5,0.48,35.5,0.49,42.33,0.02,0.02,2321.495335,1776210953000
1776210954.571,54.571,0.53,15.0,0.52,35.5,0.54,30.0,0.55,85.5,0.46,50.5,0.45,85.5,0.48,35.5,0.49,42.33,0.01,0.02,2321.495335,1776210953000
1776210955.34,55.34,0.53,15.0,0.52,35.5,0.54,30.0,0.55,85.5,0.46,30.0,0.45,85.5,0.47,15.0,0.48,35.5,0.01,0.01,2321.499503,1776210954000
1776210955.617,55.617,0.53,20.0,0.52,30.5,0.54,15.0,0.55,85.5,0.46,30.0,0.45,85.5,0.47,15.0,0.48,35.5,0.01,0.01,2321.499503,1776210954000
1776210955.908,55.908,0.53,20.0,0.52,30.5,0.54,15.0,0.55,85.5,0.46,15.0,0.45,85.5,0.47,20.0,0.48,30.5,0.01,0.01,2321.494418,1776210955000
1776210957.02,57.02,0.53,20.0,0.52,30.5,0.54,15.0,0.55,85.5,0.46,15.0,0.45,85.5,0.47,20.0,0.48,30.5,0.01,0.01,2321.496696,1776210956000
1776210957.864,57.864,0.53,34.0,0.52,30.5,0.54,30.5,0.55,85.5,0.46,15.0,0.45,85.5,0.47,20.0,0.48,30.5,0.01,0.01,2321.496696,1776210956000
1776210958.23,58.23,0.53,34.0,0.52,30.5,0.54,30.5,0.55,85.5,0.46,30.5,0.45,85.5,0.47,34.0,0.48,30.5,0.01,0.01,2321.497374,1776210957000
1776210959.364,59.364,0.53,34.0,0.52,25.5,0.54,20.0,0.55,75.5,0.46,30.5,0.45,85.5,0.47,34.0,0.48,30.5,0.01,0.01,2321.497374,1776210957000
1776210960.075,60.075,0.53,34.0,0.52,25.5,0.54,20.0,0.55,75.5,0.46,20.0,0.45,75.5,0.47,34.0,0.48,25.5,0.01,0.01,2321.500855,1776210958000
1776210961.132,61.132,0.53,34.0,0.52,25.5,0.54,20.0,0.55,75.5,0.46,20.0,0.45,75.5,0.47,34.0,0.48,25.5,0.01,0.01,2321.500855,1776210959000
1776210961.366,61.366,0.53,67.5,0.52,46.5,0.54,10.87,0.55,40.0,0.46,20.0,0.45,75.5,0.47,34.0,0.48,25.5,0.01,0.01,2321.500855,1776210959000
1776210961.614,61.614,0.54,76.5,0.53,121.5,0.55,8.72,0.56,70.0,0.45,18.72,0.44,70.0,0.46,20.5,0.47,76.5,0.01,0.01,2321.500855,1776210959000
1776210961.97,61.97,0.54,76.5,0.53,121.5,0.56,43.72,0.57,35.0,0.44,43.72,0.43,35.0,0.46,76.5,0.47,121.5,0.02,0.02,2321.500881,1776210960000
1776210962.413,62.413,0.55,100.27,0.54,116.5,0.56,45.0,0.57,35.0,0.44,43.72,0.43,35.0,0.46,76.5,0.47,121.5,0.01,0.02,2321.500881,1776210960000
1776210962.737,62.737,0.55,115.27,0.54,115.5,0.56,36.07,0.57,35.0,0.44,36.07,0.43,35.0,0.45,115.27,0.46,115.5,0.01,0.01,2321.501162,1776210961000
1776210963.329,63.329,0.55,110.27,0.54,104.5,0.56,46.07,0.57,35.0,0.44,36.07,0.43,35.0,0.45,115.27,0.46,115.5,0.01,0.01,2321.501162,1776210961000
1776210963.661,63.661,0.55,110.27,0.54,104.5,0.56,46.07,0.57,35.0,0.44,46.07,0.43,35.0,0.45,110.27,0.46,104.5,0.01,0.01,2321.562063,1776210962000
1776210963.979,63.979,0.55,110.27,0.54,124.5,0.56,46.07,0.57,35.0,0.44,46.07,0.43,35.0,0.45,110.27,0.46,104.5,0.01,0.01,2321.562063,1776210962000
1776210964.31,64.31,0.55,110.27,0.54,124.5,0.56,16.14,0.57,35.0,0.44,28.07,0.43,35.0,0.45,105.27,0.46,124.5,0.01,0.01,2321.562063,1776210962000
1776210965.138,65.138,0.55,110.27,0.54,124.5,0.56,16.14,0.57,35.0,0.44,16.14,0.43,35.0,0.45,110.27,0.46,124.5,0.01,0.01,2321.763317,1776210964000
1776210965.364,65.364,0.55,110.27,0.54,124.5,0.56,5.78,0.57,35.0,0.44,16.14,0.43,35.0,0.45,110.27,0.46,124.5,0.01,0.01,2321.763317,1776210964000
1776210966.584,66.584,0.55,110.27,0.54,124.5,0.56,3.81,0.57,35.0,0.44,3.81,0.43,35.0,0.45,110.27,0.46,124.5,0.01,0.01,2321.79675,1776210965000
1776210967.382,67.382,0.55,110.27,0.54,124.5,0.58,70.5,0.59,10.0,0.42,70.5,0.41,10.0,0.45,110.27,0.46,124.5,0.03,0.03,2321.79283,1776210966000
1776210968.091,68.091,0.57,129.17,0.56,25.0,0.58,40.0,0.6,45.5,0.42,70.5,0.41,10.0,0.45,110.27,0.46,124.5,0.01,0.03,2321.79283,1776210966000
1776210968.345,68.345,0.57,113.05,0.56,25.0,0.58,40.0,0.6,45.5,0.42,40.0,0.4,45.5,0.43,119.17,0.44,25.0,0.01,0.01,2321.7966,1776210967000
1776210968.702,68.702,0.57,113.05,0.56,55.0,0.58,40.0,0.6,45.5,0.42,40.0,0.4,45.5,0.43,113.05,0.44,25.0,0.01,0.01,2321.7966,1776210967000
1776210969.579,69.579,0.57,105.5,0.56,35.0,0.58,31.37,0.6,45.5,0.42,40.0,0.4,45.5,0.43,113.05,0.44,55.0,0.01,0.01,2321.7966,1776210967000
1776210969.8,69.8,0.57,105.5,0.56,35.0,0.58,31.37,0.6,45.5,0.42,31.37,0.4,45.5,0.43,105.5,0.44,35.0,0.01,0.01,2321.82152,1776210968000
1776210970.515,70.515,0.57,105.5,0.56,35.0,0.58,31.37,0.6,45.5,0.42,31.37,0.4,45.5,0.43,105.5,0.44,35.0,0.01,0.01,2321.905235,1776210969000
1776210971.243,71.243,0.57,105.5,0.56,35.0,0.58,31.37,0.6,45.5,0.42,31.37,0.4,45.5,0.43,105.5,0.44,35.0,0.01,0.01,2321.90557,1776210970000
1776210972.401,72.401,0.57,72.0,0.56,175.5,0.58,41.78,0.59,10.5,0.42,31.37,0.4,45.5,0.43,105.5,0.44,35.0,0.01,0.01,2321.90557,1776210970000
1776210972.728,72.728,0.57,72.0,0.56,175.5,0.58,41.78,0.59,10.5,0.42,41.78,0.41,10.5,0.43,72.0,0.44,175.5,0.01,0.01,2321.92021,1776210971000
1776210973.122,73.122,0.57,72.0,0.56,175.5,0.58,36.78,0.59,10.5,0.42,41.78,0.41,10.5,0.43,72.0,0.44,175.5,0.01,0.01,2321.92021,1776210971000
1776210973.459,73.459,0.57,77.0,0.56,175.5,0.58,17.66,0.59,10.5,0.42,36.78,0.41,10.5,0.43,72.0,0.44,175.5,0.01,0.01,2321.92021,1776210971000
1776210973.743,73.743,0.57,87.0,0.56,175.5,0.58,12.57,0.59,20.5,0.42,17.66,0.41,10.5,0.43,77.0,0.44,175.5,0.01,0.01,2321.91021,1776210972000
1776210974.265,74.265,0.57,87.0,0.56,175.5,0.58,12.57,0.59,20.5,0.42,12.57,0.41,20.5,0.43,87.0,0.44,175.5,0.01,0.01,2321.90967,1776210973000
1776210974.536,74.536,0.57,92.0,0.56,175.5,0.58,14.12,0.59,20.5,0.42,12.57,0.41,20.5,0.43,87.0,0.44,175.5,0.01,0.01,2321.90967,1776210973000
1776210975.017,75.017,0.57,92.0,0.56,175.5,0.58,9.12,0.59,20.5,0.42,14.12,0.41,20.5,0.43,92.0,0.44,175.5,0.01,0.01,2321.90967,1776210973000
1776210975.345,75.345,0.57,19.0,0.56,20.0,0.58,84.12,0.59,35.5,0.42,19.62,0.41,35.5,0.43,39.0,0.44,20.0,0.01,0.01,2321.90967,1776210973000
1776210975.792,75.792,0.57,9.0,0.56,20.0,0.58,84.12,0.59,35.5,0.42,84.12,0.41,35.5,0.43,9.0,0.44,20.0,0.01,0.01,2321.86537,1776210974000
1776210976.25,76.25,0.57,24.0,0.56,30.0,0.58,59.12,0.59,45.5,0.42,54.12,0.41,45.5,0.43,5.0,0.44,25.0,0.01,0.01,2321.86537,1776210974000
1776210976.481,76.481,0.57,14.0,0.56,30.0,0.58,59.12,0.59,45.5,0.42,59.12,0.41,45.5,0.43,14.0,0.44,30.0,0.01,0.01,2321.873342,1776210975000
1776210976.834,76.834,0.55,10.0,0.54,35.5,0.57,59.82,0.58,49.62,0.43,59.82,0.42,49.62,0.44,10.0,0.45,10.0,0.02,0.01,2321.873342,1776210975000
1776210977.142,77.142,0.55,10.0,0.54,35.5,0.57,59.82,0.58,49.62,0.43,59.82,0.42,49.62,0.45,10.0,0.46,35.5,0.02,0.02,2321.80607,1776210976000
1776210977.556,77.556,0.55,40.0,0.54,40.5,0.57,49.45,0.58,44.62,0.43,59.82,0.42,49.62,0.45,10.0,0.46,35.5,0.02,0.02,2321.80607,1776210976000
1776210978.679,78.679,0.55,40.0,0.54,40.5,0.57,49.45,0.58,44.62,0.43,49.45,0.42,44.62,0.45,40.0,0.46,40.5,0.02,0.02,2321.730178,1776210977000
1776210979.367,79.367,0.55,25.0,0.54,60.5,0.57,39.45,0.58,44.62,0.43,49.45,0.42,44.62,0.45,40.0,0.46,40.5,0.02,0.02,2321.730178,1776210977000
1776210979.741,79.741,0.55,25.0,0.54,60.5,0.57,39.45,0.58,44.62,0.43,39.45,0.42,44.62,0.45,25.0,0.46,60.5,0.02,0.02,2321.678292,1776210978000
1776210980.186,80.186,0.55,25.0,0.54,60.5,0.57,39.45,0.58,44.62,0.43,39.45,0.42,44.62,0.45,25.0,0.46,60.5,0.02,0.02,2321.678292,1776210979000
1776210980.577,80.577,0.55,34.0,0.54,50.5,0.57,49.27,0.58,44.62,0.43,39.45,0.42,44.62,0.45,25.0,0.46,60.5,0.02,0.02,2321.678292,1776210979000
1776210981.122,81.122,0.55,39.0,0.54,50.5,0.56,3.12,0.57,49.27,0.43,49.27,0.42,44.62,0.45,34.0,0.46,50.5,0.01,0.02,2321.678292,1776210979000
1776210981.916,81.916,0.55,5.0,0.54,35.0,0.56,25.0,0.57,49.77,0.44,3.12,0.43,49.27,0.45,39.0,0.46,50.5,0.01,0.01,2321.677087,1776210980000
1776210982.163,82.163,0.55,5.0,0.54,35.0,0.56,25.0,0.57,49.77,0.44,25.0,0.43,49.77,0.45,5.0,0.46,35.0,0.01,0.01,2321.677087,1776210981000
1776210982.541,82.541,0.54,37.71,0.53,65.5,0.56,45.0,0.57,49.77,0.45,4.81,0.44,25.0,0.46,35.0,0.47,65.5,0.02,0.01,2321.677087,1776210981000
1776210983.155,83.155,0.54,35.42,0.53,65.5,0.56,50.0,0.57,49.77,0.44,50.0,0.43,49.77,0.46,35.42,0.47,65.5,0.02,0.02,2321.675902,1776210982000
1776210983.442,83.442,0.54,37.35,0.53,70.5,0.55,10.0,0.56,40.0,0.44,50.0,0.43,49.77,0.46,35.42,0.47,65.5,0.01,0.02,2321.675902,1776210982000
1776210983.75,83.75,0.54,36.95,0.53,75.5,0.55,15.0,0.56,40.0,0.45,10.0,0.44,40.0,0.46,37.35,0.47,70.5,0.01,0.01,2321.675902,1776210982000
1776210983.977,83.977,0.54,36.95,0.53,75.5,0.55,5.0,0.56,40.0,0.45,15.0,0.44,40.0,0.46,36.95,0.47,75.5,0.01,0.01,2321.675902,1776210982000
1776210985.025,85.025,0.54,36.95,0.53,75.5,0.55,5.0,0.56,40.0,0.45,5.0,0.44,40.0,0.46,36.95,0.47,75.5,0.01,0.01,2321.660751,1776210984000
1776210986.292,86.292,0.54,36.95,0.53,75.5,0.55,5.0,0.56,40.0,0.45,5.0,0.44,40.0,0.46,36.95,0.47,75.5,0.01,0.01,2321.656201,1776210985000
1776210987.198,87.198,0.54,36.95,0.53,75.5,0.55,5.0,0.56,40.0,0.45,5.0,0.44,40.0,0.46,36.95,0.47,75.5,0.01,0.01,2321.652045,1776210986000
1776210988.229,88.229,0.54,36.95,0.53,75.5,0.55,5.0,0.56,40.0,0.45,5.0,0.44,40.0,0.46,36.95,0.47,75.5,0.01,0.01,2321.654091,1776210987000
1776210988.762,88.762,0.55,1.46,0.54,42.45,0.56,40.0,0.57,44.27,0.45,5.0,0.44,40.0,0.46,36.95,0.47,75.5,0.01,0.01,2321.654091,1776210987000
1776210989.107,89.107,0.55,1.46,0.54,42.45,0.56,40.0,0.57,44.27,0.44,40.0,0.43,44.27,0.45,1.46,0.46,42.45,0.01,0.01,2321.652673,1776210988000
1776210990.052,90.052,0.55,1.46,0.54,42.45,0.56,40.0,0.57,44.27,0.44,40.0,0.43,44.27,0.45,1.46,0.46,42.45,0.01,0.01,2321.651504,1776210989000
1776210991.007,91.007,0.54,42.45,0.53,65.5,0.56,35.0,0.57,34.27,0.44,35.0,0.43,34.27,0.46,42.45,0.47,65.5,0.02,0.02,2321.651515,1776210990000
1776210991.834,91.834,0.56,49.22,0.55,47.5,0.57,5.0,0.58,14.12,0.44,35.0,0.43,34.27,0.46,42.45,0.47,65.5,0.01,0.02,2321.651515,1776210990000
1776210992.47,92.47,0.56,49.22,0.55,47.5,0.57,5.0,0.58,14.12,0.43,5.0,0.42,14.12,0.44,49.22,0.45,47.5,0.01,0.01,2321.677996,1776210991000
1776210992.994,92.994,0.56,49.22,0.55,47.5,0.57,5.0,0.58,14.12,0.43,5.0,0.42,14.12,0.44,49.22,0.45,47.5,0.01,0.01,2321.7056,1776210992000
1776210993.39,93.39,0.57,204.5,0.56,131.22,0.62,35.0,0.63,30.0,0.42,19.12,0.41,5.0,0.43,51.5,0.44,50.22,0.05,0.01,2321.7056,1776210992000
1776210993.79,93.79,0.63,134.0,0.62,119.0,0.64,30.0,0.65,125.5,0.36,40.5,0.35,110.0,0.37,60.0,0.38,31.0,0.01,0.01,2321.7056,1776210992000
1776210993.994,93.994,0.63,134.0,0.62,119.0,0.64,30.0,0.65,125.5,0.36,30.0,0.35,125.5,0.37,134.0,0.38,119.0,0.01,0.01,2321.71377,1776210993000
1776210994.559,94.559,0.63,134.0,0.62,119.0,0.64,15.0,0.65,70.5,0.36,30.0,0.35,125.5,0.37,134.0,0.38,119.0,0.01,0.01,2321.71377,1776210993000
1776210994.953,94.953,0.63,139.0,0.62,194.0,0.64,4.21,0.65,70.5,0.36,15.0,0.35,70.5,0.37,134.0,0.38,119.0,0.01,0.01,2321.71377,1776210993000
1776210996.211,96.211,0.63,128.18,0.62,194.0,0.64,4.21,0.65,70.5,0.36,4.21,0.35,70.5,0.37,128.18,0.38,194.0,0.01,0.01,2322.02908,1776210995000
1776210997.38,97.38,0.63,128.18,0.62,194.0,0.64,4.21,0.65,70.5,0.36,4.21,0.35,70.5,0.37,128.18,0.38,194.0,0.01,0.01,2322.081665,1776210996000
1776210998.484,98.484,0.63,128.18,0.62,194.0,0.64,4.21,0.65,70.5,0.36,4.21,0.35,70.5,0.37,128.18,0.38,194.0,0.01,0.01,2322.10336,1776210997000
1776210998.929,98.929,0.63,128.18,0.62,194.0,0.64,4.21,0.65,70.5,0.36,4.21,0.35,70.5,0.37,128.18,0.38,194.0,0.01,0.01,2322.106685,1776210998000
1776211000.058,100.058,0.63,128.18,0.62,194.0,0.64,4.21,0.65,70.5,0.36,4.21,0.35,70.5,0.37,128.18,0.38,194.0,0.01,0.01,2322.13445,1776210999000
1776211001.15,101.15,0.63,128.18,0.62,194.0,0.64,4.21,0.65,70.5,0.36,4.21,0.35,70.5,0.37,128.18,0.38,194.0,0.01,0.01,2322.220371,1776211000000
1776211001.857,101.857,0.69,83.0,0.68,90.0,0.7,23.92,0.71,70.0,0.36,4.21,0.35,70.5,0.37,128.18,0.38,194.0,0.01,0.01,2322.220371,1776211000000
1776211002.21,102.21,0.69,83.0,0.68,90.0,0.7,23.92,0.71,70.0,0.3,23.92,0.29,70.0,0.31,83.0,0.32,90.0,0.01,0.01,2322.313972,1776211001000
1776211002.582,102.582,0.69,88.0,0.68,90.0,0.7,17.49,0.71,65.0,0.3,23.92,0.29,70.0,0.31,83.0,0.32,90.0,0.01,0.01,2322.313972,1776211001000
1776211003.204,103.204,0.69,88.0,0.68,90.0,0.7,17.49,0.71,65.0,0.3,17.49,0.29,65.0,0.31,88.0,0.32,90.0,0.01,0.01,2322.30394,1776211002000
1776211003.54,103.54,0.69,93.0,0.68,115.0,0.7,8.1,0.71,80.0,0.3,17.49,0.29,65.0,0.31,88.0,0.32,90.0,0.01,0.01,2322.30394,1776211002000
1776211004.09,104.09,0.7,68.14,0.69,17.0,0.71,64.29,0.72,20.5,0.3,8.1,0.29,80.0,0.31,93.0,0.32,115.0,0.01,0.01,2322.30394,1776211002000
1776211004.3,104.3,0.7,61.14,0.69,15.0,0.71,7.18,0.72,15.0,0.28,18.67,0.27,15.0,0.3,52.14,0.31,20.0,0.01,0.02,2322.30394,1776211002000
1776211004.52,104.52,0.7,71.14,0.69,15.0,0.73,6.3,0.74,30.0,0.29,0.38,0.28,13.19,0.3,66.14,0.31,15.0,0.03,0.01,2322.33352,1776211003000
1776211005.396,105.396,0.71,20.0,0.7,27.14,0.72,3.46,0.73,11.3,0.28,3.46,0.27,11.3,0.29,20.0,0.3,27.14,0.01,0.01,2322.38771,1776211004000
1776211006.403,106.403,0.71,30.0,0.7,27.14,0.72,22.46,0.73,20.0,0.28,22.46,0.27,20.0,0.29,30.0,0.3,27.14,0.01,0.01,2322.38701,1776211005000
1776211006.914,106.914,0.71,30.0,0.7,27.14,0.72,22.46,0.73,20.0,0.28,22.46,0.27,20.0,0.29,30.0,0.3,27.14,0.01,0.01,2322.38585,1776211006000
1776211007.606,107.606,0.71,44.0,0.7,27.14,0.72,5.51,0.73,15.0,0.28,22.46,0.27,20.0,0.29,30.0,0.3,27.14,0.01,0.01,2322.38585,1776211006000
1776211007.925,107.925,0.71,69.0,0.7,27.14,0.73,15.0,0.74,39.11,0.27,15.0,0.26,39.11,0.29,69.0,0.3,27.14,0.02,0.02,2322.402001,1776211007000
1776211008.251,108.251,0.72,25.0,0.71,20.0,0.73,25.0,0.74,39.11,0.27,15.0,0.26,39.11,0.29,69.0,0.3,27.14,0.01,0.02,2322.402001,1776211007000
1776211008.953,108.953,0.72,20.0,0.71,20.0,0.73,25.0,0.74,39.11,0.27,25.0,0.26,39.11,0.28,20.0,0.29,20.0,0.01,0.01,2322.406309,1776211008000
1776211010.069,110.069,0.72,20.0,0.71,20.0,0.73,25.0,0.74,39.11,0.27,25.0,0.26,39.11,0.28,20.0,0.29,20.0,0.01,0.01,2322.40742,1776211009000
1776211011.026,111.026,0.72,20.0,0.71,20.0,0.73,25.0,0.74,39.11,0.27,25.0,0.26,39.11,0.28,20.0,0.29,20.0,0.01,0.01,2322.413587,1776211010000
1776211011.975,111.975,0.72,20.0,0.71,20.0,0.73,25.0,0.74,39.11,0.27,25.0,0.26,39.11,0.28,20.0,0.29,20.0,0.01,0.01,2322.413597,1776211011000
1776211012.804,112.804,0.73,116.5,0.72,54.5,0.75,20.0,0.77,10.0,0.27,25.0,0.26,39.11,0.28,20.0,0.29,20.0,0.02,0.01,2322.413597,1776211011000
1776211013.977,113.977,0.73,116.5,0.72,54.5,0.75,20.0,0.77,10.0,0.25,20.0,0.23,10.0,0.27,116.5,0.28,54.5,0.02,0.02,2322.49424,1776211013000
1776211014.944,114.944,0.76,51.0,0.75,262.5,0.77,18.7,0.78,26.0,0.23,7.92,0.22,31.0,0.24,61.0,0.25,252.0,0.01,0.01,2322.49424,1776211013000
1776211015.219,115.219,0.76,86.0,0.75,252.0,0.78,3.7,0.79,26.7,0.23,18.7,0.22,26.0,0.24,51.0,0.25,262.5,0.02,0.01,2322.579926,1776211014000
1776211015.761,115.761,0.77,51.0,0.76,37.0,0.78,3.1,0.79,26.7,0.22,5.0,0.21,26.7,0.23,46.0,0.24,47.0,0.01,0.01,2322.579926,1776211014000
1776211016.051,116.051,0.77,51.0,0.76,37.0,0.78,3.1,0.79,26.7,0.22,3.1,0.21,26.7,0.23,51.0,0.24,37.0,0.01,0.01,2322.69072,1776211015000
1776211016.348,116.348,0.78,17.0,0.77,32.0,0.79,41.7,0.8,27.5,0.22,3.1,0.21,26.7,0.23,51.0,0.24,37.0,0.01,0.01,2322.69072,1776211015000
1776211016.611,116.611,0.78,25.04,0.77,32.0,0.79,41.7,0.8,27.5,0.21,41.7,0.2,27.5,0.22,17.0,0.23,32.0,0.01,0.01,2322.69072,1776211015000
1776211016.978,116.978,0.78,26.11,0.77,32.0,0.79,40.43,0.8,27.5,0.21,41.7,0.2,27.5,0.22,31.11,0.23,32.0,0.01,0.01,2322.69072,1776211015000
1776211017.842,117.842,0.79,120.0,0.78,38.11,0.8,7.11,0.81,48.4,0.21,29.43,0.2,27.5,0.22,36.11,0.23,32.0,0.01,0.01,2322.71196,1776211016000
1776211018.619,118.619,0.8,120.0,0.79,66.0,0.81,57.47,0.82,35.51,0.2,7.11,0.19,48.4,0.21,120.0,0.22,38.11,0.01,0.01,2322.7336,1776211017000
1776211019.0,119.0,0.81,116.52,0.8,171.0,0.82,24.4,0.83,86.55,0.19,57.47,0.18,35.51,0.2,120.0,0.21,66.0,0.01,0.01,2322.7336,1776211017000
1776211019.41,119.41,0.81,116.52,0.8,171.0,0.82,24.4,0.83,86.55,0.18,24.4,0.17,86.55,0.19,116.52,0.2,171.0,0.01,0.01,2322.755085,1776211018000
1776211019.947,119.947,0.81,116.52,0.8,171.0,0.82,26.3,0.83,86.55,0.18,26.3,0.17,86.55,0.19,116.52,0.2,171.0,0.01,0.01,2322.865285,1776211019000
1776211020.469,120.469,0.81,116.52,0.8,171.0,0.82,16.0,0.83,86.55,0.18,24.3,0.17,86.55,0.19,111.52,0.2,171.0,0.01,0.01,2322.865285,1776211019000
1776211020.8,120.8,0.81,106.42,0.8,181.5,0.82,16.0,0.83,81.55,0.18,16.0,0.17,86.55,0.19,116.52,0.2,171.0,0.01,0.01,2322.865285,1776211019000
1776211021.134,121.134,0.81,106.42,0.8,181.5,0.82,16.0,0.83,81.55,0.18,16.0,0.17,81.55,0.19,106.42,0.2,181.5,0.01,0.01,2322.99196,1776211020000
1776211021.612,121.612,0.79,10.0,0.78,10.0,0.8,6.0,0.81,5.0,0.18,16.0,0.17,81.55,0.19,106.42,0.2,181.5,0.01,0.01,2322.99196,1776211020000
1776211022.194,122.194,0.75,105.0,0.74,150.5,0.79,31.11,0.8,21.0,0.21,5.0,0.2,6.0,0.22,10.0,0.23,10.0,0.04,0.01,2322.99196,1776211020000
1776211022.542,122.542,0.78,14.22,0.77,86.5,0.79,10.0,0.8,6.0,0.21,67.0,0.2,27.0,0.25,96.12,0.26,150.0,0.01,0.04,2323.020738,1776211021000
1776211022.745,122.745,0.78,62.31,0.77,163.5,0.79,10.0,0.8,6.0,0.21,10.0,0.2,6.0,0.22,14.22,0.23,86.5,0.01,0.01,2323.020738,1776211021000
1776211023.154,123.154,0.79,10.0,0.78,94.52,0.8,9.0,0.81,87.71,0.19,77.4,0.18,29.4,0.22,65.52,0.23,163.5,0.01,0.03,2323.04507,1776211022000
1776211023.846,123.846,0.79,10.0,0.78,94.52,0.8,9.0,0.81,87.71,0.2,9.0,0.19,87.71,0.21,10.0,0.22,94.52,0.01,0.01,2322.87004,1776211023000
1776211024.844,124.844,0.79,10.0,0.78,94.52,0.8,9.0,0.81,87.71,0.2,9.0,0.19,87.71,0.21,10.0,0.22,94.52,0.01,0.01,2322.79726,1776211024000
1776211026.257,126.257,0.79,10.0,0.78,94.52,0.8,9.0,0.81,87.71,0.2,9.0,0.19,87.71,0.21,10.0,0.22,94.52,0.01,0.01,2322.846863,1776211025000
1776211027.25,127.25,0.79,10.0,0.78,94.52,0.8,9.0,0.81,87.71,0.2,9.0,0.19,87.71,0.21,10.0,0.22,94.52,0.01,0.01,2322.846374,1776211026000
1776211028.196,128.196,0.79,10.0,0.78,94.52,0.8,9.0,0.81,87.71,0.2,9.0,0.19,87.71,0.21,10.0,0.22,94.52,0.01,0.01,2322.86092,1776211027000
1776211028.909,128.909,0.79,50.0,0.78,105.8,0.8,36.18,0.81,32.71,0.2,9.0,0.19,87.71,0.21,10.0,0.22,94.52,0.01,0.01,2322.86092,1776211027000
1776211029.474,129.474,0.79,45.0,0.78,105.8,0.8,13.68,0.81,32.71,0.2,13.68,0.19,32.71,0.21,45.0,0.22,105.8,0.01,0.01,2322.853589,1776211028000
1776211030.181,130.181,0.79,65.0,0.78,105.8,0.8,13.68,0.81,32.71,0.2,13.68,0.19,32.71,0.21,65.0,0.22,105.8,0.01,0.01,2322.853609,1776211029000
1776211031.175,131.175,0.79,65.0,0.78,105.8,0.8,13.68,0.81,32.71,0.2,13.68,0.19,32.71,0.21,65.0,0.22,105.8,0.01,0.01,2322.872462,1776211030000
1776211032.194,132.194,0.79,65.0,0.78,105.8,0.8,13.68,0.81,32.71,0.2,13.68,0.19,32.71,0.21,65.0,0.22,105.8,0.01,0.01,2322.861946,1776211031000
1776211033.213,133.213,0.8,10.0,0.79,21.0,0.81,32.71,0.82,29.4,0.19,32.71,0.18,29.4,0.2,10.0,0.21,21.0,0.01,0.01,2322.861011,1776211032000
1776211033.522,133.522,0.8,82.0,0.79,31.5,0.81,43.71,0.82,35.01,0.19,32.71,0.18,29.4,0.2,10.0,0.21,21.0,0.01,0.01,2322.861011,1776211032000
1776211034.329,134.329,0.8,82.0,0.79,31.5,0.81,43.71,0.82,35.01,0.19,43.71,0.18,35.01,0.2,82.0,0.21,31.5,0.01,0.01,2322.861654,1776211033000
1776211035.333,135.333,0.8,20.3,0.79,31.0,0.81,41.71,0.82,35.01,0.19,43.71,0.18,35.01,0.2,20.3,0.21,31.0,0.01,0.01,2322.861654,1776211033000
1776211035.877,135.877,0.8,10.25,0.79,31.0,0.81,20.31,0.82,35.01,0.19,41.71,0.18,35.01,0.2,20.3,0.21,31.0,0.01,0.01,2322.860794,1776211034000
1776211037.375,137.375,0.8,10.25,0.79,31.0,0.81,20.31,0.82,35.01,0.19,20.31,0.18,35.01,0.2,10.25,0.21,31.0,0.01,0.01,2322.851944,1776211036000
1776211038.192,138.192,0.8,10.25,0.79,31.0,0.81,20.31,0.82,35.01,0.19,20.31,0.18,35.01,0.2,10.25,0.21,31.0,0.01,0.01,2322.850245,1776211037000
1776211038.655,138.655,0.82,126.0,0.81,52.5,0.83,63.55,0.84,86.8,0.19,20.31,0.18,35.01,0.2,10.25,0.21,31.0,0.01,0.01,2322.850245,1776211037000
1776211039.393,139.393,0.82,126.0,0.81,52.5,0.83,63.55,0.84,86.8,0.17,63.55,0.16,86.8,0.18,126.0,0.19,52.5,0.01,0.01,2322.846114,1776211038000
1776211039.829,139.829,0.82,120.42,0.81,52.5,0.83,50.0,0.84,86.8,0.17,63.55,0.16,86.8,0.18,126.0,0.19,52.5,0.01,0.01,2322.846114,1776211038000
1776211040.077,140.077,0.82,120.42,0.81,52.5,0.83,50.0,0.84,86.8,0.17,50.0,0.16,86.8,0.18,120.42,0.19,52.5,0.01,0.01,2322.897588,1776211039000
1776211040.445,140.445,0.86,129.0,0.85,90.0,0.87,26.8,0.88,34.1,0.17,50.0,0.16,86.8,0.18,120.42,0.19,52.5,0.01,0.01,2322.897588,1776211039000
1776211041.204,141.204,0.86,129.0,0.85,90.0,0.87,26.8,0.88,34.1,0.13,26.8,0.12,34.1,0.14,129.0,0.15,90.0,0.01,0.01,2322.96271,1776211040000
1776211041.413,141.413,0.86,94.0,0.85,96.0,0.87,18.37,0.88,41.1,0.13,26.8,0.12,34.1,0.14,129.0,0.15,90.0,0.01,0.01,2322.96271,1776211040000
1776211041.678,141.678,0.86,82.0,0.85,100.5,0.87,3.81,0.88,41.1,0.13,5.77,0.12,41.1,0.14,99.0,0.15,96.0,0.01,0.01,2322.96271,1776211040000
1776211042.478,142.478,0.86,82.0,0.85,100.5,0.87,3.81,0.88,41.1,0.13,3.81,0.12,41.1,0.14,82.0,0.15,100.5,0.01,0.01,2323.124421,1776211041000
1776211042.799,142.799,0.86,70.42,0.85,230.0,0.87,39.57,0.88,45.1,0.13,3.81,0.12,41.1,0.14,82.0,0.15,100.5,0.01,0.01,2323.124421,1776211041000
1776211043.114,143.114,0.85,104.39,0.84,20.0,0.87,39.57,0.88,45.1,0.13,39.57,0.12,45.1,0.15,104.39,0.16,20.0,0.02,0.02,2323.22446,1776211042000
1776211043.789,143.789,0.86,135.0,0.85,129.89,0.88,34.1,0.89,42.79,0.13,39.57,0.12,45.1,0.15,104.39,0.16,20.0,0.02,0.02,2323.22446,1776211042000
1776211044.336,144.336,0.86,135.0,0.85,129.89,0.88,34.1,0.89,42.79,0.12,34.1,0.11,42.79,0.14,135.0,0.15,129.89,0.02,0.02,2323.223718,1776211043000
1776211044.948,144.948,0.86,135.0,0.85,129.89,0.88,34.1,0.89,42.79,0.12,34.1,0.11,42.79,0.14,135.0,0.15,129.89,0.02,0.02,2323.178259,1776211044000
1776211046.3,146.3,0.86,135.0,0.85,129.89,0.88,34.1,0.89,42.79,0.12,34.1,0.11,42.79,0.14,135.0,0.15,129.89,0.02,0.02,2323.195945,1776211045000
1776211046.776,146.776,0.87,103.0,0.86,139.0,0.88,38.41,0.89,15.0,0.12,34.1,0.11,42.79,0.14,135.0,0.15,129.89,0.01,0.02,2323.195945,1776211045000
1776211047.1,147.1,0.87,51.0,0.86,95.0,0.88,53.41,0.89,41.79,0.12,38.41,0.11,15.0,0.13,103.0,0.14,139.0,0.01,0.01,2323.195945,1776211045000
1776211047.585,147.585,0.87,51.0,0.86,95.0,0.88,53.41,0.89,41.79,0.12,53.41,0.11,41.79,0.13,51.0,0.14,95.0,0.01,0.01,2323.286446,1776211046000
1776211048.27,148.27,0.87,51.0,0.86,95.0,0.88,53.41,0.89,41.79,0.12,53.41,0.11,41.79,0.13,51.0,0.14,95.0,0.01,0.01,2323.286446,1776211047000
1776211050.107,150.107,0.87,95.0,0.86,95.0,0.88,51.13,0.89,5.0,0.12,51.13,0.11,5.0,0.13,95.0,0.14,95.0,0.01,0.01,2323.216195,1776211049000
1776211050.603,150.603,0.87,60.0,0.86,80.0,0.88,48.41,0.89,57.79,0.12,51.13,0.11,5.0,0.13,95.0,0.14,95.0,0.01,0.01,2323.216195,1776211049000
1776211050.811,150.811,0.87,24.0,0.86,80.0,0.88,43.27,0.89,57.79,0.12,41.41,0.11,57.79,0.13,40.0,0.14,80.0,0.01,0.01,2323.216195,1776211049000
1776211051.363,151.363,0.87,20.38,0.86,85.0,0.88,26.45,0.89,57.79,0.12,26.45,0.11,57.79,0.13,20.38,0.14,85.0,0.01,0.01,2323.217994,1776211050000
1776211051.681,151.681,0.87,20.38,0.86,85.0,0.88,84.35,0.89,47.79,0.12,26.45,0.11,57.79,0.13,20.38,0.14,85.0,0.01,0.01,2323.217994,1776211050000
1776211052.055,152.055,0.87,20.38,0.86,85.0,0.88,84.35,0.89,47.79,0.12,84.35,0.11,47.79,0.13,20.38,0.14,85.0,0.01,0.01,2323.215817,1776211051000
1776211053.597,153.597,0.87,20.38,0.86,85.0,0.88,79.12,0.89,41.79,0.12,79.12,0.11,41.79,0.13,20.38,0.14,85.0,0.01,0.01,2323.143949,1776211052000
1776211054.028,154.028,0.87,36.38,0.86,105.5,0.88,38.82,0.89,41.79,0.12,79.12,0.11,41.79,0.13,20.38,0.14,85.0,0.01,0.01,2323.143949,1776211052000
1776211054.377,154.377,0.87,36.38,0.86,105.5,0.88,38.82,0.89,41.79,0.12,38.82,0.11,41.79,0.13,36.38,0.14,105.5,0.01,0.01,2323.143539,1776211053000
1776211054.965,154.965,0.87,36.38,0.86,105.5,0.88,38.82,0.89,41.79,0.12,38.82,0.11,41.79,0.13,36.38,0.14,105.5,0.01,0.01,2323.144106,1776211054000
1776211056.349,156.349,0.87,36.38,0.86,105.5,0.88,38.82,0.89,41.79,0.12,38.82,0.11,41.79,0.13,36.38,0.14,105.5,0.01,0.01,2323.150674,1776211055000
1776211057.119,157.119,0.87,36.38,0.86,105.5,0.88,38.82,0.89,41.79,0.12,38.82,0.11,41.79,0.13,36.38,0.14,105.5,0.01,0.01,2323.150774,1776211056000
1776211057.701,157.701,0.87,38.3,0.86,100.5,0.88,33.82,0.89,41.79,0.12,38.82,0.11,41.79,0.13,36.38,0.14,105.5,0.01,0.01,2323.150774,1776211056000
1776211058.546,158.546,0.87,35.22,0.86,100.5,0.88,38.82,0.89,41.79,0.12,38.82,0.11,41.79,0.13,35.22,0.14,100.5,0.01,0.01,2323.15078,1776211057000
1776211058.797,158.797,0.87,50.22,0.86,95.5,0.88,37.68,0.89,41.79,0.12,38.82,0.11,41.79,0.13,35.22,0.14,100.5,0.01,0.01,2323.15078,1776211057000
1776211059.177,159.177,0.87,50.22,0.86,95.5,0.88,37.68,0.89,41.79,0.12,37.68,0.11,41.79,0.13,50.22,0.14,95.5,0.01,0.01,2323.150861,1776211058000
1776211060.542,160.542,0.87,50.22,0.86,95.5,0.88,37.68,0.89,41.79,0.12,37.68,0.11,41.79,0.13,50.22,0.14,95.5,0.01,0.01,2323.153522,1776211059000
1776211061.178,161.178,0.87,50.22,0.86,95.5,0.88,37.68,0.89,41.79,0.12,37.68,0.11,41.79,0.13,50.22,0.14,95.5,0.01,0.01,2323.153311,1776211060000
1776211061.969,161.969,0.87,45.22,0.86,105.5,0.88,40.27,0.89,41.79,0.12,37.68,0.11,41.79,0.13,50.22,0.14,95.5,0.01,0.01,2323.153311,1776211060000
1776211062.495,162.495,0.87,93.95,0.86,105.5,0.88,35.27,0.89,41.79,0.12,40.27,0.11,41.79,0.13,45.22,0.14,105.5,0.01,0.01,2323.153311,1776211060000
1776211063.507,163.507,0.87,93.95,0.86,105.5,0.88,35.27,0.89,41.79,0.12,35.27,0.11,41.79,0.13,93.95,0.14,105.5,0.01,0.01,2323.152233,1776211062000
1776211064.056,164.056,0.87,96.5,0.86,105.5,0.91,98.83,0.92,65.88,0.12,35.27,0.11,41.79,0.13,93.95,0.14,105.5,0.04,0.01,2323.152233,1776211062000
1776211064.495,164.495,0.9,32.9,0.89,10.0,0.91,110.05,0.92,65.88,0.09,98.83,0.08,65.88,0.13,96.5,0.14,105.5,0.01,0.04,2323.156149,1776211063000
1776211065.677,165.677,0.9,32.9,0.89,10.0,0.91,64.95,0.92,16.98,0.09,64.95,0.08,16.98,0.1,32.9,0.11,10.0,0.01,0.01,2323.15686,1776211064000
1776211066.425,166.425,0.9,32.9,0.89,10.0,0.91,64.95,0.92,16.98,0.09,64.95,0.08,16.98,0.1,32.9,0.11,10.0,0.01,0.01,2323.156843,1776211065000
1776211066.877,166.877,0.89,14.9,0.88,15.0,0.91,85.82,0.92,16.98,0.09,64.95,0.08,16.98,0.1,32.9,0.11,10.0,0.02,0.01,2323.156843,1776211065000
1776211067.078,167.078,0.89,14.9,0.88,15.0,0.91,85.82,0.92,16.98,0.09,85.82,0.08,16.98,0.11,14.9,0.12,15.0,0.02,0.02,2323.156843,1776211066000
1776211068.124,168.124,0.89,4.99,0.88,10.0,0.91,63.95,0.92,26.98,0.09,63.95,0.08,26.98,0.11,4.99,0.12,10.0,0.02,0.02,2323.155532,1776211067000
1776211068.51,168.51,0.84,8.13,0.83,35.0,0.87,10.0,0.88,34.0,0.09,63.95,0.08,26.98,0.11,4.99,0.12,10.0,0.03,0.02,2323.155532,1776211067000
1776211069.111,169.111,0.9,25.0,0.88,10.0,0.91,94.63,0.92,69.88,0.13,10.0,0.12,34.0,0.16,8.13,0.17,35.0,0.01,0.03,2323.155532,1776211067000
1776211069.638,169.638,0.9,25.0,0.88,10.0,0.91,94.63,0.92,69.88,0.09,94.63,0.08,69.88,0.1,25.0,0.12,10.0,0.01,0.01,2323.045903,1776211068000
1776211070.228,170.228,0.86,10.0,0.85,25.0,0.87,13.0,0.88,26.5,0.1,55.0,0.09,110.85,0.12,10.0,0.13,10.0,0.01,0.02,2323.045903,1776211068000
1776211071.074,171.074,0.86,10.0,0.85,25.0,0.87,13.0,0.88,26.5,0.13,13.0,0.12,26.5,0.14,10.0,0.15,25.0,0.01,0.01,2322.917026,1776211070000
1776211072.357,172.357,0.86,10.0,0.85,25.0,0.87,13.0,0.88,26.5,0.13,13.0,0.12,26.5,0.14,10.0,0.15,25.0,0.01,0.01,2322.831263,1776211071000
1776211073.156,173.156,0.86,25.0,0.85,40.0,0.87,11.85,0.88,16.0,0.13,13.0,0.12,26.5,0.14,10.0,0.15,25.0,0.01,0.01,2322.831263,1776211071000
1776211073.867,173.867,0.86,25.0,0.85,40.0,0.87,6.73,0.88,16.0,0.13,11.85,0.12,16.0,0.14,25.0,0.15,40.0,0.01,0.01,2322.765612,1776211072000
1776211074.11,174.11,0.86,30.0,0.85,40.0,0.87,8.82,0.88,16.0,0.13,6.73,0.12,16.0,0.14,25.0,0.15,40.0,0.01,0.01,2322.765612,1776211072000
1776211074.729,174.729,0.86,30.0,0.85,40.0,0.87,8.82,0.88,16.0,0.13,8.82,0.12,16.0,0.14,30.0,0.15,40.0,0.01,0.01,2322.763233,1776211073000
1776211075.328,175.328,0.86,30.0,0.85,40.0,0.87,8.82,0.88,16.0,0.13,8.82,0.12,16.0,0.14,30.0,0.15,40.0,0.01,0.01,2322.76401,1776211074000
1776211076.015,176.015,0.85,20.0,0.84,100.0,0.86,35.0,0.87,15.0,0.13,8.82,0.12,16.0,0.14,30.0,0.15,40.0,0.01,0.01,2322.76401,1776211074000
1776211077.33,177.33,0.85,20.0,0.84,100.0,0.86,35.0,0.87,15.0,0.14,35.0,0.13,15.0,0.15,20.0,0.16,100.0,0.01,0.01,2322.764046,1776211076000
1776211078.27,178.27,0.85,20.0,0.84,100.0,0.86,35.0,0.87,15.0,0.14,35.0,0.13,15.0,0.15,20.0,0.16,100.0,0.01,0.01,2322.764607,1776211077000
1776211079.178,179.178,0.88,19.0,0.87,87.0,0.89,46.79,0.9,55.0,0.14,35.0,0.13,15.0,0.15,20.0,0.16,100.0,0.01,0.01,2322.764607,1776211077000
1776211079.621,179.621,0.88,19.0,0.87,87.0,0.89,46.79,0.9,55.0,0.11,46.79,0.1,55.0,0.12,19.0,0.13,87.0,0.01,0.01,2322.764607,1776211078000
1776211080.233,180.233,0.88,19.0,0.87,87.0,0.89,46.79,0.9,55.0,0.11,46.79,0.1,55.0,0.12,19.0,0.13,87.0,0.01,0.01,2322.765087,1776211079000
1776211080.616,180.616,0.88,94.0,0.87,51.0,0.89,9.76,0.9,40.0,0.11,46.79,0.1,55.0,0.12,19.0,0.13,87.0,0.01,0.01,2322.765087,1776211079000
1776211080.966,180.966,0.88,99.0,0.87,51.0,0.89,8.63,0.91,44.0,0.11,9.76,0.1,40.0,0.12,94.0,0.13,51.0,0.01,0.01,2322.765087,1776211079000
1776211081.601,181.601,0.88,99.0,0.87,51.0,0.89,8.63,0.91,44.0,0.11,8.63,0.09,44.0,0.12,99.0,0.13,51.0,0.01,0.01,2322.768107,1776211080000
1776211082.249,182.249,0.88,99.0,0.87,51.0,0.89,8.63,0.91,44.0,0.11,8.63,0.09,44.0,0.12,99.0,0.13,51.0,0.01,0.01,2322.769557,1776211081000
1776211083.328,183.328,0.91,112.5,0.9,193.0,0.92,2.61,0.93,250.0,0.08,5.88,0.07,250.0,0.09,15.49,0.1,140.0,0.01,0.01,2322.769557,1776211081000
1776211083.632,183.632,0.91,112.5,0.9,193.0,0.92,2.61,0.93,250.0,0.08,2.61,0.07,250.0,0.09,112.5,0.1,193.0,0.01,0.01,2322.803878,1776211082000
1776211084.28,184.28,0.91,112.5,0.9,193.0,0.92,2.61,0.93,250.0,0.08,2.61,0.07,250.0,0.09,112.5,0.1,193.0,0.01,0.01,2323.257401,1776211083000
1776211085.015,185.015,0.91,148.5,0.9,193.0,0.93,256.0,0.95,160.8,0.08,2.61,0.07,250.0,0.09,112.5,0.1,193.0,0.02,0.01,2323.257401,1776211083000
1776211085.988,185.988,0.91,148.5,0.9,193.0,0.93,256.0,0.95,160.8,0.07,256.0,0.05,160.8,0.09,148.5,0.1,193.0,0.02,0.02,2323.27588,1776211084000
1776211086.383,186.383,0.91,148.5,0.9,193.0,0.93,256.0,0.95,160.8,0.07,256.0,0.05,160.8,0.09,148.5,0.1,193.0,0.02,0.02,2323.272942,1776211085000
1776211086.879,186.879,0.92,56.5,0.91,77.5,0.93,261.42,0.95,160.8,0.07,256.0,0.05,160.8,0.09,148.5,0.1,193.0,0.01,0.02,2323.272942,1776211085000
1776211087.484,187.484,0.92,99.5,0.91,66.5,0.93,263.25,0.95,160.8,0.07,261.42,0.05,160.8,0.08,56.5,0.09,77.5,0.01,0.01,2323.278627,1776211086000
1776211087.967,187.967,0.92,99.5,0.91,66.5,0.93,258.45,0.95,160.8,0.07,258.45,0.05,160.8,0.08,99.5,0.09,66.5,0.01,0.01,2323.31666,1776211087000
1776211089.051,189.051,0.92,99.5,0.91,66.5,0.93,258.45,0.95,160.8,0.07,258.45,0.05,160.8,0.08,99.5,0.09,66.5,0.01,0.01,2323.31886,1776211088000
1776211089.527,189.527,0.94,189.5,0.93,170.5,0.95,202.2,0.96,95.0,0.07,258.45,0.05,160.8,0.08,99.5,0.09,66.5,0.01,0.01,2323.31886,1776211088000
1776211089.846,189.846,0.94,186.5,0.93,180.5,0.95,207.2,0.96,95.0,0.05,202.2,0.04,95.0,0.06,189.5,0.07,170.5,0.01,0.01,2323.31886,1776211088000
1776211090.433,190.433,0.94,138.04,0.93,180.5,0.95,222.2,0.96,95.0,0.05,207.2,0.04,95.0,0.06,186.5,0.07,180.5,0.01,0.01,2323.382015,1776211089000
1776211090.802,190.802,0.94,192.04,0.93,175.5,0.95,199.07,0.96,95.0,0.05,222.2,0.04,95.0,0.06,138.04,0.07,180.5,0.01,0.01,2323.382015,1776211089000
1776211091.044,191.044,0.94,187.04,0.93,175.5,0.95,197.91,0.96,95.0,0.05,197.91,0.04,95.0,0.06,187.04,0.07,175.5,0.01,0.01,2323.6355,1776211090000
1776211091.478,191.478,0.94,118.04,0.93,160.5,0.95,216.83,0.96,201.0,0.05,201.83,0.04,95.0,0.06,153.04,0.07,175.5,0.01,0.01,2323.6355,1776211090000
1776211092.055,192.055,0.94,109.04,0.93,160.5,0.95,216.83,0.96,201.0,0.05,216.83,0.04,201.0,0.06,109.04,0.07,160.5,0.01,0.01,2323.67741,1776211091000
1776211093.069,193.069,0.94,109.04,0.93,160.5,0.95,216.83,0.96,201.0,0.05,216.83,0.04,201.0,0.06,109.04,0.07,160.5,0.01,0.01,2323.681688,1776211092000
1776211094.135,194.135,0.94,30.5,0.93,60.5,0.95,249.72,0.96,201.0,0.05,249.72,0.04,201.0,0.06,30.5,0.07,60.5,0.01,0.01,2323.66505,1776211093000
1776211095.217,195.217,0.94,30.5,0.93,60.5,0.95,249.72,0.96,201.0,0.05,249.72,0.04,201.0,0.06,30.5,0.07,60.5,0.01,0.01,2323.639399,1776211094000
1776211096.063,196.063,0.94,30.5,0.93,60.5,0.95,249.72,0.96,201.0,0.05,249.72,0.04,201.0,0.06,30.5,0.07,60.5,0.01,0.01,2323.639399,1776211095000
1776211096.518,196.518,0.95,15.0,0.94,35.5,0.96,314.88,0.97,544.38,0.05,249.72,0.04,201.0,0.06,30.5,0.07,60.5,0.01,0.01,2323.639399,1776211095000
1776211096.972,196.972,0.95,15.0,0.94,35.5,0.96,314.88,0.97,544.38,0.04,314.88,0.03,544.38,0.05,15.0,0.06,35.5,0.01,0.01,2323.601496,1776211096000
1776211097.764,197.764,0.92,80.5,0.91,111.5,0.93,39.5,0.96,349.88,0.04,314.88,0.03,544.38,0.05,15.0,0.06,35.5,0.01,0.01,2323.601496,1776211096000
1776211098.002,198.002,0.92,80.5,0.91,111.5,0.93,39.5,0.96,349.88,0.07,39.5,0.04,349.88,0.08,80.5,0.09,111.5,0.01,0.01,2323.572168,1776211097000
1776211099.438,199.438,0.92,80.5,0.91,111.5,0.93,39.5,0.96,349.88,0.07,39.5,0.04,349.88,0.08,80.5,0.09,111.5,0.01,0.01,2323.518984,1776211098000
1776211099.907,199.907,0.92,80.5,0.91,111.5,0.93,39.5,0.96,349.88,0.07,39.5,0.04,349.88,0.08,80.5,0.09,111.5,0.01,0.01,2323.516513,1776211099000
1776211100.529,200.529,0.92,80.5,0.91,111.5,0.93,114.79,0.94,100.0,0.07,221.04,0.06,100.0,0.08,85.5,0.09,111.5,0.01,0.01,2323.516513,1776211099000
1776211100.914,200.914,0.92,80.5,0.91,111.5,0.93,114.79,0.94,100.0,0.07,114.79,0.06,100.0,0.08,80.5,0.09,111.5,0.01,0.01,2323.513593,1776211100000
1776211101.763,201.763,0.92,95.5,0.91,111.5,0.93,111.66,0.94,100.0,0.07,114.79,0.06,100.0,0.08,80.5,0.09,111.5,0.01,0.01,2323.513593,1776211100000
1776211102.004,202.004,0.92,95.5,0.91,111.5,0.93,111.66,0.94,100.0,0.07,111.66,0.06,100.0,0.08,95.5,0.09,111.5,0.01,0.01,2323.516387,1776211101000
1776211103.025,203.025,0.92,95.5,0.91,111.5,0.93,111.66,0.94,100.0,0.07,111.66,0.06,100.0,0.08,95.5,0.09,111.5,0.01,0.01,2323.516922,1776211102000
1776211103.551,203.551,0.92,230.5,0.91,155.5,0.93,1.5,0.95,8.0,0.07,111.66,0.06,100.0,0.08,95.5,0.09,111.5,0.01,0.01,2323.516922,1776211102000
1776211103.819,203.819,0.92,230.5,0.91,155.5,0.93,0.27,0.95,8.0,0.07,1.5,0.05,8.0,0.08,230.5,0.09,155.5,0.01,0.01,2323.516922,1776211102000
1776211104.2,204.2,0.92,235.5,0.91,155.5,0.95,8.0,0.96,95.83,0.05,8.0,0.04,95.83,0.08,235.5,0.09,155.5,0.03,0.03,2323.51753,1776211103000
1776211105.285,205.285,0.92,235.5,0.91,155.5,0.95,8.0,0.96,95.83,0.05,8.0,0.04,95.83,0.08,235.5,0.09,155.5,0.03,0.03,2323.519433,1776211104000
1776211106.37,206.37,0.94,115.5,0.93,65.5,0.95,6.94,0.96,95.83,0.05,6.94,0.04,95.83,0.06,115.5,0.07,65.5,0.01,0.01,2323.646202,1776211105000
1776211106.892,206.892,0.94,115.5,0.93,65.5,0.95,6.94,0.96,95.83,0.05,6.94,0.04,95.83,0.06,115.5,0.07,65.5,0.01,0.01,2323.6532,1776211106000
1776211107.99,207.99,0.94,115.5,0.93,65.5,0.95,6.94,0.96,95.83,0.05,6.94,0.04,95.83,0.06,115.5,0.07,65.5,0.01,0.01,2323.67643,1776211107000
1776211108.278,208.278,0.95,99.5,0.94,130.5,0.96,121.08,0.97,291.0,0.05,6.94,0.04,95.83,0.06,115.5,0.07,65.5,0.01,0.01,2323.67643,1776211107000
1776211108.979,208.979,0.95,99.5,0.94,130.5,0.96,118.98,0.97,291.0,0.04,118.98,0.03,291.0,0.05,99.5,0.06,130.5,0.01,0.01,2323.70169,1776211108000
1776211110.076,210.076,0.95,99.5,0.94,130.5,0.96,118.98,0.97,291.0,0.04,118.98,0.03,291.0,0.05,99.5,0.06,130.5,0.01,0.01,2323.69786,1776211109000
1776211111.093,211.093,0.95,99.5,0.94,130.5,0.96,118.98,0.97,291.0,0.04,118.98,0.03,291.0,0.05,99.5,0.06,130.5,0.01,0.01,2323.73453,1776211110000
1776211112.763,212.763,0.95,99.5,0.94,130.5,0.96,118.98,0.97,291.0,0.04,118.98,0.03,291.0,0.05,99.5,0.06,130.5,0.01,0.01,2323.763475,1776211111000
1776211113.331,213.331,0.95,99.5,0.94,130.5,0.96,118.98,0.97,291.0,0.04,118.98,0.03,291.0,0.05,99.5,0.06,130.5,0.01,0.01,2323.766945,1776211112000
1776211113.592,213.592,0.96,56.5,0.95,108.5,0.97,64.66,0.98,834.7,0.03,92.0,0.02,834.7,0.04,37.27,0.05,123.5,0.01,0.01,2323.766945,1776211112000
1776211114.055,214.055,0.96,56.5,0.95,108.5,0.97,64.66,0.98,834.7,0.03,64.66,0.02,834.7,0.04,56.5,0.05,108.5,0.01,0.01,2323.766965,1776211113000
1776211114.884,214.884,0.96,76.5,0.95,98.5,0.97,59.55,0.98,834.7,0.03,64.66,0.02,834.7,0.04,56.5,0.05,108.5,0.01,0.01,2323.766965,1776211113000
1776211115.459,215.459,0.96,76.5,0.95,98.5,0.97,38.94,0.98,834.7,0.03,38.94,0.02,834.7,0.04,76.5,0.05,98.5,0.01,0.01,2323.764285,1776211114000
1776211116.079,216.079,0.96,76.5,0.95,98.5,0.97,38.94,0.98,834.7,0.03,38.94,0.02,834.7,0.04,76.5,0.05,98.5,0.01,0.01,2323.764315,1776211115000
1776211117.366,217.366,0.96,71.5,0.95,98.5,0.97,0.28,0.98,834.7,0.03,0.28,0.02,834.7,0.04,71.5,0.05,98.5,0.01,0.01,2323.76731,1776211116000
1776211118.034,218.034,0.96,71.5,0.95,98.5,0.97,0.28,0.98,834.7,0.03,0.28,0.02,834.7,0.04,71.5,0.05,98.5,0.01,0.01,2323.76731,1776211117000
1776211119.341,219.341,0.96,71.5,0.95,98.5,0.97,0.28,0.98,834.7,0.03,0.28,0.02,834.7,0.04,71.5,0.05,98.5,0.01,0.01,2323.76739,1776211118000
1776211119.704,219.704,0.96,50.5,0.95,85.5,0.98,819.98,0.99,8339.6,0.03,0.28,0.02,834.7,0.04,71.5,0.05,98.5,0.02,0.01,2323.76739,1776211118000
1776211120.139,220.139,0.97,34.29,0.96,40.5,0.98,881.48,0.99,8339.6,0.02,819.98,0.01,8339.6,0.04,50.5,0.05,85.5,0.01,0.02,2323.76739,1776211118000
1776211120.541,220.541,0.97,34.29,0.96,40.5,0.98,881.48,0.99,8339.6,0.02,881.48,0.01,8339.6,0.03,34.29,0.04,40.5,0.01,0.01,2323.757725,1776211119000
1776211121.13,221.13,0.97,34.29,0.96,40.5,0.98,881.48,0.99,8339.6,0.02,881.48,0.01,8339.6,0.03,34.29,0.04,40.5,0.01,0.01,2323.7521,1776211120000
1776211122.481,222.481,0.97,34.29,0.96,40.5,0.98,881.48,0.99,8339.6,0.02,881.48,0.01,8339.6,0.03,34.29,0.04,40.5,0.01,0.01,2323.743481,1776211121000
1776211123.087,223.087,0.97,34.29,0.96,40.5,0.98,881.48,0.99,8339.6,0.02,881.48,0.01,8339.6,0.03,34.29,0.04,40.5,0.01,0.01,2323.742866,1776211122000
1776211124.339,224.339,0.97,34.29,0.96,40.5,0.98,881.48,0.99,8339.6,0.02,881.48,0.01,8339.6,0.03,34.29,0.04,40.5,0.01,0.01,2323.741991,1776211123000
1776211125.202,225.202,0.97,71.6,0.96,50.5,0.98,462.78,0.99,8634.6,0.02,881.48,0.01,8339.6,0.03,34.29,0.04,40.5,0.01,0.01,2323.741991,1776211123000
1776211125.448,225.448,0.97,71.6,0.96,50.5,0.98,460.73,0.99,8634.6,0.02,460.73,0.01,8634.6,0.03,71.6,0.04,50.5,0.01,0.01,2323.7377,1776211124000
1776211126.102,226.102,0.97,71.6,0.96,50.5,0.98,460.73,0.99,8634.6,0.02,460.73,0.01,8634.6,0.03,71.6,0.04,50.5,0.01,0.01,2323.742685,1776211125000
1776211127.329,227.329,0.97,71.6,0.96,50.5,0.98,460.73,0.99,8634.6,0.02,460.73,0.01,8634.6,0.03,71.6,0.04,50.5,0.01,0.01,2323.743305,1776211126000
1776211128.276,228.276,0.97,76.6,0.96,75.5,0.98,455.73,0.99,3550.56,0.02,460.73,0.01,8634.6,0.03,71.6,0.04,50.5,0.01,0.01,2323.743305,1776211126000
1776211129.165,229.165,0.97,76.6,0.96,75.5,0.98,455.73,0.99,3550.56,0.02,455.73,0.01,3550.56,0.03,76.6,0.04,75.5,0.01,0.01,2323.748725,1776211128000
1776211131.232,231.232,0.97,76.6,0.96,75.5,0.98,455.73,0.99,3550.56,0.02,455.73,0.01,3550.56,0.03,76.6,0.04,75.5,0.01,0.01,2323.753985,1776211129000
1776211131.935,231.935,0.97,76.6,0.96,75.5,0.98,455.73,0.99,3550.56,0.02,455.73,0.01,3550.56,0.03,76.6,0.04,75.5,0.01,0.01,2323.759535,1776211130000
1776211132.29,232.29,0.97,15.31,0.96,40.5,0.98,450.73,0.99,3644.6,0.02,455.73,0.01,3550.56,0.03,76.6,0.04,75.5,0.01,0.01,2323.759535,1776211130000
1776211132.568,232.568,0.97,15.31,0.96,40.5,0.98,450.73,0.99,3644.6,0.02,450.73,0.01,3644.6,0.03,15.31,0.04,40.5,0.01,0.01,2323.759535,1776211131000
1776211132.975,232.975,0.97,25.81,0.96,40.5,0.98,450.62,0.99,3644.6,0.02,450.73,0.01,3644.6,0.03,15.31,0.04,40.5,0.01,0.01,2323.759535,1776211131000
1776211133.337,233.337,0.97,25.81,0.96,40.5,0.98,450.62,0.99,3644.6,0.02,450.62,0.01,3644.6,0.03,25.81,0.04,40.5,0.01,0.01,2323.763895,1776211132000
1776211134.05,234.05,0.97,25.81,0.96,40.5,0.98,450.62,0.99,3644.6,0.02,450.62,0.01,3644.6,0.03,25.81,0.04,40.5,0.01,0.01,2323.766865,1776211133000
1776211135.583,235.583,0.97,25.81,0.96,40.5,0.98,450.62,0.99,3644.6,0.02,450.62,0.01,3644.6,0.03,25.81,0.04,40.5,0.01,0.01,2323.636737,1776211134000
1776211136.332,236.332,0.97,25.81,0.96,40.5,0.98,450.62,0.99,3644.6,0.02,450.62,0.01,3644.6,0.03,25.81,0.04,40.5,0.01,0.01,2323.632337,1776211135000
1776211136.574,236.574,0.97,30.81,0.96,75.5,0.98,348.87,0.99,3544.6,0.02,450.62,0.01,3644.6,0.03,25.81,0.04,40.5,0.01,0.01,2323.632337,1776211135000
1776211136.836,236.836,0.97,15.31,0.96,30.0,0.98,610.58,0.99,2749.6,0.02,348.87,0.01,3544.6,0.03,30.81,0.04,75.5,0.01,0.01,2323.632337,1776211135000
1776211137.069,237.069,0.95,0.31,0.94,50.5,0.97,16.0,0.98,610.58,0.03,16.0,0.02,610.58,0.05,0.31,0.06,50.5,0.02,0.02,2323.631251,1776211136000
1776211137.324,237.324,0.95,13.31,0.94,55.5,0.97,20.0,0.98,610.58,0.03,16.0,0.02,610.58,0.05,0.31,0.06,50.5,0.02,0.02,2323.631251,1776211136000
1776211138.432,238.432,0.95,13.31,0.94,55.5,0.97,20.0,0.98,610.58,0.03,20.0,0.02,610.58,0.05,13.31,0.06,55.5,0.02,0.02,2323.506511,1776211137000
1776211139.123,239.123,0.95,13.31,0.94,55.5,0.97,20.0,0.98,610.58,0.03,20.0,0.02,610.58,0.05,13.31,0.06,55.5,0.02,0.02,2323.46413,1776211138000
1776211140.571,240.571,0.95,13.31,0.94,55.5,0.97,20.0,0.98,610.58,0.03,20.0,0.02,610.58,0.05,13.31,0.06,55.5,0.02,0.02,2323.29847,1776211139000
1776211141.166,241.166,0.95,15.0,0.94,20.0,0.96,9.0,0.97,238.7,0.04,114.0,0.03,243.7,0.05,15.0,0.06,20.0,0.01,0.01,2323.29847,1776211139000
1776211142.121,242.121,0.96,15.0,0.95,30.0,0.97,109.95,0.98,960.08,0.04,9.0,0.03,238.7,0.05,15.0,0.06,20.0,0.01,0.01,2323.247235,1776211140000
1776211142.678,242.678,0.96,57.0,0.95,61.0,0.98,261.33,0.99,2634.6,0.03,109.95,0.02,960.08,0.04,15.0,0.05,30.0,0.02,0.01,2323.247235,1776211140000
1776211142.964,242.964,0.97,37.0,0.96,57.0,0.98,258.26,0.99,2634.6,0.02,261.33,0.01,2634.6,0.04,57.0,0.05,61.0,0.01,0.02,2323.181822,1776211141000
1776211143.521,243.521,0.97,37.0,0.96,57.0,0.98,258.26,0.99,2634.6,0.02,258.26,0.01,2634.6,0.03,37.0,0.04,57.0,0.01,0.01,2323.18525,1776211142000
1776211144.269,244.269,0.97,30.0,0.96,50.0,0.98,288.81,0.99,2645.47,0.02,258.26,0.01,2634.6,0.03,37.0,0.04,57.0,0.01,0.01,2323.18525,1776211142000
1776211145.016,245.016,0.97,30.0,0.96,50.0,0.98,288.81,0.99,2645.47,0.02,288.81,0.01,2645.47,0.03,30.0,0.04,50.0,0.01,0.01,2323.54576,1776211144000
1776211145.332,245.332,0.97,21.8,0.96,60.0,0.98,328.81,0.99,3555.47,0.02,288.81,0.01,2645.47,0.03,30.0,0.04,50.0,0.01,0.01,2323.54576,1776211144000
1776211145.642,245.642,0.97,26.8,0.96,153.7,0.98,331.76,0.99,3555.47,0.02,328.81,0.01,3555.47,0.03,21.8,0.04,60.0,0.01,0.01,2323.54576,1776211144000
1776211146.462,246.462,0.97,26.8,0.96,153.7,0.98,331.76,0.99,3555.47,0.02,331.76,0.01,3555.47,0.03,26.8,0.04,153.7,0.01,0.01,2323.556275,1776211145000
1776211147.05,247.05,0.97,26.8,0.96,153.7,0.98,331.76,0.99,3555.47,0.02,331.76,0.01,3555.47,0.03,26.8,0.04,153.7,0.01,0.01,2323.546315,1776211146000
1776211149.462,249.462,0.96,143.5,0.95,126.8,0.98,281.76,0.99,3555.47,0.02,331.76,0.01,3555.47,0.03,26.8,0.04,153.7,0.02,0.01,2323.546315,1776211146000
1776211149.91,249.91,0.96,143.5,0.95,126.8,0.98,261.76,0.99,3555.47,0.02,261.76,0.01,3555.47,0.04,143.5,0.05,126.8,0.02,0.02,2323.542204,1776211147000
1776211150.263,250.263,0.96,148.5,0.95,126.8,0.98,205.7,0.99,3555.47,0.02,261.76,0.01,3555.47,0.04,143.5,0.05,126.8,0.02,0.02,2323.542204,1776211147000
1776211150.997,250.997,0.96,148.5,0.95,126.8,0.98,205.7,0.99,3555.47,0.02,205.7,0.01,3555.47,0.04,148.5,0.05,126.8,0.02,0.02,2323.547265,1776211150000
1776211151.466,251.466,0.96,141.7,0.95,148.8,0.98,245.94,0.99,2655.47,0.02,205.7,0.01,3555.47,0.04,148.5,0.05,126.8,0.02,0.02,2323.547265,1776211150000
1776211152.054,252.054,0.96,141.7,0.95,148.8,0.98,245.94,0.99,2655.47,0.02,245.94,0.01,2655.47,0.04,141.7,0.05,148.8,0.02,0.02,2323.518095,1776211151000
1776211152.365,252.365,0.97,68.06,0.96,118.7,0.98,240.83,0.99,2655.47,0.02,245.94,0.01,2655.47,0.04,141.7,0.05,148.8,0.01,0.02,2323.518095,1776211151000
1776211153.128,253.128,0.97,68.06,0.96,118.7,0.98,240.83,0.99,2655.47,0.02,240.83,0.01,2655.47,0.03,68.06,0.04,118.7,0.01,0.01,2323.516328,1776211152000
1776211154.142,254.142,0.97,68.06,0.96,118.7,0.98,240.83,0.99,2655.47,0.02,240.83,0.01,2655.47,0.03,68.06,0.04,118.7,0.01,0.01,2323.510095,1776211153000
1776211155.244,255.244,0.97,68.06,0.96,118.7,0.98,240.83,0.99,2655.47,0.02,240.83,0.01,2655.47,0.03,68.06,0.04,118.7,0.01,0.01,2323.505095,1776211154000
1776211155.856,255.856,0.97,192.7,0.96,135.7,0.98,225.72,0.99,2191.87,0.02,240.83,0.01,2655.47,0.03,68.06,0.04,118.7,0.01,0.01,2323.505095,1776211154000
1776211156.278,256.278,0.97,192.7,0.96,135.7,0.98,225.72,0.99,2191.87,0.02,225.72,0.01,2191.87,0.03,192.7,0.04,135.7,0.01,0.01,2323.496015,1776211155000
1776211157.213,257.213,0.97,192.7,0.96,135.7,0.98,225.72,0.99,2191.87,0.02,225.72,0.01,2191.87,0.03,192.7,0.04,135.7,0.01,0.01,2323.5019,1776211156000
1776211158.274,258.274,0.97,192.7,0.96,135.7,0.98,225.72,0.99,2191.87,0.02,225.72,0.01,2191.87,0.03,192.7,0.04,135.7,0.01,0.01,2323.545775,1776211157000
1776211158.539,258.539,0.97,192.7,0.96,200.7,0.98,126.62,0.99,2091.87,0.02,135.72,0.01,2091.87,0.03,197.7,0.04,200.7,0.01,0.01,2323.545775,1776211157000
1776211159.233,259.233,0.97,192.7,0.96,200.7,0.98,126.62,0.99,2091.87,0.02,126.62,0.01,2091.87,0.03,192.7,0.04,200.7,0.01,0.01,2323.57428,1776211158000
1776211160.225,260.225,0.97,192.7,0.96,200.7,0.98,126.62,0.99,2091.87,0.02,126.62,0.01,2091.87,0.03,192.7,0.04,200.7,0.01,0.01,2323.58858,1776211159000
1776211160.548,260.548,0.97,325.75,0.96,200.7,0.99,1989.92,,,0.02,126.62,0.01,2091.87,0.03,192.7,0.04,200.7,0.02,0.01,2323.58858,1776211159000
1776211160.897,260.897,0.97,320.75,0.96,200.7,0.98,45.5,0.99,1989.92,0.01,1989.92,,,0.03,325.75,0.04,200.7,0.01,0.02,2323.58858,1776211159000
1776211161.163,261.163,0.97,320.75,0.96,200.7,0.98,45.5,0.99,1989.92,0.02,45.5,0.01,1989.92,0.03,320.75,0.04,200.7,0.01,0.01,2323.638055,1776211160000
1776211161.858,261.858,0.97,322.88,0.96,200.7,0.98,45.5,0.99,1989.92,0.02,45.5,0.01,1989.92,0.03,320.75,0.04,200.7,0.01,0.01,2323.638055,1776211160000
1776211162.213,262.213,0.97,321.88,0.96,200.7,0.98,25.29,0.99,1989.92,0.02,25.29,0.01,1989.92,0.03,321.88,0.04,200.7,0.01,0.01,2323.632375,1776211161000
1776211162.733,262.733,0.98,226.7,0.97,332.88,0.99,1974.92,,,0.02,25.29,0.01,1989.92,0.03,321.88,0.04,200.7,0.01,0.01,2323.632375,1776211161000
1776211163.735,263.735,0.98,226.7,0.97,332.88,0.99,1974.92,,,0.01,1974.92,,,0.02,226.7,0.03,332.88,0.01,0.01,2323.625295,1776211162000
1776211164.251,264.251,0.98,226.7,0.97,332.88,0.99,1974.92,,,0.01,1974.92,,,0.02,226.7,0.03,332.88,0.01,0.01,2323.635315,1776211163000
1776211164.893,264.893,0.98,322.67,0.97,238.83,0.99,1972.9,,,0.01,1973.9,,,0.02,317.67,0.03,224.83,0.01,0.01,2323.635315,1776211163000
1776211165.373,265.373,0.98,322.67,0.97,238.83,0.99,1972.9,,,0.01,1972.9,,,0.02,322.67,0.03,238.83,0.01,0.01,2323.64764,1776211164000
1776211166.203,266.203,0.98,322.67,0.97,238.83,0.99,1972.9,,,0.01,1972.9,,,0.02,322.67,0.03,238.83,0.01,0.01,2323.654155,1776211165000
1776211167.221,267.221,0.98,322.67,0.97,238.83,0.99,1972.9,,,0.01,1972.9,,,0.02,322.67,0.03,238.83,0.01,0.01,2323.66021,1776211166000
1776211168.232,268.232,0.98,322.67,0.97,238.83,0.99,1972.9,,,0.01,1972.9,,,0.02,322.67,0.03,238.83,0.01,0.01,2323.62897,1776211167000
1776211169.228,269.228,0.98,322.67,0.97,238.83,0.99,1972.9,,,0.01,1972.9,,,0.02,322.67,0.03,238.83,0.01,0.01,2323.61699,1776211168000
1776211170.09,270.09,0.98,296.03,0.97,279.83,0.99,1805.87,,,0.01,1972.9,,,0.02,322.67,0.03,238.83,0.01,0.01,2323.61699,1776211168000
1776211170.804,270.804,0.98,301.03,0.97,279.83,0.99,1390.66,,,0.01,1785.66,,,0.02,296.03,0.03,279.83,0.01,0.01,2323.655295,1776211169000
1776211171.081,271.081,0.98,420.94,0.97,279.83,0.99,1383.66,,,0.01,1390.66,,,0.02,301.03,0.03,279.83,0.01,0.01,2323.655295,1776211169000
1776211171.527,271.527,0.98,203.24,0.97,212.7,0.99,775.65,,,0.01,1277.65,,,0.02,414.94,0.03,279.83,0.01,0.01,2323.65538,1776211170000
1776211172.076,272.076,0.98,376.94,0.97,284.7,0.99,750.65,,,0.01,775.65,,,0.02,163.24,0.03,212.7,0.01,0.01,2323.65538,1776211170000
1776211172.628,272.628,0.99,2045.52,0.98,208.7,,,,,,,,,0.01,1976.38,0.02,371.94,,,2323.65974,1776211171000
1776211173.182,273.182,0.99,2037.38,0.98,219.7,,,,,,,,,0.01,2037.38,0.02,219.7,,,2323.62345,1776211172000
1776211174.291,274.291,0.99,2037.38,0.98,219.7,,,,,,,,,0.01,2037.38,0.02,219.7,,,2323.543275,1776211173000
1776211175.183,275.183,0.99,2037.38,0.98,219.7,,,,,,,,,0.01,2037.38,0.02,219.7,,,2323.55529,1776211174000
1776211176.296,276.296,0.99,2036.51,0.98,60.0,,,,,,,,,0.01,2037.38,0.02,219.7,,,2323.55529,1776211174000
1776211176.686,276.686,0.99,1934.22,0.98,60.0,,,,,,,,,0.01,1934.22,0.02,60.0,,,2323.567535,1776211175000
1776211177.153,277.153,0.99,1934.22,0.98,60.0,,,,,,,,,0.01,1934.22,0.02,60.0,,,2323.5674,1776211176000
1776211178.206,278.206,0.99,1934.22,0.98,60.0,,,,,,,,,0.01,1934.22,0.02,60.0,,,2323.546094,1776211177000
1776211179.099,279.099,0.99,1934.22,0.98,60.0,,,,,,,,,0.01,1934.22,0.02,60.0,,,2323.544387,1776211178000
1776211180.143,280.143,0.99,1934.22,0.98,60.0,,,,,,,,,0.01,1934.22,0.02,60.0,,,2323.525587,1776211179000
1776211181.132,281.132,0.99,1934.22,0.98,60.0,,,,,,,,,0.01,1934.22,0.02,60.0,,,2323.50895,1776211180000
1776211182.286,282.286,0.99,1934.22,0.98,60.0,,,,,,,,,0.01,1934.22,0.02,60.0,,,2323.508675,1776211181000
1776211183.196,283.196,0.99,1934.22,0.98,60.0,,,,,,,,,0.01,1934.22,0.02,60.0,,,2323.507098,1776211182000
1776211183.967,283.967,0.99,1969.22,0.98,81.0,,,,,,,,,0.01,1934.22,0.02,60.0,,,2323.507098,1776211182000
1776211184.192,284.192,0.99,1969.22,0.98,81.0,,,,,,,,,0.01,1969.22,0.02,81.0,,,2323.496765,1776211183000
1776211185.125,285.125,0.99,1969.22,0.98,81.0,,,,,,,,,0.01,1969.22,0.02,81.0,,,2323.483565,1776211184000
1776211186.226,286.226,0.99,1969.22,0.98,81.0,,,,,,,,,0.01,1969.22,0.02,81.0,,,2323.377149,1776211185000
1776211187.21,287.21,0.99,1969.22,0.98,81.0,,,,,,,,,0.01,1969.22,0.02,81.0,,,2323.313452,1776211186000
1776211188.181,288.181,0.99,1969.22,0.98,81.0,,,,,,,,,0.01,1969.22,0.02,81.0,,,2323.309004,1776211187000
1776211189.873,289.873,0.99,1969.22,0.98,81.0,,,,,,,,,0.01,1969.22,0.02,81.0,,,2323.408399,1776211188000
1776211190.312,290.312,0.99,1969.22,0.98,81.0,,,,,,,,,0.01,1969.22,0.02,81.0,,,2323.410239,1776211189000
1776211190.886,290.886,0.99,1969.22,0.98,81.0,,,,,,,,,0.01,1969.22,0.02,81.0,,,2323.409057,1776211190000
1776211192.018,292.018,0.99,1969.22,0.98,81.0,,,,,,,,,0.01,1969.22,0.02,81.0,,,2323.428231,1776211191000
1776211193.231,293.231,0.99,1969.22,0.98,81.0,,,,,,,,,0.01,1969.22,0.02,81.0,,,2323.457695,1776211192000
1776211194.345,294.345,0.99,1969.22,0.98,81.0,,,,,,,,,0.01,1969.22,0.02,81.0,,,2323.46254,1776211193000
1776211194.956,294.956,0.99,1969.22,0.98,81.0,,,,,,,,,0.01,1969.22,0.02,81.0,,,2323.4628,1776211194000
1776211196.15,296.15,0.99,1969.22,0.98,81.0,,,,,,,,,0.01,1969.22,0.02,81.0,,,2323.465865,1776211195000
1776211197.204,297.204,0.99,1969.22,0.98,81.0,,,,,,,,,0.01,1969.22,0.02,81.0,,,2323.45356,1776211196000
1776211198.295,298.295,0.99,1969.22,0.98,81.0,,,,,,,,,0.01,1969.22,0.02,81.0,,,2323.45149,1776211197000
1776211199.423,299.423,0.99,1969.22,0.98,81.0,,,,,,,,,0.01,1969.22,0.02,81.0,,,2323.409515,1776211198000
1776211199.936,299.936,0.99,1969.22,0.98,81.0,,,,,,,,,0.01,1969.22,0.02,81.0,,,2323.409515,1776211199000
1776211201.089,301.089,0.99,1969.22,0.98,81.0,,,,,,,,,0.01,1969.22,0.02,81.0,,,2323.359474,1776211200000
1776211202.184,302.184,0.99,1969.22,0.98,81.0,,,,,,,,,0.01,1969.22,0.02,81.0,,,2323.287762,1776211201000

# RESULT,winner=Up,slug=eth-updown-5m-1776210900,ticks=436
