timestamp,elapsed_sec,up_bid_p1,up_bid_s1,up_bid_p2,up_bid_s2,up_ask_p1,up_ask_s1,up_ask_p2,up_ask_s2,down_bid_p1,down_bid_s1,down_bid_p2,down_bid_s2,down_ask_p1,down_ask_s1,down_ask_p2,down_ask_s2,up_spread,down_spread,eth_price,eth_oracle_ts
1776197111.552,11.552,0.44,15.0,0.43,5.0,0.45,15.5,0.46,33.63,0.55,15.5,0.54,38.63,0.56,15.0,0.57,5.0,0.01,0.01,2318.753753,1776197110000
1776197112.054,12.054,0.41,18.0,0.39,10.0,0.42,10.0,0.43,29.72,0.55,15.5,0.54,38.63,0.56,15.0,0.57,5.0,0.01,0.01,2318.753753,1776197110000
1776197112.482,12.482,0.39,20.0,0.38,52.0,0.4,143.13,0.41,25.0,0.58,10.0,0.57,29.72,0.59,18.0,0.61,10.0,0.01,0.01,2318.664444,1776197111000
1776197112.691,12.691,0.39,20.5,0.38,62.0,0.4,123.13,0.41,20.0,0.6,153.13,0.59,25.0,0.61,15.0,0.62,62.0,0.01,0.01,2318.664444,1776197111000
1776197114.149,14.149,0.39,13.84,0.38,22.0,0.4,182.48,0.41,142.32,0.6,113.13,0.59,20.0,0.61,38.5,0.62,76.0,0.01,0.01,2318.664444,1776197111000
1776197114.851,14.851,0.39,13.84,0.38,22.0,0.4,145.35,0.41,120.0,0.6,182.48,0.59,142.32,0.61,13.84,0.62,22.0,0.01,0.01,2318.664444,1776197111000
1776197116.173,16.173,0.39,26.11,0.38,20.5,0.4,297.85,0.41,176.5,0.6,140.35,0.59,135.5,0.61,13.84,0.62,22.0,0.01,0.01,2318.664444,1776197111000
1776197116.396,16.396,0.39,19.86,0.38,20.5,0.4,327.85,0.41,176.5,0.6,322.85,0.59,176.5,0.61,23.11,0.62,20.5,0.01,0.01,2318.664444,1776197111000
1776197116.653,16.653,0.37,31.9,0.36,102.0,0.4,327.85,0.41,176.5,0.6,327.85,0.59,176.5,0.63,31.9,0.64,102.0,0.03,0.03,2318.44844,1776197112000
1776197116.914,16.914,0.37,31.9,0.36,102.0,0.4,327.85,0.41,176.5,0.6,327.85,0.59,176.5,0.63,31.9,0.64,102.0,0.03,0.03,2318.14755,1776197114000
1776197117.372,17.372,0.37,37.9,0.36,107.0,0.38,231.29,0.39,180.5,0.6,327.85,0.59,176.5,0.63,31.9,0.64,102.0,0.01,0.03,2318.085168,1776197115000
1776197117.73,17.73,0.37,32.9,0.36,113.0,0.38,218.34,0.39,180.5,0.62,231.29,0.61,180.5,0.63,32.9,0.64,107.0,0.01,0.01,2318.085168,1776197115000
1776197118.271,18.271,0.37,17.4,0.36,117.5,0.38,218.34,0.39,180.5,0.62,218.34,0.61,180.5,0.63,17.4,0.64,117.5,0.01,0.01,2318.0437,1776197117000
1776197119.258,19.258,0.37,7.4,0.36,87.0,0.38,235.08,0.39,171.4,0.62,220.57,0.61,201.49,0.63,17.4,0.64,117.5,0.01,0.01,2318.0437,1776197117000
1776197119.485,19.485,0.37,7.4,0.36,87.0,0.38,235.08,0.39,171.4,0.62,235.08,0.61,171.4,0.63,7.4,0.64,87.0,0.01,0.01,2318.03168,1776197118000
1776197120.312,20.312,0.37,7.4,0.36,87.0,0.38,235.08,0.39,171.4,0.62,235.08,0.61,171.4,0.63,7.4,0.64,87.0,0.01,0.01,2317.98835,1776197119000
1776197121.511,21.511,0.37,7.4,0.36,87.0,0.38,235.08,0.39,171.4,0.62,235.08,0.61,171.4,0.63,7.4,0.64,87.0,0.01,0.01,2317.89395,1776197120000
1776197122.171,22.171,0.36,67.57,0.35,32.5,0.37,15.15,0.38,153.49,0.63,15.15,0.62,153.49,0.64,67.57,0.65,32.5,0.01,0.01,2317.87925,1776197121000
1776197123.366,23.366,0.36,67.57,0.35,32.5,0.37,15.15,0.38,153.49,0.63,15.15,0.62,153.49,0.64,67.57,0.65,32.5,0.01,0.01,2317.833521,1776197122000
1776197123.587,23.587,0.36,144.57,0.35,32.5,0.39,14.24,0.4,56.0,0.63,15.15,0.62,153.49,0.64,67.57,0.65,32.5,0.03,0.01,2317.833521,1776197122000
1776197123.902,23.902,0.36,144.0,0.35,45.5,0.4,50.07,0.42,15.0,0.61,3.98,0.6,71.09,0.64,115.0,0.65,32.5,0.04,0.03,2317.833521,1776197122000
1776197124.126,24.126,0.38,21.0,0.37,20.0,0.4,32.57,0.42,10.0,0.6,32.57,0.58,10.0,0.62,21.0,0.63,20.0,0.02,0.02,2317.8743,1776197123000
1776197124.343,24.343,0.39,58.5,0.38,34.0,0.4,6.58,0.41,5.0,0.6,26.67,0.59,5.0,0.61,20.0,0.62,34.0,0.01,0.01,2317.8743,1776197123000
1776197125.413,25.413,0.39,58.5,0.38,34.0,0.4,6.58,0.41,5.0,0.6,6.58,0.59,5.0,0.61,58.5,0.62,34.0,0.01,0.01,2318.15961,1776197124000
1776197125.865,25.865,0.42,80.0,0.41,65.0,0.44,9.68,0.45,77.68,0.6,6.58,0.59,5.0,0.61,58.5,0.62,34.0,0.02,0.01,2318.15961,1776197124000
1776197126.198,26.198,0.42,121.0,0.41,75.5,0.43,4.88,0.44,9.68,0.56,9.68,0.55,77.68,0.58,80.0,0.59,65.0,0.01,0.02,2318.15961,1776197124000
1776197126.603,26.603,0.42,125.96,0.41,97.5,0.43,4.88,0.44,20.18,0.57,4.88,0.56,20.18,0.58,125.96,0.59,97.5,0.01,0.01,2318.51252,1776197125000
1776197127.3,27.3,0.42,105.5,0.41,112.5,0.43,63.48,0.44,20.18,0.57,63.48,0.56,20.18,0.58,105.5,0.59,112.5,0.01,0.01,2318.78065,1776197126000
1776197127.62,27.62,0.42,189.77,0.41,127.5,0.43,66.15,0.44,14.68,0.57,63.48,0.56,9.68,0.58,179.77,0.59,137.5,0.01,0.01,2318.78065,1776197126000
1776197128.449,28.449,0.42,153.77,0.41,127.5,0.46,8.22,0.47,138.0,0.57,66.15,0.56,14.68,0.58,189.77,0.59,127.5,0.04,0.01,2318.78065,1776197126000
1776197128.664,28.664,0.42,153.77,0.41,127.5,0.46,8.22,0.47,138.0,0.54,8.22,0.53,138.0,0.58,153.77,0.59,127.5,0.04,0.04,2318.67,1776197127000
1776197129.293,29.293,0.44,131.35,0.43,125.5,0.45,20.5,0.46,23.22,0.55,20.5,0.54,23.22,0.56,131.35,0.57,125.5,0.01,0.01,2318.6703,1776197128000
1776197130.511,30.511,0.44,131.35,0.43,125.5,0.45,20.5,0.46,23.22,0.55,20.5,0.54,23.22,0.56,131.35,0.57,125.5,0.01,0.01,2318.734605,1776197129000
1776197131.015,31.015,0.44,66.13,0.43,120.0,0.45,115.14,0.46,23.22,0.55,115.14,0.54,23.22,0.56,111.13,0.57,120.0,0.01,0.01,2318.734605,1776197129000
1776197131.303,31.303,0.44,39.16,0.43,120.0,0.45,120.14,0.46,23.22,0.55,115.14,0.54,23.22,0.56,66.13,0.57,120.0,0.01,0.01,2318.734605,1776197130000
1776197132.215,32.215,0.44,47.71,0.43,130.5,0.45,129.88,0.46,23.22,0.55,120.14,0.54,23.22,0.56,39.16,0.57,120.0,0.01,0.01,2318.734605,1776197130000
1776197132.434,32.434,0.44,28.78,0.43,130.5,0.45,129.88,0.46,23.22,0.55,129.88,0.54,23.22,0.56,28.78,0.57,130.5,0.01,0.01,2318.714385,1776197131000
1776197133.442,33.442,0.44,152.0,0.43,45.0,0.45,22.43,0.47,106.0,0.55,129.88,0.54,23.22,0.56,28.78,0.57,130.5,0.01,0.01,2318.714385,1776197131000
1776197134.222,34.222,0.46,70.0,0.45,25.5,0.47,84.07,0.48,164.5,0.53,100.82,0.52,120.0,0.56,152.0,0.57,45.0,0.01,0.03,2318.720753,1776197132000
1776197134.703,34.703,0.46,75.0,0.45,20.0,0.47,91.94,0.48,159.5,0.53,76.94,0.52,164.5,0.54,70.0,0.55,25.5,0.01,0.01,2318.720753,1776197133000
1776197135.36,35.36,0.44,10.0,0.43,25.5,0.47,133.67,0.48,143.5,0.53,91.94,0.52,159.5,0.54,75.0,0.55,20.0,0.03,0.01,2318.720753,1776197133000
1776197135.629,35.629,0.44,14.64,0.43,30.5,0.46,51.5,0.47,96.94,0.53,133.67,0.52,143.5,0.56,10.0,0.57,25.5,0.02,0.03,2318.720753,1776197133000
1776197135.839,35.839,0.44,9.64,0.43,30.5,0.46,141.5,0.47,186.94,0.54,51.5,0.53,96.94,0.56,14.64,0.57,30.5,0.02,0.02,2318.720753,1776197133000
1776197136.555,36.555,0.43,13.24,0.42,70.0,0.44,165.5,0.45,182.68,0.54,141.5,0.53,186.94,0.56,9.64,0.57,30.5,0.01,0.02,2318.870634,1776197134000
1776197136.755,36.755,0.4,3.31,0.39,5.0,0.41,10.0,0.42,10.0,0.59,10.0,0.58,10.0,0.6,3.31,0.61,5.0,0.01,0.01,2318.870634,1776197134000
1776197137.106,37.106,0.38,22.0,0.37,90.5,0.41,176.5,0.42,146.68,0.59,155.0,0.58,142.18,0.6,6.06,0.61,5.0,0.03,0.01,2318.857145,1776197135000
1776197137.465,37.465,0.37,87.5,0.36,15.0,0.41,176.5,0.42,146.68,0.59,176.5,0.58,146.68,0.63,87.5,0.64,15.0,0.04,0.04,2318.857145,1776197136000
1776197137.828,37.828,0.37,67.19,0.36,5.0,0.38,125.0,0.39,202.71,0.59,176.5,0.58,146.68,0.63,87.5,0.64,15.0,0.01,0.04,2318.857145,1776197136000
1776197138.198,38.198,0.37,54.5,0.36,5.0,0.38,119.81,0.39,202.71,0.62,119.81,0.61,202.71,0.63,54.5,0.64,5.0,0.01,0.01,2318.788275,1776197137000
1776197138.427,38.427,0.37,89.57,0.36,22.0,0.38,130.5,0.39,217.71,0.62,125.5,0.61,217.71,0.63,92.75,0.64,22.0,0.01,0.01,2318.788275,1776197137000
1776197138.699,38.699,0.37,89.57,0.36,22.0,0.38,124.44,0.39,217.71,0.62,130.5,0.61,217.71,0.63,89.57,0.64,22.0,0.01,0.01,2318.788275,1776197137000
1776197139.238,39.238,0.37,79.05,0.36,32.0,0.38,129.44,0.39,217.71,0.62,124.44,0.61,217.71,0.63,85.05,0.64,22.0,0.01,0.01,2318.788275,1776197137000
1776197139.739,39.739,0.37,92.24,0.36,132.0,0.38,75.63,0.39,41.5,0.62,76.8,0.61,217.71,0.63,79.05,0.64,32.0,0.01,0.01,2318.289135,1776197138000
1776197140.114,40.114,0.37,92.24,0.36,132.0,0.38,75.63,0.39,41.5,0.62,75.63,0.61,41.5,0.63,92.24,0.64,132.0,0.01,0.01,2318.13848,1776197139000
1776197141.531,41.531,0.37,92.24,0.36,132.0,0.38,75.63,0.39,41.5,0.62,75.63,0.61,41.5,0.63,92.24,0.64,132.0,0.01,0.01,2318.06235,1776197140000
1776197142.092,42.092,0.37,92.24,0.36,132.0,0.38,75.63,0.39,41.5,0.62,75.63,0.61,41.5,0.63,92.24,0.64,132.0,0.01,0.01,2318.071775,1776197141000
1776197143.649,43.649,0.37,92.24,0.36,132.0,0.38,75.63,0.39,41.5,0.62,75.63,0.61,41.5,0.63,92.24,0.64,132.0,0.01,0.01,2318.080665,1776197142000
1776197144.25,44.25,0.37,92.24,0.36,132.0,0.38,75.63,0.39,41.5,0.62,75.63,0.61,41.5,0.63,92.24,0.64,132.0,0.01,0.01,2318.081155,1776197143000
1776197145.104,45.104,0.37,92.24,0.36,132.0,0.38,75.63,0.39,41.5,0.62,75.63,0.61,41.5,0.63,92.24,0.64,132.0,0.01,0.01,2318.081155,1776197144000
1776197145.385,45.385,0.43,160.0,0.42,120.0,0.44,10.0,0.45,15.0,0.62,75.63,0.61,41.5,0.63,92.24,0.64,132.0,0.01,0.01,2318.081155,1776197144000
1776197145.672,45.672,0.43,200.5,0.42,130.5,0.44,10.0,0.45,15.0,0.56,10.0,0.55,15.0,0.57,160.0,0.58,120.0,0.01,0.01,2318.081155,1776197144000
1776197146.088,46.088,0.43,210.5,0.42,155.5,0.44,4.88,0.46,39.5,0.56,10.0,0.55,15.0,0.57,200.5,0.58,130.5,0.01,0.01,2318.081155,1776197144000
1776197146.445,46.445,0.43,210.5,0.42,155.5,0.44,4.88,0.46,39.5,0.56,4.88,0.54,39.5,0.57,210.5,0.58,155.5,0.01,0.01,2318.191794,1776197145000
1776197147.136,47.136,0.43,215.5,0.42,140.5,0.45,10.0,0.46,46.5,0.55,10.0,0.54,46.5,0.57,215.5,0.58,140.5,0.02,0.02,2318.429912,1776197146000
1776197147.44,47.44,0.43,220.5,0.42,140.5,0.49,72.73,0.5,150.24,0.55,10.0,0.54,46.5,0.57,215.5,0.58,140.5,0.06,0.02,2318.429912,1776197146000
1776197148.597,48.597,0.43,220.5,0.42,140.5,0.49,72.73,0.5,150.24,0.51,72.73,0.5,150.24,0.57,220.5,0.58,140.5,0.06,0.06,2318.61347,1776197147000
1776197149.192,49.192,0.43,220.5,0.42,140.5,0.49,72.73,0.5,150.24,0.51,72.73,0.5,150.24,0.57,220.5,0.58,140.5,0.06,0.06,2318.61346,1776197148000
1776197150.507,50.507,0.45,38.0,0.44,20.0,0.46,121.73,0.47,44.31,0.51,72.73,0.5,150.24,0.57,220.5,0.58,140.5,0.01,0.06,2318.61346,1776197148000
1776197150.976,50.976,0.45,34.7,0.44,20.0,0.46,110.64,0.47,44.31,0.54,121.73,0.53,44.31,0.55,29.7,0.56,20.0,0.01,0.01,2318.61545,1776197149000
1776197151.413,51.413,0.45,39.7,0.44,20.0,0.46,103.97,0.47,44.31,0.54,110.64,0.53,44.31,0.55,34.7,0.56,20.0,0.01,0.01,2318.61545,1776197149000
1776197151.758,51.758,0.45,66.02,0.44,20.0,0.46,103.97,0.47,38.81,0.54,103.97,0.53,44.31,0.55,39.7,0.56,20.0,0.01,0.01,2318.616285,1776197150000
1776197152.066,52.066,0.45,66.02,0.44,20.0,0.46,103.97,0.47,38.81,0.54,103.97,0.53,38.81,0.55,66.02,0.56,20.0,0.01,0.01,2318.624035,1776197151000
1776197152.498,52.498,0.45,81.83,0.44,20.0,0.46,103.97,0.47,49.31,0.54,103.97,0.53,38.81,0.55,66.02,0.56,20.0,0.01,0.01,2318.624035,1776197151000
1776197152.865,52.865,0.43,15.0,0.41,15.09,0.44,30.5,0.45,49.68,0.54,103.97,0.53,49.31,0.55,81.83,0.56,20.0,0.01,0.01,2318.624035,1776197151000
1776197153.144,53.144,0.41,5.09,0.4,10.0,0.42,25.0,0.43,15.0,0.58,25.0,0.57,15.0,0.59,5.09,0.6,10.0,0.01,0.01,2318.666645,1776197152000
1776197153.448,53.448,0.42,58.27,0.41,165.59,0.43,33.18,0.44,33.0,0.58,31.0,0.57,32.0,0.59,25.59,0.6,25.5,0.01,0.01,2318.666645,1776197152000
1776197153.763,53.763,0.42,93.56,0.41,135.59,0.43,38.18,0.44,33.0,0.57,33.18,0.56,33.0,0.58,75.31,0.59,135.59,0.01,0.01,2318.666645,1776197152000
1776197154.2,54.2,0.42,64.0,0.41,140.59,0.43,60.28,0.44,59.18,0.57,55.28,0.56,54.18,0.58,61.83,0.59,145.59,0.01,0.01,2318.666645,1776197152000
1776197154.713,54.713,0.42,63.6,0.41,140.59,0.43,55.28,0.44,59.18,0.57,60.28,0.56,59.18,0.58,62.1,0.59,140.59,0.01,0.01,2318.66187,1776197153000
1776197155.286,55.286,0.42,61.7,0.41,140.59,0.43,55.28,0.44,59.18,0.57,55.28,0.56,59.18,0.58,61.7,0.59,140.59,0.01,0.01,2318.414058,1776197154000
1776197155.554,55.554,0.42,85.9,0.41,130.59,0.43,55.28,0.44,31.0,0.57,55.28,0.56,59.18,0.58,61.7,0.59,140.59,0.01,0.01,2318.414058,1776197154000
1776197155.887,55.887,0.42,76.09,0.41,130.59,0.43,55.28,0.44,31.0,0.57,55.28,0.56,31.0,0.58,78.06,0.59,130.59,0.01,0.01,2318.414058,1776197154000
1776197156.27,56.27,0.42,72.08,0.41,130.59,0.43,55.28,0.44,31.0,0.57,55.28,0.56,31.0,0.58,72.08,0.59,130.59,0.01,0.01,2318.421384,1776197155000
1776197157.196,57.196,0.42,72.08,0.41,130.59,0.43,55.28,0.44,31.0,0.57,55.28,0.56,31.0,0.58,72.08,0.59,130.59,0.01,0.01,2318.45558,1776197156000
1776197157.865,57.865,0.41,20.0,0.4,125.5,0.43,100.78,0.44,52.31,0.57,55.28,0.56,31.0,0.58,72.08,0.59,130.59,0.02,0.01,2318.45558,1776197156000
1776197158.289,58.289,0.41,20.0,0.4,125.5,0.43,100.78,0.44,52.31,0.57,100.78,0.56,52.31,0.59,20.0,0.6,125.5,0.02,0.02,2318.44329,1776197157000
1776197158.66,58.66,0.42,30.72,0.41,35.5,0.43,90.78,0.44,46.81,0.57,100.78,0.56,52.31,0.59,20.0,0.6,125.5,0.01,0.02,2318.44329,1776197157000
1776197159.344,59.344,0.42,30.72,0.41,35.5,0.43,90.78,0.44,46.81,0.57,90.78,0.56,46.81,0.58,30.72,0.59,35.5,0.01,0.01,2318.44262,1776197158000
1776197160.41,60.41,0.42,25.63,0.41,35.5,0.43,72.79,0.44,68.49,0.57,90.78,0.56,46.81,0.58,30.72,0.59,35.5,0.01,0.01,2318.44262,1776197158000
1776197160.784,60.784,0.42,27.43,0.41,40.5,0.43,72.79,0.44,57.99,0.57,72.79,0.56,68.49,0.58,25.63,0.59,35.5,0.01,0.01,2318.301791,1776197159000
1776197161.179,61.179,0.44,5.0,0.42,103.43,0.45,19.27,0.46,15.07,0.57,72.79,0.56,57.99,0.58,27.43,0.59,40.5,0.01,0.01,2318.386425,1776197160000
1776197161.392,61.392,0.44,80.5,0.43,46.0,0.46,9.18,0.47,41.0,0.55,4.11,0.54,15.07,0.56,80.5,0.57,46.0,0.02,0.01,2318.386425,1776197160000
1776197161.698,61.698,0.46,97.85,0.45,50.5,0.47,26.0,0.48,30.0,0.54,9.18,0.53,41.0,0.56,80.5,0.57,46.0,0.01,0.02,2318.386425,1776197160000
1776197162.045,62.045,0.46,102.85,0.45,50.5,0.47,71.45,0.48,30.0,0.53,71.45,0.52,30.0,0.54,102.85,0.55,50.5,0.01,0.01,2318.39382,1776197161000
1776197162.311,62.311,0.46,43.81,0.45,45.0,0.47,71.45,0.48,35.0,0.53,71.45,0.52,30.0,0.54,102.85,0.55,50.5,0.01,0.01,2318.39382,1776197161000
1776197162.941,62.941,0.46,19.15,0.45,25.0,0.47,110.71,0.48,40.5,0.53,43.89,0.52,35.0,0.54,36.69,0.55,45.0,0.01,0.01,2318.39382,1776197161000
1776197163.213,63.213,0.43,10.0,0.42,20.5,0.45,45.0,0.46,39.31,0.53,110.71,0.52,40.5,0.54,19.15,0.55,25.0,0.02,0.01,2318.579335,1776197162000
1776197163.877,63.877,0.43,7.05,0.42,20.5,0.44,52.37,0.45,72.18,0.56,39.65,0.55,66.18,0.57,7.05,0.58,20.5,0.01,0.01,2318.579335,1776197162000
1776197164.222,64.222,0.42,17.03,0.41,30.5,0.43,6.0,0.44,56.07,0.56,61.07,0.55,54.18,0.57,5.29,0.58,20.5,0.01,0.01,2318.730765,1776197163000
1776197164.976,64.976,0.41,46.81,0.4,31.5,0.42,5.0,0.43,24.69,0.57,16.0,0.56,43.0,0.59,30.32,0.6,25.5,0.01,0.02,2318.730765,1776197163000
1776197165.79,65.79,0.41,109.94,0.4,36.5,0.42,10.0,0.43,19.69,0.58,5.0,0.57,24.69,0.59,46.81,0.6,31.5,0.01,0.01,2318.7053,1776197164000
1776197166.028,66.028,0.42,210.5,0.41,172.07,0.43,10.69,0.48,10.0,0.57,8.69,0.53,36.0,0.59,205.07,0.6,25.5,0.01,0.02,2318.56464,1776197165000
1776197166.243,66.243,0.44,6.65,0.42,240.5,0.47,10.0,0.48,20.0,0.52,10.0,0.51,34.73,0.56,10.67,0.58,220.5,0.03,0.04,2318.56464,1776197165000
1776197166.874,66.874,0.47,47.73,0.46,59.5,0.48,74.96,0.49,39.73,0.52,15.0,0.51,39.73,0.53,7.34,0.54,78.5,0.01,0.01,2318.56464,1776197165000
1776197168.069,68.069,0.47,47.73,0.46,59.5,0.48,74.96,0.49,39.73,0.52,74.96,0.51,39.73,0.53,47.73,0.54,59.5,0.01,0.01,2318.971655,1776197167000
1776197168.548,68.548,0.47,52.0,0.46,61.5,0.48,70.79,0.49,64.23,0.52,74.96,0.51,39.73,0.53,47.73,0.54,59.5,0.01,0.01,2318.971655,1776197167000
1776197169.09,69.09,0.47,55.95,0.46,61.5,0.48,65.79,0.49,64.23,0.52,70.79,0.51,64.23,0.53,50.95,0.54,61.5,0.01,0.01,2318.971655,1776197167000
1776197169.311,69.311,0.47,3.45,0.46,31.0,0.48,84.2,0.49,64.23,0.52,65.79,0.51,64.23,0.53,55.95,0.54,61.5,0.01,0.01,2318.979875,1776197168000
1776197169.671,69.671,0.47,5.6,0.46,41.5,0.48,87.11,0.49,69.23,0.52,92.11,0.51,64.23,0.53,3.45,0.54,41.5,0.01,0.01,2318.979875,1776197168000
1776197170.147,70.147,0.47,5.6,0.46,41.5,0.48,87.11,0.49,69.23,0.52,87.11,0.51,69.23,0.53,5.6,0.54,41.5,0.01,0.01,2318.936982,1776197169000
1776197170.657,70.657,0.46,34.73,0.45,40.5,0.48,97.11,0.49,74.23,0.52,87.11,0.51,69.23,0.53,5.6,0.54,41.5,0.02,0.01,2318.936982,1776197169000
1776197171.017,71.017,0.46,27.69,0.45,35.5,0.47,25.0,0.48,82.11,0.52,97.11,0.51,74.23,0.54,34.73,0.55,40.5,0.01,0.02,2318.936982,1776197169000
1776197171.605,71.605,0.46,21.65,0.45,42.5,0.47,25.0,0.48,87.11,0.53,20.0,0.52,87.11,0.54,18.65,0.55,42.5,0.01,0.01,2319.094465,1776197170000
1776197172.047,72.047,0.46,12.2,0.45,42.5,0.47,47.65,0.48,45.5,0.53,32.65,0.52,45.5,0.54,14.61,0.55,42.5,0.01,0.01,2319.094465,1776197170000
1776197172.382,72.382,0.45,60.5,0.44,42.0,0.47,47.65,0.48,40.5,0.53,42.65,0.52,45.5,0.54,10.16,0.55,42.5,0.02,0.01,2318.9987,1776197171000
1776197172.651,72.651,0.45,41.5,0.44,54.0,0.47,47.65,0.48,45.5,0.53,47.65,0.52,40.5,0.55,46.5,0.56,42.0,0.02,0.02,2318.9987,1776197171000
1776197173.283,73.283,0.45,42.5,0.44,54.0,0.46,30.77,0.47,15.0,0.54,30.77,0.53,15.0,0.55,42.5,0.56,54.0,0.01,0.01,2318.960835,1776197172000
1776197174.428,74.428,0.45,42.5,0.44,54.0,0.46,30.77,0.47,15.0,0.54,30.77,0.53,15.0,0.55,42.5,0.56,54.0,0.01,0.01,2319.026158,1776197173000
1776197175.357,75.357,0.45,42.5,0.44,54.0,0.46,30.77,0.47,15.0,0.54,30.77,0.53,15.0,0.55,42.5,0.56,54.0,0.01,0.01,2318.967377,1776197174000
1776197175.9,75.9,0.45,42.5,0.44,54.0,0.46,30.77,0.47,15.0,0.54,30.77,0.53,15.0,0.55,42.5,0.56,54.0,0.01,0.01,2318.967417,1776197175000
1776197176.932,76.932,0.45,42.5,0.44,54.0,0.46,30.77,0.47,15.0,0.54,30.77,0.53,15.0,0.55,42.5,0.56,54.0,0.01,0.01,2319.05999,1776197176000
1776197178.697,78.697,0.46,15.0,0.45,59.5,0.47,13.43,0.48,40.5,0.53,13.43,0.52,40.5,0.54,15.0,0.55,59.5,0.01,0.01,2318.936285,1776197177000
1776197179.221,79.221,0.46,15.0,0.45,59.5,0.47,13.43,0.48,40.5,0.53,13.43,0.52,40.5,0.54,15.0,0.55,59.5,0.01,0.01,2318.94093,1776197178000
1776197179.475,79.475,0.46,11.0,0.45,59.5,0.47,18.43,0.48,46.5,0.53,13.43,0.52,40.5,0.54,15.0,0.55,59.5,0.01,0.01,2318.94093,1776197178000
1776197180.234,80.234,0.46,11.0,0.45,59.5,0.47,18.43,0.48,46.5,0.53,18.43,0.52,46.5,0.54,11.0,0.55,59.5,0.01,0.01,2318.93763,1776197179000
1776197180.443,80.443,0.43,6.23,0.41,5.0,0.46,135.0,0.47,126.93,0.54,110.0,0.53,181.93,0.55,3.08,0.59,5.0,0.03,0.01,2318.93763,1776197179000
1776197180.889,80.889,0.37,20.0,0.36,27.0,0.38,12.0,0.39,36.97,0.62,5.0,0.6,12.0,0.63,20.0,0.64,27.0,0.01,0.01,2318.93763,1776197179000
1776197181.199,81.199,0.37,20.0,0.36,27.0,0.38,12.0,0.39,36.97,0.62,12.0,0.61,36.97,0.63,20.0,0.64,27.0,0.01,0.01,2318.93987,1776197180000
1776197182.212,82.212,0.37,1.65,0.36,17.0,0.38,51.0,0.39,73.04,0.62,12.0,0.61,36.97,0.63,20.0,0.64,27.0,0.01,0.01,2318.93987,1776197180000
1776197182.601,82.601,0.33,88.0,0.32,10.0,0.37,97.0,0.38,62.0,0.62,51.0,0.61,73.04,0.64,17.0,0.66,28.0,0.04,0.02,2318.570425,1776197181000
1776197183.007,83.007,0.33,86.5,0.32,10.0,0.34,32.0,0.35,10.0,0.63,97.0,0.62,62.0,0.67,88.0,0.68,10.0,0.01,0.04,2318.570425,1776197181000
1776197183.277,83.277,0.33,95.5,0.32,10.0,0.34,153.76,0.35,15.0,0.66,32.0,0.65,10.0,0.67,86.5,0.68,10.0,0.01,0.01,2318.570425,1776197181000
1776197183.584,83.584,0.33,85.04,0.32,17.0,0.34,158.76,0.35,15.0,0.66,153.76,0.65,15.0,0.67,90.21,0.68,17.0,0.01,0.01,2318.365687,1776197182000
1776197183.897,83.897,0.32,12.0,0.31,18.0,0.33,18.96,0.34,34.0,0.66,158.76,0.65,15.0,0.67,85.04,0.68,17.0,0.01,0.01,2318.365687,1776197182000
1776197184.21,84.21,0.31,13.05,0.3,50.0,0.32,96.0,0.33,109.65,0.68,22.0,0.67,23.96,0.69,26.65,0.7,38.0,0.01,0.01,2318.365687,1776197182000
1776197184.476,84.476,0.31,4.98,0.3,59.0,0.32,96.0,0.33,109.65,0.68,96.0,0.67,109.65,0.69,13.05,0.7,50.0,0.01,0.01,2318.365687,1776197182000
1776197184.787,84.787,0.3,45.74,0.29,35.5,0.32,106.5,0.33,120.15,0.68,96.0,0.67,109.65,0.69,4.98,0.7,59.0,0.02,0.01,2318.005985,1776197183000
1776197185.009,85.009,0.3,32.31,0.29,35.5,0.31,10.0,0.32,111.5,0.69,10.0,0.68,111.5,0.7,32.31,0.71,35.5,0.01,0.01,2317.960819,1776197184000
1776197185.35,85.35,0.3,8.28,0.28,27.0,0.31,138.2,0.32,44.5,0.69,171.2,0.68,77.5,0.7,13.31,0.72,60.5,0.01,0.01,2317.960819,1776197184000
1776197185.649,85.649,0.26,3.43,0.25,29.0,0.27,10.0,0.28,77.0,0.71,10.0,0.7,20.5,0.73,10.21,0.74,25.5,0.01,0.02,2317.960819,1776197184000
1776197185.935,85.935,0.25,4.82,0.24,35.5,0.27,132.47,0.28,38.5,0.73,10.0,0.72,77.0,0.74,3.43,0.75,29.0,0.02,0.01,2317.960819,1776197184000
1776197186.164,86.164,0.24,21.25,0.23,27.0,0.26,17.0,0.27,97.47,0.74,17.0,0.73,97.47,0.76,21.25,0.77,27.0,0.02,0.02,2317.806685,1776197185000
1776197187.242,87.242,0.24,21.25,0.23,27.0,0.26,17.0,0.27,97.47,0.74,17.0,0.73,97.47,0.76,21.25,0.77,27.0,0.02,0.02,2317.562362,1776197186000
1776197187.671,87.671,0.24,43.25,0.23,25.0,0.25,58.0,0.26,22.0,0.74,17.0,0.73,97.47,0.76,21.25,0.77,27.0,0.01,0.02,2317.562362,1776197186000
1776197187.963,87.963,0.24,36.93,0.23,25.0,0.25,58.0,0.26,22.0,0.75,58.0,0.74,22.0,0.76,43.25,0.77,25.0,0.01,0.01,2317.562362,1776197186000
1776197188.363,88.363,0.24,36.93,0.23,25.0,0.25,58.0,0.26,22.0,0.75,58.0,0.74,22.0,0.76,36.93,0.77,25.0,0.01,0.01,2317.19152,1776197187000
1776197189.176,89.176,0.24,30.88,0.23,47.0,0.25,45.0,0.26,25.5,0.75,58.0,0.74,22.0,0.76,36.93,0.77,25.0,0.01,0.01,2317.19152,1776197187000
1776197189.38,89.38,0.22,97.0,0.21,70.5,0.24,10.0,0.25,25.0,0.76,10.0,0.75,25.0,0.78,97.0,0.79,70.5,0.02,0.02,2317.174575,1776197188000
1776197189.663,89.663,0.23,6.06,0.22,117.0,0.24,155.0,0.25,120.0,0.76,160.0,0.75,120.0,0.77,8.06,0.78,117.0,0.01,0.01,2317.174575,1776197188000
1776197190.33,90.33,0.23,3.46,0.22,117.0,0.24,160.0,0.25,120.0,0.76,160.0,0.75,120.0,0.77,3.46,0.78,117.0,0.01,0.01,2317.145077,1776197189000
1776197190.83,90.83,0.22,55.0,0.2,17.0,0.23,241.5,0.24,228.7,0.76,160.0,0.75,120.0,0.77,3.46,0.78,117.0,0.01,0.01,2317.145077,1776197189000
1776197191.118,91.118,0.22,49.93,0.2,39.0,0.23,346.79,0.24,125.5,0.77,241.5,0.76,228.7,0.78,55.0,0.8,17.0,0.01,0.01,2317.145077,1776197189000
1776197191.384,91.384,0.22,49.93,0.2,39.0,0.23,346.79,0.24,125.5,0.77,346.79,0.76,125.5,0.78,49.93,0.8,39.0,0.01,0.01,2317.14143,1776197190000
1776197191.665,91.665,0.22,47.1,0.2,10.0,0.23,336.29,0.24,125.5,0.77,346.79,0.76,125.5,0.78,48.57,0.8,10.0,0.01,0.01,2317.14143,1776197190000
1776197191.874,91.874,0.22,24.27,0.2,10.0,0.23,346.79,0.24,135.5,0.77,341.79,0.76,135.5,0.78,37.1,0.8,10.0,0.01,0.01,2317.14143,1776197190000
1776197192.309,92.309,0.2,5.08,0.17,77.0,0.21,268.5,0.22,135.5,0.77,346.79,0.76,135.5,0.78,22.97,0.8,10.0,0.01,0.01,2317.14143,1776197190000
1776197192.569,92.569,0.17,77.0,0.16,81.8,0.19,10.92,0.21,268.5,0.81,10.92,0.79,268.5,0.83,77.0,0.84,81.8,0.02,0.02,2317.103185,1776197191000
1776197193.11,93.11,0.17,111.73,0.16,102.3,0.18,118.0,0.19,132.92,0.82,118.0,0.81,132.92,0.83,111.73,0.84,102.3,0.01,0.01,2316.89882,1776197192000
1776197193.433,93.433,0.17,146.85,0.16,135.3,0.18,163.2,0.19,17.92,0.82,200.98,0.81,122.92,0.83,156.35,0.84,130.3,0.01,0.01,2316.89882,1776197192000
1776197193.66,93.66,0.17,257.03,0.16,130.3,0.18,93.97,0.2,17.0,0.82,106.2,0.8,28.0,0.83,234.03,0.84,130.3,0.01,0.01,2316.89882,1776197192000
1776197193.956,93.956,0.2,54.62,0.19,22.0,0.22,102.5,0.23,100.0,0.79,18.14,0.78,100.0,0.8,8.62,0.81,17.0,0.02,0.01,2316.89882,1776197192000
1776197194.197,94.197,0.22,26.83,0.21,151.62,0.23,5.0,0.24,10.0,0.77,5.0,0.76,110.0,0.78,48.12,0.79,156.62,0.01,0.01,2316.89882,1776197192000
1776197194.727,94.727,0.22,37.16,0.21,151.62,0.23,41.19,0.24,25.5,0.77,5.0,0.76,10.0,0.78,26.83,0.79,151.62,0.01,0.01,2316.730825,1776197193000
1776197195.049,95.049,0.21,122.67,0.2,129.12,0.23,36.79,0.24,25.5,0.77,41.19,0.76,25.5,0.79,117.67,0.8,107.12,0.02,0.02,2316.730825,1776197193000
1776197195.614,95.614,0.21,166.05,0.2,129.12,0.22,115.12,0.23,26.19,0.78,115.12,0.77,36.79,0.79,127.73,0.8,129.12,0.01,0.01,2316.61949,1776197194000
1776197195.836,95.836,0.21,204.79,0.2,129.12,0.22,100.12,0.23,21.19,0.78,110.12,0.77,21.19,0.79,204.79,0.8,129.12,0.01,0.01,2316.61949,1776197194000
1776197196.164,96.164,0.24,53.62,0.23,148.62,0.25,109.25,0.26,60.5,0.75,9.19,0.74,60.5,0.78,20.5,0.79,204.79,0.01,0.03,2316.61949,1776197194000
1776197196.393,96.393,0.24,98.38,0.23,148.62,0.25,119.25,0.26,65.5,0.75,114.25,0.74,65.5,0.76,66.7,0.77,148.62,0.01,0.01,2316.905805,1776197195000
1776197196.763,96.763,0.24,93.32,0.23,148.62,0.25,119.25,0.26,65.5,0.75,119.25,0.74,65.5,0.76,98.38,0.77,148.62,0.01,0.01,2316.905805,1776197195000
1776197197.165,97.165,0.24,77.91,0.23,148.62,0.25,119.25,0.26,65.5,0.75,119.25,0.74,65.5,0.76,84.36,0.77,148.62,0.01,0.01,2316.905805,1776197195000
1776197197.504,97.504,0.24,71.59,0.23,148.62,0.25,230.47,0.26,170.5,0.75,235.47,0.74,165.5,0.76,72.91,0.77,148.62,0.01,0.01,2316.90146,1776197196000
1776197197.84,97.84,0.24,5.2,0.23,153.62,0.25,250.47,0.26,170.5,0.75,240.47,0.74,165.5,0.76,6.65,0.77,153.62,0.01,0.01,2316.90146,1776197196000
1776197198.176,98.176,0.23,150.14,0.22,30.5,0.25,245.47,0.26,140.5,0.75,250.47,0.74,170.5,0.76,5.2,0.77,153.62,0.02,0.01,2316.90146,1776197196000
1776197198.814,98.814,0.23,164.22,0.22,46.5,0.25,240.47,0.26,120.0,0.75,245.47,0.74,140.5,0.77,150.14,0.78,30.5,0.02,0.02,2316.97739,1776197197000
1776197199.194,99.194,0.24,46.17,0.23,159.22,0.25,125.47,0.26,10.0,0.75,240.47,0.74,120.0,0.76,2.51,0.77,159.22,0.01,0.01,2316.97739,1776197197000
1776197199.523,99.523,0.24,19.88,0.23,164.22,0.25,140.47,0.26,15.0,0.75,130.47,0.74,10.0,0.76,39.2,0.77,159.22,0.01,0.01,2317.09079,1776197198000
1776197199.899,99.899,0.24,19.88,0.23,164.22,0.25,140.47,0.26,15.0,0.75,140.47,0.74,15.0,0.76,19.88,0.77,164.22,0.01,0.01,2317.09532,1776197199000
1776197200.107,100.107,0.24,19.88,0.23,164.22,0.25,133.19,0.26,20.0,0.75,140.47,0.74,15.0,0.76,19.88,0.77,164.22,0.01,0.01,2317.09532,1776197199000
1776197201.0,101.0,0.24,19.88,0.23,164.22,0.25,133.19,0.26,20.0,0.75,133.19,0.74,20.0,0.76,19.88,0.77,164.22,0.01,0.01,2317.21065,1776197200000
1776197201.375,101.375,0.24,20.0,0.23,148.6,0.25,116.19,0.26,20.0,0.75,133.19,0.74,20.0,0.76,19.88,0.77,164.22,0.01,0.01,2317.21065,1776197200000
1776197202.081,102.081,0.24,20.0,0.23,148.6,0.25,116.19,0.26,20.0,0.75,116.19,0.74,20.0,0.76,20.0,0.77,148.6,0.01,0.01,2317.23867,1776197201000
1776197202.4,102.4,0.24,26.0,0.23,123.5,0.25,131.19,0.26,20.0,0.75,116.19,0.74,20.0,0.76,20.0,0.77,148.6,0.01,0.01,2317.23867,1776197201000
1776197202.673,102.673,0.24,24.03,0.23,123.5,0.25,131.19,0.26,20.0,0.75,131.19,0.74,20.0,0.76,26.0,0.77,123.5,0.01,0.01,2317.23867,1776197201000
1776197203.127,103.127,0.24,24.03,0.23,123.5,0.25,131.19,0.26,20.0,0.75,131.19,0.74,20.0,0.76,24.03,0.77,123.5,0.01,0.01,2317.266175,1776197202000
1776197203.717,103.717,0.24,29.03,0.23,118.5,0.25,40.4,0.26,20.0,0.75,131.19,0.74,20.0,0.76,24.03,0.77,123.5,0.01,0.01,2317.266175,1776197202000
1776197204.058,104.058,0.24,29.55,0.23,118.5,0.25,100.07,0.26,20.0,0.75,32.68,0.74,20.0,0.76,34.03,0.77,118.5,0.01,0.01,2317.266175,1776197202000
1776197204.899,104.899,0.24,23.55,0.23,118.5,0.25,123.03,0.26,20.0,0.75,111.03,0.74,20.0,0.76,29.55,0.77,118.5,0.01,0.01,2317.280465,1776197203000
1776197205.768,105.768,0.24,3.18,0.23,113.5,0.25,243.03,0.26,120.0,0.75,123.03,0.74,20.0,0.76,23.55,0.77,118.5,0.01,0.01,2317.29458,1776197204000
1776197206.322,106.322,0.23,113.5,0.22,46.5,0.25,243.03,0.26,120.0,0.75,243.03,0.74,120.0,0.77,113.5,0.78,46.5,0.02,0.02,2317.300705,1776197205000
1776197206.672,106.672,0.23,112.07,0.22,66.5,0.24,197.43,0.25,120.0,0.75,243.03,0.74,120.0,0.77,113.5,0.78,46.5,0.01,0.02,2317.300705,1776197205000
1776197207.096,107.096,0.23,110.07,0.22,66.5,0.24,202.43,0.25,120.0,0.76,202.43,0.75,120.0,0.77,110.07,0.78,66.5,0.01,0.01,2317.30135,1776197206000
1776197208.222,108.222,0.23,5.0,0.22,46.0,0.24,184.16,0.25,130.5,0.76,202.43,0.75,120.0,0.77,110.07,0.78,66.5,0.01,0.01,2317.30135,1776197206000
1776197208.458,108.458,0.18,76.38,0.17,67.0,0.19,189.0,0.2,123.0,0.76,194.16,0.75,130.5,0.78,26.0,0.79,62.37,0.01,0.02,2317.301905,1776197207000
1776197208.79,108.79,0.18,94.83,0.17,67.0,0.19,188.0,0.2,144.0,0.81,213.0,0.8,144.0,0.82,94.22,0.83,67.0,0.01,0.01,2317.301905,1776197207000
1776197209.017,109.017,0.18,94.83,0.17,67.0,0.19,188.0,0.2,144.0,0.81,188.0,0.8,144.0,0.82,94.83,0.83,67.0,0.01,0.01,2317.301875,1776197208000
1776197210.049,110.049,0.18,73.82,0.17,72.0,0.19,68.0,0.2,136.0,0.81,188.0,0.8,144.0,0.82,94.83,0.83,67.0,0.01,0.01,2317.301875,1776197208000
1776197210.396,110.396,0.18,63.32,0.17,82.0,0.19,15.36,0.2,136.0,0.81,15.36,0.8,136.0,0.82,73.82,0.83,72.0,0.01,0.01,2317.301875,1776197208000
1776197211.155,111.155,0.18,58.32,0.17,82.0,0.19,10.09,0.2,136.0,0.81,10.09,0.8,136.0,0.82,58.32,0.83,82.0,0.01,0.01,2316.93915,1776197210000
1776197212.397,112.397,0.18,58.32,0.17,82.0,0.19,10.09,0.2,136.0,0.81,10.09,0.8,136.0,0.82,58.32,0.83,82.0,0.01,0.01,2316.94382,1776197211000
1776197212.974,112.974,0.18,58.32,0.17,82.0,0.19,10.09,0.2,136.0,0.81,10.09,0.8,136.0,0.82,58.32,0.83,82.0,0.01,0.01,2316.942955,1776197212000
1776197213.673,113.673,0.18,57.39,0.17,82.0,0.19,125.0,0.2,136.0,0.81,20.0,0.8,136.0,0.82,64.53,0.83,82.0,0.01,0.01,2316.942955,1776197212000
1776197214.247,114.247,0.18,57.39,0.17,82.0,0.19,125.0,0.2,136.0,0.81,125.0,0.8,136.0,0.82,57.39,0.83,82.0,0.01,0.01,2316.84967,1776197213000
1776197215.443,115.443,0.18,57.39,0.17,82.0,0.19,125.0,0.2,136.0,0.81,125.0,0.8,136.0,0.82,57.39,0.83,82.0,0.01,0.01,2316.95348,1776197214000
1776197215.904,115.904,0.19,5.0,0.18,110.06,0.2,89.0,0.21,130.5,0.8,94.0,0.79,115.0,0.81,15.0,0.82,130.56,0.01,0.01,2316.95348,1776197214000
1776197216.142,116.142,0.19,5.0,0.18,110.06,0.2,89.0,0.21,130.5,0.8,89.0,0.79,130.5,0.81,5.0,0.82,110.06,0.01,0.01,2316.94573,1776197215000
1776197216.373,116.373,0.19,54.73,0.18,110.06,0.2,84.0,0.21,130.5,0.8,89.0,0.79,130.5,0.81,5.0,0.82,110.06,0.01,0.01,2316.94573,1776197215000
1776197216.661,116.661,0.19,54.73,0.18,236.06,0.2,9.5,0.21,30.5,0.8,84.0,0.79,130.5,0.81,54.73,0.82,110.06,0.01,0.01,2316.94573,1776197215000
1776197217.301,117.301,0.19,6.01,0.18,236.06,0.2,38.97,0.21,30.5,0.8,4.25,0.79,30.5,0.81,53.21,0.82,236.06,0.01,0.01,2316.94573,1776197215000
1776197218.121,118.121,0.19,0.01,0.18,236.06,0.2,38.97,0.21,30.5,0.8,38.97,0.79,30.5,0.81,0.01,0.82,236.06,0.01,0.01,2317.089601,1776197217000
1776197219.315,119.315,0.19,0.01,0.18,236.06,0.2,38.97,0.21,30.5,0.8,38.97,0.79,30.5,0.81,0.01,0.82,236.06,0.01,0.01,2317.009165,1776197218000
1776197220.528,120.528,0.19,0.01,0.18,236.06,0.2,38.97,0.21,30.5,0.8,38.97,0.79,30.5,0.81,0.01,0.82,236.06,0.01,0.01,2317.0395,1776197219000
1776197220.764,120.764,0.18,208.89,0.17,168.5,0.19,10.0,0.2,14.25,0.8,38.97,0.79,30.5,0.81,0.01,0.82,236.06,0.01,0.01,2317.0395,1776197219000
1776197221.111,121.111,0.21,15.63,0.2,25.5,0.23,10.0,0.24,10.0,0.81,10.0,0.8,14.25,0.82,208.89,0.83,168.5,0.02,0.01,2317.0395,1776197219000
1776197221.51,121.51,0.22,30.0,0.21,75.63,0.25,6.99,0.26,33.5,0.77,2.32,0.76,5.0,0.78,45.5,0.79,25.63,0.03,0.01,2317.03753,1776197220000
1776197221.752,121.752,0.24,3.68,0.23,115.0,0.25,22.49,0.26,38.5,0.75,6.99,0.74,33.5,0.78,30.0,0.79,75.63,0.01,0.03,2317.03753,1776197220000
1776197222.017,122.017,0.24,1.68,0.23,115.0,0.25,27.49,0.26,38.5,0.75,22.49,0.74,38.5,0.76,3.68,0.77,115.0,0.01,0.01,2317.03753,1776197220000
1776197222.231,122.231,0.24,10.49,0.23,25.5,0.26,13.0,0.27,15.5,0.75,27.49,0.74,38.5,0.76,1.68,0.77,115.0,0.02,0.01,2317.03753,1776197220000
1776197222.898,122.898,0.27,10.0,0.26,10.0,0.28,22.01,0.29,15.0,0.74,13.0,0.73,15.5,0.76,10.49,0.77,25.5,0.01,0.02,2317.03753,1776197220000
1776197223.169,123.169,0.27,10.0,0.26,10.0,0.28,22.01,0.29,15.0,0.72,22.01,0.71,15.0,0.73,10.0,0.74,10.0,0.01,0.01,2317.05527,1776197221000
1776197223.661,123.661,0.27,18.95,0.26,5.0,0.28,22.01,0.29,20.0,0.72,22.01,0.71,20.0,0.73,20.16,0.74,5.0,0.01,0.01,2317.05527,1776197221000
1776197224.062,124.062,0.27,13.95,0.26,5.0,0.28,79.78,0.29,20.0,0.72,22.01,0.71,20.0,0.73,18.95,0.74,5.0,0.01,0.01,2317.05527,1776197221000
1776197224.407,124.407,0.27,13.95,0.26,5.0,0.28,79.78,0.29,20.0,0.72,79.78,0.71,20.0,0.73,13.95,0.74,5.0,0.01,0.01,2317.390893,1776197222000
1776197224.661,124.661,0.26,2.84,0.25,103.73,0.28,84.78,0.29,15.0,0.72,74.78,0.71,20.0,0.73,2.84,0.74,5.0,0.02,0.01,2317.390893,1776197222000
1776197224.902,124.902,0.25,119.23,0.24,59.2,0.27,5.0,0.28,61.35,0.72,84.78,0.71,15.0,0.74,2.84,0.75,103.73,0.02,0.02,2317.498936,1776197223000
1776197225.229,125.229,0.27,76.73,0.26,118.5,0.28,44.35,0.3,25.5,0.73,5.0,0.72,61.35,0.75,119.23,0.76,59.2,0.01,0.02,2317.498936,1776197223000
1776197225.511,125.511,0.27,76.73,0.26,118.5,0.28,26.82,0.3,25.5,0.72,26.82,0.7,25.5,0.73,76.73,0.74,118.5,0.01,0.01,2317.59774,1776197224000
1776197225.948,125.948,0.28,5.0,0.27,45.0,0.29,103.19,0.3,25.5,0.72,26.82,0.7,25.5,0.73,76.73,0.74,118.5,0.01,0.01,2317.59774,1776197224000
1776197226.395,126.395,0.27,4.32,0.26,137.2,0.29,108.19,0.3,30.5,0.71,108.19,0.7,30.5,0.73,4.32,0.74,137.2,0.02,0.02,2317.588622,1776197225000
1776197226.729,126.729,0.27,24.82,0.26,107.2,0.28,10.0,0.29,113.19,0.71,113.19,0.7,30.5,0.73,43.12,0.74,137.2,0.01,0.02,2317.588622,1776197225000
1776197227.11,127.11,0.27,14.46,0.26,107.2,0.28,15.0,0.29,108.19,0.72,15.0,0.71,108.19,0.73,14.46,0.74,107.2,0.01,0.01,2317.611523,1776197226000
1776197227.484,127.484,0.27,20.5,0.26,81.23,0.28,5.0,0.29,98.19,0.72,15.0,0.71,108.19,0.73,14.46,0.74,107.2,0.01,0.01,2317.611523,1776197226000
1776197227.781,127.781,0.27,8.15,0.26,81.23,0.28,5.0,0.29,98.19,0.72,5.0,0.71,98.19,0.73,18.15,0.74,81.23,0.01,0.01,2317.611523,1776197226000
1776197228.462,128.462,0.27,111.88,0.26,108.93,0.29,81.19,0.3,5.0,0.72,5.0,0.71,98.19,0.73,8.15,0.74,81.23,0.02,0.01,2317.611523,1776197226000
1776197229.013,129.013,0.3,13.42,0.29,15.0,0.31,99.01,0.32,25.5,0.69,5.09,0.68,20.5,0.71,3.45,0.72,53.23,0.01,0.02,2317.710816,1776197227000
1776197229.361,129.361,0.3,5.0,0.29,15.0,0.31,95.78,0.32,25.5,0.69,95.78,0.68,25.5,0.7,5.0,0.71,15.0,0.01,0.01,2317.737807,1776197228000
1776197229.629,129.629,0.29,21.73,0.28,68.23,0.3,165.15,0.31,215.61,0.69,220.61,0.68,94.02,0.7,13.42,0.71,15.0,0.01,0.01,2317.737807,1776197228000
1776197229.838,129.838,0.28,37.08,0.27,66.45,0.3,175.15,0.31,230.61,0.7,170.15,0.69,225.61,0.71,20.18,0.72,73.23,0.02,0.01,2317.737807,1776197228000
1776197230.063,130.063,0.28,37.08,0.27,66.45,0.3,175.15,0.31,230.61,0.7,175.15,0.69,230.61,0.72,37.08,0.73,66.45,0.02,0.02,2317.778247,1776197229000
1776197230.357,130.357,0.29,15.94,0.28,42.58,0.3,210.15,0.31,209.38,0.7,208.52,0.69,209.38,0.71,15.94,0.72,42.58,0.01,0.01,2317.778247,1776197229000
1776197230.847,130.847,0.29,57.48,0.28,67.58,0.3,210.15,0.31,204.38,0.7,210.15,0.69,209.38,0.71,15.94,0.72,42.58,0.01,0.01,2317.778247,1776197229000
1776197231.269,131.269,0.29,37.48,0.28,47.58,0.3,205.25,0.31,204.38,0.7,210.15,0.69,204.38,0.71,57.48,0.72,67.58,0.01,0.01,2317.778247,1776197229000
1776197231.477,131.477,0.29,37.48,0.28,47.58,0.3,205.25,0.31,204.38,0.7,205.25,0.69,204.38,0.71,37.48,0.72,47.58,0.01,0.01,2317.879424,1776197230000
1776197231.732,131.732,0.29,34.48,0.28,47.58,0.3,180.65,0.31,204.38,0.7,205.25,0.69,204.38,0.71,37.48,0.72,47.58,0.01,0.01,2317.879424,1776197230000
1776197232.124,132.124,0.29,34.48,0.28,47.58,0.3,180.65,0.31,204.38,0.7,180.65,0.69,204.38,0.71,34.48,0.72,47.58,0.01,0.01,2317.909583,1776197231000
1776197232.415,132.415,0.28,44.69,0.27,54.45,0.3,210.35,0.31,204.38,0.7,210.35,0.69,204.38,0.71,30.88,0.72,47.58,0.02,0.01,2317.909583,1776197231000
1776197232.776,132.776,0.29,47.68,0.28,67.58,0.3,200.35,0.31,194.38,0.7,210.35,0.69,204.38,0.72,44.69,0.73,54.45,0.01,0.02,2317.909583,1776197231000
1776197233.147,133.147,0.29,60.32,0.28,67.58,0.3,205.35,0.31,194.38,0.7,200.35,0.69,194.38,0.71,47.68,0.72,67.58,0.01,0.01,2317.909583,1776197231000
1776197233.378,133.378,0.29,58.77,0.28,67.58,0.3,205.35,0.31,194.38,0.7,205.35,0.69,194.38,0.71,58.77,0.72,67.58,0.01,0.01,2317.962515,1776197232000
1776197233.593,133.593,0.29,173.77,0.28,62.58,0.3,150.35,0.31,108.69,0.7,205.35,0.69,194.38,0.71,58.77,0.72,67.58,0.01,0.01,2317.962515,1776197232000
1776197233.854,133.854,0.3,118.23,0.29,108.5,0.31,73.2,0.32,73.52,0.69,83.2,0.68,73.52,0.7,76.23,0.71,149.04,0.01,0.01,2317.962515,1776197232000
1776197234.114,134.114,0.3,148.23,0.29,126.0,0.31,67.2,0.32,73.52,0.69,73.2,0.68,73.52,0.7,118.23,0.71,108.5,0.01,0.01,2317.962515,1776197232000
1776197234.385,134.385,0.3,148.23,0.29,131.0,0.31,63.97,0.32,73.52,0.69,67.2,0.68,73.52,0.7,148.23,0.71,126.0,0.01,0.01,2317.962515,1776197232000
1776197234.815,134.815,0.31,107.0,0.3,77.6,0.32,54.15,0.35,10.0,0.68,57.64,0.65,10.0,0.7,148.23,0.71,96.0,0.01,0.02,2317.9634,1776197233000
1776197235.14,135.14,0.31,207.03,0.3,77.6,0.32,47.86,0.34,10.0,0.68,47.86,0.65,10.0,0.69,159.73,0.7,112.59,0.01,0.01,2317.9634,1776197233000
1776197236.02,136.02,0.31,263.03,0.3,100.6,0.36,5.0,0.37,10.0,0.68,44.73,0.66,10.0,0.69,212.03,0.7,77.6,0.05,0.01,2318.002645,1776197234000
1776197236.848,136.848,0.35,15.0,0.34,15.0,0.36,1.51,0.37,10.0,0.64,1.51,0.63,10.0,0.65,15.0,0.66,15.0,0.01,0.01,2318.24169,1776197235000
1776197237.153,137.153,0.35,256.73,0.34,52.0,0.36,0.25,0.38,5.0,0.64,1.51,0.63,10.0,0.65,15.0,0.66,15.0,0.01,0.01,2318.24169,1776197235000
1776197237.471,137.471,0.36,175.73,0.35,135.5,0.39,20.14,0.4,10.0,0.62,5.0,0.61,10.0,0.64,10.0,0.65,164.73,0.03,0.02,2318.24169,1776197235000
1776197237.731,137.731,0.37,105.0,0.36,92.73,0.38,3.81,0.39,20.14,0.62,10.0,0.61,20.14,0.63,45.0,0.64,114.73,0.01,0.01,2318.24169,1776197235000
1776197238.583,138.583,0.37,68.31,0.36,60.0,0.38,3.81,0.39,20.14,0.62,3.81,0.61,20.14,0.63,105.0,0.64,92.73,0.01,0.01,2318.26571,1776197236000
1776197238.892,138.892,0.38,127.0,0.37,25.0,0.4,9.77,0.41,10.0,0.62,3.81,0.61,20.14,0.63,68.31,0.64,60.0,0.02,0.01,2318.34411,1776197237000
1776197239.193,139.193,0.38,127.0,0.37,25.0,0.4,9.77,0.41,10.0,0.6,9.77,0.59,10.0,0.62,127.0,0.63,25.0,0.02,0.02,2318.53533,1776197238000
1776197240.219,140.219,0.39,37.0,0.38,60.0,0.4,24.77,0.41,15.0,0.6,9.77,0.59,10.0,0.62,127.0,0.63,25.0,0.01,0.02,2318.53533,1776197238000
1776197240.644,140.644,0.38,101.0,0.37,25.0,0.4,17.24,0.41,15.0,0.6,19.77,0.59,15.0,0.61,12.0,0.62,60.0,0.02,0.01,2318.53533,1776197238000
1776197241.198,141.198,0.41,111.01,0.4,30.0,0.42,4.47,0.43,30.5,0.6,17.24,0.59,15.0,0.62,101.0,0.63,25.0,0.01,0.02,2318.60792,1776197239000
1776197241.733,141.733,0.42,65.53,0.41,25.01,0.43,25.5,0.44,30.9,0.57,20.5,0.56,20.4,0.58,20.53,0.59,65.01,0.01,0.01,2318.626085,1776197240000
1776197242.02,142.02,0.42,50.0,0.41,25.01,0.43,37.89,0.44,30.9,0.57,25.5,0.56,30.9,0.58,56.99,0.59,25.01,0.01,0.01,2318.626085,1776197240000
1776197242.377,142.377,0.42,66.0,0.41,35.51,0.43,30.56,0.44,30.9,0.57,30.56,0.56,30.9,0.58,66.0,0.59,35.51,0.01,0.01,2318.66343,1776197241000
1776197242.67,142.67,0.42,20.0,0.41,35.51,0.43,29.23,0.44,30.9,0.57,33.23,0.56,30.9,0.58,25.0,0.59,25.01,0.01,0.01,2318.66343,1776197241000
1776197243.127,143.127,0.42,20.0,0.41,35.51,0.43,29.23,0.44,30.9,0.57,29.23,0.56,30.9,0.58,20.0,0.59,35.51,0.01,0.01,2318.68501,1776197242000
1776197244.064,144.064,0.43,90.22,0.42,40.0,0.44,15.5,0.45,30.5,0.57,29.23,0.56,30.9,0.58,20.0,0.59,35.51,0.01,0.01,2318.68501,1776197242000
1776197244.319,144.319,0.43,90.22,0.42,40.0,0.44,15.5,0.45,30.5,0.56,15.5,0.55,30.5,0.57,90.22,0.58,40.0,0.01,0.01,2318.68501,1776197242000
1776197244.714,144.714,0.44,81.0,0.43,20.0,0.45,35.5,0.46,30.0,0.56,15.5,0.55,30.5,0.57,90.22,0.58,40.0,0.01,0.01,2318.878085,1776197243000
1776197245.286,145.286,0.44,76.0,0.43,15.0,0.45,31.05,0.46,30.0,0.55,35.5,0.54,30.0,0.56,81.0,0.57,20.0,0.01,0.01,2318.878085,1776197244000
1776197246.141,146.141,0.44,76.0,0.43,15.0,0.45,26.05,0.46,30.0,0.55,26.05,0.54,30.0,0.56,76.0,0.57,15.0,0.01,0.01,2318.908035,1776197245000
1776197247.274,147.274,0.44,76.0,0.43,15.0,0.45,26.05,0.46,30.0,0.55,26.05,0.54,30.0,0.56,76.0,0.57,15.0,0.01,0.01,2318.91543,1776197246000
1776197248.813,148.813,0.44,82.0,0.43,38.0,0.45,25.87,0.46,30.0,0.55,26.05,0.54,30.0,0.56,76.0,0.57,15.0,0.01,0.01,2318.91543,1776197246000
1776197249.972,149.972,0.44,144.0,0.43,48.5,0.45,20.87,0.46,30.0,0.55,25.87,0.54,30.0,0.56,82.0,0.57,38.0,0.01,0.01,2318.91543,1776197246000
1776197250.479,150.479,0.44,144.0,0.43,48.5,0.45,20.87,0.46,30.0,0.55,20.87,0.54,30.0,0.56,144.0,0.57,48.5,0.01,0.01,2318.92649,1776197249000
1776197250.956,150.956,0.44,144.0,0.43,48.5,0.45,15.87,0.46,30.0,0.55,15.87,0.54,30.0,0.56,144.0,0.57,48.5,0.01,0.01,2318.926775,1776197250000
1776197251.591,151.591,0.45,114.18,0.44,75.5,0.47,15.0,0.48,50.0,0.54,20.5,0.53,15.0,0.55,119.18,0.56,70.5,0.02,0.01,2318.926775,1776197250000
1776197251.936,151.936,0.45,114.18,0.44,75.5,0.47,15.0,0.48,50.0,0.53,15.0,0.52,50.0,0.55,114.18,0.56,75.5,0.02,0.02,2318.931725,1776197251000
1776197252.957,152.957,0.46,110.53,0.45,53.18,0.47,30.5,0.48,50.0,0.53,30.5,0.52,50.0,0.54,110.53,0.55,53.18,0.01,0.01,2318.97465,1776197252000
1776197253.202,153.202,0.46,188.03,0.45,83.68,0.49,43.11,0.5,57.24,0.53,30.5,0.52,50.0,0.54,110.53,0.55,53.18,0.03,0.01,2318.97465,1776197252000
1776197253.66,153.66,0.48,45.0,0.47,20.0,0.49,37.35,0.5,72.74,0.51,32.35,0.5,57.24,0.52,10.0,0.53,10.0,0.01,0.01,2318.97465,1776197252000
1776197254.044,154.044,0.47,10.0,0.46,25.5,0.49,57.35,0.5,78.74,0.51,37.35,0.5,72.74,0.52,45.0,0.53,20.0,0.02,0.01,2319.026225,1776197253000
1776197254.246,154.246,0.48,112.0,0.47,54.81,0.49,14.8,0.5,37.24,0.51,45.3,0.5,78.74,0.53,121.81,0.54,25.5,0.01,0.02,2319.026225,1776197253000
1776197254.476,154.476,0.49,10.0,0.48,55.0,0.51,22.99,0.52,30.0,0.5,7.9,0.49,25.09,0.52,55.0,0.53,64.81,0.02,0.02,2319.026225,1776197253000
1776197254.841,154.841,0.49,78.07,0.48,25.5,0.51,33.49,0.52,40.5,0.49,33.49,0.48,40.5,0.51,78.07,0.52,25.5,0.02,0.02,2319.079194,1776197254000
1776197255.247,155.247,0.5,93.0,0.49,28.07,0.51,36.52,0.52,40.5,0.49,43.49,0.48,40.5,0.5,43.0,0.51,28.07,0.01,0.01,2319.079194,1776197254000
1776197255.482,155.482,0.5,90.98,0.49,28.07,0.51,36.52,0.52,40.5,0.49,36.52,0.48,40.5,0.5,93.0,0.51,28.07,0.01,0.01,2319.079194,1776197254000
1776197255.796,155.796,0.5,90.98,0.49,28.07,0.51,36.52,0.52,40.5,0.49,36.52,0.48,40.5,0.5,90.98,0.51,28.07,0.01,0.01,2319.102755,1776197255000
1776197256.845,156.845,0.5,71.06,0.49,38.57,0.51,34.55,0.52,40.5,0.49,34.55,0.48,40.5,0.5,71.06,0.51,38.57,0.01,0.01,2319.1388,1776197256000
1776197257.842,157.842,0.5,119.98,0.49,43.57,0.51,24.05,0.52,30.5,0.49,34.55,0.48,40.5,0.5,71.06,0.51,38.57,0.01,0.01,2319.1388,1776197256000
1776197258.147,158.147,0.5,64.52,0.49,43.57,0.51,39.55,0.52,30.5,0.49,24.05,0.48,30.5,0.5,119.98,0.51,43.57,0.01,0.01,2319.23546,1776197257000
1776197258.874,158.874,0.5,64.52,0.49,43.57,0.51,37.58,0.52,30.5,0.49,37.58,0.48,30.5,0.5,64.52,0.51,43.57,0.01,0.01,2319.24725,1776197258000
1776197259.913,159.913,0.5,64.52,0.49,43.57,0.51,37.58,0.52,30.5,0.49,37.58,0.48,30.5,0.5,64.52,0.51,43.57,0.01,0.01,2319.260095,1776197259000
1776197260.908,160.908,0.49,95.24,0.48,30.5,0.5,20.5,0.51,35.5,0.5,20.5,0.49,35.5,0.51,95.24,0.52,30.5,0.01,0.01,2319.26382,1776197260000
1776197261.895,161.895,0.49,61.06,0.48,30.5,0.5,20.5,0.51,35.5,0.5,20.5,0.49,35.5,0.51,61.06,0.52,30.5,0.01,0.01,2319.216405,1776197261000
1776197262.15,162.15,0.49,34.9,0.48,5.0,0.51,35.5,0.52,25.5,0.5,10.0,0.49,35.5,0.56,23.25,0.57,47.7,0.02,0.06,2319.216405,1776197261000
1776197262.421,162.421,0.5,7.0,0.49,85.9,0.51,35.5,0.52,25.5,0.49,35.5,0.48,25.5,0.51,34.9,0.52,5.0,0.01,0.02,2319.216405,1776197261000
1776197263.471,163.471,0.5,7.0,0.49,85.9,0.51,35.5,0.52,25.5,0.49,35.5,0.48,25.5,0.5,7.0,0.51,85.9,0.01,0.01,2319.20383,1776197262000
1776197264.023,164.023,0.5,31.0,0.49,40.0,0.51,27.83,0.52,30.5,0.49,27.83,0.48,30.5,0.5,31.0,0.51,40.0,0.01,0.01,2319.20383,1776197263000
1776197264.504,164.504,0.51,31.0,0.5,45.0,0.52,15.5,0.53,30.0,0.49,27.83,0.48,30.5,0.5,31.0,0.51,40.0,0.01,0.01,2319.20383,1776197263000
1776197264.946,164.946,0.51,53.91,0.5,45.0,0.52,5.5,0.53,30.0,0.48,15.5,0.47,30.0,0.49,31.0,0.5,45.0,0.01,0.01,2319.20383,1776197263000
1776197265.152,165.152,0.51,49.54,0.5,50.0,0.53,40.5,0.54,15.0,0.48,5.5,0.47,30.0,0.49,53.91,0.5,45.0,0.02,0.01,2319.20383,1776197263000
1776197265.466,165.466,0.51,277.54,0.5,51.0,0.53,3.07,0.55,5.0,0.48,8.07,0.47,25.0,0.49,49.54,0.5,50.0,0.02,0.01,2319.25938,1776197264000
1776197265.723,165.723,0.56,6.85,0.55,177.0,0.6,38.0,0.61,15.0,0.44,3.15,0.4,38.0,0.45,75.0,0.46,59.25,0.04,0.01,2319.25938,1776197264000
1776197266.201,166.201,0.58,181.0,0.57,20.0,0.59,24.5,0.6,37.49,0.4,27.49,0.39,15.0,0.42,176.0,0.43,20.0,0.01,0.02,2319.25938,1776197264000
1776197266.889,166.889,0.58,193.0,0.57,20.0,0.6,35.73,0.61,15.0,0.41,22.8,0.4,37.49,0.42,171.0,0.43,20.0,0.02,0.01,2319.29307,1776197265000
1776197267.418,167.418,0.58,188.0,0.57,20.0,0.59,12.45,0.6,25.73,0.4,35.73,0.39,15.0,0.42,193.0,0.43,20.0,0.01,0.02,2319.32376,1776197266000
1776197267.707,167.707,0.58,160.0,0.57,20.0,0.59,13.22,0.6,35.73,0.41,12.45,0.4,25.73,0.42,188.0,0.43,20.0,0.01,0.01,2319.32376,1776197266000
1776197268.175,168.175,0.58,160.0,0.57,20.0,0.59,13.22,0.6,35.73,0.41,13.22,0.4,35.73,0.42,160.0,0.43,20.0,0.01,0.01,2319.75853,1776197267000
1776197268.445,168.445,0.59,131.0,0.58,55.0,0.6,14.06,0.61,15.0,0.41,13.22,0.4,35.73,0.42,160.0,0.43,20.0,0.01,0.01,2319.75853,1776197267000
1776197269.02,169.02,0.59,60.88,0.58,55.0,0.6,29.06,0.61,10.0,0.4,9.06,0.39,15.0,0.41,131.0,0.42,55.0,0.01,0.01,2319.75853,1776197267000
1776197269.769,169.769,0.59,100.88,0.58,65.0,0.6,8.56,0.62,25.0,0.4,29.06,0.39,10.0,0.41,60.88,0.42,55.0,0.01,0.01,2319.80745,1776197268000
1776197270.344,170.344,0.61,113.43,0.6,20.0,0.62,18.38,0.63,10.0,0.38,20.0,0.37,10.0,0.39,108.43,0.4,20.0,0.01,0.01,2319.80745,1776197268000
1776197270.966,170.966,0.61,113.43,0.6,20.0,0.62,18.38,0.63,10.0,0.38,18.38,0.37,10.0,0.39,113.43,0.4,20.0,0.01,0.01,2319.818745,1776197270000
1776197271.421,171.421,0.61,148.43,0.6,25.0,0.62,20.5,0.63,10.0,0.38,18.38,0.37,10.0,0.39,113.43,0.4,20.0,0.01,0.01,2319.818745,1776197270000
1776197272.209,172.209,0.61,148.43,0.6,25.0,0.62,20.5,0.63,10.0,0.38,20.5,0.37,10.0,0.39,148.43,0.4,25.0,0.01,0.01,2319.89259,1776197271000
1776197272.458,172.458,0.62,76.45,0.61,25.0,0.63,20.5,0.64,25.5,0.38,20.5,0.37,10.0,0.39,148.43,0.4,25.0,0.01,0.01,2319.89259,1776197271000
1776197272.659,172.659,0.62,121.45,0.61,25.0,0.65,18.82,0.66,81.86,0.37,20.5,0.36,25.5,0.38,76.45,0.39,25.0,0.03,0.01,2319.89259,1776197271000
1776197273.335,173.335,0.62,121.45,0.61,25.0,0.65,18.82,0.66,81.86,0.35,18.82,0.34,81.86,0.38,121.45,0.39,25.0,0.03,0.03,2319.90961,1776197272000
1776197273.71,173.71,0.56,6.85,0.51,50.0,0.63,20.0,0.64,71.86,0.35,18.82,0.34,81.86,0.38,121.45,0.39,25.0,0.07,0.03,2319.90961,1776197272000
1776197274.113,174.113,0.54,8.0,0.5,10.0,0.56,50.0,0.58,10.0,0.4,10.0,0.37,20.0,0.49,45.67,0.5,15.0,0.02,0.09,2319.992025,1776197273000
1776197274.464,174.464,0.54,13.0,0.5,10.0,0.55,15.6,0.56,116.21,0.44,48.21,0.43,5.0,0.46,13.0,0.5,15.0,0.01,0.02,2319.992025,1776197273000
1776197275.281,175.281,0.54,13.0,0.5,10.0,0.55,15.6,0.56,116.21,0.45,15.6,0.44,116.21,0.46,13.0,0.5,10.0,0.01,0.01,2319.59689,1776197274000
1776197275.933,175.933,0.54,13.0,0.5,10.0,0.55,15.6,0.56,116.21,0.45,15.6,0.44,116.21,0.46,13.0,0.5,10.0,0.01,0.01,2319.512405,1776197275000
1776197277.111,177.111,0.51,15.0,0.5,30.5,0.53,18.0,0.54,10.0,0.47,18.0,0.46,10.0,0.49,15.0,0.5,30.5,0.02,0.02,2319.442905,1776197276000
1776197277.858,177.858,0.51,31.5,0.5,44.5,0.52,48.0,0.53,25.0,0.47,18.0,0.46,10.0,0.49,15.0,0.5,30.5,0.01,0.02,2319.442905,1776197276000
1776197278.342,178.342,0.53,5.0,0.52,96.5,0.55,10.13,0.56,34.26,0.48,43.0,0.47,25.0,0.49,36.5,0.5,44.5,0.02,0.01,2319.442905,1776197276000
1776197278.567,178.567,0.55,5.0,0.54,30.5,0.57,25.5,0.58,20.0,0.45,10.13,0.44,34.26,0.47,5.0,0.48,96.5,0.02,0.02,2319.442905,1776197276000
1776197278.879,178.879,0.55,5.0,0.54,30.5,0.57,25.5,0.58,20.0,0.43,25.5,0.42,20.0,0.45,5.0,0.46,30.5,0.02,0.02,2319.4084,1776197277000
1776197279.521,179.521,0.54,25.0,0.53,20.0,0.56,25.5,0.57,25.5,0.44,25.5,0.43,25.5,0.46,25.0,0.47,20.0,0.02,0.02,2319.41905,1776197278000
1776197280.161,180.161,0.54,25.0,0.53,20.0,0.56,25.5,0.57,25.5,0.44,25.5,0.43,25.5,0.46,25.0,0.47,20.0,0.02,0.02,2319.43806,1776197279000
1776197280.774,180.774,0.55,39.27,0.54,73.5,0.56,10.0,0.57,20.5,0.44,25.5,0.43,25.5,0.46,25.0,0.47,20.0,0.01,0.02,2319.43806,1776197279000
1776197281.101,181.101,0.57,5.0,0.55,174.5,0.58,10.5,0.59,62.76,0.44,10.0,0.43,20.5,0.45,39.27,0.46,73.5,0.01,0.01,2319.43806,1776197279000
1776197281.68,181.68,0.57,169.2,0.56,25.5,0.58,15.0,0.59,59.26,0.42,10.5,0.41,53.76,0.43,5.0,0.45,174.5,0.01,0.01,2319.51753,1776197280000
1776197282.077,182.077,0.57,171.1,0.56,35.5,0.59,38.76,0.6,10.0,0.42,15.0,0.41,59.26,0.43,161.1,0.44,25.5,0.02,0.01,2319.51753,1776197280000
1776197282.386,182.386,0.58,151.0,0.57,55.1,0.59,11.9,0.6,10.0,0.41,18.91,0.4,20.0,0.42,131.0,0.43,45.1,0.01,0.01,2319.51753,1776197280000
1776197282.646,182.646,0.59,31.0,0.58,30.0,0.6,8.33,0.61,5.0,0.4,10.0,0.39,5.0,0.42,51.0,0.43,60.1,0.01,0.02,2319.515265,1776197281000
1776197283.114,183.114,0.59,31.0,0.58,30.0,0.6,8.33,0.61,5.0,0.4,8.33,0.39,5.0,0.41,31.0,0.42,30.0,0.01,0.01,2319.65944,1776197282000
1776197283.434,183.434,0.6,184.0,0.59,63.5,0.62,8.91,0.63,15.5,0.4,8.33,0.39,5.0,0.41,31.0,0.42,30.0,0.02,0.01,2319.65944,1776197282000
1776197284.4,184.4,0.6,184.0,0.59,63.5,0.62,8.91,0.63,15.5,0.38,8.91,0.37,15.5,0.4,184.0,0.41,63.5,0.02,0.02,2319.77942,1776197283000
1776197285.131,185.131,0.61,148.48,0.6,68.5,0.62,15.0,0.63,15.5,0.38,15.0,0.37,15.5,0.39,148.5,0.4,68.5,0.01,0.01,2319.77942,1776197283000
1776197285.525,185.525,0.61,148.48,0.6,68.5,0.62,15.0,0.63,15.5,0.38,15.0,0.37,15.5,0.39,148.48,0.4,68.5,0.01,0.01,2319.97205,1776197284000
1776197286.065,186.065,0.61,188.48,0.6,63.5,0.65,8.45,0.66,11.0,0.38,15.0,0.37,15.5,0.39,148.48,0.4,68.5,0.04,0.01,2319.97205,1776197284000
1776197286.867,186.867,0.65,122.5,0.64,72.5,0.66,5.0,0.67,15.5,0.34,9.46,0.3,37.1,0.36,7.81,0.37,11.0,0.01,0.02,2319.97205,1776197285000
1776197287.302,187.302,0.65,181.2,0.64,72.5,0.67,24.05,0.68,20.0,0.33,24.05,0.32,20.0,0.35,181.2,0.36,72.5,0.02,0.02,2319.98747,1776197286000
1776197288.119,188.119,0.66,88.05,0.65,35.5,0.67,19.05,0.68,15.0,0.33,24.05,0.32,20.0,0.35,181.2,0.36,72.5,0.01,0.02,2319.98747,1776197286000
1776197288.536,188.536,0.66,88.05,0.65,35.5,0.67,19.05,0.68,15.0,0.33,19.05,0.32,15.0,0.34,88.05,0.35,35.5,0.01,0.01,2320.11947,1776197287000
1776197289.081,189.081,0.66,88.05,0.65,35.5,0.67,19.05,0.68,15.0,0.33,19.05,0.32,15.0,0.34,88.05,0.35,35.5,0.01,0.01,2320.11973,1776197288000
1776197289.411,189.411,0.66,124.05,0.65,70.99,0.68,23.47,0.69,26.0,0.33,14.05,0.32,31.13,0.34,119.05,0.35,70.99,0.02,0.01,2320.11973,1776197288000
1776197290.203,190.203,0.68,39.13,0.67,15.0,0.69,37.63,0.7,89.1,0.31,26.0,0.3,82.1,0.32,5.38,0.33,45.0,0.01,0.01,2320.11973,1776197288000
1776197290.589,190.589,0.66,86.0,0.65,14.77,0.68,20.5,0.69,25.5,0.31,37.63,0.3,89.1,0.35,14.77,0.36,31.5,0.02,0.04,2320.127175,1776197289000
1776197291.337,191.337,0.66,86.0,0.65,14.77,0.68,20.5,0.69,25.5,0.32,20.5,0.31,25.5,0.34,86.0,0.35,14.77,0.02,0.02,2320.129304,1776197290000
1776197291.886,191.886,0.66,83.05,0.65,19.77,0.68,30.5,0.69,25.5,0.32,30.5,0.31,25.5,0.34,83.05,0.35,19.77,0.02,0.02,2320.11742,1776197291000
1776197292.134,192.134,0.66,74.07,0.65,97.65,0.67,10.0,0.68,30.5,0.33,10.0,0.32,25.5,0.34,80.07,0.35,97.65,0.01,0.01,2320.11742,1776197291000
1776197292.763,192.763,0.66,76.0,0.65,108.15,0.67,2.88,0.68,30.5,0.33,10.0,0.32,30.5,0.35,97.65,0.36,20.5,0.01,0.02,2320.11742,1776197291000
1776197293.027,193.027,0.66,76.0,0.65,108.15,0.67,2.88,0.68,30.5,0.33,2.88,0.32,30.5,0.34,76.0,0.35,108.15,0.01,0.01,2320.0896,1776197292000
1776197293.322,193.322,0.67,48.05,0.66,10.0,0.68,25.5,0.69,30.5,0.33,2.88,0.32,30.5,0.34,76.0,0.35,108.15,0.01,0.01,2320.0896,1776197292000
1776197293.73,193.73,0.67,30.42,0.66,15.0,0.68,35.5,0.69,25.5,0.32,25.5,0.31,30.5,0.33,48.05,0.34,10.0,0.01,0.01,2320.0896,1776197292000
1776197294.472,194.472,0.67,35.42,0.66,15.0,0.68,21.0,0.69,25.5,0.32,35.5,0.31,25.5,0.33,30.42,0.34,15.0,0.01,0.01,2320.0896,1776197292000
1776197294.991,194.991,0.67,0.42,0.66,10.0,0.68,10.0,0.69,5.0,0.32,16.0,0.31,25.5,0.33,15.42,0.34,15.0,0.01,0.01,2320.06753,1776197293000
1776197295.325,195.325,0.66,15.0,0.65,98.15,0.68,15.0,0.69,15.0,0.32,10.0,0.31,5.0,0.33,0.42,0.34,10.0,0.02,0.01,2320.06757,1776197294000
1776197295.637,195.637,0.67,56.96,0.66,25.5,0.68,5.0,0.69,15.0,0.32,15.0,0.31,15.0,0.34,15.0,0.35,98.15,0.01,0.02,2320.06757,1776197294000
1776197295.89,195.89,0.67,39.17,0.66,15.0,0.69,15.0,0.7,69.6,0.32,5.0,0.31,15.0,0.33,39.17,0.34,25.5,0.02,0.01,2320.06757,1776197294000
1776197296.16,196.16,0.66,10.91,0.65,98.15,0.68,25.0,0.69,15.0,0.31,13.02,0.3,74.6,0.33,0.17,0.34,15.0,0.02,0.02,2320.06757,1776197294000
1776197297.275,197.275,0.66,10.91,0.65,98.15,0.68,25.0,0.69,15.0,0.32,25.0,0.31,15.0,0.34,10.91,0.35,98.15,0.02,0.02,2320.09127,1776197296000
1776197297.518,197.518,0.62,13.44,0.59,10.0,0.65,153.99,0.66,47.0,0.32,25.0,0.31,15.0,0.34,10.91,0.35,98.15,0.03,0.02,2320.09127,1776197296000
1776197297.887,197.887,0.62,2.07,0.61,10.5,0.63,72.0,0.64,21.0,0.37,42.0,0.36,21.0,0.38,12.34,0.39,10.5,0.01,0.01,2320.09127,1776197296000
1776197298.717,198.717,0.62,2.07,0.61,10.5,0.63,47.14,0.64,26.0,0.37,47.14,0.36,26.0,0.38,2.07,0.39,10.5,0.01,0.01,2320.086535,1776197297000
1776197299.072,199.072,0.61,25.5,0.6,90.68,0.62,45.16,0.63,37.14,0.37,47.14,0.36,26.0,0.38,2.07,0.39,10.5,0.01,0.01,2320.086535,1776197297000
1776197299.274,199.274,0.61,25.5,0.6,90.68,0.62,45.16,0.63,37.14,0.38,45.16,0.37,37.14,0.39,25.5,0.4,90.68,0.01,0.01,2319.995972,1776197298000
1776197300.061,200.061,0.61,35.5,0.6,90.68,0.62,27.16,0.63,42.14,0.38,45.16,0.37,37.14,0.39,25.5,0.4,90.68,0.01,0.01,2319.995972,1776197298000
1776197300.599,200.599,0.54,5.0,0.53,5.0,0.56,30.0,0.57,26.62,0.38,13.16,0.37,42.14,0.39,40.5,0.4,90.68,0.02,0.01,2319.995972,1776197298000
1776197300.801,200.801,0.52,4.11,0.51,65.0,0.54,10.0,0.55,15.0,0.45,20.0,0.44,30.0,0.47,4.27,0.48,5.0,0.02,0.02,2319.848577,1776197299000
1776197301.351,201.351,0.42,10.0,0.41,65.01,0.54,15.0,0.55,25.0,0.46,10.0,0.45,15.0,0.47,25.5,0.48,4.11,0.12,0.01,2319.848577,1776197299000
1776197301.678,201.678,0.46,100.5,0.45,25.5,0.47,5.0,0.48,15.0,0.49,8.03,0.48,10.0,0.56,10.5,0.57,10.5,0.01,0.07,2319.8399,1776197300000
1776197302.026,202.026,0.47,10.5,0.46,72.5,0.49,4.28,0.5,10.0,0.51,4.28,0.5,10.0,0.53,10.5,0.54,72.5,0.02,0.02,2319.853943,1776197301000
1776197302.335,202.335,0.48,13.57,0.47,75.96,0.49,4.28,0.5,10.0,0.51,4.28,0.5,10.0,0.53,10.5,0.54,72.5,0.01,0.02,2319.853943,1776197301000
1776197302.822,202.822,0.48,23.57,0.47,70.96,0.49,2.23,0.5,10.0,0.51,4.28,0.5,10.0,0.52,13.57,0.53,75.96,0.01,0.01,2319.853943,1776197301000
1776197303.16,203.16,0.48,4.2,0.47,70.96,0.49,2.23,0.5,10.0,0.51,2.23,0.5,10.0,0.52,4.2,0.53,70.96,0.01,0.01,2319.65856,1776197302000
1776197303.888,203.888,0.47,70.96,0.46,10.5,0.49,2.23,0.5,10.0,0.51,2.23,0.5,10.0,0.52,4.2,0.53,70.96,0.02,0.01,2319.65856,1776197302000
1776197304.301,204.301,0.47,70.96,0.46,10.5,0.5,8.18,0.51,8.03,0.5,8.18,0.49,58.03,0.53,70.96,0.54,10.5,0.03,0.03,2319.400981,1776197303000
1776197305.595,205.595,0.47,70.96,0.46,10.5,0.5,8.18,0.51,8.03,0.5,8.18,0.49,58.03,0.53,70.96,0.54,10.5,0.03,0.03,2319.345094,1776197304000
1776197305.878,205.878,0.47,86.82,0.46,10.5,0.48,25.0,0.49,10.0,0.52,25.0,0.51,10.0,0.53,78.73,0.54,15.5,0.01,0.01,2319.345094,1776197304000
1776197306.167,206.167,0.47,86.82,0.46,10.5,0.48,25.0,0.49,10.0,0.52,25.0,0.51,10.0,0.53,86.82,0.54,10.5,0.01,0.01,2319.342844,1776197305000
1776197306.923,206.923,0.44,10.5,0.43,10.5,0.48,28.0,0.49,50.0,0.52,25.0,0.51,10.0,0.53,86.82,0.54,10.5,0.04,0.01,2319.342844,1776197305000
1776197307.294,207.294,0.38,11.74,0.37,10.0,0.44,10.0,0.45,10.0,0.56,10.0,0.55,10.0,0.62,11.74,0.63,10.0,0.06,0.06,2319.302088,1776197306000
1776197308.057,208.057,0.39,44.5,0.38,66.71,0.4,6.47,0.41,15.0,0.6,16.47,0.59,10.0,0.61,34.5,0.62,66.71,0.01,0.01,2319.302088,1776197306000
1776197308.555,208.555,0.39,30.5,0.38,66.71,0.41,5.47,0.42,10.0,0.59,5.47,0.58,10.0,0.61,30.5,0.62,66.71,0.02,0.02,2319.244469,1776197307000
1776197309.327,209.327,0.4,1.35,0.39,15.5,0.41,20.47,0.42,10.0,0.59,15.47,0.58,10.0,0.6,15.5,0.61,35.5,0.01,0.01,2319.244469,1776197307000
1776197309.551,209.551,0.4,1.35,0.39,15.5,0.41,20.47,0.42,10.0,0.59,20.47,0.58,10.0,0.6,1.35,0.61,15.5,0.01,0.01,2319.142106,1776197308000
1776197310.407,210.407,0.4,9.76,0.39,25.5,0.41,20.47,0.42,10.0,0.59,20.47,0.58,10.0,0.6,9.76,0.61,25.5,0.01,0.01,2319.134446,1776197309000
1776197311.114,211.114,0.4,93.65,0.39,25.5,0.41,15.47,0.42,10.0,0.59,15.47,0.58,10.0,0.6,93.65,0.61,25.5,0.01,0.01,2319.120056,1776197310000
1776197311.773,211.773,0.42,30.5,0.41,25.5,0.43,5.0,0.45,15.0,0.57,10.0,0.55,15.0,0.6,103.65,0.61,25.5,0.01,0.03,2319.120056,1776197310000
1776197312.516,212.516,0.44,15.0,0.43,5.0,0.45,7.0,0.46,77.0,0.55,15.0,0.54,77.0,0.6,84.65,0.61,10.0,0.01,0.05,2319.120056,1776197310000
1776197312.851,212.851,0.44,15.0,0.43,5.0,0.45,7.0,0.46,77.0,0.55,7.0,0.54,77.0,0.56,15.0,0.57,5.0,0.01,0.01,2319.134696,1776197311000
1776197313.672,213.672,0.44,15.0,0.43,5.0,0.45,7.0,0.46,77.0,0.55,7.0,0.54,77.0,0.56,15.0,0.57,5.0,0.01,0.01,2319.125896,1776197312000
1776197313.911,213.911,0.44,15.0,0.43,5.0,0.45,10.0,0.46,82.0,0.55,7.0,0.54,77.0,0.56,15.0,0.57,5.0,0.01,0.01,2319.125896,1776197312000
1776197314.212,214.212,0.4,81.78,0.39,10.0,0.45,20.0,0.46,87.5,0.55,10.0,0.54,82.0,0.56,15.0,0.57,5.0,0.05,0.01,2319.125896,1776197312000
1776197314.481,214.481,0.4,81.78,0.39,10.0,0.45,20.0,0.46,87.5,0.55,20.0,0.54,87.5,0.6,81.78,0.61,10.0,0.05,0.05,2319.137251,1776197313000
1776197314.734,214.734,0.41,15.5,0.4,76.78,0.43,10.0,0.44,10.0,0.58,27.0,0.56,10.0,0.59,15.0,0.6,86.78,0.02,0.01,2319.137251,1776197313000
1776197315.192,215.192,0.4,64.78,0.39,15.5,0.41,10.0,0.42,5.0,0.58,5.0,0.57,10.0,0.6,76.78,0.61,10.5,0.01,0.02,2319.137251,1776197313000
1776197315.675,215.675,0.4,30.63,0.39,25.5,0.41,12.61,0.42,10.0,0.59,7.61,0.58,10.0,0.6,59.78,0.61,25.5,0.01,0.01,2319.129056,1776197314000
1776197316.601,216.601,0.4,30.63,0.39,25.5,0.41,12.61,0.42,10.0,0.59,12.61,0.58,10.0,0.6,30.63,0.61,25.5,0.01,0.01,2319.127872,1776197315000
1776197316.985,216.985,0.4,20.83,0.39,15.0,0.41,4.37,0.42,10.0,0.59,12.61,0.58,10.0,0.6,30.63,0.61,25.5,0.01,0.01,2319.127872,1776197315000
1776197317.342,217.342,0.4,20.83,0.39,15.0,0.43,1.16,0.44,25.5,0.57,1.16,0.56,25.5,0.6,20.83,0.61,15.0,0.03,0.03,2319.13182,1776197316000
1776197317.904,217.904,0.4,30.83,0.39,85.87,0.41,7.43,0.42,10.0,0.59,14.63,0.58,10.0,0.6,30.83,0.61,85.87,0.01,0.01,2319.13182,1776197316000
1776197318.669,218.669,0.4,1.83,0.34,10.0,0.41,131.5,0.42,30.5,0.59,7.43,0.58,10.0,0.6,30.83,0.61,85.87,0.01,0.01,2319.12921,1776197317000
1776197319.012,219.012,0.31,25.5,0.3,13.5,0.32,12.41,0.33,20.0,0.68,18.76,0.67,20.0,0.69,20.5,0.7,8.5,0.01,0.01,2319.12921,1776197317000
1776197319.415,219.415,0.31,19.5,0.3,13.5,0.32,4.68,0.33,20.0,0.68,4.68,0.67,20.0,0.69,19.5,0.7,13.5,0.01,0.01,2319.085274,1776197318000
1776197319.7,219.7,0.31,21.49,0.3,8.5,0.33,10.0,0.34,20.55,0.66,20.55,0.65,10.0,0.69,15.0,0.7,13.5,0.02,0.03,2319.085274,1776197318000
1776197320.144,220.144,0.32,15.0,0.31,87.24,0.33,2.14,0.34,15.0,0.64,57.06,0.63,26.0,0.69,26.49,0.7,8.5,0.01,0.05,2319.085274,1776197318000
1776197320.809,220.809,0.26,12.6,0.25,20.0,0.27,25.0,0.28,10.0,0.65,4.1,0.64,72.06,0.68,10.0,0.69,87.24,0.01,0.03,2318.995419,1776197319000
1776197321.105,221.105,0.26,12.74,0.25,121.3,0.27,27.14,0.28,10.0,0.73,27.14,0.72,10.0,0.74,12.5,0.75,20.0,0.01,0.01,2318.995419,1776197319000
1776197321.368,221.368,0.26,15.0,0.25,121.3,0.29,7.5,0.3,15.0,0.73,12.14,0.72,15.0,0.74,6.05,0.75,116.3,0.03,0.01,2318.995419,1776197319000
1776197321.79,221.79,0.26,15.0,0.25,121.3,0.29,7.5,0.3,15.0,0.71,7.5,0.7,15.0,0.74,15.0,0.75,121.3,0.03,0.03,2318.822526,1776197320000
1776197321.991,221.991,0.27,15.0,0.26,15.0,0.28,10.96,0.29,12.5,0.71,7.5,0.7,15.0,0.74,15.0,0.75,121.3,0.01,0.03,2318.822526,1776197320000
1776197322.425,222.425,0.28,8.56,0.27,15.0,0.3,11.31,0.31,72.1,0.7,11.31,0.69,72.1,0.73,20.0,0.74,15.0,0.02,0.03,2318.822526,1776197320000
1776197322.931,222.931,0.28,6.48,0.27,15.0,0.29,6.66,0.3,11.31,0.71,6.66,0.7,11.31,0.72,3.56,0.73,15.0,0.01,0.01,2318.791552,1776197321000
1776197323.356,223.356,0.28,1.41,0.27,15.0,0.29,6.66,0.3,11.31,0.71,6.66,0.7,11.31,0.72,1.41,0.73,15.0,0.01,0.01,2318.632361,1776197322000
1776197323.705,223.705,0.27,15.0,0.26,15.0,0.29,8.32,0.3,11.31,0.71,6.66,0.7,11.31,0.72,1.41,0.73,15.0,0.02,0.01,2318.632361,1776197322000
1776197323.913,223.913,0.27,20.0,0.26,15.0,0.3,10.15,0.31,72.1,0.71,8.32,0.7,11.31,0.73,15.0,0.74,15.0,0.03,0.02,2318.632361,1776197322000
1776197324.122,224.122,0.27,20.0,0.26,15.0,0.3,10.15,0.31,72.1,0.7,10.15,0.69,72.1,0.73,20.0,0.74,15.0,0.03,0.03,2318.6118,1776197323000
1776197324.33,224.33,0.27,20.0,0.26,15.0,0.3,15.15,0.31,72.1,0.7,10.15,0.69,72.1,0.73,20.0,0.74,15.0,0.03,0.03,2318.6118,1776197323000
1776197325.633,225.633,0.28,10.0,0.27,5.0,0.29,17.25,0.3,25.65,0.7,15.15,0.69,72.1,0.73,20.0,0.74,15.0,0.01,0.03,2318.6118,1776197323000
1776197325.861,225.861,0.27,5.0,0.25,10.0,0.29,20.5,0.3,25.65,0.71,20.18,0.7,25.65,0.72,10.0,0.73,5.0,0.02,0.01,2318.561349,1776197324000
1776197326.162,226.162,0.26,8.01,0.25,25.0,0.27,13.0,0.28,10.0,0.71,20.5,0.7,25.65,0.73,5.0,0.75,10.0,0.01,0.02,2318.561349,1776197324000
1776197326.422,226.422,0.27,10.89,0.26,18.01,0.28,5.0,0.29,10.0,0.73,13.0,0.72,10.0,0.74,8.01,0.75,25.0,0.01,0.01,2318.561349,1776197324000
1776197326.798,226.798,0.26,13.01,0.25,20.0,0.28,9.28,0.29,21.0,0.72,5.0,0.71,10.0,0.73,10.89,0.74,18.01,0.02,0.01,2318.54125,1776197325000
1776197327.11,227.11,0.26,10.0,0.25,10.0,0.28,14.42,0.29,31.5,0.72,9.28,0.71,21.0,0.74,13.01,0.75,20.0,0.02,0.02,2318.54125,1776197325000
1776197327.445,227.445,0.25,5.0,0.24,10.0,0.26,25.0,0.27,15.0,0.72,14.42,0.71,31.5,0.74,10.0,0.75,10.0,0.01,0.02,2318.542828,1776197326000
1776197327.729,227.729,0.25,15.0,0.24,15.0,0.27,12.21,0.28,4.28,0.73,15.0,0.72,14.78,0.75,10.0,0.76,46.0,0.02,0.02,2318.542828,1776197326000
1776197327.959,227.959,0.26,18.04,0.25,15.0,0.28,16.2,0.29,26.5,0.72,11.2,0.71,26.5,0.74,46.04,0.75,15.0,0.02,0.02,2318.542828,1776197326000
1776197328.895,228.895,0.26,18.04,0.25,15.0,0.28,16.2,0.29,26.5,0.72,16.2,0.71,26.5,0.74,18.04,0.75,15.0,0.02,0.02,2318.552415,1776197327000
1776197329.609,229.609,0.26,18.04,0.25,15.0,0.28,16.2,0.29,26.5,0.72,16.2,0.71,26.5,0.74,18.04,0.75,15.0,0.02,0.02,2318.524719,1776197328000
1776197329.941,229.941,0.25,15.0,0.24,15.0,0.26,11.0,0.27,20.5,0.72,16.2,0.71,26.5,0.74,18.04,0.75,15.0,0.01,0.02,2318.524719,1776197328000
1776197330.176,230.176,0.24,4.8,0.23,10.0,0.26,5.8,0.27,20.5,0.74,5.8,0.73,20.5,0.75,15.0,0.76,15.0,0.02,0.01,2318.524719,1776197328000
1776197330.583,230.583,0.2,27.5,0.19,23.4,0.23,10.0,0.24,25.5,0.74,5.8,0.73,20.5,0.76,4.8,0.77,10.0,0.03,0.02,2318.516519,1776197329000
1776197330.792,230.792,0.13,30.47,0.12,54.19,0.21,120.73,0.22,65.5,0.79,120.73,0.78,65.5,0.8,5.0,0.85,6.0,0.08,0.01,2318.516519,1776197329000
1776197331.024,231.024,0.13,42.37,0.12,54.19,0.14,15.0,0.15,20.0,0.86,10.0,0.85,15.0,0.87,42.37,0.88,54.19,0.01,0.01,2318.516519,1776197329000
1776197331.225,231.225,0.13,27.59,0.12,59.19,0.14,15.0,0.15,20.0,0.86,20.0,0.85,20.0,0.87,29.66,0.88,59.19,0.01,0.01,2318.516519,1776197329000
1776197332.011,232.011,0.13,31.16,0.12,25.09,0.17,10.0,0.18,15.0,0.86,16.0,0.85,20.0,0.87,31.16,0.88,54.19,0.04,0.01,2318.511974,1776197330000
1776197332.327,232.327,0.14,6.94,0.13,7.76,0.15,10.0,0.16,25.0,0.83,10.0,0.82,15.0,0.87,31.16,0.88,25.09,0.01,0.04,2318.511974,1776197330000
1776197332.547,232.547,0.12,44.98,0.11,10.0,0.16,60.18,0.17,20.0,0.85,10.0,0.84,25.0,0.86,6.94,0.87,7.76,0.04,0.01,2318.2027,1776197331000
1776197332.864,232.864,0.12,5.51,0.07,15.0,0.13,80.65,0.14,35.5,0.87,13.15,0.86,10.0,0.88,33.51,0.91,54.0,0.01,0.01,2318.2027,1776197331000
1776197333.085,233.085,0.06,8.8,0.05,220.8,0.08,15.0,0.09,15.0,0.92,15.0,0.91,15.0,0.94,8.8,0.95,220.8,0.02,0.02,2318.102339,1776197332000
1776197333.327,233.327,0.07,10.0,0.06,30.94,0.08,8.75,0.09,11.11,0.91,11.11,0.9,77.5,0.94,14.11,0.95,220.8,0.01,0.03,2318.102339,1776197332000
1776197333.555,233.555,0.07,39.5,0.06,30.94,0.1,41.54,0.11,70.0,0.91,11.11,0.9,77.5,0.93,39.5,0.94,30.94,0.03,0.02,2318.102339,1776197332000
1776197333.827,233.827,0.07,9.18,0.06,217.52,0.09,21.0,0.1,27.36,0.9,27.36,0.89,70.0,0.92,4.56,0.93,27.5,0.02,0.02,2318.102339,1776197332000
1776197334.064,234.064,0.07,4.23,0.06,219.52,0.08,5.0,0.09,3.66,0.91,3.66,0.9,27.36,0.93,9.18,0.94,219.52,0.01,0.02,2318.102339,1776197332000
1776197334.405,234.405,0.07,10.0,0.06,227.42,0.08,6.37,0.09,26.16,0.92,5.0,0.91,15.66,0.94,195.42,0.95,220.8,0.01,0.02,2317.98269,1776197333000
1776197334.905,234.905,0.07,5.0,0.06,227.42,0.08,25.5,0.09,36.16,0.92,6.37,0.91,26.16,0.93,10.0,0.94,227.42,0.01,0.01,2317.98269,1776197333000
1776197335.142,235.142,0.07,1.77,0.06,227.42,0.08,25.5,0.09,36.16,0.92,25.5,0.91,36.16,0.93,5.0,0.94,227.42,0.01,0.01,2317.98269,1776197333000
1776197335.392,235.392,0.07,0.15,0.06,227.42,0.08,15.33,0.09,31.16,0.92,15.33,0.91,36.16,0.93,1.77,0.94,227.42,0.01,0.01,2317.444682,1776197334000
1776197335.85,235.85,0.06,222.57,0.05,151.0,0.08,15.33,0.09,31.16,0.92,15.33,0.91,31.16,0.93,0.15,0.94,227.42,0.02,0.01,2317.444682,1776197334000
1776197336.098,236.098,0.07,22.81,0.06,220.58,0.08,10.5,0.09,23.56,0.92,1.5,0.91,23.56,0.93,24.42,0.94,225.58,0.01,0.01,2317.444682,1776197334000
1776197336.438,236.438,0.07,21.63,0.06,220.58,0.08,15.5,0.09,23.56,0.92,15.5,0.91,23.56,0.93,21.63,0.94,220.58,0.01,0.01,2317.337575,1776197335000
1776197336.885,236.885,0.07,10.0,0.06,304.58,0.08,20.5,0.09,23.56,0.92,20.5,0.91,23.56,0.93,17.67,0.94,304.58,0.01,0.01,2317.337575,1776197335000
1776197337.191,237.191,0.07,10.0,0.06,304.58,0.08,20.5,0.09,23.56,0.92,20.5,0.91,23.56,0.93,10.0,0.94,304.58,0.01,0.01,2317.329034,1776197336000
1776197338.342,238.342,0.06,57.35,0.05,45.0,0.08,57.5,0.09,11.56,0.92,20.5,0.91,23.56,0.93,10.0,0.94,304.58,0.02,0.01,2317.329034,1776197336000
1776197338.614,238.614,0.06,5.0,0.05,194.89,0.07,35.5,0.08,25.5,0.92,57.5,0.91,11.56,0.94,57.35,0.95,45.0,0.01,0.02,2317.334221,1776197337000
1776197338.84,238.84,0.05,194.89,0.04,233.8,0.07,19.78,0.08,25.5,0.93,24.78,0.92,25.5,0.94,5.0,0.95,194.89,0.02,0.01,2317.334221,1776197337000
1776197339.342,239.342,0.05,157.25,0.04,233.8,0.06,13.76,0.07,39.78,0.93,24.78,0.92,25.5,0.95,142.25,0.96,233.8,0.01,0.02,2317.334221,1776197337000
1776197339.588,239.588,0.05,151.19,0.04,233.8,0.07,12.57,0.08,25.5,0.93,12.57,0.92,25.5,0.95,151.19,0.96,233.8,0.02,0.02,2317.334221,1776197338000
1776197340.333,240.333,0.05,151.19,0.04,233.8,0.07,12.57,0.08,25.5,0.93,12.57,0.92,25.5,0.95,151.19,0.96,233.8,0.02,0.02,2317.203257,1776197339000
1776197340.875,240.875,0.07,80.5,0.06,10.0,0.08,43.0,0.09,13.66,0.92,43.0,0.91,13.66,0.93,36.92,0.94,27.0,0.01,0.01,2317.203257,1776197339000
1776197341.087,241.087,0.07,52.7,0.06,10.0,0.08,43.0,0.09,13.66,0.92,43.0,0.91,13.66,0.93,63.7,0.94,10.0,0.01,0.01,2317.203257,1776197339000
1776197341.358,241.358,0.07,40.17,0.06,10.0,0.08,43.0,0.09,13.66,0.92,43.0,0.91,13.66,0.93,42.17,0.94,10.0,0.01,0.01,2317.203257,1776197339000
1776197341.636,241.636,0.07,40.17,0.06,10.0,0.08,43.0,0.09,13.66,0.92,43.0,0.91,13.66,0.93,40.17,0.94,10.0,0.01,0.01,2317.195475,1776197340000
1776197341.867,241.867,0.07,33.77,0.06,10.0,0.08,43.0,0.09,13.66,0.92,43.0,0.91,13.66,0.93,40.17,0.94,10.0,0.01,0.01,2317.195475,1776197340000
1776197342.352,242.352,0.07,27.16,0.06,10.0,0.08,43.0,0.09,13.66,0.92,43.0,0.91,13.66,0.93,27.16,0.94,10.0,0.01,0.01,2317.196303,1776197341000
1776197342.568,242.568,0.07,22.16,0.06,10.0,0.09,8.66,0.1,119.74,0.92,43.0,0.91,13.66,0.93,27.16,0.94,10.0,0.02,0.01,2317.196303,1776197341000
1776197342.947,242.947,0.07,12.16,0.06,10.0,0.08,32.0,0.09,87.65,0.91,8.66,0.9,119.74,0.93,17.16,0.94,10.0,0.01,0.02,2317.196303,1776197341000
1776197343.153,243.153,0.07,10.0,0.06,10.0,0.08,32.0,0.09,82.65,0.92,32.0,0.91,87.65,0.93,12.16,0.94,10.0,0.01,0.01,2317.196303,1776197342000
1776197343.659,243.659,0.06,8.88,0.05,146.19,0.08,133.99,0.09,45.65,0.92,37.0,0.91,87.65,0.93,2.0,0.94,10.0,0.02,0.01,2317.196303,1776197342000
1776197343.951,243.951,0.06,3.93,0.05,246.19,0.07,9.5,0.08,111.99,0.93,12.0,0.92,116.99,0.94,3.93,0.95,146.19,0.01,0.01,2317.196303,1776197342000
1776197344.269,244.269,0.05,245.57,0.04,379.0,0.06,16.71,0.07,9.5,0.94,6.71,0.93,9.5,0.95,246.19,0.96,379.0,0.01,0.01,2317.23865,1776197343000
1776197344.923,244.923,0.06,104.0,0.05,135.04,0.07,0.25,0.08,15.0,0.93,20.25,0.92,111.99,0.95,240.04,0.96,379.0,0.01,0.02,2317.23865,1776197343000
1776197345.207,245.207,0.08,19.0,0.06,104.0,0.09,97.65,0.1,55.75,0.91,97.65,0.9,55.75,0.92,19.0,0.94,104.0,0.01,0.01,2317.23895,1776197344000
1776197345.732,245.732,0.08,16.85,0.07,29.29,0.09,124.65,0.1,60.75,0.91,119.65,0.9,60.75,0.92,12.94,0.93,24.29,0.01,0.01,2317.23895,1776197344000
1776197346.11,246.11,0.07,16.03,0.06,10.0,0.08,16.0,0.09,115.65,0.91,132.65,0.9,60.75,0.93,10.98,0.94,10.0,0.01,0.02,2317.23895,1776197344000
1776197346.355,246.355,0.07,16.03,0.06,10.0,0.08,16.0,0.09,115.65,0.92,16.0,0.91,115.65,0.93,16.03,0.94,10.0,0.01,0.01,2317.2233,1776197345000
1776197346.827,246.827,0.07,15.98,0.06,10.0,0.08,21.0,0.09,120.65,0.92,16.0,0.91,115.65,0.93,16.03,0.94,10.0,0.01,0.01,2317.2233,1776197345000
1776197347.328,247.328,0.07,15.98,0.06,10.0,0.08,21.0,0.09,120.65,0.92,21.0,0.91,120.65,0.93,15.98,0.94,10.0,0.01,0.01,2317.271015,1776197346000
1776197347.553,247.553,0.07,10.11,0.06,74.0,0.09,12.0,0.1,7.75,0.92,21.0,0.91,120.65,0.93,15.98,0.94,10.0,0.02,0.01,2317.271015,1776197346000
1776197347.807,247.807,0.09,15.0,0.08,9.36,0.12,64.49,0.13,42.0,0.88,64.49,0.87,42.0,0.91,15.0,0.92,9.36,0.03,0.03,2317.274115,1776197347000
1776197348.397,248.397,0.1,43.0,0.09,41.0,0.11,158.08,0.12,109.49,0.88,64.49,0.87,42.0,0.91,15.0,0.92,9.36,0.01,0.03,2317.274115,1776197347000
1776197348.767,248.767,0.1,32.88,0.09,41.0,0.11,153.21,0.12,109.49,0.89,145.21,0.88,109.49,0.9,43.0,0.91,41.0,0.01,0.01,2317.274115,1776197347000
1776197349.023,249.023,0.1,37.88,0.09,41.0,0.11,149.11,0.12,109.49,0.89,153.21,0.88,109.49,0.9,32.88,0.91,41.0,0.01,0.01,2317.28724,1776197348000
1776197349.289,249.289,0.1,27.01,0.09,41.0,0.11,157.11,0.12,109.49,0.89,149.11,0.88,109.49,0.9,37.88,0.91,41.0,0.01,0.01,2317.28724,1776197348000
1776197349.6,249.6,0.09,29.8,0.08,9.36,0.11,162.11,0.12,121.49,0.89,157.11,0.88,109.49,0.9,27.01,0.91,41.0,0.02,0.01,2317.28724,1776197348000
1776197349.849,249.849,0.09,29.8,0.08,9.36,0.11,143.11,0.12,121.49,0.89,143.11,0.88,121.49,0.91,29.8,0.92,9.36,0.02,0.02,2317.62725,1776197349000
1776197350.211,250.211,0.09,25.09,0.08,22.36,0.1,3.85,0.11,138.11,0.9,3.85,0.89,168.11,0.91,34.8,0.92,9.36,0.01,0.01,2317.62725,1776197349000
1776197350.676,250.676,0.09,85.09,0.08,14.36,0.14,6.11,0.15,30.0,0.9,3.85,0.89,138.11,0.91,25.09,0.92,22.36,0.05,0.01,2317.62725,1776197349000
1776197350.917,250.917,0.13,8.43,0.12,10.0,0.15,8.0,0.17,32.0,0.86,6.11,0.85,30.0,0.91,85.09,0.92,14.36,0.02,0.05,2317.64845,1776197350000
1776197351.321,251.321,0.14,15.0,0.13,6.43,0.15,121.24,0.16,10.0,0.84,10.0,0.83,32.0,0.87,6.43,0.88,10.0,0.01,0.03,2317.64845,1776197350000
1776197351.564,251.564,0.13,1.14,0.12,20.0,0.15,54.29,0.16,17.0,0.85,50.96,0.84,17.0,0.87,1.14,0.88,20.0,0.02,0.02,2317.64845,1776197350000
1776197351.852,251.852,0.14,8.15,0.13,1.14,0.16,17.0,0.17,40.0,0.85,10.0,0.84,17.0,0.86,8.15,0.87,1.14,0.02,0.01,2317.64845,1776197350000
1776197352.102,252.102,0.14,8.15,0.13,1.14,0.16,1.0,0.17,50.0,0.84,6.89,0.83,50.0,0.86,13.15,0.87,1.14,0.02,0.02,2317.675045,1776197351000
1776197352.648,252.648,0.15,16.67,0.14,6.87,0.17,2.93,0.18,17.0,0.84,1.0,0.83,50.0,0.86,6.87,0.87,1.14,0.02,0.02,2317.675045,1776197351000
1776197352.974,252.974,0.16,11.52,0.15,16.67,0.18,12.04,0.19,60.0,0.82,12.04,0.81,50.0,0.84,8.3,0.85,16.67,0.02,0.02,2317.675045,1776197351000
1776197353.288,253.288,0.13,43.0,0.12,15.0,0.14,5.0,0.15,10.0,0.83,10.0,0.82,12.04,0.86,1.16,0.87,29.14,0.01,0.03,2317.746817,1776197352000
1776197353.534,253.534,0.14,10.0,0.13,29.69,0.16,28.83,0.17,10.0,0.83,10.0,0.82,12.04,0.87,29.69,0.88,15.0,0.02,0.04,2317.746817,1776197352000
1776197353.746,253.746,0.13,27.52,0.12,10.0,0.16,9.83,0.17,10.0,0.84,9.83,0.83,10.0,0.86,10.0,0.87,34.69,0.03,0.02,2317.746817,1776197352000
1776197353.996,253.996,0.13,27.52,0.12,10.0,0.16,9.83,0.17,10.0,0.84,9.83,0.83,10.0,0.87,27.52,0.88,10.0,0.03,0.03,2317.877302,1776197353000
1776197354.584,254.584,0.15,6.57,0.14,10.0,0.16,10.0,0.18,2.04,0.85,10.0,0.84,19.83,0.89,18.38,0.9,10.0,0.01,0.04,2317.877302,1776197353000
1776197354.835,254.835,0.16,8.77,0.15,2.88,0.18,10.0,0.19,47.0,0.82,10.0,0.81,47.0,0.85,2.88,0.86,20.0,0.02,0.03,2317.877302,1776197353000
1776197355.041,255.041,0.18,12.35,0.17,38.0,0.19,10.0,0.2,10.0,0.81,10.0,0.8,10.0,0.82,17.54,0.83,38.0,0.01,0.01,2317.877302,1776197353000
1776197355.28,255.28,0.18,10.57,0.17,38.0,0.19,116.24,0.2,10.0,0.81,116.24,0.8,10.0,0.82,2.35,0.83,38.0,0.01,0.01,2317.965805,1776197354000
1776197355.717,255.717,0.17,18.0,0.16,6.25,0.19,14.39,0.2,10.0,0.81,110.18,0.8,10.0,0.82,4.0,0.83,38.0,0.02,0.01,2317.965805,1776197354000
1776197356.068,256.068,0.17,17.37,0.16,6.25,0.18,10.0,0.19,14.39,0.82,10.0,0.81,14.39,0.83,17.37,0.84,6.25,0.01,0.01,2317.98312,1776197355000
1776197356.344,256.344,0.17,1.87,0.16,6.25,0.18,3.67,0.19,126.19,0.82,8.94,0.81,126.19,0.83,1.87,0.84,6.25,0.01,0.01,2317.98312,1776197355000
1776197356.587,256.587,0.15,18.5,0.14,40.0,0.17,1.17,0.18,37.81,0.83,10.0,0.82,37.81,0.85,18.5,0.86,40.0,0.02,0.02,2317.98312,1776197355000
1776197356.827,256.827,0.17,5.86,0.16,25.0,0.18,38.58,0.19,126.19,0.82,38.58,0.81,126.19,0.84,25.0,0.85,10.0,0.01,0.02,2317.98312,1776197355000
1776197357.044,257.044,0.17,4.13,0.16,25.0,0.19,104.32,0.2,10.0,0.81,104.32,0.8,10.0,0.83,4.13,0.84,25.0,0.02,0.02,2318.075125,1776197356000
1776197357.642,257.642,0.15,15.0,0.14,10.0,0.19,104.32,0.2,10.0,0.82,10.0,0.81,104.32,0.86,15.13,0.87,15.0,0.04,0.04,2318.075125,1776197356000
1776197358.19,258.19,0.15,16.7,0.14,63.0,0.16,10.0,0.17,10.0,0.81,104.32,0.8,10.0,0.85,15.0,0.86,10.0,0.01,0.04,2318.075125,1776197356000
1776197358.439,258.439,0.15,11.87,0.14,63.0,0.16,8.75,0.17,10.0,0.84,8.75,0.83,10.0,0.85,11.87,0.86,63.0,0.01,0.01,2318.14256,1776197357000
1776197358.735,258.735,0.15,4.51,0.14,63.0,0.16,8.75,0.17,10.0,0.84,8.75,0.83,10.0,0.85,14.28,0.86,63.0,0.01,0.01,2318.14256,1776197357000
1776197358.965,258.965,0.15,27.42,0.14,63.0,0.17,10.0,0.18,10.0,0.83,10.0,0.82,10.0,0.84,7.77,0.85,20.0,0.02,0.01,2318.14256,1776197357000
1776197359.5,259.5,0.15,21.95,0.14,10.0,0.17,10.0,0.18,106.29,0.83,10.0,0.82,10.0,0.85,26.13,0.86,10.0,0.02,0.02,2318.172855,1776197358000
1776197359.804,259.804,0.15,21.95,0.14,10.0,0.16,4.06,0.17,10.0,0.83,10.0,0.82,106.29,0.85,21.95,0.86,10.0,0.01,0.02,2318.172855,1776197358000
1776197360.04,260.04,0.16,0.2,0.15,16.95,0.18,106.29,0.19,10.0,0.82,106.29,0.81,10.0,0.85,16.95,0.86,10.0,0.02,0.03,2318.172855,1776197358000
1776197360.269,260.269,0.16,0.2,0.15,16.95,0.18,106.29,0.19,10.0,0.82,106.29,0.81,10.0,0.84,0.2,0.85,16.95,0.02,0.02,2318.19545,1776197359000
1776197360.794,260.794,0.15,15.06,0.14,10.0,0.17,13.74,0.18,106.29,0.82,106.29,0.81,10.0,0.84,0.2,0.85,16.95,0.02,0.02,2318.19545,1776197359000
1776197361.006,261.006,0.12,2.44,0.11,68.38,0.17,13.74,0.18,106.29,0.83,18.74,0.82,106.29,0.87,4.28,0.88,10.0,0.05,0.04,2318.19545,1776197359000
1776197361.395,261.395,0.12,2.44,0.11,68.38,0.17,13.74,0.18,106.29,0.83,13.74,0.82,106.29,0.88,2.44,0.89,68.38,0.05,0.05,2318.197395,1776197360000
1776197361.744,261.744,0.13,23.47,0.12,2.44,0.15,15.06,0.16,10.0,0.85,5.06,0.84,10.0,0.87,29.75,0.88,2.44,0.02,0.02,2318.197395,1776197360000
1776197361.952,261.952,0.13,23.47,0.12,2.44,0.15,15.06,0.16,10.0,0.85,15.06,0.84,10.0,0.87,23.47,0.88,2.44,0.02,0.02,2318.198785,1776197361000
1776197362.251,262.251,0.13,9.67,0.12,2.44,0.15,14.27,0.16,10.0,0.85,20.06,0.84,10.0,0.87,9.67,0.88,2.44,0.02,0.02,2318.198785,1776197361000
1776197362.611,262.611,0.13,15.0,0.12,2.44,0.16,10.0,0.17,10.0,0.86,5.0,0.85,10.0,0.87,13.52,0.88,2.44,0.03,0.01,2318.198785,1776197361000
1776197362.968,262.968,0.14,16.63,0.12,2.44,0.15,15.0,0.16,10.0,0.84,10.0,0.83,10.0,0.87,5.42,0.88,2.44,0.01,0.03,2318.198785,1776197361000
1776197363.317,263.317,0.11,23.99,0.1,15.0,0.15,15.0,0.16,10.0,0.85,15.0,0.84,10.0,0.86,20.36,0.88,2.44,0.04,0.01,2318.20203,1776197362000
1776197363.973,263.973,0.12,33.0,0.11,25.29,0.15,14.4,0.16,10.0,0.87,10.0,0.86,10.0,0.89,25.29,0.9,15.0,0.03,0.02,2318.20203,1776197362000
1776197364.179,264.179,0.13,17.97,0.12,10.0,0.14,137.05,0.15,14.4,0.85,14.4,0.84,10.0,0.88,33.0,0.89,25.29,0.01,0.03,2318.195825,1776197363000
1776197365.102,265.102,0.13,17.97,0.12,10.0,0.14,137.05,0.15,14.4,0.86,137.05,0.85,14.4,0.87,17.97,0.88,10.0,0.01,0.01,2318.1987,1776197364000
1776197365.716,265.716,0.14,69.0,0.13,10.0,0.16,29.12,0.17,8.0,0.86,137.05,0.85,14.4,0.87,17.97,0.88,10.0,0.02,0.01,2318.1987,1776197364000
1776197366.097,266.097,0.3,23.26,0.29,10.0,0.33,28.0,0.34,10.0,0.69,62.99,0.68,15.0,0.7,8.26,0.71,20.0,0.03,0.01,2318.1987,1776197364000
1776197366.324,266.324,0.34,2.42,0.33,10.0,0.35,64.9,0.36,29.0,0.67,5.0,0.65,64.9,0.71,0.87,0.72,10.0,0.01,0.04,2318.1987,1776197364000
1776197366.64,266.64,0.28,3.14,0.27,10.0,0.32,10.0,0.33,31.0,0.66,32.0,0.65,74.9,0.7,0.48,0.71,0.87,0.04,0.04,2318.188525,1776197365000
1776197366.92,266.92,0.29,25.83,0.28,8.14,0.3,10.0,0.31,9.06,0.7,8.88,0.69,9.06,0.72,52.14,0.73,10.0,0.01,0.02,2318.188525,1776197365000
1776197368.116,268.116,0.3,8.34,0.29,30.83,0.33,25.58,0.34,10.0,0.67,25.58,0.66,10.0,0.7,8.34,0.71,30.83,0.03,0.03,2318.3377,1776197367000
1776197368.675,268.675,0.3,17.0,0.29,10.0,0.31,6.77,0.32,20.0,0.69,10.0,0.68,20.0,0.7,48.63,0.71,28.0,0.01,0.01,2318.3377,1776197367000
1776197369.039,269.039,0.29,10.0,0.28,3.14,0.32,9.44,0.33,25.58,0.69,1.44,0.68,20.0,0.71,10.0,0.72,3.14,0.03,0.02,2318.3377,1776197367000
1776197370.115,270.115,0.4,15.0,0.39,10.0,0.45,6.2,0.46,10.0,0.69,10.0,0.68,9.44,0.71,36.87,0.72,3.14,0.05,0.02,2318.76396,1776197368000
1776197370.321,270.321,0.44,0.71,0.43,10.0,0.47,5.0,0.48,10.0,0.54,10.0,0.53,10.0,0.56,0.71,0.57,10.0,0.03,0.02,2318.81361,1776197369000
1776197370.778,270.778,0.45,5.15,0.44,0.71,0.47,5.0,0.48,10.0,0.53,5.0,0.52,10.0,0.54,34.88,0.55,10.0,0.02,0.01,2318.81361,1776197369000
1776197371.143,271.143,0.38,10.0,0.33,10.0,0.4,9.1,0.41,10.0,0.53,5.0,0.52,10.0,0.55,5.15,0.56,0.71,0.02,0.02,2318.81361,1776197369000
1776197371.372,271.372,0.38,9.91,0.34,10.0,0.39,10.0,0.4,20.0,0.59,8.12,0.58,10.0,0.62,10.0,0.67,10.0,0.01,0.03,2318.81361,1776197369000
1776197371.683,271.683,0.34,59.0,0.33,5.0,0.36,9.0,0.37,10.0,0.61,10.0,0.6,20.0,0.62,8.23,0.66,10.0,0.02,0.01,2318.811665,1776197370000
1776197371.94,271.94,0.32,10.0,0.26,70.0,0.35,15.0,0.36,5.88,0.64,5.88,0.63,10.0,0.66,10.0,0.68,10.0,0.03,0.02,2318.811665,1776197371000
1776197373.095,273.095,0.28,69.0,0.27,15.0,0.29,10.0,0.3,10.0,0.65,20.0,0.64,5.88,0.74,70.0,0.75,10.0,0.01,0.09,2318.811665,1776197371000
1776197373.475,273.475,0.28,13.48,0.27,15.0,0.3,10.0,0.31,10.0,0.71,5.0,0.7,10.0,0.72,68.89,0.73,15.0,0.02,0.01,2319.04186,1776197372000
1776197374.546,274.546,0.29,15.0,0.28,15.0,0.3,3.71,0.31,10.0,0.7,10.16,0.69,10.0,0.72,18.48,0.73,10.0,0.01,0.02,2319.04186,1776197372000
1776197375.015,275.015,0.29,12.0,0.28,15.0,0.3,15.0,0.31,10.0,0.7,3.71,0.69,10.0,0.71,15.0,0.72,15.0,0.01,0.01,2318.929214,1776197373000
1776197375.324,275.324,0.29,14.0,0.28,15.0,0.31,6.77,0.32,10.0,0.69,6.77,0.68,10.0,0.71,14.0,0.72,15.0,0.02,0.02,2318.907725,1776197374000
1776197375.962,275.962,0.29,14.0,0.28,15.0,0.31,6.77,0.32,10.0,0.69,6.77,0.68,10.0,0.71,14.0,0.72,15.0,0.02,0.02,2318.9075,1776197375000
1776197376.187,276.187,0.36,29.0,0.35,15.0,0.37,15.0,0.39,15.0,0.69,6.77,0.68,10.0,0.71,14.0,0.72,15.0,0.01,0.02,2318.9075,1776197375000
1776197376.547,276.547,0.45,9.56,0.44,15.0,0.46,12.0,0.47,14.0,0.54,12.0,0.53,73.68,0.55,8.18,0.56,10.0,0.01,0.01,2318.9075,1776197375000
1776197377.306,277.306,0.46,70.0,0.45,15.0,0.47,10.0,0.48,73.05,0.53,10.0,0.52,73.05,0.54,70.0,0.55,15.0,0.01,0.01,2318.921705,1776197376000
1776197377.624,277.624,0.46,55.0,0.45,5.0,0.47,18.55,0.48,22.63,0.53,10.0,0.52,73.05,0.54,70.0,0.55,15.0,0.01,0.01,2318.921705,1776197376000
1776197377.826,277.826,0.46,50.0,0.45,5.0,0.47,18.79,0.48,22.63,0.53,21.18,0.52,22.63,0.54,45.0,0.55,5.0,0.01,0.01,2318.921705,1776197376000
1776197378.046,278.046,0.46,50.0,0.45,5.0,0.47,18.79,0.48,22.63,0.53,18.79,0.52,22.63,0.54,50.0,0.55,5.0,0.01,0.01,2318.992677,1776197377000
1776197379.067,279.067,0.46,124.0,0.45,15.0,0.5,6.0,0.6,5.0,0.53,18.79,0.52,22.63,0.54,50.0,0.55,5.0,0.04,0.01,2318.992677,1776197377000
1776197379.308,279.308,0.71,40.0,0.7,20.0,0.74,17.3,0.76,50.0,0.28,30.0,0.27,5.0,0.44,40.0,0.45,95.66,0.03,0.16,2319.077615,1776197378000
1776197379.671,279.671,0.73,25.0,0.72,25.0,0.74,10.45,0.75,11.0,0.26,17.3,0.24,50.0,0.27,17.4,0.28,25.0,0.01,0.01,2319.077615,1776197378000
1776197379.917,279.917,0.73,8.07,0.72,10.0,0.75,10.0,0.76,55.0,0.25,5.0,0.24,50.0,0.26,10.0,0.27,10.0,0.02,0.01,2319.077615,1776197378000
1776197380.125,280.125,0.72,4.15,0.71,71.89,0.76,24.73,0.84,12.0,0.24,24.73,0.23,17.0,0.26,18.09,0.27,8.07,0.04,0.02,2319.077615,1776197378000
1776197380.326,280.326,0.84,10.0,0.83,10.0,0.85,7.5,0.91,50.0,0.12,35.73,0.09,50.0,0.25,11.92,0.26,15.0,0.01,0.13,2319.077615,1776197378000
1776197380.623,280.623,0.84,7.47,0.83,20.0,0.87,15.34,0.91,50.0,0.13,15.34,0.11,38.0,0.14,10.0,0.15,6.64,0.03,0.01,2319.0512,1776197379000
1776197380.852,280.852,0.87,2.3,0.86,10.0,0.88,22.0,0.89,18.63,0.12,22.0,0.11,18.63,0.17,6.05,0.18,10.0,0.01,0.05,2319.0512,1776197379000
1776197381.075,281.075,0.86,10.0,0.85,10.0,0.88,33.42,0.89,23.63,0.12,33.42,0.11,23.63,0.14,10.0,0.15,10.0,0.02,0.02,2319.462425,1776197380000
1776197381.28,281.28,0.85,9.9,0.84,10.0,0.87,25.0,0.88,33.42,0.12,33.42,0.11,23.63,0.14,10.0,0.15,10.0,0.02,0.02,2319.462425,1776197380000
1776197381.505,281.505,0.85,10.0,0.84,10.0,0.87,13.92,0.88,21.37,0.13,5.0,0.12,38.42,0.17,5.29,0.18,10.0,0.02,0.04,2319.462425,1776197380000
1776197381.811,281.811,0.85,10.0,0.84,10.0,0.87,4.79,0.88,21.37,0.13,9.79,0.12,21.37,0.15,10.0,0.16,10.0,0.02,0.02,2319.462425,1776197380000
1776197382.201,282.201,0.84,3.25,0.83,10.0,0.85,10.0,0.86,10.0,0.15,10.0,0.14,10.0,0.16,3.25,0.17,10.0,0.01,0.01,2319.640431,1776197381000
1776197382.433,282.433,0.84,10.0,0.83,10.0,0.85,7.64,0.86,10.0,0.15,10.0,0.14,10.0,0.16,3.25,0.17,10.0,0.01,0.01,2319.640431,1776197381000
1776197382.646,282.646,0.84,10.0,0.83,10.0,0.86,8.98,0.87,14.79,0.15,6.52,0.14,10.0,0.18,5.1,0.19,10.0,0.02,0.03,2319.640431,1776197381000
1776197383.077,283.077,0.84,5.62,0.83,10.0,0.87,4.79,0.88,8.41,0.14,8.98,0.13,14.79,0.16,10.0,0.17,10.0,0.03,0.02,2319.640431,1776197381000
1776197383.309,283.309,0.86,8.0,0.84,15.62,0.87,9.79,0.88,10.0,0.13,4.79,0.12,8.41,0.16,5.62,0.17,10.0,0.01,0.03,2319.640431,1776197381000
1776197383.959,283.959,0.86,13.0,0.85,25.0,0.87,12.9,0.88,10.0,0.13,12.92,0.12,10.0,0.14,8.0,0.15,10.0,0.01,0.01,2319.90447,1776197382000
1776197384.472,284.472,0.85,11.78,0.84,5.62,0.86,32.21,0.87,12.9,0.13,17.9,0.12,10.0,0.15,9.53,0.16,5.62,0.01,0.02,2319.90879,1776197383000
1776197385.258,285.258,0.85,11.78,0.84,5.62,0.86,32.21,0.87,12.9,0.14,32.21,0.13,12.9,0.15,11.78,0.16,5.62,0.01,0.01,2319.950745,1776197384000
1776197385.647,285.647,0.86,42.93,0.85,10.0,0.87,10.66,0.88,10.0,0.13,12.9,0.12,10.0,0.14,25.93,0.15,20.0,0.01,0.01,2319.950745,1776197384000
1776197386.054,286.054,0.84,10.0,0.83,7.26,0.87,0.28,0.88,10.0,0.13,10.0,0.12,10.0,0.17,7.26,0.18,10.0,0.03,0.04,2319.950745,1776197384000
1776197386.295,286.295,0.84,1.31,0.83,7.26,0.87,18.04,0.88,18.41,0.13,0.28,0.12,18.41,0.14,2.85,0.15,10.0,0.03,0.01,2319.950745,1776197384000
1776197386.863,286.863,0.84,3.31,0.83,10.0,0.85,16.73,0.86,17.21,0.14,17.21,0.13,12.38,0.18,5.73,0.19,90.0,0.01,0.04,2320.00013,1776197385000
1776197387.147,287.147,0.84,3.31,0.83,10.0,0.85,20.17,0.86,17.21,0.15,20.17,0.14,17.21,0.16,3.31,0.17,10.0,0.01,0.01,2320.00039,1776197386000
1776197387.784,287.784,0.82,45.73,0.81,60.0,0.85,21.73,0.86,17.21,0.15,20.17,0.14,17.21,0.16,3.31,0.17,10.0,0.03,0.01,2320.00039,1776197386000
1776197388.11,288.11,0.83,10.0,0.82,45.73,0.85,15.55,0.86,17.21,0.15,15.55,0.14,17.21,0.18,45.73,0.19,60.0,0.02,0.03,2320.00039,1776197386000
1776197388.331,288.331,0.83,10.0,0.82,15.73,0.88,10.0,0.89,8.1,0.12,10.0,0.11,8.1,0.17,10.0,0.18,15.73,0.05,0.05,2319.997765,1776197387000
1776197388.566,288.566,0.87,60.0,0.86,65.0,0.88,10.0,0.89,18.1,0.12,10.0,0.11,8.1,0.17,10.0,0.18,15.73,0.01,0.05,2319.997765,1776197387000
1776197389.092,289.092,0.87,50.92,0.86,65.0,0.89,9.78,0.9,10.0,0.11,9.78,0.1,10.0,0.13,50.92,0.14,65.0,0.02,0.02,2320.05888,1776197388000
1776197389.328,289.328,0.9,5.0,0.88,30.0,0.91,3.4,0.92,10.0,0.09,10.0,0.08,10.0,0.12,20.0,0.13,50.92,0.01,0.03,2320.05888,1776197388000
1776197389.757,289.757,0.9,10.0,0.89,10.0,0.91,16.22,0.92,0.31,0.08,0.31,0.07,26.0,0.1,5.0,0.12,30.0,0.01,0.02,2320.05888,1776197388000
1776197390.011,290.011,0.9,15.0,0.89,15.0,0.91,2.3,0.92,0.31,0.09,15.22,0.08,0.31,0.1,20.0,0.11,15.0,0.01,0.01,2320.05888,1776197388000
1776197390.425,290.425,0.91,17.0,0.9,176.42,0.92,20.0,0.93,24.42,0.06,14.88,0.05,30.82,0.1,20.0,0.11,15.0,0.01,0.04,2320.01557,1776197389000
1776197390.653,290.653,0.9,168.43,0.89,10.0,0.92,20.0,0.93,24.42,0.08,20.0,0.07,24.42,0.09,17.0,0.1,176.42,0.02,0.01,2320.01557,1776197389000
1776197391.033,291.033,0.9,168.43,0.89,10.0,0.92,17.66,0.93,24.42,0.08,18.75,0.07,24.42,0.09,5.0,0.1,168.43,0.02,0.01,2320.01557,1776197389000
1776197391.24,291.24,0.9,173.43,0.89,10.0,0.92,11.93,0.93,24.42,0.08,17.66,0.07,24.42,0.1,168.43,0.11,10.0,0.02,0.02,2320.01557,1776197389000
1776197391.715,291.715,0.91,10.0,0.9,12.01,0.93,24.38,0.94,4.88,0.08,11.49,0.07,24.42,0.09,10.0,0.1,12.01,0.02,0.01,2320.146487,1776197390000
1776197392.208,292.208,0.91,10.0,0.9,12.01,0.93,19.0,0.94,4.88,0.07,24.38,0.06,4.88,0.09,10.0,0.1,12.01,0.02,0.02,2320.146487,1776197390000
1776197392.693,292.693,0.93,16.0,0.92,10.0,0.95,22.51,0.96,35.0,0.06,4.88,0.05,30.82,0.09,10.0,0.1,12.01,0.02,0.03,2320.282845,1776197391000
1776197393.355,293.355,0.94,5.0,0.92,10.0,0.95,37.71,0.96,45.0,0.05,22.51,0.04,35.0,0.07,16.0,0.08,10.0,0.01,0.02,2320.282845,1776197391000
1776197393.614,293.614,0.94,5.0,0.92,10.0,0.96,45.0,0.97,101.09,0.05,27.44,0.04,45.0,0.06,5.0,0.08,10.0,0.02,0.01,2320.278,1776197392000
1776197393.899,293.899,0.93,23.0,0.92,20.0,0.98,139.93,0.99,1441.0,0.02,139.93,0.01,1441.0,0.07,23.0,0.08,20.0,0.05,0.05,2320.28077,1776197393000
1776197394.19,294.19,0.95,28.0,0.94,10.16,0.96,0.05,0.97,10.0,0.04,20.3,0.03,10.0,0.05,28.0,0.06,10.16,0.01,0.01,2320.28077,1776197393000
1776197394.445,294.445,0.96,10.0,0.95,38.0,0.98,100.66,0.99,1291.0,0.02,109.98,0.01,1291.0,0.05,33.0,0.06,10.16,0.02,0.03,2320.28077,1776197393000
1776197394.993,294.993,0.96,25.0,0.95,38.0,0.98,20.21,0.99,1286.0,0.02,20.21,0.01,1286.0,0.04,25.0,0.05,38.0,0.02,0.02,2320.269195,1776197394000
1776197395.304,295.304,0.97,10.69,0.96,160.0,0.98,7.03,0.99,1276.0,0.02,7.03,0.01,1276.0,0.04,160.0,0.05,38.0,0.01,0.02,2320.269195,1776197394000
1776197395.552,295.552,0.97,161.69,0.96,20.0,0.99,1229.96,,,0.02,3.96,0.01,1276.0,0.03,161.69,0.04,20.0,0.02,0.01,2320.269195,1776197394000
1776197395.941,295.941,0.98,157.0,0.97,22.69,0.99,1219.96,,,0.01,1219.96,,,0.02,157.0,0.03,22.69,0.01,0.01,2320.213885,1776197395000
1776197396.444,296.444,0.98,157.0,0.97,22.69,0.99,1307.46,,,0.01,1307.46,,,0.02,157.0,0.03,22.69,0.01,0.01,2320.213885,1776197395000
1776197396.659,296.659,0.98,157.0,0.97,22.69,0.99,1287.09,,,0.01,1292.14,,,0.02,157.0,0.03,22.69,0.01,0.01,2320.213885,1776197395000
1776197396.935,296.935,0.98,157.0,0.97,22.69,0.99,553.7,,,0.01,559.72,,,0.02,157.0,0.03,22.69,0.01,0.01,2320.213885,1776197395000
1776197397.231,297.231,0.98,162.0,0.97,22.69,0.99,547.67,,,0.01,549.7,,,0.02,162.0,0.03,22.69,0.01,0.01,2320.20009,1776197396000
1776197397.449,297.449,0.98,162.0,0.97,22.69,0.99,177.56,,,0.01,191.3,,,0.02,162.0,0.03,22.69,0.01,0.01,2320.20009,1776197396000
1776197397.662,297.662,0.99,547.0,0.98,10.0,,,,,,,,,0.02,162.0,0.03,17.69,,,2320.20009,1776197396000
1776197397.867,297.867,0.99,688.95,0.98,5.0,,,,,,,,,0.01,698.95,0.02,5.0,,,2320.20009,1776197396000
1776197398.322,298.322,0.99,844.54,0.98,5.0,,,,,,,,,0.01,729.54,0.02,5.0,,,2320.207925,1776197397000
1776197399.018,299.018,0.99,844.54,0.98,5.0,,,,,,,,,0.01,844.54,0.02,5.0,,,2320.203305,1776197398000
1776197400.047,300.047,0.99,8311.56,0.98,25.0,,,,,,,,,0.01,8311.56,0.02,25.0,,,2319.997455,1776197399000
1776197400.253,300.253,0.99,51167.26,0.98,15.0,,,,,,,,,0.01,8311.56,0.02,25.0,,,2319.997455,1776197399000
1776197401.063,301.063,0.99,51167.26,0.98,15.0,,,,,,,,,0.01,51167.26,0.02,15.0,,,2319.979615,1776197400000
1776197402.854,302.854,0.99,51167.26,0.98,15.0,,,,,,,,,0.01,51167.26,0.02,15.0,,,2319.93285,1776197401000

# RESULT,winner=Up,slug=eth-updown-5m-1776197100,ticks=628
