timestamp,elapsed_sec,up_bid_p1,up_bid_s1,up_bid_p2,up_bid_s2,up_ask_p1,up_ask_s1,up_ask_p2,up_ask_s2,down_bid_p1,down_bid_s1,down_bid_p2,down_bid_s2,down_ask_p1,down_ask_s1,down_ask_p2,down_ask_s2,up_spread,down_spread,eth_price,eth_oracle_ts
1776242411.39,11.39,0.49,85.53,0.48,88.65,0.5,15.5,0.51,35.8,0.5,50.5,0.49,35.8,0.51,65.03,0.52,70.0,0.01,0.01,2319.3943,1776236446000
1776242411.804,11.804,0.46,144.85,0.45,30.0,0.48,30.5,0.49,35.5,0.5,50.5,0.49,35.8,0.51,65.03,0.52,70.0,0.02,0.01,2319.3943,1776236446000
1776242412.169,12.169,0.46,137.44,0.45,25.0,0.48,65.5,0.49,50.5,0.52,30.5,0.51,35.5,0.54,144.85,0.55,30.0,0.02,0.02,2319.3943,1776236446000
1776242413.127,13.127,0.46,142.44,0.45,25.0,0.48,65.5,0.49,50.5,0.52,65.5,0.51,50.5,0.54,137.44,0.55,25.0,0.02,0.02,2319.3943,1776236446000
1776242414.524,14.524,0.46,147.44,0.45,15.0,0.47,5.0,0.48,70.5,0.52,65.5,0.51,50.5,0.54,142.44,0.55,25.0,0.01,0.02,2319.3943,1776236446000
1776242415.769,15.769,0.46,142.44,0.45,22.0,0.48,72.32,0.49,50.5,0.53,5.0,0.52,70.5,0.54,147.44,0.55,15.0,0.02,0.01,2319.3943,1776236446000
1776242416.722,16.722,0.46,133.18,0.45,22.0,0.47,14.0,0.48,74.32,0.52,72.32,0.51,50.5,0.54,142.44,0.55,22.0,0.01,0.02,2319.3943,1776236446000
1776242421.829,21.829,0.45,10.5,0.44,20.0,0.47,89.5,0.48,48.5,0.53,14.0,0.52,74.32,0.54,133.18,0.55,22.0,0.02,0.01,2319.3943,1776236446000
1776242422.188,22.188,0.45,17.36,0.44,20.0,0.46,45.0,0.47,79.5,0.53,89.5,0.52,48.5,0.55,10.5,0.56,20.0,0.01,0.02,2319.3943,1776236446000
1776242422.721,22.721,0.45,13.7,0.44,25.0,0.46,45.0,0.47,79.5,0.54,45.0,0.53,79.5,0.55,17.36,0.56,20.0,0.01,0.01,2319.3943,1776236446000
1776242423.572,23.572,0.44,25.5,0.43,20.0,0.46,94.0,0.47,79.5,0.54,45.0,0.53,79.5,0.55,13.7,0.56,25.0,0.02,0.01,2319.3943,1776236446000
1776242423.944,23.944,0.44,0.5,0.43,20.0,0.45,83.0,0.46,83.5,0.54,94.0,0.53,79.5,0.56,25.5,0.57,20.0,0.01,0.02,2319.3943,1776236446000
1776242424.878,24.878,0.43,33.57,0.42,27.0,0.45,65.0,0.46,83.5,0.55,83.0,0.54,83.5,0.56,0.5,0.57,20.0,0.02,0.01,2319.3943,1776236446000
1776242425.17,25.17,0.44,8.21,0.43,28.57,0.45,60.0,0.46,83.5,0.55,65.0,0.54,83.5,0.57,33.57,0.58,27.0,0.01,0.02,2319.3943,1776236446000
1776242426.932,26.932,0.44,0.71,0.43,28.57,0.45,65.0,0.46,60.0,0.55,60.0,0.54,83.5,0.56,8.21,0.57,28.57,0.01,0.01,2319.3943,1776236446000
1776242427.682,27.682,0.44,7.23,0.43,40.57,0.45,65.0,0.46,60.0,0.55,65.0,0.54,60.0,0.56,0.71,0.57,28.57,0.01,0.01,2319.3943,1776236446000
1776242428.059,28.059,0.43,38.9,0.42,96.0,0.45,60.0,0.46,60.0,0.55,65.0,0.54,60.0,0.56,7.23,0.57,40.57,0.02,0.01,2319.3943,1776236446000
1776242428.948,28.948,0.44,18.21,0.43,49.9,0.45,60.0,0.46,60.0,0.55,60.0,0.54,60.0,0.57,38.9,0.58,96.0,0.01,0.02,2319.3943,1776236446000
1776242429.595,29.595,0.44,18.08,0.43,49.9,0.45,65.0,0.46,60.0,0.55,60.0,0.54,60.0,0.56,18.21,0.57,49.9,0.01,0.01,2319.3943,1776236446000
1776242430.609,30.609,0.44,112.58,0.43,42.9,0.46,10.0,0.47,10.0,0.55,65.0,0.54,60.0,0.56,18.08,0.57,49.9,0.02,0.01,2319.3943,1776236446000
1776242430.996,30.996,0.45,65.0,0.44,37.58,0.47,10.0,0.48,25.5,0.54,10.0,0.53,10.0,0.56,112.58,0.57,42.9,0.02,0.02,2319.3943,1776236446000
1776242431.318,31.318,0.46,35.0,0.45,105.0,0.47,12.87,0.48,30.5,0.53,10.0,0.52,25.5,0.55,65.0,0.56,37.58,0.01,0.02,2319.3943,1776236446000
1776242436.601,36.601,0.46,18.14,0.45,180.0,0.47,73.37,0.48,30.5,0.53,12.87,0.52,30.5,0.54,35.0,0.55,105.0,0.01,0.01,2319.3943,1776236446000
1776242437.562,37.562,0.46,20.0,0.45,172.0,0.47,63.26,0.48,30.5,0.53,73.37,0.52,30.5,0.54,18.14,0.55,180.0,0.01,0.01,2319.3943,1776236446000
1776242438.29,38.29,0.46,20.0,0.45,352.0,0.47,52.62,0.48,30.5,0.53,63.26,0.52,30.5,0.54,20.0,0.55,172.0,0.01,0.01,2319.3943,1776236446000
1776242440.061,40.061,0.46,10.0,0.45,153.0,0.47,82.62,0.48,205.5,0.53,52.62,0.52,30.5,0.54,20.0,0.55,352.0,0.01,0.01,2319.3943,1776236446000
1776242440.292,40.292,0.45,145.0,0.44,31.0,0.47,77.62,0.48,205.5,0.53,82.62,0.52,205.5,0.54,10.0,0.55,153.0,0.02,0.01,2319.3943,1776236446000
1776242441.801,41.801,0.45,173.18,0.44,31.0,0.46,50.5,0.47,62.62,0.54,55.5,0.53,62.62,0.55,173.18,0.56,31.0,0.01,0.01,2319.3943,1776236446000
1776242442.988,42.988,0.44,2.53,0.43,1.4,0.45,25.5,0.46,280.5,0.54,50.5,0.53,62.62,0.55,173.18,0.56,31.0,0.01,0.01,2319.3943,1776236446000
1776242443.323,43.323,0.41,35.32,0.4,12.0,0.42,95.5,0.43,85.5,0.57,30.0,0.56,75.5,0.59,40.58,0.6,12.0,0.01,0.02,2319.3943,1776236446000
1776242443.541,43.541,0.39,36.5,0.38,19.0,0.41,90.0,0.42,80.5,0.58,95.5,0.57,85.5,0.59,35.32,0.6,12.0,0.02,0.01,2319.3943,1776236446000
1776242443.809,43.809,0.39,23.34,0.38,19.0,0.4,80.0,0.41,95.0,0.59,90.0,0.58,80.5,0.61,36.5,0.62,19.0,0.01,0.02,2319.3943,1776236446000
1776242445.502,45.502,0.38,3.88,0.37,38.5,0.39,130.0,0.4,260.5,0.6,80.0,0.59,95.0,0.61,23.34,0.62,19.0,0.01,0.01,2319.3943,1776236446000
1776242447.016,47.016,0.38,10.0,0.37,36.0,0.39,55.38,0.4,225.5,0.61,120.0,0.6,260.5,0.64,166.89,0.65,85.0,0.01,0.03,2319.3943,1776236446000
1776242447.326,47.326,0.36,62.26,0.35,85.0,0.39,70.38,0.4,225.5,0.61,55.38,0.6,225.5,0.62,10.0,0.63,36.0,0.03,0.01,2319.3943,1776236446000
1776242448.707,48.707,0.37,275.5,0.36,84.5,0.43,5.0,0.46,5.0,0.61,70.38,0.6,225.5,0.64,62.26,0.65,85.0,0.06,0.03,2319.3943,1776236446000
1776242448.953,48.953,0.49,60.0,0.48,10.0,0.5,16.16,0.51,10.5,0.5,9.9,0.48,15.0,0.51,10.0,0.52,10.0,0.01,0.01,2319.3943,1776236446000
1776242449.375,49.375,0.55,180.55,0.53,10.0,0.56,10.0,0.57,15.0,0.44,15.0,0.43,15.0,0.45,35.0,0.47,10.0,0.01,0.01,2319.3943,1776236446000
1776242449.765,49.765,0.51,20.0,0.5,10.0,0.53,13.58,0.54,10.0,0.44,15.0,0.43,15.0,0.49,10.0,0.5,10.0,0.02,0.05,2319.3943,1776236446000
1776242450.316,50.316,0.53,16.74,0.52,190.0,0.54,20.0,0.55,13.7,0.45,3.26,0.44,15.0,0.49,20.0,0.5,10.0,0.01,0.04,2319.3943,1776236446000
1776242451.33,51.33,0.52,170.0,0.51,10.0,0.53,30.5,0.54,84.59,0.46,20.0,0.45,13.7,0.47,16.74,0.48,190.0,0.01,0.01,2319.3943,1776236446000
1776242451.54,51.54,0.52,170.0,0.51,10.0,0.53,25.5,0.54,84.59,0.47,30.5,0.46,84.59,0.48,170.0,0.49,10.0,0.01,0.01,2319.3943,1776236446000
1776242452.045,52.045,0.52,175.0,0.51,10.0,0.53,11.46,0.54,25.5,0.47,6.63,0.46,84.59,0.48,175.0,0.49,10.0,0.01,0.01,2319.3943,1776236446000
1776242452.248,52.248,0.52,201.0,0.51,22.0,0.53,5.31,0.54,15.5,0.47,11.46,0.46,25.5,0.48,175.0,0.49,10.0,0.01,0.01,2319.3943,1776236446000
1776242452.814,52.814,0.52,197.0,0.51,35.0,0.53,0.21,0.54,15.5,0.47,5.31,0.46,15.5,0.48,201.0,0.49,22.0,0.01,0.01,2319.3943,1776236446000
1776242453.28,53.28,0.52,198.0,0.51,23.0,0.54,13.85,0.55,23.76,0.47,0.21,0.46,15.5,0.48,197.0,0.49,35.0,0.02,0.01,2319.3943,1776236446000
1776242454.951,54.951,0.53,40.0,0.52,187.0,0.54,25.19,0.55,23.76,0.46,13.85,0.45,23.76,0.48,198.0,0.49,23.0,0.01,0.02,2319.3943,1776236446000
1776242455.824,55.824,0.53,35.0,0.52,187.0,0.54,5.19,0.55,23.76,0.46,25.19,0.45,23.76,0.47,40.0,0.48,187.0,0.01,0.01,2319.3943,1776236446000
1776242457.773,57.773,0.47,116.17,0.46,40.0,0.5,72.5,0.51,60.5,0.46,5.19,0.45,23.76,0.47,35.0,0.48,187.0,0.03,0.01,2319.3943,1776236446000
1776242458.748,58.748,0.46,20.5,0.45,30.5,0.48,82.0,0.49,75.5,0.5,72.5,0.49,60.5,0.53,116.17,0.54,40.0,0.02,0.03,2319.3943,1776236446000
1776242459.447,59.447,0.42,205.6,0.41,66.0,0.43,5.0,0.44,10.0,0.52,67.0,0.51,75.5,0.57,190.0,0.58,15.1,0.01,0.05,2319.3943,1776236446000
1776242459.723,59.723,0.43,15.0,0.42,205.6,0.45,10.0,0.46,10.0,0.56,9.88,0.55,10.0,0.58,205.6,0.59,66.0,0.02,0.02,2319.3943,1776236446000
1776242460.525,60.525,0.44,85.5,0.43,200.5,0.46,10.0,0.47,30.0,0.55,5.0,0.54,10.0,0.56,10.0,0.57,10.0,0.02,0.01,2319.3943,1776236446000
1776242461.077,61.077,0.45,54.03,0.44,30.5,0.47,40.0,0.48,60.5,0.54,5.0,0.53,30.0,0.55,4.2,0.56,85.5,0.02,0.01,2319.3943,1776236446000
1776242461.355,61.355,0.37,23.47,0.34,26.0,0.38,10.0,0.39,10.0,0.53,40.0,0.52,60.5,0.55,54.03,0.56,30.5,0.01,0.02,2319.3943,1776236446000
1776242461.605,61.605,0.36,14.0,0.35,10.5,0.37,63.0,0.38,61.0,0.62,51.0,0.61,10.0,0.64,15.9,0.65,10.5,0.01,0.02,2319.3943,1776236446000
1776242462.135,62.135,0.36,15.0,0.35,41.5,0.37,61.58,0.38,61.0,0.63,72.58,0.62,56.0,0.64,14.0,0.65,31.5,0.01,0.01,2319.3943,1776236446000
1776242462.716,62.716,0.35,36.5,0.34,26.0,0.36,73.15,0.37,49.58,0.63,61.58,0.62,61.0,0.64,15.0,0.65,41.5,0.01,0.01,2319.3943,1776236446000
1776242463.743,63.743,0.35,5.0,0.34,137.11,0.36,70.64,0.37,49.58,0.64,73.15,0.63,49.58,0.65,36.5,0.66,26.0,0.01,0.01,2319.3943,1776236446000
1776242464.063,64.063,0.35,7.84,0.34,137.11,0.36,34.75,0.37,49.58,0.64,51.75,0.63,49.58,0.65,10.0,0.66,137.11,0.01,0.01,2319.3943,1776236446000
1776242464.36,64.36,0.35,2.84,0.34,137.11,0.36,45.98,0.37,49.58,0.64,34.75,0.63,49.58,0.65,7.84,0.66,137.11,0.01,0.01,2319.3943,1776236446000
1776242465.861,65.861,0.35,23.64,0.34,137.11,0.37,44.04,0.38,56.0,0.64,45.98,0.63,49.58,0.65,2.84,0.66,137.11,0.02,0.01,2319.3943,1776236446000
1776242467.463,67.463,0.35,33.64,0.34,51.5,0.36,15.0,0.37,44.04,0.63,44.04,0.62,56.0,0.65,23.64,0.66,137.11,0.01,0.02,2319.3943,1776236446000
1776242467.865,67.865,0.35,22.64,0.34,51.5,0.36,20.0,0.37,44.04,0.64,15.0,0.63,44.04,0.65,33.64,0.66,51.5,0.01,0.01,2319.3943,1776236446000
1776242468.587,68.587,0.31,37.32,0.3,32.1,0.32,50.0,0.33,20.0,0.64,25.0,0.63,44.04,0.65,21.64,0.66,51.5,0.01,0.01,2319.3943,1776236446000
1776242469.225,69.225,0.24,25.5,0.23,35.3,0.28,27.0,0.29,30.5,0.69,15.0,0.68,88.0,0.7,15.52,0.71,39.0,0.04,0.01,2319.3943,1776236446000
1776242469.567,69.567,0.31,50.0,0.3,10.0,0.32,1.0,0.33,15.0,0.68,5.37,0.67,16.0,0.73,20.5,0.74,80.5,0.01,0.05,2319.3943,1776236446000
1776242470.053,70.053,0.31,88.0,0.3,23.0,0.37,10.52,0.38,31.0,0.67,11.72,0.66,15.0,0.69,50.0,0.7,15.0,0.06,0.02,2319.3943,1776236446000
1776242470.33,70.33,0.35,15.8,0.34,10.0,0.36,10.0,0.37,15.52,0.63,10.52,0.62,31.0,0.69,88.0,0.7,23.0,0.01,0.06,2319.3943,1776236446000
1776242470.998,70.998,0.37,18.0,0.36,35.0,0.38,7.0,0.39,15.5,0.64,10.0,0.63,15.52,0.65,15.8,0.66,10.0,0.01,0.01,2319.3943,1776236446000
1776242471.34,71.34,0.37,0.82,0.36,35.0,0.39,21.8,0.4,25.5,0.62,7.0,0.61,15.5,0.63,0.82,0.64,35.0,0.02,0.01,2319.3943,1776236446000
1776242472.014,72.014,0.38,75.0,0.37,10.82,0.39,0.53,0.4,25.5,0.61,21.8,0.6,25.5,0.63,0.82,0.64,35.0,0.01,0.02,2319.3943,1776236446000
1776242472.341,72.341,0.38,77.69,0.37,10.82,0.4,30.5,0.41,15.0,0.61,0.53,0.6,25.5,0.62,75.0,0.63,10.82,0.02,0.01,2319.3943,1776236446000
1776242472.987,72.987,0.38,82.69,0.37,10.82,0.4,33.33,0.41,15.0,0.6,30.5,0.59,15.0,0.62,77.69,0.63,10.82,0.02,0.02,2319.3943,1776236446000
1776242474.081,74.081,0.4,84.0,0.39,58.0,0.42,33.91,0.43,15.0,0.6,33.33,0.59,15.0,0.62,82.69,0.63,10.82,0.02,0.02,2319.3943,1776236446000
1776242474.377,74.377,0.4,84.0,0.39,58.0,0.43,15.0,0.44,15.0,0.58,33.91,0.57,15.0,0.6,84.0,0.61,58.0,0.03,0.02,2319.3943,1776236446000
1776242475.047,75.047,0.41,24.0,0.4,79.0,0.42,11.5,0.43,15.0,0.57,15.0,0.56,15.0,0.6,84.0,0.61,58.0,0.01,0.03,2319.3943,1776236446000
1776242478.316,78.316,0.41,19.64,0.4,45.0,0.42,26.5,0.43,15.0,0.58,16.5,0.57,15.0,0.59,15.52,0.6,79.0,0.01,0.01,2319.3943,1776236446000
1776242480.715,80.715,0.41,8.0,0.4,15.0,0.42,61.5,0.43,202.0,0.58,26.5,0.57,15.0,0.59,19.64,0.6,45.0,0.01,0.01,2319.3943,1776236446000
1776242480.931,80.931,0.4,3.0,0.39,15.0,0.41,25.5,0.42,59.5,0.58,66.5,0.57,202.0,0.6,8.0,0.61,15.0,0.01,0.02,2319.3943,1776236446000
1776242481.259,81.259,0.39,12.95,0.37,15.0,0.41,37.5,0.42,54.5,0.59,25.5,0.58,59.5,0.6,3.0,0.61,15.0,0.02,0.01,2319.3943,1776236446000
1776242483.682,83.682,0.39,16.01,0.38,5.0,0.4,37.5,0.41,25.5,0.59,37.5,0.58,54.5,0.61,12.95,0.63,15.0,0.01,0.02,2319.3943,1776236446000
1776242484.941,84.941,0.39,14.37,0.38,5.0,0.4,32.5,0.41,25.5,0.6,37.5,0.59,25.5,0.61,16.01,0.62,5.0,0.01,0.01,2319.3943,1776236446000
1776242488.1,88.1,0.43,5.0,0.41,419.5,0.49,5.0,0.5,5.0,0.6,32.5,0.59,25.5,0.61,14.37,0.62,5.0,0.06,0.01,2319.3943,1776236446000
1776242488.362,88.362,0.49,15.0,0.48,30.5,0.5,13.66,0.51,15.0,0.5,15.5,0.49,15.0,0.51,5.3,0.52,10.0,0.01,0.01,2319.3943,1776236446000
1776242489.495,89.495,0.48,75.0,0.47,25.0,0.49,15.5,0.5,30.5,0.49,15.0,0.48,53.0,0.51,15.0,0.52,30.5,0.01,0.02,2319.3943,1776236446000
1776242489.969,89.969,0.48,61.5,0.47,225.5,0.49,2.0,0.5,25.5,0.51,15.5,0.5,30.5,0.52,75.0,0.53,25.0,0.01,0.01,2319.3943,1776236446000
1776242490.224,90.224,0.48,43.94,0.47,225.5,0.49,17.5,0.5,25.5,0.51,2.0,0.5,25.5,0.52,61.5,0.53,225.5,0.01,0.01,2319.3943,1776236446000
1776242492.149,92.149,0.48,46.18,0.47,220.5,0.49,22.5,0.5,25.5,0.51,17.5,0.5,25.5,0.52,43.94,0.53,225.5,0.01,0.01,2319.3943,1776236446000
1776242492.628,92.628,0.48,11.58,0.47,220.5,0.49,22.5,0.5,25.5,0.51,22.5,0.5,25.5,0.52,46.18,0.53,220.5,0.01,0.01,2319.3943,1776236446000
1776242492.961,92.961,0.48,220.5,0.47,40.5,0.51,40.5,0.52,53.0,0.51,22.5,0.5,25.5,0.52,11.58,0.53,220.5,0.03,0.01,2319.3943,1776236446000
1776242493.419,93.419,0.5,95.0,0.49,220.5,0.51,0.5,0.52,5.0,0.49,40.5,0.48,53.0,0.52,220.5,0.53,40.5,0.01,0.03,2319.3943,1776236446000
1776242493.696,93.696,0.5,275.0,0.49,40.5,0.52,5.99,0.53,10.0,0.49,0.5,0.48,5.0,0.5,95.0,0.51,220.5,0.02,0.01,2319.3943,1776236446000
1776242494.154,94.154,0.52,235.0,0.51,20.0,0.53,5.5,0.54,10.5,0.47,19.5,0.46,15.0,0.48,15.0,0.49,60.0,0.01,0.01,2319.3943,1776236446000
1776242494.365,94.365,0.53,10.0,0.52,183.43,0.54,36.83,0.55,15.0,0.46,30.5,0.45,15.0,0.48,183.43,0.49,15.0,0.01,0.02,2319.3943,1776236446000
1776242496.228,96.228,0.5,15.0,0.49,15.0,0.54,58.83,0.55,42.0,0.46,36.83,0.45,15.0,0.47,10.0,0.48,183.43,0.04,0.01,2319.3943,1776236446000
1776242500.344,100.344,0.5,64.9,0.49,30.0,0.51,38.06,0.52,25.5,0.46,58.83,0.45,42.0,0.5,15.0,0.51,15.0,0.01,0.04,2319.3943,1776236446000
1776242500.697,100.697,0.47,20.5,0.46,15.5,0.51,85.56,0.52,218.5,0.49,38.06,0.48,25.5,0.5,64.9,0.51,30.0,0.04,0.01,2319.3943,1776236446000
1776242502.61,102.61,0.45,15.5,0.43,5.0,0.48,258.0,0.49,23.0,0.49,85.56,0.48,218.5,0.53,20.5,0.54,15.5,0.03,0.04,2319.3943,1776236446000
1776242503.094,103.094,0.45,45.5,0.44,10.0,0.46,34.82,0.47,227.0,0.52,258.0,0.51,23.0,0.55,5.5,0.57,5.0,0.01,0.03,2319.3943,1776236446000
1776242503.96,103.96,0.45,53.68,0.44,15.0,0.46,29.82,0.47,200.0,0.54,34.82,0.53,227.0,0.55,45.5,0.56,10.0,0.01,0.01,2319.3943,1776236446000
1776242505.077,105.077,0.44,57.06,0.43,29.7,0.46,34.82,0.47,200.0,0.54,29.82,0.53,200.0,0.55,53.68,0.56,15.0,0.02,0.01,2319.3943,1776236446000
1776242505.3,105.3,0.45,3.1,0.44,10.5,0.46,49.82,0.47,30.5,0.54,34.82,0.53,200.0,0.56,57.06,0.57,29.7,0.01,0.02,2319.3943,1776236446000
1776242505.892,105.892,0.43,60.5,0.42,20.0,0.44,8.63,0.45,20.0,0.54,29.82,0.53,20.0,0.57,18.7,0.58,5.0,0.01,0.03,2319.3943,1776236446000
1776242507.827,107.827,0.43,62.43,0.42,20.0,0.44,8.63,0.45,20.0,0.56,8.63,0.55,20.0,0.57,60.5,0.58,20.0,0.01,0.01,2319.3943,1776236446000
1776242511.222,111.222,0.43,72.93,0.42,25.0,0.45,7.57,0.46,38.32,0.56,8.63,0.55,20.0,0.57,62.43,0.58,20.0,0.02,0.01,2319.3943,1776236446000
1776242512.271,112.271,0.45,55.5,0.44,210.5,0.46,12.82,0.47,15.0,0.55,7.57,0.54,38.32,0.57,72.93,0.58,25.0,0.01,0.02,2319.3943,1776236446000
1776242517.559,117.559,0.5,54.0,0.49,26.0,0.51,33.5,0.52,15.0,0.54,2.82,0.53,15.0,0.55,70.5,0.56,210.5,0.01,0.01,2319.3943,1776236446000
1776242517.87,117.87,0.5,39.0,0.49,26.0,0.51,30.5,0.52,25.0,0.49,33.5,0.48,15.0,0.5,54.0,0.51,26.0,0.01,0.01,2319.3943,1776236446000
1776242518.487,118.487,0.5,29.0,0.49,26.0,0.51,30.5,0.52,53.0,0.49,30.5,0.48,25.0,0.5,39.0,0.51,26.0,0.01,0.01,2319.3943,1776236446000
1776242521.509,121.509,0.46,50.5,0.45,15.5,0.47,12.87,0.48,25.0,0.49,30.5,0.48,53.0,0.5,29.0,0.51,26.0,0.01,0.01,2319.3943,1776236446000
1776242524.924,124.924,0.46,42.5,0.45,20.5,0.47,2.23,0.48,40.5,0.53,12.87,0.52,25.0,0.54,50.5,0.55,15.5,0.01,0.01,2319.3943,1776236446000
1776242525.265,125.265,0.46,37.5,0.45,20.5,0.47,12.87,0.48,40.5,0.53,2.23,0.52,40.5,0.54,42.5,0.55,20.5,0.01,0.01,2319.3943,1776236446000
1776242528.534,128.534,0.5,70.0,0.49,30.5,0.51,13.83,0.52,23.5,0.53,12.87,0.52,40.5,0.54,37.5,0.55,20.5,0.01,0.01,2319.3943,1776236446000
1776242529.002,129.002,0.53,19.36,0.52,25.0,0.54,16.18,0.55,10.0,0.47,28.5,0.46,48.18,0.5,50.0,0.51,60.5,0.01,0.03,2319.3943,1776236446000
1776242529.333,129.333,0.53,14.36,0.52,29.0,0.55,23.59,0.56,32.73,0.44,22.23,0.43,31.0,0.47,4.36,0.48,54.0,0.02,0.03,2319.3943,1776236446000
1776242530.0,130.0,0.53,39.36,0.52,29.0,0.54,44.79,0.55,28.59,0.45,23.59,0.44,22.23,0.47,14.36,0.48,29.0,0.01,0.02,2319.3943,1776236446000
1776242530.227,130.227,0.53,29.36,0.52,29.0,0.54,31.98,0.55,28.59,0.46,44.79,0.45,28.59,0.47,39.36,0.48,29.0,0.01,0.01,2319.3943,1776236446000
1776242532.335,132.335,0.53,44.36,0.52,34.0,0.54,10.0,0.55,5.0,0.46,31.98,0.45,28.59,0.47,29.36,0.48,29.0,0.01,0.01,2319.3943,1776236446000
1776242536.231,136.231,0.53,44.36,0.52,29.0,0.54,13.0,0.55,10.0,0.46,10.0,0.45,5.0,0.47,44.36,0.48,34.0,0.01,0.01,2319.3943,1776236446000
1776242537.878,137.878,0.52,29.0,0.51,10.0,0.54,45.0,0.55,35.5,0.46,13.0,0.45,10.0,0.47,44.36,0.48,29.0,0.02,0.01,2319.3943,1776236446000
1776242538.211,138.211,0.52,29.0,0.51,15.0,0.53,25.0,0.54,190.0,0.46,208.48,0.45,35.5,0.48,29.0,0.49,10.0,0.01,0.02,2319.3943,1776236446000
1776242538.733,138.733,0.51,20.0,0.5,40.7,0.53,205.0,0.55,10.0,0.47,25.0,0.46,190.0,0.48,29.0,0.49,15.0,0.02,0.01,2319.3943,1776236446000
1776242539.517,139.517,0.52,7.62,0.51,20.5,0.53,200.0,0.55,10.0,0.47,200.0,0.45,10.0,0.49,10.0,0.5,40.7,0.01,0.02,2319.3943,1776236446000
1776242540.82,140.82,0.52,32.62,0.51,25.5,0.56,49.01,0.57,238.0,0.47,200.0,0.45,10.0,0.48,7.62,0.49,20.5,0.04,0.01,2319.3943,1776236446000
1776242541.618,141.618,0.54,15.0,0.53,10.0,0.56,59.01,0.57,243.0,0.44,49.01,0.43,238.0,0.48,32.62,0.49,25.5,0.02,0.04,2319.3943,1776236446000
1776242542.422,142.422,0.54,10.69,0.53,15.0,0.55,21.0,0.56,59.01,0.44,59.01,0.43,243.0,0.46,15.0,0.47,10.0,0.01,0.02,2319.3943,1776236446000
1776242549.147,149.147,0.53,5.0,0.52,17.62,0.54,15.0,0.55,145.0,0.45,21.0,0.44,59.01,0.46,10.69,0.47,15.0,0.01,0.01,2319.3943,1776236446000
1776242551.112,151.112,0.53,35.0,0.52,28.12,0.54,175.0,0.55,145.0,0.46,15.0,0.45,145.0,0.47,5.0,0.48,17.62,0.01,0.01,2319.3943,1776236446000
1776242551.767,151.767,0.54,10.0,0.53,50.5,0.55,135.45,0.56,87.51,0.46,175.0,0.45,145.0,0.47,35.0,0.48,28.12,0.01,0.01,2319.3943,1776236446000
1776242553.644,153.644,0.55,110.0,0.54,20.0,0.56,5.58,0.57,22.0,0.45,135.45,0.44,87.51,0.46,10.0,0.47,50.5,0.01,0.01,2319.3943,1776236446000
1776242553.901,153.901,0.55,95.5,0.54,30.5,0.57,5.0,0.59,17.0,0.44,5.58,0.43,22.0,0.45,110.0,0.46,20.0,0.02,0.01,2319.3943,1776236446000
1776242554.258,154.258,0.58,110.0,0.57,20.0,0.59,19.0,0.6,59.5,0.41,17.0,0.4,50.5,0.44,15.0,0.45,100.5,0.01,0.03,2319.3943,1776236446000
1776242554.622,154.622,0.59,15.0,0.58,210.0,0.6,11.6,0.61,102.5,0.41,9.0,0.4,59.5,0.42,110.0,0.43,20.0,0.01,0.01,2319.3943,1776236446000
1776242554.88,154.88,0.6,52.1,0.59,25.0,0.61,112.5,0.62,304.4,0.39,102.5,0.38,124.4,0.41,105.0,0.42,210.0,0.01,0.02,2319.3943,1776236446000
1776242555.756,155.756,0.6,77.1,0.59,20.0,0.61,123.13,0.62,310.0,0.39,112.5,0.38,304.4,0.4,52.1,0.41,25.0,0.01,0.01,2319.3943,1776236446000
1776242556.409,156.409,0.6,71.16,0.59,20.0,0.61,120.5,0.62,310.0,0.39,123.13,0.38,310.0,0.4,77.1,0.41,20.0,0.01,0.01,2319.3943,1776236446000
1776242557.516,157.516,0.6,68.19,0.59,15.0,0.61,305.5,0.62,130.0,0.39,120.5,0.38,310.0,0.4,71.16,0.41,20.0,0.01,0.01,2319.3943,1776236446000
1776242558.389,158.389,0.56,5.0,0.55,15.0,0.57,18.35,0.58,15.0,0.39,296.62,0.38,130.0,0.4,68.19,0.41,15.0,0.01,0.01,2319.3943,1776236446000
1776242559.37,159.37,0.56,20.0,0.55,30.5,0.58,2.87,0.59,25.0,0.43,18.35,0.42,15.0,0.44,5.0,0.45,15.0,0.02,0.01,2319.3943,1776236446000
1776242565.633,165.633,0.54,10.0,0.53,25.5,0.55,15.0,0.56,205.0,0.42,2.87,0.41,25.0,0.44,20.0,0.45,30.5,0.01,0.02,2319.3943,1776236446000
1776242570.375,170.375,0.52,28.41,0.51,15.0,0.53,20.0,0.54,195.0,0.45,15.0,0.44,205.0,0.46,10.0,0.47,25.5,0.01,0.01,2319.3943,1776236446000
1776242571.151,171.151,0.52,0.41,0.51,10.0,0.53,20.0,0.54,25.0,0.47,20.0,0.46,195.0,0.48,28.41,0.49,15.0,0.01,0.01,2319.3943,1776236446000
1776242571.504,171.504,0.5,5.0,0.49,15.0,0.52,35.0,0.53,216.0,0.47,20.0,0.46,25.0,0.48,0.41,0.49,10.0,0.02,0.01,2319.3943,1776236446000
1776242571.767,171.767,0.5,13.3,0.49,15.0,0.51,20.0,0.52,30.0,0.48,35.0,0.47,216.0,0.5,5.0,0.51,15.0,0.01,0.02,2319.3943,1776236446000
1776242572.115,172.115,0.5,11.3,0.49,15.0,0.51,25.0,0.52,30.0,0.49,20.0,0.48,30.0,0.5,13.3,0.51,15.0,0.01,0.01,2319.3943,1776236446000
1776242573.616,173.616,0.49,5.68,0.48,15.0,0.51,25.0,0.52,25.0,0.49,25.0,0.48,30.0,0.5,11.3,0.51,15.0,0.02,0.01,2319.3943,1776236446000
1776242577.252,177.252,0.5,20.22,0.49,10.68,0.51,20.0,0.52,20.0,0.49,25.0,0.48,25.0,0.51,5.68,0.52,15.0,0.01,0.02,2319.3943,1776236446000
1776242581.548,181.548,0.5,28.5,0.49,30.5,0.51,16.0,0.52,20.0,0.49,16.0,0.48,20.0,0.53,144.72,0.54,65.0,0.01,0.04,2319.3943,1776236446000
1776242582.326,182.326,0.5,20.89,0.49,40.5,0.51,14.03,0.52,20.0,0.49,16.0,0.48,20.0,0.5,20.89,0.51,30.5,0.01,0.01,2319.3943,1776236446000
1776242582.809,182.809,0.5,0.89,0.49,35.5,0.51,19.03,0.52,15.0,0.49,14.03,0.48,20.0,0.5,15.89,0.51,40.5,0.01,0.01,2319.3943,1776236446000
1776242587.146,187.146,0.5,201.39,0.49,25.5,0.53,20.0,0.54,45.5,0.49,19.03,0.48,15.0,0.5,0.89,0.51,35.5,0.03,0.01,2319.3943,1776236446000
1776242587.949,187.949,0.51,11.64,0.5,196.39,0.52,5.0,0.53,25.0,0.47,20.0,0.46,45.5,0.5,201.39,0.51,25.5,0.01,0.03,2319.3943,1776236446000
1776242588.57,188.57,0.51,16.64,0.5,196.39,0.52,7.55,0.53,25.0,0.48,5.0,0.47,25.0,0.49,11.64,0.5,196.39,0.01,0.01,2319.3943,1776236446000
1776242590.136,190.136,0.51,21.64,0.5,196.39,0.52,30.06,0.53,38.0,0.48,7.55,0.47,25.0,0.49,16.64,0.5,196.39,0.01,0.01,2319.3943,1776236446000
1776242591.116,191.116,0.46,40.0,0.45,15.0,0.48,10.0,0.5,99.0,0.48,30.06,0.47,38.0,0.49,21.64,0.5,196.39,0.02,0.01,2319.3943,1776236446000
1776242591.631,191.631,0.45,15.0,0.44,5.0,0.46,1.5,0.47,35.0,0.53,10.0,0.52,15.0,0.54,30.0,0.55,15.0,0.01,0.01,2319.3943,1776236446000
1776242593.445,193.445,0.44,5.0,0.43,25.7,0.46,211.5,0.47,40.0,0.54,1.5,0.53,35.0,0.55,15.0,0.56,5.0,0.02,0.01,2319.3943,1776236446000
1776242593.759,193.759,0.44,13.57,0.43,25.7,0.45,20.0,0.46,205.0,0.54,211.5,0.53,40.0,0.56,5.0,0.57,25.7,0.01,0.02,2319.3943,1776236446000
1776242594.132,194.132,0.43,12.54,0.42,24.8,0.44,16.0,0.45,25.0,0.55,20.0,0.54,205.0,0.57,2.04,0.58,24.8,0.01,0.02,2319.3943,1776236446000
1776242594.386,194.386,0.44,20.5,0.43,17.54,0.45,16.93,0.46,200.0,0.55,11.93,0.54,200.0,0.56,10.5,0.57,12.54,0.01,0.01,2319.3943,1776236446000
1776242595.227,195.227,0.42,15.5,0.41,5.0,0.45,1.7,0.46,26.0,0.55,16.93,0.54,200.0,0.56,18.48,0.57,17.54,0.03,0.01,2319.3943,1776236446000
1776242595.569,195.569,0.37,4.1,0.36,5.0,0.4,20.0,0.41,195.0,0.55,1.7,0.54,26.0,0.61,5.0,0.62,55.0,0.03,0.06,2319.3943,1776236446000
1776242595.87,195.87,0.39,15.0,0.37,4.1,0.4,5.0,0.41,195.0,0.6,13.5,0.59,195.0,0.61,10.0,0.63,4.1,0.01,0.01,2319.3943,1776236446000
1776242596.842,196.842,0.4,20.0,0.39,25.0,0.42,10.0,0.43,21.0,0.6,5.0,0.59,195.0,0.61,15.0,0.63,4.1,0.02,0.01,2319.3943,1776236446000
1776242597.551,197.551,0.41,20.0,0.4,30.0,0.43,6.9,0.44,20.0,0.58,10.0,0.57,21.0,0.6,20.0,0.61,25.0,0.02,0.02,2319.3943,1776236446000
1776242598.489,198.489,0.45,98.0,0.44,30.0,0.47,15.5,0.48,29.5,0.56,20.0,0.55,30.5,0.58,7.24,0.59,20.0,0.02,0.02,2319.3943,1776236446000
1776242599.222,199.222,0.46,83.0,0.45,238.0,0.48,0.39,0.49,35.5,0.53,15.5,0.52,29.5,0.55,98.0,0.56,30.0,0.02,0.02,2319.3943,1776236446000
1776242599.71,199.71,0.48,48.0,0.47,25.0,0.49,0.5,0.5,37.0,0.52,0.39,0.51,35.5,0.54,83.0,0.55,238.0,0.01,0.02,2319.3943,1776236446000
1776242600.024,200.024,0.48,42.01,0.47,30.0,0.49,17.0,0.5,37.0,0.51,0.5,0.5,37.0,0.52,48.0,0.53,25.0,0.01,0.01,2319.3943,1776236446000
1776242600.69,200.69,0.48,37.01,0.47,25.0,0.49,35.95,0.5,92.84,0.51,17.0,0.5,37.0,0.52,42.01,0.53,30.0,0.01,0.01,2319.3943,1776236446000
1776242601.809,201.809,0.48,50.61,0.47,30.0,0.49,39.89,0.5,103.34,0.51,35.95,0.5,92.84,0.52,37.01,0.53,25.0,0.01,0.01,2319.3943,1776236446000
1776242602.56,202.56,0.47,20.0,0.46,33.0,0.49,39.89,0.5,103.34,0.51,34.89,0.5,103.34,0.52,43.61,0.53,30.0,0.02,0.01,2319.3943,1776236446000
1776242603.179,203.179,0.47,38.0,0.46,38.0,0.48,200.4,0.49,44.89,0.51,39.89,0.5,103.34,0.53,20.0,0.54,33.0,0.01,0.02,2319.3943,1776236446000
1776242603.418,203.418,0.46,38.0,0.45,15.0,0.48,205.4,0.49,44.89,0.52,200.4,0.51,44.89,0.53,38.0,0.54,38.0,0.02,0.01,2319.3943,1776236446000
1776242604.396,204.396,0.46,58.83,0.45,20.0,0.47,20.5,0.48,200.5,0.52,205.4,0.51,44.89,0.54,38.0,0.55,15.0,0.01,0.02,2319.3943,1776236446000
1776242605.262,205.262,0.46,46.47,0.45,20.0,0.47,25.5,0.48,200.5,0.53,20.5,0.52,200.5,0.54,58.83,0.55,20.0,0.01,0.01,2319.3943,1776236446000
1776242606.145,206.145,0.46,45.0,0.45,20.0,0.48,188.75,0.49,36.9,0.53,25.5,0.52,200.5,0.54,46.47,0.55,20.0,0.02,0.01,2319.3943,1776236446000
1776242608.376,208.376,0.46,40.0,0.45,15.0,0.47,10.74,0.48,203.41,0.52,167.91,0.51,36.9,0.54,45.0,0.55,20.0,0.01,0.02,2319.3943,1776236446000
1776242608.757,208.757,0.46,52.0,0.45,35.5,0.47,8.61,0.48,20.0,0.53,10.74,0.52,203.41,0.54,40.0,0.55,15.0,0.01,0.01,2319.3943,1776236446000
1776242608.975,208.975,0.47,13.27,0.46,62.5,0.48,20.0,0.49,15.0,0.53,8.61,0.52,20.0,0.54,52.0,0.55,35.5,0.01,0.01,2319.3943,1776236446000
1776242609.202,209.202,0.47,105.27,0.46,210.5,0.49,10.0,0.5,15.0,0.52,20.0,0.51,15.0,0.53,13.27,0.54,62.5,0.02,0.01,2319.3943,1776236446000
1776242609.62,209.62,0.49,277.0,0.48,25.5,0.5,14.51,0.52,5.0,0.5,29.51,0.49,16.0,0.51,5.0,0.53,110.27,0.01,0.01,2319.3943,1776236446000
1776242610.768,210.768,0.52,55.0,0.51,5.0,0.53,11.06,0.54,17.0,0.47,10.5,0.46,7.0,0.51,277.0,0.52,25.5,0.01,0.04,2319.3943,1776236446000
1776242611.209,211.209,0.45,31.51,0.44,10.0,0.5,17.26,0.51,60.99,0.47,11.06,0.46,197.0,0.49,5.0,0.51,5.0,0.05,0.02,2319.3943,1776236446000
1776242611.517,211.517,0.45,31.51,0.44,20.5,0.46,14.28,0.47,25.5,0.5,17.26,0.49,60.99,0.55,31.51,0.56,10.0,0.01,0.05,2319.3943,1776236446000
1776242612.966,212.966,0.45,5.43,0.42,10.5,0.46,24.78,0.47,25.5,0.54,14.28,0.53,25.5,0.55,25.43,0.56,35.1,0.01,0.01,2319.3943,1776236446000
1776242613.308,213.308,0.42,30.5,0.41,70.0,0.43,12.0,0.44,15.0,0.54,24.78,0.53,25.5,0.58,20.5,0.59,55.0,0.01,0.04,2319.3943,1776236446000
1776242613.562,213.562,0.43,5.0,0.42,35.5,0.45,13.97,0.46,20.5,0.56,1.22,0.55,15.0,0.58,35.5,0.59,70.0,0.02,0.02,2319.3943,1776236446000
1776242614.166,214.166,0.42,1.0,0.41,5.0,0.43,20.0,0.44,30.5,0.55,13.97,0.54,20.5,0.57,5.0,0.58,35.5,0.01,0.02,2319.3943,1776236446000
1776242614.372,214.372,0.39,5.0,0.37,15.4,0.4,200.3,0.41,21.0,0.58,10.0,0.57,21.0,0.61,5.0,0.63,15.4,0.01,0.03,2319.3943,1776236446000
1776242614.605,214.605,0.39,10.41,0.33,21.3,0.4,200.3,0.41,21.0,0.6,200.3,0.59,21.0,0.61,5.0,0.63,15.4,0.01,0.01,2319.3943,1776236446000
1776242615.852,215.852,0.33,21.3,0.32,26.5,0.4,200.3,0.41,26.0,0.6,200.3,0.59,21.0,0.61,10.41,0.67,21.3,0.07,0.01,2319.3943,1776236446000
1776242616.241,216.241,0.34,15.5,0.33,21.3,0.35,11.42,0.36,10.0,0.6,200.3,0.59,26.0,0.67,21.3,0.68,26.5,0.01,0.07,2319.3943,1776236446000
1776242616.779,216.779,0.33,4.9,0.32,27.0,0.35,11.42,0.36,10.0,0.65,11.42,0.64,10.0,0.66,15.5,0.67,21.3,0.02,0.01,2319.3943,1776236446000
1776242617.116,217.116,0.32,16.5,0.31,22.26,0.35,12.99,0.36,10.0,0.65,11.42,0.64,10.0,0.67,4.9,0.68,27.0,0.03,0.02,2319.3943,1776236446000
1776242617.525,217.525,0.31,5.46,0.3,6.0,0.35,6.99,0.36,10.0,0.65,12.99,0.64,10.0,0.68,16.5,0.69,22.26,0.04,0.03,2319.3943,1776236446000
1776242617.73,217.73,0.3,1.31,0.26,68.7,0.35,11.99,0.36,20.5,0.65,6.99,0.64,10.0,0.69,5.46,0.7,6.0,0.05,0.04,2319.3943,1776236446000
1776242617.999,217.999,0.3,1.31,0.27,6.0,0.32,1.65,0.35,16.99,0.65,11.99,0.64,20.5,0.7,1.31,0.74,68.7,0.02,0.05,2319.3943,1776236446000
1776242618.336,218.336,0.27,6.0,0.26,50.0,0.35,32.14,0.36,20.5,0.68,1.65,0.65,16.99,0.7,1.31,0.73,6.0,0.08,0.02,2319.3943,1776236446000
1776242618.755,218.755,0.3,10.5,0.28,10.5,0.32,5.0,0.33,216.0,0.65,32.14,0.64,20.5,0.73,6.0,0.74,50.0,0.02,0.08,2319.3943,1776236446000
1776242619.404,219.404,0.31,180.0,0.27,28.0,0.35,5.0,0.36,6.0,0.68,5.0,0.67,211.0,0.7,10.5,0.72,10.5,0.04,0.02,2319.3943,1776236446000
1776242620.985,220.985,0.34,38.0,0.32,21.0,0.35,17.78,0.36,25.5,0.65,5.0,0.64,6.0,0.69,180.0,0.73,28.0,0.01,0.04,2319.3943,1776236446000
1776242621.199,221.199,0.32,11.0,0.31,10.0,0.35,20.0,0.36,31.5,0.65,17.78,0.64,25.5,0.66,38.0,0.68,21.0,0.03,0.01,2319.3943,1776236446000
1776242622.676,222.676,0.32,5.0,0.31,15.0,0.33,57.45,0.34,31.0,0.65,20.0,0.64,31.5,0.68,11.0,0.69,10.0,0.01,0.03,2319.3943,1776236446000
1776242625.59,225.59,0.32,10.0,0.31,5.0,0.34,8.17,0.35,16.0,0.67,57.45,0.66,31.0,0.68,5.0,0.69,15.0,0.02,0.01,2319.3943,1776236446000
1776242627.471,227.471,0.29,8.5,0.28,15.0,0.31,15.0,0.32,15.0,0.65,14.39,0.64,20.5,0.68,5.0,0.69,5.0,0.02,0.03,2319.3943,1776236446000
1776242628.163,228.163,0.27,10.5,0.26,60.0,0.29,19.65,0.3,15.0,0.7,10.0,0.69,15.0,0.73,10.0,0.74,69.0,0.02,0.03,2319.3943,1776236446000
1776242630.38,230.38,0.28,3.05,0.27,25.5,0.29,24.65,0.3,20.0,0.71,19.65,0.7,15.0,0.73,10.5,0.74,60.0,0.01,0.02,2319.3943,1776236446000
1776242633.511,233.511,0.27,17.0,0.26,70.5,0.28,13.21,0.29,19.65,0.71,24.65,0.7,20.0,0.72,3.05,0.73,25.5,0.01,0.01,2319.3943,1776236446000
1776242634.007,234.007,0.26,53.5,0.25,10.0,0.28,23.21,0.29,194.65,0.72,13.21,0.71,14.65,0.73,11.52,0.74,70.5,0.02,0.01,2319.3943,1776236446000
1776242636.359,236.359,0.24,20.5,0.23,10.0,0.25,13.0,0.26,15.0,0.72,23.21,0.71,194.65,0.74,53.5,0.75,10.0,0.01,0.02,2319.3943,1776236446000
1776242636.683,236.683,0.25,19.2,0.24,20.5,0.26,5.0,0.27,15.0,0.75,10.8,0.74,15.0,0.76,20.5,0.77,10.0,0.01,0.01,2319.3943,1776236446000
1776242636.975,236.975,0.25,29.2,0.24,20.5,0.26,4.82,0.27,20.0,0.74,5.0,0.73,15.0,0.75,19.2,0.76,20.5,0.01,0.01,2319.3943,1776236446000
1776242637.197,237.197,0.25,22.53,0.24,20.5,0.26,5.0,0.27,200.0,0.74,4.82,0.73,20.0,0.75,29.2,0.76,20.5,0.01,0.01,2319.3943,1776236446000
1776242637.608,237.608,0.24,7.36,0.21,10.0,0.25,33.0,0.26,15.0,0.74,20.0,0.73,200.0,0.77,20.5,0.78,10.0,0.01,0.03,2319.3943,1776236446000
1776242637.996,237.996,0.21,10.5,0.2,10.0,0.22,35.4,0.23,20.0,0.78,45.0,0.77,15.0,0.81,7.67,0.82,18.0,0.01,0.03,2319.3943,1776236446000
1776242638.424,238.424,0.21,10.5,0.2,10.0,0.22,25.09,0.23,20.0,0.78,35.4,0.77,20.0,0.79,10.5,0.8,10.0,0.01,0.01,2319.3943,1776236446000
1776242639.429,239.429,0.21,20.5,0.2,10.0,0.22,5.54,0.23,24.0,0.78,25.09,0.77,20.0,0.79,10.5,0.8,10.0,0.01,0.01,2319.3943,1776236446000
1776242639.745,239.745,0.21,20.5,0.2,10.0,0.23,24.0,0.24,5.0,0.78,5.54,0.77,24.0,0.79,20.5,0.8,10.0,0.02,0.01,2319.3943,1776236446000
1776242640.546,240.546,0.22,8.71,0.21,10.0,0.23,10.0,0.24,20.0,0.77,24.0,0.76,5.0,0.79,20.5,0.8,10.0,0.01,0.02,2319.3943,1776236446000
1776242641.654,241.654,0.22,10.0,0.21,10.0,0.23,4.0,0.24,20.0,0.77,10.0,0.76,20.0,0.78,8.71,0.79,10.0,0.01,0.01,2319.3943,1776236446000
1776242642.212,242.212,0.23,5.0,0.22,10.0,0.24,20.0,0.25,44.0,0.77,4.0,0.76,20.0,0.78,10.0,0.79,10.0,0.01,0.01,2319.3943,1776236446000
1776242642.561,242.561,0.22,10.0,0.21,10.0,0.23,11.38,0.24,20.0,0.76,20.0,0.75,44.0,0.77,5.0,0.78,10.0,0.01,0.01,2319.3943,1776236446000
1776242643.486,243.486,0.23,26.0,0.22,57.0,0.28,167.67,0.29,10.0,0.77,11.38,0.76,20.0,0.78,10.0,0.79,10.0,0.05,0.01,2319.3943,1776236446000
1776242643.811,243.811,0.27,9.82,0.25,16.78,0.28,15.0,0.29,15.0,0.72,152.3,0.71,10.0,0.73,13.0,0.75,6.78,0.01,0.01,2319.3943,1776236446000
1776242644.589,244.589,0.25,22.11,0.24,10.0,0.26,15.0,0.27,15.0,0.72,15.0,0.71,15.0,0.76,10.0,0.77,10.0,0.01,0.04,2319.3943,1776236446000
1776242645.651,245.651,0.25,5.41,0.24,10.0,0.26,15.0,0.27,15.0,0.74,15.0,0.73,15.0,0.75,22.11,0.76,10.0,0.01,0.01,2319.3943,1776236446000
1776242647.429,247.429,0.23,10.0,0.22,52.0,0.25,7.59,0.26,15.0,0.74,15.0,0.73,15.0,0.75,5.41,0.76,10.0,0.02,0.01,2319.3943,1776236446000
1776242647.699,247.699,0.23,6.1,0.22,52.0,0.24,19.0,0.25,22.59,0.75,7.59,0.74,15.0,0.77,10.0,0.78,52.0,0.01,0.02,2319.3943,1776236446000
1776242648.604,248.604,0.21,98.0,0.2,212.5,0.23,5.0,0.24,29.0,0.76,19.0,0.75,22.59,0.77,6.1,0.78,52.0,0.02,0.01,2319.3943,1776236446000
1776242649.294,249.294,0.23,29.7,0.22,10.0,0.24,15.0,0.25,22.59,0.77,5.0,0.76,29.0,0.79,98.0,0.8,212.5,0.01,0.02,2319.3943,1776236446000
1776242650.231,250.231,0.24,29.0,0.23,10.0,0.25,2.0,0.26,15.0,0.76,4.58,0.75,22.59,0.77,5.0,0.78,10.0,0.01,0.01,2319.3943,1776236446000
1776242653.153,253.153,0.21,98.0,0.2,10.0,0.25,10.0,0.26,37.96,0.75,2.0,0.74,15.0,0.76,29.0,0.77,10.0,0.04,0.01,2319.3943,1776236446000
1776242653.556,253.556,0.22,4.1,0.21,90.0,0.25,28.9,0.26,10.0,0.75,38.09,0.74,15.0,0.78,4.1,0.79,98.0,0.03,0.03,2319.3943,1776236446000
1776242654.286,254.286,0.22,3.58,0.21,73.36,0.24,81.38,0.25,15.0,0.75,28.9,0.74,10.0,0.79,73.36,0.8,23.0,0.02,0.04,2319.3943,1776236446000
1776242654.527,254.527,0.22,1.08,0.21,73.36,0.23,5.0,0.24,81.38,0.76,81.38,0.75,15.0,0.78,3.58,0.79,73.36,0.01,0.02,2319.3943,1776236446000
1776242655.012,255.012,0.21,71.24,0.2,203.0,0.23,20.0,0.24,81.38,0.77,5.0,0.76,81.38,0.78,1.08,0.79,73.36,0.02,0.01,2319.3943,1776236446000
1776242655.568,255.568,0.21,71.24,0.2,208.0,0.23,20.0,0.24,81.38,0.77,20.0,0.76,81.38,0.79,71.24,0.8,203.0,0.02,0.02,2319.3943,1776236446000
1776242656.128,256.128,0.21,46.24,0.2,15.0,0.22,10.0,0.23,20.0,0.77,20.0,0.76,81.38,0.79,71.24,0.8,208.0,0.01,0.02,2319.3943,1776236446000
1776242656.58,256.58,0.21,39.97,0.2,15.0,0.22,10.0,0.23,20.0,0.78,10.0,0.77,20.0,0.79,46.24,0.8,15.0,0.01,0.01,2319.3943,1776236446000
1776242657.53,257.53,0.2,25.05,0.19,187.67,0.22,9.18,0.23,15.0,0.78,15.0,0.77,15.0,0.8,15.0,0.81,199.67,0.02,0.02,2319.3943,1776236446000
1776242657.889,257.889,0.21,13.73,0.2,20.05,0.22,4.18,0.23,15.0,0.78,9.18,0.77,15.0,0.8,25.05,0.81,187.67,0.01,0.02,2319.3943,1776236446000
1776242660.862,260.862,0.19,10.0,0.18,10.0,0.21,114.34,0.22,20.01,0.78,4.18,0.77,15.0,0.79,13.73,0.8,20.05,0.02,0.01,2319.3943,1776236446000
1776242661.22,261.22,0.19,8.76,0.18,10.0,0.2,96.71,0.21,25.0,0.79,114.34,0.78,20.01,0.81,10.0,0.82,10.0,0.01,0.02,2319.3943,1776236446000
1776242661.695,261.695,0.19,10.0,0.18,10.0,0.2,94.83,0.21,205.0,0.8,96.71,0.79,25.0,0.81,8.76,0.82,10.0,0.01,0.01,2319.3943,1776236446000
1776242662.699,262.699,0.19,0.89,0.18,10.0,0.2,30.12,0.21,233.83,0.8,94.83,0.79,205.0,0.81,10.0,0.82,10.0,0.01,0.01,2319.3943,1776236446000
1776242663.262,263.262,0.17,15.44,0.16,60.0,0.19,45.95,0.2,35.12,0.8,40.12,0.79,233.83,0.82,10.0,0.83,15.94,0.02,0.02,2319.3943,1776236446000
1776242663.593,263.593,0.17,200.44,0.16,60.0,0.2,35.12,0.21,20.0,0.81,45.95,0.8,35.12,0.83,15.44,0.84,60.0,0.03,0.02,2319.3943,1776236446000
1776242664.31,264.31,0.17,195.14,0.16,66.31,0.18,76.81,0.19,10.0,0.8,35.12,0.79,20.0,0.83,200.44,0.84,60.0,0.01,0.03,2319.3943,1776236446000
1776242664.622,264.622,0.17,188.84,0.16,56.31,0.18,81.81,0.19,10.0,0.82,76.81,0.81,10.0,0.83,195.14,0.84,66.31,0.01,0.01,2319.3943,1776236446000
1776242664.848,264.848,0.16,66.31,0.15,38.2,0.18,81.81,0.19,24.0,0.82,81.81,0.81,10.0,0.83,188.84,0.84,56.31,0.02,0.01,2319.3943,1776236446000
1776242665.488,265.488,0.16,55.41,0.15,10.0,0.18,91.81,0.19,30.15,0.82,81.81,0.81,24.0,0.84,56.61,0.85,38.2,0.02,0.02,2319.3943,1776236446000
1776242666.084,266.084,0.16,50.02,0.15,10.0,0.17,106.98,0.18,35.0,0.82,91.81,0.81,30.15,0.84,50.02,0.85,10.0,0.01,0.02,2319.3943,1776236446000
1776242666.593,266.593,0.16,25.95,0.15,10.0,0.17,121.98,0.18,35.0,0.83,106.98,0.82,35.0,0.84,46.18,0.85,10.0,0.01,0.01,2319.3943,1776236446000
1776242666.999,266.999,0.16,5.91,0.15,29.06,0.17,146.98,0.18,30.0,0.83,116.98,0.82,35.0,0.85,12.33,0.86,44.9,0.01,0.02,2319.3943,1776236446000
1776242667.704,267.704,0.15,26.7,0.14,10.0,0.17,126.98,0.18,30.0,0.83,136.98,0.82,30.0,0.84,3.76,0.85,29.06,0.02,0.01,2319.3943,1776236446000
1776242668.235,268.235,0.15,11.62,0.14,10.0,0.16,168.18,0.17,35.11,0.83,126.98,0.82,30.0,0.85,20.68,0.86,10.0,0.01,0.02,2319.3943,1776236446000
1776242668.903,268.903,0.15,1.37,0.14,10.0,0.16,168.18,0.17,30.11,0.84,168.18,0.83,35.11,0.85,11.62,0.86,10.0,0.01,0.01,2319.3943,1776236446000
1776242669.81,269.81,0.14,16.88,0.13,57.8,0.15,20.0,0.16,168.19,0.84,168.18,0.83,30.11,0.86,8.83,0.87,57.8,0.01,0.02,2319.3943,1776236446000
1776242670.01,270.01,0.14,0.76,0.13,57.8,0.15,155.73,0.16,48.01,0.85,20.0,0.84,168.19,0.86,16.88,0.87,57.8,0.01,0.01,2319.3943,1776236446000
1776242670.325,270.325,0.12,67.96,0.11,96.79,0.14,5.0,0.15,145.73,0.85,155.73,0.84,48.01,0.86,0.76,0.87,57.8,0.02,0.01,2319.3943,1776236446000
1776242671.2,271.2,0.12,76.37,0.11,96.79,0.13,99.31,0.14,20.0,0.85,137.73,0.84,48.01,0.88,72.96,0.89,96.79,0.01,0.03,2319.3943,1776236446000
1776242671.846,271.846,0.12,81.6,0.11,96.79,0.13,92.88,0.14,20.0,0.87,99.31,0.86,20.0,0.88,67.71,0.89,96.79,0.01,0.01,2319.3943,1776236446000
1776242672.322,272.322,0.12,46.41,0.11,120.79,0.13,107.88,0.14,20.0,0.87,92.88,0.86,20.0,0.88,81.6,0.89,96.79,0.01,0.01,2319.3943,1776236446000
1776242673.558,273.558,0.11,109.28,0.1,50.0,0.13,46.57,0.14,20.0,0.87,107.88,0.86,20.0,0.88,46.41,0.89,120.79,0.02,0.01,2319.3943,1776236446000
1776242674.614,274.614,0.11,40.97,0.1,75.0,0.12,15.0,0.13,36.57,0.87,46.57,0.86,20.0,0.89,109.28,0.9,50.0,0.01,0.02,2319.3943,1776236446000
1776242675.413,275.413,0.1,33.98,0.09,19.8,0.11,35.0,0.12,35.0,0.88,15.0,0.87,36.57,0.89,40.97,0.9,75.0,0.01,0.01,2319.3943,1776236446000
1776242675.747,275.747,0.11,11.0,0.1,25.1,0.12,15.0,0.13,21.57,0.89,35.0,0.88,35.0,0.9,33.98,0.91,19.8,0.01,0.01,2319.3943,1776236446000
1776242676.07,276.07,0.12,22.86,0.11,21.0,0.13,26.57,0.14,5.0,0.87,21.57,0.85,35.0,0.88,9.0,0.89,11.0,0.01,0.01,2319.3943,1776236446000
1776242676.945,276.945,0.12,23.41,0.11,10.0,0.13,17.95,0.14,4.0,0.86,4.0,0.85,35.0,0.88,10.0,0.89,10.0,0.01,0.02,2319.3943,1776236446000
1776242677.635,277.635,0.1,18.98,0.09,19.8,0.11,15.0,0.12,10.0,0.87,17.95,0.86,4.0,0.88,23.41,0.89,10.0,0.01,0.01,2319.3943,1776236446000
1776242678.101,278.101,0.09,18.7,0.08,10.0,0.1,113.19,0.11,10.0,0.89,15.0,0.88,10.0,0.9,18.98,0.91,19.8,0.01,0.01,2319.3943,1776236446000
1776242678.942,278.942,0.09,6.5,0.08,10.0,0.1,41.0,0.11,10.0,0.9,113.19,0.89,10.0,0.91,18.7,0.92,10.0,0.01,0.01,2319.3943,1776236446000
1776242679.407,279.407,0.08,10.0,0.07,40.0,0.09,19.5,0.1,38.0,0.9,38.0,0.89,74.96,0.91,11.5,0.92,10.0,0.01,0.01,2319.3943,1776236446000
1776242679.71,279.71,0.06,37.45,0.05,25.0,0.09,62.38,0.1,33.0,0.91,19.5,0.9,38.0,0.92,10.0,0.93,40.0,0.03,0.01,2319.3943,1776236446000
1776242680.457,280.457,0.07,15.0,0.06,37.45,0.09,5.0,0.1,23.0,0.91,37.27,0.9,38.0,0.93,10.0,0.94,37.45,0.02,0.02,2319.3943,1776236446000
1776242680.794,280.794,0.09,38.82,0.08,44.0,0.1,28.0,0.11,15.0,0.91,5.0,0.9,23.0,0.93,15.0,0.94,37.45,0.01,0.02,2319.3943,1776236446000
1776242681.007,281.007,0.09,43.82,0.08,44.0,0.11,136.92,0.12,10.0,0.9,28.0,0.89,15.0,0.91,38.82,0.92,44.0,0.02,0.01,2319.3943,1776236446000
1776242681.428,281.428,0.09,10.0,0.08,56.27,0.11,163.38,0.12,18.0,0.89,173.92,0.88,10.0,0.92,43.65,0.93,10.0,0.02,0.03,2319.3943,1776236446000
1776242682.292,282.292,0.08,44.44,0.07,10.0,0.09,176.25,0.1,15.0,0.89,163.38,0.88,18.0,0.91,5.05,0.92,56.27,0.01,0.02,2319.3943,1776236446000
1776242684.335,284.335,0.08,21.61,0.05,25.0,0.09,20.0,0.1,171.53,0.91,181.25,0.9,15.0,0.92,10.08,0.93,10.0,0.01,0.01,2319.3943,1776236446000
1776242685.844,285.844,0.06,31.83,0.05,25.0,0.08,0.35,0.09,35.0,0.91,20.0,0.9,171.53,0.92,21.61,0.95,25.0,0.02,0.01,2319.3943,1776236446000
1776242686.636,286.636,0.06,31.83,0.05,25.0,0.11,56.54,0.12,35.0,0.92,15.35,0.91,35.0,0.94,25.76,0.95,25.0,0.05,0.02,2319.3943,1776236446000
1776242687.14,287.14,0.07,5.0,0.06,26.83,0.08,136.06,0.09,15.0,0.89,56.54,0.88,35.0,0.94,31.83,0.95,25.0,0.01,0.05,2319.3943,1776236446000
1776242688.57,288.57,0.05,35.2,0.04,15.0,0.07,10.0,0.08,148.0,0.92,136.06,0.91,15.0,0.93,5.0,0.94,26.83,0.02,0.01,2319.3943,1776236446000
1776242688.829,288.829,0.05,29.93,0.04,25.0,0.06,10.0,0.07,10.0,0.93,10.0,0.92,148.0,0.95,35.2,0.96,15.0,0.01,0.02,2319.3943,1776236446000
1776242689.547,289.547,0.05,24.67,0.04,15.0,0.06,15.0,0.07,10.0,0.94,10.0,0.93,10.0,0.95,29.93,0.96,25.0,0.01,0.01,2319.3943,1776236446000
1776242689.922,289.922,0.05,4.47,0.04,15.0,0.07,27.81,0.08,125.0,0.94,15.0,0.93,10.0,0.95,24.67,0.96,15.0,0.02,0.01,2319.3943,1776236446000
1776242690.674,290.674,0.04,30.25,0.03,170.0,0.05,15.0,0.06,10.0,0.94,15.0,0.93,27.81,0.96,15.0,0.97,180.0,0.01,0.02,2319.3943,1776236446000
1776242690.975,290.975,0.04,19.31,0.03,170.0,0.05,20.0,0.06,10.0,0.95,15.0,0.94,10.0,0.96,30.25,0.97,170.0,0.01,0.01,2319.3943,1776236446000
1776242691.214,291.214,0.03,203.5,0.02,230.0,0.04,10.0,0.05,15.0,0.95,20.0,0.94,10.0,0.96,19.31,0.97,170.0,0.01,0.01,2319.3943,1776236446000
1776242691.626,291.626,0.03,211.43,0.02,230.0,0.04,15.05,0.05,15.0,0.96,21.0,0.95,15.0,0.97,201.43,0.98,230.0,0.01,0.01,2319.3943,1776236446000
1776242691.903,291.903,0.03,211.43,0.02,230.0,0.04,8.85,0.05,15.0,0.96,15.05,0.95,15.0,0.97,211.43,0.98,230.0,0.01,0.01,2319.3943,1776236446000
1776242692.251,292.251,0.03,193.43,0.02,330.0,0.05,2.0,0.06,87.0,0.96,5.0,0.95,15.0,0.97,188.43,0.98,230.0,0.02,0.01,2319.3943,1776236446000
1776242693.387,293.387,0.03,158.43,0.02,230.0,0.04,10.0,0.05,22.0,0.95,2.0,0.94,87.0,0.97,193.43,0.98,330.0,0.01,0.02,2319.3943,1776236446000
1776242694.929,294.929,0.03,142.38,0.02,220.0,0.04,44.84,0.05,22.0,0.96,9.88,0.95,22.0,0.97,137.38,0.98,230.0,0.01,0.01,2319.3943,1776236446000
1776242695.324,295.324,0.03,92.38,0.02,220.0,0.04,10.0,0.05,27.0,0.96,29.48,0.95,22.0,0.97,137.38,0.98,220.0,0.01,0.01,2319.3943,1776236446000
1776242696.161,296.161,0.03,42.15,0.02,208.0,0.04,15.0,0.05,97.0,0.96,10.0,0.95,27.0,0.97,56.19,0.98,220.0,0.01,0.01,2319.3943,1776236446000
1776242696.387,296.387,0.03,21.53,0.02,208.0,0.04,20.0,0.05,97.0,0.96,15.0,0.95,97.0,0.97,42.15,0.98,208.0,0.01,0.01,2319.3943,1776236446000
1776242696.61,296.61,0.02,147.97,0.01,1479.0,0.03,15.0,0.04,90.0,0.97,15.0,0.96,90.0,0.98,155.97,0.99,1479.0,0.01,0.01,2319.3943,1776236446000
1776242696.874,296.874,0.02,132.56,0.01,1479.0,0.03,15.0,0.04,90.0,0.97,15.0,0.96,90.0,0.98,147.97,0.99,1479.0,0.01,0.01,2319.3943,1776236446000
1776242697.291,297.291,0.02,120.4,0.01,1479.0,0.03,15.0,0.04,90.0,0.97,15.0,0.96,90.0,0.98,122.45,0.99,1479.0,0.01,0.01,2319.3943,1776236446000
1776242697.491,297.491,0.01,1298.85,,,0.02,15.0,0.03,20.0,0.98,15.0,0.97,20.0,0.99,1309.84,,,0.01,0.01,2319.3943,1776236446000
1776242697.71,297.71,0.01,866.48,,,0.02,5.0,0.03,25.0,0.98,5.0,0.97,25.0,0.99,883.48,,,0.01,0.01,2319.3943,1776236446000
1776242697.981,297.981,0.01,906.75,,,0.02,5.0,0.03,10.0,0.98,5.0,0.97,10.0,0.99,902.77,,,0.01,0.01,2319.3943,1776236446000
1776242698.249,298.249,0.01,875.63,,,0.02,5.0,0.03,10.0,0.98,5.0,0.97,10.0,0.99,895.63,,,0.01,0.01,2319.3943,1776236446000
1776242698.451,298.451,0.01,624.63,,,0.03,8.0,0.04,107.0,0.97,8.0,0.96,120.0,0.99,629.63,,,0.02,0.02,2319.3943,1776236446000
1776242698.681,298.681,0.01,161.52,,,0.03,28.0,0.04,91.0,0.97,28.0,0.96,91.0,0.99,201.52,,,0.02,0.02,2319.3943,1776236446000
1776242699.097,299.097,,,,,0.01,4087.0,0.02,16.0,0.99,795.0,0.97,28.0,,,,,,,2319.3943,1776236446000
1776242699.677,299.677,,,,,0.01,12517.05,0.02,16.0,0.99,4087.0,0.98,16.0,,,,,,,2319.3943,1776236446000
