timestamp,elapsed_sec,up_bid_p1,up_bid_s1,up_bid_p2,up_bid_s2,up_ask_p1,up_ask_s1,up_ask_p2,up_ask_s2,down_bid_p1,down_bid_s1,down_bid_p2,down_bid_s2,down_ask_p1,down_ask_s1,down_ask_p2,down_ask_s2,up_spread,down_spread,eth_price,eth_oracle_ts
1776367200.745,0.745,0.45,8.88,0.4,5.0,0.5,2.96,0.51,16.51,0.52,5.0,0.51,5.0,0.55,8.88,0.6,5.0,0.05,0.03,2341.508845,1776367199000
1776367201.021,1.021,0.45,8.88,0.4,5.0,0.5,2.96,0.51,16.51,0.5,2.96,0.49,16.51,0.55,8.88,0.6,5.0,0.05,0.05,2341.46843,1776367200000
1776367201.332,1.332,0.48,21.0,0.47,18.0,0.49,27.08,0.5,2.96,0.5,2.96,0.49,16.51,0.55,8.88,0.6,5.0,0.01,0.05,2341.46843,1776367200000
1776367201.914,1.914,0.48,19.07,0.47,18.0,0.49,27.08,0.5,2.96,0.51,27.08,0.5,2.96,0.52,21.0,0.53,18.0,0.01,0.01,2341.46843,1776367200000
1776367202.171,2.171,0.48,8.49,0.47,18.0,0.49,27.08,0.5,2.96,0.51,27.08,0.5,2.96,0.52,8.49,0.53,18.0,0.01,0.01,2341.476164,1776367201000
1776367202.623,2.623,0.48,8.49,0.47,18.0,0.49,18.42,0.5,2.96,0.51,27.08,0.5,2.96,0.52,8.49,0.53,18.0,0.01,0.01,2341.476164,1776367201000
1776367203.611,3.611,0.48,8.49,0.47,18.0,0.49,10.35,0.5,2.96,0.51,10.35,0.5,2.96,0.52,8.49,0.53,18.0,0.01,0.01,2341.487494,1776367202000
1776367204.347,4.347,0.48,8.49,0.47,18.0,0.49,10.35,0.5,2.96,0.51,10.35,0.5,2.96,0.52,8.49,0.53,18.0,0.01,0.01,2341.485029,1776367203000
1776367204.662,4.662,0.48,28.49,0.47,23.0,0.49,6.35,0.5,2.96,0.51,10.35,0.5,2.96,0.52,8.49,0.53,18.0,0.01,0.01,2341.485029,1776367203000
1776367205.389,5.389,0.48,28.49,0.47,23.0,0.49,6.35,0.5,2.96,0.51,6.35,0.5,2.96,0.52,28.49,0.53,23.0,0.01,0.01,2341.490324,1776367204000
1776367205.765,5.765,0.48,28.49,0.47,23.0,0.51,17.82,0.52,35.02,0.51,6.35,0.5,2.96,0.52,28.49,0.53,23.0,0.03,0.01,2341.490324,1776367204000
1776367205.975,5.975,0.5,15.0,0.49,15.0,0.51,22.82,0.52,35.02,0.49,17.82,0.48,35.02,0.52,28.49,0.53,23.0,0.01,0.03,2341.490324,1776367204000
1776367206.386,6.386,0.5,22.6,0.49,10.0,0.51,22.82,0.52,45.02,0.49,22.82,0.48,35.02,0.5,15.0,0.51,15.0,0.01,0.01,2341.574829,1776367205000
1776367207.127,7.127,0.5,20.6,0.49,10.0,0.51,22.82,0.52,45.02,0.49,22.82,0.48,45.02,0.5,20.6,0.51,10.0,0.01,0.01,2341.489289,1776367206000
1776367208.162,8.162,0.5,35.6,0.49,32.0,0.51,7.82,0.52,40.02,0.49,22.82,0.48,45.02,0.5,20.6,0.51,10.0,0.01,0.01,2341.489289,1776367206000
1776367208.373,8.373,0.5,53.5,0.49,57.0,0.51,1.17,0.52,40.02,0.49,7.82,0.48,40.02,0.5,35.6,0.51,32.0,0.01,0.01,2341.489278,1776367207000
1776367208.752,8.752,0.51,173.5,0.5,247.5,0.52,37.71,0.53,10.0,0.49,1.17,0.48,40.02,0.5,53.5,0.51,57.0,0.01,0.01,2341.489278,1776367207000
1776367209.164,9.164,0.51,162.59,0.5,257.5,0.52,18.09,0.53,10.0,0.48,10.09,0.47,10.0,0.49,123.5,0.5,257.5,0.01,0.01,2341.489278,1776367207000
1776367209.42,9.42,0.51,208.39,0.5,257.5,0.52,9.91,0.57,5.0,0.48,14.91,0.43,5.0,0.49,208.39,0.5,257.5,0.01,0.01,2341.489278,1776367207000
1776367210.217,10.217,0.59,54.2,0.58,15.0,0.6,18.25,0.61,84.0,0.43,5.0,0.42,5.0,0.49,208.39,0.5,257.5,0.01,0.06,2341.524652,1776367208000
1776367211.707,11.707,0.59,35.0,0.58,15.0,0.6,35.5,0.61,84.0,0.4,18.25,0.39,84.0,0.41,54.2,0.42,15.0,0.01,0.01,2341.985564,1776367210000
1776367212.124,12.124,0.59,30.0,0.58,15.0,0.6,15.5,0.61,84.0,0.4,35.5,0.39,84.0,0.41,35.0,0.42,15.0,0.01,0.01,2342.00178,1776367211000
1776367212.567,12.567,0.59,30.0,0.58,15.0,0.6,33.0,0.61,84.0,0.4,15.5,0.39,84.0,0.41,30.0,0.42,15.0,0.01,0.01,2342.00178,1776367211000
1776367213.007,13.007,0.59,26.0,0.58,20.5,0.6,7.5,0.61,94.5,0.4,33.0,0.39,84.0,0.41,30.0,0.42,15.0,0.01,0.01,2342.00178,1776367211000
1776367214.364,14.364,0.54,35.05,0.53,105.0,0.56,10.0,0.57,25.5,0.39,90.79,0.37,10.0,0.41,10.0,0.42,20.5,0.02,0.02,2342.169908,1776367213000
1776367214.79,14.79,0.54,25.05,0.53,115.0,0.55,20.0,0.56,25.0,0.45,15.0,0.44,45.0,0.46,35.05,0.47,115.0,0.01,0.01,2342.169908,1776367213000
1776367215.51,15.51,0.53,35.0,0.52,35.5,0.54,16.49,0.55,158.98,0.45,20.0,0.44,25.0,0.46,25.05,0.47,115.0,0.01,0.01,2342.10817,1776367214000
1776367216.512,16.512,0.52,7.5,0.51,15.0,0.53,35.0,0.54,38.99,0.46,16.49,0.45,158.98,0.47,35.0,0.48,35.5,0.01,0.01,2342.100515,1776367215000
1776367217.169,17.169,0.52,5.0,0.51,35.5,0.53,22.11,0.54,38.5,0.47,32.11,0.46,38.99,0.48,5.0,0.49,25.5,0.01,0.01,2341.907189,1776367216000
1776367217.564,17.564,0.51,35.5,0.5,16.0,0.53,22.11,0.54,38.5,0.47,22.11,0.46,38.5,0.48,5.0,0.49,35.5,0.02,0.01,2341.907189,1776367216000
1776367218.375,18.375,0.51,25.5,0.5,26.5,0.52,21.0,0.53,95.0,0.47,22.11,0.46,38.5,0.49,35.5,0.5,16.0,0.01,0.02,2341.907189,1776367216000
1776367219.557,19.557,0.51,33.5,0.5,32.5,0.52,11.0,0.53,95.0,0.48,21.0,0.47,95.0,0.49,25.5,0.5,26.5,0.01,0.01,2341.787831,1776367217000
1776367219.791,19.791,0.51,33.5,0.5,32.5,0.54,22.14,0.55,175.99,0.48,11.0,0.47,95.0,0.49,33.5,0.5,32.5,0.03,0.01,2341.781251,1776367218000
1776367221.893,21.893,0.5,10.5,0.49,15.5,0.53,115.99,0.54,162.98,0.46,22.14,0.45,175.99,0.49,33.5,0.5,32.5,0.03,0.03,2341.772747,1776367220000
1776367223.052,23.052,0.49,25.5,0.48,10.0,0.5,48.0,0.51,42.5,0.49,59.2,0.48,35.99,0.51,30.5,0.52,15.0,0.01,0.02,2341.76994,1776367221000
1776367223.594,23.594,0.49,23.91,0.48,25.0,0.5,55.0,0.51,57.0,0.5,48.0,0.49,42.5,0.51,25.5,0.52,10.0,0.01,0.01,2341.76994,1776367221000
1776367226.471,26.471,0.49,85.5,0.48,36.5,0.5,5.0,0.51,20.0,0.5,55.0,0.49,57.0,0.51,23.91,0.52,25.0,0.01,0.01,2341.55151,1776367224000
1776367226.931,26.931,0.49,181.5,0.48,36.5,0.51,3.52,0.53,35.0,0.5,5.0,0.49,20.0,0.51,85.5,0.52,36.5,0.02,0.01,2341.508359,1776367225000
1776367227.356,27.356,0.49,5.0,0.48,5.0,0.51,22.0,0.52,88.7,0.48,20.5,0.47,55.5,0.5,75.0,0.51,87.2,0.02,0.02,2341.522325,1776367226000
1776367228.948,28.948,0.49,8.03,0.48,52.5,0.5,15.0,0.51,45.5,0.49,22.0,0.48,88.7,0.51,5.0,0.52,5.0,0.01,0.02,2341.557617,1776367227000
1776367230.497,30.497,0.51,10.0,0.5,10.0,0.53,46.0,0.54,120.5,0.5,15.0,0.49,45.5,0.51,8.03,0.52,52.5,0.02,0.01,2341.551665,1776367229000
1776367232.573,32.573,0.48,5.0,0.47,15.0,0.49,11.93,0.5,86.7,0.48,15.0,0.47,46.0,0.49,5.0,0.5,10.0,0.01,0.01,2341.629029,1776367231000
1776367233.245,33.245,0.46,267.7,0.45,225.0,0.47,3.02,0.49,11.93,0.51,11.93,0.5,86.7,0.52,5.0,0.53,15.0,0.01,0.01,2341.629029,1776367231000
1776367233.883,33.883,0.53,22.0,0.52,22.0,0.54,8.29,0.55,130.0,0.53,3.02,0.51,11.93,0.54,267.7,0.55,225.0,0.01,0.01,2341.584394,1776367232000
1776367234.671,34.671,0.53,11.89,0.52,27.0,0.54,33.29,0.55,157.0,0.46,8.29,0.45,130.0,0.47,22.0,0.48,22.0,0.01,0.01,2341.528167,1776367233000
1776367235.12,35.12,0.52,6.5,0.51,15.0,0.53,47.5,0.54,40.29,0.46,44.29,0.45,162.0,0.47,1.89,0.48,5.0,0.01,0.01,2341.528167,1776367233000
1776367236.749,36.749,0.49,5.0,0.48,26.0,0.53,67.5,0.54,31.29,0.47,47.5,0.46,40.29,0.48,6.5,0.49,15.0,0.04,0.01,2341.52426,1776367234000
1776367239.675,39.675,0.48,5.0,0.47,62.71,0.49,36.16,0.5,45.5,0.47,67.5,0.46,31.29,0.51,5.0,0.52,26.0,0.01,0.04,2341.539965,1776367238000
1776367242.442,42.442,0.47,10.21,0.45,105.5,0.48,87.41,0.49,123.16,0.51,36.16,0.5,45.5,0.52,5.0,0.53,62.71,0.01,0.01,2341.443053,1776367241000
1776367244.717,44.717,0.45,85.5,0.44,72.5,0.46,71.0,0.47,20.0,0.52,102.41,0.51,123.16,0.55,105.5,0.56,57.5,0.01,0.03,2341.402138,1776367243000
1776367248.786,48.786,0.44,11.42,0.43,42.5,0.45,59.0,0.46,35.5,0.54,71.0,0.53,20.0,0.55,85.5,0.56,72.5,0.01,0.01,2341.322797,1776367247000
1776367249.861,49.861,0.44,29.79,0.43,52.5,0.45,46.0,0.46,33.5,0.55,59.0,0.54,35.5,0.56,11.42,0.57,42.5,0.01,0.01,2341.322812,1776367248000
1776367252.122,52.122,0.44,225.5,0.43,185.5,0.46,8.0,0.47,10.0,0.55,46.0,0.54,33.5,0.56,29.79,0.57,52.5,0.02,0.01,2341.252324,1776367251000
1776367252.501,52.501,0.46,158.5,0.45,111.5,0.47,4.89,0.52,6.0,0.53,5.0,0.5,20.0,0.54,20.0,0.55,37.5,0.01,0.01,2341.252324,1776367251000
1776367252.731,52.731,0.46,158.5,0.45,106.5,0.52,6.0,0.53,85.0,0.53,4.89,0.48,6.0,0.54,158.5,0.55,111.5,0.06,0.01,2341.252324,1776367251000
1776367253.024,53.024,0.5,19.2,0.49,15.0,0.51,25.5,0.52,21.0,0.48,6.0,0.47,85.0,0.54,158.5,0.55,106.5,0.01,0.06,2341.252324,1776367251000
1776367254.087,54.087,0.5,35.2,0.49,31.5,0.51,15.5,0.52,25.5,0.49,25.5,0.48,21.0,0.5,19.2,0.51,15.0,0.01,0.01,2341.25115,1776367253000
1776367255.348,55.348,0.5,25.0,0.49,21.0,0.51,22.5,0.52,20.5,0.49,15.5,0.48,25.5,0.5,35.2,0.51,31.5,0.01,0.01,2341.461587,1776367254000
1776367256.548,56.548,0.5,20.0,0.49,5.0,0.51,12.1,0.52,20.5,0.49,22.5,0.48,20.5,0.5,25.0,0.51,21.0,0.01,0.01,2341.470326,1776367255000
1776367257.161,57.161,0.51,27.91,0.5,26.0,0.52,9.38,0.53,100.5,0.48,4.38,0.47,95.5,0.49,20.0,0.5,30.0,0.01,0.01,2341.470326,1776367255000
1776367258.01,58.01,0.51,38.04,0.5,16.0,0.52,49.57,0.53,100.5,0.48,9.38,0.47,100.5,0.49,27.91,0.5,26.0,0.01,0.01,2341.464506,1776367256000
1776367258.839,58.839,0.51,43.04,0.5,31.5,0.52,7.76,0.53,100.5,0.48,49.57,0.47,100.5,0.49,33.04,0.5,16.0,0.01,0.01,2341.477628,1776367257000
1776367259.715,59.715,0.51,18.56,0.5,5.0,0.52,47.5,0.53,105.5,0.48,7.76,0.47,100.5,0.49,43.04,0.5,31.5,0.01,0.01,2341.532736,1776367258000
1776367261.073,61.073,0.51,18.56,0.5,15.0,0.52,50.57,0.53,127.5,0.48,47.5,0.47,105.5,0.49,13.56,0.5,5.0,0.01,0.01,2341.582092,1776367259000
1776367261.777,61.777,0.51,18.56,0.5,25.5,0.52,43.14,0.53,127.5,0.48,50.57,0.47,127.5,0.49,18.56,0.5,15.0,0.01,0.01,2341.525483,1776367260000
1776367262.049,62.049,0.51,18.56,0.5,25.5,0.52,57.21,0.53,127.5,0.48,43.14,0.47,127.5,0.49,18.56,0.5,25.5,0.01,0.01,2341.525483,1776367260000
1776367262.39,62.39,0.51,99.21,0.5,36.5,0.52,15.0,0.53,75.0,0.48,57.21,0.47,127.5,0.49,18.56,0.5,25.5,0.01,0.01,2341.525483,1776367260000
1776367263.545,63.545,0.53,87.86,0.52,76.5,0.54,15.0,0.55,85.0,0.48,15.0,0.47,75.0,0.49,99.21,0.5,36.5,0.01,0.01,2341.500336,1776367262000
1776367265.145,65.145,0.51,35.0,0.5,5.0,0.54,134.5,0.55,330.5,0.46,15.0,0.45,85.0,0.47,87.86,0.48,76.5,0.03,0.01,2341.493727,1776367263000
1776367265.492,65.492,0.5,5.0,0.49,10.0,0.52,111.07,0.53,33.0,0.46,134.5,0.45,330.5,0.49,35.0,0.5,5.0,0.02,0.03,2341.673646,1776367264000
1776367265.799,65.799,0.44,3.21,0.43,41.0,0.45,10.0,0.46,113.0,0.49,187.0,0.48,63.07,0.52,25.0,0.53,25.0,0.01,0.03,2341.673646,1776367264000
1776367266.604,66.604,0.42,75.0,0.41,55.0,0.44,147.0,0.45,30.33,0.55,33.33,0.54,97.0,0.56,3.21,0.57,41.0,0.02,0.01,2341.579046,1776367265000
1776367266.946,66.946,0.35,11.0,0.31,5.0,0.36,20.0,0.39,47.0,0.59,16.0,0.58,47.0,0.62,50.0,0.63,50.0,0.01,0.03,2341.536108,1776367266000
1776367267.225,67.225,0.35,13.89,0.31,15.0,0.36,53.0,0.37,10.0,0.64,20.0,0.61,47.0,0.65,11.0,0.69,5.0,0.01,0.01,2341.536108,1776367266000
1776367267.483,67.483,0.35,10.0,0.34,5.0,0.36,78.44,0.37,10.0,0.64,53.0,0.63,10.0,0.65,13.89,0.69,15.0,0.01,0.01,2341.536108,1776367266000
1776367267.868,67.868,0.32,30.38,0.31,10.0,0.34,42.0,0.35,10.0,0.64,78.44,0.63,10.0,0.65,10.0,0.66,5.0,0.02,0.01,2341.536108,1776367266000
1776367268.09,68.09,0.32,39.38,0.31,10.0,0.33,22.96,0.34,59.0,0.66,42.0,0.65,10.0,0.68,30.38,0.69,10.0,0.01,0.02,2341.536108,1776367266000
1776367268.666,68.666,0.32,57.1,0.31,10.0,0.33,26.0,0.34,4.27,0.66,4.27,0.65,10.0,0.68,51.38,0.69,10.0,0.01,0.02,2341.536108,1776367266000
1776367268.915,68.915,0.33,13.0,0.32,45.5,0.35,10.0,0.36,34.44,0.65,10.0,0.64,34.44,0.68,64.64,0.69,10.0,0.02,0.03,2340.863725,1776367267000
1776367269.142,69.142,0.34,3.48,0.33,10.0,0.35,20.28,0.36,34.44,0.65,20.28,0.64,34.44,0.67,10.0,0.68,40.5,0.01,0.02,2340.863725,1776367267000
1776367269.415,69.415,0.34,30.67,0.33,15.0,0.35,27.42,0.36,30.0,0.65,32.42,0.64,30.0,0.66,30.67,0.67,15.0,0.01,0.01,2340.667796,1776367268000
1776367269.646,69.646,0.34,12.76,0.33,20.5,0.35,24.56,0.36,20.0,0.65,27.42,0.64,30.0,0.66,35.24,0.67,20.5,0.01,0.01,2340.667796,1776367268000
1776367270.013,70.013,0.34,53.24,0.33,20.5,0.35,5.0,0.36,20.0,0.65,24.56,0.64,20.0,0.66,12.76,0.67,20.5,0.01,0.01,2340.605622,1776367269000
1776367270.36,70.36,0.34,25.72,0.33,20.5,0.35,5.0,0.36,20.0,0.65,5.0,0.64,20.0,0.66,53.24,0.67,20.5,0.01,0.01,2340.605622,1776367269000
1776367270.677,70.677,0.34,130.72,0.33,25.5,0.35,2.14,0.36,20.0,0.65,5.0,0.64,20.0,0.66,25.72,0.67,20.5,0.01,0.01,2340.605622,1776367269000
1776367271.084,71.084,0.35,26.5,0.34,23.76,0.36,66.42,0.37,10.0,0.64,3.0,0.62,80.0,0.65,10.0,0.66,79.76,0.01,0.01,2340.568562,1776367270000
1776367272.232,72.232,0.35,17.12,0.34,23.76,0.36,82.22,0.37,10.0,0.64,66.42,0.63,10.0,0.65,21.88,0.66,23.76,0.01,0.01,2340.580249,1776367271000
1776367272.958,72.958,0.35,14.04,0.34,23.76,0.36,82.22,0.37,10.0,0.64,82.22,0.63,10.0,0.65,17.12,0.66,23.76,0.01,0.01,2340.580249,1776367271000
1776367273.554,73.554,0.35,99.19,0.34,103.76,0.36,30.22,0.37,10.0,0.64,82.22,0.63,10.0,0.65,14.04,0.66,23.76,0.01,0.01,2340.667796,1776367272000
1776367274.508,74.508,0.35,114.19,0.34,98.76,0.4,75.0,0.41,10.0,0.64,30.22,0.63,10.0,0.65,99.19,0.66,103.76,0.05,0.01,2340.630332,1776367273000
1776367274.809,74.809,0.39,29.91,0.38,10.0,0.4,85.0,0.41,15.0,0.6,75.0,0.59,10.0,0.65,114.19,0.66,98.76,0.01,0.05,2340.630332,1776367273000
1776367276.77,76.77,0.38,22.5,0.36,20.5,0.39,10.18,0.4,107.5,0.6,82.5,0.59,15.0,0.61,28.27,0.62,10.0,0.01,0.01,2340.727631,1776367275000
1776367277.074,77.074,0.35,30.5,0.34,19.57,0.39,28.18,0.4,124.0,0.61,17.68,0.6,113.0,0.62,7.0,0.64,10.5,0.04,0.01,2340.746518,1776367276000
1776367277.302,77.302,0.35,15.66,0.34,4.57,0.37,59.0,0.38,85.0,0.61,28.18,0.6,124.0,0.65,30.5,0.66,19.57,0.02,0.04,2340.746518,1776367276000
1776367278.415,78.415,0.35,20.66,0.34,4.57,0.36,28.11,0.37,20.0,0.63,59.0,0.62,85.0,0.65,15.66,0.66,4.57,0.01,0.02,2340.74409,1776367277000
1776367279.176,79.176,0.35,28.81,0.34,14.57,0.36,15.0,0.37,20.0,0.64,28.11,0.63,20.0,0.65,20.66,0.66,4.57,0.01,0.01,2340.699744,1776367278000
1776367282.361,82.361,0.35,94.5,0.34,19.57,0.38,35.0,0.39,15.0,0.64,15.0,0.63,20.0,0.65,28.81,0.66,14.57,0.03,0.01,2340.644651,1776367280000
1776367283.555,83.555,0.37,78.5,0.36,95.5,0.39,10.0,0.41,56.0,0.62,35.0,0.61,10.0,0.65,92.65,0.66,19.57,0.02,0.03,2340.634278,1776367282000
1776367283.916,83.916,0.4,19.33,0.39,25.5,0.41,5.0,0.42,45.5,0.61,10.0,0.59,56.0,0.63,78.5,0.64,95.5,0.01,0.02,2340.634278,1776367282000
1776367284.893,84.893,0.4,78.5,0.39,25.5,0.42,20.0,0.43,35.0,0.59,15.0,0.58,40.5,0.61,25.5,0.62,72.5,0.02,0.02,2340.63783,1776367283000
1776367285.396,85.396,0.42,97.44,0.41,31.5,0.43,35.0,0.44,75.0,0.58,20.0,0.57,35.0,0.6,78.5,0.61,25.5,0.01,0.02,2340.782331,1776367284000
1776367285.922,85.922,0.42,70.71,0.41,31.5,0.43,35.0,0.44,80.0,0.57,35.0,0.56,75.0,0.58,72.44,0.59,31.5,0.01,0.01,2340.782331,1776367284000
1776367286.682,86.682,0.42,35.5,0.41,40.5,0.43,58.0,0.44,75.0,0.57,35.0,0.56,80.0,0.58,50.3,0.59,31.5,0.01,0.01,2340.860323,1776367285000
1776367287.061,87.061,0.42,35.5,0.41,40.5,0.43,48.0,0.44,75.0,0.57,58.0,0.56,75.0,0.58,35.5,0.59,40.5,0.01,0.01,2340.860323,1776367285000
1776367287.656,87.656,0.42,93.5,0.41,105.4,0.44,75.0,0.47,15.0,0.57,48.0,0.56,75.0,0.58,35.5,0.59,40.5,0.02,0.01,2340.936392,1776367286000
1776367288.125,88.125,0.44,31.64,0.43,47.5,0.45,20.0,0.46,5.0,0.56,75.0,0.53,15.0,0.58,93.5,0.59,105.4,0.01,0.02,2340.936392,1776367286000
1776367288.736,88.736,0.44,28.71,0.43,62.2,0.45,10.0,0.46,5.0,0.55,20.0,0.54,5.0,0.56,31.64,0.57,47.5,0.01,0.01,2340.978708,1776367287000
1776367289.174,89.174,0.44,35.71,0.43,62.2,0.45,7.77,0.46,5.0,0.55,10.0,0.54,5.0,0.56,28.71,0.57,62.2,0.01,0.01,2340.978708,1776367287000
1776367290.016,90.016,0.48,31.5,0.47,31.5,0.5,2.58,0.51,5.0,0.54,16.15,0.53,15.5,0.55,10.0,0.56,23.71,0.02,0.01,2341.049931,1776367288000
1776367290.332,90.332,0.5,16.0,0.49,26.5,0.51,4.77,0.52,40.5,0.5,2.58,0.49,5.0,0.52,31.5,0.53,31.5,0.01,0.02,2341.171812,1776367289000
1776367291.375,91.375,0.5,16.0,0.49,31.5,0.51,14.77,0.52,40.5,0.49,4.77,0.48,40.5,0.5,16.0,0.51,26.5,0.01,0.01,2341.288007,1776367290000
1776367293.633,93.633,0.51,20.0,0.5,16.0,0.52,30.46,0.53,15.5,0.49,14.77,0.48,40.5,0.5,16.0,0.51,31.5,0.01,0.01,2341.487903,1776367292000
1776367294.883,94.883,0.51,306.5,0.5,101.5,0.52,0.28,0.55,80.0,0.48,28.42,0.47,15.5,0.49,20.0,0.5,16.0,0.01,0.01,2341.524933,1776367293000
1776367297.82,97.82,0.62,18.79,0.61,118.5,0.63,275.0,0.64,80.0,0.45,80.0,0.44,125.0,0.49,306.5,0.5,101.5,0.01,0.04,2341.684237,1776367296000
1776367299.689,99.689,0.64,58.0,0.63,15.0,0.65,5.3,0.66,90.0,0.37,275.0,0.36,90.5,0.38,82.02,0.39,60.5,0.01,0.01,2342.314512,1776367298000
1776367299.955,99.955,0.64,48.0,0.63,25.5,0.66,46.55,0.67,21.5,0.35,3.76,0.34,90.0,0.36,58.0,0.37,15.0,0.02,0.01,2342.314512,1776367298000
1776367300.228,100.228,0.65,108.0,0.64,20.0,0.67,17.98,0.68,20.0,0.34,46.55,0.33,21.5,0.36,48.0,0.37,25.5,0.02,0.02,2342.32832,1776367299000
1776367300.469,100.469,0.65,38.0,0.64,20.0,0.67,34.5,0.68,40.0,0.33,10.67,0.32,20.0,0.35,108.0,0.36,20.0,0.02,0.02,2342.32832,1776367299000
1776367300.991,100.991,0.65,16.37,0.64,10.0,0.66,36.0,0.67,34.5,0.34,2.2,0.33,34.5,0.35,10.0,0.36,10.0,0.01,0.01,2342.32832,1776367299000
1776367301.64,101.64,0.65,16.37,0.64,10.0,0.66,140.54,0.67,13.0,0.34,36.0,0.33,34.5,0.35,16.37,0.36,10.0,0.01,0.01,2342.395675,1776367300000
1776367301.863,101.863,0.65,16.37,0.64,25.5,0.66,140.84,0.67,13.0,0.34,140.54,0.33,13.0,0.35,16.37,0.36,10.0,0.01,0.01,2342.395675,1776367300000
1776367303.093,103.093,0.66,13.58,0.65,10.0,0.68,248.15,0.69,166.5,0.33,2.48,0.32,30.5,0.35,16.37,0.36,15.0,0.02,0.02,2342.421474,1776367302000
1776367303.427,103.427,0.66,64.78,0.65,10.0,0.67,74.07,0.68,191.08,0.33,40.0,0.32,201.08,0.34,64.58,0.35,10.0,0.01,0.01,2342.421474,1776367302000
1776367303.641,103.641,0.66,28.69,0.65,10.0,0.67,63.57,0.68,191.08,0.33,74.07,0.32,191.08,0.34,64.78,0.35,10.0,0.01,0.01,2342.421474,1776367302000
1776367304.025,104.025,0.66,38.69,0.65,10.0,0.67,64.7,0.68,163.08,0.33,63.57,0.32,191.08,0.34,28.69,0.35,10.0,0.01,0.01,2342.421474,1776367302000
1776367304.421,104.421,0.66,35.74,0.65,10.0,0.67,64.7,0.68,163.08,0.33,64.7,0.32,163.08,0.34,38.69,0.35,10.0,0.01,0.01,2342.545105,1776367303000
1776367305.372,105.372,0.66,25.74,0.65,10.0,0.67,62.85,0.68,163.08,0.33,64.7,0.32,163.08,0.34,25.74,0.35,10.0,0.01,0.01,2342.423894,1776367304000
1776367305.859,105.859,0.66,22.79,0.65,10.0,0.67,62.85,0.68,163.08,0.33,62.85,0.32,163.08,0.34,25.74,0.35,10.0,0.01,0.01,2342.423894,1776367304000
1776367308.047,108.047,0.62,26.51,0.61,70.0,0.67,118.85,0.68,163.08,0.33,62.85,0.32,163.08,0.34,22.79,0.35,10.0,0.05,0.01,2342.423136,1776367307000
1776367308.63,108.63,0.65,25.0,0.64,10.0,0.66,148.86,0.67,70.5,0.33,118.85,0.32,163.08,0.38,26.51,0.39,70.0,0.01,0.05,2342.423136,1776367307000
1776367308.845,108.845,0.6,92.96,0.59,29.9,0.66,148.86,0.67,70.5,0.34,148.86,0.33,70.5,0.35,20.0,0.36,10.0,0.06,0.01,2342.423136,1776367307000
1776367309.884,109.884,0.63,31.76,0.62,20.5,0.64,49.07,0.65,58.5,0.36,15.0,0.35,25.5,0.37,26.79,0.38,20.5,0.01,0.01,2342.430659,1776367308000
1776367310.194,110.194,0.6,88.46,0.58,167.8,0.64,138.57,0.65,41.0,0.36,49.07,0.35,58.5,0.37,31.76,0.38,20.5,0.04,0.01,2342.446726,1776367309000
1776367310.684,110.684,0.6,175.46,0.59,43.0,0.61,2.0,0.62,15.0,0.36,138.57,0.35,41.0,0.4,88.46,0.42,167.8,0.01,0.04,2342.446726,1776367309000
1776367310.96,110.96,0.6,248.39,0.59,15.0,0.61,2.0,0.62,15.0,0.39,2.0,0.38,15.0,0.4,175.46,0.41,43.0,0.01,0.01,2342.446726,1776367309000
1776367312.606,112.606,0.66,25.5,0.65,98.5,0.67,34.76,0.68,30.0,0.39,2.0,0.38,15.0,0.4,248.39,0.41,15.0,0.01,0.01,2342.390644,1776367311000
1776367312.989,112.989,0.66,309.7,0.65,95.5,0.67,0.25,0.68,25.0,0.33,34.76,0.32,30.0,0.34,25.5,0.35,98.5,0.01,0.01,2342.390644,1776367311000
1776367313.218,113.218,0.68,130.5,0.67,165.5,0.71,175.5,0.72,25.5,0.31,16.63,0.3,15.0,0.32,155.5,0.33,160.5,0.03,0.01,2342.390644,1776367311000
1776367313.69,113.69,0.66,37.23,0.65,95.5,0.71,154.5,0.72,25.5,0.29,175.5,0.28,25.5,0.32,130.5,0.33,165.5,0.05,0.03,2342.325568,1776367312000
1776367313.899,113.899,0.68,60.0,0.67,25.0,0.69,15.55,0.7,87.5,0.29,154.5,0.28,25.5,0.34,37.23,0.35,95.5,0.01,0.05,2342.325568,1776367312000
1776367314.213,114.213,0.68,49.0,0.67,25.0,0.69,86.1,0.7,75.5,0.31,15.55,0.3,87.5,0.32,60.0,0.33,25.0,0.01,0.01,2342.325709,1776367313000
1776367314.47,114.47,0.68,35.87,0.67,25.0,0.69,86.1,0.7,75.5,0.31,86.1,0.3,75.5,0.32,49.0,0.33,25.0,0.01,0.01,2342.325709,1776367313000
1776367314.917,114.917,0.68,2.0,0.67,10.0,0.69,135.6,0.7,80.5,0.31,86.1,0.3,75.5,0.32,35.87,0.33,25.0,0.01,0.01,2342.325709,1776367313000
1776367315.558,115.558,0.68,3.56,0.67,10.0,0.69,111.6,0.7,75.5,0.31,135.6,0.3,80.5,0.32,2.0,0.33,10.0,0.01,0.01,2342.964191,1776367314000
1776367316.114,116.114,0.67,5.0,0.65,10.0,0.68,113.02,0.69,73.6,0.31,111.6,0.3,75.5,0.32,3.56,0.33,10.0,0.01,0.01,2342.964191,1776367314000
1776367317.238,117.238,0.69,194.28,0.68,20.0,0.71,25.5,0.72,41.5,0.32,101.54,0.31,78.6,0.33,24.0,0.35,20.0,0.02,0.01,2342.85071,1776367316000
1776367317.736,117.736,0.69,80.28,0.68,20.0,0.7,6.78,0.71,25.5,0.29,25.5,0.28,41.5,0.31,194.28,0.32,20.0,0.01,0.02,2342.85071,1776367316000
1776367318.518,118.518,0.7,8.0,0.69,111.0,0.71,25.5,0.72,69.5,0.3,6.78,0.29,25.5,0.31,80.28,0.32,20.0,0.01,0.01,2342.796425,1776367317000
1776367319.499,119.499,0.7,54.0,0.69,26.0,0.71,58.5,0.72,41.5,0.29,25.5,0.28,69.5,0.3,8.0,0.31,111.0,0.01,0.01,2342.796425,1776367317000
1776367319.821,119.821,0.68,52.94,0.67,16.3,0.71,72.5,0.72,41.5,0.29,58.5,0.28,41.5,0.3,54.0,0.31,26.0,0.03,0.01,2342.796425,1776367317000
1776367320.667,120.667,0.68,46.84,0.66,26.0,0.69,77.5,0.7,48.5,0.29,72.5,0.28,41.5,0.32,46.94,0.33,16.3,0.01,0.03,2342.796425,1776367317000
1776367321.021,121.021,0.68,26.71,0.65,10.0,0.69,132.5,0.7,134.5,0.31,102.5,0.3,58.5,0.32,29.84,0.35,10.0,0.01,0.01,2342.796425,1776367317000
1776367321.309,121.309,0.62,50.05,0.61,25.5,0.63,10.0,0.64,10.0,0.34,18.98,0.33,10.0,0.35,10.0,0.38,55.0,0.01,0.01,2342.796425,1776367317000
1776367322.202,122.202,0.62,1.37,0.6,55.0,0.63,49.0,0.64,35.5,0.37,10.0,0.36,10.0,0.38,50.05,0.39,25.5,0.01,0.01,2342.796425,1776367317000
1776367322.683,122.683,0.58,50.0,0.57,45.0,0.59,18.8,0.6,20.5,0.37,58.5,0.36,35.5,0.4,55.0,0.41,10.0,0.01,0.03,2342.796425,1776367317000
1776367323.136,123.136,0.58,36.0,0.57,45.0,0.59,70.8,0.6,27.5,0.41,18.8,0.4,20.5,0.42,50.0,0.43,45.0,0.01,0.01,2342.796425,1776367317000
1776367323.537,123.537,0.58,0.84,0.56,135.0,0.59,35.83,0.6,74.5,0.41,32.8,0.4,27.5,0.42,0.84,0.43,45.0,0.01,0.01,2342.796425,1776367317000
1776367323.952,123.952,0.58,30.84,0.56,135.0,0.6,73.05,0.61,47.18,0.4,63.05,0.39,47.18,0.42,20.84,0.44,135.0,0.02,0.02,2342.796425,1776367317000
1776367324.226,124.226,0.58,28.45,0.56,135.0,0.59,20.5,0.6,83.73,0.4,73.05,0.39,47.18,0.42,30.84,0.44,135.0,0.01,0.02,2342.796425,1776367317000
1776367324.515,124.515,0.56,50.0,0.55,10.0,0.59,114.5,0.6,97.73,0.41,20.5,0.4,83.73,0.42,28.45,0.44,135.0,0.03,0.01,2342.796425,1776367317000
1776367325.037,125.037,0.53,10.5,0.52,85.5,0.54,16.09,0.55,97.5,0.44,37.14,0.43,92.0,0.45,10.0,0.46,35.0,0.01,0.01,2342.796425,1776367317000
1776367325.479,125.479,0.52,4.5,0.51,5.0,0.53,22.0,0.54,26.59,0.46,16.09,0.45,97.5,0.47,10.5,0.48,85.5,0.01,0.01,2342.796425,1776367317000
1776367325.974,125.974,0.47,37.5,0.46,10.5,0.48,13.75,0.49,20.5,0.47,22.0,0.46,26.59,0.48,4.5,0.49,5.0,0.01,0.01,2342.796425,1776367317000
1776367327.023,127.023,0.47,243.5,0.46,25.5,0.48,7.0,0.49,10.0,0.52,13.75,0.51,20.5,0.53,37.5,0.54,10.5,0.01,0.01,2341.954662,1776367325000
1776367327.451,127.451,0.48,156.5,0.47,45.5,0.49,10.0,0.5,10.0,0.51,10.0,0.5,10.0,0.53,248.5,0.54,20.5,0.01,0.02,2341.847071,1776367326000
1776367328.592,128.592,0.48,174.57,0.47,55.5,0.49,2.95,0.5,10.0,0.51,7.95,0.5,10.0,0.52,164.57,0.53,45.5,0.01,0.01,2341.678585,1776367327000
1776367330.382,130.382,0.48,169.57,0.47,55.5,0.49,0.9,0.5,10.0,0.51,2.95,0.5,10.0,0.52,174.57,0.53,55.5,0.01,0.01,2341.597054,1776367329000
1776367330.753,130.753,0.49,15.5,0.48,63.5,0.51,111.5,0.52,20.5,0.51,0.9,0.5,10.0,0.52,169.57,0.53,55.5,0.02,0.01,2341.597054,1776367329000
1776367333.073,133.073,0.5,193.55,0.49,40.5,0.51,10.0,0.52,16.0,0.49,91.5,0.48,30.5,0.51,138.5,0.52,58.5,0.01,0.02,2341.626587,1776367332000
1776367333.32,133.32,0.5,191.55,0.49,40.5,0.53,35.0,0.55,70.0,0.47,35.0,0.45,70.0,0.5,193.55,0.51,40.5,0.03,0.03,2341.626587,1776367332000
1776367333.84,133.84,0.52,64.5,0.51,25.5,0.55,13.68,0.56,50.0,0.47,35.0,0.45,70.0,0.5,191.55,0.51,40.5,0.03,0.03,2341.626587,1776367332000
1776367334.289,134.289,0.54,141.58,0.53,28.37,0.55,13.18,0.56,60.5,0.45,13.68,0.44,50.0,0.46,39.04,0.47,23.37,0.01,0.01,2341.631575,1776367333000
1776367336.749,136.749,0.58,99.13,0.57,20.5,0.59,1.0,0.6,60.0,0.45,13.18,0.44,60.5,0.46,136.58,0.47,28.37,0.01,0.01,2341.829582,1776367335000
1776367337.294,137.294,0.6,85.37,0.59,63.56,0.61,4.81,0.62,50.0,0.39,25.0,0.38,50.0,0.42,149.13,0.43,25.5,0.01,0.03,2341.829582,1776367335000
1776367337.653,137.653,0.6,90.37,0.59,68.56,0.61,13.81,0.62,50.0,0.39,4.81,0.38,50.0,0.4,85.37,0.41,63.56,0.01,0.01,2341.857149,1776367336000
1776367339.085,139.085,0.57,8.0,0.55,10.0,0.62,49.5,0.63,60.5,0.39,13.81,0.38,50.0,0.4,90.37,0.41,68.56,0.05,0.01,2341.90636,1776367337000
1776367339.849,139.849,0.57,0.47,0.56,5.0,0.58,47.5,0.59,20.0,0.42,11.9,0.38,49.5,0.43,3.24,0.45,10.0,0.01,0.01,2342.231798,1776367338000
1776367342.793,142.793,0.57,183.97,0.56,160.5,0.59,5.0,0.63,30.0,0.42,47.5,0.41,20.0,0.43,0.47,0.44,5.0,0.02,0.01,2341.991887,1776367341000
1776367346.43,146.43,0.64,45.44,0.63,52.7,0.65,77.47,0.66,65.5,0.37,4.9,0.36,150.5,0.38,10.0,0.39,23.19,0.01,0.01,2342.245581,1776367345000
1776367348.286,148.286,0.64,273.14,0.63,45.5,0.65,36.97,0.66,50.0,0.35,77.47,0.34,65.5,0.36,45.44,0.37,52.7,0.01,0.01,2342.277576,1776367346000
1776367351.889,151.889,0.7,129.0,0.69,50.0,0.71,9.5,0.73,265.0,0.32,60.0,0.3,25.0,0.36,298.14,0.37,45.5,0.01,0.04,2342.680516,1776367350000
1776367354.504,154.504,0.72,151.39,0.71,53.0,0.73,7.0,0.74,70.5,0.29,9.5,0.27,265.0,0.3,129.0,0.31,50.0,0.01,0.01,2342.694355,1776367353000
1776367355.222,155.222,0.72,41.31,0.71,38.0,0.73,17.5,0.74,60.5,0.27,7.0,0.26,70.5,0.28,151.39,0.29,53.0,0.01,0.01,2342.694355,1776367353000
1776367357.718,157.718,0.7,61.42,0.69,30.0,0.73,77.5,0.74,169.5,0.27,17.5,0.26,60.5,0.28,41.31,0.29,38.0,0.03,0.01,2342.818439,1776367355000
1776367358.029,158.029,0.71,14.5,0.7,127.86,0.72,33.5,0.73,62.5,0.29,35.5,0.28,33.5,0.3,104.86,0.31,30.0,0.01,0.01,2342.81713,1776367356000
1776367358.751,158.751,0.71,258.55,0.7,134.86,0.72,12.0,0.8,10.0,0.28,65.5,0.27,62.5,0.29,34.05,0.3,104.86,0.01,0.01,2342.802114,1776367357000
1776367358.953,158.953,0.82,38.0,0.81,15.0,0.84,99.97,0.85,97.0,0.17,2.47,0.16,97.0,0.2,20.5,0.21,48.5,0.02,0.03,2342.802114,1776367357000
1776367359.181,159.181,0.83,38.0,0.82,15.0,0.84,125.77,0.85,97.0,0.16,99.97,0.15,97.0,0.18,38.0,0.19,15.0,0.01,0.02,2342.797053,1776367358000
1776367359.587,159.587,0.83,33.0,0.82,38.0,0.84,227.19,0.85,142.0,0.16,125.77,0.15,97.0,0.17,38.0,0.18,15.0,0.01,0.01,2342.797053,1776367358000
1776367359.922,159.922,0.83,33.0,0.82,38.0,0.84,255.64,0.85,267.0,0.16,262.19,0.15,267.0,0.17,23.0,0.18,38.0,0.01,0.01,2342.797053,1776367358000
1776367360.194,160.194,0.82,10.0,0.81,10.0,0.84,533.64,0.85,242.0,0.16,255.64,0.15,267.0,0.17,33.0,0.18,38.0,0.02,0.01,2342.797053,1776367358000
1776367360.441,160.441,0.82,4.95,0.81,10.0,0.83,156.45,0.84,392.64,0.16,556.64,0.15,242.0,0.18,4.95,0.19,10.0,0.01,0.02,2342.797053,1776367358000
1776367361.528,161.528,0.82,4.95,0.81,10.0,0.83,385.45,0.84,282.64,0.17,156.45,0.16,392.64,0.18,4.95,0.19,10.0,0.01,0.01,2343.004127,1776367359000
1776367361.879,161.879,0.78,2.86,0.77,17.0,0.83,386.87,0.84,282.64,0.17,381.87,0.16,282.64,0.18,4.95,0.19,10.0,0.05,0.01,2343.575456,1776367360000
1776367362.221,162.221,0.79,4.76,0.78,12.86,0.8,248.5,0.81,308.5,0.17,386.87,0.16,282.64,0.22,2.86,0.23,17.0,0.01,0.05,2343.575456,1776367360000
1776367362.544,162.544,0.79,4.76,0.78,12.86,0.8,257.7,0.81,323.5,0.2,248.5,0.19,308.5,0.21,4.76,0.22,12.86,0.01,0.01,2343.518226,1776367361000
1776367363.142,163.142,0.77,27.27,0.76,27.5,0.8,267.7,0.81,318.5,0.2,257.7,0.19,323.5,0.21,4.76,0.22,12.86,0.03,0.01,2343.39597,1776367362000
1776367368.093,168.093,0.79,23.56,0.76,10.0,0.8,380.2,0.81,357.5,0.2,267.7,0.19,318.5,0.23,27.27,0.24,27.5,0.01,0.03,2343.339479,1776367366000
1776367368.305,168.305,0.79,8.03,0.76,28.0,0.8,380.2,0.81,357.5,0.2,380.2,0.19,357.5,0.21,8.13,0.24,28.0,0.01,0.01,2343.327423,1776367367000
1776367368.816,168.816,0.72,5.0,0.71,10.5,0.73,45.0,0.74,82.0,0.21,100.0,0.2,474.2,0.28,5.0,0.29,25.0,0.01,0.07,2343.327423,1776367367000
1776367369.281,169.281,0.66,20.0,0.65,30.0,0.73,103.48,0.74,11.0,0.27,41.98,0.26,5.0,0.28,5.0,0.32,5.0,0.07,0.01,2343.327423,1776367367000
1776367369.905,169.905,0.64,60.0,0.63,45.5,0.65,35.72,0.66,143.57,0.34,47.57,0.33,140.0,0.35,5.0,0.36,85.0,0.01,0.01,2342.81613,1776367368000
1776367370.51,170.51,0.63,35.5,0.62,35.5,0.64,22.9,0.65,95.0,0.35,35.72,0.34,143.57,0.36,60.0,0.37,45.5,0.01,0.01,2342.81613,1776367368000
1776367372.67,172.67,0.63,10.5,0.62,35.5,0.64,96.8,0.65,67.0,0.36,22.9,0.35,95.0,0.37,35.5,0.38,35.5,0.01,0.01,2342.478119,1776367370000
1776367373.17,173.17,0.64,5.0,0.63,51.5,0.65,65.0,0.66,47.57,0.36,96.8,0.35,67.0,0.37,10.5,0.38,35.5,0.01,0.01,2342.334406,1776367371000
1776367373.376,173.376,0.65,5.0,0.64,22.5,0.66,41.57,0.67,70.0,0.35,14.23,0.34,47.57,0.36,5.0,0.37,51.5,0.01,0.01,2342.334406,1776367371000
1776367373.894,173.894,0.66,75.85,0.65,93.8,0.67,70.0,0.68,70.0,0.33,70.0,0.32,70.0,0.35,118.8,0.36,25.5,0.01,0.02,2342.334409,1776367372000
1776367374.21,174.21,0.66,149.85,0.65,93.8,0.67,55.58,0.68,70.0,0.33,70.0,0.32,70.0,0.34,75.85,0.35,93.8,0.01,0.01,2342.333666,1776367373000
1776367375.019,175.019,0.67,189.69,0.66,45.85,0.68,66.38,0.69,10.0,0.32,54.76,0.31,10.0,0.33,168.63,0.34,73.85,0.01,0.01,2342.333666,1776367373000
1776367375.376,175.376,0.67,194.69,0.66,50.85,0.68,64.9,0.69,10.0,0.32,66.38,0.31,10.0,0.33,189.69,0.34,45.85,0.01,0.01,2342.333666,1776367373000
1776367375.769,175.769,0.66,11.0,0.65,26.5,0.68,103.4,0.69,80.5,0.32,64.9,0.31,10.0,0.33,194.69,0.34,50.85,0.02,0.01,2342.479322,1776367374000
1776367376.1,176.1,0.65,5.0,0.64,15.5,0.66,61.48,0.67,94.0,0.32,103.4,0.31,80.5,0.34,11.0,0.35,26.5,0.01,0.02,2342.479322,1776367374000
1776367376.418,176.418,0.65,2.14,0.64,15.5,0.66,52.48,0.67,99.0,0.34,61.48,0.33,94.0,0.35,5.0,0.36,15.5,0.01,0.01,2342.512047,1776367375000
1776367376.933,176.933,0.63,5.5,0.62,88.5,0.64,42.0,0.65,25.0,0.34,52.48,0.33,99.0,0.35,2.14,0.36,15.5,0.01,0.01,2342.512047,1776367375000
1776367377.668,177.668,0.63,5.5,0.62,147.51,0.64,65.87,0.65,20.0,0.36,42.0,0.35,25.0,0.37,5.5,0.38,88.5,0.01,0.01,2342.533513,1776367376000
1776367379.13,179.13,0.63,35.79,0.62,157.51,0.64,90.99,0.65,20.0,0.36,63.99,0.35,25.0,0.37,10.5,0.38,175.51,0.01,0.01,2342.497345,1776367377000
1776367380.804,180.804,0.63,102.54,0.62,110.5,0.64,40.43,0.65,15.0,0.36,74.0,0.35,20.0,0.37,35.79,0.38,157.51,0.01,0.01,2342.360272,1776367379000
1776367381.726,181.726,0.63,52.79,0.62,110.5,0.64,64.19,0.65,25.0,0.36,40.43,0.35,15.0,0.37,102.54,0.38,110.5,0.01,0.01,2342.402148,1776367380000
1776367383.593,183.593,0.61,140.0,0.6,60.0,0.63,71.66,0.64,69.19,0.36,64.19,0.35,25.0,0.37,52.79,0.38,110.5,0.02,0.01,2342.357362,1776367382000
1776367387.044,187.044,0.6,80.5,0.59,150.0,0.61,34.43,0.62,21.0,0.37,71.66,0.36,69.19,0.39,140.0,0.4,60.0,0.01,0.02,2342.237594,1776367386000
1776367394.963,194.963,0.71,5.0,0.69,10.0,0.74,183.7,0.75,45.0,0.39,34.43,0.38,21.0,0.4,80.5,0.41,150.0,0.03,0.01,2342.379684,1776367392000
1776367395.348,195.348,0.71,5.0,0.7,10.07,0.72,1.83,0.73,80.0,0.28,6.83,0.27,80.0,0.29,5.0,0.31,10.0,0.01,0.01,2342.379684,1776367392000
1776367396.042,196.042,0.71,5.0,0.7,20.07,0.73,142.76,0.74,114.7,0.28,1.83,0.27,80.0,0.29,5.0,0.3,10.07,0.02,0.01,2342.436766,1776367394000
1776367396.295,196.295,0.62,14.49,0.61,120.1,0.72,15.0,0.73,147.76,0.27,142.76,0.26,114.7,0.29,5.0,0.3,20.07,0.1,0.02,2342.642283,1776367395000
1776367397.363,197.363,0.66,37.0,0.65,15.0,0.7,5.8,0.71,80.0,0.28,15.0,0.27,147.76,0.38,14.49,0.39,120.1,0.04,0.1,2342.642283,1776367395000
1776367398.046,198.046,0.68,21.0,0.67,26.3,0.69,7.16,0.7,5.8,0.3,5.8,0.29,80.0,0.34,37.0,0.35,15.0,0.01,0.04,2342.555483,1776367396000
1776367398.462,198.462,0.68,9.5,0.67,48.8,0.7,21.8,0.71,130.0,0.31,0.16,0.3,5.8,0.32,21.0,0.33,26.3,0.02,0.01,2342.499975,1776367397000
1776367398.811,198.811,0.68,15.5,0.67,36.8,0.7,16.0,0.71,135.0,0.29,130.0,0.28,35.0,0.33,48.8,0.34,47.5,0.02,0.04,2342.499975,1776367397000
1776367399.154,199.154,0.69,16.0,0.68,12.37,0.71,138.63,0.72,26.0,0.3,6.0,0.29,129.0,0.31,12.0,0.32,12.37,0.02,0.01,2342.499975,1776367397000
1776367399.718,199.718,0.69,25.5,0.68,12.37,0.7,19.0,0.71,130.5,0.29,133.63,0.28,26.0,0.31,10.0,0.32,12.37,0.01,0.02,2342.495214,1776367398000
1776367400.049,200.049,0.68,10.0,0.67,10.0,0.7,49.0,0.71,130.0,0.3,13.0,0.29,120.0,0.31,25.5,0.32,12.37,0.02,0.01,2342.495214,1776367398000
1776367401.041,201.041,0.69,10.0,0.68,10.0,0.7,101.2,0.71,130.0,0.3,49.0,0.29,130.0,0.32,10.0,0.33,10.0,0.01,0.02,2342.49692,1776367399000
1776367401.72,201.72,0.69,5.0,0.68,10.0,0.7,78.0,0.71,120.0,0.3,91.2,0.29,130.0,0.31,5.0,0.32,10.0,0.01,0.01,2342.447093,1776367400000
1776367403.444,203.444,0.69,109.0,0.68,10.0,0.74,18.7,0.75,50.0,0.3,78.0,0.29,120.0,0.31,5.0,0.32,10.0,0.05,0.01,2342.473365,1776367401000
1776367403.816,203.816,0.74,6.15,0.72,1.35,0.75,30.0,0.76,120.0,0.25,25.0,0.24,120.0,0.28,1.35,0.3,10.0,0.01,0.03,2342.445059,1776367402000
1776367404.119,204.119,0.74,57.0,0.72,1.35,0.75,13.66,0.76,130.0,0.25,30.0,0.24,120.0,0.26,6.15,0.28,1.35,0.01,0.01,2342.445059,1776367402000
1776367404.567,204.567,0.74,55.3,0.72,7.35,0.75,24.16,0.76,130.0,0.25,13.66,0.24,130.0,0.26,53.15,0.28,1.35,0.01,0.01,2342.443794,1776367403000
1776367404.816,204.816,0.74,48.15,0.66,6.0,0.75,72.16,0.76,139.0,0.25,10.16,0.24,130.0,0.26,55.3,0.28,7.35,0.01,0.01,2342.443794,1776367403000
1776367405.114,205.114,0.65,60.0,0.64,10.0,0.66,74.0,0.67,80.0,0.25,72.16,0.24,139.0,0.26,48.15,0.34,6.0,0.01,0.01,2342.478551,1776367404000
1776367405.662,205.662,0.64,20.0,0.63,60.0,0.65,14.34,0.66,200.48,0.34,93.18,0.33,101.15,0.35,60.0,0.36,10.0,0.01,0.01,2342.478551,1776367404000
1776367406.5,206.5,0.65,92.0,0.64,45.0,0.66,157.48,0.67,70.0,0.35,14.34,0.34,200.48,0.36,20.0,0.37,60.0,0.01,0.01,2342.643276,1776367405000
1776367408.291,208.291,0.65,98.9,0.64,25.0,0.66,15.96,0.7,15.0,0.34,207.48,0.33,70.0,0.35,68.9,0.36,25.0,0.01,0.01,2342.327286,1776367407000
1776367409.281,209.281,0.7,77.0,0.69,20.0,0.71,78.59,0.72,85.5,0.29,111.96,0.28,75.0,0.35,105.9,0.36,25.0,0.01,0.06,2342.327286,1776367407000
1776367410.381,210.381,0.7,20.0,0.69,30.5,0.71,77.18,0.72,90.5,0.29,78.59,0.28,85.5,0.3,77.0,0.31,20.0,0.01,0.01,2342.322409,1776367408000
1776367410.88,210.88,0.7,15.0,0.69,15.0,0.71,90.5,0.72,100.5,0.29,77.18,0.28,90.5,0.3,20.0,0.31,30.5,0.01,0.01,2342.424104,1776367409000
1776367411.565,211.565,0.7,10.0,0.69,20.0,0.71,89.39,0.72,105.5,0.29,90.5,0.28,100.5,0.31,15.0,0.32,46.5,0.01,0.02,2342.434155,1776367410000
1776367412.747,212.747,0.7,15.0,0.69,25.5,0.71,74.51,0.72,105.5,0.29,86.05,0.28,105.5,0.3,10.0,0.31,15.0,0.01,0.01,2342.426006,1776367411000
1776367414.676,214.676,0.7,81.0,0.69,25.5,0.73,63.9,0.74,90.5,0.29,74.51,0.28,105.5,0.3,15.0,0.31,25.5,0.03,0.01,2342.386551,1776367413000
1776367415.546,215.546,0.71,94.0,0.7,20.5,0.77,105.0,0.78,170.0,0.27,56.96,0.26,10.0,0.3,81.0,0.31,25.5,0.06,0.03,2342.386696,1776367414000
1776367416.781,216.781,0.76,20.5,0.75,20.5,0.77,51.88,0.78,170.0,0.23,61.88,0.22,170.0,0.26,10.0,0.27,10.0,0.01,0.03,2342.78273,1776367415000
1776367417.529,217.529,0.76,25.5,0.75,57.43,0.77,34.88,0.78,170.0,0.23,51.88,0.22,170.0,0.24,20.5,0.25,20.5,0.01,0.01,2342.852828,1776367416000
1776367418.59,218.59,0.76,94.22,0.75,26.3,0.77,29.88,0.78,170.0,0.23,34.88,0.22,170.0,0.24,25.5,0.25,57.43,0.01,0.01,2342.857435,1776367417000
1776367418.926,218.926,0.76,94.22,0.75,26.3,0.77,28.58,0.78,170.0,0.23,29.88,0.22,170.0,0.24,94.22,0.25,26.3,0.01,0.01,2342.857435,1776367417000
1776367419.192,219.192,0.76,94.22,0.75,26.3,0.77,8.58,0.78,170.0,0.23,28.58,0.22,170.0,0.24,94.22,0.25,26.3,0.01,0.01,2342.858899,1776367418000
1776367421.31,221.31,0.77,16.0,0.76,15.0,0.78,15.0,0.79,35.0,0.22,170.0,0.21,165.0,0.24,94.22,0.25,26.3,0.01,0.02,2342.870636,1776367420000
1776367421.512,221.512,0.74,8.48,0.73,28.3,0.77,70.0,0.78,85.0,0.22,15.0,0.21,35.5,0.25,5.72,0.26,10.0,0.03,0.03,2342.870636,1776367420000
1776367421.987,221.987,0.76,33.0,0.75,15.0,0.77,89.2,0.78,85.5,0.23,80.5,0.22,95.5,0.24,34.0,0.25,10.0,0.01,0.01,2342.870636,1776367420000
1776367422.377,222.377,0.76,19.12,0.75,10.0,0.77,75.0,0.78,85.5,0.23,89.2,0.22,85.5,0.24,33.0,0.25,15.0,0.01,0.01,2342.876409,1776367421000
1776367422.683,222.683,0.76,39.12,0.75,20.5,0.77,78.44,0.78,150.5,0.23,75.0,0.22,85.5,0.24,19.12,0.25,10.0,0.01,0.01,2342.876409,1776367421000
1776367424.379,224.379,0.74,5.0,0.72,20.5,0.76,9.18,0.77,85.5,0.23,78.44,0.22,150.5,0.24,39.12,0.25,20.5,0.02,0.01,2342.864611,1776367422000
1776367425.638,225.638,0.75,39.2,0.74,25.5,0.76,72.92,0.77,90.5,0.25,9.16,0.24,19.18,0.27,10.0,0.28,10.0,0.01,0.02,2342.742363,1776367424000
1776367425.93,225.93,0.75,28.0,0.74,15.0,0.76,82.1,0.77,90.5,0.24,72.92,0.23,90.5,0.25,39.2,0.26,25.5,0.01,0.01,2342.742363,1776367424000
1776367426.582,226.582,0.75,8.0,0.74,15.0,0.76,71.6,0.77,90.5,0.24,82.1,0.23,90.5,0.25,28.0,0.26,15.0,0.01,0.01,2342.726998,1776367425000
1776367426.824,226.824,0.75,18.0,0.74,15.0,0.76,63.69,0.77,90.5,0.24,66.33,0.23,90.5,0.25,8.0,0.26,15.0,0.01,0.01,2342.726998,1776367425000
1776367427.756,227.756,0.75,12.0,0.74,50.0,0.76,68.69,0.77,85.5,0.24,63.69,0.23,90.5,0.25,18.0,0.26,15.0,0.01,0.01,2342.62929,1776367426000
1776367428.098,228.098,0.75,5.0,0.74,50.0,0.77,38.79,0.78,80.0,0.24,68.69,0.23,85.5,0.25,5.0,0.26,50.0,0.02,0.01,2342.62929,1776367426000
1776367430.585,230.585,0.76,46.0,0.75,15.0,0.78,70.0,0.79,120.0,0.23,38.79,0.22,80.0,0.25,5.0,0.26,50.0,0.02,0.02,2342.604229,1776367429000
1776367430.825,230.825,0.76,20.0,0.75,10.0,0.77,14.0,0.78,70.0,0.22,70.0,0.21,120.0,0.24,46.0,0.25,15.0,0.01,0.02,2342.604229,1776367429000
1776367431.304,231.304,0.75,20.0,0.71,10.0,0.77,47.0,0.78,23.0,0.23,14.0,0.22,70.0,0.24,20.0,0.25,10.0,0.02,0.01,2342.608412,1776367430000
1776367431.628,231.628,0.67,75.0,0.63,115.4,0.69,62.86,0.7,70.0,0.24,50.0,0.23,27.0,0.33,75.0,0.36,5.0,0.02,0.09,2342.608412,1776367430000
1776367431.9,231.9,0.68,10.0,0.67,101.3,0.7,33.36,0.71,10.0,0.3,38.36,0.26,10.0,0.33,91.3,0.37,115.4,0.02,0.03,2342.608412,1776367430000
1776367432.124,232.124,0.77,65.1,0.76,10.0,0.79,50.0,0.8,95.0,0.23,4.9,0.21,50.0,0.24,10.0,0.25,11.59,0.02,0.01,2342.608412,1776367430000
1776367432.345,232.345,0.77,126.1,0.76,206.0,0.79,42.0,0.8,95.0,0.21,50.0,0.2,95.0,0.23,65.1,0.24,10.0,0.02,0.02,2342.616611,1776367431000
1776367432.555,232.555,0.8,8.3,0.78,160.63,0.81,158.2,0.83,40.0,0.21,17.0,0.2,60.0,0.23,89.59,0.24,206.0,0.01,0.02,2342.616611,1776367431000
1776367432.943,232.943,0.8,51.3,0.79,10.0,0.81,0.59,0.83,40.0,0.19,158.2,0.17,40.0,0.2,3.3,0.22,160.63,0.01,0.01,2342.616611,1776367431000
1776367433.347,233.347,0.82,45.0,0.81,60.0,0.83,1.35,0.84,70.0,0.17,38.61,0.16,70.0,0.2,53.3,0.21,10.0,0.01,0.03,2342.616611,1776367431000
1776367433.885,233.885,0.86,10.0,0.85,28.0,0.87,29.73,0.88,75.0,0.16,70.0,0.15,163.2,0.18,45.0,0.19,60.0,0.01,0.02,2342.57493,1776367432000
1776367434.158,234.158,0.86,15.0,0.85,28.0,0.88,75.0,0.89,45.0,0.13,29.73,0.12,75.0,0.14,10.0,0.15,28.0,0.02,0.01,2342.57493,1776367432000
1776367434.48,234.48,0.87,13.04,0.86,10.0,0.88,75.0,0.89,45.0,0.12,75.0,0.11,45.0,0.14,15.0,0.15,28.0,0.01,0.02,2342.809673,1776367433000
1776367434.79,234.79,0.87,5.34,0.86,10.0,0.88,50.0,0.89,45.0,0.12,75.0,0.11,45.0,0.13,13.04,0.14,10.0,0.01,0.01,2342.809673,1776367433000
1776367435.102,235.102,0.87,7.64,0.86,10.0,0.88,50.0,0.89,45.0,0.12,50.0,0.11,45.0,0.13,5.34,0.14,10.0,0.01,0.01,2343.136068,1776367434000
1776367435.389,235.389,0.87,5.64,0.86,10.0,0.88,50.0,0.89,45.0,0.12,50.0,0.11,45.0,0.13,7.64,0.14,10.0,0.01,0.01,2343.136068,1776367434000
1776367435.759,235.759,0.87,7.3,0.86,3.0,0.88,10.0,0.89,45.0,0.12,50.0,0.11,45.0,0.14,3.0,0.15,28.0,0.01,0.02,2343.136068,1776367434000
1776367435.972,235.972,0.87,7.3,0.86,3.0,0.88,6.87,0.89,45.0,0.12,10.0,0.11,45.0,0.13,7.3,0.14,3.0,0.01,0.01,2343.136068,1776367434000
1776367436.459,236.459,0.77,28.83,0.76,205.0,0.84,4.04,0.87,20.0,0.12,6.87,0.11,50.0,0.23,9.83,0.24,205.0,0.07,0.11,2343.399214,1776367435000
1776367436.728,236.728,0.82,25.0,0.81,10.0,0.83,3.92,0.84,1.65,0.16,1.65,0.15,10.0,0.23,28.83,0.24,205.0,0.01,0.07,2343.399214,1776367435000
1776367437.24,237.24,0.83,10.0,0.82,24.44,0.87,8.1,0.88,6.87,0.13,8.1,0.12,6.87,0.18,19.44,0.19,10.0,0.04,0.05,2343.399214,1776367435000
1776367437.916,237.916,0.84,7.0,0.83,10.0,0.86,10.0,0.87,8.1,0.13,8.1,0.12,6.87,0.17,10.0,0.18,24.44,0.02,0.04,2343.408392,1776367436000
1776367438.23,238.23,0.84,12.0,0.83,10.0,0.86,4.0,0.87,8.1,0.14,10.0,0.13,8.1,0.16,7.0,0.17,10.0,0.02,0.02,2343.408392,1776367436000
1776367438.59,238.59,0.84,12.0,0.83,15.0,0.86,2.6,0.87,8.1,0.14,4.0,0.13,8.1,0.16,12.0,0.17,10.0,0.02,0.02,2343.400502,1776367437000
1776367438.882,238.882,0.84,12.0,0.83,15.0,0.86,4.62,0.87,8.1,0.13,8.1,0.12,6.87,0.16,12.0,0.17,15.0,0.02,0.03,2343.400502,1776367437000
1776367439.496,239.496,0.85,9.0,0.84,17.5,0.86,4.62,0.87,8.1,0.14,4.62,0.13,8.1,0.16,12.0,0.17,15.0,0.01,0.02,2343.399826,1776367438000
1776367439.75,239.75,0.85,3.0,0.84,17.5,0.86,4.62,0.87,8.1,0.14,4.62,0.13,8.1,0.15,9.0,0.16,17.5,0.01,0.01,2343.399826,1776367438000
1776367440.394,240.394,0.85,8.0,0.84,7.0,0.86,0.27,0.87,8.1,0.14,4.62,0.13,8.1,0.15,3.0,0.16,17.5,0.01,0.01,2343.388937,1776367439000
1776367440.655,240.655,0.83,220.38,0.82,39.4,0.87,1.47,0.88,6.87,0.14,0.27,0.13,8.1,0.17,154.88,0.18,39.4,0.04,0.03,2343.388937,1776367439000
1776367440.923,240.923,0.83,184.91,0.82,39.4,0.84,4.94,0.85,10.0,0.13,1.47,0.12,6.87,0.17,220.38,0.18,39.4,0.01,0.04,2343.388937,1776367439000
1776367441.224,241.224,0.84,7.0,0.83,164.41,0.86,53.02,0.87,6.47,0.14,53.02,0.13,1.47,0.17,189.91,0.18,39.4,0.02,0.03,2343.388937,1776367439000
1776367441.448,241.448,0.83,123.41,0.82,39.4,0.86,67.9,0.87,6.47,0.14,53.02,0.13,6.47,0.17,123.41,0.18,39.4,0.03,0.03,2343.407349,1776367440000
1776367442.232,242.232,0.82,5.0,0.81,10.0,0.86,23.97,0.87,16.47,0.14,65.83,0.13,1.47,0.17,114.41,0.18,39.4,0.04,0.03,2343.408133,1776367441000
1776367442.437,242.437,0.82,1.9,0.81,10.0,0.84,72.29,0.85,24.29,0.16,84.2,0.15,24.29,0.18,1.9,0.19,10.0,0.02,0.02,2343.408133,1776367441000
1776367442.693,242.693,0.82,11.9,0.76,50.0,0.84,60.14,0.85,18.0,0.16,72.29,0.15,24.29,0.18,1.9,0.19,10.0,0.02,0.02,2343.408133,1776367441000
1776367442.905,242.905,0.74,10.0,0.73,10.0,0.75,61.38,0.76,30.0,0.25,64.05,0.21,23.8,0.26,10.0,0.27,10.0,0.01,0.01,2343.408133,1776367441000
1776367443.179,243.179,0.74,10.0,0.73,10.0,0.75,58.39,0.76,30.0,0.25,61.38,0.24,30.0,0.26,10.0,0.27,10.0,0.01,0.01,2343.408133,1776367441000
1776367443.386,243.386,0.8,0.92,0.79,10.0,0.81,55.0,0.82,70.0,0.24,11.0,0.19,55.0,0.26,10.0,0.27,10.0,0.01,0.02,2343.329052,1776367442000
1776367443.648,243.648,0.81,10.0,0.8,0.92,0.82,68.0,0.84,10.0,0.19,55.0,0.18,70.0,0.2,0.92,0.21,10.0,0.01,0.01,2343.329052,1776367442000
1776367444.094,244.094,0.81,8.42,0.8,10.0,0.82,69.0,0.84,10.0,0.18,69.0,0.16,10.0,0.22,8.33,0.23,10.0,0.01,0.04,2343.329052,1776367442000
1776367444.74,244.74,0.83,10.0,0.82,10.0,0.84,8.38,0.85,80.0,0.18,69.0,0.16,10.0,0.19,8.42,0.2,10.0,0.01,0.01,2342.798946,1776367443000
1776367444.986,244.986,0.84,10.0,0.83,26.0,0.86,6.21,0.87,1.47,0.14,1.78,0.13,1.47,0.16,10.0,0.17,26.0,0.02,0.02,2342.772873,1776367444000
1776367445.35,245.35,0.86,10.0,0.85,15.0,0.87,8.73,0.88,4.27,0.12,4.27,0.11,45.0,0.16,10.0,0.17,31.0,0.01,0.04,2342.772873,1776367444000
1776367446.985,246.985,0.86,10.0,0.85,15.0,0.87,6.63,0.88,4.27,0.13,8.73,0.12,4.27,0.14,10.0,0.15,15.0,0.01,0.01,2342.735721,1776367445000
1776367447.318,247.318,0.86,10.0,0.85,15.0,0.87,3.53,0.88,4.27,0.13,3.63,0.12,4.27,0.14,10.0,0.15,15.0,0.01,0.01,2342.735721,1776367445000
1776367447.984,247.984,0.86,10.0,0.85,15.0,0.89,45.0,0.9,45.0,0.12,4.27,0.11,45.0,0.14,10.0,0.15,15.0,0.03,0.02,2343.012124,1776367447000
1776367448.602,248.602,0.87,110.82,0.86,20.0,0.88,7.72,0.89,45.0,0.11,45.0,0.1,45.0,0.14,10.0,0.15,15.0,0.01,0.03,2343.012124,1776367447000
1776367449.554,249.554,0.87,133.82,0.86,215.0,0.89,9.72,0.9,20.0,0.12,2.72,0.11,45.0,0.13,132.82,0.14,20.0,0.02,0.01,2343.120458,1776367448000
1776367449.77,249.77,0.87,133.82,0.86,215.0,0.9,17.75,0.91,71.0,0.1,20.0,0.09,71.0,0.13,133.82,0.14,215.0,0.03,0.03,2343.120458,1776367448000
1776367450.027,250.027,0.88,16.0,0.87,93.43,0.91,71.0,0.92,120.9,0.1,17.75,0.09,71.0,0.13,93.43,0.14,215.0,0.03,0.03,2343.120458,1776367448000
1776367450.375,250.375,0.89,10.0,0.88,26.0,0.91,51.97,0.92,120.9,0.1,2.7,0.09,71.0,0.12,26.0,0.13,103.43,0.02,0.02,2343.379135,1776367449000
1776367450.692,250.692,0.9,112.82,0.89,10.0,0.92,114.6,0.93,104.3,0.08,120.9,0.07,104.3,0.11,10.0,0.12,26.0,0.02,0.03,2343.379135,1776367449000
1776367450.927,250.927,0.9,107.29,0.89,10.0,0.92,7.62,0.93,49.0,0.08,114.6,0.07,104.3,0.1,112.82,0.11,10.0,0.02,0.02,2343.379135,1776367449000
1776367451.131,251.131,0.9,117.29,0.89,10.0,0.93,34.49,0.94,51.0,0.08,1.09,0.07,49.0,0.1,117.29,0.11,10.0,0.03,0.02,2343.379135,1776367449000
1776367451.359,251.359,0.92,5.0,0.91,10.0,0.93,29.11,0.94,51.0,0.07,34.49,0.06,51.0,0.1,117.29,0.11,10.0,0.01,0.03,2343.565508,1776367450000
1776367451.565,251.565,0.92,5.0,0.91,10.0,0.93,27.43,0.94,51.0,0.07,29.11,0.06,51.0,0.08,5.0,0.09,10.0,0.01,0.01,2343.565508,1776367450000
1776367452.09,252.09,0.92,10.47,0.91,10.0,0.93,9.94,0.94,51.0,0.07,27.43,0.06,51.0,0.08,5.0,0.09,10.0,0.01,0.01,2343.565508,1776367450000
1776367452.404,252.404,0.92,15.47,0.91,10.0,0.93,13.86,0.94,26.0,0.07,9.94,0.06,51.0,0.08,10.47,0.09,10.0,0.01,0.01,2343.719048,1776367451000
1776367452.647,252.647,0.92,15.47,0.91,10.0,0.93,1.11,0.94,26.0,0.07,12.67,0.06,26.0,0.08,15.47,0.09,10.0,0.01,0.01,2343.719048,1776367451000
1776367452.965,252.965,0.92,6.34,0.91,10.0,0.93,10.0,0.94,26.0,0.06,26.0,0.05,75.7,0.08,15.47,0.09,10.0,0.01,0.02,2343.719048,1776367451000
1776367453.48,253.48,0.93,17.0,0.92,10.0,0.94,19.89,0.95,75.7,0.06,24.89,0.05,75.7,0.08,6.34,0.09,10.0,0.01,0.02,2343.710239,1776367452000
1776367454.382,254.382,0.93,22.0,0.92,10.0,0.94,37.32,0.95,75.7,0.06,19.89,0.05,75.7,0.07,17.0,0.08,10.0,0.01,0.01,2343.696663,1776367453000
1776367454.594,254.594,0.93,37.0,0.92,10.0,0.94,31.04,0.95,75.7,0.06,32.32,0.05,75.7,0.07,22.0,0.08,10.0,0.01,0.01,2343.696663,1776367453000
1776367455.044,255.044,0.93,27.0,0.92,10.0,0.94,1.9,0.95,75.7,0.06,31.04,0.05,75.7,0.07,37.0,0.08,10.0,0.01,0.01,2343.696663,1776367453000
1776367455.758,255.758,0.93,32.0,0.92,10.0,0.94,0.58,0.95,75.7,0.06,1.9,0.05,75.7,0.07,27.0,0.08,10.0,0.01,0.01,2343.710053,1776367454000
1776367456.224,256.224,0.93,37.0,0.92,10.0,0.95,60.6,0.96,50.0,0.06,0.58,0.05,75.7,0.07,32.0,0.08,10.0,0.02,0.01,2343.71444,1776367455000
1776367456.825,256.825,0.93,48.0,0.92,10.0,0.94,7.86,0.95,60.6,0.05,60.6,0.04,50.0,0.07,37.0,0.08,10.0,0.01,0.02,2343.71444,1776367455000
1776367457.898,257.898,0.93,33.0,0.92,10.0,0.95,57.76,0.96,75.0,0.06,7.86,0.05,60.6,0.07,48.0,0.08,10.0,0.02,0.01,2343.732725,1776367456000
1776367458.531,258.531,0.93,73.03,0.92,10.0,0.95,201.72,0.96,342.0,0.05,54.72,0.04,75.0,0.06,14.0,0.07,97.03,0.02,0.01,2343.778207,1776367457000
1776367458.857,258.857,0.93,60.03,0.92,13.0,0.94,5.18,0.95,291.72,0.05,221.72,0.04,342.0,0.07,70.03,0.08,10.0,0.01,0.02,2343.778207,1776367457000
1776367459.155,259.155,0.89,10.0,0.88,5.0,0.94,10.18,0.95,418.72,0.06,10.18,0.05,418.72,0.07,9.03,0.08,23.0,0.05,0.01,2343.778207,1776367457000
1776367459.508,259.508,0.88,4.9,0.86,10.0,0.94,114.11,0.95,387.72,0.06,14.11,0.05,427.72,0.11,9.9,0.12,5.0,0.06,0.05,2343.811605,1776367458000
1776367459.894,259.894,0.84,20.0,0.83,66.0,0.86,50.0,0.88,36.76,0.12,36.76,0.09,50.0,0.14,10.0,0.16,30.0,0.02,0.02,2343.811605,1776367458000
1776367460.137,260.137,0.85,10.0,0.84,35.0,0.9,5.0,0.92,39.0,0.12,9.9,0.1,5.0,0.15,10.0,0.16,35.0,0.05,0.03,2343.811605,1776367458000
1776367460.361,260.361,0.84,95.0,0.83,86.0,0.89,5.0,0.91,50.0,0.1,5.0,0.08,39.0,0.16,25.0,0.17,16.0,0.05,0.06,2343.686674,1776367459000
1776367460.712,260.712,0.9,10.0,0.89,10.0,0.91,98.35,0.92,100.0,0.07,90.0,0.06,10.18,0.13,8.0,0.14,60.0,0.01,0.06,2343.686674,1776367459000
1776367461.097,261.097,0.92,10.0,0.91,15.49,0.93,118.38,0.94,5.18,0.09,48.4,0.07,120.0,0.1,15.55,0.11,10.0,0.01,0.01,2343.686674,1776367459000
1776367461.326,261.326,0.9,0.8,0.89,10.0,0.93,296.76,0.94,30.18,0.07,116.76,0.06,5.18,0.08,10.0,0.09,10.0,0.03,0.01,2342.8746,1776367460000
1776367461.601,261.601,0.91,10.0,0.9,12.8,0.93,299.97,0.94,30.18,0.09,37.5,0.08,226.0,0.1,12.8,0.11,10.0,0.02,0.01,2342.8746,1776367460000
1776367462.421,262.421,0.92,7.89,0.91,10.0,0.93,75.58,0.94,30.18,0.07,116.71,0.06,30.18,0.08,7.89,0.09,10.0,0.01,0.01,2343.188321,1776367461000
1776367462.742,262.742,0.92,20.0,0.91,14.23,0.93,72.35,0.94,30.18,0.07,75.58,0.06,60.18,0.09,9.23,0.1,5.8,0.01,0.02,2343.188321,1776367461000
1776367463.347,263.347,0.92,5.0,0.91,14.23,0.93,66.97,0.94,5.18,0.07,72.35,0.06,30.18,0.08,20.0,0.09,14.23,0.01,0.01,2343.345522,1776367462000
1776367463.701,263.701,0.92,33.0,0.91,139.1,0.93,55.97,0.94,5.18,0.07,58.97,0.06,5.18,0.08,5.0,0.09,14.23,0.01,0.01,2343.345522,1776367462000
1776367463.914,263.914,0.93,9.0,0.92,23.0,0.94,5.18,0.95,54.72,0.06,5.18,0.05,54.72,0.08,33.0,0.09,139.1,0.01,0.02,2343.345522,1776367462000
1776367465.665,265.665,0.93,12.0,0.92,15.0,0.94,5.18,0.95,84.72,0.06,5.18,0.05,54.72,0.07,9.0,0.08,23.0,0.01,0.01,2343.491482,1776367464000
1776367465.974,265.974,0.93,10.51,0.92,15.0,0.94,4.68,0.95,79.72,0.05,84.72,0.04,393.8,0.07,10.51,0.08,15.0,0.01,0.02,2343.743379,1776367465000
1776367466.187,266.187,0.91,9.23,0.9,0.8,0.94,3.61,0.95,79.72,0.06,3.61,0.05,79.72,0.07,12.51,0.08,15.0,0.03,0.01,2343.743379,1776367465000
1776367466.556,266.556,0.93,15.0,0.92,17.0,0.95,54.72,0.96,168.8,0.06,3.61,0.05,79.72,0.09,9.23,0.1,0.8,0.02,0.03,2343.743379,1776367465000
1776367466.841,266.841,0.92,17.0,0.91,9.23,0.94,8.72,0.95,54.72,0.06,10.0,0.05,54.72,0.07,1.59,0.08,17.0,0.02,0.01,2343.743379,1776367465000
1776367467.481,267.481,0.91,19.23,0.9,10.8,0.94,8.72,0.95,79.72,0.06,8.72,0.05,54.72,0.08,17.0,0.09,9.23,0.03,0.02,2343.75649,1776367466000
1776367467.979,267.979,0.92,10.0,0.91,19.23,0.94,21.9,0.95,79.72,0.06,8.72,0.05,79.72,0.09,19.23,0.1,10.8,0.02,0.03,2343.75649,1776367466000
1776367468.726,268.726,0.93,11.37,0.92,10.0,0.94,20.83,0.95,84.72,0.06,20.83,0.05,84.72,0.08,10.0,0.09,19.23,0.01,0.02,2343.651933,1776367467000
1776367469.443,269.443,0.93,50.07,0.92,20.0,0.94,16.97,0.95,79.72,0.06,20.83,0.05,84.72,0.07,11.37,0.08,10.0,0.01,0.01,2343.585536,1776367468000
1776367469.882,269.882,0.93,50.07,0.92,30.0,0.94,27.22,0.95,54.72,0.06,15.9,0.05,79.72,0.07,65.07,0.08,30.0,0.01,0.01,2343.585536,1776367468000
1776367470.156,270.156,0.93,85.07,0.92,20.0,0.95,23.84,0.96,168.8,0.05,33.84,0.04,168.8,0.07,60.07,0.08,30.0,0.02,0.02,2343.585536,1776367468000
1776367470.601,270.601,0.93,75.07,0.92,20.0,0.95,28.58,0.96,168.8,0.05,23.84,0.04,168.8,0.07,85.07,0.08,20.0,0.02,0.02,2343.547207,1776367469000
1776367471.206,271.206,0.93,75.07,0.92,20.0,0.95,27.52,0.96,193.8,0.05,28.58,0.04,168.8,0.07,75.07,0.08,20.0,0.02,0.02,2343.547207,1776367469000
1776367472.17,272.17,0.93,75.07,0.92,78.9,0.95,11.52,0.96,168.8,0.05,16.52,0.04,193.8,0.07,75.07,0.08,20.0,0.02,0.02,2343.485299,1776367470000
1776367472.676,272.676,0.94,22.0,0.93,125.37,0.96,150.02,0.97,228.0,0.05,11.52,0.04,168.8,0.07,75.07,0.08,78.9,0.02,0.02,2343.553288,1776367471000
1776367472.95,272.95,0.95,27.26,0.94,90.8,0.96,146.92,0.97,228.0,0.04,150.02,0.03,228.0,0.06,22.0,0.07,125.37,0.01,0.02,2343.553288,1776367471000
1776367473.99,273.99,0.95,100.17,0.94,95.8,0.96,128.92,0.97,233.0,0.04,128.92,0.03,228.0,0.05,27.26,0.06,90.8,0.01,0.01,2343.566753,1776367472000
1776367475.764,275.764,0.95,24.37,0.94,32.0,0.96,26.78,0.97,203.0,0.04,128.92,0.03,233.0,0.05,100.17,0.06,95.8,0.01,0.01,2343.561202,1776367474000
1776367476.147,276.147,0.95,15.26,0.94,27.0,0.97,367.35,0.98,278.0,0.04,26.78,0.03,203.0,0.05,24.37,0.06,32.0,0.02,0.01,2343.561202,1776367474000
1776367476.357,276.357,0.95,11.2,0.94,27.0,0.96,245.0,0.97,136.35,0.03,367.35,0.02,278.0,0.05,15.26,0.06,27.0,0.01,0.02,2343.538005,1776367475000
1776367476.566,276.566,0.94,7.0,0.93,21.37,0.95,9.6,0.96,250.0,0.05,9.6,0.04,245.0,0.06,27.0,0.07,21.37,0.01,0.01,2343.538005,1776367475000
1776367476.77,276.77,0.94,22.0,0.93,21.37,0.95,0.24,0.96,250.0,0.05,9.6,0.04,250.0,0.06,7.0,0.07,21.37,0.01,0.01,2343.538005,1776367475000
1776367477.343,277.343,0.93,21.37,0.92,20.0,0.95,0.24,0.96,10.0,0.05,0.24,0.04,250.0,0.06,22.0,0.07,21.37,0.02,0.01,2343.538005,1776367475000
1776367477.583,277.583,0.93,36.37,0.92,20.0,0.96,3.3,0.97,331.35,0.05,0.24,0.04,10.0,0.07,21.37,0.08,20.0,0.03,0.02,2343.508403,1776367476000
1776367477.839,277.839,0.93,36.37,0.92,20.0,0.97,292.86,0.98,253.0,0.04,3.3,0.03,331.35,0.07,36.37,0.08,20.0,0.04,0.03,2343.508403,1776367476000
1776367479.002,279.002,0.94,20.0,0.93,31.37,0.97,37.51,0.98,456.0,0.04,4.7,0.03,292.86,0.06,15.0,0.07,36.37,0.03,0.02,2343.462793,1776367477000
1776367479.907,279.907,0.95,25.0,0.94,15.0,0.97,16.57,0.98,456.0,0.03,37.51,0.02,456.0,0.06,20.0,0.07,31.37,0.02,0.03,2343.265961,1776367478000
1776367480.232,280.232,0.95,15.0,0.94,20.0,0.97,11.42,0.98,456.0,0.03,16.57,0.02,456.0,0.05,25.0,0.06,15.0,0.02,0.02,2343.245805,1776367479000
1776367480.993,280.993,0.95,14.9,0.94,20.0,0.97,10.17,0.98,456.0,0.03,10.17,0.02,456.0,0.05,15.0,0.06,20.0,0.02,0.02,2343.245805,1776367479000
1776367481.608,281.608,0.95,24.9,0.94,20.0,0.98,444.85,0.99,1836.17,0.03,10.17,0.02,456.0,0.05,14.9,0.06,20.0,0.03,0.02,2343.252179,1776367480000
1776367482.598,282.598,0.97,12.95,0.96,30.0,0.98,241.85,0.99,2040.17,0.02,444.85,0.01,1836.17,0.05,24.9,0.06,20.0,0.01,0.03,2343.252179,1776367480000
1776367482.932,282.932,0.97,12.95,0.96,30.0,0.98,21.81,0.99,2051.17,0.02,63.81,0.01,2051.17,0.03,12.95,0.04,30.0,0.01,0.01,2343.255315,1776367481000
1776367483.141,283.141,0.97,12.95,0.96,30.0,0.98,16.81,0.99,2051.17,0.02,21.81,0.01,2051.17,0.03,12.95,0.04,30.0,0.01,0.01,2343.255315,1776367481000
1776367483.666,283.666,0.97,12.95,0.96,20.0,0.98,10.34,0.99,2051.17,0.02,15.45,0.01,2051.17,0.03,12.95,0.04,20.0,0.01,0.01,2343.285361,1776367482000
1776367484.252,284.252,0.98,32.66,0.97,12.95,0.99,2051.17,,,0.01,2051.17,,,0.02,42.66,0.03,12.95,0.01,0.01,2343.285361,1776367482000
1776367484.53,284.53,0.98,32.66,0.97,22.95,0.99,2040.15,,,0.01,2041.17,,,0.02,32.66,0.03,22.95,0.01,0.01,2343.289599,1776367483000
1776367484.73,284.73,0.98,32.66,0.97,22.95,0.99,2038.15,,,0.01,2040.15,,,0.02,32.66,0.03,22.95,0.01,0.01,2343.289599,1776367483000
1776367485.149,285.149,0.98,32.66,0.97,22.95,0.99,18.15,,,0.01,2038.15,,,0.02,32.66,0.03,22.95,0.01,0.01,2343.335427,1776367484000
1776367486.23,286.23,0.99,2645.83,0.98,32.66,,,,,,,,,0.01,82.86,0.02,32.66,,,2343.335427,1776367484000
1776367486.741,286.741,0.99,3758.18,0.98,42.66,,,,,,,,,0.01,2644.16,0.02,32.66,,,2343.335427,1776367484000
1776367487.183,287.183,0.99,5019.13,0.98,32.66,,,,,,,,,0.01,3758.18,0.02,42.66,,,2343.316038,1776367485000
1776367489.672,289.672,0.99,5199.87,0.98,32.66,,,,,,,,,0.01,5019.13,0.02,32.66,,,2343.853872,1776367488000
1776367492.374,292.374,0.99,4102.51,0.98,32.66,,,,,,,,,0.01,5199.87,0.02,32.66,,,2344.005071,1776367490000
1776367495.454,295.454,0.99,4218.67,0.97,120.0,,,,,,,,,0.01,4102.51,0.02,32.66,,,2343.765394,1776367494000

# RESULT,winner=Up,slug=eth-updown-5m-1776367200,ticks=394
