timestamp,elapsed_sec,up_bid_p1,up_bid_s1,up_bid_p2,up_bid_s2,up_ask_p1,up_ask_s1,up_ask_p2,up_ask_s2,down_bid_p1,down_bid_s1,down_bid_p2,down_bid_s2,down_ask_p1,down_ask_s1,down_ask_p2,down_ask_s2,up_spread,down_spread,eth_price,eth_oracle_ts
1776186301.607,1.607,0.53,189.25,0.52,53.07,0.55,103.6,0.56,65.48,0.45,108.6,0.44,65.48,0.47,189.25,0.48,53.07,0.02,0.02,2332.695068,1776186299000
1776186302.148,2.148,0.53,194.25,0.52,53.07,0.54,5.0,0.55,96.27,0.45,108.6,0.44,65.48,0.47,189.25,0.48,53.07,0.01,0.02,2332.893793,1776186300000
1776186302.741,2.741,0.53,194.25,0.52,53.07,0.54,5.0,0.55,96.27,0.46,5.0,0.45,96.27,0.47,194.25,0.48,53.07,0.01,0.01,2332.9398,1776186301000
1776186303.584,3.584,0.54,37.33,0.53,189.25,0.55,85.06,0.56,95.0,0.45,79.14,0.44,65.48,0.46,37.33,0.47,189.25,0.01,0.01,2332.9398,1776186301000
1776186304.024,4.024,0.54,14.62,0.53,78.33,0.55,179.06,0.56,255.0,0.45,85.06,0.44,95.0,0.47,78.33,0.48,53.07,0.01,0.02,2332.9398,1776186301000
1776186304.413,4.413,0.54,4.62,0.53,78.33,0.55,179.06,0.56,255.0,0.45,179.06,0.44,255.0,0.46,4.62,0.47,78.33,0.01,0.01,2332.743358,1776186303000
1776186304.661,4.661,0.54,4.51,0.53,88.33,0.55,179.06,0.56,255.0,0.45,179.06,0.44,255.0,0.46,4.62,0.47,78.33,0.01,0.01,2332.743358,1776186303000
1776186305.09,5.09,0.54,4.51,0.53,88.33,0.55,161.56,0.56,255.0,0.45,161.56,0.44,255.0,0.46,4.51,0.47,88.33,0.01,0.01,2332.8187,1776186304000
1776186305.309,5.309,0.53,82.84,0.52,63.07,0.55,179.56,0.56,260.0,0.45,161.56,0.44,255.0,0.46,4.51,0.47,88.33,0.02,0.01,2332.8187,1776186304000
1776186305.855,5.855,0.53,76.18,0.52,68.07,0.54,25.0,0.55,176.56,0.45,174.56,0.44,260.0,0.47,81.18,0.48,68.07,0.01,0.02,2332.8187,1776186304000
1776186306.429,6.429,0.53,79.99,0.52,68.07,0.54,45.0,0.55,247.56,0.46,25.0,0.45,176.56,0.47,76.18,0.48,68.07,0.01,0.01,2332.8187,1776186304000
1776186306.668,6.668,0.53,74.56,0.52,68.07,0.54,0.53,0.55,240.56,0.46,42.53,0.45,205.56,0.47,74.56,0.48,68.07,0.01,0.01,2332.897216,1776186305000
1776186307.105,7.105,0.53,14.13,0.52,53.07,0.54,0.53,0.55,219.79,0.46,0.53,0.45,240.56,0.47,74.56,0.48,68.07,0.01,0.01,2332.897216,1776186305000
1776186307.361,7.361,0.52,53.79,0.51,182.0,0.54,10.0,0.55,191.56,0.46,0.53,0.45,219.79,0.48,48.9,0.49,172.0,0.02,0.02,2332.930184,1776186306000
1776186308.803,8.803,0.52,57.39,0.51,187.0,0.53,10.0,0.54,10.0,0.47,10.0,0.46,10.0,0.48,57.39,0.49,187.0,0.01,0.01,2332.9091,1776186307000
1776186309.334,9.334,0.52,179.39,0.51,187.0,0.53,15.47,0.54,15.0,0.47,10.0,0.46,10.0,0.48,57.39,0.49,187.0,0.01,0.01,2332.9091,1776186307000
1776186309.745,9.745,0.52,37.39,0.51,304.0,0.53,45.47,0.54,145.0,0.47,40.47,0.46,15.0,0.48,179.39,0.49,187.0,0.01,0.01,2332.789446,1776186308000
1776186310.201,10.201,0.52,12.39,0.51,299.0,0.53,32.0,0.54,132.0,0.47,32.0,0.46,132.0,0.48,12.39,0.49,299.0,0.01,0.01,2332.816354,1776186309000
1776186311.605,11.605,0.52,42.39,0.51,304.0,0.53,30.0,0.54,145.0,0.47,30.0,0.46,145.0,0.48,42.39,0.49,304.0,0.01,0.01,2332.791257,1776186310000
1776186312.29,12.29,0.52,42.39,0.51,304.0,0.53,30.0,0.54,145.0,0.47,30.0,0.46,145.0,0.48,42.39,0.49,304.0,0.01,0.01,2332.782559,1776186311000
1776186313.046,13.046,0.52,42.39,0.51,304.0,0.53,30.0,0.54,145.0,0.47,30.0,0.46,145.0,0.48,42.39,0.49,304.0,0.01,0.01,2332.780173,1776186312000
1776186314.035,14.035,0.52,22.39,0.51,294.0,0.53,236.48,0.54,320.0,0.47,30.0,0.46,145.0,0.48,42.39,0.49,304.0,0.01,0.01,2332.780173,1776186312000
1776186314.482,14.482,0.52,22.39,0.51,294.0,0.53,236.48,0.54,320.0,0.47,236.48,0.46,320.0,0.48,22.39,0.49,294.0,0.01,0.01,2332.756018,1776186313000
1776186315.262,15.262,0.52,32.39,0.51,294.0,0.53,78.64,0.54,25.0,0.47,96.48,0.46,98.0,0.48,32.39,0.49,294.0,0.01,0.01,2332.756018,1776186313000
1776186315.89,15.89,0.52,32.39,0.51,294.0,0.53,78.64,0.54,25.0,0.47,78.64,0.46,25.0,0.48,32.39,0.49,294.0,0.01,0.01,2332.832466,1776186314000
1776186316.102,16.102,0.52,32.39,0.51,344.0,0.53,41.56,0.54,25.0,0.47,50.48,0.46,25.0,0.48,32.39,0.49,344.0,0.01,0.01,2332.832466,1776186314000
1776186316.313,16.313,0.52,37.39,0.51,227.0,0.53,10.36,0.55,10.0,0.47,41.56,0.46,25.0,0.48,32.39,0.49,344.0,0.01,0.01,2333.668494,1776186315000
1776186316.63,16.63,0.52,64.77,0.51,262.0,0.56,25.0,0.58,37.0,0.44,88.68,0.42,7.0,0.48,37.39,0.49,182.0,0.04,0.04,2333.668494,1776186315000
1776186316.872,16.872,0.56,10.0,0.55,10.0,0.58,37.0,0.59,60.0,0.44,25.0,0.42,37.0,0.48,64.77,0.49,262.0,0.02,0.04,2333.668494,1776186315000
1776186317.135,17.135,0.57,15.0,0.56,15.0,0.58,1.22,0.59,60.0,0.42,37.0,0.41,60.0,0.44,10.0,0.45,10.0,0.01,0.02,2333.668494,1776186315000
1776186317.349,17.349,0.57,25.0,0.56,15.0,0.59,70.0,0.6,82.0,0.41,70.0,0.4,82.0,0.43,25.0,0.44,15.0,0.02,0.02,2333.695174,1776186316000
1776186317.795,17.795,0.58,45.0,0.57,75.0,0.6,60.27,0.61,245.0,0.41,42.88,0.4,72.0,0.42,10.0,0.43,25.0,0.02,0.01,2333.695174,1776186316000
1776186318.198,18.198,0.58,45.0,0.57,75.0,0.59,7.88,0.6,60.27,0.4,60.27,0.39,245.0,0.42,45.0,0.43,75.0,0.01,0.02,2333.695174,1776186316000
1776186318.43,18.43,0.58,50.0,0.57,75.0,0.59,107.88,0.6,160.27,0.41,7.88,0.4,60.27,0.42,45.0,0.43,75.0,0.01,0.01,2333.7119,1776186317000
1776186318.95,18.95,0.59,90.57,0.58,60.0,0.6,60.27,0.61,145.0,0.4,60.27,0.39,145.0,0.41,90.57,0.42,60.0,0.01,0.01,2333.719949,1776186318000
1776186319.485,19.485,0.59,65.0,0.58,100.0,0.6,33.27,0.61,158.0,0.4,60.27,0.39,145.0,0.41,90.57,0.42,60.0,0.01,0.01,2333.719949,1776186318000
1776186320.051,20.051,0.59,65.0,0.58,100.0,0.6,33.27,0.61,158.0,0.4,33.27,0.39,158.0,0.41,65.0,0.42,100.0,0.01,0.01,2333.730667,1776186319000
1776186320.453,20.453,0.6,220.0,0.59,210.0,0.61,67.0,0.63,60.0,0.39,129.5,0.38,125.0,0.4,15.0,0.41,105.0,0.01,0.01,2333.730667,1776186319000
1776186320.66,20.66,0.6,225.0,0.59,216.0,0.61,17.0,0.62,50.0,0.39,67.0,0.37,60.0,0.4,220.0,0.41,210.0,0.01,0.01,2333.730667,1776186319000
1776186321.036,21.036,0.6,225.0,0.59,216.0,0.61,17.0,0.62,50.0,0.39,17.0,0.38,50.0,0.4,225.0,0.41,216.0,0.01,0.01,2333.752963,1776186320000
1776186322.111,22.111,0.63,21.0,0.62,10.0,0.65,35.0,0.66,80.0,0.35,35.0,0.34,80.0,0.37,21.0,0.38,10.0,0.02,0.02,2333.904155,1776186321000
1776186322.522,22.522,0.63,31.0,0.62,172.0,0.64,23.12,0.65,82.0,0.35,35.0,0.34,80.0,0.37,21.0,0.38,10.0,0.01,0.02,2333.904155,1776186321000
1776186323.089,23.089,0.63,31.0,0.62,172.0,0.64,23.12,0.65,82.0,0.36,23.12,0.35,82.0,0.37,31.0,0.38,172.0,0.01,0.01,2334.255738,1776186322000
1776186323.859,23.859,0.66,21.0,0.65,171.0,0.67,87.11,0.68,90.0,0.36,23.12,0.35,82.0,0.37,31.0,0.38,172.0,0.01,0.01,2334.255738,1776186322000
1776186324.105,24.105,0.66,21.0,0.65,171.0,0.67,87.11,0.68,90.0,0.33,87.11,0.32,90.0,0.34,21.0,0.35,171.0,0.01,0.01,2334.370536,1776186323000
1776186324.487,24.487,0.66,146.0,0.65,176.0,0.67,18.52,0.68,155.0,0.33,22.52,0.32,146.0,0.34,156.0,0.35,171.0,0.01,0.01,2334.370536,1776186323000
1776186324.932,24.932,0.66,131.29,0.65,186.0,0.67,12.52,0.68,111.0,0.33,18.52,0.32,155.0,0.34,146.0,0.35,176.0,0.01,0.01,2334.370536,1776186323000
1776186325.239,25.239,0.66,131.29,0.65,186.0,0.67,12.52,0.68,111.0,0.33,12.52,0.32,111.0,0.34,131.29,0.35,186.0,0.01,0.01,2334.500368,1776186324000
1776186325.645,25.645,0.68,21.0,0.67,10.0,0.7,44.42,0.71,70.0,0.3,46.0,0.29,70.0,0.34,159.12,0.35,202.0,0.02,0.04,2334.500368,1776186324000
1776186326.327,26.327,0.68,21.0,0.67,10.0,0.69,8.4,0.7,44.42,0.31,8.4,0.3,44.42,0.32,21.0,0.33,10.0,0.01,0.01,2334.836656,1776186325000
1776186327.328,27.328,0.68,21.0,0.67,10.0,0.69,8.4,0.7,44.42,0.31,8.4,0.3,44.42,0.32,21.0,0.33,10.0,0.01,0.01,2334.959361,1776186326000
1776186328.419,28.419,0.68,150.0,0.67,195.0,0.72,45.0,0.73,50.0,0.28,45.0,0.27,50.0,0.32,150.0,0.33,195.0,0.04,0.04,2335.040481,1776186327000
1776186329.252,29.252,0.73,10.0,0.72,30.0,0.74,29.38,0.75,60.0,0.28,45.0,0.27,50.0,0.32,150.0,0.33,195.0,0.01,0.04,2335.040481,1776186327000
1776186329.565,29.565,0.73,27.92,0.72,122.67,0.74,40.38,0.75,50.0,0.26,35.38,0.25,50.0,0.28,32.67,0.29,43.83,0.01,0.02,2335.490718,1776186328000
1776186330.036,30.036,0.73,47.92,0.72,115.0,0.74,6.06,0.75,60.0,0.26,40.38,0.25,50.0,0.27,27.92,0.28,122.67,0.01,0.01,2335.490718,1776186328000
1776186330.267,30.267,0.73,91.99,0.72,115.0,0.75,60.0,0.76,50.0,0.26,6.06,0.25,60.0,0.27,47.92,0.28,115.0,0.02,0.01,2335.490718,1776186328000
1776186330.54,30.54,0.73,91.99,0.72,115.0,0.75,60.0,0.76,50.0,0.25,60.0,0.24,50.0,0.27,91.99,0.28,115.0,0.02,0.02,2335.854544,1776186329000
1776186331.15,31.15,0.73,91.99,0.72,115.0,0.75,60.0,0.76,50.0,0.25,60.0,0.24,50.0,0.27,91.99,0.28,115.0,0.02,0.02,2335.871463,1776186330000
1776186331.416,31.416,0.68,31.0,0.67,170.0,0.69,22.17,0.71,15.0,0.28,6.89,0.26,115.0,0.3,2.83,0.32,31.0,0.01,0.02,2335.871463,1776186330000
1776186331.988,31.988,0.68,307.0,0.67,175.0,0.69,17.09,0.7,5.0,0.31,22.17,0.29,15.0,0.32,31.0,0.33,170.0,0.01,0.01,2335.871463,1776186330000
1776186332.3,32.3,0.68,188.62,0.67,170.0,0.69,22.09,0.7,5.0,0.31,17.09,0.3,5.0,0.32,307.0,0.33,175.0,0.01,0.01,2335.871463,1776186330000
1776186332.617,32.617,0.69,33.51,0.68,188.62,0.7,5.0,0.71,75.0,0.3,5.0,0.29,75.0,0.32,188.62,0.33,170.0,0.01,0.02,2335.85885,1776186331000
1776186333.152,33.152,0.71,10.0,0.7,10.0,0.73,124.67,0.74,30.0,0.27,117.41,0.26,30.0,0.31,33.51,0.32,188.62,0.02,0.04,2335.85885,1776186331000
1776186333.452,33.452,0.7,8.0,0.69,20.0,0.73,124.67,0.74,30.0,0.27,124.67,0.26,30.0,0.3,8.0,0.31,20.0,0.03,0.03,2335.431384,1776186332000
1776186333.991,33.991,0.7,8.0,0.69,20.0,0.73,124.67,0.74,30.0,0.27,124.67,0.26,30.0,0.3,8.0,0.31,20.0,0.03,0.03,2335.297873,1776186333000
1776186334.462,34.462,0.71,16.27,0.69,15.0,0.72,110.0,0.73,189.67,0.27,124.67,0.26,30.0,0.3,8.0,0.31,20.0,0.01,0.03,2335.297873,1776186333000
1776186334.978,34.978,0.71,12.54,0.69,15.0,0.72,100.0,0.73,214.67,0.28,110.0,0.27,189.67,0.29,12.54,0.31,15.0,0.01,0.01,2335.297873,1776186333000
1776186335.452,35.452,0.71,12.54,0.7,10.0,0.72,70.0,0.73,231.67,0.28,100.0,0.27,214.67,0.29,12.54,0.31,15.0,0.01,0.01,2335.209863,1776186334000
1776186336.272,36.272,0.71,12.54,0.7,10.0,0.72,70.0,0.73,231.67,0.28,70.0,0.27,231.67,0.29,12.54,0.3,10.0,0.01,0.01,2335.0986,1776186335000
1776186336.557,36.557,0.71,7.54,0.69,15.0,0.72,95.0,0.73,234.67,0.28,70.0,0.27,231.67,0.29,12.54,0.3,10.0,0.01,0.01,2335.0986,1776186335000
1776186337.266,37.266,0.69,25.0,0.68,110.0,0.72,106.0,0.73,234.67,0.28,106.0,0.27,234.67,0.31,25.0,0.32,110.0,0.03,0.03,2335.057382,1776186336000
1776186338.142,38.142,0.7,36.0,0.69,70.0,0.71,45.76,0.72,85.0,0.28,106.0,0.27,234.67,0.31,25.0,0.32,110.0,0.01,0.03,2335.057382,1776186336000
1776186338.54,38.54,0.7,36.0,0.69,70.0,0.71,44.35,0.72,85.0,0.29,44.35,0.28,85.0,0.3,36.0,0.31,70.0,0.01,0.01,2335.047826,1776186337000
1776186339.091,39.091,0.7,41.0,0.69,70.0,0.71,36.53,0.72,80.0,0.29,36.53,0.28,80.0,0.3,41.0,0.31,70.0,0.01,0.01,2335.055577,1776186338000
1776186339.775,39.775,0.7,115.0,0.69,70.0,0.71,179.54,0.72,80.0,0.29,36.53,0.28,80.0,0.3,41.0,0.31,70.0,0.01,0.01,2335.055577,1776186338000
1776186340.223,40.223,0.7,115.0,0.69,70.0,0.71,179.54,0.72,80.0,0.29,179.54,0.28,80.0,0.3,115.0,0.31,70.0,0.01,0.01,2335.111551,1776186339000
1776186341.066,41.066,0.71,136.0,0.7,101.0,0.72,45.0,0.73,124.67,0.29,179.54,0.28,80.0,0.3,115.0,0.31,70.0,0.01,0.01,2335.111551,1776186339000
1776186341.379,41.379,0.72,72.0,0.71,77.0,0.73,141.67,0.74,85.0,0.28,45.0,0.27,124.67,0.29,136.0,0.3,101.0,0.01,0.01,2335.111551,1776186340000
1776186342.299,42.299,0.72,72.0,0.71,77.0,0.73,141.67,0.74,85.0,0.27,141.67,0.26,85.0,0.28,72.0,0.29,77.0,0.01,0.01,2335.15951,1776186341000
1776186342.935,42.935,0.72,131.0,0.71,50.0,0.73,72.15,0.74,70.0,0.27,85.0,0.26,70.0,0.28,131.0,0.29,40.0,0.01,0.01,2335.15951,1776186341000
1776186343.568,43.568,0.72,340.0,0.71,220.0,0.73,49.0,0.74,20.0,0.27,51.15,0.26,70.0,0.28,131.0,0.29,50.0,0.01,0.01,2335.15951,1776186341000
1776186343.874,43.874,0.72,313.0,0.71,245.0,0.73,23.0,0.76,35.0,0.27,22.0,0.26,20.0,0.28,345.0,0.29,245.0,0.01,0.01,2335.15951,1776186341000
1776186345.429,45.429,0.72,313.0,0.71,245.0,0.73,23.0,0.76,35.0,0.27,23.0,0.24,35.0,0.28,313.0,0.29,245.0,0.01,0.01,2335.472198,1776186344000
1776186345.719,45.719,0.74,195.0,0.73,165.0,0.75,31.11,0.76,90.0,0.25,32.61,0.24,85.0,0.28,273.0,0.29,265.0,0.01,0.03,2335.472198,1776186344000
1776186345.939,45.939,0.74,190.0,0.73,180.0,0.75,26.97,0.76,90.0,0.25,28.59,0.24,90.0,0.26,195.0,0.27,165.0,0.01,0.01,2335.472198,1776186344000
1776186347.379,47.379,0.74,7.0,0.73,65.0,0.76,110.0,0.77,113.0,0.25,26.97,0.24,90.0,0.26,190.0,0.27,180.0,0.02,0.01,2335.713106,1776186345000
1776186347.596,47.596,0.74,7.0,0.73,10.0,0.75,12.64,0.76,212.0,0.24,110.0,0.23,113.0,0.26,7.0,0.27,65.0,0.01,0.02,2335.718535,1776186346000
1776186348.017,48.017,0.74,76.0,0.73,35.0,0.75,22.0,0.76,10.0,0.25,21.0,0.24,65.0,0.26,24.0,0.27,20.0,0.01,0.01,2335.718535,1776186346000
1776186349.104,49.104,0.77,20.0,0.76,36.3,0.79,206.0,0.8,70.0,0.25,22.0,0.24,10.0,0.26,76.0,0.27,35.0,0.02,0.01,2335.6977,1776186347000
1776186349.661,49.661,0.77,20.0,0.76,36.3,0.79,206.0,0.8,70.0,0.21,206.0,0.2,70.0,0.23,20.0,0.24,36.3,0.02,0.02,2335.592712,1776186348000
1776186349.867,49.867,0.78,129.0,0.77,65.0,0.79,185.0,0.8,75.0,0.21,206.0,0.2,70.0,0.23,20.0,0.24,36.3,0.01,0.02,2335.592712,1776186348000
1776186350.295,50.295,0.78,129.0,0.77,65.0,0.79,177.0,0.8,75.0,0.21,177.0,0.2,75.0,0.22,129.0,0.23,65.0,0.01,0.01,2336.030031,1776186349000
1776186350.744,50.744,0.78,270.0,0.77,106.0,0.79,146.0,0.8,70.0,0.21,177.0,0.2,75.0,0.22,129.0,0.23,65.0,0.01,0.01,2336.030031,1776186349000
1776186350.994,50.994,0.79,29.0,0.78,219.0,0.8,69.05,0.81,60.0,0.21,108.4,0.2,70.0,0.22,265.0,0.23,122.0,0.01,0.01,2336.030031,1776186349000
1776186351.43,51.43,0.79,24.0,0.78,70.0,0.8,116.05,0.81,132.0,0.2,69.05,0.19,60.0,0.21,29.0,0.22,219.0,0.01,0.01,2336.030031,1776186349000
1776186351.676,51.676,0.79,24.0,0.78,70.0,0.8,99.17,0.81,132.0,0.2,99.17,0.19,132.0,0.21,24.0,0.22,70.0,0.01,0.01,2336.307921,1776186350000
1776186352.192,52.192,0.79,112.29,0.78,215.0,0.8,57.24,0.81,132.0,0.2,126.99,0.19,132.0,0.21,112.29,0.22,110.0,0.01,0.01,2336.307921,1776186350000
1776186352.447,52.447,0.79,112.29,0.78,215.0,0.8,57.24,0.81,132.0,0.2,57.24,0.19,132.0,0.21,112.29,0.22,215.0,0.01,0.01,2336.414018,1776186351000
1776186353.121,53.121,0.79,100.71,0.78,225.0,0.8,99.24,0.81,119.0,0.2,57.24,0.19,132.0,0.21,112.29,0.22,215.0,0.01,0.01,2336.414018,1776186351000
1776186353.504,53.504,0.79,180.71,0.78,225.0,0.8,89.05,0.81,144.0,0.2,99.24,0.19,119.0,0.21,100.71,0.22,225.0,0.01,0.01,2336.533799,1776186352000
1776186354.153,54.153,0.79,168.29,0.78,130.0,0.8,68.7,0.81,144.0,0.2,89.05,0.19,144.0,0.21,180.71,0.22,225.0,0.01,0.01,2336.533799,1776186352000
1776186354.391,54.391,0.79,229.29,0.78,135.0,0.8,61.51,0.81,94.0,0.2,61.51,0.19,94.0,0.21,229.29,0.22,135.0,0.01,0.01,2336.386455,1776186353000
1776186354.636,54.636,0.79,257.29,0.78,235.0,0.8,55.75,0.81,94.0,0.2,61.51,0.19,94.0,0.21,229.29,0.22,135.0,0.01,0.01,2336.386455,1776186353000
1776186355.037,55.037,0.79,257.29,0.78,235.0,0.8,55.75,0.81,94.0,0.2,55.75,0.19,94.0,0.21,257.29,0.22,235.0,0.01,0.01,2336.305582,1776186354000
1776186355.632,55.632,0.8,30.0,0.79,83.29,0.81,144.31,0.82,255.0,0.2,55.75,0.19,94.0,0.21,257.29,0.22,235.0,0.01,0.01,2336.305582,1776186354000
1776186356.31,56.31,0.8,30.0,0.79,83.29,0.81,179.31,0.82,265.0,0.19,144.31,0.18,255.0,0.2,30.0,0.21,83.29,0.01,0.01,2336.305582,1776186354000
1776186356.827,56.827,0.8,4.95,0.79,73.29,0.81,311.31,0.82,209.4,0.19,179.31,0.18,265.0,0.2,30.0,0.21,83.29,0.01,0.01,2336.403494,1776186355000
1776186357.039,57.039,0.79,11.57,0.78,70.0,0.8,227.0,0.81,160.31,0.2,212.0,0.19,165.31,0.21,25.57,0.22,70.0,0.01,0.01,2336.403494,1776186355000
1776186357.322,57.322,0.78,55.0,0.77,115.0,0.8,287.0,0.81,191.0,0.2,227.0,0.19,160.31,0.21,11.57,0.22,70.0,0.02,0.01,2336.403494,1776186355000
1776186358.063,58.063,0.79,50.0,0.78,60.0,0.8,90.0,0.81,165.4,0.2,287.0,0.19,191.0,0.22,55.0,0.23,115.0,0.01,0.02,2336.41515,1776186356000
1776186358.73,58.73,0.79,115.0,0.78,110.0,0.8,111.05,0.81,199.0,0.2,51.0,0.19,221.0,0.21,70.0,0.22,65.0,0.01,0.01,2336.295114,1776186357000
1776186358.982,58.982,0.79,110.0,0.78,115.0,0.8,111.05,0.81,119.0,0.2,111.05,0.19,199.0,0.21,115.0,0.22,110.0,0.01,0.01,2336.295114,1776186357000
1776186359.546,59.546,0.79,110.0,0.78,115.0,0.8,111.05,0.81,119.0,0.2,111.05,0.19,119.0,0.21,110.0,0.22,115.0,0.01,0.01,2335.86581,1776186358000
1776186359.962,59.962,0.79,56.0,0.78,60.0,0.8,140.05,0.81,129.0,0.2,111.05,0.19,119.0,0.21,110.0,0.22,115.0,0.01,0.01,2335.86581,1776186358000
1776186360.196,60.196,0.78,45.0,0.77,125.0,0.79,22.82,0.8,203.8,0.21,22.82,0.2,203.8,0.22,45.0,0.23,125.0,0.01,0.01,2335.933592,1776186359000
1776186360.406,60.406,0.78,10.0,0.77,175.0,0.79,11.49,0.8,205.05,0.21,22.82,0.2,203.8,0.22,45.0,0.23,125.0,0.01,0.01,2335.933592,1776186359000
1776186360.763,60.763,0.79,52.08,0.78,60.0,0.8,70.0,0.81,124.4,0.2,102.05,0.19,180.4,0.21,5.0,0.22,40.0,0.01,0.01,2335.933592,1776186359000
1776186361.318,61.318,0.79,52.08,0.78,60.0,0.8,70.0,0.81,124.4,0.2,70.0,0.19,124.4,0.21,52.08,0.22,60.0,0.01,0.01,2336.085763,1776186360000
1776186361.876,61.876,0.81,4.21,0.8,83.0,0.82,60.0,0.83,80.0,0.19,30.0,0.18,85.0,0.2,90.0,0.21,113.7,0.01,0.01,2336.085763,1776186360000
1776186362.288,62.288,0.81,4.21,0.8,83.0,0.82,60.0,0.83,80.0,0.18,60.0,0.17,80.0,0.19,4.21,0.2,83.0,0.01,0.01,2335.9749,1776186361000
1776186363.102,63.102,0.81,4.21,0.8,83.0,0.82,60.0,0.83,80.0,0.18,60.0,0.17,80.0,0.19,4.21,0.2,83.0,0.01,0.01,2336.081717,1776186362000
1776186363.644,63.644,0.81,281.2,0.8,108.74,0.82,4.95,0.83,80.0,0.18,60.0,0.17,80.0,0.19,4.21,0.2,83.0,0.01,0.01,2336.081717,1776186362000
1776186364.003,64.003,0.81,271.46,0.8,92.74,0.84,150.0,0.85,142.0,0.18,1.95,0.17,30.0,0.19,277.2,0.2,108.74,0.03,0.01,2336.081717,1776186362000
1776186365.414,65.414,0.81,271.46,0.8,92.74,0.84,150.0,0.85,142.0,0.16,150.0,0.15,142.0,0.19,271.46,0.2,92.74,0.03,0.03,2336.925292,1776186364000
1776186365.994,65.994,0.81,271.46,0.8,92.74,0.84,150.0,0.85,142.0,0.16,150.0,0.15,142.0,0.19,271.46,0.2,92.74,0.03,0.03,2337.21738,1776186365000
1776186367.291,67.291,0.81,271.46,0.8,92.74,0.84,150.0,0.85,142.0,0.16,150.0,0.15,142.0,0.19,271.46,0.2,92.74,0.03,0.03,2337.49627,1776186366000
1776186368.334,68.334,0.81,271.46,0.8,92.74,0.84,150.0,0.85,142.0,0.16,150.0,0.15,142.0,0.19,271.46,0.2,92.74,0.03,0.03,2337.431649,1776186367000
1776186368.565,68.565,0.81,36.68,0.8,10.0,0.82,17.77,0.83,8.09,0.18,17.77,0.17,37.5,0.19,62.99,0.2,10.0,0.01,0.01,2337.431649,1776186367000
1776186369.002,69.002,0.82,10.0,0.81,50.94,0.83,1.94,0.84,75.0,0.17,1.94,0.16,75.0,0.18,10.0,0.19,50.94,0.01,0.01,2337.41256,1776186368000
1776186369.351,69.351,0.83,20.0,0.82,40.0,0.84,65.0,0.86,96.0,0.17,3.25,0.16,70.0,0.18,49.0,0.19,24.94,0.01,0.01,2337.41256,1776186368000
1776186369.578,69.578,0.83,28.19,0.82,40.0,0.84,151.31,0.86,96.0,0.16,65.0,0.14,96.0,0.17,20.0,0.18,40.0,0.01,0.01,2337.41256,1776186368000
1776186370.07,70.07,0.83,64.3,0.82,50.0,0.84,65.0,0.86,72.0,0.16,151.31,0.14,96.0,0.17,11.19,0.18,70.0,0.01,0.01,2337.41256,1776186368000
1776186371.258,71.258,0.83,64.3,0.82,50.0,0.84,65.0,0.86,72.0,0.16,65.0,0.14,72.0,0.17,64.3,0.18,50.0,0.01,0.01,2336.5733,1776186370000
1776186372.371,72.371,0.83,64.3,0.82,50.0,0.84,65.0,0.86,72.0,0.16,65.0,0.14,72.0,0.17,64.3,0.18,50.0,0.01,0.01,2336.624017,1776186371000
1776186373.065,73.065,0.83,155.19,0.82,110.0,0.84,71.26,0.85,174.2,0.16,146.31,0.15,169.2,0.17,70.19,0.18,110.0,0.01,0.01,2336.624017,1776186371000
1776186373.489,73.489,0.83,199.19,0.82,110.0,0.84,39.95,0.85,78.2,0.16,71.26,0.15,174.2,0.17,155.19,0.18,110.0,0.01,0.01,2336.622116,1776186372000
1776186374.126,74.126,0.83,199.19,0.82,110.0,0.84,39.95,0.85,78.2,0.16,39.95,0.15,78.2,0.17,199.19,0.18,110.0,0.01,0.01,2336.600844,1776186373000
1776186374.845,74.845,0.83,135.19,0.82,110.0,0.84,37.95,0.85,83.2,0.16,39.95,0.15,78.2,0.17,199.19,0.18,110.0,0.01,0.01,2336.600844,1776186373000
1776186375.35,75.35,0.83,135.19,0.82,110.0,0.84,37.95,0.85,83.2,0.16,37.95,0.15,83.2,0.17,135.19,0.18,110.0,0.01,0.01,2336.730644,1776186374000
1776186376.397,76.397,0.83,135.19,0.82,120.0,0.84,33.95,0.85,83.2,0.16,37.95,0.15,83.2,0.17,135.19,0.18,110.0,0.01,0.01,2336.730644,1776186374000
1776186376.7,76.7,0.83,225.14,0.82,110.0,0.84,33.95,0.85,33.2,0.16,33.95,0.15,83.2,0.17,135.19,0.18,120.0,0.01,0.01,2336.785359,1776186375000
1776186377.091,77.091,0.83,140.14,0.82,110.0,0.86,232.01,0.87,171.8,0.14,232.01,0.13,171.8,0.17,140.14,0.18,110.0,0.03,0.03,2336.8088,1776186376000
1776186377.97,77.97,0.84,3.25,0.83,66.19,0.85,40.0,0.86,225.21,0.14,199.83,0.13,193.8,0.15,75.0,0.16,60.0,0.01,0.01,2336.8088,1776186376000
1776186378.204,78.204,0.83,60.67,0.82,105.0,0.85,31.0,0.86,215.21,0.15,40.0,0.14,225.21,0.16,3.25,0.17,66.19,0.02,0.01,2336.82644,1776186377000
1776186379.056,79.056,0.84,124.0,0.83,60.67,0.85,9.87,0.86,12.0,0.15,31.0,0.14,215.21,0.17,60.67,0.18,105.0,0.01,0.02,2336.82644,1776186377000
1776186379.639,79.639,0.84,154.0,0.83,60.67,0.86,7.45,0.87,182.8,0.15,9.87,0.14,12.0,0.16,124.0,0.17,60.67,0.02,0.01,2336.82815,1776186378000
1776186380.246,80.246,0.84,154.0,0.83,60.67,0.86,7.45,0.87,182.8,0.14,7.45,0.13,182.8,0.16,154.0,0.17,60.67,0.02,0.02,2336.728277,1776186379000
1776186381.335,81.335,0.85,75.0,0.84,65.0,0.87,188.76,0.88,325.1,0.13,188.76,0.12,325.1,0.15,75.0,0.16,65.0,0.02,0.02,2336.78329,1776186380000
1776186381.782,81.782,0.84,15.0,0.83,60.67,0.85,57.89,0.86,133.0,0.13,188.76,0.12,325.1,0.15,75.0,0.16,65.0,0.01,0.02,2336.78329,1776186380000
1776186382.35,82.35,0.83,60.67,0.82,120.0,0.85,57.89,0.86,133.0,0.15,57.89,0.14,133.0,0.17,60.67,0.18,120.0,0.02,0.02,2336.7687,1776186381000
1776186383.372,83.372,0.85,30.0,0.84,70.0,0.86,196.39,0.87,132.8,0.14,196.39,0.13,132.8,0.15,30.0,0.16,70.0,0.01,0.01,2336.716133,1776186382000
1776186383.982,83.982,0.85,121.86,0.84,70.0,0.86,61.39,0.87,132.8,0.14,56.39,0.13,132.8,0.15,50.0,0.16,70.0,0.01,0.01,2336.716133,1776186382000
1776186384.366,84.366,0.85,121.86,0.84,70.0,0.86,61.39,0.87,132.8,0.14,61.39,0.13,132.8,0.15,121.86,0.16,70.0,0.01,0.01,2336.749645,1776186383000
1776186384.913,84.913,0.85,121.86,0.84,70.0,0.86,61.39,0.87,132.8,0.14,61.39,0.13,132.8,0.15,121.86,0.16,70.0,0.01,0.01,2336.747875,1776186384000
1776186385.94,85.94,0.85,171.86,0.84,75.0,0.87,126.7,0.88,426.1,0.13,126.7,0.12,426.1,0.15,171.86,0.16,75.0,0.02,0.02,2336.744015,1776186385000
1776186386.514,86.514,0.86,159.0,0.85,111.86,0.87,0.87,0.88,217.0,0.13,126.7,0.12,426.1,0.15,171.86,0.16,75.0,0.01,0.02,2336.744015,1776186385000
1776186386.902,86.902,0.86,159.0,0.85,111.86,0.87,0.87,0.88,217.0,0.13,0.87,0.12,217.0,0.14,159.0,0.15,111.86,0.01,0.01,2336.749985,1776186386000
1776186387.965,87.965,0.86,159.0,0.85,111.86,0.87,0.87,0.88,217.0,0.13,0.87,0.12,217.0,0.14,159.0,0.15,111.86,0.01,0.01,2336.774365,1776186387000
1776186389.013,89.013,0.86,159.0,0.85,111.86,0.87,0.87,0.88,217.0,0.13,0.87,0.12,217.0,0.14,159.0,0.15,111.86,0.01,0.01,2337.289451,1776186388000
1776186390.048,90.048,0.86,159.0,0.85,111.86,0.87,0.87,0.88,217.0,0.13,0.87,0.12,217.0,0.14,159.0,0.15,111.86,0.01,0.01,2337.414935,1776186389000
1776186390.429,90.429,0.86,974.28,0.85,231.99,0.87,22.74,0.88,85.0,0.13,0.87,0.12,217.0,0.14,159.0,0.15,111.86,0.01,0.01,2337.414935,1776186389000
1776186390.914,90.914,0.86,825.72,0.85,231.99,0.87,16.94,0.88,85.0,0.13,22.74,0.12,85.0,0.14,974.28,0.15,231.99,0.01,0.01,2337.414935,1776186389000
1776186391.129,91.129,0.86,1310.6,0.85,301.22,0.87,14.94,0.88,85.0,0.13,14.94,0.12,85.0,0.14,1310.6,0.15,301.22,0.01,0.01,2337.39895,1776186390000
1776186391.415,91.415,0.86,356.65,0.85,172.76,0.87,14.94,0.88,85.0,0.13,14.94,0.12,85.0,0.14,1310.6,0.15,301.22,0.01,0.01,2337.39895,1776186390000
1776186392.281,92.281,0.86,356.65,0.85,172.76,0.87,14.94,0.88,85.0,0.13,14.94,0.12,85.0,0.14,356.65,0.15,172.76,0.01,0.01,2337.344506,1776186391000
1776186392.648,92.648,0.87,1346.83,0.86,270.68,0.88,43.45,0.89,340.0,0.12,52.72,0.11,340.0,0.13,489.62,0.14,143.56,0.01,0.01,2337.344506,1776186391000
1776186393.389,93.389,0.87,1346.83,0.86,270.68,0.88,43.45,0.89,340.0,0.12,43.45,0.11,340.0,0.13,1346.83,0.14,270.68,0.01,0.01,2337.28802,1776186392000
1776186393.998,93.998,0.87,1346.83,0.86,270.68,0.88,43.45,0.89,340.0,0.12,43.45,0.11,340.0,0.13,1346.83,0.14,270.68,0.01,0.01,2337.28802,1776186393000
1776186395.065,95.065,0.87,1346.83,0.86,270.68,0.88,43.45,0.89,340.0,0.12,43.45,0.11,340.0,0.13,1346.83,0.14,270.68,0.01,0.01,2337.369935,1776186394000
1776186395.731,95.731,0.87,29.0,0.86,40.0,0.89,234.18,0.9,290.0,0.12,43.45,0.11,340.0,0.13,1346.83,0.14,270.68,0.02,0.01,2337.369935,1776186394000
1776186396.141,96.141,0.86,34.84,0.85,128.53,0.88,76.94,0.89,233.0,0.12,44.94,0.11,269.18,0.13,25.84,0.14,40.0,0.02,0.01,2337.369935,1776186394000
1776186397.216,97.216,0.86,34.84,0.85,128.53,0.88,72.71,0.89,233.0,0.12,72.71,0.11,233.0,0.14,34.84,0.15,128.53,0.02,0.02,2337.30975,1776186396000
1776186398.005,98.005,0.88,20.0,0.87,81.0,0.89,86.0,0.9,225.0,0.12,72.71,0.11,233.0,0.14,34.84,0.15,128.53,0.01,0.02,2337.30975,1776186396000
1776186398.323,98.323,0.88,41.25,0.87,81.0,0.89,95.18,0.9,225.0,0.11,95.18,0.1,225.0,0.12,41.25,0.13,81.0,0.01,0.01,2337.132969,1776186397000
1776186398.615,98.615,0.88,25.0,0.87,138.69,0.89,91.18,0.9,225.0,0.11,95.18,0.1,225.0,0.12,41.25,0.13,81.0,0.01,0.01,2337.132969,1776186397000
1776186398.952,98.952,0.88,47.73,0.87,65.0,0.89,81.18,0.9,235.0,0.11,86.18,0.1,225.0,0.12,407.86,0.13,138.69,0.01,0.01,2337.132969,1776186397000
1776186399.334,99.334,0.88,47.73,0.87,70.0,0.89,63.06,0.9,223.0,0.11,81.18,0.1,235.0,0.12,47.73,0.13,65.0,0.01,0.01,2337.132969,1776186397000
1776186399.803,99.803,0.88,74.63,0.87,70.0,0.89,63.06,0.9,223.0,0.11,63.06,0.1,223.0,0.12,47.73,0.13,70.0,0.01,0.01,2337.229585,1776186398000
1776186400.285,100.285,0.88,77.73,0.87,70.0,0.89,70.56,0.9,223.0,0.11,47.06,0.1,223.0,0.12,79.63,0.13,70.0,0.01,0.01,2337.229585,1776186398000
1776186400.873,100.873,0.88,77.73,0.87,70.0,0.89,70.56,0.9,223.0,0.11,70.56,0.1,223.0,0.12,77.73,0.13,70.0,0.01,0.01,2337.209493,1776186400000
1776186401.256,101.256,0.89,502.23,0.88,205.54,0.9,20.05,0.91,257.0,0.1,61.0,0.09,449.0,0.12,145.73,0.13,80.0,0.01,0.02,2337.209493,1776186400000
1776186401.644,101.644,0.89,111.9,0.88,125.73,0.9,30.15,0.91,245.0,0.1,20.05,0.09,257.0,0.11,502.23,0.12,205.54,0.01,0.01,2337.209493,1776186400000
1776186401.967,101.967,0.89,111.9,0.88,125.73,0.9,30.15,0.91,245.0,0.1,30.15,0.09,245.0,0.11,111.9,0.12,125.73,0.01,0.01,2337.215824,1776186401000
1776186402.988,102.988,0.89,111.9,0.88,125.73,0.9,30.15,0.91,245.0,0.1,30.15,0.09,245.0,0.11,111.9,0.12,125.73,0.01,0.01,2337.378766,1776186402000
1776186404.351,104.351,0.89,111.9,0.88,125.73,0.9,30.15,0.91,245.0,0.1,30.15,0.09,245.0,0.11,111.9,0.12,125.73,0.01,0.01,2337.5004,1776186403000
1776186404.879,104.879,0.89,111.9,0.88,125.73,0.9,30.15,0.91,245.0,0.1,30.15,0.09,245.0,0.11,111.9,0.12,125.73,0.01,0.01,2337.5538,1776186404000
1776186405.283,105.283,0.89,75.0,0.88,167.54,0.9,13.33,0.91,113.22,0.1,30.15,0.09,245.0,0.11,111.9,0.12,125.73,0.01,0.01,2337.5538,1776186404000
1776186405.937,105.937,0.89,75.0,0.88,167.54,0.9,13.33,0.91,113.22,0.1,13.33,0.09,113.22,0.11,75.0,0.12,167.54,0.01,0.01,2337.58915,1776186405000
1776186406.981,106.981,0.89,26.9,0.88,87.73,0.9,63.0,0.91,248.22,0.1,63.0,0.09,248.22,0.11,26.9,0.12,87.73,0.01,0.01,2337.585289,1776186406000
1776186408.07,108.07,0.89,495.83,0.88,172.54,0.9,49.77,0.91,113.0,0.1,49.77,0.09,113.0,0.11,495.83,0.12,172.54,0.01,0.01,2337.278203,1776186407000
1776186409.075,109.075,0.9,25.0,0.89,51.9,0.91,56.0,0.92,204.0,0.09,56.0,0.08,204.0,0.1,25.0,0.11,51.9,0.01,0.01,2337.29455,1776186408000
1776186409.604,109.604,0.9,649.95,0.89,268.13,0.91,25.0,0.92,99.0,0.09,56.0,0.08,204.0,0.1,25.0,0.11,51.9,0.01,0.01,2337.29455,1776186408000
1776186410.134,110.134,0.9,1056.5,0.89,331.36,0.91,11.0,0.92,111.0,0.09,11.0,0.08,111.0,0.1,1056.5,0.11,331.36,0.01,0.01,2337.422874,1776186409000
1776186410.954,110.954,0.9,257.25,0.89,46.9,0.91,43.9,0.92,239.9,0.09,43.9,0.08,159.9,0.1,260.0,0.11,46.9,0.01,0.01,2337.422874,1776186409000
1776186411.176,111.176,0.9,257.25,0.89,46.9,0.91,43.9,0.92,239.9,0.09,43.9,0.08,239.9,0.1,257.25,0.11,46.9,0.01,0.01,2337.4907,1776186410000
1776186411.537,111.537,0.9,255.95,0.89,46.9,0.91,50.9,0.92,239.9,0.09,43.9,0.08,239.9,0.1,257.25,0.11,46.9,0.01,0.01,2337.4907,1776186410000
1776186412.265,112.265,0.9,255.95,0.89,46.9,0.91,50.9,0.92,239.9,0.09,50.9,0.08,239.9,0.1,255.95,0.11,46.9,0.01,0.01,2337.4883,1776186411000
1776186413.284,113.284,0.9,255.95,0.89,46.9,0.91,50.9,0.92,239.9,0.09,50.9,0.08,239.9,0.1,255.95,0.11,46.9,0.01,0.01,2337.3764,1776186412000
1776186413.98,113.98,0.9,235.35,0.89,36.9,0.91,100.0,0.92,304.9,0.09,50.9,0.08,239.9,0.1,255.95,0.11,46.9,0.01,0.01,2337.3764,1776186412000
1776186414.302,114.302,0.9,235.35,0.89,36.9,0.91,100.0,0.92,304.9,0.09,100.0,0.08,304.9,0.1,235.35,0.11,36.9,0.01,0.01,2337.38695,1776186413000
1776186415.423,115.423,0.9,235.35,0.89,36.9,0.91,100.0,0.92,304.9,0.09,100.0,0.08,304.9,0.1,235.35,0.11,36.9,0.01,0.01,2337.348133,1776186414000
1776186415.984,115.984,0.9,235.35,0.89,36.9,0.91,100.0,0.92,304.9,0.09,100.0,0.08,304.9,0.1,235.35,0.11,36.9,0.01,0.01,2337.331902,1776186415000
1776186417.471,117.471,0.9,235.35,0.89,36.9,0.91,100.0,0.92,304.9,0.09,100.0,0.08,304.9,0.1,235.35,0.11,36.9,0.01,0.01,2337.5213,1776186416000
1776186417.879,117.879,0.9,235.35,0.89,36.9,0.91,100.0,0.92,304.9,0.09,100.0,0.08,304.9,0.1,235.35,0.11,36.9,0.01,0.01,2337.481432,1776186417000
1776186418.479,118.479,0.9,282.22,0.89,36.9,0.92,379.52,0.93,188.3,0.09,100.0,0.08,304.9,0.1,235.35,0.11,36.9,0.02,0.01,2337.481432,1776186417000
1776186418.85,118.85,0.91,87.44,0.9,217.3,0.92,401.52,0.93,188.3,0.08,294.52,0.07,188.3,0.09,97.44,0.1,277.3,0.01,0.01,2337.481432,1776186417000
1776186419.19,119.19,0.91,9.44,0.9,217.3,0.92,322.17,0.93,188.3,0.08,401.52,0.07,188.3,0.09,9.44,0.1,217.3,0.01,0.01,2337.4788,1776186418000
1776186419.519,119.519,0.9,191.74,0.89,70.0,0.91,194.35,0.92,153.08,0.08,323.08,0.07,188.3,0.1,186.74,0.11,65.0,0.01,0.02,2337.4788,1776186418000
1776186419.99,119.99,0.9,191.74,0.89,70.0,0.91,194.35,0.92,153.08,0.09,194.35,0.08,153.08,0.1,191.74,0.11,70.0,0.01,0.01,2337.362985,1776186419000
1776186420.711,120.711,0.84,100.0,0.83,50.0,0.85,19.99,0.87,90.0,0.12,23.32,0.09,519.35,0.13,30.0,0.14,40.01,0.01,0.01,2337.362985,1776186419000
1776186421.072,121.072,0.84,100.0,0.83,50.0,0.85,19.99,0.87,90.0,0.15,19.99,0.13,90.0,0.16,100.0,0.17,50.0,0.01,0.01,2337.1067,1776186420000
1776186421.501,121.501,0.8,25.0,0.79,140.0,0.88,170.56,0.89,91.79,0.19,5.7,0.18,10.0,0.21,195.0,0.22,103.74,0.08,0.02,2337.1067,1776186420000
1776186421.766,121.766,0.83,5.76,0.82,9.44,0.84,164.0,0.85,104.0,0.16,10.0,0.15,70.0,0.18,9.44,0.19,25.0,0.01,0.02,2337.1067,1776186420000
1776186422.048,122.048,0.8,46.05,0.79,135.0,0.83,10.0,0.84,105.0,0.17,10.0,0.16,105.0,0.2,46.05,0.21,135.0,0.03,0.03,2336.020428,1776186421000
1776186422.293,122.293,0.82,15.16,0.81,20.0,0.83,35.0,0.84,14.0,0.17,35.0,0.15,84.0,0.18,16.0,0.19,20.0,0.01,0.01,2336.020428,1776186421000
1776186422.663,122.663,0.84,10.0,0.83,10.0,0.85,4.76,0.86,85.0,0.17,35.0,0.16,14.0,0.18,15.16,0.19,20.0,0.01,0.01,2336.020428,1776186421000
1776186422.934,122.934,0.81,26.0,0.8,42.05,0.86,100.0,0.87,199.8,0.15,4.76,0.14,85.0,0.16,10.0,0.17,10.0,0.05,0.01,2336.020428,1776186421000
1776186423.176,123.176,0.84,75.0,0.83,75.0,0.85,6.63,0.86,118.0,0.14,100.0,0.13,199.8,0.19,26.0,0.2,42.05,0.01,0.05,2335.317396,1776186422000
1776186423.913,123.913,0.83,2.0,0.82,10.0,0.85,136.63,0.86,224.9,0.15,6.63,0.14,118.0,0.16,75.0,0.17,75.0,0.02,0.01,2335.317396,1776186422000
1776186424.118,124.118,0.84,10.0,0.82,7.14,0.85,106.54,0.86,214.9,0.15,106.54,0.14,214.9,0.16,10.0,0.18,7.14,0.01,0.01,2335.468466,1776186423000
1776186424.55,124.55,0.84,219.8,0.83,15.0,0.85,25.0,0.86,121.9,0.15,106.54,0.14,214.9,0.16,10.0,0.18,7.14,0.01,0.01,2335.468466,1776186423000
1776186424.868,124.868,0.84,148.8,0.82,91.46,0.85,185.31,0.86,196.9,0.15,25.0,0.14,121.9,0.16,219.8,0.17,15.0,0.01,0.01,2335.468466,1776186423000
1776186425.155,125.155,0.84,148.8,0.82,91.46,0.85,185.31,0.86,196.9,0.15,185.31,0.14,196.9,0.16,148.8,0.18,91.46,0.01,0.01,2335.846394,1776186424000
1776186426.313,126.313,0.84,153.8,0.83,5.0,0.85,179.43,0.86,196.9,0.15,179.43,0.14,196.9,0.16,153.8,0.17,5.0,0.01,0.01,2335.753229,1776186425000
1776186426.801,126.801,0.84,230.8,0.83,65.0,0.85,70.0,0.86,89.9,0.15,93.2,0.14,171.9,0.16,235.8,0.17,15.0,0.01,0.01,2335.753229,1776186425000
1776186427.172,127.172,0.84,235.8,0.83,15.0,0.85,49.0,0.86,89.9,0.15,49.0,0.14,89.9,0.16,235.8,0.17,15.0,0.01,0.01,2335.71895,1776186426000
1776186427.894,127.894,0.84,235.8,0.83,65.0,0.85,57.49,0.86,119.9,0.15,132.59,0.14,119.9,0.16,195.8,0.17,60.0,0.01,0.01,2335.71895,1776186426000
1776186428.096,128.096,0.84,235.8,0.83,65.0,0.85,57.49,0.86,119.9,0.15,57.49,0.14,119.9,0.16,235.8,0.17,65.0,0.01,0.01,2335.790715,1776186427000
1776186429.168,129.168,0.84,235.8,0.83,65.0,0.85,57.49,0.86,119.9,0.15,57.49,0.14,119.9,0.16,235.8,0.17,65.0,0.01,0.01,2335.844026,1776186428000
1776186429.595,129.595,0.84,153.8,0.83,15.0,0.85,143.29,0.86,119.9,0.15,57.49,0.14,119.9,0.16,235.8,0.17,65.0,0.01,0.01,2335.844026,1776186428000
1776186429.81,129.81,0.84,153.8,0.83,15.0,0.85,140.61,0.86,119.9,0.15,143.29,0.14,119.9,0.16,153.8,0.17,15.0,0.01,0.01,2335.844026,1776186428000
1776186430.131,130.131,0.84,130.8,0.82,121.46,0.85,301.81,0.86,119.9,0.15,140.61,0.14,119.9,0.16,153.8,0.17,15.0,0.01,0.01,2335.844026,1776186428000
1776186430.522,130.522,0.84,130.8,0.82,121.46,0.85,301.81,0.86,119.9,0.15,301.81,0.14,119.9,0.16,130.8,0.18,121.46,0.01,0.01,2335.871242,1776186429000
1776186431.035,131.035,0.84,145.8,0.83,5.0,0.85,126.81,0.86,189.72,0.15,126.81,0.14,189.72,0.16,145.8,0.17,5.0,0.01,0.01,2335.873401,1776186430000
1776186431.389,131.389,0.84,134.55,0.82,121.46,0.85,242.81,0.86,239.72,0.15,126.81,0.14,189.72,0.16,145.8,0.17,5.0,0.01,0.01,2335.873401,1776186430000
1776186431.928,131.928,0.84,129.55,0.83,5.0,0.85,203.28,0.86,179.9,0.15,242.81,0.14,239.72,0.16,134.55,0.18,121.46,0.01,0.01,2335.873401,1776186430000
1776186432.28,132.28,0.84,106.55,0.82,121.46,0.85,238.28,0.86,204.9,0.15,203.28,0.14,179.9,0.16,129.55,0.17,5.0,0.01,0.01,2335.70955,1776186431000
1776186433.06,133.06,0.84,106.55,0.82,121.46,0.85,238.28,0.86,204.9,0.15,238.28,0.14,204.9,0.16,106.55,0.18,121.46,0.01,0.01,2335.583527,1776186432000
1776186433.46,133.46,0.84,177.55,0.83,20.58,0.85,22.2,0.86,139.9,0.15,238.28,0.14,204.9,0.16,106.55,0.18,121.46,0.01,0.01,2335.583527,1776186432000
1776186433.724,133.724,0.85,65.0,0.84,227.55,0.86,48.3,0.87,144.8,0.14,100.77,0.13,134.8,0.16,182.55,0.17,20.58,0.01,0.02,2335.583527,1776186432000
1776186434.139,134.139,0.85,118.0,0.84,227.55,0.87,94.8,0.88,165.1,0.13,94.8,0.12,165.1,0.15,118.0,0.16,227.55,0.02,0.02,2335.553515,1776186433000
1776186434.843,134.843,0.85,93.0,0.84,177.13,0.86,9.9,0.87,84.8,0.13,94.8,0.12,165.1,0.15,118.0,0.16,227.55,0.01,0.02,2335.553515,1776186433000
1776186435.12,135.12,0.85,118.0,0.84,177.13,0.86,7.83,0.87,84.8,0.14,7.83,0.13,84.8,0.15,118.0,0.16,177.13,0.01,0.01,2335.661563,1776186434000
1776186435.734,135.734,0.85,128.58,0.84,171.55,0.86,13.67,0.87,56.8,0.14,7.83,0.13,84.8,0.15,118.0,0.16,177.13,0.01,0.01,2335.661563,1776186434000
1776186436.012,136.012,0.85,158.58,0.84,80.0,0.87,15.0,0.88,84.1,0.14,7.36,0.13,10.0,0.15,133.58,0.16,80.0,0.02,0.01,2335.661563,1776186434000
1776186436.291,136.291,0.87,17.0,0.86,142.0,0.88,84.1,0.89,120.79,0.13,15.0,0.12,84.1,0.15,158.58,0.16,80.0,0.01,0.02,2335.85,1776186435000
1776186436.925,136.925,0.87,137.0,0.86,122.58,0.88,89.1,0.89,120.79,0.12,84.1,0.11,120.79,0.13,17.0,0.14,142.0,0.01,0.01,2335.85,1776186435000
1776186437.183,137.183,0.87,137.0,0.86,122.58,0.88,79.1,0.89,120.79,0.12,79.1,0.11,120.79,0.13,137.0,0.14,122.58,0.01,0.01,2335.909906,1776186436000
1776186437.563,137.563,0.85,114.8,0.84,75.0,0.88,79.1,0.89,120.79,0.12,79.1,0.11,120.79,0.13,137.0,0.14,122.58,0.03,0.01,2335.909906,1776186436000
1776186438.238,138.238,0.85,114.8,0.84,75.0,0.88,79.1,0.89,120.79,0.12,79.1,0.11,120.79,0.15,114.8,0.16,75.0,0.03,0.03,2336.09534,1776186437000
1776186439.33,139.33,0.85,114.8,0.84,75.0,0.88,79.1,0.89,120.79,0.12,79.1,0.11,120.79,0.15,114.8,0.16,75.0,0.03,0.03,2336.1888,1776186438000
1776186440.195,140.195,0.87,5.0,0.86,15.0,0.88,122.0,0.89,163.79,0.12,122.0,0.11,163.79,0.13,5.0,0.14,15.0,0.01,0.01,2336.20726,1776186439000
1776186441.026,141.026,0.87,80.0,0.86,75.0,0.88,27.0,0.89,70.0,0.12,122.0,0.11,163.79,0.13,5.0,0.14,15.0,0.01,0.01,2336.20726,1776186439000
1776186441.269,141.269,0.87,80.0,0.86,75.0,0.88,27.0,0.89,70.0,0.12,27.0,0.11,70.0,0.13,80.0,0.14,75.0,0.01,0.01,2336.22115,1776186440000
1776186441.599,141.599,0.87,41.53,0.86,75.0,0.88,5.63,0.89,135.0,0.12,17.0,0.11,85.0,0.13,41.53,0.14,75.0,0.01,0.01,2336.22115,1776186440000
1776186442.172,142.172,0.87,41.53,0.86,75.0,0.88,5.63,0.89,135.0,0.12,5.63,0.11,135.0,0.13,41.53,0.14,75.0,0.01,0.01,2336.3577,1776186441000
1776186443.247,143.247,0.87,41.53,0.86,309.99,0.88,4.29,0.89,35.0,0.12,5.63,0.11,135.0,0.13,41.53,0.14,75.0,0.01,0.01,2336.3577,1776186441000
1776186443.624,143.624,0.87,128.52,0.86,306.74,0.89,35.0,0.9,25.0,0.12,4.29,0.11,35.0,0.13,41.53,0.14,309.99,0.02,0.01,2336.3577,1776186441000
1776186444.263,144.263,0.87,199.28,0.86,246.74,0.88,10.0,0.89,20.0,0.12,10.6,0.11,10.0,0.13,51.53,0.14,301.74,0.01,0.01,2336.3977,1776186442000
1776186444.706,144.706,0.87,217.28,0.86,276.74,0.88,4.94,0.89,20.0,0.12,10.0,0.11,20.0,0.13,199.28,0.14,246.74,0.01,0.01,2336.3977,1776186442000
1776186445.172,145.172,0.87,372.28,0.86,301.74,0.89,19.57,0.9,25.0,0.12,4.94,0.11,20.0,0.13,217.28,0.14,276.74,0.02,0.01,2336.42658,1776186443000
1776186445.401,145.401,0.87,372.28,0.86,301.74,0.89,19.57,0.9,25.0,0.11,19.57,0.1,25.0,0.13,372.28,0.14,301.74,0.02,0.02,2336.694043,1776186444000
1776186446.107,146.107,0.87,372.28,0.86,301.74,0.89,19.57,0.9,25.0,0.11,19.57,0.1,25.0,0.13,372.28,0.14,301.74,0.02,0.02,2336.800344,1776186445000
1776186446.604,146.604,0.88,212.99,0.87,169.03,0.89,13.32,0.9,45.0,0.11,19.57,0.1,25.0,0.13,372.28,0.14,301.74,0.01,0.02,2336.800344,1776186445000
1776186446.937,146.937,0.88,65.0,0.87,141.28,0.89,3.33,0.9,45.0,0.11,13.32,0.1,45.0,0.12,193.79,0.13,134.03,0.01,0.01,2336.800344,1776186445000
1776186447.617,147.617,0.88,65.0,0.87,141.28,0.89,3.33,0.9,45.0,0.11,3.33,0.1,45.0,0.12,65.0,0.13,141.28,0.01,0.01,2336.912535,1776186446000
1776186448.311,148.311,0.88,65.0,0.87,141.28,0.89,3.33,0.9,45.0,0.11,3.33,0.1,45.0,0.12,65.0,0.13,141.28,0.01,0.01,2336.97191,1776186447000
1776186449.595,149.595,0.88,65.0,0.87,141.28,0.89,3.33,0.9,45.0,0.11,3.33,0.1,45.0,0.12,65.0,0.13,141.28,0.01,0.01,2336.872685,1776186448000
1776186450.13,150.13,0.88,350.08,0.87,209.03,0.91,2.26,0.92,60.0,0.11,3.33,0.1,45.0,0.12,65.0,0.13,141.28,0.03,0.01,2336.872685,1776186448000
1776186450.614,150.614,0.92,61.52,0.9,159.33,0.93,72.0,0.94,427.8,0.09,2.26,0.08,60.0,0.12,350.08,0.13,209.03,0.01,0.03,2336.87553,1776186449000
1776186450.956,150.956,0.92,83.69,0.91,60.0,0.93,68.93,0.94,477.8,0.07,72.0,0.06,427.8,0.08,61.52,0.1,159.33,0.01,0.01,2336.87553,1776186449000
1776186451.224,151.224,0.92,23.19,0.91,60.0,0.93,109.68,0.94,477.8,0.07,114.68,0.06,477.8,0.08,39.69,0.09,50.0,0.01,0.01,2336.87553,1776186449000
1776186451.676,151.676,0.91,65.0,0.9,71.0,0.93,177.98,0.94,477.8,0.07,109.68,0.06,477.8,0.08,23.19,0.09,60.0,0.02,0.01,2336.87553,1776186449000
1776186452.352,152.352,0.91,60.0,0.9,71.0,0.92,59.29,0.93,182.98,0.07,177.98,0.06,477.8,0.09,65.0,0.1,71.0,0.01,0.02,2337.039285,1776186450000
1776186453.104,153.104,0.91,60.0,0.9,71.0,0.92,53.96,0.93,132.98,0.08,53.96,0.07,132.98,0.09,60.0,0.1,71.0,0.01,0.01,2337.020147,1776186452000
1776186454.508,154.508,0.91,60.0,0.9,71.0,0.92,53.96,0.93,132.98,0.08,53.96,0.07,132.98,0.09,60.0,0.1,71.0,0.01,0.01,2337.039805,1776186453000
1776186455.204,155.204,0.91,60.0,0.9,71.0,0.92,53.96,0.93,132.98,0.08,53.96,0.07,132.98,0.09,60.0,0.1,71.0,0.01,0.01,2337.115764,1776186454000
1776186455.992,155.992,0.92,95.0,0.91,106.0,0.93,2.55,0.94,441.8,0.08,53.96,0.07,132.98,0.09,60.0,0.1,71.0,0.01,0.01,2337.115764,1776186454000
1776186456.595,156.595,0.92,95.0,0.91,106.0,0.93,2.55,0.94,441.8,0.07,2.55,0.06,441.8,0.08,95.0,0.09,106.0,0.01,0.01,2337.098405,1776186455000
1776186457.264,157.264,0.92,95.0,0.91,106.0,0.93,2.55,0.94,441.8,0.07,2.55,0.06,441.8,0.08,95.0,0.09,106.0,0.01,0.01,2337.110245,1776186456000
1776186457.801,157.801,0.92,115.32,0.91,130.0,0.93,27.55,0.94,389.8,0.07,2.55,0.06,441.8,0.08,95.0,0.09,106.0,0.01,0.01,2337.110245,1776186456000
1776186458.613,158.613,0.92,115.32,0.91,130.0,0.93,27.55,0.94,389.8,0.07,27.55,0.06,389.8,0.08,115.32,0.09,130.0,0.01,0.01,2337.05356,1776186457000
1776186459.365,159.365,0.92,115.32,0.91,130.0,0.93,27.55,0.94,389.8,0.07,27.55,0.06,389.8,0.08,115.32,0.09,130.0,0.01,0.01,2337.003705,1776186458000
1776186459.866,159.866,0.92,40.0,0.91,200.0,0.93,86.97,0.94,464.8,0.07,36.97,0.06,409.8,0.08,70.0,0.09,190.0,0.01,0.01,2337.003705,1776186458000
1776186460.079,160.079,0.92,40.0,0.91,200.0,0.93,86.97,0.94,464.8,0.07,86.97,0.06,464.8,0.08,40.0,0.09,200.0,0.01,0.01,2337.09509,1776186459000
1776186461.06,161.06,0.92,5.0,0.91,35.0,0.93,191.27,0.94,474.8,0.07,86.97,0.06,464.8,0.08,40.0,0.09,200.0,0.01,0.01,2337.09509,1776186459000
1776186461.762,161.762,0.92,5.0,0.91,35.0,0.93,190.89,0.94,474.8,0.07,190.89,0.06,474.8,0.08,5.0,0.09,35.0,0.01,0.01,2337.185649,1776186460000
1776186462.316,162.316,0.92,2.5,0.91,35.0,0.93,121.78,0.94,474.8,0.07,121.78,0.06,474.8,0.08,2.5,0.09,35.0,0.01,0.01,2337.086934,1776186461000
1776186462.592,162.592,0.92,7.5,0.91,35.0,0.93,153.65,0.94,474.8,0.07,121.78,0.06,474.8,0.08,2.5,0.09,35.0,0.01,0.01,2337.086934,1776186461000
1776186463.595,163.595,0.92,7.5,0.91,35.0,0.93,153.65,0.94,474.8,0.07,153.65,0.06,474.8,0.08,7.5,0.09,35.0,0.01,0.01,2336.818658,1776186462000
1776186464.216,164.216,0.92,2.5,0.91,70.0,0.93,153.65,0.94,465.8,0.07,153.65,0.06,465.8,0.08,2.5,0.09,70.0,0.01,0.01,2336.805126,1776186463000
1776186465.294,165.294,0.92,2.5,0.91,70.0,0.93,153.65,0.94,465.8,0.07,153.65,0.06,465.8,0.08,2.5,0.09,70.0,0.01,0.01,2336.788374,1776186464000
1776186465.609,165.609,0.92,5.94,0.91,10.0,0.93,113.35,0.94,470.8,0.07,153.65,0.06,465.8,0.08,2.5,0.09,70.0,0.01,0.01,2336.788374,1776186464000
1776186466.054,166.054,0.91,10.0,0.9,26.0,0.93,93.35,0.94,459.8,0.07,113.35,0.06,470.8,0.08,5.94,0.09,10.0,0.02,0.01,2336.788374,1776186464000
1776186466.534,166.534,0.9,26.0,0.89,55.0,0.91,5.0,0.93,20.0,0.07,82.65,0.06,459.8,0.1,26.0,0.11,60.0,0.01,0.03,2336.844817,1776186465000
1776186466.775,166.775,0.91,20.0,0.9,47.0,0.92,56.36,0.93,53.0,0.09,5.0,0.07,20.0,0.1,26.0,0.11,55.0,0.01,0.01,2336.844817,1776186465000
1776186466.982,166.982,0.91,20.0,0.9,32.0,0.93,74.71,0.94,398.8,0.07,72.71,0.06,398.8,0.09,20.0,0.1,32.0,0.02,0.02,2336.844817,1776186465000
1776186467.661,167.661,0.91,20.0,0.9,32.0,0.93,74.71,0.94,398.8,0.07,74.71,0.06,398.8,0.09,20.0,0.1,32.0,0.02,0.02,2336.52845,1776186466000
1776186468.172,168.172,0.91,10.0,0.9,17.0,0.92,57.26,0.93,65.3,0.08,58.9,0.07,65.3,0.09,15.0,0.1,32.0,0.01,0.01,2336.52845,1776186466000
1776186468.729,168.729,0.91,13.95,0.9,22.0,0.92,110.63,0.93,258.3,0.08,59.63,0.07,65.3,0.09,20.0,0.1,17.0,0.01,0.01,2336.31552,1776186467000
1776186469.351,169.351,0.91,13.95,0.9,22.0,0.92,110.63,0.93,258.3,0.08,110.63,0.07,258.3,0.09,13.95,0.1,22.0,0.01,0.01,2336.4789,1776186468000
1776186469.843,169.843,0.92,5.0,0.91,58.95,0.93,76.72,0.94,475.8,0.07,132.72,0.06,403.8,0.09,98.95,0.1,82.0,0.01,0.02,2336.4789,1776186468000
1776186470.334,170.334,0.9,21.0,0.89,220.0,0.91,17.05,0.93,142.72,0.07,76.72,0.06,475.8,0.08,5.0,0.09,58.95,0.01,0.01,2336.4196,1776186469000
1776186471.2,171.2,0.9,21.0,0.89,120.0,0.91,50.21,0.92,10.0,0.09,50.21,0.08,10.0,0.1,21.0,0.11,120.0,0.01,0.01,2336.384298,1776186470000
1776186472.22,172.22,0.9,21.0,0.89,120.0,0.91,50.21,0.92,10.0,0.09,50.21,0.08,10.0,0.1,21.0,0.11,120.0,0.01,0.01,2336.46445,1776186471000
1776186473.211,173.211,0.9,6.0,0.89,75.0,0.91,29.81,0.92,58.9,0.09,29.81,0.08,58.9,0.1,6.0,0.11,75.0,0.01,0.01,2336.46935,1776186472000
1776186474.34,174.34,0.9,6.0,0.89,75.0,0.91,29.81,0.92,58.9,0.09,29.81,0.08,58.9,0.1,6.0,0.11,75.0,0.01,0.01,2336.5296,1776186473000
1776186474.992,174.992,0.9,10.0,0.89,70.0,0.91,29.81,0.92,75.0,0.09,29.81,0.08,58.9,0.1,6.0,0.11,75.0,0.01,0.01,2336.5296,1776186473000
1776186475.208,175.208,0.89,70.0,0.88,134.09,0.91,22.88,0.92,75.0,0.09,22.88,0.08,75.0,0.1,10.0,0.11,70.0,0.02,0.01,2336.5296,1776186473000
1776186475.524,175.524,0.9,7.0,0.89,70.0,0.91,22.88,0.92,75.0,0.09,22.88,0.08,75.0,0.1,7.0,0.11,70.0,0.01,0.01,2336.4006,1776186474000
1776186475.861,175.861,0.89,65.0,0.88,134.09,0.91,22.88,0.92,75.0,0.09,22.88,0.08,75.0,0.1,7.0,0.11,70.0,0.02,0.01,2336.4006,1776186474000
1776186476.635,176.635,0.89,65.0,0.88,134.09,0.91,22.88,0.92,75.0,0.09,22.88,0.08,75.0,0.11,65.0,0.12,134.09,0.02,0.02,2336.38435,1776186475000
1776186476.99,176.99,0.88,130.16,0.87,195.0,0.91,10.0,0.92,123.9,0.09,22.88,0.08,75.0,0.11,65.0,0.12,134.09,0.03,0.02,2336.38435,1776186475000
1776186477.228,177.228,0.88,130.16,0.87,195.0,0.91,10.0,0.92,123.9,0.09,10.0,0.08,123.9,0.12,130.16,0.13,195.0,0.03,0.03,2336.250957,1776186476000
1776186478.21,178.21,0.88,110.16,0.87,140.0,0.89,10.0,0.9,10.0,0.09,10.0,0.08,123.9,0.12,130.16,0.13,195.0,0.01,0.03,2336.250957,1776186476000
1776186478.798,178.798,0.88,107.16,0.87,140.0,0.89,10.0,0.9,10.0,0.11,10.0,0.1,10.0,0.12,107.16,0.13,140.0,0.01,0.01,2336.171733,1776186477000
1776186479.299,179.299,0.88,134.16,0.87,135.0,0.89,36.79,0.9,50.0,0.11,10.0,0.1,10.0,0.12,107.16,0.13,140.0,0.01,0.01,2336.171733,1776186477000
1776186479.952,179.952,0.88,107.16,0.87,135.0,0.89,30.1,0.9,50.0,0.11,36.79,0.1,50.0,0.12,134.16,0.13,135.0,0.01,0.01,2336.029583,1776186478000
1776186481.431,181.431,0.88,85.16,0.87,135.0,0.89,30.1,0.9,50.0,0.11,30.1,0.1,50.0,0.12,85.16,0.13,135.0,0.01,0.01,2335.743744,1776186480000
1776186481.977,181.977,0.89,165.0,0.88,188.16,0.9,47.73,0.91,122.0,0.11,30.1,0.1,50.0,0.12,85.16,0.13,135.0,0.01,0.01,2335.743744,1776186480000
1776186483.477,183.477,0.89,165.0,0.88,188.16,0.9,46.61,0.91,122.0,0.1,46.61,0.09,122.0,0.11,165.0,0.12,188.16,0.01,0.01,2335.81545,1776186482000
1776186484.074,184.074,0.89,165.0,0.88,188.16,0.9,46.61,0.91,122.0,0.1,46.61,0.09,122.0,0.11,165.0,0.12,188.16,0.01,0.01,2335.8355,1776186483000
1776186485.487,185.487,0.89,165.0,0.88,188.16,0.9,46.61,0.91,122.0,0.1,46.61,0.09,122.0,0.11,165.0,0.12,188.16,0.01,0.01,2335.9,1776186484000
1776186486.024,186.024,0.9,115.0,0.89,220.0,0.91,23.35,0.92,72.0,0.1,46.61,0.09,122.0,0.11,165.0,0.12,188.16,0.01,0.01,2335.9,1776186484000
1776186486.232,186.232,0.91,5.0,0.9,206.0,0.92,12.56,0.93,10.0,0.08,12.56,0.07,10.0,0.09,5.0,0.1,206.0,0.01,0.01,2336.0027,1776186485000
1776186486.435,186.435,0.91,261.0,0.9,142.0,0.93,1.6,0.94,398.8,0.07,6.98,0.06,398.8,0.09,266.0,0.1,142.0,0.02,0.02,2336.0027,1776186485000
1776186486.644,186.644,0.92,64.0,0.91,151.0,0.93,96.38,0.94,391.95,0.06,391.95,0.05,724.27,0.08,44.0,0.09,151.0,0.01,0.02,2336.0027,1776186485000
1776186486.892,186.892,0.92,51.5,0.91,151.0,0.93,85.6,0.94,391.95,0.07,85.6,0.06,391.95,0.08,64.0,0.09,151.0,0.01,0.01,2336.0027,1776186485000
1776186487.412,187.412,0.92,51.5,0.91,151.0,0.93,85.6,0.94,391.95,0.07,85.6,0.06,391.95,0.08,51.5,0.09,151.0,0.01,0.01,2336.074145,1776186486000
1776186487.868,187.868,0.92,107.5,0.91,244.0,0.93,33.45,0.94,353.95,0.07,83.45,0.06,353.95,0.08,149.5,0.09,244.0,0.01,0.01,2336.074145,1776186486000
1776186488.191,188.191,0.92,172.5,0.91,244.0,0.93,25.45,0.94,353.95,0.07,30.45,0.06,353.95,0.08,142.5,0.09,244.0,0.01,0.01,2336.30464,1776186487000
1776186488.55,188.55,0.92,212.5,0.91,244.0,0.93,17.01,0.94,353.95,0.07,18.25,0.06,353.95,0.08,182.5,0.09,244.0,0.01,0.01,2336.30464,1776186487000
1776186489.419,189.419,0.92,212.5,0.91,244.0,0.93,17.01,0.94,353.95,0.07,17.01,0.06,353.95,0.08,212.5,0.09,244.0,0.01,0.01,2336.48768,1776186488000
1776186489.974,189.974,0.92,43.0,0.91,195.0,0.93,2.01,0.94,459.57,0.07,2.01,0.06,459.57,0.08,43.0,0.09,195.0,0.01,0.01,2336.759264,1776186489000
1776186490.629,190.629,0.92,43.0,0.91,195.0,0.94,459.57,0.95,274.27,0.07,2.01,0.06,459.57,0.08,43.0,0.09,195.0,0.02,0.01,2336.759264,1776186489000
1776186491.106,191.106,0.92,176.0,0.91,195.0,0.94,175.57,0.95,224.27,0.07,15.0,0.06,459.57,0.08,48.0,0.09,195.0,0.02,0.01,2336.759264,1776186489000
1776186491.359,191.359,0.92,181.0,0.91,195.0,0.94,171.5,0.95,224.27,0.06,171.5,0.05,224.27,0.08,181.0,0.09,195.0,0.02,0.02,2336.6182,1776186490000
1776186492.059,192.059,0.92,153.0,0.91,195.0,0.94,41.24,0.95,224.27,0.06,70.24,0.05,224.27,0.08,143.0,0.09,195.0,0.02,0.02,2336.6182,1776186490000
1776186492.307,192.307,0.92,175.25,0.91,175.0,0.94,9.24,0.95,262.27,0.06,41.24,0.05,250.27,0.08,37.5,0.09,170.0,0.02,0.02,2336.6182,1776186490000
1776186492.55,192.55,0.94,17.76,0.93,10.0,0.95,220.9,0.96,133.8,0.05,220.9,0.04,133.8,0.06,17.76,0.07,10.0,0.01,0.01,2336.599923,1776186491000
1776186492.752,192.752,0.94,15.85,0.93,15.4,0.95,141.51,0.96,40.0,0.05,155.1,0.04,40.0,0.06,15.85,0.07,15.4,0.01,0.01,2336.599923,1776186491000
1776186493.243,193.243,0.94,5.85,0.93,15.4,0.95,138.81,0.96,40.0,0.05,159.81,0.04,40.0,0.06,3.85,0.07,15.4,0.01,0.01,2336.599923,1776186491000
1776186493.772,193.772,0.94,1.35,0.93,50.98,0.95,108.94,0.96,198.4,0.05,108.94,0.04,40.0,0.06,3.85,0.07,15.4,0.01,0.01,2336.599923,1776186491000
1776186494.255,194.255,0.94,1.35,0.93,50.98,0.95,94.35,0.96,210.4,0.05,108.94,0.04,198.4,0.06,1.35,0.07,50.98,0.01,0.01,2336.60265,1776186492000
1776186494.478,194.478,0.94,1.35,0.93,50.98,0.95,93.28,0.96,210.4,0.05,94.35,0.04,210.4,0.06,1.35,0.07,50.98,0.01,0.01,2336.60265,1776186492000
1776186494.841,194.841,0.94,1.35,0.93,50.98,0.95,88.01,0.96,210.4,0.05,88.01,0.04,210.4,0.06,1.35,0.07,50.98,0.01,0.01,2336.735465,1776186493000
1776186495.431,195.431,0.94,1.35,0.93,50.98,0.95,88.01,0.96,210.4,0.05,88.01,0.04,210.4,0.06,1.35,0.07,50.98,0.01,0.01,2336.676656,1776186494000
1776186495.699,195.699,0.94,16.35,0.93,79.98,0.95,78.01,0.96,52.0,0.05,88.01,0.04,210.4,0.06,1.35,0.07,50.98,0.01,0.01,2336.676656,1776186494000
1776186496.101,196.101,0.94,16.35,0.93,79.98,0.95,78.01,0.96,52.0,0.05,78.01,0.04,52.0,0.06,16.35,0.07,79.98,0.01,0.01,2336.66737,1776186495000
1776186497.774,197.774,0.94,16.35,0.93,79.98,0.95,78.01,0.96,52.0,0.05,78.01,0.04,52.0,0.06,16.35,0.07,79.98,0.01,0.01,2336.991029,1776186496000
1776186497.977,197.977,0.93,19.33,0.92,15.0,0.95,103.01,0.96,42.0,0.05,103.01,0.04,42.0,0.06,3.35,0.07,65.98,0.02,0.01,2336.991029,1776186496000
1776186498.338,198.338,0.92,9.33,0.91,279.25,0.95,98.01,0.96,42.0,0.05,103.01,0.04,42.0,0.08,14.33,0.09,280.25,0.03,0.03,2336.991029,1776186496000
1776186499.08,199.08,0.92,179.33,0.91,165.0,0.93,50.92,0.94,99.0,0.05,98.01,0.04,42.0,0.08,9.33,0.09,279.25,0.01,0.03,2337.064638,1776186497000
1776186499.987,199.987,0.92,79.33,0.91,278.0,0.93,77.79,0.94,10.0,0.07,50.92,0.06,99.0,0.08,179.33,0.09,165.0,0.01,0.01,2337.087004,1776186498000
1776186500.552,200.552,0.92,58.33,0.91,259.0,0.93,55.79,0.94,10.0,0.07,55.79,0.06,10.0,0.08,58.33,0.09,259.0,0.01,0.01,2336.783106,1776186499000
1776186501.258,201.258,0.92,58.33,0.91,259.0,0.93,55.79,0.94,10.0,0.07,55.79,0.06,10.0,0.08,58.33,0.09,259.0,0.01,0.01,2336.72346,1776186500000
1776186502.608,202.608,0.92,58.33,0.91,259.0,0.93,55.79,0.94,10.0,0.07,55.79,0.06,10.0,0.08,58.33,0.09,259.0,0.01,0.01,2336.57709,1776186501000
1776186503.35,203.35,0.92,138.23,0.91,284.0,0.93,45.09,0.94,10.0,0.07,45.09,0.06,10.0,0.08,138.23,0.09,284.0,0.01,0.01,2336.545379,1776186502000
1776186503.677,203.677,0.92,96.9,0.91,184.0,0.93,60.09,0.94,16.0,0.07,45.09,0.06,10.0,0.08,138.23,0.09,284.0,0.01,0.01,2336.545379,1776186502000
1776186503.977,203.977,0.91,178.0,0.9,226.25,0.93,60.09,0.94,10.0,0.07,60.09,0.06,16.0,0.08,96.9,0.09,184.0,0.02,0.01,2336.545379,1776186502000
1776186504.952,204.952,0.91,283.0,0.9,278.99,0.92,372.3,0.93,92.79,0.07,60.09,0.06,10.0,0.09,178.0,0.1,226.25,0.01,0.02,2336.54471,1776186503000
1776186505.365,205.365,0.91,283.0,0.9,278.99,0.92,372.3,0.93,92.79,0.08,372.3,0.07,92.79,0.09,283.0,0.1,278.99,0.01,0.01,2336.48996,1776186504000
1776186505.915,205.915,0.91,208.0,0.9,140.0,0.92,12.39,0.93,6.79,0.08,372.3,0.07,92.79,0.09,283.0,0.1,278.99,0.01,0.01,2336.48996,1776186504000
1776186506.165,206.165,0.91,253.0,0.9,140.0,0.92,9.12,0.93,16.79,0.08,17.39,0.07,6.79,0.09,203.0,0.1,140.0,0.01,0.01,2336.278194,1776186505000
1776186506.394,206.394,0.91,253.0,0.9,140.0,0.92,6.07,0.93,16.79,0.08,9.12,0.07,16.79,0.09,253.0,0.1,140.0,0.01,0.01,2336.278194,1776186505000
1776186507.794,207.794,0.91,253.0,0.9,140.0,0.92,6.07,0.93,16.79,0.08,6.07,0.07,16.79,0.09,253.0,0.1,140.0,0.01,0.01,2336.34785,1776186506000
1776186508.388,208.388,0.91,253.0,0.9,140.0,0.92,6.07,0.93,16.79,0.08,6.07,0.07,16.79,0.09,253.0,0.1,140.0,0.01,0.01,2336.303991,1776186507000
1776186509.199,209.199,0.91,253.0,0.9,140.0,0.92,6.07,0.93,16.79,0.08,6.07,0.07,16.79,0.09,253.0,0.1,140.0,0.01,0.01,2336.370155,1776186508000
1776186510.614,210.614,0.91,253.0,0.9,140.0,0.92,6.07,0.93,16.79,0.08,6.07,0.07,16.79,0.09,253.0,0.1,140.0,0.01,0.01,2336.294379,1776186509000
1776186510.896,210.896,0.91,212.37,0.9,205.0,0.92,19.07,0.93,16.79,0.08,19.07,0.07,16.79,0.09,267.37,0.1,230.0,0.01,0.01,2336.294379,1776186509000
1776186511.28,211.28,0.91,124.0,0.9,105.0,0.92,17.98,0.93,16.79,0.08,17.98,0.07,16.79,0.09,124.0,0.1,105.0,0.01,0.01,2336.290575,1776186510000
1776186512.553,212.553,0.91,134.0,0.9,110.0,0.92,4.54,0.93,16.79,0.08,4.54,0.07,16.79,0.09,134.0,0.1,110.0,0.01,0.01,2336.182359,1776186511000
1776186513.438,213.438,0.91,134.0,0.9,110.0,0.92,4.54,0.93,16.79,0.08,4.54,0.07,16.79,0.09,134.0,0.1,110.0,0.01,0.01,2336.062835,1776186512000
1776186513.948,213.948,0.91,134.0,0.9,110.0,0.92,4.54,0.93,16.79,0.08,4.54,0.07,16.79,0.09,134.0,0.1,110.0,0.01,0.01,2336.035842,1776186513000
1776186515.373,215.373,0.91,134.0,0.9,110.0,0.92,4.54,0.93,16.79,0.08,4.54,0.07,16.79,0.09,134.0,0.1,110.0,0.01,0.01,2336.014836,1776186514000
1776186515.715,215.715,0.92,40.43,0.91,164.0,0.93,20.71,0.94,10.0,0.08,4.54,0.07,16.79,0.09,134.0,0.1,110.0,0.01,0.01,2336.014836,1776186514000
1776186516.025,216.025,0.92,37.43,0.91,109.0,0.93,25.71,0.94,16.0,0.07,25.71,0.06,16.0,0.08,37.43,0.09,109.0,0.01,0.01,2336.014356,1776186515000
1776186516.394,216.394,0.92,12.43,0.91,114.0,0.93,10.71,0.94,60.0,0.07,25.71,0.06,16.0,0.08,37.43,0.09,109.0,0.01,0.01,2336.014356,1776186515000
1776186517.238,217.238,0.92,12.43,0.91,109.0,0.93,0.61,0.94,60.0,0.07,0.61,0.06,60.0,0.08,12.43,0.09,109.0,0.01,0.01,2336.014356,1776186516000
1776186517.529,217.529,0.91,86.0,0.9,40.0,0.92,10.0,0.93,20.0,0.07,20.61,0.06,217.6,0.09,117.0,0.1,40.0,0.01,0.02,2336.014356,1776186516000
1776186518.825,218.825,0.93,46.7,0.91,35.0,0.94,187.6,0.95,271.31,0.08,15.0,0.07,20.0,0.09,46.9,0.1,40.0,0.01,0.01,2336.014356,1776186516000
1776186519.574,219.574,0.93,46.7,0.92,32.0,0.94,187.6,0.95,266.31,0.06,187.6,0.05,271.31,0.07,46.7,0.09,35.0,0.01,0.01,2335.698479,1776186517000
1776186520.149,220.149,0.9,31.99,0.89,60.0,0.94,266.6,0.95,261.31,0.06,182.6,0.05,266.31,0.07,36.7,0.08,32.0,0.04,0.01,2335.603717,1776186518000
1776186520.423,220.423,0.9,31.99,0.89,60.0,0.94,266.6,0.95,261.31,0.06,266.6,0.05,261.31,0.1,31.99,0.11,60.0,0.04,0.04,2335.535157,1776186519000
1776186521.129,221.129,0.9,31.99,0.89,60.0,0.94,266.6,0.95,261.31,0.06,266.6,0.05,261.31,0.1,31.99,0.11,60.0,0.04,0.04,2335.637882,1776186520000
1776186522.578,222.578,0.9,31.99,0.89,60.0,0.94,266.6,0.95,261.31,0.06,266.6,0.05,261.31,0.1,31.99,0.11,60.0,0.04,0.04,2335.593975,1776186521000
1776186523.143,223.143,0.9,316.99,0.89,188.0,0.92,7.35,0.93,10.0,0.06,266.6,0.05,261.31,0.1,31.99,0.11,60.0,0.02,0.04,2335.593975,1776186521000
1776186524.026,224.026,0.93,24.88,0.91,289.0,0.94,92.8,0.95,459.51,0.08,3.12,0.07,10.0,0.09,25.0,0.1,208.73,0.01,0.01,2335.520601,1776186522000
1776186524.742,224.742,0.93,10.59,0.91,145.0,0.94,29.0,0.95,459.51,0.06,29.0,0.05,459.51,0.07,10.59,0.09,145.0,0.01,0.01,2335.519207,1776186523000
1776186525.17,225.17,0.93,94.59,0.92,90.0,0.94,21.7,0.95,222.51,0.06,29.0,0.05,459.51,0.07,10.59,0.09,145.0,0.01,0.01,2335.519207,1776186523000
1776186526.393,226.393,0.93,299.59,0.92,194.25,0.94,17.0,0.95,147.51,0.06,19.0,0.05,222.51,0.07,124.59,0.08,90.0,0.01,0.01,2335.716429,1776186524000
1776186526.63,226.63,0.93,294.59,0.92,194.25,0.95,111.51,0.96,349.95,0.05,111.51,0.04,349.95,0.07,294.59,0.08,194.25,0.02,0.02,2335.95965,1776186525000
1776186527.303,227.303,0.93,294.59,0.92,194.25,0.95,111.51,0.96,349.95,0.05,111.51,0.04,349.95,0.07,294.59,0.08,194.25,0.02,0.02,2335.974,1776186526000
1776186527.9,227.9,0.94,254.0,0.93,184.59,0.95,98.52,0.96,361.95,0.05,111.51,0.04,349.95,0.07,294.59,0.08,194.25,0.01,0.02,2335.974,1776186526000
1776186528.12,228.12,0.94,259.0,0.93,254.59,0.95,258.24,0.96,349.95,0.05,98.52,0.04,361.95,0.06,254.0,0.07,184.59,0.01,0.01,2335.974,1776186526000
1776186528.7,228.7,0.94,259.0,0.93,254.59,0.95,258.24,0.96,349.95,0.05,258.24,0.04,349.95,0.06,259.0,0.07,254.59,0.01,0.01,2336.2352,1776186527000
1776186529.341,229.341,0.94,259.0,0.93,254.59,0.95,258.24,0.96,349.95,0.05,258.24,0.04,349.95,0.06,259.0,0.07,254.59,0.01,0.01,2336.38475,1776186528000
1776186530.41,230.41,0.94,307.0,0.93,258.0,0.95,88.24,0.96,369.95,0.05,258.24,0.04,349.95,0.06,259.0,0.07,254.59,0.01,0.01,2336.38475,1776186528000
1776186531.044,231.044,0.94,307.0,0.93,328.04,0.95,86.02,0.96,369.95,0.05,87.08,0.04,369.95,0.06,307.0,0.07,258.0,0.01,0.01,2336.49325,1776186529000
1776186531.262,231.262,0.94,307.0,0.93,309.04,0.95,5.98,0.96,400.25,0.05,82.84,0.04,369.95,0.06,307.0,0.07,309.04,0.01,0.01,2336.323085,1776186530000
1776186531.936,231.936,0.94,290.33,0.93,308.3,0.95,2.8,0.96,349.95,0.05,2.8,0.04,365.1,0.06,302.0,0.07,308.3,0.01,0.01,2336.323085,1776186530000
1776186532.485,232.485,0.94,290.33,0.93,308.3,0.95,2.8,0.96,349.95,0.05,2.8,0.04,349.95,0.06,290.33,0.07,308.3,0.01,0.01,2336.403005,1776186531000
1776186532.713,232.713,0.94,428.13,0.93,274.3,0.96,248.55,0.97,149.99,0.05,2.8,0.04,349.95,0.06,290.33,0.07,308.3,0.02,0.01,2336.403005,1776186531000
1776186533.063,233.063,0.94,433.13,0.93,274.3,0.96,208.55,0.97,149.99,0.04,208.55,0.03,149.99,0.06,433.13,0.07,274.3,0.02,0.02,2336.41905,1776186532000
1776186533.438,233.438,0.95,337.8,0.94,318.13,0.96,222.55,0.97,132.84,0.04,208.55,0.03,149.99,0.06,433.13,0.07,274.3,0.01,0.02,2336.41905,1776186532000
1776186533.726,233.726,0.95,346.57,0.94,328.13,0.96,175.34,0.97,132.84,0.04,175.34,0.03,132.84,0.05,347.8,0.06,328.13,0.01,0.01,2336.41905,1776186532000
1776186534.225,234.225,0.95,346.57,0.94,328.13,0.96,175.34,0.97,132.84,0.04,175.34,0.03,132.84,0.05,346.57,0.06,328.13,0.01,0.01,2336.458605,1776186533000
1776186534.58,234.58,0.95,361.57,0.94,328.13,0.96,175.14,0.97,223.0,0.04,175.34,0.03,132.84,0.05,346.57,0.06,328.13,0.01,0.01,2336.458605,1776186533000
1776186535.106,235.106,0.95,80.0,0.94,143.33,0.96,173.14,0.97,123.0,0.04,168.14,0.03,223.0,0.05,361.57,0.06,328.13,0.01,0.01,2336.458605,1776186533000
1776186535.502,235.502,0.95,80.0,0.94,143.33,0.96,173.14,0.97,123.0,0.04,173.14,0.03,123.0,0.05,80.0,0.06,143.33,0.01,0.01,2336.597175,1776186534000
1776186535.793,235.793,0.95,79.0,0.94,133.33,0.96,254.78,0.97,223.0,0.04,196.84,0.03,196.16,0.05,84.0,0.06,143.33,0.01,0.01,2336.597175,1776186534000
1776186536.199,236.199,0.95,35.0,0.94,133.33,0.96,260.78,0.97,223.0,0.04,260.78,0.03,223.0,0.05,35.0,0.06,133.33,0.01,0.01,2336.613675,1776186535000
1776186536.811,236.811,0.95,203.0,0.94,148.33,0.96,184.74,0.97,601.0,0.04,260.78,0.03,223.0,0.05,35.0,0.06,133.33,0.01,0.01,2336.613675,1776186535000
1776186537.329,237.329,0.95,203.0,0.94,148.33,0.96,184.74,0.97,601.0,0.04,184.74,0.03,601.0,0.05,203.0,0.06,148.33,0.01,0.01,2336.277425,1776186536000
1776186537.964,237.964,0.95,203.0,0.94,148.33,0.96,184.74,0.97,601.0,0.04,184.74,0.03,601.0,0.05,203.0,0.06,148.33,0.01,0.01,2336.257119,1776186537000
1776186538.772,238.772,0.95,53.0,0.94,143.33,0.96,151.74,0.97,311.0,0.04,184.74,0.03,601.0,0.05,203.0,0.06,148.33,0.01,0.01,2336.257119,1776186537000
1776186539.143,239.143,0.95,53.0,0.94,143.33,0.96,151.74,0.97,311.0,0.04,151.74,0.03,311.0,0.05,53.0,0.06,143.33,0.01,0.01,2336.273614,1776186538000
1776186540.23,240.23,0.95,10.0,0.94,103.33,0.96,243.73,0.97,732.0,0.04,146.74,0.03,311.0,0.05,58.0,0.06,143.33,0.01,0.01,2336.273614,1776186538000
1776186540.689,240.689,0.94,40.0,0.93,140.0,0.96,206.27,0.97,332.0,0.04,205.58,0.03,412.0,0.06,210.33,0.07,135.0,0.02,0.02,2336.28495,1776186539000
1776186541.049,241.049,0.95,90.0,0.94,162.0,0.96,113.43,0.97,152.84,0.04,206.27,0.03,332.0,0.06,40.0,0.07,140.0,0.01,0.02,2336.28495,1776186539000
1776186541.385,241.385,0.95,90.0,0.94,162.0,0.96,90.36,0.97,152.84,0.04,106.36,0.03,152.84,0.05,90.0,0.06,162.0,0.01,0.01,2336.27,1776186540000
1776186542.215,242.215,0.95,90.0,0.94,162.0,0.96,90.36,0.97,152.84,0.04,90.36,0.03,152.84,0.05,90.0,0.06,162.0,0.01,0.01,2336.012336,1776186541000
1776186542.647,242.647,0.95,215.0,0.94,294.0,0.96,90.36,0.97,157.99,0.04,90.36,0.03,152.84,0.05,90.0,0.06,162.0,0.01,0.01,2336.012336,1776186541000
1776186542.973,242.973,0.95,204.12,0.94,294.0,0.96,85.36,0.97,269.84,0.04,85.36,0.03,269.84,0.05,204.12,0.06,294.0,0.01,0.01,2336.020536,1776186542000
1776186543.823,243.823,0.95,219.12,0.94,329.0,0.96,43.81,0.97,248.0,0.04,85.36,0.03,269.84,0.05,204.12,0.06,294.0,0.01,0.01,2336.020536,1776186542000
1776186544.245,244.245,0.95,219.12,0.94,329.0,0.96,43.81,0.97,248.0,0.04,43.81,0.03,248.0,0.05,219.12,0.06,329.0,0.01,0.01,2336.032587,1776186543000
1776186544.571,244.571,0.95,219.12,0.94,365.0,0.96,35.81,0.97,336.0,0.04,43.81,0.03,248.0,0.05,219.12,0.06,329.0,0.01,0.01,2336.032587,1776186543000
1776186545.414,245.414,0.95,219.12,0.94,365.0,0.96,14.76,0.97,736.0,0.04,14.76,0.03,736.0,0.05,219.12,0.06,365.0,0.01,0.01,2336.102128,1776186544000
1776186545.652,245.652,0.95,204.12,0.94,318.0,0.96,9.76,0.97,749.0,0.04,14.76,0.03,736.0,0.05,219.12,0.06,365.0,0.01,0.01,2336.102128,1776186544000
1776186546.7,246.7,0.95,169.12,0.94,155.0,0.96,25.0,0.97,749.0,0.04,4.56,0.03,749.0,0.05,204.12,0.06,318.0,0.01,0.01,2336.102128,1776186544000
1776186546.943,246.943,0.95,138.12,0.94,257.0,0.97,771.0,0.98,646.17,0.04,20.0,0.03,771.0,0.05,182.12,0.06,257.0,0.02,0.01,2336.0898,1776186545000
1776186547.269,247.269,0.95,138.12,0.94,257.0,0.96,5.0,0.97,771.0,0.04,5.0,0.03,771.0,0.05,138.12,0.06,257.0,0.01,0.01,2336.079081,1776186546000
1776186547.676,247.676,0.95,55.0,0.94,366.8,0.96,1.0,0.97,771.0,0.04,5.0,0.03,771.0,0.05,138.12,0.06,257.0,0.01,0.01,2336.079081,1776186546000
1776186548.231,248.231,0.94,90.0,0.93,330.99,0.96,1.9,0.97,314.16,0.04,1.0,0.03,771.0,0.05,55.0,0.06,366.8,0.02,0.01,2336.079081,1776186546000
1776186549.3,249.3,0.94,90.0,0.93,330.99,0.96,1.9,0.97,314.16,0.04,1.9,0.03,314.16,0.06,90.0,0.07,330.99,0.02,0.02,2335.963129,1776186548000
1776186549.92,249.92,0.95,127.31,0.94,95.0,0.96,19.94,0.97,271.0,0.04,1.9,0.03,314.16,0.06,90.0,0.07,330.99,0.01,0.02,2335.963129,1776186548000
1776186550.229,250.229,0.95,126.11,0.94,35.0,0.97,208.0,0.98,442.17,0.04,15.89,0.03,271.0,0.05,127.31,0.06,95.0,0.02,0.01,2335.963129,1776186548000
1776186550.526,250.526,0.95,127.11,0.94,35.0,0.97,196.28,0.98,442.17,0.03,198.0,0.02,442.17,0.05,93.11,0.06,35.0,0.02,0.02,2335.878087,1776186549000
1776186550.826,250.826,0.96,10.0,0.95,39.0,0.97,169.21,0.98,362.17,0.03,174.21,0.02,442.17,0.05,69.11,0.06,40.0,0.01,0.02,2335.878087,1776186549000
1776186551.199,251.199,0.96,50.77,0.95,50.0,0.97,155.49,0.98,545.87,0.03,169.21,0.02,362.17,0.04,10.0,0.05,39.0,0.01,0.01,2335.878087,1776186549000
1776186551.455,251.455,0.96,69.52,0.95,40.0,0.97,392.13,0.98,545.87,0.03,153.43,0.02,545.87,0.04,60.77,0.05,50.0,0.01,0.01,2335.720463,1776186550000
1776186551.894,251.894,0.95,20.0,0.94,40.0,0.96,35.48,0.97,546.13,0.04,35.48,0.03,546.13,0.05,20.0,0.06,40.0,0.01,0.01,2335.561627,1776186551000
1776186552.126,252.126,0.95,30.6,0.94,162.0,0.97,474.44,0.98,595.87,0.04,5.7,0.03,512.93,0.05,35.6,0.06,162.0,0.02,0.01,2335.561627,1776186551000
1776186553.155,253.155,0.95,30.6,0.94,162.0,0.97,474.44,0.98,595.87,0.03,474.44,0.02,595.87,0.05,30.6,0.06,162.0,0.02,0.02,2335.569913,1776186552000
1776186553.538,253.538,0.96,36.07,0.95,20.0,0.97,576.34,0.98,862.87,0.03,431.34,0.02,862.87,0.04,36.07,0.05,20.0,0.01,0.01,2335.569913,1776186552000
1776186554.318,254.318,0.96,36.07,0.95,20.0,0.97,576.34,0.98,862.87,0.03,576.34,0.02,862.87,0.04,36.07,0.05,20.0,0.01,0.01,2335.529539,1776186553000
1776186554.587,254.587,0.96,46.07,0.95,10.0,0.97,517.99,0.98,932.87,0.03,519.03,0.02,932.87,0.04,46.07,0.05,10.0,0.01,0.01,2335.529539,1776186553000
1776186554.897,254.897,0.96,27.26,0.95,10.0,0.97,474.32,0.98,932.87,0.03,522.99,0.02,932.87,0.04,27.26,0.05,10.0,0.01,0.01,2335.529539,1776186553000
1776186555.38,255.38,0.96,42.26,0.95,10.0,0.97,476.62,0.98,932.87,0.03,476.62,0.02,932.87,0.04,42.26,0.05,10.0,0.01,0.01,2335.483876,1776186554000
1776186555.728,255.728,0.96,28.76,0.95,10.0,0.97,224.77,0.98,932.87,0.03,218.03,0.02,932.87,0.04,33.76,0.05,10.0,0.01,0.01,2335.483876,1776186554000
1776186556.005,256.005,0.96,33.76,0.95,10.0,0.97,215.77,0.98,852.87,0.03,215.77,0.02,852.87,0.04,33.76,0.05,10.0,0.01,0.01,2335.443927,1776186555000
1776186556.391,256.391,0.96,13.76,0.95,10.0,0.97,183.01,0.98,812.87,0.03,190.81,0.02,812.87,0.04,8.76,0.05,10.0,0.01,0.01,2335.443927,1776186555000
1776186556.626,256.626,0.96,8.76,0.95,16.6,0.97,168.71,0.98,812.87,0.03,168.98,0.02,812.87,0.04,8.76,0.05,16.6,0.01,0.01,2335.443927,1776186555000
1776186556.861,256.861,0.96,8.76,0.95,34.08,0.97,163.55,0.98,812.87,0.03,168.71,0.02,812.87,0.04,8.76,0.05,16.6,0.01,0.01,2335.443927,1776186555000
1776186557.133,257.133,0.96,8.76,0.95,34.08,0.97,163.55,0.98,812.87,0.03,163.55,0.02,812.87,0.04,8.76,0.05,34.08,0.01,0.01,2335.388296,1776186556000
1776186558.219,258.219,0.96,18.76,0.95,34.08,0.97,154.38,0.98,812.87,0.03,154.38,0.02,812.87,0.04,18.76,0.05,34.08,0.01,0.01,2335.46112,1776186557000
1776186558.535,258.535,0.96,8.76,0.95,34.08,0.97,140.33,0.98,702.87,0.03,127.53,0.02,702.87,0.04,18.76,0.05,34.08,0.01,0.01,2335.46112,1776186557000
1776186559.144,259.144,0.96,18.76,0.95,34.08,0.97,89.18,0.98,702.87,0.03,140.33,0.02,702.87,0.04,8.76,0.05,34.08,0.01,0.01,2335.46112,1776186557000
1776186559.505,259.505,0.96,44.49,0.95,39.08,0.97,146.02,0.98,702.87,0.03,89.18,0.02,702.87,0.04,18.76,0.05,34.08,0.01,0.01,2335.461323,1776186558000
1776186560.186,260.186,0.96,44.49,0.95,39.08,0.97,132.69,0.98,519.17,0.03,146.02,0.02,702.87,0.04,44.49,0.05,39.08,0.01,0.01,2335.461323,1776186558000
1776186560.833,260.833,0.96,44.49,0.95,39.08,0.97,132.69,0.98,519.17,0.03,132.69,0.02,519.17,0.04,44.49,0.05,39.08,0.01,0.01,2335.454451,1776186559000
1776186561.31,261.31,0.96,39.49,0.95,39.08,0.97,137.79,0.98,702.87,0.03,132.69,0.02,519.17,0.04,44.49,0.05,39.08,0.01,0.01,2335.454451,1776186559000
1776186561.782,261.782,0.95,5.57,0.94,10.0,0.97,197.79,0.98,702.87,0.03,197.79,0.02,702.87,0.05,5.57,0.06,10.0,0.02,0.02,2335.434193,1776186560000
1776186562.326,262.326,0.96,109.41,0.95,20.57,0.97,197.63,0.98,702.87,0.03,197.63,0.02,702.87,0.04,109.41,0.05,20.57,0.01,0.01,2335.429816,1776186561000
1776186563.062,263.062,0.96,119.41,0.95,20.57,0.97,187.47,0.98,752.87,0.03,197.63,0.02,702.87,0.04,109.41,0.05,20.57,0.01,0.01,2335.429816,1776186561000
1776186563.516,263.516,0.96,119.41,0.95,20.57,0.97,187.47,0.98,752.87,0.03,187.47,0.02,752.87,0.04,119.41,0.05,20.57,0.01,0.01,2335.400817,1776186562000
1776186564.202,264.202,0.96,124.41,0.95,137.57,0.97,174.67,0.98,519.17,0.03,174.67,0.02,519.17,0.04,124.41,0.05,137.57,0.01,0.01,2335.343999,1776186563000
1776186565.248,265.248,0.96,134.41,0.95,137.57,0.97,120.28,0.98,457.16,0.03,174.67,0.02,519.17,0.04,124.41,0.05,137.57,0.01,0.01,2335.343999,1776186563000
1776186566.173,266.173,0.96,140.75,0.95,142.57,0.97,140.33,0.98,377.16,0.03,120.28,0.02,457.16,0.04,134.41,0.05,137.57,0.01,0.01,2335.352652,1776186564000
1776186566.382,266.382,0.96,140.75,0.95,142.57,0.97,139.19,0.98,377.16,0.03,139.19,0.02,377.16,0.04,140.75,0.05,142.57,0.01,0.01,2335.354833,1776186565000
1776186566.596,266.596,0.96,140.75,0.95,142.57,0.97,132.19,0.98,377.16,0.03,139.19,0.02,377.16,0.04,140.75,0.05,142.57,0.01,0.01,2335.354833,1776186565000
1776186566.994,266.994,0.96,140.75,0.95,142.57,0.97,132.19,0.98,377.16,0.03,132.19,0.02,377.16,0.04,140.75,0.05,142.57,0.01,0.01,2335.36075,1776186566000
1776186567.477,267.477,0.95,170.66,0.94,250.54,0.97,124.39,0.98,377.16,0.03,132.19,0.02,377.16,0.04,140.75,0.05,142.57,0.02,0.01,2335.36075,1776186566000
1776186568.123,268.123,0.97,225.26,0.96,127.0,0.98,347.16,0.99,7586.54,0.02,377.16,0.01,7586.54,0.03,29.61,0.05,310.66,0.01,0.01,2335.36075,1776186566000
1776186568.516,268.516,0.97,477.26,0.96,75.0,0.98,255.17,0.99,1654.94,0.02,347.16,0.01,7586.54,0.03,225.26,0.04,127.0,0.01,0.01,2335.360708,1776186567000
1776186568.732,268.732,0.97,571.51,0.96,75.0,0.98,63.93,0.99,1787.86,0.02,68.93,0.01,1787.86,0.03,571.51,0.04,75.0,0.01,0.01,2335.360708,1776186567000
1776186569.0,269.0,0.97,536.25,0.96,239.7,0.98,42.93,0.99,1823.93,0.02,57.93,0.01,1787.86,0.03,566.51,0.04,75.0,0.01,0.01,2335.360708,1776186567000
1776186569.208,269.208,0.98,67.31,0.97,576.4,0.99,1800.93,,,0.01,1800.93,,,0.02,67.31,0.03,576.4,0.01,0.01,2335.339547,1776186568000
1776186569.565,269.565,0.98,103.26,0.97,723.1,0.99,1745.94,,,0.01,1755.94,,,0.02,103.26,0.03,599.4,0.01,0.01,2335.339547,1776186568000
1776186569.767,269.767,0.98,108.26,0.97,723.1,0.99,1690.67,,,0.01,1692.69,,,0.02,108.26,0.03,723.1,0.01,0.01,2335.339547,1776186568000
1776186570.023,270.023,0.98,441.24,0.97,562.45,0.99,1419.08,,,0.01,1534.05,,,0.02,441.24,0.03,562.45,0.01,0.01,2335.339547,1776186568000
1776186570.271,270.271,0.98,452.39,0.97,551.3,0.99,1414.03,,,0.01,1419.08,,,0.02,441.24,0.03,562.45,0.01,0.01,2335.339547,1776186568000
1776186570.515,270.515,0.98,21.15,0.97,314.31,0.99,1414.79,,,0.01,1413.83,,,0.02,21.15,0.03,418.56,0.01,0.01,2335.526813,1776186569000
1776186570.743,270.743,0.98,1.15,0.97,44.61,0.99,1188.53,,,0.01,994.54,,,0.02,21.15,0.03,44.61,0.01,0.01,2335.526813,1776186569000
1776186571.074,271.074,0.97,66.76,0.96,266.08,0.99,1159.41,,,0.02,7.97,0.01,1188.53,0.03,56.76,0.04,311.08,0.02,0.01,2335.526813,1776186569000
1776186571.442,271.442,0.97,150.46,0.96,266.08,0.98,10.0,0.99,1159.41,0.02,10.0,0.01,1159.41,0.03,150.46,0.04,266.08,0.01,0.01,2336.04626,1776186570000
1776186571.684,271.684,0.98,5.0,0.97,310.46,0.99,855.01,,,0.01,936.14,,,0.02,5.0,0.03,295.46,0.01,0.01,2336.04626,1776186570000
1776186571.904,271.904,0.97,309.52,0.96,292.08,0.99,917.08,,,0.01,855.01,,,0.02,5.0,0.03,310.46,0.02,0.01,2336.04626,1776186570000
1776186572.181,272.181,0.97,309.52,0.96,275.08,0.99,825.41,,,0.01,865.52,,,0.03,309.52,0.04,292.08,0.02,0.02,2336.00555,1776186571000
1776186572.394,272.394,0.97,309.52,0.96,270.08,0.99,789.43,,,0.01,765.81,,,0.03,309.52,0.04,275.08,0.02,0.02,2336.00555,1776186571000
1776186573.196,273.196,0.97,309.52,0.96,270.08,0.99,789.43,,,0.01,789.43,,,0.03,309.52,0.04,270.08,0.02,0.02,2335.71042,1776186572000
1776186573.562,273.562,0.97,398.52,0.96,196.08,0.99,743.37,,,0.01,744.39,,,0.03,319.52,0.04,275.08,0.02,0.02,2335.71042,1776186572000
1776186573.764,273.764,0.97,398.52,0.96,196.08,0.99,731.13,,,0.01,738.48,,,0.03,398.52,0.04,196.08,0.02,0.02,2335.71042,1776186572000
1776186574.315,274.315,0.97,398.52,0.96,196.08,0.99,731.13,,,0.01,731.13,,,0.03,398.52,0.04,196.08,0.02,0.02,2335.727304,1776186573000
1776186574.706,274.706,0.98,203.7,0.97,405.26,0.99,725.06,,,0.01,731.13,,,0.03,398.52,0.04,196.08,0.01,0.02,2335.727304,1776186573000
1776186575.316,275.316,0.98,35.0,0.97,292.56,0.99,717.81,,,0.01,725.06,,,0.02,203.7,0.03,405.26,0.01,0.01,2335.727304,1776186573000
1776186575.831,275.831,0.98,162.19,0.97,176.74,0.99,706.66,,,0.01,717.81,,,0.02,35.0,0.03,292.56,0.01,0.01,2335.727304,1776186573000
1776186576.291,276.291,0.98,167.19,0.97,191.74,0.99,672.5,,,0.01,682.5,,,0.02,167.19,0.03,176.74,0.01,0.01,2335.741724,1776186574000
1776186577.175,277.175,0.98,167.19,0.97,191.74,0.99,667.45,,,0.01,667.45,,,0.02,167.19,0.03,191.74,0.01,0.01,2335.76905,1776186576000
1776186577.774,277.774,0.98,91.3,0.97,282.74,0.99,612.09,,,0.01,652.45,,,0.02,195.19,0.03,175.74,0.01,0.01,2335.76905,1776186576000
1776186578.114,278.114,0.98,71.25,0.97,277.74,0.99,617.09,,,0.01,612.09,,,0.02,71.3,0.03,282.74,0.01,0.01,2335.76905,1776186576000
1776186578.425,278.425,0.98,71.25,0.97,292.74,0.99,611.09,,,0.01,617.09,,,0.02,71.25,0.03,277.74,0.01,0.01,2335.80274,1776186577000
1776186578.7,278.7,0.98,188.25,0.97,175.74,0.99,597.03,,,0.01,602.03,,,0.02,71.25,0.03,292.74,0.01,0.01,2335.80274,1776186577000
1776186579.029,279.029,0.98,225.25,0.97,153.74,0.99,596.01,,,0.01,597.03,,,0.02,188.25,0.03,175.74,0.01,0.01,2335.80274,1776186577000
1776186579.268,279.268,0.98,225.25,0.97,153.74,0.99,594.99,,,0.01,596.01,,,0.02,225.25,0.03,153.74,0.01,0.01,2335.80274,1776186577000
1776186579.549,279.549,0.98,225.25,0.97,153.74,0.99,594.99,,,0.01,594.99,,,0.02,225.25,0.03,153.74,0.01,0.01,2335.761801,1776186578000
1776186579.967,279.967,0.98,235.25,0.97,188.74,0.99,502.99,,,0.01,504.99,,,0.02,245.25,0.03,160.74,0.01,0.01,2335.761801,1776186578000
1776186580.502,280.502,0.99,2151.45,0.98,134.14,,,,,,,,,0.01,2022.01,0.02,317.25,,,2335.679487,1776186579000
1776186581.125,281.125,0.99,2155.51,0.98,147.88,,,,,,,,,0.01,2151.45,0.02,134.14,,,2335.679487,1776186579000
1776186581.429,281.429,0.99,2161.14,0.98,158.88,,,,,,,,,0.01,2155.51,0.02,147.88,,,2335.72772,1776186580000
1776186582.234,282.234,0.99,2161.14,0.98,158.88,,,,,,,,,0.01,2161.14,0.02,158.88,,,2335.781086,1776186581000
1776186582.679,282.679,0.99,2159.68,0.98,184.88,,,,,,,,,0.01,2161.14,0.02,158.88,,,2335.781086,1776186581000
1776186583.339,283.339,0.99,2159.68,0.98,184.88,,,,,,,,,0.01,2159.68,0.02,184.88,,,2335.780879,1776186582000
1776186584.422,284.422,0.99,2159.68,0.98,184.88,,,,,,,,,0.01,2159.68,0.02,184.88,,,2335.817016,1776186583000
1776186584.925,284.925,0.99,2234.36,0.98,251.88,,,,,,,,,0.01,2159.68,0.02,184.88,,,2335.817016,1776186583000
1776186586.029,286.029,0.99,2234.36,0.98,251.88,,,,,,,,,0.01,2234.36,0.02,251.88,,,2335.984485,1776186585000
1776186587.114,287.114,0.99,2234.36,0.98,251.88,,,,,,,,,0.01,2234.36,0.02,251.88,,,2335.9803,1776186586000
1776186587.679,287.679,0.99,6616.65,0.98,169.88,,,,,,,,,0.01,2234.36,0.02,251.88,,,2335.9803,1776186586000
1776186588.246,288.246,0.99,6616.65,0.98,169.88,,,,,,,,,0.01,6616.65,0.02,169.88,,,2335.921092,1776186587000
1776186589.399,289.399,0.99,6616.65,0.98,169.88,,,,,,,,,0.01,6616.65,0.02,169.88,,,2336.002762,1776186588000
1776186590.288,290.288,0.99,6616.65,0.98,169.88,,,,,,,,,0.01,6616.65,0.02,169.88,,,2336.124018,1776186589000
1776186591.447,291.447,0.99,6616.65,0.98,169.88,,,,,,,,,0.01,6616.65,0.02,169.88,,,2336.193307,1776186590000
1776186592.034,292.034,0.99,6616.65,0.98,169.88,,,,,,,,,0.01,6616.65,0.02,169.88,,,2336.21927,1776186591000
1776186593.098,293.098,0.99,6616.65,0.98,169.88,,,,,,,,,0.01,6616.65,0.02,169.88,,,2336.216337,1776186592000
1776186594.256,294.256,0.99,6616.65,0.98,169.88,,,,,,,,,0.01,6616.65,0.02,169.88,,,2335.949435,1776186593000
1776186595.309,295.309,0.99,6616.65,0.98,169.88,,,,,,,,,0.01,6616.65,0.02,169.88,,,2335.745372,1776186594000
1776186595.889,295.889,0.99,6616.65,0.98,169.88,,,,,,,,,0.01,6616.65,0.02,169.88,,,2335.729367,1776186595000
1776186597.025,297.025,0.99,6616.65,0.98,169.88,,,,,,,,,0.01,6616.65,0.02,169.88,,,2335.750902,1776186596000
1776186598.154,298.154,0.99,6616.65,0.98,169.88,,,,,,,,,0.01,6616.65,0.02,169.88,,,2335.901541,1776186597000
1776186599.218,299.218,0.99,6616.65,0.98,169.88,,,,,,,,,0.01,6616.65,0.02,169.88,,,2335.903147,1776186598000
1776186600.255,300.255,0.99,6616.65,0.98,169.88,,,,,,,,,0.01,6616.65,0.02,169.88,,,2336.019507,1776186599000

# RESULT,winner=Up,slug=eth-updown-5m-1776186300,ticks=531
