timestamp,elapsed_sec,up_bid_p1,up_bid_s1,up_bid_p2,up_bid_s2,up_bid_p3,up_bid_s3,up_bid_p4,up_bid_s4,up_bid_p5,up_bid_s5,up_ask_p1,up_ask_s1,up_ask_p2,up_ask_s2,up_ask_p3,up_ask_s3,up_ask_p4,up_ask_s4,up_ask_p5,up_ask_s5,down_bid_p1,down_bid_s1,down_bid_p2,down_bid_s2,down_bid_p3,down_bid_s3,down_bid_p4,down_bid_s4,down_bid_p5,down_bid_s5,down_ask_p1,down_ask_s1,down_ask_p2,down_ask_s2,down_ask_p3,down_ask_s3,down_ask_p4,down_ask_s4,down_ask_p5,down_ask_s5,up_spread,down_spread,eth_price,eth_oracle_ts
1776166511.535,11.535,0.51,93.3,0.5,41.0,0.48,5.0,0.47,27.0,0.46,23.0,0.52,68.07,0.53,93.21,0.54,33.0,0.55,175.74,0.56,160.0,0.48,62.57,0.47,88.21,0.46,20.0,0.45,117.74,0.44,193.0,0.49,82.8,0.5,41.0,0.51,15.5,0.52,32.5,0.53,40.0,0.01,0.01,2370.021883,1776166510000
1776166512.029,12.029,0.51,93.3,0.5,41.0,0.48,5.0,0.47,27.0,0.46,23.0,0.52,68.07,0.53,93.21,0.54,33.0,0.55,175.74,0.56,160.0,0.48,62.57,0.47,88.21,0.46,20.0,0.45,117.74,0.44,193.0,0.49,82.8,0.5,41.0,0.51,15.5,0.52,32.5,0.53,40.0,0.01,0.01,2370.117855,1776166511000
1776166512.382,12.382,0.51,49.8,0.5,51.5,0.49,29.0,0.48,53.5,0.47,81.0,0.52,3.57,0.53,88.21,0.54,40.0,0.55,99.74,0.56,148.0,0.48,24.57,0.47,88.21,0.46,30.0,0.45,112.74,0.44,193.0,0.49,107.8,0.5,41.0,0.51,15.5,0.52,53.5,0.53,48.0,0.01,0.01,2370.117855,1776166511000
1776166512.917,12.917,0.51,47.75,0.5,51.5,0.49,29.0,0.48,53.5,0.47,81.0,0.52,12.45,0.53,88.21,0.54,40.0,0.55,99.74,0.56,148.0,0.48,7.45,0.47,88.21,0.46,40.0,0.45,99.74,0.44,148.0,0.49,49.8,0.5,51.5,0.51,29.0,0.52,53.5,0.53,81.0,0.01,0.01,2370.117855,1776166511000
1776166513.288,13.288,0.51,13.65,0.5,46.0,0.49,48.88,0.48,53.5,0.47,81.0,0.52,26.25,0.53,75.21,0.54,40.0,0.55,109.74,0.56,148.0,0.48,10.75,0.47,88.21,0.46,40.0,0.45,99.74,0.44,148.0,0.49,40.7,0.5,51.5,0.51,29.0,0.52,53.5,0.53,81.0,0.01,0.01,2370.11776,1776166512000
1776166513.626,13.626,0.51,11.6,0.5,46.0,0.49,48.88,0.48,111.5,0.47,23.0,0.52,19.32,0.53,75.21,0.54,40.0,0.55,109.74,0.56,148.0,0.48,26.25,0.47,75.21,0.46,40.0,0.45,109.74,0.44,148.0,0.49,11.6,0.5,46.0,0.51,48.88,0.52,53.5,0.53,81.0,0.01,0.01,2370.11776,1776166512000
1776166513.948,13.948,0.51,11.6,0.5,46.0,0.49,48.88,0.48,111.5,0.47,23.0,0.52,0.18,0.53,75.21,0.54,40.0,0.55,109.74,0.56,148.0,0.48,0.18,0.47,75.21,0.46,40.0,0.45,109.74,0.44,148.0,0.49,11.6,0.5,46.0,0.51,48.88,0.52,111.5,0.53,23.0,0.01,0.01,2370.14549,1776166513000
1776166514.899,14.899,0.51,23.03,0.5,46.0,0.49,48.88,0.48,111.5,0.47,23.0,0.52,12.11,0.53,75.21,0.54,40.0,0.55,109.74,0.56,148.0,0.48,0.18,0.47,75.21,0.46,40.0,0.45,109.74,0.44,148.0,0.49,11.6,0.5,46.0,0.51,48.88,0.52,111.5,0.53,23.0,0.01,0.01,2370.14549,1776166513000
1776166515.965,15.965,0.51,23.03,0.5,46.0,0.49,48.88,0.48,111.5,0.47,23.0,0.52,8.44,0.53,75.21,0.54,40.0,0.55,109.74,0.56,148.0,0.48,8.44,0.47,75.21,0.46,40.0,0.45,109.74,0.44,148.0,0.49,23.03,0.5,46.0,0.51,48.88,0.52,111.5,0.53,23.0,0.01,0.01,2370.155155,1776166515000
1776166516.246,16.246,0.51,15.98,0.5,46.0,0.49,96.38,0.48,43.0,0.47,23.0,0.52,37.95,0.53,133.21,0.54,40.0,0.55,99.74,0.56,143.0,0.48,22.95,0.47,75.21,0.46,40.0,0.45,109.74,0.44,143.0,0.49,23.03,0.5,46.0,0.51,96.38,0.52,43.0,0.53,23.0,0.01,0.01,2370.155155,1776166515000
1776166517.093,17.093,0.5,36.98,0.49,96.38,0.48,43.0,0.47,23.0,0.46,29.0,0.52,37.95,0.53,133.21,0.54,40.0,0.55,99.74,0.56,143.0,0.48,37.95,0.47,133.21,0.46,40.0,0.45,99.74,0.44,143.0,0.5,36.98,0.51,96.38,0.52,43.0,0.53,23.0,0.54,29.0,0.02,0.02,2370.131095,1776166516000
1776166517.399,17.399,0.5,175.46,0.49,184.0,0.48,25.5,0.47,38.5,0.46,34.0,0.52,10.52,0.53,110.71,0.54,15.0,0.55,82.74,0.56,98.0,0.48,37.95,0.47,133.21,0.46,40.0,0.45,99.74,0.44,143.0,0.5,36.98,0.51,96.38,0.52,43.0,0.53,23.0,0.54,29.0,0.02,0.02,2370.131095,1776166516000
1776166517.792,17.792,0.52,150.99,0.51,193.5,0.5,145.48,0.49,20.0,0.48,95.5,0.53,20.18,0.55,42.74,0.57,60.0,0.59,37.0,0.6,28.0,0.48,10.52,0.47,110.71,0.46,15.0,0.45,82.74,0.44,98.0,0.5,175.46,0.51,184.0,0.52,25.5,0.53,38.5,0.54,34.0,0.01,0.02,2370.131095,1776166516000
1776166518.063,18.063,0.54,9.82,0.52,160.99,0.51,193.5,0.5,140.48,0.49,20.0,0.55,32.64,0.57,60.0,0.59,37.0,0.6,28.0,0.61,145.0,0.45,32.64,0.43,60.0,0.41,37.0,0.4,28.0,0.39,145.0,0.46,9.82,0.48,160.99,0.49,193.5,0.5,140.48,0.51,20.0,0.01,0.01,2370.12718,1776166517000
1776166518.318,18.318,0.54,99.81,0.53,40.0,0.52,93.0,0.51,121.5,0.5,160.48,0.55,24.91,0.57,67.0,0.59,55.0,0.6,46.0,0.61,160.0,0.45,32.64,0.43,60.0,0.41,37.0,0.4,28.0,0.39,145.0,0.46,9.82,0.48,160.99,0.49,193.5,0.5,140.48,0.51,20.0,0.01,0.01,2370.12718,1776166517000
1776166518.984,18.984,0.54,97.31,0.53,113.0,0.52,45.5,0.51,121.5,0.5,160.48,0.55,29.91,0.56,5.0,0.57,145.5,0.58,25.5,0.59,66.0,0.45,24.91,0.43,67.0,0.41,55.0,0.4,46.0,0.39,160.0,0.46,99.81,0.47,40.0,0.48,93.0,0.49,121.5,0.5,160.48,0.01,0.01,2370.12718,1776166517000
1776166519.502,19.502,0.54,115.1,0.53,123.5,0.52,45.5,0.51,121.5,0.5,160.48,0.55,14.91,0.56,63.0,0.57,82.5,0.58,25.5,0.59,48.0,0.45,29.91,0.44,5.0,0.43,145.5,0.42,25.5,0.41,66.0,0.46,97.31,0.47,113.0,0.48,45.5,0.49,121.5,0.5,160.48,0.01,0.01,2370.164795,1776166518000
1776166519.739,19.739,0.54,125.6,0.53,123.5,0.52,45.5,0.51,121.5,0.5,160.48,0.55,12.46,0.56,63.0,0.57,72.0,0.58,25.5,0.59,48.0,0.45,14.91,0.44,63.0,0.43,82.5,0.42,25.5,0.41,48.0,0.46,115.1,0.47,123.5,0.48,45.5,0.49,121.5,0.5,160.48,0.01,0.01,2370.164795,1776166518000
1776166519.996,19.996,0.54,125.6,0.53,123.5,0.52,45.5,0.51,121.5,0.5,160.48,0.55,12.46,0.56,63.0,0.57,72.0,0.58,25.5,0.59,48.0,0.45,12.46,0.44,63.0,0.43,72.0,0.42,25.5,0.41,48.0,0.46,125.6,0.47,123.5,0.48,45.5,0.49,121.5,0.5,160.48,0.01,0.01,2370.400667,1776166519000
1776166520.21,20.21,0.54,98.3,0.53,123.5,0.52,45.5,0.51,121.5,0.5,160.48,0.55,6.46,0.56,63.0,0.57,72.0,0.58,25.5,0.59,48.0,0.45,12.46,0.44,63.0,0.43,72.0,0.42,25.5,0.41,48.0,0.46,125.6,0.47,123.5,0.48,45.5,0.49,121.5,0.5,160.48,0.01,0.01,2370.400667,1776166519000
1776166520.652,20.652,0.55,20.0,0.54,93.3,0.53,108.5,0.52,55.5,0.51,121.5,0.56,52.46,0.57,82.0,0.58,15.5,0.59,48.0,0.6,56.0,0.44,44.46,0.43,82.0,0.42,15.5,0.41,55.0,0.4,56.0,0.46,98.3,0.47,113.5,0.48,55.5,0.49,121.5,0.5,160.48,0.01,0.02,2370.400667,1776166519000
1776166520.934,20.934,0.55,20.0,0.54,93.3,0.53,108.5,0.52,55.5,0.51,121.5,0.57,82.0,0.58,15.5,0.59,48.0,0.6,56.0,0.61,188.0,0.43,82.0,0.42,15.5,0.41,48.0,0.4,56.0,0.39,188.0,0.45,20.0,0.46,93.3,0.47,108.5,0.48,55.5,0.49,121.5,0.02,0.02,2370.46273,1776166520000
1776166521.5,21.5,0.56,35.5,0.55,88.5,0.54,88.3,0.53,50.5,0.52,55.5,0.57,25.0,0.58,5.0,0.59,48.5,0.6,56.0,0.61,187.0,0.43,82.0,0.42,15.5,0.41,48.0,0.4,56.0,0.39,188.0,0.45,20.0,0.46,93.3,0.47,108.5,0.48,55.5,0.49,121.5,0.01,0.02,2370.46273,1776166520000
1776166521.993,21.993,0.56,35.5,0.55,88.5,0.54,88.3,0.53,60.5,0.52,55.5,0.57,7.0,0.58,5.0,0.59,48.5,0.6,56.0,0.61,187.0,0.43,7.0,0.42,5.0,0.41,48.5,0.4,56.0,0.39,187.0,0.44,35.5,0.45,88.5,0.46,88.3,0.47,60.5,0.48,55.5,0.01,0.01,2370.496785,1776166521000
1776166522.569,22.569,0.58,8.0,0.56,227.49,0.55,75.5,0.54,138.32,0.53,100.59,0.62,15.0,0.63,45.0,0.64,191.0,0.65,103.0,0.66,263.0,0.43,7.0,0.42,5.0,0.41,48.5,0.4,56.0,0.39,187.0,0.44,35.5,0.45,88.5,0.46,88.3,0.47,60.5,0.48,55.5,0.04,0.01,2370.496785,1776166521000
1776166522.935,22.935,0.61,25.0,0.6,100.0,0.59,73.99,0.58,62.81,0.57,26.0,0.62,20.5,0.63,98.0,0.64,165.0,0.65,132.0,0.66,135.0,0.38,15.0,0.37,45.0,0.36,191.0,0.35,103.0,0.34,263.0,0.42,8.0,0.44,227.49,0.45,75.5,0.46,138.32,0.47,100.59,0.01,0.04,2370.496785,1776166521000
1776166523.328,23.328,0.61,35.0,0.6,100.0,0.59,73.99,0.58,62.81,0.57,26.0,0.62,10.5,0.63,98.0,0.64,170.0,0.65,132.0,0.66,135.0,0.38,20.5,0.37,98.0,0.36,165.0,0.35,132.0,0.34,135.0,0.39,25.0,0.4,100.0,0.41,73.99,0.42,62.81,0.43,26.0,0.01,0.01,2370.478697,1776166522000
1776166523.896,23.896,0.61,34.0,0.6,100.0,0.59,73.99,0.58,62.81,0.57,21.0,0.62,10.5,0.63,98.0,0.64,170.0,0.65,132.0,0.66,135.0,0.38,10.5,0.37,98.0,0.36,170.0,0.35,132.0,0.34,135.0,0.39,34.0,0.4,100.0,0.41,73.99,0.42,62.81,0.43,21.0,0.01,0.01,2370.497328,1776166523000
1776166524.829,24.829,0.61,34.0,0.6,100.0,0.59,73.99,0.58,62.81,0.57,21.0,0.62,10.5,0.63,98.0,0.64,170.0,0.65,132.0,0.66,135.0,0.38,10.5,0.37,98.0,0.36,170.0,0.35,132.0,0.34,135.0,0.39,34.0,0.4,100.0,0.41,73.99,0.42,62.81,0.43,21.0,0.01,0.01,2370.55581,1776166524000
1776166526.34,26.34,0.61,24.0,0.6,42.0,0.59,88.0,0.58,43.5,0.57,92.08,0.63,92.38,0.64,182.0,0.65,132.0,0.66,145.0,0.67,15.0,0.37,92.38,0.36,182.0,0.35,132.0,0.34,145.0,0.33,15.0,0.39,24.0,0.4,42.0,0.41,88.0,0.42,43.5,0.43,92.08,0.02,0.02,2370.70314,1776166525000
1776166526.7,26.7,0.64,36.0,0.63,81.99,0.62,43.31,0.61,213.0,0.6,72.0,0.65,8.0,0.66,20.0,0.67,15.0,0.68,110.0,0.69,116.0,0.37,92.38,0.36,182.0,0.35,132.0,0.34,145.0,0.33,15.0,0.39,24.0,0.4,42.0,0.41,88.0,0.42,43.5,0.43,92.08,0.01,0.02,2370.70314,1776166525000
1776166527.423,27.423,0.64,36.0,0.63,92.49,0.62,53.81,0.61,223.5,0.6,87.5,0.66,20.0,0.67,15.0,0.68,120.5,0.69,116.0,0.7,47.0,0.34,20.0,0.33,15.0,0.32,120.5,0.31,116.0,0.3,47.0,0.36,36.0,0.37,92.49,0.38,53.81,0.39,223.5,0.4,87.5,0.02,0.02,2370.703665,1776166526000
1776166528.041,28.041,0.65,15.14,0.64,37.0,0.63,77.49,0.62,47.81,0.61,223.5,0.66,33.03,0.67,33.5,0.68,120.5,0.69,116.0,0.7,46.0,0.34,33.03,0.33,33.5,0.32,120.5,0.31,116.0,0.3,46.0,0.35,15.14,0.36,37.0,0.37,77.49,0.38,47.81,0.39,223.5,0.01,0.01,2370.705765,1776166527000
1776166528.398,28.398,0.65,15.0,0.64,31.0,0.63,25.5,0.62,148.17,0.61,191.5,0.66,20.03,0.67,33.5,0.68,151.5,0.69,115.0,0.7,15.0,0.34,33.03,0.33,33.5,0.32,120.5,0.31,116.0,0.3,46.0,0.35,15.14,0.36,37.0,0.37,77.49,0.38,47.81,0.39,223.5,0.01,0.01,2370.705765,1776166527000
1776166529.023,29.023,0.65,15.0,0.64,31.0,0.63,25.5,0.62,148.17,0.61,191.5,0.66,20.03,0.67,33.5,0.68,151.5,0.69,115.0,0.7,15.0,0.34,20.03,0.33,33.5,0.32,151.5,0.31,115.0,0.3,15.0,0.35,15.0,0.36,31.0,0.37,25.5,0.38,148.17,0.39,191.5,0.01,0.01,2370.844997,1776166528000
1776166529.874,29.874,0.65,5.7,0.64,31.0,0.63,83.5,0.62,30.5,0.61,234.18,0.66,23.03,0.67,48.5,0.68,161.5,0.69,85.0,0.7,25.0,0.34,18.03,0.33,48.5,0.32,151.5,0.31,85.0,0.3,25.0,0.35,9.28,0.36,31.0,0.37,25.5,0.38,88.5,0.39,234.18,0.01,0.01,2370.844997,1776166528000
1776166530.164,30.164,0.65,5.7,0.64,31.0,0.63,83.5,0.62,30.5,0.61,234.18,0.66,23.03,0.67,48.5,0.68,161.5,0.69,85.0,0.7,25.0,0.34,23.03,0.33,48.5,0.32,161.5,0.31,85.0,0.3,25.0,0.35,5.7,0.36,31.0,0.37,83.5,0.38,30.5,0.39,234.18,0.01,0.01,2370.990575,1776166529000
1776166530.619,30.619,0.65,0.7,0.64,31.0,0.63,83.5,0.62,68.49,0.61,211.5,0.66,13.03,0.67,15.0,0.68,169.5,0.69,123.0,0.7,45.0,0.34,23.03,0.33,48.5,0.32,161.5,0.31,85.0,0.3,25.0,0.35,5.7,0.36,31.0,0.37,83.5,0.38,30.5,0.39,234.18,0.01,0.01,2370.990575,1776166529000
1776166531.218,31.218,0.65,0.7,0.64,31.0,0.63,83.5,0.62,68.49,0.61,211.5,0.66,13.03,0.67,15.0,0.68,169.5,0.69,123.0,0.7,45.0,0.34,13.03,0.33,15.0,0.32,169.5,0.31,123.0,0.3,45.0,0.35,0.7,0.36,31.0,0.37,83.5,0.38,68.49,0.39,211.5,0.01,0.01,2370.98368,1776166530000
1776166531.706,31.706,0.65,20.79,0.64,99.5,0.63,25.5,0.62,70.49,0.61,201.5,0.66,3.42,0.67,10.0,0.68,131.5,0.69,123.0,0.7,35.0,0.34,3.31,0.33,10.0,0.32,151.5,0.31,118.0,0.3,30.0,0.35,25.79,0.36,94.5,0.37,20.5,0.38,65.49,0.39,196.5,0.01,0.01,2370.98368,1776166530000
1776166532.018,32.018,0.65,17.93,0.64,99.5,0.63,25.5,0.62,70.49,0.61,207.5,0.66,3.42,0.67,10.0,0.68,131.5,0.69,123.0,0.7,35.0,0.34,3.42,0.33,10.0,0.32,131.5,0.31,123.0,0.3,35.0,0.35,20.79,0.36,99.5,0.37,25.5,0.38,70.49,0.39,201.5,0.01,0.01,2370.98368,1776166530000
1776166532.223,32.223,0.65,17.93,0.64,99.5,0.63,25.5,0.62,70.49,0.61,207.5,0.66,3.42,0.67,10.0,0.68,131.5,0.69,123.0,0.7,35.0,0.34,3.42,0.33,10.0,0.32,131.5,0.31,123.0,0.3,35.0,0.35,17.93,0.36,99.5,0.37,25.5,0.38,70.49,0.39,207.5,0.01,0.01,2370.973385,1776166531000
1776166532.565,32.565,0.65,29.93,0.64,94.5,0.63,25.5,0.62,86.49,0.61,207.5,0.66,3.42,0.67,10.0,0.68,121.5,0.69,123.0,0.7,35.0,0.34,3.42,0.33,10.0,0.32,131.5,0.31,123.0,0.3,35.0,0.35,17.93,0.36,99.5,0.37,25.5,0.38,70.49,0.39,207.5,0.01,0.01,2370.973385,1776166531000
1776166532.855,32.855,0.65,29.93,0.64,94.5,0.63,25.5,0.62,106.49,0.61,207.5,0.67,10.0,0.68,121.5,0.69,123.0,0.7,35.0,0.71,160.0,0.34,3.42,0.33,10.0,0.32,121.5,0.31,123.0,0.3,35.0,0.35,29.93,0.36,94.5,0.37,25.5,0.38,86.49,0.39,207.5,0.02,0.01,2370.973385,1776166531000
1776166533.371,33.371,0.65,29.93,0.64,94.5,0.63,25.5,0.62,106.49,0.61,207.5,0.67,10.0,0.68,121.5,0.69,123.0,0.7,35.0,0.71,160.0,0.33,10.0,0.32,121.5,0.31,123.0,0.3,35.0,0.29,160.0,0.35,29.93,0.36,94.5,0.37,25.5,0.38,106.49,0.39,207.5,0.02,0.02,2370.97049,1776166532000
1776166533.827,33.827,0.66,14.1,0.65,29.93,0.64,94.5,0.63,140.49,0.62,73.81,0.67,10.0,0.68,46.0,0.69,53.0,0.7,35.0,0.71,150.0,0.33,15.0,0.32,56.5,0.31,53.0,0.3,35.0,0.29,150.0,0.34,17.05,0.35,29.93,0.36,94.5,0.37,140.49,0.38,63.81,0.01,0.01,2370.97049,1776166532000
1776166534.187,34.187,0.65,9.5,0.64,94.5,0.63,140.49,0.62,73.81,0.61,181.5,0.67,10.0,0.68,75.0,0.69,53.5,0.7,35.0,0.71,150.0,0.33,10.0,0.32,35.0,0.31,53.5,0.3,35.0,0.29,150.0,0.34,8.39,0.35,29.93,0.36,94.5,0.37,140.49,0.38,73.81,0.02,0.01,2370.97155,1776166533000
1776166534.986,34.986,0.65,9.5,0.64,94.5,0.63,140.49,0.62,73.81,0.61,181.5,0.67,10.0,0.68,75.0,0.69,53.5,0.7,35.0,0.71,150.0,0.33,10.0,0.32,75.0,0.31,53.5,0.3,35.0,0.29,150.0,0.35,9.5,0.36,94.5,0.37,140.49,0.38,73.81,0.39,181.5,0.02,0.02,2371.00608,1776166534000
1776166535.963,35.963,0.66,7.05,0.65,20.0,0.64,94.5,0.63,151.49,0.62,83.81,0.67,15.0,0.68,75.0,0.69,63.5,0.7,55.0,0.71,160.0,0.33,10.0,0.32,75.0,0.31,53.5,0.3,35.0,0.29,150.0,0.35,9.5,0.36,94.5,0.37,140.49,0.38,73.81,0.39,181.5,0.01,0.02,2371.00608,1776166534000
1776166537.201,37.201,0.66,7.05,0.65,20.0,0.64,94.5,0.63,151.49,0.62,83.81,0.67,15.0,0.68,75.0,0.69,63.5,0.7,55.0,0.71,160.0,0.33,15.0,0.32,75.0,0.31,63.5,0.3,55.0,0.29,160.0,0.34,7.05,0.35,20.0,0.36,94.5,0.37,151.49,0.38,83.81,0.01,0.01,2371.01519,1776166536000
1776166538.347,38.347,0.66,7.05,0.65,20.0,0.64,94.5,0.63,151.49,0.62,83.81,0.67,15.0,0.68,75.0,0.69,63.5,0.7,55.0,0.71,160.0,0.33,15.0,0.32,75.0,0.31,63.5,0.3,55.0,0.29,160.0,0.34,7.05,0.35,20.0,0.36,94.5,0.37,151.49,0.38,83.81,0.01,0.01,2371.00508,1776166537000
1776166538.928,38.928,0.66,27.05,0.65,78.0,0.64,78.49,0.63,129.81,0.62,55.5,0.68,43.0,0.69,55.5,0.7,53.0,0.71,170.0,0.72,20.0,0.32,43.0,0.31,55.5,0.3,53.0,0.29,170.0,0.28,20.0,0.34,27.05,0.35,78.0,0.36,78.49,0.37,129.81,0.38,55.5,0.02,0.02,2370.98726,1776166538000
1776166539.315,39.315,0.67,19.12,0.66,22.05,0.65,73.0,0.64,81.49,0.63,129.81,0.68,15.0,0.69,118.5,0.7,53.0,0.71,160.0,0.72,45.0,0.32,43.0,0.31,55.5,0.3,53.0,0.29,170.0,0.28,20.0,0.34,27.05,0.35,78.0,0.36,78.49,0.37,129.81,0.38,55.5,0.01,0.02,2370.98726,1776166538000
1776166540.367,40.367,0.67,19.12,0.66,17.05,0.65,83.5,0.64,81.49,0.63,129.81,0.68,16.0,0.69,118.5,0.7,63.0,0.71,170.0,0.72,20.0,0.32,15.0,0.31,118.5,0.3,53.0,0.29,160.0,0.28,45.0,0.33,19.12,0.34,22.05,0.35,73.0,0.36,81.49,0.37,129.81,0.01,0.01,2370.98726,1776166538000
1776166540.911,40.911,0.67,19.12,0.66,17.05,0.65,83.5,0.64,81.49,0.63,129.81,0.68,16.0,0.69,118.5,0.7,63.0,0.71,170.0,0.72,20.0,0.32,16.0,0.31,118.5,0.3,63.0,0.29,170.0,0.28,20.0,0.33,19.12,0.34,17.05,0.35,83.5,0.36,81.49,0.37,129.81,0.01,0.01,2370.994925,1776166540000
1776166542.021,42.021,0.67,19.12,0.66,17.05,0.65,83.5,0.64,81.49,0.63,129.81,0.68,16.0,0.69,118.5,0.7,63.0,0.71,170.0,0.72,20.0,0.32,16.0,0.31,118.5,0.3,63.0,0.29,170.0,0.28,20.0,0.33,19.12,0.34,17.05,0.35,83.5,0.36,81.49,0.37,129.81,0.01,0.01,2370.99935,1776166541000
1776166542.246,42.246,0.68,5.0,0.67,14.12,0.66,80.05,0.65,25.5,0.64,94.49,0.69,48.4,0.7,154.5,0.71,168.0,0.72,38.0,0.73,155.0,0.32,16.0,0.31,118.5,0.3,63.0,0.29,170.0,0.28,20.0,0.33,19.12,0.34,17.05,0.35,83.5,0.36,81.49,0.37,129.81,0.01,0.01,2370.99935,1776166541000
1776166543.043,43.043,0.68,5.0,0.67,14.12,0.66,80.05,0.65,25.5,0.64,94.49,0.69,48.4,0.7,154.5,0.71,168.0,0.72,38.0,0.73,155.0,0.31,48.4,0.3,154.5,0.29,168.0,0.28,38.0,0.27,155.0,0.32,5.0,0.33,14.12,0.34,80.05,0.35,25.5,0.36,94.49,0.01,0.01,2370.99839,1776166542000
1776166543.947,43.947,0.68,5.0,0.67,14.12,0.66,80.05,0.65,25.5,0.64,94.49,0.69,48.4,0.7,154.5,0.71,168.0,0.72,38.0,0.73,155.0,0.31,48.4,0.3,154.5,0.29,168.0,0.28,38.0,0.27,155.0,0.32,5.0,0.33,14.12,0.34,80.05,0.35,25.5,0.36,94.49,0.01,0.01,2371.000615,1776166543000
1776166544.911,44.911,0.68,5.0,0.67,14.12,0.66,80.05,0.65,25.5,0.64,94.49,0.69,48.4,0.7,154.5,0.71,168.0,0.72,38.0,0.73,155.0,0.31,48.4,0.3,154.5,0.29,168.0,0.28,38.0,0.27,155.0,0.32,5.0,0.33,14.12,0.34,80.05,0.35,25.5,0.36,94.49,0.01,0.01,2371.00559,1776166544000
1776166545.67,45.67,0.68,25.0,0.67,72.12,0.66,167.55,0.65,68.49,0.64,72.81,0.69,15.01,0.7,86.0,0.71,228.5,0.72,20.0,0.73,93.0,0.31,48.4,0.3,154.5,0.29,168.0,0.28,38.0,0.27,155.0,0.32,5.0,0.33,14.12,0.34,80.05,0.35,25.5,0.36,94.49,0.01,0.01,2371.00559,1776166544000
1776166546.139,46.139,0.68,40.0,0.67,82.62,0.66,167.55,0.65,35.41,0.64,72.81,0.69,2.42,0.7,76.0,0.71,260.5,0.72,20.0,0.73,93.0,0.31,15.01,0.3,86.0,0.29,228.5,0.28,20.0,0.27,93.0,0.32,25.0,0.33,72.12,0.34,167.55,0.35,68.49,0.36,72.81,0.01,0.01,2371.00559,1776166544000
1776166546.455,46.455,0.74,11.0,0.72,12.0,0.71,22.0,0.7,10.0,0.69,326.43,0.77,21.0,0.79,20.0,0.8,22.0,0.81,42.0,0.82,24.4,0.31,2.42,0.3,76.0,0.29,260.5,0.28,20.0,0.27,93.0,0.32,40.0,0.33,82.62,0.34,167.55,0.35,35.41,0.36,72.81,0.03,0.01,2371.00559,1776166544000
1776166546.823,46.823,0.81,20.0,0.8,80.0,0.79,10.0,0.78,101.0,0.77,25.5,0.82,79.31,0.83,90.5,0.84,106.8,0.85,34.95,0.86,79.9,0.18,79.31,0.17,90.5,0.16,106.8,0.15,34.95,0.14,79.9,0.19,20.0,0.2,80.0,0.21,10.0,0.22,101.0,0.23,25.5,0.01,0.01,2371.01103,1776166545000
1776166547.11,47.11,0.81,22.73,0.8,98.0,0.79,73.0,0.78,100.0,0.77,54.81,0.82,84.92,0.83,134.5,0.84,81.8,0.85,69.95,0.86,120.9,0.18,79.31,0.17,90.5,0.16,106.8,0.15,34.95,0.14,79.9,0.19,20.0,0.2,80.0,0.21,10.0,0.22,101.0,0.23,25.5,0.01,0.01,2371.01103,1776166545000
1776166547.34,47.34,0.8,89.2,0.79,73.0,0.78,100.0,0.77,54.81,0.76,59.0,0.81,27.27,0.82,84.92,0.83,134.5,0.84,81.8,0.85,69.95,0.19,27.27,0.18,84.92,0.17,134.5,0.16,81.8,0.15,69.95,0.2,89.2,0.21,73.0,0.22,100.0,0.23,54.81,0.24,59.0,0.01,0.01,2371.011035,1776166546000
1776166547.874,47.874,0.8,155.95,0.79,40.0,0.78,163.49,0.77,73.49,0.76,75.0,0.81,66.27,0.82,84.92,0.83,83.5,0.84,111.8,0.85,104.95,0.19,27.27,0.18,84.92,0.17,134.5,0.16,81.8,0.15,69.95,0.2,89.2,0.21,73.0,0.22,100.0,0.23,54.81,0.24,59.0,0.01,0.01,2371.011035,1776166546000
1776166549.044,49.044,0.8,155.95,0.79,40.0,0.78,163.49,0.77,73.49,0.76,75.0,0.81,66.27,0.82,84.92,0.83,83.5,0.84,111.8,0.85,104.95,0.19,66.27,0.18,84.92,0.17,83.5,0.16,111.8,0.15,104.95,0.2,155.95,0.21,40.0,0.22,163.49,0.23,73.49,0.24,75.0,0.01,0.01,2371.683124,1776166548000
1776166549.574,49.574,0.79,73.0,0.78,50.0,0.77,37.0,0.76,48.0,0.75,33.0,0.81,247.5,0.82,169.92,0.83,199.5,0.84,129.8,0.85,57.95,0.19,66.27,0.18,84.92,0.17,83.5,0.16,111.8,0.15,104.95,0.2,155.95,0.21,40.0,0.22,163.49,0.23,73.49,0.24,75.0,0.02,0.01,2371.683124,1776166548000
1776166549.95,49.95,0.79,67.66,0.78,50.0,0.77,37.0,0.76,48.0,0.75,33.0,0.81,247.5,0.82,300.61,0.83,199.5,0.84,99.8,0.85,57.95,0.19,242.5,0.18,191.01,0.17,199.5,0.16,99.8,0.15,57.95,0.2,2.8,0.21,73.0,0.22,50.0,0.23,37.0,0.24,48.0,0.02,0.01,2371.683124,1776166548000
1776166550.166,50.166,0.79,67.66,0.78,50.0,0.77,37.0,0.76,48.0,0.75,33.0,0.81,247.5,0.82,300.61,0.83,199.5,0.84,99.8,0.85,57.95,0.19,247.5,0.18,300.61,0.17,199.5,0.16,99.8,0.15,57.95,0.21,67.66,0.22,50.0,0.23,37.0,0.24,48.0,0.25,33.0,0.02,0.02,2371.711478,1776166549000
1776166550.726,50.726,0.78,40.0,0.77,92.0,0.76,48.0,0.75,43.5,0.74,36.0,0.79,84.56,0.8,53.75,0.81,216.4,0.82,249.61,0.83,199.5,0.21,114.3,0.2,58.75,0.19,216.4,0.18,254.61,0.17,189.5,0.22,41.36,0.23,95.0,0.24,48.0,0.25,43.5,0.26,36.0,0.01,0.01,2371.711478,1776166549000
1776166551.076,51.076,0.78,26.36,0.77,92.0,0.76,48.0,0.75,43.5,0.74,36.0,0.79,84.56,0.8,53.75,0.81,216.4,0.82,249.61,0.83,199.5,0.21,84.56,0.2,53.75,0.19,216.4,0.18,249.61,0.17,199.5,0.22,26.36,0.23,92.0,0.24,48.0,0.25,43.5,0.26,36.0,0.01,0.01,2371.80765,1776166550000
1776166552.144,52.144,0.78,1.81,0.77,92.0,0.76,40.0,0.75,51.5,0.74,63.0,0.79,75.7,0.8,162.01,0.81,216.9,0.82,110.01,0.83,208.5,0.21,84.56,0.2,53.75,0.19,216.4,0.18,249.61,0.17,199.5,0.22,26.36,0.23,92.0,0.24,48.0,0.25,43.5,0.26,36.0,0.01,0.01,2371.80765,1776166550000
1776166552.405,52.405,0.78,1.81,0.77,92.0,0.76,50.5,0.75,61.5,0.74,53.0,0.79,60.0,0.8,64.5,0.81,211.9,0.82,115.51,0.83,178.5,0.21,71.9,0.2,64.5,0.19,211.9,0.18,115.51,0.17,168.5,0.22,1.81,0.23,92.0,0.24,50.5,0.25,61.5,0.26,53.0,0.01,0.01,2371.66355,1776166551000
1776166553.344,53.344,0.78,1.81,0.77,92.0,0.76,50.5,0.75,61.5,0.74,53.0,0.79,50.0,0.8,64.5,0.81,211.9,0.82,115.51,0.83,173.5,0.21,50.0,0.2,64.5,0.19,211.9,0.18,115.51,0.17,173.5,0.22,1.81,0.23,92.0,0.24,50.5,0.25,61.5,0.26,53.0,0.01,0.01,2371.56079,1776166552000
1776166554.579,54.579,0.78,12.35,0.77,102.5,0.76,50.5,0.75,51.5,0.74,53.0,0.79,61.0,0.8,74.5,0.81,141.4,0.82,49.9,0.83,83.5,0.21,61.0,0.2,74.5,0.19,141.4,0.18,49.9,0.17,83.5,0.22,12.35,0.23,102.5,0.24,50.5,0.25,51.5,0.26,53.0,0.01,0.01,2371.5981,1776166553000
1776166555.107,55.107,0.78,105.85,0.77,185.49,0.76,125.49,0.75,53.5,0.74,70.0,0.8,26.5,0.81,42.4,0.82,47.4,0.83,80.5,0.84,86.8,0.21,66.0,0.2,132.5,0.19,83.4,0.18,52.9,0.17,83.5,0.22,17.35,0.23,97.5,0.24,50.5,0.25,43.5,0.26,61.0,0.02,0.01,2371.5981,1776166553000
1776166555.334,55.334,0.82,27.5,0.81,26.5,0.8,125.5,0.79,132.81,0.78,223.83,0.83,61.5,0.84,86.8,0.85,119.95,0.86,163.9,0.87,121.8,0.17,35.5,0.16,86.8,0.15,119.95,0.14,163.9,0.13,121.8,0.18,7.0,0.19,6.0,0.2,40.5,0.21,127.81,0.22,208.83,0.01,0.01,2371.63499,1776166554000
1776166556.109,56.109,0.83,20.0,0.82,42.0,0.81,104.5,0.8,128.5,0.79,44.81,0.84,55.31,0.85,78.95,0.86,174.4,0.87,167.3,0.88,109.1,0.17,42.5,0.16,86.8,0.15,89.95,0.14,163.9,0.13,121.8,0.18,37.5,0.19,31.5,0.2,125.5,0.21,127.81,0.22,223.83,0.01,0.01,2371.63499,1776166554000
1776166556.483,56.483,0.83,5.0,0.82,52.5,0.81,104.5,0.8,128.5,0.79,44.81,0.84,61.61,0.85,78.95,0.86,174.4,0.87,167.3,0.88,109.1,0.16,61.61,0.15,78.95,0.14,174.4,0.13,167.3,0.12,109.1,0.17,5.0,0.18,52.5,0.19,104.5,0.2,128.5,0.21,44.81,0.01,0.01,2371.734482,1776166555000
1776166557.126,57.126,0.83,5.0,0.82,52.5,0.81,104.5,0.8,128.5,0.79,44.81,0.84,61.61,0.85,78.95,0.86,174.4,0.87,167.3,0.88,109.1,0.16,61.61,0.15,78.95,0.14,174.4,0.13,167.3,0.12,109.1,0.17,5.0,0.18,52.5,0.19,104.5,0.2,128.5,0.21,44.81,0.01,0.01,2371.714931,1776166556000
1776166557.73,57.73,0.83,58.5,0.82,52.5,0.81,66.5,0.8,237.49,0.79,64.8,0.84,15.02,0.85,6.75,0.86,97.9,0.87,132.8,0.88,234.1,0.16,25.7,0.15,74.75,0.14,112.9,0.13,140.8,0.12,207.1,0.17,45.5,0.18,110.5,0.19,49.5,0.2,118.5,0.21,167.8,0.01,0.01,2371.714931,1776166556000
1776166558.049,58.049,0.84,50.5,0.83,35.5,0.82,55.5,0.81,66.5,0.8,242.49,0.86,68.0,0.87,132.8,0.88,234.1,0.89,81.79,0.9,386.5,0.15,16.75,0.14,68.0,0.13,132.8,0.12,234.1,0.11,81.79,0.17,58.5,0.18,60.5,0.19,66.5,0.2,247.49,0.21,71.8,0.02,0.02,2371.714931,1776166556000
1776166558.298,58.298,0.84,50.5,0.83,35.5,0.82,55.5,0.81,66.5,0.8,242.49,0.86,68.0,0.87,132.8,0.88,234.1,0.89,81.79,0.9,386.5,0.14,68.0,0.13,132.8,0.12,234.1,0.11,81.79,0.1,386.5,0.16,50.5,0.17,35.5,0.18,55.5,0.19,66.5,0.2,242.49,0.02,0.02,2371.936875,1776166557000
1776166558.503,58.503,0.85,127.0,0.84,155.5,0.83,130.5,0.82,233.5,0.81,191.5,0.86,170.61,0.87,227.8,0.88,287.1,0.89,277.29,0.9,511.5,0.14,175.61,0.13,227.8,0.12,287.1,0.11,277.29,0.1,511.5,0.15,125.0,0.16,145.5,0.17,130.5,0.18,233.5,0.19,191.5,0.01,0.01,2371.936875,1776166557000
1776166558.944,58.944,0.85,119.2,0.84,155.5,0.83,198.68,0.82,180.59,0.81,196.59,0.86,170.61,0.87,227.8,0.88,287.1,0.89,277.29,0.9,511.5,0.14,170.61,0.13,227.8,0.12,287.1,0.11,277.29,0.1,511.5,0.15,127.0,0.16,155.5,0.17,130.5,0.18,233.5,0.19,191.5,0.01,0.01,2371.936875,1776166557000
1776166559.207,59.207,0.85,122.53,0.84,155.5,0.83,193.68,0.82,180.59,0.81,196.59,0.86,175.61,0.87,227.8,0.88,287.1,0.89,277.29,0.9,511.5,0.14,170.61,0.13,227.8,0.12,287.1,0.11,277.29,0.1,511.5,0.15,119.2,0.16,155.5,0.17,198.68,0.18,180.59,0.19,196.59,0.01,0.01,2371.936875,1776166557000
1776166559.666,59.666,0.85,122.53,0.84,155.5,0.83,193.68,0.82,180.59,0.81,196.59,0.86,175.61,0.87,227.8,0.88,287.1,0.89,277.29,0.9,511.5,0.14,175.61,0.13,227.8,0.12,287.1,0.11,277.29,0.1,511.5,0.15,122.53,0.16,155.5,0.17,193.68,0.18,180.59,0.19,196.59,0.01,0.01,2372.053895,1776166558000
1776166559.938,59.938,0.85,132.53,0.84,145.5,0.83,198.68,0.82,205.59,0.81,171.59,0.86,173.7,0.87,227.8,0.88,292.1,0.89,277.29,0.9,511.5,0.14,175.61,0.13,227.8,0.12,287.1,0.11,277.29,0.1,511.5,0.15,122.53,0.16,155.5,0.17,193.68,0.18,180.59,0.19,196.59,0.01,0.01,2372.053895,1776166558000
1776166560.28,60.28,0.85,132.62,0.84,145.0,0.83,198.68,0.82,180.59,0.81,196.59,0.86,239.44,0.87,227.8,0.88,232.6,0.89,247.29,0.9,541.5,0.14,166.71,0.13,227.8,0.12,292.1,0.11,277.29,0.1,511.5,0.15,127.53,0.16,145.5,0.17,198.68,0.18,180.59,0.19,171.59,0.01,0.01,2372.053895,1776166558000
1776166560.505,60.505,0.85,132.62,0.84,145.0,0.83,198.68,0.82,180.59,0.81,196.59,0.86,239.44,0.87,227.8,0.88,232.6,0.89,247.29,0.9,541.5,0.14,239.44,0.13,227.8,0.12,232.6,0.11,247.29,0.1,541.5,0.15,132.62,0.16,145.0,0.17,198.68,0.18,180.59,0.19,196.59,0.01,0.01,2372.126095,1776166559000
1776166560.786,60.786,0.85,172.62,0.84,203.5,0.83,165.68,0.82,180.59,0.81,171.59,0.86,119.76,0.87,232.8,0.88,280.1,0.89,217.29,0.9,571.5,0.14,120.0,0.13,217.8,0.12,280.1,0.11,217.29,0.1,571.5,0.15,157.62,0.16,203.5,0.17,140.68,0.18,205.59,0.19,171.59,0.01,0.01,2372.126095,1776166559000
1776166561.013,61.013,0.85,172.62,0.84,203.5,0.83,165.68,0.82,180.59,0.81,171.59,0.86,112.89,0.87,232.8,0.88,280.1,0.89,217.29,0.9,571.5,0.14,116.2,0.13,232.8,0.12,280.1,0.11,217.29,0.1,571.5,0.15,167.62,0.16,203.5,0.17,165.68,0.18,180.59,0.19,171.59,0.01,0.01,2372.126095,1776166559000
1776166561.502,61.502,0.87,10.0,0.86,45.0,0.85,560.81,0.84,458.12,0.83,257.68,0.88,57.85,0.89,11.0,0.9,143.5,0.91,194.0,0.92,70.9,0.14,110.92,0.13,222.8,0.12,280.1,0.11,217.29,0.1,571.5,0.15,172.62,0.16,203.5,0.17,165.68,0.18,180.59,0.19,171.59,0.01,0.01,2372.140915,1776166560000
1776166561.741,61.741,0.87,40.0,0.86,65.0,0.85,156.12,0.84,402.62,0.83,257.68,0.9,149.5,0.91,194.0,0.92,70.9,0.93,372.3,0.94,247.8,0.12,28.65,0.11,11.0,0.1,143.5,0.09,194.0,0.08,70.9,0.13,15.0,0.14,40.0,0.15,219.12,0.16,397.62,0.17,257.68,0.03,0.01,2372.140915,1776166560000
1776166562.517,62.517,0.87,40.0,0.86,65.0,0.85,156.12,0.84,402.62,0.83,257.68,0.9,149.5,0.91,194.0,0.92,70.9,0.93,372.3,0.94,247.8,0.1,149.5,0.09,194.0,0.08,70.9,0.07,372.3,0.06,247.8,0.13,40.0,0.14,65.0,0.15,156.12,0.16,402.62,0.17,257.68,0.03,0.03,2372.141755,1776166561000
1776166563.135,63.135,0.87,40.0,0.86,65.0,0.85,156.12,0.84,402.62,0.83,257.68,0.9,149.5,0.91,194.0,0.92,70.9,0.93,372.3,0.94,247.8,0.1,149.5,0.09,194.0,0.08,70.9,0.07,372.3,0.06,247.8,0.13,40.0,0.14,65.0,0.15,156.12,0.16,402.62,0.17,257.68,0.03,0.03,2372.19,1776166562000
1776166563.509,63.509,0.89,71.5,0.88,119.5,0.87,157.5,0.86,270.5,0.85,170.12,0.9,224.38,0.91,319.0,0.92,185.9,0.93,497.3,0.94,313.8,0.1,149.5,0.09,194.0,0.08,70.9,0.07,372.3,0.06,247.8,0.13,40.0,0.14,65.0,0.15,156.12,0.16,402.62,0.17,257.68,0.01,0.03,2372.19,1776166562000
1776166563.776,63.776,0.89,105.21,0.88,119.5,0.87,147.5,0.86,270.5,0.85,164.12,0.9,220.26,0.91,319.0,0.92,185.9,0.93,497.3,0.94,307.8,0.1,226.38,0.09,319.0,0.08,185.9,0.07,497.3,0.06,307.8,0.11,105.21,0.12,119.5,0.13,157.5,0.14,270.5,0.15,164.12,0.01,0.01,2372.19,1776166562000
1776166564.257,64.257,0.89,139.21,0.88,124.5,0.87,152.5,0.86,275.5,0.85,159.12,0.9,206.33,0.91,319.0,0.92,185.9,0.93,502.3,0.94,302.8,0.1,220.26,0.09,319.0,0.08,185.9,0.07,497.3,0.06,307.8,0.11,105.21,0.12,119.5,0.13,147.5,0.14,270.5,0.15,164.12,0.01,0.01,2372.19,1776166562000
1776166564.471,64.471,0.89,139.21,0.88,124.5,0.87,152.5,0.86,275.5,0.85,159.12,0.9,206.33,0.91,319.0,0.92,185.9,0.93,502.3,0.94,302.8,0.1,206.33,0.09,319.0,0.08,185.9,0.07,502.3,0.06,302.8,0.11,139.21,0.12,124.5,0.13,152.5,0.14,275.5,0.15,159.12,0.01,0.01,2372.707785,1776166563000
1776166564.767,64.767,0.89,204.63,0.88,124.5,0.87,157.5,0.86,275.5,0.85,356.11,0.9,119.33,0.91,319.0,0.92,292.9,0.93,502.3,0.94,278.8,0.1,144.33,0.09,319.0,0.08,292.9,0.07,502.3,0.06,286.8,0.11,231.63,0.12,124.5,0.13,157.5,0.14,275.5,0.15,356.11,0.01,0.01,2372.707785,1776166563000
1776166565.185,65.185,0.89,238.34,0.88,124.5,0.87,157.5,0.86,275.5,0.85,356.11,0.9,109.33,0.91,319.0,0.92,292.9,0.93,502.3,0.94,278.8,0.1,109.33,0.09,319.0,0.08,292.9,0.07,502.3,0.06,278.8,0.11,238.34,0.12,124.5,0.13,157.5,0.14,275.5,0.15,356.11,0.01,0.01,2372.71678,1776166564000
1776166565.681,65.681,0.9,148.5,0.89,325.34,0.88,176.5,0.87,315.49,0.86,307.37,0.91,9.0,0.92,58.0,0.93,351.3,0.94,110.8,0.95,160.8,0.1,83.03,0.09,319.0,0.08,292.9,0.07,502.3,0.06,278.8,0.11,233.34,0.12,124.5,0.13,157.5,0.14,265.5,0.15,326.11,0.01,0.01,2372.71678,1776166564000
1776166566.12,66.12,0.91,209.0,0.9,132.5,0.89,294.21,0.88,284.5,0.87,145.5,0.92,3.0,0.93,103.0,0.94,238.8,0.95,142.8,0.96,405.8,0.08,37.0,0.07,261.3,0.06,232.8,0.05,132.8,0.04,427.8,0.09,129.0,0.1,215.5,0.11,320.34,0.12,275.37,0.13,202.49,0.01,0.01,2372.71678,1776166564000
1776166566.323,66.323,0.91,151.5,0.9,138.5,0.89,294.21,0.88,284.5,0.87,145.5,0.93,79.96,0.94,180.8,0.95,142.8,0.96,411.8,0.97,809.7,0.07,79.96,0.06,180.8,0.05,142.8,0.04,411.8,0.03,809.7,0.09,151.5,0.1,138.5,0.11,294.21,0.12,284.5,0.13,145.5,0.02,0.02,2372.805885,1776166565000
1776166566.712,66.712,0.92,30.5,0.91,151.5,0.9,191.5,0.89,299.21,0.88,309.5,0.94,152.76,0.95,142.8,0.96,441.8,0.97,809.7,0.98,996.7,0.07,79.96,0.06,180.8,0.05,142.8,0.04,411.8,0.03,809.7,0.09,151.5,0.1,138.5,0.11,294.21,0.12,284.5,0.13,145.5,0.02,0.02,2372.805885,1776166565000
1776166567.199,67.199,0.93,52.58,0.92,30.5,0.91,209.5,0.9,128.5,0.89,284.21,0.94,266.76,0.95,385.8,0.96,381.8,0.97,479.7,0.98,996.7,0.06,152.76,0.05,142.8,0.04,441.8,0.03,809.7,0.02,996.7,0.08,30.5,0.09,151.5,0.1,191.5,0.11,299.21,0.12,309.5,0.01,0.02,2372.805885,1776166565000
1776166567.712,67.712,0.93,52.58,0.92,30.5,0.91,209.5,0.9,128.5,0.89,284.21,0.94,266.76,0.95,385.8,0.96,381.8,0.97,479.7,0.98,996.7,0.06,266.76,0.05,385.8,0.04,381.8,0.03,479.7,0.02,996.7,0.07,52.58,0.08,30.5,0.09,209.5,0.1,128.5,0.11,284.21,0.01,0.01,2372.897096,1776166566000
1776166568.418,68.418,0.93,67.58,0.92,98.5,0.91,176.5,0.9,133.5,0.89,453.51,0.94,342.0,0.95,385.8,0.96,381.8,0.97,479.7,0.98,996.7,0.06,323.84,0.05,385.8,0.04,381.8,0.03,479.7,0.02,996.7,0.07,47.58,0.08,30.5,0.09,226.5,0.1,133.5,0.11,453.51,0.01,0.01,2372.897096,1776166566000
1776166568.766,68.766,0.93,67.08,0.92,98.5,0.91,186.5,0.9,133.5,0.89,453.51,0.94,314.55,0.95,378.8,0.96,381.8,0.97,479.7,0.98,996.7,0.06,347.0,0.05,385.8,0.04,381.8,0.03,479.7,0.02,996.7,0.07,61.58,0.08,98.5,0.09,176.5,0.1,133.5,0.11,453.51,0.01,0.01,2373.318358,1776166567000
1776166569.043,69.043,0.93,67.08,0.92,98.5,0.91,186.5,0.9,133.5,0.89,453.51,0.94,314.55,0.95,378.8,0.96,381.8,0.97,479.7,0.98,996.7,0.06,314.55,0.05,378.8,0.04,381.8,0.03,479.7,0.02,996.7,0.07,67.08,0.08,98.5,0.09,186.5,0.1,133.5,0.11,453.51,0.01,0.01,2373.364975,1776166568000
1776166569.263,69.263,0.93,67.08,0.92,103.59,0.91,176.5,0.9,128.5,0.89,464.51,0.94,282.63,0.95,303.0,0.96,381.8,0.97,479.7,0.98,996.7,0.06,314.55,0.05,378.8,0.04,381.8,0.03,479.7,0.02,996.7,0.07,67.08,0.08,98.5,0.09,186.5,0.1,133.5,0.11,453.51,0.01,0.01,2373.364975,1776166568000
1776166570.264,70.264,0.93,67.08,0.92,103.59,0.91,176.5,0.9,128.5,0.89,464.51,0.94,282.63,0.95,303.0,0.96,381.8,0.97,479.7,0.98,996.7,0.06,282.63,0.05,303.0,0.04,381.8,0.03,479.7,0.02,996.7,0.07,67.08,0.08,103.59,0.09,176.5,0.1,128.5,0.11,464.51,0.01,0.01,2373.37907,1776166569000
1776166571.318,71.318,0.93,67.08,0.92,103.59,0.91,176.5,0.9,128.5,0.89,464.51,0.94,282.63,0.95,303.0,0.96,381.8,0.97,479.7,0.98,996.7,0.06,282.63,0.05,303.0,0.04,381.8,0.03,479.7,0.02,996.7,0.07,67.08,0.08,103.59,0.09,176.5,0.1,128.5,0.11,464.51,0.01,0.01,2373.39182,1776166570000
1776166571.567,71.567,0.93,8.65,0.92,103.59,0.91,82.5,0.9,117.5,0.89,477.51,0.94,252.63,0.95,303.0,0.96,375.8,0.97,979.7,0.98,1096.7,0.06,282.63,0.05,303.0,0.04,381.8,0.03,479.7,0.02,996.7,0.07,67.08,0.08,103.59,0.09,176.5,0.1,128.5,0.11,464.51,0.01,0.01,2373.39182,1776166570000
1776166572.177,72.177,0.93,14.15,0.92,103.59,0.91,82.5,0.9,117.5,0.89,477.51,0.94,196.59,0.95,303.0,0.96,275.8,0.97,979.7,0.98,1096.7,0.06,252.63,0.05,303.0,0.04,375.8,0.03,979.7,0.02,1096.7,0.07,8.65,0.08,103.59,0.09,82.5,0.1,117.5,0.11,477.51,0.01,0.01,2373.39182,1776166570000
1776166573.058,73.058,0.92,82.22,0.91,77.5,0.9,410.49,0.89,351.39,0.88,279.5,0.94,127.23,0.95,278.0,0.96,275.8,0.97,474.7,0.98,1001.7,0.06,196.59,0.05,303.0,0.04,275.8,0.03,979.7,0.02,1096.7,0.07,14.15,0.08,103.59,0.09,82.5,0.1,117.5,0.11,477.51,0.02,0.01,2373.39355,1776166571000
1776166573.337,73.337,0.92,82.22,0.91,77.5,0.9,410.49,0.89,351.39,0.88,279.5,0.94,127.23,0.95,278.0,0.96,275.8,0.97,474.7,0.98,1001.7,0.06,127.23,0.05,278.0,0.04,275.8,0.03,474.7,0.02,1001.7,0.08,82.22,0.09,77.5,0.1,410.49,0.11,351.39,0.12,279.5,0.02,0.02,2373.392656,1776166572000
1776166573.581,73.581,0.93,10.5,0.92,98.22,0.91,92.5,0.9,400.49,0.89,351.39,0.94,240.93,0.95,278.0,0.96,225.8,0.97,474.7,0.98,1001.7,0.06,127.23,0.05,278.0,0.04,275.8,0.03,474.7,0.02,1001.7,0.08,82.22,0.09,77.5,0.1,410.49,0.11,351.39,0.12,279.5,0.01,0.02,2373.392656,1776166572000
1776166573.948,73.948,0.93,10.5,0.92,98.22,0.91,92.5,0.9,400.49,0.89,351.39,0.94,240.93,0.95,278.0,0.96,225.8,0.97,474.7,0.98,1001.7,0.06,240.93,0.05,278.0,0.04,225.8,0.03,474.7,0.02,1001.7,0.07,10.5,0.08,98.22,0.09,92.5,0.1,400.49,0.11,351.39,0.01,0.01,2373.392656,1776166573000
1776166575.043,75.043,0.93,10.5,0.92,98.22,0.91,92.5,0.9,400.49,0.89,351.39,0.94,240.93,0.95,278.0,0.96,225.8,0.97,474.7,0.98,1001.7,0.06,240.93,0.05,278.0,0.04,225.8,0.03,474.7,0.02,1001.7,0.07,10.5,0.08,98.22,0.09,92.5,0.1,400.49,0.11,351.39,0.01,0.01,2373.40214,1776166574000
1776166576.072,76.072,0.93,10.5,0.92,98.22,0.91,92.5,0.9,400.49,0.89,351.39,0.94,240.93,0.95,278.0,0.96,225.8,0.97,474.7,0.98,1001.7,0.06,240.93,0.05,278.0,0.04,225.8,0.03,474.7,0.02,1001.7,0.07,10.5,0.08,98.22,0.09,92.5,0.1,400.49,0.11,351.39,0.01,0.01,2373.429653,1776166575000
1776166576.806,76.806,0.93,20.5,0.92,92.22,0.91,87.5,0.9,415.49,0.89,356.39,0.94,234.34,0.95,278.0,0.96,225.8,0.97,479.7,0.98,1506.7,0.06,240.93,0.05,278.0,0.04,225.8,0.03,474.7,0.02,1001.7,0.07,10.5,0.08,98.22,0.09,92.5,0.1,400.49,0.11,351.39,0.01,0.01,2373.429653,1776166575000
1776166577.036,77.036,0.93,6.21,0.92,92.22,0.91,87.5,0.9,415.49,0.89,356.39,0.94,229.34,0.95,278.0,0.96,225.8,0.97,479.7,0.98,1506.7,0.06,229.34,0.05,278.0,0.04,225.8,0.03,479.7,0.02,1506.7,0.07,6.21,0.08,92.22,0.09,87.5,0.1,415.49,0.11,356.39,0.01,0.01,2373.39772,1776166576000
1776166578.162,78.162,0.93,2.42,0.92,133.22,0.91,87.5,0.9,415.49,0.89,361.39,0.94,229.34,0.95,278.0,0.96,231.8,0.97,479.7,0.98,1306.7,0.06,229.34,0.05,278.0,0.04,231.8,0.03,479.7,0.02,1306.7,0.07,2.42,0.08,133.22,0.09,87.5,0.1,415.49,0.11,361.39,0.01,0.01,2373.42852,1776166577000
1776166579.191,79.191,0.93,2.42,0.92,133.22,0.91,87.5,0.9,415.49,0.89,361.39,0.94,229.34,0.95,278.0,0.96,231.8,0.97,479.7,0.98,1306.7,0.06,229.34,0.05,278.0,0.04,231.8,0.03,479.7,0.02,1306.7,0.07,2.42,0.08,133.22,0.09,87.5,0.1,415.49,0.11,361.39,0.01,0.01,2373.446785,1776166578000
1776166580.214,80.214,0.93,2.42,0.92,133.22,0.91,87.5,0.9,415.49,0.89,361.39,0.94,229.34,0.95,278.0,0.96,231.8,0.97,479.7,0.98,1306.7,0.06,229.34,0.05,278.0,0.04,231.8,0.03,479.7,0.02,1306.7,0.07,2.42,0.08,133.22,0.09,87.5,0.1,415.49,0.11,361.39,0.01,0.01,2373.410125,1776166579000
1776166581.328,81.328,0.93,2.42,0.92,133.22,0.91,87.5,0.9,415.49,0.89,361.39,0.94,229.34,0.95,278.0,0.96,231.8,0.97,479.7,0.98,1306.7,0.06,229.34,0.05,278.0,0.04,231.8,0.03,479.7,0.02,1306.7,0.07,2.42,0.08,133.22,0.09,87.5,0.1,415.49,0.11,361.39,0.01,0.01,2373.41318,1776166580000
1776166582.342,82.342,0.93,2.42,0.92,133.22,0.91,87.5,0.9,415.49,0.89,361.39,0.94,229.34,0.95,278.0,0.96,231.8,0.97,479.7,0.98,1306.7,0.06,229.34,0.05,278.0,0.04,231.8,0.03,479.7,0.02,1306.7,0.07,2.42,0.08,133.22,0.09,87.5,0.1,415.49,0.11,361.39,0.01,0.01,2373.426095,1776166581000
1776166583.364,83.364,0.93,2.42,0.92,133.22,0.91,87.5,0.9,415.49,0.89,361.39,0.94,229.34,0.95,278.0,0.96,231.8,0.97,479.7,0.98,1306.7,0.06,229.34,0.05,278.0,0.04,231.8,0.03,479.7,0.02,1306.7,0.07,2.42,0.08,133.22,0.09,87.5,0.1,415.49,0.11,361.39,0.01,0.01,2373.43481,1776166582000
1776166584.345,84.345,0.92,338.86,0.91,171.5,0.9,504.49,0.89,403.31,0.88,388.6,0.95,52.92,0.96,108.0,0.97,449.7,0.98,801.7,0.99,8955.32,0.06,229.34,0.05,278.0,0.04,231.8,0.03,479.7,0.02,1306.7,0.07,2.42,0.08,133.22,0.09,87.5,0.1,415.49,0.11,361.39,0.03,0.01,2373.43481,1776166582000
1776166584.839,84.839,0.92,336.1,0.91,171.5,0.9,487.49,0.89,437.31,0.88,393.6,0.95,93.12,0.96,356.0,0.97,849.7,0.98,806.7,0.99,8960.32,0.06,42.0,0.05,93.12,0.04,356.0,0.03,849.7,0.02,806.7,0.07,15.71,0.08,348.86,0.09,171.5,0.1,509.49,0.11,408.31,0.03,0.01,2373.43481,1776166582000
1776166585.326,85.326,0.93,20.0,0.92,346.1,0.91,161.5,0.9,517.49,0.89,433.31,0.94,26.93,0.95,255.12,0.96,113.0,0.97,454.7,0.98,806.7,0.05,93.12,0.04,356.0,0.03,849.7,0.02,806.7,0.01,8960.32,0.08,336.1,0.09,171.5,0.1,487.49,0.11,437.31,0.12,393.6,0.01,0.03,2373.397405,1776166583000
1776166585.56,85.56,0.93,20.0,0.92,346.1,0.91,161.5,0.9,517.49,0.89,433.31,0.94,26.93,0.95,255.12,0.96,113.0,0.97,454.7,0.98,806.7,0.06,26.93,0.05,255.12,0.04,113.0,0.03,454.7,0.02,806.7,0.07,20.0,0.08,346.1,0.09,161.5,0.1,517.49,0.11,433.31,0.01,0.01,2373.35115,1776166584000
1776166586.171,86.171,0.93,20.0,0.92,346.1,0.91,161.5,0.9,517.49,0.89,433.31,0.94,26.93,0.95,255.12,0.96,113.0,0.97,454.7,0.98,806.7,0.06,26.93,0.05,255.12,0.04,113.0,0.03,454.7,0.02,806.7,0.07,20.0,0.08,346.1,0.09,161.5,0.1,517.49,0.11,433.31,0.01,0.01,2373.3312,1776166585000
1776166587.345,87.345,0.93,20.0,0.92,346.1,0.91,161.5,0.9,517.49,0.89,433.31,0.94,26.93,0.95,255.12,0.96,113.0,0.97,454.7,0.98,806.7,0.06,26.93,0.05,255.12,0.04,113.0,0.03,454.7,0.02,806.7,0.07,20.0,0.08,346.1,0.09,161.5,0.1,517.49,0.11,433.31,0.01,0.01,2373.3312,1776166586000
1776166588.326,88.326,0.93,20.0,0.92,346.1,0.91,161.5,0.9,517.49,0.89,433.31,0.94,26.93,0.95,255.12,0.96,113.0,0.97,454.7,0.98,806.7,0.06,26.93,0.05,255.12,0.04,113.0,0.03,454.7,0.02,806.7,0.07,20.0,0.08,346.1,0.09,161.5,0.1,517.49,0.11,433.31,0.01,0.01,2373.3312,1776166587000
1776166588.596,88.596,0.92,326.1,0.91,168.5,0.9,499.49,0.89,433.31,0.88,368.6,0.94,10.0,0.95,248.12,0.96,350.0,0.97,454.7,0.98,1181.7,0.06,26.93,0.05,255.12,0.04,113.0,0.03,454.7,0.02,806.7,0.07,20.0,0.08,346.1,0.09,161.5,0.1,517.49,0.11,433.31,0.02,0.01,2373.3312,1776166587000
1776166589.338,89.338,0.92,326.1,0.91,168.5,0.9,499.49,0.89,433.31,0.88,368.6,0.94,10.0,0.95,248.12,0.96,350.0,0.97,454.7,0.98,1181.7,0.06,10.0,0.05,248.12,0.04,350.0,0.03,454.7,0.02,1181.7,0.08,326.1,0.09,168.5,0.1,499.49,0.11,433.31,0.12,368.6,0.02,0.02,2373.3312,1776166588000
1776166589.83,89.83,0.92,326.1,0.91,168.5,0.9,499.49,0.89,433.31,0.88,368.6,0.94,10.0,0.95,248.12,0.96,350.0,0.97,454.7,0.98,1181.7,0.06,10.0,0.05,248.12,0.04,350.0,0.03,454.7,0.02,1181.7,0.08,326.1,0.09,168.5,0.1,499.49,0.11,433.31,0.12,368.6,0.02,0.02,2373.3312,1776166589000
1776166591.096,91.096,0.92,326.1,0.91,168.5,0.9,499.49,0.89,433.31,0.88,368.6,0.94,10.0,0.95,248.12,0.96,350.0,0.97,454.7,0.98,1181.7,0.06,10.0,0.05,248.12,0.04,350.0,0.03,454.7,0.02,1181.7,0.08,326.1,0.09,168.5,0.1,499.49,0.11,433.31,0.12,368.6,0.02,0.02,2373.32605,1776166590000
1776166592.117,92.117,0.92,326.1,0.91,168.5,0.9,499.49,0.89,433.31,0.88,368.6,0.94,10.0,0.95,248.12,0.96,350.0,0.97,454.7,0.98,1181.7,0.06,10.0,0.05,248.12,0.04,350.0,0.03,454.7,0.02,1181.7,0.08,326.1,0.09,168.5,0.1,499.49,0.11,433.31,0.12,368.6,0.02,0.02,2373.32605,1776166591000
1776166592.55,92.55,0.93,82.42,0.92,336.1,0.91,168.5,0.9,408.05,0.89,433.31,0.94,176.0,0.95,253.12,0.96,113.0,0.97,454.7,0.98,1281.7,0.06,10.0,0.05,248.12,0.04,350.0,0.03,454.7,0.02,1181.7,0.08,326.1,0.09,168.5,0.1,499.49,0.11,433.31,0.12,368.6,0.01,0.02,2373.32605,1776166591000
1776166593.261,93.261,0.93,64.98,0.92,336.1,0.91,168.5,0.9,408.05,0.89,433.31,0.94,176.0,0.95,253.12,0.96,113.0,0.97,454.7,0.98,1281.7,0.06,176.0,0.05,253.12,0.04,113.0,0.03,454.7,0.02,1281.7,0.07,64.98,0.08,336.1,0.09,168.5,0.1,408.05,0.11,433.31,0.01,0.01,2373.32605,1776166592000
1776166593.578,93.578,0.92,100.73,0.91,25.0,0.9,187.31,0.89,195.52,0.88,226.81,0.93,912.0,0.94,341.0,0.95,145.2,0.96,310.0,0.97,634.7,0.06,176.0,0.05,253.12,0.04,113.0,0.03,454.7,0.02,1281.7,0.07,64.98,0.08,336.1,0.09,168.5,0.1,408.05,0.11,433.31,0.01,0.01,2373.32605,1776166592000
1776166594.29,94.29,0.91,25.0,0.9,153.0,0.89,195.52,0.88,211.5,0.87,193.68,0.93,912.0,0.94,341.0,0.95,145.2,0.96,310.0,0.97,634.7,0.07,912.0,0.06,341.0,0.05,145.2,0.04,310.0,0.03,634.7,0.09,25.0,0.1,153.0,0.11,195.52,0.12,211.5,0.13,193.68,0.02,0.02,2373.32605,1776166593000
1776166595.444,95.444,0.91,25.0,0.9,153.0,0.89,195.52,0.88,211.5,0.87,193.68,0.93,912.0,0.94,341.0,0.95,145.2,0.96,310.0,0.97,634.7,0.07,912.0,0.06,341.0,0.05,145.2,0.04,310.0,0.03,634.7,0.09,25.0,0.1,153.0,0.11,195.52,0.12,211.5,0.13,193.68,0.02,0.02,2373.188591,1776166594000
1776166595.825,95.825,0.9,131.78,0.89,238.02,0.88,151.5,0.87,58.0,0.86,199.99,0.91,287.0,0.92,225.0,0.93,657.0,0.94,208.0,0.95,246.0,0.09,282.0,0.08,225.0,0.07,715.0,0.06,150.0,0.05,246.0,0.1,551.53,0.11,320.25,0.12,151.5,0.13,58.0,0.14,199.99,0.01,0.01,2373.188591,1776166594000
1776166596.429,96.429,0.9,1077.6,0.89,412.48,0.88,151.5,0.87,58.0,0.86,423.97,0.91,220.7,0.92,225.0,0.93,657.0,0.94,208.0,0.95,246.0,0.09,287.0,0.08,225.0,0.07,657.0,0.06,208.0,0.05,246.0,0.1,131.78,0.11,238.02,0.12,151.5,0.13,58.0,0.14,199.99,0.01,0.01,2373.10007,1776166595000
1776166596.654,96.654,0.9,613.45,0.89,325.25,0.88,151.5,0.87,58.0,0.86,423.97,0.91,212.67,0.92,225.0,0.93,657.0,0.94,208.0,0.95,246.0,0.09,219.6,0.08,225.0,0.07,657.0,0.06,208.0,0.05,246.0,0.1,1077.6,0.11,412.48,0.12,151.5,0.13,58.0,0.14,423.97,0.01,0.01,2373.10007,1776166595000
1776166597.052,97.052,0.9,613.45,0.89,325.25,0.88,151.5,0.87,58.0,0.86,423.97,0.91,203.54,0.92,225.0,0.93,657.0,0.94,208.0,0.95,246.0,0.09,203.54,0.08,225.0,0.07,657.0,0.06,208.0,0.05,246.0,0.1,613.45,0.11,325.25,0.12,151.5,0.13,58.0,0.14,423.97,0.01,0.01,2372.85735,1776166596000
1776166597.622,97.622,0.9,235.32,0.89,185.02,0.88,157.5,0.87,497.98,0.86,407.97,0.91,108.79,0.92,137.5,0.93,657.0,0.94,264.0,0.95,455.0,0.09,203.54,0.08,225.0,0.07,657.0,0.06,208.0,0.05,246.0,0.1,613.45,0.11,325.25,0.12,151.5,0.13,58.0,0.14,423.97,0.01,0.01,2372.85735,1776166596000
1776166598.177,98.177,0.9,235.32,0.89,185.02,0.88,157.5,0.87,497.98,0.86,407.97,0.91,108.79,0.92,137.5,0.93,657.0,0.94,264.0,0.95,455.0,0.09,108.79,0.08,137.5,0.07,657.0,0.06,264.0,0.05,455.0,0.1,235.32,0.11,185.02,0.12,157.5,0.13,497.98,0.14,407.97,0.01,0.01,2372.808729,1776166597000
1776166598.719,98.719,0.9,125.32,0.89,191.02,0.88,157.5,0.87,77.0,0.86,809.09,0.91,118.79,0.92,137.5,0.93,657.0,0.94,302.0,0.95,461.0,0.09,108.79,0.08,137.5,0.07,657.0,0.06,264.0,0.05,455.0,0.1,235.32,0.11,185.02,0.12,157.5,0.13,497.98,0.14,407.97,0.01,0.01,2372.808729,1776166597000
1776166599.006,99.006,0.9,125.32,0.89,191.02,0.88,157.5,0.87,77.0,0.86,809.09,0.91,118.79,0.92,137.5,0.93,657.0,0.94,302.0,0.95,461.0,0.09,118.79,0.08,137.5,0.07,657.0,0.06,302.0,0.05,461.0,0.1,125.32,0.11,191.02,0.12,157.5,0.13,77.0,0.14,809.09,0.01,0.01,2372.82589,1776166598000
1776166599.682,99.682,0.9,255.29,0.89,201.52,0.88,157.5,0.87,486.99,0.86,437.87,0.91,100.35,0.92,137.5,0.93,657.0,0.94,302.0,0.95,461.0,0.09,118.79,0.08,137.5,0.07,657.0,0.06,302.0,0.05,461.0,0.1,125.32,0.11,191.02,0.12,157.5,0.13,77.0,0.14,809.09,0.01,0.01,2372.82589,1776166598000
1776166599.983,99.983,0.9,250.29,0.89,201.52,0.88,157.5,0.87,486.99,0.86,437.87,0.91,21.23,0.92,137.5,0.93,657.0,0.94,302.0,0.95,461.0,0.09,21.23,0.08,137.5,0.07,657.0,0.06,302.0,0.05,461.0,0.1,250.29,0.11,201.52,0.12,157.5,0.13,486.99,0.14,437.87,0.01,0.01,2372.832615,1776166599000
1776166600.273,100.273,0.9,240.29,0.89,201.52,0.88,157.5,0.87,599.99,0.86,537.87,0.91,5.0,0.92,37.5,0.93,557.0,0.94,202.0,0.95,361.0,0.09,21.23,0.08,137.5,0.07,657.0,0.06,302.0,0.05,461.0,0.1,250.29,0.11,201.52,0.12,157.5,0.13,486.99,0.14,437.87,0.01,0.01,2372.832615,1776166599000
1776166601.079,101.079,0.9,240.29,0.89,201.52,0.88,157.5,0.87,599.99,0.86,537.87,0.91,5.0,0.92,37.5,0.93,557.0,0.94,202.0,0.95,361.0,0.09,5.0,0.08,37.5,0.07,557.0,0.06,202.0,0.05,361.0,0.1,240.29,0.11,201.52,0.12,157.5,0.13,599.99,0.14,537.87,0.01,0.01,2372.84473,1776166600000
1776166601.995,101.995,0.9,240.29,0.89,201.52,0.88,157.5,0.87,599.99,0.86,537.87,0.91,5.0,0.92,37.5,0.93,557.0,0.94,202.0,0.95,361.0,0.09,5.0,0.08,37.5,0.07,557.0,0.06,202.0,0.05,361.0,0.1,240.29,0.11,201.52,0.12,157.5,0.13,599.99,0.14,537.87,0.01,0.01,2372.86196,1776166601000
1776166602.937,102.937,0.9,240.29,0.89,201.52,0.88,157.5,0.87,599.99,0.86,537.87,0.91,5.0,0.92,37.5,0.93,557.0,0.94,202.0,0.95,361.0,0.09,5.0,0.08,37.5,0.07,557.0,0.06,202.0,0.05,361.0,0.1,240.29,0.11,201.52,0.12,157.5,0.13,599.99,0.14,537.87,0.01,0.01,2372.866725,1776166602000
1776166603.892,103.892,0.91,156.29,0.9,128.54,0.89,195.52,0.88,157.5,0.87,618.99,0.92,8.9,0.93,557.0,0.94,152.0,0.95,355.0,0.96,328.8,0.08,38.58,0.07,557.0,0.06,176.0,0.05,355.0,0.04,328.8,0.09,10.0,0.1,270.29,0.11,195.52,0.12,157.5,0.13,618.99,0.01,0.01,2372.866725,1776166602000
1776166604.137,104.137,0.91,161.29,0.9,128.54,0.89,190.52,0.88,157.5,0.87,618.99,0.92,15.49,0.93,557.0,0.94,152.0,0.95,355.0,0.96,328.8,0.08,8.9,0.07,557.0,0.06,152.0,0.05,355.0,0.04,328.8,0.09,156.29,0.1,128.54,0.11,195.52,0.12,157.5,0.13,618.99,0.01,0.01,2372.907395,1776166603000
1776166604.606,104.606,0.91,28.88,0.9,134.54,0.89,197.52,0.88,157.5,0.87,611.99,0.92,15.49,0.93,550.0,0.94,159.0,0.95,279.2,0.96,334.8,0.08,15.49,0.07,557.0,0.06,152.0,0.05,355.0,0.04,328.8,0.09,161.29,0.1,128.54,0.11,190.52,0.12,157.5,0.13,618.99,0.01,0.01,2372.907395,1776166603000
1776166604.837,104.837,0.91,88.56,0.9,134.54,0.89,202.52,0.88,157.5,0.87,628.99,0.92,25.49,0.93,550.0,0.94,147.0,0.95,279.2,0.96,334.8,0.08,15.49,0.07,550.0,0.06,159.0,0.05,279.2,0.04,334.8,0.09,28.88,0.1,134.54,0.11,197.52,0.12,157.5,0.13,611.99,0.01,0.01,2372.907395,1776166603000
1776166605.103,105.103,0.91,93.56,0.9,134.54,0.89,197.52,0.88,182.5,0.87,202.87,0.92,20.49,0.93,550.0,0.94,147.0,0.95,279.2,0.96,334.8,0.08,25.49,0.07,550.0,0.06,147.0,0.05,279.2,0.04,334.8,0.09,88.56,0.1,134.54,0.11,202.52,0.12,157.5,0.13,628.99,0.01,0.01,2372.902865,1776166604000
1776166605.387,105.387,0.91,113.56,0.9,124.54,0.89,197.52,0.88,191.37,0.87,234.67,0.92,10.49,0.93,550.0,0.94,147.0,0.95,279.2,0.96,334.8,0.08,15.49,0.07,550.0,0.06,147.0,0.05,279.2,0.04,334.8,0.09,103.56,0.1,124.54,0.11,197.52,0.12,182.5,0.13,635.79,0.01,0.01,2372.902865,1776166604000
1776166606.133,106.133,0.91,75.52,0.9,129.54,0.89,197.52,0.88,582.49,0.87,234.67,0.92,10.49,0.93,550.0,0.94,147.0,0.95,279.2,0.96,334.8,0.08,10.49,0.07,550.0,0.06,147.0,0.05,279.2,0.04,334.8,0.09,113.56,0.1,124.54,0.11,197.52,0.12,191.37,0.13,234.67,0.01,0.01,2372.902865,1776166604000
1776166606.335,106.335,0.91,75.52,0.9,129.54,0.89,197.52,0.88,582.49,0.87,234.67,0.92,10.49,0.93,550.0,0.94,147.0,0.95,279.2,0.96,334.8,0.08,10.49,0.07,550.0,0.06,147.0,0.05,279.2,0.04,334.8,0.09,75.52,0.1,129.54,0.11,197.52,0.12,582.49,0.13,234.67,0.01,0.01,2372.89038,1776166605000
1776166606.687,106.687,0.91,68.29,0.9,124.54,0.89,207.52,0.88,582.49,0.87,234.67,0.92,10.49,0.93,525.0,0.94,136.0,0.95,279.2,0.96,334.8,0.08,10.49,0.07,550.0,0.06,147.0,0.05,279.2,0.04,334.8,0.09,75.52,0.1,129.54,0.11,197.52,0.12,582.49,0.13,234.67,0.01,0.01,2372.89038,1776166605000
1776166607.256,107.256,0.91,68.29,0.9,124.54,0.89,207.52,0.88,582.49,0.87,234.67,0.92,10.49,0.93,525.0,0.94,136.0,0.95,279.2,0.96,334.8,0.08,10.49,0.07,525.0,0.06,136.0,0.05,279.2,0.04,334.8,0.09,68.29,0.1,124.54,0.11,207.52,0.12,582.49,0.13,234.67,0.01,0.01,2372.890385,1776166606000
1776166607.885,107.885,0.91,61.06,0.9,124.54,0.89,307.52,0.88,695.49,0.87,259.67,0.92,20.81,0.93,525.0,0.94,111.0,0.95,279.2,0.96,274.8,0.08,0.81,0.07,525.0,0.06,111.0,0.05,279.2,0.04,274.8,0.09,68.29,0.1,124.54,0.11,307.52,0.12,695.49,0.13,234.67,0.01,0.01,2372.890385,1776166606000
1776166608.229,108.229,0.91,61.06,0.9,124.54,0.89,307.52,0.88,695.49,0.87,259.67,0.92,20.81,0.93,525.0,0.94,111.0,0.95,279.2,0.96,274.8,0.08,20.81,0.07,525.0,0.06,111.0,0.05,279.2,0.04,274.8,0.09,61.06,0.1,124.54,0.11,307.52,0.12,695.49,0.13,259.67,0.01,0.01,2372.890665,1776166607000
1776166608.493,108.493,0.91,171.06,0.9,224.54,0.89,332.52,0.88,956.47,0.87,289.67,0.92,5.0,0.93,525.0,0.94,100.0,0.95,254.2,0.96,249.8,0.08,20.81,0.07,525.0,0.06,111.0,0.05,279.2,0.04,274.8,0.09,61.06,0.1,124.54,0.11,307.52,0.12,695.49,0.13,259.67,0.01,0.01,2372.890665,1776166607000
1776166608.711,108.711,0.91,267.58,0.9,224.54,0.89,332.52,0.88,956.47,0.87,289.67,0.93,525.0,0.94,90.0,0.95,254.2,0.96,542.8,0.97,553.7,0.08,5.0,0.07,525.0,0.06,100.0,0.05,254.2,0.04,249.8,0.09,171.06,0.1,224.54,0.11,332.52,0.12,956.47,0.13,289.67,0.02,0.01,2372.890665,1776166607000
1776166609.294,109.294,0.91,267.58,0.9,224.54,0.89,332.52,0.88,956.47,0.87,289.67,0.93,525.0,0.94,90.0,0.95,254.2,0.96,542.8,0.97,553.7,0.07,525.0,0.06,90.0,0.05,254.2,0.04,542.8,0.03,553.7,0.09,267.58,0.1,224.54,0.11,332.52,0.12,956.47,0.13,289.67,0.02,0.02,2372.888525,1776166608000
1776166609.533,109.533,0.91,257.58,0.9,234.54,0.89,332.52,0.88,931.47,0.87,314.67,0.92,23.8,0.93,525.0,0.94,95.0,0.95,254.2,0.96,249.8,0.07,525.0,0.06,90.0,0.05,254.2,0.04,542.8,0.03,553.7,0.09,267.58,0.1,224.54,0.11,332.52,0.12,956.47,0.13,289.67,0.01,0.02,2372.888525,1776166608000
1776166610.339,110.339,0.91,257.58,0.9,234.54,0.89,332.52,0.88,956.47,0.87,289.67,0.92,22.6,0.93,525.0,0.94,95.0,0.95,254.2,0.96,249.8,0.08,22.6,0.07,525.0,0.06,95.0,0.05,254.2,0.04,249.8,0.09,257.58,0.1,234.54,0.11,332.52,0.12,956.47,0.13,289.67,0.01,0.01,2372.875105,1776166609000
1776166611.383,111.383,0.91,284.52,0.9,264.55,0.89,754.51,0.88,587.35,0.87,206.8,0.92,3.67,0.93,525.0,0.94,32.0,0.95,258.2,0.96,492.8,0.08,22.6,0.07,525.0,0.06,95.0,0.05,254.2,0.04,249.8,0.09,257.58,0.1,234.54,0.11,332.52,0.12,956.47,0.13,289.67,0.01,0.01,2372.875105,1776166609000
1776166611.826,111.826,0.92,144.78,0.91,279.52,0.9,188.04,0.89,754.51,0.88,621.45,0.93,509.48,0.94,32.0,0.95,258.2,0.96,492.8,0.97,553.7,0.07,515.48,0.06,32.0,0.05,258.2,0.04,492.8,0.03,553.7,0.09,284.52,0.1,264.55,0.11,754.51,0.12,587.35,0.13,206.8,0.01,0.02,2372.875105,1776166609000
1776166612.087,112.087,0.92,144.78,0.91,279.52,0.9,183.04,0.89,754.51,0.88,621.45,0.93,504.48,0.94,32.0,0.95,258.2,0.96,492.8,0.97,553.7,0.07,504.48,0.06,32.0,0.05,258.2,0.04,492.8,0.03,553.7,0.08,144.78,0.09,279.52,0.1,188.04,0.11,754.51,0.12,621.45,0.01,0.01,2372.86987,1776166610000
1776166612.407,112.407,0.92,144.78,0.91,279.52,0.9,183.04,0.89,754.51,0.88,621.45,0.93,504.48,0.94,32.0,0.95,258.2,0.96,492.8,0.97,553.7,0.07,504.48,0.06,32.0,0.05,258.2,0.04,492.8,0.03,553.7,0.08,144.78,0.09,279.52,0.1,183.04,0.11,754.51,0.12,621.45,0.01,0.01,2372.856045,1776166611000
1776166613.487,113.487,0.92,154.78,0.91,279.52,0.9,183.04,0.89,754.51,0.88,626.45,0.93,492.48,0.94,32.0,0.95,258.2,0.96,492.8,0.97,553.7,0.07,492.48,0.06,32.0,0.05,258.2,0.04,492.8,0.03,553.7,0.08,154.78,0.09,279.52,0.1,183.04,0.11,754.51,0.12,626.45,0.01,0.01,2372.927235,1776166612000
1776166614.157,114.157,0.92,154.78,0.91,279.52,0.9,190.04,0.89,755.51,0.88,619.45,0.93,9.0,0.94,25.0,0.95,265.2,0.96,492.8,0.97,548.7,0.07,9.0,0.06,25.0,0.05,265.2,0.04,492.8,0.03,548.7,0.08,154.78,0.09,279.52,0.1,190.04,0.11,755.51,0.12,619.45,0.01,0.01,2372.9053,1776166613000
1776166615.377,115.377,0.92,120.0,0.91,279.52,0.9,219.5,0.89,745.51,0.88,619.45,0.93,7.68,0.94,25.0,0.95,265.2,0.96,492.8,0.97,548.7,0.07,9.0,0.06,25.0,0.05,265.2,0.04,492.8,0.03,548.7,0.08,154.78,0.09,279.52,0.1,190.04,0.11,755.51,0.12,619.45,0.01,0.01,2372.9053,1776166613000
1776166616.268,116.268,0.92,120.0,0.91,279.52,0.9,219.5,0.89,745.51,0.88,619.45,0.93,7.68,0.94,25.0,0.95,265.2,0.96,492.8,0.97,548.7,0.07,7.68,0.06,25.0,0.05,265.2,0.04,492.8,0.03,548.7,0.08,120.0,0.09,279.52,0.1,219.5,0.11,745.51,0.12,619.45,0.01,0.01,2372.91567,1776166615000
1776166617.449,117.449,0.92,101.25,0.91,279.52,0.9,219.5,0.89,756.51,0.88,619.45,0.93,7.68,0.94,25.0,0.95,265.2,0.96,492.8,0.97,548.7,0.07,7.68,0.06,25.0,0.05,265.2,0.04,492.8,0.03,548.7,0.08,101.25,0.09,279.52,0.1,219.5,0.11,756.51,0.12,619.45,0.01,0.01,2372.904995,1776166616000
1776166618.13,118.13,0.92,101.25,0.91,279.52,0.9,219.5,0.89,756.51,0.88,619.45,0.93,7.68,0.94,25.0,0.95,265.2,0.96,492.8,0.97,548.7,0.07,7.68,0.06,25.0,0.05,265.2,0.04,492.8,0.03,548.7,0.08,101.25,0.09,279.52,0.1,219.5,0.11,756.51,0.12,619.45,0.01,0.01,2372.904995,1776166617000
1776166619.327,119.327,0.92,101.25,0.91,279.52,0.9,219.5,0.89,756.51,0.88,619.45,0.93,7.68,0.94,25.0,0.95,265.2,0.96,492.8,0.97,548.7,0.07,7.68,0.06,25.0,0.05,265.2,0.04,492.8,0.03,548.7,0.08,101.25,0.09,279.52,0.1,219.5,0.11,756.51,0.12,619.45,0.01,0.01,2372.924755,1776166618000
1776166619.978,119.978,0.92,101.25,0.91,279.52,0.9,219.5,0.89,756.51,0.88,619.45,0.93,7.68,0.94,25.0,0.95,265.2,0.96,492.8,0.97,548.7,0.07,7.68,0.06,25.0,0.05,265.2,0.04,492.8,0.03,548.7,0.08,101.25,0.09,279.52,0.1,219.5,0.11,756.51,0.12,619.45,0.01,0.01,2372.924755,1776166619000
1776166621.254,121.254,0.92,101.25,0.91,279.52,0.9,219.5,0.89,756.51,0.88,619.45,0.93,7.68,0.94,25.0,0.95,265.2,0.96,492.8,0.97,548.7,0.07,7.68,0.06,25.0,0.05,265.2,0.04,492.8,0.03,548.7,0.08,101.25,0.09,279.52,0.1,219.5,0.11,756.51,0.12,619.45,0.01,0.01,2372.90525,1776166620000
1776166621.475,121.475,0.95,616.51,0.92,106.25,0.91,299.52,0.9,436.48,0.89,787.51,0.96,461.8,0.97,448.7,0.98,1281.7,0.99,7991.32,,,0.07,21.12,0.06,25.0,0.05,223.2,0.04,461.8,0.03,448.7,0.08,101.25,0.09,299.52,0.1,436.48,0.11,787.51,0.12,370.47,0.01,0.01,2372.90525,1776166620000
1776166621.756,121.756,0.95,592.91,0.94,105.0,0.93,110.0,0.92,126.25,0.91,310.52,0.96,473.8,0.97,892.7,0.98,1281.7,0.99,7890.32,,,0.04,461.8,0.03,448.7,0.02,1281.7,0.01,7991.32,,,0.05,616.51,0.08,106.25,0.09,299.52,0.1,436.48,0.11,787.51,0.01,0.01,2372.90525,1776166620000
1776166622.427,122.427,0.95,575.91,0.94,115.0,0.93,110.0,0.92,238.59,0.91,252.52,0.96,536.8,0.97,892.7,0.98,1281.7,0.99,7890.32,,,0.04,473.8,0.03,892.7,0.02,1281.7,0.01,7890.32,,,0.05,592.91,0.06,105.0,0.07,110.0,0.08,126.25,0.09,310.52,0.01,0.01,2372.90525,1776166620000
1776166623.223,123.223,0.95,575.91,0.94,115.0,0.93,168.0,0.92,180.59,0.91,252.52,0.96,490.8,0.97,892.7,0.98,1281.7,0.99,7890.32,,,0.04,490.8,0.03,892.7,0.02,1281.7,0.01,7890.32,,,0.05,575.91,0.06,115.0,0.07,168.0,0.08,180.59,0.09,252.52,0.01,0.01,2372.866975,1776166622000
1776166624.554,124.554,0.95,575.91,0.94,115.0,0.93,168.0,0.92,180.59,0.91,252.52,0.96,490.8,0.97,892.7,0.98,1281.7,0.99,7890.32,,,0.04,490.8,0.03,892.7,0.02,1281.7,0.01,7890.32,,,0.05,575.91,0.06,115.0,0.07,168.0,0.08,180.59,0.09,252.52,0.01,0.01,2372.86977,1776166623000
1776166625.328,125.328,0.95,575.91,0.94,115.0,0.93,168.0,0.92,180.59,0.91,252.52,0.96,490.8,0.97,892.7,0.98,1281.7,0.99,7890.32,,,0.04,490.8,0.03,892.7,0.02,1281.7,0.01,7890.32,,,0.05,575.91,0.06,115.0,0.07,168.0,0.08,180.59,0.09,252.52,0.01,0.01,2372.909305,1776166624000
1776166625.85,125.85,0.95,818.91,0.94,150.0,0.93,211.5,0.92,660.08,0.91,485.39,0.96,12.0,0.97,832.7,0.98,1207.7,0.99,7965.32,,,0.04,490.8,0.03,892.7,0.02,1281.7,0.01,7890.32,,,0.05,575.91,0.06,115.0,0.07,168.0,0.08,180.59,0.09,252.52,0.01,0.01,2372.909305,1776166624000
1776166626.189,126.189,0.95,818.91,0.94,150.0,0.93,211.5,0.92,660.08,0.91,485.39,0.96,12.0,0.97,832.7,0.98,1207.7,0.99,7965.32,,,0.04,12.0,0.03,832.7,0.02,1207.7,0.01,7965.32,,,0.05,818.91,0.06,150.0,0.07,211.5,0.08,660.08,0.09,485.39,0.01,0.01,2372.91761,1776166625000
1776166626.613,126.613,0.95,919.91,0.94,210.5,0.93,166.5,0.92,748.08,0.91,457.39,0.96,1.0,0.97,605.0,0.98,1224.7,0.99,7965.32,,,0.04,12.0,0.03,832.7,0.02,1207.7,0.01,7965.32,,,0.05,818.91,0.06,150.0,0.07,211.5,0.08,660.08,0.09,485.39,0.01,0.01,2372.91761,1776166625000
1776166626.815,126.815,0.95,930.91,0.94,190.5,0.93,628.49,0.92,316.96,0.91,375.52,0.97,519.0,0.98,1224.7,0.99,7965.32,,,,,0.04,1.0,0.03,605.0,0.02,1224.7,0.01,7965.32,,,0.05,919.91,0.06,210.5,0.07,166.5,0.08,748.08,0.09,457.39,0.02,0.01,2372.91761,1776166625000
1776166627.182,127.182,0.96,268.39,0.95,897.91,0.94,185.5,0.93,628.49,0.92,365.86,0.97,524.0,0.98,1224.7,0.99,7971.32,,,,,0.03,519.0,0.02,1224.7,0.01,7965.32,,,,,0.05,930.91,0.06,190.5,0.07,628.49,0.08,316.96,0.09,375.52,0.01,0.02,2372.91761,1776166625000
1776166627.527,127.527,0.96,250.89,0.95,902.91,0.94,180.5,0.93,641.49,0.92,370.86,0.97,519.0,0.98,1624.7,0.99,7971.32,,,,,0.03,514.0,0.02,1224.7,0.01,7971.32,,,,,0.04,268.39,0.05,902.91,0.06,180.5,0.07,641.49,0.08,365.86,0.01,0.01,2372.915425,1776166626000
1776166627.991,127.991,0.96,250.89,0.95,902.91,0.94,180.5,0.93,641.49,0.92,370.86,0.97,516.93,0.98,1224.7,0.99,7971.32,,,,,0.03,516.93,0.02,1224.7,0.01,7971.32,,,,,0.04,250.89,0.05,902.91,0.06,180.5,0.07,641.49,0.08,370.86,0.01,0.01,2373.05,1776166627000
1776166628.544,128.544,0.96,255.89,0.95,902.91,0.94,180.5,0.93,664.79,0.92,488.86,0.97,474.82,0.98,1224.7,0.99,7971.32,,,,,0.03,516.93,0.02,1224.7,0.01,7971.32,,,,,0.04,250.89,0.05,902.91,0.06,180.5,0.07,641.49,0.08,370.86,0.01,0.01,2373.05,1776166627000
1776166629.087,129.087,0.96,255.89,0.95,902.91,0.94,180.5,0.93,664.79,0.92,488.86,0.97,474.82,0.98,1224.7,0.99,7971.32,,,,,0.03,474.82,0.02,1224.7,0.01,7971.32,,,,,0.04,255.89,0.05,902.91,0.06,180.5,0.07,664.79,0.08,488.86,0.01,0.01,2373.31294,1776166628000
1776166630.791,130.791,0.96,255.89,0.95,902.91,0.94,180.5,0.93,664.79,0.92,488.86,0.97,474.82,0.98,1224.7,0.99,7971.32,,,,,0.03,474.82,0.02,1224.7,0.01,7971.32,,,,,0.04,255.89,0.05,902.91,0.06,180.5,0.07,664.79,0.08,488.86,0.01,0.01,2373.31744,1776166629000
1776166631.528,131.528,0.96,255.89,0.95,902.91,0.94,180.5,0.93,664.79,0.92,488.86,0.97,474.82,0.98,1224.7,0.99,7971.32,,,,,0.03,474.82,0.02,1224.7,0.01,7971.32,,,,,0.04,255.89,0.05,902.91,0.06,180.5,0.07,664.79,0.08,488.86,0.01,0.01,2373.385735,1776166630000
1776166632.398,132.398,0.96,255.89,0.95,902.91,0.94,180.5,0.93,664.79,0.92,488.86,0.97,474.82,0.98,1224.7,0.99,7971.32,,,,,0.03,474.82,0.02,1224.7,0.01,7971.32,,,,,0.04,255.89,0.05,902.91,0.06,180.5,0.07,664.79,0.08,488.86,0.01,0.01,2373.313195,1776166631000
1776166632.774,132.774,0.96,305.89,0.95,739.91,0.94,180.5,0.93,741.79,0.92,404.52,0.97,360.16,0.98,1224.7,0.99,8281.32,,,,,0.03,474.82,0.02,1224.7,0.01,7971.32,,,,,0.04,255.89,0.05,902.91,0.06,180.5,0.07,664.79,0.08,488.86,0.01,0.01,2373.313195,1776166631000
1776166632.981,132.981,0.96,305.89,0.95,739.91,0.94,180.5,0.93,741.79,0.92,404.52,0.97,360.16,0.98,1224.7,0.99,8281.32,,,,,0.03,360.16,0.02,1224.7,0.01,8281.32,,,,,0.04,305.89,0.05,739.91,0.06,180.5,0.07,741.79,0.08,404.52,0.01,0.01,2373.318705,1776166632000
1776166634.544,134.544,0.96,305.89,0.95,739.91,0.94,180.5,0.93,741.79,0.92,404.52,0.97,360.16,0.98,1224.7,0.99,8281.32,,,,,0.03,360.16,0.02,1224.7,0.01,8281.32,,,,,0.04,305.89,0.05,739.91,0.06,180.5,0.07,741.79,0.08,404.52,0.01,0.01,2373.24963,1776166633000
1776166635.251,135.251,0.96,305.89,0.95,739.91,0.94,180.5,0.93,741.79,0.92,404.52,0.97,360.16,0.98,1224.7,0.99,8281.32,,,,,0.03,360.16,0.02,1224.7,0.01,8281.32,,,,,0.04,305.89,0.05,739.91,0.06,180.5,0.07,741.79,0.08,404.52,0.01,0.01,2373.379895,1776166634000
1776166635.67,135.67,0.96,354.39,0.95,1434.2,0.94,314.17,0.93,220.8,0.92,311.15,0.97,242.81,0.98,456.0,0.99,8834.32,,,,,0.03,354.47,0.02,1010.7,0.01,10052.32,,,,,0.04,177.89,0.05,808.91,0.06,234.3,0.07,741.79,0.08,404.52,0.01,0.01,2373.379895,1776166634000
1776166636.03,136.03,0.96,442.59,0.95,1464.2,0.94,314.17,0.93,225.8,0.92,306.15,0.97,256.47,0.98,456.0,0.99,8834.32,,,,,0.03,232.81,0.02,456.0,0.01,8834.32,,,,,0.04,348.89,0.05,1434.2,0.06,314.17,0.07,220.8,0.08,311.15,0.01,0.01,2373.379895,1776166634000
1776166636.754,136.754,0.96,447.59,0.95,1464.2,0.94,314.17,0.93,225.8,0.92,306.15,0.97,246.47,0.98,456.0,0.99,8834.32,,,,,0.03,246.47,0.02,456.0,0.01,8834.32,,,,,0.04,447.59,0.05,1464.2,0.06,314.17,0.07,225.8,0.08,306.15,0.01,0.01,2373.512439,1776166635000
1776166637.258,137.258,0.96,367.59,0.95,910.29,0.94,314.17,0.93,225.8,0.92,306.15,0.97,251.47,0.98,456.0,0.99,8840.32,,,,,0.03,246.47,0.02,456.0,0.01,8834.32,,,,,0.04,447.59,0.05,1464.2,0.06,314.17,0.07,225.8,0.08,306.15,0.01,0.01,2373.512439,1776166635000
1776166638.29,138.29,0.96,367.59,0.95,910.29,0.94,314.17,0.93,225.8,0.92,306.15,0.97,251.47,0.98,456.0,0.99,8840.32,,,,,0.03,251.47,0.02,456.0,0.01,8840.32,,,,,0.04,367.59,0.05,910.29,0.06,314.17,0.07,225.8,0.08,306.15,0.01,0.01,2373.961555,1776166637000
1776166638.624,138.624,0.96,439.9,0.95,941.69,0.94,752.3,0.93,225.8,0.92,306.15,0.97,237.28,0.98,456.0,0.99,9240.32,,,,,0.03,251.47,0.02,456.0,0.01,8840.32,,,,,0.04,367.59,0.05,910.29,0.06,314.17,0.07,225.8,0.08,306.15,0.01,0.01,2373.961555,1776166637000
1776166639.088,139.088,0.96,968.89,0.95,508.57,0.94,624.3,0.93,231.8,0.92,300.15,0.97,193.62,0.98,456.0,0.99,8998.32,,,,,0.03,237.28,0.02,456.0,0.01,9240.32,,,,,0.04,439.9,0.05,941.69,0.06,752.3,0.07,225.8,0.08,306.15,0.01,0.01,2373.961555,1776166637000
1776166639.432,139.432,0.96,445.9,0.95,1023.69,0.94,658.3,0.93,231.8,0.92,300.15,0.97,231.24,0.98,456.0,0.99,8998.32,,,,,0.03,193.62,0.02,456.0,0.01,8998.32,,,,,0.04,968.89,0.05,508.57,0.06,624.3,0.07,231.8,0.08,300.15,0.01,0.01,2373.961555,1776166637000
1776166639.802,139.802,0.96,445.9,0.95,1023.69,0.94,658.3,0.93,231.8,0.92,300.15,0.97,221.24,0.98,456.0,0.99,8998.32,,,,,0.03,221.24,0.02,456.0,0.01,8998.32,,,,,0.04,445.9,0.05,1023.69,0.06,658.3,0.07,231.8,0.08,300.15,0.01,0.01,2373.91807,1776166638000
1776166640.542,140.542,0.96,1025.89,0.95,508.57,0.94,724.3,0.93,331.8,0.92,300.15,0.97,214.17,0.98,456.0,0.99,9198.32,,,,,0.03,221.24,0.02,456.0,0.01,8998.32,,,,,0.04,445.9,0.05,1023.69,0.06,658.3,0.07,231.8,0.08,300.15,0.01,0.01,2373.91807,1776166638000
1776166641.346,141.346,0.96,1025.89,0.95,508.57,0.94,724.3,0.93,331.8,0.92,300.15,0.97,214.17,0.98,456.0,0.99,9198.32,,,,,0.03,214.17,0.02,456.0,0.01,9198.32,,,,,0.04,1025.89,0.05,508.57,0.06,724.3,0.07,331.8,0.08,300.15,0.01,0.01,2373.964835,1776166640000
1776166641.659,141.659,0.97,816.98,0.96,885.52,0.95,707.3,0.94,329.3,0.93,226.8,0.98,385.28,0.99,8114.72,,,,,,,0.02,456.0,0.01,8011.72,,,,,,,0.03,361.98,0.04,1023.39,0.05,908.57,0.06,229.3,0.07,226.8,0.01,0.01,2373.964835,1776166640000
1776166642.099,142.099,0.97,816.98,0.96,885.52,0.95,707.3,0.94,329.3,0.93,226.8,0.98,385.28,0.99,8114.72,,,,,,,0.02,385.28,0.01,8114.72,,,,,,,0.03,816.98,0.04,885.52,0.05,707.3,0.06,329.3,0.07,226.8,0.01,0.01,2374.040975,1776166641000
1776166642.583,142.583,0.97,1105.42,0.96,1028.39,0.95,702.3,0.94,354.3,0.93,226.8,0.98,435.78,0.99,7661.72,,,,,,,0.02,385.28,0.01,8114.72,,,,,,,0.03,816.98,0.04,885.52,0.05,707.3,0.06,329.3,0.07,226.8,0.01,0.01,2374.040975,1776166641000
1776166643.295,143.295,0.97,1323.39,0.96,513.27,0.95,402.3,0.94,254.3,0.93,226.8,0.98,435.78,0.99,7761.72,,,,,,,0.02,435.78,0.01,7661.72,,,,,,,0.03,1105.42,0.04,1028.39,0.05,702.3,0.06,354.3,0.07,226.8,0.01,0.01,2374.040975,1776166641000
1776166643.609,143.609,0.97,1306.95,0.96,513.27,0.95,402.3,0.94,254.3,0.93,226.8,0.98,359.28,0.99,2719.72,,,,,,,0.02,359.28,0.01,7761.72,,,,,,,0.03,1328.39,0.04,513.27,0.05,402.3,0.06,254.3,0.07,226.8,0.01,0.01,2374.040975,1776166641000
1776166644.251,144.251,0.97,1309.95,0.96,513.27,0.95,402.3,0.94,259.3,0.93,450.78,0.98,356.31,0.99,2590.72,,,,,,,0.02,359.28,0.01,2719.72,,,,,,,0.03,1306.95,0.04,513.27,0.05,402.3,0.06,254.3,0.07,226.8,0.01,0.01,2374.058805,1776166642000
1776166644.515,144.515,0.97,1309.95,0.96,502.77,0.95,402.3,0.94,259.3,0.93,450.78,0.98,356.22,0.99,2590.72,,,,,,,0.02,356.22,0.01,2590.72,,,,,,,0.03,1309.95,0.04,502.77,0.05,402.3,0.06,259.3,0.07,450.78,0.01,0.01,2374.257165,1776166643000
1776166644.755,144.755,0.97,1304.95,0.96,502.77,0.95,402.3,0.94,359.3,0.93,450.78,0.98,337.08,0.99,2590.72,,,,,,,0.02,352.64,0.01,2590.72,,,,,,,0.03,1304.95,0.04,502.77,0.05,402.3,0.06,259.3,0.07,450.78,0.01,0.01,2374.257165,1776166643000
1776166645.208,145.208,0.97,1304.95,0.96,502.77,0.95,402.3,0.94,259.3,0.93,450.78,0.98,301.08,0.99,2590.72,,,,,,,0.02,301.08,0.01,2590.72,,,,,,,0.03,1304.95,0.04,502.77,0.05,402.3,0.06,259.3,0.07,450.78,0.01,0.01,2374.32964,1776166644000
1776166646.423,146.423,0.97,1298.61,0.96,474.4,0.95,402.3,0.94,259.3,0.93,450.78,0.98,301.08,0.99,2457.72,,,,,,,0.02,301.08,0.01,2590.72,,,,,,,0.03,1304.95,0.04,502.77,0.05,402.3,0.06,259.3,0.07,450.78,0.01,0.01,2374.32964,1776166644000
1776166646.72,146.72,0.97,1298.61,0.96,474.4,0.95,402.3,0.94,259.3,0.93,450.78,0.98,301.08,0.99,2457.72,,,,,,,0.02,301.08,0.01,2457.72,,,,,,,0.03,1298.61,0.04,474.4,0.05,402.3,0.06,259.3,0.07,450.78,0.01,0.01,2374.34831,1776166645000
1776166647.288,147.288,0.97,1212.92,0.96,463.9,0.95,402.3,0.94,259.3,0.93,450.78,0.98,264.17,0.99,2350.72,,,,,,,0.02,280.66,0.01,2365.72,,,,,,,0.03,1212.92,0.04,463.9,0.05,402.3,0.06,259.3,0.07,450.78,0.01,0.01,2374.34831,1776166645000
1776166647.505,147.505,0.97,1212.92,0.96,463.9,0.95,402.3,0.94,259.3,0.93,450.78,0.98,252.51,0.99,2350.72,,,,,,,0.02,264.17,0.01,2350.72,,,,,,,0.03,1212.92,0.04,463.9,0.05,402.3,0.06,259.3,0.07,450.78,0.01,0.01,2374.34831,1776166645000
1776166648.585,148.585,0.97,1298.92,0.96,381.9,0.95,702.3,0.94,259.3,0.93,450.78,0.98,240.65,0.99,2312.72,,,,,,,0.02,252.51,0.01,2350.72,,,,,,,0.03,1212.92,0.04,463.9,0.05,402.3,0.06,259.3,0.07,450.78,0.01,0.01,2374.349165,1776166646000
1776166649.362,149.362,0.97,1298.92,0.96,381.9,0.95,702.3,0.94,259.3,0.93,450.78,0.98,240.65,0.99,2312.72,,,,,,,0.02,240.65,0.01,2312.72,,,,,,,0.03,1298.92,0.04,381.9,0.05,702.3,0.06,259.3,0.07,450.78,0.01,0.01,2374.344415,1776166648000
1776166650.208,150.208,0.97,1298.92,0.96,381.9,0.95,702.3,0.94,259.3,0.93,450.78,0.98,240.65,0.99,2312.72,,,,,,,0.02,240.65,0.01,2312.72,,,,,,,0.03,1298.92,0.04,381.9,0.05,702.3,0.06,259.3,0.07,450.78,0.01,0.01,2374.344085,1776166649000
1776166651.0,151.0,0.97,1510.21,0.96,379.9,0.95,502.3,0.94,259.3,0.93,450.78,0.98,237.61,0.99,2319.72,,,,,,,0.02,240.65,0.01,2312.72,,,,,,,0.03,1298.92,0.04,381.9,0.05,702.3,0.06,259.3,0.07,450.78,0.01,0.01,2374.344085,1776166649000
1776166651.345,151.345,0.97,1510.21,0.96,379.9,0.95,402.3,0.94,259.3,0.93,450.78,0.98,231.52,0.99,2019.72,,,,,,,0.02,231.52,0.01,2019.72,,,,,,,0.03,1510.21,0.04,379.9,0.05,402.3,0.06,259.3,0.07,450.78,0.01,0.01,2374.3648,1776166650000
1776166651.943,151.943,0.97,1510.21,0.96,379.9,0.95,402.3,0.94,259.3,0.93,450.78,0.98,231.52,0.99,2019.72,,,,,,,0.02,231.52,0.01,2019.72,,,,,,,0.03,1510.21,0.04,379.9,0.05,402.3,0.06,259.3,0.07,450.78,0.01,0.01,2374.36464,1776166651000
1776166652.199,152.199,0.97,1463.21,0.96,404.9,0.95,902.3,0.94,259.3,0.93,450.78,0.98,236.46,0.99,2019.72,,,,,,,0.02,231.52,0.01,2019.72,,,,,,,0.03,1510.21,0.04,379.9,0.05,402.3,0.06,259.3,0.07,450.78,0.01,0.01,2374.36464,1776166651000
1776166652.94,152.94,0.97,1463.21,0.96,404.9,0.95,902.3,0.94,259.3,0.93,450.78,0.98,236.46,0.99,2019.72,,,,,,,0.02,236.46,0.01,2019.72,,,,,,,0.03,1463.21,0.04,404.9,0.05,902.3,0.06,259.3,0.07,450.78,0.01,0.01,2374.376965,1776166652000
1776166653.298,153.298,0.97,1403.99,0.96,404.9,0.95,308.3,0.94,259.3,0.93,444.78,0.98,225.43,0.99,2097.45,,,,,,,0.02,236.46,0.01,2019.72,,,,,,,0.03,1463.21,0.04,404.9,0.05,902.3,0.06,259.3,0.07,450.78,0.01,0.01,2374.376965,1776166652000
1776166653.699,153.699,0.97,1403.99,0.96,399.9,0.95,308.3,0.94,259.3,0.93,444.78,0.98,212.56,0.99,2097.45,,,,,,,0.02,225.43,0.01,2097.45,,,,,,,0.03,1403.99,0.04,404.9,0.05,308.3,0.06,259.3,0.07,444.78,0.01,0.01,2374.376965,1776166652000
1776166653.911,153.911,0.97,1403.99,0.96,399.9,0.95,308.3,0.94,259.3,0.93,444.78,0.98,212.56,0.99,2097.45,,,,,,,0.02,212.56,0.01,2097.45,,,,,,,0.03,1403.99,0.04,399.9,0.05,308.3,0.06,259.3,0.07,444.78,0.01,0.01,2374.380815,1776166653000
1776166655.006,155.006,0.97,1403.99,0.96,399.9,0.95,308.3,0.94,259.3,0.93,444.78,0.98,212.56,0.99,2097.45,,,,,,,0.02,212.56,0.01,2097.45,,,,,,,0.03,1403.99,0.04,399.9,0.05,308.3,0.06,259.3,0.07,444.78,0.01,0.01,2374.332645,1776166654000
1776166655.591,155.591,0.97,1398.99,0.96,390.9,0.95,908.3,0.94,259.3,0.93,220.8,0.98,197.25,0.99,2097.45,,,,,,,0.02,212.56,0.01,2097.45,,,,,,,0.03,1403.99,0.04,399.9,0.05,308.3,0.06,259.3,0.07,444.78,0.01,0.01,2374.332645,1776166654000
1776166655.954,155.954,0.97,1398.99,0.96,390.9,0.95,908.3,0.94,259.3,0.93,220.8,0.98,197.25,0.99,2097.45,,,,,,,0.02,197.25,0.01,2097.45,,,,,,,0.03,1398.99,0.04,390.9,0.05,908.3,0.06,259.3,0.07,220.8,0.01,0.01,2374.335295,1776166655000
1776166657.041,157.041,0.97,1398.99,0.96,390.9,0.95,908.3,0.94,259.3,0.93,220.8,0.98,197.25,0.99,2097.45,,,,,,,0.02,197.25,0.01,2097.45,,,,,,,0.03,1398.99,0.04,390.9,0.05,908.3,0.06,259.3,0.07,220.8,0.01,0.01,2374.338525,1776166656000
1776166657.885,157.885,0.97,1403.99,0.96,368.9,0.95,937.28,0.94,259.3,0.93,215.8,0.98,181.94,0.99,2097.45,,,,,,,0.02,197.25,0.01,2097.45,,,,,,,0.03,1398.99,0.04,390.9,0.05,908.3,0.06,259.3,0.07,220.8,0.01,0.01,2374.338525,1776166656000
1776166658.122,158.122,0.97,1403.99,0.96,368.9,0.95,937.28,0.94,259.3,0.93,215.8,0.98,181.94,0.99,2097.45,,,,,,,0.02,181.94,0.01,2097.45,,,,,,,0.03,1403.99,0.04,368.9,0.05,937.28,0.06,259.3,0.07,215.8,0.01,0.01,2374.34678,1776166657000
1776166659.122,159.122,0.97,1403.99,0.96,368.9,0.95,937.28,0.94,259.3,0.93,215.8,0.98,54.94,0.99,2097.45,,,,,,,0.02,54.94,0.01,2097.45,,,,,,,0.03,1403.99,0.04,368.9,0.05,937.28,0.06,259.3,0.07,215.8,0.01,0.01,2374.34559,1776166658000
1776166660.177,160.177,0.97,1403.99,0.96,368.9,0.95,937.28,0.94,259.3,0.93,215.8,0.98,54.94,0.99,2097.45,,,,,,,0.02,54.94,0.01,2097.45,,,,,,,0.03,1403.99,0.04,368.9,0.05,937.28,0.06,259.3,0.07,215.8,0.01,0.01,2374.33979,1776166659000
1776166661.058,161.058,0.97,1599.29,0.96,350.1,0.95,1031.28,0.94,259.3,0.93,215.8,0.98,52.89,0.99,2090.45,,,,,,,0.02,54.94,0.01,2097.45,,,,,,,0.03,1403.99,0.04,368.9,0.05,937.28,0.06,259.3,0.07,215.8,0.01,0.01,2374.33979,1776166659000
1776166661.965,161.965,0.97,1619.29,0.96,350.1,0.95,931.28,0.94,259.3,0.93,215.8,0.98,44.85,0.99,2090.45,,,,,,,0.02,42.89,0.01,2090.45,,,,,,,0.03,1604.29,0.04,350.1,0.05,1031.28,0.06,259.3,0.07,215.8,0.01,0.01,2374.33035,1776166660000
1776166662.343,162.343,0.97,1619.29,0.96,350.1,0.95,931.28,0.94,259.3,0.93,215.8,0.98,44.85,0.99,2090.45,,,,,,,0.02,44.85,0.01,2090.45,,,,,,,0.03,1619.29,0.04,350.1,0.05,931.28,0.06,259.3,0.07,215.8,0.01,0.01,2374.314125,1776166661000
1776166662.938,162.938,0.98,298.7,0.97,1426.99,0.96,345.1,0.95,531.28,0.94,259.3,0.99,2241.43,,,,,,,,,0.02,44.85,0.01,2090.45,,,,,,,0.03,1619.29,0.04,350.1,0.05,931.28,0.06,259.3,0.07,215.8,0.01,0.01,2374.314125,1776166661000
1776166663.244,163.244,0.98,400.7,0.97,1426.99,0.96,374.1,0.95,531.28,0.94,259.3,0.99,2234.4,,,,,,,,,0.01,2241.43,,,,,,,,,0.02,298.7,0.03,1426.99,0.04,345.1,0.05,531.28,0.06,259.3,0.01,0.01,2374.30964,1776166662000
1776166664.043,164.043,0.98,397.7,0.97,1426.99,0.96,363.1,0.95,531.28,0.94,259.3,0.99,2239.4,,,,,,,,,0.01,2239.4,,,,,,,,,0.02,397.7,0.03,1426.99,0.04,363.1,0.05,531.28,0.06,259.3,0.01,0.01,2374.33284,1776166663000
1776166664.409,164.409,0.98,397.7,0.97,1426.99,0.96,350.1,0.95,531.28,0.94,259.3,0.99,2069.35,,,,,,,,,0.01,2239.4,,,,,,,,,0.02,397.7,0.03,1426.99,0.04,363.1,0.05,531.28,0.06,259.3,0.01,0.01,2374.33284,1776166663000
1776166664.663,164.663,0.98,397.7,0.97,1426.99,0.96,350.1,0.95,531.28,0.94,259.3,0.99,2066.74,,,,,,,,,0.01,2068.23,,,,,,,,,0.02,397.7,0.03,1426.99,0.04,350.1,0.05,531.28,0.06,259.3,0.01,0.01,2374.33284,1776166663000
1776166665.129,165.129,0.98,397.7,0.97,1426.99,0.96,350.1,0.95,531.28,0.94,259.3,0.99,2069.71,,,,,,,,,0.01,2069.71,,,,,,,,,0.02,397.7,0.03,1426.99,0.04,350.1,0.05,531.28,0.06,259.3,0.01,0.01,2374.294795,1776166664000
1776166666.216,166.216,0.98,397.7,0.97,1426.99,0.96,350.1,0.95,531.28,0.94,259.3,0.99,2069.71,,,,,,,,,0.01,2069.71,,,,,,,,,0.02,397.7,0.03,1426.99,0.04,350.1,0.05,531.28,0.06,259.3,0.01,0.01,2374.270146,1776166665000
1776166667.297,167.297,0.98,397.7,0.97,1426.99,0.96,350.1,0.95,531.28,0.94,259.3,0.99,2069.71,,,,,,,,,0.01,2069.71,,,,,,,,,0.02,397.7,0.03,1426.99,0.04,350.1,0.05,531.28,0.06,259.3,0.01,0.01,2374.351047,1776166666000
1776166668.379,168.379,0.98,397.7,0.97,1426.99,0.96,350.1,0.95,531.28,0.94,259.3,0.99,2069.71,,,,,,,,,0.01,2069.71,,,,,,,,,0.02,397.7,0.03,1426.99,0.04,350.1,0.05,531.28,0.06,259.3,0.01,0.01,2374.28107,1776166667000
1776166668.89,168.89,0.98,397.7,0.97,1426.99,0.96,350.1,0.95,531.28,0.94,259.3,0.99,2069.71,,,,,,,,,0.01,2069.71,,,,,,,,,0.02,397.7,0.03,1426.99,0.04,350.1,0.05,531.28,0.06,259.3,0.01,0.01,2374.288475,1776166668000
1776166670.147,170.147,0.98,397.7,0.97,1426.99,0.96,350.1,0.95,531.28,0.94,259.3,0.99,2069.71,,,,,,,,,0.01,2069.71,,,,,,,,,0.02,397.7,0.03,1426.99,0.04,350.1,0.05,531.28,0.06,259.3,0.01,0.01,2374.29243,1776166669000
1776166671.214,171.214,0.98,397.7,0.97,1426.99,0.96,350.1,0.95,531.28,0.94,259.3,0.99,2069.71,,,,,,,,,0.01,2069.71,,,,,,,,,0.02,397.7,0.03,1426.99,0.04,350.1,0.05,531.28,0.06,259.3,0.01,0.01,2374.29751,1776166670000
1776166672.24,172.24,0.98,397.7,0.97,1426.99,0.96,350.1,0.95,531.28,0.94,259.3,0.99,2069.71,,,,,,,,,0.01,2069.71,,,,,,,,,0.02,397.7,0.03,1426.99,0.04,350.1,0.05,531.28,0.06,259.3,0.01,0.01,2374.288615,1776166671000
1776166672.887,172.887,0.98,397.7,0.97,1426.99,0.96,350.1,0.95,531.28,0.94,259.3,0.99,2069.71,,,,,,,,,0.01,2069.71,,,,,,,,,0.02,397.7,0.03,1426.99,0.04,350.1,0.05,531.28,0.06,259.3,0.01,0.01,2374.26045,1776166672000
1776166673.364,173.364,0.98,377.45,0.97,1017.16,0.96,668.27,0.95,261.3,0.94,234.3,0.99,2000.71,,,,,,,,,0.01,2069.71,,,,,,,,,0.02,397.7,0.03,1426.99,0.04,350.1,0.05,531.28,0.06,259.3,0.01,0.01,2374.26045,1776166672000
1776166673.978,173.978,0.98,377.45,0.97,1017.16,0.96,668.27,0.95,261.3,0.94,234.3,0.99,2000.71,,,,,,,,,0.01,2000.71,,,,,,,,,0.02,377.45,0.03,1017.16,0.04,668.27,0.05,261.3,0.06,234.3,0.01,0.01,2374.24628,1776166673000
1776166675.095,175.095,0.98,377.45,0.97,1017.16,0.96,668.27,0.95,261.3,0.94,234.3,0.99,2000.71,,,,,,,,,0.01,2000.71,,,,,,,,,0.02,377.45,0.03,1017.16,0.04,668.27,0.05,261.3,0.06,234.3,0.01,0.01,2374.242635,1776166674000
1776166676.697,176.697,0.98,377.45,0.97,1017.16,0.96,668.27,0.95,261.3,0.94,234.3,0.99,2000.71,,,,,,,,,0.01,2000.71,,,,,,,,,0.02,377.45,0.03,1017.16,0.04,668.27,0.05,261.3,0.06,234.3,0.01,0.01,2374.235815,1776166675000
1776166677.09,177.09,0.98,377.45,0.97,1017.16,0.96,668.27,0.95,261.3,0.94,234.3,0.99,2000.71,,,,,,,,,0.01,2000.71,,,,,,,,,0.02,377.45,0.03,1017.16,0.04,668.27,0.05,261.3,0.06,234.3,0.01,0.01,2374.250175,1776166676000
1776166677.502,177.502,0.99,529.29,0.98,611.49,0.97,1049.31,0.96,663.07,0.95,261.3,,,,,,,,,,,0.01,2000.71,,,,,,,,,0.02,377.45,0.03,1017.16,0.04,668.27,0.05,261.3,0.06,234.3,,0.01,2374.250175,1776166676000
1776166678.042,178.042,0.99,529.29,0.98,611.49,0.97,1049.31,0.96,663.07,0.95,261.3,,,,,,,,,,,,,,,,,,,,,0.01,529.29,0.02,611.49,0.03,1049.31,0.04,663.07,0.05,261.3,,,2374.294901,1776166677000
1776166678.5,178.5,0.99,799.94,0.98,962.63,0.97,541.19,0.96,563.07,0.95,261.3,,,,,,,,,,,,,,,,,,,,,0.01,529.29,0.02,611.49,0.03,1049.31,0.04,663.07,0.05,261.3,,,2374.294901,1776166677000
1776166678.924,178.924,0.99,709.89,0.98,972.63,0.97,536.19,0.96,557.07,0.95,261.3,,,,,,,,,,,,,,,,,,,,,0.01,799.94,0.02,962.63,0.03,541.19,0.04,563.07,0.05,261.3,,,2374.294901,1776166677000
1776166679.43,179.43,0.99,716.86,0.98,983.63,0.97,605.32,0.96,273.09,0.95,261.3,,,,,,,,,,,,,,,,,,,,,0.01,708.78,0.02,972.63,0.03,536.19,0.04,497.07,0.05,261.3,,,2374.294399,1776166678000
1776166679.947,179.947,0.99,716.86,0.98,983.63,0.97,605.32,0.96,273.09,0.95,261.3,,,,,,,,,,,,,,,,,,,,,0.01,716.86,0.02,983.63,0.03,605.32,0.04,273.09,0.05,261.3,,,2374.29495,1776166679000
1776166680.917,180.917,0.99,716.86,0.98,983.63,0.97,605.32,0.96,273.09,0.95,261.3,,,,,,,,,,,,,,,,,,,,,0.01,716.86,0.02,983.63,0.03,605.32,0.04,273.09,0.05,261.3,,,2374.30312,1776166680000
1776166681.878,181.878,0.99,716.86,0.98,983.63,0.97,605.32,0.96,273.09,0.95,261.3,,,,,,,,,,,,,,,,,,,,,0.01,716.86,0.02,983.63,0.03,605.32,0.04,273.09,0.05,261.3,,,2374.30839,1776166681000
1776166682.865,182.865,0.99,716.86,0.98,983.63,0.97,605.32,0.96,273.09,0.95,261.3,,,,,,,,,,,,,,,,,,,,,0.01,716.86,0.02,983.63,0.03,605.32,0.04,273.09,0.05,261.3,,,2374.32246,1776166682000
1776166683.426,183.426,0.99,1099.2,0.98,1851.31,0.97,575.32,0.96,272.09,0.95,266.3,,,,,,,,,,,,,,,,,,,,,0.01,716.86,0.02,983.63,0.03,605.32,0.04,273.09,0.05,261.3,,,2374.32246,1776166682000
1776166683.896,183.896,0.99,1099.2,0.98,1851.31,0.97,575.32,0.96,272.09,0.95,266.3,,,,,,,,,,,,,,,,,,,,,0.01,1099.2,0.02,1851.31,0.03,575.32,0.04,272.09,0.05,266.3,,,2374.308055,1776166683000
1776166685.26,185.26,0.99,1099.2,0.98,1851.31,0.97,575.32,0.96,272.09,0.95,266.3,,,,,,,,,,,,,,,,,,,,,0.01,1099.2,0.02,1851.31,0.03,575.32,0.04,272.09,0.05,266.3,,,2374.42146,1776166684000
1776166686.144,186.144,0.99,1099.2,0.98,1851.31,0.97,575.32,0.96,272.09,0.95,266.3,,,,,,,,,,,,,,,,,,,,,0.01,1099.2,0.02,1851.31,0.03,575.32,0.04,272.09,0.05,266.3,,,2374.45627,1776166685000
1776166687.158,187.158,0.99,1099.2,0.98,1851.31,0.97,575.32,0.96,272.09,0.95,266.3,,,,,,,,,,,,,,,,,,,,,0.01,1099.2,0.02,1851.31,0.03,575.32,0.04,272.09,0.05,266.3,,,2374.451285,1776166686000
1776166688.145,188.145,0.99,1099.2,0.98,1851.31,0.97,575.32,0.96,272.09,0.95,266.3,,,,,,,,,,,,,,,,,,,,,0.01,1099.2,0.02,1851.31,0.03,575.32,0.04,272.09,0.05,266.3,,,2374.49744,1776166687000
1776166689.689,189.689,0.99,1099.2,0.98,1851.31,0.97,575.32,0.96,272.09,0.95,266.3,,,,,,,,,,,,,,,,,,,,,0.01,1099.2,0.02,1851.31,0.03,575.32,0.04,272.09,0.05,266.3,,,2374.64624,1776166688000
1776166690.349,190.349,0.99,1099.2,0.98,1851.31,0.97,575.32,0.96,272.09,0.95,266.3,,,,,,,,,,,,,,,,,,,,,0.01,1099.2,0.02,1851.31,0.03,575.32,0.04,272.09,0.05,266.3,,,2374.69124,1776166689000
1776166691.492,191.492,0.99,1099.2,0.98,1851.31,0.97,575.32,0.96,272.09,0.95,266.3,,,,,,,,,,,,,,,,,,,,,0.01,1099.2,0.02,1851.31,0.03,575.32,0.04,272.09,0.05,266.3,,,2374.79441,1776166690000
1776166692.025,192.025,0.99,1099.2,0.98,1851.31,0.97,575.32,0.96,272.09,0.95,266.3,,,,,,,,,,,,,,,,,,,,,0.01,1099.2,0.02,1851.31,0.03,575.32,0.04,272.09,0.05,266.3,,,2374.71929,1776166691000
1776166693.219,193.219,0.99,1099.2,0.98,1851.31,0.97,575.32,0.96,272.09,0.95,266.3,,,,,,,,,,,,,,,,,,,,,0.01,1099.2,0.02,1851.31,0.03,575.32,0.04,272.09,0.05,266.3,,,2374.55261,1776166692000
1776166695.111,195.111,0.99,1099.2,0.98,1851.31,0.97,575.32,0.96,272.09,0.95,266.3,,,,,,,,,,,,,,,,,,,,,0.01,1099.2,0.02,1851.31,0.03,575.32,0.04,272.09,0.05,266.3,,,2374.67769,1776166694000
1776166696.34,196.34,0.99,1099.2,0.98,1851.31,0.97,575.32,0.96,272.09,0.95,266.3,,,,,,,,,,,,,,,,,,,,,0.01,1099.2,0.02,1851.31,0.03,575.32,0.04,272.09,0.05,266.3,,,2374.767595,1776166695000
1776166696.967,196.967,0.99,1099.2,0.98,1851.31,0.97,575.32,0.96,272.09,0.95,266.3,,,,,,,,,,,,,,,,,,,,,0.01,1099.2,0.02,1851.31,0.03,575.32,0.04,272.09,0.05,266.3,,,2374.882469,1776166696000
1776166698.382,198.382,0.99,1099.2,0.98,1851.31,0.97,575.32,0.96,272.09,0.95,266.3,,,,,,,,,,,,,,,,,,,,,0.01,1099.2,0.02,1851.31,0.03,575.32,0.04,272.09,0.05,266.3,,,2374.86636,1776166697000
1776166699.454,199.454,0.99,1099.2,0.98,1851.31,0.97,575.32,0.96,272.09,0.95,266.3,,,,,,,,,,,,,,,,,,,,,0.01,1099.2,0.02,1851.31,0.03,575.32,0.04,272.09,0.05,266.3,,,2374.86609,1776166698000
1776166700.113,200.113,0.99,1099.2,0.98,1851.31,0.97,575.32,0.96,272.09,0.95,266.3,,,,,,,,,,,,,,,,,,,,,0.01,1099.2,0.02,1851.31,0.03,575.32,0.04,272.09,0.05,266.3,,,2374.860595,1776166699000
1776166701.362,201.362,0.99,1099.2,0.98,1851.31,0.97,575.32,0.96,272.09,0.95,266.3,,,,,,,,,,,,,,,,,,,,,0.01,1099.2,0.02,1851.31,0.03,575.32,0.04,272.09,0.05,266.3,,,2374.86674,1776166700000
1776166702.085,202.085,0.99,1099.2,0.98,1851.31,0.97,575.32,0.96,272.09,0.95,266.3,,,,,,,,,,,,,,,,,,,,,0.01,1099.2,0.02,1851.31,0.03,575.32,0.04,272.09,0.05,266.3,,,2374.895955,1776166701000
1776166703.42,203.42,0.99,1099.2,0.98,1851.31,0.97,575.32,0.96,272.09,0.95,266.3,,,,,,,,,,,,,,,,,,,,,0.01,1099.2,0.02,1851.31,0.03,575.32,0.04,272.09,0.05,266.3,,,2375.059015,1776166702000
1776166703.992,203.992,0.99,1099.2,0.98,1851.31,0.97,575.32,0.96,272.09,0.95,266.3,,,,,,,,,,,,,,,,,,,,,0.01,1099.2,0.02,1851.31,0.03,575.32,0.04,272.09,0.05,266.3,,,2375.062915,1776166703000
1776166705.221,205.221,0.99,1099.2,0.98,1851.31,0.97,575.32,0.96,272.09,0.95,266.3,,,,,,,,,,,,,,,,,,,,,0.01,1099.2,0.02,1851.31,0.03,575.32,0.04,272.09,0.05,266.3,,,2375.086965,1776166704000
1776166706.188,206.188,0.99,1099.2,0.98,1851.31,0.97,575.32,0.96,272.09,0.95,266.3,,,,,,,,,,,,,,,,,,,,,0.01,1099.2,0.02,1851.31,0.03,575.32,0.04,272.09,0.05,266.3,,,2375.042955,1776166705000
1776166707.115,207.115,0.99,1099.2,0.98,1851.31,0.97,575.32,0.96,272.09,0.95,266.3,,,,,,,,,,,,,,,,,,,,,0.01,1099.2,0.02,1851.31,0.03,575.32,0.04,272.09,0.05,266.3,,,2375.023315,1776166706000
1776166708.137,208.137,0.99,1099.2,0.98,1851.31,0.97,575.32,0.96,272.09,0.95,266.3,,,,,,,,,,,,,,,,,,,,,0.01,1099.2,0.02,1851.31,0.03,575.32,0.04,272.09,0.05,266.3,,,2375.018315,1776166707000
1776166709.098,209.098,0.99,1099.2,0.98,1851.31,0.97,575.32,0.96,272.09,0.95,266.3,,,,,,,,,,,,,,,,,,,,,0.01,1099.2,0.02,1851.31,0.03,575.32,0.04,272.09,0.05,266.3,,,2374.8892,1776166708000
1776166709.983,209.983,0.99,1099.2,0.98,1851.31,0.97,575.32,0.96,272.09,0.95,266.3,,,,,,,,,,,,,,,,,,,,,0.01,1099.2,0.02,1851.31,0.03,575.32,0.04,272.09,0.05,266.3,,,2374.862005,1776166709000
1776166710.957,210.957,0.99,1099.2,0.98,1851.31,0.97,575.32,0.96,272.09,0.95,266.3,,,,,,,,,,,,,,,,,,,,,0.01,1099.2,0.02,1851.31,0.03,575.32,0.04,272.09,0.05,266.3,,,2374.867219,1776166710000
1776166711.917,211.917,0.99,1099.2,0.98,1851.31,0.97,575.32,0.96,272.09,0.95,266.3,,,,,,,,,,,,,,,,,,,,,0.01,1099.2,0.02,1851.31,0.03,575.32,0.04,272.09,0.05,266.3,,,2374.8554,1776166711000
1776166712.9,212.9,0.99,1099.2,0.98,1851.31,0.97,575.32,0.96,272.09,0.95,266.3,,,,,,,,,,,,,,,,,,,,,0.01,1099.2,0.02,1851.31,0.03,575.32,0.04,272.09,0.05,266.3,,,2374.74659,1776166712000
1776166713.881,213.881,0.99,1099.2,0.98,1851.31,0.97,575.32,0.96,272.09,0.95,266.3,,,,,,,,,,,,,,,,,,,,,0.01,1099.2,0.02,1851.31,0.03,575.32,0.04,272.09,0.05,266.3,,,2374.64905,1776166713000
1776166715.352,215.352,0.99,1099.2,0.98,1851.31,0.97,575.32,0.96,272.09,0.95,266.3,,,,,,,,,,,,,,,,,,,,,0.01,1099.2,0.02,1851.31,0.03,575.32,0.04,272.09,0.05,266.3,,,2374.604675,1776166714000
1776166716.246,216.246,0.99,1099.2,0.98,1851.31,0.97,575.32,0.96,272.09,0.95,266.3,,,,,,,,,,,,,,,,,,,,,0.01,1099.2,0.02,1851.31,0.03,575.32,0.04,272.09,0.05,266.3,,,2374.54924,1776166715000
1776166716.601,216.601,0.99,4183.23,0.98,774.41,0.97,868.29,0.96,534.09,0.95,266.3,,,,,,,,,,,,,,,,,,,,,0.01,4185.28,0.02,774.41,0.03,768.29,0.04,454.09,0.05,266.3,,,2374.54924,1776166715000
1776166717.234,217.234,0.99,4183.23,0.98,774.41,0.97,868.29,0.96,534.09,0.95,266.3,,,,,,,,,,,,,,,,,,,,,0.01,4183.23,0.02,774.41,0.03,868.29,0.04,534.09,0.05,266.3,,,2374.57006,1776166716000
1776166718.736,218.736,0.99,4183.23,0.98,774.41,0.97,868.29,0.96,534.09,0.95,266.3,,,,,,,,,,,,,,,,,,,,,0.01,4183.23,0.02,774.41,0.03,868.29,0.04,534.09,0.05,266.3,,,2374.57006,1776166717000
1776166719.286,219.286,0.99,4183.23,0.98,774.41,0.97,868.29,0.96,534.09,0.95,266.3,,,,,,,,,,,,,,,,,,,,,0.01,4183.23,0.02,774.41,0.03,868.29,0.04,534.09,0.05,266.3,,,2374.5483,1776166718000
1776166720.849,220.849,0.99,4183.23,0.98,774.41,0.97,868.29,0.96,534.09,0.95,266.3,,,,,,,,,,,,,,,,,,,,,0.01,4183.23,0.02,774.41,0.03,868.29,0.04,534.09,0.05,266.3,,,2374.5383,1776166719000
1776166721.396,221.396,0.99,4183.23,0.98,774.41,0.97,868.29,0.96,534.09,0.95,266.3,,,,,,,,,,,,,,,,,,,,,0.01,4183.23,0.02,774.41,0.03,868.29,0.04,534.09,0.05,266.3,,,2374.5333,1776166720000
1776166722.044,222.044,0.99,4183.23,0.98,774.41,0.97,868.29,0.96,534.09,0.95,266.3,,,,,,,,,,,,,,,,,,,,,0.01,4183.23,0.02,774.41,0.03,868.29,0.04,534.09,0.05,266.3,,,2374.376451,1776166721000
1776166723.416,223.416,0.99,4183.23,0.98,774.41,0.97,868.29,0.96,534.09,0.95,266.3,,,,,,,,,,,,,,,,,,,,,0.01,4183.23,0.02,774.41,0.03,868.29,0.04,534.09,0.05,266.3,,,2374.40992,1776166722000
1776166723.967,223.967,0.99,4183.23,0.98,774.41,0.97,868.29,0.96,534.09,0.95,266.3,,,,,,,,,,,,,,,,,,,,,0.01,4183.23,0.02,774.41,0.03,868.29,0.04,534.09,0.05,266.3,,,2374.464255,1776166723000
1776166725.07,225.07,0.99,4183.23,0.98,774.41,0.97,868.29,0.96,534.09,0.95,266.3,,,,,,,,,,,,,,,,,,,,,0.01,4183.23,0.02,774.41,0.03,868.29,0.04,534.09,0.05,266.3,,,2374.498945,1776166724000
1776166726.24,226.24,0.99,4183.23,0.98,774.41,0.97,868.29,0.96,534.09,0.95,266.3,,,,,,,,,,,,,,,,,,,,,0.01,4183.23,0.02,774.41,0.03,868.29,0.04,534.09,0.05,266.3,,,2374.51438,1776166725000
1776166727.394,227.394,0.99,4183.23,0.98,774.41,0.97,868.29,0.96,534.09,0.95,266.3,,,,,,,,,,,,,,,,,,,,,0.01,4183.23,0.02,774.41,0.03,868.29,0.04,534.09,0.05,266.3,,,2374.52502,1776166726000
1776166728.053,228.053,0.99,4183.23,0.98,774.41,0.97,868.29,0.96,534.09,0.95,266.3,,,,,,,,,,,,,,,,,,,,,0.01,4183.23,0.02,774.41,0.03,868.29,0.04,534.09,0.05,266.3,,,2374.524065,1776166727000
1776166729.298,229.298,0.99,4183.23,0.98,774.41,0.97,868.29,0.96,534.09,0.95,266.3,,,,,,,,,,,,,,,,,,,,,0.01,4183.23,0.02,774.41,0.03,868.29,0.04,534.09,0.05,266.3,,,2374.552005,1776166728000
1776166730.475,230.475,0.99,4183.23,0.98,774.41,0.97,868.29,0.96,534.09,0.95,266.3,,,,,,,,,,,,,,,,,,,,,0.01,4183.23,0.02,774.41,0.03,868.29,0.04,534.09,0.05,266.3,,,2374.551065,1776166729000
1776166731.056,231.056,0.99,4183.23,0.98,774.41,0.97,868.29,0.96,534.09,0.95,266.3,,,,,,,,,,,,,,,,,,,,,0.01,4183.23,0.02,774.41,0.03,868.29,0.04,534.09,0.05,266.3,,,2374.46524,1776166730000
1776166732.149,232.149,0.99,4183.23,0.98,774.41,0.97,868.29,0.96,534.09,0.95,266.3,,,,,,,,,,,,,,,,,,,,,0.01,4183.23,0.02,774.41,0.03,868.29,0.04,534.09,0.05,266.3,,,2374.375338,1776166731000
1776166733.383,233.383,0.99,4183.23,0.98,774.41,0.97,868.29,0.96,534.09,0.95,266.3,,,,,,,,,,,,,,,,,,,,,0.01,4183.23,0.02,774.41,0.03,868.29,0.04,534.09,0.05,266.3,,,2374.317676,1776166732000
1776166734.247,234.247,0.99,4183.23,0.98,774.41,0.97,868.29,0.96,534.09,0.95,266.3,,,,,,,,,,,,,,,,,,,,,0.01,4183.23,0.02,774.41,0.03,868.29,0.04,534.09,0.05,266.3,,,2374.29121,1776166733000
1776166735.425,235.425,0.99,4183.23,0.98,774.41,0.97,868.29,0.96,534.09,0.95,266.3,,,,,,,,,,,,,,,,,,,,,0.01,4183.23,0.02,774.41,0.03,868.29,0.04,534.09,0.05,266.3,,,2374.312386,1776166734000
1776166736.002,236.002,0.99,4183.23,0.98,774.41,0.97,868.29,0.96,534.09,0.95,266.3,,,,,,,,,,,,,,,,,,,,,0.01,4183.23,0.02,774.41,0.03,868.29,0.04,534.09,0.05,266.3,,,2374.316611,1776166735000
1776166737.064,237.064,0.99,4183.23,0.98,774.41,0.97,868.29,0.96,534.09,0.95,266.3,,,,,,,,,,,,,,,,,,,,,0.01,4183.23,0.02,774.41,0.03,868.29,0.04,534.09,0.05,266.3,,,2374.32578,1776166736000
1776166738.265,238.265,0.99,4183.23,0.98,774.41,0.97,868.29,0.96,534.09,0.95,266.3,,,,,,,,,,,,,,,,,,,,,0.01,4183.23,0.02,774.41,0.03,868.29,0.04,534.09,0.05,266.3,,,2374.328018,1776166737000
1776166739.297,239.297,0.99,4183.23,0.98,774.41,0.97,868.29,0.96,534.09,0.95,266.3,,,,,,,,,,,,,,,,,,,,,0.01,4183.23,0.02,774.41,0.03,868.29,0.04,534.09,0.05,266.3,,,2374.275515,1776166738000
1776166739.614,239.614,0.99,4124.41,0.98,874.41,0.97,753.29,0.96,454.09,0.95,271.3,,,,,,,,,,,,,,,,,,,,,0.01,4183.23,0.02,774.41,0.03,868.29,0.04,534.09,0.05,266.3,,,2374.275515,1776166738000
1776166740.332,240.332,0.99,4124.41,0.98,874.41,0.97,753.29,0.96,454.09,0.95,271.3,,,,,,,,,,,,,,,,,,,,,0.01,4124.41,0.02,874.41,0.03,753.29,0.04,454.09,0.05,271.3,,,2374.283539,1776166739000
1776166741.396,241.396,0.99,4124.41,0.98,874.41,0.97,753.29,0.96,454.09,0.95,271.3,,,,,,,,,,,,,,,,,,,,,0.01,4124.41,0.02,874.41,0.03,753.29,0.04,454.09,0.05,271.3,,,2374.26769,1776166740000
1776166741.996,241.996,0.99,4124.41,0.98,874.41,0.97,753.29,0.96,454.09,0.95,271.3,,,,,,,,,,,,,,,,,,,,,0.01,4124.41,0.02,874.41,0.03,753.29,0.04,454.09,0.05,271.3,,,2374.334459,1776166741000
1776166743.105,243.105,0.99,4124.41,0.98,874.41,0.97,753.29,0.96,454.09,0.95,271.3,,,,,,,,,,,,,,,,,,,,,0.01,4124.41,0.02,874.41,0.03,753.29,0.04,454.09,0.05,271.3,,,2374.282614,1776166742000
1776166744.278,244.278,0.99,4124.41,0.98,874.41,0.97,753.29,0.96,454.09,0.95,271.3,,,,,,,,,,,,,,,,,,,,,0.01,4124.41,0.02,874.41,0.03,753.29,0.04,454.09,0.05,271.3,,,2374.392718,1776166743000
1776166745.382,245.382,0.99,8629.91,0.98,749.41,0.97,567.79,0.96,326.7,0.95,130.8,,,,,,,,,,,,,,,,,,,,,0.01,8629.91,0.02,749.41,0.03,567.79,0.04,326.7,0.05,130.8,,,2374.293523,1776166744000
1776166745.928,245.928,0.99,8629.91,0.98,749.41,0.97,567.79,0.96,326.7,0.95,130.8,,,,,,,,,,,,,,,,,,,,,0.01,8629.91,0.02,749.41,0.03,567.79,0.04,326.7,0.05,130.8,,,2374.39177,1776166745000
1776166747.217,247.217,0.99,8629.91,0.98,749.41,0.97,567.79,0.96,326.7,0.95,130.8,,,,,,,,,,,,,,,,,,,,,0.01,8629.91,0.02,749.41,0.03,567.79,0.04,326.7,0.05,130.8,,,2374.28765,1776166746000
1776166748.73,248.73,0.99,8629.91,0.98,749.41,0.97,567.79,0.96,326.7,0.95,130.8,,,,,,,,,,,,,,,,,,,,,0.01,8629.91,0.02,749.41,0.03,567.79,0.04,326.7,0.05,130.8,,,2374.373563,1776166747000
1776166749.313,249.313,0.99,8629.91,0.98,749.41,0.97,567.79,0.96,326.7,0.95,130.8,,,,,,,,,,,,,,,,,,,,,0.01,8629.91,0.02,749.41,0.03,567.79,0.04,326.7,0.05,130.8,,,2374.366196,1776166748000
1776166750.283,250.283,0.99,8629.91,0.98,749.41,0.97,567.79,0.96,326.7,0.95,130.8,,,,,,,,,,,,,,,,,,,,,0.01,8629.91,0.02,749.41,0.03,567.79,0.04,326.7,0.05,130.8,,,2374.386714,1776166749000
1776166751.268,251.268,0.99,8629.91,0.98,749.41,0.97,567.79,0.96,326.7,0.95,130.8,,,,,,,,,,,,,,,,,,,,,0.01,8629.91,0.02,749.41,0.03,567.79,0.04,326.7,0.05,130.8,,,2374.283,1776166750000
1776166752.094,252.094,0.99,8644.06,0.98,669.41,0.97,642.64,0.96,326.7,0.95,130.8,,,,,,,,,,,,,,,,,,,,,0.01,8629.91,0.02,749.41,0.03,567.79,0.04,326.7,0.05,130.8,,,2374.283,1776166750000
1776166752.434,252.434,0.99,8644.06,0.98,669.41,0.97,642.64,0.96,326.7,0.95,130.8,,,,,,,,,,,,,,,,,,,,,0.01,8644.06,0.02,669.41,0.03,642.64,0.04,326.7,0.05,130.8,,,2374.209835,1776166751000
1776166753.498,253.498,0.99,8644.06,0.98,669.41,0.97,642.64,0.96,326.7,0.95,130.8,,,,,,,,,,,,,,,,,,,,,0.01,8644.06,0.02,669.41,0.03,642.64,0.04,326.7,0.05,130.8,,,2374.229225,1776166752000
1776166754.045,254.045,0.99,8644.06,0.98,669.41,0.97,642.64,0.96,326.7,0.95,130.8,,,,,,,,,,,,,,,,,,,,,0.01,8644.06,0.02,669.41,0.03,642.64,0.04,326.7,0.05,130.8,,,2374.304595,1776166753000
1776166755.212,255.212,0.99,8644.06,0.98,669.41,0.97,642.64,0.96,326.7,0.95,130.8,,,,,,,,,,,,,,,,,,,,,0.01,8644.06,0.02,669.41,0.03,642.64,0.04,326.7,0.05,130.8,,,2374.23391,1776166754000
1776166756.154,256.154,0.99,8644.06,0.98,669.41,0.97,642.64,0.96,326.7,0.95,130.8,,,,,,,,,,,,,,,,,,,,,0.01,8644.06,0.02,669.41,0.03,642.64,0.04,326.7,0.05,130.8,,,2374.23836,1776166755000
1776166757.214,257.214,0.99,8644.06,0.98,669.41,0.97,642.64,0.96,326.7,0.95,130.8,,,,,,,,,,,,,,,,,,,,,0.01,8644.06,0.02,669.41,0.03,642.64,0.04,326.7,0.05,130.8,,,2374.238325,1776166756000
1776166758.421,258.421,0.99,8644.06,0.98,669.41,0.97,642.64,0.96,326.7,0.95,130.8,,,,,,,,,,,,,,,,,,,,,0.01,8644.06,0.02,669.41,0.03,642.64,0.04,326.7,0.05,130.8,,,2374.295588,1776166757000
1776166759.049,259.049,0.99,8644.06,0.98,669.41,0.97,642.64,0.96,326.7,0.95,130.8,,,,,,,,,,,,,,,,,,,,,0.01,8644.06,0.02,669.41,0.03,642.64,0.04,326.7,0.05,130.8,,,2374.261483,1776166758000
1776166759.941,259.941,0.99,8644.06,0.98,669.41,0.97,642.64,0.96,326.7,0.95,130.8,,,,,,,,,,,,,,,,,,,,,0.01,8644.06,0.02,669.41,0.03,642.64,0.04,326.7,0.05,130.8,,,2374.305625,1776166759000
1776166761.052,261.052,0.99,8644.06,0.98,669.41,0.97,642.64,0.96,326.7,0.95,130.8,,,,,,,,,,,,,,,,,,,,,0.01,8644.06,0.02,669.41,0.03,642.64,0.04,326.7,0.05,130.8,,,2374.259095,1776166760000
1776166761.85,261.85,0.99,10355.59,0.98,757.41,0.97,557.64,0.96,326.7,0.95,130.8,,,,,,,,,,,,,,,,,,,,,0.01,8644.06,0.02,669.41,0.03,642.64,0.04,326.7,0.05,130.8,,,2374.259095,1776166760000
1776166762.346,262.346,0.99,9765.59,0.98,757.41,0.97,557.64,0.96,326.7,0.95,130.8,,,,,,,,,,,,,,,,,,,,,0.01,10355.59,0.02,757.41,0.03,557.64,0.04,326.7,0.05,130.8,,,2374.259095,1776166760000
1776166762.964,262.964,0.99,9765.59,0.98,757.41,0.97,557.64,0.96,326.7,0.95,130.8,,,,,,,,,,,,,,,,,,,,,0.01,9765.59,0.02,757.41,0.03,557.64,0.04,326.7,0.05,130.8,,,2374.20816,1776166762000
1776166763.954,263.954,0.99,9765.59,0.98,757.41,0.97,557.64,0.96,326.7,0.95,130.8,,,,,,,,,,,,,,,,,,,,,0.01,9765.59,0.02,757.41,0.03,557.64,0.04,326.7,0.05,130.8,,,2374.12006,1776166763000
1776166764.986,264.986,0.99,9765.59,0.98,757.41,0.97,557.64,0.96,326.7,0.95,130.8,,,,,,,,,,,,,,,,,,,,,0.01,9765.59,0.02,757.41,0.03,557.64,0.04,326.7,0.05,130.8,,,2374.117025,1776166764000
1776166765.955,265.955,0.99,9765.59,0.98,757.41,0.97,557.64,0.96,326.7,0.95,130.8,,,,,,,,,,,,,,,,,,,,,0.01,9765.59,0.02,757.41,0.03,557.64,0.04,326.7,0.05,130.8,,,2374.13692,1776166765000
1776166766.93,266.93,0.99,9765.59,0.98,757.41,0.97,557.64,0.96,326.7,0.95,130.8,,,,,,,,,,,,,,,,,,,,,0.01,9765.59,0.02,757.41,0.03,557.64,0.04,326.7,0.05,130.8,,,2374.160875,1776166766000
1776166767.862,267.862,0.99,9765.59,0.98,757.41,0.97,557.64,0.96,326.7,0.95,130.8,,,,,,,,,,,,,,,,,,,,,0.01,9765.59,0.02,757.41,0.03,557.64,0.04,326.7,0.05,130.8,,,2374.181785,1776166767000
1776166769.27,269.27,0.99,9765.59,0.98,757.41,0.97,557.64,0.96,326.7,0.95,130.8,,,,,,,,,,,,,,,,,,,,,0.01,9765.59,0.02,757.41,0.03,557.64,0.04,326.7,0.05,130.8,,,2374.16956,1776166768000
1776166770.295,270.295,0.99,9765.59,0.98,757.41,0.97,557.64,0.96,326.7,0.95,130.8,,,,,,,,,,,,,,,,,,,,,0.01,9765.59,0.02,757.41,0.03,557.64,0.04,326.7,0.05,130.8,,,2374.14975,1776166769000
1776166771.183,271.183,0.99,9765.59,0.98,757.41,0.97,557.64,0.96,326.7,0.95,130.8,,,,,,,,,,,,,,,,,,,,,0.01,9765.59,0.02,757.41,0.03,557.64,0.04,326.7,0.05,130.8,,,2374.132375,1776166770000
1776166772.199,272.199,0.99,9765.59,0.98,757.41,0.97,557.64,0.96,326.7,0.95,130.8,,,,,,,,,,,,,,,,,,,,,0.01,9765.59,0.02,757.41,0.03,557.64,0.04,326.7,0.05,130.8,,,2374.105695,1776166771000
1776166773.14,273.14,0.991,400.0,0.99,7031.45,0.98,700.68,0.979,60.0,0.97,584.64,0.999,485.59,,,,,,,,,,,,,,,,,,,0.01,9765.59,0.02,757.41,0.03,557.64,0.04,326.7,0.05,130.8,0.008,,2374.105695,1776166771000
1776166773.642,273.642,0.991,400.0,0.99,7031.45,0.98,695.68,0.979,60.0,0.97,584.64,0.999,484.58,,,,,,,,,0.001,485.59,,,,,,,,,0.009,400.0,0.01,7031.45,0.02,700.68,0.021,60.0,0.03,584.64,0.008,0.008,2374.10921,1776166772000
1776166773.883,273.883,0.991,400.0,0.99,7142.56,0.98,695.68,0.979,60.0,0.97,584.64,0.999,439.54,,,,,,,,,0.001,474.58,,,,,,,,,0.009,400.0,0.01,7132.46,0.02,695.68,0.021,60.0,0.03,584.64,0.008,0.008,2374.10921,1776166772000
1776166774.093,274.093,0.991,400.0,0.99,7142.56,0.98,695.68,0.979,60.0,0.97,584.64,0.999,439.54,,,,,,,,,0.001,439.54,,,,,,,,,0.009,400.0,0.01,7142.56,0.02,695.68,0.021,60.0,0.03,584.64,0.008,0.008,2374.103855,1776166773000
1776166775.018,275.018,0.991,400.0,0.99,7142.56,0.98,695.68,0.979,60.0,0.97,584.64,0.999,439.54,,,,,,,,,0.001,439.54,,,,,,,,,0.009,400.0,0.01,7142.56,0.02,695.68,0.021,60.0,0.03,584.64,0.008,0.008,2374.09663,1776166774000
1776166775.62,275.62,0.991,400.0,0.99,7162.56,0.98,514.98,0.979,60.0,0.97,536.0,0.999,468.53,,,,,,,,,0.001,439.54,,,,,,,,,0.009,400.0,0.01,7142.56,0.02,695.68,0.021,60.0,0.03,584.64,0.008,0.008,2374.09663,1776166774000
1776166776.032,276.032,0.991,400.0,0.99,7162.56,0.98,514.98,0.979,60.0,0.97,536.0,0.999,468.53,,,,,,,,,0.001,468.53,,,,,,,,,0.009,400.0,0.01,7162.56,0.02,514.98,0.021,60.0,0.03,536.0,0.008,0.008,2374.102535,1776166775000
1776166776.961,276.961,0.991,400.0,0.99,7162.56,0.98,514.98,0.979,60.0,0.97,536.0,0.999,468.53,,,,,,,,,0.001,468.53,,,,,,,,,0.009,400.0,0.01,7162.56,0.02,514.98,0.021,60.0,0.03,536.0,0.008,0.008,2374.10338,1776166776000
1776166777.672,277.672,0.991,478.0,0.99,7183.07,0.98,514.98,0.978,60.0,0.97,536.0,0.999,433.49,,,,,,,,,0.001,468.53,,,,,,,,,0.009,400.0,0.01,7162.56,0.02,514.98,0.021,60.0,0.03,536.0,0.008,0.008,2374.10338,1776166776000
1776166777.938,277.938,0.991,478.0,0.99,7183.07,0.98,514.98,0.978,60.0,0.97,536.0,0.999,433.49,,,,,,,,,0.001,433.49,,,,,,,,,0.009,478.0,0.01,7183.07,0.02,514.98,0.022,60.0,0.03,536.0,0.008,0.008,2374.105555,1776166777000
1776166778.877,278.877,0.991,478.0,0.99,7183.07,0.98,514.98,0.978,60.0,0.97,536.0,0.999,433.49,,,,,,,,,0.001,433.49,,,,,,,,,0.009,478.0,0.01,7183.07,0.02,514.98,0.022,60.0,0.03,536.0,0.008,0.008,2374.108055,1776166778000
1776166779.836,279.836,0.991,478.0,0.99,7183.07,0.98,514.98,0.978,60.0,0.97,536.0,0.999,433.49,,,,,,,,,0.001,433.49,,,,,,,,,0.009,478.0,0.01,7183.07,0.02,514.98,0.022,60.0,0.03,536.0,0.008,0.008,2374.11379,1776166779000
1776166781.365,281.365,0.991,478.0,0.99,7183.07,0.98,514.98,0.978,60.0,0.97,536.0,0.999,433.49,,,,,,,,,0.001,433.49,,,,,,,,,0.009,478.0,0.01,7183.07,0.02,514.98,0.022,60.0,0.03,536.0,0.008,0.008,2374.152333,1776166780000
1776166782.17,282.17,0.991,478.0,0.99,7183.07,0.98,514.98,0.978,60.0,0.97,536.0,0.999,433.49,,,,,,,,,0.001,433.49,,,,,,,,,0.009,478.0,0.01,7183.07,0.02,514.98,0.022,60.0,0.03,536.0,0.008,0.008,2374.11008,1776166781000
1776166783.033,283.033,0.991,478.0,0.99,7183.07,0.98,514.98,0.978,60.0,0.97,536.0,0.999,433.49,,,,,,,,,0.001,433.49,,,,,,,,,0.009,478.0,0.01,7183.07,0.02,514.98,0.022,60.0,0.03,536.0,0.008,0.008,2374.10729,1776166782000
1776166784.025,284.025,0.991,478.0,0.99,7183.07,0.98,514.98,0.978,60.0,0.97,536.0,0.999,433.49,,,,,,,,,0.001,433.49,,,,,,,,,0.009,478.0,0.01,7183.07,0.02,514.98,0.022,60.0,0.03,536.0,0.008,0.008,2374.112695,1776166783000
1776166784.51,284.51,0.998,5.0,0.991,478.0,0.99,7497.44,0.98,514.98,0.979,60.0,0.999,294.43,,,,,,,,,0.001,433.49,,,,,,,,,0.009,478.0,0.01,7183.07,0.02,514.98,0.022,60.0,0.03,536.0,0.001,0.008,2374.112695,1776166783000
1776166784.938,284.938,0.998,5.0,0.991,478.0,0.99,7497.44,0.98,514.98,0.979,60.0,0.999,294.43,,,,,,,,,0.001,294.43,,,,,,,,,0.002,5.0,0.009,478.0,0.01,7497.44,0.02,514.98,0.021,60.0,0.001,0.001,2374.133716,1776166784000
1776166785.49,285.49,0.998,5.0,0.991,478.0,0.99,7402.44,0.98,504.98,0.979,60.0,0.999,825.45,,,,,,,,,0.001,294.43,,,,,,,,,0.002,5.0,0.009,478.0,0.01,7497.44,0.02,514.98,0.021,60.0,0.001,0.001,2374.133716,1776166784000
1776166785.832,285.832,0.998,5.0,0.991,478.0,0.99,7502.44,0.98,504.98,0.979,60.0,0.999,790.41,,,,,,,,,0.001,790.41,,,,,,,,,0.002,5.0,0.009,478.0,0.01,7502.44,0.02,504.98,0.021,60.0,0.001,0.001,2374.09972,1776166785000
1776166787.389,287.389,0.991,470.0,0.99,7502.44,0.98,504.98,0.979,60.0,0.97,536.0,0.999,790.41,,,,,,,,,0.001,790.41,,,,,,,,,0.009,470.0,0.01,7502.44,0.02,504.98,0.021,60.0,0.03,536.0,0.008,0.008,2374.09921,1776166786000
1776166787.966,287.966,0.991,470.0,0.99,7502.44,0.98,504.98,0.979,60.0,0.97,536.0,0.999,790.41,,,,,,,,,0.001,790.41,,,,,,,,,0.009,470.0,0.01,7502.44,0.02,504.98,0.021,60.0,0.03,536.0,0.008,0.008,2374.103045,1776166787000
1776166789.287,289.287,0.991,470.0,0.99,7502.44,0.98,504.98,0.979,60.0,0.97,536.0,0.999,790.41,,,,,,,,,0.001,790.41,,,,,,,,,0.009,470.0,0.01,7502.44,0.02,504.98,0.021,60.0,0.03,536.0,0.008,0.008,2374.10258,1776166788000
1776166790.452,290.452,0.991,470.0,0.99,7502.44,0.98,504.98,0.979,60.0,0.97,536.0,0.999,790.41,,,,,,,,,0.001,790.41,,,,,,,,,0.009,470.0,0.01,7502.44,0.02,504.98,0.021,60.0,0.03,536.0,0.008,0.008,2374.103175,1776166789000
1776166791.023,291.023,0.991,470.0,0.99,7502.44,0.98,504.98,0.979,60.0,0.97,536.0,0.999,790.41,,,,,,,,,0.001,790.41,,,,,,,,,0.009,470.0,0.01,7502.44,0.02,504.98,0.021,60.0,0.03,536.0,0.008,0.008,2374.154102,1776166790000
1776166791.244,291.244,0.991,494.0,0.99,7430.48,0.988,400.0,0.98,504.98,0.976,30.0,0.999,644.93,,,,,,,,,0.001,679.97,,,,,,,,,0.009,470.0,0.01,7425.48,0.012,400.0,0.02,504.98,0.023,30.0,0.008,0.008,2374.154102,1776166790000
