timestamp,elapsed_sec,up_bid_p1,up_bid_s1,up_bid_p2,up_bid_s2,up_ask_p1,up_ask_s1,up_ask_p2,up_ask_s2,down_bid_p1,down_bid_s1,down_bid_p2,down_bid_s2,down_ask_p1,down_ask_s1,down_ask_p2,down_ask_s2,up_spread,down_spread,eth_price,eth_oracle_ts
1776194411.334,11.334,,,,,,,,,,,,,,,,,,,2321.510099,1776194410000
1776194412.048,12.048,0.63,15.0,0.62,25.0,0.64,98.12,0.65,300.5,0.36,79.69,0.35,305.5,0.37,15.0,0.38,30.0,0.01,0.01,2321.510099,1776194410000
1776194412.334,12.334,0.63,15.0,0.62,25.0,0.64,98.12,0.65,300.5,0.36,98.12,0.35,300.5,0.37,15.0,0.38,25.0,0.01,0.01,2321.742805,1776194411000
1776194412.831,12.831,0.63,15.0,0.62,35.5,0.64,81.12,0.65,105.0,0.36,81.12,0.35,105.0,0.37,15.0,0.38,35.5,0.01,0.01,2321.804125,1776194412000
1776194413.623,13.623,0.63,15.0,0.62,35.5,0.64,81.12,0.65,110.0,0.36,81.12,0.35,105.0,0.37,15.0,0.38,35.5,0.01,0.01,2321.804125,1776194412000
1776194413.824,13.824,0.63,12.1,0.62,35.5,0.64,81.12,0.65,110.0,0.36,81.12,0.35,110.0,0.37,12.1,0.38,35.5,0.01,0.01,2321.835515,1776194413000
1776194414.242,14.242,0.63,3.66,0.62,45.5,0.64,86.12,0.65,110.0,0.36,81.12,0.35,110.0,0.37,12.1,0.38,35.5,0.01,0.01,2321.835515,1776194413000
1776194415.291,15.291,0.63,3.66,0.62,35.5,0.64,86.12,0.65,98.0,0.36,86.12,0.35,110.0,0.37,3.66,0.38,45.5,0.01,0.01,2321.835515,1776194413000
1776194415.637,15.637,0.63,1.35,0.62,45.5,0.64,81.12,0.65,98.0,0.36,81.12,0.35,98.0,0.37,1.35,0.38,45.5,0.01,0.01,2321.835515,1776194413000
1776194415.838,15.838,0.63,1.35,0.62,45.5,0.64,81.12,0.65,98.0,0.36,81.12,0.35,98.0,0.37,1.35,0.38,45.5,0.01,0.01,2321.834401,1776194414000
1776194416.195,16.195,0.63,6.35,0.62,45.5,0.64,59.12,0.65,98.0,0.36,81.12,0.35,98.0,0.37,1.35,0.38,45.5,0.01,0.01,2321.834401,1776194414000
1776194416.745,16.745,0.63,51.85,0.62,35.5,0.64,52.44,0.65,98.0,0.36,59.12,0.35,98.0,0.37,6.35,0.38,45.5,0.01,0.01,2321.834401,1776194414000
1776194417.595,17.595,0.63,51.85,0.62,35.5,0.64,52.44,0.65,98.0,0.36,52.44,0.35,98.0,0.37,51.85,0.38,35.5,0.01,0.01,2321.870655,1776194416000
1776194418.326,18.326,0.63,26.44,0.62,35.5,0.64,76.53,0.65,98.0,0.36,76.53,0.35,98.0,0.37,26.44,0.38,35.5,0.01,0.01,2321.866235,1776194417000
1776194418.572,18.572,0.63,18.0,0.62,30.5,0.64,24.53,0.65,292.0,0.36,76.53,0.35,98.0,0.37,26.44,0.38,35.5,0.01,0.01,2321.866235,1776194417000
1776194419.077,19.077,0.63,18.0,0.62,30.5,0.64,24.53,0.65,292.0,0.36,24.53,0.35,292.0,0.37,18.0,0.38,30.5,0.01,0.01,2321.874895,1776194418000
1776194419.645,19.645,0.63,28.0,0.62,30.5,0.64,19.53,0.65,302.0,0.36,24.53,0.35,292.0,0.37,18.0,0.38,30.5,0.01,0.01,2321.874895,1776194418000
1776194420.111,20.111,0.63,35.29,0.62,35.5,0.64,24.53,0.65,285.0,0.36,19.53,0.35,302.0,0.37,28.0,0.38,30.5,0.01,0.01,2321.874895,1776194418000
1776194420.519,20.519,0.63,30.29,0.62,20.0,0.64,22.85,0.65,117.0,0.36,22.85,0.35,117.0,0.37,30.29,0.38,20.0,0.01,0.01,2321.829365,1776194419000
1776194421.313,21.313,0.63,30.29,0.62,20.0,0.64,22.85,0.65,117.0,0.36,22.85,0.35,117.0,0.37,30.29,0.38,20.0,0.01,0.01,2321.8319,1776194420000
1776194421.639,21.639,0.63,45.09,0.62,20.5,0.64,207.85,0.65,117.0,0.36,22.85,0.35,117.0,0.37,30.29,0.38,20.0,0.01,0.01,2321.8319,1776194420000
1776194421.882,21.882,0.63,32.79,0.62,20.5,0.64,207.85,0.65,122.0,0.36,207.85,0.35,117.0,0.37,45.09,0.38,20.5,0.01,0.01,2321.8319,1776194420000
1776194422.858,22.858,0.63,32.79,0.62,20.5,0.64,207.85,0.65,122.0,0.36,207.85,0.35,122.0,0.37,32.79,0.38,20.5,0.01,0.01,2321.8528,1776194421000
1776194423.625,23.625,0.63,48.29,0.62,30.5,0.64,17.85,0.65,122.0,0.36,207.85,0.35,122.0,0.37,32.79,0.38,20.5,0.01,0.01,2321.8528,1776194421000
1776194424.019,24.019,0.63,78.29,0.62,30.5,0.64,16.17,0.65,122.0,0.36,17.85,0.35,122.0,0.37,48.29,0.38,30.5,0.01,0.01,2321.819881,1776194422000
1776194424.531,24.531,0.63,78.29,0.62,30.5,0.64,16.17,0.65,122.0,0.36,16.17,0.35,122.0,0.37,78.29,0.38,30.5,0.01,0.01,2321.810866,1776194423000
1776194425.039,25.039,0.63,22.79,0.62,20.5,0.64,21.17,0.65,302.0,0.36,16.17,0.35,122.0,0.37,78.29,0.38,30.5,0.01,0.01,2321.810866,1776194423000
1776194425.344,25.344,0.63,22.79,0.62,20.5,0.64,21.17,0.65,302.0,0.36,21.17,0.35,302.0,0.37,22.79,0.38,20.5,0.01,0.01,2321.811091,1776194424000
1776194425.676,25.676,0.63,23.29,0.62,35.5,0.64,206.17,0.65,110.0,0.36,21.17,0.35,302.0,0.37,17.79,0.38,30.5,0.01,0.01,2321.811091,1776194424000
1776194426.072,26.072,0.63,13.86,0.62,55.5,0.64,8.17,0.65,105.0,0.36,33.17,0.35,110.0,0.37,9.86,0.38,45.5,0.01,0.01,2321.811091,1776194424000
1776194426.402,26.402,0.63,19.5,0.62,260.02,0.64,18.17,0.65,110.0,0.36,13.17,0.35,110.0,0.38,50.02,0.39,25.5,0.01,0.02,2321.811091,1776194424000
1776194426.742,26.742,0.63,19.5,0.62,260.02,0.64,18.17,0.65,110.0,0.36,18.17,0.35,110.0,0.37,19.5,0.38,260.02,0.01,0.01,2321.877005,1776194425000
1776194427.547,27.547,0.63,19.5,0.62,260.02,0.64,18.17,0.65,110.0,0.36,18.17,0.35,110.0,0.37,19.5,0.38,260.02,0.01,0.01,2321.84912,1776194426000
1776194428.269,28.269,0.63,235.5,0.62,80.02,0.64,14.49,0.65,105.0,0.36,14.49,0.35,105.0,0.37,235.5,0.38,80.02,0.01,0.01,2321.851535,1776194427000
1776194429.456,29.456,0.63,245.59,0.62,75.02,0.64,4.58,0.65,100.0,0.36,14.49,0.35,105.0,0.37,235.5,0.38,80.02,0.01,0.01,2321.851535,1776194427000
1776194429.837,29.837,0.64,20.5,0.63,245.59,0.65,94.5,0.66,24.0,0.35,94.5,0.34,24.0,0.36,20.5,0.37,245.59,0.01,0.01,2321.92005,1776194428000
1776194430.184,30.184,0.64,125.5,0.63,230.59,0.65,74.8,0.66,31.0,0.35,94.5,0.34,24.0,0.36,20.5,0.37,245.59,0.01,0.01,2321.92005,1776194428000
1776194430.459,30.459,0.64,120.5,0.63,230.59,0.65,63.68,0.66,46.0,0.35,69.72,0.34,36.0,0.36,120.5,0.37,230.59,0.01,0.01,2321.92005,1776194428000
1776194430.751,30.751,0.64,120.5,0.63,230.59,0.65,63.68,0.66,46.0,0.35,63.68,0.34,46.0,0.36,120.5,0.37,230.59,0.01,0.01,2321.92505,1776194429000
1776194431.469,31.469,0.64,120.5,0.63,230.59,0.65,63.68,0.66,46.0,0.35,63.68,0.34,46.0,0.36,120.5,0.37,230.59,0.01,0.01,2321.92987,1776194430000
1776194431.835,31.835,0.65,100.5,0.64,260.5,0.66,7.04,0.67,37.0,0.34,10.0,0.33,37.0,0.35,144.5,0.36,260.5,0.01,0.01,2321.92987,1776194430000
1776194432.271,32.271,0.65,100.5,0.64,260.5,0.66,7.04,0.67,37.0,0.34,7.04,0.33,37.0,0.35,100.5,0.36,260.5,0.01,0.01,2321.937555,1776194431000
1776194433.2,33.2,0.66,90.0,0.65,65.5,0.67,40.04,0.68,52.5,0.34,7.04,0.33,37.0,0.35,100.5,0.36,260.5,0.01,0.01,2321.937555,1776194431000
1776194433.647,33.647,0.66,95.0,0.65,70.5,0.67,33.38,0.68,57.5,0.33,33.38,0.32,57.5,0.34,95.0,0.35,70.5,0.01,0.01,2322.014255,1776194432000
1776194434.292,34.292,0.68,13.08,0.66,431.5,0.69,10.0,0.72,8.0,0.33,33.38,0.32,57.5,0.34,95.0,0.35,70.5,0.01,0.01,2322.014255,1776194432000
1776194434.521,34.521,0.72,60.5,0.71,43.5,0.74,19.0,0.75,15.5,0.26,19.0,0.25,5.0,0.28,20.0,0.31,25.5,0.02,0.02,2322.01701,1776194433000
1776194435.098,35.098,0.73,80.5,0.72,60.5,0.74,0.51,0.75,10.0,0.26,2.51,0.25,20.5,0.27,30.5,0.28,110.5,0.01,0.01,2322.01701,1776194433000
1776194435.439,35.439,0.73,76.06,0.72,60.5,0.74,0.51,0.75,10.0,0.26,0.51,0.25,10.0,0.27,76.06,0.28,60.5,0.01,0.01,2322.017605,1776194434000
1776194435.773,35.773,0.74,15.0,0.73,15.0,0.75,10.0,0.76,25.5,0.26,0.51,0.25,10.0,0.27,76.06,0.28,60.5,0.01,0.01,2322.017605,1776194434000
1776194436.02,36.02,0.74,5.0,0.73,15.0,0.76,26.48,0.77,10.0,0.25,6.0,0.24,30.5,0.26,5.0,0.27,15.0,0.02,0.01,2322.017605,1776194434000
1776194436.302,36.302,0.74,4.23,0.72,32.0,0.75,30.0,0.76,141.5,0.24,26.48,0.23,10.0,0.26,5.0,0.27,15.0,0.01,0.02,2322.034855,1776194435000
1776194436.616,36.616,0.71,24.13,0.69,10.0,0.72,124.0,0.73,35.0,0.27,28.51,0.26,10.0,0.29,10.0,0.31,22.0,0.01,0.02,2322.034855,1776194435000
1776194436.852,36.852,0.68,66.21,0.67,15.0,0.69,2.0,0.7,80.0,0.28,124.0,0.27,35.0,0.32,26.21,0.33,15.0,0.01,0.04,2322.034855,1776194435000
1776194437.23,37.23,0.69,10.0,0.68,36.21,0.7,155.0,0.71,75.0,0.3,155.0,0.29,75.0,0.31,10.0,0.32,36.21,0.01,0.01,2322.661925,1776194436000
1776194437.448,37.448,0.69,15.0,0.68,41.21,0.7,322.0,0.71,160.03,0.3,322.0,0.29,60.0,0.31,40.0,0.32,41.21,0.01,0.01,2322.661925,1776194436000
1776194437.929,37.929,0.69,39.66,0.68,31.21,0.7,331.0,0.71,115.53,0.3,312.0,0.29,155.03,0.31,14.83,0.32,41.21,0.01,0.01,2322.661925,1776194436000
1776194438.138,38.138,0.68,36.21,0.67,15.0,0.7,336.0,0.71,115.53,0.3,336.0,0.29,115.53,0.31,16.43,0.32,31.21,0.02,0.01,2322.661925,1776194436000
1776194438.36,38.36,0.68,36.21,0.67,15.0,0.7,336.0,0.71,115.53,0.3,336.0,0.29,115.53,0.32,36.21,0.33,15.0,0.02,0.02,2322.33825,1776194437000
1776194438.656,38.656,0.67,10.0,0.66,20.5,0.69,265.5,0.7,104.0,0.3,336.0,0.29,115.53,0.32,36.21,0.33,15.0,0.02,0.02,2322.33825,1776194437000
1776194439.051,39.051,0.67,10.0,0.66,20.5,0.69,207.52,0.7,104.0,0.31,207.52,0.3,104.0,0.33,10.0,0.34,20.5,0.02,0.02,2322.23904,1776194438000
1776194439.276,39.276,0.67,75.0,0.66,20.5,0.68,18.79,0.69,209.0,0.31,207.52,0.3,104.0,0.33,10.0,0.34,20.5,0.01,0.02,2322.23904,1776194438000
1776194439.524,39.524,0.71,20.5,0.7,25.5,0.73,9.84,0.75,10.5,0.32,7.79,0.31,17.0,0.33,75.0,0.34,20.5,0.02,0.01,2322.23904,1776194438000
1776194439.738,39.738,0.73,15.16,0.72,75.0,0.74,17.0,0.75,10.5,0.27,9.84,0.25,10.5,0.29,20.5,0.3,25.5,0.01,0.02,2322.23904,1776194438000
1776194440.191,40.191,0.73,88.07,0.72,42.09,0.74,5.0,0.75,22.5,0.26,17.0,0.25,10.5,0.27,15.16,0.28,75.0,0.01,0.01,2322.23904,1776194438000
1776194440.508,40.508,0.74,65.0,0.73,34.47,0.75,30.99,0.76,235.0,0.25,22.5,0.24,230.0,0.27,74.47,0.28,42.09,0.01,0.02,2322.23904,1776194438000
1776194440.81,40.81,0.73,34.47,0.72,47.59,0.75,91.99,0.76,277.0,0.25,30.99,0.24,235.0,0.26,65.0,0.27,34.47,0.02,0.01,2322.23904,1776194438000
1776194441.541,41.541,0.74,15.0,0.73,34.47,0.75,86.99,0.76,277.0,0.25,91.99,0.24,277.0,0.27,34.47,0.28,47.59,0.01,0.02,2322.23904,1776194438000
1776194441.783,41.783,0.74,11.15,0.73,34.47,0.75,88.0,0.76,287.5,0.25,86.99,0.24,277.0,0.26,15.0,0.27,34.47,0.01,0.01,2322.23904,1776194438000
1776194442.211,42.211,0.74,10.26,0.73,34.47,0.75,257.0,0.76,107.5,0.25,263.0,0.24,107.5,0.26,0.26,0.27,34.47,0.01,0.01,2322.23904,1776194438000
1776194442.453,42.453,0.74,10.26,0.73,34.47,0.75,257.0,0.76,107.5,0.25,257.0,0.24,107.5,0.26,10.26,0.27,34.47,0.01,0.01,2322.107715,1776194439000
1776194442.963,42.963,0.74,8.76,0.73,34.47,0.75,267.0,0.76,97.5,0.25,257.0,0.24,107.5,0.26,10.26,0.27,34.47,0.01,0.01,2322.357441,1776194441000
1776194443.186,43.186,0.73,34.47,0.72,32.09,0.75,272.5,0.76,107.5,0.25,267.0,0.24,97.5,0.26,8.76,0.27,34.47,0.02,0.01,2322.357441,1776194441000
1776194443.54,43.54,0.72,27.09,0.71,27.0,0.74,222.45,0.75,66.5,0.25,272.5,0.24,107.5,0.27,34.47,0.28,32.09,0.02,0.02,2322.488675,1776194442000
1776194443.823,43.823,0.71,15.0,0.7,20.0,0.72,6.91,0.73,156.95,0.26,222.45,0.25,66.5,0.28,27.09,0.29,27.0,0.01,0.02,2322.488675,1776194442000
1776194444.079,44.079,0.71,6.96,0.68,15.5,0.72,195.44,0.73,101.5,0.28,6.91,0.27,156.95,0.29,15.0,0.3,20.0,0.01,0.01,2322.48938,1776194443000
1776194444.859,44.859,0.67,18.5,0.65,8.0,0.68,54.18,0.69,40.0,0.31,41.0,0.3,34.95,0.33,8.5,0.35,8.0,0.01,0.02,2322.48938,1776194443000
1776194445.061,45.061,0.67,15.25,0.65,8.0,0.68,54.18,0.69,40.0,0.32,54.18,0.31,40.0,0.33,15.25,0.35,8.0,0.01,0.01,2322.4785,1776194444000
1776194445.483,45.483,0.67,25.25,0.65,8.0,0.68,54.1,0.69,40.0,0.32,54.18,0.31,40.0,0.33,15.25,0.35,8.0,0.01,0.01,2322.4785,1776194444000
1776194446.288,46.288,0.67,30.25,0.65,18.0,0.68,40.0,0.69,40.0,0.32,54.1,0.31,40.0,0.33,25.25,0.35,8.0,0.01,0.01,2322.4785,1776194444000
1776194446.943,46.943,0.67,25.7,0.66,10.0,0.68,45.0,0.69,40.0,0.32,40.0,0.31,40.0,0.33,30.25,0.35,18.0,0.01,0.01,2322.268953,1776194445000
1776194447.281,47.281,0.67,25.7,0.66,10.0,0.68,44.75,0.69,40.0,0.32,45.0,0.31,40.0,0.33,25.7,0.34,10.0,0.01,0.01,2322.268953,1776194445000
1776194447.537,47.537,0.67,25.7,0.66,10.0,0.68,25.75,0.69,40.0,0.32,44.75,0.31,40.0,0.33,25.7,0.34,10.0,0.01,0.01,2322.207201,1776194446000
1776194447.933,47.933,0.67,25.7,0.66,10.0,0.68,29.27,0.69,40.0,0.32,29.27,0.31,40.0,0.33,25.7,0.34,10.0,0.01,0.01,2322.210628,1776194447000
1776194448.244,48.244,0.67,46.7,0.66,20.0,0.68,4.7,0.69,10.0,0.28,200.28,0.27,43.8,0.33,25.7,0.34,10.0,0.01,0.05,2322.210628,1776194447000
1776194448.823,48.823,0.67,56.7,0.66,20.0,0.68,25.8,0.69,22.0,0.32,4.7,0.31,10.0,0.33,46.7,0.34,20.0,0.01,0.01,2322.210628,1776194447000
1776194449.165,49.165,0.67,56.7,0.66,20.0,0.68,25.8,0.69,22.0,0.32,25.8,0.31,22.0,0.33,56.7,0.34,20.0,0.01,0.01,2322.200725,1776194448000
1776194450.11,50.11,0.67,61.7,0.66,20.0,0.68,14.32,0.69,12.0,0.32,9.32,0.31,12.0,0.33,61.7,0.34,20.0,0.01,0.01,2322.200725,1776194448000
1776194450.814,50.814,0.67,61.7,0.66,20.0,0.68,14.32,0.69,12.0,0.32,14.32,0.31,12.0,0.33,61.7,0.34,20.0,0.01,0.01,2322.197935,1776194449000
1776194451.188,51.188,0.69,10.09,0.68,30.5,0.7,25.09,0.71,26.0,0.3,32.14,0.29,26.0,0.31,5.0,0.32,30.5,0.01,0.01,2322.197935,1776194449000
1776194451.52,51.52,0.69,35.09,0.68,30.5,0.7,23.56,0.71,26.0,0.3,25.09,0.29,26.0,0.31,10.09,0.32,30.5,0.01,0.01,2322.194033,1776194450000
1776194451.824,51.824,0.69,45.09,0.68,30.5,0.7,34.22,0.71,26.0,0.3,23.56,0.29,26.0,0.31,35.09,0.32,30.5,0.01,0.01,2322.194033,1776194450000
1776194452.347,52.347,0.69,31.63,0.68,30.5,0.7,44.22,0.71,26.0,0.3,34.22,0.29,26.0,0.31,45.09,0.32,30.5,0.01,0.01,2322.194033,1776194450000
1776194452.765,52.765,0.69,41.63,0.68,30.5,0.7,61.12,0.71,26.0,0.3,44.22,0.29,26.0,0.31,31.63,0.32,30.5,0.01,0.01,2322.197199,1776194451000
1776194453.087,53.087,0.69,41.63,0.68,30.5,0.7,23.26,0.71,26.0,0.3,61.12,0.29,26.0,0.31,41.63,0.32,30.5,0.01,0.01,2322.19242,1776194452000
1776194453.985,53.985,0.69,30.33,0.68,30.5,0.71,45.95,0.72,232.28,0.3,23.26,0.29,26.0,0.31,41.63,0.32,30.5,0.02,0.01,2322.19242,1776194452000
1776194454.914,54.914,0.71,60.0,0.7,100.5,0.72,121.89,0.73,28.0,0.29,45.95,0.28,232.28,0.31,30.33,0.32,30.5,0.01,0.02,2322.19824,1776194453000
1776194455.452,55.452,0.71,81.0,0.7,65.5,0.72,39.32,0.73,17.95,0.28,88.32,0.27,28.0,0.29,60.0,0.3,100.5,0.01,0.01,2322.196208,1776194454000
1776194455.943,55.943,0.71,11.96,0.7,30.0,0.72,291.27,0.73,39.49,0.28,53.27,0.27,28.99,0.29,20.17,0.3,45.5,0.01,0.01,2322.196208,1776194454000
1776194456.206,56.206,0.7,25.39,0.69,40.83,0.72,291.27,0.73,39.49,0.28,291.27,0.27,39.49,0.3,25.39,0.31,40.83,0.02,0.02,2322.197717,1776194455000
1776194456.486,56.486,0.7,3.0,0.69,40.83,0.72,277.27,0.73,54.49,0.28,291.27,0.27,39.49,0.3,25.39,0.31,40.83,0.02,0.02,2322.197717,1776194455000
1776194457.452,57.452,0.7,3.0,0.69,40.83,0.72,277.27,0.73,54.49,0.28,277.27,0.27,54.49,0.3,3.0,0.31,40.83,0.02,0.02,2322.363445,1776194456000
1776194457.674,57.674,0.71,30.0,0.7,18.0,0.72,247.44,0.73,44.49,0.28,244.06,0.27,33.99,0.29,40.0,0.3,28.5,0.01,0.01,2322.363445,1776194456000
1776194457.888,57.888,0.71,20.0,0.7,25.0,0.72,237.22,0.73,54.49,0.28,218.84,0.27,44.49,0.29,30.0,0.3,18.0,0.01,0.01,2322.363445,1776194456000
1776194458.349,58.349,0.71,10.0,0.7,25.0,0.72,230.73,0.73,54.49,0.28,230.73,0.27,54.49,0.29,10.0,0.3,25.0,0.01,0.01,2322.2731,1776194457000
1776194458.937,58.937,0.71,10.0,0.7,25.0,0.72,230.73,0.73,54.49,0.28,230.73,0.27,54.49,0.29,10.0,0.3,25.0,0.01,0.01,2322.269695,1776194458000
1776194459.961,59.961,0.71,10.0,0.7,25.0,0.72,230.73,0.73,54.49,0.28,230.73,0.27,54.49,0.29,10.0,0.3,25.0,0.01,0.01,2322.271864,1776194459000
1776194460.408,60.408,0.7,10.0,0.69,10.09,0.71,174.93,0.72,69.5,0.28,230.73,0.27,54.49,0.29,10.0,0.3,25.0,0.01,0.01,2322.271864,1776194459000
1776194460.614,60.614,0.67,10.0,0.66,15.0,0.68,7.91,0.7,251.0,0.3,219.0,0.29,91.85,0.31,3.09,0.33,10.0,0.01,0.01,2322.271864,1776194459000
1776194461.002,61.002,0.67,10.0,0.66,30.5,0.68,48.46,0.69,15.0,0.32,54.91,0.31,15.0,0.33,10.0,0.34,30.5,0.01,0.01,2322.271864,1776194459000
1776194461.558,61.558,0.67,27.46,0.66,30.5,0.68,27.91,0.69,15.0,0.32,43.16,0.31,15.0,0.33,10.0,0.34,30.5,0.01,0.01,2322.197305,1776194460000
1776194462.166,62.166,0.68,1.87,0.67,39.42,0.69,50.0,0.7,218.0,0.31,10.0,0.3,218.0,0.33,24.42,0.34,30.5,0.01,0.02,2322.197305,1776194460000
1776194462.374,62.374,0.67,41.47,0.66,35.5,0.69,53.64,0.7,218.0,0.31,50.0,0.3,218.0,0.33,36.38,0.34,35.5,0.02,0.02,2322.170588,1776194461000
1776194463.218,63.218,0.67,41.47,0.66,35.5,0.69,53.64,0.7,218.0,0.31,53.64,0.3,218.0,0.33,41.47,0.34,35.5,0.02,0.02,2322.084395,1776194462000
1776194463.673,63.673,0.68,22.35,0.67,41.47,0.69,6.52,0.7,206.0,0.31,53.64,0.3,218.0,0.33,41.47,0.34,35.5,0.01,0.02,2322.084395,1776194462000
1776194463.877,63.877,0.68,27.35,0.67,46.47,0.69,4.92,0.7,206.0,0.31,6.52,0.3,206.0,0.32,22.35,0.33,41.47,0.01,0.01,2322.084395,1776194462000
1776194464.303,64.303,0.68,22.35,0.67,46.47,0.7,216.18,0.71,75.5,0.31,4.92,0.3,206.0,0.32,27.35,0.33,46.47,0.02,0.01,2322.084395,1776194462000
1776194464.564,64.564,0.69,10.0,0.68,32.35,0.7,224.78,0.71,75.5,0.3,216.18,0.29,75.5,0.32,22.35,0.33,46.47,0.01,0.02,2322.084395,1776194462000
1776194464.91,64.91,0.69,10.0,0.68,32.35,0.7,224.78,0.71,75.5,0.3,224.78,0.29,75.5,0.31,10.0,0.32,32.35,0.01,0.01,2322.026234,1776194463000
1776194465.474,65.474,0.68,31.41,0.67,31.47,0.7,214.78,0.71,75.5,0.3,214.78,0.29,75.5,0.32,31.41,0.33,31.47,0.02,0.02,2322.03772,1776194464000
1776194466.136,66.136,0.67,13.97,0.66,25.5,0.68,230.0,0.69,15.0,0.3,214.78,0.29,75.5,0.32,31.41,0.33,31.47,0.01,0.02,2322.03772,1776194464000
1776194466.67,66.67,0.66,35.5,0.65,15.0,0.68,222.52,0.69,15.0,0.32,224.0,0.31,15.0,0.33,8.15,0.34,25.5,0.02,0.01,2322.03762,1776194465000
1776194467.213,67.213,0.66,40.5,0.65,25.0,0.68,205.28,0.69,15.0,0.32,222.52,0.31,15.0,0.34,35.5,0.35,15.0,0.02,0.02,2322.03762,1776194465000
1776194467.531,67.531,0.66,40.5,0.65,25.0,0.68,205.28,0.69,15.0,0.32,205.28,0.31,15.0,0.34,40.5,0.35,25.0,0.02,0.02,2322.039916,1776194466000
1776194468.126,68.126,0.66,40.5,0.65,25.0,0.68,205.28,0.69,15.0,0.32,205.28,0.31,15.0,0.34,40.5,0.35,25.0,0.02,0.02,2322.023004,1776194467000
1776194469.304,69.304,0.66,40.5,0.65,25.0,0.68,205.28,0.69,15.0,0.32,205.28,0.31,15.0,0.34,40.5,0.35,25.0,0.02,0.02,2321.990412,1776194468000
1776194470.522,70.522,0.66,40.5,0.65,25.0,0.68,205.28,0.69,15.0,0.32,205.28,0.31,15.0,0.34,40.5,0.35,25.0,0.02,0.02,2321.996529,1776194469000
1776194471.07,71.07,0.66,40.5,0.65,25.0,0.68,205.28,0.69,15.0,0.32,205.28,0.31,15.0,0.34,40.5,0.35,25.0,0.02,0.02,2322.010332,1776194470000
1776194472.26,72.26,0.66,40.5,0.65,25.0,0.68,205.28,0.69,15.0,0.32,205.28,0.31,15.0,0.34,40.5,0.35,25.0,0.02,0.02,2322.020785,1776194471000
1776194472.977,72.977,0.71,36.05,0.7,48.5,0.72,5.0,0.73,17.0,0.32,205.28,0.31,15.0,0.34,40.5,0.35,25.0,0.01,0.02,2322.020785,1776194471000
1776194473.406,73.406,0.71,36.05,0.7,48.5,0.73,15.17,0.74,23.7,0.27,15.17,0.26,23.7,0.29,36.05,0.3,48.5,0.02,0.02,2322.02216,1776194472000
1776194474.354,74.354,0.74,10.0,0.73,98.91,0.75,14.8,0.76,20.5,0.25,14.8,0.24,20.5,0.26,10.0,0.27,98.91,0.01,0.01,2322.02006,1776194473000
1776194475.279,75.279,0.74,10.0,0.73,98.91,0.75,14.8,0.76,20.5,0.25,14.8,0.24,20.5,0.26,10.0,0.27,98.91,0.01,0.01,2322.164195,1776194474000
1776194475.872,75.872,0.71,78.95,0.7,53.49,0.77,20.0,0.78,216.5,0.25,14.8,0.24,20.5,0.26,10.0,0.27,98.91,0.06,0.01,2322.164195,1776194474000
1776194476.549,76.549,0.71,78.95,0.7,53.49,0.77,20.0,0.78,216.5,0.23,20.0,0.22,216.5,0.29,78.95,0.3,53.49,0.06,0.06,2322.398315,1776194475000
1776194477.042,77.042,0.71,78.95,0.7,53.49,0.77,20.0,0.78,216.5,0.23,20.0,0.22,216.5,0.29,78.95,0.3,53.49,0.06,0.06,2322.505183,1776194476000
1776194477.489,77.489,0.77,68.91,0.75,15.0,0.78,222.96,0.79,76.65,0.22,207.96,0.21,61.65,0.24,5.0,0.32,10.5,0.01,0.02,2322.505183,1776194476000
1776194477.77,77.77,0.77,73.91,0.76,15.0,0.78,194.38,0.79,55.45,0.22,222.96,0.21,76.65,0.23,68.91,0.25,15.0,0.01,0.01,2322.505183,1776194476000
1776194478.416,78.416,0.77,73.91,0.76,15.0,0.78,194.38,0.79,55.45,0.22,194.38,0.21,55.45,0.23,73.91,0.24,15.0,0.01,0.01,2322.60597,1776194477000
1776194479.02,79.02,0.77,73.91,0.76,15.0,0.78,194.38,0.79,55.45,0.22,194.38,0.21,55.45,0.23,73.91,0.24,15.0,0.01,0.01,2322.60597,1776194478000
1776194479.838,79.838,0.77,73.91,0.76,25.5,0.78,189.38,0.79,42.0,0.22,194.38,0.21,55.45,0.23,73.91,0.24,15.0,0.01,0.01,2322.60597,1776194478000
1776194480.22,80.22,0.77,73.91,0.76,25.5,0.78,189.38,0.79,42.0,0.22,189.38,0.21,42.0,0.23,73.91,0.24,25.5,0.01,0.01,2322.662845,1776194479000
1776194480.721,80.721,0.77,73.91,0.76,25.5,0.78,183.09,0.79,30.0,0.22,189.38,0.21,42.0,0.23,73.91,0.24,25.5,0.01,0.01,2322.662845,1776194479000
1776194481.156,81.156,0.77,73.91,0.76,25.5,0.78,183.09,0.79,30.0,0.22,183.09,0.21,30.0,0.23,73.91,0.24,25.5,0.01,0.01,2322.73287,1776194480000
1776194481.561,81.561,0.74,10.0,0.67,5.0,0.78,286.59,0.79,136.85,0.22,183.09,0.21,30.0,0.23,73.91,0.24,25.5,0.04,0.01,2322.73287,1776194480000
1776194481.766,81.766,0.65,30.5,0.64,15.0,0.66,15.63,0.67,10.0,0.34,19.6,0.32,15.0,0.35,15.0,0.36,15.0,0.01,0.01,2322.73287,1776194480000
1776194482.002,82.002,0.66,45.0,0.65,75.5,0.67,15.0,0.68,10.0,0.34,15.63,0.33,10.0,0.35,35.5,0.36,15.0,0.01,0.01,2322.73287,1776194480000
1776194482.322,82.322,0.66,45.0,0.65,75.5,0.67,15.0,0.68,10.0,0.33,15.0,0.32,10.0,0.34,45.0,0.35,75.5,0.01,0.01,2322.748465,1776194481000
1776194482.897,82.897,0.66,30.0,0.65,35.5,0.67,14.92,0.68,62.7,0.33,15.0,0.32,10.0,0.34,45.0,0.35,75.5,0.01,0.01,2322.748465,1776194481000
1776194483.324,83.324,0.66,30.0,0.65,35.5,0.67,14.92,0.68,62.7,0.33,14.92,0.32,62.7,0.34,30.0,0.35,35.5,0.01,0.01,2322.607111,1776194482000
1776194483.69,83.69,0.66,85.5,0.65,215.5,0.68,14.84,0.69,10.0,0.33,14.92,0.32,62.7,0.34,30.0,0.35,35.5,0.02,0.01,2322.607111,1776194482000
1776194484.472,84.472,0.66,85.5,0.65,215.5,0.68,14.84,0.69,10.0,0.32,14.84,0.31,10.0,0.34,85.5,0.35,215.5,0.02,0.02,2322.22804,1776194483000
1776194484.811,84.811,0.71,25.0,0.7,32.0,0.72,22.0,0.73,35.0,0.32,14.84,0.31,10.0,0.34,85.5,0.35,215.5,0.01,0.02,2322.22804,1776194483000
1776194485.504,85.504,0.71,14.4,0.7,32.0,0.72,32.09,0.73,35.0,0.28,22.0,0.27,35.0,0.29,19.31,0.3,32.0,0.01,0.01,2322.211045,1776194484000
1776194485.927,85.927,0.71,3.88,0.7,27.0,0.72,47.7,0.73,35.0,0.28,49.09,0.27,35.0,0.29,8.88,0.3,27.0,0.01,0.01,2322.211045,1776194484000
1776194486.576,86.576,0.71,43.36,0.7,37.5,0.72,44.28,0.73,35.0,0.28,51.28,0.27,35.0,0.29,3.88,0.3,27.0,0.01,0.01,2322.12397,1776194485000
1776194486.943,86.943,0.71,43.36,0.7,37.5,0.72,44.28,0.73,35.0,0.28,44.28,0.27,35.0,0.29,43.36,0.3,37.5,0.01,0.01,2322.216193,1776194486000
1776194487.457,87.457,0.71,42.67,0.7,22.0,0.72,44.28,0.73,35.0,0.28,44.28,0.27,35.0,0.29,43.36,0.3,37.5,0.01,0.01,2322.216193,1776194486000
1776194487.986,87.986,0.71,42.67,0.7,22.0,0.72,44.28,0.73,35.0,0.28,44.28,0.27,35.0,0.29,42.67,0.3,22.0,0.01,0.01,2322.286425,1776194487000
1776194489.078,89.078,0.71,42.67,0.7,22.0,0.72,44.28,0.73,35.0,0.28,44.28,0.27,35.0,0.29,42.67,0.3,22.0,0.01,0.01,2322.316805,1776194488000
1776194490.14,90.14,0.71,42.67,0.7,22.0,0.72,44.28,0.73,35.0,0.28,44.28,0.27,35.0,0.29,42.67,0.3,22.0,0.01,0.01,2322.304945,1776194489000
1776194491.091,91.091,0.71,42.67,0.7,22.0,0.72,44.28,0.73,35.0,0.28,44.28,0.27,35.0,0.29,42.67,0.3,22.0,0.01,0.01,2322.30766,1776194490000
1776194491.79,91.79,0.67,10.16,0.66,120.0,0.69,95.0,0.7,40.0,0.28,44.28,0.27,35.0,0.29,42.67,0.3,22.0,0.02,0.01,2322.30766,1776194490000
1776194492.117,92.117,0.67,10.16,0.66,120.0,0.69,95.0,0.7,40.0,0.31,95.0,0.3,40.0,0.33,10.16,0.34,120.0,0.02,0.02,2322.303635,1776194491000
1776194492.921,92.921,0.68,300.5,0.67,46.16,0.69,17.0,0.7,29.0,0.31,95.0,0.3,40.0,0.33,10.16,0.34,120.0,0.01,0.02,2322.303635,1776194491000
1776194493.215,93.215,0.68,300.5,0.67,116.16,0.71,2.6,0.72,40.87,0.29,2.6,0.28,40.87,0.32,300.5,0.33,116.16,0.03,0.03,2322.29858,1776194492000
1776194493.503,93.503,0.71,122.05,0.7,37.0,0.72,16.15,0.73,17.0,0.28,16.15,0.27,30.0,0.29,125.5,0.3,37.0,0.01,0.01,2322.29858,1776194492000
1776194493.923,93.923,0.71,342.05,0.7,85.0,0.72,1.08,0.73,17.0,0.28,6.08,0.27,17.0,0.29,297.05,0.3,85.0,0.01,0.01,2322.29858,1776194492000
1776194494.429,94.429,0.71,262.05,0.7,85.0,0.73,17.0,0.76,37.04,0.28,1.08,0.27,17.0,0.29,342.05,0.3,85.0,0.02,0.01,2322.29858,1776194492000
1776194494.794,94.794,0.71,262.05,0.7,85.0,0.73,17.0,0.76,37.04,0.27,17.0,0.24,37.04,0.29,262.05,0.3,85.0,0.02,0.02,2322.219675,1776194493000
1776194495.786,95.786,0.71,262.05,0.7,85.0,0.73,17.0,0.76,37.04,0.27,17.0,0.24,37.04,0.29,262.05,0.3,85.0,0.02,0.02,2322.36999,1776194494000
1776194496.349,96.349,0.71,262.05,0.7,85.0,0.73,17.0,0.76,37.04,0.27,17.0,0.24,37.04,0.29,262.05,0.3,85.0,0.02,0.02,2322.527295,1776194495000
1776194496.964,96.964,0.71,262.05,0.7,85.0,0.73,17.0,0.76,37.04,0.27,17.0,0.24,37.04,0.29,262.05,0.3,85.0,0.02,0.02,2322.527295,1776194496000
1776194498.118,98.118,0.71,262.05,0.7,85.0,0.73,17.0,0.76,37.04,0.27,17.0,0.24,37.04,0.29,262.05,0.3,85.0,0.02,0.02,2322.412479,1776194497000
1776194499.326,99.326,0.7,47.09,0.69,82.0,0.71,9.68,0.72,11.0,0.29,9.68,0.28,11.0,0.3,47.09,0.31,82.0,0.01,0.01,2322.365385,1776194498000
1776194499.889,99.889,0.7,297.09,0.69,40.5,0.71,9.68,0.72,11.0,0.29,9.68,0.28,11.0,0.3,47.09,0.31,82.0,0.01,0.01,2322.365385,1776194498000
1776194500.117,100.117,0.7,292.09,0.69,40.5,0.72,9.55,0.73,22.0,0.29,9.68,0.28,11.0,0.3,297.09,0.31,40.5,0.02,0.01,2322.365385,1776194498000
1776194500.426,100.426,0.71,66.31,0.7,217.09,0.72,9.55,0.73,22.0,0.28,9.55,0.27,22.0,0.3,292.09,0.31,40.5,0.01,0.02,2322.365385,1776194498000
1776194501.047,101.047,0.71,66.31,0.7,217.09,0.72,9.55,0.73,22.0,0.28,9.55,0.27,22.0,0.29,66.31,0.3,217.09,0.01,0.01,2322.38467,1776194500000
1776194501.987,101.987,0.71,36.31,0.7,37.09,0.72,9.55,0.73,42.5,0.28,9.55,0.27,22.0,0.29,66.31,0.3,217.09,0.01,0.01,2322.38467,1776194500000
1776194502.238,102.238,0.71,36.31,0.7,37.09,0.72,9.55,0.73,42.5,0.28,9.55,0.27,42.5,0.29,36.31,0.3,37.09,0.01,0.01,2322.393135,1776194501000
1776194502.861,102.861,0.71,36.31,0.7,37.09,0.72,9.55,0.73,22.0,0.28,9.55,0.27,42.5,0.29,36.31,0.3,37.09,0.01,0.01,2322.393135,1776194501000
1776194503.306,103.306,0.71,36.31,0.7,37.09,0.72,9.55,0.73,22.0,0.28,9.55,0.27,22.0,0.29,36.31,0.3,37.09,0.01,0.01,2322.386675,1776194502000
1776194503.882,103.882,0.71,36.31,0.7,37.09,0.72,9.55,0.73,22.0,0.28,9.55,0.27,22.0,0.29,36.31,0.3,37.09,0.01,0.01,2322.38574,1776194503000
1776194505.022,105.022,0.71,36.31,0.7,37.09,0.72,9.55,0.73,22.0,0.28,9.55,0.27,22.0,0.29,36.31,0.3,37.09,0.01,0.01,2322.39377,1776194504000
1776194506.197,106.197,0.71,36.31,0.7,37.09,0.72,9.55,0.73,22.0,0.28,9.55,0.27,22.0,0.29,36.31,0.3,37.09,0.01,0.01,2322.403715,1776194505000
1776194507.259,107.259,0.7,3.09,0.69,15.0,0.72,98.14,0.73,55.5,0.28,9.55,0.27,22.0,0.29,36.31,0.3,37.09,0.02,0.01,2322.403715,1776194505000
1776194507.67,107.67,0.65,27.5,0.64,78.3,0.67,5.0,0.68,90.0,0.3,10.0,0.29,25.5,0.33,16.0,0.34,128.0,0.02,0.03,2322.432595,1776194506000
1776194508.236,108.236,0.65,14.14,0.64,279.8,0.66,16.0,0.67,32.0,0.33,5.0,0.32,90.0,0.35,27.5,0.36,78.3,0.01,0.02,2322.432595,1776194506000
1776194508.467,108.467,0.65,253.14,0.64,54.8,0.66,6.0,0.67,32.0,0.34,16.0,0.33,32.0,0.35,14.14,0.36,279.8,0.01,0.01,2322.432595,1776194506000
1776194508.785,108.785,0.65,256.88,0.64,49.8,0.66,6.0,0.67,32.0,0.34,6.0,0.33,32.0,0.35,253.14,0.36,54.8,0.01,0.01,2322.47351,1776194507000
1776194509.133,109.133,0.65,256.88,0.64,49.8,0.66,6.0,0.67,32.0,0.34,6.0,0.33,32.0,0.35,256.88,0.36,49.8,0.01,0.01,2322.452937,1776194508000
1776194509.801,109.801,0.65,258.88,0.64,54.8,0.66,4.0,0.67,32.0,0.34,6.0,0.33,32.0,0.35,256.88,0.36,49.8,0.01,0.01,2322.452937,1776194508000
1776194510.313,110.313,0.65,258.88,0.64,54.8,0.66,4.0,0.67,32.0,0.34,4.0,0.33,32.0,0.35,258.88,0.36,54.8,0.01,0.01,2322.278255,1776194509000
1776194511.375,111.375,0.65,258.88,0.64,54.8,0.66,4.0,0.67,32.0,0.34,4.0,0.33,32.0,0.35,258.88,0.36,54.8,0.01,0.01,2322.156499,1776194510000
1776194512.449,112.449,0.65,258.88,0.64,39.5,0.67,12.34,0.68,29.0,0.33,12.34,0.32,29.0,0.35,258.88,0.36,39.5,0.02,0.02,2322.157421,1776194511000
1776194513.037,113.037,0.65,258.88,0.64,39.5,0.67,12.34,0.68,29.0,0.33,12.34,0.32,29.0,0.35,258.88,0.36,39.5,0.02,0.02,2322.155091,1776194512000
1776194514.285,114.285,0.65,258.88,0.64,39.5,0.67,12.34,0.68,29.0,0.33,12.34,0.32,29.0,0.35,258.88,0.36,39.5,0.02,0.02,2322.157785,1776194513000
1776194515.322,115.322,0.65,258.88,0.64,39.5,0.67,12.34,0.68,29.0,0.33,12.34,0.32,29.0,0.35,258.88,0.36,39.5,0.02,0.02,2322.154107,1776194514000
1776194515.624,115.624,0.66,282.85,0.65,34.0,0.67,6.0,0.68,46.0,0.33,12.34,0.32,29.0,0.35,258.88,0.36,39.5,0.01,0.02,2322.154107,1776194514000
1776194515.939,115.939,0.66,276.55,0.65,34.0,0.67,6.0,0.68,46.0,0.33,6.0,0.32,46.0,0.34,276.55,0.35,34.0,0.01,0.01,2322.169652,1776194515000
1776194516.454,116.454,0.66,271.55,0.65,34.0,0.67,6.0,0.68,46.0,0.33,6.0,0.32,46.0,0.34,276.55,0.35,34.0,0.01,0.01,2322.169652,1776194515000
1776194516.961,116.961,0.66,271.55,0.65,34.0,0.68,7.79,0.69,25.5,0.32,7.79,0.31,25.5,0.34,271.55,0.35,34.0,0.02,0.02,2322.169648,1776194516000
1776194517.803,117.803,0.67,211.96,0.66,101.0,0.69,49.5,0.7,50.5,0.32,7.79,0.31,25.5,0.34,271.55,0.35,34.0,0.02,0.02,2322.169648,1776194516000
1776194518.096,118.096,0.67,211.96,0.66,101.0,0.69,49.5,0.7,50.5,0.31,49.5,0.3,50.5,0.33,211.96,0.34,101.0,0.02,0.02,2322.168872,1776194517000
1776194519.111,119.111,0.67,211.96,0.66,101.0,0.69,49.5,0.7,50.5,0.31,49.5,0.3,50.5,0.33,211.96,0.34,101.0,0.02,0.02,2322.168975,1776194518000
1776194519.889,119.889,0.68,20.0,0.67,264.05,0.69,36.14,0.7,37.5,0.31,49.5,0.3,50.5,0.33,211.96,0.34,101.0,0.01,0.02,2322.168975,1776194518000
1776194520.224,120.224,0.68,20.0,0.67,264.05,0.7,8.05,0.71,25.5,0.3,8.05,0.29,25.5,0.32,20.0,0.33,264.05,0.02,0.02,2322.168975,1776194519000
1776194521.271,121.271,0.68,20.0,0.67,264.05,0.7,8.05,0.71,25.5,0.3,8.05,0.29,25.5,0.32,20.0,0.33,264.05,0.02,0.02,2322.161209,1776194520000
1776194522.34,122.34,0.69,26.37,0.67,5.09,0.7,210.91,0.71,25.5,0.3,8.05,0.29,25.5,0.32,20.0,0.33,264.05,0.01,0.02,2322.161209,1776194520000
1776194522.597,122.597,0.65,5.0,0.64,68.0,0.68,30.5,0.69,25.5,0.3,261.91,0.29,50.5,0.33,5.09,0.34,5.0,0.03,0.03,2322.161554,1776194521000
1776194522.95,122.95,0.64,67.11,0.63,34.5,0.65,5.0,0.66,15.0,0.35,5.0,0.34,15.0,0.36,67.11,0.37,34.5,0.01,0.01,2322.161303,1776194522000
1776194523.232,123.232,0.62,63.0,0.61,208.5,0.63,15.0,0.64,32.5,0.35,28.3,0.34,20.5,0.37,19.0,0.38,21.0,0.01,0.02,2322.161303,1776194522000
1776194523.951,123.951,0.62,68.0,0.61,223.5,0.63,8.41,0.64,22.0,0.37,12.1,0.36,37.5,0.38,63.0,0.39,208.5,0.01,0.01,2322.161303,1776194522000
1776194524.452,124.452,0.62,44.43,0.61,223.5,0.64,17.61,0.65,23.3,0.37,3.41,0.36,22.0,0.38,44.43,0.39,223.5,0.02,0.01,2322.161303,1776194522000
1776194524.781,124.781,0.63,7.1,0.62,59.43,0.64,17.61,0.65,28.3,0.36,17.61,0.35,23.3,0.38,44.43,0.39,223.5,0.01,0.02,2322.106,1776194523000
1776194525.106,125.106,0.63,7.1,0.62,59.43,0.64,17.61,0.65,28.3,0.36,17.61,0.35,28.3,0.37,7.1,0.38,59.43,0.01,0.01,2322.02759,1776194524000
1776194525.715,125.715,0.62,29.0,0.61,44.49,0.63,2.41,0.64,17.61,0.36,17.61,0.35,28.3,0.37,7.1,0.38,59.43,0.01,0.01,2322.02759,1776194524000
1776194526.361,126.361,0.62,29.0,0.61,44.49,0.63,2.41,0.64,17.61,0.37,2.41,0.36,17.61,0.38,29.0,0.39,44.49,0.01,0.01,2321.735915,1776194525000
1776194526.71,126.71,0.62,35.0,0.61,38.54,0.66,22.49,0.67,42.5,0.37,2.41,0.36,17.61,0.38,29.0,0.39,44.49,0.04,0.01,2321.735915,1776194525000
1776194526.953,126.953,0.62,35.0,0.61,38.54,0.66,22.49,0.67,42.5,0.34,22.49,0.33,42.5,0.38,35.0,0.39,38.54,0.04,0.04,2321.740215,1776194526000
1776194527.436,127.436,0.63,14.86,0.62,50.5,0.64,10.0,0.65,20.5,0.36,15.0,0.35,25.5,0.37,5.0,0.38,45.5,0.01,0.01,2321.740215,1776194526000
1776194528.206,128.206,0.63,14.86,0.62,50.5,0.64,10.0,0.65,20.5,0.36,10.0,0.35,20.5,0.37,14.86,0.38,50.5,0.01,0.01,2321.739205,1776194527000
1776194529.052,129.052,0.64,10.09,0.63,15.0,0.65,25.59,0.66,22.49,0.36,25.5,0.35,20.5,0.37,4.86,0.38,70.5,0.01,0.01,2321.739205,1776194527000
1776194529.45,129.45,0.64,10.09,0.63,15.0,0.65,22.99,0.66,22.49,0.35,22.99,0.34,22.49,0.36,10.09,0.37,15.0,0.01,0.01,2321.791762,1776194528000
1776194529.937,129.937,0.64,10.09,0.63,15.0,0.65,22.99,0.66,22.49,0.35,22.99,0.34,22.49,0.36,10.09,0.37,15.0,0.01,0.01,2321.732546,1776194529000
1776194530.846,130.846,0.64,47.11,0.63,25.5,0.65,25.59,0.66,22.49,0.35,22.99,0.34,22.49,0.36,10.09,0.37,15.0,0.01,0.01,2321.732546,1776194529000
1776194531.171,131.171,0.64,49.13,0.63,25.5,0.65,20.59,0.66,22.49,0.35,20.59,0.34,22.49,0.36,49.13,0.37,25.5,0.01,0.01,2321.783472,1776194530000
1776194532.254,132.254,0.64,49.13,0.63,25.5,0.65,20.59,0.66,22.49,0.35,20.59,0.34,22.49,0.36,49.13,0.37,25.5,0.01,0.01,2321.756635,1776194531000
1776194533.23,133.23,0.64,69.13,0.63,30.5,0.65,12.99,0.66,22.49,0.35,20.59,0.34,22.49,0.36,49.13,0.37,25.5,0.01,0.01,2321.756635,1776194531000
1776194533.873,133.873,0.62,22.0,0.61,33.97,0.63,92.5,0.64,25.5,0.35,12.99,0.34,22.49,0.36,69.13,0.37,30.5,0.01,0.01,2321.769689,1776194532000
1776194534.177,134.177,0.6,5.72,0.59,29.5,0.61,60.5,0.62,55.5,0.37,92.5,0.36,25.5,0.38,22.0,0.39,33.97,0.01,0.01,2321.769709,1776194533000
1776194534.659,134.659,0.6,15.09,0.59,28.5,0.61,71.5,0.62,55.5,0.39,56.5,0.38,55.5,0.4,5.72,0.41,49.5,0.01,0.01,2321.769709,1776194533000
1776194535.04,135.04,0.6,15.09,0.59,28.5,0.61,71.5,0.62,55.5,0.39,71.5,0.38,55.5,0.4,15.09,0.41,28.5,0.01,0.01,2321.7831,1776194534000
1776194535.545,135.545,0.58,13.33,0.53,9.43,0.6,219.0,0.61,132.5,0.39,71.5,0.38,55.5,0.4,15.09,0.41,28.5,0.02,0.01,2321.7831,1776194534000
1776194535.756,135.756,0.49,15.47,0.47,0.18,0.5,10.0,0.51,15.0,0.48,90.0,0.47,15.0,0.51,15.57,0.53,0.18,0.01,0.03,2321.7831,1776194534000
1776194535.971,135.971,0.38,82.0,0.37,75.0,0.46,15.0,0.47,15.0,0.54,15.0,0.53,15.0,0.58,15.1,0.59,28.47,0.08,0.04,2321.7831,1776194534000
1776194536.176,136.176,0.37,83.0,0.36,185.0,0.38,12.36,0.39,15.0,0.61,10.0,0.6,10.0,0.63,75.0,0.64,5.0,0.01,0.02,2321.7831,1776194534000
1776194536.543,136.543,0.33,5.0,0.32,5.0,0.36,10.0,0.37,15.0,0.61,10.0,0.6,10.0,0.63,10.0,0.64,5.0,0.03,0.02,2321.681245,1776194535000
1776194536.821,136.821,0.3,33.0,0.28,14.0,0.32,16.0,0.33,15.0,0.64,92.0,0.63,21.0,0.71,10.0,0.72,92.89,0.02,0.07,2321.681245,1776194535000
1776194537.078,137.078,0.25,76.36,0.24,24.7,0.26,10.0,0.27,15.0,0.72,15.0,0.71,21.0,0.75,76.2,0.76,24.7,0.01,0.03,2321.681245,1776194535000
1776194537.345,137.345,0.25,11.2,0.24,16.0,0.26,10.0,0.27,15.0,0.74,10.0,0.73,15.0,0.75,11.2,0.76,16.0,0.01,0.01,2321.246102,1776194536000
1776194537.565,137.565,0.24,19.39,0.23,25.3,0.25,20.0,0.26,10.0,0.74,10.0,0.73,21.0,0.76,29.38,0.77,25.3,0.01,0.02,2321.246102,1776194536000
1776194537.815,137.815,0.24,33.5,0.23,30.3,0.25,15.0,0.26,10.0,0.75,15.0,0.74,10.0,0.76,19.39,0.77,25.3,0.01,0.01,2321.246102,1776194536000
1776194538.277,138.277,0.24,55.21,0.23,25.3,0.27,8.48,0.28,26.0,0.75,14.0,0.74,10.0,0.76,35.21,0.77,30.3,0.03,0.01,2321.246102,1776194536000
1776194538.513,138.513,0.25,12.0,0.24,20.0,0.28,24.48,0.29,21.0,0.73,8.48,0.72,26.0,0.76,55.21,0.77,25.3,0.03,0.03,2321.246102,1776194536000
1776194538.729,138.729,0.25,18.87,0.24,39.0,0.27,5.3,0.28,24.48,0.73,5.3,0.72,24.48,0.75,27.5,0.76,39.0,0.02,0.02,2320.54995,1776194537000
1776194539.026,139.026,0.25,18.87,0.24,20.0,0.26,3.7,0.27,5.3,0.73,5.3,0.72,24.48,0.75,18.87,0.76,39.0,0.01,0.02,2320.54995,1776194537000
1776194539.562,139.562,0.25,16.87,0.24,46.97,0.26,3.7,0.27,5.3,0.74,3.7,0.73,5.3,0.75,16.87,0.76,46.97,0.01,0.01,2319.77424,1776194538000
1776194539.764,139.764,0.25,9.19,0.24,40.97,0.26,3.7,0.27,5.3,0.74,3.7,0.73,5.3,0.75,16.87,0.76,46.97,0.01,0.01,2319.77424,1776194538000
1776194540.03,140.03,0.25,2.52,0.24,40.97,0.26,10.0,0.27,10.0,0.72,34.48,0.71,21.0,0.75,9.19,0.76,53.44,0.01,0.03,2319.77424,1776194538000
1776194540.553,140.553,0.24,12.32,0.21,34.17,0.25,15.0,0.26,202.0,0.74,10.0,0.73,10.0,0.75,2.52,0.76,40.97,0.01,0.01,2319.68119,1776194539000
1776194541.244,141.244,0.22,6.09,0.21,38.9,0.23,10.0,0.24,15.0,0.75,15.0,0.74,202.0,0.79,29.17,0.8,22.5,0.01,0.04,2319.68119,1776194539000
1776194541.545,141.545,0.22,12.59,0.21,31.43,0.23,20.09,0.24,15.0,0.77,10.0,0.76,15.0,0.78,6.09,0.79,38.9,0.01,0.01,2319.68119,1776194539000
1776194541.788,141.788,0.22,7.59,0.21,31.43,0.24,12.79,0.25,15.0,0.77,20.09,0.76,15.0,0.78,12.59,0.79,31.43,0.02,0.01,2319.622859,1776194540000
1776194542.208,142.208,0.22,7.59,0.21,31.43,0.24,12.79,0.25,15.0,0.76,12.79,0.75,15.0,0.78,7.59,0.79,31.43,0.02,0.02,2319.615707,1776194541000
1776194542.505,142.505,0.22,12.59,0.21,9.73,0.23,5.0,0.24,17.79,0.77,10.0,0.76,17.79,0.78,17.59,0.79,9.73,0.01,0.01,2319.615707,1776194541000
1776194542.813,142.813,0.22,2.59,0.21,9.73,0.23,10.0,0.24,17.79,0.77,10.0,0.76,17.79,0.78,7.59,0.79,9.73,0.01,0.01,2319.615707,1776194541000
1776194543.103,143.103,0.22,16.17,0.21,14.73,0.23,10.0,0.24,22.79,0.77,15.0,0.76,22.79,0.78,0.67,0.79,9.73,0.01,0.01,2319.615707,1776194541000
1776194543.316,143.316,0.22,51.17,0.21,14.73,0.24,3.94,0.25,15.0,0.77,1.95,0.76,22.79,0.78,16.17,0.79,14.73,0.02,0.01,2319.615707,1776194541000
1776194543.645,143.645,0.22,50.17,0.21,14.73,0.23,15.0,0.24,15.0,0.76,3.94,0.75,15.0,0.78,51.17,0.79,14.73,0.01,0.02,2319.421173,1776194542000
1776194544.059,144.059,0.22,53.05,0.21,14.73,0.23,15.0,0.24,10.0,0.77,15.0,0.76,15.0,0.78,50.17,0.79,14.73,0.01,0.01,2319.421173,1776194542000
1776194544.884,144.884,0.22,73.05,0.21,30.0,0.23,15.0,0.24,10.0,0.77,15.0,0.76,10.0,0.78,53.05,0.79,14.73,0.01,0.01,2319.425177,1776194543000
1776194545.472,145.472,0.22,51.56,0.2,27.5,0.23,15.0,0.24,10.0,0.77,15.0,0.76,10.0,0.78,47.85,0.79,30.0,0.01,0.01,2319.425177,1776194543000
1776194545.904,145.904,0.22,45.27,0.21,21.7,0.23,15.0,0.24,10.0,0.77,15.0,0.76,10.0,0.78,51.56,0.8,27.5,0.01,0.01,2319.430526,1776194544000
1776194546.316,146.316,0.22,45.27,0.21,21.7,0.23,15.0,0.24,10.0,0.77,15.0,0.76,10.0,0.78,45.27,0.79,21.7,0.01,0.01,2319.430896,1776194545000
1776194546.993,146.993,0.17,15.99,0.16,26.8,0.22,20.0,0.23,106.04,0.77,15.0,0.76,10.0,0.78,45.27,0.79,21.7,0.05,0.01,2319.430896,1776194545000
1776194547.359,147.359,0.15,34.21,0.14,29.9,0.17,10.0,0.18,22.0,0.79,10.0,0.78,20.0,0.85,33.1,0.86,29.9,0.02,0.06,2319.430709,1776194546000
1776194547.934,147.934,0.15,53.05,0.14,129.9,0.16,5.0,0.17,15.0,0.84,5.0,0.83,15.0,0.85,84.21,0.86,29.9,0.01,0.01,2319.430709,1776194546000
1776194548.285,148.285,0.16,29.73,0.15,36.05,0.18,22.0,0.19,10.0,0.83,10.0,0.82,22.0,0.85,53.05,0.86,129.9,0.02,0.02,2319.426831,1776194547000
1776194548.613,148.613,0.16,19.73,0.15,36.05,0.17,10.0,0.18,22.0,0.82,22.0,0.81,10.0,0.84,29.73,0.85,36.05,0.01,0.02,2319.426831,1776194547000
1776194548.927,148.927,0.16,19.26,0.15,49.48,0.18,13.66,0.19,10.0,0.82,3.66,0.81,10.0,0.84,9.26,0.85,49.48,0.02,0.02,2319.426831,1776194547000
1776194549.152,149.152,0.16,14.26,0.15,49.48,0.19,8.66,0.2,32.0,0.82,13.66,0.81,10.0,0.84,19.26,0.85,49.48,0.03,0.02,2319.426831,1776194547000
1776194549.408,149.408,0.15,34.73,0.14,343.1,0.18,20.5,0.19,8.66,0.82,20.5,0.81,8.66,0.84,9.26,0.85,49.48,0.03,0.02,2318.861725,1776194548000
1776194549.611,149.611,0.16,8.0,0.15,34.73,0.17,7.0,0.18,20.5,0.82,20.5,0.81,8.66,0.85,34.73,0.86,343.1,0.01,0.03,2318.861725,1776194548000
1776194549.914,149.914,0.15,34.73,0.14,343.1,0.16,11.0,0.17,35.0,0.83,7.0,0.82,20.5,0.84,8.0,0.85,34.73,0.01,0.01,2318.861725,1776194548000
1776194550.573,150.573,0.15,34.73,0.14,343.1,0.16,11.0,0.17,35.0,0.84,11.0,0.83,35.0,0.85,34.73,0.86,343.1,0.01,0.01,2318.815757,1776194549000
1776194550.777,150.777,0.15,92.24,0.14,110.0,0.16,110.04,0.17,138.0,0.84,11.0,0.83,35.0,0.85,34.73,0.86,343.1,0.01,0.01,2318.815757,1776194549000
1776194551.153,151.153,0.13,10.0,0.12,15.09,0.14,11.0,0.15,151.0,0.84,290.04,0.83,138.0,0.85,85.07,0.86,110.0,0.01,0.01,2318.815757,1776194549000
1776194551.369,151.369,0.12,13.95,0.11,46.79,0.13,22.0,0.14,26.0,0.87,12.0,0.86,11.0,0.88,15.09,0.89,46.79,0.01,0.01,2318.810817,1776194550000
1776194551.949,151.949,0.12,6.95,0.11,46.79,0.13,22.0,0.14,26.0,0.87,22.0,0.86,26.0,0.88,6.95,0.89,46.79,0.01,0.01,2318.811251,1776194551000
1776194552.273,152.273,0.11,14.18,0.1,4.51,0.12,6.0,0.13,38.5,0.87,38.5,0.86,222.5,0.88,9.9,0.9,4.51,0.01,0.01,2318.811251,1776194551000
1776194552.582,152.582,0.11,0.67,0.1,4.51,0.12,55.04,0.13,38.5,0.88,37.04,0.87,38.5,0.89,1.91,0.9,4.51,0.01,0.01,2318.811251,1776194551000
1776194553.1,153.1,0.09,57.09,0.08,83.9,0.11,44.0,0.12,51.63,0.88,65.04,0.87,43.5,0.9,28.02,0.91,79.0,0.02,0.02,2318.811251,1776194551000
1776194553.405,153.405,0.1,4.69,0.09,8.09,0.11,327.5,0.12,176.59,0.89,232.0,0.88,145.63,0.9,8.77,0.91,52.09,0.01,0.01,2318.435365,1776194552000
1776194553.643,153.643,0.08,0.82,0.07,10.0,0.09,32.04,0.1,122.0,0.9,35.0,0.89,246.0,0.92,1.91,0.93,10.0,0.01,0.02,2318.435365,1776194552000
1776194553.988,153.988,0.08,0.82,0.07,10.0,0.09,186.84,0.1,122.0,0.91,32.04,0.9,122.0,0.92,0.82,0.93,10.0,0.01,0.01,2318.435365,1776194552000
1776194554.399,154.399,0.05,22.84,0.04,96.0,0.08,32.0,0.09,42.0,0.91,171.8,0.9,122.0,0.93,7.84,0.94,73.8,0.03,0.02,2318.435365,1776194552000
1776194554.626,154.626,0.05,20.2,0.04,223.0,0.07,22.9,0.08,74.0,0.94,5.0,0.93,23.0,0.96,223.0,0.97,449.03,0.02,0.02,2318.241095,1776194553000
1776194554.908,154.908,0.05,26.43,0.04,475.89,0.07,23.97,0.08,15.0,0.93,11.9,0.92,10.0,0.94,10.0,0.95,26.54,0.02,0.01,2318.241095,1776194553000
1776194555.135,155.135,0.05,26.43,0.04,475.89,0.07,23.97,0.08,15.0,0.93,23.97,0.92,15.0,0.95,26.43,0.96,475.89,0.02,0.02,2317.9808,1776194554000
1776194555.356,155.356,0.05,29.73,0.04,136.8,0.07,30.47,0.08,20.0,0.94,7.89,0.93,15.0,0.95,29.73,0.96,136.8,0.02,0.01,2317.9808,1776194554000
1776194555.609,155.609,0.05,222.63,0.04,116.8,0.06,6.9,0.07,30.47,0.94,7.0,0.93,30.47,0.95,222.63,0.96,116.8,0.01,0.01,2317.9808,1776194554000
1776194555.869,155.869,0.05,215.52,0.04,130.9,0.07,30.47,0.08,10.0,0.93,30.47,0.92,10.0,0.95,225.52,0.96,116.8,0.02,0.02,2317.9808,1776194554000
1776194556.195,156.195,0.05,215.52,0.04,289.34,0.07,27.47,0.08,10.0,0.93,27.47,0.92,10.0,0.95,215.52,0.96,289.34,0.02,0.02,2317.54336,1776194555000
1776194556.581,156.581,0.05,215.99,0.04,289.34,0.07,4.47,0.08,38.0,0.93,27.47,0.92,10.0,0.95,215.52,0.96,289.34,0.02,0.02,2317.54336,1776194555000
1776194556.983,156.983,0.05,224.9,0.04,289.34,0.07,1.89,0.08,38.0,0.93,4.47,0.92,38.0,0.95,215.99,0.96,289.34,0.02,0.02,2317.54336,1776194555000
1776194557.227,157.227,0.05,216.55,0.04,289.34,0.07,1.89,0.08,38.0,0.93,1.89,0.92,38.0,0.95,216.55,0.96,289.34,0.02,0.02,2317.335685,1776194556000
1776194557.738,157.738,0.06,192.93,0.05,190.0,0.07,1.89,0.08,31.0,0.93,1.89,0.92,38.0,0.95,216.55,0.96,289.34,0.01,0.02,2317.335685,1776194556000
1776194558.071,158.071,0.06,357.87,0.05,10.0,0.07,15.0,0.08,24.89,0.92,9.89,0.91,16.0,0.94,183.14,0.95,190.0,0.01,0.02,2317.335685,1776194556000
1776194558.335,158.335,0.06,357.87,0.05,10.0,0.07,15.0,0.08,24.89,0.93,15.0,0.92,24.89,0.94,357.87,0.95,10.0,0.01,0.01,2317.32366,1776194557000
1776194558.576,158.576,0.07,177.8,0.06,187.87,0.09,10.0,0.1,44.8,0.91,10.0,0.9,44.8,0.93,8.92,0.94,367.87,0.02,0.02,2317.32366,1776194557000
1776194559.312,159.312,0.07,177.8,0.06,187.87,0.09,10.0,0.1,44.8,0.91,10.0,0.9,44.8,0.93,177.8,0.94,187.87,0.02,0.02,2317.289345,1776194558000
1776194559.73,159.73,0.07,156.52,0.06,187.87,0.08,11.0,0.09,10.0,0.92,11.0,0.91,10.0,0.93,161.52,0.94,187.87,0.01,0.01,2317.289345,1776194558000
1776194559.94,159.94,0.08,46.5,0.07,156.52,0.09,32.0,0.1,40.8,0.91,20.0,0.9,40.8,0.92,51.5,0.93,156.52,0.01,0.01,2317.289345,1776194558000
1776194560.283,160.283,0.08,28.62,0.07,156.52,0.09,22.0,0.1,40.8,0.91,22.0,0.9,40.8,0.92,28.62,0.93,156.52,0.01,0.01,2317.301505,1776194559000
1776194560.532,160.532,0.08,53.57,0.07,152.99,0.09,5.0,0.1,13.3,0.91,5.0,0.9,25.3,0.92,10.0,0.93,195.99,0.01,0.01,2317.301505,1776194559000
1776194560.902,160.902,0.09,294.0,0.08,171.09,0.1,0.3,0.11,5.0,0.9,10.3,0.89,15.0,0.91,10.0,0.92,53.57,0.01,0.01,2317.301505,1776194559000
1776194561.306,161.306,0.09,289.0,0.08,171.09,0.13,7.0,0.14,10.0,0.87,7.0,0.86,10.0,0.91,289.0,0.92,171.09,0.04,0.04,2317.348975,1776194560000
1776194561.867,161.867,0.11,245.0,0.1,86.0,0.13,5.1,0.14,10.0,0.85,10.0,0.84,27.0,0.89,240.0,0.9,86.0,0.02,0.04,2317.348975,1776194560000
1776194562.457,162.457,0.11,59.38,0.1,80.0,0.13,5.1,0.14,10.0,0.87,5.1,0.86,10.0,0.89,245.0,0.9,86.0,0.02,0.02,2317.429655,1776194561000
1776194562.936,162.936,0.11,24.38,0.1,80.0,0.13,5.1,0.14,10.0,0.87,5.1,0.86,10.0,0.89,24.38,0.9,80.0,0.02,0.02,2318.250422,1776194562000
1776194563.709,163.709,0.13,25.0,0.12,10.0,0.16,24.0,0.17,41.02,0.87,5.1,0.86,10.0,0.89,24.38,0.9,80.0,0.03,0.02,2318.250422,1776194562000
1776194563.982,163.982,0.14,4.65,0.13,30.0,0.15,15.0,0.16,29.0,0.84,24.0,0.83,41.02,0.87,25.0,0.88,10.0,0.01,0.03,2318.29306,1776194563000
1776194564.528,164.528,0.13,29.65,0.12,190.0,0.15,15.0,0.16,29.0,0.85,15.0,0.84,29.0,0.86,4.65,0.87,30.0,0.02,0.01,2318.29306,1776194563000
1776194564.956,164.956,0.13,29.65,0.12,190.0,0.15,15.0,0.16,29.0,0.85,15.0,0.84,29.0,0.87,29.65,0.88,190.0,0.02,0.02,2318.248105,1776194564000
1776194565.18,165.18,0.13,12.82,0.12,190.0,0.15,15.0,0.16,115.04,0.85,15.0,0.84,29.0,0.87,29.65,0.88,190.0,0.02,0.02,2318.248105,1776194564000
1776194565.782,165.782,0.14,5.59,0.13,10.0,0.15,40.0,0.16,115.04,0.85,15.0,0.84,115.04,0.87,12.82,0.88,190.0,0.01,0.02,2318.248105,1776194564000
1776194566.049,166.049,0.14,5.59,0.13,10.0,0.15,40.0,0.16,115.04,0.85,40.0,0.84,115.04,0.86,5.59,0.87,10.0,0.01,0.01,2318.39773,1776194565000
1776194566.356,166.356,0.14,4.42,0.12,180.0,0.15,40.0,0.16,115.04,0.85,40.0,0.84,115.04,0.86,5.59,0.87,10.0,0.01,0.01,2318.39773,1776194565000
1776194566.618,166.618,0.12,173.95,0.11,24.38,0.13,32.0,0.14,10.0,0.85,40.0,0.84,115.04,0.86,4.42,0.88,180.0,0.01,0.01,2318.39773,1776194565000
1776194566.967,166.967,0.12,178.95,0.11,24.38,0.15,55.51,0.16,301.04,0.85,55.51,0.84,301.04,0.88,178.95,0.89,24.38,0.03,0.03,2318.46203,1776194566000
1776194567.841,167.841,0.11,31.38,0.1,108.0,0.13,15.0,0.14,116.4,0.85,55.51,0.84,301.04,0.88,178.95,0.89,24.38,0.02,0.03,2318.46203,1776194566000
1776194568.523,168.523,0.11,28.2,0.1,108.0,0.12,158.74,0.13,10.0,0.87,15.0,0.86,116.4,0.89,31.38,0.9,108.0,0.01,0.02,2318.479875,1776194567000
1776194569.469,169.469,0.11,26.96,0.1,108.0,0.12,158.74,0.13,10.0,0.88,158.74,0.87,10.0,0.89,26.96,0.9,108.0,0.01,0.01,2318.367485,1776194568000
1776194569.785,169.785,0.11,15.09,0.1,288.0,0.12,148.89,0.13,190.0,0.88,158.74,0.87,10.0,0.89,26.96,0.9,108.0,0.01,0.01,2318.367485,1776194568000
1776194570.262,170.262,0.11,15.09,0.1,288.0,0.12,148.89,0.13,190.0,0.88,148.89,0.87,190.0,0.89,15.09,0.9,288.0,0.01,0.01,2318.144515,1776194569000
1776194570.619,170.619,0.11,200.09,0.1,108.0,0.12,114.55,0.14,10.0,0.88,148.89,0.87,190.0,0.89,15.09,0.9,288.0,0.01,0.01,2318.144515,1776194569000
1776194570.931,170.931,0.11,169.09,0.1,108.0,0.12,5.09,0.13,8.0,0.88,99.55,0.86,10.0,0.89,195.09,0.9,108.0,0.01,0.01,2318.144515,1776194569000
1776194571.31,171.31,0.13,17.76,0.12,10.0,0.14,165.96,0.15,210.0,0.86,143.02,0.85,210.0,0.87,8.91,0.89,179.09,0.01,0.01,2318.144515,1776194569000
1776194571.922,171.922,0.13,27.11,0.12,20.5,0.14,161.02,0.15,225.5,0.86,165.96,0.85,210.0,0.87,16.61,0.88,10.0,0.01,0.01,2318.08609,1776194570000
1776194572.207,172.207,0.13,22.11,0.12,25.5,0.14,117.32,0.15,232.5,0.86,161.02,0.85,225.5,0.87,27.11,0.88,20.5,0.01,0.01,2318.08609,1776194570000
1776194572.444,172.444,0.13,7.72,0.12,25.5,0.14,117.32,0.15,232.5,0.86,117.32,0.85,232.5,0.87,18.33,0.88,25.5,0.01,0.01,2318.115715,1776194571000
1776194573.421,173.421,0.11,24.58,0.1,48.5,0.13,269.0,0.14,203.32,0.86,117.32,0.85,232.5,0.87,7.72,0.88,25.5,0.02,0.01,2318.115715,1776194571000
1776194573.627,173.627,0.11,19.58,0.1,48.5,0.12,8.0,0.13,261.0,0.88,8.0,0.87,256.0,0.89,19.58,0.9,48.5,0.01,0.01,2318.28379,1776194572000
1776194574.32,174.32,0.11,19.58,0.1,48.5,0.12,8.0,0.13,261.0,0.88,8.0,0.87,256.0,0.89,19.58,0.9,48.5,0.01,0.01,2318.316545,1776194573000
1776194575.037,175.037,0.11,19.58,0.1,48.5,0.12,8.0,0.13,261.0,0.88,8.0,0.87,256.0,0.89,19.58,0.9,48.5,0.01,0.01,2318.334795,1776194574000
1776194575.288,175.288,0.11,35.89,0.1,69.5,0.12,62.1,0.13,8.0,0.88,56.44,0.87,8.0,0.89,27.52,0.9,69.5,0.01,0.01,2318.334795,1776194574000
1776194575.742,175.742,0.11,18.2,0.1,249.5,0.12,67.1,0.13,8.0,0.88,67.1,0.87,8.0,0.89,19.69,0.9,69.5,0.01,0.01,2318.334795,1776194574000
1776194576.315,176.315,0.11,21.78,0.1,249.5,0.12,52.16,0.13,8.0,0.88,52.16,0.87,8.0,0.89,21.78,0.9,249.5,0.01,0.01,2318.233402,1776194575000
1776194576.556,176.556,0.11,59.78,0.1,151.4,0.12,2.16,0.14,14.35,0.88,52.16,0.87,8.0,0.89,21.78,0.9,249.5,0.01,0.01,2318.233402,1776194575000
1776194576.868,176.868,0.14,26.0,0.13,23.74,0.15,5.95,0.16,12.0,0.85,16.95,0.84,7.0,0.87,48.74,0.88,15.0,0.01,0.02,2318.233402,1776194575000
1776194577.319,177.319,0.15,26.0,0.14,10.0,0.16,12.0,0.17,5.0,0.84,12.0,0.83,18.0,0.86,41.65,0.87,23.74,0.01,0.02,2318.233402,1776194575000
1776194577.867,177.867,0.15,52.0,0.14,10.0,0.16,10.0,0.17,5.0,0.84,12.0,0.83,5.0,0.85,26.0,0.86,10.0,0.01,0.01,2318.340433,1776194576000
1776194578.368,178.368,0.15,52.0,0.14,10.0,0.16,10.0,0.17,5.0,0.84,10.0,0.83,5.0,0.85,52.0,0.86,10.0,0.01,0.01,2318.398389,1776194577000
1776194578.735,178.735,0.15,47.0,0.14,66.7,0.17,94.27,0.18,32.0,0.84,12.0,0.83,100.33,0.85,52.0,0.86,66.7,0.02,0.01,2318.398389,1776194577000
1776194579.169,179.169,0.16,47.0,0.15,36.0,0.17,99.27,0.18,32.0,0.83,94.27,0.82,32.0,0.85,47.0,0.86,66.7,0.01,0.02,2318.398389,1776194577000
1776194579.43,179.43,0.16,47.0,0.15,36.0,0.17,99.27,0.18,32.0,0.83,99.27,0.82,32.0,0.84,47.0,0.85,36.0,0.01,0.01,2318.743655,1776194578000
1776194579.975,179.975,0.16,67.0,0.15,36.0,0.17,99.27,0.18,48.0,0.83,99.27,0.82,32.0,0.84,47.0,0.85,36.0,0.01,0.01,2318.743655,1776194578000
1776194581.159,181.159,0.16,78.94,0.15,36.0,0.17,99.27,0.18,211.0,0.83,99.27,0.82,48.0,0.84,67.0,0.85,36.0,0.01,0.01,2318.7445,1776194579000
1776194582.027,182.027,0.16,78.94,0.15,36.0,0.17,99.27,0.18,211.0,0.83,99.27,0.82,211.0,0.84,78.94,0.85,36.0,0.01,0.01,2318.75013,1776194581000
1776194582.387,182.387,0.16,46.04,0.15,38.9,0.17,222.0,0.18,118.69,0.83,99.27,0.82,211.0,0.84,78.94,0.85,36.0,0.01,0.01,2318.75013,1776194581000
1776194583.011,183.011,0.16,49.82,0.15,21.0,0.17,52.09,0.18,206.0,0.83,222.0,0.82,118.69,0.84,46.04,0.85,38.9,0.01,0.01,2318.75013,1776194581000
1776194583.283,183.283,0.16,65.51,0.15,26.9,0.17,58.16,0.18,206.0,0.83,52.09,0.82,206.0,0.84,48.51,0.85,21.0,0.01,0.01,2318.75013,1776194581000
1776194583.554,183.554,0.16,65.13,0.15,21.0,0.17,23.56,0.18,9.0,0.83,40.56,0.82,9.0,0.84,60.13,0.85,21.0,0.01,0.01,2318.75735,1776194582000
1776194583.795,183.795,0.16,55.55,0.15,21.0,0.17,25.33,0.18,9.0,0.83,23.56,0.82,9.0,0.84,55.55,0.85,21.0,0.01,0.01,2318.75735,1776194582000
1776194584.02,184.02,0.16,55.55,0.15,21.0,0.17,25.33,0.18,9.0,0.83,25.33,0.82,9.0,0.84,55.55,0.85,21.0,0.01,0.01,2318.77693,1776194583000
1776194584.457,184.457,0.15,58.9,0.14,60.7,0.17,263.79,0.18,113.13,0.83,28.79,0.82,91.13,0.84,45.55,0.85,21.0,0.02,0.01,2318.77693,1776194583000
1776194584.665,184.665,0.14,60.25,0.13,46.0,0.16,105.0,0.17,65.79,0.84,105.0,0.83,65.79,0.85,5.0,0.86,60.7,0.02,0.01,2318.77693,1776194583000
1776194585.371,185.371,0.14,17.25,0.13,46.0,0.15,23.0,0.16,150.0,0.85,23.0,0.84,150.0,0.86,17.25,0.87,46.0,0.01,0.01,2318.727727,1776194584000
1776194586.124,186.124,0.14,20.82,0.13,21.0,0.15,345.43,0.16,84.0,0.85,225.0,0.84,211.85,0.86,20.82,0.87,21.0,0.01,0.01,2318.727727,1776194584000
1776194586.382,186.382,0.14,20.82,0.13,10.0,0.15,277.43,0.16,95.95,0.85,345.43,0.84,84.0,0.86,20.82,0.87,21.0,0.01,0.01,2318.727727,1776194584000
1776194586.837,186.837,0.14,19.34,0.13,10.0,0.15,291.43,0.16,86.95,0.85,277.43,0.84,95.95,0.86,20.82,0.87,10.0,0.01,0.01,2318.77644,1776194585000
1776194587.105,187.105,0.14,19.34,0.13,10.0,0.15,291.43,0.16,86.95,0.85,291.43,0.84,86.95,0.86,19.34,0.87,10.0,0.01,0.01,2318.697425,1776194586000
1776194587.331,187.331,0.14,0.62,0.13,10.0,0.15,310.84,0.16,82.0,0.85,310.84,0.84,93.95,0.86,8.06,0.87,10.0,0.01,0.01,2318.697425,1776194586000
1776194587.701,187.701,0.11,20.0,0.1,58.5,0.15,310.57,0.16,80.0,0.85,310.84,0.84,82.0,0.87,5.0,0.88,27.9,0.04,0.02,2318.697425,1776194586000
1776194588.0,188.0,0.1,22.88,0.09,41.0,0.11,43.0,0.12,24.0,0.89,47.02,0.88,24.0,0.9,65.5,0.91,41.0,0.01,0.01,2318.697425,1776194586000
1776194588.25,188.25,0.1,29.01,0.09,10.0,0.11,53.0,0.12,34.0,0.89,43.0,0.88,24.0,0.9,22.88,0.91,41.0,0.01,0.01,2318.540003,1776194587000
1776194588.794,188.794,0.1,2.73,0.09,10.0,0.11,415.48,0.12,44.0,0.89,73.0,0.88,34.0,0.9,13.59,0.91,10.0,0.01,0.01,2318.540003,1776194587000
1776194589.07,189.07,0.09,7.2,0.08,10.0,0.11,435.43,0.12,54.0,0.89,415.48,0.88,44.0,0.9,2.73,0.91,10.0,0.02,0.01,2318.540003,1776194587000
1776194589.657,189.657,0.09,5.0,0.08,52.0,0.1,20.0,0.11,233.0,0.89,282.95,0.88,54.0,0.91,6.09,0.92,10.0,0.01,0.02,2318.474145,1776194588000
1776194590.334,190.334,0.08,42.0,0.07,60.01,0.09,508.79,0.1,46.95,0.9,46.95,0.89,238.0,0.92,47.0,0.93,8.92,0.01,0.02,2318.474145,1776194588000
1776194591.008,191.008,0.04,279.46,0.03,448.03,0.08,10.0,0.09,338.0,0.92,10.0,0.91,338.0,0.96,279.46,0.97,448.03,0.04,0.04,2317.92178,1776194590000
1776194591.513,191.513,0.05,29.14,0.04,289.46,0.07,27.28,0.08,258.0,0.93,27.28,0.92,258.0,0.95,30.2,0.96,289.46,0.02,0.02,2317.92178,1776194590000
1776194591.975,191.975,0.05,5.0,0.04,190.0,0.06,15.0,0.07,206.0,0.93,27.28,0.92,258.0,0.95,29.14,0.96,289.46,0.01,0.02,2317.92178,1776194590000
1776194592.185,192.185,0.05,3.92,0.04,190.0,0.06,9.6,0.07,206.0,0.94,9.6,0.93,206.0,0.95,3.92,0.96,190.0,0.01,0.01,2317.70505,1776194591000
1776194592.935,192.935,0.04,10.0,0.03,342.23,0.05,36.0,0.06,26.55,0.94,9.6,0.93,206.0,0.95,3.92,0.96,190.0,0.01,0.01,2317.70505,1776194591000
1776194593.31,193.31,0.03,502.95,0.02,444.98,0.04,107.74,0.05,5.0,0.96,104.0,0.95,56.0,0.97,322.95,0.98,438.98,0.01,0.01,2317.70505,1776194591000
1776194593.57,193.57,0.03,495.64,0.02,444.98,0.04,110.4,0.05,5.0,0.96,110.4,0.95,5.0,0.97,502.95,0.98,444.98,0.01,0.01,2317.54302,1776194592000
1776194593.949,193.949,0.03,495.64,0.02,444.98,0.04,110.4,0.05,5.0,0.96,110.4,0.95,5.0,0.97,495.64,0.98,444.98,0.01,0.01,2317.43747,1776194593000
1776194594.3,194.3,0.03,483.57,0.02,444.98,0.04,110.4,0.05,38.0,0.96,110.4,0.95,38.0,0.97,486.64,0.98,444.98,0.01,0.01,2317.43747,1776194593000
1776194594.682,194.682,0.03,508.55,0.02,444.98,0.04,113.4,0.05,38.0,0.96,110.4,0.95,38.0,0.97,474.89,0.98,444.98,0.01,0.01,2317.43747,1776194593000
1776194594.957,194.957,0.03,501.55,0.02,444.98,0.04,102.4,0.05,103.8,0.96,113.4,0.95,38.0,0.97,508.55,0.98,444.98,0.01,0.01,2317.43747,1776194593000
1776194595.39,195.39,0.03,478.49,0.02,439.98,0.04,102.4,0.05,5.0,0.96,102.4,0.95,103.8,0.97,501.55,0.98,444.98,0.01,0.01,2317.098475,1776194594000
1776194595.801,195.801,0.03,264.83,0.02,613.98,0.04,108.4,0.05,38.0,0.96,102.4,0.95,5.0,0.97,478.49,0.98,439.98,0.01,0.01,2317.098475,1776194594000
1776194596.286,196.286,0.03,264.83,0.02,613.98,0.04,108.4,0.05,38.0,0.96,108.4,0.95,38.0,0.97,264.83,0.98,613.98,0.01,0.01,2316.8802,1776194595000
1776194597.046,197.046,0.03,297.54,0.02,647.88,0.04,72.09,0.05,317.8,0.96,108.4,0.95,38.0,0.97,264.83,0.98,613.98,0.01,0.01,2316.8802,1776194595000
1776194597.391,197.391,0.03,297.54,0.02,647.88,0.04,72.09,0.05,317.8,0.96,72.09,0.95,317.8,0.97,297.54,0.98,647.88,0.01,0.01,2317.043035,1776194596000
1776194597.786,197.786,0.03,296.5,0.02,647.88,0.04,72.09,0.05,317.8,0.96,72.09,0.95,317.8,0.97,297.54,0.98,647.88,0.01,0.01,2317.043035,1776194596000
1776194598.005,198.005,0.03,293.4,0.02,647.88,0.04,72.09,0.05,317.8,0.96,72.09,0.95,317.8,0.97,294.44,0.98,647.88,0.01,0.01,2316.92226,1776194597000
1776194598.592,198.592,0.03,293.4,0.02,647.88,0.05,283.47,0.06,78.4,0.96,72.09,0.95,317.8,0.97,293.4,0.98,647.88,0.02,0.01,2316.92226,1776194597000
1776194598.809,198.809,0.03,290.28,0.02,462.88,0.05,94.8,0.06,78.4,0.95,283.47,0.94,78.4,0.97,291.32,0.98,467.88,0.02,0.02,2316.92226,1776194597000
1776194599.012,199.012,0.03,308.0,0.02,439.98,0.05,85.8,0.06,101.4,0.95,85.8,0.94,101.4,0.97,310.06,0.98,439.98,0.02,0.02,2316.92226,1776194597000
1776194599.226,199.226,0.03,305.94,0.02,439.98,0.05,65.8,0.06,101.4,0.95,85.8,0.94,101.4,0.97,305.94,0.98,439.98,0.02,0.02,2316.765802,1776194598000
1776194599.521,199.521,0.04,8.93,0.03,458.59,0.05,98.8,0.06,80.75,0.95,65.8,0.94,103.35,0.97,476.49,0.98,433.98,0.01,0.02,2316.765802,1776194598000
1776194599.876,199.876,0.04,179.57,0.03,286.89,0.05,98.8,0.06,83.8,0.95,98.8,0.94,90.75,0.96,1.65,0.97,466.89,0.01,0.01,2316.765802,1776194598000
1776194600.168,200.168,0.04,177.89,0.03,286.89,0.05,268.84,0.06,83.8,0.95,93.8,0.94,83.8,0.96,177.26,0.97,278.59,0.01,0.01,2316.765802,1776194598000
1776194600.483,200.483,0.03,386.19,0.02,439.98,0.05,274.84,0.06,263.8,0.95,263.84,0.94,263.8,0.97,463.54,0.98,439.98,0.02,0.02,2316.862511,1776194599000
1776194601.009,201.009,0.03,381.04,0.02,462.88,0.05,279.84,0.06,263.8,0.95,279.84,0.94,263.8,0.97,381.04,0.98,462.88,0.02,0.02,2316.870651,1776194600000
1776194601.443,201.443,0.03,343.09,0.02,847.98,0.04,113.63,0.05,279.84,0.95,279.84,0.94,263.8,0.97,381.04,0.98,462.88,0.01,0.02,2316.870651,1776194600000
1776194602.049,202.049,0.03,343.09,0.02,847.98,0.04,113.63,0.05,279.84,0.96,113.63,0.95,279.84,0.97,343.09,0.98,847.98,0.01,0.01,2316.992435,1776194601000
1776194602.446,202.446,0.03,228.59,0.02,556.37,0.04,262.32,0.05,355.84,0.96,113.63,0.95,279.84,0.97,343.09,0.98,847.98,0.01,0.01,2316.992435,1776194601000
1776194602.687,202.687,0.03,235.78,0.02,554.37,0.04,262.32,0.05,355.84,0.96,262.32,0.95,355.84,0.97,228.59,0.98,556.37,0.01,0.01,2316.992435,1776194601000
1776194603.265,203.265,0.03,470.78,0.02,629.07,0.04,245.28,0.05,138.79,0.96,245.28,0.95,138.79,0.97,470.78,0.98,629.07,0.01,0.01,2316.87225,1776194602000
1776194603.658,203.658,0.04,7.92,0.03,511.77,0.05,75.8,0.06,147.75,0.96,245.28,0.95,138.79,0.97,470.78,0.98,629.07,0.01,0.01,2316.87225,1776194602000
1776194603.89,203.89,0.04,226.67,0.03,362.47,0.05,79.8,0.06,102.75,0.95,79.8,0.94,102.75,0.96,231.67,0.97,362.47,0.01,0.01,2316.87225,1776194602000
1776194604.428,204.428,0.04,226.67,0.03,362.47,0.05,79.8,0.06,102.75,0.95,79.8,0.94,102.75,0.96,226.67,0.97,362.47,0.01,0.01,2316.794725,1776194603000
1776194604.671,204.671,0.04,254.57,0.03,414.48,0.05,7.0,0.06,68.8,0.95,79.8,0.94,102.75,0.96,226.67,0.97,362.47,0.01,0.01,2316.794725,1776194603000
1776194605.236,205.236,0.04,246.55,0.03,417.78,0.05,49.36,0.06,68.8,0.95,7.0,0.94,68.8,0.96,254.57,0.97,414.48,0.01,0.01,2316.794725,1776194603000
1776194605.55,205.55,0.04,233.05,0.03,417.78,0.05,49.36,0.06,68.8,0.95,49.36,0.94,68.8,0.96,238.42,0.97,409.48,0.01,0.01,2316.880785,1776194604000
1776194605.967,205.967,0.04,233.05,0.03,412.78,0.05,47.36,0.06,68.8,0.95,49.36,0.94,68.8,0.96,233.05,0.97,417.78,0.01,0.01,2316.880785,1776194604000
1776194606.963,206.963,0.04,256.88,0.03,547.39,0.05,47.36,0.07,60.3,0.95,47.36,0.94,68.8,0.96,231.93,0.97,418.78,0.01,0.01,2316.880785,1776194604000
1776194607.174,207.174,0.04,255.56,0.03,547.39,0.05,5.09,0.06,56.69,0.95,37.36,0.93,60.3,0.96,261.97,0.97,547.39,0.01,0.01,2317.168815,1776194605000
1776194607.577,207.577,0.04,342.8,0.03,552.39,0.05,5.09,0.06,56.69,0.95,5.09,0.94,56.69,0.96,255.56,0.97,547.39,0.01,0.01,2317.168815,1776194605000
1776194607.811,207.811,0.04,322.38,0.03,552.39,0.05,5.09,0.06,56.69,0.95,5.09,0.94,56.69,0.96,322.38,0.97,552.39,0.01,0.01,2317.356835,1776194606000
1776194608.345,208.345,0.04,285.24,0.03,528.09,0.07,89.26,0.08,80.9,0.95,5.09,0.94,56.69,0.96,372.33,0.97,552.39,0.03,0.01,2317.356835,1776194606000
1776194609.013,209.013,0.06,91.88,0.05,107.99,0.07,97.26,0.08,91.9,0.93,87.26,0.92,75.9,0.94,10.0,0.95,65.0,0.01,0.01,2317.36807,1776194607000
1776194609.305,209.305,0.06,91.88,0.05,107.99,0.07,97.26,0.08,91.9,0.93,97.26,0.92,91.9,0.94,91.88,0.95,107.99,0.01,0.01,2317.48358,1776194608000
1776194609.514,209.514,0.06,90.81,0.05,102.99,0.07,106.26,0.08,103.94,0.93,97.26,0.92,91.9,0.94,91.88,0.95,107.99,0.01,0.01,2317.48358,1776194608000
1776194610.127,210.127,0.06,63.86,0.05,287.99,0.07,111.26,0.08,293.94,0.93,101.26,0.92,103.94,0.94,94.42,0.95,102.99,0.01,0.01,2317.48358,1776194608000
1776194610.705,210.705,0.06,54.99,0.05,287.99,0.07,111.26,0.08,293.94,0.93,111.26,0.92,293.94,0.94,54.99,0.95,287.99,0.01,0.01,2317.76517,1776194609000
1776194610.974,210.974,0.06,44.67,0.05,282.99,0.07,106.26,0.08,308.94,0.93,111.26,0.92,293.94,0.94,54.99,0.95,287.99,0.01,0.01,2317.76517,1776194609000
1776194611.463,211.463,0.06,2.87,0.05,252.66,0.07,106.26,0.08,308.94,0.93,106.26,0.92,308.94,0.94,2.87,0.95,252.66,0.01,0.01,2317.789411,1776194610000
1776194611.942,211.942,0.06,236.87,0.05,154.99,0.07,97.26,0.08,24.0,0.93,101.26,0.92,134.94,0.94,186.87,0.95,68.99,0.01,0.01,2317.789411,1776194610000
1776194612.17,212.17,0.06,236.87,0.05,154.99,0.07,97.26,0.08,24.0,0.93,97.26,0.92,24.0,0.94,236.87,0.95,154.99,0.01,0.01,2317.773445,1776194611000
1776194612.441,212.441,0.07,240.0,0.06,84.77,0.08,14.0,0.09,5.0,0.92,16.0,0.91,5.0,0.94,259.77,0.95,145.8,0.01,0.02,2317.773445,1776194611000
1776194612.66,212.66,0.08,40.0,0.07,238.81,0.1,5.0,0.11,16.95,0.91,5.0,0.9,10.0,0.92,20.0,0.93,288.81,0.02,0.01,2317.773445,1776194611000
1776194613.173,213.173,0.09,51.79,0.08,40.0,0.1,177.08,0.11,15.0,0.9,5.0,0.89,16.95,0.92,40.0,0.93,238.81,0.01,0.02,2317.773445,1776194611000
1776194613.421,213.421,0.09,19.72,0.08,40.0,0.1,182.08,0.11,20.0,0.9,177.08,0.89,15.0,0.91,44.72,0.92,40.0,0.01,0.01,2317.773445,1776194611000
1776194613.706,213.706,0.09,19.72,0.08,40.0,0.1,182.08,0.11,20.0,0.9,182.08,0.89,20.0,0.91,19.72,0.92,40.0,0.01,0.01,2317.81159,1776194612000
1776194613.991,213.991,0.09,28.62,0.08,40.0,0.1,167.63,0.11,20.0,0.9,182.08,0.89,20.0,0.91,19.72,0.92,40.0,0.01,0.01,2317.81159,1776194612000
1776194614.343,214.343,0.09,26.97,0.08,40.0,0.1,167.63,0.11,20.0,0.9,167.63,0.89,20.0,0.91,26.97,0.92,40.0,0.01,0.01,2318.057956,1776194613000
1776194615.047,215.047,0.08,20.47,0.06,30.0,0.09,201.95,0.1,253.63,0.91,201.95,0.9,253.63,0.92,20.47,0.94,30.0,0.01,0.01,2318.245455,1776194614000
1776194616.092,216.092,0.07,41.42,0.06,10.0,0.08,45.5,0.09,144.04,0.91,201.95,0.9,253.63,0.92,20.47,0.94,30.0,0.01,0.01,2318.245455,1776194614000
1776194616.36,216.36,0.07,41.42,0.06,10.0,0.08,45.5,0.09,144.04,0.92,45.5,0.91,144.04,0.93,41.42,0.94,10.0,0.01,0.01,2318.240185,1776194615000
1776194617.61,217.61,0.07,41.42,0.06,10.0,0.08,45.5,0.09,144.04,0.92,45.5,0.91,144.04,0.93,41.42,0.94,10.0,0.01,0.01,2318.06361,1776194616000
1776194618.378,218.378,0.07,41.42,0.06,10.0,0.08,45.5,0.09,144.04,0.92,45.5,0.91,144.04,0.93,41.42,0.94,10.0,0.01,0.01,2318.062185,1776194617000
1776194618.958,218.958,0.07,41.42,0.06,10.0,0.08,45.5,0.09,144.04,0.92,45.5,0.91,144.04,0.93,41.42,0.94,10.0,0.01,0.01,2318.047104,1776194618000
1776194619.332,219.332,0.06,13.95,0.05,10.0,0.07,193.09,0.08,479.31,0.92,45.5,0.91,144.04,0.93,41.42,0.94,10.0,0.01,0.01,2318.047104,1776194618000
1776194619.618,219.618,0.06,5.69,0.05,10.0,0.07,198.09,0.08,484.31,0.93,193.09,0.92,479.31,0.94,13.95,0.95,10.0,0.01,0.01,2318.047104,1776194618000
1776194619.829,219.829,0.06,5.69,0.05,16.0,0.07,242.35,0.08,441.44,0.93,198.09,0.92,484.31,0.94,5.69,0.95,10.0,0.01,0.01,2318.047104,1776194618000
1776194620.31,220.31,0.05,16.0,0.04,77.01,0.06,8.86,0.07,242.35,0.93,242.35,0.92,441.44,0.94,5.69,0.95,16.0,0.01,0.01,2317.954265,1776194619000
1776194621.223,221.223,0.05,16.0,0.04,77.01,0.06,8.86,0.07,242.35,0.94,8.86,0.93,242.35,0.95,16.0,0.96,77.01,0.01,0.01,2317.90147,1776194620000
1776194622.099,222.099,0.04,41.93,0.03,364.0,0.06,148.86,0.07,284.35,0.94,8.86,0.93,242.35,0.95,16.0,0.96,77.01,0.02,0.01,2317.90147,1776194620000
1776194622.404,222.404,0.04,41.93,0.03,364.0,0.06,148.86,0.07,284.35,0.94,148.86,0.93,284.35,0.96,41.93,0.97,364.0,0.02,0.02,2317.89897,1776194621000
1776194623.064,223.064,0.04,72.75,0.03,355.7,0.05,105.0,0.06,143.86,0.94,153.86,0.93,294.35,0.96,60.87,0.97,364.0,0.01,0.02,2317.89897,1776194621000
1776194623.543,223.543,0.04,72.75,0.03,355.7,0.05,105.0,0.06,143.86,0.95,105.0,0.94,143.86,0.96,72.75,0.97,355.7,0.01,0.01,2317.899135,1776194622000
1776194624.127,224.127,0.04,65.66,0.03,354.0,0.05,120.0,0.06,143.86,0.95,120.0,0.94,143.86,0.96,65.66,0.97,354.0,0.01,0.01,2317.8992,1776194623000
1776194624.991,224.991,0.04,29.14,0.03,476.71,0.05,120.0,0.06,416.81,0.95,120.0,0.94,143.86,0.96,65.66,0.97,354.0,0.01,0.01,2317.8992,1776194623000
1776194625.315,225.315,0.04,29.14,0.03,476.71,0.05,120.0,0.06,416.81,0.95,120.0,0.94,416.81,0.96,29.14,0.97,476.71,0.01,0.01,2317.904365,1776194624000
1776194625.871,225.871,0.03,301.71,0.02,1374.98,0.04,39.91,0.05,174.0,0.95,120.0,0.94,416.81,0.96,29.14,0.97,476.71,0.01,0.01,2317.904365,1776194624000
1776194626.351,226.351,0.03,301.71,0.02,1374.98,0.04,39.91,0.05,174.0,0.96,39.91,0.95,174.0,0.97,301.71,0.98,1374.98,0.01,0.01,2317.90633,1776194625000
1776194626.655,226.655,0.03,331.8,0.02,1810.98,0.04,181.91,0.05,174.0,0.96,39.91,0.95,174.0,0.97,301.71,0.98,1374.98,0.01,0.01,2317.90633,1776194625000
1776194626.989,226.989,0.03,331.8,0.02,1810.98,0.04,181.91,0.05,174.0,0.96,181.91,0.95,174.0,0.97,331.8,0.98,1810.98,0.01,0.01,2317.900005,1776194626000
1776194628.048,228.048,0.03,335.89,0.02,1815.98,0.04,149.91,0.05,150.0,0.96,181.91,0.95,174.0,0.97,331.8,0.98,1810.98,0.01,0.01,2317.900005,1776194626000
1776194628.788,228.788,0.03,332.59,0.02,1815.98,0.05,65.92,0.06,502.65,0.96,149.91,0.95,150.0,0.97,335.89,0.98,1815.98,0.02,0.01,2317.87217,1776194627000
1776194629.008,229.008,0.03,340.98,0.02,1815.98,0.06,102.15,0.07,200.34,0.95,65.92,0.94,502.65,0.97,332.59,0.98,1815.98,0.03,0.02,2317.87217,1776194627000
1776194629.291,229.291,0.04,239.9,0.03,309.78,0.05,30.0,0.06,115.15,0.94,102.15,0.93,200.34,0.97,340.98,0.98,1815.98,0.01,0.03,2317.87217,1776194627000
1776194630.379,230.379,0.04,239.9,0.03,309.78,0.05,30.0,0.06,115.15,0.95,30.0,0.94,115.15,0.96,239.9,0.97,309.78,0.01,0.01,2317.894279,1776194629000
1776194630.941,230.941,0.04,239.9,0.03,309.78,0.05,30.0,0.06,115.15,0.95,30.0,0.94,115.15,0.96,239.9,0.97,309.78,0.01,0.01,2317.936555,1776194630000
1776194632.064,232.064,0.04,239.9,0.03,309.78,0.05,30.0,0.06,115.15,0.95,30.0,0.94,115.15,0.96,239.9,0.97,309.78,0.01,0.01,2318.0126,1776194631000
1776194632.461,232.461,0.04,219.9,0.03,318.08,0.05,214.96,0.06,218.56,0.95,30.0,0.94,115.15,0.96,239.9,0.97,309.78,0.01,0.01,2318.0126,1776194631000
1776194632.682,232.682,0.04,161.86,0.03,309.78,0.05,209.96,0.06,218.56,0.95,214.96,0.94,218.56,0.96,219.9,0.97,318.08,0.01,0.01,2318.0126,1776194631000
1776194633.052,233.052,0.03,452.78,0.02,1621.98,0.05,209.96,0.06,218.56,0.95,209.96,0.94,218.56,0.96,161.86,0.97,309.78,0.02,0.01,2318.0126,1776194631000
1776194633.367,233.367,0.04,13.35,0.03,461.08,0.05,224.96,0.06,229.56,0.95,209.96,0.94,218.56,0.97,452.78,0.98,1621.98,0.01,0.02,2318.048895,1776194632000
1776194634.12,234.12,0.03,326.4,0.02,1623.98,0.05,200.49,0.06,243.66,0.95,224.96,0.94,229.56,0.96,13.35,0.97,461.08,0.02,0.01,2318.048895,1776194632000
1776194634.803,234.803,0.03,315.21,0.02,1623.98,0.04,19.47,0.05,40.0,0.96,19.47,0.95,40.0,0.97,315.21,0.98,1623.98,0.01,0.01,2318.050585,1776194633000
1776194635.371,235.371,0.03,315.21,0.02,1623.98,0.04,68.58,0.05,45.0,0.96,68.58,0.95,45.0,0.97,315.21,0.98,1623.98,0.01,0.01,2318.017495,1776194634000
1776194635.921,235.921,0.03,315.21,0.02,1623.98,0.04,68.58,0.05,45.0,0.96,68.58,0.95,45.0,0.97,315.21,0.98,1623.98,0.01,0.01,2318.01986,1776194635000
1776194636.307,236.307,0.03,183.95,0.02,1423.98,0.04,68.58,0.05,35.0,0.96,68.58,0.95,45.0,0.97,315.21,0.98,1623.98,0.01,0.01,2318.01986,1776194635000
1776194636.886,236.886,0.03,177.56,0.02,1423.98,0.04,68.58,0.05,35.0,0.96,68.58,0.95,35.0,0.97,177.56,0.98,1423.98,0.01,0.01,2318.02694,1776194636000
1776194637.568,237.568,0.03,312.81,0.02,1309.98,0.04,19.47,0.05,197.96,0.96,68.58,0.95,35.0,0.97,177.56,0.98,1423.98,0.01,0.01,2318.02694,1776194636000
1776194637.916,237.916,0.03,311.67,0.02,1309.98,0.04,17.47,0.05,197.96,0.96,17.47,0.95,197.96,0.97,311.67,0.98,1309.98,0.01,0.01,2318.107805,1776194637000
1776194639.069,239.069,0.03,311.67,0.02,1309.98,0.04,17.47,0.05,197.96,0.96,17.47,0.95,197.96,0.97,311.67,0.98,1309.98,0.01,0.01,2318.21157,1776194638000
1776194639.7,239.7,0.03,435.67,0.02,1429.98,0.04,15.47,0.05,202.96,0.96,22.47,0.95,202.96,0.97,425.67,0.98,1129.98,0.01,0.01,2318.21157,1776194638000
1776194639.989,239.989,0.03,361.67,0.02,1429.98,0.04,25.47,0.05,202.96,0.96,15.47,0.95,202.96,0.97,435.67,0.98,1429.98,0.01,0.01,2318.21157,1776194638000
1776194640.198,240.198,0.03,282.48,0.02,1429.98,0.04,20.45,0.05,177.96,0.96,25.47,0.95,202.96,0.97,361.67,0.98,1429.98,0.01,0.01,2318.22641,1776194639000
1776194641.013,241.013,0.03,17.02,0.02,1478.07,0.04,194.78,0.05,320.6,0.96,35.54,0.95,362.96,0.97,3.09,0.98,1385.98,0.01,0.01,2318.22641,1776194639000
1776194641.592,241.592,0.02,1472.07,0.01,8204.6,0.03,18.0,0.04,83.41,0.96,194.78,0.95,320.6,0.97,6.83,0.98,1478.07,0.01,0.01,2318.23038,1776194640000
1776194642.254,242.254,0.02,1461.6,0.01,8204.6,0.03,18.0,0.04,83.41,0.97,18.0,0.96,83.41,0.98,1461.6,0.99,8204.6,0.01,0.01,2318.22786,1776194641000
1776194643.296,243.296,0.03,12.36,0.02,878.6,0.04,15.09,0.05,57.99,0.97,18.0,0.96,83.41,0.98,1461.6,0.99,8204.6,0.01,0.01,2318.22786,1776194641000
1776194643.615,243.615,0.03,10.76,0.02,804.2,0.04,18.09,0.05,78.99,0.96,20.09,0.95,62.99,0.97,3.96,0.98,804.2,0.01,0.01,2318.186935,1776194642000
1776194644.153,244.153,0.03,134.46,0.02,603.01,0.04,13.09,0.05,78.99,0.96,18.09,0.95,78.99,0.97,10.76,0.98,804.2,0.01,0.01,2318.186935,1776194642000
1776194644.401,244.401,0.03,102.05,0.02,765.1,0.04,13.09,0.05,92.99,0.96,13.09,0.95,92.99,0.97,102.05,0.98,765.1,0.01,0.01,2318.226155,1776194643000
1776194644.883,244.883,0.03,102.05,0.02,765.1,0.04,13.09,0.05,92.99,0.96,13.09,0.95,92.99,0.97,102.05,0.98,765.1,0.01,0.01,2318.290205,1776194644000
1776194645.132,245.132,0.03,107.66,0.02,1405.1,0.04,16.09,0.05,240.8,0.96,18.09,0.95,272.99,0.97,107.66,0.98,1405.1,0.01,0.01,2318.290205,1776194644000
1776194645.914,245.914,0.03,105.18,0.02,1405.1,0.04,21.09,0.05,240.8,0.96,21.09,0.95,240.8,0.97,105.18,0.98,1405.1,0.01,0.01,2318.331625,1776194645000
1776194646.142,246.142,0.03,94.05,0.02,1499.09,0.04,221.45,0.05,74.8,0.96,21.09,0.95,240.8,0.97,105.18,0.98,1405.1,0.01,0.01,2318.331625,1776194645000
1776194646.406,246.406,0.03,95.85,0.02,1493.01,0.04,147.09,0.05,74.8,0.96,221.45,0.95,74.8,0.97,94.05,0.98,1499.09,0.01,0.01,2318.331625,1776194645000
1776194646.835,246.835,0.03,289.05,0.02,423.01,0.05,149.37,0.06,45.72,0.96,147.09,0.95,74.8,0.97,95.85,0.98,1493.01,0.02,0.01,2318.331625,1776194645000
1776194647.135,247.135,0.03,289.05,0.02,423.01,0.05,149.37,0.06,45.72,0.95,149.37,0.94,45.72,0.97,289.05,0.98,423.01,0.02,0.02,2318.32024,1776194646000
1776194648.503,248.503,0.03,280.85,0.02,453.09,0.04,44.06,0.05,215.08,0.95,149.37,0.94,45.72,0.97,289.05,0.98,423.01,0.01,0.02,2318.32024,1776194646000
1776194649.216,249.216,0.03,228.05,0.02,474.09,0.04,140.19,0.05,271.02,0.96,140.19,0.95,271.02,0.97,228.05,0.98,474.09,0.01,0.01,2318.466783,1776194648000
1776194649.717,249.717,0.03,11.58,0.02,161.41,0.04,471.19,0.05,266.54,0.96,140.19,0.95,271.02,0.97,228.05,0.98,474.09,0.01,0.01,2318.466783,1776194648000
1776194650.342,250.342,0.03,1.42,0.02,161.41,0.04,474.19,0.05,256.54,0.96,474.19,0.95,256.54,0.97,1.42,0.98,161.41,0.01,0.01,2318.48045,1776194649000
1776194650.868,250.868,0.02,161.41,0.01,7345.59,0.04,685.6,0.05,213.83,0.96,695.6,0.95,213.83,0.97,10.48,0.98,161.41,0.02,0.01,2318.48045,1776194649000
1776194651.519,251.519,0.02,176.89,0.01,7345.59,0.03,664.96,0.04,575.89,0.96,685.6,0.95,213.83,0.98,161.41,0.99,7345.59,0.01,0.02,2318.426625,1776194650000
1776194651.897,251.897,0.02,52.61,0.01,7345.59,0.03,669.96,0.04,575.89,0.97,669.96,0.96,575.89,0.98,52.61,0.99,7345.59,0.01,0.01,2318.09772,1776194651000
1776194652.385,252.385,0.02,51.58,0.01,6981.99,0.03,812.96,0.04,345.89,0.97,669.96,0.96,575.89,0.98,52.61,0.99,7345.59,0.01,0.01,2318.09772,1776194651000
1776194652.662,252.662,0.02,22.31,0.01,1981.99,0.03,1011.25,0.04,293.89,0.97,798.96,0.96,298.89,0.98,32.31,0.99,1981.99,0.01,0.01,2318.09772,1776194651000
1776194652.911,252.911,0.01,1975.87,,,0.02,440.99,0.03,700.26,0.97,1006.25,0.96,302.89,0.99,1981.99,,,0.01,0.02,2318.09772,1776194651000
1776194653.185,253.185,0.01,1803.75,,,0.02,467.99,0.03,827.26,0.98,467.99,0.97,800.26,0.99,1969.75,,,0.01,0.01,2317.88235,1776194652000
1776194653.395,253.395,0.01,1642.43,,,0.02,467.99,0.03,647.26,0.98,467.99,0.97,647.26,0.99,1643.75,,,0.01,0.01,2317.88235,1776194652000
1776194654.025,254.025,0.01,1641.41,,,0.02,647.99,0.03,479.97,0.98,647.99,0.97,479.97,0.99,1641.41,,,0.01,0.01,2317.854125,1776194653000
1776194654.812,254.812,,,,,0.01,1049.75,0.02,841.69,0.99,883.59,0.98,836.69,,,,,,,2317.854125,1776194653000
1776194655.097,255.097,,,,,0.01,1049.75,0.02,841.69,0.99,1049.75,0.98,841.69,,,,,,,2317.439325,1776194654000
1776194656.008,256.008,,,,,0.01,1105.02,0.02,841.69,0.99,1049.75,0.98,841.69,,,,,,,2317.439325,1776194654000
1776194657.219,257.219,,,,,0.01,1103.79,0.02,841.69,0.99,1103.79,0.98,841.69,,,,,,,2317.3212,1776194656000
1776194658.204,258.204,,,,,0.01,1103.79,0.02,841.69,0.99,1103.79,0.98,841.69,,,,,,,2317.302195,1776194657000
1776194659.009,259.009,0.002,198.0,0.001,345.0,0.01,1012.25,0.02,696.69,0.99,1103.79,0.98,841.69,,,,,0.008,,2317.302195,1776194657000
1776194659.212,259.212,0.002,196.99,0.001,345.0,0.01,1012.25,0.02,696.69,0.99,1012.25,0.98,696.69,0.998,196.99,0.999,345.0,0.008,0.008,2317.300125,1776194658000
1776194660.377,260.377,0.002,196.99,0.001,345.0,0.01,1012.25,0.02,696.69,0.99,1012.25,0.98,696.69,0.998,196.99,0.999,345.0,0.008,0.008,2317.055602,1776194659000
1776194660.857,260.857,0.002,196.99,0.001,345.0,0.01,1012.25,0.02,696.69,0.99,1012.25,0.98,696.69,0.998,196.99,0.999,345.0,0.008,0.008,2317.026115,1776194660000
1776194661.126,261.126,0.002,182.98,0.001,595.0,0.01,1269.25,0.02,696.69,0.99,1274.25,0.98,696.69,0.998,184.98,0.999,595.0,0.008,0.008,2317.026115,1776194660000
1776194661.535,261.535,0.002,82.78,0.001,595.0,0.01,1148.97,0.02,696.69,0.99,1163.97,0.98,696.69,0.998,182.98,0.999,595.0,0.008,0.008,2317.026115,1776194660000
1776194661.749,261.749,0.002,80.78,0.001,595.0,0.01,1153.97,0.02,696.69,0.99,1148.97,0.98,696.69,0.998,82.78,0.999,595.0,0.008,0.008,2317.026115,1776194660000
1776194662.538,262.538,0.002,42.7,0.001,595.0,0.009,400.0,0.01,2264.01,0.99,1153.97,0.98,696.69,0.998,43.71,0.999,595.0,0.007,0.008,2317.026115,1776194660000
1776194663.534,263.534,0.002,40.7,0.001,595.0,0.009,400.0,0.01,2939.09,0.991,400.0,0.99,2264.01,0.998,42.7,0.999,595.0,0.007,0.007,2316.562277,1776194661000
1776194663.946,263.946,0.002,5.63,0.001,605.0,0.009,400.0,0.01,3628.09,0.991,400.0,0.99,2939.09,0.998,40.7,0.999,595.0,0.007,0.007,2316.299225,1776194662000
1776194664.189,264.189,0.002,5.63,0.001,605.0,0.009,400.0,0.01,3628.09,0.991,400.0,0.99,3628.09,0.998,5.63,0.999,605.0,0.007,0.007,2315.8204,1776194663000
1776194664.396,264.396,0.002,4.62,0.001,605.0,0.009,400.0,0.01,3657.24,0.991,400.0,0.99,3628.09,0.998,5.63,0.999,605.0,0.007,0.007,2315.8204,1776194663000
1776194664.688,264.688,0.001,459.46,,,0.009,400.0,0.01,2362.24,0.991,400.0,0.99,3657.24,0.998,4.62,0.999,605.0,0.008,0.007,2315.8204,1776194663000
1776194665.65,265.65,0.001,459.46,,,0.009,400.0,0.01,2362.24,0.991,400.0,0.99,2362.24,0.999,459.46,,,0.008,0.008,2315.683659,1776194664000
1776194666.527,266.527,0.001,357.45,,,0.009,400.0,0.01,2685.23,0.991,400.0,0.99,2685.23,0.999,359.46,,,0.008,0.008,2315.683659,1776194664000
1776194666.833,266.833,0.001,356.37,,,0.009,400.0,0.01,2685.23,0.991,400.0,0.99,2685.23,0.999,357.45,,,0.008,0.008,2315.498125,1776194665000
1776194667.204,267.204,0.001,356.37,,,0.009,400.0,0.01,2685.23,0.991,400.0,0.99,2685.23,0.999,356.37,,,0.008,0.008,2315.194785,1776194666000
1776194667.657,267.657,0.001,294.28,,,0.009,400.0,0.01,2680.23,0.991,400.0,0.99,2685.23,0.999,356.37,,,0.008,0.008,2315.194785,1776194666000
1776194668.59,268.59,0.001,294.28,,,0.009,400.0,0.01,2680.23,0.991,400.0,0.99,2680.23,0.999,294.28,,,0.008,0.008,2315.18293,1776194667000
1776194669.199,269.199,0.001,294.28,,,0.009,400.0,0.01,2680.23,0.991,400.0,0.99,2680.23,0.999,294.28,,,0.008,0.008,2315.281263,1776194668000
1776194670.39,270.39,0.001,318.2,,,0.008,156.24,0.009,479.0,0.991,400.0,0.99,2680.23,0.999,294.28,,,0.007,0.008,2315.281263,1776194668000
1776194670.596,270.596,0.001,318.2,,,0.008,156.24,0.009,479.0,0.992,156.24,0.991,479.0,0.999,318.2,,,0.007,0.007,2314.98401,1776194669000
1776194671.193,271.193,,,,,0.001,3689.81,0.008,156.24,0.999,3689.81,0.992,156.24,,,,,,,2314.9692,1776194670000
1776194672.438,272.438,,,,,0.001,7697.32,0.008,156.24,0.999,3689.81,0.992,156.24,,,,,,,2314.9692,1776194670000
1776194673.136,273.136,,,,,0.001,7697.32,0.008,156.24,0.999,7697.32,0.992,156.24,,,,,,,2314.873475,1776194672000
1776194674.478,274.478,,,,,0.001,7697.32,0.008,156.24,0.999,7697.32,0.992,156.24,,,,,,,2314.87173,1776194673000
1776194675.128,275.128,,,,,0.001,7697.32,0.008,156.24,0.999,7697.32,0.992,156.24,,,,,,,2314.87173,1776194674000
1776194676.375,276.375,,,,,0.001,7697.32,0.008,156.24,0.999,7697.32,0.992,156.24,,,,,,,2314.869332,1776194675000
1776194677.096,277.096,,,,,0.001,7697.32,0.008,156.24,0.999,7697.32,0.992,156.24,,,,,,,2314.476365,1776194676000
1776194678.424,278.424,,,,,0.001,7697.32,0.008,156.24,0.999,7697.32,0.992,156.24,,,,,,,2313.6287,1776194677000
1776194679.033,279.033,,,,,0.001,7697.32,0.008,156.24,0.999,7697.32,0.992,156.24,,,,,,,2313.2067,1776194678000
1776194680.963,280.963,,,,,0.001,7697.32,0.008,156.24,0.999,7697.32,0.992,156.24,,,,,,,2312.818595,1776194679000
1776194682.269,282.269,,,,,0.001,7697.32,0.008,156.24,0.999,7697.32,0.992,156.24,,,,,,,2312.485245,1776194680000
1776194683.644,283.644,,,,,0.001,7697.32,0.008,156.24,0.999,7697.32,0.992,156.24,,,,,,,2312.430771,1776194681000
1776194685.067,285.067,,,,,0.001,7697.32,0.008,156.24,0.999,7697.32,0.992,156.24,,,,,,,2312.175917,1776194683000
1776194685.458,285.458,,,,,0.001,7701.44,0.008,199.93,0.999,7697.32,0.992,156.24,,,,,,,2312.175917,1776194683000
1776194686.27,286.27,,,,,0.001,7701.44,0.008,199.93,0.999,7701.44,0.992,199.93,,,,,,,2312.565825,1776194684000
1776194687.52,287.52,,,,,0.001,7701.44,0.008,199.93,0.999,7701.44,0.992,199.93,,,,,,,2312.465635,1776194685000
1776194688.488,288.488,,,,,0.001,7701.44,0.008,199.93,0.999,7701.44,0.992,199.93,,,,,,,2312.37157,1776194687000
1776194689.84,289.84,,,,,0.001,7701.44,0.008,199.93,0.999,7701.44,0.992,199.93,,,,,,,2312.382376,1776194688000
1776194690.28,290.28,,,,,0.001,7686.18,0.008,199.93,0.999,7701.44,0.992,199.93,,,,,,,2312.382376,1776194688000
1776194690.965,290.965,,,,,0.001,7686.18,0.008,199.93,0.999,7686.18,0.992,199.93,,,,,,,2312.370269,1776194689000
1776194692.03,292.03,,,,,0.001,7686.18,0.008,199.93,0.999,7686.18,0.992,199.93,,,,,,,2312.435093,1776194690000
1776194692.332,292.332,,,,,0.001,7478.73,0.008,199.93,0.999,7686.18,0.992,199.93,,,,,,,2312.435093,1776194690000
1776194693.425,293.425,,,,,0.001,7478.73,0.008,199.93,0.999,7478.73,0.992,199.93,,,,,,,2312.416718,1776194691000
1776194694.462,294.462,,,,,0.001,7478.73,0.008,199.93,0.999,7478.73,0.992,199.93,,,,,,,2312.0508,1776194693000
1776194695.424,295.424,,,,,0.001,7478.73,0.008,199.93,0.999,7478.73,0.992,199.93,,,,,,,2311.82731,1776194694000
1776194696.494,296.494,,,,,0.001,7478.73,0.008,199.93,0.999,7478.73,0.992,199.93,,,,,,,2311.848504,1776194695000
1776194697.458,297.458,,,,,0.001,7478.73,0.008,199.93,0.999,7478.73,0.992,199.93,,,,,,,2311.501955,1776194696000
1776194698.463,298.463,,,,,0.001,7478.73,0.008,199.93,0.999,7478.73,0.992,199.93,,,,,,,2311.362814,1776194697000
1776194699.386,299.386,,,,,0.001,7478.73,0.008,199.93,0.999,7478.73,0.992,199.93,,,,,,,2311.0584,1776194698000
1776194700.409,300.409,,,,,0.001,7478.73,0.008,199.93,0.999,7478.73,0.992,199.93,,,,,,,2310.140537,1776194699000
1776194700.675,300.675,,,,,0.001,29443.36,0.009,518.04,0.999,7478.73,0.992,199.93,,,,,,,2310.140537,1776194699000
1776194700.902,300.902,,,,,0.001,29363.36,0.009,518.04,0.999,29383.36,0.991,518.04,,,,,,,2310.140537,1776194699000

# RESULT,winner=Down,slug=eth-updown-5m-1776194400,ticks=562
