timestamp,elapsed_sec,up_bid_p1,up_bid_s1,up_bid_p2,up_bid_s2,up_ask_p1,up_ask_s1,up_ask_p2,up_ask_s2,down_bid_p1,down_bid_s1,down_bid_p2,down_bid_s2,down_ask_p1,down_ask_s1,down_ask_p2,down_ask_s2,up_spread,down_spread,eth_price,eth_oracle_ts
1776236401.286,1.286,,,,,,,,,,,,,,,,,,,2317.983062,1776236400000
1776236401.51,1.51,0.49,177.0,0.48,145.0,0.5,35.29,0.51,0.3,0.5,15.29,0.49,0.3,0.51,177.0,0.52,5.0,0.01,0.01,2317.983062,1776236400000
1776236401.83,1.83,0.58,10.0,0.56,60.0,0.62,13.0,0.64,13.89,0.5,15.29,0.49,0.3,0.51,177.0,0.52,5.0,0.04,0.01,2317.983062,1776236400000
1776236402.091,2.091,0.56,55.0,0.55,263.4,0.64,13.89,0.65,80.0,0.38,13.0,0.36,13.89,0.42,10.0,0.44,60.0,0.08,0.04,2317.983062,1776236400000
1776236402.563,2.563,0.61,16.0,0.6,70.0,0.64,3.89,0.65,70.0,0.36,13.89,0.35,80.0,0.44,55.0,0.45,263.4,0.03,0.08,2318.041095,1776236401000
1776236402.861,2.861,0.61,16.0,0.6,70.0,0.65,70.0,0.66,70.0,0.36,3.89,0.35,70.0,0.39,16.0,0.4,70.0,0.04,0.03,2318.041095,1776236401000
1776236403.178,3.178,0.61,16.0,0.6,70.0,0.65,70.0,0.66,70.0,0.35,70.0,0.34,70.0,0.39,16.0,0.4,70.0,0.04,0.04,2318.108564,1776236402000
1776236403.599,3.599,0.64,85.75,0.63,28.0,0.65,58.33,0.66,75.0,0.35,75.0,0.34,75.0,0.36,4.75,0.37,10.0,0.01,0.01,2318.108564,1776236402000
1776236404.208,4.208,0.64,87.58,0.63,33.0,0.65,43.33,0.66,75.0,0.35,43.33,0.34,75.0,0.36,85.75,0.37,33.0,0.01,0.01,2318.108564,1776236402000
1776236405.211,5.211,0.64,92.26,0.63,33.0,0.65,38.17,0.66,75.0,0.35,38.17,0.34,75.0,0.36,87.58,0.37,33.0,0.01,0.01,2318.705163,1776236403000
1776236406.391,6.391,0.64,92.26,0.63,33.0,0.65,38.17,0.66,75.0,0.35,38.17,0.34,75.0,0.36,92.26,0.37,33.0,0.01,0.01,2319.01411,1776236405000
1776236406.888,6.888,0.64,92.26,0.63,33.0,0.65,38.17,0.66,75.0,0.35,38.17,0.34,75.0,0.36,92.26,0.37,33.0,0.01,0.01,2319.02142,1776236406000
1776236407.557,7.557,0.71,18.0,0.7,15.0,0.74,19.0,0.75,610.0,0.35,38.17,0.34,75.0,0.36,92.26,0.37,33.0,0.03,0.01,2319.02142,1776236406000
1776236407.967,7.967,0.7,13.0,0.69,20.0,0.74,24.0,0.75,610.0,0.26,24.0,0.25,610.0,0.3,13.0,0.31,20.0,0.04,0.04,2319.127295,1776236407000
1776236408.213,8.213,0.73,11.29,0.72,15.0,0.74,19.0,0.75,675.0,0.26,24.0,0.25,610.0,0.3,13.0,0.31,20.0,0.01,0.04,2319.127295,1776236407000
1776236409.01,9.01,0.65,5.0,0.64,67.01,0.68,60.0,0.74,44.0,0.26,19.0,0.25,675.0,0.27,11.29,0.28,15.0,0.03,0.01,2319.127295,1776236407000
1776236409.731,9.731,0.65,10.0,0.64,85.35,0.66,148.33,0.67,10.0,0.35,10.0,0.34,80.0,0.36,65.35,0.39,11.0,0.01,0.01,2319.14145,1776236408000
1776236410.08,10.08,0.65,10.0,0.64,85.35,0.66,148.33,0.67,10.0,0.34,148.33,0.33,10.0,0.35,10.0,0.36,85.35,0.01,0.01,2319.160855,1776236409000
1776236410.389,10.389,0.64,70.35,0.63,5.0,0.66,18.59,0.67,10.0,0.34,148.33,0.33,10.0,0.35,10.0,0.36,85.35,0.02,0.01,2319.160855,1776236409000
1776236411.11,11.11,0.64,70.35,0.63,5.0,0.66,18.59,0.67,10.0,0.34,18.59,0.33,10.0,0.36,70.35,0.37,5.0,0.02,0.02,2318.912142,1776236410000
1776236411.643,11.643,0.64,102.35,0.63,10.0,0.66,3.51,0.68,141.0,0.34,18.59,0.33,10.0,0.36,70.35,0.37,5.0,0.02,0.02,2318.912142,1776236410000
1776236412.051,12.051,0.64,102.35,0.63,10.0,0.66,3.51,0.68,141.0,0.34,3.51,0.32,141.0,0.36,102.35,0.37,10.0,0.02,0.02,2318.793344,1776236411000
1776236413.164,13.164,0.64,102.35,0.63,10.0,0.66,3.51,0.68,141.0,0.34,3.51,0.32,141.0,0.36,102.35,0.37,10.0,0.02,0.02,2318.79389,1776236412000
1776236413.652,13.652,0.64,70.35,0.63,5.0,0.65,5.38,0.66,18.51,0.34,3.51,0.32,141.0,0.36,102.35,0.37,10.0,0.01,0.02,2318.79389,1776236412000
1776236414.36,14.36,0.64,70.35,0.63,5.0,0.65,5.38,0.66,18.51,0.35,5.38,0.34,18.51,0.36,70.35,0.37,5.0,0.01,0.01,2318.805453,1776236413000
1776236414.582,14.582,0.64,198.76,0.63,27.0,0.65,15.0,0.66,18.51,0.35,5.38,0.34,18.51,0.36,70.35,0.37,5.0,0.01,0.01,2318.805453,1776236413000
1776236415.618,15.618,0.63,27.0,0.62,15.0,0.65,10.0,0.66,18.51,0.35,10.0,0.34,18.51,0.37,27.0,0.38,15.0,0.02,0.02,2318.779458,1776236414000
1776236416.007,16.007,0.65,10.0,0.64,41.0,0.66,1.99,0.68,130.0,0.35,10.0,0.34,18.51,0.37,27.0,0.38,15.0,0.01,0.02,2318.779458,1776236414000
1776236416.443,16.443,0.67,63.0,0.66,53.0,0.68,49.0,0.73,75.0,0.34,1.99,0.32,130.0,0.35,10.0,0.36,41.0,0.01,0.01,2318.770163,1776236415000
1776236416.824,16.824,0.69,8.0,0.67,169.0,0.73,70.0,0.74,89.0,0.32,9.0,0.31,5.0,0.33,76.0,0.34,132.0,0.04,0.01,2318.770163,1776236415000
1776236417.156,17.156,0.72,2.67,0.71,22.0,0.73,64.86,0.74,89.0,0.27,59.86,0.26,89.0,0.28,35.0,0.29,10.0,0.01,0.01,2318.770163,1776236415000
1776236417.391,17.391,0.68,6.83,0.67,48.0,0.73,79.86,0.74,89.0,0.27,64.86,0.26,89.0,0.28,2.67,0.29,22.0,0.05,0.01,2318.765188,1776236416000
1776236418.287,18.287,0.68,6.83,0.67,48.0,0.73,79.86,0.74,89.0,0.27,79.86,0.26,89.0,0.32,6.83,0.33,48.0,0.05,0.05,2319.047881,1776236417000
1776236419.177,19.177,0.72,15.0,0.71,10.0,0.73,62.16,0.74,100.0,0.27,79.86,0.26,89.0,0.32,6.83,0.33,48.0,0.01,0.05,2319.047881,1776236417000
1776236419.891,19.891,0.72,15.0,0.71,10.0,0.73,62.16,0.74,100.0,0.27,62.16,0.26,100.0,0.28,15.0,0.29,10.0,0.01,0.01,2319.238939,1776236419000
1776236420.989,20.989,0.72,7.31,0.71,10.0,0.73,67.16,0.74,100.0,0.27,67.16,0.26,100.0,0.28,7.31,0.29,10.0,0.01,0.01,2319.226279,1776236420000
1776236421.326,21.326,0.72,17.31,0.71,19.0,0.73,65.11,0.74,100.0,0.27,67.16,0.26,100.0,0.28,7.31,0.29,10.0,0.01,0.01,2319.226279,1776236420000
1776236422.057,22.057,0.72,6.59,0.71,19.0,0.73,65.11,0.74,100.0,0.27,65.11,0.26,100.0,0.28,17.31,0.29,19.0,0.01,0.01,2319.226279,1776236420000
1776236422.863,22.863,0.71,4.17,0.7,23.0,0.73,65.11,0.74,100.0,0.27,65.11,0.26,100.0,0.28,6.59,0.29,19.0,0.02,0.01,2319.257793,1776236421000
1776236423.064,23.064,0.71,4.17,0.7,23.0,0.73,65.11,0.74,100.0,0.27,65.11,0.26,100.0,0.29,4.17,0.3,23.0,0.02,0.02,2319.257343,1776236422000
1776236424.109,24.109,0.71,4.17,0.7,23.0,0.73,65.11,0.74,100.0,0.27,65.11,0.26,100.0,0.29,4.17,0.3,23.0,0.02,0.02,2319.233815,1776236423000
1776236425.184,25.184,0.62,17.0,0.61,17.0,0.63,5.0,0.64,20.0,0.27,65.11,0.26,100.0,0.29,4.17,0.3,23.0,0.01,0.02,2319.233815,1776236423000
1776236425.427,25.427,0.59,14.8,0.58,15.0,0.61,25.0,0.62,20.0,0.37,5.0,0.36,20.0,0.38,17.0,0.39,17.0,0.02,0.01,2319.247722,1776236424000
1776236425.926,25.926,0.59,20.0,0.58,37.0,0.6,39.0,0.61,20.0,0.39,25.0,0.38,20.0,0.41,14.8,0.42,15.0,0.01,0.02,2319.247722,1776236424000
1776236426.249,26.249,0.59,20.0,0.58,37.0,0.6,39.0,0.61,20.0,0.4,39.0,0.39,20.0,0.41,20.0,0.42,37.0,0.01,0.01,2319.260226,1776236425000
1776236426.596,26.596,0.59,30.0,0.58,15.0,0.6,28.05,0.61,10.0,0.4,39.0,0.39,20.0,0.41,20.0,0.42,37.0,0.01,0.01,2319.260226,1776236425000
1776236427.351,27.351,0.59,103.36,0.58,26.0,0.6,8.91,0.65,5.0,0.4,28.05,0.39,10.0,0.41,30.0,0.42,15.0,0.01,0.01,2319.260226,1776236425000
1776236427.81,27.81,0.59,101.36,0.58,34.0,0.64,10.0,0.65,15.0,0.4,8.91,0.35,5.0,0.41,103.36,0.42,26.0,0.05,0.01,2318.8795,1776236426000
1776236428.013,28.013,0.59,101.36,0.58,34.0,0.64,10.0,0.65,15.0,0.36,10.0,0.35,15.0,0.41,101.36,0.42,34.0,0.05,0.05,2318.7817,1776236427000
1776236429.569,29.569,0.59,101.36,0.58,34.0,0.64,10.0,0.65,15.0,0.36,10.0,0.35,15.0,0.41,101.36,0.42,34.0,0.05,0.05,2318.729208,1776236428000
1776236430.229,30.229,0.59,101.36,0.58,34.0,0.64,10.0,0.65,15.0,0.36,10.0,0.35,15.0,0.41,101.36,0.42,34.0,0.05,0.05,2318.754816,1776236429000
1776236430.452,30.452,0.65,55.0,0.64,10.0,0.66,25.0,0.67,70.0,0.36,10.0,0.35,15.0,0.41,101.36,0.42,34.0,0.01,0.05,2318.754816,1776236429000
1776236431.764,31.764,0.65,60.0,0.64,10.0,0.66,16.84,0.67,70.0,0.34,16.84,0.33,70.0,0.35,60.0,0.36,10.0,0.01,0.01,2318.706613,1776236430000
1776236432.163,32.163,0.71,67.0,0.7,28.0,0.72,61.84,0.73,79.0,0.28,70.0,0.27,79.0,0.32,93.0,0.33,37.0,0.01,0.04,2318.706613,1776236430000
1776236432.463,32.463,0.71,67.0,0.7,28.0,0.72,61.84,0.73,79.0,0.28,61.84,0.27,79.0,0.29,67.0,0.3,28.0,0.01,0.01,2318.723729,1776236431000
1776236432.957,32.957,0.71,67.0,0.7,28.0,0.72,61.84,0.73,79.0,0.28,61.84,0.27,79.0,0.29,67.0,0.3,28.0,0.01,0.01,2318.946,1776236432000
1776236433.352,33.352,0.71,30.0,0.7,20.0,0.72,71.84,0.73,84.0,0.28,76.84,0.27,84.0,0.3,20.0,0.31,41.0,0.01,0.02,2318.946,1776236432000
1776236434.094,34.094,0.71,12.75,0.7,20.0,0.72,66.84,0.73,84.0,0.28,71.84,0.27,84.0,0.29,30.0,0.3,20.0,0.01,0.01,2318.946,1776236432000
1776236434.913,34.913,0.71,57.75,0.7,15.0,0.72,36.28,0.73,84.0,0.28,66.84,0.27,84.0,0.29,12.75,0.3,20.0,0.01,0.01,2319.184245,1776236433000
1776236435.416,35.416,0.71,113.75,0.7,20.0,0.72,26.28,0.73,84.0,0.28,36.28,0.27,84.0,0.29,57.75,0.3,15.0,0.01,0.01,2319.184245,1776236433000
1776236435.935,35.935,0.71,108.75,0.7,20.0,0.72,14.28,0.73,84.0,0.28,14.28,0.27,84.0,0.29,108.75,0.3,20.0,0.01,0.01,2319.20375,1776236435000
1776236437.084,37.084,0.71,108.75,0.7,20.0,0.72,14.28,0.73,84.0,0.28,14.28,0.27,84.0,0.29,108.75,0.3,20.0,0.01,0.01,2319.255311,1776236436000
1776236437.305,37.305,0.71,134.85,0.7,20.0,0.72,11.31,0.73,70.0,0.28,14.28,0.27,84.0,0.29,108.75,0.3,20.0,0.01,0.01,2319.255311,1776236436000
1776236438.363,38.363,0.71,129.85,0.7,20.0,0.72,18.92,0.73,70.0,0.28,11.31,0.27,70.0,0.29,134.85,0.3,20.0,0.01,0.01,2319.255311,1776236436000
1776236439.466,39.466,0.71,129.85,0.7,20.0,0.72,18.92,0.73,70.0,0.28,18.92,0.27,70.0,0.29,129.85,0.3,20.0,0.01,0.01,2319.347865,1776236438000
1776236439.825,39.825,0.71,129.85,0.7,20.0,0.72,6.92,0.73,70.0,0.28,18.92,0.27,70.0,0.29,129.85,0.3,20.0,0.01,0.01,2319.347865,1776236438000
1776236440.155,40.155,0.71,129.85,0.7,20.0,0.72,6.92,0.73,70.0,0.28,6.92,0.27,70.0,0.29,129.85,0.3,20.0,0.01,0.01,2319.347865,1776236439000
1776236441.216,41.216,0.71,129.85,0.7,20.0,0.72,6.92,0.73,70.0,0.28,6.92,0.27,70.0,0.29,129.85,0.3,20.0,0.01,0.01,2319.366517,1776236440000
1776236442.333,42.333,0.71,129.85,0.7,20.0,0.72,6.92,0.73,70.0,0.28,6.92,0.27,70.0,0.29,129.85,0.3,20.0,0.01,0.01,2319.372874,1776236441000
1776236442.918,42.918,0.71,129.85,0.7,20.0,0.72,6.92,0.73,70.0,0.28,6.92,0.27,70.0,0.29,129.85,0.3,20.0,0.01,0.01,2319.373304,1776236442000
1776236444.043,44.043,0.71,129.85,0.7,20.0,0.72,6.92,0.73,70.0,0.28,6.92,0.27,70.0,0.29,129.85,0.3,20.0,0.01,0.01,2319.389785,1776236443000
1776236445.433,45.433,0.71,129.85,0.7,20.0,0.72,6.92,0.73,70.0,0.28,6.92,0.27,70.0,0.29,129.85,0.3,20.0,0.01,0.01,2319.38444,1776236444000
1776236445.642,45.642,0.73,31.0,0.72,76.0,0.74,12.48,0.79,114.0,0.27,49.15,0.26,14.0,0.29,296.85,0.3,44.11,0.01,0.02,2319.38444,1776236444000
1776236445.883,45.883,0.78,51.0,0.77,10.0,0.79,88.35,0.8,18.0,0.21,98.48,0.2,18.0,0.27,61.0,0.28,83.0,0.01,0.06,2319.38444,1776236444000
1776236446.336,46.336,0.78,51.0,0.77,10.0,0.79,88.35,0.8,18.0,0.21,88.35,0.2,18.0,0.22,51.0,0.23,10.0,0.01,0.01,2319.39219,1776236445000
1776236446.548,46.548,0.78,92.0,0.77,46.0,0.79,208.52,0.8,147.05,0.21,212.02,0.2,147.05,0.22,136.0,0.23,46.0,0.01,0.01,2319.39219,1776236445000
1776236447.336,47.336,0.78,92.0,0.77,46.0,0.79,208.52,0.8,147.05,0.21,208.52,0.2,147.05,0.22,92.0,0.23,46.0,0.01,0.01,2319.3943,1776236446000
1776236448.755,48.755,0.78,173.24,0.77,46.0,0.79,213.52,0.8,140.05,0.21,208.52,0.2,147.05,0.22,92.0,0.23,46.0,0.01,0.01,2319.3943,1776236446000
1776236450.804,50.804,0.78,197.24,0.77,46.0,0.79,193.52,0.8,140.05,0.21,213.52,0.2,140.05,0.22,173.24,0.23,46.0,0.01,0.01,2319.3943,1776236446000
1776236451.789,51.789,0.78,16.0,0.76,5.0,0.79,212.0,0.8,163.05,0.21,193.52,0.2,140.05,0.22,197.24,0.23,46.0,0.01,0.01,2319.3943,1776236446000
1776236452.136,52.136,0.75,19.6,0.74,30.0,0.77,223.0,0.78,153.0,0.21,217.0,0.2,163.05,0.25,29.0,0.26,15.0,0.02,0.04,2319.3943,1776236446000
1776236452.347,52.347,0.75,39.44,0.74,30.0,0.76,210.4,0.77,184.0,0.24,218.0,0.23,184.0,0.25,39.44,0.26,30.0,0.01,0.01,2319.3943,1776236446000
1776236453.148,53.148,0.75,49.44,0.74,30.0,0.76,215.33,0.77,184.0,0.24,210.4,0.23,184.0,0.25,39.44,0.26,30.0,0.01,0.01,2319.3943,1776236446000
1776236453.592,53.592,0.75,50.04,0.74,30.0,0.76,208.92,0.77,184.0,0.24,212.04,0.23,184.0,0.25,35.04,0.26,30.0,0.01,0.01,2319.3943,1776236446000
1776236453.961,53.961,0.75,58.04,0.74,30.0,0.76,203.65,0.77,184.0,0.24,204.97,0.23,184.0,0.25,50.04,0.26,30.0,0.01,0.01,2319.3943,1776236446000
1776236454.484,54.484,0.75,13.0,0.74,75.68,0.76,208.65,0.77,184.0,0.24,203.65,0.23,184.0,0.25,58.04,0.26,30.0,0.01,0.01,2319.3943,1776236446000
1776236454.801,54.801,0.74,62.68,0.73,29.0,0.75,187.04,0.76,182.65,0.25,9.0,0.24,213.65,0.26,62.68,0.27,29.0,0.01,0.01,2319.3943,1776236446000
1776236455.258,55.258,0.74,68.44,0.73,29.0,0.75,206.04,0.76,182.65,0.25,206.04,0.24,182.65,0.26,72.68,0.27,29.0,0.01,0.01,2319.3943,1776236446000
1776236456.468,56.468,0.74,72.68,0.73,29.0,0.75,197.97,0.76,182.65,0.25,199.57,0.24,182.65,0.26,65.68,0.27,29.0,0.01,0.01,2319.3943,1776236446000
1776236457.244,57.244,0.74,77.68,0.73,29.0,0.75,71.63,0.76,68.65,0.25,197.97,0.24,182.65,0.26,72.68,0.27,29.0,0.01,0.01,2319.3943,1776236446000
1776236458.162,58.162,0.74,66.83,0.73,29.0,0.75,76.63,0.76,44.65,0.25,71.63,0.24,68.65,0.26,77.68,0.27,29.0,0.01,0.01,2319.3943,1776236446000
1776236458.928,58.928,0.74,25.0,0.73,29.0,0.75,70.29,0.76,44.65,0.25,76.63,0.24,44.65,0.26,66.83,0.27,29.0,0.01,0.01,2319.3943,1776236446000
1776236459.178,59.178,0.74,30.0,0.73,29.0,0.75,73.82,0.76,44.65,0.25,70.29,0.24,44.65,0.26,25.0,0.27,29.0,0.01,0.01,2319.3943,1776236446000
1776236459.755,59.755,0.74,25.0,0.73,29.0,0.75,66.16,0.76,44.65,0.25,73.82,0.24,44.65,0.26,30.0,0.27,29.0,0.01,0.01,2319.3943,1776236446000
1776236460.13,60.13,0.74,5.76,0.73,29.0,0.75,66.16,0.76,44.65,0.25,66.16,0.24,44.65,0.26,25.0,0.27,29.0,0.01,0.01,2319.3943,1776236446000
1776236460.396,60.396,0.74,18.94,0.73,25.0,0.75,71.16,0.76,44.65,0.25,66.16,0.24,44.65,0.26,5.76,0.27,29.0,0.01,0.01,2319.3943,1776236446000
1776236460.851,60.851,0.72,25.47,0.71,10.1,0.74,102.51,0.75,85.16,0.25,71.16,0.24,44.65,0.26,18.94,0.27,25.0,0.02,0.01,2319.3943,1776236446000
1776236461.725,61.725,0.72,2.61,0.71,10.1,0.73,115.0,0.74,92.0,0.27,106.0,0.26,92.0,0.28,2.61,0.29,10.1,0.01,0.01,2319.3943,1776236446000
1776236462.249,62.249,0.72,7.62,0.71,10.1,0.73,124.63,0.74,81.0,0.27,115.0,0.26,92.0,0.28,2.61,0.29,10.1,0.01,0.01,2319.3943,1776236446000
1776236462.623,62.623,0.63,20.0,0.62,15.0,0.65,52.28,0.73,78.63,0.27,124.63,0.26,81.0,0.28,7.62,0.29,10.1,0.02,0.01,2319.3943,1776236446000
1776236463.002,63.002,0.64,5.0,0.62,5.0,0.65,44.46,0.67,19.0,0.35,52.28,0.27,78.63,0.37,20.0,0.38,15.0,0.01,0.02,2319.3943,1776236446000
1776236463.204,63.204,0.64,5.0,0.6,5.0,0.65,42.92,0.66,10.0,0.35,47.92,0.34,10.0,0.36,5.0,0.4,5.0,0.01,0.01,2319.3943,1776236446000
1776236463.601,63.601,0.64,5.0,0.61,10.0,0.65,82.07,0.66,20.0,0.35,53.61,0.34,20.0,0.36,10.0,0.39,10.0,0.01,0.01,2319.3943,1776236446000
1776236464.081,64.081,0.64,5.0,0.61,10.0,0.65,76.04,0.66,20.0,0.35,82.07,0.34,20.0,0.36,5.0,0.39,10.0,0.01,0.01,2319.3943,1776236446000
1776236464.542,64.542,0.6,80.24,0.59,15.0,0.64,11.66,0.65,71.04,0.35,76.04,0.34,20.0,0.36,5.0,0.39,10.0,0.04,0.01,2319.3943,1776236446000
1776236464.847,64.847,0.6,70.24,0.58,11.0,0.61,52.0,0.62,15.0,0.36,11.66,0.35,71.04,0.4,80.24,0.41,15.0,0.01,0.04,2319.3943,1776236446000
1776236465.068,65.068,0.6,58.79,0.58,5.0,0.61,67.0,0.62,20.0,0.39,52.0,0.38,15.0,0.4,70.24,0.42,11.0,0.01,0.01,2319.3943,1776236446000
1776236465.716,65.716,0.58,5.0,0.57,71.13,0.59,74.3,0.6,15.0,0.39,67.0,0.38,20.0,0.4,58.79,0.42,5.0,0.01,0.01,2319.3943,1776236446000
1776236466.642,66.642,0.58,2.26,0.57,76.13,0.59,69.72,0.6,15.0,0.41,74.3,0.4,20.0,0.42,14.26,0.43,83.13,0.01,0.01,2319.3943,1776236446000
1776236467.419,67.419,0.58,12.26,0.57,71.13,0.59,59.55,0.6,20.0,0.41,69.72,0.4,15.0,0.42,2.26,0.43,76.13,0.01,0.01,2319.3943,1776236446000
1776236468.081,68.081,0.58,17.27,0.57,71.13,0.59,55.98,0.6,20.0,0.41,57.68,0.4,20.0,0.42,12.26,0.43,71.13,0.01,0.01,2319.3943,1776236446000
1776236468.471,68.471,0.58,17.27,0.57,71.13,0.59,49.28,0.6,20.0,0.41,55.98,0.4,20.0,0.42,17.27,0.43,71.13,0.01,0.01,2319.3943,1776236446000
1776236469.127,69.127,0.58,17.27,0.57,71.13,0.59,47.58,0.6,20.0,0.41,49.28,0.4,20.0,0.42,17.27,0.43,71.13,0.01,0.01,2319.3943,1776236446000
1776236471.061,71.061,0.58,7.27,0.57,24.53,0.59,39.44,0.6,15.0,0.41,47.58,0.4,20.0,0.42,17.27,0.43,71.13,0.01,0.01,2319.3943,1776236446000
1776236471.272,71.272,0.57,22.8,0.56,55.0,0.59,44.44,0.6,15.0,0.41,39.44,0.4,15.0,0.42,7.27,0.43,24.53,0.02,0.01,2319.3943,1776236446000
1776236473.692,73.692,0.55,43.4,0.54,5.0,0.57,86.0,0.58,55.0,0.41,44.44,0.4,15.0,0.43,22.8,0.44,55.0,0.02,0.02,2319.3943,1776236446000
1776236473.965,73.965,0.54,5.0,0.52,80.0,0.56,96.0,0.57,55.0,0.44,20.0,0.43,71.0,0.45,21.6,0.46,5.0,0.02,0.01,2319.3943,1776236446000
1776236474.171,74.171,0.54,5.0,0.52,70.0,0.55,43.8,0.56,40.0,0.44,96.0,0.43,55.0,0.46,5.0,0.48,80.0,0.01,0.02,2319.3943,1776236446000
1776236474.917,74.917,0.52,80.0,0.51,228.0,0.53,41.0,0.54,15.0,0.47,5.63,0.45,43.8,0.48,70.0,0.49,238.0,0.01,0.01,2319.3943,1776236446000
1776236475.486,75.486,0.51,10.0,0.5,6.0,0.52,65.9,0.53,40.0,0.47,41.0,0.46,15.0,0.48,77.7,0.49,228.0,0.01,0.01,2319.3943,1776236446000
1776236476.249,76.249,0.5,9.32,0.49,122.0,0.51,25.0,0.52,41.0,0.48,46.0,0.47,25.0,0.5,3.12,0.51,107.0,0.01,0.02,2319.3943,1776236446000
1776236476.478,76.478,0.5,69.83,0.49,122.0,0.51,14.9,0.52,41.0,0.49,25.0,0.48,41.0,0.5,9.32,0.51,122.0,0.01,0.01,2319.3943,1776236446000
1776236476.876,76.876,0.5,79.83,0.49,122.0,0.51,24.01,0.52,25.0,0.49,14.9,0.48,41.0,0.5,69.83,0.51,122.0,0.01,0.01,2319.3943,1776236446000
1776236477.536,77.536,0.5,92.83,0.49,122.0,0.51,22.04,0.52,20.0,0.49,24.01,0.48,25.0,0.5,79.83,0.51,122.0,0.01,0.01,2319.3943,1776236446000
1776236478.238,78.238,0.5,107.83,0.49,122.0,0.51,6.0,0.52,20.0,0.49,22.04,0.48,20.0,0.5,92.83,0.51,122.0,0.01,0.01,2319.3943,1776236446000
1776236478.836,78.836,0.5,97.18,0.49,122.0,0.51,6.0,0.52,20.0,0.49,6.0,0.48,20.0,0.5,105.86,0.51,122.0,0.01,0.01,2319.3943,1776236446000
1776236480.319,80.319,0.5,63.66,0.49,113.0,0.52,17.48,0.53,15.0,0.49,6.0,0.48,20.0,0.5,97.18,0.51,122.0,0.02,0.01,2319.3943,1776236446000
1776236481.518,81.518,0.51,8.97,0.5,58.66,0.52,31.36,0.53,20.0,0.48,17.48,0.47,20.0,0.49,3.97,0.5,63.66,0.01,0.01,2319.3943,1776236446000
1776236481.922,81.922,0.59,10.0,0.58,10.0,0.63,30.78,0.64,11.66,0.48,31.36,0.47,20.0,0.49,8.97,0.5,58.66,0.04,0.01,2319.3943,1776236446000
1776236482.152,82.152,0.62,30.0,0.61,130.0,0.63,5.04,0.64,11.66,0.37,14.57,0.36,11.66,0.38,20.0,0.39,80.0,0.01,0.01,2319.3943,1776236446000
1776236482.494,82.494,0.68,29.34,0.67,10.0,0.69,20.0,0.7,5.0,0.31,15.0,0.29,50.0,0.35,21.0,0.36,10.0,0.01,0.04,2319.3943,1776236446000
1776236483.621,83.621,0.66,27.0,0.65,33.0,0.69,81.0,0.7,24.0,0.32,12.66,0.31,20.0,0.33,16.0,0.34,10.0,0.03,0.01,2319.3943,1776236446000
1776236484.607,84.607,0.67,19.72,0.66,21.0,0.68,91.0,0.69,70.0,0.31,81.0,0.3,24.0,0.34,27.0,0.35,33.0,0.01,0.03,2319.3943,1776236446000
1776236484.904,84.904,0.57,5.0,0.54,6.0,0.68,208.0,0.69,87.0,0.32,91.0,0.31,70.0,0.33,19.72,0.34,21.0,0.11,0.01,2319.3943,1776236446000
1776236485.282,85.282,0.54,6.0,0.52,35.0,0.55,27.23,0.56,15.0,0.41,3.69,0.4,10.0,0.43,4.9,0.46,6.0,0.01,0.02,2319.3943,1776236446000
1776236485.795,85.795,0.54,6.0,0.53,10.0,0.55,46.12,0.56,15.0,0.45,22.23,0.44,15.0,0.46,6.0,0.48,35.0,0.01,0.01,2319.3943,1776236446000
1776236486.469,86.469,0.54,26.0,0.53,22.0,0.55,21.12,0.56,15.0,0.45,31.12,0.44,15.0,0.46,6.0,0.47,10.0,0.01,0.01,2319.3943,1776236446000
1776236486.807,86.807,0.54,26.0,0.53,22.0,0.55,19.86,0.56,10.0,0.45,19.86,0.44,15.0,0.46,26.0,0.47,22.0,0.01,0.01,2319.3943,1776236446000
1776236487.301,87.301,0.54,26.0,0.53,22.0,0.55,17.98,0.56,15.0,0.45,20.24,0.44,15.0,0.46,26.0,0.47,22.0,0.01,0.01,2319.3943,1776236446000
1776236489.008,89.008,0.5,45.0,0.49,184.34,0.53,76.0,0.54,15.0,0.45,17.98,0.44,15.0,0.46,26.0,0.47,22.0,0.03,0.01,2319.3943,1776236446000
1776236489.444,89.444,0.5,25.0,0.49,196.02,0.51,38.45,0.52,15.0,0.49,23.45,0.48,10.0,0.5,20.0,0.51,203.36,0.01,0.01,2319.3943,1776236446000
1776236490.27,90.27,0.5,98.31,0.49,177.0,0.51,1.85,0.52,5.0,0.49,38.45,0.48,15.0,0.5,25.0,0.51,196.02,0.01,0.01,2319.3943,1776236446000
1776236490.816,90.816,0.52,20.0,0.51,23.15,0.53,5.0,0.54,5.0,0.47,15.0,0.45,10.0,0.49,18.15,0.5,98.31,0.01,0.02,2319.3943,1776236446000
1776236491.851,91.851,0.51,15.0,0.5,85.31,0.52,47.42,0.53,15.0,0.47,5.0,0.46,5.0,0.48,20.0,0.49,23.15,0.01,0.01,2319.3943,1776236446000
1776236492.253,92.253,0.51,25.0,0.5,85.31,0.52,35.49,0.53,15.0,0.48,47.42,0.47,15.0,0.49,15.0,0.5,85.31,0.01,0.01,2319.3943,1776236446000
1776236492.474,92.474,0.51,20.0,0.5,85.31,0.52,32.49,0.53,10.0,0.48,35.49,0.47,15.0,0.49,25.0,0.5,85.31,0.01,0.01,2319.3943,1776236446000
1776236493.95,93.95,0.51,35.0,0.5,85.31,0.52,20.45,0.53,15.0,0.48,32.49,0.47,10.0,0.49,20.0,0.5,85.31,0.01,0.01,2319.3943,1776236446000
1776236496.523,96.523,0.53,7.87,0.52,23.46,0.54,20.0,0.55,25.0,0.48,13.43,0.47,15.0,0.49,30.0,0.5,85.31,0.01,0.01,2319.3943,1776236446000
1776236496.974,96.974,0.53,9.36,0.52,23.46,0.54,20.0,0.55,25.0,0.46,20.0,0.45,25.0,0.47,7.87,0.48,23.46,0.01,0.01,2319.3943,1776236446000
1776236500.987,100.987,0.59,32.0,0.58,42.0,0.6,2.2,0.61,5.0,0.45,6.96,0.44,10.0,0.47,9.36,0.48,23.46,0.01,0.02,2319.3943,1776236446000
1776236503.882,103.882,0.67,89.0,0.66,27.0,0.68,18.0,0.69,27.0,0.39,4.9,0.38,5.0,0.4,17.8,0.41,66.0,0.01,0.01,2319.3943,1776236446000
1776236504.233,104.233,0.68,146.0,0.67,56.0,0.69,10.28,0.71,55.0,0.32,18.0,0.31,27.0,0.33,89.0,0.34,27.0,0.01,0.01,2319.3943,1776236446000
1776236505.228,105.228,0.68,145.4,0.67,56.0,0.69,3.17,0.71,61.0,0.31,3.17,0.29,55.0,0.32,167.0,0.33,56.0,0.01,0.01,2319.3943,1776236446000
1776236507.499,107.499,0.57,49.9,0.56,19.02,0.58,10.0,0.59,31.0,0.29,51.67,0.28,9.0,0.32,155.4,0.33,56.0,0.01,0.03,2319.3943,1776236446000
1776236507.904,107.904,0.55,24.02,0.54,15.0,0.56,43.82,0.57,25.0,0.42,10.0,0.41,31.0,0.43,49.9,0.44,19.02,0.01,0.01,2319.3943,1776236446000
1776236508.511,108.511,0.54,16.84,0.53,21.7,0.55,15.0,0.56,70.82,0.44,43.82,0.43,25.0,0.45,24.02,0.46,15.0,0.01,0.01,2319.3943,1776236446000
1776236509.445,109.445,0.52,10.0,0.5,76.0,0.53,86.83,0.54,18.14,0.46,13.14,0.45,74.0,0.48,10.0,0.5,86.0,0.01,0.02,2319.3943,1776236446000
1776236511.022,111.022,0.52,129.75,0.51,10.0,0.53,13.83,0.55,5.0,0.47,86.83,0.46,18.14,0.48,10.0,0.5,76.0,0.01,0.01,2319.3943,1776236446000
1776236511.33,111.33,0.59,22.0,0.58,22.0,0.62,22.0,0.63,22.0,0.4,10.0,0.39,60.0,0.48,134.75,0.49,227.0,0.03,0.08,2319.3943,1776236446000
1776236511.536,111.536,0.6,7.17,0.59,22.0,0.62,44.0,0.63,12.0,0.38,22.0,0.37,22.0,0.41,22.0,0.42,22.0,0.02,0.03,2319.3943,1776236446000
1776236511.915,111.915,0.61,21.0,0.6,7.17,0.62,27.64,0.63,22.0,0.38,49.0,0.37,22.0,0.39,5.0,0.4,7.17,0.01,0.01,2319.3943,1776236446000
1776236512.309,112.309,0.61,1.0,0.59,7.0,0.62,53.64,0.63,22.0,0.38,27.64,0.37,22.0,0.39,21.0,0.4,7.17,0.01,0.01,2319.3943,1776236446000
1776236512.623,112.623,0.59,7.0,0.58,7.0,0.62,53.64,0.63,22.0,0.38,53.64,0.37,22.0,0.39,1.0,0.41,7.0,0.03,0.01,2319.3943,1776236446000
1776236513.184,113.184,0.59,7.0,0.58,7.0,0.6,28.83,0.61,20.0,0.38,53.64,0.37,22.0,0.41,7.0,0.42,7.0,0.01,0.03,2319.3943,1776236446000
1776236513.863,113.863,0.54,49.0,0.53,15.0,0.55,18.07,0.56,25.0,0.4,28.83,0.39,20.0,0.41,7.0,0.42,7.0,0.01,0.01,2319.3943,1776236446000
1776236514.951,114.951,0.58,74.0,0.57,22.0,0.59,9.24,0.6,10.0,0.45,18.07,0.44,25.0,0.46,49.0,0.47,15.0,0.01,0.01,2319.3943,1776236446000
1776236515.42,115.42,0.58,54.0,0.57,22.0,0.59,7.54,0.6,10.0,0.41,9.24,0.4,10.0,0.42,74.0,0.43,22.0,0.01,0.01,2319.3943,1776236446000
1776236517.29,117.29,0.54,16.0,0.53,15.0,0.55,5.0,0.56,30.0,0.41,7.54,0.4,10.0,0.42,54.0,0.43,22.0,0.01,0.01,2319.3943,1776236446000
1776236517.794,117.794,0.54,16.0,0.53,15.0,0.56,5.44,0.57,25.0,0.45,5.0,0.44,30.0,0.46,16.0,0.47,15.0,0.02,0.01,2319.3943,1776236446000
1776236520.022,120.022,0.51,189.0,0.5,63.55,0.52,3.07,0.53,10.0,0.44,10.17,0.43,30.0,0.45,15.0,0.46,16.0,0.01,0.01,2319.3943,1776236446000
1776236520.667,120.667,0.51,161.0,0.5,37.0,0.52,3.05,0.53,10.0,0.48,3.07,0.47,10.0,0.49,189.0,0.5,63.55,0.01,0.01,2319.3943,1776236446000
1776236521.821,121.821,0.52,10.0,0.51,177.37,0.53,18.11,0.54,28.82,0.48,3.05,0.47,10.0,0.49,161.0,0.5,37.0,0.01,0.01,2319.3943,1776236446000
1776236523.681,123.681,0.52,20.0,0.51,188.37,0.53,1.24,0.54,18.82,0.47,19.64,0.46,28.82,0.48,10.0,0.49,177.37,0.01,0.01,2319.3943,1776236446000
1776236524.871,124.871,0.51,175.37,0.5,33.0,0.52,5.62,0.53,11.24,0.47,1.24,0.46,18.82,0.48,20.0,0.49,188.37,0.01,0.01,2319.3943,1776236446000
1776236526.215,126.215,0.58,153.0,0.57,15.0,0.6,13.82,0.62,5.0,0.46,7.68,0.45,35.0,0.48,7.0,0.49,190.37,0.02,0.02,2319.3943,1776236446000
1776236527.728,127.728,0.64,147.0,0.63,15.0,0.68,13.0,0.69,21.0,0.35,5.0,0.33,13.0,0.41,75.0,0.42,75.0,0.04,0.06,2319.3943,1776236446000
1776236529.326,129.326,0.67,6.0,0.66,13.0,0.68,36.17,0.69,10.0,0.32,6.17,0.31,16.0,0.33,89.0,0.34,28.0,0.01,0.01,2319.3943,1776236446000
1776236529.817,129.817,0.66,12.0,0.65,15.0,0.68,31.17,0.69,10.0,0.32,36.17,0.31,10.0,0.33,6.0,0.34,13.0,0.02,0.01,2319.3943,1776236446000
1776236531.484,131.484,0.64,72.6,0.63,15.0,0.65,5.0,0.66,20.0,0.32,31.17,0.31,10.0,0.34,12.0,0.35,15.0,0.01,0.02,2319.3943,1776236446000
1776236534.373,134.373,0.64,36.13,0.63,15.0,0.65,20.0,0.66,20.0,0.35,5.0,0.34,20.0,0.36,72.6,0.37,15.0,0.01,0.01,2319.3943,1776236446000
1776236538.24,138.24,0.71,81.0,0.7,15.0,0.72,5.0,0.73,13.0,0.35,20.0,0.34,20.0,0.36,36.13,0.37,15.0,0.01,0.01,2319.3943,1776236446000
1776236538.476,138.476,0.71,81.0,0.7,15.0,0.74,85.31,0.75,67.96,0.28,5.0,0.27,13.0,0.29,81.0,0.3,15.0,0.03,0.01,2319.3943,1776236446000
1776236540.552,140.552,0.74,93.0,0.73,63.0,0.76,20.0,0.77,65.3,0.26,85.31,0.25,67.96,0.29,81.0,0.3,15.0,0.02,0.03,2319.3943,1776236446000
1776236542.643,142.643,0.79,161.0,0.78,18.0,0.8,8.75,0.82,69.4,0.24,20.0,0.23,65.3,0.26,93.0,0.27,63.0,0.01,0.02,2319.3943,1776236446000
1776236543.151,143.151,0.8,93.0,0.79,15.0,0.81,5.76,0.82,45.0,0.19,7.0,0.18,69.4,0.21,55.75,0.22,18.0,0.01,0.02,2319.3943,1776236446000
1776236544.121,144.121,0.8,143.0,0.79,15.0,0.81,0.82,0.82,45.0,0.19,5.76,0.18,45.0,0.2,93.0,0.21,15.0,0.01,0.01,2319.3943,1776236446000
1776236544.504,144.504,0.8,143.0,0.79,15.0,0.82,41.06,0.83,122.49,0.19,0.82,0.18,45.0,0.2,143.0,0.21,15.0,0.02,0.01,2319.3943,1776236446000
1776236544.845,144.845,0.81,87.0,0.8,63.0,0.82,5.8,0.83,76.44,0.18,41.06,0.17,122.49,0.2,143.0,0.21,15.0,0.01,0.02,2319.3943,1776236446000
1776236545.415,145.415,0.81,85.36,0.8,63.0,0.82,10.0,0.83,45.0,0.18,5.8,0.17,76.44,0.19,87.0,0.2,63.0,0.01,0.01,2319.3943,1776236446000
1776236546.063,146.063,0.82,87.0,0.81,60.36,0.83,40.94,0.84,133.1,0.18,10.0,0.17,45.0,0.19,85.36,0.2,63.0,0.01,0.01,2319.3943,1776236446000
1776236546.844,146.844,0.84,87.0,0.83,47.0,0.85,23.73,0.86,168.89,0.17,39.73,0.16,133.1,0.18,87.0,0.19,60.36,0.01,0.01,2319.3943,1776236446000
1776236547.571,147.571,0.84,87.0,0.83,47.0,0.85,21.73,0.86,64.9,0.15,23.73,0.14,168.89,0.16,87.0,0.17,47.0,0.01,0.01,2319.3943,1776236446000
1776236548.549,148.549,0.84,242.0,0.83,53.0,0.85,4.88,0.88,34.1,0.15,21.73,0.14,64.9,0.16,87.0,0.17,47.0,0.01,0.01,2319.3943,1776236446000
1776236549.219,149.219,0.87,123.46,0.86,54.95,0.89,60.97,0.9,174.72,0.12,23.87,0.11,58.79,0.13,32.0,0.14,10.0,0.02,0.01,2319.3943,1776236446000
1776236549.755,149.755,0.88,35.86,0.87,38.46,0.89,65.97,0.9,179.72,0.11,60.97,0.1,174.72,0.13,113.46,0.14,59.95,0.01,0.02,2319.3943,1776236446000
1776236550.736,150.736,0.88,65.86,0.87,38.46,0.89,57.83,0.9,168.99,0.11,65.97,0.1,179.72,0.12,35.86,0.13,38.46,0.01,0.01,2319.3943,1776236446000
1776236551.113,151.113,0.88,38.52,0.87,38.46,0.89,52.6,0.9,168.99,0.11,52.6,0.1,168.99,0.12,65.86,0.13,38.46,0.01,0.01,2319.3943,1776236446000
1776236551.384,151.384,0.88,88.52,0.87,38.46,0.89,56.47,0.9,168.99,0.11,52.6,0.1,168.99,0.12,38.52,0.13,38.46,0.01,0.01,2319.3943,1776236446000
1776236551.757,151.757,0.88,88.52,0.87,38.46,0.89,46.24,0.9,168.99,0.11,56.47,0.1,168.99,0.12,88.52,0.13,38.46,0.01,0.01,2319.3943,1776236446000
1776236552.674,152.674,0.88,130.96,0.87,43.46,0.89,10.0,0.9,117.99,0.11,13.02,0.1,168.99,0.12,93.52,0.13,38.46,0.01,0.01,2319.3943,1776236446000
1776236555.744,155.744,0.88,136.96,0.87,42.0,0.9,25.55,0.91,170.99,0.11,10.0,0.1,117.99,0.12,130.96,0.13,43.46,0.02,0.01,2319.3943,1776236446000
1776236556.197,156.197,0.89,124.0,0.88,54.96,0.9,15.65,0.91,164.99,0.1,25.55,0.09,170.99,0.12,136.96,0.13,42.0,0.01,0.02,2319.3943,1776236446000
1776236557.887,157.887,0.87,12.96,0.86,40.0,0.89,135.99,0.9,146.1,0.1,5.55,0.09,164.99,0.11,117.88,0.12,54.96,0.02,0.01,2319.3943,1776236446000
1776236558.231,158.231,0.83,6.05,0.82,48.95,0.84,5.0,0.85,40.0,0.11,135.99,0.1,146.1,0.13,12.96,0.14,40.0,0.01,0.02,2319.3943,1776236446000
1776236559.131,159.131,0.83,16.05,0.82,36.61,0.84,22.02,0.85,25.0,0.16,25.0,0.15,25.0,0.17,15.95,0.18,48.95,0.01,0.01,2319.3943,1776236446000
1776236559.505,159.505,0.83,16.05,0.82,36.61,0.84,7.65,0.85,25.0,0.16,16.96,0.15,25.0,0.17,16.05,0.18,36.61,0.01,0.01,2319.3943,1776236446000
1776236561.707,161.707,0.83,21.05,0.82,25.0,0.84,6.69,0.86,35.0,0.16,7.65,0.15,25.0,0.17,16.05,0.18,36.61,0.01,0.01,2319.3943,1776236446000
1776236562.256,162.256,0.83,31.05,0.82,25.0,0.86,28.58,0.87,43.0,0.16,6.69,0.14,35.0,0.17,21.05,0.18,25.0,0.03,0.01,2319.3943,1776236446000
1776236562.892,162.892,0.85,10.0,0.84,20.0,0.86,51.58,0.87,43.0,0.14,28.58,0.13,43.0,0.17,31.05,0.18,25.0,0.01,0.03,2319.3943,1776236446000
1776236564.586,164.586,0.84,5.0,0.83,16.05,0.85,28.05,0.86,25.0,0.14,51.58,0.13,43.0,0.15,10.0,0.16,20.0,0.01,0.01,2319.3943,1776236446000
1776236564.823,164.823,0.81,26.61,0.8,10.0,0.83,56.78,0.84,45.0,0.15,28.05,0.14,25.0,0.16,5.0,0.17,16.05,0.02,0.01,2319.3943,1776236446000
1776236565.053,165.053,0.82,10.0,0.81,26.61,0.83,41.78,0.84,44.0,0.17,51.78,0.16,45.0,0.19,26.61,0.2,10.0,0.01,0.02,2319.3943,1776236446000
1776236566.073,166.073,0.83,188.0,0.82,65.0,0.86,63.45,0.87,74.8,0.17,41.78,0.16,44.0,0.18,10.0,0.19,26.61,0.03,0.01,2319.3943,1776236446000
1776236567.297,167.297,0.85,197.0,0.84,45.0,0.86,23.11,0.88,21.0,0.14,63.45,0.13,74.8,0.17,188.0,0.18,65.0,0.01,0.03,2319.3943,1776236446000
1776236569.262,169.262,0.86,38.14,0.85,31.0,0.87,26.0,0.88,23.41,0.14,23.11,0.12,21.0,0.15,197.0,0.16,45.0,0.01,0.01,2319.3943,1776236446000
1776236569.604,169.604,0.86,43.14,0.85,20.0,0.89,41.19,0.9,99.0,0.13,26.0,0.12,23.41,0.14,38.14,0.15,31.0,0.03,0.01,2319.3943,1776236446000
1776236570.874,170.874,0.86,34.85,0.85,20.0,0.87,10.0,0.88,15.0,0.11,41.19,0.1,99.0,0.14,43.14,0.15,20.0,0.01,0.03,2319.3943,1776236446000
1776236571.265,171.265,0.87,86.0,0.86,35.85,0.89,55.37,0.9,99.0,0.13,10.0,0.12,15.0,0.14,34.85,0.15,20.0,0.02,0.01,2319.3943,1776236446000
1776236573.36,173.36,0.87,13.46,0.86,12.85,0.88,10.0,0.89,49.1,0.11,55.37,0.1,99.0,0.13,86.0,0.14,35.85,0.01,0.02,2319.3943,1776236446000
1776236576.885,176.885,0.87,43.0,0.86,50.26,0.89,7.87,0.9,99.0,0.12,10.0,0.11,49.1,0.14,6.31,0.15,15.0,0.02,0.02,2319.3943,1776236446000
1776236577.929,177.929,0.9,94.0,0.89,47.0,0.91,206.05,0.92,127.9,0.11,7.87,0.1,99.0,0.13,43.0,0.14,50.26,0.01,0.02,2319.3943,1776236446000
1776236578.506,178.506,0.9,195.0,0.89,52.0,0.91,189.83,0.92,5.0,0.09,206.05,0.08,127.9,0.1,94.0,0.11,47.0,0.01,0.01,2319.3943,1776236446000
1776236579.101,179.101,0.9,192.0,0.89,85.5,0.91,3.89,0.92,5.0,0.09,175.58,0.08,5.0,0.1,218.34,0.11,52.0,0.01,0.01,2319.3943,1776236446000
1776236579.86,179.86,0.92,216.0,0.91,269.05,0.94,175.64,0.95,314.8,0.07,29.27,0.06,157.8,0.09,13.45,0.1,187.0,0.02,0.02,2319.3943,1776236446000
1776236583.882,183.882,0.92,11.0,0.91,112.0,0.93,211.3,0.94,158.27,0.06,175.64,0.05,314.8,0.08,216.0,0.09,269.05,0.01,0.02,2319.3943,1776236446000
1776236584.507,184.507,0.9,5.0,0.89,45.06,0.91,61.07,0.92,175.89,0.07,286.6,0.06,163.27,0.09,103.0,0.1,136.0,0.01,0.02,2319.3943,1776236446000
1776236587.315,187.315,0.9,5.0,0.89,45.06,0.91,146.0,0.92,161.9,0.09,61.07,0.08,175.89,0.1,5.0,0.11,45.06,0.01,0.01,2319.3943,1776236446000
1776236592.709,192.709,0.9,42.16,0.89,91.54,0.91,246.0,0.92,56.0,0.09,146.0,0.08,161.9,0.1,5.0,0.11,45.06,0.01,0.01,2319.3943,1776236446000
1776236595.978,195.978,0.89,48.33,0.88,35.0,0.91,258.0,0.92,105.9,0.09,246.0,0.08,56.0,0.1,42.16,0.11,91.54,0.02,0.01,2319.3943,1776236446000
1776236596.918,196.918,0.88,65.67,0.87,71.0,0.9,20.0,0.91,300.0,0.1,10.0,0.09,258.0,0.11,28.33,0.12,35.0,0.02,0.01,2319.3943,1776236446000
1776236597.345,197.345,0.9,163.0,0.89,112.82,0.91,244.0,0.92,85.9,0.09,293.74,0.08,164.9,0.11,64.38,0.12,70.67,0.01,0.02,2319.3943,1776236446000
1776236597.891,197.891,0.9,106.05,0.89,112.82,0.91,186.3,0.92,85.9,0.09,200.0,0.08,85.9,0.1,111.05,0.11,112.82,0.01,0.01,2319.3943,1776236446000
1776236598.131,198.131,0.9,204.01,0.89,63.44,0.91,184.34,0.92,85.9,0.09,184.34,0.08,85.9,0.1,106.05,0.11,112.82,0.01,0.01,2319.3943,1776236446000
1776236598.479,198.479,0.9,286.96,0.89,58.5,0.91,110.04,0.92,10.0,0.09,184.34,0.08,85.9,0.1,204.01,0.11,63.44,0.01,0.01,2319.3943,1776236446000
1776236598.814,198.814,0.9,265.45,0.89,58.5,0.91,102.87,0.92,10.0,0.09,105.04,0.08,10.0,0.1,298.45,0.11,58.5,0.01,0.01,2319.3943,1776236446000
1776236599.089,199.089,0.9,205.45,0.89,60.5,0.91,107.87,0.92,10.0,0.09,102.87,0.08,10.0,0.1,265.45,0.11,58.5,0.01,0.01,2319.3943,1776236446000
1776236600.445,200.445,0.9,140.46,0.89,60.5,0.91,137.37,0.92,15.0,0.09,119.09,0.08,10.0,0.1,180.45,0.11,60.5,0.01,0.01,2319.3943,1776236446000
1776236600.916,200.916,0.9,152.46,0.89,60.5,0.91,136.02,0.92,15.0,0.09,137.37,0.08,15.0,0.1,140.46,0.11,60.5,0.01,0.01,2319.3943,1776236446000
1776236601.998,201.998,0.9,230.88,0.89,50.5,0.91,101.77,0.92,15.0,0.09,107.95,0.08,15.0,0.1,238.88,0.11,60.5,0.01,0.01,2319.3943,1776236446000
1776236602.447,202.447,0.9,257.88,0.89,50.5,0.91,98.12,0.92,15.0,0.09,101.77,0.08,15.0,0.1,230.88,0.11,50.5,0.01,0.01,2319.3943,1776236446000
1776236603.244,203.244,0.9,232.43,0.89,50.5,0.91,84.67,0.92,15.0,0.09,98.12,0.08,15.0,0.1,257.88,0.11,50.5,0.01,0.01,2319.3943,1776236446000
1776236603.595,203.595,0.9,227.43,0.89,50.5,0.91,89.67,0.92,15.0,0.09,84.67,0.08,15.0,0.1,232.43,0.11,50.5,0.01,0.01,2319.3943,1776236446000
1776236606.875,206.875,0.9,249.0,0.89,103.8,0.91,31.67,0.92,10.0,0.09,89.67,0.08,15.0,0.1,227.43,0.11,50.5,0.01,0.01,2319.3943,1776236446000
1776236608.346,208.346,0.9,234.0,0.89,122.41,0.91,18.28,0.92,10.0,0.09,31.67,0.08,10.0,0.1,249.0,0.11,103.8,0.01,0.01,2319.3943,1776236446000
1776236609.533,209.533,0.9,222.0,0.89,91.24,0.91,17.18,0.92,10.0,0.09,18.28,0.08,10.0,0.1,234.0,0.11,122.41,0.01,0.01,2319.3943,1776236446000
1776236610.555,210.555,0.9,158.0,0.89,91.24,0.91,22.18,0.92,10.0,0.09,17.18,0.08,10.0,0.1,222.0,0.11,91.24,0.01,0.01,2319.3943,1776236446000
1776236610.794,210.794,0.9,61.01,0.89,91.24,0.91,41.64,0.92,15.0,0.09,45.42,0.08,15.0,0.1,67.5,0.11,81.24,0.01,0.01,2319.3943,1776236446000
1776236611.475,211.475,0.91,17.58,0.9,209.79,0.93,15.0,0.94,12.57,0.09,29.64,0.08,15.0,0.1,34.9,0.11,91.24,0.02,0.01,2319.3943,1776236446000
1776236612.267,212.267,0.91,136.95,0.9,25.0,0.92,23.0,0.93,34.42,0.07,15.0,0.06,17.57,0.1,116.21,0.11,22.0,0.01,0.03,2319.3943,1776236446000
1776236612.565,212.565,0.91,136.95,0.9,35.0,0.92,17.72,0.93,29.42,0.08,23.0,0.07,34.42,0.09,136.95,0.1,25.0,0.01,0.01,2319.3943,1776236446000
1776236612.779,212.779,0.91,181.45,0.9,84.0,0.92,15.57,0.93,29.42,0.08,17.72,0.07,29.42,0.09,136.95,0.1,35.0,0.01,0.01,2319.3943,1776236446000
1776236614.248,214.248,0.91,201.45,0.9,60.0,0.95,265.43,0.96,268.14,0.08,15.57,0.07,29.42,0.09,181.45,0.1,84.0,0.04,0.01,2319.3943,1776236446000
1776236615.449,215.449,0.92,25.0,0.91,34.0,0.94,26.83,0.95,170.43,0.05,265.43,0.04,268.14,0.09,201.45,0.1,60.0,0.02,0.04,2319.3943,1776236446000
1776236617.465,217.465,0.93,176.93,0.92,46.5,0.94,4.41,0.95,165.43,0.06,26.83,0.05,170.43,0.08,25.0,0.09,34.0,0.01,0.02,2319.3943,1776236446000
1776236618.554,218.554,0.93,201.93,0.92,60.5,0.94,0.41,0.95,165.43,0.06,4.41,0.05,165.43,0.07,176.93,0.08,46.5,0.01,0.01,2319.3943,1776236446000
1776236619.229,219.229,0.93,201.93,0.92,72.49,0.95,105.21,0.96,273.14,0.06,0.41,0.05,165.43,0.07,201.93,0.08,60.5,0.02,0.01,2319.3943,1776236446000
1776236622.844,222.844,0.94,34.95,0.93,57.5,0.95,66.19,0.96,268.14,0.05,105.21,0.04,273.14,0.07,201.93,0.08,72.49,0.01,0.02,2319.3943,1776236446000
1776236623.635,223.635,0.94,63.6,0.93,106.0,0.95,10.01,0.96,90.33,0.05,61.2,0.04,268.14,0.06,45.95,0.07,57.5,0.01,0.01,2319.3943,1776236446000
1776236623.94,223.94,0.94,63.6,0.93,106.0,0.95,6.01,0.96,90.33,0.05,10.01,0.04,90.33,0.06,63.6,0.07,106.0,0.01,0.01,2319.3943,1776236446000
1776236624.735,224.735,0.94,79.61,0.93,151.3,0.96,55.35,0.97,244.0,0.05,6.01,0.04,90.33,0.06,63.6,0.07,106.0,0.02,0.01,2319.3943,1776236446000
1776236625.119,225.119,0.95,35.0,0.94,61.5,0.96,84.45,0.97,244.0,0.04,55.35,0.03,244.0,0.06,79.61,0.07,151.3,0.01,0.02,2319.3943,1776236446000
1776236627.549,227.549,0.95,131.57,0.94,131.3,0.96,54.18,0.97,207.99,0.04,65.43,0.03,239.0,0.05,115.57,0.06,125.3,0.01,0.01,2319.3943,1776236446000
1776236628.025,228.025,0.95,126.57,0.94,131.3,0.96,47.93,0.97,207.99,0.04,54.18,0.03,207.99,0.05,131.57,0.06,131.3,0.01,0.01,2319.3943,1776236446000
1776236629.927,229.927,0.95,132.58,0.94,161.3,0.96,19.89,0.97,178.99,0.04,47.93,0.03,207.99,0.05,126.57,0.06,131.3,0.01,0.01,2319.3943,1776236446000
1776236634.941,234.941,0.95,242.11,0.94,177.95,0.96,9.47,0.97,173.99,0.04,19.89,0.03,178.99,0.05,132.58,0.06,161.3,0.01,0.01,2319.3943,1776236446000
1776236635.921,235.921,0.96,15.53,0.95,237.11,0.97,157.99,0.98,1009.69,0.04,9.47,0.03,173.99,0.05,242.11,0.06,177.95,0.01,0.01,2319.3943,1776236446000
1776236636.44,236.44,0.96,34.99,0.95,216.11,0.97,179.65,0.98,1014.69,0.03,157.99,0.02,1009.69,0.04,15.53,0.05,237.11,0.01,0.01,2319.3943,1776236446000
1776236637.355,237.355,0.95,109.81,0.93,10.0,0.96,58.68,0.97,159.66,0.03,179.65,0.02,1014.69,0.04,66.42,0.05,216.11,0.01,0.01,2319.3943,1776236446000
1776236640.811,240.811,0.95,163.93,0.94,93.99,0.96,5.0,0.97,116.99,0.04,54.51,0.03,164.66,0.05,90.81,0.06,20.0,0.01,0.01,2319.3943,1776236446000
1776236641.049,241.049,0.95,124.5,0.94,93.99,0.96,0.6,0.97,116.99,0.04,5.0,0.03,116.99,0.05,163.93,0.06,93.99,0.01,0.01,2319.3943,1776236446000
1776236641.392,241.392,0.96,10.4,0.95,124.5,0.97,101.0,0.98,1298.69,0.04,0.6,0.03,116.99,0.05,124.5,0.06,93.99,0.01,0.01,2319.3943,1776236446000
1776236642.096,242.096,0.96,5.0,0.95,119.5,0.97,137.59,0.98,1298.69,0.03,101.0,0.02,1298.69,0.04,10.4,0.05,124.5,0.01,0.01,2319.3943,1776236446000
1776236642.594,242.594,0.96,5.0,0.95,119.5,0.97,118.59,0.98,1303.69,0.03,137.59,0.02,1298.69,0.04,5.0,0.05,119.5,0.01,0.01,2319.3943,1776236446000
1776236643.772,243.772,0.96,29.0,0.95,207.3,0.97,57.57,0.98,1273.69,0.03,113.59,0.02,1303.69,0.04,5.0,0.05,119.5,0.01,0.01,2319.3943,1776236446000
1776236644.186,244.186,0.96,29.0,0.95,207.3,0.97,47.26,0.98,616.0,0.03,57.57,0.02,1273.69,0.04,29.0,0.05,207.3,0.01,0.01,2319.3943,1776236446000
1776236644.496,244.496,0.96,156.38,0.95,193.3,0.97,11.53,0.98,316.0,0.03,47.26,0.02,616.0,0.04,29.0,0.05,207.3,0.01,0.01,2319.3943,1776236446000
1776236644.836,244.836,0.96,151.38,0.95,203.3,0.97,10.49,0.98,306.0,0.03,11.53,0.02,316.0,0.04,156.38,0.05,193.3,0.01,0.01,2319.3943,1776236446000
1776236645.357,245.357,0.96,250.08,0.95,163.3,0.97,4.43,0.98,306.0,0.03,10.49,0.02,306.0,0.04,151.38,0.05,203.3,0.01,0.01,2319.3943,1776236446000
1776236645.586,245.586,0.97,41.09,0.96,241.08,0.98,306.0,0.99,1536.0,0.02,306.0,0.01,1536.0,0.03,26.61,0.04,260.08,0.01,0.01,2319.3943,1776236446000
1776236646.056,246.056,0.97,24.0,0.96,237.08,0.98,296.67,0.99,1536.0,0.02,306.0,0.01,1536.0,0.03,41.09,0.04,241.08,0.01,0.01,2319.3943,1776236446000
1776236646.832,246.832,0.97,393.24,0.96,136.2,0.99,1555.66,,,0.02,85.67,0.01,1536.0,0.03,189.54,0.04,124.7,0.02,0.01,2319.3943,1776236446000
1776236647.2,247.2,0.97,393.24,0.96,136.2,0.99,1555.66,,,0.02,5.0,0.01,1555.66,0.03,393.24,0.04,136.2,0.02,0.01,2319.3943,1776236446000
1776236647.845,247.845,0.97,366.24,0.96,204.2,0.98,40.29,0.99,1972.65,0.01,1555.66,,,0.03,393.24,0.04,136.2,0.01,0.02,2319.3943,1776236446000
1776236648.586,248.586,0.98,378.99,0.97,244.38,0.99,1652.64,,,0.01,1984.62,,,0.03,371.24,0.04,204.2,0.01,0.02,2319.3943,1776236446000
1776236649.095,249.095,0.98,378.99,0.97,244.38,0.99,1518.51,,,0.01,1632.68,,,0.02,373.99,0.03,244.38,0.01,0.01,2319.3943,1776236446000
1776236649.298,249.298,0.98,373.99,0.97,244.38,0.99,1359.51,,,0.01,1518.51,,,0.02,378.99,0.03,244.38,0.01,0.01,2319.3943,1776236446000
1776236649.8,249.8,0.98,383.49,0.97,244.38,0.99,1337.27,,,0.01,1339.3,,,0.02,383.49,0.03,244.38,0.01,0.01,2319.3943,1776236446000
1776236650.109,250.109,0.98,383.49,0.97,244.38,0.99,922.11,,,0.01,1337.27,,,0.02,383.49,0.03,244.38,0.01,0.01,2319.3943,1776236446000
1776236650.371,250.371,0.98,393.49,0.97,244.38,0.99,620.11,,,0.01,922.11,,,0.02,383.49,0.03,244.38,0.01,0.01,2319.3943,1776236446000
1776236650.615,250.615,0.99,1904.89,0.98,388.49,,,,,0.01,620.11,,,0.02,393.49,0.03,244.38,,0.01,2319.3943,1776236446000
1776236651.209,251.209,0.99,1935.3,0.98,294.7,,,,,,,,,0.01,1904.89,0.02,388.49,,,2319.3943,1776236446000
1776236651.603,251.603,0.99,1835.3,0.98,289.7,,,,,,,,,0.01,1935.3,0.02,294.7,,,2319.3943,1776236446000
1776236652.562,252.562,0.99,1833.2,0.98,399.2,,,,,,,,,0.01,1835.3,0.02,289.7,,,2319.3943,1776236446000
1776236653.498,253.498,0.99,1782.7,0.98,385.2,,,,,,,,,0.01,1833.2,0.02,399.2,,,2319.3943,1776236446000
1776236653.888,253.888,0.99,1786.14,0.98,385.2,,,,,,,,,0.01,1782.7,0.02,385.2,,,2319.3943,1776236446000
1776236667.779,267.779,0.99,2089.34,0.98,367.69,,,,,,,,,0.01,1786.14,0.02,385.2,,,2319.3943,1776236446000
1776236683.974,283.974,0.99,6727.87,0.98,103.81,,,,,,,,,0.01,2089.34,0.02,367.69,,,2319.3943,1776236446000
1776236697.041,297.041,0.99,7306.1,0.98,49.99,,,,,,,,,0.01,6727.87,0.02,103.81,,,2319.3943,1776236446000
1776236700.496,300.496,0.99,35539.74,0.98,142.0,,,,,,,,,0.01,7306.1,0.02,49.99,,,2319.3943,1776236446000
