timestamp,elapsed_sec,up_bid_p1,up_bid_s1,up_bid_p2,up_bid_s2,up_ask_p1,up_ask_s1,up_ask_p2,up_ask_s2,down_bid_p1,down_bid_s1,down_bid_p2,down_bid_s2,down_ask_p1,down_ask_s1,down_ask_p2,down_ask_s2,up_spread,down_spread,eth_price,eth_oracle_ts
1776301801.916,1.916,0.52,11.31,0.51,554.0,0.53,208.96,0.54,5.0,0.47,208.96,0.46,5.0,0.48,10.0,0.49,405.0,0.01,0.01,2351.420059,1776301800000
1776301803.094,3.094,0.52,11.31,0.51,554.0,0.53,216.88,0.54,10.0,0.47,208.96,0.46,5.0,0.48,11.31,0.49,554.0,0.01,0.01,2351.567945,1776301802000
1776301804.002,4.002,0.52,6.31,0.51,554.0,0.53,219.8,0.54,20.0,0.47,221.88,0.46,20.0,0.48,16.31,0.49,554.0,0.01,0.01,2351.475738,1776301803000
1776301804.879,4.879,0.51,544.97,0.5,33.35,0.53,219.8,0.54,20.0,0.47,219.8,0.46,20.0,0.48,6.31,0.49,554.0,0.02,0.01,2351.475738,1776301803000
1776301805.263,5.263,0.51,554.97,0.5,33.35,0.52,5.0,0.53,219.8,0.47,219.8,0.46,20.0,0.49,544.97,0.5,33.35,0.01,0.02,2351.492125,1776301804000
1776301805.693,5.693,0.51,549.97,0.5,38.35,0.52,7.01,0.53,219.8,0.48,10.0,0.47,219.8,0.49,549.97,0.5,28.35,0.01,0.01,2351.492125,1776301804000
1776301806.634,6.634,0.51,544.76,0.5,33.35,0.53,219.8,0.54,20.0,0.48,7.01,0.47,219.8,0.49,549.97,0.5,38.35,0.02,0.01,2351.562088,1776301805000
1776301807.146,7.146,0.52,10.0,0.51,544.76,0.53,199.8,0.54,10.0,0.47,219.8,0.46,20.0,0.49,544.76,0.5,33.35,0.01,0.02,2351.562088,1776301805000
1776301809.529,9.529,0.52,10.0,0.51,549.76,0.53,169.61,0.54,20.0,0.47,192.91,0.46,10.0,0.48,10.0,0.49,549.76,0.01,0.01,2351.589435,1776301808000
1776301811.678,11.678,0.52,93.0,0.51,555.76,0.53,134.61,0.54,5.0,0.47,169.61,0.46,20.0,0.48,10.0,0.49,549.76,0.01,0.01,2351.647338,1776301810000
1776301812.975,12.975,0.52,132.0,0.51,610.76,0.53,123.28,0.54,5.0,0.47,134.61,0.46,5.0,0.48,93.0,0.49,555.76,0.01,0.01,2351.665241,1776301811000
1776301813.233,13.233,0.52,132.0,0.51,610.76,0.53,76.39,0.54,5.0,0.47,81.39,0.46,5.0,0.48,127.0,0.49,610.76,0.01,0.01,2351.665241,1776301811000
1776301813.594,13.594,0.52,138.0,0.51,699.14,0.53,6.04,0.54,5.0,0.47,70.04,0.46,5.0,0.48,127.0,0.49,674.14,0.01,0.01,2351.665241,1776301811000
1776301814.887,14.887,0.54,6.28,0.53,5.0,0.56,10.0,0.59,10.0,0.39,10.0,0.38,10.0,0.48,130.0,0.49,699.14,0.02,0.09,2351.83901,1776301813000
1776301815.968,15.968,0.54,15.0,0.53,81.72,0.55,5.0,0.56,15.0,0.44,10.0,0.41,10.0,0.46,6.28,0.47,5.0,0.01,0.02,2352.202035,1776301814000
1776301816.2,16.2,0.54,10.0,0.53,87.72,0.56,10.0,0.57,10.0,0.45,5.0,0.44,15.0,0.46,15.0,0.47,81.72,0.02,0.01,2352.270406,1776301815000
1776301816.844,16.844,0.54,42.0,0.53,92.72,0.55,8.96,0.59,17.0,0.44,10.0,0.43,10.0,0.46,10.0,0.47,87.72,0.01,0.02,2352.270406,1776301815000
1776301817.485,17.485,0.54,164.0,0.53,267.72,0.55,2.82,0.57,7.0,0.45,8.96,0.41,17.0,0.46,42.0,0.47,92.72,0.01,0.01,2352.120358,1776301816000
1776301817.975,17.975,0.54,90.0,0.53,109.72,0.57,7.0,0.62,10.0,0.45,2.82,0.43,7.0,0.46,164.0,0.47,267.72,0.03,0.01,2352.120358,1776301816000
1776301818.645,18.645,0.62,10.0,0.61,27.0,0.64,10.0,0.65,10.0,0.38,7.89,0.37,22.0,0.44,41.0,0.45,31.0,0.02,0.06,2352.032922,1776301817000
1776301819.018,19.018,0.62,1.54,0.61,32.0,0.65,15.0,0.66,18.0,0.35,14.0,0.34,18.0,0.38,10.0,0.39,27.0,0.03,0.03,2352.032922,1776301817000
1776301819.475,19.475,0.64,5.0,0.62,1.54,0.65,5.0,0.66,18.0,0.35,15.0,0.34,18.0,0.38,1.54,0.39,32.0,0.01,0.03,2352.142409,1776301818000
1776301820.207,20.207,0.64,36.0,0.63,27.0,0.65,13.46,0.66,18.0,0.35,5.0,0.34,18.0,0.36,5.0,0.38,1.54,0.01,0.01,2352.474164,1776301819000
1776301820.48,20.48,0.64,41.0,0.63,27.0,0.65,8.46,0.66,18.0,0.35,13.46,0.34,18.0,0.36,36.0,0.37,27.0,0.01,0.01,2352.474164,1776301819000
1776301822.799,22.799,0.64,135.16,0.63,41.0,0.66,14.4,0.71,19.0,0.35,8.46,0.34,18.0,0.36,41.0,0.37,27.0,0.02,0.01,2352.689937,1776301821000
1776301823.102,23.102,0.64,130.16,0.63,41.0,0.66,2.88,0.71,8.0,0.34,4.4,0.29,8.0,0.36,135.16,0.37,41.0,0.02,0.02,2352.689937,1776301821000
1776301823.602,23.602,0.7,11.83,0.67,7.46,0.71,8.45,0.72,18.0,0.27,10.0,0.26,24.0,0.36,130.16,0.37,41.0,0.01,0.09,2352.82662,1776301822000
1776301825.0,25.0,0.7,1.83,0.65,5.0,0.71,12.41,0.72,29.0,0.29,1.41,0.28,18.0,0.3,11.83,0.34,50.0,0.01,0.01,2353.11328,1776301823000
1776301826.096,26.096,0.65,10.0,0.64,38.12,0.66,3.48,0.67,10.0,0.29,12.41,0.28,29.0,0.35,5.0,0.36,55.12,0.01,0.06,2353.43739,1776301824000
1776301826.383,26.383,0.66,9.85,0.65,111.26,0.68,19.86,0.69,10.0,0.32,18.0,0.31,10.0,0.34,9.85,0.35,20.0,0.02,0.02,2353.43739,1776301824000
1776301827.052,27.052,0.66,15.85,0.65,111.26,0.67,10.0,0.68,19.86,0.32,19.86,0.31,10.0,0.34,9.85,0.35,111.26,0.01,0.02,2353.27725,1776301825000
1776301827.48,27.48,0.66,11.0,0.65,20.0,0.67,34.0,0.68,19.86,0.33,10.0,0.32,19.86,0.34,15.85,0.35,111.26,0.01,0.01,2353.27725,1776301825000
1776301828.772,28.772,0.66,50.58,0.65,39.8,0.67,39.0,0.68,34.67,0.33,34.0,0.32,19.86,0.34,11.0,0.35,20.0,0.01,0.01,2353.07289,1776301827000
1776301829.29,29.29,0.66,60.58,0.65,39.8,0.67,19.45,0.68,26.67,0.33,39.0,0.32,34.67,0.34,50.58,0.35,39.8,0.01,0.01,2353.060196,1776301828000
1776301830.446,30.446,0.66,67.63,0.65,54.6,0.67,14.45,0.68,36.48,0.33,19.45,0.32,26.67,0.34,60.58,0.35,39.8,0.01,0.01,2353.031149,1776301829000
1776301831.316,31.316,0.66,51.79,0.65,54.6,0.68,15.93,0.69,18.0,0.33,14.45,0.32,36.48,0.34,67.63,0.35,54.6,0.02,0.01,2353.026022,1776301830000
1776301831.626,31.626,0.66,16.79,0.65,44.6,0.67,15.0,0.68,33.93,0.32,15.93,0.31,18.0,0.34,51.79,0.35,54.6,0.01,0.02,2353.026022,1776301830000
1776301831.959,31.959,0.66,16.79,0.65,44.6,0.67,15.0,0.68,33.93,0.33,15.0,0.32,33.93,0.34,16.79,0.35,44.6,0.01,0.01,2353.026022,1776301830000
1776301832.48,32.48,0.66,26.79,0.65,44.6,0.69,21.0,0.7,32.0,0.33,15.0,0.32,33.93,0.34,16.79,0.35,44.6,0.03,0.01,2353.053886,1776301831000
1776301832.757,32.757,0.66,1.79,0.65,44.6,0.67,18.55,0.68,10.0,0.33,10.0,0.32,10.0,0.34,1.79,0.35,44.6,0.01,0.01,2353.053886,1776301831000
1776301833.354,33.354,0.65,24.4,0.64,29.62,0.66,124.0,0.67,31.0,0.33,11.55,0.32,10.0,0.34,1.79,0.35,39.6,0.01,0.01,2353.053886,1776301831000
1776301833.634,33.634,0.64,10.67,0.63,14.0,0.65,79.0,0.66,116.0,0.35,10.0,0.34,119.0,0.36,16.01,0.37,14.0,0.01,0.01,2353.014397,1776301832000
1776301834.512,34.512,0.63,14.0,0.61,25.0,0.65,84.0,0.66,111.0,0.35,79.0,0.34,116.0,0.36,10.67,0.37,14.0,0.02,0.01,2352.929084,1776301833000
1776301835.513,35.513,0.63,6.0,0.61,15.0,0.64,84.0,0.65,71.0,0.35,84.0,0.34,111.0,0.37,14.0,0.39,25.0,0.01,0.02,2352.594976,1776301834000
1776301835.72,35.72,0.61,15.0,0.59,10.0,0.64,69.11,0.65,66.0,0.36,69.11,0.35,66.0,0.37,6.0,0.39,15.0,0.03,0.01,2352.594976,1776301834000
1776301837.733,37.733,0.61,40.0,0.6,29.85,0.63,37.0,0.64,15.0,0.36,69.11,0.35,66.0,0.39,15.0,0.41,10.0,0.02,0.03,2352.487416,1776301836000
1776301838.542,38.542,0.61,40.0,0.6,29.85,0.63,27.04,0.64,10.0,0.37,37.0,0.36,15.0,0.39,40.0,0.4,29.85,0.02,0.02,2352.32136,1776301837000
1776301839.669,39.669,0.61,20.0,0.6,19.85,0.62,4.91,0.63,19.04,0.37,27.04,0.36,10.0,0.39,40.0,0.4,29.85,0.01,0.02,2352.317139,1776301838000
1776301841.502,41.502,0.62,19.86,0.61,40.0,0.63,27.0,0.64,36.0,0.38,4.91,0.37,19.04,0.39,20.0,0.4,19.85,0.01,0.01,2352.31209,1776301839000
1776301842.143,42.143,0.62,7.89,0.61,40.0,0.63,21.92,0.64,54.0,0.37,26.92,0.36,36.0,0.38,15.0,0.39,40.0,0.01,0.01,2352.296644,1776301840000
1776301843.475,43.475,0.61,15.0,0.6,44.7,0.62,71.96,0.63,41.92,0.38,5.0,0.37,18.92,0.39,50.0,0.4,34.85,0.01,0.01,2352.28396,1776301842000
1776301843.698,43.698,0.61,5.0,0.6,44.7,0.62,96.96,0.63,52.92,0.38,71.96,0.37,41.92,0.39,15.0,0.4,44.7,0.01,0.01,2352.28396,1776301842000
1776301843.947,43.947,0.6,44.7,0.56,10.0,0.61,45.0,0.62,142.96,0.38,96.96,0.37,52.92,0.39,5.0,0.4,44.7,0.01,0.01,2352.28396,1776301842000
1776301844.359,44.359,0.56,10.0,0.55,10.0,0.61,320.8,0.62,105.96,0.39,45.0,0.38,142.96,0.4,26.7,0.44,10.0,0.05,0.01,2352.31061,1776301843000
1776301845.241,45.241,0.55,1.73,0.54,41.0,0.56,10.07,0.59,47.0,0.44,5.0,0.43,5.0,0.45,1.73,0.46,42.0,0.01,0.01,2352.31061,1776301843000
1776301846.405,46.405,0.58,5.0,0.57,10.0,0.59,71.0,0.6,33.0,0.41,47.0,0.4,28.0,0.45,1.73,0.46,41.0,0.01,0.04,2352.277226,1776301844000
1776301847.189,47.189,0.58,5.0,0.54,19.0,0.59,144.52,0.6,33.0,0.41,71.0,0.4,33.0,0.42,5.0,0.43,10.0,0.01,0.01,2351.843515,1776301845000
1776301847.42,47.42,0.58,5.0,0.54,29.0,0.59,152.04,0.6,45.5,0.41,144.52,0.4,33.0,0.42,5.0,0.46,19.0,0.01,0.01,2351.804845,1776301846000
1776301848.283,48.283,0.55,2.0,0.54,29.0,0.56,24.0,0.57,61.0,0.41,147.04,0.4,45.5,0.46,29.0,0.47,27.0,0.01,0.05,2351.804845,1776301846000
1776301849.217,49.217,0.55,12.0,0.54,56.0,0.57,15.0,0.59,33.0,0.44,24.0,0.43,61.0,0.45,2.0,0.46,29.0,0.02,0.01,2351.783946,1776301848000
1776301850.242,50.242,0.56,23.43,0.55,10.0,0.59,60.0,0.6,45.5,0.43,15.0,0.41,33.0,0.45,12.0,0.46,56.0,0.03,0.02,2351.768863,1776301849000
1776301851.842,51.842,0.58,15.0,0.57,41.0,0.59,7.11,0.6,10.0,0.41,60.0,0.4,45.5,0.44,23.43,0.45,10.0,0.01,0.03,2351.76645,1776301850000
1776301852.648,52.648,0.57,18.0,0.56,13.43,0.58,9.82,0.59,41.31,0.41,7.11,0.4,10.0,0.42,15.0,0.43,41.0,0.01,0.01,2351.82547,1776301851000
1776301854.02,54.02,0.56,16.61,0.55,23.0,0.58,24.82,0.59,27.2,0.42,9.82,0.41,41.31,0.43,18.0,0.44,13.43,0.02,0.01,2351.904609,1776301852000
1776301856.195,56.195,0.54,47.0,0.53,33.0,0.55,8.18,0.56,39.0,0.42,24.82,0.41,27.2,0.44,16.61,0.45,23.0,0.01,0.02,2351.95602,1776301855000
1776301856.787,56.787,0.54,24.0,0.53,5.0,0.55,87.08,0.56,75.0,0.45,8.18,0.44,39.0,0.46,47.0,0.47,33.0,0.01,0.01,2351.95602,1776301855000
1776301857.376,57.376,0.52,11.78,0.51,418.76,0.54,69.74,0.55,20.0,0.46,29.74,0.45,53.08,0.47,5.0,0.48,25.0,0.02,0.01,2351.95602,1776301855000
1776301857.652,57.652,0.52,1.78,0.51,418.76,0.54,59.74,0.55,20.0,0.46,69.74,0.45,20.0,0.48,11.78,0.49,418.76,0.02,0.02,2351.95602,1776301855000
1776301858.132,58.132,0.52,1.78,0.51,418.76,0.53,13.9,0.54,15.74,0.46,59.74,0.45,20.0,0.48,1.78,0.49,418.76,0.01,0.02,2351.80974,1776301856000
1776301858.918,58.918,0.52,21.78,0.51,416.76,0.53,9.9,0.55,27.0,0.47,13.9,0.46,15.74,0.48,1.78,0.49,418.76,0.01,0.01,2351.653322,1776301857000
1776301859.294,59.294,0.55,20.0,0.54,20.0,0.56,4.17,0.58,36.0,0.47,9.9,0.45,27.0,0.48,21.78,0.49,416.76,0.01,0.01,2351.564231,1776301858000
1776301859.8,59.8,0.55,25.0,0.54,25.0,0.56,9.17,0.57,15.0,0.44,4.17,0.42,36.0,0.45,20.0,0.46,20.0,0.01,0.01,2351.564231,1776301858000
1776301860.586,60.586,0.56,20.0,0.55,25.0,0.58,40.0,0.59,56.2,0.44,9.17,0.43,15.0,0.45,25.0,0.46,25.0,0.02,0.01,2351.550448,1776301859000
1776301860.919,60.919,0.55,5.0,0.54,10.0,0.56,45.0,0.57,50.0,0.42,40.0,0.41,56.2,0.44,20.0,0.45,25.0,0.01,0.02,2351.550448,1776301859000
1776301864.749,64.749,0.56,30.0,0.55,15.0,0.57,6.22,0.58,26.0,0.44,40.0,0.43,40.0,0.45,20.0,0.46,10.0,0.01,0.01,2351.702772,1776301863000
1776301865.947,65.947,0.52,1.15,0.51,405.76,0.53,24.0,0.54,15.0,0.43,6.22,0.42,26.0,0.44,30.0,0.45,15.0,0.01,0.01,2351.719736,1776301864000
1776301866.291,66.291,0.51,412.76,0.5,35.35,0.54,15.0,0.55,20.0,0.47,24.0,0.46,15.0,0.48,1.15,0.49,405.76,0.03,0.01,2351.731999,1776301865000
1776301867.855,67.855,0.51,408.71,0.5,52.35,0.52,29.0,0.53,10.0,0.46,15.0,0.45,20.0,0.49,412.76,0.5,35.35,0.01,0.03,2351.731791,1776301866000
1776301869.53,69.53,0.51,418.71,0.5,47.35,0.52,8.07,0.53,5.0,0.48,29.0,0.47,10.0,0.49,408.71,0.5,52.35,0.01,0.01,2351.615363,1776301868000
1776301870.358,70.358,0.51,398.71,0.5,35.35,0.52,57.07,0.53,15.0,0.48,8.07,0.47,5.0,0.49,418.71,0.5,47.35,0.01,0.01,2351.554345,1776301869000
1776301871.729,71.729,0.51,167.51,0.5,25.35,0.52,115.14,0.53,35.0,0.48,55.14,0.47,15.0,0.49,188.68,0.5,35.35,0.01,0.01,2351.576523,1776301870000
1776301872.098,72.098,0.51,71.61,0.5,25.35,0.52,116.14,0.53,35.0,0.48,120.14,0.47,35.0,0.49,71.61,0.5,25.35,0.01,0.01,2351.514115,1776301871000
1776301872.576,72.576,0.51,3.56,0.5,25.35,0.52,174.14,0.53,30.0,0.48,116.14,0.47,35.0,0.49,45.56,0.5,25.35,0.01,0.01,2351.514115,1776301871000
1776301872.856,72.856,0.5,14.59,0.48,5.0,0.51,59.47,0.52,99.0,0.49,51.44,0.48,152.0,0.5,14.59,0.52,5.0,0.01,0.01,2351.514115,1776301871000
1776301873.133,73.133,0.5,17.31,0.49,10.0,0.51,92.03,0.52,43.0,0.49,159.47,0.48,56.0,0.5,12.41,0.52,15.0,0.01,0.01,2351.448186,1776301872000
1776301873.479,73.479,0.5,27.31,0.49,15.0,0.53,28.0,0.54,44.5,0.49,92.03,0.48,43.0,0.5,17.31,0.51,10.0,0.03,0.01,2351.448186,1776301872000
1776301873.731,73.731,0.5,2.31,0.48,15.0,0.51,202.0,0.52,63.0,0.47,28.0,0.46,44.5,0.5,27.31,0.51,15.0,0.01,0.03,2351.448186,1776301872000
1776301874.632,74.632,0.5,5.31,0.48,5.0,0.51,202.0,0.52,38.0,0.49,202.0,0.48,63.0,0.5,2.31,0.52,15.0,0.01,0.01,2351.448186,1776301872000
1776301875.098,75.098,0.48,3.37,0.47,10.0,0.51,174.0,0.52,25.0,0.49,202.0,0.48,38.0,0.5,5.31,0.52,5.0,0.03,0.01,2351.149705,1776301873000
1776301875.576,75.576,0.48,1.44,0.41,24.0,0.49,169.0,0.5,75.0,0.49,174.0,0.48,25.0,0.52,3.37,0.53,10.0,0.01,0.03,2351.149705,1776301873000
1776301876.237,76.237,0.4,2.5,0.39,16.0,0.41,100.0,0.42,20.0,0.51,191.0,0.5,80.0,0.59,24.0,0.6,23.0,0.01,0.08,2351.126497,1776301874000
1776301876.69,76.69,0.38,5.0,0.37,10.0,0.39,94.0,0.4,15.0,0.59,100.0,0.58,20.0,0.62,16.5,0.63,31.0,0.01,0.03,2351.135766,1776301875000
1776301877.669,77.669,0.34,6.96,0.33,15.0,0.36,29.0,0.37,15.0,0.61,94.0,0.6,15.0,0.62,5.0,0.63,10.0,0.02,0.01,2351.135766,1776301875000
1776301878.443,78.443,0.34,10.0,0.33,10.0,0.35,31.14,0.37,5.0,0.64,29.0,0.63,15.0,0.65,4.84,0.66,6.96,0.01,0.01,2350.898727,1776301876000
1776301878.787,78.787,0.33,4.85,0.32,24.0,0.35,30.36,0.37,5.0,0.65,30.36,0.63,5.0,0.66,10.0,0.67,10.0,0.02,0.01,2350.536406,1776301877000
1776301880.852,80.852,0.34,10.93,0.33,4.85,0.35,55.36,0.36,28.12,0.65,30.36,0.63,5.0,0.67,4.85,0.68,24.0,0.01,0.02,2350.287632,1776301879000
1776301882.059,82.059,0.31,4.0,0.3,26.0,0.32,120.0,0.33,21.0,0.65,55.36,0.64,28.12,0.66,10.93,0.67,4.85,0.01,0.01,2350.24423,1776301880000
1776301883.323,83.323,0.3,18.57,0.29,34.0,0.31,54.0,0.32,26.0,0.68,115.0,0.67,21.0,0.7,20.0,0.71,34.0,0.01,0.02,2350.205436,1776301882000
1776301883.786,83.786,0.3,287.57,0.29,36.0,0.31,8.0,0.36,28.12,0.69,54.0,0.68,26.0,0.7,18.57,0.71,34.0,0.01,0.01,2350.205436,1776301882000
1776301883.997,83.997,0.35,182.12,0.34,20.0,0.36,12.44,0.37,5.0,0.64,23.25,0.63,5.0,0.7,385.57,0.71,36.0,0.01,0.06,2350.11879,1776301883000
1776301884.538,84.538,0.4,9.41,0.39,24.0,0.41,15.0,0.42,31.0,0.59,10.0,0.58,10.0,0.64,5.69,0.65,330.4,0.01,0.05,2350.11879,1776301883000
1776301885.226,85.226,0.4,25.0,0.39,14.0,0.41,12.56,0.42,21.0,0.59,10.0,0.58,31.0,0.6,27.85,0.61,24.0,0.01,0.01,2350.11879,1776301883000
1776301885.919,85.919,0.4,40.0,0.39,24.0,0.42,5.0,0.43,24.77,0.59,12.56,0.58,21.0,0.6,25.0,0.61,14.0,0.02,0.01,2349.907257,1776301884000
1776301887.686,87.686,0.41,20.0,0.4,35.0,0.42,58.52,0.43,24.77,0.58,5.0,0.57,24.77,0.6,40.0,0.61,24.0,0.01,0.02,2350.548362,1776301886000
1776301889.625,89.625,0.41,3.3,0.4,10.0,0.42,78.52,0.43,18.77,0.58,58.52,0.57,24.77,0.59,20.0,0.6,35.0,0.01,0.01,2350.653152,1776301888000
1776301890.119,90.119,0.37,40.0,0.36,60.0,0.38,24.04,0.39,15.0,0.49,84.4,0.48,34.4,0.61,5.0,0.62,5.0,0.01,0.12,2350.653152,1776301888000
1776301890.491,90.491,0.36,4.21,0.35,206.4,0.38,103.9,0.39,15.0,0.62,53.9,0.61,15.0,0.63,10.0,0.64,40.0,0.02,0.01,2350.602656,1776301889000
1776301891.123,91.123,0.36,8.43,0.35,200.34,0.37,74.04,0.38,15.0,0.62,103.86,0.61,25.0,0.65,200.34,0.66,46.0,0.01,0.03,2350.602656,1776301889000
1776301892.646,92.646,0.35,205.34,0.34,10.0,0.36,15.9,0.37,15.3,0.63,74.04,0.62,15.0,0.64,8.43,0.65,200.34,0.01,0.01,2350.3946,1776301891000
1776301893.814,93.814,0.35,235.34,0.34,27.0,0.38,88.25,0.39,10.0,0.64,15.9,0.63,15.3,0.65,205.34,0.66,10.0,0.03,0.01,2350.185399,1776301892000
1776301894.224,94.224,0.37,20.0,0.36,78.0,0.38,34.02,0.39,5.0,0.62,39.25,0.61,10.0,0.63,10.0,0.64,10.0,0.01,0.01,2350.141161,1776301893000
1776301894.818,94.818,0.4,20.0,0.39,45.0,0.41,2.0,0.42,5.0,0.59,5.0,0.58,5.0,0.63,20.0,0.64,78.0,0.01,0.04,2350.141161,1776301893000
1776301895.369,95.369,0.41,231.76,0.4,20.0,0.42,75.68,0.43,5.0,0.59,2.0,0.58,5.0,0.6,20.0,0.61,45.0,0.01,0.01,2350.215632,1776301894000
1776301895.882,95.882,0.41,245.76,0.4,37.0,0.42,33.68,0.43,5.0,0.58,75.68,0.57,5.0,0.59,231.76,0.6,20.0,0.01,0.01,2350.215632,1776301894000
1776301896.871,96.871,0.44,5.0,0.43,15.0,0.45,91.15,0.46,15.0,0.58,30.19,0.57,5.0,0.59,240.76,0.6,37.0,0.01,0.01,2350.318907,1776301895000
1776301897.494,97.494,0.44,10.75,0.43,15.0,0.45,78.57,0.46,5.0,0.55,91.15,0.54,15.0,0.56,5.0,0.57,15.0,0.01,0.01,2350.509134,1776301896000
1776301897.901,97.901,0.43,5.0,0.41,186.76,0.44,11.41,0.45,93.57,0.55,78.57,0.54,5.0,0.56,10.75,0.57,15.0,0.01,0.01,2350.509134,1776301896000
1776301899.379,99.379,0.41,202.76,0.4,10.0,0.42,10.03,0.43,5.0,0.56,11.41,0.55,93.57,0.57,5.0,0.59,186.76,0.01,0.01,2350.659437,1776301898000
1776301899.716,99.716,0.41,198.03,0.4,15.0,0.42,10.03,0.43,5.0,0.58,10.03,0.57,5.0,0.59,202.76,0.6,10.0,0.01,0.01,2350.659437,1776301898000
1776301901.125,101.125,0.41,223.03,0.4,15.0,0.47,4.63,0.48,24.0,0.58,10.03,0.57,5.0,0.59,198.03,0.6,15.0,0.06,0.01,2350.600555,1776301899000
1776301901.474,101.474,0.45,12.38,0.44,15.0,0.47,74.66,0.48,36.0,0.53,4.63,0.52,24.0,0.59,223.03,0.6,15.0,0.02,0.06,2350.555864,1776301900000
1776301901.753,101.753,0.45,6.38,0.44,15.0,0.46,12.82,0.47,79.66,0.54,5.0,0.53,95.66,0.55,6.38,0.56,15.0,0.01,0.01,2350.555864,1776301900000
1776301902.221,102.221,0.45,23.56,0.44,15.0,0.46,26.05,0.47,79.66,0.54,12.82,0.53,79.66,0.55,6.38,0.56,15.0,0.01,0.01,2350.555864,1776301900000
1776301902.694,102.694,0.45,21.74,0.44,15.0,0.46,16.05,0.47,79.66,0.54,26.05,0.53,79.66,0.55,23.56,0.56,15.0,0.01,0.01,2350.663895,1776301901000
1776301903.167,103.167,0.45,21.74,0.44,15.0,0.46,13.87,0.47,69.66,0.54,16.05,0.53,79.66,0.55,21.74,0.56,15.0,0.01,0.01,2350.663895,1776301901000
1776301903.367,103.367,0.45,14.74,0.44,20.0,0.46,13.87,0.47,79.66,0.54,13.87,0.53,69.66,0.55,21.74,0.56,15.0,0.01,0.01,2350.663895,1776301901000
1776301904.607,104.607,0.41,141.77,0.39,10.0,0.46,198.87,0.47,83.66,0.54,8.87,0.53,79.66,0.55,9.74,0.56,15.0,0.05,0.01,2350.685544,1776301903000
1776301905.172,105.172,0.41,98.77,0.4,10.0,0.42,44.4,0.43,10.0,0.57,98.0,0.56,10.0,0.59,97.77,0.6,10.0,0.01,0.02,2350.685544,1776301903000
1776301905.605,105.605,0.41,81.05,0.4,10.0,0.42,68.27,0.43,15.0,0.58,44.4,0.57,10.0,0.59,98.77,0.6,10.0,0.01,0.01,2350.746324,1776301904000
1776301906.667,106.667,0.41,68.27,0.4,10.0,0.42,33.87,0.43,86.13,0.58,68.27,0.57,15.0,0.59,81.05,0.6,10.0,0.01,0.01,2350.751234,1776301905000
1776301906.984,106.984,0.41,53.27,0.36,40.0,0.42,133.87,0.43,90.13,0.58,33.87,0.57,86.13,0.59,68.27,0.6,10.0,0.01,0.01,2350.578346,1776301906000
1776301907.521,107.521,0.37,10.0,0.36,10.0,0.42,143.87,0.43,90.13,0.58,153.87,0.57,90.13,0.59,43.27,0.63,10.0,0.05,0.01,2350.578346,1776301906000
1776301908.654,108.654,0.37,1.13,0.36,10.0,0.39,106.0,0.4,16.0,0.58,143.87,0.57,90.13,0.63,10.0,0.64,10.0,0.02,0.05,2350.561584,1776301907000
1776301909.411,109.411,0.39,25.0,0.38,20.0,0.4,40.0,0.41,79.13,0.61,106.0,0.6,16.0,0.63,1.13,0.64,10.0,0.01,0.02,2350.486794,1776301908000
1776301910.152,110.152,0.42,15.0,0.41,65.0,0.51,11.95,0.52,34.4,0.54,28.76,0.53,15.0,0.61,20.0,0.62,25.0,0.09,0.07,2350.303416,1776301909000
1776301910.465,110.465,0.46,15.0,0.45,10.0,0.47,90.0,0.48,10.0,0.56,10.0,0.53,10.0,0.57,0.29,0.58,15.0,0.01,0.01,2350.303416,1776301909000
1776301910.734,110.734,0.46,41.5,0.45,10.0,0.47,90.0,0.48,10.0,0.53,90.0,0.52,10.0,0.54,49.5,0.55,10.0,0.01,0.01,2350.303416,1776301909000
1776301911.021,111.021,0.46,67.5,0.45,10.0,0.47,75.0,0.5,63.63,0.53,90.0,0.52,10.0,0.54,41.5,0.55,10.0,0.01,0.01,2350.37065,1776301910000
1776301911.248,111.248,0.46,82.5,0.45,10.0,0.48,7.79,0.49,10.0,0.53,75.0,0.5,63.63,0.54,67.5,0.55,10.0,0.02,0.01,2350.37065,1776301910000
1776301913.127,113.127,0.48,5.0,0.47,5.0,0.49,29.0,0.5,100.63,0.52,7.79,0.51,10.0,0.54,82.5,0.55,10.0,0.01,0.02,2350.528231,1776301912000
1776301913.333,113.333,0.46,41.5,0.42,10.0,0.48,82.38,0.49,46.0,0.51,29.0,0.5,100.63,0.52,5.0,0.53,5.0,0.02,0.01,2350.528231,1776301912000
1776301915.124,115.124,0.46,86.5,0.45,10.0,0.48,63.38,0.49,14.0,0.52,82.38,0.51,46.0,0.54,41.5,0.58,10.0,0.02,0.02,2350.640419,1776301914000
1776301915.523,115.523,0.46,75.92,0.45,10.0,0.48,69.5,0.49,24.0,0.52,70.43,0.51,14.0,0.54,75.92,0.55,10.0,0.02,0.02,2350.640419,1776301914000
1776301916.416,116.416,0.46,30.92,0.43,10.0,0.47,67.39,0.48,24.0,0.52,69.5,0.51,24.0,0.54,75.92,0.55,10.0,0.01,0.02,2350.60775,1776301915000
1776301917.144,117.144,0.45,10.0,0.44,10.0,0.46,4.73,0.47,51.39,0.53,67.39,0.52,24.0,0.57,10.0,0.58,10.0,0.01,0.04,2350.59785,1776301916000
1776301917.908,117.908,0.45,5.5,0.44,10.0,0.46,54.98,0.47,19.0,0.54,4.73,0.53,51.39,0.55,10.0,0.56,10.0,0.01,0.01,2350.59785,1776301916000
1776301918.217,118.217,0.44,3.52,0.43,10.0,0.46,59.98,0.47,19.0,0.54,54.98,0.53,19.0,0.55,5.5,0.56,10.0,0.02,0.01,2350.59785,1776301916000
1776301918.52,118.52,0.43,9.94,0.42,10.0,0.45,15.0,0.46,54.98,0.54,59.98,0.53,19.0,0.56,3.52,0.57,10.0,0.02,0.02,2350.619704,1776301917000
1776301920.523,120.523,0.45,25.0,0.44,10.0,0.46,5.35,0.47,10.0,0.55,4.8,0.54,54.98,0.57,9.94,0.58,10.0,0.01,0.02,2350.611151,1776301919000
1776301921.182,121.182,0.45,15.6,0.44,10.0,0.46,35.35,0.47,10.0,0.54,5.35,0.53,10.0,0.55,25.0,0.56,10.0,0.01,0.01,2350.611151,1776301919000
1776301922.169,122.169,0.45,2.54,0.44,10.0,0.46,96.28,0.47,10.0,0.54,35.35,0.53,10.0,0.55,15.6,0.56,10.0,0.01,0.01,2350.617844,1776301921000
1776301924.391,124.391,0.33,0.16,0.32,10.0,0.34,30.0,0.35,10.0,0.54,96.28,0.53,10.0,0.55,2.54,0.56,10.0,0.01,0.01,2350.6413,1776301923000
1776301924.762,124.762,0.32,43.51,0.31,81.13,0.34,43.0,0.35,18.0,0.66,30.0,0.65,10.0,0.68,33.51,0.69,76.13,0.02,0.02,2350.6413,1776301923000
1776301925.015,125.015,0.33,2.53,0.32,38.51,0.34,28.0,0.35,15.0,0.66,43.0,0.65,18.0,0.68,43.51,0.69,81.13,0.01,0.02,2350.6413,1776301923000
1776301925.416,125.416,0.33,1.5,0.32,8.51,0.34,98.97,0.35,10.0,0.66,13.0,0.65,15.0,0.67,12.53,0.68,38.51,0.01,0.01,2350.634344,1776301924000
1776301926.235,126.235,0.32,3.36,0.31,66.13,0.34,141.97,0.35,10.0,0.66,98.97,0.65,10.0,0.67,1.5,0.68,8.51,0.02,0.01,2350.634344,1776301924000
1776301927.204,127.204,0.32,30.0,0.31,108.49,0.38,5.0,0.39,15.0,0.67,78.0,0.66,103.97,0.69,69.49,0.7,54.0,0.06,0.02,2350.226428,1776301925000
1776301927.659,127.659,0.37,23.41,0.36,65.0,0.38,118.6,0.39,15.0,0.62,5.0,0.61,15.0,0.68,30.0,0.69,108.49,0.01,0.06,2350.060552,1776301926000
1776301927.919,127.919,0.37,21.34,0.36,70.0,0.38,123.6,0.39,15.0,0.62,118.6,0.61,15.0,0.63,23.41,0.64,65.0,0.01,0.01,2350.060552,1776301926000
1776301928.499,128.499,0.37,12.37,0.36,70.0,0.38,133.6,0.39,10.0,0.62,123.6,0.61,15.0,0.63,21.34,0.64,70.0,0.01,0.01,2350.051988,1776301927000
1776301929.044,129.044,0.37,0.78,0.36,60.0,0.38,133.6,0.39,15.0,0.62,133.6,0.61,10.0,0.63,12.37,0.64,70.0,0.01,0.01,2350.13258,1776301928000
1776301931.234,131.234,0.38,3.38,0.37,10.78,0.39,50.0,0.4,38.21,0.62,133.6,0.61,15.0,0.63,0.78,0.64,60.0,0.01,0.01,2350.211695,1776301930000
1776301934.119,134.119,0.36,58.72,0.35,15.0,0.39,60.0,0.4,10.0,0.61,50.0,0.6,38.21,0.62,3.38,0.63,10.78,0.03,0.01,2350.3465,1776301933000
1776301937.236,137.236,0.39,22.82,0.37,15.0,0.44,8.34,0.45,27.94,0.61,60.0,0.6,10.0,0.64,58.72,0.65,15.0,0.05,0.03,2350.354484,1776301936000
1776301937.614,137.614,0.41,70.49,0.4,10.0,0.42,10.0,0.44,16.0,0.56,8.34,0.55,27.94,0.61,22.82,0.63,15.0,0.01,0.05,2350.354484,1776301936000
1776301938.217,138.217,0.42,5.0,0.41,79.3,0.43,4.0,0.44,10.0,0.56,16.0,0.53,5.0,0.59,70.49,0.6,10.0,0.01,0.03,2350.361909,1776301937000
1776301938.95,138.95,0.43,3.24,0.42,21.55,0.44,10.0,0.45,10.0,0.57,19.0,0.56,10.0,0.58,1.55,0.59,79.3,0.01,0.01,2350.361909,1776301937000
1776301939.429,139.429,0.43,1.48,0.42,16.55,0.44,47.41,0.45,10.0,0.56,10.0,0.55,10.0,0.57,3.24,0.58,21.55,0.01,0.01,2350.632191,1776301938000
1776301939.717,139.717,0.43,9.48,0.42,21.55,0.44,32.41,0.46,10.0,0.56,47.41,0.55,10.0,0.57,1.48,0.58,16.55,0.01,0.01,2350.632191,1776301938000
1776301940.932,140.932,0.45,6.36,0.44,20.0,0.46,16.48,0.47,10.0,0.54,10.0,0.53,10.0,0.55,3.18,0.56,20.0,0.01,0.01,2350.761605,1776301939000
1776301941.409,141.409,0.45,1.36,0.44,20.0,0.46,86.0,0.47,10.0,0.54,16.48,0.53,10.0,0.55,6.36,0.56,20.0,0.01,0.01,2350.779876,1776301940000
1776301942.348,142.348,0.45,4.14,0.44,20.0,0.46,81.0,0.47,10.0,0.54,86.0,0.53,10.0,0.55,1.36,0.56,20.0,0.01,0.01,2350.797459,1776301941000
1776301942.606,142.606,0.45,18.18,0.44,20.0,0.46,81.0,0.47,10.0,0.54,81.0,0.53,10.0,0.55,4.14,0.56,20.0,0.01,0.01,2350.797459,1776301941000
1776301943.783,143.783,0.45,1.9,0.44,20.0,0.46,14.3,0.47,10.0,0.54,81.0,0.53,10.0,0.55,18.18,0.56,20.0,0.01,0.01,2350.83111,1776301942000
1776301945.433,145.433,0.46,21.35,0.45,20.0,0.47,15.0,0.48,15.0,0.54,9.3,0.53,10.0,0.55,1.9,0.56,20.0,0.01,0.01,2350.832502,1776301944000
1776301946.075,146.075,0.46,106.79,0.45,15.0,0.47,15.0,0.48,15.0,0.53,15.0,0.52,15.0,0.54,21.35,0.55,20.0,0.01,0.01,2350.873321,1776301945000
1776301947.329,147.329,0.46,106.67,0.45,15.0,0.47,53.88,0.48,15.0,0.53,15.0,0.52,15.0,0.54,106.79,0.55,15.0,0.01,0.01,2350.850202,1776301946000
1776301947.759,147.759,0.46,61.82,0.45,15.0,0.47,53.88,0.48,15.0,0.53,53.88,0.52,15.0,0.54,106.67,0.55,15.0,0.01,0.01,2350.850202,1776301946000
1776301947.972,147.972,0.46,54.82,0.45,15.0,0.47,48.77,0.48,15.0,0.53,53.88,0.52,15.0,0.54,59.82,0.55,15.0,0.01,0.01,2350.89705,1776301947000
1776301949.294,149.294,0.46,56.56,0.45,15.0,0.47,53.88,0.48,15.0,0.53,48.77,0.52,15.0,0.54,54.82,0.55,15.0,0.01,0.01,2350.89705,1776301948000
1776301952.285,152.285,0.46,63.94,0.45,15.0,0.47,5.0,0.48,55.37,0.53,53.88,0.52,15.0,0.54,56.56,0.55,15.0,0.01,0.01,2350.999545,1776301951000
1776301956.989,156.989,0.41,48.3,0.4,40.0,0.42,125.0,0.43,61.0,0.53,5.0,0.52,55.37,0.54,63.94,0.55,15.0,0.01,0.01,2351.030001,1776301955000
1776301957.953,157.953,0.38,15.0,0.37,45.0,0.41,125.0,0.42,10.95,0.58,44.95,0.57,61.0,0.59,5.0,0.6,46.0,0.03,0.01,2351.030596,1776301956000
1776301958.553,158.553,0.4,15.0,0.39,40.0,0.44,10.0,0.45,20.0,0.59,125.0,0.58,10.95,0.62,15.0,0.63,45.0,0.04,0.03,2350.918662,1776301957000
1776301961.743,161.743,0.43,20.0,0.42,20.0,0.45,15.0,0.46,61.07,0.56,10.0,0.55,20.0,0.6,15.0,0.61,40.0,0.02,0.04,2350.860885,1776301960000
1776301963.467,163.467,0.45,5.01,0.44,15.0,0.46,10.0,0.47,34.62,0.55,15.0,0.54,61.07,0.57,20.0,0.58,20.0,0.01,0.02,2350.881132,1776301962000
1776301963.769,163.769,0.53,15.0,0.52,20.0,0.55,17.78,0.56,73.0,0.54,10.0,0.53,34.62,0.55,5.01,0.56,15.0,0.02,0.01,2350.881132,1776301962000
1776301963.984,163.984,0.52,15.0,0.51,15.0,0.53,14.0,0.54,15.0,0.45,17.78,0.44,73.0,0.47,15.0,0.48,20.0,0.01,0.02,2350.881132,1776301962000
1776301964.748,164.748,0.43,2.1,0.42,5.0,0.45,10.0,0.46,10.0,0.46,9.31,0.45,10.0,0.48,15.0,0.49,15.0,0.02,0.02,2350.876502,1776301963000
1776301965.439,165.439,0.37,0.4,0.35,5.0,0.38,82.0,0.39,18.0,0.55,10.0,0.54,10.0,0.57,2.1,0.58,5.0,0.01,0.02,2350.985576,1776301964000
1776301965.895,165.895,0.32,10.0,0.31,75.13,0.36,10.0,0.37,10.0,0.62,82.0,0.61,18.0,0.63,0.4,0.65,5.0,0.04,0.01,2350.985576,1776301964000
1776301967.758,167.758,0.31,16.73,0.3,42.0,0.32,38.0,0.33,45.0,0.66,8.0,0.65,10.0,0.67,5.0,0.68,30.0,0.01,0.01,2350.944076,1776301966000
1776301968.345,168.345,0.3,30.0,0.29,12.0,0.31,74.77,0.32,54.0,0.68,78.0,0.67,45.0,0.7,34.86,0.71,7.0,0.01,0.02,2350.590057,1776301967000
1776301968.585,168.585,0.3,30.0,0.29,7.0,0.31,76.54,0.32,54.0,0.69,74.77,0.68,54.0,0.7,30.0,0.71,12.0,0.01,0.01,2350.590057,1776301967000
1776301968.898,168.898,0.3,27.85,0.29,12.0,0.31,81.54,0.32,59.0,0.69,76.54,0.68,54.0,0.7,30.0,0.71,7.0,0.01,0.01,2350.590057,1776301967000
1776301970.001,170.001,0.28,25.0,0.26,5.0,0.29,88.0,0.3,29.0,0.69,81.54,0.68,59.0,0.7,27.85,0.71,12.0,0.01,0.01,2350.428887,1776301968000
1776301970.292,170.292,0.25,13.94,0.24,46.0,0.27,38.0,0.28,44.0,0.71,83.0,0.7,24.0,0.73,4.0,0.74,42.0,0.02,0.02,2350.36807,1776301969000
1776301971.926,171.926,0.27,90.0,0.26,20.0,0.28,47.18,0.29,10.0,0.73,38.0,0.72,44.0,0.75,13.94,0.76,46.0,0.01,0.02,2350.220566,1776301970000
1776301972.142,172.142,0.27,95.0,0.26,20.0,0.36,65.0,0.37,45.0,0.72,45.68,0.71,10.0,0.73,90.0,0.74,20.0,0.09,0.01,2350.220566,1776301970000
1776301973.305,173.305,0.3,40.94,0.29,15.0,0.31,130.38,0.32,10.0,0.64,65.0,0.63,45.0,0.73,95.0,0.74,20.0,0.01,0.09,2350.086463,1776301972000
1776301973.747,173.747,0.3,17.51,0.29,15.0,0.31,130.38,0.32,10.0,0.69,130.38,0.68,10.0,0.7,40.94,0.71,15.0,0.01,0.01,2350.086463,1776301972000
1776301975.893,175.893,0.3,49.51,0.29,15.0,0.31,140.46,0.35,10.0,0.69,130.38,0.68,10.0,0.7,17.51,0.71,15.0,0.01,0.01,2350.066434,1776301974000
1776301976.099,176.099,0.3,87.51,0.29,38.0,0.31,64.46,0.36,10.0,0.69,87.46,0.64,10.0,0.7,87.51,0.71,38.0,0.01,0.01,2350.066434,1776301974000
1776301976.628,176.628,0.34,5.0,0.33,20.0,0.35,116.81,0.36,10.0,0.65,10.0,0.64,10.0,0.7,87.51,0.71,38.0,0.01,0.05,2350.068389,1776301975000
1776301976.846,176.846,0.34,7.59,0.33,16.8,0.35,111.81,0.39,10.0,0.65,116.81,0.64,10.0,0.67,16.8,0.68,20.0,0.01,0.02,2350.068389,1776301975000
1776301977.706,177.706,0.34,79.59,0.33,16.8,0.35,117.05,0.39,10.0,0.65,111.81,0.61,10.0,0.66,7.59,0.67,16.8,0.01,0.01,2350.073059,1776301976000
1776301978.673,178.673,0.34,79.59,0.33,16.8,0.35,117.05,0.39,10.0,0.65,117.05,0.61,10.0,0.66,79.59,0.67,16.8,0.01,0.01,2350.194606,1776301977000
1776301979.64,179.64,0.34,74.59,0.33,16.8,0.35,111.88,0.38,10.0,0.65,111.88,0.61,10.0,0.66,79.59,0.67,16.8,0.01,0.01,2350.3467,1776301978000
1776301980.314,180.314,0.34,63.25,0.33,16.8,0.35,111.88,0.38,10.0,0.65,111.88,0.62,10.0,0.66,74.59,0.67,16.8,0.01,0.01,2350.436521,1776301979000
1776301982.67,182.67,0.33,6.8,0.32,5.0,0.35,90.49,0.36,10.0,0.65,111.88,0.62,10.0,0.66,57.32,0.67,16.8,0.02,0.01,2350.466605,1776301981000
1776301984.921,184.921,0.3,39.98,0.29,18.0,0.33,86.89,0.34,10.0,0.65,90.49,0.64,10.0,0.68,5.0,0.69,5.0,0.03,0.03,2350.451225,1776301983000
1776301986.785,186.785,0.3,66.98,0.29,11.0,0.31,45.36,0.32,38.14,0.67,86.89,0.66,10.0,0.7,39.98,0.71,18.0,0.01,0.03,2350.374452,1776301985000
1776301987.362,187.362,0.3,66.98,0.29,21.0,0.31,44.36,0.32,38.14,0.69,45.36,0.68,38.14,0.7,66.98,0.71,11.0,0.01,0.01,2350.330818,1776301986000
1776301991.485,191.485,0.27,22.0,0.26,94.0,0.31,84.36,0.32,38.92,0.69,44.36,0.68,38.14,0.7,66.98,0.71,21.0,0.04,0.01,2350.373349,1776301990000
1776301991.883,191.883,0.28,5.0,0.27,20.0,0.29,65.0,0.3,25.0,0.69,84.36,0.68,38.92,0.73,22.0,0.74,94.0,0.01,0.04,2350.373349,1776301990000
1776301992.505,192.505,0.27,16.0,0.26,94.0,0.29,99.19,0.3,30.0,0.71,65.0,0.7,25.0,0.72,5.0,0.73,20.0,0.02,0.01,2350.344993,1776301991000
1776301993.015,193.015,0.33,20.0,0.32,20.0,0.35,8.37,0.36,15.0,0.71,99.19,0.7,30.0,0.73,16.0,0.74,94.0,0.02,0.02,2350.344993,1776301991000
1776301994.199,194.199,0.33,3.5,0.32,10.0,0.34,114.6,0.35,8.37,0.65,8.37,0.64,15.0,0.67,20.0,0.68,20.0,0.01,0.02,2350.347993,1776301992000
1776301994.782,194.782,0.3,51.0,0.29,43.0,0.32,6.0,0.33,6.0,0.66,114.6,0.65,8.37,0.67,3.5,0.68,10.0,0.02,0.01,2350.315163,1776301993000
1776301995.19,195.19,0.29,36.0,0.28,42.0,0.32,20.0,0.33,21.0,0.68,6.0,0.67,6.0,0.7,51.0,0.71,43.0,0.03,0.02,2350.315163,1776301993000
1776301998.322,198.322,0.3,89.0,0.29,40.0,0.32,69.12,0.33,10.0,0.68,20.0,0.67,21.0,0.71,36.0,0.72,42.0,0.02,0.03,2350.437348,1776301997000
1776301999.03,199.03,0.31,23.0,0.3,67.0,0.32,44.12,0.34,10.0,0.68,62.12,0.67,10.0,0.69,23.0,0.7,89.0,0.01,0.01,2350.437348,1776301997000
1776301999.332,199.332,0.31,16.69,0.3,67.0,0.32,49.12,0.34,10.0,0.68,44.12,0.66,10.0,0.69,23.0,0.7,67.0,0.01,0.01,2350.44235,1776301998000
1776302002.822,202.822,0.31,9.66,0.3,57.0,0.32,56.33,0.33,10.0,0.68,49.12,0.66,10.0,0.69,16.69,0.7,67.0,0.01,0.01,2350.614659,1776302001000
1776302003.319,203.319,0.31,39.61,0.3,57.0,0.32,15.0,0.33,10.0,0.68,56.33,0.67,10.0,0.69,9.66,0.7,57.0,0.01,0.01,2350.614195,1776302002000
1776302004.255,204.255,0.31,173.61,0.3,80.1,0.36,10.0,0.37,10.0,0.68,15.0,0.67,10.0,0.69,39.61,0.7,57.0,0.05,0.01,2350.614206,1776302003000
1776302005.197,205.197,0.34,33.0,0.33,25.0,0.36,54.54,0.37,10.0,0.64,10.0,0.63,10.0,0.69,173.61,0.7,80.1,0.02,0.05,2350.643988,1776302004000
1776302006.265,206.265,0.33,10.0,0.32,20.0,0.35,35.0,0.36,29.54,0.64,54.54,0.63,10.0,0.66,33.0,0.67,25.0,0.02,0.02,2350.696899,1776302005000
1776302006.556,206.556,0.29,21.0,0.28,27.89,0.31,10.0,0.32,45.0,0.65,35.0,0.64,29.54,0.67,10.0,0.68,20.0,0.02,0.02,2350.696899,1776302005000
1776302007.066,207.066,0.29,23.61,0.28,44.89,0.3,20.0,0.31,20.0,0.69,10.0,0.68,45.0,0.71,21.0,0.72,27.89,0.01,0.02,2350.666947,1776302006000
1776302008.31,208.31,0.29,17.13,0.28,44.89,0.3,35.0,0.31,20.0,0.7,20.0,0.69,20.0,0.71,23.61,0.72,44.89,0.01,0.01,2350.674426,1776302007000
1776302012.073,212.073,0.27,21.0,0.26,5.0,0.3,45.0,0.31,25.0,0.7,35.0,0.69,20.0,0.71,17.13,0.72,44.89,0.03,0.01,2350.623701,1776302011000
1776302012.493,212.493,0.27,6.56,0.26,21.0,0.28,20.0,0.29,20.0,0.7,45.0,0.69,25.0,0.73,21.0,0.74,5.0,0.01,0.03,2350.623701,1776302011000
1776302017.164,217.164,0.26,26.0,0.25,30.94,0.27,25.0,0.28,78.0,0.72,20.0,0.71,20.0,0.73,6.56,0.74,21.0,0.01,0.01,2350.599163,1776302015000
1776302017.668,217.668,0.25,25.94,0.24,42.7,0.26,20.0,0.27,33.0,0.73,35.0,0.72,78.0,0.75,30.94,0.76,24.7,0.01,0.02,2350.599163,1776302015000
1776302020.915,220.915,0.25,10.94,0.24,23.0,0.26,43.0,0.27,91.0,0.74,20.0,0.73,33.0,0.75,25.94,0.76,42.7,0.01,0.01,2350.504633,1776302019000
1776302021.995,221.995,0.25,3.94,0.24,23.0,0.26,96.0,0.27,33.0,0.74,43.0,0.73,91.0,0.75,10.94,0.76,23.0,0.01,0.01,2350.404106,1776302020000
1776302023.63,223.63,0.25,3.94,0.24,5.0,0.26,9.0,0.27,25.0,0.74,96.0,0.73,33.0,0.75,3.94,0.76,23.0,0.01,0.01,2350.379184,1776302022000
1776302025.855,225.855,0.25,6.94,0.24,5.0,0.27,112.0,0.28,58.88,0.73,25.0,0.72,20.0,0.75,3.94,0.76,5.0,0.02,0.02,2350.45819,1776302024000
1776302026.32,226.32,0.24,5.0,0.23,5.0,0.26,102.0,0.27,39.0,0.73,112.0,0.72,58.88,0.75,6.94,0.76,5.0,0.02,0.02,2350.488311,1776302025000
1776302026.827,226.827,0.23,5.0,0.22,5.0,0.24,61.69,0.25,20.0,0.74,102.0,0.73,39.0,0.77,5.0,0.78,5.0,0.01,0.03,2350.488311,1776302025000
1776302027.108,227.108,0.22,5.0,0.21,10.0,0.24,61.69,0.25,20.0,0.76,61.69,0.75,20.0,0.77,2.89,0.78,5.0,0.02,0.01,2350.488311,1776302025000
1776302028.532,228.532,0.15,46.51,0.14,128.9,0.18,25.0,0.19,83.0,0.77,13.75,0.76,61.69,0.78,5.0,0.79,19.0,0.03,0.01,2350.359713,1776302027000
1776302029.143,229.143,0.15,28.5,0.14,117.9,0.16,20.0,0.17,15.0,0.83,15.0,0.82,20.0,0.85,42.62,0.86,128.9,0.01,0.02,2350.359713,1776302027000
1776302029.476,229.476,0.15,33.5,0.14,106.9,0.17,12.5,0.18,78.0,0.84,20.0,0.83,15.0,0.85,28.5,0.86,117.9,0.02,0.01,2350.291584,1776302028000
1776302030.176,230.176,0.12,15.09,0.11,123.0,0.16,121.0,0.17,43.5,0.84,21.0,0.83,101.5,0.85,2.9,0.86,116.9,0.04,0.01,2350.294408,1776302029000
1776302030.421,230.421,0.12,4.31,0.11,10.0,0.13,130.0,0.14,10.0,0.87,61.0,0.86,10.0,0.88,2.71,0.89,10.0,0.01,0.01,2350.294408,1776302029000
1776302030.916,230.916,0.08,32.12,0.07,123.3,0.11,12.0,0.12,83.0,0.88,5.0,0.87,120.0,0.9,10.0,0.91,10.0,0.03,0.02,2350.294408,1776302029000
1776302031.554,231.554,0.09,22.62,0.08,176.67,0.1,30.0,0.11,47.0,0.89,12.0,0.88,83.0,0.92,32.12,0.93,123.3,0.01,0.03,2350.275221,1776302030000
1776302032.084,232.084,0.09,27.62,0.08,181.67,0.1,20.65,0.11,47.0,0.9,30.0,0.89,47.0,0.91,22.62,0.92,176.67,0.01,0.01,2350.268514,1776302031000
1776302032.587,232.587,0.09,27.62,0.08,181.67,0.1,0.49,0.11,47.0,0.9,5.65,0.89,47.0,0.91,27.62,0.92,181.67,0.01,0.01,2350.268514,1776302031000
1776302034.247,234.247,0.09,15.65,0.08,15.0,0.1,0.49,0.11,93.0,0.9,0.49,0.89,47.0,0.91,27.62,0.92,181.67,0.01,0.01,2349.61402,1776302033000
1776302035.22,235.22,0.09,10.65,0.08,15.0,0.1,10.49,0.11,93.0,0.9,0.49,0.89,93.0,0.91,15.65,0.92,15.0,0.01,0.01,2349.636114,1776302034000
1776302040.032,240.032,0.08,9.66,0.07,138.3,0.1,131.82,0.11,35.0,0.9,10.49,0.89,93.0,0.91,10.65,0.92,15.0,0.02,0.01,2349.67344,1776302039000
1776302041.015,241.015,0.08,4.66,0.07,10.0,0.09,10.0,0.1,126.82,0.9,131.82,0.89,35.0,0.92,9.66,0.93,138.3,0.01,0.02,2349.67344,1776302039000
1776302041.531,241.531,0.07,10.0,0.06,10.0,0.08,23.0,0.09,105.0,0.91,22.0,0.9,126.82,0.93,15.0,0.94,10.0,0.01,0.02,2349.689408,1776302040000
1776302042.155,242.155,0.07,7.84,0.06,10.0,0.08,18.0,0.09,115.0,0.92,23.0,0.91,105.0,0.93,10.0,0.94,10.0,0.01,0.01,2349.689408,1776302040000
1776302043.58,243.58,0.06,9.15,0.05,25.0,0.08,13.0,0.09,115.0,0.92,18.0,0.91,115.0,0.93,3.97,0.94,10.0,0.02,0.01,2349.579543,1776302042000
1776302045.442,245.442,0.06,1.07,0.05,25.0,0.07,43.0,0.08,7.0,0.92,13.0,0.91,115.0,0.94,9.15,0.95,25.0,0.01,0.02,2349.481919,1776302043000
1776302046.518,246.518,0.05,6.05,0.04,35.0,0.07,116.0,0.08,22.0,0.93,43.0,0.92,7.0,0.94,1.07,0.95,25.0,0.02,0.01,2349.535092,1776302045000
1776302046.754,246.754,0.06,2.85,0.05,10.0,0.07,96.14,0.08,22.0,0.93,116.0,0.92,22.0,0.94,2.85,0.95,10.0,0.01,0.01,2349.535092,1776302045000
1776302047.058,247.058,0.04,11.78,0.03,164.0,0.06,23.0,0.07,101.14,0.93,101.14,0.92,22.0,0.96,21.89,0.97,106.0,0.02,0.03,2349.535092,1776302045000
1776302047.382,247.382,0.04,6.57,0.03,164.0,0.05,22.0,0.06,118.0,0.94,23.0,0.93,101.14,0.96,11.78,0.97,164.0,0.01,0.02,2349.4106,1776302046000
1776302047.628,247.628,0.04,7.39,0.03,160.19,0.05,17.0,0.06,113.0,0.95,22.0,0.94,118.0,0.97,160.19,0.98,703.7,0.01,0.02,2349.4106,1776302046000
1776302048.345,248.345,0.04,7.39,0.03,160.19,0.05,2.09,0.06,176.8,0.95,17.0,0.94,113.0,0.96,7.39,0.97,160.19,0.01,0.01,2349.29845,1776302047000
1776302048.642,248.642,0.03,154.39,0.02,808.7,0.05,2.09,0.06,166.8,0.95,2.09,0.94,176.8,0.96,7.39,0.97,160.19,0.02,0.01,2349.29845,1776302047000
1776302049.793,249.793,0.03,126.54,0.02,782.7,0.05,12.09,0.06,166.8,0.95,2.09,0.94,166.8,0.97,154.39,0.98,808.7,0.02,0.02,2349.226333,1776302048000
1776302050.947,250.947,0.04,2.0,0.03,301.24,0.05,10.0,0.06,10.0,0.95,12.09,0.94,166.8,0.97,126.54,0.98,782.7,0.01,0.02,2349.226333,1776302048000
1776302051.829,251.829,0.03,291.44,0.02,963.7,0.05,10.0,0.06,10.0,0.95,10.0,0.94,10.0,0.97,301.24,0.98,963.7,0.02,0.02,2349.131251,1776302050000
1776302052.443,252.443,0.03,235.13,0.02,963.7,0.05,32.1,0.06,68.0,0.95,10.0,0.94,10.0,0.97,291.44,0.98,963.7,0.02,0.02,2349.22962,1776302051000
1776302053.433,253.433,0.03,225.33,0.02,958.7,0.05,32.1,0.06,68.0,0.95,32.1,0.94,68.0,0.97,235.13,0.98,963.7,0.02,0.02,2349.22962,1776302051000
1776302053.777,253.777,0.03,491.65,0.02,646.7,0.05,32.1,0.06,10.0,0.95,32.1,0.94,68.0,0.97,225.33,0.98,958.7,0.02,0.02,2349.442451,1776302052000
1776302054.131,254.131,0.03,548.6,0.02,718.7,0.05,32.1,0.06,10.0,0.95,22.1,0.94,10.0,0.97,491.65,0.98,718.7,0.02,0.02,2349.442451,1776302052000
1776302054.563,254.563,0.04,132.41,0.03,548.6,0.05,4.79,0.06,10.0,0.95,32.1,0.94,10.0,0.97,548.6,0.98,718.7,0.01,0.02,2349.447651,1776302053000
1776302055.033,255.033,0.05,256.8,0.04,606.41,0.07,3.14,0.08,10.0,0.95,0.93,0.94,10.0,0.96,132.41,0.97,548.6,0.02,0.01,2349.447651,1776302053000
1776302055.862,255.862,0.06,143.57,0.05,599.8,0.08,10.0,0.09,61.14,0.91,61.14,0.9,15.0,0.95,256.8,0.96,606.41,0.02,0.04,2349.43865,1776302054000
1776302056.658,256.658,0.08,18.0,0.07,189.3,0.1,5.0,0.11,10.0,0.92,10.0,0.91,61.14,0.94,143.57,0.95,599.8,0.02,0.02,2349.614235,1776302055000
1776302056.96,256.96,0.1,15.0,0.09,10.0,0.12,68.0,0.13,10.0,0.89,9.39,0.88,68.0,0.91,22.0,0.93,189.3,0.02,0.02,2349.614235,1776302055000
1776302057.193,257.193,0.1,13.88,0.09,10.0,0.11,10.0,0.12,68.0,0.88,68.0,0.87,10.0,0.9,15.0,0.91,10.0,0.01,0.02,2349.614235,1776302055000
1776302057.714,257.714,0.09,0.7,0.08,74.9,0.11,169.35,0.12,68.0,0.89,10.0,0.88,68.0,0.9,3.32,0.91,5.0,0.02,0.01,2349.761469,1776302056000
1776302058.196,258.196,0.1,5.0,0.09,0.7,0.11,122.44,0.12,68.0,0.89,169.35,0.88,68.0,0.91,0.7,0.92,74.9,0.01,0.02,2349.761469,1776302056000
1776302058.463,258.463,0.09,6.96,0.08,123.0,0.1,10.0,0.11,127.44,0.89,132.44,0.88,68.0,0.93,150.4,0.94,225.8,0.01,0.04,2349.761469,1776302056000
1776302058.687,258.687,0.09,6.96,0.08,197.0,0.11,21.62,0.12,10.0,0.89,34.62,0.88,10.0,0.91,6.96,0.92,139.0,0.02,0.02,2349.977705,1776302057000
1776302058.962,258.962,0.1,15.0,0.09,13.96,0.12,10.0,0.13,10.0,0.89,21.62,0.88,10.0,0.91,6.96,0.92,197.0,0.02,0.02,2349.977705,1776302057000
1776302059.708,259.708,0.1,31.88,0.09,6.96,0.11,142.67,0.12,10.0,0.88,10.0,0.87,10.0,0.9,15.0,0.91,13.96,0.01,0.02,2350.060705,1776302058000
1776302061.589,261.589,0.1,35.78,0.09,11.96,0.11,231.88,0.12,10.0,0.89,142.67,0.88,10.0,0.9,31.88,0.91,6.96,0.01,0.01,2350.202877,1776302060000
1776302061.998,261.998,0.1,20.78,0.09,11.96,0.11,236.88,0.12,10.0,0.89,231.88,0.88,10.0,0.9,35.78,0.91,11.96,0.01,0.01,2350.202877,1776302060000
1776302063.433,263.433,0.08,256.24,0.07,203.3,0.11,231.88,0.12,10.0,0.89,236.88,0.88,10.0,0.9,20.78,0.91,11.96,0.03,0.01,2350.18875,1776302061000
1776302064.185,264.185,0.09,12.0,0.08,327.24,0.1,48.19,0.11,206.48,0.89,231.88,0.88,10.0,0.92,256.24,0.93,203.3,0.01,0.03,2350.201446,1776302062000
1776302064.401,264.401,0.09,3.13,0.08,314.24,0.1,70.4,0.11,206.48,0.9,48.19,0.89,206.48,0.91,12.0,0.92,327.24,0.01,0.01,2350.201446,1776302062000
1776302065.501,265.501,0.08,255.15,0.07,68.0,0.1,123.4,0.11,54.22,0.9,70.4,0.89,206.48,0.91,3.13,0.92,314.24,0.02,0.01,2350.212322,1776302064000
1776302065.801,265.801,0.08,261.92,0.07,68.0,0.1,123.4,0.11,54.22,0.9,123.4,0.89,54.22,0.92,253.01,0.93,68.0,0.02,0.02,2350.212322,1776302064000
1776302066.439,266.439,0.08,239.01,0.07,68.0,0.1,65.4,0.11,54.22,0.9,123.4,0.89,54.22,0.92,261.92,0.93,68.0,0.02,0.02,2350.212322,1776302064000
1776302067.133,267.133,0.09,25.0,0.08,297.01,0.1,41.4,0.11,54.22,0.9,65.4,0.89,54.22,0.92,239.01,0.93,68.0,0.01,0.02,2350.201185,1776302065000
1776302067.649,267.649,0.09,37.0,0.08,323.01,0.1,31.4,0.11,44.22,0.9,41.4,0.89,54.22,0.91,25.0,0.92,297.01,0.01,0.01,2350.201185,1776302065000
1776302068.515,268.515,0.09,172.0,0.08,402.91,0.11,38.52,0.12,10.0,0.9,14.3,0.89,54.22,0.91,37.0,0.92,265.01,0.02,0.01,2350.238382,1776302067000
1776302069.313,269.313,0.11,60.0,0.1,82.0,0.12,10.0,0.13,10.0,0.88,10.0,0.87,10.0,0.9,85.0,0.91,99.0,0.01,0.02,2350.32014,1776302068000
1776302070.214,270.214,0.11,31.48,0.1,55.0,0.12,10.0,0.13,10.0,0.88,10.0,0.87,10.0,0.89,42.74,0.9,55.0,0.01,0.01,2350.32014,1776302068000
1776302070.872,270.872,0.11,41.48,0.1,55.0,0.13,3.92,0.14,21.0,0.88,10.0,0.87,10.0,0.89,31.48,0.9,55.0,0.02,0.01,2350.428932,1776302069000
1776302072.903,272.903,0.12,1.54,0.11,46.48,0.13,103.01,0.14,21.0,0.87,3.92,0.86,21.0,0.89,41.48,0.9,55.0,0.01,0.02,2350.45996,1776302071000
1776302073.404,273.404,0.11,31.76,0.1,55.0,0.13,108.01,0.14,21.0,0.87,103.01,0.86,21.0,0.88,1.54,0.89,46.48,0.02,0.01,2350.464557,1776302072000
1776302075.759,275.759,0.13,89.0,0.12,22.0,0.15,0.46,0.16,10.0,0.87,108.01,0.86,21.0,0.89,31.76,0.9,55.0,0.02,0.02,2350.57392,1776302074000
1776302076.632,276.632,0.13,11.0,0.12,22.0,0.15,10.0,0.16,10.0,0.85,0.46,0.84,10.0,0.87,89.0,0.88,22.0,0.02,0.02,2350.597529,1776302075000
1776302077.465,277.465,0.13,18.7,0.12,22.0,0.14,10.0,0.15,10.0,0.85,10.0,0.84,10.0,0.87,11.0,0.88,22.0,0.01,0.02,2350.604011,1776302076000
1776302078.251,278.251,0.11,81.76,0.1,10.0,0.13,15.0,0.14,10.0,0.86,10.0,0.85,10.0,0.87,18.7,0.88,22.0,0.02,0.01,2350.658758,1776302077000
1776302079.061,279.061,0.11,81.76,0.1,10.0,0.13,2.3,0.14,10.0,0.87,15.0,0.86,10.0,0.89,81.76,0.9,10.0,0.02,0.02,2350.658758,1776302077000
1776302080.459,280.459,0.11,76.76,0.1,10.0,0.13,2.3,0.14,43.93,0.87,2.3,0.86,10.0,0.89,81.76,0.9,10.0,0.02,0.02,2350.666264,1776302079000
1776302082.642,282.642,0.11,15.52,0.1,10.0,0.12,32.01,0.13,2.3,0.87,2.3,0.86,43.93,0.89,76.76,0.9,10.0,0.01,0.02,2350.658684,1776302081000
1776302083.047,283.047,0.1,17.56,0.09,25.0,0.12,20.0,0.13,7.3,0.88,42.01,0.87,7.3,0.9,18.68,0.91,25.0,0.02,0.02,2350.658684,1776302081000
1776302083.94,283.94,0.09,21.7,0.08,239.01,0.11,25.0,0.12,10.0,0.88,20.0,0.87,7.3,0.9,17.56,0.91,25.0,0.02,0.02,2350.649395,1776302082000
1776302086.527,286.527,0.1,10.0,0.09,10.0,0.11,2.21,0.12,68.0,0.89,25.0,0.88,10.0,0.91,21.7,0.92,239.01,0.01,0.02,2350.64703,1776302085000
1776302087.232,287.232,0.11,128.0,0.1,71.0,0.15,8.06,0.16,10.0,0.89,2.21,0.88,68.0,0.9,10.0,0.91,10.0,0.04,0.01,2350.680911,1776302086000
1776302087.951,287.951,0.14,3.01,0.13,10.0,0.16,10.0,0.17,10.0,0.84,10.0,0.83,10.0,0.86,8.83,0.87,10.0,0.02,0.02,2350.692766,1776302087000
1776302088.586,288.586,0.13,7.55,0.12,10.0,0.15,10.0,0.16,15.0,0.84,10.0,0.83,10.0,0.86,3.01,0.87,10.0,0.02,0.02,2350.692766,1776302087000
1776302090.931,290.931,0.13,2.55,0.12,10.0,0.14,10.0,0.15,15.0,0.85,10.0,0.84,15.0,0.87,7.55,0.88,10.0,0.01,0.02,2350.804564,1776302089000
1776302091.336,291.336,0.12,3.63,0.11,10.0,0.14,15.0,0.15,73.0,0.86,10.0,0.85,15.0,0.88,8.63,0.89,10.0,0.02,0.02,2350.805786,1776302090000
1776302094.034,294.034,0.1,6.42,0.09,10.0,0.14,15.0,0.15,15.0,0.86,15.0,0.85,73.0,0.88,1.35,0.89,10.0,0.04,0.02,2350.848497,1776302092000
1776302094.894,294.894,0.09,10.0,0.08,146.48,0.14,4.29,0.15,10.0,0.89,5.0,0.88,10.0,0.92,146.48,0.93,10.0,0.05,0.03,2350.8183,1776302093000
1776302095.41,295.41,0.16,58.16,0.15,10.0,0.17,6.02,0.18,10.0,0.89,40.0,0.84,43.67,0.9,10.0,0.91,10.0,0.01,0.01,2350.858356,1776302094000
1776302095.611,295.611,0.16,48.16,0.15,5.0,0.18,2.94,0.19,10.0,0.83,6.02,0.82,10.0,0.84,58.16,0.85,10.0,0.02,0.01,2350.858356,1776302094000
1776302096.411,296.411,0.13,8.74,0.12,10.0,0.15,10.0,0.16,10.0,0.81,10.0,0.8,10.0,0.84,38.16,0.85,5.0,0.02,0.03,2350.858356,1776302094000
1776302096.751,296.751,0.12,6.84,0.11,60.0,0.15,15.0,0.16,10.0,0.85,10.0,0.84,10.0,0.87,8.74,0.88,10.0,0.03,0.02,2350.858356,1776302094000
1776302096.956,296.956,0.11,4.38,0.1,10.0,0.12,5.0,0.13,20.0,0.87,15.0,0.86,10.0,0.89,50.58,0.9,10.0,0.01,0.02,2350.866722,1776302095000
1776302097.164,297.164,0.08,40.18,0.07,10.0,0.12,157.0,0.13,164.0,0.88,5.0,0.87,20.0,0.89,4.38,0.9,10.0,0.04,0.01,2350.866722,1776302095000
1776302097.443,297.443,0.08,8.77,0.07,10.0,0.09,169.47,0.1,15.0,0.91,17.47,0.9,154.0,0.94,6.02,0.95,10.0,0.01,0.03,2351.000359,1776302096000
1776302097.659,297.659,0.02,486.66,0.01,1782.14,0.07,149.0,0.08,15.0,0.93,154.0,0.92,15.0,0.96,4.78,0.97,1.88,0.05,0.03,2351.000359,1776302096000
1776302097.893,297.893,0.03,8.0,0.02,459.66,0.06,143.56,0.07,15.0,0.94,138.56,0.93,15.0,0.96,10.0,0.97,10.0,0.03,0.02,2351.000359,1776302096000
1776302098.328,298.328,0.01,1371.43,,,0.04,145.0,0.05,15.0,0.96,145.0,0.95,10.0,0.98,78.29,0.99,2023.14,0.03,0.02,2351.010718,1776302097000
1776302098.543,298.543,0.01,1025.28,,,0.03,144.0,0.04,15.0,0.97,144.0,0.96,15.0,0.99,1125.28,,,0.02,0.02,2351.010718,1776302097000
1776302098.815,298.815,0.01,985.28,,,0.03,144.0,0.04,15.0,0.97,144.0,0.96,15.0,0.99,987.28,,,0.02,0.02,2351.010718,1776302097000
1776302099.302,299.302,,,,,0.01,1198.13,0.02,21.0,0.99,25.74,0.97,144.0,,,,,,,2351.043627,1776302098000
1776302099.62,299.62,,,,,0.01,1524.74,0.02,21.0,0.99,1187.08,0.98,21.0,,,,,,,2351.043627,1776302098000

# RESULT,winner=Down,slug=eth-updown-5m-1776301800,ticks=332
