timestamp,elapsed_sec,up_bid_p1,up_bid_s1,up_bid_p2,up_bid_s2,up_ask_p1,up_ask_s1,up_ask_p2,up_ask_s2,down_bid_p1,down_bid_s1,down_bid_p2,down_bid_s2,down_ask_p1,down_ask_s1,down_ask_p2,down_ask_s2,up_spread,down_spread,eth_price,eth_oracle_ts
1776302400.613,0.613,0.4,38.0,0.39,34.0,0.6,38.0,0.61,40.0,0.4,38.0,0.39,40.0,0.48,5.0,0.49,2.4,0.2,0.08,2353.883772,1776302399000
1776302401.016,1.016,0.4,38.0,0.39,34.0,0.6,38.0,0.61,40.0,0.4,38.0,0.39,40.0,0.6,38.0,0.61,34.0,0.2,0.2,2353.93245,1776302400000
1776302401.506,1.506,0.49,19.0,0.48,18.0,0.51,0.24,0.52,5.0,0.4,38.0,0.39,40.0,0.6,38.0,0.61,34.0,0.02,0.2,2353.93245,1776302400000
1776302401.999,1.999,0.49,19.0,0.48,18.0,0.51,0.24,0.52,5.0,0.49,0.24,0.48,5.0,0.51,19.0,0.52,18.0,0.02,0.02,2353.94745,1776302401000
1776302402.816,2.816,0.49,14.0,0.48,23.0,0.51,0.24,0.52,5.0,0.49,0.24,0.48,5.0,0.51,19.0,0.52,18.0,0.02,0.02,2353.94745,1776302401000
1776302403.982,3.982,0.49,14.0,0.48,23.0,0.51,0.24,0.52,5.0,0.49,0.24,0.48,5.0,0.51,14.0,0.52,23.0,0.02,0.02,2353.993525,1776302403000
1776302404.916,4.916,0.53,10.0,0.52,38.0,0.54,9.9,0.55,15.0,0.49,0.24,0.48,5.0,0.51,14.0,0.52,23.0,0.01,0.02,2353.993525,1776302403000
1776302405.886,5.886,0.53,10.0,0.52,38.0,0.54,9.9,0.55,15.0,0.46,9.9,0.45,15.0,0.47,10.0,0.48,38.0,0.01,0.01,2354.108436,1776302405000
1776302406.189,6.189,0.53,15.0,0.52,43.0,0.54,4.9,0.55,20.0,0.46,9.9,0.45,15.0,0.47,10.0,0.48,38.0,0.01,0.01,2354.108436,1776302405000
1776302406.833,6.833,0.53,15.0,0.52,43.0,0.54,4.9,0.55,20.0,0.46,4.9,0.45,20.0,0.47,15.0,0.48,43.0,0.01,0.01,2354.128596,1776302406000
1776302407.621,7.621,0.53,15.0,0.52,43.0,0.55,13.18,0.56,28.0,0.46,4.9,0.45,20.0,0.47,15.0,0.48,43.0,0.02,0.01,2354.128596,1776302406000
1776302408.587,8.587,0.53,15.0,0.52,43.0,0.55,13.18,0.56,28.0,0.45,13.18,0.44,28.0,0.47,15.0,0.48,43.0,0.02,0.02,2354.187995,1776302407000
1776302409.168,9.168,0.53,15.0,0.52,43.0,0.55,13.18,0.56,28.0,0.45,13.18,0.44,28.0,0.47,15.0,0.48,43.0,0.02,0.02,2354.168803,1776302408000
1776302409.551,9.551,0.53,55.0,0.52,101.0,0.55,12.78,0.56,15.0,0.45,13.18,0.44,28.0,0.47,15.0,0.48,43.0,0.02,0.02,2354.168803,1776302408000
1776302410.386,10.386,0.53,55.0,0.52,101.0,0.55,12.78,0.56,15.0,0.45,12.78,0.44,15.0,0.47,55.0,0.48,101.0,0.02,0.02,2354.214539,1776302409000
1776302411.036,11.036,0.53,87.36,0.52,54.0,0.55,17.78,0.56,23.0,0.45,12.78,0.44,15.0,0.47,55.0,0.48,101.0,0.02,0.02,2354.222651,1776302410000
1776302411.503,11.503,0.52,1.02,0.5,5.0,0.53,25.0,0.54,83.0,0.45,17.78,0.44,23.0,0.47,87.36,0.48,54.0,0.01,0.02,2354.222651,1776302410000
1776302411.813,11.813,0.44,21.0,0.43,5.0,0.51,110.0,0.52,15.0,0.47,25.0,0.46,83.0,0.48,1.02,0.5,5.0,0.07,0.01,2354.222651,1776302410000
1776302412.208,12.208,0.44,94.0,0.43,31.0,0.46,14.78,0.47,20.0,0.49,110.0,0.48,15.0,0.56,21.0,0.57,5.0,0.02,0.07,2354.262564,1776302411000
1776302412.853,12.853,0.53,15.0,0.52,15.0,0.55,14.09,0.56,15.0,0.54,14.78,0.53,20.0,0.56,94.0,0.57,31.0,0.02,0.02,2354.262564,1776302411000
1776302413.284,13.284,0.52,89.0,0.51,20.0,0.55,19.09,0.56,20.0,0.45,14.09,0.44,15.0,0.47,15.0,0.48,15.0,0.03,0.02,2354.262564,1776302411000
1776302414.524,14.524,0.53,10.0,0.52,129.0,0.56,20.64,0.57,20.0,0.45,19.09,0.44,20.0,0.48,89.0,0.49,20.0,0.03,0.03,2353.854681,1776302413000
1776302415.955,15.955,0.54,10.0,0.53,10.0,0.55,10.09,0.56,14.64,0.44,20.64,0.43,20.0,0.47,10.0,0.48,129.0,0.01,0.03,2354.071355,1776302414000
1776302416.885,16.885,0.6,20.0,0.59,10.0,0.61,5.67,0.64,35.13,0.45,10.09,0.44,14.64,0.46,10.0,0.47,10.0,0.01,0.01,2354.183046,1776302415000
1776302417.216,17.216,0.63,5.0,0.62,10.0,0.64,25.0,0.67,58.0,0.36,35.13,0.32,10.0,0.37,5.0,0.38,10.0,0.01,0.01,2354.207695,1776302416000
1776302417.5,17.5,0.63,10.0,0.62,79.0,0.64,13.48,0.67,6.0,0.36,18.8,0.34,8.0,0.37,15.0,0.38,15.0,0.01,0.01,2354.207695,1776302416000
1776302417.935,17.935,0.66,15.0,0.65,15.0,0.71,50.0,0.73,10.0,0.33,1.0,0.29,50.0,0.34,5.0,0.35,10.0,0.05,0.01,2354.207695,1776302416000
1776302418.209,18.209,0.7,10.0,0.69,10.0,0.71,64.45,0.72,10.0,0.29,50.0,0.27,10.0,0.34,15.0,0.35,15.0,0.01,0.05,2354.207695,1776302416000
1776302418.564,18.564,0.69,10.0,0.68,10.0,0.71,14.0,0.72,10.0,0.29,64.45,0.28,21.0,0.3,4.0,0.31,10.0,0.02,0.01,2354.23605,1776302417000
1776302419.349,19.349,0.68,5.0,0.67,5.0,0.69,32.0,0.7,159.19,0.29,24.0,0.28,10.0,0.31,5.83,0.32,15.0,0.01,0.02,2354.715997,1776302418000
1776302419.985,19.985,0.65,6.96,0.64,10.0,0.66,137.0,0.67,83.0,0.31,27.0,0.3,159.19,0.34,10.0,0.35,15.0,0.01,0.03,2354.903772,1776302419000
1776302421.013,21.013,0.66,28.0,0.65,28.96,0.7,32.0,0.72,58.0,0.34,132.0,0.33,10.0,0.35,6.96,0.36,10.0,0.04,0.01,2354.8825,1776302420000
1776302421.47,21.47,0.73,20.0,0.72,15.0,0.74,29.0,0.75,83.0,0.3,28.84,0.28,58.0,0.34,28.0,0.35,28.96,0.01,0.04,2354.8825,1776302420000
1776302423.244,23.244,0.73,11.29,0.72,20.0,0.74,224.94,0.75,77.0,0.26,29.0,0.25,83.0,0.27,20.0,0.28,15.0,0.01,0.01,2354.9011,1776302422000
1776302423.863,23.863,0.73,59.29,0.72,26.0,0.75,18.25,0.78,5.0,0.26,224.94,0.25,77.0,0.27,11.29,0.28,20.0,0.02,0.01,2354.9011,1776302422000
1776302425.192,25.192,0.77,15.0,0.76,110.0,0.78,101.18,0.79,136.0,0.25,18.25,0.22,5.0,0.27,59.29,0.28,26.0,0.01,0.02,2355.27985,1776302424000
1776302425.718,25.718,0.78,7.9,0.77,15.0,0.79,36.0,0.8,20.0,0.22,57.55,0.21,136.0,0.23,15.0,0.24,10.0,0.01,0.01,2355.27985,1776302424000
1776302426.034,26.034,0.78,7.9,0.77,15.0,0.79,110.49,0.8,87.47,0.21,108.49,0.2,87.47,0.22,7.9,0.23,15.0,0.01,0.01,2355.27985,1776302424000
1776302426.453,26.453,0.78,7.9,0.77,15.0,0.79,130.22,0.8,87.47,0.21,110.49,0.2,87.47,0.22,7.9,0.23,15.0,0.01,0.01,2355.646075,1776302425000
1776302428.807,28.807,0.76,12.66,0.75,21.0,0.79,259.24,0.8,69.0,0.21,130.22,0.2,87.47,0.22,7.9,0.23,15.0,0.03,0.01,2355.813901,1776302427000
1776302429.062,29.062,0.74,10.0,0.73,10.0,0.77,167.02,0.78,199.02,0.21,259.24,0.2,69.0,0.24,12.66,0.25,21.0,0.03,0.03,2355.813901,1776302427000
1776302431.443,31.443,0.74,49.0,0.73,100.0,0.75,25.0,0.76,43.0,0.26,30.0,0.25,40.0,0.27,5.0,0.28,10.0,0.01,0.01,2355.55245,1776302430000
1776302432.132,32.132,0.69,112.25,0.68,129.0,0.75,57.0,0.76,43.0,0.25,25.0,0.24,43.0,0.26,49.0,0.27,100.0,0.06,0.01,2355.55245,1776302430000
1776302433.024,33.024,0.74,102.0,0.73,15.0,0.75,93.0,0.76,100.0,0.25,57.0,0.24,43.0,0.31,112.25,0.32,129.0,0.01,0.06,2355.55245,1776302431000
1776302433.269,33.269,0.74,151.0,0.73,30.84,0.75,74.0,0.76,100.0,0.25,93.0,0.24,100.0,0.26,102.0,0.27,15.0,0.01,0.01,2355.55245,1776302431000
1776302434.299,34.299,0.75,166.0,0.74,72.0,0.76,100.0,0.77,106.0,0.25,53.1,0.24,100.0,0.26,146.0,0.27,30.84,0.01,0.01,2355.628676,1776302433000
1776302435.714,35.714,0.75,131.8,0.74,46.32,0.76,154.0,0.77,141.0,0.24,100.0,0.23,106.0,0.25,166.0,0.26,72.0,0.01,0.01,2355.926579,1776302434000
1776302435.96,35.96,0.75,112.8,0.74,56.32,0.76,213.0,0.77,158.0,0.24,154.0,0.23,141.0,0.25,131.8,0.26,46.32,0.01,0.01,2355.98345,1776302435000
1776302436.669,36.669,0.75,56.8,0.74,56.32,0.76,265.68,0.77,158.0,0.24,235.68,0.23,158.0,0.25,68.8,0.26,56.32,0.01,0.01,2355.98345,1776302435000
1776302437.305,37.305,0.75,136.66,0.74,56.32,0.76,253.68,0.77,158.0,0.24,265.68,0.23,158.0,0.25,56.8,0.26,56.32,0.01,0.01,2356.04245,1776302436000
1776302438.028,38.028,0.75,141.66,0.74,45.32,0.76,36.0,0.77,48.0,0.24,253.68,0.23,158.0,0.25,136.66,0.26,56.32,0.01,0.01,2356.04245,1776302436000
1776302440.511,40.511,0.76,94.6,0.75,92.37,0.77,1.93,0.78,19.0,0.24,36.0,0.23,43.0,0.25,189.66,0.26,45.32,0.01,0.01,2355.913586,1776302439000
1776302442.085,42.085,0.77,59.6,0.76,37.0,0.78,17.93,0.79,134.22,0.23,1.93,0.22,19.0,0.24,94.6,0.25,92.37,0.01,0.01,2355.92707,1776302441000
1776302442.491,42.491,0.77,31.6,0.76,37.0,0.78,138.35,0.79,81.22,0.22,17.93,0.21,134.22,0.23,59.6,0.24,37.0,0.01,0.01,2355.92707,1776302441000
1776302444.691,44.691,0.77,142.25,0.76,226.64,0.78,7.34,0.79,109.22,0.22,133.35,0.21,81.22,0.23,27.25,0.24,37.0,0.01,0.01,2356.032876,1776302443000
1776302445.866,45.866,0.77,358.16,0.76,254.64,0.79,21.22,0.8,10.0,0.22,7.34,0.21,109.22,0.23,142.25,0.24,226.64,0.02,0.01,2356.026735,1776302444000
1776302446.324,46.324,0.78,258.0,0.77,281.51,0.79,5.29,0.8,10.0,0.21,11.62,0.2,10.0,0.22,28.0,0.23,291.51,0.01,0.01,2356.023385,1776302445000
1776302446.715,46.715,0.78,266.6,0.77,299.37,0.8,8.97,0.82,23.0,0.21,5.29,0.2,10.0,0.22,258.0,0.23,281.51,0.02,0.01,2356.023385,1776302445000
1776302447.919,47.919,0.79,245.0,0.78,282.95,0.81,6.29,0.82,33.0,0.2,8.97,0.18,23.0,0.22,266.6,0.23,299.37,0.02,0.02,2356.05675,1776302446000
1776302448.295,48.295,0.8,15.0,0.79,130.0,0.81,88.75,0.82,38.0,0.19,6.29,0.18,33.0,0.21,245.0,0.22,282.95,0.01,0.02,2356.05675,1776302446000
1776302448.666,48.666,0.8,52.0,0.79,183.0,0.81,15.97,0.82,33.0,0.19,85.15,0.18,33.0,0.2,15.0,0.21,130.0,0.01,0.01,2356.229046,1776302447000
1776302449.27,49.27,0.8,29.2,0.79,10.0,0.81,136.0,0.82,73.0,0.19,10.97,0.18,91.0,0.2,52.0,0.21,183.0,0.01,0.01,2356.229046,1776302447000
1776302450.198,50.198,0.79,141.36,0.77,23.37,0.8,139.0,0.81,65.0,0.2,23.0,0.19,57.0,0.21,3.42,0.22,135.0,0.01,0.01,2356.311535,1776302448000
1776302450.417,50.417,0.79,133.36,0.77,28.37,0.8,163.0,0.81,70.0,0.2,139.0,0.19,65.0,0.21,141.36,0.23,23.37,0.01,0.01,2356.27245,1776302449000
1776302451.248,51.248,0.79,128.36,0.77,23.37,0.8,191.77,0.81,70.0,0.2,163.0,0.19,70.0,0.21,133.36,0.23,28.37,0.01,0.01,2356.27245,1776302449000
1776302451.781,51.781,0.79,151.36,0.77,23.37,0.8,208.77,0.81,65.0,0.2,191.77,0.19,70.0,0.21,128.36,0.23,23.37,0.01,0.01,2356.211922,1776302450000
1776302451.999,51.999,0.79,104.36,0.77,23.37,0.8,208.77,0.81,65.0,0.2,208.77,0.19,65.0,0.21,151.36,0.23,23.37,0.01,0.01,2356.17505,1776302451000
1776302452.672,52.672,0.79,76.12,0.76,65.0,0.8,208.77,0.81,65.0,0.2,203.77,0.19,65.0,0.21,81.36,0.24,7.0,0.01,0.01,2356.17505,1776302451000
1776302453.321,53.321,0.79,15.6,0.77,162.3,0.8,146.5,0.81,65.0,0.2,205.02,0.19,65.0,0.21,56.12,0.24,65.0,0.01,0.01,2356.0488,1776302452000
1776302453.624,53.624,0.79,99.6,0.78,5.0,0.8,33.75,0.81,55.0,0.2,127.75,0.19,65.0,0.21,15.6,0.23,167.3,0.01,0.01,2356.0488,1776302452000
1776302455.731,55.731,0.8,143.0,0.79,35.6,0.81,2.0,0.82,59.0,0.2,26.5,0.19,55.0,0.21,97.6,0.22,5.0,0.01,0.01,2355.995002,1776302454000
1776302456.067,56.067,0.8,167.6,0.79,15.0,0.82,48.39,0.83,92.0,0.19,2.0,0.18,59.0,0.2,143.0,0.21,35.6,0.02,0.01,2355.995002,1776302454000
1776302457.326,57.326,0.81,496.76,0.8,96.0,0.82,29.92,0.83,87.0,0.18,48.39,0.17,92.0,0.2,167.6,0.21,15.0,0.01,0.02,2356.157785,1776302456000
1776302458.844,58.844,0.8,112.34,0.79,15.0,0.82,57.92,0.83,97.0,0.18,29.92,0.17,87.0,0.19,496.76,0.2,96.0,0.02,0.01,2356.21996,1776302457000
1776302461.255,61.255,0.81,258.96,0.8,175.0,0.83,32.0,0.84,148.0,0.19,3.69,0.18,25.0,0.2,75.0,0.21,15.0,0.02,0.01,2356.18955,1776302460000
1776302462.864,62.864,0.82,443.3,0.81,262.22,0.83,12.0,0.84,65.0,0.17,32.0,0.16,148.0,0.19,258.96,0.2,175.0,0.01,0.02,2356.204181,1776302461000
1776302463.08,63.08,0.83,257.0,0.82,396.89,0.84,44.31,0.86,41.0,0.16,53.31,0.14,41.0,0.17,247.0,0.18,401.89,0.01,0.01,2356.239985,1776302462000
1776302463.326,63.326,0.83,264.0,0.82,352.64,0.84,34.31,0.86,31.0,0.16,39.31,0.14,41.0,0.17,257.0,0.18,396.89,0.01,0.01,2356.239985,1776302462000
1776302463.658,63.658,0.83,817.02,0.82,319.64,0.84,6.31,0.86,31.0,0.16,34.31,0.14,31.0,0.17,264.0,0.18,352.64,0.01,0.01,2356.239985,1776302462000
1776302464.088,64.088,0.85,234.12,0.84,45.0,0.86,6.74,0.88,60.0,0.14,13.91,0.12,60.0,0.15,15.0,0.16,10.0,0.01,0.01,2356.382531,1776302463000
1776302464.431,64.431,0.85,796.43,0.84,215.5,0.88,59.58,0.89,103.0,0.14,6.74,0.12,60.0,0.15,234.12,0.16,45.0,0.03,0.01,2356.382531,1776302463000
1776302464.634,64.634,0.87,20.0,0.86,10.0,0.88,117.58,0.89,45.0,0.12,59.58,0.11,103.0,0.15,796.43,0.16,215.5,0.01,0.03,2356.382531,1776302463000
1776302466.335,66.335,0.86,80.64,0.85,81.93,0.87,145.06,0.88,64.0,0.12,115.58,0.11,55.0,0.13,40.0,0.14,110.0,0.01,0.01,2356.932995,1776302465000
1776302466.634,66.634,0.86,63.49,0.85,57.93,0.87,158.06,0.88,60.0,0.13,145.06,0.12,69.0,0.14,73.49,0.15,104.93,0.01,0.01,2356.932995,1776302465000
1776302467.573,67.573,0.85,64.93,0.84,15.0,0.86,62.0,0.87,104.0,0.13,158.06,0.12,60.0,0.14,63.49,0.15,57.93,0.01,0.01,2357.155,1776302466000
1776302468.201,68.201,0.85,340.54,0.84,155.49,0.86,4.0,0.88,35.0,0.14,62.0,0.13,104.0,0.15,64.93,0.16,15.0,0.01,0.01,2356.909439,1776302467000
1776302469.261,69.261,0.88,69.0,0.87,140.99,0.89,35.0,0.9,35.0,0.14,4.0,0.12,35.0,0.15,340.54,0.16,155.49,0.01,0.01,2356.909439,1776302467000
1776302470.455,70.455,0.87,11.99,0.85,52.93,0.88,151.0,0.89,130.0,0.11,35.0,0.1,35.0,0.12,69.0,0.13,140.99,0.01,0.01,2356.88516,1776302469000
1776302470.699,70.699,0.85,11.5,0.83,41.14,0.86,137.0,0.87,82.0,0.12,209.0,0.11,95.0,0.15,32.5,0.17,50.14,0.01,0.03,2356.88516,1776302469000
1776302470.959,70.959,0.85,11.5,0.83,41.14,0.86,159.83,0.87,100.0,0.14,137.0,0.13,82.0,0.15,11.5,0.17,41.14,0.01,0.01,2356.88516,1776302469000
1776302471.52,71.52,0.85,4.3,0.83,36.14,0.86,247.83,0.87,87.0,0.14,159.83,0.13,100.0,0.15,11.5,0.17,41.14,0.01,0.01,2357.111393,1776302470000
1776302471.872,71.872,0.83,21.93,0.82,109.77,0.86,257.83,0.87,87.0,0.14,247.83,0.13,87.0,0.15,4.3,0.17,36.14,0.03,0.01,2357.111393,1776302470000
1776302472.101,72.101,0.83,9.69,0.82,109.77,0.84,210.0,0.85,81.0,0.14,257.83,0.13,87.0,0.17,21.93,0.18,109.77,0.01,0.03,2357.082787,1776302471000
1776302474.002,74.002,0.82,72.13,0.81,14.0,0.83,161.78,0.84,182.0,0.17,84.79,0.16,151.0,0.18,126.57,0.19,14.0,0.01,0.01,2356.527559,1776302472000
1776302474.734,74.734,0.82,69.08,0.81,72.0,0.83,135.97,0.84,182.0,0.17,140.97,0.16,182.0,0.18,72.13,0.19,14.0,0.01,0.01,2356.278434,1776302473000
1776302476.163,76.163,0.82,63.52,0.81,152.46,0.83,156.97,0.84,171.0,0.17,135.97,0.16,182.0,0.18,69.08,0.19,72.0,0.01,0.01,2356.097391,1776302474000
1776302479.227,79.227,0.82,44.52,0.81,7.0,0.83,214.97,0.84,125.0,0.17,156.97,0.16,171.0,0.18,63.52,0.19,152.46,0.01,0.01,2356.092476,1776302478000
1776302479.812,79.812,0.79,91.0,0.77,96.39,0.8,61.0,0.81,90.15,0.19,29.15,0.17,234.97,0.21,66.0,0.23,96.39,0.01,0.02,2356.092476,1776302478000
1776302480.11,80.11,0.79,116.0,0.78,36.0,0.81,31.19,0.82,35.0,0.2,61.0,0.19,90.15,0.21,91.0,0.23,96.39,0.02,0.01,2356.092476,1776302478000
1776302480.579,80.579,0.81,191.0,0.8,68.0,0.83,35.0,0.84,66.25,0.19,31.19,0.18,35.0,0.21,116.0,0.22,36.0,0.02,0.02,2356.071724,1776302479000
1776302480.965,80.965,0.82,136.0,0.81,148.37,0.83,1.0,0.84,41.25,0.16,41.25,0.15,10.0,0.18,13.0,0.19,194.0,0.01,0.02,2356.071724,1776302479000
1776302481.424,81.424,0.82,203.37,0.81,83.62,0.83,1.0,0.84,15.0,0.17,1.0,0.16,41.25,0.18,136.0,0.19,148.37,0.01,0.01,2355.96,1776302480000
1776302482.236,82.236,0.82,198.37,0.81,98.62,0.84,2.02,0.85,43.2,0.17,1.0,0.16,15.0,0.18,203.37,0.19,83.62,0.02,0.01,2355.96,1776302480000
1776302483.361,83.361,0.82,40.0,0.81,106.0,0.83,5.0,0.84,12.02,0.16,2.02,0.15,43.2,0.18,198.37,0.19,98.62,0.01,0.02,2356.205208,1776302482000
1776302484.69,84.69,0.82,379.67,0.81,111.0,0.84,8.32,0.85,10.0,0.17,1.38,0.16,12.02,0.18,40.0,0.19,106.0,0.02,0.01,2356.32255,1776302483000
1776302486.51,86.51,0.8,52.99,0.79,63.0,0.82,95.0,0.83,33.0,0.16,8.32,0.15,10.0,0.18,379.67,0.19,111.0,0.02,0.02,2356.28745,1776302485000
1776302488.448,88.448,0.8,107.99,0.79,31.46,0.81,32.92,0.82,38.0,0.19,53.92,0.18,84.0,0.2,52.99,0.21,63.0,0.01,0.01,2356.134632,1776302487000
1776302490.507,90.507,0.8,29.49,0.79,91.39,0.81,212.92,0.82,48.0,0.19,32.92,0.18,38.0,0.2,82.99,0.21,31.46,0.01,0.01,2355.99,1776302489000
1776302495.096,95.096,0.79,83.39,0.76,63.0,0.8,165.0,0.81,114.92,0.19,207.92,0.18,48.0,0.21,91.39,0.23,73.0,0.01,0.02,2355.747958,1776302494000
1776302497.691,97.691,0.79,157.94,0.76,10.0,0.8,35.0,0.81,77.92,0.2,190.0,0.19,139.92,0.21,79.94,0.24,63.0,0.01,0.01,2355.720757,1776302495000
1776302498.004,98.004,0.79,29.94,0.76,63.0,0.8,175.0,0.81,165.92,0.2,35.0,0.19,77.92,0.21,157.94,0.24,10.0,0.01,0.01,2355.707729,1776302496000
1776302500.541,100.541,0.79,21.94,0.76,5.0,0.8,194.98,0.81,115.92,0.2,175.0,0.19,165.92,0.21,21.94,0.24,63.0,0.01,0.01,2355.669903,1776302499000
1776302501.439,101.439,0.76,5.0,0.75,58.0,0.77,66.87,0.78,113.0,0.2,194.98,0.19,115.92,0.24,5.0,0.25,58.0,0.01,0.04,2355.669903,1776302499000
1776302503.481,103.481,0.75,24.0,0.74,6.0,0.77,197.87,0.78,107.5,0.23,73.87,0.22,55.0,0.24,5.0,0.25,58.0,0.02,0.01,2355.574669,1776302501000
1776302503.681,103.681,0.74,6.0,0.67,77.0,0.76,155.0,0.77,158.87,0.24,155.0,0.23,163.87,0.25,5.0,0.26,6.0,0.02,0.01,2355.574669,1776302501000
1776302504.088,104.088,0.74,2.15,0.68,5.0,0.75,153.0,0.76,206.0,0.24,155.0,0.23,158.87,0.26,6.0,0.33,77.0,0.01,0.02,2355.425709,1776302502000
1776302504.592,104.592,0.67,66.78,0.66,64.0,0.69,23.0,0.7,15.0,0.25,158.0,0.24,201.0,0.32,5.0,0.33,68.0,0.02,0.07,2355.425709,1776302503000
1776302504.958,104.958,0.68,1.87,0.67,78.0,0.69,6.73,0.7,20.0,0.31,1.73,0.3,20.0,0.32,5.0,0.33,78.0,0.01,0.01,2355.425709,1776302503000
1776302505.406,105.406,0.67,78.0,0.66,160.7,0.68,13.73,0.69,10.0,0.3,12.34,0.29,15.0,0.32,1.87,0.33,78.0,0.01,0.02,2355.369695,1776302504000
1776302505.744,105.744,0.67,83.0,0.66,160.7,0.68,21.73,0.69,10.0,0.32,13.73,0.31,10.0,0.33,78.0,0.34,160.7,0.01,0.01,2355.369695,1776302504000
1776302506.044,106.044,0.67,81.0,0.66,151.7,0.68,16.73,0.7,8.0,0.32,21.73,0.31,10.0,0.33,83.0,0.34,160.7,0.01,0.01,2355.369695,1776302504000
1776302506.304,106.304,0.67,195.0,0.66,160.7,0.68,9.43,0.7,8.0,0.32,16.73,0.3,8.0,0.33,81.0,0.34,151.7,0.01,0.01,2355.199072,1776302505000
1776302506.632,106.632,0.69,166.37,0.68,31.0,0.7,2.0,0.72,5.0,0.3,8.0,0.28,5.0,0.33,210.0,0.34,160.7,0.01,0.03,2355.199072,1776302505000
1776302512.125,112.125,0.73,134.0,0.72,110.46,0.74,4.0,0.75,15.0,0.3,2.0,0.28,5.0,0.31,166.37,0.32,31.0,0.01,0.01,2355.33347,1776302510000
1776302517.225,117.225,0.75,10.0,0.74,65.0,0.76,5.0,0.77,14.87,0.26,4.0,0.25,15.0,0.27,134.0,0.28,110.46,0.01,0.01,2355.438058,1776302516000
1776302520.705,120.705,0.76,95.0,0.75,145.0,0.77,8.5,0.78,73.0,0.24,5.0,0.23,14.87,0.25,10.0,0.26,65.0,0.01,0.01,2355.508106,1776302519000
1776302524.51,124.51,0.76,173.99,0.75,134.89,0.77,5.9,0.78,15.0,0.23,8.5,0.22,73.0,0.24,95.0,0.25,145.0,0.01,0.01,2355.456421,1776302523000
1776302524.987,124.987,0.76,173.99,0.75,134.89,0.77,0.56,0.78,15.0,0.23,5.9,0.22,15.0,0.24,173.99,0.25,134.89,0.01,0.01,2355.456421,1776302523000
1776302529.055,129.055,0.76,127.67,0.75,146.89,0.77,15.56,0.78,73.0,0.23,0.56,0.22,15.0,0.24,173.99,0.25,134.89,0.01,0.01,2355.56285,1776302527000
1776302532.472,132.472,0.76,362.67,0.75,95.28,0.79,17.0,0.81,5.26,0.23,15.56,0.22,73.0,0.24,127.67,0.25,146.89,0.03,0.01,2355.55054,1776302531000
1776302533.085,133.085,0.81,122.0,0.8,83.0,0.83,5.0,0.84,18.25,0.16,18.25,0.15,20.0,0.2,10.0,0.21,23.0,0.02,0.04,2355.552211,1776302532000
1776302533.541,133.541,0.82,161.35,0.81,67.0,0.83,1.16,0.84,18.25,0.17,5.0,0.16,18.25,0.19,122.0,0.2,83.0,0.01,0.02,2355.552211,1776302532000
1776302535.019,135.019,0.82,155.68,0.81,82.0,0.84,23.0,0.85,100.0,0.17,1.16,0.16,18.25,0.18,161.35,0.19,67.0,0.02,0.01,2355.585805,1776302533000
1776302537.16,137.16,0.84,90.0,0.83,197.7,0.85,19.17,0.86,73.0,0.16,23.0,0.15,100.0,0.18,155.68,0.19,82.0,0.01,0.02,2355.85475,1776302535000
1776302539.83,139.83,0.83,36.95,0.79,8.0,0.84,152.0,0.85,28.17,0.15,19.17,0.14,73.0,0.16,90.0,0.17,197.7,0.01,0.01,2355.973363,1776302538000
1776302540.618,140.618,0.78,73.0,0.77,99.18,0.79,49.73,0.8,20.0,0.2,10.0,0.19,18.0,0.22,69.9,0.23,24.0,0.01,0.02,2355.96251,1776302539000
1776302541.217,141.217,0.78,73.0,0.77,99.18,0.79,42.73,0.8,20.0,0.21,49.73,0.2,20.0,0.22,73.0,0.23,99.18,0.01,0.01,2355.90958,1776302540000
1776302541.893,141.893,0.77,69.68,0.76,6.0,0.79,188.73,0.8,51.0,0.21,35.73,0.2,20.0,0.22,73.0,0.23,99.18,0.02,0.01,2355.90958,1776302540000
1776302542.992,142.992,0.76,18.8,0.74,156.85,0.77,152.15,0.78,109.0,0.22,145.0,0.21,143.73,0.23,27.13,0.24,6.0,0.01,0.01,2355.754091,1776302541000
1776302543.281,143.281,0.76,18.8,0.74,68.0,0.77,75.15,0.78,109.0,0.23,140.15,0.22,109.0,0.24,18.8,0.26,156.85,0.01,0.01,2355.508959,1776302542000
1776302544.964,144.964,0.76,18.8,0.75,159.89,0.77,32.74,0.78,58.0,0.23,75.15,0.22,109.0,0.24,18.8,0.26,68.0,0.01,0.01,2355.163506,1776302544000
1776302546.209,146.209,0.76,11.8,0.69,72.37,0.77,78.0,0.78,81.0,0.23,32.74,0.22,58.0,0.24,18.8,0.25,159.89,0.01,0.01,2355.24222,1776302545000
1776302546.432,146.432,0.68,10.0,0.67,15.0,0.73,4.49,0.76,10.0,0.27,14.84,0.23,99.0,0.31,55.91,0.32,10.0,0.05,0.04,2355.24222,1776302545000
1776302546.998,146.998,0.7,88.47,0.67,65.91,0.71,11.94,0.72,50.0,0.27,4.49,0.24,10.0,0.32,10.0,0.33,15.0,0.01,0.05,2355.24222,1776302545000
1776302547.325,147.325,0.7,7.0,0.67,65.91,0.71,15.33,0.72,50.0,0.29,10.33,0.28,50.0,0.3,88.47,0.33,65.91,0.01,0.01,2355.24222,1776302545000
1776302548.272,148.272,0.71,25.0,0.7,15.0,0.72,1.22,0.73,5.0,0.29,31.33,0.28,50.0,0.33,52.91,0.34,10.0,0.01,0.04,2355.087593,1776302547000
1776302548.541,148.541,0.72,130.27,0.71,124.0,0.73,14.0,0.74,49.0,0.28,1.22,0.27,5.0,0.29,25.0,0.3,15.0,0.01,0.01,2355.087593,1776302547000
1776302549.341,149.341,0.72,184.27,0.71,61.0,0.73,12.63,0.74,49.0,0.27,14.0,0.26,49.0,0.28,130.27,0.29,124.0,0.01,0.01,2354.881987,1776302548000
1776302551.288,151.288,0.72,101.27,0.71,84.0,0.73,3.19,0.74,15.0,0.27,8.19,0.26,49.0,0.28,96.27,0.29,89.0,0.01,0.01,2354.982884,1776302550000
1776302551.929,151.929,0.72,75.17,0.71,84.0,0.73,11.91,0.74,15.0,0.27,3.19,0.26,15.0,0.28,101.27,0.29,84.0,0.01,0.01,2354.982884,1776302550000
1776302552.281,152.281,0.72,43.17,0.7,10.0,0.73,42.91,0.74,15.0,0.27,11.91,0.26,15.0,0.28,75.17,0.29,84.0,0.01,0.01,2354.982884,1776302550000
1776302554.492,154.492,0.68,63.0,0.67,44.59,0.69,10.0,0.7,25.0,0.27,47.91,0.26,15.0,0.3,10.0,0.31,80.0,0.01,0.03,2354.922803,1776302553000
1776302554.784,154.784,0.68,68.0,0.67,44.59,0.69,5.57,0.7,25.0,0.31,10.0,0.3,25.0,0.32,63.0,0.33,44.59,0.01,0.01,2354.922803,1776302553000
1776302557.447,157.447,0.76,408.91,0.75,32.0,0.78,40.0,0.83,10.0,0.31,5.57,0.3,25.0,0.32,68.0,0.33,44.59,0.02,0.01,2354.757636,1776302556000
1776302557.671,157.671,0.81,40.0,0.8,10.0,0.83,5.72,0.84,20.0,0.18,0.75,0.17,15.0,0.19,10.0,0.2,10.0,0.02,0.01,2354.757636,1776302556000
1776302558.063,158.063,0.81,65.36,0.8,10.0,0.82,31.39,0.83,5.72,0.18,12.39,0.17,5.72,0.19,50.0,0.2,10.0,0.01,0.01,2354.761826,1776302557000
1776302558.447,158.447,0.81,27.46,0.8,76.0,0.84,10.23,0.85,73.2,0.17,0.72,0.16,20.0,0.19,32.46,0.2,68.0,0.03,0.02,2354.761826,1776302557000
1776302559.361,159.361,0.77,146.79,0.76,180.0,0.82,103.0,0.83,117.0,0.16,1.98,0.15,73.2,0.19,27.46,0.2,76.0,0.05,0.03,2354.828903,1776302558000
1776302561.09,161.09,0.74,51.0,0.73,10.0,0.77,28.0,0.78,86.0,0.18,103.0,0.17,117.0,0.23,146.79,0.24,180.0,0.03,0.05,2355.428557,1776302560000
1776302562.064,162.064,0.73,96.29,0.7,58.0,0.74,2.18,0.75,45.0,0.25,10.0,0.24,10.0,0.26,5.03,0.27,10.0,0.01,0.01,2355.262082,1776302561000
1776302563.835,163.835,0.73,138.94,0.72,10.0,0.74,88.67,0.75,20.0,0.26,25.18,0.25,20.0,0.27,51.29,0.28,58.0,0.01,0.01,2355.093241,1776302562000
1776302565.766,165.766,0.73,95.65,0.72,15.0,0.74,55.0,0.75,20.0,0.26,88.67,0.25,20.0,0.27,138.94,0.28,10.0,0.01,0.01,2354.885052,1776302564000
1776302566.706,166.706,0.73,100.65,0.72,65.06,0.74,46.64,0.75,25.0,0.26,55.0,0.25,20.0,0.27,95.65,0.28,15.0,0.01,0.01,2354.880004,1776302565000
1776302566.991,166.991,0.73,39.65,0.72,65.06,0.74,105.26,0.75,25.0,0.26,46.64,0.25,25.0,0.27,100.65,0.28,65.06,0.01,0.01,2354.880004,1776302565000
1776302567.651,167.651,0.73,17.41,0.71,10.0,0.74,178.26,0.75,20.0,0.26,105.26,0.25,25.0,0.27,39.65,0.28,65.06,0.01,0.01,2354.923757,1776302566000
1776302568.035,168.035,0.73,1.41,0.68,10.0,0.74,254.26,0.75,39.2,0.26,178.26,0.25,20.0,0.27,17.41,0.29,10.0,0.01,0.01,2354.923757,1776302566000
1776302568.446,168.446,0.68,10.0,0.67,68.0,0.72,16.34,0.74,272.96,0.26,254.26,0.25,39.2,0.27,1.41,0.32,10.0,0.04,0.01,2354.954154,1776302567000
1776302570.095,170.095,0.67,72.51,0.66,26.0,0.69,10.0,0.72,51.0,0.28,16.34,0.26,272.96,0.32,10.0,0.33,68.0,0.02,0.04,2354.732573,1776302569000
1776302570.949,170.949,0.68,15.0,0.67,72.51,0.69,6.95,0.72,109.0,0.31,10.0,0.28,51.0,0.33,72.51,0.34,26.0,0.01,0.02,2354.703816,1776302570000
1776302579.936,179.936,0.71,6.0,0.7,10.0,0.72,45.0,0.73,28.3,0.31,6.95,0.28,109.0,0.32,15.0,0.33,72.51,0.01,0.01,2354.37376,1776302578000
1776302580.568,180.568,0.71,33.0,0.7,10.0,0.72,35.0,0.73,28.3,0.28,45.0,0.27,28.3,0.29,6.0,0.3,10.0,0.01,0.01,2354.508026,1776302579000
1776302581.061,181.061,0.71,30.86,0.7,10.0,0.72,22.89,0.73,18.3,0.28,52.89,0.27,51.3,0.29,27.31,0.3,10.0,0.01,0.01,2354.542792,1776302580000
1776302581.539,181.539,0.71,27.22,0.7,4.83,0.72,21.33,0.73,18.3,0.28,21.33,0.27,18.3,0.29,10.0,0.3,24.83,0.01,0.01,2354.542792,1776302580000
1776302581.964,181.964,0.73,35.0,0.72,10.0,0.75,40.0,0.76,60.0,0.25,59.2,0.24,79.7,0.29,32.22,0.3,4.83,0.02,0.04,2354.542792,1776302580000
1776302584.6,184.6,0.73,30.0,0.72,29.75,0.74,30.75,0.75,76.0,0.25,45.0,0.24,60.0,0.27,30.0,0.28,10.0,0.01,0.02,2354.7575,1776302583000
1776302585.871,185.871,0.73,30.0,0.72,29.75,0.74,24.64,0.75,30.0,0.26,30.75,0.25,76.0,0.27,30.0,0.28,29.75,0.01,0.01,2354.7575,1776302584000
1776302586.486,186.486,0.73,42.0,0.72,29.75,0.76,37.67,0.77,17.0,0.26,24.64,0.25,30.0,0.27,30.0,0.28,29.75,0.03,0.01,2354.76795,1776302585000
1776302587.983,187.983,0.74,48.0,0.73,21.0,0.76,37.0,0.79,10.0,0.24,37.67,0.23,17.0,0.27,42.0,0.28,29.75,0.02,0.03,2354.7576,1776302586000
1776302589.806,189.806,0.76,52.0,0.75,28.0,0.77,18.0,0.78,17.0,0.24,18.96,0.21,10.0,0.26,48.0,0.27,21.0,0.01,0.02,2354.842822,1776302588000
1776302590.129,190.129,0.76,58.75,0.75,28.0,0.77,3.0,0.78,17.0,0.23,3.0,0.22,17.0,0.24,52.0,0.25,28.0,0.01,0.01,2354.842822,1776302588000
1776302592.052,192.052,0.76,66.75,0.75,28.0,0.77,0.4,0.78,40.0,0.23,3.0,0.22,17.0,0.24,58.75,0.25,28.0,0.01,0.01,2354.84775,1776302590000
1776302595.701,195.701,0.75,11.0,0.74,11.0,0.77,51.4,0.78,57.0,0.23,0.4,0.22,40.0,0.24,66.75,0.25,28.0,0.02,0.01,2354.90909,1776302594000
1776302596.861,196.861,0.75,1.0,0.74,21.0,0.76,11.25,0.77,30.0,0.23,47.4,0.22,57.0,0.25,21.0,0.26,21.0,0.01,0.02,2354.916375,1776302595000
1776302597.229,197.229,0.75,15.0,0.74,21.0,0.76,5.0,0.77,30.0,0.24,11.25,0.23,30.0,0.25,1.0,0.26,21.0,0.01,0.01,2354.894615,1776302596000
1776302602.189,202.189,0.75,31.38,0.74,31.0,0.78,37.0,0.8,29.0,0.24,5.0,0.23,30.0,0.25,3.0,0.26,21.0,0.03,0.01,2354.846205,1776302601000
1776302606.717,206.717,0.77,39.21,0.76,10.0,0.78,58.84,0.79,61.0,0.22,37.0,0.2,29.0,0.25,31.38,0.26,31.0,0.01,0.03,2354.862335,1776302605000
1776302612.405,212.405,0.77,39.21,0.76,10.0,0.79,26.29,0.8,35.0,0.22,58.84,0.21,61.0,0.23,39.21,0.24,10.0,0.02,0.01,2354.7615,1776302611000
1776302618.588,218.588,0.72,5.53,0.7,72.91,0.76,50.0,0.78,7.0,0.21,26.29,0.2,35.0,0.23,39.21,0.24,10.0,0.04,0.02,2354.71679,1776302617000
1776302619.667,219.667,0.71,9.7,0.7,44.2,0.74,30.0,0.76,60.0,0.24,50.0,0.22,7.0,0.28,5.53,0.3,72.91,0.03,0.04,2354.71679,1776302618000
1776302624.192,224.192,0.63,5.3,0.6,21.0,0.71,43.5,0.73,6.0,0.26,30.0,0.24,60.0,0.29,9.7,0.3,44.2,0.08,0.03,2354.50801,1776302623000
1776302625.417,225.417,0.67,11.0,0.63,5.3,0.7,0.92,0.71,10.0,0.29,40.76,0.27,6.0,0.37,5.3,0.4,21.0,0.03,0.08,2354.469991,1776302624000
1776302625.976,225.976,0.69,6.0,0.67,10.0,0.7,5.0,0.71,30.0,0.28,7.22,0.26,20.46,0.35,73.62,0.37,5.3,0.01,0.07,2354.469991,1776302624000
1776302627.012,227.012,0.74,10.0,0.73,10.0,0.75,30.0,0.76,37.0,0.29,29.92,0.28,6.0,0.33,10.0,0.34,50.0,0.01,0.04,2354.432984,1776302625000
1776302627.234,227.234,0.74,10.0,0.73,10.0,0.75,4.45,0.76,37.0,0.25,30.0,0.24,37.0,0.26,10.0,0.27,10.0,0.01,0.01,2354.57655,1776302626000
1776302628.256,228.256,0.77,9.0,0.76,10.0,0.78,5.0,0.81,50.0,0.25,3.11,0.24,37.0,0.26,10.0,0.27,10.0,0.01,0.01,2354.59145,1776302627000
1776302628.761,228.761,0.77,7.73,0.76,10.0,0.81,55.0,0.82,24.4,0.22,5.0,0.19,50.0,0.23,9.0,0.24,10.0,0.04,0.01,2354.59145,1776302627000
1776302629.917,229.917,0.79,10.0,0.78,10.0,0.8,2.81,0.81,83.4,0.19,78.4,0.18,34.4,0.2,5.0,0.21,10.0,0.01,0.01,2354.60611,1776302628000
1776302631.702,231.702,0.8,5.0,0.79,10.0,0.81,28.4,0.82,111.23,0.2,2.81,0.19,83.4,0.21,10.0,0.22,10.0,0.01,0.01,2354.607334,1776302630000
1776302633.193,233.193,0.79,2.0,0.78,15.0,0.8,8.0,0.81,80.4,0.19,28.4,0.18,111.23,0.2,5.0,0.21,10.0,0.01,0.01,2354.5715,1776302632000
1776302635.874,235.874,0.79,2.0,0.78,15.0,0.8,1.7,0.81,23.4,0.2,8.0,0.19,80.4,0.21,2.0,0.22,15.0,0.01,0.01,2354.53904,1776302634000
1776302638.355,238.355,0.79,7.0,0.78,10.0,0.8,88.45,0.81,49.4,0.2,1.7,0.19,23.4,0.21,2.0,0.22,15.0,0.01,0.01,2354.53048,1776302637000
1776302641.039,241.039,0.79,2.0,0.78,10.0,0.8,0.38,0.81,23.4,0.2,88.45,0.19,49.4,0.21,7.0,0.22,10.0,0.01,0.01,2354.528366,1776302639000
1776302642.453,242.453,0.69,5.0,0.66,89.62,0.78,50.0,0.79,18.0,0.2,0.38,0.19,23.4,0.21,2.0,0.22,10.0,0.09,0.01,2354.556177,1776302641000
1776302643.181,243.181,0.63,5.3,0.6,10.0,0.71,50.0,0.74,10.0,0.22,50.0,0.21,18.0,0.31,5.0,0.34,89.62,0.08,0.09,2354.493089,1776302642000
1776302643.423,243.423,0.6,10.0,0.57,10.0,0.61,9.7,0.71,50.0,0.29,50.0,0.26,10.0,0.37,5.3,0.4,10.0,0.01,0.08,2354.493089,1776302642000
1776302643.752,243.752,0.6,25.0,0.59,10.0,0.61,11.45,0.62,10.0,0.39,9.7,0.29,50.0,0.4,10.0,0.43,10.0,0.01,0.01,2354.493089,1776302642000
1776302644.031,244.031,0.6,18.79,0.59,10.0,0.61,8.15,0.62,10.0,0.39,3.15,0.38,10.0,0.4,20.0,0.41,10.0,0.01,0.01,2354.493089,1776302642000
1776302644.266,244.266,0.6,18.79,0.59,10.0,0.61,1.51,0.63,10.0,0.39,8.15,0.38,10.0,0.4,18.79,0.41,10.0,0.01,0.01,2354.333485,1776302643000
1776302644.703,244.703,0.6,6.95,0.59,10.0,0.61,1.51,0.63,10.0,0.39,1.51,0.36,10.0,0.4,18.96,0.41,10.0,0.01,0.01,2354.333485,1776302643000
1776302646.329,246.329,0.59,9.17,0.58,10.0,0.61,1.51,0.63,10.0,0.39,1.51,0.37,10.0,0.4,6.95,0.41,10.0,0.02,0.01,2354.128227,1776302645000
1776302648.11,248.11,0.51,50.0,0.5,16.0,0.56,33.0,0.57,18.0,0.37,6.51,0.36,10.0,0.4,10.0,0.41,10.0,0.05,0.03,2354.111798,1776302646000
1776302648.39,248.39,0.5,39.0,0.49,5.0,0.51,19.07,0.52,18.0,0.44,33.0,0.43,18.0,0.49,31.38,0.5,16.0,0.01,0.05,2354.111798,1776302646000
1776302648.644,248.644,0.5,34.0,0.46,97.99,0.52,5.51,0.53,18.0,0.49,19.07,0.48,18.0,0.5,39.0,0.51,5.0,0.02,0.01,2354.111798,1776302646000
1776302648.896,248.896,0.46,79.46,0.45,19.0,0.48,10.0,0.51,10.0,0.52,10.0,0.49,10.0,0.54,84.7,0.55,19.0,0.02,0.02,2354.11331,1776302647000
1776302649.295,249.295,0.46,4.0,0.45,10.0,0.48,18.0,0.49,10.0,0.52,18.0,0.49,15.0,0.56,35.0,0.57,19.0,0.02,0.04,2354.11331,1776302647000
1776302649.535,249.535,0.45,1.0,0.44,45.0,0.47,23.0,0.48,10.0,0.53,18.0,0.52,10.0,0.55,4.0,0.56,45.0,0.02,0.02,2354.11331,1776302647000
1776302650.152,250.152,0.45,6.81,0.44,42.98,0.47,18.0,0.48,10.0,0.53,18.0,0.52,10.0,0.54,3.03,0.55,10.0,0.02,0.01,2354.11331,1776302648000
1776302650.879,250.879,0.46,15.0,0.45,6.81,0.49,8.44,0.5,10.0,0.52,7.81,0.51,9.63,0.55,6.81,0.56,42.98,0.03,0.03,2354.083688,1776302649000
1776302651.773,251.773,0.48,15.0,0.47,10.0,0.52,4.32,0.53,10.0,0.49,8.44,0.48,5.51,0.52,5.0,0.54,15.0,0.04,0.03,2353.883817,1776302650000
1776302652.125,252.125,0.49,15.0,0.48,23.0,0.51,7.76,0.52,14.32,0.48,4.32,0.47,10.0,0.52,15.0,0.53,10.0,0.02,0.04,2353.883817,1776302650000
1776302652.398,252.398,0.5,3.26,0.49,20.0,0.51,12.76,0.52,14.32,0.49,7.76,0.48,14.32,0.5,4.6,0.51,15.0,0.01,0.01,2353.883817,1776302650000
1776302653.153,253.153,0.49,13.68,0.48,30.0,0.51,7.76,0.52,14.32,0.49,12.76,0.48,14.32,0.5,3.26,0.51,20.0,0.02,0.01,2353.88905,1776302651000
1776302653.706,253.706,0.48,22.68,0.47,15.0,0.5,16.0,0.51,7.76,0.49,7.76,0.48,14.32,0.51,13.68,0.52,30.0,0.02,0.02,2353.91298,1776302652000
1776302654.475,254.475,0.48,7.68,0.45,10.12,0.49,15.0,0.5,21.0,0.5,16.0,0.49,7.76,0.52,22.68,0.53,15.0,0.01,0.02,2353.91298,1776302652000
1776302655.986,255.986,0.44,41.19,0.43,42.0,0.45,23.0,0.46,18.0,0.51,11.06,0.5,21.0,0.55,9.09,0.56,45.0,0.01,0.04,2353.855396,1776302654000
1776302656.785,256.785,0.37,50.12,0.36,80.0,0.38,20.0,0.39,5.0,0.55,23.0,0.54,18.0,0.56,41.19,0.57,42.0,0.01,0.01,2353.795476,1776302655000
1776302657.024,257.024,0.45,8.45,0.44,10.0,0.46,0.65,0.47,5.0,0.54,0.65,0.49,50.0,0.63,50.12,0.64,80.0,0.01,0.09,2353.795476,1776302655000
1776302657.352,257.352,0.47,4.05,0.46,1.38,0.48,5.0,0.5,10.0,0.53,5.0,0.49,60.0,0.54,1.38,0.55,13.45,0.01,0.01,2353.795476,1776302655000
1776302657.759,257.759,0.46,15.0,0.45,8.45,0.47,10.0,0.48,10.0,0.52,5.0,0.5,10.0,0.53,4.05,0.54,1.38,0.01,0.01,2353.776231,1776302656000
1776302658.221,258.221,0.48,15.0,0.47,15.0,0.65,11.72,0.66,76.0,0.48,4.64,0.47,10.0,0.54,10.0,0.57,10.0,0.17,0.06,2353.747235,1776302657000
1776302658.556,258.556,0.54,2.67,0.53,10.0,0.57,10.0,0.58,78.19,0.35,11.72,0.34,76.0,0.52,15.0,0.53,15.0,0.03,0.17,2353.747235,1776302657000
1776302658.848,258.848,0.52,22.55,0.51,60.0,0.55,64.56,0.56,10.0,0.43,10.0,0.42,78.19,0.46,2.67,0.47,10.0,0.03,0.03,2353.747235,1776302657000
1776302660.146,260.146,0.52,17.55,0.51,50.0,0.53,108.46,0.54,10.0,0.45,64.56,0.44,10.0,0.48,22.55,0.49,60.0,0.01,0.03,2353.781842,1776302658000
1776302660.44,260.44,0.49,10.0,0.48,10.0,0.52,51.0,0.53,45.56,0.47,108.46,0.46,10.0,0.51,10.0,0.52,10.0,0.03,0.04,2353.813637,1776302659000
1776302661.156,261.156,0.46,10.0,0.45,10.0,0.47,5.0,0.48,15.0,0.49,45.0,0.48,31.0,0.55,10.0,0.56,10.0,0.01,0.06,2353.813637,1776302659000
1776302661.53,261.53,0.46,3.64,0.45,10.0,0.48,15.0,0.49,15.0,0.52,15.0,0.51,15.0,0.53,0.44,0.54,10.0,0.02,0.01,2353.789078,1776302660000
1776302661.793,261.793,0.46,5.0,0.45,13.64,0.48,20.0,0.49,15.0,0.52,20.0,0.51,15.0,0.55,8.64,0.56,10.0,0.02,0.03,2353.789078,1776302660000
1776302662.105,262.105,0.47,17.0,0.46,5.0,0.48,5.0,0.51,10.0,0.52,20.0,0.51,15.0,0.54,5.0,0.55,13.64,0.01,0.02,2353.789078,1776302660000
1776302663.999,263.999,0.48,6.39,0.47,12.0,0.49,5.0,0.5,10.0,0.51,5.0,0.49,10.0,0.53,17.0,0.54,10.0,0.01,0.02,2353.761532,1776302662000
1776302664.564,264.564,0.48,6.39,0.47,12.0,0.49,7.95,0.5,10.0,0.51,5.0,0.5,10.0,0.52,6.39,0.53,12.0,0.01,0.01,2353.814647,1776302663000
1776302666.516,266.516,0.48,11.39,0.47,12.0,0.51,58.2,0.52,37.01,0.51,7.95,0.5,10.0,0.52,6.39,0.53,12.0,0.03,0.01,2353.81609,1776302665000
1776302666.85,266.85,0.5,13.48,0.49,16.0,0.51,78.2,0.52,37.01,0.49,58.2,0.48,37.01,0.52,11.39,0.53,12.0,0.01,0.03,2353.81609,1776302665000
1776302667.341,267.341,0.5,13.48,0.49,16.0,0.51,86.23,0.52,37.01,0.49,78.2,0.48,37.01,0.5,13.48,0.51,16.0,0.01,0.01,2353.818951,1776302666000
1776302670.665,270.665,0.31,29.46,0.3,5.0,0.32,25.0,0.33,20.0,0.49,86.23,0.48,37.01,0.5,13.48,0.51,16.0,0.01,0.01,2353.808132,1776302669000
1776302670.954,270.954,0.22,76.34,0.21,83.0,0.27,37.0,0.28,15.0,0.73,15.0,0.72,20.0,0.74,30.0,0.78,73.99,0.05,0.01,2353.808132,1776302669000
1776302671.161,271.161,0.23,3.84,0.22,76.34,0.24,5.0,0.25,11.8,0.75,1.8,0.74,15.0,0.77,10.0,0.78,76.34,0.01,0.02,2353.791483,1776302670000
1776302671.368,271.368,0.22,75.06,0.21,83.0,0.24,25.0,0.25,15.0,0.76,5.0,0.75,11.8,0.77,3.84,0.78,76.34,0.02,0.01,2353.791483,1776302670000
1776302672.155,272.155,0.21,60.0,0.2,83.99,0.22,9.08,0.23,22.0,0.76,17.83,0.75,10.0,0.78,66.34,0.79,71.65,0.01,0.02,2353.772565,1776302671000
1776302672.52,272.52,0.21,56.73,0.2,10.0,0.22,14.08,0.23,22.0,0.78,9.08,0.77,22.0,0.79,60.0,0.8,83.99,0.01,0.01,2353.772565,1776302671000
1776302672.79,272.79,0.21,52.18,0.2,10.0,0.22,9.08,0.23,22.0,0.78,9.08,0.77,22.0,0.79,51.73,0.8,10.0,0.01,0.01,2353.772565,1776302671000
1776302673.758,273.758,0.21,47.18,0.2,10.0,0.24,6.65,0.25,15.0,0.78,9.08,0.77,22.0,0.79,52.18,0.8,10.0,0.03,0.01,2353.593484,1776302672000
1776302674.865,274.865,0.16,43.63,0.12,15.09,0.17,25.0,0.18,20.0,0.76,6.65,0.75,15.0,0.79,47.18,0.8,10.0,0.01,0.03,2353.498131,1776302673000
1776302675.075,275.075,0.12,0.2,0.07,76.34,0.13,20.0,0.14,10.0,0.83,25.0,0.82,20.0,0.88,1.34,0.89,86.79,0.01,0.05,2353.385379,1776302674000
1776302675.368,275.368,0.07,9.89,0.06,136.0,0.08,29.0,0.09,20.0,0.9,12.49,0.89,15.0,0.92,4.63,0.93,10.0,0.01,0.02,2353.385379,1776302674000
1776302675.917,275.917,0.05,52.59,0.04,35.0,0.06,28.0,0.07,43.0,0.93,25.0,0.92,10.0,0.95,19.89,0.96,101.34,0.01,0.02,2353.385379,1776302674000
1776302676.118,276.118,0.04,26.88,0.03,167.34,0.06,15.0,0.07,48.37,0.94,15.0,0.93,48.37,0.96,32.09,0.97,167.34,0.02,0.02,2353.392141,1776302675000
1776302676.376,276.376,0.04,11.26,0.03,101.0,0.05,5.0,0.06,15.0,0.94,15.0,0.93,48.37,0.96,16.36,0.97,167.34,0.01,0.02,2353.392141,1776302675000
1776302676.654,276.654,0.03,67.02,0.02,395.0,0.05,15.0,0.06,20.0,0.95,20.0,0.94,20.0,0.97,84.41,0.98,461.34,0.02,0.02,2353.392141,1776302675000
1776302676.927,276.927,0.03,66.92,0.02,447.3,0.05,26.08,0.06,20.0,0.95,55.0,0.94,20.0,0.97,66.92,0.98,395.0,0.02,0.02,2353.392141,1776302675000
1776302677.215,277.215,0.03,40.46,0.02,195.0,0.05,38.0,0.06,25.31,0.95,26.08,0.94,20.0,0.97,66.92,0.98,447.3,0.02,0.02,2352.964522,1776302676000
1776302678.528,278.528,0.03,26.86,0.02,195.0,0.04,20.0,0.05,48.26,0.95,38.0,0.94,25.31,0.97,40.46,0.98,195.0,0.01,0.02,2352.466782,1776302677000
1776302678.836,278.836,0.03,26.86,0.02,195.0,0.04,15.58,0.05,48.26,0.96,20.0,0.95,48.26,0.97,26.86,0.98,195.0,0.01,0.01,2352.466782,1776302677000
1776302679.162,279.162,0.03,16.55,0.02,195.0,0.04,10.58,0.05,48.26,0.96,15.58,0.95,48.26,0.97,26.86,0.98,195.0,0.01,0.01,2352.466782,1776302677000
1776302680.217,280.217,0.02,145.0,0.01,1756.0,0.03,22.66,0.04,15.78,0.96,15.58,0.95,43.0,0.97,7.34,0.98,195.0,0.01,0.01,2352.335751,1776302678000
1776302681.599,281.599,0.02,143.97,0.01,1790.0,0.03,100.11,0.04,5.58,0.97,22.66,0.96,15.78,0.98,145.0,0.99,1756.0,0.01,0.01,2352.205329,1776302680000
1776302681.851,281.851,0.02,36.83,0.01,1790.0,0.03,100.11,0.04,5.58,0.97,100.11,0.96,5.58,0.98,137.84,0.99,1790.0,0.01,0.01,2352.205329,1776302680000
1776302682.416,282.416,0.01,1784.89,,,0.02,44.17,0.03,100.11,0.98,29.17,0.97,105.11,0.99,1790.0,,,0.01,0.01,2352.1374,1776302681000
1776302682.7,282.7,0.01,1589.23,,,0.02,51.17,0.03,100.11,0.98,39.17,0.97,100.11,0.99,1757.23,,,0.01,0.01,2352.1374,1776302681000
1776302683.049,283.049,0.01,566.57,,,0.02,45.43,0.03,200.11,0.98,51.17,0.97,100.11,0.99,566.57,,,0.01,0.01,2352.1374,1776302681000
1776302683.263,283.263,,,,,0.01,1546.44,0.02,45.43,0.98,50.43,0.97,233.11,0.99,461.57,,,,0.01,2351.74868,1776302682000
1776302683.826,283.826,,,,,0.01,3923.53,0.02,138.43,0.99,1546.44,0.98,45.43,,,,,,,2351.74868,1776302682000
1776302684.179,284.179,,,,,0.01,3898.53,0.02,134.17,0.99,3923.53,0.98,138.43,,,,,,,2351.74868,1776302682000
1776302699.279,299.279,,,,,0.01,21064.54,0.02,147.17,0.99,3898.53,0.98,134.17,,,,,,,2351.48524,1776302698000

# RESULT,winner=Down,slug=eth-updown-5m-1776302400,ticks=273
