timestamp,elapsed_sec,up_bid_p1,up_bid_s1,up_bid_p2,up_bid_s2,up_ask_p1,up_ask_s1,up_ask_p2,up_ask_s2,down_bid_p1,down_bid_s1,down_bid_p2,down_bid_s2,down_ask_p1,down_ask_s1,down_ask_p2,down_ask_s2,up_spread,down_spread,eth_price,eth_oracle_ts
1776239401.49,1.49,0.46,51.0,0.42,70.0,0.53,13.0,0.54,70.0,0.47,13.0,0.46,70.0,0.54,51.0,0.58,70.0,0.07,0.07,2319.3943,1776236446000
1776239401.866,1.866,0.46,51.0,0.42,70.0,0.53,13.0,0.54,70.0,0.48,70.0,0.47,83.0,0.54,51.0,0.55,70.0,0.07,0.06,2319.3943,1776236446000
1776239404.157,4.157,0.46,61.0,0.45,70.0,0.49,37.14,0.5,5.0,0.48,70.0,0.47,83.0,0.54,51.0,0.55,70.0,0.03,0.06,2319.3943,1776236446000
1776239404.387,4.387,0.46,10.0,0.44,10.0,0.48,62.0,0.49,103.05,0.51,38.05,0.5,5.0,0.54,15.0,0.56,10.0,0.02,0.03,2319.3943,1776236446000
1776239404.843,4.843,0.47,16.27,0.46,10.0,0.48,58.37,0.49,103.05,0.52,58.37,0.51,103.05,0.54,10.0,0.56,10.0,0.01,0.02,2319.3943,1776236446000
1776239405.461,5.461,0.47,102.43,0.46,30.0,0.5,67.25,0.52,140.0,0.52,58.37,0.51,103.05,0.53,16.27,0.54,10.0,0.03,0.01,2319.3943,1776236446000
1776239405.844,5.844,0.49,38.0,0.48,10.0,0.51,5.0,0.52,145.0,0.5,67.25,0.48,140.0,0.53,102.43,0.54,30.0,0.02,0.03,2319.3943,1776236446000
1776239406.18,6.18,0.5,10.0,0.49,10.0,0.52,145.0,0.53,153.0,0.49,5.0,0.48,145.0,0.51,38.0,0.52,10.0,0.02,0.02,2319.3943,1776236446000
1776239406.952,6.952,0.5,9.08,0.49,10.0,0.52,145.0,0.53,158.0,0.48,145.0,0.47,153.0,0.5,10.0,0.51,10.0,0.02,0.02,2319.3943,1776236446000
1776239407.434,7.434,0.51,10.0,0.5,9.08,0.52,143.07,0.53,158.0,0.48,145.0,0.47,158.0,0.5,9.08,0.51,10.0,0.01,0.02,2319.3943,1776236446000
1776239407.824,7.824,0.5,35.08,0.49,10.0,0.51,40.0,0.52,148.07,0.48,143.07,0.47,158.0,0.49,10.0,0.5,9.08,0.01,0.01,2319.3943,1776236446000
1776239408.818,8.818,0.51,56.0,0.5,0.08,0.52,60.0,0.53,83.0,0.49,40.0,0.48,143.07,0.5,26.08,0.51,10.0,0.01,0.01,2319.3943,1776236446000
1776239409.064,9.064,0.52,10.0,0.51,15.0,0.53,47.78,0.54,10.0,0.47,57.78,0.46,10.0,0.48,10.0,0.49,10.0,0.01,0.01,2319.3943,1776236446000
1776239409.782,9.782,0.55,88.0,0.54,20.0,0.59,63.38,0.6,70.0,0.44,70.0,0.43,5.0,0.48,49.0,0.49,15.0,0.04,0.04,2319.3943,1776236446000
1776239410.113,10.113,0.58,77.0,0.57,20.0,0.59,49.38,0.6,70.0,0.41,63.38,0.4,70.0,0.45,88.0,0.46,20.0,0.01,0.04,2319.3943,1776236446000
1776239410.968,10.968,0.58,42.0,0.57,28.0,0.59,39.38,0.6,70.0,0.41,49.38,0.4,70.0,0.42,72.0,0.43,20.0,0.01,0.01,2319.3943,1776236446000
1776239412.584,12.584,0.58,81.61,0.57,99.32,0.59,44.38,0.6,170.0,0.41,39.38,0.4,70.0,0.42,42.0,0.43,28.0,0.01,0.01,2319.3943,1776236446000
1776239413.074,13.074,0.58,53.61,0.57,99.32,0.59,44.38,0.6,170.0,0.41,44.38,0.4,170.0,0.42,81.61,0.43,99.32,0.01,0.01,2319.3943,1776236446000
1776239414.133,14.133,0.55,20.0,0.54,10.0,0.56,32.0,0.58,20.0,0.41,44.38,0.4,170.0,0.42,53.61,0.43,99.32,0.01,0.01,2319.3943,1776236446000
1776239415.27,15.27,0.55,89.06,0.54,15.0,0.56,5.0,0.57,20.0,0.44,32.0,0.42,20.0,0.45,20.0,0.46,10.0,0.01,0.01,2319.3943,1776236446000
1776239416.083,16.083,0.55,89.06,0.54,15.0,0.56,15.0,0.57,20.0,0.44,5.0,0.43,20.0,0.45,89.06,0.46,15.0,0.01,0.01,2319.3943,1776236446000
1776239416.528,16.528,0.55,89.06,0.54,20.0,0.56,5.0,0.57,120.0,0.44,15.0,0.43,20.0,0.45,89.06,0.46,15.0,0.01,0.01,2319.3943,1776236446000
1776239417.519,17.519,0.56,28.27,0.55,182.06,0.57,150.0,0.58,120.0,0.44,5.0,0.43,120.0,0.45,89.06,0.46,20.0,0.01,0.01,2319.3943,1776236446000
1776239417.921,17.921,0.55,1.53,0.54,19.0,0.56,75.0,0.57,150.0,0.43,150.0,0.42,120.0,0.45,182.06,0.46,105.0,0.01,0.02,2319.3943,1776236446000
1776239418.147,18.147,0.49,13.9,0.48,40.0,0.5,50.0,0.51,10.0,0.5,40.0,0.48,10.41,0.51,25.0,0.52,35.0,0.01,0.01,2319.3943,1776236446000
1776239418.43,18.43,0.48,20.0,0.47,21.27,0.49,7.28,0.5,90.0,0.5,50.0,0.49,10.0,0.51,13.9,0.52,40.0,0.01,0.01,2319.3943,1776236446000
1776239418.682,18.682,0.49,20.0,0.48,25.0,0.5,28.46,0.53,10.0,0.51,7.28,0.5,90.0,0.52,20.0,0.53,21.27,0.01,0.01,2319.3943,1776236446000
1776239419.989,19.989,0.49,83.74,0.48,23.0,0.5,49.46,0.51,10.0,0.5,28.46,0.47,10.0,0.51,20.0,0.52,25.0,0.01,0.01,2319.3943,1776236446000
1776239420.658,20.658,0.49,123.74,0.48,33.0,0.5,11.46,0.64,73.89,0.5,49.46,0.49,10.0,0.51,83.74,0.52,23.0,0.01,0.01,2319.3943,1776236446000
1776239420.956,20.956,0.56,8.92,0.55,140.0,0.64,30.45,0.66,100.0,0.36,35.1,0.35,100.0,0.44,8.92,0.45,70.0,0.08,0.08,2319.3943,1776236446000
1776239421.391,21.391,0.61,70.87,0.6,28.33,0.67,80.0,0.68,100.0,0.38,30.0,0.33,100.0,0.39,44.87,0.4,25.0,0.06,0.01,2319.3943,1776236446000
1776239422.095,22.095,0.64,37.0,0.63,45.0,0.67,61.0,0.68,100.0,0.33,50.0,0.32,100.0,0.39,36.0,0.4,28.33,0.03,0.06,2319.3943,1776236446000
1776239422.573,22.573,0.66,30.0,0.65,15.0,0.67,51.52,0.68,100.0,0.33,61.0,0.32,100.0,0.34,10.0,0.35,10.0,0.01,0.01,2319.3943,1776236446000
1776239423.137,23.137,0.66,30.0,0.65,15.0,0.67,30.22,0.68,125.0,0.33,51.52,0.32,100.0,0.34,30.0,0.35,15.0,0.01,0.01,2319.3943,1776236446000
1776239424.035,24.035,0.65,10.0,0.64,95.6,0.68,46.0,0.69,25.0,0.32,125.0,0.31,125.0,0.34,35.0,0.35,15.0,0.03,0.02,2319.3943,1776236446000
1776239424.963,24.963,0.68,16.87,0.67,30.0,0.69,25.0,0.7,25.0,0.32,46.0,0.31,25.0,0.35,10.0,0.36,95.6,0.01,0.03,2319.3943,1776236446000
1776239425.191,25.191,0.68,31.87,0.67,30.0,0.69,23.4,0.7,25.0,0.31,25.0,0.3,25.0,0.32,16.87,0.33,30.0,0.01,0.01,2319.3943,1776236446000
1776239425.891,25.891,0.68,110.41,0.67,30.0,0.69,23.4,0.7,25.0,0.31,23.4,0.3,25.0,0.32,31.87,0.33,30.0,0.01,0.01,2319.3943,1776236446000
1776239426.168,26.168,0.68,123.41,0.67,33.0,0.69,18.4,0.7,25.0,0.31,23.4,0.3,25.0,0.32,110.41,0.33,30.0,0.01,0.01,2319.3943,1776236446000
1776239426.679,26.679,0.68,123.41,0.67,33.0,0.69,0.4,0.7,25.0,0.31,18.4,0.3,25.0,0.32,123.41,0.33,33.0,0.01,0.01,2319.3943,1776236446000
1776239427.536,27.536,0.7,30.0,0.69,55.0,0.73,15.84,0.74,39.0,0.3,20.39,0.29,25.0,0.32,123.41,0.33,33.0,0.03,0.02,2319.3943,1776236446000
1776239427.785,27.785,0.76,23.0,0.75,10.0,0.79,64.4,0.8,40.0,0.25,14.98,0.24,25.0,0.28,6.94,0.29,15.0,0.03,0.03,2319.3943,1776236446000
1776239428.693,28.693,0.78,16.63,0.77,36.56,0.79,34.4,0.8,40.0,0.21,64.4,0.2,40.0,0.24,23.0,0.25,10.0,0.01,0.03,2319.3943,1776236446000
1776239429.965,29.965,0.78,84.39,0.77,36.56,0.79,39.4,0.8,15.0,0.21,34.4,0.2,40.0,0.22,16.63,0.23,36.56,0.01,0.01,2319.3943,1776236446000
1776239431.166,31.166,0.78,104.39,0.77,36.56,0.79,28.08,0.8,15.0,0.21,34.4,0.2,15.0,0.22,84.39,0.23,36.56,0.01,0.01,2319.3943,1776236446000
1776239431.416,31.416,0.78,89.39,0.77,31.56,0.81,60.58,0.82,10.0,0.21,28.08,0.2,15.0,0.22,104.39,0.23,36.56,0.03,0.01,2319.3943,1776236446000
1776239431.879,31.879,0.79,10.0,0.78,84.39,0.8,49.8,0.81,30.0,0.19,60.58,0.18,10.0,0.22,89.39,0.23,31.56,0.01,0.03,2319.3943,1776236446000
1776239432.139,32.139,0.79,10.0,0.78,84.39,0.8,48.96,0.81,30.0,0.2,49.8,0.19,30.0,0.21,10.0,0.22,84.39,0.01,0.01,2319.3943,1776236446000
1776239432.615,32.615,0.79,10.0,0.78,72.31,0.8,54.36,0.81,35.0,0.2,35.79,0.19,50.0,0.21,10.0,0.22,84.39,0.01,0.01,2319.3943,1776236446000
1776239432.911,32.911,0.78,72.31,0.77,31.56,0.8,32.0,0.81,35.0,0.2,54.36,0.19,35.0,0.21,10.0,0.22,72.31,0.02,0.01,2319.3943,1776236446000
1776239433.453,33.453,0.79,5.0,0.78,72.31,0.8,28.75,0.81,21.0,0.2,8.75,0.19,35.0,0.21,10.0,0.22,72.31,0.01,0.01,2319.3943,1776236446000
1776239433.657,33.657,0.78,77.31,0.77,28.56,0.79,10.0,0.8,89.75,0.2,28.75,0.19,21.0,0.21,5.0,0.22,72.31,0.01,0.01,2319.3943,1776236446000
1776239435.765,35.765,0.78,0.45,0.77,18.56,0.79,107.0,0.8,8.75,0.21,10.0,0.2,89.75,0.22,77.31,0.23,28.56,0.01,0.01,2319.3943,1776236446000
1776239436.149,36.149,0.77,11.46,0.76,15.0,0.78,25.0,0.79,61.0,0.21,121.0,0.2,8.75,0.23,18.46,0.24,10.0,0.01,0.02,2319.3943,1776236446000
1776239436.598,36.598,0.77,26.46,0.76,15.0,0.78,20.0,0.79,56.0,0.22,25.0,0.21,61.0,0.23,11.46,0.24,15.0,0.01,0.01,2319.3943,1776236446000
1776239437.135,37.135,0.77,10.96,0.76,46.35,0.78,22.0,0.79,34.0,0.22,20.0,0.21,56.0,0.23,26.46,0.24,15.0,0.01,0.01,2319.3943,1776236446000
1776239437.391,37.391,0.77,6.96,0.76,41.35,0.78,55.0,0.79,20.0,0.22,22.0,0.21,34.0,0.23,10.96,0.24,46.35,0.01,0.01,2319.3943,1776236446000
1776239440.402,40.402,0.77,72.15,0.76,31.0,0.78,68.0,0.79,33.0,0.22,55.0,0.21,20.0,0.23,6.96,0.24,41.35,0.01,0.01,2319.3943,1776236446000
1776239444.414,44.414,0.77,56.0,0.76,61.68,0.78,58.89,0.79,33.0,0.22,68.0,0.21,33.0,0.23,72.15,0.24,31.0,0.01,0.01,2319.3943,1776236446000
1776239447.543,47.543,0.77,102.95,0.76,69.8,0.78,5.0,0.79,33.0,0.22,46.78,0.21,33.0,0.23,56.0,0.24,61.68,0.01,0.01,2319.3943,1776236446000
1776239450.155,50.155,0.77,60.64,0.76,82.79,0.78,41.0,0.79,33.0,0.22,5.0,0.21,33.0,0.23,102.95,0.24,69.8,0.01,0.01,2319.3943,1776236446000
1776239450.816,50.816,0.78,32.0,0.77,15.0,0.8,44.05,0.81,10.0,0.17,109.16,0.16,176.79,0.23,60.64,0.24,82.79,0.02,0.06,2319.3943,1776236446000
1776239452.192,52.192,0.78,169.1,0.77,35.0,0.79,17.2,0.8,26.05,0.2,44.05,0.19,10.0,0.22,32.0,0.23,15.0,0.01,0.02,2319.3943,1776236446000
1776239454.653,54.653,0.75,21.55,0.74,15.0,0.79,15.0,0.8,15.05,0.21,17.2,0.2,26.05,0.22,169.1,0.23,35.0,0.04,0.01,2319.3943,1776236446000
1776239456.313,56.313,0.78,163.64,0.77,37.0,0.79,8.41,0.8,10.0,0.21,15.0,0.2,15.05,0.25,21.55,0.26,15.0,0.01,0.04,2319.3943,1776236446000
1776239457.68,57.68,0.8,41.42,0.79,33.0,0.81,23.1,0.82,10.0,0.16,129.99,0.15,173.77,0.22,158.64,0.23,37.0,0.01,0.06,2319.3943,1776236446000
1776239458.296,58.296,0.82,17.0,0.81,46.42,0.83,9.9,0.84,75.0,0.19,23.1,0.18,10.0,0.2,41.42,0.21,33.0,0.01,0.01,2319.3943,1776236446000
1776239458.674,58.674,0.83,8.1,0.82,234.33,0.84,75.0,0.85,68.57,0.17,9.9,0.16,75.0,0.18,17.0,0.19,46.42,0.01,0.01,2319.3943,1776236446000
1776239459.093,59.093,0.83,72.1,0.82,202.33,0.84,69.41,0.85,57.57,0.16,62.41,0.15,57.57,0.17,57.1,0.18,209.33,0.01,0.01,2319.3943,1776236446000
1776239459.595,59.595,0.83,195.65,0.82,86.01,0.84,47.99,0.85,57.57,0.16,69.41,0.15,57.57,0.17,72.1,0.18,202.33,0.01,0.01,2319.3943,1776236446000
1776239460.329,60.329,0.83,177.65,0.82,56.01,0.84,37.99,0.85,34.0,0.16,47.99,0.15,57.57,0.17,195.65,0.18,86.01,0.01,0.01,2319.3943,1776236446000
1776239462.047,62.047,0.83,69.1,0.82,61.01,0.84,26.56,0.85,26.0,0.16,37.99,0.15,34.0,0.17,177.65,0.18,56.01,0.01,0.01,2319.3943,1776236446000
1776239462.624,62.624,0.83,179.43,0.82,61.01,0.84,20.8,0.85,26.0,0.16,24.6,0.15,26.0,0.17,174.43,0.18,61.01,0.01,0.01,2319.3943,1776236446000
1776239462.856,62.856,0.83,179.43,0.82,61.01,0.84,19.49,0.85,26.0,0.16,20.8,0.15,26.0,0.17,179.43,0.18,61.01,0.01,0.01,2319.3943,1776236446000
1776239463.37,63.37,0.83,179.43,0.82,71.01,0.84,21.56,0.85,26.0,0.16,0.59,0.15,26.0,0.17,179.43,0.18,61.01,0.01,0.01,2319.3943,1776236446000
1776239463.883,63.883,0.84,9.0,0.83,185.43,0.85,26.0,0.86,34.0,0.16,21.56,0.15,26.0,0.17,179.43,0.18,71.01,0.01,0.01,2319.3943,1776236446000
1776239464.406,64.406,0.84,217.38,0.83,78.1,0.85,10.0,0.86,34.0,0.15,6.0,0.14,34.0,0.16,21.0,0.17,153.43,0.01,0.01,2319.3943,1776236446000
1776239464.722,64.722,0.84,222.38,0.83,73.1,0.85,4.94,0.86,34.0,0.15,10.0,0.14,34.0,0.16,217.38,0.17,78.1,0.01,0.01,2319.3943,1776236446000
1776239465.739,65.739,0.85,225.66,0.84,86.0,0.86,6.04,0.87,15.94,0.13,8.18,0.12,82.0,0.16,222.38,0.17,73.1,0.01,0.03,2319.3943,1776236446000
1776239466.174,66.174,0.85,235.66,0.84,86.0,0.87,14.22,0.88,82.0,0.14,0.22,0.13,15.94,0.15,220.66,0.16,86.0,0.02,0.01,2319.3943,1776236446000
1776239467.184,67.184,0.86,192.89,0.85,85.0,0.87,6.46,0.88,75.0,0.13,14.22,0.12,82.0,0.15,235.66,0.16,86.0,0.01,0.02,2319.3943,1776236446000
1776239467.676,67.676,0.87,71.0,0.86,134.89,0.88,56.27,0.89,10.0,0.13,6.46,0.12,75.0,0.14,192.89,0.15,85.0,0.01,0.01,2319.3943,1776236446000
1776239467.922,67.922,0.88,8.0,0.87,77.0,0.9,16.0,0.91,31.0,0.11,10.0,0.1,16.0,0.13,90.0,0.14,139.89,0.02,0.02,2319.3943,1776236446000
1776239468.328,68.328,0.88,208.82,0.87,82.0,0.9,16.1,0.91,31.0,0.1,16.0,0.09,31.0,0.12,8.0,0.13,77.0,0.02,0.02,2319.3943,1776236446000
1776239468.944,68.944,0.88,218.82,0.87,52.0,0.9,15.28,0.91,31.0,0.1,16.1,0.09,31.0,0.12,208.82,0.13,82.0,0.02,0.02,2319.3943,1776236446000
1776239469.148,69.148,0.89,45.0,0.88,193.82,0.91,15.16,0.92,22.61,0.1,4.16,0.09,31.0,0.11,10.0,0.12,193.82,0.02,0.01,2319.3943,1776236446000
1776239469.977,69.977,0.9,203.24,0.89,40.0,0.91,23.36,0.92,17.0,0.09,15.16,0.08,22.61,0.11,45.0,0.12,193.82,0.01,0.02,2319.3943,1776236446000
1776239470.809,70.809,0.9,218.24,0.89,40.0,0.91,18.88,0.92,17.0,0.09,23.36,0.08,17.0,0.1,203.24,0.11,40.0,0.01,0.01,2319.3943,1776236446000
1776239471.24,71.24,0.9,217.24,0.89,37.0,0.92,10.0,0.93,10.0,0.09,18.88,0.08,17.0,0.1,218.24,0.11,40.0,0.02,0.01,2319.3943,1776236446000
1776239474.712,74.712,0.91,64.0,0.9,50.0,0.92,89.02,0.93,52.0,0.08,2.4,0.07,10.0,0.09,31.0,0.1,217.24,0.01,0.01,2319.3943,1776236446000
1776239475.325,75.325,0.9,39.0,0.89,20.0,0.91,78.0,0.92,27.02,0.09,44.0,0.08,57.02,0.1,47.0,0.11,15.0,0.01,0.01,2319.3943,1776236446000
1776239475.873,75.873,0.9,32.0,0.89,20.0,0.91,93.0,0.92,27.02,0.09,78.0,0.08,27.02,0.1,39.0,0.11,20.0,0.01,0.01,2319.3943,1776236446000
1776239476.288,76.288,0.9,6.0,0.89,20.0,0.91,93.0,0.92,27.02,0.09,93.0,0.08,27.02,0.1,32.0,0.11,20.0,0.01,0.01,2319.3943,1776236446000
1776239477.03,77.03,0.9,6.0,0.89,20.0,0.91,91.13,0.92,27.02,0.09,93.0,0.08,27.02,0.1,6.0,0.11,20.0,0.01,0.01,2319.3943,1776236446000
1776239478.679,78.679,0.9,11.0,0.89,20.0,0.91,26.52,0.92,20.02,0.09,74.52,0.08,27.02,0.1,6.0,0.11,20.0,0.01,0.01,2319.3943,1776236446000
1776239480.918,80.918,0.91,12.0,0.9,181.41,0.92,2.4,0.93,15.0,0.09,26.52,0.08,20.02,0.1,11.0,0.11,20.0,0.01,0.01,2319.3943,1776236446000
1776239481.755,81.755,0.92,24.0,0.91,138.33,0.93,7.28,0.94,29.0,0.07,12.28,0.06,168.99,0.09,12.0,0.1,181.41,0.01,0.02,2319.3943,1776236446000
1776239482.48,82.48,0.92,199.0,0.91,313.77,0.95,97.74,0.96,268.3,0.06,22.91,0.05,191.99,0.08,74.0,0.09,82.0,0.03,0.02,2319.3943,1776236446000
1776239484.279,84.279,0.93,39.0,0.92,115.0,0.94,104.0,0.95,171.41,0.05,97.74,0.04,268.3,0.08,199.0,0.09,313.77,0.01,0.03,2319.3943,1776236446000
1776239484.641,84.641,0.91,93.0,0.9,163.41,0.94,130.61,0.95,278.41,0.06,104.0,0.05,171.41,0.07,39.0,0.08,115.0,0.03,0.01,2319.3943,1776236446000
1776239485.352,85.352,0.92,89.85,0.91,118.0,0.93,42.0,0.94,41.61,0.06,130.61,0.05,278.41,0.09,93.0,0.1,163.41,0.01,0.03,2319.3943,1776236446000
1776239485.671,85.671,0.9,160.49,0.89,104.79,0.94,46.61,0.95,283.41,0.07,42.0,0.06,41.61,0.08,89.85,0.09,118.0,0.04,0.01,2319.3943,1776236446000
1776239486.006,86.006,0.92,5.0,0.91,26.0,0.93,1.01,0.94,46.61,0.06,46.61,0.05,283.41,0.1,160.49,0.11,104.79,0.01,0.04,2319.3943,1776236446000
1776239487.385,87.385,0.92,27.45,0.91,40.0,0.93,43.01,0.94,51.61,0.07,1.01,0.06,46.61,0.08,5.0,0.09,26.0,0.01,0.01,2319.3943,1776236446000
1776239487.794,87.794,0.92,32.45,0.91,62.0,0.93,13.32,0.94,106.48,0.06,32.68,0.05,277.41,0.08,27.45,0.09,52.0,0.01,0.02,2319.3943,1776236446000
1776239490.365,90.365,0.92,72.45,0.91,57.0,0.93,9.12,0.94,63.61,0.07,12.06,0.06,106.48,0.08,32.45,0.09,62.0,0.01,0.01,2319.3943,1776236446000
1776239491.092,91.092,0.92,57.46,0.91,40.0,0.93,33.78,0.94,75.61,0.07,9.12,0.06,63.61,0.08,72.45,0.09,57.0,0.01,0.01,2319.3943,1776236446000
1776239491.46,91.46,0.92,67.46,0.91,45.0,0.93,25.78,0.94,89.61,0.07,33.78,0.06,75.61,0.08,57.46,0.09,40.0,0.01,0.01,2319.3943,1776236446000
1776239491.919,91.919,0.92,23.46,0.91,40.0,0.93,167.99,0.94,160.41,0.07,25.78,0.06,89.61,0.08,67.46,0.09,45.0,0.01,0.01,2319.3943,1776236446000
1776239492.181,92.181,0.92,29.46,0.91,35.0,0.93,171.91,0.94,160.41,0.07,167.99,0.06,160.41,0.08,23.46,0.09,40.0,0.01,0.01,2319.3943,1776236446000
1776239493.471,93.471,0.92,102.6,0.91,40.0,0.93,149.91,0.94,160.41,0.07,171.91,0.06,160.41,0.08,29.46,0.09,35.0,0.01,0.01,2319.3943,1776236446000
1776239494.59,94.59,0.92,107.6,0.91,45.0,0.93,138.96,0.94,153.41,0.07,149.91,0.06,160.41,0.08,102.6,0.09,40.0,0.01,0.01,2319.3943,1776236446000
1776239494.904,94.904,0.92,92.68,0.91,25.0,0.93,221.26,0.94,160.41,0.07,138.96,0.06,153.41,0.08,107.6,0.09,45.0,0.01,0.01,2319.3943,1776236446000
1776239495.323,95.323,0.92,92.68,0.91,25.0,0.93,509.43,0.94,160.41,0.07,221.26,0.06,160.41,0.08,92.68,0.09,25.0,0.01,0.01,2319.3943,1776236446000
1776239498.666,98.666,0.92,101.65,0.91,25.0,0.93,457.43,0.94,153.41,0.07,509.43,0.06,160.41,0.08,92.68,0.09,25.0,0.01,0.01,2319.3943,1776236446000
1776239499.953,99.953,0.92,143.65,0.91,52.0,0.93,34.56,0.94,153.41,0.07,457.43,0.06,153.41,0.08,101.65,0.09,25.0,0.01,0.01,2319.3943,1776236446000
1776239500.386,100.386,0.93,77.3,0.92,183.65,0.94,62.79,0.95,183.8,0.06,150.41,0.05,183.8,0.07,32.3,0.08,163.65,0.01,0.01,2319.3943,1776236446000
1776239500.765,100.765,0.93,116.3,0.92,183.65,0.95,183.8,0.96,266.3,0.06,18.79,0.05,183.8,0.07,82.3,0.08,183.65,0.02,0.01,2319.3943,1776236446000
1776239501.722,101.722,0.93,82.3,0.92,183.65,0.94,18.86,0.95,183.8,0.05,183.8,0.04,266.3,0.07,116.3,0.08,183.65,0.01,0.02,2319.3943,1776236446000
1776239501.956,101.956,0.93,82.3,0.92,183.65,0.94,135.76,0.95,183.8,0.06,18.86,0.05,183.8,0.07,82.3,0.08,183.65,0.01,0.01,2319.3943,1776236446000
1776239503.56,103.56,0.93,87.3,0.92,183.65,0.94,153.76,0.95,183.8,0.06,135.76,0.05,183.8,0.07,82.3,0.08,183.65,0.01,0.01,2319.3943,1776236446000
1776239503.865,103.865,0.92,143.4,0.91,47.0,0.94,56.76,0.95,183.8,0.06,34.76,0.05,183.8,0.07,58.72,0.08,183.65,0.02,0.01,2319.3943,1776236446000
1776239505.032,105.032,0.92,173.4,0.91,71.06,0.93,132.88,0.94,25.9,0.06,56.76,0.05,183.8,0.08,143.4,0.09,47.0,0.01,0.02,2319.3943,1776236446000
1776239508.807,108.807,0.93,224.96,0.92,221.47,0.94,14.88,0.95,20.0,0.07,132.88,0.06,25.9,0.08,173.4,0.09,71.06,0.01,0.01,2319.3943,1776236446000
1776239510.085,110.085,0.94,162.11,0.93,188.77,0.95,17.92,0.96,72.5,0.05,20.0,0.04,251.16,0.06,29.12,0.07,224.96,0.01,0.01,2319.3943,1776236446000
1776239510.351,110.351,0.94,162.11,0.93,188.77,0.96,58.87,0.97,611.69,0.05,17.92,0.04,72.5,0.06,162.11,0.07,188.77,0.02,0.01,2319.3943,1776236446000
1776239511.927,111.927,0.95,72.14,0.94,120.26,0.96,43.87,0.97,953.69,0.04,58.87,0.03,611.69,0.06,162.11,0.07,188.77,0.01,0.02,2319.3943,1776236446000
1776239513.284,113.284,0.94,68.99,0.93,161.78,0.95,43.0,0.96,150.39,0.04,43.87,0.03,953.69,0.05,72.14,0.06,120.26,0.01,0.01,2319.3943,1776236446000
1776239513.568,113.568,0.94,7.0,0.93,215.63,0.95,58.95,0.96,187.66,0.05,53.0,0.04,187.66,0.06,2.0,0.07,215.63,0.01,0.01,2319.3943,1776236446000
1776239513.83,113.83,0.93,225.63,0.92,172.4,0.94,77.32,0.95,37.95,0.06,32.0,0.05,47.95,0.07,215.63,0.08,167.4,0.01,0.01,2319.3943,1776236446000
1776239518.885,118.885,0.94,185.99,0.93,237.08,0.95,11.5,0.96,38.87,0.06,77.32,0.05,37.95,0.07,225.63,0.08,172.4,0.01,0.01,2319.3943,1776236446000
1776239519.486,119.486,0.94,203.99,0.93,242.08,0.95,0.5,0.96,38.87,0.05,11.5,0.04,38.87,0.06,185.99,0.07,237.08,0.01,0.01,2319.3943,1776236446000
1776239520.172,120.172,0.94,233.99,0.93,247.08,0.96,32.87,0.97,683.27,0.05,0.5,0.04,38.87,0.06,203.99,0.07,242.08,0.02,0.01,2319.3943,1776236446000
1776239521.568,121.568,0.95,250.99,0.94,188.8,0.96,22.5,0.97,364.0,0.04,27.87,0.03,683.27,0.06,233.99,0.07,247.08,0.01,0.02,2319.3943,1776236446000
1776239522.3,122.3,0.95,277.99,0.94,158.8,0.96,12.55,0.97,311.0,0.04,22.5,0.03,364.0,0.05,250.99,0.06,188.8,0.01,0.01,2319.3943,1776236446000
1776239522.712,122.712,0.95,383.79,0.94,158.8,0.96,7.55,0.97,311.0,0.04,12.55,0.03,311.0,0.05,277.99,0.06,158.8,0.01,0.01,2319.3943,1776236446000
1776239522.96,122.96,0.92,105.84,0.91,134.0,0.97,316.0,0.98,1389.7,0.03,311.0,0.02,1389.7,0.04,42.45,0.05,388.79,0.05,0.01,2319.3943,1776236446000
1776239523.38,123.38,0.96,10.0,0.95,36.99,0.97,315.0,0.98,1389.7,0.03,316.0,0.02,1389.7,0.08,105.84,0.09,134.0,0.01,0.05,2319.3943,1776236446000
1776239524.265,124.265,0.96,341.65,0.95,60.0,0.97,304.84,0.98,489.7,0.03,315.0,0.02,1389.7,0.04,10.0,0.05,36.99,0.01,0.01,2319.3943,1776236446000
1776239525.061,125.061,0.96,341.65,0.95,55.0,0.97,301.96,0.98,489.7,0.03,304.84,0.02,489.7,0.04,341.65,0.05,60.0,0.01,0.01,2319.3943,1776236446000
1776239525.82,125.82,0.96,445.96,0.95,55.34,0.97,291.13,0.98,489.7,0.03,301.96,0.02,489.7,0.04,341.65,0.05,55.0,0.01,0.01,2319.3943,1776236446000
1776239527.043,127.043,0.96,277.66,0.95,179.17,0.97,264.31,0.98,706.0,0.03,265.35,0.02,889.7,0.04,445.96,0.05,55.34,0.01,0.01,2319.3943,1776236446000
1776239528.148,128.148,0.96,245.59,0.95,179.17,0.97,249.79,0.98,1212.0,0.03,253.79,0.02,712.0,0.04,282.66,0.05,179.17,0.01,0.01,2319.3943,1776236446000
1776239528.73,128.73,0.96,168.52,0.95,84.34,0.97,249.79,0.98,1212.0,0.03,249.79,0.02,1212.0,0.04,245.59,0.05,179.17,0.01,0.01,2319.3943,1776236446000
1776239529.912,129.912,0.96,216.55,0.95,89.34,0.97,244.79,0.98,1395.7,0.03,249.79,0.02,1395.7,0.04,114.59,0.05,84.34,0.01,0.01,2319.3943,1776236446000
1776239531.01,131.01,0.96,222.54,0.95,89.34,0.97,172.79,0.98,1212.0,0.03,244.79,0.02,1395.7,0.04,216.55,0.05,89.34,0.01,0.01,2319.3943,1776236446000
1776239531.628,131.628,0.96,217.54,0.95,89.34,0.97,167.79,0.98,1212.0,0.03,172.79,0.02,1212.0,0.04,222.54,0.05,89.34,0.01,0.01,2319.3943,1776236446000
1776239532.652,132.652,0.96,201.55,0.95,90.34,0.98,334.49,0.99,7286.15,0.03,167.79,0.02,1212.0,0.04,217.54,0.05,89.34,0.02,0.01,2319.3943,1776236446000
1776239535.917,135.917,0.97,58.0,0.96,78.52,0.98,248.76,0.99,7299.15,0.02,334.49,0.01,7286.15,0.04,201.55,0.05,90.34,0.01,0.02,2319.3943,1776236446000
1776239536.267,136.267,0.96,19.52,0.95,55.34,0.97,73.92,0.98,175.79,0.03,52.92,0.02,254.99,0.04,78.52,0.05,22.34,0.01,0.01,2319.3943,1776236446000
1776239537.774,137.774,0.95,288.36,0.94,81.12,0.96,10.0,0.97,15.0,0.03,73.92,0.02,175.79,0.04,19.52,0.05,55.34,0.01,0.01,2319.3943,1776236446000
1776239539.628,139.628,0.95,290.36,0.94,86.12,0.96,5.0,0.97,15.0,0.04,10.0,0.03,15.0,0.05,288.36,0.06,81.12,0.01,0.01,2319.3943,1776236446000
1776239542.765,142.765,0.95,112.46,0.94,42.12,0.96,21.0,0.97,21.0,0.04,5.0,0.03,15.0,0.05,290.36,0.06,86.12,0.01,0.01,2319.3943,1776236446000
1776239543.291,143.291,0.94,82.1,0.93,27.0,0.95,55.0,0.96,16.0,0.05,15.0,0.04,66.0,0.06,6.0,0.07,37.0,0.01,0.01,2319.3943,1776236446000
1776239544.525,144.525,0.93,135.97,0.92,150.0,0.95,7.68,0.96,46.0,0.05,55.0,0.04,16.0,0.06,82.1,0.07,27.0,0.02,0.01,2319.3943,1776236446000
1776239544.877,144.877,0.93,130.97,0.92,150.0,0.95,24.71,0.96,46.0,0.05,7.68,0.04,46.0,0.07,135.97,0.08,150.0,0.02,0.02,2319.3943,1776236446000
1776239546.094,146.094,0.94,15.0,0.93,130.97,0.95,3.65,0.96,40.0,0.05,24.71,0.04,46.0,0.07,130.97,0.08,150.0,0.01,0.02,2319.3943,1776236446000
1776239549.777,149.777,0.94,78.5,0.93,70.6,0.96,10.0,0.97,138.7,0.05,3.65,0.04,40.0,0.06,15.0,0.07,130.97,0.02,0.01,2319.3943,1776236446000
1776239549.987,149.987,0.95,10.0,0.94,108.5,0.96,5.0,0.97,15.0,0.04,10.0,0.03,138.7,0.06,78.5,0.07,70.6,0.01,0.02,2319.3943,1776236446000
1776239550.679,150.679,0.95,44.06,0.94,35.84,0.98,449.33,0.99,7599.16,0.04,5.0,0.03,15.0,0.05,10.0,0.06,108.5,0.03,0.01,2319.3943,1776236446000
1776239551.01,151.01,0.96,15.0,0.95,79.06,0.97,6.93,0.98,459.33,0.02,449.33,0.01,7599.16,0.05,44.06,0.06,35.84,0.01,0.03,2319.3943,1776236446000
1776239551.392,151.392,0.95,25.46,0.94,29.01,0.96,56.4,0.97,397.47,0.03,0.78,0.02,485.69,0.04,8.6,0.05,53.46,0.01,0.01,2319.3943,1776236446000
1776239552.025,152.025,0.94,10.01,0.93,15.0,0.95,138.78,0.96,137.4,0.04,56.4,0.03,397.47,0.05,20.54,0.06,29.01,0.01,0.01,2319.3943,1776236446000
1776239552.318,152.318,0.93,139.06,0.92,148.0,0.94,13.99,0.96,110.0,0.03,322.51,0.02,478.7,0.06,15.01,0.07,134.06,0.01,0.03,2319.3943,1776236446000
1776239552.593,152.593,0.93,139.06,0.92,153.0,0.94,27.83,0.96,110.0,0.06,13.99,0.04,110.0,0.07,139.06,0.08,148.0,0.01,0.01,2319.3943,1776236446000
1776239553.158,153.158,0.93,155.06,0.92,163.0,0.94,12.81,0.95,10.0,0.06,17.86,0.04,110.0,0.07,139.06,0.08,153.0,0.01,0.01,2319.3943,1776236446000
1776239553.918,153.918,0.93,80.7,0.92,105.0,0.94,22.81,0.95,45.0,0.06,7.81,0.04,121.0,0.07,144.06,0.08,158.0,0.01,0.01,2319.3943,1776236446000
1776239554.311,154.311,0.92,196.48,0.91,53.0,0.94,23.42,0.95,45.0,0.06,72.6,0.05,5.0,0.07,5.01,0.08,264.47,0.02,0.01,2319.3943,1776236446000
1776239555.001,155.001,0.92,18.61,0.91,172.5,0.94,21.51,0.95,151.0,0.06,17.17,0.05,45.0,0.07,5.0,0.08,43.61,0.02,0.01,2319.3943,1776236446000
1776239555.898,155.898,0.92,23.61,0.91,177.5,0.93,13.92,0.94,115.51,0.06,21.51,0.05,151.0,0.08,18.61,0.09,172.5,0.01,0.02,2319.3943,1776236446000
1776239558.041,158.041,0.92,13.61,0.91,177.5,0.93,8.92,0.94,208.8,0.07,13.92,0.06,115.51,0.08,23.61,0.09,177.5,0.01,0.01,2319.3943,1776236446000
1776239558.861,158.861,0.91,137.5,0.9,5.01,0.92,21.0,0.93,105.22,0.07,8.92,0.06,208.8,0.08,4.61,0.09,177.5,0.01,0.01,2319.3943,1776236446000
1776239559.154,159.154,0.9,15.01,0.89,26.0,0.93,177.3,0.94,214.8,0.07,66.3,0.06,201.77,0.09,3.5,0.1,15.01,0.03,0.02,2319.3943,1776236446000
1776239559.472,159.472,0.93,30.0,0.92,10.0,0.94,145.0,0.95,190.8,0.07,177.3,0.06,214.8,0.1,15.01,0.11,26.0,0.01,0.03,2319.3943,1776236446000
1776239559.938,159.938,0.93,80.0,0.92,135.54,0.94,140.51,0.95,220.8,0.06,151.0,0.05,220.8,0.07,55.0,0.08,10.0,0.01,0.01,2319.3943,1776236446000
1776239560.381,160.381,0.93,81.2,0.92,15.0,0.94,50.0,0.95,220.8,0.06,140.51,0.05,220.8,0.07,80.0,0.08,135.54,0.01,0.01,2319.3943,1776236446000
1776239560.615,160.615,0.93,81.2,0.92,25.0,0.94,7.68,0.95,230.21,0.05,208.21,0.04,251.77,0.07,81.2,0.08,15.0,0.01,0.02,2319.3943,1776236446000
1776239560.921,160.921,0.93,111.2,0.92,25.0,0.94,48.75,0.95,208.21,0.06,45.32,0.05,208.21,0.07,111.2,0.08,25.0,0.01,0.01,2319.3943,1776236446000
1776239561.136,161.136,0.93,96.2,0.92,25.0,0.95,208.17,0.96,251.77,0.06,1.13,0.05,208.21,0.07,116.2,0.08,25.0,0.02,0.01,2319.3943,1776236446000
1776239561.522,161.522,0.93,91.2,0.92,25.0,0.95,244.74,0.96,251.77,0.05,208.17,0.04,251.77,0.07,96.2,0.08,25.0,0.02,0.02,2319.3943,1776236446000
1776239561.858,161.858,0.93,126.2,0.92,25.0,0.95,154.45,0.96,245.77,0.05,244.74,0.04,251.77,0.07,91.2,0.08,25.0,0.02,0.02,2319.3943,1776236446000
1776239562.194,162.194,0.93,121.2,0.92,25.0,0.95,150.16,0.96,245.77,0.05,151.32,0.04,245.77,0.07,121.2,0.08,25.0,0.02,0.02,2319.3943,1776236446000
1776239563.195,163.195,0.94,40.83,0.93,121.2,0.96,228.8,0.97,297.85,0.06,4.93,0.05,150.16,0.07,126.2,0.08,25.0,0.02,0.01,2319.3943,1776236446000
1776239563.683,163.683,0.94,40.83,0.93,121.2,0.96,240.7,0.97,297.85,0.04,228.8,0.03,297.85,0.06,40.83,0.07,121.2,0.02,0.02,2319.3943,1776236446000
1776239564.465,164.465,0.94,35.01,0.93,106.2,0.96,245.58,0.97,346.87,0.04,240.7,0.03,297.85,0.06,40.83,0.07,121.2,0.02,0.02,2319.3943,1776236446000
1776239566.26,166.26,0.93,61.21,0.92,15.0,0.95,120.0,0.96,496.43,0.04,245.58,0.03,346.87,0.06,35.01,0.07,106.2,0.02,0.02,2319.3943,1776236446000
1776239566.613,166.613,0.93,26.21,0.92,15.0,0.94,120.0,0.95,196.8,0.05,120.0,0.04,496.43,0.07,61.21,0.08,15.0,0.01,0.02,2319.3943,1776236446000
1776239567.192,167.192,0.93,26.21,0.92,15.0,0.94,101.13,0.95,196.8,0.06,120.0,0.05,196.8,0.07,26.21,0.08,15.0,0.01,0.01,2319.3943,1776236446000
1776239572.222,172.222,0.96,86.21,0.95,60.0,0.97,184.65,0.98,748.69,0.06,101.13,0.05,196.8,0.07,26.21,0.08,15.0,0.01,0.01,2319.3943,1776236446000
1776239573.259,173.259,0.96,20.31,0.95,15.0,0.97,194.65,0.98,548.69,0.03,184.65,0.02,748.69,0.04,86.21,0.05,60.0,0.01,0.01,2319.3943,1776236446000
1776239573.822,173.822,0.96,0.31,0.95,10.0,0.97,307.71,0.98,469.03,0.03,194.65,0.02,548.69,0.04,20.31,0.05,15.0,0.01,0.01,2319.3943,1776236446000
1776239577.006,177.006,0.95,25.0,0.94,25.0,0.97,289.32,0.98,469.03,0.03,307.71,0.02,469.03,0.04,2.0,0.05,10.0,0.02,0.01,2319.3943,1776236446000
1776239577.46,177.46,0.95,11.0,0.94,20.0,0.97,284.32,0.98,469.03,0.03,289.32,0.02,469.03,0.05,25.0,0.06,25.0,0.02,0.02,2319.3943,1776236446000
1776239578.15,178.15,0.96,15.0,0.95,11.0,0.97,157.33,0.98,464.03,0.03,289.32,0.02,469.03,0.04,10.0,0.05,11.0,0.01,0.01,2319.3943,1776236446000
1776239579.297,179.297,0.97,34.62,0.96,122.0,0.98,288.7,0.99,7652.15,0.03,153.33,0.02,548.69,0.04,10.0,0.05,11.0,0.01,0.01,2319.3943,1776236446000
1776239582.57,182.57,0.97,9.62,0.96,50.0,0.98,332.67,0.99,7475.16,0.02,280.61,0.01,7652.15,0.03,44.62,0.04,133.0,0.01,0.01,2319.3943,1776236446000
1776239582.939,182.939,0.9,21.0,0.89,5.0,0.91,179.63,0.92,107.5,0.09,130.0,0.08,15.0,0.13,21.61,0.14,75.43,0.01,0.04,2319.3943,1776236446000
1776239583.203,183.203,0.89,5.0,0.88,10.0,0.9,11.87,0.91,209.63,0.09,184.63,0.08,107.5,0.1,18.13,0.11,5.0,0.01,0.01,2319.3943,1776236446000
1776239583.494,183.494,0.89,5.0,0.88,10.0,0.9,183.93,0.91,140.0,0.1,11.87,0.09,209.63,0.11,5.0,0.12,10.0,0.01,0.01,2319.3943,1776236446000
1776239584.154,184.154,0.88,10.0,0.87,36.61,0.9,160.66,0.91,145.0,0.1,183.93,0.09,140.0,0.11,5.0,0.12,10.0,0.02,0.01,2319.3943,1776236446000
1776239584.498,184.498,0.88,15.0,0.87,30.0,0.89,130.51,0.9,135.66,0.1,160.66,0.09,145.0,0.12,10.0,0.13,36.61,0.01,0.02,2319.3943,1776236446000
1776239584.861,184.861,0.85,18.44,0.84,25.0,0.87,73.0,0.88,40.0,0.08,123.17,0.07,125.0,0.12,10.0,0.13,30.0,0.02,0.04,2319.3943,1776236446000
1776239585.111,185.111,0.85,140.04,0.84,25.0,0.87,31.89,0.88,40.0,0.13,73.0,0.12,40.0,0.14,4.9,0.15,145.04,0.02,0.01,2319.3943,1776236446000
1776239585.526,185.526,0.86,20.0,0.85,140.04,0.87,62.25,0.88,30.0,0.13,31.89,0.12,40.0,0.15,140.04,0.16,25.0,0.01,0.02,2319.3943,1776236446000
1776239585.81,185.81,0.86,44.0,0.85,145.04,0.87,61.6,0.88,30.0,0.13,24.87,0.12,30.0,0.14,25.0,0.15,145.04,0.01,0.01,2319.3943,1776236446000
1776239586.76,186.76,0.86,34.5,0.85,145.04,0.87,29.87,0.88,25.0,0.13,61.6,0.12,30.0,0.14,44.0,0.15,145.04,0.01,0.01,2319.3943,1776236446000
1776239587.166,187.166,0.89,74.0,0.88,33.0,0.9,32.73,0.91,55.0,0.13,29.87,0.12,25.0,0.14,34.5,0.15,145.04,0.01,0.01,2319.3943,1776236446000
1776239587.374,187.374,0.89,92.0,0.88,38.0,0.9,4.63,0.91,25.0,0.1,32.63,0.09,55.0,0.11,97.0,0.12,38.0,0.01,0.01,2319.3943,1776236446000
1776239588.919,188.919,0.91,43.0,0.9,199.6,0.92,27.85,0.93,55.0,0.1,4.63,0.09,25.0,0.11,92.0,0.12,38.0,0.01,0.01,2319.3943,1776236446000
1776239589.245,189.245,0.91,48.0,0.9,43.0,0.92,21.69,0.93,55.0,0.08,27.85,0.07,55.0,0.09,43.0,0.1,199.6,0.01,0.01,2319.3943,1776236446000
1776239589.903,189.903,0.92,15.0,0.91,25.0,0.93,62.58,0.94,128.8,0.08,21.69,0.07,55.0,0.09,48.0,0.1,43.0,0.01,0.01,2319.3943,1776236446000
1776239590.127,190.127,0.91,20.0,0.9,20.0,0.92,15.0,0.93,43.0,0.07,62.58,0.06,128.8,0.08,15.0,0.09,25.0,0.01,0.01,2319.3943,1776236446000
1776239591.264,191.264,0.89,0.35,0.87,5.0,0.92,10.0,0.93,353.0,0.08,15.0,0.07,43.0,0.09,20.0,0.1,20.0,0.03,0.01,2319.3943,1776236446000
1776239591.865,191.865,0.88,10.0,0.87,15.0,0.89,64.38,0.9,50.0,0.08,10.0,0.07,358.0,0.12,10.0,0.14,10.0,0.01,0.04,2319.3943,1776236446000
1776239592.708,192.708,0.88,10.0,0.87,10.0,0.89,111.18,0.9,55.0,0.11,64.38,0.1,50.0,0.12,10.0,0.13,15.0,0.01,0.01,2319.3943,1776236446000
1776239593.852,193.852,0.88,10.0,0.87,10.0,0.89,100.84,0.9,100.0,0.11,111.18,0.1,55.0,0.12,10.0,0.13,10.0,0.01,0.01,2319.3943,1776236446000
1776239594.217,194.217,0.88,3.25,0.87,10.0,0.89,137.63,0.9,100.0,0.11,100.84,0.1,100.0,0.12,10.0,0.13,10.0,0.01,0.01,2319.3943,1776236446000
1776239594.609,194.609,0.88,3.25,0.87,10.0,0.89,102.69,0.9,100.0,0.11,137.63,0.1,100.0,0.12,3.25,0.13,10.0,0.01,0.01,2319.3943,1776236446000
1776239596.069,196.069,0.85,5.01,0.84,14.5,0.86,50.0,0.88,55.0,0.11,102.69,0.1,100.0,0.12,3.25,0.13,10.0,0.01,0.01,2319.3943,1776236446000
1776239596.309,196.309,0.78,12.9,0.74,154.2,0.86,50.0,0.88,55.0,0.14,50.0,0.12,55.0,0.21,4.9,0.22,18.0,0.08,0.07,2319.3943,1776236446000
1776239596.551,196.551,0.72,5.0,0.71,5.0,0.76,45.0,0.85,33.33,0.14,85.71,0.12,105.25,0.34,10.0,0.35,10.0,0.04,0.2,2319.3943,1776236446000
1776239597.199,197.199,0.77,15.0,0.76,15.0,0.78,28.0,0.79,5.0,0.29,20.0,0.19,50.0,0.3,25.0,0.32,29.0,0.01,0.01,2319.3943,1776236446000
1776239597.474,197.474,0.77,15.0,0.76,29.6,0.8,16.16,0.81,120.0,0.22,28.0,0.21,5.0,0.23,15.0,0.24,15.0,0.03,0.01,2319.3943,1776236446000
1776239597.826,197.826,0.8,5.0,0.79,20.0,0.81,5.0,0.82,20.0,0.2,16.16,0.19,120.0,0.23,15.0,0.24,29.6,0.01,0.03,2319.3943,1776236446000
1776239599.241,199.241,0.82,30.0,0.81,46.0,0.83,61.55,0.84,45.32,0.19,5.0,0.18,5.0,0.21,15.76,0.22,15.0,0.01,0.02,2319.3943,1776236446000
1776239601.114,201.114,0.83,25.0,0.82,37.0,0.87,26.13,0.88,34.1,0.17,15.0,0.16,29.66,0.18,47.0,0.19,46.0,0.04,0.01,2319.3943,1776236446000
1776239603.836,203.836,0.88,10.0,0.87,10.0,0.89,118.55,0.9,9.84,0.13,26.03,0.12,34.1,0.17,25.0,0.18,37.0,0.01,0.04,2319.3943,1776236446000
1776239604.457,204.457,0.88,20.0,0.87,10.0,0.89,111.28,0.9,24.84,0.11,123.55,0.1,9.84,0.12,10.0,0.13,10.0,0.01,0.01,2319.3943,1776236446000
1776239607.254,207.254,0.88,36.0,0.87,15.0,0.89,98.43,0.9,9.84,0.11,111.28,0.1,24.84,0.12,20.0,0.13,10.0,0.01,0.01,2319.3943,1776236446000
1776239609.398,209.398,0.91,35.16,0.88,53.0,0.93,60.3,0.94,68.8,0.11,98.43,0.1,9.84,0.12,36.0,0.13,15.0,0.02,0.01,2319.3943,1776236446000
1776239610.073,210.073,0.92,20.0,0.91,65.16,0.93,94.3,0.94,73.8,0.07,60.3,0.06,68.8,0.09,35.16,0.12,53.0,0.01,0.02,2319.3943,1776236446000
1776239610.418,210.418,0.92,20.0,0.91,60.16,0.93,11.0,0.94,74.73,0.07,94.3,0.06,73.8,0.08,20.0,0.09,65.16,0.01,0.01,2319.3943,1776236446000
1776239611.086,211.086,0.94,10.0,0.93,15.0,0.95,79.59,0.96,108.8,0.07,11.0,0.06,74.73,0.09,57.38,0.1,10.0,0.01,0.02,2319.3943,1776236446000
1776239611.379,211.379,0.94,3.77,0.93,20.0,0.95,73.66,0.96,103.8,0.05,79.59,0.04,108.8,0.06,10.0,0.07,20.0,0.01,0.01,2319.3943,1776236446000
1776239611.713,211.713,0.93,15.0,0.92,15.0,0.94,82.26,0.95,78.66,0.05,73.66,0.04,103.8,0.06,3.77,0.07,20.0,0.01,0.01,2319.3943,1776236446000
1776239612.159,212.159,0.93,15.0,0.92,10.0,0.94,80.13,0.95,78.66,0.06,82.26,0.05,78.66,0.07,15.0,0.08,15.0,0.01,0.01,2319.3943,1776236446000
1776239612.528,212.528,0.93,10.0,0.92,10.0,0.95,78.44,0.96,108.8,0.06,80.13,0.05,78.66,0.07,15.0,0.08,10.0,0.02,0.01,2319.3943,1776236446000
1776239612.814,212.814,0.92,2.5,0.91,45.16,0.94,20.0,0.95,178.44,0.06,10.0,0.05,83.44,0.08,10.0,0.09,47.38,0.02,0.02,2319.3943,1776236446000
1776239613.451,213.451,0.92,66.03,0.91,55.16,0.93,5.0,0.94,101.73,0.06,20.0,0.05,178.44,0.08,2.5,0.09,45.16,0.01,0.02,2319.3943,1776236446000
1776239614.47,214.47,0.92,85.15,0.91,50.16,0.93,6.0,0.94,84.73,0.07,10.0,0.06,101.73,0.08,60.15,0.09,55.16,0.01,0.01,2319.3943,1776236446000
1776239615.861,215.861,0.93,12.0,0.92,85.15,0.94,79.73,0.95,83.44,0.07,6.0,0.06,84.73,0.08,85.15,0.09,50.16,0.01,0.01,2319.3943,1776236446000
1776239617.527,217.527,0.94,33.07,0.93,32.0,0.95,68.44,0.96,103.8,0.06,79.73,0.05,83.44,0.07,12.0,0.08,85.15,0.01,0.01,2319.3943,1776236446000
1776239618.869,218.869,0.94,48.07,0.93,37.0,0.95,23.44,0.96,103.8,0.05,68.44,0.04,103.8,0.06,33.07,0.07,32.0,0.01,0.01,2319.3943,1776236446000
1776239619.154,219.154,0.94,48.07,0.93,37.0,0.95,21.36,0.96,103.8,0.05,23.44,0.04,103.8,0.06,48.07,0.07,37.0,0.01,0.01,2319.3943,1776236446000
1776239619.817,219.817,0.94,10.0,0.93,32.0,0.95,286.77,0.96,303.8,0.05,21.36,0.04,103.8,0.06,48.07,0.07,37.0,0.01,0.01,2319.3943,1776236446000
1776239620.362,220.362,0.94,10.0,0.93,32.0,0.95,285.77,0.96,303.8,0.05,286.77,0.04,303.8,0.06,10.0,0.07,32.0,0.01,0.01,2319.3943,1776236446000
1776239621.428,221.428,0.94,10.0,0.93,32.0,0.95,264.71,0.96,210.0,0.05,285.77,0.04,303.8,0.06,10.0,0.07,32.0,0.01,0.01,2319.3943,1776236446000
1776239622.233,222.233,0.94,15.0,0.93,32.0,0.95,38.19,0.96,10.0,0.05,264.71,0.04,210.0,0.06,10.0,0.07,32.0,0.01,0.01,2319.3943,1776236446000
1776239625.242,225.242,0.94,20.0,0.93,37.0,0.95,19.25,0.96,246.46,0.05,38.19,0.04,10.0,0.06,15.0,0.07,32.0,0.01,0.01,2319.3943,1776236446000
1776239633.303,233.303,0.94,20.0,0.93,32.0,0.95,0.06,0.96,451.46,0.05,19.25,0.04,246.46,0.06,20.0,0.07,37.0,0.01,0.01,2319.3943,1776236446000
1776239634.078,234.078,0.93,18.06,0.92,65.15,0.96,40.0,0.97,138.7,0.04,406.52,0.03,172.7,0.06,20.0,0.07,32.0,0.03,0.02,2319.3943,1776236446000
1776239634.334,234.334,0.93,4.23,0.92,65.15,0.95,221.52,0.96,20.0,0.04,40.0,0.03,138.7,0.07,18.06,0.08,65.15,0.02,0.03,2319.3943,1776236446000
1776239634.545,234.545,0.94,20.0,0.93,10.0,0.95,3.94,0.96,15.0,0.05,20.0,0.04,15.0,0.08,62.13,0.09,25.0,0.01,0.03,2319.3943,1776236446000
1776239634.97,234.97,0.94,25.0,0.93,15.0,0.96,10.0,0.97,133.7,0.05,3.94,0.04,15.0,0.06,20.0,0.07,10.0,0.02,0.01,2319.3943,1776236446000
1776239636.762,236.762,0.94,20.0,0.93,39.0,0.95,181.52,0.96,10.0,0.04,10.0,0.03,133.7,0.06,25.0,0.07,15.0,0.01,0.02,2319.3943,1776236446000
1776239640.864,240.864,0.95,34.0,0.94,31.0,0.97,316.59,0.98,10.0,0.05,181.52,0.04,10.0,0.06,20.0,0.07,39.0,0.02,0.01,2319.3943,1776236446000
1776239641.7,241.7,0.95,7.0,0.94,32.2,0.96,10.0,0.97,138.7,0.03,316.59,0.02,10.0,0.05,34.0,0.06,31.0,0.01,0.02,2319.3943,1776236446000
1776239642.948,242.948,0.95,40.0,0.94,23.79,0.96,5.0,0.97,133.7,0.04,10.0,0.03,138.7,0.05,7.0,0.06,32.2,0.01,0.01,2319.3943,1776236446000
1776239643.579,243.579,0.95,79.0,0.94,44.99,0.97,126.7,0.98,15.0,0.04,5.0,0.03,133.7,0.05,40.0,0.06,23.79,0.02,0.01,2319.3943,1776236446000
1776239643.997,243.997,0.96,107.53,0.95,89.39,0.97,126.7,0.98,15.0,0.03,126.7,0.02,15.0,0.05,79.0,0.06,44.99,0.01,0.02,2319.3943,1776236446000
1776239644.723,244.723,0.96,151.28,0.95,95.19,0.97,3.0,0.98,10.0,0.03,126.7,0.02,15.0,0.04,107.53,0.05,89.39,0.01,0.01,2319.3943,1776236446000
1776239645.34,245.34,0.98,525.0,0.97,30.0,0.99,1728.48,,,0.01,6733.48,,,0.04,146.28,0.05,95.19,0.01,0.03,2319.3943,1776236446000
1776239645.545,245.545,0.98,525.0,0.97,30.0,0.99,1726.45,,,0.01,1728.48,,,0.02,525.0,0.03,30.0,0.01,0.01,2319.3943,1776236446000
1776239645.818,245.818,0.98,525.0,0.97,30.0,0.99,1720.39,,,0.01,1726.45,,,0.02,525.0,0.03,30.0,0.01,0.01,2319.3943,1776236446000
1776239646.109,246.109,0.98,515.0,0.97,30.0,0.99,1234.79,,,0.01,1618.39,,,0.02,520.0,0.03,30.0,0.01,0.01,2319.3943,1776236446000
1776239646.414,246.414,0.98,508.95,0.97,30.0,0.99,1234.79,,,0.01,1234.79,,,0.02,510.0,0.03,30.0,0.01,0.01,2319.3943,1776236446000
1776239646.872,246.872,0.98,499.14,0.96,10.0,0.99,1302.48,,,0.01,1223.82,,,0.02,519.14,0.04,60.0,0.01,0.01,2319.3943,1776236446000
1776239647.371,247.371,0.98,396.25,0.96,40.0,0.99,1279.87,,,0.01,1302.48,,,0.02,296.25,0.04,10.0,0.01,0.01,2319.3943,1776236446000
1776239648.368,248.368,0.98,291.25,0.96,60.0,0.99,1205.19,,,0.01,1279.87,,,0.02,396.25,0.04,40.0,0.01,0.01,2319.3943,1776236446000
1776239649.614,249.614,0.98,274.84,0.96,10.0,0.99,1200.19,,,0.01,1205.19,,,0.02,291.25,0.04,60.0,0.01,0.01,2319.3943,1776236446000
1776239649.905,249.905,0.98,16.84,0.96,19.79,0.99,1205.19,,,0.01,1200.19,,,0.02,216.84,0.04,10.0,0.01,0.01,2319.3943,1776236446000
1776239651.467,251.467,0.98,26.84,0.96,10.0,0.99,1468.79,,,0.01,1205.19,,,0.02,16.84,0.04,19.79,0.01,0.01,2319.3943,1776236446000
1776239651.793,251.793,0.98,21.84,0.96,10.0,0.99,1448.79,,,0.01,1494.79,,,0.02,21.84,0.04,10.0,0.01,0.01,2319.3943,1776236446000
1776239652.236,252.236,0.98,21.84,0.96,60.0,0.99,1465.79,,,0.01,1448.79,,,0.02,21.84,0.04,10.0,0.01,0.01,2319.3943,1776236446000
1776239652.565,252.565,0.98,16.84,0.96,60.0,0.99,1448.58,,,0.01,1465.79,,,0.02,21.84,0.04,60.0,0.01,0.01,2319.3943,1776236446000
1776239655.465,255.465,0.98,16.84,0.96,65.0,0.99,1413.47,,,0.01,1448.58,,,0.02,16.84,0.04,60.0,0.01,0.01,2319.3943,1776236446000
1776239656.275,256.275,0.96,6.84,0.95,37.03,0.99,1523.47,,,0.01,1413.47,,,0.02,16.84,0.04,65.0,0.03,0.01,2319.3943,1776236446000
1776239656.803,256.803,0.96,50.0,0.95,55.87,0.97,16.93,0.98,10.0,0.01,1518.47,,,0.05,39.87,0.06,10.0,0.01,0.04,2319.3943,1776236446000
1776239657.215,257.215,0.96,55.0,0.95,76.87,0.99,918.05,,,0.03,16.93,0.02,10.0,0.04,50.0,0.05,55.87,0.03,0.01,2319.3943,1776236446000
1776239657.778,257.778,0.96,20.0,0.95,77.87,0.99,735.87,,,0.01,918.05,,,0.04,55.0,0.05,76.87,0.03,0.03,2319.3943,1776236446000
1776239660.66,260.66,0.97,20.0,0.96,108.0,0.99,580.87,,,0.01,735.87,,,0.04,20.0,0.05,77.87,0.02,0.03,2319.3943,1776236446000
1776239660.948,260.948,0.97,198.6,0.96,134.0,0.99,594.87,,,0.01,580.87,,,0.03,20.0,0.04,108.0,0.02,0.02,2319.3943,1776236446000
1776239661.374,261.374,0.97,193.6,0.96,146.79,0.99,219.27,,,0.01,594.87,,,0.03,198.6,0.04,134.0,0.02,0.02,2319.3943,1776236446000
1776239665.926,265.926,0.98,24.0,0.97,100.79,0.99,317.16,,,0.01,219.27,,,0.03,193.6,0.04,146.79,0.01,0.02,2319.3943,1776236446000
1776239666.306,266.306,0.98,29.0,0.97,119.79,0.99,312.16,,,0.01,317.16,,,0.02,24.0,0.03,100.79,0.01,0.01,2319.3943,1776236446000
1776239667.233,267.233,0.98,42.0,0.97,137.99,0.99,302.11,,,0.01,312.16,,,0.02,29.0,0.03,119.79,0.01,0.01,2319.3943,1776236446000
1776239668.129,268.129,0.98,86.0,0.97,48.0,0.99,148.11,,,0.01,302.11,,,0.02,42.0,0.03,137.99,0.01,0.01,2319.3943,1776236446000
1776239668.678,268.678,0.98,82.0,0.97,171.7,0.99,138.0,,,0.01,148.11,,,0.02,86.0,0.03,48.0,0.01,0.01,2319.3943,1776236446000
1776239670.359,270.359,0.98,80.79,0.97,202.7,0.99,132.94,,,0.01,138.0,,,0.02,82.0,0.03,171.7,0.01,0.01,2319.3943,1776236446000
1776239671.163,271.163,0.98,80.79,0.97,202.7,0.99,120.78,,,0.01,121.8,,,0.02,90.79,0.03,202.7,0.01,0.01,2319.3943,1776236446000
1776239672.128,272.128,0.97,90.2,0.96,60.0,0.99,95.78,,,0.01,120.78,,,0.02,80.79,0.03,202.7,0.02,0.01,2319.3943,1776236446000
1776239672.407,272.407,0.97,66.32,0.96,98.0,0.98,87.6,0.99,192.78,0.02,92.6,0.01,192.78,0.03,84.2,0.04,60.0,0.01,0.01,2319.3943,1776236446000
1776239672.708,272.708,0.97,71.32,0.96,103.0,0.98,72.19,0.99,192.78,0.02,87.6,0.01,192.78,0.03,66.32,0.04,98.0,0.01,0.01,2319.3943,1776236446000
1776239672.932,272.932,0.97,88.32,0.96,103.0,0.98,41.88,0.99,192.78,0.02,57.03,0.01,192.78,0.03,71.32,0.04,103.0,0.01,0.01,2319.3943,1776236446000
1776239673.496,273.496,0.97,108.32,0.96,103.0,0.98,35.76,0.99,192.78,0.02,41.88,0.01,192.78,0.03,88.32,0.04,103.0,0.01,0.01,2319.3943,1776236446000
1776239673.762,273.762,0.97,113.32,0.96,103.0,0.98,5.76,0.99,192.78,0.02,35.76,0.01,192.78,0.03,108.32,0.04,103.0,0.01,0.01,2319.3943,1776236446000
1776239674.011,274.011,0.97,93.32,0.96,103.0,0.99,97.54,,,0.02,5.76,0.01,192.78,0.03,113.32,0.04,103.0,0.02,0.01,2319.3943,1776236446000
1776239674.82,274.82,0.97,98.32,0.96,103.0,0.99,77.54,,,0.02,5.0,0.01,97.54,0.03,88.32,0.04,103.0,0.02,0.01,2319.3943,1776236446000
1776239675.34,275.34,0.98,5.0,0.97,101.32,0.99,2.0,,,0.01,77.54,,,0.03,98.32,0.04,103.0,0.01,0.02,2319.3943,1776236446000
1776239676.02,276.02,0.98,15.0,0.97,96.32,0.99,2365.0,,,,,,,0.02,5.0,0.03,101.32,0.01,,2319.3943,1776236446000
1776239676.443,276.443,0.98,10.0,0.97,108.32,0.99,2340.0,,,0.01,2365.0,,,0.02,15.0,0.03,96.32,0.01,0.01,2319.3943,1776236446000
1776239676.858,276.858,0.98,22.0,0.97,96.32,0.99,2338.48,,,0.01,2340.0,,,0.02,10.0,0.03,108.32,0.01,0.01,2319.3943,1776236446000
1776239677.106,277.106,0.97,91.32,0.96,47.0,0.99,2333.48,,,0.01,2338.48,,,0.02,22.0,0.03,96.32,0.02,0.01,2319.3943,1776236446000
1776239677.852,277.852,0.97,91.32,0.96,47.0,0.99,2328.48,,,0.01,2333.48,,,0.03,91.32,0.04,47.0,0.02,0.02,2319.3943,1776236446000
1776239678.144,278.144,0.98,86.71,0.97,103.32,0.99,2333.48,,,0.01,2328.48,,,0.03,91.32,0.04,47.0,0.01,0.02,2319.3943,1776236446000
1776239679.421,279.421,0.98,10.19,0.97,103.32,0.99,2318.37,,,0.01,2333.48,,,0.02,86.71,0.03,103.32,0.01,0.01,2319.3943,1776236446000
1776239679.654,279.654,0.98,10.19,0.97,103.32,0.99,2232.98,,,0.01,2268.37,,,0.02,10.19,0.03,103.32,0.01,0.01,2319.3943,1776236446000
1776239681.146,281.146,0.98,53.72,0.97,102.32,0.99,2226.98,,,0.01,2232.98,,,0.02,10.19,0.03,103.32,0.01,0.01,2319.3943,1776236446000
1776239681.624,281.624,0.98,53.72,0.97,102.32,0.99,2217.45,,,0.01,2223.45,,,0.02,53.72,0.03,102.32,0.01,0.01,2319.3943,1776236446000
1776239681.908,281.908,0.98,64.72,0.97,91.32,0.99,1909.41,,,0.01,2217.45,,,0.02,53.72,0.03,102.32,0.01,0.01,2319.3943,1776236446000
1776239682.203,282.203,0.98,63.68,0.97,90.32,0.99,1909.41,,,0.01,1909.41,,,0.02,64.72,0.03,91.32,0.01,0.01,2319.3943,1776236446000
1776239682.508,282.508,0.98,63.68,0.97,90.32,0.99,1913.39,,,0.01,1909.41,,,0.02,63.68,0.03,90.32,0.01,0.01,2319.3943,1776236446000
1776239685.857,285.857,0.96,36.69,0.95,23.87,0.99,185.0,,,0.01,1913.39,,,0.02,63.68,0.03,90.32,0.03,0.01,2319.3943,1776236446000
1776239686.059,286.059,0.96,55.0,0.95,5.0,0.99,10.0,,,0.03,10.0,0.02,10.0,0.05,32.0,0.08,71.0,0.03,0.02,2319.3943,1776236446000
1776239686.287,286.287,0.99,531.55,0.96,50.0,,,,,,,,,0.11,78.57,0.12,80.0,,,2319.3943,1776236446000
1776239687.145,287.145,0.99,1745.55,0.96,67.79,,,,,,,,,0.01,531.55,0.04,50.0,,,2319.3943,1776236446000
1776239687.553,287.553,0.99,1686.55,0.96,67.79,,,,,,,,,0.01,1725.55,0.04,67.79,,,2319.3943,1776236446000
1776239688.152,288.152,0.99,1760.44,0.97,82.79,,,,,,,,,0.01,1686.55,0.04,67.79,,,2319.3943,1776236446000
1776239688.77,288.77,0.99,1685.44,0.96,50.0,,,,,,,,,0.01,1760.44,0.03,82.79,,,2319.3943,1776236446000
1776239689.504,289.504,0.99,1187.44,0.98,93.18,,,,,,,,,0.01,1685.44,0.04,50.0,,,2319.3943,1776236446000
1776239699.541,299.541,0.99,17936.29,0.98,24.0,,,,,,,,,0.01,1187.44,0.02,93.18,,,2319.3943,1776236446000
