timestamp,elapsed_sec,up_bid_p1,up_bid_s1,up_bid_p2,up_bid_s2,up_ask_p1,up_ask_s1,up_ask_p2,up_ask_s2,down_bid_p1,down_bid_s1,down_bid_p2,down_bid_s2,down_ask_p1,down_ask_s1,down_ask_p2,down_ask_s2,up_spread,down_spread,eth_price,eth_oracle_ts
1776396000.688,0.688,0.5,8.0,0.46,150.0,0.54,150.0,0.6,10.0,0.46,150.0,0.4,10.0,0.5,8.0,0.54,150.0,0.04,0.04,2329.941824,1776395999000
1776396001.126,1.126,0.5,8.0,0.46,150.0,0.53,68.11,0.54,211.68,0.46,141.68,0.4,10.0,0.5,8.0,0.54,150.0,0.03,0.04,2329.941824,1776395999000
1776396002.124,2.124,0.5,3.0,0.46,18.0,0.51,40.0,0.52,17.0,0.47,68.11,0.46,211.68,0.5,8.0,0.54,150.0,0.01,0.03,2329.993559,1776396001000
1776396002.954,2.954,0.46,7.25,0.45,96.88,0.49,8.91,0.5,87.0,0.49,40.0,0.48,17.0,0.54,2.25,0.55,96.88,0.03,0.05,2329.993559,1776396001000
1776396003.867,3.867,0.47,15.64,0.46,27.99,0.48,6.35,0.49,15.91,0.51,8.91,0.5,87.0,0.54,7.25,0.55,96.88,0.01,0.03,2329.97136,1776396002000
1776396007.941,7.941,0.48,9.9,0.47,21.64,0.49,15.0,0.5,97.0,0.52,0.1,0.51,15.91,0.53,20.64,0.54,27.99,0.01,0.01,2329.865292,1776396006000
1776396008.739,8.739,0.47,13.7,0.46,28.21,0.48,15.0,0.49,15.0,0.51,20.0,0.5,97.0,0.53,20.03,0.54,17.99,0.01,0.02,2329.860386,1776396007000
1776396013.537,13.537,0.47,8.7,0.46,28.21,0.5,94.78,0.51,32.0,0.52,15.0,0.51,15.0,0.53,13.7,0.54,28.21,0.03,0.01,2329.868264,1776396011000
1776396014.452,14.452,0.46,2.92,0.45,91.88,0.48,76.5,0.49,63.88,0.5,94.78,0.49,32.0,0.53,8.7,0.54,28.21,0.02,0.03,2329.82767,1776396013000
1776396014.732,14.732,0.43,15.5,0.42,24.0,0.46,65.75,0.47,108.75,0.53,119.49,0.52,146.5,0.55,0.82,0.57,15.5,0.03,0.02,2329.82767,1776396013000
1776396016.397,16.397,0.43,15.5,0.42,20.5,0.44,89.77,0.45,60.75,0.54,65.75,0.53,108.75,0.57,15.5,0.58,24.0,0.01,0.03,2329.772523,1776396015000
1776396017.154,17.154,0.38,76.38,0.37,5.0,0.42,141.27,0.43,132.75,0.56,89.77,0.55,60.75,0.57,15.5,0.58,20.5,0.04,0.01,2329.772523,1776396015000
1776396017.515,17.515,0.38,73.15,0.37,17.0,0.39,84.78,0.4,35.0,0.61,44.78,0.6,20.0,0.62,73.15,0.63,5.0,0.01,0.01,2329.697057,1776396016000
1776396018.273,18.273,0.38,48.15,0.37,17.0,0.39,74.78,0.4,35.0,0.61,74.78,0.6,35.0,0.62,73.15,0.63,17.0,0.01,0.01,2329.672681,1776396017000
1776396022.552,22.552,0.38,43.15,0.37,38.5,0.39,79.21,0.4,45.5,0.61,74.78,0.6,35.0,0.62,48.15,0.63,17.0,0.01,0.01,2329.479034,1776396021000
1776396024.653,24.653,0.38,32.65,0.37,23.0,0.39,47.21,0.4,45.5,0.61,79.21,0.6,45.5,0.62,43.15,0.63,38.5,0.01,0.01,2329.453008,1776396023000
1776396025.057,25.057,0.38,24.65,0.37,23.0,0.39,56.21,0.4,51.5,0.61,47.21,0.6,45.5,0.62,32.65,0.63,23.0,0.01,0.01,2329.453008,1776396023000
1776396028.019,28.019,0.36,44.93,0.35,40.5,0.37,26.0,0.38,31.0,0.61,56.21,0.6,51.5,0.62,24.65,0.63,23.0,0.01,0.01,2329.423716,1776396026000
1776396028.442,28.442,0.36,49.93,0.35,40.5,0.37,21.94,0.38,26.0,0.63,26.0,0.62,31.0,0.64,44.93,0.65,40.5,0.01,0.01,2329.417014,1776396027000
1776396029.774,29.774,0.36,38.93,0.35,40.5,0.37,27.94,0.38,10.0,0.63,21.94,0.62,26.0,0.64,49.93,0.65,40.5,0.01,0.01,2329.40988,1776396028000
1776396032.984,32.984,0.36,54.49,0.35,40.5,0.37,16.42,0.38,16.0,0.63,27.94,0.62,10.0,0.64,38.93,0.65,40.5,0.01,0.01,2329.442828,1776396031000
1776396034.974,34.974,0.36,19.42,0.35,20.0,0.37,106.92,0.38,26.5,0.63,16.42,0.62,16.0,0.64,46.49,0.65,40.5,0.01,0.01,2329.445779,1776396033000
1776396039.346,39.346,0.36,174.5,0.35,49.5,0.43,21.0,0.45,50.3,0.63,71.92,0.62,31.5,0.64,7.42,0.65,20.0,0.07,0.01,2329.367461,1776396038000
1776396040.04,40.04,0.42,155.0,0.41,100.5,0.43,20.38,0.44,21.5,0.57,21.0,0.55,50.3,0.64,174.5,0.65,49.5,0.01,0.07,2329.367461,1776396038000
1776396042.305,42.305,0.42,102.0,0.41,75.0,0.43,35.5,0.44,55.49,0.57,20.38,0.56,21.5,0.58,155.0,0.59,100.5,0.01,0.01,2329.417822,1776396040000
1776396043.081,43.081,0.42,94.0,0.41,75.0,0.43,35.5,0.44,55.49,0.57,35.5,0.56,55.49,0.58,102.0,0.59,75.0,0.01,0.01,2329.628452,1776396041000
1776396045.217,45.217,0.3,4.76,0.28,100.0,0.33,57.7,0.34,80.8,0.57,35.5,0.56,55.49,0.58,94.0,0.59,75.0,0.03,0.01,2329.612661,1776396043000
1776396045.515,45.515,0.28,68.62,0.27,70.0,0.31,191.49,0.32,39.5,0.67,57.7,0.66,80.8,0.7,4.76,0.72,100.0,0.03,0.03,2329.61406,1776396044000
1776396045.94,45.94,0.28,58.77,0.27,70.0,0.29,153.51,0.3,64.49,0.69,191.49,0.68,39.5,0.72,68.62,0.73,70.0,0.01,0.03,2329.61406,1776396044000
1776396047.223,47.223,0.28,58.77,0.27,80.5,0.29,151.11,0.3,25.5,0.71,143.51,0.7,64.49,0.72,58.77,0.73,70.0,0.01,0.01,2329.365567,1776396046000
1776396050.333,50.333,0.28,51.82,0.27,85.5,0.29,146.11,0.3,69.49,0.71,151.11,0.7,25.5,0.72,58.77,0.73,80.5,0.01,0.01,2328.948668,1776396049000
1776396051.281,51.281,0.28,51.82,0.27,85.5,0.29,77.14,0.3,69.49,0.71,146.11,0.7,69.49,0.72,51.82,0.73,85.5,0.01,0.01,2328.948668,1776396049000
1776396053.023,53.023,0.28,42.82,0.27,70.0,0.29,141.63,0.3,43.19,0.71,77.14,0.7,69.49,0.72,51.82,0.73,85.5,0.01,0.01,2328.95146,1776396051000
1776396057.129,57.129,0.28,36.82,0.27,80.5,0.29,141.63,0.3,43.19,0.71,141.63,0.7,43.19,0.72,42.82,0.73,70.0,0.01,0.01,2328.886452,1776396056000
1776396058.699,58.699,0.28,36.82,0.27,80.5,0.29,124.38,0.3,43.19,0.71,141.63,0.7,43.19,0.72,36.82,0.73,80.5,0.01,0.01,2328.886548,1776396057000
1776396059.557,59.557,0.28,36.82,0.27,80.5,0.29,114.03,0.3,43.19,0.71,124.38,0.7,43.19,0.72,36.82,0.73,80.5,0.01,0.01,2328.884682,1776396058000
1776396060.538,60.538,0.28,36.82,0.27,70.0,0.29,94.49,0.3,43.19,0.71,114.03,0.7,43.19,0.72,36.82,0.73,80.5,0.01,0.01,2328.884602,1776396059000
1776396061.279,61.279,0.28,29.98,0.27,80.5,0.29,94.49,0.3,43.19,0.71,94.49,0.7,43.19,0.72,36.82,0.73,70.0,0.01,0.01,2328.869758,1776396060000
1776396062.954,62.954,0.28,20.98,0.27,70.0,0.29,110.49,0.3,43.19,0.71,94.49,0.7,43.19,0.72,29.98,0.73,80.5,0.01,0.01,2328.869328,1776396061000
1776396064.207,64.207,0.28,20.98,0.27,70.0,0.29,108.59,0.3,43.19,0.71,110.49,0.7,43.19,0.72,20.98,0.73,70.0,0.01,0.01,2328.855144,1776396063000
1776396065.177,65.177,0.28,7.09,0.27,75.0,0.29,113.59,0.3,43.19,0.71,108.59,0.7,43.19,0.72,20.98,0.73,70.0,0.01,0.01,2328.855144,1776396063000
1776396065.448,65.448,0.27,49.32,0.26,85.5,0.29,113.59,0.3,43.19,0.71,113.59,0.7,43.19,0.72,7.09,0.73,75.0,0.02,0.01,2328.856122,1776396064000
1776396066.908,66.908,0.27,68.45,0.26,85.5,0.28,151.99,0.29,52.79,0.71,113.59,0.7,43.19,0.73,49.32,0.74,85.5,0.01,0.02,2328.85604,1776396065000
1776396071.079,71.079,0.27,58.45,0.26,80.5,0.28,153.41,0.29,91.46,0.72,148.41,0.71,52.79,0.73,68.45,0.74,85.5,0.01,0.01,2328.859679,1776396069000
1776396074.76,74.76,0.27,58.45,0.26,85.5,0.28,70.42,0.29,108.26,0.72,153.41,0.71,91.46,0.73,58.45,0.74,80.5,0.01,0.01,2328.854871,1776396073000
1776396074.964,74.964,0.27,54.45,0.26,85.5,0.28,70.42,0.29,108.26,0.72,70.42,0.71,108.26,0.73,58.45,0.74,85.5,0.01,0.01,2328.854871,1776396073000
1776396075.71,75.71,0.27,22.5,0.26,85.5,0.28,63.42,0.29,108.26,0.72,70.42,0.71,108.26,0.73,54.45,0.74,85.5,0.01,0.01,2328.854924,1776396074000
1776396078.269,78.269,0.27,67.5,0.26,25.5,0.28,13.88,0.29,103.26,0.72,63.42,0.71,108.26,0.73,22.5,0.74,85.5,0.01,0.01,2328.878839,1776396077000
1776396079.032,79.032,0.28,40.97,0.27,119.5,0.29,92.66,0.3,30.0,0.71,86.66,0.7,30.0,0.73,67.5,0.74,25.5,0.01,0.02,2328.878839,1776396077000
1776396079.42,79.42,0.28,13.87,0.27,119.5,0.29,214.42,0.3,30.0,0.71,92.66,0.7,30.0,0.72,40.4,0.73,119.5,0.01,0.01,2328.878464,1776396078000
1776396080.522,80.522,0.27,104.48,0.26,15.5,0.29,171.42,0.3,30.0,0.71,214.42,0.7,30.0,0.72,13.87,0.73,119.5,0.02,0.01,2328.894934,1776396079000
1776396080.918,80.918,0.27,131.05,0.26,15.5,0.28,63.0,0.29,159.42,0.71,171.42,0.7,30.0,0.73,104.48,0.74,15.5,0.01,0.02,2328.894934,1776396079000
1776396082.527,82.527,0.27,102.62,0.26,15.5,0.28,75.03,0.29,94.66,0.72,70.0,0.71,159.42,0.73,102.62,0.74,15.5,0.01,0.01,2328.905227,1776396081000
1776396083.7,83.7,0.27,51.91,0.26,70.0,0.28,215.09,0.29,83.86,0.72,71.6,0.71,94.66,0.73,103.41,0.74,15.5,0.01,0.01,2328.90545,1776396082000
1776396085.049,85.049,0.27,42.91,0.26,80.5,0.28,215.09,0.29,83.86,0.72,215.09,0.71,83.86,0.73,51.91,0.74,70.0,0.01,0.01,2328.89973,1776396084000
1776396085.612,85.612,0.27,57.04,0.26,80.5,0.28,174.59,0.29,73.36,0.72,215.09,0.71,83.86,0.73,42.91,0.74,80.5,0.01,0.01,2328.89973,1776396084000
1776396085.841,85.841,0.27,52.04,0.26,80.5,0.28,171.02,0.29,83.86,0.72,174.59,0.71,73.36,0.73,57.04,0.74,80.5,0.01,0.01,2328.89973,1776396084000
1776396086.78,86.78,0.27,63.67,0.26,80.5,0.28,71.42,0.29,117.15,0.72,171.02,0.71,83.86,0.73,52.04,0.74,80.5,0.01,0.01,2328.881663,1776396085000
1776396087.021,87.021,0.27,59.1,0.26,80.5,0.28,67.85,0.29,117.15,0.72,67.85,0.71,117.15,0.73,63.67,0.74,80.5,0.01,0.01,2328.881663,1776396085000
1776396087.302,87.302,0.27,59.1,0.26,80.5,0.28,73.91,0.29,73.36,0.72,67.85,0.71,117.15,0.73,59.1,0.74,80.5,0.01,0.01,2328.880091,1776396086000
1776396089.394,89.394,0.27,39.1,0.26,80.5,0.28,78.91,0.29,73.36,0.72,73.91,0.71,73.36,0.73,59.1,0.74,80.5,0.01,0.01,2328.893318,1776396087000
1776396089.614,89.614,0.27,34.1,0.26,80.5,0.28,80.33,0.29,73.36,0.72,78.91,0.71,73.36,0.73,39.1,0.74,80.5,0.01,0.01,2328.894099,1776396088000
1776396091.772,91.772,0.27,176.5,0.26,97.5,0.28,30.78,0.29,33.67,0.72,80.33,0.71,73.36,0.73,34.1,0.74,80.5,0.01,0.01,2328.892912,1776396090000
1776396092.31,92.31,0.33,240.68,0.32,31.5,0.34,150.68,0.35,44.69,0.66,24.5,0.65,41.69,0.67,229.33,0.68,16.0,0.01,0.01,2328.887669,1776396091000
1776396092.724,92.724,0.33,239.03,0.32,31.5,0.34,146.68,0.35,36.0,0.66,150.68,0.65,44.69,0.67,240.68,0.68,31.5,0.01,0.01,2328.887669,1776396091000
1776396092.971,92.971,0.33,229.03,0.32,31.5,0.34,157.83,0.35,36.0,0.66,146.68,0.65,36.0,0.67,239.03,0.68,31.5,0.01,0.01,2328.887669,1776396091000
1776396093.394,93.394,0.33,249.03,0.32,31.5,0.34,91.35,0.35,35.5,0.66,157.83,0.65,36.0,0.67,229.03,0.68,31.5,0.01,0.01,2328.893353,1776396092000
1776396094.319,94.319,0.33,113.31,0.32,5.0,0.34,116.64,0.35,40.5,0.66,91.35,0.65,35.5,0.67,232.18,0.68,31.5,0.01,0.01,2328.893353,1776396092000
1776396095.175,95.175,0.33,83.1,0.32,5.0,0.34,121.64,0.35,40.5,0.66,121.64,0.65,40.5,0.67,92.1,0.68,5.0,0.01,0.01,2329.168363,1776396093000
1776396095.932,95.932,0.33,123.1,0.32,25.5,0.34,105.64,0.35,47.19,0.66,121.64,0.65,40.5,0.67,83.1,0.68,5.0,0.01,0.01,2329.181394,1776396094000
1776396096.302,96.302,0.33,127.59,0.32,25.5,0.34,100.64,0.35,47.19,0.66,100.64,0.65,47.19,0.67,128.1,0.68,25.5,0.01,0.01,2329.181394,1776396094000
1776396096.947,96.947,0.33,113.94,0.32,25.5,0.34,100.64,0.35,47.19,0.66,100.64,0.65,47.19,0.67,127.59,0.68,25.5,0.01,0.01,2329.174074,1776396095000
1776396097.168,97.168,0.33,113.94,0.32,25.5,0.34,105.64,0.35,47.19,0.66,100.64,0.65,47.19,0.67,113.94,0.68,25.5,0.01,0.01,2329.152909,1776396096000
1776396099.293,99.293,0.33,126.33,0.32,25.5,0.34,21.44,0.35,15.0,0.66,100.64,0.65,47.19,0.67,105.52,0.68,25.5,0.01,0.01,2329.164212,1776396097000
1776396100.795,100.795,0.33,126.33,0.32,25.5,0.34,4.61,0.35,5.0,0.66,7.56,0.65,15.0,0.67,150.33,0.68,25.5,0.01,0.01,2329.175444,1776396099000
1776396101.369,101.369,0.33,120.33,0.32,25.5,0.34,4.61,0.35,5.0,0.66,4.61,0.65,5.0,0.67,126.33,0.68,25.5,0.01,0.01,2329.198946,1776396100000
1776396102.829,102.829,0.33,93.27,0.32,25.5,0.34,4.61,0.35,34.2,0.66,4.61,0.65,5.0,0.67,120.33,0.68,25.5,0.01,0.01,2329.198946,1776396100000
1776396103.485,103.485,0.33,88.92,0.32,25.5,0.34,4.61,0.35,39.2,0.66,4.61,0.65,34.2,0.67,93.27,0.68,25.5,0.01,0.01,2329.249997,1776396101000
1776396104.955,104.955,0.33,78.92,0.32,25.5,0.34,33.86,0.35,20.0,0.66,4.61,0.65,39.2,0.67,88.92,0.68,25.5,0.01,0.01,2329.298561,1776396103000
1776396107.87,107.87,0.33,96.92,0.32,44.5,0.35,5.0,0.36,5.0,0.66,33.86,0.65,20.0,0.67,78.92,0.68,25.5,0.02,0.01,2329.297489,1776396106000
1776396108.472,108.472,0.38,57.0,0.37,20.0,0.39,110.04,0.4,33.0,0.61,11.49,0.6,39.0,0.63,5.0,0.64,25.5,0.01,0.02,2329.308094,1776396107000
1776396110.331,110.331,0.38,7.0,0.37,10.0,0.39,158.46,0.4,33.0,0.61,110.04,0.6,33.0,0.62,57.0,0.63,20.0,0.01,0.01,2329.309199,1776396108000
1776396110.597,110.597,0.38,1.91,0.37,10.0,0.39,158.46,0.4,33.0,0.61,158.46,0.6,33.0,0.62,7.0,0.63,10.0,0.01,0.01,2329.373897,1776396109000
1776396110.861,110.861,0.29,5.0,0.28,38.0,0.38,101.5,0.39,220.46,0.61,158.46,0.6,33.0,0.62,1.91,0.63,10.0,0.09,0.01,2329.373897,1776396109000
1776396111.442,111.442,0.28,0.5,0.27,88.0,0.29,20.0,0.3,25.0,0.7,83.0,0.69,25.5,0.72,18.5,0.73,88.0,0.01,0.02,2329.433091,1776396110000
1776396112.045,112.045,0.27,101.0,0.26,90.13,0.28,59.71,0.29,20.0,0.71,50.0,0.7,25.0,0.73,83.5,0.74,90.13,0.01,0.02,2329.433091,1776396110000
1776396113.518,113.518,0.27,20.0,0.26,24.63,0.28,114.71,0.29,35.5,0.72,59.71,0.71,20.0,0.73,101.0,0.74,90.13,0.01,0.01,2329.232255,1776396112000
1776396113.928,113.928,0.25,42.13,0.24,33.0,0.28,119.71,0.29,35.5,0.72,114.71,0.71,35.5,0.73,20.0,0.74,24.63,0.03,0.01,2329.232255,1776396112000
1776396114.237,114.237,0.25,41.5,0.24,33.0,0.26,108.87,0.27,20.0,0.72,119.71,0.71,35.5,0.75,42.13,0.76,33.0,0.01,0.03,2329.232255,1776396112000
1776396115.337,115.337,0.25,41.5,0.24,33.0,0.26,90.87,0.27,20.0,0.74,108.87,0.73,20.0,0.75,41.5,0.76,33.0,0.01,0.01,2329.197116,1776396113000
1776396115.807,115.807,0.25,46.5,0.24,33.0,0.26,84.33,0.27,20.0,0.74,90.87,0.73,20.0,0.75,41.5,0.76,33.0,0.01,0.01,2329.187566,1776396114000
1776396116.077,116.077,0.25,6.0,0.24,43.5,0.26,80.03,0.27,20.0,0.74,84.33,0.73,20.0,0.75,46.5,0.76,33.0,0.01,0.01,2329.137302,1776396115000
1776396117.147,117.147,0.24,38.5,0.23,34.0,0.26,80.03,0.27,20.0,0.74,80.03,0.73,20.0,0.75,6.0,0.76,43.5,0.02,0.01,2329.137302,1776396115000
1776396121.114,121.114,0.25,65.5,0.24,55.5,0.27,5.0,0.28,6.71,0.74,80.03,0.73,20.0,0.76,38.5,0.77,34.0,0.02,0.02,2329.123701,1776396119000
1776396122.38,122.38,0.26,156.5,0.25,66.5,0.28,6.71,0.29,5.0,0.73,5.0,0.72,6.71,0.75,65.5,0.76,55.5,0.02,0.02,2329.131079,1776396121000
1776396123.442,123.442,0.32,160.5,0.31,44.0,0.35,5.14,0.36,10.0,0.71,0.47,0.69,6.0,0.73,31.5,0.74,148.5,0.03,0.02,2329.18475,1776396122000
1776396123.769,123.769,0.36,0.53,0.35,19.0,0.38,25.4,0.39,25.5,0.62,10.4,0.61,25.5,0.63,22.0,0.64,15.0,0.02,0.01,2329.18475,1776396122000
1776396124.083,124.083,0.36,18.0,0.35,15.0,0.37,21.29,0.38,25.4,0.62,25.4,0.61,25.5,0.64,0.53,0.65,19.0,0.01,0.02,2329.18475,1776396122000
1776396124.722,124.722,0.36,29.37,0.35,21.0,0.37,6.29,0.38,20.4,0.63,21.29,0.62,25.4,0.64,18.0,0.65,15.0,0.01,0.01,2329.202975,1776396123000
1776396127.088,127.088,0.36,14.55,0.35,21.0,0.37,18.29,0.38,20.4,0.63,6.29,0.62,20.4,0.64,29.37,0.65,21.0,0.01,0.01,2329.455751,1776396125000
1776396130.565,130.565,0.35,47.55,0.34,30.0,0.36,10.5,0.37,16.29,0.63,18.29,0.62,20.4,0.65,17.55,0.66,35.0,0.01,0.02,2329.452238,1776396129000
1776396132.118,132.118,0.35,27.55,0.34,30.0,0.36,15.5,0.37,16.29,0.64,10.5,0.63,16.29,0.65,47.55,0.66,30.0,0.01,0.01,2329.449924,1776396130000
1776396132.942,132.942,0.35,41.17,0.34,30.0,0.36,20.5,0.37,21.29,0.64,15.5,0.63,16.29,0.65,27.55,0.66,30.0,0.01,0.01,2329.455348,1776396131000
1776396135.109,135.109,0.35,14.63,0.34,30.0,0.36,35.5,0.37,21.29,0.64,20.5,0.63,21.29,0.65,41.17,0.66,30.0,0.01,0.01,2329.452658,1776396133000
1776396137.13,137.13,0.34,28.63,0.33,40.5,0.36,42.5,0.37,21.29,0.64,35.5,0.63,21.29,0.65,14.63,0.66,30.0,0.02,0.01,2329.441567,1776396135000
1776396141.959,141.959,0.34,10.0,0.33,30.0,0.35,61.78,0.36,35.5,0.64,42.5,0.63,21.29,0.66,28.63,0.67,40.5,0.01,0.02,2329.416936,1776396140000
1776396146.394,146.394,0.34,13.48,0.33,30.0,0.35,61.78,0.36,35.5,0.65,61.78,0.64,35.5,0.66,10.0,0.67,30.0,0.01,0.01,2329.418219,1776396145000
1776396147.053,147.053,0.33,32.98,0.32,40.5,0.35,21.78,0.36,35.5,0.65,61.78,0.64,35.5,0.66,13.48,0.67,30.0,0.02,0.01,2329.418219,1776396145000
1776396148.903,148.903,0.34,4.92,0.33,22.98,0.35,41.78,0.36,119.49,0.65,21.78,0.64,35.5,0.67,32.98,0.68,40.5,0.01,0.02,2329.418803,1776396147000
1776396150.848,150.848,0.34,25.42,0.33,22.98,0.36,93.49,0.37,107.44,0.65,41.78,0.64,119.49,0.66,4.92,0.67,22.98,0.02,0.01,2329.4229,1776396149000
1776396152.484,152.484,0.34,17.38,0.33,22.98,0.36,98.49,0.37,107.44,0.64,93.49,0.63,107.44,0.66,18.9,0.67,22.98,0.02,0.02,2329.423101,1776396151000
1776396152.85,152.85,0.34,9.8,0.33,22.98,0.36,93.49,0.37,107.44,0.64,98.49,0.63,107.44,0.66,17.38,0.67,22.98,0.02,0.02,2329.423101,1776396151000
1776396153.355,153.355,0.34,4.0,0.33,22.98,0.35,26.99,0.36,93.49,0.64,93.49,0.63,107.44,0.66,9.8,0.67,22.98,0.01,0.02,2329.423101,1776396152000
1776396154.215,154.215,0.34,7.48,0.33,22.98,0.35,26.99,0.36,108.99,0.65,26.99,0.64,93.49,0.66,4.0,0.67,22.98,0.01,0.01,2329.420106,1776396153000
1776396156.952,156.952,0.33,15.46,0.32,40.5,0.35,15.0,0.36,108.99,0.65,26.99,0.64,108.99,0.66,7.48,0.67,22.98,0.02,0.01,2329.419196,1776396155000
1776396158.199,158.199,0.33,25.46,0.32,40.5,0.34,15.39,0.35,15.0,0.65,15.0,0.64,108.99,0.67,15.46,0.68,40.5,0.01,0.02,2329.455649,1776396157000
1776396166.468,166.468,0.2,9.0,0.18,16.0,0.29,7.04,0.31,78.04,0.66,15.39,0.65,15.0,0.67,25.46,0.68,40.5,0.09,0.01,2329.386787,1776396165000
1776396166.877,166.877,0.22,16.78,0.18,16.0,0.25,70.0,0.26,140.0,0.72,6.94,0.71,7.04,0.8,9.0,0.82,16.0,0.03,0.08,2329.386787,1776396165000
1776396167.211,167.211,0.21,7.0,0.19,25.5,0.24,203.5,0.25,190.12,0.75,65.12,0.74,140.0,0.78,3.09,0.81,47.0,0.03,0.03,2329.382097,1776396166000
1776396167.532,167.532,0.19,14.5,0.18,15.0,0.24,273.5,0.25,197.27,0.76,203.5,0.75,190.12,0.79,7.0,0.81,25.5,0.05,0.03,2329.382097,1776396166000
1776396168.037,168.037,0.2,21.0,0.19,14.5,0.23,0.92,0.24,278.5,0.76,273.5,0.75,197.27,0.81,14.5,0.82,15.0,0.03,0.05,2329.382097,1776396166000
1776396170.994,170.994,0.19,4.93,0.18,25.5,0.2,84.45,0.21,95.5,0.77,0.92,0.76,271.5,0.8,21.0,0.81,14.5,0.01,0.03,2329.032979,1776396170000
1776396172.164,172.164,0.19,125.43,0.18,25.5,0.2,0.95,0.22,5.0,0.8,84.45,0.79,95.5,0.81,4.93,0.82,25.5,0.01,0.01,2329.032979,1776396170000
1776396172.395,172.395,0.27,64.0,0.26,10.0,0.28,16.89,0.29,22.5,0.72,17.89,0.71,43.49,0.81,297.43,0.82,48.5,0.01,0.09,2329.024581,1776396171000
1776396173.623,173.623,0.27,86.5,0.26,36.5,0.28,6.39,0.29,28.0,0.72,16.89,0.71,22.5,0.73,64.0,0.74,10.0,0.01,0.01,2328.984949,1776396172000
1776396174.008,174.008,0.27,86.5,0.26,36.5,0.28,29.03,0.29,28.0,0.72,6.39,0.71,28.0,0.73,86.5,0.74,36.5,0.01,0.01,2328.984949,1776396172000
1776396174.608,174.608,0.27,81.5,0.26,36.5,0.28,29.03,0.29,10.5,0.72,29.03,0.71,28.0,0.73,86.5,0.74,36.5,0.01,0.01,2329.00379,1776396173000
1776396175.097,175.097,0.27,74.99,0.26,26.0,0.28,29.03,0.29,10.5,0.72,29.03,0.71,10.5,0.73,76.5,0.74,36.5,0.01,0.01,2329.00379,1776396173000
1776396175.415,175.415,0.27,77.15,0.26,26.0,0.28,29.03,0.29,10.5,0.72,29.03,0.71,10.5,0.73,74.99,0.74,26.0,0.01,0.01,2329.00379,1776396173000
1776396175.747,175.747,0.27,61.01,0.26,26.0,0.3,28.1,0.31,16.8,0.72,29.03,0.71,10.5,0.73,77.15,0.74,26.0,0.03,0.01,2329.216543,1776396174000
1776396176.274,176.274,0.35,7.68,0.34,16.0,0.38,8.84,0.4,18.84,0.63,3.33,0.6,10.0,0.67,12.83,0.72,10.0,0.03,0.04,2329.225675,1776396175000
1776396177.164,177.164,0.39,19.01,0.38,16.0,0.4,10.0,0.41,12.0,0.62,8.84,0.6,18.84,0.65,7.68,0.66,16.0,0.01,0.03,2329.225675,1776396175000
1776396177.441,177.441,0.39,59.86,0.38,16.0,0.4,2.85,0.41,10.0,0.6,10.0,0.59,12.0,0.61,40.86,0.62,16.0,0.01,0.01,2329.244807,1776396176000
1776396177.709,177.709,0.39,16.65,0.38,21.0,0.41,7.63,0.42,15.0,0.58,10.0,0.57,10.0,0.59,40.0,0.61,21.65,0.02,0.01,2329.244807,1776396176000
1776396178.68,178.68,0.39,11.86,0.38,26.5,0.4,15.0,0.41,18.13,0.6,18.29,0.59,7.63,0.61,16.65,0.62,16.0,0.01,0.01,2329.539404,1776396177000
1776396179.084,179.084,0.37,22.0,0.35,5.0,0.4,71.57,0.41,31.13,0.6,15.0,0.59,18.13,0.61,11.86,0.62,26.5,0.03,0.01,2329.539404,1776396177000
1776396181.806,181.806,0.35,13.1,0.34,31.5,0.36,10.0,0.37,10.0,0.6,71.57,0.59,31.13,0.63,22.0,0.65,5.0,0.01,0.03,2329.646173,1776396180000
1776396182.06,182.06,0.35,4.51,0.34,41.5,0.36,6.08,0.37,10.0,0.64,11.08,0.63,10.0,0.65,11.13,0.66,41.5,0.01,0.01,2329.658148,1776396181000
1776396184.873,184.873,0.35,63.01,0.34,51.5,0.36,3.3,0.37,10.0,0.64,6.08,0.63,10.0,0.65,4.51,0.66,41.5,0.01,0.01,2329.66171,1776396183000
1776396191.108,191.108,0.36,82.0,0.35,88.94,0.38,10.0,0.39,20.5,0.64,3.3,0.63,10.0,0.65,63.01,0.66,51.5,0.02,0.01,2329.73095,1776396190000
1776396195.901,195.901,0.37,15.0,0.36,68.93,0.4,10.96,0.41,12.63,0.62,10.0,0.61,20.5,0.64,82.0,0.65,88.94,0.03,0.02,2329.728804,1776396194000
1776396196.844,196.844,0.43,15.0,0.42,15.0,0.48,33.99,0.49,5.0,0.56,16.0,0.55,64.0,0.63,5.0,0.64,78.93,0.05,0.07,2329.737596,1776396195000
1776396197.853,197.853,0.47,15.0,0.46,40.93,0.48,12.0,0.49,20.0,0.52,33.99,0.51,5.0,0.57,15.0,0.58,15.0,0.01,0.05,2329.745091,1776396196000
1776396198.104,198.104,0.47,53.55,0.46,31.0,0.48,12.0,0.49,20.0,0.52,12.0,0.51,20.0,0.53,15.0,0.54,40.93,0.01,0.01,2329.745568,1776396197000
1776396198.469,198.469,0.47,58.18,0.46,44.0,0.49,20.0,0.5,31.9,0.52,5.0,0.51,20.0,0.53,59.11,0.54,44.0,0.02,0.01,2329.745568,1776396197000
1776396201.179,201.179,0.47,37.11,0.46,36.0,0.48,32.5,0.49,15.0,0.51,20.0,0.5,31.9,0.53,58.18,0.54,44.0,0.01,0.02,2329.854113,1776396199000
1776396202.115,202.115,0.47,29.11,0.46,20.0,0.48,32.5,0.49,15.0,0.52,32.5,0.51,15.0,0.53,37.11,0.54,36.0,0.01,0.01,2329.881872,1776396200000
1776396205.807,205.807,0.47,30.41,0.46,36.0,0.48,27.08,0.49,15.0,0.52,32.5,0.51,15.0,0.53,25.41,0.54,36.0,0.01,0.01,2329.89485,1776396204000
1776396209.572,209.572,0.46,26.0,0.44,39.0,0.48,49.58,0.49,85.0,0.52,27.08,0.51,15.0,0.53,30.41,0.54,36.0,0.02,0.01,2329.892369,1776396208000
1776396209.807,209.807,0.46,16.0,0.44,39.0,0.47,20.5,0.48,30.5,0.52,49.58,0.51,85.0,0.54,21.0,0.56,39.0,0.01,0.02,2329.892369,1776396208000
1776396210.511,210.511,0.37,29.0,0.36,25.0,0.42,10.0,0.44,16.0,0.54,80.0,0.53,90.5,0.55,5.0,0.56,39.0,0.05,0.01,2329.854277,1776396209000
1776396210.896,210.896,0.3,17.1,0.2,10.0,0.31,20.1,0.36,162.0,0.64,45.0,0.63,116.0,0.65,40.9,0.66,5.0,0.01,0.01,2329.854277,1776396209000
1776396211.247,211.247,0.16,86.8,0.15,38.2,0.2,85.0,0.22,80.0,0.69,20.1,0.64,162.0,0.7,17.1,0.8,10.0,0.04,0.01,2329.814464,1776396210000
1776396211.555,211.555,0.17,10.0,0.16,86.8,0.18,98.57,0.19,29.0,0.8,85.0,0.78,80.0,0.84,86.8,0.85,38.2,0.01,0.04,2329.814464,1776396210000
1776396212.459,212.459,0.17,9.29,0.16,89.0,0.18,110.57,0.19,58.0,0.82,98.57,0.81,29.0,0.83,10.0,0.84,86.8,0.01,0.01,2329.804405,1776396211000
1776396212.801,212.801,0.17,2.66,0.16,89.0,0.18,153.73,0.19,58.0,0.82,110.57,0.81,58.0,0.83,9.29,0.84,89.0,0.01,0.01,2329.804405,1776396211000
1776396213.224,213.224,0.17,3.97,0.16,94.38,0.18,71.5,0.19,85.5,0.82,158.73,0.81,58.0,0.84,83.88,0.85,10.0,0.01,0.02,2329.261476,1776396212000
1776396214.415,214.415,0.17,172.63,0.16,65.38,0.2,17.0,0.22,59.66,0.82,71.5,0.81,85.5,0.83,3.97,0.84,94.38,0.03,0.01,2329.070245,1776396213000
1776396215.047,215.047,0.19,61.84,0.18,20.5,0.2,21.0,0.22,53.66,0.8,17.0,0.78,59.66,0.81,19.2,0.82,10.0,0.01,0.01,2329.005604,1776396214000
1776396215.263,215.263,0.19,56.28,0.18,20.5,0.2,21.0,0.22,53.66,0.8,21.0,0.78,53.66,0.81,61.84,0.82,20.5,0.01,0.01,2329.005604,1776396214000
1776396215.962,215.962,0.19,62.77,0.18,20.5,0.2,13.28,0.22,43.16,0.8,21.0,0.78,53.66,0.81,52.77,0.82,20.5,0.01,0.01,2329.012481,1776396215000
1776396216.471,216.471,0.19,44.77,0.18,20.5,0.2,11.0,0.22,43.16,0.8,13.28,0.78,43.16,0.81,62.77,0.82,20.5,0.01,0.01,2329.012481,1776396215000
1776396217.038,217.038,0.21,44.0,0.19,58.77,0.23,49.16,0.28,10.0,0.8,11.0,0.78,43.16,0.81,44.77,0.82,20.5,0.02,0.01,2329.107567,1776396216000
1776396217.451,217.451,0.22,3.68,0.21,66.0,0.23,6.0,0.3,10.0,0.77,49.16,0.72,10.0,0.79,44.0,0.81,58.77,0.01,0.02,2329.107567,1776396216000
1776396218.408,218.408,0.22,10.68,0.21,83.0,0.26,10.0,0.27,39.0,0.77,6.0,0.7,10.0,0.78,3.68,0.79,66.0,0.04,0.01,2329.119536,1776396217000
1776396218.663,218.663,0.24,11.71,0.23,26.0,0.26,15.0,0.27,39.0,0.74,10.0,0.73,39.0,0.78,10.68,0.79,83.0,0.02,0.04,2329.119536,1776396217000
1776396218.908,218.908,0.25,5.0,0.24,6.71,0.26,13.81,0.27,39.0,0.74,15.0,0.73,39.0,0.76,11.71,0.77,26.0,0.01,0.02,2329.173315,1776396218000
1776396219.196,219.196,0.24,19.81,0.23,10.0,0.26,8.81,0.27,39.0,0.74,13.81,0.73,39.0,0.75,5.0,0.76,6.71,0.02,0.01,2329.173315,1776396218000
1776396220.268,220.268,0.29,30.0,0.28,26.0,0.31,0.26,0.33,38.0,0.74,22.46,0.73,44.0,0.75,5.0,0.76,19.81,0.02,0.01,2329.231543,1776396219000
1776396221.321,221.321,0.28,26.5,0.27,35.5,0.31,104.75,0.32,25.0,0.69,0.26,0.67,38.0,0.71,30.0,0.72,26.0,0.03,0.02,2329.231543,1776396219000
1776396221.808,221.808,0.27,35.5,0.26,26.5,0.28,4.0,0.29,15.0,0.69,104.75,0.68,25.0,0.72,26.5,0.73,35.5,0.01,0.03,2329.269475,1776396220000
1776396223.041,223.041,0.27,14.13,0.26,55.5,0.28,11.0,0.29,82.0,0.72,4.0,0.71,15.0,0.73,35.5,0.74,26.5,0.01,0.01,2329.349606,1776396221000
1776396223.391,223.391,0.28,16.5,0.27,26.5,0.29,53.0,0.3,19.83,0.71,77.0,0.7,19.83,0.73,19.13,0.74,55.5,0.01,0.02,2329.405408,1776396222000
1776396226.651,226.651,0.27,15.5,0.26,60.5,0.28,35.47,0.29,21.99,0.71,53.0,0.7,19.83,0.72,16.5,0.73,26.5,0.01,0.01,2329.406752,1776396225000
1776396227.67,227.67,0.27,15.5,0.26,49.5,0.28,41.59,0.29,30.99,0.72,35.47,0.71,21.99,0.73,15.5,0.74,60.5,0.01,0.01,2329.409427,1776396226000
1776396227.889,227.889,0.27,53.5,0.26,65.5,0.29,10.0,0.3,31.33,0.72,41.59,0.71,30.99,0.73,15.5,0.74,49.5,0.02,0.01,2329.409427,1776396226000
1776396232.832,232.832,0.26,20.5,0.25,70.5,0.28,1.17,0.29,40.49,0.71,15.0,0.7,31.33,0.73,35.43,0.74,65.5,0.02,0.02,2329.454804,1776396231000
1776396233.23,233.23,0.26,15.5,0.25,41.5,0.27,5.0,0.28,20.5,0.72,1.17,0.71,40.49,0.74,20.5,0.75,70.5,0.01,0.02,2329.454804,1776396231000
1776396236.341,236.341,0.26,10.94,0.25,31.0,0.27,25.5,0.28,63.49,0.73,5.0,0.72,20.5,0.74,15.5,0.75,41.5,0.01,0.01,2329.458109,1776396234000
1776396237.998,237.998,0.25,18.66,0.24,37.81,0.27,81.5,0.28,55.33,0.73,25.5,0.72,63.49,0.74,10.94,0.75,31.0,0.02,0.01,2329.454174,1776396236000
1776396240.561,240.561,0.25,15.99,0.24,37.81,0.26,67.63,0.27,54.99,0.73,81.5,0.72,55.33,0.75,18.66,0.76,37.81,0.01,0.02,2329.458666,1776396239000
1776396241.475,241.475,0.22,10.04,0.21,88.0,0.23,16.0,0.24,10.0,0.74,67.63,0.73,54.99,0.76,19.6,0.77,15.0,0.01,0.02,2329.458666,1776396239000
1776396242.527,242.527,0.21,88.0,0.2,15.0,0.23,21.0,0.24,10.0,0.77,16.0,0.76,10.0,0.78,10.04,0.79,88.0,0.02,0.01,2329.42644,1776396241000
1776396243.161,243.161,0.23,25.0,0.22,28.0,0.24,33.0,0.25,44.0,0.77,21.0,0.76,10.0,0.79,88.0,0.8,15.0,0.01,0.02,2329.42644,1776396241000
1776396246.697,246.697,0.22,10.0,0.21,10.0,0.24,96.36,0.25,31.99,0.76,33.0,0.75,44.0,0.77,25.0,0.78,28.0,0.02,0.01,2329.385355,1776396245000
1776396248.062,248.062,0.22,7.89,0.21,10.0,0.23,69.99,0.24,56.0,0.76,96.36,0.75,31.99,0.78,10.0,0.79,10.0,0.01,0.02,2329.354981,1776396246000
1776396248.466,248.466,0.2,8.58,0.19,10.0,0.21,15.0,0.22,78.0,0.77,69.99,0.76,56.0,0.78,7.89,0.79,10.0,0.01,0.01,2329.354981,1776396246000
1776396249.074,249.074,0.2,2.33,0.19,10.0,0.21,74.0,0.22,49.99,0.79,15.0,0.78,78.0,0.8,8.58,0.81,10.0,0.01,0.01,2329.356118,1776396247000
1776396249.894,249.894,0.18,10.0,0.17,67.97,0.19,104.46,0.2,26.36,0.79,74.0,0.78,49.99,0.8,2.33,0.81,10.0,0.01,0.01,2329.360763,1776396248000
1776396250.625,250.625,0.17,52.15,0.16,105.88,0.18,63.99,0.19,25.47,0.81,104.46,0.8,26.36,0.82,10.0,0.83,67.97,0.01,0.01,2329.327399,1776396249000
1776396251.147,251.147,0.17,39.67,0.16,105.88,0.18,81.99,0.19,25.47,0.82,63.99,0.81,25.47,0.83,52.15,0.84,105.88,0.01,0.01,2329.32618,1776396250000
1776396251.384,251.384,0.17,34.6,0.16,105.88,0.18,86.99,0.19,25.47,0.82,81.99,0.81,25.47,0.83,39.67,0.84,105.88,0.01,0.01,2329.32618,1776396250000
1776396252.03,252.03,0.17,26.0,0.16,134.88,0.18,68.99,0.19,25.47,0.82,78.99,0.81,25.47,0.83,34.6,0.84,105.88,0.01,0.01,2329.32618,1776396250000
1776396253.105,253.105,0.17,0.67,0.16,113.88,0.18,94.99,0.19,25.47,0.82,68.99,0.81,25.47,0.83,16.67,0.84,134.88,0.01,0.01,2329.273043,1776396252000
1776396253.744,253.744,0.16,74.88,0.15,15.0,0.17,88.01,0.18,31.0,0.82,94.99,0.81,25.47,0.83,0.67,0.84,113.88,0.01,0.01,2329.273043,1776396252000
1776396254.162,254.162,0.16,106.59,0.15,45.0,0.17,72.01,0.18,21.0,0.83,88.01,0.82,31.0,0.84,74.88,0.85,15.0,0.01,0.01,2329.273043,1776396252000
1776396254.846,254.846,0.11,44.49,0.1,20.0,0.13,106.36,0.14,50.0,0.83,72.01,0.82,21.0,0.84,106.59,0.85,45.0,0.02,0.01,2329.24713,1776396253000
1776396255.047,255.047,0.11,32.38,0.1,20.0,0.12,73.36,0.13,79.36,0.87,121.36,0.86,50.0,0.89,34.41,0.9,20.0,0.01,0.02,2329.24713,1776396253000
1776396255.629,255.629,0.1,15.0,0.09,32.12,0.11,48.0,0.12,54.36,0.88,128.36,0.87,59.36,0.9,20.0,0.91,32.12,0.01,0.02,2329.246486,1776396254000
1776396255.9,255.9,0.09,16.02,0.08,34.0,0.1,20.0,0.11,91.0,0.89,43.0,0.88,54.36,0.9,9.63,0.91,32.12,0.01,0.01,2329.246486,1776396254000
1776396256.135,256.135,0.09,25.92,0.08,56.0,0.1,152.78,0.11,99.0,0.9,193.78,0.89,99.0,0.91,6.02,0.92,56.0,0.01,0.01,2329.246486,1776396254000
1776396256.363,256.363,0.09,6.8,0.08,56.0,0.1,26.0,0.11,50.0,0.9,102.36,0.89,110.0,0.91,0.6,0.92,56.0,0.01,0.01,2329.246486,1776396254000
1776396257.092,257.092,0.1,35.13,0.09,6.8,0.11,50.0,0.12,26.0,0.89,50.0,0.87,10.0,0.91,11.8,0.92,56.0,0.01,0.02,2329.259162,1776396255000
1776396257.785,257.785,0.1,54.0,0.09,71.8,0.12,14.24,0.14,10.0,0.89,50.0,0.88,26.0,0.9,35.13,0.91,6.8,0.02,0.01,2329.217662,1776396256000
1776396259.254,259.254,0.13,10.54,0.12,39.0,0.14,63.36,0.15,49.0,0.85,29.91,0.84,76.0,0.9,54.0,0.91,71.8,0.01,0.05,2329.059921,1776396257000
1776396260.524,260.524,0.13,10.54,0.12,39.0,0.14,96.84,0.15,77.2,0.86,63.36,0.85,49.0,0.87,10.54,0.88,39.0,0.01,0.01,2329.055421,1776396258000
1776396261.41,261.41,0.13,10.54,0.12,39.0,0.14,138.73,0.15,77.2,0.86,96.84,0.85,77.2,0.87,10.54,0.88,39.0,0.01,0.01,2329.091079,1776396260000
1776396262.196,262.196,0.13,70.54,0.12,49.0,0.14,1.41,0.15,48.0,0.86,138.73,0.85,77.2,0.87,10.54,0.88,39.0,0.01,0.01,2329.091079,1776396260000
1776396262.606,262.606,0.16,28.59,0.15,10.0,0.17,83.35,0.18,24.0,0.81,22.34,0.8,32.5,0.86,20.0,0.87,55.0,0.01,0.05,2329.108669,1776396261000
1776396263.399,263.399,0.16,2.94,0.15,10.0,0.17,88.35,0.18,48.4,0.83,88.35,0.82,24.0,0.84,5.3,0.85,10.0,0.01,0.01,2329.11914,1776396262000
1776396263.693,263.693,0.15,4.71,0.14,20.0,0.17,88.35,0.18,48.4,0.83,88.35,0.82,48.4,0.84,2.94,0.85,10.0,0.02,0.01,2329.11914,1776396262000
1776396264.007,264.007,0.14,1.87,0.13,45.0,0.16,74.36,0.17,55.5,0.83,88.35,0.82,48.4,0.85,4.71,0.86,20.0,0.02,0.02,2329.11914,1776396262000
1776396264.646,264.646,0.13,41.87,0.12,39.0,0.15,85.35,0.16,24.0,0.85,13.0,0.84,74.36,0.86,1.87,0.87,45.0,0.02,0.01,2329.141863,1776396263000
1776396265.346,265.346,0.13,30.12,0.12,55.0,0.15,85.35,0.16,24.0,0.85,85.35,0.84,24.0,0.87,41.87,0.88,39.0,0.02,0.02,2329.141863,1776396263000
1776396265.552,265.552,0.13,25.12,0.12,45.0,0.15,85.35,0.16,50.8,0.85,85.35,0.84,24.0,0.87,30.12,0.88,55.0,0.02,0.02,2329.141863,1776396263000
1776396266.024,266.024,0.14,68.0,0.13,20.0,0.16,29.0,0.17,10.0,0.85,85.35,0.84,50.8,0.87,18.97,0.88,45.0,0.02,0.02,2329.182085,1776396264000
1776396267.059,267.059,0.14,42.83,0.13,10.0,0.15,27.36,0.16,30.0,0.84,29.0,0.83,10.0,0.86,68.0,0.87,20.0,0.01,0.02,2329.182164,1776396265000
1776396268.049,268.049,0.14,22.01,0.13,10.0,0.15,60.36,0.16,51.8,0.85,27.36,0.84,30.0,0.86,42.83,0.87,10.0,0.01,0.01,2329.16739,1776396266000
1776396270.42,270.42,0.12,10.0,0.11,82.0,0.13,78.16,0.14,60.9,0.85,60.36,0.84,51.8,0.86,22.01,0.87,10.0,0.01,0.01,2329.25813,1776396269000
1776396270.644,270.644,0.12,8.19,0.11,82.0,0.13,73.16,0.14,60.9,0.87,73.16,0.86,60.9,0.88,7.47,0.89,82.0,0.01,0.01,2329.25813,1776396269000
1776396271.33,271.33,0.11,40.03,0.1,45.0,0.13,73.16,0.14,60.9,0.87,73.16,0.86,60.9,0.89,71.03,0.9,15.0,0.02,0.02,2329.25813,1776396269000
1776396271.762,271.762,0.11,34.41,0.1,40.0,0.13,87.16,0.14,60.9,0.87,73.16,0.86,60.9,0.89,40.03,0.9,45.0,0.02,0.02,2329.230836,1776396270000
1776396272.887,272.887,0.11,39.3,0.1,40.0,0.12,52.1,0.13,38.8,0.87,87.16,0.86,60.9,0.89,34.41,0.9,40.0,0.01,0.02,2329.220564,1776396271000
1776396274.281,274.281,0.1,8.88,0.09,12.63,0.11,46.79,0.12,101.88,0.88,52.1,0.87,38.8,0.89,39.3,0.9,40.0,0.01,0.01,2329.215381,1776396272000
1776396275.134,275.134,0.09,57.63,0.08,86.0,0.1,62.38,0.11,39.0,0.89,46.79,0.88,101.88,0.9,8.88,0.91,12.63,0.01,0.01,2329.208231,1776396273000
1776396275.721,275.721,0.09,26.42,0.08,81.0,0.1,68.38,0.11,44.36,0.9,67.38,0.89,39.0,0.91,46.64,0.92,86.0,0.01,0.01,2329.208255,1776396274000
1776396276.005,276.005,0.09,38.42,0.08,81.0,0.1,23.38,0.11,44.36,0.9,68.38,0.89,44.36,0.91,26.42,0.92,81.0,0.01,0.01,2329.208255,1776396274000
1776396276.327,276.327,0.09,38.14,0.08,51.0,0.1,18.38,0.11,44.36,0.9,23.38,0.89,44.36,0.91,38.42,0.92,81.0,0.01,0.01,2329.208255,1776396274000
1776396276.979,276.979,0.09,19.16,0.08,51.0,0.1,23.92,0.11,55.36,0.9,18.38,0.89,44.36,0.91,38.14,0.92,51.0,0.01,0.01,2329.252638,1776396276000
1776396277.466,277.466,0.09,14.08,0.08,51.0,0.1,140.18,0.11,60.36,0.9,23.92,0.89,55.36,0.91,19.16,0.92,51.0,0.01,0.01,2329.252638,1776396276000
1776396277.768,277.768,0.09,1.23,0.08,51.0,0.1,140.18,0.11,60.36,0.9,140.18,0.89,60.36,0.91,12.71,0.92,51.0,0.01,0.01,2329.252638,1776396276000
1776396278.63,278.63,0.08,37.73,0.07,34.93,0.09,133.31,0.1,33.9,0.9,140.18,0.89,60.36,0.91,1.23,0.92,51.0,0.01,0.01,2329.249326,1776396277000
1776396279.679,279.679,0.07,34.93,0.06,111.0,0.09,133.31,0.1,49.53,0.91,133.31,0.9,33.9,0.92,17.56,0.93,34.93,0.02,0.01,2329.245992,1776396278000
1776396281.032,281.032,0.07,44.93,0.06,76.0,0.08,138.05,0.09,39.0,0.91,133.31,0.9,49.53,0.93,34.93,0.94,111.0,0.01,0.02,2329.245992,1776396279000
1776396281.295,281.295,0.07,19.93,0.06,76.0,0.08,138.05,0.09,39.0,0.92,138.05,0.91,39.0,0.93,44.93,0.94,76.0,0.01,0.01,2329.229981,1776396280000
1776396281.864,281.864,0.07,13.74,0.06,76.0,0.08,146.05,0.09,44.0,0.92,138.05,0.91,39.0,0.93,19.93,0.94,76.0,0.01,0.01,2329.229981,1776396280000
1776396282.858,282.858,0.07,11.38,0.06,122.0,0.08,158.05,0.09,73.0,0.92,146.05,0.91,44.0,0.93,13.74,0.94,76.0,0.01,0.01,2329.224781,1776396281000
1776396283.159,283.159,0.07,3.74,0.06,105.0,0.08,126.66,0.09,73.0,0.92,158.05,0.91,73.0,0.93,11.38,0.94,122.0,0.01,0.01,2329.224781,1776396281000
1776396283.427,283.427,0.07,77.74,0.06,181.0,0.1,17.54,0.14,12.0,0.92,126.66,0.91,73.0,0.93,3.74,0.94,105.0,0.03,0.01,2329.224781,1776396281000
1776396283.736,283.736,0.16,26.95,0.14,10.0,0.2,10.0,0.21,10.0,0.81,8.52,0.8,10.0,0.84,21.95,0.86,10.0,0.04,0.03,2329.226489,1776396282000
1776396283.98,283.98,0.16,3.33,0.15,16.0,0.17,190.7,0.18,50.0,0.83,34.0,0.82,50.0,0.84,8.47,0.85,16.0,0.01,0.01,2329.226489,1776396282000
1776396284.415,284.415,0.12,10.0,0.11,60.0,0.14,3.6,0.15,19.0,0.84,10.0,0.83,185.7,0.87,2.56,0.88,10.0,0.02,0.03,2329.226489,1776396283000
1776396285.332,285.332,0.12,4.31,0.11,60.0,0.13,180.0,0.14,25.6,0.86,3.6,0.85,19.0,0.88,10.0,0.89,60.0,0.01,0.02,2329.226489,1776396283000
1776396286.141,286.141,0.11,7.84,0.1,10.0,0.12,160.0,0.13,25.0,0.87,180.0,0.86,25.6,0.88,4.31,0.89,60.0,0.01,0.01,2329.304266,1776396284000
1776396286.451,286.451,0.11,17.52,0.1,10.0,0.12,166.0,0.13,25.0,0.88,160.0,0.87,25.0,0.89,7.84,0.9,10.0,0.01,0.01,2329.37038,1776396285000
1776396287.41,287.41,0.11,10.0,0.1,10.0,0.12,182.82,0.13,25.0,0.88,166.0,0.87,25.0,0.89,17.52,0.9,10.0,0.01,0.01,2329.370484,1776396286000
1776396287.912,287.912,0.1,8.77,0.09,10.0,0.12,196.82,0.13,25.0,0.88,182.82,0.87,25.0,0.89,10.0,0.9,10.0,0.02,0.01,2329.370484,1776396286000
1776396289.5,289.5,0.1,2.1,0.09,10.0,0.11,58.0,0.12,35.0,0.88,196.82,0.87,25.0,0.9,8.77,0.91,10.0,0.01,0.02,2329.377933,1776396288000
1776396290.358,290.358,0.07,13.74,0.06,126.0,0.1,65.0,0.11,25.0,0.89,58.0,0.88,35.0,0.9,2.1,0.91,10.0,0.03,0.01,2329.472986,1776396289000
1776396290.565,290.565,0.07,8.74,0.06,126.0,0.09,15.0,0.1,65.0,0.9,65.0,0.89,25.0,0.93,13.74,0.94,126.0,0.02,0.03,2329.472986,1776396289000
1776396291.287,291.287,0.07,7.08,0.06,96.0,0.09,31.0,0.1,65.0,0.91,15.0,0.9,65.0,0.93,8.74,0.94,126.0,0.02,0.02,2329.472986,1776396289000
1776396291.572,291.572,0.07,3.85,0.06,96.0,0.09,38.0,0.1,65.0,0.91,31.0,0.9,65.0,0.93,7.08,0.94,96.0,0.02,0.02,2329.403746,1776396290000
1776396291.874,291.874,0.07,2.77,0.06,125.0,0.08,25.0,0.09,38.0,0.91,38.0,0.9,65.0,0.93,3.85,0.94,96.0,0.01,0.02,2329.403746,1776396290000
1776396293.065,293.065,0.06,123.93,0.05,35.85,0.08,44.0,0.09,27.0,0.92,25.0,0.91,38.0,0.93,2.77,0.94,125.0,0.02,0.01,2329.402787,1776396291000
1776396293.894,293.894,0.11,89.0,0.1,33.0,0.17,0.82,0.18,10.0,0.93,10.0,0.92,15.0,0.94,112.97,0.95,35.85,0.06,0.01,2329.402867,1776396292000
1776396294.2,294.2,0.16,77.67,0.15,10.0,0.2,10.0,0.21,10.0,0.78,10.0,0.77,10.0,0.79,29.28,0.83,10.0,0.04,0.01,2329.401402,1776396293000
1776396294.432,294.432,0.17,3.98,0.16,60.0,0.21,1.9,0.22,10.0,0.81,10.0,0.8,10.0,0.83,3.98,0.84,65.0,0.04,0.02,2329.401402,1776396293000
1776396294.662,294.662,0.17,5.0,0.16,52.74,0.19,18.0,0.2,18.0,0.81,13.0,0.8,18.0,0.82,8.12,0.83,10.0,0.02,0.01,2329.401402,1776396293000
1776396295.008,295.008,0.2,14.0,0.18,119.5,0.21,9.0,0.27,30.0,0.81,7.39,0.8,10.0,0.83,5.79,0.84,52.74,0.01,0.02,2329.401402,1776396293000
1776396295.217,295.217,0.43,5.75,0.42,10.0,0.49,5.0,0.5,32.0,0.51,5.0,0.5,32.0,0.7,162.03,0.71,76.0,0.06,0.19,2329.401402,1776396293000
1776396295.512,295.512,0.7,16.0,0.69,10.0,0.71,49.98,0.76,50.0,0.29,24.78,0.24,50.0,0.34,10.0,0.35,10.0,0.01,0.05,2329.3885,1776396294000
1776396295.763,295.763,0.8,9.65,0.79,4.46,0.83,5.22,0.84,10.0,0.18,10.0,0.17,10.0,0.21,4.46,0.22,10.0,0.03,0.03,2329.3885,1776396294000
1776396295.975,295.975,0.81,15.0,0.8,10.0,0.82,6.37,0.83,5.22,0.18,10.0,0.17,5.22,0.21,4.11,0.22,10.0,0.01,0.03,2329.3885,1776396294000
1776396296.229,296.229,0.78,2.0,0.76,50.0,0.79,4.46,0.8,80.0,0.21,6.46,0.2,10.0,0.22,2.0,0.24,50.0,0.01,0.01,2329.3885,1776396294000
1776396296.441,296.441,0.61,14.68,0.57,10.0,0.72,10.0,0.73,10.0,0.23,12.4,0.22,10.0,0.29,80.0,0.3,14.28,0.11,0.06,2329.3885,1776396294000
1776396296.69,296.69,0.57,10.0,0.56,60.0,0.59,4.29,0.6,10.0,0.38,10.0,0.37,10.0,0.42,7.85,0.43,10.0,0.02,0.04,2329.3885,1776396294000
1776396296.987,296.987,0.6,6.0,0.59,15.0,0.64,10.0,0.65,10.0,0.32,0.36,0.31,10.0,0.41,15.0,0.42,10.0,0.04,0.09,2329.610782,1776396295000
1776396297.245,297.245,0.5,5.0,0.49,10.0,0.6,10.0,0.61,55.8,0.4,3.0,0.39,55.8,0.41,5.0,0.5,10.0,0.1,0.01,2329.610782,1776396295000
1776396297.469,297.469,0.53,10.0,0.52,10.0,0.61,23.86,0.62,10.0,0.45,3.1,0.44,10.0,0.47,10.0,0.48,10.0,0.08,0.02,2329.610782,1776396295000
1776396297.678,297.678,0.54,10.0,0.53,10.0,0.58,3.0,0.59,10.0,0.42,10.0,0.41,10.0,0.46,10.0,0.47,10.0,0.04,0.04,2329.610782,1776396295000
1776396297.903,297.903,0.37,10.0,0.34,10.0,0.38,5.0,0.39,10.0,0.42,8.0,0.41,10.0,0.96,57.46,0.97,141.0,0.01,0.54,2329.949288,1776396296000
1776396298.115,298.115,0.2,10.0,0.19,10.0,0.31,35.0,0.32,5.0,0.69,35.0,0.66,30.0,0.75,10.0,0.76,10.0,0.11,0.06,2329.949288,1776396296000
1776396298.444,298.444,0.34,4.41,0.33,10.0,0.35,14.14,0.36,60.0,0.65,7.14,0.64,60.0,0.66,137.17,0.72,10.0,0.01,0.01,2329.949288,1776396296000
1776396298.785,298.785,0.34,10.0,0.33,10.0,0.38,10.0,0.39,10.0,0.6,10.0,0.59,10.0,0.68,10.0,0.69,10.0,0.04,0.08,2329.964005,1776396297000
1776396299.084,299.084,0.29,39.32,0.27,10.0,0.31,4.85,0.32,10.0,0.69,6.0,0.68,10.0,0.71,39.32,0.73,10.0,0.02,0.02,2329.964005,1776396297000
1776396299.296,299.296,0.27,22.0,0.26,10.0,0.47,9.43,0.5,10.0,0.11,21.08,0.1,220.0,0.71,9.32,0.73,40.0,0.2,0.6,2330.020377,1776396298000
1776396299.521,299.521,0.19,16.0,0.18,10.0,0.6,10.61,0.8,70.2,0.4,18.61,0.2,70.2,0.81,2.0,0.82,10.0,0.41,0.41,2330.020377,1776396298000
1776396299.738,299.738,0.77,89.56,0.76,70.0,0.8,5.58,0.81,34.0,0.2,15.58,0.19,34.0,0.23,89.56,0.24,70.0,0.03,0.03,2330.020377,1776396298000
1776396299.939,299.939,0.5,123.96,0.4,12.0,0.88,60.0,0.89,21.08,0.12,70.0,0.11,21.08,0.5,123.96,0.6,12.0,0.38,0.38,2330.020377,1776396298000
1776396300.186,300.186,0.2,30.0,0.19,14.0,0.55,116.0,0.56,10.0,0.45,116.0,0.33,75.76,0.5,123.96,0.6,12.0,0.35,0.05,2330.020377,1776396298000
1776396300.389,300.389,0.2,65.2,0.19,4.0,0.45,100.56,0.5,18.0,0.55,108.75,0.5,18.0,0.8,65.2,0.81,4.0,0.25,0.25,2330.020377,1776396298000
1776396300.596,300.596,0.02,800.73,0.01,736.08,0.7,107.95,0.77,108.7,0.3,114.24,0.23,108.7,0.99,744.08,,,0.68,0.69,2330.020377,1776396298000
1776396300.803,300.803,0.02,795.62,0.01,736.08,0.7,98.69,0.77,108.7,0.3,98.69,0.23,108.7,0.98,800.73,0.99,736.08,0.68,0.68,2330.020377,1776396298000

# RESULT,winner=Up,slug=eth-updown-5m-1776396000,ticks=283
