timestamp,elapsed_sec,up_bid_p1,up_bid_s1,up_bid_p2,up_bid_s2,up_ask_p1,up_ask_s1,up_ask_p2,up_ask_s2,down_bid_p1,down_bid_s1,down_bid_p2,down_bid_s2,down_ask_p1,down_ask_s1,down_ask_p2,down_ask_s2,up_spread,down_spread,eth_price,eth_oracle_ts
1776216911.393,11.393,0.48,61.6,0.47,37.0,0.49,20.0,0.5,20.0,0.51,15.0,0.5,20.0,0.52,33.0,0.53,27.0,0.01,0.01,2335.316186,1776216909000
1776216911.791,11.791,0.48,29.0,0.47,32.0,0.49,20.0,0.5,15.0,0.51,15.0,0.5,20.0,0.52,33.0,0.53,27.0,0.01,0.01,2335.316186,1776216909000
1776216912.376,12.376,0.48,21.0,0.47,38.0,0.49,25.0,0.5,21.0,0.51,20.0,0.5,15.0,0.52,26.0,0.53,32.0,0.01,0.01,2335.315168,1776216910000
1776216912.89,12.89,0.48,2.75,0.47,38.0,0.49,35.0,0.5,21.0,0.51,25.0,0.5,21.0,0.52,21.0,0.53,38.0,0.01,0.01,2335.442196,1776216911000
1776216913.298,13.298,0.48,2.75,0.47,38.0,0.49,35.0,0.5,21.0,0.51,35.0,0.5,21.0,0.52,2.75,0.53,38.0,0.01,0.01,2335.353165,1776216912000
1776216913.953,13.953,0.48,2.75,0.47,38.0,0.49,35.0,0.5,21.0,0.51,35.0,0.5,21.0,0.52,2.75,0.53,38.0,0.01,0.01,2335.348277,1776216913000
1776216915.413,15.413,0.48,2.75,0.47,38.0,0.49,35.0,0.5,21.0,0.51,35.0,0.5,21.0,0.52,2.75,0.53,38.0,0.01,0.01,2335.341564,1776216914000
1776216916.108,16.108,0.48,2.75,0.47,38.0,0.49,35.0,0.5,21.0,0.51,35.0,0.5,21.0,0.52,2.75,0.53,38.0,0.01,0.01,2335.270247,1776216915000
1776216916.843,16.843,0.48,49.0,0.47,53.0,0.49,20.0,0.5,21.0,0.51,35.0,0.5,21.0,0.52,2.75,0.53,38.0,0.01,0.01,2335.270247,1776216915000
1776216917.449,17.449,0.48,32.15,0.47,53.0,0.49,20.0,0.5,21.0,0.51,20.0,0.5,21.0,0.52,49.0,0.53,53.0,0.01,0.01,2335.270247,1776216915000
1776216918.37,18.37,0.48,32.15,0.47,53.0,0.49,20.0,0.5,21.0,0.51,20.0,0.5,21.0,0.52,32.15,0.53,53.0,0.01,0.01,2335.26776,1776216917000
1776216919.709,19.709,0.48,32.15,0.47,53.0,0.49,20.0,0.5,21.0,0.51,20.0,0.5,21.0,0.52,32.15,0.53,53.0,0.01,0.01,2335.376525,1776216918000
1776216920.381,20.381,0.48,32.15,0.47,53.0,0.49,20.0,0.5,21.0,0.51,20.0,0.5,21.0,0.52,32.15,0.53,53.0,0.01,0.01,2335.376825,1776216919000
1776216921.221,21.221,0.48,32.15,0.47,53.0,0.49,20.0,0.5,21.0,0.51,20.0,0.5,21.0,0.52,32.15,0.53,53.0,0.01,0.01,2335.286514,1776216920000
1776216922.258,22.258,0.47,36.0,0.46,32.0,0.48,28.65,0.49,20.0,0.51,20.0,0.5,21.0,0.52,32.15,0.53,53.0,0.01,0.01,2335.286514,1776216920000
1776216922.509,22.509,0.47,36.0,0.46,32.0,0.48,18.65,0.49,20.0,0.52,18.65,0.51,20.0,0.53,36.0,0.54,32.0,0.01,0.01,2335.331889,1776216921000
1776216923.237,23.237,0.47,36.0,0.46,32.0,0.48,18.65,0.49,20.0,0.52,18.65,0.51,20.0,0.53,36.0,0.54,32.0,0.01,0.01,2335.290154,1776216922000
1776216923.473,23.473,0.47,39.11,0.46,32.0,0.48,18.65,0.49,20.0,0.52,18.65,0.51,20.0,0.53,36.0,0.54,32.0,0.01,0.01,2335.290154,1776216922000
1776216924.504,24.504,0.42,19.0,0.41,42.0,0.48,132.64,0.49,104.36,0.52,18.65,0.51,20.0,0.53,39.11,0.54,32.0,0.06,0.01,2335.290154,1776216922000
1776216924.733,24.733,0.41,35.02,0.4,37.0,0.42,15.0,0.43,45.0,0.57,50.0,0.56,30.0,0.59,40.02,0.6,23.0,0.01,0.02,2335.252199,1776216923000
1776216925.313,25.313,0.41,35.02,0.4,37.0,0.42,15.0,0.43,45.0,0.58,15.0,0.57,45.0,0.59,35.02,0.6,37.0,0.01,0.01,2335.344946,1776216924000
1776216925.958,25.958,0.41,23.6,0.4,42.0,0.42,15.0,0.43,55.0,0.58,10.91,0.57,55.0,0.59,40.02,0.6,42.0,0.01,0.01,2335.344946,1776216924000
1776216926.184,26.184,0.41,23.6,0.4,42.0,0.42,15.0,0.43,55.0,0.58,15.0,0.57,55.0,0.59,23.6,0.6,42.0,0.01,0.01,2335.348896,1776216925000
1776216926.487,26.487,0.4,16.88,0.39,10.0,0.42,46.0,0.43,50.0,0.58,15.0,0.57,55.0,0.59,23.6,0.6,42.0,0.02,0.01,2335.348896,1776216925000
1776216926.835,26.835,0.37,15.0,0.36,82.0,0.4,15.0,0.41,25.0,0.59,20.0,0.58,46.0,0.6,2.08,0.61,15.0,0.03,0.01,2335.348896,1776216925000
1776216927.333,27.333,0.37,15.0,0.36,82.0,0.4,15.0,0.41,25.0,0.6,15.0,0.59,25.0,0.63,15.0,0.64,82.0,0.03,0.03,2335.076548,1776216926000
1776216927.826,27.826,0.37,26.15,0.36,79.0,0.42,5.0,0.43,5.0,0.6,15.0,0.59,25.0,0.63,15.0,0.64,82.0,0.05,0.03,2335.076548,1776216926000
1776216928.034,28.034,0.44,98.0,0.43,103.0,0.45,5.28,0.47,10.0,0.58,5.0,0.57,5.0,0.63,26.15,0.64,79.0,0.01,0.05,2335.001759,1776216927000
1776216928.349,28.349,0.45,95.54,0.44,77.0,0.46,5.0,0.47,10.0,0.54,5.0,0.53,10.0,0.56,120.0,0.57,115.0,0.01,0.02,2335.001759,1776216927000
1776216929.242,29.242,0.45,85.08,0.44,77.0,0.47,10.0,0.48,20.0,0.53,10.0,0.52,20.0,0.55,85.08,0.56,77.0,0.02,0.02,2335.073491,1776216928000
1776216929.716,29.716,0.46,10.0,0.45,18.0,0.47,41.0,0.48,160.0,0.53,10.0,0.52,20.0,0.55,85.08,0.56,77.0,0.01,0.02,2335.073491,1776216928000
1776216929.972,29.972,0.45,13.0,0.44,22.0,0.46,31.0,0.47,35.0,0.53,41.0,0.52,160.0,0.55,18.0,0.56,22.0,0.01,0.02,2335.073491,1776216928000
1776216930.364,30.364,0.45,18.0,0.44,27.0,0.46,64.0,0.47,30.0,0.54,31.0,0.53,35.0,0.55,13.0,0.56,22.0,0.01,0.01,2335.073491,1776216928000
1776216930.653,30.653,0.45,18.0,0.44,27.0,0.46,64.0,0.47,30.0,0.54,64.0,0.53,30.0,0.55,18.0,0.56,27.0,0.01,0.01,2335.15586,1776216929000
1776216931.266,31.266,0.45,18.0,0.44,27.0,0.46,64.0,0.47,30.0,0.54,64.0,0.53,30.0,0.55,18.0,0.56,27.0,0.01,0.01,2335.16443,1776216930000
1776216932.329,32.329,0.44,22.0,0.43,18.0,0.45,20.0,0.46,21.0,0.54,64.0,0.53,30.0,0.55,18.0,0.56,27.0,0.01,0.01,2335.16443,1776216930000
1776216932.581,32.581,0.44,22.0,0.43,18.0,0.45,20.0,0.46,21.0,0.55,20.0,0.54,21.0,0.56,22.0,0.57,18.0,0.01,0.01,2335.076544,1776216931000
1776216932.96,32.96,0.44,10.0,0.43,23.0,0.45,18.33,0.46,21.0,0.55,20.0,0.54,21.0,0.56,22.0,0.57,18.0,0.01,0.01,2335.076544,1776216931000
1776216933.179,33.179,0.44,10.0,0.43,23.0,0.45,18.33,0.46,21.0,0.55,18.33,0.54,21.0,0.56,10.0,0.57,23.0,0.01,0.01,2335.05844,1776216932000
1776216934.086,34.086,0.44,5.0,0.43,28.0,0.45,23.33,0.46,26.0,0.55,18.33,0.54,21.0,0.56,10.0,0.57,23.0,0.01,0.01,2335.05844,1776216932000
1776216934.494,34.494,0.44,5.0,0.43,28.0,0.45,23.33,0.46,26.0,0.55,23.33,0.54,26.0,0.56,5.0,0.57,28.0,0.01,0.01,2335.021444,1776216933000
1776216935.092,35.092,0.44,5.0,0.43,28.0,0.45,23.33,0.46,26.0,0.55,23.33,0.54,26.0,0.56,5.0,0.57,28.0,0.01,0.01,2335.02143,1776216934000
1776216936.367,36.367,0.37,15.0,0.36,12.0,0.43,117.0,0.44,174.0,0.55,23.33,0.54,26.0,0.56,5.0,0.57,28.0,0.06,0.01,2335.02143,1776216934000
1776216936.952,36.952,0.31,18.0,0.29,5.0,0.33,1.0,0.34,70.0,0.62,10.0,0.61,10.0,0.63,3.52,0.64,12.0,0.02,0.01,2335.021275,1776216935000
1776216937.232,37.232,0.31,8.4,0.29,5.0,0.32,32.35,0.34,220.0,0.67,1.0,0.66,70.0,0.69,10.0,0.71,5.0,0.01,0.02,2335.073034,1776216936000
1776216937.518,37.518,0.27,14.79,0.26,23.0,0.29,45.0,0.3,10.0,0.69,50.0,0.68,32.35,0.73,28.0,0.74,14.0,0.02,0.04,2335.073034,1776216936000
1776216937.801,37.801,0.27,11.72,0.26,23.0,0.29,11.55,0.3,10.0,0.71,11.55,0.7,10.0,0.73,6.72,0.74,23.0,0.02,0.02,2335.073034,1776216936000
1776216938.138,38.138,0.27,21.72,0.26,28.0,0.3,0.4,0.31,16.0,0.71,11.55,0.7,10.0,0.73,11.72,0.74,23.0,0.03,0.02,2335.073034,1776216936000
1776216938.452,38.452,0.27,21.72,0.26,28.0,0.3,0.4,0.31,16.0,0.72,5.0,0.7,0.4,0.73,21.72,0.74,28.0,0.03,0.01,2334.845924,1776216937000
1776216938.737,38.737,0.27,40.72,0.26,28.0,0.28,18.0,0.29,10.0,0.72,5.0,0.7,0.4,0.73,21.72,0.74,28.0,0.01,0.01,2334.845924,1776216937000
1776216939.126,39.126,0.27,36.26,0.26,28.0,0.3,8.76,0.31,21.0,0.72,23.0,0.71,10.0,0.73,37.98,0.74,28.0,0.03,0.01,2334.845924,1776216937000
1776216940.146,40.146,0.27,36.26,0.26,28.0,0.28,16.42,0.29,10.0,0.7,8.76,0.69,21.0,0.73,36.26,0.74,28.0,0.01,0.03,2334.090918,1776216938000
1776216940.445,40.445,0.27,41.26,0.26,28.0,0.28,12.84,0.29,10.0,0.72,16.42,0.71,10.0,0.73,36.26,0.74,28.0,0.01,0.01,2334.090918,1776216938000
1776216940.732,40.732,0.27,27.97,0.26,28.0,0.28,12.84,0.29,10.0,0.72,12.84,0.71,10.0,0.73,41.26,0.74,28.0,0.01,0.01,2333.929664,1776216939000
1776216941.084,41.084,0.27,47.97,0.26,35.0,0.28,9.23,0.29,15.0,0.72,12.84,0.71,10.0,0.73,27.97,0.74,28.0,0.01,0.01,2333.929664,1776216939000
1776216942.039,42.039,0.29,56.0,0.28,105.0,0.3,23.71,0.31,10.0,0.72,9.23,0.71,15.0,0.73,47.97,0.74,35.0,0.01,0.01,2333.924577,1776216940000
1776216942.274,42.274,0.33,1.93,0.32,11.0,0.35,10.0,0.36,10.0,0.63,134.54,0.62,91.0,0.67,1.93,0.68,11.0,0.02,0.04,2333.924577,1776216940000
1776216942.495,42.495,0.33,1.93,0.32,11.0,0.35,10.0,0.36,10.0,0.65,10.0,0.64,10.0,0.67,1.93,0.68,11.0,0.02,0.02,2333.874538,1776216941000
1776216943.184,43.184,0.32,20.08,0.31,22.0,0.34,54.0,0.35,17.0,0.66,54.0,0.65,17.0,0.68,20.08,0.69,22.0,0.02,0.02,2333.9122,1776216942000
1776216943.419,43.419,0.32,49.08,0.31,27.0,0.33,68.84,0.34,60.0,0.66,54.0,0.65,17.0,0.68,20.08,0.69,22.0,0.01,0.02,2333.9122,1776216942000
1776216944.339,44.339,0.32,49.08,0.31,27.0,0.33,68.84,0.34,60.0,0.67,68.84,0.66,60.0,0.68,49.08,0.69,27.0,0.01,0.01,2334.131808,1776216943000
1776216944.977,44.977,0.3,15.0,0.29,36.0,0.31,28.0,0.33,113.84,0.69,28.0,0.67,113.84,0.7,15.0,0.71,36.0,0.01,0.01,2334.221429,1776216944000
1776216945.672,45.672,0.3,15.0,0.29,41.0,0.31,82.14,0.32,15.0,0.69,28.0,0.67,113.84,0.7,15.0,0.71,36.0,0.01,0.01,2334.221429,1776216944000
1776216946.058,46.058,0.29,101.96,0.28,147.0,0.3,89.0,0.31,53.14,0.69,82.14,0.68,15.0,0.7,15.0,0.71,41.0,0.01,0.01,2334.167508,1776216945000
1776216946.729,46.729,0.28,114.0,0.27,140.0,0.29,84.0,0.3,59.0,0.7,89.0,0.69,53.14,0.71,101.96,0.72,147.0,0.01,0.01,2334.167508,1776216945000
1776216946.937,46.937,0.28,114.0,0.27,140.0,0.29,84.0,0.3,59.0,0.71,84.0,0.7,59.0,0.72,114.0,0.73,140.0,0.01,0.01,2334.185381,1776216946000
1776216947.222,47.222,0.28,45.55,0.27,125.0,0.29,64.0,0.3,10.0,0.71,84.0,0.7,59.0,0.72,114.0,0.73,140.0,0.01,0.01,2334.185381,1776216946000
1776216947.956,47.956,0.27,25.0,0.26,67.0,0.28,4.14,0.29,73.0,0.72,4.14,0.71,73.0,0.73,25.0,0.74,67.0,0.01,0.01,2334.118248,1776216947000
1776216949.063,49.063,0.27,25.0,0.26,67.0,0.28,4.14,0.29,73.0,0.72,4.14,0.71,73.0,0.73,25.0,0.74,67.0,0.01,0.01,2334.071616,1776216948000
1776216950.093,50.093,0.27,25.0,0.26,67.0,0.28,4.14,0.29,73.0,0.72,4.14,0.71,73.0,0.73,25.0,0.74,67.0,0.01,0.01,2334.065073,1776216949000
1776216950.558,50.558,0.27,35.0,0.26,67.0,0.28,29.47,0.29,34.0,0.72,4.14,0.71,73.0,0.73,25.0,0.74,67.0,0.01,0.01,2334.065073,1776216949000
1776216951.199,51.199,0.27,35.0,0.26,67.0,0.28,29.47,0.29,34.0,0.72,29.47,0.71,34.0,0.73,35.0,0.74,67.0,0.01,0.01,2334.131887,1776216950000
1776216951.45,51.45,0.27,20.89,0.26,67.0,0.28,39.47,0.29,29.0,0.72,29.47,0.71,34.0,0.73,35.0,0.74,67.0,0.01,0.01,2334.131887,1776216950000
1776216952.223,52.223,0.27,20.89,0.26,67.0,0.28,39.47,0.29,29.0,0.72,39.47,0.71,29.0,0.73,20.89,0.74,67.0,0.01,0.01,2334.170972,1776216951000
1776216953.347,53.347,0.27,20.89,0.26,67.0,0.28,39.47,0.29,29.0,0.72,39.47,0.71,29.0,0.73,20.89,0.74,67.0,0.01,0.01,2334.112225,1776216952000
1776216954.349,54.349,0.27,20.89,0.26,67.0,0.28,39.47,0.29,29.0,0.72,39.47,0.71,29.0,0.73,20.89,0.74,67.0,0.01,0.01,2334.074984,1776216953000
1776216954.723,54.723,0.27,80.89,0.26,47.0,0.28,34.61,0.29,15.0,0.72,39.47,0.71,29.0,0.73,20.89,0.74,67.0,0.01,0.01,2334.074984,1776216953000
1776216955.582,55.582,0.27,81.09,0.26,47.0,0.28,54.61,0.29,20.0,0.72,34.61,0.71,15.0,0.73,80.89,0.74,47.0,0.01,0.01,2334.139172,1776216954000
1776216955.905,55.905,0.27,81.09,0.26,47.0,0.28,54.61,0.29,20.0,0.72,54.61,0.71,20.0,0.73,81.09,0.74,47.0,0.01,0.01,2334.034291,1776216955000
1776216956.343,56.343,0.27,262.0,0.26,130.0,0.28,2.61,0.33,6.0,0.72,54.61,0.71,20.0,0.73,81.09,0.74,47.0,0.01,0.01,2334.034291,1776216955000
1776216957.015,57.015,0.3,9.39,0.29,10.0,0.35,3.28,0.36,5.0,0.65,3.28,0.64,5.0,0.7,9.39,0.71,10.0,0.05,0.05,2334.14025,1776216956000
1776216958.053,58.053,0.34,93.0,0.33,30.0,0.35,13.28,0.36,20.0,0.65,3.28,0.64,5.0,0.7,9.39,0.71,10.0,0.01,0.05,2334.14025,1776216956000
1776216958.287,58.287,0.34,93.0,0.33,30.0,0.35,13.28,0.36,20.0,0.65,13.28,0.64,20.0,0.66,93.0,0.67,30.0,0.01,0.01,2334.187685,1776216957000
1776216959.507,59.507,0.34,93.0,0.33,30.0,0.35,13.28,0.36,20.0,0.65,13.28,0.64,20.0,0.66,93.0,0.67,30.0,0.01,0.01,2334.39034,1776216958000
1776216959.952,59.952,0.34,93.0,0.33,30.0,0.35,13.28,0.36,20.0,0.65,13.28,0.64,20.0,0.66,93.0,0.67,30.0,0.01,0.01,2334.393047,1776216959000
1776216960.692,60.692,0.34,129.0,0.33,30.0,0.38,85.0,0.39,21.0,0.65,13.28,0.64,20.0,0.66,93.0,0.67,30.0,0.04,0.01,2334.393047,1776216959000
1776216961.138,61.138,0.34,129.0,0.33,30.0,0.38,85.0,0.39,21.0,0.62,85.0,0.61,21.0,0.66,129.0,0.67,30.0,0.04,0.04,2334.405551,1776216960000
1776216961.588,61.588,0.36,101.0,0.35,54.0,0.38,110.0,0.39,26.0,0.62,85.0,0.61,21.0,0.66,129.0,0.67,30.0,0.02,0.04,2334.405551,1776216960000
1776216961.943,61.943,0.36,96.87,0.35,54.0,0.37,10.0,0.38,95.0,0.62,110.0,0.61,26.0,0.64,101.0,0.65,54.0,0.01,0.02,2334.405551,1776216960000
1776216962.284,62.284,0.36,81.87,0.35,54.0,0.37,10.0,0.38,95.0,0.63,10.0,0.62,95.0,0.64,81.87,0.65,54.0,0.01,0.01,2334.524505,1776216961000
1776216962.735,62.735,0.36,56.1,0.35,54.0,0.37,48.36,0.38,95.0,0.63,10.0,0.62,95.0,0.64,81.87,0.65,54.0,0.01,0.01,2334.524505,1776216961000
1776216963.342,63.342,0.35,14.0,0.31,27.0,0.37,208.36,0.38,90.0,0.63,48.36,0.62,95.0,0.64,56.1,0.65,54.0,0.02,0.01,2334.524505,1776216961000
1776216963.55,63.55,0.35,14.0,0.31,27.0,0.37,208.36,0.38,90.0,0.63,208.36,0.62,90.0,0.65,14.0,0.69,27.0,0.02,0.02,2334.44825,1776216962000
1776216964.021,64.021,0.35,14.0,0.31,27.0,0.37,208.36,0.38,90.0,0.63,208.36,0.62,90.0,0.65,14.0,0.69,27.0,0.02,0.02,2334.46325,1776216963000
1776216965.235,65.235,0.3,10.0,0.29,15.0,0.31,129.0,0.32,87.0,0.69,129.0,0.68,87.0,0.7,10.0,0.71,15.0,0.01,0.01,2334.4633,1776216964000
1776216966.334,66.334,0.3,10.0,0.29,15.0,0.31,129.0,0.32,87.0,0.69,129.0,0.68,87.0,0.7,10.0,0.71,15.0,0.01,0.01,2334.167388,1776216965000
1776216966.911,66.911,0.3,10.0,0.29,15.0,0.31,129.0,0.32,87.0,0.69,129.0,0.68,87.0,0.7,10.0,0.71,15.0,0.01,0.01,2334.209259,1776216966000
1776216968.095,68.095,0.3,10.0,0.29,15.0,0.31,129.0,0.32,87.0,0.69,129.0,0.68,87.0,0.7,10.0,0.71,15.0,0.01,0.01,2334.287803,1776216967000
1776216969.273,69.273,0.3,10.0,0.29,15.0,0.31,129.0,0.32,87.0,0.69,129.0,0.68,87.0,0.7,10.0,0.71,15.0,0.01,0.01,2334.29189,1776216968000
1776216970.102,70.102,0.23,143.4,0.22,77.0,0.24,53.0,0.25,71.0,0.69,160.0,0.68,210.32,0.77,5.0,0.78,31.0,0.01,0.08,2334.29189,1776216968000
1776216970.41,70.41,0.23,143.4,0.22,77.0,0.24,53.0,0.25,71.0,0.76,53.0,0.75,71.0,0.77,143.4,0.78,77.0,0.01,0.01,2334.195408,1776216969000
1776216970.626,70.626,0.23,123.98,0.22,72.0,0.24,63.0,0.25,71.0,0.76,53.0,0.75,71.0,0.77,143.4,0.78,77.0,0.01,0.01,2334.195408,1776216969000
1776216971.025,71.025,0.23,123.98,0.22,72.0,0.24,63.0,0.25,71.0,0.76,63.0,0.75,71.0,0.77,123.98,0.78,72.0,0.01,0.01,2334.100938,1776216970000
1776216971.254,71.254,0.23,121.98,0.22,72.0,0.24,88.0,0.25,71.0,0.76,63.0,0.75,71.0,0.77,123.98,0.78,72.0,0.01,0.01,2334.100938,1776216970000
1776216971.592,71.592,0.23,121.98,0.22,72.0,0.24,93.0,0.25,71.0,0.76,88.0,0.75,71.0,0.77,121.98,0.78,72.0,0.01,0.01,2334.100938,1776216970000
1776216972.293,72.293,0.23,121.98,0.22,72.0,0.24,93.0,0.25,71.0,0.76,93.0,0.75,71.0,0.77,121.98,0.78,72.0,0.01,0.01,2333.999849,1776216971000
1776216973.196,73.196,0.23,121.98,0.22,72.0,0.24,93.0,0.25,71.0,0.76,93.0,0.75,71.0,0.77,121.98,0.78,72.0,0.01,0.01,2333.826398,1776216972000
1776216974.211,74.211,0.23,121.98,0.22,72.0,0.24,93.0,0.25,71.0,0.76,93.0,0.75,71.0,0.77,121.98,0.78,72.0,0.01,0.01,2333.804011,1776216973000
1776216974.45,74.45,0.23,120.0,0.22,72.0,0.24,96.0,0.25,71.0,0.76,93.0,0.75,71.0,0.77,121.98,0.78,72.0,0.01,0.01,2333.804011,1776216973000
1776216975.228,75.228,0.23,120.0,0.22,72.0,0.24,96.0,0.25,71.0,0.76,96.0,0.75,71.0,0.77,120.0,0.78,72.0,0.01,0.01,2333.795078,1776216974000
1776216976.723,76.723,0.23,76.0,0.22,67.0,0.24,100.22,0.25,76.0,0.76,96.0,0.75,71.0,0.77,120.0,0.78,72.0,0.01,0.01,2333.795078,1776216974000
1776216977.927,77.927,0.16,51.8,0.15,59.86,0.21,21.0,0.22,165.0,0.76,100.22,0.75,76.0,0.77,76.0,0.78,67.0,0.05,0.01,2333.79465,1776216976000
1776216978.417,78.417,0.16,12.69,0.15,34.86,0.21,229.32,0.22,160.0,0.79,21.0,0.78,165.0,0.84,37.79,0.85,59.86,0.05,0.05,2333.799056,1776216977000
1776216978.632,78.632,0.15,5.48,0.14,59.9,0.18,1.66,0.2,39.25,0.8,33.25,0.79,294.0,0.85,5.48,0.86,54.9,0.03,0.05,2333.799056,1776216977000
1776216979.126,79.126,0.15,5.48,0.14,54.9,0.17,10.0,0.18,43.75,0.83,10.0,0.82,43.75,0.85,5.48,0.86,54.9,0.02,0.02,2333.799056,1776216978000
1776216979.355,79.355,0.15,46.48,0.14,64.9,0.16,41.25,0.17,10.0,0.83,10.0,0.82,43.75,0.85,5.48,0.86,54.9,0.01,0.02,2333.799056,1776216978000
1776216980.171,80.171,0.15,46.48,0.14,64.9,0.16,41.25,0.17,10.0,0.84,41.25,0.83,10.0,0.85,46.48,0.86,64.9,0.01,0.01,2333.265535,1776216979000
1776216980.411,80.411,0.16,67.09,0.15,165.68,0.17,35.0,0.18,13.38,0.82,13.38,0.81,31.0,0.85,235.68,0.86,102.9,0.01,0.03,2333.265535,1776216979000
1776216980.629,80.629,0.16,231.78,0.15,143.68,0.17,15.76,0.18,13.38,0.83,31.41,0.82,13.38,0.84,226.78,0.85,175.68,0.01,0.01,2333.265535,1776216979000
1776216981.21,81.21,0.16,231.78,0.15,143.68,0.17,15.76,0.18,13.38,0.83,15.76,0.82,13.38,0.84,231.78,0.85,143.68,0.01,0.01,2333.249702,1776216980000
1776216982.055,82.055,0.16,226.8,0.15,113.68,0.17,18.11,0.18,13.38,0.83,15.76,0.82,13.38,0.84,231.78,0.85,143.68,0.01,0.01,2333.249702,1776216980000
1776216982.538,82.538,0.16,76.0,0.15,60.48,0.17,127.11,0.18,30.38,0.83,18.11,0.82,13.38,0.84,226.8,0.85,113.68,0.01,0.01,2333.264335,1776216981000
1776216983.073,83.073,0.15,14.35,0.13,101.8,0.16,55.0,0.17,59.11,0.84,55.0,0.83,59.11,0.85,14.35,0.87,101.8,0.01,0.01,2333.290609,1776216982000
1776216983.611,83.611,0.14,18.13,0.13,137.8,0.16,88.0,0.17,59.11,0.84,55.0,0.83,59.11,0.85,14.35,0.87,101.8,0.02,0.01,2333.290609,1776216982000
1776216983.944,83.944,0.14,18.13,0.13,137.8,0.15,55.0,0.16,45.0,0.84,88.0,0.83,59.11,0.86,18.13,0.87,137.8,0.01,0.02,2333.290609,1776216982000
1776216985.116,85.116,0.14,18.13,0.13,137.8,0.15,55.0,0.16,45.0,0.85,55.0,0.84,45.0,0.86,18.13,0.87,137.8,0.01,0.01,2332.900514,1776216984000
1776216986.222,86.222,0.14,18.13,0.13,137.8,0.15,55.0,0.16,45.0,0.85,55.0,0.84,45.0,0.86,18.13,0.87,137.8,0.01,0.01,2332.880823,1776216985000
1776216986.461,86.461,0.13,163.24,0.12,87.19,0.14,60.0,0.15,37.0,0.86,65.0,0.85,32.0,0.87,161.91,0.88,87.19,0.01,0.01,2332.880823,1776216985000
1776216987.174,87.174,0.11,7.33,0.1,56.0,0.13,32.0,0.14,122.0,0.86,60.0,0.85,37.0,0.87,145.22,0.88,87.19,0.02,0.01,2332.880823,1776216985000
1776216987.88,87.88,0.1,55.9,0.09,54.0,0.11,18.67,0.12,24.0,0.89,18.67,0.88,24.0,0.9,55.9,0.91,54.0,0.01,0.01,2332.837744,1776216987000
1776216989.169,89.169,0.1,122.78,0.09,98.0,0.11,63.33,0.12,51.0,0.89,19.33,0.88,29.0,0.9,101.9,0.91,54.0,0.01,0.01,2332.837744,1776216987000
1776216989.902,89.902,0.1,116.33,0.09,98.0,0.11,38.78,0.12,44.0,0.89,38.78,0.88,44.0,0.9,122.78,0.91,98.0,0.01,0.01,2332.616382,1776216988000
1776216990.436,90.436,0.1,46.95,0.09,98.0,0.11,129.0,0.12,56.0,0.89,38.78,0.88,44.0,0.9,116.33,0.91,98.0,0.01,0.01,2332.616382,1776216988000
1776216990.996,90.996,0.1,4.83,0.09,98.0,0.11,160.0,0.12,56.0,0.89,160.0,0.88,56.0,0.9,4.83,0.91,98.0,0.01,0.01,2332.318999,1776216990000
1776216991.545,91.545,0.1,1.81,0.09,10.0,0.11,168.0,0.12,56.0,0.89,160.0,0.88,56.0,0.9,4.83,0.91,98.0,0.01,0.01,2332.318999,1776216990000
1776216992.063,92.063,0.09,9.79,0.08,74.9,0.11,167.0,0.12,56.0,0.89,168.0,0.88,56.0,0.9,1.81,0.91,10.0,0.02,0.01,2332.318999,1776216990000
1776216992.302,92.302,0.09,34.47,0.08,119.9,0.1,112.0,0.11,76.0,0.89,167.0,0.88,56.0,0.91,9.79,0.92,74.9,0.01,0.02,2332.370683,1776216991000
1776216993.135,93.135,0.09,131.0,0.08,108.9,0.1,1.0,0.11,21.0,0.9,121.0,0.89,81.0,0.91,73.15,0.92,119.9,0.01,0.01,2332.370683,1776216991000
1776216993.54,93.54,0.09,126.0,0.08,108.9,0.11,21.0,0.12,38.0,0.89,21.0,0.88,38.0,0.91,126.0,0.92,108.9,0.02,0.02,2332.122653,1776216992000
1776216993.917,93.917,0.1,48.62,0.09,106.0,0.11,47.41,0.12,39.0,0.89,17.41,0.88,34.0,0.9,49.0,0.91,106.0,0.01,0.01,2332.122653,1776216992000
1776216994.171,94.171,0.1,48.62,0.09,106.0,0.11,47.41,0.12,39.0,0.89,47.41,0.88,39.0,0.9,48.62,0.91,106.0,0.01,0.01,2332.0357,1776216993000
1776216995.31,95.31,0.1,94.4,0.09,106.0,0.11,52.41,0.12,39.0,0.89,52.41,0.88,39.0,0.9,94.4,0.91,106.0,0.01,0.01,2332.26226,1776216994000
1776216996.447,96.447,0.1,94.4,0.09,106.0,0.11,52.41,0.12,39.0,0.89,52.41,0.88,39.0,0.9,94.4,0.91,106.0,0.01,0.01,2332.432509,1776216995000
1776216996.887,96.887,0.1,10.0,0.09,54.0,0.11,474.62,0.12,118.81,0.89,52.41,0.88,39.0,0.9,94.4,0.91,106.0,0.01,0.01,2332.432509,1776216995000
1776216997.11,97.11,0.09,52.9,0.08,98.9,0.11,70.41,0.12,39.0,0.89,474.62,0.88,118.81,0.9,10.0,0.91,54.0,0.02,0.01,2332.432509,1776216995000
1776216998.187,98.187,0.09,52.9,0.08,98.9,0.11,70.41,0.12,39.0,0.89,70.41,0.88,39.0,0.91,52.9,0.92,98.9,0.02,0.02,2332.478147,1776216997000
1776216998.46,98.46,0.09,70.9,0.08,115.9,0.1,30.0,0.11,17.41,0.89,70.41,0.88,39.0,0.91,52.9,0.92,98.9,0.01,0.02,2332.478147,1776216997000
1776216999.345,99.345,0.09,152.06,0.08,115.9,0.1,10.0,0.11,12.41,0.9,30.0,0.89,17.41,0.91,70.9,0.92,115.9,0.01,0.01,2332.478147,1776216997000
1776216999.884,99.884,0.09,150.96,0.08,115.9,0.1,15.0,0.11,17.41,0.9,10.0,0.89,12.41,0.91,152.06,0.92,115.9,0.01,0.01,2332.403357,1776216998000
1776217001.491,101.491,0.09,150.96,0.08,115.9,0.1,15.0,0.11,17.41,0.9,15.0,0.89,17.41,0.91,150.96,0.92,115.9,0.01,0.01,2332.571416,1776217000000
1776217002.233,102.233,0.09,150.96,0.08,115.9,0.1,15.0,0.11,17.41,0.9,15.0,0.89,17.41,0.91,150.96,0.92,115.9,0.01,0.01,2332.555692,1776217001000
1776217003.211,103.211,0.09,98.54,0.08,115.9,0.1,65.0,0.11,22.41,0.9,15.0,0.89,17.41,0.91,150.96,0.92,115.9,0.01,0.01,2332.555692,1776217001000
1776217003.456,103.456,0.09,98.54,0.08,115.9,0.1,65.0,0.11,22.41,0.9,65.0,0.89,22.41,0.91,98.54,0.92,115.9,0.01,0.01,2332.564107,1776217002000
1776217004.095,104.095,0.09,98.54,0.08,115.9,0.1,65.0,0.11,22.41,0.9,65.0,0.89,22.41,0.91,98.54,0.92,115.9,0.01,0.01,2332.523,1776217003000
1776217004.905,104.905,0.1,23.0,0.09,208.54,0.11,7.41,0.12,29.0,0.9,65.0,0.89,22.41,0.91,98.54,0.92,115.9,0.01,0.01,2332.523,1776217003000
1776217005.386,105.386,0.1,152.0,0.09,119.54,0.12,26.79,0.13,27.0,0.88,26.79,0.87,27.0,0.9,152.0,0.91,119.54,0.02,0.02,2332.68257,1776217004000
1776217005.613,105.613,0.11,95.79,0.1,194.0,0.12,44.25,0.13,37.0,0.88,26.79,0.87,27.0,0.9,152.0,0.91,119.54,0.01,0.02,2332.68257,1776217004000
1776217006.058,106.058,0.11,95.79,0.1,194.0,0.12,44.25,0.13,37.0,0.88,44.25,0.87,37.0,0.89,95.79,0.9,194.0,0.01,0.01,2332.684615,1776217005000
1776217006.499,106.499,0.12,95.0,0.11,110.79,0.13,37.0,0.14,5.0,0.88,44.25,0.87,37.0,0.89,95.79,0.9,194.0,0.01,0.01,2332.684615,1776217005000
1776217007.229,107.229,0.12,148.1,0.11,91.79,0.13,28.67,0.14,10.0,0.87,28.67,0.86,10.0,0.88,148.1,0.89,91.79,0.01,0.01,2332.73285,1776217006000
1776217007.485,107.485,0.12,136.77,0.11,91.79,0.13,47.08,0.14,10.0,0.87,28.67,0.86,10.0,0.88,148.1,0.89,91.79,0.01,0.01,2332.73285,1776217006000
1776217007.727,107.727,0.12,131.76,0.11,91.79,0.13,47.08,0.14,10.0,0.87,47.08,0.86,10.0,0.88,136.77,0.89,91.79,0.01,0.01,2332.73285,1776217006000
1776217008.302,108.302,0.12,121.76,0.11,91.79,0.13,40.9,0.14,10.0,0.87,47.08,0.86,10.0,0.88,131.76,0.89,91.79,0.01,0.01,2332.73285,1776217006000
1776217008.573,108.573,0.12,121.76,0.11,91.79,0.13,40.9,0.14,10.0,0.87,40.9,0.86,10.0,0.88,121.76,0.89,91.79,0.01,0.01,2332.826726,1776217007000
1776217009.653,109.653,0.12,121.76,0.11,91.79,0.13,40.9,0.14,10.0,0.87,40.9,0.86,10.0,0.88,121.76,0.89,91.79,0.01,0.01,2332.875028,1776217008000
1776217009.887,109.887,0.12,121.43,0.11,75.79,0.13,40.9,0.14,10.0,0.87,40.9,0.86,10.0,0.88,121.76,0.89,91.79,0.01,0.01,2332.875028,1776217008000
1776217010.32,110.32,0.12,151.27,0.11,144.79,0.13,8.82,0.14,5.0,0.87,40.9,0.86,10.0,0.88,121.43,0.89,75.79,0.01,0.01,2332.875028,1776217008000
1776217011.091,111.091,0.12,151.27,0.11,144.79,0.15,5.0,0.16,45.88,0.85,5.0,0.84,45.88,0.88,151.27,0.89,144.79,0.03,0.03,2332.8825,1776217010000
1776217012.518,112.518,0.12,151.27,0.11,144.79,0.15,5.0,0.16,45.88,0.85,5.0,0.84,45.88,0.88,151.27,0.89,144.79,0.03,0.03,2333.058789,1776217011000
1776217013.171,113.171,0.12,151.27,0.11,144.79,0.15,5.0,0.16,45.88,0.85,5.0,0.84,45.88,0.88,151.27,0.89,144.79,0.03,0.03,2333.14999,1776217012000
1776217014.234,114.234,0.14,94.9,0.13,90.8,0.15,0.86,0.18,3.38,0.85,8.24,0.84,10.0,0.87,70.8,0.88,133.27,0.01,0.02,2333.14999,1776217012000
1776217014.444,114.444,0.18,31.02,0.17,33.0,0.19,6.16,0.2,11.0,0.81,6.16,0.8,11.0,0.82,15.68,0.83,33.0,0.01,0.01,2333.14999,1776217012000
1776217015.066,115.066,0.18,46.87,0.17,28.0,0.19,6.16,0.2,11.0,0.81,6.16,0.8,11.0,0.82,46.87,0.83,28.0,0.01,0.01,2333.19509,1776217014000
1776217015.673,115.673,0.18,28.63,0.17,18.0,0.19,116.82,0.2,137.0,0.81,10.0,0.8,21.0,0.82,45.65,0.83,33.0,0.01,0.01,2333.19509,1776217014000
1776217016.633,116.633,0.17,18.0,0.16,55.8,0.19,111.82,0.2,137.0,0.81,111.82,0.8,137.0,0.83,18.0,0.84,55.8,0.02,0.02,2333.35526,1776217015000
1776217017.222,117.222,0.17,18.0,0.16,55.8,0.19,111.82,0.2,137.0,0.81,111.82,0.8,137.0,0.83,18.0,0.84,55.8,0.02,0.02,2333.401051,1776217016000
1776217018.479,118.479,0.17,18.0,0.16,55.8,0.19,111.82,0.2,137.0,0.81,111.82,0.8,137.0,0.83,18.0,0.84,55.8,0.02,0.02,2333.3703,1776217017000
1776217019.163,119.163,0.17,18.0,0.16,55.8,0.19,111.82,0.2,137.0,0.81,111.82,0.8,137.0,0.83,18.0,0.84,55.8,0.02,0.02,2333.411595,1776217018000
1776217019.696,119.696,0.17,111.39,0.16,60.8,0.18,25.0,0.19,125.0,0.81,111.82,0.8,137.0,0.83,18.0,0.84,55.8,0.01,0.02,2333.411595,1776217018000
1776217020.155,120.155,0.17,93.39,0.16,60.8,0.18,31.06,0.19,120.0,0.82,25.0,0.81,125.0,0.83,111.39,0.84,60.8,0.01,0.01,2333.411595,1776217018000
1776217020.752,120.752,0.17,93.39,0.16,60.8,0.18,31.06,0.19,120.0,0.82,31.06,0.81,120.0,0.83,93.39,0.84,60.8,0.01,0.01,2333.462627,1776217019000
1776217021.387,121.387,0.17,52.5,0.16,60.8,0.18,66.3,0.19,120.0,0.82,66.3,0.81,120.0,0.83,52.5,0.84,60.8,0.01,0.01,2333.462607,1776217020000
1776217021.603,121.603,0.17,52.5,0.16,60.8,0.18,60.68,0.19,120.0,0.82,66.3,0.81,120.0,0.83,52.5,0.84,60.8,0.01,0.01,2333.462607,1776217020000
1776217022.298,122.298,0.17,58.44,0.16,60.8,0.18,59.73,0.19,115.0,0.82,59.73,0.81,115.0,0.83,58.44,0.84,60.8,0.01,0.01,2333.458089,1776217021000
1776217023.511,123.511,0.17,58.44,0.16,60.8,0.18,59.73,0.19,115.0,0.82,59.73,0.81,115.0,0.83,58.44,0.84,60.8,0.01,0.01,2333.457198,1776217022000
1776217024.234,124.234,0.17,58.44,0.16,60.8,0.18,59.73,0.19,115.0,0.82,59.73,0.81,115.0,0.83,58.44,0.84,60.8,0.01,0.01,2333.461438,1776217023000
1776217024.794,124.794,0.17,166.44,0.16,215.8,0.18,178.98,0.19,162.03,0.82,59.73,0.81,115.0,0.83,58.44,0.84,60.8,0.01,0.01,2333.461438,1776217023000
1776217025.39,125.39,0.18,23.75,0.17,120.44,0.19,146.93,0.2,123.18,0.81,146.93,0.8,123.18,0.82,23.75,0.83,120.44,0.01,0.01,2333.47553,1776217024000
1776217025.976,125.976,0.18,2.15,0.17,60.5,0.19,201.93,0.2,133.18,0.81,146.93,0.8,123.18,0.82,23.75,0.83,120.44,0.01,0.01,2333.47553,1776217024000
1776217027.32,127.32,0.18,2.15,0.17,60.5,0.19,201.93,0.2,133.18,0.81,201.93,0.8,133.18,0.82,2.15,0.83,60.5,0.01,0.01,2333.679348,1776217026000
1776217028.192,128.192,0.18,12.32,0.17,35.0,0.19,200.93,0.2,143.18,0.81,201.93,0.8,133.18,0.82,2.15,0.83,60.5,0.01,0.01,2333.679348,1776217026000
1776217028.531,128.531,0.18,12.32,0.17,35.0,0.19,200.93,0.2,143.18,0.81,200.93,0.8,143.18,0.82,12.32,0.83,35.0,0.01,0.01,2333.71109,1776217027000
1776217029.166,129.166,0.18,12.32,0.17,35.0,0.19,200.93,0.2,143.18,0.81,200.93,0.8,143.18,0.82,12.32,0.83,35.0,0.01,0.01,2333.660445,1776217028000
1776217030.108,130.108,0.18,22.32,0.17,20.0,0.19,225.29,0.2,138.18,0.81,200.93,0.8,143.18,0.82,12.32,0.83,35.0,0.01,0.01,2333.660445,1776217028000
1776217030.332,130.332,0.18,37.93,0.17,114.0,0.19,159.65,0.2,143.18,0.81,159.65,0.8,143.18,0.82,37.93,0.83,114.0,0.01,0.01,2333.66006,1776217029000
1776217031.044,131.044,0.18,27.93,0.17,114.0,0.19,69.54,0.2,133.18,0.81,69.54,0.8,133.18,0.82,27.93,0.83,114.0,0.01,0.01,2333.659044,1776217030000
1776217031.27,131.27,0.18,22.32,0.17,139.5,0.19,5.0,0.2,128.18,0.81,24.54,0.8,138.18,0.82,36.32,0.83,139.5,0.01,0.01,2333.659044,1776217030000
1776217031.999,131.999,0.18,26.15,0.17,39.0,0.19,69.0,0.2,138.18,0.81,5.0,0.8,128.18,0.82,22.32,0.83,139.5,0.01,0.01,2333.659044,1776217030000
1776217032.201,132.201,0.17,24.0,0.16,134.0,0.19,74.0,0.2,21.0,0.81,74.0,0.8,21.0,0.83,24.0,0.84,134.0,0.02,0.02,2333.756618,1776217031000
1776217033.769,133.769,0.17,7.62,0.16,140.0,0.18,194.03,0.19,20.0,0.82,200.03,0.81,31.0,0.83,4.05,0.84,123.0,0.01,0.01,2333.756618,1776217031000
1776217034.058,134.058,0.17,7.62,0.16,140.0,0.18,194.03,0.19,20.0,0.82,194.03,0.81,20.0,0.83,7.62,0.84,140.0,0.01,0.01,2333.737597,1776217032000
1776217034.866,134.866,0.17,7.62,0.16,140.0,0.18,194.03,0.19,20.0,0.82,194.03,0.81,20.0,0.83,7.62,0.84,140.0,0.01,0.01,2333.695865,1776217033000
1776217035.547,135.547,0.17,7.62,0.16,140.0,0.18,194.03,0.19,20.0,0.82,194.03,0.81,20.0,0.83,7.62,0.84,140.0,0.01,0.01,2333.710101,1776217034000
1776217036.064,136.064,0.17,2.05,0.16,127.0,0.18,211.03,0.19,20.0,0.82,194.03,0.81,20.0,0.83,7.62,0.84,140.0,0.01,0.01,2333.710101,1776217034000
1776217036.301,136.301,0.17,2.05,0.16,127.0,0.18,211.03,0.19,20.0,0.82,211.03,0.81,20.0,0.83,2.05,0.84,127.0,0.01,0.01,2333.710101,1776217035000
1776217037.496,137.496,0.16,10.0,0.15,30.0,0.17,122.7,0.18,74.0,0.82,211.03,0.81,20.0,0.83,2.05,0.84,127.0,0.01,0.01,2333.710101,1776217035000
1776217037.75,137.75,0.15,18.82,0.14,55.0,0.16,75.0,0.17,77.8,0.84,9.0,0.83,145.8,0.85,20.0,0.86,55.0,0.01,0.01,2333.710101,1776217035000
1776217039.003,139.003,0.15,18.82,0.14,55.0,0.16,75.0,0.17,77.8,0.84,75.0,0.83,77.8,0.85,18.82,0.86,55.0,0.01,0.01,2333.539836,1776217038000
1776217039.764,139.764,0.16,71.0,0.15,35.55,0.17,39.01,0.18,20.0,0.84,75.0,0.83,77.8,0.85,18.82,0.86,55.0,0.01,0.01,2333.539836,1776217038000
1776217039.977,139.977,0.16,71.0,0.15,35.55,0.17,39.01,0.18,20.0,0.83,39.01,0.82,20.0,0.84,71.0,0.85,35.55,0.01,0.01,2333.446079,1776217039000
1776217040.931,140.931,0.19,10.0,0.18,32.0,0.2,98.4,0.21,20.0,0.83,39.01,0.82,30.0,0.84,90.66,0.85,30.55,0.01,0.01,2333.446079,1776217039000
1776217041.618,141.618,0.18,11.83,0.17,33.0,0.19,152.0,0.2,82.0,0.8,98.4,0.79,20.0,0.81,10.0,0.82,32.0,0.01,0.01,2333.520541,1776217040000
1776217041.955,141.955,0.18,11.83,0.17,33.0,0.19,152.0,0.2,82.0,0.81,152.0,0.8,82.0,0.82,11.83,0.83,33.0,0.01,0.01,2333.566842,1776217041000
1776217043.011,143.011,0.18,11.83,0.17,33.0,0.19,152.0,0.2,82.0,0.81,152.0,0.8,82.0,0.82,11.83,0.83,33.0,0.01,0.01,2333.613297,1776217042000
1776217043.967,143.967,0.18,11.83,0.17,33.0,0.19,152.0,0.2,82.0,0.81,152.0,0.8,82.0,0.82,11.83,0.83,33.0,0.01,0.01,2333.560676,1776217043000
1776217044.199,144.199,0.2,10.38,0.18,57.44,0.21,5.0,0.23,5.0,0.8,5.62,0.79,5.0,0.82,62.44,0.83,38.0,0.01,0.02,2333.560676,1776217043000
1776217044.465,144.465,0.2,35.38,0.19,20.0,0.21,25.0,0.22,22.0,0.79,5.0,0.77,5.0,0.8,10.38,0.82,57.44,0.01,0.01,2333.560676,1776217043000
1776217045.028,145.028,0.2,35.38,0.19,20.0,0.21,25.0,0.22,22.0,0.79,25.0,0.78,22.0,0.8,35.38,0.81,20.0,0.01,0.01,2333.547575,1776217044000
1776217046.063,146.063,0.2,35.38,0.19,20.0,0.21,25.0,0.22,22.0,0.79,25.0,0.78,22.0,0.8,35.38,0.81,20.0,0.01,0.01,2333.743772,1776217045000
1776217047.035,147.035,0.18,26.83,0.17,33.0,0.21,94.75,0.22,32.0,0.79,25.0,0.78,22.0,0.8,35.38,0.81,20.0,0.03,0.01,2333.743772,1776217045000
1776217048.031,148.031,0.18,26.83,0.17,33.0,0.21,94.75,0.22,32.0,0.79,94.75,0.78,32.0,0.82,26.83,0.83,33.0,0.03,0.03,2333.784168,1776217047000
1776217048.658,148.658,0.17,10.0,0.16,15.0,0.18,95.05,0.19,76.08,0.79,94.75,0.78,32.0,0.82,26.83,0.83,33.0,0.01,0.03,2333.784168,1776217047000
1776217049.068,149.068,0.17,10.0,0.16,15.0,0.18,95.05,0.19,76.08,0.82,95.05,0.81,76.08,0.83,10.0,0.84,15.0,0.01,0.01,2333.750723,1776217048000
1776217049.683,149.683,0.16,15.0,0.15,153.82,0.18,76.05,0.19,65.27,0.82,95.05,0.81,76.08,0.83,10.0,0.84,15.0,0.02,0.01,2333.750723,1776217048000
1776217049.988,149.988,0.16,21.31,0.15,158.82,0.17,84.23,0.18,22.05,0.82,76.05,0.81,65.27,0.84,15.0,0.85,153.82,0.01,0.02,2333.750723,1776217048000
1776217051.146,151.146,0.16,21.31,0.15,158.82,0.17,84.23,0.18,22.05,0.83,84.23,0.82,22.05,0.84,21.31,0.85,158.82,0.01,0.01,2333.594037,1776217050000
1776217051.347,151.347,0.16,20.11,0.15,88.82,0.17,90.41,0.18,32.05,0.83,84.23,0.82,22.05,0.84,21.31,0.85,158.82,0.01,0.01,2333.594037,1776217050000
1776217052.197,152.197,0.16,20.11,0.15,88.82,0.17,90.41,0.18,32.05,0.83,90.41,0.82,32.05,0.84,20.11,0.85,88.82,0.01,0.01,2333.577291,1776217051000
1776217052.598,152.598,0.16,13.8,0.15,88.82,0.17,105.93,0.18,59.24,0.83,90.41,0.82,32.05,0.84,20.11,0.85,88.82,0.01,0.01,2333.577291,1776217051000
1776217053.1,153.1,0.16,0.05,0.15,88.82,0.17,100.33,0.18,59.24,0.83,93.33,0.82,59.24,0.84,13.8,0.85,88.82,0.01,0.01,2333.577291,1776217051000
1776217054.224,154.224,0.16,0.05,0.15,88.82,0.17,100.33,0.18,59.24,0.83,100.33,0.82,59.24,0.84,0.05,0.85,88.82,0.01,0.01,2333.531026,1776217053000
1776217055.309,155.309,0.16,0.05,0.15,88.82,0.17,100.33,0.18,59.24,0.83,100.33,0.82,59.24,0.84,0.05,0.85,88.82,0.01,0.01,2333.513064,1776217054000
1776217055.566,155.566,0.12,4.0,0.11,19.0,0.14,12.0,0.15,130.0,0.85,135.0,0.84,51.0,0.87,10.0,0.88,58.27,0.02,0.02,2333.513064,1776217054000
1776217056.024,156.024,0.11,9.4,0.1,65.0,0.13,86.0,0.14,40.0,0.87,93.0,0.86,35.0,0.88,0.31,0.89,50.0,0.02,0.01,2333.513064,1776217054000
1776217056.352,156.352,0.11,9.4,0.1,65.0,0.13,86.0,0.14,40.0,0.87,86.0,0.86,40.0,0.89,9.4,0.9,65.0,0.02,0.02,2333.493643,1776217055000
1776217057.239,157.239,0.11,9.4,0.1,65.0,0.13,86.0,0.14,40.0,0.87,86.0,0.86,40.0,0.89,9.4,0.9,65.0,0.02,0.02,2333.425149,1776217056000
1776217057.85,157.85,0.11,25.76,0.1,65.0,0.13,131.0,0.14,121.4,0.87,86.0,0.86,40.0,0.89,9.4,0.9,65.0,0.02,0.02,2333.425149,1776217056000
1776217058.305,158.305,0.11,25.76,0.1,65.0,0.13,131.0,0.14,121.4,0.87,131.0,0.86,121.4,0.89,25.76,0.9,65.0,0.02,0.02,2333.209453,1776217057000
1776217058.81,158.81,0.11,25.76,0.1,65.0,0.13,131.0,0.14,121.4,0.87,131.0,0.86,121.4,0.89,25.76,0.9,65.0,0.02,0.02,2333.191453,1776217058000
1776217059.098,159.098,0.11,6.35,0.1,59.0,0.12,35.58,0.13,18.0,0.87,131.0,0.86,121.4,0.89,25.76,0.9,65.0,0.01,0.02,2333.191453,1776217058000
1776217059.856,159.856,0.11,3.21,0.1,59.0,0.12,35.58,0.13,18.0,0.88,35.58,0.87,18.0,0.89,3.21,0.9,59.0,0.01,0.01,2333.191452,1776217059000
1776217060.818,160.818,0.13,9.65,0.12,54.0,0.14,76.13,0.15,11.0,0.86,76.13,0.85,11.0,0.87,9.65,0.88,54.0,0.01,0.01,2333.385174,1776217060000
1776217061.856,161.856,0.13,9.65,0.12,54.0,0.14,76.13,0.15,11.0,0.86,76.13,0.85,11.0,0.87,9.65,0.88,54.0,0.01,0.01,2333.410934,1776217061000
1776217062.845,162.845,0.13,9.65,0.12,54.0,0.14,76.13,0.15,11.0,0.86,76.13,0.85,11.0,0.87,9.65,0.88,54.0,0.01,0.01,2333.418284,1776217062000
1776217063.288,163.288,0.16,15.0,0.15,35.0,0.17,28.32,0.18,15.0,0.86,76.13,0.85,11.0,0.87,9.65,0.88,54.0,0.01,0.01,2333.418284,1776217062000
1776217064.343,164.343,0.15,38.7,0.14,42.0,0.16,43.0,0.17,37.0,0.83,28.32,0.82,15.0,0.84,15.0,0.85,35.0,0.01,0.01,2333.418284,1776217062000
1776217065.03,165.03,0.15,37.4,0.14,42.0,0.16,43.0,0.17,37.0,0.84,43.0,0.83,37.0,0.85,37.4,0.86,42.0,0.01,0.01,2333.48432,1776217064000
1776217066.113,166.113,0.15,31.22,0.14,76.9,0.16,61.0,0.17,32.0,0.84,61.0,0.83,32.0,0.85,31.22,0.86,76.9,0.01,0.01,2333.623693,1776217065000
1776217067.317,167.317,0.15,31.22,0.14,76.9,0.16,61.0,0.17,32.0,0.84,61.0,0.83,32.0,0.85,31.22,0.86,76.9,0.01,0.01,2333.60464,1776217066000
1776217067.891,167.891,0.15,31.22,0.14,76.9,0.16,61.0,0.17,32.0,0.84,61.0,0.83,32.0,0.85,31.22,0.86,76.9,0.01,0.01,2333.60489,1776217067000
1776217068.957,168.957,0.15,31.22,0.14,76.9,0.16,61.0,0.17,32.0,0.84,61.0,0.83,32.0,0.85,31.22,0.86,76.9,0.01,0.01,2333.617591,1776217068000
1776217070.038,170.038,0.15,1.33,0.14,41.0,0.16,25.0,0.17,28.0,0.84,25.0,0.83,28.0,0.85,1.33,0.86,41.0,0.01,0.01,2333.644971,1776217069000
1776217071.115,171.115,0.15,1.33,0.14,41.0,0.16,25.0,0.17,28.0,0.84,25.0,0.83,28.0,0.85,1.33,0.86,41.0,0.01,0.01,2333.675242,1776217070000
1776217072.28,172.28,0.15,1.33,0.14,41.0,0.16,25.0,0.17,28.0,0.84,25.0,0.83,28.0,0.85,1.33,0.86,41.0,0.01,0.01,2333.715303,1776217071000
1776217072.632,172.632,0.1,248.46,0.09,64.0,0.12,116.0,0.13,95.0,0.84,25.0,0.83,28.0,0.85,1.33,0.86,41.0,0.02,0.01,2333.715303,1776217071000
1776217072.889,172.889,0.1,248.46,0.09,64.0,0.12,116.0,0.13,95.0,0.88,116.0,0.87,95.0,0.9,248.46,0.91,64.0,0.02,0.02,2333.715403,1776217072000
1776217073.292,173.292,0.11,18.47,0.1,257.46,0.12,150.0,0.13,146.59,0.88,116.0,0.87,95.0,0.9,248.46,0.91,64.0,0.01,0.02,2333.715403,1776217072000
1776217074.178,174.178,0.11,16.0,0.1,262.46,0.12,143.6,0.13,146.59,0.88,143.6,0.87,146.59,0.89,16.0,0.9,262.46,0.01,0.01,2333.63845,1776217073000
1776217075.279,175.279,0.1,33.0,0.09,75.0,0.11,19.0,0.12,142.6,0.89,19.0,0.88,142.6,0.9,33.0,0.91,75.0,0.01,0.01,2333.42695,1776217074000
1776217075.649,175.649,0.1,94.0,0.09,75.0,0.13,34.23,0.14,5.0,0.89,19.0,0.88,142.6,0.9,33.0,0.91,75.0,0.03,0.01,2333.42695,1776217074000
1776217075.911,175.911,0.1,94.0,0.09,75.0,0.13,34.23,0.14,5.0,0.87,34.23,0.86,5.0,0.9,94.0,0.91,75.0,0.03,0.03,2333.377638,1776217075000
1776217076.135,176.135,0.12,10.0,0.11,111.0,0.13,18.76,0.14,10.0,0.87,34.23,0.86,5.0,0.9,94.0,0.91,75.0,0.01,0.03,2333.377638,1776217075000
1776217077.249,177.249,0.12,10.0,0.11,116.0,0.14,18.74,0.15,5.0,0.86,18.74,0.85,5.0,0.88,10.0,0.89,116.0,0.02,0.02,2333.385923,1776217076000
1776217077.506,177.506,0.12,64.59,0.11,196.79,0.13,40.89,0.15,20.0,0.87,62.89,0.85,20.0,0.88,59.59,0.89,196.79,0.01,0.01,2333.385923,1776217076000
1776217077.966,177.966,0.12,59.59,0.11,196.79,0.13,19.89,0.15,20.0,0.87,19.89,0.85,20.0,0.88,59.59,0.89,196.79,0.01,0.01,2333.561825,1776217077000
1776217078.656,178.656,0.12,49.4,0.11,196.79,0.13,57.0,0.14,81.65,0.87,62.89,0.86,20.0,0.88,53.93,0.89,196.79,0.01,0.01,2333.561825,1776217077000
1776217079.036,179.036,0.12,40.86,0.11,196.79,0.13,48.0,0.14,90.65,0.87,57.0,0.86,81.65,0.88,32.0,0.89,196.79,0.01,0.01,2333.561825,1776217077000
1776217079.371,179.371,0.12,21.67,0.11,196.79,0.13,63.0,0.14,90.65,0.87,58.0,0.86,90.65,0.88,42.65,0.89,196.79,0.01,0.01,2333.561825,1776217077000
1776217079.677,179.677,0.12,21.67,0.11,196.79,0.13,63.0,0.14,90.65,0.87,63.0,0.86,90.65,0.88,21.67,0.89,196.79,0.01,0.01,2333.588842,1776217078000
1776217080.169,180.169,0.12,40.59,0.11,196.79,0.13,63.0,0.14,95.65,0.87,63.0,0.86,90.65,0.88,21.67,0.89,196.79,0.01,0.01,2333.588842,1776217078000
1776217081.456,181.456,0.12,40.59,0.11,196.79,0.13,63.0,0.14,95.65,0.87,63.0,0.86,95.65,0.88,40.59,0.89,196.79,0.01,0.01,2333.642543,1776217080000
1776217082.169,182.169,0.12,40.59,0.11,196.79,0.13,63.0,0.14,95.65,0.87,63.0,0.86,95.65,0.88,40.59,0.89,196.79,0.01,0.01,2333.695761,1776217081000
1776217083.28,183.28,0.12,40.59,0.11,196.79,0.13,63.0,0.14,95.65,0.87,63.0,0.86,95.65,0.88,40.59,0.89,196.79,0.01,0.01,2333.807353,1776217082000
1776217084.431,184.431,0.12,40.59,0.11,196.79,0.13,63.0,0.14,95.65,0.87,63.0,0.86,95.65,0.88,40.59,0.89,196.79,0.01,0.01,2333.829461,1776217083000
1776217085.044,185.044,0.12,40.59,0.11,196.79,0.13,63.0,0.14,95.65,0.87,63.0,0.86,95.65,0.88,40.59,0.89,196.79,0.01,0.01,2333.829633,1776217084000
1776217085.52,185.52,0.12,63.02,0.11,203.79,0.13,5.0,0.14,20.0,0.87,63.0,0.86,95.65,0.88,40.59,0.89,196.79,0.01,0.01,2333.829633,1776217084000
1776217085.839,185.839,0.12,5.0,0.11,126.79,0.13,116.0,0.14,33.0,0.87,5.0,0.86,20.0,0.88,63.02,0.89,203.79,0.01,0.01,2333.829633,1776217084000
1776217086.295,186.295,0.11,105.79,0.1,131.1,0.12,90.0,0.13,54.0,0.88,90.0,0.87,54.0,0.89,105.79,0.9,131.1,0.01,0.01,2333.840865,1776217085000
1776217086.886,186.886,0.11,108.84,0.1,121.0,0.12,129.0,0.13,59.0,0.88,90.0,0.87,54.0,0.89,105.79,0.9,131.1,0.01,0.01,2333.840865,1776217085000
1776217087.125,187.125,0.11,62.87,0.1,70.0,0.12,90.0,0.13,48.0,0.88,129.0,0.87,59.0,0.89,108.84,0.9,121.0,0.01,0.01,2333.840865,1776217085000
1776217087.485,187.485,0.1,70.0,0.09,10.0,0.12,90.0,0.13,48.0,0.88,90.0,0.87,48.0,0.9,70.0,0.91,10.0,0.02,0.02,2333.836527,1776217086000
1776217087.729,187.729,0.1,73.3,0.09,10.0,0.11,204.42,0.12,52.0,0.89,209.42,0.88,52.0,0.9,78.44,0.91,10.0,0.01,0.01,2333.836527,1776217086000
1776217088.995,188.995,0.1,73.3,0.09,10.0,0.11,204.42,0.12,52.0,0.89,204.42,0.88,52.0,0.9,73.3,0.91,10.0,0.01,0.01,2333.555776,1776217088000
1776217089.964,189.964,0.09,4.5,0.08,5.0,0.1,136.21,0.11,38.0,0.89,204.42,0.88,52.0,0.9,73.3,0.91,10.0,0.01,0.01,2333.555776,1776217088000
1776217090.247,190.247,0.09,4.5,0.08,5.0,0.1,136.21,0.11,38.0,0.9,136.21,0.89,38.0,0.91,4.5,0.92,5.0,0.01,0.01,2333.44636,1776217089000
1776217091.442,191.442,0.09,4.5,0.08,5.0,0.1,136.21,0.11,38.0,0.9,136.21,0.89,38.0,0.91,4.5,0.92,5.0,0.01,0.01,2333.508631,1776217090000
1776217091.974,191.974,0.08,81.52,0.07,120.3,0.09,22.0,0.1,111.21,0.9,136.21,0.89,38.0,0.91,4.5,0.92,5.0,0.01,0.01,2333.508631,1776217090000
1776217092.335,192.335,0.08,65.17,0.07,120.3,0.09,22.0,0.1,111.21,0.91,22.0,0.9,111.21,0.92,65.17,0.93,120.3,0.01,0.01,2333.441964,1776217091000
1776217092.927,192.927,0.08,65.17,0.07,120.3,0.09,22.0,0.1,111.21,0.91,22.0,0.9,111.21,0.92,65.17,0.93,120.3,0.01,0.01,2333.426181,1776217092000
1776217095.073,195.073,0.07,149.92,0.06,191.8,0.08,17.0,0.09,38.0,0.91,22.0,0.9,111.21,0.92,65.17,0.93,120.3,0.01,0.01,2333.426181,1776217092000
1776217096.273,196.273,0.07,149.92,0.06,191.8,0.08,17.0,0.09,38.0,0.92,17.0,0.91,38.0,0.93,149.92,0.94,191.8,0.01,0.01,2333.419657,1776217094000
1776217097.079,197.079,0.07,86.0,0.06,191.8,0.08,27.0,0.09,43.0,0.92,27.0,0.91,43.0,0.93,86.0,0.94,191.8,0.01,0.01,2333.418141,1776217095000
1776217097.963,197.963,0.07,86.0,0.06,191.8,0.08,27.0,0.09,43.0,0.92,27.0,0.91,43.0,0.93,86.0,0.94,191.8,0.01,0.01,2333.50799,1776217096000
1776217098.726,198.726,0.07,86.0,0.06,191.8,0.08,27.0,0.09,43.0,0.92,27.0,0.91,43.0,0.93,86.0,0.94,191.8,0.01,0.01,2333.511005,1776217097000
1776217099.501,199.501,0.07,86.0,0.06,191.8,0.08,27.0,0.09,43.0,0.92,27.0,0.91,43.0,0.93,86.0,0.94,191.8,0.01,0.01,2333.425593,1776217098000
1776217100.116,200.116,0.07,86.0,0.06,191.8,0.08,27.0,0.09,43.0,0.92,27.0,0.91,43.0,0.93,86.0,0.94,191.8,0.01,0.01,2333.444603,1776217099000
1776217101.121,201.121,0.07,15.0,0.06,242.8,0.08,37.16,0.09,30.0,0.92,27.0,0.91,43.0,0.93,86.0,0.94,191.8,0.01,0.01,2333.444603,1776217099000
1776217101.471,201.471,0.07,15.0,0.06,242.8,0.08,37.16,0.09,30.0,0.92,37.16,0.91,30.0,0.93,15.0,0.94,242.8,0.01,0.01,2333.450638,1776217100000
1776217101.955,201.955,0.06,242.72,0.05,213.8,0.08,42.16,0.09,30.0,0.92,37.16,0.91,30.0,0.93,15.0,0.94,242.8,0.02,0.01,2333.450638,1776217100000
1776217103.386,203.386,0.06,242.72,0.05,213.8,0.08,42.16,0.09,30.0,0.92,42.16,0.91,30.0,0.94,242.72,0.95,213.8,0.02,0.02,2333.45277,1776217102000
1776217104.019,204.019,0.06,242.72,0.05,208.8,0.08,37.16,0.09,30.0,0.92,37.16,0.91,30.0,0.94,242.72,0.95,208.8,0.02,0.02,2333.44397,1776217103000
1776217105.326,205.326,0.06,242.72,0.05,208.8,0.08,37.16,0.09,30.0,0.92,37.16,0.91,30.0,0.94,242.72,0.95,208.8,0.02,0.02,2333.441765,1776217104000
1776217105.961,205.961,0.06,242.72,0.05,208.8,0.08,37.16,0.09,30.0,0.92,37.16,0.91,30.0,0.94,242.72,0.95,208.8,0.02,0.02,2333.415669,1776217105000
1776217106.17,206.17,0.08,179.0,0.07,132.0,0.1,11.22,0.11,28.0,0.91,17.6,0.9,15.0,0.92,174.0,0.93,132.0,0.02,0.01,2333.415669,1776217105000
1776217107.217,207.217,0.08,179.0,0.07,132.0,0.1,11.22,0.11,28.0,0.9,11.22,0.89,28.0,0.92,179.0,0.93,132.0,0.02,0.02,2333.395426,1776217106000
1776217107.47,207.47,0.1,20.12,0.09,82.0,0.11,20.0,0.12,44.36,0.89,15.0,0.88,39.36,0.9,38.48,0.91,82.0,0.01,0.01,2333.395426,1776217106000
1776217107.742,207.742,0.09,131.0,0.08,159.9,0.11,25.0,0.12,49.36,0.89,20.0,0.88,44.36,0.9,9.77,0.91,116.0,0.02,0.01,2333.395426,1776217106000
1776217107.977,207.977,0.09,131.0,0.08,159.9,0.11,25.0,0.12,49.36,0.89,25.0,0.88,49.36,0.91,131.0,0.92,159.9,0.02,0.02,2333.601579,1776217107000
1776217108.193,208.193,0.1,13.0,0.09,89.58,0.11,25.0,0.12,49.36,0.9,15.0,0.89,25.0,0.91,84.58,0.92,159.9,0.01,0.01,2333.601579,1776217107000
1776217109.053,209.053,0.1,16.88,0.09,64.58,0.11,15.0,0.12,54.36,0.89,25.0,0.88,49.36,0.9,13.0,0.91,89.58,0.01,0.01,2333.601579,1776217107000
1776217109.427,209.427,0.1,50.76,0.09,57.58,0.11,84.99,0.12,25.0,0.89,15.0,0.88,54.36,0.9,16.88,0.91,64.58,0.01,0.01,2333.744205,1776217108000
1776217110.518,210.518,0.1,50.76,0.09,57.58,0.11,84.99,0.12,25.0,0.89,84.99,0.88,25.0,0.9,50.76,0.91,57.58,0.01,0.01,2333.75265,1776217109000
1776217110.868,210.868,0.07,9.9,0.06,35.0,0.08,26.0,0.09,292.99,0.89,84.99,0.88,25.0,0.9,50.76,0.91,57.58,0.01,0.01,2333.75265,1776217109000
1776217111.191,211.191,0.04,104.69,0.03,662.7,0.07,71.0,0.08,254.99,0.93,71.0,0.92,254.99,0.96,104.69,0.97,662.7,0.03,0.03,2333.738402,1776217110000
1776217111.439,211.439,0.04,103.64,0.03,616.7,0.05,154.0,0.06,150.0,0.93,71.0,0.92,254.99,0.96,104.69,0.97,662.7,0.01,0.03,2333.738402,1776217110000
1776217111.775,211.775,0.04,97.59,0.03,594.7,0.05,159.0,0.06,155.0,0.95,154.0,0.94,155.0,0.96,98.64,0.97,616.7,0.01,0.01,2333.738402,1776217110000
1776217112.551,212.551,0.04,41.51,0.03,594.7,0.05,151.31,0.06,155.0,0.95,157.83,0.94,155.0,0.96,41.51,0.97,594.7,0.01,0.01,2333.738402,1776217110000
1776217112.956,212.956,0.04,41.51,0.03,594.7,0.05,151.31,0.06,155.0,0.95,151.31,0.94,155.0,0.96,41.51,0.97,594.7,0.01,0.01,2333.42689,1776217111000
1776217114.039,214.039,0.04,41.51,0.03,594.7,0.05,151.31,0.06,155.0,0.95,151.31,0.94,155.0,0.96,41.51,0.97,594.7,0.01,0.01,2333.087232,1776217112000
1776217114.71,214.71,0.04,41.51,0.03,594.7,0.05,151.31,0.06,155.0,0.95,151.31,0.94,155.0,0.96,41.51,0.97,594.7,0.01,0.01,2333.068825,1776217113000
1776217115.373,215.373,0.04,25.63,0.03,329.7,0.05,171.31,0.06,155.0,0.95,201.31,0.94,155.0,0.96,31.88,0.97,329.7,0.01,0.01,2333.068825,1776217113000
1776217115.763,215.763,0.04,18.73,0.03,329.7,0.05,171.31,0.06,160.0,0.95,171.31,0.94,155.0,0.96,25.63,0.97,329.7,0.01,0.01,2333.060039,1776217114000
1776217116.1,216.1,0.04,18.73,0.03,329.7,0.05,171.31,0.06,160.0,0.95,171.31,0.94,160.0,0.96,18.73,0.97,329.7,0.01,0.01,2333.054643,1776217115000
1776217116.696,216.696,0.04,14.65,0.03,329.7,0.05,205.31,0.06,160.0,0.95,171.31,0.94,160.0,0.96,18.73,0.97,329.7,0.01,0.01,2333.054643,1776217115000
1776217117.691,217.691,0.04,9.44,0.03,329.7,0.05,210.31,0.06,160.0,0.95,205.31,0.94,160.0,0.96,14.65,0.97,329.7,0.01,0.01,2333.054643,1776217115000
1776217118.387,218.387,0.04,9.44,0.03,329.7,0.05,210.31,0.06,160.0,0.95,210.31,0.94,160.0,0.96,9.44,0.97,329.7,0.01,0.01,2333.049558,1776217117000
1776217119.005,219.005,0.04,9.44,0.03,329.7,0.05,210.31,0.06,160.0,0.95,210.31,0.94,160.0,0.96,9.44,0.97,329.7,0.01,0.01,2333.016973,1776217118000
1776217120.335,220.335,0.04,9.44,0.03,329.7,0.05,210.31,0.06,160.0,0.95,210.31,0.94,160.0,0.96,9.44,0.97,329.7,0.01,0.01,2332.981022,1776217119000
1776217120.962,220.962,0.04,9.44,0.03,329.7,0.05,210.31,0.06,160.0,0.95,210.31,0.94,160.0,0.96,9.44,0.97,329.7,0.01,0.01,2333.009239,1776217120000
1776217121.385,221.385,0.04,10.23,0.03,329.7,0.05,196.31,0.06,160.0,0.95,210.31,0.94,160.0,0.96,9.44,0.97,329.7,0.01,0.01,2333.009239,1776217120000
1776217122.651,222.651,0.04,10.23,0.03,329.7,0.05,196.31,0.06,160.0,0.95,196.31,0.94,160.0,0.96,10.23,0.97,329.7,0.01,0.01,2333.057315,1776217121000
1776217122.982,222.982,0.04,1.1,0.03,206.0,0.05,178.31,0.06,396.79,0.95,196.31,0.94,160.0,0.96,10.23,0.97,329.7,0.01,0.01,2333.057315,1776217121000
1776217123.327,223.327,0.04,1.1,0.03,206.0,0.05,178.31,0.06,396.79,0.95,178.31,0.94,396.79,0.96,1.1,0.97,206.0,0.01,0.01,2332.986634,1776217122000
1776217123.585,223.585,0.03,191.69,0.02,860.7,0.05,197.31,0.06,409.79,0.95,178.31,0.94,396.79,0.96,1.1,0.97,206.0,0.02,0.01,2332.986634,1776217122000
1776217123.811,223.811,0.03,180.67,0.02,811.7,0.04,134.0,0.05,177.31,0.96,124.0,0.95,177.31,0.97,185.83,0.98,860.7,0.01,0.01,2332.986634,1776217122000
1776217124.158,224.158,0.03,180.67,0.02,811.7,0.04,125.58,0.05,177.31,0.96,125.58,0.95,177.31,0.97,180.67,0.98,811.7,0.01,0.01,2333.062727,1776217123000
1776217125.401,225.401,0.03,160.67,0.02,811.7,0.04,135.58,0.05,177.31,0.96,135.58,0.95,177.31,0.97,160.67,0.98,811.7,0.01,0.01,2332.917802,1776217124000
1776217125.999,225.999,0.03,99.67,0.02,811.7,0.04,115.0,0.05,259.7,0.96,135.58,0.95,177.31,0.97,160.67,0.98,811.7,0.01,0.01,2332.917802,1776217124000
1776217127.437,227.437,0.03,99.67,0.02,811.7,0.04,115.0,0.05,259.7,0.96,115.0,0.95,259.7,0.97,99.67,0.98,811.7,0.01,0.01,2332.983592,1776217126000
1776217127.654,227.654,0.03,103.67,0.02,1111.7,0.04,296.02,0.05,155.0,0.96,115.0,0.95,259.7,0.97,99.67,0.98,811.7,0.01,0.01,2332.983592,1776217126000
1776217128.159,228.159,0.03,103.67,0.02,1111.7,0.04,296.02,0.05,155.0,0.96,296.02,0.95,155.0,0.97,103.67,0.98,1111.7,0.01,0.01,2333.020944,1776217127000
1776217128.503,228.503,0.03,103.67,0.02,1075.7,0.04,290.93,0.05,155.0,0.96,296.02,0.95,155.0,0.97,103.67,0.98,1111.7,0.01,0.01,2333.020944,1776217127000
1776217129.041,229.041,0.03,88.06,0.02,1046.7,0.04,129.91,0.05,155.0,0.96,290.93,0.95,155.0,0.97,103.67,0.98,1075.7,0.01,0.01,2333.020944,1776217127000
1776217129.511,229.511,0.03,88.06,0.02,1046.7,0.04,129.91,0.05,155.0,0.96,129.91,0.95,155.0,0.97,88.06,0.98,1046.7,0.01,0.01,2333.046736,1776217128000
1776217130.263,230.263,0.03,88.06,0.02,1046.7,0.04,129.91,0.05,155.0,0.96,129.91,0.95,155.0,0.97,88.06,0.98,1046.7,0.01,0.01,2333.046736,1776217129000
1776217131.238,231.238,0.03,77.9,0.02,1005.7,0.04,288.22,0.05,414.79,0.96,129.91,0.95,155.0,0.97,88.06,0.98,1046.7,0.01,0.01,2333.046736,1776217129000
1776217132.438,232.438,0.03,82.9,0.02,1005.7,0.04,114.91,0.05,459.28,0.96,288.22,0.95,414.79,0.97,77.9,0.98,1005.7,0.01,0.01,2333.050082,1776217130000
1776217132.77,232.77,0.03,67.59,0.02,1005.7,0.04,109.91,0.05,459.28,0.96,109.91,0.95,459.28,0.97,67.59,0.98,1005.7,0.01,0.01,2333.014055,1776217131000
1776217133.198,233.198,0.03,373.29,0.02,1305.7,0.05,15.0,0.06,120.0,0.96,109.91,0.95,459.28,0.97,67.59,0.98,1005.7,0.02,0.01,2333.014055,1776217131000
1776217133.477,233.477,0.04,65.0,0.03,378.29,0.05,55.01,0.06,125.0,0.95,55.01,0.94,125.0,0.96,65.0,0.97,378.29,0.01,0.01,2332.992611,1776217132000
1776217134.048,234.048,0.04,65.0,0.03,378.29,0.05,55.01,0.06,125.0,0.95,55.01,0.94,125.0,0.96,65.0,0.97,378.29,0.01,0.01,2333.013303,1776217133000
1776217134.276,234.276,0.04,147.05,0.03,344.29,0.05,165.01,0.06,130.0,0.95,55.01,0.94,125.0,0.96,65.0,0.97,378.29,0.01,0.01,2333.013303,1776217133000
1776217134.711,234.711,0.04,135.77,0.03,344.29,0.05,165.01,0.06,130.0,0.95,170.01,0.94,130.0,0.96,145.64,0.97,344.29,0.01,0.01,2333.013303,1776217133000
1776217135.003,235.003,0.04,134.72,0.03,344.29,0.05,170.01,0.06,130.0,0.95,165.01,0.94,130.0,0.96,135.77,0.97,344.29,0.01,0.01,2333.013303,1776217133000
1776217135.719,235.719,0.04,134.72,0.03,344.29,0.05,170.01,0.06,130.0,0.95,170.01,0.94,130.0,0.96,134.72,0.97,344.29,0.01,0.01,2333.057477,1776217134000
1776217136.305,236.305,0.04,132.04,0.03,195.29,0.05,165.01,0.06,130.0,0.95,170.01,0.94,130.0,0.96,134.72,0.97,344.29,0.01,0.01,2333.057477,1776217134000
1776217137.103,237.103,0.04,132.04,0.03,195.29,0.05,165.01,0.06,130.0,0.95,165.01,0.94,130.0,0.96,132.04,0.97,195.29,0.01,0.01,2333.363171,1776217136000
1776217138.422,238.422,0.04,132.04,0.03,195.29,0.05,165.01,0.06,130.0,0.95,165.01,0.94,130.0,0.96,132.04,0.97,195.29,0.01,0.01,2333.381972,1776217137000
1776217139.073,239.073,0.04,132.04,0.03,195.29,0.05,165.01,0.06,130.0,0.95,165.01,0.94,130.0,0.96,132.04,0.97,195.29,0.01,0.01,2333.389772,1776217138000
1776217139.959,239.959,0.04,33.82,0.03,195.29,0.05,135.0,0.06,177.77,0.95,165.01,0.94,130.0,0.96,132.04,0.97,195.29,0.01,0.01,2333.389772,1776217138000
1776217140.211,240.211,0.04,31.14,0.03,195.29,0.05,35.0,0.06,238.76,0.95,135.0,0.94,177.77,0.96,33.82,0.97,195.29,0.01,0.01,2333.389772,1776217138000
1776217140.739,240.739,0.04,20.14,0.03,195.29,0.05,35.0,0.06,256.76,0.95,35.0,0.94,238.76,0.96,31.14,0.97,195.29,0.01,0.01,2333.384773,1776217139000
1776217141.517,241.517,0.03,20.04,0.02,1384.7,0.04,47.09,0.05,209.99,0.95,35.0,0.94,256.76,0.96,15.14,0.97,195.29,0.01,0.01,2333.384773,1776217139000
1776217141.773,241.773,0.03,20.04,0.02,1384.7,0.04,47.09,0.05,209.99,0.96,47.09,0.95,209.99,0.97,20.04,0.98,1384.7,0.01,0.01,2333.390208,1776217140000
1776217142.423,242.423,0.03,20.04,0.02,1384.7,0.04,47.09,0.05,209.99,0.96,47.09,0.95,209.99,0.97,20.04,0.98,1384.7,0.01,0.01,2333.400856,1776217141000
1776217142.628,242.628,0.03,15.04,0.02,1368.7,0.04,148.8,0.05,234.99,0.96,47.09,0.95,209.99,0.97,20.04,0.98,1384.7,0.01,0.01,2333.400856,1776217141000
1776217143.202,243.202,0.03,1.88,0.02,1368.7,0.04,148.8,0.05,234.99,0.96,148.8,0.95,234.99,0.97,1.88,0.98,1368.7,0.01,0.01,2333.391994,1776217142000
1776217144.417,244.417,0.03,1.88,0.02,1368.7,0.04,148.8,0.05,234.99,0.96,148.8,0.95,234.99,0.97,1.88,0.98,1368.7,0.01,0.01,2333.322994,1776217143000
1776217145.071,245.071,0.03,1.88,0.02,1368.7,0.04,148.8,0.05,234.99,0.96,148.8,0.95,234.99,0.97,1.88,0.98,1368.7,0.01,0.01,2333.274472,1776217144000
1776217145.322,245.322,0.03,124.52,0.02,846.7,0.04,123.8,0.05,10.0,0.96,148.8,0.95,234.99,0.97,1.88,0.98,1368.7,0.01,0.01,2333.274472,1776217144000
1776217146.475,246.475,0.03,134.52,0.02,846.7,0.04,58.8,0.05,10.0,0.96,58.8,0.95,10.0,0.97,134.52,0.98,846.7,0.01,0.01,2333.29987,1776217145000
1776217147.071,247.071,0.03,167.48,0.02,801.7,0.04,63.8,0.05,15.0,0.96,58.8,0.95,10.0,0.97,134.52,0.98,846.7,0.01,0.01,2333.29987,1776217145000
1776217147.432,247.432,0.03,125.23,0.02,1001.7,0.04,75.38,0.05,20.0,0.96,63.8,0.95,15.0,0.97,167.48,0.98,801.7,0.01,0.01,2333.420694,1776217146000
1776217147.726,247.726,0.03,121.98,0.02,801.7,0.04,75.38,0.05,20.0,0.96,75.38,0.95,20.0,0.97,125.23,0.98,1001.7,0.01,0.01,2333.420694,1776217146000
1776217148.294,248.294,0.03,105.96,0.02,802.7,0.04,80.38,0.05,20.0,0.96,75.38,0.95,20.0,0.97,99.18,0.98,801.7,0.01,0.01,2333.420694,1776217146000
1776217149.011,249.011,0.03,99.92,0.02,802.7,0.04,80.38,0.05,20.0,0.96,80.38,0.95,20.0,0.97,99.92,0.98,802.7,0.01,0.01,2333.595706,1776217147000
1776217149.228,249.228,0.02,482.83,0.01,1972.47,0.04,349.37,0.05,74.24,0.96,349.37,0.95,104.24,0.97,2.97,0.98,485.0,0.02,0.01,2333.595706,1776217147000
1776217149.563,249.563,0.02,472.61,0.01,1972.47,0.03,10.0,0.04,349.37,0.97,10.0,0.96,349.37,0.98,472.61,0.99,1972.47,0.01,0.01,2333.598168,1776217148000
1776217150.194,250.194,0.02,472.61,0.01,2372.47,0.03,111.76,0.04,367.69,0.97,10.0,0.96,349.37,0.98,472.61,0.99,1972.47,0.01,0.01,2333.598168,1776217148000
1776217150.852,250.852,0.02,477.61,0.01,2271.47,0.03,1.58,0.04,118.7,0.97,111.76,0.96,367.69,0.98,472.61,0.99,2372.47,0.01,0.01,2333.599197,1776217149000
1776217151.108,251.108,0.02,477.61,0.01,2271.47,0.03,1.58,0.04,118.7,0.97,1.58,0.96,118.7,0.98,477.61,0.99,2271.47,0.01,0.01,2333.327367,1776217150000
1776217151.659,251.659,0.02,657.94,0.01,2271.47,0.03,1.58,0.04,80.42,0.97,1.58,0.96,30.0,0.98,470.35,0.99,2271.47,0.01,0.01,2333.327367,1776217150000
1776217151.86,251.86,0.02,652.94,0.01,2171.47,0.03,1.58,0.04,80.42,0.97,1.58,0.96,80.42,0.98,657.94,0.99,2271.47,0.01,0.01,2333.327367,1776217150000
1776217152.122,252.122,0.02,547.61,0.01,2171.47,0.03,1.58,0.04,80.42,0.97,1.58,0.96,80.42,0.98,652.94,0.99,2171.47,0.01,0.01,2333.327367,1776217150000
1776217152.764,252.764,0.02,546.48,0.01,2066.47,0.03,1.58,0.04,186.9,0.97,1.58,0.96,80.42,0.98,547.61,0.99,2171.47,0.01,0.01,2333.184719,1776217151000
1776217153.066,253.066,0.02,545.45,0.01,1684.47,0.03,1.58,0.04,186.9,0.97,1.58,0.96,186.9,0.98,545.45,0.99,1684.47,0.01,0.01,2333.296626,1776217152000
1776217154.592,254.592,0.02,545.45,0.01,1684.47,0.03,1.58,0.04,186.9,0.97,1.58,0.96,186.9,0.98,545.45,0.99,1684.47,0.01,0.01,2333.364099,1776217153000
1776217155.105,255.105,0.02,545.45,0.01,1684.47,0.03,1.58,0.04,186.9,0.97,1.58,0.96,186.9,0.98,545.45,0.99,1684.47,0.01,0.01,2333.35105,1776217154000
1776217155.93,255.93,0.02,306.75,0.01,1684.47,0.03,312.85,0.04,333.69,0.97,1.58,0.96,186.9,0.98,545.45,0.99,1684.47,0.01,0.01,2333.35105,1776217154000
1776217156.199,256.199,0.02,306.75,0.01,1684.47,0.03,312.85,0.04,333.69,0.97,312.85,0.96,333.69,0.98,306.75,0.99,1684.47,0.01,0.01,2333.253998,1776217155000
1776217156.741,256.741,0.02,303.71,0.01,1684.47,0.03,317.85,0.04,350.69,0.97,312.85,0.96,333.69,0.98,306.75,0.99,1684.47,0.01,0.01,2333.253998,1776217155000
1776217157.348,257.348,0.02,303.71,0.01,1684.47,0.03,317.85,0.04,350.69,0.97,317.85,0.96,350.69,0.98,303.71,0.99,1684.47,0.01,0.01,2333.151052,1776217156000
1776217158.042,258.042,0.02,492.41,0.01,1890.47,0.03,1.89,0.04,68.42,0.97,1.89,0.96,68.42,0.98,492.41,0.99,1890.47,0.01,0.01,2333.150075,1776217157000
1776217158.462,258.462,0.02,487.41,0.01,1890.47,0.04,55.31,0.05,85.8,0.97,1.89,0.96,68.42,0.98,492.41,0.99,1890.47,0.02,0.01,2333.150075,1776217157000
1776217158.902,258.902,0.02,487.41,0.01,1890.47,0.04,55.31,0.05,85.8,0.96,55.31,0.95,85.8,0.98,487.41,0.99,1890.47,0.02,0.02,2333.152002,1776217158000
1776217159.33,259.33,0.02,272.55,0.01,1890.47,0.03,61.96,0.04,5.0,0.97,61.96,0.96,5.0,0.98,472.76,0.99,1990.47,0.01,0.01,2333.152002,1776217158000
1776217159.63,259.63,0.03,8.86,0.02,264.48,0.04,164.08,0.05,245.79,0.97,61.96,0.96,5.0,0.98,269.48,0.99,1890.47,0.01,0.01,2333.152002,1776217158000
1776217159.934,259.934,0.03,3.25,0.02,269.48,0.04,164.08,0.05,245.79,0.96,164.08,0.95,245.79,0.97,3.25,0.98,269.48,0.01,0.01,2333.553764,1776217159000
1776217160.135,260.135,0.02,269.48,0.01,1885.47,0.04,169.08,0.05,257.79,0.96,164.08,0.95,245.79,0.97,3.25,0.98,269.48,0.02,0.01,2333.553764,1776217159000
1776217160.337,260.337,0.02,249.48,0.01,1885.47,0.04,179.08,0.05,257.79,0.96,169.08,0.95,257.79,0.98,269.48,0.99,1885.47,0.02,0.02,2333.553764,1776217159000
1776217160.931,260.931,0.02,248.45,0.01,1885.47,0.03,145.44,0.04,20.0,0.96,179.08,0.95,257.79,0.98,249.48,0.99,1885.47,0.01,0.02,2333.553764,1776217159000
1776217161.458,261.458,0.03,128.7,0.02,341.45,0.06,25.0,0.07,59.0,0.97,145.44,0.96,20.0,0.98,248.45,0.99,1885.47,0.03,0.01,2333.624819,1776217160000
1776217162.063,262.063,0.03,128.7,0.02,341.45,0.06,25.0,0.07,59.0,0.94,25.0,0.93,59.0,0.97,128.7,0.98,341.45,0.03,0.03,2333.61865,1776217161000
1776217162.66,262.66,0.1,35.0,0.05,366.0,0.11,10.0,0.12,10.0,0.95,82.89,0.94,25.0,0.96,73.45,0.97,286.7,0.01,0.01,2333.61865,1776217161000
1776217163.078,263.078,0.11,55.0,0.1,10.0,0.13,10.0,0.14,10.0,0.88,1.89,0.87,10.0,0.91,65.55,0.92,64.0,0.02,0.03,2333.61865,1776217161000
1776217163.33,263.33,0.14,8.43,0.13,18.0,0.15,10.0,0.16,15.0,0.85,10.0,0.84,15.0,0.86,8.43,0.87,18.0,0.01,0.01,2333.697311,1776217162000
1776217163.532,263.532,0.22,7.72,0.21,70.0,0.23,9.9,0.24,10.0,0.77,10.0,0.76,10.0,0.78,7.72,0.79,70.0,0.01,0.01,2333.697311,1776217162000
1776217163.739,263.739,0.23,106.7,0.22,35.0,0.24,20.0,0.25,10.0,0.73,10.0,0.72,15.0,0.77,10.0,0.78,109.0,0.01,0.04,2333.697311,1776217162000
1776217164.018,264.018,0.29,55.0,0.28,10.0,0.3,75.71,0.33,12.0,0.7,85.71,0.67,12.0,0.72,2.31,0.73,20.0,0.01,0.02,2333.697311,1776217162000
1776217164.23,264.23,0.35,7.3,0.34,10.0,0.36,44.04,0.4,6.0,0.64,50.0,0.6,6.0,0.65,7.3,0.66,10.0,0.01,0.01,2333.905613,1776217163000
1776217164.501,264.501,0.35,3.09,0.34,10.0,0.36,54.04,0.37,84.57,0.64,49.04,0.63,5.0,0.65,8.09,0.66,10.0,0.01,0.01,2333.905613,1776217163000
1776217164.745,264.745,0.33,3.08,0.32,10.0,0.36,37.8,0.37,84.57,0.64,37.8,0.63,84.57,0.65,1.55,0.66,10.0,0.03,0.01,2333.905613,1776217163000
1776217165.163,265.163,0.25,39.0,0.24,10.0,0.3,15.0,0.31,10.0,0.65,5.0,0.64,27.8,0.66,1.51,0.67,3.08,0.05,0.01,2333.905613,1776217163000
1776217165.374,265.374,0.26,74.64,0.25,39.0,0.27,5.0,0.28,5.0,0.73,5.0,0.72,5.0,0.74,71.0,0.75,39.0,0.01,0.01,2334.589259,1776217164000
1776217165.718,265.718,0.26,32.0,0.25,39.0,0.28,5.0,0.29,102.53,0.73,5.0,0.72,5.0,0.74,74.64,0.75,39.0,0.02,0.01,2334.589259,1776217164000
1776217166.124,266.124,0.27,7.94,0.26,15.0,0.28,5.0,0.29,107.53,0.72,5.0,0.71,107.53,0.73,7.94,0.74,15.0,0.01,0.01,2334.991355,1776217165000
1776217166.36,266.36,0.28,76.0,0.27,17.94,0.29,16.39,0.3,15.0,0.71,67.42,0.7,15.0,0.72,59.0,0.73,17.94,0.01,0.01,2334.991355,1776217165000
1776217166.93,266.93,0.34,81.0,0.33,10.0,0.35,10.88,0.36,22.8,0.71,16.39,0.7,15.0,0.72,76.0,0.73,17.94,0.01,0.01,2334.991355,1776217165000
1776217167.147,267.147,0.5,5.0,0.47,10.0,0.51,32.58,0.52,15.0,0.49,39.06,0.48,15.0,0.5,5.0,0.53,10.0,0.01,0.01,2334.991355,1776217165000
1776217167.349,267.349,0.28,20.47,0.26,50.0,0.29,12.0,0.3,12.0,0.69,12.0,0.68,11.0,0.72,33.47,0.74,50.0,0.01,0.03,2334.991355,1776217165000
1776217167.56,267.56,0.26,48.6,0.24,5.0,0.29,74.21,0.3,32.0,0.71,12.0,0.7,12.0,0.72,20.47,0.74,50.0,0.03,0.01,2335.018,1776217166000
1776217167.837,267.837,0.22,10.0,0.21,70.0,0.23,13.0,0.24,10.0,0.73,5.0,0.71,73.62,0.74,43.7,0.76,5.0,0.01,0.01,2335.018,1776217166000
1776217168.146,268.146,0.22,2.44,0.21,69.9,0.24,5.0,0.27,10.19,0.78,9.31,0.77,13.83,0.79,59.9,0.8,62.08,0.02,0.01,2335.018,1776217166000
1776217168.466,268.466,0.26,72.63,0.25,10.0,0.27,10.19,0.28,10.0,0.73,10.19,0.71,27.0,0.77,11.77,0.79,41.33,0.01,0.04,2335.018,1776217166000
1776217168.738,268.738,0.26,8.52,0.25,20.0,0.27,10.19,0.29,22.0,0.73,5.19,0.72,10.0,0.74,44.87,0.75,10.0,0.01,0.01,2335.018,1776217166000
1776217169.031,269.031,0.26,79.52,0.25,20.0,0.27,4.08,0.28,5.0,0.73,10.19,0.71,22.0,0.74,8.52,0.75,20.0,0.01,0.01,2335.018,1776217166000
1776217169.253,269.253,0.26,65.58,0.25,20.0,0.27,4.08,0.28,15.0,0.73,4.08,0.72,15.0,0.74,74.64,0.75,20.0,0.01,0.01,2335.018,1776217166000
1776217169.534,269.534,0.28,55.55,0.27,10.0,0.29,110.14,0.3,27.0,0.71,16.33,0.7,32.0,0.74,36.57,0.75,10.0,0.01,0.03,2335.018,1776217166000
1776217169.746,269.746,0.28,52.77,0.27,10.0,0.29,10.0,0.3,15.0,0.71,110.14,0.7,27.0,0.72,54.16,0.73,10.0,0.01,0.01,2335.018,1776217166000
1776217169.98,269.98,0.29,67.59,0.28,10.0,0.35,8.31,0.36,10.0,0.7,5.0,0.64,10.0,0.71,67.59,0.72,10.0,0.06,0.01,2335.018,1776217166000
1776217170.301,270.301,0.35,37.0,0.34,15.0,0.36,11.27,0.37,10.0,0.63,5.0,0.62,56.06,0.65,10.0,0.66,10.0,0.01,0.02,2335.018,1776217166000
1776217170.512,270.512,0.35,46.19,0.34,15.0,0.36,21.85,0.37,10.0,0.64,11.27,0.63,10.0,0.65,29.19,0.66,15.0,0.01,0.01,2335.018,1776217166000
1776217170.925,270.925,0.35,42.65,0.34,15.0,0.36,26.85,0.37,5.0,0.64,26.85,0.63,5.0,0.65,42.65,0.66,15.0,0.01,0.01,2335.09272,1776217169000
1776217171.254,271.254,0.35,35.61,0.34,15.0,0.36,26.85,0.37,5.0,0.64,26.85,0.63,5.0,0.65,42.65,0.66,15.0,0.01,0.01,2335.09272,1776217169000
1776217171.506,271.506,0.35,35.61,0.34,15.0,0.36,26.85,0.37,5.0,0.64,26.85,0.63,5.0,0.65,35.61,0.66,15.0,0.01,0.01,2335.09638,1776217170000
1776217172.064,272.064,0.35,35.61,0.34,15.0,0.36,26.85,0.37,5.0,0.64,26.85,0.63,5.0,0.65,35.61,0.66,15.0,0.01,0.01,2335.271529,1776217171000
1776217172.272,272.272,0.35,6.7,0.34,5.0,0.36,31.85,0.37,5.0,0.64,26.85,0.63,5.0,0.65,35.61,0.66,15.0,0.01,0.01,2335.271529,1776217171000
1776217172.622,272.622,0.33,60.94,0.32,10.0,0.35,25.24,0.36,15.0,0.65,10.0,0.64,21.27,0.67,11.94,0.68,10.0,0.02,0.02,2335.271529,1776217171000
1776217173.048,273.048,0.33,33.94,0.32,10.0,0.34,26.27,0.35,25.24,0.65,25.24,0.64,15.0,0.67,60.94,0.68,10.0,0.01,0.02,2335.271529,1776217171000
1776217173.614,273.614,0.33,42.0,0.32,15.0,0.35,2.81,0.36,10.0,0.66,27.54,0.65,25.24,0.67,64.0,0.68,15.0,0.02,0.01,2335.317213,1776217172000
1776217174.239,274.239,0.33,42.0,0.32,15.0,0.35,2.81,0.36,10.0,0.65,2.81,0.64,10.0,0.67,42.0,0.68,15.0,0.02,0.02,2335.33932,1776217173000
1776217174.453,274.453,0.34,53.0,0.33,15.0,0.35,20.0,0.36,20.0,0.65,20.0,0.64,15.0,0.67,15.0,0.68,10.0,0.01,0.02,2335.33932,1776217173000
1776217175.225,275.225,0.34,20.0,0.33,15.0,0.38,46.06,0.41,80.0,0.65,20.0,0.64,20.0,0.66,53.0,0.67,15.0,0.04,0.01,2335.33932,1776217173000
1776217175.601,275.601,0.35,9.15,0.34,11.09,0.37,10.0,0.38,46.06,0.62,46.06,0.59,80.0,0.66,11.09,0.67,15.0,0.02,0.04,2335.296744,1776217174000
1776217175.894,275.894,0.36,9.51,0.35,4.15,0.37,10.0,0.38,46.06,0.63,10.0,0.62,46.06,0.64,9.51,0.65,4.15,0.01,0.01,2335.296744,1776217175000
1776217176.153,276.153,0.36,0.51,0.35,17.15,0.37,15.0,0.38,46.06,0.63,10.0,0.62,46.06,0.64,9.51,0.65,4.15,0.01,0.01,2335.296744,1776217175000
1776217176.589,276.589,0.36,5.13,0.35,17.15,0.37,35.0,0.38,46.06,0.63,15.0,0.62,46.06,0.64,0.51,0.65,17.15,0.01,0.01,2335.296744,1776217175000
1776217176.951,276.951,0.35,19.12,0.34,11.09,0.37,35.0,0.38,51.06,0.63,35.0,0.62,51.06,0.65,19.12,0.66,11.09,0.02,0.02,2335.295829,1776217176000
1776217177.412,277.412,0.94,17.0,0.93,62.0,0.95,215.0,0.96,70.0,0.15,20.67,0.08,30.0,0.39,5.0,0.41,10.0,0.01,0.24,2335.295829,1776217176000
1776217177.627,277.627,0.94,15.0,0.93,15.0,0.95,211.79,0.96,80.0,0.05,232.22,0.04,80.0,0.06,10.0,0.07,40.0,0.01,0.01,2335.295829,1776217176000
1776217177.863,277.863,0.93,117.71,0.92,44.0,0.94,46.57,0.95,161.39,0.06,49.73,0.05,151.39,0.07,70.71,0.08,44.0,0.01,0.01,2335.295829,1776217176000
1776217178.097,278.097,0.93,47.71,0.92,44.0,0.94,25.0,0.95,122.34,0.05,122.34,0.04,80.0,0.07,117.71,0.08,44.0,0.01,0.02,2335.228662,1776217177000
1776217178.404,278.404,0.93,10.0,0.92,25.87,0.95,19.9,0.96,80.0,0.05,30.2,0.04,80.0,0.08,15.87,0.09,10.0,0.02,0.03,2335.228662,1776217177000
1776217178.617,278.617,0.93,10.0,0.92,43.99,0.95,4.0,0.96,80.0,0.05,10.0,0.04,80.0,0.07,12.0,0.08,25.87,0.02,0.02,2335.228662,1776217177000
1776217179.181,279.181,0.93,10.0,0.92,43.99,0.95,4.0,0.96,80.0,0.05,4.0,0.04,80.0,0.07,10.0,0.08,43.99,0.02,0.02,2336.094784,1776217178000
1776217179.727,279.727,0.96,166.0,0.95,56.0,0.97,9.9,0.98,10.0,0.02,281.45,0.01,7518.0,0.07,23.0,0.08,15.0,0.01,0.05,2336.094784,1776217178000
1776217179.93,279.93,0.98,24.76,0.96,181.0,0.99,2855.0,,,0.02,4.56,0.01,2855.0,0.04,171.0,0.05,56.0,0.01,0.02,2336.094784,1776217178000
1776217180.31,280.31,0.98,24.76,0.96,181.0,0.99,2855.0,,,0.01,2855.0,,,0.02,24.76,0.04,181.0,0.01,0.01,2336.852984,1776217179000
1776217180.561,280.561,0.98,24.76,0.96,148.0,0.99,1656.0,,,0.01,1661.0,,,0.02,41.76,0.03,26.0,0.01,0.01,2336.852984,1776217179000
1776217180.761,280.761,0.98,12.03,0.97,15.0,0.99,1648.97,,,0.01,1653.97,,,0.02,24.76,0.03,15.0,0.01,0.01,2336.852984,1776217179000
1776217181.074,281.074,0.98,12.03,0.97,10.0,0.99,1632.7,,,0.01,1643.82,,,0.04,133.0,0.05,57.0,0.01,0.03,2336.852984,1776217179000
1776217181.352,281.352,0.98,12.03,0.97,10.0,0.99,1631.18,,,0.01,1631.18,,,0.02,12.03,0.03,10.0,0.01,0.01,2336.961647,1776217180000
1776217181.721,281.721,0.95,5.0,0.94,27.0,0.97,91.0,0.98,10.0,0.01,1631.18,,,0.02,12.03,0.03,10.0,0.02,0.01,2336.961647,1776217180000
1776217182.091,282.091,0.94,19.0,0.93,10.0,0.95,50.89,0.96,65.0,0.04,65.0,0.03,85.69,0.06,9.0,0.07,10.0,0.01,0.02,2337.091407,1776217181000
1776217182.613,282.613,0.8,12.2,0.78,10.0,0.83,60.0,0.84,25.0,0.05,35.36,0.04,65.0,0.06,19.0,0.07,10.0,0.03,0.01,2337.091407,1776217181000
1776217182.841,282.841,0.81,10.0,0.8,15.0,0.82,105.78,0.87,10.0,0.19,50.0,0.17,15.0,0.22,9.9,0.23,10.0,0.01,0.03,2337.091407,1776217181000
1776217183.075,283.075,0.81,28.0,0.8,15.0,0.89,7.37,0.9,80.0,0.18,12.37,0.12,10.0,0.19,10.0,0.2,15.0,0.08,0.01,2337.091407,1776217181000
1776217183.307,283.307,0.88,20.0,0.87,15.0,0.89,3.89,0.9,119.45,0.1,119.45,0.09,60.0,0.12,10.0,0.13,10.0,0.01,0.02,2337.71516,1776217182000
1776217183.623,283.623,0.88,20.0,0.87,20.0,0.9,124.84,0.91,60.0,0.1,130.89,0.09,60.0,0.12,20.0,0.13,20.0,0.02,0.02,2337.71516,1776217182000
1776217183.952,283.952,0.88,305.59,0.87,28.0,0.89,15.0,0.97,95.69,0.1,124.84,0.09,60.0,0.12,20.0,0.13,20.0,0.01,0.02,2337.71516,1776217182000
1776217184.187,284.187,0.95,49.2,0.94,15.5,0.97,90.59,0.98,10.0,0.03,90.59,0.02,10.0,0.06,25.5,0.07,10.0,0.02,0.03,2336.95559,1776217183000
1776217184.441,284.441,0.95,57.0,0.94,28.0,0.96,5.86,0.97,4.9,0.04,5.86,0.03,4.9,0.05,13.24,0.06,28.0,0.01,0.01,2336.95559,1776217183000
1776217184.865,284.865,0.99,2575.29,0.96,38.24,,,,,,,,,0.01,2514.29,0.05,57.0,,,2336.95559,1776217183000
1776217185.228,285.228,0.99,2305.29,0.96,51.0,,,,,,,,,0.01,2415.29,0.04,51.0,,,2336.95559,1776217183000
1776217185.442,285.442,0.99,2205.29,0.96,151.0,,,,,,,,,0.01,2305.29,0.04,51.0,,,2336.544305,1776217184000
1776217185.935,285.935,0.99,1395.29,0.96,30.0,,,,,,,,,0.01,1495.29,0.04,151.0,,,2336.544305,1776217184000
1776217186.276,286.276,0.99,1175.29,0.96,30.0,,,,,,,,,0.01,1285.29,0.04,30.0,,,2336.554941,1776217185000
1776217186.737,286.737,0.96,3.0,0.94,10.0,0.97,10.0,0.98,60.5,,,,,0.05,0.05,0.06,10.0,0.01,,2336.554941,1776217185000
1776217186.974,286.974,0.89,37.17,0.88,62.0,0.97,15.0,0.98,10.0,0.02,14.6,0.01,86.0,0.04,3.0,0.06,10.0,0.08,0.02,2336.554941,1776217185000
1776217187.189,287.189,0.92,33.43,0.91,10.0,0.93,10.0,0.94,9.96,0.07,5.0,0.06,9.96,0.08,33.0,0.09,10.0,0.01,0.01,2337.974662,1776217186000
1776217187.448,287.448,0.92,43.43,0.91,15.0,0.95,0.65,0.96,10.0,0.05,9.96,0.04,10.0,0.08,28.43,0.09,10.0,0.03,0.03,2337.974662,1776217186000
1776217187.814,287.814,0.96,32.0,0.95,5.0,0.99,8.17,,,0.02,7.55,0.01,86.0,0.07,5.0,0.13,98.68,0.03,0.05,2337.974662,1776217186000
1776217188.094,288.094,0.96,22.0,0.95,5.0,0.98,10.0,0.99,15.0,0.03,8.95,0.02,10.0,0.04,32.0,0.05,5.0,0.02,0.01,2337.974662,1776217186000
1776217188.376,288.376,0.91,15.0,0.9,10.0,0.93,4.78,0.94,10.0,0.07,4.78,0.06,10.0,0.09,15.0,0.1,10.0,0.02,0.02,2337.60245,1776217187000
1776217188.666,288.666,0.94,15.0,0.93,20.0,0.97,10.0,0.98,2.41,0.02,2.41,0.01,9.74,0.08,10.0,0.09,15.0,0.03,0.06,2337.60245,1776217187000
1776217188.884,288.884,0.95,20.0,0.94,43.52,0.98,2.41,0.99,9.74,0.03,10.0,0.02,2.41,0.06,15.0,0.07,20.0,0.03,0.03,2337.60245,1776217187000
1776217189.234,289.234,0.99,921.7,0.95,26.0,,,,,0.03,4.15,0.02,2.41,0.06,3.83,0.07,10.0,,0.03,2337.5874,1776217188000
1776217189.576,289.576,0.99,862.7,0.95,31.0,,,,,,,,,0.01,912.7,0.05,31.0,,,2337.5874,1776217188000
1776217190.237,290.237,0.99,862.7,0.95,31.0,,,,,,,,,0.01,862.7,0.05,31.0,,,2337.393991,1776217189000
1776217191.392,291.392,0.99,862.7,0.95,31.0,,,,,,,,,0.01,862.7,0.05,31.0,,,2337.371928,1776217190000
1776217192.084,292.084,0.99,862.7,0.95,31.0,,,,,,,,,0.01,862.7,0.05,31.0,,,2337.383368,1776217191000
1776217192.536,292.536,0.99,216.06,0.95,26.0,,,,,,,,,0.01,862.7,0.05,31.0,,,2337.383368,1776217191000
1776217193.27,293.27,0.99,216.06,0.95,26.0,,,,,,,,,0.01,216.06,0.05,26.0,,,2337.373791,1776217192000
1776217193.867,293.867,0.99,216.11,0.98,10.15,,,,,,,,,0.01,216.06,0.05,26.0,,,2337.373791,1776217192000
1776217194.403,294.403,0.99,216.11,0.98,10.15,,,,,,,,,0.01,216.11,0.02,10.15,,,2337.20725,1776217193000
1776217194.95,294.95,0.99,216.11,0.98,10.15,,,,,,,,,0.01,216.11,0.02,10.15,,,2337.221363,1776217194000
1776217195.409,295.409,0.99,307.16,0.98,15.15,,,,,,,,,0.01,377.91,0.02,15.15,,,2337.221363,1776217194000
1776217195.997,295.997,0.99,307.16,0.98,15.15,,,,,,,,,0.01,307.16,0.02,15.15,,,2337.218461,1776217195000
1776217196.314,296.314,0.99,73.93,0.98,15.15,,,,,,,,,0.01,307.16,0.02,15.15,,,2337.218461,1776217195000
1776217197.16,297.16,0.99,73.93,0.98,15.15,,,,,,,,,0.01,73.93,0.02,15.15,,,2337.258265,1776217196000
1776217198.099,298.099,0.99,1557.76,0.98,20.15,,,,,,,,,0.01,73.93,0.02,15.15,,,2337.258265,1776217196000
1776217199.339,299.339,0.99,1557.76,0.98,20.15,,,,,,,,,0.01,1557.76,0.02,20.15,,,2337.329164,1776217198000
1776217200.513,300.513,0.99,38205.15,0.98,25.15,,,,,,,,,0.01,1557.76,0.02,20.15,,,2337.329164,1776217198000

# RESULT,winner=Up,slug=eth-updown-5m-1776216900,ticks=503
