timestamp,elapsed_sec,up_bid_p1,up_bid_s1,up_bid_p2,up_bid_s2,up_ask_p1,up_ask_s1,up_ask_p2,up_ask_s2,down_bid_p1,down_bid_s1,down_bid_p2,down_bid_s2,down_ask_p1,down_ask_s1,down_ask_p2,down_ask_s2,up_spread,down_spread,eth_price,eth_oracle_ts
1776218701.301,1.301,,,,,,,,,,,,,,,,,,,2336.426026,1776218700000
1776218701.617,1.617,0.49,5.0,0.48,12.0,0.5,8.0,0.52,15.0,0.5,3.0,0.49,5.0,0.51,10.0,0.52,17.0,0.01,0.01,2336.426026,1776218700000
1776218701.943,1.943,0.49,10.0,0.48,17.0,0.5,3.0,0.51,5.0,0.5,3.0,0.49,5.0,0.51,10.0,0.52,17.0,0.01,0.01,2336.426026,1776218700000
1776218702.327,2.327,0.49,10.0,0.48,22.0,0.5,1.0,0.51,15.0,0.5,3.0,0.49,5.0,0.51,10.0,0.52,17.0,0.01,0.01,2336.426026,1776218700000
1776218702.657,2.657,0.5,5.0,0.49,10.0,0.51,15.0,0.52,20.0,0.49,15.0,0.48,20.0,0.5,5.0,0.51,10.0,0.01,0.01,2336.388,1776218701000
1776218703.277,3.277,0.5,5.0,0.49,10.0,0.51,15.0,0.52,20.0,0.49,15.0,0.48,20.0,0.5,5.0,0.51,10.0,0.01,0.01,2336.38134,1776218702000
1776218704.444,4.444,0.5,5.0,0.49,10.0,0.51,15.0,0.52,20.0,0.49,15.0,0.48,20.0,0.5,5.0,0.51,10.0,0.01,0.01,2336.391085,1776218703000
1776218704.665,4.665,0.46,13.0,0.45,75.0,0.51,56.0,0.52,35.0,0.49,15.0,0.48,20.0,0.5,5.0,0.51,10.0,0.05,0.01,2336.391085,1776218703000
1776218705.0,5.0,0.46,10.0,0.45,73.0,0.47,9.97,0.48,25.0,0.5,10.0,0.49,56.0,0.55,63.0,0.56,90.0,0.01,0.05,2336.391085,1776218703000
1776218705.702,5.702,0.46,43.01,0.45,73.0,0.47,9.97,0.48,25.0,0.53,9.97,0.52,25.0,0.54,10.0,0.55,73.0,0.01,0.01,2336.391114,1776218704000
1776218706.407,6.407,0.46,43.01,0.45,73.0,0.47,9.97,0.48,25.0,0.53,9.97,0.52,25.0,0.54,43.01,0.55,73.0,0.01,0.01,2336.315341,1776218705000
1776218706.988,6.988,0.46,43.01,0.45,73.0,0.47,9.97,0.48,25.0,0.53,9.97,0.52,25.0,0.54,43.01,0.55,73.0,0.01,0.01,2336.296975,1776218706000
1776218707.423,7.423,0.46,18.25,0.45,58.0,0.47,14.97,0.48,30.0,0.53,9.97,0.52,25.0,0.54,43.01,0.55,73.0,0.01,0.01,2336.296975,1776218706000
1776218707.707,7.707,0.45,1.02,0.44,10.0,0.47,13.97,0.48,30.0,0.53,8.97,0.52,30.0,0.54,18.25,0.56,10.0,0.02,0.01,2336.296975,1776218706000
1776218707.956,7.956,0.44,15.0,0.42,5.0,0.45,7.77,0.46,25.0,0.53,13.97,0.52,30.0,0.55,1.02,0.56,10.0,0.01,0.02,2336.296975,1776218706000
1776218708.186,8.186,0.44,15.0,0.43,5.0,0.45,2.77,0.46,30.0,0.55,7.77,0.54,25.0,0.56,15.0,0.58,5.0,0.01,0.01,2336.296975,1776218706000
1776218708.593,8.593,0.44,10.0,0.43,5.0,0.45,15.0,0.46,30.0,0.55,10.0,0.54,30.0,0.56,10.0,0.57,5.0,0.01,0.01,2336.230772,1776218707000
1776218709.404,9.404,0.44,10.0,0.43,5.0,0.45,15.0,0.46,30.0,0.55,15.0,0.54,30.0,0.56,10.0,0.57,5.0,0.01,0.01,2336.118551,1776218708000
1776218709.97,9.97,0.44,5.0,0.43,18.0,0.45,41.0,0.46,35.0,0.55,45.0,0.54,30.0,0.56,6.07,0.57,18.0,0.01,0.01,2336.118551,1776218708000
1776218710.383,10.383,0.43,5.0,0.42,198.0,0.45,46.0,0.46,30.0,0.55,41.0,0.54,35.0,0.56,5.0,0.57,18.0,0.02,0.01,2336.104501,1776218709000
1776218710.958,10.958,0.4,11.0,0.39,80.0,0.41,42.0,0.42,15.0,0.57,17.0,0.56,30.0,0.58,198.0,0.6,6.0,0.01,0.01,2336.104501,1776218709000
1776218711.218,11.218,0.4,11.0,0.39,80.0,0.41,42.0,0.42,15.0,0.59,42.0,0.58,15.0,0.6,11.0,0.61,80.0,0.01,0.01,2336.096448,1776218710000
1776218712.181,12.181,0.4,10.5,0.39,80.0,0.41,47.0,0.42,15.0,0.59,42.0,0.58,15.0,0.6,11.0,0.61,80.0,0.01,0.01,2336.096448,1776218710000
1776218712.42,12.42,0.4,10.5,0.39,80.0,0.41,47.0,0.42,15.0,0.59,47.0,0.58,15.0,0.6,10.5,0.61,80.0,0.01,0.01,2336.041652,1776218711000
1776218712.827,12.827,0.4,19.5,0.39,85.0,0.41,42.0,0.42,20.0,0.59,47.0,0.58,15.0,0.6,10.5,0.61,80.0,0.01,0.01,2336.041652,1776218711000
1776218713.052,13.052,0.4,19.5,0.39,85.0,0.41,42.0,0.42,20.0,0.59,42.0,0.58,20.0,0.6,19.5,0.61,85.0,0.01,0.01,2335.765719,1776218712000
1776218714.153,14.153,0.4,19.5,0.39,85.0,0.41,42.0,0.42,20.0,0.59,42.0,0.58,20.0,0.6,19.5,0.61,85.0,0.01,0.01,2335.754439,1776218713000
1776218714.366,14.366,0.4,10.5,0.39,278.0,0.41,49.56,0.42,20.0,0.59,42.0,0.58,20.0,0.6,19.5,0.61,85.0,0.01,0.01,2335.754439,1776218713000
1776218715.206,15.206,0.4,10.5,0.39,278.0,0.41,49.56,0.42,20.0,0.59,49.56,0.58,20.0,0.6,10.5,0.61,278.0,0.01,0.01,2335.751533,1776218714000
1776218715.782,15.782,0.4,175.5,0.39,101.0,0.41,40.0,0.42,20.0,0.59,49.56,0.58,20.0,0.6,10.5,0.61,278.0,0.01,0.01,2335.751533,1776218714000
1776218716.298,16.298,0.4,140.9,0.39,101.0,0.41,35.0,0.42,20.0,0.59,35.0,0.58,20.0,0.6,140.9,0.61,101.0,0.01,0.01,2335.753028,1776218715000
1776218716.511,16.511,0.4,155.9,0.39,93.0,0.41,27.68,0.42,20.0,0.59,32.56,0.58,20.0,0.6,155.9,0.61,101.0,0.01,0.01,2335.753028,1776218715000
1776218717.261,17.261,0.4,160.9,0.39,93.0,0.41,30.24,0.42,20.0,0.59,30.24,0.58,20.0,0.6,160.9,0.61,93.0,0.01,0.01,2335.748942,1776218716000
1776218718.337,18.337,0.4,150.9,0.39,93.0,0.41,30.24,0.42,20.0,0.59,30.24,0.58,20.0,0.6,150.9,0.61,93.0,0.01,0.01,2335.748889,1776218717000
1776218718.782,18.782,0.4,150.9,0.39,93.0,0.41,30.24,0.42,20.0,0.59,30.24,0.58,20.0,0.6,150.9,0.61,93.0,0.01,0.01,2335.748889,1776218717000
1776218719.287,19.287,0.4,145.9,0.39,93.0,0.41,23.1,0.42,20.0,0.59,23.1,0.58,20.0,0.6,145.9,0.61,93.0,0.01,0.01,2335.73289,1776218718000
1776218720.238,20.238,0.4,160.9,0.39,80.0,0.41,28.1,0.42,25.0,0.59,23.1,0.58,20.0,0.6,145.9,0.61,93.0,0.01,0.01,2335.73289,1776218718000
1776218721.385,21.385,0.4,160.9,0.39,80.0,0.41,28.1,0.42,25.0,0.59,28.1,0.58,25.0,0.6,160.9,0.61,80.0,0.01,0.01,2335.7375,1776218720000
1776218721.89,21.89,0.4,160.9,0.39,80.0,0.41,28.1,0.42,25.0,0.59,28.1,0.58,25.0,0.6,160.9,0.61,80.0,0.01,0.01,2335.737082,1776218721000
1776218722.863,22.863,0.4,282.9,0.39,99.0,0.41,10.0,0.48,10.0,0.59,28.1,0.58,25.0,0.6,160.9,0.61,80.0,0.01,0.01,2335.737082,1776218721000
1776218723.683,23.683,0.45,190.0,0.44,15.0,0.46,15.0,0.47,34.0,0.52,9.44,0.51,93.0,0.53,25.0,0.54,190.0,0.01,0.01,2335.736706,1776218722000
1776218723.925,23.925,0.45,204.24,0.44,30.0,0.46,16.08,0.47,28.0,0.54,5.0,0.53,28.0,0.55,204.24,0.56,30.0,0.01,0.01,2335.736706,1776218722000
1776218724.851,24.851,0.46,18.96,0.45,200.0,0.47,40.0,0.48,39.0,0.53,41.0,0.52,29.0,0.55,200.0,0.56,30.0,0.01,0.02,2335.733131,1776218723000
1776218725.096,25.096,0.46,18.96,0.45,200.0,0.47,40.0,0.48,39.0,0.53,40.0,0.52,39.0,0.54,18.96,0.55,200.0,0.01,0.01,2336.11798,1776218724000
1776218725.852,25.852,0.46,12.73,0.45,200.0,0.47,55.0,0.48,39.0,0.53,40.0,0.52,39.0,0.54,18.96,0.55,200.0,0.01,0.01,2336.11798,1776218724000
1776218726.21,26.21,0.46,12.73,0.45,200.0,0.47,55.0,0.48,39.0,0.53,55.0,0.52,39.0,0.54,12.73,0.55,200.0,0.01,0.01,2335.982017,1776218725000
1776218726.952,26.952,0.46,214.73,0.45,95.0,0.47,6.04,0.5,18.35,0.53,55.0,0.52,39.0,0.54,12.73,0.55,200.0,0.01,0.01,2335.982017,1776218725000
1776218727.68,27.68,0.46,214.73,0.45,95.0,0.51,5.39,0.52,25.0,0.49,5.39,0.48,25.0,0.54,209.73,0.55,95.0,0.05,0.05,2336.0392,1776218726000
1776218728.239,28.239,0.46,214.73,0.45,95.0,0.51,5.39,0.52,25.0,0.49,5.39,0.48,25.0,0.54,209.73,0.55,95.0,0.05,0.05,2336.098624,1776218727000
1776218729.29,29.29,0.46,214.73,0.45,95.0,0.51,5.39,0.52,25.0,0.49,5.39,0.48,25.0,0.54,209.73,0.55,95.0,0.05,0.05,2336.2176,1776218728000
1776218729.773,29.773,0.5,25.0,0.49,195.0,0.51,5.0,0.52,18.0,0.49,5.39,0.48,25.0,0.54,209.73,0.55,95.0,0.01,0.05,2336.2176,1776218728000
1776218730.652,30.652,0.5,25.0,0.49,195.0,0.51,5.0,0.52,18.0,0.49,5.0,0.48,18.0,0.5,25.0,0.51,195.0,0.01,0.01,2336.241381,1776218729000
1776218730.93,30.93,0.51,82.81,0.5,200.0,0.52,20.94,0.53,25.0,0.48,20.94,0.47,25.0,0.49,75.0,0.5,20.0,0.01,0.01,2336.241381,1776218729000
1776218731.132,31.132,0.51,82.81,0.5,200.0,0.52,13.07,0.53,12.0,0.48,20.94,0.47,25.0,0.49,82.81,0.5,200.0,0.01,0.01,2336.241381,1776218729000
1776218732.473,32.473,0.51,82.81,0.5,200.0,0.52,13.07,0.53,12.0,0.48,13.07,0.47,12.0,0.49,82.81,0.5,200.0,0.01,0.01,2336.41095,1776218731000
1776218733.015,33.015,0.52,15.0,0.51,72.81,0.53,17.16,0.54,85.0,0.47,17.16,0.46,85.0,0.48,15.0,0.49,72.81,0.01,0.01,2336.3986,1776218732000
1776218734.24,34.24,0.52,15.0,0.51,72.81,0.53,17.16,0.54,85.0,0.47,17.16,0.46,85.0,0.48,15.0,0.49,72.81,0.01,0.01,2336.39855,1776218733000
1776218735.618,35.618,0.52,15.0,0.51,72.81,0.53,17.16,0.54,85.0,0.47,17.16,0.46,85.0,0.48,15.0,0.49,72.81,0.01,0.01,2336.457904,1776218734000
1776218736.308,36.308,0.52,15.0,0.51,72.81,0.53,17.16,0.54,85.0,0.47,17.16,0.46,85.0,0.48,15.0,0.49,72.81,0.01,0.01,2336.40875,1776218735000
1776218736.951,36.951,0.52,15.0,0.51,72.81,0.53,17.16,0.54,85.0,0.47,17.16,0.46,85.0,0.48,15.0,0.49,72.81,0.01,0.01,2336.40375,1776218736000
1776218737.25,37.25,0.48,5.0,0.47,15.0,0.53,368.0,0.54,103.0,0.47,17.16,0.46,85.0,0.48,15.0,0.49,72.81,0.05,0.01,2336.40375,1776218736000
1776218738.14,38.14,0.47,4.45,0.45,12.0,0.5,10.0,0.51,10.0,0.5,10.0,0.49,10.0,0.53,4.45,0.55,12.0,0.03,0.03,2336.40102,1776218737000
1776218739.094,39.094,0.45,22.17,0.44,13.0,0.46,35.0,0.47,25.0,0.5,10.0,0.49,10.0,0.53,4.45,0.55,12.0,0.01,0.03,2336.40102,1776218737000
1776218740.465,40.465,0.45,22.17,0.44,13.0,0.46,35.0,0.47,25.0,0.54,35.0,0.53,25.0,0.55,22.17,0.56,13.0,0.01,0.01,2336.22695,1776218739000
1776218740.686,40.686,0.43,10.0,0.4,87.0,0.46,354.0,0.47,20.0,0.54,35.0,0.53,25.0,0.55,22.17,0.56,13.0,0.03,0.01,2336.22695,1776218739000
1776218741.057,41.057,0.43,5.95,0.41,5.0,0.44,25.0,0.45,26.0,0.56,25.0,0.55,26.0,0.57,5.95,0.59,5.0,0.01,0.01,2336.263164,1776218740000
1776218742.291,42.291,0.43,5.95,0.41,5.0,0.44,25.0,0.45,26.0,0.56,25.0,0.55,26.0,0.57,5.95,0.59,5.0,0.01,0.01,2336.232837,1776218741000
1776218743.144,43.144,0.4,106.66,0.39,264.0,0.41,20.0,0.42,35.0,0.56,25.0,0.55,26.0,0.57,5.95,0.59,5.0,0.01,0.01,2336.232837,1776218741000
1776218743.654,43.654,0.4,104.66,0.39,274.0,0.41,90.0,0.42,35.0,0.59,20.0,0.58,35.0,0.6,106.66,0.61,264.0,0.01,0.01,2336.066063,1776218742000
1776218743.857,43.857,0.4,282.82,0.39,94.0,0.41,79.87,0.42,35.0,0.59,84.87,0.58,35.0,0.6,284.66,0.61,94.0,0.01,0.01,2336.066063,1776218742000
1776218744.144,44.144,0.4,282.82,0.39,94.0,0.41,77.26,0.42,35.0,0.59,79.87,0.58,35.0,0.6,282.82,0.61,94.0,0.01,0.01,2336.066063,1776218742000
1776218745.412,45.412,0.4,282.82,0.39,94.0,0.41,77.26,0.42,35.0,0.59,77.26,0.58,35.0,0.6,282.82,0.61,94.0,0.01,0.01,2335.907141,1776218744000
1776218745.882,45.882,0.4,282.82,0.39,94.0,0.41,77.26,0.42,35.0,0.59,77.26,0.58,35.0,0.6,282.82,0.61,94.0,0.01,0.01,2335.931068,1776218745000
1776218746.915,46.915,0.4,282.82,0.39,94.0,0.41,77.26,0.42,35.0,0.59,77.26,0.58,35.0,0.6,282.82,0.61,94.0,0.01,0.01,2335.88376,1776218746000
1776218747.857,47.857,0.4,275.82,0.39,96.0,0.41,87.26,0.42,45.0,0.59,77.26,0.58,35.0,0.6,282.82,0.61,94.0,0.01,0.01,2335.88376,1776218746000
1776218748.189,48.189,0.4,275.82,0.39,96.0,0.41,87.26,0.42,45.0,0.59,87.26,0.58,45.0,0.6,275.82,0.61,96.0,0.01,0.01,2335.901556,1776218747000
1776218749.248,49.248,0.4,275.82,0.39,96.0,0.41,87.26,0.42,45.0,0.59,87.26,0.58,45.0,0.6,275.82,0.61,96.0,0.01,0.01,2335.80931,1776218748000
1776218750.292,50.292,0.4,268.2,0.39,89.0,0.41,92.26,0.42,40.0,0.59,92.26,0.58,40.0,0.6,268.2,0.61,89.0,0.01,0.01,2335.808765,1776218749000
1776218751.113,51.113,0.4,271.41,0.39,89.0,0.41,81.26,0.42,40.0,0.59,81.26,0.58,40.0,0.6,271.41,0.61,89.0,0.01,0.01,2335.806786,1776218750000
1776218752.215,52.215,0.4,355.12,0.39,99.0,0.42,10.0,0.46,6.0,0.59,81.26,0.58,40.0,0.6,271.41,0.61,89.0,0.02,0.01,2335.806786,1776218750000
1776218752.763,52.763,0.45,74.0,0.44,15.0,0.46,26.0,0.47,10.0,0.58,10.0,0.54,6.0,0.6,355.12,0.61,99.0,0.01,0.02,2335.803868,1776218751000
1776218753.366,53.366,0.45,63.54,0.44,20.0,0.46,31.0,0.47,20.0,0.54,26.0,0.53,10.0,0.55,74.0,0.56,15.0,0.01,0.01,2335.803868,1776218751000
1776218753.572,53.572,0.45,63.54,0.44,20.0,0.46,31.0,0.47,20.0,0.54,31.0,0.53,20.0,0.55,63.54,0.56,20.0,0.01,0.01,2335.799725,1776218752000
1776218754.558,54.558,0.45,63.54,0.44,20.0,0.46,31.0,0.47,20.0,0.54,31.0,0.53,20.0,0.55,63.54,0.56,20.0,0.01,0.01,2335.892075,1776218753000
1776218755.115,55.115,0.45,63.54,0.44,20.0,0.46,31.0,0.47,20.0,0.54,31.0,0.53,20.0,0.55,63.54,0.56,20.0,0.01,0.01,2335.975053,1776218754000
1776218756.298,56.298,0.45,63.54,0.44,20.0,0.46,31.0,0.47,20.0,0.54,31.0,0.53,20.0,0.55,63.54,0.56,20.0,0.01,0.01,2335.963127,1776218755000
1776218757.792,57.792,0.45,63.54,0.44,20.0,0.46,31.0,0.47,20.0,0.54,31.0,0.53,20.0,0.55,63.54,0.56,20.0,0.01,0.01,2336.016496,1776218756000
1776218760.431,60.431,0.45,339.71,0.44,36.71,0.46,30.0,0.48,10.0,0.54,31.0,0.53,20.0,0.55,63.54,0.56,20.0,0.01,0.01,2336.016496,1776218756000
1776218760.743,60.743,0.49,110.71,0.48,39.71,0.5,20.0,0.52,5.0,0.5,5.0,0.49,11.0,0.53,10.0,0.55,334.71,0.01,0.03,2336.016496,1776218756000
1776218761.395,61.395,0.49,110.71,0.48,39.71,0.54,55.92,0.55,70.0,0.46,55.92,0.45,70.0,0.51,110.71,0.52,39.71,0.05,0.05,2336.05196,1776218760000
1776218761.677,61.677,0.53,79.0,0.52,15.0,0.54,70.58,0.55,80.0,0.46,55.92,0.45,70.0,0.51,110.71,0.52,39.71,0.01,0.05,2336.05196,1776218760000
1776218761.959,61.959,0.53,79.0,0.52,15.0,0.54,70.58,0.55,80.0,0.46,70.58,0.45,80.0,0.47,79.0,0.48,15.0,0.01,0.01,2336.082279,1776218761000
1776218763.061,63.061,0.53,79.0,0.52,15.0,0.54,70.58,0.55,80.0,0.46,70.58,0.45,80.0,0.47,79.0,0.48,15.0,0.01,0.01,2336.241499,1776218762000
1776218763.721,63.721,0.53,94.0,0.52,195.0,0.54,63.72,0.55,75.0,0.46,70.58,0.45,80.0,0.47,79.0,0.48,15.0,0.01,0.01,2336.241499,1776218762000
1776218764.166,64.166,0.53,94.0,0.52,195.0,0.54,63.72,0.55,75.0,0.46,63.72,0.45,75.0,0.47,94.0,0.48,195.0,0.01,0.01,2336.289518,1776218763000
1776218764.628,64.628,0.53,94.0,0.52,195.0,0.54,65.72,0.55,75.0,0.46,63.72,0.45,75.0,0.47,94.0,0.48,195.0,0.01,0.01,2336.289518,1776218763000
1776218765.142,65.142,0.53,94.0,0.52,195.0,0.54,65.72,0.55,75.0,0.46,65.72,0.45,75.0,0.47,94.0,0.48,195.0,0.01,0.01,2336.4436,1776218764000
1776218765.523,65.523,0.53,99.0,0.52,195.0,0.54,48.72,0.55,80.0,0.46,65.72,0.45,75.0,0.47,94.0,0.48,195.0,0.01,0.01,2336.4436,1776218764000
1776218766.194,66.194,0.53,99.0,0.52,195.0,0.54,48.72,0.55,80.0,0.46,48.72,0.45,80.0,0.47,99.0,0.48,195.0,0.01,0.01,2336.44365,1776218765000
1776218766.424,66.424,0.53,94.0,0.52,195.0,0.54,48.72,0.55,80.0,0.46,48.72,0.45,80.0,0.47,99.0,0.48,195.0,0.01,0.01,2336.44365,1776218765000
1776218766.658,66.658,0.53,94.0,0.52,195.0,0.54,48.72,0.55,80.0,0.46,48.72,0.45,80.0,0.47,94.0,0.48,195.0,0.01,0.01,2336.44365,1776218765000
1776218767.347,67.347,0.53,94.0,0.52,195.0,0.54,48.72,0.55,80.0,0.46,48.72,0.45,80.0,0.47,94.0,0.48,195.0,0.01,0.01,2336.449598,1776218766000
1776218768.423,68.423,0.53,94.0,0.52,195.0,0.54,48.72,0.55,80.0,0.46,48.72,0.45,80.0,0.47,94.0,0.48,195.0,0.01,0.01,2336.451577,1776218767000
1776218768.663,68.663,0.53,99.0,0.52,195.0,0.54,50.95,0.55,80.0,0.46,42.94,0.45,80.0,0.47,104.0,0.48,195.0,0.01,0.01,2336.451577,1776218767000
1776218769.364,69.364,0.53,104.0,0.52,195.0,0.54,51.97,0.55,80.0,0.46,51.97,0.45,80.0,0.47,104.0,0.48,195.0,0.01,0.01,2336.451165,1776218768000
1776218770.408,70.408,0.53,104.0,0.52,195.0,0.54,51.97,0.55,80.0,0.46,51.97,0.45,80.0,0.47,104.0,0.48,195.0,0.01,0.01,2336.453879,1776218769000
1776218770.94,70.94,0.53,104.0,0.52,195.0,0.54,51.97,0.55,80.0,0.46,51.97,0.45,80.0,0.47,104.0,0.48,195.0,0.01,0.01,2336.518837,1776218770000
1776218771.99,71.99,0.53,104.0,0.52,195.0,0.54,51.97,0.55,80.0,0.46,51.97,0.45,80.0,0.47,104.0,0.48,195.0,0.01,0.01,2336.569601,1776218771000
1776218773.074,73.074,0.53,104.0,0.52,195.0,0.54,51.97,0.55,80.0,0.46,51.97,0.45,80.0,0.47,104.0,0.48,195.0,0.01,0.01,2336.554119,1776218772000
1776218773.36,73.36,0.55,167.71,0.54,45.71,0.59,95.0,0.6,5.0,0.44,4.0,0.41,95.0,0.45,20.0,0.46,33.71,0.04,0.01,2336.554119,1776218772000
1776218774.054,74.054,0.55,167.71,0.54,45.71,0.59,95.0,0.6,5.0,0.41,95.0,0.4,5.0,0.45,167.71,0.46,45.71,0.04,0.04,2336.552167,1776218773000
1776218774.317,74.317,0.58,79.0,0.57,210.0,0.59,95.0,0.6,10.0,0.41,95.0,0.4,5.0,0.45,167.71,0.46,45.71,0.01,0.04,2336.552167,1776218773000
1776218775.118,75.118,0.58,125.0,0.57,210.0,0.59,93.3,0.6,10.0,0.41,95.0,0.4,10.0,0.42,79.0,0.43,210.0,0.01,0.01,2336.552167,1776218773000
1776218775.924,75.924,0.58,300.0,0.57,30.0,0.59,91.46,0.6,10.0,0.41,93.3,0.4,10.0,0.42,125.0,0.43,210.0,0.01,0.01,2336.68106,1776218774000
1776218776.339,76.339,0.58,300.0,0.57,30.0,0.59,61.23,0.6,10.0,0.41,66.32,0.4,10.0,0.42,305.0,0.43,30.0,0.01,0.01,2336.68106,1776218774000
1776218777.129,77.129,0.58,298.17,0.57,30.0,0.59,61.23,0.6,10.0,0.41,61.23,0.4,10.0,0.42,300.0,0.43,30.0,0.01,0.01,2336.780659,1776218775000
1776218777.963,77.963,0.58,308.0,0.57,30.0,0.59,21.51,0.6,10.0,0.41,61.23,0.4,10.0,0.42,298.17,0.43,30.0,0.01,0.01,2336.899297,1776218776000
1776218778.451,78.451,0.58,308.0,0.57,30.0,0.59,21.51,0.6,10.0,0.41,21.51,0.4,10.0,0.42,308.0,0.43,30.0,0.01,0.01,2336.912305,1776218777000
1776218779.085,79.085,0.55,9.77,0.54,15.0,0.57,45.0,0.58,317.0,0.41,88.51,0.4,200.0,0.44,10.0,0.45,15.0,0.02,0.03,2336.912305,1776218777000
1776218779.883,79.883,0.53,21.98,0.5,21.0,0.54,25.0,0.55,25.0,0.43,45.0,0.42,317.0,0.45,9.77,0.46,15.0,0.01,0.02,2336.913351,1776218778000
1776218780.3,80.3,0.53,16.98,0.5,21.0,0.54,75.0,0.55,25.0,0.46,25.0,0.45,25.0,0.47,21.98,0.5,21.0,0.01,0.01,2336.913351,1776218778000
1776218780.533,80.533,0.53,15.0,0.5,21.0,0.54,73.01,0.55,25.0,0.46,73.01,0.45,25.0,0.47,15.0,0.5,21.0,0.01,0.01,2336.804553,1776218779000
1776218781.209,81.209,0.52,10.0,0.5,21.0,0.54,78.01,0.55,95.0,0.46,78.01,0.45,95.0,0.48,10.0,0.5,21.0,0.02,0.02,2336.708747,1776218780000
1776218781.595,81.595,0.51,10.0,0.47,5.0,0.52,206.32,0.53,115.0,0.46,78.01,0.45,95.0,0.48,10.0,0.5,21.0,0.01,0.02,2336.708747,1776218780000
1776218782.036,82.036,0.43,53.47,0.42,10.0,0.44,45.0,0.45,20.0,0.48,306.32,0.47,120.0,0.57,10.47,0.58,5.0,0.01,0.09,2336.708747,1776218780000
1776218782.565,82.565,0.43,53.47,0.42,10.0,0.44,45.0,0.45,20.0,0.56,45.0,0.55,20.0,0.57,53.47,0.58,10.0,0.01,0.01,2336.493829,1776218781000
1776218782.91,82.91,0.43,29.19,0.42,23.0,0.44,35.0,0.45,20.0,0.56,50.0,0.55,20.0,0.57,22.19,0.58,23.0,0.01,0.01,2336.493829,1776218781000
1776218783.236,83.236,0.43,29.19,0.42,23.0,0.44,35.0,0.45,20.0,0.56,35.0,0.55,20.0,0.57,29.19,0.58,23.0,0.01,0.01,2336.478651,1776218782000
1776218784.184,84.184,0.43,7.96,0.41,70.0,0.44,40.0,0.45,31.0,0.56,30.0,0.55,20.0,0.57,34.19,0.58,18.0,0.01,0.01,2336.478651,1776218782000
1776218784.393,84.393,0.41,66.61,0.4,14.0,0.44,54.88,0.45,31.0,0.56,34.88,0.55,31.0,0.57,4.94,0.59,70.0,0.03,0.01,2336.478651,1776218782000
1776218785.063,85.063,0.41,58.22,0.38,84.0,0.42,76.0,0.43,20.0,0.58,10.0,0.56,54.88,0.59,63.22,0.6,14.0,0.01,0.01,2336.297682,1776218783000
1776218785.369,85.369,0.41,48.22,0.4,20.0,0.42,25.0,0.43,15.0,0.58,76.0,0.57,20.0,0.59,58.22,0.62,84.0,0.01,0.01,2336.209749,1776218784000
1776218785.664,85.664,0.41,266.93,0.4,38.71,0.44,20.0,0.45,15.0,0.58,4.0,0.57,10.0,0.59,280.93,0.6,38.71,0.03,0.01,2336.209749,1776218784000
1776218786.351,86.351,0.41,266.93,0.4,38.71,0.44,20.0,0.45,15.0,0.56,20.0,0.55,15.0,0.59,266.93,0.6,38.71,0.03,0.03,2336.129076,1776218785000
1776218787.024,87.024,0.41,266.93,0.4,38.71,0.44,20.0,0.45,15.0,0.56,20.0,0.55,15.0,0.59,266.93,0.6,38.71,0.03,0.03,2336.027045,1776218786000
1776218788.154,88.154,0.41,266.93,0.4,38.71,0.44,20.0,0.45,15.0,0.56,20.0,0.55,15.0,0.59,266.93,0.6,38.71,0.03,0.03,2336.089947,1776218787000
1776218789.41,89.41,0.41,266.93,0.4,38.71,0.44,20.0,0.45,15.0,0.56,20.0,0.55,15.0,0.59,266.93,0.6,38.71,0.03,0.03,2336.089977,1776218788000
1776218790.056,90.056,0.43,25.0,0.42,34.71,0.44,22.9,0.45,20.0,0.56,20.0,0.55,15.0,0.59,266.93,0.6,38.71,0.01,0.03,2336.089977,1776218788000
1776218790.292,90.292,0.43,25.0,0.42,29.71,0.44,21.65,0.45,15.0,0.56,22.9,0.55,20.0,0.57,25.0,0.58,34.71,0.01,0.01,2336.074318,1776218789000
1776218792.035,92.035,0.43,25.0,0.42,29.71,0.44,21.65,0.45,15.0,0.56,21.65,0.55,15.0,0.57,25.0,0.58,29.71,0.01,0.01,2336.0541,1776218791000
1776218793.665,93.665,0.43,25.0,0.42,29.71,0.44,21.65,0.45,15.0,0.56,21.65,0.55,15.0,0.57,25.0,0.58,29.71,0.01,0.01,2336.043838,1776218792000
1776218794.695,94.695,0.43,25.0,0.42,29.71,0.44,21.65,0.45,15.0,0.56,21.65,0.55,15.0,0.57,25.0,0.58,29.71,0.01,0.01,2336.039674,1776218793000
1776218795.477,95.477,0.43,25.0,0.42,29.71,0.44,21.65,0.45,15.0,0.56,21.65,0.55,15.0,0.57,25.0,0.58,29.71,0.01,0.01,2336.039674,1776218794000
1776218795.901,95.901,0.43,25.0,0.42,29.71,0.44,5.0,0.45,15.0,0.56,21.65,0.55,15.0,0.57,25.0,0.58,29.71,0.01,0.01,2336.039674,1776218794000
1776218796.197,96.197,0.43,25.0,0.42,29.71,0.44,5.0,0.45,15.0,0.56,5.0,0.55,15.0,0.57,25.0,0.58,29.71,0.01,0.01,2336.039797,1776218795000
1776218796.965,96.965,0.44,5.0,0.43,97.71,0.45,5.0,0.48,31.0,0.56,5.0,0.55,15.0,0.57,25.0,0.58,29.71,0.01,0.01,2336.039797,1776218795000
1776218797.624,97.624,0.44,5.0,0.43,97.71,0.45,5.0,0.48,31.0,0.55,5.0,0.52,31.0,0.56,5.0,0.57,97.71,0.01,0.01,2336.091497,1776218796000
1776218798.404,98.404,0.44,5.0,0.43,97.71,0.45,5.0,0.48,31.0,0.55,5.0,0.52,31.0,0.56,5.0,0.57,97.71,0.01,0.01,2336.042213,1776218797000
1776218799.098,99.098,0.44,5.0,0.43,97.71,0.45,5.0,0.48,31.0,0.55,5.0,0.52,31.0,0.56,5.0,0.57,97.71,0.01,0.01,2336.074245,1776218798000
1776218800.066,100.066,0.49,91.0,0.48,30.0,0.5,60.0,0.51,75.0,0.55,5.0,0.52,31.0,0.56,5.0,0.57,97.71,0.01,0.01,2336.074245,1776218798000
1776218800.518,100.518,0.49,96.0,0.48,30.0,0.5,61.16,0.51,255.0,0.5,61.16,0.49,255.0,0.51,96.0,0.52,30.0,0.01,0.01,2336.087118,1776218799000
1776218801.179,101.179,0.49,91.0,0.48,30.0,0.5,61.16,0.51,260.0,0.5,61.16,0.49,255.0,0.51,96.0,0.52,30.0,0.01,0.01,2336.087118,1776218799000
1776218802.622,102.622,0.49,91.0,0.48,30.0,0.5,61.16,0.51,260.0,0.5,61.16,0.49,260.0,0.51,91.0,0.52,30.0,0.01,0.01,2336.279428,1776218801000
1776218803.397,103.397,0.49,81.0,0.48,210.0,0.5,47.2,0.51,80.0,0.5,44.2,0.49,80.0,0.51,76.0,0.52,210.0,0.01,0.01,2336.279428,1776218801000
1776218803.763,103.763,0.49,81.0,0.48,210.0,0.5,40.06,0.51,80.0,0.5,47.2,0.49,80.0,0.51,81.0,0.52,210.0,0.01,0.01,2336.310612,1776218802000
1776218804.148,104.148,0.49,81.0,0.48,210.0,0.5,40.06,0.51,80.0,0.5,40.06,0.49,80.0,0.51,81.0,0.52,210.0,0.01,0.01,2336.328913,1776218803000
1776218805.0,105.0,0.52,68.99,0.51,47.0,0.53,15.0,0.54,12.0,0.5,30.12,0.49,70.0,0.51,81.0,0.52,215.0,0.01,0.01,2336.328913,1776218803000
1776218805.355,105.355,0.53,61.0,0.52,54.99,0.55,21.0,0.56,10.0,0.47,15.0,0.46,12.0,0.48,68.99,0.49,47.0,0.02,0.01,2336.328913,1776218803000
1776218805.601,105.601,0.54,47.82,0.53,57.0,0.55,21.0,0.56,10.0,0.45,21.0,0.44,10.0,0.46,47.82,0.47,57.0,0.01,0.01,2336.34305,1776218804000
1776218806.214,106.214,0.54,47.82,0.53,57.0,0.55,21.0,0.56,10.0,0.45,21.0,0.44,10.0,0.46,47.82,0.47,57.0,0.01,0.01,2336.382607,1776218805000
1776218807.224,107.224,0.54,82.82,0.53,52.0,0.55,9.52,0.56,15.0,0.45,21.0,0.44,10.0,0.46,47.82,0.47,57.0,0.01,0.01,2336.382607,1776218805000
1776218807.561,107.561,0.54,82.82,0.53,52.0,0.55,9.52,0.56,15.0,0.45,9.52,0.44,15.0,0.46,82.82,0.47,52.0,0.01,0.01,2336.45305,1776218806000
1776218808.266,108.266,0.54,82.82,0.53,52.0,0.55,9.52,0.56,15.0,0.45,9.52,0.44,15.0,0.46,82.82,0.47,52.0,0.01,0.01,2336.4928,1776218807000
1776218809.611,109.611,0.54,82.82,0.53,52.0,0.55,9.52,0.56,15.0,0.45,9.52,0.44,15.0,0.46,82.82,0.47,52.0,0.01,0.01,2336.559149,1776218808000
1776218810.469,110.469,0.55,45.0,0.54,35.0,0.56,20.08,0.57,90.0,0.45,9.52,0.44,15.0,0.46,82.82,0.47,52.0,0.01,0.01,2336.559149,1776218808000
1776218810.926,110.926,0.55,45.0,0.54,35.0,0.56,30.21,0.57,280.0,0.44,20.08,0.43,90.0,0.45,45.0,0.46,35.0,0.01,0.01,2336.522372,1776218809000
1776218811.157,111.157,0.55,40.95,0.54,35.0,0.56,30.21,0.57,280.0,0.44,30.21,0.43,280.0,0.45,45.0,0.46,35.0,0.01,0.01,2336.515951,1776218810000
1776218812.188,112.188,0.55,40.95,0.54,35.0,0.56,30.21,0.57,280.0,0.44,30.21,0.43,280.0,0.45,40.95,0.46,35.0,0.01,0.01,2336.515501,1776218811000
1776218813.167,113.167,0.55,40.95,0.54,35.0,0.56,30.21,0.57,280.0,0.44,30.21,0.43,280.0,0.45,40.95,0.46,35.0,0.01,0.01,2336.506771,1776218812000
1776218813.493,113.493,0.55,21.38,0.54,35.0,0.56,210.21,0.57,100.0,0.44,205.21,0.43,100.0,0.45,16.5,0.46,35.0,0.01,0.01,2336.506771,1776218812000
1776218813.81,113.81,0.55,16.26,0.54,35.0,0.56,210.21,0.57,100.0,0.44,210.21,0.43,100.0,0.45,21.38,0.46,35.0,0.01,0.01,2336.506771,1776218812000
1776218814.289,114.289,0.55,16.26,0.54,35.0,0.56,210.21,0.57,100.0,0.44,210.21,0.43,100.0,0.45,16.26,0.46,35.0,0.01,0.01,2336.506602,1776218813000
1776218815.285,115.285,0.55,16.26,0.54,35.0,0.56,210.21,0.57,100.0,0.44,210.21,0.43,100.0,0.45,16.26,0.46,35.0,0.01,0.01,2336.50666,1776218814000
1776218816.349,116.349,0.55,16.26,0.54,35.0,0.56,210.21,0.57,100.0,0.44,210.21,0.43,100.0,0.45,16.26,0.46,35.0,0.01,0.01,2336.505507,1776218815000
1776218817.241,117.241,0.55,16.26,0.54,35.0,0.56,210.21,0.57,100.0,0.44,210.21,0.43,100.0,0.45,16.26,0.46,35.0,0.01,0.01,2336.505609,1776218816000
1776218817.754,117.754,0.55,16.26,0.54,26.0,0.56,201.94,0.57,100.0,0.44,210.21,0.43,100.0,0.45,16.26,0.46,35.0,0.01,0.01,2336.505609,1776218816000
1776218818.341,118.341,0.55,16.26,0.54,26.0,0.56,201.94,0.57,100.0,0.44,201.94,0.43,100.0,0.45,16.26,0.46,26.0,0.01,0.01,2336.510831,1776218817000
1776218819.22,119.22,0.54,26.0,0.53,21.0,0.56,217.0,0.57,90.0,0.44,201.94,0.43,100.0,0.45,16.26,0.46,26.0,0.02,0.01,2336.510831,1776218817000
1776218820.008,120.008,0.54,16.0,0.53,21.0,0.56,212.0,0.57,90.0,0.44,212.0,0.43,90.0,0.46,16.0,0.47,21.0,0.02,0.02,2336.537428,1776218819000
1776218820.959,120.959,0.54,16.0,0.53,21.0,0.56,212.0,0.57,90.0,0.44,212.0,0.43,90.0,0.46,16.0,0.47,21.0,0.02,0.02,2336.50827,1776218820000
1776218821.444,121.444,0.46,10.0,0.45,5.0,0.47,60.0,0.48,159.0,0.44,212.0,0.43,90.0,0.46,16.0,0.47,21.0,0.01,0.02,2336.50827,1776218820000
1776218821.846,121.846,0.46,20.0,0.45,205.0,0.47,9.89,0.48,25.0,0.53,60.0,0.52,159.0,0.54,10.0,0.55,5.0,0.01,0.01,2336.50827,1776218820000
1776218823.04,123.04,0.46,99.0,0.45,25.0,0.5,5.0,0.52,5.0,0.5,5.0,0.48,5.0,0.54,99.0,0.55,25.0,0.04,0.04,2336.391871,1776218822000
1776218824.068,124.068,0.46,99.0,0.45,25.0,0.5,5.0,0.52,5.0,0.5,5.0,0.48,5.0,0.54,99.0,0.55,25.0,0.04,0.04,2336.394145,1776218823000
1776218824.285,124.285,0.51,44.0,0.5,20.0,0.52,13.21,0.53,21.0,0.5,5.0,0.48,5.0,0.54,99.0,0.55,25.0,0.01,0.04,2336.394145,1776218823000
1776218825.171,125.171,0.51,44.0,0.5,20.0,0.52,13.21,0.53,21.0,0.48,13.21,0.47,21.0,0.49,44.0,0.5,20.0,0.01,0.01,2336.431506,1776218824000
1776218826.239,126.239,0.51,44.0,0.5,20.0,0.52,13.21,0.53,21.0,0.48,13.21,0.47,21.0,0.49,44.0,0.5,20.0,0.01,0.01,2336.485715,1776218825000
1776218826.593,126.593,0.51,41.81,0.5,20.0,0.52,14.04,0.53,21.0,0.48,14.04,0.47,21.0,0.49,49.0,0.5,20.0,0.01,0.01,2336.485715,1776218825000
1776218827.319,127.319,0.51,39.62,0.5,20.0,0.52,14.04,0.53,21.0,0.48,14.04,0.47,21.0,0.49,39.62,0.5,20.0,0.01,0.01,2336.416979,1776218826000
1776218827.821,127.821,0.51,39.62,0.5,20.0,0.52,14.04,0.53,21.0,0.48,14.04,0.47,21.0,0.49,39.62,0.5,20.0,0.01,0.01,2336.416135,1776218827000
1776218828.311,128.311,0.47,5.0,0.46,18.0,0.5,89.0,0.51,217.0,0.48,14.04,0.47,21.0,0.49,39.62,0.5,20.0,0.03,0.01,2336.416135,1776218827000
1776218828.769,128.769,0.46,14.0,0.45,23.0,0.47,76.33,0.48,30.0,0.53,33.46,0.52,20.0,0.54,14.0,0.55,23.0,0.01,0.01,2336.416135,1776218827000
1776218829.974,129.974,0.46,14.0,0.45,23.0,0.47,76.33,0.48,30.0,0.53,76.33,0.52,30.0,0.54,14.0,0.55,23.0,0.01,0.01,2336.333442,1776218829000
1776218830.523,130.523,0.46,32.01,0.45,33.0,0.47,61.03,0.48,30.0,0.53,61.33,0.52,30.0,0.54,27.01,0.55,33.0,0.01,0.01,2336.333442,1776218829000
1776218831.082,131.082,0.46,85.01,0.45,33.0,0.47,4.35,0.48,5.0,0.53,61.03,0.52,30.0,0.54,32.01,0.55,33.0,0.01,0.01,2336.333442,1776218829000
1776218831.984,131.984,0.48,5.0,0.47,20.65,0.49,10.0,0.5,10.0,0.51,10.0,0.5,10.0,0.52,5.0,0.53,20.65,0.01,0.01,2336.287062,1776218831000
1776218832.391,132.391,0.53,80.0,0.52,61.0,0.55,5.0,0.56,12.0,0.51,10.0,0.5,10.0,0.52,5.0,0.53,20.65,0.02,0.01,2336.287062,1776218831000
1776218832.692,132.692,0.54,55.13,0.53,61.0,0.55,15.0,0.56,12.0,0.45,5.0,0.44,12.0,0.47,80.0,0.48,61.0,0.01,0.02,2336.287062,1776218831000
1776218832.951,132.951,0.54,55.13,0.53,61.0,0.55,15.0,0.56,12.0,0.45,15.0,0.44,12.0,0.46,55.13,0.47,61.0,0.01,0.01,2336.369728,1776218832000
1776218833.806,133.806,0.54,53.99,0.53,61.0,0.55,15.0,0.56,12.0,0.45,15.0,0.44,12.0,0.46,55.13,0.47,61.0,0.01,0.01,2336.369728,1776218832000
1776218834.937,134.937,0.54,53.99,0.53,61.0,0.55,15.0,0.56,12.0,0.45,15.0,0.44,12.0,0.46,53.99,0.47,61.0,0.01,0.01,2336.515023,1776218834000
1776218835.979,135.979,0.54,53.99,0.53,61.0,0.55,15.0,0.56,12.0,0.45,15.0,0.44,12.0,0.46,53.99,0.47,61.0,0.01,0.01,2336.532425,1776218835000
1776218836.363,136.363,0.54,53.99,0.53,61.0,0.55,9.67,0.56,12.0,0.45,15.0,0.44,12.0,0.46,53.99,0.47,61.0,0.01,0.01,2336.532425,1776218835000
1776218837.537,137.537,0.54,53.99,0.53,61.0,0.55,9.67,0.56,12.0,0.45,9.67,0.44,12.0,0.46,53.99,0.47,61.0,0.01,0.01,2336.531505,1776218836000
1776218838.054,138.054,0.54,53.99,0.53,61.0,0.55,9.67,0.56,12.0,0.45,9.67,0.44,12.0,0.46,53.99,0.47,61.0,0.01,0.01,2336.630502,1776218837000
1776218839.088,139.088,0.54,53.99,0.53,61.0,0.55,9.67,0.56,12.0,0.45,9.67,0.44,12.0,0.46,53.99,0.47,61.0,0.01,0.01,2336.583957,1776218838000
1776218840.199,140.199,0.54,53.99,0.53,61.0,0.55,9.67,0.56,12.0,0.45,9.67,0.44,12.0,0.46,53.99,0.47,61.0,0.01,0.01,2336.589543,1776218839000
1776218841.192,141.192,0.54,53.99,0.53,61.0,0.55,9.67,0.56,12.0,0.45,9.67,0.44,12.0,0.46,53.99,0.47,61.0,0.01,0.01,2336.594265,1776218840000
1776218841.928,141.928,0.53,12.87,0.52,15.0,0.54,35.0,0.55,92.72,0.45,27.72,0.44,202.0,0.47,25.0,0.48,25.0,0.01,0.02,2336.594265,1776218840000
1776218842.176,142.176,0.53,12.87,0.52,15.0,0.54,35.0,0.55,92.72,0.46,35.0,0.45,92.72,0.47,12.87,0.48,15.0,0.01,0.01,2336.679508,1776218841000
1776218842.764,142.764,0.53,2.65,0.52,20.0,0.54,45.0,0.55,90.0,0.46,35.0,0.45,92.72,0.47,12.87,0.48,15.0,0.01,0.01,2336.679508,1776218841000
1776218843.24,143.24,0.53,2.65,0.52,20.0,0.54,45.0,0.55,90.0,0.46,45.0,0.45,90.0,0.47,2.65,0.48,20.0,0.01,0.01,2336.482005,1776218842000
1776218843.477,143.477,0.52,15.0,0.51,20.0,0.54,45.0,0.55,270.0,0.46,45.0,0.45,90.0,0.47,2.65,0.48,20.0,0.02,0.01,2336.482005,1776218842000
1776218844.258,144.258,0.52,15.0,0.51,20.0,0.54,45.0,0.55,270.0,0.46,45.0,0.45,270.0,0.48,15.0,0.49,20.0,0.02,0.02,2336.410266,1776218843000
1776218845.312,145.312,0.52,15.0,0.51,20.0,0.54,45.0,0.55,270.0,0.46,45.0,0.45,270.0,0.48,15.0,0.49,20.0,0.02,0.02,2336.465837,1776218844000
1776218845.86,145.86,0.49,5.0,0.48,15.0,0.51,54.0,0.52,32.0,0.46,45.0,0.45,270.0,0.48,15.0,0.49,20.0,0.02,0.02,2336.465837,1776218844000
1776218846.367,146.367,0.49,5.0,0.48,15.0,0.51,54.0,0.52,32.0,0.49,54.0,0.48,32.0,0.51,5.0,0.52,15.0,0.02,0.02,2336.455619,1776218845000
1776218846.869,146.869,0.49,3.03,0.48,15.0,0.5,54.0,0.51,30.0,0.5,54.0,0.49,30.0,0.51,3.03,0.52,15.0,0.01,0.01,2336.526342,1776218846000
1776218847.868,147.868,0.49,3.03,0.48,15.0,0.5,54.0,0.51,30.0,0.5,54.0,0.49,30.0,0.51,3.03,0.52,15.0,0.01,0.01,2336.496804,1776218847000
1776218848.902,148.902,0.49,3.03,0.48,15.0,0.5,54.0,0.51,30.0,0.5,54.0,0.49,30.0,0.51,3.03,0.52,15.0,0.01,0.01,2336.36231,1776218848000
1776218849.841,149.841,0.48,20.0,0.47,10.0,0.49,53.86,0.5,30.0,0.5,54.0,0.49,30.0,0.51,3.03,0.52,15.0,0.01,0.01,2336.36231,1776218848000
1776218850.537,150.537,0.46,4.9,0.45,21.08,0.48,90.0,0.49,67.65,0.51,53.86,0.5,30.0,0.52,20.0,0.53,10.0,0.02,0.01,2336.35415,1776218849000
1776218851.195,151.195,0.46,9.9,0.45,26.08,0.47,77.87,0.48,71.0,0.52,90.0,0.51,67.65,0.54,4.9,0.55,21.08,0.01,0.02,2336.35415,1776218849000
1776218851.931,151.931,0.46,9.9,0.45,26.08,0.47,77.87,0.48,71.0,0.53,77.87,0.52,71.0,0.54,9.9,0.55,26.08,0.01,0.01,2336.314425,1776218851000
1776218852.3,152.3,0.45,16.99,0.44,5.0,0.47,82.87,0.48,251.0,0.53,77.87,0.52,71.0,0.54,9.9,0.55,26.08,0.02,0.01,2336.314425,1776218851000
1776218852.878,152.878,0.45,16.99,0.44,5.0,0.47,82.87,0.48,251.0,0.53,82.87,0.52,251.0,0.55,16.99,0.56,5.0,0.02,0.02,2336.302806,1776218852000
1776218853.749,153.749,0.45,19.99,0.44,27.0,0.46,77.6,0.47,233.87,0.53,82.87,0.52,251.0,0.55,16.99,0.56,5.0,0.01,0.02,2336.302806,1776218852000
1776218854.179,154.179,0.45,24.99,0.44,27.0,0.46,64.59,0.47,238.87,0.54,72.18,0.53,233.87,0.55,19.99,0.56,27.0,0.01,0.01,2336.304755,1776218853000
1776218854.971,154.971,0.45,24.99,0.44,27.0,0.46,64.59,0.47,238.87,0.54,64.59,0.53,238.87,0.55,24.99,0.56,27.0,0.01,0.01,2336.279093,1776218854000
1776218856.102,156.102,0.45,24.99,0.44,27.0,0.46,64.59,0.47,238.87,0.54,64.59,0.53,238.87,0.55,24.99,0.56,27.0,0.01,0.01,2336.278707,1776218855000
1776218856.526,156.526,0.46,5.0,0.45,203.71,0.47,10.0,0.48,10.0,0.54,64.59,0.53,238.87,0.55,24.99,0.56,27.0,0.01,0.01,2336.278707,1776218855000
1776218857.121,157.121,0.46,133.0,0.45,56.71,0.48,10.0,0.49,11.99,0.52,10.0,0.51,11.99,0.54,133.0,0.55,56.71,0.02,0.02,2336.32137,1776218856000
1776218857.932,157.932,0.47,30.0,0.46,210.0,0.48,4.89,0.49,31.99,0.52,4.89,0.51,16.99,0.53,133.0,0.54,210.0,0.01,0.01,2336.32137,1776218856000
1776218858.208,158.208,0.47,30.0,0.46,210.0,0.48,4.89,0.49,31.99,0.52,4.89,0.51,31.99,0.53,30.0,0.54,210.0,0.01,0.01,2336.3152,1776218857000
1776218858.621,158.621,0.47,10.0,0.46,35.0,0.48,73.39,0.49,36.99,0.52,4.89,0.51,31.99,0.53,30.0,0.54,210.0,0.01,0.01,2336.3152,1776218857000
1776218859.055,159.055,0.45,20.52,0.44,10.0,0.48,407.78,0.49,25.2,0.52,41.8,0.51,36.99,0.53,10.0,0.54,25.0,0.03,0.01,2336.3152,1776218857000
1776218859.267,159.267,0.37,17.55,0.35,5.0,0.46,559.2,0.47,43.0,0.54,25.0,0.53,77.99,0.55,0.52,0.56,10.0,0.09,0.01,2336.398242,1776218858000
1776218859.57,159.57,0.37,12.55,0.36,5.0,0.38,115.0,0.39,30.0,0.54,559.2,0.53,43.0,0.63,17.55,0.65,5.0,0.01,0.09,2336.398242,1776218858000
1776218860.296,160.296,0.37,12.55,0.36,5.0,0.38,115.0,0.39,30.0,0.62,115.0,0.61,30.0,0.63,12.55,0.64,5.0,0.01,0.01,2336.380619,1776218859000
1776218860.814,160.814,0.36,44.9,0.35,20.0,0.38,59.0,0.39,30.0,0.62,115.0,0.61,30.0,0.63,12.55,0.64,5.0,0.02,0.01,2336.380619,1776218859000
1776218861.087,161.087,0.36,358.9,0.35,20.0,0.37,10.0,0.38,10.0,0.63,29.0,0.62,15.0,0.64,249.9,0.65,20.0,0.01,0.01,2336.380619,1776218859000
1776218861.453,161.453,0.43,6.67,0.42,71.0,0.44,5.0,0.45,5.0,0.63,10.0,0.62,10.0,0.64,358.9,0.65,20.0,0.01,0.01,2336.128425,1776218860000
1776218861.996,161.996,0.43,39.07,0.42,12.0,0.44,15.0,0.45,25.0,0.56,5.0,0.55,5.0,0.57,6.67,0.58,71.0,0.01,0.01,2336.128425,1776218860000
1776218862.265,162.265,0.43,11.57,0.42,17.0,0.44,40.0,0.45,36.79,0.56,40.0,0.55,31.79,0.57,18.5,0.58,12.0,0.01,0.01,2336.128425,1776218860000
1776218862.516,162.516,0.39,11.0,0.38,11.0,0.4,17.25,0.41,10.0,0.56,40.0,0.55,36.79,0.57,11.57,0.58,17.0,0.01,0.01,2335.940345,1776218861000
1776218862.981,162.981,0.39,11.0,0.38,11.0,0.4,14.5,0.41,10.0,0.6,14.5,0.59,10.0,0.61,11.0,0.62,11.0,0.01,0.01,2336.053017,1776218862000
1776218865.227,165.227,0.39,0.16,0.38,16.0,0.4,44.5,0.41,20.0,0.6,14.5,0.59,10.0,0.61,11.0,0.62,11.0,0.01,0.01,2336.053017,1776218862000
1776218865.728,165.728,0.38,10.94,0.36,12.0,0.4,39.5,0.41,20.0,0.6,39.5,0.59,20.0,0.62,10.94,0.64,12.0,0.02,0.02,2336.077402,1776218864000
1776218866.069,166.069,0.38,15.0,0.36,5.0,0.39,23.0,0.4,30.0,0.6,39.5,0.59,20.0,0.62,10.94,0.64,12.0,0.01,0.02,2336.077402,1776218864000
1776218867.132,167.132,0.38,15.0,0.36,5.0,0.39,23.0,0.4,30.0,0.61,23.0,0.6,30.0,0.62,15.0,0.64,5.0,0.01,0.01,2336.073557,1776218866000
1776218868.198,168.198,0.38,15.0,0.36,5.0,0.39,23.0,0.4,30.0,0.61,23.0,0.6,30.0,0.62,15.0,0.64,5.0,0.01,0.01,2336.073239,1776218867000
1776218868.745,168.745,0.37,15.0,0.36,5.0,0.38,11.12,0.39,48.0,0.61,23.0,0.6,30.0,0.62,15.0,0.64,5.0,0.01,0.01,2336.073239,1776218867000
1776218869.215,169.215,0.37,15.0,0.36,5.0,0.38,11.12,0.39,48.0,0.62,11.12,0.61,48.0,0.63,15.0,0.64,5.0,0.01,0.01,2336.110256,1776218868000
1776218870.164,170.164,0.37,16.94,0.36,5.0,0.38,101.12,0.39,28.0,0.62,101.12,0.61,28.0,0.63,16.94,0.64,5.0,0.01,0.01,2335.979477,1776218869000
1776218871.171,171.171,0.37,16.94,0.36,5.0,0.38,101.12,0.39,28.0,0.62,101.12,0.61,28.0,0.63,16.94,0.64,5.0,0.01,0.01,2335.969689,1776218870000
1776218872.109,172.109,0.37,20.0,0.36,5.0,0.38,61.12,0.39,23.0,0.62,101.12,0.61,28.0,0.63,16.94,0.64,5.0,0.01,0.01,2335.969689,1776218870000
1776218873.194,173.194,0.37,20.0,0.36,5.0,0.38,61.12,0.39,23.0,0.62,61.12,0.61,23.0,0.63,20.0,0.64,5.0,0.01,0.01,2335.967176,1776218872000
1776218874.107,174.107,0.37,20.0,0.36,5.0,0.38,61.12,0.39,23.0,0.62,61.12,0.61,23.0,0.63,20.0,0.64,5.0,0.01,0.01,2335.9664,1776218873000
1776218874.357,174.357,0.37,22.06,0.36,5.0,0.38,81.12,0.39,18.0,0.62,61.12,0.61,23.0,0.63,20.0,0.64,5.0,0.01,0.01,2335.9664,1776218873000
1776218875.06,175.06,0.37,22.06,0.36,5.0,0.38,81.12,0.39,18.0,0.62,81.12,0.61,18.0,0.63,22.06,0.64,5.0,0.01,0.01,2335.96635,1776218874000
1776218875.721,175.721,0.32,23.0,0.31,5.0,0.38,122.12,0.39,33.0,0.62,81.12,0.61,18.0,0.63,22.06,0.64,5.0,0.06,0.01,2335.96635,1776218874000
1776218876.035,176.035,0.32,14.9,0.31,5.0,0.34,7.57,0.38,156.12,0.66,7.57,0.62,156.12,0.68,14.9,0.69,5.0,0.02,0.02,2335.956098,1776218875000
1776218876.829,176.829,0.32,18.42,0.3,8.0,0.33,90.0,0.34,55.0,0.66,7.57,0.62,156.12,0.68,14.9,0.69,5.0,0.01,0.02,2335.956098,1776218875000
1776218877.053,177.053,0.32,5.0,0.29,9.0,0.33,89.9,0.34,60.0,0.67,84.9,0.66,60.0,0.68,15.0,0.7,13.0,0.01,0.01,2335.833539,1776218876000
1776218877.367,177.367,0.28,3.47,0.26,10.0,0.29,10.0,0.3,50.0,0.67,89.9,0.66,60.0,0.68,5.0,0.71,9.0,0.01,0.01,2335.833539,1776218876000
1776218878.279,178.279,0.26,5.0,0.25,5.0,0.27,72.25,0.28,30.0,0.71,10.0,0.7,30.0,0.74,3.83,0.75,10.0,0.01,0.03,2335.833539,1776218876000
1776218878.909,178.909,0.26,5.0,0.25,5.0,0.27,72.25,0.28,30.0,0.73,72.25,0.72,30.0,0.74,5.0,0.75,5.0,0.01,0.01,2335.784694,1776218878000
1776218879.384,179.384,0.26,5.0,0.25,5.0,0.27,62.25,0.28,20.0,0.73,62.25,0.72,20.0,0.74,5.0,0.75,16.0,0.01,0.01,2335.784694,1776218878000
1776218879.734,179.734,0.25,5.0,0.24,81.0,0.26,5.0,0.27,62.25,0.73,62.25,0.72,20.0,0.74,5.0,0.75,5.0,0.01,0.01,2335.784694,1776218878000
1776218879.959,179.959,0.25,5.0,0.24,81.0,0.26,5.0,0.27,62.25,0.74,5.0,0.73,62.25,0.75,5.0,0.76,81.0,0.01,0.01,2335.593835,1776218879000
1776218881.159,181.159,0.25,5.0,0.24,81.0,0.26,5.0,0.27,62.25,0.74,5.0,0.73,62.25,0.75,5.0,0.76,81.0,0.01,0.01,2335.580584,1776218880000
1776218881.371,181.371,0.25,8.59,0.24,81.0,0.26,85.0,0.27,32.25,0.74,85.0,0.73,32.25,0.75,13.66,0.76,81.0,0.01,0.01,2335.580584,1776218880000
1776218882.257,182.257,0.25,8.59,0.24,81.0,0.26,85.0,0.27,32.25,0.74,85.0,0.73,32.25,0.75,8.59,0.76,81.0,0.01,0.01,2335.575182,1776218881000
1776218882.771,182.771,0.25,3.59,0.24,81.0,0.26,77.3,0.27,32.25,0.74,85.0,0.73,32.25,0.75,8.59,0.76,81.0,0.01,0.01,2335.575182,1776218881000
1776218883.298,183.298,0.25,3.59,0.24,81.0,0.26,77.3,0.27,32.25,0.74,77.3,0.73,32.25,0.75,3.59,0.76,81.0,0.01,0.01,2335.566775,1776218882000
1776218884.119,184.119,0.25,13.59,0.24,81.0,0.26,167.3,0.27,27.25,0.74,77.3,0.73,32.25,0.75,3.59,0.76,81.0,0.01,0.01,2335.566775,1776218882000
1776218884.466,184.466,0.25,13.59,0.24,81.0,0.26,167.3,0.27,27.25,0.74,167.3,0.73,27.25,0.75,13.59,0.76,81.0,0.01,0.01,2335.573418,1776218883000
1776218884.685,184.685,0.25,18.59,0.24,82.0,0.26,17.0,0.27,15.0,0.74,167.3,0.73,27.25,0.75,13.59,0.76,81.0,0.01,0.01,2335.573418,1776218883000
1776218885.018,185.018,0.25,13.59,0.24,82.0,0.27,14.0,0.28,15.0,0.73,14.0,0.72,15.0,0.75,13.59,0.76,82.0,0.02,0.02,2335.573418,1776218884000
1776218885.649,185.649,0.26,7.35,0.25,80.0,0.27,39.0,0.28,15.0,0.73,14.0,0.72,15.0,0.75,13.59,0.76,82.0,0.01,0.02,2335.573418,1776218884000
1776218886.023,186.023,0.26,7.35,0.25,80.0,0.27,39.0,0.28,15.0,0.73,39.0,0.72,15.0,0.74,7.35,0.75,80.0,0.01,0.01,2335.595182,1776218885000
1776218887.08,187.08,0.26,7.35,0.25,80.0,0.27,39.0,0.28,15.0,0.73,39.0,0.72,15.0,0.74,7.35,0.75,80.0,0.01,0.01,2335.650956,1776218886000
1776218887.738,187.738,0.26,1.2,0.25,5.0,0.27,81.0,0.28,20.0,0.73,39.0,0.72,15.0,0.74,7.35,0.75,80.0,0.01,0.01,2335.650956,1776218886000
1776218888.196,188.196,0.26,1.2,0.25,5.0,0.27,81.0,0.28,20.0,0.73,81.0,0.72,20.0,0.74,1.2,0.75,5.0,0.01,0.01,2335.573927,1776218887000
1776218889.247,189.247,0.26,1.2,0.25,5.0,0.27,81.0,0.28,20.0,0.73,81.0,0.72,20.0,0.74,1.2,0.75,5.0,0.01,0.01,2335.555003,1776218888000
1776218890.417,190.417,0.26,1.2,0.25,5.0,0.27,81.0,0.28,20.0,0.73,81.0,0.72,20.0,0.74,1.2,0.75,5.0,0.01,0.01,2335.556647,1776218889000
1776218890.909,190.909,0.24,18.93,0.23,5.0,0.26,178.0,0.27,20.0,0.73,81.0,0.72,20.0,0.74,1.2,0.75,5.0,0.02,0.01,2335.556647,1776218889000
1776218892.439,192.439,0.24,18.93,0.23,5.0,0.26,178.0,0.27,20.0,0.74,178.0,0.73,20.0,0.76,18.93,0.77,5.0,0.02,0.02,2335.552072,1776218891000
1776218893.067,193.067,0.24,18.93,0.23,5.0,0.26,178.0,0.27,20.0,0.74,178.0,0.73,20.0,0.76,18.93,0.77,5.0,0.02,0.02,2335.534228,1776218892000
1776218893.671,193.671,0.23,27.0,0.22,70.0,0.24,7.0,0.25,20.0,0.74,178.0,0.73,20.0,0.76,18.93,0.77,5.0,0.01,0.02,2335.534228,1776218892000
1776218893.994,193.994,0.24,24.0,0.23,92.0,0.25,32.0,0.26,15.0,0.75,32.0,0.74,10.0,0.76,24.0,0.77,27.0,0.01,0.01,2335.534228,1776218892000
1776218895.258,195.258,0.24,24.0,0.23,92.0,0.25,32.0,0.26,15.0,0.75,32.0,0.74,15.0,0.76,24.0,0.77,92.0,0.01,0.01,2335.489702,1776218894000
1776218895.923,195.923,0.24,24.0,0.23,92.0,0.25,32.0,0.26,15.0,0.75,32.0,0.74,15.0,0.76,24.0,0.77,92.0,0.01,0.01,2335.550202,1776218895000
1776218897.054,197.054,0.24,24.0,0.23,92.0,0.25,32.0,0.26,15.0,0.75,32.0,0.74,15.0,0.76,24.0,0.77,92.0,0.01,0.01,2335.579861,1776218896000
1776218897.685,197.685,0.24,205.0,0.23,40.3,0.25,12.0,0.26,15.0,0.75,32.0,0.74,15.0,0.76,24.0,0.77,92.0,0.01,0.01,2335.579861,1776218896000
1776218897.89,197.89,0.24,200.0,0.23,52.3,0.26,60.0,0.29,6.0,0.75,12.0,0.74,15.0,0.76,205.0,0.77,40.3,0.02,0.01,2335.579861,1776218896000
1776218898.165,198.165,0.26,8.0,0.25,10.0,0.29,6.0,0.31,10.0,0.71,6.0,0.69,10.0,0.74,8.0,0.75,10.0,0.03,0.03,2335.567863,1776218897000
1776218898.991,198.991,0.34,12.42,0.33,15.0,0.35,16.79,0.36,15.6,0.71,6.0,0.69,10.0,0.74,8.0,0.75,10.0,0.01,0.03,2335.567863,1776218897000
1776218899.369,199.369,0.35,55.0,0.34,17.42,0.36,15.6,0.38,27.12,0.64,15.6,0.62,27.12,0.65,55.0,0.66,17.42,0.01,0.01,2335.700648,1776218898000
1776218900.348,200.348,0.35,55.0,0.34,17.42,0.36,15.6,0.38,27.12,0.64,15.6,0.62,27.12,0.65,55.0,0.66,17.42,0.01,0.01,2335.756764,1776218899000
1776218900.831,200.831,0.36,50.0,0.35,113.0,0.37,5.0,0.38,31.12,0.64,15.6,0.62,27.12,0.65,55.0,0.66,17.42,0.01,0.01,2335.756764,1776218899000
1776218901.37,201.37,0.37,20.0,0.36,50.0,0.38,28.96,0.39,5.0,0.63,5.0,0.62,31.12,0.64,50.0,0.65,113.0,0.01,0.01,2335.830455,1776218900000
1776218901.755,201.755,0.37,18.41,0.36,50.0,0.38,28.96,0.39,5.0,0.62,28.96,0.61,5.0,0.63,20.0,0.64,50.0,0.01,0.01,2335.830455,1776218900000
1776218902.061,202.061,0.37,18.41,0.36,50.0,0.38,28.96,0.39,5.0,0.62,28.96,0.61,5.0,0.63,18.41,0.64,50.0,0.01,0.01,2335.9231,1776218901000
1776218903.121,203.121,0.37,18.41,0.36,50.0,0.38,28.96,0.39,5.0,0.62,28.96,0.61,5.0,0.63,18.41,0.64,50.0,0.01,0.01,2335.928926,1776218902000
1776218904.227,204.227,0.37,18.41,0.36,50.0,0.38,28.96,0.39,5.0,0.62,28.96,0.61,5.0,0.63,18.41,0.64,50.0,0.01,0.01,2336.012558,1776218903000
1776218905.314,205.314,0.37,18.41,0.36,50.0,0.38,28.96,0.39,5.0,0.62,28.96,0.61,5.0,0.63,18.41,0.64,50.0,0.01,0.01,2336.010828,1776218904000
1776218905.887,205.887,0.37,18.41,0.36,50.0,0.38,28.96,0.39,5.0,0.62,28.96,0.61,5.0,0.63,18.41,0.64,50.0,0.01,0.01,2336.010828,1776218905000
1776218906.809,206.809,0.36,17.9,0.35,137.0,0.38,222.96,0.39,78.0,0.62,223.96,0.61,20.0,0.63,0.47,0.64,19.0,0.02,0.01,2336.010828,1776218905000
1776218907.7,207.7,0.36,17.9,0.35,137.0,0.38,222.96,0.39,78.0,0.62,222.96,0.61,78.0,0.64,17.9,0.65,137.0,0.02,0.02,2336.022938,1776218906000
1776218908.291,208.291,0.36,17.9,0.35,137.0,0.38,222.96,0.39,78.0,0.62,222.96,0.61,78.0,0.64,17.9,0.65,137.0,0.02,0.02,2336.00793,1776218907000
1776218909.302,209.302,0.36,17.9,0.35,137.0,0.37,29.56,0.38,212.96,0.62,222.96,0.61,78.0,0.64,17.9,0.65,137.0,0.01,0.02,2336.00793,1776218907000
1776218910.027,210.027,0.36,17.9,0.35,137.0,0.37,29.56,0.38,212.96,0.63,29.56,0.62,212.96,0.64,17.9,0.65,137.0,0.01,0.01,2336.019981,1776218909000
1776218911.55,211.55,0.36,17.9,0.35,137.0,0.37,29.56,0.38,212.96,0.63,29.56,0.62,212.96,0.64,17.9,0.65,137.0,0.01,0.01,2336.047823,1776218910000
1776218912.144,212.144,0.36,17.9,0.35,137.0,0.37,29.56,0.38,212.96,0.63,29.56,0.62,212.96,0.64,17.9,0.65,137.0,0.01,0.01,2336.062259,1776218911000
1776218913.722,213.722,0.36,17.9,0.35,137.0,0.37,29.56,0.38,212.96,0.63,29.56,0.62,212.96,0.64,17.9,0.65,137.0,0.01,0.01,2336.060408,1776218912000
1776218914.446,214.446,0.36,17.9,0.35,137.0,0.37,29.56,0.38,212.96,0.63,29.56,0.62,212.96,0.64,17.9,0.65,137.0,0.01,0.01,2336.059908,1776218913000
1776218915.134,215.134,0.36,17.9,0.35,137.0,0.37,29.56,0.38,212.96,0.63,29.56,0.62,212.96,0.64,17.9,0.65,137.0,0.01,0.01,2336.055019,1776218914000
1776218915.846,215.846,0.36,22.9,0.35,132.0,0.37,20.04,0.38,85.96,0.63,29.56,0.62,212.96,0.64,17.9,0.65,137.0,0.01,0.01,2336.055019,1776218914000
1776218916.448,216.448,0.36,22.9,0.35,132.0,0.37,20.04,0.38,85.96,0.63,20.04,0.62,85.96,0.64,22.9,0.65,132.0,0.01,0.01,2336.059813,1776218915000
1776218916.686,216.686,0.35,10.0,0.33,10.0,0.37,97.04,0.38,22.96,0.63,20.04,0.62,85.96,0.64,22.9,0.65,132.0,0.02,0.01,2336.059813,1776218915000
1776218917.166,217.166,0.3,5.04,0.25,5.0,0.36,50.0,0.37,127.04,0.64,50.0,0.63,127.04,0.7,5.04,0.75,5.0,0.06,0.06,2336.058351,1776218916000
1776218917.934,217.934,0.2,9.71,0.19,5.31,0.21,25.0,0.22,32.0,0.74,125.0,0.73,20.0,0.8,14.66,0.81,10.0,0.01,0.06,2336.058351,1776218916000
1776218918.393,218.393,0.2,9.71,0.19,5.31,0.21,25.0,0.22,32.0,0.79,25.0,0.78,32.0,0.8,9.71,0.81,5.31,0.01,0.01,2336.028613,1776218917000
1776218918.78,218.78,0.2,7.66,0.19,5.31,0.21,242.0,0.22,20.0,0.79,25.0,0.78,32.0,0.8,9.71,0.81,5.31,0.01,0.01,2336.028613,1776218917000
1776218919.081,219.081,0.2,188.75,0.19,73.31,0.21,20.0,0.22,5.0,0.79,20.0,0.78,5.0,0.8,188.75,0.81,73.31,0.01,0.01,2335.787425,1776218918000
1776218919.596,219.596,0.27,15.0,0.26,315.0,0.3,9.0,0.31,65.0,0.73,15.0,0.72,15.0,0.74,34.0,0.78,10.0,0.03,0.01,2335.787425,1776218918000
1776218919.868,219.868,0.3,10.0,0.29,63.0,0.32,10.53,0.33,15.0,0.69,65.0,0.68,10.0,0.71,1.66,0.73,7.0,0.02,0.02,2335.787425,1776218918000
1776218920.299,220.299,0.3,13.14,0.29,63.0,0.31,15.0,0.32,10.53,0.69,15.0,0.68,10.53,0.7,13.14,0.71,63.0,0.01,0.01,2335.555824,1776218919000
1776218921.455,221.455,0.3,13.14,0.29,63.0,0.31,15.0,0.32,10.53,0.69,15.0,0.68,10.53,0.7,13.14,0.71,63.0,0.01,0.01,2335.688453,1776218920000
1776218921.912,221.912,0.28,13.05,0.27,15.0,0.29,10.0,0.3,10.0,0.69,15.0,0.68,10.53,0.7,13.14,0.71,63.0,0.01,0.01,2335.688453,1776218920000
1776218922.259,222.259,0.28,13.05,0.27,15.0,0.29,10.0,0.3,10.0,0.71,10.0,0.7,10.0,0.72,13.05,0.73,15.0,0.01,0.01,2335.777823,1776218921000
1776218923.001,223.001,0.28,40.0,0.27,15.0,0.31,189.47,0.32,15.53,0.71,10.0,0.7,10.0,0.72,13.05,0.73,15.0,0.03,0.01,2335.777823,1776218921000
1776218923.468,223.468,0.28,40.0,0.27,15.0,0.31,189.47,0.32,15.53,0.69,189.47,0.68,15.53,0.72,40.0,0.73,15.0,0.03,0.03,2335.73532,1776218922000
1776218924.399,224.399,0.28,40.0,0.27,15.0,0.31,189.47,0.32,15.53,0.69,189.47,0.68,15.53,0.72,40.0,0.73,15.0,0.03,0.03,2335.775976,1776218923000
1776218924.914,224.914,0.28,40.0,0.27,15.0,0.31,189.47,0.32,15.53,0.69,189.47,0.68,15.53,0.72,40.0,0.73,15.0,0.03,0.03,2335.779701,1776218924000
1776218926.085,226.085,0.28,40.0,0.27,15.0,0.31,189.47,0.32,15.53,0.69,189.47,0.68,15.53,0.72,40.0,0.73,15.0,0.03,0.03,2335.774477,1776218925000
1776218927.106,227.106,0.28,40.0,0.27,15.0,0.31,189.47,0.32,15.53,0.69,189.47,0.68,15.53,0.72,40.0,0.73,15.0,0.03,0.03,2335.775019,1776218926000
1776218928.216,228.216,0.28,40.0,0.27,15.0,0.31,189.47,0.32,15.53,0.69,189.47,0.68,15.53,0.72,40.0,0.73,15.0,0.03,0.03,2335.778314,1776218927000
1776218929.29,229.29,0.28,40.0,0.27,15.0,0.31,189.47,0.32,15.53,0.69,189.47,0.68,15.53,0.72,40.0,0.73,15.0,0.03,0.03,2335.787978,1776218928000
1776218929.896,229.896,0.28,40.0,0.27,15.0,0.31,189.47,0.32,15.53,0.69,189.47,0.68,15.53,0.72,40.0,0.73,15.0,0.03,0.03,2335.788373,1776218929000
1776218930.981,230.981,0.28,40.0,0.27,15.0,0.31,189.47,0.32,15.53,0.69,189.47,0.68,15.53,0.72,40.0,0.73,15.0,0.03,0.03,2335.791222,1776218930000
1776218932.006,232.006,0.28,40.0,0.27,15.0,0.31,189.47,0.32,15.53,0.69,189.47,0.68,15.53,0.72,40.0,0.73,15.0,0.03,0.03,2335.79071,1776218931000
1776218932.55,232.55,0.16,36.91,0.15,34.93,0.17,10.0,0.18,111.0,0.73,389.79,0.72,77.0,0.83,25.5,0.84,26.8,0.01,0.1,2335.79071,1776218931000
1776218932.89,232.89,0.16,23.22,0.15,34.93,0.17,22.0,0.18,116.0,0.83,51.0,0.82,116.0,0.84,23.22,0.85,34.93,0.01,0.01,2335.79071,1776218931000
1776218933.147,233.147,0.16,33.22,0.15,34.93,0.17,18.17,0.18,116.0,0.83,18.17,0.82,116.0,0.84,33.22,0.85,34.93,0.01,0.01,2335.7989,1776218932000
1776218933.652,233.652,0.16,30.07,0.15,34.93,0.17,9.8,0.18,291.0,0.83,9.8,0.82,111.0,0.84,27.07,0.85,34.93,0.01,0.01,2335.7989,1776218932000
1776218934.281,234.281,0.16,30.07,0.15,34.93,0.17,9.8,0.18,291.0,0.83,9.8,0.82,291.0,0.84,30.07,0.85,34.93,0.01,0.01,2335.634559,1776218933000
1776218935.313,235.313,0.16,10.74,0.15,92.79,0.17,322.8,0.18,53.0,0.83,322.8,0.82,53.0,0.84,10.74,0.85,92.79,0.01,0.01,2335.53999,1776218934000
1776218935.907,235.907,0.16,10.74,0.15,92.79,0.17,322.8,0.18,53.0,0.83,322.8,0.82,53.0,0.84,10.74,0.85,92.79,0.01,0.01,2335.538646,1776218935000
1776218936.388,236.388,0.16,3.62,0.15,34.93,0.17,269.8,0.18,111.0,0.83,322.8,0.82,53.0,0.84,10.74,0.85,92.79,0.01,0.01,2335.538646,1776218935000
1776218936.998,236.998,0.16,3.62,0.15,34.93,0.17,269.8,0.18,111.0,0.83,269.8,0.82,111.0,0.84,3.62,0.85,34.93,0.01,0.01,2335.541199,1776218936000
1776218937.242,237.242,0.15,24.61,0.14,68.0,0.17,262.89,0.18,94.0,0.83,310.89,0.82,36.0,0.84,3.62,0.85,16.73,0.02,0.01,2335.541199,1776218936000
1776218937.642,237.642,0.16,12.85,0.15,14.61,0.17,262.89,0.18,94.0,0.83,262.89,0.82,94.0,0.85,24.61,0.86,68.0,0.01,0.02,2335.541199,1776218936000
1776218938.935,238.935,0.15,14.2,0.14,17.21,0.16,376.79,0.17,20.0,0.84,53.79,0.83,267.89,0.85,14.61,0.86,75.21,0.01,0.01,2335.541199,1776218936000
1776218939.316,239.316,0.15,14.2,0.14,17.21,0.16,376.79,0.17,20.0,0.84,376.79,0.83,20.0,0.85,14.2,0.86,17.21,0.01,0.01,2335.545074,1776218937000
1776218940.213,240.213,0.15,14.2,0.14,17.21,0.16,376.79,0.17,20.0,0.84,376.79,0.83,20.0,0.85,14.2,0.86,17.21,0.01,0.01,2335.514247,1776218938000
1776218940.72,240.72,0.15,6.47,0.12,143.09,0.16,376.79,0.17,33.0,0.84,376.79,0.83,20.0,0.85,14.2,0.86,17.21,0.01,0.01,2335.514247,1776218938000
1776218941.175,241.175,0.15,1.47,0.12,143.09,0.16,386.79,0.17,33.0,0.84,386.79,0.83,33.0,0.85,1.47,0.88,143.09,0.01,0.01,2335.447879,1776218939000
1776218942.208,242.208,0.15,1.47,0.12,143.09,0.16,386.79,0.17,33.0,0.84,386.79,0.83,33.0,0.85,1.47,0.88,143.09,0.01,0.01,2335.431889,1776218940000
1776218943.298,243.298,0.13,5.0,0.12,151.5,0.14,78.0,0.15,15.0,0.86,78.0,0.85,15.0,0.87,5.0,0.88,151.5,0.01,0.01,2335.340206,1776218941000
1776218944.328,244.328,0.13,10.4,0.12,93.5,0.14,78.0,0.15,200.0,0.86,83.0,0.85,20.0,0.87,12.7,0.88,151.5,0.01,0.01,2335.340206,1776218941000
1776218945.083,245.083,0.13,4.63,0.12,93.5,0.14,93.0,0.15,200.0,0.86,78.0,0.85,200.0,0.87,10.4,0.88,93.5,0.01,0.01,2335.325222,1776218942000
1776218946.143,246.143,0.13,4.63,0.12,93.5,0.14,93.0,0.15,200.0,0.86,93.0,0.85,200.0,0.87,4.63,0.88,93.5,0.01,0.01,2335.331098,1776218944000
1776218947.084,247.084,0.13,4.63,0.12,93.5,0.14,93.0,0.15,200.0,0.86,93.0,0.85,200.0,0.87,4.63,0.88,93.5,0.01,0.01,2335.354867,1776218945000
1776218948.041,248.041,0.12,30.1,0.11,10.0,0.13,183.77,0.14,43.0,0.86,93.0,0.85,200.0,0.87,4.63,0.88,93.5,0.01,0.01,2335.354867,1776218945000
1776218948.544,248.544,0.12,25.83,0.11,10.0,0.13,188.77,0.14,38.0,0.87,183.77,0.86,43.0,0.88,30.1,0.89,10.0,0.01,0.01,2335.358668,1776218946000
1776218949.154,249.154,0.12,25.83,0.11,10.0,0.13,188.77,0.14,38.0,0.87,188.77,0.86,38.0,0.88,25.83,0.89,10.0,0.01,0.01,2335.355703,1776218947000
1776218949.624,249.624,0.11,18.0,0.1,138.0,0.12,107.0,0.13,128.77,0.87,188.77,0.86,38.0,0.88,25.83,0.89,10.0,0.01,0.01,2335.355703,1776218947000
1776218950.104,250.104,0.11,18.0,0.1,138.0,0.12,107.0,0.13,128.77,0.88,107.0,0.87,128.77,0.89,18.0,0.9,138.0,0.01,0.01,2335.347267,1776218948000
1776218951.074,251.074,0.08,60.0,0.07,208.3,0.11,16.0,0.12,317.0,0.89,16.0,0.88,317.0,0.92,60.0,0.93,208.3,0.03,0.03,2335.328311,1776218949000
1776218951.576,251.576,0.09,10.0,0.08,72.62,0.1,59.05,0.11,89.0,0.89,16.0,0.88,317.0,0.92,60.0,0.93,208.3,0.01,0.03,2335.328311,1776218949000
1776218951.908,251.908,0.09,10.0,0.08,72.62,0.1,59.05,0.11,89.0,0.9,59.05,0.89,89.0,0.91,10.0,0.92,72.62,0.01,0.01,2335.274509,1776218950000
1776218952.661,252.661,0.09,10.0,0.08,72.62,0.1,59.05,0.11,89.0,0.9,59.05,0.89,89.0,0.91,10.0,0.92,72.62,0.01,0.01,2335.258905,1776218951000
1776218953.093,253.093,0.09,4.28,0.08,72.62,0.1,81.05,0.11,269.0,0.9,59.05,0.89,89.0,0.91,10.0,0.92,72.62,0.01,0.01,2335.258905,1776218951000
1776218953.402,253.402,0.09,4.28,0.08,72.62,0.1,36.05,0.11,274.0,0.9,81.05,0.89,269.0,0.91,4.28,0.92,72.62,0.01,0.01,2335.254644,1776218952000
1776218954.13,254.13,0.09,2.32,0.08,72.62,0.1,26.05,0.11,269.0,0.9,36.05,0.89,274.0,0.91,4.28,0.92,72.62,0.01,0.01,2335.254644,1776218952000
1776218954.857,254.857,0.09,2.32,0.08,72.62,0.1,26.05,0.11,269.0,0.9,26.05,0.89,269.0,0.91,2.32,0.92,72.62,0.01,0.01,2335.242267,1776218953000
1776218955.516,255.516,0.09,2.32,0.08,72.62,0.1,26.05,0.11,269.0,0.9,26.05,0.89,269.0,0.91,2.32,0.92,72.62,0.01,0.01,2335.240967,1776218954000
1776218955.837,255.837,0.08,69.35,0.07,68.0,0.09,71.0,0.1,222.0,0.9,26.05,0.89,269.0,0.91,2.32,0.92,72.62,0.01,0.01,2335.240967,1776218954000
1776218956.309,256.309,0.08,69.35,0.07,68.0,0.09,71.0,0.1,222.0,0.91,71.0,0.9,222.0,0.92,69.35,0.93,68.0,0.01,0.01,2335.240967,1776218955000
1776218956.644,256.644,0.08,68.26,0.07,10.0,0.09,76.0,0.1,217.0,0.91,71.0,0.9,222.0,0.92,69.35,0.93,68.0,0.01,0.01,2335.240967,1776218955000
1776218957.099,257.099,0.08,30.0,0.06,10.0,0.09,169.98,0.1,146.0,0.91,81.0,0.9,217.0,0.92,63.26,0.93,10.0,0.01,0.01,2335.240967,1776218955000
1776218957.312,257.312,0.05,36.21,0.04,30.0,0.06,68.2,0.07,265.99,0.93,37.0,0.92,129.2,0.95,44.64,0.96,30.0,0.01,0.02,2335.240967,1776218955000
1776218957.524,257.524,0.03,196.0,0.02,675.7,0.06,305.99,0.07,85.99,0.94,305.99,0.93,85.99,0.97,196.0,0.98,675.7,0.03,0.03,2335.237406,1776218956000
1776218958.38,258.38,0.03,185.69,0.02,675.7,0.04,15.0,0.05,36.0,0.96,15.0,0.95,36.0,0.97,185.69,0.98,675.7,0.01,0.01,2335.236277,1776218957000
1776218958.918,258.918,0.03,123.73,0.02,675.7,0.04,304.0,0.05,31.0,0.96,246.0,0.95,89.0,0.97,144.35,0.98,675.7,0.01,0.01,2335.236277,1776218957000
1776218959.182,259.182,0.03,120.4,0.02,675.7,0.04,309.0,0.05,31.0,0.96,309.0,0.95,31.0,0.97,125.56,0.98,675.7,0.01,0.01,2335.173275,1776218958000
1776218959.51,259.51,0.03,120.4,0.02,675.7,0.04,346.31,0.05,31.0,0.96,309.0,0.95,31.0,0.97,120.4,0.98,675.7,0.01,0.01,2335.173275,1776218958000
1776218959.716,259.716,0.03,120.4,0.02,675.7,0.04,343.04,0.05,26.0,0.96,346.31,0.95,31.0,0.97,120.4,0.98,675.7,0.01,0.01,2335.173275,1776218958000
1776218960.332,260.332,0.03,119.21,0.02,300.0,0.04,342.31,0.05,5.0,0.96,343.04,0.95,26.0,0.97,120.4,0.98,675.7,0.01,0.01,2335.173275,1776218958000
1776218960.584,260.584,0.03,99.88,0.02,300.0,0.04,347.31,0.05,5.0,0.96,342.31,0.95,5.0,0.97,119.21,0.98,300.0,0.01,0.01,2335.173275,1776218958000
1776218960.802,260.802,0.03,56.36,0.02,300.0,0.04,347.31,0.05,5.0,0.96,347.31,0.95,5.0,0.97,93.7,0.98,300.0,0.01,0.01,2335.173275,1776218958000
1776218961.012,261.012,0.03,22.7,0.02,300.0,0.04,292.25,0.05,5.0,0.96,313.91,0.95,5.0,0.97,22.7,0.98,300.0,0.01,0.01,2334.765451,1776218959000
1776218961.574,261.574,0.03,22.7,0.02,300.0,0.04,265.25,0.05,5.0,0.96,265.25,0.95,5.0,0.97,22.7,0.98,300.0,0.01,0.01,2334.801528,1776218960000
1776218962.103,262.103,0.03,22.7,0.02,300.0,0.04,265.25,0.05,5.0,0.96,265.25,0.95,5.0,0.97,22.7,0.98,300.0,0.01,0.01,2334.795988,1776218961000
1776218963.183,263.183,0.03,19.63,0.02,300.0,0.04,445.33,0.05,80.8,0.96,316.33,0.95,80.8,0.97,22.7,0.98,300.0,0.01,0.01,2334.795988,1776218961000
1776218963.448,263.448,0.02,268.61,0.01,2207.6,0.04,450.33,0.05,80.8,0.96,445.33,0.95,80.8,0.97,19.63,0.98,300.0,0.02,0.01,2334.779654,1776218962000
1776218963.711,263.711,0.02,312.93,0.01,2207.6,0.03,10.0,0.04,445.33,0.97,10.0,0.96,450.33,0.98,318.08,0.99,2207.6,0.01,0.01,2334.779654,1776218962000
1776218964.018,264.018,0.02,297.93,0.01,2207.6,0.03,10.0,0.04,445.33,0.97,10.0,0.96,445.33,0.98,312.93,0.99,2207.6,0.01,0.01,2334.779654,1776218962000
1776218964.365,264.365,0.02,284.8,0.01,2207.6,0.03,10.0,0.04,445.33,0.97,10.0,0.96,445.33,0.98,280.83,0.99,2207.6,0.01,0.01,2334.779654,1776218962000
1776218964.981,264.981,0.02,279.8,0.01,2057.6,0.03,4.0,0.04,266.01,0.97,10.0,0.96,445.33,0.98,284.8,0.99,2207.6,0.01,0.01,2334.77785,1776218963000
1776218965.79,265.79,0.02,202.23,0.01,2057.6,0.03,9.0,0.04,267.01,0.97,4.0,0.96,266.01,0.98,203.3,0.99,2057.6,0.01,0.01,2334.777749,1776218964000
1776218966.143,266.143,0.02,202.23,0.01,2057.6,0.03,9.0,0.04,267.01,0.97,9.0,0.96,267.01,0.98,202.23,0.99,2057.6,0.01,0.01,2334.737026,1776218965000
1776218966.379,266.379,0.02,187.01,0.01,1999.6,0.03,162.7,0.04,267.01,0.97,157.7,0.96,267.01,0.98,192.12,0.99,1999.6,0.01,0.01,2334.737026,1776218965000
1776218967.057,267.057,0.02,179.87,0.01,1636.0,0.03,231.7,0.04,230.99,0.97,152.7,0.96,267.01,0.98,181.9,0.99,1999.6,0.01,0.01,2334.737026,1776218965000
1776218967.304,267.304,0.02,169.76,0.01,1636.0,0.03,226.7,0.04,230.99,0.97,226.7,0.96,230.99,0.98,169.76,0.99,1636.0,0.01,0.01,2334.736598,1776218966000
1776218968.0,268.0,0.02,149.55,0.01,1636.0,0.03,237.01,0.04,244.99,0.97,226.7,0.96,230.99,0.98,169.76,0.99,1636.0,0.01,0.01,2334.736598,1776218966000
1776218968.203,268.203,0.02,48.05,0.01,1636.0,0.03,242.01,0.04,269.0,0.97,237.01,0.96,244.99,0.98,149.55,0.99,1636.0,0.01,0.01,2334.736598,1776218966000
1776218968.694,268.694,0.02,82.28,0.01,1436.0,0.03,242.01,0.04,269.0,0.97,237.01,0.96,269.0,0.98,37.84,0.99,1636.0,0.01,0.01,2334.548786,1776218967000
1776218968.925,268.925,0.02,77.28,0.01,1436.0,0.03,242.01,0.04,269.0,0.97,242.01,0.96,269.0,0.98,77.28,0.99,1436.0,0.01,0.01,2334.492954,1776218968000
1776218969.39,269.39,0.02,36.46,0.01,1536.0,0.03,242.01,0.04,279.0,0.97,242.01,0.96,269.0,0.98,77.28,0.99,1436.0,0.01,0.01,2334.492954,1776218968000
1776218969.952,269.952,0.01,1471.39,,,0.03,325.0,0.04,277.21,0.97,242.01,0.96,279.0,0.98,36.46,0.99,1536.0,0.02,0.01,2334.492954,1776218968000
1776218970.675,270.675,0.01,1446.39,,,0.02,300.7,0.03,296.99,0.97,325.0,0.96,277.21,0.99,1471.39,,,0.01,0.02,2334.364448,1776218969000
1776218971.084,271.084,0.01,894.39,,,0.02,305.7,0.03,296.99,0.98,305.7,0.97,296.99,0.99,1051.39,,,0.01,0.01,2334.364448,1776218969000
1776218971.613,271.613,0.01,859.34,,,0.02,305.7,0.03,300.99,0.98,300.7,0.97,296.99,0.99,889.34,,,0.01,0.01,2334.34078,1776218970000
1776218971.871,271.871,0.01,858.34,,,0.02,300.7,0.03,300.99,0.98,305.7,0.97,300.99,0.99,859.34,,,0.01,0.01,2334.34078,1776218970000
1776218972.087,272.087,0.01,812.83,,,0.02,305.7,0.03,319.0,0.98,300.7,0.97,300.99,0.99,813.85,,,0.01,0.01,2334.34078,1776218970000
1776218972.477,272.477,0.01,782.83,,,0.02,305.7,0.03,329.0,0.98,305.7,0.97,319.0,0.99,812.83,,,0.01,0.01,2334.34078,1776218970000
1776218972.784,272.784,0.01,762.83,,,0.02,266.7,0.03,279.0,0.98,266.7,0.97,279.0,0.99,762.83,,,0.01,0.01,2334.278159,1776218971000
1776218973.391,273.391,0.01,762.83,,,0.02,266.7,0.03,279.0,0.98,266.7,0.97,279.0,0.99,762.83,,,0.01,0.01,2334.266147,1776218972000
1776218973.629,273.629,0.01,761.81,,,0.02,261.7,0.03,279.0,0.98,266.7,0.97,279.0,0.99,762.83,,,0.01,0.01,2334.266147,1776218972000
1776218974.08,274.08,0.01,761.81,,,0.02,253.4,0.03,279.0,0.98,253.4,0.97,279.0,0.99,761.81,,,0.01,0.01,2334.266147,1776218973000
1776218974.482,274.482,0.01,736.81,,,0.02,273.4,0.03,304.0,0.98,253.4,0.97,279.0,0.99,761.81,,,0.01,0.01,2334.266147,1776218973000
1776218974.758,274.758,0.01,712.79,,,0.02,268.4,0.03,304.0,0.98,268.4,0.97,304.0,0.99,709.79,,,0.01,0.01,2334.266147,1776218973000
1776218975.038,275.038,0.01,664.64,,,0.02,273.4,0.03,304.0,0.98,268.4,0.97,304.0,0.99,665.64,,,0.01,0.01,2334.266147,1776218973000
1776218975.275,275.275,0.01,654.64,,,0.02,89.7,0.03,180.3,0.98,273.4,0.97,304.0,0.99,664.64,,,0.01,0.01,2334.279431,1776218974000
1776218976.44,276.44,0.01,654.64,,,0.02,89.7,0.03,180.3,0.98,89.7,0.97,180.3,0.99,654.64,,,0.01,0.01,2334.270653,1776218975000
1776218976.901,276.901,0.01,462.34,,,0.02,250.78,0.03,173.51,0.98,250.78,0.97,173.51,0.99,462.34,,,0.01,0.01,2334.270653,1776218976000
1776218977.338,277.338,0.01,364.73,,,0.02,273.78,0.03,167.51,0.98,256.77,0.97,167.51,0.99,371.73,,,0.01,0.01,2334.270653,1776218976000
1776218977.806,277.806,0.01,363.21,,,0.02,278.78,0.03,167.51,0.98,273.78,0.97,167.51,0.99,364.73,,,0.01,0.01,2334.270653,1776218976000
1776218978.08,278.08,0.01,363.21,,,0.02,278.78,0.03,167.51,0.98,278.78,0.97,167.51,0.99,363.21,,,0.01,0.01,2334.227714,1776218977000
1776218979.234,279.234,0.01,357.89,,,0.02,296.78,0.03,167.51,0.98,278.78,0.97,167.51,0.99,363.21,,,0.01,0.01,2334.227714,1776218977000
1776218979.616,279.616,0.01,302.89,,,0.02,296.78,0.03,167.51,0.98,301.78,0.97,167.51,0.99,327.89,,,0.01,0.01,2334.220148,1776218978000
1776218979.929,279.929,0.01,302.89,,,0.02,296.78,0.03,167.51,0.98,296.78,0.97,167.51,0.99,302.89,,,0.01,0.01,2334.217698,1776218979000
1776218980.865,280.865,0.01,253.78,,,0.02,308.78,0.03,162.51,0.98,318.78,0.97,167.51,0.99,263.89,,,0.01,0.01,2334.217698,1776218979000
1776218981.12,281.12,0.01,253.78,,,0.02,308.78,0.03,162.51,0.98,308.78,0.97,162.51,0.99,253.78,,,0.01,0.01,2334.223686,1776218980000
1776218981.33,281.33,0.01,258.78,,,0.02,63.78,0.03,162.51,0.98,308.78,0.97,162.51,0.99,253.78,,,0.01,0.01,2334.223686,1776218980000
1776218981.834,281.834,0.01,238.78,,,0.02,83.99,0.03,147.31,0.98,63.78,0.97,162.51,0.99,258.78,,,0.01,0.01,2334.223686,1776218980000
1776218982.225,282.225,0.01,228.67,,,0.02,83.99,0.03,147.31,0.98,83.99,0.97,147.31,0.99,228.67,,,0.01,0.01,2334.223276,1776218981000
1776218982.864,282.864,0.01,156.81,,,0.02,303.0,0.03,147.31,0.98,83.99,0.97,147.31,0.99,228.67,,,0.01,0.01,2334.223276,1776218981000
1776218983.42,283.42,,,,,0.01,10.0,0.02,330.01,0.99,10.0,0.98,330.01,,,,,,,2334.223326,1776218982000
1776218983.9,283.9,,,,,0.01,490.26,0.02,217.3,0.99,10.0,0.98,330.01,,,,,,,2334.223326,1776218982000
1776218984.671,284.671,,,,,0.01,1139.76,0.02,222.3,0.99,490.26,0.98,217.3,,,,,,,2334.27167,1776218983000
1776218985.107,285.107,,,,,0.01,1139.76,0.02,222.3,0.99,1139.76,0.98,222.3,,,,,,,2334.22787,1776218984000
1776218985.546,285.546,,,,,0.01,2134.84,0.02,262.29,0.99,1139.76,0.98,222.3,,,,,,,2334.22787,1776218984000
1776218986.442,286.442,,,,,0.01,2134.84,0.02,262.29,0.99,2134.84,0.98,262.29,,,,,,,2334.219407,1776218985000
1776218986.925,286.925,,,,,0.01,2695.95,0.02,262.29,0.99,2134.84,0.98,262.29,,,,,,,2334.219407,1776218985000
1776218988.251,288.251,,,,,0.01,2695.95,0.02,262.29,0.99,2695.95,0.98,262.29,,,,,,,2334.218987,1776218987000
1776218988.683,288.683,,,,,0.01,5190.23,0.02,262.29,0.99,2695.95,0.98,262.29,,,,,,,2334.218987,1776218987000
1776218989.369,289.369,,,,,0.01,5190.23,0.02,262.29,0.99,5190.23,0.98,262.29,,,,,,,2334.213836,1776218988000
1776218989.992,289.992,,,,,0.01,5190.23,0.02,262.29,0.99,5190.23,0.98,262.29,,,,,,,2334.213836,1776218989000
1776218991.809,291.809,,,,,0.01,5190.23,0.02,262.29,0.99,5190.23,0.98,262.29,,,,,,,2334.207584,1776218990000
1776218992.345,292.345,,,,,0.01,5190.23,0.02,262.29,0.99,5190.23,0.98,262.29,,,,,,,2334.207733,1776218991000
1776218992.833,292.833,,,,,0.01,5190.23,0.02,262.29,0.99,5190.23,0.98,262.29,,,,,,,2334.207239,1776218992000
1776218993.761,293.761,,,,,0.01,5190.23,0.02,262.29,0.99,5190.23,0.98,262.29,,,,,,,2334.204429,1776218993000
1776218994.835,294.835,,,,,0.01,5190.23,0.02,262.29,0.99,5190.23,0.98,262.29,,,,,,,2334.204618,1776218994000
1776218996.318,296.318,,,,,0.01,5190.23,0.02,262.29,0.99,5190.23,0.98,262.29,,,,,,,2334.204494,1776218995000
1776218997.273,297.273,,,,,0.01,5190.23,0.02,262.29,0.99,5190.23,0.98,262.29,,,,,,,2334.184459,1776218996000
1776218998.17,298.17,,,,,0.01,7522.86,0.02,264.09,0.99,5190.23,0.98,262.29,,,,,,,2334.184459,1776218996000
1776218999.174,299.174,,,,,0.01,7522.86,0.02,264.09,0.99,7522.86,0.98,264.09,,,,,,,2334.157858,1776218998000
1776219000.199,300.199,,,,,0.01,7522.86,0.02,264.09,0.99,7522.86,0.98,264.09,,,,,,,2334.153715,1776218999000
1776219001.164,301.164,,,,,0.01,7522.86,0.02,264.09,0.99,7522.86,0.98,264.09,,,,,,,2334.156461,1776219000000
1776219002.187,302.187,,,,,0.01,7522.86,0.02,264.09,0.99,7522.86,0.98,264.09,,,,,,,2334.174923,1776219001000

# RESULT,winner=Down,slug=eth-updown-5m-1776218700,ticks=464
