timestamp,elapsed_sec,up_bid_p1,up_bid_s1,up_bid_p2,up_bid_s2,up_ask_p1,up_ask_s1,up_ask_p2,up_ask_s2,down_bid_p1,down_bid_s1,down_bid_p2,down_bid_s2,down_ask_p1,down_ask_s1,down_ask_p2,down_ask_s2,up_spread,down_spread,eth_price,eth_oracle_ts
1776201001.297,1.297,,,,,,,,,,,,,,,,,,,2323.067162,1776201000000
1776201001.829,1.829,0.47,25.0,0.46,10.0,0.49,5.0,0.51,113.0,0.51,5.0,0.5,9.91,0.53,25.0,0.54,147.0,0.02,0.02,2323.067162,1776201000000
1776201002.311,2.311,0.47,25.0,0.46,137.0,0.49,5.0,0.5,9.91,0.51,5.0,0.5,9.91,0.53,25.0,0.54,147.0,0.02,0.02,2323.067162,1776201000000
1776201002.599,2.599,0.46,37.0,0.45,117.0,0.49,2.79,0.5,9.91,0.51,10.0,0.5,9.91,0.54,83.85,0.55,205.0,0.03,0.03,2323.067162,1776201000000
1776201002.81,2.81,0.47,7.0,0.46,42.0,0.49,5.74,0.5,9.91,0.51,2.79,0.5,9.91,0.54,37.0,0.55,117.0,0.02,0.03,2323.067162,1776201000000
1776201003.441,3.441,0.47,7.0,0.46,42.0,0.49,5.74,0.5,9.91,0.51,5.74,0.5,9.91,0.53,7.0,0.54,42.0,0.02,0.02,2323.025629,1776201002000
1776201003.763,3.763,0.48,66.23,0.47,22.0,0.5,23.55,0.51,123.0,0.51,5.74,0.5,9.91,0.53,7.0,0.54,42.0,0.02,0.02,2323.025629,1776201002000
1776201004.079,4.079,0.48,69.11,0.47,32.0,0.5,23.55,0.51,128.0,0.5,23.55,0.49,123.0,0.52,66.23,0.53,22.0,0.02,0.02,2323.025629,1776201002000
1776201004.309,4.309,0.48,69.11,0.47,32.0,0.5,23.55,0.51,128.0,0.5,23.55,0.49,128.0,0.52,69.11,0.53,32.0,0.02,0.02,2323.025555,1776201003000
1776201004.629,4.629,0.48,67.86,0.47,27.0,0.5,28.55,0.51,128.0,0.5,23.55,0.49,128.0,0.52,69.11,0.53,32.0,0.02,0.02,2323.025555,1776201003000
1776201005.073,5.073,0.48,61.86,0.47,20.0,0.5,23.55,0.51,128.0,0.5,28.55,0.49,128.0,0.52,67.86,0.53,27.0,0.02,0.02,2323.025555,1776201003000
1776201005.55,5.55,0.48,61.86,0.47,20.0,0.5,28.55,0.51,128.0,0.5,23.55,0.49,128.0,0.52,61.86,0.53,20.0,0.02,0.02,2323.025555,1776201004000
1776201006.042,6.042,0.48,51.86,0.47,20.0,0.49,22.0,0.5,34.99,0.5,28.55,0.49,128.0,0.52,61.86,0.53,20.0,0.01,0.02,2323.025555,1776201004000
1776201006.522,6.522,0.48,55.62,0.47,20.0,0.49,19.0,0.5,34.99,0.51,14.0,0.5,34.99,0.52,51.86,0.53,20.0,0.01,0.01,2323.025555,1776201004000
1776201006.765,6.765,0.48,50.62,0.47,25.0,0.49,14.0,0.5,39.99,0.51,19.0,0.5,34.99,0.52,55.62,0.53,20.0,0.01,0.01,2323.023977,1776201005000
1776201007.443,7.443,0.48,50.62,0.47,25.0,0.49,14.0,0.5,39.99,0.51,14.0,0.5,39.99,0.52,50.62,0.53,25.0,0.01,0.01,2323.023323,1776201006000
1776201007.847,7.847,0.48,20.62,0.47,10.0,0.49,149.0,0.5,149.99,0.51,14.0,0.5,39.99,0.52,50.62,0.53,25.0,0.01,0.01,2323.023323,1776201006000
1776201008.094,8.094,0.44,108.85,0.43,128.0,0.49,149.0,0.5,149.99,0.51,149.0,0.5,149.99,0.56,108.85,0.57,128.0,0.05,0.05,2323.015503,1776201007000
1776201009.254,9.254,0.45,184.81,0.44,105.85,0.46,15.0,0.47,37.0,0.51,149.0,0.5,149.99,0.56,108.85,0.57,128.0,0.01,0.05,2323.015503,1776201007000
1776201009.466,9.466,0.45,184.81,0.44,105.85,0.46,15.0,0.47,37.0,0.54,15.0,0.53,37.0,0.55,184.81,0.56,105.85,0.01,0.01,2323.015527,1776201008000
1776201009.713,9.713,0.45,184.81,0.44,106.85,0.46,9.24,0.47,37.0,0.54,15.0,0.53,37.0,0.55,184.81,0.56,105.85,0.01,0.01,2323.015527,1776201008000
1776201009.967,9.967,0.45,188.41,0.44,85.85,0.46,14.24,0.47,47.5,0.54,9.24,0.53,37.0,0.55,184.81,0.56,106.85,0.01,0.01,2323.015527,1776201008000
1776201010.419,10.419,0.45,183.41,0.44,60.85,0.46,14.24,0.47,37.5,0.54,14.24,0.53,47.5,0.55,188.41,0.56,85.85,0.01,0.01,2322.939909,1776201009000
1776201011.53,11.53,0.45,173.41,0.44,60.85,0.46,19.24,0.47,37.5,0.54,19.24,0.53,37.5,0.55,173.41,0.56,60.85,0.01,0.01,2322.891006,1776201010000
1776201012.181,12.181,0.45,168.41,0.44,70.85,0.46,14.24,0.47,37.5,0.54,14.24,0.53,37.5,0.55,168.41,0.56,70.85,0.01,0.01,2322.818247,1776201011000
1776201012.391,12.391,0.45,168.41,0.44,60.85,0.46,13.94,0.47,37.5,0.54,14.24,0.53,37.5,0.55,168.41,0.56,70.85,0.01,0.01,2322.818247,1776201011000
1776201012.863,12.863,0.45,158.41,0.44,70.85,0.46,23.94,0.47,37.5,0.54,13.94,0.53,37.5,0.55,168.41,0.56,60.85,0.01,0.01,2322.818247,1776201011000
1776201013.471,13.471,0.45,158.41,0.44,70.85,0.46,23.94,0.47,37.5,0.54,23.94,0.53,37.5,0.55,158.41,0.56,70.85,0.01,0.01,2322.819496,1776201012000
1776201014.038,14.038,0.45,148.41,0.44,70.85,0.46,28.94,0.47,50.59,0.54,23.94,0.53,37.5,0.55,158.41,0.56,70.85,0.01,0.01,2322.819496,1776201012000
1776201014.833,14.833,0.45,25.5,0.44,70.85,0.46,26.76,0.47,50.59,0.54,26.76,0.53,50.59,0.55,153.41,0.56,70.85,0.01,0.01,2322.819496,1776201013000
1776201015.165,15.165,0.45,23.5,0.44,77.85,0.46,21.76,0.47,50.59,0.54,26.76,0.53,50.59,0.55,25.5,0.56,70.85,0.01,0.01,2322.819496,1776201013000
1776201015.365,15.365,0.45,23.5,0.44,77.85,0.46,21.76,0.47,50.59,0.54,21.76,0.53,50.59,0.55,23.5,0.56,77.85,0.01,0.01,2322.784254,1776201014000
1776201015.923,15.923,0.45,23.5,0.44,77.85,0.46,21.76,0.47,50.59,0.54,21.76,0.53,50.59,0.55,23.5,0.56,77.85,0.01,0.01,2322.784354,1776201015000
1776201017.292,17.292,0.45,5.0,0.44,268.35,0.46,9.97,0.47,50.59,0.54,9.97,0.53,50.59,0.55,5.0,0.56,268.35,0.01,0.01,2322.864955,1776201016000
1776201017.858,17.858,0.45,5.0,0.44,268.35,0.46,35.5,0.47,50.59,0.54,9.97,0.53,50.59,0.55,5.0,0.56,268.35,0.01,0.01,2322.864955,1776201016000
1776201018.513,18.513,0.45,5.0,0.44,268.35,0.46,35.5,0.47,50.59,0.54,35.5,0.53,50.59,0.55,5.0,0.56,268.35,0.01,0.01,2322.864143,1776201017000
1776201019.227,19.227,0.45,5.0,0.44,268.35,0.46,35.5,0.47,50.59,0.54,35.5,0.53,50.59,0.55,5.0,0.56,268.35,0.01,0.01,2322.86807,1776201018000
1776201020.504,20.504,0.45,210.5,0.44,88.35,0.47,65.59,0.48,143.0,0.53,65.59,0.52,143.0,0.55,210.5,0.56,88.35,0.02,0.02,2322.833945,1776201019000
1776201020.779,20.779,0.45,38.5,0.44,293.35,0.47,73.8,0.48,133.0,0.53,65.59,0.52,143.0,0.55,210.5,0.56,88.35,0.02,0.02,2322.833945,1776201019000
1776201021.118,21.118,0.45,38.5,0.44,293.35,0.47,73.8,0.48,133.0,0.53,73.8,0.52,133.0,0.55,38.5,0.56,293.35,0.02,0.02,2322.833945,1776201020000
1776201021.893,21.893,0.45,47.24,0.44,293.35,0.47,73.8,0.48,313.0,0.53,78.8,0.52,133.0,0.55,28.5,0.56,293.35,0.02,0.02,2322.833945,1776201020000
1776201022.215,22.215,0.45,236.06,0.44,113.35,0.47,78.8,0.48,313.0,0.53,73.8,0.52,313.0,0.55,47.24,0.56,293.35,0.02,0.02,2322.833945,1776201020000
1776201022.841,22.841,0.45,221.06,0.44,114.35,0.47,73.8,0.48,133.0,0.53,78.8,0.52,313.0,0.55,236.06,0.56,113.35,0.02,0.02,2322.804903,1776201021000
1776201023.453,23.453,0.45,221.06,0.44,114.35,0.47,73.8,0.48,133.0,0.53,73.8,0.52,133.0,0.55,221.06,0.56,114.35,0.02,0.02,2322.86072,1776201022000
1776201024.038,24.038,0.45,15.56,0.44,10.0,0.46,358.5,0.47,185.8,0.53,73.8,0.52,133.0,0.55,221.06,0.56,114.35,0.01,0.02,2322.86072,1776201022000
1776201024.312,24.312,0.45,5.46,0.44,10.0,0.46,269.5,0.47,85.8,0.54,353.5,0.53,185.8,0.55,10.56,0.56,10.0,0.01,0.01,2322.805159,1776201023000
1776201024.521,24.521,0.44,20.0,0.43,20.0,0.46,269.5,0.47,85.8,0.54,269.5,0.53,85.8,0.55,5.46,0.56,10.0,0.02,0.01,2322.805159,1776201023000
1776201024.943,24.943,0.44,10.0,0.43,20.0,0.45,279.5,0.46,89.5,0.54,269.5,0.53,85.8,0.56,20.0,0.57,20.0,0.01,0.02,2322.805159,1776201023000
1776201025.256,25.256,0.44,15.0,0.43,20.0,0.45,239.5,0.46,59.5,0.55,279.5,0.54,89.5,0.56,10.0,0.57,20.0,0.01,0.01,2322.80531,1776201024000
1776201025.903,25.903,0.44,5.0,0.43,30.0,0.45,252.59,0.46,65.5,0.55,239.5,0.54,59.5,0.56,15.0,0.57,20.0,0.01,0.01,2322.80531,1776201024000
1776201026.168,26.168,0.44,5.0,0.43,30.0,0.45,242.59,0.46,65.5,0.55,252.59,0.54,65.5,0.56,5.0,0.57,30.0,0.01,0.01,2322.71866,1776201025000
1776201026.56,26.56,0.44,5.0,0.43,30.0,0.45,222.5,0.46,65.5,0.55,242.59,0.54,65.5,0.56,5.0,0.57,30.0,0.01,0.01,2322.71866,1776201025000
1776201026.903,26.903,0.44,5.0,0.43,30.0,0.45,222.5,0.46,65.5,0.55,222.5,0.54,65.5,0.56,5.0,0.57,30.0,0.01,0.01,2322.614414,1776201026000
1776201027.243,27.243,0.44,5.0,0.43,20.0,0.45,212.5,0.46,65.5,0.55,222.5,0.54,65.5,0.56,5.0,0.57,30.0,0.01,0.01,2322.614414,1776201026000
1776201027.594,27.594,0.44,3.03,0.43,20.0,0.45,217.5,0.46,65.5,0.55,212.5,0.54,65.5,0.56,5.0,0.57,20.0,0.01,0.01,2322.614414,1776201026000
1776201027.884,27.884,0.44,1.03,0.43,20.0,0.45,217.5,0.46,65.5,0.55,217.5,0.54,65.5,0.56,1.03,0.57,20.0,0.01,0.01,2322.588797,1776201027000
1776201028.561,28.561,0.44,1.03,0.43,20.0,0.45,192.5,0.46,65.5,0.55,207.5,0.54,65.5,0.56,1.03,0.57,20.0,0.01,0.01,2322.588797,1776201027000
1776201028.886,28.886,0.44,1.03,0.43,20.0,0.45,192.5,0.46,65.5,0.55,192.5,0.54,65.5,0.56,1.03,0.57,20.0,0.01,0.01,2322.549821,1776201028000
1776201029.635,29.635,0.44,1.03,0.43,20.0,0.45,188.5,0.46,59.5,0.55,192.5,0.54,65.5,0.56,1.03,0.57,20.0,0.01,0.01,2322.549821,1776201028000
1776201029.951,29.951,0.44,1.03,0.43,20.0,0.45,188.5,0.46,59.5,0.55,188.5,0.54,59.5,0.56,1.03,0.57,20.0,0.01,0.01,2322.551891,1776201029000
1776201030.694,30.694,0.44,1.03,0.43,10.0,0.46,48.03,0.47,63.8,0.55,188.5,0.54,59.5,0.56,1.03,0.57,20.0,0.02,0.01,2322.551891,1776201029000
1776201030.902,30.902,0.44,1.03,0.43,10.0,0.46,48.03,0.47,63.8,0.54,48.03,0.53,63.8,0.56,1.03,0.57,10.0,0.02,0.02,2322.551991,1776201030000
1776201031.365,31.365,0.42,15.0,0.41,17.53,0.43,31.53,0.44,40.5,0.55,48.5,0.54,51.03,0.59,17.53,0.6,42.73,0.01,0.04,2322.551991,1776201030000
1776201031.939,31.939,0.42,15.0,0.41,17.53,0.43,23.31,0.44,40.5,0.57,23.31,0.56,40.5,0.58,15.0,0.59,17.53,0.01,0.01,2322.571205,1776201031000
1776201032.424,32.424,0.41,7.53,0.4,25.73,0.42,81.78,0.43,50.5,0.57,23.31,0.56,40.5,0.58,15.0,0.59,17.53,0.01,0.01,2322.571205,1776201031000
1776201033.001,33.001,0.41,2.44,0.4,30.73,0.42,66.28,0.43,45.5,0.58,66.28,0.57,45.5,0.59,2.44,0.6,30.73,0.01,0.01,2322.551874,1776201032000
1776201033.286,33.286,0.4,38.21,0.39,299.5,0.42,52.0,0.43,38.5,0.58,66.28,0.57,45.5,0.59,2.44,0.6,30.73,0.02,0.01,2322.551874,1776201032000
1776201033.965,33.965,0.4,38.21,0.39,299.5,0.42,52.0,0.43,38.5,0.58,52.0,0.57,38.5,0.6,38.21,0.61,299.5,0.02,0.02,2322.544862,1776201033000
1776201034.625,34.625,0.41,15.0,0.4,217.0,0.42,25.09,0.43,20.5,0.58,52.0,0.57,38.5,0.6,38.21,0.61,299.5,0.01,0.02,2322.544862,1776201033000
1776201035.001,35.001,0.41,8.49,0.4,217.0,0.42,25.09,0.43,26.5,0.58,25.09,0.57,26.5,0.59,8.49,0.6,217.0,0.01,0.01,2322.500624,1776201034000
1776201035.749,35.749,0.41,3.49,0.4,207.0,0.42,55.09,0.43,35.5,0.58,25.09,0.57,26.5,0.59,8.49,0.6,217.0,0.01,0.01,2322.500624,1776201034000
1776201036.01,36.01,0.41,5.0,0.4,205.0,0.42,55.09,0.43,35.5,0.58,55.09,0.57,35.5,0.59,3.49,0.6,207.0,0.01,0.01,2322.469665,1776201035000
1776201036.914,36.914,0.4,200.0,0.39,119.5,0.42,27.7,0.43,35.5,0.58,47.7,0.57,35.5,0.59,5.0,0.6,200.0,0.02,0.01,2322.469665,1776201035000
1776201037.393,37.393,0.4,200.0,0.39,119.5,0.42,27.7,0.43,35.5,0.58,27.7,0.57,35.5,0.6,200.0,0.61,119.5,0.02,0.02,2322.467218,1776201036000
1776201037.917,37.917,0.4,195.0,0.39,144.76,0.42,32.7,0.43,30.5,0.58,27.7,0.57,35.5,0.6,200.0,0.61,119.5,0.02,0.02,2322.467218,1776201036000
1776201039.031,39.031,0.4,185.0,0.39,144.76,0.41,32.0,0.42,25.0,0.59,32.0,0.58,25.0,0.6,185.0,0.61,144.76,0.01,0.01,2322.512886,1776201038000
1776201039.239,39.239,0.4,190.0,0.39,154.76,0.41,47.0,0.42,35.5,0.59,32.0,0.58,25.0,0.6,185.0,0.61,144.76,0.01,0.01,2322.512886,1776201038000
1776201040.071,40.071,0.4,190.0,0.39,154.76,0.41,47.0,0.42,35.5,0.59,47.0,0.58,35.5,0.6,190.0,0.61,154.76,0.01,0.01,2322.51594,1776201039000
1776201040.436,40.436,0.4,170.0,0.39,110.0,0.41,72.0,0.42,35.5,0.59,47.0,0.58,35.5,0.6,190.0,0.61,154.76,0.01,0.01,2322.51594,1776201039000
1776201041.24,41.24,0.4,160.0,0.39,110.0,0.41,72.0,0.42,35.5,0.59,72.0,0.58,35.5,0.6,160.0,0.61,110.0,0.01,0.01,2322.467736,1776201040000
1776201042.165,42.165,0.39,235.0,0.38,15.0,0.4,104.5,0.41,76.5,0.6,104.5,0.59,76.5,0.61,235.0,0.62,15.0,0.01,0.01,2322.459424,1776201041000
1776201043.201,43.201,0.39,30.0,0.38,200.0,0.4,112.0,0.41,76.5,0.6,112.0,0.59,76.5,0.61,30.0,0.62,200.0,0.01,0.01,2322.360132,1776201042000
1776201044.254,44.254,0.39,30.0,0.38,200.0,0.4,112.0,0.41,76.5,0.6,112.0,0.59,76.5,0.61,30.0,0.62,200.0,0.01,0.01,2322.314155,1776201043000
1776201044.933,44.933,0.39,25.0,0.38,200.0,0.4,84.5,0.41,62.5,0.6,112.0,0.59,76.5,0.61,30.0,0.62,200.0,0.01,0.01,2322.314155,1776201043000
1776201045.269,45.269,0.39,25.0,0.38,200.0,0.4,84.5,0.41,62.5,0.6,84.5,0.59,62.5,0.61,25.0,0.62,200.0,0.01,0.01,2322.30356,1776201044000
1776201046.23,46.23,0.39,25.0,0.38,200.0,0.4,84.5,0.41,62.5,0.6,84.5,0.59,62.5,0.61,25.0,0.62,200.0,0.01,0.01,2322.30356,1776201045000
1776201046.603,46.603,0.39,15.0,0.38,200.0,0.4,79.5,0.41,62.5,0.6,84.5,0.59,62.5,0.61,25.0,0.62,200.0,0.01,0.01,2322.30356,1776201045000
1776201047.362,47.362,0.39,15.0,0.38,200.0,0.4,79.5,0.41,62.5,0.6,79.5,0.59,62.5,0.61,15.0,0.62,200.0,0.01,0.01,2322.3035,1776201046000
1776201047.605,47.605,0.39,5.0,0.38,200.0,0.4,135.0,0.41,62.5,0.6,79.5,0.59,62.5,0.61,15.0,0.62,200.0,0.01,0.01,2322.3035,1776201046000
1776201047.899,47.899,0.39,5.0,0.38,190.0,0.4,120.0,0.41,62.5,0.6,120.0,0.59,62.5,0.61,5.0,0.62,190.0,0.01,0.01,2322.305847,1776201047000
1776201048.998,48.998,0.39,5.0,0.38,190.0,0.4,120.0,0.41,62.5,0.6,120.0,0.59,62.5,0.61,5.0,0.62,190.0,0.01,0.01,2322.305815,1776201048000
1776201050.428,50.428,0.39,5.0,0.38,190.0,0.4,120.0,0.41,62.5,0.6,120.0,0.59,62.5,0.61,5.0,0.62,190.0,0.01,0.01,2322.285674,1776201049000
1776201050.792,50.792,0.35,10.0,0.34,180.0,0.36,70.0,0.37,45.5,0.6,120.0,0.59,62.5,0.61,5.0,0.62,190.0,0.01,0.01,2322.285674,1776201049000
1776201051.859,51.859,0.34,178.9,0.33,100.5,0.35,103.0,0.36,95.98,0.65,10.0,0.64,97.0,0.66,163.9,0.67,105.5,0.01,0.01,2322.272943,1776201050000
1776201052.095,52.095,0.34,178.9,0.33,100.5,0.35,103.0,0.36,95.98,0.65,103.0,0.64,95.98,0.66,178.9,0.67,100.5,0.01,0.01,2322.272443,1776201051000
1776201052.688,52.688,0.35,0.91,0.34,208.4,0.37,10.0,0.38,20.5,0.65,98.0,0.64,95.98,0.66,168.9,0.67,100.5,0.02,0.01,2322.272443,1776201051000
1776201053.002,53.002,0.35,0.91,0.34,208.4,0.37,10.0,0.38,20.5,0.63,10.0,0.62,20.5,0.65,0.91,0.66,208.4,0.02,0.02,2321.993631,1776201052000
1776201053.446,53.446,0.36,11.0,0.35,20.0,0.37,104.0,0.38,25.5,0.63,10.0,0.62,20.5,0.65,0.91,0.66,208.4,0.01,0.02,2321.993631,1776201052000
1776201053.675,53.675,0.35,28.92,0.34,193.4,0.37,88.0,0.38,25.5,0.63,88.0,0.62,25.5,0.64,1.0,0.65,20.0,0.02,0.01,2321.993631,1776201052000
1776201054.088,54.088,0.35,23.21,0.34,193.4,0.37,88.0,0.38,25.5,0.63,88.0,0.62,25.5,0.65,23.21,0.66,193.4,0.02,0.02,2321.981555,1776201053000
1776201054.664,54.664,0.35,19.61,0.34,181.63,0.36,104.0,0.37,60.5,0.63,88.0,0.62,25.5,0.65,23.21,0.66,193.4,0.01,0.02,2321.981555,1776201053000
1776201055.073,55.073,0.35,24.61,0.34,173.9,0.36,102.0,0.37,60.5,0.64,104.0,0.63,60.5,0.65,19.61,0.66,181.63,0.01,0.01,2321.981555,1776201053000
1776201056.127,56.127,0.35,24.61,0.34,173.9,0.36,102.0,0.37,60.5,0.64,102.0,0.63,60.5,0.65,24.61,0.66,173.9,0.01,0.01,2322.04801,1776201055000
1776201057.232,57.232,0.35,17.61,0.34,178.9,0.36,72.0,0.37,30.5,0.64,72.0,0.63,30.5,0.65,17.61,0.66,178.9,0.01,0.01,2322.044259,1776201056000
1776201057.671,57.671,0.35,44.28,0.34,219.16,0.36,164.5,0.37,30.5,0.64,72.0,0.63,30.5,0.65,17.61,0.66,178.9,0.01,0.01,2322.044259,1776201056000
1776201058.038,58.038,0.35,34.28,0.34,213.9,0.36,169.5,0.37,30.5,0.64,164.5,0.63,30.5,0.65,44.28,0.66,219.16,0.01,0.01,2322.044259,1776201056000
1776201058.292,58.292,0.35,34.28,0.34,213.9,0.36,169.5,0.37,30.5,0.64,169.5,0.63,30.5,0.65,34.28,0.66,213.9,0.01,0.01,2322.02418,1776201057000
1776201058.923,58.923,0.35,23.28,0.34,30.0,0.36,170.98,0.37,35.98,0.64,169.5,0.63,30.5,0.65,34.28,0.66,213.9,0.01,0.01,2322.02418,1776201057000
1776201059.383,59.383,0.35,23.28,0.34,30.0,0.36,170.98,0.37,35.98,0.64,170.98,0.63,35.98,0.65,23.28,0.66,30.0,0.01,0.01,2322.026826,1776201058000
1776201059.835,59.835,0.35,13.28,0.34,30.0,0.36,214.98,0.37,35.98,0.64,170.98,0.63,35.98,0.65,23.28,0.66,30.0,0.01,0.01,2322.026826,1776201058000
1776201060.043,60.043,0.35,8.2,0.34,30.0,0.36,251.98,0.37,35.98,0.64,214.98,0.63,35.98,0.65,13.28,0.66,30.0,0.01,0.01,2322.014453,1776201059000
1776201060.603,60.603,0.31,5.0,0.3,10.0,0.36,404.64,0.37,43.98,0.64,192.64,0.63,35.98,0.65,8.2,0.66,30.0,0.05,0.01,2322.014453,1776201059000
1776201060.878,60.878,0.31,13.4,0.3,10.0,0.32,171.98,0.33,29.0,0.64,404.64,0.63,43.98,0.69,5.0,0.7,10.0,0.01,0.05,2322.014453,1776201059000
1776201061.172,61.172,0.31,8.55,0.3,10.0,0.32,171.98,0.33,29.0,0.68,171.98,0.67,29.0,0.69,13.4,0.7,10.0,0.01,0.01,2322.014453,1776201059000
1776201061.391,61.391,0.31,6.47,0.3,10.0,0.32,171.98,0.33,29.0,0.68,171.98,0.67,29.0,0.69,8.55,0.7,10.0,0.01,0.01,2321.949748,1776201060000
1776201061.834,61.834,0.3,7.85,0.29,20.0,0.31,142.0,0.32,84.98,0.68,171.98,0.67,29.0,0.69,6.47,0.7,10.0,0.01,0.01,2321.949748,1776201060000
1776201062.104,62.104,0.29,8.66,0.28,208.5,0.3,109.33,0.31,55.0,0.69,137.0,0.68,84.98,0.71,8.66,0.72,208.5,0.01,0.02,2321.949748,1776201060000
1776201063.269,63.269,0.29,8.66,0.28,213.5,0.3,121.33,0.31,55.0,0.7,109.33,0.69,55.0,0.71,8.66,0.72,208.5,0.01,0.01,2321.848639,1776201061000
1776201063.67,63.67,0.29,4.99,0.28,205.5,0.3,244.91,0.31,55.0,0.7,121.33,0.69,55.0,0.71,8.66,0.72,213.5,0.01,0.01,2321.7253,1776201062000
1776201064.509,64.509,0.29,4.99,0.28,205.5,0.3,244.91,0.31,55.0,0.7,244.91,0.69,55.0,0.71,4.99,0.72,205.5,0.01,0.01,2321.721001,1776201063000
1776201064.806,64.806,0.28,190.5,0.27,106.0,0.29,94.0,0.3,177.91,0.71,95.0,0.7,177.91,0.72,195.5,0.73,121.26,0.01,0.01,2321.721001,1776201063000
1776201065.018,65.018,0.28,190.5,0.27,106.0,0.29,94.0,0.3,177.91,0.71,94.0,0.7,177.91,0.72,190.5,0.73,106.0,0.01,0.01,2321.721012,1776201064000
1776201065.842,65.842,0.28,185.5,0.27,131.26,0.29,173.5,0.3,177.91,0.71,94.0,0.7,177.91,0.72,190.5,0.73,106.0,0.01,0.01,2321.721012,1776201064000
1776201066.145,66.145,0.28,185.5,0.27,131.26,0.29,173.5,0.3,177.91,0.71,173.5,0.7,177.91,0.72,185.5,0.73,131.26,0.01,0.01,2321.719236,1776201065000
1776201067.053,67.053,0.28,180.5,0.27,141.26,0.29,149.5,0.3,148.58,0.71,173.5,0.7,177.91,0.72,185.5,0.73,131.26,0.01,0.01,2321.719236,1776201065000
1776201067.293,67.293,0.28,180.5,0.27,141.26,0.29,149.5,0.3,148.58,0.71,149.5,0.7,148.58,0.72,180.5,0.73,141.26,0.01,0.01,2321.716539,1776201066000
1776201067.872,67.872,0.28,180.5,0.27,141.26,0.29,149.5,0.3,148.58,0.71,149.5,0.7,148.58,0.72,180.5,0.73,141.26,0.01,0.01,2321.716926,1776201067000
1776201068.464,68.464,0.28,160.0,0.27,167.49,0.29,181.5,0.3,148.58,0.71,149.5,0.7,148.58,0.72,180.5,0.73,141.26,0.01,0.01,2321.716926,1776201067000
1776201068.906,68.906,0.28,160.0,0.27,167.49,0.29,181.5,0.3,148.58,0.71,181.5,0.7,148.58,0.72,160.0,0.73,167.49,0.01,0.01,2321.714009,1776201068000
1776201070.039,70.039,0.28,160.0,0.27,167.49,0.29,181.5,0.3,148.58,0.71,181.5,0.7,148.58,0.72,160.0,0.73,167.49,0.01,0.01,2321.714038,1776201069000
1776201070.427,70.427,0.28,141.0,0.27,162.49,0.29,181.5,0.3,148.58,0.71,181.5,0.7,148.58,0.72,155.0,0.73,162.49,0.01,0.01,2321.714038,1776201069000
1776201071.267,71.267,0.28,141.0,0.27,162.49,0.29,181.5,0.3,148.58,0.71,181.5,0.7,148.58,0.72,141.0,0.73,162.49,0.01,0.01,2321.672096,1776201070000
1776201072.033,72.033,0.28,111.0,0.27,116.5,0.29,221.5,0.3,159.08,0.71,181.5,0.7,148.58,0.72,141.0,0.73,162.49,0.01,0.01,2321.672096,1776201070000
1776201072.514,72.514,0.28,111.0,0.27,116.5,0.29,221.5,0.3,159.08,0.71,221.5,0.7,159.08,0.72,111.0,0.73,116.5,0.01,0.01,2321.67243,1776201071000
1776201073.088,73.088,0.28,81.71,0.27,116.5,0.29,221.5,0.3,159.08,0.71,221.5,0.7,159.08,0.72,81.71,0.73,116.5,0.01,0.01,2321.70416,1776201072000
1776201073.647,73.647,0.28,71.71,0.27,106.0,0.29,221.5,0.3,159.08,0.71,221.5,0.7,159.08,0.72,81.71,0.73,116.5,0.01,0.01,2321.70416,1776201072000
1776201074.245,74.245,0.28,71.71,0.27,106.0,0.29,220.12,0.3,159.08,0.71,220.12,0.7,159.08,0.72,71.71,0.73,106.0,0.01,0.01,2321.631641,1776201073000
1776201074.915,74.915,0.28,70.21,0.27,106.0,0.29,215.12,0.3,159.08,0.71,220.12,0.7,159.08,0.72,71.71,0.73,106.0,0.01,0.01,2321.631641,1776201073000
1776201075.476,75.476,0.28,60.21,0.27,111.0,0.29,215.12,0.3,159.08,0.71,215.12,0.7,159.08,0.72,70.21,0.73,106.0,0.01,0.01,2321.623724,1776201074000
1776201076.148,76.148,0.28,60.21,0.27,101.0,0.29,208.56,0.3,159.08,0.71,215.12,0.7,159.08,0.72,60.21,0.73,111.0,0.01,0.01,2321.623724,1776201074000
1776201076.631,76.631,0.28,194.21,0.27,131.5,0.29,159.56,0.3,148.58,0.71,208.56,0.7,159.08,0.72,60.21,0.73,101.0,0.01,0.01,2321.62372,1776201075000
1776201077.039,77.039,0.28,184.21,0.27,131.5,0.29,159.56,0.3,148.58,0.71,159.56,0.7,148.58,0.72,194.21,0.73,131.5,0.01,0.01,2321.62372,1776201075000
1776201077.335,77.335,0.28,177.82,0.27,131.5,0.29,159.56,0.3,148.58,0.71,159.56,0.7,148.58,0.72,177.82,0.73,131.5,0.01,0.01,2321.621559,1776201076000
1776201077.681,77.681,0.28,172.82,0.27,141.5,0.29,164.56,0.3,159.08,0.71,159.56,0.7,148.58,0.72,177.82,0.73,131.5,0.01,0.01,2321.621559,1776201076000
1776201078.61,78.61,0.28,157.82,0.27,131.5,0.29,164.56,0.3,164.56,0.71,164.56,0.7,159.08,0.72,172.82,0.73,141.5,0.01,0.01,2321.615601,1776201077000
1776201079.461,79.461,0.28,157.82,0.27,131.5,0.29,164.56,0.3,164.56,0.71,164.56,0.7,164.56,0.72,157.82,0.73,131.5,0.01,0.01,2321.61555,1776201078000
1776201080.056,80.056,0.28,157.82,0.27,131.5,0.29,164.56,0.3,164.56,0.71,164.56,0.7,164.56,0.72,157.82,0.73,131.5,0.01,0.01,2321.618591,1776201079000
1776201080.389,80.389,0.28,152.82,0.27,131.5,0.29,163.07,0.3,164.56,0.71,164.56,0.7,164.56,0.72,157.82,0.73,131.5,0.01,0.01,2321.618591,1776201079000
1776201080.696,80.696,0.28,142.82,0.27,121.0,0.29,168.07,0.3,164.56,0.71,163.07,0.7,164.56,0.72,152.82,0.73,131.5,0.01,0.01,2321.618591,1776201079000
1776201081.001,81.001,0.28,142.82,0.27,121.0,0.29,168.07,0.3,164.56,0.71,168.07,0.7,164.56,0.72,142.82,0.73,121.0,0.01,0.01,2321.618587,1776201080000
1776201082.015,82.015,0.28,142.82,0.27,121.0,0.29,168.07,0.3,164.56,0.71,168.07,0.7,164.56,0.72,142.82,0.73,121.0,0.01,0.01,2321.618807,1776201081000
1776201083.0,83.0,0.28,260.58,0.27,58.5,0.29,77.29,0.3,128.58,0.71,168.07,0.7,164.56,0.72,142.82,0.73,121.0,0.01,0.01,2321.618807,1776201081000
1776201083.976,83.976,0.36,20.0,0.35,23.0,0.37,10.36,0.38,42.0,0.61,14.9,0.6,41.0,0.63,10.0,0.64,10.0,0.01,0.02,2321.62677,1776201082000
1776201084.343,84.343,0.36,20.0,0.35,23.0,0.37,10.36,0.38,42.0,0.63,10.36,0.62,42.0,0.64,20.0,0.65,23.0,0.01,0.01,2321.626941,1776201083000
1776201084.665,84.665,0.36,21.0,0.35,34.0,0.37,18.36,0.38,42.0,0.63,10.36,0.62,42.0,0.64,20.0,0.65,23.0,0.01,0.01,2321.626941,1776201083000
1776201085.003,85.003,0.36,21.0,0.35,34.0,0.37,18.36,0.38,42.0,0.63,18.36,0.62,42.0,0.64,21.0,0.65,34.0,0.01,0.01,2321.93533,1776201084000
1776201085.325,85.325,0.36,20.5,0.35,34.0,0.37,28.36,0.38,42.0,0.63,18.36,0.62,42.0,0.64,21.0,0.65,34.0,0.01,0.01,2321.93533,1776201084000
1776201085.857,85.857,0.36,20.5,0.35,34.0,0.37,28.36,0.38,48.48,0.63,28.36,0.62,42.0,0.64,20.5,0.65,34.0,0.01,0.01,2321.93533,1776201084000
1776201086.619,86.619,0.36,15.5,0.35,34.0,0.37,17.36,0.38,38.48,0.63,28.36,0.62,48.48,0.64,20.5,0.65,34.0,0.01,0.01,2322.180817,1776201085000
1776201087.083,87.083,0.36,15.5,0.35,34.0,0.37,17.36,0.38,38.48,0.63,17.36,0.62,38.48,0.64,15.5,0.65,34.0,0.01,0.01,2322.182137,1776201086000
1776201088.048,88.048,0.36,15.5,0.35,34.0,0.37,17.36,0.38,38.48,0.63,17.36,0.62,38.48,0.64,15.5,0.65,34.0,0.01,0.01,2322.182332,1776201087000
1776201088.808,88.808,0.36,20.5,0.34,75.0,0.37,20.0,0.38,43.48,0.63,17.36,0.62,38.48,0.64,15.5,0.65,34.0,0.01,0.01,2322.182332,1776201087000
1776201089.03,89.03,0.36,20.5,0.34,75.0,0.37,20.0,0.38,43.48,0.63,20.0,0.62,43.48,0.64,20.5,0.66,75.0,0.01,0.01,2322.164914,1776201088000
1776201090.053,90.053,0.36,20.5,0.34,75.0,0.37,20.0,0.38,43.48,0.63,20.0,0.62,43.48,0.64,20.5,0.66,75.0,0.01,0.01,2322.152541,1776201089000
1776201091.019,91.019,0.36,20.5,0.34,75.0,0.37,20.0,0.38,43.48,0.63,20.0,0.62,43.48,0.64,20.5,0.66,75.0,0.01,0.01,2322.150046,1776201090000
1776201091.809,91.809,0.36,20.5,0.34,229.0,0.37,38.98,0.38,43.48,0.63,20.0,0.62,43.48,0.64,20.5,0.66,75.0,0.01,0.01,2322.150046,1776201090000
1776201092.118,92.118,0.36,20.5,0.34,229.0,0.37,38.98,0.38,43.48,0.63,38.98,0.62,43.48,0.64,20.5,0.66,229.0,0.01,0.01,2322.165769,1776201091000
1776201092.379,92.379,0.36,16.0,0.34,229.0,0.37,38.98,0.38,43.48,0.63,38.98,0.62,43.48,0.64,20.5,0.66,229.0,0.01,0.01,2322.165769,1776201091000
1776201093.219,93.219,0.36,10.0,0.34,229.0,0.37,38.98,0.38,43.48,0.63,38.98,0.62,43.48,0.64,16.0,0.66,229.0,0.01,0.01,2322.165769,1776201091000
1776201094.313,94.313,0.34,239.0,0.33,47.8,0.36,40.0,0.37,23.98,0.63,38.98,0.62,43.48,0.64,10.0,0.66,229.0,0.02,0.01,2322.26411,1776201092000
1776201095.193,95.193,0.34,239.0,0.33,47.8,0.36,40.0,0.37,23.98,0.64,40.0,0.63,23.98,0.66,239.0,0.67,47.8,0.02,0.02,2322.153552,1776201094000
1776201095.655,95.655,0.35,19.0,0.34,223.0,0.36,38.07,0.37,18.98,0.64,40.0,0.63,23.98,0.66,239.0,0.67,47.8,0.01,0.02,2322.153552,1776201094000
1776201096.32,96.32,0.35,19.0,0.34,233.5,0.41,154.85,0.42,48.0,0.64,38.07,0.63,18.98,0.65,19.0,0.66,223.0,0.06,0.01,2322.153552,1776201094000
1776201096.648,96.648,0.36,45.0,0.35,24.0,0.37,15.0,0.38,33.98,0.59,154.85,0.58,48.0,0.65,19.0,0.66,233.5,0.01,0.06,2322.153552,1776201094000
1776201096.888,96.888,0.36,15.0,0.35,24.0,0.37,7.48,0.38,28.98,0.63,7.48,0.62,28.98,0.64,15.0,0.65,24.0,0.01,0.01,2322.152599,1776201095000
1776201097.286,97.286,0.33,5.76,0.32,26.5,0.36,94.98,0.37,82.5,0.63,7.48,0.62,28.98,0.64,15.0,0.65,24.0,0.03,0.01,2322.152599,1776201095000
1776201097.752,97.752,0.32,36.5,0.31,82.0,0.34,9.11,0.35,30.5,0.66,9.11,0.65,30.5,0.68,36.5,0.69,82.0,0.02,0.02,2322.153009,1776201096000
1776201098.243,98.243,0.32,28.44,0.31,75.5,0.33,21.81,0.34,42.59,0.67,21.0,0.66,37.59,0.68,23.44,0.69,80.5,0.01,0.01,2322.153009,1776201096000
1776201098.664,98.664,0.32,28.44,0.31,75.5,0.33,19.68,0.34,42.59,0.67,19.68,0.66,42.59,0.68,28.44,0.69,75.5,0.01,0.01,2322.153009,1776201097000
1776201099.172,99.172,0.32,28.44,0.31,75.5,0.33,19.07,0.34,37.59,0.67,19.68,0.66,42.59,0.68,28.44,0.69,75.5,0.01,0.01,2322.153009,1776201097000
1776201099.47,99.47,0.32,28.44,0.31,75.5,0.33,8.43,0.34,37.59,0.67,8.43,0.66,37.59,0.68,28.44,0.69,75.5,0.01,0.01,2322.1825,1776201098000
1776201099.749,99.749,0.32,28.44,0.31,75.5,0.33,8.43,0.34,37.59,0.67,8.43,0.66,37.59,0.68,28.44,0.69,75.5,0.01,0.01,2322.1825,1776201098000
1776201099.991,99.991,0.32,3.44,0.31,75.5,0.33,10.0,0.34,37.59,0.67,8.43,0.66,37.59,0.68,28.44,0.69,75.5,0.01,0.01,2322.1825,1776201098000
1776201100.302,100.302,0.32,6.96,0.31,75.5,0.33,20.0,0.34,42.59,0.67,20.0,0.66,42.59,0.68,6.96,0.69,75.5,0.01,0.01,2322.031521,1776201099000
1776201100.594,100.594,0.3,177.0,0.29,5.0,0.31,10.0,0.32,70.98,0.67,20.0,0.66,42.59,0.68,6.96,0.69,75.5,0.01,0.01,2322.031521,1776201099000
1776201101.111,101.111,0.28,15.5,0.27,36.0,0.29,25.93,0.3,37.0,0.69,10.0,0.68,70.98,0.7,177.0,0.71,5.0,0.01,0.01,2322.031521,1776201099000
1776201102.741,102.741,0.28,15.5,0.27,36.0,0.29,25.93,0.3,37.0,0.71,25.93,0.7,37.0,0.72,15.5,0.73,36.0,0.01,0.01,2321.968386,1776201101000
1776201103.376,103.376,0.28,15.5,0.27,36.0,0.29,25.93,0.3,37.0,0.71,25.93,0.7,37.0,0.72,15.5,0.73,36.0,0.01,0.01,2321.86273,1776201102000
1776201103.631,103.631,0.28,6.5,0.27,46.5,0.29,30.93,0.3,32.0,0.71,25.93,0.7,37.0,0.72,15.5,0.73,36.0,0.01,0.01,2321.86273,1776201102000
1776201104.18,104.18,0.28,6.5,0.27,46.5,0.29,30.93,0.3,32.0,0.71,30.93,0.7,32.0,0.72,6.5,0.73,46.5,0.01,0.01,2321.818952,1776201103000
1776201104.936,104.936,0.27,46.5,0.26,301.42,0.28,10.0,0.29,20.0,0.71,30.93,0.7,32.0,0.72,6.5,0.73,46.5,0.01,0.01,2321.818952,1776201103000
1776201105.243,105.243,0.27,51.5,0.26,301.42,0.28,5.0,0.29,20.0,0.72,10.0,0.71,20.0,0.73,46.5,0.74,301.42,0.01,0.01,2321.818952,1776201103000
1776201105.847,105.847,0.27,51.5,0.26,301.42,0.28,5.0,0.29,20.0,0.72,5.0,0.71,20.0,0.73,51.5,0.74,301.42,0.01,0.01,2321.805166,1776201104000
1776201106.671,106.671,0.27,51.5,0.26,301.42,0.28,5.0,0.29,20.0,0.72,5.0,0.71,20.0,0.73,51.5,0.74,301.42,0.01,0.01,2321.805166,1776201105000
1776201107.359,107.359,0.27,51.5,0.26,301.42,0.28,5.0,0.29,20.0,0.72,5.0,0.71,20.0,0.73,51.5,0.74,301.42,0.01,0.01,2321.765394,1776201106000
1776201107.836,107.836,0.27,39.5,0.26,286.42,0.29,15.0,0.3,32.0,0.72,5.0,0.71,20.0,0.73,51.5,0.74,301.42,0.02,0.01,2321.765394,1776201106000
1776201108.314,108.314,0.27,39.5,0.26,286.42,0.29,15.0,0.3,32.0,0.71,15.0,0.7,32.0,0.73,39.5,0.74,286.42,0.02,0.02,2321.765394,1776201107000
1776201109.54,109.54,0.28,5.0,0.27,219.5,0.31,42.98,0.32,51.98,0.71,15.0,0.7,32.0,0.73,39.5,0.74,286.42,0.03,0.02,2321.765394,1776201107000
1776201109.916,109.916,0.28,5.0,0.27,219.5,0.31,42.98,0.32,51.98,0.69,42.98,0.68,51.98,0.72,5.0,0.73,219.5,0.03,0.03,2321.774731,1776201108000
1776201110.512,110.512,0.28,1.81,0.27,219.5,0.3,15.0,0.31,200.48,0.69,42.98,0.68,51.98,0.72,5.0,0.73,219.5,0.02,0.03,2321.774731,1776201108000
1776201111.344,111.344,0.28,1.81,0.27,219.5,0.3,15.0,0.31,200.48,0.7,15.0,0.69,200.48,0.72,1.81,0.73,219.5,0.02,0.02,2321.779129,1776201110000
1776201112.196,112.196,0.28,1.81,0.27,219.5,0.3,15.0,0.31,200.48,0.7,15.0,0.69,200.48,0.72,1.81,0.73,219.5,0.02,0.02,2321.779129,1776201111000
1776201113.928,113.928,0.28,1.81,0.27,219.5,0.3,15.0,0.31,200.48,0.7,15.0,0.69,200.48,0.72,1.81,0.73,219.5,0.02,0.02,2321.787575,1776201113000
1776201114.991,114.991,0.28,1.81,0.27,219.5,0.3,15.0,0.31,200.48,0.7,15.0,0.69,200.48,0.72,1.81,0.73,219.5,0.02,0.02,2321.771983,1776201114000
1776201116.016,116.016,0.28,1.81,0.27,219.5,0.3,15.0,0.31,200.48,0.7,15.0,0.69,200.48,0.72,1.81,0.73,219.5,0.02,0.02,2321.756778,1776201115000
1776201117.062,117.062,0.28,1.81,0.27,219.5,0.3,15.0,0.31,200.48,0.7,15.0,0.69,200.48,0.72,1.81,0.73,219.5,0.02,0.02,2321.74502,1776201116000
1776201118.057,118.057,0.28,5.0,0.27,4.0,0.29,84.89,0.3,25.5,0.71,84.89,0.7,25.5,0.72,5.0,0.73,4.0,0.01,0.01,2321.74497,1776201117000
1776201119.148,119.148,0.28,5.0,0.27,4.0,0.29,84.89,0.3,25.5,0.71,84.89,0.7,25.5,0.72,5.0,0.73,4.0,0.01,0.01,2321.74507,1776201118000
1776201120.156,120.156,0.28,5.0,0.27,4.0,0.29,84.89,0.3,25.5,0.71,84.89,0.7,25.5,0.72,5.0,0.73,4.0,0.01,0.01,2321.746086,1776201119000
1776201120.391,120.391,0.27,16.92,0.26,215.5,0.29,8.89,0.3,26.48,0.71,84.89,0.7,25.5,0.72,5.0,0.73,4.0,0.02,0.01,2321.746086,1776201119000
1776201121.202,121.202,0.27,16.92,0.26,215.5,0.29,8.89,0.3,26.48,0.71,8.89,0.7,26.48,0.73,16.92,0.74,215.5,0.02,0.02,2321.706175,1776201120000
1776201121.557,121.557,0.26,208.61,0.25,15.0,0.28,15.0,0.29,8.89,0.71,8.89,0.7,26.48,0.73,16.92,0.74,215.5,0.02,0.02,2321.706175,1776201120000
1776201122.157,122.157,0.26,208.61,0.25,20.0,0.27,9.81,0.28,15.0,0.72,15.0,0.71,8.89,0.74,208.61,0.75,15.0,0.01,0.02,2321.706175,1776201120000
1776201122.416,122.416,0.26,213.61,0.25,20.0,0.27,8.7,0.28,15.0,0.73,9.81,0.72,15.0,0.74,208.61,0.75,20.0,0.01,0.01,2321.710559,1776201121000
1776201123.292,123.292,0.26,213.61,0.25,20.0,0.27,8.7,0.28,15.0,0.73,8.7,0.72,15.0,0.74,213.61,0.75,20.0,0.01,0.01,2321.752404,1776201122000
1776201124.024,124.024,0.26,169.11,0.25,20.0,0.27,13.7,0.28,15.0,0.73,8.7,0.72,15.0,0.74,213.61,0.75,20.0,0.01,0.01,2321.752404,1776201122000
1776201124.314,124.314,0.26,169.11,0.25,20.0,0.27,13.7,0.28,15.0,0.73,13.7,0.72,15.0,0.74,169.11,0.75,20.0,0.01,0.01,2321.712354,1776201123000
1776201124.591,124.591,0.26,179.61,0.25,20.0,0.27,10.32,0.28,15.0,0.73,13.7,0.72,15.0,0.74,169.11,0.75,20.0,0.01,0.01,2321.712354,1776201123000
1776201124.879,124.879,0.26,179.61,0.25,20.0,0.27,10.32,0.28,15.0,0.73,10.32,0.72,15.0,0.74,179.61,0.75,20.0,0.01,0.01,2321.714191,1776201124000
1776201125.549,125.549,0.26,179.61,0.25,20.0,0.27,5.32,0.28,15.0,0.73,10.32,0.72,15.0,0.74,179.61,0.75,20.0,0.01,0.01,2321.714191,1776201124000
1776201125.9,125.9,0.26,178.61,0.25,20.0,0.27,15.32,0.28,15.0,0.73,5.32,0.72,15.0,0.74,179.61,0.75,20.0,0.01,0.01,2321.714191,1776201124000
1776201126.476,126.476,0.26,193.61,0.25,20.0,0.28,8.32,0.29,19.37,0.73,15.32,0.72,15.0,0.74,178.61,0.75,20.0,0.02,0.01,2321.714267,1776201125000
1776201127.242,127.242,0.27,10.0,0.26,173.61,0.28,13.32,0.29,24.37,0.72,8.32,0.71,19.37,0.73,18.14,0.74,198.61,0.01,0.01,2321.714267,1776201125000
1776201127.657,127.657,0.27,10.0,0.26,173.61,0.28,13.32,0.29,24.37,0.72,13.32,0.71,24.37,0.73,10.0,0.74,173.61,0.01,0.01,2321.714391,1776201126000
1776201127.914,127.914,0.27,5.0,0.26,163.11,0.28,117.52,0.29,39.87,0.72,13.32,0.71,24.37,0.73,10.0,0.74,173.61,0.01,0.01,2321.714391,1776201126000
1776201128.212,128.212,0.27,5.0,0.26,163.11,0.28,117.52,0.29,39.87,0.72,117.52,0.71,39.87,0.73,5.0,0.74,163.11,0.01,0.01,2321.714537,1776201127000
1776201129.293,129.293,0.27,5.0,0.26,163.11,0.28,117.52,0.29,39.87,0.72,117.52,0.71,39.87,0.73,5.0,0.74,163.11,0.01,0.01,2321.714203,1776201128000
1776201129.759,129.759,0.27,5.0,0.26,163.11,0.28,107.52,0.29,214.87,0.72,117.52,0.71,39.87,0.73,5.0,0.74,163.11,0.01,0.01,2321.714203,1776201128000
1776201130.05,130.05,0.27,2.82,0.26,163.11,0.28,81.39,0.29,39.87,0.72,107.52,0.71,214.87,0.73,5.0,0.74,163.11,0.01,0.01,2321.714203,1776201128000
1776201130.498,130.498,0.27,2.82,0.26,163.11,0.28,81.39,0.29,39.87,0.72,81.39,0.71,39.87,0.73,2.82,0.74,163.11,0.01,0.01,2321.715223,1776201129000
1776201131.023,131.023,0.27,2.82,0.26,163.11,0.28,81.39,0.29,39.87,0.72,81.39,0.71,39.87,0.73,2.82,0.74,163.11,0.01,0.01,2321.715372,1776201130000
1776201132.041,132.041,0.27,2.82,0.26,163.11,0.28,81.39,0.29,39.87,0.72,81.39,0.71,39.87,0.73,2.82,0.74,163.11,0.01,0.01,2321.715372,1776201131000
1776201133.182,133.182,0.27,2.82,0.26,163.11,0.28,81.39,0.29,39.87,0.72,81.39,0.71,39.87,0.73,2.82,0.74,163.11,0.01,0.01,2321.715367,1776201132000
1776201134.254,134.254,0.27,2.82,0.26,163.11,0.28,81.39,0.29,39.87,0.72,81.39,0.71,39.87,0.73,2.82,0.74,163.11,0.01,0.01,2321.714615,1776201133000
1776201135.185,135.185,0.26,173.61,0.25,15.5,0.27,8.63,0.28,59.87,0.72,81.39,0.71,39.87,0.73,2.82,0.74,163.11,0.01,0.01,2321.714615,1776201133000
1776201136.166,136.166,0.26,163.11,0.25,15.5,0.27,35.08,0.28,59.87,0.73,8.63,0.72,59.87,0.74,173.61,0.75,15.5,0.01,0.01,2321.714613,1776201134000
1776201137.275,137.275,0.26,163.11,0.25,15.5,0.27,35.08,0.28,59.87,0.73,35.08,0.72,59.87,0.74,163.11,0.75,15.5,0.01,0.01,2321.713678,1776201136000
1776201137.531,137.531,0.26,162.21,0.25,15.5,0.27,80.08,0.28,64.87,0.73,35.08,0.72,59.87,0.74,163.11,0.75,15.5,0.01,0.01,2321.713678,1776201136000
1776201138.349,138.349,0.26,162.21,0.25,15.5,0.27,80.08,0.28,64.87,0.73,80.08,0.72,64.87,0.74,162.21,0.75,15.5,0.01,0.01,2321.711905,1776201137000
1776201138.894,138.894,0.26,162.21,0.25,15.5,0.27,80.08,0.28,64.87,0.73,80.08,0.72,64.87,0.74,162.21,0.75,15.5,0.01,0.01,2321.711905,1776201138000
1776201139.957,139.957,0.26,162.21,0.25,15.5,0.27,80.08,0.28,64.87,0.73,80.08,0.72,64.87,0.74,162.21,0.75,15.5,0.01,0.01,2321.709705,1776201139000
1776201140.566,140.566,0.26,47.25,0.25,15.5,0.27,75.08,0.28,88.28,0.73,80.08,0.72,64.87,0.74,162.21,0.75,15.5,0.01,0.01,2321.709705,1776201139000
1776201141.65,141.65,0.25,15.43,0.24,5.0,0.27,82.08,0.28,128.15,0.73,75.08,0.72,88.28,0.74,47.25,0.75,15.5,0.02,0.01,2321.709705,1776201139000
1776201142.188,142.188,0.25,20.43,0.24,5.0,0.26,46.8,0.27,75.08,0.73,82.08,0.72,128.15,0.75,15.43,0.76,5.0,0.01,0.02,2321.712208,1776201140000
1776201142.462,142.462,0.25,20.43,0.24,5.0,0.26,46.8,0.27,75.08,0.74,46.8,0.73,75.08,0.75,20.43,0.76,5.0,0.01,0.01,2321.712192,1776201141000
1776201143.082,143.082,0.25,20.43,0.24,5.0,0.26,46.8,0.27,75.08,0.74,46.8,0.73,75.08,0.75,20.43,0.76,5.0,0.01,0.01,2321.712192,1776201142000
1776201143.952,143.952,0.25,15.26,0.24,5.0,0.26,46.8,0.27,70.08,0.74,46.8,0.73,75.08,0.75,20.43,0.76,5.0,0.01,0.01,2321.712192,1776201142000
1776201144.406,144.406,0.25,15.26,0.24,5.0,0.26,46.8,0.27,70.08,0.74,46.8,0.73,70.08,0.75,15.26,0.76,5.0,0.01,0.01,2321.707874,1776201143000
1776201145.157,145.157,0.25,15.26,0.24,5.0,0.26,46.8,0.27,70.08,0.74,46.8,0.73,70.08,0.75,15.26,0.76,5.0,0.01,0.01,2321.707899,1776201144000
1776201146.343,146.343,0.25,15.26,0.24,5.0,0.26,46.8,0.27,70.08,0.74,46.8,0.73,70.08,0.75,15.26,0.76,5.0,0.01,0.01,2321.707195,1776201145000
1776201146.994,146.994,0.25,15.26,0.24,5.0,0.26,46.8,0.27,70.08,0.74,46.8,0.73,70.08,0.75,15.26,0.76,5.0,0.01,0.01,2321.707195,1776201146000
1776201148.409,148.409,0.25,15.26,0.24,5.0,0.26,46.8,0.27,70.08,0.74,46.8,0.73,70.08,0.75,15.26,0.76,5.0,0.01,0.01,2321.756655,1776201147000
1776201148.797,148.797,0.25,5.0,0.24,15.5,0.26,77.3,0.27,72.2,0.74,46.8,0.73,70.08,0.75,15.26,0.76,5.0,0.01,0.01,2321.756655,1776201147000
1776201149.032,149.032,0.25,5.0,0.24,15.5,0.26,77.3,0.27,72.2,0.74,77.3,0.73,72.2,0.75,5.0,0.76,15.5,0.01,0.01,2321.709454,1776201148000
1776201150.278,150.278,0.25,5.0,0.24,15.5,0.26,78.45,0.27,72.2,0.74,78.45,0.73,72.2,0.75,5.0,0.76,15.5,0.01,0.01,2321.709771,1776201149000
1776201150.875,150.875,0.24,7.5,0.23,10.0,0.25,45.0,0.26,15.0,0.74,78.45,0.73,72.2,0.75,5.0,0.76,15.5,0.01,0.01,2321.709771,1776201149000
1776201151.652,151.652,0.24,6.18,0.23,10.0,0.25,50.0,0.26,15.0,0.75,50.0,0.74,15.0,0.76,6.18,0.77,10.0,0.01,0.01,2321.744439,1776201150000
1776201152.443,152.443,0.24,6.18,0.23,10.0,0.25,40.0,0.26,20.0,0.75,50.0,0.74,15.0,0.76,6.18,0.77,10.0,0.01,0.01,2321.744439,1776201150000
1776201153.188,153.188,0.24,6.18,0.23,10.0,0.25,40.0,0.26,20.0,0.75,40.0,0.74,20.0,0.76,6.18,0.77,10.0,0.01,0.01,2321.7037,1776201152000
1776201153.913,153.913,0.24,6.18,0.23,10.0,0.25,40.0,0.26,20.0,0.75,40.0,0.74,20.0,0.76,6.18,0.77,10.0,0.01,0.01,2321.7037,1776201152000
1776201154.437,154.437,0.24,6.18,0.23,10.0,0.25,20.16,0.26,15.0,0.75,40.0,0.74,20.0,0.76,6.18,0.77,10.0,0.01,0.01,2321.7037,1776201152000
1776201154.745,154.745,0.26,279.5,0.25,30.5,0.27,15.08,0.31,15.0,0.75,20.16,0.74,15.0,0.76,6.18,0.77,10.0,0.01,0.01,2321.703562,1776201153000
1776201155.09,155.09,0.3,21.07,0.29,30.5,0.32,15.5,0.33,30.48,0.69,8.84,0.68,12.0,0.74,279.5,0.75,30.5,0.02,0.05,2321.703562,1776201153000
1776201155.395,155.395,0.31,40.0,0.3,26.07,0.32,27.5,0.33,25.0,0.68,15.5,0.67,30.48,0.7,21.07,0.71,30.5,0.01,0.02,2321.703557,1776201154000
1776201155.917,155.917,0.31,47.0,0.3,28.07,0.32,100.76,0.33,25.0,0.68,27.5,0.67,25.0,0.69,40.0,0.7,26.07,0.01,0.01,2321.703557,1776201154000
1776201156.281,156.281,0.28,28.76,0.25,21.0,0.29,129.04,0.3,98.0,0.68,370.76,0.67,80.0,0.69,2.86,0.7,6.07,0.01,0.01,2321.703557,1776201154000
1776201156.531,156.531,0.18,180.0,0.17,5.0,0.26,120.0,0.27,32.84,0.74,120.0,0.73,32.84,0.82,180.0,0.83,5.0,0.08,0.08,2321.780175,1776201155000
1776201156.755,156.755,0.18,164.28,0.17,5.0,0.19,38.0,0.2,15.0,0.81,33.0,0.8,15.0,0.82,165.5,0.83,5.0,0.01,0.01,2321.780175,1776201155000
1776201157.14,157.14,0.18,164.28,0.17,5.0,0.19,38.0,0.2,15.0,0.81,38.0,0.8,15.0,0.82,164.28,0.83,5.0,0.01,0.01,2321.945435,1776201156000
1776201157.641,157.641,0.18,199.89,0.17,10.94,0.2,15.0,0.21,37.48,0.81,38.0,0.8,15.0,0.82,164.28,0.83,5.0,0.02,0.01,2321.945435,1776201156000
1776201158.723,158.723,0.19,35.81,0.18,189.89,0.2,122.98,0.21,48.48,0.8,13.89,0.79,37.48,0.81,25.81,0.82,189.89,0.01,0.01,2321.945435,1776201156000
1776201159.125,159.125,0.19,35.81,0.18,189.89,0.2,115.98,0.21,48.48,0.8,115.98,0.79,48.48,0.81,35.81,0.82,189.89,0.01,0.01,2321.483731,1776201158000
1776201159.689,159.689,0.19,40.81,0.18,189.89,0.2,100.98,0.21,36.0,0.8,115.98,0.79,48.48,0.81,35.81,0.82,189.89,0.01,0.01,2321.483731,1776201158000
1776201160.101,160.101,0.18,165.31,0.16,18.29,0.2,125.98,0.21,31.0,0.8,100.98,0.79,36.0,0.81,40.81,0.82,189.89,0.02,0.01,2321.483731,1776201158000
1776201161.499,161.499,0.18,165.31,0.16,18.29,0.2,125.98,0.21,31.0,0.8,125.98,0.79,31.0,0.82,165.31,0.84,18.29,0.02,0.02,2321.380408,1776201160000
1776201161.973,161.973,0.15,1.81,0.14,209.0,0.16,133.0,0.17,33.0,0.8,125.98,0.79,31.0,0.82,165.31,0.84,18.29,0.01,0.02,2321.380408,1776201160000
1776201162.907,162.907,0.14,202.71,0.12,5.09,0.15,72.08,0.16,99.0,0.85,18.19,0.84,133.0,0.86,209.0,0.88,5.09,0.01,0.01,2321.323248,1776201161000
1776201163.215,163.215,0.14,202.71,0.12,5.09,0.15,72.08,0.16,99.0,0.85,72.08,0.84,99.0,0.86,202.71,0.88,5.09,0.01,0.01,2321.3095,1776201162000
1776201163.543,163.543,0.14,204.5,0.12,5.09,0.15,82.08,0.16,99.0,0.85,72.08,0.84,99.0,0.86,202.71,0.88,5.09,0.01,0.01,2321.3095,1776201162000
1776201164.259,164.259,0.14,193.04,0.12,5.09,0.15,77.08,0.16,99.0,0.85,82.08,0.84,99.0,0.86,204.5,0.88,5.09,0.01,0.01,2321.3095,1776201162000
1776201164.769,164.769,0.14,193.04,0.12,67.54,0.15,95.28,0.16,99.0,0.85,77.08,0.84,99.0,0.86,193.04,0.88,5.09,0.01,0.01,2321.098905,1776201163000
1776201165.667,165.667,0.14,190.71,0.12,5.09,0.15,105.28,0.16,104.5,0.85,95.28,0.84,99.0,0.86,193.04,0.88,67.54,0.01,0.01,2321.032302,1776201164000
1776201166.048,166.048,0.14,184.5,0.12,5.09,0.15,105.28,0.16,104.5,0.85,105.28,0.84,104.5,0.86,184.5,0.88,5.09,0.01,0.01,2321.022101,1776201165000
1776201166.681,166.681,0.14,184.5,0.12,5.09,0.15,98.08,0.16,104.5,0.85,105.28,0.84,104.5,0.86,184.5,0.88,5.09,0.01,0.01,2321.022101,1776201165000
1776201167.037,167.037,0.14,184.5,0.12,5.09,0.15,98.08,0.16,104.5,0.85,98.08,0.84,104.5,0.86,184.5,0.88,5.09,0.01,0.01,2321.004002,1776201166000
1776201168.129,168.129,0.14,184.5,0.12,5.09,0.15,98.08,0.16,104.5,0.85,98.08,0.84,104.5,0.86,184.5,0.88,5.09,0.01,0.01,2321.002477,1776201167000
1776201169.107,169.107,0.13,10.5,0.12,10.09,0.14,124.0,0.15,78.58,0.85,98.08,0.84,104.5,0.86,184.5,0.88,5.09,0.01,0.01,2321.002477,1776201167000
1776201169.555,169.555,0.13,10.5,0.12,10.09,0.14,124.0,0.15,78.58,0.86,124.0,0.85,78.58,0.87,10.5,0.88,10.09,0.01,0.01,2321.004756,1776201168000
1776201170.051,170.051,0.13,5.0,0.12,20.59,0.14,109.71,0.15,73.58,0.86,124.0,0.85,78.58,0.87,10.5,0.88,10.09,0.01,0.01,2321.004756,1776201168000
1776201170.381,170.381,0.13,5.0,0.12,20.59,0.14,109.71,0.15,73.58,0.86,109.71,0.85,73.58,0.87,5.0,0.88,20.59,0.01,0.01,2321.004044,1776201169000
1776201170.969,170.969,0.13,5.0,0.12,20.59,0.14,109.71,0.15,73.58,0.86,109.71,0.85,73.58,0.87,5.0,0.88,20.59,0.01,0.01,2320.968465,1776201170000
1776201171.238,171.238,0.13,5.0,0.12,20.59,0.14,89.0,0.15,53.69,0.86,109.71,0.85,73.58,0.87,5.0,0.88,20.59,0.01,0.01,2320.968465,1776201170000
1776201172.191,172.191,0.13,5.0,0.12,20.59,0.14,89.0,0.15,53.69,0.86,89.0,0.85,53.69,0.87,5.0,0.88,20.59,0.01,0.01,2320.966695,1776201171000
1776201172.522,172.522,0.12,10.59,0.11,195.5,0.13,125.0,0.14,44.5,0.86,89.0,0.85,53.69,0.87,5.0,0.88,20.59,0.01,0.01,2320.966695,1776201171000
1776201173.352,173.352,0.12,10.59,0.11,195.5,0.13,125.0,0.14,44.5,0.87,125.0,0.86,44.5,0.88,10.59,0.89,195.5,0.01,0.01,2320.997744,1776201172000
1776201173.607,173.607,0.12,0.09,0.11,195.5,0.13,100.0,0.14,44.5,0.87,125.0,0.86,44.5,0.88,10.59,0.89,195.5,0.01,0.01,2320.997744,1776201172000
1776201175.181,175.181,0.12,0.09,0.11,195.5,0.13,100.0,0.14,44.5,0.87,100.0,0.86,44.5,0.88,0.09,0.89,195.5,0.01,0.01,2320.913489,1776201173000
1776201175.985,175.985,0.12,18.68,0.11,195.5,0.13,80.0,0.14,34.0,0.87,85.0,0.86,34.0,0.88,23.91,0.89,195.5,0.01,0.01,2320.913489,1776201173000
1776201176.604,176.604,0.12,15.54,0.11,195.5,0.13,80.0,0.14,34.0,0.87,80.0,0.86,34.0,0.88,15.54,0.89,195.5,0.01,0.01,2320.911673,1776201174000
1776201177.206,177.206,0.12,3.18,0.11,195.5,0.13,85.0,0.14,44.5,0.87,80.0,0.86,34.0,0.88,15.54,0.89,195.5,0.01,0.01,2320.911673,1776201174000
1776201177.57,177.57,0.12,3.18,0.11,195.5,0.13,85.0,0.14,44.5,0.87,85.0,0.86,44.5,0.88,3.18,0.89,195.5,0.01,0.01,2320.911145,1776201176000
1776201178.52,178.52,0.11,189.13,0.1,56.99,0.12,75.0,0.13,20.0,0.87,85.0,0.86,44.5,0.88,3.18,0.89,195.5,0.01,0.01,2320.911145,1776201176000
1776201178.722,178.722,0.11,189.13,0.1,56.99,0.12,75.0,0.13,20.0,0.88,75.0,0.87,20.0,0.89,189.13,0.9,56.99,0.01,0.01,2320.911777,1776201177000
1776201179.116,179.116,0.11,189.13,0.1,44.99,0.12,80.0,0.13,20.0,0.88,75.0,0.87,20.0,0.89,189.13,0.9,56.99,0.01,0.01,2320.911777,1776201177000
1776201179.75,179.75,0.11,189.13,0.1,44.99,0.12,80.0,0.13,20.0,0.88,80.0,0.87,20.0,0.89,189.13,0.9,44.99,0.01,0.01,2320.912244,1776201178000
1776201180.276,180.276,0.11,184.13,0.1,5.0,0.27,304.99,0.28,37.89,0.88,80.0,0.87,20.0,0.89,189.13,0.9,44.99,0.16,0.01,2320.912244,1776201178000
1776201180.582,180.582,0.11,205.32,0.1,15.0,0.12,38.0,0.13,75.0,0.88,17.0,0.86,16.0,0.89,172.5,0.9,5.0,0.01,0.01,2320.912244,1776201178000
1776201180.849,180.849,0.12,12.76,0.11,155.32,0.13,155.48,0.14,231.5,0.87,89.98,0.86,210.5,0.88,7.76,0.89,215.82,0.01,0.01,2320.912244,1776201179000
1776201181.157,181.157,0.12,3.75,0.11,160.32,0.13,144.98,0.14,46.5,0.87,150.48,0.86,231.5,0.88,8.21,0.89,155.32,0.01,0.01,2320.912244,1776201179000
1776201181.693,181.693,0.11,143.43,0.1,15.0,0.13,305.56,0.14,226.5,0.87,144.98,0.86,46.5,0.89,159.08,0.9,15.0,0.02,0.02,2320.912244,1776201179000
1776201182.526,182.526,0.12,2.83,0.11,143.43,0.13,327.04,0.14,76.4,0.87,305.56,0.86,226.5,0.89,143.43,0.9,15.0,0.01,0.02,2320.913916,1776201180000
1776201182.858,182.858,0.11,97.63,0.1,15.0,0.13,327.04,0.14,86.4,0.87,327.04,0.86,86.4,0.89,89.8,0.9,15.0,0.02,0.02,2320.863411,1776201181000
1776201183.784,183.784,0.11,97.63,0.1,15.0,0.13,327.04,0.14,86.4,0.87,327.04,0.86,86.4,0.89,97.63,0.9,15.0,0.02,0.02,2320.693946,1776201182000
1776201184.153,184.153,0.11,92.12,0.1,15.0,0.12,239.82,0.13,99.98,0.88,232.82,0.87,110.48,0.89,97.12,0.9,15.0,0.01,0.01,2320.693946,1776201182000
1776201184.882,184.882,0.11,92.12,0.1,15.0,0.12,239.82,0.13,99.98,0.88,239.82,0.87,99.98,0.89,92.12,0.9,15.0,0.01,0.01,2320.65282,1776201183000
1776201185.336,185.336,0.1,10.0,0.09,15.0,0.12,702.31,0.13,126.3,0.88,295.31,0.87,115.48,0.89,132.0,0.9,15.0,0.02,0.01,2320.65282,1776201183000
1776201185.567,185.567,0.06,115.0,0.05,109.91,0.07,5.0,0.08,108.0,0.93,5.0,0.92,122.0,0.94,125.0,0.95,109.91,0.01,0.01,2320.65282,1776201183000
1776201185.846,185.846,0.06,115.0,0.05,109.91,0.07,5.0,0.08,108.0,0.93,5.0,0.92,108.0,0.94,115.0,0.95,109.91,0.01,0.01,2320.627547,1776201184000
1776201186.284,186.284,0.06,85.38,0.05,75.0,0.07,172.0,0.08,250.48,0.93,5.0,0.92,108.0,0.94,121.38,0.95,80.0,0.01,0.01,2320.627547,1776201184000
1776201186.566,186.566,0.06,85.38,0.05,75.0,0.07,175.07,0.08,255.48,0.93,172.0,0.92,250.48,0.94,85.38,0.95,75.0,0.01,0.01,2320.627547,1776201184000
1776201186.986,186.986,0.06,80.38,0.05,75.0,0.07,175.07,0.08,255.48,0.93,175.07,0.92,255.48,0.94,80.38,0.95,75.0,0.01,0.01,2320.618286,1776201185000
1776201187.761,187.761,0.06,11.87,0.05,60.0,0.07,182.48,0.08,245.48,0.93,175.07,0.92,255.48,0.94,80.38,0.95,75.0,0.01,0.01,2320.618286,1776201185000
1776201187.962,187.962,0.06,7.88,0.05,60.0,0.07,207.01,0.08,245.48,0.93,227.0,0.92,245.48,0.94,7.88,0.95,60.0,0.01,0.01,2320.618286,1776201185000
1776201188.256,188.256,0.06,6.28,0.05,60.0,0.07,192.49,0.08,245.48,0.93,207.01,0.92,245.48,0.94,7.88,0.95,60.0,0.01,0.01,2320.2476,1776201186000
1776201188.831,188.831,0.06,11.87,0.05,60.0,0.07,197.49,0.08,250.48,0.93,192.49,0.92,245.48,0.95,60.0,0.96,160.99,0.01,0.02,2320.2476,1776201186000
1776201189.062,189.062,0.06,3.58,0.05,60.0,0.07,197.49,0.08,257.48,0.93,197.49,0.92,257.48,0.94,3.58,0.95,60.0,0.01,0.01,2320.119191,1776201187000
1776201189.899,189.899,0.06,2.51,0.05,60.0,0.07,156.49,0.08,257.48,0.93,202.49,0.92,257.48,0.94,2.51,0.95,60.0,0.01,0.01,2320.119191,1776201187000
1776201190.306,190.306,0.05,60.0,0.04,157.92,0.07,171.49,0.08,299.38,0.93,156.49,0.92,257.48,0.94,2.51,0.95,60.0,0.02,0.01,2320.073332,1776201188000
1776201191.016,191.016,0.05,60.0,0.04,157.92,0.07,171.49,0.08,299.38,0.93,171.49,0.92,299.38,0.95,60.0,0.96,157.92,0.02,0.02,2320.064466,1776201189000
1776201191.39,191.39,0.06,10.0,0.05,60.0,0.07,211.82,0.08,299.38,0.93,171.49,0.92,299.38,0.95,60.0,0.96,157.92,0.01,0.02,2320.064466,1776201189000
1776201191.67,191.67,0.05,57.76,0.04,262.01,0.07,249.82,0.08,304.38,0.93,211.82,0.92,299.38,0.94,10.0,0.95,60.0,0.02,0.01,2320.064466,1776201189000
1776201191.973,191.973,0.06,8.76,0.05,57.76,0.07,213.82,0.08,304.38,0.93,249.82,0.92,304.38,0.95,57.76,0.96,262.01,0.01,0.02,2320.064466,1776201189000
1776201192.978,192.978,0.06,8.76,0.05,57.76,0.07,205.41,0.08,304.38,0.93,205.41,0.92,304.38,0.94,8.76,0.95,57.76,0.01,0.01,2320.027571,1776201191000
1776201193.788,193.788,0.06,8.76,0.05,57.76,0.07,205.41,0.08,304.38,0.93,205.41,0.92,304.38,0.94,8.76,0.95,57.76,0.01,0.01,2319.981657,1776201192000
1776201194.028,194.028,0.06,3.65,0.05,57.76,0.07,313.81,0.08,391.9,0.93,313.81,0.92,391.9,0.94,13.76,0.95,57.76,0.01,0.01,2319.981657,1776201192000
1776201194.584,194.584,0.06,3.65,0.05,57.76,0.07,313.81,0.08,391.9,0.93,313.81,0.92,391.9,0.94,3.65,0.95,57.76,0.01,0.01,2319.978153,1776201193000
1776201195.288,195.288,0.06,3.65,0.05,57.76,0.07,313.81,0.08,391.9,0.93,313.81,0.92,391.9,0.94,3.65,0.95,57.76,0.01,0.01,2319.979115,1776201194000
1776201196.817,196.817,0.06,3.65,0.05,57.76,0.07,313.81,0.08,391.9,0.93,313.81,0.92,391.9,0.94,3.65,0.95,57.76,0.01,0.01,2319.976931,1776201195000
1776201197.439,197.439,0.06,3.65,0.05,57.76,0.07,313.81,0.08,391.9,0.93,313.81,0.92,391.9,0.94,3.65,0.95,57.76,0.01,0.01,2319.975327,1776201196000
1776201197.71,197.71,0.05,67.76,0.04,92.01,0.07,345.69,0.08,397.9,0.93,290.39,0.92,397.9,0.94,2.58,0.95,67.76,0.02,0.01,2319.975327,1776201196000
1776201198.168,198.168,0.05,54.96,0.04,92.01,0.06,135.0,0.07,345.69,0.93,345.69,0.92,397.9,0.95,67.76,0.96,92.01,0.01,0.02,2319.975327,1776201196000
1776201199.279,199.279,0.05,54.96,0.04,92.01,0.06,135.0,0.07,345.69,0.94,135.0,0.93,345.69,0.95,54.96,0.96,92.01,0.01,0.01,2319.951205,1776201198000
1776201200.129,200.129,0.05,41.83,0.04,92.01,0.06,225.8,0.07,335.69,0.94,135.0,0.93,345.69,0.95,54.96,0.96,92.01,0.01,0.01,2319.951205,1776201198000
1776201200.535,200.535,0.05,41.83,0.04,92.01,0.06,225.8,0.07,335.69,0.94,225.8,0.93,335.69,0.95,41.83,0.96,92.01,0.01,0.01,2319.955407,1776201199000
1776201201.131,201.131,0.05,41.83,0.04,92.01,0.06,225.8,0.07,335.69,0.94,225.8,0.93,335.69,0.95,41.83,0.96,92.01,0.01,0.01,2319.95526,1776201200000
1776201202.519,202.519,0.05,38.58,0.04,92.01,0.06,172.48,0.07,387.42,0.94,172.48,0.93,387.42,0.95,38.58,0.96,92.01,0.01,0.01,2319.954861,1776201201000
1776201203.153,203.153,0.05,38.58,0.04,92.01,0.06,172.48,0.07,387.42,0.94,172.48,0.93,387.42,0.95,38.58,0.96,92.01,0.01,0.01,2319.953923,1776201202000
1776201204.305,204.305,0.05,38.58,0.04,92.01,0.06,172.48,0.07,387.42,0.94,172.48,0.93,387.42,0.95,38.58,0.96,92.01,0.01,0.01,2319.94196,1776201203000
1776201204.559,204.559,0.05,30.94,0.04,92.01,0.06,249.48,0.07,373.54,0.94,172.48,0.93,387.42,0.95,38.58,0.96,92.01,0.01,0.01,2319.94196,1776201203000
1776201204.821,204.821,0.05,27.9,0.04,87.01,0.06,308.28,0.07,363.54,0.94,249.48,0.93,373.54,0.95,30.94,0.96,92.01,0.01,0.01,2319.94196,1776201203000
1776201205.107,205.107,0.05,22.9,0.04,58.0,0.06,328.28,0.07,331.56,0.94,308.28,0.93,363.54,0.95,27.9,0.96,87.01,0.01,0.01,2319.94196,1776201203000
1776201205.408,205.408,0.05,20.78,0.04,58.0,0.06,318.28,0.07,331.56,0.94,318.28,0.93,331.56,0.95,20.78,0.96,58.0,0.01,0.01,2319.949594,1776201204000
1776201205.674,205.674,0.05,9.23,0.04,58.0,0.06,338.28,0.07,331.56,0.94,333.28,0.93,331.56,0.95,10.78,0.96,58.0,0.01,0.01,2319.949594,1776201204000
1776201206.03,206.03,0.05,9.23,0.04,58.0,0.06,338.28,0.07,331.56,0.94,338.28,0.93,331.56,0.95,9.23,0.96,58.0,0.01,0.01,2319.94967,1776201205000
1776201206.231,206.231,0.05,14.23,0.04,58.0,0.06,345.27,0.07,217.66,0.94,338.28,0.93,331.56,0.95,9.23,0.96,58.0,0.01,0.01,2319.94967,1776201205000
1776201206.808,206.808,0.05,6.79,0.04,58.0,0.06,340.27,0.07,217.66,0.94,345.27,0.93,217.66,0.95,7.85,0.96,58.0,0.01,0.01,2319.94967,1776201205000
1776201207.3,207.3,0.05,1.79,0.04,58.0,0.06,335.27,0.07,227.66,0.94,335.27,0.93,227.66,0.95,1.79,0.96,58.0,0.01,0.01,2319.766615,1776201206000
1776201208.048,208.048,0.04,60.0,0.03,444.7,0.05,148.28,0.06,303.96,0.95,193.28,0.94,355.96,0.96,52.0,0.97,444.7,0.01,0.01,2319.766615,1776201206000
1776201208.474,208.474,0.04,60.0,0.03,444.7,0.05,148.28,0.06,303.96,0.95,148.28,0.94,303.96,0.96,60.0,0.97,444.7,0.01,0.01,2319.687184,1776201207000
1776201208.735,208.735,0.04,58.18,0.03,444.7,0.05,146.8,0.06,338.74,0.95,148.28,0.94,303.96,0.96,60.0,0.97,444.7,0.01,0.01,2319.687184,1776201207000
1776201209.069,209.069,0.04,58.18,0.03,444.7,0.05,146.8,0.06,338.74,0.95,146.8,0.94,338.74,0.96,58.18,0.97,444.7,0.01,0.01,2319.70001,1776201208000
1776201210.327,210.327,0.04,58.18,0.03,444.7,0.05,146.8,0.06,338.74,0.95,146.8,0.94,338.74,0.96,58.18,0.97,444.7,0.01,0.01,2319.776895,1776201209000
1776201210.96,210.96,0.04,52.76,0.03,751.69,0.05,40.0,0.06,242.28,0.95,146.8,0.94,338.74,0.96,58.18,0.97,444.7,0.01,0.01,2319.776895,1776201209000
1776201211.379,211.379,0.03,724.45,0.02,651.53,0.05,40.0,0.06,242.28,0.95,40.0,0.94,242.28,0.97,724.45,0.98,651.53,0.02,0.02,2319.836375,1776201210000
1776201211.906,211.906,0.04,9.84,0.03,548.46,0.05,145.0,0.06,249.28,0.95,145.0,0.94,248.28,0.96,11.9,0.97,724.45,0.01,0.01,2319.836375,1776201210000
1776201212.678,212.678,0.04,9.84,0.03,542.46,0.05,145.0,0.06,249.28,0.95,145.0,0.94,249.28,0.96,9.84,0.97,548.46,0.01,0.01,2319.839865,1776201211000
1776201213.133,213.133,0.04,12.1,0.03,542.46,0.05,145.0,0.06,249.28,0.95,145.0,0.94,249.28,0.96,12.1,0.97,542.46,0.01,0.01,2320.007055,1776201212000
1776201213.469,213.469,0.03,434.78,0.02,611.53,0.05,150.0,0.06,259.28,0.95,145.0,0.94,249.28,0.96,12.1,0.97,542.46,0.02,0.01,2320.007055,1776201212000
1776201214.704,214.704,0.03,434.78,0.02,611.53,0.05,150.0,0.06,259.28,0.95,150.0,0.94,259.28,0.97,434.78,0.98,611.53,0.02,0.02,2320.06995,1776201213000
1776201215.16,215.16,0.03,434.78,0.02,611.53,0.05,150.0,0.06,259.28,0.95,150.0,0.94,259.28,0.97,434.78,0.98,611.53,0.02,0.02,2320.074265,1776201214000
1776201216.218,216.218,0.03,434.78,0.02,611.53,0.05,150.0,0.06,259.28,0.95,150.0,0.94,259.28,0.97,434.78,0.98,611.53,0.02,0.02,2320.154432,1776201215000
1776201217.175,217.175,0.03,434.78,0.02,611.53,0.05,150.0,0.06,259.28,0.95,150.0,0.94,259.28,0.97,434.78,0.98,611.53,0.02,0.02,2320.15531,1776201216000
1776201218.138,218.138,0.03,434.78,0.02,611.53,0.05,150.0,0.06,259.28,0.95,150.0,0.94,259.28,0.97,434.78,0.98,611.53,0.02,0.02,2320.2026,1776201217000
1776201219.161,219.161,0.03,434.78,0.02,611.53,0.05,150.0,0.06,259.28,0.95,150.0,0.94,259.28,0.97,434.78,0.98,611.53,0.02,0.02,2320.236207,1776201218000
1776201220.151,220.151,0.03,434.78,0.02,611.53,0.05,150.0,0.06,259.28,0.95,150.0,0.94,259.28,0.97,434.78,0.98,611.53,0.02,0.02,2320.331434,1776201219000
1776201221.177,221.177,0.03,434.78,0.02,611.53,0.05,150.0,0.06,259.28,0.95,150.0,0.94,259.28,0.97,434.78,0.98,611.53,0.02,0.02,2320.217025,1776201220000
1776201222.164,222.164,0.03,434.78,0.02,611.53,0.05,150.0,0.06,259.28,0.95,150.0,0.94,259.28,0.97,434.78,0.98,611.53,0.02,0.02,2320.249291,1776201221000
1776201223.216,223.216,0.03,434.78,0.02,611.53,0.05,150.0,0.06,259.28,0.95,150.0,0.94,259.28,0.97,434.78,0.98,611.53,0.02,0.02,2320.223705,1776201222000
1776201224.214,224.214,0.03,434.78,0.02,611.53,0.05,150.0,0.06,259.28,0.95,150.0,0.94,259.28,0.97,434.78,0.98,611.53,0.02,0.02,2320.295224,1776201223000
1776201225.153,225.153,0.03,434.78,0.02,611.53,0.05,150.0,0.06,259.28,0.95,150.0,0.94,259.28,0.97,434.78,0.98,611.53,0.02,0.02,2320.282813,1776201224000
1776201226.178,226.178,0.03,434.78,0.02,611.53,0.05,150.0,0.06,259.28,0.95,150.0,0.94,259.28,0.97,434.78,0.98,611.53,0.02,0.02,2320.29668,1776201225000
1776201226.937,226.937,0.04,15.0,0.03,427.77,0.05,17.6,0.06,92.48,0.95,150.0,0.94,259.28,0.97,434.78,0.98,611.53,0.01,0.02,2320.29668,1776201225000
1776201227.69,227.69,0.04,15.0,0.03,427.77,0.05,17.6,0.06,92.48,0.95,17.6,0.94,92.48,0.96,15.0,0.97,427.77,0.01,0.01,2320.299995,1776201226000
1776201227.903,227.903,0.04,32.22,0.03,417.77,0.05,39.08,0.06,92.48,0.95,39.08,0.94,92.48,0.96,37.17,0.97,417.77,0.01,0.01,2320.299995,1776201226000
1776201228.186,228.186,0.04,39.09,0.03,417.77,0.05,34.08,0.06,92.48,0.95,34.08,0.94,92.48,0.96,39.09,0.97,417.77,0.01,0.01,2320.29984,1776201227000
1776201229.263,229.263,0.04,39.09,0.03,417.77,0.05,34.08,0.06,92.48,0.95,34.08,0.94,92.48,0.96,39.09,0.97,417.77,0.01,0.01,2320.295854,1776201228000
1776201230.183,230.183,0.04,33.01,0.03,210.77,0.05,99.24,0.06,140.28,0.95,34.08,0.94,92.48,0.96,39.09,0.97,417.77,0.01,0.01,2320.295854,1776201228000
1776201230.874,230.874,0.04,33.01,0.03,217.77,0.05,94.24,0.06,145.28,0.95,99.24,0.94,140.28,0.96,33.01,0.97,210.77,0.01,0.01,2320.296354,1776201229000
1776201231.288,231.288,0.04,33.01,0.03,217.77,0.05,94.24,0.06,145.28,0.95,94.24,0.94,145.28,0.96,33.01,0.97,217.77,0.01,0.01,2320.303726,1776201230000
1776201231.887,231.887,0.04,33.01,0.03,217.77,0.05,94.24,0.06,145.28,0.95,94.24,0.94,145.28,0.96,33.01,0.97,217.77,0.01,0.01,2320.272411,1776201231000
1776201232.576,232.576,0.03,212.77,0.02,429.84,0.04,43.0,0.05,221.28,0.95,94.24,0.94,145.28,0.96,33.01,0.97,217.77,0.01,0.01,2320.272411,1776201231000
1776201232.902,232.902,0.03,212.77,0.02,429.84,0.04,43.0,0.05,221.28,0.96,43.0,0.95,221.28,0.97,212.77,0.98,429.84,0.01,0.01,2320.261386,1776201232000
1776201233.86,233.86,0.03,236.33,0.02,219.84,0.04,470.18,0.05,339.28,0.96,43.0,0.95,221.28,0.97,212.77,0.98,429.84,0.01,0.01,2320.261386,1776201232000
1776201234.873,234.873,0.03,236.33,0.02,219.84,0.04,470.18,0.05,339.28,0.96,470.18,0.95,339.28,0.97,236.33,0.98,219.84,0.01,0.01,2320.194976,1776201234000
1776201235.911,235.911,0.03,236.33,0.02,219.84,0.04,470.18,0.05,339.28,0.96,470.18,0.95,339.28,0.97,236.33,0.98,219.84,0.01,0.01,2320.117177,1776201235000
1776201236.911,236.911,0.03,236.33,0.02,219.84,0.04,470.18,0.05,339.28,0.96,470.18,0.95,339.28,0.97,236.33,0.98,219.84,0.01,0.01,2320.114573,1776201236000
1776201237.966,237.966,0.03,236.33,0.02,219.84,0.04,470.18,0.05,339.28,0.96,470.18,0.95,339.28,0.97,236.33,0.98,219.84,0.01,0.01,2320.104687,1776201237000
1776201238.987,238.987,0.03,224.33,0.02,219.84,0.04,556.18,0.05,338.32,0.96,470.18,0.95,339.28,0.97,236.33,0.98,219.84,0.01,0.01,2320.104687,1776201237000
1776201239.548,239.548,0.03,183.33,0.02,226.84,0.04,572.18,0.05,347.32,0.96,556.18,0.95,338.32,0.97,224.33,0.98,219.84,0.01,0.01,2320.104822,1776201238000
1776201240.068,240.068,0.03,183.33,0.02,226.84,0.04,572.18,0.05,347.32,0.96,572.18,0.95,347.32,0.97,183.33,0.98,226.84,0.01,0.01,2320.084685,1776201239000
1776201240.897,240.897,0.03,49.63,0.02,250.85,0.04,458.18,0.05,255.31,0.96,452.18,0.95,222.32,0.97,178.33,0.98,226.84,0.01,0.01,2320.084685,1776201239000
1776201241.282,241.282,0.03,15.78,0.02,250.85,0.04,472.18,0.05,255.31,0.96,472.18,0.95,255.31,0.97,15.78,0.98,250.85,0.01,0.01,2320.082276,1776201240000
1776201241.876,241.876,0.03,8.71,0.02,243.85,0.04,467.18,0.05,284.68,0.96,467.18,0.95,255.31,0.97,10.78,0.98,243.85,0.01,0.01,2320.082276,1776201240000
1776201242.402,242.402,0.03,8.71,0.02,243.85,0.04,467.18,0.05,284.68,0.96,467.18,0.95,284.68,0.97,8.71,0.98,243.85,0.01,0.01,2320.078036,1776201241000
1776201243.213,243.213,0.03,7.67,0.02,243.85,0.04,462.18,0.05,284.68,0.96,462.18,0.95,284.68,0.97,7.67,0.98,243.85,0.01,0.01,2320.071149,1776201242000
1776201243.553,243.553,0.02,200.5,0.01,2149.99,0.04,477.18,0.05,284.68,0.96,462.18,0.95,284.68,0.97,7.67,0.98,243.85,0.02,0.01,2320.071149,1776201242000
1776201244.292,244.292,0.02,200.5,0.01,2149.99,0.04,477.18,0.05,284.68,0.96,477.18,0.95,284.68,0.98,200.5,0.99,2149.99,0.02,0.02,2320.173324,1776201243000
1776201244.873,244.873,0.02,187.32,0.01,2149.99,0.03,296.18,0.04,622.62,0.97,296.18,0.96,627.62,0.98,184.32,0.99,2149.99,0.01,0.01,2320.173324,1776201243000
1776201245.308,245.308,0.02,176.26,0.01,2125.99,0.03,307.18,0.04,622.62,0.97,296.18,0.96,622.62,0.98,187.32,0.99,2149.99,0.01,0.01,2320.173324,1776201243000
1776201245.684,245.684,0.02,176.26,0.01,2125.99,0.03,273.84,0.04,622.62,0.97,307.18,0.96,622.62,0.98,176.26,0.99,2125.99,0.01,0.01,2320.075929,1776201244000
1776201245.958,245.958,0.02,171.26,0.01,2125.99,0.03,273.84,0.04,622.62,0.97,273.84,0.96,622.62,0.98,176.26,0.99,2125.99,0.01,0.01,2320.071889,1776201245000
1776201246.519,246.519,0.02,166.15,0.01,2181.99,0.03,429.39,0.04,456.18,0.97,273.84,0.96,622.62,0.98,171.26,0.99,2125.99,0.01,0.01,2320.071889,1776201245000
1776201246.984,246.984,0.02,159.4,0.01,2181.99,0.03,429.39,0.04,456.18,0.97,429.39,0.96,456.18,0.98,159.4,0.99,2181.99,0.01,0.01,2320.076496,1776201246000
1776201248.12,248.12,0.02,159.4,0.01,2181.99,0.03,429.39,0.04,456.18,0.97,429.39,0.96,456.18,0.98,159.4,0.99,2181.99,0.01,0.01,2320.094556,1776201247000
1776201248.712,248.712,0.01,1774.58,,,0.03,342.7,0.04,456.18,0.97,429.39,0.96,456.18,0.98,159.4,0.99,2181.99,0.02,0.01,2320.094556,1776201247000
1776201249.221,249.221,0.01,1774.58,,,0.03,342.7,0.04,456.18,0.97,342.7,0.96,456.18,0.99,1774.58,,,0.02,0.02,2320.098911,1776201248000
1776201249.504,249.504,0.01,1717.53,,,0.02,332.9,0.03,355.7,0.98,332.9,0.97,345.7,0.99,1717.58,,,0.01,0.01,2320.098911,1776201248000
1776201250.321,250.321,0.01,1717.53,,,0.02,332.9,0.03,355.7,0.98,332.9,0.97,355.7,0.99,1717.53,,,0.01,0.01,2320.145167,1776201249000
1776201251.4,251.4,0.01,1717.53,,,0.02,332.9,0.03,355.7,0.98,332.9,0.97,355.7,0.99,1717.53,,,0.01,0.01,2320.091695,1776201250000
1776201251.748,251.748,0.01,1653.89,,,0.02,531.43,0.03,206.15,0.98,332.9,0.97,355.7,0.99,1717.53,,,0.01,0.01,2320.091695,1776201250000
1776201252.055,252.055,0.01,1653.89,,,0.02,531.43,0.03,206.15,0.98,531.43,0.97,206.15,0.99,1653.89,,,0.01,0.01,2320.091695,1776201251000
1776201252.934,252.934,0.01,1602.33,,,0.02,459.43,0.03,206.15,0.98,531.43,0.97,206.15,0.99,1653.89,,,0.01,0.01,2320.091695,1776201251000
1776201254.286,254.286,0.01,1602.33,,,0.02,459.43,0.03,206.15,0.98,459.43,0.97,206.15,0.99,1602.33,,,0.01,0.01,2320.096448,1776201253000
1776201255.82,255.82,0.01,1607.3,,,0.02,301.16,0.03,236.14,0.98,459.43,0.97,206.15,0.99,1602.33,,,0.01,0.01,2320.096448,1776201253000
1776201256.245,256.245,0.01,1592.24,,,0.02,296.16,0.03,236.14,0.98,301.16,0.97,236.14,0.99,1607.3,,,0.01,0.01,2320.082989,1776201254000
1776201256.526,256.526,0.01,1588.24,,,0.02,379.71,0.03,236.14,0.98,379.71,0.97,236.14,0.99,1588.24,,,0.01,0.01,2320.078064,1776201255000
1776201257.077,257.077,0.01,1588.24,,,0.02,379.71,0.03,236.14,0.98,379.71,0.97,236.14,0.99,1588.24,,,0.01,0.01,2320.076419,1776201256000
1776201257.374,257.374,0.01,1486.21,,,0.02,412.29,0.03,236.14,0.98,379.71,0.97,236.14,0.99,1588.24,,,0.01,0.01,2320.076419,1776201256000
1776201257.642,257.642,0.01,1461.01,,,0.02,407.29,0.03,236.14,0.98,407.29,0.97,236.14,0.99,1481.21,,,0.01,0.01,2320.076419,1776201256000
1776201257.89,257.89,0.01,1355.01,,,0.02,407.29,0.03,236.14,0.98,407.29,0.97,236.14,0.99,1461.01,,,0.01,0.01,2320.076419,1776201256000
1776201258.155,258.155,0.01,1355.01,,,0.02,407.29,0.03,236.14,0.98,407.29,0.97,236.14,0.99,1355.01,,,0.01,0.01,2320.071697,1776201257000
1776201258.489,258.489,0.01,1354.98,,,0.02,487.07,0.03,236.14,0.98,397.29,0.97,236.14,0.99,1353.01,,,0.01,0.01,2320.071697,1776201257000
1776201259.273,259.273,0.01,1354.98,,,0.02,487.07,0.03,236.14,0.98,487.07,0.97,236.14,0.99,1354.98,,,0.01,0.01,2320.063116,1776201258000
1776201259.601,259.601,0.01,1352.95,,,0.02,487.07,0.03,228.14,0.98,487.07,0.97,236.14,0.99,1354.98,,,0.01,0.01,2320.063116,1776201258000
1776201260.039,260.039,0.01,1326.73,,,0.02,493.07,0.03,228.14,0.98,493.07,0.97,228.14,0.99,1346.93,,,0.01,0.01,2320.063116,1776201258000
1776201260.448,260.448,0.01,1326.73,,,0.02,493.07,0.03,228.14,0.98,493.07,0.97,228.14,0.99,1326.73,,,0.01,0.01,2320.060735,1776201259000
1776201261.009,261.009,0.01,1041.49,,,0.02,481.07,0.03,223.14,0.98,481.07,0.97,223.14,0.99,1041.49,,,0.01,0.01,2320.062634,1776201260000
1776201262.25,262.25,0.01,1465.73,,,0.02,67.56,0.03,316.83,0.98,225.89,0.97,25.31,0.99,1606.73,,,0.01,0.01,2320.062634,1776201260000
1776201263.237,263.237,0.01,1465.73,,,0.02,67.56,0.03,316.83,0.98,67.56,0.97,316.83,0.99,1465.73,,,0.01,0.01,2320.334088,1776201262000
1776201264.085,264.085,0.01,1392.09,,,0.02,62.56,0.03,316.83,0.98,62.56,0.97,316.83,0.99,1392.09,,,0.01,0.01,2320.493839,1776201263000
1776201264.387,264.387,0.01,1402.71,,,0.02,230.4,0.03,34.31,0.98,62.56,0.97,316.83,0.99,1392.09,,,0.01,0.01,2320.493839,1776201263000
1776201264.598,264.598,0.01,1482.68,,,0.02,230.4,0.03,34.31,0.98,230.4,0.97,34.31,0.99,1507.68,,,0.01,0.01,2320.493839,1776201263000
1776201265.025,265.025,0.01,1487.68,,,0.02,195.3,0.03,10.31,0.98,220.4,0.97,34.31,0.99,1487.68,,,0.01,0.01,2320.493839,1776201263000
1776201265.562,265.562,0.01,1485.65,,,0.02,195.3,0.03,10.31,0.98,195.3,0.97,10.31,0.99,1487.68,,,0.01,0.01,2320.54533,1776201264000
1776201266.061,266.061,0.01,1728.65,,,0.02,7.46,0.03,10.31,0.98,195.3,0.97,10.31,0.99,1485.65,,,0.01,0.01,2320.54533,1776201264000
1776201266.339,266.339,0.01,1728.65,,,0.02,7.46,0.03,10.31,0.98,7.46,0.97,10.31,0.99,1728.65,,,0.01,0.01,2320.633389,1776201265000
1776201266.88,266.88,0.02,496.69,0.01,1532.65,0.04,170.0,0.05,10.0,0.96,170.0,0.95,10.0,0.98,496.69,0.99,1532.65,0.02,0.02,2320.8002,1776201266000
1776201267.131,267.131,0.03,123.6,0.02,562.05,0.04,185.0,0.05,31.0,0.96,170.0,0.95,10.0,0.98,496.69,0.99,1532.65,0.01,0.02,2320.8002,1776201266000
1776201267.949,267.949,0.03,121.6,0.02,198.7,0.04,185.0,0.05,31.0,0.96,185.0,0.95,31.0,0.97,123.6,0.98,562.05,0.01,0.01,2320.8002,1776201266000
1776201268.299,268.299,0.03,121.6,0.02,198.7,0.04,185.0,0.05,31.0,0.96,185.0,0.95,31.0,0.97,121.6,0.98,198.7,0.01,0.01,2321.1042,1776201267000
1776201268.884,268.884,0.03,121.6,0.02,198.7,0.04,185.0,0.05,31.0,0.96,185.0,0.95,31.0,0.97,121.6,0.98,198.7,0.01,0.01,2321.32245,1776201268000
1776201269.123,269.123,0.03,111.6,0.02,487.05,0.04,170.0,0.05,10.0,0.96,185.0,0.95,31.0,0.97,121.6,0.98,198.7,0.01,0.01,2321.32245,1776201268000
1776201270.088,270.088,0.03,111.6,0.02,487.05,0.04,78.0,0.05,10.0,0.96,78.0,0.95,10.0,0.97,111.6,0.98,487.05,0.01,0.01,2321.375875,1776201269000
1776201270.504,270.504,0.03,107.66,0.02,368.7,0.04,181.34,0.05,10.0,0.96,63.0,0.95,10.0,0.97,111.6,0.98,368.7,0.01,0.01,2321.375875,1776201269000
1776201270.718,270.718,0.03,92.3,0.02,368.7,0.04,124.86,0.05,10.0,0.96,124.86,0.95,10.0,0.97,97.45,0.98,368.7,0.01,0.01,2321.375875,1776201269000
1776201271.091,271.091,0.03,44.83,0.02,500.34,0.04,129.86,0.05,15.0,0.96,139.86,0.95,15.0,0.97,45.97,0.98,368.7,0.01,0.01,2321.375875,1776201269000
1776201271.321,271.321,0.03,44.83,0.02,500.34,0.04,129.86,0.05,15.0,0.96,129.86,0.95,15.0,0.97,44.83,0.98,500.34,0.01,0.01,2321.408155,1776201270000
1776201271.74,271.74,0.03,37.11,0.02,806.9,0.04,142.07,0.05,15.0,0.96,142.07,0.95,15.0,0.97,49.42,0.98,378.7,0.01,0.01,2321.408155,1776201270000
1776201272.11,272.11,0.03,8.55,0.02,378.7,0.04,142.07,0.05,15.0,0.96,142.07,0.95,15.0,0.97,28.54,0.98,616.62,0.01,0.01,2321.408155,1776201270000
1776201272.445,272.445,0.03,8.55,0.02,378.7,0.04,142.07,0.05,15.0,0.96,142.07,0.95,15.0,0.97,8.55,0.98,378.7,0.01,0.01,2321.431395,1776201271000
1776201273.039,273.039,0.03,8.55,0.02,378.7,0.04,142.07,0.05,15.0,0.96,142.07,0.95,15.0,0.97,8.55,0.98,378.7,0.01,0.01,2321.439964,1776201272000
1776201273.512,273.512,0.02,378.7,0.01,1407.98,0.04,142.07,0.05,30.0,0.96,142.07,0.95,15.0,0.97,8.55,0.98,378.7,0.02,0.01,2321.439964,1776201272000
1776201274.098,274.098,0.03,42.76,0.02,378.7,0.04,147.07,0.05,30.0,0.96,147.07,0.95,30.0,0.97,42.76,0.98,378.7,0.01,0.01,2321.429195,1776201273000
1776201274.52,274.52,0.03,41.72,0.02,25.0,0.04,147.07,0.05,30.0,0.96,147.07,0.95,30.0,0.97,42.76,0.98,378.7,0.01,0.01,2321.429195,1776201273000
1776201274.731,274.731,0.03,31.72,0.02,208.7,0.04,146.73,0.05,30.0,0.96,146.73,0.95,30.0,0.97,36.72,0.98,208.7,0.01,0.01,2321.429195,1776201273000
1776201275.568,275.568,0.03,31.72,0.02,208.7,0.04,146.73,0.05,30.0,0.96,146.73,0.95,30.0,0.97,31.72,0.98,208.7,0.01,0.01,2321.442492,1776201274000
1776201275.984,275.984,0.03,10.68,0.02,20.0,0.04,237.21,0.05,61.99,0.96,161.73,0.95,38.48,0.97,30.68,0.98,25.0,0.01,0.01,2321.442492,1776201274000
1776201276.203,276.203,0.03,0.58,0.02,20.0,0.04,242.21,0.05,61.99,0.96,242.21,0.95,61.99,0.97,0.58,0.98,20.0,0.01,0.01,2321.437642,1776201275000
1776201276.542,276.542,0.11,20.0,0.08,10.0,0.12,118.48,0.13,6.0,0.8,29.0,0.79,105.0,0.89,40.0,0.97,0.58,0.01,0.09,2321.437642,1776201275000
1776201276.763,276.763,0.06,17.96,0.05,10.0,0.12,210.48,0.13,10.0,0.88,205.48,0.87,10.0,0.89,10.55,0.9,10.0,0.06,0.01,2321.437642,1776201275000
1776201277.015,277.015,0.08,2.32,0.07,8.38,0.09,159.48,0.1,63.0,0.91,119.48,0.9,30.0,0.92,7.76,0.93,8.38,0.01,0.01,2321.437642,1776201275000
1776201277.318,277.318,0.04,3.37,0.03,0.58,0.06,185.48,0.07,29.0,0.91,150.38,0.9,63.0,0.95,4.37,0.96,10.0,0.02,0.04,2321.437642,1776201275000
1776201277.586,277.586,0.05,5.0,0.04,3.37,0.06,336.31,0.07,29.0,0.94,336.31,0.93,29.0,0.95,5.0,0.96,3.37,0.01,0.01,2321.42372,1776201276000
1776201278.037,278.037,0.05,8.94,0.04,10.0,0.06,355.36,0.07,38.0,0.94,318.36,0.93,29.0,0.98,11.49,0.99,775.39,0.01,0.04,2321.42372,1776201276000
1776201278.409,278.409,0.05,3.94,0.04,10.0,0.06,400.33,0.07,28.0,0.94,355.36,0.93,38.0,0.95,8.94,0.96,10.0,0.01,0.01,2321.372405,1776201277000
1776201278.774,278.774,0.01,682.77,,,0.05,116.48,0.06,302.85,0.94,400.33,0.93,28.0,0.96,3.48,0.97,10.0,0.04,0.02,2321.372405,1776201277000
1776201279.137,279.137,0.03,8.15,0.02,10.0,0.04,65.48,0.05,77.97,0.95,116.48,0.94,302.85,0.99,682.77,,,0.01,0.04,2321.372405,1776201277000
1776201279.491,279.491,0.02,10.0,0.01,693.64,0.04,80.68,0.05,77.97,0.96,80.68,0.95,77.97,0.98,10.0,0.99,693.64,0.02,0.02,2321.251572,1776201278000
1776201280.07,280.07,0.02,8.97,0.01,700.64,0.03,228.29,0.04,85.68,0.96,80.68,0.95,77.97,0.98,10.0,0.99,693.64,0.01,0.02,2321.251572,1776201278000
1776201280.517,280.517,0.01,695.64,,,0.02,222.96,0.03,66.45,0.98,30.04,0.97,228.29,0.99,700.64,,,0.01,0.01,2321.243782,1776201279000
1776201281.243,281.243,0.01,685.64,,,0.02,242.93,0.03,41.48,0.98,222.96,0.97,66.45,0.99,695.64,,,0.01,0.01,2321.243782,1776201279000
1776201281.444,281.444,0.01,680.64,,,0.02,247.93,0.03,53.48,0.98,247.93,0.97,53.48,0.99,680.64,,,0.01,0.01,2321.185455,1776201280000
1776201281.732,281.732,0.01,666.64,,,0.02,242.93,0.03,53.48,0.98,247.93,0.97,53.48,0.99,676.64,,,0.01,0.01,2321.185455,1776201280000
1776201282.036,282.036,0.01,656.53,,,0.02,242.93,0.03,53.48,0.98,247.93,0.97,53.48,0.99,656.53,,,0.01,0.01,2321.185455,1776201280000
1776201282.437,282.437,0.01,660.51,,,0.02,232.93,0.03,53.48,0.98,242.93,0.97,53.48,0.99,656.53,,,0.01,0.01,2321.202888,1776201281000
1776201283.492,283.492,0.01,660.51,,,0.02,232.93,0.03,53.48,0.98,232.93,0.97,53.48,0.99,660.51,,,0.01,0.01,2321.133944,1776201282000
1776201284.222,284.222,0.01,660.51,,,0.02,232.93,0.03,53.48,0.98,232.93,0.97,53.48,0.99,660.51,,,0.01,0.01,2321.133444,1776201283000
1776201284.758,284.758,0.01,500.51,,,0.02,75.01,0.03,82.48,0.98,232.93,0.97,53.48,0.99,660.51,,,0.01,0.01,2321.133444,1776201283000
1776201285.391,285.391,0.01,500.51,,,0.02,75.01,0.03,82.48,0.98,75.01,0.97,82.48,0.99,500.51,,,0.01,0.01,2321.129118,1776201284000
1776201285.67,285.67,0.01,472.62,,,0.02,74.27,0.03,82.48,0.98,64.27,0.97,82.48,0.99,482.62,,,0.01,0.01,2321.129118,1776201284000
1776201286.15,286.15,0.01,452.47,,,0.02,131.27,0.03,56.99,0.98,88.27,0.97,82.48,0.99,457.47,,,0.01,0.01,2321.129118,1776201284000
1776201286.443,286.443,0.01,428.47,,,0.02,136.27,0.03,56.99,0.98,136.27,0.97,56.99,0.99,442.47,,,0.01,0.01,2321.128197,1776201285000
1776201286.829,286.829,0.01,247.0,,,0.02,146.27,0.03,56.99,0.98,146.27,0.97,56.99,0.99,263.47,,,0.01,0.01,2321.128197,1776201285000
1776201287.274,287.274,,,,,0.01,763.04,0.02,156.27,0.98,146.27,0.97,56.99,0.99,244.97,,,,0.01,2321.128197,1776201285000
1776201287.512,287.512,,,,,0.01,763.04,0.02,156.27,0.99,763.04,0.98,156.27,,,,,,,2321.118925,1776201286000
1776201287.847,287.847,,,,,0.01,1844.94,0.02,151.27,0.99,1848.01,0.98,151.27,,,,,,,2321.118925,1776201286000
1776201288.465,288.465,,,,,0.01,1839.94,0.02,151.27,0.99,1839.94,0.98,151.27,,,,,,,2320.934001,1776201287000
1776201289.424,289.424,,,,,0.01,1839.94,0.02,151.27,0.99,1839.94,0.98,151.27,,,,,,,2320.793955,1776201288000
1776201289.953,289.953,,,,,0.01,1839.94,0.02,151.27,0.99,1839.94,0.98,151.27,,,,,,,2320.811111,1776201289000
1776201290.896,290.896,,,,,0.01,1839.94,0.02,151.27,0.99,1839.94,0.98,151.27,,,,,,,2320.812133,1776201290000
1776201291.869,291.869,,,,,0.01,1839.94,0.02,151.27,0.99,1839.94,0.98,151.27,,,,,,,2320.798031,1776201291000
1776201292.919,292.919,,,,,0.01,1839.94,0.02,151.27,0.99,1839.94,0.98,151.27,,,,,,,2320.799082,1776201292000
1776201293.889,293.889,,,,,0.01,1839.94,0.02,151.27,0.99,1839.94,0.98,151.27,,,,,,,2320.787655,1776201293000
1776201294.876,294.876,,,,,0.01,1839.94,0.02,151.27,0.99,1839.94,0.98,151.27,,,,,,,2320.746552,1776201294000
1776201295.871,295.871,,,,,0.01,1839.94,0.02,151.27,0.99,1839.94,0.98,151.27,,,,,,,2321.135795,1776201295000
1776201296.836,296.836,,,,,0.01,1839.94,0.02,151.27,0.99,1839.94,0.98,151.27,,,,,,,2321.14365,1776201296000
1776201297.743,297.743,,,,,0.01,3248.13,0.02,170.26,0.99,1839.94,0.98,151.27,,,,,,,2321.14365,1776201296000
1776201298.244,298.244,,,,,0.01,3707.13,0.02,170.26,0.99,3248.13,0.98,170.26,,,,,,,2321.14365,1776201296000
1776201299.289,299.289,,,,,0.01,3707.13,0.02,170.26,0.99,3707.13,0.98,170.26,,,,,,,2321.15395,1776201298000
1776201300.275,300.275,,,,,0.01,3707.13,0.02,170.26,0.99,3707.13,0.98,170.26,,,,,,,2321.15895,1776201299000

# RESULT,winner=Down,slug=eth-updown-5m-1776201000,ticks=510
