timestamp,elapsed_sec,up_bid_p1,up_bid_s1,up_bid_p2,up_bid_s2,up_ask_p1,up_ask_s1,up_ask_p2,up_ask_s2,down_bid_p1,down_bid_s1,down_bid_p2,down_bid_s2,down_ask_p1,down_ask_s1,down_ask_p2,down_ask_s2,up_spread,down_spread,eth_price,eth_oracle_ts
1776221411.128,11.128,,,,,,,,,,,,,,,,,,,2319.230589,1776221410000
1776221411.337,11.337,0.5,35.0,0.49,64.69,0.51,31.88,0.52,33.0,0.49,31.88,0.48,33.0,0.5,40.0,0.51,64.69,0.01,0.01,2319.230589,1776221410000
1776221411.638,11.638,0.5,45.0,0.49,64.69,0.51,27.95,0.52,33.0,0.49,31.88,0.48,33.0,0.5,40.0,0.51,64.69,0.01,0.01,2319.230589,1776221410000
1776221411.856,11.856,0.5,21.0,0.49,64.69,0.51,27.95,0.52,33.0,0.49,27.95,0.48,33.0,0.5,45.0,0.51,64.69,0.01,0.01,2319.230589,1776221410000
1776221412.144,12.144,0.5,21.0,0.49,64.69,0.51,27.95,0.52,33.0,0.49,27.95,0.48,33.0,0.5,21.0,0.51,64.69,0.01,0.01,2319.209705,1776221411000
1776221412.531,12.531,0.53,43.75,0.52,60.99,0.54,5.85,0.55,18.64,0.46,5.85,0.45,31.64,0.47,20.0,0.48,35.0,0.01,0.01,2319.209705,1776221411000
1776221413.092,13.092,0.54,30.0,0.53,38.75,0.57,22.38,0.58,18.0,0.43,22.38,0.42,18.0,0.46,30.0,0.47,38.75,0.03,0.03,2319.289,1776221412000
1776221414.075,14.075,0.56,25.0,0.55,25.0,0.57,31.3,0.58,28.0,0.43,31.3,0.42,28.0,0.44,25.0,0.45,25.0,0.01,0.01,2319.361636,1776221413000
1776221414.313,14.313,0.56,17.2,0.55,25.0,0.57,55.0,0.58,56.0,0.43,31.3,0.42,28.0,0.44,25.0,0.45,25.0,0.01,0.01,2319.361636,1776221413000
1776221415.046,15.046,0.56,17.2,0.55,25.0,0.57,55.0,0.58,56.0,0.43,55.0,0.42,56.0,0.44,17.2,0.45,25.0,0.01,0.01,2319.48955,1776221414000
1776221416.121,16.121,0.56,17.2,0.55,25.0,0.57,55.0,0.58,56.0,0.43,55.0,0.42,56.0,0.44,17.2,0.45,25.0,0.01,0.01,2319.491699,1776221415000
1776221416.782,16.782,0.56,19.92,0.55,40.0,0.57,12.0,0.59,5.0,0.43,55.0,0.42,56.0,0.44,17.2,0.45,25.0,0.01,0.01,2319.491699,1776221415000
1776221417.043,17.043,0.6,10.0,0.59,35.0,0.61,79.0,0.62,83.0,0.39,80.0,0.38,83.0,0.41,30.0,0.42,20.0,0.01,0.02,2319.491699,1776221415000
1776221417.938,17.938,0.6,25.0,0.59,40.0,0.61,70.57,0.62,70.0,0.39,78.9,0.38,83.0,0.4,15.0,0.41,35.0,0.01,0.01,2319.493337,1776221416000
1776221418.183,18.183,0.6,25.0,0.59,40.0,0.61,45.57,0.62,70.0,0.39,45.57,0.38,70.0,0.4,25.0,0.41,40.0,0.01,0.01,2319.513179,1776221417000
1776221418.481,18.481,0.6,45.0,0.59,40.0,0.61,0.57,0.62,81.0,0.39,0.57,0.38,81.0,0.4,50.0,0.41,40.0,0.01,0.01,2319.513179,1776221417000
1776221419.098,19.098,0.6,30.0,0.59,40.0,0.62,79.94,0.63,102.0,0.39,0.57,0.38,81.0,0.4,45.0,0.41,40.0,0.02,0.01,2319.513179,1776221417000
1776221420.296,20.296,0.61,20.0,0.6,25.0,0.62,83.32,0.63,102.0,0.38,83.32,0.37,102.0,0.39,20.0,0.4,25.0,0.01,0.01,2319.86065,1776221419000
1776221421.119,21.119,0.61,12.11,0.6,25.0,0.62,72.32,0.63,84.0,0.38,83.32,0.37,102.0,0.39,20.0,0.4,25.0,0.01,0.01,2319.86065,1776221419000
1776221422.477,22.477,0.61,12.11,0.6,25.0,0.62,72.32,0.63,84.0,0.38,72.32,0.37,84.0,0.39,12.11,0.4,25.0,0.01,0.01,2319.941345,1776221421000
1776221422.858,22.858,0.62,114.11,0.61,99.69,0.63,19.0,0.64,23.0,0.38,72.32,0.37,84.0,0.39,12.11,0.4,25.0,0.01,0.01,2319.941345,1776221421000
1776221423.244,23.244,0.62,126.79,0.61,89.69,0.63,10.0,0.64,23.0,0.37,19.0,0.36,23.0,0.38,114.11,0.39,99.69,0.01,0.01,2319.942302,1776221422000
1776221423.547,23.547,0.62,118.78,0.61,89.69,0.64,37.0,0.65,5.0,0.37,15.99,0.36,37.0,0.38,131.79,0.39,89.69,0.02,0.01,2319.942302,1776221422000
1776221423.924,23.924,0.62,118.78,0.61,89.69,0.64,37.0,0.65,5.0,0.36,37.0,0.35,5.0,0.38,118.78,0.39,89.69,0.02,0.02,2320.024348,1776221423000
1776221424.913,24.913,0.62,118.78,0.61,89.69,0.64,37.0,0.65,5.0,0.36,37.0,0.35,5.0,0.38,118.78,0.39,89.69,0.02,0.02,2319.968549,1776221424000
1776221425.377,25.377,0.63,55.0,0.62,123.78,0.64,8.43,0.65,15.0,0.36,37.0,0.35,5.0,0.38,118.78,0.39,89.69,0.01,0.02,2319.968549,1776221424000
1776221425.857,25.857,0.67,35.0,0.66,55.0,0.69,12.85,0.71,58.0,0.36,8.43,0.35,15.0,0.37,55.0,0.38,123.78,0.02,0.01,2319.968549,1776221424000
1776221426.14,26.14,0.69,87.15,0.68,50.0,0.7,18.42,0.71,79.0,0.3,20.0,0.29,63.0,0.31,12.15,0.32,35.0,0.01,0.01,2320.091528,1776221425000
1776221426.846,26.846,0.69,77.15,0.68,50.0,0.71,69.0,0.72,13.0,0.3,20.0,0.29,79.0,0.31,77.15,0.32,50.0,0.02,0.01,2320.091528,1776221425000
1776221428.052,28.052,0.7,18.33,0.69,72.15,0.71,53.0,0.72,13.0,0.29,53.0,0.28,13.0,0.3,18.33,0.31,72.15,0.01,0.01,2320.477199,1776221427000
1776221429.104,29.104,0.71,40.0,0.7,28.33,0.72,14.91,0.73,22.0,0.29,53.0,0.28,13.0,0.3,18.33,0.31,72.15,0.01,0.01,2320.477199,1776221427000
1776221429.55,29.55,0.72,64.46,0.71,65.0,0.73,17.0,0.74,14.0,0.27,18.79,0.26,14.0,0.28,10.0,0.29,70.0,0.01,0.01,2320.5258,1776221428000
1776221429.778,29.778,0.72,61.32,0.71,65.0,0.73,15.08,0.74,14.0,0.27,15.08,0.26,14.0,0.28,69.46,0.29,65.0,0.01,0.01,2320.5258,1776221428000
1776221430.206,30.206,0.72,61.32,0.71,65.0,0.74,14.0,0.75,85.0,0.26,14.0,0.25,85.0,0.28,61.32,0.29,65.0,0.02,0.02,2320.682054,1776221429000
1776221430.42,30.42,0.73,75.0,0.72,56.32,0.75,91.0,0.76,63.0,0.26,6.0,0.25,93.0,0.27,70.0,0.28,56.32,0.02,0.01,2320.682054,1776221429000
1776221431.263,31.263,0.74,20.0,0.73,65.0,0.75,127.0,0.76,74.0,0.25,91.0,0.24,63.0,0.27,75.0,0.28,56.32,0.01,0.02,2320.682054,1776221429000
1776221431.856,31.856,0.74,20.0,0.73,65.0,0.75,127.0,0.76,74.0,0.25,127.0,0.24,74.0,0.26,20.0,0.27,65.0,0.01,0.01,2320.727585,1776221430000
1776221432.935,32.935,0.73,30.0,0.72,35.0,0.75,136.0,0.76,24.0,0.25,136.0,0.24,24.0,0.27,30.0,0.28,35.0,0.02,0.02,2320.795741,1776221431000
1776221433.54,33.54,0.73,30.0,0.72,35.0,0.75,136.0,0.76,24.0,0.25,136.0,0.24,24.0,0.27,30.0,0.28,35.0,0.02,0.02,2320.875048,1776221432000
1776221434.469,34.469,0.73,30.0,0.72,35.0,0.75,136.0,0.76,24.0,0.25,136.0,0.24,24.0,0.27,30.0,0.28,35.0,0.02,0.02,2320.775278,1776221433000
1776221435.23,35.23,0.73,30.0,0.72,35.0,0.75,136.0,0.76,24.0,0.25,136.0,0.24,24.0,0.27,30.0,0.28,35.0,0.02,0.02,2320.770905,1776221434000
1776221436.777,36.777,0.73,30.0,0.72,35.0,0.75,136.0,0.76,24.0,0.25,136.0,0.24,24.0,0.27,30.0,0.28,35.0,0.02,0.02,2320.759411,1776221435000
1776221437.579,37.579,0.73,30.0,0.72,35.0,0.75,136.0,0.76,24.0,0.25,136.0,0.24,24.0,0.27,30.0,0.28,35.0,0.02,0.02,2320.779606,1776221436000
1776221438.236,38.236,0.73,30.0,0.72,35.0,0.75,136.0,0.76,24.0,0.25,136.0,0.24,24.0,0.27,30.0,0.28,35.0,0.02,0.02,2320.840565,1776221437000
1776221439.624,39.624,0.75,20.0,0.74,59.69,0.76,15.0,0.77,19.0,0.25,136.0,0.24,24.0,0.27,30.0,0.28,35.0,0.01,0.02,2320.840565,1776221437000
1776221440.364,40.364,0.75,20.0,0.74,59.69,0.76,15.0,0.77,19.0,0.24,15.0,0.23,19.0,0.25,20.0,0.26,59.69,0.01,0.01,2320.836822,1776221439000
1776221441.015,41.015,0.75,20.0,0.74,59.69,0.76,15.0,0.77,19.0,0.24,15.0,0.23,19.0,0.25,20.0,0.26,59.69,0.01,0.01,2320.830781,1776221440000
1776221442.27,42.27,0.77,2.14,0.76,20.0,0.78,70.0,0.79,69.0,0.24,15.0,0.23,19.0,0.25,20.0,0.26,59.69,0.01,0.01,2320.830781,1776221440000
1776221443.218,43.218,0.77,2.14,0.76,20.0,0.78,70.0,0.79,69.0,0.22,70.0,0.21,69.0,0.23,2.14,0.24,20.0,0.01,0.01,2320.876264,1776221442000
1776221444.394,44.394,0.77,60.0,0.76,25.0,0.78,60.36,0.79,59.0,0.22,70.0,0.21,69.0,0.23,2.14,0.24,20.0,0.01,0.01,2320.876264,1776221442000
1776221444.645,44.645,0.77,60.0,0.76,25.0,0.78,35.31,0.79,59.0,0.22,35.31,0.21,59.0,0.23,60.0,0.24,25.0,0.01,0.01,2320.911553,1776221443000
1776221445.285,45.285,0.77,60.0,0.76,25.0,0.78,35.31,0.79,59.0,0.22,35.31,0.21,59.0,0.23,60.0,0.24,25.0,0.01,0.01,2320.911553,1776221444000
1776221445.498,45.498,0.77,65.0,0.76,25.0,0.78,14.67,0.79,59.0,0.22,35.31,0.21,59.0,0.23,60.0,0.24,25.0,0.01,0.01,2320.911553,1776221444000
1776221446.597,46.597,0.77,65.0,0.76,25.0,0.78,6.26,0.79,59.0,0.22,8.26,0.21,59.0,0.23,65.0,0.24,25.0,0.01,0.01,2320.911553,1776221444000
1776221447.469,47.469,0.77,65.0,0.76,25.0,0.78,6.26,0.79,59.0,0.22,6.26,0.21,59.0,0.23,65.0,0.24,25.0,0.01,0.01,2320.923029,1776221446000
1776221447.719,47.719,0.76,25.0,0.75,25.0,0.77,61.0,0.78,27.26,0.22,6.26,0.21,59.0,0.23,65.0,0.24,25.0,0.01,0.01,2320.923029,1776221446000
1776221448.113,48.113,0.76,25.0,0.75,25.0,0.77,61.0,0.78,27.26,0.23,61.0,0.22,27.26,0.24,25.0,0.25,25.0,0.01,0.01,2320.943852,1776221447000
1776221449.51,49.51,0.76,25.0,0.75,25.0,0.77,61.0,0.78,27.26,0.23,61.0,0.22,27.26,0.24,25.0,0.25,25.0,0.01,0.01,2320.95566,1776221448000
1776221450.523,50.523,0.76,25.0,0.75,25.0,0.77,61.0,0.78,27.26,0.23,61.0,0.22,27.26,0.24,25.0,0.25,25.0,0.01,0.01,2320.894264,1776221449000
1776221451.072,51.072,0.76,25.0,0.75,25.0,0.77,61.0,0.78,27.26,0.23,61.0,0.22,27.26,0.24,25.0,0.25,25.0,0.01,0.01,2320.887658,1776221450000
1776221452.152,52.152,0.76,25.0,0.75,25.0,0.77,61.0,0.78,27.26,0.23,61.0,0.22,27.26,0.24,25.0,0.25,25.0,0.01,0.01,2320.888139,1776221451000
1776221452.804,52.804,0.76,95.0,0.75,30.0,0.77,57.1,0.78,22.26,0.23,61.0,0.22,27.26,0.24,25.0,0.25,25.0,0.01,0.01,2320.888139,1776221451000
1776221453.121,53.121,0.76,95.0,0.75,30.0,0.77,57.1,0.78,22.26,0.23,57.1,0.22,22.26,0.24,95.0,0.25,30.0,0.01,0.01,2320.889231,1776221452000
1776221454.187,54.187,0.76,95.0,0.75,30.0,0.77,57.1,0.78,22.26,0.23,57.1,0.22,22.26,0.24,95.0,0.25,30.0,0.01,0.01,2320.9194,1776221453000
1776221455.149,55.149,0.76,95.0,0.75,30.0,0.77,57.1,0.78,22.26,0.23,57.1,0.22,22.26,0.24,95.0,0.25,30.0,0.01,0.01,2320.905136,1776221454000
1776221456.16,56.16,0.76,95.0,0.75,30.0,0.77,57.1,0.78,22.26,0.23,57.1,0.22,22.26,0.24,95.0,0.25,30.0,0.01,0.01,2320.920693,1776221455000
1776221457.258,57.258,0.76,95.0,0.75,30.0,0.77,57.1,0.78,22.26,0.23,57.1,0.22,22.26,0.24,95.0,0.25,30.0,0.01,0.01,2320.890631,1776221456000
1776221458.318,58.318,0.76,95.0,0.75,30.0,0.77,57.1,0.78,22.26,0.23,57.1,0.22,22.26,0.24,95.0,0.25,30.0,0.01,0.01,2320.887827,1776221457000
1776221459.292,59.292,0.76,100.0,0.75,30.0,0.77,46.84,0.78,1.26,0.23,46.84,0.22,1.26,0.24,100.0,0.25,30.0,0.01,0.01,2320.887829,1776221458000
1776221459.81,59.81,0.76,100.0,0.75,30.0,0.77,46.84,0.78,1.26,0.23,46.84,0.22,1.26,0.24,100.0,0.25,30.0,0.01,0.01,2320.897272,1776221459000
1776221460.328,60.328,0.76,65.0,0.75,30.0,0.77,26.32,0.78,1.26,0.23,46.84,0.22,1.26,0.24,100.0,0.25,30.0,0.01,0.01,2320.897272,1776221459000
1776221460.876,60.876,0.76,65.0,0.75,30.0,0.77,26.32,0.78,1.26,0.23,26.32,0.22,1.26,0.24,65.0,0.25,30.0,0.01,0.01,2320.90985,1776221460000
1776221461.186,61.186,0.76,30.0,0.75,30.0,0.77,21.32,0.78,1.26,0.23,26.32,0.22,1.26,0.24,65.0,0.25,30.0,0.01,0.01,2320.90985,1776221460000
1776221461.762,61.762,0.76,30.0,0.75,30.0,0.77,30.27,0.78,1.26,0.23,21.32,0.22,1.26,0.24,30.0,0.25,30.0,0.01,0.01,2320.90985,1776221460000
1776221462.082,62.082,0.76,35.0,0.75,30.0,0.77,13.27,0.78,1.26,0.23,23.27,0.22,1.26,0.24,30.0,0.25,30.0,0.01,0.01,2320.90985,1776221460000
1776221462.295,62.295,0.76,35.0,0.75,30.0,0.77,13.27,0.78,1.26,0.23,13.27,0.22,1.26,0.24,35.0,0.25,30.0,0.01,0.01,2320.924994,1776221461000
1776221463.175,63.175,0.76,118.94,0.75,30.0,0.77,10.27,0.78,1.26,0.23,13.27,0.22,1.26,0.24,35.0,0.25,30.0,0.01,0.01,2320.924994,1776221461000
1776221463.956,63.956,0.76,118.94,0.75,30.0,0.77,2.27,0.78,1.26,0.23,2.27,0.22,1.26,0.24,118.94,0.25,30.0,0.01,0.01,2320.893112,1776221462000
1776221464.339,64.339,0.76,93.94,0.75,10.0,0.77,5.16,0.78,11.26,0.23,2.27,0.22,1.26,0.24,118.94,0.25,30.0,0.01,0.01,2320.893112,1776221462000
1776221464.564,64.564,0.76,5.58,0.75,10.0,0.77,23.16,0.78,11.26,0.23,5.16,0.22,11.26,0.25,10.0,0.26,15.0,0.01,0.02,2320.865134,1776221463000
1776221464.984,64.984,0.76,25.05,0.75,15.0,0.78,9.12,0.79,26.0,0.22,9.12,0.21,26.0,0.24,25.05,0.25,15.0,0.02,0.02,2320.870823,1776221464000
1776221465.258,65.258,0.76,143.71,0.75,10.0,0.77,5.0,0.78,11.12,0.22,9.12,0.21,26.0,0.24,25.05,0.25,15.0,0.01,0.02,2320.870823,1776221464000
1776221465.932,65.932,0.76,71.71,0.75,15.0,0.77,10.0,0.78,11.12,0.23,5.0,0.22,11.12,0.24,57.71,0.25,10.0,0.01,0.01,2320.870823,1776221464000
1776221466.155,66.155,0.76,67.54,0.75,15.0,0.77,10.0,0.78,11.12,0.23,10.0,0.22,11.12,0.24,67.54,0.25,15.0,0.01,0.01,2320.867774,1776221465000
1776221467.196,67.196,0.76,94.69,0.75,15.0,0.77,53.3,0.78,25.12,0.23,10.0,0.22,11.12,0.24,67.54,0.25,15.0,0.01,0.01,2320.867774,1776221465000
1776221468.699,68.699,0.76,91.35,0.75,15.0,0.77,80.3,0.78,25.12,0.23,80.3,0.22,25.12,0.24,91.35,0.25,15.0,0.01,0.01,2320.653772,1776221467000
1776221469.312,69.312,0.76,91.35,0.75,15.0,0.77,80.3,0.78,25.12,0.23,80.3,0.22,25.12,0.24,91.35,0.25,15.0,0.01,0.01,2320.653772,1776221468000
1776221469.8,69.8,0.76,19.22,0.75,15.0,0.77,80.3,0.78,25.12,0.23,80.3,0.22,25.12,0.24,91.35,0.25,15.0,0.01,0.01,2320.653772,1776221468000
1776221471.069,71.069,0.76,19.22,0.75,15.0,0.77,80.3,0.78,25.12,0.23,80.3,0.22,25.12,0.24,19.22,0.25,15.0,0.01,0.01,2320.648057,1776221470000
1776221472.158,72.158,0.76,19.22,0.75,15.0,0.77,80.3,0.78,25.12,0.23,80.3,0.22,25.12,0.24,19.22,0.25,15.0,0.01,0.01,2320.648313,1776221471000
1776221473.331,73.331,0.76,19.22,0.75,15.0,0.77,80.3,0.78,25.12,0.23,80.3,0.22,25.12,0.24,19.22,0.25,15.0,0.01,0.01,2320.646309,1776221472000
1776221473.78,73.78,0.76,76.22,0.75,32.0,0.77,7.0,0.78,21.0,0.23,80.3,0.22,25.12,0.24,19.22,0.25,15.0,0.01,0.01,2320.646309,1776221472000
1776221474.389,74.389,0.78,20.13,0.77,20.0,0.79,45.7,0.8,54.5,0.21,21.7,0.2,49.5,0.22,5.0,0.23,15.0,0.01,0.01,2320.646309,1776221472000
1776221474.879,74.879,0.78,15.26,0.77,20.0,0.79,45.7,0.8,54.5,0.21,45.7,0.2,54.5,0.22,15.26,0.23,20.0,0.01,0.01,2320.665386,1776221474000
1776221476.013,76.013,0.78,15.26,0.77,20.0,0.79,45.7,0.8,54.5,0.21,45.7,0.2,54.5,0.22,15.26,0.23,20.0,0.01,0.01,2320.85307,1776221475000
1776221476.355,76.355,0.78,44.57,0.77,20.0,0.79,35.7,0.8,59.5,0.21,45.7,0.2,54.5,0.22,15.26,0.23,20.0,0.01,0.01,2320.85307,1776221475000
1776221477.164,77.164,0.78,34.57,0.77,20.0,0.79,18.7,0.8,59.5,0.21,20.7,0.2,59.5,0.22,59.57,0.23,20.0,0.01,0.01,2320.85307,1776221475000
1776221479.137,79.137,0.78,34.57,0.77,20.0,0.79,18.7,0.8,59.5,0.21,18.7,0.2,59.5,0.22,34.57,0.23,20.0,0.01,0.01,2320.9585,1776221477000
1776221479.811,79.811,0.78,34.57,0.77,20.0,0.79,18.7,0.8,59.5,0.21,18.7,0.2,59.5,0.22,34.57,0.23,20.0,0.01,0.01,2320.903851,1776221478000
1776221480.46,80.46,0.78,34.57,0.77,20.0,0.79,18.7,0.8,59.5,0.21,18.7,0.2,59.5,0.22,34.57,0.23,20.0,0.01,0.01,2320.909542,1776221479000
1776221481.115,81.115,0.78,34.57,0.77,20.0,0.79,18.7,0.8,59.5,0.21,18.7,0.2,59.5,0.22,34.57,0.23,20.0,0.01,0.01,2320.895005,1776221480000
1776221481.597,81.597,0.78,50.02,0.77,32.0,0.8,27.0,0.81,33.4,0.21,24.25,0.2,49.5,0.22,50.02,0.23,20.0,0.02,0.01,2320.895005,1776221480000
1776221482.166,82.166,0.79,74.95,0.78,25.02,0.8,27.0,0.81,33.4,0.2,27.0,0.19,33.4,0.22,50.02,0.23,32.0,0.01,0.02,2320.895005,1776221480000
1776221482.532,82.532,0.79,74.95,0.78,25.02,0.8,27.0,0.81,33.4,0.2,27.0,0.19,33.4,0.21,74.95,0.22,25.02,0.01,0.01,2320.90095,1776221481000
1776221482.821,82.821,0.79,92.45,0.78,30.02,0.8,27.0,0.81,10.0,0.2,27.0,0.19,33.4,0.21,74.95,0.22,25.02,0.01,0.01,2320.90095,1776221481000
1776221483.086,83.086,0.79,92.45,0.78,30.02,0.8,27.0,0.81,10.0,0.2,27.0,0.19,10.0,0.21,92.45,0.22,30.02,0.01,0.01,2320.9134,1776221482000
1776221484.773,84.773,0.79,92.45,0.78,30.02,0.8,27.0,0.81,10.0,0.2,27.0,0.19,10.0,0.21,92.45,0.22,30.02,0.01,0.01,2321.00908,1776221483000
1776221485.07,85.07,0.79,105.45,0.78,27.02,0.8,11.0,0.83,16.0,0.2,27.0,0.19,10.0,0.21,92.45,0.22,30.02,0.01,0.01,2321.00908,1776221483000
1776221485.464,85.464,0.82,75.0,0.81,20.0,0.84,18.21,0.85,43.2,0.16,18.21,0.15,43.2,0.18,75.0,0.19,20.0,0.02,0.02,2321.059245,1776221484000
1776221485.793,85.793,0.83,75.64,0.82,60.0,0.84,29.32,0.85,49.93,0.16,29.32,0.15,49.93,0.17,95.0,0.18,60.0,0.01,0.01,2321.059245,1776221484000
1776221486.092,86.092,0.83,75.64,0.82,60.0,0.84,29.32,0.85,49.93,0.16,29.32,0.15,49.93,0.17,75.64,0.18,60.0,0.01,0.01,2321.06195,1776221485000
1776221487.386,87.386,0.83,75.64,0.82,60.0,0.84,29.32,0.85,49.93,0.16,29.32,0.15,49.93,0.17,75.64,0.18,60.0,0.01,0.01,2321.167858,1776221486000
1776221487.785,87.785,0.84,125.0,0.83,81.64,0.85,4.62,0.86,29.9,0.16,29.32,0.15,49.93,0.17,75.64,0.18,60.0,0.01,0.01,2321.167858,1776221486000
1776221488.045,88.045,0.85,30.38,0.84,67.0,0.86,19.9,0.87,36.8,0.14,19.9,0.13,36.8,0.15,30.38,0.16,67.0,0.01,0.01,2321.174444,1776221487000
1776221488.586,88.586,0.85,123.71,0.84,67.0,0.86,29.9,0.87,49.8,0.14,19.9,0.13,36.8,0.15,30.38,0.16,67.0,0.01,0.01,2321.174444,1776221487000
1776221489.123,89.123,0.85,120.71,0.84,60.0,0.86,29.9,0.87,49.8,0.14,29.9,0.13,49.8,0.15,123.71,0.16,67.0,0.01,0.01,2321.174444,1776221487000
1776221489.992,89.992,0.85,120.71,0.84,60.0,0.86,29.9,0.87,49.8,0.14,29.9,0.13,49.8,0.15,120.71,0.16,60.0,0.01,0.01,2321.352307,1776221489000
1776221491.322,91.322,0.85,120.71,0.84,60.0,0.86,29.9,0.87,49.8,0.14,29.9,0.13,49.8,0.15,120.71,0.16,60.0,0.01,0.01,2321.445928,1776221490000
1776221492.197,92.197,0.85,111.33,0.84,60.0,0.86,3.0,0.87,55.8,0.14,29.9,0.13,49.8,0.15,120.71,0.16,60.0,0.01,0.01,2321.445928,1776221490000
1776221492.566,92.566,0.85,111.33,0.84,60.0,0.86,3.0,0.87,55.8,0.14,3.0,0.13,55.8,0.15,111.33,0.16,60.0,0.01,0.01,2321.409077,1776221491000
1776221493.263,93.263,0.85,111.33,0.84,60.0,0.87,54.67,0.88,73.1,0.13,54.67,0.12,73.1,0.15,111.33,0.16,60.0,0.02,0.02,2321.409077,1776221492000
1776221494.566,94.566,0.85,111.33,0.84,60.0,0.87,54.67,0.88,73.1,0.13,54.67,0.12,73.1,0.15,111.33,0.16,60.0,0.02,0.02,2321.406079,1776221493000
1776221495.007,95.007,0.86,115.0,0.85,51.33,0.87,70.67,0.88,83.1,0.13,54.67,0.12,73.1,0.15,111.33,0.16,60.0,0.01,0.02,2321.406079,1776221493000
1776221496.033,96.033,0.86,120.0,0.85,51.33,0.87,23.48,0.88,67.1,0.13,70.67,0.12,83.1,0.14,115.0,0.15,51.33,0.01,0.01,2321.406438,1776221494000
1776221496.272,96.272,0.86,120.0,0.85,51.33,0.87,4.34,0.88,67.1,0.13,4.34,0.12,67.1,0.14,120.0,0.15,51.33,0.01,0.01,2321.396969,1776221495000
1776221496.937,96.937,0.86,139.0,0.85,31.0,0.87,1.59,0.88,33.0,0.13,4.34,0.12,67.1,0.14,120.0,0.15,51.33,0.01,0.01,2321.396969,1776221495000
1776221497.395,97.395,0.86,139.0,0.85,31.0,0.87,1.59,0.88,33.0,0.13,1.59,0.12,33.0,0.14,139.0,0.15,31.0,0.01,0.01,2321.397914,1776221496000
1776221498.471,98.471,0.86,139.0,0.85,31.0,0.87,1.59,0.88,33.0,0.13,1.59,0.12,33.0,0.14,139.0,0.15,31.0,0.01,0.01,2321.445016,1776221497000
1776221499.056,99.056,0.86,139.0,0.85,31.0,0.87,1.59,0.88,33.0,0.13,1.59,0.12,33.0,0.14,139.0,0.15,31.0,0.01,0.01,2321.462508,1776221498000
1776221500.13,100.13,0.86,139.0,0.85,31.0,0.87,1.59,0.88,33.0,0.13,1.59,0.12,33.0,0.14,139.0,0.15,31.0,0.01,0.01,2321.488952,1776221499000
1776221501.3,101.3,0.86,139.0,0.85,31.0,0.87,1.59,0.88,33.0,0.13,1.59,0.12,33.0,0.14,139.0,0.15,31.0,0.01,0.01,2321.460821,1776221500000
1776221502.322,102.322,0.86,139.0,0.85,31.0,0.87,1.59,0.88,33.0,0.13,1.59,0.12,33.0,0.14,139.0,0.15,31.0,0.01,0.01,2321.454553,1776221501000
1776221502.87,102.87,0.86,139.0,0.85,31.0,0.87,1.59,0.88,33.0,0.13,1.59,0.12,33.0,0.14,139.0,0.15,31.0,0.01,0.01,2321.454554,1776221502000
1776221503.526,103.526,0.87,85.0,0.86,25.0,0.88,32.06,0.89,89.79,0.13,1.59,0.12,33.0,0.14,139.0,0.15,31.0,0.01,0.01,2321.454554,1776221502000
1776221504.049,104.049,0.87,85.0,0.86,25.0,0.88,32.06,0.89,89.79,0.12,32.06,0.11,89.79,0.13,85.0,0.14,25.0,0.01,0.01,2321.460709,1776221503000
1776221505.091,105.091,0.87,85.0,0.86,25.0,0.88,32.06,0.89,89.79,0.12,32.06,0.11,89.79,0.13,85.0,0.14,25.0,0.01,0.01,2321.416332,1776221504000
1776221506.132,106.132,0.87,85.0,0.86,25.0,0.88,32.06,0.89,89.79,0.12,32.06,0.11,89.79,0.13,85.0,0.14,25.0,0.01,0.01,2321.410128,1776221505000
1776221507.106,107.106,0.87,85.0,0.86,25.0,0.88,32.06,0.89,89.79,0.12,32.06,0.11,89.79,0.13,85.0,0.14,25.0,0.01,0.01,2321.461915,1776221506000
1776221508.216,108.216,0.87,85.0,0.86,25.0,0.88,32.06,0.89,89.79,0.12,32.06,0.11,89.79,0.13,85.0,0.14,25.0,0.01,0.01,2321.491324,1776221507000
1776221509.297,109.297,0.87,85.0,0.86,25.0,0.88,32.06,0.89,89.79,0.12,32.06,0.11,89.79,0.13,85.0,0.14,25.0,0.01,0.01,2321.487173,1776221508000
1776221510.318,110.318,0.87,85.0,0.86,25.0,0.88,32.06,0.89,89.79,0.12,32.06,0.11,89.79,0.13,85.0,0.14,25.0,0.01,0.01,2321.495251,1776221509000
1776221511.229,111.229,0.87,85.0,0.86,25.0,0.88,32.06,0.89,89.79,0.12,32.06,0.11,89.79,0.13,85.0,0.14,25.0,0.01,0.01,2321.522876,1776221510000
1776221511.867,111.867,0.87,85.0,0.86,25.0,0.88,32.06,0.89,89.79,0.12,32.06,0.11,89.79,0.13,85.0,0.14,25.0,0.01,0.01,2321.530876,1776221511000
1776221512.743,112.743,0.87,92.0,0.86,30.0,0.88,54.51,0.89,53.79,0.12,32.06,0.11,89.79,0.13,85.0,0.14,25.0,0.01,0.01,2321.530876,1776221511000
1776221513.3,113.3,0.87,92.0,0.86,30.0,0.88,54.51,0.89,53.79,0.12,54.51,0.11,53.79,0.13,92.0,0.14,30.0,0.01,0.01,2321.525872,1776221512000
1776221513.953,113.953,0.87,92.0,0.86,30.0,0.88,54.51,0.89,53.79,0.12,54.51,0.11,53.79,0.13,92.0,0.14,30.0,0.01,0.01,2321.531953,1776221513000
1776221514.273,114.273,0.87,77.0,0.86,30.0,0.88,49.51,0.89,57.79,0.12,54.51,0.11,53.79,0.13,92.0,0.14,30.0,0.01,0.01,2321.531953,1776221513000
1776221514.991,114.991,0.87,77.0,0.86,30.0,0.88,49.51,0.89,57.79,0.12,49.51,0.11,57.79,0.13,77.0,0.14,30.0,0.01,0.01,2321.531953,1776221514000
1776221516.093,116.093,0.87,77.0,0.86,30.0,0.88,49.51,0.89,57.79,0.12,49.51,0.11,57.79,0.13,77.0,0.14,30.0,0.01,0.01,2321.533649,1776221515000
1776221517.248,117.248,0.87,77.0,0.86,30.0,0.88,49.51,0.89,57.79,0.12,49.51,0.11,57.79,0.13,77.0,0.14,30.0,0.01,0.01,2321.501994,1776221516000
1776221517.917,117.917,0.86,25.0,0.85,41.0,0.88,42.51,0.89,60.79,0.12,49.51,0.11,57.79,0.13,77.0,0.14,30.0,0.02,0.01,2321.501994,1776221516000
1776221518.751,118.751,0.86,25.0,0.85,41.0,0.88,42.51,0.89,60.79,0.12,42.51,0.11,60.79,0.14,25.0,0.15,41.0,0.02,0.02,2321.491344,1776221517000
1776221519.347,119.347,0.86,25.0,0.85,41.0,0.88,42.51,0.89,60.79,0.12,42.51,0.11,60.79,0.14,25.0,0.15,41.0,0.02,0.02,2321.532142,1776221518000
1776221520.348,120.348,0.86,25.0,0.85,41.0,0.88,42.51,0.89,60.79,0.12,42.51,0.11,60.79,0.14,25.0,0.15,41.0,0.02,0.02,2321.559909,1776221519000
1776221521.001,121.001,0.86,25.0,0.85,41.0,0.88,42.51,0.89,60.79,0.12,42.51,0.11,60.79,0.14,25.0,0.15,41.0,0.02,0.02,2321.559909,1776221520000
1776221521.215,121.215,0.88,139.0,0.87,90.0,0.9,77.28,0.91,304.0,0.12,42.51,0.11,60.79,0.14,25.0,0.15,41.0,0.02,0.02,2321.559909,1776221520000
1776221521.636,121.636,0.89,79.0,0.88,49.0,0.9,76.28,0.91,303.0,0.1,76.28,0.09,309.0,0.11,130.0,0.12,84.0,0.01,0.01,2321.559909,1776221520000
1776221522.171,122.171,0.89,79.0,0.88,49.0,0.9,76.28,0.91,303.0,0.1,76.28,0.09,303.0,0.11,79.0,0.12,49.0,0.01,0.01,2321.582337,1776221521000
1776221523.23,123.23,0.89,66.07,0.88,49.0,0.9,53.1,0.91,303.0,0.1,53.1,0.09,303.0,0.11,66.07,0.12,49.0,0.01,0.01,2321.631652,1776221522000
1776221523.464,123.464,0.9,75.0,0.89,20.0,0.91,336.22,0.92,128.9,0.1,53.1,0.09,303.0,0.11,66.07,0.12,49.0,0.01,0.01,2321.631652,1776221522000
1776221523.782,123.782,0.9,15.0,0.89,20.0,0.91,331.22,0.92,128.9,0.09,336.22,0.08,128.9,0.1,75.0,0.11,20.0,0.01,0.01,2321.631652,1776221522000
1776221524.155,124.155,0.9,15.0,0.89,20.0,0.91,301.23,0.92,128.9,0.09,331.22,0.08,128.9,0.1,15.0,0.11,20.0,0.01,0.01,2321.631652,1776221522000
1776221524.379,124.379,0.9,15.0,0.89,20.0,0.91,284.25,0.92,128.9,0.09,301.23,0.08,128.9,0.1,15.0,0.11,20.0,0.01,0.01,2321.631652,1776221522000
1776221524.887,124.887,0.9,15.0,0.89,20.0,0.91,284.25,0.92,128.9,0.09,284.25,0.08,128.9,0.1,15.0,0.11,20.0,0.01,0.01,2321.641139,1776221523000
1776221525.61,125.61,0.9,15.0,0.89,20.0,0.91,273.75,0.92,123.9,0.09,273.75,0.08,123.9,0.1,15.0,0.11,20.0,0.01,0.01,2321.641585,1776221524000
1776221525.882,125.882,0.9,15.0,0.89,20.0,0.91,261.49,0.92,123.9,0.09,273.75,0.08,123.9,0.1,15.0,0.11,20.0,0.01,0.01,2321.641585,1776221524000
1776221526.31,126.31,0.9,15.0,0.89,20.0,0.91,261.49,0.92,123.9,0.09,261.49,0.08,123.9,0.1,15.0,0.11,20.0,0.01,0.01,2321.59596,1776221525000
1776221526.911,126.911,0.9,15.0,0.89,20.0,0.91,261.49,0.92,123.9,0.09,261.49,0.08,123.9,0.1,15.0,0.11,20.0,0.01,0.01,2321.576886,1776221526000
1776221528.5,128.5,0.9,15.0,0.89,20.0,0.91,261.49,0.92,123.9,0.09,261.49,0.08,123.9,0.1,15.0,0.11,20.0,0.01,0.01,2321.571058,1776221527000
1776221529.212,129.212,0.9,15.0,0.89,20.0,0.91,261.49,0.92,123.9,0.09,261.49,0.08,123.9,0.1,15.0,0.11,20.0,0.01,0.01,2321.566654,1776221528000
1776221530.361,130.361,0.9,15.0,0.89,20.0,0.91,261.49,0.92,123.9,0.09,261.49,0.08,123.9,0.1,15.0,0.11,20.0,0.01,0.01,2321.56725,1776221529000
1776221531.142,131.142,0.9,15.0,0.89,20.0,0.91,261.49,0.92,123.9,0.09,261.49,0.08,123.9,0.1,15.0,0.11,20.0,0.01,0.01,2321.559194,1776221530000
1776221532.345,132.345,0.9,15.0,0.89,20.0,0.91,261.49,0.92,123.9,0.09,261.49,0.08,123.9,0.1,15.0,0.11,20.0,0.01,0.01,2321.558691,1776221531000
1776221533.012,133.012,0.9,15.0,0.89,20.0,0.91,261.49,0.92,123.9,0.09,261.49,0.08,123.9,0.1,15.0,0.11,20.0,0.01,0.01,2321.572807,1776221532000
1776221534.436,134.436,0.9,15.0,0.89,20.0,0.91,261.49,0.92,123.9,0.09,261.49,0.08,123.9,0.1,15.0,0.11,20.0,0.01,0.01,2321.62519,1776221533000
1776221535.074,135.074,0.9,15.0,0.89,20.0,0.91,261.49,0.92,123.9,0.09,261.49,0.08,123.9,0.1,15.0,0.11,20.0,0.01,0.01,2321.65987,1776221534000
1776221536.383,136.383,0.9,15.0,0.89,20.0,0.91,261.49,0.92,123.9,0.09,261.49,0.08,123.9,0.1,15.0,0.11,20.0,0.01,0.01,2321.660401,1776221535000
1776221536.958,136.958,0.9,15.0,0.89,20.0,0.91,261.49,0.92,123.9,0.09,261.49,0.08,123.9,0.1,15.0,0.11,20.0,0.01,0.01,2321.65078,1776221536000
1776221537.983,137.983,0.9,30.0,0.89,24.0,0.91,213.5,0.92,129.9,0.09,261.49,0.08,123.9,0.1,15.0,0.11,20.0,0.01,0.01,2321.65078,1776221536000
1776221538.308,138.308,0.9,30.0,0.89,24.0,0.91,213.5,0.92,129.9,0.09,213.5,0.08,129.9,0.1,30.0,0.11,24.0,0.01,0.01,2321.652775,1776221537000
1776221538.619,138.619,0.89,15.0,0.88,21.0,0.91,233.5,0.92,134.9,0.09,213.5,0.08,129.9,0.1,30.0,0.11,24.0,0.02,0.01,2321.652775,1776221537000
1776221538.861,138.861,0.89,10.0,0.88,10.0,0.91,228.5,0.92,133.9,0.09,233.5,0.08,134.9,0.11,15.0,0.12,21.0,0.02,0.02,2321.652775,1776221537000
1776221539.52,139.52,0.9,0.66,0.89,10.0,0.91,238.5,0.92,139.9,0.09,238.5,0.08,139.9,0.1,0.66,0.11,10.0,0.01,0.01,2321.635269,1776221538000
1776221539.995,139.995,0.87,90.73,0.86,150.0,0.91,227.5,0.92,129.9,0.09,238.5,0.08,139.9,0.1,0.66,0.11,10.0,0.04,0.01,2321.635269,1776221538000
1776221540.209,140.209,0.87,90.73,0.86,150.0,0.91,227.5,0.92,129.9,0.09,227.5,0.08,129.9,0.13,90.73,0.14,150.0,0.04,0.04,2321.626283,1776221539000
1776221541.328,141.328,0.89,15.0,0.88,21.0,0.91,261.5,0.92,133.9,0.09,227.5,0.08,129.9,0.13,90.73,0.14,150.0,0.02,0.04,2321.626283,1776221539000
1776221542.952,142.952,0.89,15.0,0.88,21.0,0.91,261.5,0.92,133.9,0.09,261.5,0.08,133.9,0.11,15.0,0.12,21.0,0.02,0.02,2321.468727,1776221542000
1776221543.39,143.39,0.9,28.0,0.89,36.0,0.91,109.28,0.92,20.0,0.09,261.5,0.08,133.9,0.11,15.0,0.12,21.0,0.01,0.02,2321.468727,1776221542000
1776221544.529,144.529,0.9,107.0,0.89,31.0,0.91,24.8,0.92,5.0,0.09,52.8,0.08,20.0,0.1,58.0,0.11,39.0,0.01,0.01,2321.468727,1776221542000
1776221544.889,144.889,0.9,72.0,0.89,31.0,0.91,21.02,0.92,5.0,0.09,21.02,0.08,5.0,0.1,72.0,0.11,31.0,0.01,0.01,2321.489388,1776221543000
1776221545.579,145.579,0.9,72.0,0.89,31.0,0.91,21.02,0.92,5.0,0.09,21.02,0.08,5.0,0.1,72.0,0.11,31.0,0.01,0.01,2321.696668,1776221544000
1776221546.14,146.14,0.9,72.0,0.89,31.0,0.91,21.02,0.92,5.0,0.09,21.02,0.08,5.0,0.1,72.0,0.11,31.0,0.01,0.01,2321.879061,1776221545000
1776221547.372,147.372,0.9,72.0,0.89,31.0,0.91,21.02,0.92,5.0,0.09,21.02,0.08,5.0,0.1,72.0,0.11,31.0,0.01,0.01,2321.884734,1776221546000
1776221548.469,148.469,0.9,72.0,0.89,31.0,0.91,21.02,0.92,5.0,0.09,21.02,0.08,5.0,0.1,72.0,0.11,31.0,0.01,0.01,2321.883271,1776221547000
1776221549.093,149.093,0.9,72.0,0.89,31.0,0.91,21.02,0.92,5.0,0.09,21.02,0.08,5.0,0.1,72.0,0.11,31.0,0.01,0.01,2321.884547,1776221548000
1776221550.203,150.203,0.9,72.0,0.89,31.0,0.91,21.02,0.92,5.0,0.09,21.02,0.08,5.0,0.1,72.0,0.11,31.0,0.01,0.01,2321.87987,1776221549000
1776221550.567,150.567,0.9,30.0,0.89,29.0,0.91,16.0,0.92,27.62,0.09,21.02,0.08,5.0,0.1,72.0,0.11,31.0,0.01,0.01,2321.87987,1776221549000
1776221550.938,150.938,0.9,40.0,0.89,29.0,0.91,12.83,0.92,27.62,0.09,16.0,0.08,27.62,0.1,30.0,0.11,29.0,0.01,0.01,2321.87987,1776221549000
1776221551.164,151.164,0.9,85.0,0.89,29.0,0.91,3.23,0.92,27.62,0.09,4.33,0.08,27.62,0.1,40.0,0.11,29.0,0.01,0.01,2321.87987,1776221549000
1776221551.99,151.99,0.9,85.0,0.89,29.0,0.91,3.23,0.92,27.62,0.09,3.23,0.08,27.62,0.1,85.0,0.11,29.0,0.01,0.01,2321.857638,1776221551000
1776221552.902,152.902,0.91,124.0,0.9,35.0,0.92,11.88,0.93,119.3,0.08,25.59,0.07,119.3,0.1,90.0,0.11,29.0,0.01,0.02,2321.857638,1776221551000
1776221553.117,153.117,0.91,124.0,0.9,35.0,0.92,11.88,0.93,119.3,0.08,11.88,0.07,119.3,0.09,124.0,0.1,35.0,0.01,0.01,2321.800482,1776221552000
1776221554.612,154.612,0.91,124.0,0.9,35.0,0.92,11.88,0.93,119.3,0.08,11.88,0.07,119.3,0.09,124.0,0.1,35.0,0.01,0.01,2321.800974,1776221553000
1776221555.082,155.082,0.91,102.88,0.9,25.0,0.92,16.88,0.93,150.3,0.08,11.88,0.07,119.3,0.09,124.0,0.1,35.0,0.01,0.01,2321.800974,1776221553000
1776221555.664,155.664,0.91,71.88,0.9,25.0,0.92,11.88,0.93,150.3,0.08,11.88,0.07,150.3,0.09,71.88,0.1,25.0,0.01,0.01,2321.789558,1776221554000
1776221556.214,156.214,0.91,71.88,0.9,25.0,0.92,11.88,0.93,150.3,0.08,11.88,0.07,150.3,0.09,71.88,0.1,25.0,0.01,0.01,2321.786961,1776221555000
1776221556.981,156.981,0.91,30.0,0.9,25.0,0.92,5.06,0.93,126.3,0.08,19.06,0.07,151.3,0.09,20.0,0.1,25.0,0.01,0.01,2321.786961,1776221555000
1776221557.512,157.512,0.91,30.0,0.9,25.0,0.92,5.06,0.93,126.3,0.08,5.06,0.07,126.3,0.09,30.0,0.1,25.0,0.01,0.01,2321.773619,1776221556000
1776221558.297,158.297,0.91,30.0,0.9,25.0,0.92,5.06,0.93,126.3,0.08,5.06,0.07,126.3,0.09,30.0,0.1,25.0,0.01,0.01,2321.743251,1776221557000
1776221559.098,159.098,0.91,30.0,0.9,25.0,0.92,5.06,0.93,126.3,0.08,5.06,0.07,126.3,0.09,30.0,0.1,25.0,0.01,0.01,2321.743189,1776221558000
1776221559.701,159.701,0.92,5.0,0.91,30.0,0.93,130.64,0.94,160.8,0.08,5.06,0.07,126.3,0.09,30.0,0.1,25.0,0.01,0.01,2321.743189,1776221558000
1776221560.205,160.205,0.92,5.0,0.91,30.0,0.93,130.64,0.94,160.8,0.07,130.64,0.06,160.8,0.08,5.0,0.09,30.0,0.01,0.01,2321.788968,1776221559000
1776221561.205,161.205,0.92,5.0,0.91,30.0,0.93,130.64,0.94,160.8,0.07,130.64,0.06,160.8,0.08,5.0,0.09,30.0,0.01,0.01,2321.734354,1776221560000
1776221562.046,162.046,0.92,30.0,0.91,32.0,0.93,30.21,0.94,167.8,0.07,130.64,0.06,160.8,0.08,5.0,0.09,30.0,0.01,0.01,2321.734354,1776221560000
1776221562.33,162.33,0.92,30.0,0.91,32.0,0.93,30.21,0.94,167.8,0.07,30.21,0.06,167.8,0.08,30.0,0.09,32.0,0.01,0.01,2321.735243,1776221561000
1776221563.294,163.294,0.92,30.0,0.91,32.0,0.93,30.21,0.94,167.8,0.07,30.21,0.06,167.8,0.08,30.0,0.09,32.0,0.01,0.01,2321.806446,1776221562000
1776221564.087,164.087,0.92,75.0,0.91,32.0,0.93,12.33,0.94,171.8,0.07,30.21,0.06,167.8,0.08,30.0,0.09,32.0,0.01,0.01,2321.806446,1776221562000
1776221565.352,165.352,0.92,75.0,0.91,32.0,0.93,12.33,0.94,171.8,0.07,12.33,0.06,171.8,0.08,75.0,0.09,32.0,0.01,0.01,2321.815974,1776221564000
1776221565.89,165.89,0.92,75.0,0.91,32.0,0.93,12.33,0.94,171.8,0.07,12.33,0.06,171.8,0.08,75.0,0.09,32.0,0.01,0.01,2321.857785,1776221565000
1776221566.882,166.882,0.92,75.0,0.91,32.0,0.93,12.33,0.94,171.8,0.07,12.33,0.06,171.8,0.08,75.0,0.09,32.0,0.01,0.01,2321.782775,1776221566000
1776221567.851,167.851,0.92,75.0,0.91,32.0,0.93,12.33,0.94,171.8,0.07,12.33,0.06,171.8,0.08,75.0,0.09,32.0,0.01,0.01,2321.780355,1776221567000
1776221568.885,168.885,0.92,75.0,0.91,32.0,0.93,12.33,0.94,171.8,0.07,12.33,0.06,171.8,0.08,75.0,0.09,32.0,0.01,0.01,2321.836051,1776221568000
1776221569.808,169.808,0.92,75.0,0.91,32.0,0.93,12.33,0.94,171.8,0.07,12.33,0.06,171.8,0.08,75.0,0.09,32.0,0.01,0.01,2321.786189,1776221569000
1776221570.709,170.709,0.9,37.0,0.89,15.0,0.93,170.0,0.94,133.83,0.07,12.33,0.06,171.8,0.08,75.0,0.09,32.0,0.03,0.01,2321.786189,1776221569000
1776221571.037,171.037,0.91,5.0,0.9,37.0,0.92,39.0,0.93,175.0,0.07,170.0,0.06,133.83,0.1,37.0,0.11,15.0,0.01,0.03,2321.786189,1776221569000
1776221571.367,171.367,0.91,5.0,0.9,37.0,0.92,39.0,0.93,175.0,0.08,39.0,0.07,175.0,0.09,5.0,0.1,37.0,0.01,0.01,2321.78527,1776221570000
1776221572.323,172.323,0.91,5.0,0.9,37.0,0.92,39.0,0.93,175.0,0.08,39.0,0.07,175.0,0.09,5.0,0.1,37.0,0.01,0.01,2321.792745,1776221571000
1776221573.129,173.129,0.91,5.0,0.9,37.0,0.92,39.0,0.93,175.0,0.08,39.0,0.07,175.0,0.09,5.0,0.1,37.0,0.01,0.01,2321.552101,1776221572000
1776221574.27,174.27,0.89,15.0,0.88,15.0,0.91,132.0,0.92,155.9,0.09,132.0,0.08,155.9,0.11,15.0,0.12,15.0,0.02,0.02,2321.466476,1776221573000
1776221575.308,175.308,0.89,5.0,0.88,15.0,0.91,121.0,0.92,118.9,0.09,132.0,0.08,155.9,0.11,15.0,0.12,15.0,0.02,0.02,2321.466476,1776221573000
1776221575.909,175.909,0.89,5.0,0.88,15.0,0.91,121.0,0.92,118.9,0.09,121.0,0.08,118.9,0.11,5.0,0.12,15.0,0.02,0.02,2321.402486,1776221575000
1776221577.076,177.076,0.89,5.0,0.88,15.0,0.91,121.0,0.92,118.9,0.09,121.0,0.08,118.9,0.11,5.0,0.12,15.0,0.02,0.02,2321.260118,1776221576000
1776221578.037,178.037,0.89,5.0,0.88,15.0,0.91,121.0,0.92,118.9,0.09,121.0,0.08,118.9,0.11,5.0,0.12,15.0,0.02,0.02,2321.260189,1776221577000
1776221579.088,179.088,0.89,5.0,0.88,15.0,0.91,121.0,0.92,118.9,0.09,121.0,0.08,118.9,0.11,5.0,0.12,15.0,0.02,0.02,2321.260396,1776221578000
1776221580.307,180.307,0.89,5.0,0.88,15.0,0.91,121.0,0.92,118.9,0.09,121.0,0.08,118.9,0.11,5.0,0.12,15.0,0.02,0.02,2321.285035,1776221579000
1776221581.354,181.354,0.89,5.0,0.88,15.0,0.91,121.0,0.92,118.9,0.09,121.0,0.08,118.9,0.11,5.0,0.12,15.0,0.02,0.02,2321.311934,1776221580000
1776221581.898,181.898,0.89,5.0,0.88,15.0,0.91,121.0,0.92,118.9,0.09,121.0,0.08,118.9,0.11,5.0,0.12,15.0,0.02,0.02,2321.290433,1776221581000
1776221583.027,183.027,0.89,5.0,0.88,15.0,0.91,121.0,0.92,118.9,0.09,121.0,0.08,118.9,0.11,5.0,0.12,15.0,0.02,0.02,2321.257766,1776221582000
1776221584.094,184.094,0.89,5.0,0.88,15.0,0.91,121.0,0.92,118.9,0.09,121.0,0.08,118.9,0.11,5.0,0.12,15.0,0.02,0.02,2321.335091,1776221583000
1776221585.242,185.242,0.89,5.0,0.88,15.0,0.91,121.0,0.92,118.9,0.09,121.0,0.08,118.9,0.11,5.0,0.12,15.0,0.02,0.02,2321.375217,1776221584000
1776221586.406,186.406,0.89,5.0,0.88,15.0,0.91,121.0,0.92,118.9,0.09,121.0,0.08,118.9,0.11,5.0,0.12,15.0,0.02,0.02,2321.418058,1776221585000
1776221586.619,186.619,0.9,30.0,0.89,28.0,0.91,38.35,0.92,66.0,0.09,121.0,0.08,118.9,0.11,5.0,0.12,15.0,0.01,0.02,2321.418058,1776221585000
1776221587.612,187.612,0.9,30.0,0.89,28.0,0.91,38.35,0.92,66.0,0.09,38.35,0.08,66.0,0.1,30.0,0.11,28.0,0.01,0.01,2321.34017,1776221586000
1776221588.299,188.299,0.9,30.0,0.89,28.0,0.91,38.35,0.92,66.0,0.09,38.35,0.08,66.0,0.1,30.0,0.11,28.0,0.01,0.01,2321.338171,1776221587000
1776221589.107,189.107,0.9,15.0,0.89,28.0,0.91,33.35,0.92,59.0,0.09,38.35,0.08,66.0,0.1,30.0,0.11,28.0,0.01,0.01,2321.338171,1776221587000
1776221589.586,189.586,0.9,15.0,0.89,28.0,0.91,33.35,0.92,59.0,0.09,33.35,0.08,59.0,0.1,15.0,0.11,28.0,0.01,0.01,2321.315062,1776221588000
1776221590.239,190.239,0.9,15.0,0.89,28.0,0.91,33.35,0.92,59.0,0.09,33.35,0.08,59.0,0.1,15.0,0.11,28.0,0.01,0.01,2321.314009,1776221589000
1776221591.549,191.549,0.9,15.0,0.89,28.0,0.91,33.35,0.92,59.0,0.09,33.35,0.08,59.0,0.1,15.0,0.11,28.0,0.01,0.01,2321.31142,1776221590000
1776221592.115,192.115,0.9,15.0,0.89,28.0,0.91,33.35,0.92,59.0,0.09,33.35,0.08,59.0,0.1,15.0,0.11,28.0,0.01,0.01,2321.312051,1776221591000
1776221592.643,192.643,0.9,31.0,0.89,28.0,0.91,33.01,0.92,49.0,0.09,33.35,0.08,59.0,0.1,15.0,0.11,28.0,0.01,0.01,2321.312051,1776221591000
1776221593.443,193.443,0.9,31.0,0.89,28.0,0.91,33.01,0.92,49.0,0.09,33.01,0.08,49.0,0.1,31.0,0.11,28.0,0.01,0.01,2321.315411,1776221592000
1776221593.981,193.981,0.9,31.0,0.89,28.0,0.91,33.01,0.92,49.0,0.09,33.01,0.08,49.0,0.1,31.0,0.11,28.0,0.01,0.01,2321.358188,1776221593000
1776221595.248,195.248,0.9,31.0,0.89,28.0,0.91,33.01,0.92,49.0,0.09,33.01,0.08,49.0,0.1,31.0,0.11,28.0,0.01,0.01,2321.358821,1776221594000
1776221596.1,196.1,0.9,28.0,0.89,20.0,0.91,33.01,0.92,49.0,0.09,33.01,0.08,49.0,0.1,31.0,0.11,28.0,0.01,0.01,2321.358821,1776221594000
1776221596.534,196.534,0.9,28.0,0.89,20.0,0.91,33.01,0.92,49.0,0.09,33.01,0.08,49.0,0.1,28.0,0.11,20.0,0.01,0.01,2321.360384,1776221595000
1776221597.122,197.122,0.9,28.0,0.89,20.0,0.91,33.01,0.92,49.0,0.09,33.01,0.08,49.0,0.1,28.0,0.11,20.0,0.01,0.01,2321.354922,1776221596000
1776221597.359,197.359,0.91,182.0,0.9,61.91,0.93,20.0,0.94,10.0,0.08,15.0,0.07,20.0,0.09,172.0,0.1,66.91,0.02,0.01,2321.354922,1776221596000
1776221597.613,197.613,0.92,81.0,0.91,158.0,0.93,35.7,0.94,10.0,0.07,9.89,0.06,10.0,0.08,5.0,0.09,177.0,0.01,0.01,2321.354922,1776221596000
1776221597.874,197.874,0.92,138.0,0.91,184.36,0.94,10.0,0.95,30.0,0.07,5.83,0.06,10.0,0.08,144.0,0.09,184.36,0.02,0.01,2321.354922,1776221596000
1776221598.079,198.079,0.94,186.0,0.93,405.63,0.96,4.0,0.97,493.8,0.04,4.0,0.03,493.8,0.07,160.63,0.08,303.0,0.02,0.03,2321.354922,1776221596000
1776221598.415,198.415,0.94,248.71,0.93,270.0,0.96,4.0,0.97,493.8,0.04,4.0,0.03,493.8,0.06,186.0,0.07,405.63,0.02,0.02,2321.354922,1776221596000
1776221598.653,198.653,0.95,162.0,0.94,248.71,0.96,12.95,0.97,493.8,0.04,4.0,0.03,493.8,0.06,248.71,0.07,270.0,0.01,0.02,2321.35656,1776221597000
1776221598.993,198.993,0.95,162.0,0.94,248.71,0.96,12.95,0.97,493.8,0.04,12.95,0.03,493.8,0.05,162.0,0.06,248.71,0.01,0.01,2321.362371,1776221598000
1776221599.438,199.438,0.95,157.0,0.94,248.71,0.96,10.95,0.97,581.8,0.04,12.95,0.03,493.8,0.05,162.0,0.06,248.71,0.01,0.01,2321.362371,1776221598000
1776221600.429,200.429,0.95,127.0,0.94,332.51,0.96,10.0,0.97,555.0,0.03,581.8,0.02,753.7,0.05,162.0,0.06,248.71,0.01,0.02,2321.362371,1776221598000
1776221601.18,201.18,0.95,127.0,0.94,332.51,0.96,10.0,0.97,555.0,0.04,10.0,0.03,555.0,0.05,127.0,0.06,332.51,0.01,0.01,2321.962738,1776221600000
1776221601.675,201.675,0.95,120.8,0.94,237.51,0.96,34.2,0.97,463.0,0.04,10.0,0.03,555.0,0.05,127.0,0.06,332.51,0.01,0.01,2321.962738,1776221600000
1776221601.993,201.993,0.95,120.8,0.94,237.51,0.96,4.0,0.97,463.0,0.04,34.2,0.03,463.0,0.05,120.8,0.06,237.51,0.01,0.01,2321.962738,1776221600000
1776221602.535,202.535,0.95,120.8,0.94,237.51,0.96,4.0,0.97,463.0,0.04,4.0,0.03,463.0,0.05,120.8,0.06,237.51,0.01,0.01,2322.001915,1776221601000
1776221603.072,203.072,0.95,120.8,0.94,237.51,0.96,4.0,0.97,463.0,0.04,4.0,0.03,463.0,0.05,120.8,0.06,237.51,0.01,0.01,2322.0407,1776221602000
1776221603.286,203.286,0.96,235.24,0.95,171.8,0.97,408.91,0.98,420.0,0.03,380.41,0.02,420.0,0.04,124.0,0.05,155.8,0.01,0.01,2322.0407,1776221602000
1776221603.616,203.616,0.96,279.78,0.95,302.43,0.97,375.25,0.98,301.0,0.03,408.91,0.02,420.0,0.04,235.24,0.05,171.8,0.01,0.01,2322.0407,1776221602000
1776221603.998,203.998,0.96,404.48,0.95,302.43,0.97,401.91,0.98,301.0,0.03,375.25,0.02,301.0,0.04,279.78,0.05,302.43,0.01,0.01,2322.0407,1776221602000
1776221604.269,204.269,0.96,404.48,0.95,302.43,0.97,381.91,0.98,301.0,0.03,381.91,0.02,301.0,0.04,404.48,0.05,302.43,0.01,0.01,2322.04235,1776221603000
1776221605.142,205.142,0.96,333.24,0.95,326.43,0.97,481.91,0.98,295.0,0.03,381.91,0.02,301.0,0.04,404.48,0.05,302.43,0.01,0.01,2322.04235,1776221603000
1776221606.034,206.034,0.96,328.24,0.95,513.96,0.97,402.87,0.98,295.0,0.03,476.91,0.02,295.0,0.04,333.24,0.05,326.43,0.01,0.01,2322.04235,1776221603000
1776221606.265,206.265,0.96,328.24,0.95,513.96,0.97,402.87,0.98,295.0,0.03,402.87,0.02,295.0,0.04,328.24,0.05,513.96,0.01,0.01,2322.580205,1776221605000
1776221606.58,206.58,0.96,296.24,0.95,164.16,0.97,367.6,0.98,966.0,0.03,402.87,0.02,295.0,0.04,328.24,0.05,513.96,0.01,0.01,2322.580205,1776221605000
1776221606.827,206.827,0.96,201.6,0.95,341.79,0.97,345.94,0.98,784.0,0.03,356.25,0.02,1102.0,0.04,192.24,0.05,191.16,0.01,0.01,2322.580205,1776221605000
1776221607.055,207.055,0.96,175.35,0.95,341.79,0.97,340.94,0.98,476.0,0.03,340.94,0.02,476.0,0.04,175.35,0.05,341.79,0.01,0.01,2322.651828,1776221606000
1776221607.295,207.295,0.96,272.49,0.95,130.8,0.97,337.84,0.98,414.0,0.03,338.88,0.02,301.0,0.04,186.99,0.05,296.43,0.01,0.01,2322.651828,1776221606000
1776221607.759,207.759,0.96,261.13,0.95,144.16,0.97,334.74,0.98,429.0,0.03,335.78,0.02,414.0,0.04,272.49,0.05,130.8,0.01,0.01,2322.651828,1776221606000
1776221608.336,208.336,0.96,246.04,0.95,130.8,0.97,334.74,0.98,451.0,0.03,334.74,0.02,429.0,0.04,261.13,0.05,144.16,0.01,0.01,2322.651828,1776221606000
1776221608.61,208.61,0.96,246.04,0.95,130.8,0.97,334.74,0.98,451.0,0.03,334.74,0.02,451.0,0.04,246.04,0.05,130.8,0.01,0.01,2322.789898,1776221607000
1776221609.229,209.229,0.96,263.04,0.95,130.8,0.97,338.7,0.98,451.0,0.03,334.74,0.02,451.0,0.04,246.04,0.05,130.8,0.01,0.01,2322.789898,1776221607000
1776221609.497,209.497,0.96,263.04,0.95,137.16,0.97,337.66,0.98,436.0,0.03,338.7,0.02,451.0,0.04,263.04,0.05,130.8,0.01,0.01,2322.641748,1776221608000
1776221609.716,209.716,0.96,268.04,0.95,137.16,0.97,331.62,0.98,436.0,0.03,337.66,0.02,436.0,0.04,263.04,0.05,137.16,0.01,0.01,2322.641748,1776221608000
1776221609.968,209.968,0.96,193.04,0.95,137.16,0.97,336.62,0.98,423.0,0.03,331.62,0.02,436.0,0.04,268.04,0.05,137.16,0.01,0.01,2322.641748,1776221608000
1776221610.874,210.874,0.96,203.01,0.95,150.16,0.97,336.62,0.98,414.0,0.03,336.62,0.02,423.0,0.04,193.04,0.05,137.16,0.01,0.01,2322.575468,1776221609000
1776221611.208,211.208,0.96,208.29,0.95,150.16,0.97,331.62,0.98,414.0,0.03,336.62,0.02,414.0,0.04,203.01,0.05,150.16,0.01,0.01,2322.575468,1776221609000
1776221612.085,212.085,0.96,208.29,0.95,150.16,0.97,307.19,0.98,414.0,0.03,307.19,0.02,414.0,0.04,208.29,0.05,150.16,0.01,0.01,2322.565379,1776221611000
1776221613.582,213.582,0.96,208.29,0.95,150.16,0.97,307.19,0.98,414.0,0.03,307.19,0.02,414.0,0.04,208.29,0.05,150.16,0.01,0.01,2322.572389,1776221612000
1776221614.247,214.247,0.96,208.29,0.95,150.16,0.97,307.19,0.98,414.0,0.03,307.19,0.02,414.0,0.04,208.29,0.05,150.16,0.01,0.01,2322.578464,1776221613000
1776221615.251,215.251,0.96,107.15,0.95,294.79,0.97,211.15,0.98,310.0,0.03,307.19,0.02,414.0,0.04,208.29,0.05,150.16,0.01,0.01,2322.578464,1776221613000
1776221615.773,215.773,0.96,107.15,0.95,294.79,0.97,211.15,0.98,310.0,0.03,211.15,0.02,310.0,0.04,107.15,0.05,294.79,0.01,0.01,2322.443894,1776221614000
1776221616.201,216.201,0.96,69.15,0.95,152.8,0.97,182.59,0.98,419.0,0.03,211.15,0.02,310.0,0.04,107.15,0.05,294.79,0.01,0.01,2322.443894,1776221614000
1776221616.487,216.487,0.96,69.15,0.95,152.8,0.97,182.59,0.98,419.0,0.03,182.59,0.02,419.0,0.04,69.15,0.05,152.8,0.01,0.01,2322.438915,1776221615000
1776221617.031,217.031,0.96,128.15,0.95,286.43,0.97,181.55,0.98,419.0,0.03,182.59,0.02,419.0,0.04,69.15,0.05,152.8,0.01,0.01,2322.438915,1776221615000
1776221617.395,217.395,0.96,128.15,0.95,286.43,0.97,181.55,0.98,419.0,0.03,181.55,0.02,419.0,0.04,128.15,0.05,286.43,0.01,0.01,2322.439218,1776221616000
1776221618.703,218.703,0.96,128.15,0.95,286.43,0.97,181.55,0.98,419.0,0.03,181.55,0.02,419.0,0.04,128.15,0.05,286.43,0.01,0.01,2322.44483,1776221617000
1776221619.127,219.127,0.96,239.48,0.95,226.16,0.97,175.36,0.98,434.0,0.03,181.55,0.02,419.0,0.04,128.15,0.05,286.43,0.01,0.01,2322.44483,1776221617000
1776221619.54,219.54,0.96,102.85,0.95,329.79,0.97,169.18,0.98,424.0,0.03,175.36,0.02,434.0,0.04,239.48,0.05,226.16,0.01,0.01,2322.527647,1776221618000
1776221619.996,219.996,0.96,102.85,0.95,329.79,0.97,169.18,0.98,424.0,0.03,169.18,0.02,424.0,0.04,102.85,0.05,329.79,0.01,0.01,2322.574195,1776221619000
1776221621.542,221.542,0.96,102.85,0.95,329.79,0.97,169.18,0.98,424.0,0.03,169.18,0.02,424.0,0.04,102.85,0.05,329.79,0.01,0.01,2322.416241,1776221620000
1776221621.852,221.852,0.96,92.85,0.95,372.5,0.97,153.71,0.98,424.0,0.03,169.18,0.02,424.0,0.04,102.85,0.05,329.79,0.01,0.01,2322.416241,1776221620000
1776221622.278,222.278,0.96,92.85,0.95,372.5,0.97,153.71,0.98,424.0,0.03,153.71,0.02,424.0,0.04,92.85,0.05,372.5,0.01,0.01,2322.413427,1776221621000
1776221623.247,223.247,0.96,92.85,0.95,372.5,0.97,153.71,0.98,424.0,0.03,153.71,0.02,424.0,0.04,92.85,0.05,372.5,0.01,0.01,2322.335904,1776221622000
1776221624.285,224.285,0.96,92.85,0.95,372.5,0.97,153.71,0.98,424.0,0.03,153.71,0.02,424.0,0.04,92.85,0.05,372.5,0.01,0.01,2322.272343,1776221623000
1776221624.768,224.768,0.96,13.46,0.95,105.8,0.97,163.61,0.98,478.7,0.03,138.61,0.02,295.0,0.04,102.85,0.05,367.5,0.01,0.01,2322.272343,1776221623000
1776221625.288,225.288,0.96,13.46,0.95,105.8,0.97,163.61,0.98,478.7,0.03,163.61,0.02,478.7,0.04,13.46,0.05,105.8,0.01,0.01,2322.382585,1776221624000
1776221626.297,226.297,0.96,13.46,0.95,25.0,0.97,383.31,0.98,779.7,0.03,163.61,0.02,478.7,0.04,13.46,0.05,105.8,0.01,0.01,2322.382585,1776221624000
1776221626.882,226.882,0.96,13.46,0.95,25.0,0.97,383.31,0.98,779.7,0.03,383.31,0.02,779.7,0.04,13.46,0.05,25.0,0.01,0.01,2321.940071,1776221626000
1776221627.932,227.932,0.96,13.46,0.95,25.0,0.97,383.31,0.98,779.7,0.03,383.31,0.02,779.7,0.04,13.46,0.05,25.0,0.01,0.01,2321.777568,1776221627000
1776221628.48,228.48,0.96,13.46,0.95,20.0,0.97,253.57,0.98,789.7,0.03,383.31,0.02,779.7,0.04,13.46,0.05,25.0,0.01,0.01,2321.777568,1776221627000
1776221628.946,228.946,0.96,13.46,0.95,20.0,0.97,253.57,0.98,789.7,0.03,253.57,0.02,789.7,0.04,13.46,0.05,20.0,0.01,0.01,2321.643207,1776221628000
1776221630.058,230.058,0.96,13.46,0.95,20.0,0.97,253.57,0.98,789.7,0.03,253.57,0.02,789.7,0.04,13.46,0.05,20.0,0.01,0.01,2321.713135,1776221629000
1776221631.106,231.106,0.96,13.46,0.95,20.0,0.97,253.57,0.98,789.7,0.03,253.57,0.02,789.7,0.04,13.46,0.05,20.0,0.01,0.01,2321.71028,1776221630000
1776221632.213,232.213,0.96,13.46,0.95,20.0,0.97,253.57,0.98,789.7,0.03,253.57,0.02,789.7,0.04,13.46,0.05,20.0,0.01,0.01,2321.760992,1776221631000
1776221633.29,233.29,0.96,13.46,0.95,20.0,0.97,253.57,0.98,789.7,0.03,253.57,0.02,789.7,0.04,13.46,0.05,20.0,0.01,0.01,2321.696785,1776221632000
1776221634.336,234.336,0.96,13.46,0.95,20.0,0.97,253.57,0.98,789.7,0.03,253.57,0.02,789.7,0.04,13.46,0.05,20.0,0.01,0.01,2321.63224,1776221633000
1776221634.866,234.866,0.96,13.46,0.95,20.0,0.97,253.57,0.98,789.7,0.03,253.57,0.02,789.7,0.04,13.46,0.05,20.0,0.01,0.01,2321.708749,1776221634000
1776221635.94,235.94,0.96,13.46,0.95,20.0,0.97,253.57,0.98,789.7,0.03,253.57,0.02,789.7,0.04,13.46,0.05,20.0,0.01,0.01,2321.716118,1776221635000
1776221637.028,237.028,0.96,13.46,0.95,20.0,0.97,253.57,0.98,789.7,0.03,253.57,0.02,789.7,0.04,13.46,0.05,20.0,0.01,0.01,2321.740691,1776221636000
1776221638.088,238.088,0.96,13.46,0.95,20.0,0.97,253.57,0.98,789.7,0.03,253.57,0.02,789.7,0.04,13.46,0.05,20.0,0.01,0.01,2321.851007,1776221637000
1776221638.679,238.679,0.96,163.16,0.95,290.79,0.97,97.57,0.98,420.0,0.03,253.57,0.02,789.7,0.04,13.46,0.05,20.0,0.01,0.01,2321.851007,1776221637000
1776221639.144,239.144,0.96,163.16,0.95,290.79,0.97,97.57,0.98,420.0,0.03,97.57,0.02,420.0,0.04,163.16,0.05,290.79,0.01,0.01,2321.863561,1776221638000
1776221640.156,240.156,0.96,163.16,0.95,290.79,0.97,97.57,0.98,420.0,0.03,97.57,0.02,420.0,0.04,163.16,0.05,290.79,0.01,0.01,2321.863561,1776221639000
1776221640.5,240.5,0.96,173.16,0.95,307.79,0.97,87.26,0.98,295.0,0.03,97.57,0.02,420.0,0.04,163.16,0.05,290.79,0.01,0.01,2321.863561,1776221639000
1776221641.244,241.244,0.96,163.16,0.95,157.16,0.97,85.19,0.98,295.0,0.03,85.19,0.02,295.0,0.04,163.16,0.05,157.16,0.01,0.01,2321.863082,1776221640000
1776221641.449,241.449,0.96,347.15,0.95,157.16,0.97,40.37,0.98,295.0,0.03,85.19,0.02,295.0,0.04,163.16,0.05,157.16,0.01,0.01,2321.863082,1776221640000
1776221642.335,242.335,0.96,347.15,0.95,157.16,0.97,40.37,0.98,295.0,0.03,40.37,0.02,295.0,0.04,347.15,0.05,157.16,0.01,0.01,2321.882671,1776221641000
1776221642.591,242.591,0.96,467.29,0.95,157.16,0.97,22.06,0.98,295.0,0.03,30.06,0.02,295.0,0.04,454.29,0.05,157.16,0.01,0.01,2321.882671,1776221641000
1776221642.8,242.8,0.96,462.29,0.95,157.16,0.97,17.06,0.98,295.0,0.03,22.06,0.02,295.0,0.04,467.29,0.05,157.16,0.01,0.01,2321.882671,1776221641000
1776221643.295,243.295,0.96,462.29,0.95,157.16,0.98,261.04,0.99,2734.6,0.02,261.04,0.01,2734.6,0.04,462.29,0.05,157.16,0.02,0.02,2321.876796,1776221642000
1776221643.849,243.849,0.96,462.29,0.95,157.16,0.98,261.04,0.99,2734.6,0.02,261.04,0.01,2734.6,0.04,462.29,0.05,157.16,0.02,0.02,2321.931893,1776221643000
1776221644.929,244.929,0.96,462.29,0.95,157.16,0.98,261.04,0.99,2734.6,0.02,261.04,0.01,2734.6,0.04,462.29,0.05,157.16,0.02,0.02,2321.946844,1776221644000
1776221645.323,245.323,0.97,317.81,0.96,351.69,0.98,305.48,0.99,2449.0,0.02,311.54,0.01,2571.0,0.03,258.81,0.04,351.69,0.01,0.01,2321.946844,1776221644000
1776221646.026,246.026,0.97,317.81,0.96,351.69,0.98,298.85,0.99,2449.0,0.02,298.85,0.01,2449.0,0.03,317.81,0.04,351.69,0.01,0.01,2322.001352,1776221645000
1776221647.157,247.157,0.97,317.81,0.96,351.69,0.98,298.85,0.99,2449.0,0.02,298.85,0.01,2449.0,0.03,317.81,0.04,351.69,0.01,0.01,2321.956576,1776221646000
1776221647.358,247.358,0.97,336.81,0.96,348.69,0.98,293.64,0.99,2286.0,0.02,298.85,0.01,2449.0,0.03,317.81,0.04,351.69,0.01,0.01,2321.956576,1776221646000
1776221647.667,247.667,0.97,252.81,0.96,323.69,0.98,284.93,0.99,2286.0,0.02,283.64,0.01,2286.0,0.03,331.81,0.04,348.69,0.01,0.01,2321.956576,1776221646000
1776221648.195,248.195,0.97,252.81,0.96,323.69,0.98,284.93,0.99,2286.0,0.02,284.93,0.01,2286.0,0.03,252.81,0.04,323.69,0.01,0.01,2321.964958,1776221647000
1776221648.634,248.634,0.97,187.06,0.96,323.69,0.98,279.93,0.99,2286.0,0.02,284.93,0.01,2286.0,0.03,252.81,0.04,323.69,0.01,0.01,2321.964958,1776221647000
1776221649.3,249.3,0.97,187.06,0.96,323.69,0.98,279.93,0.99,2286.0,0.02,279.93,0.01,2286.0,0.03,187.06,0.04,323.69,0.01,0.01,2321.956624,1776221648000
1776221650.35,250.35,0.97,277.7,0.96,318.21,0.98,260.27,0.99,2265.0,0.02,276.93,0.01,2283.0,0.03,192.06,0.04,323.69,0.01,0.01,2321.956624,1776221648000
1776221650.934,250.934,0.97,277.7,0.96,318.21,0.98,260.27,0.99,2265.0,0.02,260.27,0.01,2265.0,0.03,277.7,0.04,318.21,0.01,0.01,2321.884276,1776221649000
1776221651.367,251.367,0.97,282.7,0.96,318.21,0.98,255.27,0.99,1350.0,0.02,260.27,0.01,2265.0,0.03,277.7,0.04,318.21,0.01,0.01,2321.884276,1776221649000
1776221651.962,251.962,0.97,129.71,0.96,318.21,0.98,255.01,0.99,1350.0,0.02,255.27,0.01,1350.0,0.03,282.7,0.04,318.21,0.01,0.01,2321.88424,1776221650000
1776221653.087,253.087,0.97,129.71,0.96,318.21,0.98,255.01,0.99,1350.0,0.02,255.01,0.01,1350.0,0.03,129.71,0.04,318.21,0.01,0.01,2321.886558,1776221652000
1776221653.459,253.459,0.97,288.7,0.96,305.19,0.98,253.98,0.99,1346.0,0.02,255.01,0.01,1350.0,0.03,129.71,0.04,318.21,0.01,0.01,2321.886558,1776221652000
1776221654.378,254.378,0.97,288.7,0.96,305.19,0.98,253.98,0.99,1346.0,0.02,253.98,0.01,1346.0,0.03,288.7,0.04,305.19,0.01,0.01,2321.888591,1776221653000
1776221654.591,254.591,0.97,294.7,0.96,246.32,0.98,223.57,0.99,1325.0,0.02,253.98,0.01,1346.0,0.03,288.7,0.04,305.19,0.01,0.01,2321.888591,1776221653000
1776221654.915,254.915,0.97,294.7,0.96,246.32,0.98,223.57,0.99,1325.0,0.02,223.57,0.01,1325.0,0.03,294.7,0.04,246.32,0.01,0.01,2321.888591,1776221654000
1776221656.033,256.033,0.97,294.7,0.96,246.32,0.98,223.57,0.99,1325.0,0.02,223.57,0.01,1325.0,0.03,294.7,0.04,246.32,0.01,0.01,2321.933116,1776221655000
1776221656.788,256.788,0.97,101.71,0.96,375.3,0.98,172.57,0.99,1569.0,0.02,223.57,0.01,1325.0,0.03,294.7,0.04,246.32,0.01,0.01,2321.933116,1776221655000
1776221657.112,257.112,0.97,101.71,0.96,375.3,0.98,172.57,0.99,1569.0,0.02,172.57,0.01,1569.0,0.03,101.71,0.04,375.3,0.01,0.01,2321.894135,1776221656000
1776221657.738,257.738,0.97,239.79,0.96,300.69,0.98,169.53,0.99,1469.0,0.02,172.57,0.01,1569.0,0.03,101.71,0.04,375.3,0.01,0.01,2321.894135,1776221656000
1776221658.143,258.143,0.97,234.79,0.96,300.69,0.98,164.53,0.99,1428.0,0.02,169.53,0.01,1469.0,0.03,239.79,0.04,300.69,0.01,0.01,2321.894135,1776221656000
1776221659.321,259.321,0.97,234.79,0.96,300.69,0.98,164.53,0.99,1428.0,0.02,164.53,0.01,1428.0,0.03,234.79,0.04,300.69,0.01,0.01,2321.687576,1776221658000
1776221659.805,259.805,0.97,234.79,0.96,315.69,0.98,162.48,0.99,1273.0,0.02,164.53,0.01,1428.0,0.03,234.79,0.04,300.69,0.01,0.01,2321.687576,1776221658000
1776221660.366,260.366,0.97,234.79,0.96,315.69,0.98,162.48,0.99,1273.0,0.02,162.48,0.01,1273.0,0.03,234.79,0.04,315.69,0.01,0.01,2321.679809,1776221659000
1776221661.311,261.311,0.97,234.79,0.96,315.69,0.98,162.48,0.99,1273.0,0.02,162.48,0.01,1273.0,0.03,234.79,0.04,315.69,0.01,0.01,2321.658908,1776221660000
1776221661.625,261.625,0.97,397.78,0.96,165.06,0.98,142.27,0.99,1251.0,0.02,162.48,0.01,1273.0,0.03,234.79,0.04,315.69,0.01,0.01,2321.658908,1776221660000
1776221662.354,262.354,0.97,397.78,0.96,165.06,0.98,142.27,0.99,1251.0,0.02,142.27,0.01,1251.0,0.03,397.78,0.04,165.06,0.01,0.01,2321.659658,1776221661000
1776221662.932,262.932,0.97,397.78,0.96,165.06,0.98,142.27,0.99,1251.0,0.02,142.27,0.01,1251.0,0.03,397.78,0.04,165.06,0.01,0.01,2321.674404,1776221662000
1776221663.927,263.927,0.97,397.78,0.96,165.06,0.98,142.27,0.99,1251.0,0.02,142.27,0.01,1251.0,0.03,397.78,0.04,165.06,0.01,0.01,2321.736037,1776221663000
1776221664.925,264.925,0.97,517.03,0.96,165.06,0.98,90.74,0.99,1225.0,0.02,142.27,0.01,1251.0,0.03,397.78,0.04,165.06,0.01,0.01,2321.736037,1776221663000
1776221665.739,265.739,0.97,522.59,0.96,165.06,0.98,87.65,0.99,1225.0,0.02,88.68,0.01,1225.0,0.03,517.03,0.04,165.06,0.01,0.01,2321.756992,1776221664000
1776221665.96,265.96,0.97,527.59,0.96,165.06,0.98,81.47,0.99,1225.0,0.02,133.0,0.01,1225.0,0.03,522.59,0.04,165.06,0.01,0.01,2321.756992,1776221664000
1776221666.259,266.259,0.97,542.48,0.96,165.06,0.98,61.26,0.99,1225.0,0.02,81.47,0.01,1225.0,0.03,527.59,0.04,165.06,0.01,0.01,2321.756992,1776221664000
1776221666.521,266.521,0.97,568.48,0.96,165.06,0.98,58.2,0.99,1225.0,0.02,61.26,0.01,1225.0,0.03,542.48,0.04,165.06,0.01,0.01,2321.755767,1776221665000
1776221666.857,266.857,0.97,568.48,0.96,165.06,0.98,44.88,0.99,1225.0,0.02,44.88,0.01,1225.0,0.03,568.48,0.04,165.06,0.01,0.01,2321.782383,1776221666000
1776221667.519,267.519,0.97,607.09,0.96,165.06,0.98,36.79,0.99,1225.0,0.02,44.88,0.01,1225.0,0.03,568.48,0.04,165.06,0.01,0.01,2321.782383,1776221666000
1776221668.081,268.081,0.97,607.09,0.96,165.06,0.98,85.25,0.99,1225.0,0.02,85.25,0.01,1225.0,0.03,607.09,0.04,165.06,0.01,0.01,2321.794498,1776221667000
1776221668.812,268.812,0.97,602.09,0.96,165.06,0.98,75.2,0.99,1225.0,0.02,77.25,0.01,1225.0,0.03,602.09,0.04,165.06,0.01,0.01,2321.794498,1776221667000
1776221669.378,269.378,0.97,602.09,0.96,165.06,0.98,75.2,0.99,1225.0,0.02,75.2,0.01,1225.0,0.03,602.09,0.04,165.06,0.01,0.01,2321.844902,1776221668000
1776221669.77,269.77,0.97,648.43,0.96,165.06,0.98,71.7,0.99,1225.0,0.02,75.2,0.01,1225.0,0.03,602.09,0.04,165.06,0.01,0.01,2321.844902,1776221668000
1776221670.133,270.133,0.97,648.43,0.96,165.06,0.98,71.7,0.99,1225.0,0.02,71.7,0.01,1225.0,0.03,648.43,0.04,165.06,0.01,0.01,2321.85882,1776221669000
1776221671.248,271.248,0.97,648.43,0.96,165.06,0.98,71.7,0.99,1225.0,0.02,71.7,0.01,1225.0,0.03,648.43,0.04,165.06,0.01,0.01,2321.858815,1776221670000
1776221671.509,271.509,0.97,658.74,0.96,150.7,0.98,9.96,0.99,1225.0,0.02,25.17,0.01,1225.0,0.03,648.43,0.04,165.06,0.01,0.01,2321.858815,1776221670000
1776221671.999,271.999,0.97,663.74,0.96,150.7,0.98,35.2,0.99,1225.0,0.02,9.96,0.01,1225.0,0.03,658.74,0.04,150.7,0.01,0.01,2321.858815,1776221670000
1776221672.311,272.311,0.97,658.74,0.96,150.7,0.99,1225.0,,,0.01,1225.0,,,0.03,658.74,0.04,150.7,0.02,0.02,2321.859011,1776221671000
1776221672.653,272.653,0.98,586.05,0.97,297.71,0.99,1156.0,,,0.01,1301.0,,,0.02,388.35,0.03,299.71,0.01,0.01,2321.859011,1776221671000
1776221672.866,272.866,0.99,1769.0,0.98,586.05,,,,,0.01,756.0,,,0.02,586.05,0.03,297.71,,0.01,2321.859011,1776221671000
1776221673.302,273.302,0.99,2052.6,0.98,418.69,,,,,,,,,0.01,1769.0,0.02,586.05,,,2321.865813,1776221672000
1776221674.082,274.082,0.99,2051.57,0.98,418.69,,,,,,,,,0.01,2051.57,0.02,418.69,,,2321.878191,1776221673000
1776221675.297,275.297,0.99,2051.57,0.98,418.69,,,,,,,,,0.01,2051.57,0.02,418.69,,,2321.94386,1776221674000
1776221675.834,275.834,0.99,1791.06,0.98,283.99,,,,,,,,,0.01,2051.57,0.02,418.69,,,2321.94386,1776221674000
1776221676.44,276.44,0.99,1791.06,0.98,283.99,,,,,,,,,0.01,1791.06,0.02,283.99,,,2321.972541,1776221675000
1776221677.107,277.107,0.99,1791.06,0.98,283.99,,,,,,,,,0.01,1791.06,0.02,283.99,,,2321.990318,1776221676000
1776221678.424,278.424,0.99,1791.06,0.98,283.99,,,,,,,,,0.01,1791.06,0.02,283.99,,,2322.0834,1776221677000
1776221678.993,278.993,0.99,1791.06,0.98,283.99,,,,,,,,,0.01,1791.06,0.02,283.99,,,2322.0968,1776221678000
1776221680.699,280.699,0.99,1791.06,0.98,283.99,,,,,,,,,0.01,1791.06,0.02,283.99,,,2322.1581,1776221679000
1776221681.309,281.309,0.99,1791.06,0.98,283.99,,,,,,,,,0.01,1791.06,0.02,283.99,,,2322.1978,1776221680000
1776221682.576,282.576,0.99,1791.06,0.98,283.99,,,,,,,,,0.01,1791.06,0.02,283.99,,,2322.286029,1776221681000
1776221683.449,283.449,0.99,1791.06,0.98,283.99,,,,,,,,,0.01,1791.06,0.02,283.99,,,2322.286029,1776221682000
1776221684.139,284.139,0.99,1791.06,0.98,283.99,,,,,,,,,0.01,1791.06,0.02,283.99,,,2322.322955,1776221683000
1776221685.313,285.313,0.99,1791.06,0.98,283.99,,,,,,,,,0.01,1791.06,0.02,283.99,,,2322.350462,1776221684000
1776221686.466,286.466,0.99,1791.06,0.98,283.99,,,,,,,,,0.01,1791.06,0.02,283.99,,,2322.353051,1776221685000
1776221687.228,287.228,0.99,1791.06,0.98,283.99,,,,,,,,,0.01,1791.06,0.02,283.99,,,2322.352683,1776221686000
1776221688.543,288.543,0.99,1791.06,0.98,283.99,,,,,,,,,0.01,1791.06,0.02,283.99,,,2322.423725,1776221687000
1776221689.252,289.252,0.99,1791.06,0.98,283.99,,,,,,,,,0.01,1791.06,0.02,283.99,,,2322.435953,1776221688000
1776221690.557,290.557,0.99,1791.06,0.98,283.99,,,,,,,,,0.01,1791.06,0.02,283.99,,,2322.508274,1776221689000
1776221691.149,291.149,0.99,1791.06,0.98,283.99,,,,,,,,,0.01,1791.06,0.02,283.99,,,2322.518274,1776221690000
1776221692.442,292.442,0.99,1791.06,0.98,283.99,,,,,,,,,0.01,1791.06,0.02,283.99,,,2322.49273,1776221691000
1776221693.139,293.139,0.99,1791.06,0.98,283.99,,,,,,,,,0.01,1791.06,0.02,283.99,,,2322.49273,1776221692000
1776221694.341,294.341,0.99,1791.06,0.98,283.99,,,,,,,,,0.01,1791.06,0.02,283.99,,,2322.480862,1776221693000
1776221695.008,295.008,0.99,1791.06,0.98,283.99,,,,,,,,,0.01,1791.06,0.02,283.99,,,2322.480861,1776221694000
1776221696.401,296.401,0.99,1791.06,0.98,283.99,,,,,,,,,0.01,1791.06,0.02,283.99,,,2322.480861,1776221695000
1776221697.391,297.391,0.99,1791.06,0.98,283.99,,,,,,,,,0.01,1791.06,0.02,283.99,,,2322.473753,1776221696000
1776221698.075,298.075,0.99,10525.99,0.98,28.0,,,,,,,,,0.01,10525.99,0.02,28.0,,,2322.519067,1776221697000
1776221699.134,299.134,0.99,10525.99,0.98,28.0,,,,,,,,,0.01,10525.99,0.02,28.0,,,2322.60527,1776221698000
1776221700.393,300.393,0.99,10525.99,0.98,28.0,,,,,,,,,0.01,10525.99,0.02,28.0,,,2322.737,1776221699000
1776221700.921,300.921,0.99,10525.99,0.98,28.0,,,,,,,,,0.01,10525.99,0.02,28.0,,,2322.73865,1776221700000
1776221702.02,302.02,0.99,10525.99,0.98,28.0,,,,,,,,,0.01,10525.99,0.02,28.0,,,2322.784805,1776221701000

# RESULT,winner=Up,slug=eth-updown-5m-1776221400,ticks=415
