timestamp,elapsed_sec,up_bid_p1,up_bid_s1,up_bid_p2,up_bid_s2,up_ask_p1,up_ask_s1,up_ask_p2,up_ask_s2,down_bid_p1,down_bid_s1,down_bid_p2,down_bid_s2,down_ask_p1,down_ask_s1,down_ask_p2,down_ask_s2,up_spread,down_spread,eth_price,eth_oracle_ts
1776214201.329,1.329,,,,,,,,,,,,,,,,,,,2329.952707,1776214200000
1776214201.903,1.903,0.51,117.87,0.5,23.0,0.53,10.0,0.54,164.0,0.47,5.0,0.46,164.0,0.49,112.87,0.5,18.0,0.02,0.02,2329.952707,1776214200000
1776214202.154,2.154,0.51,107.87,0.5,28.0,0.54,141.44,0.55,109.0,0.47,10.0,0.46,164.0,0.49,117.87,0.5,23.0,0.03,0.02,2329.952707,1776214200000
1776214202.575,2.575,0.51,107.87,0.5,28.0,0.54,141.44,0.55,109.0,0.46,141.44,0.45,109.0,0.49,107.87,0.5,28.0,0.03,0.03,2329.998562,1776214201000
1776214202.791,2.791,0.5,104.52,0.49,105.0,0.51,5.0,0.52,119.0,0.46,141.44,0.45,109.0,0.49,107.87,0.5,28.0,0.01,0.03,2329.998562,1776214201000
1776214203.226,3.226,0.5,84.52,0.49,105.0,0.51,15.0,0.52,119.0,0.49,15.0,0.48,119.0,0.5,84.52,0.51,105.0,0.01,0.01,2330.021105,1776214202000
1776214203.708,3.708,0.5,7.0,0.48,5.98,0.51,210.71,0.52,150.0,0.49,160.71,0.48,150.0,0.5,16.0,0.52,5.98,0.01,0.01,2330.021105,1776214202000
1776214204.012,4.012,0.48,2.98,0.46,13.0,0.49,123.56,0.5,123.0,0.49,187.33,0.48,150.0,0.52,2.98,0.54,13.0,0.01,0.03,2330.021105,1776214202000
1776214204.292,4.292,0.48,2.98,0.47,15.0,0.49,5.0,0.5,110.0,0.51,123.56,0.5,123.0,0.52,2.98,0.54,13.0,0.01,0.01,2330.021105,1776214202000
1776214204.601,4.601,0.48,2.98,0.47,15.0,0.5,109.8,0.51,100.0,0.5,109.8,0.49,100.0,0.52,2.98,0.53,15.0,0.02,0.02,2329.999881,1776214203000
1776214204.865,4.865,0.5,34.8,0.49,30.0,0.51,100.0,0.52,105.0,0.5,109.8,0.49,100.0,0.52,2.98,0.53,15.0,0.01,0.02,2329.999881,1776214203000
1776214205.173,5.173,0.5,51.8,0.49,46.0,0.51,60.19,0.52,105.0,0.49,80.19,0.48,105.0,0.5,39.8,0.51,30.0,0.01,0.01,2329.999881,1776214203000
1776214205.667,5.667,0.51,4.79,0.5,358.63,0.52,10.0,0.53,21.0,0.49,5.0,0.48,5.0,0.5,358.63,0.51,46.0,0.01,0.01,2329.848297,1776214204000
1776214205.945,5.945,0.51,20.0,0.5,363.63,0.53,21.47,0.54,89.44,0.48,10.0,0.47,21.0,0.49,4.79,0.5,358.63,0.02,0.01,2329.848297,1776214204000
1776214206.179,6.179,0.51,17.93,0.5,358.63,0.54,87.97,0.55,123.0,0.47,2.19,0.46,89.44,0.49,12.93,0.5,363.63,0.03,0.02,2329.848297,1776214204000
1776214206.392,6.392,0.5,353.13,0.49,141.0,0.53,15.0,0.54,92.97,0.48,5.0,0.47,15.0,0.5,358.33,0.51,136.0,0.03,0.02,2329.848297,1776214204000
1776214206.663,6.663,0.5,357.92,0.49,141.0,0.52,21.15,0.53,10.0,0.48,21.15,0.47,10.0,0.5,357.92,0.51,141.0,0.02,0.02,2329.8634,1776214205000
1776214206.961,6.961,0.5,362.92,0.49,146.0,0.53,5.27,0.54,79.97,0.48,5.38,0.47,10.0,0.5,362.92,0.51,146.0,0.03,0.02,2329.8634,1776214205000
1776214207.216,7.216,0.5,362.92,0.49,146.0,0.53,5.27,0.54,79.97,0.47,5.27,0.46,79.97,0.5,362.92,0.51,146.0,0.03,0.03,2329.935086,1776214206000
1776214208.349,8.349,0.53,15.0,0.52,25.0,0.54,2.95,0.57,15.0,0.47,5.27,0.46,79.97,0.5,362.92,0.51,146.0,0.01,0.03,2329.935086,1776214206000
1776214208.586,8.586,0.58,5.0,0.56,25.0,0.6,2.66,0.61,70.0,0.4,6.0,0.39,95.0,0.44,23.92,0.45,10.0,0.02,0.04,2329.935086,1776214206000
1776214208.872,8.872,0.59,25.0,0.58,120.0,0.61,70.0,0.62,95.0,0.4,2.66,0.39,70.0,0.42,5.0,0.44,25.0,0.02,0.02,2330.009685,1776214207000
1776214209.266,9.266,0.6,18.63,0.59,30.0,0.61,70.0,0.62,95.0,0.39,70.0,0.38,95.0,0.4,18.63,0.41,30.0,0.01,0.01,2330.010275,1776214208000
1776214209.595,9.595,0.6,28.63,0.59,30.0,0.63,253.73,0.66,50.0,0.39,70.0,0.38,95.0,0.4,18.63,0.41,30.0,0.03,0.01,2330.010275,1776214208000
1776214210.381,10.381,0.6,18.63,0.59,25.0,0.61,5.5,0.62,20.5,0.37,255.79,0.34,50.0,0.38,15.0,0.39,10.0,0.01,0.01,2330.010275,1776214208000
1776214210.835,10.835,0.58,25.5,0.57,33.0,0.62,190.5,0.63,111.29,0.38,20.5,0.37,106.29,0.41,2.46,0.42,25.5,0.04,0.03,2330.172787,1776214209000
1776214211.125,11.125,0.58,25.5,0.57,33.0,0.62,190.5,0.63,111.29,0.38,190.5,0.37,111.29,0.42,25.5,0.43,33.0,0.04,0.04,2330.77615,1776214210000
1776214211.425,11.425,0.61,6.0,0.6,154.63,0.62,270.31,0.63,101.29,0.38,190.5,0.37,111.29,0.42,25.5,0.43,33.0,0.01,0.04,2330.77615,1776214210000
1776214211.913,11.913,0.61,12.0,0.6,210.13,0.62,264.81,0.63,90.79,0.39,0.33,0.38,275.31,0.4,205.13,0.41,25.5,0.01,0.01,2330.77615,1776214210000
1776214212.174,12.174,0.61,25.5,0.6,175.13,0.62,175.0,0.63,96.95,0.38,264.81,0.37,90.79,0.39,12.0,0.4,210.13,0.01,0.01,2330.77615,1776214210000
1776214212.45,12.45,0.61,12.0,0.6,175.13,0.62,207.14,0.63,115.45,0.38,173.14,0.37,132.45,0.39,32.93,0.4,175.13,0.01,0.01,2330.701811,1776214211000
1776214212.662,12.662,0.61,11.5,0.6,170.13,0.62,206.14,0.63,119.45,0.38,196.14,0.37,119.45,0.39,14.25,0.4,170.13,0.01,0.01,2330.701811,1776214211000
1776214213.006,13.006,0.61,25.5,0.6,170.13,0.62,189.14,0.63,114.45,0.38,198.14,0.37,119.45,0.39,15.5,0.4,170.13,0.01,0.01,2330.701811,1776214211000
1776214213.226,13.226,0.61,25.5,0.6,170.13,0.62,189.14,0.63,114.45,0.38,189.14,0.37,114.45,0.39,25.5,0.4,170.13,0.01,0.01,2330.62182,1776214212000
1776214214.169,14.169,0.61,25.5,0.6,170.13,0.62,189.14,0.63,114.45,0.38,189.14,0.37,114.45,0.39,25.5,0.4,170.13,0.01,0.01,2330.648428,1776214213000
1776214215.243,15.243,0.61,5.0,0.6,175.13,0.62,203.64,0.63,134.45,0.38,203.64,0.37,134.45,0.39,5.0,0.4,175.13,0.01,0.01,2330.672685,1776214214000
1776214215.788,15.788,0.61,10.0,0.6,175.13,0.62,201.64,0.63,134.45,0.38,203.64,0.37,134.45,0.39,5.0,0.4,175.13,0.01,0.01,2330.672685,1776214214000
1776214216.298,16.298,0.61,10.0,0.6,175.13,0.62,203.29,0.63,134.45,0.38,203.29,0.37,134.45,0.39,10.0,0.4,175.13,0.01,0.01,2330.675574,1776214215000
1776214217.164,17.164,0.62,51.5,0.61,45.5,0.63,37.16,0.64,20.5,0.38,218.91,0.37,134.45,0.39,10.0,0.4,175.13,0.01,0.01,2330.675574,1776214215000
1776214217.426,17.426,0.62,51.5,0.61,45.5,0.63,37.16,0.64,20.5,0.37,37.16,0.36,20.5,0.38,51.5,0.39,45.5,0.01,0.01,2330.674853,1776214216000
1776214217.957,17.957,0.62,51.5,0.61,45.5,0.63,37.16,0.64,20.5,0.37,37.16,0.36,20.5,0.38,51.5,0.39,45.5,0.01,0.01,2330.674852,1776214217000
1776214218.838,18.838,0.62,56.5,0.61,45.5,0.63,32.16,0.64,34.5,0.37,37.16,0.36,20.5,0.38,51.5,0.39,45.5,0.01,0.01,2330.674852,1776214217000
1776214219.124,19.124,0.62,56.5,0.61,45.5,0.63,32.16,0.64,34.5,0.37,32.16,0.36,34.5,0.38,56.5,0.39,45.5,0.01,0.01,2330.714085,1776214218000
1776214219.371,19.371,0.62,45.5,0.61,225.5,0.63,21.3,0.64,24.5,0.37,32.16,0.36,34.5,0.38,56.5,0.39,45.5,0.01,0.01,2330.714085,1776214218000
1776214220.23,20.23,0.62,276.5,0.61,108.5,0.67,10.0,0.68,8.0,0.37,16.53,0.36,24.5,0.38,45.5,0.39,225.5,0.05,0.01,2330.714085,1776214218000
1776214220.448,20.448,0.68,40.57,0.67,15.0,0.69,7.1,0.71,50.0,0.31,5.0,0.29,50.0,0.32,15.57,0.36,10.0,0.01,0.01,2330.767435,1776214219000
1776214220.78,20.78,0.72,3.57,0.71,10.0,0.73,54.07,0.74,19.0,0.27,49.07,0.26,19.0,0.28,20.0,0.29,10.0,0.01,0.01,2330.767435,1776214219000
1776214221.41,21.41,0.72,3.57,0.71,10.0,0.73,54.07,0.74,19.0,0.27,54.07,0.26,19.0,0.28,3.57,0.29,10.0,0.01,0.01,2330.769301,1776214220000
1776214221.691,21.691,0.72,13.57,0.71,10.0,0.73,87.57,0.74,204.0,0.27,54.07,0.26,19.0,0.28,3.57,0.29,10.0,0.01,0.01,2330.769301,1776214220000
1776214221.94,21.94,0.72,58.5,0.71,28.67,0.73,26.6,0.74,29.5,0.27,68.1,0.26,29.5,0.28,33.0,0.29,28.67,0.01,0.01,2330.944107,1776214221000
1776214222.175,22.175,0.72,79.74,0.71,28.67,0.73,16.6,0.74,32.0,0.27,83.6,0.26,32.0,0.28,69.92,0.29,28.67,0.01,0.01,2330.944107,1776214221000
1776214222.476,22.476,0.72,74.74,0.71,208.67,0.73,0.85,0.74,32.0,0.27,5.85,0.26,32.0,0.28,74.74,0.29,208.67,0.01,0.01,2330.944107,1776214221000
1776214222.733,22.733,0.73,355.5,0.72,169.74,0.74,22.0,0.76,10.5,0.26,32.0,0.24,10.5,0.28,79.74,0.29,208.67,0.01,0.02,2330.944107,1776214221000
1776214222.942,22.942,0.73,350.5,0.72,169.74,0.74,16.93,0.76,10.5,0.26,22.0,0.24,10.5,0.27,355.5,0.28,169.74,0.01,0.01,2330.944107,1776214221000
1776214223.347,23.347,0.73,330.5,0.72,143.5,0.74,11.93,0.76,15.5,0.26,16.93,0.24,10.5,0.27,350.5,0.28,169.74,0.01,0.01,2331.34071,1776214222000
1776214224.203,24.203,0.73,360.5,0.72,143.5,0.74,18.14,0.75,17.0,0.26,6.86,0.24,15.5,0.27,325.5,0.28,143.5,0.01,0.01,2331.34071,1776214222000
1776214224.883,24.883,0.73,360.5,0.72,143.5,0.74,18.14,0.75,17.0,0.26,18.14,0.25,17.0,0.27,360.5,0.28,143.5,0.01,0.01,2331.484954,1776214223000
1776214225.188,25.188,0.73,355.5,0.72,140.5,0.74,16.69,0.75,17.0,0.26,18.14,0.25,17.0,0.27,360.5,0.28,143.5,0.01,0.01,2331.484954,1776214223000
1776214225.618,25.618,0.73,360.5,0.72,173.5,0.75,17.0,0.76,10.5,0.26,6.69,0.25,17.0,0.27,360.5,0.28,140.5,0.02,0.01,2331.484954,1776214223000
1776214226.383,26.383,0.73,360.5,0.72,173.5,0.75,17.0,0.76,10.5,0.25,17.0,0.24,10.5,0.27,360.5,0.28,173.5,0.02,0.02,2331.686071,1776214225000
1776214227.345,27.345,0.74,170.5,0.73,360.5,0.75,57.0,0.76,28.5,0.25,17.0,0.24,10.5,0.27,360.5,0.28,173.5,0.01,0.02,2331.686071,1776214225000
1776214227.999,27.999,0.74,170.5,0.73,360.5,0.75,47.0,0.76,28.5,0.25,57.0,0.24,28.5,0.26,170.5,0.27,360.5,0.01,0.01,2331.685532,1776214226000
1776214228.586,28.586,0.74,350.5,0.73,180.5,0.75,45.57,0.76,28.0,0.25,47.0,0.24,28.5,0.26,170.5,0.27,360.5,0.01,0.01,2331.688621,1776214227000
1776214229.211,29.211,0.74,350.5,0.73,180.5,0.75,48.0,0.76,38.5,0.25,45.57,0.24,28.0,0.26,350.5,0.27,180.5,0.01,0.01,2331.688621,1776214227000
1776214229.584,29.584,0.74,112.0,0.73,130.0,0.75,127.5,0.76,43.5,0.25,48.0,0.24,38.5,0.26,350.5,0.27,180.5,0.01,0.01,2331.688621,1776214227000
1776214230.525,30.525,0.74,112.0,0.73,130.0,0.75,127.5,0.76,43.5,0.25,127.5,0.24,43.5,0.26,112.0,0.27,130.0,0.01,0.01,2331.690645,1776214229000
1776214231.376,31.376,0.74,125.76,0.73,320.5,0.75,90.0,0.76,53.5,0.25,90.0,0.24,53.5,0.26,125.76,0.27,320.5,0.01,0.01,2331.699425,1776214230000
1776214231.665,31.665,0.74,125.76,0.73,320.5,0.75,78.57,0.76,53.5,0.25,78.57,0.24,53.5,0.26,135.76,0.27,320.5,0.01,0.01,2331.699425,1776214230000
1776214232.11,32.11,0.74,310.76,0.73,140.5,0.75,56.0,0.76,63.5,0.25,77.14,0.24,53.5,0.26,130.76,0.27,320.5,0.01,0.01,2331.699425,1776214230000
1776214232.709,32.709,0.74,135.76,0.73,320.5,0.75,46.0,0.76,63.5,0.25,56.0,0.24,63.5,0.26,310.76,0.27,140.5,0.01,0.01,2331.621298,1776214231000
1776214233.569,33.569,0.74,130.76,0.73,320.5,0.75,47.49,0.76,63.5,0.25,47.49,0.24,63.5,0.26,130.76,0.27,320.5,0.01,0.01,2331.614745,1776214232000
1776214234.098,34.098,0.74,130.49,0.73,320.5,0.75,55.0,0.76,63.5,0.25,47.49,0.24,63.5,0.26,130.76,0.27,320.5,0.01,0.01,2331.614745,1776214232000
1776214234.328,34.328,0.74,135.49,0.73,320.5,0.75,45.0,0.76,63.5,0.25,45.0,0.24,63.5,0.26,135.49,0.27,320.5,0.01,0.01,2331.618258,1776214233000
1776214234.943,34.943,0.74,130.49,0.73,320.5,0.75,40.0,0.76,63.5,0.25,45.0,0.24,63.5,0.26,135.49,0.27,320.5,0.01,0.01,2331.618258,1776214233000
1776214235.438,35.438,0.74,135.49,0.73,320.5,0.75,36.76,0.76,53.5,0.25,40.0,0.24,63.5,0.26,130.49,0.27,320.5,0.01,0.01,2331.611127,1776214234000
1776214236.209,36.209,0.74,135.49,0.73,320.5,0.75,50.0,0.76,63.5,0.25,36.76,0.24,53.5,0.26,135.49,0.27,320.5,0.01,0.01,2331.611127,1776214234000
1776214236.681,36.681,0.74,135.49,0.73,320.5,0.75,43.0,0.76,63.5,0.25,50.0,0.24,63.5,0.26,135.49,0.27,320.5,0.01,0.01,2331.609151,1776214235000
1776214236.946,36.946,0.74,122.64,0.73,320.5,0.75,43.0,0.76,63.5,0.25,43.0,0.24,63.5,0.26,135.49,0.27,320.5,0.01,0.01,2331.609151,1776214235000
1776214237.594,37.594,0.73,15.0,0.71,209.5,0.75,119.5,0.76,83.5,0.25,43.0,0.24,63.5,0.26,122.64,0.27,320.5,0.02,0.01,2331.609101,1776214236000
1776214237.878,37.878,0.71,204.0,0.7,25.5,0.72,52.58,0.73,59.5,0.28,63.0,0.27,59.5,0.29,204.01,0.3,25.5,0.01,0.01,2331.609101,1776214236000
1776214238.127,38.127,0.69,14.5,0.68,51.07,0.72,57.5,0.73,59.5,0.28,52.58,0.27,59.5,0.29,204.0,0.3,25.5,0.03,0.01,2331.609101,1776214236000
1776214238.539,38.539,0.69,14.5,0.68,51.07,0.7,10.0,0.71,30.5,0.3,10.0,0.29,30.5,0.31,14.5,0.32,51.07,0.01,0.01,2331.587546,1776214237000
1776214239.293,39.293,0.69,14.5,0.68,51.07,0.7,10.0,0.71,30.5,0.3,10.0,0.29,30.5,0.31,14.5,0.32,51.07,0.01,0.01,2331.587546,1776214238000
1776214239.95,39.95,0.68,60.82,0.67,15.0,0.69,22.0,0.7,15.0,0.29,20.0,0.28,47.5,0.3,5.0,0.31,39.5,0.01,0.01,2331.587546,1776214238000
1776214240.674,40.674,0.68,60.82,0.67,15.0,0.69,22.0,0.7,15.0,0.31,22.0,0.3,15.0,0.32,60.82,0.33,15.0,0.01,0.01,2331.332035,1776214239000
1776214241.445,41.445,0.68,60.82,0.67,15.0,0.69,22.0,0.7,15.0,0.31,22.0,0.3,15.0,0.32,60.82,0.33,15.0,0.01,0.01,2331.317937,1776214240000
1776214241.746,41.746,0.68,85.82,0.67,25.0,0.69,2.0,0.7,5.0,0.31,2.0,0.3,5.0,0.32,95.82,0.33,25.0,0.01,0.01,2331.317937,1776214240000
1776214242.124,42.124,0.68,85.82,0.67,25.0,0.69,2.0,0.7,5.0,0.31,2.0,0.3,5.0,0.32,85.82,0.33,25.0,0.01,0.01,2331.380833,1776214241000
1776214243.979,43.979,0.68,75.19,0.67,205.0,0.69,2.0,0.7,5.0,0.31,2.0,0.3,5.0,0.32,75.19,0.33,205.0,0.01,0.01,2331.324421,1776214242000
1776214244.217,44.217,0.68,44.78,0.67,215.0,0.69,2.0,0.7,5.0,0.31,2.0,0.3,5.0,0.32,75.19,0.33,205.0,0.01,0.01,2331.324421,1776214242000
1776214244.619,44.619,0.68,44.78,0.67,215.0,0.69,2.0,0.7,5.0,0.31,2.0,0.3,5.0,0.32,44.78,0.33,215.0,0.01,0.01,2331.324198,1776214243000
1776214245.0,45.0,0.7,308.5,0.69,157.49,0.71,1.43,0.72,10.0,0.31,2.0,0.3,5.0,0.32,44.78,0.33,215.0,0.01,0.01,2331.324198,1776214243000
1776214245.275,45.275,0.74,50.0,0.73,40.5,0.75,0.5,0.76,23.0,0.26,15.5,0.25,25.5,0.3,308.5,0.31,157.49,0.01,0.04,2331.324198,1776214243000
1776214245.641,45.641,0.74,285.5,0.73,52.7,0.76,10.0,0.78,20.5,0.25,0.5,0.24,23.0,0.26,50.0,0.27,40.5,0.02,0.01,2331.32657,1776214244000
1776214246.024,46.024,0.74,285.5,0.73,52.7,0.76,10.0,0.78,20.5,0.24,10.0,0.22,20.5,0.26,285.5,0.27,52.7,0.02,0.02,2331.32657,1776214245000
1776214246.55,46.55,0.75,252.98,0.74,75.5,0.76,10.0,0.78,5.0,0.24,10.0,0.22,20.5,0.26,285.5,0.27,52.7,0.01,0.02,2331.32657,1776214245000
1776214246.764,46.764,0.75,257.98,0.74,75.5,0.76,7.0,0.79,20.0,0.24,10.0,0.22,5.0,0.25,252.98,0.26,75.5,0.01,0.01,2331.32657,1776214245000
1776214247.244,47.244,0.78,39.63,0.77,15.0,0.79,4.56,0.8,20.5,0.21,20.0,0.2,20.5,0.22,9.13,0.24,70.5,0.01,0.01,2331.32657,1776214245000
1776214247.586,47.586,0.78,155.63,0.77,20.0,0.79,1.06,0.8,10.0,0.21,4.56,0.2,20.5,0.22,39.63,0.23,15.0,0.01,0.01,2331.61212,1776214246000
1776214247.97,47.97,0.78,263.5,0.77,20.0,0.84,50.0,0.85,159.93,0.16,50.0,0.15,159.93,0.22,263.5,0.23,20.0,0.06,0.06,2331.770132,1776214247000
1776214248.289,48.289,0.82,0.83,0.81,10.0,0.84,115.11,0.85,69.93,0.16,54.8,0.15,69.93,0.17,16.0,0.18,10.0,0.02,0.01,2331.770132,1776214247000
1776214248.9,48.9,0.81,5.77,0.8,10.0,0.82,39.0,0.83,10.0,0.17,10.0,0.16,130.11,0.19,7.35,0.2,10.0,0.01,0.02,2331.770132,1776214247000
1776214249.16,49.16,0.8,15.0,0.79,64.31,0.81,18.65,0.82,10.0,0.18,34.0,0.17,10.0,0.21,34.31,0.22,44.63,0.01,0.03,2331.770132,1776214247000
1776214249.531,49.531,0.8,20.0,0.79,49.81,0.81,36.6,0.82,30.0,0.19,18.65,0.18,10.0,0.2,15.0,0.21,64.31,0.01,0.01,2332.019111,1776214248000
1776214250.001,50.001,0.8,2.5,0.79,49.81,0.81,32.11,0.82,30.5,0.19,27.85,0.18,35.0,0.2,2.5,0.21,49.81,0.01,0.01,2332.019111,1776214248000
1776214250.266,50.266,0.79,65.28,0.78,79.63,0.81,32.11,0.82,30.5,0.19,32.11,0.18,30.5,0.2,2.5,0.21,49.81,0.02,0.01,2332.019111,1776214248000
1776214251.049,51.049,0.79,65.28,0.78,79.63,0.81,32.11,0.82,30.5,0.19,32.11,0.18,30.5,0.21,65.28,0.22,79.63,0.02,0.02,2332.215497,1776214250000
1776214251.305,51.305,0.8,14.9,0.79,75.28,0.81,37.11,0.82,30.5,0.19,32.11,0.18,30.5,0.21,65.28,0.22,79.63,0.01,0.02,2332.215497,1776214250000
1776214251.867,51.867,0.8,15.0,0.79,71.5,0.81,14.75,0.82,54.9,0.19,37.11,0.18,30.5,0.2,14.9,0.21,75.28,0.01,0.01,2332.215497,1776214250000
1776214252.24,52.24,0.81,11.0,0.8,25.5,0.82,74.96,0.83,161.0,0.19,4.75,0.18,54.9,0.2,15.0,0.21,71.5,0.01,0.01,2332.215497,1776214250000
1776214252.56,52.56,0.8,14.11,0.79,61.5,0.82,79.96,0.83,156.0,0.18,74.96,0.17,161.0,0.19,11.0,0.2,25.5,0.02,0.01,2332.248212,1776214251000
1776214253.142,53.142,0.81,50.5,0.8,24.61,0.82,22.4,0.83,135.5,0.18,79.96,0.17,156.0,0.2,14.11,0.21,61.5,0.01,0.02,2332.248212,1776214251000
1776214253.431,53.431,0.81,50.5,0.8,24.61,0.82,22.4,0.83,135.5,0.18,22.4,0.17,135.5,0.19,50.5,0.2,24.61,0.01,0.01,2332.293352,1776214252000
1776214254.079,54.079,0.81,85.5,0.8,222.61,0.82,17.41,0.83,35.5,0.18,17.41,0.17,35.5,0.19,85.5,0.2,222.61,0.01,0.01,2332.278828,1776214253000
1776214255.177,55.177,0.81,85.5,0.8,222.61,0.82,17.41,0.83,35.5,0.18,17.41,0.17,35.5,0.19,85.5,0.2,222.61,0.01,0.01,2332.33436,1776214254000
1776214256.074,56.074,0.82,43.88,0.81,277.5,0.83,21.44,0.84,118.1,0.17,21.44,0.16,118.1,0.18,50.0,0.19,90.5,0.01,0.01,2332.33436,1776214254000
1776214256.409,56.409,0.82,35.0,0.81,247.5,0.83,11.44,0.84,118.1,0.17,21.44,0.16,118.1,0.18,43.88,0.19,277.5,0.01,0.01,2332.33436,1776214254000
1776214257.0,57.0,0.82,35.0,0.81,247.5,0.83,11.44,0.84,118.1,0.17,11.44,0.16,118.1,0.18,35.0,0.19,247.5,0.01,0.01,2332.347368,1776214256000
1776214257.678,57.678,0.82,35.0,0.81,247.5,0.83,6.44,0.84,118.1,0.17,11.44,0.16,118.1,0.18,35.0,0.19,247.5,0.01,0.01,2332.347368,1776214256000
1776214258.03,58.03,0.82,34.58,0.81,297.5,0.83,5.0,0.84,118.1,0.17,6.44,0.16,118.1,0.18,35.0,0.19,247.5,0.01,0.01,2332.347368,1776214256000
1776214260.018,60.018,0.82,34.58,0.81,297.5,0.83,5.0,0.84,118.1,0.17,5.0,0.16,118.1,0.18,34.58,0.19,297.5,0.01,0.01,2332.340695,1776214258000
1776214260.585,60.585,0.82,34.58,0.81,297.5,0.83,5.0,0.84,118.1,0.17,5.0,0.16,118.1,0.18,34.58,0.19,297.5,0.01,0.01,2332.348398,1776214259000
1776214261.306,61.306,0.82,34.58,0.81,297.5,0.83,5.0,0.84,118.1,0.17,5.0,0.16,118.1,0.18,34.58,0.19,297.5,0.01,0.01,2332.3908,1776214260000
1776214261.635,61.635,0.82,80.08,0.81,295.5,0.84,21.31,0.85,272.7,0.17,5.0,0.16,118.1,0.18,34.58,0.19,297.5,0.02,0.01,2332.3908,1776214260000
1776214262.873,62.873,0.83,20.0,0.82,70.08,0.84,16.31,0.85,220.5,0.16,21.31,0.15,272.7,0.18,80.08,0.19,295.5,0.01,0.02,2332.3908,1776214260000
1776214263.542,63.542,0.83,24.0,0.82,19.58,0.84,36.81,0.85,341.5,0.16,16.31,0.15,220.5,0.17,20.0,0.18,70.08,0.01,0.01,2332.393097,1776214261000
1776214263.765,63.765,0.81,7.0,0.79,56.5,0.83,13.0,0.84,456.81,0.16,36.81,0.15,341.5,0.17,24.0,0.18,19.58,0.02,0.01,2332.342468,1776214262000
1776214264.194,64.194,0.79,21.0,0.78,50.5,0.82,379.5,0.83,157.0,0.17,13.0,0.16,456.81,0.19,7.0,0.21,56.5,0.03,0.02,2332.342468,1776214262000
1776214264.43,64.43,0.79,27.08,0.78,50.5,0.8,5.0,0.81,245.5,0.2,5.0,0.19,245.5,0.21,27.08,0.22,50.5,0.01,0.01,2332.342468,1776214263000
1776214264.631,64.631,0.79,42.08,0.78,55.5,0.8,26.87,0.81,245.5,0.2,5.0,0.19,245.5,0.21,27.08,0.22,50.5,0.01,0.01,2332.342468,1776214263000
1776214265.242,65.242,0.79,52.08,0.78,235.5,0.8,7.41,0.81,45.0,0.2,26.87,0.19,245.5,0.21,42.08,0.22,55.5,0.01,0.01,2332.342468,1776214263000
1776214265.738,65.738,0.79,52.08,0.78,235.5,0.8,7.41,0.81,45.0,0.2,7.41,0.19,45.0,0.21,52.08,0.22,235.5,0.01,0.01,2332.236686,1776214264000
1776214266.196,66.196,0.83,141.61,0.82,67.0,0.84,5.0,0.85,5.0,0.2,7.41,0.19,45.0,0.21,52.08,0.22,235.5,0.01,0.01,2332.236686,1776214264000
1776214266.53,66.53,0.83,141.61,0.82,67.0,0.84,5.0,0.85,5.0,0.16,5.0,0.15,5.0,0.17,141.61,0.18,67.0,0.01,0.01,2332.166587,1776214265000
1776214267.141,67.141,0.85,65.0,0.84,205.0,0.86,7.0,0.87,9.0,0.14,7.0,0.13,9.0,0.15,65.0,0.16,205.0,0.01,0.01,2332.251127,1776214266000
1776214268.375,68.375,0.85,290.5,0.84,60.5,0.86,14.0,0.88,10.5,0.14,7.0,0.13,9.0,0.15,65.0,0.16,205.0,0.01,0.01,2332.251127,1776214266000
1776214268.587,68.587,0.85,290.5,0.84,60.5,0.86,14.0,0.88,10.5,0.14,14.0,0.12,10.5,0.15,290.5,0.16,60.5,0.01,0.01,2332.574785,1776214267000
1776214269.235,69.235,0.85,290.5,0.84,60.5,0.86,14.0,0.88,10.5,0.14,14.0,0.12,10.5,0.15,290.5,0.16,60.5,0.01,0.01,2332.850469,1776214268000
1776214270.003,70.003,0.85,290.5,0.84,60.5,0.86,14.0,0.88,10.5,0.14,14.0,0.12,10.5,0.15,290.5,0.16,60.5,0.01,0.01,2332.850469,1776214269000
1776214270.59,70.59,0.85,270.5,0.84,65.5,0.86,5.0,0.88,25.5,0.14,14.0,0.12,10.5,0.15,290.5,0.16,60.5,0.01,0.01,2332.850469,1776214269000
1776214271.238,71.238,0.85,270.5,0.84,65.5,0.86,5.0,0.88,25.5,0.14,5.0,0.12,25.5,0.15,270.5,0.16,65.5,0.01,0.01,2332.823869,1776214270000
1776214271.473,71.473,0.85,203.83,0.84,70.5,0.86,5.0,0.88,10.0,0.14,5.0,0.12,25.5,0.15,270.5,0.16,65.5,0.01,0.01,2332.823869,1776214270000
1776214271.949,71.949,0.86,45.0,0.85,446.32,0.9,15.0,0.91,66.0,0.14,5.0,0.12,10.0,0.15,203.83,0.16,70.5,0.04,0.01,2332.823869,1776214270000
1776214272.964,72.964,0.9,75.5,0.89,311.5,0.91,45.79,0.92,70.9,0.1,8.1,0.09,54.0,0.11,20.5,0.12,35.0,0.01,0.01,2332.819101,1776214271000
1776214273.221,73.221,0.9,56.5,0.89,256.5,0.91,35.79,0.92,101.9,0.09,45.79,0.08,70.9,0.1,75.5,0.11,311.5,0.01,0.01,2332.819101,1776214271000
1776214273.876,73.876,0.89,364.81,0.88,96.2,0.9,14.88,0.91,21.22,0.08,63.9,0.07,350.3,0.11,247.58,0.12,73.0,0.01,0.03,2332.869795,1776214272000
1776214274.089,74.089,0.89,307.58,0.88,208.99,0.9,11.76,0.91,21.22,0.1,13.76,0.09,21.22,0.11,302.58,0.12,208.99,0.01,0.01,2332.869795,1776214272000
1776214274.291,74.291,0.89,307.58,0.88,208.99,0.9,11.76,0.91,21.22,0.1,11.76,0.09,21.22,0.11,307.58,0.12,208.99,0.01,0.01,2332.869795,1776214273000
1776214275.238,75.238,0.91,34.0,0.9,265.5,0.92,23.0,0.93,72.3,0.1,11.76,0.09,21.22,0.11,307.58,0.12,208.99,0.01,0.01,2332.869795,1776214273000
1776214276.105,76.105,0.91,34.0,0.9,265.5,0.92,23.0,0.93,72.3,0.08,23.0,0.07,72.3,0.09,34.0,0.1,265.5,0.01,0.01,2333.532774,1776214274000
1776214276.421,76.421,0.91,20.0,0.9,298.5,0.92,25.62,0.93,65.3,0.08,23.0,0.07,72.3,0.09,34.0,0.1,265.5,0.01,0.01,2333.532774,1776214274000
1776214276.858,76.858,0.91,20.0,0.9,298.5,0.92,25.62,0.93,65.3,0.08,25.62,0.07,65.3,0.09,20.0,0.1,298.5,0.01,0.01,2333.603527,1776214275000
1776214277.243,77.243,0.89,10.0,0.88,200.0,0.9,28.03,0.91,15.0,0.08,25.62,0.07,65.3,0.09,20.0,0.1,298.5,0.01,0.01,2333.603527,1776214275000
1776214277.596,77.596,0.88,200.0,0.87,34.5,0.9,128.03,0.91,161.0,0.1,128.03,0.09,161.0,0.12,200.0,0.13,34.5,0.02,0.02,2333.66332,1776214276000
1776214278.143,78.143,0.89,10.0,0.88,25.0,0.9,135.0,0.91,373.0,0.1,135.8,0.09,366.0,0.12,20.0,0.13,205.5,0.01,0.02,2333.66332,1776214276000
1776214278.805,78.805,0.88,35.5,0.87,30.5,0.89,19.88,0.9,100.0,0.11,16.0,0.1,135.0,0.12,25.0,0.13,205.5,0.01,0.01,2333.66332,1776214276000
1776214279.526,79.526,0.88,35.5,0.87,30.5,0.89,19.88,0.9,100.0,0.11,19.88,0.1,100.0,0.12,35.5,0.13,30.5,0.01,0.01,2333.480418,1776214278000
1776214280.199,80.199,0.88,35.5,0.87,30.5,0.89,19.88,0.9,100.0,0.11,19.88,0.1,100.0,0.12,35.5,0.13,30.5,0.01,0.01,2333.246207,1776214279000
1776214280.643,80.643,0.89,10.0,0.88,10.0,0.9,107.44,0.91,212.0,0.11,109.88,0.1,115.0,0.12,15.0,0.13,35.5,0.01,0.01,2333.246207,1776214279000
1776214281.5,81.5,0.88,14.83,0.87,40.5,0.9,131.94,0.91,226.0,0.1,131.94,0.09,226.0,0.12,14.83,0.13,40.5,0.02,0.02,2333.312691,1776214280000
1776214282.038,82.038,0.88,5.66,0.87,15.0,0.89,138.86,0.9,122.94,0.11,129.68,0.1,129.94,0.12,397.9,0.13,78.69,0.01,0.01,2333.312691,1776214280000
1776214283.211,83.211,0.87,25.0,0.86,241.5,0.88,4.88,0.89,147.86,0.11,138.86,0.1,122.94,0.13,12.53,0.14,231.5,0.01,0.02,2333.251819,1776214281000
1776214283.528,83.528,0.87,25.0,0.86,231.5,0.88,7.88,0.89,147.86,0.12,4.88,0.11,147.86,0.13,25.0,0.14,241.5,0.01,0.01,2333.237785,1776214282000
1776214284.423,84.423,0.87,25.0,0.86,231.5,0.88,7.88,0.89,147.86,0.12,7.88,0.11,147.86,0.13,25.0,0.14,231.5,0.01,0.01,2333.262335,1776214283000
1776214284.759,84.759,0.87,17.3,0.86,241.5,0.88,109.88,0.89,147.86,0.12,7.88,0.11,147.86,0.13,25.0,0.14,231.5,0.01,0.01,2333.262335,1776214283000
1776214284.966,84.966,0.87,17.3,0.86,241.5,0.88,109.88,0.89,147.86,0.12,109.88,0.11,147.86,0.13,17.3,0.14,241.5,0.01,0.01,2333.238131,1776214284000
1776214286.051,86.051,0.87,69.47,0.86,251.5,0.88,8.88,0.89,133.86,0.12,109.88,0.11,147.86,0.13,17.3,0.14,241.5,0.01,0.01,2333.238131,1776214284000
1776214286.941,86.941,0.87,205.0,0.86,71.5,0.88,3.88,0.89,133.86,0.12,8.88,0.11,133.86,0.13,69.47,0.14,251.5,0.01,0.01,2333.167053,1776214285000
1776214287.147,87.147,0.87,205.0,0.86,71.5,0.88,3.88,0.89,133.86,0.12,3.88,0.11,133.86,0.13,205.0,0.14,71.5,0.01,0.01,2333.219634,1776214286000
1776214288.075,88.075,0.87,220.0,0.86,61.5,0.89,131.74,0.9,139.94,0.12,3.88,0.11,133.86,0.13,205.0,0.14,71.5,0.02,0.01,2333.219634,1776214286000
1776214289.388,89.388,0.87,220.0,0.86,61.5,0.89,131.74,0.9,139.94,0.11,131.74,0.1,139.94,0.13,220.0,0.14,61.5,0.02,0.02,2333.12416,1776214288000
1776214289.634,89.634,0.88,205.0,0.87,20.0,0.89,123.68,0.9,132.94,0.11,131.74,0.1,139.94,0.13,220.0,0.14,61.5,0.01,0.02,2333.12416,1776214288000
1776214290.072,90.072,0.88,205.0,0.87,20.0,0.89,123.68,0.9,132.94,0.11,123.68,0.1,132.94,0.12,205.0,0.13,20.0,0.01,0.01,2333.100966,1776214289000
1776214291.087,91.087,0.88,205.0,0.87,20.0,0.89,123.68,0.9,132.94,0.11,123.68,0.1,132.94,0.12,205.0,0.13,20.0,0.01,0.01,2333.123895,1776214290000
1776214292.156,92.156,0.88,310.0,0.87,125.0,0.89,14.5,0.9,35.5,0.11,14.5,0.1,35.5,0.12,310.0,0.13,125.0,0.01,0.01,2333.064908,1776214291000
1776214292.443,92.443,0.88,289.33,0.87,135.5,0.89,4.0,0.9,20.5,0.11,4.0,0.1,20.5,0.12,306.0,0.13,135.5,0.01,0.01,2333.064908,1776214291000
1776214293.785,93.785,0.88,289.33,0.87,135.5,0.89,4.0,0.9,20.5,0.11,4.0,0.1,20.5,0.12,289.33,0.13,135.5,0.01,0.01,2333.069843,1776214292000
1776214294.209,94.209,0.88,289.33,0.87,135.5,0.89,4.0,0.9,20.5,0.11,4.0,0.1,20.5,0.12,289.33,0.13,135.5,0.01,0.01,2333.143535,1776214293000
1776214295.226,95.226,0.88,289.33,0.87,135.5,0.89,4.0,0.9,20.5,0.11,4.0,0.1,20.5,0.12,289.33,0.13,135.5,0.01,0.01,2333.13608,1776214294000
1776214296.27,96.27,0.88,289.33,0.87,135.5,0.89,4.0,0.9,20.5,0.11,4.0,0.1,20.5,0.12,289.33,0.13,135.5,0.01,0.01,2333.07254,1776214295000
1776214297.335,97.335,0.88,289.33,0.87,135.5,0.89,4.0,0.9,20.5,0.11,4.0,0.1,20.5,0.12,289.33,0.13,135.5,0.01,0.01,2333.135232,1776214296000
1776214297.808,97.808,0.88,289.33,0.87,135.5,0.89,4.0,0.9,20.5,0.11,4.0,0.1,20.5,0.12,289.33,0.13,135.5,0.01,0.01,2333.06364,1776214297000
1776214298.896,98.896,0.88,289.33,0.87,135.5,0.89,4.0,0.9,20.5,0.11,4.0,0.1,20.5,0.12,289.33,0.13,135.5,0.01,0.01,2333.057207,1776214298000
1776214299.93,99.93,0.88,289.33,0.87,135.5,0.89,4.0,0.9,20.5,0.11,4.0,0.1,20.5,0.12,289.33,0.13,135.5,0.01,0.01,2333.106014,1776214299000
1776214300.94,100.94,0.88,289.33,0.87,135.5,0.89,4.0,0.9,20.5,0.11,4.0,0.1,20.5,0.12,289.33,0.13,135.5,0.01,0.01,2333.161313,1776214300000
1776214301.899,101.899,0.88,289.33,0.87,135.5,0.89,4.0,0.9,20.5,0.11,4.0,0.1,20.5,0.12,289.33,0.13,135.5,0.01,0.01,2333.140445,1776214301000
1776214302.125,102.125,0.89,84.0,0.88,299.33,0.9,59.6,0.91,252.4,0.1,49.5,0.09,252.4,0.11,530.83,0.12,384.14,0.01,0.01,2333.140445,1776214301000
1776214302.85,102.85,0.89,84.0,0.88,299.33,0.9,59.6,0.91,252.4,0.1,59.6,0.09,252.4,0.11,84.0,0.12,299.33,0.01,0.01,2333.134715,1776214302000
1776214303.885,103.885,0.89,84.0,0.88,299.33,0.9,59.6,0.91,252.4,0.1,59.6,0.09,252.4,0.11,84.0,0.12,299.33,0.01,0.01,2333.108059,1776214303000
1776214304.828,104.828,0.89,84.0,0.88,299.33,0.9,59.6,0.91,252.4,0.1,59.6,0.09,252.4,0.11,84.0,0.12,299.33,0.01,0.01,2333.037125,1776214304000
1776214305.534,105.534,0.86,27.0,0.85,195.0,0.89,249.5,0.9,152.6,0.1,59.6,0.09,252.4,0.11,84.0,0.12,299.33,0.03,0.01,2333.037125,1776214304000
1776214306.805,106.805,0.86,96.64,0.85,205.0,0.87,142.5,0.88,164.5,0.12,24.0,0.11,249.5,0.14,17.66,0.15,195.0,0.01,0.02,2333.037125,1776214304000
1776214307.505,107.505,0.86,96.64,0.85,205.0,0.87,142.5,0.88,164.5,0.13,142.5,0.12,164.5,0.14,96.64,0.15,205.0,0.01,0.01,2332.976023,1776214306000
1776214308.347,108.347,0.86,96.64,0.85,205.0,0.87,142.5,0.88,164.5,0.13,142.5,0.12,164.5,0.14,96.64,0.15,205.0,0.01,0.01,2332.685151,1776214307000
1776214308.906,108.906,0.86,96.64,0.85,205.0,0.87,142.5,0.88,164.5,0.13,142.5,0.12,164.5,0.14,96.64,0.15,205.0,0.01,0.01,2332.680474,1776214308000
1776214310.057,110.057,0.86,222.85,0.85,30.5,0.87,19.0,0.88,134.5,0.13,142.5,0.12,164.5,0.14,96.64,0.15,205.0,0.01,0.01,2332.680474,1776214308000
1776214310.753,110.753,0.86,222.85,0.85,30.5,0.87,19.0,0.88,134.5,0.13,19.0,0.12,134.5,0.14,222.85,0.15,30.5,0.01,0.01,2332.713812,1776214309000
1776214311.386,111.386,0.86,222.85,0.85,30.5,0.88,134.5,0.89,130.5,0.13,19.0,0.12,134.5,0.14,222.85,0.15,30.5,0.02,0.01,2332.713812,1776214309000
1776214312.132,112.132,0.86,222.85,0.85,30.5,0.88,134.5,0.89,130.5,0.12,134.5,0.11,130.5,0.14,222.85,0.15,30.5,0.02,0.02,2332.745507,1776214311000
1776214313.453,113.453,0.86,222.85,0.85,30.5,0.88,134.5,0.89,130.5,0.12,134.5,0.11,130.5,0.14,222.85,0.15,30.5,0.02,0.02,2332.716397,1776214312000
1776214313.686,113.686,0.87,15.0,0.86,217.85,0.88,133.21,0.89,139.68,0.12,134.5,0.11,130.5,0.14,222.85,0.15,30.5,0.01,0.02,2332.716397,1776214312000
1776214314.057,114.057,0.87,2.3,0.86,217.85,0.88,138.21,0.89,139.68,0.12,133.21,0.11,139.68,0.13,15.0,0.14,217.85,0.01,0.01,2332.716397,1776214312000
1776214315.591,115.591,0.87,2.3,0.86,217.85,0.88,138.21,0.89,139.68,0.12,138.21,0.11,139.68,0.13,2.3,0.14,217.85,0.01,0.01,2332.767137,1776214314000
1776214316.237,116.237,0.87,2.3,0.86,217.85,0.88,138.21,0.89,139.68,0.12,138.21,0.11,139.68,0.13,2.3,0.14,217.85,0.01,0.01,2332.742426,1776214315000
1776214317.36,117.36,0.87,2.3,0.86,217.85,0.88,138.21,0.89,139.68,0.12,138.21,0.11,139.68,0.13,2.3,0.14,217.85,0.01,0.01,2332.65196,1776214316000
1776214318.157,118.157,0.87,2.3,0.86,217.85,0.88,138.21,0.89,139.68,0.12,138.21,0.11,139.68,0.13,2.3,0.14,217.85,0.01,0.01,2332.65196,1776214317000
1776214319.511,119.511,0.89,16.0,0.88,302.0,0.9,119.78,0.91,165.4,0.1,119.78,0.09,165.4,0.11,16.0,0.12,302.0,0.01,0.01,2332.752954,1776214318000
1776214320.187,120.187,0.89,16.0,0.88,302.0,0.9,119.78,0.91,165.4,0.1,119.78,0.09,165.4,0.11,16.0,0.12,302.0,0.01,0.01,2332.811581,1776214319000
1776214320.964,120.964,0.89,76.0,0.88,234.5,0.9,123.38,0.91,165.4,0.1,119.78,0.09,165.4,0.11,16.0,0.12,302.0,0.01,0.01,2332.811581,1776214319000
1776214321.297,121.297,0.89,76.0,0.88,234.5,0.9,123.38,0.91,165.4,0.1,123.38,0.09,165.4,0.11,76.0,0.12,234.5,0.01,0.01,2332.955872,1776214320000
1776214321.846,121.846,0.88,195.0,0.87,135.79,0.89,108.0,0.9,125.88,0.1,123.38,0.09,165.4,0.11,76.0,0.12,234.5,0.01,0.01,2332.955872,1776214320000
1776214322.385,122.385,0.88,255.0,0.87,185.67,0.89,105.72,0.9,130.88,0.11,106.85,0.1,130.88,0.12,250.0,0.13,140.79,0.01,0.01,2332.955872,1776214320000
1776214323.122,123.122,0.88,255.0,0.87,185.67,0.89,105.72,0.9,130.88,0.11,105.72,0.1,130.88,0.12,255.0,0.13,185.67,0.01,0.01,2332.933167,1776214322000
1776214323.382,123.382,0.88,332.0,0.87,140.79,0.89,94.39,0.9,130.88,0.11,105.72,0.1,130.88,0.12,255.0,0.13,185.67,0.01,0.01,2332.933167,1776214322000
1776214324.112,124.112,0.88,332.0,0.87,140.79,0.89,94.39,0.9,130.88,0.11,94.39,0.1,130.88,0.12,332.0,0.13,140.79,0.01,0.01,2332.91926,1776214323000
1776214325.144,125.144,0.88,332.0,0.87,140.79,0.89,94.39,0.9,130.88,0.11,94.39,0.1,130.88,0.12,332.0,0.13,140.79,0.01,0.01,2332.855248,1776214324000
1776214326.016,126.016,0.88,332.0,0.87,140.79,0.89,94.39,0.9,130.88,0.11,94.39,0.1,130.88,0.12,332.0,0.13,140.79,0.01,0.01,2332.911943,1776214325000
1776214326.932,126.932,0.9,569.49,0.89,122.7,0.91,0.4,0.92,14.0,0.09,129.4,0.08,119.0,0.1,356.0,0.11,196.49,0.01,0.01,2332.911943,1776214325000
1776214327.833,127.833,0.9,533.21,0.89,122.7,0.91,0.4,0.92,14.0,0.09,0.4,0.08,14.0,0.1,569.49,0.11,122.7,0.01,0.01,2332.970938,1776214326000
1776214328.063,128.063,0.9,532.21,0.89,122.7,0.92,14.0,0.93,15.0,0.08,14.0,0.07,15.0,0.1,532.21,0.11,122.7,0.02,0.02,2333.069309,1776214327000
1776214329.001,129.001,0.9,532.21,0.89,122.7,0.92,14.0,0.93,15.0,0.08,14.0,0.07,15.0,0.1,532.21,0.11,122.7,0.02,0.02,2333.267,1776214328000
1776214330.041,130.041,0.9,532.21,0.89,122.7,0.92,14.0,0.93,15.0,0.08,14.0,0.07,15.0,0.1,532.21,0.11,122.7,0.02,0.02,2333.295955,1776214329000
1776214331.081,131.081,0.9,532.21,0.89,122.7,0.92,14.0,0.93,15.0,0.08,14.0,0.07,15.0,0.1,532.21,0.11,122.7,0.02,0.02,2333.313783,1776214330000
1776214331.463,131.463,0.91,109.88,0.9,378.99,0.92,10.0,0.93,20.0,0.08,14.0,0.07,15.0,0.1,532.21,0.11,122.7,0.01,0.02,2333.313783,1776214330000
1776214331.983,131.983,0.91,32.65,0.9,378.99,0.92,10.0,0.93,20.0,0.08,10.0,0.07,20.0,0.09,109.88,0.1,378.99,0.01,0.01,2333.313783,1776214330000
1776214333.001,133.001,0.91,32.65,0.9,378.99,0.92,10.0,0.93,20.0,0.08,10.0,0.07,20.0,0.09,32.65,0.1,378.99,0.01,0.01,2333.315958,1776214332000
1776214334.074,134.074,0.91,32.65,0.9,378.99,0.92,10.0,0.93,20.0,0.08,10.0,0.07,20.0,0.09,32.65,0.1,378.99,0.01,0.01,2333.320711,1776214333000
1776214335.169,135.169,0.91,32.65,0.9,378.99,0.92,10.0,0.93,20.0,0.08,10.0,0.07,20.0,0.09,32.65,0.1,378.99,0.01,0.01,2333.375471,1776214334000
1776214336.193,136.193,0.91,32.65,0.9,378.99,0.92,10.0,0.93,20.0,0.08,10.0,0.07,20.0,0.09,32.65,0.1,378.99,0.01,0.01,2333.378749,1776214335000
1776214337.348,137.348,0.91,32.65,0.9,378.99,0.92,10.0,0.93,20.0,0.08,10.0,0.07,20.0,0.09,32.65,0.1,378.99,0.01,0.01,2333.366759,1776214336000
1776214337.851,137.851,0.91,355.99,0.9,110.2,0.93,15.0,0.94,21.0,0.07,15.0,0.06,21.0,0.09,355.99,0.1,110.2,0.02,0.02,2333.281109,1776214337000
1776214338.841,138.841,0.91,355.99,0.9,110.2,0.93,15.0,0.94,21.0,0.07,15.0,0.06,21.0,0.09,355.99,0.1,110.2,0.02,0.02,2333.278198,1776214338000
1776214339.908,139.908,0.91,355.99,0.9,110.2,0.93,15.0,0.94,21.0,0.07,15.0,0.06,21.0,0.09,355.99,0.1,110.2,0.02,0.02,2333.278893,1776214339000
1776214341.357,141.357,0.91,355.99,0.9,110.2,0.93,15.0,0.94,21.0,0.07,15.0,0.06,21.0,0.09,355.99,0.1,110.2,0.02,0.02,2333.28095,1776214340000
1776214342.353,142.353,0.91,355.99,0.9,110.2,0.93,15.0,0.94,21.0,0.07,15.0,0.06,21.0,0.09,355.99,0.1,110.2,0.02,0.02,2333.323948,1776214341000
1776214343.289,143.289,0.91,355.99,0.9,110.2,0.93,15.0,0.94,21.0,0.07,15.0,0.06,21.0,0.09,355.99,0.1,110.2,0.02,0.02,2333.327291,1776214342000
1776214344.262,144.262,0.91,355.99,0.9,110.2,0.93,15.0,0.94,21.0,0.07,15.0,0.06,21.0,0.09,355.99,0.1,110.2,0.02,0.02,2333.319125,1776214343000
1776214345.237,145.237,0.91,355.99,0.9,110.2,0.93,15.0,0.94,21.0,0.07,15.0,0.06,21.0,0.09,355.99,0.1,110.2,0.02,0.02,2333.317989,1776214344000
1776214346.248,146.248,0.91,181.99,0.9,341.83,0.92,10.0,0.93,15.0,0.08,10.0,0.07,15.0,0.09,181.99,0.1,341.83,0.01,0.01,2333.250039,1776214345000
1776214347.222,147.222,0.91,181.99,0.9,341.83,0.92,10.0,0.93,15.0,0.08,10.0,0.07,15.0,0.09,181.99,0.1,341.83,0.01,0.01,2333.23024,1776214346000
1776214348.2,148.2,0.91,181.99,0.9,341.83,0.92,10.0,0.93,15.0,0.08,10.0,0.07,15.0,0.09,181.99,0.1,341.83,0.01,0.01,2333.161709,1776214347000
1776214349.198,149.198,0.91,181.99,0.9,341.83,0.92,10.0,0.93,15.0,0.08,10.0,0.07,15.0,0.09,181.99,0.1,341.83,0.01,0.01,2332.9944,1776214348000
1776214350.216,150.216,0.91,181.99,0.9,341.83,0.92,10.0,0.93,15.0,0.08,10.0,0.07,15.0,0.09,181.99,0.1,341.83,0.01,0.01,2332.994132,1776214349000
1776214350.516,150.516,0.9,94.18,0.89,75.0,0.92,27.62,0.93,75.3,0.08,10.0,0.07,15.0,0.09,181.99,0.1,341.83,0.02,0.01,2332.994132,1776214349000
1776214351.006,151.006,0.9,46.18,0.89,75.0,0.91,21.83,0.92,71.52,0.08,27.62,0.07,75.3,0.1,94.18,0.11,75.0,0.01,0.02,2332.994132,1776214349000
1776214351.413,151.413,0.9,56.18,0.89,171.99,0.91,18.9,0.92,76.52,0.09,16.5,0.08,71.52,0.1,46.18,0.11,75.0,0.01,0.01,2332.994132,1776214349000
1776214352.067,152.067,0.9,56.18,0.89,171.99,0.91,11.51,0.92,76.52,0.09,11.51,0.08,76.52,0.1,56.18,0.11,171.99,0.01,0.01,2332.954877,1776214351000
1776214353.154,153.154,0.9,67.18,0.89,171.99,0.91,6.23,0.92,71.52,0.09,6.23,0.08,71.52,0.1,67.18,0.11,171.99,0.01,0.01,2332.808441,1776214352000
1776214354.314,154.314,0.9,67.18,0.89,171.99,0.91,6.23,0.92,71.52,0.09,6.23,0.08,71.52,0.1,67.18,0.11,171.99,0.01,0.01,2332.762886,1776214353000
1776214354.937,154.937,0.9,67.18,0.89,171.99,0.91,6.23,0.92,71.52,0.09,6.23,0.08,71.52,0.1,67.18,0.11,171.99,0.01,0.01,2332.792943,1776214354000
1776214355.275,155.275,0.91,103.79,0.9,36.0,0.92,22.44,0.93,250.3,0.09,6.23,0.08,71.52,0.1,67.18,0.11,171.99,0.01,0.01,2332.792943,1776214354000
1776214355.964,155.964,0.91,103.79,0.9,36.0,0.92,22.44,0.93,250.3,0.08,22.44,0.07,250.3,0.09,103.79,0.1,36.0,0.01,0.01,2332.849434,1776214355000
1776214357.072,157.072,0.91,103.79,0.9,36.0,0.92,22.44,0.93,250.3,0.08,22.44,0.07,250.3,0.09,103.79,0.1,36.0,0.01,0.01,2332.8197,1776214356000
1776214357.874,157.874,0.91,5.0,0.9,11.0,0.92,46.57,0.93,75.3,0.08,22.44,0.07,250.3,0.09,103.79,0.1,36.0,0.01,0.01,2332.8197,1776214356000
1776214358.232,158.232,0.89,79.69,0.85,176.47,0.92,332.47,0.93,75.3,0.08,332.47,0.07,75.3,0.11,79.69,0.15,176.47,0.03,0.03,2332.833712,1776214357000
1776214358.488,158.488,0.89,68.69,0.85,176.47,0.91,15.0,0.92,332.47,0.08,332.47,0.07,75.3,0.11,79.69,0.15,176.47,0.02,0.03,2332.833712,1776214357000
1776214358.848,158.848,0.85,176.47,0.84,10.0,0.91,65.0,0.92,212.09,0.09,15.0,0.08,379.47,0.11,23.24,0.15,176.47,0.06,0.02,2332.833712,1776214357000
1776214359.33,159.33,0.83,92.26,0.82,10.0,0.86,224.5,0.87,25.5,0.13,38.46,0.12,41.66,0.15,33.13,0.17,158.13,0.03,0.02,2332.833712,1776214357000
1776214359.901,159.901,0.83,92.26,0.82,10.0,0.86,224.5,0.87,25.5,0.14,224.5,0.13,25.5,0.17,92.26,0.18,10.0,0.03,0.03,2332.167205,1776214359000
1776214360.399,160.399,0.83,19.43,0.82,10.0,0.84,171.5,0.85,27.5,0.16,158.5,0.15,20.5,0.17,29.43,0.18,10.0,0.01,0.01,2332.167205,1776214359000
1776214361.124,161.124,0.83,8.43,0.82,10.0,0.84,171.5,0.85,27.5,0.16,171.5,0.15,27.5,0.17,8.43,0.18,10.0,0.01,0.01,2331.595691,1776214360000
1776214361.487,161.487,0.84,35.0,0.83,8.43,0.86,10.63,0.88,5.0,0.16,171.5,0.15,27.5,0.17,8.43,0.18,10.0,0.02,0.01,2331.595691,1776214360000
1776214361.932,161.932,0.89,0.18,0.88,6.0,0.91,71.11,0.92,78.9,0.09,61.11,0.08,83.9,0.12,6.0,0.13,10.0,0.02,0.03,2331.595691,1776214360000
1776214362.256,162.256,0.87,8.23,0.86,27.0,0.89,10.0,0.9,10.0,0.09,71.11,0.08,73.9,0.14,39.49,0.15,34.81,0.02,0.05,2331.554128,1776214361000
1776214362.541,162.541,0.87,33.23,0.86,153.42,0.89,12.0,0.9,50.0,0.11,10.0,0.1,10.0,0.13,8.23,0.14,27.0,0.02,0.02,2331.554128,1776214361000
1776214363.228,163.228,0.87,23.23,0.86,163.42,0.88,3.82,0.89,46.79,0.11,12.0,0.1,50.0,0.13,33.23,0.14,153.42,0.01,0.02,2331.554128,1776214361000
1776214363.611,163.611,0.87,75.73,0.86,203.86,0.89,2.21,0.9,38.0,0.12,3.82,0.11,46.79,0.13,23.23,0.14,163.42,0.02,0.01,2331.803475,1776214362000
1776214364.054,164.054,0.89,23.79,0.88,44.5,0.9,38.0,0.91,21.22,0.11,2.21,0.1,38.0,0.13,75.73,0.14,203.86,0.01,0.02,2331.803475,1776214362000
1776214364.899,164.899,0.89,23.79,0.88,44.5,0.9,38.0,0.91,21.22,0.1,38.0,0.09,21.22,0.11,23.79,0.12,44.5,0.01,0.01,2332.471382,1776214363000
1776214365.318,165.318,0.89,23.79,0.88,44.5,0.9,38.0,0.91,21.22,0.1,38.0,0.09,21.22,0.11,23.79,0.12,44.5,0.01,0.01,2332.497753,1776214364000
1776214366.624,166.624,0.89,80.29,0.88,49.5,0.9,118.98,0.91,115.0,0.1,118.98,0.09,115.0,0.11,80.29,0.12,49.5,0.01,0.01,2332.530322,1776214365000
1776214367.096,167.096,0.89,80.29,0.88,49.5,0.9,118.98,0.91,115.0,0.1,118.98,0.09,115.0,0.11,80.29,0.12,49.5,0.01,0.01,2332.530661,1776214366000
1776214368.094,168.094,0.85,1.43,0.84,20.5,0.88,15.0,0.89,30.0,0.1,118.98,0.09,115.0,0.11,80.29,0.12,49.5,0.03,0.01,2332.530661,1776214366000
1776214369.554,169.554,0.85,1.43,0.84,20.5,0.88,15.0,0.89,30.0,0.12,15.0,0.11,30.0,0.15,1.43,0.16,20.5,0.03,0.03,2332.582981,1776214368000
1776214370.129,170.129,0.85,1.43,0.84,20.5,0.88,15.0,0.89,30.0,0.12,15.0,0.11,30.0,0.15,1.43,0.16,20.5,0.03,0.03,2332.232651,1776214369000
1776214371.305,171.305,0.85,1.43,0.84,20.5,0.88,15.0,0.89,30.0,0.12,15.0,0.11,30.0,0.15,1.43,0.16,20.5,0.03,0.03,2332.197223,1776214370000
1776214372.579,172.579,0.85,1.43,0.84,20.5,0.88,15.0,0.89,30.0,0.12,15.0,0.11,30.0,0.15,1.43,0.16,20.5,0.03,0.03,2332.205532,1776214371000
1776214373.229,173.229,0.85,1.43,0.84,20.5,0.88,15.0,0.89,30.0,0.12,15.0,0.11,30.0,0.15,1.43,0.16,20.5,0.03,0.03,2332.270001,1776214372000
1776214374.338,174.338,0.85,1.43,0.84,20.5,0.88,15.0,0.89,30.0,0.12,15.0,0.11,30.0,0.15,1.43,0.16,20.5,0.03,0.03,2332.228349,1776214373000
1776214375.444,175.444,0.85,1.43,0.84,20.5,0.88,15.0,0.89,30.0,0.12,15.0,0.11,30.0,0.15,1.43,0.16,20.5,0.03,0.03,2332.178031,1776214374000
1776214375.993,175.993,0.85,1.43,0.84,20.5,0.88,15.0,0.89,30.0,0.12,15.0,0.11,30.0,0.15,1.43,0.16,20.5,0.03,0.03,2332.166048,1776214375000
1776214377.259,177.259,0.85,1.43,0.84,20.5,0.88,15.0,0.89,30.0,0.12,15.0,0.11,30.0,0.15,1.43,0.16,20.5,0.03,0.03,2332.167576,1776214376000
1776214378.357,178.357,0.85,1.43,0.84,20.5,0.88,15.0,0.89,30.0,0.12,15.0,0.11,30.0,0.15,1.43,0.16,20.5,0.03,0.03,2332.182066,1776214377000
1776214378.82,178.82,0.87,10.0,0.86,291.31,0.88,85.75,0.89,109.0,0.12,15.0,0.11,30.0,0.15,1.43,0.16,20.5,0.01,0.03,2332.182066,1776214377000
1776214380.018,180.018,0.87,10.0,0.86,291.31,0.88,85.75,0.89,109.0,0.12,85.75,0.11,109.0,0.13,10.0,0.14,291.31,0.01,0.01,2332.18885,1776214379000
1776214380.536,180.536,0.87,13.64,0.85,1.43,0.88,10.0,0.89,53.0,0.12,85.75,0.11,109.0,0.13,10.0,0.14,291.31,0.01,0.01,2332.18885,1776214379000
1776214381.168,181.168,0.87,3.64,0.86,10.0,0.88,46.41,0.89,59.18,0.12,10.0,0.11,53.0,0.13,13.64,0.15,1.43,0.01,0.01,2332.18885,1776214379000
1776214381.533,181.533,0.87,14.37,0.86,10.0,0.88,37.92,0.89,229.18,0.12,46.41,0.11,59.18,0.13,3.64,0.14,10.0,0.01,0.01,2332.336745,1776214380000
1776214382.046,182.046,0.87,14.17,0.85,10.0,0.88,94.93,0.89,225.0,0.12,29.52,0.11,229.18,0.13,14.37,0.14,10.0,0.01,0.01,2332.336745,1776214380000
1776214382.325,182.325,0.87,19.17,0.85,10.0,0.88,100.48,0.89,220.0,0.12,100.48,0.11,220.0,0.13,27.61,0.15,10.0,0.01,0.01,2332.22414,1776214381000
1776214382.556,182.556,0.87,32.61,0.86,10.0,0.88,83.57,0.89,220.0,0.12,100.48,0.11,220.0,0.13,27.61,0.15,10.0,0.01,0.01,2332.22414,1776214381000
1776214382.866,182.866,0.87,59.61,0.86,10.0,0.88,82.67,0.89,267.29,0.12,82.67,0.11,267.29,0.13,59.61,0.14,10.0,0.01,0.01,2332.068279,1776214382000
1776214383.241,183.241,0.87,29.61,0.86,15.0,0.88,344.01,0.89,87.29,0.12,82.67,0.11,267.29,0.13,59.61,0.14,10.0,0.01,0.01,2332.068279,1776214382000
1776214383.989,183.989,0.87,7.61,0.86,15.0,0.88,339.01,0.89,87.29,0.12,339.01,0.11,87.29,0.13,7.61,0.14,15.0,0.01,0.01,2331.969437,1776214383000
1776214385.139,185.139,0.87,7.61,0.86,15.0,0.88,339.01,0.89,87.29,0.12,339.01,0.11,87.29,0.13,7.61,0.14,15.0,0.01,0.01,2331.925828,1776214384000
1776214385.573,185.573,0.88,88.0,0.87,76.11,0.89,45.59,0.9,99.5,0.11,78.46,0.1,104.5,0.13,90.61,0.14,15.0,0.01,0.02,2331.925828,1776214384000
1776214386.101,186.101,0.88,90.16,0.87,256.11,0.89,34.18,0.9,99.5,0.11,45.59,0.1,99.5,0.12,88.0,0.13,76.11,0.01,0.01,2331.925828,1776214384000
1776214386.427,186.427,0.88,61.32,0.87,256.11,0.89,10.5,0.9,54.5,0.11,34.18,0.1,99.5,0.12,90.16,0.13,256.11,0.01,0.01,2331.893716,1776214385000
1776214387.317,187.317,0.88,251.32,0.87,76.11,0.9,34.52,0.91,84.0,0.1,64.6,0.09,84.0,0.12,61.32,0.13,256.11,0.02,0.02,2331.893716,1776214385000
1776214387.994,187.994,0.88,281.82,0.87,76.11,0.9,11.1,0.91,40.0,0.1,21.35,0.09,84.0,0.12,306.82,0.13,76.11,0.02,0.02,2331.983491,1776214386000
1776214388.404,188.404,0.88,281.82,0.87,76.11,0.9,6.41,0.91,40.0,0.1,6.41,0.09,40.0,0.12,281.82,0.13,76.11,0.02,0.02,2332.092855,1776214387000
1776214388.933,188.933,0.88,300.82,0.87,76.11,0.89,10.0,0.9,10.0,0.11,10.0,0.1,10.0,0.12,300.82,0.13,76.11,0.01,0.01,2332.095127,1776214388000
1776214389.16,189.16,0.88,391.82,0.87,76.11,0.91,23.02,0.92,40.0,0.11,2.29,0.09,23.43,0.12,391.82,0.13,76.11,0.03,0.01,2332.095127,1776214388000
1776214389.986,189.986,0.9,486.59,0.89,107.5,0.91,0.62,0.92,142.0,0.09,20.14,0.08,40.0,0.11,10.0,0.12,391.82,0.01,0.02,2332.095127,1776214388000
1776214390.249,190.249,0.9,486.59,0.89,107.5,0.91,0.62,0.92,142.0,0.09,0.62,0.08,142.0,0.1,486.59,0.11,107.5,0.01,0.01,2332.110009,1776214389000
1776214391.325,191.325,0.9,486.59,0.89,107.5,0.91,0.62,0.92,142.0,0.09,0.62,0.08,142.0,0.1,486.59,0.11,107.5,0.01,0.01,2332.328869,1776214390000
1776214391.907,191.907,0.9,486.59,0.89,107.5,0.91,0.62,0.92,142.0,0.09,0.62,0.08,142.0,0.1,486.59,0.11,107.5,0.01,0.01,2332.328869,1776214391000
1776214393.022,193.022,0.9,486.59,0.89,107.5,0.91,0.62,0.92,142.0,0.09,0.62,0.08,142.0,0.1,486.59,0.11,107.5,0.01,0.01,2332.474977,1776214392000
1776214394.662,194.662,0.91,333.5,0.9,130.5,0.93,8.66,0.94,10.0,0.09,0.62,0.08,142.0,0.1,486.59,0.11,107.5,0.02,0.01,2332.474977,1776214392000
1776214395.394,195.394,0.91,333.5,0.9,130.5,0.93,8.66,0.94,10.0,0.07,8.66,0.06,10.0,0.09,333.5,0.1,130.5,0.02,0.02,2332.502363,1776214394000
1776214395.801,195.801,0.92,328.5,0.91,168.5,0.93,2.84,0.94,20.0,0.07,8.66,0.06,10.0,0.09,333.5,0.1,130.5,0.01,0.02,2332.502363,1776214394000
1776214396.436,196.436,0.93,370.04,0.92,368.34,0.95,84.0,0.96,25.0,0.05,79.0,0.04,25.0,0.07,22.16,0.08,275.5,0.02,0.02,2332.476505,1776214395000
1776214396.693,196.693,0.94,113.5,0.93,390.34,0.95,68.88,0.96,25.0,0.05,84.0,0.04,25.0,0.07,375.04,0.08,363.34,0.01,0.02,2332.476505,1776214395000
1776214396.915,196.915,0.94,337.5,0.93,210.34,0.95,37.3,0.96,25.0,0.05,68.88,0.04,25.0,0.06,113.5,0.07,390.34,0.01,0.01,2332.476505,1776214395000
1776214398.166,198.166,0.94,494.29,0.93,385.13,0.95,6.25,0.96,34.0,0.05,37.3,0.04,25.0,0.06,337.5,0.07,210.34,0.01,0.01,2332.551275,1776214396000
1776214398.902,198.902,0.94,494.29,0.93,385.13,0.95,6.25,0.96,34.0,0.05,6.25,0.04,34.0,0.06,494.29,0.07,385.13,0.01,0.01,2333.266982,1776214398000
1776214399.156,199.156,0.94,504.29,0.93,395.13,0.95,111.12,0.96,25.0,0.05,116.12,0.04,25.0,0.06,499.29,0.07,395.13,0.01,0.01,2333.266982,1776214398000
1776214399.916,199.916,0.94,504.29,0.93,408.97,0.95,103.53,0.96,25.0,0.05,109.85,0.04,25.0,0.06,509.29,0.07,395.13,0.01,0.01,2333.266982,1776214398000
1776214400.12,200.12,0.94,504.29,0.93,408.97,0.95,103.53,0.96,25.0,0.05,103.53,0.04,25.0,0.06,504.29,0.07,408.97,0.01,0.01,2333.320453,1776214399000
1776214400.342,200.342,0.94,504.29,0.93,408.97,0.95,97.22,0.96,25.0,0.05,103.53,0.04,25.0,0.06,504.29,0.07,408.97,0.01,0.01,2333.320453,1776214399000
1776214401.276,201.276,0.94,480.29,0.93,384.97,0.95,96.16,0.96,25.0,0.05,96.16,0.04,25.0,0.06,480.29,0.07,384.97,0.01,0.01,2333.333498,1776214400000
1776214402.389,202.389,0.94,480.29,0.93,384.97,0.95,96.16,0.96,25.0,0.05,96.16,0.04,25.0,0.06,480.29,0.07,384.97,0.01,0.01,2333.354253,1776214401000
1776214402.77,202.77,0.94,480.29,0.93,446.96,0.95,46.16,0.96,25.0,0.05,96.16,0.04,25.0,0.06,480.29,0.07,384.97,0.01,0.01,2333.354253,1776214401000
1776214403.033,203.033,0.94,480.29,0.93,446.96,0.95,46.16,0.96,25.0,0.05,46.16,0.04,25.0,0.06,480.29,0.07,446.96,0.01,0.01,2333.36979,1776214402000
1776214403.623,203.623,0.94,521.29,0.93,334.72,0.95,22.0,0.96,25.0,0.05,46.16,0.04,25.0,0.06,480.29,0.07,446.96,0.01,0.01,2333.36979,1776214402000
1776214404.258,204.258,0.94,521.29,0.93,334.72,0.95,22.0,0.96,25.0,0.05,22.0,0.04,25.0,0.06,521.29,0.07,334.72,0.01,0.01,2333.370946,1776214403000
1776214404.686,204.686,0.95,466.3,0.94,203.3,0.96,86.25,0.97,406.0,0.05,22.0,0.04,25.0,0.06,521.29,0.07,334.72,0.01,0.01,2333.370946,1776214403000
1776214404.993,204.993,0.95,466.3,0.94,203.3,0.96,33.2,0.97,406.0,0.04,85.2,0.03,406.0,0.05,466.3,0.06,203.3,0.01,0.01,2333.370946,1776214403000
1776214405.377,205.377,0.95,466.3,0.94,203.3,0.96,33.2,0.97,406.0,0.04,33.2,0.03,406.0,0.05,466.3,0.06,203.3,0.01,0.01,2333.372734,1776214404000
1776214405.816,205.816,0.95,476.3,0.94,365.43,0.96,41.2,0.97,406.0,0.04,33.2,0.03,406.0,0.05,466.3,0.06,203.3,0.01,0.01,2333.372734,1776214404000
1776214406.187,206.187,0.95,481.3,0.94,365.43,0.96,40.15,0.97,406.0,0.04,41.2,0.03,406.0,0.05,476.3,0.06,365.43,0.01,0.01,2333.414766,1776214405000
1776214407.08,207.08,0.95,481.3,0.94,365.43,0.96,40.15,0.97,406.0,0.04,40.15,0.03,406.0,0.05,481.3,0.06,365.43,0.01,0.01,2333.416057,1776214406000
1776214408.116,208.116,0.95,508.3,0.94,486.43,0.96,4.58,0.97,406.0,0.04,40.15,0.03,406.0,0.05,481.3,0.06,365.43,0.01,0.01,2333.416057,1776214406000
1776214408.454,208.454,0.95,508.3,0.94,486.43,0.96,4.58,0.97,406.0,0.04,4.58,0.03,406.0,0.05,508.3,0.06,486.43,0.01,0.01,2333.425911,1776214407000
1776214409.635,209.635,0.95,508.3,0.94,486.43,0.96,4.58,0.97,406.0,0.04,4.58,0.03,406.0,0.05,508.3,0.06,486.43,0.01,0.01,2333.488919,1776214408000
1776214410.06,210.06,0.94,9.0,0.93,20.38,0.95,293.0,0.96,94.83,0.04,299.83,0.03,416.0,0.06,1.21,0.07,25.38,0.01,0.02,2333.488919,1776214408000
1776214410.348,210.348,0.93,18.95,0.92,25.0,0.95,66.94,0.96,224.58,0.05,71.94,0.04,94.83,0.06,24.0,0.07,20.38,0.02,0.01,2333.488919,1776214408000
1776214410.72,210.72,0.93,39.45,0.92,35.5,0.95,66.94,0.96,249.58,0.05,66.94,0.04,249.58,0.07,39.45,0.08,35.5,0.02,0.02,2333.58401,1776214409000
1776214411.271,211.271,0.93,39.45,0.92,35.5,0.95,66.94,0.96,249.58,0.05,66.94,0.04,249.58,0.07,39.45,0.08,35.5,0.02,0.02,2333.507576,1776214410000
1776214411.519,211.519,0.93,148.73,0.92,40.5,0.94,70.84,0.95,272.14,0.05,66.94,0.04,249.58,0.07,39.45,0.08,35.5,0.01,0.02,2333.507576,1776214410000
1776214412.391,212.391,0.93,110.73,0.92,40.5,0.94,62.65,0.95,267.14,0.06,62.65,0.05,267.14,0.07,110.73,0.08,40.5,0.01,0.01,2332.709744,1776214411000
1776214412.881,212.881,0.93,110.73,0.92,40.5,0.94,62.65,0.95,267.14,0.06,62.65,0.05,267.14,0.07,110.73,0.08,40.5,0.01,0.01,2332.551297,1776214412000
1776214413.318,213.318,0.93,136.23,0.92,220.5,0.94,52.55,0.95,342.94,0.06,62.65,0.05,267.14,0.07,110.73,0.08,40.5,0.01,0.01,2332.551297,1776214412000
1776214413.883,213.883,0.93,136.23,0.92,220.5,0.94,52.55,0.95,342.94,0.06,52.55,0.05,342.94,0.07,136.23,0.08,220.5,0.01,0.01,2332.538789,1776214413000
1776214414.385,214.385,0.93,131.94,0.92,220.5,0.94,52.55,0.95,337.94,0.06,52.55,0.05,342.94,0.07,136.23,0.08,220.5,0.01,0.01,2332.538789,1776214413000
1776214414.971,214.971,0.93,131.36,0.92,220.5,0.94,52.55,0.95,337.94,0.06,52.55,0.05,337.94,0.07,131.36,0.08,220.5,0.01,0.01,2332.544119,1776214414000
1776214415.353,215.353,0.93,322.65,0.92,98.5,0.94,55.0,0.95,10.0,0.06,52.55,0.05,337.94,0.07,131.36,0.08,220.5,0.01,0.01,2332.544119,1776214414000
1776214415.556,215.556,0.93,322.65,0.92,98.5,0.94,47.24,0.95,10.0,0.06,48.52,0.05,10.0,0.07,317.65,0.08,98.5,0.01,0.01,2332.544119,1776214414000
1776214416.04,216.04,0.93,381.65,0.92,147.4,0.94,21.92,0.95,10.0,0.06,21.92,0.05,10.0,0.07,381.65,0.08,147.4,0.01,0.01,2332.543577,1776214415000
1776214416.573,216.573,0.93,475.51,0.92,316.3,0.94,21.92,0.95,10.0,0.06,21.92,0.05,10.0,0.07,381.65,0.08,147.4,0.01,0.01,2332.543577,1776214415000
1776214416.922,216.922,0.93,457.43,0.92,331.3,0.94,16.6,0.95,10.0,0.06,21.92,0.05,10.0,0.07,457.43,0.08,341.3,0.01,0.01,2332.543577,1776214415000
1776214417.171,217.171,0.93,421.43,0.92,306.3,0.97,224.57,0.98,594.41,0.03,293.24,0.02,619.41,0.07,462.43,0.08,331.3,0.04,0.04,2332.673212,1776214416000
1776214418.126,218.126,0.93,421.43,0.92,306.3,0.97,224.57,0.98,594.41,0.03,224.57,0.02,594.41,0.07,421.43,0.08,306.3,0.04,0.04,2332.810334,1776214417000
1776214418.451,218.451,0.95,98.0,0.94,81.5,0.97,268.12,0.98,600.67,0.03,224.57,0.02,594.41,0.07,421.43,0.08,306.3,0.02,0.04,2332.810334,1776214417000
1776214419.089,219.089,0.95,98.0,0.94,81.5,0.97,268.12,0.98,600.67,0.03,268.12,0.02,600.67,0.05,98.0,0.06,81.5,0.02,0.02,2332.82217,1776214418000
1776214420.012,220.012,0.95,98.0,0.94,81.5,0.97,268.12,0.98,600.67,0.03,268.12,0.02,600.67,0.05,98.0,0.06,81.5,0.02,0.02,2332.828323,1776214419000
1776214420.527,220.527,0.95,81.0,0.94,25.0,0.96,0.83,0.97,453.12,0.03,268.12,0.02,600.67,0.05,98.0,0.06,81.5,0.01,0.02,2332.828323,1776214419000
1776214421.134,221.134,0.95,81.0,0.94,25.0,0.96,0.83,0.97,453.12,0.04,0.83,0.03,453.12,0.05,81.0,0.06,25.0,0.01,0.01,2332.795726,1776214420000
1776214422.017,222.017,0.95,81.0,0.94,25.0,0.96,0.83,0.97,453.12,0.04,0.83,0.03,453.12,0.05,81.0,0.06,25.0,0.01,0.01,2332.796344,1776214421000
1776214423.052,223.052,0.96,40.0,0.95,101.5,0.97,242.65,0.98,535.7,0.03,242.65,0.02,535.7,0.04,40.0,0.05,101.5,0.01,0.01,2332.835617,1776214422000
1776214424.111,224.111,0.96,40.0,0.95,101.5,0.97,242.65,0.98,535.7,0.03,242.65,0.02,535.7,0.04,40.0,0.05,101.5,0.01,0.01,2332.839616,1776214423000
1776214425.264,225.264,0.96,40.0,0.95,101.5,0.97,242.65,0.98,535.7,0.03,242.65,0.02,535.7,0.04,40.0,0.05,101.5,0.01,0.01,2332.835454,1776214424000
1776214426.623,226.623,0.96,40.0,0.95,101.5,0.97,242.65,0.98,535.7,0.03,242.65,0.02,535.7,0.04,40.0,0.05,101.5,0.01,0.01,2332.83468,1776214425000
1776214427.23,227.23,0.95,184.5,0.94,438.3,0.96,20.0,0.97,123.95,0.04,20.0,0.03,123.95,0.05,184.5,0.06,438.3,0.01,0.01,2332.830806,1776214426000
1776214428.533,228.533,0.95,369.5,0.94,260.3,0.96,17.96,0.97,123.95,0.04,17.96,0.03,123.95,0.05,369.5,0.06,260.3,0.01,0.01,2332.87737,1776214427000
1776214429.296,229.296,0.95,369.5,0.94,260.3,0.96,17.96,0.97,123.95,0.04,17.96,0.03,123.95,0.05,369.5,0.06,260.3,0.01,0.01,2332.819171,1776214428000
1776214430.234,230.234,0.95,61.5,0.94,502.31,0.96,12.75,0.97,303.95,0.04,17.96,0.03,123.95,0.05,369.5,0.06,260.3,0.01,0.01,2332.819171,1776214428000
1776214430.441,230.441,0.95,61.5,0.94,502.31,0.96,12.75,0.97,303.95,0.04,12.75,0.03,303.95,0.05,61.5,0.06,502.31,0.01,0.01,2332.686787,1776214429000
1776214430.644,230.644,0.95,93.17,0.94,502.31,0.96,6.75,0.97,303.95,0.04,12.75,0.03,303.95,0.05,93.17,0.06,502.31,0.01,0.01,2332.686787,1776214429000
1776214430.952,230.952,0.95,50.0,0.94,507.31,0.96,6.75,0.97,308.95,0.04,6.75,0.03,303.95,0.05,93.17,0.06,502.31,0.01,0.01,2332.686787,1776214429000
1776214432.304,232.304,0.95,50.0,0.94,507.31,0.96,6.75,0.97,308.95,0.04,6.75,0.03,308.95,0.05,50.0,0.06,507.31,0.01,0.01,2332.70145,1776214431000
1776214433.375,233.375,0.95,50.0,0.94,507.31,0.96,6.75,0.97,308.95,0.04,6.75,0.03,308.95,0.05,50.0,0.06,507.31,0.01,0.01,2332.6654,1776214432000
1776214434.106,234.106,0.95,50.0,0.94,507.31,0.96,6.75,0.97,308.95,0.04,6.75,0.03,308.95,0.05,50.0,0.06,507.31,0.01,0.01,2332.674167,1776214433000
1776214434.458,234.458,0.95,405.72,0.94,165.3,0.96,104.14,0.97,408.95,0.04,6.75,0.03,308.95,0.05,50.0,0.06,507.31,0.01,0.01,2332.674167,1776214433000
1776214435.279,235.279,0.95,405.72,0.94,165.3,0.96,104.14,0.97,408.95,0.04,104.14,0.03,408.95,0.05,405.72,0.06,165.3,0.01,0.01,2332.668983,1776214434000
1776214436.464,236.464,0.95,405.72,0.94,165.3,0.96,104.14,0.97,408.95,0.04,104.14,0.03,408.95,0.05,405.72,0.06,165.3,0.01,0.01,2332.668391,1776214435000
1776214436.797,236.797,0.95,52.0,0.94,384.98,0.96,99.14,0.97,408.95,0.04,99.14,0.03,408.95,0.05,52.0,0.06,384.98,0.01,0.01,2332.668391,1776214435000
1776214437.03,237.03,0.95,52.0,0.94,384.98,0.96,99.14,0.97,408.95,0.04,99.14,0.03,408.95,0.05,52.0,0.06,384.98,0.01,0.01,2332.741546,1776214436000
1776214437.355,237.355,0.95,65.0,0.94,204.98,0.96,95.14,0.97,228.95,0.04,99.14,0.03,408.95,0.05,52.0,0.06,384.98,0.01,0.01,2332.741546,1776214436000
1776214438.304,238.304,0.95,65.0,0.94,204.98,0.96,95.14,0.97,228.95,0.04,95.14,0.03,228.95,0.05,65.0,0.06,204.98,0.01,0.01,2332.71035,1776214437000
1776214439.663,239.663,0.95,393.8,0.94,174.98,0.96,1.0,0.97,190.29,0.04,95.14,0.03,228.95,0.05,65.0,0.06,204.98,0.01,0.01,2332.71035,1776214437000
1776214440.336,240.336,0.95,431.8,0.94,150.47,0.97,185.29,0.98,775.96,0.04,1.0,0.03,190.29,0.05,393.8,0.06,174.98,0.02,0.01,2332.581805,1776214438000
1776214440.798,240.798,0.95,436.8,0.94,150.47,0.97,218.95,0.98,780.96,0.03,218.95,0.02,780.96,0.05,436.8,0.06,150.47,0.02,0.02,2332.606894,1776214439000
1776214441.065,241.065,0.95,441.8,0.94,145.47,0.97,208.64,0.98,780.96,0.03,218.95,0.02,780.96,0.05,436.8,0.06,150.47,0.02,0.02,2332.606894,1776214439000
1776214441.384,241.384,0.95,446.8,0.94,145.47,0.97,103.64,0.98,774.7,0.03,208.64,0.02,780.96,0.05,441.8,0.06,145.47,0.02,0.02,2332.606894,1776214439000
1776214442.198,242.198,0.95,446.8,0.94,145.47,0.97,103.64,0.98,774.7,0.03,103.64,0.02,774.7,0.05,446.8,0.06,145.47,0.02,0.02,2332.632141,1776214441000
1776214442.735,242.735,0.96,540.7,0.95,177.24,0.97,53.88,0.98,306.0,0.03,90.64,0.02,591.0,0.04,207.11,0.05,347.54,0.01,0.01,2332.632141,1776214441000
1776214443.112,243.112,0.96,540.7,0.95,204.24,0.97,28.88,0.98,306.0,0.03,33.88,0.02,306.0,0.04,535.7,0.05,204.24,0.01,0.01,2332.632141,1776214441000
1776214443.466,243.466,0.96,540.7,0.95,204.24,0.97,23.88,0.98,306.0,0.03,28.88,0.02,306.0,0.04,540.7,0.05,204.24,0.01,0.01,2332.632141,1776214441000
1776214443.719,243.719,0.96,540.7,0.95,271.0,0.97,18.88,0.98,306.0,0.03,23.88,0.02,306.0,0.04,540.7,0.05,204.24,0.01,0.01,2332.62133,1776214442000
1776214443.946,243.946,0.97,32.67,0.96,535.7,0.98,306.0,0.99,2076.48,0.03,18.88,0.02,306.0,0.04,540.7,0.05,271.0,0.01,0.01,2332.62133,1776214442000
1776214444.23,244.23,0.97,32.67,0.96,535.7,0.98,231.0,0.99,2076.48,0.02,231.0,0.01,2076.48,0.03,32.67,0.04,535.7,0.01,0.01,2332.716178,1776214443000
1776214444.54,244.54,0.97,390.37,0.96,417.79,0.98,282.5,0.99,2076.48,0.02,231.0,0.01,2076.48,0.03,32.67,0.04,535.7,0.01,0.01,2332.716178,1776214443000
1776214444.945,244.945,0.97,390.37,0.96,584.29,0.98,275.45,0.99,2776.48,0.02,282.5,0.01,2076.48,0.03,390.37,0.04,417.79,0.01,0.01,2332.716178,1776214443000
1776214445.356,245.356,0.97,390.37,0.96,589.29,0.98,274.39,0.99,2776.48,0.02,275.45,0.01,2776.48,0.03,390.37,0.04,584.29,0.01,0.01,2332.716178,1776214443000
1776214445.566,245.566,0.97,390.37,0.96,589.29,0.98,272.34,0.99,2776.48,0.02,272.34,0.01,2776.48,0.03,390.37,0.04,589.29,0.01,0.01,2333.023385,1776214444000
1776214445.79,245.79,0.97,410.37,0.96,579.29,0.98,169.49,0.99,2766.48,0.02,272.34,0.01,2776.48,0.03,390.37,0.04,589.29,0.01,0.01,2333.023385,1776214444000
1776214446.073,246.073,0.97,410.37,0.96,579.29,0.98,158.33,0.99,2766.48,0.02,159.36,0.01,2766.48,0.03,415.37,0.04,579.29,0.01,0.01,2333.023385,1776214444000
1776214446.309,246.309,0.97,420.37,0.96,579.29,0.98,145.1,0.99,2766.48,0.02,150.1,0.01,2766.48,0.03,420.37,0.04,579.29,0.01,0.01,2333.023385,1776214444000
1776214446.726,246.726,0.97,587.26,0.96,412.79,0.98,108.29,0.99,2766.48,0.02,109.32,0.01,2766.48,0.03,420.37,0.04,579.29,0.01,0.01,2332.990638,1776214445000
1776214447.658,247.658,0.97,587.26,0.96,412.79,0.98,105.2,0.99,2766.48,0.02,105.2,0.01,2766.48,0.03,587.26,0.04,412.79,0.01,0.01,2332.985832,1776214446000
1776214448.235,248.235,0.97,587.26,0.96,412.79,0.98,105.2,0.99,2766.48,0.02,105.2,0.01,2766.48,0.03,587.26,0.04,412.79,0.01,0.01,2332.986312,1776214447000
1776214448.583,248.583,0.97,672.26,0.96,222.79,0.98,104.17,0.99,1594.88,0.02,105.2,0.01,2766.48,0.03,587.26,0.04,412.79,0.01,0.01,2332.986312,1776214447000
1776214448.808,248.808,0.98,677.17,0.97,612.06,0.99,1598.86,,,0.01,1594.88,,,0.02,438.17,0.03,667.26,0.01,0.01,2332.986312,1776214447000
1776214449.075,249.075,0.98,677.17,0.97,616.06,0.99,1567.51,,,0.01,1590.8,,,0.02,677.17,0.03,612.06,0.01,0.01,2332.986312,1776214447000
1776214449.335,249.335,0.98,865.87,0.97,616.06,0.99,1419.88,,,0.01,1567.51,,,0.02,677.17,0.03,616.06,0.01,0.01,2332.986312,1776214447000
1776214449.567,249.567,0.98,865.87,0.97,616.06,0.99,1424.81,,,0.01,1417.86,,,0.02,865.87,0.03,616.06,0.01,0.01,2332.986312,1776214447000
1776214450.25,250.25,0.98,865.87,0.97,616.06,0.99,1424.81,,,0.01,1424.81,,,0.02,865.87,0.03,616.06,0.01,0.01,2333.007749,1776214449000
1776214451.391,251.391,0.98,931.32,0.97,611.06,0.99,1430.5,,,0.01,1424.81,,,0.02,865.87,0.03,616.06,0.01,0.01,2333.007749,1776214449000
1776214451.607,251.607,0.99,1099.5,0.98,926.32,,,,,,,,,0.01,1099.5,0.02,926.32,,,2333.12419,1776214450000
1776214451.85,251.85,0.99,1269.23,0.98,931.32,,,,,,,,,0.01,1099.5,0.02,926.32,,,2333.12419,1776214450000
1776214452.072,252.072,0.99,1264.86,0.98,931.32,,,,,,,,,0.01,1265.89,0.02,931.32,,,2333.12419,1776214450000
1776214452.41,252.41,0.99,1159.86,0.98,829.32,,,,,,,,,0.01,1159.86,0.02,829.32,,,2333.096775,1776214451000
1776214453.126,253.126,0.99,1159.86,0.98,829.32,,,,,,,,,0.01,1159.86,0.02,829.32,,,2333.098372,1776214452000
1776214454.436,254.436,0.99,1163.75,0.98,846.32,,,,,,,,,0.01,1163.75,0.02,846.32,,,2333.098159,1776214453000
1776214455.181,255.181,0.99,1163.75,0.98,846.32,,,,,,,,,0.01,1163.75,0.02,846.32,,,2333.165466,1776214454000
1776214456.567,256.567,0.99,1182.94,0.98,786.32,,,,,,,,,0.01,1182.94,0.02,786.32,,,2333.097029,1776214455000
1776214457.736,257.736,0.99,1182.94,0.98,786.32,,,,,,,,,0.01,1182.94,0.02,786.32,,,2333.138363,1776214456000
1776214458.343,258.343,0.99,1182.94,0.98,786.32,,,,,,,,,0.01,1182.94,0.02,786.32,,,2333.139575,1776214457000
1776214459.457,259.457,0.99,1182.94,0.98,786.32,,,,,,,,,0.01,1182.94,0.02,786.32,,,2333.171817,1776214458000
1776214460.09,260.09,0.99,1182.94,0.98,786.32,,,,,,,,,0.01,1182.94,0.02,786.32,,,2333.172787,1776214459000
1776214461.3,261.3,0.99,1182.94,0.98,786.32,,,,,,,,,0.01,1182.94,0.02,786.32,,,2333.14705,1776214460000
1776214461.867,261.867,0.99,1182.94,0.98,786.32,,,,,,,,,0.01,1182.94,0.02,786.32,,,2333.148248,1776214461000
1776214462.974,262.974,0.99,1182.94,0.98,786.32,,,,,,,,,0.01,1182.94,0.02,786.32,,,2333.422331,1776214462000
1776214464.216,264.216,0.99,1182.94,0.98,786.32,,,,,,,,,0.01,1182.94,0.02,786.32,,,2333.420596,1776214463000
1776214465.641,265.641,0.99,1182.94,0.98,786.32,,,,,,,,,0.01,1182.94,0.02,786.32,,,2333.365234,1776214464000
1776214466.245,266.245,0.99,1182.94,0.98,786.32,,,,,,,,,0.01,1182.94,0.02,786.32,,,2333.337078,1776214465000
1776214467.311,267.311,0.99,1682.31,0.98,757.98,,,,,,,,,0.01,1682.31,0.02,757.98,,,2333.339177,1776214466000
1776214467.786,267.786,0.99,1580.59,0.98,813.31,,,,,,,,,0.01,1682.31,0.02,757.98,,,2333.339177,1776214466000
1776214468.034,268.034,0.99,499.29,0.98,834.29,,,,,,,,,0.01,1580.59,0.02,813.31,,,2333.336777,1776214467000
1776214468.597,268.597,0.99,470.29,0.98,723.32,,,,,,,,,0.01,490.29,0.02,834.29,,,2333.336777,1776214467000
1776214469.178,269.178,0.99,339.29,0.98,692.32,,,,,,,,,0.01,339.29,0.02,692.32,,,2333.3079,1776214468000
1776214469.443,269.443,0.99,319.29,0.98,698.32,,,,,,,,,0.01,339.29,0.02,692.32,,,2333.3079,1776214468000
1776214470.369,270.369,0.99,319.29,0.98,698.32,,,,,,,,,0.01,319.29,0.02,698.32,,,2332.665829,1776214469000
1776214470.87,270.87,0.99,319.29,0.98,698.32,,,,,,,,,0.01,319.29,0.02,698.32,,,2332.367005,1776214470000
1776214472.088,272.088,0.99,319.29,0.98,698.32,,,,,,,,,0.01,319.29,0.02,698.32,,,2332.28455,1776214471000
1776214473.727,273.727,0.99,369.03,0.98,752.32,,,,,,,,,0.01,369.03,0.02,752.32,,,2332.256456,1776214472000
1776214474.218,274.218,0.99,369.03,0.98,752.32,,,,,,,,,0.01,369.03,0.02,752.32,,,2332.362099,1776214473000
1776214475.17,275.17,0.99,369.03,0.98,752.32,,,,,,,,,0.01,369.03,0.02,752.32,,,2332.390512,1776214474000
1776214476.11,276.11,0.99,369.03,0.98,752.32,,,,,,,,,0.01,369.03,0.02,752.32,,,2332.428645,1776214475000
1776214477.213,277.213,0.99,145.99,0.98,142.26,,,,,,,,,0.01,145.99,0.02,142.26,,,2332.408607,1776214476000
1776214478.233,278.233,0.99,145.99,0.98,142.26,,,,,,,,,0.01,145.99,0.02,142.26,,,2332.413382,1776214477000
1776214479.043,279.043,0.99,233.45,0.98,142.26,,,,,,,,,0.01,145.99,0.02,142.26,,,2332.413382,1776214477000
1776214480.217,280.217,0.99,233.45,0.98,142.26,,,,,,,,,0.01,233.45,0.02,142.26,,,2332.420416,1776214479000
1776214480.538,280.538,0.99,278.04,0.98,112.26,,,,,,,,,0.01,233.45,0.02,142.26,,,2332.420416,1776214479000
1776214481.277,281.277,0.99,278.04,0.98,112.26,,,,,,,,,0.01,278.04,0.02,112.26,,,2332.438251,1776214480000
1776214482.114,282.114,0.99,278.04,0.98,112.26,,,,,,,,,0.01,278.04,0.02,112.26,,,2332.435354,1776214481000
1776214483.36,283.36,0.99,278.04,0.98,112.26,,,,,,,,,0.01,278.04,0.02,112.26,,,2332.55205,1776214482000
1776214484.056,284.056,0.99,278.04,0.98,112.26,,,,,,,,,0.01,278.04,0.02,112.26,,,2332.517642,1776214483000
1776214485.047,285.047,0.99,278.04,0.98,112.26,,,,,,,,,0.01,278.04,0.02,112.26,,,2332.325864,1776214484000
1776214486.51,286.51,0.99,278.04,0.98,112.26,,,,,,,,,0.01,278.04,0.02,112.26,,,2332.311573,1776214485000
1776214486.712,286.712,0.99,96.14,0.98,75.26,,,,,,,,,0.01,116.14,0.02,75.26,,,2332.311573,1776214485000
1776214487.193,287.193,0.99,76.14,0.98,75.26,,,,,,,,,0.01,76.14,0.02,75.26,,,2332.230986,1776214486000
1776214487.679,287.679,0.99,61.19,0.98,30.26,,,,,,,,,0.01,76.14,0.02,75.26,,,2332.230986,1776214486000
1776214488.132,288.132,0.99,61.19,0.98,30.26,,,,,,,,,0.01,61.19,0.02,30.26,,,2331.97288,1776214487000
1776214489.133,289.133,0.99,61.19,0.98,30.26,,,,,,,,,0.01,61.19,0.02,30.26,,,2331.851087,1776214488000
1776214490.114,290.114,0.99,61.19,0.98,30.26,,,,,,,,,0.01,61.19,0.02,30.26,,,2331.530199,1776214489000
1776214491.065,291.065,0.99,61.19,0.98,30.26,,,,,,,,,0.01,61.19,0.02,30.26,,,2331.351973,1776214490000
1776214492.147,292.147,0.99,61.19,0.98,30.26,,,,,,,,,0.01,61.19,0.02,30.26,,,2331.359268,1776214491000
1776214493.121,293.121,0.99,61.19,0.98,30.26,,,,,,,,,0.01,61.19,0.02,30.26,,,2331.531464,1776214492000
1776214494.072,294.072,0.99,61.19,0.98,30.26,,,,,,,,,0.01,61.19,0.02,30.26,,,2331.733439,1776214493000
1776214495.111,295.111,0.99,61.19,0.98,30.26,,,,,,,,,0.01,61.19,0.02,30.26,,,2331.787576,1776214494000
1776214496.2,296.2,0.99,61.19,0.98,30.26,,,,,,,,,0.01,61.19,0.02,30.26,,,2331.778226,1776214495000
1776214497.162,297.162,0.99,61.19,0.98,30.26,,,,,,,,,0.01,61.19,0.02,30.26,,,2331.805508,1776214496000
1776214498.266,298.266,0.99,61.19,0.98,30.26,,,,,,,,,0.01,61.19,0.02,30.26,,,2331.375914,1776214497000
1776214499.689,299.689,0.99,61.19,0.98,30.26,,,,,,,,,0.01,61.19,0.02,30.26,,,2331.199159,1776214498000
1776214500.287,300.287,0.99,61.19,0.98,30.26,,,,,,,,,0.01,61.19,0.02,30.26,,,2331.196574,1776214499000

# RESULT,winner=Up,slug=eth-updown-5m-1776214200,ticks=467
