timestamp,elapsed_sec,up_bid_p1,up_bid_s1,up_bid_p2,up_bid_s2,up_ask_p1,up_ask_s1,up_ask_p2,up_ask_s2,down_bid_p1,down_bid_s1,down_bid_p2,down_bid_s2,down_ask_p1,down_ask_s1,down_ask_p2,down_ask_s2,up_spread,down_spread,eth_price,eth_oracle_ts
1776347700.705,0.705,0.53,11.36,0.52,191.5,0.54,29.46,0.55,105.0,0.45,78.88,0.44,70.0,0.47,1.82,0.48,159.83,0.01,0.02,2299.766087,1776347699000
1776347700.945,0.945,0.51,78.95,0.5,125.45,0.53,5.0,0.54,140.0,0.46,70.0,0.45,8.88,0.49,99.36,0.5,125.45,0.02,0.03,2299.766087,1776347699000
1776347701.47,1.47,0.5,88.4,0.49,5.0,0.51,131.07,0.52,130.0,0.49,6.07,0.48,30.0,0.5,108.4,0.51,5.0,0.01,0.01,2300.064769,1776347700000
1776347701.854,1.854,0.5,88.4,0.49,5.0,0.51,125.0,0.52,125.0,0.49,125.07,0.48,134.0,0.5,88.4,0.51,5.0,0.01,0.01,2300.064769,1776347700000
1776347702.064,2.064,0.5,60.9,0.49,5.0,0.51,130.0,0.52,125.0,0.49,130.0,0.48,125.0,0.5,80.9,0.51,5.0,0.01,0.01,2299.660482,1776347701000
1776347702.289,2.289,0.5,51.29,0.49,5.0,0.51,130.0,0.52,135.0,0.49,130.0,0.48,125.0,0.5,60.9,0.51,5.0,0.01,0.01,2299.660482,1776347701000
1776347702.559,2.559,0.5,12.61,0.49,5.0,0.51,136.0,0.52,135.0,0.49,136.0,0.48,135.0,0.5,22.61,0.51,5.0,0.01,0.01,2299.660482,1776347701000
1776347702.812,2.812,0.45,93.57,0.44,100.0,0.49,23.88,0.5,140.0,0.51,5.0,0.5,145.0,0.55,93.57,0.56,100.0,0.04,0.04,2299.660482,1776347701000
1776347703.047,3.047,0.45,93.57,0.44,100.0,0.47,2.43,0.49,93.88,0.51,23.88,0.5,140.0,0.55,93.57,0.56,100.0,0.02,0.04,2299.07816,1776347702000
1776347703.289,3.289,0.45,84.8,0.44,100.0,0.46,20.21,0.47,15.43,0.54,10.0,0.53,7.43,0.55,84.8,0.56,100.0,0.01,0.01,2299.07816,1776347702000
1776347703.929,3.929,0.42,41.59,0.41,25.0,0.46,45.65,0.47,12.43,0.54,45.65,0.53,12.43,0.58,41.59,0.59,25.0,0.04,0.04,2299.188333,1776347703000
1776347704.17,4.17,0.42,41.59,0.41,25.0,0.43,9.0,0.44,27.0,0.54,45.65,0.53,12.43,0.58,41.59,0.59,25.0,0.01,0.04,2299.188333,1776347703000
1776347704.393,4.393,0.42,23.26,0.41,25.0,0.43,15.0,0.44,27.0,0.57,10.0,0.56,27.0,0.58,33.26,0.59,25.0,0.01,0.01,2299.188333,1776347703000
1776347704.665,4.665,0.42,39.93,0.41,25.0,0.43,15.0,0.44,80.0,0.55,12.21,0.54,73.0,0.58,23.26,0.59,25.0,0.01,0.03,2299.188333,1776347703000
1776347704.887,4.887,0.4,15.24,0.39,95.0,0.42,10.0,0.43,10.0,0.58,10.0,0.57,10.0,0.6,15.24,0.61,95.0,0.02,0.02,2297.930299,1776347704000
1776347705.105,5.105,0.41,150.0,0.39,80.0,0.42,10.0,0.43,10.0,0.58,10.0,0.57,10.0,0.59,140.0,0.61,70.0,0.01,0.01,2297.930299,1776347704000
1776347705.338,5.338,0.44,204.35,0.43,5.0,0.45,7.67,0.46,15.0,0.55,20.12,0.54,10.0,0.57,5.0,0.58,105.0,0.01,0.02,2297.930299,1776347704000
1776347705.763,5.763,0.44,252.35,0.43,100.0,0.45,16.0,0.46,10.0,0.53,14.35,0.52,110.0,0.56,157.35,0.58,95.0,0.01,0.03,2297.930299,1776347704000
1776347706.0,6.0,0.44,237.35,0.43,100.0,0.45,16.0,0.46,10.0,0.55,16.0,0.54,10.0,0.56,237.35,0.57,100.0,0.01,0.01,2297.320398,1776347705000
1776347706.212,6.212,0.44,210.02,0.43,100.0,0.45,25.09,0.46,22.0,0.55,59.29,0.54,22.0,0.56,225.02,0.57,100.0,0.01,0.01,2297.320398,1776347705000
1776347706.447,6.447,0.44,195.02,0.43,100.0,0.45,130.09,0.46,80.0,0.55,146.09,0.54,80.0,0.56,200.02,0.57,100.0,0.01,0.01,2297.320398,1776347705000
1776347706.812,6.812,0.44,21.27,0.43,100.0,0.45,146.29,0.46,60.0,0.55,130.09,0.54,60.0,0.56,29.6,0.57,100.0,0.01,0.01,2297.320398,1776347705000
1776347707.086,7.086,0.35,32.0,0.33,70.0,0.39,45.0,0.4,15.0,0.6,15.0,0.59,10.0,0.64,7.93,0.65,8.0,0.04,0.04,2297.007871,1776347706000
1776347707.308,7.308,0.35,5.69,0.3,41.0,0.36,80.0,0.37,96.0,0.61,45.0,0.6,15.0,0.65,32.0,0.67,70.0,0.01,0.04,2297.007871,1776347706000
1776347707.527,7.527,0.27,39.62,0.26,92.0,0.29,10.0,0.3,10.0,0.69,5.0,0.67,10.0,0.72,11.8,0.73,25.0,0.02,0.03,2297.007871,1776347706000
1776347707.786,7.786,0.3,5.48,0.29,10.0,0.32,85.0,0.33,10.0,0.67,10.0,0.66,10.0,0.7,3.06,0.71,10.0,0.02,0.03,2297.007871,1776347706000
1776347708.069,8.069,0.31,39.26,0.3,10.0,0.32,59.85,0.33,10.0,0.68,65.0,0.66,10.0,0.69,78.26,0.7,10.0,0.01,0.01,2296.79882,1776347707000
1776347708.508,8.508,0.31,15.53,0.3,10.5,0.32,19.85,0.33,20.5,0.68,39.85,0.67,10.0,0.69,10.0,0.7,10.0,0.01,0.01,2296.79882,1776347707000
1776347708.713,8.713,0.3,10.5,0.29,45.86,0.32,20.98,0.33,20.5,0.68,15.98,0.67,20.5,0.71,25.36,0.72,36.4,0.02,0.03,2296.79882,1776347707000
1776347708.947,8.947,0.29,30.36,0.28,124.9,0.31,19.04,0.32,15.98,0.69,19.04,0.68,15.98,0.71,30.36,0.72,124.9,0.02,0.02,2295.554267,1776347708000
1776347709.51,9.51,0.34,28.04,0.33,15.0,0.36,60.08,0.37,10.0,0.69,2.58,0.68,5.98,0.7,30.0,0.71,35.36,0.02,0.01,2295.554267,1776347708000
1776347709.915,9.915,0.37,114.0,0.36,95.97,0.38,15.5,0.39,97.68,0.61,102.78,0.6,115.0,0.63,125.0,0.64,17.84,0.01,0.02,2295.554267,1776347708000
1776347710.405,10.405,0.31,251.66,0.3,10.0,0.34,10.0,0.36,10.0,0.62,15.5,0.61,97.68,0.67,6.32,0.68,156.0,0.03,0.05,2294.25195,1776347709000
1776347710.69,10.69,0.32,190.84,0.31,136.66,0.33,10.0,0.34,10.0,0.67,10.0,0.66,17.57,0.69,141.66,0.7,80.0,0.01,0.02,2294.25195,1776347709000
1776347711.011,11.011,0.32,14.6,0.31,5.0,0.33,29.2,0.34,10.0,0.67,10.0,0.66,10.0,0.68,176.13,0.69,136.66,0.01,0.01,2294.25195,1776347709000
1776347711.44,11.44,0.32,3.92,0.31,15.0,0.33,10.0,0.34,10.0,0.67,29.2,0.66,10.0,0.68,14.6,0.69,5.0,0.01,0.01,2294.455169,1776347710000
1776347711.671,11.671,0.31,8.92,0.3,80.0,0.34,10.0,0.35,10.0,0.66,10.0,0.65,10.0,0.68,9.9,0.69,8.92,0.03,0.02,2294.455169,1776347710000
1776347711.91,11.91,0.31,5.0,0.3,75.0,0.34,11.0,0.35,10.0,0.64,85.0,0.63,10.0,0.74,67.0,0.75,80.0,0.03,0.1,2294.455169,1776347710000
1776347712.449,12.449,0.26,7.0,0.25,70.0,0.31,5.0,0.32,10.0,0.66,11.0,0.65,10.0,0.69,5.0,0.7,75.0,0.05,0.03,2294.663004,1776347711000
1776347713.014,13.014,0.29,7.41,0.28,125.5,0.3,10.0,0.31,10.0,0.72,29.2,0.71,10.0,0.73,40.0,0.74,12.0,0.01,0.01,2294.663004,1776347711000
1776347713.413,13.413,0.3,1.57,0.28,15.0,0.31,2.35,0.32,2.25,0.69,482.35,0.68,2.25,0.71,10.0,0.72,125.5,0.01,0.02,2294.663004,1776347711000
1776347713.782,13.782,0.28,6.57,0.27,156.23,0.3,5.3,0.31,2.35,0.69,2.35,0.68,2.25,0.72,6.57,0.73,65.5,0.02,0.03,2294.344928,1776347712000
1776347714.093,14.093,0.28,23.47,0.27,145.73,0.29,29.2,0.3,15.0,0.7,10.0,0.69,7.35,0.71,5.0,0.72,26.57,0.01,0.01,2294.344928,1776347712000
1776347714.468,14.468,0.29,110.0,0.28,15.0,0.3,6.33,0.31,10.0,0.7,1.33,0.69,490.0,0.72,15.0,0.73,145.73,0.01,0.02,2293.820502,1776347713000
1776347714.696,14.696,0.3,106.52,0.29,117.0,0.32,460.0,0.33,5.0,0.68,470.0,0.67,5.0,0.7,36.52,0.71,117.0,0.02,0.02,2293.820502,1776347713000
1776347714.901,14.901,0.31,57.89,0.3,106.52,0.32,429.23,0.33,5.0,0.68,429.23,0.67,5.0,0.69,65.0,0.7,106.52,0.01,0.01,2293.820502,1776347713000
1776347715.262,15.262,0.31,15.0,0.3,176.52,0.32,397.63,0.34,10.0,0.68,401.07,0.62,10.0,0.69,57.89,0.7,106.52,0.01,0.01,2293.820502,1776347713000
1776347715.572,15.572,0.3,236.52,0.29,122.5,0.32,390.09,0.33,10.0,0.68,382.06,0.65,10.0,0.7,176.52,0.71,132.5,0.02,0.02,2293.820502,1776347713000
1776347715.836,15.836,0.3,217.96,0.29,47.0,0.31,447.58,0.32,25.0,0.69,447.58,0.68,10.0,0.7,225.0,0.71,47.0,0.01,0.01,2293.937149,1776347714000
1776347716.075,16.075,0.3,212.96,0.29,53.0,0.31,428.38,0.32,31.0,0.69,452.58,0.68,25.0,0.7,212.96,0.71,47.0,0.01,0.01,2293.937149,1776347714000
1776347716.51,16.51,0.3,100.0,0.29,10.0,0.31,422.38,0.32,6.0,0.69,433.38,0.68,21.0,0.73,116.23,0.74,77.5,0.01,0.04,2294.212471,1776347715000
1776347716.778,16.778,0.3,101.42,0.29,10.0,0.31,512.31,0.32,39.0,0.69,422.38,0.68,6.0,0.7,71.42,0.71,10.0,0.01,0.01,2294.212471,1776347715000
1776347717.307,17.307,0.3,130.42,0.29,10.0,0.31,477.31,0.32,37.93,0.69,412.31,0.68,39.0,0.7,102.13,0.71,10.0,0.01,0.01,2294.212471,1776347715000
1776347717.514,17.514,0.3,111.42,0.29,10.0,0.31,77.53,0.32,37.93,0.69,390.31,0.68,37.93,0.7,111.42,0.71,10.0,0.01,0.01,2295.10319,1776347716000
1776347717.863,17.863,0.3,111.42,0.29,25.5,0.31,550.44,0.32,26.0,0.69,77.53,0.68,37.93,0.7,111.42,0.71,10.0,0.01,0.01,2295.10319,1776347716000
1776347718.102,18.102,0.3,45.42,0.29,25.5,0.31,511.24,0.32,26.0,0.69,536.24,0.68,32.0,0.7,100.42,0.71,25.5,0.01,0.01,2294.559812,1776347717000
1776347718.356,18.356,0.3,123.92,0.29,34.5,0.31,501.24,0.32,10.0,0.69,511.24,0.68,26.0,0.7,45.42,0.71,25.5,0.01,0.01,2294.559812,1776347717000
1776347718.843,18.843,0.3,60.92,0.29,125.56,0.31,485.24,0.32,5.0,0.69,495.24,0.68,10.0,0.7,98.92,0.71,34.5,0.01,0.01,2294.559812,1776347717000
1776347719.202,19.202,0.3,48.92,0.29,589.56,0.31,39.0,0.32,5.0,0.69,485.24,0.68,5.0,0.7,60.92,0.71,125.56,0.01,0.01,2294.559812,1776347717000
1776347719.44,19.44,0.31,14.0,0.3,520.92,0.32,5.0,0.33,11.0,0.69,7.0,0.68,5.0,0.7,538.92,0.71,109.56,0.01,0.01,2294.740462,1776347718000
1776347719.716,19.716,0.31,139.6,0.3,20.92,0.33,5.0,0.36,6.0,0.68,21.0,0.67,11.0,0.69,13.92,0.7,515.92,0.02,0.01,2294.740462,1776347718000
1776347720.047,20.047,0.32,59.5,0.31,585.6,0.38,10.0,0.39,490.0,0.67,5.0,0.64,6.0,0.69,139.6,0.7,20.92,0.06,0.02,2294.740462,1776347718000
1776347720.454,20.454,0.37,6.0,0.36,10.0,0.38,6.0,0.4,615.0,0.63,33.0,0.61,10.0,0.64,1.3,0.65,20.5,0.01,0.01,2294.858267,1776347719000
1776347720.773,20.773,0.39,5.0,0.38,10.0,0.4,56.0,0.41,50.0,0.62,6.0,0.6,615.0,0.63,6.0,0.64,10.0,0.01,0.01,2294.858267,1776347719000
1776347721.049,21.049,0.39,77.29,0.38,10.0,0.4,40.0,0.41,6.0,0.6,56.0,0.58,50.0,0.61,77.29,0.62,10.0,0.01,0.01,2294.858267,1776347719000
1776347721.252,21.252,0.43,10.0,0.42,10.0,0.44,155.74,0.45,65.09,0.58,40.0,0.57,6.0,0.61,71.96,0.62,10.0,0.01,0.03,2295.356721,1776347720000
1776347721.535,21.535,0.43,39.0,0.42,10.0,0.44,108.77,0.45,65.09,0.56,119.63,0.55,65.09,0.57,15.0,0.58,10.0,0.01,0.01,2295.356721,1776347720000
1776347721.781,21.781,0.43,45.62,0.42,10.0,0.44,74.83,0.45,65.09,0.56,91.83,0.55,65.09,0.57,30.0,0.58,10.0,0.01,0.01,2295.356721,1776347720000
1776347722.045,22.045,0.43,25.62,0.42,20.5,0.44,18.52,0.45,71.09,0.56,74.83,0.55,65.09,0.57,45.62,0.58,10.0,0.01,0.01,2295.356721,1776347720000
1776347722.388,22.388,0.43,45.71,0.42,20.5,0.44,34.52,0.45,71.09,0.56,18.52,0.55,71.09,0.57,17.43,0.58,20.5,0.01,0.01,2295.746697,1776347721000
1776347722.846,22.846,0.43,59.02,0.42,48.28,0.44,14.36,0.45,71.09,0.56,34.52,0.55,71.09,0.57,40.71,0.58,20.5,0.01,0.01,2295.746697,1776347721000
1776347723.126,23.126,0.43,586.07,0.42,35.28,0.44,14.36,0.45,65.09,0.56,14.36,0.55,71.09,0.57,59.02,0.58,48.28,0.01,0.01,2295.746697,1776347721000
1776347723.376,23.376,0.43,42.29,0.42,35.28,0.45,59.5,0.46,6.0,0.56,0.72,0.55,65.09,0.57,522.29,0.58,35.28,0.02,0.01,2295.746697,1776347721000
1776347723.585,23.585,0.43,28.29,0.42,14.78,0.45,652.83,0.46,60.0,0.55,59.5,0.54,6.0,0.57,42.29,0.58,35.28,0.02,0.02,2297.665323,1776347722000
1776347723.822,23.822,0.43,20.0,0.42,13.0,0.44,620.99,0.45,134.83,0.56,524.2,0.55,140.9,0.58,13.0,0.59,19.78,0.01,0.02,2297.665323,1776347722000
1776347724.164,24.164,0.37,21.09,0.36,10.0,0.39,8.46,0.4,623.0,0.59,10.0,0.58,15.0,0.61,10.38,0.62,10.0,0.02,0.02,2297.833181,1776347723000
1776347724.442,24.442,0.36,4.78,0.35,10.0,0.38,622.2,0.39,8.46,0.62,496.0,0.61,125.46,0.64,4.78,0.65,10.0,0.02,0.02,2297.833181,1776347723000
1776347724.766,24.766,0.34,10.81,0.33,10.0,0.37,607.0,0.38,16.0,0.63,32.0,0.62,127.0,0.64,4.84,0.65,15.0,0.03,0.01,2297.833181,1776347723000
1776347725.185,25.185,0.31,20.0,0.3,10.42,0.33,11.0,0.34,24.0,0.63,607.0,0.62,16.0,0.66,10.81,0.67,10.0,0.02,0.03,2297.833181,1776347723000
1776347725.406,25.406,0.27,39.85,0.26,604.0,0.3,7.14,0.32,15.0,0.7,7.14,0.68,31.0,0.73,39.95,0.74,604.0,0.03,0.03,2297.857497,1776347724000
1776347725.72,25.72,0.28,8.11,0.27,72.85,0.32,15.0,0.33,10.0,0.7,7.14,0.68,15.0,0.73,39.85,0.74,604.0,0.04,0.03,2297.857497,1776347724000
1776347726.255,26.255,0.3,66.63,0.29,39.56,0.31,6.45,0.32,10.0,0.69,29.2,0.68,10.0,0.7,19.85,0.73,39.85,0.01,0.01,2297.857497,1776347724000
1776347726.662,26.662,0.32,10.0,0.31,227.93,0.34,19.76,0.35,24.0,0.69,6.45,0.68,10.0,0.7,66.63,0.71,39.56,0.02,0.01,2296.262409,1776347725000
1776347726.91,26.91,0.33,10.0,0.32,0.94,0.35,13.76,0.36,24.0,0.65,23.76,0.64,24.0,0.67,10.0,0.68,0.94,0.02,0.02,2296.262409,1776347725000
1776347727.16,27.16,0.34,160.01,0.33,10.0,0.35,16.0,0.36,25.11,0.64,25.11,0.63,127.0,0.66,160.01,0.67,10.0,0.01,0.02,2296.262409,1776347725000
1776347727.57,27.57,0.35,242.46,0.34,10.0,0.38,667.0,0.39,74.46,0.65,16.0,0.64,25.11,0.66,160.01,0.67,10.0,0.03,0.01,2295.638933,1776347726000
1776347728.03,28.03,0.35,360.95,0.34,500.5,0.38,141.81,0.39,548.46,0.62,667.0,0.61,74.46,0.65,242.46,0.66,10.0,0.03,0.03,2295.638933,1776347726000
1776347728.423,28.423,0.38,125.0,0.37,707.0,0.4,7.81,0.42,12.0,0.61,13.0,0.6,23.0,0.63,132.0,0.64,10.0,0.02,0.02,2295.638933,1776347726000
1776347728.815,28.815,0.43,120.8,0.42,127.0,0.45,30.83,0.46,127.0,0.56,71.07,0.55,50.83,0.57,15.0,0.58,10.0,0.02,0.01,2295.185662,1776347727000
1776347729.219,29.219,0.44,131.67,0.43,10.0,0.46,113.0,0.47,630.0,0.55,27.49,0.54,132.0,0.56,2.67,0.57,120.8,0.02,0.01,2295.185662,1776347727000
1776347729.423,29.423,0.45,95.0,0.44,250.17,0.46,6.0,0.47,50.0,0.54,113.0,0.53,630.0,0.56,131.67,0.57,10.0,0.01,0.02,2296.11886,1776347728000
1776347729.711,29.711,0.46,10.0,0.45,712.5,0.48,174.0,0.49,757.0,0.53,34.49,0.52,291.0,0.54,10.0,0.55,232.5,0.02,0.01,2296.11886,1776347728000
1776347730.252,30.252,0.47,617.5,0.46,27.5,0.49,5.0,0.5,187.0,0.52,4.0,0.51,166.0,0.53,26.0,0.54,617.5,0.02,0.01,2296.11886,1776347728000
1776347730.746,30.746,0.47,135.5,0.46,500.5,0.48,11.0,0.49,117.0,0.51,117.0,0.5,180.0,0.52,8.07,0.53,135.5,0.01,0.01,2296.228594,1776347729000
1776347730.99,30.99,0.47,640.5,0.46,20.5,0.48,1.2,0.49,112.0,0.52,11.0,0.51,117.0,0.53,135.5,0.54,500.5,0.01,0.01,2296.228594,1776347729000
1776347731.3,31.3,0.49,10.0,0.48,10.0,0.5,106.48,0.51,180.0,0.52,1.2,0.51,112.0,0.53,640.5,0.54,20.5,0.01,0.01,2297.926288,1776347730000
1776347731.553,31.553,0.49,546.5,0.48,20.5,0.5,39.48,0.51,177.0,0.5,91.48,0.49,187.0,0.51,25.5,0.52,252.5,0.01,0.01,2297.926288,1776347730000
1776347732.119,32.119,0.5,609.5,0.49,137.5,0.51,174.8,0.52,207.83,0.49,180.01,0.48,207.83,0.51,661.64,0.52,26.5,0.01,0.02,2297.926288,1776347730000
1776347732.322,32.322,0.5,620.96,0.49,137.5,0.51,174.8,0.52,324.83,0.49,164.8,0.48,207.83,0.5,604.4,0.51,137.5,0.01,0.01,2297.926288,1776347730000
1776347732.776,32.776,0.5,123.5,0.49,115.5,0.51,61.11,0.52,601.83,0.49,11.11,0.48,217.83,0.5,144.5,0.51,25.5,0.01,0.01,2298.667223,1776347731000
1776347733.324,33.324,0.5,136.76,0.49,110.5,0.51,208.11,0.52,121.83,0.49,61.11,0.48,601.83,0.5,123.5,0.51,115.5,0.01,0.01,2299.113344,1776347732000
1776347733.834,33.834,0.5,627.15,0.49,186.5,0.51,27.0,0.52,167.58,0.49,208.11,0.48,121.83,0.5,136.76,0.51,110.5,0.01,0.01,2299.113344,1776347732000
1776347734.365,34.365,0.51,733.79,0.5,101.0,0.52,206.68,0.53,131.92,0.48,167.58,0.47,235.0,0.5,719.95,0.51,186.5,0.01,0.02,2299.113344,1776347732000
1776347734.572,34.572,0.51,850.29,0.5,71.5,0.53,35.0,0.54,105.87,0.48,206.68,0.47,131.92,0.49,733.79,0.5,101.0,0.02,0.01,2299.113344,1776347732000
1776347734.774,34.774,0.52,787.59,0.51,31.71,0.53,45.16,0.54,102.0,0.47,30.8,0.46,102.0,0.48,785.0,0.49,36.71,0.01,0.01,2299.291266,1776347733000
1776347735.014,35.014,0.53,786.7,0.52,133.5,0.54,93.14,0.55,32.0,0.46,102.0,0.45,36.12,0.48,816.79,0.49,31.71,0.01,0.02,2299.291266,1776347733000
1776347735.221,35.221,0.53,620.5,0.52,25.5,0.54,106.01,0.55,157.0,0.46,93.14,0.45,32.0,0.47,786.7,0.48,133.5,0.01,0.01,2299.291266,1776347733000
1776347735.588,35.588,0.53,645.24,0.52,88.5,0.54,116.01,0.55,97.49,0.46,213.69,0.45,47.24,0.47,595.5,0.48,142.5,0.01,0.01,2299.220306,1776347734000
1776347735.87,35.87,0.53,843.54,0.52,31.5,0.54,27.14,0.55,97.49,0.46,116.01,0.45,97.49,0.47,642.04,0.48,210.5,0.01,0.01,2299.220306,1776347734000
1776347736.163,36.163,0.54,953.92,0.53,268.54,0.56,5.49,0.57,32.0,0.45,100.97,0.44,48.86,0.46,15.0,0.47,838.54,0.02,0.01,2299.56157,1776347735000
1776347736.426,36.426,0.56,148.5,0.55,659.02,0.58,127.0,0.59,382.0,0.42,127.0,0.41,382.0,0.44,153.5,0.45,659.02,0.02,0.02,2299.56157,1776347735000
1776347736.765,36.765,0.55,515.02,0.54,20.5,0.56,14.0,0.58,632.98,0.42,251.75,0.41,275.0,0.43,30.5,0.44,505.5,0.01,0.01,2299.56157,1776347735000
1776347737.064,37.064,0.55,661.79,0.54,25.5,0.56,71.06,0.57,105.0,0.44,64.48,0.43,238.63,0.45,511.79,0.46,135.5,0.01,0.01,2299.56157,1776347735000
1776347737.631,37.631,0.55,781.99,0.54,99.5,0.57,6.0,0.58,184.52,0.44,71.06,0.43,105.0,0.45,661.79,0.46,25.5,0.02,0.01,2300.230097,1776347736000
1776347737.94,37.94,0.56,665.47,0.55,162.79,0.57,6.0,0.58,109.75,0.43,6.0,0.42,184.52,0.45,781.99,0.46,99.5,0.01,0.02,2300.230097,1776347736000
1776347738.2,38.2,0.56,817.5,0.55,41.92,0.57,6.67,0.58,115.75,0.43,11.67,0.42,115.75,0.44,770.7,0.45,94.5,0.01,0.01,2300.230097,1776347736000
1776347738.759,38.759,0.56,647.5,0.55,94.5,0.57,6.8,0.58,119.75,0.43,54.34,0.42,121.66,0.44,615.5,0.45,25.5,0.01,0.01,2300.572721,1776347737000
1776347739.019,39.019,0.56,759.13,0.55,95.5,0.57,0.8,0.58,109.75,0.43,0.8,0.42,109.75,0.44,751.5,0.45,95.5,0.01,0.01,2300.6648,1776347738000
1776347739.297,39.297,0.57,658.5,0.56,186.13,0.58,0.55,0.59,70.0,0.42,105.55,0.41,70.0,0.44,772.13,0.45,95.5,0.01,0.02,2300.6648,1776347738000
1776347739.649,39.649,0.58,802.1,0.57,72.5,0.59,56.47,0.6,123.12,0.41,70.0,0.4,155.0,0.42,669.1,0.43,189.5,0.01,0.01,2300.6648,1776347738000
1776347740.12,40.12,0.59,682.5,0.58,186.9,0.6,113.12,0.61,245.0,0.4,123.12,0.39,145.0,0.42,807.1,0.43,72.5,0.01,0.02,2300.6648,1776347738000
1776347740.442,40.442,0.59,629.5,0.58,29.5,0.6,89.78,0.61,372.5,0.4,94.78,0.39,362.0,0.41,682.5,0.42,186.9,0.01,0.01,2300.84845,1776347739000
1776347740.845,40.845,0.58,486.11,0.57,140.5,0.6,412.07,0.61,265.5,0.4,185.07,0.39,165.5,0.41,43.0,0.42,495.0,0.02,0.01,2300.84845,1776347739000
1776347741.154,41.154,0.58,501.11,0.57,252.5,0.59,9.28,0.6,297.07,0.4,412.07,0.39,265.5,0.42,486.11,0.43,140.5,0.01,0.02,2300.84845,1776347739000
1776347741.648,41.648,0.59,46.08,0.58,10.0,0.6,486.07,0.61,155.0,0.4,422.57,0.39,155.0,0.41,11.81,0.42,496.11,0.01,0.01,2301.0687,1776347740000
1776347742.26,42.26,0.59,36.22,0.58,10.0,0.6,391.35,0.61,165.5,0.4,417.07,0.39,155.0,0.41,36.22,0.42,10.0,0.01,0.01,2301.0687,1776347740000
1776347742.63,42.63,0.58,509.5,0.57,257.5,0.59,16.58,0.6,269.35,0.4,391.35,0.39,165.5,0.41,36.22,0.42,10.0,0.01,0.01,2301.0687,1776347740000
1776347742.84,42.84,0.58,10.0,0.57,617.5,0.59,80.94,0.6,344.35,0.41,75.94,0.4,459.35,0.42,10.0,0.43,500.5,0.01,0.01,2301.218766,1776347741000
1776347743.349,43.349,0.58,810.5,0.57,29.5,0.6,139.86,0.61,115.5,0.41,80.84,0.4,344.35,0.42,10.0,0.43,617.5,0.02,0.01,2301.139827,1776347742000
1776347744.103,44.103,0.59,790.5,0.58,107.5,0.6,132.36,0.61,95.0,0.4,252.36,0.39,232.5,0.41,503.0,0.42,180.5,0.01,0.01,2301.139827,1776347742000
1776347744.456,44.456,0.59,875.7,0.58,89.5,0.61,95.0,0.62,105.5,0.4,132.36,0.39,95.0,0.41,790.5,0.42,107.5,0.02,0.01,2301.112837,1776347743000
1776347744.701,44.701,0.6,844.82,0.59,129.5,0.61,46.94,0.62,70.0,0.39,46.94,0.38,70.0,0.4,880.5,0.41,152.5,0.01,0.01,2301.112837,1776347743000
1776347744.903,44.903,0.62,10.0,0.61,20.5,0.63,31.54,0.64,50.0,0.37,34.35,0.36,50.0,0.4,859.02,0.41,272.5,0.01,0.03,2301.112837,1776347743000
1776347745.104,45.104,0.62,797.0,0.61,30.5,0.65,50.0,0.66,282.0,0.37,16.54,0.36,50.0,0.38,60.0,0.39,622.5,0.03,0.01,2301.112837,1776347743000
1776347745.461,45.461,0.64,752.19,0.63,29.5,0.65,104.89,0.66,50.0,0.35,50.0,0.34,282.0,0.38,797.0,0.39,30.5,0.01,0.03,2301.112837,1776347743000
1776347745.702,45.702,0.64,499.19,0.63,36.09,0.65,64.89,0.66,150.0,0.35,104.89,0.34,50.0,0.36,752.19,0.37,29.5,0.01,0.01,2301.187825,1776347744000
1776347746.049,46.049,0.64,501.97,0.63,278.09,0.65,68.35,0.66,150.0,0.35,88.35,0.34,150.0,0.36,502.03,0.37,278.09,0.01,0.01,2301.187825,1776347744000
1776347746.489,46.489,0.64,489.31,0.63,258.59,0.65,135.94,0.66,267.0,0.35,49.35,0.34,150.0,0.36,638.21,0.37,46.09,0.01,0.01,2301.187825,1776347744000
1776347746.791,46.791,0.64,20.25,0.63,26.59,0.65,130.79,0.66,277.0,0.35,21.4,0.34,275.0,0.36,475.5,0.37,26.59,0.01,0.01,2301.557213,1776347745000
1776347747.092,47.092,0.64,489.92,0.63,258.59,0.65,33.19,0.66,265.0,0.35,130.79,0.34,277.0,0.36,20.25,0.37,26.59,0.01,0.01,2301.557213,1776347745000
1776347747.475,47.475,0.64,721.92,0.63,16.59,0.65,1.8,0.66,50.0,0.35,33.19,0.34,265.0,0.36,489.92,0.37,258.59,0.01,0.01,2302.338192,1776347746000
1776347747.845,47.845,0.65,720.4,0.64,68.92,0.66,65.89,0.67,70.0,0.34,65.89,0.33,120.0,0.35,129.0,0.36,614.92,0.01,0.01,2302.338192,1776347746000
1776347748.261,48.261,0.65,770.4,0.64,236.92,0.66,55.89,0.67,70.0,0.34,55.89,0.33,70.0,0.35,770.4,0.36,201.92,0.01,0.01,2302.338192,1776347746000
1776347748.543,48.543,0.66,7.0,0.65,630.32,0.67,84.0,0.68,295.41,0.33,70.0,0.32,155.41,0.35,633.4,0.36,103.92,0.01,0.02,2302.40778,1776347747000
1776347748.794,48.794,0.66,462.55,0.65,125.82,0.67,70.0,0.68,412.41,0.33,70.0,0.32,422.91,0.34,486.55,0.35,125.82,0.01,0.01,2302.40778,1776347747000
1776347749.202,49.202,0.66,722.16,0.65,139.82,0.67,95.41,0.68,55.41,0.33,97.0,0.32,412.41,0.34,470.96,0.35,125.82,0.01,0.01,2302.40778,1776347747000
1776347749.506,49.506,0.66,439.48,0.65,108.32,0.67,97.41,0.68,205.41,0.33,32.41,0.32,55.41,0.34,432.72,0.35,365.82,0.01,0.01,2302.466461,1776347748000
1776347749.794,49.794,0.66,644.0,0.65,233.82,0.67,44.0,0.68,55.41,0.33,97.41,0.32,205.41,0.34,439.48,0.35,108.32,0.01,0.01,2302.466461,1776347748000
1776347750.115,50.115,0.66,842.5,0.65,154.82,0.67,11.72,0.68,55.41,0.33,44.0,0.32,55.41,0.34,644.0,0.35,233.82,0.01,0.01,2302.466461,1776347748000
1776347750.435,50.435,0.66,525.0,0.65,271.82,0.68,55.41,0.69,212.5,0.33,11.72,0.32,55.41,0.34,842.5,0.35,154.82,0.02,0.01,2302.980426,1776347749000
1776347750.816,50.816,0.66,570.0,0.65,154.82,0.67,80.5,0.68,435.41,0.33,14.0,0.32,224.41,0.34,501.0,0.35,271.82,0.01,0.01,2302.980426,1776347749000
1776347751.09,51.09,0.66,14.0,0.65,624.32,0.67,357.03,0.68,211.91,0.33,80.5,0.32,435.41,0.34,570.0,0.35,154.82,0.01,0.01,2302.980426,1776347749000
1776347751.822,51.822,0.67,750.22,0.66,97.5,0.68,5.41,0.7,240.0,0.33,357.03,0.32,211.91,0.34,14.0,0.35,624.32,0.01,0.01,2302.964049,1776347750000
1776347752.023,52.023,0.68,20.0,0.67,110.0,0.69,78.91,0.7,135.5,0.31,24.41,0.3,357.0,0.33,740.22,0.34,312.5,0.01,0.02,2302.964049,1776347750000
1776347752.596,52.596,0.68,498.93,0.67,46.0,0.69,186.41,0.7,162.5,0.31,197.91,0.3,145.5,0.32,8.37,0.33,137.0,0.01,0.01,2303.037686,1776347751000
1776347753.035,53.035,0.68,23.12,0.67,528.5,0.69,325.79,0.7,45.5,0.31,153.29,0.3,162.5,0.32,493.93,0.33,56.5,0.01,0.01,2302.969442,1776347752000
1776347753.294,53.294,0.69,39.59,0.68,829.12,0.7,25.0,0.71,25.0,0.31,325.79,0.3,45.5,0.32,23.12,0.33,528.5,0.01,0.01,2302.969442,1776347752000
1776347753.523,53.523,0.72,15.0,0.71,56.2,0.73,195.64,0.74,77.5,0.27,227.64,0.26,77.5,0.28,20.0,0.29,6.2,0.01,0.01,2302.969442,1776347752000
1776347753.787,53.787,0.73,10.92,0.72,20.5,0.74,100.0,0.75,60.5,0.26,246.0,0.25,50.0,0.28,15.0,0.29,6.2,0.01,0.02,2302.969442,1776347752000
1776347754.294,54.294,0.73,10.92,0.72,137.5,0.75,50.0,0.76,247.2,0.26,100.0,0.25,50.0,0.27,11.0,0.28,157.0,0.02,0.01,2303.124069,1776347753000
1776347754.759,54.759,0.72,13.99,0.71,133.7,0.75,120.5,0.76,90.2,0.25,50.0,0.24,247.2,0.27,10.92,0.28,137.5,0.03,0.02,2303.124069,1776347753000
1776347755.065,55.065,0.7,47.47,0.69,105.59,0.75,255.73,0.76,90.2,0.25,174.73,0.24,90.2,0.26,9.42,0.27,5.0,0.05,0.01,2303.124069,1776347753000
1776347755.32,55.32,0.7,71.97,0.69,220.59,0.71,15.0,0.72,10.0,0.25,255.73,0.24,90.2,0.3,47.47,0.31,105.59,0.01,0.05,2303.124069,1776347753000
1776347756.43,56.43,0.74,21.0,0.73,16.0,0.75,9.0,0.76,119.7,0.27,130.35,0.26,137.5,0.29,5.0,0.3,753.97,0.01,0.02,2304.326906,1776347755000
1776347756.673,56.673,0.74,737.0,0.73,16.0,0.76,119.7,0.77,50.0,0.25,9.0,0.24,119.7,0.26,21.0,0.27,16.0,0.02,0.01,2304.326906,1776347755000
1776347757.298,57.298,0.74,835.85,0.73,35.5,0.75,75.0,0.76,119.7,0.25,30.0,0.24,119.7,0.26,765.2,0.27,16.0,0.01,0.01,2304.254395,1776347756000
1776347757.944,57.944,0.75,43.68,0.74,610.0,0.76,415.0,0.77,10.0,0.25,75.0,0.24,119.7,0.26,835.85,0.27,35.5,0.01,0.01,2304.254395,1776347756000
1776347758.263,58.263,0.75,28.2,0.74,124.0,0.76,525.0,0.77,490.0,0.24,1034.0,0.23,10.0,0.25,5.0,0.26,119.0,0.01,0.01,2304.485831,1776347757000
1776347758.556,58.556,0.74,766.0,0.73,10.0,0.76,78.0,0.77,352.54,0.25,5.0,0.24,365.5,0.26,500.0,0.27,242.0,0.02,0.01,2304.485831,1776347757000
1776347759.224,59.224,0.75,621.0,0.74,208.5,0.76,54.84,0.77,280.54,0.24,78.0,0.23,352.54,0.26,766.0,0.27,10.0,0.01,0.02,2305.024903,1776347758000
1776347759.699,59.699,0.75,811.2,0.74,65.0,0.76,49.84,0.77,5.0,0.24,54.84,0.23,155.04,0.25,634.38,0.26,208.5,0.01,0.01,2305.024903,1776347758000
1776347760.359,60.359,0.76,1094.5,0.75,196.34,0.77,8.0,0.78,26.0,0.24,49.84,0.23,5.0,0.25,811.2,0.26,65.0,0.01,0.01,2305.024903,1776347758000
1776347760.696,60.696,0.77,12.55,0.76,1111.5,0.83,49.79,0.84,75.0,0.21,3.41,0.17,58.0,0.24,1111.5,0.25,196.34,0.06,0.03,2304.578114,1776347759000
1776347760.98,60.98,0.77,42.05,0.76,386.5,0.82,9.0,0.83,49.79,0.18,35.0,0.17,49.79,0.23,23.05,0.24,1123.5,0.05,0.05,2304.578114,1776347759000
1776347761.276,61.276,0.8,6.0,0.78,17.97,0.85,61.07,0.86,124.0,0.18,9.0,0.17,49.79,0.23,42.05,0.24,386.5,0.05,0.05,2304.80371,1776347760000
1776347761.643,61.643,0.8,6.0,0.78,20.0,0.81,48.76,0.82,45.0,0.15,61.07,0.14,124.0,0.2,6.0,0.22,17.97,0.01,0.05,2304.80371,1776347760000
1776347761.844,61.844,0.8,6.0,0.78,8.84,0.81,141.52,0.82,157.74,0.19,141.52,0.18,147.24,0.2,6.0,0.22,18.84,0.01,0.01,2304.80371,1776347760000
1776347762.093,62.093,0.79,2.0,0.78,5.0,0.81,649.46,0.82,153.74,0.19,119.46,0.18,143.74,0.23,21.52,0.24,172.0,0.02,0.04,2304.80371,1776347760000
1776347762.298,62.298,0.79,17.0,0.78,5.0,0.81,709.46,0.82,133.74,0.19,587.34,0.18,133.74,0.21,7.0,0.22,15.0,0.02,0.02,2304.80371,1776347760000
1776347762.643,62.643,0.79,35.0,0.78,5.0,0.8,706.8,0.81,110.0,0.19,709.46,0.18,133.74,0.2,43.25,0.21,22.0,0.01,0.01,2306.064055,1776347761000
1776347762.857,62.857,0.79,7.0,0.78,5.0,0.8,795.73,0.81,115.0,0.2,706.8,0.19,110.0,0.21,35.0,0.22,5.0,0.01,0.01,2306.064055,1776347761000
1776347763.29,63.29,0.77,29.97,0.76,17.0,0.78,117.92,0.79,10.0,0.2,807.73,0.19,20.0,0.23,29.97,0.24,117.0,0.01,0.03,2306.064055,1776347761000
1776347763.507,63.507,0.77,13.97,0.76,10.0,0.78,38.46,0.79,10.0,0.22,138.46,0.21,10.0,0.23,13.97,0.24,10.0,0.01,0.01,2306.064055,1776347761000
1776347763.825,63.825,0.77,17.48,0.76,10.0,0.78,293.46,0.79,498.0,0.22,61.46,0.21,10.0,0.23,8.97,0.24,20.0,0.01,0.01,2306.064055,1776347761000
1776347764.06,64.06,0.76,10.0,0.75,15.0,0.77,4.0,0.78,643.46,0.22,643.46,0.21,135.0,0.24,10.0,0.25,15.0,0.01,0.02,2306.064055,1776347761000
1776347764.567,64.567,0.8,70.0,0.77,122.0,0.81,145.5,0.82,10.5,0.23,4.0,0.22,538.96,0.24,10.0,0.25,132.0,0.01,0.01,2306.064055,1776347761000
1776347764.873,64.873,0.8,10.0,0.79,135.0,0.81,110.0,0.82,102.51,0.19,210.0,0.18,92.51,0.2,10.0,0.21,135.0,0.01,0.01,2306.064055,1776347761000
1776347765.097,65.097,0.8,34.0,0.79,135.0,0.81,273.76,0.82,500.5,0.19,110.0,0.18,102.51,0.2,10.0,0.21,135.0,0.01,0.01,2306.064055,1776347761000
1776347765.396,65.396,0.8,183.5,0.79,133.0,0.81,5.0,0.82,115.0,0.19,273.76,0.18,500.5,0.2,34.0,0.21,135.0,0.01,0.01,2306.064055,1776347761000
1776347765.643,65.643,0.82,10.0,0.81,10.0,0.83,150.0,0.84,290.39,0.19,5.0,0.17,100.0,0.2,268.5,0.21,25.97,0.01,0.01,2304.875808,1776347764000
1776347765.967,65.967,0.82,10.0,0.81,10.0,0.83,30.5,0.84,760.39,0.17,150.0,0.16,290.39,0.18,10.0,0.19,10.0,0.01,0.01,2304.88471,1776347765000
1776347766.676,66.676,0.82,132.0,0.81,490.0,0.83,10.0,0.84,288.39,0.17,10.5,0.16,163.39,0.19,5.0,0.2,164.5,0.01,0.02,2304.88471,1776347765000
1776347767.04,67.04,0.81,127.0,0.8,642.5,0.83,193.0,0.84,60.0,0.17,5.0,0.16,175.0,0.18,126.44,0.19,490.0,0.02,0.01,2304.88471,1776347765000
1776347767.336,67.336,0.81,5.0,0.8,47.5,0.82,85.0,0.83,622.5,0.17,193.0,0.16,60.0,0.19,127.0,0.2,642.5,0.01,0.02,2306.001772,1776347766000
1776347767.591,67.591,0.81,5.0,0.8,37.5,0.82,222.42,0.83,622.5,0.18,75.0,0.17,627.5,0.19,5.0,0.2,47.5,0.01,0.01,2306.001772,1776347766000
1776347767.961,67.961,0.81,5.0,0.8,47.5,0.82,195.1,0.83,133.4,0.18,222.42,0.17,622.5,0.19,5.0,0.2,37.5,0.01,0.01,2306.001772,1776347766000
1776347768.315,68.315,0.81,5.0,0.8,37.5,0.82,44.0,0.83,140.4,0.18,80.0,0.17,133.4,0.19,5.0,0.2,47.5,0.01,0.01,2306.001772,1776347766000
1776347768.517,68.517,0.8,22.5,0.79,8.0,0.81,136.71,0.82,127.0,0.19,116.71,0.18,132.0,0.2,32.5,0.21,18.0,0.01,0.01,2306.428604,1776347767000
1776347769.084,69.084,0.8,32.5,0.79,18.0,0.82,0.93,0.83,32.56,0.19,156.71,0.18,127.0,0.2,22.5,0.21,8.0,0.02,0.01,2306.410089,1776347768000
1776347769.385,69.385,0.79,18.0,0.78,265.0,0.83,126.29,0.84,70.5,0.17,26.29,0.16,70.5,0.2,32.5,0.21,18.0,0.04,0.03,2306.410089,1776347768000
1776347770.167,70.167,0.82,139.0,0.81,124.73,0.84,605.0,0.85,88.2,0.18,10.0,0.17,36.29,0.19,9.73,0.2,10.0,0.02,0.01,2306.003169,1776347769000
1776347770.421,70.421,0.83,183.0,0.82,294.0,0.85,201.17,0.86,306.9,0.16,512.0,0.15,88.2,0.17,28.0,0.18,144.0,0.02,0.01,2306.003169,1776347769000
1776347770.777,70.777,0.84,9.0,0.83,330.0,0.85,687.8,0.86,189.9,0.15,183.04,0.14,189.9,0.16,10.0,0.17,300.0,0.01,0.01,2306.003169,1776347769000
1776347771.075,71.075,0.83,15.0,0.82,8.0,0.84,27.85,0.85,103.06,0.15,687.56,0.14,194.9,0.16,14.0,0.17,330.0,0.01,0.01,2306.003169,1776347769000
1776347771.684,71.684,0.81,64.44,0.8,177.0,0.82,127.78,0.83,151.0,0.16,723.4,0.15,200.06,0.17,15.0,0.18,8.0,0.01,0.01,2306.113908,1776347770000
1776347772.141,72.141,0.81,176.17,0.8,60.0,0.82,29.0,0.83,120.0,0.18,120.18,0.17,631.0,0.19,64.44,0.2,177.0,0.01,0.01,2306.113908,1776347770000
1776347773.06,73.06,0.81,64.17,0.8,192.5,0.82,723.18,0.83,277.5,0.18,29.14,0.17,117.0,0.19,191.17,0.2,175.0,0.01,0.01,2306.87363,1776347772000
1776347773.557,73.557,0.81,49.17,0.8,177.0,0.82,775.18,0.83,277.5,0.18,723.18,0.17,277.5,0.19,64.17,0.2,192.5,0.01,0.01,2306.87363,1776347772000
1776347774.161,74.161,0.81,41.17,0.79,8.0,0.82,897.5,0.83,277.5,0.18,775.18,0.17,277.5,0.19,49.17,0.2,177.0,0.01,0.01,2306.87363,1776347772000
1776347774.613,74.613,0.78,119.0,0.77,95.96,0.81,810.5,0.82,197.5,0.18,903.5,0.17,277.5,0.2,5.0,0.21,8.0,0.03,0.02,2306.114828,1776347773000
1776347774.992,74.992,0.78,119.0,0.77,95.96,0.79,2.4,0.8,28.5,0.19,810.5,0.18,197.5,0.22,119.0,0.23,95.96,0.01,0.03,2306.114828,1776347773000
1776347775.669,75.669,0.77,42.96,0.76,117.0,0.78,228.5,0.79,722.5,0.2,18.9,0.19,287.5,0.22,117.0,0.23,88.96,0.01,0.02,2306.114828,1776347773000
1776347776.091,76.091,0.76,154.04,0.75,185.5,0.78,535.0,0.79,120.5,0.22,684.5,0.21,125.5,0.24,107.0,0.25,60.0,0.02,0.02,2306.035071,1776347774000
1776347776.563,76.563,0.76,117.0,0.75,60.0,0.77,34.0,0.78,25.0,0.22,535.0,0.21,120.5,0.24,154.04,0.25,185.5,0.01,0.02,2306.035071,1776347774000
1776347776.894,76.894,0.77,257.0,0.76,190.0,0.78,5.0,0.79,100.0,0.23,34.0,0.22,25.0,0.24,117.0,0.25,60.0,0.01,0.01,2305.211484,1776347775000
1776347777.245,77.245,0.82,35.0,0.81,20.0,0.83,47.0,0.84,530.0,0.21,50.0,0.2,8.0,0.22,45.0,0.23,237.0,0.01,0.01,2305.051842,1776347776000
1776347777.979,77.979,0.81,60.0,0.8,197.0,0.82,454.9,0.83,192.0,0.17,47.0,0.16,530.0,0.18,35.0,0.19,20.0,0.01,0.01,2305.051842,1776347776000
1776347779.991,79.991,0.8,7.0,0.79,135.0,0.81,745.5,0.82,187.11,0.19,9.0,0.18,559.9,0.2,197.0,0.21,193.5,0.01,0.01,2305.784225,1776347778000
1776347780.499,80.499,0.8,12.0,0.79,18.0,0.81,775.0,0.82,193.11,0.19,745.5,0.18,187.11,0.2,7.0,0.21,135.0,0.01,0.01,2305.829952,1776347779000
1776347780.798,80.798,0.8,22.0,0.79,125.0,0.81,81.66,0.82,187.0,0.19,775.0,0.18,193.11,0.2,12.0,0.21,18.0,0.01,0.01,2305.829952,1776347779000
1776347781.002,81.002,0.79,120.0,0.78,112.0,0.8,15.0,0.81,686.66,0.19,81.66,0.18,187.0,0.2,22.0,0.21,125.0,0.01,0.01,2305.829952,1776347779000
1776347782.865,82.865,0.8,43.52,0.79,50.0,0.81,877.0,0.82,34.0,0.2,504.01,0.19,86.66,0.21,130.0,0.22,227.0,0.01,0.01,2305.406431,1776347781000
1776347783.434,83.434,0.79,207.0,0.78,192.5,0.8,5.0,0.81,130.0,0.2,85.48,0.19,760.0,0.21,50.0,0.22,174.0,0.01,0.01,2305.41225,1776347782000
1776347785.598,85.598,0.77,1.43,0.76,50.0,0.78,836.5,0.79,327.5,0.2,5.0,0.19,130.0,0.21,207.0,0.22,192.5,0.01,0.01,2305.386335,1776347784000
1776347785.919,85.919,0.74,40.0,0.73,177.5,0.75,14.0,0.76,70.5,0.25,14.0,0.24,20.5,0.26,50.0,0.27,177.5,0.01,0.01,2305.386335,1776347784000
1776347786.478,86.478,0.74,55.0,0.73,192.5,0.75,30.0,0.76,10.0,0.25,14.0,0.24,70.5,0.26,40.0,0.27,177.5,0.01,0.01,2305.347962,1776347785000
1776347787.047,87.047,0.74,30.0,0.73,75.5,0.75,615.0,0.76,70.5,0.25,30.0,0.24,10.0,0.26,55.0,0.27,192.5,0.01,0.01,2305.347962,1776347785000
1776347788.373,88.373,0.73,187.0,0.72,190.65,0.74,2.85,0.75,610.0,0.25,615.0,0.24,70.5,0.26,30.0,0.27,75.5,0.01,0.01,2304.37,1776347787000
1776347788.651,88.651,0.73,203.31,0.72,190.65,0.74,6.0,0.75,495.0,0.26,2.85,0.25,610.0,0.27,187.0,0.28,190.65,0.01,0.01,2304.37,1776347787000
1776347789.483,89.483,0.73,64.81,0.72,115.0,0.74,21.0,0.75,20.5,0.26,6.0,0.25,495.0,0.27,203.31,0.28,190.65,0.01,0.01,2304.21134,1776347788000
1776347790.461,90.461,0.74,95.0,0.73,437.81,0.75,36.0,0.76,122.0,0.26,21.0,0.25,20.5,0.27,64.81,0.28,115.0,0.01,0.01,2304.21134,1776347788000
1776347790.774,90.774,0.74,132.0,0.73,180.31,0.75,48.33,0.76,154.5,0.25,36.0,0.24,122.0,0.26,95.0,0.27,437.81,0.01,0.01,2304.21134,1776347788000
1776347791.448,91.448,0.74,55.0,0.73,62.81,0.75,207.33,0.76,146.0,0.25,48.33,0.24,154.5,0.26,132.0,0.27,180.31,0.01,0.01,2303.910919,1776347790000
1776347791.802,91.802,0.74,7.0,0.73,67.81,0.75,851.5,0.76,89.5,0.25,207.33,0.24,146.0,0.26,55.0,0.27,62.81,0.01,0.01,2303.910919,1776347790000
1776347792.024,92.024,0.74,10.0,0.73,29.4,0.75,643.33,0.76,109.2,0.25,710.5,0.24,109.2,0.27,29.4,0.28,227.0,0.01,0.02,2303.87033,1776347791000
1776347793.741,93.741,0.74,5.0,0.73,18.0,0.75,90.0,0.76,906.5,0.25,643.33,0.24,109.2,0.26,10.0,0.27,29.4,0.01,0.01,2304.04644,1776347792000
1776347794.391,94.391,0.73,169.72,0.72,225.0,0.74,89.0,0.75,662.0,0.25,90.0,0.24,906.5,0.26,5.0,0.27,18.0,0.01,0.01,2304.029835,1776347793000
1776347795.344,95.344,0.73,2.52,0.72,15.0,0.74,689.0,0.75,177.5,0.26,84.0,0.25,662.0,0.27,171.52,0.28,225.0,0.01,0.01,2304.084011,1776347794000
1776347797.46,97.46,0.72,10.0,0.71,117.0,0.73,143.0,0.74,671.5,0.26,689.0,0.25,177.5,0.27,2.52,0.28,15.0,0.01,0.01,2303.57378,1776347796000
1776347797.92,97.92,0.69,16.5,0.68,782.5,0.7,15.0,0.71,190.0,0.27,143.0,0.26,671.5,0.28,10.0,0.29,117.0,0.01,0.01,2303.57378,1776347796000
1776347798.578,98.578,0.71,120.2,0.7,70.5,0.72,81.0,0.73,670.5,0.3,15.0,0.29,190.0,0.31,16.5,0.32,782.5,0.01,0.01,2303.43055,1776347797000
1776347799.249,99.249,0.7,192.5,0.69,661.5,0.71,30.5,0.72,81.0,0.28,81.0,0.27,670.5,0.29,100.2,0.3,70.5,0.01,0.01,2303.345281,1776347798000
1776347799.462,99.462,0.7,132.0,0.69,181.5,0.71,29.5,0.72,682.0,0.29,30.5,0.28,81.0,0.3,192.5,0.31,661.5,0.01,0.01,2303.345281,1776347798000
1776347800.11,100.11,0.71,1220.5,0.7,295.5,0.72,14.25,0.74,21.0,0.29,19.5,0.28,682.0,0.3,132.0,0.31,181.5,0.01,0.01,2303.100949,1776347799000
1776347800.374,100.374,0.74,742.5,0.73,164.5,0.76,65.0,0.77,70.3,0.25,7.0,0.24,65.0,0.28,10.0,0.29,1211.5,0.02,0.03,2303.100949,1776347799000
1776347800.698,100.698,0.75,31.0,0.74,606.5,0.76,8.75,0.78,177.0,0.24,65.0,0.23,70.3,0.26,742.5,0.27,164.5,0.01,0.02,2303.100949,1776347799000
1776347801.096,101.096,0.75,31.0,0.74,882.5,0.77,10.0,0.78,829.25,0.22,173.25,0.21,81.7,0.25,31.0,0.26,606.5,0.02,0.03,2303.25465,1776347800000
1776347803.806,103.806,0.74,106.0,0.73,156.0,0.75,705.5,0.76,187.5,0.23,10.0,0.22,829.25,0.25,31.0,0.26,882.5,0.01,0.02,2304.213006,1776347802000
1776347804.137,104.137,0.74,105.0,0.73,100.0,0.75,795.33,0.76,170.5,0.25,788.83,0.24,170.5,0.26,111.0,0.27,100.0,0.01,0.01,2304.213006,1776347802000
1776347804.352,104.352,0.74,30.0,0.73,100.0,0.75,805.33,0.76,170.5,0.25,795.33,0.24,170.5,0.26,105.0,0.27,100.0,0.01,0.01,2304.213006,1776347802000
1776347805.165,105.165,0.71,323.5,0.7,550.5,0.72,95.0,0.73,160.0,0.28,105.0,0.27,20.34,0.29,21.0,0.3,75.0,0.01,0.01,2303.977778,1776347804000
1776347806.262,106.262,0.71,329.92,0.7,702.47,0.72,95.0,0.73,165.0,0.28,90.0,0.27,160.0,0.29,324.5,0.3,550.5,0.01,0.01,2303.484673,1776347805000
1776347806.503,106.503,0.71,319.5,0.7,684.5,0.72,90.0,0.73,165.0,0.28,95.0,0.27,165.0,0.29,329.92,0.3,702.47,0.01,0.01,2303.484673,1776347805000
1776347806.836,106.836,0.71,308.0,0.7,70.5,0.72,100.0,0.73,165.0,0.28,90.0,0.27,165.0,0.29,319.5,0.3,684.5,0.01,0.01,2303.484673,1776347805000
1776347808.276,108.276,0.71,849.5,0.7,204.5,0.72,73.66,0.73,110.0,0.28,100.0,0.27,165.0,0.29,308.0,0.3,70.5,0.01,0.01,2303.382552,1776347807000
1776347808.684,108.684,0.72,1031.5,0.71,155.5,0.73,10.0,0.74,100.0,0.28,68.66,0.27,110.0,0.29,849.5,0.3,204.5,0.01,0.01,2303.382552,1776347807000
1776347809.459,109.459,0.76,10.0,0.75,70.0,0.77,177.0,0.78,682.75,0.23,277.0,0.22,651.25,0.28,1181.5,0.29,255.5,0.01,0.05,2303.355031,1776347808000
1776347809.899,109.899,0.76,4.16,0.75,70.0,0.77,182.0,0.78,682.75,0.23,177.0,0.22,682.75,0.24,10.0,0.25,70.0,0.01,0.01,2303.355031,1776347808000
1776347810.701,110.701,0.77,15.0,0.76,772.0,0.79,50.0,0.8,894.5,0.23,182.0,0.22,682.75,0.24,4.16,0.25,70.0,0.02,0.01,2303.43871,1776347809000
1776347811.109,111.109,0.79,16.0,0.78,77.0,0.8,72.5,0.81,805.9,0.21,50.0,0.2,894.5,0.23,15.0,0.24,772.0,0.01,0.02,2303.8423,1776347810000
1776347811.368,111.368,0.79,11.0,0.78,224.0,0.8,70.0,0.81,795.4,0.2,72.5,0.19,805.9,0.21,16.0,0.22,77.0,0.01,0.01,2303.8423,1776347810000
1776347813.251,113.251,0.8,14.5,0.79,77.0,0.81,198.4,0.82,574.9,0.2,70.0,0.19,795.4,0.21,11.0,0.22,224.0,0.01,0.01,2304.611849,1776347812000
1776347814.117,114.117,0.78,187.5,0.77,185.5,0.79,4.81,0.8,140.0,0.19,198.4,0.18,574.9,0.2,14.5,0.21,77.0,0.01,0.01,2304.611849,1776347812000
1776347815.816,115.816,0.78,312.5,0.77,550.5,0.79,10.15,0.8,175.18,0.21,4.81,0.2,140.0,0.22,187.5,0.23,185.5,0.01,0.01,2305.012816,1776347814000
1776347816.187,116.187,0.78,1062.5,0.77,216.5,0.8,5.18,0.82,100.0,0.21,10.15,0.2,175.18,0.22,312.5,0.23,550.5,0.02,0.01,2305.039989,1776347815000
1776347816.581,116.581,0.79,1003.5,0.78,238.5,0.8,0.11,0.82,100.0,0.2,5.18,0.18,100.0,0.22,1062.5,0.23,216.5,0.01,0.02,2305.039989,1776347815000
1776347819.531,119.531,0.84,482.82,0.83,461.5,0.85,56.4,0.86,129.9,0.18,90.11,0.16,177.0,0.21,1028.5,0.22,238.5,0.01,0.03,2305.421273,1776347817000
1776347820.593,120.593,0.84,1059.32,0.83,288.5,0.87,21.26,0.88,841.29,0.15,56.4,0.14,129.9,0.16,482.82,0.17,461.5,0.03,0.01,2305.584,1776347819000
1776347820.927,120.927,0.86,49.5,0.85,145.5,0.87,82.75,0.88,780.2,0.12,805.49,0.11,60.0,0.15,10.0,0.16,1054.32,0.01,0.03,2305.584,1776347819000
1776347821.18,121.18,0.86,99.5,0.85,792.5,0.87,62.64,0.88,780.2,0.13,65.64,0.12,780.2,0.14,117.5,0.15,312.5,0.01,0.01,2305.584,1776347819000
1776347821.509,121.509,0.88,101.77,0.87,30.5,0.89,215.0,0.9,607.0,0.13,59.64,0.12,780.2,0.14,104.5,0.15,792.5,0.01,0.01,2305.9402,1776347820000
1776347821.844,121.844,0.88,105.6,0.87,70.5,0.9,637.0,0.91,215.0,0.1,607.0,0.09,165.0,0.11,0.9,0.12,92.27,0.02,0.01,2305.9402,1776347820000
1776347822.116,122.116,0.89,40.9,0.88,105.6,0.9,822.0,0.91,115.0,0.1,827.0,0.09,115.0,0.11,60.0,0.12,105.6,0.01,0.01,2305.9402,1776347820000
1776347822.567,122.567,0.89,57.9,0.88,105.6,0.9,814.77,0.91,115.0,0.1,864.77,0.09,115.0,0.11,40.9,0.12,105.6,0.01,0.01,2306.284137,1776347821000
1776347822.931,122.931,0.89,48.8,0.88,116.1,0.9,703.88,0.91,232.0,0.1,798.66,0.09,115.0,0.11,38.8,0.12,105.6,0.01,0.01,2306.284137,1776347821000
1776347823.142,123.142,0.89,34.7,0.88,233.1,0.9,666.12,0.91,232.0,0.1,677.23,0.09,232.0,0.11,34.7,0.12,233.1,0.01,0.01,2306.521725,1776347822000
1776347823.363,123.363,0.89,12.7,0.88,95.6,0.9,696.98,0.91,232.0,0.1,674.98,0.09,232.0,0.11,12.7,0.12,233.1,0.01,0.01,2306.521725,1776347822000
1776347823.595,123.595,0.88,110.6,0.87,187.5,0.89,156.2,0.9,699.98,0.11,156.2,0.1,699.98,0.12,110.6,0.13,187.5,0.01,0.01,2306.521725,1776347822000
1776347823.978,123.978,0.88,102.26,0.87,187.5,0.89,124.4,0.9,699.98,0.11,159.51,0.1,699.98,0.12,102.26,0.13,187.5,0.01,0.01,2306.521725,1776347822000
1776347825.287,125.287,0.9,144.15,0.89,995.5,0.91,60.0,0.92,707.0,0.11,119.4,0.1,699.98,0.12,93.92,0.13,187.5,0.01,0.01,2306.758981,1776347823000
1776347825.489,125.489,0.9,167.37,0.89,300.5,0.91,190.0,0.92,669.0,0.09,60.0,0.08,707.0,0.1,144.15,0.11,995.5,0.01,0.01,2306.954967,1776347824000
1776347825.869,125.869,0.9,115.99,0.88,146.32,0.91,995.25,0.92,72.0,0.09,190.0,0.08,669.0,0.1,167.37,0.11,300.5,0.01,0.01,2306.954967,1776347824000
1776347826.163,126.163,0.9,27.1,0.89,50.0,0.91,1021.5,0.92,72.0,0.09,1017.5,0.08,72.0,0.1,127.1,0.12,135.82,0.01,0.01,2307.039409,1776347825000
1776347826.384,126.384,0.9,23.11,0.89,50.0,0.91,598.5,0.92,289.0,0.09,600.5,0.08,289.0,0.1,23.11,0.11,60.0,0.01,0.01,2307.039409,1776347825000
1776347826.644,126.644,0.9,11.11,0.88,242.82,0.91,844.55,0.92,72.0,0.09,759.55,0.08,172.0,0.1,11.11,0.12,252.82,0.01,0.01,2307.039409,1776347825000
1776347827.001,127.001,0.9,16.11,0.89,177.0,0.91,669.92,0.92,189.0,0.09,715.9,0.08,189.0,0.1,1.11,0.12,252.82,0.01,0.01,2307.039409,1776347825000
1776347827.499,127.499,0.9,245.11,0.89,285.5,0.91,458.93,0.92,177.0,0.09,669.92,0.08,189.0,0.1,16.11,0.11,177.0,0.01,0.01,2307.701273,1776347826000
1776347828.134,128.134,0.89,5.0,0.88,251.82,0.9,93.89,0.91,898.93,0.09,579.93,0.08,187.0,0.1,237.11,0.11,290.5,0.01,0.01,2307.701273,1776347826000
1776347828.634,128.634,0.89,162.9,0.88,260.32,0.9,48.95,0.91,854.93,0.1,173.95,0.09,754.93,0.11,208.0,0.12,260.32,0.01,0.01,2307.161024,1776347827000
1776347828.982,128.982,0.89,314.4,0.88,725.32,0.91,454.99,0.92,72.0,0.1,113.94,0.09,854.93,0.11,162.9,0.12,260.32,0.02,0.01,2307.161024,1776347827000
1776347829.426,129.426,0.91,121.0,0.9,356.05,0.92,557.0,0.93,406.0,0.09,454.99,0.08,72.0,0.11,314.4,0.12,725.32,0.01,0.02,2307.131835,1776347828000
1776347829.927,129.927,0.91,109.0,0.9,60.55,0.92,1014.73,0.93,79.0,0.08,657.0,0.07,306.0,0.09,206.88,0.1,394.05,0.01,0.01,2307.131835,1776347828000
1776347830.157,130.157,0.9,60.55,0.89,167.0,0.92,917.73,0.93,79.0,0.08,912.73,0.07,196.0,0.09,97.88,0.1,60.55,0.02,0.01,2307.044649,1776347829000
1776347830.566,130.566,0.9,60.55,0.89,167.0,0.91,778.35,0.92,290.73,0.08,917.73,0.07,79.0,0.1,60.55,0.11,167.0,0.01,0.02,2307.044649,1776347829000
1776347831.29,131.29,0.9,45.55,0.88,207.62,0.91,773.64,0.92,195.73,0.09,768.64,0.08,290.73,0.1,60.55,0.11,167.0,0.01,0.01,2307.160447,1776347830000
1776347831.533,131.533,0.9,31.55,0.89,36.79,0.91,914.64,0.92,225.73,0.09,773.64,0.08,195.73,0.1,45.55,0.12,207.62,0.01,0.01,2307.160447,1776347830000
1776347832.861,132.861,0.88,90.62,0.87,153.8,0.89,812.81,0.9,75.5,0.09,914.64,0.08,225.73,0.11,36.79,0.12,90.62,0.01,0.02,2306.982854,1776347831000
1776347833.326,133.326,0.88,40.52,0.86,117.0,0.89,710.81,0.9,75.5,0.11,812.81,0.1,75.5,0.12,90.62,0.13,153.8,0.01,0.01,2306.982854,1776347831000
1776347834.02,134.02,0.82,747.5,0.81,157.4,0.83,78.19,0.84,165.0,0.12,32.5,0.11,719.5,0.19,542.8,0.2,95.5,0.01,0.07,2306.448789,1776347832000
1776347834.87,134.87,0.83,131.76,0.82,130.0,0.84,86.46,0.85,785.5,0.16,165.0,0.15,65.0,0.18,742.5,0.19,157.4,0.01,0.02,2306.196989,1776347833000
1776347835.182,135.182,0.83,122.0,0.82,140.5,0.84,180.24,0.85,686.5,0.16,86.46,0.15,785.5,0.17,131.76,0.18,130.0,0.01,0.01,2306.196989,1776347833000
1776347836.309,136.309,0.82,122.0,0.81,120.0,0.83,124.52,0.84,785.5,0.16,185.0,0.15,66.0,0.17,229.4,0.18,555.5,0.01,0.01,2305.441851,1776347835000
1776347837.116,137.116,0.81,161.44,0.8,120.0,0.82,183.02,0.83,680.5,0.18,7.97,0.17,118.52,0.19,122.0,0.2,678.5,0.01,0.01,2305.441851,1776347835000
1776347837.537,137.537,0.81,34.44,0.79,122.0,0.82,830.47,0.83,197.5,0.18,183.02,0.17,680.5,0.19,161.44,0.2,120.0,0.01,0.01,2305.441851,1776347835000
1776347838.299,138.299,0.81,28.44,0.78,117.0,0.82,923.47,0.83,80.5,0.18,830.47,0.17,197.5,0.19,34.44,0.21,122.0,0.01,0.01,2304.997782,1776347837000
1776347839.053,139.053,0.79,5.0,0.78,323.5,0.8,151.3,0.81,670.5,0.18,895.47,0.17,80.5,0.22,122.0,0.23,180.0,0.01,0.04,2304.764085,1776347838000
1776347840.161,140.161,0.73,117.0,0.72,56.0,0.8,1089.3,0.81,80.5,0.2,151.3,0.19,670.5,0.21,5.0,0.22,323.5,0.07,0.01,2304.764085,1776347838000
1776347841.064,141.064,0.7,157.0,0.69,777.0,0.71,61.0,0.72,15.0,0.26,25.0,0.25,15.0,0.29,687.06,0.3,77.0,0.01,0.03,2304.113775,1776347839000
1776347841.728,141.728,0.7,66.36,0.69,10.5,0.71,742.34,0.72,30.5,0.29,61.0,0.28,15.0,0.3,157.0,0.31,777.0,0.01,0.01,2304.098739,1776347840000
1776347842.51,142.51,0.67,1019.17,0.66,232.5,0.68,26.14,0.69,5.0,0.29,742.34,0.28,30.5,0.3,66.36,0.31,10.5,0.01,0.01,2304.098739,1776347840000
1776347842.791,142.791,0.67,948.97,0.66,250.5,0.68,11.14,0.69,5.0,0.32,26.14,0.31,5.0,0.33,1019.17,0.34,232.5,0.01,0.01,2303.16219,1776347841000
1776347843.243,143.243,0.72,96.0,0.71,279.5,0.73,5.0,0.74,177.0,0.29,10.0,0.28,10.0,0.32,654.5,0.33,287.97,0.01,0.03,2303.16219,1776347841000
1776347843.444,143.444,0.72,120.8,0.71,146.5,0.73,8.53,0.74,20.5,0.27,5.0,0.26,177.0,0.28,96.0,0.29,279.5,0.01,0.01,2302.734899,1776347842000
1776347847.092,147.092,0.77,161.0,0.76,110.0,0.78,46.12,0.79,50.0,0.27,8.53,0.26,20.5,0.28,120.8,0.29,146.5,0.01,0.01,2302.9631,1776347845000
1776347849.281,149.281,0.74,145.5,0.73,734.5,0.75,99.93,0.76,332.0,0.22,46.12,0.21,50.0,0.23,161.0,0.24,110.0,0.01,0.01,2303.292861,1776347847000
1776347850.317,150.317,0.74,25.5,0.73,850.5,0.75,63.66,0.76,297.06,0.25,99.93,0.24,332.0,0.26,145.5,0.27,734.5,0.01,0.01,2304.119235,1776347848000
1776347850.624,150.624,0.74,163.5,0.73,634.5,0.75,56.99,0.76,297.06,0.25,63.66,0.24,297.06,0.26,25.5,0.27,850.5,0.01,0.01,2304.119235,1776347848000
1776347850.941,150.941,0.74,768.5,0.73,202.5,0.75,41.99,0.76,55.06,0.25,56.99,0.24,297.06,0.26,163.5,0.27,634.5,0.01,0.01,2303.712127,1776347849000
1776347852.759,152.759,0.72,55.0,0.71,10.5,0.75,958.5,0.76,110.5,0.25,35.99,0.24,55.06,0.26,923.7,0.27,89.5,0.03,0.01,2303.366374,1776347851000
1776347853.828,153.828,0.72,13.0,0.71,10.5,0.73,844.86,0.74,180.5,0.27,6.86,0.26,120.5,0.28,45.0,0.29,20.5,0.01,0.01,2303.384172,1776347852000
1776347854.686,154.686,0.66,65.5,0.65,275.92,0.67,10.0,0.68,35.0,0.27,844.86,0.26,180.5,0.28,13.0,0.29,10.5,0.01,0.01,2303.362694,1776347853000
1776347854.898,154.898,0.66,60.5,0.65,146.92,0.67,113.5,0.68,15.0,0.33,118.49,0.32,247.0,0.34,75.5,0.35,263.92,0.01,0.01,2303.362694,1776347853000
1776347855.216,155.216,0.65,97.42,0.64,36.1,0.66,119.84,0.67,667.0,0.33,142.5,0.32,262.5,0.34,50.0,0.35,112.42,0.01,0.01,2302.857772,1776347854000
1776347855.48,155.48,0.65,63.04,0.64,26.1,0.66,169.76,0.67,677.5,0.34,174.84,0.33,667.0,0.35,73.54,0.36,36.1,0.01,0.01,2302.857772,1776347854000
1776347855.705,155.705,0.65,63.04,0.64,15.6,0.66,857.34,0.67,80.5,0.34,169.76,0.33,677.5,0.35,63.04,0.36,26.1,0.01,0.01,2302.857772,1776347854000
1776347855.905,155.905,0.65,7.38,0.64,15.6,0.66,852.34,0.67,80.5,0.34,852.34,0.33,80.5,0.35,37.38,0.36,15.6,0.01,0.01,2302.857772,1776347854000
1776347858.853,158.853,0.72,927.7,0.71,129.5,0.73,54.99,0.74,56.0,0.34,818.2,0.33,80.5,0.35,2.38,0.36,15.6,0.01,0.01,2301.456712,1776347857000
1776347860.306,160.306,0.72,10.0,0.71,257.0,0.73,1.29,0.74,6.0,0.27,54.99,0.26,56.0,0.28,927.7,0.29,129.5,0.01,0.01,2301.4461,1776347858000
1776347860.805,160.805,0.75,878.0,0.74,86.0,0.76,3.74,0.78,46.12,0.25,44.26,0.24,55.06,0.28,770.0,0.29,205.0,0.01,0.03,2302.10472,1776347859000
1776347861.147,161.147,0.79,10.0,0.78,20.0,0.8,51.3,0.81,50.0,0.2,31.3,0.19,60.0,0.22,10.0,0.23,10.0,0.01,0.02,2302.732179,1776347860000
1776347861.383,161.383,0.77,10.0,0.76,60.0,0.81,175.0,0.82,57.97,0.2,41.3,0.19,60.0,0.23,123.0,0.24,74.0,0.04,0.03,2302.732179,1776347860000
1776347861.7,161.7,0.82,10.0,0.81,95.0,0.84,167.0,0.85,150.0,0.19,175.0,0.18,57.97,0.23,10.0,0.24,60.0,0.02,0.04,2302.732179,1776347860000
1776347861.973,161.973,0.84,2.5,0.83,10.0,0.86,50.0,0.87,50.0,0.16,167.0,0.15,150.0,0.18,10.0,0.19,95.0,0.02,0.02,2302.732179,1776347860000
1776347862.412,162.412,0.85,10.0,0.84,10.0,0.86,592.0,0.87,60.0,0.14,50.0,0.13,60.0,0.17,57.5,0.18,198.0,0.01,0.03,2302.65,1776347861000
1776347862.698,162.698,0.82,70.0,0.81,794.5,0.83,9.81,0.84,15.0,0.14,592.0,0.13,60.0,0.15,10.0,0.16,10.0,0.01,0.01,2302.65,1776347861000
1776347862.911,162.911,0.81,51.78,0.8,962.51,0.82,10.0,0.83,287.0,0.17,9.81,0.16,15.0,0.18,70.0,0.19,794.5,0.01,0.01,2302.65,1776347861000
1776347863.253,163.253,0.8,51.52,0.79,60.5,0.81,186.85,0.82,643.5,0.18,10.0,0.17,287.0,0.19,51.78,0.2,962.51,0.01,0.01,2303.541913,1776347862000
1776347863.867,163.867,0.8,56.52,0.79,60.0,0.81,321.7,0.82,85.5,0.19,186.85,0.18,643.5,0.2,51.52,0.21,60.5,0.01,0.01,2303.541913,1776347862000
1776347864.575,164.575,0.8,26.52,0.79,5.0,0.81,833.5,0.82,191.3,0.19,316.45,0.18,80.5,0.2,56.52,0.21,60.0,0.01,0.01,2304.36029,1776347863000
1776347864.975,164.975,0.8,26.52,0.78,172.0,0.81,792.25,0.82,191.3,0.19,833.5,0.18,191.3,0.2,26.52,0.21,5.0,0.01,0.01,2304.36029,1776347863000
1776347865.295,165.295,0.8,0.52,0.75,209.6,0.81,923.25,0.82,221.3,0.19,792.25,0.18,191.3,0.2,26.52,0.22,172.0,0.01,0.01,2304.36029,1776347863000
1776347866.697,166.697,0.75,100.81,0.74,187.5,0.77,665.0,0.78,187.5,0.22,16.76,0.21,127.0,0.25,209.6,0.26,175.5,0.02,0.03,2304.15696,1776347864000
1776347867.315,167.315,0.76,12.0,0.75,223.31,0.77,485.0,0.78,297.0,0.23,665.0,0.22,187.5,0.25,100.81,0.26,187.5,0.01,0.02,2303.874139,1776347866000
1776347867.676,167.676,0.76,12.0,0.75,223.31,0.77,507.59,0.78,182.0,0.23,485.0,0.22,297.0,0.24,12.0,0.25,223.31,0.01,0.01,2303.874139,1776347866000
1776347870.314,170.314,0.79,25.0,0.78,73.0,0.8,171.75,0.81,782.5,0.23,507.59,0.22,182.0,0.24,12.0,0.25,223.31,0.01,0.01,2303.195944,1776347869000
1776347873.818,173.818,0.75,83.81,0.74,297.5,0.77,11.74,0.78,25.5,0.2,171.75,0.19,782.5,0.21,25.0,0.22,73.0,0.02,0.01,2303.242272,1776347872000
1776347874.198,174.198,0.75,92.11,0.74,127.0,0.76,734.91,0.77,72.24,0.23,11.74,0.22,25.5,0.25,83.81,0.26,297.5,0.01,0.02,2303.208755,1776347873000
1776347874.402,174.402,0.75,72.11,0.73,177.0,0.76,744.91,0.77,194.24,0.24,759.41,0.23,77.24,0.25,82.11,0.27,177.0,0.01,0.01,2303.208755,1776347873000
1776347875.19,175.19,0.75,72.11,0.73,187.5,0.76,694.91,0.77,194.24,0.24,744.91,0.23,194.24,0.25,72.11,0.27,177.0,0.01,0.01,2303.208755,1776347873000
1776347876.917,176.917,0.77,82.0,0.76,192.0,0.78,60.0,0.79,770.5,0.24,694.91,0.23,194.24,0.25,72.11,0.27,187.5,0.01,0.01,2302.785992,1776347876000
1776347878.349,178.349,0.77,27.0,0.76,259.5,0.78,132.07,0.79,662.0,0.22,60.0,0.21,770.5,0.23,82.0,0.24,192.0,0.01,0.01,2302.789007,1776347877000
1776347880.175,180.175,0.75,137.61,0.74,307.5,0.76,59.14,0.77,650.0,0.22,132.07,0.21,662.0,0.23,27.0,0.24,259.5,0.01,0.01,2302.996782,1776347878000
1776347880.527,180.527,0.75,870.61,0.74,185.5,0.76,31.08,0.77,10.0,0.24,37.56,0.23,65.0,0.25,280.61,0.26,670.5,0.01,0.01,2302.996782,1776347878000
1776347880.733,180.733,0.79,14.0,0.78,74.4,0.8,143.75,0.81,545.0,0.21,47.93,0.2,148.75,0.24,20.5,0.25,859.61,0.01,0.03,2302.991076,1776347879000
1776347881.233,181.233,0.79,18.0,0.78,9.4,0.8,881.38,0.81,80.5,0.2,99.69,0.19,545.0,0.21,87.0,0.22,306.4,0.01,0.01,2302.918351,1776347880000
1776347881.566,181.566,0.78,3.94,0.76,235.58,0.79,782.0,0.8,75.5,0.2,881.38,0.19,80.5,0.21,18.0,0.22,9.4,0.01,0.01,2302.918351,1776347880000
1776347884.55,184.55,0.78,36.94,0.77,142.5,0.79,173.0,0.8,550.0,0.21,759.02,0.2,75.5,0.22,3.94,0.24,113.58,0.01,0.01,2302.979789,1776347883000
1776347885.218,185.218,0.79,10.0,0.78,63.94,0.8,623.75,0.81,182.0,0.21,173.0,0.2,550.0,0.22,36.94,0.23,142.5,0.01,0.01,2302.979789,1776347883000
1776347885.832,185.832,0.78,65.35,0.77,192.5,0.79,174.67,0.8,599.5,0.2,617.5,0.19,182.0,0.21,10.0,0.22,63.94,0.01,0.01,2303.017103,1776347884000
1776347886.146,186.146,0.78,76.91,0.77,192.5,0.79,148.42,0.8,599.5,0.21,174.67,0.2,599.5,0.22,65.35,0.23,192.5,0.01,0.01,2303.017103,1776347884000
1776347886.419,186.419,0.78,125.91,0.77,192.5,0.79,22.42,0.8,117.5,0.21,148.42,0.2,599.5,0.22,76.91,0.23,192.5,0.01,0.01,2303.222617,1776347885000
1776347886.723,186.723,0.78,852.91,0.77,82.5,0.79,4.42,0.82,130.0,0.21,22.42,0.2,117.5,0.22,125.91,0.23,192.5,0.01,0.01,2303.222617,1776347885000
1776347887.51,187.51,0.79,63.5,0.78,201.91,0.8,25.0,0.81,545.0,0.21,4.42,0.18,130.0,0.22,852.91,0.23,82.5,0.01,0.01,2303.272581,1776347886000
1776347888.705,188.705,0.85,207.5,0.84,192.5,0.86,116.98,0.87,602.0,0.2,25.0,0.19,545.0,0.21,63.5,0.22,201.91,0.01,0.01,2303.316052,1776347887000
1776347888.965,188.965,0.85,210.2,0.84,307.5,0.86,15.0,0.87,602.0,0.14,31.98,0.13,602.0,0.15,210.5,0.16,192.5,0.01,0.01,2303.316052,1776347887000
1776347889.275,189.275,0.85,10.0,0.83,73.07,0.86,816.69,0.87,75.5,0.14,15.0,0.13,602.0,0.15,210.2,0.16,307.5,0.01,0.01,2303.316052,1776347887000
1776347889.84,189.84,0.83,18.07,0.81,182.5,0.84,24.19,0.85,622.5,0.14,816.69,0.13,75.5,0.15,10.0,0.17,73.07,0.01,0.01,2303.428965,1776347888000
1776347891.17,191.17,0.83,0.07,0.79,212.56,0.84,1006.6,0.85,75.5,0.16,24.19,0.15,622.5,0.17,18.07,0.19,182.5,0.01,0.01,2303.57057,1776347889000
1776347891.539,191.539,0.77,117.0,0.76,60.5,0.8,817.5,0.81,122.1,0.17,8.93,0.16,1028.6,0.21,45.56,0.22,11.41,0.03,0.04,2303.57057,1776347889000
1776347891.779,191.779,0.77,113.0,0.76,60.5,0.78,17.57,0.79,15.0,0.22,15.0,0.21,15.0,0.23,113.0,0.24,60.5,0.01,0.01,2304.111008,1776347890000
1776347892.036,192.036,0.77,113.0,0.76,60.5,0.79,12.49,0.8,672.5,0.22,17.57,0.21,15.0,0.23,113.0,0.24,60.5,0.02,0.01,2304.111008,1776347890000
1776347894.217,194.217,0.82,365.38,0.81,75.5,0.85,247.0,0.86,75.5,0.21,12.49,0.2,672.5,0.23,113.0,0.24,60.5,0.03,0.02,2302.937246,1776347893000
1776347894.705,194.705,0.81,65.0,0.8,307.5,0.82,29.0,0.83,722.0,0.15,247.0,0.14,75.5,0.18,365.38,0.19,75.5,0.01,0.03,2302.937246,1776347893000
1776347895.466,195.466,0.84,30.0,0.83,35.0,0.85,727.0,0.86,65.0,0.18,29.0,0.17,722.0,0.19,65.0,0.2,307.5,0.01,0.01,2302.937246,1776347893000
1776347895.667,195.667,0.84,54.0,0.83,35.5,0.85,443.1,0.86,65.0,0.15,450.1,0.14,15.0,0.16,54.0,0.17,45.5,0.01,0.01,2302.937246,1776347893000
1776347896.3,196.3,0.87,219.51,0.86,366.5,0.88,474.1,0.89,130.0,0.15,94.1,0.14,485.0,0.16,54.0,0.17,267.5,0.01,0.01,2303.562867,1776347895000
1776347896.97,196.97,0.87,222.51,0.86,221.5,0.88,493.0,0.89,132.0,0.12,474.1,0.11,130.0,0.13,219.51,0.14,366.5,0.01,0.01,2303.562867,1776347895000
1776347897.932,197.932,0.87,6.51,0.85,22.0,0.88,685.5,0.89,105.5,0.12,503.0,0.11,142.5,0.13,157.51,0.14,201.0,0.01,0.01,2303.689019,1776347896000
1776347898.174,198.174,0.78,614.95,0.77,279.0,0.86,219.0,0.87,147.5,0.12,690.5,0.11,105.5,0.15,17.0,0.16,5.0,0.08,0.03,2303.689019,1776347896000
1776347898.769,198.769,0.81,722.5,0.8,20.5,0.82,45.0,0.83,65.0,0.14,219.0,0.13,147.5,0.22,614.95,0.23,279.0,0.01,0.08,2304.07805,1776347897000
1776347899.117,199.117,0.81,127.5,0.8,605.5,0.82,83.79,0.83,189.62,0.18,45.0,0.17,65.0,0.19,722.5,0.2,20.5,0.01,0.01,2304.286912,1776347898000
1776347899.459,199.459,0.81,722.5,0.8,20.5,0.82,48.57,0.83,65.0,0.18,83.79,0.17,189.62,0.19,127.5,0.2,605.5,0.01,0.01,2304.286912,1776347898000
1776347900.236,200.236,0.81,884.5,0.8,30.5,0.82,0.57,0.83,50.0,0.18,48.57,0.17,65.0,0.19,722.5,0.2,20.5,0.01,0.01,2303.992459,1776347899000
1776347901.637,201.637,0.82,67.68,0.81,722.5,0.83,65.0,0.84,307.5,0.17,50.0,0.16,50.0,0.19,869.5,0.2,30.5,0.01,0.02,2303.992459,1776347899000
1776347902.002,202.002,0.82,68.41,0.81,722.5,0.83,65.0,0.84,307.5,0.17,65.0,0.16,307.5,0.18,67.68,0.19,722.5,0.01,0.01,2303.992459,1776347899000
1776347902.957,202.957,0.82,55.41,0.79,127.5,0.83,797.5,0.84,75.5,0.17,65.0,0.16,307.5,0.18,68.41,0.19,722.5,0.01,0.01,2303.699129,1776347901000
1776347903.249,203.249,0.91,343.5,0.9,60.0,0.93,12.73,0.94,36.0,0.17,797.5,0.16,75.5,0.18,55.41,0.21,127.5,0.02,0.01,2303.699129,1776347901000
1776347903.548,203.548,0.92,3.0,0.91,145.5,0.93,693.8,0.94,82.84,0.07,263.8,0.06,677.84,0.08,527.5,0.09,145.5,0.01,0.01,2303.588335,1776347902000
1776347903.753,203.753,0.91,84.0,0.9,500.5,0.93,727.09,0.94,99.84,0.07,533.09,0.06,82.84,0.08,12.0,0.09,135.5,0.02,0.01,2303.588335,1776347902000
1776347904.042,204.042,0.9,116.8,0.89,657.0,0.91,10.0,0.92,545.0,0.07,727.09,0.06,99.84,0.09,84.0,0.1,500.5,0.01,0.02,2303.588335,1776347902000
1776347904.494,204.494,0.89,115.0,0.88,617.5,0.9,5.0,0.91,560.0,0.09,10.0,0.08,545.0,0.1,116.8,0.11,657.0,0.01,0.01,2303.588335,1776347903000
1776347904.836,204.836,0.89,108.59,0.88,597.0,0.9,72.68,0.91,545.0,0.1,29.0,0.09,540.0,0.11,118.59,0.12,617.5,0.01,0.01,2303.588335,1776347903000
1776347905.791,205.791,0.86,10.0,0.85,787.5,0.88,55.5,0.89,550.5,0.1,72.68,0.09,545.0,0.11,108.59,0.12,597.0,0.02,0.01,2305.613439,1776347904000
1776347906.125,206.125,0.87,261.0,0.86,500.5,0.88,65.5,0.89,550.5,0.12,55.5,0.11,550.5,0.14,10.0,0.15,787.5,0.01,0.02,2305.54566,1776347905000
1776347907.13,207.13,0.89,30.0,0.88,824.5,0.9,59.38,0.91,159.1,0.12,62.39,0.11,550.5,0.13,261.0,0.14,500.5,0.01,0.01,2305.54566,1776347905000
1776347907.62,207.62,0.91,224.36,0.9,531.5,0.92,485.0,0.93,180.0,0.1,59.38,0.09,159.1,0.11,30.0,0.12,824.5,0.01,0.01,2304.762811,1776347906000
1776347910.462,210.462,0.93,14.0,0.92,957.5,0.94,617.84,0.95,341.06,0.08,485.0,0.07,180.0,0.09,224.36,0.1,531.5,0.01,0.01,2305.450937,1776347909000
1776347911.018,211.018,0.93,178.5,0.92,691.5,0.94,637.65,0.95,196.96,0.06,617.84,0.05,341.06,0.07,14.0,0.08,957.5,0.01,0.01,2305.450937,1776347909000
1776347911.493,211.493,0.93,824.85,0.92,94.5,0.94,17.65,0.95,664.96,0.06,612.65,0.05,196.96,0.07,147.64,0.08,691.5,0.01,0.01,2305.704861,1776347910000
1776347911.832,211.832,0.93,674.7,0.92,211.5,0.94,478.0,0.95,184.96,0.06,62.39,0.05,664.96,0.07,781.7,0.08,94.5,0.01,0.01,2305.704861,1776347910000
1776347912.265,212.265,0.93,799.84,0.92,80.5,0.94,556.0,0.95,184.96,0.06,458.0,0.05,184.96,0.07,601.84,0.08,192.5,0.01,0.01,2305.704606,1776347911000
1776347912.706,212.706,0.91,732.5,0.9,70.5,0.94,867.0,0.95,129.96,0.06,556.0,0.05,184.96,0.07,799.84,0.08,80.5,0.03,0.01,2305.704606,1776347911000
1776347913.102,213.102,0.92,3.45,0.91,804.35,0.93,614.0,0.94,409.0,0.06,878.0,0.05,129.96,0.09,732.5,0.1,70.5,0.01,0.03,2305.704606,1776347911000
1776347913.989,213.989,0.91,71.85,0.89,117.0,0.92,644.53,0.93,400.1,0.07,614.0,0.06,409.0,0.08,3.45,0.09,804.35,0.01,0.01,2306.090632,1776347912000
1776347914.259,214.259,0.89,117.0,0.88,595.0,0.92,785.53,0.93,189.0,0.08,785.53,0.07,283.1,0.09,21.85,0.11,117.0,0.03,0.01,2306.092123,1776347913000
1776347914.498,214.498,0.87,732.5,0.86,89.9,0.88,0.95,0.89,10.0,0.08,785.53,0.07,189.0,0.11,117.0,0.12,595.0,0.01,0.03,2306.092123,1776347913000
1776347915.262,215.262,0.88,10.0,0.87,607.0,0.89,546.5,0.9,85.5,0.12,0.95,0.11,10.0,0.13,732.5,0.14,89.9,0.01,0.01,2306.092123,1776347913000
1776347915.826,215.826,0.88,4.87,0.87,722.0,0.89,564.5,0.9,185.5,0.11,546.5,0.1,195.5,0.12,4.87,0.13,607.0,0.01,0.01,2305.475389,1776347914000
1776347916.06,216.06,0.88,126.87,0.87,605.0,0.89,49.88,0.9,665.5,0.11,564.5,0.1,185.5,0.12,4.87,0.13,722.0,0.01,0.01,2305.475389,1776347914000
1776347917.379,217.379,0.9,20.0,0.89,757.5,0.91,480.0,0.92,286.1,0.11,49.88,0.1,665.5,0.12,126.87,0.13,605.0,0.01,0.01,2304.49181,1776347916000
1776347918.979,218.979,0.9,10.0,0.89,735.0,0.91,489.89,0.92,188.0,0.09,480.0,0.08,286.1,0.1,20.0,0.11,757.5,0.01,0.01,2304.382744,1776347917000
1776347920.964,220.964,0.92,17.0,0.91,10.0,0.93,758.02,0.94,245.8,0.09,489.89,0.08,188.0,0.1,10.0,0.11,735.0,0.01,0.01,2304.882448,1776347919000
1776347921.725,221.725,0.89,127.0,0.88,620.37,0.9,3.88,0.91,667.0,0.07,758.02,0.06,245.8,0.08,17.0,0.09,10.0,0.01,0.01,2304.803803,1776347920000
1776347922.259,222.259,0.89,127.0,0.88,609.87,0.9,34.38,0.91,535.0,0.1,3.88,0.09,667.0,0.11,127.0,0.12,620.37,0.01,0.01,2304.803803,1776347920000
1776347922.964,222.964,0.9,278.89,0.89,500.5,0.91,478.9,0.92,281.1,0.09,530.0,0.08,281.1,0.1,3.89,0.11,737.0,0.01,0.01,2304.950678,1776347921000
1776347923.634,223.634,0.88,240.76,0.87,523.5,0.91,689.9,0.92,199.0,0.09,478.9,0.08,281.1,0.1,278.89,0.11,500.5,0.03,0.01,2304.806666,1776347922000
1776347924.128,224.128,0.94,86.5,0.93,20.0,0.95,49.96,0.96,45.0,0.09,689.9,0.08,199.0,0.12,240.76,0.13,523.5,0.01,0.03,2304.635026,1776347923000
1776347924.337,224.337,0.94,114.5,0.93,20.0,0.95,46.83,0.96,45.0,0.05,49.96,0.04,45.0,0.06,86.5,0.07,20.0,0.01,0.01,2304.635026,1776347923000
1776347924.548,224.548,0.96,866.5,0.95,131.5,0.97,85.0,0.98,1475.7,0.03,179.0,0.02,958.7,0.05,77.5,0.06,918.49,0.01,0.02,2304.635026,1776347923000
1776347924.811,224.811,0.97,639.77,0.96,242.25,0.98,1117.7,0.99,2532.27,0.02,1138.7,0.01,2438.17,0.03,35.5,0.04,362.25,0.01,0.01,2304.635026,1776347923000
1776347925.656,225.656,0.97,797.61,0.96,351.25,0.98,1122.7,0.99,2532.27,0.02,1117.7,0.01,2532.27,0.03,630.12,0.04,346.25,0.01,0.01,2304.615856,1776347924000
1776347926.318,226.318,0.97,898.88,0.96,351.25,0.98,1207.49,0.99,2532.27,0.02,1107.49,0.01,2532.27,0.03,806.88,0.04,351.25,0.01,0.01,2305.998413,1776347925000
1776347926.868,226.868,0.97,898.88,0.96,351.25,0.98,1902.49,0.99,2438.17,0.02,1207.49,0.01,2532.27,0.03,898.88,0.04,351.25,0.01,0.01,2305.998413,1776347925000
1776347927.513,227.513,0.97,798.88,0.96,351.25,0.98,1906.46,0.99,2438.17,0.02,1902.49,0.01,2438.17,0.03,898.88,0.04,351.25,0.01,0.01,2307.700981,1776347926000
1776347927.761,227.761,0.97,921.88,0.96,351.25,0.98,936.46,0.99,2438.17,0.02,1361.46,0.01,2438.17,0.03,789.61,0.04,351.25,0.01,0.01,2307.700981,1776347926000
1776347927.963,227.963,0.97,807.61,0.96,351.25,0.98,910.43,0.99,2438.17,0.02,920.43,0.01,2438.17,0.03,807.61,0.04,351.25,0.01,0.01,2307.700981,1776347926000
1776347928.336,228.336,0.97,927.61,0.96,351.25,0.98,854.43,0.99,2438.17,0.02,910.43,0.01,2438.17,0.03,807.61,0.04,351.25,0.01,0.01,2307.670243,1776347927000
1776347928.737,228.737,0.97,818.88,0.96,247.25,0.98,843.32,0.99,2438.17,0.02,848.43,0.01,2438.17,0.03,941.88,0.04,351.25,0.01,0.01,2307.670243,1776347927000
1776347929.085,229.085,0.97,896.61,0.96,277.25,0.98,727.0,0.99,2438.17,0.02,843.32,0.01,2438.17,0.03,818.88,0.04,247.25,0.01,0.01,2307.670243,1776347927000
1776347929.439,229.439,0.97,587.11,0.96,257.75,0.98,802.4,0.99,2438.17,0.02,775.0,0.01,2438.17,0.03,685.88,0.04,247.25,0.01,0.01,2307.905711,1776347928000
1776347929.97,229.97,0.97,200.0,0.96,737.75,0.98,1284.2,0.99,2438.17,0.02,1286.1,0.01,2438.17,0.03,677.44,0.04,257.75,0.01,0.01,2307.905711,1776347928000
1776347930.23,230.23,0.97,680.0,0.96,257.75,0.98,1397.2,0.99,2438.17,0.02,1284.2,0.01,2438.17,0.03,200.0,0.04,737.75,0.01,0.01,2307.905711,1776347928000
1776347931.854,231.854,0.97,691.83,0.96,257.75,0.98,1627.2,0.99,2438.17,0.02,1397.2,0.01,2438.17,0.03,680.0,0.04,257.75,0.01,0.01,2308.192524,1776347930000
1776347933.006,233.006,0.97,236.56,0.96,727.25,0.98,1032.2,0.99,2632.27,0.02,1627.2,0.01,2438.17,0.03,691.83,0.04,257.75,0.01,0.01,2307.846319,1776347931000
1776347934.559,234.559,0.96,725.25,0.95,192.5,0.97,178.44,0.98,1132.2,0.02,1032.2,0.01,2632.27,0.03,236.56,0.04,727.25,0.01,0.01,2307.820035,1776347933000
1776347934.856,234.856,0.96,634.0,0.95,182.0,0.97,605.0,0.98,538.1,0.03,178.44,0.02,1132.2,0.04,725.25,0.05,192.5,0.01,0.01,2307.820035,1776347933000
1776347935.135,235.135,0.96,121.0,0.95,662.0,0.97,855.7,0.98,471.1,0.03,605.0,0.02,538.1,0.04,634.0,0.05,182.0,0.01,0.01,2307.820035,1776347933000
1776347935.703,235.703,0.96,6.0,0.95,777.0,0.97,716.84,0.98,471.1,0.03,849.66,0.02,471.1,0.04,121.0,0.05,662.0,0.01,0.01,2307.421757,1776347934000
1776347935.989,235.989,0.96,6.0,0.95,610.0,0.97,706.68,0.98,471.1,0.03,716.84,0.02,471.1,0.04,6.0,0.05,777.0,0.01,0.01,2307.421757,1776347934000
1776347936.568,236.568,0.95,15.0,0.94,191.0,0.97,1014.38,0.98,375.2,0.03,706.68,0.02,471.1,0.04,6.0,0.05,610.0,0.02,0.01,2307.421757,1776347934000
1776347936.833,236.833,0.94,27.5,0.93,137.0,0.96,915.8,0.97,782.8,0.04,362.0,0.03,1252.8,0.06,53.5,0.07,137.0,0.02,0.02,2307.033183,1776347935000
1776347937.052,237.052,0.94,15.0,0.93,617.0,0.95,619.95,0.96,987.72,0.04,915.8,0.03,782.8,0.06,27.5,0.07,137.0,0.01,0.02,2307.033183,1776347935000
1776347937.476,237.476,0.94,2.15,0.93,579.0,0.95,595.95,0.96,469.9,0.05,614.95,0.04,987.72,0.07,569.0,0.08,175.0,0.01,0.02,2307.033183,1776347935000
1776347938.35,238.35,0.94,542.15,0.93,302.5,0.95,503.35,0.96,208.8,0.05,595.95,0.04,469.9,0.06,2.15,0.07,579.0,0.01,0.01,2306.263047,1776347937000
1776347939.023,239.023,0.94,920.65,0.93,125.8,0.96,495.0,0.97,247.0,0.05,21.92,0.04,495.0,0.06,903.15,0.07,70.5,0.02,0.01,2306.263047,1776347937000
1776347939.349,239.349,0.96,480.0,0.95,286.0,0.97,707.0,0.98,198.7,0.03,727.0,0.02,198.7,0.05,115.0,0.06,803.65,0.01,0.02,2306.263047,1776347937000
1776347940.119,240.119,0.96,38.0,0.95,795.0,0.97,713.7,0.98,315.7,0.03,707.0,0.02,198.7,0.04,480.0,0.05,286.0,0.01,0.01,2305.576931,1776347938000
1776347940.323,240.323,0.96,28.0,0.95,795.0,0.97,718.7,0.98,315.7,0.03,713.7,0.02,315.7,0.04,38.0,0.05,795.0,0.01,0.01,2305.576931,1776347938000
1776347940.565,240.565,0.95,15.0,0.94,730.14,0.96,652.13,0.97,350.7,0.03,718.7,0.02,315.7,0.04,28.0,0.05,795.0,0.01,0.01,2305.833859,1776347939000
1776347940.915,240.915,0.94,719.15,0.93,60.0,0.95,506.89,0.96,294.92,0.04,774.92,0.03,350.7,0.06,719.15,0.07,60.0,0.01,0.02,2305.833859,1776347939000
1776347941.675,241.675,0.95,654.21,0.94,451.0,0.96,179.92,0.97,465.7,0.05,506.89,0.04,294.92,0.06,719.15,0.07,60.0,0.01,0.01,2306.12146,1776347940000
1776347941.963,241.963,0.95,505.87,0.94,292.0,0.96,633.87,0.97,350.7,0.04,174.71,0.03,465.7,0.05,608.51,0.06,302.0,0.01,0.01,2306.12146,1776347940000
1776347942.575,242.575,0.95,31.13,0.94,490.0,0.96,738.76,0.97,355.7,0.04,743.87,0.03,233.7,0.05,25.87,0.06,490.0,0.01,0.01,2306.12146,1776347940000
1776347942.84,242.84,0.95,642.31,0.94,292.0,0.96,676.02,0.97,355.7,0.04,676.02,0.03,355.7,0.05,31.13,0.06,490.0,0.01,0.01,2306.064276,1776347941000
1776347943.165,243.165,0.95,814.02,0.94,181.0,0.96,65.82,0.97,950.7,0.04,81.02,0.03,950.7,0.05,819.02,0.06,181.0,0.01,0.01,2306.064276,1776347941000
1776347943.636,243.636,0.95,545.76,0.94,413.0,0.96,654.7,0.97,232.0,0.04,65.82,0.03,950.7,0.05,814.02,0.06,181.0,0.01,0.01,2305.938957,1776347942000
1776347944.269,244.269,0.95,823.76,0.94,181.0,0.96,6.77,0.97,727.0,0.04,663.41,0.03,232.0,0.05,550.76,0.06,292.0,0.01,0.01,2305.938957,1776347942000
1776347944.679,244.679,0.95,808.76,0.94,186.99,0.97,723.38,0.98,398.7,0.04,1.56,0.03,727.0,0.05,823.76,0.06,181.0,0.02,0.01,2305.8285,1776347943000
1776347945.131,245.131,0.96,877.0,0.95,70.76,0.97,390.92,0.98,598.7,0.03,723.38,0.02,398.7,0.05,808.76,0.06,186.99,0.01,0.02,2305.806212,1776347944000
1776347945.344,245.344,0.96,780.0,0.95,70.76,0.97,382.84,0.98,598.7,0.03,390.92,0.02,598.7,0.04,877.0,0.05,70.76,0.01,0.01,2305.806212,1776347944000
1776347945.727,245.727,0.96,780.0,0.95,80.76,0.97,370.45,0.98,830.7,0.03,375.6,0.02,598.7,0.04,785.0,0.05,70.76,0.01,0.01,2305.806212,1776347944000
1776347946.385,246.385,0.96,794.0,0.95,191.76,0.97,461.27,0.98,715.7,0.03,370.45,0.02,830.7,0.04,780.0,0.05,80.76,0.01,0.01,2305.806212,1776347944000
1776347947.131,247.131,0.96,792.92,0.95,60.0,0.97,440.59,0.98,430.7,0.03,461.27,0.02,715.7,0.04,794.0,0.05,191.76,0.01,0.01,2306.024242,1776347945000
1776347947.617,247.617,0.96,802.92,0.95,70.0,0.97,435.43,0.98,430.7,0.03,440.59,0.02,430.7,0.04,792.92,0.05,60.0,0.01,0.01,2306.215994,1776347946000
1776347948.88,248.88,0.96,1074.92,0.95,104.99,0.98,678.7,0.99,2680.17,0.03,435.43,0.02,430.7,0.04,802.92,0.05,70.0,0.02,0.01,2306.326068,1776347947000
1776347949.367,249.367,0.97,834.0,0.96,347.92,0.98,485.89,0.99,2680.17,0.02,670.62,0.01,2880.17,0.04,1069.92,0.05,104.99,0.01,0.02,2306.326068,1776347947000
1776347949.769,249.769,0.97,645.0,0.96,217.92,0.98,462.81,0.99,2680.17,0.02,475.89,0.01,2680.17,0.03,780.0,0.04,231.92,0.01,0.01,2306.092945,1776347948000
1776347950.767,250.767,0.97,779.0,0.96,223.92,0.98,442.81,0.99,2680.17,0.02,462.81,0.01,2680.17,0.03,645.0,0.04,217.92,0.01,0.01,2306.270645,1776347949000
1776347951.918,251.918,0.97,145.0,0.96,697.92,0.98,547.81,0.99,2680.17,0.02,442.81,0.01,2680.17,0.03,779.0,0.04,223.92,0.01,0.01,2306.662988,1776347950000
1776347952.218,252.218,0.96,812.92,0.95,216.99,0.97,564.38,0.98,105.0,0.02,552.81,0.01,2680.17,0.03,102.0,0.04,697.92,0.01,0.01,2306.588237,1776347951000
1776347952.516,252.516,0.96,779.92,0.95,211.0,0.97,554.23,0.98,520.7,0.03,554.23,0.02,337.0,0.04,812.92,0.05,211.0,0.01,0.01,2306.588237,1776347951000
1776347953.204,253.204,0.96,754.92,0.95,211.0,0.98,1000.7,0.99,2448.17,0.03,528.61,0.02,520.7,0.04,754.92,0.05,211.0,0.02,0.01,2306.6936,1776347952000
1776347954.589,254.589,0.97,740.15,0.96,363.92,0.99,3160.17,,,0.02,1000.7,0.01,2448.17,0.04,754.92,0.05,211.0,0.02,0.02,2306.1978,1776347953000
1776347954.885,254.885,0.97,755.66,0.96,363.92,0.99,3119.17,,,0.01,3160.17,,,0.03,740.15,0.04,363.92,0.02,0.02,2306.1978,1776347953000
1776347955.37,255.37,0.98,497.0,0.97,159.51,0.99,3094.17,,,0.01,3099.17,,,0.03,765.66,0.04,363.92,0.01,0.02,2305.831321,1776347954000
1776347955.59,255.59,0.98,480.0,0.97,142.51,0.99,3079.17,,,0.01,3084.17,,,0.02,497.0,0.03,159.51,0.01,0.01,2305.831321,1776347954000
1776347956.1,256.1,0.98,485.0,0.97,142.51,0.99,3069.17,,,0.01,3079.17,,,0.02,480.0,0.03,142.51,0.01,0.01,2305.831321,1776347954000
1776347956.679,256.679,0.98,485.0,0.97,142.51,0.99,3059.06,,,0.01,3074.17,,,0.02,488.71,0.03,142.51,0.01,0.01,2305.923675,1776347955000
1776347956.905,256.905,0.97,607.51,0.96,296.92,0.99,3033.14,,,0.01,3055.37,,,0.03,607.51,0.04,296.92,0.02,0.02,2305.923675,1776347955000
1776347957.49,257.49,0.97,485.51,0.96,274.92,0.98,382.95,0.99,2393.14,0.02,377.95,0.01,3038.14,0.03,607.51,0.04,296.92,0.01,0.01,2306.185388,1776347956000
1776347958.354,258.354,0.97,485.51,0.96,396.92,0.98,475.54,0.99,2293.14,0.02,362.95,0.01,2393.14,0.03,485.51,0.04,274.92,0.01,0.01,2306.185388,1776347956000
1776347958.646,258.646,0.97,485.51,0.96,396.92,0.98,465.28,0.99,2293.14,0.02,475.54,0.01,2293.14,0.03,485.51,0.04,396.92,0.01,0.01,2306.165176,1776347957000
1776347959.272,259.272,0.97,1104.5,0.96,166.91,0.99,2061.14,,,0.02,465.28,0.01,2293.14,0.03,485.51,0.04,396.92,0.02,0.01,2305.883447,1776347958000
1776347959.607,259.607,0.98,1133.0,0.97,300.5,0.99,1526.14,,,0.01,1576.14,,,0.02,117.0,0.03,1015.5,0.01,0.01,2305.883447,1776347958000
1776347959.894,259.894,0.98,1119.0,0.97,277.5,0.99,1403.14,,,0.01,1405.14,,,0.02,1133.0,0.03,293.5,0.01,0.01,2305.883447,1776347958000
1776347960.575,260.575,0.98,1119.0,0.97,277.5,0.99,1396.14,,,0.01,1403.14,,,0.02,1119.0,0.03,277.5,0.01,0.01,2305.809457,1776347959000
1776347960.784,260.784,0.98,1117.0,0.97,277.5,0.99,1338.94,,,0.01,1350.94,,,0.02,1112.0,0.03,277.5,0.01,0.01,2305.809457,1776347959000
1776347961.087,261.087,0.98,1112.0,0.97,260.5,,,,,0.01,1338.94,,,0.02,1117.0,0.03,277.5,,0.01,2305.809457,1776347959000
1776347961.327,261.327,0.99,327.15,0.98,985.0,,,,,,,,,0.02,1112.0,0.03,260.5,,,2306.644779,1776347960000
1776347961.731,261.731,0.99,341.18,0.98,854.0,,,,,,,,,0.01,327.15,0.02,985.0,,,2306.644779,1776347960000
1776347962.061,262.061,0.99,339.18,0.98,854.0,,,,,,,,,0.01,341.18,0.02,854.0,,,2306.644779,1776347960000
1776347962.682,262.682,0.99,205.64,0.98,102.0,,,,,,,,,0.01,327.9,0.02,119.0,,,2307.232174,1776347961000
1776347971.572,271.572,0.99,1605.94,0.98,393.69,,,,,,,,,0.01,60.2,0.02,102.0,,,2307.491887,1776347970000
1776347974.896,274.896,0.99,1687.8,0.98,406.69,,,,,,,,,0.01,1605.94,0.02,393.69,,,2307.868293,1776347973000
1776347977.906,277.906,0.99,1430.42,0.98,128.99,,,,,,,,,0.01,1687.8,0.02,406.69,,,2307.7134,1776347976000
1776347978.521,278.521,0.99,1344.42,0.98,109.99,,,,,,,,,0.01,1430.42,0.02,128.99,,,2307.609884,1776347977000
1776347980.032,280.032,0.99,17517.96,0.98,109.99,,,,,,,,,0.01,1344.42,0.02,109.99,,,2307.363949,1776347978000
1776347980.744,280.744,0.99,18159.97,0.98,109.99,,,,,,,,,0.01,17517.96,0.02,109.99,,,2307.435911,1776347979000
1776347985.434,285.434,0.99,18186.02,0.98,72.41,,,,,,,,,0.01,18159.97,0.02,109.99,,,2308.056405,1776347984000
1776347991.658,291.658,0.99,18341.66,0.98,57.99,,,,,,,,,0.01,18186.02,0.02,72.41,,,2308.146946,1776347990000
1776347998.511,298.511,0.99,20526.23,0.98,46.0,,,,,,,,,0.01,18341.66,0.02,57.99,,,2308.210191,1776347996000
1776347998.959,298.959,0.99,25102.22,0.98,72.0,,,,,,,,,0.01,20526.23,0.02,46.0,,,2308.477161,1776347997000
1776348000.557,300.557,0.99,61825.45,0.98,134.0,,,,,,,,,0.01,25102.22,0.02,72.0,,,2308.515978,1776347999000

# RESULT,winner=Up,slug=eth-updown-5m-1776347700,ticks=503
