timestamp,elapsed_sec,up_bid_p1,up_bid_s1,up_bid_p2,up_bid_s2,up_ask_p1,up_ask_s1,up_ask_p2,up_ask_s2,down_bid_p1,down_bid_s1,down_bid_p2,down_bid_s2,down_ask_p1,down_ask_s1,down_ask_p2,down_ask_s2,up_spread,down_spread,eth_price,eth_oracle_ts
1776208801.374,1.374,0.46,92.0,0.45,70.0,0.5,5.0,0.54,100.0,0.5,5.0,0.49,15.0,0.53,14.0,0.54,94.0,0.04,0.03,2321.525473,1776208800000
1776208801.696,1.696,0.46,92.0,0.45,70.0,0.5,5.0,0.54,100.0,0.5,5.0,0.49,15.0,0.53,24.0,0.54,94.0,0.04,0.03,2321.525473,1776208800000
1776208802.327,2.327,0.47,24.0,0.46,94.0,0.5,5.0,0.51,15.0,0.5,5.0,0.49,15.0,0.53,24.0,0.54,94.0,0.03,0.03,2321.507666,1776208801000
1776208803.604,3.604,0.47,24.0,0.46,94.0,0.5,5.0,0.51,15.0,0.5,5.0,0.49,15.0,0.53,24.0,0.54,94.0,0.03,0.03,2321.511082,1776208802000
1776208803.958,3.958,0.49,5.0,0.48,15.0,0.5,22.88,0.51,35.0,0.5,5.0,0.49,15.0,0.53,24.0,0.54,94.0,0.01,0.03,2321.511082,1776208802000
1776208804.17,4.17,0.49,5.0,0.48,15.0,0.5,22.88,0.51,35.0,0.5,22.88,0.49,35.0,0.51,5.0,0.52,15.0,0.01,0.01,2321.511936,1776208803000
1776208805.06,5.06,0.48,20.0,0.47,29.0,0.5,12.68,0.51,35.0,0.5,23.88,0.49,35.0,0.51,7.15,0.52,20.0,0.02,0.01,2321.511936,1776208803000
1776208805.461,5.461,0.48,20.0,0.47,29.0,0.5,12.68,0.51,35.0,0.5,12.68,0.49,35.0,0.52,20.0,0.53,29.0,0.02,0.02,2321.503265,1776208804000
1776208806.027,6.027,0.49,15.0,0.48,20.0,0.5,11.94,0.51,35.0,0.5,12.68,0.49,35.0,0.52,20.0,0.53,29.0,0.01,0.02,2321.503265,1776208804000
1776208806.403,6.403,0.49,15.0,0.48,20.0,0.5,15.0,0.51,35.0,0.5,11.94,0.49,35.0,0.51,15.0,0.52,20.0,0.01,0.01,2321.501544,1776208805000
1776208806.872,6.872,0.48,25.0,0.47,29.0,0.5,20.0,0.51,35.0,0.5,15.0,0.49,35.0,0.51,15.0,0.52,20.0,0.02,0.01,2321.501544,1776208805000
1776208807.377,7.377,0.48,25.0,0.47,29.0,0.5,20.0,0.51,35.0,0.5,20.0,0.49,35.0,0.52,25.0,0.53,29.0,0.02,0.02,2321.503771,1776208806000
1776208808.002,8.002,0.48,25.0,0.47,29.0,0.5,20.0,0.51,35.0,0.5,20.0,0.49,35.0,0.52,25.0,0.53,29.0,0.02,0.02,2321.503771,1776208807000
1776208808.35,8.35,0.49,15.0,0.48,30.0,0.5,26.0,0.51,35.0,0.5,20.0,0.49,35.0,0.52,25.0,0.53,29.0,0.01,0.02,2321.503771,1776208807000
1776208809.177,9.177,0.49,15.0,0.48,30.0,0.5,26.0,0.51,35.0,0.5,26.0,0.49,35.0,0.51,15.0,0.52,30.0,0.01,0.01,2321.513364,1776208808000
1776208809.933,9.933,0.49,40.5,0.48,40.0,0.5,30.5,0.51,35.0,0.5,26.0,0.49,35.0,0.51,15.0,0.52,30.0,0.01,0.01,2321.513364,1776208808000
1776208810.289,10.289,0.49,30.5,0.48,40.0,0.51,0.78,0.52,28.0,0.5,30.5,0.49,35.0,0.51,40.5,0.52,40.0,0.02,0.01,2321.513364,1776208808000
1776208810.537,10.537,0.49,30.5,0.48,40.0,0.51,0.78,0.52,28.0,0.49,0.78,0.48,28.0,0.51,30.5,0.52,40.0,0.02,0.02,2321.516832,1776208809000
1776208811.098,11.098,0.49,30.79,0.48,50.0,0.5,15.0,0.51,42.5,0.49,0.78,0.48,28.0,0.51,30.5,0.52,40.0,0.01,0.02,2321.516832,1776208809000
1776208811.637,11.637,0.49,30.79,0.48,50.0,0.5,12.0,0.51,42.5,0.5,12.0,0.49,42.5,0.51,30.79,0.52,50.0,0.01,0.01,2321.518797,1776208810000
1776208812.18,12.18,0.49,15.79,0.48,50.0,0.5,25.0,0.51,32.0,0.5,25.0,0.49,32.0,0.51,15.79,0.52,50.0,0.01,0.01,2321.514287,1776208811000
1776208813.125,13.125,0.49,20.79,0.48,50.0,0.5,25.0,0.51,27.0,0.5,25.0,0.49,32.0,0.51,15.79,0.52,50.0,0.01,0.01,2321.514287,1776208811000
1776208814.118,14.118,0.49,20.79,0.48,50.0,0.5,25.0,0.51,27.0,0.5,25.0,0.49,27.0,0.51,20.79,0.52,50.0,0.01,0.01,2321.513389,1776208813000
1776208814.738,14.738,0.49,15.5,0.48,60.0,0.5,28.0,0.51,52.5,0.5,25.0,0.49,27.0,0.51,20.79,0.52,50.0,0.01,0.01,2321.513389,1776208813000
1776208815.113,15.113,0.49,15.5,0.48,60.0,0.5,28.0,0.51,52.5,0.5,28.0,0.49,52.5,0.51,15.5,0.52,60.0,0.01,0.01,2321.503624,1776208814000
1776208816.14,16.14,0.49,15.5,0.48,60.0,0.5,28.0,0.51,52.5,0.5,28.0,0.49,52.5,0.51,15.5,0.52,60.0,0.01,0.01,2321.503027,1776208815000
1776208816.58,16.58,0.49,25.5,0.48,60.0,0.5,35.0,0.51,57.5,0.5,28.0,0.49,52.5,0.51,15.5,0.52,60.0,0.01,0.01,2321.503027,1776208815000
1776208817.141,17.141,0.49,25.5,0.48,60.0,0.5,35.0,0.51,57.5,0.5,35.0,0.49,57.5,0.51,25.5,0.52,60.0,0.01,0.01,2321.507992,1776208816000
1776208818.148,18.148,0.49,5.0,0.48,60.5,0.5,36.11,0.51,57.5,0.5,36.11,0.49,57.5,0.51,5.0,0.52,60.5,0.01,0.01,2321.507967,1776208817000
1776208819.232,19.232,0.49,15.5,0.48,76.5,0.5,31.11,0.51,63.5,0.5,31.11,0.49,63.5,0.51,15.5,0.52,76.5,0.01,0.01,2321.512875,1776208818000
1776208819.749,19.749,0.48,86.5,0.47,51.0,0.5,22.11,0.51,53.5,0.5,31.11,0.49,63.5,0.51,15.5,0.52,76.5,0.02,0.01,2321.512875,1776208818000
1776208820.325,20.325,0.48,86.5,0.47,51.0,0.5,22.11,0.51,53.5,0.5,22.11,0.49,53.5,0.52,86.5,0.53,51.0,0.02,0.02,2321.512324,1776208819000
1776208821.335,21.335,0.48,86.5,0.47,51.0,0.5,22.11,0.51,53.5,0.5,22.11,0.49,53.5,0.52,86.5,0.53,51.0,0.02,0.02,2321.512509,1776208820000
1776208821.628,21.628,0.49,5.0,0.48,86.5,0.5,22.11,0.51,53.5,0.5,22.11,0.49,53.5,0.52,86.5,0.53,51.0,0.01,0.02,2321.512509,1776208820000
1776208822.341,22.341,0.49,5.0,0.48,86.5,0.5,22.11,0.51,53.5,0.5,22.11,0.49,53.5,0.51,5.0,0.52,86.5,0.01,0.01,2321.50811,1776208821000
1776208823.312,23.312,0.49,5.0,0.48,86.5,0.5,22.11,0.51,53.5,0.5,22.11,0.49,53.5,0.51,5.0,0.52,86.5,0.01,0.01,2321.510106,1776208822000
1776208824.793,24.793,0.49,5.0,0.48,86.5,0.5,22.11,0.51,53.5,0.5,22.11,0.49,53.5,0.51,5.0,0.52,86.5,0.01,0.01,2321.51741,1776208823000
1776208825.61,25.61,0.49,5.0,0.48,86.5,0.5,22.11,0.51,53.5,0.5,22.11,0.49,53.5,0.51,5.0,0.52,86.5,0.01,0.01,2321.516736,1776208824000
1776208826.391,26.391,0.49,5.0,0.48,86.5,0.5,22.11,0.51,53.5,0.5,22.11,0.49,53.5,0.51,5.0,0.52,86.5,0.01,0.01,2321.514989,1776208825000
1776208827.055,27.055,0.49,5.0,0.48,86.5,0.5,22.11,0.51,53.5,0.5,22.11,0.49,53.5,0.51,5.0,0.52,86.5,0.01,0.01,2321.514966,1776208826000
1776208827.595,27.595,0.48,70.88,0.47,47.0,0.5,22.11,0.51,44.5,0.5,32.61,0.49,54.5,0.52,86.5,0.53,41.0,0.02,0.02,2321.514966,1776208826000
1776208828.269,28.269,0.48,80.88,0.47,47.0,0.5,17.11,0.51,64.5,0.5,27.11,0.49,54.5,0.52,60.88,0.53,57.0,0.02,0.02,2321.514966,1776208826000
1776208828.618,28.618,0.48,80.88,0.47,47.0,0.5,17.11,0.51,64.5,0.5,17.11,0.49,64.5,0.52,80.88,0.53,47.0,0.02,0.02,2321.510506,1776208827000
1776208829.389,29.389,0.48,80.88,0.47,47.0,0.5,17.11,0.51,64.5,0.5,17.11,0.49,64.5,0.52,80.88,0.53,47.0,0.02,0.02,2321.507596,1776208828000
1776208830.046,30.046,0.48,80.88,0.47,47.0,0.5,17.11,0.51,64.5,0.5,17.11,0.49,64.5,0.52,80.88,0.53,47.0,0.02,0.02,2321.511578,1776208829000
1776208830.509,30.509,0.49,23.48,0.48,55.5,0.5,34.0,0.51,29.0,0.5,17.11,0.49,64.5,0.52,80.88,0.53,47.0,0.01,0.02,2321.511578,1776208829000
1776208831.206,31.206,0.49,50.48,0.48,50.5,0.51,16.0,0.52,5.0,0.5,34.0,0.49,29.0,0.51,23.48,0.52,55.5,0.02,0.01,2321.511578,1776208829000
1776208831.702,31.702,0.53,1.0,0.52,10.0,0.55,92.5,0.56,118.0,0.45,75.5,0.44,118.0,0.49,10.0,0.5,25.0,0.02,0.04,2321.511736,1776208830000
1776208832.126,32.126,0.53,1.0,0.52,10.0,0.55,92.5,0.56,118.0,0.45,92.5,0.44,118.0,0.47,1.0,0.48,10.0,0.02,0.02,2321.510595,1776208831000
1776208832.501,32.501,0.54,4.89,0.53,1.0,0.55,119.9,0.56,128.0,0.45,105.4,0.44,118.0,0.46,4.89,0.47,1.0,0.01,0.01,2321.510595,1776208831000
1776208832.75,32.75,0.54,4.89,0.53,1.0,0.55,109.9,0.56,141.0,0.45,106.9,0.44,128.0,0.46,4.89,0.47,1.0,0.01,0.01,2321.510595,1776208831000
1776208833.161,33.161,0.53,10.0,0.52,14.62,0.54,29.4,0.55,76.8,0.45,100.8,0.44,141.0,0.48,9.62,0.49,20.5,0.01,0.03,2321.510595,1776208831000
1776208833.402,33.402,0.53,15.0,0.52,14.62,0.54,35.68,0.55,76.8,0.46,35.68,0.45,76.8,0.47,15.0,0.48,14.62,0.01,0.01,2321.65624,1776208832000
1776208833.875,33.875,0.53,15.0,0.52,24.62,0.54,33.64,0.55,129.8,0.46,35.68,0.45,76.8,0.47,15.0,0.48,14.62,0.01,0.01,2321.65624,1776208832000
1776208834.227,34.227,0.53,15.0,0.52,24.62,0.54,24.38,0.55,129.8,0.46,24.38,0.45,129.8,0.47,15.0,0.48,24.62,0.01,0.01,2321.731242,1776208833000
1776208834.647,34.647,0.54,3.69,0.53,15.0,0.55,115.18,0.56,120.0,0.45,62.18,0.44,125.0,0.47,30.0,0.48,35.12,0.01,0.02,2321.731242,1776208833000
1776208834.865,34.865,0.54,13.69,0.53,25.0,0.55,65.36,0.56,130.0,0.45,115.18,0.44,120.0,0.46,3.69,0.47,15.0,0.01,0.01,2321.731242,1776208833000
1776208835.078,35.078,0.54,18.69,0.53,30.0,0.55,114.59,0.56,130.0,0.45,116.45,0.44,130.0,0.46,18.69,0.47,30.0,0.01,0.01,2321.731242,1776208833000
1776208835.32,35.32,0.54,2.6,0.53,30.0,0.55,66.59,0.56,130.0,0.45,114.59,0.44,130.0,0.46,18.69,0.47,30.0,0.01,0.01,2321.731242,1776208833000
1776208835.523,35.523,0.54,2.6,0.53,40.5,0.55,67.0,0.56,130.0,0.45,63.86,0.44,130.0,0.46,2.6,0.47,40.5,0.01,0.01,2321.731242,1776208833000
1776208836.048,36.048,0.53,52.19,0.52,35.12,0.55,72.0,0.56,140.0,0.45,67.0,0.44,130.0,0.46,2.6,0.47,40.5,0.02,0.01,2321.731506,1776208834000
1776208836.343,36.343,0.53,52.19,0.52,35.12,0.55,72.0,0.56,140.0,0.45,72.0,0.44,140.0,0.47,52.19,0.48,35.12,0.02,0.02,2321.750238,1776208835000
1776208836.634,36.634,0.55,54.07,0.54,40.5,0.57,60.5,0.58,38.0,0.45,72.0,0.44,140.0,0.47,52.19,0.48,35.12,0.02,0.02,2321.750238,1776208835000
1776208837.186,37.186,0.56,8.4,0.55,59.07,0.57,10.5,0.58,43.0,0.43,10.5,0.42,43.0,0.44,8.4,0.45,59.07,0.01,0.01,2321.768988,1776208836000
1776208838.388,38.388,0.56,30.8,0.55,40.07,0.57,13.6,0.58,38.0,0.43,20.5,0.42,38.0,0.44,30.8,0.45,45.07,0.01,0.01,2321.768988,1776208836000
1776208838.657,38.657,0.56,25.8,0.55,40.07,0.57,11.7,0.58,38.0,0.43,11.7,0.42,38.0,0.44,25.8,0.45,40.07,0.01,0.01,2321.797125,1776208837000
1776208839.505,39.505,0.56,25.8,0.55,40.07,0.57,11.7,0.58,38.0,0.43,11.7,0.42,38.0,0.44,25.8,0.45,40.07,0.01,0.01,2321.857215,1776208838000
1776208840.227,40.227,0.56,25.8,0.55,40.07,0.57,11.7,0.58,38.0,0.43,11.7,0.42,38.0,0.44,25.8,0.45,40.07,0.01,0.01,2321.8814,1776208839000
1776208841.3,41.3,0.57,104.0,0.56,28.9,0.58,11.0,0.59,30.5,0.43,11.7,0.42,38.0,0.44,25.8,0.45,40.07,0.01,0.01,2321.8814,1776208839000
1776208841.563,41.563,0.57,104.0,0.56,28.9,0.58,11.0,0.59,30.5,0.42,11.0,0.41,30.5,0.43,104.0,0.44,28.9,0.01,0.01,2321.91044,1776208840000
1776208842.218,42.218,0.6,75.0,0.59,56.0,0.61,79.07,0.62,118.0,0.42,11.0,0.41,30.5,0.43,104.0,0.44,28.9,0.01,0.01,2321.91044,1776208840000
1776208842.591,42.591,0.6,75.0,0.59,56.0,0.61,77.43,0.62,113.0,0.39,74.07,0.38,118.0,0.4,70.0,0.41,56.0,0.01,0.01,2321.91044,1776208840000
1776208843.448,43.448,0.6,91.5,0.59,56.0,0.61,92.43,0.62,118.0,0.39,77.43,0.38,113.0,0.4,75.0,0.41,56.0,0.01,0.01,2321.922825,1776208841000
1776208843.649,43.649,0.6,86.5,0.59,56.0,0.61,90.7,0.62,118.0,0.39,92.43,0.38,118.0,0.4,91.5,0.41,56.0,0.01,0.01,2321.922825,1776208841000
1776208844.184,44.184,0.6,86.5,0.59,56.0,0.61,90.7,0.62,118.0,0.39,90.7,0.38,118.0,0.4,86.5,0.41,56.0,0.01,0.01,2321.985398,1776208843000
1776208844.398,44.398,0.6,86.5,0.59,56.0,0.61,90.7,0.62,118.0,0.39,90.7,0.38,118.0,0.4,86.5,0.41,56.0,0.01,0.01,2321.985398,1776208843000
1776208845.081,45.081,0.6,86.5,0.59,56.0,0.61,88.97,0.62,118.0,0.39,90.7,0.38,118.0,0.4,86.5,0.41,56.0,0.01,0.01,2321.985398,1776208843000
1776208845.357,45.357,0.6,86.5,0.59,56.0,0.61,88.97,0.62,118.0,0.39,88.97,0.38,118.0,0.4,86.5,0.41,56.0,0.01,0.01,2322.037798,1776208844000
1776208845.935,45.935,0.6,86.5,0.59,56.0,0.61,88.97,0.62,118.0,0.39,88.97,0.38,118.0,0.4,86.5,0.41,56.0,0.01,0.01,2322.045983,1776208845000
1776208846.948,46.948,0.6,59.0,0.59,36.0,0.61,100.33,0.62,143.0,0.39,94.97,0.38,123.0,0.4,74.0,0.41,51.0,0.01,0.01,2322.045983,1776208845000
1776208847.349,47.349,0.6,79.0,0.59,31.0,0.61,105.33,0.62,133.0,0.39,100.33,0.38,143.0,0.4,59.0,0.41,36.0,0.01,0.01,2322.050983,1776208846000
1776208848.15,48.15,0.6,79.0,0.59,31.0,0.61,105.33,0.62,133.0,0.39,105.33,0.38,133.0,0.4,79.0,0.41,31.0,0.01,0.01,2322.039318,1776208847000
1776208848.575,48.575,0.6,110.5,0.59,30.0,0.61,64.83,0.62,148.5,0.39,105.33,0.38,133.0,0.4,79.0,0.41,31.0,0.01,0.01,2322.039318,1776208847000
1776208848.828,48.828,0.6,110.5,0.59,30.0,0.61,18.65,0.62,148.5,0.39,26.9,0.38,148.5,0.4,110.5,0.41,30.0,0.01,0.01,2322.039318,1776208847000
1776208849.242,49.242,0.6,110.5,0.59,30.0,0.61,13.73,0.62,148.5,0.39,13.73,0.38,148.5,0.4,110.5,0.41,30.0,0.01,0.01,2322.022281,1776208848000
1776208849.583,49.583,0.6,50.0,0.59,30.5,0.61,38.73,0.62,148.5,0.39,13.73,0.38,148.5,0.4,110.5,0.41,30.0,0.01,0.01,2322.022281,1776208848000
1776208849.804,49.804,0.6,60.0,0.59,30.5,0.61,26.69,0.62,148.5,0.39,31.69,0.38,148.5,0.4,50.0,0.41,30.5,0.01,0.01,2322.022281,1776208848000
1776208850.31,50.31,0.6,60.0,0.59,30.5,0.61,26.69,0.62,148.5,0.39,26.69,0.38,148.5,0.4,60.0,0.41,30.5,0.01,0.01,2322.033468,1776208849000
1776208850.846,50.846,0.6,60.0,0.59,30.5,0.61,26.69,0.62,148.5,0.39,26.69,0.38,148.5,0.4,60.0,0.41,30.5,0.01,0.01,2322.051104,1776208850000
1776208851.238,51.238,0.6,50.0,0.59,20.0,0.61,47.48,0.62,158.5,0.39,26.69,0.38,148.5,0.4,60.0,0.41,30.5,0.01,0.01,2322.051104,1776208850000
1776208851.462,51.462,0.6,55.0,0.59,30.0,0.61,32.48,0.62,158.5,0.39,47.48,0.38,158.5,0.4,50.0,0.41,20.0,0.01,0.01,2322.051104,1776208850000
1776208852.02,52.02,0.6,55.0,0.59,30.0,0.61,32.48,0.62,158.5,0.39,32.48,0.38,158.5,0.4,55.0,0.41,30.0,0.01,0.01,2322.049173,1776208851000
1776208852.358,52.358,0.6,70.0,0.59,30.5,0.61,27.48,0.62,158.5,0.39,32.48,0.38,158.5,0.4,55.0,0.41,30.0,0.01,0.01,2322.049173,1776208851000
1776208852.627,52.627,0.6,69.0,0.59,30.5,0.62,83.5,0.63,39.5,0.39,27.48,0.38,158.5,0.4,70.0,0.41,30.5,0.02,0.01,2322.049173,1776208851000
1776208853.115,53.115,0.61,15.0,0.6,64.0,0.62,62.3,0.63,39.5,0.38,62.3,0.37,39.5,0.39,15.0,0.4,64.0,0.01,0.01,2322.030413,1776208852000
1776208853.379,53.379,0.61,55.0,0.6,40.5,0.62,36.8,0.63,44.5,0.38,62.3,0.37,39.5,0.39,15.0,0.4,64.0,0.01,0.01,2322.030413,1776208852000
1776208854.242,54.242,0.61,70.0,0.6,40.5,0.62,31.8,0.63,44.5,0.38,31.8,0.37,44.5,0.39,70.0,0.4,40.5,0.01,0.01,2322.089801,1776208853000
1776208854.608,54.608,0.61,66.0,0.6,40.0,0.62,32.29,0.63,44.5,0.38,37.29,0.37,44.5,0.39,60.0,0.4,40.0,0.01,0.01,2322.089801,1776208853000
1776208855.042,55.042,0.61,56.0,0.6,40.0,0.62,32.29,0.63,44.5,0.38,32.29,0.37,44.5,0.39,66.0,0.4,40.0,0.01,0.01,2322.089801,1776208853000
1776208855.377,55.377,0.61,56.0,0.6,40.0,0.62,21.8,0.63,44.5,0.38,21.8,0.37,44.5,0.39,56.0,0.4,40.0,0.01,0.01,2322.056612,1776208854000
1776208855.701,55.701,0.6,16.0,0.59,10.0,0.62,68.09,0.63,54.5,0.38,21.8,0.37,44.5,0.39,56.0,0.4,40.0,0.02,0.01,2322.056612,1776208854000
1776208855.935,55.935,0.6,16.0,0.59,10.0,0.62,68.09,0.63,54.5,0.38,68.09,0.37,54.5,0.4,16.0,0.41,10.0,0.02,0.02,2322.059402,1776208855000
1776208856.366,56.366,0.6,70.0,0.59,35.5,0.62,58.99,0.63,40.5,0.39,31.41,0.38,63.09,0.4,60.0,0.41,10.0,0.02,0.01,2322.059402,1776208855000
1776208857.083,57.083,0.61,7.43,0.6,99.5,0.62,28.49,0.63,44.5,0.38,28.49,0.37,44.5,0.39,7.43,0.4,99.5,0.01,0.01,2322.07053,1776208856000
1776208857.728,57.728,0.61,81.93,0.6,90.5,0.62,11.2,0.63,39.09,0.38,28.49,0.37,44.5,0.39,7.43,0.4,99.5,0.01,0.01,2322.07053,1776208856000
1776208858.092,58.092,0.61,81.93,0.6,90.5,0.62,11.2,0.63,39.09,0.38,11.2,0.37,39.09,0.39,81.93,0.4,90.5,0.01,0.01,2322.070649,1776208857000
1776208858.815,58.815,0.61,81.93,0.6,90.5,0.62,1.2,0.63,39.18,0.38,11.2,0.37,39.09,0.39,81.93,0.4,90.5,0.01,0.01,2322.070649,1776208857000
1776208859.109,59.109,0.61,81.93,0.6,90.5,0.62,1.2,0.63,39.18,0.38,1.2,0.37,39.18,0.39,81.93,0.4,90.5,0.01,0.01,2322.075989,1776208858000
1776208860.306,60.306,0.61,81.93,0.6,96.5,0.63,39.18,0.64,15.0,0.37,39.18,0.36,15.0,0.39,81.93,0.4,96.5,0.02,0.02,2322.088319,1776208859000
1776208860.759,60.759,0.62,115.0,0.61,62.93,0.64,5.0,0.65,5.0,0.37,39.18,0.36,15.0,0.39,81.93,0.4,96.5,0.02,0.02,2322.088319,1776208859000
1776208861.264,61.264,0.65,8.81,0.64,11.0,0.66,35.0,0.67,83.0,0.35,2.19,0.34,35.0,0.38,131.0,0.39,62.93,0.01,0.03,2322.088319,1776208859000
1776208861.521,61.521,0.65,8.81,0.64,11.0,0.66,35.0,0.67,83.0,0.34,35.0,0.33,83.0,0.35,8.81,0.36,11.0,0.01,0.01,2322.080192,1776208860000
1776208862.058,62.058,0.65,8.81,0.64,11.0,0.66,35.0,0.67,83.0,0.34,35.0,0.33,83.0,0.35,8.81,0.36,11.0,0.01,0.01,2322.0875,1776208861000
1776208862.763,62.763,0.65,128.31,0.64,31.0,0.66,3.33,0.67,70.0,0.34,35.0,0.33,83.0,0.35,8.81,0.36,11.0,0.01,0.01,2322.0875,1776208861000
1776208863.152,63.152,0.66,101.0,0.65,84.31,0.67,67.45,0.68,90.5,0.33,67.45,0.32,90.5,0.34,101.0,0.35,84.31,0.01,0.01,2322.21879,1776208862000
1776208863.56,63.56,0.66,151.0,0.65,79.31,0.67,57.45,0.68,90.5,0.33,67.45,0.32,90.5,0.34,101.0,0.35,84.31,0.01,0.01,2322.21879,1776208862000
1776208864.38,64.38,0.66,151.0,0.65,79.31,0.67,57.45,0.68,90.5,0.33,57.45,0.32,90.5,0.34,151.0,0.35,79.31,0.01,0.01,2322.234815,1776208863000
1776208864.913,64.913,0.66,151.0,0.65,79.31,0.67,57.45,0.68,90.5,0.33,57.45,0.32,90.5,0.34,151.0,0.35,79.31,0.01,0.01,2322.358272,1776208864000
1776208865.184,65.184,0.66,176.0,0.65,79.31,0.67,47.45,0.68,80.0,0.33,57.45,0.32,90.5,0.34,151.0,0.35,79.31,0.01,0.01,2322.358272,1776208864000
1776208866.242,66.242,0.66,176.0,0.65,79.31,0.67,47.45,0.68,80.0,0.33,47.45,0.32,80.0,0.34,176.0,0.35,79.31,0.01,0.01,2322.391343,1776208865000
1776208866.578,66.578,0.66,229.5,0.65,100.6,0.69,16.84,0.7,65.0,0.33,47.45,0.32,80.0,0.34,176.0,0.35,79.31,0.03,0.01,2322.391343,1776208865000
1776208866.908,66.908,0.66,234.79,0.65,79.31,0.69,15.2,0.7,25.0,0.31,16.84,0.3,65.0,0.34,229.5,0.35,100.6,0.03,0.03,2322.391343,1776208865000
1776208867.129,67.129,0.67,21.29,0.66,266.79,0.69,3.2,0.7,25.0,0.31,10.44,0.3,25.0,0.33,21.29,0.34,244.79,0.02,0.02,2322.391343,1776208865000
1776208867.426,67.426,0.67,21.29,0.66,186.79,0.7,25.0,0.71,5.0,0.3,25.0,0.29,5.0,0.32,6.0,0.33,21.29,0.03,0.02,2322.40672,1776208866000
1776208867.969,67.969,0.67,21.29,0.66,186.79,0.7,25.0,0.71,5.0,0.3,25.0,0.29,5.0,0.32,6.0,0.33,21.29,0.03,0.02,2322.552414,1776208867000
1776208869.077,69.077,0.72,69.0,0.71,25.5,0.73,65.0,0.74,70.0,0.3,25.0,0.29,5.0,0.32,6.0,0.33,21.29,0.01,0.02,2322.552414,1776208867000
1776208869.847,69.847,0.73,109.85,0.72,20.0,0.74,80.0,0.75,120.0,0.27,65.0,0.26,70.0,0.28,69.0,0.29,25.5,0.01,0.01,2322.7007,1776208868000
1776208870.333,70.333,0.73,109.85,0.72,20.0,0.74,80.0,0.75,120.0,0.26,80.0,0.25,120.0,0.27,109.85,0.28,20.0,0.01,0.01,2322.878059,1776208869000
1776208870.62,70.62,0.73,241.35,0.72,42.5,0.74,4.0,0.75,50.0,0.26,80.0,0.25,120.0,0.27,109.85,0.28,20.0,0.01,0.01,2322.878059,1776208869000
1776208870.919,70.919,0.76,193.5,0.75,25.5,0.78,10.0,0.8,80.0,0.22,10.0,0.2,80.0,0.24,193.5,0.25,25.5,0.02,0.02,2322.889568,1776208870000
1776208872.073,72.073,0.76,193.5,0.75,25.5,0.78,10.0,0.8,80.0,0.22,10.0,0.2,80.0,0.24,193.5,0.25,25.5,0.02,0.02,2322.908177,1776208871000
1776208872.624,72.624,0.79,82.86,0.77,10.0,0.8,106.0,0.81,50.0,0.2,92.0,0.19,50.0,0.21,68.96,0.22,5.0,0.01,0.01,2322.908177,1776208871000
1776208872.841,72.841,0.79,15.45,0.78,10.5,0.8,96.0,0.81,50.0,0.2,96.0,0.19,50.0,0.21,82.86,0.23,10.0,0.01,0.01,2322.908177,1776208871000
1776208873.071,73.071,0.78,10.5,0.77,10.0,0.8,133.0,0.81,50.0,0.2,96.0,0.19,50.0,0.21,15.45,0.22,10.5,0.02,0.01,2322.908177,1776208871000
1776208873.329,73.329,0.74,68.96,0.72,20.0,0.8,33.25,0.81,107.0,0.2,12.0,0.19,112.0,0.24,10.0,0.25,10.0,0.06,0.04,2322.908177,1776208871000
1776208873.654,73.654,0.72,20.0,0.71,20.0,0.73,47.97,0.74,65.0,0.26,65.0,0.25,12.0,0.28,20.0,0.29,20.0,0.01,0.02,2323.205625,1776208872000
1776208874.142,74.142,0.72,75.0,0.71,20.0,0.73,37.69,0.74,65.0,0.27,47.97,0.26,65.0,0.28,20.0,0.29,20.0,0.01,0.01,2323.205625,1776208872000
1776208874.411,74.411,0.72,75.0,0.71,20.0,0.73,31.69,0.74,65.0,0.27,31.69,0.26,65.0,0.28,75.0,0.29,20.0,0.01,0.01,2323.071114,1776208873000
1776208874.95,74.95,0.72,75.0,0.71,20.0,0.73,31.69,0.74,65.0,0.27,31.69,0.26,65.0,0.28,75.0,0.29,20.0,0.01,0.01,2323.002025,1776208874000
1776208875.689,75.689,0.72,169.0,0.71,30.0,0.74,69.93,0.76,20.27,0.27,31.69,0.26,65.0,0.28,75.0,0.29,20.0,0.02,0.01,2323.002025,1776208874000
1776208876.065,76.065,0.72,169.0,0.71,30.0,0.74,69.93,0.76,20.27,0.26,69.93,0.24,20.27,0.28,169.0,0.29,30.0,0.02,0.02,2322.935235,1776208875000
1776208876.561,76.561,0.73,25.0,0.72,91.5,0.74,80.0,0.75,5.0,0.26,69.93,0.24,20.27,0.28,169.0,0.29,30.0,0.01,0.02,2322.935235,1776208875000
1776208877.073,77.073,0.73,35.5,0.72,120.53,0.74,75.0,0.76,43.27,0.26,80.0,0.25,5.0,0.27,25.0,0.28,91.5,0.01,0.01,2322.935235,1776208875000
1776208877.954,77.954,0.73,169.5,0.72,101.5,0.74,40.0,0.75,10.0,0.26,75.0,0.24,43.27,0.27,35.5,0.28,120.53,0.01,0.01,2322.98509,1776208876000
1776208878.175,78.175,0.73,169.5,0.72,106.5,0.74,28.93,0.75,10.0,0.26,34.0,0.25,10.0,0.27,164.5,0.28,106.5,0.01,0.01,2322.98509,1776208876000
1776208879.301,79.301,0.73,169.5,0.72,106.5,0.74,28.93,0.75,10.0,0.26,28.93,0.25,10.0,0.27,169.5,0.28,106.5,0.01,0.01,2322.96461,1776208878000
1776208879.563,79.563,0.73,151.5,0.72,170.46,0.74,28.93,0.75,30.0,0.26,28.93,0.25,10.0,0.27,169.5,0.28,106.5,0.01,0.01,2322.96461,1776208878000
1776208880.43,80.43,0.73,151.5,0.72,170.46,0.74,28.93,0.75,30.0,0.26,28.93,0.25,30.0,0.27,151.5,0.28,170.46,0.01,0.01,2323.00662,1776208879000
1776208880.945,80.945,0.73,151.5,0.72,170.46,0.74,28.93,0.75,30.0,0.26,28.93,0.25,30.0,0.27,151.5,0.28,170.46,0.01,0.01,2323.01192,1776208880000
1776208881.389,81.389,0.73,208.52,0.72,129.39,0.74,18.93,0.75,40.0,0.26,28.93,0.25,40.0,0.27,213.52,0.28,111.5,0.01,0.01,2323.01192,1776208880000
1776208882.052,82.052,0.73,208.52,0.72,129.39,0.74,18.93,0.75,40.0,0.26,18.93,0.25,40.0,0.27,208.52,0.28,129.39,0.01,0.01,2323.021478,1776208881000
1776208882.935,82.935,0.73,219.52,0.72,129.39,0.74,8.93,0.75,40.0,0.26,18.93,0.25,40.0,0.27,208.52,0.28,129.39,0.01,0.01,2323.021478,1776208881000
1776208883.476,83.476,0.73,224.52,0.72,129.39,0.74,7.73,0.75,40.0,0.26,8.93,0.25,40.0,0.27,219.52,0.28,129.39,0.01,0.01,2323.020193,1776208882000
1776208884.34,84.34,0.73,224.52,0.72,129.39,0.74,7.73,0.75,40.0,0.26,7.73,0.25,40.0,0.27,224.52,0.28,129.39,0.01,0.01,2323.021705,1776208883000
1776208885.289,85.289,0.73,224.52,0.72,129.39,0.74,7.73,0.75,40.0,0.26,7.73,0.25,40.0,0.27,224.52,0.28,129.39,0.01,0.01,2323.021725,1776208884000
1776208885.753,85.753,0.73,154.52,0.72,129.39,0.74,2.73,0.75,30.0,0.26,7.73,0.25,40.0,0.27,224.52,0.28,129.39,0.01,0.01,2323.021725,1776208884000
1776208887.343,87.343,0.73,154.52,0.72,129.39,0.74,2.73,0.75,30.0,0.26,2.73,0.25,30.0,0.27,154.52,0.28,129.39,0.01,0.01,2322.983473,1776208886000
1776208888.01,88.01,0.73,154.52,0.72,129.39,0.74,2.73,0.75,30.0,0.26,2.73,0.25,30.0,0.27,154.52,0.28,129.39,0.01,0.01,2322.98308,1776208887000
1776208888.822,88.822,0.71,3.1,0.7,195.39,0.72,20.0,0.73,60.0,0.26,2.73,0.25,30.0,0.27,154.52,0.28,129.39,0.01,0.01,2322.98308,1776208887000
1776208889.023,89.023,0.7,121.39,0.69,35.0,0.71,57.5,0.72,46.5,0.29,57.5,0.28,46.5,0.3,135.39,0.31,35.0,0.01,0.01,2322.98308,1776208887000
1776208889.376,89.376,0.7,7.43,0.69,25.0,0.71,72.07,0.72,46.5,0.29,57.5,0.28,46.5,0.3,121.39,0.31,35.0,0.01,0.01,2322.981953,1776208888000
1776208889.586,89.586,0.69,6.43,0.68,92.25,0.71,137.5,0.72,93.36,0.29,137.5,0.28,100.36,0.31,6.43,0.32,92.25,0.02,0.02,2322.981953,1776208888000
1776208890.334,90.334,0.67,15.53,0.66,255.0,0.7,7.0,0.71,137.5,0.3,7.0,0.29,137.5,0.33,15.53,0.34,255.0,0.03,0.03,2322.889171,1776208889000
1776208890.551,90.551,0.67,20.53,0.66,260.0,0.68,14.5,0.69,90.5,0.3,7.0,0.29,137.5,0.33,15.53,0.34,255.0,0.01,0.03,2322.889171,1776208889000
1776208890.937,90.937,0.67,17.19,0.66,260.0,0.68,14.5,0.69,90.5,0.32,14.5,0.31,90.5,0.33,17.19,0.34,260.0,0.01,0.01,2322.803735,1776208890000
1776208892.098,92.098,0.67,17.19,0.66,260.0,0.68,14.5,0.69,90.5,0.32,14.5,0.31,90.5,0.33,17.19,0.34,260.0,0.01,0.01,2322.44248,1776208891000
1776208893.184,93.184,0.67,15.0,0.66,260.0,0.68,28.02,0.69,90.5,0.32,28.02,0.31,90.5,0.33,15.0,0.34,260.0,0.01,0.01,2322.414652,1776208892000
1776208894.261,94.261,0.67,15.0,0.66,260.0,0.68,28.02,0.69,90.5,0.32,28.02,0.31,90.5,0.33,15.0,0.34,260.0,0.01,0.01,2322.413277,1776208893000
1776208895.461,95.461,0.67,15.0,0.66,260.0,0.68,28.02,0.69,90.5,0.32,28.02,0.31,90.5,0.33,15.0,0.34,260.0,0.01,0.01,2322.413582,1776208894000
1776208895.883,95.883,0.67,23.41,0.66,265.0,0.68,28.82,0.69,90.5,0.32,28.82,0.31,90.5,0.33,25.0,0.34,270.0,0.01,0.01,2322.413582,1776208894000
1776208896.087,96.087,0.67,23.41,0.66,265.0,0.68,28.82,0.69,90.5,0.32,28.82,0.31,90.5,0.33,23.41,0.34,265.0,0.01,0.01,2322.419151,1776208895000
1776208896.716,96.716,0.66,250.0,0.65,10.0,0.68,90.82,0.69,132.5,0.32,28.82,0.31,90.5,0.33,23.41,0.34,265.0,0.02,0.01,2322.419151,1776208895000
1776208897.171,97.171,0.66,250.0,0.65,10.0,0.68,90.82,0.69,132.5,0.32,90.82,0.31,132.5,0.34,250.0,0.35,10.0,0.02,0.02,2322.394437,1776208896000
1776208898.351,98.351,0.66,250.0,0.65,10.0,0.68,90.82,0.69,132.5,0.32,90.82,0.31,132.5,0.34,250.0,0.35,10.0,0.02,0.02,2322.353739,1776208897000
1776208898.906,98.906,0.66,225.0,0.65,25.0,0.67,0.9,0.68,29.0,0.32,90.82,0.31,132.5,0.34,250.0,0.35,10.0,0.01,0.02,2322.353739,1776208897000
1776208900.18,100.18,0.66,225.0,0.65,25.0,0.67,0.9,0.68,29.0,0.33,0.9,0.32,29.0,0.34,225.0,0.35,25.0,0.01,0.01,2322.240168,1776208899000
1776208900.446,100.446,0.68,15.0,0.67,52.5,0.69,72.0,0.7,20.5,0.32,8.0,0.31,70.0,0.34,331.5,0.35,35.5,0.01,0.02,2322.240168,1776208899000
1776208901.132,101.132,0.68,85.0,0.67,72.5,0.69,82.0,0.7,25.5,0.31,72.0,0.3,20.5,0.32,15.0,0.33,52.5,0.01,0.01,2322.240168,1776208899000
1776208901.348,101.348,0.68,79.0,0.67,72.5,0.69,80.4,0.7,25.5,0.31,80.4,0.3,25.5,0.32,80.0,0.33,72.5,0.01,0.01,2322.240168,1776208899000
1776208901.81,101.81,0.68,86.37,0.67,72.5,0.69,75.4,0.7,10.0,0.31,80.4,0.3,25.5,0.32,79.0,0.33,72.5,0.01,0.01,2322.256287,1776208900000
1776208902.649,102.649,0.68,86.37,0.67,72.5,0.69,75.4,0.7,10.0,0.31,75.4,0.3,10.0,0.32,86.37,0.33,72.5,0.01,0.01,2322.278104,1776208901000
1776208902.857,102.857,0.68,64.87,0.67,46.5,0.69,83.95,0.7,10.0,0.31,75.4,0.3,10.0,0.32,86.37,0.33,72.5,0.01,0.01,2322.278104,1776208901000
1776208903.623,103.623,0.68,64.87,0.67,51.5,0.69,81.81,0.7,10.0,0.31,83.95,0.3,10.0,0.32,64.87,0.33,46.5,0.01,0.01,2322.354679,1776208902000
1776208904.522,104.522,0.68,64.87,0.67,51.5,0.69,69.87,0.7,10.0,0.31,69.87,0.3,10.0,0.32,64.87,0.33,51.5,0.01,0.01,2322.354031,1776208903000
1776208905.002,105.002,0.68,90.75,0.67,51.5,0.69,64.87,0.7,5.0,0.31,69.87,0.3,10.0,0.32,64.87,0.33,51.5,0.01,0.01,2322.354031,1776208903000
1776208905.292,105.292,0.68,90.75,0.67,51.5,0.69,64.87,0.7,5.0,0.31,64.87,0.3,5.0,0.32,90.75,0.33,51.5,0.01,0.01,2322.354031,1776208904000
1776208906.635,106.635,0.68,90.75,0.67,46.5,0.69,40.88,0.7,5.0,0.31,40.88,0.3,5.0,0.32,90.75,0.33,46.5,0.01,0.01,2322.371364,1776208905000
1776208907.288,107.288,0.68,90.75,0.67,46.5,0.69,40.88,0.7,5.0,0.31,40.88,0.3,5.0,0.32,90.75,0.33,46.5,0.01,0.01,2322.406666,1776208906000
1776208907.902,107.902,0.68,28.0,0.67,46.5,0.69,31.88,0.7,10.0,0.31,40.88,0.3,5.0,0.32,90.75,0.33,46.5,0.01,0.01,2322.406666,1776208906000
1776208908.62,108.62,0.68,46.41,0.67,51.5,0.69,36.88,0.7,10.0,0.31,31.88,0.3,10.0,0.32,28.0,0.33,46.5,0.01,0.01,2322.406666,1776208906000
1776208909.275,109.275,0.68,46.41,0.67,51.5,0.69,36.88,0.7,10.0,0.31,36.88,0.3,10.0,0.32,46.41,0.33,51.5,0.01,0.01,2322.421149,1776208908000
1776208909.856,109.856,0.68,41.41,0.67,51.5,0.69,25.35,0.7,10.0,0.31,26.8,0.3,5.0,0.32,116.41,0.33,51.5,0.01,0.01,2322.421149,1776208908000
1776208910.504,110.504,0.68,41.41,0.67,51.5,0.69,25.35,0.7,10.0,0.31,25.35,0.3,10.0,0.32,41.41,0.33,51.5,0.01,0.01,2322.42493,1776208909000
1776208910.856,110.856,0.68,55.5,0.67,40.5,0.69,18.31,0.7,10.0,0.31,25.35,0.3,10.0,0.32,41.41,0.33,51.5,0.01,0.01,2322.42493,1776208909000
1776208911.128,111.128,0.68,50.5,0.67,40.5,0.69,15.41,0.7,10.0,0.31,15.41,0.3,10.0,0.32,50.5,0.33,40.5,0.01,0.01,2322.424222,1776208910000
1776208912.338,112.338,0.68,50.5,0.67,40.5,0.69,15.41,0.7,10.0,0.31,15.41,0.3,10.0,0.32,50.5,0.33,40.5,0.01,0.01,2322.418484,1776208911000
1776208913.123,113.123,0.68,50.5,0.67,40.5,0.69,15.41,0.7,10.0,0.31,15.41,0.3,10.0,0.32,50.5,0.33,40.5,0.01,0.01,2322.460476,1776208912000
1776208914.264,114.264,0.68,50.5,0.67,40.5,0.69,15.41,0.7,10.0,0.31,15.41,0.3,10.0,0.32,50.5,0.33,40.5,0.01,0.01,2322.468234,1776208913000
1776208915.536,115.536,0.68,50.5,0.67,40.5,0.69,15.41,0.7,10.0,0.31,15.41,0.3,10.0,0.32,50.5,0.33,40.5,0.01,0.01,2322.473382,1776208914000
1776208916.162,116.162,0.68,50.5,0.67,40.5,0.69,15.41,0.7,10.0,0.31,15.41,0.3,10.0,0.32,50.5,0.33,40.5,0.01,0.01,2322.472698,1776208915000
1776208916.403,116.403,0.68,30.0,0.67,30.0,0.7,14.61,0.71,15.0,0.31,15.41,0.3,10.0,0.32,50.5,0.33,40.5,0.02,0.01,2322.472698,1776208915000
1776208916.838,116.838,0.69,10.0,0.68,25.0,0.7,71.57,0.71,15.5,0.3,14.61,0.29,15.0,0.32,29.0,0.33,30.0,0.01,0.02,2322.472698,1776208915000
1776208917.43,117.43,0.69,3.0,0.68,25.0,0.7,76.57,0.71,15.5,0.3,76.57,0.29,15.5,0.31,3.0,0.32,25.0,0.01,0.01,2322.472214,1776208916000
1776208918.079,118.079,0.69,3.0,0.68,25.0,0.7,76.57,0.71,15.5,0.3,76.57,0.29,15.5,0.31,3.0,0.32,25.0,0.01,0.01,2322.472214,1776208917000
1776208919.112,119.112,0.69,3.0,0.68,25.0,0.7,76.57,0.71,15.5,0.3,76.57,0.29,15.5,0.31,3.0,0.32,25.0,0.01,0.01,2322.433233,1776208918000
1776208920.15,120.15,0.69,3.0,0.68,25.0,0.7,76.57,0.71,15.5,0.3,76.57,0.29,15.5,0.31,3.0,0.32,25.0,0.01,0.01,2322.427348,1776208919000
1776208920.376,120.376,0.69,43.5,0.68,20.0,0.7,10.0,0.71,15.0,0.3,76.57,0.29,15.5,0.31,3.0,0.32,25.0,0.01,0.01,2322.427348,1776208919000
1776208921.11,121.11,0.69,43.5,0.68,20.0,0.7,10.0,0.71,15.0,0.3,10.0,0.29,15.0,0.31,43.5,0.32,20.0,0.01,0.01,2322.430018,1776208920000
1776208922.191,122.191,0.69,43.5,0.68,20.0,0.7,10.0,0.71,15.0,0.3,10.0,0.29,15.0,0.31,43.5,0.32,20.0,0.01,0.01,2322.457209,1776208921000
1776208922.424,122.424,0.69,48.5,0.68,147.99,0.71,10.0,0.72,10.0,0.3,10.0,0.29,15.0,0.31,43.5,0.32,20.0,0.02,0.01,2322.457209,1776208921000
1776208923.45,123.45,0.7,25.5,0.69,43.5,0.72,10.0,0.73,30.0,0.28,10.0,0.27,30.0,0.3,25.5,0.31,43.5,0.02,0.02,2322.454337,1776208922000
1776208923.979,123.979,0.7,25.5,0.69,43.5,0.72,10.0,0.73,30.0,0.28,10.0,0.27,30.0,0.3,25.5,0.31,43.5,0.02,0.02,2322.454337,1776208923000
1776208924.718,124.718,0.72,23.33,0.71,35.5,0.73,45.0,0.74,17.73,0.28,10.0,0.27,30.0,0.3,25.5,0.31,43.5,0.01,0.02,2322.454337,1776208923000
1776208925.01,125.01,0.72,23.33,0.71,35.5,0.73,45.0,0.74,17.73,0.27,45.0,0.26,17.73,0.28,23.33,0.29,35.5,0.01,0.01,2322.518716,1776208924000
1776208925.447,125.447,0.72,23.33,0.71,45.5,0.73,33.05,0.74,17.73,0.27,45.0,0.26,17.73,0.28,23.33,0.29,35.5,0.01,0.01,2322.518716,1776208924000
1776208926.014,126.014,0.72,23.33,0.71,45.5,0.73,33.05,0.74,17.73,0.27,33.05,0.26,17.73,0.28,23.33,0.29,45.5,0.01,0.01,2322.466379,1776208925000
1776208926.415,126.415,0.72,17.61,0.71,45.5,0.73,30.0,0.74,7.73,0.27,33.05,0.26,17.73,0.28,23.33,0.29,45.5,0.01,0.01,2322.466379,1776208925000
1776208927.135,127.135,0.72,17.61,0.71,45.5,0.73,30.0,0.74,7.73,0.27,30.0,0.26,7.73,0.28,17.61,0.29,45.5,0.01,0.01,2322.467619,1776208926000
1776208928.288,128.288,0.72,42.61,0.71,30.5,0.75,11.93,0.76,54.5,0.25,11.93,0.24,54.5,0.28,42.61,0.29,30.5,0.03,0.03,2322.503889,1776208927000
1776208929.25,129.25,0.72,42.61,0.71,30.5,0.75,11.93,0.76,54.5,0.25,11.93,0.24,54.5,0.28,42.61,0.29,30.5,0.03,0.03,2322.527623,1776208928000
1776208929.567,129.567,0.73,6.29,0.72,25.0,0.74,93.0,0.75,42.43,0.25,11.93,0.24,54.5,0.28,42.61,0.29,30.5,0.01,0.03,2322.527623,1776208928000
1776208930.34,130.34,0.73,6.29,0.72,25.0,0.74,93.0,0.75,42.43,0.26,93.0,0.25,42.43,0.27,6.29,0.28,25.0,0.01,0.01,2322.527856,1776208929000
1776208930.595,130.595,0.71,5.0,0.68,25.0,0.72,7.0,0.73,144.27,0.26,93.0,0.25,42.43,0.27,6.29,0.28,25.0,0.01,0.01,2322.527856,1776208929000
1776208931.3,131.3,0.67,10.0,0.66,250.0,0.69,7.0,0.72,17.0,0.31,7.0,0.28,17.0,0.33,10.0,0.34,250.0,0.02,0.02,2322.529166,1776208930000
1776208932.874,132.874,0.67,10.0,0.66,250.0,0.69,7.0,0.72,17.0,0.31,7.0,0.28,17.0,0.33,10.0,0.34,250.0,0.02,0.02,2322.390671,1776208931000
1776208933.368,133.368,0.67,10.0,0.66,250.0,0.69,7.0,0.72,17.0,0.31,7.0,0.28,17.0,0.33,10.0,0.34,250.0,0.02,0.02,2322.226896,1776208932000
1776208933.931,133.931,0.67,10.0,0.66,250.0,0.69,7.0,0.72,17.0,0.31,7.0,0.28,17.0,0.33,10.0,0.34,250.0,0.02,0.02,2322.225537,1776208933000
1776208934.89,134.89,0.67,10.0,0.66,250.0,0.69,7.0,0.72,17.0,0.31,7.0,0.28,17.0,0.33,10.0,0.34,250.0,0.02,0.02,2322.249753,1776208934000
1776208935.511,135.511,0.67,24.0,0.66,108.5,0.68,31.0,0.69,22.0,0.31,7.0,0.28,17.0,0.33,10.0,0.34,250.0,0.01,0.02,2322.249753,1776208934000
1776208935.974,135.974,0.67,24.0,0.66,108.5,0.68,31.0,0.69,22.0,0.32,31.0,0.31,22.0,0.33,24.0,0.34,108.5,0.01,0.01,2322.249647,1776208935000
1776208936.78,136.78,0.67,24.0,0.66,108.5,0.68,31.0,0.69,22.0,0.32,31.0,0.31,22.0,0.33,24.0,0.34,108.5,0.01,0.01,2322.249236,1776208936000
1776208937.846,137.846,0.69,12.0,0.67,133.96,0.7,8.0,0.71,70.0,0.32,31.0,0.31,22.0,0.33,24.0,0.34,108.5,0.01,0.01,2322.249236,1776208936000
1776208938.047,138.047,0.67,29.0,0.66,65.0,0.69,4.42,0.7,20.0,0.29,89.67,0.28,22.0,0.31,12.0,0.32,5.0,0.02,0.02,2322.249236,1776208936000
1776208938.538,138.538,0.66,75.5,0.65,35.5,0.67,6.0,0.68,51.0,0.32,15.0,0.31,4.42,0.33,5.0,0.34,65.0,0.01,0.01,2322.296886,1776208937000
1776208939.172,139.172,0.66,15.35,0.65,25.5,0.67,47.0,0.68,45.0,0.33,6.0,0.32,51.0,0.34,75.5,0.35,35.5,0.01,0.01,2322.296886,1776208937000
1776208939.447,139.447,0.66,15.35,0.65,25.5,0.67,44.49,0.68,45.0,0.33,47.0,0.32,45.0,0.34,15.35,0.35,25.5,0.01,0.01,2322.296863,1776208938000
1776208939.887,139.887,0.66,68.68,0.65,25.5,0.67,33.49,0.68,45.0,0.33,44.49,0.32,45.0,0.34,15.35,0.35,25.5,0.01,0.01,2322.296863,1776208938000
1776208940.185,140.185,0.66,68.68,0.65,25.5,0.67,33.49,0.68,45.0,0.33,33.49,0.32,45.0,0.34,68.68,0.35,25.5,0.01,0.01,2322.295964,1776208939000
1776208940.811,140.811,0.65,4.0,0.64,25.5,0.67,48.04,0.68,55.5,0.33,28.04,0.32,45.0,0.34,84.18,0.35,25.5,0.02,0.01,2322.295964,1776208939000
1776208941.166,141.166,0.64,18.5,0.63,93.99,0.67,54.04,0.68,55.5,0.33,54.04,0.32,55.5,0.36,18.5,0.37,93.99,0.03,0.03,2322.256108,1776208940000
1776208942.104,142.104,0.66,33.0,0.65,33.5,0.67,3.42,0.68,20.0,0.33,5.93,0.32,20.0,0.34,38.5,0.35,33.5,0.01,0.01,2322.256108,1776208940000
1776208942.67,142.67,0.67,17.0,0.66,43.5,0.68,31.69,0.69,24.92,0.33,3.42,0.32,20.0,0.34,33.0,0.35,33.5,0.01,0.01,2322.244782,1776208941000
1776208943.039,143.039,0.67,22.0,0.66,43.5,0.68,15.21,0.69,34.92,0.32,31.69,0.31,24.92,0.33,17.0,0.34,43.5,0.01,0.01,2322.244782,1776208941000
1776208944.206,144.206,0.67,22.0,0.66,43.5,0.68,15.21,0.69,34.92,0.32,15.21,0.31,34.92,0.33,22.0,0.34,43.5,0.01,0.01,2322.19356,1776208943000
1776208945.503,145.503,0.67,22.0,0.66,43.5,0.68,15.21,0.69,34.92,0.32,15.21,0.31,34.92,0.33,22.0,0.34,43.5,0.01,0.01,2322.193647,1776208944000
1776208946.202,146.202,0.67,22.0,0.66,43.5,0.68,15.21,0.69,34.92,0.32,15.21,0.31,34.92,0.33,22.0,0.34,43.5,0.01,0.01,2322.20119,1776208945000
1776208947.155,147.155,0.67,32.88,0.66,20.76,0.68,5.0,0.69,24.42,0.32,10.0,0.31,55.92,0.34,10.76,0.35,35.5,0.01,0.02,2322.20119,1776208945000
1776208947.47,147.47,0.65,115.5,0.64,174.49,0.66,28.74,0.68,5.0,0.32,5.0,0.31,24.42,0.33,32.88,0.34,20.76,0.01,0.01,2322.1983,1776208946000
1776208948.384,148.384,0.65,115.5,0.64,174.49,0.66,28.74,0.68,5.0,0.34,28.74,0.32,5.0,0.35,115.5,0.36,174.49,0.01,0.01,2322.18892,1776208947000
1776208948.995,148.995,0.65,115.5,0.64,174.49,0.66,28.74,0.68,5.0,0.34,28.74,0.32,5.0,0.35,115.5,0.36,174.49,0.01,0.01,2322.206451,1776208948000
1776208950.053,150.053,0.65,115.5,0.64,174.49,0.66,28.74,0.68,5.0,0.34,28.74,0.32,5.0,0.35,115.5,0.36,174.49,0.01,0.01,2322.202369,1776208949000
1776208950.486,150.486,0.65,129.5,0.64,163.49,0.66,27.22,0.68,25.5,0.34,28.74,0.32,5.0,0.35,115.5,0.36,174.49,0.01,0.01,2322.202369,1776208949000
1776208950.986,150.986,0.65,134.5,0.64,99.53,0.66,21.22,0.69,24.42,0.34,27.22,0.32,25.5,0.35,124.5,0.36,163.49,0.01,0.01,2322.202369,1776208949000
1776208951.466,151.466,0.65,205.63,0.64,99.53,0.66,21.22,0.69,24.42,0.34,21.22,0.31,24.42,0.35,134.5,0.36,99.53,0.01,0.01,2322.224329,1776208950000
1776208952.105,152.105,0.65,205.63,0.64,181.11,0.66,16.22,0.69,24.42,0.34,21.22,0.31,24.42,0.35,205.63,0.36,99.53,0.01,0.01,2322.224329,1776208950000
1776208952.308,152.308,0.65,205.63,0.64,181.11,0.66,16.22,0.69,24.42,0.34,16.22,0.31,24.42,0.35,205.63,0.36,181.11,0.01,0.01,2322.227115,1776208951000
1776208953.349,153.349,0.65,205.63,0.64,181.11,0.66,16.22,0.69,24.42,0.34,16.22,0.31,24.42,0.35,205.63,0.36,181.11,0.01,0.01,2322.332661,1776208952000
1776208953.93,153.93,0.65,205.63,0.64,181.11,0.66,16.22,0.69,24.42,0.34,16.22,0.31,24.42,0.35,205.63,0.36,181.11,0.01,0.01,2322.24896,1776208953000
1776208955.076,155.076,0.65,205.63,0.64,181.11,0.66,16.22,0.69,24.42,0.34,16.22,0.31,24.42,0.35,205.63,0.36,181.11,0.01,0.01,2322.34392,1776208954000
1776208956.116,156.116,0.65,205.63,0.64,181.11,0.66,16.22,0.69,24.42,0.34,16.22,0.31,24.42,0.35,205.63,0.36,181.11,0.01,0.01,2322.235095,1776208955000
1776208957.159,157.159,0.6,25.0,0.59,110.0,0.61,21.76,0.62,40.5,0.39,21.76,0.38,40.5,0.4,25.0,0.41,110.0,0.01,0.01,2322.013439,1776208956000
1776208958.28,158.28,0.6,25.0,0.59,110.0,0.61,21.76,0.62,40.5,0.39,21.76,0.38,40.5,0.4,25.0,0.41,110.0,0.01,0.01,2321.84975,1776208957000
1776208959.976,159.976,0.6,25.0,0.59,110.0,0.61,21.76,0.62,40.5,0.39,21.76,0.38,40.5,0.4,25.0,0.41,110.0,0.01,0.01,2321.797684,1776208958000
1776208960.608,160.608,0.6,25.0,0.59,110.0,0.61,21.76,0.62,40.5,0.39,21.76,0.38,40.5,0.4,25.0,0.41,110.0,0.01,0.01,2321.796477,1776208959000
1776208961.16,161.16,0.6,25.0,0.59,110.0,0.61,21.76,0.62,40.5,0.39,21.76,0.38,40.5,0.4,25.0,0.41,110.0,0.01,0.01,2321.797974,1776208960000
1776208963.137,163.137,0.6,25.0,0.59,110.0,0.61,21.76,0.62,40.5,0.39,21.76,0.38,40.5,0.4,25.0,0.41,110.0,0.01,0.01,2321.793088,1776208961000
1776208963.85,163.85,0.6,25.0,0.59,110.0,0.61,21.76,0.62,40.5,0.39,21.76,0.38,40.5,0.4,25.0,0.41,110.0,0.01,0.01,2321.789263,1776208962000
1776208964.338,164.338,0.58,55.8,0.57,179.5,0.59,10.0,0.6,10.0,0.39,21.76,0.38,40.5,0.4,25.0,0.41,110.0,0.01,0.01,2321.789263,1776208962000
1776208965.32,165.32,0.58,55.8,0.57,179.5,0.59,10.0,0.6,10.0,0.41,10.0,0.4,10.0,0.42,55.8,0.43,179.5,0.01,0.01,2321.799268,1776208964000
1776208966.643,166.643,0.58,55.8,0.57,179.5,0.59,10.0,0.6,10.0,0.41,10.0,0.4,10.0,0.42,55.8,0.43,179.5,0.01,0.01,2321.808997,1776208965000
1776208967.424,167.424,0.58,55.8,0.57,179.5,0.59,10.0,0.6,10.0,0.41,10.0,0.4,10.0,0.42,55.8,0.43,179.5,0.01,0.01,2321.809652,1776208966000
1776208967.957,167.957,0.58,55.8,0.57,179.5,0.59,10.0,0.6,10.0,0.41,10.0,0.4,10.0,0.42,55.8,0.43,179.5,0.01,0.01,2321.809737,1776208967000
1776208969.382,169.382,0.58,55.8,0.57,179.5,0.59,10.0,0.6,10.0,0.41,10.0,0.4,10.0,0.42,55.8,0.43,179.5,0.01,0.01,2321.809735,1776208968000
1776208969.981,169.981,0.58,103.33,0.57,164.5,0.62,45.0,0.63,31.0,0.38,45.0,0.37,31.0,0.42,103.33,0.43,164.5,0.04,0.04,2321.814121,1776208969000
1776208971.51,171.51,0.58,103.33,0.57,164.5,0.62,45.0,0.63,31.0,0.38,45.0,0.37,31.0,0.42,103.33,0.43,164.5,0.04,0.04,2321.919638,1776208970000
1776208972.128,172.128,0.58,103.33,0.57,164.5,0.62,45.0,0.63,31.0,0.38,45.0,0.37,31.0,0.42,103.33,0.43,164.5,0.04,0.04,2322.000128,1776208971000
1776208972.76,172.76,0.63,159.96,0.62,73.5,0.65,30.5,0.66,75.5,0.38,45.0,0.37,31.0,0.42,103.33,0.43,164.5,0.02,0.04,2322.000128,1776208971000
1776208973.057,173.057,0.63,156.96,0.62,73.5,0.64,8.81,0.65,30.5,0.35,30.5,0.34,75.5,0.37,148.96,0.38,73.5,0.01,0.02,2322.000128,1776208971000
1776208973.711,173.711,0.63,133.96,0.62,73.5,0.64,13.81,0.65,30.5,0.36,13.81,0.35,30.5,0.37,133.96,0.38,73.5,0.01,0.01,2322.093538,1776208972000
1776208974.493,174.493,0.63,133.96,0.62,73.5,0.64,13.81,0.65,30.5,0.36,13.81,0.35,30.5,0.37,133.96,0.38,73.5,0.01,0.01,2322.093015,1776208973000
1776208975.221,175.221,0.63,133.96,0.62,73.5,0.64,13.81,0.65,30.5,0.36,13.81,0.35,30.5,0.37,133.96,0.38,73.5,0.01,0.01,2322.071925,1776208974000
1776208976.635,176.635,0.63,133.96,0.62,73.5,0.64,13.81,0.65,30.5,0.36,13.81,0.35,30.5,0.37,133.96,0.38,73.5,0.01,0.01,2322.064324,1776208975000
1776208977.086,177.086,0.63,133.29,0.62,60.5,0.64,8.81,0.65,30.5,0.36,13.81,0.35,30.5,0.37,133.96,0.38,73.5,0.01,0.01,2322.064324,1776208975000
1776208977.315,177.315,0.63,133.29,0.62,60.5,0.64,8.81,0.65,30.5,0.36,8.81,0.35,30.5,0.37,133.29,0.38,60.5,0.01,0.01,2322.063837,1776208976000
1776208978.375,178.375,0.63,133.29,0.62,60.5,0.64,8.81,0.65,30.5,0.36,8.81,0.35,30.5,0.37,133.29,0.38,60.5,0.01,0.01,2322.068197,1776208977000
1776208978.852,178.852,0.63,133.29,0.62,60.5,0.64,8.81,0.65,30.5,0.36,8.81,0.35,30.5,0.37,133.29,0.38,60.5,0.01,0.01,2322.068235,1776208978000
1776208979.1,179.1,0.64,6.0,0.63,82.79,0.65,19.64,0.66,75.5,0.35,30.03,0.34,75.5,0.37,158.79,0.38,131.49,0.01,0.02,2322.068235,1776208978000
1776208979.894,179.894,0.64,41.0,0.63,82.79,0.65,1.92,0.66,75.5,0.35,1.92,0.34,75.5,0.36,41.0,0.37,82.79,0.01,0.01,2322.074415,1776208979000
1776208980.121,180.121,0.65,8.14,0.64,20.0,0.66,49.98,0.67,70.5,0.34,44.98,0.33,70.5,0.35,41.0,0.36,20.0,0.01,0.01,2322.074415,1776208979000
1776208980.874,180.874,0.65,8.14,0.64,20.0,0.66,49.98,0.67,70.5,0.34,49.98,0.33,70.5,0.35,8.14,0.36,20.0,0.01,0.01,2322.074097,1776208980000
1776208981.511,181.511,0.65,11.0,0.64,20.0,0.66,46.29,0.67,70.5,0.34,49.98,0.33,70.5,0.35,8.14,0.36,20.0,0.01,0.01,2322.074097,1776208980000
1776208981.863,181.863,0.65,11.0,0.64,20.0,0.66,46.29,0.67,70.5,0.34,46.29,0.33,70.5,0.35,11.0,0.36,20.0,0.01,0.01,2322.074902,1776208981000
1776208982.35,182.35,0.64,46.0,0.62,50.0,0.66,47.19,0.67,70.5,0.34,15.69,0.33,70.5,0.35,11.0,0.36,5.0,0.02,0.01,2322.074902,1776208981000
1776208982.924,182.924,0.64,46.0,0.62,50.0,0.66,47.19,0.67,70.5,0.34,47.19,0.33,70.5,0.36,46.0,0.38,50.0,0.02,0.02,2322.074538,1776208982000
1776208983.137,183.137,0.62,50.0,0.6,50.0,0.66,113.19,0.67,70.5,0.34,47.19,0.33,70.5,0.36,46.0,0.38,50.0,0.04,0.02,2322.074538,1776208982000
1776208983.44,183.44,0.59,12.9,0.58,25.0,0.66,143.19,0.67,70.5,0.34,113.19,0.33,70.5,0.38,50.0,0.4,50.0,0.07,0.04,2322.074538,1776208982000
1776208983.979,183.979,0.59,22.9,0.58,25.0,0.61,5.0,0.64,10.0,0.39,5.0,0.36,10.0,0.41,22.9,0.42,25.0,0.02,0.02,2322.010463,1776208983000
1776208984.179,184.179,0.59,13.21,0.58,40.5,0.61,54.43,0.62,5.0,0.39,48.93,0.38,10.0,0.41,30.0,0.42,40.5,0.02,0.02,2322.010463,1776208983000
1776208984.661,184.661,0.59,15.77,0.58,40.5,0.6,15.0,0.61,64.43,0.39,54.43,0.38,5.0,0.41,13.21,0.42,40.5,0.01,0.02,2322.010463,1776208983000
1776208984.876,184.876,0.59,20.0,0.58,40.5,0.6,15.0,0.61,64.43,0.4,15.0,0.39,64.43,0.41,15.77,0.42,40.5,0.01,0.01,2322.010463,1776208983000
1776208985.965,185.965,0.59,10.0,0.58,40.5,0.6,10.0,0.61,64.43,0.4,10.0,0.39,64.43,0.41,10.0,0.42,40.5,0.01,0.01,2321.793735,1776208985000
1776208986.97,186.97,0.59,10.0,0.58,40.5,0.6,10.0,0.61,64.43,0.4,10.0,0.39,64.43,0.41,10.0,0.42,40.5,0.01,0.01,2321.790225,1776208986000
1776208987.435,187.435,0.59,10.5,0.58,40.5,0.6,15.0,0.61,53.93,0.4,10.0,0.39,64.43,0.41,10.0,0.42,40.5,0.01,0.01,2321.790225,1776208986000
1776208987.967,187.967,0.59,10.5,0.58,40.5,0.6,15.0,0.61,53.93,0.4,15.0,0.39,53.93,0.41,10.5,0.42,40.5,0.01,0.01,2321.78591,1776208987000
1776208988.987,188.987,0.59,10.5,0.58,40.5,0.6,15.0,0.61,53.93,0.4,15.0,0.39,53.93,0.41,10.5,0.42,40.5,0.01,0.01,2321.818689,1776208988000
1776208989.911,189.911,0.59,10.5,0.58,40.5,0.6,15.0,0.61,53.93,0.4,15.0,0.39,53.93,0.41,10.5,0.42,40.5,0.01,0.01,2321.819115,1776208989000
1776208991.413,191.413,0.59,10.5,0.58,40.5,0.6,15.0,0.61,53.93,0.4,15.0,0.39,53.93,0.41,10.5,0.42,40.5,0.01,0.01,2321.814575,1776208990000
1776208991.692,191.692,0.59,65.5,0.58,50.5,0.64,10.0,0.65,65.0,0.4,15.0,0.39,53.93,0.41,10.5,0.42,40.5,0.05,0.01,2321.814575,1776208990000
1776208992.001,192.001,0.59,65.5,0.58,50.5,0.64,10.0,0.65,65.0,0.36,10.0,0.35,65.0,0.41,65.5,0.42,50.5,0.05,0.05,2321.812224,1776208991000
1776208993.049,193.049,0.59,65.5,0.58,50.5,0.64,10.0,0.65,65.0,0.36,10.0,0.35,65.0,0.41,65.5,0.42,50.5,0.05,0.05,2321.826685,1776208992000
1776208994.204,194.204,0.59,65.5,0.58,50.5,0.64,10.0,0.65,65.0,0.36,10.0,0.35,65.0,0.41,65.5,0.42,50.5,0.05,0.05,2321.934672,1776208993000
1776208995.352,195.352,0.59,65.5,0.58,50.5,0.64,10.0,0.65,65.0,0.36,10.0,0.35,65.0,0.41,65.5,0.42,50.5,0.05,0.05,2321.931369,1776208994000
1776208995.884,195.884,0.59,65.5,0.58,50.5,0.64,10.0,0.65,65.0,0.36,10.0,0.35,65.0,0.41,65.5,0.42,50.5,0.05,0.05,2321.931509,1776208995000
1776208996.998,196.998,0.59,65.5,0.58,50.5,0.64,10.0,0.65,65.0,0.36,10.0,0.35,65.0,0.41,65.5,0.42,50.5,0.05,0.05,2321.930201,1776208996000
1776208998.091,198.091,0.59,65.5,0.58,50.5,0.64,10.0,0.65,65.0,0.36,10.0,0.35,65.0,0.41,65.5,0.42,50.5,0.05,0.05,2321.938673,1776208997000
1776208999.167,199.167,0.59,65.5,0.58,50.5,0.64,10.0,0.65,65.0,0.36,10.0,0.35,65.0,0.41,65.5,0.42,50.5,0.05,0.05,2321.935082,1776208998000
1776208999.531,199.531,0.79,46.76,0.78,25.0,0.81,5.0,0.82,50.0,0.2,5.29,0.19,5.0,0.21,41.76,0.22,25.0,0.02,0.01,2321.935082,1776208998000
1776208999.901,199.901,0.8,57.0,0.79,27.76,0.81,15.07,0.82,50.0,0.19,5.0,0.18,50.0,0.21,46.76,0.22,25.0,0.01,0.02,2321.935082,1776208998000
1776209000.129,200.129,0.81,23.94,0.8,61.0,0.82,60.5,0.83,115.0,0.19,4.69,0.18,50.0,0.2,57.0,0.21,27.76,0.01,0.01,2321.935082,1776208998000
1776209000.49,200.49,0.81,58.94,0.8,61.0,0.82,66.11,0.83,110.0,0.18,60.5,0.17,115.0,0.19,23.94,0.2,61.0,0.01,0.01,2322.166245,1776208999000
1776209000.833,200.833,0.81,42.88,0.8,61.0,0.82,66.11,0.83,110.0,0.18,66.11,0.17,110.0,0.19,58.94,0.2,61.0,0.01,0.01,2322.166245,1776208999000
1776209001.324,201.324,0.81,37.09,0.8,61.0,0.82,66.11,0.83,110.0,0.18,66.11,0.17,110.0,0.19,37.09,0.2,61.0,0.01,0.01,2322.569335,1776209000000
1776209001.566,201.566,0.81,28.03,0.8,60.96,0.82,66.11,0.83,110.0,0.18,66.11,0.17,110.0,0.19,37.09,0.2,61.0,0.01,0.01,2322.569335,1776209000000
1776209001.881,201.881,0.81,28.03,0.8,60.96,0.82,66.11,0.83,110.0,0.18,66.11,0.17,110.0,0.19,28.03,0.2,60.96,0.01,0.01,2322.631315,1776209001000
1776209002.865,202.865,0.81,10.0,0.79,7.0,0.82,49.89,0.83,110.0,0.18,66.11,0.17,110.0,0.19,28.03,0.2,60.96,0.01,0.01,2322.631315,1776209001000
1776209003.171,203.171,0.78,9.9,0.77,7.0,0.82,111.89,0.83,110.0,0.18,111.89,0.17,110.0,0.22,10.0,0.23,7.0,0.04,0.04,2322.63714,1776209002000
1776209003.379,203.379,0.78,20.0,0.77,7.0,0.81,60.0,0.82,96.5,0.19,60.0,0.18,72.89,0.21,7.0,0.22,70.0,0.03,0.02,2322.63714,1776209002000
1776209004.091,204.091,0.78,20.0,0.77,7.0,0.81,60.0,0.82,96.5,0.19,60.0,0.18,96.5,0.22,20.0,0.23,77.0,0.03,0.03,2322.5962,1776209003000
1776209004.535,204.535,0.79,5.0,0.78,35.0,0.8,20.0,0.81,10.0,0.19,60.0,0.18,96.5,0.22,20.0,0.23,77.0,0.01,0.03,2322.5962,1776209003000
1776209005.451,205.451,0.79,15.0,0.78,30.0,0.81,8.64,0.82,26.11,0.2,14.93,0.19,10.0,0.21,5.0,0.22,35.0,0.02,0.01,2322.5962,1776209003000
1776209005.76,205.76,0.79,12.76,0.78,42.0,0.82,26.11,0.83,120.0,0.18,31.11,0.17,120.0,0.21,15.0,0.22,30.0,0.03,0.03,2322.457535,1776209004000
1776209006.322,206.322,0.79,12.76,0.78,42.0,0.82,26.11,0.83,120.0,0.18,26.11,0.17,120.0,0.21,12.76,0.22,42.0,0.03,0.03,2322.443916,1776209005000
1776209006.678,206.678,0.79,2.0,0.78,10.0,0.81,31.0,0.82,44.21,0.18,26.11,0.17,120.0,0.21,12.76,0.22,42.0,0.02,0.03,2322.443916,1776209005000
1776209007.368,207.368,0.77,5.0,0.76,65.0,0.78,8.0,0.8,10.0,0.22,8.0,0.2,10.0,0.23,5.0,0.24,65.0,0.01,0.01,2322.443745,1776209006000
1776209007.652,207.652,0.74,9.42,0.73,5.0,0.77,158.0,0.78,32.0,0.22,8.0,0.2,10.0,0.23,5.0,0.24,65.0,0.03,0.01,2322.443745,1776209006000
1776209008.1,208.1,0.72,46.28,0.71,118.0,0.77,158.0,0.78,32.0,0.23,158.0,0.22,32.0,0.28,46.28,0.29,118.0,0.05,0.05,2322.446545,1776209007000
1776209008.466,208.466,0.72,10.28,0.71,79.5,0.73,65.0,0.74,20.0,0.23,158.0,0.22,32.0,0.28,46.28,0.29,118.0,0.01,0.05,2322.446545,1776209007000
1776209009.144,209.144,0.72,10.28,0.71,79.5,0.73,65.0,0.74,20.0,0.27,65.0,0.26,20.0,0.28,10.28,0.29,79.5,0.01,0.01,2322.412544,1776209008000
1776209009.681,209.681,0.71,29.5,0.7,12.0,0.73,99.0,0.74,25.0,0.27,65.0,0.26,20.0,0.28,10.28,0.29,79.5,0.02,0.01,2322.412544,1776209008000
1776209010.035,210.035,0.71,34.5,0.7,12.0,0.72,186.89,0.73,20.0,0.27,109.0,0.26,25.0,0.29,29.5,0.3,12.0,0.01,0.02,2322.412544,1776209008000
1776209010.263,210.263,0.71,19.5,0.7,12.0,0.72,68.93,0.73,15.0,0.28,186.89,0.27,20.0,0.29,24.5,0.3,12.0,0.01,0.01,2322.124492,1776209009000
1776209010.903,210.903,0.66,12.08,0.65,15.8,0.72,73.93,0.73,15.0,0.28,68.93,0.27,15.0,0.29,19.5,0.3,12.0,0.06,0.01,2322.124492,1776209009000
1776209011.365,211.365,0.66,12.08,0.65,15.8,0.72,73.93,0.73,15.0,0.28,73.93,0.27,15.0,0.34,12.08,0.35,15.8,0.06,0.06,2322.036442,1776209010000
1776209011.675,211.675,0.66,4.08,0.65,15.8,0.67,100.1,0.68,10.0,0.28,73.93,0.27,15.0,0.34,12.08,0.35,15.8,0.01,0.06,2322.036442,1776209010000
1776209011.902,211.902,0.65,1.82,0.64,30.6,0.66,45.92,0.67,162.1,0.34,45.92,0.33,184.1,0.35,15.7,0.36,30.6,0.01,0.01,2322.036442,1776209010000
1776209012.125,212.125,0.64,11.89,0.63,20.4,0.66,45.92,0.67,162.1,0.34,45.92,0.33,162.1,0.36,15.98,0.37,20.4,0.02,0.02,2322.036442,1776209010000
1776209012.392,212.392,0.6,40.0,0.59,24.9,0.62,17.85,0.63,27.36,0.38,17.85,0.37,27.36,0.4,40.0,0.41,24.9,0.02,0.02,2322.01237,1776209011000
1776209012.799,212.799,0.57,170.0,0.56,85.0,0.58,39.82,0.59,46.68,0.41,19.68,0.39,164.19,0.42,45.0,0.43,184.7,0.01,0.01,2322.01237,1776209011000
1776209013.175,213.175,0.57,60.0,0.56,85.0,0.58,34.37,0.59,46.68,0.42,27.65,0.41,46.68,0.43,160.0,0.44,85.0,0.01,0.01,2322.004416,1776209012000
1776209014.072,214.072,0.57,100.01,0.56,85.0,0.59,46.68,0.6,10.0,0.41,46.68,0.4,10.0,0.43,100.01,0.44,85.0,0.02,0.02,2321.652099,1776209013000
1776209015.205,215.205,0.57,90.01,0.56,90.0,0.58,5.0,0.59,39.68,0.42,5.0,0.41,39.68,0.43,90.01,0.44,90.0,0.01,0.01,2321.490325,1776209014000
1776209016.316,216.316,0.57,90.01,0.56,90.0,0.58,5.0,0.59,39.68,0.42,5.0,0.41,39.68,0.43,90.01,0.44,90.0,0.01,0.01,2321.481282,1776209015000
1776209017.126,217.126,0.57,45.01,0.56,220.0,0.59,5.0,0.61,5.0,0.42,5.0,0.41,39.68,0.43,90.01,0.44,90.0,0.02,0.01,2321.481282,1776209015000
1776209018.408,218.408,0.61,50.0,0.57,45.01,0.62,9.83,0.64,16.0,0.38,9.83,0.36,16.0,0.39,50.0,0.43,45.01,0.01,0.01,2321.488045,1776209017000
1776209018.995,218.995,0.61,50.0,0.57,45.01,0.62,9.83,0.64,16.0,0.38,9.83,0.36,16.0,0.39,50.0,0.43,45.01,0.01,0.01,2321.6263,1776209018000
1776209019.466,219.466,0.61,108.01,0.59,10.0,0.62,4.0,0.63,28.1,0.38,9.83,0.36,16.0,0.39,50.0,0.43,45.01,0.01,0.01,2321.6263,1776209018000
1776209020.185,220.185,0.61,68.0,0.59,10.0,0.63,5.1,0.64,26.0,0.37,5.1,0.36,26.0,0.39,68.0,0.41,10.0,0.02,0.02,2321.683009,1776209019000
1776209021.271,221.271,0.61,68.0,0.59,10.0,0.63,5.1,0.64,26.0,0.37,5.1,0.36,26.0,0.39,68.0,0.41,10.0,0.02,0.02,2321.691635,1776209020000
1776209021.848,221.848,0.61,68.0,0.59,10.0,0.63,5.1,0.64,26.0,0.37,5.1,0.36,26.0,0.39,68.0,0.41,10.0,0.02,0.02,2321.691318,1776209021000
1776209022.573,222.573,0.68,6.0,0.67,30.0,0.69,9.0,0.72,4.9,0.28,4.9,0.27,90.0,0.29,40.0,0.34,34.63,0.01,0.01,2321.691318,1776209021000
1776209022.9,222.9,0.68,6.0,0.67,30.0,0.69,9.0,0.72,4.9,0.31,9.0,0.28,4.9,0.32,6.0,0.33,30.0,0.01,0.01,2321.666625,1776209022000
1776209023.285,223.285,0.68,16.0,0.67,40.0,0.69,7.0,0.72,4.9,0.31,9.0,0.28,4.9,0.32,6.0,0.33,30.0,0.01,0.01,2321.666625,1776209022000
1776209023.543,223.543,0.68,16.0,0.67,40.0,0.74,4.89,0.75,15.0,0.31,5.0,0.28,4.9,0.32,16.0,0.33,40.0,0.06,0.01,2321.666625,1776209022000
1776209024.0,224.0,0.68,16.0,0.67,40.0,0.74,4.89,0.75,15.0,0.26,4.89,0.25,15.0,0.32,16.0,0.33,40.0,0.06,0.06,2321.89932,1776209023000
1776209025.093,225.093,0.68,16.0,0.67,40.0,0.74,4.89,0.75,15.0,0.26,4.89,0.25,15.0,0.32,16.0,0.33,40.0,0.06,0.06,2321.97013,1776209024000
1776209026.317,226.317,0.68,16.0,0.67,40.0,0.74,4.89,0.75,15.0,0.26,4.89,0.25,15.0,0.32,16.0,0.33,40.0,0.06,0.06,2321.96981,1776209025000
1776209026.538,226.538,0.72,22.03,0.71,15.0,0.73,34.95,0.74,4.89,0.27,11.8,0.26,4.89,0.28,34.0,0.29,27.0,0.01,0.01,2321.96981,1776209025000
1776209026.856,226.856,0.6,35.0,0.59,36.0,0.64,10.0,0.65,39.0,0.28,10.0,0.27,44.95,0.36,10.0,0.4,35.0,0.04,0.08,2321.96981,1776209025000
1776209028.025,228.025,0.6,35.0,0.59,36.0,0.64,10.0,0.65,39.0,0.36,10.0,0.35,39.0,0.4,35.0,0.41,36.0,0.04,0.04,2321.96894,1776209027000
1776209028.803,228.803,0.6,35.0,0.59,36.0,0.64,10.0,0.65,39.0,0.36,10.0,0.35,39.0,0.4,35.0,0.41,36.0,0.04,0.04,2321.955645,1776209028000
1776209030.056,230.056,0.6,35.0,0.59,36.0,0.64,10.0,0.65,39.0,0.36,10.0,0.35,39.0,0.4,35.0,0.41,36.0,0.04,0.04,2321.765074,1776209029000
1776209031.122,231.122,0.6,35.0,0.59,36.0,0.64,10.0,0.65,39.0,0.36,10.0,0.35,39.0,0.4,35.0,0.41,36.0,0.04,0.04,2321.76233,1776209030000
1776209032.443,232.443,0.58,5.03,0.57,66.5,0.6,10.5,0.61,20.5,0.4,10.5,0.39,20.5,0.42,5.03,0.43,66.5,0.02,0.02,2321.752396,1776209031000
1776209032.958,232.958,0.58,5.03,0.57,66.5,0.6,10.5,0.61,20.5,0.4,10.5,0.39,20.5,0.42,5.03,0.43,66.5,0.02,0.02,2321.63071,1776209032000
1776209034.008,234.008,0.58,5.03,0.57,66.5,0.6,10.5,0.61,20.5,0.4,10.5,0.39,20.5,0.42,5.03,0.43,66.5,0.02,0.02,2321.607583,1776209033000
1776209035.029,235.029,0.58,5.03,0.57,66.5,0.6,10.5,0.61,20.5,0.4,10.5,0.39,20.5,0.42,5.03,0.43,66.5,0.02,0.02,2321.595799,1776209034000
1776209036.304,236.304,0.58,5.03,0.57,66.5,0.6,10.5,0.61,20.5,0.4,10.5,0.39,20.5,0.42,5.03,0.43,66.5,0.02,0.02,2321.61073,1776209035000
1776209037.504,237.504,0.57,21.5,0.56,150.5,0.58,14.91,0.59,25.0,0.4,10.5,0.39,20.5,0.42,5.03,0.43,66.5,0.01,0.02,2321.61073,1776209035000
1776209038.658,238.658,0.57,21.5,0.56,150.5,0.58,14.91,0.59,25.0,0.42,14.91,0.41,25.0,0.43,21.5,0.44,150.5,0.01,0.01,2321.605477,1776209037000
1776209039.272,239.272,0.57,21.5,0.56,150.5,0.58,14.91,0.59,25.0,0.42,14.91,0.41,25.0,0.43,21.5,0.44,150.5,0.01,0.01,2321.605483,1776209038000
1776209040.45,240.45,0.57,21.5,0.56,150.5,0.58,14.91,0.59,25.0,0.42,14.91,0.41,25.0,0.43,21.5,0.44,150.5,0.01,0.01,2321.611183,1776209039000
1776209040.693,240.693,0.57,16.0,0.56,140.0,0.58,24.73,0.59,50.0,0.42,19.73,0.41,50.0,0.43,22.0,0.44,140.0,0.01,0.01,2321.611183,1776209039000
1776209041.515,241.515,0.57,16.0,0.56,140.0,0.58,24.73,0.59,50.0,0.42,24.73,0.41,50.0,0.43,16.0,0.44,140.0,0.01,0.01,2321.635681,1776209040000
1776209042.295,242.295,0.57,16.0,0.56,140.0,0.58,24.73,0.59,50.0,0.42,24.73,0.41,50.0,0.43,16.0,0.44,140.0,0.01,0.01,2321.640558,1776209041000
1776209043.122,243.122,0.57,16.0,0.56,140.0,0.58,24.73,0.59,50.0,0.42,24.73,0.41,50.0,0.43,16.0,0.44,140.0,0.01,0.01,2321.640563,1776209042000
1776209044.055,244.055,0.57,24.0,0.56,140.0,0.58,54.76,0.59,50.0,0.42,24.73,0.41,50.0,0.43,16.0,0.44,140.0,0.01,0.01,2321.640563,1776209042000
1776209044.501,244.501,0.57,24.0,0.56,140.0,0.58,54.76,0.59,50.0,0.42,54.76,0.41,50.0,0.43,24.0,0.44,140.0,0.01,0.01,2321.643805,1776209043000
1776209045.332,245.332,0.57,24.0,0.56,140.0,0.58,54.76,0.59,50.0,0.42,54.76,0.41,50.0,0.43,24.0,0.44,140.0,0.01,0.01,2321.651844,1776209044000
1776209046.63,246.63,0.57,24.0,0.56,140.0,0.58,54.76,0.59,50.0,0.42,54.76,0.41,50.0,0.43,24.0,0.44,140.0,0.01,0.01,2321.65113,1776209045000
1776209047.392,247.392,0.57,24.0,0.56,140.0,0.58,54.76,0.59,50.0,0.42,54.76,0.41,50.0,0.43,24.0,0.44,140.0,0.01,0.01,2321.648711,1776209046000
1776209048.278,248.278,0.57,24.0,0.56,140.0,0.58,54.76,0.59,50.0,0.42,54.76,0.41,50.0,0.43,24.0,0.44,140.0,0.01,0.01,2321.648711,1776209047000
1776209049.44,249.44,0.57,24.0,0.56,140.0,0.58,54.76,0.59,50.0,0.42,54.76,0.41,50.0,0.43,24.0,0.44,140.0,0.01,0.01,2321.633045,1776209048000
1776209050.372,250.372,0.57,24.0,0.56,140.0,0.58,54.76,0.59,50.0,0.42,54.76,0.41,50.0,0.43,24.0,0.44,140.0,0.01,0.01,2321.633045,1776209049000
1776209051.658,251.658,0.57,24.0,0.56,140.0,0.58,54.76,0.59,50.0,0.42,54.76,0.41,50.0,0.43,24.0,0.44,140.0,0.01,0.01,2321.648842,1776209050000
1776209052.473,252.473,0.57,24.0,0.56,140.0,0.58,54.76,0.59,50.0,0.42,54.76,0.41,50.0,0.43,24.0,0.44,140.0,0.01,0.01,2321.646865,1776209051000
1776209053.523,253.523,0.57,24.0,0.56,140.0,0.58,54.76,0.59,50.0,0.42,54.76,0.41,50.0,0.43,24.0,0.44,140.0,0.01,0.01,2321.668725,1776209052000
1776209053.986,253.986,0.57,24.0,0.56,140.0,0.58,54.76,0.59,50.0,0.42,54.76,0.41,50.0,0.43,24.0,0.44,140.0,0.01,0.01,2321.70052,1776209053000
1776209055.017,255.017,0.57,24.0,0.56,140.0,0.58,54.76,0.59,50.0,0.42,54.76,0.41,50.0,0.43,24.0,0.44,140.0,0.01,0.01,2321.694135,1776209054000
1776209055.46,255.46,0.57,34.37,0.56,141.0,0.58,5.0,0.59,25.0,0.42,54.76,0.41,50.0,0.43,24.0,0.44,140.0,0.01,0.01,2321.694135,1776209054000
1776209055.926,255.926,0.57,34.37,0.56,141.0,0.58,5.0,0.59,25.0,0.42,5.0,0.41,25.0,0.43,34.37,0.44,141.0,0.01,0.01,2321.6995,1776209055000
1776209056.677,256.677,0.57,23.43,0.56,136.0,0.58,5.0,0.59,35.0,0.42,5.0,0.41,35.0,0.43,26.92,0.44,136.0,0.01,0.01,2321.6995,1776209055000
1776209056.981,256.981,0.57,28.43,0.56,136.0,0.58,6.37,0.59,40.0,0.42,5.0,0.41,35.0,0.43,23.43,0.44,136.0,0.01,0.01,2321.6995,1776209055000
1776209057.998,257.998,0.57,28.43,0.56,136.0,0.58,6.37,0.59,40.0,0.42,6.37,0.41,40.0,0.43,28.43,0.44,136.0,0.01,0.01,2321.696468,1776209057000
1776209058.567,258.567,0.58,12.61,0.57,13.43,0.59,35.0,0.6,10.0,0.42,6.37,0.41,40.0,0.43,28.43,0.44,136.0,0.01,0.01,2321.696468,1776209057000
1776209059.169,259.169,0.58,12.61,0.57,13.43,0.59,28.3,0.6,10.0,0.41,28.3,0.4,10.0,0.42,12.61,0.43,13.43,0.01,0.01,2321.695139,1776209058000
1776209060.105,260.105,0.58,12.61,0.57,13.43,0.59,28.3,0.6,10.0,0.41,28.3,0.4,10.0,0.42,12.61,0.43,13.43,0.01,0.01,2321.706343,1776209059000
1776209061.042,261.042,0.58,12.61,0.57,13.43,0.59,28.3,0.6,10.0,0.41,28.3,0.4,10.0,0.42,12.61,0.43,13.43,0.01,0.01,2321.702351,1776209060000
1776209061.747,261.747,0.57,19.43,0.56,130.0,0.59,28.3,0.6,20.0,0.41,28.3,0.4,10.0,0.42,12.61,0.43,13.43,0.02,0.01,2321.702351,1776209060000
1776209061.965,261.965,0.57,19.43,0.56,130.0,0.59,28.3,0.6,20.0,0.41,28.3,0.4,20.0,0.43,19.43,0.44,130.0,0.02,0.02,2321.703107,1776209061000
1776209062.832,262.832,0.56,20.02,0.55,210.0,0.58,137.0,0.59,51.3,0.41,28.3,0.4,20.0,0.43,19.43,0.44,130.0,0.02,0.02,2321.703107,1776209061000
1776209063.279,263.279,0.56,0.02,0.55,25.0,0.57,137.24,0.58,68.0,0.43,15.0,0.42,132.0,0.44,0.02,0.45,75.0,0.01,0.01,2321.70308,1776209062000
1776209063.814,263.814,0.56,10.02,0.55,25.0,0.57,95.48,0.58,53.0,0.43,137.24,0.42,68.0,0.44,0.02,0.45,25.0,0.01,0.01,2321.70308,1776209062000
1776209064.144,264.144,0.56,7.74,0.55,25.0,0.57,106.48,0.58,53.0,0.43,95.48,0.42,53.0,0.44,10.02,0.45,25.0,0.01,0.01,2321.683054,1776209063000
1776209064.397,264.397,0.56,7.74,0.55,25.0,0.57,89.48,0.58,53.0,0.43,106.48,0.42,53.0,0.44,7.74,0.45,25.0,0.01,0.01,2321.683054,1776209063000
1776209064.755,264.755,0.56,5.46,0.55,25.0,0.57,93.0,0.58,28.0,0.43,89.48,0.42,53.0,0.44,7.74,0.45,25.0,0.01,0.01,2321.683054,1776209063000
1776209065.018,265.018,0.56,3.18,0.55,25.0,0.57,93.0,0.58,28.0,0.43,93.0,0.42,28.0,0.44,3.18,0.45,25.0,0.01,0.01,2321.617933,1776209064000
1776209065.702,265.702,0.55,55.0,0.54,280.0,0.57,10.0,0.58,58.13,0.44,41.21,0.43,60.13,0.45,30.0,0.46,190.0,0.02,0.01,2321.617933,1776209064000
1776209066.177,266.177,0.54,190.0,0.53,366.0,0.56,15.0,0.57,20.0,0.43,10.0,0.42,58.13,0.45,55.0,0.46,280.0,0.02,0.02,2321.617933,1776209064000
1776209066.436,266.436,0.54,190.0,0.53,366.0,0.56,15.0,0.57,20.0,0.44,15.0,0.43,20.0,0.46,190.0,0.47,366.0,0.02,0.02,2321.563816,1776209065000
1776209066.892,266.892,0.54,190.0,0.53,366.0,0.56,15.0,0.57,20.0,0.44,15.0,0.43,20.0,0.46,190.0,0.47,366.0,0.02,0.02,2321.563816,1776209066000
1776209067.366,267.366,0.54,205.0,0.53,371.0,0.55,18.1,0.56,15.0,0.44,15.0,0.43,20.0,0.46,190.0,0.47,366.0,0.01,0.02,2321.563816,1776209066000
1776209067.853,267.853,0.54,205.0,0.53,371.0,0.55,18.1,0.56,15.0,0.45,18.1,0.44,15.0,0.46,205.0,0.47,371.0,0.01,0.01,2321.57019,1776209067000
1776209068.132,268.132,0.54,210.0,0.53,371.0,0.55,10.65,0.56,25.0,0.45,7.73,0.44,25.0,0.46,205.0,0.47,371.0,0.01,0.01,2321.57019,1776209067000
1776209068.769,268.769,0.54,1.95,0.53,360.0,0.55,315.65,0.56,158.0,0.45,10.65,0.44,25.0,0.46,210.0,0.47,371.0,0.01,0.01,2321.57019,1776209067000
1776209069.008,269.008,0.53,55.0,0.52,320.0,0.55,315.65,0.56,158.0,0.45,315.65,0.44,158.0,0.46,1.95,0.47,360.0,0.02,0.01,2321.569261,1776209068000
1776209069.218,269.218,0.52,260.0,0.51,30.0,0.54,279.0,0.55,35.65,0.45,315.65,0.44,158.0,0.47,55.0,0.48,320.0,0.02,0.02,2321.569261,1776209068000
1776209069.867,269.867,0.5,160.0,0.49,45.0,0.51,321.72,0.52,36.0,0.46,279.0,0.45,35.65,0.48,260.0,0.49,30.0,0.01,0.02,2321.569261,1776209068000
1776209070.217,270.217,0.5,160.0,0.49,45.0,0.51,317.07,0.52,36.0,0.49,319.04,0.48,36.0,0.5,160.0,0.51,45.0,0.01,0.01,2321.569261,1776209068000
1776209071.226,271.226,0.5,30.0,0.49,45.0,0.51,132.01,0.52,25.0,0.49,317.07,0.48,36.0,0.5,160.0,0.51,45.0,0.01,0.01,2321.564471,1776209069000
1776209072.002,272.002,0.49,45.0,0.48,224.4,0.5,35.0,0.51,117.01,0.49,132.01,0.48,25.0,0.5,30.0,0.51,45.0,0.01,0.01,2321.524935,1776209070000
1776209073.165,273.165,0.49,45.0,0.48,224.4,0.5,35.0,0.51,117.01,0.5,35.0,0.49,117.01,0.51,45.0,0.52,224.4,0.01,0.01,2321.486931,1776209072000
1776209074.087,274.087,0.49,45.0,0.48,224.4,0.5,35.0,0.51,117.01,0.5,35.0,0.49,117.01,0.51,45.0,0.52,224.4,0.01,0.01,2321.469078,1776209073000
1776209075.212,275.212,0.49,45.0,0.48,224.4,0.5,35.0,0.51,117.01,0.5,35.0,0.49,117.01,0.51,45.0,0.52,224.4,0.01,0.01,2321.474087,1776209074000
1776209075.803,275.803,0.49,10.0,0.48,210.0,0.5,33.0,0.51,105.01,0.5,35.0,0.49,117.01,0.51,45.0,0.52,224.4,0.01,0.01,2321.474087,1776209074000
1776209076.062,276.062,0.49,10.0,0.48,210.0,0.5,33.0,0.51,105.01,0.5,33.0,0.49,105.01,0.51,10.0,0.52,210.0,0.01,0.01,2321.474267,1776209075000
1776209077.008,277.008,0.49,15.0,0.48,210.0,0.5,23.0,0.51,85.01,0.5,33.0,0.49,105.01,0.51,10.0,0.52,210.0,0.01,0.01,2321.474267,1776209075000
1776209077.535,277.535,0.49,13.15,0.48,210.0,0.5,20.0,0.51,85.01,0.49,95.01,0.48,20.0,0.51,15.0,0.52,210.0,0.01,0.02,2321.473784,1776209076000
1776209078.078,278.078,0.49,13.15,0.48,210.0,0.5,20.0,0.51,85.01,0.5,20.0,0.49,85.01,0.51,13.15,0.52,210.0,0.01,0.01,2321.470029,1776209077000
1776209079.004,279.004,0.49,3.15,0.48,210.0,0.5,20.0,0.51,95.01,0.5,20.0,0.49,85.01,0.51,13.15,0.52,210.0,0.01,0.01,2321.470029,1776209077000
1776209079.214,279.214,0.49,3.15,0.48,210.0,0.5,20.0,0.51,95.01,0.5,20.0,0.49,95.01,0.51,3.15,0.52,210.0,0.01,0.01,2321.471408,1776209078000
1776209079.821,279.821,0.49,3.15,0.48,170.0,0.5,104.9,0.51,95.01,0.5,20.0,0.49,95.01,0.51,3.15,0.52,210.0,0.01,0.01,2321.471408,1776209078000
1776209080.071,280.071,0.49,3.15,0.48,170.0,0.5,105.9,0.51,95.01,0.5,102.9,0.49,95.01,0.51,3.15,0.52,170.0,0.01,0.01,2321.471408,1776209078000
1776209080.657,280.657,0.49,3.15,0.48,170.0,0.5,105.9,0.51,95.01,0.5,105.9,0.49,95.01,0.51,3.15,0.52,170.0,0.01,0.01,2321.47037,1776209079000
1776209081.523,281.523,0.49,3.15,0.48,170.0,0.5,105.9,0.51,95.01,0.5,105.9,0.49,95.01,0.51,3.15,0.52,170.0,0.01,0.01,2321.469835,1776209080000
1776209081.864,281.864,0.47,45.0,0.46,135.0,0.5,117.0,0.51,90.01,0.5,105.9,0.49,95.01,0.51,3.15,0.52,170.0,0.03,0.01,2321.469835,1776209080000
1776209082.151,282.151,0.46,135.0,0.45,75.0,0.48,10.0,0.49,25.0,0.52,10.0,0.51,25.0,0.54,135.0,0.55,75.0,0.02,0.02,2321.471097,1776209081000
1776209083.447,283.447,0.46,135.0,0.45,75.0,0.48,10.0,0.49,25.0,0.52,10.0,0.51,25.0,0.54,135.0,0.55,75.0,0.02,0.02,2321.470019,1776209082000
1776209083.648,283.648,0.09,12.95,0.06,50.0,0.1,15.0,0.11,15.0,0.87,15.0,0.86,25.0,0.88,3.86,0.91,5.0,0.01,0.01,2321.470019,1776209082000
1776209083.864,283.864,0.06,65.76,0.05,20.0,0.12,12.6,0.13,30.0,0.9,10.0,0.89,3.75,0.94,48.93,0.95,20.0,0.06,0.04,2321.470019,1776209082000
1776209084.117,284.117,0.06,75.54,0.05,38.03,0.1,8.0,0.11,10.0,0.9,8.0,0.89,10.0,0.94,75.54,0.95,38.03,0.04,0.04,2321.471427,1776209083000
1776209084.36,284.36,0.07,39.15,0.06,110.57,0.13,15.0,0.14,10.0,0.92,10.0,0.91,10.0,0.93,14.15,0.94,75.54,0.06,0.01,2321.471427,1776209083000
1776209084.609,284.609,0.16,3.27,0.1,10.0,0.17,15.0,0.18,15.0,0.83,16.02,0.82,10.0,0.84,3.8,0.86,77.95,0.01,0.01,2321.471427,1776209083000
1776209084.857,284.857,0.07,34.15,0.06,10.0,0.1,5.0,0.11,20.0,0.89,20.0,0.88,10.0,0.91,5.0,0.92,10.0,0.03,0.02,2321.471427,1776209083000
1776209085.154,285.154,0.07,1.47,0.06,10.0,0.08,24.0,0.09,10.0,0.92,9.0,0.91,5.0,0.93,9.05,0.94,10.0,0.01,0.01,2321.471427,1776209083000
1776209085.439,285.439,0.07,0.46,0.06,10.0,0.08,24.0,0.09,20.0,0.92,24.0,0.91,20.0,0.93,0.46,0.94,10.0,0.01,0.01,2321.0761,1776209084000
1776209085.947,285.947,0.06,10.0,0.05,30.0,0.08,19.0,0.09,20.0,0.92,19.0,0.91,20.0,0.94,10.0,0.95,30.0,0.02,0.02,2321.046105,1776209085000
1776209086.689,286.689,0.05,9.02,0.04,186.77,0.07,57.0,0.08,90.0,0.91,20.0,0.9,20.0,0.92,7.62,0.95,18.5,0.02,0.01,2321.046105,1776209085000
1776209087.132,287.132,0.05,3.87,0.04,186.77,0.06,56.0,0.07,30.0,0.94,36.0,0.93,30.0,0.95,3.87,0.96,186.77,0.01,0.01,2321.046105,1776209085000
1776209087.373,287.373,0.05,24.47,0.04,84.81,0.06,33.17,0.07,35.0,0.94,33.17,0.93,35.0,0.95,24.47,0.96,84.81,0.01,0.01,2320.811047,1776209086000
1776209087.963,287.963,0.05,24.47,0.04,84.81,0.06,33.17,0.07,35.0,0.94,33.17,0.93,35.0,0.95,24.47,0.96,84.81,0.01,0.01,2320.781805,1776209087000
1776209088.678,288.678,0.05,5.0,0.04,34.81,0.06,202.92,0.07,25.0,0.94,33.17,0.93,35.0,0.95,24.47,0.96,84.81,0.01,0.01,2320.781805,1776209087000
1776209089.287,289.287,0.04,0.81,0.03,146.0,0.05,40.0,0.06,174.75,0.94,176.92,0.93,25.0,0.96,14.81,0.97,146.0,0.01,0.02,2320.781805,1776209087000
1776209089.566,289.566,0.03,140.89,0.02,208.0,0.04,41.0,0.05,45.0,0.95,40.0,0.94,174.75,0.96,0.81,0.97,146.0,0.01,0.01,2320.726426,1776209088000
1776209089.824,289.824,0.03,44.47,0.02,208.0,0.04,35.0,0.05,62.0,0.96,25.0,0.95,52.0,0.97,66.47,0.98,208.0,0.01,0.01,2320.726426,1776209088000
1776209090.155,290.155,0.02,202.79,0.01,1767.0,0.03,10.0,0.04,47.0,0.96,56.0,0.95,45.0,0.98,207.9,0.99,1767.0,0.01,0.02,2320.726426,1776209088000
1776209090.511,290.511,0.02,172.68,0.01,1767.0,0.03,58.22,0.04,35.0,0.97,53.22,0.96,47.0,0.98,182.68,0.99,1767.0,0.01,0.01,2320.726426,1776209088000
1776209090.757,290.757,0.02,167.68,0.01,1767.0,0.03,47.07,0.04,30.0,0.97,47.07,0.96,35.0,0.98,172.68,0.99,1767.0,0.01,0.01,2320.711898,1776209089000
1776209091.056,291.056,0.02,69.63,0.01,1767.0,0.03,47.07,0.04,30.0,0.97,47.07,0.96,30.0,0.98,109.63,0.99,1767.0,0.01,0.01,2320.711898,1776209089000
1776209091.366,291.366,0.02,65.02,0.01,1767.0,0.03,52.07,0.04,25.0,0.97,52.07,0.96,25.0,0.98,65.02,0.99,1767.0,0.01,0.01,2320.703098,1776209090000
1776209091.696,291.696,0.02,31.94,0.01,1667.0,0.03,54.07,0.04,25.0,0.97,59.07,0.96,25.0,0.98,63.99,0.99,1667.0,0.01,0.01,2320.703098,1776209090000
1776209092.01,292.01,0.02,25.75,0.01,1667.0,0.03,54.07,0.04,25.0,0.97,54.07,0.96,25.0,0.98,25.75,0.99,1667.0,0.01,0.01,2320.47208,1776209091000
1776209092.663,292.663,0.02,20.64,0.01,1567.0,0.03,59.07,0.04,25.0,0.97,54.07,0.96,25.0,0.98,25.75,0.99,1667.0,0.01,0.01,2320.47208,1776209091000
1776209093.211,293.211,0.01,1550.02,,,0.03,64.07,0.04,25.0,0.97,64.07,0.96,25.0,0.98,1.42,0.99,1567.0,0.02,0.01,2320.47208,1776209091000
1776209093.789,293.789,0.01,1406.94,,,0.03,64.07,0.04,25.0,0.97,64.07,0.96,25.0,0.99,1550.02,,,0.02,0.02,2320.32999,1776209092000
1776209093.995,293.995,0.01,996.94,,,0.03,74.07,0.04,25.0,0.97,74.07,0.96,25.0,0.99,996.94,,,0.02,0.02,2320.314118,1776209093000
1776209094.629,294.629,0.01,957.73,,,0.03,74.07,0.04,15.0,0.97,74.07,0.96,15.0,0.99,974.73,,,0.02,0.02,2320.314118,1776209093000
1776209094.833,294.833,0.01,926.48,,,0.03,74.07,0.04,15.0,0.97,74.07,0.96,15.0,0.99,939.73,,,0.02,0.02,2320.314118,1776209093000
1776209095.165,295.165,0.01,914.48,,,0.03,74.07,0.04,15.0,0.97,74.07,0.96,15.0,0.99,924.48,,,0.02,0.02,2320.314118,1776209093000
1776209095.377,295.377,0.01,853.43,,,0.03,69.07,0.04,15.0,0.97,69.07,0.96,15.0,0.99,909.43,,,0.02,0.02,2320.315531,1776209094000
1776209095.589,295.589,0.01,822.38,,,0.03,74.07,0.04,15.0,0.97,69.07,0.96,15.0,0.99,839.38,,,0.02,0.02,2320.315531,1776209094000
1776209096.052,296.052,,,,,0.01,273.62,0.03,74.07,0.99,189.62,0.97,79.07,,,,,,,2320.315531,1776209094000
1776209096.621,296.621,,,,,0.01,1930.9,0.03,74.07,0.99,273.62,0.97,74.07,,,,,,,2320.386366,1776209095000
1776209097.365,297.365,,,,,0.01,1975.97,0.03,74.07,0.99,1975.97,0.97,74.07,,,,,,,2320.392079,1776209096000
1776209097.959,297.959,,,,,0.01,2678.09,0.03,74.07,0.99,1975.97,0.97,74.07,,,,,,,2320.392079,1776209096000
1776209099.174,299.174,,,,,0.01,2678.09,0.03,74.07,0.99,2678.09,0.97,74.07,,,,,,,2320.397589,1776209098000
1776209100.33,300.33,,,,,0.01,2678.09,0.03,74.07,0.99,2678.09,0.97,74.07,,,,,,,2320.389758,1776209099000

# RESULT,winner=Down,slug=eth-updown-5m-1776208800,ticks=486
