timestamp,elapsed_sec,up_bid_p1,up_bid_s1,up_bid_p2,up_bid_s2,up_ask_p1,up_ask_s1,up_ask_p2,up_ask_s2,down_bid_p1,down_bid_s1,down_bid_p2,down_bid_s2,down_ask_p1,down_ask_s1,down_ask_p2,down_ask_s2,up_spread,down_spread,eth_price,eth_oracle_ts
1776352500.69,0.69,0.46,150.0,0.45,5.0,0.49,33.25,0.5,10.0,0.51,129.99,0.5,28.0,0.54,406.0,0.55,71.0,0.03,0.03,2325.354965,1776352499000
1776352501.072,1.072,0.46,150.0,0.45,5.0,0.51,11.0,0.52,100.0,0.49,11.0,0.48,100.0,0.54,150.0,0.55,5.0,0.05,0.05,2325.380395,1776352500000
1776352502.263,2.263,0.5,3.12,0.48,75.0,0.51,11.0,0.52,100.0,0.49,11.0,0.48,100.0,0.54,150.0,0.55,5.0,0.01,0.05,2325.600045,1776352501000
1776352502.588,2.588,0.48,70.0,0.47,70.0,0.49,135.88,0.51,11.0,0.49,11.0,0.48,100.0,0.5,3.12,0.52,75.0,0.01,0.01,2325.600045,1776352501000
1776352502.824,2.824,0.47,68.6,0.46,70.0,0.49,135.88,0.51,11.0,0.51,135.88,0.49,11.0,0.52,66.82,0.53,70.0,0.02,0.01,2325.600045,1776352501000
1776352503.527,3.527,0.48,21.82,0.47,78.6,0.49,135.68,0.51,53.0,0.51,135.68,0.49,11.0,0.52,10.0,0.53,68.6,0.01,0.01,2325.87291,1776352502000
1776352503.869,3.869,0.48,25.76,0.47,78.6,0.49,130.68,0.51,53.0,0.51,140.68,0.49,53.0,0.52,20.76,0.53,78.6,0.01,0.01,2325.87291,1776352502000
1776352504.82,4.82,0.48,45.62,0.47,78.6,0.49,135.68,0.51,53.0,0.51,130.68,0.49,53.0,0.52,25.76,0.53,78.6,0.01,0.01,2325.840065,1776352503000
1776352505.384,5.384,0.48,55.62,0.47,10.0,0.49,102.27,0.51,53.0,0.51,115.27,0.49,53.0,0.52,45.62,0.53,78.6,0.01,0.01,2325.749165,1776352504000
1776352505.615,5.615,0.48,169.82,0.47,10.0,0.49,47.27,0.51,53.0,0.51,97.27,0.49,53.0,0.52,50.62,0.53,10.0,0.01,0.01,2325.749165,1776352504000
1776352505.825,5.825,0.5,11.76,0.49,110.0,0.51,33.09,0.52,100.0,0.49,33.09,0.48,100.0,0.52,166.62,0.53,10.0,0.01,0.03,2325.749165,1776352504000
1776352506.154,6.154,0.51,34.2,0.5,16.76,0.52,35.3,0.55,23.88,0.48,45.3,0.45,23.88,0.49,10.0,0.5,11.76,0.01,0.01,2325.749165,1776352504000
1776352506.524,6.524,0.51,20.0,0.5,15.0,0.52,4.28,0.55,23.88,0.48,6.21,0.45,23.88,0.49,20.0,0.5,15.0,0.01,0.01,2325.946435,1776352505000
1776352506.753,6.753,0.51,45.63,0.5,15.0,0.52,4.28,0.55,23.88,0.48,4.28,0.45,23.88,0.49,20.0,0.5,15.0,0.01,0.01,2325.946435,1776352505000
1776352507.527,7.527,0.54,6.0,0.53,72.0,0.55,3.16,0.56,43.0,0.45,13.16,0.44,43.0,0.46,5.0,0.47,72.0,0.01,0.01,2326.249765,1776352506000
1776352508.699,8.699,0.54,20.0,0.53,72.0,0.55,3.16,0.56,33.0,0.45,3.16,0.44,43.0,0.46,3.26,0.47,72.0,0.01,0.01,2326.689205,1776352507000
1776352508.903,8.903,0.55,10.0,0.54,15.0,0.56,33.0,0.59,35.0,0.45,3.16,0.44,33.0,0.46,20.0,0.47,72.0,0.01,0.01,2326.689205,1776352507000
1776352509.675,9.675,0.55,15.0,0.54,20.0,0.56,4.89,0.58,10.0,0.44,33.0,0.41,35.0,0.45,10.0,0.46,15.0,0.01,0.01,2326.714155,1776352508000
1776352509.976,9.976,0.55,50.89,0.54,20.0,0.59,35.0,0.6,10.0,0.44,4.89,0.42,10.0,0.45,15.0,0.46,20.0,0.04,0.01,2326.714155,1776352508000
1776352511.003,11.003,0.6,21.0,0.59,105.0,0.61,5.0,0.62,10.0,0.41,35.0,0.4,10.0,0.45,35.89,0.46,20.0,0.01,0.04,2326.80156,1776352510000
1776352511.267,11.267,0.6,74.7,0.59,140.5,0.61,0.58,0.62,10.0,0.39,10.58,0.38,10.0,0.4,20.5,0.41,145.5,0.01,0.01,2326.80156,1776352510000
1776352511.489,11.489,0.62,10.5,0.61,70.5,0.63,2.0,0.64,90.5,0.39,0.58,0.38,10.0,0.4,74.7,0.41,140.5,0.01,0.01,2326.80156,1776352510000
1776352512.472,12.472,0.63,71.5,0.62,180.5,0.67,100.0,0.69,110.0,0.36,85.42,0.35,68.0,0.38,44.7,0.39,75.5,0.04,0.02,2326.912047,1776352511000
1776352514.074,14.074,0.67,46.56,0.66,40.5,0.68,25.0,0.69,10.0,0.33,100.0,0.31,110.0,0.37,71.5,0.38,180.5,0.01,0.04,2326.929886,1776352512000
1776352514.401,14.401,0.69,59.2,0.68,15.0,0.7,33.42,0.71,60.0,0.3,35.0,0.29,60.0,0.32,10.0,0.33,62.56,0.01,0.02,2327.584318,1776352513000
1776352514.638,14.638,0.69,40.0,0.68,25.0,0.71,50.0,0.72,110.0,0.3,33.42,0.29,60.0,0.31,59.2,0.32,15.0,0.02,0.01,2327.584318,1776352513000
1776352515.308,15.308,0.69,10.0,0.67,10.5,0.71,120.0,0.72,125.0,0.29,50.0,0.28,110.0,0.31,40.0,0.32,25.0,0.02,0.02,2328.034175,1776352514000
1776352515.599,15.599,0.69,20.0,0.68,10.0,0.71,32.24,0.72,110.0,0.29,120.0,0.28,125.0,0.31,10.0,0.33,10.5,0.02,0.02,2328.034175,1776352514000
1776352516.019,16.019,0.7,10.0,0.69,20.0,0.71,22.09,0.75,185.0,0.29,32.24,0.28,110.0,0.31,20.0,0.32,10.0,0.01,0.02,2328.034175,1776352514000
1776352516.266,16.266,0.7,121.0,0.69,370.5,0.75,10.0,0.76,160.0,0.25,20.0,0.24,110.0,0.3,121.0,0.31,370.5,0.05,0.05,2328.020855,1776352515000
1776352516.497,16.497,0.7,110.0,0.69,336.5,0.72,8.25,0.73,10.42,0.27,0.42,0.25,14.0,0.28,6.94,0.29,10.0,0.02,0.01,2328.020855,1776352515000
1776352517.122,17.122,0.7,26.66,0.69,95.5,0.71,34.64,0.72,98.18,0.26,10.0,0.25,9.0,0.3,110.0,0.31,330.5,0.01,0.04,2328.020855,1776352515000
1776352517.325,17.325,0.71,10.0,0.7,37.16,0.72,52.81,0.76,100.0,0.28,69.81,0.24,100.0,0.29,10.0,0.3,37.16,0.01,0.01,2328.020855,1776352515000
1776352517.571,17.571,0.71,13.52,0.7,52.16,0.72,52.81,0.75,7.0,0.28,52.81,0.24,100.0,0.29,10.0,0.3,37.16,0.01,0.01,2328.141355,1776352516000
1776352518.035,18.035,0.76,15.0,0.75,10.0,0.77,120.0,0.78,100.0,0.23,108.0,0.22,120.0,0.29,10.0,0.3,222.16,0.01,0.06,2328.141355,1776352516000
1776352518.442,18.442,0.76,15.0,0.75,10.0,0.77,15.0,0.79,27.0,0.23,120.0,0.22,100.0,0.24,15.0,0.25,10.0,0.01,0.01,2328.37788,1776352517000
1776352519.602,19.602,0.75,38.6,0.74,16.0,0.76,41.0,0.77,140.0,0.23,15.0,0.21,27.0,0.24,15.0,0.25,10.0,0.01,0.01,2328.552565,1776352518000
1776352520.161,20.161,0.75,53.6,0.74,11.0,0.76,77.11,0.77,95.5,0.24,41.0,0.23,140.0,0.25,38.6,0.26,16.0,0.01,0.01,2328.552565,1776352518000
1776352520.399,20.399,0.75,48.6,0.74,10.0,0.76,124.11,0.77,165.5,0.24,127.11,0.23,165.5,0.25,48.6,0.27,6.0,0.01,0.01,2328.552565,1776352518000
1776352520.76,20.76,0.73,6.0,0.72,80.0,0.75,6.0,0.76,83.0,0.25,22.0,0.24,87.0,0.27,6.0,0.28,80.0,0.02,0.02,2329.30908,1776352519000
1776352521.173,21.173,0.73,6.0,0.72,120.5,0.75,118.56,0.76,92.5,0.25,6.0,0.24,83.0,0.27,6.0,0.28,80.0,0.02,0.02,2329.30908,1776352519000
1776352521.544,21.544,0.74,10.0,0.73,10.0,0.75,74.95,0.76,77.5,0.25,118.56,0.24,92.5,0.27,6.0,0.28,120.5,0.01,0.02,2329.297714,1776352520000
1776352522.847,22.847,0.72,10.0,0.71,10.0,0.74,1.4,0.75,129.21,0.25,50.93,0.24,77.5,0.26,10.0,0.27,10.0,0.02,0.01,2328.844405,1776352521000
1776352524.113,24.113,0.74,10.0,0.73,15.0,0.75,10.0,0.76,10.0,0.26,1.4,0.25,129.21,0.28,10.0,0.29,10.0,0.01,0.02,2328.777985,1776352522000
1776352524.315,24.315,0.74,20.0,0.73,25.0,0.75,0.6,0.76,10.0,0.25,5.6,0.24,10.0,0.26,15.0,0.27,20.0,0.01,0.01,2328.641531,1776352523000
1776352524.593,24.593,0.75,9.4,0.74,44.2,0.76,10.0,0.77,120.0,0.25,0.6,0.24,10.0,0.26,20.0,0.27,25.0,0.01,0.01,2328.641531,1776352523000
1776352525.318,25.318,0.75,11.4,0.74,74.14,0.76,45.0,0.77,185.0,0.24,10.0,0.23,120.0,0.25,9.4,0.26,44.2,0.01,0.01,2328.641531,1776352523000
1776352525.704,25.704,0.75,21.4,0.74,73.64,0.76,78.68,0.77,185.0,0.24,45.0,0.23,185.0,0.25,11.4,0.26,74.14,0.01,0.01,2328.451517,1776352524000
1776352526.412,26.412,0.74,48.44,0.72,20.0,0.75,59.0,0.76,135.18,0.24,113.68,0.23,200.5,0.25,0.4,0.26,73.64,0.01,0.01,2328.709414,1776352525000
1776352530.868,30.868,0.71,30.0,0.7,50.0,0.72,8.05,0.73,16.0,0.25,70.5,0.24,140.18,0.28,20.0,0.29,30.5,0.01,0.03,2328.54001,1776352529000
1776352531.416,31.416,0.71,25.86,0.7,50.0,0.72,8.05,0.73,101.5,0.28,8.05,0.27,16.0,0.29,30.0,0.3,50.0,0.01,0.01,2328.54001,1776352530000
1776352531.832,31.832,0.72,26.77,0.71,46.36,0.73,81.0,0.74,20.5,0.28,8.05,0.27,101.5,0.29,25.86,0.3,50.0,0.01,0.01,2328.54001,1776352530000
1776352532.3,32.3,0.71,17.02,0.7,50.0,0.72,36.0,0.73,86.0,0.27,106.5,0.26,20.5,0.29,25.86,0.3,60.5,0.01,0.02,2328.47032,1776352531000
1776352533.966,33.966,0.71,17.02,0.7,65.0,0.72,62.0,0.73,131.5,0.28,36.0,0.27,86.0,0.29,17.02,0.3,50.0,0.01,0.01,2328.16943,1776352532000
1776352534.256,34.256,0.71,41.22,0.7,75.5,0.72,6.0,0.73,121.0,0.28,62.0,0.27,131.5,0.29,17.02,0.3,65.0,0.01,0.01,2328.112355,1776352533000
1776352535.184,35.184,0.71,17.02,0.7,65.0,0.73,150.75,0.74,70.5,0.27,120.25,0.26,70.5,0.29,41.22,0.3,75.5,0.02,0.02,2328.109256,1776352534000
1776352535.808,35.808,0.72,15.0,0.71,17.02,0.73,130.75,0.74,70.5,0.27,150.75,0.26,70.5,0.29,17.02,0.3,65.0,0.01,0.02,2328.109256,1776352534000
1776352536.572,36.572,0.71,40.47,0.7,55.0,0.72,16.0,0.73,157.5,0.27,130.75,0.26,70.5,0.28,15.0,0.29,17.02,0.01,0.01,2328.137085,1776352535000
1776352538.779,38.779,0.68,50.0,0.67,100.0,0.69,8.75,0.7,26.0,0.29,31.53,0.28,62.5,0.3,55.0,0.31,120.0,0.01,0.01,2328.10441,1776352537000
1776352541.626,41.626,0.67,75.0,0.66,188.5,0.68,53.22,0.69,10.0,0.31,4.0,0.3,57.0,0.32,55.0,0.33,100.0,0.01,0.01,2327.620193,1776352540000
1776352541.886,41.886,0.67,116.5,0.66,178.5,0.68,37.22,0.69,10.0,0.32,53.22,0.31,10.0,0.33,75.0,0.34,188.5,0.01,0.01,2327.620193,1776352540000
1776352543.088,43.088,0.66,3.0,0.65,165.0,0.67,71.5,0.68,133.72,0.32,37.22,0.31,10.0,0.33,116.5,0.34,178.5,0.01,0.01,2327.514925,1776352541000
1776352544.222,44.222,0.6,12.0,0.59,70.0,0.61,122.86,0.62,126.5,0.34,154.98,0.33,82.5,0.35,165.0,0.36,200.0,0.01,0.01,2327.522912,1776352542000
1776352544.493,44.493,0.6,22.0,0.59,70.0,0.61,113.86,0.62,202.5,0.39,122.86,0.38,126.5,0.4,12.0,0.41,70.0,0.01,0.01,2327.602214,1776352543000
1776352545.426,45.426,0.59,60.0,0.58,107.0,0.61,123.86,0.62,132.5,0.39,113.86,0.38,202.5,0.4,22.0,0.41,70.0,0.02,0.01,2326.969001,1776352544000
1776352545.954,45.954,0.55,5.19,0.54,138.52,0.57,11.62,0.6,10.0,0.39,157.86,0.38,62.5,0.45,9.64,0.46,138.52,0.02,0.06,2326.969001,1776352544000
1776352546.794,46.794,0.52,28.0,0.51,105.63,0.54,70.0,0.55,99.58,0.45,69.08,0.43,81.62,0.46,128.52,0.47,60.88,0.02,0.01,2326.52889,1776352545000
1776352547.301,47.301,0.52,16.0,0.51,102.87,0.54,80.0,0.55,200.58,0.46,70.0,0.45,99.58,0.47,6.87,0.49,102.87,0.02,0.01,2326.52889,1776352545000
1776352547.519,47.519,0.53,24.92,0.52,34.0,0.54,121.0,0.55,200.58,0.46,80.0,0.45,200.58,0.48,16.0,0.49,102.87,0.01,0.02,2325.963516,1776352546000
1776352548.532,48.532,0.51,50.81,0.5,215.5,0.53,15.0,0.54,90.0,0.46,90.0,0.45,169.58,0.48,43.62,0.49,122.37,0.02,0.02,2325.963516,1776352546000
1776352549.359,49.359,0.5,86.0,0.49,35.42,0.53,45.5,0.54,100.5,0.47,15.0,0.46,90.0,0.49,50.81,0.5,215.5,0.03,0.02,2325.792721,1776352547000
1776352549.688,49.688,0.49,26.0,0.48,182.59,0.51,85.7,0.52,25.5,0.47,45.5,0.46,100.5,0.5,86.0,0.51,35.42,0.02,0.03,2325.74496,1776352548000
1776352550.141,50.141,0.49,6.0,0.48,61.67,0.5,23.0,0.51,131.5,0.49,85.7,0.48,25.5,0.51,26.0,0.52,182.59,0.01,0.02,2325.74496,1776352549000
1776352550.431,50.431,0.48,39.67,0.47,252.42,0.49,24.2,0.5,33.0,0.5,23.0,0.49,131.5,0.51,6.0,0.52,61.67,0.01,0.01,2325.74496,1776352549000
1776352550.904,50.904,0.48,113.67,0.47,262.42,0.49,25.89,0.5,18.0,0.51,5.0,0.5,18.0,0.52,13.67,0.53,252.42,0.01,0.01,2325.74496,1776352549000
1776352551.157,51.157,0.48,113.78,0.47,262.42,0.49,14.89,0.5,18.0,0.51,25.89,0.5,18.0,0.52,113.67,0.53,262.42,0.01,0.01,2325.74496,1776352549000
1776352551.501,51.501,0.47,117.0,0.45,130.0,0.49,24.89,0.5,28.0,0.51,14.89,0.5,18.0,0.52,113.78,0.53,262.42,0.02,0.01,2325.68861,1776352550000
1776352552.837,52.837,0.45,27.0,0.44,35.07,0.46,65.0,0.47,90.0,0.51,3.58,0.5,38.0,0.53,10.0,0.55,130.0,0.01,0.02,2325.551515,1776352551000
1776352553.111,53.111,0.44,10.07,0.42,35.0,0.46,90.0,0.47,160.0,0.54,65.0,0.53,90.0,0.55,27.0,0.56,35.07,0.02,0.01,2325.551515,1776352551000
1776352553.322,53.322,0.42,0.94,0.41,217.0,0.44,15.0,0.45,15.0,0.55,10.0,0.54,85.0,0.58,35.0,0.59,217.0,0.02,0.03,2325.551515,1776352551000
1776352554.157,54.157,0.41,2.0,0.4,110.0,0.42,10.0,0.43,85.0,0.56,15.0,0.55,15.0,0.58,0.94,0.59,217.0,0.01,0.02,2325.004506,1776352553000
1776352554.727,54.727,0.4,5.0,0.39,60.0,0.41,12.86,0.42,15.0,0.58,20.0,0.57,85.0,0.6,96.32,0.61,160.0,0.01,0.02,2325.004506,1776352553000
1776352555.067,55.067,0.4,5.54,0.39,50.0,0.41,43.36,0.42,15.0,0.59,12.86,0.58,15.0,0.6,16.75,0.61,60.0,0.01,0.01,2324.65182,1776352554000
1776352555.704,55.704,0.37,18.0,0.36,10.0,0.39,29.2,0.4,15.0,0.59,38.36,0.58,15.0,0.61,58.0,0.62,10.0,0.02,0.02,2324.65182,1776352554000
1776352555.912,55.912,0.36,10.0,0.35,35.0,0.38,19.2,0.39,10.0,0.61,29.2,0.6,15.0,0.63,18.0,0.64,10.0,0.02,0.02,2324.65182,1776352554000
1776352556.295,56.295,0.35,52.18,0.34,35.0,0.37,15.0,0.38,15.0,0.62,15.0,0.61,10.0,0.64,8.0,0.65,35.0,0.02,0.02,2324.547555,1776352555000
1776352556.514,56.514,0.35,57.18,0.34,35.0,0.37,11.91,0.38,15.0,0.63,15.0,0.62,15.0,0.65,52.18,0.66,35.0,0.02,0.02,2324.547555,1776352555000
1776352557.236,57.236,0.35,71.68,0.34,35.0,0.36,13.0,0.4,10.0,0.63,11.91,0.62,15.0,0.65,57.18,0.66,35.0,0.01,0.02,2324.547555,1776352555000
1776352557.554,57.554,0.38,0.1,0.37,25.5,0.39,20.0,0.4,20.5,0.6,10.0,0.59,20.5,0.65,71.68,0.66,35.0,0.01,0.05,2324.37386,1776352556000
1776352557.809,57.809,0.37,20.5,0.36,20.5,0.38,60.36,0.39,20.5,0.62,10.0,0.61,10.0,0.63,20.72,0.64,20.5,0.01,0.01,2324.37386,1776352556000
1776352558.926,58.926,0.35,9.48,0.34,45.5,0.36,58.5,0.37,25.5,0.62,60.36,0.61,20.5,0.63,20.5,0.64,20.5,0.01,0.01,2324.205846,1776352558000
1776352559.844,59.844,0.35,10.0,0.34,35.0,0.36,23.0,0.37,25.5,0.64,58.5,0.63,25.5,0.65,9.48,0.66,45.5,0.01,0.01,2324.205846,1776352558000
1776352560.606,60.606,0.35,22.93,0.34,35.0,0.36,28.0,0.37,25.5,0.64,23.0,0.63,25.5,0.65,10.0,0.66,35.0,0.01,0.01,2324.24141,1776352559000
1776352560.852,60.852,0.34,42.46,0.33,75.5,0.36,33.0,0.37,25.5,0.64,28.0,0.63,25.5,0.65,22.93,0.66,35.0,0.02,0.01,2324.24141,1776352559000
1776352561.38,61.38,0.34,41.5,0.33,95.5,0.35,5.0,0.36,33.5,0.64,33.0,0.63,25.5,0.66,42.46,0.67,75.5,0.01,0.02,2324.04742,1776352560000
1776352561.586,61.586,0.34,23.48,0.33,70.5,0.35,5.0,0.36,10.0,0.65,5.0,0.64,23.0,0.66,30.0,0.67,70.5,0.01,0.01,2324.04742,1776352560000
1776352561.895,61.895,0.35,38.38,0.34,74.98,0.38,70.0,0.39,40.5,0.65,5.0,0.64,10.0,0.66,23.48,0.67,70.5,0.03,0.01,2324.04742,1776352560000
1776352562.205,62.205,0.36,20.0,0.35,48.0,0.37,5.52,0.38,85.0,0.62,70.0,0.61,40.5,0.65,38.38,0.66,74.98,0.01,0.03,2324.03403,1776352561000
1776352562.805,62.805,0.36,114.0,0.35,48.0,0.39,10.0,0.4,20.0,0.63,5.52,0.62,85.0,0.64,20.0,0.65,48.0,0.03,0.01,2324.03403,1776352561000
1776352563.444,63.444,0.38,5.38,0.37,25.5,0.39,20.0,0.4,30.5,0.61,10.0,0.6,20.0,0.64,114.0,0.65,48.0,0.01,0.03,2324.01397,1776352562000
1776352564.209,64.209,0.38,58.88,0.37,40.5,0.39,19.18,0.4,28.3,0.6,30.5,0.59,20.0,0.62,5.38,0.63,25.5,0.01,0.02,2324.01397,1776352562000
1776352564.516,64.516,0.38,112.88,0.37,60.5,0.4,28.3,0.41,20.0,0.61,9.18,0.6,28.3,0.62,58.88,0.63,40.5,0.02,0.01,2324.01397,1776352562000
1776352565.325,65.325,0.39,113.5,0.38,50.88,0.41,10.0,0.42,8.5,0.6,18.3,0.59,20.0,0.61,76.25,0.62,50.88,0.02,0.01,2324.43031,1776352564000
1776352565.659,65.659,0.4,60.5,0.39,50.5,0.41,15.56,0.42,8.5,0.59,10.0,0.58,8.5,0.61,113.5,0.62,50.88,0.01,0.02,2324.43031,1776352564000
1776352565.931,65.931,0.4,50.5,0.39,50.5,0.41,13.4,0.42,8.5,0.59,5.56,0.58,8.5,0.6,60.5,0.61,50.5,0.01,0.01,2324.43031,1776352564000
1776352566.27,66.27,0.4,45.5,0.39,45.5,0.41,7.96,0.42,8.5,0.59,10.96,0.58,8.5,0.6,55.5,0.61,50.5,0.01,0.01,2324.43031,1776352564000
1776352566.649,66.649,0.4,5.0,0.37,10.0,0.41,9.2,0.42,26.5,0.58,8.5,0.57,70.0,0.6,45.5,0.61,45.5,0.01,0.02,2324.43031,1776352564000
1776352567.547,67.547,0.35,2.31,0.34,41.0,0.4,10.0,0.41,166.0,0.59,9.2,0.58,26.5,0.6,5.0,0.63,10.0,0.05,0.01,2324.746342,1776352566000
1776352567.767,67.767,0.34,15.0,0.33,170.0,0.37,10.0,0.38,10.0,0.6,10.0,0.59,166.0,0.65,2.31,0.66,41.0,0.03,0.05,2324.746342,1776352566000
1776352569.257,69.257,0.34,2.95,0.33,170.0,0.38,16.0,0.39,19.0,0.64,5.0,0.63,5.0,0.66,2.95,0.67,170.0,0.04,0.02,2324.708299,1776352567000
1776352569.862,69.862,0.34,39.3,0.33,175.0,0.35,15.0,0.36,10.0,0.62,16.0,0.61,19.0,0.66,2.95,0.67,170.0,0.01,0.04,2324.19635,1776352568000
1776352570.182,70.182,0.34,27.3,0.33,175.0,0.35,15.0,0.36,78.11,0.65,15.0,0.64,10.0,0.66,33.3,0.67,175.0,0.01,0.01,2324.19635,1776352568000
1776352571.499,71.499,0.35,8.46,0.34,35.5,0.36,10.0,0.37,15.0,0.65,15.0,0.64,78.11,0.66,22.3,0.67,175.0,0.01,0.01,2324.065945,1776352570000
1776352574.302,74.302,0.35,15.0,0.34,25.5,0.36,38.88,0.37,35.5,0.64,10.0,0.63,15.0,0.65,8.46,0.66,35.5,0.01,0.01,2324.032094,1776352572000
1776352575.575,75.575,0.37,25.5,0.36,30.5,0.39,30.0,0.4,55.5,0.64,38.88,0.63,35.5,0.65,15.0,0.66,25.5,0.02,0.01,2324.121185,1776352574000
1776352578.408,78.408,0.37,40.5,0.36,25.5,0.39,217.5,0.4,175.5,0.61,30.0,0.6,55.5,0.63,25.5,0.64,30.5,0.02,0.02,2324.370025,1776352577000
1776352581.638,81.638,0.36,20.5,0.35,75.5,0.37,79.94,0.38,38.98,0.61,217.5,0.6,175.5,0.63,40.5,0.64,25.5,0.01,0.02,2324.27697,1776352579000
1776352582.493,82.493,0.36,116.5,0.35,75.5,0.37,58.94,0.38,5.0,0.63,79.94,0.62,38.98,0.64,20.5,0.65,75.5,0.01,0.01,2324.383935,1776352581000
1776352583.065,83.065,0.36,122.85,0.35,100.5,0.37,0.94,0.38,5.0,0.63,23.94,0.62,5.0,0.64,88.35,0.65,75.5,0.01,0.01,2324.383935,1776352581000
1776352585.804,85.804,0.36,13.43,0.35,65.0,0.37,15.94,0.38,71.89,0.63,0.94,0.62,5.0,0.64,122.85,0.65,100.5,0.01,0.01,2324.43766,1776352584000
1776352587.496,87.496,0.36,61.94,0.35,75.5,0.37,5.94,0.38,15.0,0.63,15.94,0.62,71.89,0.64,13.43,0.65,65.0,0.01,0.01,2324.432933,1776352586000
1776352588.227,88.227,0.36,63.5,0.35,100.5,0.39,45.0,0.4,70.5,0.63,5.94,0.62,15.0,0.64,61.94,0.65,75.5,0.03,0.01,2324.342135,1776352587000
1776352592.86,92.86,0.38,101.88,0.37,33.5,0.39,40.0,0.4,45.0,0.61,45.0,0.6,70.5,0.64,63.5,0.65,100.5,0.01,0.03,2324.454175,1776352591000
1776352594.651,94.651,0.37,3.0,0.35,100.0,0.38,5.0,0.39,219.5,0.61,40.0,0.6,45.0,0.62,101.88,0.63,33.5,0.01,0.01,2324.48858,1776352593000
1776352597.664,97.664,0.34,38.48,0.33,240.0,0.35,191.5,0.36,213.5,0.62,15.0,0.61,227.5,0.65,100.0,0.66,40.0,0.01,0.03,2324.20562,1776352596000
1776352598.702,98.702,0.32,110.0,0.31,360.0,0.34,278.5,0.35,188.5,0.65,163.5,0.64,219.5,0.66,1.17,0.67,240.0,0.02,0.01,2324.13954,1776352597000
1776352599.091,99.091,0.32,22.0,0.31,360.0,0.33,271.5,0.34,179.5,0.66,278.5,0.65,188.5,0.68,110.0,0.69,360.0,0.01,0.02,2324.13954,1776352597000
1776352599.298,99.298,0.31,260.0,0.3,10.0,0.33,296.5,0.34,174.5,0.67,271.5,0.66,179.5,0.68,22.0,0.69,360.0,0.02,0.01,2324.13954,1776352597000
1776352601.21,101.21,0.27,85.0,0.25,10.0,0.29,147.5,0.3,243.89,0.67,296.5,0.66,174.5,0.69,260.0,0.7,10.0,0.02,0.02,2323.9451,1776352599000
1776352602.696,102.696,0.25,3.66,0.23,10.0,0.26,145.5,0.27,133.5,0.71,147.5,0.7,243.89,0.73,85.0,0.75,10.0,0.01,0.02,2323.37388,1776352601000
1776352603.333,103.333,0.2,70.45,0.19,47.0,0.21,313.0,0.22,110.0,0.75,8.35,0.74,145.5,0.77,10.0,0.78,70.0,0.01,0.02,2323.28049,1776352602000
1776352603.574,103.574,0.18,31.0,0.17,25.5,0.2,39.55,0.21,245.0,0.79,230.0,0.78,110.0,0.8,110.45,0.82,31.0,0.02,0.01,2323.28049,1776352602000
1776352604.079,104.079,0.18,4.41,0.16,26.8,0.19,62.0,0.2,197.55,0.8,39.55,0.79,245.0,0.82,31.0,0.83,25.5,0.01,0.02,2323.130875,1776352603000
1776352604.924,104.924,0.18,16.58,0.17,8.0,0.19,194.65,0.2,235.05,0.81,62.0,0.8,197.55,0.82,4.41,0.84,26.8,0.01,0.01,2323.130875,1776352603000
1776352606.126,106.126,0.18,9.84,0.16,50.0,0.19,179.65,0.2,309.67,0.81,194.65,0.8,235.05,0.82,16.58,0.83,8.0,0.01,0.01,2322.37565,1776352605000
1776352607.373,107.373,0.16,1.84,0.15,100.0,0.17,295.22,0.18,110.0,0.81,179.65,0.8,319.67,0.84,50.0,0.85,128.2,0.01,0.03,2322.37565,1776352605000
1776352609.707,109.707,0.13,170.8,0.12,136.1,0.14,239.5,0.15,198.5,0.83,295.22,0.82,110.0,0.84,0.64,0.85,100.0,0.01,0.01,2321.902525,1776352608000
1776352610.406,110.406,0.13,203.3,0.12,139.6,0.14,110.0,0.15,110.0,0.86,239.5,0.85,198.5,0.87,170.8,0.88,136.1,0.01,0.01,2321.89383,1776352609000
1776352610.679,110.679,0.13,216.8,0.12,139.6,0.14,67.42,0.15,140.0,0.86,98.42,0.85,140.0,0.87,197.8,0.88,144.6,0.01,0.01,2321.89383,1776352609000
1776352611.032,111.032,0.13,177.3,0.12,139.6,0.14,88.0,0.15,175.0,0.85,140.0,0.84,145.5,0.87,216.8,0.88,139.6,0.01,0.02,2321.89383,1776352609000
1776352611.396,111.396,0.13,172.3,0.12,129.1,0.14,80.0,0.15,175.0,0.86,108.5,0.85,175.0,0.87,182.3,0.88,129.1,0.01,0.01,2321.8456,1776352610000
1776352612.228,112.228,0.13,172.3,0.12,129.1,0.14,168.59,0.15,50.5,0.86,80.0,0.85,175.0,0.87,172.3,0.88,129.1,0.01,0.01,2321.8456,1776352610000
1776352613.868,113.868,0.13,196.56,0.12,149.6,0.14,158.09,0.15,40.0,0.86,168.59,0.85,50.5,0.87,172.3,0.88,129.1,0.01,0.01,2321.688015,1776352612000
1776352617.359,117.359,0.13,64.8,0.12,89.1,0.14,40.7,0.15,80.95,0.86,158.09,0.85,40.0,0.87,196.56,0.88,149.6,0.01,0.01,2321.640256,1776352616000
1776352619.141,119.141,0.13,7.32,0.12,89.1,0.14,55.7,0.15,80.95,0.86,40.7,0.85,80.95,0.87,64.8,0.88,89.1,0.01,0.01,2321.783426,1776352617000
1776352619.573,119.573,0.13,98.89,0.12,264.6,0.14,20.7,0.15,55.45,0.86,55.7,0.85,80.95,0.88,67.92,0.89,47.29,0.01,0.02,2321.783426,1776352617000
1776352620.03,120.03,0.14,66.0,0.13,104.39,0.16,35.0,0.17,106.26,0.85,10.45,0.84,60.0,0.86,45.5,0.87,133.39,0.02,0.01,2321.734171,1776352619000
1776352620.52,120.52,0.16,83.85,0.15,35.5,0.17,30.26,0.18,65.0,0.83,81.26,0.82,90.0,0.85,29.61,0.86,43.0,0.01,0.02,2321.734171,1776352619000
1776352620.762,120.762,0.16,106.54,0.15,35.5,0.17,25.26,0.18,60.0,0.83,30.26,0.82,65.0,0.84,83.85,0.85,35.5,0.01,0.01,2321.734171,1776352619000
1776352621.204,121.204,0.17,72.52,0.16,42.38,0.18,186.05,0.19,35.5,0.82,54.44,0.81,35.5,0.84,95.23,0.85,35.5,0.01,0.02,2321.656335,1776352620000
1776352621.406,121.406,0.17,36.19,0.16,17.38,0.18,201.55,0.19,60.5,0.82,201.55,0.81,60.5,0.83,36.19,0.84,17.38,0.01,0.01,2321.656335,1776352620000
1776352621.644,121.644,0.16,7.38,0.15,15.0,0.17,32.03,0.18,196.55,0.82,201.55,0.81,60.5,0.83,36.19,0.84,17.38,0.01,0.01,2321.656335,1776352620000
1776352622.536,122.536,0.12,174.1,0.11,157.29,0.15,44.5,0.16,91.5,0.83,32.03,0.82,196.55,0.84,7.38,0.85,15.0,0.03,0.01,2322.136205,1776352621000
1776352623.747,123.747,0.12,80.0,0.11,81.79,0.13,43.0,0.14,208.08,0.85,44.5,0.84,91.5,0.88,174.1,0.89,157.29,0.01,0.03,2322.310865,1776352622000
1776352625.593,125.593,0.12,79.1,0.11,187.29,0.14,5.0,0.15,41.0,0.87,43.0,0.86,208.08,0.88,80.0,0.89,81.79,0.02,0.01,2321.98314,1776352624000
1776352626.512,126.512,0.13,4.49,0.12,59.1,0.14,42.54,0.15,41.0,0.86,5.0,0.85,41.0,0.88,79.1,0.89,187.29,0.01,0.02,2321.910946,1776352625000
1776352627.362,127.362,0.12,49.1,0.11,87.29,0.14,139.3,0.15,41.0,0.86,42.54,0.85,41.0,0.87,4.49,0.88,59.1,0.02,0.01,2321.910946,1776352625000
1776352627.925,127.925,0.13,10.0,0.12,49.1,0.14,119.59,0.15,51.5,0.86,139.3,0.85,41.0,0.88,49.1,0.89,87.29,0.01,0.02,2321.755593,1776352626000
1776352628.798,128.798,0.13,55.78,0.12,129.6,0.15,3.83,0.16,10.0,0.86,119.59,0.85,51.5,0.87,10.0,0.88,49.1,0.02,0.01,2321.936499,1776352627000
1776352629.633,129.633,0.13,55.78,0.12,129.6,0.15,23.0,0.16,29.0,0.84,121.06,0.83,82.03,0.86,5.81,0.87,55.78,0.02,0.02,2321.981895,1776352628000
1776352630.256,130.256,0.14,95.74,0.13,55.78,0.15,113.5,0.16,29.0,0.85,2.0,0.84,29.0,0.86,10.5,0.87,55.78,0.01,0.01,2321.981895,1776352628000
1776352630.519,130.519,0.14,85.9,0.13,55.78,0.15,111.5,0.16,29.0,0.85,113.5,0.84,29.0,0.86,95.74,0.87,55.78,0.01,0.01,2321.981895,1776352628000
1776352630.867,130.867,0.14,119.9,0.13,180.78,0.15,90.5,0.17,42.03,0.85,111.5,0.84,29.0,0.86,85.9,0.87,55.78,0.01,0.01,2322.012446,1776352629000
1776352631.265,131.265,0.14,5.5,0.12,70.0,0.15,25.5,0.16,40.5,0.83,42.03,0.82,69.44,0.86,119.9,0.87,155.78,0.01,0.03,2322.012446,1776352629000
1776352631.57,131.57,0.12,58.14,0.11,82.29,0.13,15.0,0.14,10.0,0.85,25.5,0.84,40.5,0.88,65.14,0.89,71.79,0.01,0.03,2322.351752,1776352630000
1776352632.021,132.021,0.12,58.14,0.11,71.79,0.13,161.31,0.14,10.0,0.87,15.0,0.86,10.0,0.88,58.14,0.89,82.29,0.01,0.01,2322.351752,1776352630000
1776352632.368,132.368,0.12,55.64,0.11,71.79,0.13,15.33,0.14,10.0,0.87,166.31,0.86,10.0,0.88,55.64,0.89,71.79,0.01,0.01,2322.390625,1776352631000
1776352632.77,132.77,0.12,41.94,0.11,76.79,0.13,23.33,0.14,15.0,0.87,10.33,0.86,10.0,0.88,67.41,0.89,71.79,0.01,0.01,2322.390625,1776352631000
1776352633.84,133.84,0.12,60.8,0.11,81.79,0.13,23.33,0.14,93.06,0.87,23.33,0.86,15.0,0.88,41.94,0.89,76.79,0.01,0.01,2322.344922,1776352632000
1776352634.279,134.279,0.12,37.17,0.11,86.79,0.13,23.33,0.14,93.06,0.87,23.33,0.86,93.06,0.88,60.8,0.89,81.79,0.01,0.01,2322.344922,1776352632000
1776352635.582,135.582,0.12,24.89,0.11,86.79,0.13,23.33,0.14,93.06,0.87,23.33,0.86,93.06,0.88,37.17,0.89,86.79,0.01,0.01,2322.075864,1776352634000
1776352636.155,136.155,0.12,13.75,0.11,81.79,0.13,44.33,0.14,93.06,0.87,23.33,0.86,93.06,0.88,24.89,0.89,86.79,0.01,0.01,2322.075864,1776352634000
1776352636.902,136.902,0.12,12.25,0.11,71.79,0.13,54.33,0.14,103.56,0.87,44.33,0.86,93.06,0.88,13.75,0.89,81.79,0.01,0.01,2322.056337,1776352635000
1776352639.568,139.568,0.11,68.39,0.1,290.0,0.13,50.89,0.14,35.5,0.87,54.33,0.86,103.56,0.88,12.25,0.89,71.79,0.02,0.01,2322.02917,1776352638000
1776352639.844,139.844,0.11,35.0,0.1,345.0,0.12,28.66,0.13,67.83,0.87,50.89,0.86,35.5,0.89,68.39,0.9,290.0,0.01,0.02,2322.02917,1776352638000
1776352640.152,140.152,0.1,345.0,0.09,245.0,0.11,52.45,0.12,58.75,0.88,28.66,0.87,67.83,0.89,35.0,0.9,345.0,0.01,0.01,2322.02917,1776352638000
1776352640.698,140.698,0.1,336.61,0.09,245.0,0.11,37.45,0.12,30.18,0.89,52.45,0.88,58.75,0.9,345.0,0.91,245.0,0.01,0.01,2322.02917,1776352638000
1776352641.184,141.184,0.1,286.61,0.09,240.0,0.11,30.62,0.12,26.04,0.89,29.39,0.88,30.18,0.9,336.61,0.91,245.0,0.01,0.01,2322.114875,1776352639000
1776352643.235,143.235,0.1,391.61,0.09,345.0,0.12,12.38,0.13,15.0,0.89,30.62,0.88,26.04,0.9,286.61,0.91,240.0,0.02,0.01,2321.921983,1776352641000
1776352643.939,143.939,0.11,81.55,0.1,411.61,0.12,32.38,0.13,15.0,0.88,12.38,0.87,15.0,0.9,391.61,0.91,345.0,0.01,0.02,2321.847422,1776352642000
1776352647.008,147.008,0.1,301.61,0.09,345.0,0.11,9.0,0.12,27.38,0.88,32.38,0.87,15.0,0.89,81.55,0.9,411.61,0.01,0.01,2322.075495,1776352645000
1776352647.28,147.28,0.1,301.61,0.09,345.0,0.12,21.19,0.13,62.5,0.89,9.0,0.88,27.38,0.9,301.61,0.91,345.0,0.02,0.01,2322.075495,1776352645000
1776352647.677,147.677,0.1,301.61,0.09,345.0,0.12,21.19,0.13,72.5,0.88,21.19,0.87,62.5,0.9,301.61,0.91,345.0,0.02,0.02,2322.067085,1776352646000
1776352650.598,150.598,0.1,281.61,0.09,245.0,0.11,104.53,0.12,31.69,0.88,21.19,0.87,72.5,0.9,301.61,0.91,345.0,0.01,0.02,2322.007095,1776352649000
1776352654.632,154.632,0.1,215.0,0.09,245.0,0.11,26.74,0.12,15.0,0.89,104.53,0.88,31.69,0.9,281.61,0.91,245.0,0.01,0.01,2321.93777,1776352653000
1776352656.514,156.514,0.1,372.5,0.09,352.0,0.12,10.0,0.13,40.0,0.89,26.74,0.88,15.0,0.9,215.0,0.91,245.0,0.02,0.01,2321.99654,1776352655000
1776352656.858,156.858,0.12,10.34,0.11,158.5,0.13,10.0,0.14,69.6,0.88,1.66,0.87,40.0,0.89,13.0,0.9,372.5,0.01,0.01,2321.99654,1776352655000
1776352657.078,157.078,0.12,15.34,0.11,85.29,0.14,69.6,0.15,25.0,0.87,10.0,0.86,69.6,0.88,10.34,0.89,158.5,0.02,0.01,2321.99654,1776352655000
1776352657.597,157.597,0.13,113.0,0.12,115.34,0.14,62.45,0.15,30.5,0.86,69.6,0.85,25.0,0.88,15.34,0.89,85.29,0.01,0.02,2322.041715,1776352656000
1776352657.95,157.95,0.13,108.0,0.12,159.44,0.14,4.68,0.15,20.0,0.85,20.0,0.84,55.0,0.87,108.0,0.88,159.44,0.01,0.02,2322.058335,1776352657000
1776352658.201,158.201,0.13,113.0,0.12,164.44,0.15,20.0,0.16,50.0,0.86,4.68,0.85,20.0,0.87,103.0,0.88,159.44,0.02,0.01,2322.058335,1776352657000
1776352658.754,158.754,0.14,28.22,0.13,144.8,0.15,20.0,0.16,50.0,0.85,20.0,0.84,50.0,0.87,113.0,0.88,164.44,0.01,0.02,2322.058335,1776352657000
1776352659.268,159.268,0.14,43.34,0.13,165.3,0.15,120.23,0.16,60.0,0.85,20.0,0.84,50.0,0.86,15.62,0.87,144.8,0.01,0.01,2322.416494,1776352658000
1776352659.578,159.578,0.14,57.06,0.13,165.3,0.16,60.0,0.17,100.5,0.85,70.23,0.84,60.0,0.86,38.06,0.87,165.3,0.02,0.01,2322.416494,1776352658000
1776352659.998,159.998,0.15,50.87,0.14,28.06,0.16,201.37,0.17,100.5,0.84,60.0,0.83,100.5,0.86,57.06,0.87,165.3,0.01,0.02,2322.416494,1776352658000
1776352660.324,160.324,0.15,13.7,0.14,28.06,0.16,261.37,0.17,105.5,0.84,201.37,0.83,100.5,0.85,50.87,0.86,28.06,0.01,0.01,2322.544503,1776352659000
1776352660.633,160.633,0.15,8.95,0.14,28.06,0.16,270.41,0.17,105.5,0.84,261.37,0.83,105.5,0.85,13.7,0.86,28.06,0.01,0.01,2322.544503,1776352659000
1776352660.877,160.877,0.15,2.9,0.14,28.06,0.16,280.41,0.17,105.5,0.84,280.41,0.83,105.5,0.85,7.65,0.86,28.06,0.01,0.01,2322.544503,1776352659000
1776352661.097,161.097,0.14,23.41,0.13,229.8,0.16,270.41,0.17,105.5,0.84,265.41,0.83,105.5,0.85,0.1,0.86,28.06,0.02,0.01,2322.698998,1776352660000
1776352661.314,161.314,0.14,23.41,0.13,168.8,0.15,8.26,0.16,230.41,0.84,270.41,0.83,105.5,0.86,23.41,0.87,229.8,0.01,0.02,2322.698998,1776352660000
1776352661.589,161.589,0.13,119.0,0.12,35.34,0.14,90.25,0.15,84.76,0.85,8.26,0.84,230.41,0.86,23.41,0.87,168.8,0.01,0.01,2322.698998,1776352660000
1776352665.11,165.11,0.13,81.98,0.12,79.94,0.14,122.92,0.15,10.0,0.86,169.79,0.85,43.76,0.87,87.0,0.88,35.34,0.01,0.01,2322.43068,1776352663000
1776352665.995,165.995,0.13,172.98,0.12,109.94,0.14,11.92,0.15,10.0,0.86,92.92,0.85,10.0,0.87,81.98,0.88,79.94,0.01,0.01,2322.51568,1776352664000
1776352666.279,166.279,0.13,188.98,0.12,109.94,0.16,30.0,0.17,110.0,0.86,1.92,0.85,10.0,0.87,172.98,0.88,109.94,0.03,0.01,2322.51568,1776352664000
1776352666.642,166.642,0.16,15.0,0.15,20.0,0.17,110.0,0.18,85.0,0.84,30.0,0.83,110.0,0.87,188.98,0.88,109.94,0.01,0.03,2322.623593,1776352665000
1776352667.592,167.592,0.16,67.74,0.15,53.2,0.17,100.0,0.18,65.0,0.83,110.0,0.82,85.0,0.84,15.0,0.85,20.0,0.01,0.01,2323.040215,1776352666000
1776352667.856,167.856,0.16,78.24,0.15,63.7,0.17,4.72,0.18,75.0,0.83,100.0,0.82,65.0,0.84,67.74,0.85,53.2,0.01,0.01,2323.040215,1776352666000
1776352669.74,169.74,0.17,45.97,0.16,55.74,0.18,85.0,0.19,80.0,0.83,4.72,0.82,75.0,0.84,78.24,0.85,63.7,0.01,0.01,2323.126803,1776352668000
1776352670.254,170.254,0.17,40.97,0.16,55.74,0.18,106.0,0.19,80.0,0.82,85.0,0.81,80.0,0.83,45.97,0.84,55.74,0.01,0.01,2323.20501,1776352669000
1776352670.807,170.807,0.17,54.36,0.16,88.94,0.18,95.0,0.19,95.5,0.82,106.0,0.81,80.0,0.83,40.97,0.84,55.74,0.01,0.01,2323.20501,1776352669000
1776352671.345,171.345,0.17,88.15,0.16,88.94,0.18,55.0,0.19,208.89,0.82,95.0,0.81,95.5,0.83,54.36,0.84,88.94,0.01,0.01,2323.177908,1776352670000
1776352673.544,173.544,0.17,63.15,0.16,95.94,0.18,118.17,0.19,90.5,0.82,55.0,0.81,208.89,0.83,68.15,0.84,88.94,0.01,0.01,2323.139523,1776352672000
1776352675.993,175.993,0.17,60.15,0.16,98.94,0.18,25.5,0.19,112.35,0.82,118.17,0.81,90.5,0.83,63.15,0.84,95.94,0.01,0.01,2323.19257,1776352674000
1776352676.504,176.504,0.17,58.15,0.16,98.94,0.18,39.0,0.19,122.35,0.82,25.5,0.81,112.35,0.83,60.15,0.84,98.94,0.01,0.01,2323.20066,1776352675000
1776352676.863,176.863,0.17,39.15,0.16,90.0,0.18,156.0,0.19,164.73,0.82,39.0,0.81,122.35,0.83,58.15,0.84,98.94,0.01,0.01,2323.20066,1776352675000
1776352679.461,179.461,0.16,32.0,0.15,80.0,0.17,145.5,0.18,34.0,0.82,151.0,0.81,164.73,0.84,90.0,0.85,80.0,0.01,0.02,2323.153329,1776352678000
1776352680.769,180.769,0.12,85.78,0.11,38.0,0.13,35.0,0.14,10.0,0.83,145.5,0.82,34.0,0.84,32.0,0.85,80.0,0.01,0.01,2323.002847,1776352679000
1776352681.255,181.255,0.12,60.0,0.11,38.0,0.13,91.24,0.14,10.0,0.87,35.0,0.86,10.0,0.88,85.78,0.89,38.0,0.01,0.01,2322.93119,1776352680000
1776352681.545,181.545,0.11,29.79,0.1,265.0,0.13,91.24,0.14,95.81,0.87,91.24,0.86,10.0,0.88,60.0,0.89,38.0,0.02,0.01,2322.93119,1776352680000
1776352683.027,183.027,0.11,16.13,0.1,305.0,0.12,115.74,0.13,81.74,0.87,91.24,0.86,95.81,0.89,29.79,0.9,265.0,0.01,0.02,2322.703895,1776352682000
1776352686.892,186.892,0.1,40.0,0.09,296.0,0.11,40.0,0.12,36.44,0.88,115.74,0.87,81.74,0.89,16.13,0.9,305.0,0.01,0.01,2322.536238,1776352685000
1776352687.352,187.352,0.1,25.0,0.09,221.0,0.11,17.0,0.12,31.44,0.89,40.0,0.88,36.44,0.9,40.0,0.91,296.0,0.01,0.01,2322.392562,1776352686000
1776352687.865,187.865,0.1,23.88,0.09,221.0,0.11,12.0,0.12,31.44,0.89,17.0,0.88,31.44,0.9,25.0,0.91,221.0,0.01,0.01,2322.392562,1776352686000
1776352688.543,188.543,0.1,37.2,0.09,221.0,0.11,12.0,0.12,26.44,0.89,12.0,0.88,31.44,0.91,221.0,0.92,172.0,0.01,0.02,2322.324234,1776352687000
1776352689.104,189.104,0.1,16.73,0.09,221.0,0.11,5.0,0.12,26.44,0.89,12.0,0.88,26.44,0.9,37.2,0.91,221.0,0.01,0.01,2322.440759,1776352688000
1776352689.839,189.839,0.1,16.73,0.09,221.0,0.12,24.88,0.13,47.24,0.88,26.44,0.87,62.74,0.9,26.73,0.91,221.0,0.02,0.02,2322.440759,1776352688000
1776352690.141,190.141,0.11,14.13,0.09,221.0,0.12,24.88,0.13,47.24,0.88,24.88,0.87,47.24,0.89,9.13,0.9,6.73,0.01,0.01,2322.534435,1776352689000
1776352691.05,191.05,0.11,6.75,0.1,5.0,0.12,118.67,0.13,57.74,0.88,0.88,0.87,47.24,0.89,7.99,0.91,221.0,0.01,0.01,2322.634465,1776352690000
1776352691.521,191.521,0.1,45.5,0.09,270.0,0.12,10.88,0.13,52.24,0.89,5.25,0.88,113.17,0.9,5.0,0.91,265.0,0.02,0.01,2322.634465,1776352690000
1776352692.969,192.969,0.1,65.94,0.09,221.0,0.11,58.5,0.12,21.38,0.88,10.88,0.87,52.24,0.9,45.5,0.91,270.0,0.01,0.02,2322.679225,1776352691000
1776352693.279,193.279,0.1,37.94,0.09,221.0,0.11,164.69,0.12,54.38,0.89,58.5,0.88,21.38,0.9,65.94,0.91,221.0,0.01,0.01,2322.679225,1776352691000
1776352694.848,194.848,0.1,23.94,0.09,221.0,0.11,205.69,0.12,49.38,0.89,164.69,0.88,54.38,0.9,37.94,0.91,221.0,0.01,0.01,2322.78391,1776352693000
1776352696.306,196.306,0.09,239.0,0.08,172.0,0.11,34.0,0.12,27.38,0.89,205.69,0.88,49.38,0.9,23.94,0.91,221.0,0.02,0.01,2322.48209,1776352695000
1776352697.454,197.454,0.09,221.0,0.08,172.0,0.11,39.0,0.12,27.38,0.89,34.0,0.88,27.38,0.91,239.0,0.92,172.0,0.02,0.02,2322.431066,1776352696000
1776352697.752,197.752,0.09,216.0,0.08,172.0,0.11,39.0,0.12,27.38,0.89,39.0,0.88,27.38,0.91,221.0,0.92,172.0,0.02,0.02,2322.431066,1776352696000
1776352699.097,199.097,0.1,5.0,0.09,216.0,0.11,10.5,0.12,10.88,0.89,39.0,0.88,27.38,0.91,216.0,0.92,172.0,0.01,0.02,2322.548245,1776352697000
1776352700.774,200.774,0.12,20.5,0.11,20.5,0.13,7.24,0.14,20.0,0.89,10.5,0.88,10.88,0.9,5.0,0.91,216.0,0.01,0.01,2322.634395,1776352699000
1776352702.569,202.569,0.13,3.94,0.12,15.0,0.15,10.0,0.16,135.0,0.86,20.0,0.85,10.0,0.87,31.32,0.88,52.5,0.02,0.01,2322.827215,1776352701000
1776352702.811,202.811,0.11,14.39,0.09,226.0,0.12,10.0,0.14,10.0,0.86,10.0,0.85,20.0,0.89,20.0,0.91,226.0,0.01,0.03,2322.827215,1776352701000
1776352703.565,203.565,0.11,10.45,0.1,40.0,0.12,10.0,0.13,110.0,0.88,10.0,0.86,10.0,0.89,14.39,0.91,226.0,0.01,0.01,2323.40339,1776352702000
1776352704.243,204.243,0.1,40.0,0.09,236.0,0.12,27.0,0.13,121.0,0.88,10.0,0.87,110.0,0.89,10.45,0.9,40.0,0.02,0.01,2323.40339,1776352702000
1776352704.962,204.962,0.1,105.0,0.09,242.0,0.13,8.46,0.14,87.86,0.88,17.0,0.87,121.0,0.9,60.0,0.91,242.0,0.03,0.02,2323.151706,1776352703000
1776352705.952,205.952,0.11,10.0,0.1,10.0,0.12,0.75,0.13,18.96,0.87,8.46,0.86,87.86,0.9,105.0,0.91,242.0,0.01,0.03,2322.553755,1776352704000
1776352706.887,206.887,0.11,20.0,0.1,10.0,0.13,16.65,0.14,110.06,0.88,0.75,0.87,18.96,0.89,10.0,0.9,10.0,0.02,0.01,2322.638505,1776352705000
1776352711.672,211.672,0.1,6.66,0.09,336.0,0.11,7.8,0.12,10.0,0.87,16.65,0.86,110.06,0.89,20.0,0.9,10.0,0.01,0.02,2322.718945,1776352710000
1776352712.289,212.289,0.11,14.43,0.1,122.16,0.12,20.0,0.14,42.2,0.88,30.0,0.87,16.65,0.9,21.66,0.91,336.0,0.01,0.02,2322.736796,1776352711000
1776352713.184,213.184,0.12,130.56,0.11,114.93,0.13,15.0,0.14,11.7,0.88,20.0,0.86,42.2,0.89,14.43,0.9,122.16,0.01,0.01,2322.79977,1776352712000
1776352714.005,214.005,0.14,40.38,0.13,28.05,0.15,10.0,0.16,30.0,0.86,1.7,0.85,30.0,0.87,6.55,0.88,125.56,0.01,0.01,2322.79977,1776352712000
1776352714.62,214.62,0.14,134.56,0.13,128.05,0.15,20.0,0.16,30.0,0.85,10.0,0.84,30.0,0.86,40.38,0.87,28.05,0.01,0.01,2322.849577,1776352713000
1776352715.898,215.898,0.15,75.5,0.14,29.5,0.17,150.5,0.18,34.4,0.85,20.0,0.84,30.0,0.86,129.5,0.87,128.05,0.02,0.01,2323.046435,1776352714000
1776352717.344,217.344,0.21,27.0,0.2,10.0,0.22,20.0,0.23,297.98,0.83,150.5,0.82,34.4,0.85,75.5,0.86,29.5,0.01,0.02,2323.304675,1776352716000
1776352718.525,218.525,0.16,2.19,0.13,20.0,0.17,10.0,0.18,10.0,0.78,20.0,0.77,297.98,0.79,27.0,0.8,10.0,0.01,0.01,2323.568144,1776352717000
1776352718.991,218.991,0.13,12.93,0.12,104.1,0.14,15.0,0.15,10.0,0.83,10.0,0.82,10.0,0.87,25.0,0.88,114.1,0.01,0.04,2323.568144,1776352717000
1776352719.851,219.851,0.13,45.0,0.12,94.1,0.19,10.0,0.2,10.0,0.86,15.0,0.85,10.0,0.87,12.93,0.88,104.1,0.06,0.01,2323.896685,1776352718000
1776352720.713,220.713,0.17,32.66,0.16,60.0,0.2,8.44,0.21,18.0,0.81,10.0,0.8,10.0,0.83,2.66,0.84,10.0,0.03,0.02,2323.765205,1776352719000
1776352722.305,222.305,0.16,25.0,0.15,100.5,0.17,9.11,0.18,25.5,0.81,8.0,0.8,8.44,0.82,2.0,0.83,27.66,0.01,0.01,2323.491515,1776352720000
1776352723.102,223.102,0.16,45.5,0.15,100.5,0.18,15.0,0.19,20.5,0.83,9.11,0.82,25.5,0.84,25.0,0.85,100.5,0.02,0.01,2323.77129,1776352722000
1776352723.633,223.633,0.16,42.92,0.15,100.5,0.17,11.31,0.18,15.0,0.82,15.0,0.81,20.5,0.84,42.92,0.85,100.5,0.01,0.02,2323.77129,1776352722000
1776352724.427,224.427,0.16,42.92,0.15,100.5,0.17,1.31,0.18,67.83,0.83,11.31,0.82,15.0,0.84,42.92,0.85,100.5,0.01,0.01,2323.759605,1776352723000
1776352724.819,224.819,0.16,27.42,0.15,110.5,0.17,10.42,0.18,83.33,0.83,1.31,0.82,67.83,0.84,42.92,0.85,100.5,0.01,0.01,2323.759605,1776352723000
1776352727.146,227.146,0.11,108.66,0.1,100.0,0.12,30.5,0.13,25.5,0.83,10.42,0.82,83.33,0.84,27.42,0.85,110.5,0.01,0.01,2323.540782,1776352726000
1776352733.387,233.387,0.09,143.0,0.08,445.9,0.1,3.0,0.11,30.0,0.88,30.5,0.87,25.5,0.89,50.66,0.9,100.0,0.01,0.01,2322.894269,1776352732000
1776352733.854,233.854,0.09,143.0,0.08,445.9,0.11,40.5,0.12,30.5,0.9,3.0,0.89,30.0,0.91,143.0,0.92,445.9,0.02,0.01,2322.894269,1776352732000
1776352734.409,234.409,0.09,116.0,0.08,445.9,0.11,20.0,0.12,20.5,0.89,40.5,0.88,30.5,0.91,143.0,0.92,445.9,0.02,0.02,2322.946039,1776352733000
1776352734.615,234.615,0.09,116.0,0.08,445.9,0.12,10.0,0.13,40.5,0.89,20.0,0.88,20.5,0.91,116.0,0.92,445.9,0.03,0.02,2322.946039,1776352733000
1776352735.078,235.078,0.09,65.27,0.08,494.8,0.11,35.12,0.12,10.0,0.88,10.0,0.87,40.5,0.91,116.0,0.92,445.9,0.02,0.03,2322.946039,1776352733000
1776352736.509,236.509,0.1,5.0,0.09,50.27,0.11,45.5,0.12,123.75,0.89,22.12,0.88,10.0,0.9,5.0,0.91,60.27,0.01,0.01,2323.111864,1776352735000
1776352736.827,236.827,0.09,6.27,0.08,394.8,0.11,30.5,0.12,128.75,0.89,45.5,0.88,123.75,0.9,5.0,0.91,50.27,0.02,0.01,2323.111864,1776352735000
1776352738.188,238.188,0.08,410.6,0.07,554.3,0.09,20.0,0.1,30.5,0.89,30.5,0.88,128.75,0.91,6.27,0.92,394.8,0.01,0.02,2323.305675,1776352736000
1776352738.985,238.985,0.08,412.6,0.07,554.3,0.09,15.0,0.1,30.5,0.91,20.0,0.9,30.5,0.92,410.6,0.93,554.3,0.01,0.01,2323.307075,1776352737000
1776352739.758,239.758,0.08,206.7,0.07,474.0,0.09,45.5,0.1,40.5,0.91,15.0,0.9,30.5,0.92,412.6,0.93,554.3,0.01,0.01,2323.225076,1776352738000
1776352740.072,240.072,0.08,57.8,0.07,474.0,0.09,148.5,0.1,121.89,0.91,45.5,0.9,40.5,0.92,206.7,0.93,474.0,0.01,0.01,2323.225076,1776352738000
1776352740.327,240.327,0.07,424.0,0.06,262.0,0.09,43.0,0.1,112.39,0.91,148.5,0.9,121.89,0.92,57.8,0.93,474.0,0.02,0.01,2323.225076,1776352738000
1776352740.64,240.64,0.07,422.55,0.06,262.0,0.09,38.0,0.1,113.39,0.91,38.0,0.9,113.39,0.93,429.0,0.94,262.0,0.02,0.02,2323.225076,1776352738000
1776352741.067,241.067,0.07,417.55,0.06,287.0,0.09,98.0,0.1,101.39,0.91,38.0,0.9,113.39,0.93,422.55,0.94,262.0,0.02,0.02,2323.304663,1776352739000
1776352741.537,241.537,0.07,412.55,0.06,287.0,0.08,5.99,0.09,63.0,0.91,108.0,0.9,25.0,0.93,417.55,0.94,287.0,0.01,0.02,2323.20584,1776352740000
1776352741.933,241.933,0.07,446.47,0.06,337.0,0.09,50.0,0.1,5.0,0.92,5.99,0.91,53.0,0.93,426.47,0.94,287.0,0.02,0.01,2323.20584,1776352740000
1776352742.218,242.218,0.12,20.0,0.11,10.0,0.13,11.0,0.14,20.0,0.86,105.0,0.85,95.0,0.89,39.36,0.93,431.47,0.01,0.03,2322.990246,1776352741000
1776352742.495,242.495,0.1,5.67,0.09,10.0,0.13,11.0,0.14,25.0,0.87,21.0,0.86,25.0,0.89,6.86,0.9,10.0,0.03,0.02,2322.990246,1776352741000
1776352742.792,242.792,0.12,21.72,0.11,10.0,0.13,20.0,0.14,20.0,0.87,11.0,0.86,25.0,0.9,5.67,0.91,10.0,0.01,0.03,2322.990246,1776352741000
1776352743.425,243.425,0.1,9.55,0.09,10.0,0.12,20.0,0.13,20.0,0.87,20.0,0.86,20.0,0.88,20.58,0.89,10.0,0.02,0.01,2323.057536,1776352742000
1776352745.507,245.507,0.07,125.13,0.06,287.0,0.08,50.0,0.09,40.0,0.88,20.0,0.87,20.0,0.9,9.55,0.91,10.0,0.01,0.02,2323.50214,1776352744000
1776352747.105,247.105,0.07,120.13,0.06,262.0,0.08,47.5,0.09,30.0,0.92,50.0,0.91,40.0,0.93,125.13,0.94,287.0,0.01,0.01,2323.114989,1776352745000
1776352748.462,248.462,0.07,17.13,0.06,212.0,0.08,88.5,0.09,100.0,0.92,47.5,0.91,30.0,0.93,120.13,0.94,262.0,0.01,0.01,2323.09841,1776352746000
1776352750.425,250.425,0.06,26.36,0.05,493.88,0.07,74.0,0.08,47.5,0.92,83.5,0.91,85.0,0.94,206.68,0.95,493.88,0.01,0.02,2322.983475,1776352749000
1776352750.653,250.653,0.05,493.88,0.04,375.0,0.07,59.0,0.08,47.5,0.93,61.25,0.92,47.5,0.94,26.04,0.95,493.88,0.02,0.01,2322.983475,1776352749000
1776352751.144,251.144,0.05,493.88,0.04,375.0,0.06,63.71,0.07,49.0,0.93,59.0,0.92,47.5,0.95,493.88,0.96,375.0,0.01,0.02,2322.983475,1776352749000
1776352751.457,251.457,0.05,423.35,0.04,375.0,0.06,61.71,0.07,49.0,0.94,68.71,0.93,49.0,0.95,483.88,0.96,375.0,0.01,0.01,2322.983475,1776352749000
1776352751.743,251.743,0.05,418.08,0.04,375.0,0.06,84.02,0.07,49.0,0.94,61.71,0.93,49.0,0.95,423.35,0.96,375.0,0.01,0.01,2322.983475,1776352749000
1776352752.269,252.269,0.05,283.08,0.04,375.0,0.06,61.12,0.07,54.0,0.94,77.79,0.93,49.0,0.95,333.08,0.96,375.0,0.01,0.01,2322.784726,1776352750000
1776352752.67,252.67,0.05,160.62,0.04,375.0,0.06,66.12,0.07,54.0,0.94,61.12,0.93,54.0,0.95,283.08,0.96,375.0,0.01,0.01,2322.857836,1776352751000
1776352752.919,252.919,0.05,165.36,0.04,375.0,0.06,61.12,0.07,54.0,0.94,66.12,0.93,54.0,0.95,160.62,0.96,375.0,0.01,0.01,2322.857836,1776352751000
1776352753.475,253.475,0.05,15.36,0.04,375.0,0.06,17.78,0.07,54.0,0.94,49.45,0.93,54.0,0.95,40.36,0.96,375.0,0.01,0.01,2322.781239,1776352752000
1776352753.727,253.727,0.04,319.79,0.03,379.7,0.05,20.0,0.06,27.78,0.94,22.78,0.93,54.0,0.96,375.0,0.97,379.7,0.01,0.02,2322.781239,1776352752000
1776352754.229,254.229,0.04,318.74,0.03,379.7,0.05,25.26,0.06,32.78,0.95,20.0,0.94,27.78,0.96,319.79,0.97,379.7,0.01,0.01,2322.781239,1776352752000
1776352754.518,254.518,0.05,4.73,0.04,318.74,0.06,27.78,0.07,39.0,0.95,5.26,0.94,27.78,0.96,318.74,0.97,379.7,0.01,0.01,2322.764995,1776352753000
1776352754.831,254.831,0.05,24.73,0.04,412.54,0.06,29.27,0.07,34.0,0.94,27.78,0.93,39.0,0.95,4.73,0.96,318.74,0.01,0.01,2322.764995,1776352753000
1776352755.102,255.102,0.05,3.67,0.04,412.54,0.06,49.27,0.07,34.0,0.94,29.27,0.93,34.0,0.95,24.73,0.96,412.54,0.01,0.01,2322.792044,1776352754000
1776352755.629,255.629,0.04,313.74,0.03,404.7,0.05,5.26,0.06,23.95,0.94,49.27,0.93,34.0,0.95,3.67,0.96,412.54,0.01,0.01,2322.792044,1776352754000
1776352756.161,256.161,0.04,303.54,0.03,404.7,0.05,5.26,0.06,23.95,0.95,5.26,0.94,23.95,0.96,313.74,0.97,404.7,0.01,0.01,2322.792044,1776352754000
1776352756.375,256.375,0.04,303.54,0.03,379.7,0.06,23.95,0.07,34.0,0.95,3.78,0.94,23.95,0.96,303.54,0.97,379.7,0.02,0.01,2322.792044,1776352754000
1776352756.599,256.599,0.04,243.22,0.03,379.7,0.06,12.28,0.07,34.0,0.94,12.28,0.93,34.0,0.96,253.54,0.97,379.7,0.02,0.02,2322.821872,1776352755000
1776352757.341,257.341,0.05,30.9,0.04,337.02,0.06,7.28,0.07,29.0,0.94,12.28,0.93,34.0,0.96,243.22,0.97,379.7,0.01,0.02,2322.946245,1776352756000
1776352758.326,258.326,0.04,323.42,0.03,404.7,0.06,7.28,0.07,34.0,0.94,7.28,0.93,29.0,0.96,333.89,0.97,404.7,0.02,0.02,2323.011315,1776352757000
1776352758.654,258.654,0.05,3.85,0.04,323.42,0.06,7.28,0.07,29.0,0.94,7.28,0.93,34.0,0.96,323.42,0.97,404.7,0.01,0.02,2323.011315,1776352757000
1776352758.988,258.988,0.04,321.33,0.03,404.7,0.05,5.29,0.06,7.28,0.94,7.28,0.93,29.0,0.95,1.76,0.96,323.42,0.01,0.01,2323.011315,1776352757000
1776352759.379,259.379,0.06,44.93,0.05,100.8,0.07,10.0,0.08,17.5,0.93,10.0,0.92,12.5,0.96,321.33,0.97,404.7,0.01,0.03,2323.11221,1776352758000
1776352761.433,261.433,0.04,55.44,0.03,256.0,0.05,10.0,0.06,41.67,0.93,10.0,0.92,17.5,0.94,44.93,0.95,100.8,0.01,0.01,2323.224055,1776352760000
1776352763.129,263.129,0.03,174.78,0.02,729.68,0.05,5.0,0.06,100.47,0.95,10.0,0.94,41.67,0.96,55.44,0.97,256.0,0.02,0.01,2322.936425,1776352762000
1776352763.789,263.789,0.04,4.76,0.03,174.78,0.05,20.0,0.06,100.47,0.95,5.0,0.94,100.47,0.97,174.78,0.98,729.68,0.01,0.02,2322.936425,1776352762000
1776352764.193,264.193,0.04,4.76,0.03,174.78,0.05,122.8,0.06,100.47,0.95,20.0,0.94,100.47,0.96,4.76,0.97,174.78,0.01,0.01,2322.86607,1776352763000
1776352764.52,264.52,0.04,2.67,0.03,174.78,0.05,134.8,0.06,123.47,0.95,122.8,0.94,100.47,0.96,4.76,0.97,174.78,0.01,0.01,2322.86607,1776352763000
1776352764.908,264.908,0.03,152.22,0.02,545.98,0.04,15.0,0.05,124.8,0.95,134.8,0.94,123.47,0.97,174.78,0.98,545.98,0.01,0.02,2322.86607,1776352763000
1776352765.319,265.319,0.03,147.06,0.02,545.98,0.04,45.0,0.05,119.8,0.96,15.0,0.95,124.8,0.97,152.22,0.98,545.98,0.01,0.01,2322.89483,1776352764000
1776352765.624,265.624,0.03,114.99,0.02,545.98,0.04,40.0,0.05,119.8,0.96,40.0,0.95,119.8,0.97,117.06,0.98,545.98,0.01,0.01,2322.89483,1776352764000
1776352766.393,266.393,0.03,5.78,0.02,545.98,0.04,158.7,0.05,194.8,0.96,50.0,0.95,119.8,0.97,107.78,0.98,545.98,0.01,0.01,2322.813707,1776352765000
1776352766.901,266.901,0.02,287.64,0.01,7275.25,0.03,186.7,0.04,128.7,0.97,26.0,0.96,148.7,0.98,288.67,0.99,6975.25,0.01,0.01,2322.813707,1776352765000
1776352767.238,267.238,0.02,287.64,0.01,7275.25,0.03,67.38,0.04,118.7,0.97,186.7,0.96,128.7,0.98,287.64,0.99,7275.25,0.01,0.01,2322.813707,1776352765000
1776352767.569,267.569,0.02,272.26,0.01,7280.25,0.03,198.26,0.04,118.7,0.97,69.56,0.96,118.7,0.98,287.64,0.99,7280.25,0.01,0.01,2322.84027,1776352766000
1776352768.066,268.066,0.02,263.26,0.01,7280.25,0.03,352.26,0.04,118.7,0.97,347.26,0.96,118.7,0.98,268.26,0.99,7280.25,0.01,0.01,2322.84027,1776352766000
1776352768.295,268.295,0.02,268.26,0.01,7280.25,0.03,352.26,0.04,118.7,0.97,352.26,0.96,118.7,0.98,263.26,0.99,7280.25,0.01,0.01,2322.84027,1776352766000
1776352768.664,268.664,0.02,216.21,0.01,6911.65,0.03,445.26,0.04,142.7,0.97,352.26,0.96,118.7,0.98,268.26,0.99,7280.25,0.01,0.01,2322.533815,1776352767000
1776352769.516,269.516,0.02,15.18,0.01,6911.65,0.03,372.26,0.04,142.7,0.97,445.26,0.96,142.7,0.98,216.21,0.99,6911.65,0.01,0.01,2322.579075,1776352768000
1776352769.723,269.723,0.02,10.13,0.01,6911.65,0.03,372.26,0.04,142.7,0.97,372.26,0.96,142.7,0.98,15.18,0.99,6911.65,0.01,0.01,2322.579075,1776352768000
1776352770.072,270.072,0.01,6876.78,,,0.03,338.92,0.04,137.7,0.97,367.26,0.96,142.7,0.99,6876.78,,,0.02,0.02,2322.54431,1776352769000
1776352770.372,270.372,0.01,6564.69,,,0.03,308.01,0.04,113.7,0.97,308.01,0.96,113.7,0.99,6569.75,,,0.02,0.02,2322.54431,1776352769000
1776352770.746,270.746,0.01,6443.68,,,0.02,10.0,0.03,288.01,0.97,288.01,0.96,113.7,0.99,6544.69,,,0.01,0.02,2322.54431,1776352769000
1776352771.063,271.063,0.01,6439.67,,,0.02,213.7,0.03,293.01,0.98,10.0,0.97,288.01,0.99,6443.68,,,0.01,0.01,2322.488305,1776352770000
1776352771.481,271.481,0.01,6433.65,,,0.02,198.7,0.03,293.01,0.98,203.7,0.97,293.01,0.99,6434.67,,,0.01,0.01,2322.488305,1776352770000
1776352771.945,271.945,0.01,6428.4,,,0.02,199.7,0.03,293.01,0.98,198.7,0.97,293.01,0.99,6433.65,,,0.01,0.01,2322.488305,1776352770000
1776352772.162,272.162,0.01,6428.4,,,0.02,179.7,0.03,288.01,0.98,199.7,0.97,293.01,0.99,6428.4,,,0.01,0.01,2322.488305,1776352770000
1776352772.672,272.672,0.01,6381.79,,,0.02,179.7,0.03,288.01,0.98,179.7,0.97,288.01,0.99,6428.4,,,0.01,0.01,2322.48114,1776352771000
1776352773.0,273.0,0.01,6206.0,,,0.02,189.7,0.03,293.01,0.98,184.7,0.97,293.01,0.99,6369.5,,,0.01,0.01,2322.476753,1776352772000
1776352773.518,273.518,0.01,6175.89,,,0.02,16.0,0.03,288.01,0.98,199.7,0.97,293.01,0.99,6186.0,,,0.01,0.01,2322.476753,1776352772000
1776352773.796,273.796,0.01,6534.49,,,0.02,16.0,0.03,288.01,0.98,16.0,0.97,288.01,0.99,6175.89,,,0.01,0.01,2322.476753,1776352772000
1776352774.045,274.045,0.01,6403.48,,,0.02,16.0,0.03,288.01,0.98,16.0,0.97,288.01,0.99,6504.49,,,0.01,0.01,2322.476753,1776352772000
1776352774.56,274.56,0.01,6325.19,,,0.02,16.0,0.03,288.01,0.98,16.0,0.97,288.01,0.99,6011.59,,,0.01,0.01,2322.480819,1776352773000
1776352774.762,274.762,0.01,6294.88,,,0.02,16.0,0.03,288.01,0.98,16.0,0.97,288.01,0.99,6325.19,,,0.01,0.01,2322.480819,1776352773000
1776352775.36,275.36,0.01,5924.01,,,0.02,26.0,0.03,179.31,0.98,16.0,0.97,288.01,0.99,6294.88,,,0.01,0.01,2322.480819,1776352773000
1776352775.902,275.902,0.01,5878.9,,,0.02,26.0,0.03,179.31,0.98,16.0,0.97,179.31,0.99,5889.01,,,0.01,0.01,2322.525373,1776352774000
1776352776.532,276.532,0.01,5373.84,,,0.02,26.0,0.03,179.31,0.98,26.0,0.97,179.31,0.99,5878.9,,,0.01,0.01,2322.621613,1776352775000
1776352777.452,277.452,0.01,5323.63,,,0.02,22.3,0.03,184.31,0.98,26.0,0.97,179.31,0.99,5353.63,,,0.01,0.01,2322.71802,1776352776000
1776352777.877,277.877,0.01,5315.63,,,0.02,17.3,0.03,184.31,0.98,22.3,0.97,184.31,0.99,5319.63,,,0.01,0.01,2322.71802,1776352776000
1776352779.615,279.615,0.01,5185.63,,,0.02,34.73,0.03,184.31,0.98,24.73,0.97,179.31,0.99,5315.63,,,0.01,0.01,2322.811787,1776352778000
1776352780.104,280.104,0.01,882.64,,,0.02,34.73,0.03,203.31,0.98,34.73,0.97,184.31,0.99,5156.23,,,0.01,0.01,2322.78867,1776352779000
1776352780.448,280.448,0.01,871.59,,,0.02,24.73,0.03,179.31,0.98,34.73,0.97,179.31,0.99,876.64,,,0.01,0.01,2322.78867,1776352779000
1776352780.79,280.79,0.01,831.19,,,0.02,24.73,0.03,179.31,0.98,24.73,0.97,179.31,0.99,871.59,,,0.01,0.01,2322.78867,1776352779000
1776352781.603,281.603,0.01,822.09,,,0.02,24.73,0.03,179.31,0.98,24.73,0.97,179.31,0.99,831.19,,,0.01,0.01,2322.78734,1776352780000
1776352781.954,281.954,0.01,813.04,,,0.02,24.73,0.03,179.31,0.98,24.73,0.97,179.31,0.99,818.09,,,0.01,0.01,2322.78734,1776352780000
1776352782.296,282.296,0.01,808.74,,,0.02,24.73,0.03,179.31,0.98,24.73,0.97,179.31,0.99,809.76,,,0.01,0.01,2322.78734,1776352780000
1776352782.584,282.584,0.01,654.72,,,0.02,24.73,0.03,179.31,0.98,24.73,0.97,179.31,0.99,707.72,,,0.01,0.01,2322.821819,1776352781000
1776352782.926,282.926,0.01,553.71,,,0.02,24.73,0.03,203.31,0.98,24.73,0.97,179.31,0.99,654.72,,,0.01,0.01,2322.821819,1776352781000
1776352784.004,284.004,0.01,498.63,,,0.02,24.73,0.03,203.31,0.98,24.73,0.97,203.31,0.99,548.63,,,0.01,0.01,2322.877223,1776352782000
1776352784.27,284.27,0.01,489.53,,,0.02,38.65,0.03,203.31,0.98,23.65,0.97,203.31,0.99,498.63,,,0.01,0.01,2322.877223,1776352782000
1776352784.642,284.642,0.01,469.53,,,0.02,30.65,0.03,213.31,0.98,38.65,0.97,203.31,0.99,489.53,,,0.01,0.01,2322.877223,1776352782000
1776352784.991,284.991,0.01,447.5,,,0.02,30.65,0.03,213.31,0.98,30.65,0.97,213.31,0.99,452.5,,,0.01,0.01,2322.862785,1776352783000
1776352785.217,285.217,0.01,432.39,,,0.02,30.65,0.03,203.31,0.98,30.65,0.97,203.31,0.99,446.48,,,0.01,0.01,2322.862785,1776352783000
1776352785.436,285.436,0.01,427.39,,,0.02,15.36,0.03,203.31,0.98,15.36,0.97,203.31,0.99,432.39,,,0.01,0.01,2322.862785,1776352783000
1776352785.675,285.675,0.01,417.39,,,0.02,15.36,0.03,203.31,0.98,15.36,0.97,203.31,0.99,427.39,,,0.01,0.01,2322.903105,1776352784000
1776352786.635,286.635,0.01,508.29,,,0.02,85.36,0.03,203.31,0.98,15.36,0.97,203.31,0.99,417.39,,,0.01,0.01,2322.903105,1776352785000
1776352787.148,287.148,0.01,388.29,,,0.02,100.36,0.03,203.31,0.98,85.36,0.97,203.31,0.99,508.29,,,0.01,0.01,2322.903105,1776352785000
1776352787.387,287.387,0.01,383.29,,,0.02,85.36,0.03,203.31,0.98,100.36,0.97,203.31,0.99,388.29,,,0.01,0.01,2322.903105,1776352785000
1776352787.685,287.685,0.01,363.08,,,0.02,217.36,0.03,203.31,0.98,85.36,0.97,203.31,0.99,383.29,,,0.01,0.01,2322.823336,1776352786000
1776352787.977,287.977,,,,,0.01,2287.92,0.02,222.36,0.98,217.36,0.97,201.31,0.99,237.08,,,,0.01,2322.823336,1776352786000
1776352788.671,288.671,,,,,0.01,2437.89,0.02,73.36,0.99,2287.92,0.98,222.36,,,,,,,2322.842281,1776352787000
1776352789.09,289.09,,,,,0.01,2432.62,0.02,73.36,0.99,2436.88,0.98,73.36,,,,,,,2322.888459,1776352788000
1776352790.217,290.217,,,,,0.01,2452.92,0.02,73.36,0.99,2432.62,0.98,73.36,,,,,,,2322.888459,1776352788000
1776352792.741,292.741,,,,,0.01,2876.71,0.02,73.36,0.99,2452.92,0.98,73.36,,,,,,,2322.992604,1776352791000
1776352794.32,294.32,,,,,0.01,11002.72,0.02,73.36,0.99,2876.71,0.98,73.36,,,,,,,2322.85176,1776352793000
1776352797.609,297.609,,,,,0.01,12851.55,0.02,73.36,0.99,11002.72,0.98,73.36,,,,,,,2323.03201,1776352796000
1776352799.796,299.796,,,,,0.01,39455.34,0.02,193.36,0.99,12851.55,0.98,73.36,,,,,,,2322.852875,1776352798000

# RESULT,winner=Down,slug=eth-updown-5m-1776352500,ticks=371
