timestamp,elapsed_sec,up_bid_p1,up_bid_s1,up_bid_p2,up_bid_s2,up_ask_p1,up_ask_s1,up_ask_p2,up_ask_s2,down_bid_p1,down_bid_s1,down_bid_p2,down_bid_s2,down_ask_p1,down_ask_s1,down_ask_p2,down_ask_s2,up_spread,down_spread,eth_price,eth_oracle_ts
1776378601.056,1.056,0.5,121.44,0.49,6.0,0.51,18.63,0.54,150.0,0.49,18.63,0.46,150.0,0.5,121.44,0.51,6.0,0.01,0.01,2344.012636,1776378600000
1776378601.606,1.606,0.53,5.0,0.52,5.0,0.54,7.65,0.55,82.0,0.47,4.08,0.46,5.0,0.49,12.75,0.5,126.44,0.01,0.02,2344.012636,1776378600000
1776378602.441,2.441,0.53,2.7,0.52,5.0,0.54,23.0,0.55,82.0,0.46,7.65,0.45,82.0,0.47,5.0,0.48,5.0,0.01,0.01,2344.028374,1776378601000
1776378603.22,3.22,0.51,12.75,0.5,121.44,0.52,18.8,0.53,17.0,0.46,23.0,0.45,82.0,0.47,2.7,0.48,5.0,0.01,0.01,2344.028374,1776378601000
1776378603.432,3.432,0.51,12.75,0.5,121.44,0.52,36.68,0.53,37.0,0.48,18.8,0.47,17.0,0.49,12.75,0.5,121.44,0.01,0.01,2344.028374,1776378601000
1776378603.735,3.735,0.51,7.75,0.5,121.44,0.52,31.68,0.53,32.0,0.48,36.68,0.47,37.0,0.49,7.75,0.5,121.44,0.01,0.01,2344.028374,1776378601000
1776378604.385,4.385,0.51,5.7,0.5,121.44,0.52,24.76,0.53,32.0,0.48,26.0,0.47,32.0,0.49,5.7,0.5,121.44,0.01,0.01,2344.233028,1776378603000
1776378605.299,5.299,0.51,5.7,0.5,121.44,0.52,33.76,0.53,32.0,0.48,24.76,0.47,32.0,0.49,5.7,0.5,121.44,0.01,0.01,2344.233028,1776378603000
1776378606.468,6.468,0.51,5.7,0.5,126.44,0.52,31.45,0.53,32.0,0.48,33.76,0.47,32.0,0.49,5.7,0.5,121.44,0.01,0.01,2344.08567,1776378605000
1776378610.93,10.93,0.54,47.5,0.53,32.0,0.55,90.5,0.56,70.0,0.48,31.45,0.47,32.0,0.49,5.7,0.5,126.44,0.01,0.01,2344.081795,1776378609000
1776378611.194,11.194,0.54,67.5,0.53,32.0,0.55,73.52,0.56,70.0,0.45,76.58,0.44,70.0,0.46,83.5,0.47,32.0,0.01,0.01,2344.09712,1776378610000
1776378611.447,11.447,0.54,82.5,0.53,27.0,0.55,48.47,0.56,70.0,0.45,60.79,0.44,70.0,0.46,77.5,0.47,32.0,0.01,0.01,2344.09712,1776378610000
1776378611.778,11.778,0.54,82.5,0.53,57.01,0.55,46.65,0.56,70.0,0.45,48.47,0.44,70.0,0.46,82.5,0.47,27.0,0.01,0.01,2344.09712,1776378610000
1776378614.619,14.619,0.51,5.7,0.5,121.44,0.53,21.0,0.54,10.0,0.45,46.65,0.44,70.0,0.46,82.5,0.47,57.01,0.02,0.01,2344.366496,1776378612000
1776378615.272,15.272,0.5,83.34,0.49,41.0,0.51,26.0,0.52,98.76,0.48,98.76,0.47,106.0,0.5,113.34,0.51,41.0,0.01,0.02,2344.393545,1776378613000
1776378615.505,15.505,0.5,65.91,0.49,41.0,0.51,20.7,0.52,98.76,0.49,20.7,0.48,98.76,0.5,75.34,0.51,41.0,0.01,0.01,2344.408106,1776378614000
1776378616.031,16.031,0.5,51.79,0.49,41.0,0.51,121.7,0.52,103.76,0.49,20.7,0.48,98.76,0.5,65.91,0.51,41.0,0.01,0.01,2344.408106,1776378614000
1776378616.303,16.303,0.49,31.0,0.47,225.0,0.51,157.2,0.52,119.26,0.49,173.2,0.48,119.26,0.5,2.42,0.51,41.0,0.02,0.01,2344.408106,1776378614000
1776378616.916,16.916,0.49,12.94,0.47,225.0,0.5,30.0,0.51,120.2,0.49,157.2,0.48,119.26,0.51,31.0,0.53,225.0,0.01,0.02,2344.380183,1776378615000
1776378618.183,18.183,0.47,225.0,0.46,85.0,0.5,105.5,0.51,115.2,0.5,30.0,0.49,120.2,0.51,12.94,0.53,225.0,0.03,0.01,2344.093169,1776378616000
1776378618.384,18.384,0.47,179.02,0.46,85.0,0.48,161.5,0.49,184.5,0.52,161.5,0.51,184.5,0.53,184.02,0.54,85.0,0.01,0.01,2343.804775,1776378617000
1776378618.62,18.62,0.47,35.45,0.46,85.0,0.48,133.0,0.49,184.5,0.52,149.0,0.51,184.5,0.53,105.45,0.54,85.0,0.01,0.01,2343.804775,1776378617000
1776378618.847,18.847,0.47,7.93,0.46,85.0,0.48,168.71,0.49,159.5,0.52,147.71,0.51,184.5,0.53,14.61,0.54,85.0,0.01,0.01,2343.804775,1776378617000
1776378619.139,19.139,0.39,75.0,0.36,80.0,0.4,69.76,0.46,203.5,0.54,20.5,0.53,149.5,0.55,0.24,0.57,35.0,0.01,0.01,2343.803925,1776378618000
1776378620.063,20.063,0.38,2.88,0.37,10.0,0.39,13.0,0.4,87.76,0.6,69.76,0.54,203.5,0.61,75.0,0.64,80.0,0.01,0.01,2343.803925,1776378618000
1776378620.386,20.386,0.39,20.0,0.38,2.88,0.4,84.76,0.41,93.0,0.61,13.0,0.6,87.76,0.62,2.88,0.63,10.0,0.01,0.01,2343.803925,1776378618000
1776378620.939,20.939,0.38,7.88,0.37,15.0,0.39,7.43,0.4,76.76,0.6,84.76,0.59,93.0,0.61,20.0,0.62,2.88,0.01,0.01,2343.42435,1776378619000
1776378622.626,22.626,0.38,15.88,0.37,15.0,0.39,3.0,0.4,66.76,0.61,7.43,0.6,76.76,0.62,7.88,0.63,15.0,0.01,0.01,2342.996017,1776378621000
1776378623.159,23.159,0.39,23.53,0.38,31.38,0.4,43.18,0.41,10.0,0.6,45.68,0.59,10.0,0.61,8.03,0.62,15.88,0.01,0.01,2343.081955,1776378622000
1776378624.527,24.527,0.39,25.5,0.38,33.5,0.4,102.68,0.41,75.0,0.6,43.18,0.59,10.0,0.61,45.53,0.62,31.38,0.01,0.01,2343.163024,1776378623000
1776378627.601,27.601,0.38,10.0,0.37,10.0,0.4,134.18,0.41,92.5,0.6,102.68,0.59,75.0,0.61,25.5,0.62,33.5,0.02,0.01,2343.262415,1776378626000
1776378630.942,30.942,0.37,10.5,0.36,25.5,0.38,79.84,0.39,53.5,0.6,134.18,0.59,92.5,0.62,10.0,0.63,10.0,0.01,0.02,2343.105601,1776378629000
1776378631.828,31.828,0.39,55.5,0.38,30.5,0.4,52.68,0.41,60.0,0.62,79.84,0.61,53.5,0.63,10.5,0.64,25.5,0.01,0.01,2343.105601,1776378629000
1776378632.387,32.387,0.39,110.54,0.38,38.5,0.4,20.18,0.41,60.0,0.6,47.68,0.59,60.0,0.61,58.54,0.62,30.5,0.01,0.01,2343.105601,1776378629000
1776378633.175,33.175,0.39,189.0,0.38,106.23,0.44,25.0,0.46,35.0,0.6,20.18,0.59,60.0,0.61,110.54,0.62,38.5,0.05,0.01,2343.106752,1776378630000
1776378633.573,33.573,0.46,8.98,0.45,50.5,0.47,70.5,0.48,99.0,0.56,25.0,0.54,35.0,0.61,189.0,0.62,106.23,0.01,0.05,2343.108191,1776378632000
1776378633.989,33.989,0.46,30.48,0.45,50.5,0.47,23.87,0.48,95.5,0.53,70.5,0.52,99.0,0.54,8.98,0.55,50.5,0.01,0.01,2343.108191,1776378632000
1776378634.518,34.518,0.46,5.0,0.45,15.0,0.47,31.74,0.48,105.5,0.53,23.87,0.52,95.5,0.54,30.48,0.55,50.5,0.01,0.01,2343.310017,1776378633000
1776378634.743,34.743,0.46,10.9,0.45,15.0,0.47,112.0,0.48,85.0,0.53,31.74,0.52,105.5,0.54,5.0,0.55,15.0,0.01,0.01,2343.310017,1776378633000
1776378635.36,35.36,0.46,10.0,0.45,15.0,0.48,72.0,0.49,242.0,0.53,112.0,0.52,85.0,0.54,10.9,0.55,15.0,0.02,0.01,2343.310017,1776378633000
1776378636.495,36.495,0.48,108.7,0.47,46.5,0.49,135.77,0.51,50.0,0.52,72.0,0.51,167.0,0.53,20.33,0.54,60.0,0.01,0.01,2343.569969,1776378635000
1776378637.016,37.016,0.5,23.93,0.48,61.5,0.51,40.0,0.53,85.0,0.51,55.77,0.49,50.0,0.52,108.7,0.53,46.5,0.01,0.01,2343.569969,1776378635000
1776378642.024,42.024,0.53,0.11,0.52,20.5,0.54,62.0,0.55,80.5,0.49,40.0,0.47,85.0,0.5,23.93,0.52,61.5,0.01,0.01,2344.098422,1776378641000
1776378643.218,43.218,0.51,20.5,0.5,120.43,0.52,47.82,0.53,30.5,0.46,62.0,0.45,80.5,0.47,0.11,0.48,20.5,0.01,0.01,2344.274346,1776378642000
1776378644.28,44.28,0.5,18.93,0.49,25.0,0.51,131.5,0.52,32.32,0.48,36.82,0.47,30.5,0.49,16.25,0.5,120.43,0.01,0.01,2344.20816,1776378643000
1776378644.581,44.581,0.5,5.34,0.49,25.0,0.51,246.5,0.52,27.32,0.49,186.5,0.48,27.32,0.5,14.77,0.51,25.0,0.01,0.01,2344.20816,1776378643000
1776378645.164,45.164,0.47,10.0,0.46,250.0,0.48,23.0,0.49,20.5,0.49,216.5,0.48,37.32,0.51,25.0,0.53,10.0,0.01,0.02,2344.20816,1776378643000
1776378646.399,46.399,0.47,29.11,0.46,297.5,0.48,10.0,0.49,30.5,0.52,23.0,0.51,20.5,0.53,10.0,0.54,250.0,0.01,0.01,2344.091446,1776378645000
1776378650.954,50.954,0.47,34.11,0.46,87.5,0.48,10.0,0.49,15.5,0.52,10.0,0.51,30.5,0.53,29.11,0.54,297.5,0.01,0.01,2343.897641,1776378649000
1776378655.097,55.097,0.45,256.0,0.44,55.0,0.46,55.89,0.47,45.5,0.52,10.0,0.51,15.5,0.53,34.11,0.54,87.5,0.01,0.01,2343.869345,1776378653000
1776378655.507,55.507,0.45,236.0,0.44,55.0,0.46,50.02,0.47,40.5,0.54,55.89,0.53,45.5,0.55,256.0,0.56,55.0,0.01,0.01,2343.86553,1776378654000
1776378656.431,56.431,0.45,168.0,0.44,50.0,0.46,65.02,0.47,75.5,0.54,50.02,0.53,40.5,0.55,236.0,0.56,55.0,0.01,0.01,2343.881905,1776378655000
1776378656.824,56.824,0.45,163.0,0.44,50.0,0.46,153.02,0.47,75.5,0.54,65.02,0.53,75.5,0.55,168.0,0.56,50.0,0.01,0.01,2343.881905,1776378655000
1776378660.526,60.526,0.47,23.75,0.46,15.0,0.48,10.0,0.49,75.0,0.54,153.02,0.53,75.5,0.55,163.0,0.56,50.0,0.01,0.01,2343.56832,1776378659000
1776378660.915,60.915,0.49,103.52,0.48,48.5,0.5,11.0,0.51,18.0,0.52,10.0,0.51,75.0,0.53,23.75,0.54,15.0,0.01,0.01,2343.56832,1776378659000
1776378661.693,61.693,0.49,120.43,0.48,43.5,0.5,3.72,0.52,10.5,0.5,3.72,0.49,18.0,0.51,103.52,0.52,48.5,0.01,0.01,2343.568759,1776378660000
1776378662.024,62.024,0.49,96.32,0.48,43.5,0.54,66.03,0.55,120.0,0.5,3.72,0.48,10.5,0.51,120.43,0.52,43.5,0.05,0.01,2343.568759,1776378660000
1776378663.011,63.011,0.54,85.7,0.53,25.5,0.55,115.0,0.56,105.0,0.46,66.03,0.45,120.0,0.51,96.32,0.52,43.5,0.01,0.05,2343.780251,1776378661000
1776378663.297,63.297,0.54,19.76,0.53,25.5,0.55,115.0,0.56,105.0,0.45,115.0,0.44,105.0,0.46,85.7,0.47,25.5,0.01,0.01,2343.780251,1776378661000
1776378665.081,65.081,0.57,105.17,0.56,129.43,0.58,10.0,0.6,57.29,0.45,115.0,0.44,105.0,0.46,19.76,0.47,25.5,0.01,0.01,2344.17218,1776378664000
1776378666.181,66.181,0.59,79.5,0.58,36.5,0.6,7.29,0.61,25.0,0.42,10.0,0.4,57.29,0.43,105.17,0.44,129.43,0.01,0.01,2344.289376,1776378665000
1776378667.652,67.652,0.59,67.5,0.58,62.5,0.6,5.62,0.61,35.0,0.4,7.29,0.39,25.0,0.41,79.5,0.42,36.5,0.01,0.01,2344.513789,1776378666000
1776378669.272,69.272,0.59,95.5,0.58,131.5,0.61,35.0,0.62,50.0,0.4,5.62,0.39,35.0,0.41,67.5,0.42,62.5,0.02,0.01,2344.54084,1776378668000
1776378669.756,69.756,0.62,10.0,0.61,15.0,0.64,169.5,0.65,57.0,0.39,35.0,0.38,50.0,0.41,95.5,0.42,131.5,0.02,0.02,2344.54084,1776378668000
1776378670.329,70.329,0.62,10.0,0.61,10.0,0.63,19.91,0.64,136.5,0.37,11.5,0.36,157.5,0.38,4.52,0.39,15.0,0.01,0.01,2344.54379,1776378669000
1776378670.7,70.7,0.6,19.0,0.59,20.0,0.61,35.5,0.62,32.5,0.37,26.73,0.36,146.5,0.39,10.0,0.4,22.0,0.01,0.02,2344.54379,1776378669000
1776378670.932,70.932,0.6,14.0,0.59,20.0,0.61,62.5,0.62,32.5,0.39,35.5,0.38,32.5,0.4,19.0,0.41,20.0,0.01,0.01,2344.663963,1776378670000
1776378671.469,71.469,0.6,4.0,0.59,28.0,0.61,42.5,0.62,27.5,0.39,42.5,0.38,32.5,0.4,6.5,0.41,20.0,0.01,0.01,2344.663963,1776378670000
1776378673.074,73.074,0.6,4.0,0.59,28.0,0.61,30.5,0.62,21.5,0.39,42.5,0.38,27.5,0.4,4.0,0.41,28.0,0.01,0.01,2344.647299,1776378672000
1776378673.734,73.734,0.6,4.0,0.59,28.0,0.61,29.3,0.62,21.5,0.39,30.5,0.38,21.5,0.4,4.0,0.41,28.0,0.01,0.01,2344.647299,1776378672000
1776378674.668,74.668,0.59,18.0,0.58,45.0,0.6,35.5,0.61,28.3,0.39,29.3,0.38,21.5,0.4,4.0,0.41,28.0,0.01,0.01,2344.621646,1776378673000
1776378674.873,74.873,0.59,3.0,0.58,45.0,0.6,125.5,0.61,37.3,0.4,35.5,0.39,28.3,0.41,18.0,0.42,45.0,0.01,0.01,2344.621646,1776378673000
1776378675.543,75.543,0.58,35.0,0.57,10.0,0.6,74.5,0.61,37.3,0.4,85.5,0.39,37.3,0.41,0.07,0.42,45.0,0.02,0.01,2344.621646,1776378673000
1776378677.643,77.643,0.6,26.0,0.59,30.5,0.62,85.5,0.63,95.5,0.41,19.83,0.4,62.5,0.42,35.0,0.43,10.0,0.02,0.01,2344.62438,1776378675000
1776378678.394,78.394,0.63,60.7,0.62,50.5,0.64,6.87,0.65,100.0,0.38,85.5,0.37,95.5,0.4,26.0,0.41,30.5,0.01,0.02,2344.490724,1776378677000
1776378678.863,78.863,0.63,117.7,0.62,41.5,0.66,5.0,0.67,72.0,0.36,6.87,0.35,100.0,0.37,60.7,0.38,50.5,0.03,0.01,2344.490724,1776378677000
1776378679.462,79.462,0.66,83.5,0.65,65.5,0.67,3.5,0.68,150.0,0.34,5.0,0.33,72.0,0.37,117.7,0.38,41.5,0.01,0.03,2344.492662,1776378678000
1776378681.521,81.521,0.67,56.5,0.66,60.5,0.68,103.35,0.69,180.0,0.32,100.0,0.31,189.0,0.34,83.5,0.35,70.5,0.01,0.02,2344.760005,1776378680000
1776378681.828,81.828,0.66,2.0,0.65,10.0,0.68,160.85,0.69,200.5,0.32,103.35,0.31,180.0,0.33,56.5,0.34,60.5,0.02,0.01,2344.760005,1776378680000
1776378682.362,82.362,0.66,28.5,0.65,20.5,0.67,11.0,0.68,373.35,0.32,192.85,0.31,190.5,0.34,2.0,0.35,10.0,0.01,0.02,2344.855584,1776378681000
1776378682.886,82.886,0.67,38.46,0.66,13.97,0.68,181.87,0.69,199.5,0.32,383.35,0.31,199.5,0.33,33.46,0.34,13.97,0.01,0.01,2344.855584,1776378681000
1776378685.21,85.21,0.67,91.46,0.66,13.97,0.68,179.87,0.69,189.0,0.32,181.87,0.31,199.5,0.33,38.46,0.34,13.97,0.01,0.01,2344.898769,1776378683000
1776378685.975,85.975,0.67,85.39,0.66,13.97,0.68,379.87,0.69,189.0,0.32,179.87,0.31,189.0,0.33,91.46,0.34,13.97,0.01,0.01,2344.901815,1776378684000
1776378686.403,86.403,0.67,15.89,0.66,7.0,0.68,415.37,0.69,199.5,0.32,379.87,0.31,189.0,0.33,85.39,0.34,13.97,0.01,0.01,2344.909957,1776378685000
1776378686.907,86.907,0.67,12.85,0.66,7.0,0.68,415.37,0.69,199.5,0.32,415.37,0.31,199.5,0.33,15.89,0.34,7.0,0.01,0.01,2344.909957,1776378685000
1776378687.192,87.192,0.67,28.85,0.66,17.5,0.68,209.0,0.69,124.5,0.32,415.37,0.31,199.5,0.33,12.85,0.34,7.0,0.01,0.01,2344.902659,1776378686000
1776378687.413,87.413,0.67,12.85,0.66,17.5,0.68,111.77,0.69,124.5,0.32,113.52,0.31,124.5,0.33,12.85,0.34,17.5,0.01,0.01,2344.902659,1776378686000
1776378687.702,87.702,0.67,12.85,0.66,17.5,0.68,110.29,0.69,124.5,0.32,111.77,0.31,124.5,0.33,12.85,0.34,17.5,0.01,0.01,2344.902659,1776378686000
1776378689.514,89.514,0.67,12.85,0.66,7.0,0.68,123.56,0.69,124.5,0.32,110.29,0.31,124.5,0.33,12.85,0.34,17.5,0.01,0.01,2344.919437,1776378687000
1776378694.224,94.224,0.66,29.41,0.65,30.5,0.67,35.5,0.68,132.56,0.32,123.56,0.31,124.5,0.33,12.85,0.34,7.0,0.01,0.01,2344.934609,1776378692000
1776378695.831,95.831,0.66,23.41,0.65,30.5,0.67,30.0,0.68,132.56,0.33,35.5,0.32,132.56,0.34,29.41,0.35,30.5,0.01,0.01,2344.871731,1776378694000
1776378696.959,96.959,0.66,27.41,0.65,30.5,0.67,27.2,0.68,132.56,0.33,30.0,0.32,132.56,0.34,17.41,0.35,30.5,0.01,0.01,2344.872946,1776378695000
1776378700.777,100.777,0.66,48.93,0.65,40.5,0.67,27.2,0.68,123.56,0.33,27.2,0.32,132.56,0.34,27.41,0.35,30.5,0.01,0.01,2344.935049,1776378699000
1776378702.954,102.954,0.66,68.93,0.65,40.5,0.67,15.7,0.68,40.5,0.33,27.2,0.32,123.56,0.34,48.93,0.35,40.5,0.01,0.01,2344.857494,1776378701000
1776378703.77,103.77,0.67,136.7,0.66,108.93,0.69,100.0,0.7,233.0,0.33,15.7,0.32,40.5,0.34,68.93,0.35,40.5,0.02,0.01,2344.842621,1776378702000
1776378704.093,104.093,0.69,127.5,0.68,133.5,0.7,218.59,0.72,85.0,0.3,220.17,0.29,75.0,0.32,90.5,0.33,101.7,0.01,0.02,2344.842621,1776378702000
1776378704.621,104.621,0.69,206.5,0.68,119.23,0.7,165.66,0.72,85.0,0.3,167.09,0.28,85.0,0.31,150.5,0.32,119.23,0.01,0.01,2344.844742,1776378703000
1776378705.159,105.159,0.69,190.5,0.68,226.13,0.7,150.64,0.72,85.0,0.3,165.66,0.28,85.0,0.31,206.5,0.32,119.23,0.01,0.01,2344.845741,1776378704000
1776378705.431,105.431,0.69,190.5,0.68,226.13,0.7,121.94,0.72,85.0,0.3,150.64,0.28,85.0,0.31,190.5,0.32,226.13,0.01,0.01,2344.845741,1776378704000
1776378705.893,105.893,0.69,215.5,0.68,268.83,0.7,115.94,0.72,85.0,0.3,121.94,0.28,85.0,0.31,190.5,0.32,226.13,0.01,0.01,2344.845741,1776378704000
1776378706.399,106.399,0.69,192.5,0.68,271.1,0.7,114.51,0.72,85.0,0.3,115.94,0.28,85.0,0.31,215.5,0.32,268.83,0.01,0.01,2344.979049,1776378705000
1776378707.056,107.056,0.69,293.38,0.68,178.5,0.7,111.65,0.72,85.0,0.3,113.08,0.28,85.0,0.31,192.5,0.32,271.1,0.01,0.01,2344.979049,1776378705000
1776378707.964,107.964,0.69,345.55,0.68,158.5,0.7,110.22,0.72,85.0,0.3,111.65,0.28,85.0,0.31,293.38,0.32,178.5,0.01,0.01,2345.18362,1776378706000
1776378709.0,109.0,0.69,374.32,0.68,126.5,0.7,110.22,0.72,85.0,0.3,110.22,0.28,85.0,0.31,345.55,0.32,158.5,0.01,0.01,2345.19534,1776378707000
1776378709.245,109.245,0.69,336.32,0.68,152.23,0.7,95.2,0.72,85.0,0.3,110.22,0.28,85.0,0.31,374.32,0.32,126.5,0.01,0.01,2345.229681,1776378708000
1776378710.213,110.213,0.69,355.71,0.68,231.36,0.7,83.02,0.72,85.0,0.3,89.02,0.28,85.0,0.31,356.32,0.32,152.23,0.01,0.01,2345.229681,1776378708000
1776378711.361,111.361,0.79,123.0,0.78,75.16,0.8,19.25,0.81,20.5,0.28,35.0,0.25,60.0,0.31,316.94,0.32,201.36,0.01,0.03,2345.20498,1776378709000
1776378712.085,112.085,0.79,93.69,0.78,46.5,0.8,3.75,0.81,25.5,0.2,19.25,0.19,20.5,0.21,37.0,0.22,70.16,0.01,0.01,2345.222841,1776378710000
1776378712.352,112.352,0.79,93.69,0.78,41.5,0.8,1.75,0.81,25.5,0.2,3.75,0.19,25.5,0.21,93.69,0.22,46.5,0.01,0.01,2345.263555,1776378711000
1776378713.348,113.348,0.79,29.69,0.75,20.0,0.8,105.25,0.81,85.5,0.2,1.75,0.19,25.5,0.21,93.69,0.22,41.5,0.01,0.01,2345.604989,1776378712000
1776378713.677,113.677,0.75,10.0,0.73,50.0,0.76,127.96,0.77,177.5,0.2,105.25,0.19,85.5,0.25,20.0,0.26,10.0,0.01,0.05,2345.604989,1776378712000
1776378714.295,114.295,0.72,218.26,0.71,67.5,0.73,58.63,0.74,20.0,0.24,124.02,0.23,177.5,0.28,6.08,0.29,47.0,0.01,0.04,2345.604989,1776378712000
1776378714.673,114.673,0.72,137.68,0.71,32.0,0.73,91.48,0.74,105.5,0.27,96.99,0.26,15.5,0.28,138.76,0.29,47.0,0.01,0.01,2345.746537,1776378713000
1776378714.912,114.912,0.72,10.0,0.71,32.0,0.73,76.21,0.74,105.5,0.27,91.48,0.26,105.5,0.28,137.68,0.29,32.0,0.01,0.01,2345.746537,1776378713000
1776378715.477,115.477,0.72,87.0,0.71,42.0,0.74,86.91,0.75,22.5,0.27,68.2,0.26,105.5,0.28,10.0,0.29,32.0,0.02,0.01,2345.628205,1776378714000
1776378716.087,116.087,0.73,31.0,0.72,115.15,0.74,82.07,0.75,22.5,0.26,86.91,0.25,22.5,0.28,87.0,0.29,42.0,0.01,0.02,2345.477923,1776378715000
1776378718.096,118.096,0.73,44.29,0.72,105.15,0.74,90.5,0.75,32.5,0.26,82.07,0.25,22.5,0.27,31.0,0.28,115.15,0.01,0.01,2345.249144,1776378717000
1776378718.33,118.33,0.73,40.58,0.72,105.15,0.74,90.5,0.75,32.5,0.26,90.5,0.25,32.5,0.27,44.29,0.28,105.15,0.01,0.01,2345.249144,1776378717000
1776378720.433,120.433,0.73,139.09,0.72,30.5,0.74,88.74,0.75,32.5,0.26,90.5,0.25,32.5,0.27,40.58,0.28,105.15,0.01,0.01,2345.284631,1776378719000
1776378720.635,120.635,0.73,139.09,0.72,30.5,0.74,59.85,0.75,32.5,0.26,88.74,0.25,32.5,0.27,139.09,0.28,30.5,0.01,0.01,2345.284631,1776378719000
1776378721.784,121.784,0.73,106.68,0.72,10.0,0.74,110.35,0.75,32.5,0.26,55.85,0.25,32.5,0.27,139.09,0.28,30.5,0.01,0.01,2345.284631,1776378719000
1776378721.998,121.998,0.73,1.68,0.71,25.0,0.74,121.5,0.75,47.5,0.26,137.5,0.25,47.5,0.27,50.68,0.29,25.0,0.01,0.01,2345.292195,1776378720000
1776378722.329,122.329,0.68,60.0,0.67,57.5,0.69,35.83,0.7,30.5,0.26,131.5,0.25,52.5,0.32,60.0,0.33,42.0,0.01,0.06,2345.292195,1776378720000
1776378722.91,122.91,0.68,75.47,0.67,40.0,0.69,92.56,0.7,30.5,0.31,35.83,0.3,30.5,0.32,60.0,0.33,57.5,0.01,0.01,2345.291397,1776378721000
1776378723.257,123.257,0.68,7.35,0.66,85.0,0.69,100.06,0.7,45.5,0.31,116.66,0.3,30.5,0.32,75.47,0.33,25.0,0.01,0.01,2345.290928,1776378722000
1776378723.61,123.61,0.65,10.0,0.64,191.25,0.66,45.83,0.67,115.5,0.31,100.06,0.3,45.5,0.34,85.0,0.35,10.0,0.01,0.03,2345.290928,1776378722000
1776378724.042,124.042,0.65,102.91,0.64,191.25,0.66,54.22,0.67,106.5,0.34,45.83,0.33,115.5,0.35,10.0,0.36,191.25,0.01,0.01,2345.290928,1776378722000
1776378724.299,124.299,0.65,106.27,0.64,191.25,0.66,45.08,0.67,176.5,0.34,54.22,0.33,106.5,0.35,102.91,0.36,191.25,0.01,0.01,2345.290928,1776378722000
1776378731.176,131.176,0.65,187.76,0.64,68.84,0.66,46.5,0.67,176.5,0.34,45.08,0.33,176.5,0.35,106.27,0.36,191.25,0.01,0.01,2344.76988,1776378730000
1776378732.103,132.103,0.65,187.76,0.64,68.84,0.66,34.19,0.67,176.5,0.34,46.5,0.33,176.5,0.35,187.76,0.36,68.84,0.01,0.01,2344.76988,1776378730000
1776378733.971,133.971,0.65,187.76,0.64,68.84,0.66,27.67,0.67,176.5,0.34,34.19,0.33,176.5,0.35,187.76,0.36,68.84,0.01,0.01,2344.753035,1776378732000
1776378734.312,134.312,0.65,160.76,0.64,35.0,0.66,279.67,0.67,91.5,0.34,27.67,0.33,176.5,0.35,187.76,0.36,68.84,0.01,0.01,2344.753035,1776378732000
1776378734.821,134.821,0.6,108.74,0.59,5.0,0.61,31.5,0.62,66.5,0.34,281.67,0.33,121.5,0.38,20.0,0.39,30.0,0.01,0.04,2344.752695,1776378733000
1776378736.105,136.105,0.6,103.74,0.59,100.11,0.61,85.86,0.62,141.5,0.39,56.5,0.38,66.5,0.4,103.74,0.41,5.0,0.01,0.01,2344.752774,1776378734000
1776378737.24,137.24,0.6,98.74,0.58,30.0,0.61,172.86,0.62,40.5,0.39,85.86,0.38,141.5,0.4,103.74,0.41,100.11,0.01,0.01,2344.601397,1776378735000
1776378737.615,137.615,0.6,25.72,0.58,25.0,0.61,172.86,0.62,40.5,0.39,172.86,0.38,40.5,0.4,95.72,0.42,30.0,0.01,0.01,2344.504604,1776378736000
1776378737.869,137.869,0.57,35.0,0.56,100.0,0.61,319.86,0.62,50.5,0.39,319.86,0.38,50.5,0.4,3.22,0.42,25.0,0.04,0.01,2344.504604,1776378736000
1776378738.74,138.74,0.56,75.0,0.55,50.0,0.57,35.09,0.58,35.5,0.39,319.86,0.38,50.5,0.43,35.0,0.44,100.0,0.01,0.04,2344.468548,1776378737000
1776378739.627,139.627,0.6,36.5,0.59,56.7,0.61,9.9,0.62,5.0,0.43,35.09,0.42,35.5,0.44,75.0,0.45,50.0,0.01,0.01,2344.400323,1776378738000
1776378739.83,139.83,0.61,13.43,0.6,30.0,0.62,15.0,0.63,30.5,0.39,9.9,0.38,5.0,0.4,36.5,0.41,56.7,0.01,0.01,2344.400323,1776378738000
1776378740.127,140.127,0.59,5.0,0.58,5.0,0.61,133.0,0.62,49.5,0.38,15.0,0.37,30.5,0.39,10.86,0.4,30.0,0.02,0.01,2344.400323,1776378738000
1776378740.37,140.37,0.57,10.0,0.56,30.0,0.58,21.0,0.59,10.0,0.4,11.0,0.39,65.27,0.42,5.0,0.43,15.0,0.01,0.02,2344.400323,1776378738000
1776378740.585,140.585,0.57,10.0,0.56,30.0,0.58,8.27,0.59,15.0,0.42,21.0,0.41,10.0,0.43,10.0,0.44,30.0,0.01,0.01,2344.400323,1776378738000
1776378740.835,140.835,0.57,10.0,0.56,30.0,0.58,11.54,0.59,30.5,0.42,8.27,0.41,15.0,0.43,10.0,0.44,30.0,0.01,0.01,2344.280999,1776378739000
1776378743.756,143.756,0.56,69.07,0.55,50.0,0.57,22.0,0.58,28.58,0.42,8.08,0.41,30.5,0.44,30.0,0.45,60.5,0.01,0.02,2344.301749,1776378742000
1776378744.866,144.866,0.56,5.0,0.55,60.5,0.57,226.71,0.58,28.58,0.43,22.0,0.42,28.58,0.44,69.07,0.45,50.0,0.01,0.01,2344.284426,1776378743000
1776378745.515,145.515,0.56,5.0,0.55,60.5,0.57,225.24,0.58,228.58,0.43,226.71,0.42,28.58,0.44,5.0,0.45,60.5,0.01,0.01,2344.284426,1776378743000
1776378747.449,147.449,0.51,4.2,0.5,305.0,0.55,329.5,0.56,100.5,0.43,225.24,0.42,228.58,0.44,5.0,0.45,60.5,0.04,0.01,2344.290064,1776378746000
1776378747.702,147.702,0.48,30.0,0.47,65.0,0.51,248.06,0.52,25.0,0.49,248.06,0.48,25.0,0.5,16.51,0.51,60.0,0.03,0.01,2344.290064,1776378746000
1776378748.502,148.502,0.47,171.0,0.46,55.0,0.48,110.0,0.49,35.5,0.49,248.06,0.48,25.0,0.52,30.0,0.53,65.0,0.01,0.03,2344.290064,1776378746000
1776378748.838,148.838,0.47,176.0,0.46,65.5,0.48,104.89,0.49,35.5,0.52,110.0,0.51,35.5,0.53,171.0,0.54,55.0,0.01,0.01,2344.20676,1776378747000
1776378749.442,149.442,0.47,5.0,0.46,65.5,0.48,95.8,0.49,35.5,0.52,97.89,0.51,35.5,0.53,168.16,0.54,65.5,0.01,0.01,2344.20676,1776378747000
1776378750.023,150.023,0.47,3.11,0.46,65.5,0.48,107.8,0.49,35.5,0.52,95.8,0.51,35.5,0.53,5.0,0.54,65.5,0.01,0.01,2344.090206,1776378748000
1776378752.805,152.805,0.38,60.5,0.37,15.0,0.4,78.0,0.41,20.0,0.52,107.8,0.51,35.5,0.53,3.11,0.54,65.5,0.02,0.01,2343.830746,1776378751000
1776378753.348,153.348,0.38,27.5,0.37,25.0,0.39,28.0,0.4,25.0,0.61,33.0,0.6,25.0,0.62,20.5,0.63,15.0,0.01,0.01,2343.804277,1776378752000
1776378754.946,154.946,0.38,109.82,0.37,45.0,0.4,20.0,0.41,15.0,0.61,23.0,0.6,25.0,0.62,27.5,0.63,25.0,0.02,0.01,2343.496679,1776378753000
1776378755.282,155.282,0.4,51.79,0.39,77.5,0.41,38.0,0.42,10.0,0.6,31.0,0.59,15.0,0.61,84.5,0.62,122.82,0.01,0.01,2343.496679,1776378753000
1776378756.231,156.231,0.42,21.5,0.41,44.5,0.43,63.38,0.44,15.0,0.59,23.0,0.58,10.0,0.6,77.79,0.61,77.5,0.01,0.01,2343.496679,1776378753000
1776378757.825,157.825,0.42,84.5,0.41,37.5,0.43,63.38,0.44,20.0,0.57,63.38,0.56,15.0,0.58,21.5,0.59,44.5,0.01,0.01,2343.464154,1776378756000
1776378760.554,160.554,0.47,10.0,0.46,70.0,0.48,379.76,0.49,10.0,0.57,63.38,0.56,20.0,0.58,84.5,0.59,37.5,0.01,0.01,2343.5542,1776378758000
1776378762.367,162.367,0.47,52.7,0.46,128.5,0.48,374.76,0.49,10.0,0.52,379.76,0.51,10.0,0.53,9.2,0.54,70.0,0.01,0.01,2343.580185,1776378760000
1776378763.163,163.163,0.47,51.61,0.46,128.5,0.48,389.76,0.49,10.0,0.52,374.76,0.51,10.0,0.53,52.7,0.54,128.5,0.01,0.01,2343.7383,1776378762000
1776378764.962,164.962,0.47,31.15,0.46,123.5,0.48,399.76,0.49,10.0,0.52,389.76,0.51,10.0,0.53,51.15,0.54,128.5,0.01,0.01,2343.7433,1776378763000
1776378765.692,165.692,0.47,16.15,0.46,88.5,0.48,387.26,0.49,20.0,0.52,399.76,0.51,10.0,0.53,31.15,0.54,123.5,0.01,0.01,2343.74335,1776378764000
1776378765.924,165.924,0.47,15.89,0.46,88.5,0.48,387.26,0.49,20.0,0.52,387.26,0.51,20.0,0.53,16.15,0.54,88.5,0.01,0.01,2343.74335,1776378764000
1776378767.464,167.464,0.47,239.12,0.46,88.5,0.48,385.17,0.49,10.0,0.52,387.26,0.51,20.0,0.53,15.89,0.54,88.5,0.01,0.01,2343.747933,1776378766000
1776378772.164,172.164,0.47,254.12,0.46,83.5,0.48,20.0,0.49,10.0,0.52,385.17,0.51,10.0,0.53,239.12,0.54,88.5,0.01,0.01,2343.764748,1776378770000
1776378773.661,173.661,0.47,193.23,0.46,10.0,0.48,130.0,0.49,25.5,0.52,20.0,0.51,10.0,0.53,254.12,0.54,83.5,0.01,0.01,2343.769637,1776378772000
1776378773.873,173.873,0.47,135.23,0.46,10.0,0.48,240.0,0.49,25.5,0.52,224.0,0.51,25.5,0.53,163.23,0.54,10.0,0.01,0.01,2343.769637,1776378772000
1776378774.137,174.137,0.47,132.11,0.46,10.0,0.48,230.0,0.49,20.5,0.52,240.0,0.51,25.5,0.53,135.23,0.54,10.0,0.01,0.01,2343.769637,1776378772000
1776378776.99,176.99,0.4,8.8,0.39,25.0,0.41,53.0,0.42,15.0,0.52,219.0,0.51,20.5,0.56,45.0,0.57,50.0,0.01,0.04,2343.59714,1776378775000
1776378778.686,178.686,0.4,8.8,0.39,25.0,0.41,61.67,0.42,15.0,0.59,28.6,0.58,15.0,0.6,8.8,0.61,25.0,0.01,0.01,2343.601935,1776378777000
1776378780.662,180.662,0.33,100.0,0.32,100.0,0.35,189.45,0.36,20.0,0.59,61.67,0.58,15.0,0.6,8.8,0.61,25.0,0.02,0.01,2343.578065,1776378779000
1776378781.281,181.281,0.33,40.0,0.32,100.0,0.34,39.0,0.35,59.0,0.65,189.45,0.64,20.0,0.67,100.0,0.68,100.0,0.01,0.02,2343.39795,1776378780000
1776378781.499,181.499,0.33,27.58,0.32,100.0,0.35,41.65,0.36,10.0,0.65,41.75,0.64,10.0,0.67,55.58,0.68,100.0,0.02,0.02,2343.39795,1776378780000
1776378781.751,181.751,0.33,4.22,0.32,75.0,0.34,23.0,0.35,64.65,0.65,41.65,0.64,10.0,0.67,7.58,0.68,100.0,0.01,0.02,2343.39795,1776378780000
1776378782.198,182.198,0.32,25.0,0.31,226.8,0.34,118.0,0.35,70.65,0.66,23.0,0.65,64.65,0.67,4.22,0.68,75.0,0.02,0.01,2343.100341,1776378781000
1776378782.799,182.799,0.31,77.3,0.3,185.5,0.32,106.0,0.33,10.0,0.66,118.0,0.65,70.65,0.68,25.0,0.69,226.8,0.01,0.02,2343.100341,1776378781000
1776378783.037,183.037,0.31,27.3,0.3,185.5,0.32,97.49,0.33,10.0,0.68,106.0,0.67,10.0,0.69,77.3,0.7,185.5,0.01,0.01,2343.100341,1776378781000
1776378783.332,183.332,0.3,183.16,0.29,50.0,0.31,71.0,0.32,20.0,0.68,78.49,0.67,15.0,0.7,184.59,0.71,50.0,0.01,0.02,2343.119575,1776378782000
1776378783.561,183.561,0.3,176.23,0.29,50.0,0.31,76.0,0.32,20.0,0.69,86.0,0.68,20.0,0.7,180.39,0.71,50.0,0.01,0.01,2343.119575,1776378782000
1776378783.767,183.767,0.3,178.29,0.29,60.0,0.31,90.0,0.32,55.0,0.69,76.0,0.68,20.0,0.7,176.23,0.71,50.0,0.01,0.01,2343.119575,1776378782000
1776378784.945,184.945,0.3,173.29,0.29,60.0,0.31,141.0,0.32,55.0,0.69,90.0,0.68,55.0,0.7,178.29,0.71,60.0,0.01,0.01,2343.155644,1776378783000
1776378785.773,185.773,0.3,173.29,0.29,65.0,0.31,60.0,0.32,55.0,0.69,141.0,0.68,55.0,0.7,173.29,0.71,60.0,0.01,0.01,2343.134914,1776378784000
1776378787.971,187.971,0.3,151.24,0.29,60.0,0.31,143.0,0.32,55.0,0.69,60.0,0.68,55.0,0.7,173.29,0.71,65.0,0.01,0.01,2343.11263,1776378786000
1776378788.332,188.332,0.3,85.31,0.29,60.0,0.31,178.0,0.32,55.0,0.69,143.0,0.68,55.0,0.7,151.24,0.71,60.0,0.01,0.01,2343.11263,1776378786000
1776378788.624,188.624,0.3,33.56,0.29,60.0,0.31,188.0,0.32,55.0,0.69,188.0,0.68,55.0,0.7,43.56,0.71,60.0,0.01,0.01,2343.136817,1776378787000
1776378788.974,188.974,0.28,75.0,0.27,100.0,0.31,296.76,0.32,55.0,0.69,188.0,0.68,55.0,0.7,31.5,0.72,75.0,0.03,0.01,2343.136817,1776378787000
1776378790.493,190.493,0.25,3.4,0.24,55.5,0.26,31.0,0.27,35.08,0.69,296.76,0.68,55.0,0.72,75.0,0.73,100.0,0.01,0.03,2342.869031,1776378789000
1776378790.716,190.716,0.25,3.4,0.24,55.5,0.27,35.08,0.28,33.0,0.74,31.0,0.73,35.08,0.75,3.4,0.76,55.5,0.02,0.01,2342.869031,1776378789000
1776378791.182,191.182,0.25,20.0,0.24,55.5,0.26,10.0,0.27,30.08,0.75,4.0,0.74,10.0,0.76,55.5,0.77,100.0,0.01,0.01,2342.869031,1776378789000
1776378792.266,192.266,0.24,68.5,0.23,110.0,0.27,1.93,0.28,41.38,0.74,10.0,0.73,30.08,0.75,20.0,0.76,55.5,0.03,0.01,2342.791784,1776378791000
1776378792.555,192.555,0.26,40.0,0.24,79.5,0.28,25.46,0.29,35.0,0.72,25.46,0.71,35.0,0.76,68.5,0.77,110.0,0.02,0.04,2342.791784,1776378791000
1776378795.718,195.718,0.27,14.0,0.26,65.0,0.28,29.46,0.29,45.0,0.72,25.46,0.71,35.0,0.74,40.0,0.76,104.5,0.01,0.02,2343.012048,1776378794000
1776378795.956,195.956,0.27,12.75,0.26,75.5,0.28,54.35,0.29,62.5,0.72,29.46,0.71,45.0,0.73,14.0,0.74,65.0,0.01,0.01,2343.012048,1776378794000
1776378796.588,196.588,0.27,18.47,0.26,40.5,0.28,54.35,0.29,69.5,0.72,54.35,0.71,62.5,0.73,12.75,0.74,75.5,0.01,0.01,2343.035745,1776378795000
1776378797.505,197.505,0.27,18.47,0.26,30.5,0.28,58.53,0.29,62.5,0.72,54.35,0.71,69.5,0.73,18.47,0.74,40.5,0.01,0.01,2343.038111,1776378796000
1776378799.642,199.642,0.24,25.0,0.23,100.0,0.25,97.0,0.26,23.79,0.72,58.53,0.71,62.5,0.73,18.47,0.74,30.5,0.01,0.01,2343.029484,1776378798000
1776378804.265,204.265,0.2,15.5,0.19,110.5,0.22,10.0,0.23,10.0,0.75,97.0,0.74,33.79,0.76,25.0,0.77,100.0,0.02,0.01,2342.744483,1776378803000
1776378805.169,205.169,0.2,37.5,0.19,110.5,0.21,10.0,0.23,10.0,0.78,10.0,0.77,10.0,0.8,15.5,0.81,110.5,0.01,0.02,2342.744483,1776378803000
1776378805.846,205.846,0.23,7.0,0.22,7.0,0.24,15.0,0.25,10.0,0.74,68.62,0.73,34.3,0.8,61.18,0.81,105.5,0.01,0.06,2342.583257,1776378804000
1776378807.3,207.3,0.23,7.0,0.22,7.0,0.24,78.38,0.25,30.0,0.76,15.0,0.75,10.0,0.77,7.0,0.78,7.0,0.01,0.01,2342.671176,1776378805000
1776378810.172,210.172,0.18,83.76,0.17,36.0,0.2,37.0,0.21,61.75,0.76,78.38,0.75,30.0,0.77,7.0,0.78,7.0,0.02,0.01,2342.702371,1776378808000
1776378810.504,210.504,0.18,82.96,0.17,36.0,0.19,20.0,0.2,30.0,0.8,37.0,0.79,61.75,0.82,83.76,0.83,36.0,0.01,0.02,2342.663332,1776378809000
1776378810.949,210.949,0.18,70.88,0.17,36.0,0.19,49.94,0.2,25.0,0.81,20.0,0.8,25.0,0.82,76.88,0.83,36.0,0.01,0.01,2342.663332,1776378809000
1776378811.804,211.804,0.17,15.5,0.16,70.31,0.18,7.62,0.19,77.94,0.81,49.94,0.8,25.0,0.82,65.88,0.83,36.0,0.01,0.01,2342.600542,1776378810000
1776378812.58,212.58,0.17,11.52,0.16,70.31,0.18,39.62,0.19,60.94,0.82,7.62,0.81,77.94,0.83,15.5,0.84,70.31,0.01,0.01,2342.60072,1776378811000
1776378813.208,213.208,0.16,22.92,0.15,25.0,0.17,41.47,0.18,32.62,0.82,39.62,0.81,60.94,0.84,70.31,0.85,20.0,0.01,0.02,2342.60072,1776378811000
1776378813.543,213.543,0.16,14.12,0.15,25.0,0.17,41.47,0.18,32.62,0.83,41.47,0.82,32.62,0.84,22.92,0.85,25.0,0.01,0.01,2342.594678,1776378812000
1776378814.122,214.122,0.16,7.63,0.15,25.0,0.17,48.47,0.18,32.62,0.83,41.47,0.82,32.62,0.84,14.12,0.85,25.0,0.01,0.01,2342.595611,1776378813000
1776378814.68,214.68,0.16,7.63,0.15,25.0,0.17,6.58,0.18,32.62,0.83,48.47,0.82,32.62,0.84,7.63,0.85,25.0,0.01,0.01,2342.595611,1776378813000
1776378815.144,215.144,0.16,6.67,0.15,25.0,0.17,4.08,0.18,27.62,0.83,109.08,0.82,27.62,0.84,6.67,0.85,25.0,0.01,0.01,2342.595611,1776378813000
1776378815.396,215.396,0.17,8.55,0.16,19.67,0.18,7.62,0.19,10.0,0.83,4.08,0.82,27.62,0.84,6.67,0.85,25.0,0.01,0.01,2342.595611,1776378814000
1776378816.209,216.209,0.22,5.64,0.21,10.0,0.26,25.0,0.28,53.42,0.82,7.62,0.81,10.0,0.83,8.55,0.84,19.67,0.04,0.01,2342.595611,1776378814000
1776378816.709,216.709,0.24,7.01,0.23,14.8,0.26,30.5,0.28,35.53,0.74,30.5,0.72,35.53,0.75,2.01,0.76,10.0,0.02,0.01,2342.585285,1776378815000
1776378816.975,216.975,0.25,9.1,0.24,14.41,0.26,30.5,0.28,35.53,0.74,30.5,0.72,35.53,0.75,14.1,0.76,14.41,0.01,0.01,2342.585285,1776378815000
1776378817.218,217.218,0.25,12.1,0.24,19.41,0.26,30.5,0.28,45.53,0.74,30.5,0.72,35.53,0.75,9.1,0.76,14.41,0.01,0.01,2342.585285,1776378815000
1776378818.317,218.317,0.25,19.26,0.24,14.41,0.26,20.5,0.27,102.15,0.74,30.5,0.72,35.53,0.75,5.1,0.76,19.41,0.01,0.01,2342.825123,1776378817000
1776378819.291,219.291,0.25,22.66,0.24,14.41,0.26,12.8,0.27,102.15,0.74,12.8,0.73,102.15,0.75,19.26,0.76,14.41,0.01,0.01,2342.852172,1776378818000
1776378819.592,219.592,0.26,37.2,0.25,22.66,0.27,50.29,0.28,35.53,0.73,102.15,0.72,35.53,0.74,37.2,0.75,22.66,0.01,0.01,2342.852172,1776378818000
1776378819.956,219.956,0.26,13.4,0.25,20.6,0.27,128.41,0.28,35.53,0.73,50.29,0.72,35.53,0.74,37.2,0.75,22.66,0.01,0.01,2342.852172,1776378818000
1776378820.456,220.456,0.26,0.56,0.25,20.6,0.27,128.41,0.28,35.53,0.73,128.41,0.72,40.53,0.74,5.63,0.75,20.6,0.01,0.01,2342.852172,1776378818000
1776378822.021,222.021,0.26,0.56,0.25,15.6,0.27,124.7,0.28,35.53,0.73,128.41,0.72,35.53,0.74,0.56,0.75,20.6,0.01,0.01,2342.99334,1776378820000
1776378822.246,222.246,0.25,14.13,0.24,14.41,0.27,124.7,0.28,35.53,0.73,124.7,0.72,35.53,0.74,0.56,0.75,15.6,0.02,0.01,2342.99334,1776378820000
1776378822.873,222.873,0.25,14.13,0.24,14.41,0.27,83.99,0.28,35.53,0.73,124.7,0.72,35.53,0.75,14.13,0.76,14.41,0.02,0.02,2343.01372,1776378821000
1776378823.194,223.194,0.27,42.49,0.26,70.0,0.28,35.53,0.29,348.35,0.73,83.99,0.72,35.53,0.75,14.13,0.76,14.41,0.01,0.02,2343.01372,1776378821000
1776378823.538,223.538,0.27,33.99,0.26,60.0,0.29,123.43,0.3,179.96,0.72,1.93,0.71,145.85,0.73,33.99,0.74,70.0,0.02,0.01,2343.01372,1776378821000
1776378823.81,223.81,0.28,23.97,0.27,43.99,0.29,95.73,0.3,179.96,0.71,95.73,0.7,179.96,0.73,33.99,0.74,60.0,0.01,0.02,2343.016284,1776378822000
1776378824.151,224.151,0.28,33.97,0.27,40.99,0.29,89.73,0.3,179.96,0.71,95.73,0.7,179.96,0.72,23.97,0.73,43.99,0.01,0.01,2343.016284,1776378822000
1776378824.592,224.592,0.26,19.0,0.25,20.5,0.29,93.73,0.3,194.96,0.71,83.73,0.7,179.96,0.72,33.97,0.73,40.99,0.03,0.01,2343.016284,1776378822000
1776378824.867,224.867,0.26,8.87,0.25,20.5,0.27,5.0,0.28,16.0,0.71,93.73,0.7,194.96,0.74,19.0,0.75,20.5,0.01,0.03,2343.016738,1776378823000
1776378825.22,225.22,0.26,2.87,0.25,30.5,0.27,5.0,0.28,16.0,0.73,5.0,0.72,16.0,0.74,8.87,0.75,20.5,0.01,0.01,2343.016738,1776378823000
1776378825.446,225.446,0.25,28.37,0.24,9.91,0.27,15.37,0.28,6.0,0.73,5.0,0.72,16.0,0.74,2.87,0.75,30.5,0.02,0.01,2343.016738,1776378823000
1776378826.026,226.026,0.28,7.38,0.26,83.0,0.29,83.73,0.3,179.96,0.73,15.37,0.72,6.0,0.75,28.37,0.76,9.91,0.01,0.02,2343.052032,1776378824000
1776378826.436,226.436,0.28,22.38,0.27,80.0,0.29,71.73,0.3,179.96,0.71,77.73,0.7,179.96,0.72,12.38,0.73,10.0,0.01,0.01,2343.307767,1776378825000
1776378826.719,226.719,0.28,144.38,0.26,60.0,0.29,29.73,0.3,179.96,0.71,71.73,0.7,179.96,0.72,22.38,0.73,80.0,0.01,0.01,2343.307767,1776378825000
1776378827.062,227.062,0.36,38.29,0.34,14.7,0.38,8.0,0.4,100.0,0.65,1.71,0.62,68.0,0.66,14.7,0.69,6.0,0.02,0.01,2343.307767,1776378825000
1776378827.306,227.306,0.4,70.0,0.39,87.0,0.41,12.64,0.44,49.6,0.59,17.26,0.56,35.0,0.64,38.29,0.65,14.28,0.01,0.05,2343.294072,1776378826000
1776378828.109,228.109,0.43,54.99,0.42,24.0,0.45,75.0,0.46,100.0,0.59,12.64,0.56,49.6,0.6,70.0,0.61,87.0,0.02,0.01,2343.294072,1776378826000
1776378828.81,228.81,0.47,24.0,0.46,19.0,0.49,100.0,0.51,45.0,0.55,75.0,0.54,100.0,0.57,54.99,0.58,24.0,0.02,0.02,2343.294072,1776378826000
1776378830.182,230.182,0.39,12.0,0.31,30.0,0.51,195.0,0.52,10.0,0.51,100.0,0.49,45.0,0.53,24.0,0.54,19.0,0.12,0.02,2343.856273,1776378828000
1776378830.556,230.556,0.35,10.9,0.31,45.0,0.36,28.18,0.37,10.0,0.64,15.0,0.63,10.0,0.65,5.9,0.69,35.0,0.01,0.01,2343.856273,1776378828000
1776378830.952,230.952,0.35,0.82,0.32,26.5,0.36,22.68,0.37,10.0,0.64,62.18,0.63,10.0,0.65,5.82,0.69,61.8,0.01,0.01,2343.9094,1776378829000
1776378831.282,231.282,0.33,4.82,0.32,26.5,0.36,27.68,0.37,10.0,0.64,22.68,0.63,10.0,0.65,0.82,0.68,26.5,0.03,0.01,2343.9094,1776378829000
1776378831.671,231.671,0.3,92.1,0.29,17.5,0.31,5.0,0.32,42.0,0.64,27.68,0.63,10.0,0.67,4.82,0.68,26.5,0.01,0.03,2343.9094,1776378829000
1776378831.997,231.997,0.3,12.0,0.29,22.5,0.31,15.5,0.32,30.5,0.69,10.0,0.68,36.0,0.7,62.4,0.71,17.5,0.01,0.01,2343.948616,1776378830000
1776378832.601,232.601,0.27,10.0,0.25,12.0,0.28,44.2,0.29,27.69,0.69,9.3,0.68,30.5,0.7,12.0,0.71,22.5,0.01,0.01,2343.948616,1776378830000
1776378832.906,232.906,0.27,10.0,0.25,12.0,0.28,20.0,0.29,27.69,0.72,39.2,0.71,27.69,0.73,10.0,0.75,12.0,0.01,0.01,2343.756316,1776378831000
1776378833.998,233.998,0.27,15.89,0.25,22.0,0.28,20.5,0.29,17.69,0.72,8.68,0.71,27.69,0.73,10.0,0.75,12.0,0.01,0.01,2343.630498,1776378832000
1776378834.838,234.838,0.4,10.0,0.39,10.0,0.41,49.87,0.42,15.0,0.72,20.5,0.71,17.69,0.73,15.89,0.75,22.0,0.01,0.01,2343.521796,1776378833000
1776378835.045,235.045,0.4,19.0,0.39,19.99,0.41,46.21,0.42,10.0,0.59,49.87,0.58,15.0,0.6,10.0,0.61,10.0,0.01,0.01,2343.521796,1776378833000
1776378835.346,235.346,0.4,22.34,0.39,10.0,0.41,10.0,0.42,10.0,0.59,46.21,0.58,10.0,0.6,19.0,0.61,19.99,0.01,0.01,2343.365853,1776378834000
1776378836.336,236.336,0.43,79.0,0.42,32.73,0.46,177.14,0.47,10.0,0.57,10.0,0.56,130.0,0.59,7.52,0.6,17.34,0.03,0.02,2343.365853,1776378834000
1776378837.323,237.323,0.45,25.0,0.44,10.0,0.46,136.0,0.47,10.0,0.54,155.0,0.53,10.0,0.57,32.0,0.58,47.0,0.01,0.03,2343.509942,1776378835000
1776378838.242,238.242,0.45,5.0,0.44,10.0,0.46,136.0,0.47,20.0,0.54,136.0,0.53,10.0,0.55,25.0,0.56,10.0,0.01,0.01,2343.685166,1776378837000
1776378838.553,238.553,0.4,35.0,0.38,200.0,0.44,35.0,0.45,16.0,0.54,136.0,0.53,20.0,0.55,5.0,0.56,10.0,0.04,0.01,2343.685166,1776378837000
1776378839.139,239.139,0.36,135.12,0.35,85.0,0.37,20.0,0.38,25.5,0.59,7.07,0.58,10.0,0.6,35.0,0.62,200.0,0.01,0.01,2343.685166,1776378837000
1776378839.713,239.713,0.32,7.0,0.31,35.5,0.34,15.0,0.35,20.5,0.63,29.58,0.62,25.5,0.64,25.0,0.65,10.0,0.02,0.01,2343.844171,1776378838000
1776378840.075,240.075,0.32,32.5,0.31,20.5,0.35,15.0,0.36,80.5,0.66,15.0,0.65,20.5,0.68,7.0,0.69,35.5,0.03,0.02,2343.844171,1776378838000
1776378840.875,240.875,0.34,10.0,0.33,67.15,0.35,0.2,0.36,70.0,0.65,15.0,0.64,80.5,0.68,32.5,0.69,20.5,0.01,0.03,2343.839841,1776378839000
1776378845.102,245.102,0.35,463.0,0.34,41.0,0.38,118.34,0.39,20.0,0.65,0.2,0.64,70.0,0.66,10.0,0.67,67.15,0.03,0.01,2343.592342,1776378844000
1776378845.307,245.307,0.5,5.0,0.49,18.0,0.53,54.05,0.56,55.0,0.44,50.0,0.43,25.0,0.5,71.73,0.51,18.0,0.03,0.06,2343.592342,1776378844000
1776378845.513,245.513,0.46,8.88,0.45,10.0,0.5,5.42,0.51,116.0,0.52,5.0,0.5,10.0,0.54,8.88,0.55,10.0,0.04,0.02,2343.592342,1776378844000
1776378845.752,245.752,0.43,15.0,0.42,27.0,0.48,15.0,0.49,10.0,0.52,15.0,0.51,10.0,0.57,15.0,0.58,27.0,0.05,0.05,2343.592342,1776378844000
1776378845.975,245.975,0.39,26.11,0.38,15.0,0.4,35.07,0.43,10.0,0.6,23.82,0.55,5.0,0.61,21.11,0.62,10.0,0.01,0.01,2343.592342,1776378844000
1776378846.191,246.191,0.39,11.95,0.38,15.0,0.4,40.07,0.44,10.0,0.6,40.07,0.57,10.0,0.61,26.01,0.62,15.0,0.01,0.01,2343.592342,1776378844000
1776378846.562,246.562,0.39,12.8,0.38,15.0,0.4,6.07,0.44,10.0,0.6,40.07,0.56,10.0,0.61,2.8,0.62,15.0,0.01,0.01,2343.629871,1776378845000
1776378846.852,246.852,0.41,1.67,0.4,10.0,0.42,20.0,0.43,15.0,0.56,9.13,0.55,26.0,0.61,12.8,0.62,15.0,0.01,0.05,2343.629871,1776378845000
1776378850.187,250.187,0.39,18.36,0.38,10.0,0.4,30.0,0.41,45.0,0.58,20.0,0.57,15.0,0.6,3.48,0.61,15.0,0.01,0.02,2343.834068,1776378849000
1776378853.095,253.095,0.39,17.36,0.38,10.0,0.4,10.0,0.41,35.0,0.6,30.0,0.59,45.0,0.61,18.36,0.62,10.0,0.01,0.01,2343.82376,1776378851000
1776378854.618,254.618,0.36,118.88,0.35,50.0,0.39,13.94,0.4,30.0,0.6,10.0,0.59,35.0,0.61,17.36,0.62,10.0,0.03,0.01,2343.821578,1776378853000
1776378855.83,255.83,0.38,0.87,0.37,10.0,0.39,3.94,0.41,30.0,0.61,13.94,0.6,30.0,0.64,118.88,0.65,50.0,0.01,0.03,2343.819984,1776378854000
1776378856.84,256.84,0.36,94.79,0.35,50.0,0.38,10.0,0.39,13.94,0.61,3.94,0.59,30.0,0.62,0.87,0.63,10.0,0.02,0.01,2343.807008,1776378855000
1776378857.309,257.309,0.37,17.96,0.36,104.79,0.39,3.94,0.4,20.0,0.62,10.0,0.61,13.94,0.64,94.79,0.65,50.0,0.02,0.02,2343.807183,1776378856000
1776378857.837,257.837,0.37,7.96,0.36,94.79,0.39,13.94,0.4,10.0,0.61,3.94,0.6,20.0,0.63,17.96,0.64,104.79,0.02,0.02,2343.807183,1776378856000
1776378858.767,258.767,0.3,25.0,0.29,50.0,0.31,70.9,0.32,40.0,0.61,13.94,0.6,10.0,0.63,7.96,0.64,94.79,0.01,0.02,2343.804032,1776378857000
1776378859.309,259.309,0.27,150.0,0.26,100.0,0.28,61.0,0.29,34.0,0.69,77.0,0.68,20.0,0.7,25.0,0.71,50.0,0.01,0.01,2343.804712,1776378858000
1776378859.645,259.645,0.24,270.0,0.21,60.0,0.25,52.8,0.26,10.0,0.72,74.0,0.71,17.0,0.76,280.0,0.79,60.0,0.01,0.04,2343.804712,1776378858000
1776378860.001,260.001,0.24,24.0,0.22,210.0,0.26,87.26,0.27,10.0,0.75,52.8,0.74,10.0,0.76,270.0,0.79,60.0,0.02,0.01,2343.804712,1776378858000
1776378860.268,260.268,0.25,9.86,0.24,10.0,0.26,19.0,0.28,10.0,0.75,10.0,0.74,21.26,0.76,24.0,0.78,210.0,0.01,0.01,2343.804712,1776378858000
1776378860.515,260.515,0.23,100.81,0.22,210.0,0.28,10.0,0.3,24.28,0.74,19.0,0.72,10.0,0.77,70.0,0.78,223.0,0.05,0.03,2343.5053,1776378859000
1776378860.898,260.898,0.23,78.96,0.22,210.0,0.24,10.0,0.25,2.15,0.76,10.0,0.75,2.15,0.77,81.0,0.78,210.0,0.01,0.01,2343.5053,1776378859000
1776378861.103,261.103,0.24,10.0,0.23,78.96,0.25,2.15,0.26,10.0,0.76,10.0,0.75,2.15,0.77,78.96,0.78,210.0,0.01,0.01,2343.5053,1776378859000
1776378861.341,261.341,0.24,16.55,0.23,70.0,0.25,2.15,0.26,10.0,0.75,2.15,0.74,10.0,0.76,10.0,0.77,78.96,0.01,0.01,2343.22155,1776378860000
1776378861.833,261.833,0.24,44.6,0.23,80.0,0.25,25.66,0.29,10.0,0.75,2.15,0.74,10.0,0.76,16.55,0.77,70.0,0.01,0.01,2343.22155,1776378860000
1776378862.157,262.157,0.29,34.0,0.28,29.0,0.3,9.84,0.31,324.86,0.71,10.0,0.7,34.28,0.76,44.6,0.77,10.0,0.01,0.05,2343.192004,1776378861000
1776378862.373,262.373,0.3,52.0,0.29,15.0,0.31,156.53,0.32,5.0,0.69,168.24,0.68,5.0,0.7,22.0,0.71,15.0,0.01,0.01,2343.192004,1776378861000
1776378862.613,262.613,0.3,50.42,0.29,15.0,0.31,94.82,0.33,65.0,0.69,94.82,0.67,60.0,0.7,56.42,0.71,15.0,0.01,0.01,2343.192004,1776378861000
1776378862.835,262.835,0.3,39.84,0.29,10.0,0.31,94.82,0.33,60.0,0.69,94.82,0.67,65.0,0.7,50.42,0.71,15.0,0.01,0.01,2343.192004,1776378861000
1776378863.9,263.9,0.3,103.84,0.29,26.0,0.31,94.82,0.33,60.0,0.69,94.82,0.67,60.0,0.7,39.84,0.71,10.0,0.01,0.01,2343.409819,1776378862000
1776378864.576,264.576,0.4,116.94,0.39,10.0,0.41,35.0,0.42,50.0,0.67,60.0,0.65,35.0,0.7,179.57,0.71,126.0,0.01,0.03,2343.408156,1776378863000
1776378864.866,264.866,0.48,5.57,0.47,70.0,0.52,5.0,0.53,9.0,0.55,35.0,0.53,75.0,0.59,45.0,0.6,154.0,0.04,0.04,2343.408156,1776378863000
1776378865.232,265.232,0.52,20.0,0.51,45.0,0.54,3.88,0.55,70.0,0.48,5.0,0.47,9.0,0.52,5.57,0.53,70.0,0.02,0.04,2343.56078,1776378864000
1776378865.466,265.466,0.54,42.39,0.53,20.0,0.55,95.0,0.56,110.0,0.46,3.88,0.45,70.0,0.48,20.0,0.49,45.0,0.01,0.02,2343.56078,1776378864000
1776378865.899,265.899,0.54,45.21,0.53,10.0,0.55,25.0,0.56,60.0,0.45,78.0,0.44,110.0,0.46,37.39,0.47,10.0,0.01,0.01,2343.56078,1776378864000
1776378866.146,266.146,0.58,5.0,0.57,10.0,0.6,50.0,0.61,38.27,0.44,76.0,0.43,25.0,0.46,186.34,0.47,122.0,0.02,0.02,2343.56078,1776378864000
1776378866.482,266.482,0.59,12.8,0.58,15.0,0.6,25.0,0.61,54.27,0.4,25.0,0.39,54.27,0.41,7.8,0.42,15.0,0.01,0.01,2343.688899,1776378865000
1776378866.808,266.808,0.6,15.0,0.59,10.36,0.61,28.27,0.62,76.0,0.4,25.0,0.39,54.27,0.41,10.36,0.42,15.0,0.01,0.01,2343.688899,1776378865000
1776378867.49,267.49,0.6,10.0,0.59,0.36,0.61,3.27,0.62,76.0,0.39,28.27,0.38,76.0,0.4,15.0,0.41,10.36,0.01,0.01,2343.918119,1776378866000
1776378869.204,269.204,0.62,3.94,0.61,20.0,0.63,26.0,0.64,16.0,0.38,76.0,0.37,20.0,0.4,10.0,0.41,0.36,0.01,0.02,2344.08677,1776378867000
1776378869.58,269.58,0.61,20.0,0.6,10.0,0.63,16.0,0.64,16.0,0.37,16.0,0.36,16.0,0.38,8.94,0.39,20.0,0.02,0.01,2344.172383,1776378868000
1776378869.863,269.863,0.62,36.2,0.61,160.0,0.63,1.0,0.64,16.0,0.37,16.0,0.36,16.0,0.39,20.0,0.4,10.0,0.01,0.02,2344.172383,1776378868000
1776378870.148,270.148,0.69,15.0,0.68,10.0,0.7,25.0,0.71,70.0,0.32,50.0,0.3,25.0,0.36,10.0,0.37,97.0,0.01,0.04,2344.172383,1776378868000
1776378870.488,270.488,0.7,15.0,0.69,15.0,0.71,66.9,0.74,10.0,0.29,66.9,0.24,60.0,0.31,15.0,0.32,10.0,0.01,0.02,2344.172383,1776378868000
1776378871.118,271.118,0.7,5.03,0.69,15.0,0.71,76.9,0.74,10.0,0.29,66.9,0.26,10.0,0.3,15.0,0.31,15.0,0.01,0.01,2344.12801,1776378869000
1776378871.504,271.504,0.73,20.0,0.72,10.0,0.74,10.0,0.76,60.0,0.29,66.47,0.26,10.0,0.3,5.03,0.31,15.0,0.01,0.01,2344.12801,1776378869000
1776378871.733,271.733,0.75,25.0,0.74,10.0,0.76,15.16,0.78,5.0,0.24,21.48,0.22,5.0,0.25,24.66,0.26,10.0,0.01,0.01,2344.12801,1776378869000
1776378872.337,272.337,0.77,18.0,0.76,10.0,0.8,225.0,0.81,45.0,0.22,5.0,0.2,225.0,0.25,39.0,0.26,20.0,0.03,0.03,2344.12801,1776378869000
1776378873.283,273.283,0.79,18.0,0.78,10.0,0.8,210.0,0.81,35.0,0.2,225.0,0.19,45.0,0.23,18.0,0.24,10.0,0.01,0.03,2344.12801,1776378869000
1776378873.556,273.556,0.79,13.0,0.78,10.0,0.8,200.0,0.81,35.0,0.2,210.0,0.19,35.0,0.21,18.0,0.22,10.0,0.01,0.01,2344.306405,1776378871000
1776378873.776,273.776,0.79,15.73,0.78,10.0,0.8,202.5,0.81,35.0,0.2,200.0,0.19,35.0,0.21,5.73,0.22,10.0,0.01,0.01,2344.306405,1776378871000
1776378874.876,274.876,0.79,139.0,0.78,10.0,0.8,106.12,0.81,35.0,0.2,202.5,0.19,35.0,0.21,20.73,0.22,10.0,0.01,0.01,2344.555659,1776378873000
1776378875.076,275.076,0.79,135.55,0.78,150.62,0.82,10.0,0.84,50.0,0.2,8.02,0.19,35.0,0.21,135.55,0.22,10.0,0.03,0.01,2344.555659,1776378873000
1776378875.818,275.818,0.89,46.6,0.88,10.0,0.9,5.0,0.91,11.0,0.18,10.0,0.16,50.0,0.21,135.55,0.22,150.62,0.01,0.03,2344.53649,1776378874000
1776378876.07,276.07,0.9,1.17,0.89,179.81,0.91,8.32,0.92,12.0,0.09,8.32,0.08,12.0,0.1,0.17,0.11,148.14,0.01,0.01,2344.53649,1776378874000
1776378876.544,276.544,0.9,88.17,0.89,132.81,0.91,5.33,0.92,12.0,0.09,8.32,0.08,12.0,0.1,72.17,0.11,84.81,0.01,0.01,2344.725569,1776378875000
1776378877.046,277.046,0.91,67.0,0.9,137.0,0.92,4.35,0.93,14.0,0.08,4.35,0.07,14.0,0.09,66.66,0.1,67.0,0.01,0.01,2344.725569,1776378875000
1776378877.323,277.323,0.91,72.0,0.9,137.0,0.92,2.17,0.93,14.0,0.08,4.35,0.07,14.0,0.09,67.0,0.1,137.0,0.01,0.01,2344.725569,1776378875000
1776378877.725,277.725,0.91,62.0,0.9,137.0,0.92,1.08,0.93,14.0,0.08,2.17,0.07,14.0,0.09,72.0,0.1,137.0,0.01,0.01,2345.029117,1776378876000
1776378877.935,277.935,0.91,69.0,0.9,137.0,0.92,1.08,0.93,14.0,0.08,1.08,0.07,14.0,0.09,62.0,0.1,137.0,0.01,0.01,2345.029117,1776378876000
1776378878.668,278.668,0.92,302.99,0.91,10.0,0.94,3.91,0.95,40.0,0.07,8.0,0.06,16.0,0.08,50.0,0.09,60.73,0.02,0.01,2345.06069,1776378877000
1776378878.94,278.94,0.94,170.99,0.93,71.64,0.95,34.34,0.96,75.0,0.05,34.34,0.04,75.0,0.06,55.0,0.07,223.01,0.01,0.01,2345.06069,1776378877000
1776378880.075,280.075,0.94,175.99,0.93,63.07,0.95,8.64,0.96,75.0,0.05,29.07,0.04,75.0,0.06,170.99,0.07,71.64,0.01,0.01,2345.08984,1776378879000
1776378880.337,280.337,0.94,180.99,0.93,63.07,0.95,7.58,0.96,75.0,0.05,8.64,0.04,75.0,0.06,175.99,0.07,63.07,0.01,0.01,2345.08984,1776378879000
1776378880.814,280.814,0.94,180.99,0.93,63.07,0.95,1.51,0.96,75.0,0.05,7.58,0.04,75.0,0.06,180.99,0.07,63.07,0.01,0.01,2345.08984,1776378879000
1776378881.543,281.543,0.95,270.21,0.94,149.0,0.96,75.0,0.97,153.0,0.04,75.0,0.03,153.0,0.06,217.99,0.07,63.07,0.01,0.02,2345.325751,1776378880000
1776378881.824,281.824,0.95,297.21,0.94,163.0,0.97,153.0,0.98,233.0,0.04,27.37,0.03,153.0,0.05,287.21,0.06,163.0,0.02,0.01,2345.325751,1776378880000
1776378882.105,282.105,0.96,318.2,0.95,115.48,0.97,124.81,0.98,233.0,0.03,132.89,0.02,233.0,0.04,214.59,0.05,85.22,0.01,0.01,2345.426347,1776378881000
1776378882.326,282.326,0.96,315.2,0.95,108.48,0.97,107.45,0.98,233.0,0.03,122.76,0.02,233.0,0.04,315.2,0.05,108.48,0.01,0.01,2345.426347,1776378881000
1776378882.807,282.807,0.96,191.85,0.95,155.26,0.97,27.46,0.98,233.0,0.03,32.45,0.02,233.0,0.04,315.2,0.05,108.48,0.01,0.01,2345.426347,1776378881000
1776378883.029,283.029,0.97,144.54,0.96,89.0,0.98,221.89,0.99,1340.0,0.02,233.0,0.01,1340.0,0.03,39.54,0.04,191.85,0.01,0.01,2345.444155,1776378882000
1776378883.344,283.344,0.97,156.69,0.96,94.21,0.98,203.89,0.99,1340.0,0.02,221.89,0.01,1340.0,0.03,144.54,0.04,89.0,0.01,0.01,2345.444155,1776378882000
1776378883.857,283.857,0.97,148.69,0.96,89.21,0.98,193.89,0.99,1340.0,0.02,203.89,0.01,1340.0,0.03,156.69,0.04,94.21,0.01,0.01,2345.444155,1776378882000
1776378884.842,284.842,0.97,167.84,0.96,94.21,0.98,183.68,0.99,1340.0,0.02,193.89,0.01,1340.0,0.03,148.69,0.04,89.21,0.01,0.01,2345.718,1776378883000
1776378885.045,285.045,0.97,160.67,0.96,94.21,0.98,158.99,0.99,1345.96,0.02,160.02,0.01,1345.96,0.03,160.67,0.04,94.21,0.01,0.01,2345.584815,1776378884000
1776378885.586,285.586,0.97,165.67,0.96,89.21,0.98,143.99,0.99,1255.94,0.02,153.99,0.01,1245.96,0.03,160.67,0.04,94.21,0.01,0.01,2345.584815,1776378884000
1776378885.918,285.918,0.97,185.67,0.96,89.21,0.98,140.85,0.99,1255.94,0.02,143.99,0.01,1255.94,0.03,165.67,0.04,89.21,0.01,0.01,2345.584815,1776378884000
1776378886.393,286.393,0.97,180.67,0.96,89.21,0.98,140.85,0.99,1311.94,0.02,140.85,0.01,1255.94,0.03,185.67,0.04,89.21,0.01,0.01,2345.569269,1776378885000
1776378886.713,286.713,0.98,15.38,0.97,190.67,0.99,145.3,,,0.01,48.3,,,0.03,180.67,0.04,89.21,0.01,0.02,2345.569269,1776378885000
1776378887.04,287.04,0.98,83.64,0.97,218.67,0.99,138.27,,,0.01,140.3,,,0.02,32.64,0.03,193.67,0.01,0.01,2345.569269,1776378885000
1776378887.511,287.511,0.98,92.37,0.97,194.4,0.99,118.27,,,0.01,128.27,,,0.02,83.64,0.03,218.67,0.01,0.01,2345.535404,1776378886000
1776378887.908,287.908,0.98,138.64,0.97,209.4,0.99,94.12,,,0.01,118.27,,,0.02,92.37,0.03,194.4,0.01,0.01,2345.535404,1776378886000
1776378888.421,288.421,0.99,215.88,0.98,148.83,,,,,0.01,84.12,,,0.02,138.64,0.03,209.4,,0.01,2345.535953,1776378887000
1776378888.848,288.848,0.99,393.8,0.98,155.83,,,,,,,,,0.01,215.88,0.02,148.83,,,2345.535953,1776378887000
1776378889.36,289.36,0.99,404.99,0.98,91.83,,,,,,,,,0.01,414.97,0.02,174.83,,,2345.544069,1776378888000
1776378889.596,289.596,0.99,395.49,0.98,35.83,,,,,,,,,0.01,364.99,0.02,35.83,,,2345.544069,1776378888000
1776378890.956,290.956,0.99,503.7,0.98,55.1,,,,,,,,,0.01,395.49,0.02,35.83,,,2345.536977,1776378889000
1776378892.551,292.551,0.99,457.8,0.98,77.83,,,,,,,,,0.01,503.7,0.02,55.1,,,2345.403383,1776378891000
1776378893.96,293.96,0.99,570.18,0.98,35.83,,,,,,,,,0.01,439.13,0.02,77.83,,,2345.275883,1776378893000
1776378894.363,294.363,0.99,430.18,0.98,35.83,,,,,,,,,0.01,530.18,0.02,35.83,,,2345.275883,1776378893000
1776378894.692,294.692,0.99,405.18,0.98,35.83,,,,,,,,,0.01,415.18,0.02,35.83,,,2345.275883,1776378893000
1776378895.759,295.759,0.99,410.43,0.98,66.83,,,,,,,,,0.01,405.18,0.02,35.83,,,2345.278009,1776378894000
1776378897.119,297.119,0.99,566.69,0.98,74.83,,,,,,,,,0.01,410.43,0.02,66.83,,,2345.056285,1776378896000
1776378897.977,297.977,0.98,35.83,0.97,99.67,0.99,1079.31,,,,,,,0.01,566.69,0.02,74.83,0.01,,2345.00698,1776378897000
1776378898.191,298.191,0.97,69.79,0.96,5.21,0.99,986.21,,,0.01,986.21,,,0.03,79.67,0.04,5.21,0.02,0.02,2345.00698,1776378897000
1776378898.422,298.422,0.95,19.66,0.94,10.0,0.96,5.0,0.99,860.28,0.04,5.0,0.01,860.28,0.05,102.99,0.06,10.0,0.01,0.01,2345.00698,1776378897000
1776378898.644,298.644,0.93,5.03,0.91,29.0,0.97,0.77,0.98,10.0,0.03,0.77,0.02,10.0,0.05,24.66,0.07,5.37,0.04,0.02,2345.00698,1776378897000
1776378898.844,298.844,0.87,5.0,0.86,5.0,0.88,2.27,0.9,10.0,0.12,2.27,0.1,10.0,0.13,5.0,0.14,5.0,0.01,0.01,2345.00698,1776378897000
1776378899.07,299.07,0.79,27.73,0.78,17.0,0.88,4.9,0.89,10.0,0.1,10.0,0.09,9.23,0.2,12.04,0.21,52.73,0.09,0.1,2344.982573,1776378898000
1776378899.277,299.277,0.71,60.0,0.7,10.0,0.75,29.39,0.82,10.0,0.25,29.39,0.19,10.0,0.26,10.0,0.27,10.0,0.04,0.01,2344.982573,1776378898000
1776378899.495,299.495,0.78,10.0,0.77,15.0,0.87,7.98,0.88,10.0,0.14,5.98,0.13,10.0,0.22,10.0,0.23,15.0,0.09,0.08,2344.982573,1776378898000
1776378899.7,299.7,0.88,5.68,0.83,23.0,0.9,1.97,0.91,10.0,0.1,11.97,0.09,10.0,0.12,5.68,0.17,23.0,0.02,0.02,2344.982573,1776378898000
1776378899.91,299.91,0.95,15.0,0.83,59.14,0.99,605.24,,,0.02,2.0,0.01,653.24,0.05,15.0,0.17,59.14,0.04,0.03,2344.982573,1776378898000
1776378900.182,300.182,0.83,73.14,0.8,10.0,0.99,70.92,,,0.01,448.24,,,0.17,73.14,0.2,10.0,0.16,0.16,2344.982573,1776378898000
1776378900.769,300.769,0.99,11589.55,0.94,5.43,,,,,,,,,0.01,100.68,0.08,6.0,,,2344.224021,1776378899000

# RESULT,winner=Up,slug=eth-updown-5m-1776378600,ticks=365
