timestamp,elapsed_sec,up_bid_p1,up_bid_s1,up_bid_p2,up_bid_s2,up_ask_p1,up_ask_s1,up_ask_p2,up_ask_s2,down_bid_p1,down_bid_s1,down_bid_p2,down_bid_s2,down_ask_p1,down_ask_s1,down_ask_p2,down_ask_s2,up_spread,down_spread,eth_price,eth_oracle_ts
1776232511.091,11.091,,,,,,,,,,,,,,,,,,,2318.06884,1776232510000
1776232511.302,11.302,0.56,74.15,0.55,65.4,0.57,37.12,0.58,15.5,0.43,26.17,0.42,15.5,0.44,74.15,0.45,65.4,0.01,0.01,2318.06884,1776232510000
1776232511.634,11.634,0.57,31.0,0.56,69.15,0.58,11.55,0.59,10.5,0.43,26.17,0.42,15.5,0.44,74.15,0.45,65.4,0.01,0.01,2318.06884,1776232510000
1776232512.095,12.095,0.58,20.0,0.57,46.0,0.59,13.5,0.6,13.0,0.42,2.22,0.41,22.5,0.43,51.0,0.44,69.15,0.01,0.01,2318.06884,1776232510000
1776232512.357,12.357,0.58,20.0,0.57,46.0,0.59,13.5,0.6,13.0,0.41,13.5,0.4,13.0,0.42,20.0,0.43,46.0,0.01,0.01,2318.074195,1776232511000
1776232512.996,12.996,0.58,20.0,0.57,46.0,0.59,13.5,0.6,13.0,0.41,13.5,0.4,13.0,0.42,20.0,0.43,46.0,0.01,0.01,2318.07414,1776232512000
1776232513.844,13.844,0.58,10.5,0.57,15.0,0.59,28.5,0.6,33.5,0.41,13.5,0.4,13.0,0.42,20.0,0.43,46.0,0.01,0.01,2318.07414,1776232512000
1776232514.409,14.409,0.58,5.0,0.57,15.0,0.59,13.5,0.6,33.5,0.41,13.5,0.4,33.5,0.42,5.0,0.43,15.0,0.01,0.01,2318.13775,1776232513000
1776232515.106,15.106,0.58,5.0,0.57,15.0,0.59,13.5,0.6,33.5,0.41,13.5,0.4,33.5,0.42,5.0,0.43,15.0,0.01,0.01,2318.137785,1776232514000
1776232515.594,15.594,0.58,40.5,0.57,51.0,0.59,5.0,0.6,15.0,0.41,13.5,0.4,33.5,0.42,5.0,0.43,15.0,0.01,0.01,2318.137785,1776232514000
1776232516.342,16.342,0.58,40.5,0.57,51.0,0.59,5.0,0.6,15.0,0.41,5.0,0.4,15.0,0.42,40.5,0.43,51.0,0.01,0.01,2318.13951,1776232515000
1776232516.919,16.919,0.58,40.5,0.57,51.0,0.59,5.0,0.6,15.0,0.41,5.0,0.4,15.0,0.42,40.5,0.43,51.0,0.01,0.01,2318.14063,1776232516000
1776232517.574,17.574,0.59,16.0,0.58,30.5,0.6,13.03,0.61,156.0,0.41,5.0,0.4,15.0,0.42,40.5,0.43,51.0,0.01,0.01,2318.14063,1776232516000
1776232517.997,17.997,0.59,43.56,0.58,30.5,0.6,5.0,0.61,146.0,0.4,13.03,0.39,156.0,0.41,16.0,0.42,30.5,0.01,0.01,2318.14063,1776232516000
1776232518.411,18.411,0.59,43.56,0.58,30.5,0.6,5.0,0.61,146.0,0.4,5.0,0.39,146.0,0.41,43.56,0.42,30.5,0.01,0.01,2318.14732,1776232517000
1776232518.929,18.929,0.59,43.56,0.58,30.5,0.6,5.0,0.61,146.0,0.4,5.0,0.39,146.0,0.41,43.56,0.42,30.5,0.01,0.01,2318.14693,1776232518000
1776232519.896,19.896,0.59,43.56,0.58,30.5,0.6,5.0,0.61,146.0,0.4,5.0,0.39,146.0,0.41,43.56,0.42,30.5,0.01,0.01,2318.146945,1776232519000
1776232520.863,20.863,0.59,43.56,0.58,30.5,0.6,5.0,0.61,146.0,0.4,5.0,0.39,146.0,0.41,43.56,0.42,30.5,0.01,0.01,2318.150295,1776232520000
1776232521.251,21.251,0.59,45.56,0.58,30.5,0.6,10.0,0.61,146.0,0.4,5.0,0.39,146.0,0.41,43.56,0.42,30.5,0.01,0.01,2318.150295,1776232520000
1776232521.892,21.892,0.59,45.56,0.58,30.5,0.6,10.0,0.61,146.0,0.4,10.0,0.39,146.0,0.41,45.56,0.42,30.5,0.01,0.01,2318.152665,1776232521000
1776232522.719,22.719,0.59,73.62,0.58,25.5,0.6,5.0,0.61,133.0,0.4,10.0,0.39,146.0,0.41,45.56,0.42,30.5,0.01,0.01,2318.152665,1776232521000
1776232523.919,23.919,0.59,73.62,0.58,25.5,0.6,5.0,0.61,133.0,0.4,5.0,0.39,133.0,0.41,73.62,0.42,25.5,0.01,0.01,2318.168085,1776232523000
1776232524.918,24.918,0.59,73.62,0.58,25.5,0.6,5.0,0.61,133.0,0.4,5.0,0.39,133.0,0.41,73.62,0.42,25.5,0.01,0.01,2318.165345,1776232524000
1776232525.139,25.139,0.6,85.5,0.59,76.5,0.61,64.0,0.62,83.0,0.4,5.0,0.39,133.0,0.41,73.62,0.42,25.5,0.01,0.01,2318.165345,1776232524000
1776232525.932,25.932,0.6,90.5,0.59,70.5,0.61,33.09,0.62,83.0,0.39,33.09,0.38,83.0,0.4,90.5,0.41,70.5,0.01,0.01,2318.1503,1776232525000
1776232526.919,26.919,0.6,90.5,0.59,70.5,0.61,33.09,0.62,83.0,0.39,33.09,0.38,83.0,0.4,90.5,0.41,70.5,0.01,0.01,2318.14802,1776232526000
1776232527.526,27.526,0.63,55.5,0.62,51.5,0.64,6.72,0.66,70.0,0.36,14.29,0.34,76.0,0.37,75.0,0.38,51.5,0.01,0.01,2318.14802,1776232526000
1776232527.939,27.939,0.65,25.5,0.64,30.5,0.66,82.96,0.67,70.0,0.34,82.96,0.33,70.0,0.35,25.5,0.36,30.5,0.01,0.01,2318.167645,1776232527000
1776232528.577,28.577,0.65,27.4,0.64,35.5,0.66,20.0,0.67,75.0,0.34,20.0,0.33,70.0,0.35,45.98,0.36,40.5,0.01,0.01,2318.167645,1776232527000
1776232528.875,28.875,0.65,27.4,0.64,35.5,0.66,20.0,0.67,75.0,0.34,20.0,0.33,75.0,0.35,27.4,0.36,35.5,0.01,0.01,2318.269165,1776232528000
1776232529.139,29.139,0.65,32.8,0.64,35.5,0.66,5.0,0.67,75.0,0.34,20.0,0.33,75.0,0.35,27.4,0.36,35.5,0.01,0.01,2318.269165,1776232528000
1776232529.875,29.875,0.65,32.8,0.64,35.5,0.66,5.0,0.67,75.0,0.34,5.0,0.33,75.0,0.35,32.8,0.36,35.5,0.01,0.01,2318.477405,1776232529000
1776232530.098,30.098,0.66,86.55,0.65,27.4,0.67,85.0,0.68,99.0,0.34,5.0,0.33,75.0,0.35,32.8,0.36,35.5,0.01,0.01,2318.477405,1776232529000
1776232530.648,30.648,0.66,93.6,0.65,27.4,0.67,79.22,0.68,91.0,0.33,79.22,0.32,99.0,0.34,96.55,0.35,27.4,0.01,0.01,2318.477405,1776232529000
1776232530.852,30.852,0.66,98.6,0.65,27.4,0.67,74.29,0.68,91.0,0.33,79.22,0.32,91.0,0.34,93.6,0.35,27.4,0.01,0.01,2318.477405,1776232529000
1776232531.692,31.692,0.66,136.15,0.65,27.4,0.67,64.29,0.68,75.0,0.33,69.29,0.32,91.0,0.34,95.65,0.35,27.4,0.01,0.01,2318.54059,1776232530000
1776232532.182,32.182,0.66,136.15,0.65,27.4,0.67,64.29,0.68,75.0,0.33,64.29,0.32,75.0,0.34,136.15,0.35,27.4,0.01,0.01,2318.540965,1776232531000
1776232533.066,33.066,0.66,106.15,0.65,27.4,0.67,51.82,0.68,70.0,0.33,64.29,0.32,75.0,0.34,136.15,0.35,27.4,0.01,0.01,2318.540965,1776232531000
1776232533.439,33.439,0.7,37.0,0.69,30.0,0.71,89.45,0.72,23.5,0.33,51.82,0.32,70.0,0.34,106.15,0.35,27.4,0.01,0.01,2318.54512,1776232532000
1776232534.064,34.064,0.7,147.66,0.69,52.5,0.71,94.45,0.72,39.0,0.29,89.45,0.28,23.5,0.3,37.0,0.31,30.0,0.01,0.01,2318.54512,1776232532000
1776232534.33,34.33,0.7,147.66,0.69,52.5,0.71,94.45,0.72,39.0,0.29,94.45,0.28,39.0,0.3,147.66,0.31,52.5,0.01,0.01,2318.55844,1776232533000
1776232534.879,34.879,0.7,147.66,0.69,52.5,0.71,94.45,0.72,39.0,0.29,94.45,0.28,39.0,0.3,147.66,0.31,52.5,0.01,0.01,2318.559315,1776232534000
1776232535.893,35.893,0.7,117.96,0.69,37.0,0.71,103.01,0.72,39.0,0.29,94.45,0.28,39.0,0.3,147.66,0.31,52.5,0.01,0.01,2318.559315,1776232534000
1776232536.158,36.158,0.7,107.62,0.69,47.5,0.71,101.6,0.72,21.0,0.29,101.6,0.28,21.0,0.3,112.96,0.31,37.0,0.01,0.01,2318.697685,1776232535000
1776232536.562,36.562,0.7,102.62,0.69,47.5,0.71,95.19,0.72,21.0,0.29,100.19,0.28,21.0,0.3,107.62,0.31,47.5,0.01,0.01,2318.697685,1776232535000
1776232537.064,37.064,0.7,102.62,0.69,47.5,0.71,95.19,0.72,21.0,0.29,95.19,0.28,21.0,0.3,102.62,0.31,47.5,0.01,0.01,2318.69996,1776232536000
1776232538.159,38.159,0.7,102.62,0.69,47.5,0.71,95.19,0.72,21.0,0.29,95.19,0.28,21.0,0.3,102.62,0.31,47.5,0.01,0.01,2318.68605,1776232537000
1776232539.207,39.207,0.7,102.62,0.69,47.5,0.71,95.19,0.72,21.0,0.29,95.19,0.28,21.0,0.3,102.62,0.31,47.5,0.01,0.01,2318.686559,1776232538000
1776232539.698,39.698,0.7,85.28,0.69,47.5,0.71,105.19,0.72,21.0,0.29,95.19,0.28,21.0,0.3,102.62,0.31,47.5,0.01,0.01,2318.686559,1776232538000
1776232540.309,40.309,0.7,85.28,0.69,47.5,0.71,105.19,0.72,21.0,0.29,105.19,0.28,21.0,0.3,85.28,0.31,47.5,0.01,0.01,2318.686085,1776232539000
1776232540.756,40.756,0.7,130.78,0.69,60.5,0.71,12.78,0.72,16.0,0.29,105.19,0.28,21.0,0.3,85.28,0.31,47.5,0.01,0.01,2318.686085,1776232539000
1776232541.167,41.167,0.7,177.78,0.69,60.5,0.73,17.07,0.74,117.0,0.29,0.78,0.27,22.0,0.3,125.78,0.31,60.5,0.03,0.01,2318.684162,1776232540000
1776232541.524,41.524,0.72,112.92,0.71,30.5,0.73,32.07,0.74,107.0,0.27,17.07,0.26,117.0,0.3,177.78,0.31,60.5,0.01,0.03,2318.684162,1776232540000
1776232541.995,41.995,0.72,112.92,0.71,30.5,0.73,32.07,0.74,107.0,0.27,32.07,0.26,107.0,0.28,112.92,0.29,30.5,0.01,0.01,2318.693605,1776232541000
1776232543.102,43.102,0.72,112.92,0.71,30.5,0.73,32.07,0.74,107.0,0.27,32.07,0.26,107.0,0.28,112.92,0.29,30.5,0.01,0.01,2318.783338,1776232542000
1776232543.345,43.345,0.73,148.5,0.72,68.5,0.74,11.0,0.76,23.0,0.27,32.07,0.26,107.0,0.28,112.92,0.29,30.5,0.01,0.01,2318.783338,1776232542000
1776232543.687,43.687,0.75,162.5,0.74,30.5,0.76,42.76,0.77,24.0,0.24,27.76,0.23,5.0,0.25,120.5,0.26,30.5,0.01,0.01,2318.783338,1776232542000
1776232543.908,43.908,0.75,157.0,0.74,30.5,0.76,38.46,0.77,24.0,0.24,42.76,0.23,24.0,0.25,162.5,0.26,30.5,0.01,0.01,2318.783338,1776232542000
1776232544.26,44.26,0.75,157.0,0.74,30.5,0.76,38.46,0.77,24.0,0.24,38.46,0.23,24.0,0.25,157.0,0.26,30.5,0.01,0.01,2318.788205,1776232543000
1776232545.328,45.328,0.75,157.0,0.74,30.5,0.76,38.46,0.77,24.0,0.24,38.46,0.23,24.0,0.25,157.0,0.26,30.5,0.01,0.01,2318.844918,1776232544000
1776232545.534,45.534,0.77,95.0,0.76,75.5,0.78,25.03,0.79,132.0,0.24,38.46,0.23,24.0,0.25,157.0,0.26,30.5,0.01,0.01,2318.844918,1776232544000
1776232545.794,45.794,0.77,113.0,0.76,75.5,0.78,23.61,0.79,132.0,0.22,23.61,0.21,132.0,0.23,113.0,0.24,75.5,0.01,0.01,2318.940492,1776232545000
1776232546.604,46.604,0.77,177.0,0.76,75.5,0.79,110.23,0.8,31.5,0.22,37.06,0.21,132.0,0.23,177.0,0.24,75.5,0.02,0.01,2318.940492,1776232545000
1776232547.269,47.269,0.77,177.0,0.76,75.5,0.79,110.23,0.8,31.5,0.21,110.23,0.2,31.5,0.23,177.0,0.24,75.5,0.02,0.02,2319.031618,1776232546000
1776232548.245,48.245,0.77,177.0,0.76,75.5,0.79,110.23,0.8,31.5,0.21,110.23,0.2,31.5,0.23,177.0,0.24,75.5,0.02,0.02,2319.144095,1776232547000
1776232549.147,49.147,0.78,66.0,0.77,35.0,0.79,144.23,0.8,37.0,0.21,110.23,0.2,31.5,0.23,177.0,0.24,75.5,0.01,0.02,2319.144095,1776232547000
1776232550.221,50.221,0.78,66.0,0.77,35.0,0.79,144.23,0.8,37.0,0.21,144.23,0.2,37.0,0.22,66.0,0.23,35.0,0.01,0.01,2319.16007,1776232549000
1776232551.184,51.184,0.78,66.0,0.77,35.0,0.79,144.23,0.8,37.0,0.21,144.23,0.2,37.0,0.22,66.0,0.23,35.0,0.01,0.01,2319.11737,1776232550000
1776232551.638,51.638,0.78,6.0,0.77,30.0,0.79,140.43,0.8,37.0,0.21,144.23,0.2,37.0,0.22,66.0,0.23,35.0,0.01,0.01,2319.11737,1776232550000
1776232552.229,52.229,0.78,6.0,0.77,30.0,0.79,140.43,0.8,37.0,0.21,140.43,0.2,37.0,0.22,6.0,0.23,30.0,0.01,0.01,2319.103055,1776232551000
1776232552.966,52.966,0.78,4.65,0.77,30.0,0.79,145.43,0.8,37.0,0.21,140.43,0.2,37.0,0.22,6.0,0.23,30.0,0.01,0.01,2319.103055,1776232551000
1776232553.233,53.233,0.78,4.65,0.77,30.0,0.79,145.43,0.8,37.0,0.21,145.43,0.2,37.0,0.22,4.65,0.23,30.0,0.01,0.01,2319.097606,1776232552000
1776232554.149,54.149,0.78,0.1,0.77,25.0,0.79,145.43,0.8,37.0,0.21,145.43,0.2,37.0,0.22,4.65,0.23,30.0,0.01,0.01,2319.097606,1776232552000
1776232555.14,55.14,0.78,0.1,0.77,25.0,0.79,145.43,0.8,37.0,0.21,145.43,0.2,37.0,0.22,0.1,0.23,25.0,0.01,0.01,2319.09244,1776232554000
1776232556.136,56.136,0.78,0.1,0.77,25.0,0.79,145.43,0.8,37.0,0.21,145.43,0.2,37.0,0.22,0.1,0.23,25.0,0.01,0.01,2319.105419,1776232555000
1776232557.069,57.069,0.78,0.1,0.77,25.0,0.79,145.43,0.8,37.0,0.21,145.43,0.2,37.0,0.22,0.1,0.23,25.0,0.01,0.01,2319.16238,1776232556000
1776232558.103,58.103,0.78,15.1,0.77,40.5,0.79,80.3,0.8,15.0,0.21,145.43,0.2,37.0,0.22,0.1,0.23,25.0,0.01,0.01,2319.16238,1776232556000
1776232559.233,59.233,0.78,15.1,0.77,40.5,0.79,70.17,0.8,15.0,0.21,70.17,0.2,15.0,0.22,15.1,0.23,40.5,0.01,0.01,2319.1124,1776232558000
1776232560.351,60.351,0.78,15.1,0.77,40.5,0.79,70.17,0.8,15.0,0.21,70.17,0.2,15.0,0.22,15.1,0.23,40.5,0.01,0.01,2319.220295,1776232559000
1776232560.815,60.815,0.78,15.1,0.77,40.5,0.79,41.22,0.8,15.0,0.21,41.22,0.2,15.0,0.22,15.1,0.23,40.5,0.01,0.01,2319.21686,1776232560000
1776232561.335,61.335,0.77,25.5,0.76,25.5,0.79,83.22,0.8,15.0,0.21,41.22,0.2,15.0,0.22,15.1,0.23,40.5,0.02,0.01,2319.21686,1776232560000
1776232561.977,61.977,0.77,25.5,0.76,25.5,0.79,83.22,0.8,15.0,0.21,83.22,0.2,15.0,0.23,25.5,0.24,25.5,0.02,0.02,2319.163888,1776232561000
1776232563.053,63.053,0.77,25.5,0.76,25.5,0.79,83.22,0.8,15.0,0.21,83.22,0.2,15.0,0.23,25.5,0.24,25.5,0.02,0.02,2319.16,1776232562000
1776232564.031,64.031,0.77,25.5,0.76,25.5,0.79,83.22,0.8,15.0,0.21,83.22,0.2,15.0,0.23,25.5,0.24,25.5,0.02,0.02,2319.154259,1776232563000
1776232565.095,65.095,0.77,25.5,0.76,25.5,0.79,83.22,0.8,15.0,0.21,83.22,0.2,15.0,0.23,25.5,0.24,25.5,0.02,0.02,2319.128155,1776232564000
1776232565.925,65.925,0.77,235.3,0.76,30.5,0.78,16.36,0.79,50.22,0.21,83.22,0.2,15.0,0.23,25.5,0.24,25.5,0.01,0.02,2319.128155,1776232564000
1776232567.138,67.138,0.77,235.3,0.76,30.5,0.78,16.36,0.79,50.22,0.22,16.36,0.21,50.22,0.23,235.3,0.24,30.5,0.01,0.01,2319.126484,1776232566000
1776232568.233,68.233,0.77,235.3,0.76,30.5,0.78,16.36,0.79,50.22,0.22,16.36,0.21,50.22,0.23,235.3,0.24,30.5,0.01,0.01,2319.147544,1776232567000
1776232569.219,69.219,0.77,235.3,0.76,30.5,0.78,16.36,0.79,50.22,0.22,16.36,0.21,50.22,0.23,235.3,0.24,30.5,0.01,0.01,2319.127965,1776232568000
1776232570.291,70.291,0.77,235.3,0.76,30.5,0.78,16.36,0.79,50.22,0.22,16.36,0.21,50.22,0.23,235.3,0.24,30.5,0.01,0.01,2319.127815,1776232569000
1776232570.841,70.841,0.77,235.3,0.76,30.5,0.78,16.36,0.79,50.22,0.22,16.36,0.21,50.22,0.23,235.3,0.24,30.5,0.01,0.01,2319.127813,1776232570000
1776232571.554,71.554,0.77,190.8,0.76,18.99,0.78,42.36,0.79,55.22,0.22,16.36,0.21,50.22,0.23,235.3,0.24,30.5,0.01,0.01,2319.127813,1776232570000
1776232571.764,71.764,0.77,2.8,0.76,18.99,0.78,52.36,0.79,62.22,0.22,47.36,0.21,62.22,0.23,16.8,0.24,18.99,0.01,0.01,2319.127813,1776232570000
1776232572.036,72.036,0.76,22.16,0.75,20.5,0.78,52.36,0.79,66.22,0.22,52.36,0.21,57.22,0.24,15.17,0.25,20.5,0.02,0.02,2319.127813,1776232570000
1776232572.256,72.256,0.77,5.65,0.76,27.16,0.78,52.36,0.79,66.22,0.22,52.36,0.21,66.22,0.24,22.16,0.25,20.5,0.01,0.02,2319.127813,1776232570000
1776232572.486,72.486,0.77,5.65,0.76,27.16,0.78,52.36,0.79,66.22,0.22,52.36,0.21,66.22,0.23,5.65,0.24,27.16,0.01,0.01,2319.125806,1776232571000
1776232573.801,73.801,0.75,9.77,0.74,30.5,0.77,89.0,0.78,38.0,0.23,89.0,0.22,38.0,0.25,9.77,0.26,30.5,0.02,0.02,2319.125806,1776232572000
1776232574.37,74.37,0.75,9.77,0.74,30.5,0.77,89.0,0.78,38.0,0.23,89.0,0.22,38.0,0.25,9.77,0.26,30.5,0.02,0.02,2319.009334,1776232573000
1776232574.946,74.946,0.75,9.77,0.74,30.5,0.77,89.0,0.78,38.0,0.23,89.0,0.22,38.0,0.25,9.77,0.26,30.5,0.02,0.02,2318.941363,1776232574000
1776232576.526,76.526,0.75,9.77,0.74,30.5,0.77,89.0,0.78,38.0,0.23,89.0,0.22,38.0,0.25,9.77,0.26,30.5,0.02,0.02,2318.91358,1776232575000
1776232577.258,77.258,0.75,15.27,0.74,25.5,0.76,77.0,0.77,81.0,0.23,89.0,0.22,38.0,0.25,9.77,0.26,30.5,0.01,0.02,2318.91358,1776232575000
1776232582.25,82.25,0.75,125.27,0.74,80.5,0.76,1.55,0.77,40.0,0.24,77.0,0.23,81.0,0.25,15.27,0.26,25.5,0.01,0.01,2318.91358,1776232575000
1776232584.599,84.599,0.76,22.45,0.75,120.27,0.79,36.22,0.8,5.0,0.21,36.22,0.2,5.0,0.24,22.45,0.25,120.27,0.03,0.03,2319.042525,1776232583000
1776232585.475,85.475,0.76,22.45,0.75,120.27,0.79,36.22,0.8,5.0,0.21,36.22,0.2,5.0,0.24,22.45,0.25,120.27,0.03,0.03,2319.144635,1776232584000
1776232586.392,86.392,0.76,22.45,0.75,120.27,0.79,36.22,0.8,5.0,0.21,36.22,0.2,5.0,0.24,22.45,0.25,120.27,0.03,0.03,2319.105053,1776232585000
1776232586.908,86.908,0.76,22.45,0.75,120.27,0.79,36.22,0.8,5.0,0.21,36.22,0.2,5.0,0.24,22.45,0.25,120.27,0.03,0.03,2319.0862,1776232586000
1776232588.044,88.044,0.8,72.0,0.79,20.0,0.81,89.57,0.82,85.0,0.21,36.22,0.2,5.0,0.24,22.45,0.25,120.27,0.01,0.03,2319.0862,1776232586000
1776232588.385,88.385,0.8,72.0,0.79,20.0,0.81,89.57,0.82,85.0,0.19,89.57,0.18,85.0,0.2,72.0,0.21,20.0,0.01,0.01,2319.0912,1776232587000
1776232589.027,89.027,0.79,20.0,0.78,30.0,0.8,6.0,0.81,58.57,0.2,6.0,0.19,58.57,0.21,20.0,0.22,30.0,0.01,0.01,2319.0912,1776232588000
1776232590.085,90.085,0.79,20.0,0.78,30.0,0.8,6.0,0.81,58.57,0.2,6.0,0.19,58.57,0.21,20.0,0.22,30.0,0.01,0.01,2319.12005,1776232589000
1776232591.14,91.14,0.79,20.0,0.78,30.0,0.8,6.0,0.81,58.57,0.2,6.0,0.19,58.57,0.21,20.0,0.22,30.0,0.01,0.01,2319.075174,1776232590000
1776232592.156,92.156,0.79,20.0,0.78,30.0,0.8,6.0,0.81,58.57,0.2,6.0,0.19,58.57,0.21,20.0,0.22,30.0,0.01,0.01,2319.07435,1776232591000
1776232593.113,93.113,0.79,20.0,0.78,30.0,0.8,6.0,0.81,58.57,0.2,6.0,0.19,58.57,0.21,20.0,0.22,30.0,0.01,0.01,2319.074711,1776232592000
1776232594.094,94.094,0.81,148.5,0.8,116.5,0.82,11.0,0.83,28.0,0.18,11.0,0.17,28.0,0.19,148.5,0.2,116.5,0.01,0.01,2319.102866,1776232593000
1776232594.442,94.442,0.83,90.17,0.82,80.5,0.84,105.0,0.85,52.0,0.18,11.0,0.17,28.0,0.19,148.5,0.2,116.5,0.01,0.01,2319.102866,1776232593000
1776232595.18,95.18,0.82,54.5,0.81,66.0,0.84,115.0,0.85,62.5,0.16,115.0,0.15,62.5,0.18,54.5,0.19,66.0,0.02,0.02,2319.224564,1776232594000
1776232596.177,96.177,0.82,54.5,0.81,66.0,0.84,115.0,0.85,62.5,0.16,115.0,0.15,62.5,0.18,54.5,0.19,66.0,0.02,0.02,2319.27327,1776232595000
1776232596.675,96.675,0.83,72.0,0.82,54.5,0.84,115.0,0.85,34.0,0.16,115.0,0.15,62.5,0.18,54.5,0.19,66.0,0.01,0.02,2319.27327,1776232595000
1776232597.168,97.168,0.83,72.0,0.82,54.5,0.84,115.0,0.85,34.0,0.16,115.0,0.15,34.0,0.17,72.0,0.18,54.5,0.01,0.01,2319.293081,1776232596000
1776232598.095,98.095,0.83,72.0,0.82,54.5,0.84,115.0,0.85,34.0,0.16,115.0,0.15,34.0,0.17,72.0,0.18,54.5,0.01,0.01,2319.278241,1776232597000
1776232599.109,99.109,0.83,72.0,0.82,54.5,0.84,115.0,0.85,34.0,0.16,115.0,0.15,34.0,0.17,72.0,0.18,54.5,0.01,0.01,2319.288439,1776232598000
1776232600.106,100.106,0.83,72.0,0.82,54.5,0.84,115.0,0.85,34.0,0.16,115.0,0.15,34.0,0.17,72.0,0.18,54.5,0.01,0.01,2319.288547,1776232599000
1776232601.085,101.085,0.83,72.0,0.82,54.5,0.84,115.0,0.85,34.0,0.16,115.0,0.15,34.0,0.17,72.0,0.18,54.5,0.01,0.01,2319.29339,1776232600000
1776232602.15,102.15,0.83,72.0,0.82,54.5,0.84,115.0,0.85,34.0,0.16,115.0,0.15,34.0,0.17,72.0,0.18,54.5,0.01,0.01,2319.287742,1776232601000
1776232602.423,102.423,0.83,82.5,0.82,45.5,0.84,108.21,0.85,34.0,0.16,115.0,0.15,34.0,0.17,72.0,0.18,54.5,0.01,0.01,2319.287742,1776232601000
1776232603.07,103.07,0.83,82.5,0.82,45.5,0.84,108.21,0.85,34.0,0.16,108.21,0.15,34.0,0.17,82.5,0.18,45.5,0.01,0.01,2319.296629,1776232602000
1776232604.136,104.136,0.83,82.5,0.82,45.5,0.84,108.21,0.85,34.0,0.16,108.21,0.15,34.0,0.17,82.5,0.18,45.5,0.01,0.01,2319.303082,1776232603000
1776232605.185,105.185,0.83,82.5,0.82,45.5,0.84,108.21,0.85,34.0,0.16,108.21,0.15,34.0,0.17,82.5,0.18,45.5,0.01,0.01,2319.291955,1776232604000
1776232605.492,105.492,0.83,10.0,0.82,25.0,0.84,167.21,0.85,44.5,0.16,108.21,0.15,34.0,0.17,82.5,0.18,45.5,0.01,0.01,2319.291955,1776232604000
1776232606.067,106.067,0.83,5.0,0.82,25.0,0.84,201.21,0.85,64.5,0.16,167.21,0.15,44.5,0.17,10.0,0.18,25.0,0.01,0.01,2319.291955,1776232604000
1776232607.16,107.16,0.83,5.0,0.82,25.0,0.84,201.21,0.85,64.5,0.16,201.21,0.15,64.5,0.17,5.0,0.18,25.0,0.01,0.01,2319.267731,1776232606000
1776232608.142,108.142,0.83,5.0,0.82,25.0,0.84,201.21,0.85,64.5,0.16,201.21,0.15,64.5,0.17,5.0,0.18,25.0,0.01,0.01,2319.247717,1776232607000
1776232608.796,108.796,0.83,19.0,0.82,35.5,0.84,196.21,0.85,64.5,0.16,201.21,0.15,64.5,0.17,5.0,0.18,25.0,0.01,0.01,2319.247717,1776232607000
1776232609.0,109.0,0.83,29.5,0.82,35.5,0.84,153.25,0.85,49.0,0.16,196.21,0.15,64.5,0.17,19.0,0.18,35.5,0.01,0.01,2319.247717,1776232607000
1776232610.147,110.147,0.83,29.5,0.82,35.5,0.84,153.25,0.85,49.0,0.16,153.25,0.15,49.0,0.17,29.5,0.18,35.5,0.01,0.01,2319.248441,1776232609000
1776232611.105,111.105,0.83,101.5,0.82,112.5,0.84,58.94,0.85,44.0,0.16,153.25,0.15,49.0,0.17,29.5,0.18,35.5,0.01,0.01,2319.248441,1776232609000
1776232611.399,111.399,0.84,97.5,0.83,29.5,0.85,53.73,0.86,28.0,0.15,44.0,0.13,21.5,0.17,101.5,0.18,112.5,0.01,0.02,2319.287239,1776232610000
1776232611.695,111.695,0.84,97.5,0.83,29.5,0.85,47.73,0.86,28.0,0.15,53.73,0.14,28.0,0.16,97.5,0.17,29.5,0.01,0.01,2319.287239,1776232610000
1776232612.268,112.268,0.84,97.5,0.83,29.5,0.85,47.73,0.86,28.0,0.15,47.73,0.14,28.0,0.16,97.5,0.17,29.5,0.01,0.01,2319.291122,1776232611000
1776232613.235,113.235,0.84,97.5,0.83,29.5,0.85,47.73,0.86,28.0,0.15,47.73,0.14,28.0,0.16,97.5,0.17,29.5,0.01,0.01,2319.303098,1776232612000
1776232614.202,114.202,0.84,97.5,0.83,29.5,0.85,47.73,0.86,28.0,0.15,47.73,0.14,28.0,0.16,97.5,0.17,29.5,0.01,0.01,2319.307753,1776232613000
1776232615.227,115.227,0.84,97.5,0.83,29.5,0.85,47.73,0.86,28.0,0.15,47.73,0.14,28.0,0.16,97.5,0.17,29.5,0.01,0.01,2319.309956,1776232614000
1776232615.798,115.798,0.83,52.0,0.82,80.0,0.84,123.5,0.85,140.23,0.15,47.73,0.14,28.0,0.16,97.5,0.17,29.5,0.01,0.01,2319.309956,1776232614000
1776232616.125,116.125,0.83,19.0,0.82,80.0,0.84,117.5,0.85,145.23,0.16,123.5,0.15,140.23,0.17,35.0,0.18,80.0,0.01,0.01,2319.309956,1776232614000
1776232617.297,117.297,0.83,19.0,0.82,80.0,0.84,117.5,0.85,145.23,0.16,117.5,0.15,145.23,0.17,19.0,0.18,80.0,0.01,0.01,2319.294982,1776232616000
1776232618.232,118.232,0.83,19.0,0.82,80.0,0.84,117.5,0.85,145.23,0.16,117.5,0.15,145.23,0.17,19.0,0.18,80.0,0.01,0.01,2319.158305,1776232617000
1776232618.496,118.496,0.83,43.41,0.82,85.0,0.84,116.0,0.85,119.23,0.16,117.5,0.15,145.23,0.17,19.0,0.18,80.0,0.01,0.01,2319.158305,1776232617000
1776232618.826,118.826,0.83,29.64,0.82,85.0,0.84,128.0,0.85,108.23,0.16,116.0,0.15,119.23,0.17,43.41,0.18,85.0,0.01,0.01,2319.158305,1776232617000
1776232619.151,119.151,0.83,29.64,0.82,85.0,0.84,128.0,0.85,108.23,0.16,128.0,0.15,108.23,0.17,29.64,0.18,85.0,0.01,0.01,2319.107922,1776232618000
1776232620.142,120.142,0.83,29.64,0.82,85.0,0.84,128.0,0.85,108.23,0.16,128.0,0.15,108.23,0.17,29.64,0.18,85.0,0.01,0.01,2319.19128,1776232619000
1776232620.851,120.851,0.83,49.64,0.82,95.5,0.84,57.97,0.85,82.73,0.16,56.47,0.15,82.73,0.17,39.64,0.18,95.5,0.01,0.01,2319.19128,1776232619000
1776232621.117,121.117,0.83,49.64,0.82,95.5,0.84,43.64,0.85,82.73,0.16,43.64,0.15,82.73,0.17,49.64,0.18,95.5,0.01,0.01,2319.12651,1776232620000
1776232621.487,121.487,0.83,54.64,0.82,95.5,0.84,37.44,0.85,82.73,0.16,43.64,0.15,82.73,0.17,49.64,0.18,95.5,0.01,0.01,2319.12651,1776232620000
1776232622.163,122.163,0.83,54.64,0.82,95.5,0.84,37.44,0.85,82.73,0.16,37.44,0.15,82.73,0.17,54.64,0.18,95.5,0.01,0.01,2319.13015,1776232621000
1776232623.085,123.085,0.83,54.64,0.82,95.5,0.84,37.44,0.85,82.73,0.16,37.44,0.15,82.73,0.17,54.64,0.18,95.5,0.01,0.01,2319.13765,1776232622000
1776232623.494,123.494,0.83,65.14,0.82,100.5,0.84,30.49,0.85,82.73,0.16,31.44,0.15,82.73,0.17,60.14,0.18,100.5,0.01,0.01,2319.13765,1776232622000
1776232624.126,124.126,0.83,65.14,0.82,100.5,0.84,30.49,0.85,82.73,0.16,30.49,0.15,82.73,0.17,65.14,0.18,100.5,0.01,0.01,2319.14015,1776232623000
1776232624.722,124.722,0.84,176.5,0.83,87.14,0.88,3.0,0.9,101.0,0.16,30.49,0.15,82.73,0.17,65.14,0.18,100.5,0.04,0.01,2319.14015,1776232623000
1776232625.118,125.118,0.84,176.5,0.83,87.14,0.88,3.0,0.9,101.0,0.12,3.0,0.1,101.0,0.16,176.5,0.17,87.14,0.04,0.04,2319.13515,1776232624000
1776232626.084,126.084,0.84,176.5,0.83,87.14,0.88,3.0,0.9,101.0,0.12,3.0,0.1,101.0,0.16,176.5,0.17,87.14,0.04,0.04,2319.143303,1776232625000
1776232627.086,127.086,0.84,176.5,0.83,87.14,0.88,3.0,0.9,101.0,0.12,3.0,0.1,101.0,0.16,176.5,0.17,87.14,0.04,0.04,2319.250172,1776232626000
1776232628.138,128.138,0.87,118.3,0.86,51.5,0.88,26.0,0.89,5.0,0.12,3.0,0.1,101.0,0.16,176.5,0.17,87.14,0.01,0.04,2319.250172,1776232626000
1776232628.753,128.753,0.87,118.3,0.86,51.5,0.88,26.0,0.89,5.0,0.12,26.0,0.11,5.0,0.13,118.3,0.14,51.5,0.01,0.01,2319.38115,1776232627000
1776232629.81,129.81,0.87,168.5,0.86,127.5,0.88,11.25,0.91,200.0,0.12,26.0,0.11,5.0,0.13,118.3,0.14,51.5,0.01,0.01,2319.38115,1776232627000
1776232630.305,130.305,0.9,20.5,0.89,15.0,0.91,168.16,0.92,23.0,0.09,185.94,0.07,70.3,0.1,5.55,0.13,158.5,0.01,0.01,2319.396671,1776232628000
1776232630.929,130.929,0.9,20.5,0.89,15.0,0.91,168.16,0.92,23.0,0.09,168.16,0.08,23.0,0.1,20.5,0.11,15.0,0.01,0.01,2319.43235,1776232630000
1776232631.378,131.378,0.9,46.5,0.89,46.0,0.91,163.77,0.92,10.0,0.09,168.16,0.08,23.0,0.1,20.5,0.11,15.0,0.01,0.01,2319.43235,1776232630000
1776232632.207,132.207,0.9,46.5,0.89,46.0,0.91,163.77,0.92,10.0,0.09,163.77,0.08,10.0,0.1,46.5,0.11,46.0,0.01,0.01,2319.7179,1776232631000
1776232632.416,132.416,0.9,46.5,0.89,46.0,0.91,143.45,0.92,10.0,0.09,163.77,0.08,10.0,0.1,46.5,0.11,46.0,0.01,0.01,2319.7179,1776232631000
1776232633.534,133.534,0.9,46.5,0.89,46.0,0.91,142.35,0.92,5.0,0.09,143.45,0.08,10.0,0.1,46.5,0.11,46.0,0.01,0.01,2319.7179,1776232631000
1776232634.229,134.229,0.9,46.5,0.89,46.0,0.91,142.35,0.92,5.0,0.09,142.35,0.08,5.0,0.1,46.5,0.11,46.0,0.01,0.01,2319.77285,1776232633000
1776232634.636,134.636,0.9,9.5,0.89,51.5,0.91,152.35,0.92,91.4,0.09,142.35,0.08,5.0,0.1,46.5,0.11,46.0,0.01,0.01,2319.77285,1776232633000
1776232635.649,135.649,0.9,9.48,0.89,51.5,0.91,152.35,0.92,91.4,0.09,152.35,0.08,91.4,0.1,9.48,0.11,51.5,0.01,0.01,2319.76285,1776232634000
1776232636.245,136.245,0.9,9.48,0.89,51.5,0.91,152.35,0.92,91.4,0.09,152.35,0.08,91.4,0.1,9.48,0.11,51.5,0.01,0.01,2319.76275,1776232635000
1776232636.769,136.769,0.9,106.98,0.89,137.5,0.91,126.13,0.93,32.0,0.09,152.35,0.08,91.4,0.1,9.48,0.11,51.5,0.01,0.01,2319.76275,1776232635000
1776232637.126,137.126,0.9,237.98,0.89,160.5,0.91,46.35,0.94,63.8,0.09,78.13,0.07,21.0,0.1,76.98,0.11,137.5,0.01,0.01,2319.76275,1776232635000
1776232637.509,137.509,0.9,242.98,0.89,160.5,0.91,13.13,0.94,63.8,0.09,46.35,0.06,63.8,0.1,237.98,0.11,160.5,0.01,0.01,2319.76275,1776232635000
1776232638.016,138.016,0.9,301.98,0.89,267.29,0.91,0.13,0.94,63.8,0.09,13.13,0.06,63.8,0.1,242.98,0.11,160.5,0.01,0.01,2319.74795,1776232636000
1776232638.26,138.26,0.9,301.98,0.89,267.29,0.91,0.13,0.94,63.8,0.09,0.13,0.06,63.8,0.1,301.98,0.11,267.29,0.01,0.01,2319.75295,1776232637000
1776232639.486,139.486,0.9,301.98,0.89,267.29,0.91,0.13,0.94,63.8,0.09,0.13,0.06,63.8,0.1,301.98,0.11,267.29,0.01,0.01,2319.853572,1776232638000
1776232639.787,139.787,0.94,180.5,0.93,235.5,0.95,23.14,0.96,373.41,0.05,13.47,0.04,373.41,0.06,180.5,0.07,235.5,0.01,0.01,2319.853572,1776232638000
1776232640.066,140.066,0.94,180.5,0.93,235.5,0.95,23.14,0.96,373.41,0.05,23.14,0.04,373.41,0.06,180.5,0.07,235.5,0.01,0.01,2319.974785,1776232639000
1776232640.765,140.765,0.94,105.0,0.93,210.0,0.95,202.87,0.96,394.41,0.05,6.87,0.04,373.41,0.06,175.5,0.07,235.5,0.01,0.01,2319.974785,1776232639000
1776232641.193,141.193,0.94,110.0,0.93,190.0,0.95,189.0,0.96,428.85,0.05,192.34,0.04,428.85,0.06,105.0,0.07,185.0,0.01,0.01,2319.974785,1776232639000
1776232642.778,142.778,0.94,110.0,0.93,190.0,0.95,189.0,0.96,428.85,0.05,189.0,0.04,428.85,0.06,110.0,0.07,190.0,0.01,0.01,2320.165675,1776232641000
1776232643.383,143.383,0.94,110.0,0.93,190.0,0.95,189.0,0.96,428.85,0.05,189.0,0.04,428.85,0.06,110.0,0.07,190.0,0.01,0.01,2320.070516,1776232642000
1776232644.143,144.143,0.94,80.0,0.93,170.0,0.95,236.8,0.96,414.41,0.05,189.0,0.04,428.85,0.06,110.0,0.07,190.0,0.01,0.01,2320.070516,1776232642000
1776232644.61,144.61,0.93,70.0,0.92,90.5,0.94,67.93,0.95,185.8,0.06,67.93,0.05,185.8,0.07,70.0,0.08,90.5,0.01,0.01,2319.953645,1776232643000
1776232645.284,145.284,0.93,70.0,0.92,90.5,0.94,67.93,0.95,185.8,0.06,67.93,0.05,185.8,0.07,70.0,0.08,90.5,0.01,0.01,2319.94815,1776232644000
1776232646.215,146.215,0.93,70.0,0.92,90.5,0.94,67.93,0.95,185.8,0.06,67.93,0.05,185.8,0.07,70.0,0.08,90.5,0.01,0.01,2319.929447,1776232645000
1776232647.146,147.146,0.93,99.87,0.92,105.5,0.94,54.0,0.95,185.8,0.06,67.93,0.05,185.8,0.07,70.0,0.08,90.5,0.01,0.01,2319.929447,1776232645000
1776232647.702,147.702,0.93,99.87,0.92,105.5,0.94,54.0,0.95,185.8,0.06,54.0,0.05,185.8,0.07,99.87,0.08,105.5,0.01,0.01,2319.864892,1776232646000
1776232648.335,148.335,0.93,99.87,0.92,105.5,0.94,54.0,0.95,185.8,0.06,54.0,0.05,185.8,0.07,99.87,0.08,105.5,0.01,0.01,2319.87116,1776232647000
1776232649.066,149.066,0.93,89.57,0.92,105.5,0.94,126.8,0.95,180.8,0.06,54.0,0.05,185.8,0.07,99.87,0.08,105.5,0.01,0.01,2319.87116,1776232647000
1776232649.347,149.347,0.93,115.78,0.92,106.5,0.94,53.0,0.95,175.8,0.06,126.8,0.05,180.8,0.07,89.57,0.08,105.5,0.01,0.01,2319.87116,1776232647000
1776232650.016,150.016,0.93,115.78,0.92,106.5,0.94,53.0,0.95,175.8,0.06,53.0,0.05,175.8,0.07,115.78,0.08,106.5,0.01,0.01,2319.876643,1776232649000
1776232650.896,150.896,0.93,105.78,0.92,100.5,0.94,31.73,0.95,120.8,0.06,53.0,0.05,175.8,0.07,115.78,0.08,106.5,0.01,0.01,2319.876643,1776232649000
1776232651.121,151.121,0.93,110.78,0.92,100.5,0.94,27.53,0.95,120.8,0.06,28.6,0.05,120.8,0.07,105.78,0.08,100.5,0.01,0.01,2319.876643,1776232649000
1776232651.419,151.419,0.93,110.78,0.92,100.5,0.94,27.53,0.95,120.8,0.06,27.53,0.05,120.8,0.07,110.78,0.08,100.5,0.01,0.01,2319.92519,1776232650000
1776232651.941,151.941,0.93,110.78,0.92,100.5,0.94,27.53,0.95,120.8,0.06,27.53,0.05,120.8,0.07,110.78,0.08,100.5,0.01,0.01,2319.90835,1776232651000
1776232652.221,152.221,0.94,25.0,0.93,100.78,0.95,14.31,0.96,249.41,0.05,19.53,0.04,249.41,0.07,110.78,0.08,111.5,0.01,0.02,2319.90835,1776232651000
1776232652.954,152.954,0.94,38.83,0.93,95.78,0.95,4.31,0.96,249.41,0.05,14.31,0.04,249.41,0.06,25.0,0.07,100.78,0.01,0.01,2319.90835,1776232651000
1776232653.422,153.422,0.94,15.0,0.93,85.78,0.96,248.46,0.97,1500.7,0.05,4.31,0.04,249.41,0.06,38.83,0.07,95.78,0.02,0.01,2320.02291,1776232652000
1776232654.009,154.009,0.95,5.0,0.94,20.0,0.96,372.41,0.97,1499.7,0.04,248.46,0.03,1499.7,0.06,5.0,0.07,85.78,0.01,0.02,2320.02291,1776232652000
1776232654.323,154.323,0.95,5.0,0.94,20.0,0.96,372.41,0.97,1499.7,0.04,372.41,0.03,1499.7,0.05,5.0,0.06,20.0,0.01,0.01,2320.03145,1776232653000
1776232654.905,154.905,0.95,15.0,0.94,30.5,0.96,245.41,0.97,1499.7,0.04,372.41,0.03,1499.7,0.05,5.0,0.06,20.0,0.01,0.01,2320.03145,1776232653000
1776232655.507,155.507,0.95,15.0,0.94,30.5,0.96,245.41,0.97,1499.7,0.04,245.41,0.03,1499.7,0.05,15.0,0.06,30.5,0.01,0.01,2320.01835,1776232654000
1776232656.074,156.074,0.95,0.15,0.94,30.5,0.96,245.41,0.97,1499.7,0.04,245.41,0.03,1499.7,0.05,0.15,0.06,30.5,0.01,0.01,2320.01335,1776232655000
1776232657.201,157.201,0.95,0.05,0.94,30.5,0.96,244.36,0.97,1499.7,0.04,245.41,0.03,1499.7,0.05,0.05,0.06,30.5,0.01,0.01,2320.01335,1776232655000
1776232657.496,157.496,0.95,20.55,0.94,30.5,0.96,227.37,0.97,1499.7,0.04,227.37,0.03,1499.7,0.05,0.05,0.06,30.5,0.01,0.01,2320.02712,1776232656000
1776232658.453,158.453,0.95,20.55,0.94,30.5,0.96,227.37,0.97,1499.7,0.04,227.37,0.03,1499.7,0.05,20.55,0.06,30.5,0.01,0.01,2320.032215,1776232657000
1776232659.035,159.035,0.95,20.55,0.94,30.5,0.96,227.37,0.97,1499.7,0.04,227.37,0.03,1499.7,0.05,20.55,0.06,30.5,0.01,0.01,2320.032225,1776232658000
1776232660.276,160.276,0.95,20.55,0.94,30.5,0.96,227.37,0.97,1499.7,0.04,227.37,0.03,1499.7,0.05,20.55,0.06,30.5,0.01,0.01,2320.07849,1776232659000
1776232661.305,161.305,0.94,30.5,0.93,75.78,0.96,250.37,0.97,1610.7,0.04,227.37,0.03,1499.7,0.05,20.55,0.06,30.5,0.02,0.01,2320.07849,1776232659000
1776232661.878,161.878,0.94,30.5,0.93,75.78,0.96,250.37,0.97,1610.7,0.04,250.37,0.03,1610.7,0.06,30.5,0.07,75.78,0.02,0.02,2320.092129,1776232660000
1776232662.079,162.079,0.95,40.5,0.94,30.5,0.96,267.27,0.97,699.7,0.04,250.37,0.03,1610.7,0.06,30.5,0.07,75.78,0.01,0.02,2320.092129,1776232660000
1776232662.353,162.353,0.94,9.25,0.93,75.78,0.96,272.27,0.97,704.7,0.04,267.27,0.03,699.7,0.05,20.5,0.06,30.5,0.02,0.01,2320.092129,1776232660000
1776232662.98,162.98,0.94,9.25,0.93,75.78,0.96,272.27,0.97,704.7,0.04,272.27,0.03,704.7,0.06,9.25,0.07,75.78,0.02,0.02,2320.082285,1776232662000
1776232664.415,164.415,0.94,9.25,0.93,75.78,0.96,272.27,0.97,704.7,0.04,272.27,0.03,704.7,0.06,9.25,0.07,75.78,0.02,0.02,2320.00825,1776232663000
1776232664.999,164.999,0.94,9.25,0.93,75.78,0.96,272.27,0.97,704.7,0.04,272.27,0.03,704.7,0.06,9.25,0.07,75.78,0.02,0.02,2320.007155,1776232664000
1776232666.353,166.353,0.94,9.25,0.93,75.78,0.96,272.27,0.97,704.7,0.04,272.27,0.03,704.7,0.06,9.25,0.07,75.78,0.02,0.02,2319.9934,1776232665000
1776232667.395,167.395,0.95,10.0,0.94,73.89,0.96,206.38,0.97,904.7,0.04,230.38,0.03,904.7,0.06,79.89,0.07,80.78,0.01,0.02,2319.9934,1776232665000
1776232667.636,167.636,0.95,10.0,0.94,73.89,0.96,206.38,0.97,904.7,0.04,206.38,0.03,904.7,0.05,10.0,0.06,73.89,0.01,0.01,2320.013585,1776232666000
1776232668.351,168.351,0.95,10.0,0.94,73.89,0.96,206.38,0.97,904.7,0.04,206.38,0.03,904.7,0.05,10.0,0.06,73.89,0.01,0.01,2320.051726,1776232667000
1776232669.052,169.052,0.95,10.0,0.94,73.89,0.96,206.38,0.97,904.7,0.04,206.38,0.03,904.7,0.05,10.0,0.06,73.89,0.01,0.01,2320.05231,1776232668000
1776232670.417,170.417,0.95,10.0,0.94,73.89,0.96,206.38,0.97,904.7,0.04,206.38,0.03,904.7,0.05,10.0,0.06,73.89,0.01,0.01,2320.04205,1776232669000
1776232670.982,170.982,0.94,58.89,0.93,85.78,0.95,39.5,0.96,187.38,0.05,39.5,0.04,187.38,0.06,58.89,0.07,85.78,0.01,0.01,2320.04198,1776232670000
1776232672.404,172.404,0.94,58.89,0.93,85.78,0.95,39.5,0.96,187.38,0.05,39.5,0.04,187.38,0.06,58.89,0.07,85.78,0.01,0.01,2320.007875,1776232671000
1776232672.991,172.991,0.94,58.89,0.93,85.78,0.95,39.5,0.96,187.38,0.05,39.5,0.04,187.38,0.06,58.89,0.07,85.78,0.01,0.01,2320.00771,1776232672000
1776232674.31,174.31,0.94,58.89,0.93,85.78,0.95,39.5,0.96,187.38,0.05,39.5,0.04,187.38,0.06,58.89,0.07,85.78,0.01,0.01,2319.9936,1776232673000
1776232674.523,174.523,0.94,53.89,0.93,141.08,0.95,55.4,0.96,99.61,0.05,39.5,0.04,187.38,0.06,58.89,0.07,85.78,0.01,0.01,2319.9936,1776232673000
1776232675.53,175.53,0.94,53.89,0.93,141.08,0.95,55.4,0.96,99.61,0.05,55.4,0.04,99.61,0.06,53.89,0.07,141.08,0.01,0.01,2320.063,1776232674000
1776232676.229,176.229,0.94,53.89,0.93,141.08,0.95,55.4,0.96,99.61,0.05,55.4,0.04,99.61,0.06,53.89,0.07,141.08,0.01,0.01,2320.055365,1776232675000
1776232676.531,176.531,0.94,10.0,0.93,80.78,0.95,74.34,0.96,240.41,0.05,55.4,0.04,99.61,0.06,53.89,0.07,141.08,0.01,0.01,2320.055365,1776232675000
1776232676.764,176.764,0.94,10.0,0.93,80.78,0.95,44.7,0.96,240.41,0.05,74.34,0.04,240.41,0.06,10.0,0.07,80.78,0.01,0.01,2320.055365,1776232675000
1776232677.484,177.484,0.94,10.0,0.93,80.78,0.95,44.7,0.96,240.41,0.05,44.7,0.04,240.41,0.06,10.0,0.07,80.78,0.01,0.01,2320.006965,1776232676000
1776232678.725,178.725,0.94,10.0,0.93,80.78,0.95,44.7,0.96,240.41,0.05,44.7,0.04,240.41,0.06,10.0,0.07,80.78,0.01,0.01,2319.8039,1776232677000
1776232679.149,179.149,0.94,10.0,0.93,80.78,0.95,44.7,0.96,240.41,0.05,44.7,0.04,240.41,0.06,10.0,0.07,80.78,0.01,0.01,2319.81895,1776232678000
1776232680.261,180.261,0.94,23.5,0.93,80.78,0.95,9.7,0.96,206.41,0.05,44.7,0.04,240.41,0.06,10.0,0.07,80.78,0.01,0.01,2319.81895,1776232678000
1776232680.6,180.6,0.93,85.78,0.92,268.4,0.94,39.5,0.95,24.7,0.05,9.7,0.04,206.41,0.06,23.5,0.07,80.78,0.01,0.01,2319.83395,1776232679000
1776232681.371,181.371,0.93,85.78,0.92,268.4,0.94,39.5,0.95,24.7,0.06,39.5,0.05,24.7,0.07,85.78,0.08,268.4,0.01,0.01,2319.83895,1776232680000
1776232681.95,181.95,0.93,100.78,0.92,273.4,0.94,55.38,0.95,24.9,0.06,55.38,0.05,24.9,0.07,100.78,0.08,273.4,0.01,0.01,2319.83895,1776232681000
1776232682.901,182.901,0.93,100.78,0.92,273.4,0.94,55.38,0.95,24.9,0.06,55.38,0.05,24.9,0.07,100.78,0.08,273.4,0.01,0.01,2319.8638,1776232682000
1776232683.934,183.934,0.93,100.78,0.92,273.4,0.94,55.38,0.95,24.9,0.06,55.38,0.05,24.9,0.07,100.78,0.08,273.4,0.01,0.01,2319.89344,1776232683000
1776232684.97,184.97,0.93,100.78,0.92,273.4,0.94,55.38,0.95,24.9,0.06,55.38,0.05,24.9,0.07,100.78,0.08,273.4,0.01,0.01,2319.899825,1776232684000
1776232685.315,185.315,0.93,340.08,0.92,197.4,0.94,32.38,0.95,4.7,0.06,55.38,0.05,24.9,0.07,100.78,0.08,273.4,0.01,0.01,2319.899825,1776232684000
1776232685.926,185.926,0.96,120.57,0.95,89.5,0.97,293.97,0.98,301.0,0.03,260.31,0.02,390.0,0.06,10.0,0.07,498.08,0.01,0.03,2319.899825,1776232684000
1776232686.13,186.13,0.96,116.2,0.95,89.5,0.97,285.8,0.98,301.0,0.03,285.8,0.02,301.0,0.04,116.2,0.05,89.5,0.01,0.01,2319.91513,1776232685000
1776232687.152,187.152,0.96,116.2,0.95,89.5,0.97,285.8,0.98,301.0,0.03,285.8,0.02,301.0,0.04,116.2,0.05,89.5,0.01,0.01,2320.195942,1776232686000
1776232688.186,188.186,0.96,259.9,0.95,237.3,0.97,236.8,0.98,301.0,0.03,236.8,0.02,301.0,0.04,259.9,0.05,237.3,0.01,0.01,2320.50324,1776232687000
1776232689.191,189.191,0.96,259.9,0.95,237.3,0.97,236.8,0.98,301.0,0.03,236.8,0.02,301.0,0.04,259.9,0.05,237.3,0.01,0.01,2320.567145,1776232688000
1776232690.186,190.186,0.96,259.9,0.95,237.3,0.97,236.8,0.98,301.0,0.03,236.8,0.02,301.0,0.04,259.9,0.05,237.3,0.01,0.01,2320.5661,1776232689000
1776232691.164,191.164,0.96,139.63,0.95,183.3,0.97,241.8,0.98,301.0,0.03,241.8,0.02,301.0,0.04,139.63,0.05,183.3,0.01,0.01,2320.563195,1776232690000
1776232692.422,192.422,0.96,139.63,0.95,183.3,0.97,241.8,0.98,301.0,0.03,241.8,0.02,301.0,0.04,139.63,0.05,183.3,0.01,0.01,2320.524305,1776232691000
1776232693.988,193.988,0.96,139.63,0.95,183.3,0.97,241.8,0.98,301.0,0.03,241.8,0.02,301.0,0.04,139.63,0.05,183.3,0.01,0.01,2320.51999,1776232692000
1776232694.855,194.855,0.96,139.63,0.95,183.3,0.97,241.8,0.98,301.0,0.03,241.8,0.02,301.0,0.04,139.63,0.05,183.3,0.01,0.01,2320.525065,1776232693000
1776232695.093,195.093,0.96,306.63,0.95,183.3,0.97,236.85,0.98,301.0,0.03,241.8,0.02,301.0,0.04,139.63,0.05,183.3,0.01,0.01,2320.525065,1776232693000
1776232695.534,195.534,0.96,306.63,0.95,183.3,0.97,236.85,0.98,301.0,0.03,236.85,0.02,301.0,0.04,306.63,0.05,183.3,0.01,0.01,2320.52907,1776232694000
1776232696.431,196.431,0.96,306.63,0.95,183.3,0.97,236.85,0.98,301.0,0.03,236.85,0.02,301.0,0.04,306.63,0.05,183.3,0.01,0.01,2320.53243,1776232695000
1776232697.228,197.228,0.96,306.63,0.95,183.3,0.97,236.85,0.98,301.0,0.03,236.85,0.02,301.0,0.04,306.63,0.05,183.3,0.01,0.01,2320.540045,1776232696000
1776232698.122,198.122,0.96,394.63,0.95,227.3,0.97,178.65,0.98,301.0,0.03,217.47,0.02,301.0,0.04,347.63,0.05,167.3,0.01,0.01,2320.540045,1776232696000
1776232698.372,198.372,0.96,364.63,0.95,227.3,0.97,201.99,0.98,301.0,0.03,168.33,0.02,301.0,0.04,394.63,0.05,227.3,0.01,0.01,2320.540045,1776232696000
1776232698.591,198.591,0.96,385.13,0.95,227.3,0.97,146.83,0.98,301.0,0.03,151.99,0.02,301.0,0.04,380.13,0.05,227.3,0.01,0.01,2320.540045,1776232696000
1776232699.266,199.266,0.96,385.13,0.95,167.3,0.97,13.17,0.98,301.0,0.03,96.83,0.02,301.0,0.04,385.13,0.05,197.3,0.01,0.01,2320.7159,1776232697000
1776232699.548,199.548,0.96,385.13,0.95,167.3,0.97,13.17,0.98,301.0,0.03,13.17,0.02,301.0,0.04,385.13,0.05,167.3,0.01,0.01,2320.87777,1776232698000
1776232699.803,199.803,0.96,385.13,0.95,167.3,0.97,11.1,0.98,301.0,0.03,13.17,0.02,301.0,0.04,385.13,0.05,167.3,0.01,0.01,2320.87777,1776232698000
1776232700.354,200.354,0.96,385.13,0.95,167.3,0.97,11.1,0.98,301.0,0.03,11.1,0.02,301.0,0.04,385.13,0.05,167.3,0.01,0.01,2320.95815,1776232699000
1776232700.708,200.708,0.96,459.13,0.95,197.3,0.97,1.1,0.98,301.0,0.03,6.1,0.02,301.0,0.04,459.13,0.05,167.3,0.01,0.01,2320.95815,1776232699000
1776232701.049,201.049,0.97,5.9,0.96,619.89,0.98,301.0,0.99,1463.0,0.03,1.1,0.02,301.0,0.04,459.13,0.05,197.3,0.01,0.01,2320.95815,1776232699000
1776232701.504,201.504,0.97,473.1,0.96,276.13,0.98,336.5,0.99,1363.0,0.02,301.0,0.01,1463.0,0.03,5.9,0.04,619.89,0.01,0.01,2321.014555,1776232700000
1776232702.66,202.66,0.97,473.1,0.96,276.13,0.98,322.4,0.99,1363.0,0.02,322.4,0.01,1363.0,0.03,473.1,0.04,276.13,0.01,0.01,2321.020515,1776232701000
1776232703.11,203.11,0.97,416.69,0.96,191.13,0.98,322.4,0.99,1674.0,0.02,322.4,0.01,1363.0,0.03,473.1,0.04,276.13,0.01,0.01,2321.020515,1776232701000
1776232703.385,203.385,0.97,416.69,0.96,191.13,0.98,322.4,0.99,1674.0,0.02,322.4,0.01,1674.0,0.03,416.69,0.04,191.13,0.01,0.01,2321.098865,1776232702000
1776232703.958,203.958,0.97,388.35,0.96,191.13,0.98,327.4,0.99,1674.0,0.02,322.4,0.01,1674.0,0.03,416.69,0.04,191.13,0.01,0.01,2321.098865,1776232702000
1776232705.584,205.584,0.97,388.35,0.96,191.13,0.98,322.34,0.99,1656.0,0.02,322.34,0.01,1656.0,0.03,388.35,0.04,191.13,0.01,0.01,2321.0228,1776232704000
1776232706.208,206.208,0.97,331.7,0.96,181.13,0.98,319.18,0.99,1653.0,0.02,319.18,0.01,1653.0,0.03,331.7,0.04,181.13,0.01,0.01,2321.0428,1776232705000
1776232706.576,206.576,0.97,322.7,0.96,181.13,0.98,314.05,0.99,1651.0,0.02,319.18,0.01,1653.0,0.03,331.7,0.04,181.13,0.01,0.01,2321.0428,1776232705000
1776232707.819,207.819,0.97,322.7,0.96,181.13,0.98,313.02,0.99,1651.0,0.02,313.02,0.01,1651.0,0.03,322.7,0.04,181.13,0.01,0.01,2321.0678,1776232706000
1776232708.651,208.651,0.97,322.7,0.96,181.13,0.98,313.02,0.99,1651.0,0.02,313.02,0.01,1651.0,0.03,322.7,0.04,181.13,0.01,0.01,2321.0678,1776232707000
1776232708.854,208.854,0.97,336.7,0.96,181.13,0.98,227.11,0.99,1346.0,0.02,227.11,0.01,1346.0,0.03,336.7,0.04,181.13,0.01,0.01,2321.0678,1776232707000
1776232709.453,209.453,0.97,336.7,0.96,181.13,0.98,227.11,0.99,1346.0,0.02,227.11,0.01,1346.0,0.03,336.7,0.04,181.13,0.01,0.01,2321.0678,1776232708000
1776232710.247,210.247,0.97,362.7,0.96,186.13,0.98,220.61,0.99,1346.0,0.02,227.11,0.01,1346.0,0.03,336.7,0.04,181.13,0.01,0.01,2321.0678,1776232708000
1776232710.94,210.94,0.97,362.7,0.96,186.13,0.98,205.2,0.99,1346.0,0.02,220.61,0.01,1346.0,0.03,362.7,0.04,186.13,0.01,0.01,2321.0678,1776232709000
1776232711.546,211.546,0.97,367.7,0.96,186.13,0.98,144.14,0.99,1346.0,0.02,205.2,0.01,1346.0,0.03,362.7,0.04,186.13,0.01,0.01,2321.0678,1776232709000
1776232711.959,211.959,0.97,367.7,0.96,186.13,0.98,144.14,0.99,1346.0,0.02,144.14,0.01,1346.0,0.03,367.7,0.04,186.13,0.01,0.01,2321.06285,1776232710000
1776232712.512,212.512,0.97,525.16,0.96,186.13,0.98,117.4,0.99,1346.0,0.02,144.14,0.01,1346.0,0.03,367.7,0.04,186.13,0.01,0.01,2321.06285,1776232710000
1776232713.78,213.78,0.97,525.16,0.96,186.13,0.98,51.69,0.99,1346.0,0.02,51.69,0.01,1346.0,0.03,525.16,0.04,186.13,0.01,0.01,2321.0828,1776232712000
1776232714.006,214.006,0.97,669.16,0.96,170.13,0.98,20.19,0.99,1346.0,0.02,51.69,0.01,1346.0,0.03,525.16,0.04,186.13,0.01,0.01,2321.0828,1776232712000
1776232714.47,214.47,0.98,308.0,0.97,724.15,0.99,1436.89,,,0.01,1346.0,,,0.03,664.16,0.04,170.13,0.01,0.02,2321.0828,1776232712000
1776232715.139,215.139,0.98,496.7,0.97,704.69,0.99,1270.89,,,0.01,1270.89,,,0.02,496.7,0.03,704.69,0.01,0.01,2321.11407,1776232714000
1776232715.342,215.342,0.98,501.7,0.97,747.69,0.99,1240.48,,,0.01,1270.89,,,0.02,496.7,0.03,752.69,0.01,0.01,2321.11407,1776232714000
1776232716.042,216.042,0.98,501.7,0.97,747.69,0.99,1240.48,,,0.01,1240.48,,,0.02,501.7,0.03,747.69,0.01,0.01,2321.228145,1776232715000
1776232716.569,216.569,0.98,515.89,0.97,764.5,0.99,1003.57,,,0.01,1240.48,,,0.02,501.7,0.03,747.69,0.01,0.01,2321.228145,1776232715000
1776232716.781,216.781,0.98,525.89,0.97,752.69,0.99,997.57,,,0.01,1003.57,,,0.02,515.89,0.03,764.5,0.01,0.01,2321.228145,1776232715000
1776232716.989,216.989,0.99,1429.43,0.98,537.7,,,,,0.01,1095.57,,,0.02,520.89,0.03,752.69,,0.01,2321.228145,1776232715000
1776232717.452,217.452,0.99,1429.43,0.98,537.7,,,,,,,,,0.01,1429.43,0.02,537.7,,,2321.394261,1776232716000
1776232717.986,217.986,0.99,1984.03,0.98,430.7,,,,,,,,,0.01,1429.43,0.02,537.7,,,2321.394261,1776232716000
1776232718.196,218.196,0.99,1979.03,0.98,430.7,,,,,,,,,0.01,1979.03,0.02,430.7,,,2321.403436,1776232717000
1776232719.666,219.666,0.99,1978.0,0.98,430.7,,,,,,,,,0.01,1978.0,0.02,430.7,,,2321.420015,1776232718000
1776232720.359,220.359,0.99,1978.0,0.98,430.7,,,,,,,,,0.01,1978.0,0.02,430.7,,,2321.420095,1776232719000
1776232721.134,221.134,0.99,1978.0,0.98,430.7,,,,,,,,,0.01,1978.0,0.02,430.7,,,2321.41536,1776232720000
1776232722.642,222.642,0.99,1978.0,0.98,430.7,,,,,,,,,0.01,1978.0,0.02,430.7,,,2321.406785,1776232721000
1776232723.357,223.357,0.99,1978.0,0.98,430.7,,,,,,,,,0.01,1978.0,0.02,430.7,,,2321.361773,1776232722000
1776232724.664,224.664,0.99,1978.0,0.98,430.7,,,,,,,,,0.01,1978.0,0.02,430.7,,,2321.33157,1776232723000
1776232725.316,225.316,0.99,1978.0,0.98,430.7,,,,,,,,,0.01,1978.0,0.02,430.7,,,2321.355768,1776232724000
1776232725.957,225.957,0.99,1978.0,0.98,430.7,,,,,,,,,0.01,1978.0,0.02,430.7,,,2321.339788,1776232725000
1776232726.667,226.667,0.99,1841.46,0.98,921.7,,,,,,,,,0.01,1978.0,0.02,430.7,,,2321.339788,1776232725000
1776232727.41,227.41,0.99,1841.46,0.98,921.7,,,,,,,,,0.01,1841.46,0.02,921.7,,,2321.177749,1776232726000
1776232727.945,227.945,0.99,1841.46,0.98,921.7,,,,,,,,,0.01,1841.46,0.02,921.7,,,2321.25475,1776232727000
1776232729.058,229.058,0.99,1741.46,0.98,930.7,,,,,,,,,0.01,1841.46,0.02,921.7,,,2321.25475,1776232727000
1776232729.361,229.361,0.99,1741.46,0.98,930.7,,,,,,,,,0.01,1741.46,0.02,930.7,,,2321.14618,1776232728000
1776232729.918,229.918,0.99,1741.46,0.98,930.7,,,,,,,,,0.01,1741.46,0.02,930.7,,,2321.147309,1776232729000
1776232732.077,232.077,0.99,1741.46,0.98,930.7,,,,,,,,,0.01,1741.46,0.02,930.7,,,2321.140702,1776232730000
1776232732.555,232.555,0.99,1741.46,0.98,930.7,,,,,,,,,0.01,1741.46,0.02,930.7,,,2321.142876,1776232731000
1776232733.354,233.354,0.99,1741.46,0.98,930.7,,,,,,,,,0.01,1741.46,0.02,930.7,,,2321.143754,1776232732000
1776232733.887,233.887,0.99,1741.46,0.98,930.7,,,,,,,,,0.01,1741.46,0.02,930.7,,,2321.143608,1776232733000
1776232734.969,234.969,0.99,1741.46,0.98,930.7,,,,,,,,,0.01,1741.46,0.02,930.7,,,2321.123825,1776232734000
1776232736.067,236.067,0.99,1686.46,0.98,1030.7,,,,,,,,,0.01,1686.46,0.02,1030.7,,,2321.142478,1776232735000
1776232737.282,237.282,0.99,1686.46,0.98,1030.7,,,,,,,,,0.01,1686.46,0.02,1030.7,,,2321.146388,1776232736000
1776232738.37,238.37,0.99,1686.46,0.98,1030.7,,,,,,,,,0.01,1686.46,0.02,1030.7,,,2321.174875,1776232737000
1776232738.973,238.973,0.99,1686.46,0.98,1030.7,,,,,,,,,0.01,1686.46,0.02,1030.7,,,2321.180595,1776232738000
1776232740.045,240.045,0.99,1686.46,0.98,1030.7,,,,,,,,,0.01,1686.46,0.02,1030.7,,,2321.19805,1776232739000
1776232741.205,241.205,0.99,1686.46,0.98,1030.7,,,,,,,,,0.01,1686.46,0.02,1030.7,,,2321.1979,1776232740000
1776232742.38,242.38,0.99,1686.46,0.98,1030.7,,,,,,,,,0.01,1686.46,0.02,1030.7,,,2321.193,1776232741000
1776232742.955,242.955,0.99,1686.46,0.98,1030.7,,,,,,,,,0.01,1686.46,0.02,1030.7,,,2321.193,1776232742000
1776232744.149,244.149,0.99,1686.46,0.98,1030.7,,,,,,,,,0.01,1686.46,0.02,1030.7,,,2321.18889,1776232743000
1776232745.432,245.432,0.99,1686.46,0.98,1030.7,,,,,,,,,0.01,1686.46,0.02,1030.7,,,2321.17818,1776232744000
1776232746.409,246.409,0.99,1686.46,0.98,1030.7,,,,,,,,,0.01,1686.46,0.02,1030.7,,,2321.24254,1776232745000
1776232747.773,247.773,0.99,1686.46,0.98,1030.7,,,,,,,,,0.01,1686.46,0.02,1030.7,,,2321.202259,1776232746000
1776232748.246,248.246,0.99,1686.46,0.98,1030.7,,,,,,,,,0.01,1686.46,0.02,1030.7,,,2321.208777,1776232747000
1776232749.329,249.329,0.99,1686.46,0.98,1030.7,,,,,,,,,0.01,1686.46,0.02,1030.7,,,2321.214511,1776232748000
1776232749.934,249.934,0.99,1686.46,0.98,1030.7,,,,,,,,,0.01,1686.46,0.02,1030.7,,,2321.233395,1776232749000
1776232751.061,251.061,0.99,1686.46,0.98,1030.7,,,,,,,,,0.01,1686.46,0.02,1030.7,,,2321.30298,1776232750000
1776232751.306,251.306,0.99,1944.65,0.98,382.7,,,,,,,,,0.01,1686.46,0.02,1030.7,,,2321.30298,1776232750000
1776232752.18,252.18,0.99,1912.65,0.98,382.7,,,,,,,,,0.01,1912.65,0.02,382.7,,,2321.255196,1776232751000
1776232753.18,253.18,0.99,1912.65,0.98,382.7,,,,,,,,,0.01,1912.65,0.02,382.7,,,2320.887974,1776232752000
1776232753.478,253.478,0.99,1792.65,0.98,335.7,,,,,,,,,0.01,1912.65,0.02,382.7,,,2320.887974,1776232752000
1776232754.326,254.326,0.99,1792.65,0.98,335.7,,,,,,,,,0.01,1792.65,0.02,335.7,,,2320.35495,1776232753000
1776232754.886,254.886,0.99,1792.65,0.98,335.7,,,,,,,,,0.01,1792.65,0.02,335.7,,,2320.39931,1776232754000
1776232756.037,256.037,0.99,1792.65,0.98,335.7,,,,,,,,,0.01,1792.65,0.02,335.7,,,2320.39329,1776232755000
1776232757.182,257.182,0.99,1792.65,0.98,335.7,,,,,,,,,0.01,1792.65,0.02,335.7,,,2320.390151,1776232756000
1776232758.269,258.269,0.99,1738.09,0.98,381.7,,,,,,,,,0.01,1738.09,0.02,381.7,,,2320.395101,1776232757000
1776232759.39,259.39,0.99,1738.09,0.98,381.7,,,,,,,,,0.01,1738.09,0.02,381.7,,,2320.389901,1776232758000
1776232759.99,259.99,0.99,1638.09,0.98,381.7,,,,,,,,,0.01,1638.09,0.02,381.7,,,2320.37855,1776232759000
1776232761.122,261.122,0.99,1638.09,0.98,381.7,,,,,,,,,0.01,1638.09,0.02,381.7,,,2320.377227,1776232760000
1776232761.976,261.976,0.99,1638.09,0.98,381.7,,,,,,,,,0.01,1638.09,0.02,381.7,,,2320.377135,1776232761000
1776232763.084,263.084,0.99,1638.09,0.98,381.7,,,,,,,,,0.01,1638.09,0.02,381.7,,,2320.377186,1776232762000
1776232764.184,264.184,0.99,1638.09,0.98,381.7,,,,,,,,,0.01,1638.09,0.02,381.7,,,2320.353431,1776232763000
1776232764.797,264.797,0.99,1492.65,0.98,407.7,,,,,,,,,0.01,1638.09,0.02,381.7,,,2320.353431,1776232763000
1776232765.302,265.302,0.99,1492.65,0.98,407.7,,,,,,,,,0.01,1492.65,0.02,407.7,,,2320.363477,1776232764000
1776232766.405,266.405,0.99,1492.65,0.98,407.7,,,,,,,,,0.01,1492.65,0.02,407.7,,,2320.37466,1776232765000
1776232766.917,266.917,0.99,1492.65,0.98,407.7,,,,,,,,,0.01,1492.65,0.02,407.7,,,2320.37211,1776232766000
1776232767.906,267.906,0.99,1492.65,0.98,407.7,,,,,,,,,0.01,1492.65,0.02,407.7,,,2320.372125,1776232767000
1776232768.896,268.896,0.99,1492.65,0.98,407.7,,,,,,,,,0.01,1492.65,0.02,407.7,,,2320.370764,1776232768000
1776232770.005,270.005,0.99,1492.65,0.98,407.7,,,,,,,,,0.01,1492.65,0.02,407.7,,,2320.370869,1776232769000
1776232770.976,270.976,0.99,1492.65,0.98,407.7,,,,,,,,,0.01,1492.65,0.02,407.7,,,2320.369955,1776232770000
1776232771.994,271.994,0.99,1668.84,0.98,346.7,,,,,,,,,0.01,1492.65,0.02,407.7,,,2320.369955,1776232770000
1776232773.066,273.066,0.99,1668.84,0.98,346.7,,,,,,,,,0.01,1668.84,0.02,346.7,,,2320.29164,1776232772000
1776232774.138,274.138,0.99,1668.84,0.98,346.7,,,,,,,,,0.01,1668.84,0.02,346.7,,,2320.348162,1776232773000
1776232775.6,275.6,0.99,1668.84,0.98,346.7,,,,,,,,,0.01,1668.84,0.02,346.7,,,2320.434628,1776232774000
1776232776.171,276.171,0.99,1668.84,0.98,346.7,,,,,,,,,0.01,1668.84,0.02,346.7,,,2320.52881,1776232775000
1776232777.403,277.403,0.99,1668.84,0.98,346.7,,,,,,,,,0.01,1668.84,0.02,346.7,,,2320.602656,1776232776000
1776232778.374,278.374,0.99,1668.84,0.98,346.7,,,,,,,,,0.01,1668.84,0.02,346.7,,,2320.579724,1776232777000
1776232778.995,278.995,0.99,1668.84,0.98,346.7,,,,,,,,,0.01,1668.84,0.02,346.7,,,2320.579643,1776232778000
1776232780.001,280.001,0.99,1668.84,0.98,346.7,,,,,,,,,0.01,1668.84,0.02,346.7,,,2320.575661,1776232779000
1776232781.046,281.046,0.99,1668.84,0.98,346.7,,,,,,,,,0.01,1668.84,0.02,346.7,,,2320.58,1776232780000
1776232782.147,282.147,0.99,1668.84,0.98,346.7,,,,,,,,,0.01,1668.84,0.02,346.7,,,2320.57495,1776232781000
1776232783.125,283.125,0.99,1668.84,0.98,346.7,,,,,,,,,0.01,1668.84,0.02,346.7,,,2320.62052,1776232782000
1776232784.244,284.244,0.99,1668.84,0.98,346.7,,,,,,,,,0.01,1668.84,0.02,346.7,,,2320.575,1776232783000
1776232784.955,284.955,0.99,1668.84,0.98,346.7,,,,,,,,,0.01,1668.84,0.02,346.7,,,2320.412605,1776232784000
1776232786.039,286.039,0.99,1668.84,0.98,346.7,,,,,,,,,0.01,1668.84,0.02,346.7,,,2320.304311,1776232785000
1776232786.733,286.733,0.99,4672.31,0.98,106.72,,,,,,,,,0.01,1668.84,0.02,346.7,,,2320.304311,1776232785000
1776232787.058,287.058,0.99,4672.31,0.98,106.72,,,,,,,,,0.01,4672.31,0.02,106.72,,,2320.295807,1776232786000
1776232788.151,288.151,0.99,4672.31,0.98,106.72,,,,,,,,,0.01,4672.31,0.02,106.72,,,2320.295741,1776232787000
1776232789.716,289.716,0.99,4672.31,0.98,106.72,,,,,,,,,0.01,4672.31,0.02,106.72,,,2320.29398,1776232788000
1776232790.29,290.29,0.99,4672.31,0.98,106.72,,,,,,,,,0.01,4672.31,0.02,106.72,,,2320.279919,1776232789000
1776232790.951,290.951,0.99,5139.3,0.98,86.0,,,,,,,,,0.01,4672.31,0.02,106.72,,,2320.279919,1776232789000
1776232791.412,291.412,0.99,5139.3,0.98,86.0,,,,,,,,,0.01,5139.3,0.02,86.0,,,2320.283913,1776232790000
1776232791.979,291.979,0.99,5139.3,0.98,86.0,,,,,,,,,0.01,5139.3,0.02,86.0,,,2320.283913,1776232791000
1776232793.017,293.017,0.99,5139.3,0.98,86.0,,,,,,,,,0.01,5139.3,0.02,86.0,,,2320.236343,1776232792000
1776232794.127,294.127,0.99,5139.3,0.98,86.0,,,,,,,,,0.01,5139.3,0.02,86.0,,,2320.227188,1776232793000
1776232795.097,295.097,0.99,5139.3,0.98,86.0,,,,,,,,,0.01,5139.3,0.02,86.0,,,2320.224485,1776232794000
1776232796.325,296.325,0.99,5139.3,0.98,86.0,,,,,,,,,0.01,5139.3,0.02,86.0,,,2320.219973,1776232795000
1776232797.325,297.325,0.99,5139.3,0.98,86.0,,,,,,,,,0.01,5139.3,0.02,86.0,,,2320.219442,1776232796000
1776232798.38,298.38,0.99,5139.3,0.98,86.0,,,,,,,,,0.01,5139.3,0.02,86.0,,,2320.222242,1776232797000
1776232798.957,298.957,0.99,5139.3,0.98,86.0,,,,,,,,,0.01,5139.3,0.02,86.0,,,2320.222272,1776232798000
1776232799.974,299.974,0.99,5139.3,0.98,86.0,,,,,,,,,0.01,5139.3,0.02,86.0,,,2320.214879,1776232799000
1776232801.085,301.085,0.99,5139.3,0.98,86.0,,,,,,,,,0.01,5139.3,0.02,86.0,,,2320.208564,1776232800000

# RESULT,winner=Up,slug=eth-updown-5m-1776232500,ticks=388
