timestamp,elapsed_sec,up_bid_p1,up_bid_s1,up_bid_p2,up_bid_s2,up_ask_p1,up_ask_s1,up_ask_p2,up_ask_s2,down_bid_p1,down_bid_s1,down_bid_p2,down_bid_s2,down_ask_p1,down_ask_s1,down_ask_p2,down_ask_s2,up_spread,down_spread,eth_price,eth_oracle_ts
1776335400.516,0.516,0.5,12.02,0.46,150.0,0.52,51.02,0.54,150.0,0.48,51.02,0.46,150.0,0.5,12.02,0.54,150.0,0.02,0.02,2335.747829,1776335399000
1776335400.813,0.813,0.5,8.02,0.46,150.0,0.52,56.02,0.53,70.0,0.48,51.02,0.46,150.0,0.5,12.02,0.54,150.0,0.02,0.02,2335.747829,1776335399000
1776335402.874,2.874,0.39,70.0,0.38,70.0,0.45,65.98,0.51,82.0,0.48,45.13,0.47,70.0,0.5,4.02,0.55,70.0,0.06,0.02,2335.5452,1776335401000
1776335403.136,3.136,0.39,70.0,0.38,70.0,0.45,55.38,0.47,70.0,0.55,65.98,0.49,82.0,0.61,70.0,0.62,70.0,0.06,0.06,2335.5452,1776335401000
1776335403.528,3.528,0.39,70.0,0.38,70.0,0.41,1.8,0.45,60.38,0.55,60.38,0.53,70.0,0.61,70.0,0.62,70.0,0.02,0.06,2335.33,1776335402000
1776335405.361,5.361,0.39,95.26,0.38,97.0,0.41,8.04,0.42,35.0,0.57,8.24,0.55,60.38,0.61,70.0,0.62,70.0,0.02,0.04,2335.0923,1776335404000
1776335405.865,5.865,0.39,95.26,0.38,97.0,0.4,10.0,0.41,8.04,0.59,8.04,0.58,35.0,0.61,95.26,0.62,97.0,0.01,0.02,2335.0923,1776335404000
1776335406.348,6.348,0.39,7.21,0.38,12.0,0.4,62.0,0.41,23.04,0.6,5.0,0.59,8.04,0.61,90.26,0.62,97.0,0.01,0.01,2335.06822,1776335405000
1776335406.906,6.906,0.38,12.0,0.36,5.5,0.4,134.38,0.41,73.04,0.6,62.0,0.59,23.04,0.61,7.21,0.62,12.0,0.02,0.01,2335.06822,1776335405000
1776335407.159,7.159,0.35,7.5,0.34,70.0,0.37,65.0,0.38,35.0,0.61,10.0,0.6,146.38,0.62,4.07,0.64,5.5,0.02,0.01,2335.06822,1776335405000
1776335407.723,7.723,0.34,64.24,0.33,80.0,0.35,27.0,0.36,41.0,0.63,65.0,0.62,35.0,0.65,7.5,0.66,70.0,0.01,0.02,2335.061285,1776335406000
1776335408.307,8.307,0.34,73.22,0.33,80.0,0.35,37.5,0.36,41.0,0.65,27.0,0.64,41.0,0.66,64.24,0.67,80.0,0.01,0.01,2334.824026,1776335407000
1776335408.912,8.912,0.34,73.22,0.33,80.0,0.35,26.07,0.36,41.0,0.65,37.5,0.64,41.0,0.66,73.22,0.67,80.0,0.01,0.01,2334.824026,1776335407000
1776335411.257,11.257,0.37,86.0,0.36,74.5,0.38,4.5,0.4,5.41,0.65,26.07,0.64,41.0,0.66,73.22,0.67,80.0,0.01,0.01,2334.65795,1776335409000
1776335411.483,11.483,0.41,150.0,0.4,118.0,0.42,5.4,0.43,5.0,0.58,10.4,0.57,14.66,0.59,125.0,0.6,85.0,0.01,0.01,2334.612977,1776335410000
1776335411.776,11.776,0.42,14.82,0.41,180.0,0.43,8.17,0.44,12.0,0.57,6.34,0.55,81.38,0.58,4.82,0.59,175.0,0.01,0.01,2334.612977,1776335410000
1776335412.344,12.344,0.42,20.0,0.41,180.0,0.44,25.21,0.45,76.38,0.57,8.17,0.56,22.0,0.58,8.78,0.59,180.0,0.02,0.01,2334.609691,1776335411000
1776335415.489,15.489,0.44,190.5,0.43,35.5,0.45,24.04,0.48,5.0,0.56,25.21,0.55,76.38,0.58,20.0,0.59,180.0,0.01,0.02,2335.12258,1776335414000
1776335416.005,16.005,0.55,39.55,0.54,10.0,0.56,9.2,0.57,12.0,0.44,9.2,0.42,6.0,0.45,35.0,0.46,10.0,0.01,0.01,2335.13242,1776335415000
1776335416.699,16.699,0.55,34.15,0.54,10.0,0.56,9.2,0.57,25.0,0.44,9.2,0.43,12.0,0.45,39.55,0.46,10.0,0.01,0.01,2335.13242,1776335415000
1776335419.266,19.266,0.56,5.0,0.55,32.0,0.57,77.91,0.58,35.37,0.44,9.2,0.43,25.0,0.45,34.15,0.46,10.0,0.01,0.01,2335.937755,1776335418000
1776335420.031,20.031,0.55,20.0,0.54,27.0,0.56,136.55,0.57,48.5,0.43,82.91,0.42,35.37,0.45,32.0,0.46,15.0,0.01,0.02,2335.937755,1776335418000
1776335420.282,20.282,0.55,21.66,0.54,27.0,0.56,64.5,0.57,48.5,0.44,136.55,0.43,48.5,0.45,20.0,0.46,27.0,0.01,0.01,2335.950695,1776335419000
1776335421.261,21.261,0.55,21.66,0.54,27.0,0.56,66.08,0.57,48.5,0.44,64.5,0.43,48.5,0.45,21.66,0.46,27.0,0.01,0.01,2335.95813,1776335420000
1776335421.776,21.776,0.55,15.0,0.54,17.0,0.56,60.65,0.57,74.57,0.44,66.08,0.43,48.5,0.45,21.66,0.46,27.0,0.01,0.01,2335.95813,1776335420000
1776335422.029,22.029,0.55,5.0,0.54,17.0,0.56,91.65,0.57,74.57,0.44,60.65,0.43,74.57,0.45,15.0,0.46,17.0,0.01,0.01,2335.842424,1776335421000
1776335422.279,22.279,0.52,9.07,0.51,85.0,0.56,114.86,0.57,74.57,0.44,130.86,0.43,74.57,0.45,5.0,0.46,12.0,0.04,0.01,2335.842424,1776335421000
1776335422.499,22.499,0.52,1.79,0.51,85.0,0.53,51.0,0.54,38.5,0.47,56.0,0.46,38.5,0.48,4.98,0.49,85.0,0.01,0.01,2335.842424,1776335421000
1776335423.113,23.113,0.52,6.79,0.51,95.5,0.53,104.98,0.54,28.0,0.47,51.0,0.46,38.5,0.48,1.79,0.49,85.0,0.01,0.01,2335.842424,1776335421000
1776335426.588,26.588,0.51,91.26,0.5,100.5,0.52,33.07,0.53,40.0,0.47,109.98,0.46,28.0,0.48,9.7,0.49,95.5,0.01,0.01,2335.75675,1776335425000
1776335429.527,29.527,0.51,102.0,0.5,95.5,0.52,31.14,0.53,47.0,0.48,33.07,0.47,40.0,0.49,91.26,0.5,100.5,0.01,0.01,2335.70899,1776335427000
1776335429.823,29.823,0.51,121.7,0.5,90.5,0.52,26.14,0.53,47.0,0.48,31.14,0.47,47.0,0.49,102.0,0.5,95.5,0.01,0.01,2335.68255,1776335428000
1776335430.937,30.937,0.51,107.5,0.5,95.5,0.52,5.0,0.53,37.0,0.48,58.04,0.47,47.0,0.49,97.5,0.5,90.5,0.01,0.01,2335.667004,1776335429000
1776335431.363,31.363,0.52,37.5,0.51,100.5,0.53,22.11,0.54,5.0,0.48,5.0,0.47,37.0,0.49,107.5,0.5,95.5,0.01,0.01,2335.667004,1776335429000
1776335436.459,36.459,0.52,26.66,0.51,172.5,0.53,5.0,0.54,17.0,0.47,12.0,0.46,27.0,0.48,12.5,0.49,112.5,0.01,0.01,2335.77776,1776335435000
1776335440.477,40.477,0.52,73.41,0.51,155.5,0.53,5.0,0.54,17.0,0.47,5.0,0.46,17.0,0.48,26.66,0.49,172.5,0.01,0.01,2335.816449,1776335439000
1776335442.602,42.602,0.52,35.83,0.51,155.5,0.53,3.11,0.54,17.0,0.47,3.11,0.46,17.0,0.48,73.41,0.49,155.5,0.01,0.01,2335.833635,1776335441000
1776335445.249,45.249,0.52,17.24,0.51,155.5,0.53,18.11,0.54,27.0,0.47,3.11,0.46,17.0,0.48,37.24,0.49,155.5,0.01,0.01,2335.833302,1776335443000
1776335448.747,48.747,0.51,135.56,0.5,107.5,0.53,23.11,0.54,37.5,0.47,18.11,0.46,27.0,0.48,17.24,0.49,155.5,0.02,0.01,2335.83175,1776335447000
1776335450.398,50.398,0.51,45.06,0.5,92.5,0.52,26.0,0.53,46.61,0.47,23.11,0.46,37.5,0.49,135.56,0.5,107.5,0.01,0.02,2335.77872,1776335449000
1776335453.657,53.657,0.53,80.5,0.52,187.5,0.55,24.0,0.56,25.5,0.48,26.0,0.47,46.61,0.49,45.06,0.5,92.5,0.02,0.01,2335.714915,1776335452000
1776335454.676,54.676,0.53,130.51,0.52,257.5,0.55,22.0,0.56,37.5,0.45,24.0,0.44,25.5,0.47,80.5,0.48,187.5,0.02,0.02,2335.734925,1776335453000
1776335458.557,58.557,0.54,5.0,0.53,85.01,0.55,35.5,0.56,37.5,0.45,22.0,0.44,37.5,0.47,130.51,0.48,257.5,0.01,0.02,2335.8762,1776335457000
1776335458.887,58.887,0.54,5.0,0.53,85.01,0.55,6.8,0.56,37.5,0.45,35.5,0.44,37.5,0.46,5.0,0.47,85.01,0.01,0.01,2335.8762,1776335457000
1776335460.784,60.784,0.53,142.77,0.52,240.5,0.54,10.0,0.55,22.0,0.45,6.8,0.44,37.5,0.46,5.0,0.47,85.01,0.01,0.01,2335.78342,1776335459000
1776335463.059,63.059,0.53,144.64,0.52,240.5,0.54,25.01,0.55,22.0,0.46,10.0,0.45,22.0,0.47,142.77,0.48,240.5,0.01,0.01,2335.79715,1776335461000
1776335463.49,63.49,0.53,159.64,0.52,240.5,0.54,5.01,0.55,22.0,0.46,25.01,0.45,22.0,0.47,144.64,0.48,240.5,0.01,0.01,2335.820533,1776335462000
1776335466.249,66.249,0.53,125.5,0.52,44.5,0.56,11.3,0.6,12.0,0.46,5.01,0.45,22.0,0.47,133.36,0.48,240.5,0.03,0.01,2335.80988,1776335465000
1776335466.675,66.675,0.62,90.68,0.61,132.0,0.63,33.5,0.64,76.31,0.37,15.0,0.36,24.0,0.38,65.0,0.39,65.0,0.01,0.01,2335.80988,1776335465000
1776335467.263,67.263,0.64,10.0,0.63,22.0,0.65,12.34,0.66,5.0,0.37,33.5,0.36,76.31,0.38,90.68,0.39,132.0,0.01,0.01,2335.80988,1776335465000
1776335467.465,67.465,0.64,36.2,0.63,32.5,0.65,0.5,0.66,5.0,0.35,12.34,0.34,5.0,0.36,10.0,0.37,22.0,0.01,0.01,2335.8205,1776335466000
1776335467.708,67.708,0.65,10.71,0.64,25.0,0.66,15.5,0.67,5.0,0.35,0.5,0.34,5.0,0.36,36.2,0.37,32.5,0.01,0.01,2335.8205,1776335466000
1776335468.562,68.562,0.65,72.0,0.64,47.0,0.69,30.3,0.7,32.1,0.34,15.5,0.33,5.0,0.35,10.71,0.36,25.0,0.04,0.01,2335.832537,1776335467000
1776335468.865,68.865,0.66,20.0,0.65,11.71,0.67,91.95,0.68,10.5,0.33,78.1,0.32,10.5,0.35,6.71,0.36,47.0,0.01,0.02,2335.832537,1776335467000
1776335469.138,69.138,0.66,20.0,0.65,33.71,0.67,88.29,0.68,10.5,0.33,91.95,0.32,10.5,0.34,20.0,0.35,11.71,0.01,0.01,2336.09635,1776335468000
1776335469.378,69.378,0.66,44.11,0.65,23.71,0.67,102.29,0.68,10.5,0.33,88.29,0.32,10.5,0.34,20.0,0.35,33.71,0.01,0.01,2336.09635,1776335468000
1776335470.18,70.18,0.66,40.87,0.65,23.71,0.67,112.29,0.68,20.5,0.33,102.29,0.32,10.5,0.34,44.11,0.35,23.71,0.01,0.01,2336.368208,1776335469000
1776335470.431,70.431,0.66,40.87,0.65,23.71,0.67,103.79,0.68,20.5,0.33,112.29,0.32,20.5,0.34,40.87,0.35,23.71,0.01,0.01,2336.368208,1776335469000
1776335470.818,70.818,0.66,85.07,0.65,23.71,0.67,84.79,0.68,20.5,0.33,103.79,0.32,20.5,0.34,40.87,0.35,23.71,0.01,0.01,2336.368208,1776335469000
1776335471.393,71.393,0.66,54.39,0.65,23.71,0.67,98.79,0.68,32.5,0.33,84.79,0.32,20.5,0.34,76.83,0.35,23.71,0.01,0.01,2336.382717,1776335470000
1776335472.342,72.342,0.66,66.15,0.65,23.71,0.67,98.79,0.68,37.5,0.33,93.79,0.32,32.5,0.34,54.39,0.35,23.71,0.01,0.01,2336.390247,1776335471000
1776335472.661,72.661,0.66,55.26,0.65,23.71,0.67,103.79,0.68,32.5,0.33,98.79,0.32,37.5,0.34,66.15,0.35,23.71,0.01,0.01,2336.390247,1776335471000
1776335473.113,73.113,0.66,159.96,0.65,34.21,0.68,12.0,0.69,5.0,0.33,98.79,0.32,27.5,0.34,55.26,0.35,23.71,0.02,0.01,2336.390247,1776335471000
1776335473.771,73.771,0.68,70.0,0.67,32.0,0.7,95.47,0.71,33.0,0.31,5.0,0.3,22.5,0.32,40.0,0.33,32.0,0.02,0.01,2336.419605,1776335472000
1776335474.065,74.065,0.69,92.0,0.68,50.0,0.7,73.47,0.71,40.0,0.3,95.47,0.29,33.0,0.32,70.0,0.33,32.0,0.01,0.02,2336.419605,1776335472000
1776335474.749,74.749,0.7,78.33,0.69,66.38,0.71,28.0,0.72,89.8,0.3,73.47,0.29,40.0,0.31,84.38,0.32,50.0,0.01,0.01,2336.573095,1776335473000
1776335475.135,75.135,0.7,85.66,0.69,83.88,0.71,17.5,0.72,29.89,0.29,28.0,0.28,89.8,0.3,78.33,0.31,66.38,0.01,0.01,2336.573095,1776335473000
1776335475.433,75.433,0.72,52.0,0.71,72.0,0.73,25.58,0.74,41.2,0.29,17.5,0.28,29.89,0.3,85.66,0.31,83.88,0.01,0.01,2336.558945,1776335474000
1776335475.707,75.707,0.72,72.0,0.71,62.0,0.73,2.86,0.74,41.2,0.27,2.86,0.26,41.2,0.28,67.0,0.29,62.0,0.01,0.01,2336.558945,1776335474000
1776335476.137,76.137,0.72,72.0,0.71,62.0,0.73,2.86,0.74,22.5,0.27,2.86,0.26,41.2,0.28,72.0,0.29,62.0,0.01,0.01,2336.618218,1776335475000
1776335476.376,76.376,0.72,59.84,0.71,67.0,0.73,6.49,0.74,22.5,0.27,2.86,0.26,22.5,0.28,64.84,0.29,67.0,0.01,0.01,2336.618218,1776335475000
1776335476.651,76.651,0.72,59.84,0.71,67.0,0.73,15.12,0.74,22.5,0.27,6.49,0.26,22.5,0.28,59.84,0.29,67.0,0.01,0.01,2336.618218,1776335475000
1776335477.736,77.736,0.72,24.12,0.71,67.0,0.73,15.12,0.74,22.5,0.27,15.12,0.26,22.5,0.28,59.84,0.29,67.0,0.01,0.01,2336.65425,1776335476000
1776335479.738,79.738,0.72,30.54,0.71,72.5,0.73,15.0,0.74,17.0,0.27,15.12,0.26,22.5,0.28,24.12,0.29,67.0,0.01,0.01,2336.70546,1776335478000
1776335480.257,80.257,0.72,25.54,0.71,72.5,0.73,13.63,0.74,17.0,0.27,15.0,0.26,17.0,0.28,30.54,0.29,72.5,0.01,0.01,2336.705745,1776335479000
1776335482.151,82.151,0.72,59.04,0.71,122.5,0.74,12.0,0.76,19.7,0.27,13.63,0.26,17.0,0.28,25.54,0.29,72.5,0.02,0.01,2336.73123,1776335481000
1776335483.323,83.323,0.75,68.0,0.74,20.0,0.76,19.7,0.77,46.24,0.26,12.0,0.24,19.7,0.28,59.04,0.29,122.5,0.01,0.02,2336.747383,1776335482000
1776335484.039,84.039,0.75,63.0,0.74,20.0,0.76,19.7,0.77,51.24,0.24,19.7,0.23,46.24,0.25,68.0,0.26,20.0,0.01,0.01,2336.747383,1776335482000
1776335484.472,84.472,0.75,58.0,0.74,20.0,0.76,19.7,0.77,51.24,0.24,19.7,0.23,51.24,0.25,63.0,0.26,20.0,0.01,0.01,2336.873745,1776335483000
1776335484.884,84.884,0.75,50.0,0.74,20.0,0.76,19.7,0.77,51.24,0.24,19.7,0.23,51.24,0.25,59.0,0.26,20.0,0.01,0.01,2336.873745,1776335483000
1776335485.684,85.684,0.75,48.28,0.74,20.0,0.76,40.7,0.77,46.24,0.24,19.7,0.23,51.24,0.25,50.0,0.26,20.0,0.01,0.01,2336.873745,1776335484000
1776335486.982,86.982,0.79,43.32,0.78,57.5,0.81,13.4,0.82,39.9,0.24,40.7,0.23,46.24,0.25,48.28,0.26,20.0,0.02,0.01,2336.87152,1776335486000
1776335487.471,87.471,0.81,81.0,0.8,17.29,0.82,56.18,0.83,123.0,0.18,39.9,0.17,106.0,0.2,19.29,0.21,50.0,0.01,0.02,2336.87152,1776335486000
1776335488.699,88.699,0.81,46.0,0.8,17.29,0.82,31.0,0.83,107.5,0.18,56.18,0.17,123.0,0.19,81.0,0.2,17.29,0.01,0.01,2336.8746,1776335487000
1776335491.506,91.506,0.81,88.0,0.8,27.79,0.82,3.9,0.83,37.5,0.18,31.0,0.17,107.5,0.19,46.0,0.2,17.29,0.01,0.01,2337.307705,1776335490000
1776335492.084,92.084,0.8,86.39,0.79,47.5,0.81,5.0,0.82,28.3,0.18,28.3,0.17,37.5,0.2,1.39,0.21,47.5,0.01,0.02,2337.307705,1776335490000
1776335492.904,92.904,0.8,106.89,0.79,47.5,0.81,2.9,0.82,24.4,0.19,5.0,0.18,28.3,0.2,86.39,0.21,47.5,0.01,0.01,2337.3137,1776335491000
1776335496.876,96.876,0.8,117.89,0.79,86.23,0.83,12.0,0.84,26.8,0.19,2.9,0.18,24.4,0.2,106.89,0.21,47.5,0.03,0.01,2337.344063,1776335495000
1776335497.195,97.195,0.83,120.5,0.82,50.5,0.84,24.41,0.85,40.2,0.17,12.0,0.16,26.8,0.2,117.89,0.21,86.23,0.01,0.03,2337.36953,1776335496000
1776335497.621,97.621,0.85,8.0,0.84,10.0,0.87,62.8,0.88,56.1,0.16,24.41,0.15,40.2,0.17,120.5,0.18,50.5,0.02,0.01,2337.36953,1776335496000
1776335497.898,97.898,0.84,8.18,0.81,5.0,0.85,10.0,0.86,48.0,0.13,62.8,0.12,56.1,0.15,8.0,0.16,10.0,0.01,0.02,2337.36953,1776335496000
1776335498.412,98.412,0.81,14.0,0.79,8.0,0.83,137.5,0.84,120.5,0.17,47.92,0.16,18.0,0.18,10.0,0.19,10.0,0.02,0.01,2337.434515,1776335497000
1776335498.763,98.763,0.8,14.5,0.79,20.0,0.81,151.5,0.82,93.51,0.17,137.5,0.16,120.5,0.19,14.0,0.21,8.0,0.01,0.02,2337.434515,1776335497000
1776335498.97,98.97,0.74,4.23,0.73,10.0,0.76,10.0,0.77,10.0,0.2,10.0,0.19,172.5,0.26,5.0,0.27,10.0,0.02,0.06,2337.434515,1776335497000
1776335500.014,100.014,0.74,97.06,0.73,24.73,0.75,28.0,0.76,27.0,0.24,20.0,0.23,20.5,0.27,19.73,0.28,15.0,0.01,0.03,2337.617965,1776335498000
1776335500.857,100.857,0.74,99.52,0.73,19.73,0.75,28.0,0.76,27.0,0.25,28.0,0.24,27.0,0.26,97.06,0.27,24.73,0.01,0.01,2337.358054,1776335499000
1776335502.924,102.924,0.74,109.06,0.73,24.73,0.75,25.33,0.76,27.0,0.25,28.0,0.24,27.0,0.26,99.52,0.27,19.73,0.01,0.01,2336.982785,1776335501000
1776335504.836,104.836,0.74,20.0,0.73,10.0,0.75,50.77,0.76,57.2,0.25,25.33,0.24,27.0,0.26,109.06,0.27,24.73,0.01,0.01,2336.947191,1776335503000
1776335505.767,105.767,0.75,14.0,0.74,47.5,0.76,62.7,0.77,133.8,0.25,50.77,0.24,57.2,0.26,20.0,0.27,10.0,0.01,0.01,2336.918251,1776335504000
1776335506.87,106.87,0.75,44.5,0.74,47.5,0.76,3.0,0.77,48.3,0.24,62.7,0.23,133.8,0.25,14.0,0.26,47.5,0.01,0.01,2336.910762,1776335505000
1776335508.866,108.866,0.75,49.5,0.74,47.5,0.76,1.68,0.77,40.3,0.24,3.0,0.23,48.3,0.25,44.5,0.26,47.5,0.01,0.01,2336.919155,1776335507000
1776335509.148,109.148,0.75,71.5,0.74,91.49,0.77,20.0,0.78,7.0,0.24,1.68,0.23,40.3,0.25,49.5,0.26,47.5,0.02,0.01,2336.919155,1776335507000
1776335511.173,111.173,0.7,10.0,0.69,28.95,0.74,77.0,0.75,10.0,0.23,20.0,0.22,7.0,0.25,71.5,0.26,91.49,0.04,0.02,2337.01307,1776335509000
1776335513.689,113.689,0.7,30.57,0.69,23.85,0.71,114.59,0.72,67.0,0.28,10.0,0.27,10.0,0.31,27.3,0.32,15.0,0.01,0.03,2336.98852,1776335511000
1776335516.726,116.726,0.7,70.07,0.69,23.85,0.71,50.54,0.72,30.0,0.29,114.59,0.28,67.0,0.3,30.57,0.31,23.85,0.01,0.01,2336.73252,1776335515000
1776335517.493,117.493,0.7,58.07,0.69,23.85,0.71,19.04,0.72,25.0,0.29,50.54,0.28,30.0,0.3,70.07,0.31,23.85,0.01,0.01,2336.72948,1776335516000
1776335518.881,118.881,0.69,33.43,0.68,15.0,0.7,6.0,0.71,67.54,0.29,19.04,0.28,25.0,0.3,58.07,0.31,23.85,0.01,0.01,2336.72973,1776335517000
1776335519.094,119.094,0.69,7.55,0.68,15.0,0.7,44.0,0.71,39.54,0.3,11.0,0.29,39.54,0.31,17.55,0.32,15.0,0.01,0.01,2336.72973,1776335517000
1776335519.305,119.305,0.69,4.32,0.68,15.0,0.7,59.0,0.71,57.04,0.3,44.0,0.29,39.54,0.31,7.55,0.32,15.0,0.01,0.01,2336.72973,1776335517000
1776335519.909,119.909,0.64,27.81,0.63,32.0,0.66,69.0,0.67,66.0,0.3,59.0,0.29,57.04,0.31,4.32,0.32,15.0,0.02,0.01,2336.7297,1776335518000
1776335520.337,120.337,0.64,9.81,0.63,5.0,0.65,64.69,0.66,56.5,0.35,25.0,0.34,51.5,0.36,14.81,0.37,20.5,0.01,0.01,2336.715647,1776335519000
1776335520.566,120.566,0.64,9.81,0.63,5.0,0.65,56.37,0.66,68.5,0.35,44.07,0.34,56.5,0.36,9.81,0.37,5.0,0.01,0.01,2336.715647,1776335519000
1776335521.009,121.009,0.67,10.0,0.66,86.07,0.68,6.48,0.69,16.8,0.35,56.37,0.34,68.5,0.36,9.81,0.37,5.0,0.01,0.01,2336.715647,1776335519000
1776335521.275,121.275,0.68,38.72,0.67,25.0,0.69,16.8,0.7,29.1,0.32,6.48,0.31,16.8,0.33,10.0,0.34,86.07,0.01,0.01,2336.715647,1776335519000
1776335524.015,124.015,0.72,99.2,0.71,50.0,0.73,12.92,0.74,41.2,0.31,16.8,0.3,29.1,0.32,38.72,0.33,25.0,0.01,0.01,2336.4814,1776335522000
1776335524.505,124.505,0.72,75.0,0.71,50.0,0.73,22.05,0.74,58.7,0.27,12.92,0.26,41.2,0.28,99.2,0.29,50.0,0.01,0.01,2336.626668,1776335523000
1776335524.966,124.966,0.72,35.0,0.71,20.0,0.73,42.68,0.74,58.7,0.27,22.05,0.26,58.7,0.28,75.0,0.29,50.0,0.01,0.01,2336.626668,1776335523000
1776335528.356,128.356,0.72,25.18,0.71,10.0,0.73,22.74,0.74,180.0,0.27,42.68,0.26,58.7,0.28,35.0,0.29,20.0,0.01,0.01,2336.558725,1776335526000
1776335528.605,128.605,0.72,10.0,0.7,12.0,0.73,101.37,0.74,187.0,0.27,54.37,0.26,180.0,0.28,25.18,0.29,10.0,0.01,0.01,2336.558725,1776335526000
1776335528.883,128.883,0.69,4.0,0.68,22.0,0.71,82.5,0.72,117.5,0.27,91.64,0.26,187.0,0.3,5.0,0.32,10.0,0.02,0.03,2336.558725,1776335526000
1776335530.333,130.333,0.69,15.0,0.68,10.0,0.7,60.4,0.71,39.0,0.29,82.5,0.28,117.5,0.31,4.0,0.32,22.0,0.01,0.02,2336.589985,1776335528000
1776335531.409,131.409,0.69,12.87,0.68,10.0,0.7,60.4,0.71,49.5,0.3,60.4,0.29,39.0,0.31,15.0,0.32,10.0,0.01,0.01,2336.5793,1776335529000
1776335533.207,133.207,0.68,72.04,0.67,20.5,0.69,51.46,0.7,22.4,0.3,60.4,0.29,49.5,0.31,12.87,0.32,10.0,0.01,0.01,2336.424844,1776335531000
1776335534.031,134.031,0.68,41.58,0.67,25.5,0.69,96.64,0.7,32.4,0.31,51.46,0.3,22.4,0.32,72.04,0.33,20.5,0.01,0.01,2336.412239,1776335532000
1776335534.458,134.458,0.68,41.58,0.67,25.5,0.69,47.82,0.7,22.4,0.31,96.64,0.3,32.4,0.32,41.58,0.33,25.5,0.01,0.01,2336.407016,1776335533000
1776335535.339,135.339,0.68,67.08,0.67,25.5,0.69,31.82,0.7,22.4,0.31,47.82,0.3,22.4,0.32,41.58,0.33,25.5,0.01,0.01,2336.407016,1776335533000
1776335538.108,138.108,0.69,95.5,0.68,62.08,0.71,11.0,0.72,13.87,0.31,31.82,0.3,22.4,0.32,67.08,0.33,25.5,0.02,0.01,2336.401324,1776335536000
1776335540.313,140.313,0.7,90.5,0.69,65.5,0.72,6.0,0.73,5.0,0.29,11.0,0.28,13.87,0.31,95.5,0.32,62.08,0.02,0.02,2336.52024,1776335539000
1776335541.472,141.472,0.73,20.0,0.72,27.0,0.74,47.5,0.75,37.5,0.26,5.0,0.25,12.0,0.3,90.5,0.31,65.5,0.01,0.04,2336.53222,1776335540000
1776335543.073,143.073,0.71,76.5,0.7,37.5,0.73,13.41,0.75,12.0,0.26,47.5,0.25,37.5,0.27,20.0,0.28,27.0,0.02,0.01,2336.53222,1776335541000
1776335543.609,143.609,0.74,15.57,0.73,30.5,0.75,12.0,0.76,82.0,0.26,5.34,0.25,12.0,0.27,20.5,0.28,42.5,0.01,0.01,2336.507,1776335542000
1776335544.668,144.668,0.74,87.29,0.73,30.5,0.75,5.0,0.76,75.0,0.25,12.0,0.24,82.0,0.26,15.57,0.27,30.5,0.01,0.01,2336.50865,1776335543000
1776335545.63,145.63,0.74,97.79,0.73,30.5,0.75,3.53,0.76,75.0,0.25,5.0,0.24,75.0,0.26,87.29,0.27,30.5,0.01,0.01,2336.614131,1776335544000
1776335545.944,145.944,0.74,97.79,0.73,30.5,0.75,0.95,0.76,75.0,0.25,3.53,0.24,75.0,0.26,97.79,0.27,30.5,0.01,0.01,2336.614131,1776335544000
1776335546.557,146.557,0.74,92.79,0.73,30.5,0.76,70.95,0.77,37.5,0.25,0.95,0.24,75.0,0.26,97.79,0.27,30.5,0.02,0.01,2336.65071,1776335545000
1776335548.467,148.467,0.75,33.0,0.74,31.07,0.76,70.95,0.77,15.5,0.24,70.95,0.23,37.5,0.26,92.79,0.27,30.5,0.01,0.02,2336.62019,1776335547000
1776335548.943,148.943,0.75,43.5,0.74,68.68,0.76,91.95,0.77,5.0,0.24,70.95,0.23,15.5,0.25,33.0,0.26,31.07,0.01,0.01,2336.626484,1776335548000
1776335549.29,149.29,0.75,43.5,0.74,68.68,0.76,95.33,0.77,5.0,0.24,91.95,0.23,5.0,0.25,43.5,0.26,68.68,0.01,0.01,2336.626484,1776335548000
1776335550.153,150.153,0.75,38.5,0.74,31.07,0.76,98.72,0.77,5.0,0.24,95.33,0.23,5.0,0.25,43.5,0.26,68.68,0.01,0.01,2336.626085,1776335549000
1776335551.011,151.011,0.75,43.5,0.74,31.07,0.76,97.4,0.77,5.0,0.24,98.72,0.23,5.0,0.25,38.5,0.26,31.07,0.01,0.01,2336.626085,1776335549000
1776335552.061,152.061,0.75,40.55,0.74,31.07,0.76,97.4,0.77,5.0,0.24,97.4,0.23,5.0,0.25,43.5,0.26,31.07,0.01,0.01,2336.653064,1776335550000
1776335553.47,153.47,0.75,50.55,0.74,31.07,0.76,71.08,0.77,5.0,0.24,72.4,0.23,5.0,0.25,40.55,0.26,31.07,0.01,0.01,2336.699653,1776335552000
1776335555.636,155.636,0.76,52.5,0.75,66.22,0.77,2.4,0.78,5.0,0.24,71.08,0.23,5.0,0.25,50.55,0.26,31.07,0.01,0.01,2336.665066,1776335554000
1776335560.912,160.912,0.78,107.5,0.77,15.0,0.79,10.04,0.8,10.0,0.21,24.13,0.2,32.5,0.24,57.5,0.25,66.22,0.01,0.03,2336.704374,1776335559000
1776335561.682,161.682,0.78,82.5,0.77,57.04,0.8,5.0,0.81,97.5,0.21,10.04,0.2,10.0,0.22,107.5,0.23,15.0,0.02,0.01,2336.704374,1776335559000
1776335562.313,162.313,0.79,34.19,0.78,52.5,0.8,3.02,0.81,85.5,0.2,3.02,0.19,85.5,0.21,20.0,0.22,72.5,0.01,0.01,2336.649985,1776335560000
1776335562.751,162.751,0.79,59.69,0.78,47.5,0.81,83.52,0.82,97.0,0.2,3.02,0.19,85.5,0.21,34.19,0.22,52.5,0.02,0.01,2336.641052,1776335561000
1776335565.472,165.472,0.8,53.0,0.79,28.5,0.81,118.02,0.82,85.5,0.19,83.52,0.18,97.0,0.21,59.69,0.22,47.5,0.01,0.02,2336.736194,1776335564000
1776335565.877,165.877,0.8,43.0,0.79,69.6,0.81,114.52,0.82,85.5,0.19,118.02,0.18,85.5,0.2,53.0,0.21,28.5,0.01,0.01,2336.736194,1776335564000
1776335566.381,166.381,0.8,28.0,0.79,69.6,0.81,117.66,0.82,95.5,0.19,119.52,0.18,85.5,0.2,28.0,0.21,69.6,0.01,0.01,2336.75837,1776335565000
1776335568.501,168.501,0.8,65.62,0.79,33.5,0.81,101.24,0.82,95.5,0.19,117.66,0.18,95.5,0.2,28.0,0.21,69.6,0.01,0.01,2336.763261,1776335567000
1776335570.023,170.023,0.8,5.0,0.79,45.5,0.81,158.74,0.82,95.5,0.19,101.24,0.18,95.5,0.2,65.62,0.21,33.5,0.01,0.01,2336.77215,1776335568000
1776335570.645,170.645,0.8,12.83,0.79,45.5,0.81,143.24,0.82,95.5,0.19,158.74,0.18,95.5,0.2,5.0,0.21,45.5,0.01,0.01,2336.77215,1776335568000
1776335571.111,171.111,0.8,32.83,0.79,45.5,0.81,147.0,0.82,95.5,0.19,143.24,0.18,95.5,0.2,12.83,0.21,45.5,0.01,0.01,2336.76424,1776335569000
1776335571.581,171.581,0.8,32.83,0.79,45.5,0.81,140.64,0.82,95.5,0.19,147.0,0.18,95.5,0.2,32.83,0.21,45.5,0.01,0.01,2336.769242,1776335570000
1776335571.914,171.914,0.8,32.83,0.79,45.5,0.81,111.07,0.82,95.5,0.19,112.56,0.18,95.5,0.2,32.83,0.21,45.5,0.01,0.01,2336.769242,1776335570000
1776335572.304,172.304,0.75,5.0,0.73,13.7,0.8,280.5,0.81,92.5,0.19,111.07,0.18,95.5,0.2,32.83,0.21,45.5,0.05,0.01,2336.797849,1776335571000
1776335572.605,172.605,0.67,20.4,0.66,5.0,0.68,23.0,0.69,37.0,0.32,10.0,0.31,20.0,0.33,10.4,0.35,80.0,0.01,0.01,2336.797849,1776335571000
1776335573.455,173.455,0.67,25.5,0.66,15.5,0.68,11.25,0.69,37.0,0.33,8.6,0.32,23.0,0.34,15.0,0.35,85.0,0.01,0.01,2336.797849,1776335571000
1776335574.844,174.844,0.68,50.5,0.67,37.5,0.69,16.55,0.7,17.0,0.32,11.25,0.31,37.0,0.33,25.5,0.34,15.5,0.01,0.01,2336.532859,1776335573000
1776335575.896,175.896,0.68,35.5,0.67,37.5,0.69,14.95,0.7,12.0,0.31,16.55,0.3,17.0,0.32,50.5,0.33,37.5,0.01,0.01,2336.2961,1776335574000
1776335577.955,177.955,0.68,25.5,0.67,37.5,0.7,27.0,0.71,20.0,0.31,14.95,0.3,12.0,0.32,35.5,0.33,37.5,0.02,0.01,2336.2815,1776335577000
1776335579.011,179.011,0.69,35.5,0.68,15.5,0.7,26.57,0.71,41.59,0.3,13.57,0.29,31.09,0.31,15.5,0.32,20.5,0.01,0.01,2336.28585,1776335578000
1776335580.739,180.739,0.7,55.0,0.69,47.5,0.72,17.0,0.73,88.84,0.3,26.57,0.29,41.59,0.31,35.5,0.32,15.5,0.02,0.01,2336.29416,1776335579000
1776335581.293,181.293,0.71,45.0,0.7,41.72,0.72,14.39,0.73,100.84,0.28,17.0,0.27,88.84,0.3,55.0,0.31,47.5,0.01,0.02,2336.28491,1776335580000
1776335581.995,181.995,0.71,111.0,0.7,46.72,0.73,73.64,0.77,5.0,0.28,14.39,0.27,100.84,0.29,45.0,0.3,41.72,0.02,0.01,2336.28491,1776335580000
1776335582.489,182.489,0.71,153.5,0.7,125.72,0.73,63.64,0.75,10.5,0.27,68.64,0.23,5.0,0.29,111.0,0.3,46.72,0.02,0.02,2336.29407,1776335581000
1776335582.977,182.977,0.72,54.0,0.71,108.5,0.73,32.6,0.78,20.0,0.27,49.6,0.22,20.0,0.29,138.5,0.3,120.72,0.01,0.02,2336.29407,1776335581000
1776335583.496,183.496,0.72,78.0,0.71,108.5,0.73,18.9,0.77,10.0,0.27,32.6,0.22,20.0,0.28,54.0,0.29,108.5,0.01,0.01,2336.4029,1776335582000
1776335584.357,184.357,0.72,83.0,0.71,120.5,0.73,12.9,0.74,12.0,0.27,18.9,0.23,10.0,0.28,78.0,0.29,108.5,0.01,0.01,2336.4301,1776335583000
1776335584.63,184.63,0.72,108.5,0.71,131.44,0.78,3.72,0.79,36.7,0.27,12.9,0.26,12.0,0.28,83.0,0.29,120.5,0.06,0.01,2336.4301,1776335583000
1776335585.128,185.128,0.77,70.0,0.76,37.5,0.78,5.0,0.79,29.36,0.21,7.63,0.2,37.5,0.23,15.0,0.24,10.5,0.01,0.02,2336.492475,1776335584000
1776335585.952,185.952,0.77,70.0,0.76,37.5,0.78,19.16,0.79,34.36,0.22,5.0,0.21,29.36,0.23,70.0,0.24,37.5,0.01,0.01,2336.492475,1776335584000
1776335589.766,189.766,0.77,28.0,0.76,12.0,0.78,69.77,0.79,29.36,0.22,19.16,0.21,34.36,0.23,70.0,0.24,37.5,0.01,0.01,2336.4947,1776335588000
1776335589.988,189.988,0.69,10.5,0.68,5.0,0.71,64.06,0.72,34.28,0.24,20.5,0.23,30.5,0.29,5.94,0.3,6.22,0.02,0.05,2336.4947,1776335588000
1776335590.276,190.276,0.66,48.52,0.65,18.0,0.67,22.59,0.68,22.0,0.3,60.59,0.29,214.06,0.34,57.2,0.35,6.0,0.01,0.04,2336.4947,1776335588000
1776335591.177,191.177,0.66,67.02,0.65,28.0,0.67,14.6,0.68,27.77,0.33,22.59,0.32,22.0,0.34,48.52,0.35,18.0,0.01,0.01,2336.537144,1776335590000
1776335592.507,192.507,0.66,46.69,0.65,12.0,0.67,62.6,0.68,27.77,0.33,14.6,0.32,27.77,0.34,67.02,0.35,28.0,0.01,0.01,2336.311703,1776335591000
1776335592.977,192.977,0.65,50.04,0.64,9.81,0.67,55.6,0.68,27.77,0.33,50.6,0.32,27.77,0.34,46.69,0.35,12.0,0.02,0.01,2336.311703,1776335591000
1776335593.924,193.924,0.64,27.91,0.63,5.0,0.65,24.1,0.66,22.0,0.33,55.6,0.32,27.77,0.36,9.81,0.37,5.0,0.01,0.03,2336.29768,1776335592000
1776335594.174,194.174,0.64,6.54,0.63,5.0,0.65,42.7,0.66,22.0,0.35,22.7,0.34,22.0,0.36,27.91,0.37,5.0,0.01,0.01,2336.25872,1776335593000
1776335594.508,194.508,0.64,17.04,0.63,5.0,0.66,18.05,0.67,18.1,0.35,42.7,0.34,22.0,0.36,6.54,0.37,5.0,0.02,0.01,2336.25872,1776335593000
1776335594.768,194.768,0.63,71.55,0.62,77.0,0.65,10.0,0.66,18.05,0.34,18.05,0.33,18.1,0.36,17.04,0.37,5.0,0.02,0.02,2336.25872,1776335593000
1776335594.976,194.976,0.63,87.05,0.62,65.0,0.64,39.0,0.65,10.0,0.35,10.0,0.34,18.05,0.37,71.55,0.38,77.0,0.01,0.02,2336.25872,1776335593000
1776335595.596,195.596,0.63,108.82,0.62,75.0,0.64,20.28,0.65,22.0,0.36,39.0,0.35,10.0,0.37,87.05,0.38,65.0,0.01,0.01,2336.225785,1776335594000
1776335596.122,196.122,0.63,103.82,0.62,75.0,0.64,17.93,0.65,12.0,0.36,20.28,0.35,22.0,0.37,108.82,0.38,75.0,0.01,0.01,2336.225785,1776335594000
1776335596.459,196.459,0.63,91.82,0.62,75.0,0.64,10.58,0.65,12.0,0.36,17.93,0.35,12.0,0.37,91.82,0.38,75.0,0.01,0.01,2336.2131,1776335595000
1776335596.779,196.779,0.63,37.27,0.62,81.26,0.64,2.45,0.65,12.0,0.36,10.58,0.35,12.0,0.37,95.52,0.38,81.26,0.01,0.01,2336.2131,1776335595000
1776335597.104,197.104,0.63,37.27,0.62,81.26,0.65,12.0,0.66,11.05,0.36,2.45,0.35,12.0,0.37,37.27,0.38,81.26,0.02,0.01,2336.2131,1776335595000
1776335597.474,197.474,0.64,25.5,0.63,37.27,0.65,10.3,0.66,11.05,0.35,12.0,0.34,11.05,0.37,37.27,0.38,81.26,0.01,0.02,2336.129665,1776335596000
1776335597.823,197.823,0.64,15.5,0.63,28.77,0.65,7.76,0.66,18.38,0.35,10.3,0.34,11.05,0.36,25.5,0.37,37.27,0.01,0.01,2336.129665,1776335596000
1776335598.023,198.023,0.64,80.41,0.63,28.77,0.65,6.06,0.66,13.38,0.35,7.76,0.34,18.38,0.36,15.5,0.37,28.77,0.01,0.01,2336.129665,1776335596000
1776335598.297,198.297,0.64,3.0,0.63,11.77,0.65,5.82,0.66,13.38,0.35,2.36,0.34,13.38,0.36,3.0,0.37,11.77,0.01,0.01,2336.156249,1776335597000
1776335598.522,198.522,0.64,3.0,0.63,11.77,0.66,7.68,0.67,18.1,0.34,9.2,0.33,18.1,0.36,3.0,0.37,11.77,0.02,0.02,2336.156249,1776335597000
1776335598.878,198.878,0.64,3.0,0.63,11.77,0.65,10.0,0.66,14.68,0.34,7.68,0.33,18.1,0.36,3.0,0.37,11.77,0.01,0.02,2336.156249,1776335597000
1776335599.144,199.144,0.64,3.0,0.63,11.77,0.65,10.0,0.66,14.68,0.35,10.0,0.34,14.68,0.36,3.0,0.37,11.77,0.01,0.01,2336.156249,1776335597000
1776335599.495,199.495,0.64,3.0,0.63,11.77,0.65,8.3,0.66,18.33,0.34,8.33,0.33,18.1,0.36,3.0,0.37,11.77,0.01,0.02,2336.136066,1776335598000
1776335600.559,200.559,0.62,41.77,0.61,65.0,0.65,23.3,0.66,18.33,0.35,8.3,0.34,18.33,0.36,3.0,0.37,11.77,0.03,0.01,2336.185915,1776335599000
1776335601.002,201.002,0.61,45.38,0.6,58.0,0.62,10.0,0.63,9.03,0.37,4.03,0.36,10.0,0.38,6.45,0.39,65.0,0.01,0.01,2336.185915,1776335599000
1776335601.425,201.425,0.61,45.38,0.6,67.15,0.66,90.5,0.67,158.1,0.38,11.62,0.37,4.03,0.39,50.38,0.4,58.0,0.05,0.01,2336.126677,1776335600000
1776335601.963,201.963,0.61,45.38,0.6,70.0,0.62,22.98,0.63,26.5,0.38,20.5,0.37,20.5,0.39,40.38,0.4,58.0,0.01,0.01,2336.126677,1776335600000
1776335602.453,202.453,0.61,40.38,0.6,70.0,0.62,83.36,0.63,26.5,0.38,22.98,0.37,26.5,0.39,45.38,0.4,70.0,0.01,0.01,2336.01439,1776335601000
1776335602.682,202.682,0.61,35.38,0.6,70.0,0.62,78.36,0.63,26.5,0.38,83.36,0.37,26.5,0.39,40.38,0.4,70.0,0.01,0.01,2336.01439,1776335601000
1776335603.425,203.425,0.61,28.19,0.6,70.0,0.62,78.98,0.63,26.5,0.38,78.36,0.37,26.5,0.39,35.38,0.4,70.0,0.01,0.01,2336.01439,1776335601000
1776335604.513,204.513,0.61,21.29,0.6,70.0,0.62,141.2,0.63,26.5,0.38,78.98,0.37,26.5,0.39,28.19,0.4,70.0,0.01,0.01,2335.97092,1776335603000
1776335604.833,204.833,0.61,6.29,0.6,70.0,0.62,136.46,0.63,26.5,0.38,136.46,0.37,26.5,0.39,16.29,0.4,70.0,0.01,0.01,2335.97092,1776335603000
1776335605.198,205.198,0.61,6.29,0.6,70.0,0.62,138.63,0.63,26.5,0.38,136.46,0.37,26.5,0.39,6.29,0.4,70.0,0.01,0.01,2335.94958,1776335604000
1776335605.404,205.404,0.61,6.46,0.6,70.0,0.62,133.63,0.63,26.5,0.38,138.63,0.37,26.5,0.39,6.46,0.4,70.0,0.01,0.01,2335.94958,1776335604000
1776335608.573,208.573,0.61,6.46,0.6,80.0,0.62,56.0,0.63,53.9,0.38,133.63,0.37,26.5,0.39,6.46,0.4,70.0,0.01,0.01,2335.94141,1776335607000
1776335609.433,209.433,0.61,1.46,0.6,70.0,0.62,84.29,0.63,38.5,0.38,56.0,0.37,53.9,0.39,6.46,0.4,80.0,0.01,0.01,2335.941972,1776335608000
1776335610.401,210.401,0.6,10.11,0.59,70.7,0.61,106.5,0.62,150.0,0.38,84.29,0.37,38.5,0.4,66.46,0.41,58.7,0.01,0.02,2335.94188,1776335609000
1776335610.602,210.602,0.56,15.55,0.55,5.0,0.6,39.79,0.61,38.5,0.4,39.79,0.39,38.5,0.44,15.55,0.45,5.0,0.04,0.04,2335.94188,1776335609000
1776335610.943,210.943,0.53,15.5,0.52,15.0,0.57,20.5,0.58,20.5,0.4,39.79,0.39,38.5,0.44,15.55,0.45,5.0,0.04,0.04,2335.94188,1776335609000
1776335611.679,211.679,0.55,15.0,0.54,10.0,0.56,82.35,0.57,130.5,0.43,20.5,0.42,20.5,0.47,15.5,0.48,15.0,0.01,0.04,2335.877755,1776335610000
1776335613.162,213.162,0.54,5.0,0.53,25.5,0.56,112.35,0.57,130.5,0.44,82.35,0.43,130.5,0.45,15.0,0.46,10.0,0.02,0.01,2335.81775,1776335611000
1776335614.386,214.386,0.52,10.0,0.51,5.0,0.55,10.0,0.56,21.35,0.44,112.35,0.43,130.5,0.46,5.0,0.47,25.5,0.03,0.02,2335.727338,1776335613000
1776335615.045,215.045,0.5,1.82,0.49,15.0,0.53,10.0,0.54,15.0,0.45,10.0,0.44,21.35,0.5,75.04,0.51,10.0,0.03,0.05,2335.681971,1776335614000
1776335615.257,215.257,0.58,65.0,0.51,17.96,0.61,50.0,0.62,15.3,0.46,5.0,0.39,50.0,0.49,12.96,0.51,5.0,0.03,0.03,2335.681971,1776335614000
1776335615.481,215.481,0.58,17.71,0.57,140.0,0.61,50.0,0.62,15.3,0.39,50.0,0.38,15.3,0.42,51.83,0.43,140.0,0.03,0.03,2335.681971,1776335614000
1776335615.755,215.755,0.59,9.51,0.58,10.0,0.61,50.0,0.62,15.3,0.39,50.0,0.38,15.3,0.43,102.69,0.45,10.0,0.02,0.04,2335.681971,1776335614000
1776335615.964,215.964,0.59,9.51,0.58,10.0,0.61,45.0,0.62,15.3,0.39,50.0,0.38,15.3,0.41,9.51,0.42,10.0,0.02,0.02,2335.681971,1776335614000
1776335616.35,216.35,0.6,3.11,0.59,10.0,0.61,45.0,0.62,86.95,0.39,45.0,0.38,15.3,0.42,9.51,0.43,112.69,0.01,0.03,2335.601374,1776335615000
1776335617.943,217.943,0.58,25.65,0.57,140.69,0.61,75.22,0.62,103.95,0.39,45.0,0.38,86.95,0.4,3.11,0.41,10.0,0.03,0.01,2335.731395,1776335616000
1776335622.588,222.588,0.55,15.0,0.54,10.0,0.56,36.28,0.57,29.0,0.39,75.22,0.38,103.95,0.42,25.65,0.43,140.69,0.01,0.03,2335.727181,1776335621000
1776335623.19,223.19,0.44,4.86,0.43,70.0,0.52,70.0,0.56,106.28,0.44,36.28,0.43,29.0,0.45,15.0,0.46,10.0,0.08,0.01,2335.727181,1776335621000
1776335623.4,223.4,0.44,24.86,0.43,80.0,0.45,23.9,0.46,5.0,0.48,70.0,0.44,106.28,0.56,4.86,0.57,70.0,0.01,0.08,2335.70084,1776335622000
1776335623.679,223.679,0.44,24.86,0.43,85.0,0.45,32.9,0.46,5.0,0.55,23.9,0.54,5.0,0.56,24.86,0.57,80.0,0.01,0.01,2335.70084,1776335622000
1776335624.126,224.126,0.44,24.86,0.43,85.0,0.45,20.58,0.46,5.0,0.55,32.9,0.54,5.0,0.56,24.86,0.57,85.0,0.01,0.01,2335.68056,1776335623000
1776335626.12,226.12,0.44,24.5,0.43,97.0,0.45,12.58,0.46,17.0,0.55,20.58,0.54,5.0,0.56,24.86,0.57,85.0,0.01,0.01,2335.623832,1776335624000
1776335626.982,226.982,0.44,19.5,0.43,97.0,0.45,61.58,0.46,27.0,0.55,12.58,0.54,17.0,0.56,24.5,0.57,97.0,0.01,0.01,2335.60498,1776335625000
1776335627.367,227.367,0.44,19.5,0.43,92.0,0.45,51.58,0.46,17.0,0.55,61.58,0.54,27.0,0.56,19.5,0.57,97.0,0.01,0.01,2335.495249,1776335626000
1776335629.018,229.018,0.44,19.5,0.43,97.0,0.45,13.32,0.46,17.0,0.55,51.58,0.54,17.0,0.56,19.5,0.57,92.0,0.01,0.01,2335.495249,1776335627000
1776335629.525,229.525,0.43,83.0,0.42,70.0,0.45,33.32,0.46,27.0,0.55,13.32,0.54,17.0,0.56,19.5,0.57,97.0,0.02,0.01,2335.497134,1776335628000
1776335629.819,229.819,0.43,59.08,0.42,70.0,0.44,51.0,0.45,5.0,0.55,33.32,0.54,27.0,0.57,83.0,0.58,70.0,0.01,0.02,2335.497134,1776335628000
1776335630.594,230.594,0.43,33.0,0.42,10.0,0.46,12.0,0.55,6.6,0.56,60.0,0.55,5.0,0.57,59.08,0.58,70.0,0.03,0.01,2335.502711,1776335629000
1776335630.835,230.835,0.6,10.0,0.59,10.0,0.64,68.62,0.66,50.0,0.43,0.23,0.42,30.0,0.45,64.89,0.46,70.0,0.04,0.02,2335.502711,1776335629000
1776335631.147,231.147,0.6,8.51,0.59,10.0,0.64,30.0,0.65,10.0,0.36,5.0,0.34,60.0,0.39,9.37,0.4,10.0,0.04,0.03,2335.502711,1776335629000
1776335631.512,231.512,0.49,10.0,0.48,115.37,0.52,0.39,0.58,70.0,0.38,6.0,0.36,30.0,0.4,8.51,0.41,10.0,0.03,0.02,2335.59335,1776335630000
1776335634.0,234.0,0.53,21.3,0.52,20.77,0.54,40.5,0.55,23.0,0.43,10.0,0.42,80.0,0.5,5.0,0.51,10.0,0.01,0.07,2335.752235,1776335632000
1776335634.687,234.687,0.53,21.3,0.52,36.27,0.54,40.5,0.55,23.0,0.46,40.5,0.45,23.0,0.47,21.3,0.48,20.77,0.01,0.01,2335.7138,1776335633000
1776335634.924,234.924,0.53,6.3,0.52,36.27,0.54,81.16,0.55,23.0,0.46,40.5,0.45,23.0,0.47,6.3,0.48,36.27,0.01,0.01,2335.7138,1776335633000
1776335635.69,235.69,0.6,27.0,0.54,30.5,0.61,50.0,0.66,90.0,0.46,61.96,0.45,23.0,0.47,6.3,0.48,36.27,0.01,0.01,2335.706785,1776335634000
1776335636.265,236.265,0.67,97.0,0.66,80.0,0.71,113.79,0.72,14.38,0.39,50.0,0.34,90.0,0.4,27.0,0.46,30.5,0.04,0.01,2335.658103,1776335635000
1776335636.472,236.472,0.7,34.2,0.69,22.0,0.71,130.74,0.72,14.38,0.29,136.29,0.28,14.38,0.3,11.66,0.31,22.0,0.01,0.01,2335.658103,1776335635000
1776335636.719,236.719,0.7,9.0,0.69,22.0,0.71,130.74,0.72,14.38,0.29,130.74,0.28,14.38,0.3,34.2,0.31,22.0,0.01,0.01,2335.658103,1776335635000
1776335637.435,237.435,0.7,13.6,0.69,22.0,0.71,157.74,0.72,104.41,0.29,130.74,0.28,14.38,0.3,9.0,0.31,22.0,0.01,0.01,2335.6612,1776335636000
1776335637.831,237.831,0.7,10.2,0.69,22.0,0.71,157.74,0.72,104.41,0.29,157.74,0.28,104.41,0.3,13.6,0.31,22.0,0.01,0.01,2335.6612,1776335636000
1776335638.266,238.266,0.6,42.0,0.59,80.0,0.66,43.0,0.71,214.74,0.29,157.74,0.28,104.41,0.3,10.2,0.31,22.0,0.06,0.01,2335.757999,1776335637000
1776335638.615,238.615,0.61,10.0,0.6,42.0,0.63,85.0,0.64,10.0,0.34,43.0,0.29,214.74,0.4,42.0,0.41,80.0,0.02,0.06,2335.757999,1776335637000
1776335638.842,238.842,0.6,32.0,0.59,70.0,0.61,3.34,0.62,10.0,0.37,65.8,0.36,10.0,0.39,10.0,0.4,42.0,0.01,0.02,2335.757999,1776335637000
1776335639.138,239.138,0.53,140.0,0.5,5.0,0.61,85.34,0.62,10.0,0.39,3.34,0.38,10.0,0.4,32.0,0.41,70.0,0.08,0.01,2335.93987,1776335638000
1776335640.037,240.037,0.6,5.0,0.59,22.0,0.61,125.0,0.63,80.8,0.39,88.0,0.38,10.0,0.41,10.0,0.42,10.0,0.01,0.02,2335.93987,1776335638000
1776335640.32,240.32,0.59,22.0,0.58,10.0,0.6,2.08,0.61,140.0,0.39,125.0,0.37,80.8,0.4,5.0,0.41,22.0,0.01,0.01,2335.9206,1776335639000
1776335640.902,240.902,0.59,7.0,0.58,10.0,0.6,70.0,0.61,68.0,0.4,77.08,0.39,78.0,0.41,7.0,0.42,10.0,0.01,0.01,2335.9206,1776335639000
1776335642.709,242.709,0.59,7.0,0.58,10.0,0.6,53.86,0.61,55.0,0.4,70.0,0.39,68.0,0.41,7.0,0.42,10.0,0.01,0.01,2335.728733,1776335641000
1776335644.858,244.858,0.58,2.54,0.57,10.0,0.6,77.0,0.61,55.0,0.4,53.86,0.39,55.0,0.41,7.0,0.42,10.0,0.02,0.01,2335.741851,1776335643000
1776335647.207,247.207,0.59,10.0,0.58,7.84,0.6,63.66,0.61,55.0,0.4,77.0,0.39,55.0,0.42,2.54,0.43,10.0,0.01,0.02,2335.739148,1776335645000
1776335647.446,247.446,0.59,7.56,0.58,7.84,0.6,68.66,0.61,55.0,0.4,63.66,0.39,55.0,0.41,10.0,0.42,7.84,0.01,0.01,2335.80079,1776335646000
1776335648.993,248.993,0.57,15.2,0.56,10.0,0.58,22.27,0.59,98.0,0.4,61.99,0.39,55.0,0.41,7.56,0.42,7.84,0.01,0.01,2335.838315,1776335647000
1776335651.687,251.687,0.42,13.0,0.41,5.0,0.49,55.6,0.52,101.0,0.42,110.27,0.41,54.0,0.43,5.0,0.44,15.35,0.07,0.01,2335.71047,1776335650000
1776335652.05,252.05,0.41,4.9,0.4,18.12,0.42,92.31,0.43,29.0,0.58,30.0,0.57,29.0,0.59,4.9,0.6,12.0,0.01,0.01,2335.71047,1776335650000
1776335652.274,252.274,0.35,7.15,0.33,14.34,0.36,50.66,0.37,29.0,0.64,50.66,0.63,29.0,0.65,14.0,0.67,14.34,0.01,0.01,2335.74895,1776335651000
1776335652.705,252.705,0.32,7.0,0.29,5.0,0.34,113.0,0.35,29.0,0.66,5.0,0.65,10.0,0.67,16.49,0.68,5.0,0.02,0.01,2335.74895,1776335651000
1776335653.097,253.097,0.28,55.0,0.27,91.0,0.29,8.94,0.3,19.0,0.71,5.0,0.7,10.0,0.72,40.0,0.73,75.0,0.01,0.01,2335.74895,1776335651000
1776335653.394,253.394,0.28,47.46,0.27,97.0,0.29,3.94,0.3,19.0,0.71,3.94,0.7,19.0,0.72,43.75,0.73,85.0,0.01,0.01,2335.687189,1776335652000
1776335653.83,253.83,0.29,20.0,0.28,42.46,0.3,34.49,0.31,29.0,0.7,14.49,0.69,17.0,0.72,42.46,0.73,97.0,0.01,0.02,2335.687189,1776335652000
1776335654.03,254.03,0.29,8.59,0.28,42.46,0.3,34.49,0.31,19.0,0.7,34.49,0.69,29.0,0.71,20.0,0.72,42.46,0.01,0.01,2335.687189,1776335652000
1776335654.479,254.479,0.26,6.31,0.25,75.0,0.28,117.0,0.29,59.0,0.7,39.49,0.69,29.0,0.72,24.57,0.73,97.0,0.02,0.02,2335.36562,1776335653000
1776335654.914,254.914,0.25,75.0,0.23,85.0,0.26,96.0,0.27,39.0,0.74,42.0,0.73,39.0,0.75,69.9,0.76,5.0,0.01,0.01,2335.36562,1776335653000
1776335655.37,255.37,0.22,15.0,0.21,15.0,0.23,103.0,0.24,27.0,0.74,141.0,0.73,34.0,0.77,6.93,0.78,5.0,0.01,0.03,2335.228355,1776335654000
1776335655.732,255.732,0.16,5.0,0.15,15.0,0.18,5.0,0.19,10.0,0.77,113.0,0.76,27.0,0.79,15.0,0.8,15.0,0.02,0.02,2335.228355,1776335654000
1776335655.94,255.94,0.15,14.57,0.14,15.0,0.17,102.0,0.18,21.0,0.83,73.0,0.82,16.0,0.85,14.67,0.86,15.0,0.02,0.02,2335.228355,1776335654000
1776335656.179,256.179,0.14,22.0,0.13,15.0,0.16,45.29,0.17,33.0,0.83,97.0,0.82,33.0,0.85,13.47,0.86,15.0,0.02,0.02,2335.164271,1776335655000
1776335656.497,256.497,0.14,12.9,0.13,13.11,0.15,75.0,0.16,70.29,0.85,10.0,0.84,80.29,0.87,25.11,0.88,90.09,0.01,0.02,2335.164271,1776335655000
1776335657.247,257.247,0.14,15.0,0.13,13.11,0.15,61.66,0.16,70.29,0.85,75.0,0.84,70.29,0.86,12.9,0.87,13.11,0.01,0.01,2335.0053,1776335656000
1776335657.562,257.562,0.14,14.18,0.13,83.11,0.15,54.66,0.16,45.29,0.85,61.66,0.84,70.29,0.86,15.0,0.87,13.11,0.01,0.01,2335.0053,1776335656000
1776335657.809,257.809,0.14,14.18,0.13,83.11,0.15,45.24,0.16,45.29,0.85,54.66,0.84,45.29,0.86,14.18,0.87,83.11,0.01,0.01,2335.0053,1776335656000
1776335658.525,258.525,0.14,6.9,0.13,83.11,0.15,190.52,0.16,45.29,0.85,45.24,0.84,45.29,0.86,14.18,0.87,83.11,0.01,0.01,2334.7809,1776335657000
1776335659.353,259.353,0.14,1.9,0.13,8.11,0.15,172.97,0.16,45.29,0.85,190.52,0.84,45.29,0.86,6.9,0.87,83.11,0.01,0.01,2334.738155,1776335658000
1776335659.599,259.599,0.13,7.47,0.12,102.09,0.15,183.85,0.16,55.29,0.85,172.97,0.84,45.29,0.86,1.9,0.87,8.11,0.02,0.01,2334.738155,1776335658000
1776335660.406,260.406,0.12,102.09,0.11,85.0,0.15,177.97,0.16,50.29,0.85,183.85,0.84,55.29,0.87,7.47,0.88,102.09,0.03,0.02,2334.82771,1776335659000
1776335660.757,260.757,0.13,45.0,0.12,67.09,0.2,10.0,0.21,10.0,0.85,171.3,0.84,50.29,0.88,102.09,0.89,85.0,0.07,0.03,2334.82771,1776335659000
1776335661.065,261.065,0.23,12.06,0.22,15.0,0.24,20.0,0.25,12.0,0.75,6.64,0.74,15.0,0.78,10.0,0.79,15.0,0.01,0.03,2334.82771,1776335659000
1776335661.488,261.488,0.22,3.75,0.21,15.0,0.23,42.0,0.24,85.0,0.76,20.0,0.75,12.0,0.79,20.5,0.8,85.0,0.01,0.03,2334.699074,1776335660000
1776335662.098,262.098,0.2,7.29,0.19,15.0,0.21,154.27,0.22,10.0,0.78,15.0,0.77,42.0,0.8,17.42,0.81,27.0,0.01,0.02,2334.699074,1776335660000
1776335663.054,263.054,0.16,10.0,0.15,85.0,0.17,148.96,0.18,10.0,0.79,154.27,0.78,10.0,0.8,7.29,0.81,15.0,0.01,0.01,2334.809175,1776335661000
1776335663.27,263.27,0.16,10.0,0.15,85.0,0.17,167.37,0.18,15.0,0.83,148.96,0.82,10.0,0.84,10.0,0.85,85.0,0.01,0.01,2334.83985,1776335662000
1776335663.927,263.927,0.13,10.0,0.12,20.09,0.14,41.24,0.15,27.0,0.83,156.48,0.82,15.0,0.84,10.0,0.85,85.0,0.01,0.01,2334.83985,1776335662000
1776335664.219,264.219,0.13,8.73,0.12,20.09,0.14,204.52,0.15,17.0,0.86,41.24,0.85,27.0,0.87,10.0,0.88,20.09,0.01,0.01,2334.83985,1776335662000
1776335664.653,264.653,0.13,39.78,0.12,20.09,0.14,190.67,0.15,12.0,0.86,199.52,0.85,17.0,0.87,7.05,0.88,20.09,0.01,0.01,2334.93165,1776335663000
1776335664.854,264.854,0.13,15.78,0.12,20.09,0.14,30.67,0.15,12.0,0.86,50.67,0.85,12.0,0.87,39.78,0.88,20.09,0.01,0.01,2334.93165,1776335663000
1776335665.102,265.102,0.13,25.78,0.12,25.09,0.14,13.52,0.15,144.7,0.86,23.52,0.85,12.0,0.87,20.78,0.88,25.09,0.01,0.01,2334.93165,1776335663000
1776335665.329,265.329,0.14,3.37,0.13,27.78,0.15,116.38,0.16,12.0,0.85,87.38,0.83,28.0,0.87,20.78,0.88,25.09,0.01,0.02,2334.93165,1776335663000
1776335665.596,265.596,0.14,27.1,0.13,19.15,0.15,111.38,0.16,12.0,0.85,116.38,0.84,12.0,0.87,26.15,0.88,25.09,0.01,0.02,2334.81726,1776335664000
1776335665.884,265.884,0.14,12.69,0.13,9.15,0.15,154.24,0.16,12.0,0.85,141.98,0.84,12.0,0.86,10.0,0.87,14.15,0.01,0.01,2334.81726,1776335664000
1776335666.085,266.085,0.13,6.03,0.12,32.09,0.15,144.24,0.16,12.0,0.85,149.24,0.84,12.0,0.86,9.19,0.87,9.15,0.02,0.01,2334.81726,1776335664000
1776335666.317,266.317,0.14,13.72,0.13,10.0,0.15,154.24,0.16,22.0,0.85,144.24,0.84,12.0,0.88,32.09,0.89,60.0,0.01,0.03,2334.81726,1776335664000
1776335666.714,266.714,0.13,8.73,0.12,32.09,0.15,149.24,0.16,22.0,0.85,139.24,0.84,22.0,0.86,11.41,0.87,10.0,0.02,0.01,2334.8874,1776335665000
1776335667.056,267.056,0.12,8.34,0.11,69.76,0.13,166.01,0.14,32.0,0.85,149.24,0.84,22.0,0.87,8.73,0.88,32.09,0.01,0.02,2334.8874,1776335665000
1776335667.598,267.598,0.12,6.98,0.11,69.76,0.13,233.87,0.14,32.0,0.87,166.01,0.86,32.0,0.88,8.34,0.89,69.76,0.01,0.01,2334.912275,1776335666000
1776335667.954,267.954,0.12,5.91,0.11,69.76,0.13,228.87,0.14,32.0,0.87,233.87,0.86,32.0,0.88,6.98,0.89,69.76,0.01,0.01,2334.912275,1776335666000
1776335668.214,268.214,0.12,35.59,0.11,69.76,0.13,214.06,0.14,32.0,0.87,228.87,0.86,32.0,0.88,5.91,0.89,69.76,0.01,0.01,2334.9375,1776335667000
1776335668.569,268.569,0.12,10.24,0.11,69.76,0.13,199.06,0.14,32.0,0.87,214.06,0.86,32.0,0.88,35.59,0.89,69.76,0.01,0.01,2334.9375,1776335667000
1776335669.085,269.085,0.12,27.32,0.11,69.76,0.13,189.06,0.14,12.0,0.87,204.06,0.86,32.0,0.88,9.1,0.89,69.76,0.01,0.01,2334.9375,1776335667000
1776335669.87,269.87,0.12,2.68,0.11,69.76,0.13,189.06,0.14,12.0,0.87,189.06,0.86,12.0,0.88,27.32,0.89,69.76,0.01,0.01,2334.8785,1776335668000
1776335670.076,270.076,0.12,12.68,0.11,74.76,0.13,183.06,0.14,12.0,0.87,189.06,0.86,12.0,0.88,2.68,0.89,69.76,0.01,0.01,2334.8785,1776335668000
1776335670.321,270.321,0.11,44.77,0.1,25.0,0.13,173.06,0.14,12.0,0.87,173.06,0.86,12.0,0.88,1.91,0.89,65.0,0.02,0.01,2334.8785,1776335668000
1776335670.95,270.95,0.11,7.53,0.1,25.0,0.12,15.68,0.13,60.05,0.87,158.81,0.86,22.0,0.89,8.77,0.9,25.0,0.01,0.02,2334.812145,1776335669000
1776335671.161,271.161,0.11,6.53,0.1,25.0,0.12,157.46,0.13,60.05,0.88,158.98,0.87,60.05,0.89,1.53,0.9,25.0,0.01,0.01,2334.812145,1776335669000
1776335671.446,271.446,0.11,5.29,0.1,25.0,0.12,205.32,0.13,27.19,0.88,157.46,0.87,60.05,0.89,6.53,0.9,25.0,0.01,0.01,2334.812145,1776335669000
1776335671.774,271.774,0.1,7.25,0.09,21.0,0.11,10.0,0.12,206.64,0.88,200.32,0.87,27.19,0.9,8.37,0.91,21.0,0.01,0.02,2334.888637,1776335670000
1776335672.13,272.13,0.1,10.0,0.09,21.0,0.11,89.6,0.12,63.34,0.89,10.0,0.88,206.64,0.9,4.9,0.91,21.0,0.01,0.01,2334.898252,1776335671000
1776335672.805,272.805,0.08,86.56,0.07,93.3,0.1,21.8,0.11,99.6,0.89,89.6,0.88,63.34,0.91,20.56,0.92,22.0,0.02,0.02,2334.898252,1776335671000
1776335673.085,273.085,0.08,16.91,0.07,161.3,0.09,127.57,0.1,33.8,0.9,21.8,0.89,99.6,0.92,86.56,0.93,93.3,0.01,0.02,2334.898252,1776335671000
1776335673.532,273.532,0.08,5.74,0.07,147.3,0.09,132.57,0.1,33.8,0.91,127.57,0.9,33.8,0.92,18.31,0.93,161.3,0.01,0.01,2334.898252,1776335671000
1776335674.478,274.478,0.07,143.11,0.06,180.8,0.08,10.0,0.09,127.57,0.91,132.57,0.9,33.8,0.92,5.74,0.93,147.3,0.01,0.01,2334.88925,1776335673000
1776335674.785,274.785,0.07,127.74,0.06,168.8,0.08,26.8,0.09,127.57,0.92,10.0,0.91,127.57,0.93,143.11,0.94,180.8,0.01,0.01,2334.88925,1776335673000
1776335675.741,275.741,0.07,3.6,0.06,166.0,0.08,25.07,0.09,127.57,0.92,15.21,0.91,127.57,0.93,127.74,0.94,168.8,0.01,0.01,2334.88952,1776335674000
1776335676.262,276.262,0.06,21.0,0.05,72.0,0.07,15.4,0.08,70.07,0.92,25.07,0.91,127.57,0.93,3.6,0.94,166.0,0.01,0.01,2334.885417,1776335675000
1776335676.645,276.645,0.05,33.74,0.04,75.0,0.06,20.0,0.07,60.4,0.93,55.4,0.92,93.07,0.95,40.0,0.96,81.0,0.01,0.02,2334.885417,1776335675000
1776335676.936,276.936,0.05,27.68,0.04,75.0,0.06,25.0,0.07,60.4,0.94,20.0,0.93,60.4,0.95,33.74,0.96,75.0,0.01,0.01,2334.885417,1776335675000
1776335677.187,277.187,0.05,31.11,0.04,75.0,0.06,40.0,0.07,55.4,0.94,25.0,0.93,60.4,0.95,27.68,0.96,75.0,0.01,0.01,2334.885417,1776335675000
1776335677.848,277.848,0.05,20.06,0.04,75.0,0.06,46.8,0.07,55.4,0.94,45.0,0.93,55.4,0.95,26.11,0.96,75.0,0.01,0.01,2334.880214,1776335676000
1776335678.126,278.126,0.05,13.75,0.04,80.0,0.06,74.46,0.07,55.4,0.94,4.46,0.93,55.4,0.95,20.06,0.96,80.0,0.01,0.01,2334.880214,1776335676000
1776335680.366,280.366,0.04,48.95,0.03,164.0,0.05,35.0,0.06,77.0,0.94,74.46,0.93,55.4,0.95,13.75,0.96,80.0,0.01,0.01,2334.842455,1776335679000
1776335680.71,280.71,0.03,150.7,0.02,197.0,0.04,40.0,0.05,53.0,0.95,45.0,0.94,147.0,0.97,162.95,0.98,197.0,0.01,0.02,2334.842455,1776335679000
1776335681.039,281.039,0.03,110.34,0.02,197.0,0.05,46.0,0.06,142.0,0.95,31.0,0.94,142.0,0.97,115.44,0.98,197.0,0.02,0.02,2334.842455,1776335679000
1776335681.267,281.267,0.03,61.24,0.02,197.0,0.04,57.31,0.05,34.0,0.96,52.31,0.95,34.0,0.97,92.16,0.98,197.0,0.01,0.01,2334.842455,1776335679000
1776335681.531,281.531,0.03,0.93,0.02,197.0,0.04,79.31,0.05,46.0,0.96,84.31,0.95,46.0,0.97,50.93,0.98,197.0,0.01,0.01,2334.743648,1776335680000
1776335681.871,281.871,0.02,177.18,0.01,1885.11,0.03,30.0,0.04,84.31,0.96,89.31,0.95,34.0,0.98,185.88,0.99,1885.11,0.01,0.02,2334.743648,1776335680000
1776335682.102,282.102,0.02,110.64,0.01,1885.11,0.03,42.0,0.04,27.0,0.97,47.0,0.96,32.0,0.98,125.64,0.99,1885.11,0.01,0.01,2334.743648,1776335680000
1776335682.309,282.309,0.02,105.94,0.01,1885.11,0.03,17.0,0.04,27.0,0.97,42.0,0.96,27.0,0.98,105.64,0.99,1885.11,0.01,0.01,2334.648684,1776335681000
1776335682.986,282.986,0.02,41.29,0.01,1885.11,0.03,17.0,0.04,27.0,0.97,17.0,0.96,27.0,0.98,105.94,0.99,1885.11,0.01,0.01,2334.648684,1776335681000
1776335683.19,283.19,0.02,36.29,0.01,1785.11,0.03,13.71,0.04,27.0,0.97,17.0,0.96,27.0,0.98,41.29,0.99,1885.11,0.01,0.01,2334.648684,1776335681000
1776335683.487,283.487,0.02,36.29,0.01,1785.11,0.03,18.79,0.04,27.0,0.97,13.71,0.96,27.0,0.98,36.29,0.99,1785.11,0.01,0.01,2334.298134,1776335682000
1776335684.404,284.404,0.02,23.0,0.01,1785.11,0.03,18.79,0.04,29.0,0.97,18.79,0.96,27.0,0.98,33.21,0.99,1785.11,0.01,0.01,2333.998397,1776335683000
1776335685.311,285.311,0.02,118.0,0.01,1960.11,0.04,2.34,0.05,10.0,0.97,18.79,0.96,29.0,0.98,23.0,0.99,1785.11,0.02,0.01,2333.951805,1776335684000
1776335685.604,285.604,0.03,15.0,0.02,23.0,0.07,14.62,0.08,13.27,0.96,2.34,0.95,10.0,0.98,118.0,0.99,1960.11,0.04,0.02,2333.951805,1776335684000
1776335686.051,286.051,0.05,28.79,0.04,10.0,0.06,15.31,0.07,14.62,0.94,15.31,0.93,14.62,0.95,8.94,0.96,10.0,0.01,0.01,2333.951805,1776335684000
1776335686.318,286.318,0.05,27.91,0.04,10.0,0.06,15.31,0.07,14.62,0.94,15.31,0.93,14.62,0.95,13.2,0.96,10.0,0.01,0.01,2333.951805,1776335684000
1776335686.559,286.559,0.04,4.7,0.03,10.0,0.06,15.31,0.07,14.62,0.94,15.31,0.93,14.62,0.95,10.44,0.96,10.0,0.02,0.01,2333.951805,1776335684000
1776335686.797,286.797,0.05,14.47,0.04,9.7,0.07,13.04,0.08,19.86,0.93,13.04,0.92,19.86,0.95,25.0,0.96,9.7,0.02,0.02,2333.951805,1776335684000
1776335687.174,287.174,0.06,87.0,0.05,10.0,0.09,7.09,0.1,10.0,0.94,10.0,0.93,13.04,0.95,3.94,0.96,4.7,0.03,0.01,2334.273678,1776335685000
1776335687.536,287.536,0.11,19.6,0.1,12.0,0.12,10.0,0.13,37.19,0.88,10.0,0.87,37.19,0.89,22.91,0.94,87.0,0.01,0.01,2334.52926,1776335686000
1776335687.805,287.805,0.11,17.39,0.05,10.0,0.12,10.0,0.13,48.58,0.88,10.0,0.87,37.19,0.99,1470.73,,,0.01,0.11,2334.52926,1776335686000
1776335688.123,288.123,0.05,25.0,0.04,10.0,0.06,10.0,0.07,76.0,0.88,10.0,0.87,48.58,0.89,16.26,0.95,10.0,0.01,0.01,2334.52926,1776335686000
1776335688.974,288.974,0.04,6.87,0.03,10.0,0.06,68.0,0.07,22.0,0.94,10.0,0.93,76.0,0.95,25.0,0.96,10.0,0.02,0.01,2334.68774,1776335687000
1776335689.298,289.298,0.08,66.0,0.07,55.0,0.11,34.0,0.13,27.19,0.94,68.0,0.93,22.0,0.96,6.87,0.97,10.0,0.03,0.02,2334.750685,1776335688000
1776335689.559,289.559,0.11,32.86,0.08,43.0,0.12,35.26,0.13,37.09,0.88,13.26,0.87,37.09,0.89,64.1,0.9,10.0,0.01,0.01,2334.750685,1776335688000
1776335689.813,289.813,0.11,56.38,0.08,43.0,0.12,12.26,0.13,37.09,0.88,24.26,0.87,37.09,0.89,76.38,0.92,43.0,0.01,0.01,2334.750685,1776335688000
1776335690.311,290.311,0.08,30.0,0.06,50.0,0.1,37.0,0.11,10.0,0.86,5.09,0.85,10.0,0.89,12.0,0.92,43.0,0.02,0.03,2334.777105,1776335689000
1776335690.602,290.602,0.08,34.28,0.06,60.0,0.09,20.0,0.1,37.0,0.91,15.0,0.9,37.0,0.92,25.0,0.94,60.0,0.01,0.01,2334.777105,1776335689000
1776335690.869,290.869,0.08,16.03,0.06,60.0,0.09,41.0,0.1,10.0,0.91,15.0,0.9,37.0,0.92,26.03,0.94,60.0,0.01,0.01,2334.777105,1776335689000
1776335691.127,291.127,0.08,2.11,0.06,10.0,0.09,41.0,0.1,10.0,0.91,41.0,0.9,10.0,0.92,16.03,0.94,60.0,0.01,0.01,2334.777105,1776335689000
1776335691.384,291.384,0.06,10.0,0.05,10.0,0.08,93.59,0.09,15.0,0.9,7.33,0.89,10.0,0.92,2.11,0.94,10.0,0.02,0.02,2335.037651,1776335690000
1776335691.743,291.743,0.07,8.92,0.06,10.0,0.08,118.59,0.09,22.0,0.92,93.59,0.91,15.0,0.94,10.0,0.95,10.0,0.01,0.02,2335.037651,1776335690000
1776335692.045,292.045,0.04,2.74,0.03,10.0,0.06,5.0,0.07,22.0,0.92,103.59,0.91,22.0,0.95,6.15,0.96,6.87,0.02,0.03,2335.074785,1776335691000
1776335692.67,292.67,0.05,10.0,0.04,2.74,0.06,5.0,0.07,22.0,0.94,5.0,0.93,22.0,0.96,2.74,0.97,10.0,0.01,0.02,2335.074785,1776335691000
1776335692.979,292.979,0.05,13.94,0.04,2.74,0.06,15.0,0.07,22.0,0.94,5.0,0.93,22.0,0.95,2.0,0.96,2.74,0.01,0.01,2335.074785,1776335691000
1776335694.045,294.045,0.07,15.0,0.06,10.0,0.08,66.59,0.09,12.0,0.94,15.0,0.93,22.0,0.95,13.94,0.96,2.74,0.01,0.01,2335.16401,1776335692000
1776335694.352,294.352,0.11,53.12,0.1,10.47,0.12,10.0,0.13,10.0,0.83,29.0,0.82,10.0,0.88,2.04,0.89,58.12,0.01,0.05,2335.16092,1776335693000
1776335694.581,294.581,0.11,46.38,0.1,10.47,0.12,34.0,0.13,10.0,0.86,10.0,0.85,10.0,0.89,48.12,0.9,10.47,0.01,0.03,2335.16092,1776335693000
1776335694.796,294.796,0.11,24.71,0.1,10.47,0.12,28.92,0.13,10.0,0.88,28.92,0.87,10.0,0.89,35.29,0.9,10.47,0.01,0.01,2335.16092,1776335693000
1776335695.109,295.109,0.11,63.06,0.1,12.0,0.12,21.92,0.13,10.0,0.88,28.92,0.87,10.0,0.89,63.06,0.94,50.0,0.01,0.01,2335.16092,1776335693000
1776335696.35,296.35,0.11,42.16,0.06,50.0,0.12,15.0,0.13,10.0,0.88,21.92,0.87,10.0,0.89,63.06,0.9,12.0,0.01,0.01,2335.196429,1776335695000
1776335697.163,297.163,0.01,1795.67,,,0.02,10.0,0.03,15.0,0.91,6.66,0.9,10.0,0.94,50.0,0.98,30.0,0.01,0.03,2335.224875,1776335696000
1776335697.365,297.365,0.01,1772.43,,,0.04,15.0,0.05,10.0,0.98,10.0,0.97,27.0,0.99,1772.43,,,0.03,0.01,2335.224875,1776335696000
1776335697.591,297.591,0.01,1735.3,,,0.02,10.0,0.03,10.0,0.98,10.0,0.97,10.0,0.99,1745.3,,,0.01,0.01,2335.224875,1776335696000
1776335697.873,297.873,0.01,1605.35,,,0.02,5.0,0.03,7.0,0.92,10.0,0.91,93.18,0.99,1597.73,,,0.01,0.07,2335.224875,1776335696000
1776335698.149,298.149,0.01,1263.35,,,0.05,12.0,0.06,35.0,0.95,5.0,0.94,35.0,0.99,1265.35,,,0.04,0.04,2335.314876,1776335697000
1776335698.368,298.368,0.01,288.19,,,0.03,10.0,0.04,10.0,0.97,10.0,0.96,10.0,0.99,588.19,,,0.02,0.02,2335.314876,1776335697000
1776335698.574,298.574,0.01,128.08,,,0.03,15.89,0.04,10.0,0.97,15.89,0.96,10.0,0.99,142.08,,,0.02,0.02,2335.314876,1776335697000
1776335699.149,299.149,0.01,2349.32,,,0.02,10.0,0.03,35.89,0.99,22.68,0.97,30.89,,,,,0.01,,2335.24215,1776335698000
1776335699.415,299.415,0.01,2344.32,,,0.02,40.0,0.03,49.0,0.9,18.32,0.89,80.0,0.99,2349.32,,,0.01,0.09,2335.24215,1776335698000
1776335699.617,299.617,0.01,2288.3,,,0.02,100.0,0.03,49.0,0.98,40.0,0.97,49.0,0.99,2289.32,,,0.01,0.01,2335.24215,1776335698000
1776335699.824,299.824,,,,,0.01,2116.54,0.02,100.0,0.98,100.0,0.97,49.0,0.99,1891.47,,,,0.01,2335.24215,1776335698000
1776335700.18,300.18,,,,,0.01,31958.97,0.02,100.0,0.99,2116.54,0.98,100.0,,,,,,,2335.350844,1776335699000
1776335700.447,300.447,,,,,0.01,31667.97,0.02,100.0,0.99,31958.97,0.98,100.0,,,,,,,2335.350844,1776335699000

# RESULT,winner=Down,slug=eth-updown-5m-1776335400,ticks=378
