timestamp,elapsed_sec,up_bid_p1,up_bid_s1,up_bid_p2,up_bid_s2,up_ask_p1,up_ask_s1,up_ask_p2,up_ask_s2,down_bid_p1,down_bid_s1,down_bid_p2,down_bid_s2,down_ask_p1,down_ask_s1,down_ask_p2,down_ask_s2,up_spread,down_spread,eth_price,eth_oracle_ts
1776257700.721,0.721,0.46,70.0,0.45,70.0,0.48,5.0,0.51,7.39,0.52,5.0,0.49,7.39,0.54,70.0,0.55,70.0,0.02,0.02,2336.03315,1776257699000
1776257701.447,1.447,0.46,70.0,0.45,70.0,0.48,5.0,0.49,13.0,0.52,5.0,0.49,7.39,0.54,70.0,0.55,70.0,0.02,0.02,2336.02128,1776257700000
1776257702.156,2.156,0.47,5.0,0.46,230.0,0.48,24.2,0.49,13.0,0.52,5.0,0.51,13.0,0.54,64.74,0.55,70.0,0.01,0.02,2335.93215,1776257701000
1776257703.048,3.048,0.47,10.0,0.46,15.0,0.48,7.16,0.49,23.0,0.52,24.2,0.51,13.0,0.53,5.0,0.54,230.0,0.01,0.01,2335.93215,1776257701000
1776257704.381,4.381,0.46,1.23,0.45,20.0,0.47,72.0,0.48,47.0,0.52,34.54,0.51,33.0,0.53,10.0,0.54,20.0,0.01,0.01,2335.93026,1776257702000
1776257705.161,5.161,0.46,183.27,0.45,85.0,0.47,62.0,0.48,32.0,0.53,72.0,0.52,47.0,0.54,1.23,0.55,20.0,0.01,0.01,2335.962126,1776257703000
1776257705.762,5.762,0.46,183.27,0.45,90.0,0.47,20.0,0.48,27.0,0.53,62.0,0.52,32.0,0.54,183.27,0.55,85.0,0.01,0.01,2335.9149,1776257704000
1776257705.985,5.985,0.46,179.27,0.45,90.0,0.47,35.0,0.48,37.0,0.53,20.0,0.52,27.0,0.54,183.27,0.55,90.0,0.01,0.01,2335.9149,1776257704000
1776257706.327,6.327,0.46,180.27,0.45,100.0,0.47,10.0,0.48,15.0,0.51,7.46,0.5,20.0,0.54,174.27,0.55,90.0,0.01,0.03,2335.878415,1776257705000
1776257707.662,7.662,0.5,25.0,0.49,20.0,0.53,1.31,0.54,10.0,0.53,7.63,0.52,15.0,0.54,180.27,0.55,100.0,0.03,0.01,2335.878415,1776257705000
1776257708.395,8.395,0.56,27.72,0.55,25.0,0.57,41.0,0.58,42.0,0.44,5.0,0.43,10.0,0.46,60.0,0.47,138.69,0.01,0.02,2335.82181,1776257706000
1776257708.754,8.754,0.56,17.72,0.55,20.0,0.57,41.0,0.58,42.0,0.43,41.0,0.42,42.0,0.44,27.72,0.45,25.0,0.01,0.01,2335.82181,1776257706000
1776257708.972,8.972,0.56,25.0,0.55,20.0,0.57,36.0,0.58,110.61,0.43,41.0,0.42,42.0,0.44,17.72,0.45,20.0,0.01,0.01,2335.855144,1776257707000
1776257709.174,9.174,0.56,25.0,0.55,20.0,0.57,34.24,0.58,110.61,0.43,36.0,0.42,110.61,0.44,25.0,0.45,20.0,0.01,0.01,2335.855144,1776257707000
1776257709.723,9.723,0.54,88.36,0.53,243.69,0.57,34.24,0.58,110.61,0.43,34.24,0.42,110.61,0.44,25.0,0.45,20.0,0.03,0.01,2335.8664,1776257708000
1776257710.523,10.523,0.53,174.95,0.52,20.0,0.57,47.24,0.58,123.61,0.43,39.24,0.42,115.61,0.45,20.0,0.46,113.36,0.04,0.02,2336.24881,1776257709000
1776257710.753,10.753,0.53,201.54,0.52,20.0,0.56,30.0,0.57,40.0,0.43,47.24,0.42,123.61,0.47,174.95,0.48,20.0,0.03,0.04,2336.24881,1776257709000
1776257711.473,11.473,0.55,2.66,0.54,20.0,0.57,25.84,0.58,130.61,0.43,14.84,0.42,111.61,0.46,10.0,0.47,201.54,0.02,0.03,2336.27158,1776257710000
1776257711.873,11.873,0.54,9.27,0.53,201.54,0.56,25.0,0.57,26.0,0.44,10.0,0.43,35.84,0.45,8.21,0.46,20.0,0.02,0.01,2336.27158,1776257710000
1776257712.38,12.38,0.54,3.79,0.53,201.54,0.56,15.0,0.57,24.56,0.43,19.56,0.42,103.61,0.46,9.27,0.47,201.54,0.02,0.03,2336.27158,1776257710000
1776257712.721,12.721,0.51,144.2,0.5,48.0,0.54,10.5,0.55,32.5,0.44,15.0,0.43,24.56,0.46,3.79,0.47,201.54,0.03,0.02,2336.287557,1776257711000
1776257713.556,13.556,0.52,4.57,0.51,154.7,0.54,15.0,0.55,52.5,0.46,10.5,0.45,32.5,0.49,144.2,0.5,48.0,0.02,0.03,2336.28552,1776257712000
1776257714.364,14.364,0.5,35.5,0.49,25.0,0.52,10.0,0.53,30.0,0.46,15.0,0.45,52.5,0.48,4.57,0.49,154.7,0.02,0.02,2336.28552,1776257712000
1776257714.762,14.762,0.48,42.24,0.47,39.0,0.51,35.0,0.52,45.5,0.48,10.0,0.47,30.0,0.5,35.5,0.51,25.0,0.03,0.02,2336.288595,1776257713000
1776257714.968,14.968,0.48,75.31,0.47,143.59,0.49,16.0,0.5,21.0,0.49,35.0,0.48,45.5,0.52,42.24,0.53,39.0,0.01,0.03,2336.288595,1776257713000
1776257715.221,15.221,0.48,70.31,0.47,153.59,0.49,21.0,0.5,26.0,0.51,16.0,0.5,21.0,0.52,75.31,0.53,143.59,0.01,0.01,2336.28552,1776257714000
1776257715.579,15.579,0.49,20.5,0.48,97.81,0.5,6.0,0.51,40.0,0.51,13.57,0.5,31.0,0.52,70.31,0.53,153.59,0.01,0.01,2336.28552,1776257714000
1776257716.261,16.261,0.5,14.16,0.49,35.0,0.51,41.0,0.52,35.5,0.5,1.0,0.49,15.0,0.51,55.5,0.52,87.81,0.01,0.01,2336.28552,1776257714000
1776257716.878,16.878,0.5,0.16,0.49,30.0,0.51,46.5,0.52,85.5,0.49,41.0,0.48,35.5,0.5,14.16,0.51,35.0,0.01,0.01,2336.254905,1776257715000
1776257717.594,17.594,0.48,55.0,0.47,113.99,0.51,101.5,0.52,85.5,0.49,46.5,0.48,85.5,0.5,0.16,0.51,30.0,0.03,0.01,2336.254905,1776257715000
1776257718.052,18.052,0.47,56.02,0.46,270.27,0.48,36.0,0.49,96.5,0.49,101.5,0.48,85.5,0.52,55.0,0.53,113.99,0.01,0.03,2336.182842,1776257716000
1776257718.797,18.797,0.46,211.04,0.45,60.0,0.48,96.5,0.49,96.5,0.52,36.0,0.51,96.5,0.53,56.02,0.54,270.27,0.02,0.01,2336.18793,1776257717000
1776257721.707,21.707,0.46,155.04,0.44,60.0,0.47,136.5,0.48,96.5,0.52,96.5,0.51,96.5,0.54,211.04,0.55,60.0,0.01,0.02,2336.075942,1776257720000
1776257722.137,22.137,0.45,65.0,0.44,75.0,0.46,15.0,0.47,97.5,0.53,97.5,0.52,96.5,0.55,50.0,0.56,60.0,0.01,0.02,2336.075942,1776257720000
1776257722.443,22.443,0.45,65.0,0.44,75.0,0.47,97.5,0.48,106.5,0.54,15.0,0.53,97.5,0.55,65.0,0.56,75.0,0.02,0.01,2336.021904,1776257721000
1776257722.798,22.798,0.45,70.0,0.44,75.0,0.47,97.5,0.48,111.5,0.53,97.5,0.52,106.5,0.55,65.0,0.56,75.0,0.02,0.02,2336.021904,1776257721000
1776257723.101,23.101,0.45,70.0,0.44,75.0,0.47,97.5,0.48,111.5,0.53,97.5,0.52,111.5,0.55,70.0,0.56,75.0,0.02,0.02,2336.021747,1776257722000
1776257723.421,23.421,0.45,70.0,0.44,85.0,0.47,97.5,0.48,106.5,0.53,97.5,0.52,111.5,0.55,70.0,0.56,75.0,0.02,0.02,2336.021747,1776257722000
1776257723.746,23.746,0.45,70.0,0.44,85.0,0.47,97.5,0.48,106.5,0.53,97.5,0.52,106.5,0.55,70.0,0.56,85.0,0.02,0.02,2336.021747,1776257722000
1776257724.842,24.842,0.46,73.14,0.45,90.0,0.47,22.0,0.48,111.5,0.53,97.5,0.52,106.5,0.55,70.0,0.56,85.0,0.01,0.02,2336.035605,1776257723000
1776257729.615,29.615,0.46,80.0,0.45,80.0,0.48,34.25,0.49,90.5,0.53,22.0,0.52,111.5,0.54,73.14,0.55,90.0,0.02,0.01,2335.972215,1776257728000
1776257733.191,33.191,0.47,5.0,0.46,70.0,0.48,105.25,0.49,105.5,0.52,34.25,0.51,90.5,0.54,80.0,0.55,80.0,0.01,0.02,2335.984485,1776257731000
1776257735.088,35.088,0.47,253.99,0.46,156.17,0.49,10.0,0.5,5.0,0.52,105.25,0.51,105.5,0.53,5.0,0.54,70.0,0.02,0.01,2335.984995,1776257733000
1776257735.412,35.412,0.49,120.0,0.48,25.0,0.51,64.57,0.52,85.5,0.51,10.0,0.5,5.0,0.53,253.99,0.54,156.17,0.02,0.02,2335.979475,1776257734000
1776257737.276,37.276,0.5,106.0,0.49,110.0,0.51,9.57,0.52,80.5,0.49,64.57,0.48,85.5,0.51,120.0,0.52,25.0,0.01,0.02,2336.003255,1776257735000
1776257738.439,38.439,0.51,175.0,0.5,217.99,0.54,110.0,0.55,70.0,0.49,9.57,0.48,80.5,0.5,106.0,0.51,110.0,0.03,0.01,2336.09993,1776257737000
1776257739.601,39.601,0.53,110.0,0.52,75.0,0.54,65.5,0.55,139.25,0.46,98.57,0.45,70.0,0.49,170.0,0.5,217.99,0.01,0.03,2336.101885,1776257738000
1776257740.057,40.057,0.53,85.0,0.52,85.0,0.55,134.75,0.56,80.0,0.46,65.5,0.45,134.25,0.47,70.0,0.48,85.5,0.02,0.01,2336.101885,1776257738000
1776257742.539,42.539,0.54,120.0,0.53,90.5,0.56,60.0,0.57,60.0,0.45,134.75,0.44,80.0,0.47,85.0,0.48,85.0,0.02,0.02,2336.235145,1776257741000
1776257743.501,43.501,0.54,73.1,0.53,90.5,0.56,98.35,0.57,65.0,0.44,60.0,0.43,60.0,0.46,120.0,0.47,90.5,0.02,0.02,2336.234535,1776257742000
1776257745.12,45.12,0.55,37.2,0.54,78.6,0.56,103.35,0.57,123.94,0.44,98.35,0.43,65.0,0.46,73.1,0.47,90.5,0.01,0.02,2336.231257,1776257743000
1776257745.919,45.919,0.54,83.6,0.53,90.5,0.55,45.0,0.56,108.35,0.44,103.35,0.43,123.94,0.45,37.2,0.46,78.6,0.01,0.01,2336.2474,1776257744000
1776257746.69,46.69,0.52,35.6,0.51,158.5,0.55,87.85,0.56,80.5,0.45,45.0,0.44,108.35,0.46,83.6,0.47,90.5,0.03,0.01,2336.26277,1776257745000
1776257747.712,47.712,0.54,3.06,0.53,20.5,0.55,158.35,0.56,80.5,0.45,87.85,0.44,80.5,0.48,35.6,0.49,158.5,0.01,0.03,2336.263495,1776257746000
1776257747.947,47.947,0.54,10.88,0.53,20.5,0.55,158.35,0.56,80.5,0.45,158.35,0.44,80.5,0.46,3.06,0.47,20.5,0.01,0.01,2336.263495,1776257747000
1776257748.502,48.502,0.54,10.88,0.53,25.5,0.55,148.35,0.56,80.5,0.45,158.35,0.44,80.5,0.46,10.88,0.47,20.5,0.01,0.01,2336.263495,1776257747000
1776257749.409,49.409,0.54,10.88,0.53,25.5,0.56,80.5,0.57,60.0,0.45,148.35,0.44,80.5,0.46,10.88,0.47,25.5,0.02,0.01,2336.25553,1776257748000
1776257751.261,51.261,0.55,10.0,0.54,10.88,0.56,75.14,0.57,80.0,0.44,80.5,0.43,60.0,0.46,10.88,0.47,25.5,0.01,0.02,2336.256045,1776257749000
1776257751.6,51.6,0.54,3.06,0.53,15.5,0.55,16.5,0.56,90.14,0.44,75.14,0.43,80.0,0.45,10.0,0.46,10.88,0.01,0.01,2336.26184,1776257750000
1776257752.923,52.923,0.51,131.75,0.5,210.49,0.55,71.5,0.56,90.14,0.45,30.18,0.44,85.14,0.46,33.56,0.47,20.5,0.04,0.01,2336.263935,1776257751000
1776257753.657,53.657,0.52,23.06,0.51,95.5,0.53,70.0,0.54,65.0,0.45,71.5,0.44,90.14,0.49,131.75,0.5,210.49,0.01,0.04,2336.24901,1776257752000
1776257754.901,54.901,0.52,38.06,0.51,95.5,0.54,65.0,0.55,90.5,0.47,70.0,0.46,65.0,0.48,23.06,0.49,95.5,0.02,0.01,2336.240495,1776257753000
1776257756.904,56.904,0.52,28.06,0.51,165.5,0.54,65.0,0.55,100.5,0.46,65.0,0.45,90.5,0.48,38.06,0.49,95.5,0.02,0.02,2336.2334,1776257755000
1776257758.068,58.068,0.52,131.56,0.51,180.5,0.56,76.21,0.57,60.0,0.46,65.0,0.45,100.5,0.48,28.06,0.49,165.5,0.04,0.02,2336.23835,1776257756000
1776257758.476,58.476,0.55,104.0,0.54,200.0,0.56,66.03,0.57,60.0,0.44,76.21,0.43,60.0,0.48,131.56,0.49,180.5,0.01,0.04,2336.298175,1776257757000
1776257759.265,59.265,0.55,89.0,0.54,205.0,0.56,5.5,0.57,60.0,0.44,56.03,0.43,60.0,0.45,99.0,0.46,200.0,0.01,0.01,2336.23312,1776257758000
1776257760.002,60.002,0.55,94.0,0.54,210.0,0.57,60.0,0.58,90.0,0.44,5.5,0.43,60.0,0.45,89.0,0.46,205.0,0.02,0.01,2336.23312,1776257758000
1776257760.909,60.909,0.56,129.0,0.55,90.5,0.57,65.5,0.58,80.0,0.43,60.0,0.42,90.0,0.45,94.0,0.46,210.0,0.01,0.02,2336.25335,1776257759000
1776257765.356,65.356,0.56,214.0,0.55,80.5,0.58,61.93,0.59,80.5,0.43,65.5,0.42,80.0,0.44,129.0,0.45,90.5,0.02,0.01,2336.3256,1776257764000
1776257770.009,70.009,0.58,104.0,0.57,135.5,0.6,58.0,0.61,88.0,0.41,80.5,0.4,77.0,0.44,214.0,0.45,80.5,0.02,0.03,2336.37624,1776257768000
1776257771.903,71.903,0.58,109.0,0.57,151.0,0.59,5.0,0.6,49.1,0.4,58.0,0.39,88.0,0.42,104.0,0.43,135.5,0.01,0.02,2336.36652,1776257770000
1776257772.528,72.528,0.58,94.0,0.57,150.5,0.59,10.5,0.6,104.1,0.41,5.0,0.4,49.1,0.42,104.0,0.43,151.0,0.01,0.01,2336.37041,1776257771000
1776257773.23,73.23,0.58,24.0,0.57,75.5,0.59,93.5,0.6,109.1,0.41,10.5,0.4,104.1,0.42,94.0,0.43,150.5,0.01,0.01,2336.370425,1776257772000
1776257774.309,74.309,0.58,24.0,0.57,75.5,0.59,96.8,0.6,109.1,0.41,93.5,0.4,109.1,0.42,24.0,0.43,75.5,0.01,0.01,2336.370425,1776257772000
1776257775.507,75.507,0.58,24.0,0.57,75.5,0.59,86.8,0.6,119.1,0.41,96.8,0.4,109.1,0.42,24.0,0.43,75.5,0.01,0.01,2336.3427,1776257774000
1776257777.646,77.646,0.56,70.0,0.55,80.5,0.59,96.8,0.6,78.5,0.41,86.8,0.4,119.1,0.42,24.0,0.43,75.5,0.03,0.01,2336.31245,1776257776000
1776257778.531,78.531,0.56,65.0,0.55,75.0,0.57,83.5,0.58,86.5,0.41,96.8,0.4,78.5,0.44,70.0,0.45,80.5,0.01,0.03,2336.31245,1776257776000
1776257781.439,81.439,0.56,65.0,0.55,90.5,0.57,61.25,0.58,86.5,0.43,83.5,0.42,86.5,0.44,65.0,0.45,75.0,0.01,0.01,2336.311032,1776257779000
1776257782.076,82.076,0.56,58.86,0.55,95.5,0.57,50.39,0.58,86.5,0.43,71.25,0.42,86.5,0.44,63.86,0.45,100.5,0.01,0.01,2336.311032,1776257779000
1776257784.333,84.333,0.56,58.86,0.55,5.0,0.57,115.38,0.58,86.5,0.43,50.39,0.42,86.5,0.44,58.86,0.45,95.5,0.01,0.01,2336.307199,1776257782000
1776257791.993,91.993,0.57,147.88,0.56,139.36,0.58,17.0,0.59,20.0,0.43,115.38,0.42,86.5,0.44,58.86,0.45,5.0,0.01,0.01,2336.396838,1776257790000
1776257798.479,98.479,0.59,22.0,0.57,167.88,0.6,33.5,0.61,98.0,0.42,17.0,0.41,20.0,0.43,147.88,0.44,139.36,0.01,0.01,2336.342221,1776257797000
1776257799.105,99.105,0.59,92.0,0.58,55.0,0.6,33.5,0.61,95.0,0.4,33.5,0.39,98.0,0.41,22.0,0.43,167.88,0.01,0.01,2336.342221,1776257797000
1776257803.556,103.556,0.59,87.0,0.58,60.0,0.6,61.0,0.61,105.5,0.4,33.5,0.39,95.0,0.41,92.0,0.42,55.0,0.01,0.01,2336.40991,1776257802000
1776257804.482,104.482,0.59,97.0,0.58,75.5,0.6,26.12,0.61,95.5,0.4,61.0,0.39,105.5,0.41,87.0,0.42,60.0,0.01,0.01,2336.338517,1776257803000
1776257810.425,110.425,0.59,10.0,0.58,60.0,0.6,2.16,0.61,95.5,0.4,26.12,0.39,95.5,0.41,97.0,0.42,75.5,0.01,0.01,2336.334344,1776257808000
1776257815.116,115.116,0.6,80.5,0.59,100.5,0.62,74.19,0.63,34.0,0.4,2.16,0.39,95.5,0.41,10.0,0.42,60.0,0.02,0.01,2336.31004,1776257813000
1776257816.018,116.018,0.61,59.36,0.6,100.5,0.62,30.0,0.63,34.0,0.38,74.19,0.37,34.0,0.4,80.5,0.41,100.5,0.01,0.02,2336.3101,1776257814000
1776257817.799,117.799,0.61,179.86,0.6,95.5,0.64,9.28,0.65,120.5,0.38,30.0,0.37,34.0,0.39,59.36,0.4,100.5,0.03,0.01,2336.33819,1776257816000
1776257818.561,118.561,0.63,97.86,0.62,75.0,0.64,69.77,0.65,144.5,0.36,9.28,0.35,120.5,0.39,179.86,0.4,95.5,0.01,0.03,2336.35815,1776257817000
1776257818.958,118.958,0.63,91.27,0.62,75.0,0.64,64.77,0.65,99.5,0.36,69.77,0.35,144.5,0.37,97.86,0.38,75.0,0.01,0.01,2336.35815,1776257817000
1776257819.808,119.808,0.63,93.56,0.62,85.0,0.64,64.77,0.65,149.5,0.36,64.77,0.35,99.5,0.37,91.27,0.38,75.0,0.01,0.01,2336.36173,1776257818000
1776257820.782,120.782,0.63,238.94,0.62,115.65,0.64,34.86,0.65,74.0,0.36,64.77,0.35,149.5,0.37,76.45,0.38,85.0,0.01,0.01,2336.387505,1776257819000
1776257821.148,121.148,0.67,57.96,0.66,25.0,0.68,7.05,0.69,10.0,0.33,10.0,0.32,10.0,0.36,264.49,0.37,122.1,0.01,0.03,2336.387505,1776257819000
1776257821.565,121.565,0.66,65.0,0.65,65.0,0.69,84.95,0.7,90.5,0.31,4.45,0.3,70.5,0.33,85.0,0.34,80.5,0.03,0.02,2336.387505,1776257819000
1776257823.42,123.42,0.63,36.45,0.62,90.5,0.65,145.0,0.66,90.5,0.33,73.85,0.32,85.5,0.34,10.0,0.36,85.17,0.02,0.01,2336.412685,1776257821000
1776257824.183,124.183,0.63,7.29,0.62,65.0,0.64,125.0,0.65,225.5,0.35,136.0,0.34,85.5,0.37,41.45,0.38,90.5,0.01,0.02,2336.628663,1776257822000
1776257825.465,125.465,0.59,58.31,0.58,75.5,0.61,137.0,0.62,145.0,0.36,133.37,0.35,220.5,0.38,65.0,0.39,64.86,0.02,0.02,2336.534516,1776257824000
1776257825.766,125.766,0.59,46.41,0.58,75.5,0.6,58.66,0.61,132.0,0.4,27.0,0.39,137.0,0.41,46.41,0.42,75.5,0.01,0.01,2336.534516,1776257824000
1776257826.113,126.113,0.59,46.41,0.58,75.5,0.6,98.67,0.61,137.0,0.4,53.67,0.39,137.0,0.41,46.41,0.42,75.5,0.01,0.01,2336.591917,1776257825000
1776257829.475,129.475,0.64,125.5,0.63,120.5,0.65,37.3,0.66,5.0,0.4,93.67,0.39,137.0,0.41,43.8,0.42,80.5,0.01,0.01,2336.366534,1776257828000
1776257830.392,130.392,0.6,55.0,0.59,38.3,0.61,55.0,0.65,62.0,0.33,5.0,0.32,75.0,0.36,125.5,0.37,120.5,0.01,0.03,2336.366534,1776257828000
1776257830.706,130.706,0.59,88.3,0.58,120.0,0.61,121.54,0.62,85.0,0.39,62.54,0.38,10.0,0.4,55.0,0.41,38.3,0.02,0.01,2336.360088,1776257829000
1776257831.016,131.016,0.59,95.59,0.58,133.0,0.6,21.0,0.61,121.54,0.39,121.54,0.38,85.0,0.41,88.3,0.42,120.0,0.01,0.02,2336.371971,1776257830000
1776257831.255,131.255,0.59,22.89,0.58,120.0,0.6,36.0,0.61,126.54,0.4,21.0,0.39,121.54,0.41,95.59,0.42,133.0,0.01,0.01,2336.371971,1776257830000
1776257831.459,131.459,0.58,67.58,0.57,75.0,0.6,79.0,0.61,126.54,0.4,36.0,0.39,126.54,0.41,22.89,0.42,120.0,0.02,0.01,2336.371971,1776257830000
1776257832.201,132.201,0.57,3.03,0.56,83.86,0.58,89.0,0.59,79.0,0.4,79.0,0.39,126.54,0.42,67.58,0.43,75.0,0.01,0.02,2336.371971,1776257830000
1776257833.746,133.746,0.56,88.61,0.55,80.0,0.58,139.0,0.59,144.5,0.42,89.0,0.41,79.0,0.43,3.03,0.44,83.86,0.02,0.01,2336.353735,1776257832000
1776257837.152,137.152,0.56,53.11,0.55,85.5,0.57,91.0,0.58,93.5,0.42,139.0,0.41,144.5,0.44,88.61,0.45,80.0,0.01,0.02,2336.312518,1776257835000
1776257837.736,137.736,0.56,47.47,0.55,85.5,0.57,86.0,0.58,93.5,0.43,91.0,0.42,93.5,0.44,53.11,0.45,85.5,0.01,0.01,2336.36828,1776257836000
1776257838.436,138.436,0.55,95.5,0.54,199.99,0.57,86.0,0.58,93.5,0.43,86.0,0.42,93.5,0.44,47.47,0.45,85.5,0.02,0.01,2336.349564,1776257837000
1776257842.2,142.2,0.57,20.5,0.56,35.5,0.6,173.5,0.61,261.01,0.43,86.0,0.42,93.5,0.45,95.5,0.46,199.99,0.03,0.02,2336.272531,1776257840000
1776257842.77,142.77,0.54,30.5,0.53,95.0,0.56,128.0,0.57,108.5,0.4,173.5,0.39,261.01,0.43,20.5,0.44,35.5,0.02,0.03,2336.276842,1776257841000
1776257843.09,143.09,0.54,8.19,0.53,45.0,0.55,78.0,0.56,128.0,0.44,128.0,0.43,108.5,0.46,30.5,0.47,95.0,0.01,0.02,2336.276842,1776257841000
1776257845.471,145.471,0.53,60.5,0.52,75.5,0.54,129.44,0.55,208.5,0.45,78.0,0.44,128.0,0.46,8.19,0.47,45.0,0.01,0.01,2336.218339,1776257844000
1776257846.536,146.536,0.48,60.0,0.46,21.52,0.53,289.5,0.54,138.94,0.46,139.44,0.45,208.5,0.48,75.5,0.49,95.0,0.05,0.02,2336.224854,1776257845000
1776257846.78,146.78,0.45,10.6,0.44,15.0,0.46,10.0,0.47,10.0,0.51,29.8,0.5,15.0,0.55,13.42,0.56,50.0,0.01,0.04,2336.224854,1776257845000
1776257846.986,146.986,0.2,155.15,0.19,83.4,0.29,10.0,0.3,10.0,0.69,29.2,0.64,47.65,0.7,10.0,0.74,5.0,0.09,0.01,2336.224854,1776257845000
1776257847.192,147.192,0.2,137.04,0.19,33.4,0.21,10.0,0.23,1.38,0.77,1.38,0.76,10.0,0.8,140.76,0.81,83.4,0.01,0.03,2336.224854,1776257845000
1776257847.43,147.43,0.23,21.73,0.22,10.0,0.25,10.0,0.26,10.0,0.75,10.0,0.74,10.0,0.79,16.09,0.8,18.8,0.02,0.04,2336.224854,1776257845000
1776257847.687,147.687,0.23,75.0,0.22,30.0,0.27,8.66,0.28,10.0,0.76,10.0,0.75,10.0,0.77,80.65,0.78,30.0,0.04,0.01,2336.214404,1776257846000
1776257848.009,148.009,0.25,10.0,0.24,15.0,0.27,8.65,0.28,21.0,0.73,12.65,0.72,21.0,0.75,10.0,0.76,10.0,0.02,0.02,2336.156584,1776257847000
1776257848.243,148.243,0.25,3.33,0.24,10.0,0.26,11.0,0.28,10.0,0.73,7.59,0.72,10.0,0.75,10.0,0.76,10.0,0.01,0.02,2336.156584,1776257847000
1776257848.519,148.519,0.26,7.94,0.25,33.33,0.27,6.0,0.28,1.38,0.72,1.38,0.71,17.6,0.74,10.0,0.75,25.83,0.01,0.02,2336.156584,1776257847000
1776257848.738,148.738,0.27,15.0,0.26,7.94,0.28,10.64,0.29,10.0,0.72,16.0,0.71,10.0,0.73,15.0,0.74,7.94,0.01,0.01,2336.156584,1776257847000
1776257848.94,148.94,0.28,10.0,0.27,21.35,0.29,49.88,0.3,27.0,0.71,49.88,0.7,27.0,0.72,10.0,0.73,21.35,0.01,0.01,2336.156584,1776257847000
1776257849.146,149.146,0.28,10.3,0.27,28.85,0.29,52.88,0.3,55.0,0.71,48.59,0.7,10.0,0.72,10.0,0.73,26.35,0.01,0.01,2335.18055,1776257848000
1776257849.392,149.392,0.29,25.0,0.28,25.0,0.3,2.63,0.31,150.0,0.7,33.8,0.69,150.0,0.71,10.0,0.72,15.0,0.01,0.01,2335.18055,1776257848000
1776257849.596,149.596,0.3,3.5,0.29,45.0,0.31,135.0,0.32,65.0,0.69,135.0,0.68,65.0,0.7,8.65,0.71,45.0,0.01,0.01,2335.18055,1776257848000
1776257849.802,149.802,0.3,14.0,0.29,60.5,0.31,80.48,0.32,75.5,0.69,90.48,0.68,75.5,0.7,3.5,0.71,60.5,0.01,0.01,2335.18055,1776257848000
1776257850.003,150.003,0.3,25.5,0.29,36.0,0.32,34.08,0.33,161.5,0.68,39.08,0.67,161.5,0.7,20.5,0.71,36.0,0.02,0.02,2335.18055,1776257848000
1776257850.28,150.28,0.29,30.0,0.28,35.5,0.31,59.28,0.32,40.5,0.68,35.5,0.67,161.5,0.7,5.0,0.71,36.0,0.02,0.02,2335.1062,1776257849000
1776257850.548,150.548,0.29,15.0,0.28,35.5,0.3,35.0,0.31,97.11,0.69,37.11,0.68,30.5,0.72,35.5,0.73,34.35,0.01,0.03,2335.1062,1776257849000
1776257850.779,150.779,0.28,30.5,0.27,39.35,0.3,25.0,0.31,102.11,0.7,40.0,0.69,102.11,0.72,30.5,0.73,39.35,0.02,0.02,2335.1062,1776257849000
1776257851.107,151.107,0.28,34.11,0.27,39.35,0.29,27.0,0.3,33.0,0.71,45.1,0.7,33.0,0.72,29.11,0.73,39.35,0.01,0.01,2335.1062,1776257849000
1776257851.361,151.361,0.28,37.61,0.27,44.35,0.29,5.0,0.3,33.0,0.71,27.0,0.7,33.0,0.72,17.11,0.73,39.35,0.01,0.01,2335.1062,1776257849000
1776257851.736,151.736,0.29,44.86,0.28,52.5,0.3,85.0,0.31,127.99,0.71,5.0,0.7,33.0,0.72,37.61,0.73,44.35,0.01,0.01,2335.078215,1776257850000
1776257851.985,151.985,0.29,44.86,0.28,57.5,0.31,82.99,0.32,43.0,0.7,85.0,0.69,127.99,0.71,44.86,0.72,52.5,0.02,0.01,2335.11191,1776257851000
1776257852.385,152.385,0.33,69.43,0.32,148.5,0.34,50.0,0.35,25.0,0.69,60.0,0.68,38.0,0.7,0.15,0.71,49.86,0.01,0.01,2335.11191,1776257851000
1776257852.652,152.652,0.37,20.0,0.36,25.5,0.38,12.96,0.39,100.0,0.66,50.0,0.65,25.0,0.67,69.43,0.68,148.5,0.01,0.01,2335.11191,1776257851000
1776257853.115,153.115,0.37,75.5,0.36,35.5,0.38,12.96,0.39,90.0,0.62,12.96,0.61,100.0,0.63,20.0,0.64,25.5,0.01,0.01,2335.11191,1776257851000
1776257853.317,153.317,0.38,25.5,0.37,68.91,0.39,84.2,0.4,10.0,0.62,12.96,0.61,90.0,0.63,78.91,0.64,30.5,0.01,0.01,2335.11191,1776257852000
1776257853.542,153.542,0.38,53.88,0.37,73.91,0.39,84.2,0.4,5.0,0.61,84.2,0.6,10.0,0.62,25.5,0.63,68.91,0.01,0.01,2335.11191,1776257852000
1776257853.901,153.901,0.38,78.88,0.37,73.91,0.39,43.39,0.4,5.0,0.61,62.2,0.6,5.0,0.62,53.88,0.63,73.91,0.01,0.01,2335.11191,1776257852000
1776257856.026,156.026,0.38,89.4,0.37,128.91,0.39,50.2,0.4,100.1,0.61,43.39,0.6,5.0,0.62,97.47,0.63,123.91,0.01,0.01,2335.43923,1776257854000
1776257857.653,157.653,0.38,72.8,0.37,133.91,0.39,65.2,0.4,90.1,0.61,55.2,0.6,95.1,0.62,85.86,0.63,128.91,0.01,0.01,2335.5069,1776257856000
1776257858.064,158.064,0.38,61.67,0.37,133.91,0.39,60.2,0.4,100.6,0.61,65.2,0.6,90.1,0.62,72.8,0.63,133.91,0.01,0.01,2335.5069,1776257857000
1776257858.868,158.868,0.38,51.17,0.37,128.91,0.39,68.84,0.4,110.6,0.61,60.2,0.6,100.6,0.62,61.67,0.63,133.91,0.01,0.01,2335.5069,1776257857000
1776257861.771,161.771,0.38,62.67,0.37,98.91,0.39,51.94,0.4,35.0,0.61,63.84,0.6,110.6,0.62,47.17,0.63,123.91,0.01,0.01,2335.433241,1776257860000
1776257861.995,161.995,0.38,62.67,0.37,98.91,0.39,52.03,0.4,35.0,0.61,51.94,0.6,35.0,0.62,62.67,0.63,98.91,0.01,0.01,2335.433241,1776257860000
1776257863.498,163.498,0.38,60.6,0.37,98.91,0.39,47.03,0.4,35.0,0.61,52.03,0.6,35.0,0.62,62.67,0.63,98.91,0.01,0.01,2335.41275,1776257861000
1776257864.02,164.02,0.38,57.37,0.37,98.91,0.39,47.03,0.4,58.62,0.61,47.03,0.6,35.0,0.62,60.6,0.63,98.91,0.01,0.01,2335.4672,1776257862000
1776257864.474,164.474,0.38,6.41,0.37,98.91,0.39,52.03,0.4,58.62,0.61,47.03,0.6,58.62,0.62,57.37,0.63,98.91,0.01,0.01,2335.4744,1776257863000
1776257865.915,165.915,0.35,10.0,0.34,75.0,0.39,214.53,0.4,146.8,0.61,52.03,0.6,58.62,0.62,11.41,0.63,98.91,0.04,0.01,2335.4821,1776257864000
1776257866.293,166.293,0.31,38.45,0.3,85.0,0.32,17.35,0.33,70.0,0.61,214.53,0.6,146.8,0.65,10.0,0.66,75.0,0.01,0.04,2335.502866,1776257865000
1776257866.587,166.587,0.31,43.45,0.3,100.5,0.32,77.5,0.33,106.0,0.68,17.35,0.67,70.0,0.69,38.45,0.7,85.0,0.01,0.01,2335.502866,1776257865000
1776257867.731,167.731,0.3,98.64,0.29,90.5,0.31,134.0,0.32,79.5,0.68,82.5,0.67,106.0,0.7,57.94,0.71,85.5,0.01,0.02,2335.4821,1776257866000
1776257868.142,168.142,0.3,20.64,0.29,95.5,0.31,116.5,0.32,124.5,0.69,134.0,0.68,79.5,0.7,98.64,0.71,90.5,0.01,0.01,2335.4821,1776257866000
1776257868.505,168.505,0.3,0.64,0.29,95.5,0.31,83.5,0.32,125.5,0.69,121.5,0.68,117.5,0.7,0.64,0.71,95.5,0.01,0.01,2335.364159,1776257867000
1776257868.941,168.941,0.28,43.37,0.27,82.5,0.31,173.5,0.32,125.5,0.69,83.5,0.68,125.5,0.7,0.64,0.71,95.5,0.03,0.01,2335.364159,1776257867000
1776257869.245,169.245,0.28,25.5,0.27,87.5,0.29,14.65,0.3,70.0,0.69,173.5,0.68,125.5,0.72,43.37,0.73,82.5,0.01,0.03,2335.209159,1776257868000
1776257869.689,169.689,0.28,25.5,0.27,87.5,0.29,0.65,0.3,80.0,0.71,14.65,0.7,70.0,0.72,25.5,0.73,87.5,0.01,0.01,2335.209159,1776257868000
1776257870.121,170.121,0.28,30.5,0.27,87.5,0.3,42.62,0.31,85.5,0.71,0.65,0.7,80.0,0.72,25.5,0.73,87.5,0.02,0.01,2335.209159,1776257868000
1776257870.369,170.369,0.29,10.5,0.28,70.5,0.3,98.62,0.31,95.5,0.7,42.62,0.69,85.5,0.72,30.5,0.73,87.5,0.01,0.02,2335.1449,1776257869000
1776257870.666,170.666,0.29,18.85,0.28,70.5,0.3,126.62,0.31,95.5,0.7,98.62,0.69,95.5,0.71,10.5,0.72,70.5,0.01,0.01,2335.1449,1776257869000
1776257871.067,171.067,0.28,70.5,0.27,87.5,0.3,126.62,0.31,100.5,0.7,126.62,0.69,95.5,0.71,18.85,0.72,70.5,0.02,0.01,2335.138657,1776257870000
1776257871.683,171.683,0.28,80.5,0.27,87.5,0.3,63.62,0.31,90.5,0.7,126.62,0.69,100.5,0.72,70.5,0.73,87.5,0.02,0.02,2335.138657,1776257870000
1776257872.235,172.235,0.28,79.08,0.27,87.5,0.29,190.4,0.3,124.12,0.71,106.4,0.7,192.12,0.72,79.08,0.73,87.5,0.01,0.01,2335.133433,1776257871000
1776257872.544,172.544,0.28,24.08,0.27,87.5,0.29,112.4,0.3,124.12,0.71,190.4,0.7,124.12,0.72,79.08,0.73,87.5,0.01,0.01,2335.133433,1776257871000
1776257872.977,172.977,0.28,24.08,0.27,97.5,0.29,79.4,0.3,74.12,0.71,112.4,0.7,124.12,0.72,24.08,0.73,87.5,0.01,0.01,2335.133433,1776257871000
1776257873.83,173.83,0.27,15.84,0.26,50.0,0.28,70.0,0.29,74.4,0.71,79.4,0.7,74.12,0.72,24.08,0.73,97.5,0.01,0.01,2335.134829,1776257872000
1776257874.244,174.244,0.26,10.0,0.25,77.5,0.27,92.4,0.28,109.61,0.72,70.0,0.71,74.4,0.74,50.0,0.75,72.5,0.01,0.02,2335.134829,1776257872000
1776257874.454,174.454,0.26,10.0,0.25,77.5,0.27,108.4,0.28,109.61,0.73,92.4,0.72,109.61,0.74,10.0,0.75,77.5,0.01,0.01,2335.129681,1776257873000
1776257874.83,174.83,0.25,82.5,0.24,107.5,0.26,13.76,0.27,66.88,0.73,89.88,0.72,109.61,0.74,10.0,0.75,77.5,0.01,0.01,2335.129681,1776257873000
1776257875.424,175.424,0.25,72.5,0.24,25.5,0.26,200.68,0.27,122.38,0.74,13.76,0.73,66.88,0.75,82.5,0.76,107.5,0.01,0.01,2335.113179,1776257874000
1776257876.013,176.013,0.25,72.5,0.24,75.5,0.26,166.68,0.27,122.38,0.74,200.68,0.73,122.38,0.75,72.5,0.76,25.5,0.01,0.01,2335.113179,1776257874000
1776257877.145,177.145,0.25,152.74,0.24,80.5,0.26,104.08,0.27,34.48,0.74,166.68,0.73,122.38,0.75,72.5,0.76,75.5,0.01,0.01,2335.113179,1776257874000
1776257877.9,177.9,0.25,61.08,0.24,15.0,0.26,225.58,0.27,87.5,0.74,104.08,0.73,34.48,0.75,157.74,0.76,80.5,0.01,0.01,2334.997972,1776257876000
1776257878.234,178.234,0.25,21.32,0.24,15.0,0.26,220.58,0.27,138.46,0.74,225.58,0.73,87.5,0.75,61.08,0.76,15.0,0.01,0.01,2334.997972,1776257876000
1776257878.711,178.711,0.25,5.98,0.23,75.0,0.26,225.58,0.27,150.46,0.74,230.58,0.73,150.46,0.75,16.32,0.76,15.0,0.01,0.01,2334.995717,1776257877000
1776257879.481,179.481,0.24,140.0,0.23,95.5,0.25,96.0,0.26,176.58,0.74,259.58,0.73,150.46,0.77,80.0,0.78,122.5,0.01,0.03,2334.992056,1776257878000
1776257880.17,180.17,0.24,140.0,0.23,95.5,0.25,69.4,0.26,67.0,0.75,96.0,0.74,176.58,0.76,140.0,0.77,95.5,0.01,0.01,2334.992056,1776257878000
1776257880.773,180.773,0.24,160.5,0.23,95.5,0.25,61.4,0.26,20.0,0.75,69.4,0.74,67.0,0.76,140.0,0.77,95.5,0.01,0.01,2334.9954,1776257879000
1776257881.123,181.123,0.24,156.89,0.23,90.5,0.25,56.4,0.26,86.56,0.75,61.4,0.74,81.56,0.76,151.89,0.77,90.5,0.01,0.01,2334.9954,1776257879000
1776257881.865,181.865,0.22,57.5,0.21,10.0,0.23,76.46,0.24,172.63,0.75,51.4,0.74,86.56,0.76,150.31,0.77,90.5,0.01,0.01,2334.992124,1776257880000
1776257882.18,182.18,0.16,60.5,0.15,194.43,0.18,20.0,0.19,15.0,0.79,69.01,0.78,15.0,0.81,198.0,0.84,50.0,0.02,0.02,2334.992124,1776257880000
1776257882.386,182.386,0.16,31.81,0.15,67.0,0.18,10.0,0.21,264.98,0.79,264.98,0.78,15.0,0.84,81.81,0.85,67.0,0.02,0.05,2334.997298,1776257881000
1776257882.798,182.798,0.18,5.0,0.17,65.0,0.19,4.68,0.2,20.0,0.82,10.0,0.79,264.98,0.84,31.81,0.85,67.0,0.01,0.02,2334.997298,1776257881000
1776257883.0,183.0,0.18,0.8,0.17,65.0,0.19,5.0,0.2,15.0,0.8,57.44,0.79,236.0,0.82,0.8,0.83,65.0,0.01,0.02,2334.997298,1776257881000
1776257883.332,183.332,0.18,7.62,0.17,65.0,0.19,16.0,0.2,25.0,0.81,5.0,0.8,15.0,0.82,0.8,0.83,65.0,0.01,0.01,2335.007298,1776257882000
1776257883.592,183.592,0.17,18.61,0.16,31.81,0.19,31.0,0.2,25.0,0.81,11.0,0.8,25.0,0.82,3.62,0.83,65.0,0.02,0.01,2335.007298,1776257882000
1776257885.044,185.044,0.18,5.0,0.17,24.11,0.19,112.99,0.2,15.0,0.81,31.0,0.8,25.0,0.83,18.61,0.84,31.81,0.01,0.02,2334.673572,1776257883000
1776257885.47,185.47,0.18,90.0,0.17,24.11,0.19,75.82,0.21,155.0,0.81,91.93,0.79,145.0,0.82,15.0,0.83,24.11,0.01,0.01,2334.704565,1776257884000
1776257885.905,185.905,0.18,13.78,0.17,24.11,0.21,154.71,0.22,15.0,0.79,154.71,0.78,15.0,0.82,15.0,0.83,24.11,0.03,0.03,2334.701485,1776257885000
1776257886.343,186.343,0.19,40.0,0.18,11.88,0.2,75.02,0.21,159.71,0.79,154.71,0.78,15.0,0.82,11.88,0.83,24.11,0.01,0.03,2334.701485,1776257885000
1776257886.647,186.647,0.18,11.88,0.17,24.11,0.2,95.33,0.21,159.71,0.8,75.02,0.79,159.71,0.81,40.0,0.82,11.88,0.02,0.01,2334.701485,1776257885000
1776257887.094,187.094,0.17,24.11,0.16,81.81,0.19,20.57,0.2,88.33,0.81,21.15,0.8,93.33,0.83,24.11,0.84,81.81,0.02,0.02,2334.651945,1776257886000
1776257887.318,187.318,0.17,3.27,0.16,81.81,0.19,24.0,0.2,88.33,0.81,14.0,0.8,88.33,0.83,14.58,0.84,81.81,0.02,0.02,2334.651945,1776257886000
1776257887.732,187.732,0.16,81.81,0.15,67.0,0.17,7.78,0.18,15.0,0.82,5.0,0.81,24.0,0.83,0.02,0.84,81.81,0.01,0.01,2334.651945,1776257886000
1776257888.31,188.31,0.15,72.0,0.14,65.0,0.17,30.31,0.18,36.95,0.82,15.68,0.81,24.0,0.84,33.8,0.85,67.0,0.02,0.02,2334.67365,1776257887000
1776257888.821,188.821,0.15,56.0,0.14,65.0,0.17,61.36,0.18,46.95,0.83,13.36,0.82,36.95,0.85,66.0,0.86,65.0,0.02,0.02,2334.67365,1776257887000
1776257889.236,189.236,0.15,62.73,0.14,70.0,0.16,28.31,0.17,36.36,0.83,61.36,0.82,46.95,0.85,56.0,0.86,65.0,0.01,0.02,2334.67365,1776257887000
1776257889.439,189.439,0.15,56.55,0.14,70.0,0.16,33.31,0.17,31.36,0.84,28.31,0.83,36.36,0.85,62.73,0.86,70.0,0.01,0.01,2334.6637,1776257888000
1776257890.634,190.634,0.14,25.0,0.13,50.0,0.16,146.81,0.17,41.86,0.84,33.31,0.83,41.86,0.85,54.55,0.86,80.5,0.02,0.01,2334.568484,1776257889000
1776257891.179,191.179,0.12,61.74,0.11,125.5,0.15,10.0,0.16,177.81,0.84,146.81,0.83,41.86,0.86,25.0,0.87,50.0,0.03,0.02,2334.568484,1776257889000
1776257891.45,191.45,0.12,5.83,0.11,120.5,0.14,10.0,0.15,10.0,0.85,10.0,0.84,177.81,0.88,56.74,0.89,125.5,0.02,0.03,2334.568484,1776257889000
1776257891.945,191.945,0.11,50.17,0.1,20.0,0.13,80.0,0.14,80.0,0.84,257.68,0.83,46.86,0.88,5.83,0.89,120.5,0.02,0.04,2334.53036,1776257890000
1776257892.263,192.263,0.1,20.0,0.09,15.0,0.11,49.83,0.13,155.0,0.87,80.0,0.86,80.0,0.89,50.17,0.9,20.0,0.01,0.02,2334.53036,1776257890000
1776257892.49,192.49,0.11,9.38,0.1,26.16,0.12,5.0,0.13,5.0,0.89,49.83,0.87,19.0,0.9,11.06,0.91,15.0,0.01,0.01,2334.527051,1776257891000
1776257892.734,192.734,0.11,1.33,0.1,26.16,0.12,55.96,0.13,5.0,0.88,5.0,0.87,5.0,0.89,9.38,0.9,26.16,0.01,0.01,2334.527051,1776257891000
1776257893.09,193.09,0.11,85.33,0.1,101.16,0.14,36.25,0.16,16.0,0.88,55.96,0.87,5.0,0.89,1.33,0.9,87.16,0.03,0.01,2334.429382,1776257892000
1776257893.488,193.488,0.13,0.75,0.12,10.0,0.14,41.25,0.15,20.0,0.86,36.25,0.85,5.0,0.89,74.8,0.9,101.16,0.01,0.03,2334.429382,1776257892000
1776257893.835,193.835,0.12,71.3,0.11,11.33,0.14,56.25,0.15,20.0,0.86,41.25,0.85,20.0,0.87,0.75,0.88,10.0,0.02,0.01,2334.429382,1776257892000
1776257894.104,194.104,0.12,61.08,0.11,55.83,0.14,61.25,0.15,30.5,0.87,26.0,0.86,82.25,0.88,57.4,0.89,11.33,0.02,0.01,2334.429382,1776257892000
1776257894.45,194.45,0.12,15.76,0.11,21.83,0.14,56.25,0.15,30.5,0.86,61.25,0.85,30.5,0.88,30.99,0.89,55.83,0.02,0.02,2334.2201,1776257893000
1776257895.221,195.221,0.11,5.07,0.1,96.56,0.13,15.0,0.14,96.25,0.87,10.0,0.86,61.25,0.89,0.24,0.9,96.56,0.02,0.02,2334.2201,1776257893000
1776257896.179,196.179,0.12,128.77,0.11,141.0,0.13,37.0,0.14,56.25,0.87,20.0,0.86,96.25,0.89,8.15,0.9,102.39,0.01,0.02,2334.373586,1776257894000
1776257896.669,196.669,0.13,7.0,0.12,158.77,0.14,56.25,0.15,30.5,0.87,37.0,0.86,56.25,0.88,128.77,0.89,141.0,0.01,0.01,2334.461444,1776257895000
1776257897.817,197.817,0.13,142.0,0.12,143.77,0.14,58.89,0.15,35.5,0.86,56.25,0.85,30.5,0.87,7.0,0.88,158.77,0.01,0.01,2334.4368,1776257896000
1776257898.577,198.577,0.13,143.0,0.12,143.77,0.14,73.89,0.15,63.7,0.86,58.89,0.85,35.5,0.87,142.0,0.88,143.77,0.01,0.01,2334.44195,1776257897000
1776257898.816,198.816,0.13,124.09,0.12,143.77,0.14,83.89,0.15,63.7,0.86,73.89,0.85,63.7,0.87,143.0,0.88,143.77,0.01,0.01,2334.44195,1776257897000
1776257899.081,199.081,0.13,111.42,0.12,143.77,0.14,73.89,0.15,63.7,0.86,83.89,0.85,63.7,0.87,124.09,0.88,143.77,0.01,0.01,2334.44195,1776257897000
1776257901.228,201.228,0.13,78.0,0.12,100.0,0.14,284.39,0.15,108.7,0.86,73.89,0.85,63.7,0.87,111.42,0.88,143.77,0.01,0.01,2334.446414,1776257900000
1776257906.119,206.119,0.1,50.0,0.09,45.83,0.11,9.0,0.12,70.0,0.86,314.29,0.85,108.7,0.87,63.0,0.88,100.0,0.01,0.01,2334.311381,1776257904000
1776257907.426,207.426,0.11,50.0,0.1,45.0,0.12,115.0,0.13,207.3,0.88,55.0,0.87,207.3,0.9,45.0,0.91,45.83,0.01,0.02,2334.311626,1776257906000
1776257908.858,208.858,0.1,15.55,0.09,20.0,0.11,147.32,0.12,80.0,0.88,115.0,0.87,207.3,0.9,9.07,0.91,95.0,0.01,0.02,2334.316835,1776257907000
1776257909.5,209.5,0.1,8.88,0.09,20.0,0.11,147.32,0.12,119.1,0.89,147.32,0.88,80.0,0.9,15.55,0.91,20.0,0.01,0.01,2334.316835,1776257907000
1776257910.482,210.482,0.1,4.18,0.09,20.0,0.11,192.32,0.12,109.1,0.89,147.32,0.88,119.1,0.9,8.88,0.91,20.0,0.01,0.01,2334.347393,1776257908000
1776257910.72,210.72,0.1,0.13,0.09,20.0,0.11,197.32,0.12,109.1,0.89,192.32,0.88,109.1,0.9,4.18,0.91,20.0,0.01,0.01,2334.347393,1776257908000
1776257910.943,210.943,0.09,9.13,0.08,20.0,0.11,197.32,0.12,119.6,0.89,197.32,0.88,109.1,0.9,0.13,0.91,20.0,0.02,0.01,2334.347393,1776257908000
1776257912.064,212.064,0.09,14.13,0.08,70.0,0.1,75.0,0.11,107.54,0.89,197.32,0.88,119.6,0.91,9.13,0.92,20.0,0.01,0.02,2334.354103,1776257910000
1776257912.283,212.283,0.09,8.91,0.08,70.0,0.1,70.0,0.11,107.54,0.9,75.0,0.89,107.54,0.91,14.13,0.92,70.0,0.01,0.01,2334.354103,1776257910000
1776257913.082,213.082,0.09,7.81,0.08,20.0,0.1,80.0,0.11,142.01,0.9,70.0,0.89,107.54,0.91,8.91,0.92,70.0,0.01,0.01,2334.34956,1776257912000
1776257914.579,214.579,0.08,16.94,0.07,151.0,0.1,80.0,0.11,132.01,0.9,80.0,0.89,142.01,0.91,7.81,0.92,20.0,0.02,0.01,2334.433365,1776257913000
1776257915.757,215.757,0.08,11.94,0.07,91.0,0.09,70.0,0.1,35.0,0.9,80.0,0.89,132.01,0.92,16.94,0.93,151.0,0.01,0.02,2334.370535,1776257914000
1776257917.32,217.32,0.08,6.94,0.07,76.0,0.09,38.33,0.1,35.0,0.91,70.0,0.9,35.0,0.92,11.94,0.93,91.0,0.01,0.01,2334.36765,1776257916000
1776257918.058,218.058,0.08,14.57,0.07,91.0,0.09,52.45,0.1,121.66,0.9,31.66,0.89,122.29,0.92,6.94,0.93,76.0,0.01,0.02,2334.36765,1776257916000
1776257918.729,218.729,0.08,27.62,0.07,26.0,0.09,41.33,0.1,121.66,0.91,52.45,0.9,121.66,0.92,14.57,0.93,91.0,0.01,0.01,2334.367925,1776257917000
1776257920.673,220.673,0.08,3.47,0.07,26.0,0.09,56.33,0.1,132.16,0.91,46.33,0.9,121.66,0.92,26.53,0.93,26.0,0.01,0.01,2334.371045,1776257919000
1776257922.244,222.244,0.08,2.38,0.07,20.0,0.09,51.33,0.1,125.5,0.91,56.33,0.9,132.16,0.92,3.47,0.93,26.0,0.01,0.01,2334.367524,1776257920000
1776257922.566,222.566,0.08,1.29,0.07,20.0,0.09,15.0,0.1,125.5,0.91,51.33,0.9,125.5,0.92,2.38,0.93,20.0,0.01,0.01,2334.35685,1776257921000
1776257923.339,223.339,0.08,0.13,0.07,15.0,0.09,74.0,0.1,125.5,0.91,15.0,0.9,125.5,0.92,1.29,0.93,20.0,0.01,0.01,2334.35685,1776257921000
1776257923.801,223.801,0.08,4.7,0.07,70.0,0.09,88.78,0.1,65.0,0.91,74.0,0.9,125.5,0.92,0.13,0.93,15.0,0.01,0.01,2334.372764,1776257922000
1776257924.766,224.766,0.09,11.22,0.08,70.0,0.11,10.0,0.12,114.6,0.91,88.78,0.9,65.0,0.92,4.7,0.93,70.0,0.02,0.01,2334.375542,1776257923000
1776257925.567,225.567,0.09,26.22,0.08,70.0,0.11,58.2,0.12,114.6,0.89,10.0,0.88,114.6,0.91,11.22,0.92,70.0,0.02,0.02,2334.3772,1776257924000
1776257927.086,227.086,0.11,22.0,0.1,10.0,0.12,74.6,0.13,180.47,0.89,56.81,0.88,114.6,0.91,26.22,0.92,70.0,0.01,0.02,2334.372866,1776257925000
1776257927.307,227.307,0.11,20.87,0.1,10.0,0.12,74.6,0.13,180.47,0.88,74.6,0.87,180.47,0.89,22.0,0.9,10.0,0.01,0.01,2334.372866,1776257925000
1776257929.256,229.256,0.11,10.67,0.09,26.22,0.12,124.6,0.13,198.36,0.88,74.6,0.87,180.47,0.89,11.8,0.9,10.0,0.01,0.01,2334.547576,1776257927000
1776257930.892,230.892,0.11,5.1,0.09,11.22,0.12,124.6,0.13,142.3,0.88,124.6,0.87,198.36,0.89,10.67,0.91,26.22,0.01,0.01,2334.567,1776257929000
1776257931.268,231.268,0.06,83.84,0.05,292.8,0.12,137.6,0.13,176.68,0.88,124.6,0.87,142.3,0.89,5.1,0.91,11.22,0.06,0.01,2334.53955,1776257930000
1776257931.758,231.758,0.06,154.54,0.05,217.0,0.08,10.0,0.09,20.0,0.88,137.6,0.87,176.68,0.94,83.84,0.95,292.8,0.02,0.06,2334.53955,1776257930000
1776257932.865,232.865,0.06,88.26,0.05,217.0,0.08,15.0,0.09,209.72,0.92,10.0,0.91,20.0,0.94,154.54,0.95,217.0,0.02,0.02,2334.532219,1776257931000
1776257933.937,233.937,0.07,16.95,0.06,97.7,0.08,232.71,0.09,70.0,0.92,15.0,0.91,209.72,0.94,88.26,0.95,217.0,0.01,0.02,2334.525791,1776257932000
1776257935.31,235.31,0.07,16.95,0.06,104.83,0.08,233.94,0.09,80.5,0.92,232.71,0.91,70.0,0.93,16.95,0.94,97.7,0.01,0.01,2334.522032,1776257933000
1776257935.552,235.552,0.07,6.95,0.05,191.56,0.08,269.44,0.09,80.5,0.92,233.94,0.91,80.5,0.93,16.95,0.94,104.83,0.01,0.01,2334.526897,1776257934000
1776257937.105,237.105,0.05,44.49,0.04,415.0,0.06,185.0,0.07,185.5,0.92,269.44,0.91,80.5,0.95,178.51,0.96,213.0,0.01,0.03,2334.526686,1776257935000
1776257938.811,238.811,0.05,30.13,0.04,348.56,0.06,85.0,0.07,85.5,0.94,185.0,0.93,185.5,0.95,44.49,0.96,415.0,0.01,0.01,2334.448453,1776257937000
1776257940.446,240.446,0.05,1.0,0.04,158.56,0.06,95.0,0.07,86.0,0.94,85.0,0.93,85.5,0.95,30.13,0.96,348.56,0.01,0.01,2334.40457,1776257939000
1776257940.917,240.917,0.04,83.25,0.03,1288.83,0.05,15.0,0.06,80.0,0.95,5.0,0.94,95.0,0.96,103.56,0.97,1340.83,0.01,0.01,2334.40457,1776257939000
1776257941.204,241.204,0.04,88.25,0.03,1267.0,0.06,85.83,0.07,187.3,0.94,75.83,0.93,187.3,0.96,93.25,0.97,1288.83,0.02,0.02,2334.40436,1776257940000
1776257942.998,242.998,0.04,68.2,0.03,1267.0,0.05,80.0,0.06,96.83,0.94,85.83,0.93,187.3,0.96,88.25,0.97,1267.0,0.01,0.02,2334.400021,1776257941000
1776257943.523,243.523,0.04,50.25,0.03,1267.0,0.05,78.26,0.06,91.83,0.95,80.0,0.94,96.83,0.96,68.2,0.97,1267.0,0.01,0.01,2334.400021,1776257941000
1776257943.773,243.773,0.04,19.0,0.03,1055.0,0.05,83.26,0.06,146.83,0.95,83.26,0.94,96.83,0.96,42.95,0.97,1267.0,0.01,0.01,2334.400021,1776257942000
1776257945.02,245.02,0.03,1001.66,0.02,1097.53,0.04,75.0,0.05,174.06,0.95,83.26,0.94,146.83,0.96,19.0,0.97,1055.0,0.01,0.01,2334.399647,1776257943000
1776257945.343,245.343,0.03,995.6,0.02,913.83,0.04,80.0,0.05,180.06,0.96,75.0,0.95,174.06,0.97,1001.66,0.98,1097.53,0.01,0.01,2334.38645,1776257944000
1776257946.64,246.64,0.03,976.44,0.02,913.83,0.04,73.91,0.05,183.06,0.96,75.0,0.95,180.06,0.97,990.44,0.98,913.83,0.01,0.01,2334.335472,1776257945000
1776257946.851,246.851,0.03,971.25,0.02,913.83,0.04,78.91,0.05,183.06,0.96,73.91,0.95,183.06,0.97,976.44,0.98,913.83,0.01,0.01,2334.335472,1776257945000
1776257947.699,247.699,0.03,257.06,0.02,713.83,0.04,78.91,0.05,166.79,0.96,78.91,0.95,183.06,0.97,971.25,0.98,913.83,0.01,0.01,2334.333866,1776257946000
1776257948.119,248.119,0.03,164.88,0.02,713.83,0.04,93.91,0.05,171.79,0.96,78.91,0.95,166.79,0.97,182.06,0.98,713.83,0.01,0.01,2334.333866,1776257946000
1776257948.728,248.728,0.03,163.33,0.02,708.83,0.04,182.61,0.05,171.79,0.96,93.91,0.95,171.79,0.97,164.88,0.98,713.83,0.01,0.01,2334.308027,1776257947000
1776257949.059,249.059,0.03,158.33,0.02,671.83,0.04,187.61,0.05,171.79,0.96,182.61,0.95,171.79,0.97,163.33,0.98,708.83,0.01,0.01,2334.308027,1776257947000
1776257950.467,250.467,0.03,44.23,0.02,971.83,0.04,187.61,0.05,174.79,0.96,187.61,0.95,171.79,0.97,158.33,0.98,671.83,0.01,0.01,2334.306098,1776257949000
1776257954.577,254.577,0.02,442.0,0.01,2990.64,0.04,198.61,0.05,224.05,0.96,187.61,0.95,174.79,0.97,44.23,0.98,971.83,0.02,0.01,2334.292926,1776257953000
1776257955.45,255.45,0.02,476.5,0.01,2995.64,0.03,89.0,0.04,192.61,0.96,198.61,0.95,224.05,0.98,442.0,0.99,2990.64,0.01,0.02,2334.292961,1776257954000
1776257956.169,256.169,0.02,473.46,0.01,3030.64,0.03,84.0,0.04,192.61,0.97,89.0,0.96,192.61,0.98,476.5,0.99,2995.64,0.01,0.01,2334.292868,1776257955000
1776257956.726,256.726,0.02,468.46,0.01,2920.64,0.03,228.01,0.04,192.61,0.97,84.0,0.96,192.61,0.98,473.46,0.99,3030.64,0.01,0.01,2334.292868,1776257955000
1776257957.391,257.391,0.02,366.78,0.01,2925.64,0.03,228.01,0.04,206.6,0.97,228.01,0.96,192.61,0.98,468.46,0.99,2920.64,0.01,0.01,2334.293474,1776257956000
1776257957.76,257.76,0.02,341.34,0.01,2925.64,0.03,392.42,0.04,217.6,0.97,228.01,0.96,206.6,0.98,361.67,0.99,2925.64,0.01,0.01,2334.293474,1776257956000
1776257958.5,258.5,0.02,335.58,0.01,2925.64,0.03,392.42,0.04,217.6,0.97,392.42,0.96,217.6,0.98,339.29,0.99,2925.64,0.01,0.01,2334.278897,1776257957000
1776257959.851,259.851,0.02,205.53,0.01,2925.64,0.03,392.42,0.04,228.6,0.97,392.42,0.96,217.6,0.98,335.58,0.99,2925.64,0.01,0.01,2334.278916,1776257958000
1776257960.349,260.349,0.01,2881.71,,,0.02,525.0,0.03,397.42,0.97,392.42,0.96,228.6,0.99,2790.71,,,0.01,0.02,2334.278916,1776257959000
1776257961.095,261.095,0.01,2881.71,,,0.02,641.73,0.03,243.01,0.98,525.0,0.97,397.42,0.99,2881.71,,,0.01,0.01,2334.278916,1776257959000
1776257964.443,264.443,0.01,2529.09,,,0.02,646.73,0.03,243.01,0.98,641.73,0.97,243.01,0.99,2881.71,,,0.01,0.01,2334.279501,1776257963000
1776257965.384,265.384,0.01,2283.03,,,0.02,656.73,0.03,263.0,0.98,646.73,0.97,243.01,0.99,2529.09,,,0.01,0.01,2334.279527,1776257964000
1776257967.322,267.322,0.01,2231.03,,,0.02,514.21,0.03,285.0,0.98,651.73,0.97,263.0,0.99,2281.03,,,0.01,0.01,2334.275311,1776257966000
1776257969.665,269.665,0.01,1967.93,,,0.02,519.21,0.03,237.0,0.98,514.21,0.97,285.0,0.99,2231.03,,,0.01,0.01,2334.274557,1776257968000
1776257970.159,270.159,0.01,1947.73,,,0.02,697.91,0.03,250.0,0.98,519.21,0.97,237.0,0.99,1967.93,,,0.01,0.01,2334.274557,1776257968000
1776257971.856,271.856,0.01,1681.71,,,0.02,707.91,0.03,346.0,0.98,697.91,0.97,250.0,0.99,1947.73,,,0.01,0.01,2334.277448,1776257970000
1776257973.465,273.465,0.01,1502.71,,,0.02,718.01,0.03,379.0,0.98,707.91,0.97,346.0,0.99,1681.71,,,0.01,0.01,2334.277458,1776257971000
1776257976.003,276.003,,,,,0.01,565.13,0.02,663.3,0.99,538.29,0.98,817.0,,,,,,,2334.250969,1776257974000
1776257976.4,276.4,,,,,0.01,463.94,0.02,663.3,0.99,563.94,0.98,663.3,,,,,,,2334.135369,1776257975000
1776257977.118,277.118,,,,,0.01,402.39,0.02,674.3,0.99,463.94,0.98,663.3,,,,,,,2334.135369,1776257975000

# RESULT,winner=Down,slug=eth-updown-5m-1776257700,ticks=292
