timestamp,elapsed_sec,up_bid_p1,up_bid_s1,up_bid_p2,up_bid_s2,up_ask_p1,up_ask_s1,up_ask_p2,up_ask_s2,down_bid_p1,down_bid_s1,down_bid_p2,down_bid_s2,down_ask_p1,down_ask_s1,down_ask_p2,down_ask_s2,up_spread,down_spread,eth_price,eth_oracle_ts
1776284400.503,0.503,0.54,7.48,0.53,8.58,0.55,6.0,0.56,6.0,0.46,199.67,0.45,116.0,0.47,4.29,0.48,202.3,0.01,0.01,2360.397081,1776284398000
1776284400.79,0.79,0.54,7.48,0.53,8.58,0.55,6.0,0.56,6.0,0.45,6.0,0.44,6.0,0.46,7.48,0.47,8.58,0.01,0.01,2360.339258,1776284399000
1776284402.258,2.258,0.54,72.96,0.53,29.58,0.56,10.39,0.57,5.0,0.45,6.0,0.44,6.0,0.46,7.48,0.47,8.58,0.02,0.01,2360.336225,1776284400000
1776284402.724,2.724,0.56,2.0,0.55,5.0,0.57,5.0,0.58,18.0,0.44,10.39,0.43,5.0,0.46,72.96,0.47,29.58,0.01,0.02,2360.336225,1776284400000
1776284403.313,3.313,0.56,7.0,0.55,5.0,0.57,9.47,0.58,23.0,0.43,5.0,0.42,18.0,0.44,2.0,0.45,5.0,0.01,0.01,2360.317669,1776284401000
1776284403.651,3.651,0.56,2.0,0.55,5.0,0.57,15.24,0.58,33.0,0.43,0.24,0.42,23.0,0.44,12.0,0.45,5.0,0.01,0.01,2360.313835,1776284402000
1776284404.186,4.186,0.56,2.0,0.55,5.0,0.57,5.0,0.58,33.0,0.43,15.24,0.42,33.0,0.44,2.0,0.45,5.0,0.01,0.01,2360.463758,1776284403000
1776284404.433,4.433,0.56,2.0,0.55,5.0,0.69,305.81,0.7,10.0,0.43,5.0,0.42,33.0,0.44,2.0,0.45,5.0,0.13,0.01,2360.463758,1776284403000
1776284404.877,4.877,0.58,25.0,0.57,20.0,0.59,13.0,0.6,29.0,0.31,305.81,0.3,10.0,0.44,2.0,0.45,5.0,0.01,0.13,2360.463758,1776284403000
1776284405.899,5.899,0.58,5.0,0.57,20.0,0.59,48.0,0.6,29.0,0.41,13.0,0.4,29.0,0.42,25.0,0.43,20.0,0.01,0.01,2360.612715,1776284404000
1776284406.294,6.294,0.57,10.0,0.56,72.0,0.58,90.0,0.59,28.0,0.41,53.0,0.4,29.0,0.43,20.0,0.44,67.0,0.01,0.02,2360.610758,1776284405000
1776284406.852,6.852,0.57,5.0,0.56,72.0,0.58,55.51,0.59,73.0,0.42,88.27,0.41,23.0,0.43,5.0,0.44,72.0,0.01,0.01,2360.610758,1776284405000
1776284407.742,7.742,0.56,53.26,0.55,50.0,0.58,52.92,0.59,73.0,0.42,52.92,0.41,78.0,0.43,7.32,0.44,72.0,0.02,0.01,2360.581839,1776284406000
1776284408.434,8.434,0.56,53.26,0.55,55.0,0.58,52.92,0.59,130.0,0.42,52.92,0.41,73.0,0.44,53.26,0.45,50.0,0.02,0.02,2360.581839,1776284406000
1776284409.214,9.214,0.55,55.0,0.54,137.96,0.57,312.0,0.58,39.92,0.42,52.92,0.41,130.0,0.44,53.26,0.45,55.0,0.02,0.02,2360.7366,1776284407000
1776284409.712,9.712,0.56,76.68,0.55,83.0,0.57,298.07,0.58,39.92,0.43,298.07,0.42,39.92,0.44,10.0,0.45,55.0,0.01,0.01,2360.7366,1776284408000
1776284410.252,10.252,0.56,116.68,0.55,25.0,0.57,249.07,0.58,50.92,0.43,249.07,0.42,39.92,0.44,76.68,0.45,83.0,0.01,0.01,2360.588802,1776284409000
1776284411.688,11.688,0.56,137.18,0.55,25.0,0.57,241.93,0.58,50.92,0.43,244.07,0.42,50.92,0.44,116.68,0.45,25.0,0.01,0.01,2360.629725,1776284410000
1776284411.934,11.934,0.56,131.68,0.55,25.0,0.57,200.34,0.58,50.92,0.43,241.93,0.42,50.92,0.44,137.18,0.45,25.0,0.01,0.01,2360.629725,1776284410000
1776284412.319,12.319,0.56,124.4,0.55,25.0,0.57,200.34,0.58,50.92,0.43,200.34,0.42,50.92,0.44,131.68,0.45,25.0,0.01,0.01,2360.610214,1776284411000
1776284412.797,12.797,0.56,134.82,0.55,36.0,0.57,200.34,0.58,50.92,0.43,200.34,0.42,50.92,0.44,124.4,0.45,25.0,0.01,0.01,2360.610214,1776284411000
1776284413.3,13.3,0.56,71.82,0.55,36.0,0.57,203.41,0.58,108.92,0.43,200.34,0.42,50.92,0.44,134.82,0.45,36.0,0.01,0.01,2360.616185,1776284412000
1776284414.376,14.376,0.56,45.82,0.55,15.0,0.57,266.41,0.58,27.92,0.43,203.41,0.42,108.92,0.44,71.82,0.45,36.0,0.01,0.01,2360.616185,1776284412000
1776284414.599,14.599,0.55,5.0,0.54,107.96,0.57,282.41,0.58,43.92,0.43,282.41,0.42,43.92,0.44,2.34,0.45,5.0,0.02,0.01,2360.616185,1776284412000
1776284415.371,15.371,0.55,49.14,0.54,128.46,0.56,304.0,0.57,86.5,0.43,270.58,0.42,43.92,0.45,5.0,0.46,107.96,0.01,0.02,2360.76344,1776284413000
1776284416.129,16.129,0.55,49.14,0.54,236.46,0.56,288.0,0.57,61.0,0.44,293.0,0.43,81.5,0.45,44.14,0.46,128.46,0.01,0.01,2360.60215,1776284414000
1776284417.087,17.087,0.55,79.14,0.54,236.46,0.56,277.0,0.57,61.0,0.44,283.0,0.43,61.0,0.45,74.14,0.46,236.46,0.01,0.01,2360.702205,1776284415000
1776284419.937,19.937,0.55,5.0,0.54,86.96,0.56,225.5,0.57,86.5,0.44,277.0,0.43,61.0,0.45,79.14,0.46,236.46,0.01,0.01,2360.635745,1776284418000
1776284420.139,20.139,0.54,81.96,0.53,14.29,0.56,571.5,0.57,90.5,0.44,586.5,0.43,90.5,0.46,86.96,0.47,14.29,0.02,0.02,2360.635745,1776284418000
1776284420.34,20.34,0.51,296.89,0.5,121.27,0.52,35.91,0.53,81.13,0.48,20.5,0.47,70.5,0.49,307.09,0.5,121.27,0.01,0.01,2360.674197,1776284419000
1776284420.613,20.613,0.51,193.23,0.5,121.27,0.52,166.5,0.53,77.5,0.48,171.5,0.47,71.5,0.49,196.81,0.5,121.27,0.01,0.01,2360.674197,1776284419000
1776284420.906,20.906,0.41,32.4,0.36,55.0,0.42,15.0,0.43,10.0,0.48,66.5,0.47,77.5,0.59,40.0,0.64,65.0,0.01,0.11,2360.674197,1776284419000
1776284421.336,21.336,0.41,17.2,0.36,60.0,0.42,297.95,0.43,15.0,0.58,172.95,0.57,10.0,0.59,22.2,0.64,50.0,0.01,0.01,2360.674197,1776284419000
1776284421.55,21.55,0.36,118.0,0.35,15.0,0.38,10.0,0.39,10.0,0.58,313.45,0.57,15.0,0.63,10.5,0.64,60.0,0.02,0.05,2360.608885,1776284420000
1776284422.037,22.037,0.36,28.68,0.35,73.0,0.37,223.0,0.38,305.0,0.62,10.0,0.61,10.0,0.64,110.18,0.65,15.0,0.01,0.02,2360.608885,1776284420000
1776284422.243,22.243,0.36,27.11,0.35,73.0,0.37,223.0,0.38,315.5,0.63,223.0,0.62,305.0,0.64,28.68,0.65,73.0,0.01,0.01,2360.608885,1776284420000
1776284422.544,22.544,0.35,69.23,0.34,234.36,0.37,218.0,0.38,315.5,0.63,223.0,0.62,315.5,0.64,27.11,0.65,73.0,0.02,0.01,2359.581755,1776284421000
1776284422.971,22.971,0.35,79.73,0.34,200.0,0.36,228.0,0.37,181.0,0.63,218.0,0.62,315.5,0.65,69.23,0.66,234.36,0.01,0.02,2359.581755,1776284421000
1776284423.37,23.37,0.35,98.73,0.34,215.0,0.36,249.11,0.37,190.0,0.64,228.0,0.63,181.0,0.65,79.73,0.66,200.0,0.01,0.01,2359.043945,1776284422000
1776284423.744,23.744,0.35,90.73,0.34,195.0,0.36,238.19,0.37,195.0,0.64,236.11,0.63,190.0,0.65,93.73,0.66,215.0,0.01,0.01,2359.043945,1776284422000
1776284424.233,24.233,0.35,123.73,0.34,261.0,0.36,222.19,0.37,223.57,0.64,238.19,0.63,195.0,0.65,90.73,0.66,195.0,0.01,0.01,2358.897802,1776284423000
1776284424.465,24.465,0.35,78.5,0.34,190.0,0.36,155.19,0.37,228.57,0.64,166.19,0.63,223.57,0.65,123.73,0.66,256.0,0.01,0.01,2358.897802,1776284423000
1776284424.672,24.672,0.35,25.5,0.34,190.0,0.36,60.0,0.37,166.57,0.64,71.0,0.63,166.57,0.65,25.5,0.66,190.0,0.01,0.01,2358.897802,1776284423000
1776284425.337,25.337,0.35,20.0,0.34,257.5,0.37,200.57,0.38,260.5,0.64,15.0,0.63,161.57,0.65,25.5,0.66,190.0,0.02,0.01,2358.885434,1776284424000
1776284426.346,26.346,0.36,8.28,0.35,30.5,0.37,148.57,0.38,147.5,0.63,200.57,0.62,260.5,0.65,20.0,0.66,257.5,0.01,0.02,2358.885434,1776284424000
1776284427.19,27.19,0.36,1.55,0.35,30.5,0.37,148.57,0.38,147.5,0.63,143.57,0.62,147.5,0.64,6.71,0.65,30.5,0.01,0.01,2358.944728,1776284425000
1776284427.812,27.812,0.35,9.0,0.34,307.5,0.37,205.57,0.38,270.5,0.63,148.57,0.62,147.5,0.64,1.55,0.65,30.5,0.02,0.01,2358.88637,1776284426000
1776284428.415,28.415,0.34,239.16,0.33,148.5,0.35,15.0,0.36,116.5,0.63,200.57,0.62,270.5,0.66,294.5,0.67,90.0,0.01,0.03,2358.897305,1776284427000
1776284428.7,28.7,0.31,354.26,0.3,190.0,0.33,15.0,0.34,25.0,0.65,15.0,0.64,116.5,0.66,239.16,0.67,148.5,0.02,0.01,2358.897305,1776284427000
1776284429.008,29.008,0.3,34.36,0.28,122.5,0.31,188.5,0.32,80.5,0.67,15.0,0.66,25.0,0.69,354.26,0.7,190.0,0.01,0.02,2358.898591,1776284428000
1776284429.867,29.867,0.28,236.15,0.27,133.5,0.29,20.0,0.3,25.0,0.69,188.5,0.68,80.5,0.7,24.36,0.72,122.5,0.01,0.01,2358.898591,1776284428000
1776284430.239,30.239,0.28,219.82,0.27,133.5,0.29,98.0,0.3,35.5,0.71,20.0,0.7,25.0,0.72,231.08,0.73,133.5,0.01,0.01,2358.903591,1776284429000
1776284430.493,30.493,0.28,240.32,0.27,133.5,0.29,35.0,0.3,70.0,0.71,35.0,0.7,75.0,0.72,256.32,0.73,133.5,0.01,0.01,2358.903591,1776284429000
1776284430.93,30.93,0.28,218.38,0.27,133.5,0.29,35.0,0.3,75.0,0.71,35.0,0.7,75.0,0.72,218.32,0.73,133.5,0.01,0.01,2358.903591,1776284429000
1776284431.993,31.993,0.28,259.88,0.27,133.5,0.29,40.0,0.3,128.0,0.71,35.0,0.7,75.0,0.72,218.38,0.73,133.5,0.01,0.01,2358.489926,1776284430000
1776284432.266,32.266,0.28,245.99,0.27,133.5,0.29,40.0,0.3,128.0,0.71,40.0,0.7,128.0,0.72,247.38,0.73,133.5,0.01,0.01,2358.489926,1776284430000
1776284432.864,32.864,0.28,256.47,0.27,133.5,0.29,55.0,0.3,133.0,0.71,40.0,0.7,128.0,0.72,245.99,0.73,133.5,0.01,0.01,2358.35593,1776284431000
1776284433.177,33.177,0.28,251.47,0.27,75.5,0.29,32.0,0.3,128.0,0.71,55.0,0.7,133.0,0.72,256.47,0.73,133.5,0.01,0.01,2358.34459,1776284432000
1776284433.511,33.511,0.28,235.97,0.27,75.5,0.29,27.0,0.3,133.0,0.71,32.0,0.7,128.0,0.72,251.47,0.73,75.5,0.01,0.01,2358.34459,1776284432000
1776284434.061,34.061,0.28,55.0,0.27,317.5,0.29,182.0,0.3,85.5,0.71,27.0,0.7,133.0,0.72,235.97,0.73,75.5,0.01,0.01,2358.389125,1776284433000
1776284434.587,34.587,0.28,260.0,0.27,137.5,0.29,154.0,0.3,85.5,0.71,154.0,0.7,85.5,0.72,44.0,0.73,317.5,0.01,0.01,2358.389125,1776284433000
1776284436.948,36.948,0.28,325.33,0.27,80.5,0.29,59.93,0.3,133.0,0.71,149.17,0.7,85.5,0.72,260.0,0.73,137.5,0.01,0.01,2358.403305,1776284435000
1776284438.053,38.053,0.28,323.94,0.27,80.5,0.29,95.28,0.3,138.5,0.71,59.93,0.7,133.0,0.72,325.33,0.73,80.5,0.01,0.01,2358.384415,1776284437000
1776284438.512,38.512,0.28,313.94,0.27,80.5,0.29,151.28,0.3,149.5,0.71,95.28,0.7,138.5,0.72,323.94,0.73,80.5,0.01,0.01,2358.384415,1776284437000
1776284439.963,39.963,0.28,495.44,0.27,222.86,0.34,50.0,0.35,86.5,0.71,151.28,0.7,149.5,0.72,313.94,0.73,80.5,0.06,0.01,2358.459866,1776284438000
1776284440.305,40.305,0.34,17.9,0.33,15.0,0.35,128.5,0.36,70.5,0.66,45.4,0.65,143.5,0.72,500.44,0.73,222.86,0.01,0.06,2358.390725,1776284439000
1776284441.088,41.088,0.35,26.48,0.34,329.9,0.36,50.0,0.37,47.5,0.65,128.5,0.64,70.5,0.66,17.9,0.67,15.0,0.01,0.01,2358.38426,1776284440000
1776284445.147,45.147,0.35,468.48,0.34,245.39,0.37,41.21,0.38,86.5,0.64,50.0,0.63,47.5,0.65,26.48,0.66,329.9,0.02,0.01,2359.008655,1776284443000
1776284445.429,45.429,0.36,104.68,0.35,464.11,0.37,10.0,0.38,91.5,0.63,29.18,0.62,91.5,0.64,25.0,0.65,464.11,0.01,0.01,2359.008655,1776284443000
1776284446.003,46.003,0.36,325.11,0.35,227.11,0.37,103.05,0.38,149.5,0.63,10.0,0.62,91.5,0.64,104.68,0.65,464.11,0.01,0.01,2359.017755,1776284444000
1776284446.822,46.822,0.36,324.95,0.35,227.11,0.37,99.28,0.38,149.5,0.63,103.05,0.62,149.5,0.64,325.11,0.65,227.11,0.01,0.01,2359.024835,1776284445000
1776284447.224,47.224,0.36,323.38,0.35,227.11,0.37,94.28,0.38,149.5,0.63,99.28,0.62,149.5,0.64,324.95,0.65,227.11,0.01,0.01,2359.089894,1776284446000
1776284448.305,48.305,0.36,322.88,0.35,137.61,0.37,76.98,0.38,26.0,0.63,99.28,0.62,149.5,0.64,302.38,0.65,227.11,0.01,0.01,2359.044545,1776284447000
1776284448.94,48.94,0.36,323.19,0.35,195.61,0.37,76.98,0.38,26.0,0.63,76.98,0.62,26.0,0.64,322.88,0.65,137.61,0.01,0.01,2359.044545,1776284447000
1776284449.454,49.454,0.36,372.64,0.35,137.61,0.37,81.98,0.38,15.0,0.63,76.98,0.62,26.0,0.64,323.19,0.65,195.61,0.01,0.01,2359.044545,1776284447000
1776284450.007,50.007,0.36,323.24,0.35,295.61,0.37,63.98,0.38,10.0,0.63,81.98,0.62,15.0,0.64,371.24,0.65,137.61,0.01,0.01,2359.068936,1776284448000
1776284451.446,51.446,0.36,496.77,0.35,167.61,0.37,37.59,0.38,123.16,0.63,63.98,0.62,10.0,0.64,323.24,0.65,295.61,0.01,0.01,2359.103235,1776284449000
1776284451.799,51.799,0.36,483.77,0.35,137.61,0.37,92.96,0.38,83.5,0.63,37.59,0.62,123.16,0.64,496.77,0.65,167.61,0.01,0.01,2359.1381,1776284450000
1776284452.719,52.719,0.36,407.34,0.35,127.11,0.37,102.96,0.38,83.5,0.63,97.96,0.62,83.5,0.64,479.08,0.65,137.61,0.01,0.01,2359.252002,1776284451000
1776284452.999,52.999,0.36,220.03,0.35,364.11,0.37,177.96,0.38,165.5,0.63,102.96,0.62,83.5,0.64,407.34,0.65,127.11,0.01,0.01,2359.252002,1776284451000
1776284453.506,53.506,0.36,209.03,0.35,364.11,0.37,226.17,0.38,170.5,0.63,182.96,0.62,165.5,0.64,209.03,0.65,364.11,0.01,0.01,2359.13405,1776284452000
1776284453.812,53.812,0.36,198.76,0.35,364.11,0.37,186.17,0.38,170.5,0.63,226.17,0.62,170.5,0.64,208.92,0.65,364.11,0.01,0.01,2359.13405,1776284452000
1776284454.922,54.922,0.36,535.26,0.35,137.61,0.37,103.17,0.38,113.5,0.63,186.17,0.62,170.5,0.64,198.76,0.65,364.11,0.01,0.01,2359.13405,1776284453000
1776284456.331,56.331,0.36,483.69,0.35,165.61,0.37,91.17,0.38,63.5,0.63,103.17,0.62,113.5,0.64,535.26,0.65,137.61,0.01,0.01,2359.114549,1776284454000
1776284456.677,56.677,0.36,484.9,0.35,165.61,0.37,91.17,0.38,53.0,0.63,91.17,0.62,63.5,0.64,483.69,0.65,165.61,0.01,0.01,2359.101147,1776284455000
1776284457.965,57.965,0.36,633.4,0.35,165.6,0.39,60.5,0.4,93.5,0.63,91.17,0.62,53.0,0.64,484.9,0.65,165.61,0.03,0.01,2359.100315,1776284456000
1776284459.388,59.388,0.38,423.0,0.37,105.5,0.39,35.45,0.4,80.5,0.61,60.5,0.6,93.5,0.64,633.4,0.65,165.6,0.01,0.03,2359.110565,1776284458000
1776284460.477,60.477,0.38,354.83,0.37,163.5,0.39,110.05,0.4,156.5,0.61,28.57,0.6,91.5,0.62,423.0,0.63,95.0,0.01,0.01,2359.179805,1776284459000
1776284460.746,60.746,0.38,359.83,0.37,163.5,0.39,110.17,0.4,149.5,0.61,110.05,0.6,156.5,0.62,354.83,0.63,163.5,0.01,0.01,2359.179805,1776284459000
1776284460.985,60.985,0.38,354.83,0.37,163.5,0.39,110.17,0.4,149.5,0.61,110.17,0.6,149.5,0.62,359.83,0.63,163.5,0.01,0.01,2359.179805,1776284459000
1776284461.873,61.873,0.38,339.83,0.37,163.5,0.39,110.17,0.4,149.5,0.61,110.17,0.6,149.5,0.62,354.83,0.63,163.5,0.01,0.01,2359.18151,1776284460000
1776284462.208,62.208,0.38,438.35,0.37,153.0,0.39,110.17,0.4,149.5,0.61,110.17,0.6,149.5,0.62,339.83,0.63,163.5,0.01,0.01,2359.218385,1776284461000
1776284463.167,63.167,0.38,434.05,0.37,162.5,0.39,179.67,0.4,149.5,0.61,110.17,0.6,149.5,0.62,438.35,0.63,153.0,0.01,0.01,2359.218385,1776284461000
1776284464.035,64.035,0.38,469.92,0.37,163.5,0.39,150.67,0.4,149.5,0.61,179.67,0.6,149.5,0.62,422.92,0.63,162.5,0.01,0.01,2359.273025,1776284462000
1776284464.309,64.309,0.38,459.92,0.37,163.5,0.39,150.67,0.4,31.0,0.61,150.67,0.6,149.5,0.62,469.92,0.63,163.5,0.01,0.01,2359.273025,1776284462000
1776284466.699,66.699,0.38,448.62,0.37,163.5,0.39,73.12,0.4,209.35,0.61,148.1,0.6,31.0,0.62,459.92,0.63,163.5,0.01,0.01,2359.28269,1776284465000
1776284467.909,67.909,0.38,541.12,0.37,65.0,0.39,2.12,0.4,15.0,0.61,73.12,0.6,209.35,0.62,448.62,0.63,163.5,0.01,0.01,2359.27627,1776284466000
1776284468.162,68.162,0.39,194.0,0.38,186.03,0.4,58.5,0.41,10.0,0.58,20.5,0.57,25.5,0.61,137.0,0.62,211.62,0.01,0.03,2359.27627,1776284466000
1776284468.382,68.382,0.38,197.03,0.37,132.5,0.41,71.6,0.42,20.5,0.6,10.87,0.59,72.0,0.62,197.03,0.63,132.5,0.03,0.02,2359.281865,1776284467000
1776284468.915,68.915,0.39,5.0,0.38,212.53,0.4,140.5,0.41,239.6,0.59,71.6,0.58,20.5,0.62,197.03,0.63,132.5,0.01,0.03,2359.281865,1776284467000
1776284469.154,69.154,0.38,212.53,0.37,255.5,0.39,38.0,0.4,100.5,0.6,135.5,0.59,239.6,0.61,5.0,0.62,212.53,0.01,0.01,2359.281865,1776284467000
1776284469.542,69.542,0.38,526.54,0.37,133.5,0.39,72.0,0.4,32.5,0.61,38.0,0.6,100.5,0.62,212.53,0.63,255.5,0.01,0.01,2359.28226,1776284468000
1776284469.896,69.896,0.38,528.49,0.37,144.5,0.39,64.0,0.4,22.0,0.61,72.0,0.6,32.5,0.62,526.54,0.63,133.5,0.01,0.01,2359.28226,1776284468000
1776284470.452,70.452,0.38,568.49,0.37,81.5,0.39,44.0,0.4,83.0,0.61,64.0,0.6,22.0,0.62,528.49,0.63,144.5,0.01,0.01,2359.551822,1776284469000
1776284470.932,70.932,0.38,608.85,0.37,90.13,0.44,109.0,0.45,85.09,0.61,44.0,0.6,83.0,0.62,568.49,0.63,81.5,0.06,0.01,2359.551822,1776284469000
1776284471.622,71.622,0.42,33.0,0.41,75.5,0.43,98.5,0.44,114.0,0.56,109.0,0.55,85.09,0.62,608.85,0.63,90.13,0.01,0.06,2359.386702,1776284470000
1776284473.5,73.5,0.43,322.5,0.42,128.5,0.44,30.36,0.45,95.59,0.57,98.5,0.56,114.0,0.58,33.0,0.59,75.5,0.01,0.01,2359.51016,1776284472000
1776284474.457,74.457,0.44,153.97,0.43,317.5,0.45,72.52,0.46,168.5,0.55,151.47,0.54,167.5,0.56,50.0,0.57,327.5,0.01,0.01,2359.530425,1776284473000
1776284474.822,74.822,0.45,97.5,0.44,392.47,0.47,87.25,0.48,138.0,0.55,72.52,0.54,168.5,0.56,153.97,0.57,317.5,0.02,0.01,2359.530425,1776284473000
1776284475.55,75.55,0.46,2.0,0.44,133.97,0.47,449.54,0.48,99.5,0.53,87.25,0.52,138.0,0.55,97.5,0.56,392.47,0.01,0.02,2359.6768,1776284474000
1776284475.847,75.847,0.44,67.97,0.41,55.0,0.45,227.5,0.46,159.29,0.55,9.0,0.53,506.54,0.56,133.97,0.57,113.0,0.01,0.01,2359.6768,1776284474000
1776284476.283,76.283,0.44,19.43,0.41,65.5,0.45,498.88,0.46,209.29,0.55,441.88,0.54,159.29,0.56,23.97,0.59,65.5,0.01,0.01,2359.70942,1776284475000
1776284478.353,78.353,0.41,133.74,0.4,297.0,0.45,453.88,0.46,209.29,0.55,493.88,0.54,209.29,0.56,14.43,0.59,65.5,0.04,0.01,2359.65664,1776284477000
1776284479.416,79.416,0.4,15.29,0.36,3.87,0.41,445.5,0.42,201.54,0.55,453.88,0.54,209.29,0.59,133.74,0.6,297.0,0.01,0.04,2359.567413,1776284478000
1776284480.459,80.459,0.41,15.0,0.4,10.0,0.42,46.22,0.43,55.0,0.59,445.5,0.58,201.54,0.64,3.87,0.65,55.0,0.01,0.05,2359.584131,1776284479000
1776284481.02,81.02,0.39,56.6,0.38,10.0,0.4,10.0,0.41,65.0,0.58,46.22,0.57,55.0,0.59,15.0,0.6,10.0,0.01,0.01,2359.584131,1776284479000
1776284481.292,81.292,0.39,26.6,0.38,12.63,0.4,389.0,0.41,60.0,0.6,10.0,0.59,65.0,0.61,56.6,0.62,10.0,0.01,0.01,2359.461738,1776284480000
1776284481.499,81.499,0.37,39.26,0.36,64.0,0.38,15.0,0.39,135.0,0.62,15.0,0.61,135.0,0.63,9.0,0.64,49.0,0.01,0.01,2359.461738,1776284480000
1776284483.576,83.576,0.37,51.0,0.36,132.5,0.38,150.55,0.39,375.5,0.62,15.0,0.61,135.0,0.63,39.26,0.64,64.0,0.01,0.01,2359.17528,1776284482000
1776284483.787,83.787,0.37,11.0,0.36,55.0,0.38,136.05,0.39,375.5,0.62,136.05,0.61,375.5,0.63,11.0,0.64,106.0,0.01,0.01,2359.17528,1776284482000
1776284485.68,85.68,0.37,419.87,0.36,175.5,0.38,37.99,0.39,60.0,0.62,136.05,0.61,375.5,0.63,11.0,0.64,55.0,0.01,0.01,2359.19007,1776284484000
1776284485.913,85.913,0.38,23.08,0.37,459.87,0.39,65.0,0.4,75.5,0.61,60.0,0.6,75.5,0.63,424.87,0.64,175.5,0.01,0.02,2359.19007,1776284484000
1776284487.252,87.252,0.37,16.92,0.36,117.5,0.39,285.77,0.4,97.5,0.61,65.0,0.6,75.5,0.62,23.08,0.63,459.87,0.02,0.01,2359.185055,1776284486000
1776284488.116,88.116,0.35,5.0,0.34,10.5,0.38,534.18,0.39,97.5,0.61,285.77,0.6,97.5,0.63,16.92,0.64,117.5,0.03,0.02,2359.185055,1776284486000
1776284488.731,88.731,0.34,374.12,0.33,101.0,0.35,131.03,0.36,85.0,0.64,35.5,0.63,30.5,0.66,10.5,0.67,80.0,0.01,0.02,2359.300119,1776284487000
1776284489.035,89.035,0.34,342.75,0.33,101.0,0.35,116.03,0.36,75.0,0.65,131.03,0.64,85.0,0.66,374.12,0.67,101.0,0.01,0.01,2359.300119,1776284487000
1776284489.315,89.315,0.34,417.75,0.33,99.63,0.35,74.68,0.37,5.0,0.65,116.03,0.64,75.0,0.66,342.75,0.67,101.0,0.01,0.01,2359.300119,1776284487000
1776284490.015,90.015,0.36,145.15,0.35,70.5,0.37,81.93,0.38,60.0,0.63,5.0,0.62,60.0,0.66,422.75,0.67,99.63,0.01,0.03,2359.21689,1776284488000
1776284490.256,90.256,0.36,467.15,0.35,133.5,0.37,76.52,0.38,60.0,0.63,81.93,0.62,60.0,0.64,145.15,0.65,70.5,0.01,0.01,2359.21689,1776284488000
1776284490.728,90.728,0.36,455.71,0.35,128.5,0.37,66.52,0.38,60.0,0.63,54.52,0.62,60.0,0.64,467.15,0.65,133.5,0.01,0.01,2359.12264,1776284489000
1776284491.255,91.255,0.36,9.98,0.35,60.5,0.37,245.02,0.38,137.5,0.63,66.52,0.62,60.0,0.64,455.71,0.65,128.5,0.01,0.01,2359.13747,1776284490000
1776284491.936,91.936,0.36,7.63,0.35,60.5,0.37,296.52,0.38,80.5,0.63,245.02,0.62,137.5,0.64,9.98,0.65,60.5,0.01,0.01,2359.13747,1776284490000
1776284493.226,93.226,0.36,2.98,0.35,60.5,0.37,301.52,0.38,300.49,0.63,296.52,0.62,80.5,0.64,7.63,0.65,60.5,0.01,0.01,2359.24163,1776284491000
1776284493.664,93.664,0.34,250.5,0.33,132.5,0.35,192.84,0.36,15.0,0.63,301.52,0.62,300.49,0.64,2.98,0.65,60.5,0.01,0.01,2359.2121,1776284492000
1776284494.02,94.02,0.34,244.59,0.33,132.5,0.35,142.84,0.36,65.0,0.65,192.84,0.64,15.0,0.66,250.5,0.67,132.5,0.01,0.01,2359.2121,1776284492000
1776284494.683,94.683,0.34,249.59,0.33,132.5,0.35,70.42,0.36,65.0,0.65,142.84,0.64,65.0,0.66,244.59,0.67,132.5,0.01,0.01,2359.279045,1776284493000
1776284495.433,95.433,0.32,307.66,0.31,133.5,0.33,30.0,0.34,112.07,0.65,70.42,0.64,65.0,0.66,249.59,0.67,132.5,0.01,0.01,2359.335104,1776284494000
1776284495.77,95.77,0.32,396.66,0.31,177.5,0.33,29.19,0.34,62.07,0.67,24.69,0.66,112.07,0.68,317.66,0.69,133.5,0.01,0.01,2359.335104,1776284494000
1776284496.074,96.074,0.32,335.28,0.31,177.5,0.33,19.19,0.34,47.07,0.67,19.19,0.66,47.07,0.68,339.15,0.69,177.5,0.01,0.01,2359.335104,1776284494000
1776284496.617,96.617,0.32,404.92,0.31,165.5,0.36,10.0,0.37,118.0,0.67,6.69,0.66,47.07,0.68,322.92,0.69,177.5,0.04,0.01,2359.302388,1776284495000
1776284497.247,97.247,0.34,143.36,0.33,80.5,0.35,42.6,0.36,10.0,0.64,10.0,0.63,118.0,0.68,404.92,0.69,165.5,0.01,0.04,2359.160145,1776284496000
1776284498.773,98.773,0.34,415.5,0.33,80.5,0.35,50.94,0.36,5.0,0.65,42.6,0.64,10.0,0.66,143.36,0.67,80.5,0.01,0.01,2359.15543,1776284497000
1776284499.21,99.21,0.36,357.5,0.35,168.5,0.37,74.83,0.38,10.0,0.65,50.94,0.64,5.0,0.66,415.5,0.67,80.5,0.01,0.01,2359.15543,1776284497000
1776284500.715,100.715,0.36,404.21,0.35,173.5,0.37,80.54,0.38,39.03,0.63,74.83,0.62,10.0,0.64,357.5,0.65,168.5,0.01,0.01,2359.224415,1776284499000
1776284501.877,101.877,0.36,401.86,0.35,110.5,0.37,114.66,0.38,99.53,0.63,80.54,0.62,39.03,0.64,404.21,0.65,173.5,0.01,0.01,2359.3185,1776284500000
1776284502.247,102.247,0.36,200.28,0.35,110.5,0.37,109.66,0.38,99.53,0.63,114.66,0.62,99.53,0.64,401.86,0.65,110.5,0.01,0.01,2359.363227,1776284501000
1776284502.855,102.855,0.36,62.93,0.35,347.5,0.37,225.16,0.38,109.53,0.63,109.66,0.62,99.53,0.64,200.28,0.65,110.5,0.01,0.01,2359.363227,1776284501000
1776284505.278,105.278,0.29,260.99,0.28,57.44,0.31,130.0,0.32,30.5,0.63,225.16,0.62,109.53,0.64,62.93,0.65,347.5,0.02,0.01,2359.358023,1776284503000
1776284505.486,105.486,0.29,255.99,0.28,57.44,0.3,42.66,0.31,86.5,0.69,130.0,0.68,30.5,0.71,260.99,0.72,57.44,0.01,0.02,2359.358023,1776284503000
1776284506.057,106.057,0.29,356.79,0.28,125.44,0.3,20.0,0.31,15.0,0.7,39.32,0.69,86.5,0.71,255.99,0.72,57.44,0.01,0.01,2359.281155,1776284504000
1776284506.352,106.352,0.29,378.79,0.28,125.44,0.3,16.66,0.31,15.0,0.7,20.0,0.69,15.0,0.71,356.79,0.72,125.44,0.01,0.01,2359.16319,1776284505000
1776284506.637,106.637,0.29,373.79,0.28,125.44,0.3,10.96,0.31,15.0,0.7,16.66,0.69,15.0,0.71,378.79,0.72,125.44,0.01,0.01,2359.16319,1776284505000
1776284508.127,108.127,0.29,415.4,0.28,136.44,0.31,5.0,0.32,73.0,0.7,10.96,0.69,65.0,0.71,374.4,0.72,125.44,0.02,0.01,2359.097905,1776284506000
1776284510.96,110.96,0.32,398.5,0.31,223.5,0.33,0.71,0.35,181.13,0.69,5.0,0.68,73.0,0.71,415.4,0.72,136.44,0.01,0.02,2359.03049,1776284509000
1776284512.174,112.174,0.34,12.92,0.33,122.0,0.35,162.49,0.36,95.5,0.65,165.13,0.64,90.5,0.66,10.29,0.67,15.0,0.01,0.01,2359.067655,1776284511000
1776284513.154,113.154,0.34,11.11,0.33,292.0,0.35,162.49,0.36,125.12,0.65,162.49,0.64,95.5,0.66,12.92,0.67,122.0,0.01,0.01,2359.067655,1776284512000
1776284513.751,113.751,0.34,5.41,0.33,292.0,0.35,167.49,0.36,125.12,0.65,162.49,0.64,125.12,0.66,11.11,0.67,292.0,0.01,0.01,2359.067655,1776284512000
1776284515.476,115.476,0.32,40.0,0.31,115.0,0.33,125.95,0.34,80.5,0.65,167.49,0.64,125.12,0.66,5.41,0.67,292.0,0.01,0.01,2359.219102,1776284514000
1776284515.946,115.946,0.32,2.6,0.31,155.5,0.33,120.95,0.34,80.5,0.67,125.95,0.66,80.5,0.68,40.0,0.69,115.0,0.01,0.01,2359.219102,1776284515000
1776284516.33,116.33,0.31,61.1,0.3,312.5,0.33,148.63,0.34,88.86,0.67,120.95,0.66,80.5,0.68,2.6,0.69,155.5,0.02,0.01,2359.219102,1776284515000
1776284517.544,117.544,0.32,14.52,0.31,299.1,0.33,85.5,0.34,184.49,0.67,148.63,0.66,88.86,0.69,61.1,0.7,312.5,0.01,0.02,2359.181885,1776284516000
1776284517.931,117.931,0.32,5.36,0.31,299.1,0.33,85.95,0.34,184.49,0.67,85.5,0.66,184.49,0.68,5.36,0.69,299.1,0.01,0.01,2359.181885,1776284516000
1776284518.702,118.702,0.32,420.86,0.31,137.1,0.34,20.7,0.35,87.19,0.67,85.95,0.66,184.49,0.68,5.36,0.69,299.1,0.02,0.01,2359.1,1776284517000
1776284519.082,119.082,0.33,357.5,0.32,173.86,0.35,87.1,0.36,186.13,0.66,9.7,0.65,87.19,0.67,5.0,0.68,420.86,0.02,0.01,2359.1,1776284517000
1776284520.222,120.222,0.35,15.5,0.34,414.5,0.36,6.41,0.37,39.5,0.65,87.1,0.64,186.13,0.67,357.5,0.68,173.86,0.01,0.02,2359.0726,1776284518000
1776284520.521,120.521,0.36,87.5,0.35,310.5,0.37,52.63,0.38,24.5,0.63,35.91,0.62,65.0,0.65,40.5,0.66,404.5,0.01,0.02,2359.0726,1776284518000
1776284520.728,120.728,0.38,1.93,0.37,40.0,0.39,38.63,0.4,58.0,0.63,52.63,0.62,24.5,0.64,327.37,0.65,125.5,0.01,0.01,2359.0726,1776284518000
1776284520.948,120.948,0.38,15.0,0.37,72.97,0.39,9.0,0.4,157.13,0.61,38.63,0.6,108.0,0.63,37.47,0.64,415.37,0.01,0.02,2359.0726,1776284518000
1776284521.359,121.359,0.39,23.98,0.38,5.0,0.4,257.13,0.41,314.14,0.6,172.13,0.59,309.14,0.61,23.98,0.62,10.0,0.01,0.01,2359.07628,1776284519000
1776284521.687,121.687,0.38,5.0,0.37,10.0,0.4,513.13,0.41,166.14,0.6,456.13,0.59,134.14,0.61,4.16,0.62,5.0,0.02,0.01,2359.07628,1776284519000
1776284521.889,121.889,0.37,10.0,0.36,5.0,0.39,224.91,0.4,407.86,0.6,513.13,0.59,166.14,0.62,5.0,0.63,10.0,0.02,0.02,2359.07628,1776284519000
1776284522.328,122.328,0.37,5.0,0.36,5.0,0.38,449.49,0.39,176.28,0.61,224.91,0.6,407.86,0.63,10.0,0.64,5.0,0.01,0.02,2359.16281,1776284520000
1776284522.776,122.776,0.37,1.84,0.36,5.0,0.38,474.49,0.39,176.28,0.62,449.49,0.61,176.28,0.63,5.0,0.64,5.0,0.01,0.01,2359.238465,1776284521000
1776284525.582,125.582,0.37,1.84,0.36,5.0,0.38,474.54,0.39,99.86,0.62,474.49,0.61,176.28,0.63,1.84,0.64,5.0,0.01,0.01,2359.348671,1776284523000
1776284526.338,126.338,0.37,1.84,0.36,5.0,0.38,506.46,0.39,145.64,0.62,474.54,0.61,99.86,0.63,1.84,0.64,5.0,0.01,0.01,2359.31774,1776284524000
1776284527.643,127.643,0.37,27.84,0.36,65.5,0.38,451.46,0.39,122.73,0.62,506.46,0.61,145.64,0.63,1.84,0.64,5.0,0.01,0.01,2359.32872,1776284526000
1776284530.605,130.605,0.38,25.5,0.37,393.34,0.4,5.95,0.41,12.36,0.62,451.46,0.61,122.73,0.63,27.84,0.64,65.5,0.02,0.01,2359.421056,1776284529000
1776284530.867,130.867,0.36,20.73,0.35,80.5,0.41,50.33,0.42,89.72,0.59,11.7,0.58,136.72,0.62,25.5,0.63,393.34,0.05,0.03,2359.421056,1776284529000
1776284531.271,131.271,0.4,20.0,0.39,20.0,0.41,310.83,0.42,95.72,0.59,50.33,0.58,89.72,0.64,20.73,0.65,80.5,0.01,0.05,2359.421056,1776284529000
1776284531.565,131.565,0.4,14.91,0.39,31.0,0.41,420.83,0.42,95.72,0.59,310.83,0.58,95.72,0.6,20.0,0.61,20.0,0.01,0.01,2359.448714,1776284530000
1776284532.709,132.709,0.4,29.24,0.39,341.0,0.41,19.34,0.42,201.82,0.59,420.83,0.58,95.72,0.6,13.24,0.61,31.0,0.01,0.01,2359.448714,1776284530000
1776284532.946,132.946,0.4,24.24,0.39,341.0,0.41,8.34,0.42,201.82,0.59,19.34,0.58,201.82,0.6,29.24,0.61,341.0,0.01,0.01,2359.503871,1776284531000
1776284533.887,133.887,0.4,22.4,0.39,36.0,0.41,263.84,0.42,193.81,0.59,8.34,0.58,201.82,0.6,24.24,0.61,341.0,0.01,0.01,2359.5739,1776284532000
1776284534.354,134.354,0.4,11.4,0.39,25.0,0.41,376.49,0.42,204.81,0.59,263.84,0.58,193.81,0.6,22.4,0.61,36.0,0.01,0.01,2359.5739,1776284532000
1776284536.229,136.229,0.4,6.4,0.39,25.0,0.41,354.44,0.42,193.81,0.59,376.49,0.58,204.81,0.6,11.4,0.61,25.0,0.01,0.01,2359.58162,1776284534000
1776284538.635,138.635,0.4,6.4,0.39,25.0,0.41,481.64,0.42,109.69,0.59,354.44,0.58,193.81,0.6,6.4,0.61,25.0,0.01,0.01,2359.592365,1776284537000
1776284538.928,138.928,0.39,18.4,0.38,5.0,0.41,479.2,0.42,109.69,0.59,474.2,0.58,109.69,0.6,6.4,0.61,25.0,0.02,0.01,2359.592365,1776284537000
1776284543.14,143.14,0.39,5.0,0.38,65.5,0.4,446.63,0.41,84.0,0.59,479.2,0.58,109.69,0.61,18.4,0.62,5.0,0.01,0.02,2359.552685,1776284541000
1776284546.529,146.529,0.39,113.08,0.38,323.5,0.4,31.82,0.41,123.0,0.6,446.63,0.59,84.0,0.61,5.0,0.62,65.5,0.01,0.01,2359.63926,1776284545000
1776284551.123,151.123,0.39,26.8,0.38,66.0,0.4,128.0,0.41,307.0,0.6,31.82,0.59,123.0,0.61,113.08,0.62,323.5,0.01,0.01,2359.770859,1776284549000
1776284551.572,151.572,0.39,26.8,0.38,133.5,0.4,67.5,0.41,105.0,0.6,128.0,0.59,307.0,0.61,26.8,0.62,66.0,0.01,0.01,2359.678505,1776284550000
1776284553.578,153.578,0.42,15.0,0.41,112.0,0.43,43.34,0.44,65.5,0.6,67.5,0.59,105.0,0.61,26.8,0.62,133.5,0.01,0.01,2359.828784,1776284552000
1776284553.911,153.911,0.43,102.0,0.42,237.0,0.45,123.5,0.46,65.5,0.57,43.34,0.56,65.5,0.58,15.0,0.59,112.0,0.02,0.01,2359.828784,1776284552000
1776284555.482,155.482,0.45,27.0,0.44,287.0,0.46,30.0,0.47,60.0,0.55,123.5,0.54,65.5,0.57,102.0,0.58,237.0,0.01,0.02,2359.773626,1776284554000
1776284557.683,157.683,0.46,55.0,0.45,113.0,0.47,114.5,0.48,70.5,0.54,30.0,0.53,60.0,0.56,256.0,0.57,71.5,0.01,0.02,2359.971423,1776284555000
1776284558.158,158.158,0.45,113.0,0.44,111.0,0.46,22.3,0.47,69.5,0.53,109.5,0.52,70.5,0.55,113.0,0.56,111.0,0.01,0.02,2359.994464,1776284556000
1776284560.532,160.532,0.47,4.41,0.46,273.5,0.49,5.0,0.5,58.0,0.54,14.9,0.53,69.5,0.55,56.0,0.56,111.0,0.02,0.01,2360.119521,1776284559000
1776284561.113,161.113,0.49,15.0,0.48,128.0,0.5,55.52,0.51,65.5,0.5,49.48,0.49,60.5,0.52,5.0,0.53,9.41,0.01,0.02,2360.119521,1776284559000
1776284561.603,161.603,0.5,25.0,0.49,302.0,0.52,118.0,0.53,138.03,0.49,65.5,0.48,65.0,0.5,10.0,0.51,20.0,0.02,0.01,2360.146104,1776284560000
1776284562.011,162.011,0.5,5.0,0.49,10.0,0.52,218.5,0.53,86.03,0.48,116.0,0.47,138.03,0.49,10.0,0.5,20.0,0.02,0.01,2360.146104,1776284560000
1776284562.737,162.737,0.49,5.0,0.48,10.0,0.51,206.5,0.52,116.5,0.48,218.5,0.47,86.03,0.5,5.0,0.51,10.0,0.02,0.02,2360.146104,1776284560000
1776284563.175,163.175,0.48,24.4,0.47,97.91,0.49,112.0,0.5,85.5,0.49,206.5,0.48,116.5,0.51,5.0,0.52,10.0,0.01,0.02,2360.08142,1776284561000
1776284566.819,166.819,0.48,17.7,0.47,327.91,0.49,112.0,0.5,143.5,0.51,112.0,0.5,85.5,0.52,24.4,0.53,97.91,0.01,0.01,2360.116384,1776284565000
1776284567.154,167.154,0.42,38.6,0.41,175.0,0.44,20.5,0.45,186.5,0.51,112.0,0.5,143.5,0.52,17.7,0.53,327.91,0.02,0.01,2360.116384,1776284565000
1776284568.758,168.758,0.37,60.0,0.36,76.23,0.39,104.0,0.4,217.0,0.56,20.5,0.55,186.5,0.58,38.6,0.59,175.0,0.02,0.02,2360.116384,1776284566000
1776284569.261,169.261,0.37,90.64,0.36,313.23,0.38,20.0,0.39,94.0,0.62,20.0,0.61,151.0,0.63,53.6,0.64,191.23,0.01,0.01,2360.10186,1776284567000
1776284571.883,171.883,0.37,63.1,0.36,376.23,0.38,93.0,0.39,214.0,0.62,20.0,0.61,94.0,0.63,55.64,0.64,313.23,0.01,0.01,2359.781438,1776284570000
1776284573.161,173.161,0.38,20.5,0.37,449.59,0.4,5.75,0.41,10.0,0.62,93.0,0.61,214.0,0.63,63.1,0.64,376.23,0.02,0.01,2359.76587,1776284571000
1776284573.532,173.532,0.39,75.0,0.38,84.93,0.41,10.0,0.42,15.0,0.6,0.75,0.59,10.0,0.62,20.5,0.63,449.59,0.02,0.02,2359.75524,1776284572000
1776284575.936,175.936,0.4,65.0,0.39,312.0,0.41,12.56,0.42,20.0,0.59,10.0,0.58,15.0,0.61,75.0,0.62,84.93,0.01,0.02,2359.797275,1776284574000
1776284576.775,176.775,0.4,5.0,0.39,297.0,0.41,24.36,0.42,138.5,0.59,12.56,0.58,20.0,0.6,65.0,0.61,312.0,0.01,0.01,2359.868755,1776284575000
1776284581.387,181.387,0.4,52.19,0.39,297.0,0.41,50.7,0.42,93.5,0.59,30.7,0.58,138.5,0.6,5.0,0.61,297.0,0.01,0.01,2359.888954,1776284580000
1776284581.739,181.739,0.4,28.46,0.39,297.0,0.41,50.7,0.42,93.5,0.59,50.7,0.58,93.5,0.6,52.19,0.61,297.0,0.01,0.01,2359.888954,1776284580000
1776284582.146,182.146,0.4,279.46,0.39,60.0,0.41,10.0,0.42,26.0,0.59,50.7,0.58,93.5,0.6,28.46,0.61,297.0,0.01,0.01,2359.888954,1776284580000
1776284583.208,183.208,0.4,277.07,0.39,65.0,0.41,10.0,0.42,84.0,0.59,10.0,0.58,26.0,0.6,279.46,0.61,60.0,0.01,0.01,2359.85699,1776284581000
1776284584.49,184.49,0.45,10.0,0.44,127.0,0.46,81.71,0.47,101.04,0.59,10.0,0.58,84.0,0.6,277.07,0.61,65.0,0.01,0.01,2359.887195,1776284583000
1776284585.195,185.195,0.44,67.0,0.43,65.0,0.46,146.71,0.47,338.04,0.54,81.71,0.53,101.04,0.55,10.0,0.56,127.0,0.02,0.01,2359.893035,1776284584000
1776284585.567,185.567,0.45,59.0,0.44,114.0,0.46,6.5,0.47,163.54,0.54,146.71,0.53,338.04,0.56,67.0,0.57,65.0,0.01,0.02,2359.893035,1776284584000
1776284586.341,186.341,0.45,64.0,0.44,294.0,0.46,36.03,0.47,137.5,0.54,6.5,0.53,163.54,0.55,59.0,0.56,114.0,0.01,0.01,2359.95807,1776284585000
1776284586.611,186.611,0.45,404.0,0.44,137.5,0.48,10.5,0.49,123.5,0.54,36.03,0.53,137.5,0.55,64.0,0.56,294.0,0.03,0.01,2359.95807,1776284585000
1776284586.943,186.943,0.48,17.67,0.47,47.0,0.49,126.35,0.5,60.0,0.51,116.35,0.5,55.0,0.53,16.0,0.55,404.0,0.01,0.02,2359.95807,1776284585000
1776284590.766,190.766,0.49,289.98,0.48,98.67,0.5,10.5,0.51,55.0,0.51,126.35,0.5,60.0,0.52,17.67,0.53,47.0,0.01,0.01,2360.200565,1776284589000
1776284591.301,191.301,0.5,9.9,0.49,345.48,0.51,10.89,0.52,59.75,0.48,54.75,0.47,72.53,0.5,5.0,0.51,339.98,0.01,0.02,2360.274048,1776284590000
1776284591.822,191.822,0.5,360.4,0.49,118.48,0.53,10.53,0.54,15.5,0.49,10.89,0.48,59.75,0.5,9.9,0.51,345.48,0.03,0.01,2360.274048,1776284590000
1776284592.142,192.142,0.52,41.0,0.51,88.0,0.53,60.55,0.54,75.5,0.47,5.53,0.46,75.5,0.48,48.0,0.49,127.0,0.01,0.01,2360.274048,1776284590000
1776284592.428,192.428,0.52,46.0,0.51,88.0,0.53,2.5,0.54,80.5,0.47,65.45,0.46,80.5,0.48,36.0,0.49,88.0,0.01,0.01,2360.31388,1776284591000
1776284592.864,192.864,0.52,29.75,0.51,98.5,0.53,4.74,0.54,78.0,0.47,10.5,0.46,78.0,0.48,34.75,0.49,98.5,0.01,0.01,2360.31388,1776284591000
1776284594.85,194.85,0.56,71.36,0.55,78.0,0.57,5.0,0.58,43.92,0.47,4.74,0.46,78.0,0.48,29.75,0.49,98.5,0.01,0.01,2360.308725,1776284593000
1776284595.361,195.361,0.56,5.0,0.55,57.0,0.57,225.5,0.58,37.2,0.42,11.7,0.41,55.0,0.43,10.0,0.44,76.36,0.01,0.01,2360.308725,1776284593000
1776284595.689,195.689,0.51,19.4,0.5,25.4,0.57,230.5,0.58,37.2,0.43,215.5,0.42,37.2,0.44,5.0,0.45,57.0,0.06,0.01,2360.400633,1776284594000
1776284595.95,195.95,0.51,24.4,0.5,30.4,0.52,10.28,0.53,25.0,0.48,5.0,0.47,10.0,0.49,19.4,0.5,25.4,0.01,0.01,2360.363167,1776284595000
1776284597.029,197.029,0.51,5.0,0.5,25.4,0.52,20.78,0.53,40.5,0.48,10.28,0.47,25.0,0.49,24.4,0.5,30.4,0.01,0.01,2360.468322,1776284596000
1776284597.478,197.478,0.5,25.4,0.49,29.9,0.51,78.57,0.52,72.78,0.48,20.78,0.47,40.5,0.49,5.0,0.5,25.4,0.01,0.01,2360.468322,1776284596000
1776284598.224,198.224,0.5,13.96,0.49,29.9,0.51,140.57,0.52,257.78,0.49,78.57,0.48,72.78,0.5,25.4,0.51,29.9,0.01,0.01,2360.415195,1776284597000
1776284598.585,198.585,0.5,69.61,0.49,29.9,0.51,133.8,0.52,252.78,0.49,140.57,0.48,257.78,0.5,13.96,0.51,29.9,0.01,0.01,2360.415195,1776284597000
1776284599.93,199.93,0.45,5.0,0.44,5.0,0.51,373.8,0.52,77.78,0.49,133.8,0.48,252.78,0.5,69.61,0.51,29.9,0.06,0.01,2360.27474,1776284598000
1776284600.504,200.504,0.46,5.0,0.45,15.5,0.47,82.87,0.48,40.5,0.49,373.8,0.48,77.78,0.56,2.48,0.57,55.0,0.01,0.07,2360.27268,1776284599000
1776284602.105,202.105,0.44,10.5,0.43,21.0,0.45,131.0,0.46,265.5,0.53,82.87,0.52,40.5,0.54,5.0,0.55,15.5,0.01,0.01,2360.226155,1776284601000
1776284602.453,202.453,0.44,7.28,0.43,10.0,0.45,103.0,0.46,270.5,0.55,98.0,0.54,265.5,0.56,10.5,0.57,10.0,0.01,0.01,2360.226155,1776284601000
1776284603.22,203.22,0.39,4.74,0.38,15.5,0.42,50.0,0.43,5.0,0.55,103.0,0.54,270.5,0.56,7.28,0.57,10.0,0.03,0.01,2360.226155,1776284601000
1776284603.651,203.651,0.37,15.5,0.36,65.73,0.39,275.5,0.4,204.5,0.6,162.5,0.59,125.5,0.62,5.0,0.63,15.5,0.02,0.02,2360.141335,1776284602000
1776284604.201,204.201,0.35,21.5,0.34,30.5,0.38,30.0,0.39,44.5,0.61,275.5,0.6,204.5,0.63,15.5,0.64,65.73,0.03,0.02,2360.141335,1776284602000
1776284605.323,205.323,0.35,24.15,0.34,88.5,0.36,25.0,0.37,35.5,0.62,55.0,0.61,44.5,0.65,15.95,0.66,88.5,0.01,0.03,2360.07957,1776284604000
1776284605.589,205.589,0.35,46.15,0.34,88.5,0.37,32.79,0.38,106.55,0.64,25.0,0.63,35.5,0.65,24.15,0.66,88.5,0.02,0.01,2360.07957,1776284604000
1776284606.27,206.27,0.32,56.43,0.31,5.0,0.33,20.0,0.34,20.0,0.63,32.79,0.62,106.55,0.65,46.15,0.66,88.5,0.01,0.02,2359.979186,1776284605000
1776284607.059,207.059,0.32,16.0,0.31,5.0,0.33,98.0,0.34,20.0,0.67,20.0,0.66,20.0,0.68,56.43,0.69,5.0,0.01,0.01,2359.979186,1776284605000
1776284607.608,207.608,0.3,93.6,0.28,10.0,0.31,50.0,0.32,10.0,0.67,98.0,0.66,20.0,0.68,16.0,0.69,5.0,0.01,0.01,2359.979186,1776284605000
1776284607.888,207.888,0.24,10.0,0.23,188.69,0.28,50.0,0.29,20.0,0.69,363.89,0.68,10.0,0.73,5.0,0.74,9.43,0.04,0.04,2359.838801,1776284606000
1776284608.242,208.242,0.23,246.69,0.21,50.0,0.24,15.0,0.25,29.0,0.75,20.0,0.74,10.0,0.77,241.69,0.78,57.0,0.01,0.02,2359.838801,1776284606000
1776284608.489,208.489,0.23,240.69,0.21,50.0,0.25,38.0,0.26,10.0,0.76,3.86,0.75,29.0,0.77,235.69,0.79,50.0,0.02,0.01,2359.791565,1776284607000
1776284609.264,209.264,0.23,299.0,0.22,6.0,0.24,17.99,0.25,49.0,0.75,38.0,0.74,10.0,0.77,240.69,0.79,50.0,0.01,0.02,2359.738565,1776284608000
1776284609.621,209.621,0.23,341.5,0.22,107.56,0.24,5.83,0.25,30.0,0.76,17.99,0.75,49.0,0.77,299.0,0.78,6.0,0.01,0.01,2359.738565,1776284608000
1776284609.959,209.959,0.23,346.5,0.22,107.56,0.25,19.59,0.26,10.0,0.76,5.83,0.75,30.0,0.77,341.5,0.78,107.56,0.02,0.01,2359.738565,1776284608000
1776284610.304,210.304,0.24,327.5,0.23,141.62,0.25,10.19,0.26,15.0,0.75,19.59,0.74,10.0,0.77,346.5,0.78,107.56,0.01,0.02,2359.738565,1776284608000
1776284611.28,211.28,0.24,298.67,0.23,117.5,0.25,10.19,0.26,15.0,0.75,10.19,0.74,15.0,0.76,304.6,0.77,117.5,0.01,0.01,2359.544655,1776284609000
1776284611.615,211.615,0.24,3.0,0.23,15.5,0.25,15.19,0.26,25.5,0.75,10.19,0.74,15.0,0.76,298.67,0.77,117.5,0.01,0.01,2359.461562,1776284610000
1776284611.938,211.938,0.19,47.42,0.18,56.0,0.2,18.0,0.21,31.0,0.76,10.0,0.75,15.19,0.78,48.0,0.79,108.0,0.01,0.02,2359.461562,1776284610000
1776284612.744,212.744,0.16,13.76,0.15,78.2,0.19,18.0,0.2,28.0,0.81,18.0,0.8,23.0,0.82,54.39,0.83,69.0,0.03,0.01,2359.418725,1776284611000
1776284613.102,213.102,0.16,16.31,0.15,50.0,0.18,10.0,0.19,15.0,0.81,18.0,0.8,28.0,0.84,13.76,0.85,78.2,0.02,0.03,2359.418725,1776284611000
1776284613.475,213.475,0.16,15.11,0.15,50.0,0.17,10.0,0.18,10.0,0.82,10.0,0.81,15.0,0.84,16.31,0.85,50.0,0.01,0.02,2359.418725,1776284611000
1776284614.011,214.011,0.16,13.92,0.15,150.73,0.18,10.0,0.19,10.0,0.83,10.0,0.82,10.0,0.84,10.11,0.85,50.0,0.02,0.01,2359.421362,1776284612000
1776284614.486,214.486,0.17,226.5,0.16,67.0,0.19,4.47,0.2,10.0,0.82,10.0,0.81,10.0,0.84,41.77,0.85,150.73,0.02,0.02,2359.421362,1776284612000
1776284614.882,214.882,0.18,23.92,0.17,216.5,0.19,10.0,0.2,15.0,0.81,4.47,0.8,10.0,0.83,226.5,0.84,67.0,0.01,0.02,2359.174834,1776284613000
1776284615.853,215.853,0.2,164.5,0.19,33.5,0.22,7.11,0.23,10.0,0.81,10.0,0.8,15.0,0.82,23.92,0.83,216.5,0.02,0.01,2359.077971,1776284614000
1776284616.238,216.238,0.23,10.0,0.22,20.5,0.24,4.0,0.25,46.02,0.75,41.02,0.74,54.0,0.79,62.5,0.8,329.5,0.01,0.04,2359.077971,1776284614000
1776284617.005,217.005,0.23,45.73,0.22,127.5,0.25,91.02,0.26,72.0,0.75,39.02,0.74,54.0,0.77,10.0,0.78,20.5,0.02,0.02,2359.015518,1776284615000
1776284617.241,217.241,0.23,74.73,0.22,250.5,0.24,10.0,0.25,86.02,0.76,20.5,0.75,86.02,0.77,23.73,0.78,127.5,0.01,0.01,2359.166071,1776284616000
1776284617.446,217.446,0.23,163.0,0.22,127.5,0.24,10.0,0.25,86.02,0.76,10.0,0.75,86.02,0.77,169.0,0.78,127.5,0.01,0.01,2359.166071,1776284616000
1776284617.917,217.917,0.23,65.84,0.22,127.5,0.24,10.0,0.25,86.02,0.76,10.0,0.75,86.02,0.77,70.0,0.78,127.5,0.01,0.01,2359.166071,1776284616000
1776284618.14,218.14,0.23,65.0,0.22,127.5,0.24,10.0,0.25,86.02,0.76,10.0,0.75,86.02,0.77,65.84,0.78,127.5,0.01,0.01,2359.166071,1776284616000
1776284618.904,218.904,0.24,17.97,0.23,307.5,0.25,86.02,0.26,15.0,0.76,10.0,0.75,86.02,0.77,65.0,0.78,127.5,0.01,0.01,2359.25146,1776284617000
1776284619.142,219.142,0.24,8.84,0.23,307.5,0.25,86.02,0.26,15.0,0.75,86.02,0.74,15.0,0.76,17.97,0.77,307.5,0.01,0.01,2359.25146,1776284617000
1776284619.738,219.738,0.24,11.81,0.23,127.5,0.25,57.02,0.26,173.66,0.75,86.02,0.74,15.0,0.76,8.84,0.77,307.5,0.01,0.01,2359.25146,1776284617000
1776284620.497,220.497,0.24,20.0,0.23,250.5,0.26,5.0,0.27,10.0,0.75,57.02,0.74,173.66,0.76,2.88,0.77,127.5,0.02,0.01,2359.284245,1776284618000
1776284620.799,220.799,0.26,4.0,0.25,10.0,0.27,15.0,0.29,6.0,0.74,5.0,0.73,10.0,0.76,20.0,0.77,250.5,0.01,0.02,2359.284245,1776284618000
1776284621.017,221.017,0.26,1.29,0.25,20.0,0.32,50.0,0.33,50.0,0.73,15.0,0.71,6.0,0.74,4.0,0.75,10.0,0.06,0.01,2359.401559,1776284619000
1776284621.263,221.263,0.26,1.29,0.25,21.0,0.28,64.76,0.32,50.0,0.72,73.76,0.68,50.0,0.74,1.29,0.75,21.0,0.02,0.02,2359.401559,1776284619000
1776284621.729,221.729,0.27,8.63,0.26,15.0,0.28,15.0,0.29,10.0,0.68,50.0,0.67,60.0,0.75,13.47,0.76,240.0,0.01,0.07,2359.401559,1776284619000
1776284623.989,223.989,0.21,226.66,0.2,289.55,0.22,16.0,0.23,16.0,0.71,10.0,0.7,15.0,0.73,3.63,0.74,5.0,0.01,0.02,2359.579287,1776284623000
1776284624.334,224.334,0.21,414.61,0.2,109.55,0.22,5.0,0.23,16.0,0.78,16.0,0.77,16.0,0.79,234.61,0.8,289.55,0.01,0.01,2359.579287,1776284623000
1776284624.963,224.963,0.22,67.47,0.21,414.61,0.23,10.0,0.24,71.0,0.76,65.5,0.75,26.5,0.78,5.0,0.79,431.31,0.01,0.02,2359.579287,1776284623000
1776284625.244,225.244,0.22,66.18,0.21,414.61,0.23,10.0,0.24,128.0,0.77,10.0,0.76,71.0,0.78,67.47,0.79,414.61,0.01,0.01,2359.437851,1776284624000
1776284625.537,225.537,0.2,225.63,0.19,58.0,0.22,30.5,0.23,74.5,0.77,10.0,0.76,128.0,0.78,66.18,0.79,414.61,0.02,0.01,2359.437851,1776284624000
1776284625.743,225.743,0.15,9.9,0.14,51.9,0.21,56.5,0.22,49.5,0.78,30.5,0.77,74.5,0.8,225.63,0.81,58.0,0.06,0.02,2359.437851,1776284624000
1776284626.555,226.555,0.13,9.13,0.12,10.0,0.17,15.0,0.18,26.0,0.79,56.5,0.78,49.5,0.8,38.83,0.85,9.9,0.04,0.01,2359.346354,1776284625000
1776284627.774,227.774,0.11,8.65,0.1,10.0,0.13,18.5,0.14,41.24,0.83,15.0,0.82,26.0,0.87,9.13,0.88,10.0,0.02,0.04,2359.3284,1776284626000
1776284628.139,228.139,0.11,0.86,0.1,10.0,0.12,29.5,0.13,24.81,0.87,16.81,0.86,41.24,0.89,8.65,0.9,10.0,0.01,0.02,2359.3284,1776284626000
1776284628.856,228.856,0.09,54.0,0.08,58.9,0.11,181.57,0.12,32.18,0.88,29.5,0.87,24.81,0.9,8.72,0.91,54.0,0.02,0.02,2358.905632,1776284627000
1776284629.089,229.089,0.1,8.88,0.09,54.0,0.11,134.02,0.12,42.18,0.89,120.02,0.88,42.18,0.9,10.0,0.91,54.0,0.01,0.01,2358.905632,1776284627000
1776284629.749,229.749,0.09,64.83,0.08,58.9,0.1,81.74,0.11,104.28,0.89,134.02,0.88,42.18,0.91,50.81,0.92,58.9,0.01,0.02,2358.655771,1776284628000
1776284630.225,230.225,0.08,5.61,0.07,10.0,0.1,76.74,0.11,169.28,0.9,81.74,0.89,104.28,0.91,64.83,0.92,58.9,0.02,0.01,2358.58392,1776284629000
1776284630.465,230.465,0.06,23.55,0.05,148.7,0.09,14.0,0.1,56.0,0.9,76.74,0.89,169.28,0.92,5.61,0.93,10.0,0.03,0.02,2358.58392,1776284629000
1776284630.979,230.979,0.07,53.5,0.06,33.55,0.08,26.6,0.09,15.0,0.91,14.0,0.9,56.0,0.94,23.55,0.95,148.7,0.01,0.03,2358.58392,1776284629000
1776284631.251,231.251,0.07,46.46,0.06,33.55,0.08,37.1,0.09,20.0,0.92,46.6,0.91,20.0,0.93,51.46,0.94,33.55,0.01,0.01,2358.58392,1776284629000
1776284631.668,231.668,0.07,57.46,0.06,33.55,0.08,27.96,0.09,20.0,0.92,37.1,0.91,20.0,0.93,46.46,0.94,33.55,0.01,0.01,2358.567712,1776284630000
1776284631.969,231.969,0.07,47.46,0.06,33.55,0.08,26.17,0.09,20.0,0.92,27.96,0.91,20.0,0.93,57.46,0.94,33.55,0.01,0.01,2358.582157,1776284631000
1776284632.371,232.371,0.07,57.28,0.06,33.55,0.08,16.36,0.09,35.5,0.92,10.0,0.91,20.0,0.93,57.28,0.94,33.55,0.01,0.01,2358.582157,1776284631000
1776284633.164,233.164,0.07,57.28,0.06,93.55,0.08,28.26,0.09,12.0,0.92,12.79,0.91,35.5,0.93,52.28,0.94,33.55,0.01,0.01,2358.521743,1776284632000
1776284633.599,233.599,0.07,117.28,0.06,33.55,0.08,19.12,0.11,92.78,0.92,28.26,0.91,12.0,0.93,57.28,0.94,93.55,0.01,0.01,2358.521743,1776284632000
1776284634.499,234.499,0.07,27.46,0.06,83.55,0.08,59.12,0.11,92.78,0.92,19.12,0.89,92.78,0.93,117.28,0.94,33.55,0.01,0.01,2358.506309,1776284633000
1776284634.74,234.74,0.07,92.76,0.06,83.55,0.08,6.09,0.11,92.78,0.92,9.98,0.89,92.78,0.93,82.76,0.94,83.55,0.01,0.01,2358.506309,1776284633000
1776284635.151,235.151,0.08,10.91,0.07,275.58,0.11,102.78,0.12,15.68,0.92,6.09,0.89,92.78,0.93,92.76,0.94,83.55,0.03,0.01,2358.506309,1776284633000
1776284635.392,235.392,0.1,5.0,0.09,10.0,0.11,98.64,0.12,20.68,0.89,102.78,0.88,15.68,0.92,10.91,0.93,275.58,0.01,0.03,2358.608942,1776284634000
1776284636.128,236.128,0.1,5.0,0.08,20.91,0.11,89.48,0.12,20.68,0.89,98.64,0.88,20.68,0.9,5.0,0.91,10.0,0.01,0.01,2358.608942,1776284634000
1776284637.532,237.532,0.08,80.9,0.07,114.76,0.1,14.0,0.11,99.98,0.89,89.48,0.88,20.68,0.9,5.0,0.92,20.91,0.02,0.01,2358.765744,1776284636000
1776284638.106,238.106,0.09,44.0,0.08,58.9,0.1,3.0,0.11,104.98,0.9,7.0,0.89,99.98,0.92,85.9,0.93,114.76,0.01,0.02,2358.763042,1776284637000
1776284638.984,238.984,0.09,69.88,0.08,63.9,0.1,47.2,0.11,94.98,0.9,11.7,0.89,104.98,0.91,99.55,0.92,63.9,0.01,0.01,2358.763042,1776284637000
1776284640.802,240.802,0.09,3.86,0.08,58.9,0.1,31.7,0.11,89.48,0.9,47.2,0.89,94.98,0.91,69.88,0.92,63.9,0.01,0.01,2358.672659,1776284639000
1776284641.28,241.28,0.08,58.0,0.07,65.3,0.1,30.0,0.11,84.48,0.9,31.7,0.89,89.48,0.91,3.86,0.92,58.9,0.02,0.01,2358.659606,1776284640000
1776284641.88,241.88,0.08,14.53,0.07,65.3,0.09,11.0,0.1,15.0,0.9,30.0,0.89,84.48,0.92,58.0,0.93,65.3,0.01,0.02,2358.659606,1776284640000
1776284644.21,244.21,0.08,22.9,0.07,65.3,0.09,36.0,0.1,15.0,0.91,11.0,0.9,15.0,0.92,14.53,0.93,65.3,0.01,0.01,2358.625967,1776284643000
1776284644.534,244.534,0.08,22.9,0.07,65.3,0.09,6.0,0.1,20.0,0.91,36.0,0.9,15.0,0.92,22.9,0.93,65.3,0.01,0.01,2358.625967,1776284643000
1776284645.183,245.183,0.08,2.9,0.07,10.0,0.09,115.0,0.1,15.0,0.91,6.0,0.9,20.0,0.92,22.9,0.93,65.3,0.01,0.01,2358.630271,1776284644000
1776284645.44,245.44,0.05,1.92,0.04,10.0,0.06,33.0,0.07,20.0,0.92,25.0,0.91,157.0,0.97,252.83,0.98,541.7,0.01,0.05,2358.630271,1776284644000
1776284645.848,245.848,0.05,1156.57,0.04,67.0,0.06,43.0,0.07,67.0,0.94,33.0,0.93,20.0,0.95,1.92,0.96,10.0,0.01,0.01,2358.630271,1776284644000
1776284646.182,246.182,0.05,1079.34,0.04,67.0,0.06,58.0,0.07,72.0,0.94,63.0,0.93,72.0,0.95,1092.77,0.96,67.0,0.01,0.01,2358.632116,1776284645000
1776284646.765,246.765,0.05,1412.86,0.04,175.0,0.06,136.94,0.07,67.0,0.94,58.0,0.93,72.0,0.95,1079.34,0.96,67.0,0.01,0.01,2358.632116,1776284645000
1776284647.382,247.382,0.05,234.73,0.04,175.0,0.06,231.94,0.07,117.0,0.94,136.94,0.93,67.0,0.95,1412.86,0.96,175.0,0.01,0.01,2358.427978,1776284646000
1776284648.171,248.171,0.05,47.12,0.04,10.0,0.06,231.94,0.07,122.0,0.94,236.94,0.93,117.0,0.95,224.19,0.96,175.0,0.01,0.01,2358.115697,1776284647000
1776284648.419,248.419,0.05,44.48,0.04,10.0,0.06,226.94,0.07,122.0,0.94,226.94,0.93,122.0,0.95,47.12,0.96,10.0,0.01,0.01,2358.115697,1776284647000
1776284648.635,248.635,0.05,16.0,0.04,10.0,0.06,227.85,0.07,122.0,0.94,226.94,0.93,122.0,0.95,44.48,0.96,10.0,0.01,0.01,2358.115697,1776284647000
1776284649.515,249.515,0.04,15.0,0.03,229.13,0.06,139.44,0.07,60.0,0.94,227.85,0.93,122.0,0.95,16.0,0.96,10.0,0.02,0.01,2358.077092,1776284648000
1776284649.895,249.895,0.04,113.87,0.03,229.13,0.05,5.0,0.06,111.44,0.94,139.44,0.93,60.0,0.96,15.0,0.97,417.13,0.01,0.02,2358.077092,1776284648000
1776284650.216,250.216,0.04,316.87,0.03,229.13,0.06,62.6,0.07,143.3,0.95,5.0,0.94,111.44,0.96,113.87,0.97,229.13,0.02,0.01,2358.077733,1776284649000
1776284650.619,250.619,0.05,125.0,0.04,310.87,0.06,42.6,0.07,65.3,0.94,72.6,0.93,88.3,0.96,305.87,0.97,229.13,0.01,0.02,2358.077733,1776284649000
1776284651.079,251.079,0.05,322.0,0.04,115.0,0.06,28.35,0.07,65.3,0.94,42.6,0.93,65.3,0.95,125.0,0.96,310.87,0.01,0.01,2358.077733,1776284649000
1776284651.412,251.412,0.07,205.0,0.06,160.0,0.09,44.78,0.1,10.0,0.92,10.0,0.91,54.78,0.94,204.0,0.95,121.0,0.02,0.02,2358.169317,1776284650000
1776284651.775,251.775,0.07,148.0,0.06,160.0,0.11,57.66,0.12,21.68,0.91,44.78,0.9,10.0,0.93,205.0,0.94,160.0,0.04,0.02,2358.169317,1776284650000
1776284652.093,252.093,0.07,30.29,0.06,60.0,0.1,14.0,0.11,66.66,0.91,5.0,0.9,15.0,0.93,25.29,0.94,60.0,0.03,0.02,2358.169317,1776284650000
1776284652.385,252.385,0.08,10.0,0.07,25.29,0.09,28.0,0.1,14.0,0.9,14.0,0.89,66.66,0.93,30.29,0.94,60.0,0.01,0.03,2358.169317,1776284650000
1776284652.776,252.776,0.08,72.0,0.07,30.29,0.11,91.47,0.12,48.68,0.91,6.22,0.9,14.0,0.92,62.0,0.93,25.29,0.03,0.01,2358.392517,1776284651000
1776284653.047,253.047,0.08,47.0,0.07,85.59,0.1,15.0,0.11,91.47,0.89,91.47,0.88,48.68,0.92,72.0,0.93,30.29,0.02,0.03,2358.392517,1776284651000
1776284653.405,253.405,0.08,110.24,0.07,70.3,0.1,10.0,0.11,88.47,0.9,15.0,0.89,91.47,0.92,47.0,0.93,85.59,0.02,0.02,2358.6777,1776284652000
1776284654.771,254.771,0.09,138.0,0.08,143.9,0.1,10.0,0.11,10.0,0.89,33.56,0.88,79.68,0.91,62.0,0.92,93.9,0.01,0.02,2358.6777,1776284652000
1776284655.805,255.805,0.08,108.9,0.07,209.3,0.1,10.0,0.11,15.0,0.9,10.0,0.89,10.0,0.91,138.0,0.92,143.9,0.02,0.01,2358.744585,1776284654000
1776284656.647,256.647,0.08,56.93,0.07,209.3,0.09,10.0,0.1,15.0,0.9,10.0,0.89,15.0,0.92,108.9,0.93,209.3,0.01,0.02,2358.744585,1776284654000
1776284657.217,257.217,0.08,12.0,0.07,152.3,0.09,18.11,0.1,20.0,0.91,15.0,0.9,20.0,0.92,12.0,0.93,152.3,0.01,0.01,2358.97545,1776284655000
1776284658.045,258.045,0.08,12.0,0.07,102.3,0.09,21.79,0.1,15.0,0.91,18.11,0.9,20.0,0.92,12.0,0.93,152.3,0.01,0.01,2359.007405,1776284656000
1776284658.334,258.334,0.07,10.0,0.06,10.0,0.09,42.79,0.1,20.0,0.91,21.79,0.9,15.0,0.92,2.0,0.93,102.3,0.02,0.01,2359.007405,1776284656000
1776284659.024,259.024,0.07,83.0,0.06,123.8,0.09,7.77,0.1,15.0,0.92,47.0,0.91,87.0,0.94,68.0,0.95,208.8,0.02,0.02,2359.012855,1776284657000
1776284659.408,259.408,0.08,7.0,0.07,128.0,0.09,7.77,0.1,10.0,0.91,7.77,0.9,15.0,0.93,83.0,0.94,123.8,0.01,0.02,2358.9874,1776284658000
1776284660.003,260.003,0.08,1.56,0.07,128.0,0.09,17.77,0.1,15.0,0.91,7.77,0.9,10.0,0.92,7.0,0.93,128.0,0.01,0.01,2358.9874,1776284658000
1776284660.214,260.214,0.08,39.61,0.07,138.0,0.09,6.91,0.1,15.0,0.91,10.0,0.9,15.0,0.92,44.61,0.93,138.0,0.01,0.01,2358.93928,1776284659000
1776284660.542,260.542,0.07,72.0,0.06,173.8,0.09,11.91,0.1,82.62,0.91,6.91,0.9,15.0,0.92,39.61,0.93,138.0,0.02,0.01,2358.93928,1776284659000
1776284661.227,261.227,0.09,153.09,0.07,89.0,0.1,31.0,0.11,10.0,0.91,11.91,0.9,82.62,0.93,72.0,0.94,173.8,0.01,0.02,2358.93928,1776284659000
1776284661.469,261.469,0.09,146.49,0.07,29.0,0.1,88.0,0.11,125.43,0.9,26.0,0.89,125.43,0.91,148.69,0.93,29.0,0.01,0.01,2358.93928,1776284659000
1776284661.674,261.674,0.07,29.0,0.06,173.8,0.1,93.0,0.11,130.43,0.9,88.0,0.89,125.43,0.91,146.49,0.93,29.0,0.03,0.01,2358.962265,1776284660000
1776284662.028,262.028,0.07,29.0,0.06,178.8,0.09,80.21,0.1,36.0,0.9,93.0,0.89,130.43,0.93,29.0,0.94,173.8,0.02,0.03,2358.962265,1776284660000
1776284665.061,265.061,0.08,5.0,0.07,34.0,0.09,74.39,0.1,20.0,0.91,80.21,0.9,36.0,0.93,29.0,0.94,178.8,0.01,0.02,2358.94647,1776284663000
1776284666.285,266.285,0.08,7.82,0.07,34.0,0.09,126.39,0.1,20.0,0.91,74.39,0.9,20.0,0.92,5.0,0.93,34.0,0.01,0.01,2358.96093,1776284664000
1776284668.587,268.587,0.08,127.5,0.07,89.0,0.09,28.39,0.1,26.0,0.91,126.39,0.9,20.0,0.93,34.0,0.94,60.0,0.01,0.02,2358.987065,1776284666000
1776284670.334,270.334,0.08,57.06,0.07,34.0,0.09,59.24,0.1,26.0,0.91,28.39,0.9,26.0,0.92,127.5,0.93,89.0,0.01,0.01,2359.00358,1776284668000
1776284671.431,271.431,0.08,8.91,0.07,34.0,0.09,90.24,0.1,20.0,0.91,59.24,0.9,26.0,0.92,57.06,0.93,34.0,0.01,0.01,2359.077795,1776284670000
1776284672.01,272.01,0.07,23.78,0.06,10.0,0.08,7.0,0.09,90.24,0.91,90.24,0.9,20.0,0.92,8.91,0.93,34.0,0.01,0.01,2359.077795,1776284670000
1776284672.39,272.39,0.07,17.7,0.06,10.0,0.08,32.74,0.09,64.5,0.92,7.0,0.91,90.24,0.93,23.78,0.94,10.0,0.01,0.01,2359.077795,1776284670000
1776284676.719,276.719,0.06,0.51,0.05,10.0,0.08,196.38,0.09,67.51,0.92,32.74,0.91,64.5,0.93,17.7,0.94,10.0,0.02,0.01,2359.076925,1776284675000
1776284678.906,278.906,0.06,0.51,0.05,10.0,0.08,13.16,0.09,27.65,0.92,196.38,0.91,67.51,0.94,0.51,0.95,10.0,0.02,0.02,2359.2059,1776284677000
1776284679.548,279.548,0.04,10.0,0.03,147.13,0.07,239.5,0.08,18.16,0.92,13.16,0.91,27.65,0.94,0.51,0.95,10.0,0.03,0.02,2359.081365,1776284678000
1776284679.842,279.842,0.05,0.27,0.04,10.0,0.06,77.0,0.07,72.0,0.93,239.5,0.92,18.16,0.96,10.0,0.97,147.13,0.01,0.03,2359.081365,1776284678000
1776284681.216,281.216,0.03,107.79,0.02,573.0,0.04,91.03,0.05,39.0,0.96,5.0,0.95,10.0,0.97,69.13,0.98,240.0,0.01,0.01,2359.17825,1776284679000
1776284681.523,281.523,0.03,101.75,0.02,340.0,0.04,86.03,0.05,39.0,0.96,91.03,0.95,39.0,0.97,107.79,0.98,573.0,0.01,0.01,2359.17825,1776284679000
1776284683.156,283.156,0.03,47.22,0.02,340.0,0.04,49.2,0.05,67.0,0.96,91.03,0.95,39.0,0.97,49.28,0.98,340.0,0.01,0.01,2358.967393,1776284681000
1776284683.983,283.983,0.03,40.07,0.02,240.0,0.04,49.2,0.05,67.0,0.96,49.2,0.95,67.0,0.97,47.22,0.98,340.0,0.01,0.01,2358.993153,1776284682000
1776284684.39,284.39,0.02,515.5,0.01,7204.0,0.03,41.0,0.04,10.2,0.96,49.2,0.95,67.0,0.98,240.0,0.99,6847.0,0.01,0.02,2358.993153,1776284682000
1776284684.59,284.59,0.07,81.42,0.06,60.0,0.08,0.36,0.09,10.0,0.92,0.36,0.91,10.0,0.93,81.42,0.94,60.0,0.01,0.01,2358.93592,1776284683000
1776284684.969,284.969,0.11,33.69,0.08,10.0,0.13,39.0,0.14,15.0,0.88,12.34,0.87,39.0,0.89,28.69,0.92,10.0,0.02,0.01,2358.93592,1776284683000
1776284685.315,285.315,0.09,15.0,0.08,10.0,0.11,13.18,0.12,20.0,0.87,39.0,0.86,15.0,0.89,33.69,0.92,10.0,0.02,0.02,2358.94,1776284684000
1776284685.619,285.619,0.1,13.88,0.09,10.0,0.11,13.18,0.12,10.0,0.89,13.18,0.88,20.0,0.91,15.0,0.92,10.0,0.01,0.02,2358.94,1776284684000
1776284686.055,286.055,0.06,99.0,0.05,10.0,0.11,15.0,0.12,10.0,0.89,12.53,0.88,10.0,0.9,8.93,0.91,10.0,0.05,0.01,2358.94,1776284684000
1776284686.393,286.393,0.07,13.92,0.06,37.0,0.09,10.0,0.1,15.0,0.89,15.0,0.88,10.0,0.94,99.0,0.95,10.0,0.02,0.05,2359.032844,1776284685000
1776284687.629,287.629,0.07,1.61,0.06,10.0,0.08,90.64,0.09,10.0,0.91,10.0,0.9,15.0,0.93,13.92,0.94,37.0,0.01,0.02,2359.032844,1776284685000
1776284688.286,288.286,0.01,7165.99,,,0.02,31.81,0.08,90.64,0.92,90.64,0.91,10.0,0.93,1.61,0.94,10.0,0.01,0.01,2359.596224,1776284686000
1776284688.662,288.662,0.01,7432.43,,,0.02,31.81,0.06,10.0,0.98,31.81,0.92,90.64,0.99,7165.99,,,0.01,0.01,2359.668854,1776284687000
1776284689.366,289.366,0.03,10.0,0.02,10.0,0.05,126.0,0.06,83.0,0.94,10.0,0.93,10.0,0.99,7432.43,,,0.02,0.05,2359.524895,1776284688000
1776284689.707,289.707,0.02,55.4,0.01,6833.43,0.03,69.0,0.04,44.0,0.97,45.0,0.96,49.0,0.98,9.9,0.99,6833.43,0.01,0.01,2359.524895,1776284688000
1776284690.093,290.093,0.02,9.9,0.01,1733.43,0.03,58.66,0.04,20.0,0.97,69.0,0.96,44.0,0.98,55.4,0.99,6833.43,0.01,0.01,2359.524895,1776284688000
1776284690.711,290.711,0.01,1684.91,,,0.02,40.0,0.03,77.66,0.98,35.0,0.97,77.66,0.99,1593.91,,,0.01,0.01,2359.524895,1776284689000
1776284691.761,291.761,0.01,1572.91,,,0.02,40.0,0.03,77.66,0.98,40.0,0.97,77.66,0.99,1684.91,,,0.01,0.01,2359.56825,1776284690000
1776284692.062,292.062,0.01,1285.11,,,0.02,38.87,0.03,5.0,0.98,38.87,0.97,5.0,0.99,1300.22,,,0.01,0.01,2359.56825,1776284690000
1776284692.334,292.334,0.01,1130.11,,,0.02,8.88,0.03,5.0,0.98,13.88,0.97,5.0,0.99,1285.11,,,0.01,0.01,2359.56825,1776284690000
1776284692.572,292.572,0.01,1098.11,,,0.02,8.88,0.03,5.0,0.98,8.88,0.97,5.0,0.99,1095.11,,,0.01,0.01,2359.26297,1776284691000
1776284692.907,292.907,0.01,1083.11,,,0.02,8.88,0.03,5.0,0.98,8.88,0.97,5.0,0.99,1098.11,,,0.01,0.01,2359.26297,1776284691000
1776284693.13,293.13,0.01,1008.05,,,0.02,8.88,0.03,5.0,0.98,8.88,0.97,5.0,0.99,1013.11,,,0.01,0.01,2359.257365,1776284692000
1776284693.389,293.389,0.01,993.0,,,0.02,8.88,0.03,5.0,0.98,8.88,0.97,5.0,0.99,1003.0,,,0.01,0.01,2359.257365,1776284692000
1776284693.747,293.747,0.01,985.97,,,0.02,8.88,0.03,5.0,0.98,8.88,0.97,5.0,0.99,988.0,,,0.01,0.01,2359.257365,1776284692000
1776284694.056,294.056,0.01,955.76,,,0.02,8.88,0.03,5.0,0.98,8.88,0.97,5.0,0.99,975.97,,,0.01,0.01,2359.257365,1776284692000
1776284694.653,294.653,0.01,900.76,,,0.02,8.88,0.03,5.0,0.98,8.88,0.97,5.0,0.99,955.76,,,0.01,0.01,2359.292127,1776284693000
1776284695.095,295.095,0.01,1005.76,,,0.04,25.88,0.05,10.0,0.98,8.88,0.97,5.0,0.99,900.76,,,0.03,0.01,2359.292127,1776284693000
1776284695.324,295.324,0.05,10.0,0.04,10.0,0.06,16.0,0.07,15.0,0.92,86.52,0.91,15.0,0.97,10.0,0.98,10.0,0.01,0.05,2359.284497,1776284694000
1776284695.658,295.658,0.01,1083.69,,,0.06,21.0,0.07,10.0,0.94,16.0,0.93,15.0,0.95,10.0,0.96,10.0,0.05,0.01,2359.284497,1776284694000
1776284695.961,295.961,0.01,1022.33,,,0.05,17.0,0.06,15.0,0.95,17.0,0.94,15.0,0.98,5.0,0.99,1083.69,0.04,0.03,2359.284497,1776284694000
1776284696.483,296.483,0.01,1012.95,,,0.03,5.0,0.04,15.0,0.95,17.0,0.94,15.0,0.99,1022.33,,,0.02,0.04,2359.211645,1776284695000
1776284696.817,296.817,0.02,2.92,0.01,1012.95,0.03,15.0,0.04,15.0,0.97,15.0,0.96,15.0,0.98,7.97,0.99,1012.95,0.01,0.01,2359.211645,1776284695000
1776284697.199,297.199,0.01,920.7,,,0.02,78.88,0.03,15.0,0.97,15.0,0.96,10.0,0.99,1006.87,,,0.01,0.02,2359.211645,1776284695000
1776284697.401,297.401,0.01,465.33,,,0.02,12.88,0.03,15.0,0.98,12.88,0.97,15.0,0.99,904.93,,,0.01,0.01,2359.211645,1776284695000

# RESULT,winner=Down,slug=eth-updown-5m-1776284400,ticks=395
