timestamp,elapsed_sec,up_bid_p1,up_bid_s1,up_bid_p2,up_bid_s2,up_bid_p3,up_bid_s3,up_bid_p4,up_bid_s4,up_bid_p5,up_bid_s5,up_ask_p1,up_ask_s1,up_ask_p2,up_ask_s2,up_ask_p3,up_ask_s3,up_ask_p4,up_ask_s4,up_ask_p5,up_ask_s5,down_bid_p1,down_bid_s1,down_bid_p2,down_bid_s2,down_bid_p3,down_bid_s3,down_bid_p4,down_bid_s4,down_bid_p5,down_bid_s5,down_ask_p1,down_ask_s1,down_ask_p2,down_ask_s2,down_ask_p3,down_ask_s3,down_ask_p4,down_ask_s4,down_ask_p5,down_ask_s5,up_spread,down_spread,eth_price,eth_oracle_ts
1776159000.55,0.55,0.5,25.14,0.49,5.0,0.48,25.0,0.47,46.0,0.46,166.0,0.51,20.59,0.52,30.0,0.53,106.0,0.54,226.0,0.55,165.0,0.49,5.05,0.46,100.0,0.45,5.0,0.43,10.0,0.4,13.0,0.54,58.42,0.55,5.0,0.57,10.0,0.6,13.0,0.61,8.0,0.01,0.05,2390.630156,1776158999000
1776159001.043,1.043,0.53,13.95,0.46,58.42,0.45,5.0,0.43,10.0,0.4,13.0,0.54,100.0,0.55,5.0,0.57,10.0,0.6,13.0,0.61,8.0,0.49,5.05,0.46,100.0,0.45,5.0,0.43,10.0,0.4,13.0,0.54,58.42,0.55,5.0,0.57,10.0,0.6,13.0,0.61,8.0,0.01,0.05,2390.630156,1776158999000
1776159001.382,1.382,0.53,13.95,0.46,58.42,0.45,5.0,0.43,10.0,0.4,13.0,0.54,100.0,0.55,5.0,0.57,10.0,0.6,13.0,0.61,8.0,0.46,100.0,0.45,5.0,0.43,10.0,0.4,13.0,0.39,8.0,0.47,13.95,0.54,58.42,0.55,5.0,0.57,10.0,0.6,13.0,0.01,0.01,2390.649692,1776159000000
1776159002.549,2.549,0.53,13.95,0.46,58.42,0.45,5.0,0.43,10.0,0.4,13.0,0.54,100.0,0.55,5.0,0.57,10.0,0.6,13.0,0.61,8.0,0.46,100.0,0.45,5.0,0.43,10.0,0.4,13.0,0.39,8.0,0.47,13.95,0.54,58.42,0.55,5.0,0.57,10.0,0.6,13.0,0.01,0.01,2390.63065,1776159001000
1776159003.1,3.1,0.53,8.95,0.49,15.0,0.48,20.0,0.47,15.0,0.46,15.0,0.54,133.0,0.55,172.0,0.56,125.0,0.57,15.0,0.58,5.0,0.46,100.0,0.45,5.0,0.43,10.0,0.4,13.0,0.39,8.0,0.47,13.95,0.54,58.42,0.55,5.0,0.57,10.0,0.6,13.0,0.01,0.01,2390.63065,1776159001000
1776159003.641,3.641,0.48,5.0,0.44,10.0,0.43,20.0,0.42,10.0,0.41,10.0,0.54,294.0,0.55,72.0,0.56,70.0,0.57,30.0,0.58,31.0,0.46,133.0,0.45,172.0,0.44,125.0,0.43,15.0,0.42,5.0,0.47,8.95,0.51,15.0,0.52,20.0,0.53,15.0,0.54,15.0,0.06,0.01,2390.629715,1776159002000
1776159004.334,4.334,0.43,20.0,0.42,30.0,0.41,15.0,0.4,15.0,0.39,42.0,0.44,67.0,0.45,46.0,0.46,20.0,0.47,25.0,0.48,235.0,0.55,63.0,0.54,36.0,0.53,10.0,0.52,85.0,0.51,20.0,0.56,15.0,0.57,25.0,0.58,10.0,0.59,10.0,0.6,10.0,0.01,0.01,2390.629715,1776159002000
1776159004.889,4.889,0.42,25.0,0.41,15.0,0.4,15.0,0.39,42.0,0.38,112.0,0.44,67.0,0.45,46.0,0.46,20.0,0.47,25.0,0.48,235.0,0.56,67.0,0.55,46.0,0.54,20.0,0.53,25.0,0.52,235.0,0.58,25.0,0.59,15.0,0.6,15.0,0.61,42.0,0.62,112.0,0.02,0.02,2390.5956,1776159003000
1776159005.525,5.525,0.42,7.75,0.41,5.0,0.4,15.0,0.39,15.0,0.38,85.0,0.43,86.0,0.44,46.0,0.45,20.0,0.46,15.0,0.47,25.0,0.57,86.0,0.56,46.0,0.55,20.0,0.54,15.0,0.53,25.0,0.58,7.75,0.59,5.0,0.6,15.0,0.61,15.0,0.62,85.0,0.01,0.01,2390.605212,1776159004000
1776159005.935,5.935,0.42,3.75,0.38,85.0,0.37,100.0,0.36,104.0,0.35,48.0,0.43,126.0,0.44,56.0,0.45,46.0,0.46,96.0,0.47,72.0,0.57,96.0,0.56,61.0,0.55,25.0,0.54,25.0,0.53,35.0,0.58,39.32,0.59,5.0,0.6,15.0,0.61,20.0,0.62,85.0,0.01,0.01,2390.605212,1776159004000
1776159006.141,6.141,0.38,85.0,0.37,100.0,0.36,104.0,0.35,48.0,0.34,15.0,0.42,6.25,0.43,126.0,0.44,56.0,0.45,46.0,0.46,96.0,0.58,6.25,0.57,126.0,0.56,56.0,0.55,46.0,0.54,96.0,0.62,85.0,0.63,100.0,0.64,104.0,0.65,48.0,0.66,15.0,0.04,0.04,2390.590424,1776159005000
1776159006.445,6.445,0.38,93.34,0.37,90.0,0.36,104.0,0.35,48.0,0.34,15.0,0.39,25.0,0.4,25.0,0.41,25.0,0.42,65.25,0.43,71.0,0.58,6.25,0.57,126.0,0.56,56.0,0.55,46.0,0.54,96.0,0.62,85.0,0.63,100.0,0.64,104.0,0.65,48.0,0.66,15.0,0.01,0.04,2390.590424,1776159005000
1776159006.684,6.684,0.38,15.0,0.37,10.0,0.36,20.0,0.35,48.0,0.34,44.0,0.39,28.19,0.4,30.0,0.41,174.0,0.42,60.25,0.43,105.0,0.61,25.0,0.6,25.0,0.59,25.0,0.58,65.25,0.57,71.0,0.62,93.34,0.63,90.0,0.64,104.0,0.65,48.0,0.66,15.0,0.01,0.01,2390.590424,1776159005000
1776159006.929,6.929,0.38,0.38,0.37,10.0,0.36,20.0,0.35,20.0,0.34,32.0,0.39,42.6,0.4,62.0,0.41,191.0,0.42,31.25,0.43,105.0,0.61,17.93,0.6,49.0,0.59,191.0,0.58,31.25,0.57,105.0,0.62,10.8,0.63,10.0,0.64,20.0,0.65,20.0,0.66,44.0,0.01,0.01,2390.590424,1776159005000
1776159007.282,7.282,0.36,18.88,0.35,20.0,0.34,32.0,0.33,44.0,0.32,15.0,0.39,37.6,0.4,62.0,0.41,165.0,0.42,41.25,0.43,95.0,0.61,42.6,0.6,62.0,0.59,191.0,0.58,31.25,0.57,105.0,0.62,0.38,0.63,10.0,0.64,20.0,0.65,20.0,0.66,32.0,0.03,0.01,2390.590424,1776159005000
1776159007.597,7.597,0.36,18.88,0.35,20.0,0.34,32.0,0.33,44.0,0.32,15.0,0.39,37.6,0.4,62.0,0.41,165.0,0.42,41.25,0.43,95.0,0.61,37.6,0.6,62.0,0.59,165.0,0.58,41.25,0.57,95.0,0.64,18.88,0.65,20.0,0.66,32.0,0.67,44.0,0.68,15.0,0.03,0.03,2390.247966,1776159006000
1776159008.225,8.225,0.36,20.64,0.35,25.0,0.34,32.0,0.33,44.0,0.32,15.0,0.37,29.67,0.38,30.0,0.39,22.93,0.4,46.0,0.41,191.0,0.61,37.6,0.6,62.0,0.59,165.0,0.58,41.25,0.57,95.0,0.64,18.88,0.65,20.0,0.66,32.0,0.67,44.0,0.68,15.0,0.01,0.03,2390.247966,1776159006000
1776159008.936,8.936,0.33,1.26,0.32,20.0,0.31,75.0,0.3,95.0,0.29,116.0,0.37,37.17,0.38,30.0,0.39,22.93,0.4,46.0,0.41,201.0,0.63,22.17,0.62,30.0,0.61,22.93,0.6,46.0,0.59,191.0,0.64,20.64,0.65,25.0,0.66,32.0,0.67,44.0,0.68,15.0,0.04,0.01,2390.128208,1776159007000
1776159009.347,9.347,0.33,34.0,0.32,55.0,0.31,80.0,0.3,95.0,0.29,116.0,0.34,29.67,0.35,25.0,0.36,20.0,0.37,22.5,0.38,25.0,0.63,37.17,0.62,30.0,0.61,22.93,0.6,46.0,0.59,201.0,0.67,1.26,0.68,20.0,0.69,75.0,0.7,95.0,0.71,116.0,0.01,0.04,2390.128208,1776159007000
1776159009.551,9.551,0.33,34.0,0.32,55.0,0.31,80.0,0.3,95.0,0.29,116.0,0.34,29.67,0.35,25.0,0.36,20.0,0.37,22.5,0.38,25.0,0.66,29.67,0.65,25.0,0.64,20.0,0.63,22.5,0.62,25.0,0.67,34.0,0.68,55.0,0.69,80.0,0.7,95.0,0.71,116.0,0.01,0.01,2389.938781,1776159008000
1776159010.292,10.292,0.33,34.0,0.32,55.0,0.31,80.0,0.3,95.0,0.29,116.0,0.34,14.67,0.35,25.0,0.36,20.0,0.37,22.5,0.38,25.0,0.66,14.67,0.65,25.0,0.64,20.0,0.63,22.5,0.62,25.0,0.67,34.0,0.68,55.0,0.69,80.0,0.7,95.0,0.71,116.0,0.01,0.01,2389.908912,1776159009000
1776159010.756,10.756,0.33,124.0,0.32,73.0,0.31,80.0,0.3,95.0,0.29,182.31,0.36,0.34,0.37,22.5,0.38,25.0,0.39,22.93,0.4,57.0,0.66,7.05,0.65,2.71,0.64,25.0,0.63,22.5,0.62,25.0,0.67,114.0,0.68,73.0,0.69,80.0,0.7,95.0,0.71,182.31,0.03,0.01,2389.908912,1776159009000
1776159011.587,11.587,0.34,78.5,0.33,49.5,0.32,67.0,0.31,80.0,0.3,95.0,0.35,12.08,0.36,20.34,0.37,33.0,0.38,93.5,0.39,48.93,0.65,23.58,0.64,10.34,0.63,22.5,0.62,25.0,0.61,22.93,0.66,38.5,0.67,130.5,0.68,43.0,0.69,80.0,0.7,95.0,0.01,0.01,2389.908912,1776159009000
1776159011.947,11.947,0.34,15.5,0.33,107.5,0.32,67.0,0.31,80.0,0.3,116.0,0.35,12.08,0.36,30.84,0.37,91.0,0.38,35.5,0.39,48.93,0.65,12.08,0.64,20.34,0.63,33.0,0.62,93.5,0.61,48.93,0.66,78.5,0.67,49.5,0.68,67.0,0.69,80.0,0.7,95.0,0.01,0.01,2389.85305,1776159010000
1776159012.218,12.218,0.34,15.5,0.33,107.5,0.32,67.0,0.31,80.0,0.3,116.0,0.35,12.08,0.36,30.84,0.37,91.0,0.38,35.5,0.39,48.93,0.65,12.08,0.64,30.84,0.63,91.0,0.62,35.5,0.61,48.93,0.66,15.5,0.67,107.5,0.68,67.0,0.69,80.0,0.7,116.0,0.01,0.01,2389.835619,1776159011000
1776159012.844,12.844,0.34,94.54,0.33,64.5,0.32,30.0,0.31,88.0,0.3,116.0,0.35,7.08,0.36,10.34,0.37,33.0,0.38,48.5,0.39,48.93,0.65,12.08,0.64,30.84,0.63,91.0,0.62,35.5,0.61,48.93,0.66,15.5,0.67,107.5,0.68,67.0,0.69,80.0,0.7,116.0,0.01,0.01,2389.835619,1776159011000
1776159013.369,13.369,0.34,89.54,0.33,64.5,0.32,30.0,0.31,88.0,0.3,116.0,0.35,2.79,0.36,30.84,0.37,33.0,0.38,48.5,0.39,48.93,0.65,7.08,0.64,10.34,0.63,33.0,0.62,48.5,0.61,48.93,0.66,94.54,0.67,64.5,0.68,30.0,0.69,88.0,0.7,116.0,0.01,0.01,2389.835619,1776159011000
1776159013.682,13.682,0.34,75.54,0.33,64.5,0.32,59.0,0.31,88.0,0.3,116.0,0.35,4.21,0.36,30.84,0.37,33.0,0.38,48.5,0.39,48.93,0.65,4.21,0.64,30.84,0.63,33.0,0.62,48.5,0.61,48.93,0.66,75.54,0.67,64.5,0.68,59.0,0.69,88.0,0.7,116.0,0.01,0.01,2389.827829,1776159012000
1776159014.115,14.115,0.34,87.54,0.33,64.5,0.32,59.0,0.31,88.0,0.3,116.0,0.36,28.06,0.37,96.0,0.38,48.5,0.39,56.93,0.4,35.0,0.64,30.84,0.63,91.0,0.62,48.5,0.61,48.93,0.6,35.0,0.66,92.54,0.67,64.5,0.68,59.0,0.69,88.0,0.7,116.0,0.02,0.02,2389.827829,1776159012000
1776159014.359,14.359,0.34,87.54,0.33,64.5,0.32,59.0,0.31,88.0,0.3,116.0,0.36,28.06,0.37,96.0,0.38,48.5,0.39,56.93,0.4,35.0,0.64,28.06,0.63,96.0,0.62,48.5,0.61,56.93,0.6,35.0,0.66,87.54,0.67,64.5,0.68,59.0,0.69,88.0,0.7,116.0,0.02,0.02,2389.816025,1776159013000
1776159014.887,14.887,0.35,12.9,0.34,99.54,0.33,70.56,0.32,30.0,0.31,88.0,0.36,33.56,0.37,91.0,0.38,48.5,0.39,48.93,0.4,43.0,0.64,28.06,0.63,96.0,0.62,48.5,0.61,56.93,0.6,35.0,0.66,87.54,0.67,64.5,0.68,59.0,0.69,88.0,0.7,116.0,0.01,0.02,2389.816025,1776159013000
1776159015.261,15.261,0.34,115.97,0.33,70.56,0.32,30.0,0.31,88.0,0.3,116.0,0.36,18.56,0.37,12.5,0.38,106.5,0.39,48.93,0.4,43.0,0.64,33.56,0.63,91.0,0.62,48.5,0.61,48.93,0.6,43.0,0.65,12.86,0.66,109.54,0.67,70.56,0.68,30.0,0.69,88.0,0.02,0.01,2389.816025,1776159013000
1776159015.579,15.579,0.35,83.0,0.34,69.97,0.33,70.56,0.32,30.0,0.31,88.0,0.36,10.11,0.37,22.5,0.38,35.5,0.39,48.93,0.4,68.0,0.64,10.11,0.63,22.5,0.62,35.5,0.61,48.93,0.6,68.0,0.65,83.0,0.66,69.97,0.67,70.56,0.68,30.0,0.69,88.0,0.01,0.01,2389.825701,1776159014000
1776159016.266,16.266,0.35,88.0,0.34,69.97,0.33,41.56,0.32,30.0,0.31,88.0,0.36,11.66,0.37,17.5,0.38,35.5,0.39,48.93,0.4,68.0,0.64,11.66,0.63,17.5,0.62,35.5,0.61,48.93,0.6,68.0,0.65,88.0,0.66,69.97,0.67,41.56,0.68,30.0,0.69,88.0,0.01,0.01,2389.822898,1776159015000
1776159016.908,16.908,0.35,75.0,0.34,69.97,0.33,41.56,0.32,30.0,0.31,38.0,0.36,5.13,0.37,33.0,0.38,93.5,0.39,48.93,0.4,68.0,0.64,11.66,0.63,17.5,0.62,35.5,0.61,48.93,0.6,68.0,0.65,88.0,0.66,69.97,0.67,41.56,0.68,30.0,0.69,88.0,0.01,0.01,2389.822898,1776159015000
1776159017.473,17.473,0.35,75.0,0.34,69.97,0.33,41.56,0.32,30.0,0.31,38.0,0.36,5.13,0.37,33.0,0.38,93.5,0.39,48.93,0.4,68.0,0.64,5.13,0.63,33.0,0.62,93.5,0.61,48.93,0.6,68.0,0.65,75.0,0.66,69.97,0.67,41.56,0.68,30.0,0.69,38.0,0.01,0.01,2389.846336,1776159016000
1776159017.761,17.761,0.35,5.15,0.34,59.97,0.33,99.56,0.32,40.5,0.31,38.0,0.36,25.07,0.37,96.0,0.38,35.5,0.39,55.78,0.4,68.0,0.64,35.63,0.63,38.0,0.62,35.5,0.61,48.93,0.6,68.0,0.65,5.15,0.66,59.97,0.67,99.56,0.68,40.5,0.69,38.0,0.01,0.01,2389.846336,1776159016000
1776159018.22,18.22,0.35,2.76,0.34,59.97,0.33,99.56,0.32,40.5,0.31,38.0,0.36,30.0,0.37,96.0,0.38,35.5,0.39,55.78,0.4,68.0,0.64,30.0,0.63,96.0,0.62,35.5,0.61,55.78,0.6,68.0,0.65,2.76,0.66,59.97,0.67,99.56,0.68,40.5,0.69,38.0,0.01,0.01,2389.921462,1776159017000
1776159018.944,18.944,0.34,37.51,0.33,54.0,0.32,98.5,0.31,38.0,0.3,95.0,0.35,93.5,0.36,40.5,0.37,33.0,0.38,57.49,0.39,48.93,0.64,30.0,0.63,96.0,0.62,35.5,0.61,55.78,0.6,68.0,0.65,2.76,0.66,59.97,0.67,99.56,0.68,40.5,0.69,38.0,0.01,0.01,2389.921462,1776159017000
1776159019.482,19.482,0.34,32.39,0.33,54.0,0.32,83.0,0.31,48.5,0.3,106.31,0.35,108.5,0.36,40.5,0.37,33.0,0.38,57.49,0.39,56.93,0.65,93.5,0.64,40.5,0.63,33.0,0.62,57.49,0.61,48.93,0.66,37.51,0.67,54.0,0.68,98.5,0.69,38.0,0.7,95.0,0.01,0.01,2389.921462,1776159017000
1776159019.843,19.843,0.34,32.39,0.33,54.0,0.32,83.0,0.31,48.5,0.3,106.31,0.35,108.5,0.36,40.5,0.37,33.0,0.38,57.49,0.39,56.93,0.65,108.5,0.64,40.5,0.63,33.0,0.62,57.49,0.61,56.93,0.66,32.39,0.67,54.0,0.68,83.0,0.69,48.5,0.7,106.31,0.01,0.01,2389.94,1776159018000
1776159020.357,20.357,0.34,32.39,0.33,44.0,0.32,83.0,0.31,40.5,0.3,108.0,0.35,93.5,0.36,40.5,0.37,33.0,0.38,57.49,0.39,56.93,0.65,108.5,0.64,40.5,0.63,33.0,0.62,57.49,0.61,56.93,0.66,32.39,0.67,54.0,0.68,83.0,0.69,48.5,0.7,106.31,0.01,0.01,2389.94,1776159018000
1776159020.965,20.965,0.34,32.39,0.33,44.0,0.32,83.0,0.31,40.5,0.3,108.0,0.35,93.5,0.36,40.5,0.37,33.0,0.38,57.49,0.39,56.93,0.65,93.5,0.64,40.5,0.63,33.0,0.62,57.49,0.61,56.93,0.66,32.39,0.67,44.0,0.68,83.0,0.69,40.5,0.7,108.0,0.01,0.01,2389.762105,1776159020000
1776159021.81,21.81,0.34,4.46,0.32,12.0,0.31,107.0,0.3,90.0,0.29,95.0,0.35,129.5,0.36,207.5,0.37,33.0,0.38,105.5,0.39,59.93,0.65,93.5,0.64,40.5,0.63,33.0,0.62,57.49,0.61,56.93,0.66,32.39,0.67,44.0,0.68,83.0,0.69,40.5,0.7,108.0,0.01,0.01,2389.762105,1776159020000
1776159022.038,22.038,0.31,102.0,0.3,121.31,0.29,100.0,0.28,30.0,0.27,33.0,0.33,6.54,0.35,127.5,0.36,215.5,0.37,43.0,0.38,111.5,0.65,129.5,0.64,207.5,0.63,33.0,0.62,105.5,0.61,59.93,0.66,4.46,0.68,12.0,0.69,107.0,0.7,90.0,0.71,95.0,0.02,0.01,2389.762105,1776159020000
1776159022.39,22.39,0.31,46.4,0.3,95.5,0.29,135.0,0.28,63.0,0.27,33.0,0.32,15.0,0.33,42.04,0.34,15.0,0.35,175.5,0.36,205.5,0.68,15.0,0.67,42.04,0.66,15.0,0.65,114.5,0.64,210.5,0.69,82.0,0.7,131.81,0.71,100.0,0.72,30.0,0.73,33.0,0.01,0.01,2389.735205,1776159021000
1776159022.642,22.642,0.31,46.4,0.3,105.5,0.29,135.0,0.28,63.0,0.27,33.0,0.32,20.35,0.33,41.54,0.34,25.0,0.35,170.5,0.36,205.5,0.68,25.35,0.67,42.04,0.66,15.0,0.65,170.5,0.64,205.5,0.69,46.4,0.7,95.5,0.71,135.0,0.72,63.0,0.73,33.0,0.01,0.01,2389.735205,1776159021000
1776159023.333,23.333,0.31,84.79,0.3,105.5,0.29,135.0,0.28,63.0,0.27,33.0,0.33,36.54,0.34,35.5,0.35,165.5,0.36,205.5,0.37,43.0,0.67,36.54,0.66,35.5,0.65,165.5,0.64,205.5,0.63,43.0,0.69,84.79,0.7,105.5,0.71,135.0,0.72,63.0,0.73,33.0,0.02,0.02,2389.67092,1776159022000
1776159023.845,23.845,0.32,53.17,0.31,69.29,0.3,137.5,0.29,132.0,0.28,95.0,0.33,11.54,0.34,35.09,0.35,35.5,0.36,184.5,0.37,71.0,0.67,36.54,0.66,35.5,0.65,165.5,0.64,205.5,0.63,43.0,0.69,84.79,0.7,105.5,0.71,135.0,0.72,63.0,0.73,33.0,0.01,0.02,2389.67092,1776159022000
1776159024.084,24.084,0.32,55.67,0.31,69.29,0.3,137.5,0.29,137.0,0.28,95.0,0.34,35.09,0.35,35.5,0.36,184.5,0.37,71.0,0.38,41.5,0.67,11.54,0.66,35.09,0.65,35.5,0.64,184.5,0.63,71.0,0.68,55.67,0.69,69.29,0.7,137.5,0.71,137.0,0.72,95.0,0.02,0.01,2389.639092,1776159023000
1776159025.058,25.058,0.32,55.67,0.31,69.29,0.3,137.5,0.29,137.0,0.28,95.0,0.34,35.09,0.35,35.5,0.36,184.5,0.37,71.0,0.38,41.5,0.66,35.09,0.65,35.5,0.64,184.5,0.63,71.0,0.62,41.5,0.68,55.67,0.69,69.29,0.7,137.5,0.71,137.0,0.72,95.0,0.02,0.02,2389.609749,1776159024000
1776159026.159,26.159,0.33,5.0,0.32,35.17,0.31,84.79,0.3,105.5,0.29,137.0,0.34,57.73,0.35,118.5,0.36,65.5,0.37,43.0,0.38,41.5,0.66,57.73,0.65,118.5,0.64,65.5,0.63,43.0,0.62,41.5,0.67,5.0,0.68,35.17,0.69,84.79,0.7,105.5,0.71,137.0,0.01,0.01,2389.64341,1776159025000
1776159026.491,26.491,0.32,0.09,0.3,5.0,0.29,25.0,0.28,54.0,0.27,77.0,0.33,113.5,0.34,134.73,0.35,130.5,0.36,105.5,0.37,121.0,0.66,57.73,0.65,118.5,0.64,65.5,0.63,43.0,0.62,41.5,0.67,5.0,0.68,35.17,0.69,84.79,0.7,105.5,0.71,137.0,0.01,0.01,2389.64341,1776159025000
1776159027.051,27.051,0.27,13.0,0.26,84.5,0.25,96.0,0.24,108.0,0.23,225.0,0.29,40.0,0.3,52.41,0.31,35.5,0.32,25.5,0.33,128.5,0.7,6.91,0.67,113.5,0.66,134.73,0.65,125.5,0.64,105.5,0.71,15.0,0.72,54.0,0.73,77.0,0.74,89.0,0.75,46.0,0.02,0.01,2389.64341,1776159025000
1776159027.347,27.347,0.27,13.0,0.26,74.5,0.25,96.0,0.24,108.0,0.23,225.0,0.28,24.28,0.29,35.0,0.3,47.41,0.31,35.5,0.32,35.5,0.71,40.0,0.7,52.41,0.69,35.5,0.68,25.5,0.67,128.5,0.73,13.0,0.74,84.5,0.75,96.0,0.76,108.0,0.77,225.0,0.01,0.02,2389.662514,1776159026000
1776159027.868,27.868,0.26,79.5,0.25,74.0,0.24,108.0,0.23,225.0,0.22,68.0,0.27,8.0,0.28,29.28,0.29,103.5,0.3,42.41,0.31,35.5,0.72,24.28,0.71,35.0,0.7,47.41,0.69,35.5,0.68,35.5,0.73,13.0,0.74,74.5,0.75,96.0,0.76,108.0,0.77,225.0,0.01,0.01,2389.662514,1776159026000
1776159028.295,28.295,0.26,79.5,0.25,74.0,0.24,108.0,0.23,225.0,0.22,68.0,0.27,8.0,0.28,29.28,0.29,103.5,0.3,42.41,0.31,35.5,0.73,8.0,0.72,29.28,0.71,103.5,0.7,42.41,0.69,35.5,0.74,79.5,0.75,74.0,0.76,108.0,0.77,225.0,0.78,68.0,0.01,0.01,2389.548401,1776159027000
1776159029.185,29.185,0.26,29.0,0.25,199.5,0.24,137.0,0.23,173.0,0.22,121.31,0.27,20.0,0.28,29.28,0.29,40.5,0.3,105.5,0.31,120.49,0.73,8.0,0.72,29.28,0.71,103.5,0.7,42.41,0.69,35.5,0.74,79.5,0.75,74.0,0.76,108.0,0.77,225.0,0.78,68.0,0.01,0.01,2389.548401,1776159027000
1776159029.418,29.418,0.26,29.0,0.25,199.5,0.24,137.0,0.23,173.0,0.22,121.31,0.27,20.0,0.28,29.28,0.29,40.5,0.3,105.5,0.31,120.49,0.73,20.0,0.72,29.28,0.71,40.5,0.7,105.5,0.69,120.49,0.74,29.0,0.75,199.5,0.76,137.0,0.77,173.0,0.78,121.31,0.01,0.01,2389.458903,1776159028000
1776159030.02,30.02,0.26,29.0,0.25,204.5,0.24,137.0,0.23,173.0,0.22,115.0,0.27,18.0,0.28,29.28,0.29,40.5,0.3,105.5,0.31,128.49,0.73,18.0,0.72,29.28,0.71,40.5,0.7,105.5,0.69,128.49,0.74,29.0,0.75,204.5,0.76,137.0,0.77,173.0,0.78,115.0,0.01,0.01,2389.33537,1776159029000
1776159031.112,31.112,0.26,29.0,0.25,204.5,0.24,137.0,0.23,173.0,0.22,115.0,0.27,18.0,0.28,29.28,0.29,40.5,0.3,105.5,0.31,128.49,0.73,18.0,0.72,29.28,0.71,40.5,0.7,105.5,0.69,128.49,0.74,29.0,0.75,204.5,0.76,137.0,0.77,173.0,0.78,115.0,0.01,0.01,2389.275293,1776159030000
1776159032.019,32.019,0.23,128.5,0.22,55.0,0.21,35.0,0.2,99.0,0.19,146.0,0.24,220.83,0.25,35.0,0.26,30.5,0.27,91.5,0.28,125.77,0.73,281.5,0.72,39.78,0.71,124.49,0.7,213.26,0.69,155.5,0.76,29.0,0.77,63.5,0.78,73.0,0.79,35.0,0.8,121.0,0.01,0.03,2389.275293,1776159030000
1776159032.525,32.525,0.22,168.0,0.21,92.5,0.2,30.0,0.19,85.0,0.18,93.0,0.23,185.0,0.24,70.0,0.25,40.5,0.26,103.0,0.27,41.5,0.76,220.83,0.75,35.0,0.74,30.5,0.73,91.5,0.72,125.77,0.77,128.5,0.78,55.0,0.79,35.0,0.8,99.0,0.81,146.0,0.01,0.01,2389.358424,1776159031000
1776159033.276,33.276,0.22,168.0,0.21,92.5,0.2,30.0,0.19,85.0,0.18,93.0,0.23,185.0,0.24,70.0,0.25,40.5,0.26,103.0,0.27,41.5,0.77,185.0,0.76,70.0,0.75,40.5,0.74,103.0,0.73,41.5,0.78,168.0,0.79,92.5,0.8,30.0,0.81,85.0,0.82,93.0,0.01,0.01,2389.26797,1776159032000
1776159034.266,34.266,0.22,168.0,0.21,92.5,0.2,30.0,0.19,85.0,0.18,93.0,0.23,185.0,0.24,70.0,0.25,40.5,0.26,103.0,0.27,41.5,0.77,185.0,0.76,70.0,0.75,40.5,0.74,103.0,0.73,41.5,0.78,168.0,0.79,92.5,0.8,30.0,0.81,85.0,0.82,93.0,0.01,0.01,2389.13914,1776159033000
1776159034.477,34.477,0.22,115.0,0.21,150.5,0.2,30.0,0.19,93.0,0.18,124.0,0.23,179.56,0.24,35.0,0.25,98.5,0.26,103.0,0.27,120.49,0.77,185.0,0.76,70.0,0.75,40.5,0.74,103.0,0.73,41.5,0.78,168.0,0.79,92.5,0.8,30.0,0.81,85.0,0.82,93.0,0.01,0.01,2389.13914,1776159033000
1776159035.091,35.091,0.22,115.0,0.21,150.5,0.2,30.0,0.19,93.0,0.18,124.0,0.23,179.56,0.24,35.0,0.25,98.5,0.26,103.0,0.27,120.49,0.77,179.56,0.76,35.0,0.75,98.5,0.74,103.0,0.73,120.49,0.78,115.0,0.79,150.5,0.8,30.0,0.81,93.0,0.82,124.0,0.01,0.01,2389.037023,1776159034000
1776159035.789,35.789,0.22,74.79,0.21,150.5,0.2,30.0,0.19,103.0,0.18,112.5,0.23,154.34,0.24,20.0,0.25,83.0,0.26,118.59,0.27,123.49,0.77,179.56,0.76,45.5,0.75,98.5,0.74,103.0,0.73,121.49,0.78,44.29,0.79,230.5,0.8,30.0,0.81,93.0,0.82,103.0,0.01,0.01,2389.037023,1776159034000
1776159036.127,36.127,0.22,74.79,0.21,150.5,0.2,30.0,0.19,103.0,0.18,112.5,0.23,154.34,0.24,20.0,0.25,83.0,0.26,118.59,0.27,123.49,0.77,154.34,0.76,20.0,0.75,83.0,0.74,118.59,0.73,123.49,0.78,74.79,0.79,150.5,0.8,30.0,0.81,103.0,0.82,112.5,0.01,0.01,2388.997785,1776159035000
1776159036.767,36.767,0.22,69.79,0.21,235.5,0.2,30.0,0.19,103.0,0.18,109.31,0.23,153.34,0.24,30.0,0.25,93.5,0.26,118.59,0.27,123.49,0.77,154.34,0.76,20.0,0.75,83.0,0.74,118.59,0.73,123.49,0.78,74.79,0.79,150.5,0.8,30.0,0.81,103.0,0.82,112.5,0.01,0.01,2388.997785,1776159035000
1776159036.969,36.969,0.22,69.79,0.21,235.5,0.2,30.0,0.19,103.0,0.18,109.31,0.23,153.34,0.24,30.0,0.25,93.5,0.26,118.59,0.27,123.49,0.77,153.34,0.76,30.0,0.75,93.5,0.74,118.59,0.73,123.49,0.78,69.79,0.79,235.5,0.8,30.0,0.81,103.0,0.82,109.31,0.01,0.01,2388.978343,1776159036000
1776159037.959,37.959,0.22,59.29,0.21,235.5,0.2,30.0,0.19,103.0,0.18,103.0,0.23,153.99,0.24,30.0,0.25,93.5,0.26,118.59,0.27,123.49,0.77,153.99,0.76,30.0,0.75,93.5,0.74,118.59,0.73,123.49,0.78,59.29,0.79,235.5,0.8,30.0,0.81,103.0,0.82,103.0,0.01,0.01,2388.990223,1776159037000
1776159038.636,38.636,0.22,39.09,0.21,215.5,0.2,30.5,0.19,85.0,0.18,109.31,0.23,179.08,0.24,40.5,0.25,93.5,0.26,188.59,0.27,205.19,0.77,153.99,0.76,30.0,0.75,93.5,0.74,118.59,0.73,123.49,0.78,59.29,0.79,235.5,0.8,30.0,0.81,103.0,0.82,103.0,0.01,0.01,2388.990223,1776159037000
1776159038.989,38.989,0.22,39.09,0.21,215.5,0.2,30.5,0.19,85.0,0.18,109.31,0.23,179.08,0.24,40.5,0.25,93.5,0.26,188.59,0.27,205.19,0.77,179.08,0.76,40.5,0.75,93.5,0.74,188.59,0.73,205.19,0.78,39.09,0.79,215.5,0.8,30.5,0.81,85.0,0.82,109.31,0.01,0.01,2389.03076,1776159038000
1776159039.462,39.462,0.22,39.09,0.21,215.5,0.2,30.5,0.19,85.0,0.18,103.0,0.23,174.73,0.24,98.5,0.25,35.5,0.26,188.59,0.27,205.19,0.77,179.08,0.76,40.5,0.75,93.5,0.74,188.59,0.73,205.19,0.78,39.09,0.79,215.5,0.8,30.5,0.81,85.0,0.82,109.31,0.01,0.01,2389.03076,1776159038000
1776159039.929,39.929,0.22,39.09,0.21,215.5,0.2,30.5,0.19,85.0,0.18,103.0,0.23,174.73,0.24,98.5,0.25,35.5,0.26,188.59,0.27,205.19,0.77,174.73,0.76,98.5,0.75,35.5,0.74,188.59,0.73,205.19,0.78,39.09,0.79,215.5,0.8,30.5,0.81,85.0,0.82,103.0,0.01,0.01,2388.99968,1776159039000
1776159040.366,40.366,0.22,24.09,0.21,125.0,0.2,110.5,0.19,85.0,0.18,103.0,0.23,248.73,0.24,98.5,0.25,35.5,0.26,180.59,0.27,149.26,0.77,174.73,0.76,98.5,0.75,35.5,0.74,188.59,0.73,205.19,0.78,39.09,0.79,215.5,0.8,30.5,0.81,85.0,0.82,103.0,0.01,0.01,2388.99968,1776159039000
1776159041.038,41.038,0.22,16.09,0.21,125.0,0.2,153.5,0.19,85.0,0.18,103.0,0.23,156.77,0.24,98.5,0.25,35.5,0.26,255.82,0.27,149.26,0.77,156.77,0.76,98.5,0.75,35.5,0.74,255.82,0.73,149.26,0.78,16.09,0.79,125.0,0.8,153.5,0.81,85.0,0.82,103.0,0.01,0.01,2388.938394,1776159040000
1776159041.539,41.539,0.22,50.09,0.21,135.5,0.2,110.5,0.19,85.0,0.18,103.0,0.23,127.73,0.24,88.0,0.25,35.5,0.26,180.59,0.27,211.49,0.77,156.77,0.76,98.5,0.75,35.5,0.74,255.82,0.73,149.26,0.78,16.09,0.79,125.0,0.8,153.5,0.81,85.0,0.82,103.0,0.01,0.01,2388.938394,1776159040000
1776159041.952,41.952,0.22,50.09,0.21,135.5,0.2,110.5,0.19,85.0,0.18,103.0,0.23,127.73,0.24,88.0,0.25,35.5,0.26,180.59,0.27,211.49,0.77,127.73,0.76,88.0,0.75,35.5,0.74,180.59,0.73,211.49,0.78,50.09,0.79,135.5,0.8,110.5,0.81,85.0,0.82,103.0,0.01,0.01,2388.938388,1776159041000
1776159042.821,42.821,0.22,50.09,0.21,135.5,0.2,110.5,0.19,85.0,0.18,103.0,0.23,127.73,0.24,88.0,0.25,35.5,0.26,180.59,0.27,211.49,0.77,127.73,0.76,88.0,0.75,35.5,0.74,180.59,0.73,211.49,0.78,50.09,0.79,135.5,0.8,110.5,0.81,85.0,0.82,103.0,0.01,0.01,2388.981652,1776159042000
1776159043.295,43.295,0.22,151.59,0.21,156.5,0.2,141.5,0.19,116.0,0.18,184.71,0.23,34.38,0.24,15.0,0.25,93.5,0.26,180.59,0.27,211.49,0.77,127.73,0.76,88.0,0.75,35.5,0.74,180.59,0.73,211.49,0.78,50.09,0.79,135.5,0.8,110.5,0.81,85.0,0.82,103.0,0.01,0.01,2388.981652,1776159042000
1776159043.894,43.894,0.22,134.67,0.21,151.5,0.2,146.5,0.19,116.0,0.18,178.4,0.23,34.38,0.24,20.0,0.25,93.5,0.26,180.59,0.27,211.49,0.77,34.38,0.76,15.0,0.75,93.5,0.74,180.59,0.73,211.49,0.78,151.59,0.79,156.5,0.8,141.5,0.81,116.0,0.82,184.71,0.01,0.01,2388.981652,1776159042000
1776159044.26,44.26,0.22,134.67,0.21,151.5,0.2,146.5,0.19,116.0,0.18,178.4,0.23,34.38,0.24,20.0,0.25,93.5,0.26,180.59,0.27,211.49,0.77,34.38,0.76,20.0,0.75,93.5,0.74,180.59,0.73,211.49,0.78,134.67,0.79,151.5,0.8,146.5,0.81,116.0,0.82,178.4,0.01,0.01,2389.01273,1776159043000
1776159045.15,45.15,0.22,134.67,0.21,151.5,0.2,146.5,0.19,116.0,0.18,178.4,0.23,34.38,0.24,20.0,0.25,93.5,0.26,180.59,0.27,211.49,0.77,34.38,0.76,20.0,0.75,93.5,0.74,180.59,0.73,211.49,0.78,134.67,0.79,151.5,0.8,146.5,0.81,116.0,0.82,178.4,0.01,0.01,2389.02628,1776159044000
1776159045.496,45.496,0.22,109.6,0.21,83.0,0.2,137.0,0.19,209.4,0.18,148.4,0.23,272.88,0.24,40.5,0.25,35.5,0.26,180.59,0.27,222.49,0.77,34.38,0.76,20.0,0.75,93.5,0.74,180.59,0.73,211.49,0.78,134.67,0.79,151.5,0.8,146.5,0.81,116.0,0.82,178.4,0.01,0.01,2389.02628,1776159044000
1776159046.546,46.546,0.22,531.5,0.21,203.2,0.2,79.0,0.19,120.4,0.18,65.4,0.26,5.09,0.3,5.09,0.31,15.0,0.32,15.0,0.33,143.08,0.77,277.88,0.76,40.5,0.75,35.5,0.74,180.59,0.73,222.49,0.78,82.55,0.79,83.0,0.8,137.0,0.81,209.4,0.82,148.4,0.04,0.01,2389.02628,1776159044000
1776159046.768,46.768,0.29,20.0,0.28,32.0,0.27,57.5,0.26,145.5,0.25,46.0,0.3,1.23,0.31,10.32,0.32,25.0,0.33,143.08,0.34,64.18,0.7,1.23,0.69,10.32,0.68,25.0,0.67,143.08,0.66,64.18,0.71,20.0,0.72,32.0,0.73,57.5,0.74,145.5,0.75,46.0,0.01,0.01,2389.030275,1776159045000
1776159047.332,47.332,0.29,20.0,0.28,32.0,0.27,57.5,0.26,145.5,0.25,46.0,0.3,1.23,0.31,10.32,0.32,25.0,0.33,143.08,0.34,64.18,0.7,1.23,0.69,10.32,0.68,25.0,0.67,143.08,0.66,64.18,0.71,20.0,0.72,32.0,0.73,57.5,0.74,145.5,0.75,46.0,0.01,0.01,2388.998471,1776159046000
1776159048.368,48.368,0.3,10.71,0.29,86.0,0.28,100.5,0.27,130.5,0.26,119.5,0.31,20.5,0.32,30.0,0.33,132.08,0.34,64.18,0.35,91.0,0.69,20.5,0.68,30.0,0.67,132.08,0.66,64.18,0.65,91.0,0.7,10.71,0.71,86.0,0.72,100.5,0.73,130.5,0.74,119.5,0.01,0.01,2388.97254,1776159047000
1776159048.714,48.714,0.32,112.0,0.31,55.0,0.3,141.0,0.29,35.5,0.28,125.5,0.34,7.0,0.36,15.0,0.37,43.0,0.38,52.0,0.39,22.93,0.69,20.5,0.68,30.0,0.67,132.08,0.66,64.18,0.65,91.0,0.7,10.71,0.71,86.0,0.72,100.5,0.73,130.5,0.74,119.5,0.02,0.01,2388.97254,1776159047000
1776159049.231,49.231,0.33,92.07,0.32,76.5,0.31,65.5,0.3,146.5,0.29,35.5,0.34,7.0,0.35,10.5,0.36,15.0,0.37,144.93,0.38,52.0,0.66,7.0,0.64,15.0,0.63,43.0,0.62,52.0,0.61,22.93,0.68,112.0,0.69,55.0,0.7,141.0,0.71,35.5,0.72,125.5,0.01,0.02,2388.97254,1776159047000
1776159049.616,49.616,0.33,89.26,0.32,51.0,0.31,56.5,0.3,131.5,0.29,68.5,0.34,3.76,0.35,20.5,0.36,70.26,0.37,144.93,0.38,52.0,0.66,7.0,0.65,10.5,0.64,15.0,0.63,144.93,0.62,52.0,0.67,92.07,0.68,76.5,0.69,65.5,0.7,146.5,0.71,35.5,0.01,0.01,2389.440404,1776159048000
1776159049.877,49.877,0.33,89.26,0.32,51.0,0.31,56.5,0.3,131.5,0.29,68.5,0.34,3.76,0.35,20.5,0.36,70.26,0.37,144.93,0.38,52.0,0.66,3.76,0.65,20.5,0.64,70.26,0.63,144.93,0.62,52.0,0.67,89.26,0.68,51.0,0.69,56.5,0.7,131.5,0.71,68.5,0.01,0.01,2389.520808,1776159049000
1776159050.33,50.33,0.33,115.35,0.32,61.5,0.31,66.5,0.3,62.5,0.29,68.5,0.34,8.85,0.35,83.5,0.36,172.25,0.37,53.0,0.38,25.0,0.66,3.76,0.65,20.5,0.64,70.26,0.63,144.93,0.62,52.0,0.67,89.26,0.68,51.0,0.69,56.5,0.7,131.5,0.71,68.5,0.01,0.01,2389.520808,1776159049000
1776159050.824,50.824,0.33,113.85,0.32,137.5,0.31,88.5,0.3,35.5,0.29,41.81,0.34,8.85,0.35,68.5,0.36,15.5,0.37,15.0,0.38,143.93,0.66,8.85,0.65,83.5,0.64,172.25,0.63,53.0,0.62,25.0,0.67,115.35,0.68,61.5,0.69,66.5,0.7,62.5,0.71,68.5,0.01,0.01,2389.520808,1776159049000
1776159051.353,51.353,0.33,129.62,0.32,211.5,0.31,138.5,0.3,75.5,0.29,43.5,0.34,3.7,0.36,15.5,0.37,73.0,0.38,25.0,0.39,141.86,0.66,8.85,0.65,68.5,0.64,15.5,0.63,25.0,0.62,129.99,0.67,129.62,0.68,129.5,0.69,88.5,0.7,67.5,0.71,41.81,0.01,0.01,2389.666675,1776159050000
1776159052.01,52.01,0.33,120.62,0.32,339.5,0.31,138.5,0.3,75.5,0.29,43.5,0.36,15.5,0.37,83.0,0.38,127.99,0.39,49.93,0.4,54.0,0.64,15.5,0.63,83.0,0.62,127.99,0.61,49.93,0.6,54.0,0.67,120.62,0.68,339.5,0.69,138.5,0.7,75.5,0.71,43.5,0.03,0.03,2389.782639,1776159051000
1776159052.329,52.329,0.35,33.64,0.34,30.0,0.33,102.36,0.32,342.5,0.31,138.5,0.36,20.5,0.37,93.0,0.38,40.06,0.39,49.93,0.4,46.0,0.64,15.5,0.63,83.0,0.62,127.99,0.61,49.93,0.6,54.0,0.67,120.62,0.68,339.5,0.69,138.5,0.7,75.5,0.71,43.5,0.01,0.03,2389.782639,1776159051000
1776159052.533,52.533,0.35,26.74,0.34,30.0,0.33,102.36,0.32,334.5,0.31,138.5,0.36,20.5,0.37,93.0,0.38,131.99,0.39,49.93,0.4,46.0,0.64,20.5,0.63,93.0,0.62,40.06,0.61,49.93,0.6,46.0,0.65,33.64,0.66,30.0,0.67,102.36,0.68,342.5,0.69,138.5,0.01,0.01,2389.782639,1776159051000
1776159052.979,52.979,0.35,26.74,0.34,30.0,0.33,102.36,0.32,334.5,0.31,138.5,0.36,20.5,0.37,93.0,0.38,131.99,0.39,49.93,0.4,46.0,0.64,20.5,0.63,93.0,0.62,131.99,0.61,49.93,0.6,46.0,0.65,26.74,0.66,30.0,0.67,102.36,0.68,334.5,0.69,138.5,0.01,0.01,2389.864525,1776159052000
1776159053.95,53.95,0.35,26.74,0.34,30.0,0.33,102.36,0.32,334.5,0.31,138.5,0.36,20.5,0.37,93.0,0.38,131.99,0.39,49.93,0.4,46.0,0.64,20.5,0.63,93.0,0.62,131.99,0.61,49.93,0.6,46.0,0.65,26.74,0.66,30.0,0.67,102.36,0.68,334.5,0.69,138.5,0.01,0.01,2389.946959,1776159053000
1776159054.943,54.943,0.35,26.74,0.34,30.0,0.33,102.36,0.32,334.5,0.31,138.5,0.36,20.5,0.37,93.0,0.38,131.99,0.39,49.93,0.4,46.0,0.64,20.5,0.63,93.0,0.62,131.99,0.61,49.93,0.6,46.0,0.65,26.74,0.66,30.0,0.67,102.36,0.68,334.5,0.69,138.5,0.01,0.01,2389.92988,1776159054000
1776159055.88,55.88,0.33,53.92,0.32,260.5,0.31,62.8,0.3,103.6,0.29,164.0,0.36,113.5,0.37,139.99,0.38,51.99,0.39,22.93,0.4,46.0,0.64,20.5,0.63,93.0,0.62,131.99,0.61,49.93,0.6,46.0,0.65,26.74,0.66,30.0,0.67,102.36,0.68,334.5,0.69,138.5,0.03,0.01,2389.92988,1776159054000
1776159056.468,56.468,0.33,58.92,0.32,260.5,0.31,81.3,0.3,103.6,0.29,131.0,0.35,13.41,0.36,98.5,0.37,134.99,0.38,51.99,0.39,22.93,0.64,113.5,0.63,139.99,0.62,51.99,0.61,22.93,0.6,46.0,0.67,53.92,0.68,260.5,0.69,62.8,0.7,103.6,0.71,164.0,0.02,0.03,2389.919169,1776159055000
1776159057.05,57.05,0.33,68.92,0.32,271.0,0.31,73.3,0.3,103.6,0.29,164.0,0.34,17.86,0.35,23.41,0.36,108.5,0.37,129.99,0.38,51.99,0.66,17.86,0.65,23.41,0.64,108.5,0.63,129.99,0.62,51.99,0.67,68.92,0.68,271.0,0.69,73.3,0.7,103.6,0.71,164.0,0.01,0.01,2389.867464,1776159056000
1776159058.126,58.126,0.33,68.92,0.32,271.0,0.31,73.3,0.3,103.6,0.29,164.0,0.34,17.86,0.35,23.41,0.36,108.5,0.37,129.99,0.38,51.99,0.66,17.86,0.65,23.41,0.64,108.5,0.63,129.99,0.62,51.99,0.67,68.92,0.68,271.0,0.69,73.3,0.7,103.6,0.71,164.0,0.01,0.01,2389.853454,1776159057000
1776159058.339,58.339,0.33,110.89,0.32,276.0,0.31,80.3,0.3,90.6,0.29,136.0,0.34,10.5,0.35,81.41,0.36,45.5,0.37,129.99,0.38,51.99,0.66,17.86,0.65,23.41,0.64,108.5,0.63,129.99,0.62,51.99,0.67,68.92,0.68,271.0,0.69,73.3,0.7,103.6,0.71,164.0,0.01,0.01,2389.853454,1776159057000
1776159059.14,59.14,0.33,110.89,0.32,276.0,0.31,73.3,0.3,90.6,0.29,169.0,0.34,4.61,0.35,91.91,0.36,45.5,0.37,129.99,0.38,51.99,0.66,10.5,0.65,81.41,0.64,45.5,0.63,129.99,0.62,51.99,0.67,110.89,0.68,276.0,0.69,80.3,0.7,90.6,0.71,136.0,0.01,0.01,2389.853454,1776159057000
1776159060.493,60.493,0.35,111.24,0.34,51.0,0.33,113.39,0.32,213.0,0.31,111.61,0.36,30.5,0.37,83.0,0.38,132.99,0.39,49.93,0.4,46.0,0.66,4.61,0.65,91.91,0.64,45.5,0.63,129.99,0.62,51.99,0.67,110.89,0.68,276.0,0.69,73.3,0.7,90.6,0.71,169.0,0.01,0.01,2389.859639,1776159058000
1776159062.439,62.439,0.34,10.09,0.33,16.3,0.32,21.5,0.31,43.8,0.3,90.6,0.36,355.59,0.37,238.99,0.38,213.06,0.39,69.93,0.4,54.0,0.64,40.5,0.63,88.0,0.62,143.99,0.61,49.93,0.6,46.0,0.65,106.16,0.66,51.0,0.67,113.39,0.68,213.0,0.69,111.61,0.02,0.01,2389.859639,1776159058000
1776159062.724,62.724,0.34,5.09,0.33,16.3,0.32,31.5,0.31,54.3,0.3,80.6,0.35,200.5,0.36,250.59,0.37,238.99,0.38,213.06,0.39,69.93,0.64,355.59,0.63,238.99,0.62,213.06,0.61,69.93,0.6,54.0,0.66,10.09,0.67,16.3,0.68,21.5,0.69,43.8,0.7,90.6,0.01,0.02,2389.859639,1776159058000
1776159063.635,63.635,0.34,5.09,0.33,16.3,0.32,21.5,0.31,54.3,0.3,80.6,0.35,412.64,0.36,71.59,0.37,238.99,0.38,213.06,0.39,69.93,0.65,200.5,0.64,250.59,0.63,238.99,0.62,213.06,0.61,69.93,0.66,5.09,0.67,16.3,0.68,31.5,0.69,54.3,0.7,80.6,0.01,0.01,2389.859639,1776159058000
1776159063.854,63.854,0.33,10.39,0.32,21.5,0.31,54.3,0.3,80.6,0.29,116.0,0.34,16.67,0.35,255.64,0.36,71.59,0.37,238.99,0.38,213.06,0.65,407.64,0.64,71.59,0.63,238.99,0.62,213.06,0.61,69.93,0.67,10.39,0.68,16.5,0.69,54.3,0.7,80.6,0.71,116.0,0.01,0.02,2389.859639,1776159058000
1776159064.207,64.207,0.33,8.89,0.32,26.5,0.31,38.8,0.3,138.6,0.29,58.0,0.34,391.67,0.35,47.64,0.36,71.59,0.37,241.99,0.38,213.06,0.66,16.67,0.65,255.64,0.64,71.59,0.63,238.99,0.62,213.06,0.67,10.39,0.68,21.5,0.69,54.3,0.7,80.6,0.71,116.0,0.01,0.01,2389.859639,1776159058000
1776159064.739,64.739,0.32,31.5,0.31,123.3,0.3,80.6,0.29,58.0,0.28,75.89,0.33,311.84,0.34,36.67,0.35,47.64,0.36,66.59,0.37,242.99,0.66,386.67,0.65,47.64,0.64,71.59,0.63,241.99,0.62,213.06,0.67,0.59,0.68,26.5,0.69,38.8,0.7,138.6,0.71,58.0,0.01,0.01,2389.859639,1776159058000
1776159065.049,65.049,0.32,27.9,0.31,123.3,0.3,80.6,0.29,58.0,0.28,75.89,0.33,306.84,0.34,46.76,0.35,42.64,0.36,66.59,0.37,238.99,0.67,311.84,0.66,46.76,0.65,42.64,0.64,66.59,0.63,137.0,0.68,30.02,0.69,123.3,0.7,80.6,0.71,64.31,0.72,75.89,0.01,0.01,2389.859639,1776159058000
1776159065.257,65.257,0.32,24.94,0.31,123.3,0.3,80.6,0.29,58.0,0.28,75.89,0.33,314.07,0.34,46.76,0.35,100.64,0.36,66.59,0.37,238.99,0.67,313.2,0.66,46.76,0.65,100.64,0.64,66.59,0.63,238.99,0.68,24.94,0.69,123.3,0.7,80.6,0.71,58.0,0.72,75.89,0.01,0.01,2389.859639,1776159058000
1776159066.275,66.275,0.32,24.94,0.31,123.3,0.3,80.6,0.29,58.0,0.28,75.89,0.33,314.07,0.34,46.76,0.35,100.64,0.36,66.59,0.37,238.99,0.67,314.07,0.66,46.76,0.65,100.64,0.64,66.59,0.63,238.99,0.68,24.94,0.69,123.3,0.7,80.6,0.71,58.0,0.72,75.89,0.01,0.01,2389.768537,1776159065000
1776159067.283,67.283,0.28,14.28,0.27,83.5,0.26,68.7,0.25,71.2,0.24,44.7,0.29,100.0,0.3,192.0,0.31,73.5,0.32,225.49,0.33,215.58,0.67,314.07,0.66,46.76,0.65,100.64,0.64,66.59,0.63,238.99,0.68,24.94,0.69,123.3,0.7,80.6,0.71,58.0,0.72,75.89,0.01,0.01,2389.768537,1776159065000
1776159068.409,68.409,0.28,12.86,0.27,83.5,0.26,68.7,0.25,71.2,0.24,44.7,0.29,100.0,0.3,192.0,0.31,73.5,0.32,225.49,0.33,215.58,0.71,100.0,0.7,192.0,0.69,73.5,0.68,225.49,0.67,215.58,0.72,12.86,0.73,83.5,0.74,68.7,0.75,71.2,0.76,44.7,0.01,0.01,2389.792458,1776159067000
1776159068.912,68.912,0.28,12.86,0.27,83.5,0.26,68.7,0.25,71.2,0.24,44.7,0.29,100.0,0.3,192.0,0.31,73.5,0.32,225.49,0.33,215.58,0.71,100.0,0.7,192.0,0.69,73.5,0.68,225.49,0.67,215.58,0.72,12.86,0.73,83.5,0.74,68.7,0.75,71.2,0.76,44.7,0.01,0.01,2389.795367,1776159068000
1776159069.645,69.645,0.27,20.5,0.26,131.7,0.25,86.2,0.24,65.7,0.23,87.3,0.28,108.57,0.29,30.0,0.3,100.0,0.31,68.5,0.32,126.5,0.71,100.0,0.7,192.0,0.69,73.5,0.68,225.49,0.67,215.58,0.72,12.86,0.73,83.5,0.74,68.7,0.75,71.2,0.76,44.7,0.01,0.01,2389.795367,1776159068000
1776159070.026,70.026,0.27,20.5,0.26,131.7,0.25,86.2,0.24,65.7,0.23,87.3,0.28,108.57,0.29,30.0,0.3,100.0,0.31,68.5,0.32,126.5,0.72,108.57,0.71,30.0,0.7,100.0,0.69,68.5,0.68,126.5,0.73,20.5,0.74,131.7,0.75,86.2,0.76,65.7,0.77,87.3,0.01,0.01,2389.657511,1776159069000
1776159071.17,71.17,0.27,20.5,0.26,131.7,0.25,86.2,0.24,65.7,0.23,87.3,0.28,108.57,0.29,30.0,0.3,100.0,0.31,68.5,0.32,126.5,0.72,108.57,0.71,30.0,0.7,100.0,0.69,68.5,0.68,126.5,0.73,20.5,0.74,131.7,0.75,86.2,0.76,65.7,0.77,87.3,0.01,0.01,2389.572113,1776159070000
1776159071.502,71.502,0.27,25.5,0.26,144.7,0.25,86.2,0.24,65.7,0.23,93.61,0.28,93.96,0.29,88.0,0.3,42.0,0.31,68.5,0.32,126.5,0.72,108.57,0.71,30.0,0.7,100.0,0.69,68.5,0.68,126.5,0.73,20.5,0.74,131.7,0.75,86.2,0.76,65.7,0.77,87.3,0.01,0.01,2389.572113,1776159070000
1776159072.226,72.226,0.27,24.13,0.26,144.7,0.25,86.2,0.24,65.7,0.23,87.3,0.28,86.81,0.29,88.0,0.3,42.0,0.31,68.5,0.32,126.5,0.72,86.81,0.71,88.0,0.7,42.0,0.69,68.5,0.68,126.5,0.73,24.13,0.74,144.7,0.75,86.2,0.76,65.7,0.77,87.3,0.01,0.01,2389.580102,1776159071000
1776159073.367,73.367,0.27,24.13,0.26,144.7,0.25,86.2,0.24,65.7,0.23,87.3,0.28,86.81,0.29,88.0,0.3,42.0,0.31,68.5,0.32,126.5,0.72,86.81,0.71,88.0,0.7,42.0,0.69,68.5,0.68,126.5,0.73,24.13,0.74,144.7,0.75,86.2,0.76,65.7,0.77,87.3,0.01,0.01,2389.566297,1776159072000
1776159074.531,74.531,0.27,24.13,0.26,144.7,0.25,86.2,0.24,65.7,0.23,87.3,0.28,86.81,0.29,88.0,0.3,42.0,0.31,68.5,0.32,126.5,0.72,86.81,0.71,88.0,0.7,42.0,0.69,68.5,0.68,126.5,0.73,24.13,0.74,144.7,0.75,86.2,0.76,65.7,0.77,87.3,0.01,0.01,2389.562142,1776159073000
1776159074.879,74.879,0.27,1.59,0.26,31.5,0.25,138.7,0.24,34.7,0.23,82.3,0.28,100.09,0.29,83.5,0.3,58.5,0.31,58.5,0.32,106.0,0.72,86.81,0.71,88.0,0.7,42.0,0.69,68.5,0.68,126.5,0.73,24.13,0.74,144.7,0.75,86.2,0.76,65.7,0.77,87.3,0.01,0.01,2389.562142,1776159073000
1776159075.08,75.08,0.27,1.59,0.26,31.5,0.25,138.7,0.24,34.7,0.23,82.3,0.28,100.09,0.29,83.5,0.3,58.5,0.31,58.5,0.32,106.0,0.72,100.09,0.71,83.5,0.7,58.5,0.69,58.5,0.68,106.0,0.73,1.59,0.74,31.5,0.75,138.7,0.76,34.7,0.77,82.3,0.01,0.01,2389.544743,1776159074000
1776159075.722,75.722,0.26,136.5,0.25,85.7,0.24,34.7,0.23,87.3,0.22,160.0,0.27,138.0,0.28,20.09,0.29,73.0,0.3,58.5,0.31,58.5,0.72,100.09,0.71,83.5,0.7,58.5,0.69,58.5,0.68,106.0,0.73,1.59,0.74,31.5,0.75,138.7,0.76,34.7,0.77,82.3,0.01,0.01,2389.544743,1776159074000
1776159075.945,75.945,0.26,180.74,0.25,85.7,0.24,34.7,0.23,87.3,0.22,160.0,0.27,138.0,0.28,20.09,0.29,73.0,0.3,58.5,0.31,58.5,0.73,138.0,0.72,20.09,0.71,73.0,0.7,58.5,0.69,58.5,0.74,136.5,0.75,85.7,0.76,34.7,0.77,87.3,0.78,160.0,0.01,0.01,2389.544743,1776159074000
1776159076.372,76.372,0.26,180.74,0.25,85.7,0.24,34.7,0.23,87.3,0.22,160.0,0.27,138.0,0.28,20.09,0.29,73.0,0.3,58.5,0.31,58.5,0.73,138.0,0.72,20.09,0.71,73.0,0.7,58.5,0.69,58.5,0.74,180.74,0.75,85.7,0.76,34.7,0.77,87.3,0.78,160.0,0.01,0.01,2389.482469,1776159075000
1776159077.035,77.035,0.26,180.74,0.25,85.7,0.24,34.7,0.23,87.3,0.22,160.0,0.27,138.0,0.28,20.09,0.29,73.0,0.3,58.5,0.31,58.5,0.73,138.0,0.72,20.09,0.71,73.0,0.7,58.5,0.69,58.5,0.74,180.74,0.75,85.7,0.76,34.7,0.77,87.3,0.78,160.0,0.01,0.01,2389.480477,1776159076000
1776159078.087,78.087,0.26,180.74,0.25,85.7,0.24,34.7,0.23,87.3,0.22,160.0,0.27,138.0,0.28,20.09,0.29,73.0,0.3,58.5,0.31,58.5,0.73,138.0,0.72,20.09,0.71,73.0,0.7,58.5,0.69,58.5,0.74,180.74,0.75,85.7,0.76,34.7,0.77,87.3,0.78,160.0,0.01,0.01,2389.488249,1776159077000
1776159079.061,79.061,0.26,96.74,0.25,80.7,0.24,92.7,0.23,82.3,0.22,153.0,0.27,152.91,0.28,78.09,0.29,25.5,0.3,58.5,0.31,58.5,0.73,138.0,0.72,20.09,0.71,73.0,0.7,58.5,0.69,58.5,0.74,180.74,0.75,85.7,0.76,34.7,0.77,87.3,0.78,160.0,0.01,0.01,2389.488249,1776159077000
1776159079.742,79.742,0.26,68.74,0.25,80.7,0.24,92.7,0.23,82.3,0.22,159.31,0.27,141.24,0.28,78.09,0.29,15.0,0.3,58.5,0.31,58.5,0.73,152.91,0.72,78.09,0.71,25.5,0.7,58.5,0.69,58.5,0.74,96.74,0.75,80.7,0.76,92.7,0.77,82.3,0.78,153.0,0.01,0.01,2389.480778,1776159078000
1776159080.252,80.252,0.28,6.91,0.27,167.5,0.26,157.2,0.25,65.7,0.24,60.7,0.29,73.0,0.3,15.0,0.31,25.5,0.32,119.0,0.33,163.85,0.73,141.24,0.72,78.09,0.71,15.0,0.7,58.5,0.69,58.5,0.74,68.74,0.75,80.7,0.76,92.7,0.77,82.3,0.78,159.31,0.01,0.01,2389.480778,1776159078000
1776159080.566,80.566,0.28,132.02,0.27,94.5,0.26,117.2,0.25,65.7,0.24,60.7,0.29,73.0,0.3,15.0,0.31,25.5,0.32,119.0,0.33,163.85,0.71,73.0,0.7,15.0,0.69,25.5,0.68,119.0,0.67,163.85,0.72,6.91,0.73,167.5,0.74,157.2,0.75,65.7,0.76,60.7,0.01,0.01,2389.457659,1776159079000
1776159080.85,80.85,0.32,30.5,0.31,136.5,0.3,148.0,0.29,107.5,0.28,130.02,0.33,25.18,0.34,5.0,0.35,12.0,0.36,75.5,0.37,67.0,0.71,73.0,0.7,15.0,0.69,25.5,0.68,119.0,0.67,163.85,0.72,132.02,0.73,94.5,0.74,117.2,0.75,65.7,0.76,60.7,0.01,0.01,2389.457659,1776159079000
1776159081.423,81.423,0.32,30.5,0.31,136.5,0.3,148.0,0.29,107.5,0.28,130.02,0.33,25.18,0.34,5.0,0.35,12.0,0.36,75.5,0.37,67.0,0.67,25.18,0.66,5.0,0.65,12.0,0.64,75.5,0.63,67.0,0.68,30.5,0.69,136.5,0.7,148.0,0.71,107.5,0.72,130.02,0.01,0.01,2389.464262,1776159080000
1776159081.917,81.917,0.32,80.16,0.31,215.5,0.3,134.0,0.29,130.0,0.28,95.91,0.33,16.68,0.34,5.0,0.35,5.0,0.36,15.5,0.37,22.0,0.67,20.02,0.66,5.0,0.65,5.0,0.64,15.5,0.63,12.0,0.68,90.5,0.69,209.5,0.7,148.0,0.71,107.5,0.72,90.91,0.01,0.01,2389.464262,1776159080000
1776159083.245,83.245,0.32,80.16,0.31,215.5,0.3,134.0,0.29,130.0,0.28,95.91,0.33,11.52,0.34,5.0,0.35,5.0,0.36,15.5,0.37,22.0,0.67,11.52,0.66,5.0,0.65,5.0,0.64,15.5,0.63,22.0,0.68,80.16,0.69,215.5,0.7,134.0,0.71,130.0,0.72,95.91,0.01,0.01,2389.605022,1776159082000
1776159084.232,84.232,0.32,124.35,0.31,160.3,0.3,173.1,0.29,169.0,0.28,50.91,0.33,11.52,0.36,5.0,0.37,21.0,0.38,89.0,0.39,156.93,0.67,11.52,0.66,5.0,0.65,5.0,0.64,15.5,0.63,22.0,0.68,80.16,0.69,215.5,0.7,134.0,0.71,130.0,0.72,95.91,0.01,0.01,2389.605022,1776159082000
1776159085.52,85.52,0.32,124.35,0.31,160.3,0.3,173.1,0.29,169.0,0.28,50.91,0.33,11.52,0.36,5.0,0.37,21.0,0.38,89.0,0.39,156.93,0.67,11.52,0.64,5.0,0.63,21.0,0.62,89.0,0.61,156.93,0.68,124.35,0.69,160.3,0.7,173.1,0.71,169.0,0.72,50.91,0.01,0.01,2389.924847,1776159084000
1776159086.038,86.038,0.32,124.35,0.31,160.3,0.3,173.1,0.29,169.0,0.28,50.91,0.33,11.52,0.36,5.0,0.37,21.0,0.38,89.0,0.39,156.93,0.67,11.52,0.64,5.0,0.63,21.0,0.62,89.0,0.61,156.93,0.68,124.35,0.69,160.3,0.7,173.1,0.71,169.0,0.72,50.91,0.01,0.01,2389.92547,1776159085000
1776159086.607,86.607,0.36,81.0,0.35,15.0,0.34,25.5,0.33,57.8,0.32,104.69,0.37,53.34,0.38,25.5,0.39,17.0,0.4,187.93,0.41,184.0,0.63,71.16,0.62,31.0,0.61,38.0,0.6,187.93,0.59,184.0,0.68,196.35,0.69,186.3,0.7,140.1,0.71,162.0,0.72,57.22,0.01,0.05,2389.92547,1776159085000
1776159087.205,87.205,0.36,81.0,0.35,15.0,0.34,25.5,0.33,57.8,0.32,104.69,0.37,53.34,0.38,25.5,0.39,17.0,0.4,187.93,0.41,184.0,0.63,53.34,0.62,25.5,0.61,17.0,0.6,187.93,0.59,184.0,0.64,81.0,0.65,15.0,0.66,25.5,0.67,57.8,0.68,104.69,0.01,0.01,2389.954974,1776159086000
1776159087.421,87.421,0.36,101.08,0.35,15.0,0.34,46.5,0.33,36.8,0.32,122.69,0.37,68.34,0.38,20.5,0.39,17.0,0.4,145.93,0.41,163.0,0.63,53.34,0.62,25.5,0.61,17.0,0.6,187.93,0.59,184.0,0.64,81.0,0.65,15.0,0.66,25.5,0.67,57.8,0.68,104.69,0.01,0.01,2389.954974,1776159086000
1776159088.349,88.349,0.36,101.08,0.35,15.0,0.34,46.5,0.33,36.8,0.32,122.69,0.37,68.34,0.38,20.5,0.39,17.0,0.4,145.93,0.41,163.0,0.63,68.34,0.62,20.5,0.61,17.0,0.6,145.93,0.59,163.0,0.64,101.08,0.65,15.0,0.66,46.5,0.67,36.8,0.68,122.69,0.01,0.01,2389.942039,1776159087000
1776159088.671,88.671,0.36,83.73,0.35,15.0,0.34,41.5,0.33,99.8,0.32,81.0,0.37,68.34,0.38,20.5,0.39,17.0,0.4,138.93,0.41,184.0,0.63,68.34,0.62,20.5,0.61,17.0,0.6,145.93,0.59,163.0,0.64,101.08,0.65,15.0,0.66,46.5,0.67,36.8,0.68,122.69,0.01,0.01,2389.942039,1776159087000
1776159089.504,89.504,0.36,83.73,0.35,15.0,0.34,41.5,0.33,99.8,0.32,81.0,0.37,68.34,0.38,20.5,0.39,17.0,0.4,138.93,0.41,184.0,0.63,68.34,0.62,20.5,0.61,17.0,0.6,138.93,0.59,184.0,0.64,83.73,0.65,15.0,0.66,41.5,0.67,99.8,0.68,81.0,0.01,0.01,2389.975798,1776159088000
1776159089.953,89.953,0.37,20.0,0.36,45.5,0.35,120.3,0.34,57.5,0.33,36.8,0.38,2.81,0.39,99.5,0.4,157.93,0.41,167.0,0.42,107.25,0.63,68.34,0.62,20.5,0.61,17.0,0.6,138.93,0.59,184.0,0.64,83.73,0.65,15.0,0.66,41.5,0.67,99.8,0.68,81.0,0.01,0.01,2389.975798,1776159088000
1776159090.58,90.58,0.38,8.19,0.37,20.0,0.36,45.5,0.35,120.3,0.34,57.5,0.39,99.5,0.4,157.93,0.41,167.0,0.42,107.25,0.43,101.0,0.61,99.5,0.6,157.93,0.59,167.0,0.58,107.25,0.57,101.0,0.62,8.19,0.63,20.0,0.64,45.5,0.65,120.3,0.66,57.5,0.01,0.01,2390.06185,1776159089000
1776159091.348,91.348,0.38,91.37,0.37,10.0,0.36,30.0,0.35,41.3,0.34,36.5,0.39,85.67,0.4,125.99,0.41,167.0,0.42,86.25,0.43,87.0,0.61,99.5,0.6,157.93,0.59,167.0,0.58,107.25,0.57,101.0,0.62,8.19,0.63,20.0,0.64,45.5,0.65,120.3,0.66,57.5,0.01,0.01,2390.06185,1776159089000
1776159091.626,91.626,0.38,91.37,0.37,10.0,0.36,30.0,0.35,41.3,0.34,36.5,0.39,85.67,0.4,125.99,0.41,167.0,0.42,86.25,0.43,87.0,0.61,85.67,0.6,125.99,0.59,167.0,0.58,86.25,0.57,87.0,0.62,91.37,0.63,10.0,0.64,30.0,0.65,41.3,0.66,36.5,0.01,0.01,2389.994719,1776159090000
1776159092.334,92.334,0.38,91.37,0.37,10.0,0.36,30.0,0.35,41.3,0.34,36.5,0.39,85.67,0.4,125.99,0.41,167.0,0.42,86.25,0.43,87.0,0.61,85.67,0.6,125.99,0.59,167.0,0.58,86.25,0.57,87.0,0.62,91.37,0.63,10.0,0.64,30.0,0.65,41.3,0.66,36.5,0.01,0.01,2390.053732,1776159091000
1776159093.141,93.141,0.38,91.37,0.37,10.0,0.36,30.0,0.35,41.3,0.34,36.5,0.39,85.67,0.4,125.99,0.41,167.0,0.42,86.25,0.43,87.0,0.61,85.67,0.6,125.99,0.59,167.0,0.58,86.25,0.57,87.0,0.62,91.37,0.63,10.0,0.64,30.0,0.65,41.3,0.66,36.5,0.01,0.01,2390.053432,1776159092000
1776159093.595,93.595,0.38,86.62,0.37,20.0,0.36,35.5,0.35,120.3,0.34,62.5,0.39,98.5,0.4,141.49,0.41,172.0,0.42,91.25,0.43,113.0,0.61,85.67,0.6,125.99,0.59,167.0,0.58,86.25,0.57,87.0,0.62,91.37,0.63,10.0,0.64,30.0,0.65,41.3,0.66,36.5,0.01,0.01,2390.053432,1776159092000
1776159094.471,94.471,0.38,86.62,0.37,20.0,0.36,35.5,0.35,120.3,0.34,62.5,0.39,93.11,0.4,141.49,0.41,172.0,0.42,91.25,0.43,106.0,0.61,93.11,0.6,141.49,0.59,172.0,0.58,91.25,0.57,106.0,0.62,86.62,0.63,20.0,0.64,35.5,0.65,120.3,0.66,62.5,0.01,0.01,2390.042488,1776159093000
1776159095.273,95.273,0.38,86.62,0.37,20.0,0.36,35.5,0.35,120.3,0.34,62.5,0.39,93.11,0.4,141.49,0.41,172.0,0.42,91.25,0.43,106.0,0.61,93.11,0.6,141.49,0.59,172.0,0.58,91.25,0.57,106.0,0.62,86.62,0.63,20.0,0.64,35.5,0.65,120.3,0.66,62.5,0.01,0.01,2390.010903,1776159094000
1776159096.609,96.609,0.38,1.43,0.37,10.0,0.36,10.0,0.35,120.3,0.34,62.5,0.39,35.11,0.4,210.49,0.41,172.0,0.42,91.25,0.43,114.0,0.61,93.11,0.6,141.49,0.59,172.0,0.58,91.25,0.57,106.0,0.62,86.62,0.63,20.0,0.64,35.5,0.65,120.3,0.66,62.5,0.01,0.01,2390.010903,1776159094000
1776159097.355,97.355,0.36,8.39,0.35,120.3,0.34,62.5,0.33,41.8,0.32,82.0,0.38,25.5,0.39,88.11,0.4,152.49,0.41,172.0,0.42,91.25,0.62,25.5,0.61,88.11,0.6,152.49,0.59,172.0,0.58,91.25,0.64,8.39,0.65,120.3,0.66,62.5,0.67,41.8,0.68,82.0,0.02,0.02,2389.985802,1776159096000
1776159098.068,98.068,0.36,8.39,0.35,120.3,0.34,62.5,0.33,41.8,0.32,82.0,0.38,25.5,0.39,88.11,0.4,152.49,0.41,172.0,0.42,91.25,0.62,25.5,0.61,88.11,0.6,152.49,0.59,172.0,0.58,91.25,0.64,8.39,0.65,120.3,0.66,62.5,0.67,41.8,0.68,82.0,0.02,0.02,2389.986415,1776159097000
1776159099.013,99.013,0.36,68.87,0.35,35.5,0.34,130.5,0.33,72.8,0.32,106.0,0.37,15.0,0.38,78.0,0.39,128.1,0.4,70.56,0.41,176.0,0.62,25.5,0.61,88.11,0.6,152.49,0.59,172.0,0.58,91.25,0.64,8.39,0.65,120.3,0.66,62.5,0.67,41.8,0.68,82.0,0.01,0.02,2389.986415,1776159097000
1776159099.6,99.6,0.36,68.87,0.35,35.5,0.34,130.5,0.33,72.8,0.32,106.0,0.37,15.0,0.38,78.0,0.39,128.1,0.4,70.56,0.41,176.0,0.63,15.0,0.62,78.0,0.61,128.1,0.6,70.56,0.59,176.0,0.64,68.87,0.65,35.5,0.66,130.5,0.67,72.8,0.68,106.0,0.01,0.01,2389.942267,1776159098000
1776159100.072,100.072,0.36,73.87,0.35,35.5,0.34,109.5,0.33,51.8,0.32,95.0,0.37,10.62,0.38,78.0,0.39,159.1,0.4,91.56,0.41,176.0,0.63,15.0,0.62,78.0,0.61,128.1,0.6,70.56,0.59,176.0,0.64,68.87,0.65,35.5,0.66,130.5,0.67,72.8,0.68,106.0,0.01,0.01,2389.942267,1776159098000
1776159100.334,100.334,0.36,73.87,0.35,35.5,0.34,109.5,0.33,51.8,0.32,95.0,0.37,10.62,0.38,78.0,0.39,159.1,0.4,91.56,0.41,176.0,0.63,10.62,0.62,78.0,0.61,159.1,0.6,91.56,0.59,176.0,0.64,73.87,0.65,35.5,0.66,109.5,0.67,51.8,0.68,95.0,0.01,0.01,2389.945875,1776159099000
1776159101.182,101.182,0.36,73.87,0.35,35.5,0.34,109.5,0.33,51.8,0.32,95.0,0.37,10.62,0.38,78.0,0.39,159.1,0.4,91.56,0.41,176.0,0.63,10.62,0.62,78.0,0.61,159.1,0.6,91.56,0.59,176.0,0.64,73.87,0.65,35.5,0.66,109.5,0.67,51.8,0.68,95.0,0.01,0.01,2389.943745,1776159100000
1776159101.513,101.513,0.35,34.5,0.34,109.5,0.33,51.8,0.32,81.0,0.31,191.3,0.37,131.56,0.38,88.5,0.39,171.1,0.4,91.56,0.41,184.0,0.63,121.56,0.62,88.5,0.61,171.1,0.6,91.56,0.59,184.0,0.64,10.0,0.65,35.5,0.66,109.5,0.67,51.8,0.68,81.0,0.02,0.01,2389.943745,1776159100000
1776159102.396,102.396,0.35,29.0,0.34,109.5,0.33,51.8,0.32,73.0,0.31,197.61,0.36,171.88,0.37,15.0,0.38,93.5,0.39,171.1,0.4,101.56,0.63,131.56,0.62,88.5,0.61,171.1,0.6,91.56,0.59,184.0,0.65,34.5,0.66,109.5,0.67,51.8,0.68,81.0,0.69,191.3,0.01,0.02,2389.943745,1776159100000
1776159103.285,103.285,0.35,29.0,0.34,109.5,0.33,51.8,0.32,73.0,0.31,197.61,0.36,171.88,0.37,15.0,0.38,93.5,0.39,171.1,0.4,101.56,0.64,171.88,0.63,15.0,0.62,93.5,0.61,171.1,0.6,101.56,0.65,29.0,0.66,109.5,0.67,51.8,0.68,73.0,0.69,197.61,0.01,0.01,2389.944025,1776159102000
1776159104.75,104.75,0.35,17.84,0.34,35.5,0.33,109.8,0.32,52.0,0.31,191.3,0.36,177.88,0.37,98.5,0.38,158.49,0.39,98.17,0.4,66.5,0.64,171.88,0.63,15.0,0.62,93.5,0.61,171.1,0.6,101.56,0.65,29.0,0.66,109.5,0.67,51.8,0.68,73.0,0.69,197.61,0.01,0.01,2389.944025,1776159102000
1776159105.487,105.487,0.35,10.14,0.34,35.5,0.33,109.8,0.32,73.0,0.31,191.3,0.36,172.88,0.37,98.5,0.38,136.49,0.39,98.17,0.4,56.5,0.64,177.88,0.63,98.5,0.62,158.49,0.61,98.17,0.6,66.5,0.65,17.84,0.66,35.5,0.67,109.8,0.68,52.0,0.69,191.3,0.01,0.01,2389.91076,1776159103000
1776159106.32,106.32,0.35,10.14,0.34,35.5,0.33,109.8,0.32,73.0,0.31,191.3,0.36,172.88,0.37,98.5,0.38,136.49,0.39,98.17,0.4,56.5,0.64,172.88,0.63,98.5,0.62,136.49,0.61,98.17,0.6,56.5,0.65,10.14,0.66,35.5,0.67,109.8,0.68,73.0,0.69,191.3,0.01,0.01,2389.916579,1776159105000
1776159107.083,107.083,0.35,10.14,0.34,35.5,0.33,109.8,0.32,73.0,0.31,191.3,0.36,172.88,0.37,98.5,0.38,136.49,0.39,98.17,0.4,56.5,0.64,172.88,0.63,98.5,0.62,136.49,0.61,98.17,0.6,56.5,0.65,10.14,0.66,35.5,0.67,109.8,0.68,73.0,0.69,191.3,0.01,0.01,2389.913747,1776159106000
1776159108.66,108.66,0.33,20.5,0.32,25.5,0.31,139.3,0.3,187.1,0.29,145.5,0.35,298.0,0.36,155.49,0.37,53.5,0.38,35.5,0.39,66.11,0.64,172.88,0.63,98.5,0.62,136.49,0.61,98.17,0.6,56.5,0.65,10.14,0.66,35.5,0.67,109.8,0.68,73.0,0.69,191.3,0.02,0.01,2389.913747,1776159106000
1776159108.944,108.944,0.32,24.0,0.31,139.3,0.3,187.1,0.29,145.5,0.28,97.89,0.34,10.0,0.35,293.0,0.36,150.49,0.37,53.5,0.38,35.5,0.66,10.0,0.65,293.0,0.64,150.49,0.63,53.5,0.62,35.5,0.68,24.0,0.69,139.3,0.7,187.1,0.71,145.5,0.72,97.89,0.02,0.02,2389.89464,1776159107000
1776159109.528,109.528,0.32,21.64,0.31,110.5,0.3,175.1,0.29,145.5,0.28,97.89,0.33,275.0,0.34,36.0,0.35,99.5,0.36,149.49,0.37,91.56,0.66,10.0,0.65,293.0,0.64,150.49,0.63,53.5,0.62,35.5,0.68,24.0,0.69,139.3,0.7,187.1,0.71,145.5,0.72,97.89,0.01,0.02,2389.89464,1776159107000
1776159110.024,110.024,0.32,21.64,0.31,110.5,0.3,175.1,0.29,145.5,0.28,97.89,0.33,275.0,0.34,36.0,0.35,99.5,0.36,149.49,0.37,91.56,0.67,275.0,0.66,36.0,0.65,99.5,0.64,149.49,0.63,91.56,0.68,21.64,0.69,110.5,0.7,175.1,0.71,145.5,0.72,97.89,0.01,0.01,2389.89604,1776159109000
1776159110.743,110.743,0.32,19.69,0.31,127.3,0.3,175.1,0.29,134.5,0.28,97.89,0.33,247.0,0.34,94.0,0.35,41.5,0.36,170.49,0.37,91.56,0.67,275.0,0.66,36.0,0.65,99.5,0.64,149.49,0.63,91.56,0.68,21.64,0.69,110.5,0.7,175.1,0.71,145.5,0.72,97.89,0.01,0.01,2389.89604,1776159109000
1776159110.998,110.998,0.32,13.48,0.31,127.3,0.3,175.1,0.29,134.5,0.28,97.89,0.33,247.0,0.34,94.0,0.35,48.5,0.36,162.49,0.37,91.56,0.67,242.0,0.66,94.0,0.65,41.5,0.64,170.49,0.63,91.56,0.68,15.35,0.69,127.3,0.7,175.1,0.71,134.5,0.72,97.89,0.01,0.01,2389.89604,1776159109000
1776159111.213,111.213,0.32,13.48,0.31,127.3,0.3,175.1,0.29,134.5,0.28,97.89,0.33,247.0,0.34,94.0,0.35,48.5,0.36,162.49,0.37,91.56,0.67,247.0,0.66,94.0,0.65,48.5,0.64,162.49,0.63,91.56,0.68,13.48,0.69,127.3,0.7,175.1,0.71,134.5,0.72,97.89,0.01,0.01,2389.86992,1776159110000
1776159112.251,112.251,0.32,11.96,0.31,132.3,0.3,196.1,0.29,133.5,0.28,97.89,0.33,300.0,0.34,94.0,0.35,48.5,0.36,163.49,0.37,91.56,0.67,300.0,0.66,94.0,0.65,48.5,0.64,163.49,0.63,91.56,0.68,11.96,0.69,132.3,0.7,196.1,0.71,133.5,0.72,97.89,0.01,0.01,2389.842635,1776159111000
1776159112.571,112.571,0.27,6.97,0.26,83.5,0.25,33.0,0.24,157.7,0.23,120.3,0.29,251.5,0.3,116.5,0.31,136.06,0.32,72.56,0.33,68.5,0.67,300.0,0.66,94.0,0.65,48.5,0.64,163.49,0.63,91.56,0.68,11.96,0.69,132.3,0.7,196.1,0.71,133.5,0.72,97.89,0.02,0.01,2389.842635,1776159111000
1776159112.994,112.994,0.26,20.5,0.25,73.0,0.24,157.7,0.23,160.3,0.22,137.0,0.27,339.29,0.28,127.5,0.29,80.5,0.3,47.5,0.31,221.99,0.71,251.5,0.7,116.5,0.69,136.06,0.68,72.56,0.67,68.5,0.73,6.97,0.74,83.5,0.75,33.0,0.76,157.7,0.77,120.3,0.01,0.02,2389.842635,1776159111000
1776159113.569,113.569,0.26,20.5,0.25,73.0,0.24,157.7,0.23,160.3,0.22,137.0,0.27,339.29,0.28,127.5,0.29,80.5,0.3,47.5,0.31,221.99,0.73,339.29,0.72,127.5,0.71,80.5,0.7,47.5,0.69,221.99,0.74,20.5,0.75,73.0,0.76,157.7,0.77,160.3,0.78,137.0,0.01,0.01,2389.85006,1776159112000
1776159113.792,113.792,0.26,16.83,0.25,102.2,0.24,152.7,0.23,130.3,0.22,137.0,0.27,349.13,0.28,137.5,0.29,74.5,0.3,53.5,0.31,221.99,0.73,339.29,0.72,127.5,0.71,80.5,0.7,47.5,0.69,221.99,0.74,20.5,0.75,73.0,0.76,157.7,0.77,160.3,0.78,137.0,0.01,0.01,2389.85006,1776159112000
1776159114.284,114.284,0.26,10.5,0.25,15.0,0.24,112.7,0.23,169.3,0.22,137.0,0.27,335.61,0.28,79.5,0.29,132.5,0.3,183.49,0.31,145.06,0.73,349.13,0.72,137.5,0.71,74.5,0.7,53.5,0.69,221.99,0.74,16.83,0.75,102.2,0.76,152.7,0.77,130.3,0.78,137.0,0.01,0.01,2389.85006,1776159112000
1776159114.937,114.937,0.26,10.5,0.25,15.0,0.24,112.7,0.23,169.3,0.22,137.0,0.27,335.61,0.28,79.5,0.29,132.5,0.3,183.49,0.31,145.06,0.73,335.61,0.72,79.5,0.71,132.5,0.7,183.49,0.69,145.06,0.74,10.5,0.75,15.0,0.76,112.7,0.77,169.3,0.78,137.0,0.01,0.01,2389.686342,1776159114000
1776159116.433,116.433,0.26,10.5,0.25,15.0,0.24,112.7,0.23,169.3,0.22,137.0,0.27,335.61,0.28,79.5,0.29,132.5,0.3,183.49,0.31,145.06,0.73,335.61,0.72,79.5,0.71,132.5,0.7,183.49,0.69,145.06,0.74,10.5,0.75,15.0,0.76,112.7,0.77,169.3,0.78,137.0,0.01,0.01,2389.509073,1776159115000
1776159116.905,116.905,0.24,0.16,0.23,40.3,0.22,65.0,0.21,79.7,0.2,73.5,0.25,291.0,0.26,118.0,0.27,46.5,0.28,117.5,0.29,235.49,0.73,335.61,0.72,79.5,0.71,132.5,0.7,183.49,0.69,145.06,0.74,10.5,0.75,15.0,0.76,112.7,0.77,169.3,0.78,137.0,0.01,0.01,2389.509073,1776159115000
1776159117.361,117.361,0.2,194.68,0.19,227.4,0.18,171.4,0.17,71.5,0.16,150.8,0.21,144.52,0.22,40.5,0.23,93.5,0.24,42.5,0.25,42.5,0.79,134.52,0.78,30.0,0.77,31.0,0.76,25.0,0.75,42.5,0.8,219.13,0.81,189.4,0.82,166.4,0.83,71.5,0.84,150.8,0.01,0.01,2389.508753,1776159116000
1776159117.664,117.664,0.2,107.98,0.19,179.9,0.18,161.4,0.17,71.5,0.16,150.8,0.21,306.52,0.22,30.0,0.23,35.5,0.24,48.5,0.25,42.5,0.79,139.52,0.78,40.5,0.77,93.5,0.76,42.5,0.75,42.5,0.8,194.68,0.81,227.4,0.82,171.4,0.83,71.5,0.84,150.8,0.01,0.01,2389.508753,1776159116000
1776159118.0,118.0,0.2,90.38,0.19,184.9,0.18,161.4,0.17,71.5,0.16,150.8,0.21,306.52,0.22,88.0,0.23,35.5,0.24,42.5,0.25,42.5,0.79,306.52,0.78,30.0,0.77,35.5,0.76,48.5,0.75,42.5,0.8,107.98,0.81,179.9,0.82,161.4,0.83,71.5,0.84,150.8,0.01,0.01,2389.508753,1776159116000
1776159119.252,119.252,0.2,90.38,0.19,184.9,0.18,161.4,0.17,71.5,0.16,150.8,0.21,306.52,0.22,88.0,0.23,35.5,0.24,42.5,0.25,42.5,0.79,306.52,0.78,88.0,0.77,35.5,0.76,42.5,0.75,42.5,0.8,90.38,0.81,184.9,0.82,161.4,0.83,71.5,0.84,150.8,0.01,0.01,2389.250055,1776159118000
1776159120.3,120.3,0.2,80.0,0.19,104.9,0.18,161.4,0.17,129.5,0.16,150.8,0.21,296.99,0.22,88.0,0.23,35.5,0.24,42.5,0.25,42.5,0.79,296.99,0.78,88.0,0.77,35.5,0.76,42.5,0.75,42.5,0.8,80.0,0.81,104.9,0.82,161.4,0.83,129.5,0.84,150.8,0.01,0.01,2389.194115,1776159119000
1776159120.539,120.539,0.2,69.0,0.19,78.9,0.18,129.9,0.17,129.5,0.16,150.8,0.21,342.49,0.22,45.5,0.23,42.5,0.24,35.5,0.25,42.5,0.79,296.99,0.78,88.0,0.77,35.5,0.76,42.5,0.75,42.5,0.8,80.0,0.81,104.9,0.82,161.4,0.83,129.5,0.84,150.8,0.01,0.01,2389.194115,1776159119000
1776159121.324,121.324,0.2,69.0,0.19,78.9,0.18,129.9,0.17,129.5,0.16,150.8,0.21,342.49,0.22,45.5,0.23,42.5,0.24,35.5,0.25,42.5,0.79,342.49,0.78,45.5,0.77,42.5,0.76,35.5,0.75,42.5,0.8,69.0,0.81,78.9,0.82,129.9,0.83,129.5,0.84,150.8,0.01,0.01,2389.164635,1776159120000
1776159121.975,121.975,0.2,69.0,0.19,78.9,0.18,129.9,0.17,129.5,0.16,150.8,0.21,342.49,0.22,45.5,0.23,42.5,0.24,35.5,0.25,42.5,0.79,342.49,0.78,45.5,0.77,42.5,0.76,35.5,0.75,42.5,0.8,69.0,0.81,78.9,0.82,129.9,0.83,129.5,0.84,150.8,0.01,0.01,2389.16476,1776159121000
1776159123.073,123.073,0.2,69.0,0.19,78.9,0.18,129.9,0.17,129.5,0.16,150.8,0.21,342.49,0.22,45.5,0.23,42.5,0.24,35.5,0.25,42.5,0.79,342.49,0.78,45.5,0.77,42.5,0.76,35.5,0.75,42.5,0.8,69.0,0.81,78.9,0.82,129.9,0.83,129.5,0.84,150.8,0.01,0.01,2389.170729,1776159122000
1776159124.167,124.167,0.2,69.0,0.19,78.9,0.18,129.9,0.17,129.5,0.16,150.8,0.21,342.49,0.22,45.5,0.23,42.5,0.24,35.5,0.25,42.5,0.79,342.49,0.78,45.5,0.77,42.5,0.76,35.5,0.75,42.5,0.8,69.0,0.81,78.9,0.82,129.9,0.83,129.5,0.84,150.8,0.01,0.01,2389.170729,1776159123000
1776159125.753,125.753,0.2,69.0,0.19,78.9,0.18,129.9,0.17,129.5,0.16,150.8,0.21,342.49,0.22,45.5,0.23,42.5,0.24,35.5,0.25,42.5,0.79,342.49,0.78,45.5,0.77,42.5,0.76,35.5,0.75,42.5,0.8,69.0,0.81,78.9,0.82,129.9,0.83,129.5,0.84,150.8,0.01,0.01,2389.15484,1776159124000
1776159126.502,126.502,0.2,69.0,0.19,78.9,0.18,129.9,0.17,129.5,0.16,150.8,0.21,342.49,0.22,45.5,0.23,42.5,0.24,35.5,0.25,42.5,0.79,342.49,0.78,45.5,0.77,42.5,0.76,35.5,0.75,42.5,0.8,69.0,0.81,78.9,0.82,129.9,0.83,129.5,0.84,150.8,0.01,0.01,2389.131125,1776159125000
1776159127.143,127.143,0.19,69.9,0.18,176.9,0.17,119.0,0.16,143.8,0.15,149.2,0.2,206.0,0.21,105.53,0.22,42.5,0.23,35.5,0.24,47.5,0.8,206.0,0.79,105.53,0.78,42.5,0.77,35.5,0.76,47.5,0.81,69.9,0.82,176.9,0.83,119.0,0.84,143.8,0.85,149.2,0.01,0.01,2389.179503,1776159126000
1776159128.413,128.413,0.19,69.9,0.18,176.9,0.17,119.0,0.16,143.8,0.15,149.2,0.2,206.0,0.21,105.53,0.22,42.5,0.23,35.5,0.24,47.5,0.8,206.0,0.79,105.53,0.78,42.5,0.77,35.5,0.76,47.5,0.81,69.9,0.82,176.9,0.83,119.0,0.84,143.8,0.85,149.2,0.01,0.01,2389.136345,1776159127000
1776159128.842,128.842,0.19,77.31,0.18,167.9,0.17,65.0,0.16,164.8,0.15,149.2,0.2,233.0,0.21,49.53,0.22,35.5,0.23,41.5,0.24,62.5,0.8,206.0,0.79,105.53,0.78,42.5,0.77,35.5,0.76,47.5,0.81,69.9,0.82,176.9,0.83,119.0,0.84,143.8,0.85,149.2,0.01,0.01,2389.136345,1776159127000
1776159129.089,129.089,0.19,77.31,0.18,167.9,0.17,65.0,0.16,164.8,0.15,149.2,0.2,233.0,0.21,49.53,0.22,35.5,0.23,41.5,0.24,62.5,0.8,233.0,0.79,49.53,0.78,35.5,0.77,41.5,0.76,62.5,0.81,77.31,0.82,167.9,0.83,65.0,0.84,164.8,0.85,149.2,0.01,0.01,2389.14408,1776159128000
1776159129.875,129.875,0.19,56.81,0.18,157.9,0.17,65.0,0.16,154.8,0.15,149.2,0.2,295.55,0.21,60.03,0.22,35.5,0.23,41.5,0.24,62.5,0.8,233.0,0.79,49.53,0.78,35.5,0.77,41.5,0.76,62.5,0.81,77.31,0.82,167.9,0.83,65.0,0.84,164.8,0.85,149.2,0.01,0.01,2389.14408,1776159128000
1776159130.435,130.435,0.19,56.81,0.18,157.9,0.17,65.0,0.16,154.8,0.15,149.2,0.2,295.55,0.21,60.03,0.22,35.5,0.23,41.5,0.24,62.5,0.8,295.55,0.79,60.03,0.78,35.5,0.77,41.5,0.76,62.5,0.81,56.81,0.82,157.9,0.83,65.0,0.84,154.8,0.85,149.2,0.01,0.01,2389.143585,1776159129000
1776159130.729,130.729,0.19,39.81,0.18,87.9,0.17,55.0,0.16,57.3,0.15,186.2,0.2,347.55,0.21,60.03,0.22,132.5,0.23,126.5,0.24,132.5,0.8,295.55,0.79,60.03,0.78,35.5,0.77,41.5,0.76,62.5,0.81,56.81,0.82,157.9,0.83,65.0,0.84,154.8,0.85,149.2,0.01,0.01,2389.143585,1776159129000
1776159130.979,130.979,0.19,39.81,0.18,87.9,0.17,55.0,0.16,57.3,0.15,186.2,0.2,347.55,0.21,60.03,0.22,132.5,0.23,126.5,0.24,132.5,0.8,347.55,0.79,60.03,0.78,132.5,0.77,126.5,0.76,132.5,0.81,39.81,0.82,87.9,0.83,55.0,0.84,57.3,0.85,186.2,0.01,0.01,2389.143705,1776159130000
1776159131.469,131.469,0.19,275.9,0.18,118.9,0.17,153.0,0.16,149.3,0.15,74.2,0.2,135.0,0.21,12.53,0.22,10.0,0.23,20.0,0.24,37.5,0.8,347.55,0.79,60.03,0.78,132.5,0.77,126.5,0.76,132.5,0.81,39.81,0.82,87.9,0.83,55.0,0.84,57.3,0.85,186.2,0.01,0.01,2389.143705,1776159130000
1776159131.678,131.678,0.19,394.9,0.18,123.9,0.17,83.0,0.16,134.3,0.15,69.2,0.21,0.53,0.25,6.0,0.26,68.0,0.27,33.0,0.28,31.0,0.8,7.0,0.79,7.53,0.77,5.0,0.76,12.0,0.75,16.0,0.81,306.9,0.82,123.9,0.83,153.0,0.84,134.3,0.85,69.2,0.02,0.01,2389.143705,1776159130000
1776159131.895,131.895,0.2,328.0,0.19,156.9,0.18,80.9,0.17,82.0,0.16,122.8,0.25,7.57,0.26,20.0,0.27,31.0,0.28,32.0,0.29,25.0,0.79,57.57,0.75,10.0,0.74,78.0,0.73,31.0,0.72,32.0,0.8,275.0,0.81,214.9,0.82,80.9,0.83,82.0,0.84,122.8,0.05,0.01,2389.143705,1776159130000
1776159132.124,132.124,0.24,5.0,0.23,70.0,0.22,70.7,0.21,155.5,0.2,187.0,0.25,150.5,0.26,25.0,0.27,36.0,0.28,32.0,0.29,25.0,0.75,78.5,0.74,20.0,0.73,36.0,0.72,32.0,0.71,25.0,0.77,5.0,0.78,19.7,0.79,286.5,0.8,239.0,0.81,89.9,0.01,0.02,2389.143705,1776159130000
1776159133.15,133.15,0.24,40.47,0.23,73.5,0.22,60.7,0.21,240.2,0.2,139.0,0.25,150.5,0.26,30.0,0.27,31.0,0.28,25.0,0.29,31.0,0.75,150.5,0.74,25.0,0.73,36.0,0.72,32.0,0.71,25.0,0.76,5.0,0.77,70.0,0.78,70.7,0.79,155.5,0.8,187.0,0.01,0.01,2389.168566,1776159131000
1776159133.623,133.623,0.24,72.35,0.23,73.5,0.22,60.7,0.21,245.2,0.2,139.0,0.25,130.17,0.26,40.5,0.27,25.0,0.28,25.0,0.29,31.0,0.75,130.17,0.74,40.5,0.73,25.0,0.72,25.0,0.71,31.0,0.76,72.35,0.77,73.5,0.78,60.7,0.79,245.2,0.8,139.0,0.01,0.01,2389.140315,1776159132000
1776159134.373,134.373,0.24,72.35,0.23,73.5,0.22,60.7,0.21,245.2,0.2,139.0,0.25,130.17,0.26,40.5,0.27,25.0,0.28,25.0,0.29,31.0,0.75,130.17,0.74,40.5,0.73,25.0,0.72,25.0,0.71,31.0,0.76,72.35,0.77,73.5,0.78,60.7,0.79,245.2,0.8,139.0,0.01,0.01,2389.280515,1776159133000
1776159135.605,135.605,0.24,72.35,0.23,73.5,0.22,60.7,0.21,245.2,0.2,139.0,0.25,130.17,0.26,40.5,0.27,25.0,0.28,25.0,0.29,31.0,0.75,130.17,0.74,40.5,0.73,25.0,0.72,25.0,0.71,31.0,0.76,72.35,0.77,73.5,0.78,60.7,0.79,245.2,0.8,139.0,0.01,0.01,2389.44974,1776159134000
1776159136.372,136.372,0.24,72.35,0.23,73.5,0.22,60.7,0.21,245.2,0.2,139.0,0.25,130.17,0.26,40.5,0.27,25.0,0.28,25.0,0.29,31.0,0.75,130.17,0.74,40.5,0.73,25.0,0.72,25.0,0.71,31.0,0.76,72.35,0.77,73.5,0.78,60.7,0.79,245.2,0.8,139.0,0.01,0.01,2389.471795,1776159135000
1776159136.945,136.945,0.24,72.35,0.23,73.5,0.22,60.7,0.21,245.2,0.2,139.0,0.25,130.17,0.26,40.5,0.27,25.0,0.28,25.0,0.29,31.0,0.75,130.17,0.74,40.5,0.73,25.0,0.72,25.0,0.71,31.0,0.76,72.35,0.77,73.5,0.78,60.7,0.79,245.2,0.8,139.0,0.01,0.01,2389.479555,1776159136000
1776159138.226,138.226,0.24,72.35,0.23,73.5,0.22,60.7,0.21,245.2,0.2,139.0,0.25,130.17,0.26,40.5,0.27,25.0,0.28,25.0,0.29,31.0,0.75,130.17,0.74,40.5,0.73,25.0,0.72,25.0,0.71,31.0,0.76,72.35,0.77,73.5,0.78,60.7,0.79,245.2,0.8,139.0,0.01,0.01,2389.452095,1776159137000
1776159138.584,138.584,0.24,3.03,0.23,81.8,0.22,169.7,0.21,240.2,0.2,133.09,0.25,153.0,0.26,20.0,0.27,35.5,0.28,35.5,0.29,59.0,0.75,130.17,0.74,40.5,0.73,25.0,0.72,25.0,0.71,31.0,0.76,72.35,0.77,73.5,0.78,60.7,0.79,245.2,0.8,139.0,0.01,0.01,2389.452095,1776159137000
1776159139.784,139.784,0.24,3.03,0.23,81.8,0.22,169.7,0.21,240.2,0.2,133.09,0.25,153.0,0.26,20.0,0.27,35.5,0.28,35.5,0.29,59.0,0.75,153.0,0.74,20.0,0.73,35.5,0.72,35.5,0.71,59.0,0.76,3.03,0.77,81.8,0.78,169.7,0.79,240.2,0.8,133.09,0.01,0.01,2389.44189,1776159138000
1776159140.351,140.351,0.24,6.45,0.23,81.8,0.22,169.7,0.21,182.2,0.2,133.09,0.25,184.0,0.26,103.5,0.27,35.5,0.28,35.5,0.29,59.0,0.75,184.0,0.74,103.5,0.73,35.5,0.72,35.5,0.71,59.0,0.76,6.45,0.77,81.8,0.78,169.7,0.79,182.2,0.8,133.09,0.01,0.01,2389.441555,1776159139000
1776159141.045,141.045,0.23,44.2,0.22,106.7,0.21,245.2,0.2,133.09,0.19,75.4,0.24,184.0,0.25,88.0,0.26,35.5,0.27,35.5,0.28,41.5,0.75,184.0,0.74,103.5,0.73,35.5,0.72,35.5,0.71,59.0,0.76,6.45,0.77,81.8,0.78,169.7,0.79,182.2,0.8,133.09,0.01,0.01,2389.441555,1776159139000
1776159141.586,141.586,0.23,44.2,0.22,106.7,0.21,245.2,0.2,133.09,0.19,75.4,0.24,184.0,0.25,88.0,0.26,35.5,0.27,35.5,0.28,41.5,0.76,184.0,0.75,88.0,0.74,35.5,0.73,35.5,0.72,41.5,0.77,44.2,0.78,106.7,0.79,245.2,0.8,133.09,0.81,75.4,0.01,0.01,2389.493425,1776159140000
1776159142.107,142.107,0.23,44.2,0.22,106.7,0.21,245.2,0.2,133.09,0.19,75.4,0.24,184.0,0.25,88.0,0.26,35.5,0.27,35.5,0.28,41.5,0.76,184.0,0.75,88.0,0.74,35.5,0.73,35.5,0.72,41.5,0.77,44.2,0.78,106.7,0.79,245.2,0.8,133.09,0.81,75.4,0.01,0.01,2389.503425,1776159141000
1776159143.299,143.299,0.23,44.2,0.22,106.7,0.21,245.2,0.2,133.09,0.19,75.4,0.24,184.0,0.25,88.0,0.26,35.5,0.27,35.5,0.28,41.5,0.76,184.0,0.75,88.0,0.74,35.5,0.73,35.5,0.72,41.5,0.77,44.2,0.78,106.7,0.79,245.2,0.8,133.09,0.81,75.4,0.01,0.01,2389.516624,1776159142000
1776159143.746,143.746,0.23,237.52,0.22,101.7,0.21,198.2,0.2,154.09,0.19,75.4,0.24,21.16,0.27,73.0,0.28,31.0,0.29,25.0,0.3,52.0,0.76,21.16,0.73,63.0,0.72,31.0,0.71,25.0,0.7,31.0,0.77,274.5,0.78,122.7,0.79,198.2,0.8,154.09,0.81,75.4,0.01,0.01,2389.516624,1776159142000
1776159144.357,144.357,0.23,247.52,0.22,101.7,0.21,198.2,0.2,154.09,0.19,75.4,0.24,15.16,0.27,73.0,0.28,31.0,0.29,25.0,0.3,52.0,0.76,15.16,0.73,73.0,0.72,31.0,0.71,25.0,0.7,52.0,0.77,247.52,0.78,101.7,0.79,198.2,0.8,154.09,0.81,75.4,0.01,0.01,2389.496557,1776159143000
1776159145.186,145.186,0.23,247.52,0.22,101.7,0.21,198.2,0.2,154.09,0.19,75.4,0.24,15.16,0.27,73.0,0.28,31.0,0.29,25.0,0.3,52.0,0.76,15.16,0.73,73.0,0.72,31.0,0.71,25.0,0.7,52.0,0.77,247.52,0.78,101.7,0.79,198.2,0.8,154.09,0.81,75.4,0.01,0.01,2389.528802,1776159144000
1776159146.228,146.228,0.23,247.52,0.22,101.7,0.21,198.2,0.2,154.09,0.19,75.4,0.24,15.16,0.27,73.0,0.28,31.0,0.29,25.0,0.3,52.0,0.76,15.16,0.73,73.0,0.72,31.0,0.71,25.0,0.7,52.0,0.77,247.52,0.78,101.7,0.79,198.2,0.8,154.09,0.81,75.4,0.01,0.01,2389.575245,1776159145000
1776159146.998,146.998,0.26,163.5,0.25,80.0,0.24,40.5,0.23,143.52,0.22,82.7,0.27,120.0,0.28,10.0,0.29,15.0,0.3,35.5,0.31,95.0,0.76,15.16,0.73,73.0,0.72,31.0,0.71,25.0,0.7,52.0,0.77,247.52,0.78,101.7,0.79,198.2,0.8,154.09,0.81,75.4,0.01,0.01,2389.575245,1776159145000
1776159147.34,147.34,0.26,163.5,0.25,80.0,0.24,40.5,0.23,143.52,0.22,82.7,0.27,120.0,0.28,10.0,0.29,15.0,0.3,35.5,0.31,95.0,0.73,120.0,0.72,10.0,0.71,15.0,0.7,35.5,0.69,95.0,0.74,163.5,0.75,80.0,0.76,40.5,0.77,143.52,0.78,82.7,0.01,0.01,2389.585461,1776159146000
1776159147.964,147.964,0.26,163.5,0.25,80.0,0.24,40.5,0.23,143.52,0.22,82.7,0.27,120.0,0.28,10.0,0.29,15.0,0.3,35.5,0.31,95.0,0.73,120.0,0.72,10.0,0.71,15.0,0.7,35.5,0.69,95.0,0.74,163.5,0.75,80.0,0.76,40.5,0.77,143.52,0.78,82.7,0.01,0.01,2389.594315,1776159147000
1776159148.478,148.478,0.39,10.0,0.38,10.0,0.37,10.0,0.36,10.0,0.35,10.0,0.41,25.87,0.42,38.12,0.43,26.0,0.46,21.0,0.47,41.0,0.73,120.0,0.72,10.0,0.71,15.0,0.7,35.5,0.69,95.0,0.74,163.5,0.75,80.0,0.76,40.5,0.77,143.52,0.78,82.7,0.02,0.01,2389.594315,1776159147000
1776159148.933,148.933,0.52,67.33,0.51,10.0,0.5,20.0,0.49,31.0,0.48,31.0,0.53,41.53,0.54,48.0,0.55,15.0,0.56,86.0,0.57,46.0,0.47,15.87,0.46,16.0,0.45,10.0,0.44,81.0,0.43,41.0,0.49,10.0,0.5,20.0,0.51,10.0,0.52,10.0,0.53,55.32,0.01,0.02,2389.594315,1776159147000
1776159149.204,149.204,0.52,47.3,0.51,10.0,0.5,20.0,0.49,41.0,0.48,31.0,0.53,59.97,0.54,63.0,0.55,15.0,0.56,86.0,0.57,46.0,0.47,8.09,0.46,48.0,0.45,15.0,0.44,86.0,0.43,46.0,0.48,42.3,0.49,10.0,0.5,20.0,0.51,31.0,0.52,31.0,0.01,0.01,2389.594315,1776159147000
1776159149.441,149.441,0.52,47.3,0.51,10.0,0.5,20.0,0.49,41.0,0.48,31.0,0.53,15.52,0.54,63.0,0.55,15.0,0.56,86.0,0.57,46.0,0.47,15.52,0.46,63.0,0.45,15.0,0.44,86.0,0.43,46.0,0.48,47.3,0.49,10.0,0.5,20.0,0.51,41.0,0.52,31.0,0.01,0.01,2389.70803,1776159148000
1776159149.696,149.696,0.53,5.0,0.52,75.0,0.51,10.0,0.5,20.0,0.49,31.0,0.54,5.0,0.55,34.89,0.56,15.0,0.57,44.0,0.58,85.0,0.47,5.0,0.46,15.0,0.45,43.89,0.44,15.0,0.43,25.0,0.48,11.3,0.49,10.0,0.5,20.0,0.51,41.0,0.52,31.0,0.01,0.01,2389.70803,1776159148000
1776159150.014,150.014,0.52,19.87,0.51,10.0,0.5,78.0,0.49,31.0,0.48,31.0,0.55,92.39,0.56,43.0,0.57,44.0,0.58,85.0,0.59,85.0,0.45,92.39,0.44,43.0,0.43,44.0,0.42,85.0,0.41,85.0,0.48,19.87,0.49,10.0,0.5,78.0,0.51,31.0,0.52,31.0,0.03,0.03,2389.743689,1776159149000
1776159150.37,150.37,0.54,70.0,0.53,111.0,0.52,30.87,0.51,52.5,0.5,84.0,0.55,13.68,0.56,5.0,0.57,15.0,0.58,38.86,0.59,109.0,0.45,92.39,0.44,43.0,0.43,44.0,0.42,85.0,0.41,85.0,0.48,19.87,0.49,10.0,0.5,78.0,0.51,31.0,0.52,31.0,0.01,0.03,2389.743689,1776159149000
1776159150.934,150.934,0.54,128.0,0.53,127.0,0.52,30.87,0.51,47.5,0.5,84.0,0.58,31.5,0.59,109.0,0.6,15.0,0.61,107.0,0.62,36.0,0.45,7.12,0.44,5.0,0.43,15.0,0.42,38.86,0.41,109.0,0.46,75.0,0.47,176.0,0.48,30.87,0.49,52.5,0.5,84.0,0.04,0.01,2389.743689,1776159149000
1776159151.143,151.143,0.54,128.0,0.53,127.0,0.52,30.87,0.51,47.5,0.5,84.0,0.58,31.5,0.59,109.0,0.6,15.0,0.61,107.0,0.62,36.0,0.42,31.5,0.41,109.0,0.4,15.0,0.39,107.0,0.38,36.0,0.46,128.0,0.47,127.0,0.48,30.87,0.49,47.5,0.5,84.0,0.04,0.04,2390.728821,1776159150000
1776159151.573,151.573,0.57,22.7,0.56,10.0,0.55,10.0,0.54,77.0,0.53,118.0,0.58,115.0,0.59,51.0,0.6,15.0,0.61,15.0,0.62,15.0,0.42,31.5,0.41,109.0,0.4,15.0,0.39,107.0,0.38,36.0,0.46,128.0,0.47,127.0,0.48,30.87,0.49,47.5,0.5,84.0,0.01,0.04,2390.728821,1776159150000
1776159151.791,151.791,0.57,8.95,0.56,20.84,0.55,8.56,0.54,77.0,0.53,118.0,0.58,115.0,0.59,115.71,0.6,5.0,0.61,15.0,0.62,15.0,0.42,115.0,0.41,125.71,0.4,15.0,0.39,15.0,0.38,15.0,0.45,8.56,0.46,77.0,0.47,118.0,0.48,47.37,0.49,97.5,0.01,0.03,2390.728821,1776159150000
1776159152.181,152.181,0.57,8.95,0.56,20.84,0.55,8.56,0.54,77.0,0.53,118.0,0.58,115.0,0.59,115.71,0.6,5.0,0.61,15.0,0.62,15.0,0.42,115.0,0.41,115.71,0.4,5.0,0.39,15.0,0.38,15.0,0.43,8.95,0.44,20.84,0.45,8.56,0.46,77.0,0.47,118.0,0.01,0.01,2390.886868,1776159151000
1776159152.745,152.745,0.57,169.95,0.56,26.0,0.55,14.56,0.54,55.5,0.53,108.0,0.58,8.14,0.59,69.71,0.6,29.0,0.61,38.0,0.62,10.0,0.42,115.0,0.41,115.71,0.4,5.0,0.39,15.0,0.38,15.0,0.43,8.95,0.44,20.84,0.45,8.56,0.46,77.0,0.47,118.0,0.01,0.01,2390.886868,1776159151000
1776159153.503,153.503,0.57,164.95,0.56,26.0,0.55,14.56,0.54,50.5,0.53,108.0,0.58,8.14,0.59,69.71,0.6,29.0,0.61,38.0,0.62,10.0,0.42,8.14,0.41,69.71,0.4,29.0,0.39,38.0,0.38,10.0,0.43,164.95,0.44,26.0,0.45,14.56,0.46,50.5,0.47,108.0,0.01,0.01,2391.04829,1776159152000
1776159154.067,154.067,0.57,68.95,0.56,21.0,0.55,72.56,0.54,40.0,0.53,113.0,0.58,90.69,0.59,74.71,0.6,29.0,0.61,28.0,0.63,20.0,0.42,90.69,0.41,74.71,0.4,29.0,0.39,28.0,0.37,20.0,0.43,68.95,0.44,21.0,0.45,72.56,0.46,40.0,0.47,113.0,0.01,0.01,2391.0497,1776159153000
1776159154.482,154.482,0.57,114.95,0.56,47.0,0.55,72.56,0.54,50.0,0.53,108.0,0.59,132.71,0.6,29.0,0.61,28.0,0.62,10.0,0.63,20.0,0.42,18.12,0.41,137.71,0.4,29.0,0.39,38.0,0.37,20.0,0.43,114.95,0.44,115.0,0.45,14.56,0.46,60.5,0.47,113.0,0.02,0.01,2391.0497,1776159153000
1776159155.202,155.202,0.57,114.95,0.56,47.0,0.55,72.56,0.54,50.0,0.53,108.0,0.59,132.71,0.6,29.0,0.61,28.0,0.62,10.0,0.63,20.0,0.41,132.71,0.4,29.0,0.39,28.0,0.38,10.0,0.37,20.0,0.43,114.95,0.44,47.0,0.45,72.56,0.46,50.0,0.47,108.0,0.02,0.02,2391.13818,1776159154000
1776159155.459,155.459,0.58,5.0,0.57,30.0,0.56,26.0,0.55,29.56,0.54,99.0,0.59,174.21,0.6,44.0,0.61,38.0,0.62,20.0,0.63,41.0,0.41,132.71,0.4,29.0,0.39,28.0,0.38,10.0,0.37,20.0,0.43,114.95,0.44,47.0,0.45,72.56,0.46,50.0,0.47,108.0,0.01,0.02,2391.13818,1776159154000
1776159155.747,155.747,0.58,10.0,0.57,25.0,0.56,26.0,0.55,29.56,0.54,99.0,0.59,171.21,0.6,44.0,0.61,38.0,0.62,20.0,0.63,41.0,0.41,179.21,0.4,44.0,0.39,38.0,0.38,20.0,0.37,41.0,0.43,25.0,0.44,26.0,0.45,29.56,0.46,99.0,0.47,118.0,0.01,0.02,2391.13818,1776159154000
1776159156.22,156.22,0.57,23.13,0.56,26.0,0.55,87.56,0.54,41.0,0.53,118.0,0.59,171.21,0.6,44.0,0.61,38.0,0.62,20.0,0.63,41.0,0.41,171.21,0.4,44.0,0.39,38.0,0.38,20.0,0.37,41.0,0.42,10.0,0.43,25.0,0.44,26.0,0.45,29.56,0.46,99.0,0.02,0.01,2391.13818,1776159154000
1776159156.52,156.52,0.58,5.22,0.57,23.13,0.56,84.0,0.55,29.56,0.54,41.0,0.59,109.5,0.6,33.87,0.61,38.0,0.62,20.0,0.63,41.0,0.41,166.21,0.4,44.0,0.39,38.0,0.38,20.0,0.37,41.0,0.42,7.61,0.43,23.13,0.44,89.0,0.45,24.56,0.46,41.0,0.01,0.01,2391.15339,1776159155000
1776159157.078,157.078,0.58,10.45,0.57,23.13,0.56,25.0,0.55,24.56,0.54,41.0,0.59,51.5,0.6,91.87,0.61,38.0,0.62,20.0,0.63,41.0,0.41,109.5,0.4,33.87,0.39,38.0,0.38,20.0,0.37,41.0,0.42,5.22,0.43,23.13,0.44,84.0,0.45,29.56,0.46,41.0,0.01,0.01,2391.15339,1776159155000
1776159157.308,157.308,0.58,10.45,0.57,23.13,0.56,25.0,0.55,24.56,0.54,41.0,0.59,51.5,0.6,91.87,0.61,38.0,0.62,20.0,0.63,41.0,0.41,51.5,0.4,91.87,0.39,38.0,0.38,20.0,0.37,41.0,0.42,10.45,0.43,23.13,0.44,25.0,0.45,24.56,0.46,41.0,0.01,0.01,2391.15259,1776159156000
1776159157.58,157.58,0.58,2.6,0.57,23.13,0.56,78.0,0.55,24.56,0.54,41.0,0.59,109.5,0.6,33.87,0.61,38.0,0.62,20.0,0.63,41.0,0.41,51.5,0.4,91.87,0.39,38.0,0.38,20.0,0.37,41.0,0.42,10.45,0.43,23.13,0.44,25.0,0.45,24.56,0.46,41.0,0.01,0.01,2391.15259,1776159156000
1776159157.825,157.825,0.58,2.6,0.57,23.13,0.56,78.0,0.55,29.56,0.54,41.0,0.59,97.79,0.6,77.26,0.61,38.0,0.62,20.0,0.63,41.0,0.41,97.79,0.4,77.26,0.39,38.0,0.38,20.0,0.37,41.0,0.42,2.6,0.43,23.13,0.44,78.0,0.45,29.56,0.46,41.0,0.01,0.01,2391.146475,1776159157000
1776159158.111,158.111,0.58,0.21,0.57,28.13,0.56,78.0,0.55,29.56,0.54,41.0,0.59,107.79,0.6,33.87,0.61,38.0,0.62,20.0,0.63,41.0,0.41,97.79,0.4,77.26,0.39,38.0,0.38,20.0,0.37,41.0,0.42,2.6,0.43,23.13,0.44,78.0,0.45,29.56,0.46,41.0,0.01,0.01,2391.146475,1776159157000
1776159158.66,158.66,0.57,18.68,0.56,10.0,0.55,76.56,0.54,25.0,0.53,103.0,0.59,162.66,0.6,134.87,0.61,111.0,0.62,41.0,0.63,41.0,0.41,107.79,0.4,33.87,0.39,38.0,0.38,20.0,0.37,41.0,0.43,23.68,0.44,78.0,0.45,29.56,0.46,41.0,0.47,127.0,0.02,0.02,2391.146475,1776159157000
1776159158.871,158.871,0.56,10.0,0.55,34.11,0.54,30.0,0.53,103.0,0.52,24.87,0.58,5.0,0.59,157.66,0.6,218.34,0.61,121.0,0.62,41.0,0.41,169.66,0.4,213.22,0.39,121.0,0.38,41.0,0.37,41.0,0.43,10.0,0.44,10.0,0.45,34.11,0.46,30.0,0.47,103.0,0.02,0.02,2391.09664,1776159158000
1776159159.29,159.29,0.56,15.0,0.55,34.11,0.54,155.99,0.53,129.0,0.52,19.87,0.57,47.5,0.58,15.0,0.59,118.79,0.6,189.35,0.61,121.0,0.42,20.87,0.41,151.79,0.4,189.35,0.39,121.0,0.38,41.0,0.44,10.0,0.45,34.11,0.46,30.0,0.47,103.0,0.48,19.87,0.01,0.02,2391.09664,1776159158000
1776159159.62,159.62,0.56,17.5,0.55,92.11,0.54,155.99,0.53,129.0,0.52,19.87,0.57,42.5,0.58,73.0,0.59,55.79,0.6,189.35,0.61,121.0,0.43,47.5,0.42,15.0,0.41,118.79,0.4,189.35,0.39,121.0,0.44,15.0,0.45,34.11,0.46,155.99,0.47,129.0,0.48,19.87,0.01,0.01,2391.09664,1776159158000
1776159160.411,160.411,0.56,12.79,0.55,92.11,0.54,155.99,0.53,129.0,0.52,19.87,0.57,42.5,0.58,73.0,0.59,55.79,0.6,189.35,0.61,121.0,0.43,42.5,0.42,73.0,0.41,55.79,0.4,189.35,0.39,121.0,0.44,12.79,0.45,92.11,0.46,155.99,0.47,129.0,0.48,19.87,0.01,0.01,2391.109785,1776159159000
1776159160.947,160.947,0.56,12.79,0.55,92.11,0.54,155.99,0.53,129.0,0.52,19.87,0.57,42.5,0.58,73.0,0.59,55.79,0.6,189.35,0.61,121.0,0.43,42.5,0.42,73.0,0.41,55.79,0.4,189.35,0.39,121.0,0.44,12.79,0.45,92.11,0.46,155.99,0.47,129.0,0.48,19.87,0.01,0.01,2391.04403,1776159160000
1776159161.334,161.334,0.55,9.11,0.54,15.0,0.53,7.0,0.52,78.0,0.51,164.61,0.57,95.53,0.58,45.0,0.59,71.79,0.6,168.35,0.61,90.0,0.43,42.5,0.42,73.0,0.41,55.79,0.4,189.35,0.39,121.0,0.44,12.79,0.45,92.11,0.46,155.99,0.47,129.0,0.48,19.87,0.02,0.01,2391.04403,1776159160000
1776159161.54,161.54,0.53,36.11,0.52,78.0,0.51,70.0,0.5,47.0,0.49,46.0,0.55,10.0,0.56,42.0,0.57,181.0,0.58,55.0,0.59,67.5,0.44,47.0,0.43,181.0,0.42,55.0,0.41,67.5,0.4,158.35,0.46,9.11,0.47,37.0,0.48,78.0,0.49,75.0,0.5,47.0,0.02,0.02,2391.04403,1776159160000
1776159161.842,161.842,0.51,2.4,0.5,30.0,0.49,145.61,0.48,46.0,0.47,60.32,0.52,7.0,0.53,17.0,0.54,87.0,0.55,102.0,0.56,42.0,0.46,10.0,0.45,27.53,0.44,37.0,0.43,181.0,0.42,55.0,0.47,16.11,0.48,68.0,0.49,66.0,0.5,137.61,0.51,36.0,0.01,0.01,2391.04403,1776159160000
1776159162.049,162.049,0.5,88.0,0.49,150.61,0.48,46.0,0.47,70.82,0.46,91.0,0.52,12.0,0.53,27.5,0.54,97.5,0.55,160.0,0.56,42.0,0.48,7.0,0.47,17.0,0.46,87.0,0.45,102.0,0.44,42.0,0.49,2.4,0.5,30.0,0.51,145.61,0.52,46.0,0.53,60.32,0.02,0.01,2391.04403,1776159160000
1776159162.315,162.315,0.5,87.47,0.49,150.61,0.48,46.0,0.47,70.82,0.46,91.0,0.52,7.0,0.53,27.5,0.54,87.0,0.55,160.0,0.56,42.0,0.48,7.0,0.47,27.5,0.46,87.0,0.45,160.0,0.44,42.0,0.5,87.47,0.51,150.61,0.52,46.0,0.53,70.82,0.54,91.0,0.02,0.02,2391.003497,1776159161000
1776159163.225,163.225,0.5,15.0,0.49,83.0,0.48,25.0,0.47,202.43,0.46,123.0,0.51,37.09,0.52,32.5,0.53,32.5,0.54,85.0,0.55,112.0,0.48,7.0,0.47,27.5,0.46,87.0,0.45,160.0,0.44,42.0,0.5,87.47,0.51,150.61,0.52,46.0,0.53,70.82,0.54,91.0,0.01,0.02,2391.003497,1776159161000
1776159164.256,164.256,0.5,17.8,0.49,98.0,0.48,25.0,0.47,202.43,0.46,123.0,0.51,37.09,0.52,32.5,0.53,32.5,0.54,143.0,0.55,116.0,0.49,37.09,0.48,32.5,0.47,32.5,0.46,143.0,0.45,116.0,0.5,17.8,0.51,98.0,0.52,25.0,0.53,202.43,0.54,123.0,0.01,0.01,2390.80718,1776159163000
1776159164.558,164.558,0.5,197.3,0.49,50.5,0.48,139.49,0.47,107.82,0.46,96.0,0.51,2.59,0.54,25.0,0.55,34.0,0.56,136.0,0.57,95.0,0.49,37.09,0.48,32.5,0.47,32.5,0.46,143.0,0.45,116.0,0.5,17.8,0.51,98.0,0.52,25.0,0.53,202.43,0.54,123.0,0.01,0.01,2390.80718,1776159163000
1776159165.306,165.306,0.5,197.3,0.49,50.5,0.48,160.49,0.47,107.82,0.46,96.0,0.54,25.0,0.55,44.0,0.56,126.0,0.57,25.0,0.58,25.0,0.46,25.0,0.45,44.0,0.44,126.0,0.43,25.0,0.42,25.0,0.5,197.3,0.51,50.5,0.52,160.49,0.53,107.82,0.54,96.0,0.04,0.04,2390.758601,1776159164000
1776159166.239,166.239,0.53,78.74,0.52,50.5,0.51,35.5,0.5,171.3,0.49,61.5,0.54,25.0,0.55,31.0,0.56,152.5,0.57,41.0,0.58,20.0,0.46,25.0,0.45,31.0,0.44,152.5,0.43,41.0,0.42,20.0,0.47,78.74,0.48,50.5,0.49,35.5,0.5,171.3,0.51,61.5,0.01,0.01,2390.768405,1776159165000
1776159166.68,166.68,0.53,83.74,0.52,108.5,0.51,35.5,0.5,139.3,0.49,51.5,0.55,14.44,0.56,110.5,0.57,56.0,0.58,20.0,0.59,41.0,0.45,8.63,0.44,122.5,0.43,56.0,0.42,20.0,0.41,41.0,0.47,83.74,0.48,103.5,0.49,35.5,0.5,139.3,0.51,51.5,0.02,0.02,2390.768405,1776159165000
1776159167.257,167.257,0.53,83.74,0.52,108.5,0.51,35.5,0.5,139.3,0.49,51.5,0.55,14.44,0.56,110.5,0.57,56.0,0.58,20.0,0.59,41.0,0.45,14.44,0.44,110.5,0.43,56.0,0.42,20.0,0.41,41.0,0.47,83.74,0.48,108.5,0.49,35.5,0.5,139.3,0.51,51.5,0.02,0.02,2390.8572,1776159166000
1776159168.155,168.155,0.54,346.49,0.53,168.24,0.52,71.5,0.51,85.5,0.5,59.3,0.55,4.44,0.57,25.0,0.58,78.5,0.59,29.0,0.6,20.0,0.45,14.44,0.44,110.5,0.43,56.0,0.42,20.0,0.41,41.0,0.47,83.74,0.48,108.5,0.49,35.5,0.5,139.3,0.51,51.5,0.01,0.02,2390.8572,1776159166000
1776159168.834,168.834,0.57,63.0,0.56,93.0,0.55,25.0,0.54,145.49,0.53,151.5,0.58,38.6,0.59,34.0,0.6,78.0,0.61,20.0,0.62,20.0,0.42,78.5,0.41,29.0,0.4,20.0,0.39,20.0,0.38,20.0,0.45,84.0,0.46,213.49,0.47,173.24,0.48,61.5,0.49,80.5,0.01,0.03,2390.964806,1776159167000
1776159169.207,169.207,0.57,38.44,0.56,93.0,0.55,25.0,0.54,156.49,0.53,151.5,0.58,30.0,0.59,44.5,0.6,78.0,0.61,20.0,0.62,20.0,0.42,36.7,0.41,34.0,0.4,78.0,0.39,20.0,0.38,20.0,0.43,63.0,0.44,93.0,0.45,25.0,0.46,145.49,0.47,151.5,0.01,0.01,2390.964806,1776159167000
1776159170.088,170.088,0.57,38.44,0.56,93.0,0.55,25.0,0.54,156.49,0.53,151.5,0.58,30.0,0.59,44.5,0.6,78.0,0.61,20.0,0.62,20.0,0.42,30.0,0.41,44.5,0.4,78.0,0.39,20.0,0.38,20.0,0.43,38.44,0.44,93.0,0.45,25.0,0.46,156.49,0.47,151.5,0.01,0.01,2390.89785,1776159169000
1776159171.104,171.104,0.57,38.44,0.56,93.0,0.55,25.0,0.54,156.49,0.53,151.5,0.58,30.0,0.59,44.5,0.6,78.0,0.61,20.0,0.62,20.0,0.42,30.0,0.41,44.5,0.4,78.0,0.39,20.0,0.38,20.0,0.43,38.44,0.44,93.0,0.45,25.0,0.46,156.49,0.47,151.5,0.01,0.01,2390.98739,1776159170000
1776159171.366,171.366,0.6,48.0,0.59,30.0,0.58,15.0,0.57,40.0,0.56,20.0,0.61,10.15,0.62,20.0,0.63,104.0,0.64,120.0,0.65,20.0,0.42,30.0,0.41,44.5,0.4,78.0,0.39,20.0,0.38,20.0,0.43,38.44,0.44,93.0,0.45,25.0,0.46,156.49,0.47,151.5,0.01,0.01,2390.98739,1776159170000
1776159171.774,171.774,0.6,37.85,0.59,20.0,0.58,25.0,0.57,88.0,0.56,30.5,0.61,40.65,0.62,48.5,0.63,104.0,0.64,120.0,0.65,20.0,0.39,20.15,0.38,25.0,0.37,104.0,0.36,120.0,0.35,20.0,0.4,33.0,0.41,20.0,0.42,15.0,0.43,30.0,0.44,20.0,0.01,0.01,2390.98739,1776159170000
1776159172.001,172.001,0.6,42.85,0.59,20.0,0.58,46.0,0.57,88.0,0.56,40.5,0.61,38.15,0.62,48.5,0.63,104.0,0.64,120.0,0.65,20.0,0.39,40.01,0.38,48.5,0.37,104.0,0.36,120.0,0.35,20.0,0.4,42.85,0.41,20.0,0.42,46.0,0.43,88.0,0.44,40.5,0.01,0.01,2390.98739,1776159170000
1776159172.621,172.621,0.6,110.85,0.59,30.0,0.58,20.0,0.57,61.5,0.56,40.5,0.61,21.48,0.62,48.5,0.63,34.0,0.64,120.0,0.65,20.0,0.39,92.37,0.38,48.5,0.37,104.0,0.36,120.0,0.35,20.0,0.4,37.85,0.41,20.0,0.42,46.0,0.43,88.0,0.44,40.5,0.01,0.01,2391.001765,1776159171000
1776159172.975,172.975,0.6,110.85,0.59,30.0,0.58,20.0,0.57,61.5,0.56,40.5,0.61,21.48,0.62,48.5,0.63,34.0,0.64,120.0,0.65,20.0,0.39,21.48,0.38,48.5,0.37,34.0,0.36,120.0,0.35,20.0,0.4,110.85,0.41,30.0,0.42,20.0,0.43,61.5,0.44,40.5,0.01,0.01,2391.00228,1776159172000
1776159173.729,173.729,0.61,11.96,0.6,107.85,0.59,35.5,0.58,30.5,0.57,61.5,0.62,10.0,0.63,8.0,0.64,21.0,0.65,39.0,0.66,93.8,0.39,21.48,0.38,48.5,0.37,34.0,0.36,120.0,0.35,20.0,0.4,110.85,0.41,30.0,0.42,20.0,0.43,61.5,0.44,40.5,0.01,0.01,2391.00228,1776159172000
1776159174.012,174.012,0.65,11.0,0.64,10.0,0.63,46.5,0.62,21.0,0.61,37.46,0.66,22.8,0.68,10.0,0.69,35.5,0.7,62.6,0.71,20.0,0.34,22.8,0.32,10.0,0.31,35.5,0.3,62.6,0.29,20.0,0.35,11.0,0.36,10.0,0.37,46.5,0.38,21.0,0.39,37.46,0.01,0.01,2391.055745,1776159173000
1776159174.312,174.312,0.67,5.0,0.66,15.0,0.65,36.5,0.64,10.0,0.63,238.49,0.68,10.15,0.69,43.3,0.7,62.6,0.71,36.0,0.72,54.0,0.31,33.3,0.3,62.6,0.29,20.0,0.28,20.0,0.27,36.45,0.34,10.0,0.35,191.5,0.36,10.0,0.37,211.11,0.38,31.0,0.01,0.03,2391.055745,1776159173000
1776159174.599,174.599,0.66,25.79,0.65,46.5,0.64,30.0,0.63,238.49,0.62,68.0,0.68,10.15,0.69,62.3,0.7,112.6,0.71,36.0,0.72,54.0,0.32,10.15,0.31,43.3,0.3,62.6,0.29,36.0,0.28,54.0,0.33,5.0,0.34,15.0,0.35,36.5,0.36,10.0,0.37,238.49,0.02,0.01,2391.055745,1776159173000
1776159174.817,174.817,0.67,95.84,0.66,25.79,0.65,46.5,0.64,30.0,0.63,238.49,0.68,10.15,0.69,39.0,0.7,54.6,0.71,36.0,0.72,54.0,0.32,10.15,0.31,62.3,0.3,112.6,0.29,36.0,0.28,54.0,0.34,25.79,0.35,46.5,0.36,30.0,0.37,238.49,0.38,68.0,0.01,0.02,2391.055745,1776159173000
1776159175.102,175.102,0.67,100.84,0.66,36.29,0.65,61.5,0.64,37.0,0.63,238.49,0.68,5.59,0.69,39.0,0.7,65.1,0.71,41.0,0.72,54.0,0.32,10.15,0.31,39.0,0.3,54.6,0.29,36.0,0.28,54.0,0.33,95.84,0.34,25.79,0.35,46.5,0.36,30.0,0.37,238.49,0.01,0.01,2391.055745,1776159173000
1776159175.45,175.45,0.67,100.84,0.66,36.29,0.65,61.5,0.64,37.0,0.63,238.49,0.68,5.59,0.69,39.0,0.7,65.1,0.71,41.0,0.72,54.0,0.32,5.59,0.31,39.0,0.3,65.1,0.29,41.0,0.28,54.0,0.33,100.84,0.34,36.29,0.35,61.5,0.36,37.0,0.37,238.49,0.01,0.01,2391.082125,1776159174000
1776159175.982,175.982,0.67,100.84,0.66,36.29,0.65,61.5,0.64,37.0,0.63,238.49,0.68,5.59,0.69,39.0,0.7,65.1,0.71,41.0,0.72,54.0,0.32,5.59,0.31,39.0,0.3,65.1,0.29,41.0,0.28,54.0,0.33,100.84,0.34,36.29,0.35,61.5,0.36,37.0,0.37,238.49,0.01,0.01,2391.23606,1776159175000
1776159177.052,177.052,0.67,80.68,0.66,41.29,0.65,66.5,0.64,35.0,0.63,123.5,0.68,5.59,0.69,39.0,0.7,70.1,0.71,36.0,0.72,59.0,0.32,5.59,0.31,39.0,0.3,70.1,0.29,36.0,0.28,59.0,0.33,80.68,0.34,41.29,0.35,66.5,0.36,35.0,0.37,123.5,0.01,0.01,2391.41128,1776159176000
1776159177.29,177.29,0.66,10.0,0.65,41.0,0.64,56.0,0.63,250.49,0.62,101.38,0.67,6.34,0.68,21.0,0.69,93.78,0.7,79.1,0.71,54.0,0.31,93.78,0.3,84.1,0.29,43.5,0.28,80.0,0.27,62.45,0.32,21.01,0.33,5.0,0.34,88.79,0.35,51.0,0.36,42.0,0.01,0.01,2391.41128,1776159176000
1776159177.741,177.741,0.66,13.87,0.65,30.0,0.64,124.5,0.63,250.49,0.62,101.38,0.67,40.34,0.68,36.5,0.69,36.28,0.7,79.1,0.71,54.0,0.33,6.34,0.32,21.0,0.31,93.78,0.3,79.1,0.29,54.0,0.34,10.0,0.35,41.0,0.36,56.0,0.37,250.49,0.38,101.38,0.01,0.01,2391.41128,1776159176000
1776159177.969,177.969,0.66,13.87,0.65,30.0,0.64,124.5,0.63,250.49,0.62,101.38,0.67,31.17,0.68,21.0,0.69,46.28,0.7,79.1,0.71,54.0,0.33,40.34,0.32,36.5,0.31,36.28,0.3,79.1,0.29,54.0,0.34,13.87,0.35,30.0,0.36,124.5,0.37,250.49,0.38,101.38,0.01,0.01,2391.41128,1776159176000
1776159178.256,178.256,0.66,44.87,0.65,61.0,0.64,124.5,0.63,250.49,0.62,122.38,0.67,7.5,0.68,36.0,0.69,46.28,0.7,79.1,0.71,46.0,0.33,24.73,0.32,26.0,0.31,46.28,0.3,79.1,0.29,46.0,0.34,39.87,0.35,61.0,0.36,124.5,0.37,250.49,0.38,122.38,0.01,0.01,2391.48401,1776159177000
1776159179.131,179.131,0.66,44.87,0.65,61.0,0.64,124.5,0.63,256.49,0.62,122.38,0.68,97.92,0.69,41.28,0.7,70.1,0.71,54.0,0.72,80.0,0.33,5.79,0.32,36.0,0.31,46.28,0.3,79.1,0.29,46.0,0.34,44.87,0.35,61.0,0.36,124.5,0.37,250.49,0.38,122.38,0.02,0.01,2391.48401,1776159177000
1776159179.714,179.714,0.67,11.66,0.66,101.87,0.65,71.5,0.64,66.5,0.63,197.49,0.68,14.42,0.69,116.28,0.7,128.1,0.71,54.0,0.72,66.0,0.33,20.0,0.32,97.92,0.31,116.28,0.3,70.1,0.29,54.0,0.34,28.87,0.35,61.0,0.36,124.5,0.37,186.49,0.38,122.38,0.01,0.01,2391.499337,1776159178000
1776159180.151,180.151,0.67,30.78,0.66,83.0,0.65,50.5,0.64,45.5,0.63,176.49,0.68,14.42,0.69,116.28,0.7,128.1,0.71,33.0,0.72,45.0,0.32,14.42,0.31,116.28,0.3,128.1,0.29,54.0,0.28,66.0,0.33,11.66,0.34,101.87,0.35,71.5,0.36,66.5,0.37,197.49,0.01,0.01,2391.499337,1776159178000
1776159180.416,180.416,0.67,35.78,0.66,93.5,0.65,60.5,0.64,45.5,0.63,46.5,0.68,5.0,0.69,131.78,0.7,161.1,0.71,33.0,0.72,35.0,0.32,14.42,0.31,116.28,0.3,128.1,0.29,33.0,0.28,45.0,0.33,30.78,0.34,83.0,0.35,50.5,0.36,45.5,0.37,176.49,0.01,0.01,2391.417817,1776159179000
1776159180.728,180.728,0.68,118.5,0.67,46.28,0.66,80.5,0.65,55.5,0.64,40.5,0.69,3.91,0.7,34.6,0.71,25.5,0.72,41.81,0.73,120.45,0.32,5.0,0.31,131.78,0.3,161.1,0.29,33.0,0.28,35.0,0.33,35.78,0.34,93.5,0.35,60.5,0.36,45.5,0.37,46.5,0.01,0.01,2391.417817,1776159179000
1776159181.049,181.049,0.69,50.0,0.68,132.75,0.67,51.28,0.66,80.5,0.65,125.5,0.7,28.6,0.71,37.0,0.72,69.5,0.73,50.45,0.74,25.0,0.3,13.6,0.29,58.5,0.28,35.5,0.27,50.45,0.26,25.0,0.32,153.76,0.33,56.28,0.34,80.5,0.35,55.5,0.36,40.5,0.01,0.02,2391.417817,1776159179000
1776159181.298,181.298,0.69,50.0,0.68,132.75,0.67,51.28,0.66,80.5,0.65,125.5,0.7,28.6,0.71,37.0,0.72,69.5,0.73,50.45,0.74,25.0,0.3,28.6,0.29,37.0,0.28,69.5,0.27,50.45,0.26,25.0,0.31,50.0,0.32,132.75,0.33,51.28,0.34,80.5,0.35,125.5,0.01,0.01,2391.410505,1776159180000
1776159182.143,182.143,0.69,15.0,0.68,33.75,0.67,40.78,0.66,80.5,0.65,125.5,0.7,54.67,0.71,130.5,0.72,35.5,0.73,50.45,0.74,25.0,0.3,28.6,0.29,37.0,0.28,69.5,0.27,50.45,0.26,25.0,0.31,50.0,0.32,132.75,0.33,51.28,0.34,80.5,0.35,125.5,0.01,0.01,2391.410505,1776159180000
1776159182.392,182.392,0.69,15.0,0.68,33.75,0.67,40.78,0.66,80.5,0.65,125.5,0.7,54.67,0.71,130.5,0.72,35.5,0.73,50.45,0.74,25.0,0.3,54.67,0.29,130.5,0.28,35.5,0.27,50.45,0.26,25.0,0.31,15.0,0.32,33.75,0.33,40.78,0.34,80.5,0.35,125.5,0.01,0.01,2391.41851,1776159181000
1776159182.618,182.618,0.69,15.0,0.68,33.75,0.67,30.78,0.66,95.5,0.65,120.5,0.7,42.17,0.71,130.5,0.72,35.5,0.73,50.45,0.74,25.0,0.3,54.67,0.29,130.5,0.28,35.5,0.27,50.45,0.26,25.0,0.31,15.0,0.32,33.75,0.33,40.78,0.34,80.5,0.35,125.5,0.01,0.01,2391.41851,1776159181000
1776159183.458,183.458,0.69,5.66,0.68,33.75,0.67,91.32,0.66,85.5,0.65,50.5,0.7,93.17,0.71,72.5,0.72,69.5,0.73,120.45,0.74,46.0,0.3,42.17,0.29,130.5,0.28,35.5,0.27,50.45,0.26,25.0,0.31,15.0,0.32,33.75,0.33,30.78,0.34,95.5,0.35,120.5,0.01,0.01,2391.41851,1776159181000
1776159183.69,183.69,0.69,2.43,0.68,43.75,0.67,91.32,0.66,85.5,0.65,50.5,0.7,81.03,0.71,61.5,0.72,69.5,0.73,120.45,0.74,25.0,0.3,81.03,0.29,61.5,0.28,69.5,0.27,120.45,0.26,25.0,0.31,2.43,0.32,43.75,0.33,91.32,0.34,85.5,0.35,50.5,0.01,0.01,2391.451625,1776159182000
1776159184.121,184.121,0.69,2.43,0.68,43.75,0.67,91.32,0.66,85.5,0.65,50.5,0.7,81.03,0.71,61.5,0.72,69.5,0.73,120.45,0.74,25.0,0.3,81.03,0.29,61.5,0.28,69.5,0.27,120.45,0.26,25.0,0.31,2.43,0.32,43.75,0.33,91.32,0.34,85.5,0.35,50.5,0.01,0.01,2391.47029,1776159183000
1776159184.56,184.56,0.69,2.43,0.68,28.75,0.67,91.32,0.66,85.5,0.65,50.5,0.7,46.94,0.71,119.5,0.72,35.5,0.73,120.45,0.74,25.0,0.3,81.03,0.29,61.5,0.28,69.5,0.27,120.45,0.26,25.0,0.31,2.43,0.32,43.75,0.33,91.32,0.34,85.5,0.35,50.5,0.01,0.01,2391.47029,1776159183000
1776159185.174,185.174,0.69,2.43,0.68,28.75,0.67,91.32,0.66,85.5,0.65,50.5,0.7,46.94,0.71,119.5,0.72,35.5,0.73,120.45,0.74,25.0,0.3,46.94,0.29,119.5,0.28,35.5,0.27,120.45,0.26,25.0,0.31,2.43,0.32,28.75,0.33,91.32,0.34,85.5,0.35,50.5,0.01,0.01,2391.449785,1776159184000
1776159186.108,186.108,0.69,2.43,0.68,28.75,0.67,91.32,0.66,85.5,0.65,50.5,0.7,46.94,0.71,119.5,0.72,35.5,0.73,120.45,0.74,25.0,0.3,46.94,0.29,119.5,0.28,35.5,0.27,120.45,0.26,25.0,0.31,2.43,0.32,28.75,0.33,91.32,0.34,85.5,0.35,50.5,0.01,0.01,2391.440855,1776159185000
1776159186.968,186.968,0.69,157.93,0.68,54.25,0.67,43.82,0.66,162.5,0.65,50.5,0.7,4.0,0.71,31.0,0.72,15.0,0.73,51.95,0.74,35.0,0.3,46.94,0.29,119.5,0.28,35.5,0.27,120.45,0.26,25.0,0.31,2.43,0.32,28.75,0.33,91.32,0.34,85.5,0.35,50.5,0.01,0.01,2391.440855,1776159185000
1776159187.462,187.462,0.7,132.99,0.69,54.93,0.68,49.25,0.67,45.82,0.66,155.5,0.71,58.0,0.72,49.0,0.73,51.95,0.74,35.0,0.75,165.0,0.29,23.0,0.28,15.0,0.27,51.95,0.26,35.0,0.25,223.0,0.31,157.93,0.32,54.25,0.33,43.82,0.34,162.5,0.35,50.5,0.01,0.02,2391.441485,1776159186000
1776159188.098,188.098,0.7,132.99,0.69,54.93,0.68,49.25,0.67,45.82,0.66,155.5,0.71,58.0,0.72,49.0,0.73,51.95,0.74,35.0,0.75,165.0,0.29,58.0,0.28,49.0,0.27,51.95,0.26,35.0,0.25,165.0,0.3,132.99,0.31,54.93,0.32,49.25,0.33,45.82,0.34,155.5,0.01,0.01,2391.43542,1776159187000
1776159188.859,188.859,0.7,127.99,0.69,41.93,0.68,49.25,0.67,38.82,0.66,85.5,0.71,53.61,0.72,39.0,0.73,51.95,0.74,103.5,0.75,165.0,0.29,66.0,0.28,117.5,0.27,51.95,0.26,35.0,0.25,165.0,0.3,41.99,0.31,84.43,0.32,49.25,0.33,38.82,0.34,85.5,0.01,0.01,2391.43542,1776159187000
1776159189.085,189.085,0.7,127.99,0.69,41.93,0.68,49.25,0.67,45.82,0.66,85.5,0.71,49.57,0.72,39.0,0.73,51.95,0.74,103.5,0.75,165.0,0.29,51.24,0.28,39.0,0.27,51.95,0.26,103.5,0.25,165.0,0.3,127.99,0.31,41.93,0.32,49.25,0.33,45.82,0.34,85.5,0.01,0.01,2391.43542,1776159187000
1776159189.657,189.657,0.7,126.02,0.69,41.93,0.68,40.5,0.67,45.82,0.66,85.5,0.71,35.0,0.72,39.0,0.73,109.95,0.74,45.5,0.75,165.0,0.29,47.92,0.28,39.0,0.27,41.45,0.26,103.5,0.25,165.0,0.3,127.99,0.31,41.93,0.32,49.25,0.33,45.82,0.34,85.5,0.01,0.01,2391.533658,1776159188000
1776159190.086,190.086,0.7,126.02,0.69,41.93,0.68,40.5,0.67,45.82,0.66,85.5,0.71,35.0,0.72,39.0,0.73,109.95,0.74,45.5,0.75,165.0,0.29,35.0,0.28,39.0,0.27,109.95,0.26,45.5,0.25,165.0,0.3,126.02,0.31,41.93,0.32,40.5,0.33,45.82,0.34,85.5,0.01,0.01,2391.57657,1776159189000
1776159191.061,191.061,0.7,126.02,0.69,41.93,0.68,40.5,0.67,45.82,0.66,85.5,0.71,35.0,0.72,39.0,0.73,109.95,0.74,45.5,0.75,165.0,0.29,35.0,0.28,39.0,0.27,109.95,0.26,45.5,0.25,165.0,0.3,126.02,0.31,41.93,0.32,40.5,0.33,45.82,0.34,85.5,0.01,0.01,2391.55214,1776159190000
1776159191.522,191.522,0.7,141.52,0.69,41.93,0.68,40.5,0.67,35.82,0.66,85.5,0.72,36.44,0.73,21.45,0.74,15.0,0.75,155.0,0.76,20.0,0.29,19.0,0.28,39.0,0.27,21.45,0.26,35.0,0.25,213.0,0.3,141.52,0.31,41.93,0.32,40.5,0.33,45.82,0.34,85.5,0.02,0.01,2391.55214,1776159190000
1776159192.141,192.141,0.7,146.52,0.69,41.93,0.68,40.5,0.67,35.82,0.66,85.5,0.72,13.32,0.73,21.45,0.74,15.0,0.75,155.0,0.76,20.0,0.28,13.32,0.27,21.45,0.26,15.0,0.25,155.0,0.24,20.0,0.3,156.52,0.31,41.93,0.32,40.5,0.33,35.82,0.34,85.5,0.02,0.02,2391.592465,1776159191000
1776159192.43,192.43,0.72,10.0,0.71,65.25,0.7,158.52,0.69,55.93,0.68,50.5,0.73,5.32,0.74,5.0,0.75,165.5,0.76,15.0,0.77,15.0,0.27,40.69,0.26,5.0,0.25,165.5,0.24,20.0,0.23,15.0,0.28,10.0,0.29,39.75,0.3,203.52,0.31,58.93,0.32,50.5,0.01,0.01,2391.592465,1776159191000
1776159193.037,193.037,0.72,10.0,0.71,65.25,0.7,158.52,0.69,55.93,0.68,50.5,0.73,5.32,0.74,5.0,0.75,165.5,0.76,15.0,0.77,15.0,0.27,5.32,0.26,5.0,0.25,165.5,0.24,15.0,0.23,15.0,0.28,10.0,0.29,65.25,0.3,158.52,0.31,55.93,0.32,50.5,0.01,0.01,2391.70448,1776159192000
1776159193.762,193.762,0.72,156.0,0.71,109.3,0.7,121.52,0.69,102.93,0.68,35.5,0.73,3.29,0.74,15.0,0.75,223.5,0.76,94.0,0.77,25.0,0.27,5.32,0.26,5.0,0.25,165.5,0.24,15.0,0.23,15.0,0.28,10.0,0.29,65.25,0.3,158.52,0.31,55.93,0.32,50.5,0.01,0.01,2391.70448,1776159192000
1776159194.641,194.641,0.72,166.0,0.71,45.5,0.7,174.52,0.69,65.93,0.68,56.5,0.73,0.93,0.74,15.0,0.75,198.5,0.76,63.0,0.77,15.0,0.27,3.29,0.26,15.0,0.25,223.5,0.24,94.0,0.23,25.0,0.28,156.0,0.29,109.3,0.3,121.52,0.31,102.93,0.32,35.5,0.01,0.01,2391.740236,1776159193000
1776159194.931,194.931,0.72,166.0,0.71,45.5,0.7,174.52,0.69,44.93,0.68,35.5,0.74,13.36,0.75,198.5,0.76,63.0,0.77,15.0,0.78,105.0,0.26,13.36,0.25,198.5,0.24,63.0,0.23,15.0,0.22,105.0,0.28,166.0,0.29,45.5,0.3,174.52,0.31,44.93,0.32,35.5,0.02,0.02,2391.72274,1776159194000
1776159195.323,195.323,0.73,166.0,0.72,43.0,0.71,40.5,0.7,106.49,0.69,44.93,0.74,11.73,0.75,197.5,0.76,84.0,0.77,15.0,0.78,105.0,0.26,13.36,0.25,198.5,0.24,63.0,0.23,15.0,0.22,105.0,0.28,166.0,0.29,45.5,0.3,174.52,0.31,44.93,0.32,35.5,0.01,0.02,2391.72274,1776159194000
1776159195.72,195.72,0.73,157.87,0.72,53.0,0.71,40.5,0.7,127.49,0.69,58.93,0.74,9.94,0.75,188.5,0.76,53.0,0.77,26.0,0.78,105.0,0.26,9.94,0.25,183.5,0.24,58.0,0.23,10.0,0.22,100.0,0.27,167.29,0.28,38.0,0.29,35.5,0.3,122.49,0.31,53.93,0.01,0.01,2391.72274,1776159194000
1776159196.292,196.292,0.73,157.87,0.72,53.0,0.71,40.5,0.7,127.49,0.69,58.93,0.74,9.94,0.75,188.5,0.76,53.0,0.77,26.0,0.78,105.0,0.26,9.94,0.25,188.5,0.24,53.0,0.23,26.0,0.22,105.0,0.27,157.87,0.28,53.0,0.29,40.5,0.3,127.49,0.31,58.93,0.01,0.01,2391.782342,1776159195000
1776159197.358,197.358,0.73,157.87,0.72,53.0,0.71,40.5,0.7,127.49,0.69,58.93,0.74,9.94,0.75,188.5,0.76,53.0,0.77,26.0,0.78,105.0,0.26,9.94,0.25,188.5,0.24,53.0,0.23,26.0,0.22,105.0,0.27,157.87,0.28,53.0,0.29,40.5,0.3,127.49,0.31,58.93,0.01,0.01,2391.771183,1776159196000
1776159198.023,198.023,0.73,157.87,0.72,53.0,0.71,40.5,0.7,127.49,0.69,58.93,0.74,9.94,0.75,188.5,0.76,53.0,0.77,26.0,0.78,105.0,0.26,9.94,0.25,188.5,0.24,53.0,0.23,26.0,0.22,105.0,0.27,157.87,0.28,53.0,0.29,40.5,0.3,127.49,0.31,58.93,0.01,0.01,2391.771183,1776159197000
1776159198.9,198.9,0.74,163.51,0.73,30.0,0.72,106.5,0.71,35.5,0.7,69.49,0.75,85.0,0.76,25.5,0.77,112.0,0.78,147.0,0.79,46.0,0.26,9.94,0.25,188.5,0.24,53.0,0.23,26.0,0.22,105.0,0.27,157.87,0.28,53.0,0.29,40.5,0.3,127.49,0.31,58.93,0.01,0.01,2391.771183,1776159197000
1776159199.18,199.18,0.74,163.51,0.73,30.0,0.72,106.5,0.71,35.5,0.7,69.49,0.75,85.0,0.76,25.5,0.77,112.0,0.78,147.0,0.79,46.0,0.25,85.0,0.24,25.5,0.23,112.0,0.22,147.0,0.21,46.0,0.26,163.51,0.27,30.0,0.28,106.5,0.29,35.5,0.3,69.49,0.01,0.01,2391.79333,1776159198000
1776159200.362,200.362,0.74,163.51,0.73,30.0,0.72,106.5,0.71,35.5,0.7,69.49,0.75,85.0,0.76,25.5,0.77,112.0,0.78,147.0,0.79,46.0,0.25,85.0,0.24,25.5,0.23,112.0,0.22,147.0,0.21,46.0,0.26,163.51,0.27,30.0,0.28,106.5,0.29,35.5,0.3,69.49,0.01,0.01,2391.853487,1776159199000
1776159201.156,201.156,0.74,182.51,0.73,98.5,0.72,48.5,0.71,85.5,0.7,86.49,0.76,15.0,0.77,94.5,0.78,55.0,0.79,89.0,0.8,121.0,0.25,85.0,0.24,25.5,0.23,112.0,0.22,147.0,0.21,46.0,0.26,163.51,0.27,30.0,0.28,106.5,0.29,35.5,0.3,69.49,0.02,0.01,2391.853487,1776159199000
1776159201.974,201.974,0.74,182.51,0.73,98.5,0.72,48.5,0.71,85.5,0.7,86.49,0.76,15.0,0.77,94.5,0.78,55.0,0.79,89.0,0.8,121.0,0.24,15.0,0.23,94.5,0.22,55.0,0.21,89.0,0.2,121.0,0.26,182.51,0.27,98.5,0.28,48.5,0.29,85.5,0.3,86.49,0.02,0.02,2391.721448,1776159201000
1776159202.575,202.575,0.75,182.0,0.74,49.51,0.73,93.5,0.72,51.5,0.71,85.5,0.76,18.68,0.77,104.5,0.78,52.0,0.79,89.0,0.8,116.0,0.24,15.0,0.23,94.5,0.22,55.0,0.21,89.0,0.2,121.0,0.26,182.51,0.27,98.5,0.28,48.5,0.29,85.5,0.3,86.49,0.01,0.02,2391.721448,1776159201000
1776159203.1,203.1,0.75,182.0,0.74,49.51,0.73,93.5,0.72,51.5,0.71,85.5,0.76,18.68,0.77,104.5,0.78,52.0,0.79,89.0,0.8,116.0,0.24,18.68,0.23,104.5,0.22,52.0,0.21,89.0,0.2,116.0,0.25,182.0,0.26,49.51,0.27,93.5,0.28,51.5,0.29,85.5,0.01,0.01,2391.806057,1776159202000
1776159204.129,204.129,0.75,182.0,0.74,49.51,0.73,93.5,0.72,51.5,0.71,85.5,0.76,18.68,0.77,104.5,0.78,52.0,0.79,89.0,0.8,116.0,0.24,18.68,0.23,104.5,0.22,52.0,0.21,89.0,0.2,116.0,0.25,182.0,0.26,49.51,0.27,93.5,0.28,51.5,0.29,85.5,0.01,0.01,2391.75995,1776159203000
1776159204.931,204.931,0.75,87.0,0.74,78.0,0.73,25.0,0.72,35.5,0.71,95.5,0.76,25.5,0.77,88.5,0.78,116.0,0.79,89.0,0.8,162.0,0.24,18.68,0.23,104.5,0.22,52.0,0.21,89.0,0.2,116.0,0.25,182.0,0.26,49.51,0.27,93.5,0.28,51.5,0.29,85.5,0.01,0.01,2391.75995,1776159203000
1776159205.329,205.329,0.75,87.0,0.74,78.0,0.73,15.0,0.72,25.0,0.71,95.5,0.76,18.92,0.77,88.5,0.78,128.0,0.79,89.0,0.8,46.0,0.24,18.92,0.23,88.5,0.22,128.0,0.21,89.0,0.2,46.0,0.25,87.0,0.26,78.0,0.27,15.0,0.28,25.0,0.29,95.5,0.01,0.01,2391.87176,1776159204000
1776159205.573,205.573,0.75,71.0,0.74,78.0,0.73,25.0,0.72,25.0,0.71,95.5,0.76,18.92,0.77,78.5,0.78,116.0,0.79,67.0,0.8,91.0,0.24,18.92,0.23,88.5,0.22,128.0,0.21,89.0,0.2,46.0,0.25,87.0,0.26,78.0,0.27,15.0,0.28,25.0,0.29,95.5,0.01,0.01,2391.87176,1776159204000
1776159206.337,206.337,0.74,78.0,0.73,25.0,0.72,25.0,0.71,95.5,0.7,245.48,0.76,18.92,0.77,78.5,0.78,116.0,0.79,67.0,0.8,91.0,0.24,18.92,0.23,78.5,0.22,116.0,0.21,67.0,0.2,91.0,0.26,78.0,0.27,25.0,0.28,25.0,0.29,95.5,0.3,245.48,0.02,0.02,2391.73821,1776159205000
1776159207.497,207.497,0.75,66.97,0.74,78.0,0.73,25.0,0.72,35.5,0.71,95.5,0.76,96.94,0.77,148.5,0.78,111.0,0.79,39.0,0.8,70.0,0.24,96.94,0.23,148.5,0.22,111.0,0.21,39.0,0.2,70.0,0.25,66.97,0.26,78.0,0.27,25.0,0.28,35.5,0.29,95.5,0.01,0.01,2391.671692,1776159206000
1776159208.096,208.096,0.75,66.97,0.74,78.0,0.73,25.0,0.72,35.5,0.71,95.5,0.76,96.94,0.77,148.5,0.78,111.0,0.79,39.0,0.8,70.0,0.24,96.94,0.23,148.5,0.22,111.0,0.21,39.0,0.2,70.0,0.25,66.97,0.26,78.0,0.27,25.0,0.28,35.5,0.29,95.5,0.01,0.01,2391.660782,1776159207000
1776159209.177,209.177,0.75,66.97,0.74,78.0,0.73,25.0,0.72,35.5,0.71,95.5,0.76,96.94,0.77,148.5,0.78,111.0,0.79,39.0,0.8,70.0,0.24,96.94,0.23,148.5,0.22,111.0,0.21,39.0,0.2,70.0,0.25,66.97,0.26,78.0,0.27,25.0,0.28,35.5,0.29,95.5,0.01,0.01,2391.64376,1776159208000
1776159209.679,209.679,0.75,66.97,0.74,88.0,0.73,35.5,0.72,35.5,0.71,95.5,0.76,79.86,0.77,90.5,0.78,158.0,0.79,63.0,0.8,70.0,0.24,96.94,0.23,148.5,0.22,111.0,0.21,39.0,0.2,70.0,0.25,66.97,0.26,78.0,0.27,25.0,0.28,35.5,0.29,95.5,0.01,0.01,2391.64376,1776159208000
1776159210.651,210.651,0.75,66.97,0.74,88.0,0.73,35.5,0.72,35.5,0.71,95.5,0.76,79.86,0.77,90.5,0.78,158.0,0.79,63.0,0.8,70.0,0.24,79.86,0.23,90.5,0.22,158.0,0.21,63.0,0.2,70.0,0.25,66.97,0.26,88.0,0.27,35.5,0.28,35.5,0.29,95.5,0.01,0.01,2391.624725,1776159209000
1776159211.202,211.202,0.75,66.97,0.74,88.0,0.73,35.5,0.72,35.5,0.71,95.5,0.76,79.86,0.77,90.5,0.78,158.0,0.79,63.0,0.8,70.0,0.24,79.86,0.23,90.5,0.22,158.0,0.21,63.0,0.2,70.0,0.25,66.97,0.26,88.0,0.27,35.5,0.28,35.5,0.29,95.5,0.01,0.01,2391.634465,1776159210000
1776159211.655,211.655,0.7,10.25,0.69,2.43,0.68,10.0,0.67,21.66,0.66,25.0,0.71,124.5,0.72,71.5,0.73,143.5,0.74,59.0,0.75,99.0,0.24,79.86,0.23,90.5,0.22,158.0,0.21,63.0,0.2,70.0,0.25,66.97,0.26,88.0,0.27,35.5,0.28,35.5,0.29,95.5,0.01,0.01,2391.634465,1776159210000
1776159212.14,212.14,0.62,93.5,0.61,35.0,0.6,35.0,0.59,25.0,0.58,25.0,0.63,53.0,0.64,70.0,0.65,26.0,0.66,15.0,0.67,37.62,0.37,40.0,0.35,10.0,0.31,62.5,0.3,10.0,0.29,236.5,0.38,25.0,0.39,35.0,0.4,25.0,0.41,25.0,0.42,25.0,0.01,0.01,2391.634465,1776159210000
1776159212.448,212.448,0.62,161.5,0.61,160.0,0.6,100.0,0.59,30.0,0.58,194.99,0.65,10.0,0.67,12.12,0.68,11.0,0.69,33.0,0.7,33.0,0.37,53.0,0.36,70.0,0.35,26.0,0.34,15.0,0.33,37.62,0.38,93.5,0.39,35.0,0.4,35.0,0.41,25.0,0.42,25.0,0.03,0.01,2391.637089,1776159211000
1776159212.744,212.744,0.64,145.5,0.63,66.5,0.62,73.5,0.61,155.0,0.6,100.0,0.65,12.73,0.67,12.12,0.68,11.0,0.69,21.0,0.7,33.0,0.35,10.0,0.33,12.12,0.32,11.0,0.31,33.0,0.3,33.0,0.38,161.5,0.39,160.0,0.4,100.0,0.41,30.0,0.42,194.99,0.01,0.03,2391.637089,1776159211000
1776159213.146,213.146,0.66,40.5,0.65,25.5,0.64,120.5,0.63,61.5,0.62,73.5,0.68,11.0,0.69,21.0,0.7,33.0,0.71,27.0,0.72,113.0,0.32,11.0,0.31,21.0,0.3,33.0,0.29,27.0,0.28,113.0,0.34,40.5,0.35,25.5,0.36,120.5,0.37,61.5,0.38,73.5,0.02,0.02,2391.63696,1776159212000
1776159213.417,213.417,0.71,16.7,0.7,40.5,0.69,30.5,0.68,61.5,0.67,130.77,0.73,9.0,0.74,118.0,0.75,81.0,0.76,90.5,0.77,30.0,0.32,16.0,0.31,21.0,0.3,33.0,0.29,27.0,0.28,113.0,0.33,149.78,0.34,73.5,0.35,35.5,0.36,57.5,0.37,56.5,0.02,0.01,2391.63696,1776159212000
1776159214.006,214.006,0.6,5.0,0.59,20.0,0.58,20.0,0.57,25.0,0.56,25.0,0.65,165.0,0.66,47.0,0.67,15.0,0.68,15.0,0.69,40.0,0.27,9.0,0.26,118.0,0.25,81.0,0.24,90.5,0.23,30.0,0.29,16.7,0.3,40.5,0.31,30.5,0.32,61.5,0.33,130.77,0.05,0.02,2391.63696,1776159212000
1776159214.218,214.218,0.57,24.83,0.56,25.0,0.55,35.0,0.54,25.0,0.53,25.0,0.61,58.0,0.62,102.0,0.63,109.0,0.64,15.0,0.65,45.0,0.39,8.0,0.38,107.0,0.37,122.51,0.36,15.0,0.35,45.0,0.41,0.5,0.42,10.95,0.43,25.0,0.44,25.0,0.45,35.0,0.04,0.02,2391.313838,1776159213000
1776159214.463,214.463,0.59,15.0,0.58,10.0,0.57,19.83,0.56,25.0,0.55,35.0,0.6,50.0,0.61,93.0,0.62,10.0,0.63,80.0,0.64,15.0,0.39,58.0,0.38,102.0,0.37,109.0,0.36,15.0,0.35,45.0,0.43,24.83,0.44,25.0,0.45,35.0,0.46,25.0,0.47,25.0,0.01,0.04,2391.313838,1776159213000
1776159214.681,214.681,0.59,19.18,0.58,20.5,0.57,30.33,0.56,25.0,0.55,35.0,0.6,55.0,0.61,93.0,0.62,20.0,0.63,80.0,0.64,25.5,0.4,50.0,0.39,93.0,0.38,10.0,0.37,80.0,0.36,15.0,0.41,10.02,0.42,10.0,0.43,19.83,0.44,25.0,0.45,35.0,0.01,0.01,2391.313838,1776159213000
1776159215.054,215.054,0.58,15.78,0.57,88.33,0.56,25.0,0.55,35.0,0.54,25.0,0.6,50.0,0.61,93.0,0.62,20.0,0.63,80.0,0.64,25.5,0.4,50.0,0.39,93.0,0.38,20.0,0.37,80.0,0.36,25.5,0.42,15.78,0.43,88.33,0.44,25.0,0.45,35.0,0.46,25.0,0.02,0.02,2391.34404,1776159214000
1776159215.462,215.462,0.58,25.91,0.57,114.33,0.56,46.0,0.55,35.0,0.54,25.0,0.59,8.0,0.6,36.0,0.61,151.0,0.62,25.0,0.63,106.0,0.41,8.0,0.4,36.0,0.39,93.0,0.38,25.0,0.37,106.0,0.42,13.39,0.43,61.33,0.44,25.0,0.45,35.0,0.46,25.0,0.01,0.01,2391.34404,1776159214000
