timestamp,elapsed_sec,up_bid_p1,up_bid_s1,up_bid_p2,up_bid_s2,up_ask_p1,up_ask_s1,up_ask_p2,up_ask_s2,down_bid_p1,down_bid_s1,down_bid_p2,down_bid_s2,down_ask_p1,down_ask_s1,down_ask_p2,down_ask_s2,up_spread,down_spread,eth_price,eth_oracle_ts
1776219011.212,11.212,,,,,,,,,,,,,,,,,,,2333.861125,1776219010000
1776219011.437,11.437,0.38,16.0,0.37,10.0,0.42,10.0,0.45,238.0,0.61,55.0,0.6,10.0,0.62,7.76,0.63,5.0,0.04,0.01,2333.861125,1776219010000
1776219011.836,11.836,0.38,17.76,0.37,10.0,0.39,42.15,0.4,20.0,0.61,55.0,0.6,10.0,0.62,7.76,0.63,5.0,0.01,0.01,2333.861125,1776219010000
1776219012.344,12.344,0.38,17.76,0.37,10.0,0.39,49.15,0.4,30.0,0.61,49.15,0.6,30.0,0.62,17.76,0.63,10.0,0.01,0.01,2333.760352,1776219011000
1776219012.581,12.581,0.38,1.76,0.37,29.0,0.39,69.58,0.4,30.0,0.61,62.15,0.6,30.0,0.62,6.76,0.63,15.0,0.01,0.01,2333.760352,1776219011000
1776219012.83,12.83,0.37,19.76,0.36,25.0,0.39,74.58,0.4,30.0,0.61,69.58,0.6,30.0,0.62,1.76,0.63,29.0,0.02,0.01,2333.760352,1776219011000
1776219013.195,13.195,0.37,21.58,0.36,34.0,0.38,17.36,0.39,39.58,0.62,17.36,0.61,69.58,0.63,18.17,0.64,20.0,0.01,0.01,2333.649776,1776219012000
1776219013.52,13.52,0.37,12.6,0.36,92.0,0.38,19.72,0.39,39.58,0.62,14.72,0.61,39.58,0.63,14.19,0.64,34.0,0.01,0.01,2333.649776,1776219012000
1776219013.836,13.836,0.36,95.91,0.35,85.0,0.37,15.0,0.38,14.72,0.62,19.72,0.61,39.58,0.64,94.6,0.65,80.0,0.01,0.02,2333.649776,1776219012000
1776219014.207,14.207,0.36,91.43,0.35,99.0,0.37,10.0,0.38,14.72,0.63,14.58,0.62,14.72,0.64,93.0,0.65,85.0,0.01,0.01,2333.649776,1776219012000
1776219014.484,14.484,0.36,84.86,0.35,279.0,0.37,10.0,0.38,14.72,0.63,10.0,0.62,14.72,0.64,91.43,0.65,99.0,0.01,0.01,2333.448598,1776219013000
1776219014.799,14.799,0.36,225.98,0.35,99.0,0.37,4.58,0.38,14.72,0.63,7.29,0.62,14.72,0.64,89.86,0.65,279.0,0.01,0.01,2333.448598,1776219013000
1776219015.118,15.118,0.36,214.41,0.35,112.0,0.37,1.87,0.38,29.72,0.63,1.87,0.62,19.72,0.64,220.98,0.65,104.0,0.01,0.01,2333.448598,1776219013000
1776219015.587,15.587,0.36,204.41,0.35,112.0,0.37,1.87,0.38,29.72,0.63,1.87,0.62,29.72,0.64,214.41,0.65,112.0,0.01,0.01,2333.464747,1776219014000
1776219016.221,16.221,0.36,280.25,0.35,117.0,0.37,15.0,0.38,24.72,0.63,1.87,0.62,29.72,0.64,204.41,0.65,112.0,0.01,0.01,2333.464747,1776219014000
1776219016.424,16.424,0.36,280.25,0.35,117.0,0.37,15.0,0.38,24.72,0.63,15.0,0.62,24.72,0.64,280.25,0.65,117.0,0.01,0.01,2333.451263,1776219015000
1776219016.687,16.687,0.36,205.12,0.35,175.0,0.37,15.0,0.38,29.72,0.63,15.0,0.62,29.72,0.64,205.12,0.65,117.0,0.01,0.01,2333.451263,1776219015000
1776219017.069,17.069,0.36,203.37,0.35,175.0,0.37,15.0,0.38,29.72,0.63,15.0,0.62,29.72,0.64,205.12,0.65,175.0,0.01,0.01,2333.451263,1776219015000
1776219017.672,17.672,0.36,19.12,0.35,94.0,0.37,20.0,0.38,24.72,0.63,15.0,0.62,29.72,0.64,203.37,0.65,175.0,0.01,0.01,2333.45159,1776219016000
1776219017.936,17.936,0.35,62.63,0.34,5.0,0.37,53.29,0.38,29.72,0.63,53.29,0.62,29.72,0.64,3.63,0.65,84.0,0.02,0.01,2333.45159,1776219016000
1776219018.367,18.367,0.35,19.0,0.33,10.0,0.36,111.22,0.37,227.29,0.64,111.22,0.63,227.29,0.65,19.0,0.67,10.0,0.01,0.01,2333.45159,1776219017000
1776219019.075,19.075,0.35,19.0,0.33,10.0,0.36,111.22,0.37,227.29,0.64,111.22,0.63,227.29,0.65,19.0,0.67,10.0,0.01,0.01,2333.447309,1776219018000
1776219019.579,19.579,0.33,14.0,0.32,34.0,0.34,76.0,0.35,65.0,0.65,76.0,0.64,265.0,0.67,19.0,0.68,15.0,0.01,0.02,2333.447309,1776219018000
1776219020.399,20.399,0.33,23.92,0.32,24.0,0.34,35.0,0.35,30.0,0.66,76.0,0.65,65.0,0.67,14.0,0.68,34.0,0.01,0.01,2333.447309,1776219018000
1776219021.051,21.051,0.33,23.92,0.32,24.0,0.34,35.0,0.35,30.0,0.66,35.0,0.65,30.0,0.67,23.92,0.68,24.0,0.01,0.01,2333.317233,1776219020000
1776219021.588,21.588,0.33,35.99,0.32,218.0,0.34,50.0,0.35,30.0,0.66,35.0,0.65,30.0,0.67,23.92,0.68,24.0,0.01,0.01,2333.317233,1776219020000
1776219022.246,22.246,0.33,35.99,0.32,218.0,0.34,50.0,0.35,30.0,0.66,50.0,0.65,30.0,0.67,35.99,0.68,218.0,0.01,0.01,2333.279636,1776219021000
1776219023.311,23.311,0.33,34.39,0.32,204.0,0.34,50.0,0.35,88.0,0.66,50.0,0.65,88.0,0.67,34.39,0.68,204.0,0.01,0.01,2333.278769,1776219022000
1776219023.896,23.896,0.32,19.0,0.31,14.0,0.34,283.0,0.35,30.0,0.66,50.0,0.65,88.0,0.67,34.39,0.68,204.0,0.02,0.01,2333.278769,1776219022000
1776219024.217,24.217,0.32,19.0,0.31,14.0,0.34,283.0,0.35,30.0,0.66,283.0,0.65,30.0,0.68,19.0,0.69,14.0,0.02,0.02,2333.273232,1776219023000
1776219024.626,24.626,0.31,222.4,0.3,152.0,0.32,46.0,0.33,88.0,0.68,20.0,0.67,35.0,0.69,23.0,0.7,274.0,0.01,0.01,2333.273232,1776219023000
1776219024.871,24.871,0.31,220.95,0.3,152.0,0.32,41.0,0.33,88.0,0.68,46.0,0.67,88.0,0.69,222.4,0.7,152.0,0.01,0.01,2333.273232,1776219023000
1776219025.329,25.329,0.31,228.95,0.3,152.0,0.32,41.0,0.33,88.0,0.68,41.0,0.67,88.0,0.69,220.95,0.7,152.0,0.01,0.01,2333.273232,1776219023000
1776219025.59,25.59,0.31,223.95,0.3,152.0,0.32,41.0,0.33,88.0,0.68,41.0,0.67,88.0,0.69,228.95,0.7,152.0,0.01,0.01,2333.273232,1776219023000
1776219025.988,25.988,0.31,223.95,0.3,152.0,0.32,41.0,0.33,88.0,0.68,41.0,0.67,88.0,0.69,223.95,0.7,152.0,0.01,0.01,2333.239625,1776219025000
1776219026.336,26.336,0.31,323.39,0.3,103.0,0.33,14.0,0.34,10.0,0.68,31.0,0.67,78.0,0.69,234.39,0.7,161.0,0.02,0.01,2333.239625,1776219025000
1776219026.696,26.696,0.32,260.0,0.31,143.39,0.33,6.96,0.34,20.0,0.67,15.0,0.66,10.0,0.68,52.0,0.69,318.39,0.01,0.01,2333.239625,1776219025000
1776219027.029,27.029,0.32,315.04,0.31,85.39,0.33,11.8,0.34,15.0,0.67,1.8,0.66,20.0,0.68,258.52,0.69,143.39,0.01,0.01,2333.239625,1776219025000
1776219027.406,27.406,0.32,320.04,0.31,95.39,0.34,11.74,0.35,21.0,0.67,11.8,0.66,15.0,0.68,315.04,0.69,85.39,0.02,0.01,2333.239625,1776219025000
1776219028.179,28.179,0.32,320.04,0.31,95.39,0.34,11.74,0.35,21.0,0.66,11.74,0.65,21.0,0.68,320.04,0.69,95.39,0.02,0.02,2333.221727,1776219027000
1776219028.737,28.737,0.33,241.67,0.32,77.76,0.34,11.74,0.35,94.0,0.66,11.74,0.65,21.0,0.68,320.04,0.69,95.39,0.01,0.02,2333.221727,1776219027000
1776219029.337,29.337,0.33,235.07,0.32,77.76,0.34,11.74,0.35,94.0,0.66,11.74,0.65,94.0,0.67,241.67,0.68,77.76,0.01,0.01,2333.221727,1776219027000
1776219029.622,29.622,0.33,235.07,0.32,77.76,0.34,11.74,0.35,94.0,0.66,11.74,0.65,94.0,0.67,235.07,0.68,77.76,0.01,0.01,2333.254135,1776219028000
1776219030.318,30.318,0.33,235.07,0.32,77.76,0.34,11.74,0.35,94.0,0.66,11.74,0.65,94.0,0.67,235.07,0.68,77.76,0.01,0.01,2333.254053,1776219029000
1776219030.992,30.992,0.33,235.07,0.32,77.76,0.34,11.74,0.35,94.0,0.66,11.74,0.65,94.0,0.67,235.07,0.68,77.76,0.01,0.01,2333.254053,1776219030000
1776219032.514,32.514,0.33,235.07,0.32,77.76,0.34,11.74,0.35,94.0,0.66,11.74,0.65,94.0,0.67,235.07,0.68,77.76,0.01,0.01,2333.255551,1776219031000
1776219033.225,33.225,0.33,235.07,0.32,59.04,0.34,132.59,0.35,20.0,0.66,132.59,0.65,20.0,0.67,235.07,0.68,59.04,0.01,0.01,2333.257121,1776219032000
1776219034.793,34.793,0.33,235.07,0.32,59.04,0.34,132.59,0.35,20.0,0.66,132.59,0.65,20.0,0.67,235.07,0.68,59.04,0.01,0.01,2333.241816,1776219033000
1776219035.127,35.127,0.33,21.0,0.32,8.04,0.34,129.73,0.35,200.0,0.66,132.59,0.65,20.0,0.67,235.07,0.68,59.04,0.01,0.01,2333.241816,1776219033000
1776219035.449,35.449,0.33,26.0,0.32,8.04,0.34,125.02,0.35,205.0,0.66,129.73,0.65,200.0,0.67,21.0,0.68,8.04,0.01,0.01,2333.241816,1776219033000
1776219036.083,36.083,0.33,18.61,0.32,8.04,0.34,300.02,0.35,20.0,0.66,125.02,0.65,205.0,0.67,26.0,0.68,8.04,0.01,0.01,2333.241666,1776219034000
1776219036.332,36.332,0.33,18.61,0.32,8.04,0.34,300.02,0.35,20.0,0.66,300.02,0.65,20.0,0.67,18.61,0.68,8.04,0.01,0.01,2333.241488,1776219035000
1776219037.112,37.112,0.33,18.61,0.32,8.04,0.34,300.02,0.35,20.0,0.66,300.02,0.65,20.0,0.67,18.61,0.68,8.04,0.01,0.01,2333.241308,1776219036000
1776219037.827,37.827,0.33,59.53,0.32,261.04,0.34,20.0,0.35,10.0,0.66,300.02,0.65,20.0,0.67,18.61,0.68,8.04,0.01,0.01,2333.241308,1776219036000
1776219038.363,38.363,0.35,19.46,0.34,31.0,0.36,70.0,0.37,125.28,0.64,65.0,0.63,120.28,0.67,312.53,0.68,28.04,0.01,0.03,2333.241308,1776219036000
1776219038.571,38.571,0.35,22.92,0.34,31.0,0.36,67.22,0.37,119.29,0.64,70.0,0.63,125.28,0.65,22.92,0.66,31.0,0.01,0.01,2333.241308,1776219036000
1776219039.054,39.054,0.35,19.84,0.34,31.0,0.36,64.44,0.37,119.29,0.64,64.44,0.63,119.29,0.65,16.38,0.66,31.0,0.01,0.01,2333.252368,1776219037000
1776219039.37,39.37,0.35,24.84,0.34,31.0,0.36,61.66,0.37,22.29,0.64,64.44,0.63,119.29,0.65,19.84,0.66,31.0,0.01,0.01,2333.252368,1776219037000
1776219039.612,39.612,0.35,24.84,0.34,31.0,0.36,58.88,0.37,22.29,0.64,61.66,0.63,22.29,0.65,24.84,0.66,31.0,0.01,0.01,2333.256216,1776219038000
1776219040.003,40.003,0.35,13.3,0.34,21.0,0.36,61.1,0.37,178.29,0.64,48.88,0.63,22.29,0.65,18.3,0.66,31.0,0.01,0.01,2333.256216,1776219038000
1776219040.56,40.56,0.35,18.3,0.34,21.0,0.36,51.1,0.37,129.29,0.64,61.1,0.63,178.29,0.65,13.3,0.66,21.0,0.01,0.01,2333.320266,1776219039000
1776219041.452,41.452,0.35,2.3,0.34,21.0,0.36,119.1,0.37,129.29,0.64,51.1,0.63,129.29,0.65,18.3,0.66,21.0,0.01,0.01,2333.320266,1776219039000
1776219041.751,41.751,0.35,0.3,0.34,21.0,0.36,124.1,0.37,129.29,0.64,119.1,0.63,129.29,0.65,2.3,0.66,21.0,0.01,0.01,2333.320266,1776219039000
1776219042.332,42.332,0.36,6.0,0.35,299.3,0.37,12.29,0.39,25.58,0.64,124.1,0.63,129.29,0.65,0.3,0.66,21.0,0.01,0.01,2333.320266,1776219039000
1776219042.689,42.689,0.37,231.0,0.36,41.0,0.39,19.01,0.4,78.0,0.61,10.58,0.6,20.0,0.63,10.0,0.64,31.0,0.02,0.02,2333.320266,1776219039000
1776219043.004,43.004,0.37,251.82,0.36,99.0,0.39,29.01,0.4,83.0,0.61,19.01,0.6,83.0,0.63,234.41,0.64,41.0,0.02,0.02,2333.320266,1776219039000
1776219043.311,43.311,0.38,315.0,0.37,69.82,0.39,16.58,0.4,5.0,0.61,29.01,0.6,83.0,0.63,251.82,0.64,99.0,0.01,0.02,2333.342843,1776219040000
1776219043.749,43.749,0.41,10.0,0.4,10.0,0.42,73.0,0.43,15.0,0.58,73.0,0.57,15.0,0.59,10.0,0.6,10.0,0.01,0.01,2333.2787,1776219042000
1776219044.288,44.288,0.41,10.0,0.4,10.0,0.42,73.0,0.43,15.0,0.58,73.0,0.57,15.0,0.59,10.0,0.6,10.0,0.01,0.01,2333.311229,1776219043000
1776219045.28,45.28,0.41,340.0,0.4,30.0,0.44,10.0,0.45,35.0,0.58,64.18,0.57,88.0,0.59,275.0,0.6,30.0,0.03,0.01,2333.311229,1776219043000
1776219045.657,45.657,0.43,265.0,0.42,15.0,0.44,6.11,0.45,197.0,0.56,11.11,0.55,187.0,0.57,25.0,0.58,15.0,0.01,0.01,2333.448474,1776219044000
1776219045.927,45.927,0.43,265.0,0.42,15.0,0.44,6.11,0.45,197.0,0.56,6.11,0.55,197.0,0.57,265.0,0.58,15.0,0.01,0.01,2333.547205,1776219045000
1776219046.433,46.433,0.43,275.0,0.42,73.0,0.44,2.0,0.45,25.0,0.56,6.11,0.55,197.0,0.57,265.0,0.58,15.0,0.01,0.01,2333.547205,1776219045000
1776219046.659,46.659,0.43,345.0,0.42,15.0,0.45,18.84,0.46,5.0,0.56,2.0,0.55,25.0,0.57,275.0,0.58,73.0,0.02,0.01,2333.547205,1776219045000
1776219046.903,46.903,0.45,90.0,0.44,30.0,0.46,2.67,0.47,5.0,0.54,5.0,0.53,5.0,0.57,345.0,0.58,15.0,0.01,0.03,2333.634605,1776219046000
1776219047.245,47.245,0.46,71.0,0.45,260.0,0.48,208.41,0.49,16.66,0.53,3.05,0.52,150.41,0.55,90.0,0.56,30.0,0.02,0.02,2333.634605,1776219046000
1776219047.536,47.536,0.47,5.56,0.46,61.0,0.48,238.41,0.49,31.66,0.52,208.41,0.51,16.66,0.54,71.0,0.55,260.0,0.01,0.02,2333.634605,1776219046000
1776219047.84,47.84,0.47,5.56,0.46,61.0,0.48,238.41,0.49,31.66,0.52,238.41,0.51,31.66,0.53,5.56,0.54,61.0,0.01,0.01,2333.686805,1776219047000
1776219048.898,48.898,0.47,0.46,0.46,30.0,0.48,238.41,0.49,31.66,0.52,238.41,0.51,31.66,0.53,0.46,0.54,30.0,0.01,0.01,2333.7704,1776219048000
1776219049.706,49.706,0.47,255.46,0.46,40.0,0.48,150.47,0.49,21.66,0.52,238.41,0.51,31.66,0.53,0.46,0.54,30.0,0.01,0.01,2333.7704,1776219048000
1776219050.125,50.125,0.47,250.46,0.46,35.0,0.48,136.47,0.49,84.66,0.52,150.47,0.51,21.66,0.53,255.46,0.54,40.0,0.01,0.01,2333.914082,1776219049000
1776219050.918,50.918,0.47,250.46,0.46,35.0,0.48,136.47,0.49,84.66,0.52,136.47,0.51,84.66,0.53,250.46,0.54,35.0,0.01,0.01,2333.902488,1776219050000
1776219051.897,51.897,0.47,253.44,0.46,35.0,0.48,182.24,0.49,42.66,0.52,182.24,0.51,42.66,0.53,253.44,0.54,35.0,0.01,0.01,2333.953458,1776219051000
1776219052.248,52.248,0.47,247.77,0.46,35.0,0.48,182.24,0.49,32.66,0.52,182.24,0.51,42.66,0.53,253.44,0.54,35.0,0.01,0.01,2333.953458,1776219051000
1776219052.563,52.563,0.47,245.26,0.46,35.0,0.48,182.24,0.49,42.66,0.52,182.24,0.51,32.66,0.53,247.77,0.54,35.0,0.01,0.01,2333.953458,1776219051000
1776219052.976,52.976,0.47,245.26,0.46,35.0,0.48,182.24,0.49,42.66,0.52,182.24,0.51,42.66,0.53,245.26,0.54,35.0,0.01,0.01,2333.940918,1776219052000
1776219053.921,53.921,0.47,245.26,0.46,35.0,0.48,182.24,0.49,42.66,0.52,182.24,0.51,42.66,0.53,245.26,0.54,35.0,0.01,0.01,2333.960311,1776219053000
1776219054.373,54.373,0.47,248.24,0.46,35.0,0.48,129.24,0.49,32.66,0.52,182.24,0.51,42.66,0.53,245.26,0.54,35.0,0.01,0.01,2333.960311,1776219053000
1776219054.889,54.889,0.47,248.24,0.46,35.0,0.48,129.24,0.49,32.66,0.52,129.24,0.51,32.66,0.53,248.24,0.54,35.0,0.01,0.01,2333.962724,1776219054000
1776219055.383,55.383,0.47,246.22,0.46,35.0,0.48,129.24,0.49,100.66,0.52,129.24,0.51,32.66,0.53,248.24,0.54,35.0,0.01,0.01,2333.962724,1776219054000
1776219055.914,55.914,0.47,246.22,0.46,35.0,0.48,129.24,0.49,100.66,0.52,129.24,0.51,100.66,0.53,246.22,0.54,35.0,0.01,0.01,2333.959532,1776219055000
1776219056.161,56.161,0.47,251.22,0.46,35.0,0.48,119.24,0.49,105.66,0.52,129.24,0.51,100.66,0.53,246.22,0.54,35.0,0.01,0.01,2333.959532,1776219055000
1776219056.444,56.444,0.47,244.2,0.46,30.0,0.48,117.15,0.49,95.66,0.52,117.15,0.51,105.66,0.53,246.22,0.54,35.0,0.01,0.01,2333.959532,1776219055000
1776219056.93,56.93,0.47,249.2,0.46,30.0,0.48,112.15,0.49,37.66,0.52,117.15,0.51,95.66,0.53,244.2,0.54,30.0,0.01,0.01,2333.959532,1776219055000
1776219057.673,57.673,0.47,249.2,0.46,30.0,0.48,112.15,0.49,37.66,0.52,112.15,0.51,37.66,0.53,249.2,0.54,30.0,0.01,0.01,2333.981947,1776219056000
1776219058.37,58.37,0.47,16.31,0.46,20.0,0.48,245.15,0.49,227.66,0.52,245.15,0.51,227.66,0.53,16.31,0.54,20.0,0.01,0.01,2333.951475,1776219057000
1776219059.031,59.031,0.47,16.31,0.46,20.0,0.48,245.15,0.49,227.66,0.52,245.15,0.51,227.66,0.53,16.31,0.54,20.0,0.01,0.01,2333.951475,1776219058000
1776219059.947,59.947,0.47,16.31,0.46,30.0,0.48,251.15,0.49,41.66,0.52,245.15,0.51,227.66,0.53,16.31,0.54,20.0,0.01,0.01,2333.951475,1776219058000
1776219060.54,60.54,0.47,16.31,0.46,30.0,0.48,251.15,0.49,41.66,0.52,251.15,0.51,41.66,0.53,16.31,0.54,30.0,0.01,0.01,2333.875695,1776219059000
1776219061.204,61.204,0.47,17.08,0.46,30.0,0.48,201.15,0.49,51.66,0.52,251.15,0.51,41.66,0.53,16.31,0.54,30.0,0.01,0.01,2333.875695,1776219059000
1776219061.416,61.416,0.47,17.08,0.46,30.0,0.48,201.15,0.49,51.66,0.52,201.15,0.51,51.66,0.53,17.08,0.54,30.0,0.01,0.01,2333.886295,1776219060000
1776219061.914,61.914,0.47,313.08,0.46,40.0,0.48,5.0,0.49,10.0,0.52,201.15,0.51,51.66,0.53,17.08,0.54,30.0,0.01,0.01,2333.886295,1776219060000
1776219062.279,62.279,0.5,83.0,0.49,88.0,0.51,75.0,0.52,89.33,0.49,75.0,0.48,89.33,0.5,15.0,0.51,205.0,0.01,0.01,2333.896324,1776219061000
1776219062.603,62.603,0.51,51.0,0.5,129.0,0.52,88.07,0.53,21.0,0.48,80.0,0.47,11.0,0.5,134.0,0.51,210.0,0.01,0.02,2333.896324,1776219061000
1776219062.926,62.926,0.51,85.42,0.5,232.0,0.52,88.07,0.53,21.0,0.48,88.07,0.47,21.0,0.49,53.47,0.5,129.0,0.01,0.01,2333.896324,1776219061000
1776219063.224,63.224,0.51,82.35,0.5,232.0,0.52,78.07,0.53,21.0,0.48,83.07,0.47,16.0,0.49,83.37,0.5,232.0,0.01,0.01,2333.896324,1776219061000
1776219063.489,63.489,0.51,82.35,0.5,232.0,0.52,76.14,0.53,21.0,0.48,76.14,0.47,21.0,0.49,82.35,0.5,232.0,0.01,0.01,2333.886283,1776219062000
1776219063.794,63.794,0.51,78.25,0.5,232.0,0.52,86.14,0.53,21.0,0.48,86.14,0.47,21.0,0.49,90.3,0.5,232.0,0.01,0.01,2333.886283,1776219062000
1776219064.166,64.166,0.51,83.25,0.5,232.0,0.52,84.21,0.53,74.0,0.48,84.21,0.47,74.0,0.49,83.25,0.5,232.0,0.01,0.01,2333.998742,1776219063000
1776219064.533,64.533,0.51,54.0,0.5,201.0,0.52,82.28,0.53,74.0,0.48,84.21,0.47,74.0,0.49,82.01,0.5,232.0,0.01,0.01,2333.998742,1776219063000
1776219065.147,65.147,0.47,10.0,0.44,15.0,0.51,5.0,0.52,443.0,0.48,82.28,0.47,74.0,0.49,54.0,0.5,201.0,0.04,0.01,2333.998742,1776219063000
1776219065.51,65.51,0.43,14.57,0.42,21.0,0.44,51.72,0.45,40.0,0.55,34.0,0.54,130.0,0.57,14.57,0.58,21.0,0.01,0.02,2334.09887,1776219064000
1776219065.718,65.718,0.43,19.57,0.42,21.0,0.44,52.28,0.45,45.0,0.56,49.44,0.55,40.0,0.57,14.57,0.58,21.0,0.01,0.01,2334.09887,1776219064000
1776219065.959,65.959,0.43,15.0,0.42,21.0,0.44,60.0,0.45,40.0,0.56,62.28,0.55,40.0,0.57,17.81,0.58,21.0,0.01,0.01,2334.09887,1776219064000
1776219066.161,66.161,0.37,5.0,0.36,10.0,0.38,21.08,0.39,15.0,0.56,203.24,0.55,45.0,0.62,3.92,0.63,5.0,0.01,0.06,2334.09887,1776219064000
1776219066.516,66.516,0.37,3.41,0.36,10.0,0.38,69.8,0.39,15.0,0.62,79.8,0.61,15.0,0.63,3.41,0.64,10.0,0.01,0.01,2334.09887,1776219064000
1776219067.124,67.124,0.37,1.82,0.36,10.0,0.38,102.16,0.39,20.0,0.62,102.16,0.61,20.0,0.63,1.82,0.64,10.0,0.01,0.01,2334.079516,1776219066000
1776219067.827,67.827,0.37,92.55,0.36,10.0,0.38,100.34,0.39,25.0,0.62,108.16,0.61,15.0,0.63,6.82,0.64,10.0,0.01,0.01,2334.079516,1776219066000
1776219068.499,68.499,0.37,92.55,0.36,10.0,0.38,97.52,0.39,20.0,0.62,97.52,0.61,20.0,0.63,92.55,0.64,10.0,0.01,0.01,2333.740225,1776219067000
1776219069.088,69.088,0.37,92.55,0.36,10.0,0.38,97.52,0.39,20.0,0.62,97.52,0.61,20.0,0.63,92.55,0.64,10.0,0.01,0.01,2333.619863,1776219068000
1776219069.854,69.854,0.35,5.0,0.34,5.0,0.37,6.0,0.38,371.52,0.62,97.52,0.61,20.0,0.63,92.55,0.64,10.0,0.02,0.01,2333.619863,1776219068000
1776219070.331,70.331,0.33,23.0,0.32,63.0,0.36,116.0,0.37,26.0,0.64,116.0,0.63,26.0,0.67,23.0,0.68,63.0,0.03,0.03,2333.626956,1776219069000
1776219071.07,71.07,0.33,15.0,0.32,105.59,0.34,91.0,0.35,258.0,0.64,116.0,0.63,26.0,0.67,23.0,0.68,63.0,0.01,0.03,2333.626956,1776219069000
1776219071.511,71.511,0.33,13.5,0.32,105.59,0.34,83.05,0.35,258.0,0.66,83.05,0.65,258.0,0.67,13.5,0.68,105.59,0.01,0.01,2333.580689,1776219070000
1776219071.846,71.846,0.33,44.48,0.32,277.0,0.34,72.75,0.35,20.0,0.66,83.05,0.65,258.0,0.67,13.5,0.68,105.59,0.01,0.01,2333.580689,1776219070000
1776219072.127,72.127,0.33,44.48,0.32,277.0,0.34,72.75,0.35,20.0,0.66,72.75,0.65,20.0,0.67,44.48,0.68,277.0,0.01,0.01,2333.499566,1776219071000
1776219072.567,72.567,0.32,10.0,0.31,10.0,0.34,330.75,0.35,31.0,0.66,62.75,0.65,25.0,0.67,31.18,0.68,39.0,0.02,0.01,2333.499566,1776219071000
1776219072.895,72.895,0.31,7.24,0.3,5.0,0.32,77.0,0.33,105.0,0.66,330.75,0.65,31.0,0.68,10.0,0.69,10.0,0.01,0.02,2333.499566,1776219071000
1776219073.334,73.334,0.28,89.0,0.27,96.3,0.29,52.55,0.3,25.0,0.68,72.0,0.67,105.0,0.71,5.0,0.72,84.0,0.01,0.03,2333.499566,1776219071000
1776219073.536,73.536,0.28,141.64,0.27,101.3,0.29,44.95,0.3,25.0,0.71,48.75,0.7,25.0,0.72,141.64,0.73,101.3,0.01,0.01,2333.499566,1776219071000
1776219073.867,73.867,0.28,408.25,0.27,43.3,0.29,10.3,0.3,15.0,0.71,19.1,0.7,25.0,0.72,165.25,0.73,101.3,0.01,0.01,2333.47101,1776219072000
1776219074.219,74.219,0.31,47.52,0.3,35.0,0.32,26.0,0.33,95.0,0.7,39.32,0.69,10.0,0.71,15.0,0.72,398.25,0.01,0.01,2333.47101,1776219072000
1776219075.288,75.288,0.31,62.52,0.3,269.57,0.32,20.34,0.33,95.0,0.68,26.0,0.67,95.0,0.69,47.52,0.7,35.0,0.01,0.01,2333.468881,1776219073000
1776219075.625,75.625,0.31,65.96,0.3,269.57,0.32,16.0,0.33,95.0,0.68,20.34,0.67,95.0,0.69,62.52,0.7,269.57,0.01,0.01,2333.468881,1776219073000
1776219076.03,76.03,0.31,44.52,0.3,279.57,0.32,16.0,0.33,90.0,0.68,16.0,0.67,95.0,0.69,65.96,0.7,269.57,0.01,0.01,2333.301832,1776219074000
1776219076.29,76.29,0.31,44.52,0.3,279.57,0.32,16.0,0.33,90.0,0.68,16.0,0.67,90.0,0.69,44.52,0.7,279.57,0.01,0.01,2333.3094,1776219075000
1776219076.538,76.538,0.31,44.52,0.3,279.57,0.32,10.9,0.33,90.0,0.68,16.0,0.67,90.0,0.69,44.52,0.7,279.57,0.01,0.01,2333.3094,1776219075000
1776219076.996,76.996,0.31,53.07,0.3,99.57,0.32,10.9,0.33,90.0,0.68,10.9,0.67,90.0,0.69,44.52,0.7,279.57,0.01,0.01,2333.3094,1776219075000
1776219077.424,77.424,0.31,53.07,0.3,99.57,0.32,10.9,0.33,90.0,0.68,10.9,0.67,90.0,0.69,53.07,0.7,99.57,0.01,0.01,2333.264499,1776219076000
1776219077.925,77.925,0.31,53.07,0.3,99.57,0.32,10.9,0.33,90.0,0.68,10.9,0.67,90.0,0.69,53.07,0.7,99.57,0.01,0.01,2333.263888,1776219077000
1776219078.778,78.778,0.31,356.07,0.3,49.0,0.35,6.0,0.36,55.0,0.68,10.9,0.67,90.0,0.69,53.07,0.7,99.57,0.04,0.01,2333.263888,1776219077000
1776219079.007,79.007,0.35,5.0,0.32,11.0,0.36,55.0,0.37,21.0,0.64,55.0,0.63,21.0,0.65,5.0,0.68,11.0,0.01,0.01,2333.263869,1776219078000
1776219079.645,79.645,0.36,85.0,0.35,72.81,0.37,73.0,0.38,243.52,0.64,119.0,0.63,10.0,0.65,91.81,0.66,190.0,0.01,0.01,2333.263869,1776219078000
1776219080.097,80.097,0.36,85.0,0.35,72.81,0.37,73.0,0.38,243.52,0.63,73.0,0.62,243.52,0.64,85.0,0.65,72.81,0.01,0.01,2333.26956,1776219079000
1776219080.694,80.694,0.36,90.0,0.35,72.81,0.37,75.56,0.38,232.52,0.63,73.0,0.62,243.52,0.64,85.0,0.65,72.81,0.01,0.01,2333.26956,1776219079000
1776219081.012,81.012,0.36,138.0,0.35,252.81,0.37,16.0,0.38,37.52,0.63,75.56,0.62,232.52,0.64,90.0,0.65,72.81,0.01,0.01,2333.26956,1776219079000
1776219081.368,81.368,0.37,67.0,0.36,304.0,0.4,24.9,0.42,5.0,0.62,0.52,0.6,15.0,0.63,57.0,0.64,309.0,0.03,0.01,2333.310249,1776219080000
1776219081.747,81.747,0.39,54.0,0.38,10.0,0.4,19.82,0.41,5.0,0.6,24.9,0.58,5.0,0.61,5.0,0.63,62.0,0.01,0.01,2333.310249,1776219080000
1776219082.527,82.527,0.39,35.0,0.38,253.0,0.4,7.92,0.41,5.0,0.6,19.82,0.59,5.0,0.61,54.0,0.62,10.0,0.01,0.01,2333.310249,1776219080000
1776219083.435,83.435,0.39,35.0,0.38,253.0,0.4,2.79,0.41,5.0,0.6,2.79,0.59,5.0,0.61,35.0,0.62,253.0,0.01,0.01,2333.485744,1776219082000
1776219084.164,84.164,0.39,35.0,0.38,253.0,0.4,2.79,0.41,5.0,0.6,2.79,0.59,5.0,0.61,35.0,0.62,253.0,0.01,0.01,2333.617765,1776219083000
1776219084.491,84.491,0.41,7.28,0.4,15.0,0.42,20.0,0.43,15.0,0.57,10.0,0.56,200.0,0.59,10.0,0.6,15.0,0.01,0.02,2333.617765,1776219083000
1776219085.364,85.364,0.39,10.0,0.38,5.0,0.42,333.0,0.43,26.0,0.58,20.0,0.57,15.0,0.59,7.28,0.6,15.0,0.03,0.01,2333.617765,1776219083000
1776219085.808,85.808,0.38,4.91,0.37,22.0,0.4,56.0,0.41,273.0,0.58,333.0,0.57,26.0,0.61,10.0,0.62,5.0,0.02,0.03,2333.713261,1776219084000
1776219086.108,86.108,0.38,4.91,0.37,22.0,0.4,56.0,0.41,273.0,0.6,56.0,0.59,273.0,0.62,4.91,0.63,22.0,0.02,0.02,2333.713311,1776219085000
1776219086.549,86.549,0.39,5.0,0.38,19.91,0.4,223.5,0.41,35.0,0.6,56.0,0.59,273.0,0.62,4.91,0.63,22.0,0.01,0.02,2333.713311,1776219085000
1776219087.384,87.384,0.39,5.0,0.38,19.91,0.4,223.5,0.41,35.0,0.6,223.5,0.59,35.0,0.61,5.0,0.62,19.91,0.01,0.01,2333.673134,1776219086000
1776219087.885,87.885,0.39,5.0,0.38,19.91,0.4,223.5,0.41,35.0,0.6,223.5,0.59,35.0,0.61,5.0,0.62,19.91,0.01,0.01,2333.669313,1776219087000
1776219089.306,89.306,0.39,5.0,0.38,19.91,0.4,223.5,0.41,35.0,0.6,223.5,0.59,35.0,0.61,5.0,0.62,19.91,0.01,0.01,2333.616089,1776219088000
1776219089.836,89.836,0.39,5.0,0.38,19.91,0.4,223.5,0.41,35.0,0.6,223.5,0.59,35.0,0.61,5.0,0.62,19.91,0.01,0.01,2333.633524,1776219089000
1776219090.87,90.87,0.39,5.0,0.38,19.91,0.4,223.5,0.41,35.0,0.6,223.5,0.59,35.0,0.61,5.0,0.62,19.91,0.01,0.01,2333.641729,1776219090000
1776219091.848,91.848,0.39,5.0,0.38,19.91,0.4,223.5,0.41,35.0,0.6,223.5,0.59,35.0,0.61,5.0,0.62,19.91,0.01,0.01,2333.64173,1776219091000
1776219092.187,92.187,0.4,5.0,0.39,127.0,0.41,15.0,0.42,16.0,0.6,223.5,0.59,35.0,0.61,5.0,0.62,19.91,0.01,0.01,2333.64173,1776219091000
1776219092.565,92.565,0.41,43.3,0.4,40.0,0.42,56.0,0.43,10.0,0.59,5.0,0.58,16.0,0.6,15.0,0.61,132.0,0.01,0.01,2333.64173,1776219091000
1776219092.876,92.876,0.41,60.6,0.4,40.0,0.42,28.61,0.43,10.0,0.58,56.0,0.57,10.0,0.59,41.6,0.6,40.0,0.01,0.01,2333.64173,1776219091000
1776219093.186,93.186,0.41,116.9,0.4,40.0,0.42,26.22,0.43,10.0,0.58,28.61,0.57,10.0,0.59,53.9,0.6,40.0,0.01,0.01,2333.642784,1776219092000
1776219093.954,93.954,0.41,116.9,0.4,40.0,0.42,26.22,0.43,10.0,0.58,26.22,0.57,10.0,0.59,116.9,0.6,40.0,0.01,0.01,2333.63348,1776219093000
1776219094.191,94.191,0.41,271.9,0.4,40.0,0.42,12.83,0.43,5.0,0.58,26.22,0.57,10.0,0.59,116.9,0.6,40.0,0.01,0.01,2333.63348,1776219093000
1776219095.054,95.054,0.41,271.9,0.4,40.0,0.42,12.83,0.43,5.0,0.58,12.83,0.57,5.0,0.59,271.9,0.6,40.0,0.01,0.01,2333.689835,1776219094000
1776219095.935,95.935,0.41,271.9,0.4,40.0,0.42,12.83,0.43,5.0,0.58,12.83,0.57,5.0,0.59,271.9,0.6,40.0,0.01,0.01,2333.716088,1776219095000
1776219097.002,97.002,0.41,271.9,0.4,40.0,0.42,12.83,0.43,5.0,0.58,12.83,0.57,5.0,0.59,271.9,0.6,40.0,0.01,0.01,2333.729536,1776219096000
1776219097.571,97.571,0.41,14.9,0.4,210.0,0.42,92.88,0.43,20.0,0.58,12.83,0.57,5.0,0.59,271.9,0.6,40.0,0.01,0.01,2333.729536,1776219096000
1776219097.985,97.985,0.41,14.9,0.4,210.0,0.42,92.88,0.43,20.0,0.58,92.88,0.57,20.0,0.59,14.9,0.6,210.0,0.01,0.01,2333.730808,1776219097000
1776219099.069,99.069,0.41,14.9,0.4,210.0,0.42,92.88,0.43,20.0,0.58,92.88,0.57,20.0,0.59,14.9,0.6,210.0,0.01,0.01,2333.744368,1776219098000
1776219100.064,100.064,0.41,14.9,0.4,210.0,0.42,92.88,0.43,20.0,0.58,92.88,0.57,20.0,0.59,14.9,0.6,210.0,0.01,0.01,2333.723077,1776219099000
1776219101.1,101.1,0.41,14.9,0.4,210.0,0.42,92.88,0.43,20.0,0.58,92.88,0.57,20.0,0.59,14.9,0.6,210.0,0.01,0.01,2333.795448,1776219100000
1776219102.766,102.766,0.41,14.9,0.4,210.0,0.42,92.88,0.43,20.0,0.58,92.88,0.57,20.0,0.59,14.9,0.6,210.0,0.01,0.01,2333.743692,1776219101000
1776219103.278,103.278,0.41,53.9,0.4,210.0,0.43,3.88,0.44,91.0,0.57,3.88,0.56,91.0,0.59,53.9,0.6,210.0,0.02,0.02,2333.745023,1776219102000
1776219104.305,104.305,0.41,53.9,0.4,210.0,0.43,3.88,0.44,91.0,0.57,3.88,0.56,91.0,0.59,53.9,0.6,210.0,0.02,0.02,2333.752234,1776219103000
1776219105.289,105.289,0.41,53.9,0.4,210.0,0.43,3.88,0.44,91.0,0.57,3.88,0.56,91.0,0.59,53.9,0.6,210.0,0.02,0.02,2333.752234,1776219104000
1776219106.314,106.314,0.41,53.9,0.4,210.0,0.43,3.88,0.44,91.0,0.57,3.88,0.56,91.0,0.59,53.9,0.6,210.0,0.02,0.02,2333.743068,1776219105000
1776219107.3,107.3,0.41,53.9,0.4,210.0,0.43,3.88,0.44,91.0,0.57,3.88,0.56,91.0,0.59,53.9,0.6,210.0,0.02,0.02,2333.789533,1776219106000
1776219107.853,107.853,0.45,92.0,0.44,263.0,0.47,4.85,0.48,11.0,0.57,3.88,0.56,91.0,0.59,53.9,0.6,210.0,0.02,0.02,2333.789533,1776219106000
1776219108.19,108.19,0.46,97.0,0.45,63.0,0.47,5.0,0.48,11.0,0.53,4.85,0.52,11.0,0.55,92.0,0.56,263.0,0.01,0.02,2333.789533,1776219106000
1776219108.608,108.608,0.47,82.0,0.46,73.0,0.48,15.89,0.49,15.0,0.52,5.89,0.51,10.0,0.54,97.0,0.55,63.0,0.01,0.02,2333.743045,1776219107000
1776219108.929,108.929,0.47,82.0,0.46,73.0,0.48,15.89,0.49,15.0,0.52,15.89,0.51,15.0,0.53,82.0,0.54,73.0,0.01,0.01,2333.743045,1776219108000
1776219109.137,109.137,0.47,85.11,0.46,73.0,0.48,15.89,0.49,15.0,0.52,15.89,0.51,15.0,0.53,82.0,0.54,73.0,0.01,0.01,2333.743045,1776219108000
1776219109.455,109.455,0.47,80.11,0.46,73.0,0.48,23.8,0.49,15.0,0.52,15.89,0.51,15.0,0.53,85.11,0.54,73.0,0.01,0.01,2333.743045,1776219108000
1776219109.836,109.836,0.47,266.33,0.46,78.0,0.48,15.0,0.49,15.0,0.52,23.8,0.51,15.0,0.53,83.22,0.54,73.0,0.01,0.01,2333.743045,1776219108000
1776219110.158,110.158,0.47,322.44,0.46,78.0,0.48,10.0,0.49,21.0,0.52,15.0,0.51,15.0,0.53,266.33,0.54,78.0,0.01,0.01,2333.888071,1776219109000
1776219110.468,110.468,0.47,322.44,0.46,78.0,0.48,7.91,0.49,21.0,0.52,10.0,0.51,21.0,0.53,322.44,0.54,78.0,0.01,0.01,2333.888071,1776219109000
1776219110.919,110.919,0.47,322.44,0.46,78.0,0.48,7.91,0.49,21.0,0.52,7.91,0.51,21.0,0.53,322.44,0.54,78.0,0.01,0.01,2333.938606,1776219110000
1776219111.803,111.803,0.49,271.0,0.48,126.0,0.5,12.0,0.51,5.0,0.52,7.91,0.51,21.0,0.53,322.44,0.54,78.0,0.01,0.01,2333.938606,1776219110000
1776219112.177,112.177,0.5,332.0,0.49,84.0,0.51,10.0,0.52,15.0,0.5,2.0,0.49,5.0,0.51,276.0,0.52,126.0,0.01,0.01,2333.965029,1776219111000
1776219112.508,112.508,0.55,3.77,0.54,25.0,0.56,10.0,0.57,5.0,0.47,5.0,0.46,75.0,0.5,334.0,0.51,89.0,0.01,0.03,2333.965029,1776219111000
1776219112.778,112.778,0.57,25.0,0.56,25.0,0.59,2.36,0.6,5.0,0.42,7.58,0.41,5.0,0.44,15.0,0.45,54.0,0.02,0.02,2333.965029,1776219111000
1776219113.152,113.152,0.57,25.0,0.56,25.0,0.59,2.36,0.6,5.0,0.41,2.36,0.4,5.0,0.43,25.0,0.44,25.0,0.02,0.02,2333.994327,1776219112000
1776219114.22,114.22,0.57,25.0,0.56,25.0,0.59,2.36,0.6,5.0,0.41,2.36,0.4,5.0,0.43,25.0,0.44,25.0,0.02,0.02,2334.123912,1776219113000
1776219114.425,114.425,0.58,54.0,0.57,25.0,0.59,17.36,0.6,22.0,0.41,2.36,0.4,5.0,0.43,25.0,0.44,25.0,0.01,0.02,2334.123912,1776219113000
1776219114.63,114.63,0.58,54.0,0.57,25.0,0.59,11.41,0.6,22.0,0.41,17.36,0.4,22.0,0.42,54.0,0.43,25.0,0.01,0.01,2334.123912,1776219113000
1776219115.367,115.367,0.58,54.0,0.57,25.0,0.59,11.41,0.6,22.0,0.41,11.41,0.4,22.0,0.42,54.0,0.43,25.0,0.01,0.01,2334.255226,1776219114000
1776219116.624,116.624,0.58,54.0,0.57,25.0,0.59,11.41,0.6,22.0,0.41,11.41,0.4,22.0,0.42,54.0,0.43,25.0,0.01,0.01,2334.311755,1776219115000
1776219117.241,117.241,0.58,54.0,0.57,25.0,0.59,11.41,0.6,22.0,0.41,11.41,0.4,22.0,0.42,54.0,0.43,25.0,0.01,0.01,2334.329183,1776219116000
1776219118.411,118.411,0.58,79.04,0.57,25.0,0.59,6.32,0.6,78.0,0.41,6.32,0.4,78.0,0.42,79.04,0.43,25.0,0.01,0.01,2334.346783,1776219117000
1776219118.993,118.993,0.58,22.04,0.57,25.0,0.59,21.32,0.6,88.0,0.41,21.32,0.4,88.0,0.42,22.04,0.43,25.0,0.01,0.01,2334.341554,1776219118000
1776219120.128,120.128,0.58,22.04,0.57,25.0,0.59,34.62,0.6,88.0,0.41,34.62,0.4,88.0,0.42,22.04,0.43,25.0,0.01,0.01,2334.358086,1776219119000
1776219121.293,121.293,0.58,22.04,0.57,25.0,0.59,34.62,0.6,88.0,0.41,34.62,0.4,88.0,0.42,22.04,0.43,25.0,0.01,0.01,2334.261538,1776219120000
1776219122.351,122.351,0.58,22.04,0.57,25.0,0.59,34.62,0.6,88.0,0.41,34.62,0.4,88.0,0.42,22.04,0.43,25.0,0.01,0.01,2334.260877,1776219121000
1776219123.047,123.047,0.58,22.04,0.57,25.0,0.59,34.62,0.6,88.0,0.41,34.62,0.4,88.0,0.42,22.04,0.43,25.0,0.01,0.01,2334.248585,1776219122000
1776219123.859,123.859,0.58,27.75,0.57,25.0,0.59,288.79,0.6,25.0,0.41,34.62,0.4,88.0,0.42,22.04,0.43,25.0,0.01,0.01,2334.248585,1776219122000
1776219124.231,124.231,0.58,27.75,0.57,25.0,0.59,288.79,0.6,25.0,0.41,288.79,0.4,25.0,0.42,27.75,0.43,25.0,0.01,0.01,2334.248214,1776219123000
1776219125.334,125.334,0.58,23.55,0.57,25.0,0.59,284.17,0.6,25.0,0.41,288.79,0.4,25.0,0.42,27.75,0.43,25.0,0.01,0.01,2334.248214,1776219123000
1776219125.881,125.881,0.58,13.31,0.57,25.0,0.59,289.17,0.6,35.0,0.41,284.17,0.4,25.0,0.42,23.55,0.43,25.0,0.01,0.01,2334.252682,1776219124000
1776219126.306,126.306,0.58,8.19,0.57,25.0,0.59,299.17,0.6,25.0,0.41,289.17,0.4,35.0,0.42,13.31,0.43,25.0,0.01,0.01,2334.322152,1776219125000
1776219127.043,127.043,0.58,8.19,0.57,25.0,0.59,299.17,0.6,25.0,0.41,299.17,0.4,25.0,0.42,8.19,0.43,25.0,0.01,0.01,2334.32196,1776219126000
1776219128.183,128.183,0.58,8.19,0.57,25.0,0.59,299.17,0.6,25.0,0.41,299.17,0.4,25.0,0.42,8.19,0.43,25.0,0.01,0.01,2334.330172,1776219127000
1776219129.319,129.319,0.58,8.19,0.57,25.0,0.59,299.17,0.6,25.0,0.41,299.17,0.4,25.0,0.42,8.19,0.43,25.0,0.01,0.01,2334.333621,1776219128000
1776219129.933,129.933,0.57,36.51,0.56,20.0,0.58,195.0,0.59,109.17,0.42,195.0,0.41,109.17,0.43,36.51,0.44,20.0,0.01,0.01,2334.333621,1776219129000
1776219131.517,131.517,0.57,36.51,0.56,20.0,0.58,195.0,0.59,109.17,0.42,195.0,0.41,109.17,0.43,36.51,0.44,20.0,0.01,0.01,2334.334788,1776219130000
1776219132.046,132.046,0.57,36.51,0.56,20.0,0.58,195.0,0.59,109.17,0.42,195.0,0.41,109.17,0.43,36.51,0.44,20.0,0.01,0.01,2334.334791,1776219131000
1776219133.063,133.063,0.58,91.0,0.57,126.51,0.59,101.17,0.6,195.0,0.42,195.0,0.41,109.17,0.43,36.51,0.44,20.0,0.01,0.01,2334.334791,1776219131000
1776219133.447,133.447,0.58,179.0,0.57,253.51,0.59,91.08,0.6,15.0,0.41,96.17,0.4,15.0,0.42,179.0,0.43,248.51,0.01,0.01,2334.33519,1776219132000
1776219133.775,133.775,0.58,364.0,0.57,73.51,0.59,10.99,0.6,15.0,0.41,91.08,0.4,15.0,0.42,179.0,0.43,253.51,0.01,0.01,2334.33519,1776219132000
1776219134.331,134.331,0.58,364.0,0.57,73.51,0.59,2.51,0.6,15.0,0.41,2.51,0.4,15.0,0.42,364.0,0.43,73.51,0.01,0.01,2334.347517,1776219133000
1776219135.433,135.433,0.58,364.0,0.57,73.51,0.59,2.51,0.6,15.0,0.41,2.51,0.4,15.0,0.42,364.0,0.43,73.51,0.01,0.01,2334.363018,1776219134000
1776219136.019,136.019,0.58,364.0,0.57,73.51,0.59,2.51,0.6,15.0,0.41,2.51,0.4,15.0,0.42,364.0,0.43,73.51,0.01,0.01,2334.382799,1776219135000
1776219137.086,137.086,0.58,364.0,0.57,73.51,0.59,2.51,0.6,15.0,0.41,2.51,0.4,15.0,0.42,364.0,0.43,73.51,0.01,0.01,2334.383127,1776219136000
1776219137.596,137.596,0.62,331.0,0.61,57.0,0.64,0.53,0.65,75.0,0.37,20.86,0.36,5.0,0.38,11.0,0.39,11.0,0.02,0.01,2334.383127,1776219136000
1776219137.987,137.987,0.64,116.0,0.63,210.0,0.65,100.0,0.66,10.0,0.35,75.0,0.34,68.0,0.37,10.0,0.38,289.0,0.01,0.02,2334.383127,1776219136000
1776219138.276,138.276,0.64,93.77,0.63,215.0,0.65,152.92,0.66,10.0,0.35,152.92,0.34,10.0,0.36,93.77,0.37,215.0,0.01,0.01,2334.438105,1776219137000
1776219139.461,139.461,0.64,93.77,0.63,215.0,0.65,152.92,0.66,10.0,0.35,152.92,0.34,10.0,0.36,93.77,0.37,215.0,0.01,0.01,2334.485391,1776219138000
1776219139.972,139.972,0.64,93.77,0.63,215.0,0.65,152.92,0.66,10.0,0.35,152.92,0.34,10.0,0.36,93.77,0.37,215.0,0.01,0.01,2334.55245,1776219139000
1776219140.357,140.357,0.64,119.77,0.63,221.0,0.65,70.78,0.66,5.0,0.35,152.92,0.34,10.0,0.36,93.77,0.37,215.0,0.01,0.01,2334.55245,1776219139000
1776219141.006,141.006,0.65,113.0,0.64,47.64,0.67,5.0,0.68,185.0,0.35,28.18,0.34,5.0,0.36,112.64,0.37,221.0,0.02,0.01,2334.55245,1776219139000
1776219141.206,141.206,0.65,113.0,0.64,47.64,0.67,5.0,0.68,185.0,0.33,5.0,0.32,185.0,0.35,113.0,0.36,47.64,0.02,0.02,2334.577472,1776219140000
1776219141.776,141.776,0.69,71.24,0.68,20.0,0.7,20.14,0.71,113.0,0.33,5.0,0.32,185.0,0.35,113.0,0.36,47.64,0.01,0.02,2334.577472,1776219140000
1776219142.024,142.024,0.68,11.87,0.67,10.0,0.7,26.14,0.71,118.0,0.3,16.14,0.29,113.0,0.32,11.87,0.33,10.0,0.02,0.02,2334.577472,1776219140000
1776219142.281,142.281,0.68,11.87,0.67,10.0,0.7,35.14,0.71,123.0,0.3,21.14,0.29,118.0,0.32,11.87,0.33,10.0,0.02,0.02,2334.577472,1776219140000
1776219142.815,142.815,0.68,16.87,0.67,15.0,0.69,32.91,0.7,30.14,0.3,35.14,0.29,123.0,0.32,11.87,0.33,10.0,0.01,0.02,2334.588794,1776219141000
1776219143.488,143.488,0.68,11.87,0.67,15.0,0.69,27.91,0.7,30.14,0.31,27.91,0.3,30.14,0.32,11.87,0.33,15.0,0.01,0.01,2334.630055,1776219142000
1776219143.694,143.694,0.68,29.3,0.67,10.0,0.69,93.0,0.7,202.14,0.31,27.91,0.3,30.14,0.32,11.87,0.33,15.0,0.01,0.01,2334.630055,1776219142000
1776219144.057,144.057,0.68,23.98,0.67,10.0,0.69,88.0,0.7,202.14,0.31,88.0,0.3,202.14,0.32,23.98,0.33,10.0,0.01,0.01,2334.656771,1776219143000
1776219144.288,144.288,0.68,2.47,0.67,10.0,0.69,174.23,0.7,202.14,0.31,179.23,0.3,202.14,0.32,18.82,0.33,10.0,0.01,0.01,2334.656771,1776219143000
1776219145.224,145.224,0.68,2.47,0.67,10.0,0.69,174.23,0.7,202.14,0.31,174.23,0.3,202.14,0.32,2.47,0.33,10.0,0.01,0.01,2334.657722,1776219144000
1776219146.232,146.232,0.68,2.47,0.67,10.0,0.69,174.23,0.7,202.14,0.31,174.23,0.3,202.14,0.32,2.47,0.33,10.0,0.01,0.01,2334.654908,1776219145000
1776219147.129,147.129,0.68,2.47,0.67,10.0,0.69,174.23,0.7,202.14,0.31,174.23,0.3,202.14,0.32,2.47,0.33,10.0,0.01,0.01,2334.691568,1776219146000
1776219148.215,148.215,0.68,2.47,0.67,10.0,0.69,174.23,0.7,202.14,0.31,174.23,0.3,202.14,0.32,2.47,0.33,10.0,0.01,0.01,2334.658571,1776219147000
1776219149.032,149.032,0.67,41.97,0.66,73.0,0.68,190.29,0.69,78.0,0.32,51.03,0.31,258.0,0.33,26.97,0.34,73.0,0.01,0.01,2334.658571,1776219147000
1776219150.776,150.776,0.67,41.97,0.66,73.0,0.68,190.29,0.69,78.0,0.32,190.29,0.31,78.0,0.33,41.97,0.34,73.0,0.01,0.01,2334.651395,1776219149000
1776219151.07,151.07,0.67,16.2,0.66,78.0,0.68,210.29,0.69,68.0,0.32,190.29,0.31,78.0,0.33,41.97,0.34,73.0,0.01,0.01,2334.651395,1776219149000
1776219151.432,151.432,0.67,23.16,0.66,78.0,0.68,210.29,0.69,68.0,0.32,210.29,0.31,68.0,0.33,23.16,0.34,78.0,0.01,0.01,2334.651395,1776219150000
1776219151.988,151.988,0.67,23.16,0.66,78.0,0.68,210.29,0.69,68.0,0.32,210.29,0.31,68.0,0.33,23.16,0.34,78.0,0.01,0.01,2334.651889,1776219151000
1776219152.779,152.779,0.67,23.16,0.66,78.0,0.68,208.81,0.69,68.0,0.32,210.29,0.31,68.0,0.33,23.16,0.34,78.0,0.01,0.01,2334.651889,1776219151000
1776219153.097,153.097,0.67,23.16,0.66,78.0,0.68,208.81,0.69,68.0,0.32,208.81,0.31,68.0,0.33,23.16,0.34,78.0,0.01,0.01,2334.670592,1776219152000
1776219154.056,154.056,0.67,23.16,0.66,78.0,0.68,208.81,0.69,68.0,0.32,208.81,0.31,68.0,0.33,23.16,0.34,78.0,0.01,0.01,2334.678299,1776219153000
1776219154.571,154.571,0.67,24.61,0.66,78.0,0.68,208.81,0.69,68.0,0.32,208.81,0.31,68.0,0.33,23.16,0.34,78.0,0.01,0.01,2334.678299,1776219153000
1776219155.172,155.172,0.67,24.61,0.66,78.0,0.68,208.81,0.69,68.0,0.32,208.81,0.31,68.0,0.33,24.61,0.34,78.0,0.01,0.01,2334.678192,1776219154000
1776219156.011,156.011,0.67,9.45,0.66,78.0,0.68,198.81,0.69,68.0,0.32,208.81,0.31,68.0,0.33,24.61,0.34,78.0,0.01,0.01,2334.678192,1776219154000
1776219157.19,157.19,0.67,9.45,0.66,78.0,0.68,198.81,0.69,68.0,0.32,198.81,0.31,68.0,0.33,9.45,0.34,78.0,0.01,0.01,2334.685192,1776219156000
1776219158.334,158.334,0.67,9.45,0.66,78.0,0.68,198.81,0.69,68.0,0.32,198.81,0.31,68.0,0.33,9.45,0.34,78.0,0.01,0.01,2334.6695,1776219157000
1776219158.541,158.541,0.67,8.45,0.66,15.0,0.68,203.81,0.69,20.0,0.32,198.81,0.31,68.0,0.33,9.45,0.34,78.0,0.01,0.01,2334.6695,1776219157000
1776219158.85,158.85,0.66,12.45,0.65,15.0,0.68,203.81,0.69,20.0,0.32,203.81,0.31,20.0,0.34,12.45,0.35,15.0,0.02,0.02,2334.6695,1776219158000
1776219160.428,160.428,0.66,12.45,0.65,15.0,0.68,203.81,0.69,20.0,0.32,203.81,0.31,20.0,0.34,12.45,0.35,15.0,0.02,0.02,2334.699655,1776219159000
1776219160.894,160.894,0.62,37.31,0.58,5.0,0.63,10.0,0.64,39.0,0.37,10.0,0.36,39.0,0.38,37.31,0.42,5.0,0.01,0.01,2334.697454,1776219160000
1776219161.418,161.418,0.58,5.0,0.57,5.0,0.63,75.0,0.64,58.0,0.37,10.0,0.36,39.0,0.38,37.31,0.42,5.0,0.05,0.01,2334.697454,1776219160000
1776219161.645,161.645,0.56,15.0,0.55,15.0,0.59,15.0,0.6,10.0,0.37,75.0,0.36,58.0,0.42,5.0,0.43,5.0,0.03,0.05,2334.697454,1776219160000
1776219161.985,161.985,0.56,15.0,0.55,15.0,0.59,15.0,0.6,10.0,0.41,15.0,0.4,10.0,0.44,15.0,0.45,15.0,0.03,0.03,2334.534878,1776219161000
1776219162.305,162.305,0.57,5.0,0.56,5.0,0.58,72.0,0.59,201.0,0.41,15.0,0.4,10.0,0.44,15.0,0.45,15.0,0.01,0.03,2334.534878,1776219161000
1776219162.889,162.889,0.57,5.0,0.56,5.0,0.58,72.0,0.59,201.0,0.42,72.0,0.41,201.0,0.43,5.0,0.44,5.0,0.01,0.01,2334.49565,1776219162000
1776219163.09,163.09,0.56,14.88,0.55,5.0,0.58,72.0,0.59,201.0,0.42,72.0,0.41,201.0,0.43,5.0,0.44,5.0,0.02,0.01,2334.49565,1776219162000
1776219163.472,163.472,0.56,0.88,0.55,25.0,0.57,26.0,0.58,305.0,0.42,72.0,0.41,201.0,0.44,14.88,0.45,5.0,0.01,0.02,2334.49565,1776219162000
1776219163.889,163.889,0.56,0.88,0.55,25.0,0.57,26.0,0.58,305.0,0.43,26.0,0.42,305.0,0.44,0.88,0.45,25.0,0.01,0.01,2334.408939,1776219163000
1776219164.84,164.84,0.56,0.88,0.55,25.0,0.57,26.0,0.58,305.0,0.43,26.0,0.42,305.0,0.44,0.88,0.45,25.0,0.01,0.01,2334.421108,1776219164000
1776219165.602,165.602,0.55,5.0,0.53,5.0,0.56,39.44,0.57,45.0,0.43,26.0,0.42,305.0,0.44,0.88,0.45,25.0,0.01,0.01,2334.421108,1776219164000
1776219165.838,165.838,0.52,58.0,0.5,10.0,0.53,13.0,0.54,10.0,0.47,13.0,0.46,10.0,0.48,58.0,0.5,10.0,0.01,0.01,2334.426456,1776219165000
1776219166.33,166.33,0.5,10.0,0.48,16.0,0.53,242.0,0.54,20.0,0.47,13.0,0.46,10.0,0.48,58.0,0.5,10.0,0.03,0.01,2334.426456,1776219165000
1776219166.78,166.78,0.5,10.0,0.48,16.0,0.53,242.0,0.54,20.0,0.47,242.0,0.46,20.0,0.5,10.0,0.52,16.0,0.03,0.03,2334.426549,1776219166000
1776219168.273,168.273,0.5,10.0,0.48,64.0,0.51,26.0,0.52,201.0,0.49,26.0,0.48,201.0,0.5,10.0,0.52,64.0,0.01,0.01,2334.222343,1776219167000
1776219169.201,169.201,0.5,7.9,0.48,79.0,0.51,245.0,0.52,79.0,0.49,245.0,0.48,79.0,0.5,7.9,0.52,79.0,0.01,0.01,2334.206981,1776219168000
1776219170.217,170.217,0.5,7.9,0.48,79.0,0.51,245.0,0.52,79.0,0.49,245.0,0.48,79.0,0.5,7.9,0.52,79.0,0.01,0.01,2334.230475,1776219169000
1776219171.152,171.152,0.5,7.9,0.48,79.0,0.51,245.0,0.52,79.0,0.49,245.0,0.48,79.0,0.5,7.9,0.52,79.0,0.01,0.01,2334.234888,1776219170000
1776219171.41,171.41,0.5,315.9,0.49,85.0,0.52,9.71,0.53,12.0,0.49,245.0,0.48,79.0,0.5,7.9,0.52,79.0,0.02,0.01,2334.234888,1776219170000
1776219172.147,172.147,0.5,315.9,0.49,85.0,0.53,12.0,0.54,10.0,0.47,12.0,0.46,10.0,0.5,315.9,0.51,85.0,0.03,0.03,2334.24488,1776219171000
1776219172.941,172.941,0.52,93.0,0.51,205.0,0.53,11.9,0.54,15.0,0.47,12.0,0.46,10.0,0.5,315.9,0.51,85.0,0.01,0.03,2334.24488,1776219171000
1776219174.194,174.194,0.52,93.0,0.51,205.0,0.53,11.9,0.54,15.0,0.47,11.9,0.46,15.0,0.48,93.0,0.49,205.0,0.01,0.01,2334.293281,1776219173000
1776219175.155,175.155,0.52,93.0,0.51,205.0,0.53,11.9,0.54,15.0,0.47,11.9,0.46,15.0,0.48,93.0,0.49,205.0,0.01,0.01,2334.290077,1776219174000
1776219175.62,175.62,0.52,93.07,0.51,210.0,0.53,6.9,0.54,15.0,0.47,11.9,0.46,15.0,0.48,93.0,0.49,205.0,0.01,0.01,2334.290077,1776219174000
1776219176.185,176.185,0.52,93.07,0.51,210.0,0.53,6.9,0.54,15.0,0.47,6.9,0.46,15.0,0.48,93.07,0.49,210.0,0.01,0.01,2334.295353,1776219175000
1776219177.058,177.058,0.51,205.0,0.5,83.0,0.53,11.9,0.54,25.0,0.47,6.9,0.46,15.0,0.48,93.07,0.49,210.0,0.02,0.01,2334.295353,1776219175000
1776219178.139,178.139,0.51,205.0,0.5,83.0,0.53,11.9,0.54,25.0,0.47,11.9,0.46,25.0,0.49,205.0,0.5,83.0,0.02,0.02,2334.282917,1776219177000
1776219179.033,179.033,0.51,205.0,0.5,83.0,0.53,11.9,0.54,25.0,0.47,11.9,0.46,25.0,0.49,205.0,0.5,83.0,0.02,0.02,2334.259222,1776219178000
1776219179.479,179.479,0.52,15.0,0.51,258.0,0.53,0.9,0.54,15.0,0.47,11.9,0.46,25.0,0.49,205.0,0.5,83.0,0.01,0.02,2334.259222,1776219178000
1776219180.017,180.017,0.52,15.0,0.51,258.0,0.53,0.9,0.54,15.0,0.47,0.9,0.46,15.0,0.48,15.0,0.49,258.0,0.01,0.01,2334.379594,1776219179000
1776219180.354,180.354,0.52,215.0,0.51,148.0,0.53,0.9,0.54,15.0,0.47,0.9,0.46,15.0,0.48,15.0,0.49,258.0,0.01,0.01,2334.379594,1776219179000
1776219180.994,180.994,0.52,215.0,0.51,148.0,0.53,0.9,0.54,15.0,0.47,0.9,0.46,15.0,0.48,215.0,0.49,148.0,0.01,0.01,2334.286202,1776219180000
1776219181.913,181.913,0.52,200.0,0.51,158.0,0.53,0.9,0.54,15.0,0.47,0.9,0.46,15.0,0.48,215.0,0.49,148.0,0.01,0.01,2334.286202,1776219180000
1776219182.13,182.13,0.52,190.0,0.51,158.0,0.53,0.9,0.54,15.0,0.47,0.9,0.46,15.0,0.48,190.0,0.49,158.0,0.01,0.01,2334.311882,1776219181000
1776219182.486,182.486,0.52,200.0,0.51,158.0,0.54,14.03,0.57,17.0,0.47,0.9,0.46,15.0,0.48,190.0,0.49,158.0,0.02,0.01,2334.311882,1776219181000
1776219183.047,183.047,0.52,200.0,0.51,158.0,0.54,14.03,0.57,17.0,0.46,14.03,0.43,17.0,0.48,200.0,0.49,158.0,0.02,0.02,2334.287465,1776219182000
1776219184.104,184.104,0.52,200.0,0.51,158.0,0.54,14.03,0.57,17.0,0.46,14.03,0.43,17.0,0.48,200.0,0.49,158.0,0.02,0.02,2334.297873,1776219183000
1776219184.595,184.595,0.55,19.0,0.54,20.0,0.57,289.0,0.58,17.0,0.46,14.03,0.43,17.0,0.48,200.0,0.49,158.0,0.02,0.02,2334.297873,1776219183000
1776219185.011,185.011,0.55,9.0,0.54,20.0,0.57,289.0,0.58,17.0,0.43,289.0,0.42,17.0,0.45,9.0,0.46,20.0,0.02,0.02,2334.347219,1776219184000
1776219185.962,185.962,0.55,9.0,0.54,20.0,0.57,289.0,0.58,17.0,0.43,289.0,0.42,17.0,0.45,9.0,0.46,20.0,0.02,0.02,2334.29325,1776219185000
1776219186.675,186.675,0.55,2.77,0.54,20.0,0.56,199.0,0.57,100.0,0.43,289.0,0.42,17.0,0.45,9.0,0.46,20.0,0.01,0.02,2334.29325,1776219185000
1776219187.097,187.097,0.55,2.77,0.54,20.0,0.56,199.0,0.57,100.0,0.44,199.0,0.43,100.0,0.45,2.77,0.46,20.0,0.01,0.01,2334.29296,1776219186000
1776219188.235,188.235,0.59,25.0,0.58,25.0,0.61,56.72,0.62,5.0,0.44,199.0,0.43,100.0,0.45,2.77,0.46,20.0,0.02,0.01,2334.29296,1776219186000
1776219188.885,188.885,0.6,10.0,0.59,30.0,0.61,35.75,0.62,5.0,0.39,35.75,0.38,5.0,0.4,10.0,0.41,30.0,0.01,0.01,2334.304044,1776219188000
1776219190.044,190.044,0.63,43.0,0.62,36.0,0.64,301.3,0.65,30.8,0.36,301.3,0.35,30.8,0.37,43.0,0.38,36.0,0.01,0.01,2334.373378,1776219189000
1776219191.198,191.198,0.63,43.0,0.62,36.0,0.64,301.3,0.65,30.8,0.36,301.3,0.35,30.8,0.37,43.0,0.38,36.0,0.01,0.01,2334.436581,1776219190000
1776219191.508,191.508,0.63,20.0,0.62,41.0,0.64,214.48,0.65,88.8,0.36,301.3,0.35,30.8,0.37,43.0,0.38,36.0,0.01,0.01,2334.436581,1776219190000
1776219192.338,192.338,0.63,8.83,0.62,10.0,0.64,326.48,0.65,30.8,0.36,214.48,0.35,88.8,0.37,20.0,0.38,41.0,0.01,0.01,2334.436581,1776219190000
1776219192.59,192.59,0.62,3.83,0.61,5.0,0.64,419.48,0.65,30.8,0.36,326.48,0.35,30.8,0.37,8.83,0.38,10.0,0.02,0.01,2334.476914,1776219191000
1776219192.893,192.893,0.57,15.0,0.56,71.0,0.61,19.0,0.62,10.0,0.36,419.48,0.35,30.8,0.4,3.83,0.41,5.0,0.04,0.04,2334.476914,1776219191000
1776219193.492,193.492,0.58,4.28,0.57,83.0,0.59,5.0,0.6,25.0,0.39,19.0,0.38,10.0,0.43,15.0,0.44,71.0,0.01,0.04,2334.440672,1776219192000
1776219194.077,194.077,0.58,4.28,0.57,83.0,0.59,5.0,0.6,25.0,0.41,5.0,0.4,25.0,0.42,4.28,0.43,83.0,0.01,0.01,2334.433407,1776219193000
1776219194.895,194.895,0.63,20.0,0.62,20.0,0.64,14.0,0.65,35.8,0.41,5.0,0.4,25.0,0.42,4.28,0.43,83.0,0.01,0.01,2334.433407,1776219193000
1776219195.148,195.148,0.63,20.0,0.62,20.0,0.64,14.0,0.65,35.8,0.36,14.0,0.35,35.8,0.37,20.0,0.38,20.0,0.01,0.01,2334.375687,1776219194000
1776219196.251,196.251,0.63,20.0,0.62,20.0,0.64,14.0,0.65,35.8,0.36,14.0,0.35,35.8,0.37,20.0,0.38,20.0,0.01,0.01,2334.384404,1776219195000
1776219196.892,196.892,0.63,20.0,0.62,20.0,0.64,14.0,0.65,35.8,0.36,14.0,0.35,35.8,0.37,20.0,0.38,20.0,0.01,0.01,2334.387186,1776219196000
1776219197.951,197.951,0.63,20.0,0.62,20.0,0.64,14.0,0.65,35.8,0.36,14.0,0.35,35.8,0.37,20.0,0.38,20.0,0.01,0.01,2334.428711,1776219197000
1776219198.633,198.633,0.62,147.0,0.61,206.0,0.64,27.0,0.65,35.8,0.36,14.0,0.35,35.8,0.37,20.0,0.38,20.0,0.02,0.01,2334.428711,1776219197000
1776219199.024,199.024,0.62,147.0,0.61,206.0,0.64,27.0,0.65,35.8,0.36,27.0,0.35,35.8,0.38,147.0,0.39,206.0,0.02,0.02,2334.426288,1776219198000
1776219200.813,200.813,0.62,147.0,0.61,206.0,0.64,27.0,0.65,35.8,0.36,27.0,0.35,35.8,0.38,147.0,0.39,206.0,0.02,0.02,2334.449847,1776219199000
1776219201.079,201.079,0.63,51.0,0.62,297.0,0.65,15.8,0.67,5.0,0.36,27.0,0.35,35.8,0.38,147.0,0.39,206.0,0.02,0.02,2334.449847,1776219199000
1776219201.394,201.394,0.63,51.0,0.62,297.0,0.65,15.8,0.67,5.0,0.35,15.8,0.33,5.0,0.37,51.0,0.38,297.0,0.02,0.02,2334.45165,1776219200000
1776219201.874,201.874,0.63,51.0,0.62,297.0,0.65,15.8,0.67,5.0,0.35,15.8,0.33,5.0,0.37,51.0,0.38,297.0,0.02,0.02,2334.45165,1776219201000
1776219202.978,202.978,0.64,74.0,0.63,49.0,0.72,5.0,0.73,5.0,0.35,15.8,0.33,5.0,0.37,51.0,0.38,297.0,0.08,0.02,2334.45165,1776219201000
1776219203.32,203.32,0.73,10.0,0.72,10.0,0.74,12.4,0.75,30.0,0.26,2.98,0.25,5.0,0.36,108.0,0.37,20.0,0.01,0.1,2334.554653,1776219202000
1776219203.84,203.84,0.73,1.59,0.72,10.0,0.74,12.4,0.75,30.0,0.26,12.4,0.25,30.0,0.27,10.0,0.28,10.0,0.01,0.01,2334.554653,1776219202000
1776219204.26,204.26,0.73,20.0,0.72,10.0,0.74,32.4,0.75,83.0,0.26,12.4,0.25,30.0,0.27,1.59,0.28,10.0,0.01,0.01,2334.554653,1776219202000
1776219204.467,204.467,0.73,20.0,0.72,10.0,0.74,32.4,0.75,83.0,0.26,32.4,0.25,83.0,0.27,20.0,0.28,10.0,0.01,0.01,2334.734259,1776219203000
1776219205.143,205.143,0.73,20.0,0.72,10.0,0.74,32.4,0.75,83.0,0.26,32.4,0.25,83.0,0.27,20.0,0.28,10.0,0.01,0.01,2334.724157,1776219204000
1776219205.361,205.361,0.73,29.44,0.72,15.0,0.74,31.4,0.75,20.0,0.26,32.4,0.25,83.0,0.27,20.0,0.28,10.0,0.01,0.01,2334.724157,1776219204000
1776219206.31,206.31,0.73,29.44,0.72,15.0,0.74,31.4,0.75,20.0,0.26,31.4,0.25,20.0,0.27,29.44,0.28,15.0,0.01,0.01,2334.725199,1776219205000
1776219206.755,206.755,0.73,39.44,0.72,15.0,0.74,31.04,0.75,20.0,0.26,31.4,0.25,20.0,0.27,29.44,0.28,15.0,0.01,0.01,2334.725199,1776219205000
1776219208.092,208.092,0.73,39.44,0.72,15.0,0.74,31.04,0.75,20.0,0.26,31.04,0.25,20.0,0.27,39.44,0.28,15.0,0.01,0.01,2334.748153,1776219207000
1776219209.277,209.277,0.73,39.44,0.72,15.0,0.74,31.04,0.75,20.0,0.26,31.04,0.25,20.0,0.27,39.44,0.28,15.0,0.01,0.01,2334.723932,1776219208000
1776219209.995,209.995,0.73,34.55,0.72,253.0,0.74,36.04,0.75,15.0,0.26,31.04,0.25,20.0,0.27,39.44,0.28,15.0,0.01,0.01,2334.723932,1776219208000
1776219210.282,210.282,0.73,34.55,0.72,253.0,0.74,36.04,0.75,15.0,0.26,36.04,0.25,15.0,0.27,34.55,0.28,253.0,0.01,0.01,2334.7484,1776219209000
1776219211.483,211.483,0.73,34.55,0.72,253.0,0.74,36.04,0.75,15.0,0.26,36.04,0.25,15.0,0.27,34.55,0.28,253.0,0.01,0.01,2334.726775,1776219210000
1776219212.04,212.04,0.73,24.55,0.72,73.0,0.74,33.0,0.75,15.0,0.26,36.04,0.25,15.0,0.27,34.55,0.28,253.0,0.01,0.01,2334.726775,1776219210000
1776219213.215,213.215,0.73,24.55,0.72,73.0,0.74,33.0,0.75,15.0,0.26,33.0,0.25,15.0,0.27,24.55,0.28,73.0,0.01,0.01,2334.732254,1776219212000
1776219214.376,214.376,0.73,24.55,0.72,73.0,0.74,33.0,0.75,15.0,0.26,33.0,0.25,15.0,0.27,24.55,0.28,73.0,0.01,0.01,2334.732745,1776219213000
1776219215.08,215.08,0.73,24.55,0.72,73.0,0.74,33.0,0.75,15.0,0.26,33.0,0.25,15.0,0.27,24.55,0.28,73.0,0.01,0.01,2334.730345,1776219214000
1776219216.363,216.363,0.73,24.55,0.72,73.0,0.74,33.0,0.75,15.0,0.26,33.0,0.25,15.0,0.27,24.55,0.28,73.0,0.01,0.01,2334.71571,1776219215000
1776219217.341,217.341,0.73,24.55,0.72,73.0,0.74,33.0,0.75,15.0,0.26,33.0,0.25,15.0,0.27,24.55,0.28,73.0,0.01,0.01,2334.715585,1776219216000
1776219218.344,218.344,0.73,24.55,0.72,73.0,0.74,33.0,0.75,15.0,0.26,33.0,0.25,15.0,0.27,24.55,0.28,73.0,0.01,0.01,2334.716469,1776219217000
1776219219.407,219.407,0.73,24.55,0.72,73.0,0.74,33.0,0.75,15.0,0.26,33.0,0.25,15.0,0.27,24.55,0.28,73.0,0.01,0.01,2334.716848,1776219218000
1776219219.869,219.869,0.73,24.55,0.72,73.0,0.74,33.0,0.75,15.0,0.26,33.0,0.25,15.0,0.27,24.55,0.28,73.0,0.01,0.01,2334.716788,1776219219000
1776219220.151,220.151,0.8,6.0,0.79,64.0,0.86,39.9,0.87,221.8,0.26,33.0,0.25,15.0,0.27,24.55,0.28,73.0,0.06,0.01,2334.716788,1776219219000
1776219220.492,220.492,0.84,1.7,0.83,20.0,0.86,115.11,0.87,231.8,0.14,39.9,0.13,221.8,0.2,6.0,0.21,64.0,0.02,0.06,2334.716788,1776219219000
1776219220.696,220.696,0.84,10.0,0.83,0.71,0.85,16.12,0.86,291.84,0.15,10.0,0.14,291.84,0.17,0.71,0.18,10.0,0.01,0.02,2334.716788,1776219219000
1776219221.041,221.041,0.82,7.05,0.81,17.0,0.84,27.25,0.85,10.0,0.16,21.25,0.15,10.0,0.17,0.71,0.18,10.0,0.02,0.01,2334.716788,1776219219000
1776219221.439,221.439,0.83,15.0,0.82,7.05,0.84,21.03,0.85,126.38,0.16,27.25,0.15,10.0,0.18,7.05,0.19,17.0,0.01,0.02,2334.716548,1776219220000
1776219222.08,222.08,0.83,15.0,0.82,7.05,0.84,21.03,0.85,126.38,0.16,21.03,0.15,126.38,0.17,15.0,0.18,7.05,0.01,0.01,2334.821969,1776219221000
1776219223.042,223.042,0.83,15.0,0.82,7.05,0.84,21.03,0.85,126.38,0.16,21.03,0.15,126.38,0.17,15.0,0.18,7.05,0.01,0.01,2334.917967,1776219222000
1776219224.059,224.059,0.83,15.0,0.82,7.05,0.84,21.03,0.85,126.38,0.16,21.03,0.15,126.38,0.17,15.0,0.18,7.05,0.01,0.01,2334.928663,1776219223000
1776219224.396,224.396,0.81,114.0,0.8,16.0,0.83,20.0,0.84,269.03,0.16,21.03,0.15,126.38,0.17,15.0,0.18,7.05,0.02,0.01,2334.928663,1776219223000
1776219224.707,224.707,0.81,138.84,0.8,16.0,0.83,20.0,0.84,269.03,0.17,20.0,0.16,269.03,0.19,114.0,0.2,16.0,0.02,0.02,2334.928663,1776219223000
1776219225.137,225.137,0.81,146.23,0.8,16.0,0.82,20.0,0.83,10.0,0.17,20.0,0.16,269.03,0.19,138.84,0.2,16.0,0.01,0.02,2334.928663,1776219223000
1776219226.081,226.081,0.81,146.23,0.8,16.0,0.82,20.0,0.83,10.0,0.18,20.0,0.17,10.0,0.19,146.23,0.2,16.0,0.01,0.01,2334.96519,1776219225000
1776219226.57,226.57,0.81,321.23,0.8,16.0,0.82,4.93,0.83,10.0,0.18,20.0,0.17,10.0,0.19,146.23,0.2,16.0,0.01,0.01,2334.96519,1776219225000
1776219226.799,226.799,0.81,326.23,0.8,16.0,0.82,2.93,0.83,10.0,0.18,4.93,0.17,10.0,0.19,321.23,0.2,16.0,0.01,0.01,2334.96519,1776219225000
1776219227.066,227.066,0.81,326.23,0.8,16.0,0.82,2.93,0.83,10.0,0.18,2.93,0.17,10.0,0.19,326.23,0.2,16.0,0.01,0.01,2334.937509,1776219226000
1776219228.021,228.021,0.81,326.23,0.8,16.0,0.82,2.93,0.83,10.0,0.18,2.93,0.17,10.0,0.19,326.23,0.2,16.0,0.01,0.01,2334.940858,1776219227000
1776219228.933,228.933,0.81,326.23,0.8,16.0,0.82,2.93,0.83,10.0,0.18,2.93,0.17,10.0,0.19,326.23,0.2,16.0,0.01,0.01,2334.946966,1776219228000
1776219229.543,229.543,0.82,11.0,0.81,309.23,0.83,8.5,0.84,68.0,0.18,2.93,0.17,10.0,0.19,326.23,0.2,16.0,0.01,0.01,2334.946966,1776219228000
1776219230.084,230.084,0.82,11.0,0.81,309.23,0.83,8.5,0.84,68.0,0.17,8.5,0.16,68.0,0.18,11.0,0.19,309.23,0.01,0.01,2334.957024,1776219229000
1776219231.123,231.123,0.82,10.44,0.81,309.23,0.83,23.5,0.84,68.0,0.17,8.5,0.16,68.0,0.18,11.0,0.19,309.23,0.01,0.01,2334.957024,1776219229000
1776219232.353,232.353,0.82,10.44,0.81,309.23,0.83,23.5,0.84,68.0,0.17,23.5,0.16,68.0,0.18,10.44,0.19,309.23,0.01,0.01,2334.943307,1776219231000
1776219232.808,232.808,0.82,22.44,0.81,293.23,0.83,14.88,0.84,68.0,0.17,23.5,0.16,68.0,0.18,10.44,0.19,309.23,0.01,0.01,2334.943307,1776219231000
1776219233.374,233.374,0.82,22.44,0.81,293.23,0.83,14.88,0.84,68.0,0.17,14.88,0.16,68.0,0.18,22.44,0.19,293.23,0.01,0.01,2334.954908,1776219232000
1776219233.914,233.914,0.82,22.44,0.81,293.23,0.83,14.88,0.84,68.0,0.17,14.88,0.16,68.0,0.18,22.44,0.19,293.23,0.01,0.01,2334.957672,1776219233000
1776219234.998,234.998,0.82,22.44,0.81,293.23,0.83,14.88,0.84,68.0,0.17,14.88,0.16,68.0,0.18,22.44,0.19,293.23,0.01,0.01,2334.981853,1776219234000
1776219235.305,235.305,0.83,268.0,0.82,25.44,0.88,10.0,0.89,10.0,0.17,14.88,0.16,68.0,0.18,22.44,0.19,293.23,0.05,0.01,2334.981853,1776219234000
1776219235.685,235.685,0.85,8.0,0.84,19.0,0.86,21.04,0.87,10.0,0.12,10.0,0.11,10.0,0.17,268.0,0.18,25.44,0.01,0.05,2334.981853,1776219234000
1776219236.117,236.117,0.85,8.0,0.84,19.0,0.86,16.19,0.87,10.0,0.14,16.19,0.13,10.0,0.15,8.0,0.16,19.0,0.01,0.01,2334.982136,1776219235000
1776219236.593,236.593,0.86,17.79,0.85,18.0,0.87,10.0,0.88,10.0,0.14,16.19,0.13,10.0,0.15,8.0,0.16,19.0,0.01,0.01,2334.982136,1776219235000
1776219236.848,236.848,0.86,8.5,0.85,10.0,0.87,202.76,0.88,10.0,0.13,10.0,0.12,10.0,0.14,17.79,0.15,18.0,0.01,0.01,2334.982136,1776219235000
1776219237.212,237.212,0.86,8.5,0.85,10.0,0.87,202.76,0.88,10.0,0.13,202.76,0.12,10.0,0.14,8.5,0.15,10.0,0.01,0.01,2334.981651,1776219236000
1776219238.356,238.356,0.86,1.35,0.85,13.0,0.87,212.76,0.88,10.0,0.13,212.76,0.12,10.0,0.14,1.35,0.15,13.0,0.01,0.01,2334.963673,1776219237000
1776219238.912,238.912,0.85,3.72,0.84,19.0,0.87,257.98,0.88,10.0,0.13,189.98,0.12,10.0,0.14,9.35,0.15,5.0,0.02,0.01,2334.963673,1776219237000
1776219239.418,239.418,0.85,3.72,0.84,19.0,0.87,257.98,0.88,10.0,0.13,257.98,0.12,10.0,0.15,3.72,0.16,19.0,0.02,0.02,2334.990191,1776219238000
1776219239.923,239.923,0.85,3.72,0.84,19.0,0.87,257.98,0.88,10.0,0.13,257.98,0.12,10.0,0.15,3.72,0.16,19.0,0.02,0.02,2334.952142,1776219239000
1776219240.47,240.47,0.84,41.0,0.83,73.0,0.85,9.0,0.86,10.0,0.13,257.98,0.12,10.0,0.15,3.72,0.16,19.0,0.01,0.02,2334.952142,1776219239000
1776219241.046,241.046,0.84,41.0,0.83,73.0,0.85,9.0,0.86,10.0,0.15,9.0,0.14,10.0,0.16,41.0,0.17,73.0,0.01,0.01,2334.951949,1776219240000
1776219241.456,241.456,0.77,58.0,0.76,50.0,0.83,223.0,0.84,25.0,0.14,5.0,0.13,72.98,0.16,46.0,0.17,73.0,0.06,0.02,2334.951949,1776219240000
1776219241.673,241.673,0.77,27.21,0.76,10.0,0.78,15.0,0.79,10.0,0.17,218.0,0.16,25.0,0.23,47.21,0.25,20.0,0.01,0.06,2334.951949,1776219240000
1776219241.899,241.899,0.77,42.21,0.76,10.0,0.78,8.58,0.79,10.0,0.22,15.0,0.21,10.0,0.23,27.21,0.24,10.0,0.01,0.01,2334.951949,1776219240000
1776219242.201,242.201,0.77,42.21,0.76,10.0,0.78,8.58,0.79,10.0,0.22,8.58,0.21,10.0,0.23,42.21,0.24,10.0,0.01,0.01,2334.952219,1776219241000
1776219243.742,243.742,0.8,5.0,0.79,15.0,0.81,10.0,0.82,27.0,0.21,7.73,0.2,10.0,0.23,42.21,0.24,15.0,0.01,0.02,2334.952219,1776219241000
1776219244.133,244.133,0.79,20.0,0.78,15.0,0.81,8.0,0.82,27.0,0.19,10.0,0.18,27.0,0.2,5.0,0.21,15.0,0.02,0.01,2334.952219,1776219241000
1776219244.547,244.547,0.8,15.0,0.79,15.0,0.81,8.0,0.82,27.0,0.19,8.0,0.18,27.0,0.21,20.0,0.22,15.0,0.01,0.02,2334.952219,1776219241000
1776219245.424,245.424,0.8,15.0,0.79,15.0,0.81,8.0,0.82,27.0,0.19,8.0,0.18,27.0,0.2,15.0,0.21,15.0,0.01,0.01,2334.837548,1776219244000
1776219245.932,245.932,0.8,15.0,0.79,15.0,0.81,8.0,0.82,27.0,0.19,8.0,0.18,27.0,0.2,15.0,0.21,15.0,0.01,0.01,2334.837579,1776219245000
1776219246.52,246.52,0.8,15.0,0.79,15.0,0.82,85.0,0.83,208.0,0.19,8.0,0.18,27.0,0.2,15.0,0.21,15.0,0.02,0.01,2334.837579,1776219245000
1776219246.971,246.971,0.8,15.0,0.79,15.0,0.82,85.0,0.83,208.0,0.18,85.0,0.17,208.0,0.2,15.0,0.21,15.0,0.02,0.02,2334.818208,1776219246000
1776219247.473,247.473,0.81,10.0,0.8,15.0,0.82,61.78,0.83,208.0,0.18,85.0,0.17,208.0,0.2,15.0,0.21,15.0,0.01,0.02,2334.818208,1776219246000
1776219247.932,247.932,0.81,10.0,0.8,15.0,0.82,64.05,0.83,208.0,0.18,53.63,0.17,208.0,0.19,10.0,0.2,15.0,0.01,0.01,2334.818208,1776219246000
1776219249.125,249.125,0.81,10.0,0.8,15.0,0.82,64.05,0.83,208.0,0.18,64.05,0.17,208.0,0.19,10.0,0.2,15.0,0.01,0.01,2334.820961,1776219248000
1776219250.195,250.195,0.81,10.0,0.8,15.0,0.82,64.05,0.83,208.0,0.18,64.05,0.17,208.0,0.19,10.0,0.2,15.0,0.01,0.01,2334.82094,1776219249000
1776219250.466,250.466,0.74,5.0,0.73,4.55,0.75,0.85,0.76,10.0,0.18,64.05,0.17,208.0,0.19,10.0,0.2,15.0,0.01,0.01,2334.82094,1776219249000
1776219250.779,250.779,0.71,10.0,0.7,58.0,0.72,3.32,0.73,10.0,0.25,0.85,0.24,10.0,0.28,3.7,0.29,65.0,0.01,0.03,2334.82094,1776219249000
1776219251.205,251.205,0.71,20.0,0.7,68.0,0.72,4.93,0.73,10.0,0.28,4.93,0.27,10.0,0.29,20.0,0.3,68.0,0.01,0.01,2334.805,1776219250000
1776219251.461,251.461,0.74,10.88,0.73,15.0,0.75,5.0,0.76,10.0,0.28,4.93,0.27,10.0,0.29,20.0,0.3,68.0,0.01,0.01,2334.805,1776219250000
1776219251.744,251.744,0.74,73.0,0.73,10.0,0.78,195.0,0.79,12.0,0.25,5.0,0.24,10.0,0.26,10.88,0.27,15.0,0.04,0.01,2334.805,1776219250000
1776219252.311,252.311,0.78,7.0,0.77,15.0,0.8,36.0,0.81,65.0,0.21,12.0,0.2,56.0,0.22,2.0,0.23,15.0,0.02,0.01,2334.805,1776219250000
1776219253.025,253.025,0.83,4.11,0.82,10.0,0.84,31.8,0.85,114.2,0.2,10.0,0.19,65.0,0.22,7.0,0.23,15.0,0.01,0.02,2334.779322,1776219251000
1776219253.374,253.374,0.83,4.11,0.82,10.0,0.84,31.8,0.85,114.2,0.16,31.8,0.15,114.2,0.17,4.11,0.18,10.0,0.01,0.01,2334.73936,1776219252000
1776219254.003,254.003,0.83,4.11,0.82,10.0,0.84,31.8,0.85,114.2,0.16,31.8,0.15,114.2,0.17,4.11,0.18,10.0,0.01,0.01,2334.752036,1776219253000
1776219255.027,255.027,0.83,4.11,0.82,10.0,0.84,31.8,0.85,114.2,0.16,31.8,0.15,114.2,0.17,4.11,0.18,10.0,0.01,0.01,2334.755449,1776219254000
1776219256.098,256.098,0.83,4.11,0.82,10.0,0.84,31.8,0.85,114.2,0.16,31.8,0.15,114.2,0.17,4.11,0.18,10.0,0.01,0.01,2334.755354,1776219255000
1776219256.629,256.629,0.85,3.0,0.84,10.0,0.86,103.11,0.87,41.8,0.16,31.8,0.15,114.2,0.17,4.11,0.18,10.0,0.01,0.01,2334.755354,1776219255000
1776219257.085,257.085,0.85,3.0,0.84,10.0,0.86,103.11,0.87,41.8,0.14,103.11,0.13,41.8,0.15,3.0,0.16,10.0,0.01,0.01,2334.75622,1776219256000
1776219257.426,257.426,0.85,5.0,0.84,6.12,0.86,103.11,0.87,221.8,0.14,103.11,0.13,221.8,0.16,6.12,0.17,4.11,0.01,0.02,2334.75622,1776219256000
1776219257.806,257.806,0.84,11.12,0.83,9.11,0.85,8.0,0.86,29.9,0.14,103.11,0.13,221.8,0.15,5.0,0.16,6.12,0.01,0.01,2334.75622,1776219256000
1776219258.159,258.159,0.84,11.12,0.83,9.11,0.85,8.0,0.86,29.9,0.15,8.0,0.14,29.9,0.16,11.12,0.17,9.11,0.01,0.01,2334.774254,1776219257000
1776219259.137,259.137,0.84,11.12,0.83,9.11,0.85,8.0,0.86,29.9,0.15,8.0,0.14,29.9,0.16,11.12,0.17,9.11,0.01,0.01,2334.786986,1776219258000
1776219259.597,259.597,0.9,14.05,0.89,30.0,0.91,128.22,0.92,137.9,0.15,8.0,0.14,29.9,0.16,11.12,0.17,9.11,0.01,0.01,2334.786986,1776219258000
1776219259.886,259.886,0.89,30.0,0.88,30.0,0.9,46.95,0.91,128.22,0.09,128.22,0.08,137.9,0.1,3.05,0.11,30.0,0.01,0.01,2334.786986,1776219258000
1776219260.266,260.266,0.89,30.0,0.88,30.0,0.9,46.95,0.91,128.22,0.1,46.95,0.09,128.22,0.11,30.0,0.12,30.0,0.01,0.01,2334.814413,1776219259000
1776219261.298,261.298,0.89,30.0,0.88,88.0,0.9,50.83,0.91,201.22,0.1,46.95,0.09,128.22,0.11,30.0,0.12,30.0,0.01,0.01,2334.814413,1776219259000
1776219261.841,261.841,0.89,30.0,0.88,83.0,0.9,45.27,0.91,201.22,0.1,50.83,0.09,201.22,0.11,30.0,0.12,88.0,0.01,0.01,2334.958224,1776219260000
1776219262.422,262.422,0.89,15.9,0.88,268.0,0.9,40.27,0.91,201.22,0.1,45.27,0.09,201.22,0.11,30.0,0.12,83.0,0.01,0.01,2334.958224,1776219261000
1776219263.121,263.121,0.89,15.9,0.88,268.0,0.9,40.27,0.91,201.22,0.1,40.27,0.09,201.22,0.11,15.9,0.12,268.0,0.01,0.01,2334.960769,1776219262000
1776219263.357,263.357,0.89,325.9,0.88,30.0,0.9,38.92,0.91,11.22,0.1,40.27,0.09,201.22,0.11,15.9,0.12,268.0,0.01,0.01,2334.960769,1776219262000
1776219264.184,264.184,0.89,325.9,0.88,30.0,0.9,38.92,0.91,11.22,0.1,38.92,0.09,11.22,0.11,325.9,0.12,30.0,0.01,0.01,2334.952395,1776219263000
1776219264.887,264.887,0.89,78.9,0.88,83.0,0.92,113.49,0.93,28.97,0.1,0.92,0.08,118.0,0.11,328.9,0.12,25.0,0.03,0.01,2334.952395,1776219263000
1776219265.217,265.217,0.89,78.9,0.88,83.0,0.92,113.49,0.93,28.97,0.08,113.49,0.07,28.97,0.11,78.9,0.12,83.0,0.03,0.03,2334.96159,1776219264000
1776219266.314,266.314,0.89,78.9,0.88,83.0,0.92,113.49,0.93,28.97,0.08,113.49,0.07,28.97,0.11,78.9,0.12,83.0,0.03,0.03,2334.964096,1776219265000
1776219266.517,266.517,0.91,70.75,0.9,30.0,0.92,66.77,0.93,28.97,0.08,113.49,0.07,28.97,0.11,78.9,0.12,83.0,0.01,0.03,2334.964096,1776219265000
1776219266.9,266.9,0.91,70.75,0.9,30.0,0.92,66.77,0.93,28.97,0.08,66.77,0.07,28.97,0.09,70.75,0.1,30.0,0.01,0.01,2334.964096,1776219266000
1776219268.074,268.074,0.91,70.75,0.9,30.0,0.92,66.77,0.93,28.97,0.08,66.77,0.07,28.97,0.09,70.75,0.1,30.0,0.01,0.01,2334.982207,1776219267000
1776219269.022,269.022,0.91,70.75,0.9,30.0,0.92,66.77,0.93,28.97,0.08,66.77,0.07,28.97,0.09,70.75,0.1,30.0,0.01,0.01,2334.974742,1776219268000
1776219270.061,270.061,0.91,41.0,0.9,152.36,0.92,30.8,0.93,86.97,0.08,51.02,0.07,86.97,0.09,73.75,0.1,60.0,0.01,0.01,2334.974742,1776219268000
1776219270.315,270.315,0.91,36.0,0.9,152.36,0.92,14.06,0.93,86.97,0.08,30.8,0.07,86.97,0.09,41.0,0.1,152.36,0.01,0.01,2334.970403,1776219269000
1776219270.706,270.706,0.91,36.0,0.9,152.36,0.93,84.88,0.94,22.15,0.08,12.97,0.07,86.97,0.09,36.0,0.1,152.36,0.02,0.01,2334.970403,1776219269000
1776219271.126,271.126,0.91,36.0,0.9,152.36,0.93,84.88,0.94,22.15,0.07,84.88,0.06,22.15,0.09,36.0,0.1,152.36,0.02,0.02,2334.969963,1776219270000
1776219271.68,271.68,0.93,49.0,0.92,145.49,0.94,6.86,0.95,35.93,0.07,84.88,0.06,22.15,0.09,36.0,0.1,152.36,0.01,0.02,2334.969963,1776219270000
1776219272.017,272.017,0.94,102.0,0.93,130.0,0.95,12.79,0.96,30.0,0.05,22.79,0.04,30.0,0.07,154.0,0.08,99.49,0.01,0.02,2334.969963,1776219270000
1776219272.344,272.344,0.94,107.0,0.93,130.0,0.95,4.36,0.96,30.0,0.05,4.36,0.04,30.0,0.06,107.0,0.07,130.0,0.01,0.01,2334.969191,1776219271000
1776219272.658,272.658,0.94,170.0,0.93,72.0,0.95,2.25,0.96,30.0,0.05,4.36,0.04,30.0,0.06,107.0,0.07,130.0,0.01,0.01,2334.969191,1776219271000
1776219273.154,273.154,0.94,130.0,0.93,150.29,0.96,27.01,0.97,407.7,0.05,2.25,0.04,30.0,0.06,170.0,0.07,72.0,0.02,0.01,2334.969191,1776219271000
1776219273.38,273.38,0.95,53.0,0.94,59.0,0.96,6.17,0.97,226.0,0.04,6.17,0.03,226.0,0.05,53.0,0.06,59.0,0.01,0.01,2334.969872,1776219272000
1776219273.62,273.62,0.96,31.05,0.95,103.0,0.97,212.17,0.98,483.7,0.03,212.17,0.02,483.7,0.05,121.0,0.06,131.79,0.01,0.02,2334.969872,1776219272000
1776219273.907,273.907,0.96,36.05,0.95,103.0,0.97,182.17,0.98,483.7,0.03,182.17,0.02,483.7,0.04,36.05,0.05,103.0,0.01,0.01,2335.11504,1776219273000
1776219274.162,274.162,0.96,104.05,0.95,153.79,0.97,185.52,0.98,483.7,0.03,162.17,0.02,483.7,0.04,99.05,0.05,153.79,0.01,0.01,2335.11504,1776219273000
1776219274.707,274.707,0.96,180.09,0.95,153.79,0.97,190.52,0.98,483.7,0.03,185.52,0.02,483.7,0.04,104.05,0.05,153.79,0.01,0.01,2335.11504,1776219273000
1776219274.911,274.911,0.96,180.09,0.95,153.79,0.97,190.52,0.98,483.7,0.03,190.52,0.02,483.7,0.04,180.09,0.05,153.79,0.01,0.01,2335.193951,1776219274000
1776219275.335,275.335,0.95,21.58,0.94,15.0,0.97,190.52,0.98,300.0,0.03,190.52,0.02,483.7,0.04,180.09,0.05,153.79,0.02,0.01,2335.193951,1776219274000
1776219275.629,275.629,0.94,6.58,0.93,20.0,0.96,11.86,0.97,243.52,0.04,12.91,0.03,185.52,0.06,6.58,0.07,20.0,0.02,0.02,2335.193951,1776219274000
1776219276.037,276.037,0.94,6.58,0.93,20.0,0.96,11.86,0.97,243.52,0.04,11.86,0.03,243.52,0.06,6.58,0.07,20.0,0.02,0.02,2335.312227,1776219275000
1776219276.644,276.644,0.95,184.57,0.94,16.58,0.96,11.65,0.97,243.52,0.04,11.86,0.03,243.52,0.06,6.58,0.07,20.0,0.01,0.02,2335.312227,1776219275000
1776219277.049,277.049,0.95,184.57,0.94,16.58,0.96,11.65,0.97,243.52,0.04,11.65,0.03,243.52,0.05,184.57,0.06,16.58,0.01,0.01,2335.286567,1776219276000
1776219277.627,277.627,0.94,74.0,0.93,5.0,0.95,10.0,0.96,8.43,0.04,13.43,0.03,243.52,0.05,184.57,0.06,16.58,0.01,0.01,2335.286567,1776219276000
1776219277.865,277.865,0.91,10.0,0.9,15.0,0.92,2.0,0.93,10.0,0.05,15.0,0.04,8.43,0.1,15.0,0.11,15.0,0.01,0.05,2335.286567,1776219276000
1776219279.043,279.043,0.91,10.0,0.9,15.0,0.92,2.0,0.93,10.0,0.08,2.0,0.07,10.0,0.09,10.0,0.1,15.0,0.01,0.01,2335.186302,1776219278000
1776219279.644,279.644,0.87,17.99,0.86,108.0,0.89,15.0,0.9,10.0,0.08,2.0,0.07,10.0,0.09,10.0,0.1,15.0,0.02,0.01,2335.186302,1776219278000
1776219280.033,280.033,0.87,17.99,0.86,108.0,0.89,15.0,0.9,10.0,0.11,15.0,0.1,10.0,0.13,17.99,0.14,108.0,0.02,0.02,2335.071181,1776219279000
1776219280.474,280.474,0.88,20.27,0.87,54.72,0.9,36.61,0.91,10.0,0.1,4.47,0.09,10.0,0.11,20.0,0.12,20.0,0.02,0.01,2335.071181,1776219279000
1776219280.733,280.733,0.89,15.0,0.88,15.0,0.9,25.48,0.92,44.0,0.1,36.61,0.09,10.0,0.12,20.27,0.13,54.72,0.01,0.02,2335.071181,1776219279000
1776219280.976,280.976,0.89,8.18,0.88,15.0,0.9,25.48,0.92,44.0,0.1,25.48,0.08,44.0,0.11,8.18,0.12,15.0,0.01,0.01,2335.020198,1776219280000
1776219281.342,281.342,0.89,179.56,0.88,26.72,0.94,9.92,0.95,10.0,0.1,25.48,0.08,44.0,0.11,8.18,0.12,15.0,0.05,0.01,2335.020198,1776219280000
1776219281.892,281.892,0.89,141.38,0.88,10.0,0.9,10.0,0.91,60.0,0.06,9.92,0.05,10.0,0.11,179.56,0.12,26.72,0.01,0.05,2335.020198,1776219280000
1776219282.123,282.123,0.89,130.38,0.88,10.0,0.9,10.0,0.91,60.0,0.1,10.0,0.09,60.0,0.11,130.38,0.12,10.0,0.01,0.01,2334.943494,1776219281000
1776219282.867,282.867,0.9,30.0,0.89,85.98,0.91,45.1,0.92,10.0,0.1,10.0,0.09,60.0,0.11,75.38,0.12,10.0,0.01,0.01,2334.943494,1776219281000
1776219283.178,283.178,0.9,185.42,0.89,20.6,0.91,9.65,0.92,20.0,0.09,43.89,0.08,10.0,0.1,30.0,0.11,85.98,0.01,0.01,2334.952705,1776219282000
1776219283.467,283.467,0.9,180.42,0.89,20.6,0.93,8.6,0.94,9.92,0.09,2.8,0.08,20.0,0.1,185.42,0.11,20.6,0.03,0.01,2334.952705,1776219282000
1776219283.741,283.741,0.91,20.2,0.9,180.42,0.92,0.42,0.93,21.11,0.07,6.11,0.06,9.92,0.1,185.42,0.11,20.6,0.01,0.03,2334.952705,1776219282000
1776219284.031,284.031,0.91,20.2,0.9,180.42,0.93,16.74,0.94,9.92,0.07,16.74,0.06,9.92,0.09,20.2,0.1,180.42,0.02,0.02,2334.90665,1776219283000
1776219284.62,284.62,0.93,35.2,0.92,174.0,0.94,6.31,0.95,10.0,0.06,8.76,0.05,10.0,0.08,179.0,0.09,20.2,0.01,0.02,2334.90665,1776219283000
1776219284.907,284.907,0.94,15.0,0.93,30.2,0.95,5.32,0.96,58.43,0.06,6.31,0.05,10.0,0.07,35.2,0.08,174.0,0.01,0.01,2334.90665,1776219283000
1776219285.386,285.386,0.94,152.89,0.93,30.2,0.96,58.43,0.97,317.52,0.05,5.32,0.04,58.43,0.06,15.0,0.07,30.2,0.02,0.01,2334.872522,1776219284000
1776219285.814,285.814,0.94,162.89,0.93,20.2,0.96,48.43,0.97,317.52,0.04,58.43,0.03,317.52,0.06,152.89,0.07,30.2,0.02,0.02,2334.872522,1776219284000
1776219286.4,286.4,0.95,25.2,0.94,157.89,0.96,8.35,0.97,317.52,0.04,43.43,0.03,317.52,0.05,15.0,0.06,162.89,0.01,0.01,2334.872522,1776219284000
1776219286.725,286.725,0.95,20.2,0.94,157.89,0.97,297.97,0.98,250.0,0.03,306.1,0.02,250.0,0.05,25.2,0.06,157.89,0.02,0.02,2334.832688,1776219285000
1776219287.078,287.078,0.95,6.8,0.94,157.89,0.97,355.97,0.98,250.0,0.03,297.97,0.02,250.0,0.05,20.2,0.06,157.89,0.02,0.02,2334.832688,1776219285000
1776219287.378,287.378,0.95,10.0,0.94,123.55,0.96,3.07,0.97,221.66,0.03,223.97,0.02,400.0,0.06,123.55,0.07,10.0,0.01,0.03,2334.832688,1776219285000
1776219287.883,287.883,0.95,10.0,0.94,123.55,0.97,204.7,0.98,400.0,0.03,209.7,0.02,400.0,0.05,15.0,0.06,123.55,0.02,0.02,2334.796876,1776219286000
1776219288.135,288.135,0.95,175.66,0.94,15.0,0.97,183.92,0.98,400.0,0.03,183.92,0.02,400.0,0.05,175.66,0.06,15.0,0.02,0.02,2334.756226,1776219287000
1776219288.439,288.439,0.96,10.0,0.95,170.66,0.97,163.18,0.98,400.0,0.03,171.82,0.02,400.0,0.05,170.66,0.06,15.0,0.01,0.02,2334.756226,1776219287000
1776219288.976,288.976,0.96,10.0,0.95,170.66,0.97,156.29,0.98,400.0,0.03,161.45,0.02,400.0,0.04,10.0,0.05,170.66,0.01,0.01,2334.756226,1776219287000
1776219289.396,289.396,0.96,10.0,0.95,170.66,0.97,153.18,0.98,400.0,0.03,156.29,0.02,400.0,0.04,10.0,0.05,170.66,0.01,0.01,2334.756226,1776219287000
1776219290.147,290.147,0.96,10.0,0.95,170.66,0.97,153.18,0.98,400.0,0.03,153.18,0.02,400.0,0.04,10.0,0.05,170.66,0.01,0.01,2334.752094,1776219289000
1776219290.506,290.506,0.96,15.0,0.95,15.0,0.97,138.02,0.98,195.0,0.03,148.02,0.02,250.0,0.04,15.0,0.05,15.0,0.01,0.01,2334.752094,1776219289000
1776219290.924,290.924,0.96,14.88,0.95,15.0,0.97,134.73,0.98,195.0,0.03,138.02,0.02,195.0,0.04,14.88,0.05,15.0,0.01,0.01,2334.752094,1776219289000
1776219291.434,291.434,0.96,19.88,0.95,15.0,0.97,61.74,0.98,185.0,0.03,134.73,0.02,195.0,0.04,14.88,0.05,15.0,0.01,0.01,2334.752094,1776219289000
1776219291.91,291.91,0.96,19.88,0.95,15.0,0.97,58.69,0.98,185.0,0.03,58.69,0.02,185.0,0.04,19.88,0.05,15.0,0.01,0.01,2334.745371,1776219291000
1776219292.283,292.283,0.96,14.88,0.95,15.0,0.97,56.69,0.98,185.0,0.03,58.69,0.02,185.0,0.04,19.88,0.05,15.0,0.01,0.01,2334.745371,1776219291000
1776219292.909,292.909,0.96,116.87,0.95,73.99,0.97,19.92,0.98,185.0,0.03,56.69,0.02,185.0,0.04,14.88,0.05,15.0,0.01,0.01,2334.745371,1776219291000
1776219293.47,293.47,0.97,101.99,0.96,79.88,0.98,212.46,0.99,1381.0,0.02,164.82,0.01,1381.0,0.03,48.72,0.04,84.88,0.01,0.01,2334.777648,1776219292000
1776219293.907,293.907,0.97,106.99,0.96,79.88,0.98,200.34,0.99,1381.0,0.02,212.46,0.01,1381.0,0.03,101.99,0.04,79.88,0.01,0.01,2334.777648,1776219292000
1776219294.128,294.128,0.97,106.99,0.96,79.88,0.98,200.34,0.99,1381.0,0.02,200.34,0.01,1381.0,0.03,106.99,0.04,79.88,0.01,0.01,2334.812864,1776219293000
1776219294.656,294.656,0.97,139.99,0.96,62.88,0.98,164.98,0.99,1221.0,0.02,200.34,0.01,1381.0,0.03,106.99,0.04,79.88,0.01,0.01,2334.812864,1776219293000
1776219294.899,294.899,0.97,139.99,0.96,62.88,0.98,158.71,0.99,1250.0,0.02,164.98,0.01,1221.0,0.03,139.99,0.04,62.88,0.01,0.01,2334.812864,1776219293000
1776219295.21,295.21,0.97,134.99,0.96,62.88,0.98,138.3,0.99,1150.0,0.02,158.71,0.01,1250.0,0.03,139.99,0.04,62.88,0.01,0.01,2334.812864,1776219293000
1776219295.511,295.511,0.97,271.99,0.96,62.88,0.98,114.85,0.99,1150.0,0.02,117.89,0.01,1150.0,0.03,137.99,0.04,62.88,0.01,0.01,2334.870919,1776219294000
1776219295.817,295.817,0.97,271.99,0.96,62.88,0.99,1144.21,,,0.02,63.85,0.01,1150.0,0.03,271.99,0.04,62.88,0.02,0.01,2334.870919,1776219294000
1776219296.266,296.266,0.97,271.99,0.96,62.88,0.99,1144.21,,,0.01,1144.21,,,0.03,271.99,0.04,62.88,0.02,0.02,2335.01799,1776219295000
1776219296.483,296.483,0.98,242.99,0.97,18.0,0.99,1143.09,,,0.02,23.22,0.01,1144.21,0.03,312.99,0.04,48.88,0.01,0.01,2335.01799,1776219295000
1776219296.744,296.744,0.98,237.99,0.97,85.0,0.99,1090.59,,,0.01,1143.09,,,0.02,242.99,0.03,18.0,0.01,0.01,2335.01799,1776219295000
1776219297.359,297.359,0.98,237.99,0.97,85.0,0.99,89.57,,,0.01,89.57,,,0.02,237.99,0.03,85.0,0.01,0.01,2335.051047,1776219296000
1776219297.625,297.625,0.99,1937.86,0.98,78.37,,,,,,,,,0.01,1940.91,0.02,78.37,,,2335.051047,1776219296000
1776219297.96,297.96,0.99,1847.17,0.98,119.99,,,,,,,,,0.01,1947.17,0.02,119.99,,,2335.051047,1776219296000
1776219299.228,299.228,0.99,1847.17,0.98,119.99,,,,,,,,,0.01,1847.17,0.02,119.99,,,2335.133272,1776219298000
1776219300.373,300.373,0.99,1847.17,0.98,119.99,,,,,,,,,0.01,1847.17,0.02,119.99,,,2335.262723,1776219299000
1776219300.988,300.988,0.99,1847.17,0.98,119.99,,,,,,,,,0.01,1847.17,0.02,119.99,,,2335.262773,1776219300000
1776219302.232,302.232,0.99,1847.17,0.98,119.99,,,,,,,,,0.01,1847.17,0.02,119.99,,,2335.287,1776219301000

# RESULT,winner=Up,slug=eth-updown-5m-1776219000,ticks=508
