timestamp,elapsed_sec,up_bid_p1,up_bid_s1,up_bid_p2,up_bid_s2,up_ask_p1,up_ask_s1,up_ask_p2,up_ask_s2,down_bid_p1,down_bid_s1,down_bid_p2,down_bid_s2,down_ask_p1,down_ask_s1,down_ask_p2,down_ask_s2,up_spread,down_spread,eth_price,eth_oracle_ts
1776296400.856,0.856,0.53,21.06,0.52,197.3,0.54,10.0,0.6,38.0,0.46,10.0,0.45,5.0,0.47,22.35,0.48,197.3,0.01,0.01,2352.037761,1776296399000
1776296401.221,1.221,0.53,10.42,0.52,5.0,0.54,10.0,0.67,300.0,0.46,10.0,0.4,38.0,0.47,21.06,0.48,197.3,0.01,0.01,2352.037761,1776296399000
1776296402.532,2.532,0.53,18.29,0.52,5.0,0.54,5.0,0.55,5.0,0.46,10.0,0.33,300.0,0.47,8.29,0.48,5.0,0.01,0.01,2351.878746,1776296401000
1776296403.333,3.333,0.53,18.29,0.52,21.0,0.54,5.0,0.55,10.0,0.46,5.0,0.45,5.0,0.47,18.29,0.48,5.0,0.01,0.01,2351.751719,1776296402000
1776296404.231,4.231,0.53,24.29,0.52,33.61,0.54,10.0,0.55,15.0,0.45,10.0,0.44,5.0,0.47,18.29,0.48,33.61,0.01,0.02,2351.751719,1776296402000
1776296404.801,4.801,0.53,29.29,0.52,33.61,0.54,5.0,0.55,10.0,0.46,10.0,0.45,15.0,0.47,24.29,0.48,33.61,0.01,0.01,2351.748855,1776296403000
1776296406.366,6.366,0.53,24.29,0.52,38.61,0.54,12.92,0.55,25.0,0.45,10.0,0.44,15.0,0.47,24.29,0.48,33.61,0.01,0.02,2352.003838,1776296405000
1776296407.653,7.653,0.53,6.16,0.52,32.61,0.54,37.92,0.55,25.0,0.46,12.92,0.45,25.0,0.47,24.29,0.48,38.61,0.01,0.01,2352.068363,1776296406000
1776296407.935,7.935,0.53,6.16,0.52,39.61,0.54,32.36,0.55,25.0,0.46,37.92,0.45,25.0,0.47,6.16,0.48,32.61,0.01,0.01,2352.068363,1776296406000
1776296409.198,9.198,0.53,16.16,0.52,49.61,0.54,11.73,0.55,25.0,0.46,32.36,0.45,25.0,0.47,6.16,0.48,39.61,0.01,0.01,2352.084204,1776296407000
1776296409.863,9.863,0.54,35.1,0.53,21.16,0.55,35.0,0.56,26.0,0.46,4.9,0.45,35.0,0.47,16.16,0.48,44.61,0.01,0.01,2352.076935,1776296408000
1776296410.339,10.339,0.54,98.38,0.53,16.16,0.55,15.5,0.56,47.0,0.45,35.0,0.44,26.0,0.46,35.1,0.47,21.16,0.01,0.01,2352.076935,1776296408000
1776296410.635,10.635,0.54,117.88,0.53,26.66,0.55,10.5,0.56,37.0,0.45,15.5,0.44,47.0,0.46,98.38,0.47,16.16,0.01,0.01,2351.992658,1776296409000
1776296411.057,11.057,0.54,117.88,0.53,37.66,0.56,2.29,0.57,51.0,0.45,10.5,0.44,37.0,0.46,117.88,0.47,26.66,0.02,0.01,2351.991737,1776296410000
1776296411.95,11.95,0.54,117.88,0.53,53.66,0.55,27.32,0.56,10.0,0.44,2.29,0.43,51.0,0.46,117.88,0.47,37.66,0.01,0.02,2351.991737,1776296410000
1776296412.285,12.285,0.54,138.38,0.53,63.66,0.55,5.0,0.56,10.5,0.45,27.32,0.44,10.0,0.46,117.88,0.47,53.66,0.01,0.01,2352.039814,1776296411000
1776296413.309,13.309,0.57,15.0,0.56,80.0,0.59,25.0,0.6,25.0,0.44,10.5,0.43,46.0,0.46,138.38,0.47,63.66,0.02,0.02,2352.039814,1776296411000
1776296413.687,13.687,0.62,4.34,0.61,10.0,0.63,96.0,0.64,11.0,0.41,25.0,0.4,25.0,0.43,15.0,0.44,80.0,0.01,0.02,2352.126438,1776296412000
1776296413.95,13.95,0.61,8.72,0.6,15.0,0.63,91.0,0.64,11.0,0.37,96.0,0.36,11.0,0.38,4.34,0.39,10.0,0.02,0.01,2352.126438,1776296412000
1776296414.392,14.392,0.62,10.0,0.61,24.72,0.63,41.0,0.64,11.0,0.37,91.0,0.36,11.0,0.39,8.72,0.4,15.0,0.01,0.02,2352.126438,1776296412000
1776296415.675,15.675,0.62,5.0,0.61,28.72,0.63,58.5,0.64,30.0,0.37,41.0,0.36,11.0,0.38,5.0,0.39,24.72,0.01,0.01,2352.237236,1776296413000
1776296416.154,16.154,0.62,16.0,0.61,23.72,0.63,63.5,0.64,30.0,0.37,58.5,0.36,30.0,0.38,5.0,0.39,28.72,0.01,0.01,2352.41305,1776296414000
1776296418.051,18.051,0.62,12.57,0.61,23.72,0.63,58.03,0.64,30.0,0.37,59.53,0.36,30.0,0.38,21.0,0.39,23.72,0.01,0.01,2352.49882,1776296416000
1776296419.105,19.105,0.62,5.0,0.61,15.0,0.63,72.06,0.64,35.0,0.37,58.03,0.36,30.0,0.38,12.57,0.39,23.72,0.01,0.01,2352.491297,1776296417000
1776296419.352,19.352,0.61,10.0,0.6,20.0,0.63,93.06,0.64,45.0,0.37,72.06,0.36,35.0,0.38,5.0,0.39,15.0,0.02,0.01,2352.491297,1776296418000
1776296421.011,21.011,0.6,35.0,0.59,25.0,0.61,29.4,0.62,52.5,0.37,93.06,0.36,45.0,0.39,10.0,0.4,20.0,0.01,0.02,2352.48809,1776296419000
1776296423.388,23.388,0.6,20.0,0.59,25.0,0.61,97.3,0.62,164.5,0.39,29.4,0.38,52.5,0.4,35.0,0.41,25.0,0.01,0.01,2352.370071,1776296422000
1776296432.709,32.709,0.57,80.5,0.56,45.5,0.58,23.0,0.59,49.0,0.39,97.3,0.38,164.5,0.4,20.0,0.41,25.0,0.01,0.01,2352.199985,1776296430000
1776296433.787,33.787,0.56,20.0,0.55,45.5,0.58,131.0,0.59,105.5,0.42,23.0,0.41,49.0,0.43,80.5,0.44,45.5,0.02,0.01,2352.159004,1776296432000
1776296439.246,39.246,0.55,56.11,0.54,90.0,0.56,35.0,0.57,45.0,0.44,20.0,0.43,60.0,0.45,38.34,0.46,70.0,0.01,0.01,2352.123603,1776296438000
1776296441.814,41.814,0.55,61.11,0.54,106.0,0.56,14.46,0.57,45.0,0.44,35.0,0.43,45.0,0.45,56.11,0.46,90.0,0.01,0.01,2352.119613,1776296440000
1776296444.248,44.248,0.55,56.11,0.54,95.0,0.56,17.67,0.57,45.0,0.44,14.46,0.43,45.0,0.45,61.11,0.46,106.0,0.01,0.01,2352.157752,1776296443000
1776296451.36,51.36,0.55,70.5,0.54,106.5,0.56,17.31,0.57,67.0,0.44,17.67,0.43,45.0,0.45,56.11,0.46,95.0,0.01,0.01,2352.161007,1776296450000
1776296456.562,56.562,0.55,60.0,0.54,106.5,0.56,12.31,0.57,87.5,0.44,17.31,0.43,67.0,0.45,70.5,0.46,106.5,0.01,0.01,2352.111246,1776296455000
1776296456.831,56.831,0.55,60.0,0.54,105.5,0.56,12.31,0.57,87.5,0.44,12.31,0.43,87.5,0.45,60.0,0.46,106.5,0.01,0.01,2352.111246,1776296455000
1776296461.506,61.506,0.55,55.0,0.54,90.5,0.56,45.0,0.57,97.0,0.44,12.31,0.43,87.5,0.45,60.0,0.46,105.5,0.01,0.01,2352.111246,1776296455000
1776296461.744,61.744,0.54,35.0,0.53,25.0,0.56,152.5,0.57,123.0,0.44,45.0,0.43,97.0,0.45,55.0,0.46,90.5,0.02,0.01,2352.111246,1776296455000
1776296461.962,61.962,0.52,166.61,0.51,207.36,0.54,156.5,0.55,135.5,0.45,30.5,0.44,147.5,0.47,25.0,0.48,172.61,0.02,0.02,2352.111246,1776296455000
1776296463.535,63.535,0.51,212.36,0.5,45.4,0.53,122.5,0.54,106.5,0.46,156.5,0.45,135.5,0.48,166.61,0.49,207.36,0.02,0.02,2352.111246,1776296455000
1776296464.66,64.66,0.51,188.77,0.5,50.4,0.52,108.0,0.53,58.5,0.48,15.0,0.47,112.5,0.49,202.36,0.5,50.4,0.01,0.01,2352.00372,1776296463000
1776296464.999,64.999,0.51,132.22,0.5,50.4,0.52,135.0,0.53,83.5,0.48,130.0,0.47,58.5,0.49,197.22,0.5,50.4,0.01,0.01,2352.00372,1776296463000
1776296465.548,65.548,0.5,50.4,0.49,150.0,0.52,135.0,0.53,83.5,0.48,135.0,0.47,83.5,0.49,132.22,0.5,50.4,0.02,0.01,2351.958916,1776296464000
1776296466.472,66.472,0.49,150.0,0.48,205.0,0.51,50.0,0.52,70.0,0.48,135.0,0.47,83.5,0.5,50.4,0.51,150.0,0.02,0.02,2351.947155,1776296465000
1776296467.346,67.346,0.49,177.0,0.48,215.0,0.53,25.0,0.55,5.0,0.49,50.0,0.48,70.0,0.51,150.0,0.52,205.0,0.04,0.02,2351.922013,1776296466000
1776296468.045,68.045,0.5,29.14,0.49,206.5,0.53,35.0,0.56,24.6,0.47,25.0,0.45,5.0,0.51,177.0,0.52,215.0,0.03,0.04,2351.922013,1776296466000
1776296469.447,69.447,0.49,175.5,0.48,215.0,0.51,35.0,0.52,50.0,0.47,35.0,0.44,24.6,0.5,7.24,0.51,206.5,0.02,0.03,2351.865247,1776296468000
1776296470.695,70.695,0.5,63.5,0.49,190.5,0.51,18.9,0.52,5.0,0.49,35.0,0.48,50.0,0.51,175.5,0.52,215.0,0.01,0.02,2352.012831,1776296469000
1776296472.507,72.507,0.53,86.5,0.52,40.5,0.55,29.5,0.56,105.1,0.48,5.0,0.45,69.5,0.5,78.5,0.51,190.5,0.02,0.02,2351.945335,1776296471000
1776296473.205,73.205,0.54,78.69,0.53,92.5,0.55,24.5,0.56,84.6,0.45,29.5,0.44,105.1,0.47,86.5,0.48,40.5,0.01,0.02,2351.981198,1776296472000
1776296473.991,73.991,0.56,5.0,0.55,62.5,0.57,132.5,0.58,15.0,0.45,24.5,0.44,84.6,0.46,78.69,0.47,92.5,0.01,0.01,2352.034461,1776296473000
1776296476.479,76.479,0.55,73.67,0.54,76.5,0.56,35.5,0.57,150.5,0.43,137.5,0.42,15.0,0.44,5.0,0.45,57.5,0.01,0.01,2352.091039,1776296475000
1776296481.073,81.073,0.49,6.07,0.48,290.0,0.5,274.5,0.51,82.0,0.44,35.5,0.43,150.5,0.45,73.67,0.46,76.5,0.01,0.01,2351.98005,1776296479000
1776296481.732,81.732,0.46,286.94,0.45,175.0,0.49,149.0,0.5,311.5,0.5,274.5,0.49,82.0,0.52,290.0,0.53,85.0,0.03,0.02,2351.86106,1776296480000
1776296482.391,82.391,0.45,175.0,0.44,160.0,0.46,48.06,0.47,47.0,0.51,149.0,0.5,311.5,0.54,286.94,0.55,175.0,0.01,0.03,2351.601755,1776296481000
1776296483.738,83.738,0.36,4.01,0.34,5.0,0.37,146.0,0.38,15.0,0.54,48.06,0.53,47.0,0.55,175.0,0.56,160.0,0.01,0.01,2350.998371,1776296482000
1776296483.938,83.938,0.31,7.0,0.3,5.0,0.37,151.0,0.38,15.0,0.63,151.0,0.62,15.0,0.66,5.0,0.68,5.0,0.06,0.03,2350.998371,1776296482000
1776296484.237,84.237,0.33,14.0,0.32,5.0,0.37,3.1,0.38,10.0,0.63,151.0,0.62,15.0,0.69,7.0,0.7,5.0,0.04,0.06,2350.859543,1776296483000
1776296484.896,84.896,0.34,43.5,0.33,43.85,0.35,17.0,0.36,15.0,0.62,10.0,0.61,10.0,0.67,12.35,0.68,5.0,0.01,0.05,2350.859543,1776296483000
1776296485.302,85.302,0.31,7.5,0.3,10.5,0.34,74.5,0.35,47.5,0.65,17.0,0.64,15.0,0.66,43.5,0.67,43.85,0.03,0.01,2350.879413,1776296484000
1776296485.624,85.624,0.27,10.4,0.26,11.0,0.28,25.0,0.29,20.0,0.72,35.0,0.71,20.0,0.73,43.4,0.74,11.0,0.01,0.01,2350.879413,1776296484000
1776296486.456,86.456,0.32,22.08,0.31,15.5,0.33,30.0,0.34,30.0,0.72,25.0,0.71,20.0,0.73,15.4,0.74,11.0,0.01,0.01,2350.94334,1776296485000
1776296489.414,89.414,0.32,29.89,0.31,15.5,0.33,20.82,0.34,101.0,0.67,24.62,0.66,30.0,0.68,40.89,0.69,15.5,0.01,0.01,2350.847055,1776296488000
1776296489.731,89.731,0.32,34.89,0.31,15.5,0.33,18.78,0.34,101.0,0.67,20.82,0.66,101.0,0.68,29.89,0.69,15.5,0.01,0.01,2350.847055,1776296488000
1776296489.938,89.938,0.32,30.89,0.31,15.5,0.33,55.0,0.34,101.0,0.67,18.78,0.66,101.0,0.68,34.89,0.69,15.5,0.01,0.01,2350.847055,1776296488000
1776296490.508,90.508,0.32,36.89,0.31,15.5,0.33,55.0,0.34,101.0,0.67,55.0,0.66,101.0,0.68,30.89,0.69,15.5,0.01,0.01,2350.867871,1776296489000
1776296490.89,90.89,0.32,36.81,0.31,65.5,0.33,5.0,0.34,66.0,0.67,55.0,0.66,101.0,0.68,36.89,0.69,15.5,0.01,0.01,2350.867871,1776296489000
1776296491.11,91.11,0.32,116.5,0.31,65.0,0.34,15.0,0.35,80.69,0.66,21.0,0.65,80.69,0.68,106.5,0.69,75.0,0.02,0.02,2350.867871,1776296489000
1776296491.386,91.386,0.34,96.5,0.33,109.5,0.35,60.69,0.36,51.0,0.65,71.69,0.64,59.0,0.66,33.5,0.67,81.5,0.01,0.01,2350.871176,1776296490000
1776296491.792,91.792,0.35,28.5,0.34,43.5,0.36,24.0,0.37,125.0,0.65,5.69,0.64,40.0,0.66,61.5,0.67,153.5,0.01,0.01,2350.871176,1776296490000
1776296492.16,92.16,0.34,5.0,0.33,18.0,0.36,206.0,0.37,193.0,0.64,24.0,0.63,125.0,0.65,28.5,0.66,43.5,0.02,0.01,2350.871176,1776296490000
1776296492.577,92.577,0.32,1.95,0.31,8.0,0.33,15.0,0.34,21.0,0.64,206.0,0.63,193.0,0.66,5.0,0.67,18.0,0.01,0.02,2350.862095,1776296491000
1776296492.873,92.873,0.31,18.5,0.3,5.0,0.33,43.0,0.34,21.0,0.67,15.0,0.66,21.0,0.68,1.95,0.69,8.0,0.02,0.01,2350.862095,1776296491000
1776296494.456,94.456,0.31,70.5,0.3,75.9,0.32,44.0,0.33,25.0,0.67,43.0,0.66,21.0,0.69,18.5,0.7,5.0,0.01,0.02,2351.039929,1776296493000
1776296494.977,94.977,0.31,70.5,0.3,75.9,0.33,22.0,0.34,16.0,0.68,2.0,0.67,25.0,0.69,70.5,0.7,75.9,0.02,0.01,2351.039929,1776296493000
1776296496.519,96.519,0.31,47.5,0.3,49.1,0.33,66.0,0.34,30.0,0.67,36.96,0.66,16.0,0.68,25.5,0.69,47.0,0.02,0.01,2350.987998,1776296495000
1776296497.819,97.819,0.31,42.15,0.3,64.6,0.32,50.0,0.33,25.0,0.67,66.0,0.66,30.0,0.69,47.5,0.7,49.1,0.01,0.02,2351.001195,1776296496000
1776296499.488,99.488,0.3,56.83,0.29,53.5,0.32,25.0,0.33,20.0,0.68,50.0,0.67,25.0,0.69,42.15,0.7,64.6,0.02,0.01,2350.900726,1776296498000
1776296500.523,100.523,0.3,81.5,0.29,58.5,0.31,16.0,0.32,25.0,0.68,25.0,0.67,20.0,0.7,56.83,0.71,53.5,0.01,0.02,2350.885915,1776296499000
1776296502.648,102.648,0.3,71.5,0.29,58.5,0.31,26.0,0.32,15.0,0.69,16.0,0.68,25.0,0.7,81.5,0.71,58.5,0.01,0.01,2350.925029,1776296501000
1776296503.845,103.845,0.3,65.5,0.29,41.0,0.31,31.0,0.32,15.0,0.69,26.0,0.68,15.0,0.7,71.5,0.71,58.5,0.01,0.01,2350.888416,1776296502000
1776296504.279,104.279,0.3,70.5,0.29,41.0,0.31,15.0,0.32,15.0,0.69,31.0,0.68,15.0,0.7,65.5,0.71,41.0,0.01,0.01,2350.952954,1776296503000
1776296505.535,105.535,0.3,56.0,0.29,51.5,0.31,21.77,0.32,15.0,0.69,5.0,0.68,15.0,0.7,70.5,0.71,41.0,0.01,0.01,2350.952954,1776296503000
1776296510.526,110.526,0.3,96.83,0.29,51.0,0.32,4.0,0.33,30.0,0.69,21.77,0.68,15.0,0.7,56.0,0.71,51.5,0.02,0.01,2350.903071,1776296509000
1776296515.942,115.942,0.32,81.0,0.31,65.5,0.34,30.0,0.36,46.0,0.68,4.0,0.67,30.0,0.7,96.83,0.71,51.0,0.02,0.02,2350.968872,1776296514000
1776296516.238,116.238,0.33,65.0,0.32,76.0,0.34,30.0,0.36,50.5,0.66,30.0,0.64,46.0,0.68,81.0,0.69,65.5,0.01,0.02,2350.981925,1776296515000
1776296518.938,118.938,0.33,2.53,0.32,20.0,0.34,48.5,0.35,41.5,0.66,30.0,0.64,50.5,0.67,65.0,0.68,76.0,0.01,0.01,2351.033194,1776296517000
1776296520.535,120.535,0.32,19.91,0.31,15.0,0.34,58.5,0.35,36.5,0.66,48.5,0.65,41.5,0.67,2.53,0.68,20.0,0.02,0.01,2351.044746,1776296519000
1776296521.395,121.395,0.33,21.0,0.32,19.91,0.34,22.5,0.36,25.0,0.66,58.5,0.65,36.5,0.68,19.91,0.69,15.0,0.01,0.02,2351.044846,1776296520000
1776296521.885,121.885,0.36,5.0,0.35,10.0,0.38,10.0,0.39,175.0,0.63,120.0,0.62,10.0,0.67,36.0,0.68,19.91,0.02,0.04,2351.044846,1776296520000
1776296522.24,122.24,0.37,22.87,0.36,25.0,0.38,5.0,0.39,150.0,0.62,10.0,0.61,175.0,0.64,5.0,0.65,10.0,0.01,0.02,2351.044846,1776296520000
1776296523.492,123.492,0.37,13.87,0.36,31.0,0.39,195.5,0.4,41.5,0.61,150.0,0.6,11.0,0.63,22.87,0.64,20.0,0.02,0.02,2351.196081,1776296522000
1776296524.549,124.549,0.34,10.0,0.33,20.0,0.35,74.5,0.36,60.5,0.62,25.5,0.61,195.5,0.63,8.87,0.64,31.0,0.01,0.01,2351.201661,1776296523000
1776296524.888,124.888,0.33,25.0,0.32,5.0,0.34,20.0,0.35,57.0,0.65,74.5,0.64,60.5,0.66,10.0,0.67,20.0,0.01,0.01,2351.201661,1776296523000
1776296528.292,128.292,0.31,70.55,0.3,120.43,0.33,39.0,0.34,27.0,0.66,20.0,0.65,57.0,0.67,25.0,0.68,5.0,0.02,0.01,2351.137005,1776296527000
1776296530.016,130.016,0.36,98.06,0.35,26.0,0.39,110.0,0.4,10.0,0.67,39.0,0.66,27.0,0.69,70.55,0.7,120.43,0.03,0.02,2351.1611,1776296528000
1776296530.34,130.34,0.36,222.06,0.35,20.0,0.39,110.0,0.4,10.0,0.61,110.0,0.6,10.0,0.64,98.06,0.65,26.0,0.03,0.03,2351.126916,1776296529000
1776296530.713,130.713,0.38,15.16,0.37,10.0,0.39,40.0,0.4,10.0,0.61,110.0,0.6,10.0,0.64,222.06,0.65,20.0,0.01,0.03,2351.126916,1776296529000
1776296532.752,132.752,0.41,20.0,0.4,15.0,0.43,50.0,0.44,19.5,0.61,40.0,0.6,10.0,0.62,15.16,0.63,10.0,0.02,0.01,2351.535557,1776296531000
1776296535.082,135.082,0.43,87.0,0.42,36.0,0.44,10.5,0.45,30.0,0.57,50.0,0.56,19.5,0.59,20.0,0.6,15.0,0.01,0.02,2351.639923,1776296534000
1776296535.619,135.619,0.43,87.0,0.42,36.0,0.44,4.09,0.45,30.0,0.56,10.5,0.55,30.0,0.57,87.0,0.58,36.0,0.01,0.01,2351.639923,1776296534000
1776296536.614,136.614,0.43,162.71,0.42,20.0,0.44,5.0,0.45,25.0,0.56,4.09,0.55,30.0,0.57,87.0,0.58,36.0,0.01,0.01,2351.645072,1776296535000
1776296536.927,136.927,0.49,37.0,0.47,65.0,0.52,5.0,0.53,15.0,0.5,112.0,0.49,6.0,0.53,5.0,0.55,10.0,0.03,0.03,2351.645072,1776296535000
1776296538.031,138.031,0.51,20.0,0.5,20.0,0.53,10.0,0.54,41.0,0.48,5.0,0.47,15.0,0.51,37.0,0.53,65.0,0.02,0.03,2351.74213,1776296536000
1776296538.372,138.372,0.52,5.0,0.51,5.0,0.53,21.71,0.54,35.0,0.47,10.0,0.46,41.0,0.49,20.0,0.5,20.0,0.01,0.02,2351.723287,1776296537000
1776296538.76,138.76,0.5,5.0,0.49,5.0,0.51,28.38,0.52,32.5,0.47,26.71,0.46,35.0,0.5,5.0,0.51,5.0,0.01,0.03,2351.723287,1776296537000
1776296539.352,139.352,0.5,3.0,0.49,15.0,0.51,33.38,0.52,32.5,0.49,28.38,0.48,32.5,0.5,5.0,0.51,5.0,0.01,0.01,2351.975417,1776296538000
1776296541.008,141.008,0.5,0.12,0.49,5.0,0.51,52.5,0.52,40.5,0.49,33.38,0.48,32.5,0.5,3.0,0.51,15.0,0.01,0.01,2351.984681,1776296539000
1776296541.549,141.549,0.5,0.12,0.49,15.0,0.51,21.5,0.52,40.5,0.49,52.5,0.48,40.5,0.5,0.12,0.51,5.0,0.01,0.01,2351.940414,1776296540000
1776296541.895,141.895,0.5,61.62,0.49,35.5,0.52,10.0,0.53,32.21,0.49,21.5,0.48,40.5,0.5,0.12,0.51,15.0,0.02,0.01,2351.940414,1776296540000
1776296542.576,142.576,0.52,53.09,0.51,25.5,0.54,25.0,0.55,107.0,0.48,10.0,0.47,32.21,0.5,61.62,0.51,35.5,0.02,0.02,2351.934923,1776296541000
1776296543.378,143.378,0.54,4.78,0.53,10.0,0.55,100.0,0.56,10.0,0.46,25.0,0.45,107.0,0.48,53.09,0.49,25.5,0.01,0.02,2351.934923,1776296541000
1776296545.754,145.754,0.59,74.09,0.58,40.0,0.62,225.0,0.63,75.0,0.45,100.0,0.44,10.0,0.46,4.78,0.47,10.0,0.03,0.01,2352.035545,1776296544000
1776296546.814,146.814,0.6,5.75,0.59,20.0,0.63,9.0,0.64,5.0,0.38,225.0,0.37,75.0,0.41,74.09,0.42,40.0,0.03,0.03,2352.286966,1776296545000
1776296547.205,147.205,0.62,10.0,0.61,10.0,0.63,5.03,0.65,80.0,0.37,9.0,0.36,5.0,0.4,5.75,0.41,20.0,0.01,0.03,2352.381433,1776296546000
1776296549.553,149.553,0.64,20.0,0.63,20.0,0.66,100.0,0.67,55.0,0.37,5.03,0.35,80.0,0.38,10.0,0.39,10.0,0.02,0.01,2352.476964,1776296548000
1776296549.888,149.888,0.65,93.09,0.64,20.0,0.66,115.5,0.67,70.0,0.34,100.0,0.33,55.0,0.36,20.0,0.37,20.0,0.01,0.02,2352.476964,1776296548000
1776296550.428,150.428,0.65,61.0,0.64,20.0,0.66,4.4,0.67,10.0,0.34,115.5,0.33,70.0,0.35,93.09,0.36,20.0,0.01,0.01,2352.477047,1776296549000
1776296550.719,150.719,0.65,71.5,0.64,20.0,0.66,0.84,0.67,5.0,0.34,4.4,0.33,10.0,0.35,61.0,0.36,20.0,0.01,0.01,2352.477047,1776296549000
1776296551.841,151.841,0.67,25.0,0.66,20.0,0.68,1.5,0.69,29.5,0.34,0.84,0.33,5.0,0.35,71.5,0.36,20.0,0.01,0.01,2352.532796,1776296550000
1776296552.65,152.65,0.68,28.0,0.67,65.0,0.7,50.0,0.71,5.0,0.32,1.5,0.31,29.5,0.33,25.0,0.34,20.0,0.02,0.01,2352.630749,1776296551000
1776296553.954,153.954,0.7,119.09,0.69,55.0,0.72,30.0,0.74,34.0,0.3,50.0,0.29,5.0,0.32,28.0,0.33,65.0,0.02,0.02,2352.639439,1776296552000
1776296554.693,154.693,0.71,201.09,0.7,55.0,0.74,25.0,0.75,50.0,0.28,30.0,0.26,34.0,0.3,119.09,0.31,55.0,0.03,0.02,2352.799605,1776296553000
1776296555.017,155.017,0.75,30.0,0.74,15.0,0.77,50.0,0.78,10.0,0.26,25.0,0.25,50.0,0.29,201.09,0.3,55.0,0.02,0.03,2352.799605,1776296553000
1776296555.304,155.304,0.77,35.0,0.76,10.0,0.8,230.5,0.81,73.4,0.23,50.0,0.22,10.0,0.25,30.0,0.26,15.0,0.03,0.02,2352.880824,1776296554000
1776296555.719,155.719,0.79,25.0,0.78,15.0,0.8,173.55,0.81,123.4,0.2,230.5,0.19,73.4,0.21,5.0,0.22,10.0,0.01,0.01,2352.880824,1776296554000
1776296556.306,156.306,0.79,25.0,0.78,15.0,0.8,138.0,0.81,173.39,0.2,173.55,0.19,123.4,0.21,25.0,0.22,15.0,0.01,0.01,2352.880824,1776296554000
1776296559.251,159.251,0.79,90.23,0.78,20.0,0.8,2.55,0.82,37.4,0.2,148.05,0.19,173.39,0.21,20.23,0.22,15.0,0.01,0.01,2353.109114,1776296557000
1776296559.661,159.661,0.79,143.23,0.78,20.0,0.8,3.48,0.83,63.0,0.18,37.4,0.17,75.5,0.21,90.23,0.22,20.0,0.01,0.03,2353.11815,1776296558000
1776296560.006,160.006,0.81,7.5,0.79,144.23,0.85,46.2,0.86,79.9,0.19,0.5,0.17,63.0,0.21,138.23,0.22,20.0,0.04,0.02,2353.11815,1776296558000
1776296560.62,160.62,0.84,5.03,0.81,17.5,0.85,14.82,0.86,144.74,0.15,18.0,0.14,79.9,0.16,5.03,0.19,7.5,0.01,0.01,2353.11815,1776296558000
1776296560.973,160.973,0.84,60.03,0.81,29.5,0.9,45.0,0.91,294.0,0.15,19.82,0.13,50.0,0.16,28.03,0.19,22.5,0.06,0.01,2353.30053,1776296559000
1776296561.263,161.263,0.84,110.03,0.81,34.5,0.9,43.0,0.91,294.0,0.1,45.0,0.09,294.0,0.16,60.03,0.19,29.5,0.06,0.06,2353.30053,1776296559000
1776296561.647,161.647,0.86,5.0,0.84,157.12,0.9,122.64,0.91,94.0,0.1,43.0,0.09,294.0,0.16,110.03,0.19,34.5,0.04,0.06,2353.40745,1776296560000
1776296562.201,162.201,0.88,15.0,0.87,20.0,0.89,24.16,0.9,116.5,0.1,116.5,0.09,94.0,0.14,5.0,0.16,157.12,0.01,0.04,2353.40745,1776296560000
1776296562.833,162.833,0.86,16.0,0.85,10.0,0.89,62.0,0.9,116.5,0.11,24.16,0.1,116.5,0.12,15.0,0.13,20.0,0.03,0.01,2353.453234,1776296561000
1776296564.416,164.416,0.85,30.0,0.84,18.0,0.87,76.56,0.88,22.5,0.11,57.0,0.1,108.5,0.15,10.0,0.16,20.0,0.02,0.04,2353.870996,1776296562000
1776296566.177,166.177,0.86,5.0,0.85,25.0,0.87,72.29,0.88,12.0,0.13,71.56,0.12,22.5,0.14,5.0,0.15,30.0,0.01,0.01,2353.708189,1776296564000
1776296567.826,167.826,0.86,5.0,0.85,25.0,0.87,61.51,0.88,12.0,0.13,62.66,0.12,12.0,0.14,5.0,0.15,25.0,0.01,0.01,2353.662677,1776296566000
1776296568.087,168.087,0.85,61.09,0.84,31.0,0.87,48.51,0.88,12.0,0.13,61.51,0.12,12.0,0.14,5.0,0.15,25.0,0.02,0.01,2353.662677,1776296566000
1776296569.231,169.231,0.86,7.85,0.85,61.09,0.87,48.51,0.88,17.0,0.13,48.51,0.12,12.0,0.15,61.09,0.16,31.0,0.01,0.02,2353.623015,1776296568000
1776296569.82,169.82,0.85,25.09,0.84,10.0,0.86,70.0,0.87,37.51,0.13,48.51,0.12,17.0,0.14,7.85,0.15,61.09,0.01,0.01,2353.623015,1776296568000
1776296570.12,170.12,0.83,10.0,0.82,10.0,0.85,61.0,0.86,50.0,0.14,70.0,0.13,37.51,0.16,10.0,0.17,10.0,0.02,0.02,2353.623015,1776296568000
1776296570.457,170.457,0.79,12.83,0.78,10.0,0.8,25.0,0.82,25.0,0.15,61.0,0.14,50.0,0.21,7.33,0.22,10.0,0.01,0.06,2353.583541,1776296569000
1776296571.27,171.27,0.79,22.83,0.78,10.0,0.8,39.35,0.81,10.0,0.2,25.0,0.18,25.0,0.21,12.83,0.22,10.0,0.01,0.01,2353.583541,1776296570000
1776296571.949,171.949,0.79,37.83,0.78,15.0,0.8,45.85,0.82,24.0,0.2,29.85,0.19,10.0,0.21,22.83,0.22,10.0,0.01,0.01,2353.583541,1776296570000
1776296576.537,176.537,0.79,25.88,0.78,44.21,0.8,21.56,0.82,10.0,0.2,45.85,0.18,24.0,0.21,37.83,0.22,15.0,0.01,0.01,2353.386252,1776296575000
1776296578.08,178.08,0.81,10.0,0.8,20.5,0.83,58.0,0.84,76.0,0.16,9.0,0.15,24.0,0.21,73.38,0.22,44.21,0.02,0.05,2353.379663,1776296576000
1776296579.057,179.057,0.82,20.5,0.81,20.5,0.83,55.0,0.84,65.31,0.17,58.0,0.16,76.0,0.19,10.0,0.2,20.5,0.01,0.02,2353.408118,1776296577000
1776296581.354,181.354,0.82,10.0,0.81,20.5,0.83,39.59,0.84,15.31,0.17,55.0,0.16,65.31,0.18,20.5,0.19,20.5,0.01,0.01,2353.397616,1776296580000
1776296582.316,182.316,0.82,30.5,0.81,20.5,0.84,23.31,0.85,10.0,0.17,39.59,0.16,15.31,0.18,10.0,0.19,20.5,0.02,0.01,2353.397616,1776296580000
1776296582.758,182.758,0.83,10.0,0.82,35.5,0.84,25.34,0.85,10.0,0.16,23.31,0.15,10.0,0.18,30.5,0.19,20.5,0.01,0.02,2353.361661,1776296581000
1776296588.684,188.684,0.83,56.0,0.82,45.5,0.84,27.75,0.85,25.0,0.16,25.34,0.15,10.0,0.17,10.0,0.18,35.5,0.01,0.01,2353.408757,1776296587000
1776296590.881,190.881,0.83,204.0,0.82,83.66,0.85,15.0,0.86,15.0,0.16,27.75,0.15,25.0,0.17,56.0,0.18,45.5,0.02,0.01,2353.433424,1776296589000
1776296591.234,191.234,0.83,28.0,0.82,20.0,0.85,15.0,0.86,73.0,0.15,15.0,0.14,15.0,0.17,204.0,0.18,83.66,0.02,0.02,2353.480865,1776296590000
1776296591.84,191.84,0.82,10.0,0.8,50.0,0.85,23.73,0.86,60.0,0.16,7.0,0.15,5.0,0.2,45.0,0.21,30.0,0.03,0.04,2353.480865,1776296590000
1776296593.568,193.568,0.82,25.5,0.81,32.5,0.84,5.0,0.85,23.73,0.15,17.0,0.14,60.0,0.18,10.0,0.2,50.0,0.02,0.03,2353.345178,1776296592000
1776296593.985,193.985,0.84,13.56,0.83,25.5,0.85,23.73,0.86,10.0,0.15,18.73,0.14,10.0,0.16,11.0,0.17,22.0,0.01,0.01,2353.345178,1776296592000
1776296595.506,195.506,0.83,25.0,0.82,25.5,0.84,9.96,0.85,28.73,0.15,23.73,0.14,10.0,0.16,13.56,0.17,25.5,0.01,0.01,2353.410914,1776296593000
1776296598.093,198.093,0.84,10.0,0.83,142.5,0.87,52.8,0.88,16.0,0.16,9.96,0.15,28.73,0.17,25.0,0.18,25.5,0.03,0.01,2353.37999,1776296596000
1776296599.007,199.007,0.86,10.0,0.85,112.09,0.88,23.67,0.9,25.0,0.13,52.8,0.12,16.0,0.15,10.0,0.16,10.0,0.02,0.02,2353.416914,1776296598000
1776296600.374,200.374,0.87,102.0,0.86,26.0,0.91,104.51,0.92,159.0,0.12,23.67,0.1,25.0,0.14,10.0,0.15,92.09,0.04,0.02,2353.537224,1776296599000
1776296601.12,201.12,0.89,82.0,0.88,20.0,0.91,101.44,0.92,135.0,0.09,104.51,0.08,159.0,0.13,102.0,0.14,26.0,0.02,0.04,2353.537224,1776296599000
1776296602.026,202.026,0.9,68.0,0.89,68.5,0.91,71.44,0.92,146.0,0.09,101.44,0.08,135.0,0.11,82.0,0.12,20.0,0.01,0.02,2353.6373,1776296601000
1776296602.312,202.312,0.9,13.0,0.89,63.5,0.91,71.44,0.92,146.0,0.09,71.44,0.08,146.0,0.1,58.0,0.11,73.5,0.01,0.01,2353.6373,1776296601000
1776296604.265,204.265,0.9,19.0,0.89,58.5,0.91,64.46,0.92,135.0,0.09,71.44,0.08,146.0,0.1,13.0,0.11,63.5,0.01,0.01,2353.812696,1776296602000
1776296605.449,205.449,0.9,41.5,0.89,35.5,0.91,38.17,0.92,135.0,0.09,64.46,0.08,135.0,0.1,19.0,0.11,58.5,0.01,0.01,2353.81408,1776296604000
1776296607.251,207.251,0.9,133.48,0.89,40.5,0.91,0.5,0.92,110.0,0.09,19.02,0.08,135.0,0.1,135.48,0.11,35.5,0.01,0.01,2353.823065,1776296605000
1776296608.803,208.803,0.91,33.88,0.9,140.48,0.92,25.0,0.94,115.09,0.09,0.5,0.08,110.0,0.1,133.48,0.11,40.5,0.01,0.01,2353.85842,1776296607000
1776296609.06,209.06,0.92,21.0,0.91,34.88,0.94,105.09,0.95,95.0,0.08,25.0,0.06,115.09,0.09,33.88,0.1,140.48,0.02,0.01,2353.85842,1776296607000
1776296609.426,209.426,0.93,59.5,0.92,76.5,0.94,109.02,0.95,95.0,0.06,105.09,0.05,95.0,0.08,21.0,0.09,34.88,0.01,0.02,2353.859433,1776296608000
1776296612.34,212.34,0.93,74.21,0.92,116.4,0.94,4.02,0.95,95.0,0.06,109.02,0.05,95.0,0.07,59.5,0.08,76.5,0.01,0.01,2354.131359,1776296610000
1776296615.241,215.241,0.93,171.92,0.92,216.4,0.94,4.02,0.95,95.0,0.06,4.02,0.05,95.0,0.07,74.21,0.08,116.4,0.01,0.01,2354.254838,1776296613000
1776296616.255,216.255,0.93,142.92,0.92,191.4,0.95,92.05,0.96,245.0,0.06,4.02,0.05,95.0,0.07,171.92,0.08,216.4,0.02,0.01,2354.251474,1776296614000
1776296617.025,217.025,0.93,159.92,0.92,201.4,0.94,4.68,0.95,112.25,0.05,92.05,0.04,245.0,0.07,142.92,0.08,191.4,0.01,0.02,2354.250599,1776296615000
1776296619.129,219.129,0.94,17.9,0.93,295.52,0.95,112.25,0.96,403.6,0.06,4.68,0.05,112.25,0.07,159.92,0.08,201.4,0.01,0.01,2354.234863,1776296617000
1776296620.666,220.666,0.94,196.4,0.93,296.52,0.95,97.25,0.96,403.6,0.05,112.25,0.04,403.6,0.06,17.9,0.07,295.52,0.01,0.01,2354.25009,1776296619000
1776296624.748,224.748,0.94,96.71,0.93,209.82,0.95,70.99,0.96,198.8,0.05,92.25,0.04,403.6,0.06,196.4,0.07,296.52,0.01,0.01,2354.243843,1776296623000
1776296631.849,231.849,0.94,68.21,0.93,120.6,0.95,167.41,0.96,248.8,0.05,69.41,0.04,198.8,0.06,96.71,0.07,209.82,0.01,0.01,2354.253106,1776296630000
1776296633.243,233.243,0.94,61.96,0.93,120.6,0.95,226.67,0.96,353.6,0.05,187.61,0.04,248.8,0.06,38.21,0.07,120.6,0.01,0.01,2354.000951,1776296632000
1776296633.865,233.865,0.94,178.61,0.93,318.75,0.95,216.01,0.96,353.6,0.05,226.67,0.04,353.6,0.06,61.96,0.07,120.6,0.01,0.01,2354.000951,1776296632000
1776296635.501,235.501,0.94,168.75,0.93,155.36,0.95,81.68,0.96,310.6,0.05,216.01,0.04,353.6,0.06,163.61,0.07,330.48,0.01,0.01,2353.850717,1776296634000
1776296637.935,237.935,0.94,169.59,0.93,179.36,0.95,8.39,0.96,292.6,0.05,81.68,0.04,310.6,0.06,168.75,0.07,155.36,0.01,0.01,2353.89854,1776296636000
1776296639.357,239.357,0.95,35.5,0.94,100.66,0.96,208.8,0.97,251.7,0.05,8.39,0.04,292.6,0.06,169.59,0.07,179.36,0.01,0.01,2353.85039,1776296638000
1776296643.985,243.985,0.94,5.31,0.93,75.3,0.95,18.94,0.96,327.85,0.04,203.8,0.03,251.7,0.05,35.5,0.06,100.66,0.01,0.01,2353.999829,1776296642000
1776296645.368,245.368,0.94,5.0,0.93,80.3,0.95,4.74,0.96,297.85,0.05,18.94,0.04,327.85,0.06,5.31,0.07,75.3,0.01,0.01,2353.707252,1776296644000
1776296645.583,245.583,0.94,5.0,0.93,80.3,0.95,1.66,0.96,297.85,0.05,4.74,0.04,297.85,0.06,5.0,0.07,80.3,0.01,0.01,2353.707252,1776296644000
1776296646.077,246.077,0.94,5.0,0.93,85.3,0.95,6.66,0.96,297.85,0.05,1.66,0.04,297.85,0.06,5.0,0.07,80.3,0.01,0.01,2353.636354,1776296645000
1776296650.407,250.407,0.96,5.0,0.95,72.59,0.97,163.59,0.98,600.7,0.05,6.66,0.04,297.85,0.06,5.0,0.07,85.3,0.01,0.01,2353.679011,1776296649000
1776296651.329,251.329,0.96,175.7,0.95,137.39,0.97,115.93,0.98,578.7,0.03,163.59,0.02,600.7,0.04,5.0,0.05,72.59,0.01,0.01,2353.725315,1776296650000
1776296651.749,251.749,0.96,170.7,0.95,137.39,0.97,110.77,0.98,395.0,0.03,115.93,0.02,578.7,0.04,175.7,0.05,137.39,0.01,0.01,2353.725315,1776296650000
1776296652.14,252.14,0.96,170.7,0.95,137.39,0.98,300.55,0.99,7466.44,0.03,110.77,0.02,395.0,0.04,170.7,0.05,137.39,0.02,0.01,2353.889827,1776296651000
1776296652.945,252.945,0.96,98.7,0.95,146.39,0.98,356.05,0.99,7666.44,0.02,300.55,0.01,7466.44,0.04,170.7,0.05,137.39,0.02,0.02,2353.889827,1776296651000
1776296653.359,253.359,0.96,5.0,0.95,136.39,0.97,13.96,0.98,300.03,0.02,300.03,0.01,7666.44,0.04,98.7,0.05,146.39,0.01,0.02,2353.980436,1776296652000
1776296653.593,253.593,0.95,11.59,0.94,73.8,0.98,385.72,0.99,7566.44,0.03,13.96,0.02,300.03,0.04,5.0,0.05,136.39,0.03,0.01,2353.980436,1776296652000
1776296653.844,253.844,0.94,1.59,0.93,135.6,0.96,65.0,0.97,100.0,0.02,385.72,0.01,7566.44,0.05,11.59,0.06,73.8,0.02,0.03,2353.980436,1776296652000
1776296655.857,255.857,0.93,9.74,0.92,100.9,0.96,48.0,0.97,238.7,0.04,65.0,0.03,110.0,0.07,56.89,0.08,100.9,0.03,0.03,2353.793363,1776296654000
1776296656.546,256.546,0.95,5.0,0.94,10.0,0.96,33.0,0.97,238.7,0.04,48.0,0.03,238.7,0.07,9.74,0.08,100.9,0.01,0.03,2353.681478,1776296655000
1776296657.078,257.078,0.95,12.02,0.94,37.0,0.96,28.0,0.97,15.0,0.04,33.0,0.03,238.7,0.05,5.0,0.06,10.0,0.01,0.01,2353.648693,1776296656000
1776296657.604,257.604,0.93,3.36,0.92,30.0,0.96,208.25,0.97,110.0,0.04,28.0,0.03,15.0,0.05,12.02,0.06,37.0,0.03,0.01,2353.648693,1776296656000
1776296660.55,260.55,0.95,127.0,0.94,73.0,0.96,7.91,0.97,10.0,0.05,10.0,0.04,213.25,0.07,3.36,0.08,30.0,0.01,0.02,2353.503419,1776296659000
1776296662.063,262.063,0.95,159.0,0.94,51.0,0.96,2.7,0.97,10.0,0.04,7.91,0.03,10.0,0.05,127.0,0.06,73.0,0.01,0.01,2353.561885,1776296661000
1776296663.267,263.267,0.96,193.0,0.95,95.99,0.98,326.77,0.99,7666.44,0.04,2.7,0.03,10.0,0.05,159.0,0.06,51.0,0.02,0.01,2353.617133,1776296662000
1776296664.746,264.746,0.96,171.0,0.95,95.99,0.98,367.16,0.99,7666.44,0.02,326.77,0.01,7666.44,0.04,193.0,0.05,95.99,0.02,0.02,2353.610311,1776296663000
1776296665.609,265.609,0.97,61.66,0.96,170.0,0.98,372.16,0.99,7566.44,0.02,367.16,0.01,7666.44,0.04,171.0,0.05,95.99,0.01,0.02,2353.798172,1776296664000
1776296665.965,265.965,0.97,60.99,0.96,130.0,0.98,359.07,0.99,7466.44,0.02,372.16,0.01,7566.44,0.03,61.66,0.04,170.0,0.01,0.01,2353.798172,1776296664000
1776296668.695,268.695,0.97,94.67,0.96,135.0,0.98,125.37,0.99,7366.44,0.02,359.07,0.01,7466.44,0.03,60.99,0.04,130.0,0.01,0.01,2353.864178,1776296667000
1776296671.73,271.73,0.97,175.98,0.96,187.7,0.98,73.84,0.99,2201.44,0.02,125.37,0.01,7366.44,0.03,94.67,0.04,135.0,0.01,0.01,2353.84895,1776296670000
1776296672.137,272.137,0.97,306.68,0.96,197.7,0.98,123.61,0.99,1837.84,0.02,73.84,0.01,2201.44,0.03,175.98,0.04,187.7,0.01,0.01,2353.871054,1776296671000
1776296672.881,272.881,0.97,363.68,0.96,172.7,0.98,17.6,0.99,1837.84,0.02,118.61,0.01,1837.84,0.03,326.68,0.04,148.7,0.01,0.01,2353.871054,1776296671000
1776296673.993,273.993,0.97,358.68,0.96,182.7,0.98,47.89,0.99,1837.84,0.02,17.6,0.01,1837.84,0.03,363.68,0.04,172.7,0.01,0.01,2353.86314,1776296672000
1776296674.762,274.762,0.97,343.68,0.96,172.7,0.98,50.5,0.99,1837.84,0.02,47.89,0.01,1837.84,0.03,358.68,0.04,182.7,0.01,0.01,2353.915837,1776296673000
1776296675.65,275.65,0.97,268.3,0.96,79.0,0.98,45.5,0.99,1837.84,0.02,50.5,0.01,1837.84,0.03,343.68,0.04,172.7,0.01,0.01,2353.957933,1776296674000
1776296676.171,276.171,0.97,248.3,0.96,84.0,0.98,45.5,0.99,2037.84,0.02,45.5,0.01,1837.84,0.03,268.3,0.04,79.0,0.01,0.01,2353.957933,1776296674000
1776296677.636,277.636,0.97,243.3,0.96,84.0,0.99,2088.34,,,0.02,45.5,0.01,2037.84,0.03,248.3,0.04,84.0,0.02,0.01,2353.989987,1776296676000
1776296678.142,278.142,0.98,167.99,0.97,104.31,0.99,2073.34,,,0.01,2083.34,,,0.03,238.3,0.04,84.0,0.01,0.02,2354.005943,1776296677000
1776296678.434,278.434,0.98,172.92,0.97,104.31,0.99,2078.34,,,0.01,2073.34,,,0.02,167.99,0.03,104.31,0.01,0.01,2354.005943,1776296677000
1776296678.703,278.703,0.98,140.92,0.97,94.31,0.99,1972.32,,,0.01,2077.32,,,0.02,172.92,0.03,104.31,0.01,0.01,2354.005943,1776296677000
1776296679.272,279.272,0.98,140.92,0.97,94.31,0.99,1971.32,,,0.01,1972.32,,,0.02,140.92,0.03,94.31,0.01,0.01,2354.145504,1776296678000
1776296679.873,279.873,0.98,140.92,0.97,94.31,0.99,1806.27,,,0.01,1971.32,,,0.02,140.92,0.03,94.31,0.01,0.01,2354.145504,1776296678000
1776296680.444,280.444,0.98,140.92,0.97,89.31,0.99,1698.24,,,0.01,1806.27,,,0.02,140.92,0.03,94.31,0.01,0.01,2354.235401,1776296679000
1776296680.689,280.689,0.98,155.92,0.97,89.31,0.99,1686.21,,,0.01,1681.21,,,0.02,140.92,0.03,89.31,0.01,0.01,2354.235401,1776296679000
1776296680.982,280.982,0.98,150.92,0.97,92.31,0.99,1660.21,,,0.01,1681.21,,,0.02,155.92,0.03,89.31,0.01,0.01,2354.235401,1776296679000
1776296681.382,281.382,0.98,145.92,0.97,92.31,0.99,1572.36,,,0.01,1590.21,,,0.02,155.92,0.03,92.31,0.01,0.01,2354.258685,1776296680000
1776296682.411,282.411,0.98,145.92,0.97,92.31,0.99,1468.28,,,0.01,1565.3,,,0.02,145.92,0.03,92.31,0.01,0.01,2354.294697,1776296681000
1776296683.05,283.05,0.98,140.92,0.97,92.31,0.99,564.28,,,0.01,1468.28,,,0.02,145.92,0.03,92.31,0.01,0.01,2354.294697,1776296681000
1776296683.331,283.331,0.98,184.98,0.97,79.31,0.99,562.28,,,0.01,564.28,,,0.02,140.92,0.03,92.31,0.01,0.01,2354.294697,1776296681000
1776296684.023,284.023,0.98,189.98,0.97,79.31,0.99,460.28,,,0.01,562.28,,,0.02,184.98,0.03,79.31,0.01,0.01,2354.347242,1776296682000
1776296684.392,284.392,0.98,184.98,0.97,79.31,0.99,435.02,,,0.01,460.28,,,0.02,189.98,0.03,79.31,0.01,0.01,2354.347242,1776296682000
1776296684.595,284.595,0.98,184.98,0.97,79.31,0.99,393.53,,,0.01,393.53,,,0.02,184.98,0.03,79.31,0.01,0.01,2354.384516,1776296683000
1776296684.856,284.856,0.99,2171.97,0.98,184.98,,,,,0.01,353.03,,,0.02,189.98,0.03,79.31,,0.01,2354.384516,1776296683000
1776296685.465,285.465,0.99,2291.36,0.98,109.0,,,,,,,,,0.01,2171.97,0.02,184.98,,,2354.399236,1776296684000
1776296688.691,288.691,0.99,7631.87,0.98,109.0,,,,,,,,,0.01,2291.36,0.02,109.0,,,2354.420744,1776296687000
1776296690.485,290.485,0.99,7080.1,0.98,113.99,,,,,,,,,0.01,7631.87,0.02,109.0,,,2354.420313,1776296689000
1776296696.217,296.217,0.99,8268.81,0.98,113.99,,,,,,,,,0.01,7080.1,0.02,113.99,,,2354.049686,1776296695000

# RESULT,winner=Up,slug=eth-updown-5m-1776296400,ticks=234
