timestamp,elapsed_sec,up_bid_p1,up_bid_s1,up_bid_p2,up_bid_s2,up_ask_p1,up_ask_s1,up_ask_p2,up_ask_s2,down_bid_p1,down_bid_s1,down_bid_p2,down_bid_s2,down_ask_p1,down_ask_s1,down_ask_p2,down_ask_s2,up_spread,down_spread,eth_price,eth_oracle_ts
1776330900.914,0.914,0.49,36.59,0.4,38.0,0.5,1.52,0.51,130.21,0.5,6.52,0.49,130.21,0.51,36.59,0.6,38.0,0.01,0.01,2344.143805,1776330899000
1776330902.341,2.341,0.49,44.59,0.48,75.0,0.5,7.3,0.51,130.21,0.5,1.52,0.49,130.21,0.51,36.59,0.6,38.0,0.01,0.01,2344.21321,1776330901000
1776330903.005,3.005,0.49,39.59,0.48,75.0,0.51,132.56,0.55,5.0,0.5,7.3,0.49,130.21,0.51,44.59,0.52,75.0,0.02,0.01,2344.21321,1776330901000
1776330903.909,3.909,0.49,119.59,0.48,85.0,0.5,5.0,0.51,142.56,0.49,132.56,0.45,5.0,0.51,39.59,0.52,75.0,0.01,0.02,2344.21886,1776330902000
1776330904.523,4.523,0.49,146.59,0.48,85.0,0.51,142.56,0.52,10.0,0.5,5.0,0.49,142.56,0.51,119.59,0.52,85.0,0.02,0.01,2344.359491,1776330903000
1776330905.222,5.222,0.49,167.59,0.48,102.0,0.5,15.0,0.51,137.56,0.49,142.56,0.48,10.0,0.51,141.59,0.52,85.0,0.01,0.02,2344.359491,1776330903000
1776330905.543,5.543,0.49,138.46,0.48,107.0,0.5,7.0,0.51,137.56,0.5,15.0,0.49,137.56,0.51,167.59,0.52,102.0,0.01,0.01,2344.30774,1776330904000
1776330906.046,6.046,0.5,15.0,0.49,122.73,0.51,137.56,0.52,10.0,0.5,7.0,0.49,137.56,0.51,138.46,0.52,107.0,0.01,0.01,2344.30774,1776330904000
1776330907.924,7.924,0.49,124.59,0.48,103.0,0.51,142.56,0.52,10.0,0.49,137.56,0.48,10.0,0.5,15.0,0.51,122.73,0.02,0.01,2344.245445,1776330907000
1776330911.742,11.742,0.5,326.2,0.49,96.59,0.51,86.97,0.57,70.0,0.49,142.56,0.48,10.0,0.51,124.59,0.52,103.0,0.01,0.02,2344.24521,1776330910000
1776330914.039,14.039,0.56,20.5,0.55,30.0,0.57,312.5,0.58,97.0,0.43,70.0,0.42,260.0,0.5,307.0,0.51,101.59,0.01,0.07,2344.301333,1776330912000
1776330915.427,15.427,0.56,55.5,0.55,35.0,0.57,297.0,0.58,80.0,0.43,312.5,0.42,97.0,0.44,20.5,0.45,30.0,0.01,0.01,2344.535565,1776330914000
1776330915.665,15.665,0.56,89.5,0.55,30.0,0.57,37.98,0.58,80.5,0.43,297.0,0.42,80.0,0.44,55.5,0.45,35.0,0.01,0.01,2344.535565,1776330914000
1776330915.965,15.965,0.56,108.5,0.55,30.0,0.57,32.98,0.58,80.5,0.43,37.98,0.42,80.5,0.44,89.5,0.45,30.0,0.01,0.01,2344.535565,1776330915000
1776330916.434,16.434,0.57,50.34,0.56,94.5,0.58,10.5,0.59,15.5,0.43,32.98,0.42,80.5,0.44,108.5,0.45,30.0,0.01,0.01,2344.535565,1776330915000
1776330917.743,17.743,0.57,75.34,0.56,94.5,0.58,10.5,0.59,15.5,0.42,10.5,0.41,15.5,0.43,50.34,0.44,94.5,0.01,0.01,2344.54387,1776330916000
1776330921.671,21.671,0.58,70.5,0.57,85.84,0.59,60.3,0.6,205.5,0.42,10.5,0.41,15.5,0.43,75.34,0.44,94.5,0.01,0.01,2344.58249,1776330920000
1776330922.378,22.378,0.58,30.5,0.57,55.84,0.59,94.1,0.6,205.5,0.41,60.3,0.4,205.5,0.42,70.5,0.43,85.84,0.01,0.01,2344.610795,1776330921000
1776330923.37,23.37,0.58,35.0,0.57,55.84,0.59,46.1,0.6,205.5,0.41,94.1,0.4,205.5,0.42,30.5,0.43,55.84,0.01,0.01,2344.68271,1776330922000
1776330924.603,24.603,0.58,20.0,0.57,35.84,0.59,46.4,0.6,205.5,0.41,46.1,0.4,205.5,0.42,35.0,0.43,55.84,0.01,0.01,2344.68271,1776330922000
1776330926.502,26.502,0.58,82.51,0.57,53.84,0.59,35.9,0.6,185.0,0.41,46.4,0.4,205.5,0.42,20.0,0.43,35.84,0.01,0.01,2344.730065,1776330925000
1776330930.47,30.47,0.58,60.51,0.57,53.84,0.64,3.93,0.65,7.0,0.41,30.9,0.4,185.0,0.42,77.51,0.43,53.84,0.06,0.01,2344.746985,1776330929000
1776330930.727,30.727,0.66,70.0,0.65,55.57,0.68,2.08,0.7,5.0,0.32,5.0,0.3,5.0,0.35,55.57,0.42,60.51,0.02,0.03,2344.746985,1776330929000
1776330931.429,31.429,0.67,6.0,0.66,10.5,0.71,121.21,0.72,70.0,0.29,117.76,0.28,70.0,0.34,70.0,0.35,55.57,0.04,0.05,2344.740375,1776330930000
1776330931.632,31.632,0.65,67.0,0.64,5.0,0.68,15.62,0.69,15.5,0.29,51.21,0.28,70.0,0.33,6.0,0.34,10.5,0.03,0.04,2344.740375,1776330930000
1776330931.836,31.836,0.63,30.5,0.62,15.0,0.66,58.78,0.67,129.5,0.33,59.5,0.31,155.5,0.37,5.0,0.38,5.0,0.03,0.04,2344.740375,1776330930000
1776330932.085,32.085,0.65,4.85,0.64,10.0,0.66,82.76,0.67,145.0,0.34,57.26,0.33,129.5,0.35,10.0,0.36,10.0,0.01,0.01,2344.740375,1776330930000
1776330932.691,32.691,0.63,0.86,0.61,10.0,0.64,83.5,0.65,50.5,0.34,82.76,0.33,145.0,0.35,4.85,0.36,10.0,0.01,0.01,2344.8766,1776330931000
1776330933.07,33.07,0.6,10.0,0.59,25.0,0.61,26.57,0.62,5.0,0.39,34.14,0.38,5.0,0.4,10.0,0.41,25.0,0.01,0.01,2344.8766,1776330931000
1776330933.434,33.434,0.61,10.0,0.6,10.0,0.62,6.0,0.63,10.0,0.39,26.57,0.38,5.0,0.4,10.0,0.41,25.0,0.01,0.01,2345.071363,1776330932000
1776330934.425,34.425,0.61,7.43,0.6,15.0,0.66,68.04,0.67,155.0,0.38,6.0,0.37,10.0,0.39,7.43,0.4,10.0,0.05,0.01,2344.98083,1776330933000
1776330934.825,34.825,0.63,10.0,0.62,10.0,0.64,16.43,0.65,10.0,0.34,68.04,0.33,155.0,0.39,7.43,0.4,15.0,0.01,0.05,2344.98083,1776330933000
1776330935.169,35.169,0.61,7.43,0.6,15.0,0.63,8.0,0.64,29.0,0.36,25.43,0.35,39.0,0.39,7.43,0.4,10.0,0.02,0.03,2344.924154,1776330934000
1776330935.487,35.487,0.62,15.0,0.61,7.43,0.63,26.0,0.64,19.0,0.37,32.0,0.36,19.0,0.38,15.0,0.39,7.43,0.01,0.01,2344.924154,1776330934000
1776330935.758,35.758,0.62,5.0,0.61,7.43,0.63,36.0,0.64,89.04,0.37,26.0,0.36,19.0,0.38,15.0,0.39,7.43,0.01,0.01,2344.924154,1776330934000
1776330936.08,36.08,0.61,2.43,0.6,10.0,0.63,36.0,0.64,89.04,0.37,36.0,0.36,89.04,0.38,5.0,0.39,7.43,0.02,0.01,2344.924154,1776330934000
1776330938.424,38.424,0.61,17.93,0.6,20.5,0.62,7.62,0.63,15.0,0.37,36.0,0.36,89.04,0.39,2.43,0.4,10.0,0.01,0.02,2344.711487,1776330937000
1776330943.702,43.702,0.66,231.5,0.65,165.5,0.67,50.93,0.72,5.0,0.36,23.62,0.35,44.5,0.39,12.93,0.4,20.5,0.01,0.03,2345.009045,1776330942000
1776330944.02,44.02,0.66,290.7,0.65,165.5,0.73,140.0,0.74,24.0,0.33,27.71,0.27,145.0,0.34,275.7,0.35,160.5,0.07,0.01,2345.009045,1776330942000
1776330944.446,44.446,0.72,76.0,0.71,28.0,0.73,90.0,0.74,22.5,0.27,140.0,0.26,24.0,0.34,290.7,0.35,165.5,0.01,0.07,2344.99841,1776330943000
1776330944.803,44.803,0.72,72.42,0.71,33.0,0.73,90.0,0.74,27.5,0.27,90.0,0.26,22.5,0.28,76.0,0.29,28.0,0.01,0.01,2344.99841,1776330943000
1776330945.461,45.461,0.72,92.42,0.71,37.5,0.73,81.31,0.74,17.0,0.27,86.45,0.26,17.0,0.28,92.42,0.29,43.5,0.01,0.01,2345.065642,1776330944000
1776330946.324,46.324,0.72,92.2,0.71,37.5,0.73,70.0,0.74,100.75,0.27,81.31,0.26,17.0,0.28,92.42,0.29,37.5,0.01,0.01,2345.0613,1776330945000
1776330946.885,46.885,0.73,85.5,0.72,139.2,0.74,3.18,0.77,20.3,0.27,70.0,0.26,100.75,0.28,92.2,0.29,37.5,0.01,0.01,2345.0613,1776330945000
1776330947.259,47.259,0.75,10.0,0.73,133.5,0.77,18.81,0.78,96.0,0.23,20.3,0.22,91.0,0.27,100.5,0.28,144.2,0.02,0.04,2345.263962,1776330946000
1776330947.692,47.692,0.76,102.5,0.75,37.0,0.77,86.88,0.78,96.0,0.23,18.81,0.22,96.0,0.25,10.0,0.27,133.5,0.01,0.02,2345.263962,1776330946000
1776330948.163,48.163,0.76,98.33,0.75,37.0,0.77,76.88,0.78,96.0,0.23,76.88,0.22,96.0,0.24,102.5,0.25,37.0,0.01,0.01,2345.32,1776330947000
1776330948.435,48.435,0.76,101.86,0.75,37.0,0.77,76.88,0.78,106.0,0.23,76.88,0.22,106.0,0.24,91.03,0.25,37.0,0.01,0.01,2345.32,1776330947000
1776330949.143,49.143,0.76,101.86,0.75,42.0,0.77,0.88,0.78,96.0,0.23,76.88,0.22,106.0,0.24,101.86,0.25,37.0,0.01,0.01,2345.595126,1776330948000
1776330949.854,49.854,0.75,37.01,0.74,88.5,0.78,92.43,0.79,144.7,0.23,0.88,0.22,96.0,0.24,101.86,0.25,42.0,0.03,0.01,2345.595126,1776330948000
1776330950.164,50.164,0.76,41.62,0.75,37.01,0.77,10.0,0.78,111.01,0.22,96.01,0.21,155.2,0.24,5.5,0.25,37.01,0.01,0.02,2345.552345,1776330949000
1776330951.78,51.78,0.76,37.96,0.75,47.01,0.77,27.43,0.78,140.58,0.23,10.0,0.22,111.01,0.24,41.62,0.25,37.01,0.01,0.01,2345.622075,1776330950000
1776330954.076,54.076,0.76,9.16,0.75,41.01,0.77,51.43,0.78,10.0,0.23,27.43,0.22,140.58,0.24,37.96,0.25,47.01,0.01,0.01,2345.58474,1776330952000
1776330954.288,54.288,0.76,19.66,0.75,41.01,0.77,35.43,0.78,20.5,0.23,43.43,0.22,20.5,0.24,19.66,0.25,41.01,0.01,0.01,2345.58474,1776330952000
1776330954.577,54.577,0.76,12.66,0.75,41.01,0.77,35.43,0.78,20.5,0.23,35.43,0.22,20.5,0.24,19.66,0.25,41.01,0.01,0.01,2345.66619,1776330953000
1776330956.11,56.11,0.76,59.41,0.75,40.01,0.77,35.43,0.78,77.5,0.23,35.43,0.22,20.5,0.24,5.66,0.25,41.01,0.01,0.01,2345.806236,1776330955000
1776330956.726,56.726,0.76,191.41,0.75,35.01,0.77,10.04,0.79,17.0,0.23,35.43,0.22,77.5,0.24,59.41,0.25,40.01,0.01,0.01,2345.806236,1776330955000
1776330957.035,57.035,0.78,5.0,0.77,30.5,0.79,34.5,0.8,33.0,0.21,14.0,0.2,33.0,0.23,5.0,0.24,186.41,0.01,0.02,2345.806236,1776330955000
1776330957.273,57.273,0.78,5.0,0.77,30.5,0.79,86.5,0.8,43.0,0.21,34.5,0.2,33.0,0.22,5.0,0.23,30.5,0.01,0.01,2345.67113,1776330956000
1776330957.97,57.97,0.78,3.53,0.77,20.0,0.79,96.5,0.8,43.0,0.21,86.5,0.2,43.0,0.22,5.0,0.23,30.5,0.01,0.01,2345.67113,1776330956000
1776330958.547,58.547,0.77,5.0,0.76,23.0,0.78,132.92,0.79,33.5,0.21,114.5,0.2,43.0,0.22,3.53,0.23,20.0,0.01,0.01,2345.829477,1776330957000
1776330958.817,58.817,0.76,0.58,0.75,10.0,0.77,130.5,0.78,164.5,0.22,126.34,0.21,103.5,0.23,5.0,0.24,6.0,0.01,0.01,2345.829477,1776330957000
1776330959.031,59.031,0.74,37.5,0.73,25.5,0.76,46.92,0.77,127.5,0.24,6.42,0.23,147.5,0.25,10.0,0.26,42.5,0.02,0.01,2345.829477,1776330957000
1776330959.599,59.599,0.74,43.0,0.73,35.5,0.75,28.33,0.76,41.92,0.24,46.92,0.23,127.5,0.26,37.5,0.27,25.5,0.01,0.02,2345.781222,1776330958000
1776330960.322,60.322,0.74,6.0,0.72,10.0,0.75,38.56,0.76,106.92,0.25,28.33,0.24,41.92,0.26,43.0,0.27,35.5,0.01,0.01,2345.714698,1776330959000
1776330960.668,60.668,0.72,30.5,0.71,32.5,0.73,10.0,0.74,25.5,0.27,4.58,0.26,25.5,0.28,23.0,0.29,47.5,0.01,0.01,2345.714698,1776330959000
1776330961.388,61.388,0.73,26.5,0.72,127.5,0.76,6.28,0.77,87.0,0.27,10.0,0.26,25.5,0.28,30.5,0.29,32.5,0.03,0.01,2345.65898,1776330960000
1776330962.872,62.872,0.76,153.5,0.75,44.0,0.77,43.0,0.78,70.0,0.23,77.0,0.22,87.5,0.25,25.5,0.26,25.5,0.01,0.02,2345.433535,1776330961000
1776330965.759,65.759,0.78,103.0,0.77,68.0,0.79,72.52,0.8,33.0,0.23,43.0,0.22,70.0,0.24,153.5,0.25,44.0,0.01,0.01,2345.745754,1776330964000
1776330966.001,66.001,0.78,113.0,0.77,68.0,0.79,10.45,0.8,95.0,0.21,72.52,0.2,33.0,0.22,103.0,0.23,68.0,0.01,0.01,2345.745754,1776330964000
1776330967.008,67.008,0.78,133.64,0.77,84.5,0.79,9.18,0.8,38.0,0.21,10.45,0.2,95.0,0.22,113.0,0.23,68.0,0.01,0.01,2345.804486,1776330965000
1776330967.517,67.517,0.8,25.0,0.79,50.5,0.81,5.9,0.82,85.5,0.21,9.18,0.2,38.0,0.22,133.64,0.23,84.5,0.01,0.01,2345.791664,1776330966000
1776330967.747,67.747,0.81,30.0,0.8,43.39,0.82,74.28,0.83,63.5,0.18,65.5,0.17,63.5,0.19,10.0,0.2,43.0,0.01,0.01,2345.791664,1776330966000
1776330968.293,68.293,0.79,8.0,0.78,25.64,0.81,151.5,0.82,235.68,0.18,74.28,0.17,63.5,0.19,30.0,0.2,43.39,0.02,0.01,2345.779615,1776330967000
1776330968.827,68.827,0.78,83.14,0.77,39.5,0.79,42.0,0.8,39.5,0.19,156.5,0.18,235.68,0.21,5.0,0.22,25.64,0.01,0.02,2345.779615,1776330967000
1776330969.159,69.159,0.83,16.0,0.82,34.0,0.84,167.72,0.85,127.2,0.21,42.0,0.2,39.5,0.22,83.14,0.23,39.5,0.01,0.01,2345.779615,1776330967000
1776330969.949,69.949,0.83,32.0,0.82,29.0,0.84,189.72,0.85,113.2,0.16,162.72,0.15,136.2,0.17,33.0,0.18,34.0,0.01,0.01,2345.71719,1776330968000
1776330971.024,71.024,0.83,186.5,0.82,28.0,0.84,21.17,0.85,26.0,0.16,189.72,0.15,113.2,0.17,32.0,0.18,29.0,0.01,0.01,2345.694634,1776330970000
1776330971.38,71.38,0.85,98.5,0.84,84.5,0.86,21.08,0.87,38.05,0.14,26.08,0.13,48.55,0.15,10.0,0.16,27.5,0.01,0.01,2345.694634,1776330970000
1776330971.749,71.749,0.85,167.5,0.84,36.5,0.86,19.08,0.87,38.05,0.14,21.08,0.13,38.05,0.15,98.5,0.16,84.5,0.01,0.01,2345.694634,1776330970000
1776330971.986,71.986,0.85,182.5,0.84,29.5,0.86,9.77,0.87,38.05,0.14,19.08,0.13,38.05,0.15,167.5,0.16,36.5,0.01,0.01,2345.694634,1776330970000
1776330972.218,72.218,0.85,166.5,0.84,29.5,0.87,38.05,0.88,147.6,0.14,9.77,0.13,38.05,0.15,182.5,0.16,29.5,0.02,0.01,2345.995794,1776330971000
1776330972.6,72.6,0.86,184.5,0.85,72.5,0.87,21.97,0.88,70.0,0.13,17.05,0.12,147.6,0.14,10.0,0.15,166.5,0.01,0.01,2345.995794,1776330971000
1776330972.821,72.821,0.86,241.5,0.85,212.5,0.87,0.37,0.9,50.0,0.13,20.37,0.11,36.79,0.14,264.5,0.15,212.5,0.01,0.01,2345.995794,1776330971000
1776330973.186,73.186,0.89,193.5,0.88,85.0,0.9,4.35,0.91,55.0,0.1,38.35,0.09,55.0,0.11,23.0,0.12,80.0,0.01,0.01,2346.17404,1776330972000
1776330973.701,73.701,0.9,238.5,0.89,168.5,0.91,6.9,0.92,100.0,0.08,120.25,0.07,185.55,0.11,243.5,0.12,210.0,0.01,0.03,2346.17404,1776330972000
1776330974.156,74.156,0.9,264.73,0.89,168.5,0.91,5.8,0.92,100.0,0.09,6.9,0.08,100.0,0.1,238.5,0.11,168.5,0.01,0.01,2346.17404,1776330972000
1776330974.51,74.51,0.9,291.73,0.89,168.5,0.91,44.72,0.92,100.0,0.09,5.8,0.08,100.0,0.1,264.73,0.11,168.5,0.01,0.01,2346.261135,1776330973000
1776330974.774,74.774,0.9,284.73,0.89,312.5,0.91,37.42,0.92,110.0,0.09,42.52,0.08,100.0,0.1,291.73,0.11,168.5,0.01,0.01,2346.261135,1776330973000
1776330975.197,75.197,0.9,139.23,0.89,182.5,0.91,61.79,0.92,198.0,0.09,64.79,0.08,110.0,0.1,279.73,0.11,186.5,0.01,0.01,2346.882935,1776330974000
1776330976.473,76.473,0.9,165.23,0.89,191.5,0.91,11.46,0.92,341.89,0.09,61.79,0.08,198.0,0.1,139.23,0.11,182.5,0.01,0.01,2347.004249,1776330975000
1776330977.237,77.237,0.91,5.0,0.9,213.73,0.92,239.89,0.93,249.3,0.09,9.29,0.08,316.89,0.1,170.73,0.11,191.5,0.01,0.01,2346.957142,1776330976000
1776330977.873,77.873,0.9,8.78,0.86,6.0,0.91,152.25,0.92,178.89,0.08,239.89,0.07,249.3,0.09,5.0,0.1,213.73,0.01,0.01,2346.957142,1776330976000
1776330978.193,78.193,0.84,15.5,0.83,44.0,0.85,67.65,0.86,20.0,0.15,48.83,0.14,10.5,0.16,15.5,0.17,134.0,0.01,0.01,2346.957142,1776330976000
1776330978.478,78.478,0.84,60.5,0.83,44.0,0.85,56.65,0.86,25.0,0.15,70.65,0.14,10.0,0.16,20.5,0.17,44.0,0.01,0.01,2346.820465,1776330977000
1776330978.811,78.811,0.84,151.5,0.83,35.0,0.85,50.76,0.86,30.0,0.15,50.76,0.14,42.0,0.16,60.5,0.17,35.0,0.01,0.01,2346.820465,1776330977000
1776330979.7,79.7,0.84,747.75,0.83,170.52,0.85,86.76,0.86,119.0,0.15,58.76,0.14,40.5,0.16,81.5,0.17,32.0,0.01,0.01,2346.86023,1776330978000
1776330980.006,80.006,0.84,479.88,0.83,110.26,0.85,66.76,0.86,40.0,0.15,86.76,0.14,119.0,0.16,747.75,0.17,170.52,0.01,0.01,2346.86023,1776330978000
1776330980.63,80.63,0.84,158.5,0.83,61.0,0.88,36.08,0.89,110.0,0.15,66.76,0.14,40.0,0.16,479.88,0.17,110.26,0.04,0.01,2346.512357,1776330979000
1776330981.513,81.513,0.84,1.0,0.83,41.0,0.88,222.08,0.89,122.0,0.12,36.08,0.11,110.0,0.16,158.5,0.17,61.0,0.04,0.04,2346.2899,1776330980000
1776330982.914,82.914,0.82,12.94,0.81,134.19,0.84,65.5,0.85,108.5,0.14,10.0,0.13,21.0,0.17,13.0,0.18,31.0,0.02,0.03,2346.29038,1776330981000
1776330983.653,83.653,0.88,35.5,0.87,54.5,0.89,18.41,0.9,34.0,0.16,65.5,0.15,108.5,0.18,12.94,0.19,134.19,0.01,0.02,2346.314073,1776330982000
1776330984.179,84.179,0.9,26.71,0.89,72.0,0.91,30.0,0.92,15.0,0.09,95.0,0.08,54.69,0.1,35.71,0.11,15.0,0.01,0.01,2346.314073,1776330982000
1776330984.641,84.641,0.9,31.71,0.89,33.5,0.91,15.0,0.92,10.0,0.09,25.0,0.08,10.0,0.1,26.71,0.11,90.5,0.01,0.01,2346.314073,1776330982000
1776330984.936,84.936,0.9,88.71,0.89,41.5,0.91,13.9,0.92,10.0,0.09,15.0,0.08,10.0,0.1,31.71,0.11,33.5,0.01,0.01,2346.269596,1776330983000
1776330985.148,85.148,0.9,93.71,0.89,36.0,0.94,169.41,0.95,130.8,0.09,13.9,0.08,10.0,0.1,88.71,0.11,41.5,0.04,0.01,2346.269596,1776330983000
1776330985.432,85.432,0.9,88.71,0.89,23.0,0.91,30.0,0.92,10.0,0.06,169.41,0.05,130.8,0.1,93.71,0.11,36.0,0.01,0.04,2346.283348,1776330984000
1776330985.76,85.76,0.9,13.26,0.87,15.0,0.91,174.15,0.92,10.0,0.09,30.0,0.08,10.0,0.1,88.71,0.11,23.0,0.01,0.01,2346.283348,1776330984000
1776330986.002,86.002,0.87,10.0,0.86,25.0,0.88,94.89,0.89,70.0,0.12,20.0,0.11,70.0,0.14,25.0,0.15,25.0,0.01,0.02,2346.741588,1776330985000
1776330986.936,86.936,0.87,33.0,0.86,80.0,0.88,2.03,0.89,70.0,0.12,94.89,0.11,70.0,0.13,10.0,0.14,25.0,0.01,0.01,2346.741588,1776330985000
1776330987.327,87.327,0.88,35.0,0.87,101.0,0.89,52.41,0.9,5.0,0.11,33.41,0.1,15.5,0.12,33.0,0.13,59.0,0.01,0.01,2346.790735,1776330986000
1776330987.537,87.537,0.88,110.0,0.87,44.0,0.9,5.0,0.91,5.0,0.11,52.41,0.1,5.0,0.12,35.0,0.13,101.0,0.02,0.01,2346.790735,1776330986000
1776330988.718,88.718,0.88,67.0,0.87,24.0,0.89,61.5,0.9,30.5,0.1,5.0,0.09,5.0,0.12,110.0,0.13,44.0,0.01,0.02,2346.712862,1776330987000
1776330989.802,89.802,0.88,90.0,0.87,34.5,0.89,2.4,0.9,77.43,0.11,61.5,0.1,30.5,0.12,67.0,0.13,24.0,0.01,0.01,2346.70714,1776330988000
1776330990.52,90.52,0.89,140.0,0.88,84.0,0.9,5.5,0.91,8.0,0.11,2.4,0.1,77.43,0.12,90.0,0.13,34.5,0.01,0.01,2346.794088,1776330989000
1776330990.752,90.752,0.89,123.0,0.88,89.0,0.91,8.0,0.92,82.9,0.1,4.38,0.09,8.0,0.11,135.0,0.12,89.0,0.02,0.01,2346.794088,1776330989000
1776330992.345,92.345,0.91,158.0,0.9,48.0,0.92,0.62,0.93,56.0,0.09,8.0,0.08,82.9,0.11,123.0,0.12,89.0,0.01,0.02,2346.711194,1776330991000
1776330992.561,92.561,0.91,141.0,0.9,64.0,0.93,51.62,0.94,150.1,0.08,0.62,0.07,56.0,0.09,158.0,0.1,48.0,0.02,0.01,2346.711194,1776330991000
1776330993.108,93.108,0.93,5.0,0.92,21.0,0.94,49.1,0.95,263.8,0.07,51.62,0.06,150.1,0.09,141.0,0.1,64.0,0.01,0.02,2346.711194,1776330991000
1776330993.37,93.37,0.93,11.71,0.92,16.0,0.94,49.1,0.95,263.8,0.06,49.1,0.05,263.8,0.07,5.0,0.08,21.0,0.01,0.01,2346.845364,1776330992000
1776330993.92,93.92,0.93,94.0,0.92,9.37,0.94,38.41,0.95,244.49,0.06,28.41,0.05,206.8,0.08,9.37,0.09,145.0,0.01,0.02,2346.845364,1776330992000
1776330994.752,94.752,0.93,87.0,0.92,89.37,0.94,15.0,0.95,212.49,0.06,38.41,0.05,244.49,0.07,94.0,0.08,9.37,0.01,0.01,2346.843651,1776330993000
1776330995.319,95.319,0.93,131.78,0.92,32.37,0.94,75.0,0.95,150.49,0.06,15.0,0.05,212.49,0.07,87.0,0.08,89.37,0.01,0.01,2347.065016,1776330994000
1776330997.618,97.618,0.93,127.53,0.91,20.0,0.94,282.49,0.95,193.49,0.06,75.0,0.05,150.49,0.07,131.78,0.08,32.37,0.01,0.01,2346.99842,1776330996000
1776331000.756,100.756,0.93,146.88,0.91,41.16,0.94,212.04,0.95,212.8,0.06,282.49,0.05,193.49,0.07,127.53,0.09,20.0,0.01,0.01,2346.89441,1776330999000
1776331002.617,102.617,0.93,107.42,0.92,5.0,0.94,280.04,0.95,212.8,0.06,212.04,0.05,212.8,0.07,146.88,0.09,41.16,0.01,0.01,2346.810025,1776331001000
1776331003.628,103.628,0.93,32.84,0.91,41.16,0.94,225.04,0.95,212.8,0.06,280.04,0.05,212.8,0.07,107.42,0.08,5.0,0.01,0.01,2346.922378,1776331002000
1776331003.985,103.985,0.93,16.12,0.91,41.16,0.94,230.04,0.95,212.8,0.06,225.04,0.05,212.8,0.07,32.84,0.09,41.16,0.01,0.01,2346.922378,1776331002000
1776331005.521,105.521,0.91,33.69,0.9,91.5,0.94,210.04,0.95,207.8,0.06,230.04,0.05,212.8,0.07,16.12,0.09,41.16,0.03,0.01,2346.769457,1776331004000
1776331008.129,108.129,0.92,126.0,0.91,72.66,0.93,5.0,0.94,95.29,0.08,17.0,0.07,10.0,0.09,33.69,0.1,91.5,0.01,0.01,2346.794661,1776331007000
1776331008.563,108.563,0.94,15.0,0.93,52.0,0.95,149.07,0.96,391.3,0.07,5.0,0.06,95.29,0.08,126.0,0.09,72.66,0.01,0.01,2346.794661,1776331007000
1776331008.934,108.934,0.94,15.0,0.93,99.0,0.95,139.07,0.96,391.3,0.05,149.07,0.04,391.3,0.06,15.0,0.07,52.0,0.01,0.01,2346.794661,1776331007000
1776331013.675,113.675,0.94,130.94,0.93,99.0,0.95,52.27,0.96,341.3,0.05,139.07,0.04,391.3,0.06,15.0,0.07,99.0,0.01,0.01,2347.120201,1776331012000
1776331013.883,113.883,0.94,105.86,0.93,104.0,0.95,52.27,0.96,341.3,0.05,52.27,0.04,341.3,0.06,130.94,0.07,99.0,0.01,0.01,2347.120201,1776331012000
1776331014.517,114.517,0.94,182.0,0.93,77.5,0.95,25.28,0.96,253.29,0.05,52.27,0.04,341.3,0.06,105.86,0.07,104.0,0.01,0.01,2347.13293,1776331013000
1776331014.783,114.783,0.94,172.41,0.93,77.5,0.95,20.28,0.96,253.29,0.05,25.28,0.04,253.29,0.06,182.0,0.07,77.5,0.01,0.01,2347.13293,1776331013000
1776331015.317,115.317,0.94,167.41,0.93,77.5,0.95,15.28,0.96,258.29,0.05,20.28,0.04,253.29,0.06,172.41,0.07,77.5,0.01,0.01,2347.141235,1776331014000
1776331016.286,116.286,0.94,172.41,0.93,69.5,0.95,0.08,0.96,258.29,0.05,15.28,0.04,258.29,0.06,167.41,0.07,77.5,0.01,0.01,2347.141235,1776331014000
1776331021.767,121.767,0.95,25.0,0.94,210.77,0.96,85.55,0.97,745.7,0.05,0.08,0.04,258.29,0.06,172.41,0.07,69.5,0.01,0.01,2347.149815,1776331020000
1776331022.276,122.276,0.95,76.0,0.94,210.77,0.96,143.44,0.97,704.7,0.04,85.55,0.03,745.7,0.05,25.0,0.06,210.77,0.01,0.01,2347.149815,1776331020000
1776331023.225,123.225,0.95,51.0,0.94,178.77,0.96,143.38,0.97,697.7,0.04,133.38,0.03,704.7,0.05,76.0,0.06,210.77,0.01,0.01,2347.284333,1776331021000
1776331024.553,124.553,0.94,88.94,0.93,72.5,0.96,257.38,0.97,643.7,0.04,143.38,0.03,697.7,0.05,51.0,0.06,178.77,0.02,0.01,2347.207015,1776331023000
1776331027.47,127.47,0.92,413.5,0.91,500.66,0.95,130.99,0.96,192.33,0.04,257.38,0.03,643.7,0.06,88.94,0.07,72.5,0.03,0.02,2347.253305,1776331025000
1776331027.892,127.892,0.92,406.5,0.91,500.66,0.94,139.93,0.95,110.99,0.05,130.99,0.04,192.33,0.08,413.5,0.09,500.66,0.02,0.03,2347.16673,1776331026000
1776331031.062,131.062,0.92,5.0,0.91,109.66,0.93,32.92,0.94,48.99,0.06,139.93,0.05,110.99,0.08,406.5,0.09,500.66,0.01,0.02,2347.054015,1776331029000
1776331032.443,132.443,0.92,99.07,0.91,52.66,0.93,32.92,0.94,129.99,0.07,32.92,0.06,48.99,0.08,5.0,0.09,109.66,0.01,0.01,2347.058342,1776331031000
1776331037.813,137.813,0.91,3.16,0.9,92.5,0.92,34.0,0.93,15.0,0.07,32.92,0.06,129.99,0.08,99.07,0.09,52.66,0.01,0.01,2346.810925,1776331036000
1776331039.186,139.186,0.91,184.68,0.9,192.5,0.92,10.68,0.93,115.0,0.08,34.0,0.07,15.0,0.09,3.16,0.1,92.5,0.01,0.01,2346.88257,1776331037000
1776331041.683,141.683,0.91,69.68,0.89,100.0,0.92,130.67,0.93,173.94,0.08,10.68,0.07,115.0,0.09,184.68,0.1,192.5,0.01,0.01,2346.627625,1776331040000
1776331041.964,141.964,0.89,85.0,0.88,210.99,0.9,25.5,0.91,15.0,0.08,140.67,0.07,173.94,0.11,100.0,0.12,221.49,0.01,0.03,2346.627625,1776331040000
1776331042.435,142.435,0.88,196.17,0.87,42.5,0.89,7.97,0.9,115.0,0.1,25.5,0.09,15.0,0.11,85.0,0.12,210.99,0.01,0.01,2346.633185,1776331041000
1776331042.783,142.783,0.88,243.17,0.87,58.5,0.89,7.97,0.9,115.0,0.11,7.97,0.1,115.0,0.12,196.17,0.13,42.5,0.01,0.01,2346.633185,1776331041000
1776331043.595,143.595,0.88,228.17,0.87,58.5,0.89,7.97,0.9,115.0,0.11,7.97,0.1,115.0,0.12,243.17,0.13,58.5,0.01,0.01,2346.633185,1776331041000
1776331044.408,144.408,0.88,252.94,0.87,58.5,0.89,7.97,0.9,15.0,0.11,7.97,0.1,115.0,0.12,228.17,0.13,58.5,0.01,0.01,2346.519628,1776331043000
1776331046.433,146.433,0.91,209.0,0.9,47.5,0.92,7.89,0.93,115.0,0.11,7.97,0.1,15.0,0.12,252.94,0.13,58.5,0.01,0.01,2346.502564,1776331044000
1776331047.231,147.231,0.92,49.0,0.91,139.5,0.93,105.0,0.94,72.0,0.08,7.89,0.07,115.0,0.09,209.0,0.1,47.5,0.01,0.01,2346.566851,1776331045000
1776331047.473,147.473,0.92,97.0,0.91,100.5,0.93,112.89,0.94,72.0,0.07,105.0,0.06,72.0,0.08,49.0,0.09,139.5,0.01,0.01,2346.590924,1776331046000
1776331048.629,148.629,0.92,38.5,0.91,154.58,0.93,117.89,0.94,20.0,0.07,112.89,0.06,72.0,0.08,97.0,0.09,100.5,0.01,0.01,2346.488995,1776331047000
1776331049.113,149.113,0.92,40.0,0.91,211.58,0.93,110.78,0.94,20.0,0.07,117.89,0.06,20.0,0.08,38.5,0.09,154.58,0.01,0.01,2346.488995,1776331047000
1776331049.804,149.804,0.92,151.96,0.91,22.0,0.93,127.62,0.94,35.99,0.07,110.78,0.06,20.0,0.08,40.0,0.09,211.58,0.01,0.01,2346.55695,1776331048000
1776331050.958,150.958,0.92,166.96,0.91,21.5,0.93,4.73,0.94,35.99,0.07,127.62,0.06,35.99,0.08,151.96,0.09,22.0,0.01,0.01,2346.67852,1776331049000
1776331051.75,151.75,0.93,161.04,0.92,117.0,0.95,159.72,0.96,149.89,0.06,34.47,0.05,83.94,0.08,161.96,0.09,26.5,0.02,0.02,2346.705168,1776331050000
1776331052.285,152.285,0.94,103.0,0.93,81.0,0.95,119.67,0.96,142.89,0.05,159.72,0.04,149.89,0.07,161.04,0.08,117.0,0.01,0.02,2346.705168,1776331050000
1776331052.839,152.839,0.94,91.0,0.93,86.0,0.95,114.67,0.96,142.89,0.05,119.67,0.04,142.89,0.06,103.0,0.07,81.0,0.01,0.01,2346.59526,1776331051000
1776331053.679,153.679,0.94,86.0,0.93,117.0,0.95,136.97,0.96,142.89,0.05,114.67,0.04,142.89,0.06,91.0,0.07,86.0,0.01,0.01,2346.697821,1776331052000
1776331053.885,153.885,0.94,91.0,0.93,117.0,0.95,107.66,0.96,142.89,0.05,136.97,0.04,142.89,0.06,86.0,0.07,117.0,0.01,0.01,2346.697821,1776331052000
1776331058.685,158.685,0.94,103.23,0.93,63.0,0.95,118.98,0.96,142.89,0.05,107.66,0.04,142.89,0.06,91.0,0.07,117.0,0.01,0.01,2346.713695,1776331057000
1776331060.14,160.14,0.95,25.0,0.94,157.23,0.96,196.95,0.97,511.0,0.05,118.98,0.04,142.89,0.06,103.23,0.07,63.0,0.01,0.01,2346.69998,1776331058000
1776331060.9,160.9,0.95,83.2,0.94,155.23,0.96,196.95,0.97,511.0,0.04,196.95,0.03,511.0,0.05,25.0,0.06,157.23,0.01,0.01,2346.68542,1776331059000
1776331062.175,162.175,0.95,78.2,0.94,155.23,0.96,183.85,0.97,511.0,0.04,191.95,0.03,511.0,0.05,83.2,0.06,155.23,0.01,0.01,2346.894505,1776331061000
1776331063.457,163.457,0.95,50.0,0.94,131.23,0.96,151.56,0.97,516.0,0.04,183.85,0.03,511.0,0.05,78.2,0.06,155.23,0.01,0.01,2346.87267,1776331062000
1776331063.693,163.693,0.95,45.0,0.94,120.23,0.96,145.21,0.97,516.0,0.04,151.56,0.03,516.0,0.05,50.0,0.06,131.23,0.01,0.01,2346.87267,1776331062000
1776331066.856,166.856,0.95,97.0,0.94,211.91,0.97,521.99,0.98,721.7,0.04,145.21,0.03,516.0,0.05,45.0,0.06,120.23,0.02,0.01,2346.89422,1776331065000
1776331067.344,167.344,0.96,38.62,0.95,87.0,0.97,521.99,0.98,721.7,0.03,521.99,0.02,721.7,0.05,97.0,0.06,211.91,0.01,0.02,2346.890003,1776331066000
1776331069.817,169.817,0.96,126.62,0.95,101.0,0.97,442.99,0.98,538.0,0.03,521.99,0.02,721.7,0.04,38.62,0.05,87.0,0.01,0.01,2346.89302,1776331068000
1776331077.696,177.696,0.96,43.62,0.95,68.0,0.97,433.06,0.98,721.7,0.03,442.99,0.02,538.0,0.04,126.62,0.05,101.0,0.01,0.01,2347.022876,1776331076000
1776331078.461,178.461,0.96,43.62,0.95,68.0,0.97,398.0,0.98,670.69,0.03,433.06,0.02,721.7,0.04,43.62,0.05,68.0,0.01,0.01,2347.022876,1776331076000
1776331081.38,181.38,0.96,153.61,0.95,175.0,0.97,382.84,0.98,485.7,0.03,398.0,0.02,670.69,0.04,43.62,0.05,68.0,0.01,0.01,2346.962478,1776331079000
1776331090.745,190.745,0.96,271.92,0.95,191.5,0.97,375.84,0.98,475.7,0.03,382.84,0.02,485.7,0.04,153.61,0.05,175.0,0.01,0.01,2346.993701,1776331089000
1776331091.024,191.024,0.96,278.92,0.95,191.5,0.97,370.84,0.98,475.7,0.03,375.84,0.02,475.7,0.04,271.92,0.05,191.5,0.01,0.01,2346.993701,1776331089000
1776331091.839,191.839,0.96,277.92,0.95,191.5,0.97,365.84,0.98,470.7,0.03,370.84,0.02,475.7,0.04,278.92,0.05,191.5,0.01,0.01,2346.89505,1776331090000
1776331092.142,192.142,0.96,277.92,0.95,185.5,0.97,231.84,0.98,522.7,0.03,365.84,0.02,470.7,0.04,277.92,0.05,191.5,0.01,0.01,2346.89505,1776331090000
1776331092.641,192.641,0.96,277.92,0.95,283.79,0.97,226.84,0.98,522.7,0.03,231.84,0.02,522.7,0.04,277.92,0.05,185.5,0.01,0.01,2346.890785,1776331091000
1776331097.019,197.019,0.96,287.92,0.95,485.5,0.97,205.84,0.98,527.7,0.03,226.84,0.02,522.7,0.04,277.92,0.05,283.79,0.01,0.01,2346.835193,1776331095000
1776331098.561,198.561,0.96,255.3,0.95,460.5,0.97,187.41,0.98,344.0,0.03,205.84,0.02,527.7,0.04,287.92,0.05,485.5,0.01,0.01,2346.834563,1776331096000
1776331101.165,201.165,0.96,100.62,0.95,117.99,0.97,288.41,0.98,603.69,0.03,187.41,0.02,344.0,0.04,255.3,0.05,460.5,0.01,0.01,2346.84696,1776331099000
1776331101.908,201.908,0.95,45.0,0.94,152.99,0.97,470.1,0.98,699.69,0.03,288.41,0.02,603.69,0.04,67.62,0.05,117.99,0.02,0.01,2346.844205,1776331100000
1776331102.789,202.789,0.95,23.0,0.94,113.99,0.96,199.93,0.97,351.1,0.04,5.0,0.03,465.1,0.05,30.0,0.06,152.99,0.01,0.01,2346.93875,1776331101000
1776331104.616,204.616,0.94,112.65,0.93,71.5,0.95,78.87,0.96,106.73,0.04,199.93,0.03,367.1,0.06,123.65,0.07,61.0,0.01,0.02,2346.418359,1776331103000
1776331105.106,205.106,0.93,128.99,0.92,71.0,0.95,138.87,0.96,156.73,0.05,78.87,0.04,106.73,0.06,112.65,0.07,71.5,0.02,0.01,2346.418359,1776331103000
1776331109.135,209.135,0.96,45.0,0.95,154.99,0.97,311.11,0.98,521.69,0.05,107.0,0.04,156.73,0.07,123.99,0.08,71.0,0.01,0.02,2346.127258,1776331107000
1776331109.967,209.967,0.96,75.0,0.95,161.99,0.97,363.11,0.98,485.7,0.03,311.11,0.02,521.69,0.04,45.0,0.05,154.99,0.01,0.01,2346.211018,1776331108000
1776331110.777,210.777,0.96,70.0,0.95,218.99,0.97,134.41,0.98,485.7,0.03,363.11,0.02,485.7,0.04,75.0,0.05,161.99,0.01,0.01,2346.232715,1776331109000
1776331111.642,211.642,0.96,75.0,0.95,218.99,0.97,134.41,0.98,485.7,0.03,134.41,0.02,485.7,0.04,70.0,0.05,218.99,0.01,0.01,2346.232715,1776331109000
1776331112.418,212.418,0.96,75.0,0.95,218.99,0.97,124.41,0.98,485.7,0.03,134.41,0.02,485.7,0.04,75.0,0.05,218.99,0.01,0.01,2346.28989,1776331110000
1776331113.09,213.09,0.96,95.0,0.95,223.49,0.98,484.11,0.99,3060.33,0.03,124.41,0.02,485.7,0.04,75.0,0.05,218.99,0.02,0.01,2346.451302,1776331111000
1776331113.37,213.37,0.97,44.3,0.96,95.0,0.98,295.41,0.99,3060.33,0.02,484.11,0.01,3060.33,0.04,95.0,0.05,223.49,0.01,0.02,2346.330255,1776331112000
1776331114.639,214.639,0.97,29.0,0.96,95.0,0.98,484.11,0.99,3460.33,0.02,295.41,0.01,3060.33,0.03,44.3,0.04,95.0,0.01,0.01,2346.329365,1776331113000
1776331115.225,215.225,0.97,142.61,0.96,185.18,0.98,233.41,0.99,2556.4,0.02,484.11,0.01,3460.33,0.03,29.0,0.04,95.0,0.01,0.01,2346.480224,1776331114000
1776331116.039,216.039,0.97,90.99,0.96,237.18,0.98,228.41,0.99,2744.34,0.02,233.41,0.01,2556.4,0.03,142.61,0.04,185.18,0.01,0.01,2346.480224,1776331114000
1776331116.902,216.902,0.97,85.99,0.96,237.18,0.98,223.41,0.99,2756.4,0.02,228.41,0.01,2744.34,0.03,90.99,0.04,237.18,0.01,0.01,2346.39277,1776331115000
1776331117.294,217.294,0.97,90.61,0.96,299.49,0.98,172.41,0.99,3144.34,0.02,223.41,0.01,2756.4,0.03,85.99,0.04,237.18,0.01,0.01,2346.557395,1776331116000
1776331117.677,217.677,0.97,185.6,0.96,217.18,0.98,149.69,0.99,3144.34,0.02,154.69,0.01,3144.34,0.03,80.31,0.04,299.49,0.01,0.01,2346.557395,1776331116000
1776331118.498,218.498,0.97,201.3,0.96,217.18,0.98,151.69,0.99,3444.34,0.02,149.69,0.01,3144.34,0.03,185.6,0.04,217.18,0.01,0.01,2346.67647,1776331117000
1776331119.69,219.69,0.97,223.6,0.96,320.88,0.98,139.58,0.99,2944.34,0.02,151.69,0.01,3444.34,0.03,201.3,0.04,217.18,0.01,0.01,2346.680155,1776331118000
1776331119.974,219.974,0.97,201.3,0.96,310.88,0.98,54.47,0.99,2944.34,0.02,59.47,0.01,2944.34,0.03,223.6,0.04,320.88,0.01,0.01,2346.680155,1776331118000
1776331120.521,220.521,0.97,188.6,0.96,290.88,0.98,52.42,0.99,2580.74,0.02,54.47,0.01,2944.34,0.03,201.3,0.04,310.88,0.01,0.01,2346.71012,1776331119000
1776331120.796,220.796,0.97,119.62,0.96,280.88,0.98,47.42,0.99,2544.34,0.02,52.42,0.01,2580.74,0.03,188.6,0.04,290.88,0.01,0.01,2346.71012,1776331119000
1776331121.321,221.321,0.97,80.61,0.96,343.19,0.98,51.39,0.99,2615.67,0.02,47.42,0.01,2544.34,0.03,119.62,0.04,280.88,0.01,0.01,2346.75203,1776331120000
1776331122.229,222.229,0.97,127.31,0.96,286.19,0.98,39.53,0.99,2203.67,0.02,51.39,0.01,2615.67,0.03,80.61,0.04,343.19,0.01,0.01,2346.75203,1776331120000
1776331123.655,223.655,0.97,17.31,0.96,172.99,0.98,101.53,0.99,2595.33,0.02,39.53,0.01,2203.67,0.03,127.31,0.04,286.19,0.01,0.01,2346.658312,1776331122000
1776331127.95,227.95,0.97,57.61,0.96,196.68,0.98,41.53,0.99,3557.33,0.02,101.53,0.01,2595.33,0.03,17.31,0.04,172.99,0.01,0.01,2346.408855,1776331127000
1776331128.333,228.333,0.97,37.61,0.96,139.68,0.98,98.42,0.99,3557.33,0.02,41.53,0.01,3557.33,0.03,57.61,0.04,196.68,0.01,0.01,2346.408855,1776331127000
1776331129.624,229.624,0.97,26.31,0.96,156.68,0.98,93.42,0.99,3557.33,0.02,98.42,0.01,3557.33,0.03,37.61,0.04,139.68,0.01,0.01,2346.33425,1776331128000
1776331131.152,231.152,0.97,41.61,0.96,167.68,0.98,83.21,0.99,3557.33,0.02,93.42,0.01,3557.33,0.03,26.31,0.04,156.68,0.01,0.01,2346.30365,1776331130000
1776331132.249,232.249,0.97,41.61,0.96,182.68,0.98,123.1,0.99,3557.33,0.02,83.21,0.01,3557.33,0.03,41.61,0.04,167.68,0.01,0.01,2346.363551,1776331131000
1776331134.92,234.92,0.97,126.61,0.96,218.18,0.98,56.1,0.99,3507.33,0.02,123.1,0.01,3557.33,0.03,41.61,0.04,182.68,0.01,0.01,2346.37028,1776331133000
1776331135.781,235.781,0.97,111.31,0.96,218.18,0.98,51.1,0.99,3564.33,0.02,56.1,0.01,3507.33,0.03,126.61,0.04,218.18,0.01,0.01,2346.29325,1776331134000
1776331136.577,236.577,0.97,144.99,0.96,196.18,0.98,46.1,0.99,3538.33,0.02,51.1,0.01,3564.33,0.03,111.31,0.04,218.18,0.01,0.01,2346.29325,1776331135000
1776331137.376,237.376,0.97,197.99,0.96,134.18,0.98,41.1,0.99,2602.33,0.02,46.1,0.01,3538.33,0.03,144.99,0.04,196.18,0.01,0.01,2346.419478,1776331136000
1776331138.189,238.189,0.98,88.48,0.97,197.99,0.99,2565.27,,,0.01,2596.33,,,0.02,63.28,0.03,202.99,0.01,0.01,2346.447815,1776331137000
1776331139.084,239.084,0.98,88.48,0.97,197.99,0.99,2534.28,,,0.01,2565.27,,,0.02,88.48,0.03,197.99,0.01,0.01,2346.447815,1776331137000
1776331139.825,239.825,0.98,83.66,0.97,208.99,0.99,2734.28,,,0.01,2534.28,,,0.02,88.48,0.03,197.99,0.01,0.01,2346.44255,1776331138000
1776331141.28,241.28,0.98,83.66,0.97,216.68,0.99,2730.28,,,0.01,2724.28,,,0.02,73.46,0.03,208.99,0.01,0.01,2346.375415,1776331140000
1776331141.83,241.83,0.98,88.66,0.97,213.68,0.99,3223.96,,,0.01,2549.17,,,0.02,78.46,0.03,213.68,0.01,0.01,2346.375415,1776331140000
1776331142.165,242.165,0.98,88.66,0.97,228.68,0.99,3208.76,,,0.01,3223.96,,,0.02,88.66,0.03,213.68,0.01,0.01,2346.375415,1776331140000
1776331142.836,242.836,0.98,88.66,0.97,228.68,0.99,2839.04,,,0.01,2839.14,,,0.02,88.66,0.03,228.68,0.01,0.01,2346.37537,1776331141000
1776331144.399,244.399,0.98,88.66,0.97,250.68,0.99,2748.13,,,0.01,2839.04,,,0.02,88.66,0.03,228.68,0.01,0.01,2346.44121,1776331143000
1776331145.184,245.184,0.98,88.66,0.97,374.38,0.99,2743.13,,,0.01,2748.13,,,0.02,88.66,0.03,250.68,0.01,0.01,2346.44121,1776331143000
1776331146.038,246.038,0.98,98.85,0.97,374.38,0.99,2725.05,,,0.01,2730.05,,,0.02,98.85,0.03,374.38,0.01,0.01,2346.3433,1776331144000
1776331146.955,246.955,0.98,98.85,0.97,374.38,0.99,2725.05,,,0.01,2725.05,,,0.02,98.85,0.03,374.38,0.01,0.01,2346.314176,1776331145000
1776331147.414,247.414,0.98,434.54,0.97,267.38,0.99,1757.58,,,0.01,2725.05,,,0.02,98.85,0.03,374.38,0.01,0.01,2346.39366,1776331146000
1776331147.822,247.822,0.98,339.35,0.97,272.38,0.99,1747.58,,,0.01,1757.58,,,0.02,434.54,0.03,267.38,0.01,0.01,2346.39366,1776331146000
1776331148.576,248.576,0.98,399.55,0.97,262.38,0.99,1740.58,,,0.01,1745.58,,,0.02,339.35,0.03,272.38,0.01,0.01,2346.39406,1776331147000
1776331149.338,249.338,0.98,430.55,0.97,262.38,0.99,1735.58,,,0.01,1740.58,,,0.02,399.55,0.03,262.38,0.01,0.01,2346.384447,1776331148000
1776331150.202,250.202,0.98,425.55,0.97,262.38,0.99,2125.47,,,0.01,1725.47,,,0.02,425.55,0.03,262.38,0.01,0.01,2346.384447,1776331148000
1776331150.71,250.71,0.98,430.55,0.97,262.38,0.99,1612.47,,,0.01,2125.47,,,0.02,425.55,0.03,262.38,0.01,0.01,2346.65131,1776331149000
1776331150.944,250.944,0.98,425.35,0.97,262.38,0.99,1596.47,,,0.01,1601.47,,,0.02,435.55,0.03,262.38,0.01,0.01,2346.65131,1776331149000
1776331151.74,251.74,0.98,430.55,0.97,260.38,0.99,1591.47,,,0.01,1596.47,,,0.02,425.35,0.03,262.38,0.01,0.01,2346.65902,1776331150000
1776331153.519,253.519,0.98,420.35,0.97,260.38,0.99,1586.47,,,0.01,1591.47,,,0.02,430.55,0.03,260.38,0.01,0.01,2346.65969,1776331152000
1776331154.147,254.147,0.98,430.55,0.97,260.38,0.99,1576.32,,,0.01,1586.47,,,0.02,420.35,0.03,260.38,0.01,0.01,2346.65886,1776331153000
1776331154.637,254.637,0.98,420.35,0.97,260.38,0.99,1561.22,,,0.01,1576.32,,,0.02,435.55,0.03,260.38,0.01,0.01,2346.65886,1776331153000
1776331154.866,254.866,0.98,430.55,0.97,260.38,0.99,1554.56,,,0.01,1561.22,,,0.02,420.35,0.03,260.38,0.01,0.01,2346.65886,1776331153000
1776331155.45,255.45,0.98,430.55,0.97,260.38,0.99,1548.54,,,0.01,1553.54,,,0.02,430.55,0.03,260.38,0.01,0.01,2346.65085,1776331154000
1776331156.342,256.342,0.98,435.55,0.97,260.38,0.99,1547.52,,,0.01,1552.52,,,0.02,435.55,0.03,260.38,0.01,0.01,2346.6259,1776331155000
1776331157.246,257.246,0.98,666.23,0.97,260.38,0.99,1537.52,,,0.01,1547.52,,,0.02,435.55,0.03,260.38,0.01,0.01,2346.647675,1776331156000
1776331157.57,257.57,0.99,1087.48,0.98,671.23,,,,,0.01,1537.52,,,0.02,666.23,0.03,260.38,,0.01,2346.647675,1776331156000
1776331158.001,258.001,0.99,1126.65,0.98,414.03,,,,,,,,,0.01,1087.48,0.02,671.23,,,2346.647675,1776331156000
1776331159.795,259.795,0.99,1511.32,0.98,431.34,,,,,,,,,0.01,1085.64,0.02,414.03,,,2346.65102,1776331158000
1776331161.527,261.527,0.99,1540.14,0.98,409.03,,,,,,,,,0.01,1511.32,0.02,431.34,,,2346.65493,1776331160000
1776331163.918,263.918,0.99,1571.03,0.98,399.03,,,,,,,,,0.01,1540.14,0.02,409.03,,,2346.664805,1776331162000

# RESULT,winner=Up,slug=eth-updown-5m-1776330900,ticks=251
