timestamp,elapsed_sec,up_bid_p1,up_bid_s1,up_bid_p2,up_bid_s2,up_ask_p1,up_ask_s1,up_ask_p2,up_ask_s2,down_bid_p1,down_bid_s1,down_bid_p2,down_bid_s2,down_ask_p1,down_ask_s1,down_ask_p2,down_ask_s2,up_spread,down_spread,eth_price,eth_oracle_ts
1776321901.231,1.231,0.52,269.44,0.51,32.86,0.6,38.0,0.61,34.0,0.4,38.0,0.39,34.0,0.48,269.44,0.49,32.86,0.08,0.08,2353.594436,1776321900000
1776321901.467,1.467,0.61,4.79,0.52,75.0,0.62,6.0,0.64,5.5,0.4,38.0,0.39,34.0,0.48,269.44,0.49,32.86,0.01,0.08,2353.594436,1776321900000
1776321902.304,2.304,0.54,76.73,0.52,75.0,0.55,65.0,0.56,70.0,0.45,65.0,0.44,70.0,0.48,75.0,0.49,217.86,0.01,0.03,2353.594436,1776321900000
1776321902.54,2.54,0.54,123.11,0.52,75.0,0.55,65.0,0.56,70.0,0.45,65.0,0.44,70.0,0.46,76.73,0.48,75.0,0.01,0.01,2353.594436,1776321900000
1776321902.837,2.837,0.54,123.11,0.52,75.0,0.56,6.87,0.57,70.0,0.45,63.0,0.44,70.0,0.46,123.11,0.48,75.0,0.02,0.01,2353.594436,1776321900000
1776321903.537,3.537,0.54,119.65,0.52,75.0,0.55,10.0,0.56,66.87,0.44,6.87,0.43,70.0,0.46,123.11,0.48,75.0,0.01,0.02,2353.560332,1776321901000
1776321903.856,3.856,0.54,73.83,0.52,75.0,0.55,7.63,0.56,66.87,0.45,7.63,0.44,66.87,0.46,73.83,0.48,75.0,0.01,0.01,2353.51195,1776321902000
1776321904.429,4.429,0.54,73.83,0.52,75.0,0.55,7.63,0.56,66.87,0.45,7.63,0.44,66.87,0.46,73.83,0.48,75.0,0.01,0.01,2353.51195,1776321903000
1776321904.67,4.67,0.54,56.33,0.52,75.0,0.55,92.63,0.56,79.87,0.45,92.63,0.44,79.87,0.46,62.58,0.48,75.0,0.01,0.01,2353.51195,1776321903000
1776321904.883,4.883,0.54,56.33,0.52,75.0,0.55,56.26,0.56,79.87,0.45,56.26,0.44,79.87,0.46,56.33,0.48,75.0,0.01,0.01,2353.544805,1776321904000
1776321905.822,5.822,0.54,51.33,0.52,75.0,0.55,59.0,0.56,79.87,0.45,56.26,0.44,79.87,0.46,56.33,0.48,75.0,0.01,0.01,2353.544805,1776321904000
1776321906.864,6.864,0.54,56.33,0.52,75.0,0.55,59.45,0.56,84.87,0.45,59.45,0.44,84.87,0.46,56.33,0.48,75.0,0.01,0.01,2353.266845,1776321906000
1776321907.861,7.861,0.54,56.33,0.52,75.0,0.55,59.45,0.56,84.87,0.45,59.45,0.44,84.87,0.46,56.33,0.48,75.0,0.01,0.01,2353.352245,1776321907000
1776321908.54,8.54,0.54,46.33,0.52,75.0,0.55,103.0,0.56,139.04,0.45,59.45,0.44,84.87,0.46,56.33,0.48,75.0,0.01,0.01,2353.352245,1776321907000
1776321908.92,8.92,0.5,30.25,0.49,5.09,0.52,15.0,0.53,15.0,0.48,15.0,0.47,15.0,0.5,30.25,0.51,5.09,0.02,0.02,2353.37484,1776321908000
1776321909.17,9.17,0.5,28.25,0.49,5.09,0.51,82.0,0.52,98.0,0.48,15.0,0.47,15.0,0.5,30.25,0.51,5.09,0.01,0.02,2353.37484,1776321908000
1776321909.381,9.381,0.5,26.25,0.49,5.09,0.51,127.82,0.52,93.0,0.49,147.43,0.48,93.0,0.5,26.25,0.51,5.09,0.01,0.01,2353.37484,1776321908000
1776321909.952,9.952,0.5,26.25,0.49,5.09,0.52,73.34,0.53,20.0,0.49,105.34,0.48,93.0,0.5,26.25,0.51,5.09,0.02,0.01,2353.37484,1776321908000
1776321910.352,10.352,0.5,26.25,0.49,5.09,0.52,73.34,0.53,20.0,0.48,73.34,0.47,20.0,0.5,26.25,0.51,5.09,0.02,0.02,2353.381031,1776321909000
1776321910.69,10.69,0.5,5.49,0.49,5.09,0.51,97.78,0.52,167.34,0.49,92.78,0.48,167.34,0.5,15.25,0.51,5.09,0.01,0.01,2353.381031,1776321909000
1776321911.551,11.551,0.5,10.49,0.49,5.09,0.51,98.11,0.52,167.34,0.49,97.78,0.48,167.34,0.5,5.49,0.51,5.09,0.01,0.01,2353.155844,1776321910000
1776321911.871,11.871,0.5,10.49,0.49,5.09,0.51,107.12,0.52,167.34,0.49,98.11,0.48,167.34,0.5,10.49,0.51,5.09,0.01,0.01,2353.155844,1776321910000
1776321915.33,15.33,0.5,7.93,0.49,5.09,0.51,106.64,0.52,196.77,0.49,107.12,0.48,167.34,0.5,10.49,0.51,5.09,0.01,0.01,2353.095275,1776321914000
1776321915.614,15.614,0.5,2.93,0.49,5.09,0.51,98.05,0.52,167.34,0.49,106.64,0.48,196.77,0.5,7.93,0.51,5.09,0.01,0.01,2353.095275,1776321914000
1776321916.475,16.475,0.5,2.93,0.49,5.09,0.51,108.05,0.52,167.34,0.49,98.05,0.48,167.34,0.5,2.93,0.51,5.09,0.01,0.01,2353.095275,1776321914000
1776321920.767,20.767,0.46,7.16,0.45,8.88,0.47,46.0,0.48,76.63,0.49,103.05,0.48,167.34,0.52,7.48,0.53,10.5,0.01,0.03,2353.229709,1776321919000
1776321921.633,21.633,0.45,19.38,0.43,10.0,0.46,12.2,0.47,40.0,0.53,46.0,0.52,76.63,0.54,7.16,0.55,8.88,0.01,0.01,2353.21165,1776321920000
1776321924.49,24.49,0.45,12.59,0.43,10.0,0.46,22.2,0.47,41.0,0.54,12.2,0.53,40.0,0.55,19.38,0.57,10.0,0.01,0.01,2353.168945,1776321923000
1776321925.131,25.131,0.45,9.4,0.44,10.0,0.46,26.24,0.47,41.0,0.54,22.2,0.53,41.0,0.55,12.59,0.57,10.0,0.01,0.01,2353.168945,1776321923000
1776321931.532,31.532,0.44,20.5,0.43,20.5,0.45,75.04,0.46,23.2,0.54,26.24,0.53,41.0,0.55,9.4,0.56,10.0,0.01,0.01,2353.164625,1776321929000
1776321932.873,32.873,0.44,53.5,0.43,134.49,0.45,11.0,0.46,7.2,0.55,75.04,0.54,23.2,0.56,20.5,0.57,20.5,0.01,0.01,2353.09909,1776321931000
1776321933.781,33.781,0.46,279.3,0.45,131.73,0.47,66.0,0.48,15.5,0.53,5.0,0.52,16.0,0.56,58.5,0.57,134.49,0.01,0.03,2353.240758,1776321932000
1776321934.283,34.283,0.46,209.3,0.45,16.0,0.47,96.5,0.48,31.5,0.53,66.0,0.52,15.5,0.54,279.3,0.55,131.73,0.01,0.01,2353.240758,1776321932000
1776321934.946,34.946,0.46,3.44,0.45,16.0,0.47,108.5,0.48,31.5,0.53,96.5,0.52,31.5,0.54,5.3,0.55,16.0,0.01,0.01,2353.300064,1776321933000
1776321935.703,35.703,0.46,1.58,0.45,16.0,0.47,82.5,0.48,31.5,0.53,108.5,0.52,31.5,0.54,3.44,0.55,16.0,0.01,0.01,2353.300064,1776321934000
1776321938.611,38.611,0.41,174.73,0.4,24.0,0.47,107.5,0.48,100.54,0.53,82.5,0.52,31.5,0.54,1.58,0.55,16.0,0.06,0.01,2353.178699,1776321937000
1776321939.389,39.389,0.41,65.5,0.4,129.73,0.42,55.0,0.43,20.0,0.53,107.5,0.52,100.54,0.59,174.73,0.6,24.0,0.01,0.06,2353.178699,1776321937000
1776321940.597,40.597,0.41,28.52,0.4,5.0,0.42,139.5,0.43,30.5,0.58,55.0,0.57,20.0,0.59,65.5,0.6,129.73,0.01,0.01,2353.178308,1776321939000
1776321941.394,41.394,0.41,23.52,0.4,5.0,0.42,45.77,0.43,30.5,0.58,149.5,0.57,30.5,0.59,23.52,0.6,5.0,0.01,0.01,2353.196675,1776321940000
1776321942.01,42.01,0.41,18.52,0.4,5.0,0.42,103.77,0.43,39.5,0.58,45.77,0.57,30.5,0.59,23.52,0.6,5.0,0.01,0.01,2353.196675,1776321940000
1776321942.58,42.58,0.41,11.82,0.39,10.0,0.42,108.77,0.43,45.5,0.58,108.77,0.57,39.5,0.59,13.52,0.6,5.0,0.01,0.01,2353.1463,1776321941000
1776321944.64,44.64,0.41,3.68,0.39,20.5,0.42,140.77,0.43,100.13,0.58,108.77,0.57,45.5,0.59,11.82,0.61,10.0,0.01,0.01,2352.95041,1776321943000
1776321945.028,45.028,0.39,20.5,0.38,20.5,0.42,140.77,0.43,100.13,0.58,140.77,0.57,100.13,0.59,3.68,0.61,20.5,0.03,0.01,2352.95041,1776321943000
1776321946.035,46.035,0.39,12.44,0.38,20.5,0.4,151.0,0.41,20.0,0.58,140.77,0.57,100.13,0.61,20.5,0.62,20.5,0.01,0.03,2352.902781,1776321944000
1776321946.344,46.344,0.39,10.0,0.38,20.5,0.4,141.0,0.41,20.0,0.6,151.0,0.59,20.0,0.61,12.44,0.62,20.5,0.01,0.01,2352.902781,1776321944000
1776321946.954,46.954,0.39,10.0,0.38,20.5,0.4,139.03,0.41,20.0,0.6,141.0,0.59,20.0,0.61,10.0,0.62,20.5,0.01,0.01,2352.93779,1776321945000
1776321947.441,47.441,0.39,10.0,0.38,20.5,0.4,134.03,0.41,20.0,0.6,139.03,0.59,20.0,0.61,10.0,0.62,20.5,0.01,0.01,2353.070845,1776321946000
1776321947.793,47.793,0.39,15.0,0.38,20.5,0.4,106.18,0.41,20.0,0.6,129.03,0.59,20.0,0.61,10.0,0.62,20.5,0.01,0.01,2353.070845,1776321946000
1776321949.369,49.369,0.39,20.0,0.38,25.5,0.45,101.58,0.46,145.5,0.6,106.18,0.59,20.0,0.61,15.0,0.62,20.5,0.06,0.01,2352.920835,1776321948000
1776321950.15,50.15,0.39,30.5,0.38,35.5,0.45,83.03,0.46,145.5,0.6,94.0,0.59,5.0,0.61,35.86,0.62,30.5,0.06,0.01,2352.920835,1776321948000
1776321950.81,50.81,0.42,10.0,0.41,10.0,0.43,100.74,0.44,20.5,0.55,83.03,0.54,145.5,0.61,30.5,0.62,35.5,0.01,0.06,2353.096767,1776321949000
1776321951.502,51.502,0.41,10.0,0.4,12.5,0.42,56.17,0.43,53.24,0.57,105.74,0.56,20.5,0.6,12.5,0.61,30.5,0.01,0.03,2352.92941,1776321950000
1776321951.705,51.705,0.4,0.43,0.39,30.5,0.42,56.17,0.43,53.24,0.58,56.17,0.57,53.24,0.59,10.0,0.6,12.5,0.02,0.01,2352.92941,1776321950000
1776321953.619,53.619,0.4,1.43,0.39,35.5,0.41,141.61,0.42,83.11,0.58,56.17,0.57,53.24,0.6,0.43,0.61,30.5,0.01,0.02,2352.91158,1776321952000
1776321954.036,54.036,0.39,34.38,0.38,30.5,0.41,141.61,0.42,93.61,0.59,141.61,0.58,83.11,0.6,1.43,0.61,35.5,0.02,0.01,2352.91158,1776321953000
1776321955.337,55.337,0.4,20.5,0.39,35.5,0.41,44.16,0.42,98.61,0.59,49.04,0.58,93.61,0.6,20.5,0.61,35.5,0.01,0.01,2352.902105,1776321954000
1776321955.705,55.705,0.4,20.5,0.39,35.5,0.45,47.6,0.46,145.5,0.59,44.16,0.58,98.61,0.6,20.5,0.61,35.5,0.05,0.01,2352.902105,1776321954000
1776321956.768,56.768,0.42,10.0,0.41,10.0,0.43,5.02,0.44,20.5,0.55,47.6,0.54,145.5,0.6,20.5,0.61,35.5,0.01,0.05,2352.906288,1776321955000
1776321957.997,57.997,0.39,5.0,0.38,20.5,0.4,26.0,0.41,15.0,0.57,5.02,0.56,20.5,0.58,10.0,0.59,10.0,0.01,0.01,2352.90301,1776321956000
1776321958.222,58.222,0.39,4.02,0.38,30.5,0.4,21.0,0.41,80.0,0.6,26.0,0.59,15.0,0.61,5.0,0.62,20.5,0.01,0.01,2352.90359,1776321957000
1776321958.488,58.488,0.38,27.5,0.37,25.5,0.45,3.73,0.46,70.0,0.61,5.0,0.59,80.69,0.62,9.91,0.63,20.0,0.07,0.01,2352.90359,1776321957000
1776321958.818,58.818,0.37,13.96,0.36,20.5,0.38,10.0,0.39,15.0,0.55,3.73,0.54,70.0,0.62,27.5,0.63,25.5,0.01,0.07,2352.90359,1776321957000
1776321959.289,59.289,0.36,21.24,0.35,25.5,0.38,144.06,0.39,75.0,0.62,10.0,0.61,15.0,0.63,2.66,0.64,20.5,0.02,0.01,2352.893385,1776321958000
1776321960.001,60.001,0.37,9.09,0.36,21.24,0.38,109.06,0.39,75.0,0.62,144.06,0.61,75.0,0.64,21.24,0.65,25.5,0.01,0.02,2352.893225,1776321959000
1776321961.047,61.047,0.36,10.7,0.35,30.5,0.38,109.06,0.39,75.0,0.62,109.06,0.61,75.0,0.63,9.09,0.64,21.24,0.02,0.01,2352.893225,1776321959000
1776321961.435,61.435,0.37,15.0,0.36,20.7,0.38,82.53,0.39,75.0,0.62,109.06,0.61,75.0,0.64,10.7,0.65,30.5,0.01,0.02,2352.786088,1776321960000
1776321962.223,62.223,0.37,4.38,0.36,10.0,0.38,134.03,0.39,75.0,0.62,82.53,0.61,75.0,0.63,15.0,0.64,20.7,0.01,0.01,2352.786088,1776321960000
1776321963.043,63.043,0.37,1.6,0.36,20.5,0.38,104.03,0.39,75.0,0.62,134.03,0.61,75.0,0.63,4.38,0.64,10.0,0.01,0.01,2352.870424,1776321961000
1776321963.666,63.666,0.37,1.6,0.36,20.5,0.38,73.53,0.39,75.0,0.62,104.03,0.61,75.0,0.63,1.6,0.64,20.5,0.01,0.01,2352.761654,1776321962000
1776321964.331,64.331,0.36,25.5,0.35,25.5,0.38,177.41,0.39,75.0,0.62,73.53,0.61,75.0,0.63,1.6,0.64,20.5,0.02,0.01,2352.819149,1776321963000
1776321964.578,64.578,0.36,18.5,0.35,25.5,0.38,274.19,0.39,85.0,0.62,177.41,0.61,75.0,0.64,22.6,0.65,25.5,0.02,0.02,2352.819149,1776321963000
1776321965.085,65.085,0.35,23.64,0.34,20.0,0.38,281.55,0.39,85.0,0.62,281.55,0.61,85.0,0.64,17.71,0.65,25.5,0.03,0.02,2352.819149,1776321963000
1776321965.793,65.793,0.36,6.95,0.35,23.64,0.37,99.88,0.38,251.97,0.62,281.55,0.61,85.0,0.65,23.64,0.66,20.0,0.01,0.03,2352.819149,1776321963000
1776321967.061,67.061,0.35,23.1,0.34,20.0,0.37,121.79,0.38,230.06,0.63,99.88,0.62,251.97,0.64,6.95,0.65,23.64,0.02,0.01,2352.832985,1776321965000
1776321968.187,68.187,0.35,21.56,0.34,26.26,0.36,70.34,0.37,52.38,0.63,121.79,0.62,230.06,0.65,23.1,0.66,20.0,0.01,0.02,2352.74646,1776321966000
1776321969.068,69.068,0.35,19.57,0.34,20.0,0.37,52.38,0.38,230.06,0.64,49.56,0.63,52.38,0.65,21.56,0.66,126.99,0.02,0.01,2352.856264,1776321967000
1776321969.477,69.477,0.36,15.5,0.35,17.17,0.37,98.38,0.38,230.06,0.63,52.38,0.62,230.06,0.65,17.17,0.66,20.0,0.01,0.02,2352.848744,1776321968000
1776321971.01,71.01,0.29,26.36,0.28,10.0,0.31,27.0,0.32,90.0,0.63,98.38,0.62,230.06,0.64,15.5,0.65,17.17,0.02,0.01,2352.753198,1776321969000
1776321971.489,71.489,0.28,25.73,0.27,5.0,0.29,24.83,0.3,178.52,0.71,15.0,0.7,178.52,0.72,5.01,0.73,123.99,0.01,0.01,2352.754102,1776321970000
1776321971.976,71.976,0.28,14.12,0.27,5.0,0.29,24.83,0.3,178.52,0.71,24.83,0.7,178.52,0.72,10.92,0.73,5.0,0.01,0.01,2352.754102,1776321970000
1776321972.208,72.208,0.28,5.12,0.27,5.0,0.29,148.77,0.3,135.5,0.71,21.38,0.7,178.52,0.72,14.12,0.73,5.0,0.01,0.01,2352.754102,1776321970000
1776321972.7,72.7,0.28,15.55,0.27,5.0,0.29,143.77,0.3,135.5,0.71,148.77,0.7,135.5,0.72,5.12,0.73,5.0,0.01,0.01,2352.71899,1776321971000
1776321973.686,73.686,0.28,5.05,0.27,20.5,0.29,145.32,0.3,135.5,0.71,143.77,0.7,135.5,0.72,15.55,0.73,5.0,0.01,0.01,2352.651095,1776321972000
1776321974.388,74.388,0.27,18.76,0.26,126.99,0.28,107.88,0.29,40.93,0.71,145.32,0.7,135.5,0.73,18.76,0.74,115.99,0.01,0.02,2352.51214,1776321973000
1776321975.993,75.993,0.27,7.8,0.26,5.0,0.28,112.88,0.29,56.43,0.72,107.88,0.71,40.93,0.73,18.76,0.74,126.99,0.01,0.01,2352.503634,1776321974000
1776321976.606,76.606,0.27,3.56,0.26,5.0,0.28,118.38,0.29,40.93,0.72,112.88,0.71,56.43,0.73,7.8,0.74,5.0,0.01,0.01,2352.501387,1776321975000
1776321979.842,79.842,0.25,20.5,0.24,205.72,0.27,57.0,0.28,79.52,0.72,118.38,0.71,40.93,0.73,3.56,0.74,5.0,0.02,0.01,2352.299671,1776321978000
1776321981.261,81.261,0.26,51.92,0.25,25.5,0.27,46.29,0.28,54.5,0.73,53.29,0.72,79.52,0.75,20.5,0.76,205.72,0.01,0.02,2352.476715,1776321980000
1776321981.615,81.615,0.26,63.92,0.25,25.5,0.27,11.11,0.28,24.5,0.73,46.29,0.72,54.5,0.74,51.92,0.75,25.5,0.01,0.01,2352.476715,1776321980000
1776321984.107,84.107,0.26,76.1,0.25,35.5,0.27,30.28,0.28,24.5,0.73,11.11,0.72,24.5,0.74,63.92,0.75,25.5,0.01,0.01,2352.311165,1776321983000
1776321984.375,84.375,0.26,86.1,0.25,35.5,0.27,26.57,0.28,24.5,0.73,30.28,0.72,24.5,0.74,76.1,0.75,35.5,0.01,0.01,2352.311165,1776321983000
1776321986.085,86.085,0.26,71.1,0.25,35.5,0.27,22.86,0.28,24.5,0.73,26.57,0.72,24.5,0.74,86.1,0.75,35.5,0.01,0.01,2352.388037,1776321984000
1776321987.156,87.156,0.26,86.6,0.25,40.76,0.27,24.15,0.28,5.0,0.73,22.86,0.72,24.5,0.74,71.1,0.75,35.5,0.01,0.01,2352.34091,1776321986000
1776321987.365,87.365,0.26,96.6,0.25,220.49,0.3,4.4,0.31,10.5,0.73,14.15,0.72,5.0,0.74,96.6,0.75,220.49,0.04,0.01,2352.34091,1776321986000
1776321989.595,89.595,0.29,12.66,0.28,20.0,0.3,85.29,0.31,20.5,0.68,80.5,0.67,25.5,0.71,15.0,0.72,15.0,0.01,0.03,2352.36677,1776321988000
1776321990.361,90.361,0.29,12.66,0.28,20.0,0.3,75.29,0.31,20.5,0.7,85.29,0.69,20.5,0.71,12.66,0.72,20.0,0.01,0.01,2352.448978,1776321989000
1776321991.941,91.941,0.26,43.1,0.25,5.0,0.27,53.5,0.28,25.5,0.7,75.29,0.69,20.5,0.71,12.66,0.72,20.0,0.01,0.01,2352.5396,1776321990000
1776321992.167,92.167,0.26,10.28,0.25,5.0,0.27,145.46,0.28,25.5,0.73,53.5,0.72,25.5,0.74,31.1,0.75,5.0,0.01,0.01,2352.5397,1776321991000
1776321992.426,92.426,0.25,1.27,0.22,5.0,0.27,150.46,0.28,25.5,0.73,145.46,0.72,25.5,0.74,10.28,0.75,5.0,0.02,0.01,2352.5397,1776321991000
1776321992.843,92.843,0.22,9.21,0.21,5.0,0.23,15.0,0.24,20.0,0.77,10.0,0.76,10.0,0.78,14.21,0.79,5.0,0.01,0.01,2352.5397,1776321991000
1776321993.067,93.067,0.22,5.0,0.21,10.5,0.23,11.0,0.24,15.0,0.77,18.0,0.76,20.0,0.78,9.21,0.79,5.0,0.01,0.01,2352.5397,1776321991000
1776321993.523,93.523,0.21,15.5,0.2,20.0,0.22,10.45,0.23,65.41,0.78,10.45,0.77,72.41,0.79,15.5,0.8,20.0,0.01,0.01,2352.473198,1776321992000
1776321994.116,94.116,0.21,10.5,0.2,20.0,0.23,53.66,0.24,30.5,0.78,10.45,0.77,65.41,0.79,10.5,0.8,20.0,0.02,0.01,2352.455942,1776321993000
1776321994.68,94.68,0.22,0.29,0.21,10.5,0.23,88.66,0.24,30.5,0.77,88.66,0.76,30.5,0.78,1.58,0.79,10.5,0.01,0.01,2352.455942,1776321993000
1776321994.966,94.966,0.21,5.79,0.2,30.0,0.23,98.66,0.24,35.5,0.77,88.66,0.76,30.5,0.78,0.29,0.79,10.5,0.02,0.01,2352.455942,1776321993000
1776321995.229,95.229,0.21,16.29,0.2,30.0,0.22,119.18,0.23,60.5,0.77,98.66,0.76,35.5,0.79,5.79,0.8,30.0,0.01,0.02,2352.455942,1776321993000
1776321996.502,96.502,0.21,19.29,0.2,25.0,0.22,118.73,0.23,83.87,0.78,119.18,0.77,60.5,0.79,11.29,0.8,25.0,0.01,0.01,2352.108777,1776321995000
1776321996.779,96.779,0.21,14.29,0.2,25.0,0.22,118.73,0.23,83.87,0.78,118.73,0.77,83.87,0.79,19.29,0.8,25.0,0.01,0.01,2352.108777,1776321995000
1776321997.949,97.949,0.2,0.66,0.19,10.0,0.21,57.5,0.22,132.23,0.78,118.73,0.77,83.87,0.79,14.29,0.8,25.0,0.01,0.01,2352.020336,1776321996000
1776321998.18,98.18,0.17,21.66,0.16,115.73,0.2,100.0,0.21,223.95,0.79,57.5,0.78,65.5,0.82,6.16,0.83,25.5,0.03,0.03,2352.020336,1776321996000
1776321998.413,98.413,0.18,8.78,0.17,21.66,0.2,153.76,0.21,223.95,0.8,143.26,0.79,223.95,0.82,10.0,0.83,21.66,0.02,0.02,2352.020336,1776321996000
1776321999.11,99.11,0.18,1.18,0.17,21.66,0.19,102.52,0.2,146.76,0.8,153.76,0.79,223.95,0.82,3.78,0.83,21.66,0.01,0.02,2352.144911,1776321997000
1776321999.462,99.462,0.17,17.58,0.16,15.0,0.19,138.17,0.2,146.76,0.81,100.67,0.8,146.76,0.82,1.18,0.83,21.66,0.02,0.01,2352.144911,1776321997000
1776322000.291,100.291,0.18,30.5,0.17,22.58,0.19,92.38,0.2,106.76,0.81,138.17,0.8,146.76,0.83,17.58,0.84,15.0,0.01,0.02,2352.03298,1776321998000
1776322000.681,100.681,0.18,40.5,0.17,22.58,0.19,0.36,0.2,96.26,0.81,92.38,0.8,106.76,0.82,30.5,0.83,22.58,0.01,0.01,2352.03298,1776321998000
1776322002.464,102.464,0.18,15.0,0.17,12.08,0.19,90.99,0.2,130.62,0.81,0.36,0.8,96.26,0.82,40.5,0.83,22.58,0.01,0.01,2351.842336,1776322000000
1776322006.064,106.064,0.18,31.46,0.17,22.58,0.19,49.49,0.2,130.62,0.81,90.99,0.8,130.62,0.82,15.0,0.83,12.08,0.01,0.01,2351.82737,1776322004000
1776322008.448,108.448,0.18,175.22,0.17,143.84,0.19,20.11,0.2,25.86,0.81,49.49,0.8,130.62,0.82,31.46,0.83,22.58,0.01,0.01,2351.990764,1776322007000
1776322009.915,109.915,0.19,265.49,0.18,116.96,0.23,14.15,0.24,10.5,0.8,7.71,0.76,20.5,0.82,275.95,0.83,143.84,0.04,0.02,2351.88309,1776322008000
1776322010.359,110.359,0.24,20.0,0.23,101.0,0.25,14.23,0.26,75.0,0.77,14.15,0.76,10.5,0.81,265.49,0.82,116.96,0.01,0.04,2351.88309,1776322008000
1776322013.469,113.469,0.24,111.0,0.23,77.0,0.25,85.51,0.26,85.5,0.75,14.23,0.74,75.0,0.76,20.0,0.77,101.0,0.01,0.01,2352.20697,1776322011000
1776322014.354,114.354,0.24,106.0,0.23,77.0,0.25,45.51,0.26,95.5,0.75,85.51,0.74,85.5,0.76,111.0,0.77,77.0,0.01,0.01,2352.304305,1776322012000
1776322016.402,116.402,0.24,104.42,0.23,77.0,0.25,43.31,0.26,95.5,0.75,45.51,0.74,95.5,0.76,106.0,0.77,77.0,0.01,0.01,2352.32428,1776322015000
1776322018.625,118.625,0.24,96.17,0.23,87.5,0.25,43.31,0.26,85.5,0.75,43.31,0.74,95.5,0.76,104.42,0.77,77.0,0.01,0.01,2352.28329,1776322017000
1776322020.412,120.412,0.24,96.17,0.23,227.5,0.26,10.5,0.27,10.5,0.75,43.31,0.74,85.5,0.76,96.17,0.77,87.5,0.02,0.01,2352.28329,1776322017000
1776322020.682,120.682,0.25,106.33,0.24,72.67,0.27,0.42,0.28,5.0,0.74,10.5,0.73,10.5,0.75,104.33,0.76,72.17,0.02,0.01,2352.37859,1776322019000
1776322020.993,120.993,0.27,106.58,0.26,82.0,0.28,10.5,0.29,34.38,0.72,5.0,0.7,20.0,0.73,5.58,0.74,106.0,0.01,0.01,2352.37859,1776322019000
1776322021.337,121.337,0.28,66.23,0.27,96.58,0.29,39.38,0.3,20.0,0.72,10.5,0.71,34.38,0.73,106.58,0.74,82.0,0.01,0.01,2352.41085,1776322020000
1776322021.767,121.767,0.28,157.23,0.27,77.58,0.29,46.43,0.3,20.0,0.71,39.38,0.7,20.0,0.72,66.23,0.73,96.58,0.01,0.01,2352.41085,1776322020000
1776322022.636,122.636,0.28,145.25,0.27,87.58,0.29,90.35,0.3,20.0,0.71,46.43,0.7,20.0,0.72,157.23,0.73,77.58,0.01,0.01,2352.41085,1776322020000
1776322022.837,122.837,0.28,146.87,0.27,82.58,0.29,90.35,0.3,20.0,0.71,90.35,0.7,20.0,0.72,145.25,0.73,87.58,0.01,0.01,2352.41085,1776322020000
1776322023.624,123.624,0.28,146.87,0.27,82.58,0.29,71.9,0.3,10.0,0.71,75.35,0.7,20.0,0.72,146.87,0.73,82.58,0.01,0.01,2352.37187,1776322021000
1776322024.925,124.925,0.28,113.87,0.27,82.58,0.29,86.9,0.3,20.0,0.71,71.9,0.7,10.0,0.72,146.87,0.73,82.58,0.01,0.01,2352.51206,1776322023000
1776322025.752,125.752,0.28,119.37,0.27,77.0,0.3,9.38,0.31,25.5,0.71,86.9,0.7,20.0,0.72,113.87,0.73,82.58,0.02,0.01,2352.46596,1776322024000
1776322029.341,129.341,0.28,91.77,0.27,25.5,0.29,15.0,0.3,13.21,0.7,2.71,0.69,25.5,0.72,119.37,0.73,77.0,0.01,0.02,2352.604451,1776322028000
1776322031.547,131.547,0.28,71.87,0.27,5.0,0.29,35.5,0.3,18.21,0.71,15.0,0.7,13.21,0.72,91.77,0.73,25.5,0.01,0.01,2352.50859,1776322030000
1776322033.916,133.916,0.28,62.87,0.27,25.5,0.3,85.5,0.31,110.5,0.71,35.5,0.7,18.21,0.72,71.87,0.73,5.0,0.02,0.01,2352.441442,1776322032000
1776322036.059,136.059,0.29,2.95,0.28,72.87,0.3,95.5,0.31,114.26,0.71,17.01,0.7,85.5,0.72,82.87,0.73,25.5,0.01,0.01,2352.538338,1776322034000
1776322036.652,136.652,0.29,0.14,0.28,72.87,0.3,89.5,0.31,114.26,0.7,89.5,0.69,114.26,0.71,2.95,0.72,72.87,0.01,0.01,2352.492315,1776322035000
1776322037.243,137.243,0.29,0.14,0.28,72.87,0.3,93.5,0.31,119.58,0.7,89.5,0.69,114.26,0.71,0.14,0.72,72.87,0.01,0.01,2352.492315,1776322035000
1776322037.973,137.973,0.29,5.14,0.28,72.87,0.3,90.16,0.31,129.95,0.7,93.5,0.69,119.58,0.71,0.14,0.72,72.87,0.01,0.01,2352.618318,1776322036000
1776322038.727,138.727,0.29,30.64,0.28,83.37,0.3,42.66,0.31,109.45,0.7,90.16,0.69,129.95,0.71,5.14,0.72,72.87,0.01,0.01,2352.5131,1776322037000
1776322038.941,138.941,0.29,80.64,0.28,88.37,0.3,18.93,0.31,70.0,0.7,37.66,0.69,109.45,0.71,39.64,0.72,83.37,0.01,0.01,2352.5131,1776322037000
1776322040.471,140.471,0.29,90.64,0.28,88.37,0.3,6.93,0.31,70.0,0.7,12.93,0.69,70.0,0.71,80.64,0.72,88.37,0.01,0.01,2352.696149,1776322039000
1776322041.657,141.657,0.29,19.0,0.28,83.37,0.3,98.75,0.31,90.5,0.7,6.93,0.69,70.0,0.71,90.64,0.72,88.37,0.01,0.01,2352.624575,1776322040000
1776322044.723,144.723,0.29,19.0,0.28,72.87,0.35,0.9,0.36,70.0,0.7,98.75,0.69,90.5,0.71,19.0,0.72,83.37,0.06,0.01,2352.71621,1776322043000
1776322045.246,145.246,0.31,17.94,0.3,30.0,0.32,25.0,0.33,87.17,0.65,0.9,0.64,70.0,0.71,19.0,0.72,72.87,0.01,0.06,2352.718514,1776322044000
1776322045.998,145.998,0.31,31.28,0.3,35.0,0.32,123.56,0.33,10.0,0.68,25.0,0.67,87.17,0.69,12.28,0.7,35.0,0.01,0.01,2352.580696,1776322045000
1776322049.539,149.539,0.31,27.28,0.3,35.0,0.32,143.42,0.33,10.0,0.68,123.56,0.67,10.0,0.69,31.28,0.7,35.0,0.01,0.01,2352.578004,1776322048000
1776322050.163,150.163,0.31,16.13,0.3,35.0,0.32,143.42,0.33,10.0,0.68,143.42,0.67,10.0,0.69,27.28,0.7,35.0,0.01,0.01,2352.670936,1776322049000
1776322051.283,151.283,0.31,11.13,0.3,35.0,0.32,65.61,0.33,40.68,0.68,143.42,0.67,10.0,0.69,16.13,0.7,35.0,0.01,0.01,2352.587178,1776322050000
1776322052.291,152.291,0.31,77.63,0.3,120.5,0.32,30.92,0.33,16.3,0.68,65.61,0.67,40.68,0.69,11.13,0.7,35.0,0.01,0.01,2352.587178,1776322050000
1776322052.536,152.536,0.31,82.63,0.3,122.5,0.32,20.59,0.33,16.3,0.68,30.92,0.67,16.3,0.69,77.63,0.7,120.5,0.01,0.01,2352.676279,1776322051000
1776322052.784,152.784,0.31,161.36,0.3,94.76,0.32,20.59,0.37,10.47,0.68,20.59,0.67,16.3,0.69,82.63,0.7,122.5,0.01,0.01,2352.676279,1776322051000
1776322053.1,153.1,0.37,119.5,0.36,127.0,0.38,205.06,0.4,5.0,0.62,215.06,0.6,5.0,0.69,181.1,0.7,94.76,0.01,0.07,2352.70545,1776322052000
1776322053.362,153.362,0.37,127.64,0.36,187.0,0.38,186.2,0.4,5.0,0.62,199.92,0.6,5.0,0.63,127.64,0.64,177.0,0.01,0.01,2352.70545,1776322052000
1776322053.605,153.605,0.37,149.64,0.36,194.0,0.38,170.41,0.4,5.0,0.62,186.2,0.6,5.0,0.63,127.64,0.64,187.0,0.01,0.01,2352.70545,1776322052000
1776322054.149,154.149,0.44,89.5,0.43,29.5,0.5,3.19,0.51,65.0,0.55,5.55,0.53,6.0,0.57,10.5,0.58,5.0,0.06,0.02,2352.940262,1776322053000
1776322054.502,154.502,0.49,80.82,0.48,19.0,0.5,10.5,0.51,15.0,0.5,1.99,0.49,65.0,0.56,94.5,0.57,29.5,0.01,0.06,2352.940262,1776322053000
1776322054.763,154.763,0.49,39.88,0.48,24.0,0.5,10.5,0.51,15.0,0.5,15.5,0.49,15.0,0.51,34.88,0.52,24.0,0.01,0.01,2352.940262,1776322053000
1776322055.212,155.212,0.49,17.58,0.48,24.0,0.5,70.87,0.51,15.0,0.5,10.5,0.49,15.0,0.51,39.88,0.52,24.0,0.01,0.01,2352.940262,1776322053000
1776322055.422,155.422,0.49,14.08,0.48,19.0,0.5,70.87,0.51,15.0,0.5,70.87,0.49,15.0,0.51,17.58,0.52,24.0,0.01,0.01,2353.159088,1776322054000
1776322058.242,158.242,0.5,80.0,0.49,24.08,0.51,30.0,0.52,86.4,0.5,70.87,0.49,15.0,0.51,14.08,0.52,19.0,0.01,0.01,2353.494671,1776322056000
1776322058.696,158.696,0.5,75.0,0.49,19.08,0.51,30.0,0.52,65.9,0.49,30.0,0.48,86.4,0.5,80.0,0.51,24.08,0.01,0.01,2353.314955,1776322057000
1776322061.502,161.502,0.51,109.6,0.5,70.0,0.52,5.0,0.53,30.48,0.49,30.0,0.48,65.9,0.5,75.0,0.51,19.08,0.01,0.01,2353.401855,1776322060000
1776322062.624,162.624,0.51,130.6,0.5,51.0,0.52,35.5,0.53,35.5,0.48,5.0,0.47,30.48,0.49,109.6,0.5,70.0,0.01,0.01,2353.400795,1776322061000
1776322062.849,162.849,0.51,125.6,0.5,19.0,0.52,40.5,0.53,35.5,0.48,35.5,0.47,35.5,0.49,130.6,0.5,51.0,0.01,0.01,2353.400795,1776322061000
1776322063.813,163.813,0.51,0.6,0.5,19.0,0.52,87.28,0.53,35.5,0.48,40.5,0.47,35.5,0.49,125.6,0.5,19.0,0.01,0.01,2353.414445,1776322062000
1776322065.789,165.789,0.5,9.0,0.49,10.0,0.51,35.5,0.52,61.78,0.48,87.28,0.47,35.5,0.5,19.0,0.51,15.0,0.01,0.02,2353.419942,1776322064000
1776322066.542,166.542,0.5,19.0,0.49,15.0,0.51,27.96,0.52,62.28,0.49,35.5,0.48,61.78,0.5,9.0,0.51,10.0,0.01,0.01,2353.343908,1776322065000
1776322066.863,166.863,0.5,14.0,0.49,15.0,0.51,17.96,0.52,62.28,0.49,27.96,0.48,62.28,0.5,19.0,0.51,15.0,0.01,0.01,2353.343908,1776322065000
1776322072.124,172.124,0.4,39.5,0.39,15.0,0.42,2.73,0.43,24.51,0.49,17.96,0.48,62.28,0.5,14.0,0.51,15.0,0.02,0.01,2353.423295,1776322070000
1776322076.26,176.26,0.41,140.23,0.4,25.5,0.43,5.0,0.44,10.5,0.58,2.73,0.57,24.51,0.6,39.5,0.61,15.0,0.02,0.02,2353.20901,1776322075000
1776322076.489,176.489,0.42,10.5,0.41,160.5,0.51,64.4,0.52,19.4,0.57,5.0,0.56,10.5,0.59,140.23,0.6,25.5,0.09,0.02,2353.20901,1776322075000
1776322078.048,178.048,0.49,17.94,0.48,15.0,0.5,34.4,0.51,64.4,0.49,64.4,0.48,19.4,0.58,10.5,0.59,160.5,0.01,0.09,2353.21985,1776322076000
1776322078.514,178.514,0.49,5.94,0.48,15.0,0.5,34.4,0.51,74.4,0.5,34.4,0.49,64.4,0.51,17.94,0.52,15.0,0.01,0.01,2353.21985,1776322076000
1776322079.403,179.403,0.46,5.0,0.45,30.5,0.49,35.0,0.5,44.9,0.5,34.4,0.49,74.4,0.51,5.94,0.52,15.0,0.03,0.01,2353.3105,1776322078000
1776322080.794,180.794,0.49,12.15,0.48,15.0,0.5,34.4,0.51,64.4,0.51,35.0,0.5,44.9,0.54,5.0,0.55,30.5,0.01,0.03,2353.310525,1776322079000
1776322081.633,181.633,0.49,5.0,0.48,15.0,0.5,59.4,0.51,89.9,0.5,34.4,0.49,64.4,0.51,12.15,0.52,15.0,0.01,0.01,2353.30524,1776322080000
1776322082.182,182.182,0.48,15.0,0.47,15.0,0.5,103.87,0.51,89.9,0.5,59.4,0.49,89.9,0.51,5.0,0.52,15.0,0.02,0.01,2353.30524,1776322080000
1776322084.714,184.714,0.48,5.0,0.47,15.0,0.49,15.0,0.5,29.4,0.5,103.87,0.49,89.9,0.52,15.0,0.53,15.0,0.01,0.02,2353.426544,1776322083000
1776322085.93,185.93,0.47,5.0,0.46,20.0,0.48,38.97,0.49,25.0,0.51,15.0,0.5,29.4,0.52,5.0,0.53,15.0,0.01,0.01,2353.449161,1776322084000
1776322086.797,186.797,0.46,10.0,0.45,5.0,0.47,3.61,0.48,20.0,0.52,38.97,0.51,25.0,0.53,5.0,0.54,20.0,0.01,0.01,2353.415613,1776322085000
1776322087.86,187.86,0.39,9.9,0.38,15.5,0.4,54.0,0.41,15.0,0.53,3.61,0.52,20.0,0.54,10.0,0.55,5.0,0.01,0.01,2353.431871,1776322086000
1776322088.86,188.86,0.39,7.12,0.38,15.5,0.4,39.0,0.41,10.0,0.6,54.0,0.59,15.0,0.61,9.9,0.62,15.5,0.01,0.01,2353.31439,1776322087000
1776322089.383,189.383,0.38,18.15,0.37,11.0,0.39,20.0,0.4,39.0,0.6,44.0,0.59,10.0,0.62,12.62,0.63,11.0,0.01,0.02,2353.404444,1776322088000
1776322091.187,191.187,0.38,11.53,0.37,26.0,0.39,25.0,0.4,10.0,0.61,20.0,0.6,39.0,0.62,18.15,0.63,11.0,0.01,0.01,2353.10676,1776322089000
1776322094.368,194.368,0.37,26.5,0.36,15.0,0.39,53.0,0.4,25.0,0.61,25.0,0.6,10.0,0.62,11.53,0.63,26.0,0.02,0.01,2353.077212,1776322093000
1776322098.304,198.304,0.37,16.73,0.36,20.0,0.38,28.0,0.39,28.0,0.61,53.0,0.6,25.0,0.63,26.5,0.64,15.0,0.01,0.02,2353.040982,1776322097000
1776322099.155,199.155,0.37,16.73,0.36,20.0,0.38,28.0,0.39,23.0,0.62,28.0,0.61,28.0,0.63,16.73,0.64,20.0,0.01,0.01,2353.046732,1776322098000
1776322100.045,200.045,0.37,16.73,0.36,20.0,0.38,26.02,0.39,23.0,0.62,28.0,0.61,23.0,0.63,16.73,0.64,20.0,0.01,0.01,2353.046732,1776322098000
1776322101.012,201.012,0.37,26.73,0.36,65.0,0.38,11.02,0.39,18.0,0.62,26.02,0.61,23.0,0.63,16.73,0.64,20.0,0.01,0.01,2353.037937,1776322099000
1776322101.236,201.236,0.58,10.0,0.57,30.5,0.6,22.2,0.62,10.5,0.62,11.02,0.61,18.0,0.63,26.73,0.64,65.0,0.02,0.01,2353.035687,1776322100000
1776322101.683,201.683,0.7,15.0,0.69,10.0,0.71,41.4,0.72,16.5,0.36,0.5,0.34,5.0,0.39,6.71,0.4,24.0,0.01,0.03,2353.035687,1776322100000
1776322101.907,201.907,0.77,10.0,0.73,10.5,0.79,21.6,0.8,28.5,0.27,40.5,0.21,21.7,0.32,139.29,0.33,20.0,0.02,0.05,2353.035687,1776322100000
1776322102.167,202.167,0.78,26.0,0.77,10.0,0.8,1.58,0.82,24.4,0.21,21.6,0.2,28.5,0.23,10.0,0.27,10.5,0.02,0.02,2353.151266,1776322101000
1776322102.537,202.537,0.8,15.0,0.78,38.0,0.81,3.76,0.82,5.0,0.19,5.0,0.16,26.8,0.2,2.0,0.22,31.0,0.01,0.01,2353.151266,1776322101000
1776322102.982,202.982,0.75,9.9,0.73,15.5,0.81,53.76,0.84,26.8,0.19,3.76,0.18,5.0,0.2,15.0,0.22,38.0,0.06,0.01,2353.151266,1776322101000
1776322103.65,203.65,0.73,15.5,0.72,116.23,0.76,43.07,0.77,5.0,0.24,55.0,0.23,5.0,0.27,15.5,0.28,15.5,0.03,0.03,2353.462498,1776322102000
1776322103.974,203.974,0.73,15.5,0.72,116.23,0.75,22.04,0.76,43.07,0.24,43.07,0.23,5.0,0.27,15.5,0.28,116.23,0.02,0.03,2353.462498,1776322102000
1776322105.559,205.559,0.73,10.5,0.72,15.5,0.74,45.0,0.76,54.07,0.25,22.04,0.24,43.07,0.27,15.5,0.28,116.23,0.01,0.02,2354.450719,1776322104000
1776322105.903,205.903,0.73,10.5,0.72,15.5,0.74,43.62,0.76,11.0,0.26,45.0,0.24,11.0,0.27,10.5,0.28,15.5,0.01,0.01,2354.450719,1776322104000
1776322106.538,206.538,0.72,62.42,0.71,15.5,0.73,81.24,0.74,26.0,0.26,62.88,0.24,22.0,0.28,14.16,0.29,15.5,0.01,0.02,2354.241492,1776322105000
1776322106.772,206.772,0.72,44.56,0.71,15.5,0.73,74.39,0.74,26.0,0.27,74.39,0.26,26.0,0.28,62.42,0.29,15.5,0.01,0.01,2354.241492,1776322105000
1776322107.48,207.48,0.72,12.26,0.71,15.5,0.73,77.6,0.74,26.0,0.27,74.39,0.26,26.0,0.28,44.56,0.29,15.5,0.01,0.01,2354.13066,1776322106000
1776322107.843,207.843,0.72,2.28,0.71,15.5,0.73,88.64,0.74,26.0,0.27,72.6,0.26,26.0,0.28,2.28,0.29,15.5,0.01,0.01,2354.13066,1776322106000
1776322108.211,208.211,0.72,2.28,0.71,25.5,0.73,68.45,0.74,26.0,0.27,73.45,0.26,26.0,0.28,2.28,0.29,15.5,0.01,0.01,2354.13066,1776322106000
1776322108.877,208.877,0.72,12.28,0.71,25.5,0.73,18.98,0.74,26.0,0.27,62.45,0.26,26.0,0.28,12.28,0.29,25.5,0.01,0.01,2354.214628,1776322107000
1776322109.313,209.313,0.72,12.28,0.71,30.5,0.73,24.38,0.74,21.0,0.27,18.98,0.26,26.0,0.28,12.28,0.29,25.5,0.01,0.01,2354.221006,1776322108000
1776322109.631,209.631,0.71,14.5,0.69,15.0,0.72,10.0,0.73,45.38,0.27,24.38,0.26,21.0,0.28,12.28,0.29,30.5,0.01,0.01,2354.221006,1776322108000
1776322110.017,210.017,0.71,14.5,0.7,5.0,0.72,79.43,0.73,27.4,0.28,10.0,0.27,45.38,0.29,14.5,0.31,15.0,0.01,0.01,2354.2188,1776322109000
1776322111.18,211.18,0.71,1.73,0.7,5.0,0.72,26.43,0.73,10.0,0.28,79.43,0.27,27.4,0.29,14.5,0.3,5.0,0.01,0.01,2354.075877,1776322110000
1776322111.993,211.993,0.7,5.0,0.69,10.0,0.71,19.36,0.72,16.43,0.28,26.43,0.27,10.0,0.3,5.0,0.31,10.0,0.01,0.02,2354.10828,1776322111000
1776322113.667,213.667,0.67,8.5,0.66,20.5,0.71,29.36,0.72,26.43,0.29,19.36,0.28,16.43,0.3,5.0,0.31,10.0,0.04,0.01,2354.08857,1776322112000
1776322114.103,214.103,0.67,13.5,0.66,20.5,0.68,3.75,0.71,20.0,0.29,29.36,0.28,26.43,0.33,8.5,0.34,20.5,0.01,0.04,2354.08857,1776322112000
1776322115.147,215.147,0.63,4.86,0.62,10.0,0.67,62.0,0.68,13.75,0.32,3.75,0.29,20.0,0.33,13.5,0.34,20.5,0.04,0.01,2354.061917,1776322113000
1776322115.36,215.36,0.63,4.76,0.62,15.0,0.64,3.12,0.65,16.0,0.36,16.0,0.35,16.0,0.37,4.76,0.38,15.0,0.01,0.01,2354.060887,1776322114000
1776322115.599,215.599,0.63,4.76,0.62,15.0,0.65,14.12,0.66,10.0,0.36,3.12,0.35,16.0,0.37,4.76,0.38,15.0,0.02,0.01,2354.060887,1776322114000
1776322116.694,216.694,0.64,5.0,0.63,9.76,0.65,4.12,0.67,36.0,0.36,2.87,0.35,14.12,0.37,4.76,0.38,15.0,0.01,0.01,2354.025835,1776322115000
1776322117.202,217.202,0.64,5.0,0.63,9.76,0.65,0.56,0.67,36.0,0.35,4.12,0.33,36.0,0.36,5.0,0.37,9.76,0.01,0.01,2354.025835,1776322115000
1776322117.709,217.709,0.58,101.25,0.57,26.26,0.65,0.56,0.67,36.0,0.35,0.56,0.33,36.0,0.36,5.0,0.37,9.76,0.07,0.01,2353.95632,1776322116000
1776322120.503,220.503,0.64,27.0,0.63,72.73,0.66,4.03,0.67,40.0,0.35,0.56,0.33,36.0,0.42,101.25,0.43,26.26,0.02,0.07,2353.830433,1776322119000
1776322121.471,221.471,0.65,10.0,0.64,10.0,0.67,45.26,0.68,16.0,0.34,4.03,0.33,40.0,0.36,27.0,0.37,72.73,0.02,0.02,2353.830433,1776322119000
1776322122.11,222.11,0.66,5.71,0.65,10.0,0.67,45.26,0.68,21.0,0.33,45.26,0.32,16.0,0.35,10.0,0.36,10.0,0.01,0.02,2353.87922,1776322120000
1776322124.365,224.365,0.66,5.71,0.65,10.0,0.67,38.76,0.68,16.0,0.33,45.26,0.32,21.0,0.34,5.71,0.35,10.0,0.01,0.01,2353.956541,1776322123000
1776322126.699,226.699,0.65,1.26,0.64,10.0,0.67,40.76,0.68,16.0,0.33,38.76,0.32,16.0,0.34,5.71,0.35,10.0,0.02,0.01,2353.844673,1776322125000
1776322128.136,228.136,0.66,10.0,0.65,1.26,0.7,39.61,0.71,82.5,0.33,40.76,0.32,16.0,0.35,1.26,0.36,10.0,0.04,0.02,2353.842259,1776322126000
1776322128.411,228.411,0.71,23.0,0.7,10.0,0.72,9.87,0.74,48.7,0.3,39.61,0.29,82.5,0.34,10.0,0.35,1.26,0.01,0.04,2353.842259,1776322126000
1776322134.774,234.774,0.69,4.0,0.68,10.0,0.7,16.0,0.71,10.0,0.28,9.87,0.26,48.7,0.29,23.0,0.3,10.0,0.01,0.01,2353.910828,1776322133000
1776322135.859,235.859,0.68,1.84,0.67,10.0,0.72,10.0,0.73,20.5,0.3,16.0,0.29,10.0,0.31,4.0,0.32,10.0,0.04,0.01,2353.925531,1776322134000
1776322136.977,236.977,0.69,14.04,0.68,1.84,0.72,16.33,0.73,20.5,0.28,20.5,0.27,20.5,0.31,9.04,0.32,1.84,0.03,0.03,2353.895412,1776322135000
1776322140.472,240.472,0.69,17.0,0.68,17.34,0.7,4.5,0.71,20.5,0.28,16.33,0.27,20.5,0.31,14.04,0.32,1.84,0.01,0.03,2353.886949,1776322139000
1776322140.791,240.791,0.69,22.0,0.68,12.34,0.7,1.85,0.71,20.5,0.3,4.5,0.29,20.5,0.31,17.0,0.32,17.34,0.01,0.01,2353.886949,1776322139000
1776322141.331,241.331,0.69,24.0,0.68,17.34,0.75,12.56,0.76,59.7,0.3,1.85,0.29,20.5,0.31,22.0,0.32,12.34,0.06,0.01,2353.880719,1776322140000
1776322141.736,241.736,0.7,10.0,0.69,17.0,0.75,5.89,0.76,59.7,0.25,12.56,0.24,59.7,0.31,24.0,0.32,17.34,0.05,0.06,2353.880719,1776322140000
1776322142.948,242.948,0.69,8.38,0.68,12.34,0.71,10.0,0.75,5.89,0.25,5.89,0.24,59.7,0.3,10.0,0.31,17.0,0.02,0.05,2353.897411,1776322142000
1776322143.675,243.675,0.79,32.0,0.78,15.0,0.83,25.5,0.84,26.8,0.29,10.0,0.25,5.89,0.31,8.38,0.32,12.34,0.04,0.02,2353.897411,1776322142000
1776322143.966,243.966,0.82,168.99,0.81,34.0,0.83,16.42,0.84,26.8,0.17,20.4,0.16,26.8,0.18,10.0,0.19,15.0,0.01,0.01,2353.900745,1776322143000
1776322144.245,244.245,0.82,162.99,0.81,34.0,0.83,15.21,0.84,26.8,0.17,16.42,0.16,26.8,0.18,155.99,0.19,34.0,0.01,0.01,2353.900745,1776322143000
1776322144.769,244.769,0.83,124.0,0.82,17.26,0.84,20.47,0.85,38.2,0.16,11.47,0.15,28.2,0.18,162.99,0.19,34.0,0.01,0.02,2353.900745,1776322143000
1776322145.202,245.202,0.83,118.0,0.82,17.26,0.84,10.0,0.85,38.2,0.16,20.47,0.15,38.2,0.17,124.0,0.18,17.26,0.01,0.01,2353.90201,1776322144000
1776322145.488,245.488,0.83,118.0,0.82,17.26,0.84,4.04,0.85,38.2,0.16,10.0,0.15,38.2,0.17,118.0,0.18,17.26,0.01,0.01,2353.90201,1776322144000
1776322146.127,246.127,0.83,20.0,0.82,18.0,0.84,23.51,0.85,38.2,0.16,4.04,0.15,38.2,0.17,118.0,0.18,17.26,0.01,0.01,2354.158822,1776322145000
1776322147.86,247.86,0.83,20.23,0.82,116.26,0.84,23.51,0.85,10.0,0.16,23.51,0.15,38.2,0.17,20.0,0.18,18.0,0.01,0.01,2354.360708,1776322146000
1776322148.667,248.667,0.83,156.23,0.82,41.26,0.84,18.51,0.87,41.8,0.16,23.51,0.15,10.0,0.17,20.23,0.18,116.26,0.01,0.01,2354.393356,1776322147000
1776322148.964,248.964,0.86,13.0,0.85,16.0,0.87,41.8,0.88,242.1,0.13,41.8,0.12,242.1,0.17,151.23,0.18,41.26,0.01,0.04,2354.393356,1776322147000
1776322150.198,250.198,0.86,4.28,0.85,16.0,0.87,45.81,0.88,242.1,0.13,39.73,0.12,242.1,0.14,15.0,0.15,16.0,0.01,0.01,2354.379472,1776322148000
1776322150.555,250.555,0.86,5.0,0.85,16.0,0.87,44.66,0.88,242.1,0.13,45.81,0.12,242.1,0.14,4.28,0.15,16.0,0.01,0.01,2354.379472,1776322148000
1776322150.853,250.853,0.86,8.68,0.85,16.0,0.87,49.66,0.88,242.1,0.13,44.66,0.12,242.1,0.14,5.0,0.15,16.0,0.01,0.01,2354.28352,1776322149000
1776322151.806,251.806,0.85,15.0,0.84,24.2,0.86,15.08,0.87,15.0,0.13,54.66,0.12,242.1,0.16,24.2,0.17,64.22,0.01,0.03,2354.31176,1776322150000
1776322152.084,252.084,0.84,32.46,0.83,66.49,0.88,105.14,0.89,61.79,0.12,135.14,0.11,61.79,0.15,15.0,0.16,24.2,0.04,0.03,2354.31176,1776322150000
1776322154.324,254.324,0.86,10.0,0.85,10.0,0.87,36.4,0.88,105.14,0.12,105.14,0.11,61.79,0.16,32.46,0.17,66.49,0.01,0.04,2354.295116,1776322153000
1776322155.412,255.412,0.86,20.0,0.85,16.26,0.87,20.65,0.88,105.14,0.13,36.4,0.12,105.14,0.14,10.0,0.15,10.0,0.01,0.01,2354.295116,1776322153000
1776322156.014,256.014,0.85,5.65,0.84,10.0,0.87,25.65,0.88,105.14,0.13,20.65,0.12,105.14,0.14,20.0,0.15,16.26,0.02,0.01,2354.297459,1776322154000
1776322156.383,256.383,0.85,250.91,0.84,41.0,0.88,95.14,0.93,12.0,0.13,25.65,0.12,105.14,0.15,5.65,0.16,10.0,0.03,0.02,2354.297459,1776322154000
1776322156.599,256.599,0.87,146.9,0.86,90.0,0.88,39.87,0.94,248.45,0.12,49.04,0.07,12.0,0.13,210.26,0.14,47.0,0.01,0.01,2354.297675,1776322155000
1776322157.094,257.094,0.87,290.77,0.86,90.0,0.88,29.38,0.94,248.45,0.12,34.44,0.06,248.45,0.13,160.77,0.14,90.0,0.01,0.01,2354.297675,1776322155000
1776322157.381,257.381,0.87,427.86,0.86,90.0,0.88,23.24,0.94,248.45,0.12,24.38,0.06,248.45,0.13,422.86,0.14,90.0,0.01,0.01,2354.296785,1776322156000
1776322157.667,257.667,0.87,432.86,0.86,90.0,0.88,18.18,0.94,248.45,0.12,23.24,0.06,248.45,0.13,427.86,0.14,90.0,0.01,0.01,2354.296785,1776322156000
1776322157.89,257.89,0.87,437.86,0.86,90.0,0.88,5.18,0.94,248.45,0.12,18.18,0.06,248.45,0.13,432.86,0.14,90.0,0.01,0.01,2354.296785,1776322156000
1776322159.419,259.419,0.87,236.5,0.86,90.0,0.88,5.18,0.94,248.45,0.12,5.18,0.06,248.45,0.13,437.86,0.14,90.0,0.01,0.01,2354.345545,1776322157000
1776322160.466,260.466,0.87,221.5,0.86,119.9,0.88,4.04,0.94,248.45,0.12,5.18,0.06,248.45,0.13,236.5,0.14,90.0,0.01,0.01,2354.423046,1776322159000
1776322160.926,260.926,0.87,288.3,0.86,119.9,0.94,253.45,0.95,129.28,0.12,4.04,0.06,248.45,0.13,221.5,0.14,119.9,0.07,0.01,2354.423046,1776322159000
1776322161.612,261.612,0.93,15.0,0.92,15.0,0.94,223.12,0.95,129.28,0.06,255.25,0.05,129.28,0.07,15.0,0.08,15.0,0.01,0.01,2354.473305,1776322160000
1776322162.024,262.024,0.93,10.0,0.92,43.26,0.94,228.12,0.95,124.28,0.06,223.12,0.05,129.28,0.07,15.0,0.08,15.0,0.01,0.01,2354.473305,1776322160000
1776322162.229,262.229,0.93,89.05,0.92,74.99,0.94,181.83,0.95,124.28,0.06,202.05,0.05,124.28,0.07,94.05,0.08,74.99,0.01,0.01,2354.47389,1776322161000
1776322162.439,262.439,0.93,247.46,0.92,74.99,0.94,160.59,0.95,124.28,0.06,160.59,0.05,124.28,0.07,247.46,0.08,74.99,0.01,0.01,2354.47389,1776322161000
1776322162.936,262.936,0.93,265.46,0.92,61.99,0.94,134.79,0.95,124.28,0.06,145.43,0.05,124.28,0.07,267.03,0.08,56.99,0.01,0.01,2354.47389,1776322161000
1776322163.158,263.158,0.93,319.47,0.92,45.0,0.94,120.79,0.95,124.28,0.06,125.79,0.05,124.28,0.07,294.47,0.08,56.99,0.01,0.01,2354.506995,1776322162000
1776322163.382,263.382,0.94,312.39,0.93,56.0,0.95,92.05,0.96,25.0,0.05,116.97,0.04,25.0,0.07,319.47,0.08,45.0,0.01,0.02,2354.506995,1776322162000
1776322163.582,263.582,0.94,112.39,0.93,56.0,0.95,87.05,0.96,25.0,0.05,92.05,0.04,25.0,0.06,312.39,0.07,56.0,0.01,0.01,2354.506995,1776322162000
1776322164.316,264.316,0.94,117.39,0.93,111.3,0.95,78.97,0.96,25.0,0.05,87.05,0.04,25.0,0.06,112.39,0.07,56.0,0.01,0.01,2355.066406,1776322163000
1776322164.537,264.537,0.94,181.19,0.93,111.3,0.95,75.81,0.96,25.0,0.05,78.97,0.04,25.0,0.06,117.39,0.07,111.3,0.01,0.01,2355.066406,1776322163000
1776322165.154,265.154,0.94,186.19,0.93,101.3,0.95,24.92,0.96,25.0,0.05,55.87,0.04,25.0,0.06,191.19,0.07,111.3,0.01,0.01,2354.974855,1776322164000
1776322165.657,265.657,0.94,186.19,0.93,106.3,0.96,23.77,0.97,101.0,0.05,9.29,0.04,25.0,0.06,186.19,0.07,101.3,0.02,0.01,2354.974855,1776322164000
1776322167.299,267.299,0.95,368.81,0.94,122.13,0.96,22.72,0.97,101.0,0.04,23.77,0.03,101.0,0.06,186.19,0.07,106.3,0.01,0.02,2355.014565,1776322166000
1776322167.575,267.575,0.95,368.81,0.94,122.13,0.96,4.25,0.97,101.0,0.04,22.72,0.03,101.0,0.05,368.81,0.06,122.13,0.01,0.01,2355.014565,1776322166000
1776322167.894,267.894,0.95,423.81,0.94,122.13,0.96,3.2,0.97,101.0,0.04,4.25,0.03,101.0,0.05,368.81,0.06,122.13,0.01,0.01,2355.014565,1776322166000
1776322168.433,268.433,0.96,187.07,0.95,294.72,0.97,99.01,0.98,297.0,0.03,99.01,0.02,297.0,0.05,418.81,0.06,122.13,0.01,0.02,2355.117852,1776322167000
1776322168.888,268.888,0.96,232.65,0.95,222.86,0.97,101.51,0.98,297.0,0.03,96.51,0.02,297.0,0.04,192.07,0.05,294.72,0.01,0.01,2355.117852,1776322167000
1776322169.233,269.233,0.96,237.65,0.95,222.86,0.97,100.47,0.98,297.0,0.03,101.51,0.02,297.0,0.04,232.65,0.05,222.86,0.01,0.01,2355.117852,1776322167000
1776322170.787,270.787,0.96,225.63,0.95,222.86,0.97,92.4,0.98,247.0,0.03,100.47,0.02,297.0,0.04,237.63,0.05,222.86,0.01,0.01,2355.036795,1776322169000
1776322171.648,271.648,0.96,198.33,0.95,222.86,0.97,92.4,0.98,247.0,0.03,92.4,0.02,247.0,0.04,225.63,0.05,222.86,0.01,0.01,2355.035,1776322170000
1776322172.177,272.177,0.95,169.3,0.94,78.13,0.97,97.4,0.98,247.0,0.03,92.4,0.02,247.0,0.04,198.33,0.05,222.86,0.02,0.01,2355.035,1776322170000
1776322173.113,273.113,0.95,153.51,0.94,73.13,0.97,92.4,0.98,247.0,0.03,97.4,0.02,247.0,0.05,169.3,0.06,78.13,0.02,0.02,2355.018901,1776322171000
1776322173.434,273.434,0.96,168.18,0.95,47.0,0.97,121.25,0.98,247.0,0.03,97.4,0.02,247.0,0.11,149.6,0.12,174.1,0.01,0.08,2355.000574,1776322172000
1776322173.715,273.715,0.96,239.2,0.95,47.0,0.97,104.67,0.98,247.0,0.03,110.71,0.02,247.0,0.04,178.18,0.05,47.0,0.01,0.01,2355.000574,1776322172000
1776322174.356,274.356,0.96,325.9,0.95,35.0,0.97,35.66,0.98,257.0,0.03,74.82,0.02,257.0,0.04,218.07,0.05,5.0,0.01,0.01,2354.969323,1776322173000
1776322174.65,274.65,0.96,410.66,0.95,40.0,0.97,20.23,0.98,257.0,0.03,25.34,0.02,257.0,0.04,325.9,0.05,35.0,0.01,0.01,2354.969323,1776322173000
1776322175.003,275.003,0.97,235.09,0.96,302.83,0.98,187.58,0.99,1930.41,0.02,187.58,0.01,1830.41,0.03,131.36,0.04,405.66,0.01,0.01,2355.122602,1776322174000
1776322175.259,275.259,0.97,215.09,0.96,139.65,0.98,175.71,0.99,1930.41,0.02,172.74,0.01,1930.41,0.03,215.09,0.04,139.65,0.01,0.01,2355.122602,1776322174000
1776322175.49,275.49,0.97,251.47,0.96,82.78,0.98,175.71,0.99,1930.41,0.02,170.71,0.01,1930.41,0.03,225.82,0.04,90.2,0.01,0.01,2355.122602,1776322174000
1776322176.19,276.19,0.97,302.67,0.96,36.13,0.98,73.56,0.99,2125.41,0.02,175.71,0.01,1930.41,0.03,251.47,0.04,82.78,0.01,0.01,2355.083678,1776322175000
1776322176.431,276.431,0.97,312.98,0.96,36.13,0.98,45.84,0.99,2125.41,0.02,73.56,0.01,2125.41,0.03,302.67,0.04,36.13,0.01,0.01,2355.083678,1776322175000
1776322176.669,276.669,0.97,327.98,0.96,52.13,0.98,40.84,0.99,2125.41,0.02,45.84,0.01,2125.41,0.03,312.98,0.04,36.13,0.01,0.01,2355.083678,1776322175000
1776322177.074,277.074,0.97,318.49,0.96,61.13,0.98,40.84,0.99,2125.41,0.02,40.84,0.01,2125.41,0.03,327.98,0.04,52.13,0.01,0.01,2355.083678,1776322175000
1776322177.47,277.47,0.97,318.49,0.96,61.13,0.98,35.84,0.99,2025.41,0.02,40.84,0.01,2125.41,0.03,318.49,0.04,61.13,0.01,0.01,2355.030491,1776322176000
1776322177.69,277.69,0.97,318.49,0.96,61.13,0.99,1986.25,,,0.02,35.84,0.01,2025.41,0.03,318.49,0.04,61.13,0.02,0.01,2355.030491,1776322176000
1776322178.184,278.184,0.98,132.26,0.97,221.23,0.99,1986.2,,,0.01,1986.25,,,0.03,318.49,0.04,61.13,0.01,0.02,2355.030491,1776322176000
1776322178.396,278.396,0.98,144.57,0.97,206.38,0.99,1970.72,,,0.01,1971.74,,,0.02,144.57,0.03,206.38,0.01,0.01,2354.875985,1776322177000
1776322179.851,279.851,0.98,266.66,0.97,49.44,0.99,2034.72,,,0.01,1970.72,,,0.02,144.57,0.03,206.38,0.01,0.01,2355.000555,1776322178000
1776322180.12,280.12,0.98,266.66,0.97,25.31,0.99,1958.7,,,0.01,2038.7,,,0.02,266.66,0.03,49.44,0.01,0.01,2355.000555,1776322178000
1776322181.417,281.417,0.98,276.66,0.97,25.31,0.99,1633.7,,,0.01,1958.7,,,0.02,266.66,0.03,25.31,0.01,0.01,2355.101411,1776322179000
1776322181.691,281.691,0.98,266.66,0.97,33.31,0.99,1636.7,,,0.01,1633.7,,,0.02,276.66,0.03,25.31,0.01,0.01,2355.01814,1776322180000
1776322182.111,282.111,0.98,266.66,0.97,33.31,0.99,1576.08,,,0.01,1596.28,,,0.02,266.66,0.03,33.31,0.01,0.01,2355.01814,1776322180000
1776322182.481,282.481,0.98,266.66,0.97,33.31,0.99,1575.06,,,0.01,1576.08,,,0.02,266.66,0.03,33.31,0.01,0.01,2355.134328,1776322181000
1776322182.828,282.828,0.98,266.66,0.97,33.31,0.99,1563.3,,,0.01,1568.36,,,0.02,266.66,0.03,33.31,0.01,0.01,2355.134328,1776322181000
1776322183.203,283.203,0.98,266.66,0.97,47.31,0.99,1540.61,,,0.01,1563.3,,,0.02,266.66,0.03,33.31,0.01,0.01,2355.134328,1776322181000
1776322184.338,284.338,0.98,266.66,0.97,47.31,0.99,1523.78,,,0.01,1540.61,,,0.02,266.66,0.03,47.31,0.01,0.01,2355.139981,1776322182000
1776322184.795,284.795,0.98,254.46,0.97,59.31,0.99,1454.76,,,0.01,1458.78,,,0.02,254.46,0.03,47.31,0.01,0.01,2355.01891,1776322183000
1776322185.525,285.525,0.98,185.92,0.97,35.31,0.99,1381.22,,,0.01,1454.76,,,0.02,254.46,0.03,59.31,0.01,0.01,2355.018905,1776322184000
1776322185.825,285.825,0.98,185.92,0.97,35.31,0.99,1330.82,,,0.01,1340.82,,,0.02,185.92,0.03,35.31,0.01,0.01,2355.018905,1776322184000
1776322186.237,286.237,0.98,185.92,0.97,15.31,0.99,1325.71,,,0.01,1330.82,,,0.02,185.92,0.03,35.31,0.01,0.01,2355.018905,1776322184000
1776322186.677,286.677,0.98,185.92,0.97,15.31,0.99,1302.52,,,0.01,1325.71,,,0.02,185.92,0.03,15.31,0.01,0.01,2355.018905,1776322184000
1776322186.959,286.959,0.98,185.92,0.97,15.31,0.99,1301.88,,,0.01,1302.52,,,0.02,185.92,0.03,15.31,0.01,0.01,2354.99928,1776322185000
1776322187.429,287.429,0.98,195.92,0.97,15.31,0.99,1291.88,,,0.01,1301.88,,,0.02,185.92,0.03,15.31,0.01,0.01,2354.986364,1776322186000
1776322188.437,288.437,0.98,185.92,0.97,15.31,0.99,1289.85,,,0.01,1291.88,,,0.02,195.92,0.03,15.31,0.01,0.01,2354.970115,1776322187000
1776322188.861,288.861,0.98,185.92,0.97,15.31,0.99,765.85,,,0.01,1289.85,,,0.02,185.92,0.03,15.31,0.01,0.01,2354.970115,1776322187000
1776322189.134,289.134,0.98,185.92,0.97,15.31,0.99,768.85,,,0.01,765.85,,,0.02,185.92,0.03,15.31,0.01,0.01,2354.970115,1776322187000
1776322190.422,290.422,0.99,9.27,0.98,190.92,,,,,,,,,0.01,286.7,0.02,185.92,,,2354.90679,1776322188000
1776322192.415,292.415,0.98,170.19,0.97,10.31,0.99,67.35,,,,,,,0.02,170.19,0.03,15.31,0.01,,2354.901775,1776322191000
1776322192.697,292.697,0.98,175.19,0.97,10.31,0.99,60.32,,,0.01,65.32,,,0.02,170.19,0.03,10.31,0.01,0.01,2354.901775,1776322191000
1776322193.55,293.55,0.98,130.16,0.97,10.31,,,,,,,,,0.01,239.68,0.02,175.19,,,2354.901775,1776322191000
1776322197.406,297.406,0.99,532.2,0.98,130.16,,,,,,,,,0.02,130.16,0.03,10.31,,,2354.709785,1776322195000
1776322198.832,298.832,0.99,6290.21,0.98,130.16,,,,,,,,,0.01,532.2,0.02,130.16,,,2354.51386,1776322197000

# RESULT,winner=Up,slug=eth-updown-5m-1776321900,ticks=325
