timestamp,elapsed_sec,up_bid_p1,up_bid_s1,up_bid_p2,up_bid_s2,up_ask_p1,up_ask_s1,up_ask_p2,up_ask_s2,down_bid_p1,down_bid_s1,down_bid_p2,down_bid_s2,down_ask_p1,down_ask_s1,down_ask_p2,down_ask_s2,up_spread,down_spread,eth_price,eth_oracle_ts
1776269401.274,1.274,0.49,3.0,0.36,13.89,0.51,5.0,0.52,5.0,0.49,5.0,0.4,38.0,0.6,38.0,0.61,34.0,0.02,0.11,2339.450264,1776269399000
1776269402.46,2.46,0.49,0.23,0.46,8.0,0.5,5.0,0.51,10.0,0.49,5.0,0.48,5.0,0.51,3.0,0.64,13.89,0.01,0.02,2339.922914,1776269401000
1776269402.684,2.684,0.46,8.0,0.42,6.0,0.47,9.2,0.5,10.0,0.5,5.0,0.49,10.0,0.51,0.23,0.54,8.0,0.01,0.01,2339.922914,1776269401000
1776269402.965,2.965,0.4,10.06,0.39,11.0,0.47,5.0,0.51,10.0,0.53,9.2,0.5,10.0,0.54,8.0,0.58,6.0,0.07,0.01,2339.922914,1776269401000
1776269403.532,3.532,0.41,5.93,0.4,15.06,0.42,20.0,0.44,5.0,0.53,5.0,0.49,10.0,0.6,10.06,0.61,11.0,0.01,0.07,2339.910604,1776269402000
1776269403.868,3.868,0.41,2.82,0.4,15.06,0.42,15.0,0.43,15.0,0.58,20.0,0.56,5.0,0.59,5.93,0.6,15.06,0.01,0.01,2339.910604,1776269402000
1776269405.434,5.434,0.41,25.82,0.4,37.06,0.42,10.0,0.43,18.8,0.57,8.8,0.55,10.0,0.59,2.82,0.6,15.06,0.01,0.02,2339.373983,1776269404000
1776269405.966,5.966,0.45,8.18,0.44,10.0,0.48,20.0,0.49,16.0,0.58,10.0,0.57,18.8,0.59,25.82,0.6,37.06,0.03,0.01,2339.373983,1776269404000
1776269408.711,8.711,0.44,75.0,0.43,70.0,0.45,11.0,0.46,15.0,0.53,6.55,0.52,2.32,0.55,3.77,0.56,15.0,0.01,0.02,2339.364536,1776269407000
1776269409.188,9.188,0.42,50.0,0.41,50.0,0.45,24.0,0.46,40.0,0.55,11.0,0.54,15.0,0.56,75.0,0.57,70.0,0.03,0.01,2339.489445,1776269408000
1776269410.807,10.807,0.4,42.58,0.39,160.0,0.41,130.0,0.42,149.0,0.57,10.0,0.56,5.0,0.58,47.0,0.59,50.0,0.01,0.01,2339.450024,1776269409000
1776269412.349,12.349,0.43,210.0,0.42,225.5,0.44,17.5,0.45,160.0,0.59,130.0,0.58,149.0,0.6,42.58,0.61,160.0,0.01,0.01,2339.134422,1776269411000
1776269412.768,12.768,0.43,199.97,0.42,220.5,0.44,10.0,0.45,175.5,0.56,17.5,0.55,160.0,0.57,210.0,0.58,225.5,0.01,0.01,2339.134422,1776269411000
1776269415.235,15.235,0.43,204.97,0.42,232.5,0.45,115.41,0.46,177.0,0.56,10.0,0.55,175.5,0.57,199.97,0.58,220.5,0.02,0.01,2339.294278,1776269414000
1776269415.532,15.532,0.46,152.0,0.45,225.5,0.47,7.43,0.48,15.5,0.55,115.41,0.54,177.0,0.57,204.97,0.58,232.5,0.01,0.02,2339.294278,1776269414000
1776269415.783,15.783,0.47,11.0,0.46,172.5,0.48,70.5,0.49,82.0,0.53,7.43,0.52,15.5,0.54,152.0,0.55,225.5,0.01,0.01,2339.294278,1776269414000
1776269416.337,16.337,0.47,91.0,0.46,200.0,0.48,28.41,0.49,82.0,0.52,70.5,0.51,82.0,0.53,11.0,0.54,172.5,0.01,0.01,2339.39681,1776269415000
1776269417.159,17.159,0.42,54.0,0.41,160.5,0.43,11.0,0.44,125.5,0.52,28.41,0.51,107.0,0.53,36.0,0.54,100.0,0.01,0.01,2339.39681,1776269415000
1776269418.953,18.953,0.41,193.5,0.4,192.58,0.42,10.0,0.43,10.0,0.58,15.0,0.57,56.5,0.59,160.5,0.6,154.58,0.01,0.01,2339.459111,1776269417000
1776269419.53,19.53,0.42,150.0,0.41,160.5,0.44,12.0,0.45,15.0,0.58,10.0,0.57,10.0,0.59,193.5,0.6,192.58,0.02,0.01,2339.313871,1776269418000
1776269420.143,20.143,0.42,114.0,0.41,150.5,0.43,10.0,0.44,7.0,0.56,7.0,0.55,15.0,0.57,5.0,0.58,130.0,0.01,0.01,2339.313871,1776269418000
1776269420.893,20.893,0.42,108.74,0.41,155.5,0.43,26.5,0.44,27.5,0.57,10.0,0.56,7.0,0.58,114.0,0.59,150.5,0.01,0.01,2339.260307,1776269419000
1776269423.798,23.798,0.42,231.24,0.41,173.5,0.43,5.0,0.44,12.0,0.57,26.5,0.56,27.5,0.58,108.74,0.59,155.5,0.01,0.01,2339.261399,1776269422000
1776269424.588,24.588,0.42,124.57,0.41,173.5,0.43,5.0,0.44,12.0,0.57,5.0,0.56,12.0,0.58,231.24,0.59,173.5,0.01,0.01,2339.302938,1776269423000
1776269426.239,26.239,0.42,53.65,0.41,173.5,0.43,15.0,0.44,23.0,0.57,5.0,0.56,12.0,0.58,124.57,0.59,173.5,0.01,0.01,2339.336268,1776269424000
1776269427.854,27.854,0.42,330.65,0.41,255.5,0.47,50.0,0.48,55.0,0.57,15.0,0.56,23.0,0.58,53.65,0.59,173.5,0.05,0.01,2339.332297,1776269426000
1776269430.347,30.347,0.46,257.5,0.45,193.5,0.47,42.16,0.48,70.5,0.53,45.06,0.52,55.0,0.54,5.0,0.55,5.0,0.01,0.01,2339.579315,1776269429000
1776269430.613,30.613,0.46,252.5,0.45,193.5,0.48,49.28,0.49,55.0,0.53,42.16,0.52,70.5,0.54,257.5,0.55,193.5,0.02,0.01,2339.579315,1776269429000
1776269430.913,30.913,0.47,120.57,0.46,232.5,0.48,15.5,0.49,60.0,0.52,49.28,0.51,55.0,0.54,252.5,0.55,193.5,0.01,0.02,2339.579315,1776269429000
1776269431.352,31.352,0.49,34.6,0.48,27.0,0.5,20.0,0.51,80.0,0.52,15.5,0.51,60.0,0.53,97.89,0.54,232.5,0.01,0.01,2339.579315,1776269429000
1776269434.128,34.128,0.49,135.0,0.48,210.5,0.5,29.5,0.51,103.0,0.5,17.0,0.49,80.0,0.51,34.6,0.52,27.0,0.01,0.01,2339.672527,1776269433000
1776269434.749,34.749,0.49,130.0,0.48,210.5,0.5,14.7,0.51,103.0,0.5,29.5,0.49,103.0,0.51,135.0,0.52,210.5,0.01,0.01,2339.672527,1776269433000
1776269437.31,37.31,0.5,35.0,0.49,75.0,0.51,97.3,0.52,124.0,0.5,14.7,0.49,103.0,0.51,130.0,0.52,210.5,0.01,0.01,2339.787012,1776269435000
1776269438.096,38.096,0.5,55.0,0.49,75.0,0.51,84.41,0.52,131.0,0.49,97.3,0.48,124.0,0.5,35.0,0.51,75.0,0.01,0.01,2339.822996,1776269437000
1776269438.656,38.656,0.5,50.0,0.49,75.0,0.51,82.41,0.52,131.0,0.49,84.41,0.48,131.0,0.5,55.0,0.51,75.0,0.01,0.01,2339.822996,1776269437000
1776269440.619,40.619,0.46,4.41,0.45,50.0,0.47,111.5,0.48,91.5,0.49,82.41,0.48,131.0,0.5,50.0,0.51,75.0,0.01,0.01,2339.748915,1776269439000
1776269441.807,41.807,0.49,25.0,0.48,65.5,0.5,48.8,0.51,68.41,0.53,111.5,0.52,91.5,0.54,4.41,0.55,50.0,0.01,0.01,2339.799512,1776269440000
1776269442.264,42.264,0.49,45.19,0.48,51.0,0.5,74.3,0.51,77.41,0.5,48.8,0.49,68.41,0.51,25.0,0.52,65.5,0.01,0.01,2339.686944,1776269441000
1776269442.517,42.517,0.49,45.19,0.48,56.0,0.5,72.16,0.51,82.41,0.5,74.3,0.49,77.41,0.51,45.19,0.52,51.0,0.01,0.01,2339.686944,1776269441000
1776269444.295,44.295,0.49,50.19,0.48,80.0,0.5,111.16,0.51,88.41,0.5,72.16,0.49,82.41,0.51,45.19,0.52,56.0,0.01,0.01,2339.743385,1776269443000
1776269445.419,45.419,0.49,35.09,0.48,75.0,0.5,96.16,0.51,95.41,0.5,111.16,0.49,88.41,0.51,50.19,0.52,80.0,0.01,0.01,2339.746978,1776269444000
1776269445.902,45.902,0.49,33.12,0.48,75.0,0.5,91.16,0.51,95.41,0.5,96.16,0.49,95.41,0.51,35.09,0.52,75.0,0.01,0.01,2339.746978,1776269444000
1776269446.735,46.735,0.47,5.0,0.46,64.91,0.5,153.16,0.51,138.41,0.5,91.16,0.49,95.41,0.51,33.12,0.52,75.0,0.03,0.01,2339.786213,1776269445000
1776269447.554,47.554,0.49,130.1,0.48,40.5,0.5,5.0,0.51,68.91,0.5,153.16,0.49,138.41,0.53,5.0,0.54,64.91,0.01,0.03,2339.672989,1776269446000
1776269448.895,48.895,0.52,50.5,0.51,41.5,0.53,3.57,0.54,10.0,0.49,68.91,0.48,86.5,0.51,140.1,0.52,45.5,0.01,0.02,2339.671128,1776269447000
1776269450.837,50.837,0.54,122.82,0.53,85.5,0.55,93.5,0.56,102.5,0.45,60.5,0.44,75.5,0.46,70.0,0.47,40.5,0.01,0.01,2339.712695,1776269449000
1776269452.88,52.88,0.54,48.01,0.53,90.5,0.55,93.59,0.56,112.5,0.45,93.59,0.44,102.5,0.46,122.82,0.47,85.5,0.01,0.01,2340.108796,1776269451000
1776269453.703,53.703,0.54,123.01,0.53,90.5,0.55,81.45,0.56,112.5,0.45,101.64,0.44,112.5,0.46,53.01,0.47,90.5,0.01,0.01,2340.105535,1776269452000
1776269454.924,54.924,0.54,28.26,0.53,90.5,0.55,76.77,0.56,112.5,0.45,71.77,0.44,112.5,0.46,118.01,0.47,90.5,0.01,0.01,2340.081513,1776269454000
1776269456.695,56.695,0.55,80.0,0.54,108.26,0.56,70.0,0.57,109.5,0.45,76.77,0.44,112.5,0.46,28.26,0.47,90.5,0.01,0.01,2340.086623,1776269455000
1776269457.139,57.139,0.55,85.0,0.54,108.26,0.56,68.08,0.57,109.5,0.44,70.0,0.43,109.5,0.45,80.0,0.46,108.26,0.01,0.01,2340.087555,1776269456000
1776269459.51,59.51,0.49,63.3,0.48,81.0,0.56,62.06,0.57,109.5,0.44,62.06,0.43,109.5,0.45,85.0,0.46,118.76,0.07,0.01,2340.128565,1776269458000
1776269459.926,59.926,0.52,49.0,0.51,34.11,0.55,90.5,0.56,84.56,0.44,62.06,0.43,109.5,0.51,63.3,0.52,81.0,0.03,0.07,2340.173252,1776269459000
1776269460.458,60.458,0.52,5.0,0.51,21.11,0.53,84.81,0.54,70.0,0.46,10.0,0.45,85.5,0.48,17.0,0.49,34.11,0.01,0.02,2340.173252,1776269459000
1776269461.294,61.294,0.46,3.12,0.45,5.0,0.5,162.5,0.51,91.5,0.47,82.98,0.46,75.0,0.48,5.0,0.49,21.11,0.04,0.01,2340.176785,1776269460000
1776269461.558,61.558,0.46,3.12,0.45,5.0,0.47,34.72,0.48,15.0,0.5,162.5,0.49,91.5,0.54,3.12,0.55,5.0,0.01,0.04,2340.176785,1776269460000
1776269461.88,61.88,0.46,3.12,0.45,5.0,0.47,33.08,0.48,15.0,0.53,34.72,0.52,15.0,0.54,3.12,0.55,5.0,0.01,0.01,2340.176785,1776269460000
1776269462.392,62.392,0.46,9.51,0.44,17.82,0.47,58.0,0.48,20.0,0.53,24.08,0.52,15.0,0.54,13.51,0.55,5.0,0.01,0.01,2340.176785,1776269460000
1776269463.232,63.232,0.44,15.69,0.43,38.0,0.45,136.0,0.46,85.5,0.53,58.0,0.52,20.0,0.56,10.69,0.58,26.0,0.01,0.03,2339.865054,1776269462000
1776269463.827,63.827,0.46,35.5,0.45,25.5,0.47,4.55,0.48,61.0,0.55,136.0,0.54,85.5,0.56,15.69,0.57,38.0,0.01,0.01,2339.865054,1776269462000
1776269464.679,64.679,0.47,20.0,0.46,15.0,0.48,54.79,0.49,50.0,0.52,61.0,0.51,55.0,0.53,6.08,0.54,35.5,0.01,0.01,2339.62644,1776269463000
1776269465.077,65.077,0.47,25.0,0.46,25.5,0.48,44.79,0.49,55.0,0.52,54.79,0.51,60.0,0.53,25.0,0.54,15.0,0.01,0.01,2339.62644,1776269463000
1776269465.349,65.349,0.47,80.5,0.46,40.5,0.48,20.79,0.49,55.0,0.52,39.79,0.51,55.0,0.53,30.0,0.54,25.5,0.01,0.01,2339.596279,1776269464000
1776269466.719,66.719,0.46,25.0,0.45,40.5,0.49,78.0,0.5,80.5,0.51,55.0,0.5,60.0,0.53,75.5,0.54,30.0,0.03,0.02,2339.801918,1776269465000
1776269467.239,67.239,0.46,70.5,0.45,90.5,0.47,5.81,0.48,80.0,0.51,78.0,0.5,80.5,0.54,25.0,0.55,40.5,0.01,0.03,2339.801918,1776269465000
1776269470.479,70.479,0.46,125.5,0.45,85.5,0.47,58.87,0.48,80.0,0.53,5.81,0.52,80.0,0.54,70.5,0.55,90.5,0.01,0.01,2339.873395,1776269469000
1776269473.728,73.728,0.47,267.5,0.46,151.5,0.51,50.0,0.52,50.0,0.53,58.87,0.52,80.0,0.54,125.5,0.55,85.5,0.04,0.01,2339.87114,1776269472000
1776269474.099,74.099,0.51,105.0,0.5,40.5,0.52,41.47,0.53,47.98,0.49,50.0,0.48,50.0,0.53,267.5,0.54,151.5,0.01,0.04,2339.840194,1776269473000
1776269478.087,78.087,0.52,105.0,0.51,86.0,0.53,42.98,0.54,50.0,0.48,41.47,0.47,47.98,0.49,105.0,0.5,40.5,0.01,0.01,2340.110532,1776269475000
1776269478.686,78.686,0.52,48.56,0.51,81.0,0.53,47.98,0.54,50.0,0.47,42.98,0.46,50.0,0.48,105.0,0.49,86.0,0.01,0.01,2340.132887,1776269476000
1776269479.654,79.654,0.54,104.5,0.53,35.5,0.58,50.0,0.59,55.0,0.47,47.98,0.46,50.0,0.48,48.56,0.49,81.0,0.04,0.01,2340.136549,1776269477000
1776269479.873,79.873,0.57,65.0,0.56,25.0,0.58,38.19,0.59,65.5,0.42,35.02,0.41,65.5,0.43,69.0,0.44,75.0,0.01,0.01,2340.167376,1776269478000
1776269480.269,80.269,0.57,45.0,0.56,33.0,0.58,24.06,0.59,65.5,0.42,38.19,0.41,65.5,0.43,65.0,0.44,25.0,0.01,0.01,2340.167376,1776269478000
1776269481.554,81.554,0.66,25.5,0.65,55.5,0.67,1.22,0.7,20.0,0.42,24.06,0.41,65.5,0.43,45.0,0.44,33.0,0.01,0.01,2340.235272,1776269480000
1776269481.775,81.775,0.66,105.5,0.65,100.5,0.67,17.0,0.7,20.0,0.33,1.22,0.3,20.0,0.34,25.5,0.35,55.5,0.01,0.01,2340.235272,1776269480000
1776269482.162,82.162,0.69,30.0,0.68,15.0,0.7,6.04,0.71,60.5,0.3,2.62,0.28,60.0,0.34,187.5,0.35,100.5,0.01,0.04,2340.235272,1776269480000
1776269482.645,82.645,0.69,19.0,0.68,10.0,0.7,54.54,0.71,70.5,0.3,65.04,0.29,80.5,0.31,16.65,0.32,10.0,0.01,0.01,2340.235272,1776269480000
1776269483.069,83.069,0.69,26.54,0.68,10.0,0.7,62.54,0.71,70.5,0.3,54.54,0.29,70.5,0.31,19.0,0.32,10.0,0.01,0.01,2340.562428,1776269481000
1776269483.608,83.608,0.7,4.83,0.69,17.54,0.71,109.34,0.72,75.0,0.29,45.34,0.28,60.0,0.3,10.0,0.31,26.54,0.01,0.01,2340.813234,1776269482000
1776269484.154,84.154,0.7,14.83,0.69,17.54,0.71,24.86,0.72,50.0,0.29,109.34,0.28,75.0,0.3,4.83,0.31,17.54,0.01,0.01,2341.251559,1776269483000
1776269484.446,84.446,0.7,9.16,0.69,17.54,0.71,120.36,0.72,50.0,0.29,60.77,0.28,50.0,0.3,4.16,0.31,17.54,0.01,0.01,2341.251559,1776269483000
1776269485.178,85.178,0.68,10.0,0.67,20.0,0.71,103.36,0.72,75.0,0.29,120.36,0.28,50.0,0.3,9.16,0.31,17.54,0.03,0.01,2341.251559,1776269483000
1776269486.631,86.631,0.63,10.0,0.61,75.0,0.68,52.0,0.69,21.0,0.3,28.45,0.29,72.36,0.31,10.0,0.32,15.0,0.05,0.01,2341.209485,1776269485000
1776269486.865,86.865,0.65,10.0,0.64,10.0,0.67,11.5,0.68,28.0,0.33,6.5,0.32,28.0,0.34,10.0,0.35,10.0,0.02,0.01,2341.209485,1776269485000
1776269487.735,87.735,0.65,30.0,0.64,16.0,0.66,56.23,0.67,10.0,0.33,11.5,0.32,28.0,0.35,10.0,0.36,10.0,0.01,0.02,2341.178932,1776269486000
1776269488.104,88.104,0.65,15.0,0.64,10.0,0.66,33.84,0.67,24.0,0.34,56.23,0.33,10.0,0.35,30.0,0.36,16.0,0.01,0.01,2341.178932,1776269486000
1776269488.57,88.57,0.64,10.0,0.63,10.0,0.65,22.5,0.66,23.84,0.36,10.0,0.35,10.0,0.38,1.26,0.39,47.22,0.01,0.02,2341.178932,1776269486000
1776269489.391,89.391,0.6,149.63,0.59,11.0,0.64,81.51,0.65,33.5,0.35,25.43,0.34,23.84,0.36,5.0,0.37,10.0,0.04,0.01,2341.016083,1776269487000
1776269489.664,89.664,0.6,107.05,0.59,21.0,0.61,102.22,0.62,16.0,0.39,61.72,0.38,10.0,0.4,146.05,0.41,11.0,0.01,0.01,2341.040687,1776269488000
1776269491.34,91.34,0.59,11.0,0.58,57.8,0.6,41.76,0.61,28.86,0.39,3.36,0.38,24.5,0.4,8.72,0.41,31.5,0.01,0.01,2341.022452,1776269489000
1776269491.633,91.633,0.58,106.8,0.57,31.5,0.59,6.0,0.6,15.0,0.39,22.62,0.38,34.5,0.41,11.0,0.42,57.8,0.01,0.02,2341.022452,1776269489000
1776269491.952,91.952,0.58,50.8,0.57,35.5,0.59,6.0,0.61,91.62,0.41,6.0,0.4,5.0,0.42,106.8,0.43,46.5,0.01,0.01,2340.633893,1776269490000
1776269492.921,92.921,0.57,9.0,0.56,78.5,0.59,153.0,0.6,104.5,0.39,45.12,0.38,78.5,0.41,10.0,0.42,45.8,0.02,0.02,2340.612343,1776269491000
1776269495.118,95.118,0.55,8.24,0.54,10.0,0.57,31.0,0.58,71.0,0.41,148.0,0.4,94.0,0.44,78.5,0.45,81.5,0.02,0.03,2340.487763,1776269493000
1776269495.886,95.886,0.54,2.02,0.52,55.0,0.55,26.0,0.56,16.0,0.44,10.0,0.43,31.0,0.47,63.24,0.48,58.56,0.01,0.03,2340.473714,1776269494000
1776269496.538,96.538,0.5,56.5,0.49,57.0,0.51,16.0,0.52,16.0,0.45,26.0,0.44,16.0,0.46,2.02,0.48,55.0,0.01,0.01,2340.478418,1776269495000
1776269497.056,97.056,0.48,11.75,0.47,50.0,0.49,10.0,0.5,15.0,0.49,16.0,0.48,16.0,0.5,56.5,0.51,57.0,0.01,0.01,2340.36738,1776269496000
1776269497.267,97.267,0.48,10.0,0.47,67.5,0.49,15.79,0.5,15.0,0.51,9.79,0.5,15.0,0.52,11.75,0.53,50.0,0.01,0.01,2340.36738,1776269496000
1776269498.287,98.287,0.48,4.9,0.47,5.0,0.49,124.79,0.5,97.5,0.51,15.79,0.5,15.0,0.52,10.0,0.53,67.5,0.01,0.01,2340.102648,1776269497000
1776269500.654,100.654,0.43,10.5,0.42,10.0,0.47,38.87,0.48,80.5,0.51,124.79,0.5,97.5,0.52,4.9,0.53,5.0,0.04,0.01,2339.825077,1776269499000
1776269502.151,102.151,0.42,6.65,0.4,10.0,0.43,36.0,0.44,26.0,0.53,107.37,0.52,85.5,0.58,10.5,0.59,57.0,0.01,0.05,2339.740725,1776269500000
1776269503.972,103.972,0.41,10.5,0.4,15.5,0.42,26.0,0.43,25.0,0.57,41.0,0.56,26.0,0.58,6.65,0.6,10.0,0.01,0.01,2339.31756,1776269503000
1776269504.581,104.581,0.41,31.5,0.4,37.5,0.42,16.0,0.43,10.0,0.58,26.0,0.57,25.0,0.59,10.5,0.6,15.5,0.01,0.01,2339.31756,1776269503000
1776269504.854,104.854,0.42,18.12,0.41,71.5,0.43,5.0,0.44,10.0,0.57,5.0,0.56,10.0,0.59,31.5,0.6,37.5,0.01,0.02,2339.31756,1776269503000
1776269506.693,106.693,0.42,59.0,0.41,71.5,0.43,60.0,0.44,64.83,0.56,9.83,0.55,81.5,0.58,23.12,0.59,71.5,0.01,0.02,2339.310729,1776269505000
1776269506.934,106.934,0.41,65.5,0.4,77.5,0.42,10.0,0.43,60.0,0.57,65.0,0.56,64.83,0.58,48.0,0.59,71.5,0.01,0.01,2339.310729,1776269505000
1776269507.457,107.457,0.41,60.5,0.4,67.0,0.42,75.5,0.43,70.5,0.58,10.0,0.57,60.0,0.59,65.5,0.6,77.5,0.01,0.01,2339.363882,1776269506000
1776269507.702,107.702,0.38,50.0,0.37,60.5,0.41,210.5,0.42,132.5,0.58,75.5,0.57,70.5,0.59,60.5,0.6,67.0,0.03,0.01,2339.363882,1776269506000
1776269507.961,107.961,0.38,38.9,0.37,60.5,0.39,127.0,0.4,60.5,0.61,31.0,0.6,52.5,0.62,48.9,0.63,60.5,0.01,0.01,2339.363882,1776269506000
1776269508.165,108.165,0.38,17.9,0.37,60.5,0.39,82.87,0.4,60.5,0.61,87.87,0.6,60.5,0.62,28.9,0.63,60.5,0.01,0.01,2339.363882,1776269506000
1776269508.588,108.588,0.35,15.0,0.34,55.0,0.36,12.0,0.37,65.0,0.61,82.87,0.6,60.5,0.63,56.4,0.64,50.0,0.01,0.02,2339.370164,1776269507000
1776269509.92,109.92,0.35,80.5,0.34,55.0,0.37,62.0,0.38,88.0,0.64,127.61,0.63,78.0,0.65,65.0,0.66,81.0,0.02,0.01,2339.349934,1776269508000
1776269511.65,111.65,0.36,18.93,0.35,70.5,0.37,175.0,0.38,130.5,0.63,62.0,0.62,88.0,0.65,80.5,0.66,55.0,0.01,0.02,2338.953777,1776269510000
1776269512.449,112.449,0.36,137.93,0.35,91.5,0.37,2.0,0.38,10.0,0.63,175.0,0.62,130.5,0.64,18.93,0.65,70.5,0.01,0.01,2338.953777,1776269510000
1776269512.705,112.705,0.38,25.5,0.37,43.5,0.39,5.18,0.4,10.0,0.61,13.0,0.6,10.0,0.63,43.5,0.64,80.5,0.01,0.02,2338.878638,1776269511000
1776269513.645,113.645,0.4,18.76,0.39,60.5,0.41,189.56,0.42,115.0,0.59,122.0,0.58,115.0,0.6,18.76,0.61,10.5,0.01,0.01,2338.86839,1776269512000
1776269515.363,115.363,0.42,21.0,0.41,36.5,0.43,66.0,0.44,87.5,0.59,189.56,0.58,115.0,0.6,18.76,0.61,60.5,0.01,0.01,2339.124773,1776269514000
1776269519.315,119.315,0.45,16.0,0.44,131.5,0.46,38.04,0.47,110.5,0.57,66.0,0.56,87.5,0.58,21.0,0.59,36.5,0.01,0.01,2339.225098,1776269517000
1776269521.039,121.039,0.44,40.46,0.43,101.5,0.46,163.54,0.47,100.5,0.54,53.04,0.53,115.5,0.55,12.0,0.56,131.5,0.02,0.01,2339.348685,1776269520000
1776269521.447,121.447,0.49,46.0,0.48,116.5,0.5,47.0,0.51,71.5,0.54,5.0,0.53,50.0,0.55,54.54,0.56,120.96,0.01,0.01,2339.348685,1776269520000
1776269521.825,121.825,0.51,39.6,0.5,91.5,0.52,55.0,0.53,67.5,0.5,47.0,0.49,71.5,0.51,46.0,0.52,116.5,0.01,0.01,2339.348685,1776269520000
1776269522.059,122.059,0.51,32.17,0.5,86.5,0.52,60.0,0.53,67.5,0.48,55.0,0.47,67.5,0.49,39.6,0.5,91.5,0.01,0.01,2339.400394,1776269521000
1776269523.808,123.808,0.51,17.1,0.5,5.0,0.52,291.5,0.53,93.5,0.48,60.0,0.47,67.5,0.49,32.17,0.5,86.5,0.01,0.01,2339.481412,1776269522000
1776269524.188,124.188,0.47,5.0,0.46,5.0,0.52,304.5,0.53,81.5,0.48,324.5,0.47,81.5,0.49,6.1,0.53,5.0,0.05,0.01,2339.77932,1776269523000
1776269524.948,124.948,0.47,84.5,0.46,146.5,0.48,5.0,0.49,5.0,0.49,5.0,0.48,304.5,0.54,1.61,0.55,11.0,0.01,0.05,2339.77932,1776269523000
1776269525.189,125.189,0.49,10.0,0.48,43.5,0.51,4.96,0.52,50.0,0.52,5.0,0.51,5.0,0.53,84.5,0.54,146.5,0.02,0.01,2339.82725,1776269524000
1776269525.467,125.467,0.5,68.66,0.49,36.5,0.51,5.0,0.52,5.0,0.49,4.96,0.48,50.0,0.51,10.0,0.52,43.5,0.01,0.02,2339.82725,1776269524000
1776269527.174,127.174,0.41,49.25,0.4,50.0,0.51,207.0,0.52,17.0,0.49,5.0,0.48,5.0,0.5,68.66,0.51,36.5,0.1,0.01,2339.696568,1776269525000
1776269528.135,128.135,0.41,26.0,0.4,60.0,0.42,15.96,0.43,20.0,0.52,9.61,0.49,247.0,0.59,49.25,0.6,50.0,0.01,0.07,2339.878041,1776269526000
1776269528.444,128.444,0.4,65.0,0.39,58.0,0.41,5.0,0.42,10.96,0.58,15.96,0.57,20.0,0.59,26.0,0.6,60.0,0.01,0.01,2339.907712,1776269527000
1776269528.652,128.652,0.41,5.0,0.4,21.0,0.42,8.57,0.43,15.0,0.58,10.96,0.57,20.0,0.6,21.0,0.61,63.0,0.01,0.02,2339.907712,1776269527000
1776269529.425,129.425,0.43,15.0,0.42,88.5,0.45,5.0,0.46,11.0,0.58,8.57,0.57,15.0,0.59,5.0,0.6,21.0,0.02,0.01,2339.907712,1776269527000
1776269529.632,129.632,0.45,20.0,0.44,35.0,0.46,24.45,0.47,50.0,0.55,5.0,0.54,11.0,0.57,15.0,0.58,88.5,0.01,0.02,2339.50997,1776269528000
1776269529.891,129.891,0.46,5.0,0.45,30.0,0.48,50.0,0.49,66.5,0.54,24.45,0.53,50.0,0.55,20.0,0.56,35.0,0.02,0.01,2339.50997,1776269528000
1776269530.208,130.208,0.47,5.0,0.46,20.0,0.48,51.33,0.49,60.5,0.52,50.0,0.51,66.5,0.54,5.0,0.55,30.0,0.01,0.02,2339.50997,1776269528000
1776269530.555,130.555,0.47,15.0,0.46,20.0,0.48,40.83,0.49,65.5,0.52,51.33,0.51,60.5,0.53,5.0,0.54,20.0,0.01,0.01,2339.436193,1776269529000
1776269531.094,131.094,0.47,27.0,0.46,20.0,0.51,56.0,0.52,72.0,0.52,40.83,0.51,65.5,0.53,15.0,0.54,20.0,0.04,0.01,2339.436193,1776269529000
1776269531.744,131.744,0.49,15.0,0.48,15.0,0.52,24.57,0.53,50.0,0.49,56.0,0.48,72.0,0.53,27.0,0.54,20.0,0.03,0.04,2339.502798,1776269530000
1776269532.189,132.189,0.49,20.0,0.48,10.0,0.52,13.96,0.54,7.0,0.48,24.57,0.47,50.0,0.51,15.0,0.52,15.0,0.03,0.03,2339.609555,1776269531000
1776269533.533,133.533,0.56,21.0,0.55,19.26,0.58,45.65,0.59,57.0,0.48,13.96,0.46,7.0,0.51,20.0,0.52,10.0,0.02,0.03,2339.800366,1776269532000
1776269533.76,133.76,0.57,21.0,0.56,46.0,0.58,64.08,0.59,50.0,0.42,45.65,0.41,57.0,0.44,21.0,0.45,19.26,0.01,0.02,2339.800366,1776269532000
1776269535.142,135.142,0.57,21.0,0.56,41.0,0.6,23.67,0.61,64.62,0.42,64.08,0.41,50.0,0.43,21.0,0.44,46.0,0.03,0.01,2340.08196,1776269533000
1776269535.631,135.631,0.6,10.0,0.59,26.0,0.61,4.0,0.62,8.0,0.4,21.77,0.39,64.62,0.41,10.0,0.42,10.0,0.01,0.01,2340.197201,1776269534000
1776269536.486,136.486,0.61,54.0,0.6,21.0,0.62,29.67,0.63,74.55,0.38,8.0,0.37,74.55,0.39,10.0,0.4,21.0,0.01,0.01,2340.18747,1776269535000
1776269538.862,138.862,0.61,44.0,0.6,21.0,0.62,26.77,0.64,18.37,0.38,29.67,0.37,74.55,0.39,54.0,0.4,21.0,0.01,0.01,2340.329347,1776269537000
1776269541.103,141.103,0.61,24.0,0.6,21.0,0.62,94.77,0.64,18.37,0.38,56.77,0.36,18.37,0.39,44.0,0.4,21.0,0.01,0.01,2340.424795,1776269539000
1776269542.368,142.368,0.61,1.0,0.55,9.26,0.62,156.77,0.63,10.0,0.38,94.77,0.36,18.37,0.39,24.0,0.4,21.0,0.01,0.01,2340.480679,1776269540000
1776269542.649,142.649,0.53,0.42,0.52,9.8,0.54,10.0,0.55,10.0,0.44,10.0,0.43,10.0,0.47,4.68,0.48,9.8,0.01,0.03,2340.51946,1776269541000
1776269543.366,143.366,0.53,0.42,0.52,24.2,0.54,99.11,0.55,15.0,0.46,10.0,0.45,10.0,0.47,0.42,0.48,9.8,0.01,0.01,2340.466577,1776269542000
1776269544.781,144.781,0.53,84.92,0.52,54.7,0.54,63.81,0.56,60.0,0.46,99.11,0.45,15.0,0.47,0.42,0.48,24.2,0.01,0.01,2340.185837,1776269543000
1776269545.196,145.196,0.51,3.59,0.5,50.0,0.54,289.18,0.55,31.5,0.46,63.81,0.44,60.0,0.47,84.92,0.48,54.7,0.03,0.01,2340.12881,1776269544000
1776269547.541,147.541,0.45,44.0,0.44,50.0,0.48,5.0,0.49,65.0,0.46,289.18,0.45,31.5,0.51,50.0,0.52,60.0,0.03,0.05,2340.056752,1776269546000
1776269548.481,148.481,0.45,53.5,0.44,60.5,0.46,108.0,0.47,21.0,0.52,5.0,0.51,65.0,0.55,44.0,0.56,50.0,0.01,0.03,2339.873578,1776269547000
1776269548.77,148.77,0.45,46.66,0.44,60.5,0.46,113.0,0.47,37.0,0.54,108.0,0.53,21.0,0.55,53.5,0.56,60.5,0.01,0.01,2339.873578,1776269547000
1776269551.466,151.466,0.45,25.5,0.44,70.5,0.46,243.58,0.47,48.0,0.54,113.0,0.53,37.0,0.55,46.66,0.56,60.5,0.01,0.01,2339.620317,1776269550000
1776269552.034,152.034,0.45,156.5,0.44,91.5,0.48,11.0,0.49,20.0,0.54,243.58,0.53,48.0,0.55,25.5,0.56,70.5,0.03,0.01,2339.544618,1776269551000
1776269552.789,152.789,0.46,146.5,0.45,116.5,0.47,68.58,0.48,96.0,0.52,51.0,0.51,25.0,0.54,117.0,0.55,121.5,0.01,0.02,2339.544618,1776269551000
1776269554.324,154.324,0.46,137.07,0.45,95.5,0.47,68.58,0.48,208.0,0.53,68.58,0.52,96.0,0.54,146.5,0.55,116.5,0.01,0.01,2339.59146,1776269553000
1776269555.402,155.402,0.46,17.07,0.45,10.0,0.47,253.58,0.48,96.37,0.53,68.58,0.52,208.0,0.54,137.07,0.55,95.5,0.01,0.01,2339.567235,1776269554000
1776269555.618,155.618,0.44,5.0,0.43,257.5,0.45,4.88,0.46,6.0,0.54,6.0,0.53,248.58,0.56,5.0,0.57,257.5,0.01,0.02,2339.567235,1776269554000
1776269557.426,157.426,0.44,10.0,0.43,267.5,0.45,39.24,0.46,27.0,0.55,4.88,0.54,6.0,0.56,5.0,0.57,257.5,0.01,0.01,2339.578867,1776269555000
1776269558.633,158.633,0.44,76.08,0.43,282.5,0.45,74.24,0.46,42.0,0.55,39.24,0.54,27.0,0.56,10.0,0.57,267.5,0.01,0.01,2339.527489,1776269556000
1776269561.391,161.391,0.44,218.08,0.43,162.13,0.45,47.66,0.46,21.0,0.55,74.24,0.54,42.0,0.56,76.08,0.57,282.5,0.01,0.01,2339.486773,1776269559000
1776269562.688,162.688,0.44,80.76,0.43,157.13,0.45,40.0,0.46,21.0,0.55,47.66,0.54,21.0,0.56,218.08,0.57,162.13,0.01,0.01,2339.523838,1776269561000
1776269563.475,163.475,0.44,91.26,0.43,279.13,0.45,33.43,0.46,21.0,0.55,36.86,0.54,27.0,0.56,80.76,0.57,157.13,0.01,0.01,2339.523192,1776269562000
1776269564.249,164.249,0.44,91.26,0.43,279.13,0.45,30.98,0.46,21.0,0.55,33.43,0.54,21.0,0.56,91.26,0.57,279.13,0.01,0.01,2339.523058,1776269563000
1776269564.755,164.755,0.45,72.0,0.44,71.26,0.46,64.0,0.47,40.0,0.55,30.98,0.54,21.0,0.56,91.26,0.57,279.13,0.01,0.01,2339.523058,1776269563000
1776269564.956,164.956,0.45,7.0,0.44,65.76,0.46,273.91,0.47,111.0,0.54,242.0,0.53,100.0,0.55,7.0,0.56,70.76,0.01,0.01,2339.523058,1776269563000
1776269574.008,174.008,0.43,138.63,0.42,125.0,0.44,78.0,0.45,36.0,0.54,278.91,0.53,136.0,0.56,60.76,0.57,162.13,0.01,0.02,2339.382188,1776269572000
1776269574.426,174.426,0.43,184.63,0.42,135.5,0.44,124.0,0.45,31.0,0.56,78.0,0.55,36.0,0.57,138.63,0.58,125.0,0.01,0.01,2339.382188,1776269572000
1776269574.786,174.786,0.43,200.13,0.42,140.5,0.45,25.0,0.46,20.0,0.56,124.0,0.55,31.0,0.57,184.63,0.58,135.5,0.02,0.01,2339.393243,1776269573000
1776269578.088,178.088,0.43,32.99,0.42,135.5,0.46,21.0,0.47,60.0,0.55,25.0,0.54,20.0,0.57,200.13,0.58,140.5,0.03,0.02,2339.496854,1776269576000
1776269578.739,178.739,0.43,11.0,0.42,141.5,0.44,20.0,0.45,80.98,0.54,21.0,0.53,60.0,0.57,32.99,0.58,135.5,0.01,0.03,2339.499398,1776269577000
1776269579.46,179.46,0.43,10.0,0.42,146.5,0.45,0.02,0.46,25.0,0.56,20.0,0.55,80.98,0.57,11.0,0.58,141.5,0.02,0.01,2339.507445,1776269578000
1776269580.799,180.799,0.43,149.5,0.42,151.5,0.44,25.0,0.45,10.0,0.55,0.02,0.54,25.0,0.57,10.0,0.58,146.5,0.01,0.02,2339.512556,1776269579000
1776269581.894,181.894,0.43,242.5,0.42,156.5,0.44,10.0,0.45,10.0,0.56,25.0,0.55,10.0,0.57,149.5,0.58,151.5,0.01,0.01,2339.505455,1776269580000
1776269584.637,184.637,0.43,252.5,0.42,145.5,0.44,0.74,0.45,10.0,0.56,10.0,0.55,10.0,0.57,242.5,0.58,156.5,0.01,0.01,2339.595092,1776269583000
1776269587.597,187.597,0.43,77.5,0.42,252.5,0.45,38.05,0.46,147.0,0.55,3.05,0.54,25.0,0.57,252.5,0.58,145.5,0.02,0.02,2339.628019,1776269586000
1776269589.146,189.146,0.44,7.96,0.43,198.99,0.45,3.05,0.46,30.0,0.55,38.05,0.54,147.0,0.57,73.99,0.58,252.5,0.01,0.02,2339.589901,1776269588000
1776269591.322,191.322,0.44,44.55,0.43,65.5,0.45,62.05,0.46,147.0,0.55,3.05,0.54,30.0,0.56,7.96,0.57,198.99,0.01,0.01,2339.601412,1776269590000
1776269593.906,193.906,0.44,10.0,0.43,65.5,0.45,50.38,0.46,147.0,0.55,62.05,0.54,147.0,0.56,44.55,0.57,65.5,0.01,0.01,2339.622241,1776269591000
1776269594.999,194.999,0.42,70.0,0.41,95.0,0.45,75.38,0.46,75.0,0.55,50.38,0.54,147.0,0.56,10.0,0.57,65.5,0.03,0.01,2339.594899,1776269593000
1776269595.634,195.634,0.41,95.0,0.4,195.0,0.45,140.38,0.46,81.0,0.55,75.38,0.54,75.0,0.58,70.0,0.59,95.0,0.04,0.03,2339.587049,1776269594000
1776269596.157,196.157,0.4,195.0,0.39,114.1,0.43,22.54,0.44,11.0,0.55,140.38,0.54,81.0,0.59,95.0,0.6,195.0,0.03,0.04,2339.587049,1776269594000
1776269597.475,197.475,0.4,110.0,0.39,150.1,0.41,21.0,0.42,30.0,0.57,22.54,0.56,11.0,0.6,195.0,0.61,114.1,0.01,0.03,2339.583703,1776269595000
1776269598.672,198.672,0.4,71.21,0.39,150.1,0.41,16.0,0.42,25.0,0.59,21.0,0.58,30.0,0.6,110.0,0.61,150.1,0.01,0.01,2339.271491,1776269597000
1776269599.053,199.053,0.4,32.26,0.39,210.6,0.41,16.0,0.42,25.0,0.59,16.0,0.58,25.0,0.6,30.87,0.61,160.6,0.01,0.01,2339.271491,1776269597000
1776269599.27,199.27,0.4,32.26,0.39,210.6,0.41,8.46,0.42,25.0,0.59,8.46,0.58,25.0,0.6,32.26,0.61,210.6,0.01,0.01,2339.271491,1776269597000
1776269603.229,203.229,0.4,35.26,0.39,210.6,0.42,27.66,0.46,34.5,0.59,8.46,0.58,25.0,0.6,32.26,0.61,210.6,0.02,0.01,2339.299508,1776269601000
1776269603.458,203.458,0.4,35.26,0.39,210.6,0.46,34.5,0.47,103.5,0.58,27.66,0.54,34.5,0.6,35.26,0.61,210.6,0.06,0.02,2339.301898,1776269602000
1776269603.919,203.919,0.41,10.5,0.4,37.26,0.46,34.5,0.47,103.5,0.54,34.5,0.53,103.5,0.6,35.26,0.61,210.6,0.05,0.06,2339.301898,1776269602000
1776269604.153,204.153,0.41,14.47,0.4,59.26,0.46,34.5,0.47,103.5,0.54,34.5,0.53,103.5,0.59,10.5,0.6,42.26,0.05,0.05,2339.302091,1776269603000
1776269606.644,206.644,0.43,50.5,0.42,38.5,0.44,5.0,0.45,15.0,0.54,34.5,0.53,103.5,0.59,14.47,0.6,59.26,0.01,0.05,2339.590579,1776269605000
1776269607.356,207.356,0.44,88.58,0.43,116.5,0.45,10.0,0.46,85.0,0.55,15.0,0.54,86.0,0.57,50.5,0.58,38.5,0.01,0.02,2339.55568,1776269606000
1776269610.353,210.353,0.48,11.73,0.47,40.5,0.49,110.0,0.5,80.0,0.55,10.0,0.54,85.0,0.56,88.58,0.57,116.5,0.01,0.01,2339.58642,1776269608000
1776269611.553,211.553,0.48,24.67,0.47,40.5,0.49,65.0,0.5,90.0,0.51,110.0,0.5,80.0,0.52,16.73,0.53,40.5,0.01,0.01,2339.808508,1776269609000
1776269613.368,213.368,0.49,257.5,0.48,160.44,0.5,0.57,0.51,99.0,0.51,65.0,0.5,90.0,0.52,24.67,0.53,40.5,0.01,0.01,2339.813351,1776269612000
1776269613.583,213.583,0.56,40.0,0.54,25.5,0.57,50.0,0.58,50.0,0.48,114.4,0.47,100.0,0.51,260.5,0.52,140.44,0.01,0.03,2339.813351,1776269612000
1776269613.886,213.886,0.61,25.5,0.6,52.0,0.62,2.0,0.63,10.5,0.38,8.0,0.36,23.6,0.43,36.4,0.44,75.5,0.01,0.05,2339.813351,1776269612000
1776269614.131,214.131,0.63,20.0,0.62,23.5,0.65,126.3,0.66,16.0,0.36,10.5,0.35,115.8,0.38,13.0,0.39,56.5,0.02,0.02,2339.82737,1776269613000
1776269614.384,214.384,0.64,25.0,0.63,16.0,0.65,10.72,0.66,16.0,0.35,116.19,0.34,16.0,0.36,25.0,0.37,16.0,0.01,0.01,2339.82737,1776269613000
1776269614.86,214.86,0.67,10.0,0.66,10.0,0.69,34.89,0.7,5.0,0.31,8.0,0.3,5.0,0.36,10.0,0.37,21.0,0.02,0.05,2339.82737,1776269613000
1776269615.138,215.138,0.68,15.0,0.67,15.0,0.7,29.0,0.71,84.5,0.31,34.89,0.3,5.0,0.33,10.0,0.34,10.0,0.02,0.02,2340.234943,1776269614000
1776269615.371,215.371,0.69,4.0,0.68,15.0,0.7,10.5,0.71,44.5,0.3,29.0,0.29,84.5,0.32,15.0,0.33,15.0,0.01,0.02,2340.234943,1776269614000
1776269615.626,215.626,0.68,10.43,0.67,15.0,0.71,44.5,0.72,74.0,0.29,44.5,0.28,74.0,0.32,13.56,0.33,15.0,0.03,0.03,2340.234943,1776269614000
1776269616.337,216.337,0.69,10.0,0.68,10.43,0.71,43.27,0.72,81.14,0.31,5.5,0.29,44.5,0.32,10.43,0.33,15.0,0.02,0.01,2340.40636,1776269615000
1776269617.074,217.074,0.7,10.0,0.69,10.0,0.71,9.61,0.72,50.0,0.29,43.27,0.28,81.14,0.31,10.0,0.32,10.43,0.01,0.02,2340.552869,1776269616000
1776269617.563,217.563,0.7,15.0,0.69,4.0,0.71,19.09,0.72,50.0,0.29,9.61,0.28,50.0,0.31,4.0,0.32,15.43,0.01,0.02,2340.552869,1776269616000
1776269618.1,218.1,0.7,13.97,0.69,3.73,0.71,1.27,0.72,60.0,0.29,16.27,0.28,50.0,0.3,5.0,0.31,8.73,0.01,0.01,2340.632159,1776269617000
1776269619.604,219.604,0.7,7.94,0.69,8.73,0.71,1.27,0.72,92.0,0.29,1.27,0.28,60.0,0.3,13.97,0.31,8.73,0.01,0.01,2340.5852,1776269618000
1776269620.673,220.673,0.7,17.94,0.69,13.73,0.72,59.86,0.73,74.0,0.29,1.27,0.28,92.0,0.3,7.94,0.31,8.73,0.02,0.01,2340.5841,1776269619000
1776269621.295,221.295,0.69,11.73,0.68,10.43,0.72,69.86,0.73,74.0,0.28,59.86,0.27,74.0,0.3,17.94,0.31,13.73,0.03,0.02,2340.540015,1776269620000
1776269621.951,221.951,0.71,6.34,0.7,10.0,0.72,74.86,0.73,74.0,0.28,69.86,0.27,74.0,0.31,11.73,0.32,10.43,0.01,0.03,2340.540015,1776269620000
1776269622.224,222.224,0.71,6.34,0.7,10.0,0.72,62.91,0.73,74.0,0.28,62.91,0.27,74.0,0.29,6.34,0.3,10.0,0.01,0.01,2340.541825,1776269621000
1776269622.431,222.431,0.71,4.0,0.7,5.34,0.72,62.91,0.73,84.0,0.28,62.91,0.27,74.0,0.3,5.34,0.31,11.73,0.01,0.02,2340.541825,1776269621000
1776269622.636,222.636,0.68,11.5,0.67,21.0,0.72,94.91,0.73,84.0,0.28,89.91,0.27,84.0,0.32,17.5,0.33,21.0,0.04,0.04,2340.541825,1776269621000
1776269622.855,222.855,0.7,10.0,0.69,10.0,0.72,61.4,0.73,94.0,0.28,61.39,0.27,94.0,0.29,10.0,0.31,10.0,0.02,0.01,2340.541825,1776269621000
1776269626.228,226.228,0.69,8.87,0.68,10.0,0.71,16.0,0.72,47.4,0.28,61.4,0.27,94.0,0.3,10.0,0.31,10.0,0.02,0.02,2340.559165,1776269624000
1776269627.008,227.008,0.69,3.87,0.68,20.0,0.7,2.85,0.71,15.0,0.29,16.0,0.28,47.4,0.31,8.87,0.32,10.0,0.01,0.02,2340.660277,1776269625000
1776269628.391,228.391,0.65,20.2,0.64,35.0,0.69,73.0,0.7,32.85,0.3,2.85,0.29,15.0,0.31,3.87,0.32,20.0,0.04,0.01,2340.499144,1776269627000
1776269628.622,228.622,0.48,21.0,0.47,65.0,0.65,10.0,0.66,65.0,0.31,67.0,0.3,41.85,0.35,6.22,0.36,35.0,0.17,0.04,2340.499144,1776269627000
1776269628.958,228.958,0.53,25.5,0.51,14.4,0.54,7.75,0.55,25.0,0.35,20.0,0.34,65.0,0.53,14.08,0.54,80.0,0.01,0.18,2340.499144,1776269627000
1776269629.196,229.196,0.51,46.9,0.5,15.5,0.53,15.0,0.54,17.75,0.46,22.75,0.45,25.0,0.47,13.01,0.48,24.0,0.02,0.01,2340.499144,1776269627000
1776269629.498,229.498,0.51,28.5,0.5,27.5,0.52,20.0,0.53,15.0,0.47,15.0,0.46,17.75,0.49,46.9,0.5,15.5,0.01,0.02,2340.547447,1776269628000
1776269629.716,229.716,0.51,41.13,0.5,27.5,0.52,10.0,0.53,15.0,0.48,20.0,0.47,15.0,0.49,28.5,0.5,27.5,0.01,0.01,2340.547447,1776269628000
1776269630.094,230.094,0.52,48.25,0.51,58.13,0.53,11.0,0.54,10.0,0.48,10.0,0.47,15.0,0.49,41.13,0.5,27.5,0.01,0.01,2340.547447,1776269628000
1776269630.454,230.454,0.53,45.11,0.52,49.5,0.54,10.0,0.55,10.0,0.47,7.08,0.46,10.0,0.48,77.75,0.49,53.13,0.01,0.01,2340.428613,1776269629000
1776269631.288,231.288,0.56,19.25,0.55,32.23,0.57,30.0,0.58,15.0,0.43,15.0,0.42,15.0,0.45,32.23,0.46,50.5,0.01,0.02,2340.027876,1776269630000
1776269631.755,231.755,0.54,19.5,0.53,35.11,0.55,3.81,0.56,15.0,0.43,30.0,0.42,15.0,0.44,4.27,0.45,22.23,0.01,0.01,2340.027876,1776269630000
1776269633.118,233.118,0.49,0.5,0.48,25.0,0.54,7.0,0.55,59.31,0.45,3.81,0.44,15.0,0.46,19.5,0.47,35.11,0.05,0.01,2340.04694,1776269632000
1776269633.515,233.515,0.5,6.5,0.48,12.0,0.51,60.2,0.54,10.0,0.46,7.0,0.45,59.31,0.51,0.5,0.52,25.0,0.01,0.05,2340.04694,1776269632000
1776269634.045,234.045,0.45,80.0,0.44,20.0,0.46,34.0,0.48,15.0,0.49,60.2,0.46,10.0,0.54,5.0,0.55,80.0,0.01,0.05,2340.04694,1776269632000
1776269634.469,234.469,0.45,50.0,0.44,20.0,0.46,84.5,0.47,5.0,0.54,34.0,0.52,15.0,0.55,80.0,0.56,20.0,0.01,0.01,2339.950329,1776269633000
1776269635.524,235.524,0.42,110.5,0.41,25.0,0.45,60.5,0.46,59.5,0.54,84.5,0.53,5.0,0.55,50.0,0.56,20.0,0.03,0.01,2339.659914,1776269634000
1776269636.361,236.361,0.41,10.5,0.4,10.5,0.42,45.15,0.43,31.0,0.55,60.5,0.54,59.5,0.58,110.5,0.59,25.0,0.01,0.03,2339.659914,1776269634000
1776269636.72,236.72,0.39,0.5,0.38,285.5,0.4,31.0,0.41,70.5,0.58,45.15,0.57,31.0,0.59,10.5,0.6,10.5,0.01,0.01,2339.522215,1776269635000
1776269637.337,237.337,0.38,25.5,0.37,100.9,0.4,15.0,0.41,24.0,0.6,31.0,0.59,65.0,0.62,160.5,0.63,100.9,0.02,0.02,2339.50492,1776269636000
1776269637.849,237.849,0.42,31.74,0.4,10.5,0.44,16.0,0.45,10.0,0.57,16.69,0.56,24.0,0.58,16.93,0.6,10.5,0.02,0.01,2339.50492,1776269636000
1776269638.25,238.25,0.43,41.5,0.42,51.74,0.49,5.0,0.5,10.0,0.56,16.0,0.55,10.0,0.58,31.74,0.6,10.5,0.06,0.02,2339.468906,1776269637000
1776269638.45,238.45,0.47,10.5,0.46,10.5,0.49,4.0,0.5,9.5,0.51,9.0,0.5,9.5,0.53,10.5,0.54,10.5,0.02,0.02,2339.468906,1776269637000
1776269639.239,239.239,0.47,42.61,0.46,15.5,0.48,45.0,0.49,20.0,0.52,10.0,0.51,10.0,0.53,13.5,0.54,10.5,0.01,0.01,2339.425676,1776269638000
1776269639.441,239.441,0.47,17.31,0.46,15.5,0.48,20.0,0.49,20.0,0.52,45.0,0.51,20.0,0.53,42.61,0.54,15.5,0.01,0.01,2339.425676,1776269638000
1776269640.3,240.3,0.44,62.63,0.43,22.9,0.47,10.0,0.48,70.0,0.52,20.0,0.51,20.0,0.53,17.31,0.54,15.5,0.03,0.01,2339.522605,1776269639000
1776269640.668,240.668,0.44,55.63,0.43,34.8,0.45,10.0,0.47,35.24,0.53,5.24,0.52,70.0,0.56,62.63,0.57,22.9,0.01,0.03,2339.522605,1776269639000
1776269642.494,242.494,0.44,21.63,0.43,23.8,0.45,73.0,0.46,10.0,0.55,10.0,0.54,10.0,0.56,52.05,0.57,34.8,0.01,0.01,2339.55832,1776269641000
1776269643.044,243.044,0.43,23.8,0.42,21.24,0.45,73.0,0.46,15.0,0.55,73.0,0.54,10.0,0.56,21.63,0.57,23.8,0.02,0.01,2339.55832,1776269641000
1776269643.88,243.88,0.43,20.29,0.42,13.18,0.44,40.0,0.45,20.0,0.56,50.0,0.55,40.0,0.57,20.29,0.58,21.24,0.01,0.01,2339.547755,1776269642000
1776269645.694,245.694,0.43,20.29,0.42,14.85,0.44,38.0,0.45,30.0,0.56,40.0,0.55,20.0,0.57,20.29,0.58,13.18,0.01,0.01,2339.569022,1776269644000
1776269646.098,246.098,0.43,20.29,0.42,14.85,0.44,27.0,0.45,30.0,0.56,38.0,0.55,30.0,0.57,20.29,0.58,14.85,0.01,0.01,2339.547157,1776269645000
1776269646.851,246.851,0.43,20.29,0.42,11.38,0.44,20.0,0.45,40.0,0.55,30.0,0.54,35.0,0.57,25.29,0.58,14.85,0.01,0.02,2339.547157,1776269645000
1776269649.694,249.694,0.43,30.29,0.42,11.38,0.45,40.0,0.46,35.0,0.56,20.0,0.55,40.0,0.57,20.29,0.58,11.38,0.02,0.01,2339.55183,1776269648000
1776269651.44,251.44,0.48,1.15,0.44,5.0,0.49,20.0,0.5,81.0,0.55,40.0,0.54,35.0,0.57,30.29,0.58,11.38,0.01,0.02,2339.5822,1776269650000
1776269652.85,252.85,0.46,5.0,0.44,21.63,0.49,60.0,0.5,125.0,0.51,29.0,0.5,81.0,0.52,1.15,0.56,5.0,0.03,0.01,2339.586715,1776269651000
1776269653.195,253.195,0.46,10.0,0.44,21.63,0.47,89.0,0.48,65.0,0.51,60.0,0.5,125.0,0.54,5.0,0.56,21.63,0.01,0.03,2339.6441,1776269652000
1776269655.317,255.317,0.44,21.63,0.43,35.29,0.46,45.0,0.47,84.0,0.53,89.0,0.52,65.0,0.54,10.0,0.56,21.63,0.02,0.01,2339.668167,1776269653000
1776269656.333,256.333,0.44,16.63,0.43,35.29,0.45,34.13,0.46,60.0,0.54,45.0,0.53,84.0,0.56,21.63,0.57,35.29,0.01,0.02,2339.648469,1776269654000
1776269656.971,256.971,0.44,21.63,0.43,40.29,0.45,22.68,0.46,70.0,0.55,34.13,0.54,60.0,0.56,16.63,0.57,35.29,0.01,0.01,2339.648467,1776269655000
1776269657.437,257.437,0.44,17.84,0.43,40.29,0.45,32.68,0.46,65.0,0.55,22.68,0.54,70.0,0.56,21.63,0.57,40.29,0.01,0.01,2339.647716,1776269656000
1776269658.585,258.585,0.44,22.84,0.43,45.29,0.45,17.01,0.46,65.0,0.55,22.04,0.54,65.0,0.56,17.84,0.57,40.29,0.01,0.01,2339.647716,1776269656000
1776269659.714,259.714,0.44,107.84,0.43,130.29,0.48,10.0,0.49,35.0,0.55,17.01,0.54,65.0,0.56,22.84,0.57,45.29,0.04,0.01,2339.682705,1776269658000
1776269661.959,261.959,0.46,1.07,0.44,16.63,0.48,85.0,0.49,85.0,0.52,10.0,0.51,35.0,0.56,107.84,0.57,130.29,0.02,0.04,2339.675329,1776269660000
1776269663.473,263.473,0.44,24.84,0.43,60.29,0.45,10.0,0.46,20.0,0.52,85.0,0.51,85.0,0.54,1.07,0.56,16.63,0.01,0.02,2339.73839,1776269662000
1776269664.516,264.516,0.44,16.64,0.43,65.29,0.45,15.0,0.46,20.0,0.55,10.0,0.54,20.0,0.56,24.84,0.57,60.29,0.01,0.01,2339.65291,1776269663000
1776269665.333,265.333,0.45,65.0,0.44,76.64,0.47,15.0,0.48,10.0,0.55,15.0,0.54,20.0,0.56,16.64,0.57,65.29,0.02,0.01,2339.653048,1776269664000
1776269666.651,266.651,0.44,12.62,0.43,60.29,0.46,30.0,0.47,15.0,0.53,15.0,0.52,10.0,0.55,65.0,0.56,76.64,0.02,0.02,2339.653048,1776269664000
1776269667.295,267.295,0.44,17.62,0.43,65.29,0.46,20.56,0.47,21.0,0.54,30.0,0.53,15.0,0.56,12.62,0.57,60.29,0.02,0.02,2339.6498,1776269665000
1776269667.959,267.959,0.44,77.62,0.43,125.29,0.46,5.0,0.47,21.0,0.54,20.56,0.53,21.0,0.56,17.62,0.57,65.29,0.02,0.02,2339.659801,1776269666000
1776269668.287,268.287,0.46,7.0,0.45,10.0,0.47,26.0,0.48,46.0,0.54,5.0,0.53,21.0,0.56,77.62,0.57,125.29,0.01,0.02,2339.659801,1776269666000
1776269668.603,268.603,0.47,232.92,0.46,112.0,0.48,10.0,0.49,25.0,0.53,26.0,0.52,46.0,0.54,7.0,0.55,10.0,0.01,0.01,2339.659801,1776269666000
1776269668.806,268.806,0.53,19.43,0.52,19.61,0.54,5.98,0.55,60.0,0.46,14.75,0.45,60.0,0.47,19.43,0.48,19.61,0.01,0.01,2339.659801,1776269666000
1776269669.118,269.118,0.55,1.0,0.54,20.66,0.56,105.0,0.57,60.0,0.45,60.0,0.44,125.0,0.47,20.0,0.48,10.0,0.01,0.02,2339.66234,1776269667000
1776269669.343,269.343,0.62,15.66,0.61,60.0,0.63,0.28,0.64,75.0,0.44,105.0,0.43,60.0,0.45,1.0,0.46,20.66,0.01,0.01,2339.66234,1776269667000
1776269669.693,269.693,0.69,15.0,0.68,15.0,0.7,6.0,0.71,11.0,0.34,60.0,0.3,21.0,0.37,10.0,0.38,35.66,0.01,0.03,2339.66234,1776269667000
1776269669.964,269.964,0.69,111.19,0.68,26.0,0.71,5.39,0.73,11.0,0.29,10.39,0.27,11.0,0.31,146.0,0.32,26.0,0.02,0.02,2339.665367,1776269668000
1776269670.217,270.217,0.76,119.0,0.75,10.0,0.77,85.0,0.79,75.0,0.23,90.0,0.21,125.0,0.28,15.0,0.29,69.61,0.01,0.05,2339.665367,1776269668000
1776269670.485,270.485,0.76,126.45,0.75,43.0,0.8,50.0,0.81,10.0,0.23,2.23,0.21,25.0,0.24,126.45,0.25,36.0,0.04,0.01,2339.665367,1776269668000
1776269670.839,270.839,0.8,15.0,0.79,25.66,0.81,5.0,0.82,25.0,0.2,50.0,0.19,10.0,0.24,126.45,0.25,43.0,0.01,0.04,2339.665367,1776269668000
1776269671.082,271.082,0.85,15.0,0.84,10.0,0.87,3.87,0.88,10.0,0.14,5.0,0.13,5.0,0.18,10.0,0.19,147.6,0.02,0.04,2339.767645,1776269669000
1776269671.398,271.398,0.86,116.0,0.85,17.18,0.87,0.65,0.88,10.0,0.13,2.72,0.12,10.0,0.15,17.18,0.16,15.0,0.01,0.02,2339.767645,1776269669000
1776269671.996,271.996,0.86,86.92,0.85,17.18,0.89,11.0,0.9,69.95,0.13,0.65,0.12,10.0,0.14,81.92,0.15,17.18,0.03,0.01,2340.194086,1776269670000
1776269672.284,272.284,0.89,15.0,0.88,23.0,0.9,68.59,0.92,50.0,0.1,64.71,0.08,50.0,0.11,10.0,0.12,18.0,0.01,0.01,2340.194086,1776269670000
1776269672.803,272.803,0.89,15.0,0.88,17.75,0.9,8.03,0.91,98.41,0.1,63.59,0.08,50.0,0.12,8.75,0.13,10.0,0.01,0.02,2340.470687,1776269671000
1776269673.234,273.234,0.9,2.05,0.89,10.0,0.91,98.41,0.92,50.0,0.09,98.41,0.08,50.0,0.11,15.0,0.12,22.75,0.01,0.02,2340.470687,1776269671000
1776269673.716,273.716,0.9,11.15,0.89,10.0,0.92,55.0,0.95,145.8,0.09,98.41,0.08,50.0,0.1,2.05,0.11,10.0,0.02,0.01,2340.64894,1776269672000
1776269675.08,275.08,0.91,86.0,0.9,87.41,0.93,5.0,0.95,201.8,0.08,55.0,0.05,190.8,0.1,83.56,0.11,15.0,0.02,0.02,2340.68474,1776269673000
1776269676.108,276.108,0.92,20.0,0.91,86.0,0.93,17.1,0.95,115.0,0.07,5.0,0.05,201.8,0.09,86.0,0.1,87.41,0.01,0.02,2340.815327,1776269675000
1776269677.11,277.11,0.91,5.0,0.9,93.41,0.92,7.0,0.94,49.0,0.07,11.72,0.05,115.0,0.08,20.0,0.09,86.0,0.01,0.01,2340.822117,1776269676000
1776269677.674,277.674,0.9,73.41,0.89,10.0,0.92,7.0,0.94,275.0,0.08,7.0,0.06,49.0,0.1,93.41,0.11,10.0,0.02,0.02,2340.822117,1776269676000
1776269677.874,277.874,0.9,12.41,0.82,5.0,0.91,9.0,0.92,5.91,0.09,15.0,0.08,5.91,0.1,12.41,0.18,5.0,0.01,0.01,2340.822117,1776269676000
1776269678.12,278.12,0.88,9.0,0.81,4.12,0.89,15.45,0.91,60.56,0.09,48.56,0.07,10.0,0.1,20.0,0.12,9.0,0.01,0.01,2340.80652,1776269677000
1776269678.42,278.42,0.89,10.0,0.88,20.0,0.91,22.22,0.92,11.0,0.09,17.96,0.08,23.0,0.13,5.0,0.14,50.0,0.02,0.04,2340.80652,1776269677000
1776269679.212,279.212,0.9,15.0,0.89,10.0,0.92,11.0,0.93,33.0,0.08,11.0,0.07,38.0,0.09,12.44,0.1,10.0,0.02,0.01,2340.69757,1776269678000
1776269679.461,279.461,0.88,2.91,0.87,25.0,0.93,57.42,0.94,48.0,0.07,47.42,0.06,48.0,0.11,15.0,0.12,22.0,0.05,0.04,2340.69757,1776269678000
1776269679.663,279.663,0.86,81.0,0.85,32.0,0.88,20.89,0.9,10.0,0.12,20.89,0.09,10.0,0.13,6.91,0.14,99.0,0.02,0.01,2340.69757,1776269678000
1776269680.061,280.061,0.88,1.66,0.87,10.0,0.9,10.0,0.91,22.0,0.09,22.0,0.08,10.0,0.13,10.0,0.14,87.0,0.02,0.04,2340.74152,1776269679000
1776269680.332,280.332,0.89,10.0,0.88,1.66,0.91,22.0,0.92,10.0,0.1,10.0,0.09,22.0,0.12,1.66,0.13,10.0,0.02,0.02,2340.74152,1776269679000
1776269680.535,280.535,0.88,1.66,0.87,10.0,0.91,21.89,0.92,10.0,0.09,22.0,0.08,10.0,0.11,10.0,0.12,1.66,0.03,0.02,2340.74152,1776269679000
1776269681.02,281.02,0.89,15.0,0.88,1.66,0.91,20.79,0.92,10.0,0.09,21.89,0.08,10.0,0.12,1.66,0.13,10.0,0.02,0.03,2340.84679,1776269680000
1776269681.649,281.649,0.9,15.0,0.89,10.0,0.91,19.69,0.92,10.0,0.09,20.79,0.08,10.0,0.11,15.0,0.12,1.66,0.01,0.02,2340.84679,1776269680000
1776269681.932,281.932,0.89,10.0,0.88,6.66,0.91,13.94,0.92,10.0,0.09,9.69,0.08,10.0,0.1,15.0,0.11,10.0,0.02,0.01,2340.84679,1776269680000
1776269682.341,282.341,0.91,27.06,0.89,10.0,0.92,10.0,0.93,24.42,0.09,13.94,0.08,10.0,0.11,10.0,0.12,6.66,0.01,0.02,2340.903695,1776269681000
1776269682.777,282.777,0.91,27.06,0.9,15.0,0.92,16.89,0.93,29.42,0.08,10.0,0.07,24.42,0.09,27.06,0.11,10.0,0.01,0.01,2340.903695,1776269681000
1776269684.46,284.46,0.91,75.17,0.9,20.0,0.92,16.89,0.93,24.42,0.08,16.89,0.07,29.42,0.09,27.06,0.1,15.0,0.01,0.01,2340.845469,1776269683000
1776269685.085,285.085,0.91,211.17,0.9,40.0,0.93,6.49,0.94,10.0,0.08,16.89,0.07,24.42,0.09,75.17,0.1,20.0,0.02,0.01,2340.858228,1776269684000
1776269685.391,285.391,0.96,25.38,0.95,14.0,0.97,68.92,0.98,237.0,0.03,89.75,0.02,237.0,0.04,10.38,0.06,44.0,0.01,0.01,2340.858228,1776269684000
1776269686.119,286.119,0.96,51.38,0.95,37.0,0.97,82.31,0.98,237.0,0.03,53.81,0.02,237.0,0.04,20.38,0.05,14.0,0.01,0.01,2340.864638,1776269685000
1776269686.321,286.321,0.96,51.38,0.95,37.0,0.97,77.39,0.98,237.0,0.03,78.43,0.02,237.0,0.04,51.38,0.05,37.0,0.01,0.01,2340.864638,1776269685000
1776269686.521,286.521,0.96,82.58,0.95,53.0,0.98,234.23,0.99,1813.22,0.03,72.23,0.02,237.0,0.04,61.58,0.05,53.0,0.02,0.01,2340.864638,1776269685000
1776269687.166,287.166,0.97,90.0,0.96,102.58,0.98,279.73,0.99,1813.22,0.02,234.23,0.01,1813.22,0.04,82.58,0.05,53.0,0.01,0.02,2340.864638,1776269685000
1776269687.651,287.651,0.97,114.0,0.96,97.58,0.98,264.73,0.99,1813.22,0.02,279.73,0.01,1813.22,0.03,90.0,0.04,102.58,0.01,0.01,2340.864638,1776269685000
1776269688.027,288.027,0.97,121.89,0.96,97.58,0.98,204.73,0.99,1613.22,0.02,264.73,0.01,1813.22,0.03,105.89,0.04,97.58,0.01,0.01,2341.074998,1776269686000
1776269688.342,288.342,0.97,111.89,0.96,97.58,0.98,167.98,0.99,1613.22,0.02,169.01,0.01,1613.22,0.03,95.89,0.04,97.58,0.01,0.01,2341.074998,1776269686000
1776269688.557,288.557,0.97,106.89,0.96,97.58,0.98,120.26,0.99,1613.22,0.02,132.26,0.01,1613.22,0.03,111.89,0.04,97.58,0.01,0.01,2341.331643,1776269687000
1776269688.928,288.928,0.97,131.2,0.96,97.58,0.99,1602.12,,,0.02,90.31,0.01,1613.22,0.03,131.2,0.04,97.58,0.02,0.01,2341.331643,1776269687000
1776269689.132,289.132,0.97,95.97,0.96,97.58,0.98,60.5,0.99,1453.22,0.01,1602.12,,,0.03,131.2,0.04,97.58,0.01,0.02,2341.503062,1776269688000
1776269689.371,289.371,0.97,90.97,0.96,116.58,0.98,7.95,0.99,1453.22,0.02,60.5,0.01,1453.22,0.03,95.97,0.04,97.58,0.01,0.01,2341.503062,1776269688000
1776269689.733,289.733,0.97,112.97,0.96,116.58,0.98,7.95,0.99,1453.22,0.02,7.95,0.01,1453.22,0.03,90.97,0.04,116.58,0.01,0.01,2341.503062,1776269688000
1776269689.982,289.982,0.97,130.86,0.96,82.58,0.99,99.0,,,0.02,29.33,,,0.03,107.97,0.04,96.58,0.02,0.01,2341.503062,1776269688000
1776269690.396,290.396,0.97,184.39,0.96,77.58,0.98,8.97,0.99,99.0,0.01,99.0,,,0.03,130.86,0.04,82.58,0.01,0.02,2341.59424,1776269689000
1776269690.733,290.733,0.97,113.39,0.96,50.58,0.98,15.0,0.99,99.0,0.02,1.92,0.01,99.0,0.03,133.39,0.04,77.58,0.01,0.01,2341.59424,1776269689000
1776269690.996,290.996,0.97,98.39,0.96,50.58,0.99,95.66,,,0.02,10.0,0.01,99.0,0.03,93.39,0.04,50.58,0.02,0.01,2341.59424,1776269689000
1776269691.448,291.448,0.98,63.85,0.97,98.39,0.99,90.66,,,0.01,95.66,,,0.03,98.39,0.04,50.58,0.01,0.02,2341.501556,1776269690000
1776269692.142,292.142,0.98,68.85,0.97,88.39,0.99,4.97,,,0.01,71.57,,,0.02,68.85,0.03,93.39,0.01,0.01,2341.598093,1776269691000
1776269692.461,292.461,0.96,18.0,0.95,45.0,0.97,8.0,0.98,10.0,0.01,17.93,,,0.05,12.2,0.06,10.0,0.01,0.04,2341.598093,1776269691000
1776269692.828,292.828,0.99,470.07,0.98,5.0,,,,,,,,,0.01,268.07,0.04,18.0,,,2341.598093,1776269691000
1776269693.124,293.124,0.99,620.22,0.98,16.0,,,,,,,,,0.01,470.07,0.02,5.0,,,2341.598093,1776269691000
1776269694.463,294.463,0.99,761.4,0.98,73.0,,,,,,,,,0.01,620.22,0.02,16.0,,,2341.116708,1776269693000
1776269696.225,296.225,0.99,6119.83,0.98,71.0,,,,,,,,,0.01,761.4,0.02,73.0,,,2341.40901,1776269695000
1776269697.828,297.828,0.99,4053.17,0.98,208.12,,,,,,,,,0.01,6119.83,0.02,71.0,,,2341.70218,1776269696000

# RESULT,winner=Up,slug=eth-updown-5m-1776269400,ticks=329
