timestamp,elapsed_sec,up_bid_p1,up_bid_s1,up_bid_p2,up_bid_s2,up_ask_p1,up_ask_s1,up_ask_p2,up_ask_s2,down_bid_p1,down_bid_s1,down_bid_p2,down_bid_s2,down_ask_p1,down_ask_s1,down_ask_p2,down_ask_s2,up_spread,down_spread,eth_price,eth_oracle_ts
1776384300.542,0.542,0.47,5.0,0.4,5.0,0.5,1.0,0.51,5.0,0.5,15.0,0.49,60.0,0.51,3.73,0.52,30.0,0.03,0.01,2348.023341,1776384299000
1776384301.29,1.29,0.47,5.0,0.4,5.0,0.5,1.0,0.51,5.0,0.5,1.0,0.49,5.0,0.53,5.0,0.6,5.0,0.03,0.03,2348.029737,1776384300000
1776384301.564,1.564,0.48,12.5,0.47,10.0,0.51,10.08,0.52,13.0,0.5,1.59,0.49,5.0,0.52,12.5,0.53,10.0,0.03,0.02,2348.029737,1776384300000
1776384302.174,2.174,0.48,8.65,0.47,5.0,0.49,5.0,0.5,83.0,0.49,10.08,0.48,13.0,0.52,12.5,0.53,10.0,0.01,0.03,2348.029737,1776384300000
1776384302.434,2.434,0.39,70.0,0.38,70.0,0.49,5.0,0.5,83.0,0.51,5.0,0.5,83.0,0.53,0.03,0.61,70.0,0.1,0.02,2347.959657,1776384301000
1776384302.906,2.906,0.39,70.0,0.38,70.0,0.45,101.37,0.46,145.0,0.55,67.6,0.54,140.0,0.61,70.0,0.62,70.0,0.06,0.06,2347.959657,1776384301000
1776384303.304,3.304,0.39,70.0,0.38,70.0,0.45,101.37,0.46,145.0,0.55,101.37,0.54,145.0,0.61,70.0,0.62,70.0,0.06,0.06,2347.849798,1776384302000
1776384303.697,3.697,0.39,70.0,0.38,70.0,0.4,12.0,0.41,140.15,0.55,101.37,0.54,145.0,0.61,70.0,0.62,70.0,0.01,0.06,2347.849798,1776384302000
1776384304.074,4.074,0.39,65.0,0.38,75.0,0.4,5.0,0.41,64.0,0.6,12.0,0.59,140.15,0.61,70.0,0.62,70.0,0.01,0.01,2347.849798,1776384302000
1776384304.305,4.305,0.39,65.0,0.38,75.0,0.4,5.0,0.41,64.0,0.6,5.0,0.59,64.0,0.61,65.0,0.62,75.0,0.01,0.01,2347.161752,1776384303000
1776384305.318,5.318,0.39,65.0,0.38,75.0,0.4,5.0,0.41,64.0,0.6,5.0,0.59,64.0,0.61,65.0,0.62,75.0,0.01,0.01,2347.037483,1776384304000
1776384305.795,5.795,0.39,70.0,0.38,83.0,0.4,15.75,0.41,5.0,0.6,5.0,0.59,64.0,0.61,65.0,0.62,75.0,0.01,0.01,2347.037483,1776384304000
1776384306.077,6.077,0.39,70.0,0.38,75.0,0.4,12.75,0.41,12.0,0.6,15.75,0.59,5.0,0.61,70.0,0.62,83.0,0.01,0.01,2347.037483,1776384304000
1776384306.307,6.307,0.39,71.0,0.38,70.0,0.4,12.5,0.41,22.0,0.6,12.5,0.59,22.0,0.61,71.0,0.62,70.0,0.01,0.01,2347.036312,1776384305000
1776384307.116,7.116,0.39,71.0,0.38,70.0,0.41,73.59,0.42,20.0,0.6,12.5,0.59,22.0,0.61,71.0,0.62,70.0,0.02,0.01,2347.036312,1776384305000
1776384307.329,7.329,0.39,71.0,0.38,70.0,0.41,73.59,0.42,20.0,0.59,73.59,0.58,20.0,0.61,71.0,0.62,70.0,0.02,0.02,2347.138757,1776384306000
1776384307.588,7.588,0.39,69.19,0.38,75.0,0.4,28.35,0.41,73.59,0.59,73.59,0.58,20.0,0.61,71.0,0.62,70.0,0.01,0.02,2347.138757,1776384306000
1776384308.378,8.378,0.39,64.19,0.38,103.0,0.4,28.35,0.41,73.59,0.6,28.35,0.59,73.59,0.61,64.19,0.62,103.0,0.01,0.01,2347.107028,1776384307000
1776384308.625,8.625,0.39,60.56,0.38,113.0,0.4,39.35,0.41,48.0,0.6,28.35,0.59,73.59,0.61,64.19,0.62,103.0,0.01,0.01,2347.107028,1776384307000
1776384309.093,9.093,0.39,95.28,0.38,171.0,0.4,39.35,0.41,10.0,0.6,39.35,0.59,48.0,0.61,60.56,0.62,113.0,0.01,0.01,2347.107028,1776384307000
1776384309.334,9.334,0.39,84.28,0.38,171.0,0.4,39.35,0.41,10.0,0.6,39.35,0.59,10.0,0.61,84.28,0.62,171.0,0.01,0.01,2347.117335,1776384308000
1776384310.41,10.41,0.39,200.78,0.38,189.0,0.4,37.95,0.42,15.0,0.6,39.35,0.59,10.0,0.61,84.28,0.62,171.0,0.01,0.01,2347.117335,1776384308000
1776384310.974,10.974,0.39,200.78,0.38,189.0,0.4,37.95,0.42,15.0,0.6,37.95,0.58,15.0,0.61,200.78,0.62,189.0,0.01,0.01,2347.123418,1776384310000
1776384311.951,11.951,0.39,245.48,0.38,161.67,0.4,37.95,0.42,15.0,0.6,37.95,0.58,15.0,0.61,200.78,0.62,189.0,0.01,0.01,2347.123418,1776384310000
1776384312.531,12.531,0.39,140.06,0.38,251.67,0.4,37.95,0.41,5.0,0.6,37.95,0.58,15.0,0.61,245.48,0.62,161.67,0.01,0.01,2347.135221,1776384311000
1776384313.576,13.576,0.39,36.82,0.38,235.0,0.4,52.95,0.41,15.0,0.6,37.95,0.59,5.0,0.61,140.06,0.62,251.67,0.01,0.01,2347.241533,1776384312000
1776384314.162,14.162,0.39,214.82,0.38,192.5,0.4,33.55,0.41,15.5,0.6,52.95,0.59,15.0,0.61,36.82,0.62,235.0,0.01,0.01,2347.241533,1776384312000
1776384314.961,14.961,0.39,210.82,0.38,192.5,0.4,33.55,0.41,15.5,0.6,33.55,0.59,15.5,0.61,214.82,0.62,192.5,0.01,0.01,2347.249143,1776384313000
1776384316.422,16.422,0.39,80.82,0.38,284.0,0.4,28.55,0.41,15.5,0.6,33.55,0.59,15.5,0.61,210.82,0.62,192.5,0.01,0.01,2347.2151,1776384315000
1776384317.406,17.406,0.39,52.65,0.38,322.5,0.4,33.55,0.41,15.5,0.6,28.55,0.59,15.5,0.61,80.82,0.62,284.0,0.01,0.01,2347.232156,1776384316000
1776384321.971,21.971,0.39,32.81,0.38,140.0,0.4,81.42,0.41,21.5,0.6,33.55,0.59,15.5,0.61,50.81,0.62,322.5,0.01,0.01,2347.22211,1776384319000
1776384322.176,22.176,0.39,20.81,0.38,140.0,0.4,140.42,0.41,15.5,0.6,81.42,0.59,21.5,0.61,32.81,0.62,140.0,0.01,0.01,2347.21414,1776384320000
1776384323.577,23.577,0.39,7.0,0.37,10.0,0.4,291.42,0.41,175.5,0.6,230.42,0.59,15.5,0.61,15.32,0.62,140.0,0.01,0.01,2347.242786,1776384321000
1776384324.539,24.539,0.26,49.72,0.25,223.83,0.27,15.5,0.28,20.5,0.6,291.42,0.59,175.5,0.63,10.0,0.64,50.0,0.01,0.03,2347.139835,1776384323000
1776384324.745,24.745,0.26,85.72,0.25,238.5,0.27,10.0,0.28,15.0,0.73,5.0,0.72,20.5,0.74,119.72,0.75,148.5,0.01,0.01,2347.139835,1776384323000
1776384326.21,26.21,0.26,248.22,0.25,301.5,0.28,183.15,0.29,40.5,0.73,6.29,0.72,10.0,0.74,85.72,0.75,266.5,0.02,0.01,2347.037071,1776384324000
1776384326.755,26.755,0.27,110.0,0.26,169.72,0.28,216.77,0.29,30.5,0.72,183.15,0.71,40.5,0.74,248.22,0.75,301.5,0.01,0.02,2347.037071,1776384324000
1776384327.85,27.85,0.28,176.5,0.27,331.5,0.31,5.0,0.32,15.5,0.72,210.77,0.71,30.5,0.73,110.0,0.74,169.72,0.03,0.01,2346.19315,1776384326000
1776384328.08,28.08,0.33,64.0,0.3,6.0,0.35,5.0,0.36,55.0,0.69,5.0,0.68,15.5,0.72,176.5,0.73,331.5,0.02,0.03,2346.19315,1776384326000
1776384328.964,28.964,0.35,82.42,0.34,298.5,0.37,53.84,0.38,65.5,0.65,5.0,0.64,55.0,0.67,64.0,0.7,6.0,0.02,0.02,2346.133005,1776384327000
1776384329.211,29.211,0.36,237.23,0.35,121.09,0.37,48.84,0.38,50.0,0.63,53.84,0.62,65.5,0.65,82.42,0.66,298.5,0.01,0.02,2346.133005,1776384327000
1776384329.437,29.437,0.36,72.0,0.35,182.5,0.38,16.73,0.39,70.5,0.63,48.84,0.62,50.0,0.64,125.64,0.65,173.09,0.02,0.01,2346.133005,1776384327000
1776384330.103,30.103,0.36,72.5,0.35,192.5,0.37,87.43,0.38,5.0,0.61,70.5,0.6,34.42,0.64,67.5,0.65,182.5,0.01,0.03,2346.270711,1776384328000
1776384330.353,30.353,0.36,195.57,0.35,367.5,0.37,64.19,0.38,33.0,0.63,87.43,0.62,5.0,0.64,72.5,0.65,192.5,0.01,0.01,2346.270711,1776384328000
1776384330.603,30.603,0.36,400.57,0.35,238.17,0.37,54.94,0.38,99.62,0.63,64.19,0.62,33.0,0.64,195.57,0.65,367.5,0.01,0.01,2346.685564,1776384329000
1776384330.834,30.834,0.36,148.5,0.35,287.5,0.37,59.94,0.38,120.12,0.63,54.94,0.62,99.62,0.64,400.57,0.65,238.17,0.01,0.01,2346.685564,1776384329000
1776384331.848,31.848,0.36,131.5,0.35,235.5,0.37,204.45,0.38,125.5,0.63,59.94,0.62,120.12,0.64,148.5,0.65,287.5,0.01,0.01,2346.778095,1776384330000
1776384332.331,32.331,0.36,140.78,0.35,240.5,0.37,165.95,0.38,153.5,0.63,204.45,0.62,125.5,0.64,131.5,0.65,235.5,0.01,0.01,2346.778095,1776384330000
1776384333.114,33.114,0.35,250.0,0.34,205.0,0.36,6.5,0.37,169.45,0.63,165.95,0.62,153.5,0.64,140.78,0.65,240.5,0.01,0.01,2346.881369,1776384331000
1776384333.439,33.439,0.35,244.51,0.34,205.0,0.36,39.5,0.37,180.45,0.64,6.5,0.63,169.45,0.65,250.0,0.66,205.0,0.01,0.01,2346.881369,1776384331000
1776384333.908,33.908,0.35,61.0,0.34,35.0,0.36,196.15,0.37,76.44,0.64,39.5,0.63,180.45,0.65,244.51,0.66,205.0,0.01,0.01,2346.907169,1776384332000
1776384334.564,34.564,0.35,35.62,0.34,35.0,0.36,212.11,0.37,166.68,0.64,254.11,0.63,76.68,0.65,51.0,0.66,35.0,0.01,0.01,2346.902472,1776384333000
1776384334.954,34.954,0.34,25.0,0.33,99.5,0.35,3.11,0.36,169.26,0.64,282.91,0.63,166.68,0.66,35.0,0.67,99.5,0.01,0.02,2346.902472,1776384333000
1776384335.241,35.241,0.33,105.61,0.32,118.5,0.35,5.0,0.36,166.48,0.64,171.48,0.63,191.68,0.67,109.5,0.68,113.5,0.02,0.03,2346.902472,1776384333000
1776384335.541,35.541,0.33,91.22,0.32,80.0,0.34,15.5,0.35,25.26,0.65,5.0,0.64,166.48,0.67,105.61,0.68,118.5,0.01,0.02,2346.902472,1776384333000
1776384335.844,35.844,0.33,87.27,0.32,75.0,0.34,155.97,0.35,110.26,0.66,15.5,0.65,25.26,0.67,91.22,0.68,80.0,0.01,0.01,2346.683563,1776384334000
1776384337.262,37.262,0.33,54.27,0.32,75.0,0.34,255.73,0.35,16.5,0.66,155.97,0.65,110.26,0.67,87.27,0.68,75.0,0.01,0.01,2346.636825,1776384336000
1776384337.511,37.511,0.33,47.28,0.32,75.0,0.34,255.73,0.35,16.5,0.66,255.73,0.65,16.5,0.67,54.27,0.68,75.0,0.01,0.01,2346.636825,1776384336000
1776384338.889,38.889,0.33,192.83,0.32,265.17,0.34,91.23,0.35,5.0,0.66,255.73,0.65,16.5,0.67,47.28,0.68,75.0,0.01,0.01,2346.618789,1776384337000
1776384339.861,39.861,0.33,213.06,0.32,265.17,0.34,71.23,0.35,5.0,0.66,66.23,0.65,5.0,0.67,192.83,0.68,265.17,0.01,0.01,2346.612797,1776384338000
1776384340.364,40.364,0.33,140.12,0.32,164.67,0.34,30.26,0.35,15.5,0.66,14.76,0.65,5.0,0.67,232.27,0.68,265.17,0.01,0.01,2346.614946,1776384339000
1776384341.634,41.634,0.33,0.12,0.32,130.0,0.34,257.26,0.35,77.39,0.66,30.26,0.65,15.5,0.67,140.12,0.68,164.67,0.01,0.01,2346.614946,1776384339000
1776384342.184,42.184,0.31,64.51,0.3,170.5,0.33,245.7,0.34,130.5,0.66,257.26,0.65,77.39,0.67,0.12,0.68,130.0,0.02,0.01,2346.733997,1776384340000
1776384342.754,42.754,0.31,78.51,0.3,175.5,0.32,133.89,0.33,131.26,0.67,137.46,0.66,130.5,0.69,58.51,0.7,183.0,0.01,0.02,2346.74019,1776384341000
1776384343.238,43.238,0.31,151.08,0.3,327.5,0.33,14.76,0.34,15.5,0.68,133.89,0.67,131.26,0.69,78.51,0.7,175.5,0.02,0.01,2346.74019,1776384341000
1776384343.527,43.527,0.32,72.3,0.31,317.41,0.33,45.0,0.34,15.5,0.67,2.0,0.66,10.5,0.68,12.0,0.69,285.41,0.01,0.01,2346.67818,1776384342000
1776384343.784,43.784,0.32,23.56,0.31,227.41,0.33,72.0,0.34,178.09,0.67,55.5,0.66,60.09,0.68,28.24,0.69,211.91,0.01,0.01,2346.67818,1776384342000
1776384344.248,44.248,0.31,149.77,0.3,275.5,0.32,53.0,0.33,82.7,0.67,79.46,0.66,188.09,0.68,23.56,0.69,221.91,0.01,0.01,2346.67818,1776384342000
1776384344.461,44.461,0.31,128.4,0.3,275.5,0.32,37.37,0.33,63.5,0.68,37.37,0.67,63.5,0.69,149.77,0.7,275.5,0.01,0.01,2346.67818,1776384342000
1776384346.25,46.25,0.29,70.92,0.28,75.0,0.31,375.5,0.32,111.44,0.68,37.37,0.67,63.5,0.69,128.4,0.7,275.5,0.02,0.01,2346.688702,1776384344000
1776384353.573,53.573,0.25,136.14,0.24,312.33,0.26,221.5,0.27,36.5,0.7,15.5,0.69,300.5,0.73,10.0,0.74,105.0,0.01,0.03,2346.094785,1776384352000
1776384353.86,53.86,0.25,125.19,0.24,312.33,0.26,176.0,0.27,36.5,0.74,176.0,0.73,36.5,0.75,129.14,0.76,340.33,0.01,0.01,2346.094785,1776384352000
1776384354.163,54.163,0.25,121.24,0.24,300.0,0.26,216.5,0.27,36.5,0.74,176.0,0.73,36.5,0.75,125.19,0.76,312.33,0.01,0.01,2346.109058,1776384353000
1776384354.54,54.54,0.25,102.24,0.24,230.0,0.26,244.5,0.27,136.5,0.74,216.5,0.73,36.5,0.75,121.24,0.76,300.0,0.01,0.01,2346.109058,1776384353000
1776384354.885,54.885,0.25,100.9,0.24,230.0,0.26,301.5,0.27,136.5,0.74,244.5,0.73,136.5,0.75,102.24,0.76,230.0,0.01,0.01,2346.109058,1776384353000
1776384355.517,55.517,0.24,65.0,0.23,150.0,0.25,254.5,0.26,121.65,0.74,297.65,0.73,136.5,0.76,230.0,0.77,155.0,0.01,0.02,2346.109058,1776384353000
1776384355.809,55.809,0.24,85.93,0.23,288.0,0.25,80.5,0.26,153.47,0.75,254.5,0.74,253.47,0.76,61.88,0.77,150.0,0.01,0.01,2346.105616,1776384354000
1776384356.116,56.116,0.24,126.98,0.23,298.5,0.25,34.0,0.26,147.32,0.75,80.5,0.74,153.47,0.76,85.93,0.77,288.0,0.01,0.01,2346.105616,1776384354000
1776384356.634,56.634,0.24,285.48,0.23,204.49,0.26,138.39,0.27,26.5,0.75,34.0,0.74,147.32,0.76,126.98,0.77,298.5,0.02,0.01,2346.086438,1776384355000
1776384357.791,57.791,0.25,15.0,0.24,275.48,0.26,137.39,0.27,26.5,0.74,132.39,0.73,26.5,0.76,285.48,0.77,204.49,0.01,0.02,2345.95745,1776384356000
1776384358.128,58.128,0.25,1.26,0.24,264.98,0.26,203.53,0.27,36.5,0.74,193.03,0.73,26.5,0.75,3.93,0.76,275.48,0.01,0.01,2345.95745,1776384356000
1776384358.567,58.567,0.25,19.16,0.24,222.48,0.26,239.03,0.27,36.5,0.74,203.53,0.73,36.5,0.75,1.26,0.76,264.98,0.01,0.01,2346.007513,1776384357000
1776384358.767,58.767,0.25,13.16,0.24,212.48,0.26,239.03,0.27,36.5,0.74,239.03,0.73,36.5,0.75,19.16,0.76,222.48,0.01,0.01,2346.007513,1776384357000
1776384358.986,58.986,0.24,156.76,0.23,204.49,0.25,24.0,0.26,181.03,0.75,24.0,0.74,186.03,0.76,165.76,0.77,204.49,0.01,0.01,2346.007513,1776384357000
1776384359.588,59.588,0.24,124.76,0.23,232.49,0.25,29.0,0.26,181.03,0.75,29.0,0.74,181.03,0.76,156.76,0.77,204.49,0.01,0.01,2346.106118,1776384358000
1776384360.533,60.533,0.24,105.92,0.23,322.49,0.25,155.65,0.26,87.64,0.75,25.0,0.74,181.03,0.76,124.76,0.77,232.49,0.01,0.01,2346.11685,1776384359000
1776384360.923,60.923,0.24,81.18,0.23,322.49,0.25,237.65,0.26,87.64,0.75,155.65,0.74,87.64,0.76,105.92,0.77,322.49,0.01,0.01,2346.11685,1776384359000
1776384361.264,61.264,0.24,264.18,0.23,209.49,0.25,122.65,0.26,69.64,0.75,154.65,0.74,69.64,0.76,224.18,0.77,209.49,0.01,0.01,2346.11685,1776384359000
1776384361.516,61.516,0.24,252.46,0.23,209.49,0.25,122.65,0.26,69.64,0.75,122.65,0.74,69.64,0.76,253.78,0.77,209.49,0.01,0.01,2346.11552,1776384360000
1776384362.073,62.073,0.24,223.34,0.23,209.49,0.25,145.65,0.26,58.64,0.75,122.65,0.74,69.64,0.76,252.46,0.77,209.49,0.01,0.01,2346.11552,1776384360000
1776384362.41,62.41,0.25,270.85,0.24,132.5,0.26,58.64,0.27,16.0,0.75,145.65,0.74,58.64,0.76,223.34,0.77,209.49,0.01,0.01,2346.11552,1776384360000
1776384362.965,62.965,0.25,252.32,0.24,77.5,0.26,40.74,0.27,115.49,0.74,52.48,0.73,16.0,0.75,270.85,0.76,112.5,0.01,0.01,2346.109634,1776384361000
1776384363.326,63.326,0.25,239.32,0.24,77.5,0.26,40.74,0.27,115.49,0.74,40.74,0.73,115.49,0.75,252.32,0.76,77.5,0.01,0.01,2346.089804,1776384362000
1776384364.013,64.013,0.25,346.16,0.24,97.5,0.26,26.43,0.27,110.49,0.74,32.43,0.73,115.49,0.75,239.32,0.76,72.5,0.01,0.01,2346.089804,1776384362000
1776384364.449,64.449,0.26,415.17,0.25,96.16,0.27,5.0,0.31,66.0,0.73,110.49,0.69,71.0,0.74,31.0,0.75,224.16,0.01,0.01,2346.140699,1776384363000
1776384364.668,64.668,0.26,120.17,0.25,60.5,0.27,2.0,0.3,116.95,0.7,116.95,0.69,66.0,0.74,100.17,0.75,75.5,0.01,0.04,2346.140699,1776384363000
1776384365.058,65.058,0.26,18.0,0.25,19.0,0.27,25.29,0.29,20.5,0.71,5.0,0.7,126.45,0.74,50.17,0.75,55.5,0.01,0.03,2346.140699,1776384363000
1776384365.293,65.293,0.25,16.0,0.24,75.0,0.26,28.0,0.27,174.29,0.73,116.49,0.71,20.5,0.75,19.0,0.76,85.5,0.01,0.02,2346.140699,1776384363000
1776384365.747,65.747,0.24,103.18,0.23,205.5,0.25,45.0,0.26,242.85,0.74,154.0,0.73,119.7,0.76,104.5,0.77,185.5,0.01,0.02,2346.221448,1776384364000
1776384366.07,66.07,0.24,60.5,0.23,210.5,0.25,173.0,0.26,150.85,0.75,68.0,0.74,235.85,0.76,101.86,0.77,205.5,0.01,0.01,2346.221448,1776384364000
1776384366.577,66.577,0.24,7.35,0.23,205.5,0.25,268.0,0.26,161.35,0.75,173.0,0.74,150.85,0.76,60.5,0.77,210.5,0.01,0.01,2346.272521,1776384365000
1776384367.442,67.442,0.24,5.85,0.23,210.5,0.25,174.0,0.26,261.35,0.75,264.0,0.74,150.85,0.76,17.85,0.77,205.5,0.01,0.01,2346.273377,1776384366000
1776384368.019,68.019,0.24,4.53,0.23,205.5,0.25,274.12,0.26,131.5,0.75,174.0,0.74,261.35,0.76,5.85,0.77,210.5,0.01,0.01,2346.219245,1776384367000
1776384368.883,68.883,0.23,155.5,0.22,320.5,0.24,285.57,0.25,151.0,0.75,274.12,0.74,131.5,0.76,4.53,0.77,205.5,0.01,0.01,2346.219245,1776384367000
1776384369.171,69.171,0.23,25.72,0.22,225.5,0.24,285.57,0.25,67.5,0.76,285.57,0.75,151.0,0.77,155.5,0.78,320.5,0.01,0.01,2346.219245,1776384367000
1776384369.867,69.867,0.22,243.02,0.21,255.5,0.23,85.56,0.24,65.95,0.76,270.56,0.75,67.5,0.77,9.67,0.78,225.5,0.01,0.01,2346.192556,1776384368000
1776384371.933,71.933,0.2,40.87,0.19,45.0,0.22,118.0,0.23,260.5,0.77,85.56,0.76,65.95,0.78,243.02,0.79,255.5,0.02,0.01,2346.172123,1776384370000
1776384372.767,72.767,0.18,200.0,0.17,25.0,0.21,407.5,0.22,137.5,0.79,166.5,0.78,248.5,0.8,0.87,0.81,45.0,0.03,0.01,2346.091025,1776384371000
1776384373.947,73.947,0.16,158.49,0.15,91.49,0.19,4.5,0.2,105.5,0.79,407.5,0.78,137.5,0.82,200.0,0.83,25.0,0.03,0.03,2345.995123,1776384372000
1776384375.737,75.737,0.16,25.0,0.15,65.5,0.17,134.45,0.18,33.0,0.81,4.5,0.8,105.5,0.84,158.49,0.85,91.49,0.01,0.03,2345.31221,1776384374000
1776384376.908,76.908,0.16,19.45,0.15,231.48,0.17,52.98,0.18,5.0,0.83,134.45,0.82,33.0,0.84,25.0,0.85,65.5,0.01,0.01,2345.317633,1776384375000
1776384377.191,77.191,0.16,240.41,0.15,143.5,0.17,52.98,0.19,12.0,0.83,52.98,0.82,5.0,0.84,19.45,0.85,231.48,0.01,0.01,2345.317633,1776384375000
1776384378.173,78.173,0.17,240.02,0.16,133.06,0.18,64.64,0.19,12.0,0.83,43.98,0.81,12.0,0.84,234.91,0.85,153.5,0.01,0.01,2345.32384,1776384376000
1776384378.788,78.788,0.18,70.76,0.17,79.16,0.19,52.13,0.2,6.0,0.82,64.64,0.81,12.0,0.83,240.02,0.84,133.06,0.01,0.01,2345.236035,1776384377000
1776384379.072,79.072,0.18,278.54,0.17,97.16,0.19,45.13,0.2,6.0,0.81,45.13,0.8,6.0,0.82,167.82,0.83,187.16,0.01,0.01,2345.365204,1776384378000
1776384379.393,79.393,0.18,194.99,0.17,125.16,0.19,26.39,0.2,6.0,0.81,34.39,0.8,6.0,0.82,242.99,0.83,97.16,0.01,0.01,2345.365204,1776384378000
1776384379.648,79.648,0.18,289.76,0.17,80.16,0.19,5.0,0.2,6.0,0.81,26.39,0.8,6.0,0.82,194.99,0.83,125.16,0.01,0.01,2345.365204,1776384378000
1776384379.99,79.99,0.19,162.28,0.18,137.78,0.2,50.86,0.21,20.0,0.8,1.0,0.79,65.56,0.81,10.5,0.82,309.76,0.01,0.01,2345.365204,1776384378000
1776384380.44,80.44,0.19,97.77,0.18,189.78,0.2,50.86,0.21,20.0,0.8,50.86,0.79,20.0,0.81,84.13,0.82,79.78,0.01,0.01,2345.465889,1776384379000
1776384380.896,80.896,0.19,95.37,0.18,179.78,0.2,137.6,0.21,30.5,0.8,50.86,0.79,20.0,0.81,97.77,0.82,189.78,0.01,0.01,2345.465889,1776384379000
1776384382.721,82.721,0.15,69.82,0.14,349.14,0.16,169.6,0.17,114.0,0.8,149.6,0.79,42.5,0.81,30.47,0.82,59.92,0.01,0.01,2345.748716,1776384381000
1776384383.429,83.429,0.15,44.82,0.14,349.14,0.16,129.6,0.17,114.0,0.84,169.6,0.83,114.0,0.85,69.82,0.86,349.14,0.01,0.01,2345.748716,1776384381000
1776384383.737,83.737,0.15,19.55,0.14,324.14,0.16,129.6,0.17,124.5,0.84,129.6,0.83,114.0,0.85,44.82,0.86,349.14,0.01,0.01,2345.5523,1776384382000
1776384384.277,84.277,0.15,19.55,0.14,324.14,0.16,111.35,0.17,124.5,0.84,129.6,0.83,124.5,0.85,19.55,0.86,324.14,0.01,0.01,2345.345415,1776384383000
1776384384.865,84.865,0.14,190.5,0.13,245.14,0.15,192.17,0.16,163.0,0.84,201.35,0.83,34.5,0.85,13.55,0.86,324.14,0.01,0.01,2345.345415,1776384383000
1776384385.266,85.266,0.14,190.5,0.13,225.14,0.15,178.83,0.16,168.0,0.85,192.17,0.84,163.0,0.86,190.5,0.87,245.14,0.01,0.01,2345.345415,1776384383000
1776384386.165,86.165,0.14,44.33,0.13,225.14,0.15,145.84,0.16,212.0,0.85,178.83,0.84,168.0,0.86,190.5,0.87,225.14,0.01,0.01,2345.326703,1776384385000
1776384386.367,86.367,0.14,39.33,0.13,225.14,0.15,239.25,0.16,222.5,0.85,145.84,0.84,212.0,0.86,44.33,0.87,225.14,0.01,0.01,2345.326703,1776384385000
1776384386.706,86.706,0.14,27.66,0.13,235.64,0.15,319.25,0.16,132.5,0.85,239.25,0.84,222.5,0.86,39.33,0.87,225.14,0.01,0.01,2345.326703,1776384385000
1776384386.957,86.957,0.14,35.5,0.13,353.64,0.15,326.58,0.16,125.5,0.85,328.25,0.84,132.5,0.86,27.66,0.87,235.64,0.01,0.01,2345.326703,1776384385000
1776384387.334,87.334,0.13,220.5,0.12,157.08,0.14,12.85,0.15,279.58,0.85,326.58,0.84,125.5,0.86,35.5,0.87,353.64,0.01,0.01,2345.326703,1776384385000
1776384387.738,87.738,0.13,110.0,0.12,90.09,0.14,488.34,0.15,374.91,0.86,12.85,0.85,279.58,0.87,220.5,0.88,157.08,0.01,0.01,2345.326703,1776384385000
1776384387.956,87.956,0.12,88.84,0.11,245.5,0.13,238.5,0.14,477.49,0.87,10.5,0.86,423.49,0.88,90.09,0.89,245.5,0.01,0.01,2345.326703,1776384385000
1776384388.361,88.361,0.12,1.91,0.11,245.5,0.13,389.49,0.14,267.5,0.87,238.5,0.86,477.49,0.88,88.84,0.89,245.5,0.01,0.01,2345.25766,1776384387000
1776384388.563,88.563,0.11,145.5,0.1,135.0,0.13,348.49,0.14,297.5,0.87,389.49,0.86,267.5,0.88,1.91,0.89,245.5,0.02,0.01,2345.25766,1776384387000
1776384388.928,88.928,0.11,145.5,0.1,140.0,0.12,292.2,0.13,184.99,0.87,348.49,0.86,297.5,0.89,145.5,0.9,135.0,0.01,0.02,2345.25766,1776384387000
1776384390.37,90.37,0.11,60.5,0.1,143.0,0.12,264.14,0.13,177.5,0.88,292.2,0.87,184.99,0.89,145.5,0.9,140.0,0.01,0.01,2345.090562,1776384388000
1776384390.899,90.899,0.11,1.16,0.1,135.0,0.12,485.07,0.13,286.43,0.88,264.14,0.87,177.5,0.89,60.5,0.9,143.0,0.01,0.01,2344.56157,1776384389000
1776384391.626,91.626,0.1,1.29,0.09,111.0,0.11,666.84,0.12,244.43,0.89,262.84,0.88,399.99,0.9,137.41,0.91,111.0,0.01,0.01,2344.548775,1776384390000
1776384391.874,91.874,0.09,100.29,0.08,12.0,0.1,116.0,0.11,360.77,0.89,666.84,0.88,244.43,0.91,102.29,0.92,17.0,0.01,0.02,2344.548775,1776384390000
1776384392.426,92.426,0.09,162.29,0.08,173.99,0.1,135.97,0.11,21.84,0.9,116.0,0.89,360.77,0.91,100.29,0.92,12.0,0.01,0.01,2344.60436,1776384391000
1776384393.596,93.596,0.09,4.19,0.08,262.29,0.1,145.13,0.11,134.84,0.9,122.91,0.89,16.84,0.91,113.29,0.92,167.99,0.01,0.01,2344.317683,1776384392000
1776384394.029,94.029,0.09,28.89,0.08,234.29,0.1,127.13,0.11,56.84,0.9,145.13,0.89,134.84,0.91,4.19,0.92,262.29,0.01,0.01,2344.317683,1776384392000
1776384394.55,94.55,0.09,23.08,0.08,234.29,0.1,155.13,0.11,61.84,0.9,127.13,0.89,56.84,0.91,28.89,0.92,234.29,0.01,0.01,2344.175842,1776384393000
1776384394.952,94.952,0.08,172.29,0.07,599.3,0.1,145.13,0.11,89.84,0.9,155.13,0.89,61.84,0.91,23.08,0.92,234.29,0.02,0.01,2344.175842,1776384393000
1776384395.679,95.679,0.08,122.55,0.07,599.3,0.09,119.0,0.1,37.78,0.9,145.13,0.89,89.84,0.92,172.29,0.93,599.3,0.01,0.02,2344.429037,1776384394000
1776384395.932,95.932,0.08,14.12,0.07,675.3,0.09,161.0,0.1,155.78,0.91,119.0,0.9,37.78,0.92,122.55,0.93,599.3,0.01,0.01,2344.429037,1776384394000
1776384396.586,96.586,0.07,590.97,0.06,227.8,0.08,10.0,0.09,122.0,0.91,161.0,0.9,155.78,0.92,14.12,0.93,675.3,0.01,0.01,2344.43287,1776384395000
1776384398.144,98.144,0.07,683.97,0.06,181.8,0.08,108.0,0.09,114.0,0.92,10.0,0.91,114.0,0.93,585.97,0.94,227.8,0.01,0.01,2344.420124,1776384396000
1776384400.605,100.605,0.07,374.55,0.06,218.39,0.09,52.35,0.1,179.77,0.92,108.0,0.91,114.0,0.93,683.97,0.94,181.8,0.02,0.01,2344.346634,1776384399000
1776384400.995,100.995,0.07,312.47,0.06,209.39,0.08,129.43,0.1,141.77,0.91,52.35,0.9,179.77,0.93,374.55,0.94,218.39,0.01,0.02,2344.346634,1776384399000
1776384403.052,103.052,0.09,26.0,0.08,126.59,0.1,67.78,0.11,132.05,0.92,129.43,0.9,141.77,0.93,312.47,0.94,209.39,0.01,0.01,2344.239499,1776384401000
1776384403.431,103.431,0.09,26.0,0.08,105.59,0.1,57.78,0.11,156.55,0.9,67.78,0.89,132.05,0.91,26.0,0.92,126.59,0.01,0.01,2344.239499,1776384401000
1776384404.339,104.339,0.09,214.59,0.08,107.49,0.1,38.78,0.11,45.0,0.9,57.78,0.89,156.55,0.91,26.0,0.92,105.59,0.01,0.01,2344.263805,1776384402000
1776384404.843,104.843,0.09,194.59,0.08,107.49,0.1,38.78,0.11,45.0,0.9,38.78,0.89,45.0,0.91,214.59,0.92,107.49,0.01,0.01,2344.330945,1776384403000
1776384405.325,105.325,0.09,246.59,0.08,132.49,0.1,28.78,0.11,40.0,0.9,38.78,0.89,45.0,0.91,194.59,0.92,107.49,0.01,0.01,2344.46453,1776384404000
1776384405.805,105.805,0.11,299.49,0.1,85.5,0.12,10.0,0.14,10.0,0.88,20.0,0.87,30.0,0.91,254.59,0.92,132.49,0.01,0.03,2344.46453,1776384404000
1776384406.139,106.139,0.14,38.83,0.13,15.0,0.15,101.99,0.16,25.0,0.88,22.0,0.86,10.0,0.89,303.36,0.9,85.5,0.01,0.01,2344.46453,1776384404000
1776384408.828,108.828,0.14,110.99,0.13,194.29,0.15,129.64,0.16,30.5,0.85,101.99,0.84,25.0,0.86,38.83,0.87,15.0,0.01,0.01,2345.147137,1776384407000
1776384409.216,109.216,0.14,205.99,0.13,124.29,0.15,47.97,0.16,20.0,0.85,47.97,0.84,30.5,0.86,85.99,0.87,194.29,0.01,0.01,2345.147137,1776384407000
1776384409.552,109.552,0.14,269.49,0.13,134.29,0.16,20.0,0.17,6.02,0.85,47.97,0.84,20.0,0.86,205.99,0.87,124.29,0.02,0.01,2345.147137,1776384407000
1776384409.848,109.848,0.15,99.99,0.14,225.4,0.16,42.0,0.17,133.43,0.84,20.0,0.83,6.02,0.85,8.5,0.86,289.49,0.01,0.01,2345.205007,1776384408000
1776384410.112,110.112,0.16,49.13,0.15,229.5,0.17,122.93,0.18,59.13,0.84,42.0,0.83,133.43,0.85,99.99,0.86,225.4,0.01,0.01,2345.205007,1776384408000
1776384410.752,110.752,0.16,29.51,0.15,177.2,0.17,216.43,0.18,31.13,0.83,122.93,0.82,59.13,0.84,53.82,0.85,214.0,0.01,0.01,2345.352974,1776384409000
1776384411.905,111.905,0.16,31.76,0.15,66.19,0.17,221.43,0.18,31.13,0.83,216.43,0.82,31.13,0.84,29.51,0.85,177.2,0.01,0.01,2345.452278,1776384410000
1776384412.18,112.18,0.16,27.76,0.15,66.19,0.17,221.43,0.18,31.13,0.83,221.43,0.82,31.13,0.84,31.76,0.85,66.19,0.01,0.01,2345.626657,1776384411000
1776384413.195,113.195,0.16,73.11,0.15,139.73,0.17,196.03,0.18,31.13,0.83,221.43,0.82,31.13,0.84,27.76,0.85,66.19,0.01,0.01,2345.626657,1776384411000
1776384413.624,113.624,0.16,6.31,0.15,139.73,0.17,241.01,0.18,36.13,0.83,196.03,0.82,31.13,0.84,73.11,0.85,139.73,0.01,0.01,2345.618176,1776384412000
1776384414.648,114.648,0.15,131.2,0.14,88.89,0.17,316.01,0.18,36.13,0.83,241.01,0.82,36.13,0.84,6.31,0.85,139.73,0.02,0.01,2345.606791,1776384413000
1776384415.288,115.288,0.16,10.0,0.15,137.73,0.17,107.71,0.18,82.4,0.83,316.01,0.82,36.13,0.85,131.2,0.86,88.89,0.01,0.02,2345.622615,1776384414000
1776384415.666,115.666,0.16,36.8,0.15,111.53,0.17,117.1,0.18,82.4,0.83,107.71,0.82,82.4,0.84,10.0,0.85,137.73,0.01,0.01,2345.622615,1776384414000
1776384417.495,117.495,0.12,67.75,0.11,168.79,0.16,46.5,0.17,156.16,0.83,117.1,0.82,82.4,0.84,36.8,0.85,111.53,0.04,0.01,2345.6217,1776384416000
1776384418.514,118.514,0.11,117.72,0.1,238.5,0.14,105.5,0.15,70.43,0.84,46.5,0.83,156.16,0.88,67.75,0.89,168.79,0.03,0.04,2345.638548,1776384417000
1776384419.002,119.002,0.12,15.0,0.11,85.26,0.13,94.23,0.14,213.97,0.86,105.5,0.85,70.43,0.89,117.72,0.9,238.5,0.01,0.03,2345.638548,1776384417000
1776384419.443,119.443,0.12,15.0,0.11,199.75,0.13,33.23,0.14,25.0,0.87,94.23,0.86,213.97,0.88,15.0,0.89,85.26,0.01,0.01,2345.638548,1776384417000
1776384419.819,119.819,0.12,13.86,0.11,234.28,0.13,46.23,0.14,53.0,0.87,33.23,0.86,25.0,0.88,15.0,0.89,199.75,0.01,0.01,2345.335031,1776384418000
1776384420.513,120.513,0.12,221.35,0.11,165.75,0.13,30.93,0.14,5.0,0.87,46.23,0.86,53.0,0.88,13.86,0.89,234.28,0.01,0.01,2345.29672,1776384419000
1776384421.017,121.017,0.12,181.21,0.11,190.75,0.13,82.67,0.14,33.0,0.87,30.93,0.86,5.0,0.88,194.71,0.89,165.75,0.01,0.01,2345.29672,1776384419000
1776384421.398,121.398,0.12,294.07,0.11,162.75,0.13,59.67,0.15,5.0,0.87,82.67,0.86,33.0,0.88,181.21,0.89,190.75,0.01,0.01,2345.294811,1776384420000
1776384421.832,121.832,0.14,56.71,0.13,55.5,0.15,5.0,0.16,53.5,0.85,5.0,0.84,62.5,0.88,328.17,0.89,162.75,0.01,0.03,2345.294811,1776384420000
1776384422.171,122.171,0.14,28.72,0.13,38.99,0.15,151.77,0.16,53.5,0.85,5.0,0.84,53.5,0.86,56.71,0.87,55.5,0.01,0.01,2345.294811,1776384420000
1776384422.611,122.611,0.13,18.62,0.12,6.53,0.14,37.5,0.15,257.27,0.85,151.77,0.84,53.5,0.86,28.72,0.87,38.99,0.01,0.01,2345.360727,1776384421000
1776384422.909,122.909,0.13,42.07,0.12,26.49,0.14,23.0,0.15,156.77,0.86,140.5,0.85,167.27,0.87,8.62,0.88,6.53,0.01,0.01,2345.360727,1776384421000
1776384423.345,123.345,0.13,23.04,0.12,167.49,0.14,114.6,0.15,31.33,0.86,114.6,0.85,31.33,0.87,2.2,0.88,77.49,0.01,0.01,2345.417159,1776384422000
1776384423.807,123.807,0.13,12.04,0.12,167.49,0.14,107.6,0.15,31.33,0.86,114.54,0.85,31.33,0.87,18.04,0.88,167.49,0.01,0.01,2345.417159,1776384422000
1776384424.142,124.142,0.12,181.27,0.11,193.29,0.13,6.96,0.14,5.0,0.87,6.96,0.86,107.6,0.88,139.49,0.89,152.29,0.01,0.01,2345.504879,1776384423000
1776384424.508,124.508,0.12,180.13,0.11,193.29,0.13,6.96,0.14,5.0,0.87,6.96,0.86,5.0,0.88,181.27,0.89,193.29,0.01,0.01,2345.504879,1776384423000
1776384425.017,125.017,0.12,180.13,0.11,193.29,0.13,79.14,0.14,65.46,0.87,6.96,0.86,5.0,0.88,180.13,0.89,193.29,0.01,0.01,2345.504879,1776384423000
1776384425.264,125.264,0.12,191.91,0.11,168.29,0.13,84.14,0.14,65.46,0.87,79.14,0.86,65.46,0.88,180.13,0.89,193.29,0.01,0.01,2345.504879,1776384423000
1776384425.667,125.667,0.12,214.96,0.11,193.29,0.13,74.44,0.14,65.46,0.87,84.14,0.86,65.46,0.88,183.95,0.89,168.29,0.01,0.01,2345.478542,1776384424000
1776384425.968,125.968,0.12,213.72,0.11,193.29,0.13,74.44,0.14,65.46,0.87,74.44,0.86,65.46,0.88,213.25,0.89,193.29,0.01,0.01,2345.473974,1776384425000
1776384426.366,126.366,0.12,202.51,0.11,168.29,0.13,161.3,0.14,60.46,0.87,74.44,0.86,65.46,0.88,213.72,0.89,193.29,0.01,0.01,2345.473974,1776384425000
1776384426.721,126.721,0.12,226.51,0.11,168.29,0.13,153.6,0.14,60.46,0.87,161.3,0.86,60.46,0.88,202.51,0.89,168.29,0.01,0.01,2345.473974,1776384425000
1776384426.947,126.947,0.12,201.26,0.11,168.29,0.13,138.21,0.14,65.46,0.87,138.21,0.86,60.46,0.88,226.51,0.89,168.29,0.01,0.01,2345.473974,1776384425000
1776384427.259,127.259,0.12,206.26,0.11,168.29,0.13,130.51,0.14,65.46,0.87,138.21,0.86,65.46,0.88,201.26,0.89,168.29,0.01,0.01,2345.47514,1776384426000
1776384427.611,127.611,0.12,314.22,0.11,218.29,0.13,132.81,0.14,60.46,0.87,130.51,0.86,65.46,0.88,205.12,0.89,168.29,0.01,0.01,2345.47514,1776384426000
1776384428.007,128.007,0.12,292.97,0.11,218.29,0.13,91.39,0.14,60.46,0.87,99.09,0.86,60.46,0.88,292.97,0.89,218.29,0.01,0.01,2345.47514,1776384426000
1776384428.307,128.307,0.12,290.58,0.11,218.29,0.13,83.69,0.14,60.46,0.87,91.39,0.86,60.46,0.88,290.58,0.89,218.29,0.01,0.01,2345.49366,1776384427000
1776384428.631,128.631,0.12,278.64,0.11,218.29,0.13,68.29,0.14,60.46,0.87,75.99,0.86,60.46,0.88,283.64,0.89,218.29,0.01,0.01,2345.49366,1776384427000
1776384428.861,128.861,0.12,277.39,0.11,218.29,0.13,60.59,0.14,60.46,0.87,60.59,0.86,60.46,0.88,278.64,0.89,218.29,0.01,0.01,2345.49366,1776384427000
1776384429.189,129.189,0.12,68.46,0.11,157.79,0.13,175.83,0.14,165.96,0.87,62.89,0.86,60.46,0.88,271.06,0.89,221.29,0.01,0.01,2345.49366,1776384427000
1776384429.389,129.389,0.12,22.55,0.11,157.79,0.13,217.13,0.14,165.96,0.87,217.13,0.86,165.96,0.88,22.55,0.89,157.79,0.01,0.01,2345.544981,1776384428000
1776384429.863,129.863,0.12,21.3,0.11,157.79,0.13,207.43,0.14,165.96,0.87,232.43,0.86,165.96,0.88,22.55,0.89,157.79,0.01,0.01,2345.544981,1776384428000
1776384431.014,131.014,0.11,79.89,0.1,267.5,0.12,158.86,0.13,160.0,0.88,101.86,0.87,207.43,0.89,157.79,0.9,220.5,0.01,0.01,2345.604917,1776384429000
1776384431.48,131.48,0.11,88.65,0.1,267.5,0.12,186.86,0.13,160.0,0.88,158.86,0.87,160.0,0.89,79.89,0.9,267.5,0.01,0.01,2345.454812,1776384430000
1776384431.879,131.879,0.11,18.9,0.1,102.0,0.12,221.86,0.13,175.5,0.88,186.86,0.87,160.0,0.89,88.65,0.9,267.5,0.01,0.01,2345.454812,1776384430000
1776384432.402,132.402,0.1,10.77,0.09,96.0,0.11,225.88,0.12,142.36,0.89,9.24,0.88,332.36,0.9,86.14,0.91,140.0,0.01,0.01,2345.37692,1776384431000
1776384432.698,132.698,0.1,9.65,0.09,77.14,0.11,263.88,0.12,132.36,0.89,225.88,0.88,142.36,0.9,10.77,0.91,96.0,0.01,0.01,2345.37692,1776384431000
1776384432.984,132.984,0.1,2.86,0.09,77.14,0.11,348.88,0.12,132.36,0.89,263.88,0.88,132.36,0.9,8.42,0.91,77.14,0.01,0.01,2345.37692,1776384431000
1776384433.362,133.362,0.1,1.63,0.09,52.14,0.11,338.88,0.12,122.36,0.89,348.88,0.88,132.36,0.9,2.86,0.91,77.14,0.01,0.01,2345.37692,1776384431000
1776384433.691,133.691,0.1,0.4,0.09,52.14,0.11,338.88,0.12,122.36,0.89,338.88,0.88,122.36,0.9,1.63,0.91,52.14,0.01,0.01,2345.353132,1776384432000
1776384435.525,135.525,0.1,4.15,0.09,27.14,0.11,55.0,0.12,243.83,0.89,338.88,0.88,122.36,0.9,0.4,0.91,52.14,0.01,0.01,2345.158697,1776384434000
1776384435.956,135.956,0.1,32.44,0.09,76.99,0.11,50.0,0.12,143.33,0.89,55.0,0.88,243.83,0.9,4.15,0.91,27.14,0.01,0.01,2345.158697,1776384434000
1776384436.491,136.491,0.1,20.88,0.09,46.99,0.11,37.34,0.12,207.36,0.89,25.34,0.88,196.86,0.9,105.14,0.91,141.99,0.01,0.01,2345.170001,1776384435000
1776384436.974,136.974,0.1,29.34,0.09,46.99,0.11,37.34,0.12,207.36,0.89,37.34,0.88,207.36,0.9,56.9,0.91,46.99,0.01,0.01,2345.170001,1776384435000
1776384438.573,138.573,0.11,107.95,0.1,91.5,0.12,101.86,0.13,5.0,0.89,37.34,0.88,207.36,0.9,29.34,0.91,46.99,0.01,0.01,2345.240462,1776384437000
1776384438.874,138.874,0.11,117.45,0.1,181.5,0.12,84.48,0.13,5.0,0.88,96.48,0.87,5.0,0.89,127.95,0.9,181.5,0.01,0.01,2345.240462,1776384437000
1776384439.3,139.3,0.11,141.14,0.1,159.5,0.12,84.48,0.13,74.73,0.88,84.48,0.86,69.39,0.89,82.95,0.9,181.5,0.01,0.01,2345.240462,1776384437000
1776384439.508,139.508,0.11,158.14,0.1,159.5,0.12,76.14,0.13,74.73,0.88,84.48,0.87,74.73,0.89,141.14,0.9,159.5,0.01,0.01,2345.24046,1776384438000
1776384440.163,140.163,0.1,91.0,0.09,44.0,0.12,300.64,0.13,156.14,0.88,76.14,0.87,74.73,0.89,158.14,0.9,159.5,0.02,0.01,2345.24067,1776384439000
1776384440.522,140.522,0.09,47.0,0.08,98.9,0.11,238.4,0.12,131.64,0.88,300.64,0.87,156.14,0.9,91.0,0.91,44.0,0.02,0.02,2345.24067,1776384439000
1776384441.05,141.05,0.09,3.8,0.08,162.9,0.1,85.0,0.11,123.5,0.9,60.0,0.89,177.4,0.91,5.45,0.92,98.9,0.01,0.01,2345.24067,1776384439000
1776384441.342,141.342,0.09,15.74,0.08,162.9,0.1,168.12,0.11,110.5,0.9,168.12,0.89,123.5,0.91,3.8,0.92,157.9,0.01,0.01,2345.415908,1776384440000
1776384441.821,141.821,0.09,0.5,0.08,116.9,0.1,168.12,0.11,110.5,0.9,168.12,0.89,110.5,0.91,15.74,0.92,162.9,0.01,0.01,2345.415908,1776384440000
1776384442.785,142.785,0.09,8.5,0.08,103.9,0.1,259.12,0.11,20.5,0.9,168.12,0.89,110.5,0.91,0.5,0.92,116.9,0.01,0.01,2345.257568,1776384441000
1776384443.139,143.139,0.09,7.4,0.08,55.0,0.1,236.12,0.11,20.5,0.9,259.12,0.89,20.5,0.91,8.5,0.92,103.9,0.01,0.01,2345.257568,1776384441000
1776384443.658,143.658,0.09,6.19,0.08,55.0,0.1,213.12,0.11,20.5,0.9,186.12,0.89,20.5,0.91,7.4,0.92,55.0,0.01,0.01,2345.215183,1776384442000
1776384444.154,144.154,0.09,4.21,0.08,61.0,0.1,201.12,0.11,20.5,0.9,213.12,0.89,20.5,0.91,6.19,0.92,55.0,0.01,0.01,2345.203598,1776384443000
1776384444.925,144.925,0.08,46.36,0.07,381.47,0.09,20.0,0.1,116.12,0.9,201.12,0.89,20.5,0.91,4.21,0.92,61.0,0.01,0.01,2345.203598,1776384443000
1776384445.214,145.214,0.08,66.36,0.07,408.47,0.09,14.62,0.1,5.0,0.91,20.0,0.9,116.12,0.92,46.36,0.93,381.47,0.01,0.01,2345.136793,1776384444000
1776384445.995,145.995,0.08,139.05,0.07,373.77,0.09,3.5,0.1,5.0,0.91,14.62,0.9,5.0,0.92,44.05,0.93,463.77,0.01,0.01,2345.136793,1776384444000
1776384446.826,146.826,0.08,125.61,0.07,378.77,0.09,3.5,0.1,5.0,0.91,3.5,0.9,5.0,0.92,137.7,0.93,373.77,0.01,0.01,2345.075733,1776384445000
1776384447.101,147.101,0.08,142.74,0.07,350.77,0.09,3.5,0.1,5.0,0.91,3.5,0.9,5.0,0.92,125.61,0.93,378.77,0.01,0.01,2345.075733,1776384445000
1776384447.326,147.326,0.08,184.36,0.07,350.77,0.09,3.5,0.1,93.42,0.91,3.5,0.9,5.0,0.92,142.74,0.93,350.77,0.01,0.01,2345.006275,1776384446000
1776384448.442,148.442,0.09,21.79,0.08,5.0,0.1,109.77,0.11,105.5,0.9,76.77,0.89,43.5,0.92,184.36,0.93,350.77,0.01,0.02,2345.112535,1776384447000
1776384449.729,149.729,0.09,18.49,0.08,5.0,0.1,109.77,0.11,105.5,0.9,109.77,0.89,105.5,0.91,20.14,0.92,5.0,0.01,0.01,2345.151139,1776384448000
1776384449.938,149.938,0.08,5.0,0.07,426.77,0.1,109.77,0.11,105.5,0.9,109.77,0.89,105.5,0.91,18.49,0.92,5.0,0.02,0.01,2345.151139,1776384448000
1776384450.7,150.7,0.08,5.0,0.07,426.77,0.09,43.71,0.1,33.0,0.9,109.77,0.89,105.5,0.92,5.0,0.93,426.77,0.01,0.02,2345.156181,1776384449000
1776384450.913,150.913,0.08,130.72,0.07,361.77,0.1,5.0,0.12,76.14,0.9,5.0,0.88,76.14,0.92,136.0,0.93,389.77,0.02,0.02,2345.156181,1776384449000
1776384451.153,151.153,0.1,28.0,0.09,292.86,0.12,71.32,0.13,10.0,0.88,71.42,0.87,10.0,0.91,292.86,0.92,221.9,0.02,0.03,2345.129695,1776384450000
1776384451.502,151.502,0.11,29.0,0.1,90.11,0.12,62.98,0.13,10.0,0.88,71.32,0.87,10.0,0.9,18.11,0.91,264.86,0.01,0.02,2345.129695,1776384450000
1776384451.77,151.77,0.11,23.6,0.1,90.11,0.12,67.98,0.13,20.5,0.88,67.98,0.87,20.5,0.89,27.76,0.9,90.11,0.01,0.01,2345.129695,1776384450000
1776384452.841,152.841,0.11,5.0,0.1,220.11,0.12,50.98,0.13,53.5,0.88,67.98,0.87,20.5,0.89,23.6,0.9,90.11,0.01,0.01,2345.124241,1776384451000
1776384453.543,153.543,0.11,27.39,0.1,175.0,0.12,110.07,0.13,138.5,0.88,50.98,0.87,53.5,0.89,5.0,0.9,220.11,0.01,0.01,2345.388915,1776384452000
1776384454.729,154.729,0.1,31.0,0.09,77.0,0.11,72.5,0.12,353.57,0.88,110.07,0.87,138.5,0.89,27.39,0.9,175.0,0.01,0.01,2345.600794,1776384453000
1776384455.024,155.024,0.09,9.95,0.08,78.9,0.1,155.0,0.11,125.5,0.89,72.5,0.88,353.57,0.9,31.0,0.91,77.0,0.01,0.01,2345.600794,1776384453000
1776384456.17,156.17,0.08,57.1,0.07,460.77,0.09,75.0,0.1,148.0,0.9,155.0,0.89,125.5,0.91,9.95,0.92,78.9,0.01,0.01,2345.583502,1776384455000
1776384456.433,156.433,0.08,54.8,0.07,460.77,0.09,87.47,0.1,243.5,0.91,72.47,0.9,148.0,0.92,57.1,0.93,460.77,0.01,0.01,2345.583502,1776384455000
1776384458.043,158.043,0.07,233.47,0.06,231.0,0.08,257.0,0.09,125.5,0.91,87.47,0.9,243.5,0.92,52.32,0.93,453.77,0.01,0.01,2345.510041,1776384456000
1776384459.629,159.629,0.07,131.47,0.06,216.0,0.08,238.5,0.09,278.58,0.92,257.0,0.91,125.5,0.93,233.47,0.94,231.0,0.01,0.01,2345.180883,1776384458000
1776384461.456,161.456,0.06,166.0,0.05,370.0,0.08,563.82,0.09,362.43,0.92,238.5,0.91,278.58,0.93,131.47,0.94,216.0,0.02,0.01,2344.909657,1776384460000
1776384461.764,161.764,0.06,9.52,0.05,370.0,0.07,431.75,0.08,327.5,0.93,290.75,0.92,421.83,0.94,61.65,0.95,370.0,0.01,0.01,2344.909657,1776384460000
1776384462.103,162.103,0.05,164.36,0.04,394.0,0.06,429.67,0.07,242.66,0.94,40.48,0.93,431.75,0.95,368.94,0.96,394.0,0.01,0.01,2344.904597,1776384461000
1776384462.367,162.367,0.05,175.29,0.04,394.0,0.06,282.68,0.07,309.49,0.94,404.67,0.93,217.66,0.95,136.29,0.96,394.0,0.01,0.01,2344.904597,1776384461000
1776384462.738,162.738,0.05,96.29,0.04,287.0,0.06,229.2,0.07,289.79,0.94,282.68,0.93,309.49,0.95,175.29,0.96,394.0,0.01,0.01,2344.904597,1776384461000
1776384463.412,163.412,0.05,16.35,0.04,287.0,0.06,129.2,0.07,273.29,0.94,229.2,0.93,289.79,0.95,96.29,0.96,287.0,0.01,0.01,2344.764099,1776384462000
1776384464.956,164.956,0.05,41.36,0.04,443.8,0.06,33.0,0.07,95.0,0.94,129.2,0.93,273.29,0.95,16.35,0.96,287.0,0.01,0.01,2344.256542,1776384463000
1776384465.542,165.542,0.04,443.8,0.03,1165.7,0.05,40.0,0.06,88.31,0.94,33.0,0.93,95.0,0.95,41.36,0.96,443.8,0.01,0.01,2344.129007,1776384464000
1776384465.86,165.86,0.04,443.8,0.03,1165.7,0.05,10.0,0.06,88.31,0.95,40.0,0.94,88.31,0.96,443.8,0.97,1165.7,0.01,0.01,2344.129007,1776384464000
1776384466.254,166.254,0.04,419.8,0.03,1165.7,0.05,10.0,0.06,88.31,0.95,10.0,0.94,88.31,0.96,443.8,0.97,1165.7,0.01,0.01,2344.129007,1776384464000
1776384467.471,167.471,0.04,374.23,0.03,1165.7,0.05,10.0,0.06,88.31,0.95,10.0,0.94,88.31,0.96,419.8,0.97,1165.7,0.01,0.01,2344.356574,1776384466000
1776384469.865,169.865,0.04,223.43,0.03,1068.7,0.05,78.0,0.06,250.31,0.95,10.0,0.94,88.31,0.96,374.23,0.97,1165.7,0.01,0.01,2344.477084,1776384468000
1776384472.652,172.652,0.04,168.37,0.03,991.7,0.05,83.0,0.06,200.0,0.95,78.0,0.94,250.31,0.96,223.43,0.97,1068.7,0.01,0.01,2344.392404,1776384471000
1776384475.7,175.7,0.04,107.12,0.03,932.7,0.05,303.0,0.06,368.29,0.95,83.0,0.94,200.0,0.96,168.37,0.97,991.7,0.01,0.01,2344.388126,1776384474000
1776384477.079,177.079,0.04,103.12,0.03,932.7,0.05,357.73,0.06,368.29,0.95,303.0,0.94,368.29,0.96,107.12,0.97,932.7,0.01,0.01,2344.2991,1776384475000
1776384480.635,180.635,0.03,796.0,0.02,672.7,0.05,665.52,0.06,299.3,0.95,357.73,0.94,368.29,0.96,103.12,0.97,932.7,0.02,0.01,2344.251297,1776384479000
1776384481.02,181.02,0.03,766.0,0.02,672.7,0.04,605.29,0.05,350.53,0.95,665.52,0.94,299.3,0.97,796.0,0.98,672.7,0.01,0.02,2344.251297,1776384479000
1776384481.265,181.265,0.03,715.62,0.02,672.7,0.04,612.29,0.05,333.53,0.96,605.29,0.95,333.53,0.97,720.62,0.98,672.7,0.01,0.01,2344.251297,1776384479000
1776384481.524,181.524,0.03,694.62,0.02,672.7,0.04,602.29,0.05,333.53,0.96,602.29,0.95,333.53,0.97,700.62,0.98,672.7,0.01,0.01,2344.251297,1776384479000
1776384482.102,182.102,0.03,692.62,0.02,672.7,0.04,602.29,0.05,471.54,0.96,602.29,0.95,333.53,0.97,694.62,0.98,672.7,0.01,0.01,2344.224824,1776384480000
1776384482.626,182.626,0.03,662.0,0.02,439.0,0.04,752.29,0.05,489.55,0.96,602.29,0.95,477.55,0.97,667.0,0.98,672.7,0.01,0.01,2344.224824,1776384480000
1776384482.9,182.9,0.03,635.0,0.02,439.0,0.04,752.29,0.05,494.55,0.96,752.29,0.95,489.55,0.97,660.0,0.98,439.0,0.01,0.01,2344.2162,1776384481000
1776384483.152,183.152,0.03,736.0,0.02,439.0,0.04,752.29,0.05,517.55,0.96,752.29,0.95,494.55,0.97,635.0,0.98,439.0,0.01,0.01,2344.2162,1776384481000
1776384484.009,184.009,0.03,607.0,0.02,484.0,0.04,752.29,0.05,452.82,0.96,752.29,0.95,517.55,0.97,736.0,0.98,439.0,0.01,0.01,2344.133603,1776384482000
1776384484.408,184.408,0.03,596.79,0.02,484.0,0.04,648.29,0.05,456.81,0.96,752.29,0.95,452.82,0.97,607.0,0.98,484.0,0.01,0.01,2344.051805,1776384483000
1776384485.382,185.382,0.03,555.79,0.02,484.0,0.04,747.29,0.05,755.31,0.96,648.29,0.95,456.81,0.97,596.79,0.98,484.0,0.01,0.01,2343.92744,1776384484000
1776384486.157,186.157,0.03,554.75,0.02,484.0,0.04,686.6,0.05,725.31,0.96,747.29,0.95,755.31,0.97,555.79,0.98,484.0,0.01,0.01,2343.92744,1776384484000
1776384487.582,187.582,0.03,546.31,0.02,484.0,0.04,692.61,0.05,425.31,0.96,686.6,0.95,725.31,0.97,554.75,0.98,484.0,0.01,0.01,2343.342295,1776384486000
1776384488.113,188.113,0.03,541.31,0.02,484.0,0.04,692.61,0.05,425.31,0.96,692.61,0.95,425.31,0.97,546.31,0.98,484.0,0.01,0.01,2343.340627,1776384487000
1776384488.578,188.578,0.03,539.24,0.02,528.0,0.04,692.61,0.05,825.31,0.96,692.61,0.95,425.31,0.97,541.31,0.98,484.0,0.01,0.01,2343.340627,1776384487000
1776384491.08,191.08,0.03,412.24,0.02,528.0,0.04,692.61,0.05,287.3,0.96,692.61,0.95,825.31,0.97,539.24,0.98,528.0,0.01,0.01,2343.377765,1776384490000
1776384495.453,195.453,0.03,206.24,0.02,561.0,0.04,654.6,0.05,422.82,0.96,692.61,0.95,287.3,0.97,412.24,0.98,528.0,0.01,0.01,2343.62903,1776384494000
1776384495.872,195.872,0.02,559.97,0.01,1910.45,0.03,448.75,0.04,423.62,0.97,5.76,0.96,654.6,0.98,561.0,0.99,1910.45,0.01,0.01,2343.62903,1776384494000
1776384496.779,196.779,0.02,534.86,0.01,1889.45,0.03,1129.45,0.04,376.61,0.97,502.75,0.96,479.61,0.98,539.97,0.99,1910.45,0.01,0.01,2343.695727,1776384495000
1776384497.658,197.658,0.02,432.45,0.01,1849.45,0.03,1172.45,0.04,401.62,0.97,1129.45,0.96,376.61,0.98,534.86,0.99,1889.45,0.01,0.01,2343.702919,1776384496000
1776384501.176,201.176,0.02,295.14,0.01,1456.85,0.03,1079.76,0.04,426.62,0.97,1172.45,0.96,401.62,0.98,432.45,0.99,1849.45,0.01,0.01,2343.69095,1776384499000
1776384501.685,201.685,0.02,279.22,0.01,1456.85,0.03,1079.76,0.04,426.62,0.97,1079.76,0.96,426.62,0.98,295.14,0.99,1456.85,0.01,0.01,2343.695955,1776384500000
1776384502.55,202.55,0.02,258.22,0.01,1479.85,0.03,1156.29,0.04,425.62,0.97,1079.76,0.96,426.62,0.98,279.22,0.99,1456.85,0.01,0.01,2343.681009,1776384501000
1776384503.27,203.27,0.02,208.22,0.01,1438.85,0.03,1265.29,0.04,397.11,0.97,1156.29,0.96,425.62,0.98,258.22,0.99,1479.85,0.01,0.01,2343.681009,1776384501000
1776384505.738,205.738,0.02,204.22,0.01,1564.85,0.03,1293.29,0.04,682.11,0.97,1265.29,0.96,397.11,0.98,208.22,0.99,1438.85,0.01,0.01,2343.542677,1776384504000
1776384506.639,206.639,0.02,199.22,0.01,1564.85,0.03,1470.3,0.04,676.1,0.97,1293.29,0.96,682.11,0.98,204.22,0.99,1564.85,0.01,0.01,2343.416863,1776384505000
1776384507.132,207.132,0.02,178.22,0.01,1564.85,0.03,1470.3,0.04,676.1,0.97,1470.3,0.96,676.1,0.98,199.22,0.99,1564.85,0.01,0.01,2343.416863,1776384505000
1776384507.36,207.36,0.02,174.22,0.01,1564.85,0.03,1470.3,0.04,676.1,0.97,1470.3,0.96,676.1,0.98,178.22,0.99,1564.85,0.01,0.01,2343.292854,1776384506000
1776384507.812,207.812,0.02,168.22,0.01,1564.85,0.03,1470.3,0.04,476.1,0.97,1470.3,0.96,676.1,0.98,174.22,0.99,1564.85,0.01,0.01,2343.292854,1776384506000
1776384510.517,210.517,0.02,63.22,0.01,1438.85,0.03,1340.3,0.04,476.1,0.97,1470.3,0.96,476.1,0.98,168.22,0.99,1564.85,0.01,0.01,2343.202439,1776384509000
1776384511.491,211.491,0.02,10.22,0.01,1428.85,0.03,1340.3,0.04,476.1,0.97,1340.3,0.96,476.1,0.98,63.22,0.99,1438.85,0.01,0.01,2343.207773,1776384510000
1776384511.695,211.695,0.02,5.22,0.01,1428.85,0.03,1340.3,0.04,476.1,0.97,1340.3,0.96,476.1,0.98,10.22,0.99,1428.85,0.01,0.01,2343.207773,1776384510000
1776384512.249,212.249,0.01,1333.07,,,0.02,864.22,0.03,969.3,0.97,1340.3,0.96,476.1,0.99,1333.07,,,0.01,0.02,2343.207773,1776384510000
1776384512.543,212.543,0.01,1313.07,,,0.02,1016.22,0.03,963.29,0.98,864.22,0.97,969.3,0.99,1333.07,,,0.01,0.01,2343.389955,1776384511000
1776384512.99,212.99,0.01,121.07,,,0.02,968.69,0.03,969.3,0.98,1016.22,0.97,963.29,0.99,313.07,,,0.01,0.01,2343.389955,1776384511000
1776384513.199,213.199,,,,,0.01,2457.93,0.02,968.69,0.98,968.69,0.97,969.3,0.99,67.07,,,,0.01,2343.389955,1776384511000
1776384515.009,215.009,,,,,0.01,2786.61,0.02,705.53,0.99,2457.93,0.98,968.69,,,,,,,2343.233157,1776384513000
1776384517.223,217.223,,,,,0.01,2765.45,0.02,532.69,0.99,2770.18,0.98,580.69,,,,,,,2343.449993,1776384516000
1776384522.907,222.907,,,,,0.01,2669.72,0.02,407.36,0.99,2765.45,0.98,532.69,,,,,,,2343.693195,1776384521000
1776384526.04,226.04,,,,,0.01,2750.11,0.02,637.69,0.99,2659.72,0.98,454.52,,,,,,,2343.702715,1776384524000
1776384530.426,230.426,,,,,0.01,2977.18,0.02,647.19,0.99,2750.11,0.98,637.69,,,,,,,2343.702716,1776384529000
1776384534.779,234.779,,,,,0.01,2972.18,0.02,647.19,0.99,2977.18,0.98,647.19,,,,,,,2343.698777,1776384533000
1776384541.681,241.681,,,,,0.01,3318.28,0.02,339.53,0.99,2967.18,0.98,647.19,,,,,,,2343.608253,1776384540000
1776384542.811,242.811,,,,,0.01,8102.14,0.02,642.69,0.99,3318.28,0.98,339.53,,,,,,,2343.674064,1776384541000
1776384552.797,252.797,,,,,0.01,7605.13,0.02,488.68,0.99,8097.14,0.98,642.69,,,,,,,2343.925856,1776384551000
1776384554.425,254.425,,,,,0.01,7603.89,0.02,538.68,0.99,7600.13,0.98,488.68,,,,,,,2343.967105,1776384552000
1776384562.928,262.928,,,,,0.01,8109.93,0.02,638.68,0.99,7603.89,0.98,538.68,,,,,,,2344.020659,1776384561000
1776384572.809,272.809,,,,,0.01,9806.36,0.02,610.68,0.99,8104.93,0.98,638.68,,,,,,,2343.882512,1776384571000
1776384573.402,273.402,,,,,0.01,9894.36,0.02,510.68,0.99,9801.36,0.98,610.68,,,,,,,2343.880189,1776384572000
1776384582.798,282.798,,,,,0.01,9837.15,0.02,326.98,0.99,9894.36,0.98,510.68,,,,,,,2343.803416,1776384581000

# RESULT,winner=Down,slug=eth-updown-5m-1776384300,ticks=315
