timestamp,elapsed_sec,up_bid_p1,up_bid_s1,up_bid_p2,up_bid_s2,up_ask_p1,up_ask_s1,up_ask_p2,up_ask_s2,down_bid_p1,down_bid_s1,down_bid_p2,down_bid_s2,down_ask_p1,down_ask_s1,down_ask_p2,down_ask_s2,up_spread,down_spread,eth_price,eth_oracle_ts
1776193211.393,11.393,0.35,250.57,0.34,235.58,0.36,23.5,0.37,13.0,0.64,15.5,0.63,5.0,0.65,255.84,0.66,235.58,0.01,0.01,2313.018754,1776193209000
1776193211.896,11.896,0.39,25.5,0.38,38.5,0.4,133.0,0.41,185.0,0.64,15.5,0.63,5.0,0.65,255.84,0.66,235.58,0.01,0.01,2313.018754,1776193209000
1776193213.221,13.221,0.39,25.5,0.38,38.5,0.4,133.0,0.41,185.0,0.6,133.0,0.59,185.0,0.61,25.5,0.62,38.5,0.01,0.01,2313.30666,1776193212000
1776193213.697,13.697,0.39,265.2,0.38,199.08,0.4,5.0,0.41,107.0,0.6,133.0,0.59,185.0,0.61,25.5,0.62,38.5,0.01,0.01,2313.30666,1776193212000
1776193214.15,14.15,0.39,277.7,0.38,204.08,0.41,102.0,0.42,118.5,0.6,5.0,0.59,107.0,0.61,265.2,0.62,199.08,0.02,0.01,2313.30666,1776193212000
1776193214.358,14.358,0.39,277.7,0.38,204.08,0.41,102.0,0.42,118.5,0.59,102.0,0.58,118.5,0.61,277.7,0.62,204.08,0.02,0.02,2313.517495,1776193213000
1776193214.951,14.951,0.4,78.66,0.39,283.28,0.41,112.0,0.42,128.5,0.59,112.0,0.58,128.5,0.6,78.66,0.61,283.28,0.01,0.01,2313.685678,1776193214000
1776193215.205,15.205,0.41,125.5,0.4,282.5,0.45,104.21,0.46,168.0,0.58,3.71,0.56,15.0,0.6,277.5,0.61,278.28,0.04,0.02,2313.685678,1776193214000
1776193216.197,16.197,0.44,25.0,0.43,125.5,0.45,1.0,0.46,78.5,0.55,1.0,0.54,78.5,0.56,25.0,0.57,125.5,0.01,0.01,2313.821389,1776193215000
1776193216.79,16.79,0.47,70.0,0.46,175.0,0.48,33.41,0.49,84.61,0.52,58.0,0.51,84.61,0.53,15.0,0.54,183.0,0.01,0.01,2313.821389,1776193215000
1776193217.41,17.41,0.47,65.16,0.46,175.0,0.48,35.34,0.49,89.61,0.52,30.34,0.51,84.61,0.53,66.9,0.54,175.0,0.01,0.01,2313.821389,1776193215000
1776193217.85,17.85,0.47,75.62,0.46,175.0,0.48,35.34,0.49,84.61,0.52,35.34,0.51,89.61,0.53,65.16,0.54,175.0,0.01,0.01,2313.821389,1776193215000
1776193218.476,18.476,0.47,90.62,0.46,180.0,0.48,19.92,0.49,84.61,0.52,30.34,0.51,84.61,0.53,80.62,0.54,175.0,0.01,0.01,2314.338795,1776193216000
1776193218.707,18.707,0.47,78.14,0.46,180.0,0.48,33.92,0.49,95.11,0.52,33.92,0.51,95.11,0.53,78.14,0.54,180.0,0.01,0.01,2314.571019,1776193217000
1776193219.221,19.221,0.47,81.0,0.46,180.0,0.48,33.92,0.49,95.11,0.52,33.92,0.51,95.11,0.53,78.14,0.54,180.0,0.01,0.01,2314.571019,1776193217000
1776193219.59,19.59,0.47,86.0,0.46,190.5,0.48,24.0,0.49,84.61,0.52,33.92,0.51,95.11,0.53,81.0,0.54,180.0,0.01,0.01,2314.626495,1776193218000
1776193219.886,19.886,0.47,131.5,0.46,190.5,0.48,9.0,0.49,34.61,0.52,9.0,0.51,34.61,0.53,131.5,0.54,190.5,0.01,0.01,2314.628435,1776193219000
1776193220.442,20.442,0.5,120.0,0.49,100.0,0.51,9.6,0.52,5.0,0.49,118.1,0.48,128.99,0.53,236.5,0.54,200.5,0.01,0.04,2314.628435,1776193219000
1776193220.662,20.662,0.5,85.0,0.49,165.0,0.51,3.22,0.52,5.0,0.49,9.6,0.48,5.0,0.5,120.0,0.51,100.0,0.01,0.01,2314.628435,1776193219000
1776193221.038,21.038,0.53,4.57,0.52,10.0,0.54,88.0,0.55,112.99,0.46,114.21,0.45,98.0,0.5,85.0,0.51,165.0,0.01,0.04,2314.628435,1776193219000
1776193221.331,21.331,0.53,4.57,0.52,10.0,0.54,88.0,0.55,112.99,0.46,88.0,0.45,112.99,0.47,4.57,0.48,10.0,0.01,0.01,2314.623985,1776193220000
1776193221.685,21.685,0.48,2.01,0.47,86.0,0.49,16.0,0.5,49.5,0.47,14.36,0.46,139.49,0.49,55.0,0.5,55.0,0.01,0.02,2314.623985,1776193220000
1776193221.898,21.898,0.48,7.01,0.47,86.0,0.49,16.91,0.5,54.0,0.51,16.0,0.5,49.5,0.52,2.01,0.53,86.0,0.01,0.01,2314.623985,1776193220000
1776193222.205,22.205,0.48,7.01,0.47,86.0,0.49,16.91,0.5,54.0,0.51,16.91,0.5,54.0,0.52,7.01,0.53,86.0,0.01,0.01,2314.788485,1776193221000
1776193222.632,22.632,0.48,67.01,0.47,86.0,0.49,78.03,0.5,114.5,0.51,87.82,0.5,104.0,0.52,57.01,0.53,91.0,0.01,0.01,2314.788485,1776193221000
1776193223.0,23.0,0.47,25.46,0.46,70.58,0.49,123.53,0.5,150.49,0.51,78.03,0.5,114.5,0.52,67.01,0.53,86.0,0.02,0.01,2314.788485,1776193221000
1776193223.242,23.242,0.47,25.46,0.46,70.58,0.48,55.0,0.49,128.53,0.52,55.0,0.51,118.53,0.53,25.46,0.54,70.58,0.01,0.01,2314.788485,1776193221000
1776193223.52,23.52,0.47,0.46,0.44,50.0,0.48,125.5,0.49,133.53,0.52,55.0,0.51,128.53,0.53,25.46,0.54,70.58,0.01,0.01,2314.788485,1776193221000
1776193224.126,24.126,0.43,50.0,0.42,80.5,0.45,162.99,0.46,63.5,0.55,18.0,0.54,62.99,0.56,57.58,0.57,50.0,0.02,0.01,2315.03,1776193222000
1776193224.911,24.911,0.43,55.0,0.42,85.5,0.44,55.26,0.45,126.0,0.55,162.99,0.54,63.5,0.57,50.0,0.58,80.5,0.01,0.02,2314.905997,1776193223000
1776193225.139,25.139,0.43,60.0,0.42,85.5,0.44,47.93,0.45,110.0,0.56,47.94,0.55,126.0,0.57,55.0,0.58,85.5,0.01,0.01,2314.905997,1776193223000
1776193225.346,25.346,0.43,52.26,0.42,85.5,0.44,86.93,0.45,94.0,0.56,47.93,0.55,110.0,0.57,60.0,0.58,85.5,0.01,0.01,2314.905997,1776193223000
1776193226.134,26.134,0.42,85.5,0.41,165.5,0.44,91.93,0.45,94.0,0.56,91.93,0.55,94.0,0.58,85.5,0.59,165.5,0.02,0.02,2314.285481,1776193225000
1776193227.169,27.169,0.39,111.7,0.38,50.0,0.4,61.08,0.41,90.0,0.56,91.93,0.55,94.0,0.58,85.5,0.59,165.5,0.01,0.02,2314.285481,1776193225000
1776193227.464,27.464,0.39,111.7,0.38,50.0,0.4,61.08,0.41,90.0,0.6,61.08,0.59,90.0,0.61,111.7,0.62,50.0,0.01,0.01,2314.232285,1776193226000
1776193227.736,27.736,0.39,95.3,0.38,60.0,0.4,77.08,0.41,90.0,0.6,61.08,0.59,90.0,0.61,111.7,0.62,50.0,0.01,0.01,2314.232285,1776193226000
1776193228.319,28.319,0.39,95.3,0.38,60.0,0.4,77.08,0.41,90.0,0.6,77.08,0.59,90.0,0.61,95.3,0.62,60.0,0.01,0.01,2313.742322,1776193227000
1776193228.529,28.529,0.39,66.36,0.38,60.5,0.4,90.08,0.41,90.0,0.6,77.08,0.59,90.0,0.61,95.3,0.62,60.0,0.01,0.01,2313.742322,1776193227000
1776193228.908,28.908,0.37,123.65,0.36,173.0,0.38,91.58,0.39,65.0,0.6,95.08,0.59,90.0,0.63,113.15,0.64,168.0,0.01,0.03,2313.742322,1776193227000
1776193229.312,29.312,0.37,128.65,0.36,183.0,0.38,66.58,0.39,70.0,0.62,81.58,0.61,70.0,0.63,123.65,0.64,173.0,0.01,0.01,2313.742322,1776193227000
1776193229.815,29.815,0.37,128.65,0.36,183.0,0.38,66.58,0.39,70.0,0.62,66.58,0.61,70.0,0.63,128.65,0.64,183.0,0.01,0.01,2313.69524,1776193228000
1776193230.53,30.53,0.37,128.65,0.36,183.0,0.38,66.58,0.39,70.0,0.62,66.58,0.61,70.0,0.63,128.65,0.64,183.0,0.01,0.01,2313.639272,1776193229000
1776193230.939,30.939,0.37,0.98,0.36,165.0,0.38,142.58,0.39,70.0,0.62,105.58,0.61,70.0,0.63,144.15,0.64,178.0,0.01,0.01,2313.639272,1776193229000
1776193231.248,31.248,0.37,0.98,0.36,165.0,0.38,142.58,0.39,70.0,0.62,142.58,0.61,70.0,0.63,0.98,0.64,165.0,0.01,0.01,2313.63456,1776193230000
1776193232.649,32.649,0.37,0.98,0.36,165.0,0.38,142.58,0.39,70.0,0.62,142.58,0.61,70.0,0.63,0.98,0.64,165.0,0.01,0.01,2313.688695,1776193231000
1776193233.462,33.462,0.37,0.98,0.36,165.0,0.38,142.58,0.39,70.0,0.62,142.58,0.61,70.0,0.63,0.98,0.64,165.0,0.01,0.01,2313.62288,1776193232000
1776193234.155,34.155,0.37,10.98,0.36,80.0,0.38,120.58,0.39,70.0,0.62,142.58,0.61,70.0,0.63,0.98,0.64,165.0,0.01,0.01,2313.62288,1776193232000
1776193234.549,34.549,0.37,10.98,0.36,80.0,0.38,120.58,0.39,70.0,0.62,120.58,0.61,70.0,0.63,10.98,0.64,80.0,0.01,0.01,2313.615885,1776193233000
1776193235.082,35.082,0.37,10.98,0.36,80.0,0.38,120.58,0.39,70.0,0.62,120.58,0.61,70.0,0.63,10.98,0.64,80.0,0.01,0.01,2313.631052,1776193234000
1776193235.824,35.824,0.37,15.98,0.36,75.0,0.38,107.42,0.39,70.0,0.62,120.58,0.61,70.0,0.63,10.98,0.64,80.0,0.01,0.01,2313.631052,1776193234000
1776193236.138,36.138,0.37,15.98,0.36,75.0,0.38,99.26,0.39,70.0,0.62,107.42,0.61,70.0,0.63,15.98,0.64,75.0,0.01,0.01,2313.631052,1776193234000
1776193237.212,37.212,0.37,14.39,0.36,75.0,0.38,99.26,0.39,70.0,0.62,99.26,0.61,70.0,0.63,14.39,0.64,75.0,0.01,0.01,2313.630895,1776193236000
1776193237.625,37.625,0.37,242.89,0.36,181.0,0.38,9.58,0.41,65.0,0.62,99.26,0.61,70.0,0.63,14.39,0.64,75.0,0.01,0.01,2313.630895,1776193236000
1776193238.281,38.281,0.37,242.89,0.36,181.0,0.41,65.0,0.42,50.0,0.59,65.0,0.58,50.0,0.63,242.89,0.64,181.0,0.04,0.04,2313.62896,1776193237000
1776193238.805,38.805,0.41,44.4,0.4,225.5,0.43,70.0,0.44,80.5,0.59,4.87,0.57,50.0,0.6,243.5,0.61,235.0,0.02,0.01,2313.62896,1776193237000
1776193239.028,39.028,0.42,151.57,0.41,189.9,0.43,61.97,0.44,80.5,0.57,75.0,0.56,80.5,0.58,131.07,0.59,184.4,0.01,0.01,2313.62896,1776193237000
1776193239.328,39.328,0.42,151.57,0.41,189.9,0.43,61.97,0.44,80.5,0.57,61.97,0.56,80.5,0.58,151.57,0.59,189.9,0.01,0.01,2313.69792,1776193238000
1776193239.796,39.796,0.42,201.57,0.41,254.9,0.43,48.94,0.44,80.5,0.57,61.97,0.56,80.5,0.58,151.57,0.59,189.9,0.01,0.01,2313.69792,1776193238000
1776193240.364,40.364,0.42,201.57,0.41,254.9,0.43,48.94,0.44,80.5,0.57,48.94,0.56,80.5,0.58,201.57,0.59,254.9,0.01,0.01,2314.09391,1776193239000
1776193240.851,40.851,0.43,80.5,0.42,206.57,0.44,55.45,0.45,65.5,0.56,55.45,0.55,65.5,0.57,80.5,0.58,206.57,0.01,0.01,2314.136294,1776193240000
1776193241.581,41.581,0.43,72.51,0.42,206.57,0.44,55.45,0.45,65.5,0.56,55.45,0.55,65.5,0.57,80.5,0.58,206.57,0.01,0.01,2314.136294,1776193240000
1776193241.828,41.828,0.43,75.87,0.42,206.57,0.44,50.9,0.45,65.5,0.56,55.45,0.55,65.5,0.57,60.87,0.58,206.57,0.01,0.01,2314.136294,1776193240000
1776193242.949,42.949,0.43,75.87,0.42,206.57,0.44,50.9,0.45,65.5,0.56,50.9,0.55,65.5,0.57,75.87,0.58,206.57,0.01,0.01,2314.332885,1776193242000
1776193243.293,43.293,0.43,279.87,0.42,249.57,0.44,5.0,0.46,50.0,0.56,50.9,0.55,65.5,0.57,75.87,0.58,206.57,0.01,0.01,2314.332885,1776193242000
1776193243.87,43.87,0.44,5.0,0.43,279.87,0.46,40.0,0.47,70.5,0.54,40.0,0.53,70.5,0.56,5.0,0.57,279.87,0.02,0.02,2314.32283,1776193243000
1776193244.301,44.301,0.5,30.0,0.49,175.5,0.51,55.63,0.52,90.99,0.54,40.0,0.53,70.5,0.56,5.0,0.57,279.87,0.01,0.02,2314.32283,1776193243000
1776193244.718,44.718,0.5,95.5,0.49,181.5,0.52,80.5,0.53,71.27,0.49,20.33,0.48,80.5,0.5,55.5,0.51,175.5,0.02,0.01,2314.32283,1776193243000
1776193245.569,45.569,0.51,130.0,0.5,200.5,0.52,20.4,0.53,91.77,0.48,76.65,0.47,71.27,0.49,15.0,0.5,85.5,0.01,0.01,2314.31499,1776193244000
1776193245.824,45.824,0.51,130.0,0.5,200.5,0.52,20.4,0.53,91.77,0.48,20.4,0.47,91.77,0.49,130.0,0.5,200.5,0.01,0.01,2314.61584,1776193245000
1776193246.115,46.115,0.51,99.59,0.5,190.5,0.52,80.4,0.53,96.77,0.48,20.4,0.47,91.77,0.49,109.59,0.5,200.5,0.01,0.01,2314.61584,1776193245000
1776193247.122,47.122,0.51,95.5,0.5,90.5,0.52,73.0,0.53,196.77,0.48,80.4,0.47,96.77,0.49,79.18,0.5,190.5,0.01,0.01,2314.61584,1776193245000
1776193247.433,47.433,0.51,90.5,0.5,90.5,0.52,76.07,0.53,196.77,0.48,73.0,0.47,196.77,0.49,95.5,0.5,90.5,0.01,0.01,2314.61584,1776193245000
1776193247.96,47.96,0.51,10.0,0.5,85.5,0.52,125.5,0.53,196.77,0.48,76.07,0.47,196.77,0.49,90.5,0.5,90.5,0.01,0.01,2314.61584,1776193245000
1776193248.608,48.608,0.51,20.0,0.5,95.5,0.52,111.27,0.53,196.77,0.48,111.27,0.47,196.77,0.49,20.0,0.5,95.5,0.01,0.01,2315.187715,1776193247000
1776193249.017,49.017,0.51,80.0,0.5,95.5,0.52,61.27,0.53,196.77,0.48,111.27,0.47,196.77,0.49,20.0,0.5,95.5,0.01,0.01,2315.187715,1776193247000
1776193250.428,50.428,0.51,80.0,0.5,95.5,0.52,61.27,0.53,196.77,0.48,61.27,0.47,196.77,0.49,80.0,0.5,95.5,0.01,0.01,2315.16094,1776193249000
1776193251.021,51.021,0.51,80.0,0.5,95.5,0.52,61.27,0.53,196.77,0.48,61.27,0.47,196.77,0.49,80.0,0.5,95.5,0.01,0.01,2315.16148,1776193250000
1776193251.478,51.478,0.51,80.0,0.5,95.5,0.52,117.5,0.53,196.77,0.48,61.27,0.47,196.77,0.49,80.0,0.5,95.5,0.01,0.01,2315.16148,1776193250000
1776193252.185,52.185,0.51,80.0,0.5,95.5,0.52,117.5,0.53,196.77,0.48,117.5,0.47,196.77,0.49,80.0,0.5,95.5,0.01,0.01,2315.184679,1776193251000
1776193253.26,53.26,0.51,80.0,0.5,95.5,0.52,117.5,0.53,196.77,0.48,117.5,0.47,196.77,0.49,80.0,0.5,95.5,0.01,0.01,2315.185429,1776193252000
1776193253.487,53.487,0.51,105.0,0.5,85.5,0.52,6.73,0.53,196.77,0.48,117.5,0.47,196.77,0.49,80.0,0.5,95.5,0.01,0.01,2315.185429,1776193252000
1776193253.823,53.823,0.52,80.5,0.51,195.5,0.53,16.08,0.54,185.5,0.48,6.73,0.47,196.77,0.49,105.0,0.5,85.5,0.01,0.01,2315.185429,1776193252000
1776193254.281,54.281,0.52,130.5,0.51,271.5,0.54,185.5,0.55,160.5,0.47,1.43,0.46,185.5,0.48,80.5,0.49,265.5,0.02,0.01,2315.185429,1776193252000
1776193254.535,54.535,0.52,130.5,0.51,271.5,0.54,185.5,0.55,160.5,0.46,185.5,0.45,160.5,0.48,130.5,0.49,271.5,0.02,0.02,2315.212108,1776193253000
1776193254.764,54.764,0.53,10.0,0.52,15.0,0.54,180.5,0.55,175.5,0.46,190.5,0.45,175.5,0.47,20.0,0.48,15.0,0.01,0.01,2315.212108,1776193253000
1776193255.075,55.075,0.53,75.0,0.52,75.5,0.54,175.5,0.55,160.5,0.46,180.5,0.45,175.5,0.47,10.0,0.48,15.0,0.01,0.01,2315.212108,1776193253000
1776193255.793,55.793,0.53,125.0,0.52,75.5,0.54,170.5,0.55,165.5,0.46,175.5,0.45,160.5,0.47,75.0,0.48,75.5,0.01,0.01,2315.211255,1776193254000
1776193256.061,56.061,0.53,135.5,0.52,95.5,0.55,160.5,0.56,170.5,0.46,170.5,0.45,165.5,0.47,125.0,0.48,75.5,0.02,0.01,2315.211255,1776193254000
1776193256.736,56.736,0.55,85.0,0.54,135.5,0.56,95.28,0.57,155.0,0.45,90.0,0.44,170.5,0.46,25.0,0.47,135.5,0.01,0.01,2315.332006,1776193255000
1776193256.963,56.963,0.57,20.0,0.56,90.0,0.58,55.29,0.59,50.0,0.44,75.62,0.43,155.0,0.45,85.0,0.46,135.5,0.01,0.01,2315.332006,1776193255000
1776193257.261,57.261,0.57,20.0,0.56,90.0,0.58,55.29,0.59,50.0,0.42,55.29,0.41,50.0,0.43,20.0,0.44,90.0,0.01,0.01,2315.320905,1776193256000
1776193257.7,57.7,0.57,85.0,0.56,145.0,0.58,58.42,0.59,55.0,0.42,55.29,0.41,50.0,0.43,20.0,0.44,90.0,0.01,0.01,2315.320905,1776193256000
1776193258.095,58.095,0.57,135.0,0.56,255.5,0.58,16.59,0.59,50.0,0.42,56.59,0.41,55.0,0.43,80.0,0.44,145.0,0.01,0.01,2315.320905,1776193256000
1776193258.419,58.419,0.57,135.0,0.56,255.5,0.58,16.59,0.59,50.0,0.42,16.59,0.41,50.0,0.43,135.0,0.44,255.5,0.01,0.01,2315.557525,1776193257000
1776193258.638,58.638,0.58,115.0,0.57,110.0,0.59,56.27,0.6,65.0,0.42,16.59,0.41,50.0,0.43,135.0,0.44,255.5,0.01,0.01,2315.557525,1776193257000
1776193258.972,58.972,0.58,135.0,0.57,110.0,0.59,47.82,0.6,65.0,0.41,47.82,0.4,65.0,0.42,135.0,0.43,110.0,0.01,0.01,2315.648039,1776193258000
1776193259.586,59.586,0.59,15.0,0.58,75.5,0.6,45.5,0.61,55.0,0.41,47.82,0.4,65.0,0.42,135.0,0.43,110.0,0.01,0.01,2315.648039,1776193258000
1776193260.291,60.291,0.59,15.0,0.58,75.5,0.6,22.18,0.61,65.5,0.4,22.18,0.39,65.5,0.41,15.0,0.42,75.5,0.01,0.01,2315.738935,1776193259000
1776193260.676,60.676,0.61,22.43,0.6,125.0,0.62,60.5,0.63,50.0,0.39,24.25,0.38,60.5,0.4,80.0,0.41,85.5,0.01,0.01,2315.738935,1776193259000
1776193261.374,61.374,0.61,67.43,0.6,80.0,0.62,48.61,0.63,50.0,0.38,48.61,0.37,50.0,0.39,67.43,0.4,80.0,0.01,0.01,2315.8535,1776193260000
1776193261.598,61.598,0.68,15.0,0.67,15.0,0.69,8.59,0.7,50.0,0.31,49.59,0.3,50.0,0.35,141.0,0.36,150.0,0.01,0.04,2315.8535,1776193260000
1776193261.818,61.818,0.68,75.0,0.67,95.0,0.69,6.99,0.7,50.0,0.31,8.59,0.3,50.0,0.32,15.0,0.33,15.0,0.01,0.01,2315.8535,1776193260000
1776193262.417,62.417,0.7,110.84,0.69,90.0,0.71,7.18,0.72,56.0,0.31,6.99,0.3,50.0,0.32,75.0,0.33,95.0,0.01,0.01,2315.960045,1776193261000
1776193262.672,62.672,0.7,80.84,0.69,195.0,0.71,25.87,0.72,61.0,0.28,56.0,0.27,58.0,0.3,85.84,0.31,90.0,0.01,0.02,2315.960045,1776193261000
1776193262.94,62.94,0.7,103.17,0.69,200.5,0.72,11.0,0.73,50.0,0.29,13.59,0.28,21.5,0.3,48.17,0.31,200.5,0.02,0.01,2315.960045,1776193261000
1776193263.531,63.531,0.73,20.0,0.72,85.0,0.74,137.5,0.75,68.5,0.28,11.0,0.27,50.0,0.3,103.17,0.31,200.5,0.01,0.02,2315.960045,1776193261000
1776193263.894,63.894,0.73,20.0,0.72,85.0,0.74,137.5,0.75,68.5,0.26,137.5,0.25,68.5,0.27,20.0,0.28,85.0,0.01,0.01,2316.923382,1776193262000
1776193264.291,64.291,0.73,121.1,0.72,85.0,0.74,10.0,0.75,10.5,0.26,137.5,0.25,68.5,0.27,20.0,0.28,85.0,0.01,0.01,2316.923382,1776193262000
1776193264.501,64.501,0.73,121.1,0.72,85.0,0.76,65.5,0.77,57.0,0.24,65.5,0.23,57.0,0.27,121.1,0.28,85.0,0.03,0.03,2317.08189,1776193263000
1776193264.89,64.89,0.75,60.0,0.74,20.0,0.76,69.17,0.77,57.0,0.24,65.5,0.23,57.0,0.27,121.1,0.28,85.0,0.01,0.03,2317.08189,1776193263000
1776193265.091,65.091,0.75,60.0,0.74,20.0,0.76,69.17,0.77,57.0,0.24,69.17,0.23,57.0,0.25,60.0,0.26,20.0,0.01,0.01,2317.247995,1776193264000
1776193265.364,65.364,0.75,160.0,0.74,20.0,0.76,48.94,0.77,67.5,0.24,59.17,0.23,67.5,0.25,195.0,0.26,70.0,0.01,0.01,2317.247995,1776193264000
1776193265.89,65.89,0.75,180.0,0.74,10.0,0.76,61.8,0.77,67.5,0.24,73.8,0.23,67.5,0.25,145.0,0.26,10.0,0.01,0.01,2317.247995,1776193264000
1776193266.218,66.218,0.76,45.0,0.75,210.0,0.77,55.0,0.78,57.0,0.24,32.3,0.23,67.5,0.25,185.0,0.26,65.0,0.01,0.01,2317.247995,1776193264000
1776193267.077,67.077,0.76,166.57,0.75,180.0,0.77,45.0,0.78,55.0,0.23,55.0,0.22,57.0,0.24,45.0,0.25,210.0,0.01,0.01,2317.456349,1776193265000
1776193267.334,67.334,0.76,166.57,0.75,180.0,0.77,45.0,0.78,55.0,0.23,45.0,0.22,55.0,0.24,166.57,0.25,180.0,0.01,0.01,2317.57058,1776193266000
1776193267.891,67.891,0.76,12.57,0.75,110.0,0.77,52.0,0.78,208.5,0.23,45.0,0.22,55.0,0.24,166.57,0.25,180.0,0.01,0.01,2317.57058,1776193266000
1776193268.327,68.327,0.75,86.53,0.74,15.0,0.76,59.5,0.77,42.5,0.24,20.5,0.23,59.5,0.25,74.53,0.26,15.0,0.01,0.01,2317.58712,1776193267000
1776193268.992,68.992,0.75,73.53,0.74,15.0,0.76,176.5,0.77,117.5,0.24,59.5,0.23,42.5,0.25,86.53,0.26,15.0,0.01,0.01,2317.58712,1776193267000
1776193269.252,69.252,0.75,73.53,0.74,15.0,0.76,176.5,0.77,117.5,0.24,176.5,0.23,117.5,0.25,73.53,0.26,15.0,0.01,0.01,2317.779836,1776193268000
1776193269.876,69.876,0.75,45.64,0.74,10.0,0.76,262.5,0.77,112.8,0.24,243.5,0.23,162.5,0.25,33.53,0.26,20.0,0.01,0.01,2317.779836,1776193268000
1776193270.106,70.106,0.75,28.68,0.74,10.0,0.76,237.76,0.77,92.8,0.24,232.76,0.23,112.8,0.25,12.64,0.26,10.0,0.01,0.01,2317.779836,1776193268000
1776193270.424,70.424,0.75,19.68,0.74,10.0,0.76,237.76,0.77,92.8,0.24,237.76,0.23,92.8,0.25,19.68,0.26,10.0,0.01,0.01,2317.436485,1776193269000
1776193271.011,71.011,0.75,0.68,0.74,10.0,0.76,237.46,0.77,218.15,0.24,237.46,0.23,218.15,0.25,0.68,0.26,10.0,0.01,0.01,2317.388035,1776193270000
1776193271.416,71.416,0.75,50.38,0.74,20.0,0.76,92.46,0.77,277.15,0.24,237.46,0.23,218.15,0.25,0.68,0.26,10.0,0.01,0.01,2317.388035,1776193270000
1776193272.104,72.104,0.75,41.45,0.74,20.0,0.76,92.46,0.77,277.15,0.24,92.46,0.23,277.15,0.25,41.45,0.26,20.0,0.01,0.01,2317.218725,1776193271000
1776193272.468,72.468,0.75,36.45,0.74,15.0,0.76,115.88,0.77,77.3,0.24,92.46,0.23,277.15,0.25,41.45,0.26,20.0,0.01,0.01,2317.218725,1776193271000
1776193272.72,72.72,0.75,46.45,0.74,20.0,0.76,108.24,0.77,77.3,0.24,115.88,0.23,77.3,0.25,36.45,0.26,15.0,0.01,0.01,2317.218725,1776193271000
1776193273.296,73.296,0.75,46.45,0.74,20.0,0.76,108.24,0.77,77.3,0.24,108.24,0.23,77.3,0.25,46.45,0.26,20.0,0.01,0.01,2317.190655,1776193272000
1776193273.594,73.594,0.75,13.21,0.74,15.0,0.76,134.54,0.77,98.3,0.24,108.24,0.23,77.3,0.25,46.45,0.26,20.0,0.01,0.01,2317.190655,1776193272000
1776193274.067,74.067,0.75,8.49,0.73,41.1,0.76,315.24,0.77,87.3,0.24,134.54,0.23,98.3,0.25,13.21,0.26,15.0,0.01,0.01,2317.190655,1776193272000
1776193274.283,74.283,0.66,50.0,0.65,50.0,0.73,11.82,0.74,64.0,0.26,23.0,0.25,10.0,0.27,6.69,0.34,50.0,0.07,0.01,2317.190655,1776193272000
1776193274.498,74.498,0.66,50.0,0.65,50.0,0.73,11.82,0.74,64.0,0.27,11.82,0.26,64.0,0.34,50.0,0.35,50.0,0.07,0.07,2317.22279,1776193273000
1776193275.006,75.006,0.64,80.5,0.63,66.2,0.65,40.0,0.66,50.0,0.35,45.0,0.34,60.0,0.37,46.2,0.38,81.0,0.01,0.02,2317.22279,1776193273000
1776193275.369,75.369,0.65,10.0,0.64,75.5,0.66,2.54,0.67,70.0,0.35,30.22,0.34,50.0,0.36,80.5,0.37,66.2,0.01,0.01,2317.24361,1776193274000
1776193275.699,75.699,0.66,4.0,0.65,10.0,0.67,131.51,0.68,50.0,0.33,71.51,0.32,60.0,0.35,10.0,0.36,75.5,0.01,0.02,2317.24361,1776193274000
1776193276.184,76.184,0.66,2.71,0.65,10.0,0.67,123.03,0.68,60.0,0.33,123.03,0.32,60.0,0.34,2.71,0.35,10.0,0.01,0.01,2316.741189,1776193275000
1776193276.434,76.434,0.65,10.0,0.64,30.5,0.66,109.51,0.67,110.0,0.33,123.03,0.32,60.0,0.34,2.71,0.35,10.0,0.01,0.01,2316.741189,1776193275000
1776193277.297,77.297,0.65,10.0,0.64,30.5,0.66,109.51,0.67,110.0,0.34,109.51,0.33,110.0,0.35,10.0,0.36,30.5,0.01,0.01,2316.50433,1776193276000
1776193277.517,77.517,0.65,30.0,0.64,25.5,0.66,129.95,0.67,100.0,0.34,127.23,0.33,100.0,0.35,20.0,0.36,30.5,0.01,0.01,2316.50433,1776193276000
1776193277.838,77.838,0.65,37.0,0.63,10.0,0.66,156.87,0.67,82.5,0.34,153.87,0.33,100.0,0.35,20.0,0.36,5.0,0.01,0.01,2316.50433,1776193276000
1776193278.674,78.674,0.63,69.5,0.62,80.5,0.64,28.99,0.65,65.0,0.34,81.87,0.33,82.5,0.37,9.0,0.38,75.5,0.01,0.03,2316.50433,1776193276000
1776193279.126,79.126,0.63,69.5,0.62,80.5,0.64,28.99,0.65,65.0,0.36,28.99,0.35,65.0,0.37,69.5,0.38,80.5,0.01,0.01,2316.332942,1776193277000
1776193279.939,79.939,0.63,50.0,0.62,80.5,0.64,90.37,0.65,65.0,0.36,28.99,0.35,65.0,0.37,69.5,0.38,80.5,0.01,0.01,2316.332942,1776193277000
1776193280.501,80.501,0.63,50.0,0.62,80.5,0.64,90.37,0.65,65.0,0.36,90.37,0.35,65.0,0.37,50.0,0.38,80.5,0.01,0.01,2316.250485,1776193279000
1776193281.437,81.437,0.6,25.12,0.59,55.0,0.61,10.0,0.62,130.0,0.39,10.0,0.38,130.0,0.4,25.12,0.41,55.0,0.01,0.01,2316.203095,1776193280000
1776193281.995,81.995,0.6,25.12,0.59,55.0,0.61,10.0,0.62,130.0,0.39,10.0,0.38,130.0,0.4,25.12,0.41,55.0,0.01,0.01,2316.104331,1776193281000
1776193283.573,83.573,0.6,43.05,0.59,70.0,0.61,116.0,0.62,157.0,0.39,116.0,0.38,157.0,0.4,43.05,0.41,70.0,0.01,0.01,2315.933485,1776193282000
1776193284.18,84.18,0.6,50.24,0.59,70.0,0.61,16.0,0.62,152.0,0.39,16.0,0.38,152.0,0.4,50.24,0.41,70.0,0.01,0.01,2315.925184,1776193283000
1776193284.976,84.976,0.6,50.24,0.59,70.0,0.62,147.0,0.63,66.0,0.39,16.0,0.38,152.0,0.4,50.24,0.41,70.0,0.02,0.01,2315.925184,1776193283000
1776193285.594,85.594,0.6,50.24,0.59,70.0,0.62,147.0,0.63,66.0,0.38,147.0,0.37,66.0,0.4,50.24,0.41,70.0,0.02,0.02,2315.92412,1776193284000
1776193286.569,86.569,0.61,25.5,0.6,45.24,0.62,136.67,0.63,66.0,0.38,147.0,0.37,66.0,0.4,50.24,0.41,70.0,0.01,0.02,2315.92412,1776193284000
1776193287.426,87.426,0.61,25.5,0.6,45.24,0.62,136.67,0.63,66.0,0.38,136.67,0.37,66.0,0.39,25.5,0.4,45.24,0.01,0.01,2315.924654,1776193286000
1776193288.364,88.364,0.61,25.5,0.6,45.24,0.62,136.67,0.63,66.0,0.38,136.67,0.37,66.0,0.39,25.5,0.4,45.24,0.01,0.01,2315.930623,1776193287000
1776193288.599,88.599,0.61,50.5,0.6,45.24,0.62,126.67,0.63,66.0,0.38,136.67,0.37,66.0,0.39,25.5,0.4,45.24,0.01,0.01,2315.930623,1776193287000
1776193289.235,89.235,0.61,50.5,0.6,45.24,0.62,126.67,0.63,66.0,0.38,126.67,0.37,66.0,0.39,50.5,0.4,45.24,0.01,0.01,2315.930041,1776193288000
1776193290.092,90.092,0.61,15.0,0.6,45.24,0.62,177.05,0.63,66.0,0.38,126.67,0.37,66.0,0.39,50.5,0.4,45.24,0.01,0.01,2315.930041,1776193288000
1776193290.697,90.697,0.61,15.0,0.6,45.24,0.62,177.05,0.63,66.0,0.38,177.05,0.37,66.0,0.39,15.0,0.4,45.24,0.01,0.01,2315.941804,1776193289000
1776193291.486,91.486,0.61,15.0,0.6,45.24,0.62,177.05,0.63,66.0,0.38,177.05,0.37,66.0,0.39,15.0,0.4,45.24,0.01,0.01,2315.949825,1776193290000
1776193291.9,91.9,0.61,20.0,0.6,45.24,0.62,130.05,0.63,66.0,0.38,177.05,0.37,66.0,0.39,15.0,0.4,45.24,0.01,0.01,2315.949825,1776193290000
1776193292.172,92.172,0.61,20.0,0.6,45.24,0.62,121.05,0.63,66.0,0.38,121.05,0.37,66.0,0.39,20.0,0.4,45.24,0.01,0.01,2315.94356,1776193291000
1776193293.157,93.157,0.61,65.0,0.6,45.24,0.62,112.82,0.63,66.0,0.38,154.82,0.37,66.0,0.39,20.0,0.4,45.24,0.01,0.01,2315.94356,1776193291000
1776193293.555,93.555,0.61,65.0,0.6,45.24,0.62,112.82,0.63,66.0,0.38,112.82,0.37,66.0,0.39,65.0,0.4,45.24,0.01,0.01,2315.928006,1776193292000
1776193293.958,93.958,0.61,75.0,0.6,35.24,0.62,102.82,0.63,56.0,0.38,112.82,0.37,66.0,0.39,65.0,0.4,45.24,0.01,0.01,2315.928006,1776193292000
1776193294.245,94.245,0.61,80.0,0.6,35.24,0.62,97.82,0.63,56.0,0.38,97.82,0.37,56.0,0.39,80.0,0.4,35.24,0.01,0.01,2315.920864,1776193293000
1776193295.56,95.56,0.61,80.0,0.6,35.24,0.62,97.82,0.63,56.0,0.38,97.82,0.37,56.0,0.39,80.0,0.4,35.24,0.01,0.01,2315.924404,1776193294000
1776193295.988,95.988,0.67,130.0,0.66,76.0,0.68,51.14,0.69,90.5,0.32,32.7,0.31,62.0,0.39,140.5,0.4,40.24,0.01,0.07,2315.924404,1776193294000
1776193296.236,96.236,0.67,156.0,0.66,81.0,0.68,44.83,0.71,5.0,0.32,51.14,0.31,90.5,0.33,130.0,0.34,76.0,0.01,0.01,2315.924404,1776193294000
1776193296.952,96.952,0.67,156.0,0.66,81.0,0.68,44.83,0.71,5.0,0.32,44.83,0.29,5.0,0.33,156.0,0.34,81.0,0.01,0.01,2315.93305,1776193296000
1776193297.369,97.369,0.65,50.0,0.64,55.0,0.66,183.09,0.67,110.5,0.32,44.83,0.29,5.0,0.33,156.0,0.34,81.0,0.01,0.01,2315.93305,1776193296000
1776193297.637,97.637,0.62,12.44,0.61,65.5,0.63,97.0,0.64,15.0,0.34,246.09,0.33,160.5,0.38,17.44,0.39,65.5,0.01,0.04,2315.93305,1776193296000
1776193298.287,98.287,0.62,12.44,0.61,65.5,0.63,97.0,0.64,15.0,0.37,97.0,0.36,15.0,0.38,12.44,0.39,65.5,0.01,0.01,2316.048738,1776193297000
1776193299.524,99.524,0.61,105.5,0.6,35.24,0.62,15.0,0.63,21.0,0.38,15.0,0.37,21.0,0.39,105.5,0.4,35.24,0.01,0.01,2316.13553,1776193298000
1776193300.22,100.22,0.61,105.5,0.6,35.24,0.62,15.0,0.63,21.0,0.38,15.0,0.37,21.0,0.39,105.5,0.4,35.24,0.01,0.01,2316.06319,1776193299000
1776193301.311,101.311,0.65,160.0,0.64,101.5,0.66,45.0,0.67,50.0,0.38,15.0,0.37,21.0,0.39,105.5,0.4,35.24,0.01,0.01,2316.06319,1776193299000
1776193301.639,101.639,0.67,85.0,0.66,60.5,0.68,79.7,0.69,55.0,0.34,45.0,0.33,50.0,0.35,160.0,0.36,101.5,0.01,0.01,2315.983394,1776193300000
1776193302.056,102.056,0.67,85.0,0.66,60.5,0.68,79.7,0.69,55.0,0.32,79.7,0.31,55.0,0.33,85.0,0.34,60.5,0.01,0.01,2315.980311,1776193301000
1776193302.387,102.387,0.66,9.85,0.65,15.0,0.68,250.2,0.69,155.5,0.32,79.7,0.31,55.0,0.33,85.0,0.34,60.5,0.02,0.01,2315.980311,1776193301000
1776193302.797,102.797,0.67,5.0,0.66,14.85,0.68,149.7,0.69,155.5,0.32,250.2,0.31,155.5,0.34,9.85,0.35,15.0,0.01,0.02,2315.980311,1776193301000
1776193303.327,103.327,0.67,5.0,0.66,14.85,0.68,174.2,0.69,155.5,0.32,149.7,0.31,155.5,0.33,5.0,0.34,14.85,0.01,0.01,2315.980311,1776193301000
1776193303.989,103.989,0.67,5.0,0.66,14.85,0.68,174.2,0.69,155.5,0.32,174.2,0.31,155.5,0.33,5.0,0.34,14.85,0.01,0.01,2316.20184,1776193303000
1776193304.923,104.923,0.67,5.0,0.66,24.85,0.68,188.7,0.69,155.5,0.32,174.2,0.31,155.5,0.33,5.0,0.34,14.85,0.01,0.01,2316.20184,1776193303000
1776193305.355,105.355,0.67,5.0,0.66,24.85,0.68,188.7,0.69,155.5,0.32,188.7,0.31,155.5,0.33,5.0,0.34,24.85,0.01,0.01,2316.193625,1776193304000
1776193306.006,106.006,0.67,5.0,0.66,24.85,0.68,188.7,0.69,155.5,0.32,188.7,0.31,155.5,0.33,5.0,0.34,24.85,0.01,0.01,2316.19761,1776193305000
1776193306.514,106.514,0.6,55.4,0.59,20.5,0.61,180.0,0.62,62.91,0.39,170.0,0.38,10.0,0.4,30.4,0.41,20.5,0.01,0.01,2316.19761,1776193305000
1776193306.837,106.837,0.6,105.4,0.59,75.5,0.61,231.0,0.62,112.91,0.39,236.0,0.38,112.91,0.4,95.4,0.41,75.5,0.01,0.01,2316.19761,1776193305000
1776193307.088,107.088,0.6,105.4,0.59,75.5,0.61,231.0,0.62,112.91,0.39,231.0,0.38,112.91,0.4,105.4,0.41,75.5,0.01,0.01,2316.202898,1776193306000
1776193307.35,107.35,0.6,120.4,0.59,80.5,0.61,70.0,0.62,5.0,0.39,71.0,0.38,52.91,0.4,120.4,0.41,80.5,0.01,0.01,2316.202898,1776193306000
1776193308.268,108.268,0.6,120.4,0.59,80.5,0.61,70.0,0.62,5.0,0.39,70.0,0.38,5.0,0.4,120.4,0.41,80.5,0.01,0.01,2315.78195,1776193307000
1776193308.92,108.92,0.64,85.5,0.63,90.5,0.65,52.0,0.66,135.0,0.39,65.0,0.37,11.0,0.4,135.4,0.41,80.5,0.01,0.01,2315.78195,1776193307000
1776193309.186,109.186,0.64,45.0,0.63,26.0,0.65,66.57,0.66,80.5,0.35,46.0,0.34,70.5,0.36,60.0,0.37,106.5,0.01,0.01,2315.78195,1776193307000
1776193309.688,109.688,0.6,40.4,0.59,75.5,0.61,141.0,0.62,76.0,0.35,66.57,0.34,80.5,0.36,45.0,0.37,26.0,0.01,0.01,2315.78195,1776193307000
1776193310.323,110.323,0.58,3.53,0.57,65.0,0.61,141.0,0.62,81.0,0.39,141.0,0.38,81.0,0.42,3.53,0.43,65.0,0.03,0.03,2315.718245,1776193309000
1776193311.062,111.062,0.58,3.53,0.57,65.0,0.61,141.0,0.62,81.0,0.39,141.0,0.38,81.0,0.42,3.53,0.43,65.0,0.03,0.03,2315.913913,1776193310000
1776193311.506,111.506,0.61,95.5,0.6,177.5,0.62,47.69,0.63,50.0,0.39,149.0,0.38,70.0,0.4,20.5,0.41,25.5,0.01,0.01,2315.913913,1776193310000
1776193311.776,111.776,0.64,47.5,0.63,153.5,0.65,17.76,0.66,55.0,0.38,36.69,0.37,50.0,0.39,115.5,0.4,172.5,0.01,0.01,2315.913913,1776193310000
1776193312.061,112.061,0.64,15.0,0.63,15.0,0.66,55.0,0.67,50.0,0.35,11.7,0.34,55.0,0.37,64.44,0.38,181.5,0.02,0.02,2315.913913,1776193310000
1776193312.35,112.35,0.65,10.0,0.64,10.0,0.66,59.0,0.67,50.0,0.34,59.0,0.33,50.0,0.35,10.0,0.36,10.0,0.01,0.01,2315.624144,1776193311000
1776193312.925,112.925,0.65,26.0,0.64,75.5,0.66,152.0,0.67,165.5,0.34,152.0,0.33,155.0,0.35,21.0,0.36,15.0,0.01,0.01,2315.624144,1776193311000
1776193313.703,113.703,0.65,18.0,0.64,25.5,0.66,147.93,0.67,170.5,0.34,152.0,0.33,155.0,0.35,28.5,0.36,25.5,0.01,0.01,2315.681596,1776193312000
1776193313.94,113.94,0.65,18.0,0.64,25.5,0.66,130.8,0.67,170.5,0.34,147.93,0.33,170.5,0.35,18.0,0.36,25.5,0.01,0.01,2315.681596,1776193312000
1776193314.398,114.398,0.65,18.0,0.64,25.5,0.66,129.74,0.67,160.5,0.34,129.74,0.33,170.5,0.35,18.0,0.36,25.5,0.01,0.01,2315.681596,1776193312000
1776193315.044,115.044,0.65,18.0,0.64,25.5,0.66,129.74,0.67,160.5,0.34,129.74,0.33,160.5,0.35,18.0,0.36,25.5,0.01,0.01,2316.186493,1776193313000
1776193315.804,115.804,0.65,18.0,0.64,25.5,0.66,129.74,0.67,160.5,0.34,129.74,0.33,160.5,0.35,18.0,0.36,25.5,0.01,0.01,2316.2326,1776193314000
1776193316.024,116.024,0.65,33.0,0.64,30.5,0.66,117.0,0.67,165.5,0.34,114.2,0.33,165.5,0.35,33.0,0.36,30.5,0.01,0.01,2316.2326,1776193314000
1776193316.54,116.54,0.65,33.0,0.64,30.5,0.66,114.8,0.67,165.5,0.34,114.8,0.33,165.5,0.35,33.0,0.36,30.5,0.01,0.01,2316.2326,1776193315000
1776193317.213,117.213,0.65,43.5,0.64,80.5,0.66,108.28,0.67,155.0,0.34,114.8,0.33,165.5,0.35,33.0,0.36,30.5,0.01,0.01,2316.2326,1776193315000
1776193318.052,118.052,0.65,43.5,0.64,80.5,0.66,108.28,0.67,155.0,0.34,108.28,0.33,155.0,0.35,43.5,0.36,80.5,0.01,0.01,2316.2446,1776193317000
1776193318.494,118.494,0.65,128.5,0.64,85.5,0.66,87.98,0.67,155.0,0.34,108.28,0.33,155.0,0.35,43.5,0.36,80.5,0.01,0.01,2316.2446,1776193317000
1776193318.801,118.801,0.66,45.0,0.65,98.5,0.67,52.0,0.68,65.5,0.34,87.98,0.33,155.0,0.35,128.5,0.36,85.5,0.01,0.01,2316.2446,1776193317000
1776193319.164,119.164,0.66,115.5,0.65,98.5,0.67,52.0,0.68,55.0,0.33,52.0,0.32,65.5,0.34,45.0,0.35,98.5,0.01,0.01,2316.2446,1776193317000
1776193319.402,119.402,0.66,115.5,0.65,98.5,0.67,52.0,0.68,55.0,0.33,52.0,0.32,55.0,0.34,115.5,0.35,98.5,0.01,0.01,2316.241254,1776193318000
1776193319.716,119.716,0.66,9.85,0.65,35.23,0.67,35.0,0.68,130.0,0.33,72.0,0.32,135.5,0.35,15.23,0.36,60.0,0.01,0.02,2316.241254,1776193318000
1776193319.982,119.982,0.65,45.73,0.64,70.5,0.67,40.0,0.68,125.0,0.33,40.0,0.32,125.0,0.35,45.73,0.36,70.5,0.02,0.02,2316.3052,1776193319000
1776193320.38,120.38,0.69,25.0,0.68,29.0,0.7,15.3,0.71,67.5,0.3,74.01,0.29,67.5,0.31,10.0,0.32,19.0,0.01,0.01,2316.3052,1776193319000
1776193320.657,120.657,0.7,55.0,0.69,19.36,0.71,36.34,0.72,50.0,0.29,36.34,0.28,50.0,0.3,15.0,0.31,14.0,0.01,0.01,2316.3052,1776193319000
1776193320.93,120.93,0.71,72.5,0.7,217.5,0.72,34.16,0.73,55.0,0.29,36.34,0.28,50.0,0.3,55.0,0.31,19.36,0.01,0.01,2316.3052,1776193319000
1776193321.407,121.407,0.71,72.5,0.7,217.5,0.72,34.16,0.73,55.0,0.28,34.16,0.27,55.0,0.29,72.5,0.3,217.5,0.01,0.01,2316.31627,1776193320000
1776193322.122,122.122,0.73,171.5,0.72,126.5,0.75,10.0,0.76,135.0,0.25,10.0,0.24,135.0,0.27,171.5,0.28,126.5,0.02,0.02,2316.520705,1776193321000
1776193322.473,122.473,0.74,246.5,0.73,181.5,0.76,60.0,0.77,65.5,0.25,10.0,0.24,135.0,0.27,171.5,0.28,126.5,0.02,0.02,2316.520705,1776193321000
1776193323.351,123.351,0.74,246.5,0.73,181.5,0.76,60.0,0.77,65.5,0.24,60.0,0.23,65.5,0.26,246.5,0.27,181.5,0.02,0.02,2316.936057,1776193322000
1776193324.018,124.018,0.74,246.5,0.73,181.5,0.76,60.0,0.77,65.5,0.24,60.0,0.23,65.5,0.26,246.5,0.27,181.5,0.02,0.02,2317.073394,1776193323000
1776193324.399,124.399,0.75,131.29,0.74,191.5,0.76,75.0,0.77,70.5,0.24,60.0,0.23,65.5,0.26,246.5,0.27,181.5,0.01,0.02,2317.073394,1776193323000
1776193325.212,125.212,0.75,131.29,0.74,191.5,0.76,75.0,0.77,70.5,0.24,75.0,0.23,70.5,0.25,131.29,0.26,191.5,0.01,0.01,2317.285595,1776193324000
1776193326.029,126.029,0.75,368.79,0.74,291.5,0.8,50.0,0.81,55.0,0.24,75.0,0.23,70.5,0.25,131.29,0.26,191.5,0.05,0.01,2317.285595,1776193324000
1776193326.287,126.287,0.8,10.0,0.79,270.0,0.81,56.5,0.82,224.4,0.2,41.07,0.19,60.5,0.21,10.0,0.22,125.0,0.01,0.01,2317.285595,1776193324000
1776193326.646,126.646,0.81,95.0,0.8,201.0,0.82,208.93,0.83,80.5,0.18,205.0,0.17,80.5,0.2,209.0,0.21,236.0,0.01,0.02,2317.256615,1776193325000
1776193327.022,127.022,0.81,95.0,0.8,201.0,0.82,208.93,0.83,80.5,0.18,208.93,0.17,80.5,0.19,95.0,0.2,201.0,0.01,0.01,2317.281215,1776193326000
1776193327.567,127.567,0.81,165.0,0.8,211.5,0.82,92.11,0.83,86.44,0.18,208.93,0.17,80.5,0.19,95.0,0.2,201.0,0.01,0.01,2317.281215,1776193326000
1776193328.403,128.403,0.81,165.0,0.8,211.5,0.82,92.11,0.83,86.44,0.18,92.11,0.17,86.44,0.19,165.0,0.2,211.5,0.01,0.01,2317.616021,1776193327000
1776193328.998,128.998,0.81,165.0,0.8,211.5,0.82,92.11,0.83,86.44,0.18,92.11,0.17,86.44,0.19,165.0,0.2,211.5,0.01,0.01,2317.702298,1776193328000
1776193329.408,129.408,0.83,271.0,0.82,155.5,0.84,3.79,0.85,84.2,0.18,92.11,0.17,86.44,0.19,165.0,0.2,211.5,0.01,0.01,2317.702298,1776193328000
1776193329.608,129.608,0.84,214.0,0.83,251.5,0.85,12.5,0.86,90.4,0.16,3.79,0.15,84.2,0.17,271.0,0.18,155.5,0.01,0.01,2317.702298,1776193328000
1776193330.162,130.162,0.84,214.0,0.83,251.5,0.85,12.5,0.86,90.4,0.15,12.5,0.14,90.4,0.16,214.0,0.17,251.5,0.01,0.01,2317.790169,1776193329000
1776193331.742,131.742,0.84,1.0,0.83,110.0,0.86,118.61,0.87,110.3,0.14,40.4,0.13,108.3,0.15,267.93,0.16,286.5,0.02,0.01,2317.790169,1776193329000
1776193331.991,131.991,0.82,125.0,0.81,175.5,0.84,96.81,0.85,38.23,0.16,26.5,0.15,28.23,0.17,98.41,0.18,125.0,0.02,0.01,2318.043758,1776193330000
1776193332.192,132.192,0.82,25.0,0.81,165.0,0.83,92.22,0.84,75.81,0.16,96.81,0.15,38.23,0.18,125.0,0.19,175.5,0.01,0.02,2318.043758,1776193330000
1776193332.712,132.712,0.82,8.0,0.81,175.5,0.83,92.22,0.84,75.81,0.17,92.22,0.16,75.81,0.18,8.0,0.19,175.5,0.01,0.01,2318.29529,1776193331000
1776193333.098,133.098,0.85,258.11,0.84,161.5,0.86,29.9,0.87,122.3,0.17,92.22,0.16,75.81,0.18,8.0,0.19,175.5,0.01,0.01,2318.29529,1776193331000
1776193333.342,133.342,0.84,95.66,0.83,271.5,0.87,122.3,0.88,159.1,0.13,122.3,0.12,159.1,0.16,95.66,0.17,271.5,0.03,0.03,2318.30235,1776193332000
1776193334.042,134.042,0.84,95.66,0.83,271.5,0.87,122.3,0.88,159.1,0.13,122.3,0.12,159.1,0.16,95.66,0.17,271.5,0.03,0.03,2318.149849,1776193333000
1776193334.72,134.72,0.86,171.0,0.85,60.0,0.88,190.09,0.89,201.79,0.13,114.56,0.12,284.6,0.14,166.0,0.15,90.0,0.02,0.01,2318.149849,1776193333000
1776193335.267,135.267,0.86,166.0,0.85,60.0,0.88,198.5,0.89,201.79,0.12,198.5,0.11,201.79,0.14,166.0,0.15,60.0,0.02,0.02,2318.413346,1776193334000
1776193335.578,135.578,0.87,15.0,0.86,175.0,0.88,102.75,0.89,96.5,0.12,198.5,0.11,201.79,0.14,166.0,0.15,60.0,0.01,0.02,2318.413346,1776193334000
1776193336.103,136.103,0.87,189.5,0.86,222.5,0.88,19.25,0.89,18.0,0.12,74.75,0.11,46.5,0.13,148.0,0.14,185.5,0.01,0.01,2318.413346,1776193334000
1776193336.589,136.589,0.88,55.0,0.87,224.5,0.9,3.25,0.91,17.0,0.1,3.25,0.09,17.0,0.12,55.0,0.13,224.5,0.02,0.02,2318.626695,1776193335000
1776193336.799,136.799,0.89,167.0,0.88,136.0,0.9,29.68,0.91,17.0,0.1,3.25,0.09,17.0,0.12,55.0,0.13,224.5,0.01,0.02,2318.626695,1776193335000
1776193337.148,137.148,0.89,157.81,0.88,146.5,0.9,29.68,0.91,22.0,0.1,29.68,0.09,22.0,0.11,157.81,0.12,146.5,0.01,0.01,2318.628025,1776193336000
1776193337.527,137.527,0.89,151.9,0.88,146.5,0.9,28.56,0.91,17.0,0.1,28.56,0.09,17.0,0.11,157.81,0.12,146.5,0.01,0.01,2318.628025,1776193336000
1776193338.176,138.176,0.87,65.0,0.86,114.0,0.9,173.93,0.91,165.0,0.1,28.56,0.09,17.0,0.11,151.9,0.12,146.5,0.03,0.01,2318.628025,1776193336000
1776193338.399,138.399,0.87,52.62,0.86,89.0,0.88,45.0,0.89,120.5,0.1,173.93,0.09,165.0,0.13,65.0,0.14,114.0,0.01,0.03,2318.628025,1776193336000
1776193339.383,139.383,0.87,52.62,0.86,89.0,0.88,45.0,0.89,120.5,0.12,45.0,0.11,120.5,0.13,52.62,0.14,89.0,0.01,0.01,2319.041045,1776193338000
1776193339.915,139.915,0.87,62.62,0.86,109.5,0.88,47.33,0.89,125.5,0.12,45.0,0.11,120.5,0.13,52.62,0.14,89.0,0.01,0.01,2319.041045,1776193338000
1776193340.268,140.268,0.87,67.62,0.86,109.5,0.88,20.77,0.89,134.5,0.12,43.91,0.11,125.5,0.13,62.62,0.14,109.5,0.01,0.01,2319.11163,1776193339000
1776193340.786,140.786,0.87,72.62,0.86,99.5,0.88,15.52,0.89,134.5,0.12,20.77,0.11,134.5,0.13,67.62,0.14,109.5,0.01,0.01,2319.11163,1776193339000
1776193341.184,141.184,0.87,72.62,0.86,99.5,0.88,15.52,0.89,134.5,0.12,15.52,0.11,134.5,0.13,72.62,0.14,99.5,0.01,0.01,2318.8902,1776193340000
1776193342.267,142.267,0.87,72.62,0.86,99.5,0.88,15.52,0.89,134.5,0.12,15.52,0.11,134.5,0.13,72.62,0.14,99.5,0.01,0.01,2318.852765,1776193341000
1776193342.828,142.828,0.87,168.79,0.86,96.5,0.88,15.52,0.89,124.0,0.12,15.52,0.11,134.5,0.13,72.62,0.14,99.5,0.01,0.01,2318.852765,1776193341000
1776193343.295,143.295,0.87,168.79,0.86,96.5,0.88,15.52,0.89,124.0,0.12,15.52,0.11,124.0,0.13,168.79,0.14,96.5,0.01,0.01,2318.831491,1776193342000
1776193343.605,143.605,0.88,28.0,0.87,152.29,0.89,5.0,0.9,84.77,0.11,5.0,0.1,84.77,0.12,148.5,0.13,152.29,0.01,0.01,2318.831491,1776193342000
1776193343.827,143.827,0.88,46.99,0.87,146.29,0.89,10.0,0.9,84.77,0.11,5.0,0.1,84.77,0.12,28.0,0.13,152.29,0.01,0.01,2318.831491,1776193342000
1776193344.095,144.095,0.88,218.72,0.87,85.96,0.9,40.29,0.91,187.0,0.11,10.0,0.1,84.77,0.12,46.99,0.13,146.29,0.02,0.01,2318.831491,1776193342000
1776193344.456,144.456,0.88,218.72,0.87,85.96,0.9,40.29,0.91,187.0,0.1,40.29,0.09,187.0,0.12,218.72,0.13,85.96,0.02,0.02,2318.805901,1776193343000
1776193345.032,145.032,0.88,218.72,0.87,85.96,0.9,40.29,0.91,187.0,0.1,40.29,0.09,187.0,0.12,218.72,0.13,85.96,0.02,0.02,2318.871895,1776193344000
1776193345.256,145.256,0.89,136.0,0.88,212.72,0.9,50.29,0.91,70.0,0.1,40.29,0.09,187.0,0.12,218.72,0.13,85.96,0.01,0.02,2318.871895,1776193344000
1776193346.148,146.148,0.89,136.0,0.88,212.72,0.9,50.29,0.91,70.0,0.1,50.29,0.09,70.0,0.11,136.0,0.12,212.72,0.01,0.01,2318.998893,1776193345000
1776193347.182,147.182,0.89,136.0,0.88,212.72,0.9,50.29,0.91,70.0,0.1,50.29,0.09,70.0,0.11,136.0,0.12,212.72,0.01,0.01,2319.025912,1776193346000
1776193348.274,148.274,0.89,136.0,0.88,212.72,0.9,50.29,0.91,70.0,0.1,50.29,0.09,70.0,0.11,136.0,0.12,212.72,0.01,0.01,2319.086785,1776193347000
1776193349.109,149.109,0.88,25.0,0.87,20.0,0.89,299.5,0.9,231.89,0.1,50.29,0.09,70.0,0.11,136.0,0.12,212.72,0.01,0.01,2319.086785,1776193347000
1776193349.351,149.351,0.86,90.0,0.85,75.5,0.88,123.94,0.89,181.5,0.13,8.0,0.12,144.5,0.14,80.9,0.15,75.5,0.02,0.01,2319.08592,1776193348000
1776193349.94,149.94,0.86,90.0,0.85,75.5,0.88,191.21,0.89,175.5,0.12,123.94,0.11,181.5,0.14,90.0,0.15,75.5,0.02,0.02,2319.08592,1776193348000
1776193350.152,150.152,0.86,90.0,0.85,75.5,0.88,191.21,0.89,175.5,0.12,191.21,0.11,175.5,0.14,90.0,0.15,75.5,0.02,0.02,2318.96787,1776193349000
1776193350.574,150.574,0.87,62.89,0.86,30.0,0.88,186.71,0.89,175.5,0.12,191.21,0.11,175.5,0.14,90.0,0.15,75.5,0.01,0.02,2318.96787,1776193349000
1776193350.88,150.88,0.87,102.89,0.86,80.0,0.88,183.57,0.89,175.5,0.12,186.71,0.11,175.5,0.13,62.89,0.14,30.0,0.01,0.01,2318.96787,1776193349000
1776193351.75,151.75,0.89,5.0,0.87,251.39,0.9,165.29,0.91,245.0,0.12,178.34,0.11,175.5,0.13,102.89,0.14,80.0,0.01,0.01,2318.777404,1776193350000
1776193352.085,152.085,0.89,60.61,0.88,23.0,0.9,220.27,0.91,258.0,0.1,220.27,0.09,258.0,0.11,60.61,0.12,23.0,0.01,0.01,2318.614815,1776193351000
1776193352.286,152.286,0.89,238.45,0.88,83.5,0.9,160.27,0.91,128.0,0.1,220.27,0.09,258.0,0.11,60.61,0.12,23.0,0.01,0.01,2318.614815,1776193351000
1776193353.049,153.049,0.89,238.45,0.88,83.5,0.9,158.27,0.91,115.0,0.1,158.27,0.09,115.0,0.11,238.45,0.12,83.5,0.01,0.01,2318.65384,1776193352000
1776193353.997,153.997,0.89,266.95,0.88,86.5,0.9,5.87,0.91,110.0,0.1,158.27,0.09,115.0,0.11,238.45,0.12,83.5,0.01,0.01,2318.65384,1776193352000
1776193354.251,154.251,0.89,202.61,0.88,86.5,0.9,3.32,0.91,110.0,0.1,5.87,0.09,110.0,0.11,261.22,0.12,86.5,0.01,0.01,2318.955855,1776193353000
1776193354.656,154.656,0.89,197.61,0.88,86.5,0.91,119.96,0.92,120.0,0.1,3.32,0.09,110.0,0.11,202.61,0.12,86.5,0.02,0.01,2318.955855,1776193353000
1776193354.947,154.947,0.9,16.0,0.89,194.61,0.91,129.02,0.92,120.0,0.09,129.02,0.08,120.0,0.1,16.0,0.11,194.61,0.01,0.01,2319.007749,1776193354000
1776193355.37,155.37,0.9,155.55,0.89,175.73,0.92,118.03,0.93,189.09,0.09,129.02,0.08,120.0,0.1,16.0,0.11,194.61,0.02,0.01,2319.007749,1776193354000
1776193355.867,155.867,0.9,155.55,0.89,175.73,0.92,118.03,0.93,189.09,0.08,118.03,0.07,189.09,0.1,155.55,0.11,175.73,0.02,0.02,2319.111965,1776193355000
1776193356.155,156.155,0.91,384.99,0.9,132.5,0.92,2.92,0.93,15.09,0.08,13.03,0.07,15.09,0.09,339.99,0.1,132.5,0.01,0.01,2319.111965,1776193355000
1776193356.376,156.376,0.92,5.43,0.91,265.5,0.93,100.84,0.94,110.0,0.07,15.09,0.06,110.0,0.09,364.99,0.1,132.5,0.01,0.02,2319.111965,1776193355000
1776193356.811,156.811,0.92,16.43,0.91,189.5,0.93,129.0,0.94,155.0,0.07,131.16,0.06,110.0,0.08,5.43,0.09,225.5,0.01,0.01,2319.111965,1776193355000
1776193357.355,157.355,0.92,5.43,0.91,190.0,0.93,251.77,0.94,116.0,0.07,129.0,0.06,155.0,0.08,16.43,0.09,189.5,0.01,0.01,2319.12253,1776193356000
1776193357.562,157.562,0.92,60.43,0.91,190.0,0.93,260.79,0.94,116.0,0.07,262.06,0.06,116.0,0.08,60.43,0.09,190.0,0.01,0.01,2319.12253,1776193356000
1776193357.853,157.853,0.92,55.43,0.91,190.0,0.93,253.63,0.94,116.0,0.07,258.63,0.06,116.0,0.08,55.43,0.09,190.0,0.01,0.01,2319.590976,1776193357000
1776193358.057,158.057,0.92,5.43,0.91,190.0,0.93,258.25,0.94,314.8,0.07,258.63,0.06,314.8,0.08,5.43,0.09,190.0,0.01,0.01,2319.590976,1776193357000
1776193358.466,158.466,0.92,55.43,0.91,190.0,0.93,237.17,0.94,398.13,0.07,258.25,0.06,314.8,0.08,5.43,0.09,190.0,0.01,0.01,2319.590976,1776193357000
1776193358.712,158.712,0.92,65.43,0.91,195.0,0.93,149.87,0.94,312.13,0.07,106.87,0.06,351.13,0.08,81.43,0.09,184.0,0.01,0.01,2319.590976,1776193357000
1776193358.938,158.938,0.92,70.43,0.91,81.0,0.93,195.41,0.94,430.13,0.07,234.49,0.06,312.13,0.08,65.43,0.09,195.0,0.01,0.01,2319.699756,1776193358000
1776193359.555,159.555,0.92,65.43,0.91,81.0,0.93,170.83,0.94,308.8,0.07,195.41,0.06,430.13,0.08,70.43,0.09,81.0,0.01,0.01,2319.699756,1776193358000
1776193360.126,160.126,0.92,65.43,0.91,81.0,0.93,170.83,0.94,308.8,0.07,170.83,0.06,308.8,0.08,65.43,0.09,81.0,0.01,0.01,2319.564915,1776193359000
1776193360.537,160.537,0.92,70.43,0.91,81.0,0.93,114.83,0.94,310.8,0.07,170.83,0.06,308.8,0.08,65.43,0.09,81.0,0.01,0.01,2319.564915,1776193359000
1776193360.75,160.75,0.92,60.43,0.91,81.0,0.93,114.83,0.94,310.8,0.07,114.83,0.06,310.8,0.08,70.43,0.09,81.0,0.01,0.01,2319.564915,1776193359000
1776193360.967,160.967,0.92,65.43,0.91,81.0,0.93,167.75,0.94,264.8,0.07,114.83,0.06,310.8,0.08,60.43,0.09,81.0,0.01,0.01,2319.564915,1776193359000
1776193361.903,161.903,0.92,5.43,0.91,81.0,0.93,167.75,0.94,264.8,0.07,167.75,0.06,264.8,0.08,5.43,0.09,81.0,0.01,0.01,2319.531293,1776193360000
1776193362.325,162.325,0.92,111.0,0.91,80.5,0.93,122.13,0.94,236.0,0.07,167.75,0.06,264.8,0.08,5.43,0.09,81.0,0.01,0.01,2319.531293,1776193360000
1776193362.595,162.595,0.92,111.0,0.91,80.5,0.93,122.13,0.94,236.0,0.07,122.13,0.06,236.0,0.08,111.0,0.09,80.5,0.01,0.01,2319.554957,1776193361000
1776193363.283,163.283,0.92,111.0,0.91,80.5,0.93,6.87,0.94,186.0,0.07,6.87,0.06,186.0,0.08,111.0,0.09,80.5,0.01,0.01,2319.554922,1776193362000
1776193363.622,163.622,0.92,10.0,0.91,30.0,0.93,90.02,0.94,111.0,0.07,6.87,0.06,106.0,0.08,106.0,0.09,80.5,0.01,0.01,2319.554922,1776193362000
1776193363.946,163.946,0.91,30.0,0.9,70.0,0.93,89.64,0.94,117.0,0.07,95.02,0.06,117.0,0.09,30.0,0.1,65.0,0.02,0.02,2319.554922,1776193362000
1776193364.172,164.172,0.91,5.0,0.9,10.0,0.92,124.0,0.93,75.64,0.07,89.64,0.06,117.0,0.09,30.0,0.1,70.0,0.01,0.02,2319.54614,1776193363000
1776193364.414,164.414,0.89,70.0,0.88,99.1,0.9,18.0,0.91,49.0,0.09,26.0,0.08,119.0,0.1,10.0,0.11,20.0,0.01,0.01,2319.54614,1776193363000
1776193365.254,165.254,0.89,71.44,0.88,109.6,0.9,51.0,0.91,76.0,0.1,40.0,0.09,32.0,0.11,46.44,0.12,109.6,0.01,0.01,2319.54614,1776193363000
1776193365.793,165.793,0.89,20.0,0.88,99.1,0.9,69.28,0.91,81.0,0.1,51.0,0.09,76.0,0.11,71.44,0.12,109.6,0.01,0.01,2319.589655,1776193364000
1776193366.212,166.212,0.89,20.0,0.88,99.1,0.9,69.28,0.91,81.0,0.1,69.28,0.09,81.0,0.11,20.0,0.12,99.1,0.01,0.01,2319.360302,1776193365000
1776193366.479,166.479,0.89,125.5,0.88,119.6,0.9,37.78,0.91,31.0,0.1,69.28,0.09,81.0,0.11,20.0,0.12,99.1,0.01,0.01,2319.360302,1776193365000
1776193367.5,167.5,0.89,125.5,0.88,119.6,0.9,37.78,0.91,31.0,0.1,37.78,0.09,31.0,0.11,125.5,0.12,119.6,0.01,0.01,2319.069884,1776193366000
1776193368.333,168.333,0.89,125.5,0.88,119.6,0.9,37.78,0.91,31.0,0.1,37.78,0.09,31.0,0.11,125.5,0.12,119.6,0.01,0.01,2319.07225,1776193367000
1776193368.801,168.801,0.9,118.0,0.89,125.5,0.92,45.45,0.93,71.22,0.08,40.0,0.07,71.22,0.1,98.0,0.11,120.5,0.02,0.02,2319.07225,1776193367000
1776193369.853,169.853,0.9,118.0,0.89,125.5,0.92,45.45,0.93,71.22,0.08,45.45,0.07,71.22,0.1,118.0,0.11,125.5,0.02,0.02,2319.166745,1776193368000
1776193370.218,170.218,0.89,78.0,0.88,114.6,0.91,4.06,0.92,95.45,0.08,45.45,0.07,71.22,0.1,118.0,0.11,125.5,0.02,0.02,2319.166745,1776193368000
1776193370.453,170.453,0.89,78.0,0.88,114.6,0.91,4.06,0.92,95.45,0.09,4.06,0.08,95.45,0.11,78.0,0.12,114.6,0.02,0.02,2319.191395,1776193369000
1776193371.232,171.232,0.89,78.0,0.88,114.6,0.91,4.06,0.92,95.45,0.09,4.06,0.08,95.45,0.11,78.0,0.12,114.6,0.02,0.02,2319.19759,1776193370000
1776193371.83,171.83,0.9,80.0,0.89,83.5,0.92,45.45,0.93,55.22,0.09,4.06,0.08,95.45,0.11,78.0,0.12,114.6,0.02,0.02,2319.19759,1776193370000
1776193372.604,172.604,0.9,80.0,0.89,83.5,0.92,45.45,0.93,55.22,0.08,45.45,0.07,55.22,0.1,80.0,0.11,83.5,0.02,0.02,2319.13637,1776193371000
1776193373.374,173.374,0.92,10.0,0.91,85.0,0.93,44.41,0.94,65.0,0.07,44.41,0.06,65.0,0.08,10.0,0.09,85.0,0.01,0.01,2319.1182,1776193372000
1776193374.488,174.488,0.92,28.59,0.91,55.0,0.93,71.29,0.94,65.0,0.07,40.8,0.06,70.0,0.08,5.0,0.09,75.0,0.01,0.01,2319.1182,1776193372000
1776193374.794,174.794,0.92,19.95,0.91,60.0,0.93,71.29,0.94,71.0,0.07,71.29,0.06,71.0,0.08,19.95,0.09,60.0,0.01,0.01,2319.332077,1776193373000
1776193375.144,175.144,0.9,32.04,0.89,251.5,0.93,84.29,0.94,71.0,0.07,71.29,0.06,71.0,0.08,19.95,0.09,60.0,0.03,0.01,2319.332077,1776193373000
1776193375.35,175.35,0.9,81.04,0.89,250.5,0.92,104.82,0.93,73.29,0.08,55.91,0.07,23.29,0.1,81.04,0.11,250.5,0.02,0.02,2319.332077,1776193373000
1776193375.706,175.706,0.9,71.04,0.89,250.5,0.92,94.0,0.93,73.29,0.08,104.82,0.07,73.29,0.1,81.04,0.11,250.5,0.02,0.02,2319.337232,1776193374000
1776193376.026,176.026,0.89,20.0,0.88,282.6,0.91,96.87,0.92,65.0,0.08,94.0,0.07,73.29,0.1,71.04,0.11,250.5,0.02,0.02,2319.337232,1776193374000
1776193376.262,176.262,0.89,15.0,0.88,282.6,0.91,88.42,0.92,65.0,0.09,88.42,0.08,65.0,0.11,15.0,0.12,282.6,0.02,0.02,2319.301445,1776193375000
1776193376.595,176.595,0.9,166.9,0.89,38.5,0.91,84.48,0.92,65.0,0.09,88.42,0.08,65.0,0.11,15.0,0.12,282.6,0.01,0.02,2319.301445,1776193375000
1776193377.082,177.082,0.9,229.11,0.89,85.5,0.93,33.29,0.94,150.0,0.08,39.86,0.07,83.29,0.1,161.9,0.11,38.5,0.03,0.02,2319.301445,1776193375000
1776193377.591,177.591,0.91,115.0,0.9,244.61,0.92,35.56,0.93,15.0,0.07,33.29,0.06,150.0,0.1,229.11,0.11,85.5,0.01,0.03,2319.301445,1776193375000
1776193378.305,178.305,0.92,8.03,0.91,126.21,0.93,15.0,0.94,128.0,0.08,35.56,0.07,15.0,0.09,115.0,0.1,244.61,0.01,0.01,2319.27092,1776193376000
1776193378.737,178.737,0.92,8.03,0.91,126.21,0.93,15.0,0.94,128.0,0.07,15.0,0.06,128.0,0.08,8.03,0.09,126.21,0.01,0.01,2319.172649,1776193377000
1776193379.109,179.109,0.92,124.24,0.91,85.0,0.93,9.64,0.94,48.0,0.07,18.2,0.06,128.0,0.08,119.24,0.09,85.0,0.01,0.01,2319.172649,1776193377000
1776193379.372,179.372,0.92,119.24,0.91,85.0,0.94,39.84,0.95,260.8,0.07,4.64,0.06,48.0,0.08,119.24,0.09,85.0,0.02,0.01,2319.172649,1776193377000
1776193379.96,179.96,0.92,134.24,0.91,85.0,0.94,55.49,0.95,260.8,0.06,55.49,0.05,260.8,0.08,134.24,0.09,85.0,0.02,0.02,2319.220772,1776193379000
1776193380.751,180.751,0.93,82.21,0.92,102.03,0.94,110.37,0.95,50.0,0.06,55.49,0.05,260.8,0.08,134.24,0.09,85.0,0.01,0.02,2319.220772,1776193379000
1776193380.983,180.983,0.93,72.21,0.92,102.03,0.94,105.37,0.95,56.0,0.06,110.37,0.05,50.0,0.07,82.21,0.08,102.03,0.01,0.01,2319.220772,1776193379000
1776193381.254,181.254,0.93,87.21,0.92,102.03,0.94,108.25,0.95,56.0,0.06,108.25,0.05,56.0,0.07,87.21,0.08,102.03,0.01,0.01,2319.233936,1776193380000
1776193381.817,181.817,0.93,205.49,0.92,83.03,0.94,78.29,0.95,111.0,0.06,118.86,0.05,111.0,0.07,150.49,0.08,78.03,0.01,0.01,2319.233936,1776193380000
1776193382.348,182.348,0.93,215.49,0.92,83.03,0.94,60.13,0.95,61.0,0.06,78.29,0.05,111.0,0.07,205.49,0.08,83.03,0.01,0.01,2319.233936,1776193380000
1776193382.806,182.806,0.93,220.49,0.92,88.03,0.94,49.54,0.95,56.0,0.06,60.13,0.05,61.0,0.07,215.49,0.08,83.03,0.01,0.01,2319.360985,1776193381000
1776193383.007,183.007,0.93,220.49,0.92,88.03,0.94,49.54,0.95,56.0,0.06,49.54,0.05,56.0,0.07,220.49,0.08,88.03,0.01,0.01,2319.375169,1776193382000
1776193383.317,183.317,0.93,220.49,0.92,88.03,0.94,46.41,0.95,56.0,0.06,49.54,0.05,56.0,0.07,220.49,0.08,88.03,0.01,0.01,2319.375169,1776193382000
1776193383.827,183.827,0.94,87.0,0.93,421.25,0.95,40.0,0.96,123.0,0.06,46.41,0.05,56.0,0.07,220.49,0.08,88.03,0.01,0.01,2319.375169,1776193382000
1776193384.215,184.215,0.94,87.0,0.93,421.25,0.95,40.0,0.96,123.0,0.05,40.0,0.04,123.0,0.06,87.0,0.07,421.25,0.01,0.01,2319.278805,1776193383000
1776193384.616,184.616,0.94,87.02,0.93,142.47,0.95,134.0,0.96,41.0,0.05,40.0,0.04,123.0,0.06,87.0,0.07,421.25,0.01,0.01,2319.278805,1776193383000
1776193385.363,185.363,0.94,87.02,0.93,142.47,0.95,134.0,0.96,41.0,0.05,134.0,0.04,41.0,0.06,87.02,0.07,142.47,0.01,0.01,2319.299438,1776193384000
1776193385.963,185.963,0.94,87.02,0.93,142.47,0.95,134.0,0.96,41.0,0.05,134.0,0.04,41.0,0.06,87.02,0.07,142.47,0.01,0.01,2319.540378,1776193385000
1776193386.549,186.549,0.94,111.86,0.93,87.47,0.95,156.36,0.96,40.0,0.05,134.0,0.04,41.0,0.06,87.02,0.07,142.47,0.01,0.01,2319.540378,1776193385000
1776193387.15,187.15,0.94,111.86,0.93,87.47,0.95,156.36,0.96,40.0,0.05,156.36,0.04,40.0,0.06,111.86,0.07,87.47,0.01,0.01,2319.535714,1776193386000
1776193387.769,187.769,0.94,60.0,0.93,133.08,0.95,32.3,0.96,35.0,0.05,156.36,0.04,40.0,0.06,111.86,0.07,87.47,0.01,0.01,2319.535714,1776193386000
1776193388.363,188.363,0.94,60.0,0.93,133.08,0.95,32.3,0.96,35.0,0.05,32.3,0.04,35.0,0.06,60.0,0.07,133.08,0.01,0.01,2319.376787,1776193387000
1776193389.04,189.04,0.94,70.75,0.93,136.0,0.95,46.82,0.96,35.0,0.05,32.3,0.04,35.0,0.06,60.0,0.07,133.08,0.01,0.01,2319.376787,1776193387000
1776193389.322,189.322,0.94,70.75,0.93,136.0,0.95,36.82,0.96,35.0,0.05,46.82,0.04,35.0,0.06,70.75,0.07,136.0,0.01,0.01,2319.376787,1776193387000
1776193389.7,189.7,0.94,81.07,0.93,136.0,0.95,34.82,0.96,35.0,0.05,36.82,0.04,35.0,0.06,70.75,0.07,136.0,0.01,0.01,2319.408096,1776193388000
1776193390.029,190.029,0.94,76.07,0.93,136.0,0.95,33.54,0.96,35.0,0.05,33.54,0.04,35.0,0.06,76.07,0.07,136.0,0.01,0.01,2319.41638,1776193389000
1776193390.244,190.244,0.94,86.07,0.93,154.37,0.95,4.54,0.96,35.0,0.05,8.54,0.04,35.0,0.06,86.07,0.07,154.37,0.01,0.01,2319.41638,1776193389000
1776193391.192,191.192,0.94,96.07,0.93,154.37,0.95,4.0,0.96,40.19,0.05,4.0,0.04,40.19,0.06,96.07,0.07,154.37,0.01,0.01,2319.41732,1776193390000
1776193391.754,191.754,0.94,172.75,0.93,82.21,0.96,40.19,0.97,566.36,0.05,4.0,0.04,40.19,0.06,167.75,0.07,87.21,0.02,0.01,2319.41732,1776193390000
1776193392.34,192.34,0.94,172.75,0.93,82.21,0.96,40.19,0.97,566.36,0.04,40.19,0.03,566.36,0.06,172.75,0.07,82.21,0.02,0.02,2319.419678,1776193391000
1776193392.697,192.697,0.95,134.85,0.94,96.07,0.96,0.19,0.97,566.36,0.04,40.19,0.03,566.36,0.06,172.75,0.07,82.21,0.01,0.02,2319.419678,1776193391000
1776193392.984,192.984,0.95,134.85,0.94,101.07,0.96,2.98,0.97,566.36,0.04,0.19,0.03,566.36,0.05,134.85,0.06,96.07,0.01,0.01,2319.419678,1776193391000
1776193393.844,193.844,0.95,134.85,0.94,101.07,0.96,2.98,0.97,566.36,0.04,2.98,0.03,566.36,0.05,134.85,0.06,101.07,0.01,0.01,2319.422421,1776193392000
1776193394.119,194.119,0.95,149.85,0.94,106.07,0.96,5.0,0.97,562.34,0.04,2.98,0.03,566.36,0.05,134.85,0.06,101.07,0.01,0.01,2319.422421,1776193392000
1776193394.35,194.35,0.95,149.85,0.94,106.07,0.96,5.0,0.97,562.34,0.04,5.0,0.03,562.34,0.05,149.85,0.06,106.07,0.01,0.01,2319.427441,1776193393000
1776193394.899,194.899,0.95,149.85,0.94,106.07,0.96,5.0,0.97,562.34,0.04,5.0,0.03,562.34,0.05,149.85,0.06,106.07,0.01,0.01,2319.428606,1776193394000
1776193395.182,195.182,0.95,144.85,0.94,106.07,0.97,358.64,0.98,819.7,0.04,5.0,0.03,562.34,0.05,149.85,0.06,106.07,0.02,0.01,2319.428606,1776193394000
1776193395.612,195.612,0.95,84.85,0.94,106.07,0.96,8.57,0.97,358.64,0.03,358.64,0.02,819.7,0.05,144.85,0.06,106.07,0.01,0.02,2319.428606,1776193394000
1776193395.961,195.961,0.95,74.85,0.94,101.07,0.96,3.36,0.97,358.64,0.04,3.36,0.03,358.64,0.05,74.85,0.06,101.07,0.01,0.01,2319.407865,1776193395000
1776193396.81,196.81,0.93,85.0,0.92,239.03,0.94,128.08,0.95,5.0,0.06,17.08,0.04,68.36,0.07,20.0,0.08,83.03,0.01,0.01,2319.407865,1776193395000
1776193397.155,197.155,0.93,238.44,0.92,204.03,0.94,21.69,0.96,8.36,0.06,128.08,0.05,5.0,0.07,85.0,0.08,239.03,0.01,0.01,2319.407865,1776193395000
1776193397.372,197.372,0.93,238.44,0.92,204.03,0.94,21.69,0.96,8.36,0.06,21.69,0.04,8.36,0.07,238.44,0.08,204.03,0.01,0.01,2319.404443,1776193396000
1776193397.972,197.972,0.93,238.44,0.92,204.03,0.94,21.69,0.96,8.36,0.06,21.69,0.04,8.36,0.07,238.44,0.08,204.03,0.01,0.01,2319.28787,1776193397000
1776193398.46,198.46,0.94,25.0,0.93,360.41,0.95,38.61,0.96,10.0,0.03,561.55,0.02,1183.7,0.07,255.41,0.08,249.53,0.01,0.04,2319.28787,1776193397000
1776193399.086,199.086,0.95,20.0,0.94,223.36,0.97,321.85,0.98,263.0,0.05,17.03,0.04,10.0,0.06,85.0,0.07,360.41,0.02,0.01,2319.28787,1776193397000
1776193399.504,199.504,0.96,114.0,0.95,379.28,0.97,314.81,0.98,433.7,0.03,320.81,0.02,250.0,0.04,104.0,0.05,157.97,0.01,0.01,2319.135639,1776193398000
1776193399.971,199.971,0.96,194.7,0.95,408.28,0.97,314.81,0.98,445.7,0.03,309.81,0.02,439.7,0.04,114.0,0.05,379.28,0.01,0.01,2319.135639,1776193398000
1776193400.21,200.21,0.96,194.7,0.95,438.2,0.97,303.42,0.98,445.7,0.03,314.81,0.02,445.7,0.04,194.7,0.05,408.28,0.01,0.01,2319.135639,1776193398000
1776193400.69,200.69,0.96,194.7,0.95,438.2,0.97,303.42,0.98,445.7,0.03,303.42,0.02,445.7,0.04,194.7,0.05,438.2,0.01,0.01,2319.465772,1776193399000
1776193400.909,200.909,0.96,206.67,0.95,447.36,0.97,233.17,0.98,445.7,0.03,239.03,0.02,445.7,0.04,206.67,0.05,447.36,0.01,0.01,2319.465772,1776193399000
1776193401.199,201.199,0.96,206.67,0.95,447.36,0.97,233.17,0.98,445.7,0.03,233.17,0.02,445.7,0.04,206.67,0.05,447.36,0.01,0.01,2319.469722,1776193400000
1776193402.401,202.401,0.96,206.67,0.95,447.36,0.97,233.17,0.98,445.7,0.03,233.17,0.02,445.7,0.04,206.67,0.05,447.36,0.01,0.01,2319.840358,1776193401000
1776193402.998,202.998,0.96,283.47,0.95,337.85,0.97,233.17,0.98,262.0,0.03,233.17,0.02,445.7,0.04,206.67,0.05,447.36,0.01,0.01,2319.840358,1776193401000
1776193403.707,203.707,0.96,176.97,0.95,332.85,0.97,190.04,0.98,262.0,0.03,233.17,0.02,262.0,0.04,283.47,0.05,337.85,0.01,0.01,2319.853237,1776193402000
1776193404.15,204.15,0.96,176.97,0.95,332.85,0.97,190.04,0.98,262.0,0.03,190.04,0.02,262.0,0.04,176.97,0.05,332.85,0.01,0.01,2319.827788,1776193403000
1776193405.086,205.086,0.96,117.67,0.95,111.37,0.97,195.04,0.98,444.7,0.03,190.04,0.02,262.0,0.04,176.97,0.05,332.85,0.01,0.01,2319.827788,1776193403000
1776193406.495,206.495,0.96,117.67,0.95,111.37,0.97,195.04,0.98,444.7,0.03,195.04,0.02,444.7,0.04,117.67,0.05,111.37,0.01,0.01,2319.822805,1776193405000
1776193407.085,207.085,0.96,295.09,0.95,360.67,0.97,175.04,0.98,251.0,0.03,185.04,0.02,251.0,0.04,305.59,0.05,331.67,0.01,0.01,2319.822805,1776193405000
1776193407.373,207.373,0.96,195.09,0.95,340.67,0.97,173.22,0.98,262.0,0.03,175.04,0.02,251.0,0.04,295.09,0.05,360.67,0.01,0.01,2319.683854,1776193406000
1776193407.811,207.811,0.96,145.09,0.95,254.87,0.97,173.22,0.98,445.7,0.03,173.22,0.02,262.0,0.04,195.09,0.05,340.67,0.01,0.01,2319.683854,1776193406000
1776193408.067,208.067,0.96,256.53,0.95,335.67,0.97,173.22,0.98,262.0,0.03,173.22,0.02,445.7,0.04,145.09,0.05,254.87,0.01,0.01,2319.683854,1776193406000
1776193408.714,208.714,0.96,256.53,0.95,335.67,0.97,172.18,0.98,262.0,0.03,173.22,0.02,262.0,0.04,256.53,0.05,335.67,0.01,0.01,2319.760421,1776193407000
1776193409.106,209.106,0.96,256.53,0.95,335.67,0.97,172.18,0.98,262.0,0.03,172.18,0.02,262.0,0.04,256.53,0.05,335.67,0.01,0.01,2319.998338,1776193408000
1776193409.364,209.364,0.96,100.71,0.95,312.67,0.97,172.18,0.98,262.0,0.03,172.18,0.02,262.0,0.04,256.53,0.05,335.67,0.01,0.01,2319.998338,1776193408000
1776193409.686,209.686,0.96,100.71,0.95,312.67,0.97,167.99,0.98,262.0,0.03,172.18,0.02,262.0,0.04,100.71,0.05,312.67,0.01,0.01,2319.998338,1776193408000
1776193410.396,210.396,0.96,100.71,0.95,312.67,0.97,130.92,0.98,262.0,0.03,130.92,0.02,262.0,0.04,100.71,0.05,312.67,0.01,0.01,2319.83463,1776193409000
1776193410.85,210.85,0.96,206.38,0.95,349.67,0.97,105.92,0.98,262.0,0.03,130.92,0.02,262.0,0.04,100.71,0.05,312.67,0.01,0.01,2319.83463,1776193409000
1776193411.068,211.068,0.96,201.38,0.95,349.67,0.97,70.51,0.98,262.0,0.03,95.76,0.02,262.0,0.04,201.38,0.05,349.67,0.01,0.01,2319.829535,1776193410000
1776193411.683,211.683,0.96,404.08,0.95,331.67,0.97,23.78,0.98,257.0,0.03,67.44,0.02,262.0,0.04,222.08,0.05,349.67,0.01,0.01,2319.829535,1776193410000
1776193412.279,212.279,0.96,404.08,0.95,331.67,0.97,23.78,0.98,257.0,0.03,23.78,0.02,257.0,0.04,404.08,0.05,331.67,0.01,0.01,2319.805467,1776193411000
1776193413.383,213.383,0.97,273.0,0.96,503.61,0.98,295.28,0.99,7237.71,0.02,251.0,0.01,7031.71,0.03,11.22,0.04,526.28,0.01,0.01,2319.805467,1776193411000
1776193414.109,214.109,0.97,268.0,0.96,503.61,0.98,265.28,0.99,7237.71,0.02,265.28,0.01,7237.71,0.03,268.0,0.04,503.61,0.01,0.01,2319.956537,1776193413000
1776193414.7,214.7,0.97,385.58,0.96,325.24,0.98,265.28,0.99,7237.71,0.02,265.28,0.01,7237.71,0.03,268.0,0.04,503.61,0.01,0.01,2319.956537,1776193413000
1776193415.324,215.324,0.97,385.58,0.96,325.24,0.98,265.28,0.99,7237.71,0.02,265.28,0.01,7237.71,0.03,385.58,0.04,325.24,0.01,0.01,2320.069869,1776193414000
1776193415.656,215.656,0.97,131.88,0.96,309.74,0.98,265.28,0.99,7031.71,0.02,265.28,0.01,7237.71,0.03,385.58,0.04,325.24,0.01,0.01,2320.069869,1776193414000
1776193415.931,215.931,0.97,176.88,0.96,291.74,0.98,235.28,0.99,7031.71,0.02,265.28,0.01,7031.71,0.03,131.88,0.04,309.74,0.01,0.01,2320.069869,1776193414000
1776193416.423,216.423,0.97,176.88,0.96,291.74,0.98,235.28,0.99,7031.71,0.02,235.28,0.01,7031.71,0.03,176.88,0.04,291.74,0.01,0.01,2320.061194,1776193415000
1776193416.631,216.631,0.97,173.88,0.96,291.74,0.98,205.28,0.99,7031.71,0.02,235.28,0.01,7031.71,0.03,176.88,0.04,291.74,0.01,0.01,2320.061194,1776193415000
1776193417.149,217.149,0.97,173.88,0.96,291.74,0.98,205.28,0.99,7031.71,0.02,205.28,0.01,7031.71,0.03,173.88,0.04,291.74,0.01,0.01,2320.060992,1776193416000
1776193417.932,217.932,0.97,209.97,0.96,198.04,0.98,205.14,0.99,7031.71,0.02,204.25,0.01,7037.71,0.03,161.97,0.04,198.04,0.01,0.01,2320.060992,1776193416000
1776193418.334,218.334,0.97,269.97,0.96,198.04,0.98,200.03,0.99,7431.71,0.02,205.14,0.01,7031.71,0.03,209.97,0.04,198.04,0.01,0.01,2319.9736,1776193417000
1776193418.58,218.58,0.97,231.97,0.96,198.04,0.98,165.03,0.99,7431.71,0.02,170.03,0.01,7431.71,0.03,231.97,0.04,198.04,0.01,0.01,2319.9736,1776193417000
1776193418.864,218.864,0.97,242.28,0.96,198.04,0.98,160.03,0.99,7431.71,0.02,165.03,0.01,7431.71,0.03,231.97,0.04,198.04,0.01,0.01,2319.9736,1776193417000
1776193419.229,219.229,0.97,242.28,0.96,198.04,0.98,160.03,0.99,7431.71,0.02,160.03,0.01,7431.71,0.03,242.28,0.04,198.04,0.01,0.01,2319.87572,1776193418000
1776193420.186,220.186,0.97,258.28,0.96,314.74,0.98,125.03,0.99,7431.71,0.02,130.03,0.01,7431.71,0.03,247.28,0.04,198.04,0.01,0.01,2319.87572,1776193418000
1776193420.486,220.486,0.97,433.98,0.96,350.24,0.98,61.53,0.99,7231.71,0.02,121.03,0.01,7631.71,0.03,263.28,0.04,314.74,0.01,0.01,2319.797337,1776193419000
1776193420.906,220.906,0.97,222.28,0.96,193.04,0.98,81.03,0.99,7031.71,0.02,61.53,0.01,7231.71,0.03,433.98,0.04,350.24,0.01,0.01,2319.797337,1776193419000
1776193421.146,221.146,0.97,217.28,0.96,193.04,0.98,15.51,0.99,7031.71,0.02,87.03,0.01,7031.71,0.03,217.28,0.04,193.04,0.01,0.01,2319.797337,1776193419000
1776193421.578,221.578,0.97,202.2,0.96,198.04,0.98,21.0,0.99,7031.71,0.02,21.0,0.01,7031.71,0.03,204.34,0.04,198.04,0.01,0.01,2319.799703,1776193420000
1776193422.073,222.073,0.97,197.2,0.96,193.04,0.98,19.97,0.99,7031.71,0.02,21.0,0.01,7031.71,0.03,202.2,0.04,198.04,0.01,0.01,2319.799703,1776193420000
1776193422.32,222.32,0.97,197.2,0.96,193.04,0.98,19.97,0.99,7031.71,0.02,19.97,0.01,7031.71,0.03,197.2,0.04,193.04,0.01,0.01,2319.89917,1776193421000
1776193422.681,222.681,0.97,375.81,0.96,198.04,0.99,7227.54,,,0.02,11.0,0.01,7031.71,0.03,200.2,0.04,198.04,0.02,0.01,2319.89917,1776193421000
1776193423.245,223.245,0.97,375.81,0.96,198.04,0.99,7641.51,,,0.01,7227.54,,,0.03,375.81,0.04,198.04,0.02,0.02,2319.89917,1776193421000
1776193423.505,223.505,0.97,373.81,0.96,198.04,0.99,7476.46,,,0.01,7626.46,,,0.03,375.81,0.04,198.04,0.02,0.02,2319.89917,1776193421000
1776193423.727,223.727,0.98,105.0,0.97,203.2,0.99,7434.08,,,0.01,7466.46,,,0.02,132.51,0.03,203.2,0.01,0.01,2319.89917,1776193421000
1776193424.144,224.144,0.98,105.0,0.97,203.2,0.99,7434.08,,,0.01,7434.08,,,0.02,105.0,0.03,203.2,0.01,0.01,2319.650725,1776193422000
1776193424.404,224.404,0.98,105.0,0.97,208.2,0.99,7435.08,,,0.01,7434.08,,,0.02,105.0,0.03,203.2,0.01,0.01,2319.650725,1776193422000
1776193424.607,224.607,0.98,103.0,0.97,208.2,0.99,7439.05,,,0.01,7428.05,,,0.02,105.0,0.03,208.2,0.01,0.01,2319.650725,1776193422000
1776193424.905,224.905,0.98,103.0,0.97,208.2,0.99,7439.05,,,0.01,7439.05,,,0.02,103.0,0.03,208.2,0.01,0.01,2319.544375,1776193423000
1776193425.486,225.486,0.98,103.0,0.97,208.2,0.99,7439.05,,,0.01,7439.05,,,0.02,103.0,0.03,208.2,0.01,0.01,2319.559451,1776193424000
1776193426.169,226.169,0.98,151.0,0.97,208.2,0.99,7439.05,,,0.01,7439.05,,,0.02,103.0,0.03,208.2,0.01,0.01,2319.559451,1776193424000
1776193426.863,226.863,0.98,151.0,0.97,208.2,0.99,7425.39,,,0.01,7439.05,,,0.02,151.0,0.03,208.2,0.01,0.01,2319.537498,1776193425000
1776193427.485,227.485,0.98,149.0,0.97,208.2,0.99,7430.39,,,0.01,7425.39,,,0.02,151.0,0.03,208.2,0.01,0.01,2319.537498,1776193425000
1776193428.15,228.15,0.98,149.0,0.97,208.2,0.99,7410.19,,,0.01,7430.39,,,0.02,149.0,0.03,208.2,0.01,0.01,2319.544667,1776193426000
1776193428.82,228.82,0.98,149.0,0.97,208.2,0.99,7409.17,,,0.01,7410.19,,,0.02,149.0,0.03,208.2,0.01,0.01,2319.536692,1776193427000
1776193429.486,229.486,0.98,154.0,0.97,208.2,0.99,2401.17,,,0.01,7409.17,,,0.02,149.0,0.03,208.2,0.01,0.01,2319.536692,1776193427000
1776193430.136,230.136,0.98,154.0,0.97,208.2,0.99,2397.17,,,0.01,2397.17,,,0.02,154.0,0.03,208.2,0.01,0.01,2319.553232,1776193429000
1776193430.337,230.337,0.98,148.0,0.97,208.2,0.99,2402.17,,,0.01,2397.17,,,0.02,154.0,0.03,208.2,0.01,0.01,2319.553232,1776193429000
1776193431.389,231.389,0.98,148.0,0.97,208.2,0.99,2402.17,,,0.01,2402.17,,,0.02,148.0,0.03,208.2,0.01,0.01,2319.54904,1776193430000
1776193431.99,231.99,0.98,148.0,0.97,208.2,0.99,2402.17,,,0.01,2402.17,,,0.02,148.0,0.03,208.2,0.01,0.01,2319.593153,1776193431000
1776193432.435,232.435,0.98,49.0,0.97,108.2,0.99,2397.17,,,0.01,2402.17,,,0.02,148.0,0.03,208.2,0.01,0.01,2319.593153,1776193431000
1776193433.209,233.209,0.98,49.0,0.97,108.2,0.99,2392.17,,,0.01,2392.17,,,0.02,49.0,0.03,108.2,0.01,0.01,2319.593193,1776193432000
1776193433.566,233.566,0.98,56.24,0.97,108.2,0.99,2392.17,,,0.01,2392.17,,,0.02,49.0,0.03,108.2,0.01,0.01,2319.593193,1776193432000
1776193433.787,233.787,0.98,55.24,0.97,108.2,0.99,2392.17,,,0.01,2392.17,,,0.02,56.24,0.03,108.2,0.01,0.01,2319.593193,1776193432000
1776193434.467,234.467,0.98,55.24,0.97,108.2,0.99,2366.24,,,0.01,2366.24,,,0.02,55.24,0.03,108.2,0.01,0.01,2319.595161,1776193433000
1776193434.739,234.739,0.98,54.24,0.97,231.9,0.99,2366.24,,,0.01,2366.24,,,0.02,55.24,0.03,108.2,0.01,0.01,2319.595161,1776193433000
1776193435.05,235.05,0.98,54.24,0.97,231.9,0.99,2366.24,,,0.01,2366.24,,,0.02,54.24,0.03,231.9,0.01,0.01,2319.593252,1776193434000
1776193435.938,235.938,0.98,57.24,0.97,199.01,0.99,2366.24,,,0.01,2366.24,,,0.02,53.24,0.03,231.9,0.01,0.01,2319.593252,1776193434000
1776193436.291,236.291,0.98,57.24,0.97,199.01,0.99,2366.24,,,0.01,2366.24,,,0.02,57.24,0.03,199.01,0.01,0.01,2319.582685,1776193435000
1776193436.947,236.947,0.98,57.24,0.97,199.01,0.99,2366.24,,,0.01,2366.24,,,0.02,57.24,0.03,199.01,0.01,0.01,2319.584071,1776193436000
1776193437.325,237.325,0.98,76.24,0.97,204.01,0.99,1755.24,,,0.01,2366.24,,,0.02,57.24,0.03,199.01,0.01,0.01,2319.584071,1776193436000
1776193437.573,237.573,0.98,81.24,0.97,199.01,0.99,1758.24,,,0.01,1755.24,,,0.02,76.24,0.03,204.01,0.01,0.01,2319.584071,1776193436000
1776193437.812,237.812,0.98,80.24,0.97,199.01,0.99,1753.24,,,0.01,1758.24,,,0.02,81.24,0.03,199.01,0.01,0.01,2319.584071,1776193436000
1776193438.184,238.184,0.98,80.24,0.97,199.01,0.99,1752.22,,,0.01,1752.22,,,0.02,80.24,0.03,199.01,0.01,0.01,2319.600321,1776193437000
1776193438.815,238.815,0.98,79.24,0.97,199.01,0.99,1757.22,,,0.01,1752.22,,,0.02,80.24,0.03,199.01,0.01,0.01,2319.600321,1776193437000
1776193439.364,239.364,0.98,79.24,0.97,199.01,0.99,1757.22,,,0.01,1757.22,,,0.02,79.24,0.03,199.01,0.01,0.01,2319.613641,1776193438000
1776193440.446,240.446,0.98,74.24,0.97,209.01,0.99,1374.62,,,0.01,1757.22,,,0.02,79.24,0.03,199.01,0.01,0.01,2319.613641,1776193438000
1776193440.666,240.666,0.98,74.24,0.97,198.7,0.99,1364.52,,,0.01,1374.62,,,0.02,74.24,0.03,209.01,0.01,0.01,2319.613641,1776193438000
1776193441.049,241.049,0.98,72.5,0.97,205.91,0.99,1359.52,,,0.01,1359.52,,,0.02,72.5,0.03,210.91,0.01,0.01,2319.618537,1776193439000
1776193441.469,241.469,0.98,72.5,0.97,236.91,0.99,1339.37,,,0.01,1347.4,,,0.02,72.5,0.03,212.91,0.01,0.01,2319.618537,1776193439000
1776193441.748,241.748,0.98,137.68,0.97,236.91,0.99,1332.37,,,0.01,1337.37,,,0.02,72.5,0.03,236.91,0.01,0.01,2319.618587,1776193440000
1776193442.242,242.242,0.98,260.93,0.97,248.91,0.99,1317.27,,,0.01,1332.37,,,0.02,137.68,0.03,236.91,0.01,0.01,2319.618587,1776193440000
1776193442.467,242.467,0.98,260.93,0.97,248.91,0.99,1292.27,,,0.01,1317.27,,,0.02,260.93,0.03,248.91,0.01,0.01,2319.617678,1776193441000
1776193442.843,242.843,0.98,388.54,0.97,248.91,0.99,1179.69,,,0.01,1230.2,,,0.02,383.54,0.03,248.91,0.01,0.01,2319.617678,1776193441000
1776193443.246,243.246,0.98,388.54,0.97,248.91,0.99,1179.69,,,0.01,1179.69,,,0.02,388.54,0.03,248.91,0.01,0.01,2319.615186,1776193442000
1776193443.474,243.474,0.98,352.61,0.97,248.91,0.99,1183.67,,,0.01,1179.69,,,0.02,388.54,0.03,248.91,0.01,0.01,2319.615186,1776193442000
1776193443.712,243.712,0.98,352.61,0.97,248.91,0.99,1168.51,,,0.01,1183.67,,,0.02,352.61,0.03,248.91,0.01,0.01,2319.615186,1776193442000
1776193444.261,244.261,0.99,1361.49,0.98,546.31,,,,,0.01,1168.51,,,0.02,352.61,0.03,248.91,,0.01,2319.615186,1776193442000
1776193444.774,244.774,0.99,1361.49,0.98,546.31,,,,,,,,,0.01,1361.49,0.02,546.31,,,2319.641543,1776193443000
1776193445.029,245.029,0.99,1531.24,0.98,423.7,,,,,,,,,0.01,1361.49,0.02,546.31,,,2319.641543,1776193443000
1776193445.607,245.607,0.99,1530.02,0.98,423.7,,,,,,,,,0.01,1530.02,0.02,423.7,,,2319.640383,1776193444000
1776193446.478,246.478,0.99,1530.02,0.98,423.7,,,,,,,,,0.01,1530.02,0.02,423.7,,,2319.63576,1776193445000
1776193447.162,247.162,0.99,1530.02,0.98,423.7,,,,,,,,,0.01,1530.02,0.02,423.7,,,2319.639478,1776193446000
1776193448.83,248.83,0.99,1530.02,0.98,423.7,,,,,,,,,0.01,1530.02,0.02,423.7,,,2319.625258,1776193447000
1776193449.549,249.549,0.99,1530.02,0.98,423.7,,,,,,,,,0.01,1530.02,0.02,423.7,,,2319.625258,1776193448000
1776193450.4,250.4,0.99,1530.02,0.98,423.7,,,,,,,,,0.01,1530.02,0.02,423.7,,,2319.612051,1776193449000
1776193450.711,250.711,0.99,1452.43,0.98,203.7,,,,,,,,,0.01,1530.02,0.02,423.7,,,2319.612051,1776193449000
1776193450.999,250.999,0.99,1432.43,0.98,203.7,,,,,,,,,0.01,1452.43,0.02,203.7,,,2319.612051,1776193449000
1776193451.231,251.231,0.99,74.49,0.98,20.0,,,,,,,,,0.01,1412.43,0.02,203.7,,,2319.57219,1776193450000
1776193452.85,252.85,0.99,20.0,0.98,4.49,,,,,,,,,0.01,20.0,0.02,4.49,,,2319.569751,1776193451000
1776193453.552,253.552,0.99,20.0,0.98,4.49,,,,,,,,,0.01,20.0,0.02,4.49,,,2319.353519,1776193452000
1776193454.361,254.361,0.99,20.0,0.98,4.49,,,,,,,,,0.01,20.0,0.02,4.49,,,2319.12258,1776193453000
1776193455.182,255.182,0.99,20.0,0.98,4.49,,,,,,,,,0.01,20.0,0.02,4.49,,,2318.997918,1776193454000
1776193456.837,256.837,0.99,20.0,0.98,4.49,,,,,,,,,0.01,20.0,0.02,4.49,,,2318.972136,1776193455000
1776193457.702,257.702,0.99,20.0,0.98,4.49,,,,,,,,,0.01,20.0,0.02,4.49,,,2318.964792,1776193456000
1776193458.273,258.273,0.99,20.0,0.98,4.49,,,,,,,,,0.01,20.0,0.02,4.49,,,2318.973057,1776193457000
1776193459.773,259.773,0.99,20.0,0.98,4.49,,,,,,,,,0.01,20.0,0.02,4.49,,,2319.120606,1776193458000
1776193460.766,260.766,0.99,20.0,0.98,4.49,,,,,,,,,0.01,20.0,0.02,4.49,,,2319.136895,1776193459000
1776193461.325,261.325,0.99,20.0,0.98,4.49,,,,,,,,,0.01,20.0,0.02,4.49,,,2319.132405,1776193460000
1776193462.214,262.214,0.99,5.44,0.98,17.49,,,,,,,,,0.01,20.0,0.02,4.49,,,2319.132405,1776193460000
1776193463.317,263.317,0.99,5.44,0.98,17.49,,,,,,,,,0.01,5.44,0.02,17.49,,,2318.954441,1776193462000
1776193464.348,264.348,0.99,5.44,0.98,17.49,,,,,,,,,0.01,5.44,0.02,17.49,,,2318.894468,1776193463000
1776193464.898,264.898,0.99,5.44,0.98,17.49,,,,,,,,,0.01,5.44,0.02,17.49,,,2318.892286,1776193464000
1776193465.988,265.988,0.99,5.44,0.98,17.49,,,,,,,,,0.01,5.44,0.02,17.49,,,2318.891978,1776193465000
1776193467.009,267.009,0.99,5.44,0.98,17.49,,,,,,,,,0.01,5.44,0.02,17.49,,,2318.957122,1776193466000
1776193468.056,268.056,0.99,5.44,0.98,17.49,,,,,,,,,0.01,5.44,0.02,17.49,,,2319.167245,1776193467000
1776193469.103,269.103,0.99,5.44,0.98,17.49,,,,,,,,,0.01,5.44,0.02,17.49,,,2319.28689,1776193468000
1776193470.203,270.203,0.99,5.44,0.98,17.49,,,,,,,,,0.01,5.44,0.02,17.49,,,2319.280095,1776193469000
1776193471.221,271.221,0.99,5.44,0.98,17.49,,,,,,,,,0.01,5.44,0.02,17.49,,,2319.26713,1776193470000
1776193472.28,272.28,0.99,5.44,0.98,17.49,,,,,,,,,0.01,5.44,0.02,17.49,,,2319.247285,1776193471000
1776193473.424,273.424,0.99,5.44,0.98,17.49,,,,,,,,,0.01,5.44,0.02,17.49,,,2319.282389,1776193472000
1776193474.465,274.465,0.99,5.44,0.98,17.49,,,,,,,,,0.01,5.44,0.02,17.49,,,2319.28018,1776193473000
1776193475.089,275.089,0.99,5.44,0.98,17.49,,,,,,,,,0.01,5.44,0.02,17.49,,,2319.26447,1776193474000
1776193476.489,276.489,0.99,5.44,0.98,17.49,,,,,,,,,0.01,5.44,0.02,17.49,,,2319.457864,1776193475000
1776193477.133,277.133,0.99,5.44,0.98,17.49,,,,,,,,,0.01,5.44,0.02,17.49,,,2319.431495,1776193476000
1776193478.634,278.634,0.99,5.44,0.98,17.49,,,,,,,,,0.01,5.44,0.02,17.49,,,2319.379512,1776193477000
1776193479.327,279.327,0.99,5.44,0.98,17.49,,,,,,,,,0.01,5.44,0.02,17.49,,,2319.358857,1776193478000
1776193480.018,280.018,0.99,5.44,0.98,17.49,,,,,,,,,0.01,5.44,0.02,17.49,,,2319.356738,1776193479000
1776193481.235,281.235,0.99,5.44,0.98,17.49,,,,,,,,,0.01,5.44,0.02,17.49,,,2319.358273,1776193480000
1776193482.742,282.742,0.99,6025.42,0.98,144.49,,,,,,,,,0.01,6025.42,0.02,144.49,,,2319.326334,1776193481000
1776193483.373,283.373,0.99,6025.42,0.98,144.49,,,,,,,,,0.01,6025.42,0.02,144.49,,,2319.326337,1776193482000
1776193484.08,284.08,0.99,6025.42,0.98,144.49,,,,,,,,,0.01,6025.42,0.02,144.49,,,2319.333946,1776193483000
1776193485.334,285.334,0.99,6025.42,0.98,144.49,,,,,,,,,0.01,6025.42,0.02,144.49,,,2319.387,1776193484000
1776193486.039,286.039,0.99,6025.42,0.98,144.49,,,,,,,,,0.01,6025.42,0.02,144.49,,,2319.3843,1776193485000
1776193487.465,287.465,0.99,6025.42,0.98,144.49,,,,,,,,,0.01,6025.42,0.02,144.49,,,2319.364575,1776193486000
1776193487.884,287.884,0.99,7411.7,0.98,123.48,,,,,,,,,0.01,6025.42,0.02,144.49,,,2319.364575,1776193486000
1776193488.106,288.106,0.99,7411.7,0.98,123.48,,,,,,,,,0.01,7411.7,0.02,123.48,,,2319.21265,1776193487000
1776193489.619,289.619,0.99,7411.7,0.98,123.48,,,,,,,,,0.01,7411.7,0.02,123.48,,,2318.918556,1776193488000
1776193490.19,290.19,0.99,7411.7,0.98,123.48,,,,,,,,,0.01,7411.7,0.02,123.48,,,2318.915097,1776193489000
1776193492.078,292.078,0.99,7411.7,0.98,123.48,,,,,,,,,0.01,7411.7,0.02,123.48,,,2318.925933,1776193490000
1776193492.644,292.644,0.99,7411.7,0.98,123.48,,,,,,,,,0.01,7411.7,0.02,123.48,,,2318.901961,1776193491000
1776193493.35,293.35,0.99,7411.7,0.98,123.48,,,,,,,,,0.01,7411.7,0.02,123.48,,,2318.957389,1776193492000
1776193493.896,293.896,0.99,7411.7,0.98,123.48,,,,,,,,,0.01,7411.7,0.02,123.48,,,2319.069098,1776193493000
1776193495.26,295.26,0.99,7411.7,0.98,123.48,,,,,,,,,0.01,7411.7,0.02,123.48,,,2319.147665,1776193494000
1776193496.323,296.323,0.99,7411.7,0.98,123.48,,,,,,,,,0.01,7411.7,0.02,123.48,,,2319.205545,1776193495000
1776193497.336,297.336,0.99,7411.7,0.98,123.48,,,,,,,,,0.01,7411.7,0.02,123.48,,,2319.330755,1776193496000
1776193497.983,297.983,0.99,7411.7,0.98,123.48,,,,,,,,,0.01,7411.7,0.02,123.48,,,2319.3186,1776193497000
1776193499.2,299.2,0.99,7411.7,0.98,123.48,,,,,,,,,0.01,7411.7,0.02,123.48,,,2319.27025,1776193498000
1776193500.284,300.284,0.99,7411.7,0.98,123.48,,,,,,,,,0.01,7411.7,0.02,123.48,,,2319.240028,1776193499000

# RESULT,winner=Up,slug=eth-updown-5m-1776193200,ticks=530
