timestamp,elapsed_sec,up_bid_p1,up_bid_s1,up_bid_p2,up_bid_s2,up_ask_p1,up_ask_s1,up_ask_p2,up_ask_s2,down_bid_p1,down_bid_s1,down_bid_p2,down_bid_s2,down_ask_p1,down_ask_s1,down_ask_p2,down_ask_s2,up_spread,down_spread,eth_price,eth_oracle_ts
1776216311.374,11.374,0.49,10.0,0.48,15.0,0.5,20.0,0.51,51.03,0.5,15.0,0.49,51.03,0.51,10.0,0.52,15.0,0.01,0.01,2335.451687,1776216310000
1776216311.708,11.708,0.49,15.0,0.48,15.0,0.5,26.25,0.51,46.03,0.5,15.0,0.49,51.03,0.51,10.0,0.52,15.0,0.01,0.01,2335.451687,1776216310000
1776216311.962,11.962,0.47,30.0,0.46,5.0,0.48,5.0,0.49,15.0,0.5,31.25,0.49,51.03,0.52,5.0,0.53,20.0,0.01,0.02,2335.451687,1776216310000
1776216312.366,12.366,0.47,30.0,0.46,5.0,0.48,5.0,0.49,15.0,0.52,5.0,0.51,15.0,0.53,30.0,0.54,5.0,0.01,0.01,2335.503324,1776216311000
1776216312.944,12.944,0.46,25.0,0.45,26.0,0.48,10.0,0.49,25.0,0.52,5.0,0.51,15.0,0.53,30.0,0.54,5.0,0.02,0.01,2335.503324,1776216311000
1776216313.436,13.436,0.46,25.0,0.45,26.0,0.48,10.0,0.49,25.0,0.52,10.0,0.51,25.0,0.54,25.0,0.55,26.0,0.02,0.02,2335.449465,1776216312000
1776216314.029,14.029,0.46,25.0,0.45,26.0,0.48,10.0,0.49,25.0,0.52,10.0,0.51,25.0,0.54,25.0,0.55,26.0,0.02,0.02,2335.443897,1776216313000
1776216316.026,16.026,0.45,4.54,0.44,5.0,0.46,50.0,0.47,45.0,0.52,10.0,0.51,25.0,0.54,25.0,0.55,26.0,0.01,0.02,2335.443897,1776216313000
1776216316.954,16.954,0.43,83.0,0.42,24.0,0.44,15.0,0.45,20.46,0.56,15.0,0.55,20.46,0.57,83.0,0.58,24.0,0.01,0.01,2335.393666,1776216316000
1776216317.258,17.258,0.43,98.0,0.42,44.0,0.44,17.72,0.45,20.46,0.56,15.0,0.55,20.46,0.57,83.0,0.58,24.0,0.01,0.01,2335.393666,1776216316000
1776216317.987,17.987,0.43,93.0,0.42,44.0,0.44,22.72,0.45,20.46,0.56,17.72,0.55,20.46,0.57,98.0,0.58,44.0,0.01,0.01,2335.393666,1776216316000
1776216318.555,18.555,0.43,85.52,0.42,51.0,0.44,17.72,0.45,20.46,0.56,22.72,0.55,20.46,0.57,93.0,0.58,44.0,0.01,0.01,2335.382786,1776216317000
1776216318.965,18.965,0.43,85.52,0.42,51.0,0.44,17.72,0.45,20.46,0.56,17.72,0.55,20.46,0.57,85.52,0.58,51.0,0.01,0.01,2335.289728,1776216318000
1776216319.173,19.173,0.43,80.24,0.42,41.0,0.44,17.72,0.45,20.46,0.56,17.72,0.55,20.46,0.57,77.0,0.58,41.0,0.01,0.01,2335.289728,1776216318000
1776216319.551,19.551,0.43,85.24,0.42,41.0,0.44,10.28,0.45,20.46,0.56,17.72,0.55,20.46,0.57,85.24,0.58,41.0,0.01,0.01,2335.289728,1776216318000
1776216320.075,20.075,0.43,50.24,0.42,41.0,0.44,15.28,0.45,20.46,0.56,10.28,0.55,20.46,0.57,85.24,0.58,41.0,0.01,0.01,2335.289728,1776216318000
1776216320.832,20.832,0.43,46.24,0.42,36.0,0.44,15.28,0.45,20.46,0.56,15.28,0.55,20.46,0.57,50.24,0.58,41.0,0.01,0.01,2335.282648,1776216319000
1776216321.048,21.048,0.43,39.48,0.42,36.0,0.44,10.28,0.45,20.46,0.56,15.28,0.55,20.46,0.57,46.24,0.58,36.0,0.01,0.01,2335.282648,1776216319000
1776216321.707,21.707,0.43,50.48,0.42,29.0,0.44,4.0,0.45,20.46,0.56,8.0,0.55,20.46,0.57,40.48,0.58,29.0,0.01,0.01,2335.278022,1776216320000
1776216322.141,22.141,0.43,44.95,0.42,39.0,0.44,4.0,0.45,20.46,0.56,4.0,0.55,20.46,0.57,44.95,0.58,39.0,0.01,0.01,2335.227214,1776216321000
1776216322.684,22.684,0.43,43.95,0.42,46.0,0.45,18.46,0.46,40.0,0.56,1.0,0.55,20.46,0.57,38.95,0.58,46.0,0.02,0.01,2335.227214,1776216321000
1776216323.11,23.11,0.43,43.95,0.42,46.0,0.45,18.46,0.46,40.0,0.55,18.46,0.54,40.0,0.57,43.95,0.58,46.0,0.02,0.02,2335.21025,1776216322000
1776216324.19,24.19,0.43,43.95,0.42,46.0,0.45,18.46,0.46,40.0,0.55,18.46,0.54,40.0,0.57,43.95,0.58,46.0,0.02,0.02,2335.205187,1776216323000
1776216324.957,24.957,0.44,7.91,0.43,30.7,0.45,53.46,0.46,45.0,0.55,53.46,0.54,45.0,0.56,12.73,0.57,30.7,0.01,0.01,2335.205187,1776216323000
1776216325.955,25.955,0.42,25.52,0.41,20.0,0.43,60.0,0.44,45.0,0.55,53.46,0.54,45.0,0.56,7.91,0.57,30.7,0.01,0.01,2335.202637,1776216324000
1776216327.051,27.051,0.42,20.26,0.41,25.0,0.43,80.0,0.44,40.0,0.57,60.0,0.56,45.0,0.58,25.52,0.59,20.0,0.01,0.01,2335.198294,1776216325000
1776216328.213,28.213,0.42,20.26,0.41,25.0,0.43,80.0,0.44,40.0,0.57,80.0,0.56,40.0,0.58,20.26,0.59,25.0,0.01,0.01,2335.084215,1776216327000
1776216328.627,28.627,0.42,18.53,0.41,25.0,0.43,78.34,0.44,110.0,0.57,85.0,0.56,110.0,0.58,18.53,0.59,30.0,0.01,0.01,2335.084215,1776216327000
1776216329.306,29.306,0.42,18.53,0.41,25.0,0.43,78.34,0.44,110.0,0.57,78.34,0.56,110.0,0.58,18.53,0.59,25.0,0.01,0.01,2335.065403,1776216328000
1776216329.67,29.67,0.42,16.61,0.41,10.0,0.43,78.34,0.44,110.0,0.57,78.34,0.56,110.0,0.58,21.61,0.59,10.0,0.01,0.01,2335.065403,1776216328000
1776216330.185,30.185,0.42,16.61,0.41,10.0,0.43,78.34,0.44,110.0,0.57,78.34,0.56,110.0,0.58,16.61,0.59,10.0,0.01,0.01,2335.07172,1776216329000
1776216331.238,31.238,0.4,31.33,0.39,10.0,0.43,109.0,0.44,110.0,0.57,78.34,0.56,110.0,0.58,16.61,0.59,10.0,0.03,0.01,2335.07172,1776216329000
1776216331.526,31.526,0.4,46.33,0.39,24.0,0.41,28.75,0.42,10.0,0.59,28.75,0.58,10.0,0.6,46.33,0.61,24.0,0.01,0.01,2335.08293,1776216330000
1776216332.123,32.123,0.4,46.33,0.39,24.0,0.41,28.75,0.42,10.0,0.59,28.75,0.58,10.0,0.6,46.33,0.61,24.0,0.01,0.01,2335.083013,1776216331000
1776216332.368,32.368,0.4,112.33,0.39,42.0,0.45,32.0,0.46,5.0,0.59,28.75,0.58,10.0,0.6,46.33,0.61,24.0,0.05,0.01,2335.083013,1776216331000
1776216333.228,33.228,0.4,112.33,0.39,42.0,0.45,32.0,0.46,5.0,0.55,32.0,0.54,5.0,0.6,112.33,0.61,42.0,0.05,0.05,2335.076888,1776216332000
1776216333.47,33.47,0.44,97.79,0.43,49.0,0.45,47.0,0.46,15.0,0.55,32.0,0.54,5.0,0.6,112.33,0.61,42.0,0.01,0.05,2335.076888,1776216332000
1776216334.39,34.39,0.44,97.79,0.43,49.0,0.45,47.0,0.46,15.0,0.55,47.0,0.54,15.0,0.56,97.79,0.57,49.0,0.01,0.01,2335.224407,1776216333000
1776216334.997,34.997,0.44,97.79,0.43,49.0,0.45,47.0,0.46,15.0,0.55,47.0,0.54,15.0,0.56,97.79,0.57,49.0,0.01,0.01,2335.264003,1776216334000
1776216336.091,36.091,0.44,97.79,0.43,49.0,0.45,47.0,0.46,15.0,0.55,47.0,0.54,15.0,0.56,97.79,0.57,49.0,0.01,0.01,2335.244307,1776216335000
1776216337.288,37.288,0.44,97.79,0.43,49.0,0.45,47.0,0.46,15.0,0.55,47.0,0.54,15.0,0.56,97.79,0.57,49.0,0.01,0.01,2335.244064,1776216336000
1776216338.421,38.421,0.44,97.79,0.43,49.0,0.45,47.0,0.46,15.0,0.55,47.0,0.54,15.0,0.56,97.79,0.57,49.0,0.01,0.01,2335.244261,1776216337000
1776216339.011,39.011,0.44,97.79,0.43,49.0,0.45,47.0,0.46,15.0,0.55,47.0,0.54,15.0,0.56,97.79,0.57,49.0,0.01,0.01,2335.244261,1776216338000
1776216340.005,40.005,0.44,97.79,0.43,49.0,0.45,47.0,0.46,15.0,0.55,47.0,0.54,15.0,0.56,97.79,0.57,49.0,0.01,0.01,2335.24963,1776216339000
1776216341.245,41.245,0.44,97.79,0.43,49.0,0.45,47.0,0.46,15.0,0.55,47.0,0.54,15.0,0.56,97.79,0.57,49.0,0.01,0.01,2335.250059,1776216340000
1776216342.411,42.411,0.44,97.79,0.43,49.0,0.45,47.0,0.46,15.0,0.55,47.0,0.54,15.0,0.56,97.79,0.57,49.0,0.01,0.01,2335.253758,1776216341000
1776216343.008,43.008,0.44,97.79,0.43,49.0,0.45,47.0,0.46,15.0,0.55,47.0,0.54,15.0,0.56,97.79,0.57,49.0,0.01,0.01,2335.253871,1776216342000
1776216344.168,44.168,0.44,97.79,0.43,49.0,0.45,47.0,0.46,15.0,0.55,47.0,0.54,15.0,0.56,97.79,0.57,49.0,0.01,0.01,2335.244806,1776216343000
1776216344.371,44.371,0.44,241.72,0.43,49.0,0.45,17.0,0.5,10.0,0.55,47.0,0.54,15.0,0.56,97.79,0.57,49.0,0.01,0.01,2335.244806,1776216343000
1776216344.665,44.665,0.5,147.0,0.49,91.0,0.51,59.08,0.52,121.14,0.49,58.01,0.48,126.14,0.56,236.72,0.57,49.0,0.01,0.07,2335.244806,1776216343000
1776216344.962,44.962,0.51,70.0,0.5,86.0,0.52,111.14,0.53,10.0,0.48,121.14,0.47,10.0,0.5,147.0,0.51,91.0,0.01,0.02,2335.244806,1776216343000
1776216345.279,45.279,0.51,175.72,0.5,94.0,0.52,95.4,0.53,5.0,0.48,106.14,0.47,10.0,0.49,75.0,0.5,86.0,0.01,0.01,2335.244806,1776216343000
1776216345.499,45.499,0.51,185.72,0.5,94.0,0.52,2.4,0.54,5.0,0.48,95.4,0.47,5.0,0.49,175.72,0.5,94.0,0.01,0.01,2335.251206,1776216344000
1776216346.067,46.067,0.51,284.72,0.5,99.0,0.56,4.9,0.58,5.0,0.48,2.4,0.46,5.0,0.49,185.72,0.5,94.0,0.05,0.01,2335.251206,1776216344000
1776216346.425,46.425,0.55,96.07,0.54,33.0,0.56,9.9,0.57,10.0,0.44,4.9,0.42,5.0,0.49,284.72,0.5,99.0,0.01,0.05,2335.320095,1776216345000
1776216346.788,46.788,0.55,61.72,0.54,32.0,0.58,2.58,0.59,31.99,0.44,5.0,0.43,10.0,0.45,68.95,0.46,27.0,0.03,0.01,2335.320095,1776216345000
1776216347.242,47.242,0.55,61.72,0.54,32.0,0.59,31.17,0.6,27.0,0.41,31.17,0.4,27.0,0.45,61.72,0.46,32.0,0.04,0.04,2335.761804,1776216346000
1776216348.143,48.143,0.54,5.58,0.53,10.0,0.55,50.0,0.56,56.99,0.41,31.17,0.4,27.0,0.45,61.72,0.46,32.0,0.01,0.04,2335.761804,1776216346000
1776216348.382,48.382,0.54,5.58,0.53,10.0,0.55,50.0,0.56,56.99,0.45,50.0,0.44,56.99,0.46,5.58,0.47,10.0,0.01,0.01,2335.93938,1776216347000
1776216348.952,48.952,0.54,5.58,0.53,10.0,0.55,50.0,0.56,56.99,0.45,50.0,0.44,56.99,0.46,5.58,0.47,10.0,0.01,0.01,2335.944303,1776216348000
1776216349.321,49.321,0.54,5.58,0.53,15.0,0.55,25.0,0.56,41.99,0.45,50.0,0.44,56.99,0.46,5.58,0.47,10.0,0.01,0.01,2335.944303,1776216348000
1776216350.238,50.238,0.54,5.58,0.53,15.0,0.55,25.0,0.56,41.99,0.45,25.0,0.44,41.99,0.46,5.58,0.47,15.0,0.01,0.01,2335.86056,1776216349000
1776216350.765,50.765,0.55,26.82,0.54,15.58,0.56,15.98,0.57,85.0,0.44,5.98,0.43,80.0,0.46,39.58,0.47,25.72,0.01,0.02,2335.86056,1776216349000
1776216351.39,51.39,0.55,26.82,0.54,15.58,0.56,15.98,0.57,85.0,0.44,15.98,0.43,85.0,0.45,26.82,0.46,15.58,0.01,0.01,2335.818625,1776216350000
1776216351.778,51.778,0.56,24.43,0.55,20.0,0.57,95.0,0.58,64.99,0.44,5.98,0.43,85.0,0.45,31.82,0.46,20.58,0.01,0.01,2335.818625,1776216350000
1776216353.041,53.041,0.56,24.43,0.55,20.0,0.57,84.73,0.58,64.99,0.43,84.73,0.42,64.99,0.44,24.43,0.45,20.0,0.01,0.01,2335.868891,1776216352000
1776216353.365,53.365,0.56,19.31,0.55,15.0,0.57,94.73,0.58,66.49,0.43,84.73,0.42,64.99,0.44,24.43,0.45,20.0,0.01,0.01,2335.868891,1776216352000
1776216353.689,53.689,0.56,19.19,0.55,15.0,0.57,89.73,0.58,74.99,0.43,94.73,0.42,66.49,0.44,19.31,0.45,15.0,0.01,0.01,2335.868891,1776216352000
1776216354.22,54.22,0.52,10.0,0.51,10.0,0.57,160.72,0.58,67.49,0.43,89.73,0.42,74.99,0.44,19.19,0.45,15.0,0.05,0.01,2335.868891,1776216352000
1776216354.545,54.545,0.52,2.7,0.51,15.0,0.53,50.0,0.54,25.49,0.43,160.72,0.42,67.49,0.48,10.0,0.49,10.0,0.01,0.05,2335.869036,1776216353000
1776216354.884,54.884,0.52,2.7,0.51,15.0,0.53,50.0,0.54,25.49,0.47,50.0,0.46,25.49,0.48,2.7,0.49,15.0,0.01,0.01,2335.869724,1776216354000
1776216355.306,55.306,0.52,2.7,0.51,15.0,0.53,68.0,0.54,30.49,0.47,50.0,0.46,25.49,0.48,2.7,0.49,15.0,0.01,0.01,2335.869724,1776216354000
1776216355.947,55.947,0.51,5.0,0.5,45.0,0.53,63.99,0.54,30.49,0.47,68.0,0.46,30.49,0.48,2.7,0.49,15.0,0.02,0.01,2335.869724,1776216354000
1776216357.132,57.132,0.48,101.96,0.47,33.0,0.51,15.0,0.52,27.0,0.49,15.0,0.48,27.0,0.52,101.96,0.53,33.0,0.03,0.03,2335.780629,1776216356000
1776216358.387,58.387,0.49,15.0,0.48,103.96,0.5,10.0,0.51,40.0,0.5,10.0,0.49,40.0,0.51,15.0,0.52,103.96,0.01,0.01,2335.725228,1776216357000
1776216358.95,58.95,0.49,15.0,0.48,103.96,0.5,10.0,0.51,40.0,0.5,10.0,0.49,40.0,0.51,15.0,0.52,103.96,0.01,0.01,2335.692825,1776216358000
1776216359.488,59.488,0.49,30.0,0.48,98.96,0.5,2.0,0.51,40.0,0.5,10.0,0.49,40.0,0.51,15.0,0.52,103.96,0.01,0.01,2335.692825,1776216358000
1776216360.593,60.593,0.49,30.0,0.48,98.96,0.5,2.0,0.51,40.0,0.5,2.0,0.49,40.0,0.51,30.0,0.52,98.96,0.01,0.01,2335.693682,1776216359000
1776216361.009,61.009,0.5,109.0,0.49,30.0,0.55,25.5,0.56,78.0,0.5,2.0,0.49,40.0,0.51,30.0,0.52,98.96,0.05,0.01,2335.693682,1776216359000
1776216361.464,61.464,0.55,79.2,0.54,38.0,0.56,3.67,0.57,85.0,0.44,12.17,0.43,85.0,0.45,54.0,0.46,38.0,0.01,0.01,2335.689528,1776216360000
1776216362.097,62.097,0.56,10.0,0.55,63.2,0.57,5.0,0.59,70.0,0.44,3.67,0.43,85.0,0.45,79.2,0.46,38.0,0.01,0.01,2335.689528,1776216360000
1776216362.865,62.865,0.55,59.0,0.54,30.0,0.57,9.91,0.58,85.0,0.43,5.0,0.41,70.0,0.44,10.0,0.45,63.2,0.02,0.01,2335.700166,1776216361000
1776216363.273,63.273,0.55,59.0,0.54,30.0,0.57,9.91,0.58,85.0,0.43,9.91,0.42,85.0,0.45,59.0,0.46,30.0,0.02,0.02,2335.78342,1776216362000
1776216363.587,63.587,0.57,4.88,0.56,20.0,0.58,100.0,0.59,95.0,0.43,9.91,0.42,85.0,0.45,59.0,0.46,30.0,0.01,0.02,2335.78342,1776216362000
1776216364.296,64.296,0.57,4.88,0.56,25.0,0.58,94.91,0.59,95.0,0.42,94.91,0.41,95.0,0.43,4.88,0.44,25.0,0.01,0.01,2335.937581,1776216363000
1776216364.928,64.928,0.57,4.88,0.56,25.0,0.58,94.91,0.59,95.0,0.42,94.91,0.41,95.0,0.43,4.88,0.44,25.0,0.01,0.01,2335.937581,1776216364000
1776216365.582,65.582,0.57,107.88,0.56,31.0,0.6,15.0,0.61,7.0,0.42,94.91,0.41,95.0,0.43,4.88,0.44,25.0,0.03,0.01,2335.937581,1776216364000
1776216365.876,65.876,0.59,123.0,0.58,20.0,0.6,21.84,0.61,12.0,0.4,15.0,0.39,7.0,0.43,107.88,0.44,31.0,0.01,0.03,2335.937581,1776216364000
1776216366.411,66.411,0.59,123.0,0.58,31.0,0.63,44.86,0.64,78.0,0.4,21.84,0.39,12.0,0.41,123.0,0.42,20.0,0.04,0.01,2335.971998,1776216365000
1776216366.821,66.821,0.62,72.0,0.61,24.0,0.63,59.86,0.64,96.99,0.37,44.86,0.36,78.0,0.41,123.0,0.42,31.0,0.01,0.04,2335.971998,1776216365000
1776216367.119,67.119,0.62,72.0,0.61,24.0,0.63,59.86,0.64,96.99,0.37,59.86,0.36,96.99,0.38,72.0,0.39,24.0,0.01,0.01,2336.001475,1776216366000
1776216367.603,67.603,0.62,77.0,0.61,29.0,0.63,78.01,0.64,96.99,0.37,59.86,0.36,96.99,0.38,72.0,0.39,24.0,0.01,0.01,2336.001475,1776216366000
1776216368.282,68.282,0.62,77.0,0.61,29.0,0.63,78.01,0.64,96.99,0.37,78.01,0.36,96.99,0.38,77.0,0.39,29.0,0.01,0.01,2336.088313,1776216367000
1776216368.55,68.55,0.62,80.06,0.61,29.0,0.63,83.01,0.64,96.99,0.37,78.01,0.36,96.99,0.38,77.0,0.39,29.0,0.01,0.01,2336.088313,1776216367000
1776216369.332,69.332,0.62,72.42,0.61,29.0,0.63,68.01,0.64,96.99,0.37,68.01,0.36,96.99,0.38,72.42,0.39,29.0,0.01,0.01,2336.096151,1776216368000
1776216369.96,69.96,0.62,72.42,0.61,29.0,0.63,68.01,0.64,96.99,0.37,68.01,0.36,96.99,0.38,72.42,0.39,29.0,0.01,0.01,2336.096496,1776216369000
1776216370.987,70.987,0.62,72.42,0.61,29.0,0.63,68.01,0.64,96.99,0.37,68.01,0.36,96.99,0.38,72.42,0.39,29.0,0.01,0.01,2336.0984,1776216370000
1776216372.123,72.123,0.62,72.42,0.61,29.0,0.63,68.01,0.64,96.99,0.37,68.01,0.36,96.99,0.38,72.42,0.39,29.0,0.01,0.01,2336.082445,1776216371000
1776216373.176,73.176,0.62,72.42,0.61,29.0,0.63,68.01,0.64,96.99,0.37,68.01,0.36,96.99,0.38,72.42,0.39,29.0,0.01,0.01,2336.086871,1776216372000
1776216374.778,74.778,0.62,72.42,0.61,29.0,0.63,68.01,0.64,96.99,0.37,68.01,0.36,96.99,0.38,72.42,0.39,29.0,0.01,0.01,2336.083093,1776216373000
1776216375.041,75.041,0.62,127.06,0.61,24.0,0.63,59.0,0.64,98.49,0.37,68.01,0.36,96.99,0.38,72.42,0.39,29.0,0.01,0.01,2336.083093,1776216373000
1776216375.551,75.551,0.62,127.06,0.61,24.0,0.63,59.0,0.64,98.49,0.37,59.0,0.36,98.49,0.38,127.06,0.39,24.0,0.01,0.01,2336.19662,1776216374000
1776216375.951,75.951,0.62,137.06,0.61,29.0,0.63,43.0,0.64,88.49,0.37,59.0,0.36,98.49,0.38,127.06,0.39,24.0,0.01,0.01,2336.19662,1776216374000
1776216376.761,76.761,0.62,137.06,0.61,29.0,0.63,43.0,0.64,88.49,0.37,43.0,0.36,88.49,0.38,137.06,0.39,29.0,0.01,0.01,2336.214623,1776216375000
1776216377.394,77.394,0.62,132.06,0.61,29.0,0.63,17.42,0.64,83.5,0.37,17.42,0.36,83.5,0.38,132.06,0.39,29.0,0.01,0.01,2336.220073,1776216376000
1776216377.655,77.655,0.62,101.06,0.61,29.0,0.63,20.22,0.64,80.0,0.37,17.42,0.36,83.5,0.38,132.06,0.39,29.0,0.01,0.01,2336.220073,1776216376000
1776216377.991,77.991,0.62,99.06,0.61,34.0,0.63,13.02,0.64,80.0,0.37,13.02,0.36,80.0,0.38,101.06,0.39,29.0,0.01,0.01,2336.220073,1776216376000
1776216379.099,79.099,0.62,140.06,0.61,29.0,0.64,41.01,0.65,96.99,0.37,13.02,0.36,80.0,0.38,99.06,0.39,34.0,0.02,0.01,2336.202855,1776216377000
1776216379.485,79.485,0.62,140.06,0.61,29.0,0.64,41.01,0.65,96.99,0.36,41.01,0.35,96.99,0.38,140.06,0.39,29.0,0.02,0.02,2336.157665,1776216378000
1776216380.193,80.193,0.63,101.24,0.62,80.06,0.64,41.01,0.65,96.99,0.36,41.01,0.35,96.99,0.37,101.24,0.38,80.06,0.01,0.01,2336.156616,1776216379000
1776216380.481,80.481,0.69,26.24,0.68,12.35,0.7,28.81,0.71,65.0,0.3,3.17,0.29,10.0,0.31,6.0,0.34,83.0,0.01,0.01,2336.156616,1776216379000
1776216380.883,80.883,0.66,40.0,0.65,15.0,0.68,122.98,0.69,88.5,0.32,84.37,0.31,88.5,0.34,35.0,0.35,10.0,0.02,0.02,2336.156616,1776216379000
1776216381.147,81.147,0.62,18.06,0.59,26.0,0.63,14.94,0.64,10.0,0.32,122.98,0.31,88.5,0.34,21.61,0.35,15.0,0.01,0.02,2336.156616,1776216379000
1776216381.389,81.389,0.59,20.0,0.58,57.67,0.61,73.44,0.62,10.0,0.39,54.94,0.37,16.43,0.4,10.0,0.41,20.0,0.02,0.01,2336.156616,1776216379000
1776216381.792,81.792,0.6,18.0,0.59,10.0,0.61,48.94,0.62,10.0,0.39,73.44,0.38,10.0,0.41,20.0,0.42,57.67,0.01,0.02,2336.192805,1776216380000
1776216382.085,82.085,0.6,18.0,0.59,10.0,0.61,48.94,0.62,10.0,0.39,48.94,0.38,10.0,0.4,18.0,0.41,10.0,0.01,0.01,2336.322241,1776216381000
1776216383.219,83.219,0.6,10.0,0.59,25.0,0.61,95.79,0.62,35.0,0.39,48.94,0.38,10.0,0.4,18.0,0.41,10.0,0.01,0.01,2336.322241,1776216381000
1776216383.641,83.641,0.6,10.0,0.59,15.0,0.61,98.59,0.62,35.0,0.39,95.79,0.38,35.0,0.4,10.0,0.41,25.0,0.01,0.01,2336.223825,1776216382000
1776216384.095,84.095,0.6,10.0,0.59,15.0,0.61,96.39,0.62,35.0,0.39,96.39,0.38,35.0,0.4,10.0,0.41,15.0,0.01,0.01,2336.093492,1776216383000
1776216384.385,84.385,0.58,7.67,0.56,18.98,0.59,263.98,0.6,33.49,0.39,96.39,0.38,35.0,0.4,10.0,0.41,15.0,0.01,0.01,2336.093492,1776216383000
1776216384.96,84.96,0.5,6.0,0.47,10.0,0.53,64.97,0.54,65.91,0.46,45.42,0.43,45.0,0.48,16.0,0.51,15.0,0.03,0.02,2336.093492,1776216383000
1776216385.414,85.414,0.5,9.0,0.49,7.0,0.52,8.5,0.53,54.98,0.48,8.5,0.47,54.98,0.5,9.0,0.51,7.0,0.02,0.02,2336.02712,1776216384000
1776216386.045,86.045,0.5,9.0,0.49,7.0,0.52,8.5,0.53,54.98,0.48,8.5,0.47,54.98,0.5,9.0,0.51,7.0,0.02,0.02,2335.960149,1776216385000
1776216386.659,86.659,0.5,18.0,0.48,7.0,0.51,47.5,0.52,28.0,0.49,22.5,0.48,23.0,0.5,37.0,0.51,17.0,0.01,0.01,2335.960149,1776216385000
1776216387.477,87.477,0.5,18.0,0.48,7.0,0.51,47.5,0.52,28.0,0.49,47.5,0.48,28.0,0.5,18.0,0.52,7.0,0.01,0.01,2335.569958,1776216386000
1776216388.197,88.197,0.5,13.0,0.49,5.0,0.51,33.0,0.52,15.0,0.49,33.0,0.48,15.0,0.5,13.0,0.51,5.0,0.01,0.01,2335.48027,1776216387000
1776216388.608,88.608,0.5,3.0,0.49,5.0,0.51,39.0,0.52,15.0,0.49,33.0,0.48,15.0,0.5,13.0,0.51,5.0,0.01,0.01,2335.48027,1776216387000
1776216389.576,89.576,0.5,3.0,0.49,5.0,0.51,39.0,0.52,15.0,0.49,39.0,0.48,15.0,0.5,3.0,0.51,5.0,0.01,0.01,2335.492413,1776216388000
1776216390.134,90.134,0.49,2.74,0.48,12.0,0.51,44.0,0.52,25.0,0.49,39.0,0.48,15.0,0.5,3.0,0.51,5.0,0.02,0.01,2335.492413,1776216388000
1776216390.357,90.357,0.49,2.74,0.48,12.0,0.51,44.0,0.52,25.0,0.49,44.0,0.48,25.0,0.51,2.74,0.52,12.0,0.02,0.02,2335.525469,1776216389000
1776216390.739,90.739,0.48,21.76,0.47,28.0,0.49,15.0,0.5,20.0,0.49,44.0,0.48,25.0,0.51,2.74,0.52,12.0,0.01,0.02,2335.525469,1776216389000
1776216391.001,91.001,0.48,21.76,0.47,28.0,0.49,15.0,0.5,20.0,0.51,15.0,0.5,20.0,0.52,21.76,0.53,28.0,0.01,0.01,2335.625565,1776216390000
1776216392.778,92.778,0.48,28.76,0.47,30.0,0.49,17.95,0.5,20.0,0.51,15.0,0.5,20.0,0.52,21.76,0.53,28.0,0.01,0.01,2335.625565,1776216390000
1776216399.889,99.889,0.48,28.76,0.47,30.0,0.49,17.95,0.5,20.0,0.51,17.95,0.5,20.0,0.52,28.76,0.53,30.0,0.01,0.01,2335.436745,1776216398000
1776216400.249,100.249,0.48,28.76,0.47,30.0,0.49,17.95,0.5,20.0,0.51,17.95,0.5,20.0,0.52,28.76,0.53,30.0,0.01,0.01,2335.474676,1776216399000
1776216401.317,101.317,0.48,28.76,0.47,30.0,0.49,17.95,0.5,20.0,0.51,17.95,0.5,20.0,0.52,28.76,0.53,30.0,0.01,0.01,2335.484308,1776216400000
1776216402.254,102.254,0.48,28.76,0.47,30.0,0.49,17.95,0.5,20.0,0.51,17.95,0.5,20.0,0.52,28.76,0.53,30.0,0.01,0.01,2335.58646,1776216401000
1776216403.307,103.307,0.48,28.76,0.47,30.0,0.49,17.95,0.5,20.0,0.51,17.95,0.5,20.0,0.52,28.76,0.53,30.0,0.01,0.01,2335.444449,1776216402000
1776216403.58,103.58,0.53,110.0,0.52,30.0,0.54,42.62,0.56,9.09,0.51,17.95,0.5,20.0,0.52,28.76,0.53,30.0,0.01,0.01,2335.444449,1776216402000
1776216404.358,104.358,0.53,55.0,0.52,5.0,0.55,10.0,0.56,19.09,0.45,10.0,0.44,19.09,0.47,55.0,0.48,5.0,0.02,0.02,2335.570582,1776216403000
1776216404.902,104.902,0.53,55.0,0.52,5.0,0.55,10.0,0.56,19.09,0.45,10.0,0.44,19.09,0.47,55.0,0.48,5.0,0.02,0.02,2335.574562,1776216404000
1776216405.829,105.829,0.48,10.0,0.47,55.52,0.49,20.0,0.5,25.0,0.45,10.0,0.44,19.09,0.47,55.0,0.48,5.0,0.01,0.02,2335.574562,1776216404000
1776216406.043,106.043,0.48,10.0,0.47,55.52,0.49,20.0,0.5,25.0,0.51,20.0,0.5,25.0,0.52,10.0,0.53,55.52,0.01,0.01,2335.604017,1776216405000
1776216406.619,106.619,0.48,37.0,0.47,60.52,0.49,14.0,0.5,25.0,0.51,20.0,0.5,25.0,0.52,10.0,0.53,55.52,0.01,0.01,2335.604017,1776216405000
1776216407.081,107.081,0.48,37.0,0.47,60.52,0.49,16.95,0.5,25.0,0.51,14.0,0.5,25.0,0.52,37.0,0.53,60.52,0.01,0.01,2335.604017,1776216405000
1776216407.415,107.415,0.48,37.0,0.47,60.52,0.49,16.95,0.5,25.0,0.51,16.95,0.5,25.0,0.52,37.0,0.53,60.52,0.01,0.01,2335.493739,1776216406000
1776216407.982,107.982,0.48,37.0,0.47,60.52,0.49,16.95,0.5,25.0,0.51,16.95,0.5,25.0,0.52,37.0,0.53,60.52,0.01,0.01,2335.488857,1776216407000
1776216409.268,109.268,0.48,37.0,0.47,60.52,0.49,16.95,0.5,25.0,0.51,16.95,0.5,25.0,0.52,37.0,0.53,60.52,0.01,0.01,2335.463737,1776216408000
1776216410.319,110.319,0.48,37.0,0.47,60.52,0.49,16.95,0.5,25.0,0.51,16.95,0.5,25.0,0.52,37.0,0.53,60.52,0.01,0.01,2335.462258,1776216409000
1776216410.857,110.857,0.48,37.0,0.47,60.52,0.49,16.95,0.5,25.0,0.51,16.95,0.5,25.0,0.52,37.0,0.53,60.52,0.01,0.01,2335.461961,1776216410000
1776216412.021,112.021,0.48,37.0,0.47,60.52,0.49,16.95,0.5,25.0,0.51,16.95,0.5,25.0,0.52,37.0,0.53,60.52,0.01,0.01,2335.461559,1776216411000
1776216412.389,112.389,0.54,79.0,0.53,28.0,0.55,15.0,0.56,5.0,0.5,10.0,0.47,15.0,0.53,73.72,0.54,98.0,0.01,0.03,2335.461559,1776216411000
1776216413.03,113.03,0.54,79.0,0.53,28.0,0.55,15.0,0.56,5.0,0.45,15.0,0.44,5.0,0.46,79.0,0.47,28.0,0.01,0.01,2335.469209,1776216412000
1776216413.504,113.504,0.56,69.0,0.55,29.0,0.57,15.0,0.58,10.0,0.45,15.0,0.44,5.0,0.46,79.0,0.47,28.0,0.01,0.01,2335.469209,1776216412000
1776216413.95,113.95,0.56,69.0,0.55,34.0,0.57,8.0,0.59,75.0,0.43,15.0,0.42,10.0,0.44,69.0,0.45,29.0,0.01,0.01,2335.469209,1776216412000
1776216414.187,114.187,0.56,69.0,0.55,34.0,0.57,1.17,0.59,75.0,0.43,1.17,0.41,75.0,0.44,69.0,0.45,34.0,0.01,0.01,2335.592455,1776216413000
1776216415.001,115.001,0.58,36.0,0.57,29.0,0.59,95.0,0.6,15.0,0.43,1.17,0.41,75.0,0.44,69.0,0.45,34.0,0.01,0.01,2335.592455,1776216413000
1776216415.293,115.293,0.58,36.0,0.57,29.0,0.59,95.0,0.6,15.0,0.41,95.0,0.4,15.0,0.42,36.0,0.43,29.0,0.01,0.01,2335.753619,1776216414000
1776216415.632,115.632,0.58,13.02,0.57,23.0,0.59,95.0,0.6,15.0,0.41,95.0,0.4,15.0,0.42,36.0,0.43,29.0,0.01,0.01,2335.753619,1776216414000
1776216416.353,116.353,0.58,13.02,0.57,23.0,0.59,95.0,0.6,15.0,0.41,95.0,0.4,15.0,0.42,13.02,0.43,23.0,0.01,0.01,2335.867893,1776216415000
1776216416.89,116.89,0.6,76.0,0.59,53.0,0.61,26.5,0.62,11.91,0.41,95.0,0.4,15.0,0.42,13.02,0.43,23.0,0.01,0.01,2335.867893,1776216415000
1776216417.952,117.952,0.6,76.0,0.59,53.0,0.61,26.5,0.62,11.91,0.39,26.5,0.38,11.91,0.4,76.0,0.41,53.0,0.01,0.01,2335.88475,1776216417000
1776216419.114,119.114,0.6,76.0,0.59,53.0,0.61,26.5,0.62,11.91,0.39,26.5,0.38,11.91,0.4,76.0,0.41,53.0,0.01,0.01,2336.080725,1776216418000
1776216420.423,120.423,0.6,86.0,0.59,45.72,0.64,5.0,0.65,5.0,0.39,26.5,0.38,11.91,0.4,76.0,0.41,53.0,0.04,0.01,2336.080725,1776216418000
1776216420.849,120.849,0.64,10.0,0.63,29.0,0.66,19.76,0.67,85.0,0.34,4.76,0.33,85.0,0.37,10.0,0.38,10.0,0.02,0.03,2336.080725,1776216418000
1776216421.253,121.253,0.65,8.15,0.64,10.0,0.66,19.76,0.67,85.0,0.34,19.76,0.33,85.0,0.36,10.0,0.37,29.0,0.01,0.02,2335.989514,1776216419000
1776216421.909,121.909,0.65,8.15,0.64,10.0,0.66,19.76,0.67,85.0,0.34,19.76,0.33,85.0,0.35,8.15,0.36,10.0,0.01,0.01,2336.073261,1776216421000
1776216422.85,122.85,0.65,8.15,0.64,10.0,0.66,19.76,0.67,85.0,0.34,19.76,0.33,85.0,0.35,8.15,0.36,10.0,0.01,0.01,2336.119248,1776216422000
1776216423.834,123.834,0.65,8.15,0.64,10.0,0.66,19.76,0.67,85.0,0.34,19.76,0.33,85.0,0.35,8.15,0.36,10.0,0.01,0.01,2336.12379,1776216423000
1776216425.303,125.303,0.65,8.15,0.64,10.0,0.66,19.76,0.67,85.0,0.34,19.76,0.33,85.0,0.35,8.15,0.36,10.0,0.01,0.01,2336.106421,1776216424000
1776216425.872,125.872,0.62,75.0,0.61,10.0,0.63,3.3,0.64,20.0,0.34,19.76,0.33,85.0,0.35,8.15,0.36,10.0,0.01,0.01,2336.106421,1776216424000
1776216426.257,126.257,0.62,75.0,0.61,10.0,0.63,3.3,0.64,20.0,0.37,3.3,0.36,20.0,0.38,75.0,0.39,10.0,0.01,0.01,2336.07006,1776216425000
1776216427.751,127.751,0.62,75.0,0.61,10.0,0.63,3.3,0.64,20.0,0.37,3.3,0.36,20.0,0.38,75.0,0.39,10.0,0.01,0.01,2336.068685,1776216426000
1776216428.253,128.253,0.62,75.0,0.61,10.0,0.63,3.3,0.64,20.0,0.37,3.3,0.36,20.0,0.38,75.0,0.39,10.0,0.01,0.01,2336.068681,1776216427000
1776216429.441,129.441,0.62,73.04,0.61,15.0,0.63,3.3,0.64,15.0,0.37,3.3,0.36,15.0,0.38,73.04,0.39,15.0,0.01,0.01,2336.070991,1776216428000
1776216429.654,129.654,0.62,72.04,0.61,15.0,0.64,2.62,0.65,5.0,0.37,3.3,0.36,15.0,0.38,73.04,0.39,15.0,0.02,0.01,2336.070991,1776216428000
1776216430.027,130.027,0.62,72.04,0.61,15.0,0.64,2.62,0.65,5.0,0.36,2.62,0.35,5.0,0.38,72.04,0.39,15.0,0.02,0.02,2336.068155,1776216429000
1776216431.38,131.38,0.62,72.04,0.61,15.0,0.64,2.62,0.65,5.0,0.36,2.62,0.35,5.0,0.38,72.04,0.39,15.0,0.02,0.02,2336.067002,1776216430000
1776216431.8,131.8,0.62,72.04,0.61,15.0,0.64,2.62,0.65,5.0,0.36,2.62,0.35,5.0,0.38,72.04,0.39,15.0,0.02,0.02,2336.066897,1776216431000
1776216432.219,132.219,0.64,26.0,0.63,16.0,0.65,8.35,0.66,19.76,0.36,2.62,0.35,5.0,0.38,72.04,0.39,15.0,0.01,0.02,2336.066897,1776216431000
1776216432.971,132.971,0.64,26.0,0.63,16.0,0.65,8.35,0.66,19.76,0.35,8.35,0.34,19.76,0.36,26.0,0.37,16.0,0.01,0.01,2336.066611,1776216432000
1776216434.106,134.106,0.64,26.0,0.63,16.0,0.65,8.35,0.66,19.76,0.35,8.35,0.34,19.76,0.36,26.0,0.37,16.0,0.01,0.01,2336.06678,1776216433000
1776216435.217,135.217,0.64,26.0,0.63,16.0,0.65,8.35,0.66,19.76,0.35,8.35,0.34,19.76,0.36,26.0,0.37,16.0,0.01,0.01,2336.06678,1776216434000
1776216436.013,136.013,0.6,16.0,0.59,10.0,0.61,6.96,0.63,45.0,0.35,8.35,0.34,19.76,0.36,26.0,0.37,16.0,0.01,0.01,2336.06678,1776216434000
1776216436.378,136.378,0.6,16.0,0.59,10.0,0.61,6.96,0.63,45.0,0.39,6.96,0.37,45.0,0.4,16.0,0.41,10.0,0.01,0.01,2336.120255,1776216435000
1776216437.339,137.339,0.6,21.0,0.59,20.0,0.61,2.63,0.62,20.0,0.39,2.63,0.38,20.0,0.4,21.0,0.41,20.0,0.01,0.01,2336.018372,1776216436000
1776216437.651,137.651,0.6,16.0,0.59,20.0,0.61,5.0,0.62,10.0,0.39,2.63,0.38,20.0,0.4,21.0,0.41,20.0,0.01,0.01,2336.018372,1776216436000
1776216437.871,137.871,0.6,16.0,0.59,20.0,0.61,5.0,0.62,10.0,0.39,5.0,0.38,10.0,0.4,16.0,0.41,20.0,0.01,0.01,2336.018218,1776216437000
1776216438.134,138.134,0.57,0.27,0.55,11.0,0.58,45.0,0.59,15.0,0.39,5.0,0.38,10.0,0.4,16.0,0.41,20.0,0.01,0.01,2336.018218,1776216437000
1776216438.907,138.907,0.57,0.27,0.55,11.0,0.58,45.0,0.59,15.0,0.42,45.0,0.41,15.0,0.43,0.27,0.45,11.0,0.01,0.01,2336.00356,1776216438000
1776216440.031,140.031,0.57,0.27,0.55,11.0,0.58,45.0,0.59,15.0,0.42,45.0,0.41,15.0,0.43,0.27,0.45,11.0,0.01,0.01,2335.878235,1776216439000
1776216441.029,141.029,0.54,6.21,0.53,15.0,0.55,25.0,0.56,50.0,0.42,45.0,0.41,15.0,0.43,0.27,0.45,11.0,0.01,0.01,2335.878235,1776216439000
1776216442.033,142.033,0.54,6.21,0.53,15.0,0.55,25.0,0.56,50.0,0.45,25.0,0.44,50.0,0.46,6.21,0.47,15.0,0.01,0.01,2335.899937,1776216441000
1776216443.093,143.093,0.54,6.21,0.53,15.0,0.55,25.0,0.56,50.0,0.45,25.0,0.44,50.0,0.46,6.21,0.47,15.0,0.01,0.01,2335.738807,1776216442000
1776216444.103,144.103,0.54,6.21,0.53,15.0,0.55,25.0,0.56,50.0,0.45,25.0,0.44,50.0,0.46,6.21,0.47,15.0,0.01,0.01,2335.72832,1776216443000
1776216445.059,145.059,0.54,6.21,0.53,15.0,0.55,25.0,0.56,50.0,0.45,25.0,0.44,50.0,0.46,6.21,0.47,15.0,0.01,0.01,2335.728162,1776216444000
1776216446.064,146.064,0.54,6.21,0.53,15.0,0.55,25.0,0.56,50.0,0.45,25.0,0.44,50.0,0.46,6.21,0.47,15.0,0.01,0.01,2335.841853,1776216445000
1776216447.075,147.075,0.54,6.21,0.53,15.0,0.55,25.0,0.56,50.0,0.45,25.0,0.44,50.0,0.46,6.21,0.47,15.0,0.01,0.01,2335.746832,1776216446000
1776216448.737,148.737,0.54,6.21,0.53,15.0,0.55,25.0,0.56,50.0,0.45,25.0,0.44,50.0,0.46,6.21,0.47,15.0,0.01,0.01,2335.763463,1776216447000
1776216449.445,149.445,0.54,6.21,0.53,15.0,0.55,25.0,0.56,50.0,0.45,25.0,0.44,50.0,0.46,6.21,0.47,15.0,0.01,0.01,2335.783299,1776216448000
1776216449.722,149.722,0.6,28.0,0.59,37.0,0.62,80.0,0.63,5.0,0.45,25.0,0.44,50.0,0.46,6.21,0.47,15.0,0.02,0.01,2335.783299,1776216448000
1776216450.051,150.051,0.6,28.0,0.59,37.0,0.62,80.0,0.63,5.0,0.38,80.0,0.37,5.0,0.4,28.0,0.41,37.0,0.02,0.02,2335.821079,1776216449000
1776216450.565,150.565,0.61,65.17,0.6,34.0,0.62,10.0,0.65,5.0,0.38,80.0,0.37,5.0,0.4,28.0,0.41,37.0,0.01,0.02,2335.821079,1776216449000
1776216451.212,151.212,0.61,80.17,0.6,34.0,0.65,4.76,0.66,10.0,0.35,4.76,0.34,10.0,0.39,80.17,0.4,34.0,0.04,0.04,2335.851952,1776216450000
1776216452.626,152.626,0.61,80.17,0.6,34.0,0.65,4.76,0.66,10.0,0.35,4.76,0.34,10.0,0.39,80.17,0.4,34.0,0.04,0.04,2335.959169,1776216451000
1776216453.092,153.092,0.64,63.44,0.63,20.0,0.65,15.0,0.66,10.0,0.35,4.76,0.34,10.0,0.39,80.17,0.4,34.0,0.01,0.04,2335.959169,1776216451000
1776216453.418,153.418,0.64,63.44,0.63,20.0,0.65,15.0,0.66,10.0,0.35,15.0,0.34,10.0,0.36,63.44,0.37,20.0,0.01,0.01,2336.031324,1776216452000
1776216454.153,154.153,0.64,58.44,0.63,20.0,0.67,9.0,0.68,5.0,0.35,15.0,0.34,10.0,0.36,63.44,0.37,20.0,0.03,0.01,2336.031324,1776216452000
1776216455.482,155.482,0.66,173.67,0.65,32.0,0.68,10.0,0.69,70.0,0.33,9.0,0.32,5.0,0.36,58.44,0.37,20.0,0.02,0.03,2336.047094,1776216453000
1776216455.742,155.742,0.68,105.0,0.67,32.0,0.69,41.18,0.72,10.0,0.31,48.18,0.28,10.0,0.32,10.0,0.33,10.0,0.01,0.01,2336.076258,1776216454000
1776216456.233,156.233,0.71,99.0,0.7,27.0,0.72,5.36,0.73,15.0,0.31,41.18,0.28,10.0,0.32,105.0,0.33,32.0,0.01,0.01,2336.076258,1776216454000
1776216457.576,157.576,0.71,99.0,0.7,27.0,0.72,5.36,0.73,15.0,0.28,5.36,0.27,15.0,0.29,99.0,0.3,27.0,0.01,0.01,2336.162226,1776216456000
1776216458.236,158.236,0.75,6.66,0.71,247.0,0.8,13.52,0.82,5.0,0.2,13.52,0.18,5.0,0.25,6.66,0.29,247.0,0.05,0.05,2336.242062,1776216457000
1776216459.498,159.498,0.79,0.28,0.78,15.0,0.8,20.05,0.82,85.0,0.2,20.05,0.18,85.0,0.21,0.28,0.22,15.0,0.01,0.01,2336.384766,1776216458000
1776216460.222,160.222,0.79,0.28,0.78,15.0,0.8,20.05,0.82,85.0,0.2,20.05,0.18,85.0,0.21,0.28,0.22,15.0,0.01,0.01,2336.671306,1776216459000
1776216460.732,160.732,0.79,159.28,0.78,196.0,0.8,2.14,0.86,13.0,0.2,20.05,0.18,85.0,0.21,0.28,0.22,15.0,0.01,0.01,2336.671306,1776216459000
1776216461.098,161.098,0.86,40.0,0.85,15.0,0.87,2.75,0.89,46.79,0.13,3.9,0.11,46.79,0.14,10.0,0.15,10.0,0.01,0.01,2336.671306,1776216459000
1776216461.421,161.421,0.86,60.0,0.85,26.0,0.87,12.75,0.89,46.79,0.13,2.75,0.11,46.79,0.14,40.0,0.15,15.0,0.01,0.01,2336.671306,1776216459000
1776216461.998,161.998,0.86,25.0,0.85,15.0,0.87,22.03,0.88,41.66,0.13,4.78,0.12,41.66,0.14,15.0,0.15,26.0,0.01,0.01,2336.806331,1776216460000
1776216462.883,162.883,0.86,20.0,0.85,15.0,0.87,25.79,0.88,96.26,0.13,20.03,0.12,41.66,0.14,30.0,0.15,15.0,0.01,0.01,2336.806414,1776216461000
1776216463.431,163.431,0.86,20.0,0.85,15.0,0.87,25.79,0.88,96.26,0.13,25.79,0.12,96.26,0.14,20.0,0.15,15.0,0.01,0.01,2337.234256,1776216462000
1776216464.163,164.163,0.85,10.0,0.84,10.0,0.87,44.79,0.88,96.26,0.13,44.79,0.12,96.26,0.15,10.0,0.16,10.0,0.02,0.02,2337.238903,1776216463000
1776216464.544,164.544,0.75,27.0,0.72,46.94,0.79,70.0,0.82,74.0,0.18,27.77,0.16,10.0,0.19,4.95,0.25,10.0,0.04,0.01,2337.238903,1776216463000
1776216464.933,164.933,0.78,10.0,0.77,10.0,0.79,118.0,0.8,10.0,0.21,70.0,0.18,74.0,0.25,27.0,0.28,46.94,0.01,0.04,2337.238903,1776216463000
1776216465.673,165.673,0.78,41.63,0.77,10.0,0.79,85.0,0.8,65.57,0.21,118.0,0.2,10.0,0.22,6.63,0.23,10.0,0.01,0.01,2337.238903,1776216463000
1776216465.998,165.998,0.78,41.63,0.77,10.0,0.79,85.0,0.8,65.57,0.21,85.0,0.2,65.57,0.22,41.63,0.23,10.0,0.01,0.01,2337.08355,1776216464000
1776216466.669,166.669,0.78,41.63,0.77,10.0,0.79,85.0,0.8,65.57,0.21,85.0,0.2,65.57,0.22,41.63,0.23,10.0,0.01,0.01,2336.798652,1776216465000
1776216466.952,166.952,0.78,36.63,0.77,15.0,0.79,78.67,0.82,15.0,0.21,85.0,0.2,65.57,0.22,41.63,0.23,10.0,0.01,0.01,2336.798652,1776216465000
1776216467.449,167.449,0.78,32.91,0.77,20.0,0.79,78.67,0.82,15.0,0.21,78.67,0.18,15.0,0.22,32.91,0.23,20.0,0.01,0.01,2336.788887,1776216466000
1776216468.363,168.363,0.78,32.91,0.77,20.0,0.79,78.67,0.82,15.0,0.21,78.67,0.18,15.0,0.22,32.91,0.23,20.0,0.01,0.01,2336.718969,1776216467000
1776216468.988,168.988,0.81,45.0,0.8,15.0,0.82,74.18,0.83,71.86,0.21,78.67,0.18,15.0,0.22,32.91,0.23,20.0,0.01,0.01,2336.718969,1776216467000
1776216469.839,169.839,0.81,107.0,0.8,15.0,0.82,31.4,0.84,13.0,0.18,74.18,0.17,71.86,0.19,45.0,0.2,15.0,0.01,0.01,2336.759478,1776216468000
1776216470.554,170.554,0.81,107.0,0.8,15.0,0.82,31.4,0.84,13.0,0.18,31.4,0.16,13.0,0.19,107.0,0.2,15.0,0.01,0.01,2336.809753,1776216469000
1776216471.174,171.174,0.81,107.0,0.8,15.0,0.82,31.4,0.84,13.0,0.18,31.4,0.16,13.0,0.19,107.0,0.2,15.0,0.01,0.01,2336.840644,1776216470000
1776216471.569,171.569,0.83,11.0,0.81,145.0,0.86,8.0,0.88,44.1,0.18,31.4,0.16,13.0,0.19,107.0,0.2,15.0,0.03,0.01,2336.840644,1776216470000
1776216472.565,172.565,0.85,10.0,0.84,29.0,0.88,30.72,0.89,36.79,0.12,30.72,0.11,36.79,0.15,10.0,0.16,29.0,0.03,0.03,2336.891052,1776216471000
1776216473.154,173.154,0.87,25.0,0.86,25.0,0.88,40.33,0.9,50.0,0.12,30.72,0.11,36.79,0.15,10.0,0.16,29.0,0.01,0.03,2336.891052,1776216471000
1776216473.915,173.915,0.87,82.0,0.86,20.0,0.88,36.03,0.9,50.0,0.12,39.19,0.1,50.0,0.13,25.0,0.14,25.0,0.01,0.01,2337.055819,1776216472000
1776216474.438,174.438,0.87,68.0,0.86,20.0,0.88,34.73,0.9,45.0,0.12,34.73,0.1,50.0,0.13,77.0,0.14,20.0,0.01,0.01,2337.097028,1776216473000
1776216475.079,175.079,0.87,68.0,0.86,20.0,0.88,34.73,0.9,45.0,0.12,34.73,0.1,45.0,0.13,68.0,0.14,20.0,0.01,0.01,2337.113021,1776216474000
1776216475.977,175.977,0.87,68.0,0.86,20.0,0.88,37.02,0.9,45.0,0.12,34.73,0.1,45.0,0.13,68.0,0.14,20.0,0.01,0.01,2337.113021,1776216474000
1776216476.591,176.591,0.87,68.0,0.86,20.0,0.88,37.02,0.9,45.0,0.12,37.02,0.1,45.0,0.13,68.0,0.14,20.0,0.01,0.01,2337.19778,1776216475000
1776216477.052,177.052,0.87,68.0,0.86,20.0,0.88,37.02,0.9,45.0,0.12,37.02,0.1,45.0,0.13,68.0,0.14,20.0,0.01,0.01,2337.307759,1776216476000
1776216478.131,178.131,0.9,160.07,0.89,115.0,0.91,32.22,0.92,158.9,0.08,48.9,0.07,275.3,0.13,111.0,0.14,20.0,0.01,0.05,2337.307759,1776216476000
1776216478.356,178.356,0.9,160.07,0.89,115.0,0.91,32.22,0.92,158.9,0.09,32.22,0.08,158.9,0.1,160.07,0.11,115.0,0.01,0.01,2337.198442,1776216477000
1776216478.982,178.982,0.9,160.07,0.89,115.0,0.91,32.22,0.92,158.9,0.09,32.22,0.08,158.9,0.1,160.07,0.11,115.0,0.01,0.01,2337.26696,1776216478000
1776216479.414,179.414,0.9,175.14,0.89,110.0,0.91,16.0,0.92,105.0,0.09,32.22,0.08,158.9,0.1,160.07,0.11,115.0,0.01,0.01,2337.26696,1776216478000
1776216480.209,180.209,0.9,175.14,0.89,110.0,0.91,16.0,0.92,105.0,0.09,16.0,0.08,105.0,0.1,175.14,0.11,110.0,0.01,0.01,2337.39243,1776216479000
1776216480.919,180.919,0.9,190.14,0.89,110.0,0.91,10.69,0.92,148.9,0.09,16.0,0.08,105.0,0.1,175.14,0.11,110.0,0.01,0.01,2337.39243,1776216479000
1776216481.444,181.444,0.9,204.14,0.89,110.0,0.91,8.5,0.92,148.9,0.09,8.5,0.08,148.9,0.1,204.14,0.11,110.0,0.01,0.01,2337.47807,1776216480000
1776216481.744,181.744,0.9,213.14,0.89,115.0,0.91,7.4,0.92,148.9,0.09,8.5,0.08,148.9,0.1,204.14,0.11,110.0,0.01,0.01,2337.47807,1776216480000
1776216482.08,182.08,0.9,213.14,0.89,115.0,0.91,7.4,0.92,148.9,0.09,7.4,0.08,148.9,0.1,213.14,0.11,115.0,0.01,0.01,2337.470622,1776216481000
1776216483.055,183.055,0.9,213.14,0.89,115.0,0.91,7.4,0.92,148.9,0.09,7.4,0.08,148.9,0.1,213.14,0.11,115.0,0.01,0.01,2337.61166,1776216482000
1776216484.034,184.034,0.9,213.14,0.89,115.0,0.91,7.4,0.92,148.9,0.09,7.4,0.08,148.9,0.1,213.14,0.11,115.0,0.01,0.01,2337.557857,1776216483000
1776216484.694,184.694,0.91,30.0,0.9,56.14,0.92,15.86,0.93,280.3,0.08,8.86,0.07,280.3,0.1,96.14,0.11,15.0,0.01,0.02,2337.557857,1776216483000
1776216484.985,184.985,0.91,30.0,0.9,56.14,0.92,15.86,0.93,280.3,0.08,15.86,0.07,280.3,0.09,30.0,0.1,56.14,0.01,0.01,2337.514963,1776216484000
1776216485.695,185.695,0.91,30.0,0.9,50.14,0.92,19.77,0.93,380.3,0.08,15.86,0.07,280.3,0.09,30.0,0.1,56.14,0.01,0.01,2337.514963,1776216484000
1776216486.056,186.056,0.91,30.0,0.9,50.14,0.92,19.77,0.93,380.3,0.08,19.77,0.07,380.3,0.09,30.0,0.1,50.14,0.01,0.01,2337.608591,1776216485000
1776216487.051,187.051,0.91,30.0,0.9,50.14,0.92,19.77,0.93,380.3,0.08,19.77,0.07,380.3,0.09,30.0,0.1,50.14,0.01,0.01,2337.517426,1776216486000
1776216488.014,188.014,0.91,30.0,0.9,50.14,0.92,19.77,0.93,380.3,0.08,19.77,0.07,380.3,0.09,30.0,0.1,50.14,0.01,0.01,2337.515609,1776216487000
1776216489.001,189.001,0.91,30.0,0.9,50.14,0.92,19.77,0.93,380.3,0.08,19.77,0.07,380.3,0.09,30.0,0.1,50.14,0.01,0.01,2337.498046,1776216488000
1776216490.02,190.02,0.91,30.0,0.9,50.14,0.92,19.77,0.93,380.3,0.08,19.77,0.07,380.3,0.09,30.0,0.1,50.14,0.01,0.01,2337.500364,1776216489000
1776216491.102,191.102,0.91,30.0,0.9,50.14,0.92,19.77,0.93,380.3,0.08,19.77,0.07,380.3,0.09,30.0,0.1,50.14,0.01,0.01,2337.498727,1776216490000
1776216492.082,192.082,0.91,30.0,0.9,50.14,0.92,19.77,0.93,380.3,0.08,19.77,0.07,380.3,0.09,30.0,0.1,50.14,0.01,0.01,2337.496299,1776216491000
1776216492.367,192.367,0.91,89.0,0.9,125.0,0.92,48.62,0.93,275.3,0.08,19.77,0.07,380.3,0.09,30.0,0.1,50.14,0.01,0.01,2337.496299,1776216491000
1776216493.06,193.06,0.91,89.0,0.9,125.0,0.92,48.62,0.93,275.3,0.08,48.62,0.07,275.3,0.09,89.0,0.1,125.0,0.01,0.01,2337.588925,1776216492000
1776216494.021,194.021,0.91,89.0,0.9,125.0,0.92,48.62,0.93,275.3,0.08,48.62,0.07,275.3,0.09,89.0,0.1,125.0,0.01,0.01,2337.495707,1776216493000
1776216494.65,194.65,0.91,3.88,0.9,50.0,0.92,40.62,0.93,220.0,0.08,48.62,0.07,275.3,0.09,89.0,0.1,125.0,0.01,0.01,2337.495707,1776216493000
1776216494.989,194.989,0.91,3.88,0.9,50.0,0.92,40.62,0.93,220.0,0.08,40.62,0.07,220.0,0.09,3.88,0.1,50.0,0.01,0.01,2337.39924,1776216494000
1776216495.983,195.983,0.91,3.88,0.9,50.0,0.92,40.62,0.93,220.0,0.08,40.62,0.07,220.0,0.09,3.88,0.1,50.0,0.01,0.01,2337.396657,1776216495000
1776216496.88,196.88,0.91,13.88,0.9,43.49,0.92,12.62,0.93,220.0,0.08,35.62,0.07,220.0,0.1,43.49,0.11,55.0,0.01,0.02,2337.396657,1776216495000
1776216497.143,197.143,0.91,13.88,0.9,43.49,0.92,12.62,0.93,220.0,0.08,12.62,0.07,220.0,0.09,13.88,0.1,43.49,0.01,0.01,2337.428281,1776216496000
1776216497.898,197.898,0.93,18.0,0.92,47.0,0.94,70.0,0.95,46.0,0.08,12.62,0.07,220.0,0.09,13.88,0.1,43.49,0.01,0.01,2337.428281,1776216496000
1776216498.205,198.205,0.93,18.0,0.92,47.0,0.94,70.0,0.95,46.0,0.06,70.0,0.05,46.0,0.07,18.0,0.08,47.0,0.01,0.01,2337.530367,1776216497000
1776216498.75,198.75,0.93,53.0,0.92,37.0,0.94,53.49,0.95,41.0,0.06,85.41,0.05,41.0,0.07,53.0,0.08,42.0,0.01,0.01,2337.530367,1776216497000
1776216499.13,199.13,0.93,53.0,0.92,37.0,0.94,52.42,0.95,41.0,0.06,53.49,0.05,41.0,0.07,53.0,0.08,37.0,0.01,0.01,2337.530367,1776216497000
1776216499.546,199.546,0.93,63.0,0.92,47.0,0.94,40.71,0.95,41.0,0.06,51.35,0.05,41.0,0.07,53.0,0.08,37.0,0.01,0.01,2337.55574,1776216498000
1776216500.235,200.235,0.93,68.0,0.92,47.0,0.94,44.64,0.95,41.0,0.06,44.64,0.05,41.0,0.07,68.0,0.08,47.0,0.01,0.01,2337.790105,1776216499000
1776216501.278,201.278,0.93,68.0,0.92,47.0,0.94,44.64,0.95,41.0,0.06,44.64,0.05,41.0,0.07,68.0,0.08,47.0,0.01,0.01,2337.855295,1776216500000
1776216501.812,201.812,0.93,188.38,0.92,108.9,0.94,22.81,0.95,25.0,0.06,44.64,0.05,41.0,0.07,68.0,0.08,47.0,0.01,0.01,2337.855295,1776216500000
1776216502.04,202.04,0.93,198.38,0.92,103.9,0.94,17.54,0.95,25.0,0.06,22.81,0.05,25.0,0.07,188.38,0.08,108.9,0.01,0.01,2337.855295,1776216500000
1776216503.059,203.059,0.93,198.38,0.92,103.9,0.94,9.14,0.95,25.0,0.06,14.41,0.05,25.0,0.07,198.38,0.08,103.9,0.01,0.01,2337.865376,1776216501000
1776216503.311,203.311,0.93,198.38,0.92,103.9,0.94,9.14,0.95,25.0,0.06,9.14,0.05,25.0,0.07,198.38,0.08,103.9,0.01,0.01,2337.885423,1776216502000
1776216504.176,204.176,0.93,198.38,0.92,103.9,0.94,9.14,0.95,25.0,0.06,9.14,0.05,25.0,0.07,198.38,0.08,103.9,0.01,0.01,2337.880734,1776216503000
1776216504.605,204.605,0.94,173.8,0.93,163.3,0.96,70.97,0.97,529.7,0.06,9.14,0.05,25.0,0.07,198.38,0.08,103.9,0.02,0.01,2337.880734,1776216503000
1776216505.102,205.102,0.95,35.0,0.94,146.8,0.96,101.01,0.97,406.0,0.04,70.97,0.03,529.7,0.06,173.8,0.07,163.3,0.01,0.02,2337.880734,1776216503000
1776216505.417,205.417,0.95,33.8,0.94,146.8,0.96,83.54,0.97,406.0,0.04,83.54,0.03,406.0,0.05,30.0,0.06,146.8,0.01,0.01,2337.942106,1776216504000
1776216506.015,206.015,0.95,38.8,0.94,146.8,0.96,67.26,0.97,406.0,0.04,83.54,0.03,406.0,0.05,33.8,0.06,146.8,0.01,0.01,2337.942106,1776216504000
1776216506.296,206.296,0.95,33.8,0.94,146.8,0.96,66.21,0.97,406.0,0.04,66.21,0.03,406.0,0.05,33.8,0.06,146.8,0.01,0.01,2338.163462,1776216505000
1776216507.114,207.114,0.95,136.6,0.94,146.8,0.96,55.79,0.97,406.0,0.04,66.21,0.03,406.0,0.05,33.8,0.06,146.8,0.01,0.01,2338.163462,1776216505000
1776216507.818,207.818,0.95,136.6,0.94,146.8,0.96,35.79,0.97,406.0,0.04,35.79,0.03,406.0,0.05,136.6,0.06,146.8,0.01,0.01,2338.209775,1776216507000
1776216508.143,208.143,0.95,132.8,0.94,118.8,0.96,38.18,0.97,406.0,0.04,35.79,0.03,406.0,0.05,136.6,0.06,146.8,0.01,0.01,2338.209775,1776216507000
1776216509.414,209.414,0.95,132.8,0.94,118.8,0.96,38.18,0.97,406.0,0.04,38.18,0.03,406.0,0.05,132.8,0.06,118.8,0.01,0.01,2338.12285,1776216508000
1776216510.301,210.301,0.95,132.8,0.94,118.8,0.96,38.18,0.97,406.0,0.04,38.18,0.03,406.0,0.05,132.8,0.06,118.8,0.01,0.01,2338.117528,1776216509000
1776216510.982,210.982,0.95,10.0,0.94,20.0,0.96,63.18,0.97,634.7,0.04,38.18,0.03,406.0,0.05,132.8,0.06,118.8,0.01,0.01,2338.117528,1776216509000
1776216511.222,211.222,0.94,15.0,0.93,10.0,0.96,156.05,0.97,534.7,0.05,43.0,0.04,63.18,0.06,20.0,0.07,35.0,0.02,0.01,2338.21345,1776216510000
1776216512.052,212.052,0.95,5.0,0.94,20.0,0.96,222.55,0.97,439.7,0.04,136.05,0.03,534.7,0.05,10.0,0.06,20.0,0.01,0.01,2338.21345,1776216510000
1776216512.538,212.538,0.94,24.0,0.93,70.3,0.95,13.94,0.96,115.0,0.04,203.8,0.03,439.7,0.06,19.0,0.07,10.0,0.01,0.02,2338.21345,1776216510000
1776216512.837,212.837,0.94,24.0,0.93,70.3,0.95,13.94,0.96,115.0,0.05,13.94,0.04,115.0,0.06,24.0,0.07,70.3,0.01,0.01,2337.955665,1776216511000
1776216513.181,213.181,0.93,7.71,0.92,36.0,0.95,120.0,0.96,213.8,0.05,11.87,0.04,115.0,0.06,24.0,0.07,15.0,0.02,0.01,2337.955665,1776216511000
1776216513.389,213.389,0.92,4.02,0.91,75.0,0.94,164.0,0.95,115.0,0.05,120.0,0.04,213.8,0.07,7.71,0.08,36.0,0.02,0.02,2337.955665,1776216511000
1776216514.165,214.165,0.92,4.02,0.91,75.0,0.94,164.0,0.95,115.0,0.06,164.0,0.05,115.0,0.08,4.02,0.09,75.0,0.02,0.02,2337.716615,1776216513000
1776216515.164,215.164,0.92,9.02,0.91,70.0,0.93,494.3,0.94,247.8,0.06,164.0,0.05,115.0,0.08,4.02,0.09,75.0,0.01,0.02,2337.716615,1776216513000
1776216515.544,215.544,0.91,59.02,0.9,15.0,0.93,494.3,0.94,247.8,0.07,494.3,0.06,247.8,0.09,59.02,0.1,15.0,0.02,0.02,2337.711214,1776216514000
1776216516.281,216.281,0.91,59.02,0.9,15.0,0.93,494.3,0.94,247.8,0.07,494.3,0.06,247.8,0.09,59.02,0.1,15.0,0.02,0.02,2337.478383,1776216515000
1776216517.778,217.778,0.91,59.02,0.9,15.0,0.93,494.3,0.94,247.8,0.07,494.3,0.06,247.8,0.09,59.02,0.1,15.0,0.02,0.02,2337.399402,1776216516000
1776216518.412,218.412,0.91,59.02,0.9,15.0,0.93,494.3,0.94,247.8,0.07,494.3,0.06,247.8,0.09,59.02,0.1,15.0,0.02,0.02,2337.39909,1776216517000
1776216519.148,219.148,0.91,59.02,0.9,15.0,0.93,494.3,0.94,247.8,0.07,494.3,0.06,247.8,0.09,59.02,0.1,15.0,0.02,0.02,2337.336,1776216518000
1776216519.49,219.49,0.9,10.0,0.89,16.0,0.92,12.15,0.93,277.3,0.07,494.3,0.06,247.8,0.09,59.02,0.1,15.0,0.02,0.02,2337.336,1776216518000
1776216519.719,219.719,0.86,6.0,0.82,26.0,0.91,201.0,0.92,15.0,0.08,12.15,0.07,277.3,0.1,10.0,0.11,16.0,0.05,0.02,2337.336,1776216518000
1776216519.985,219.985,0.65,2.06,0.52,17.0,0.76,27.0,0.83,15.0,0.09,254.0,0.08,15.0,0.25,16.74,0.27,48.3,0.11,0.16,2337.336,1776216518000
1776216520.271,220.271,0.48,30.25,0.46,15.0,0.49,60.0,0.5,15.0,0.42,30.0,0.35,32.0,0.52,34.74,0.54,15.0,0.01,0.1,2337.336,1776216518000
1776216520.525,220.525,0.37,14.49,0.36,50.0,0.38,7.36,0.39,10.0,0.58,4.76,0.57,10.0,0.63,9.49,0.64,50.0,0.01,0.05,2337.336,1776216518000
1776216520.746,220.746,0.35,69.63,0.32,70.0,0.37,10.0,0.38,10.0,0.61,3.02,0.6,3.36,0.64,0.72,0.65,70.0,0.02,0.03,2337.336,1776216518000
1776216520.957,220.957,0.5,80.19,0.49,107.0,0.56,65.0,0.58,10.0,0.44,68.0,0.42,10.0,0.5,64.15,0.51,107.0,0.06,0.06,2337.22638,1776216519000
1776216521.162,221.162,0.5,76.19,0.49,107.0,0.51,35.72,0.55,10.0,0.49,36.88,0.45,10.0,0.5,76.19,0.51,107.0,0.01,0.01,2337.22638,1776216519000
1776216521.384,221.384,0.53,5.0,0.5,2.04,0.54,0.91,0.55,10.0,0.46,0.91,0.45,10.0,0.47,5.0,0.5,2.04,0.01,0.01,2337.22363,1776216520000
1776216521.662,221.662,0.46,10.0,0.45,15.0,0.48,8.75,0.49,20.0,0.5,5.0,0.47,10.0,0.52,1.49,0.53,13.0,0.02,0.02,2337.22363,1776216520000
1776216521.888,221.888,0.48,10.0,0.47,15.0,0.51,50.19,0.52,10.0,0.51,10.3,0.5,15.0,0.52,10.0,0.53,15.0,0.03,0.01,2337.22363,1776216520000
1776216522.143,222.143,0.49,8.35,0.48,15.0,0.51,61.0,0.53,10.0,0.49,56.0,0.47,10.0,0.5,0.7,0.51,10.0,0.02,0.01,2337.22363,1776216520000
1776216522.682,222.682,0.49,66.9,0.48,15.0,0.51,61.0,0.53,10.0,0.49,61.0,0.47,10.0,0.51,6.61,0.52,15.0,0.02,0.02,2335.90821,1776216521000
1776216522.96,222.96,0.51,20.0,0.5,15.0,0.52,15.0,0.53,17.47,0.47,7.47,0.46,10.0,0.51,76.9,0.52,15.0,0.01,0.04,2335.90821,1776216521000
1776216523.254,223.254,0.52,15.0,0.51,25.0,0.55,12.99,0.56,149.66,0.47,7.47,0.46,10.0,0.49,15.0,0.5,15.0,0.03,0.02,2335.90821,1776216521000
1776216523.637,223.637,0.52,10.21,0.51,20.0,0.54,10.0,0.55,12.99,0.46,10.0,0.45,12.99,0.48,10.21,0.49,20.0,0.02,0.02,2335.41255,1776216522000
1776216524.021,224.021,0.46,15.0,0.45,17.67,0.5,15.0,0.51,60.0,0.53,14.0,0.52,20.0,0.55,2.67,0.58,145.0,0.04,0.02,2335.41255,1776216522000
1776216524.277,224.277,0.51,26.02,0.5,17.15,0.52,10.0,0.55,80.0,0.48,10.0,0.45,80.0,0.49,26.02,0.5,17.15,0.01,0.01,2335.441225,1776216523000
1776216525.059,225.059,0.5,28.17,0.49,15.0,0.52,20.0,0.54,5.0,0.48,20.0,0.46,5.0,0.5,28.17,0.51,15.0,0.02,0.02,2335.393705,1776216524000
1776216525.318,225.318,0.53,17.87,0.52,20.0,0.54,15.0,0.55,80.0,0.48,20.0,0.46,5.0,0.5,28.17,0.51,15.0,0.01,0.02,2335.393705,1776216524000
1776216525.614,225.614,0.53,40.74,0.52,10.0,0.54,9.0,0.55,10.0,0.46,15.0,0.45,80.0,0.47,20.74,0.48,15.0,0.01,0.01,2335.393705,1776216524000
1776216525.849,225.849,0.54,20.0,0.53,42.0,0.61,50.0,0.62,100.0,0.45,10.0,0.39,50.0,0.47,52.74,0.48,10.0,0.07,0.02,2335.393705,1776216524000
1776216526.28,226.28,0.6,7.0,0.59,10.0,0.61,54.9,0.62,100.0,0.39,49.9,0.38,100.0,0.4,2.0,0.41,10.0,0.01,0.01,2335.393705,1776216524000
1776216526.701,226.701,0.6,5.84,0.59,10.0,0.61,35.01,0.62,105.0,0.39,59.9,0.38,100.0,0.4,5.84,0.41,10.0,0.01,0.01,2335.3401,1776216525000
1776216527.108,227.108,0.63,22.29,0.62,15.0,0.64,5.0,0.65,55.0,0.36,5.0,0.35,55.0,0.4,5.84,0.41,10.0,0.01,0.04,2335.3401,1776216525000
1776216527.67,227.67,0.62,1.87,0.61,15.0,0.64,10.0,0.65,25.0,0.36,5.0,0.35,55.0,0.37,11.87,0.38,10.0,0.02,0.01,2335.362164,1776216526000
1776216527.918,227.918,0.62,6.87,0.61,15.0,0.64,60.0,0.65,25.0,0.36,45.0,0.35,25.0,0.37,7.29,0.38,1.87,0.02,0.01,2335.362164,1776216526000
1776216528.235,228.235,0.62,6.87,0.61,15.0,0.64,60.0,0.65,25.0,0.36,60.0,0.35,25.0,0.38,6.87,0.39,15.0,0.02,0.02,2335.559419,1776216527000
1776216528.472,228.472,0.61,15.0,0.6,5.84,0.63,54.87,0.64,30.0,0.37,29.87,0.36,65.0,0.38,1.87,0.39,15.0,0.02,0.01,2335.559419,1776216527000
1776216529.676,229.676,0.61,15.0,0.6,5.84,0.63,54.87,0.64,30.0,0.37,54.87,0.36,30.0,0.39,15.0,0.4,5.84,0.02,0.02,2335.575813,1776216528000
1776216530.444,230.444,0.61,15.0,0.6,5.84,0.63,54.87,0.64,30.0,0.37,54.87,0.36,30.0,0.39,15.0,0.4,5.84,0.02,0.02,2335.584995,1776216529000
1776216531.141,231.141,0.61,15.0,0.6,5.84,0.63,54.87,0.64,30.0,0.37,54.87,0.36,30.0,0.39,15.0,0.4,5.84,0.02,0.02,2335.581519,1776216530000
1776216532.599,232.599,0.61,15.0,0.6,5.84,0.63,54.87,0.64,30.0,0.37,54.87,0.36,30.0,0.39,15.0,0.4,5.84,0.02,0.02,2335.578167,1776216531000
1776216533.254,233.254,0.61,15.0,0.6,5.84,0.63,54.87,0.64,30.0,0.37,54.87,0.36,30.0,0.39,15.0,0.4,5.84,0.02,0.02,2335.58492,1776216532000
1776216533.707,233.707,0.61,21.13,0.6,10.0,0.63,64.87,0.64,30.0,0.37,34.87,0.36,60.0,0.38,5.72,0.39,33.0,0.02,0.01,2335.58492,1776216532000
1776216534.409,234.409,0.5,2.59,0.49,30.0,0.51,25.0,0.52,20.0,0.37,64.87,0.36,30.0,0.39,21.13,0.4,10.0,0.01,0.02,2335.58492,1776216532000
1776216534.615,234.615,0.5,12.49,0.49,30.0,0.52,12.69,0.53,15.0,0.48,12.69,0.47,15.0,0.5,12.49,0.51,30.0,0.02,0.02,2335.582592,1776216533000
1776216535.289,235.289,0.5,12.49,0.49,30.0,0.52,12.69,0.53,15.0,0.48,12.69,0.47,15.0,0.5,12.49,0.51,30.0,0.02,0.02,2335.580187,1776216534000
1776216535.89,235.89,0.46,59.46,0.45,12.67,0.47,40.0,0.48,20.0,0.49,15.0,0.48,12.69,0.51,0.14,0.54,55.0,0.01,0.02,2335.580187,1776216534000
1776216536.6,236.6,0.46,59.46,0.45,12.67,0.47,40.0,0.48,20.0,0.53,40.0,0.52,20.0,0.54,59.46,0.55,12.67,0.01,0.01,2335.437711,1776216535000
1776216537.165,237.165,0.46,69.46,0.45,12.67,0.47,8.61,0.48,20.0,0.53,40.0,0.52,20.0,0.54,59.46,0.55,12.67,0.01,0.01,2335.437711,1776216535000
1776216538.538,238.538,0.46,69.46,0.45,12.67,0.47,8.61,0.48,20.0,0.53,8.61,0.52,20.0,0.54,69.46,0.55,12.67,0.01,0.01,2335.362428,1776216537000
1776216539.212,239.212,0.46,69.46,0.45,12.67,0.47,8.61,0.48,20.0,0.53,8.61,0.52,20.0,0.54,69.46,0.55,12.67,0.01,0.01,2335.362401,1776216538000
1776216539.671,239.671,0.58,17.0,0.57,17.0,0.59,4.33,0.6,10.0,0.42,10.0,0.41,15.0,0.54,131.46,0.55,92.67,0.01,0.12,2335.362401,1776216538000
1776216540.569,240.569,0.58,22.0,0.57,17.0,0.6,10.0,0.61,10.0,0.4,10.0,0.39,10.0,0.42,22.0,0.43,17.0,0.02,0.02,2335.349849,1776216539000
1776216541.366,241.366,0.58,22.0,0.57,17.0,0.6,10.0,0.61,10.0,0.4,10.0,0.39,10.0,0.42,22.0,0.43,17.0,0.02,0.02,2335.397406,1776216540000
1776216541.956,241.956,0.65,16.37,0.64,22.0,0.67,10.0,0.68,56.5,0.35,15.8,0.34,16.0,0.38,22.0,0.39,17.0,0.02,0.03,2335.397406,1776216540000
1776216542.168,242.168,0.65,6.37,0.64,17.0,0.66,1.45,0.67,10.0,0.34,4.33,0.33,10.0,0.35,6.37,0.36,17.0,0.01,0.01,2335.522408,1776216541000
1776216542.883,242.883,0.65,6.37,0.64,17.0,0.66,12.72,0.67,15.0,0.34,1.45,0.33,10.0,0.35,6.37,0.36,17.0,0.01,0.01,2335.522408,1776216541000
1776216543.428,243.428,0.65,6.37,0.64,17.0,0.66,12.72,0.67,15.0,0.34,12.72,0.33,15.0,0.35,6.37,0.36,17.0,0.01,0.01,2335.731266,1776216542000
1776216543.812,243.812,0.65,6.37,0.64,12.0,0.66,49.0,0.67,40.0,0.34,12.72,0.33,15.0,0.35,6.37,0.36,17.0,0.01,0.01,2335.731266,1776216542000
1776216544.168,244.168,0.65,6.37,0.64,12.0,0.66,49.0,0.67,40.0,0.34,49.0,0.33,40.0,0.35,6.37,0.36,12.0,0.01,0.01,2335.700663,1776216543000
1776216546.11,246.11,0.7,27.0,0.69,17.0,0.71,69.09,0.72,47.89,0.29,69.09,0.28,47.89,0.3,27.0,0.31,17.0,0.01,0.01,2335.767389,1776216544000
1776216546.657,246.657,0.7,27.0,0.69,17.0,0.71,69.09,0.72,47.89,0.29,69.09,0.28,47.89,0.3,27.0,0.31,17.0,0.01,0.01,2335.974123,1776216545000
1776216547.082,247.082,0.7,27.0,0.69,17.0,0.71,69.09,0.72,47.89,0.29,69.09,0.28,47.89,0.3,27.0,0.31,17.0,0.01,0.01,2335.994997,1776216546000
1776216547.705,247.705,0.72,40.0,0.71,22.0,0.73,8.0,0.75,19.2,0.29,69.09,0.28,47.89,0.3,27.0,0.31,17.0,0.01,0.01,2335.994997,1776216546000
1776216548.189,248.189,0.74,26.0,0.73,15.0,0.75,22.86,0.76,69.7,0.27,8.0,0.25,19.2,0.28,40.0,0.29,22.0,0.01,0.01,2335.994997,1776216546000
1776216548.601,248.601,0.74,26.0,0.73,15.0,0.75,22.86,0.76,69.7,0.25,22.86,0.24,69.7,0.26,26.0,0.27,15.0,0.01,0.01,2336.008025,1776216547000
1776216548.831,248.831,0.74,10.0,0.73,18.23,0.75,16.86,0.76,74.7,0.25,22.86,0.24,69.7,0.27,13.23,0.28,30.0,0.01,0.02,2336.008025,1776216547000
1776216549.077,249.077,0.74,10.0,0.73,18.23,0.75,16.86,0.76,74.7,0.25,16.86,0.24,74.7,0.26,10.0,0.27,18.23,0.01,0.01,2336.001714,1776216548000
1776216549.376,249.376,0.74,4.86,0.73,13.23,0.75,16.86,0.76,74.7,0.25,16.86,0.24,74.7,0.26,10.0,0.27,18.23,0.01,0.01,2336.001714,1776216548000
1776216550.234,250.234,0.74,4.09,0.73,13.23,0.75,16.86,0.76,74.7,0.25,16.86,0.24,74.7,0.26,4.09,0.27,13.23,0.01,0.01,2336.062897,1776216549000
1776216550.479,250.479,0.74,15.0,0.73,13.23,0.76,57.26,0.77,20.3,0.25,16.86,0.24,74.7,0.26,4.09,0.27,13.23,0.02,0.01,2336.062897,1776216549000
1776216550.699,250.699,0.75,1.44,0.74,10.0,0.76,62.26,0.77,25.3,0.24,57.26,0.23,20.3,0.26,15.0,0.27,13.23,0.01,0.02,2336.062897,1776216549000
1776216551.294,251.294,0.75,1.44,0.74,10.0,0.76,62.26,0.77,25.3,0.24,62.26,0.23,25.3,0.25,1.44,0.26,10.0,0.01,0.01,2336.02993,1776216550000
1776216551.974,251.974,0.73,0.23,0.72,10.0,0.74,50.0,0.75,28.0,0.24,62.26,0.23,25.3,0.25,1.44,0.26,10.0,0.01,0.01,2336.02993,1776216550000
1776216552.339,252.339,0.73,0.23,0.72,10.0,0.74,50.0,0.75,28.0,0.26,50.0,0.25,28.0,0.27,0.23,0.28,10.0,0.01,0.01,2336.010767,1776216551000
1776216552.922,252.922,0.73,0.23,0.72,10.0,0.74,30.0,0.75,28.0,0.26,50.0,0.25,28.0,0.27,0.23,0.28,10.0,0.01,0.01,2336.010767,1776216551000
1776216554.118,254.118,0.72,6.65,0.71,10.0,0.74,25.0,0.75,28.0,0.26,25.0,0.25,28.0,0.28,6.65,0.29,10.0,0.02,0.02,2335.998706,1776216553000
1776216554.671,254.671,0.73,16.0,0.72,6.65,0.74,12.29,0.75,18.0,0.26,25.0,0.25,28.0,0.28,6.65,0.29,10.0,0.01,0.02,2335.998706,1776216553000
1776216555.039,255.039,0.73,16.0,0.72,6.65,0.74,9.29,0.75,13.0,0.26,12.29,0.25,18.0,0.27,16.0,0.28,6.65,0.01,0.01,2335.998706,1776216553000
1776216555.382,255.382,0.73,21.0,0.72,6.65,0.74,9.29,0.75,18.0,0.26,9.29,0.25,13.0,0.27,16.0,0.28,6.65,0.01,0.01,2335.980596,1776216554000
1776216555.986,255.986,0.74,15.0,0.73,16.0,0.75,15.0,0.76,47.56,0.26,9.29,0.25,18.0,0.27,21.0,0.28,6.65,0.01,0.01,2335.980596,1776216554000
1776216556.346,256.346,0.74,15.0,0.73,16.0,0.75,15.0,0.76,47.56,0.25,15.0,0.24,47.56,0.26,15.0,0.27,16.0,0.01,0.01,2335.981391,1776216555000
1776216557.413,257.413,0.74,15.0,0.73,16.0,0.75,15.0,0.76,47.56,0.25,15.0,0.24,47.56,0.26,15.0,0.27,16.0,0.01,0.01,2335.982407,1776216556000
1776216557.965,257.965,0.74,15.0,0.73,16.0,0.75,15.0,0.76,47.56,0.25,15.0,0.24,47.56,0.26,15.0,0.27,16.0,0.01,0.01,2335.973963,1776216557000
1776216558.949,258.949,0.74,16.15,0.73,16.0,0.75,15.0,0.76,47.56,0.25,15.0,0.24,47.56,0.26,15.0,0.27,16.0,0.01,0.01,2335.973963,1776216557000
1776216560.351,260.351,0.74,16.15,0.73,16.0,0.77,28.87,0.78,31.0,0.25,15.0,0.24,47.56,0.26,16.15,0.27,16.0,0.03,0.01,2335.974033,1776216558000
1776216560.847,260.847,0.74,16.15,0.73,16.0,0.77,28.87,0.78,31.0,0.23,28.87,0.22,31.0,0.26,16.15,0.27,16.0,0.03,0.03,2335.972636,1776216559000
1776216561.325,261.325,0.74,16.15,0.73,16.0,0.77,28.87,0.78,31.0,0.23,28.87,0.22,31.0,0.26,16.15,0.27,16.0,0.03,0.03,2335.972124,1776216560000
1776216561.768,261.768,0.76,20.0,0.75,20.0,0.77,28.87,0.78,36.0,0.23,28.87,0.22,31.0,0.26,16.15,0.27,16.0,0.01,0.03,2335.972124,1776216560000
1776216562.274,262.274,0.76,20.0,0.75,20.0,0.77,28.87,0.78,36.0,0.23,28.87,0.22,36.0,0.24,20.0,0.25,20.0,0.01,0.01,2335.984111,1776216561000
1776216562.593,262.593,0.75,18.75,0.74,11.15,0.77,28.87,0.78,36.0,0.23,13.87,0.22,36.0,0.24,3.75,0.25,20.0,0.02,0.01,2335.984111,1776216561000
1776216562.959,262.959,0.76,5.83,0.75,18.75,0.77,13.87,0.78,36.0,0.23,28.87,0.22,36.0,0.25,18.75,0.26,11.15,0.01,0.02,2335.984111,1776216561000
1776216563.28,263.28,0.76,5.83,0.75,18.75,0.77,13.87,0.78,36.0,0.23,13.87,0.22,36.0,0.24,5.83,0.25,18.75,0.01,0.01,2335.990263,1776216562000
1776216563.637,263.637,0.75,18.34,0.74,11.15,0.77,13.87,0.78,36.0,0.23,13.87,0.22,36.0,0.24,5.83,0.25,18.75,0.02,0.01,2335.990263,1776216562000
1776216564.304,264.304,0.75,18.34,0.74,11.15,0.77,13.87,0.78,36.0,0.23,13.87,0.22,36.0,0.25,18.34,0.26,11.15,0.02,0.02,2335.989497,1776216563000
1776216565.227,265.227,0.75,18.34,0.74,11.15,0.77,13.87,0.78,36.0,0.23,13.87,0.22,36.0,0.25,18.34,0.26,11.15,0.02,0.02,2335.989555,1776216564000
1776216565.881,265.881,0.77,34.0,0.76,15.0,0.78,6.0,0.79,21.7,0.23,13.87,0.22,36.0,0.25,18.34,0.26,11.15,0.01,0.02,2335.989555,1776216564000
1776216566.151,266.151,0.79,48.0,0.78,15.0,0.8,18.12,0.83,25.5,0.22,6.0,0.21,21.7,0.23,34.0,0.24,15.0,0.01,0.01,2335.989555,1776216564000
1776216566.561,266.561,0.82,67.0,0.81,26.0,0.83,27.23,0.84,26.8,0.17,22.5,0.16,26.8,0.18,10.0,0.19,10.0,0.01,0.01,2335.983816,1776216565000
1776216567.002,267.002,0.82,72.0,0.81,26.0,0.83,26.02,0.84,26.8,0.17,27.23,0.16,26.8,0.18,67.0,0.19,26.0,0.01,0.01,2335.983816,1776216565000
1776216567.274,267.274,0.82,72.0,0.81,26.0,0.83,26.02,0.84,26.8,0.17,26.02,0.16,26.8,0.18,72.0,0.19,26.0,0.01,0.01,2335.990886,1776216566000
1776216567.524,267.524,0.83,15.0,0.82,62.0,0.84,30.32,0.85,28.2,0.17,26.02,0.16,26.8,0.18,72.0,0.19,26.0,0.01,0.01,2335.990886,1776216566000
1776216568.037,268.037,0.84,127.44,0.83,15.0,0.85,32.81,0.86,79.9,0.16,30.32,0.15,28.2,0.17,15.0,0.18,62.0,0.01,0.01,2335.990886,1776216566000
1776216568.286,268.286,0.84,127.44,0.83,15.0,0.85,32.81,0.86,79.9,0.15,32.81,0.14,79.9,0.16,127.44,0.17,15.0,0.01,0.01,2336.06731,1776216567000
1776216569.25,269.25,0.84,127.44,0.83,15.0,0.85,32.81,0.86,79.9,0.15,32.81,0.14,79.9,0.16,127.44,0.17,15.0,0.01,0.01,2336.16715,1776216568000
1776216569.677,269.677,0.87,20.0,0.86,20.0,0.88,22.26,0.89,36.79,0.15,32.81,0.14,79.9,0.16,127.44,0.17,15.0,0.01,0.01,2336.16715,1776216568000
1776216570.185,270.185,0.89,20.0,0.88,20.0,0.9,105.56,0.91,219.0,0.11,36.53,0.1,50.0,0.13,20.0,0.14,20.0,0.01,0.02,2336.16715,1776216568000
1776216570.452,270.452,0.89,37.44,0.88,25.0,0.9,33.98,0.91,75.0,0.1,23.88,0.09,75.0,0.11,25.0,0.12,20.0,0.01,0.01,2336.194323,1776216569000
1776216570.784,270.784,0.89,37.44,0.88,30.0,0.9,27.68,0.91,75.0,0.1,19.81,0.09,75.0,0.11,42.44,0.12,25.0,0.01,0.01,2336.194323,1776216569000
1776216571.223,271.223,0.89,37.44,0.88,30.0,0.9,27.68,0.91,75.0,0.1,27.68,0.09,75.0,0.11,37.44,0.12,30.0,0.01,0.01,2336.20206,1776216570000
1776216571.428,271.428,0.89,29.42,0.88,30.0,0.9,17.81,0.91,25.0,0.1,17.81,0.09,25.0,0.11,42.44,0.12,30.0,0.01,0.01,2336.20206,1776216570000
1776216572.297,272.297,0.89,29.42,0.88,30.0,0.9,17.81,0.91,25.0,0.1,17.81,0.09,25.0,0.11,29.42,0.12,30.0,0.01,0.01,2336.364175,1776216571000
1776216573.16,273.16,0.89,35.42,0.88,30.0,0.9,12.81,0.94,50.0,0.1,17.81,0.09,25.0,0.11,30.42,0.12,30.0,0.01,0.01,2336.364175,1776216571000
1776216573.616,273.616,0.93,17.75,0.92,15.0,0.94,75.0,0.95,155.8,0.1,12.81,0.06,50.0,0.11,35.42,0.12,30.0,0.01,0.01,2336.364175,1776216571000
1776216574.031,274.031,0.91,25.0,0.9,20.0,0.94,75.0,0.95,155.8,0.06,70.0,0.05,155.8,0.07,12.75,0.08,15.0,0.03,0.01,2336.493359,1776216572000
1776216574.803,274.803,0.91,25.0,0.9,20.0,0.94,75.0,0.95,155.8,0.06,75.0,0.05,155.8,0.09,25.0,0.1,20.0,0.03,0.03,2336.512752,1776216573000
1776216575.012,275.012,0.93,15.0,0.92,20.0,0.94,66.8,0.95,155.8,0.06,75.0,0.05,155.8,0.09,25.0,0.1,20.0,0.01,0.03,2336.512752,1776216573000
1776216575.376,275.376,0.93,15.0,0.92,20.0,0.94,66.8,0.95,155.8,0.06,66.8,0.05,155.8,0.07,15.0,0.08,20.0,0.01,0.01,2336.664101,1776216574000
1776216576.175,276.175,0.93,15.0,0.92,20.0,0.94,65.53,0.95,80.0,0.06,65.53,0.05,80.0,0.07,15.0,0.08,20.0,0.01,0.01,2336.592398,1776216575000
1776216576.515,276.515,0.93,20.0,0.92,25.0,0.94,45.53,0.95,80.0,0.06,65.53,0.05,80.0,0.07,15.0,0.08,20.0,0.01,0.01,2336.592398,1776216575000
1776216577.188,277.188,0.93,55.0,0.92,25.0,0.94,18.89,0.95,80.0,0.06,18.95,0.05,80.0,0.07,30.0,0.08,25.0,0.01,0.01,2336.592398,1776216575000
1776216577.39,277.39,0.93,55.0,0.92,25.0,0.94,0.89,0.95,80.0,0.06,5.89,0.05,80.0,0.07,50.0,0.08,25.0,0.01,0.01,2336.592398,1776216575000
1776216578.137,278.137,0.93,55.0,0.92,25.0,0.94,0.89,0.95,80.0,0.06,0.89,0.05,80.0,0.07,55.0,0.08,25.0,0.01,0.01,2336.608375,1776216577000
1776216579.58,279.58,0.93,55.0,0.92,25.0,0.94,0.89,0.95,80.0,0.06,0.89,0.05,80.0,0.07,55.0,0.08,25.0,0.01,0.01,2336.727722,1776216578000
1776216579.784,279.784,0.93,130.28,0.92,45.72,0.95,60.88,0.96,25.0,0.06,0.89,0.05,80.0,0.07,55.0,0.08,25.0,0.02,0.01,2336.727722,1776216578000
1776216580.35,280.35,0.93,130.28,0.92,45.72,0.95,60.88,0.96,25.0,0.05,60.88,0.04,25.0,0.07,130.28,0.08,45.72,0.02,0.02,2336.670022,1776216579000
1776216580.927,280.927,0.95,16.75,0.94,179.58,0.97,198.68,0.98,201.45,0.05,60.88,0.04,25.0,0.07,130.28,0.08,45.72,0.02,0.02,2336.670022,1776216579000
1776216581.534,281.534,0.96,15.1,0.95,41.75,0.97,198.68,0.98,201.45,0.03,198.68,0.02,201.45,0.05,16.75,0.06,179.58,0.01,0.02,2336.672486,1776216580000
1776216581.751,281.751,0.96,20.1,0.95,41.75,0.97,231.85,0.98,201.45,0.03,198.68,0.02,201.45,0.04,15.1,0.05,41.75,0.01,0.01,2336.672486,1776216580000
1776216582.303,282.303,0.96,71.29,0.95,64.75,0.97,220.5,0.98,201.45,0.03,231.85,0.02,201.45,0.04,20.1,0.05,41.75,0.01,0.01,2336.672486,1776216580000
1776216582.725,282.725,0.96,76.29,0.95,64.75,0.97,217.4,0.98,201.45,0.03,220.5,0.02,201.45,0.04,71.29,0.05,64.75,0.01,0.01,2336.680218,1776216581000
1776216583.543,283.543,0.96,76.29,0.95,64.75,0.97,217.4,0.98,201.45,0.03,217.4,0.02,201.45,0.04,76.29,0.05,64.75,0.01,0.01,2336.697789,1776216582000
1776216584.176,284.176,0.96,76.29,0.95,64.75,0.97,217.4,0.98,201.45,0.03,217.4,0.02,201.45,0.04,76.29,0.05,64.75,0.01,0.01,2336.697789,1776216583000
1776216585.47,285.47,0.96,76.29,0.95,64.75,0.97,217.4,0.98,201.45,0.03,217.4,0.02,201.45,0.04,76.29,0.05,64.75,0.01,0.01,2336.791507,1776216584000
1776216586.069,286.069,0.96,98.29,0.95,67.47,0.97,202.4,0.98,201.45,0.03,202.4,0.02,201.45,0.04,98.29,0.05,67.47,0.01,0.01,2336.703874,1776216585000
1776216586.353,286.353,0.96,98.29,0.95,111.47,0.97,191.36,0.98,201.45,0.03,192.4,0.02,201.45,0.04,98.29,0.05,97.47,0.01,0.01,2336.703874,1776216585000
1776216586.651,286.651,0.96,93.29,0.95,111.47,0.97,181.15,0.98,201.45,0.03,191.36,0.02,201.45,0.04,98.29,0.05,111.47,0.01,0.01,2336.703874,1776216585000
1776216587.319,287.319,0.96,98.29,0.95,111.47,0.97,161.96,0.98,201.45,0.03,161.96,0.02,201.45,0.04,98.29,0.05,111.47,0.01,0.01,2336.7098,1776216586000
1776216587.702,287.702,0.96,165.8,0.95,128.47,0.97,160.92,0.98,201.45,0.03,161.96,0.02,201.45,0.04,135.8,0.05,128.47,0.01,0.01,2336.7098,1776216586000
1776216587.979,287.979,0.96,165.8,0.95,128.47,0.97,160.92,0.98,201.45,0.03,160.92,0.02,201.45,0.04,165.8,0.05,128.47,0.01,0.01,2336.779927,1776216587000
1776216588.305,288.305,0.96,280.3,0.95,98.47,0.97,130.92,0.98,206.45,0.03,160.92,0.02,201.45,0.04,165.8,0.05,128.47,0.01,0.01,2336.779927,1776216587000
1776216588.506,288.506,0.96,280.3,0.95,103.47,0.97,127.27,0.98,206.45,0.03,128.73,0.02,206.45,0.04,280.3,0.05,103.47,0.01,0.01,2336.779927,1776216587000
1776216588.865,288.865,0.96,280.3,0.95,103.47,0.97,115.65,0.98,206.45,0.03,120.81,0.02,206.45,0.04,280.3,0.05,103.47,0.01,0.01,2336.779927,1776216587000
1776216589.47,289.47,0.96,280.3,0.95,103.47,0.97,114.61,0.98,206.45,0.03,114.61,0.02,206.45,0.04,280.3,0.05,103.47,0.01,0.01,2336.708425,1776216588000
1776216589.824,289.824,0.96,261.3,0.95,98.47,0.97,113.61,0.98,206.45,0.03,114.61,0.02,206.45,0.04,280.3,0.05,103.47,0.01,0.01,2336.708425,1776216588000
1776216590.041,290.041,0.96,313.3,0.95,98.47,0.97,96.45,0.98,206.45,0.03,106.61,0.02,206.45,0.04,261.3,0.05,98.47,0.01,0.01,2336.708425,1776216588000
1776216590.292,290.292,0.96,313.3,0.95,98.47,0.97,96.45,0.98,206.45,0.03,96.45,0.02,206.45,0.04,313.3,0.05,98.47,0.01,0.01,2336.714015,1776216589000
1776216591.711,291.711,0.96,200.72,0.95,98.47,0.97,64.7,0.98,196.45,0.03,96.45,0.02,206.45,0.04,313.3,0.05,98.47,0.01,0.01,2336.714015,1776216589000
1776216592.016,292.016,0.96,200.72,0.95,98.47,0.97,49.39,0.98,196.45,0.03,64.7,0.02,196.45,0.04,200.72,0.05,98.47,0.01,0.01,2336.714161,1776216590000
1776216592.366,292.366,0.96,230.72,0.95,83.75,0.97,33.92,0.98,196.45,0.03,49.39,0.02,196.45,0.04,200.72,0.05,98.47,0.01,0.01,2336.714161,1776216590000
1776216592.78,292.78,0.96,230.72,0.95,83.75,0.97,28.87,0.98,196.45,0.03,33.92,0.02,196.45,0.04,230.72,0.05,83.75,0.01,0.01,2336.759514,1776216591000
1776216593.013,293.013,0.96,230.72,0.95,83.75,0.97,8.66,0.98,196.45,0.03,28.87,0.02,196.45,0.04,230.72,0.05,83.75,0.01,0.01,2336.759514,1776216591000
1776216593.412,293.412,0.96,365.72,0.95,83.75,0.97,6.59,0.98,196.45,0.03,8.66,0.02,196.45,0.04,230.72,0.05,83.75,0.01,0.01,2336.698755,1776216592000
1776216593.902,293.902,0.96,409.71,0.95,83.75,0.98,180.97,0.99,1212.64,0.03,6.59,0.02,196.45,0.04,365.72,0.05,83.75,0.02,0.01,2336.698755,1776216592000
1776216594.173,294.173,0.96,409.71,0.95,83.75,0.98,180.97,0.99,1212.64,0.02,180.97,0.01,1212.64,0.04,409.71,0.05,83.75,0.02,0.02,2336.701399,1776216593000
1776216594.54,294.54,0.97,294.93,0.96,142.99,0.98,177.7,0.99,1052.64,0.02,180.97,0.01,1052.64,0.03,289.93,0.04,147.99,0.01,0.01,2336.701399,1776216593000
1776216594.754,294.754,0.97,339.92,0.96,127.0,0.98,174.63,0.99,1052.64,0.02,177.7,0.01,1052.64,0.03,294.93,0.04,142.99,0.01,0.01,2336.701399,1776216593000
1776216595.074,295.074,0.97,344.92,0.96,127.0,0.98,115.54,0.99,1052.64,0.02,120.54,0.01,1052.64,0.03,339.92,0.04,127.0,0.01,0.01,2336.701399,1776216593000
1776216595.412,295.412,0.98,495.02,0.97,304.1,0.99,127.08,,,0.01,158.08,,,0.03,545.92,0.04,127.0,0.01,0.02,2336.70538,1776216594000
1776216595.72,295.72,0.98,555.71,0.97,299.1,0.99,46.3,,,0.01,123.08,,,0.02,490.02,0.03,299.1,0.01,0.01,2336.70538,1776216594000
1776216596.143,296.143,0.99,1786.35,0.98,383.99,,,,,,,,,0.01,1136.42,0.02,274.02,,,2336.70538,1776216594000
1776216596.372,296.372,0.99,1820.26,0.98,383.99,,,,,,,,,0.01,1772.64,0.02,383.99,,,2336.70538,1776216594000
1776216596.742,296.742,0.99,2443.71,0.98,347.99,,,,,,,,,0.01,1874.23,0.02,320.65,,,2336.719708,1776216595000
1776216597.069,297.069,0.99,2443.71,0.98,347.99,,,,,,,,,0.01,2443.71,0.02,347.99,,,2336.789272,1776216596000
1776216597.32,297.32,0.99,2554.93,0.98,347.99,,,,,,,,,0.01,2443.71,0.02,347.99,,,2336.789272,1776216596000
1776216598.214,298.214,0.99,2554.93,0.98,347.99,,,,,,,,,0.01,2554.93,0.02,347.99,,,2336.867083,1776216597000
1776216599.308,299.308,0.99,2554.93,0.98,347.99,,,,,,,,,0.01,2554.93,0.02,347.99,,,2336.901765,1776216598000
1776216599.773,299.773,0.99,44767.23,0.98,306.0,,,,,,,,,0.01,2554.93,0.02,347.99,,,2336.901765,1776216598000
1776216600.996,300.996,0.99,44767.23,0.98,306.0,,,,,,,,,0.01,44767.23,0.02,306.0,,,2337.02594,1776216600000
1776216602.111,302.111,0.99,44767.23,0.98,306.0,,,,,,,,,0.01,44767.23,0.02,306.0,,,2337.143146,1776216601000

# RESULT,winner=Up,slug=eth-updown-5m-1776216300,ticks=470
