timestamp,elapsed_sec,up_bid_p1,up_bid_s1,up_bid_p2,up_bid_s2,up_ask_p1,up_ask_s1,up_ask_p2,up_ask_s2,down_bid_p1,down_bid_s1,down_bid_p2,down_bid_s2,down_ask_p1,down_ask_s1,down_ask_p2,down_ask_s2,up_spread,down_spread,eth_price,eth_oracle_ts
1776279300.787,0.787,0.45,5.29,0.4,38.0,0.48,8.03,0.49,145.07,0.53,5.0,0.52,15.0,0.55,5.29,0.6,38.0,0.03,0.02,2359.329389,1776279299000
1776279301.408,1.408,0.33,300.0,0.31,375.0,0.48,13.03,0.49,140.02,0.52,8.03,0.51,145.07,0.55,5.29,0.6,38.0,0.15,0.03,2359.329389,1776279299000
1776279301.785,1.785,0.34,16.0,0.33,300.0,0.46,57.01,0.48,18.03,0.52,13.03,0.51,140.02,0.67,300.0,0.69,375.0,0.12,0.15,2359.291585,1776279300000
1776279302.15,2.15,0.45,16.8,0.44,13.0,0.46,57.01,0.47,5.0,0.54,57.01,0.52,18.03,0.66,16.0,0.67,300.0,0.01,0.12,2359.291585,1776279300000
1776279303.176,3.176,0.45,12.81,0.44,18.0,0.46,64.01,0.47,10.0,0.54,54.01,0.53,5.0,0.55,15.98,0.56,13.0,0.01,0.01,2359.287986,1776279301000
1776279303.395,3.395,0.45,14.62,0.44,28.0,0.46,64.01,0.47,10.0,0.54,64.01,0.53,10.0,0.55,12.81,0.56,18.0,0.01,0.01,2359.287311,1776279302000
1776279303.949,3.949,0.44,26.83,0.43,39.0,0.46,64.57,0.47,10.0,0.54,59.01,0.53,10.0,0.55,4.49,0.56,28.0,0.02,0.01,2359.287311,1776279302000
1776279305.854,5.854,0.43,5.0,0.42,5.0,0.45,14.03,0.46,85.57,0.54,64.57,0.53,10.0,0.56,26.83,0.57,39.0,0.02,0.02,2359.281679,1776279304000
1776279306.088,6.088,0.43,3.24,0.4,5.0,0.44,31.0,0.45,29.03,0.55,14.03,0.54,85.57,0.57,5.0,0.58,5.0,0.01,0.02,2359.281679,1776279304000
1776279306.483,6.483,0.39,4.02,0.38,33.0,0.4,15.0,0.41,15.0,0.56,31.0,0.55,29.03,0.61,4.02,0.62,5.0,0.01,0.05,2359.281679,1776279304000
1776279306.749,6.749,0.38,40.61,0.37,20.0,0.39,15.0,0.4,15.0,0.6,15.0,0.59,15.0,0.62,37.23,0.63,15.0,0.01,0.02,2359.275805,1776279305000
1776279307.106,7.106,0.38,14.46,0.37,20.0,0.39,20.0,0.4,15.0,0.61,15.0,0.6,15.0,0.62,40.61,0.63,20.0,0.01,0.01,2359.275805,1776279305000
1776279307.51,7.51,0.38,3.14,0.37,20.0,0.39,25.0,0.4,15.0,0.61,20.0,0.6,15.0,0.62,14.46,0.63,20.0,0.01,0.01,2359.275805,1776279305000
1776279307.872,7.872,0.36,5.88,0.35,15.0,0.38,20.0,0.39,20.0,0.61,25.0,0.6,15.0,0.62,3.14,0.63,20.0,0.02,0.01,2359.236972,1776279306000
1776279308.335,8.335,0.35,10.58,0.34,15.0,0.37,25.0,0.38,15.0,0.62,20.0,0.61,20.0,0.64,5.88,0.65,15.0,0.02,0.02,2359.047438,1776279307000
1776279308.619,8.619,0.36,15.5,0.35,15.0,0.38,11.8,0.39,15.0,0.63,25.0,0.62,15.0,0.65,10.58,0.66,15.0,0.02,0.02,2359.047438,1776279307000
1776279309.043,9.043,0.37,13.44,0.36,33.5,0.38,32.3,0.39,25.5,0.62,16.8,0.61,25.0,0.63,18.72,0.64,15.5,0.01,0.01,2359.047438,1776279307000
1776279309.477,9.477,0.36,22.0,0.35,27.5,0.38,7.5,0.39,30.5,0.62,7.5,0.61,40.5,0.63,0.44,0.64,54.5,0.02,0.01,2358.896402,1776279308000
1776279310.276,10.276,0.36,35.5,0.35,32.5,0.37,48.02,0.38,23.5,0.62,7.5,0.61,30.5,0.64,22.0,0.65,27.5,0.01,0.02,2358.896402,1776279308000
1776279310.98,10.98,0.36,40.5,0.35,53.5,0.37,45.04,0.38,23.5,0.63,48.02,0.62,23.5,0.64,35.5,0.65,32.5,0.01,0.01,2358.703519,1776279310000
1776279311.274,11.274,0.37,24.75,0.36,40.5,0.39,46.0,0.4,30.5,0.61,41.0,0.6,30.5,0.64,45.5,0.65,58.5,0.02,0.03,2358.703519,1776279310000
1776279311.493,11.493,0.37,20.0,0.36,40.5,0.39,19.61,0.4,30.5,0.61,46.0,0.6,30.5,0.63,24.75,0.64,40.5,0.02,0.02,2358.703519,1776279310000
1776279311.808,11.808,0.37,10.0,0.36,40.5,0.39,15.0,0.4,35.5,0.61,10.0,0.6,35.5,0.63,10.0,0.64,40.5,0.02,0.02,2358.703519,1776279310000
1776279312.159,12.159,0.38,20.0,0.37,25.5,0.39,5.0,0.4,35.5,0.61,15.0,0.6,35.5,0.63,10.0,0.64,40.5,0.01,0.02,2358.58381,1776279311000
1776279312.483,12.483,0.39,5.0,0.38,10.0,0.4,46.75,0.41,28.0,0.61,5.0,0.6,35.5,0.62,20.0,0.63,25.5,0.01,0.01,2358.58381,1776279311000
1776279312.924,12.924,0.36,40.5,0.35,48.5,0.4,51.75,0.41,103.39,0.6,46.75,0.59,28.0,0.61,5.0,0.62,10.0,0.04,0.01,2358.58381,1776279311000
1776279313.138,13.138,0.37,6.82,0.36,50.5,0.38,51.0,0.39,31.5,0.62,26.0,0.61,41.5,0.63,13.41,0.64,40.5,0.01,0.01,2358.58381,1776279311000
1776279313.44,13.44,0.37,35.73,0.36,45.5,0.38,2.36,0.39,15.0,0.62,46.0,0.61,31.5,0.63,5.23,0.64,50.5,0.01,0.01,2358.577837,1776279312000
1776279315.581,15.581,0.36,58.0,0.35,20.5,0.38,20.0,0.39,106.11,0.61,90.61,0.6,101.74,0.63,40.73,0.64,45.5,0.02,0.02,2358.567064,1776279314000
1776279316.04,16.04,0.36,43.0,0.35,25.5,0.37,76.86,0.38,15.0,0.63,71.86,0.62,20.0,0.64,58.0,0.65,25.5,0.01,0.01,2358.567064,1776279314000
1776279316.564,16.564,0.36,18.0,0.35,30.5,0.37,34.37,0.38,46.5,0.62,15.0,0.61,25.5,0.64,38.78,0.65,25.5,0.01,0.02,2358.568644,1776279315000
1776279317.013,17.013,0.36,18.0,0.35,30.5,0.37,31.66,0.38,56.5,0.63,34.37,0.62,46.5,0.64,18.0,0.65,30.5,0.01,0.01,2358.568644,1776279315000
1776279317.779,17.779,0.34,10.5,0.33,10.5,0.35,143.53,0.36,20.0,0.63,31.66,0.62,56.5,0.64,18.0,0.65,30.5,0.01,0.01,2358.546969,1776279316000
1776279318.098,18.098,0.33,10.91,0.32,58.0,0.35,192.53,0.36,20.0,0.65,143.53,0.64,20.0,0.66,10.5,0.67,10.5,0.02,0.01,2358.531364,1776279317000
1776279318.945,18.945,0.33,20.91,0.32,58.0,0.35,53.1,0.36,109.49,0.65,192.53,0.64,20.0,0.67,10.91,0.68,58.0,0.02,0.02,2358.531364,1776279317000
1776279320.261,20.261,0.33,12.17,0.32,58.0,0.34,15.0,0.35,127.09,0.65,53.1,0.64,109.49,0.67,20.91,0.68,58.0,0.01,0.02,2358.323219,1776279319000
1776279322.671,22.671,0.28,15.08,0.27,5.0,0.29,25.0,0.3,25.5,0.66,15.0,0.65,127.09,0.67,12.17,0.68,58.0,0.01,0.01,2358.263949,1776279321000
1776279323.084,23.084,0.27,20.29,0.26,88.0,0.28,20.0,0.29,51.5,0.71,25.0,0.7,25.5,0.72,15.08,0.73,5.0,0.01,0.01,2358.263949,1776279321000
1776279323.815,23.815,0.26,74.5,0.25,21.0,0.28,60.34,0.29,62.5,0.72,20.0,0.71,51.5,0.73,16.52,0.74,54.0,0.02,0.01,2358.2124,1776279322000
1776279324.291,24.291,0.27,34.13,0.26,69.5,0.28,20.0,0.29,51.5,0.72,56.05,0.71,62.5,0.74,79.5,0.75,21.0,0.01,0.02,2358.120435,1776279323000
1776279324.774,24.774,0.27,4.31,0.26,69.5,0.28,10.0,0.29,51.5,0.72,10.0,0.71,51.5,0.73,14.4,0.74,69.5,0.01,0.01,2358.120435,1776279323000
1776279325.663,25.663,0.27,35.0,0.26,79.5,0.29,40.75,0.3,31.5,0.72,10.0,0.71,51.5,0.73,4.31,0.74,69.5,0.02,0.01,2358.027831,1776279324000
1776279325.895,25.895,0.28,7.98,0.27,15.0,0.29,40.75,0.3,41.5,0.71,40.75,0.7,31.5,0.73,35.0,0.74,79.5,0.01,0.02,2358.027831,1776279324000
1776279326.334,26.334,0.27,15.0,0.26,79.5,0.29,41.57,0.3,41.5,0.71,40.75,0.7,41.5,0.72,7.98,0.73,15.0,0.02,0.01,2357.966665,1776279325000
1776279326.797,26.797,0.32,95.5,0.31,36.5,0.33,8.0,0.34,38.27,0.71,41.57,0.7,41.5,0.73,15.0,0.74,79.5,0.01,0.02,2357.966665,1776279325000
1776279327.087,27.087,0.33,94.5,0.32,117.5,0.36,36.83,0.37,54.5,0.66,31.21,0.65,5.0,0.67,23.5,0.68,133.5,0.03,0.01,2357.944083,1776279326000
1776279327.291,27.291,0.35,5.61,0.34,32.5,0.37,40.33,0.38,63.0,0.64,36.83,0.63,54.5,0.65,10.61,0.66,32.5,0.02,0.01,2357.944083,1776279326000
1776279327.491,27.491,0.36,24.42,0.35,5.61,0.37,40.33,0.38,73.0,0.63,40.33,0.62,63.0,0.65,5.61,0.66,32.5,0.01,0.02,2357.944083,1776279326000
1776279328.699,28.699,0.36,59.92,0.35,25.5,0.38,25.0,0.4,35.0,0.63,40.33,0.62,73.0,0.64,24.42,0.65,5.61,0.02,0.01,2357.961221,1776279327000
1776279330.17,30.17,0.39,13.72,0.38,23.74,0.4,30.0,0.41,79.07,0.62,25.0,0.6,35.0,0.64,59.92,0.65,25.5,0.01,0.02,2358.37523,1776279329000
1776279330.472,30.472,0.39,28.72,0.38,23.74,0.41,45.82,0.43,5.0,0.6,30.0,0.59,79.07,0.61,13.72,0.62,23.74,0.02,0.01,2358.37523,1776279329000
1776279330.68,30.68,0.42,10.0,0.41,10.0,0.44,14.08,0.45,20.0,0.56,20.08,0.55,70.0,0.58,10.0,0.59,10.0,0.02,0.02,2358.37523,1776279329000
1776279330.911,30.911,0.43,11.73,0.42,22.0,0.44,130.45,0.45,15.0,0.55,51.16,0.54,92.29,0.58,17.0,0.59,10.0,0.01,0.03,2358.37523,1776279329000
1776279331.189,31.189,0.41,16.73,0.4,27.5,0.44,108.71,0.45,33.0,0.56,108.71,0.55,26.0,0.57,11.73,0.58,22.0,0.03,0.01,2358.56248,1776279330000
1776279331.855,31.855,0.41,3.81,0.4,37.0,0.43,46.49,0.44,94.05,0.56,108.71,0.55,33.0,0.59,16.73,0.6,27.5,0.02,0.03,2358.56248,1776279330000
1776279332.225,32.225,0.41,0.7,0.4,42.0,0.42,25.0,0.43,42.32,0.57,46.49,0.56,94.05,0.59,3.81,0.6,37.0,0.01,0.02,2358.613671,1776279331000
1776279332.88,32.88,0.4,70.0,0.39,74.22,0.41,2.56,0.42,41.49,0.58,25.0,0.57,42.32,0.6,39.68,0.61,69.22,0.01,0.02,2358.613671,1776279331000
1776279333.798,33.798,0.4,73.83,0.39,64.22,0.41,16.49,0.42,20.0,0.59,2.56,0.58,41.49,0.6,73.33,0.61,74.22,0.01,0.01,2358.716782,1776279332000
1776279335.067,35.067,0.4,63.33,0.39,79.22,0.41,41.49,0.42,25.0,0.59,16.49,0.58,20.0,0.6,73.83,0.61,64.22,0.01,0.01,2358.631255,1776279333000
1776279335.485,35.485,0.4,92.16,0.39,74.22,0.41,36.49,0.42,20.0,0.59,41.49,0.58,25.0,0.6,63.33,0.61,79.22,0.01,0.01,2358.743566,1776279334000
1776279335.776,35.776,0.4,72.88,0.39,84.22,0.41,11.86,0.42,20.0,0.59,24.05,0.58,20.0,0.6,77.88,0.61,74.22,0.01,0.01,2358.743566,1776279334000
1776279336.607,36.607,0.4,80.5,0.39,105.22,0.41,1.86,0.44,10.0,0.59,11.86,0.58,20.0,0.6,72.88,0.61,84.22,0.01,0.01,2358.660814,1776279335000
1776279336.973,36.973,0.44,6.53,0.43,30.0,0.45,15.0,0.46,32.56,0.56,10.0,0.55,5.0,0.6,157.5,0.61,95.22,0.01,0.04,2358.660814,1776279335000
1776279337.441,37.441,0.44,74.17,0.43,15.0,0.45,5.0,0.46,10.56,0.55,15.0,0.54,32.56,0.56,6.53,0.57,30.0,0.01,0.01,2358.635025,1776279336000
1776279337.648,37.648,0.46,5.0,0.45,10.5,0.48,63.29,0.49,392.82,0.52,71.11,0.51,392.82,0.55,10.5,0.56,275.17,0.02,0.03,2358.635025,1776279336000
1776279337.868,37.868,0.48,178.5,0.47,52.35,0.49,141.69,0.5,15.38,0.51,144.82,0.5,15.38,0.52,20.5,0.53,59.35,0.01,0.01,2358.635025,1776279336000
1776279338.129,38.129,0.48,213.5,0.47,37.35,0.49,123.62,0.5,15.38,0.51,128.62,0.5,15.38,0.52,183.5,0.53,52.35,0.01,0.01,2358.635025,1776279336000
1776279338.388,38.388,0.48,145.5,0.47,78.35,0.49,98.9,0.5,15.38,0.51,128.62,0.5,15.38,0.52,103.5,0.53,37.35,0.01,0.01,2358.635025,1776279336000
1776279338.613,38.613,0.48,155.5,0.47,183.35,0.54,13.0,0.55,16.0,0.51,93.9,0.5,15.38,0.52,170.5,0.53,78.35,0.06,0.01,2358.760341,1776279337000
1776279338.995,38.995,0.54,20.0,0.53,20.0,0.55,19.66,0.56,22.0,0.45,16.0,0.44,22.0,0.47,10.0,0.48,10.0,0.01,0.02,2359.131488,1776279338000
1776279339.201,39.201,0.54,90.5,0.53,41.5,0.56,23.14,0.57,30.0,0.45,19.66,0.44,22.0,0.46,20.0,0.47,20.0,0.02,0.01,2359.131488,1776279338000
1776279339.609,39.609,0.55,54.77,0.54,90.5,0.56,28.14,0.57,41.0,0.44,23.14,0.43,30.0,0.46,90.5,0.47,41.5,0.01,0.02,2359.131488,1776279338000
1776279339.966,39.966,0.55,83.27,0.54,80.5,0.56,53.32,0.57,41.0,0.44,28.14,0.43,41.0,0.45,54.77,0.46,90.5,0.01,0.01,2359.131488,1776279338000
1776279340.3,40.3,0.55,159.27,0.54,86.5,0.56,1.28,0.57,40.0,0.44,53.32,0.43,41.0,0.45,83.27,0.46,80.5,0.01,0.01,2359.532977,1776279339000
1776279340.636,40.636,0.61,10.0,0.6,20.5,0.62,5.22,0.63,63.16,0.4,25.0,0.38,13.15,0.41,183.71,0.42,35.0,0.01,0.01,2359.532977,1776279339000
1776279340.871,40.871,0.61,65.0,0.6,125.5,0.65,36.57,0.66,50.0,0.38,4.12,0.37,13.38,0.39,65.0,0.4,125.5,0.04,0.01,2359.532977,1776279339000
1776279341.243,41.243,0.6,59.75,0.59,31.5,0.61,12.62,0.62,44.0,0.39,4.9,0.38,5.0,0.4,149.75,0.41,31.5,0.01,0.01,2359.532977,1776279339000
1776279341.449,41.449,0.62,10.0,0.61,10.0,0.63,5.0,0.64,26.0,0.37,5.0,0.36,26.0,0.39,10.0,0.4,54.75,0.01,0.02,2359.649373,1776279340000
1776279343.05,43.05,0.61,5.0,0.6,10.0,0.62,29.08,0.63,35.2,0.37,5.0,0.36,26.0,0.38,10.0,0.39,10.0,0.01,0.01,2360.295499,1776279342000
1776279343.345,43.345,0.58,13.6,0.57,10.0,0.59,12.19,0.6,15.0,0.38,39.08,0.37,35.2,0.4,10.0,0.42,20.5,0.01,0.02,2360.295499,1776279342000
1776279343.937,43.937,0.57,5.0,0.56,35.0,0.58,5.0,0.59,75.5,0.41,12.19,0.4,15.0,0.42,13.6,0.43,10.0,0.01,0.01,2360.295499,1776279342000
1776279344.384,44.384,0.56,30.45,0.55,10.0,0.58,78.29,0.59,45.5,0.42,3.27,0.41,80.5,0.43,10.0,0.44,35.0,0.02,0.01,2360.306855,1776279343000
1776279344.786,44.786,0.56,15.95,0.55,20.5,0.57,10.13,0.58,113.79,0.42,78.29,0.41,45.5,0.44,30.45,0.45,10.0,0.01,0.02,2360.306855,1776279343000
1776279345.008,45.008,0.56,15.95,0.55,20.5,0.57,12.95,0.58,120.52,0.43,10.13,0.42,113.79,0.44,15.95,0.45,20.5,0.01,0.01,2360.306855,1776279343000
1776279345.406,45.406,0.56,20.95,0.55,25.5,0.58,84.84,0.59,35.5,0.43,11.95,0.42,120.52,0.44,15.95,0.45,20.5,0.02,0.01,2360.248267,1776279344000
1776279345.622,45.622,0.57,20.5,0.56,15.95,0.58,28.84,0.59,35.5,0.42,39.84,0.41,35.5,0.43,25.5,0.44,15.95,0.01,0.01,2360.248267,1776279344000
1776279346.115,46.115,0.57,10.0,0.56,15.95,0.58,73.78,0.59,35.5,0.42,6.84,0.41,35.5,0.43,20.5,0.44,26.95,0.01,0.01,2360.248267,1776279344000
1776279346.724,46.724,0.56,19.67,0.55,30.5,0.58,88.78,0.59,35.5,0.42,73.78,0.41,35.5,0.43,10.0,0.44,15.95,0.02,0.01,2359.933985,1776279345000
1776279346.939,46.939,0.57,7.67,0.56,29.67,0.58,88.78,0.59,40.5,0.42,88.78,0.41,35.5,0.44,19.67,0.45,30.5,0.01,0.02,2359.933985,1776279345000
1776279347.516,47.516,0.57,5.34,0.56,29.67,0.58,87.05,0.59,40.5,0.42,88.78,0.41,40.5,0.43,5.34,0.44,29.67,0.01,0.01,2359.890881,1776279346000
1776279348.655,48.655,0.57,87.84,0.56,29.67,0.58,68.05,0.59,15.0,0.42,87.05,0.41,40.5,0.43,5.34,0.44,29.67,0.01,0.01,2359.885807,1776279347000
1776279348.946,48.946,0.58,40.16,0.57,77.84,0.59,20.0,0.6,81.27,0.41,15.0,0.4,10.0,0.43,82.84,0.44,29.67,0.01,0.02,2359.885807,1776279347000
1776279351.579,51.579,0.58,2.61,0.57,15.34,0.59,50.11,0.6,91.77,0.41,20.0,0.4,81.27,0.42,40.96,0.43,77.84,0.01,0.01,2359.967632,1776279350000
1776279351.815,51.815,0.57,15.34,0.56,29.67,0.58,14.82,0.59,35.11,0.41,50.11,0.4,91.77,0.43,15.34,0.44,29.67,0.01,0.02,2359.967632,1776279350000
1776279352.104,52.104,0.57,11.85,0.56,29.67,0.58,29.61,0.59,20.5,0.42,14.82,0.41,35.11,0.43,15.34,0.44,29.67,0.01,0.01,2359.967632,1776279350000
1776279352.71,52.71,0.55,4.24,0.54,38.5,0.56,82.61,0.57,108.43,0.42,29.61,0.41,20.5,0.43,11.85,0.44,29.67,0.01,0.01,2360.032513,1776279351000
1776279353.008,53.008,0.54,20.71,0.53,20.5,0.56,102.61,0.57,139.43,0.44,92.61,0.43,118.43,0.45,4.88,0.46,28.0,0.02,0.01,2360.032513,1776279351000
1776279353.317,53.317,0.54,87.71,0.53,35.5,0.55,66.46,0.56,112.61,0.44,102.61,0.43,139.43,0.46,20.71,0.47,20.5,0.01,0.02,2360.032513,1776279351000
1776279353.659,53.659,0.54,66.36,0.53,35.5,0.55,66.46,0.56,112.61,0.45,66.46,0.44,107.61,0.46,60.97,0.47,35.5,0.01,0.01,2359.936157,1776279352000
1776279354.132,54.132,0.54,10.0,0.52,45.0,0.55,184.96,0.56,84.61,0.45,66.46,0.44,112.61,0.46,66.36,0.47,35.5,0.01,0.01,2359.899102,1776279353000
1776279354.977,54.977,0.52,63.5,0.51,20.5,0.53,131.79,0.55,20.5,0.45,184.96,0.44,84.61,0.48,45.0,0.49,10.0,0.01,0.03,2359.899102,1776279353000
1776279355.246,55.246,0.52,51.41,0.51,26.5,0.53,131.79,0.55,20.5,0.47,131.79,0.45,20.5,0.48,63.5,0.49,20.5,0.01,0.01,2359.68875,1776279354000
1776279356.232,56.232,0.52,45.5,0.51,10.0,0.53,131.79,0.55,38.5,0.47,131.79,0.45,20.5,0.48,51.41,0.49,26.5,0.01,0.01,2359.68875,1776279354000
1776279356.532,56.532,0.52,41.0,0.51,0.5,0.53,15.79,0.55,10.0,0.47,141.79,0.45,10.0,0.49,0.5,0.5,77.5,0.01,0.02,2359.563502,1776279355000
1776279357.03,57.03,0.52,125.5,0.51,18.5,0.53,10.69,0.55,10.5,0.47,15.79,0.45,10.0,0.48,41.0,0.49,0.5,0.01,0.01,2359.666827,1776279356000
1776279357.57,57.57,0.52,44.33,0.51,13.5,0.55,20.5,0.56,30.5,0.45,10.5,0.44,25.5,0.48,115.5,0.49,18.5,0.03,0.03,2359.666827,1776279356000
1776279358.267,58.267,0.54,31.0,0.52,35.5,0.55,23.0,0.56,96.49,0.45,20.5,0.44,30.5,0.48,44.33,0.49,13.5,0.01,0.03,2359.580005,1776279357000
1776279358.909,58.909,0.54,10.0,0.5,75.0,0.55,81.0,0.56,141.49,0.45,23.0,0.44,96.49,0.46,31.0,0.48,35.5,0.01,0.01,2359.580005,1776279357000
1776279359.426,59.426,0.5,25.0,0.49,85.0,0.51,13.03,0.52,23.0,0.45,81.0,0.44,141.49,0.5,75.0,0.51,85.0,0.01,0.05,2359.593077,1776279358000
1776279360.592,60.592,0.49,100.5,0.48,150.5,0.54,25.13,0.55,34.0,0.49,13.03,0.48,23.0,0.5,25.0,0.51,85.0,0.05,0.01,2359.5811,1776279359000
1776279360.948,60.948,0.49,110.5,0.48,160.5,0.51,3.93,0.52,21.0,0.5,8.39,0.49,10.0,0.51,90.5,0.52,160.5,0.02,0.01,2359.5811,1776279359000
1776279361.742,61.742,0.49,30.0,0.48,75.5,0.5,15.0,0.51,3.93,0.49,3.93,0.48,21.0,0.51,110.5,0.52,160.5,0.01,0.02,2359.440953,1776279360000
1776279363.459,63.459,0.5,28.5,0.49,50.5,0.51,23.93,0.52,80.0,0.5,15.0,0.49,3.93,0.52,75.5,0.53,175.5,0.01,0.02,2359.365886,1776279362000
1776279365.519,65.519,0.53,62.5,0.52,84.5,0.54,6.85,0.55,60.0,0.49,23.93,0.48,80.0,0.5,28.5,0.51,50.5,0.01,0.01,2359.345095,1776279364000
1776279365.898,65.898,0.53,68.22,0.52,79.5,0.54,6.85,0.55,60.0,0.46,6.85,0.45,60.0,0.47,62.5,0.48,84.5,0.01,0.01,2359.345095,1776279364000
1776279366.648,66.648,0.55,106.27,0.54,25.5,0.56,85.0,0.57,104.85,0.46,6.85,0.45,60.0,0.47,68.22,0.48,79.5,0.01,0.01,2359.420954,1776279365000
1776279367.083,67.083,0.55,76.25,0.54,25.5,0.56,85.0,0.57,104.85,0.44,85.0,0.43,104.85,0.45,89.7,0.46,25.5,0.01,0.01,2359.608439,1776279366000
1776279367.731,67.731,0.55,30.75,0.54,25.5,0.57,91.35,0.58,89.5,0.44,85.0,0.43,104.85,0.45,76.25,0.46,25.5,0.02,0.01,2359.608439,1776279366000
1776279369.804,69.804,0.56,77.93,0.55,41.25,0.57,35.0,0.58,74.0,0.43,91.35,0.42,89.5,0.45,30.75,0.46,25.5,0.01,0.02,2359.672535,1776279368000
1776279370.338,70.338,0.57,18.17,0.56,69.01,0.58,45.0,0.59,141.0,0.43,35.0,0.42,74.0,0.44,77.93,0.45,41.25,0.01,0.01,2359.778376,1776279369000
1776279371.97,71.97,0.57,7.67,0.56,41.01,0.58,64.71,0.59,149.5,0.41,195.45,0.4,145.0,0.43,13.17,0.44,74.01,0.01,0.02,2359.662492,1776279370000
1776279373.792,73.792,0.56,37.43,0.55,46.5,0.57,10.0,0.58,44.0,0.42,69.71,0.41,149.5,0.44,31.01,0.45,46.5,0.01,0.02,2359.827195,1776279372000
1776279374.754,74.754,0.55,10.0,0.54,15.0,0.57,75.26,0.58,67.5,0.43,10.0,0.42,44.0,0.44,37.43,0.45,46.5,0.02,0.01,2359.74977,1776279373000
1776279375.262,75.262,0.54,20.0,0.53,35.5,0.55,3.18,0.56,49.0,0.44,10.0,0.43,75.26,0.47,30.5,0.48,25.5,0.01,0.03,2359.710321,1776279374000
1776279376.926,76.926,0.54,35.5,0.53,35.5,0.55,10.95,0.56,44.0,0.45,3.18,0.44,49.0,0.46,20.0,0.47,35.5,0.01,0.01,2359.73998,1776279375000
1776279377.201,77.201,0.54,37.23,0.53,35.5,0.55,10.95,0.56,44.0,0.45,10.95,0.44,44.0,0.46,35.5,0.47,35.5,0.01,0.01,2359.635687,1776279376000
1776279377.92,77.92,0.54,4.23,0.53,35.5,0.55,10.95,0.56,44.0,0.45,10.95,0.44,44.0,0.46,37.23,0.47,35.5,0.01,0.01,2359.635687,1776279376000
1776279378.298,78.298,0.54,13.79,0.53,35.5,0.55,10.95,0.56,44.0,0.45,10.95,0.44,44.0,0.46,4.23,0.47,35.5,0.01,0.01,2359.635687,1776279376000
1776279378.94,78.94,0.54,15.0,0.53,35.5,0.57,21.87,0.58,36.5,0.45,10.95,0.44,44.0,0.46,13.79,0.47,35.5,0.03,0.01,2359.611663,1776279377000
1776279379.441,79.441,0.54,10.0,0.53,15.0,0.55,17.35,0.56,52.5,0.44,5.0,0.43,54.87,0.45,11.66,0.46,15.0,0.01,0.01,2359.611663,1776279378000
1776279380.085,80.085,0.51,25.5,0.5,25.5,0.54,34.0,0.55,56.85,0.45,96.35,0.44,143.32,0.47,10.0,0.48,10.0,0.03,0.02,2359.611663,1776279378000
1776279380.983,80.983,0.52,30.5,0.51,36.5,0.53,21.51,0.54,17.0,0.46,34.0,0.45,56.85,0.49,25.5,0.5,25.5,0.01,0.03,2359.610598,1776279379000
1776279384.408,84.408,0.52,212.5,0.51,96.5,0.57,10.0,0.58,10.0,0.47,21.51,0.46,17.0,0.48,30.5,0.49,36.5,0.05,0.01,2359.518125,1776279383000
1776279391.336,91.336,0.57,82.01,0.56,30.5,0.58,10.0,0.59,120.0,0.43,10.0,0.42,10.0,0.48,212.5,0.49,96.5,0.01,0.05,2359.769374,1776279390000
1776279393.213,93.213,0.58,72.66,0.57,79.01,0.59,50.0,0.6,150.5,0.42,10.0,0.41,120.0,0.43,82.01,0.44,30.5,0.01,0.01,2359.7626,1776279391000
1776279395.231,95.231,0.58,87.18,0.57,79.01,0.59,50.0,0.6,145.5,0.41,50.0,0.4,150.5,0.42,72.66,0.43,79.01,0.01,0.01,2359.831995,1776279394000
1776279397.172,97.172,0.58,48.77,0.57,79.01,0.59,80.5,0.6,155.5,0.41,50.0,0.4,145.5,0.42,87.18,0.43,79.01,0.01,0.01,2359.833205,1776279395000
1776279402.115,102.115,0.6,146.5,0.59,76.5,0.61,8.36,0.62,190.0,0.41,80.5,0.4,155.5,0.42,48.77,0.43,79.01,0.01,0.01,2359.884796,1776279401000
1776279404.353,104.353,0.61,131.5,0.6,87.5,0.63,100.0,0.64,110.5,0.39,8.36,0.38,190.0,0.4,146.5,0.41,76.5,0.02,0.01,2360.054911,1776279403000
1776279404.853,104.853,0.61,5.0,0.6,11.0,0.63,156.49,0.64,141.5,0.37,100.0,0.36,110.5,0.39,131.5,0.4,87.5,0.02,0.02,2360.054911,1776279403000
1776279405.801,105.801,0.62,78.34,0.61,65.5,0.63,95.0,0.64,126.5,0.38,15.0,0.37,135.5,0.4,11.0,0.41,25.5,0.01,0.02,2359.945904,1776279404000
1776279408.066,108.066,0.62,57.84,0.61,65.5,0.63,1.0,0.64,40.5,0.37,95.0,0.36,126.5,0.38,78.34,0.39,65.5,0.01,0.01,2359.989989,1776279406000
1776279408.652,108.652,0.62,69.39,0.61,75.5,0.63,1.0,0.64,40.5,0.37,1.0,0.36,40.5,0.38,57.84,0.39,65.5,0.01,0.01,2360.004477,1776279407000
1776279409.253,109.253,0.62,64.39,0.61,75.5,0.64,39.42,0.65,90.57,0.37,1.0,0.36,40.5,0.38,69.39,0.39,75.5,0.02,0.01,2360.010684,1776279408000
1776279410.332,110.332,0.63,70.0,0.62,48.39,0.64,12.63,0.65,69.56,0.36,39.42,0.35,90.57,0.38,64.39,0.39,75.5,0.01,0.02,2360.050477,1776279409000
1776279411.271,111.271,0.58,85.0,0.57,60.5,0.59,23.95,0.6,36.5,0.36,12.63,0.35,69.56,0.37,70.0,0.38,48.39,0.01,0.01,2359.9779,1776279410000
1776279412.589,112.589,0.58,89.5,0.57,70.5,0.59,15.45,0.6,21.0,0.41,23.95,0.4,36.5,0.42,85.0,0.43,60.5,0.01,0.01,2359.981592,1776279411000
1776279412.988,112.988,0.58,94.5,0.57,70.5,0.59,6.97,0.6,21.0,0.41,15.45,0.4,21.0,0.42,89.5,0.43,70.5,0.01,0.01,2359.981592,1776279411000
1776279413.218,113.218,0.58,89.5,0.57,70.5,0.59,1.54,0.6,21.0,0.41,6.97,0.4,21.0,0.42,94.5,0.43,70.5,0.01,0.01,2359.981592,1776279411000
1776279414.194,114.194,0.63,132.5,0.62,15.0,0.65,86.74,0.66,95.0,0.41,1.54,0.4,21.0,0.42,89.5,0.43,70.5,0.02,0.01,2359.94445,1776279413000
1776279414.632,114.632,0.64,107.44,0.63,70.5,0.65,81.74,0.66,80.0,0.35,81.74,0.34,95.0,0.36,50.33,0.37,65.5,0.01,0.01,2359.94445,1776279413000
1776279416.442,116.442,0.66,50.0,0.65,16.0,0.68,25.5,0.69,90.5,0.33,45.0,0.32,25.5,0.36,102.44,0.37,80.5,0.02,0.03,2359.98099,1776279415000
1776279420.472,120.472,0.61,85.0,0.6,56.0,0.64,15.0,0.65,54.5,0.32,23.77,0.31,90.5,0.34,75.0,0.35,16.0,0.03,0.02,2360.153904,1776279418000
1776279420.899,120.899,0.61,85.0,0.6,51.0,0.62,52.01,0.63,27.5,0.37,4.67,0.36,20.0,0.38,15.0,0.39,85.0,0.01,0.01,2360.150201,1776279419000
1776279421.339,121.339,0.61,126.5,0.6,61.5,0.62,47.01,0.63,10.0,0.38,55.13,0.37,38.5,0.39,106.0,0.4,51.0,0.01,0.01,2360.150201,1776279420000
1776279421.589,121.589,0.61,101.5,0.6,61.5,0.62,39.67,0.63,10.0,0.38,47.01,0.37,10.0,0.39,126.5,0.4,61.5,0.01,0.01,2360.150201,1776279420000
1776279422.218,122.218,0.61,57.0,0.6,83.5,0.62,52.89,0.63,20.5,0.38,39.67,0.37,10.0,0.39,101.5,0.4,61.5,0.01,0.01,2360.150201,1776279420000
1776279422.442,122.442,0.61,47.0,0.6,83.5,0.62,48.89,0.63,20.5,0.38,59.89,0.37,20.5,0.39,47.0,0.4,83.5,0.01,0.01,2360.128818,1776279421000
1776279422.696,122.696,0.61,41.0,0.6,61.5,0.62,38.39,0.63,30.5,0.38,48.89,0.37,20.5,0.39,47.0,0.4,83.5,0.01,0.01,2360.128818,1776279421000
1776279426.515,126.515,0.61,78.5,0.6,66.5,0.62,13.77,0.63,25.5,0.38,38.39,0.37,30.5,0.39,41.0,0.4,61.5,0.01,0.01,2359.964316,1776279425000
1776279427.197,127.197,0.61,83.5,0.6,66.5,0.62,5.7,0.63,25.5,0.38,13.77,0.37,25.5,0.39,78.5,0.4,66.5,0.01,0.01,2359.925623,1776279426000
1776279428.614,128.614,0.61,57.85,0.6,71.5,0.62,5.7,0.63,25.5,0.38,5.7,0.37,25.5,0.39,83.5,0.4,66.5,0.01,0.01,2360.037573,1776279427000
1776279429.773,129.773,0.59,5.0,0.58,46.5,0.6,10.0,0.61,89.0,0.38,5.7,0.37,25.5,0.39,57.85,0.4,71.5,0.01,0.01,2359.925822,1776279428000
1776279430.266,130.266,0.6,81.5,0.59,45.5,0.61,11.17,0.62,80.7,0.39,7.0,0.38,10.7,0.43,17.38,0.44,50.5,0.01,0.04,2359.925822,1776279428000
1776279432.063,132.063,0.6,65.0,0.59,52.5,0.61,10.0,0.62,71.2,0.39,11.17,0.38,80.7,0.4,81.5,0.41,45.5,0.01,0.01,2359.928898,1776279431000
1776279432.645,132.645,0.61,66.5,0.6,38.0,0.62,50.7,0.63,25.0,0.39,10.0,0.38,71.2,0.4,65.0,0.41,52.5,0.01,0.01,2359.928898,1776279431000
1776279436.487,136.487,0.61,151.5,0.6,38.0,0.64,5.0,0.65,21.5,0.38,50.7,0.37,25.0,0.39,66.5,0.4,38.0,0.03,0.01,2359.885598,1776279435000
1776279440.668,140.668,0.64,25.0,0.63,10.0,0.65,56.5,0.66,79.5,0.36,5.0,0.35,21.5,0.39,151.5,0.4,38.0,0.01,0.03,2359.966828,1776279439000
1776279441.152,141.152,0.63,46.0,0.62,25.5,0.64,23.15,0.65,36.5,0.35,56.5,0.34,79.5,0.37,10.0,0.38,15.0,0.01,0.02,2359.928624,1776279440000
1776279441.956,141.956,0.63,66.5,0.62,35.5,0.64,11.14,0.65,41.5,0.36,23.15,0.35,36.5,0.37,41.0,0.38,25.5,0.01,0.01,2359.928624,1776279440000
1776279442.345,142.345,0.64,25.5,0.63,151.5,0.65,1.0,0.66,41.0,0.36,11.14,0.35,41.5,0.37,66.5,0.38,35.5,0.01,0.01,2359.928624,1776279440000
1776279442.572,142.572,0.66,25.5,0.65,117.5,0.67,37.41,0.68,31.5,0.34,35.0,0.33,43.41,0.35,11.0,0.36,116.5,0.01,0.01,2359.894623,1776279441000
1776279443.275,143.275,0.66,138.5,0.65,82.5,0.67,16.41,0.68,31.5,0.33,37.41,0.32,31.5,0.34,25.5,0.35,117.5,0.01,0.01,2359.892308,1776279442000
1776279443.718,143.718,0.67,158.5,0.66,132.5,0.68,0.92,0.7,127.1,0.33,16.41,0.32,31.5,0.34,138.5,0.35,82.5,0.01,0.01,2359.892308,1776279442000
1776279444.304,144.304,0.69,124.5,0.68,20.5,0.71,91.0,0.72,75.0,0.3,127.1,0.29,70.0,0.33,110.5,0.34,132.5,0.02,0.03,2359.892308,1776279442000
1776279445.691,145.691,0.71,96.5,0.7,76.5,0.73,217.78,0.74,142.0,0.29,91.0,0.28,75.0,0.31,124.5,0.32,20.5,0.02,0.02,2360.044289,1776279444000
1776279446.062,146.062,0.72,72.57,0.71,50.5,0.73,222.78,0.74,140.0,0.27,217.78,0.26,142.0,0.29,96.5,0.3,76.5,0.01,0.02,2360.044289,1776279444000
1776279446.565,146.565,0.72,68.99,0.71,50.5,0.73,187.28,0.74,150.5,0.27,222.78,0.26,140.0,0.28,72.57,0.29,50.5,0.01,0.01,2360.341407,1776279445000
1776279447.12,147.12,0.72,64.91,0.71,50.5,0.73,197.78,0.74,150.5,0.27,187.28,0.26,150.5,0.28,68.99,0.29,50.5,0.01,0.01,2360.341407,1776279445000
1776279448.605,148.605,0.72,64.77,0.71,55.0,0.73,56.82,0.74,25.5,0.27,197.78,0.26,150.5,0.28,61.33,0.29,50.5,0.01,0.01,2360.289185,1776279447000
1776279450.289,150.289,0.71,2.37,0.7,71.5,0.73,38.87,0.74,25.5,0.27,56.82,0.26,25.5,0.28,64.77,0.29,55.0,0.02,0.01,2360.272565,1776279448000
1776279450.728,150.728,0.71,15.5,0.7,41.5,0.72,4.0,0.73,43.87,0.27,38.87,0.26,25.5,0.29,2.37,0.3,71.5,0.01,0.02,2360.272565,1776279448000
1776279451.028,151.028,0.72,70.5,0.71,40.5,0.74,25.5,0.75,111.69,0.26,0.09,0.25,111.69,0.29,25.5,0.3,41.5,0.02,0.03,2360.28931,1776279450000
1776279451.387,151.387,0.73,35.0,0.72,55.32,0.74,17.93,0.75,116.69,0.26,14.5,0.25,116.69,0.28,59.82,0.29,40.5,0.01,0.02,2360.28931,1776279450000
1776279452.384,152.384,0.73,75.81,0.72,50.32,0.74,125.27,0.75,116.69,0.25,116.69,0.24,89.0,0.27,85.5,0.28,55.32,0.01,0.02,2360.333169,1776279451000
1776279453.626,153.626,0.73,75.81,0.72,50.32,0.74,98.27,0.75,38.5,0.26,125.27,0.25,116.69,0.27,75.81,0.28,50.32,0.01,0.01,2360.337781,1776279452000
1776279453.997,153.997,0.74,80.0,0.73,45.31,0.75,5.5,0.76,35.5,0.25,16.5,0.24,42.5,0.27,65.31,0.28,45.32,0.01,0.02,2360.337781,1776279452000
1776279454.561,154.561,0.75,75.0,0.74,66.0,0.76,140.9,0.77,139.99,0.25,5.5,0.24,35.5,0.26,80.0,0.27,45.31,0.01,0.01,2360.313815,1776279453000
1776279454.923,154.923,0.74,20.38,0.73,20.0,0.76,241.21,0.77,158.99,0.24,140.9,0.23,139.99,0.25,75.0,0.26,66.0,0.02,0.01,2360.313815,1776279453000
1776279456.188,156.188,0.74,42.53,0.73,41.5,0.75,66.82,0.76,184.89,0.24,241.21,0.23,158.99,0.26,20.38,0.27,20.0,0.01,0.02,2360.341455,1776279455000
1776279456.781,156.781,0.74,24.18,0.73,41.5,0.75,61.32,0.76,174.89,0.25,66.82,0.24,184.89,0.26,42.53,0.27,41.5,0.01,0.01,2360.341455,1776279455000
1776279457.23,157.23,0.74,101.5,0.73,46.5,0.75,42.32,0.76,147.4,0.25,61.32,0.24,174.89,0.26,24.18,0.27,41.5,0.01,0.01,2360.400668,1776279456000
1776279457.835,157.835,0.74,61.0,0.73,51.5,0.75,33.65,0.76,157.9,0.25,35.32,0.24,157.9,0.26,101.5,0.27,46.5,0.01,0.01,2360.400668,1776279456000
1776279459.091,159.091,0.74,15.92,0.73,30.0,0.75,80.66,0.76,57.5,0.25,33.65,0.24,157.9,0.26,61.0,0.27,51.5,0.01,0.01,2360.307517,1776279457000
1776279459.839,159.839,0.71,4.0,0.7,10.0,0.72,6.0,0.73,6.0,0.25,80.66,0.24,57.5,0.26,15.92,0.27,30.0,0.01,0.01,2360.324646,1776279458000
1776279460.165,160.165,0.69,96.18,0.68,239.12,0.7,6.66,0.71,19.0,0.3,6.66,0.29,16.04,0.31,110.5,0.32,239.12,0.01,0.01,2360.324646,1776279458000
1776279461.038,161.038,0.68,199.12,0.67,70.0,0.69,91.64,0.7,136.16,0.3,6.66,0.29,19.0,0.31,96.18,0.32,239.12,0.01,0.01,2360.33674,1776279459000
1776279461.27,161.27,0.68,59.12,0.67,70.0,0.69,109.63,0.7,104.16,0.31,91.64,0.3,136.16,0.32,199.12,0.33,70.0,0.01,0.01,2360.33674,1776279459000
1776279461.916,161.916,0.68,39.12,0.67,70.0,0.69,141.63,0.7,120.16,0.31,109.63,0.3,104.16,0.32,59.12,0.33,70.0,0.01,0.01,2360.32091,1776279460000
1776279462.897,162.897,0.66,20.0,0.65,31.0,0.67,48.32,0.68,230.94,0.31,141.63,0.3,120.16,0.33,70.0,0.34,95.0,0.01,0.02,2360.305822,1776279461000
1776279464.193,164.193,0.65,10.0,0.64,126.0,0.68,71.51,0.69,57.5,0.33,48.32,0.32,230.94,0.34,20.0,0.35,31.0,0.03,0.01,2360.205575,1776279462000
1776279465.753,165.753,0.65,10.0,0.64,90.0,0.66,12.92,0.67,15.5,0.32,71.51,0.31,57.5,0.35,10.0,0.36,126.0,0.01,0.03,2360.060873,1776279464000
1776279467.617,167.617,0.64,5.0,0.63,10.0,0.65,32.0,0.66,25.92,0.34,12.92,0.33,15.5,0.35,10.0,0.36,90.0,0.01,0.01,2359.952483,1776279466000
1776279467.88,167.88,0.64,10.0,0.63,10.0,0.68,82.25,0.69,15.0,0.35,27.0,0.34,25.92,0.37,10.0,0.38,10.0,0.04,0.02,2359.952483,1776279466000
1776279470.473,170.473,0.66,51.0,0.65,35.5,0.67,29.17,0.68,27.0,0.32,82.25,0.31,15.0,0.36,10.0,0.37,10.0,0.01,0.04,2359.967922,1776279469000
1776279472.527,172.527,0.66,55.0,0.65,35.5,0.67,10.17,0.68,10.0,0.33,29.17,0.32,27.0,0.34,51.0,0.35,35.5,0.01,0.01,2360.00671,1776279471000
1776279473.082,173.082,0.68,16.0,0.66,55.0,0.69,68.48,0.7,76.66,0.31,74.48,0.3,66.66,0.34,91.0,0.35,35.5,0.01,0.03,2360.00671,1776279471000
1776279473.395,173.395,0.68,0.37,0.67,16.0,0.69,15.0,0.7,76.66,0.31,68.48,0.3,76.66,0.32,16.0,0.34,55.0,0.01,0.01,2359.950596,1776279472000
1776279473.771,173.771,0.69,5.0,0.68,30.37,0.7,31.66,0.71,35.0,0.31,15.0,0.3,76.66,0.32,0.37,0.33,16.0,0.01,0.01,2359.950596,1776279472000
1776279477.315,177.315,0.69,15.0,0.68,36.37,0.7,51.14,0.71,45.5,0.3,31.66,0.29,35.0,0.31,5.0,0.32,30.37,0.01,0.01,2360.085733,1776279476000
1776279477.885,177.885,0.68,25.0,0.67,16.0,0.7,71.64,0.71,66.5,0.3,51.14,0.29,45.5,0.31,15.0,0.32,36.37,0.02,0.01,2360.085733,1776279476000
1776279478.722,178.722,0.64,20.0,0.63,45.5,0.69,53.12,0.7,64.14,0.31,16.0,0.3,66.64,0.32,24.0,0.33,16.0,0.05,0.01,2360.082906,1776279477000
1776279480.538,180.538,0.65,16.43,0.64,20.0,0.66,10.0,0.67,15.0,0.31,63.62,0.3,64.14,0.36,20.0,0.37,45.5,0.01,0.05,2360.010832,1776279479000
1776279481.726,181.726,0.61,5.35,0.59,225.0,0.65,15.0,0.66,184.5,0.34,10.0,0.33,15.0,0.36,20.0,0.37,20.5,0.04,0.02,2359.910989,1776279480000
1776279481.941,181.941,0.57,150.0,0.56,100.0,0.62,5.46,0.65,25.8,0.35,15.0,0.34,184.5,0.41,225.0,0.42,70.0,0.05,0.06,2359.910989,1776279480000
1776279482.617,182.617,0.55,100.0,0.54,175.0,0.62,5.46,0.65,30.8,0.38,5.46,0.35,25.8,0.43,150.0,0.44,100.0,0.07,0.05,2359.910989,1776279480000
1776279483.7,183.7,0.54,75.0,0.53,260.0,0.58,6.9,0.6,12.5,0.38,5.46,0.35,30.8,0.45,100.0,0.46,175.0,0.04,0.07,2359.910989,1776279481000
1776279483.985,183.985,0.55,2.67,0.49,140.0,0.57,17.62,0.58,18.8,0.43,30.0,0.42,18.8,0.45,4.9,0.49,50.0,0.02,0.02,2359.459659,1776279482000
1776279484.227,184.227,0.49,3.48,0.48,49.0,0.55,11.11,0.56,61.36,0.44,61.36,0.43,67.62,0.51,14.21,0.52,74.0,0.06,0.07,2359.459659,1776279482000
1776279484.626,184.626,0.45,37.0,0.44,250.0,0.46,127.08,0.47,15.0,0.54,26.58,0.49,32.78,0.55,182.0,0.56,250.0,0.01,0.01,2358.923242,1776279483000
1776279484.88,184.88,0.45,10.12,0.43,50.0,0.46,147.08,0.47,20.0,0.54,142.08,0.53,15.0,0.55,25.12,0.56,250.0,0.01,0.01,2358.923242,1776279483000
1776279485.136,185.136,0.42,250.0,0.41,50.0,0.46,147.08,0.47,20.0,0.54,157.08,0.53,20.0,0.55,3.35,0.57,50.0,0.04,0.01,2358.923242,1776279483000
1776279485.638,185.638,0.38,22.52,0.36,5.0,0.39,55.0,0.4,10.0,0.57,94.65,0.56,18.87,0.58,100.0,0.59,50.0,0.01,0.01,2358.923242,1776279483000
1776279485.854,185.854,0.31,72.69,0.3,7.0,0.33,10.0,0.34,10.0,0.63,10.0,0.62,41.0,0.69,44.56,0.7,42.0,0.02,0.06,2358.570184,1776279484000
1776279486.18,186.18,0.31,132.68,0.28,15.0,0.33,36.39,0.34,10.0,0.67,10.0,0.66,10.0,0.69,72.69,0.7,7.0,0.02,0.02,2358.570184,1776279484000
1776279486.969,186.969,0.31,75.72,0.28,15.0,0.33,12.14,0.34,10.0,0.67,12.14,0.66,10.0,0.69,65.72,0.72,15.0,0.02,0.02,2358.63867,1776279485000
1776279487.443,187.443,0.32,17.0,0.31,67.8,0.43,1.01,0.44,18.87,0.57,14.76,0.56,18.87,0.68,17.0,0.69,7.8,0.11,0.11,2358.63867,1776279485000
1776279488.259,188.259,0.4,3.46,0.38,5.0,0.51,4.9,0.52,10.0,0.57,1.01,0.56,10.0,0.6,3.46,0.68,17.0,0.11,0.03,2358.719163,1776279486000
1776279489.508,189.508,0.41,5.0,0.4,5.0,0.43,1.0,0.45,30.0,0.54,27.52,0.52,5.0,0.6,3.46,0.62,5.0,0.02,0.06,2358.90598,1776279488000
1776279490.465,190.465,0.38,38.03,0.37,37.0,0.39,10.0,0.4,10.0,0.58,10.0,0.56,5.0,0.61,2.77,0.64,96.8,0.01,0.03,2359.024173,1776279489000
1776279490.807,190.807,0.38,33.03,0.37,37.0,0.41,10.0,0.42,10.0,0.6,2.5,0.59,10.0,0.62,38.03,0.63,37.0,0.03,0.02,2359.024173,1776279489000
1776279491.589,191.589,0.39,101.94,0.38,23.03,0.4,10.0,0.41,10.0,0.59,10.0,0.58,10.0,0.62,28.03,0.63,37.0,0.01,0.03,2358.87949,1776279490000
1776279492.17,192.17,0.39,94.82,0.38,23.03,0.4,10.0,0.41,10.0,0.6,10.0,0.59,10.0,0.61,101.94,0.62,23.03,0.01,0.01,2358.87949,1776279490000
1776279495.048,195.048,0.38,10.68,0.37,40.0,0.39,10.0,0.4,15.0,0.6,10.0,0.59,10.0,0.61,94.82,0.62,23.03,0.01,0.01,2358.890655,1776279493000
1776279495.786,195.786,0.41,45.0,0.38,37.68,0.44,10.0,0.47,5.0,0.61,10.0,0.6,15.0,0.62,10.68,0.63,40.0,0.03,0.01,2358.890655,1776279493000
1776279496.014,196.014,0.43,5.17,0.42,7.0,0.47,10.0,0.49,5.0,0.56,10.0,0.55,10.0,0.59,45.0,0.62,37.68,0.04,0.03,2358.905655,1776279494000
1776279496.416,196.416,0.48,10.0,0.47,10.0,0.51,4.84,0.52,10.0,0.51,5.0,0.5,10.0,0.57,5.17,0.58,7.0,0.03,0.06,2358.905655,1776279494000
1776279496.935,196.935,0.46,10.0,0.45,10.0,0.49,25.0,0.5,11.0,0.49,4.84,0.48,10.0,0.52,10.0,0.53,10.0,0.03,0.03,2358.905655,1776279494000
1776279499.202,199.202,0.41,87.0,0.4,7.0,0.42,4.92,0.43,10.0,0.51,25.0,0.5,11.0,0.54,10.0,0.55,10.0,0.01,0.03,2359.016305,1776279498000
1776279499.606,199.606,0.41,80.3,0.4,7.0,0.42,4.92,0.43,10.0,0.58,4.92,0.57,10.0,0.59,77.0,0.6,7.0,0.01,0.01,2359.016305,1776279498000
1776279500.393,200.393,0.41,37.0,0.4,17.0,0.42,4.92,0.43,10.0,0.58,4.92,0.57,10.0,0.59,80.3,0.6,7.0,0.01,0.01,2359.016305,1776279498000
1776279501.074,201.074,0.4,32.0,0.39,20.5,0.41,2.31,0.42,4.92,0.59,7.56,0.58,4.92,0.6,17.0,0.61,15.5,0.01,0.01,2358.982111,1776279500000
1776279502.212,202.212,0.39,30.56,0.38,26.18,0.4,10.0,0.41,7.31,0.59,7.31,0.58,4.92,0.61,14.2,0.62,21.18,0.01,0.02,2358.982111,1776279500000
1776279503.045,203.045,0.39,30.56,0.38,21.18,0.4,10.0,0.41,7.31,0.6,10.0,0.59,7.31,0.61,30.56,0.62,26.18,0.01,0.01,2358.962208,1776279501000
1776279503.4,203.4,0.39,30.56,0.38,21.18,0.41,7.31,0.42,4.92,0.6,5.0,0.59,7.31,0.61,30.56,0.62,21.18,0.02,0.01,2358.962208,1776279501000
1776279504.242,204.242,0.42,14.65,0.41,15.0,0.43,5.0,0.44,35.0,0.59,7.31,0.58,4.92,0.61,30.56,0.62,21.18,0.01,0.02,2359.080479,1776279502000
1776279504.898,204.898,0.42,14.65,0.41,36.34,0.43,12.67,0.44,20.0,0.57,5.0,0.56,15.0,0.58,14.65,0.59,15.0,0.01,0.01,2359.084098,1776279503000
1776279505.114,205.114,0.42,14.65,0.41,36.34,0.45,10.0,0.46,16.0,0.57,12.67,0.56,20.0,0.58,14.65,0.59,36.34,0.03,0.01,2359.084098,1776279503000
1776279505.824,205.824,0.41,31.34,0.4,21.0,0.43,10.0,0.44,15.0,0.57,5.0,0.55,10.0,0.58,12.92,0.59,36.34,0.02,0.01,2359.004691,1776279504000
1776279506.19,206.19,0.41,31.34,0.4,11.0,0.42,5.0,0.43,15.0,0.57,10.0,0.56,15.0,0.59,31.34,0.6,21.0,0.01,0.02,2358.985545,1776279505000
1776279506.94,206.94,0.4,24.33,0.39,35.56,0.41,15.0,0.42,25.0,0.58,10.0,0.57,15.0,0.59,0.34,0.6,11.0,0.01,0.01,2358.985545,1776279505000
1776279508.081,208.081,0.38,16.18,0.37,37.19,0.4,5.0,0.41,151.0,0.59,15.0,0.58,25.0,0.6,24.33,0.61,35.56,0.02,0.01,2359.13615,1776279506000
1776279510.221,210.221,0.34,18.0,0.33,45.5,0.35,24.14,0.36,15.0,0.62,12.36,0.61,47.0,0.63,3.23,0.64,63.99,0.01,0.01,2358.963531,1776279509000
1776279510.635,210.635,0.33,55.24,0.32,36.0,0.34,23.0,0.35,19.14,0.65,24.14,0.64,15.0,0.67,45.5,0.68,36.0,0.01,0.02,2358.963531,1776279509000
1776279511.356,211.356,0.31,98.87,0.3,264.09,0.34,23.0,0.35,19.14,0.66,23.0,0.65,19.14,0.67,55.24,0.68,36.0,0.03,0.01,2358.963531,1776279509000
1776279512.012,212.012,0.31,92.07,0.3,344.27,0.32,4.87,0.33,8.0,0.66,23.0,0.65,19.14,0.69,98.87,0.7,264.09,0.01,0.03,2358.984757,1776279510000
1776279512.689,212.689,0.31,149.93,0.3,265.09,0.32,1.74,0.33,18.0,0.68,1.74,0.67,8.0,0.69,92.07,0.7,352.07,0.01,0.01,2358.984757,1776279511000
1776279513.705,213.705,0.31,85.38,0.3,250.09,0.32,21.74,0.33,18.0,0.68,1.74,0.67,18.0,0.69,149.93,0.7,265.09,0.01,0.01,2359.000651,1776279512000
1776279514.232,214.232,0.3,2.25,0.28,50.0,0.31,48.0,0.32,48.74,0.68,26.74,0.67,18.0,0.7,250.09,0.71,74.5,0.01,0.02,2359.01643,1776279513000
1776279514.763,214.763,0.22,50.0,0.21,10.0,0.28,114.0,0.29,45.0,0.69,48.0,0.68,48.74,0.72,25.0,0.73,110.0,0.06,0.03,2359.01643,1776279513000
1776279515.074,215.074,0.21,15.0,0.2,37.0,0.22,13.94,0.23,10.0,0.72,114.0,0.71,45.0,0.78,50.0,0.79,10.0,0.01,0.06,2358.894766,1776279514000
1776279515.322,215.322,0.2,43.17,0.19,118.8,0.21,10.0,0.22,10.0,0.78,13.94,0.77,10.0,0.79,15.0,0.8,37.0,0.01,0.01,2358.894766,1776279514000
1776279516.839,216.839,0.21,112.95,0.2,61.37,0.23,22.0,0.24,22.0,0.77,15.0,0.76,17.0,0.8,56.37,0.81,118.8,0.02,0.03,2358.891883,1776279515000
1776279517.11,217.11,0.21,114.95,0.2,61.37,0.22,0.35,0.23,22.0,0.77,22.0,0.76,22.0,0.79,112.95,0.8,61.37,0.01,0.02,2358.631695,1776279516000
1776279517.528,217.528,0.21,17.59,0.2,38.56,0.23,12.0,0.24,12.0,0.77,17.98,0.76,22.0,0.79,111.91,0.8,38.56,0.02,0.02,2358.631695,1776279516000
1776279520.454,220.454,0.31,21.0,0.3,21.0,0.34,50.0,0.35,16.0,0.76,11.62,0.75,10.0,0.79,17.59,0.8,38.56,0.03,0.03,2358.494056,1776279519000
1776279520.796,220.796,0.33,17.53,0.32,10.0,0.34,25.0,0.38,20.0,0.66,50.0,0.65,16.0,0.69,18.91,0.7,21.0,0.01,0.03,2358.494056,1776279519000
1776279522.128,222.128,0.42,15.0,0.41,15.0,0.43,4.9,0.44,55.0,0.66,25.0,0.62,10.0,0.67,42.85,0.68,10.0,0.01,0.01,2358.498615,1776279520000
1776279522.992,222.992,0.43,27.49,0.42,26.0,0.44,20.0,0.45,30.0,0.57,4.9,0.56,55.0,0.58,15.0,0.59,15.0,0.01,0.01,2358.68814,1776279521000
1776279523.837,223.837,0.45,9.0,0.44,10.0,0.46,50.0,0.47,96.0,0.56,20.0,0.55,30.0,0.57,27.49,0.58,26.0,0.01,0.01,2358.919689,1776279522000
1776279524.292,224.292,0.46,20.0,0.45,14.0,0.49,25.0,0.5,182.5,0.54,50.0,0.53,96.0,0.55,9.0,0.56,10.0,0.03,0.01,2358.94694,1776279523000
1776279525.134,225.134,0.49,20.0,0.48,15.0,0.51,65.5,0.52,60.5,0.51,25.0,0.5,182.5,0.54,20.0,0.55,14.0,0.02,0.03,2358.94694,1776279523000
1776279525.49,225.49,0.5,23.33,0.49,15.0,0.51,65.5,0.52,60.5,0.49,65.5,0.48,60.5,0.51,20.0,0.52,15.0,0.01,0.02,2359.053457,1776279524000
1776279525.784,225.784,0.5,13.33,0.49,15.0,0.51,60.5,0.52,60.5,0.49,65.5,0.48,60.5,0.5,23.33,0.51,15.0,0.01,0.01,2359.053457,1776279524000
1776279526.634,226.634,0.58,11.85,0.57,15.0,0.59,5.0,0.6,12.0,0.41,5.0,0.4,12.0,0.5,10.0,0.51,25.0,0.01,0.09,2359.053457,1776279524000
1776279527.072,227.072,0.59,25.0,0.58,16.85,0.61,115.0,0.63,25.0,0.4,7.0,0.39,115.0,0.41,10.0,0.42,16.85,0.02,0.01,2359.053457,1776279524000
1776279527.434,227.434,0.6,10.0,0.59,15.0,0.61,236.6,0.64,35.0,0.39,115.0,0.37,25.0,0.41,25.0,0.42,16.85,0.01,0.02,2359.215521,1776279525000
1776279528.641,228.641,0.6,22.7,0.59,26.0,0.61,97.0,0.64,30.0,0.39,236.6,0.36,35.0,0.4,10.0,0.41,15.0,0.01,0.01,2359.399845,1776279527000
1776279528.973,228.973,0.6,17.7,0.59,26.0,0.61,161.9,0.64,30.0,0.39,97.0,0.36,30.0,0.4,22.7,0.41,26.0,0.01,0.01,2359.41075,1776279528000
1776279529.538,229.538,0.6,6.7,0.59,15.0,0.61,156.9,0.64,30.0,0.39,161.9,0.36,30.0,0.4,17.7,0.41,26.0,0.01,0.01,2359.41075,1776279528000
1776279529.989,229.989,0.6,6.7,0.59,15.0,0.61,224.11,0.62,25.0,0.39,156.9,0.36,30.0,0.4,6.7,0.41,15.0,0.01,0.01,2359.41075,1776279528000
1776279530.731,230.731,0.57,10.0,0.56,10.0,0.59,210.0,0.6,69.65,0.41,5.0,0.4,5.0,0.42,5.0,0.43,10.0,0.02,0.01,2359.469076,1776279529000
1776279530.988,230.988,0.56,8.4,0.55,10.0,0.58,170.0,0.59,80.0,0.41,210.0,0.4,69.65,0.43,10.0,0.44,10.0,0.02,0.02,2359.469076,1776279529000
1776279531.707,231.707,0.57,12.03,0.56,8.4,0.58,35.0,0.59,40.0,0.42,170.0,0.41,80.0,0.44,8.4,0.45,10.0,0.01,0.02,2359.524347,1776279530000
1776279532.173,232.173,0.57,22.03,0.56,13.4,0.59,10.0,0.6,5.0,0.42,35.0,0.41,40.0,0.43,12.03,0.44,8.4,0.02,0.01,2359.44256,1776279531000
1776279533.374,233.374,0.6,25.0,0.59,25.0,0.61,5.0,0.62,64.4,0.4,5.0,0.39,27.0,0.42,30.0,0.43,17.03,0.01,0.02,2359.36298,1776279532000
1776279533.83,233.83,0.61,36.0,0.6,30.0,0.64,5.0,0.65,30.0,0.38,16.52,0.37,30.0,0.39,15.0,0.4,25.0,0.03,0.01,2359.36298,1776279532000
1776279534.134,234.134,0.63,8.6,0.62,31.0,0.64,83.48,0.65,30.0,0.36,5.0,0.35,30.0,0.39,36.0,0.4,30.0,0.01,0.03,2359.36298,1776279532000
1776279534.594,234.594,0.63,8.6,0.62,37.0,0.64,41.93,0.65,45.0,0.36,42.93,0.35,30.0,0.37,13.6,0.38,31.0,0.01,0.01,2359.598711,1776279533000
1776279535.403,235.403,0.62,5.0,0.61,10.0,0.63,158.0,0.64,125.24,0.36,41.93,0.35,45.0,0.37,8.6,0.38,37.0,0.01,0.01,2359.523593,1776279534000
1776279536.032,236.032,0.61,10.0,0.6,14.92,0.62,98.38,0.63,85.0,0.37,158.0,0.36,125.24,0.4,9.92,0.41,10.0,0.01,0.03,2359.523593,1776279534000
1776279536.507,236.507,0.61,10.0,0.6,14.92,0.62,97.41,0.63,80.0,0.38,98.38,0.37,85.0,0.39,10.0,0.4,14.92,0.01,0.01,2359.538738,1776279535000
1776279537.553,237.553,0.61,10.0,0.6,13.94,0.62,155.79,0.63,30.0,0.38,22.41,0.37,80.0,0.4,13.94,0.41,10.0,0.01,0.02,2359.52579,1776279536000
1776279539.63,239.63,0.61,10.0,0.6,13.94,0.62,34.17,0.63,25.0,0.38,155.79,0.37,30.0,0.39,10.0,0.4,13.94,0.01,0.01,2359.401463,1776279538000
1776279540.308,240.308,0.61,3.76,0.6,13.94,0.62,139.17,0.63,25.0,0.38,34.17,0.37,25.0,0.39,10.0,0.4,13.94,0.01,0.01,2359.401463,1776279538000
1776279541.281,241.281,0.6,5.1,0.59,15.0,0.62,199.17,0.63,45.0,0.38,139.17,0.37,25.0,0.39,3.76,0.4,13.94,0.02,0.01,2359.439282,1776279539000
1776279542.201,242.201,0.59,6.73,0.58,10.0,0.61,170.0,0.62,69.17,0.38,199.17,0.37,45.0,0.4,5.1,0.41,15.0,0.02,0.02,2359.419141,1776279541000
1776279542.508,242.508,0.58,10.0,0.57,7.03,0.6,39.0,0.61,5.0,0.39,170.0,0.38,69.17,0.41,6.73,0.42,10.0,0.02,0.02,2359.419141,1776279541000
1776279542.835,242.835,0.59,6.39,0.58,10.0,0.6,51.1,0.62,2.07,0.4,39.0,0.39,5.0,0.42,10.0,0.43,7.03,0.01,0.02,2359.419141,1776279541000
1776279544.048,244.048,0.58,10.0,0.57,18.03,0.6,46.1,0.62,2.07,0.4,51.1,0.38,2.07,0.41,3.19,0.42,10.0,0.02,0.01,2359.497681,1776279542000
1776279544.27,244.27,0.58,15.0,0.57,23.03,0.59,10.0,0.6,31.1,0.4,46.1,0.38,2.07,0.42,10.0,0.43,18.03,0.01,0.02,2359.497681,1776279542000
1776279544.599,244.599,0.58,21.87,0.57,23.03,0.6,14.35,0.62,2.07,0.41,5.0,0.4,26.1,0.42,16.87,0.43,23.03,0.02,0.01,2359.449518,1776279543000
1776279545.991,245.991,0.6,85.65,0.59,20.0,0.62,2.07,0.63,39.0,0.4,14.35,0.38,2.07,0.42,21.87,0.43,23.03,0.02,0.02,2359.56666,1776279544000
1776279546.219,246.219,0.61,20.02,0.6,100.65,0.62,2.07,0.63,39.0,0.38,2.07,0.37,39.0,0.4,85.65,0.41,20.0,0.01,0.02,2359.411592,1776279545000
1776279546.566,246.566,0.6,35.65,0.53,45.0,0.61,10.0,0.62,17.07,0.38,2.07,0.37,39.0,0.39,20.02,0.4,100.65,0.01,0.01,2359.411592,1776279545000
1776279546.773,246.773,0.45,31.6,0.44,50.0,0.5,5.0,0.51,25.2,0.5,5.0,0.49,25.2,0.55,35.6,0.56,50.0,0.05,0.05,2359.411592,1776279545000
1776279547.073,247.073,0.44,60.0,0.43,25.0,0.45,35.0,0.46,21.0,0.5,15.0,0.49,25.2,0.56,50.0,0.57,36.0,0.01,0.06,2359.411592,1776279545000
1776279547.536,247.536,0.42,50.0,0.41,125.0,0.45,20.0,0.46,16.0,0.55,24.8,0.54,21.0,0.56,60.0,0.57,25.0,0.03,0.01,2359.413,1776279546000
1776279548.245,248.245,0.42,32.55,0.41,130.0,0.43,20.0,0.44,10.0,0.55,20.0,0.54,16.0,0.58,50.0,0.59,125.0,0.01,0.03,2359.413,1776279546000
1776279548.452,248.452,0.43,95.0,0.42,86.0,0.44,21.0,0.47,25.0,0.57,20.0,0.56,10.0,0.58,32.55,0.59,130.0,0.01,0.01,2359.344036,1776279547000
1776279548.787,248.787,0.5,27.0,0.49,35.0,0.51,16.88,0.52,5.0,0.52,50.0,0.51,10.0,0.57,100.0,0.58,86.0,0.01,0.05,2359.344036,1776279547000
1776279549.539,249.539,0.53,15.74,0.52,10.0,0.54,40.0,0.55,36.0,0.48,5.0,0.46,85.0,0.49,38.12,0.5,11.43,0.01,0.01,2359.243593,1776279548000
1776279551.349,251.349,0.41,116.98,0.4,60.0,0.54,15.0,0.58,47.0,0.46,40.0,0.45,36.0,0.47,12.48,0.48,10.0,0.13,0.01,2359.380006,1776279550000
1776279551.708,251.708,0.5,15.0,0.49,10.0,0.51,30.0,0.53,15.0,0.42,47.0,0.41,20.0,0.49,5.0,0.54,10.0,0.01,0.07,2359.380006,1776279550000
1776279552.115,252.115,0.51,10.0,0.5,20.0,0.53,15.0,0.54,10.0,0.48,29.0,0.47,15.0,0.5,15.0,0.51,10.0,0.02,0.02,2359.380006,1776279550000
1776279552.991,252.991,0.52,15.0,0.51,20.0,0.53,16.37,0.54,25.0,0.45,10.0,0.44,60.0,0.49,10.0,0.5,20.0,0.01,0.04,2359.296952,1776279551000
1776279553.407,253.407,0.5,5.0,0.49,15.0,0.52,40.0,0.53,15.0,0.47,16.37,0.46,25.0,0.48,15.0,0.49,20.0,0.02,0.01,2359.298202,1776279552000
1776279554.585,254.585,0.45,5.0,0.41,41.0,0.47,15.0,0.48,10.0,0.49,20.0,0.48,20.0,0.51,20.0,0.52,15.0,0.02,0.02,2359.417558,1776279553000
1776279556.822,256.822,0.41,73.3,0.4,31.0,0.42,10.0,0.43,10.0,0.53,15.0,0.52,15.0,0.59,41.0,0.6,16.0,0.01,0.06,2359.359895,1776279555000
1776279558.185,258.185,0.41,87.6,0.4,21.0,0.42,10.0,0.43,10.0,0.58,10.0,0.57,10.0,0.59,73.3,0.6,31.0,0.01,0.01,2359.261739,1776279557000
1776279562.772,262.772,0.41,59.0,0.4,10.0,0.42,7.61,0.43,10.0,0.58,10.0,0.57,10.0,0.59,87.6,0.6,21.0,0.01,0.01,2359.233835,1776279561000
1776279563.349,263.349,0.42,10.0,0.41,10.0,0.43,5.0,0.44,10.0,0.58,7.61,0.57,10.0,0.59,59.0,0.6,10.0,0.01,0.01,2359.233835,1776279561000
1776279564.11,264.11,0.41,27.0,0.4,21.0,0.42,15.0,0.43,10.0,0.56,4.77,0.55,10.0,0.58,5.0,0.59,10.0,0.01,0.02,2359.214462,1776279562000
1776279564.823,264.823,0.4,27.83,0.39,124.0,0.41,10.0,0.42,10.0,0.58,15.0,0.57,10.0,0.6,8.98,0.61,96.0,0.01,0.02,2359.219157,1776279563000
1776279565.353,265.353,0.4,33.16,0.39,86.0,0.41,10.0,0.42,10.0,0.59,10.0,0.58,10.0,0.6,27.83,0.61,124.0,0.01,0.01,2359.254031,1776279564000
1776279569.42,269.42,0.45,21.0,0.44,65.52,0.47,14.78,0.48,60.0,0.59,10.0,0.58,10.0,0.6,33.16,0.61,86.0,0.02,0.01,2359.187985,1776279568000
1776279569.661,269.661,0.45,41.0,0.44,65.52,0.48,55.36,0.49,20.0,0.53,5.78,0.52,60.0,0.55,16.0,0.56,65.52,0.03,0.02,2359.187985,1776279568000
1776279571.984,271.984,0.53,5.0,0.51,15.0,0.55,25.0,0.56,50.0,0.52,55.36,0.51,20.0,0.55,41.0,0.56,65.52,0.02,0.03,2359.239776,1776279570000
1776279572.665,272.665,0.65,20.0,0.64,35.0,0.66,139.0,0.68,25.0,0.45,25.0,0.44,50.0,0.47,5.0,0.49,15.0,0.01,0.02,2359.28511,1776279571000
1776279572.963,272.963,0.65,130.0,0.64,30.0,0.66,1.1,0.69,50.0,0.34,128.0,0.32,25.0,0.35,20.0,0.36,25.0,0.01,0.01,2359.28511,1776279571000
1776279573.495,273.495,0.65,130.0,0.64,30.0,0.7,9.59,0.73,110.0,0.34,1.1,0.31,50.0,0.35,130.0,0.36,30.0,0.05,0.01,2359.297581,1776279572000
1776279574.333,274.333,0.69,45.0,0.68,15.0,0.7,7.47,0.71,5.0,0.3,9.59,0.27,110.0,0.35,130.0,0.36,30.0,0.01,0.05,2359.297581,1776279572000
1776279574.952,274.952,0.71,10.0,0.7,15.0,0.73,115.0,0.74,105.0,0.27,110.0,0.26,100.0,0.31,40.0,0.32,15.0,0.02,0.04,2359.65851,1776279574000
1776279575.721,275.721,0.72,2.43,0.71,10.0,0.73,95.0,0.74,105.0,0.27,120.0,0.26,115.0,0.28,8.43,0.29,10.0,0.01,0.01,2359.65851,1776279574000
1776279577.15,277.15,0.7,9.0,0.69,20.0,0.71,10.0,0.72,55.0,0.27,95.0,0.26,105.0,0.28,2.43,0.29,10.0,0.01,0.01,2359.647495,1776279576000
1776279577.475,277.475,0.7,15.0,0.69,10.0,0.71,8.3,0.72,5.0,0.29,10.0,0.28,55.0,0.32,4.0,0.33,10.0,0.01,0.03,2359.647495,1776279576000
1776279579.958,279.958,0.59,10.26,0.58,21.0,0.63,104.99,0.64,16.0,0.26,50.0,0.25,110.0,0.3,40.0,0.31,15.0,0.04,0.04,2359.52766,1776279578000
1776279580.296,280.296,0.63,15.0,0.62,21.0,0.64,16.11,0.65,15.0,0.4,42.52,0.39,14.0,0.41,19.78,0.42,26.0,0.01,0.01,2359.52766,1776279578000
1776279580.819,280.819,0.65,15.0,0.64,15.0,0.66,35.42,0.67,6.0,0.36,9.32,0.35,15.0,0.38,19.81,0.39,21.0,0.01,0.02,2359.520955,1776279579000
1776279583.451,283.451,0.66,20.0,0.65,20.0,0.67,2.53,0.68,16.0,0.33,2.04,0.32,51.0,0.35,25.0,0.36,15.0,0.01,0.02,2359.542763,1776279582000
1776279583.668,283.668,0.66,30.0,0.65,20.0,0.7,10.0,0.71,66.0,0.33,2.53,0.32,16.0,0.34,20.0,0.35,20.0,0.04,0.01,2359.542763,1776279582000
1776279584.683,284.683,0.68,25.0,0.67,20.0,0.71,42.18,0.72,16.0,0.3,10.0,0.29,66.0,0.34,30.0,0.35,20.0,0.03,0.04,2359.41803,1776279583000
1776279585.071,285.071,0.65,3.42,0.64,20.0,0.7,10.0,0.71,42.18,0.29,42.18,0.28,16.0,0.32,25.0,0.33,20.0,0.05,0.03,2359.41803,1776279583000
1776279585.45,285.45,0.65,3.42,0.64,20.0,0.66,2.8,0.7,15.0,0.3,10.0,0.29,42.18,0.35,3.42,0.36,20.0,0.01,0.05,2359.41803,1776279583000
1776279585.791,285.791,0.66,4.55,0.65,3.42,0.68,10.0,0.69,10.0,0.34,2.8,0.3,15.0,0.35,3.42,0.36,20.0,0.02,0.01,2359.42421,1776279584000
1776279586.125,286.125,0.67,9.92,0.66,15.0,0.68,10.0,0.69,6.44,0.31,6.44,0.3,15.0,0.33,5.0,0.34,4.55,0.01,0.02,2359.42421,1776279584000
1776279586.418,286.418,0.68,20.0,0.67,14.92,0.7,5.11,0.71,42.18,0.32,10.0,0.31,6.44,0.33,9.92,0.34,15.0,0.02,0.01,2359.42421,1776279584000
1776279586.957,286.957,0.69,25.0,0.68,20.0,0.71,0.21,0.72,26.0,0.3,5.11,0.29,42.18,0.32,20.0,0.33,14.92,0.02,0.02,2359.45,1776279585000
1776279588.034,288.034,0.71,15.0,0.7,15.0,0.73,0.72,0.74,10.0,0.29,10.0,0.28,16.21,0.3,10.0,0.31,20.0,0.02,0.01,2359.498656,1776279587000
1776279588.689,288.689,0.71,5.0,0.7,15.0,0.72,18.61,0.73,0.72,0.27,0.72,0.26,10.0,0.29,15.0,0.3,15.0,0.01,0.02,2359.498656,1776279587000
1776279588.984,288.984,0.71,15.0,0.7,15.0,0.72,9.65,0.73,0.72,0.28,16.6,0.27,0.72,0.29,5.0,0.3,15.0,0.01,0.01,2359.498656,1776279587000
1776279589.491,289.491,0.71,20.0,0.7,15.0,0.74,2.6,0.75,85.0,0.28,9.65,0.27,0.72,0.29,15.0,0.3,15.0,0.03,0.01,2359.602184,1776279588000
1776279590.083,290.083,0.73,10.0,0.72,25.0,0.75,8.56,0.76,235.0,0.26,2.6,0.25,85.0,0.29,20.0,0.3,15.0,0.02,0.03,2359.602184,1776279588000
1776279590.543,290.543,0.73,25.0,0.72,20.0,0.75,3.56,0.76,135.0,0.25,8.56,0.24,235.0,0.27,10.0,0.28,25.0,0.02,0.02,2359.45061,1776279589000
1776279591.316,291.316,0.72,5.0,0.7,5.0,0.74,10.0,0.75,10.0,0.25,3.56,0.24,135.0,0.27,25.0,0.28,20.0,0.02,0.02,2359.43904,1776279590000
1776279591.677,291.677,0.72,15.0,0.71,15.0,0.74,10.0,0.75,10.0,0.26,10.0,0.25,10.0,0.28,5.0,0.3,5.0,0.02,0.02,2359.43904,1776279590000
1776279592.808,292.808,0.38,2.25,0.37,45.0,0.44,30.0,0.45,10.0,0.26,10.0,0.25,10.0,0.27,4.44,0.28,20.0,0.06,0.01,2359.4705,1776279591000
1776279593.03,293.03,0.37,45.0,0.36,60.0,0.39,15.0,0.4,16.0,0.56,30.0,0.55,10.0,0.62,2.25,0.63,45.0,0.02,0.06,2359.495872,1776279592000
1776279593.237,293.237,0.35,7.92,0.34,5.0,0.36,7.95,0.37,1.37,0.64,10.0,0.63,1.37,0.65,2.92,0.67,115.0,0.01,0.01,2359.495872,1776279592000
1776279593.468,293.468,0.3,90.0,0.29,50.0,0.32,156.99,0.33,22.0,0.65,56.7,0.64,10.61,0.69,50.0,0.7,90.0,0.02,0.04,2359.495872,1776279592000
1776279593.771,293.771,0.26,43.6,0.25,5.0,0.27,10.0,0.28,10.0,0.69,139.76,0.68,28.0,0.74,50.0,0.76,30.0,0.01,0.05,2359.495872,1776279592000
1776279594.056,294.056,0.22,17.5,0.21,50.0,0.23,25.64,0.24,28.0,0.75,10.0,0.74,10.0,0.78,62.5,0.79,50.0,0.01,0.03,2359.495872,1776279592000
1776279594.607,294.607,0.17,15.94,0.16,150.0,0.19,9.0,0.2,10.0,0.77,56.99,0.76,33.0,0.83,35.0,0.84,150.0,0.02,0.06,2359.42349,1776279593000
1776279594.979,294.979,0.16,159.47,0.14,25.0,0.17,10.0,0.18,10.0,0.81,4.78,0.8,19.33,0.84,156.31,0.86,25.0,0.01,0.03,2359.42349,1776279593000
1776279595.338,295.338,0.13,13.0,0.12,105.0,0.14,15.0,0.15,10.0,0.83,10.0,0.82,10.0,0.84,159.47,0.86,25.0,0.01,0.01,2359.280282,1776279594000
1776279595.598,295.598,0.13,10.93,0.12,89.0,0.14,20.0,0.15,15.0,0.86,15.0,0.85,10.0,0.87,13.0,0.88,105.0,0.01,0.01,2359.280282,1776279594000
1776279596.28,296.28,0.13,1.65,0.12,89.0,0.14,20.0,0.15,15.0,0.86,12.85,0.85,24.33,0.87,3.17,0.88,89.0,0.01,0.01,2359.280282,1776279594000
1776279596.802,296.802,0.12,95.02,0.11,100.0,0.13,10.0,0.14,10.0,0.87,10.0,0.86,15.0,0.88,95.02,0.89,100.0,0.01,0.01,2359.25995,1776279595000
1776279597.162,297.162,0.12,11.61,0.11,50.0,0.13,148.99,0.14,39.0,0.87,10.0,0.86,10.0,0.88,95.02,0.89,100.0,0.01,0.01,2359.25995,1776279595000
1776279597.385,297.385,0.03,2.19,0.02,108.0,0.04,10.0,0.05,68.0,0.95,45.0,0.94,80.0,0.97,38.11,0.98,108.0,0.01,0.02,2359.25995,1776279595000
1776279597.622,297.622,0.02,60.37,0.01,1587.0,0.03,5.0,0.04,10.0,0.95,13.8,0.94,65.0,0.98,54.47,0.99,1587.0,0.01,0.03,2359.161203,1776279596000
1776279597.909,297.909,0.01,1928.0,,,0.04,17.89,0.05,28.8,0.96,7.89,0.95,28.8,0.99,1928.0,,,0.03,0.03,2359.161203,1776279596000
1776279598.142,298.142,0.01,1686.4,,,0.02,30.0,0.03,9.89,0.97,9.89,0.96,7.89,0.99,1803.78,,,0.01,0.02,2359.161203,1776279596000
1776279598.364,298.364,0.03,3.96,0.02,5.0,0.04,15.0,0.05,15.0,0.96,15.0,0.95,10.0,0.98,5.0,0.99,1686.4,0.01,0.02,2359.157824,1776279597000
1776279598.568,298.568,0.01,1347.63,,,0.03,10.0,0.04,10.0,0.97,10.0,0.96,10.0,0.99,1372.63,,,0.02,0.02,2359.157824,1776279597000
1776279598.783,298.783,0.01,1258.76,,,0.04,11.0,0.05,15.0,0.96,6.0,0.95,15.0,0.99,1268.76,,,0.03,0.03,2359.157824,1776279597000
1776279599.201,299.201,0.01,1264.59,,,0.03,21.0,0.04,31.0,0.95,8.0,0.94,60.0,0.99,1263.76,,,0.02,0.04,2359.157824,1776279597000
1776279599.445,299.445,,,,,0.02,61.0,0.03,16.0,0.98,16.0,0.97,16.0,0.99,10.2,,,,0.01,2359.15764,1776279598000
1776279599.83,299.83,,,,,0.01,541.55,0.02,61.0,0.98,61.0,0.97,16.0,,,,,,,2359.15764,1776279598000
1776279600.696,300.696,,,,,0.01,17725.57,0.02,56.0,0.99,541.55,0.98,61.0,,,,,,,2359.067713,1776279599000

# RESULT,winner=Down,slug=eth-updown-5m-1776279300,ticks=380
