timestamp,elapsed_sec,up_bid_p1,up_bid_s1,up_bid_p2,up_bid_s2,up_ask_p1,up_ask_s1,up_ask_p2,up_ask_s2,down_bid_p1,down_bid_s1,down_bid_p2,down_bid_s2,down_ask_p1,down_ask_s1,down_ask_p2,down_ask_s2,up_spread,down_spread,eth_price,eth_oracle_ts
1776229811.119,11.119,,,,,,,,,,,,,,,,,,,2331.094231,1776229810000
1776229811.593,11.593,0.52,20.83,0.51,91.97,0.53,10.0,0.54,96.71,0.47,10.0,0.46,87.71,0.48,20.0,0.49,102.97,0.01,0.01,2331.094231,1776229810000
1776229812.235,12.235,0.52,20.83,0.51,91.97,0.53,10.0,0.54,96.71,0.47,10.0,0.46,96.71,0.48,20.83,0.49,91.97,0.01,0.01,2330.99653,1776229811000
1776229812.859,12.859,0.53,41.97,0.51,25.0,0.54,96.71,0.55,110.0,0.47,25.0,0.46,96.71,0.48,9.62,0.49,25.0,0.01,0.01,2330.99653,1776229811000
1776229813.319,13.319,0.53,41.97,0.51,25.0,0.54,96.71,0.55,110.0,0.46,96.71,0.45,110.0,0.47,41.97,0.49,25.0,0.01,0.01,2331.019451,1776229812000
1776229814.419,14.419,0.53,41.97,0.51,25.0,0.54,96.71,0.55,110.0,0.46,96.71,0.45,110.0,0.47,41.97,0.49,25.0,0.01,0.01,2331.02594,1776229813000
1776229814.969,14.969,0.53,47.97,0.52,10.0,0.54,119.7,0.55,120.0,0.46,119.7,0.45,120.0,0.47,47.97,0.48,10.0,0.01,0.01,2331.062919,1776229814000
1776229815.518,15.518,0.53,16.0,0.52,32.0,0.54,34.7,0.55,75.0,0.46,119.7,0.45,120.0,0.47,47.97,0.48,10.0,0.01,0.01,2331.062919,1776229814000
1776229816.061,16.061,0.53,16.0,0.52,25.0,0.54,32.97,0.55,80.0,0.46,34.7,0.45,75.0,0.47,16.0,0.48,32.0,0.01,0.01,2331.062919,1776229814000
1776229816.481,16.481,0.54,14.0,0.53,26.0,0.55,80.0,0.56,104.0,0.46,32.97,0.45,80.0,0.47,16.0,0.48,25.0,0.01,0.01,2331.114647,1776229815000
1776229817.112,17.112,0.54,14.0,0.53,26.0,0.55,80.0,0.56,104.0,0.45,80.0,0.44,104.0,0.46,14.0,0.47,26.0,0.01,0.01,2330.986535,1776229816000
1776229818.204,18.204,0.54,14.0,0.53,26.0,0.55,80.0,0.56,104.0,0.45,80.0,0.44,104.0,0.46,14.0,0.47,26.0,0.01,0.01,2331.005755,1776229817000
1776229818.731,18.731,0.54,90.0,0.53,48.99,0.55,70.0,0.56,70.0,0.45,80.0,0.44,104.0,0.46,14.0,0.47,26.0,0.01,0.01,2331.005755,1776229817000
1776229819.24,19.24,0.54,90.0,0.53,48.99,0.55,70.0,0.56,70.0,0.45,70.0,0.44,70.0,0.46,90.0,0.47,48.99,0.01,0.01,2331.02732,1776229818000
1776229819.622,19.622,0.54,88.99,0.53,38.0,0.55,65.0,0.56,70.0,0.45,70.0,0.44,70.0,0.46,90.0,0.47,48.99,0.01,0.01,2331.02732,1776229818000
1776229820.118,20.118,0.54,71.0,0.53,54.82,0.55,56.0,0.56,75.0,0.45,65.0,0.44,70.0,0.46,88.99,0.47,38.0,0.01,0.01,2331.02732,1776229818000
1776229821.205,21.205,0.54,71.0,0.53,54.82,0.55,56.0,0.56,75.0,0.45,56.0,0.44,75.0,0.46,71.0,0.47,54.82,0.01,0.01,2331.17764,1776229820000
1776229822.041,22.041,0.54,71.0,0.53,54.82,0.55,41.0,0.56,85.0,0.45,56.0,0.44,75.0,0.46,71.0,0.47,54.82,0.01,0.01,2331.17764,1776229820000
1776229823.053,23.053,0.54,71.0,0.53,54.82,0.55,41.0,0.56,85.0,0.45,41.0,0.44,85.0,0.46,71.0,0.47,54.82,0.01,0.01,2331.350752,1776229822000
1776229823.644,23.644,0.54,88.99,0.53,38.0,0.55,34.0,0.56,75.0,0.45,41.0,0.44,85.0,0.46,71.0,0.47,54.82,0.01,0.01,2331.350752,1776229822000
1776229824.049,24.049,0.54,88.99,0.53,38.0,0.55,34.0,0.56,75.0,0.45,34.0,0.44,75.0,0.46,88.99,0.47,38.0,0.01,0.01,2331.252016,1776229823000
1776229824.978,24.978,0.54,88.99,0.53,38.0,0.55,34.0,0.56,75.0,0.45,34.0,0.44,75.0,0.46,88.99,0.47,38.0,0.01,0.01,2331.274538,1776229824000
1776229825.778,25.778,0.54,118.49,0.53,38.0,0.55,29.0,0.56,70.0,0.45,34.0,0.44,75.0,0.46,88.99,0.47,38.0,0.01,0.01,2331.274538,1776229824000
1776229827.026,27.026,0.54,118.49,0.53,38.0,0.55,29.0,0.56,70.0,0.45,29.0,0.44,70.0,0.46,118.49,0.47,38.0,0.01,0.01,2331.357291,1776229826000
1776229827.993,27.993,0.54,118.49,0.53,38.0,0.55,29.0,0.56,70.0,0.45,29.0,0.44,70.0,0.46,118.49,0.47,38.0,0.01,0.01,2331.354954,1776229827000
1776229829.066,29.066,0.54,118.49,0.53,38.0,0.55,29.0,0.56,70.0,0.45,29.0,0.44,70.0,0.46,118.49,0.47,38.0,0.01,0.01,2331.274065,1776229828000
1776229829.336,29.336,0.54,118.49,0.53,38.0,0.55,34.0,0.56,75.0,0.45,29.0,0.44,70.0,0.46,118.49,0.47,38.0,0.01,0.01,2331.274065,1776229828000
1776229830.065,30.065,0.54,118.49,0.53,38.0,0.55,34.0,0.56,75.0,0.45,34.0,0.44,75.0,0.46,118.49,0.47,38.0,0.01,0.01,2331.273905,1776229829000
1776229831.002,31.002,0.54,118.49,0.53,38.0,0.55,34.0,0.56,75.0,0.45,34.0,0.44,75.0,0.46,118.49,0.47,38.0,0.01,0.01,2331.281245,1776229830000
1776229832.156,32.156,0.54,118.49,0.53,38.0,0.55,34.0,0.56,75.0,0.45,34.0,0.44,75.0,0.46,118.49,0.47,38.0,0.01,0.01,2331.27827,1776229831000
1776229833.904,33.904,0.54,118.49,0.53,38.0,0.55,34.0,0.56,75.0,0.45,34.0,0.44,75.0,0.46,118.49,0.47,38.0,0.01,0.01,2331.322663,1776229832000
1776229834.569,34.569,0.54,118.49,0.53,38.0,0.55,34.0,0.56,75.0,0.45,34.0,0.44,75.0,0.46,118.49,0.47,38.0,0.01,0.01,2331.312421,1776229833000
1776229835.674,35.674,0.54,97.49,0.53,38.0,0.55,37.0,0.56,75.0,0.45,37.0,0.44,75.0,0.46,97.49,0.47,38.0,0.01,0.01,2331.312421,1776229834000
1776229836.326,36.326,0.56,128.74,0.55,32.17,0.57,5.0,0.61,70.0,0.45,37.0,0.44,75.0,0.46,97.49,0.47,38.0,0.01,0.01,2331.312421,1776229834000
1776229836.665,36.665,0.6,35.0,0.59,10.0,0.61,61.43,0.62,70.0,0.39,61.43,0.38,70.0,0.4,10.0,0.41,10.0,0.01,0.01,2331.28416,1776229835000
1776229837.114,37.114,0.6,35.0,0.59,10.0,0.61,61.43,0.62,70.0,0.39,61.43,0.38,70.0,0.4,35.0,0.41,10.0,0.01,0.01,2331.306417,1776229836000
1776229837.594,37.594,0.6,109.82,0.59,28.0,0.61,76.43,0.62,75.0,0.39,61.43,0.38,70.0,0.4,35.0,0.41,10.0,0.01,0.01,2331.306417,1776229836000
1776229837.944,37.944,0.6,109.82,0.59,28.0,0.61,71.51,0.62,75.0,0.39,76.43,0.38,75.0,0.4,109.82,0.41,28.0,0.01,0.01,2331.306417,1776229836000
1776229838.319,38.319,0.6,82.97,0.59,28.0,0.61,71.51,0.62,75.0,0.39,71.51,0.38,75.0,0.4,109.82,0.41,28.0,0.01,0.01,2331.306417,1776229836000
1776229838.55,38.55,0.6,82.32,0.59,28.0,0.61,65.51,0.62,75.0,0.39,71.51,0.38,75.0,0.4,82.97,0.41,28.0,0.01,0.01,2331.306417,1776229836000
1776229838.798,38.798,0.6,142.65,0.59,63.0,0.64,13.89,0.68,70.0,0.39,65.51,0.38,75.0,0.4,82.32,0.41,28.0,0.04,0.01,2331.359473,1776229837000
1776229839.4,39.4,0.67,66.82,0.66,35.86,0.68,50.0,0.69,18.0,0.32,50.0,0.31,18.0,0.33,66.82,0.34,35.86,0.01,0.01,2331.478505,1776229838000
1776229839.611,39.611,0.67,60.0,0.66,40.86,0.68,60.0,0.69,5.0,0.32,50.0,0.31,18.0,0.33,66.82,0.34,35.86,0.01,0.01,2331.478505,1776229838000
1776229839.837,39.837,0.67,94.0,0.66,40.86,0.68,51.18,0.69,5.0,0.32,60.0,0.31,5.0,0.33,60.0,0.34,40.86,0.01,0.01,2331.478505,1776229838000
1776229840.177,40.177,0.67,94.0,0.66,40.86,0.68,51.18,0.69,5.0,0.32,51.18,0.31,5.0,0.33,94.0,0.34,40.86,0.01,0.01,2331.631201,1776229839000
1776229840.604,40.604,0.67,201.17,0.66,53.86,0.68,41.1,0.7,70.0,0.32,51.18,0.31,5.0,0.33,94.0,0.34,40.86,0.01,0.01,2331.631201,1776229839000
1776229841.565,41.565,0.67,153.83,0.66,53.86,0.68,41.1,0.7,70.0,0.32,41.1,0.3,70.0,0.33,153.83,0.34,53.86,0.01,0.01,2332.086485,1776229840000
1776229842.26,42.26,0.67,209.16,0.66,53.86,0.68,26.1,0.7,70.0,0.32,26.1,0.3,70.0,0.33,209.16,0.34,53.86,0.01,0.01,2332.184945,1776229841000
1776229843.31,43.31,0.67,198.16,0.66,103.86,0.7,69.01,0.71,140.0,0.32,24.01,0.3,70.0,0.33,204.16,0.34,58.86,0.03,0.01,2332.184945,1776229841000
1776229843.578,43.578,0.69,169.99,0.68,28.0,0.7,69.01,0.71,145.0,0.3,69.01,0.29,140.0,0.33,198.16,0.34,103.86,0.01,0.03,2332.184945,1776229841000
1776229844.461,44.461,0.69,169.99,0.68,28.0,0.7,57.79,0.71,145.0,0.3,57.79,0.29,145.0,0.31,169.99,0.32,28.0,0.01,0.01,2332.317585,1776229843000
1776229844.868,44.868,0.69,221.99,0.68,28.0,0.7,55.79,0.71,145.0,0.3,57.79,0.29,145.0,0.31,169.99,0.32,28.0,0.01,0.01,2332.317585,1776229843000
1776229845.398,45.398,0.69,221.99,0.68,28.0,0.7,55.79,0.71,145.0,0.3,55.79,0.29,145.0,0.31,221.99,0.32,28.0,0.01,0.01,2332.369844,1776229844000
1776229845.63,45.63,0.69,221.99,0.68,28.0,0.7,15.65,0.71,145.0,0.3,17.22,0.29,145.0,0.31,216.99,0.32,28.0,0.01,0.01,2332.369844,1776229844000
1776229846.857,46.857,0.69,221.99,0.68,28.0,0.7,15.65,0.71,145.0,0.3,15.65,0.29,145.0,0.31,221.99,0.32,28.0,0.01,0.01,2332.27131,1776229845000
1776229847.585,47.585,0.69,246.99,0.68,28.0,0.7,10.65,0.71,145.0,0.3,15.65,0.29,145.0,0.31,221.99,0.32,28.0,0.01,0.01,2332.27131,1776229845000
1776229848.353,48.353,0.69,235.99,0.68,28.0,0.71,70.07,0.72,5.0,0.3,5.65,0.29,145.0,0.31,246.99,0.32,28.0,0.02,0.01,2332.28367,1776229846000
1776229848.583,48.583,0.7,125.7,0.69,107.0,0.71,59.36,0.73,5.0,0.29,70.07,0.28,5.0,0.31,235.99,0.32,28.0,0.01,0.02,2332.276475,1776229847000
1776229849.332,49.332,0.7,125.7,0.69,107.0,0.71,59.36,0.73,5.0,0.29,59.36,0.27,5.0,0.3,125.7,0.31,107.0,0.01,0.01,2332.276475,1776229848000
1776229849.587,49.587,0.7,228.17,0.69,68.0,0.71,54.36,0.73,5.0,0.29,59.36,0.27,5.0,0.3,125.7,0.31,107.0,0.01,0.01,2332.276475,1776229848000
1776229850.136,50.136,0.7,227.07,0.69,68.0,0.71,54.36,0.73,5.0,0.29,54.36,0.27,5.0,0.3,228.17,0.31,68.0,0.01,0.01,2332.276475,1776229848000
1776229850.926,50.926,0.7,216.73,0.69,68.0,0.71,54.36,0.73,5.0,0.29,54.36,0.27,5.0,0.3,216.73,0.31,68.0,0.01,0.01,2332.283415,1776229849000
1776229851.221,51.221,0.7,216.73,0.69,68.0,0.71,45.9,0.73,5.0,0.29,54.36,0.27,5.0,0.3,216.73,0.31,68.0,0.01,0.01,2332.283415,1776229849000
1776229851.469,51.469,0.7,166.73,0.69,68.0,0.71,41.67,0.73,5.0,0.29,45.9,0.27,5.0,0.3,216.73,0.31,68.0,0.01,0.01,2332.283415,1776229849000
1776229851.92,51.92,0.7,166.73,0.69,68.0,0.71,36.67,0.73,5.0,0.29,36.67,0.27,5.0,0.3,166.73,0.31,68.0,0.01,0.01,2332.360135,1776229850000
1776229852.429,52.429,0.7,166.73,0.69,68.0,0.71,36.67,0.73,5.0,0.29,36.67,0.27,5.0,0.3,166.73,0.31,68.0,0.01,0.01,2332.404168,1776229851000
1776229853.141,53.141,0.7,166.73,0.69,68.0,0.71,36.67,0.73,5.0,0.29,36.67,0.27,5.0,0.3,166.73,0.31,68.0,0.01,0.01,2332.417527,1776229852000
1776229853.578,53.578,0.7,203.87,0.69,48.0,0.71,31.67,0.74,19.0,0.29,36.67,0.27,5.0,0.3,166.73,0.31,68.0,0.01,0.01,2332.417527,1776229852000
1776229854.165,54.165,0.73,120.0,0.72,15.0,0.74,7.1,0.77,148.0,0.29,31.67,0.26,19.0,0.3,203.87,0.31,48.0,0.01,0.01,2332.417527,1776229852000
1776229854.388,54.388,0.76,163.7,0.75,15.0,0.77,143.0,0.78,80.0,0.23,148.0,0.22,75.0,0.24,19.7,0.27,141.0,0.01,0.01,2332.35041,1776229853000
1776229854.861,54.861,0.76,116.7,0.75,34.99,0.77,143.0,0.78,85.0,0.23,143.0,0.22,80.0,0.24,163.7,0.25,15.0,0.01,0.01,2332.35041,1776229853000
1776229855.338,55.338,0.76,116.7,0.75,34.99,0.77,143.0,0.78,85.0,0.23,143.0,0.22,85.0,0.24,116.7,0.25,34.99,0.01,0.01,2332.38786,1776229854000
1776229855.562,55.562,0.76,146.69,0.75,30.17,0.77,66.08,0.78,80.0,0.23,66.18,0.22,80.0,0.24,146.69,0.25,30.17,0.01,0.01,2332.38786,1776229854000
1776229855.871,55.871,0.76,146.69,0.75,30.17,0.77,21.08,0.78,80.0,0.23,21.08,0.22,80.0,0.24,146.69,0.25,30.17,0.01,0.01,2332.539817,1776229855000
1776229857.095,57.095,0.76,146.69,0.75,30.17,0.77,21.08,0.78,80.0,0.23,21.08,0.22,80.0,0.24,146.69,0.25,30.17,0.01,0.01,2332.604275,1776229856000
1776229858.116,58.116,0.76,146.69,0.75,30.17,0.77,21.08,0.78,80.0,0.23,21.08,0.22,80.0,0.24,146.69,0.25,30.17,0.01,0.01,2332.78445,1776229857000
1776229858.317,58.317,0.76,146.44,0.75,30.17,0.78,66.08,0.79,51.0,0.23,21.08,0.22,80.0,0.24,146.69,0.25,30.17,0.02,0.01,2332.78445,1776229857000
1776229859.196,59.196,0.76,146.44,0.75,30.17,0.78,66.08,0.79,51.0,0.22,66.08,0.21,51.0,0.24,146.44,0.25,30.17,0.02,0.02,2332.869804,1776229858000
1776229859.768,59.768,0.78,124.26,0.77,52.0,0.79,41.92,0.8,15.0,0.21,33.92,0.2,15.0,0.22,82.26,0.23,52.0,0.01,0.01,2332.869804,1776229858000
1776229860.396,60.396,0.78,188.26,0.77,42.0,0.79,11.41,0.8,20.0,0.21,41.92,0.2,15.0,0.22,124.26,0.23,52.0,0.01,0.01,2332.869804,1776229858000
1776229860.802,60.802,0.78,183.26,0.77,42.0,0.8,14.19,0.81,80.0,0.21,6.09,0.2,20.0,0.22,188.26,0.23,42.0,0.02,0.01,2332.935958,1776229859000
1776229861.309,61.309,0.79,121.99,0.78,33.0,0.8,7.74,0.81,85.31,0.2,14.19,0.19,80.0,0.22,183.26,0.23,42.0,0.01,0.02,2332.838835,1776229860000
1776229861.738,61.738,0.8,148.25,0.79,43.0,0.81,84.07,0.82,15.61,0.19,85.31,0.18,23.0,0.2,43.26,0.21,126.99,0.01,0.01,2332.838835,1776229860000
1776229862.02,62.02,0.8,148.25,0.79,43.0,0.81,84.07,0.82,15.61,0.19,84.07,0.18,15.61,0.2,148.25,0.21,43.0,0.01,0.01,2332.878585,1776229861000
1776229862.395,62.395,0.8,185.75,0.79,58.19,0.81,68.07,0.82,20.61,0.19,68.07,0.18,20.61,0.2,148.25,0.21,43.0,0.01,0.01,2332.878585,1776229861000
1776229863.181,63.181,0.8,185.75,0.79,58.19,0.81,68.07,0.82,20.61,0.19,68.07,0.18,20.61,0.2,185.75,0.21,58.19,0.01,0.01,2332.889392,1776229862000
1776229864.271,64.271,0.8,317.75,0.79,58.19,0.81,86.83,0.82,25.61,0.19,86.83,0.18,25.61,0.2,317.75,0.21,58.19,0.01,0.01,2332.875629,1776229863000
1776229865.498,65.498,0.8,317.75,0.79,58.19,0.81,86.83,0.82,25.61,0.19,86.83,0.18,25.61,0.2,317.75,0.21,58.19,0.01,0.01,2332.86025,1776229864000
1776229866.763,66.763,0.8,317.75,0.79,58.19,0.81,86.83,0.82,25.61,0.19,86.83,0.18,25.61,0.2,317.75,0.21,58.19,0.01,0.01,2332.80715,1776229865000
1776229867.457,67.457,0.8,364.49,0.79,58.19,0.81,82.73,0.82,25.61,0.19,86.83,0.18,25.61,0.2,317.75,0.21,58.19,0.01,0.01,2332.80715,1776229865000
1776229868.172,68.172,0.8,378.24,0.79,58.19,0.81,53.12,0.82,25.61,0.19,58.43,0.18,25.61,0.2,359.49,0.21,58.19,0.01,0.01,2332.82915,1776229866000
1776229869.426,69.426,0.8,286.5,0.79,37.01,0.81,138.43,0.82,30.61,0.19,53.12,0.18,25.61,0.2,378.24,0.21,58.19,0.01,0.01,2332.84002,1776229867000
1776229869.76,69.76,0.8,210.5,0.79,37.01,0.81,133.43,0.82,30.61,0.19,133.43,0.18,30.61,0.2,210.5,0.21,37.01,0.01,0.01,2332.83452,1776229868000
1776229870.224,70.224,0.8,71.5,0.79,15.19,0.81,166.43,0.82,54.6,0.19,133.43,0.18,30.61,0.2,121.5,0.21,15.19,0.01,0.01,2332.83452,1776229868000
1776229870.562,70.562,0.79,35.77,0.78,10.0,0.8,83.05,0.81,128.43,0.19,171.43,0.18,54.6,0.21,10.77,0.23,26.82,0.01,0.02,2332.83452,1776229868000
1776229870.91,70.91,0.78,10.0,0.77,26.99,0.8,88.05,0.81,128.43,0.2,83.05,0.19,128.43,0.21,35.77,0.22,10.0,0.02,0.01,2332.87739,1776229869000
1776229871.201,71.201,0.78,10.0,0.77,26.99,0.8,88.05,0.81,128.43,0.2,88.05,0.19,128.43,0.22,10.0,0.23,26.99,0.02,0.02,2332.85136,1776229870000
1776229872.615,72.615,0.78,10.0,0.77,26.99,0.8,88.05,0.81,128.43,0.2,88.05,0.19,128.43,0.22,10.0,0.23,26.99,0.02,0.02,2332.765426,1776229871000
1776229873.034,73.034,0.78,123.0,0.77,35.99,0.8,95.05,0.81,78.52,0.2,88.05,0.19,128.43,0.22,10.0,0.23,26.99,0.02,0.02,2332.765426,1776229871000
1776229873.342,73.342,0.8,89.0,0.79,82.0,0.81,41.53,0.84,10.0,0.2,95.05,0.19,78.52,0.22,123.0,0.23,35.99,0.01,0.02,2332.643155,1776229872000
1776229873.578,73.578,0.83,97.0,0.82,10.0,0.85,5.9,0.86,75.0,0.16,14.9,0.15,16.0,0.17,10.0,0.18,10.0,0.02,0.01,2332.643155,1776229872000
1776229873.836,73.836,0.84,152.82,0.83,62.0,0.86,70.0,0.88,34.1,0.15,5.9,0.14,75.0,0.17,97.0,0.18,10.0,0.02,0.02,2332.643155,1776229872000
1776229874.067,74.067,0.84,36.82,0.82,17.0,0.86,18.59,0.87,10.0,0.15,5.0,0.14,44.0,0.16,36.82,0.18,17.0,0.02,0.01,2332.643155,1776229872000
1776229874.301,74.301,0.82,20.05,0.81,31.0,0.85,27.0,0.86,35.8,0.15,22.0,0.14,18.59,0.16,21.82,0.18,32.0,0.03,0.01,2332.643155,1776229872000
1776229874.542,74.542,0.83,17.17,0.82,26.05,0.85,34.0,0.86,35.8,0.15,27.0,0.14,35.8,0.18,20.05,0.19,31.0,0.02,0.03,2332.643155,1776229872000
1776229875.095,75.095,0.84,15.0,0.83,18.17,0.85,21.0,0.86,18.59,0.15,34.0,0.14,35.8,0.17,17.17,0.18,26.05,0.01,0.02,2332.61066,1776229873000
1776229875.327,75.327,0.84,15.0,0.83,18.17,0.85,21.0,0.86,18.59,0.15,21.0,0.14,18.59,0.16,15.0,0.17,18.17,0.01,0.01,2332.877552,1776229874000
1776229875.786,75.786,0.84,15.0,0.83,28.17,0.85,70.96,0.86,28.59,0.15,21.0,0.14,18.59,0.16,15.0,0.17,18.17,0.01,0.01,2332.877552,1776229874000
1776229876.416,76.416,0.84,15.0,0.83,28.17,0.85,70.96,0.86,28.59,0.15,70.96,0.14,28.59,0.16,15.0,0.17,28.17,0.01,0.01,2333.18567,1776229875000
1776229877.026,77.026,0.84,15.0,0.83,28.17,0.85,70.96,0.86,28.59,0.15,70.96,0.14,28.59,0.16,15.0,0.17,28.17,0.01,0.01,2333.222705,1776229876000
1776229878.309,78.309,0.84,15.0,0.83,28.17,0.85,70.96,0.86,28.59,0.15,70.96,0.14,28.59,0.16,15.0,0.17,28.17,0.01,0.01,2333.19693,1776229877000
1776229878.714,78.714,0.84,15.3,0.83,26.0,0.85,71.73,0.86,28.59,0.15,70.96,0.14,28.59,0.16,15.0,0.17,28.17,0.01,0.01,2333.19693,1776229877000
1776229879.479,79.479,0.84,15.3,0.83,26.0,0.85,71.73,0.86,28.59,0.15,71.73,0.14,28.59,0.16,15.3,0.17,26.0,0.01,0.01,2333.08672,1776229878000
1776229879.746,79.746,0.88,15.0,0.87,44.0,0.89,65.0,0.9,46.0,0.15,71.73,0.14,28.59,0.16,15.3,0.17,26.0,0.01,0.01,2333.08672,1776229878000
1776229880.042,80.042,0.88,100.41,0.87,62.0,0.89,59.59,0.9,46.0,0.11,60.31,0.1,46.0,0.12,20.0,0.13,44.0,0.01,0.01,2333.08672,1776229878000
1776229880.512,80.512,0.88,167.41,0.87,162.0,0.89,59.59,0.9,46.0,0.11,59.59,0.1,46.0,0.12,100.41,0.13,62.0,0.01,0.01,2333.086565,1776229879000
1776229881.365,81.365,0.88,167.41,0.87,162.0,0.89,59.59,0.9,46.0,0.11,59.59,0.1,46.0,0.12,167.41,0.13,162.0,0.01,0.01,2333.05922,1776229880000
1776229881.95,81.95,0.88,167.41,0.87,162.0,0.89,59.59,0.9,46.0,0.11,59.59,0.1,46.0,0.12,167.41,0.13,162.0,0.01,0.01,2333.17218,1776229881000
1776229883.623,83.623,0.88,167.41,0.87,162.0,0.89,59.59,0.9,46.0,0.11,59.59,0.1,46.0,0.12,167.41,0.13,162.0,0.01,0.01,2333.521985,1776229882000
1776229884.235,84.235,0.88,167.41,0.87,162.0,0.89,59.59,0.9,46.0,0.11,59.59,0.1,46.0,0.12,167.41,0.13,162.0,0.01,0.01,2333.52582,1776229883000
1776229885.498,85.498,0.88,167.41,0.87,162.0,0.89,59.59,0.9,46.0,0.11,59.59,0.1,46.0,0.12,167.41,0.13,162.0,0.01,0.01,2333.453645,1776229884000
1776229886.073,86.073,0.88,167.41,0.87,162.0,0.89,59.59,0.9,46.0,0.11,59.59,0.1,46.0,0.12,167.41,0.13,162.0,0.01,0.01,2333.448705,1776229885000
1776229887.299,87.299,0.88,218.51,0.87,192.0,0.89,58.46,0.9,6.0,0.11,58.46,0.1,6.0,0.12,218.51,0.13,192.0,0.01,0.01,2333.460192,1776229886000
1776229887.951,87.951,0.88,207.27,0.87,187.0,0.89,80.33,0.9,11.0,0.11,58.46,0.1,6.0,0.12,218.51,0.13,192.0,0.01,0.01,2333.460192,1776229886000
1776229888.437,88.437,0.88,207.27,0.87,187.0,0.89,80.33,0.9,11.0,0.11,80.33,0.1,11.0,0.12,207.27,0.13,187.0,0.01,0.01,2333.53239,1776229887000
1776229888.908,88.908,0.88,207.27,0.87,187.0,0.89,80.33,0.9,11.0,0.11,80.33,0.1,11.0,0.12,207.27,0.13,187.0,0.01,0.01,2333.527155,1776229888000
1776229890.077,90.077,0.88,207.27,0.87,187.0,0.89,80.33,0.9,11.0,0.11,80.33,0.1,11.0,0.12,207.27,0.13,187.0,0.01,0.01,2333.45544,1776229889000
1776229890.492,90.492,0.88,228.09,0.87,187.0,0.89,78.33,0.9,11.0,0.11,80.33,0.1,11.0,0.12,207.27,0.13,187.0,0.01,0.01,2333.45544,1776229889000
1776229891.428,91.428,0.88,228.09,0.87,187.0,0.89,78.33,0.9,11.0,0.11,78.33,0.1,11.0,0.12,228.09,0.13,187.0,0.01,0.01,2333.451155,1776229890000
1776229892.029,92.029,0.88,228.09,0.87,187.0,0.89,78.33,0.9,11.0,0.11,78.33,0.1,11.0,0.12,228.09,0.13,187.0,0.01,0.01,2333.516516,1776229891000
1776229892.633,92.633,0.88,251.09,0.87,192.0,0.89,81.33,0.9,11.0,0.11,78.33,0.1,11.0,0.12,228.09,0.13,187.0,0.01,0.01,2333.516516,1776229891000
1776229893.062,93.062,0.88,251.09,0.87,192.0,0.89,81.33,0.9,11.0,0.11,81.33,0.1,11.0,0.12,251.09,0.13,192.0,0.01,0.01,2333.43499,1776229892000
1776229893.265,93.265,0.88,251.09,0.87,192.0,0.89,73.22,0.9,11.0,0.11,81.33,0.1,11.0,0.12,251.09,0.13,192.0,0.01,0.01,2333.43499,1776229892000
1776229894.113,94.113,0.88,251.09,0.87,192.0,0.89,73.22,0.9,11.0,0.11,73.22,0.1,11.0,0.12,251.09,0.13,192.0,0.01,0.01,2333.492647,1776229893000
1776229895.134,95.134,0.86,115.13,0.85,115.0,0.89,169.18,0.9,44.33,0.11,169.18,0.1,44.33,0.14,115.13,0.15,115.0,0.03,0.03,2333.432715,1776229894000
1776229895.471,95.471,0.86,64.96,0.85,120.0,0.87,22.0,0.88,139.0,0.11,169.18,0.1,44.33,0.14,115.13,0.15,115.0,0.01,0.03,2333.432715,1776229894000
1776229895.677,95.677,0.86,50.0,0.85,125.0,0.87,17.0,0.88,39.0,0.13,22.0,0.12,139.0,0.14,64.96,0.15,120.0,0.01,0.01,2333.432715,1776229894000
1776229895.962,95.962,0.86,60.0,0.85,125.0,0.87,12.0,0.88,39.0,0.13,17.0,0.12,39.0,0.14,50.0,0.15,125.0,0.01,0.01,2333.432715,1776229894000
1776229896.21,96.21,0.87,115.0,0.86,165.0,0.88,35.41,0.89,15.0,0.12,35.41,0.11,15.0,0.13,115.0,0.14,165.0,0.01,0.01,2333.295438,1776229895000
1776229896.788,96.788,0.89,15.0,0.88,164.0,0.9,163.03,0.91,371.33,0.12,35.41,0.11,15.0,0.13,115.0,0.14,165.0,0.01,0.01,2333.295438,1776229895000
1776229897.398,97.398,0.89,15.0,0.88,164.0,0.9,163.03,0.91,371.33,0.1,163.03,0.09,371.33,0.11,15.0,0.12,164.0,0.01,0.01,2333.14456,1776229896000
1776229898.682,98.682,0.89,15.0,0.88,164.0,0.9,163.03,0.91,371.33,0.1,163.03,0.09,371.33,0.11,15.0,0.12,164.0,0.01,0.01,2333.323744,1776229897000
1776229899.214,99.214,0.89,15.0,0.88,164.0,0.9,163.03,0.91,371.33,0.1,163.03,0.09,371.33,0.11,15.0,0.12,164.0,0.01,0.01,2333.40875,1776229898000
1776229900.45,100.45,0.89,15.0,0.88,164.0,0.9,163.03,0.91,371.33,0.1,163.03,0.09,371.33,0.11,15.0,0.12,164.0,0.01,0.01,2333.43962,1776229899000
1776229900.975,100.975,0.89,15.0,0.88,164.0,0.9,163.03,0.91,371.33,0.1,163.03,0.09,371.33,0.11,15.0,0.12,164.0,0.01,0.01,2333.44926,1776229900000
1776229902.215,102.215,0.89,15.0,0.88,164.0,0.9,163.03,0.91,371.33,0.1,163.03,0.09,371.33,0.11,15.0,0.12,164.0,0.01,0.01,2333.493285,1776229901000
1776229903.414,103.414,0.9,297.06,0.89,229.86,0.91,216.22,0.92,248.9,0.09,216.22,0.08,248.9,0.1,297.06,0.11,229.86,0.01,0.01,2333.54445,1776229902000
1776229903.695,103.695,0.9,162.99,0.89,184.86,0.91,216.22,0.92,253.9,0.09,216.22,0.08,248.9,0.1,297.06,0.11,229.86,0.01,0.01,2333.54445,1776229902000
1776229904.011,104.011,0.9,162.99,0.89,184.86,0.91,216.22,0.92,253.9,0.09,216.22,0.08,253.9,0.1,162.99,0.11,184.86,0.01,0.01,2333.623533,1776229903000
1776229905.108,105.108,0.9,162.99,0.89,184.86,0.91,216.22,0.92,253.9,0.09,216.22,0.08,253.9,0.1,162.99,0.11,184.86,0.01,0.01,2333.577375,1776229904000
1776229905.711,105.711,0.9,218.85,0.89,184.86,0.91,210.12,0.92,205.0,0.09,216.22,0.08,253.9,0.1,162.99,0.11,184.86,0.01,0.01,2333.577375,1776229904000
1776229906.047,106.047,0.9,180.85,0.89,184.86,0.91,235.12,0.92,205.0,0.09,210.12,0.08,205.0,0.1,218.85,0.11,184.86,0.01,0.01,2333.577375,1776229904000
1776229906.672,106.672,0.9,180.85,0.89,184.86,0.91,235.12,0.92,205.0,0.09,235.12,0.08,205.0,0.1,180.85,0.11,184.86,0.01,0.01,2333.5803,1776229905000
1776229907.271,107.271,0.9,180.85,0.89,184.86,0.91,235.12,0.92,205.0,0.09,235.12,0.08,205.0,0.1,180.85,0.11,184.86,0.01,0.01,2333.59207,1776229906000
1776229908.49,108.49,0.9,180.85,0.89,184.86,0.91,235.12,0.92,205.0,0.09,235.12,0.08,205.0,0.1,180.85,0.11,184.86,0.01,0.01,2333.586735,1776229907000
1776229908.812,108.812,0.9,148.41,0.89,100.0,0.91,275.12,0.92,293.23,0.09,235.12,0.08,205.0,0.1,180.85,0.11,184.86,0.01,0.01,2333.586735,1776229907000
1776229909.107,109.107,0.9,39.07,0.88,61.0,0.91,280.12,0.92,314.89,0.09,280.12,0.08,314.89,0.1,39.07,0.12,61.0,0.01,0.01,2333.586735,1776229908000
1776229909.548,109.548,0.9,25.07,0.88,36.0,0.91,324.12,0.92,314.89,0.09,280.12,0.08,314.89,0.1,39.07,0.12,61.0,0.01,0.01,2333.586735,1776229908000
1776229910.236,110.236,0.9,25.07,0.88,36.0,0.91,324.12,0.92,314.89,0.09,324.12,0.08,314.89,0.1,25.07,0.12,36.0,0.01,0.01,2333.58655,1776229909000
1776229911.302,111.302,0.9,25.07,0.88,36.0,0.91,324.12,0.92,314.89,0.09,324.12,0.08,314.89,0.1,25.07,0.12,36.0,0.01,0.01,2333.314015,1776229910000
1776229911.776,111.776,0.88,13.25,0.87,47.0,0.91,439.12,0.92,412.89,0.09,324.12,0.08,314.89,0.1,25.07,0.12,36.0,0.03,0.01,2333.314015,1776229910000
1776229912.036,112.036,0.86,23.55,0.85,32.0,0.87,10.0,0.88,15.0,0.09,439.12,0.08,412.89,0.12,13.25,0.13,47.0,0.01,0.03,2333.314015,1776229910000
1776229912.402,112.402,0.86,23.55,0.85,32.0,0.87,10.0,0.88,15.0,0.13,10.0,0.12,15.0,0.14,23.55,0.15,32.0,0.01,0.01,2333.308365,1776229911000
1776229912.915,112.915,0.86,23.55,0.85,32.0,0.87,10.0,0.88,15.0,0.13,10.0,0.12,15.0,0.14,23.55,0.15,32.0,0.01,0.01,2333.27408,1776229912000
1776229914.176,114.176,0.87,15.0,0.86,40.0,0.88,99.62,0.89,115.0,0.13,10.0,0.12,15.0,0.14,23.55,0.15,32.0,0.01,0.01,2333.27408,1776229912000
1776229914.508,114.508,0.87,2.0,0.86,40.0,0.88,99.62,0.89,115.0,0.12,99.62,0.11,115.0,0.13,2.0,0.14,40.0,0.01,0.01,2333.243997,1776229913000
1776229914.964,114.964,0.87,2.0,0.86,40.0,0.88,99.62,0.89,115.0,0.12,99.62,0.11,115.0,0.13,2.0,0.14,40.0,0.01,0.01,2333.103075,1776229914000
1776229916.004,116.004,0.87,2.0,0.86,40.0,0.88,99.62,0.89,115.0,0.12,99.62,0.11,115.0,0.13,2.0,0.14,40.0,0.01,0.01,2333.147575,1776229915000
1776229916.834,116.834,0.86,11.0,0.83,25.99,0.87,260.99,0.88,185.02,0.12,99.62,0.11,115.0,0.13,2.0,0.14,40.0,0.01,0.01,2333.147575,1776229915000
1776229917.117,117.117,0.83,25.99,0.82,33.99,0.86,15.17,0.87,310.99,0.14,15.17,0.13,310.99,0.17,25.99,0.18,33.99,0.03,0.03,2333.133785,1776229916000
1776229917.406,117.406,0.83,14.22,0.82,33.99,0.84,88.0,0.85,119.57,0.16,71.0,0.15,68.99,0.17,14.22,0.18,33.99,0.01,0.01,2333.133785,1776229916000
1776229918.075,118.075,0.83,14.22,0.82,33.99,0.84,88.0,0.85,119.57,0.16,88.0,0.15,119.57,0.17,14.22,0.18,33.99,0.01,0.01,2333.10251,1776229917000
1776229919.181,119.181,0.83,14.22,0.82,33.99,0.84,88.0,0.85,119.57,0.16,88.0,0.15,119.57,0.17,14.22,0.18,33.99,0.01,0.01,2332.735885,1776229918000
1776229919.507,119.507,0.83,4.22,0.82,33.99,0.84,71.77,0.85,43.2,0.16,88.0,0.15,119.57,0.17,14.22,0.18,33.99,0.01,0.01,2332.735885,1776229918000
1776229920.199,120.199,0.83,4.22,0.82,33.99,0.84,71.77,0.85,43.2,0.16,71.77,0.15,43.2,0.17,4.22,0.18,33.99,0.01,0.01,2332.729658,1776229919000
1776229920.898,120.898,0.83,4.22,0.82,43.99,0.84,92.77,0.85,43.2,0.16,71.77,0.15,43.2,0.17,4.22,0.18,33.99,0.01,0.01,2332.729658,1776229919000
1776229921.203,121.203,0.83,9.22,0.82,43.99,0.84,89.77,0.85,43.2,0.16,89.77,0.15,43.2,0.17,9.22,0.18,43.99,0.01,0.01,2332.64726,1776229920000
1776229921.66,121.66,0.83,4.22,0.82,48.99,0.84,51.9,0.85,25.0,0.16,48.1,0.15,43.2,0.17,4.22,0.18,48.99,0.01,0.01,2332.64726,1776229920000
1776229922.274,122.274,0.83,4.22,0.82,48.99,0.84,51.9,0.85,25.0,0.16,51.9,0.15,25.0,0.17,4.22,0.18,48.99,0.01,0.01,2332.694793,1776229921000
1776229923.237,123.237,0.83,4.22,0.82,48.99,0.84,51.9,0.85,25.0,0.16,51.9,0.15,25.0,0.17,4.22,0.18,48.99,0.01,0.01,2332.65235,1776229922000
1776229923.524,123.524,0.83,15.0,0.82,53.99,0.84,55.33,0.85,25.0,0.16,51.9,0.15,25.0,0.17,4.22,0.18,48.99,0.01,0.01,2332.65235,1776229922000
1776229924.403,124.403,0.83,15.0,0.82,53.99,0.84,55.33,0.85,25.0,0.16,55.33,0.15,25.0,0.17,15.0,0.18,53.99,0.01,0.01,2332.6523,1776229923000
1776229924.695,124.695,0.82,22.87,0.79,16.0,0.83,102.97,0.84,119.0,0.17,45.97,0.16,49.0,0.18,33.99,0.19,33.0,0.01,0.01,2332.6523,1776229923000
1776229924.944,124.944,0.79,16.0,0.78,41.0,0.81,10.13,0.83,115.97,0.19,10.13,0.17,115.97,0.21,16.0,0.22,41.0,0.02,0.02,2332.666185,1776229924000
1776229925.152,125.152,0.79,6.62,0.78,36.0,0.8,82.0,0.81,32.13,0.19,10.13,0.17,115.97,0.21,16.0,0.22,41.0,0.01,0.02,2332.666185,1776229924000
1776229925.366,125.366,0.78,10.0,0.77,31.0,0.79,5.0,0.8,84.0,0.2,82.0,0.19,32.13,0.21,6.62,0.22,36.0,0.01,0.01,2332.666185,1776229924000
1776229925.58,125.58,0.77,9.52,0.76,45.7,0.78,99.0,0.79,12.0,0.22,94.0,0.21,12.0,0.23,19.52,0.24,45.7,0.01,0.01,2332.666185,1776229924000
1776229925.819,125.819,0.77,9.52,0.76,45.7,0.78,99.0,0.79,12.0,0.22,99.0,0.21,12.0,0.23,9.52,0.24,45.7,0.01,0.01,2332.66647,1776229925000
1776229926.77,126.77,0.77,27.44,0.76,45.7,0.78,68.48,0.79,12.0,0.22,99.0,0.21,12.0,0.23,4.13,0.24,45.7,0.01,0.01,2332.66647,1776229925000
1776229928.083,128.083,0.77,15.0,0.76,30.7,0.78,50.0,0.79,12.0,0.22,68.48,0.21,12.0,0.23,27.44,0.24,45.7,0.01,0.01,2332.57575,1776229926000
1776229928.446,128.446,0.77,15.0,0.76,30.7,0.78,50.0,0.79,12.0,0.22,50.0,0.21,12.0,0.23,15.0,0.24,30.7,0.01,0.01,2332.31929,1776229927000
1776229929.01,129.01,0.77,20.0,0.76,35.7,0.78,34.0,0.79,17.0,0.22,34.0,0.21,17.0,0.23,20.0,0.24,35.7,0.01,0.01,2332.310515,1776229928000
1776229929.964,129.964,0.77,20.0,0.76,35.7,0.78,34.0,0.79,17.0,0.22,34.0,0.21,17.0,0.23,20.0,0.24,35.7,0.01,0.01,2332.263616,1776229929000
1776229931.04,131.04,0.77,20.0,0.76,35.7,0.78,34.0,0.79,17.0,0.22,34.0,0.21,17.0,0.23,20.0,0.24,35.7,0.01,0.01,2332.322298,1776229930000
1776229931.247,131.247,0.71,2.96,0.7,10.0,0.76,224.0,0.77,58.0,0.24,224.0,0.23,58.0,0.27,5.96,0.29,7.0,0.05,0.03,2332.322298,1776229930000
1776229932.043,132.043,0.7,10.0,0.69,25.0,0.75,10.0,0.76,224.0,0.25,10.0,0.24,224.0,0.3,10.0,0.31,25.0,0.05,0.05,2332.295815,1776229931000
1776229932.527,132.527,0.7,28.21,0.69,15.0,0.71,42.19,0.72,58.0,0.29,76.0,0.28,58.0,0.3,23.21,0.31,15.0,0.01,0.01,2332.295815,1776229931000
1776229933.046,133.046,0.7,10.21,0.67,27.0,0.71,119.02,0.72,123.99,0.29,24.02,0.28,58.0,0.3,28.21,0.31,15.0,0.01,0.01,2332.295815,1776229931000
1776229933.251,133.251,0.7,5.04,0.67,27.0,0.71,145.02,0.72,63.0,0.29,114.02,0.28,63.0,0.3,5.04,0.33,22.0,0.01,0.01,2332.18039,1776229932000
1776229933.769,133.769,0.67,13.71,0.66,35.86,0.68,48.0,0.69,15.0,0.29,216.01,0.28,78.0,0.33,22.81,0.34,30.86,0.01,0.04,2332.18039,1776229932000
1776229934.181,134.181,0.67,13.71,0.66,35.86,0.68,48.0,0.69,15.0,0.32,48.0,0.31,15.0,0.33,13.71,0.34,35.86,0.01,0.01,2332.004292,1776229933000
1776229934.874,134.874,0.67,33.79,0.66,40.86,0.68,33.0,0.69,5.0,0.32,48.0,0.31,15.0,0.33,13.71,0.34,35.86,0.01,0.01,2332.004292,1776229933000
1776229935.261,135.261,0.67,33.79,0.66,40.86,0.68,33.0,0.69,5.0,0.32,33.0,0.31,5.0,0.33,33.79,0.34,40.86,0.01,0.01,2331.788549,1776229934000
1776229936.359,136.359,0.67,33.79,0.66,40.86,0.68,33.0,0.69,5.0,0.32,33.0,0.31,5.0,0.33,33.79,0.34,40.86,0.01,0.01,2331.686578,1776229935000
1776229937.059,137.059,0.67,22.9,0.66,40.86,0.68,38.78,0.69,10.0,0.32,33.0,0.3,95.0,0.33,17.9,0.34,40.86,0.01,0.01,2331.686578,1776229935000
1776229937.334,137.334,0.67,22.9,0.66,40.86,0.68,38.78,0.69,10.0,0.32,38.78,0.31,10.0,0.33,22.9,0.34,40.86,0.01,0.01,2331.695547,1776229936000
1776229937.6,137.6,0.67,22.9,0.66,40.86,0.68,37.28,0.7,85.0,0.32,38.78,0.31,10.0,0.33,22.9,0.34,40.86,0.01,0.01,2331.695547,1776229936000
1776229937.85,137.85,0.67,22.9,0.66,40.86,0.68,37.28,0.7,85.0,0.32,37.28,0.3,85.0,0.33,22.9,0.34,40.86,0.01,0.01,2331.729527,1776229937000
1776229938.348,138.348,0.66,1.23,0.65,5.0,0.67,31.0,0.68,22.57,0.33,6.0,0.32,37.57,0.34,4.86,0.35,15.0,0.01,0.01,2331.729527,1776229937000
1776229938.903,138.903,0.62,6.49,0.61,15.0,0.65,10.0,0.66,58.77,0.35,10.0,0.34,58.77,0.38,6.49,0.39,15.0,0.03,0.03,2331.685538,1776229938000
1776229939.958,139.958,0.63,4.45,0.62,16.49,0.64,15.0,0.65,20.0,0.36,15.0,0.35,20.0,0.37,4.45,0.38,16.49,0.01,0.01,2331.669057,1776229939000
1776229941.383,141.383,0.63,4.45,0.62,16.49,0.64,15.0,0.65,20.0,0.36,15.0,0.35,20.0,0.37,4.45,0.38,16.49,0.01,0.01,2331.5073,1776229940000
1776229941.866,141.866,0.66,38.3,0.65,31.0,0.68,30.0,0.69,15.0,0.32,30.0,0.31,15.0,0.34,38.3,0.35,31.0,0.02,0.02,2331.490049,1776229941000
1776229942.74,142.74,0.67,30.9,0.66,30.0,0.68,40.0,0.69,67.55,0.32,30.0,0.31,15.0,0.34,38.3,0.35,31.0,0.01,0.02,2331.490049,1776229941000
1776229943.945,143.945,0.67,30.9,0.66,30.0,0.68,40.0,0.69,67.55,0.32,40.0,0.31,67.55,0.33,30.9,0.34,30.0,0.01,0.01,2331.544455,1776229943000
1776229944.411,144.411,0.66,5.0,0.65,16.0,0.71,238.01,0.72,76.04,0.29,54.02,0.28,5.0,0.33,55.9,0.34,30.0,0.05,0.04,2331.544455,1776229943000
1776229945.307,145.307,0.66,5.0,0.65,16.0,0.71,238.01,0.72,76.04,0.29,238.01,0.28,76.04,0.34,5.0,0.35,16.0,0.05,0.05,2331.590687,1776229944000
1776229945.905,145.905,0.66,5.0,0.65,16.0,0.71,238.01,0.72,76.04,0.29,238.01,0.28,76.04,0.34,5.0,0.35,16.0,0.05,0.05,2331.610581,1776229945000
1776229946.873,146.873,0.66,5.0,0.65,16.0,0.71,238.01,0.72,76.04,0.29,238.01,0.28,76.04,0.34,5.0,0.35,16.0,0.05,0.05,2331.6386,1776229946000
1776229947.152,147.152,0.59,3.41,0.58,19.11,0.6,5.0,0.61,10.0,0.29,238.01,0.28,76.04,0.34,5.0,0.35,16.0,0.01,0.05,2331.6386,1776229946000
1776229947.426,147.426,0.57,9.66,0.56,5.0,0.59,20.0,0.6,10.0,0.4,10.0,0.39,10.0,0.42,5.87,0.43,15.0,0.02,0.02,2331.6386,1776229946000
1776229947.923,147.923,0.57,9.66,0.56,5.0,0.59,20.0,0.6,10.0,0.41,20.0,0.4,10.0,0.43,9.66,0.44,5.0,0.02,0.02,2331.5108,1776229947000
1776229948.165,148.165,0.51,9.9,0.5,30.58,0.52,50.0,0.53,10.0,0.48,59.12,0.44,258.0,0.49,10.0,0.5,15.58,0.01,0.01,2331.5108,1776229947000
1776229948.762,148.762,0.51,10.9,0.5,20.58,0.52,85.0,0.53,18.0,0.48,80.0,0.47,10.0,0.49,9.9,0.5,30.58,0.01,0.01,2331.5108,1776229947000
1776229949.019,149.019,0.51,10.9,0.5,20.58,0.52,85.0,0.53,18.0,0.48,85.0,0.47,18.0,0.49,10.9,0.5,20.58,0.01,0.01,2331.430012,1776229948000
1776229949.491,149.491,0.51,30.9,0.5,25.58,0.52,75.0,0.53,18.0,0.48,85.0,0.47,18.0,0.49,10.9,0.5,20.58,0.01,0.01,2331.430012,1776229948000
1776229950.054,150.054,0.51,16.14,0.5,30.58,0.52,140.99,0.53,18.0,0.48,75.0,0.47,18.0,0.49,30.9,0.5,25.58,0.01,0.01,2331.430012,1776229948000
1776229950.394,150.394,0.51,21.5,0.5,40.58,0.53,8.0,0.56,5.0,0.48,140.99,0.47,18.0,0.49,16.14,0.5,30.58,0.02,0.01,2331.17935,1776229949000
1776229951.07,151.07,0.52,40.0,0.51,21.5,0.53,32.62,0.57,10.0,0.47,8.0,0.44,5.0,0.49,21.5,0.5,40.58,0.01,0.02,2331.17935,1776229949000
1776229951.37,151.37,0.58,5.0,0.57,15.0,0.59,109.3,0.6,97.99,0.43,10.0,0.41,25.0,0.48,45.0,0.49,20.0,0.01,0.05,2330.926562,1776229950000
1776229952.22,152.22,0.56,20.0,0.55,30.0,0.57,5.0,0.59,114.3,0.43,5.0,0.41,114.3,0.44,20.0,0.45,30.0,0.01,0.01,2330.947529,1776229951000
1776229952.563,152.563,0.55,23.3,0.54,15.0,0.57,196.0,0.58,10.0,0.43,191.0,0.42,10.0,0.44,19.88,0.45,30.0,0.02,0.01,2330.947529,1776229951000
1776229953.308,153.308,0.56,7.72,0.55,23.3,0.57,201.0,0.58,10.0,0.43,201.0,0.42,10.0,0.44,7.72,0.45,23.3,0.01,0.01,2331.0222,1776229952000
1776229954.494,154.494,0.55,50.0,0.54,20.0,0.59,23.3,0.6,15.0,0.43,201.0,0.42,10.0,0.44,7.72,0.45,23.3,0.04,0.01,2331.0222,1776229952000
1776229955.03,155.03,0.56,10.0,0.55,50.0,0.59,12.53,0.6,15.0,0.41,12.53,0.4,15.0,0.44,10.0,0.45,50.0,0.03,0.03,2331.05705,1776229953000
1776229955.594,155.594,0.59,15.0,0.58,20.0,0.6,126.16,0.61,65.0,0.41,12.53,0.4,15.0,0.44,10.0,0.45,50.0,0.01,0.03,2331.05705,1776229953000
1776229956.343,156.343,0.59,15.0,0.58,20.0,0.6,122.46,0.61,65.0,0.4,122.46,0.39,65.0,0.41,15.0,0.42,20.0,0.01,0.01,2331.121574,1776229955000
1776229957.434,157.434,0.59,15.0,0.58,20.0,0.6,122.46,0.61,65.0,0.4,122.46,0.39,65.0,0.41,15.0,0.42,20.0,0.01,0.01,2331.154454,1776229956000
1776229958.04,158.04,0.59,15.0,0.58,20.0,0.6,122.46,0.61,65.0,0.4,122.46,0.39,65.0,0.41,15.0,0.42,20.0,0.01,0.01,2331.13933,1776229957000
1776229959.181,159.181,0.59,15.0,0.58,20.0,0.6,122.46,0.61,65.0,0.4,122.46,0.39,65.0,0.41,15.0,0.42,20.0,0.01,0.01,2331.14659,1776229958000
1776229960.275,160.275,0.59,15.0,0.58,20.0,0.6,122.46,0.61,65.0,0.4,122.46,0.39,65.0,0.41,15.0,0.42,20.0,0.01,0.01,2331.146975,1776229959000
1776229960.65,160.65,0.49,1.88,0.48,10.0,0.51,27.0,0.52,17.0,0.4,122.46,0.39,65.0,0.41,15.0,0.42,20.0,0.02,0.01,2331.146975,1776229959000
1776229960.92,160.92,0.45,20.0,0.44,23.89,0.51,22.0,0.52,29.0,0.49,22.0,0.48,29.0,0.55,20.0,0.56,23.89,0.06,0.06,2331.14599,1776229960000
1776229962.121,162.121,0.48,13.0,0.47,15.0,0.49,107.94,0.5,39.0,0.51,107.94,0.5,39.0,0.52,13.0,0.53,15.0,0.01,0.01,2331.14599,1776229961000
1776229963.206,163.206,0.46,4.53,0.45,15.0,0.47,112.84,0.48,22.0,0.51,146.38,0.5,39.0,0.55,10.0,0.56,13.89,0.01,0.04,2331.14599,1776229961000
1776229963.821,163.821,0.44,18.08,0.42,5.0,0.46,78.0,0.47,52.0,0.53,112.84,0.52,22.0,0.54,4.53,0.55,15.0,0.02,0.01,2330.8409,1776229962000
1776229964.285,164.285,0.44,23.86,0.43,15.0,0.45,120.84,0.46,58.0,0.54,78.0,0.53,52.0,0.56,18.08,0.58,5.0,0.01,0.02,2330.8409,1776229962000
1776229964.489,164.489,0.44,23.86,0.43,15.0,0.45,41.0,0.46,58.0,0.55,120.84,0.54,58.0,0.56,23.86,0.57,15.0,0.01,0.01,2330.691435,1776229963000
1776229965.078,165.078,0.44,23.86,0.43,15.0,0.45,41.0,0.46,58.0,0.55,41.0,0.54,58.0,0.56,23.86,0.57,15.0,0.01,0.01,2330.681435,1776229964000
1776229966.346,166.346,0.44,23.86,0.43,15.0,0.45,41.0,0.46,58.0,0.55,41.0,0.54,58.0,0.56,23.86,0.57,15.0,0.01,0.01,2330.6718,1776229965000
1776229967.419,167.419,0.44,8.77,0.43,15.0,0.45,82.15,0.46,81.0,0.55,82.15,0.54,81.0,0.56,8.77,0.57,15.0,0.01,0.01,2330.6672,1776229966000
1776229967.956,167.956,0.44,8.77,0.43,15.0,0.45,82.15,0.46,81.0,0.55,82.15,0.54,81.0,0.56,8.77,0.57,15.0,0.01,0.01,2330.6771,1776229967000
1776229969.234,169.234,0.44,8.77,0.43,15.0,0.45,82.15,0.46,81.0,0.55,82.15,0.54,81.0,0.56,8.77,0.57,15.0,0.01,0.01,2330.68265,1776229968000
1776229972.134,172.134,0.44,8.77,0.43,15.0,0.45,82.15,0.46,81.0,0.55,82.15,0.54,81.0,0.56,8.77,0.57,15.0,0.01,0.01,2330.7074,1776229970000
1776229973.102,173.102,0.44,8.77,0.43,15.0,0.45,82.15,0.46,81.0,0.55,82.15,0.54,81.0,0.56,8.77,0.57,15.0,0.01,0.01,2330.79845,1776229971000
1776229973.799,173.799,0.46,35.0,0.45,122.0,0.49,77.84,0.5,12.0,0.55,82.15,0.54,81.0,0.56,8.77,0.57,15.0,0.03,0.01,2330.79845,1776229971000
1776229974.204,174.204,0.46,35.0,0.45,122.0,0.49,77.84,0.5,12.0,0.51,77.84,0.5,12.0,0.54,35.0,0.55,122.0,0.03,0.03,2330.772149,1776229972000
1776229975.17,175.17,0.46,35.0,0.45,122.0,0.49,77.84,0.5,12.0,0.51,77.84,0.5,12.0,0.54,35.0,0.55,122.0,0.03,0.03,2330.68185,1776229973000
1776229975.549,175.549,0.48,52.0,0.47,25.0,0.51,5.0,0.52,91.84,0.51,77.84,0.5,12.0,0.54,35.0,0.55,122.0,0.03,0.03,2330.68185,1776229973000
1776229976.127,176.127,0.48,52.0,0.47,25.0,0.51,5.0,0.52,91.84,0.49,5.0,0.48,91.84,0.52,52.0,0.53,25.0,0.03,0.03,2330.777,1776229974000
1776229976.561,176.561,0.5,17.8,0.49,25.0,0.51,5.0,0.52,31.76,0.49,5.0,0.48,91.84,0.52,52.0,0.53,25.0,0.01,0.03,2330.777,1776229974000
1776229977.042,177.042,0.5,17.8,0.49,25.0,0.51,5.0,0.52,31.76,0.49,5.0,0.48,31.76,0.5,17.8,0.51,25.0,0.01,0.01,2330.84414,1776229975000
1776229978.02,178.02,0.5,17.8,0.49,25.0,0.51,5.0,0.52,31.76,0.49,5.0,0.48,31.76,0.5,17.8,0.51,25.0,0.01,0.01,2330.85556,1776229976000
1776229978.536,178.536,0.54,25.0,0.53,35.0,0.55,32.0,0.57,5.0,0.49,5.0,0.48,31.76,0.5,17.8,0.51,25.0,0.01,0.01,2330.85556,1776229976000
1776229979.264,179.264,0.56,40.0,0.55,20.0,0.59,2.67,0.6,10.0,0.45,4.73,0.43,5.0,0.46,25.0,0.47,35.0,0.03,0.01,2330.9622,1776229977000
1776229979.716,179.716,0.57,32.67,0.56,35.0,0.58,4.9,0.59,2.67,0.42,4.9,0.41,34.34,0.43,20.0,0.44,35.0,0.01,0.01,2330.91712,1776229978000
1776229980.173,180.173,0.57,32.67,0.56,35.0,0.58,4.9,0.59,2.67,0.42,4.9,0.41,2.67,0.43,32.67,0.44,35.0,0.01,0.01,2330.933005,1776229979000
1776229980.865,180.865,0.57,4.0,0.56,25.0,0.58,53.9,0.59,2.67,0.42,4.9,0.41,2.67,0.43,32.67,0.44,35.0,0.01,0.01,2330.933005,1776229979000
1776229981.283,181.283,0.57,19.0,0.56,20.0,0.58,29.1,0.6,10.0,0.42,53.9,0.41,2.67,0.43,4.0,0.44,25.0,0.01,0.01,2330.933005,1776229979000
1776229981.622,181.622,0.57,19.0,0.56,20.0,0.58,27.2,0.6,10.0,0.42,27.2,0.4,10.0,0.43,19.0,0.44,20.0,0.01,0.01,2331.050875,1776229980000
1776229981.867,181.867,0.57,84.0,0.56,15.0,0.58,13.18,0.65,5.0,0.42,18.27,0.35,10.0,0.43,84.0,0.44,15.0,0.01,0.01,2331.050875,1776229980000
1776229982.152,182.152,0.57,84.0,0.56,70.0,0.58,8.95,0.65,5.0,0.42,13.18,0.35,5.0,0.43,84.0,0.44,15.0,0.01,0.01,2331.050875,1776229980000
1776229982.394,182.394,0.57,89.0,0.56,70.0,0.58,3.86,0.65,5.0,0.42,3.86,0.35,5.0,0.43,89.0,0.44,70.0,0.01,0.01,2331.17332,1776229981000
1776229983.181,183.181,0.63,7.14,0.57,89.0,0.65,5.0,0.66,15.0,0.42,3.86,0.35,5.0,0.43,89.0,0.44,70.0,0.02,0.01,2331.17332,1776229981000
1776229983.922,183.922,0.63,22.14,0.62,15.0,0.65,10.0,0.66,15.0,0.35,5.0,0.34,15.0,0.37,7.14,0.43,89.0,0.02,0.02,2331.179157,1776229982000
1776229984.811,184.811,0.63,22.14,0.62,15.0,0.65,4.0,0.66,15.0,0.35,4.0,0.34,15.0,0.37,22.14,0.38,15.0,0.02,0.02,2331.33703,1776229983000
1776229985.203,185.203,0.64,15.0,0.63,27.14,0.66,1.28,0.68,10.0,0.35,4.0,0.34,15.0,0.37,22.14,0.38,15.0,0.02,0.02,2331.33703,1776229983000
1776229985.546,185.546,0.64,15.0,0.63,27.14,0.66,1.28,0.68,10.0,0.34,1.28,0.32,10.0,0.36,15.0,0.37,27.14,0.02,0.02,2331.317825,1776229984000
1776229986.19,186.19,0.67,16.96,0.66,25.0,0.68,18.72,0.69,10.0,0.32,6.96,0.31,10.0,0.34,25.0,0.35,46.0,0.01,0.02,2331.317825,1776229984000
1776229986.827,186.827,0.65,22.34,0.64,20.0,0.66,27.17,0.68,69.17,0.34,15.41,0.32,85.93,0.35,36.0,0.36,15.0,0.01,0.01,2331.3764,1776229985000
1776229987.653,187.653,0.65,22.34,0.64,20.0,0.66,27.17,0.68,69.17,0.34,27.17,0.32,69.17,0.35,22.34,0.36,20.0,0.01,0.01,2331.40275,1776229986000
1776229988.207,188.207,0.64,8.99,0.63,17.14,0.66,42.17,0.67,10.0,0.34,27.17,0.32,69.17,0.35,22.34,0.36,20.0,0.02,0.01,2331.40275,1776229986000
1776229989.095,189.095,0.64,8.99,0.63,17.14,0.66,42.17,0.67,10.0,0.34,42.17,0.33,10.0,0.36,8.99,0.37,17.14,0.02,0.02,2331.38552,1776229988000
1776229989.77,189.77,0.64,3.75,0.63,58.14,0.65,10.0,0.66,37.18,0.34,42.17,0.33,10.0,0.36,8.99,0.37,17.14,0.01,0.02,2331.38552,1776229988000
1776229990.38,190.38,0.64,3.75,0.63,58.14,0.65,10.0,0.66,37.18,0.35,10.0,0.34,37.18,0.36,3.75,0.37,58.14,0.01,0.01,2331.38422,1776229989000
1776229991.057,191.057,0.64,3.75,0.63,58.14,0.65,10.0,0.66,37.18,0.35,10.0,0.34,37.18,0.36,3.75,0.37,58.14,0.01,0.01,2331.39608,1776229990000
1776229992.289,192.289,0.64,3.75,0.63,58.14,0.65,10.0,0.66,37.18,0.35,10.0,0.34,37.18,0.36,3.75,0.37,58.14,0.01,0.01,2331.39715,1776229991000
1776229993.055,193.055,0.64,25.0,0.63,27.14,0.66,34.83,0.67,10.0,0.35,10.0,0.34,37.18,0.36,3.75,0.37,58.14,0.02,0.01,2331.39715,1776229991000
1776229994.384,194.384,0.64,25.0,0.63,27.14,0.66,34.83,0.67,10.0,0.34,34.83,0.33,10.0,0.36,25.0,0.37,27.14,0.02,0.02,2331.405476,1776229992000
1776229995.021,195.021,0.64,25.0,0.63,27.14,0.66,34.83,0.67,10.0,0.34,34.83,0.33,10.0,0.36,25.0,0.37,27.14,0.02,0.02,2331.411586,1776229994000
1776229995.287,195.287,0.65,158.0,0.64,20.0,0.66,13.83,0.78,5.0,0.34,34.83,0.33,10.0,0.36,25.0,0.37,27.14,0.01,0.02,2331.411586,1776229994000
1776229995.61,195.61,0.65,288.0,0.64,25.0,0.84,6.46,0.85,10.0,0.16,10.0,0.15,10.0,0.35,260.0,0.36,25.0,0.19,0.19,2331.411586,1776229994000
1776229996.056,196.056,0.73,70.0,0.72,70.0,0.83,12.1,0.84,6.46,0.16,6.46,0.15,10.0,0.35,288.0,0.36,25.0,0.1,0.19,2331.411586,1776229994000
1776229996.348,196.348,0.73,10.0,0.71,84.0,0.85,17.53,0.88,20.0,0.2,0.42,0.17,5.0,0.27,70.0,0.28,70.0,0.12,0.07,2331.411586,1776229994000
1776229996.548,196.548,0.73,10.0,0.71,84.0,0.85,7.43,0.88,20.0,0.15,17.43,0.12,20.0,0.27,10.0,0.29,84.0,0.12,0.12,2331.42199,1776229995000
1776229997.213,197.213,0.73,10.0,0.71,84.0,0.85,7.43,0.88,20.0,0.15,7.43,0.12,20.0,0.27,10.0,0.29,84.0,0.12,0.12,2331.608023,1776229996000
1776229997.526,197.526,0.81,70.0,0.8,70.0,0.82,5.0,0.84,5.0,0.15,7.43,0.12,20.0,0.27,10.0,0.29,84.0,0.01,0.12,2331.608023,1776229996000
1776229997.804,197.804,0.81,75.0,0.8,70.0,0.86,48.41,0.88,20.0,0.18,1.81,0.16,5.0,0.19,70.0,0.2,70.0,0.05,0.01,2331.608023,1776229996000
1776229998.304,198.304,0.8,15.0,0.78,34.0,0.86,109.83,0.88,20.0,0.14,57.24,0.12,20.0,0.19,75.0,0.2,75.0,0.06,0.05,2331.608023,1776229996000
1776229998.622,198.622,0.81,11.9,0.8,15.0,0.86,109.83,0.88,20.0,0.14,109.83,0.12,20.0,0.19,11.9,0.2,15.0,0.05,0.05,2332.43836,1776229997000
1776229998.827,198.827,0.81,5.27,0.8,5.0,0.86,164.83,0.88,20.0,0.14,109.83,0.12,20.0,0.19,11.9,0.2,15.0,0.05,0.05,2332.43836,1776229997000
1776229999.272,199.272,0.78,5.0,0.77,10.0,0.81,45.61,0.84,5.0,0.19,45.61,0.16,5.0,0.22,5.0,0.23,10.0,0.03,0.03,2332.56333,1776229998000
1776229999.489,199.489,0.78,15.0,0.77,5.0,0.79,42.6,0.8,10.0,0.19,45.61,0.16,5.0,0.22,5.0,0.23,10.0,0.01,0.03,2332.56333,1776229998000
1776230000.081,200.081,0.78,15.0,0.77,5.0,0.79,42.6,0.8,10.0,0.21,42.6,0.2,10.0,0.22,15.0,0.23,5.0,0.01,0.01,2332.450688,1776229999000
1776230000.488,200.488,0.81,4.0,0.8,45.0,0.85,68.32,0.86,65.0,0.21,42.6,0.2,10.0,0.22,15.0,0.23,5.0,0.04,0.01,2332.450688,1776229999000
1776230000.776,200.776,0.83,10.0,0.82,20.0,0.84,9.84,0.85,68.32,0.16,1.9,0.15,68.32,0.18,15.0,0.19,14.0,0.01,0.02,2332.450688,1776229999000
1776230001.486,201.486,0.83,10.0,0.82,20.0,0.84,9.84,0.85,68.32,0.16,9.84,0.15,68.32,0.17,10.0,0.18,20.0,0.01,0.01,2332.088135,1776230000000
1776230001.943,201.943,0.84,5.68,0.83,15.0,0.86,72.21,0.87,91.52,0.14,55.0,0.13,81.52,0.16,11.68,0.17,20.0,0.02,0.02,2332.088135,1776230000000
1776230002.145,202.145,0.85,3.24,0.84,5.68,0.86,67.21,0.87,91.52,0.14,72.21,0.13,91.52,0.16,5.68,0.17,15.0,0.01,0.02,2332.088135,1776230000000
1776230002.611,202.611,0.83,51.0,0.82,21.0,0.85,8.82,0.86,67.21,0.14,72.21,0.13,91.52,0.18,18.88,0.19,9.0,0.02,0.04,2332.189708,1776230001000
1776230003.615,203.615,0.83,51.0,0.82,21.0,0.85,8.82,0.86,67.21,0.15,8.82,0.14,67.21,0.17,51.0,0.18,21.0,0.02,0.02,2332.24419,1776230002000
1776230004.241,204.241,0.84,10.0,0.83,57.0,0.88,12.11,0.9,100.0,0.15,8.82,0.14,67.21,0.17,51.0,0.18,21.0,0.04,0.02,2332.24419,1776230002000
1776230004.968,204.968,0.84,10.0,0.83,57.0,0.88,12.11,0.9,100.0,0.12,12.11,0.1,100.0,0.16,10.0,0.17,57.0,0.04,0.04,2332.312815,1776230004000
1776230005.943,205.943,0.87,32.3,0.86,20.0,0.88,15.97,0.89,10.0,0.12,20.97,0.11,10.0,0.13,5.0,0.14,20.0,0.01,0.01,2332.312815,1776230004000
1776230006.72,206.72,0.87,32.3,0.86,20.0,0.88,15.97,0.89,10.0,0.12,15.97,0.11,10.0,0.13,32.3,0.14,20.0,0.01,0.01,2332.42061,1776230005000
1776230007.317,207.317,0.87,20.0,0.86,20.0,0.88,14.83,0.89,10.0,0.12,14.83,0.11,10.0,0.13,20.0,0.14,20.0,0.01,0.01,2332.437236,1776230006000
1776230008.077,208.077,0.86,26.0,0.85,10.0,0.88,23.24,0.89,10.0,0.12,23.24,0.11,10.0,0.14,26.0,0.15,10.0,0.02,0.02,2332.471145,1776230007000
1776230008.643,208.643,0.85,10.0,0.82,5.0,0.87,188.09,0.88,33.24,0.13,15.0,0.12,33.24,0.14,41.92,0.15,45.0,0.02,0.01,2332.471145,1776230007000
1776230009.023,209.023,0.78,21.0,0.77,5.0,0.82,32.0,0.83,10.0,0.18,20.35,0.14,60.0,0.19,4.9,0.2,5.0,0.04,0.01,2332.471145,1776230007000
1776230009.529,209.529,0.77,5.0,0.76,5.0,0.82,32.0,0.83,10.0,0.18,32.0,0.17,10.0,0.23,5.0,0.24,5.0,0.05,0.05,2332.52727,1776230008000
1776230010.185,210.185,0.77,5.0,0.76,5.0,0.78,5.0,0.79,10.0,0.22,5.0,0.21,10.0,0.23,5.0,0.24,5.0,0.01,0.01,2332.510317,1776230009000
1776230010.474,210.474,0.78,15.0,0.77,45.0,0.79,15.0,0.8,10.0,0.22,5.0,0.21,10.0,0.23,5.0,0.24,5.0,0.01,0.01,2332.510317,1776230009000
1776230011.427,211.427,0.78,15.0,0.77,45.0,0.79,15.0,0.8,10.0,0.21,15.0,0.2,10.0,0.22,15.0,0.23,45.0,0.01,0.01,2332.161401,1776230010000
1776230011.634,211.634,0.78,85.0,0.77,35.0,0.88,14.83,0.89,5.0,0.21,15.0,0.2,10.0,0.22,15.0,0.23,45.0,0.1,0.01,2332.161401,1776230010000
1776230011.983,211.983,0.78,135.0,0.77,90.0,0.88,13.14,0.89,15.0,0.12,6.84,0.11,5.0,0.22,70.0,0.23,90.0,0.1,0.1,2332.161401,1776230010000
1776230012.268,212.268,0.84,5.95,0.78,65.0,0.85,4.12,0.86,56.73,0.14,56.73,0.13,10.0,0.19,1.12,0.22,135.0,0.01,0.05,2332.10464,1776230011000
1776230012.523,212.523,0.82,5.0,0.81,15.0,0.85,10.02,0.86,56.73,0.15,4.12,0.14,56.73,0.17,9.54,0.18,6.09,0.03,0.02,2332.10464,1776230011000
1776230012.749,212.749,0.81,9.78,0.8,10.0,0.83,10.0,0.84,10.0,0.15,3.87,0.14,56.73,0.18,5.0,0.19,15.0,0.02,0.03,2332.10464,1776230011000
1776230013.214,213.214,0.81,9.78,0.8,10.0,0.83,10.0,0.84,10.0,0.17,10.0,0.16,10.0,0.19,9.78,0.2,10.0,0.02,0.02,2332.254227,1776230012000
1776230014.048,214.048,0.83,10.0,0.82,20.0,0.86,56.19,0.87,10.0,0.15,3.87,0.14,56.73,0.17,15.0,0.18,10.0,0.03,0.02,2332.254227,1776230012000
1776230014.554,214.554,0.83,10.0,0.82,20.0,0.86,56.19,0.87,10.0,0.14,56.19,0.13,10.0,0.17,10.0,0.18,20.0,0.03,0.03,2332.383164,1776230013000
1776230015.071,215.071,0.83,15.0,0.82,25.0,0.85,8.83,0.86,31.0,0.14,56.19,0.13,10.0,0.17,10.0,0.18,20.0,0.02,0.03,2332.383164,1776230013000
1776230015.608,215.608,0.82,20.0,0.81,26.0,0.84,15.0,0.85,8.83,0.15,8.83,0.14,31.0,0.17,15.0,0.18,25.0,0.02,0.02,2332.402894,1776230014000
1776230016.005,216.005,0.82,25.0,0.81,31.0,0.83,8.97,0.84,10.0,0.16,15.0,0.15,8.83,0.18,20.0,0.19,26.0,0.01,0.02,2332.402894,1776230014000
1776230016.363,216.363,0.82,25.0,0.81,31.0,0.83,8.97,0.84,10.0,0.17,8.97,0.16,10.0,0.18,25.0,0.19,31.0,0.01,0.01,2332.374515,1776230015000
1776230016.814,216.814,0.83,15.0,0.82,25.0,0.85,5.9,0.86,81.0,0.16,7.57,0.15,8.83,0.17,79.0,0.18,40.0,0.02,0.01,2332.374515,1776230015000
1776230017.948,217.948,0.84,15.0,0.83,25.0,0.85,0.33,0.86,81.0,0.15,5.9,0.14,81.0,0.17,15.0,0.18,25.0,0.01,0.02,2332.432913,1776230016000
1776230019.261,219.261,0.84,15.0,0.83,25.0,0.85,0.33,0.86,81.0,0.15,0.33,0.14,81.0,0.16,15.0,0.17,25.0,0.01,0.01,2332.29841,1776230018000
1776230020.338,220.338,0.84,15.0,0.83,25.0,0.85,0.33,0.86,81.0,0.15,0.33,0.14,81.0,0.16,15.0,0.17,25.0,0.01,0.01,2332.301405,1776230019000
1776230020.895,220.895,0.84,15.0,0.83,25.0,0.85,0.33,0.86,81.0,0.15,0.33,0.14,81.0,0.16,15.0,0.17,25.0,0.01,0.01,2332.307295,1776230020000
1776230022.148,222.148,0.84,15.0,0.83,25.0,0.85,0.33,0.86,81.0,0.15,0.33,0.14,81.0,0.16,15.0,0.17,25.0,0.01,0.01,2332.309255,1776230021000
1776230023.332,223.332,0.84,15.0,0.83,25.0,0.85,0.33,0.86,81.0,0.15,0.33,0.14,81.0,0.16,15.0,0.17,25.0,0.01,0.01,2332.421595,1776230022000
1776230024.339,224.339,0.84,15.0,0.83,25.0,0.85,0.33,0.86,81.0,0.15,0.33,0.14,81.0,0.16,15.0,0.17,25.0,0.01,0.01,2332.45273,1776230023000
1776230024.929,224.929,0.84,15.0,0.83,25.0,0.85,0.33,0.86,81.0,0.15,0.33,0.14,81.0,0.16,15.0,0.17,25.0,0.01,0.01,2332.45273,1776230024000
1776230026.503,226.503,0.84,15.0,0.83,25.0,0.85,0.33,0.86,81.0,0.15,0.33,0.14,81.0,0.16,15.0,0.17,25.0,0.01,0.01,2332.407205,1776230025000
1776230026.97,226.97,0.84,15.0,0.83,25.0,0.85,0.33,0.86,81.0,0.15,0.33,0.14,81.0,0.16,15.0,0.17,25.0,0.01,0.01,2332.474778,1776230026000
1776230028.183,228.183,0.84,15.0,0.83,25.0,0.85,0.33,0.86,81.0,0.15,0.33,0.14,81.0,0.16,15.0,0.17,25.0,0.01,0.01,2332.436322,1776230027000
1776230028.659,228.659,0.85,15.0,0.84,15.0,0.88,23.41,0.89,51.79,0.15,0.33,0.14,81.0,0.16,15.0,0.17,25.0,0.03,0.01,2332.436322,1776230027000
1776230029.242,229.242,0.85,15.0,0.84,10.0,0.86,11.1,0.87,27.0,0.14,11.1,0.13,27.0,0.15,15.0,0.16,10.0,0.01,0.01,2332.460005,1776230028000
1776230030.319,230.319,0.85,15.0,0.84,10.0,0.86,11.1,0.87,27.0,0.14,11.1,0.13,27.0,0.15,15.0,0.16,10.0,0.01,0.01,2332.431266,1776230029000
1776230030.955,230.955,0.85,15.0,0.84,10.0,0.86,11.1,0.87,27.0,0.14,11.1,0.13,27.0,0.15,15.0,0.16,10.0,0.01,0.01,2332.428372,1776230030000
1776230031.618,231.618,0.85,147.13,0.84,59.8,0.86,5.22,0.87,27.0,0.14,11.1,0.13,27.0,0.15,15.0,0.16,10.0,0.01,0.01,2332.428372,1776230030000
1776230032.045,232.045,0.85,147.13,0.84,59.8,0.86,5.22,0.87,27.0,0.14,5.22,0.13,27.0,0.15,147.13,0.16,59.8,0.01,0.01,2332.34167,1776230031000
1776230033.097,233.097,0.85,137.13,0.84,59.8,0.87,26.41,0.88,23.41,0.13,26.41,0.12,23.41,0.15,137.13,0.16,59.8,0.02,0.02,2332.307815,1776230032000
1776230034.154,234.154,0.85,137.13,0.84,59.8,0.87,26.41,0.88,23.41,0.13,26.41,0.12,23.41,0.15,137.13,0.16,59.8,0.02,0.02,2332.304125,1776230033000
1776230035.319,235.319,0.85,137.13,0.84,59.8,0.87,26.41,0.88,23.41,0.13,26.41,0.12,23.41,0.15,137.13,0.16,59.8,0.02,0.02,2332.184055,1776230034000
1776230036.4,236.4,0.85,137.13,0.84,59.8,0.87,26.41,0.88,23.41,0.13,26.41,0.12,23.41,0.15,137.13,0.16,59.8,0.02,0.02,2332.287005,1776230035000
1776230036.938,236.938,0.86,77.0,0.85,91.58,0.87,17.96,0.88,13.41,0.13,17.96,0.12,13.41,0.14,77.0,0.15,91.58,0.01,0.01,2332.285355,1776230036000
1776230038.078,238.078,0.86,77.0,0.85,91.58,0.87,17.96,0.88,13.41,0.13,17.96,0.12,13.41,0.14,77.0,0.15,91.58,0.01,0.01,2332.280955,1776230037000
1776230039.035,239.035,0.86,77.0,0.85,91.58,0.87,17.96,0.88,13.41,0.13,17.96,0.12,13.41,0.14,77.0,0.15,91.58,0.01,0.01,2332.2817,1776230038000
1776230039.377,239.377,0.86,129.9,0.85,96.58,0.87,12.96,0.88,8.41,0.13,17.96,0.12,13.41,0.14,77.0,0.15,91.58,0.01,0.01,2332.2817,1776230038000
1776230040.609,240.609,0.86,129.9,0.85,96.58,0.87,12.96,0.88,8.41,0.13,12.96,0.12,8.41,0.14,129.9,0.15,96.58,0.01,0.01,2332.284985,1776230039000
1776230041.191,241.191,0.86,105.0,0.85,101.12,0.88,7.44,0.89,41.79,0.12,7.44,0.11,41.79,0.14,105.0,0.15,101.12,0.02,0.02,2332.28966,1776230040000
1776230042.009,242.009,0.88,35.85,0.87,15.0,0.89,10.8,0.9,95.0,0.12,7.44,0.11,41.79,0.14,105.0,0.15,101.12,0.01,0.02,2332.28966,1776230040000
1776230042.333,242.333,0.88,35.85,0.87,15.0,0.89,10.8,0.9,95.0,0.11,10.8,0.1,95.0,0.12,35.85,0.13,15.0,0.01,0.01,2332.28387,1776230041000
1776230042.68,242.68,0.88,87.85,0.87,42.0,0.9,90.62,0.91,124.0,0.11,10.8,0.1,95.0,0.12,35.85,0.13,15.0,0.02,0.01,2332.28387,1776230041000
1776230043.44,243.44,0.88,87.85,0.87,42.0,0.9,90.62,0.91,124.0,0.1,90.62,0.09,124.0,0.12,87.85,0.13,42.0,0.02,0.02,2332.29609,1776230042000
1776230044.038,244.038,0.88,87.85,0.87,42.0,0.9,90.62,0.91,124.0,0.1,90.62,0.09,124.0,0.12,87.85,0.13,42.0,0.02,0.02,2332.29613,1776230043000
1776230044.728,244.728,0.89,60.4,0.88,70.03,0.9,75.72,0.91,119.0,0.1,90.62,0.09,124.0,0.12,87.85,0.13,42.0,0.01,0.02,2332.29613,1776230043000
1776230045.064,245.064,0.89,60.4,0.88,70.03,0.9,75.72,0.91,119.0,0.1,75.72,0.09,119.0,0.11,60.4,0.12,70.03,0.01,0.01,2332.300075,1776230044000
1776230046.209,246.209,0.89,60.4,0.88,70.03,0.9,75.72,0.91,119.0,0.1,75.72,0.09,119.0,0.11,60.4,0.12,70.03,0.01,0.01,2332.299885,1776230045000
1776230047.262,247.262,0.89,115.69,0.88,37.0,0.9,74.6,0.91,59.0,0.1,74.6,0.09,59.0,0.11,115.69,0.12,37.0,0.01,0.01,2332.298799,1776230046000
1776230048.434,248.434,0.89,115.69,0.88,37.0,0.9,74.6,0.91,59.0,0.1,74.6,0.09,59.0,0.11,115.69,0.12,37.0,0.01,0.01,2332.29599,1776230047000
1776230048.977,248.977,0.89,115.69,0.88,37.0,0.9,74.6,0.91,59.0,0.1,74.6,0.09,59.0,0.11,115.69,0.12,37.0,0.01,0.01,2332.29602,1776230048000
1776230050.018,250.018,0.89,115.69,0.88,37.0,0.9,74.6,0.91,59.0,0.1,74.6,0.09,59.0,0.11,115.69,0.12,37.0,0.01,0.01,2332.29603,1776230049000
1776230050.525,250.525,0.89,107.09,0.88,114.72,0.9,69.6,0.91,44.0,0.1,74.6,0.09,59.0,0.11,115.69,0.12,37.0,0.01,0.01,2332.29603,1776230049000
1776230051.062,251.062,0.89,107.09,0.88,114.72,0.9,69.6,0.91,44.0,0.1,69.6,0.09,44.0,0.11,107.09,0.12,114.72,0.01,0.01,2332.29866,1776230050000
1776230052.15,252.15,0.89,107.09,0.88,114.72,0.9,69.6,0.91,44.0,0.1,69.6,0.09,44.0,0.11,107.09,0.12,114.72,0.01,0.01,2332.303795,1776230051000
1776230052.807,252.807,0.89,121.78,0.88,142.42,0.9,13.95,0.91,44.0,0.1,69.6,0.09,44.0,0.11,107.09,0.12,114.72,0.01,0.01,2332.303795,1776230051000
1776230053.21,253.21,0.89,121.78,0.88,142.42,0.9,13.95,0.91,44.0,0.1,13.95,0.09,44.0,0.11,121.78,0.12,142.42,0.01,0.01,2332.31923,1776230052000
1776230053.864,253.864,0.89,121.78,0.88,142.42,0.9,13.95,0.91,44.0,0.1,13.95,0.09,44.0,0.11,121.78,0.12,142.42,0.01,0.01,2332.31992,1776230053000
1776230055.17,255.17,0.89,167.78,0.88,146.48,0.9,8.89,0.91,44.0,0.1,13.95,0.09,44.0,0.11,121.78,0.12,142.42,0.01,0.01,2332.31992,1776230053000
1776230055.423,255.423,0.89,167.78,0.88,146.48,0.9,8.89,0.91,44.0,0.1,8.89,0.09,44.0,0.11,167.78,0.12,146.48,0.01,0.01,2332.29783,1776230054000
1776230056.031,256.031,0.89,167.78,0.88,146.48,0.9,8.89,0.91,44.0,0.1,8.89,0.09,44.0,0.11,167.78,0.12,146.48,0.01,0.01,2332.297905,1776230055000
1776230057.047,257.047,0.89,167.78,0.88,146.48,0.9,8.89,0.91,44.0,0.1,8.89,0.09,44.0,0.11,167.78,0.12,146.48,0.01,0.01,2332.29783,1776230056000
1776230057.712,257.712,0.89,167.78,0.88,112.15,0.9,5.55,0.91,44.0,0.1,8.89,0.09,44.0,0.11,167.78,0.12,146.48,0.01,0.01,2332.29783,1776230056000
1776230057.976,257.976,0.89,158.68,0.88,112.15,0.9,5.55,0.91,44.0,0.1,5.55,0.09,44.0,0.11,167.78,0.12,112.15,0.01,0.01,2332.29783,1776230056000
1776230058.422,258.422,0.89,158.68,0.88,112.15,0.9,3.32,0.91,44.0,0.1,5.55,0.09,44.0,0.11,158.68,0.12,112.15,0.01,0.01,2332.29286,1776230057000
1776230059.235,259.235,0.89,158.68,0.88,112.15,0.9,3.32,0.91,44.0,0.1,3.32,0.09,44.0,0.11,158.68,0.12,112.15,0.01,0.01,2332.387991,1776230058000
1776230059.903,259.903,0.89,163.68,0.88,116.34,0.92,48.9,0.93,15.0,0.1,3.32,0.09,44.0,0.11,158.68,0.12,112.15,0.03,0.01,2332.387991,1776230058000
1776230060.165,260.165,0.89,163.68,0.88,116.34,0.92,48.9,0.93,15.0,0.08,48.9,0.07,15.0,0.11,163.68,0.12,116.34,0.03,0.03,2332.293203,1776230059000
1776230060.657,260.657,0.91,144.54,0.9,68.0,0.92,5.0,0.93,15.0,0.08,48.9,0.07,15.0,0.11,163.68,0.12,116.34,0.01,0.03,2332.293203,1776230059000
1776230060.96,260.96,0.92,85.0,0.91,78.54,0.93,14.94,0.94,15.0,0.07,14.94,0.06,15.0,0.09,144.54,0.1,68.0,0.01,0.02,2332.293203,1776230059000
1776230061.179,261.179,0.92,120.18,0.91,78.54,0.93,1.94,0.94,15.0,0.07,14.94,0.06,15.0,0.08,76.28,0.09,78.54,0.01,0.01,2332.293203,1776230059000
1776230062.37,262.37,0.93,96.54,0.92,84.9,0.94,4.36,0.95,35.0,0.07,1.94,0.06,15.0,0.08,120.18,0.09,78.54,0.01,0.01,2332.293187,1776230060000
1776230063.17,263.17,0.93,95.7,0.92,89.9,0.94,9.36,0.95,35.0,0.06,14.36,0.05,35.0,0.07,95.7,0.08,89.9,0.01,0.01,2332.295135,1776230061000
1776230063.746,263.746,0.94,43.83,0.93,151.0,0.95,40.0,0.96,35.0,0.06,9.36,0.05,35.0,0.07,95.7,0.08,89.9,0.01,0.01,2332.295195,1776230062000
1776230064.27,264.27,0.94,43.83,0.93,97.3,0.95,56.2,0.96,35.0,0.05,40.0,0.04,35.0,0.06,43.83,0.07,151.0,0.01,0.01,2332.295711,1776230063000
1776230064.92,264.92,0.94,43.83,0.93,97.3,0.95,56.2,0.96,35.0,0.05,56.2,0.04,35.0,0.06,43.83,0.07,97.3,0.01,0.01,2332.295779,1776230064000
1776230065.259,265.259,0.94,86.03,0.93,5.0,0.95,62.56,0.96,203.8,0.05,56.2,0.04,35.0,0.06,43.83,0.07,97.3,0.01,0.01,2332.295779,1776230064000
1776230065.763,265.763,0.93,129.8,0.92,24.0,0.94,20.0,0.95,128.92,0.06,5.0,0.05,53.12,0.07,162.8,0.08,14.0,0.01,0.01,2332.295779,1776230064000
1776230066.589,266.589,0.93,19.42,0.92,157.73,0.94,18.82,0.95,148.92,0.06,20.0,0.05,128.92,0.07,31.8,0.08,24.0,0.01,0.01,2332.295535,1776230065000
1776230066.79,266.79,0.93,24.43,0.91,33.0,0.94,38.01,0.95,148.92,0.06,45.82,0.05,148.92,0.07,24.43,0.09,33.0,0.01,0.01,2332.295535,1776230065000
1776230067.209,267.209,0.93,24.03,0.92,10.0,0.94,43.2,0.95,128.92,0.06,14.55,0.05,148.92,0.07,24.43,0.08,10.0,0.01,0.01,2332.280894,1776230066000
1776230067.569,267.569,0.93,10.34,0.92,10.0,0.94,19.75,0.95,128.92,0.06,43.2,0.05,128.92,0.07,10.34,0.08,10.0,0.01,0.01,2332.280894,1776230066000
1776230067.927,267.927,0.93,15.34,0.92,5.0,0.94,8.9,0.95,91.31,0.05,81.31,0.04,173.8,0.07,10.34,0.08,10.0,0.01,0.02,2332.280894,1776230066000
1776230068.25,268.25,0.93,1.99,0.92,10.0,0.94,23.96,0.95,91.31,0.06,23.96,0.05,91.31,0.07,10.34,0.09,10.0,0.01,0.01,2332.280894,1776230066000
1776230068.578,268.578,0.92,10.0,0.91,10.0,0.93,36.01,0.94,78.8,0.06,23.96,0.05,91.31,0.07,1.99,0.08,10.0,0.01,0.01,2332.119501,1776230067000
1776230068.99,268.99,0.92,10.0,0.91,10.0,0.93,31.56,0.94,78.8,0.07,31.56,0.06,78.8,0.08,10.0,0.09,10.0,0.01,0.01,2332.019639,1776230068000
1776230069.347,269.347,0.92,10.0,0.91,10.0,0.93,41.45,0.94,75.76,0.07,35.44,0.06,75.76,0.08,10.0,0.09,10.0,0.01,0.01,2332.019639,1776230068000
1776230069.698,269.698,0.92,10.0,0.91,10.0,0.93,36.65,0.94,75.76,0.07,41.45,0.06,75.76,0.08,10.0,0.09,10.0,0.01,0.01,2332.019639,1776230068000
1776230069.947,269.947,0.92,10.0,0.91,10.0,0.93,36.65,0.94,75.76,0.07,36.65,0.06,75.76,0.08,10.0,0.09,10.0,0.01,0.01,2332.003155,1776230069000
1776230070.431,270.431,0.92,15.0,0.91,135.16,0.93,23.11,0.94,75.76,0.07,25.92,0.06,75.76,0.08,10.0,0.09,10.0,0.01,0.01,2332.003155,1776230069000
1776230070.982,270.982,0.91,135.16,0.9,44.0,0.93,11.9,0.94,75.76,0.07,11.9,0.06,75.76,0.09,135.16,0.1,44.0,0.02,0.02,2332.040705,1776230070000
1776230071.8,271.8,0.92,20.01,0.91,135.16,0.93,11.55,0.94,6.96,0.07,11.9,0.06,75.76,0.09,135.16,0.1,44.0,0.01,0.02,2332.040705,1776230070000
1776230072.011,272.011,0.92,20.01,0.91,135.16,0.93,11.55,0.94,6.96,0.07,11.55,0.06,6.96,0.08,20.01,0.09,135.16,0.01,0.01,2332.073301,1776230071000
1776230072.699,272.699,0.92,20.01,0.91,15.0,0.94,21.68,0.95,91.31,0.07,11.55,0.06,6.96,0.08,20.01,0.09,135.16,0.02,0.01,2332.073301,1776230071000
1776230073.008,273.008,0.92,20.01,0.91,15.0,0.93,5.0,0.94,21.68,0.07,5.0,0.06,21.68,0.08,20.01,0.09,15.0,0.01,0.01,2331.90268,1776230072000
1776230074.012,274.012,0.92,20.01,0.91,15.0,0.93,5.0,0.94,21.68,0.07,5.0,0.06,21.68,0.08,20.01,0.09,15.0,0.01,0.01,2331.874931,1776230073000
1776230075.034,275.034,0.92,20.01,0.91,15.0,0.93,5.0,0.94,21.68,0.07,5.0,0.06,21.68,0.08,20.01,0.09,15.0,0.01,0.01,2331.859434,1776230074000
1776230075.34,275.34,0.94,0.15,0.93,15.0,0.95,20.51,0.96,80.0,0.07,5.0,0.06,21.68,0.08,20.01,0.09,15.0,0.01,0.01,2331.859434,1776230074000
1776230075.991,275.991,0.93,15.0,0.92,15.01,0.95,20.51,0.96,80.0,0.05,20.51,0.04,80.0,0.07,15.0,0.08,15.01,0.02,0.02,2331.863579,1776230075000
1776230076.832,276.832,0.94,32.0,0.93,51.0,0.96,79.05,0.97,96.0,0.05,20.51,0.04,80.0,0.07,15.0,0.08,15.01,0.02,0.02,2331.863579,1776230075000
1776230077.43,277.43,0.94,35.0,0.93,56.0,0.96,77.9,0.97,96.0,0.04,78.95,0.03,96.0,0.06,32.0,0.07,51.0,0.02,0.02,2332.007399,1776230076000
1776230077.904,277.904,0.94,35.0,0.93,56.0,0.96,77.9,0.97,96.0,0.04,77.9,0.03,96.0,0.06,35.0,0.07,56.0,0.02,0.02,2331.902625,1776230077000
1776230078.933,278.933,0.94,35.0,0.93,56.0,0.96,77.9,0.97,96.0,0.04,77.9,0.03,96.0,0.06,35.0,0.07,56.0,0.02,0.02,2332.01671,1776230078000
1776230079.874,279.874,0.94,35.0,0.93,56.0,0.96,77.9,0.97,96.0,0.04,77.9,0.03,96.0,0.06,35.0,0.07,56.0,0.02,0.02,2331.985385,1776230079000
1776230081.419,281.419,0.95,85.0,0.94,30.0,0.96,7.69,0.97,96.0,0.04,7.69,0.03,96.0,0.05,85.0,0.06,30.0,0.01,0.01,2331.96556,1776230080000
1776230082.109,282.109,0.95,85.0,0.94,30.0,0.96,7.69,0.97,96.0,0.04,7.69,0.03,96.0,0.05,85.0,0.06,30.0,0.01,0.01,2331.963606,1776230081000
1776230082.465,282.465,0.95,95.0,0.94,69.0,0.97,89.87,0.98,223.0,0.04,7.69,0.03,96.0,0.05,85.0,0.06,30.0,0.02,0.01,2331.963606,1776230081000
1776230083.196,283.196,0.95,95.0,0.94,69.0,0.97,89.87,0.98,223.0,0.03,89.87,0.02,223.0,0.05,95.0,0.06,69.0,0.02,0.02,2332.12049,1776230082000
1776230083.449,283.449,0.96,51.35,0.95,35.0,0.97,66.87,0.98,223.0,0.03,89.87,0.02,223.0,0.05,95.0,0.06,69.0,0.01,0.02,2332.12049,1776230082000
1776230084.192,284.192,0.96,46.41,0.95,35.0,0.97,66.87,0.98,223.0,0.03,66.87,0.02,223.0,0.04,46.41,0.05,35.0,0.01,0.01,2331.98555,1776230083000
1776230085.056,285.056,0.96,107.56,0.95,68.0,0.97,99.49,0.98,223.0,0.03,66.87,0.02,223.0,0.04,46.41,0.05,35.0,0.01,0.01,2331.98555,1776230083000
1776230085.265,285.265,0.96,107.56,0.95,68.0,0.97,99.49,0.98,223.0,0.03,99.49,0.02,223.0,0.04,107.56,0.05,68.0,0.01,0.01,2332.103044,1776230084000
1776230086.295,286.295,0.96,99.03,0.95,74.0,0.97,69.49,0.98,218.0,0.03,74.49,0.02,223.0,0.04,80.03,0.05,54.0,0.01,0.01,2332.103044,1776230084000
1776230086.784,286.784,0.96,90.03,0.95,88.0,0.97,65.49,0.98,218.0,0.03,65.49,0.02,218.0,0.04,90.03,0.05,88.0,0.01,0.01,2332.052201,1776230085000
1776230087.055,287.055,0.96,113.03,0.95,88.0,0.97,61.49,0.98,218.0,0.03,65.49,0.02,218.0,0.04,90.03,0.05,88.0,0.01,0.01,2332.052201,1776230085000
1776230087.409,287.409,0.96,113.03,0.95,88.0,0.97,30.45,0.98,218.0,0.03,30.45,0.02,218.0,0.04,113.03,0.05,88.0,0.01,0.01,2331.97997,1776230086000
1776230087.717,287.717,0.96,139.03,0.95,73.0,0.98,218.0,0.99,6300.87,0.03,30.45,0.02,218.0,0.04,113.03,0.05,88.0,0.02,0.01,2331.97997,1776230086000
1776230087.919,287.919,0.96,139.03,0.95,73.0,0.98,218.0,0.99,6300.87,0.02,218.0,0.01,6300.87,0.04,139.03,0.05,73.0,0.02,0.02,2331.979965,1776230087000
1776230088.436,288.436,0.97,164.6,0.96,68.0,0.98,206.92,0.99,6300.87,0.02,216.97,0.01,6300.87,0.03,5.0,0.04,139.03,0.01,0.01,2331.979965,1776230087000
1776230088.673,288.673,0.97,164.6,0.96,68.0,0.98,202.92,0.99,6300.87,0.02,206.92,0.01,6300.87,0.03,164.6,0.04,68.0,0.01,0.01,2331.979965,1776230087000
1776230088.951,288.951,0.97,159.6,0.96,68.0,0.98,171.72,0.99,6300.87,0.02,171.72,0.01,6300.87,0.03,159.6,0.04,68.0,0.01,0.01,2331.979015,1776230088000
1776230089.221,289.221,0.97,175.6,0.96,68.0,0.98,161.61,0.99,6200.87,0.02,171.61,0.01,6200.87,0.03,164.6,0.04,68.0,0.01,0.01,2331.979015,1776230088000
1776230089.707,289.707,0.97,158.26,0.96,68.0,0.98,134.61,0.99,6200.87,0.02,134.61,0.01,6200.87,0.03,175.6,0.04,68.0,0.01,0.01,2331.979015,1776230088000
1776230090.214,290.214,0.97,50.0,0.96,68.0,0.98,126.61,0.99,1200.87,0.02,132.61,0.01,6200.87,0.03,156.26,0.04,68.0,0.01,0.01,2331.979015,1776230088000
1776230090.595,290.595,0.97,45.0,0.96,68.0,0.98,105.94,0.99,1200.87,0.02,110.79,0.01,1200.87,0.03,45.0,0.04,68.0,0.01,0.01,2331.959856,1776230089000
1776230090.802,290.802,0.97,42.83,0.96,68.0,0.98,61.83,0.99,1200.87,0.02,61.83,0.01,1200.87,0.03,45.0,0.04,68.0,0.01,0.01,2331.959856,1776230089000
1776230091.078,291.078,0.97,47.83,0.96,68.0,0.98,84.75,0.99,1200.87,0.02,83.75,0.01,1200.87,0.03,47.83,0.04,68.0,0.01,0.01,2331.959856,1776230089000
1776230091.421,291.421,0.97,63.83,0.96,68.0,0.98,51.75,0.99,1200.87,0.02,51.75,0.01,1200.87,0.03,63.83,0.04,68.0,0.01,0.01,2331.944874,1776230090000
1776230091.751,291.751,0.97,72.72,0.96,68.0,0.98,551.75,0.99,1100.87,0.02,51.75,0.01,1200.87,0.03,63.83,0.04,68.0,0.01,0.01,2331.944874,1776230090000
1776230092.003,292.003,0.97,91.41,0.96,68.0,0.98,541.54,0.99,1100.87,0.02,556.75,0.01,1100.87,0.03,91.41,0.04,68.0,0.01,0.01,2331.991959,1776230091000
1776230092.841,292.841,0.97,91.41,0.96,53.0,0.98,497.09,0.99,1100.87,0.02,499.89,0.01,1100.87,0.03,91.41,0.04,53.0,0.01,0.01,2331.991959,1776230091000
1776230093.078,293.078,0.97,91.41,0.96,53.0,0.98,497.09,0.99,1100.87,0.02,497.09,0.01,1100.87,0.03,91.41,0.04,53.0,0.01,0.01,2331.943807,1776230092000
1776230093.308,293.308,0.97,91.41,0.96,53.0,0.98,378.35,0.99,1100.87,0.02,453.31,0.01,1100.87,0.03,91.41,0.04,53.0,0.01,0.01,2331.943807,1776230092000
1776230094.277,294.277,0.97,91.41,0.96,53.0,0.98,373.24,0.99,1100.87,0.02,373.24,0.01,1100.87,0.03,91.41,0.04,53.0,0.01,0.01,2331.946877,1776230093000
1776230094.516,294.516,0.97,110.41,0.96,53.0,0.98,352.83,0.99,940.87,0.02,373.24,0.01,1100.87,0.03,91.41,0.04,53.0,0.01,0.01,2331.946877,1776230093000
1776230095.022,295.022,0.97,148.41,0.96,123.0,0.98,313.29,0.99,940.87,0.02,351.29,0.01,940.87,0.03,110.41,0.04,53.0,0.01,0.01,2331.946877,1776230093000
1776230095.419,295.419,0.97,148.41,0.96,123.0,0.98,313.29,0.99,940.87,0.02,313.29,0.01,940.87,0.03,148.41,0.04,123.0,0.01,0.01,2331.93969,1776230094000
1776230095.868,295.868,0.97,4.41,0.95,5.0,0.98,216.91,0.99,945.87,0.02,281.55,0.01,940.87,0.03,287.41,0.04,112.0,0.01,0.01,2331.93969,1776230094000
1776230096.069,296.069,0.3,95.3,0.26,50.0,0.54,5.0,0.61,50.0,0.39,50.0,0.38,5.0,0.66,15.3,0.7,100.0,0.24,0.27,2331.93969,1776230094000
1776230096.3,296.3,0.15,10.0,0.12,22.4,0.21,5.0,0.22,45.0,0.68,30.0,0.59,50.0,0.88,22.4,0.89,50.0,0.06,0.2,2331.93969,1776230094000
1776230096.515,296.515,0.1,10.0,0.09,10.0,0.11,5.0,0.12,40.0,0.88,30.0,0.85,2.12,0.91,37.86,0.92,10.0,0.01,0.03,2331.887995,1776230095000
1776230096.734,296.734,0.15,0.18,0.14,10.0,0.16,50.0,0.18,30.0,0.84,50.0,0.82,30.0,0.85,1.36,0.86,10.0,0.01,0.01,2331.887995,1776230095000
1776230097.027,297.027,0.13,9.0,0.11,10.0,0.2,23.36,0.21,50.0,0.82,19.99,0.8,23.36,0.86,9.04,0.9,73.32,0.07,0.04,2331.914175,1776230096000
1776230097.274,297.274,0.25,2.08,0.24,10.0,0.26,68.0,0.3,5.0,0.74,18.0,0.7,5.0,0.75,6.04,0.76,10.0,0.01,0.01,2331.914175,1776230096000
1776230097.477,297.477,0.24,10.0,0.16,44.45,0.27,9.5,0.28,10.0,0.74,4.5,0.73,10.0,0.84,44.45,0.85,40.0,0.03,0.1,2331.914175,1776230096000
1776230097.694,297.694,0.25,14.05,0.24,10.0,0.27,10.0,0.28,10.0,0.69,20.19,0.68,10.0,0.73,10.0,0.74,15.0,0.02,0.04,2331.914175,1776230096000
1776230097.916,297.916,0.22,7.6,0.21,60.0,0.31,2.6,0.35,30.0,0.69,12.6,0.68,10.0,0.74,10.0,0.75,10.0,0.09,0.05,2331.386571,1776230097000
1776230098.12,298.12,0.45,2.51,0.44,10.0,0.5,40.0,0.51,10.0,0.5,40.0,0.49,10.0,0.53,4.17,0.54,10.0,0.05,0.03,2331.386571,1776230097000
1776230098.323,298.323,0.47,9.26,0.46,10.0,0.52,10.0,0.53,10.0,0.49,10.0,0.48,10.0,0.51,9.82,0.52,10.0,0.05,0.02,2331.386571,1776230097000
1776230098.524,298.524,0.56,65.64,0.5,30.0,0.57,5.13,0.58,10.0,0.43,7.13,0.42,10.0,0.44,60.64,0.5,30.0,0.01,0.01,2331.386571,1776230097000
1776230098.754,298.754,0.56,7.99,0.5,30.0,0.57,10.0,0.58,10.0,0.39,20.13,0.38,10.0,0.44,65.64,0.5,30.0,0.01,0.05,2331.386571,1776230097000
1776230098.985,298.985,0.5,17.01,0.49,10.0,0.58,10.0,0.59,10.0,0.43,8.24,0.42,10.0,0.44,12.99,0.5,30.0,0.08,0.01,2331.386571,1776230097000
1776230099.271,299.271,0.5,17.01,0.49,10.0,0.58,10.0,0.59,10.0,0.42,10.0,0.41,10.0,0.5,17.01,0.51,10.0,0.08,0.08,2330.810891,1776230098000
1776230099.525,299.525,0.08,26.62,0.07,10.0,0.35,5.14,0.59,9.27,0.41,9.27,0.4,10.0,0.92,14.0,0.93,10.0,0.27,0.51,2330.810891,1776230098000
1776230099.837,299.837,0.03,68.36,0.02,193.0,0.3,11.9,0.31,5.0,0.7,6.9,0.65,5.14,0.97,74.7,0.98,193.0,0.27,0.27,2330.810891,1776230098000
1776230100.177,300.177,0.01,756.3,,,0.03,31.62,0.3,3.76,0.97,5.31,0.7,8.76,0.99,770.36,,,0.02,0.02,2330.810891,1776230098000
1776230100.404,300.404,0.01,634.55,,,0.23,5.0,0.27,10.0,0.77,5.0,0.73,10.0,0.99,654.55,,,0.22,0.22,2330.797254,1776230099000
1776230100.858,300.858,,,,,0.01,14772.5,0.23,5.0,0.99,2702.47,0.77,5.0,,,,,,,2330.797254,1776230099000

# RESULT,winner=Down,slug=eth-updown-5m-1776229800,ticks=481
