timestamp,elapsed_sec,up_bid_p1,up_bid_s1,up_bid_p2,up_bid_s2,up_ask_p1,up_ask_s1,up_ask_p2,up_ask_s2,down_bid_p1,down_bid_s1,down_bid_p2,down_bid_s2,down_ask_p1,down_ask_s1,down_ask_p2,down_ask_s2,up_spread,down_spread,eth_price,eth_oracle_ts
1776191701.592,1.592,0.46,5.17,0.45,75.0,0.48,25.17,0.54,3.14,0.52,25.17,0.46,3.14,0.54,5.17,0.55,75.0,0.02,0.02,2333.857052,1776191699000
1776191702.037,2.037,0.46,10.17,0.45,75.0,0.47,5.0,0.48,157.17,0.52,25.17,0.46,3.14,0.54,5.17,0.55,75.0,0.01,0.02,2333.708578,1776191700000
1776191702.279,2.279,0.46,5.17,0.45,75.0,0.48,150.17,0.49,143.0,0.53,5.0,0.52,157.17,0.54,10.17,0.55,75.0,0.02,0.01,2333.708578,1776191700000
1776191702.82,2.82,0.46,5.17,0.45,75.0,0.48,145.17,0.49,130.0,0.52,150.17,0.51,143.0,0.54,5.17,0.55,75.0,0.02,0.02,2333.450636,1776191701000
1776191703.066,3.066,0.46,5.17,0.45,75.0,0.48,142.92,0.49,130.0,0.52,145.17,0.51,130.0,0.54,5.17,0.55,75.0,0.02,0.02,2333.450636,1776191701000
1776191703.326,3.326,0.46,5.17,0.45,70.0,0.48,151.92,0.49,130.0,0.52,142.92,0.51,130.0,0.54,5.17,0.55,75.0,0.02,0.02,2333.108235,1776191702000
1776191703.537,3.537,0.45,70.0,0.44,70.0,0.47,10.0,0.48,161.92,0.52,161.92,0.51,130.0,0.54,0.17,0.55,70.0,0.02,0.02,2333.108235,1776191702000
1776191704.014,4.014,0.45,63.43,0.44,80.0,0.46,15.0,0.47,15.0,0.53,10.0,0.52,161.92,0.55,70.0,0.56,70.0,0.01,0.02,2333.108235,1776191702000
1776191704.61,4.61,0.45,59.79,0.44,75.0,0.46,40.0,0.47,20.0,0.54,15.0,0.53,15.0,0.55,61.61,0.56,75.0,0.01,0.01,2333.108235,1776191702000
1776191704.844,4.844,0.45,52.97,0.44,75.0,0.46,35.0,0.47,20.0,0.54,40.0,0.53,20.0,0.55,57.97,0.56,75.0,0.01,0.01,2333.16102,1776191703000
1776191705.307,5.307,0.4,5.0,0.39,162.0,0.41,15.0,0.42,20.0,0.54,35.0,0.53,20.0,0.55,52.97,0.56,75.0,0.01,0.01,2333.16102,1776191703000
1776191705.543,5.543,0.39,41.39,0.38,125.0,0.4,0.32,0.41,25.0,0.6,0.32,0.59,25.0,0.61,41.39,0.62,125.0,0.01,0.01,2333.096672,1776191704000
1776191705.745,5.745,0.39,59.47,0.38,144.0,0.41,14.21,0.42,25.0,0.6,0.32,0.59,20.0,0.61,49.47,0.62,139.0,0.02,0.01,2333.096672,1776191704000
1776191706.151,6.151,0.39,54.47,0.38,65.0,0.41,19.75,0.42,20.0,0.59,14.21,0.58,25.0,0.61,49.47,0.62,144.0,0.02,0.02,2333.096672,1776191704000
1776191706.375,6.375,0.41,38.74,0.39,49.47,0.42,10.0,0.43,10.0,0.59,11.26,0.58,10.0,0.61,54.47,0.62,85.0,0.01,0.02,2333.084795,1776191705000
1776191706.611,6.611,0.41,76.08,0.4,19.0,0.42,12.95,0.43,10.0,0.58,2.95,0.57,10.0,0.59,87.74,0.6,19.0,0.01,0.01,2333.084795,1776191705000
1776191706.876,6.876,0.41,81.08,0.4,24.0,0.42,7.95,0.43,10.0,0.58,7.95,0.57,10.0,0.59,81.08,0.6,24.0,0.01,0.01,2333.084795,1776191705000
1776191707.203,7.203,0.41,64.13,0.4,164.0,0.42,7.95,0.43,10.0,0.58,7.95,0.57,10.0,0.59,81.08,0.6,24.0,0.01,0.01,2333.084795,1776191705000
1776191707.709,7.709,0.41,64.13,0.4,164.0,0.42,7.95,0.43,10.0,0.58,7.95,0.57,10.0,0.59,64.13,0.6,164.0,0.01,0.01,2332.817134,1776191706000
1776191707.964,7.964,0.46,35.0,0.42,25.0,0.47,16.0,0.48,170.92,0.58,7.95,0.57,10.0,0.59,64.13,0.6,164.0,0.01,0.01,2332.817134,1776191706000
1776191708.528,8.528,0.47,47.0,0.46,45.0,0.48,170.92,0.49,125.0,0.52,170.92,0.51,125.0,0.53,47.0,0.54,45.0,0.01,0.01,2332.817134,1776191707000
1776191708.893,8.893,0.51,50.0,0.5,80.0,0.53,10.0,0.54,104.43,0.46,94.43,0.45,150.0,0.49,59.8,0.5,10.0,0.02,0.03,2332.817134,1776191707000
1776191709.267,9.267,0.51,50.0,0.5,80.0,0.53,10.0,0.54,104.43,0.47,10.0,0.46,104.43,0.49,50.0,0.5,80.0,0.02,0.02,2332.938558,1776191708000
1776191709.712,9.712,0.5,88.8,0.49,10.0,0.53,35.0,0.54,114.43,0.47,25.0,0.46,114.43,0.48,4.89,0.49,60.0,0.03,0.01,2332.938558,1776191708000
1776191710.065,10.065,0.51,10.0,0.5,93.8,0.52,107.39,0.53,130.85,0.47,30.85,0.46,114.43,0.49,5.0,0.5,88.8,0.01,0.02,2332.938558,1776191708000
1776191710.297,10.297,0.5,103.8,0.49,15.0,0.51,41.96,0.52,307.39,0.48,107.39,0.47,130.85,0.49,10.0,0.5,93.8,0.01,0.01,2332.938558,1776191708000
1776191710.705,10.705,0.5,93.8,0.49,20.0,0.51,185.0,0.52,132.39,0.49,185.0,0.48,132.39,0.5,93.8,0.51,20.0,0.01,0.01,2333.564138,1776191709000
1776191711.13,11.13,0.5,20.5,0.49,25.0,0.51,195.0,0.52,127.39,0.49,218.03,0.48,127.39,0.5,12.0,0.51,20.0,0.01,0.01,2333.564138,1776191709000
1776191711.445,11.445,0.5,20.5,0.49,25.0,0.51,195.0,0.52,127.39,0.49,195.0,0.48,127.39,0.5,20.5,0.51,25.0,0.01,0.01,2333.85858,1776191710000
1776191711.784,11.784,0.49,25.5,0.48,59.0,0.51,255.5,0.52,137.89,0.49,195.0,0.48,127.39,0.5,20.5,0.51,25.0,0.02,0.01,2333.85858,1776191710000
1776191712.164,12.164,0.49,25.5,0.48,59.0,0.51,255.5,0.52,137.89,0.49,255.5,0.48,137.89,0.51,25.5,0.52,59.0,0.02,0.02,2333.898121,1776191711000
1776191712.544,12.544,0.49,30.5,0.48,58.0,0.5,4.9,0.51,195.5,0.5,33.0,0.49,215.5,0.51,30.5,0.52,58.0,0.01,0.01,2333.898121,1776191711000
1776191713.793,13.793,0.49,50.5,0.48,63.0,0.51,195.5,0.52,137.89,0.49,195.5,0.48,137.89,0.51,50.5,0.52,63.0,0.02,0.02,2333.842088,1776191712000
1776191714.233,14.233,0.5,18.0,0.49,133.5,0.51,190.0,0.52,202.89,0.49,195.5,0.48,137.89,0.51,50.5,0.52,63.0,0.01,0.02,2333.842088,1776191712000
1776191714.546,14.546,0.49,153.18,0.48,105.0,0.51,238.03,0.52,197.89,0.49,238.03,0.48,197.89,0.51,153.18,0.52,105.0,0.02,0.02,2333.753037,1776191713000
1776191715.082,15.082,0.5,22.0,0.49,118.5,0.51,195.08,0.52,192.89,0.49,185.08,0.48,192.89,0.5,24.0,0.51,100.18,0.01,0.01,2333.753037,1776191713000
1776191715.332,15.332,0.5,17.0,0.49,125.5,0.51,195.08,0.52,192.89,0.49,195.08,0.48,192.89,0.5,17.0,0.51,125.5,0.01,0.01,2333.754472,1776191714000
1776191715.846,15.846,0.5,17.0,0.49,108.0,0.51,203.61,0.52,192.89,0.49,195.08,0.48,192.89,0.5,17.0,0.51,125.5,0.01,0.01,2333.754472,1776191714000
1776191716.055,16.055,0.5,17.0,0.49,108.0,0.51,203.61,0.52,192.89,0.49,203.61,0.48,192.89,0.5,17.0,0.51,108.0,0.01,0.01,2333.801276,1776191715000
1776191717.112,17.112,0.5,17.0,0.49,70.0,0.51,193.61,0.52,187.89,0.49,193.61,0.48,187.89,0.5,17.0,0.51,70.0,0.01,0.01,2333.825436,1776191716000
1776191718.1,18.1,0.5,22.0,0.49,125.5,0.51,173.61,0.52,197.89,0.49,193.61,0.48,187.89,0.5,17.0,0.51,70.0,0.01,0.01,2333.825436,1776191716000
1776191718.459,18.459,0.5,31.0,0.49,125.5,0.51,173.61,0.52,202.89,0.49,173.61,0.48,197.89,0.5,22.0,0.51,125.5,0.01,0.01,2333.825436,1776191716000
1776191718.966,18.966,0.5,182.0,0.49,171.0,0.51,5.5,0.52,85.5,0.49,173.61,0.48,202.89,0.5,31.0,0.51,125.5,0.01,0.01,2333.825436,1776191716000
1776191719.184,19.184,0.5,95.81,0.49,171.5,0.51,60.0,0.52,270.5,0.49,55.5,0.48,85.5,0.5,101.7,0.51,171.5,0.01,0.01,2333.825436,1776191716000
1776191719.743,19.743,0.5,95.81,0.49,171.5,0.51,60.0,0.52,270.5,0.49,60.0,0.48,270.5,0.5,95.81,0.51,171.5,0.01,0.01,2333.821925,1776191717000
1776191720.313,20.313,0.5,95.81,0.49,171.5,0.51,60.0,0.52,270.5,0.49,60.0,0.48,270.5,0.5,95.81,0.51,171.5,0.01,0.01,2333.815579,1776191719000
1776191721.311,21.311,0.5,95.81,0.49,171.5,0.51,60.0,0.52,270.5,0.49,60.0,0.48,270.5,0.5,95.81,0.51,171.5,0.01,0.01,2333.885372,1776191720000
1776191721.852,21.852,0.5,95.81,0.49,171.5,0.51,60.0,0.52,270.5,0.49,60.0,0.48,270.5,0.5,95.81,0.51,171.5,0.01,0.01,2333.897947,1776191721000
1776191723.039,23.039,0.51,137.19,0.5,160.31,0.52,5.0,0.53,256.35,0.49,60.0,0.48,270.5,0.5,95.81,0.51,171.5,0.01,0.01,2333.897947,1776191721000
1776191723.601,23.601,0.51,137.19,0.5,160.31,0.52,5.0,0.53,256.35,0.48,5.0,0.47,256.35,0.49,137.19,0.5,160.31,0.01,0.01,2333.933415,1776191722000
1776191724.028,24.028,0.51,137.19,0.5,160.31,0.52,5.0,0.53,256.35,0.48,5.0,0.47,256.35,0.49,137.19,0.5,160.31,0.01,0.01,2333.93563,1776191723000
1776191724.287,24.287,0.52,359.5,0.51,220.19,0.53,7.44,0.54,25.0,0.48,5.0,0.47,256.35,0.49,137.19,0.5,160.31,0.01,0.01,2333.93563,1776191723000
1776191724.558,24.558,0.53,159.5,0.52,333.5,0.55,60.5,0.56,95.5,0.46,10.33,0.45,60.5,0.47,124.5,0.48,333.5,0.02,0.01,2333.93563,1776191723000
1776191725.008,25.008,0.54,78.0,0.53,346.5,0.56,73.71,0.57,177.0,0.45,60.5,0.44,95.5,0.47,159.5,0.48,333.5,0.02,0.02,2333.93563,1776191723000
1776191725.697,25.697,0.55,15.0,0.54,78.0,0.56,74.78,0.57,362.0,0.44,73.71,0.43,177.0,0.46,78.0,0.47,346.5,0.01,0.02,2333.96228,1776191724000
1776191726.223,26.223,0.55,15.0,0.54,78.0,0.56,74.78,0.57,362.0,0.44,74.78,0.43,362.0,0.45,15.0,0.46,78.0,0.01,0.01,2334.053475,1776191725000
1776191727.248,27.248,0.55,15.0,0.54,78.0,0.56,74.78,0.57,362.0,0.44,74.78,0.43,362.0,0.45,15.0,0.46,78.0,0.01,0.01,2334.24736,1776191726000
1776191727.727,27.727,0.53,32.0,0.52,10.0,0.55,260.5,0.56,395.78,0.44,74.78,0.43,362.0,0.45,15.0,0.46,78.0,0.02,0.01,2334.24736,1776191726000
1776191728.363,28.363,0.53,10.0,0.52,10.0,0.54,178.5,0.55,253.5,0.46,178.5,0.45,253.5,0.47,10.0,0.48,10.0,0.01,0.01,2334.247855,1776191727000
1776191728.895,28.895,0.53,10.0,0.52,10.0,0.54,178.5,0.55,253.5,0.46,178.5,0.45,253.5,0.47,10.0,0.48,10.0,0.01,0.01,2334.237145,1776191728000
1776191729.374,29.374,0.53,9.25,0.52,72.0,0.54,409.19,0.55,228.5,0.46,404.19,0.45,228.5,0.47,50.0,0.48,82.5,0.01,0.01,2334.237145,1776191728000
1776191729.778,29.778,0.53,393.75,0.52,137.5,0.56,35.0,0.57,170.0,0.46,409.19,0.45,228.5,0.47,9.25,0.48,72.0,0.03,0.01,2334.237145,1776191728000
1776191729.989,29.989,0.53,391.3,0.52,137.5,0.56,35.0,0.57,170.0,0.44,35.0,0.43,170.0,0.47,391.3,0.48,137.5,0.03,0.03,2334.083637,1776191729000
1776191730.296,30.296,0.56,53.0,0.55,146.5,0.57,10.0,0.58,170.5,0.43,20.0,0.42,170.5,0.45,169.5,0.46,45.5,0.01,0.02,2334.083637,1776191729000
1776191731.019,31.019,0.56,53.0,0.55,146.5,0.57,10.0,0.58,170.5,0.43,10.0,0.42,170.5,0.44,53.0,0.45,146.5,0.01,0.01,2334.01635,1776191730000
1776191731.47,31.47,0.56,113.0,0.55,346.5,0.57,7.36,0.58,175.5,0.43,10.0,0.42,170.5,0.44,53.0,0.45,146.5,0.01,0.01,2334.01635,1776191730000
1776191731.761,31.761,0.56,135.0,0.55,146.0,0.57,38.01,0.58,190.5,0.43,7.36,0.42,175.5,0.44,113.0,0.45,346.5,0.01,0.01,2334.01635,1776191730000
1776191731.992,31.992,0.56,135.0,0.55,146.0,0.57,38.01,0.58,190.5,0.43,38.01,0.42,190.5,0.44,135.0,0.45,146.0,0.01,0.01,2334.320625,1776191731000
1776191732.61,32.61,0.52,35.0,0.51,35.0,0.53,36.4,0.54,308.5,0.45,17.5,0.44,35.5,0.46,0.58,0.47,15.0,0.01,0.01,2334.320625,1776191731000
1776191732.834,32.834,0.52,10.0,0.51,47.0,0.53,103.4,0.54,128.5,0.47,36.4,0.46,308.5,0.48,35.0,0.49,35.0,0.01,0.01,2334.320625,1776191731000
1776191733.099,33.099,0.52,10.0,0.51,82.5,0.53,237.4,0.54,128.5,0.47,58.4,0.46,128.5,0.48,10.0,0.49,67.5,0.01,0.01,2334.3806,1776191732000
1776191733.377,33.377,0.51,132.31,0.5,111.5,0.53,251.4,0.54,128.5,0.47,237.4,0.46,128.5,0.48,10.0,0.49,82.5,0.02,0.01,2334.3806,1776191732000
1776191734.09,34.09,0.52,10.0,0.51,125.31,0.53,281.49,0.54,128.5,0.47,281.49,0.46,128.5,0.48,10.0,0.49,125.31,0.01,0.01,2334.229994,1776191733000
1776191735.164,35.164,0.52,10.0,0.51,125.31,0.53,281.49,0.54,128.5,0.47,281.49,0.46,128.5,0.48,10.0,0.49,125.31,0.01,0.01,2333.98851,1776191734000
1776191735.582,35.582,0.5,32.0,0.49,75.5,0.52,461.92,0.53,197.5,0.48,151.92,0.47,170.5,0.49,54.81,0.5,123.5,0.02,0.01,2333.98851,1776191734000
1776191736.244,36.244,0.5,17.84,0.49,65.0,0.51,20.5,0.52,451.92,0.49,20.5,0.48,451.92,0.5,17.84,0.51,65.0,0.01,0.01,2333.974662,1776191735000
1776191737.187,37.187,0.5,17.84,0.49,65.0,0.51,20.5,0.52,451.92,0.49,20.5,0.48,451.92,0.5,17.84,0.51,65.0,0.01,0.01,2333.953876,1776191736000
1776191737.634,37.634,0.49,0.95,0.48,22.0,0.5,522.5,0.51,249.5,0.49,20.5,0.48,451.92,0.5,17.84,0.51,65.0,0.01,0.01,2333.953876,1776191736000
1776191737.968,37.968,0.47,116.27,0.46,100.0,0.48,235.5,0.49,174.5,0.52,27.5,0.51,130.5,0.53,136.27,0.54,100.0,0.01,0.01,2333.953876,1776191736000
1776191738.201,38.201,0.47,116.27,0.46,100.0,0.48,235.5,0.49,174.5,0.52,235.5,0.51,174.5,0.53,116.27,0.54,100.0,0.01,0.01,2333.854757,1776191737000
1776191738.961,38.961,0.46,103.27,0.45,35.0,0.48,445.5,0.49,149.5,0.52,235.5,0.51,174.5,0.53,116.27,0.54,100.0,0.02,0.01,2333.854757,1776191737000
1776191739.254,39.254,0.46,48.27,0.45,40.0,0.47,337.5,0.48,282.5,0.52,445.5,0.51,149.5,0.54,103.27,0.55,35.0,0.01,0.02,2333.854757,1776191737000
1776191740.217,40.217,0.46,48.27,0.45,40.0,0.47,337.5,0.48,282.5,0.53,337.5,0.52,282.5,0.54,48.27,0.55,40.0,0.01,0.01,2333.287945,1776191739000
1776191740.683,40.683,0.46,26.27,0.45,57.0,0.47,391.5,0.48,286.5,0.53,337.5,0.52,282.5,0.54,48.27,0.55,40.0,0.01,0.01,2333.287945,1776191739000
1776191740.938,40.938,0.45,47.0,0.44,125.0,0.47,441.5,0.48,296.5,0.53,391.5,0.52,286.5,0.54,26.27,0.55,57.0,0.02,0.01,2333.287945,1776191739000
1776191741.288,41.288,0.45,47.0,0.44,125.0,0.47,441.5,0.48,296.5,0.53,441.5,0.52,296.5,0.55,47.0,0.56,125.0,0.02,0.02,2333.244239,1776191740000
1776191742.392,42.392,0.45,47.0,0.44,125.0,0.47,441.5,0.48,296.5,0.53,441.5,0.52,296.5,0.55,47.0,0.56,125.0,0.02,0.02,2333.251314,1776191741000
1776191742.972,42.972,0.45,47.0,0.44,125.0,0.47,441.5,0.48,296.5,0.53,441.5,0.52,296.5,0.55,47.0,0.56,125.0,0.02,0.02,2333.2312,1776191742000
1776191744.585,44.585,0.45,47.0,0.44,125.0,0.47,441.5,0.48,296.5,0.53,441.5,0.52,296.5,0.55,47.0,0.56,125.0,0.02,0.02,2333.193046,1776191743000
1776191745.205,45.205,0.45,47.0,0.44,125.0,0.47,441.5,0.48,296.5,0.53,441.5,0.52,296.5,0.55,47.0,0.56,125.0,0.02,0.02,2333.195554,1776191744000
1776191745.405,45.405,0.45,217.31,0.44,316.5,0.46,10.0,0.48,25.0,0.54,10.0,0.52,25.0,0.55,217.31,0.56,316.5,0.01,0.01,2333.195554,1776191744000
1776191745.609,45.609,0.47,233.5,0.46,88.5,0.51,100.0,0.54,160.0,0.54,10.0,0.52,25.0,0.55,217.31,0.56,316.5,0.04,0.01,2333.195554,1776191744000
1776191745.884,45.884,0.5,15.0,0.49,32.5,0.51,14.12,0.52,125.5,0.49,100.0,0.46,160.0,0.53,233.5,0.54,88.5,0.01,0.04,2333.195554,1776191744000
1776191746.205,46.205,0.5,15.0,0.49,37.5,0.52,290.5,0.53,133.5,0.49,14.12,0.48,125.5,0.5,15.0,0.51,32.5,0.02,0.01,2333.195554,1776191744000
1776191746.513,46.513,0.5,15.0,0.49,37.5,0.52,290.5,0.53,133.5,0.48,290.5,0.47,133.5,0.5,15.0,0.51,37.5,0.02,0.02,2333.2182,1776191745000
1776191746.844,46.844,0.49,6.72,0.48,48.5,0.5,40.0,0.51,15.0,0.5,10.0,0.49,30.0,0.51,5.0,0.52,48.5,0.01,0.01,2333.2182,1776191745000
1776191747.096,47.096,0.49,6.72,0.48,48.5,0.5,40.0,0.51,15.0,0.5,40.0,0.49,15.0,0.51,6.72,0.52,48.5,0.01,0.01,2333.218565,1776191746000
1776191747.573,47.573,0.49,10.0,0.48,58.5,0.5,10.0,0.51,115.0,0.5,30.0,0.49,20.0,0.51,5.0,0.52,53.5,0.01,0.01,2333.218565,1776191746000
1776191747.777,47.777,0.5,5.0,0.49,27.0,0.51,153.53,0.52,342.5,0.49,115.0,0.48,342.5,0.5,5.0,0.51,10.0,0.01,0.01,2333.218565,1776191746000
1776191748.22,48.22,0.5,25.0,0.49,37.5,0.51,114.59,0.52,342.5,0.49,151.56,0.48,342.5,0.5,5.0,0.51,27.0,0.01,0.01,2333.218565,1776191746000
1776191748.645,48.645,0.5,20.0,0.49,37.5,0.51,290.65,0.52,162.5,0.49,290.65,0.48,162.5,0.5,20.0,0.51,37.5,0.01,0.01,2333.782108,1776191747000
1776191749.181,49.181,0.5,20.0,0.49,37.5,0.51,290.65,0.52,162.5,0.49,290.65,0.48,162.5,0.5,20.0,0.51,37.5,0.01,0.01,2333.730819,1776191748000
1776191749.764,49.764,0.51,117.5,0.5,298.5,0.52,58.07,0.53,170.5,0.49,290.65,0.48,162.5,0.5,20.0,0.51,37.5,0.01,0.01,2333.730819,1776191748000
1776191750.546,50.546,0.51,16.0,0.5,12.0,0.52,434.57,0.53,203.5,0.48,4.21,0.47,350.5,0.49,117.5,0.5,298.5,0.01,0.01,2333.730819,1776191748000
1776191750.767,50.767,0.5,2.2,0.47,10.0,0.51,120.5,0.52,356.97,0.48,548.97,0.47,211.5,0.49,10.0,0.5,12.0,0.01,0.01,2333.736036,1776191749000
1776191751.293,51.293,0.45,35.0,0.44,65.0,0.51,170.5,0.52,361.97,0.49,170.5,0.48,361.97,0.55,35.0,0.56,65.0,0.06,0.06,2333.804856,1776191750000
1776191751.6,51.6,0.43,135.0,0.42,254.0,0.44,40.0,0.45,95.5,0.55,30.5,0.54,25.5,0.57,168.5,0.58,230.0,0.01,0.02,2333.804856,1776191750000
1776191752.035,52.035,0.43,90.0,0.42,259.0,0.44,78.18,0.45,285.5,0.56,40.0,0.55,95.5,0.57,135.0,0.58,254.0,0.01,0.01,2333.804856,1776191750000
1776191752.492,52.492,0.43,68.6,0.42,269.5,0.44,10.0,0.45,62.12,0.56,10.0,0.55,57.12,0.57,55.36,0.58,259.0,0.01,0.01,2333.804856,1776191750000
1776191752.707,52.707,0.43,77.34,0.42,269.5,0.44,10.0,0.45,62.12,0.56,10.0,0.55,62.12,0.57,68.6,0.58,269.5,0.01,0.01,2333.804856,1776191750000
1776191752.927,52.927,0.43,77.34,0.42,269.5,0.44,10.0,0.45,62.12,0.56,10.0,0.55,62.12,0.57,77.34,0.58,269.5,0.01,0.01,2333.544387,1776191751000
1776191753.488,53.488,0.43,62.34,0.42,279.5,0.44,4.98,0.45,204.62,0.56,4.98,0.55,204.62,0.57,62.34,0.58,279.5,0.01,0.01,2333.382827,1776191752000
1776191753.87,53.87,0.43,41.3,0.42,244.5,0.44,9.98,0.45,354.62,0.56,4.98,0.55,204.62,0.57,53.56,0.58,254.5,0.01,0.01,2333.382827,1776191752000
1776191754.213,54.213,0.43,36.3,0.42,244.5,0.44,9.98,0.45,354.62,0.56,9.98,0.55,354.62,0.57,36.3,0.58,244.5,0.01,0.01,2333.237204,1776191753000
1776191754.72,54.72,0.42,167.0,0.41,50.0,0.44,139.25,0.45,355.5,0.56,9.98,0.55,354.62,0.57,36.3,0.58,244.5,0.02,0.01,2333.237204,1776191753000
1776191755.027,55.027,0.41,0.28,0.4,60.0,0.42,225.61,0.43,123.0,0.58,116.0,0.57,115.0,0.59,0.28,0.6,85.0,0.01,0.01,2333.237204,1776191753000
1776191755.65,55.65,0.41,0.28,0.4,60.0,0.42,225.61,0.43,123.0,0.58,225.61,0.57,123.0,0.59,0.28,0.6,60.0,0.01,0.01,2333.230237,1776191754000
1776191755.984,55.984,0.38,127.0,0.37,104.5,0.39,85.0,0.4,160.5,0.58,225.61,0.57,123.0,0.59,0.28,0.6,60.0,0.01,0.01,2333.230237,1776191754000
1776191756.337,56.337,0.38,127.0,0.37,104.5,0.39,85.0,0.4,160.5,0.61,85.0,0.6,160.5,0.62,127.0,0.63,104.5,0.01,0.01,2333.105907,1776191755000
1776191757.115,57.115,0.38,132.5,0.37,109.5,0.39,88.2,0.4,380.5,0.61,85.0,0.6,160.5,0.62,127.0,0.63,104.5,0.01,0.01,2333.105907,1776191755000
1776191757.546,57.546,0.35,31.16,0.34,25.0,0.38,20.0,0.39,341.7,0.61,88.2,0.6,380.5,0.62,132.5,0.63,109.5,0.03,0.01,2333.105907,1776191755000
1776191757.814,57.814,0.35,3.08,0.34,25.0,0.37,306.5,0.38,82.5,0.63,75.5,0.62,58.5,0.64,1.0,0.65,28.08,0.02,0.01,2332.785086,1776191756000
1776191758.436,58.436,0.32,214.02,0.31,265.0,0.33,41.0,0.34,15.0,0.66,15.0,0.65,10.0,0.68,168.0,0.69,55.0,0.01,0.02,2332.785086,1776191756000
1776191758.974,58.974,0.32,214.02,0.31,265.0,0.33,37.96,0.34,65.0,0.67,41.0,0.66,15.0,0.68,214.02,0.69,265.0,0.01,0.01,2332.786223,1776191757000
1776191759.371,59.371,0.32,202.57,0.31,265.0,0.33,37.96,0.34,65.0,0.67,37.96,0.66,65.0,0.68,210.52,0.69,265.0,0.01,0.01,2332.612392,1776191758000
1776191759.717,59.717,0.32,190.17,0.31,265.0,0.33,46.96,0.34,75.5,0.67,37.96,0.66,65.0,0.68,202.57,0.69,265.0,0.01,0.01,2332.612392,1776191758000
1776191760.52,60.52,0.32,179.59,0.31,250.5,0.33,56.96,0.34,75.5,0.67,46.96,0.66,75.5,0.68,190.17,0.69,265.0,0.01,0.01,2332.612392,1776191758000
1776191761.326,61.326,0.32,179.59,0.31,250.5,0.33,36.65,0.34,75.5,0.67,36.65,0.66,75.5,0.68,179.59,0.69,250.5,0.01,0.01,2332.185227,1776191760000
1776191762.454,62.454,0.32,83.0,0.31,250.5,0.33,150.65,0.34,175.5,0.67,150.65,0.66,175.5,0.68,83.0,0.69,250.5,0.01,0.01,2332.171302,1776191761000
1776191763.009,63.009,0.32,83.0,0.31,250.5,0.33,150.65,0.34,175.5,0.67,150.65,0.66,175.5,0.68,83.0,0.69,250.5,0.01,0.01,2332.170497,1776191762000
1776191764.035,64.035,0.32,83.0,0.31,250.5,0.33,150.65,0.34,175.5,0.67,150.65,0.66,175.5,0.68,83.0,0.69,250.5,0.01,0.01,2332.122169,1776191763000
1776191764.98,64.98,0.32,83.0,0.31,250.5,0.33,150.65,0.34,175.5,0.67,150.65,0.66,175.5,0.68,83.0,0.69,250.5,0.01,0.01,2332.078525,1776191764000
1776191765.422,65.422,0.21,60.0,0.2,140.05,0.22,120.45,0.23,190.0,0.78,110.0,0.77,10.0,0.79,90.0,0.8,165.05,0.01,0.01,2332.078525,1776191764000
1776191765.627,65.627,0.21,25.39,0.2,140.05,0.22,62.26,0.23,190.0,0.78,102.26,0.77,190.0,0.79,60.0,0.8,140.05,0.01,0.01,2332.078525,1776191764000
1776191765.979,65.979,0.2,140.05,0.19,75.0,0.22,72.26,0.23,190.0,0.78,62.26,0.77,190.0,0.79,25.39,0.8,140.05,0.02,0.01,2332.078525,1776191764000
1776191766.261,66.261,0.2,103.06,0.19,85.5,0.21,105.0,0.22,50.5,0.78,72.26,0.77,190.0,0.8,140.05,0.81,75.0,0.01,0.02,2331.365834,1776191765000
1776191766.66,66.66,0.2,1.32,0.19,35.5,0.21,15.0,0.22,43.0,0.79,105.0,0.78,50.5,0.8,103.06,0.81,85.5,0.01,0.01,2331.365834,1776191765000
1776191766.862,66.862,0.2,28.72,0.19,35.5,0.21,15.0,0.22,20.5,0.79,15.0,0.78,43.0,0.8,1.32,0.81,35.5,0.01,0.01,2331.365834,1776191765000
1776191767.127,67.127,0.2,28.72,0.19,35.5,0.21,15.0,0.22,20.5,0.79,15.0,0.78,20.5,0.8,28.72,0.81,35.5,0.01,0.01,2330.991075,1776191766000
1776191767.414,67.414,0.2,31.22,0.19,35.5,0.21,30.0,0.22,10.0,0.79,15.0,0.78,20.5,0.8,28.72,0.81,35.5,0.01,0.01,2330.991075,1776191766000
1776191767.741,67.741,0.2,20.5,0.19,35.5,0.21,20.0,0.22,10.0,0.79,30.0,0.78,10.0,0.8,26.22,0.81,35.5,0.01,0.01,2330.991075,1776191766000
1776191767.949,67.949,0.19,68.81,0.18,110.5,0.21,25.0,0.22,10.0,0.79,20.0,0.78,10.0,0.8,20.5,0.81,35.5,0.02,0.01,2330.991075,1776191766000
1776191768.35,68.35,0.19,170.81,0.18,296.11,0.2,18.33,0.21,15.0,0.79,25.0,0.78,10.0,0.81,68.81,0.82,110.5,0.01,0.02,2330.902926,1776191767000
1776191769.065,69.065,0.19,351.81,0.18,121.11,0.2,38.33,0.21,20.0,0.8,18.33,0.79,15.0,0.81,170.81,0.82,296.11,0.01,0.01,2330.902926,1776191767000
1776191769.92,69.92,0.19,141.31,0.18,301.11,0.2,27.33,0.21,25.5,0.8,38.33,0.79,20.0,0.81,351.81,0.82,121.11,0.01,0.01,2330.85575,1776191768000
1776191770.168,70.168,0.19,10.0,0.18,100.0,0.2,299.83,0.21,87.5,0.8,47.83,0.79,87.5,0.81,25.53,0.82,100.0,0.01,0.01,2330.85575,1776191768000
1776191770.978,70.978,0.16,64.04,0.15,183.5,0.17,10.0,0.18,287.5,0.8,299.83,0.79,87.5,0.82,68.81,0.83,96.0,0.01,0.02,2330.895799,1776191769000
1776191771.341,71.341,0.16,64.04,0.15,183.5,0.17,10.0,0.18,287.5,0.83,10.0,0.82,287.5,0.84,64.04,0.85,183.5,0.01,0.01,2330.90433,1776191770000
1776191772.324,72.324,0.16,12.61,0.15,141.0,0.17,107.5,0.18,269.94,0.83,107.5,0.82,269.94,0.84,12.61,0.85,141.0,0.01,0.01,2330.73719,1776191771000
1776191772.814,72.814,0.16,19.72,0.15,140.0,0.17,57.5,0.18,205.5,0.83,57.5,0.82,205.5,0.84,19.72,0.85,140.0,0.01,0.01,2330.544979,1776191772000
1776191773.028,73.028,0.16,2.43,0.15,190.0,0.17,57.5,0.18,259.94,0.83,62.5,0.82,205.5,0.84,14.72,0.85,190.0,0.01,0.01,2330.544979,1776191772000
1776191773.876,73.876,0.16,0.43,0.15,190.0,0.17,62.5,0.18,205.5,0.83,62.5,0.82,205.5,0.84,0.43,0.85,190.0,0.01,0.01,2330.323092,1776191773000
1776191774.357,74.357,0.14,304.51,0.13,117.5,0.15,436.57,0.16,296.0,0.84,147.0,0.83,512.72,0.85,258.31,0.86,116.5,0.01,0.01,2330.323092,1776191773000
1776191774.834,74.834,0.14,304.51,0.13,117.5,0.15,436.57,0.16,296.0,0.85,436.57,0.84,296.0,0.86,304.51,0.87,117.5,0.01,0.01,2330.227317,1776191774000
1776191775.301,75.301,0.14,119.19,0.13,297.5,0.15,10.0,0.16,230.5,0.85,85.33,0.84,230.5,0.86,306.72,0.87,117.5,0.01,0.01,2330.227317,1776191774000
1776191776.361,76.361,0.14,114.56,0.13,297.5,0.15,10.0,0.16,230.5,0.85,10.0,0.84,230.5,0.86,114.56,0.87,297.5,0.01,0.01,2330.240155,1776191775000
1776191776.976,76.976,0.14,398.06,0.13,207.5,0.15,8.6,0.16,10.0,0.85,15.0,0.84,117.0,0.86,305.06,0.87,117.5,0.01,0.01,2330.240155,1776191775000
1776191777.521,77.521,0.17,10.0,0.16,10.5,0.18,24.47,0.19,20.0,0.82,24.47,0.81,20.0,0.83,10.0,0.84,10.5,0.01,0.01,2330.210952,1776191776000
1776191777.868,77.868,0.17,265.5,0.16,54.5,0.18,14.47,0.19,20.0,0.82,24.47,0.81,20.0,0.83,10.0,0.84,10.5,0.01,0.01,2330.210952,1776191776000
1776191778.093,78.093,0.17,288.5,0.16,54.5,0.19,20.0,0.2,20.5,0.82,4.47,0.81,20.0,0.83,265.5,0.84,54.5,0.02,0.01,2330.210952,1776191776000
1776191778.453,78.453,0.18,276.0,0.17,113.5,0.19,76.95,0.2,75.24,0.81,20.0,0.8,20.5,0.83,288.5,0.84,54.5,0.01,0.02,2330.212957,1776191777000
1776191778.926,78.926,0.18,326.0,0.17,163.5,0.19,9.0,0.2,80.5,0.81,76.95,0.8,75.24,0.82,276.0,0.83,113.5,0.01,0.01,2330.212957,1776191777000
1776191779.272,79.272,0.18,320.95,0.17,163.5,0.19,14.0,0.2,130.24,0.81,14.0,0.8,130.24,0.82,320.95,0.83,163.5,0.01,0.01,2330.687311,1776191778000
1776191779.846,79.846,0.2,6.0,0.19,231.5,0.21,10.0,0.22,20.0,0.81,14.0,0.8,130.24,0.82,320.95,0.83,163.5,0.01,0.01,2330.687311,1776191778000
1776191780.398,80.398,0.21,295.5,0.2,45.5,0.22,7.0,0.23,25.5,0.78,20.0,0.77,45.5,0.79,5.0,0.81,223.9,0.01,0.01,2330.687311,1776191778000
1776191780.998,80.998,0.21,100.0,0.2,85.5,0.22,17.0,0.23,20.5,0.78,7.0,0.77,25.5,0.79,295.5,0.8,45.5,0.01,0.01,2330.82346,1776191779000
1776191781.356,81.356,0.21,10.0,0.18,50.0,0.22,141.5,0.23,130.5,0.78,50.0,0.77,25.5,0.79,75.0,0.8,85.5,0.01,0.01,2330.82547,1776191780000
1776191782.157,82.157,0.18,50.0,0.17,31.5,0.19,18.38,0.2,16.0,0.81,18.38,0.8,16.0,0.82,50.0,0.83,31.5,0.01,0.01,2331.142869,1776191781000
1776191782.651,82.651,0.17,211.5,0.16,110.5,0.18,25.0,0.19,21.36,0.81,6.36,0.8,12.0,0.83,265.44,0.84,137.5,0.01,0.02,2331.142869,1776191781000
1776191782.936,82.936,0.17,21.0,0.16,100.0,0.18,39.5,0.19,31.86,0.82,25.0,0.81,21.36,0.83,211.5,0.84,110.5,0.01,0.01,2331.142869,1776191781000
1776191783.148,83.148,0.17,18.0,0.16,100.0,0.18,41.09,0.19,38.86,0.82,41.09,0.81,38.86,0.83,21.0,0.84,100.0,0.01,0.01,2331.142869,1776191781000
1776191783.479,83.479,0.17,11.0,0.16,100.0,0.18,251.09,0.19,43.86,0.82,41.09,0.81,38.86,0.83,18.0,0.84,100.0,0.01,0.01,2331.12094,1776191782000
1776191783.683,83.683,0.16,81.0,0.15,305.0,0.17,313.05,0.18,45.5,0.83,376.5,0.82,225.5,0.84,81.0,0.85,305.0,0.01,0.01,2331.12094,1776191782000
1776191783.922,83.922,0.16,240.0,0.15,125.5,0.17,303.0,0.18,75.5,0.83,313.05,0.82,45.5,0.84,81.0,0.85,305.0,0.01,0.01,2331.12094,1776191782000
1776191784.363,84.363,0.16,246.31,0.15,125.5,0.17,287.0,0.18,75.5,0.83,287.0,0.82,75.5,0.84,246.31,0.85,125.5,0.01,0.01,2331.035258,1776191783000
1776191784.918,84.918,0.16,246.31,0.15,125.5,0.17,287.0,0.18,75.5,0.83,287.0,0.82,75.5,0.84,246.31,0.85,125.5,0.01,0.01,2330.8705,1776191784000
1776191785.743,85.743,0.16,289.85,0.15,158.7,0.17,292.0,0.18,5.0,0.83,287.0,0.82,75.5,0.84,246.31,0.85,125.5,0.01,0.01,2330.8705,1776191784000
1776191785.995,85.995,0.16,317.52,0.15,158.7,0.17,292.0,0.18,5.0,0.83,292.0,0.82,5.0,0.84,281.32,0.85,158.7,0.01,0.01,2330.8705,1776191784000
1776191786.452,86.452,0.16,305.09,0.15,158.7,0.17,292.0,0.18,10.0,0.83,292.0,0.82,5.0,0.84,311.3,0.85,158.7,0.01,0.01,2330.835695,1776191785000
1776191786.94,86.94,0.16,305.53,0.15,158.7,0.17,297.0,0.18,10.0,0.83,292.0,0.82,10.0,0.84,307.89,0.85,158.7,0.01,0.01,2330.835695,1776191785000
1776191787.168,87.168,0.16,305.53,0.15,158.7,0.17,297.0,0.18,10.0,0.83,297.0,0.82,10.0,0.84,305.53,0.85,158.7,0.01,0.01,2330.793069,1776191786000
1776191788.239,88.239,0.16,305.53,0.15,158.7,0.17,297.0,0.18,10.0,0.83,297.0,0.82,10.0,0.84,305.53,0.85,158.7,0.01,0.01,2330.782422,1776191787000
1776191788.91,88.91,0.16,50.0,0.15,125.0,0.17,342.0,0.18,75.5,0.83,297.0,0.82,10.0,0.84,305.53,0.85,158.7,0.01,0.01,2330.782422,1776191787000
1776191789.402,89.402,0.16,50.0,0.15,125.0,0.17,342.0,0.18,75.5,0.83,342.0,0.82,75.5,0.84,50.0,0.85,125.0,0.01,0.01,2330.779477,1776191788000
1776191790.475,90.475,0.16,50.0,0.15,125.0,0.17,342.0,0.18,75.5,0.83,342.0,0.82,75.5,0.84,50.0,0.85,125.0,0.01,0.01,2330.765064,1776191789000
1776191790.813,90.813,0.15,60.0,0.14,144.9,0.16,22.5,0.17,436.5,0.83,342.0,0.82,75.5,0.84,50.0,0.85,125.0,0.01,0.01,2330.765064,1776191789000
1776191791.075,91.075,0.15,5.0,0.14,125.0,0.16,41.48,0.17,579.5,0.84,76.48,0.83,594.5,0.85,60.0,0.86,115.0,0.01,0.01,2330.737675,1776191790000
1776191791.362,91.362,0.15,5.0,0.14,125.0,0.16,641.13,0.17,636.76,0.84,41.48,0.83,579.5,0.85,5.0,0.86,125.0,0.01,0.01,2330.737675,1776191790000
1776191792.329,92.329,0.14,72.21,0.13,370.0,0.15,133.5,0.16,224.48,0.85,15.0,0.84,176.48,0.86,125.0,0.87,360.0,0.01,0.01,2330.737675,1776191790000
1776191792.949,92.949,0.14,72.21,0.13,370.0,0.15,133.5,0.16,224.48,0.85,133.5,0.84,224.48,0.86,72.21,0.87,370.0,0.01,0.01,2330.577934,1776191792000
1776191794.027,94.027,0.14,72.21,0.13,370.0,0.15,133.5,0.16,224.48,0.85,133.5,0.84,224.48,0.86,72.21,0.87,370.0,0.01,0.01,2330.315433,1776191793000
1776191794.633,94.633,0.14,303.21,0.13,240.5,0.16,49.98,0.17,359.5,0.85,133.5,0.84,224.48,0.86,72.21,0.87,370.0,0.02,0.01,2330.315433,1776191793000
1776191795.117,95.117,0.15,16.0,0.14,292.21,0.16,43.98,0.17,357.5,0.84,43.98,0.83,357.5,0.85,16.0,0.86,292.21,0.01,0.01,2330.28427,1776191794000
1776191796.408,96.408,0.16,16.0,0.15,298.0,0.17,340.5,0.18,77.5,0.83,340.5,0.82,77.5,0.84,16.0,0.85,298.0,0.01,0.01,2330.316415,1776191795000
1776191796.925,96.925,0.16,16.0,0.15,298.0,0.17,340.5,0.18,77.5,0.83,340.5,0.82,77.5,0.84,16.0,0.85,298.0,0.01,0.01,2330.418288,1776191796000
1776191797.454,97.454,0.12,18.55,0.11,195.0,0.13,312.65,0.14,227.5,0.87,20.5,0.86,299.5,0.88,40.14,0.89,195.0,0.01,0.01,2330.418288,1776191796000
1776191798.106,98.106,0.12,18.55,0.11,195.0,0.13,312.65,0.14,227.5,0.87,312.65,0.86,227.5,0.88,18.55,0.89,195.0,0.01,0.01,2330.362687,1776191797000
1776191798.408,98.408,0.11,110.0,0.1,280.0,0.12,9.86,0.13,314.5,0.87,312.65,0.86,227.5,0.88,18.55,0.89,195.0,0.01,0.01,2330.362687,1776191797000
1776191799.058,99.058,0.11,208.96,0.1,155.0,0.12,78.36,0.13,75.5,0.88,9.86,0.87,314.5,0.89,110.0,0.9,280.0,0.01,0.01,2330.362687,1776191797000
1776191799.356,99.356,0.11,204.36,0.1,105.0,0.12,83.36,0.13,65.5,0.88,78.36,0.87,75.5,0.89,208.96,0.9,155.0,0.01,0.01,2329.762717,1776191798000
1776191800.252,100.252,0.11,204.36,0.1,105.0,0.12,83.36,0.13,65.5,0.88,83.36,0.87,65.5,0.89,204.36,0.9,105.0,0.01,0.01,2329.628663,1776191799000
1776191801.361,101.361,0.11,204.36,0.1,105.0,0.12,83.36,0.13,65.5,0.88,83.36,0.87,65.5,0.89,204.36,0.9,105.0,0.01,0.01,2329.71267,1776191800000
1776191802.785,102.785,0.11,204.36,0.1,105.0,0.12,83.36,0.13,65.5,0.88,83.36,0.87,65.5,0.89,204.36,0.9,105.0,0.01,0.01,2329.695086,1776191801000
1776191803.419,103.419,0.11,204.36,0.1,105.0,0.12,83.36,0.13,65.5,0.88,83.36,0.87,65.5,0.89,204.36,0.9,105.0,0.01,0.01,2329.70277,1776191802000
1776191803.959,103.959,0.11,168.94,0.1,172.5,0.12,82.86,0.13,55.0,0.88,103.36,0.87,80.5,0.89,8.0,0.9,280.0,0.01,0.01,2329.70277,1776191802000
1776191804.192,104.192,0.11,275.44,0.1,222.5,0.13,52.86,0.14,98.5,0.88,82.86,0.87,55.0,0.89,168.94,0.9,172.5,0.02,0.01,2329.70277,1776191802000
1776191804.423,104.423,0.12,10.0,0.11,270.44,0.13,26.74,0.14,103.5,0.87,26.74,0.86,103.5,0.88,10.0,0.89,270.44,0.01,0.01,2329.699645,1776191803000
1776191805.263,105.263,0.12,10.0,0.11,270.44,0.13,26.74,0.14,103.5,0.87,26.74,0.86,103.5,0.88,10.0,0.89,270.44,0.01,0.01,2329.68224,1776191804000
1776191806.324,106.324,0.12,10.0,0.11,270.44,0.13,26.74,0.14,103.5,0.87,26.74,0.86,103.5,0.88,10.0,0.89,270.44,0.01,0.01,2329.886432,1776191805000
1776191806.8,106.8,0.11,2.0,0.1,110.0,0.13,319.99,0.14,150.31,0.87,319.99,0.86,150.31,0.89,2.0,0.9,110.0,0.02,0.02,2329.877965,1776191806000
1776191807.847,107.847,0.11,2.0,0.1,110.0,0.13,319.99,0.14,150.31,0.87,319.99,0.86,150.31,0.89,2.0,0.9,110.0,0.02,0.02,2329.76508,1776191807000
1776191808.743,108.743,0.1,51.91,0.09,265.0,0.11,70.5,0.12,409.5,0.87,319.99,0.86,150.31,0.89,2.0,0.9,110.0,0.01,0.02,2329.76508,1776191807000
1776191809.31,109.31,0.1,51.91,0.09,265.0,0.11,70.5,0.12,409.5,0.89,70.5,0.88,409.5,0.9,51.91,0.91,265.0,0.01,0.01,2329.705132,1776191808000
1776191809.969,109.969,0.09,85.0,0.08,190.0,0.11,285.5,0.12,413.5,0.89,70.5,0.88,409.5,0.9,51.91,0.91,265.0,0.02,0.01,2329.705132,1776191808000
1776191810.367,110.367,0.09,85.0,0.08,190.0,0.11,285.5,0.12,413.5,0.89,285.5,0.88,413.5,0.91,85.0,0.92,190.0,0.02,0.02,2329.574367,1776191809000
1776191810.576,110.576,0.09,252.0,0.08,242.0,0.11,55.88,0.12,119.6,0.9,1.0,0.89,60.0,0.91,247.0,0.92,242.0,0.02,0.01,2329.574367,1776191809000
1776191811.099,111.099,0.1,10.0,0.09,10.0,0.11,92.88,0.12,449.6,0.89,55.88,0.88,119.6,0.91,252.0,0.92,242.0,0.01,0.02,2329.574367,1776191809000
1776191811.459,111.459,0.09,149.89,0.08,279.9,0.11,53.38,0.12,169.6,0.89,92.88,0.88,449.6,0.9,10.0,0.91,10.0,0.02,0.01,2329.538575,1776191810000
1776191812.011,112.011,0.09,5.05,0.08,190.0,0.1,29.5,0.11,102.5,0.89,48.38,0.88,164.6,0.91,99.34,0.92,279.9,0.01,0.02,2329.538575,1776191810000
1776191812.346,112.346,0.09,5.05,0.08,190.0,0.1,29.5,0.11,102.5,0.9,29.5,0.89,102.5,0.91,5.05,0.92,190.0,0.01,0.01,2329.401494,1776191811000
1776191813.381,113.381,0.09,2.85,0.08,240.0,0.1,144.5,0.11,257.5,0.9,144.5,0.89,257.5,0.91,2.85,0.92,240.0,0.01,0.01,2329.504531,1776191812000
1776191813.664,113.664,0.08,238.36,0.07,475.0,0.09,205.0,0.1,375.5,0.9,144.5,0.89,257.5,0.91,2.85,0.92,240.0,0.01,0.01,2329.504531,1776191812000
1776191813.873,113.873,0.08,226.9,0.07,475.0,0.09,319.0,0.1,380.5,0.91,314.0,0.9,380.5,0.92,228.54,0.93,475.0,0.01,0.01,2329.504531,1776191812000
1776191814.164,114.164,0.08,45.36,0.07,475.0,0.09,324.5,0.1,390.5,0.91,319.0,0.9,380.5,0.92,225.26,0.93,475.0,0.01,0.01,2329.4818,1776191813000
1776191814.519,114.519,0.07,422.84,0.06,323.8,0.08,15.0,0.09,314.5,0.91,324.5,0.9,390.5,0.92,45.36,0.93,475.0,0.01,0.01,2329.4818,1776191813000
1776191814.985,114.985,0.07,420.31,0.06,323.8,0.08,15.0,0.09,314.5,0.92,15.0,0.91,314.5,0.93,420.31,0.94,323.8,0.01,0.01,2329.318613,1776191814000
1776191816.029,116.029,0.07,420.31,0.06,323.8,0.08,15.0,0.09,314.5,0.92,15.0,0.91,314.5,0.93,420.31,0.94,323.8,0.01,0.01,2329.224264,1776191815000
1776191816.528,116.528,0.07,33.38,0.06,395.0,0.08,195.5,0.09,501.5,0.92,15.0,0.91,314.5,0.93,420.31,0.94,323.8,0.01,0.01,2329.224264,1776191815000
1776191817.062,117.062,0.07,33.38,0.06,395.0,0.08,195.5,0.09,501.5,0.92,195.5,0.91,501.5,0.93,33.38,0.94,395.0,0.01,0.01,2329.189671,1776191816000
1776191817.34,117.34,0.07,28.38,0.06,165.0,0.08,288.5,0.09,472.5,0.92,195.5,0.91,501.5,0.93,33.38,0.94,395.0,0.01,0.01,2329.189671,1776191816000
1776191818.711,118.711,0.06,200.0,0.05,202.0,0.07,18.0,0.08,150.0,0.92,288.5,0.91,472.5,0.93,28.38,0.94,165.0,0.01,0.01,2329.189671,1776191816000
1776191819.193,119.193,0.06,161.8,0.05,297.8,0.07,5.0,0.08,69.0,0.93,18.0,0.92,150.0,0.94,200.0,0.95,202.0,0.01,0.01,2328.961685,1776191817000
1776191820.428,120.428,0.06,103.6,0.05,287.8,0.08,155.62,0.09,180.5,0.92,155.62,0.91,180.5,0.94,103.6,0.95,287.8,0.02,0.02,2328.900244,1776191819000
1776191821.036,121.036,0.06,103.6,0.05,287.8,0.08,155.62,0.09,180.5,0.92,155.62,0.91,180.5,0.94,103.6,0.95,287.8,0.02,0.02,2329.033144,1776191820000
1776191821.37,121.37,0.06,184.41,0.05,270.8,0.07,89.0,0.08,167.12,0.92,155.62,0.91,180.5,0.94,103.6,0.95,287.8,0.01,0.02,2329.033144,1776191820000
1776191822.034,122.034,0.06,4.68,0.05,450.8,0.07,84.0,0.08,167.12,0.93,89.0,0.92,167.12,0.94,78.02,0.95,270.8,0.01,0.01,2329.033144,1776191820000
1776191822.599,122.599,0.05,140.0,0.04,750.65,0.06,115.0,0.07,234.17,0.93,84.0,0.92,167.12,0.94,4.68,0.95,450.8,0.01,0.01,2328.981127,1776191821000
1776191823.346,123.346,0.05,140.0,0.04,750.65,0.06,115.0,0.07,234.17,0.94,115.0,0.93,234.17,0.95,140.0,0.96,750.65,0.01,0.01,2328.95831,1776191822000
1776191823.617,123.617,0.05,125.0,0.04,395.5,0.06,415.5,0.07,336.47,0.94,115.0,0.93,234.17,0.95,140.0,0.96,750.65,0.01,0.01,2328.95831,1776191822000
1776191824.396,124.396,0.05,110.89,0.04,395.5,0.06,410.5,0.07,336.47,0.94,410.5,0.93,336.47,0.95,110.89,0.96,395.5,0.01,0.01,2328.897121,1776191823000
1776191824.93,124.93,0.05,105.69,0.04,395.5,0.06,464.3,0.07,326.47,0.94,464.3,0.93,326.47,0.95,105.69,0.96,395.5,0.01,0.01,2328.66049,1776191824000
1776191825.297,125.297,0.05,290.69,0.04,445.5,0.06,165.0,0.07,235.17,0.94,464.3,0.93,326.47,0.95,105.69,0.96,395.5,0.01,0.01,2328.66049,1776191824000
1776191826.033,126.033,0.05,290.69,0.04,445.5,0.06,124.68,0.07,235.17,0.94,124.68,0.93,235.17,0.95,290.69,0.96,445.5,0.01,0.01,2328.41539,1776191825000
1776191826.621,126.621,0.05,481.49,0.04,695.53,0.07,74.67,0.08,162.12,0.94,124.68,0.93,235.17,0.95,290.69,0.96,445.5,0.02,0.01,2328.41539,1776191825000
1776191827.117,127.117,0.05,481.49,0.04,695.53,0.07,36.67,0.08,162.12,0.93,36.67,0.92,162.12,0.95,481.49,0.96,695.53,0.02,0.02,2328.450044,1776191826000
1776191827.399,127.399,0.06,243.93,0.05,191.49,0.07,168.59,0.08,205.12,0.93,191.67,0.92,205.12,0.94,188.93,0.95,191.49,0.01,0.01,2328.450044,1776191826000
1776191828.209,128.209,0.06,243.93,0.05,191.49,0.07,168.59,0.08,205.12,0.93,168.59,0.92,205.12,0.94,243.93,0.95,191.49,0.01,0.01,2328.640586,1776191827000
1776191829.461,129.461,0.06,243.93,0.05,191.49,0.07,168.59,0.08,205.12,0.93,168.59,0.92,205.12,0.94,243.93,0.95,191.49,0.01,0.01,2328.820616,1776191828000
1776191830.017,130.017,0.06,243.93,0.05,191.49,0.07,168.59,0.08,205.12,0.93,168.59,0.92,205.12,0.94,243.93,0.95,191.49,0.01,0.01,2328.800816,1776191829000
1776191830.644,130.644,0.05,295.69,0.04,438.0,0.06,69.8,0.07,237.47,0.93,168.59,0.92,205.12,0.94,243.93,0.95,191.49,0.01,0.01,2328.800816,1776191829000
1776191831.061,131.061,0.05,295.69,0.04,438.0,0.06,69.8,0.07,237.47,0.94,69.8,0.93,237.47,0.95,295.69,0.96,438.0,0.01,0.01,2328.591367,1776191830000
1776191831.282,131.282,0.07,37.0,0.05,442.49,0.08,25.5,0.09,115.5,0.94,69.8,0.93,237.47,0.95,295.69,0.96,438.0,0.01,0.01,2328.591367,1776191830000
1776191831.702,131.702,0.07,32.0,0.06,204.0,0.08,235.5,0.09,456.5,0.92,25.5,0.91,115.5,0.93,37.0,0.95,442.49,0.01,0.01,2328.591367,1776191830000
1776191831.984,131.984,0.07,32.0,0.06,10.0,0.08,168.37,0.09,520.5,0.92,220.5,0.91,520.5,0.93,32.0,0.94,10.0,0.01,0.01,2328.591367,1776191830000
1776191832.189,132.189,0.07,32.0,0.06,10.0,0.08,168.37,0.09,520.5,0.92,168.37,0.91,520.5,0.93,32.0,0.94,10.0,0.01,0.01,2328.496145,1776191831000
1776191832.45,132.45,0.07,32.0,0.06,45.0,0.08,178.87,0.09,557.5,0.92,168.37,0.91,520.5,0.93,32.0,0.94,10.0,0.01,0.01,2328.496145,1776191831000
1776191832.684,132.684,0.07,29.31,0.06,45.0,0.08,189.37,0.09,530.5,0.92,178.87,0.91,557.5,0.93,32.0,0.94,45.0,0.01,0.01,2328.496145,1776191831000
1776191833.224,133.224,0.07,16.99,0.06,45.0,0.08,194.37,0.09,530.5,0.92,194.37,0.91,530.5,0.93,16.99,0.94,45.0,0.01,0.01,2328.780504,1776191832000
1776191834.159,134.159,0.05,186.41,0.04,438.0,0.07,220.5,0.08,543.27,0.92,174.37,0.91,562.5,0.93,16.99,0.94,45.0,0.02,0.01,2328.780504,1776191832000
1776191834.513,134.513,0.05,172.12,0.04,438.0,0.07,270.8,0.08,543.27,0.93,270.8,0.92,543.27,0.95,172.12,0.96,438.0,0.02,0.02,2328.883253,1776191833000
1776191835.181,135.181,0.05,172.12,0.04,438.0,0.07,270.8,0.08,543.27,0.93,270.8,0.92,543.27,0.95,172.12,0.96,438.0,0.02,0.02,2328.86182,1776191834000
1776191836.065,136.065,0.05,20.2,0.04,618.0,0.06,87.16,0.07,255.8,0.93,270.8,0.92,543.27,0.95,172.12,0.96,438.0,0.01,0.02,2328.86182,1776191834000
1776191836.331,136.331,0.05,20.2,0.04,618.0,0.06,87.16,0.07,255.8,0.94,87.16,0.93,255.8,0.95,20.2,0.96,618.0,0.01,0.01,2328.632092,1776191835000
1776191836.755,136.755,0.04,558.0,0.03,351.0,0.05,186.0,0.06,251.46,0.94,87.16,0.93,255.8,0.95,20.2,0.96,618.0,0.01,0.01,2328.632092,1776191835000
1776191837.372,137.372,0.04,602.25,0.03,484.7,0.05,136.57,0.06,152.94,0.95,186.0,0.94,251.46,0.96,558.0,0.97,351.0,0.01,0.01,2328.632092,1776191835000
1776191838.085,138.085,0.04,602.25,0.03,496.05,0.05,125.57,0.06,152.94,0.95,135.41,0.94,152.94,0.96,602.25,0.97,489.7,0.01,0.01,2328.599444,1776191836000
1776191838.338,138.338,0.04,600.25,0.03,796.05,0.05,203.69,0.06,252.94,0.95,125.57,0.94,152.94,0.96,602.25,0.97,496.05,0.01,0.01,2328.575897,1776191837000
1776191838.687,138.687,0.04,450.25,0.03,796.05,0.05,157.11,0.06,205.78,0.95,178.51,0.94,252.94,0.96,450.25,0.97,796.05,0.01,0.01,2328.575897,1776191837000
1776191839.186,139.186,0.04,450.25,0.03,789.7,0.05,71.51,0.06,255.78,0.95,71.51,0.94,255.78,0.96,450.25,0.97,789.7,0.01,0.01,2328.460441,1776191838000
1776191840.309,140.309,0.04,257.75,0.03,774.7,0.05,191.51,0.06,335.08,0.95,71.51,0.94,255.78,0.96,450.25,0.97,789.7,0.01,0.01,2328.460441,1776191838000
1776191841.46,141.46,0.04,230.25,0.03,774.7,0.05,186.51,0.06,335.08,0.95,186.51,0.94,335.08,0.96,230.25,0.97,774.7,0.01,0.01,2328.64182,1776191840000
1776191841.838,141.838,0.03,291.0,0.02,763.7,0.05,405.81,0.06,611.08,0.95,186.51,0.94,335.08,0.96,230.25,0.97,774.7,0.02,0.01,2328.64182,1776191840000
1776191842.582,142.582,0.03,557.16,0.02,588.7,0.04,114.0,0.05,252.51,0.95,405.81,0.94,611.08,0.97,291.0,0.98,763.7,0.01,0.02,2328.60236,1776191841000
1776191843.029,143.029,0.03,663.36,0.02,588.7,0.04,114.0,0.05,252.51,0.96,114.0,0.95,252.51,0.97,663.36,0.98,588.7,0.01,0.01,2328.327839,1776191842000
1776191843.62,143.62,0.03,609.36,0.02,594.7,0.04,114.0,0.05,89.87,0.96,114.0,0.95,252.51,0.97,663.36,0.98,588.7,0.01,0.01,2328.327839,1776191842000
1776191843.91,143.91,0.04,15.63,0.03,609.36,0.05,84.87,0.06,134.78,0.95,89.87,0.94,134.78,0.97,614.36,0.98,594.7,0.01,0.02,2328.327839,1776191842000
1776191844.186,144.186,0.04,177.0,0.03,434.36,0.05,89.87,0.06,139.78,0.95,89.87,0.94,139.78,0.96,177.0,0.97,434.36,0.01,0.01,2328.177058,1776191843000
1776191845.333,145.333,0.04,177.0,0.03,434.36,0.05,89.87,0.06,139.78,0.95,89.87,0.94,139.78,0.96,177.0,0.97,434.36,0.01,0.01,2328.358565,1776191844000
1776191845.857,145.857,0.04,177.0,0.03,434.36,0.05,89.87,0.06,139.78,0.95,89.87,0.94,139.78,0.96,177.0,0.97,434.36,0.01,0.01,2328.637465,1776191845000
1776191848.705,148.705,0.04,177.0,0.03,434.36,0.05,89.87,0.06,139.78,0.95,89.87,0.94,139.78,0.96,177.0,0.97,434.36,0.01,0.01,2328.864614,1776191846000
1776191849.735,149.735,0.04,177.0,0.03,434.36,0.05,89.87,0.06,139.78,0.95,89.87,0.94,139.78,0.96,177.0,0.97,434.36,0.01,0.01,2328.700694,1776191848000
1776191850.165,150.165,0.03,426.0,0.02,599.7,0.05,154.87,0.06,520.08,0.95,89.87,0.94,139.78,0.96,177.0,0.97,434.36,0.02,0.01,2328.700694,1776191848000
1776191850.45,150.45,0.03,426.0,0.02,599.7,0.05,154.87,0.06,520.08,0.95,154.87,0.94,520.08,0.97,426.0,0.98,599.7,0.02,0.02,2328.68625,1776191849000
1776191850.686,150.686,0.03,192.35,0.02,778.7,0.04,246.0,0.05,597.17,0.95,154.87,0.94,520.08,0.97,426.0,0.98,599.7,0.01,0.02,2328.68625,1776191849000
1776191850.929,150.929,0.03,227.94,0.02,778.7,0.04,110.0,0.05,557.17,0.96,246.0,0.95,597.17,0.97,192.35,0.98,778.7,0.01,0.01,2328.68625,1776191849000
1776191851.2,151.2,0.03,221.79,0.02,778.7,0.04,110.0,0.05,557.17,0.96,110.0,0.95,557.17,0.97,222.83,0.98,778.7,0.01,0.01,2328.61383,1776191850000
1776191851.961,151.961,0.04,244.84,0.03,395.49,0.05,89.87,0.06,84.78,0.96,160.0,0.95,557.17,0.97,210.79,0.98,778.7,0.01,0.01,2328.61383,1776191850000
1776191852.407,152.407,0.04,349.64,0.03,419.14,0.05,69.87,0.06,79.78,0.95,89.87,0.94,84.78,0.96,244.84,0.97,395.49,0.01,0.01,2328.61383,1776191850000
1776191852.805,152.805,0.04,589.89,0.03,385.48,0.05,10.87,0.06,79.78,0.95,25.87,0.94,84.78,0.96,349.64,0.97,719.14,0.01,0.01,2328.43235,1776191851000
1776191853.129,153.129,0.04,589.89,0.03,385.48,0.05,10.87,0.06,79.78,0.95,10.87,0.94,79.78,0.96,589.89,0.97,385.48,0.01,0.01,2328.4289,1776191852000
1776191853.557,153.557,0.04,599.89,0.03,380.48,0.05,48.99,0.06,79.78,0.95,10.87,0.94,79.78,0.96,589.89,0.97,385.48,0.01,0.01,2328.4289,1776191852000
1776191854.238,154.238,0.04,438.64,0.03,380.48,0.05,5.99,0.06,79.78,0.95,53.99,0.94,79.78,0.96,569.99,0.97,380.48,0.01,0.01,2328.4289,1776191852000
1776191854.53,154.53,0.04,438.64,0.03,380.48,0.05,5.99,0.06,79.78,0.95,5.99,0.94,79.78,0.96,438.64,0.97,380.48,0.01,0.01,2328.840824,1776191853000
1776191855.035,155.035,0.04,30.25,0.03,304.48,0.05,85.99,0.06,350.28,0.95,5.99,0.94,79.78,0.96,438.64,0.97,380.48,0.01,0.01,2328.840824,1776191853000
1776191856.198,156.198,0.04,3.95,0.03,299.48,0.05,260.99,0.06,255.08,0.95,85.99,0.94,350.28,0.96,30.25,0.97,304.48,0.01,0.01,2329.083471,1776191854000
1776191856.413,156.413,0.03,299.48,0.02,773.7,0.05,255.99,0.06,255.08,0.95,260.99,0.94,255.08,0.96,3.95,0.97,299.48,0.02,0.01,2329.11185,1776191855000
1776191857.908,157.908,0.03,299.48,0.02,773.7,0.05,255.99,0.06,255.08,0.95,255.99,0.94,255.08,0.97,299.48,0.98,773.7,0.02,0.02,2328.632537,1776191856000
1776191858.302,158.302,0.03,176.09,0.02,1178.7,0.04,60.0,0.05,380.29,0.95,255.99,0.94,255.08,0.97,299.48,0.98,773.7,0.01,0.02,2328.632537,1776191856000
1776191858.865,158.865,0.03,166.9,0.02,1178.7,0.04,60.0,0.05,380.29,0.96,60.0,0.95,380.29,0.97,166.9,0.98,1178.7,0.01,0.01,2328.614702,1776191857000
1776191859.791,159.791,0.03,166.9,0.02,1178.7,0.04,60.0,0.05,380.29,0.96,60.0,0.95,380.29,0.97,166.9,0.98,1178.7,0.01,0.01,2328.596778,1776191858000
1776191860.262,160.262,0.03,179.21,0.02,1618.7,0.04,70.0,0.05,342.55,0.96,60.0,0.95,380.29,0.97,166.9,0.98,1178.7,0.01,0.01,2328.596778,1776191858000
1776191860.516,160.516,0.03,120.55,0.02,1618.7,0.05,361.8,0.06,456.08,0.96,65.0,0.95,342.55,0.97,159.21,0.98,1618.7,0.02,0.01,2328.596778,1776191858000
1776191861.282,161.282,0.03,120.55,0.02,1618.7,0.05,361.8,0.06,456.08,0.95,361.8,0.94,456.08,0.97,120.55,0.98,1618.7,0.02,0.02,2328.581473,1776191860000
1776191862.172,162.172,0.03,120.55,0.02,1618.7,0.05,361.8,0.06,456.08,0.95,361.8,0.94,456.08,0.97,120.55,0.98,1618.7,0.02,0.02,2328.5562,1776191861000
1776191862.633,162.633,0.03,167.49,0.02,968.7,0.04,15.0,0.05,376.54,0.95,361.8,0.94,456.08,0.97,120.55,0.98,1618.7,0.01,0.02,2328.5562,1776191861000
1776191862.989,162.989,0.04,10.0,0.03,156.14,0.05,26.5,0.06,361.08,0.96,15.0,0.95,376.54,0.97,167.49,0.98,968.7,0.01,0.01,2328.5562,1776191861000
1776191863.282,163.282,0.05,16.5,0.04,10.0,0.06,622.08,0.07,446.56,0.94,361.08,0.93,436.56,0.95,26.5,0.96,10.0,0.01,0.01,2328.5562,1776191861000
1776191863.613,163.613,0.05,11.5,0.04,10.0,0.06,622.08,0.07,446.56,0.94,622.08,0.93,446.56,0.95,11.5,0.96,10.0,0.01,0.01,2328.49979,1776191862000
1776191864.129,164.129,0.04,10.0,0.03,122.48,0.06,621.08,0.07,441.56,0.94,641.08,0.93,416.56,0.95,3.37,0.97,122.48,0.02,0.01,2328.49979,1776191862000
1776191864.914,164.914,0.04,217.04,0.03,352.48,0.05,130.8,0.06,389.08,0.94,621.08,0.93,441.56,0.96,10.0,0.97,122.48,0.01,0.02,2328.456125,1776191863000
1776191865.991,165.991,0.04,35.04,0.03,178.48,0.06,27.74,0.07,261.56,0.95,130.8,0.94,389.08,0.96,217.04,0.97,352.48,0.02,0.01,2328.547636,1776191864000
1776191866.68,166.68,0.04,35.04,0.03,178.48,0.06,27.74,0.07,261.56,0.94,27.74,0.93,261.56,0.96,35.04,0.97,178.48,0.02,0.02,2328.577115,1776191865000
1776191867.217,167.217,0.04,35.04,0.03,178.48,0.06,27.74,0.07,261.56,0.94,27.74,0.93,261.56,0.96,35.04,0.97,178.48,0.02,0.02,2328.71321,1776191866000
1776191867.527,167.527,0.03,151.14,0.02,564.0,0.04,71.73,0.05,195.5,0.94,27.74,0.93,261.56,0.96,35.04,0.97,178.48,0.01,0.02,2328.71321,1776191866000
1776191867.933,167.933,0.03,141.14,0.02,564.0,0.04,79.34,0.05,375.5,0.96,71.73,0.95,195.5,0.97,141.14,0.98,564.0,0.01,0.01,2328.71321,1776191866000
1776191868.294,168.294,0.03,140.14,0.02,564.0,0.04,259.34,0.05,195.5,0.96,79.34,0.95,375.5,0.97,141.14,0.98,564.0,0.01,0.01,2328.71321,1776191866000
1776191868.967,168.967,0.03,140.14,0.02,564.0,0.04,259.34,0.05,195.5,0.96,259.34,0.95,195.5,0.97,140.14,0.98,564.0,0.01,0.01,2328.061782,1776191868000
1776191869.683,169.683,0.03,95.44,0.02,350.0,0.04,448.65,0.05,254.09,0.96,259.34,0.95,195.5,0.97,140.14,0.98,564.0,0.01,0.01,2328.061782,1776191868000
1776191869.897,169.897,0.03,96.28,0.02,400.0,0.04,486.9,0.05,250.8,0.96,508.65,0.95,250.8,0.97,96.28,0.98,400.0,0.01,0.01,2328.061782,1776191868000
1776191870.11,170.11,0.03,92.12,0.02,400.0,0.04,411.05,0.05,261.3,0.96,416.05,0.95,261.3,0.97,98.16,0.98,400.0,0.01,0.01,2328.061782,1776191868000
1776191870.342,170.342,0.03,95.04,0.02,406.35,0.04,524.75,0.05,266.3,0.96,416.05,0.95,261.3,0.97,96.08,0.98,400.0,0.01,0.01,2327.971336,1776191869000
1776191871.229,171.229,0.03,90.04,0.02,395.0,0.04,519.0,0.05,256.3,0.96,524.75,0.95,266.3,0.97,95.04,0.98,406.35,0.01,0.01,2327.971336,1776191869000
1776191871.592,171.592,0.03,87.97,0.02,395.0,0.04,524.0,0.05,256.3,0.96,519.0,0.95,256.3,0.97,90.04,0.98,395.0,0.01,0.01,2327.9799,1776191870000
1776191871.967,171.967,0.03,73.71,0.02,395.0,0.04,519.0,0.05,256.3,0.96,524.0,0.95,256.3,0.97,87.97,0.98,395.0,0.01,0.01,2327.9799,1776191870000
1776191873.29,173.29,0.03,73.71,0.02,395.0,0.04,519.0,0.05,256.3,0.96,519.0,0.95,256.3,0.97,73.71,0.98,395.0,0.01,0.01,2327.673921,1776191872000
1776191873.882,173.882,0.03,82.67,0.02,395.0,0.04,360.26,0.05,480.3,0.96,519.0,0.95,256.3,0.97,73.71,0.98,395.0,0.01,0.01,2327.673921,1776191872000
1776191874.201,174.201,0.03,80.59,0.02,395.0,0.04,398.26,0.05,447.8,0.96,410.26,0.95,420.8,0.97,81.63,0.98,395.0,0.01,0.01,2327.673921,1776191872000
1776191874.513,174.513,0.03,80.59,0.02,395.0,0.04,398.26,0.05,447.8,0.96,398.26,0.95,447.8,0.97,80.59,0.98,395.0,0.01,0.01,2327.762465,1776191873000
1776191874.732,174.732,0.03,79.68,0.02,575.0,0.04,160.26,0.05,364.8,0.96,398.26,0.95,447.8,0.97,80.59,0.98,395.0,0.01,0.01,2327.762465,1776191873000
1776191875.033,175.033,0.03,52.68,0.02,875.0,0.04,135.26,0.05,359.8,0.96,135.26,0.95,359.8,0.97,52.68,0.98,875.0,0.01,0.01,2327.7855,1776191874000
1776191876.028,176.028,0.03,8.77,0.02,575.0,0.04,155.26,0.05,364.8,0.96,135.26,0.95,359.8,0.97,52.68,0.98,875.0,0.01,0.01,2327.7855,1776191874000
1776191876.243,176.243,0.03,9.03,0.02,575.0,0.04,155.26,0.05,364.8,0.96,155.26,0.95,364.8,0.97,9.03,0.98,575.0,0.01,0.01,2328.185346,1776191875000
1776191876.537,176.537,0.02,747.73,0.01,7808.28,0.04,97.31,0.05,320.8,0.96,155.26,0.95,364.8,0.97,9.03,0.98,575.0,0.02,0.01,2328.185346,1776191875000
1776191877.444,177.444,0.03,5.0,0.02,747.73,0.04,49.31,0.05,320.8,0.96,49.31,0.95,320.8,0.97,5.0,0.98,747.73,0.01,0.01,2328.353985,1776191876000
1776191877.962,177.962,0.03,5.0,0.02,747.73,0.04,49.31,0.05,320.8,0.96,49.31,0.95,320.8,0.97,5.0,0.98,747.73,0.01,0.01,2328.387565,1776191877000
1776191878.505,178.505,0.02,752.73,0.01,7808.28,0.03,99.22,0.04,213.01,0.96,49.31,0.95,320.8,0.97,5.0,0.98,747.73,0.01,0.01,2328.387565,1776191877000
1776191879.259,179.259,0.02,752.73,0.01,7808.28,0.03,99.22,0.04,213.01,0.97,99.22,0.96,213.01,0.98,752.73,0.99,7808.28,0.01,0.01,2328.508896,1776191878000
1776191879.642,179.642,0.02,324.03,0.01,3123.05,0.03,89.22,0.04,342.01,0.97,99.22,0.96,213.01,0.98,752.73,0.99,7808.28,0.01,0.01,2328.508896,1776191878000
1776191880.471,180.471,0.02,324.03,0.01,3123.05,0.03,89.22,0.04,342.01,0.97,89.22,0.96,342.01,0.98,324.03,0.99,3123.05,0.01,0.01,2328.226626,1776191879000
1776191881.089,181.089,0.02,324.03,0.01,3123.05,0.03,89.22,0.04,342.01,0.97,89.22,0.96,342.01,0.98,324.03,0.99,3123.05,0.01,0.01,2327.685335,1776191880000
1776191881.377,181.377,0.02,318.92,0.01,2618.28,0.03,378.66,0.04,213.51,0.97,93.66,0.96,303.01,0.98,324.03,0.99,2618.28,0.01,0.01,2327.685335,1776191880000
1776191881.608,181.608,0.02,263.58,0.01,2635.28,0.03,213.7,0.04,235.01,0.97,208.7,0.96,225.01,0.98,264.61,0.99,2635.28,0.01,0.01,2327.685335,1776191880000
1776191881.819,181.819,0.02,260.49,0.01,2635.28,0.03,213.7,0.04,235.01,0.97,213.7,0.96,235.01,0.98,261.52,0.99,2635.28,0.01,0.01,2327.685335,1776191880000
1776191882.155,182.155,0.02,252.4,0.01,2625.28,0.03,213.7,0.04,235.01,0.97,213.7,0.96,235.01,0.98,252.4,0.99,2625.28,0.01,0.01,2327.349552,1776191881000
1776191882.557,182.557,0.02,217.4,0.01,2925.28,0.03,296.74,0.04,223.51,0.97,262.7,0.96,213.01,0.98,247.4,0.99,2925.28,0.01,0.01,2327.349552,1776191881000
1776191882.937,182.937,0.02,212.29,0.01,2925.28,0.03,305.74,0.04,223.51,0.97,296.74,0.96,223.51,0.98,217.4,0.99,2925.28,0.01,0.01,2327.349552,1776191881000
1776191883.251,183.251,0.02,212.29,0.01,2925.28,0.03,305.74,0.04,223.51,0.97,305.74,0.96,223.51,0.98,212.29,0.99,2925.28,0.01,0.01,2327.693424,1776191882000
1776191883.543,183.543,0.02,188.04,0.01,2625.28,0.03,226.74,0.04,230.01,0.97,305.74,0.96,223.51,0.98,212.29,0.99,2925.28,0.01,0.01,2327.693424,1776191882000
1776191884.21,184.21,0.02,188.04,0.01,2625.28,0.03,226.74,0.04,230.01,0.97,226.74,0.96,230.01,0.98,188.04,0.99,2625.28,0.01,0.01,2327.361914,1776191883000
1776191885.304,185.304,0.02,188.04,0.01,2625.28,0.03,226.74,0.04,230.01,0.97,226.74,0.96,230.01,0.98,188.04,0.99,2625.28,0.01,0.01,2327.565975,1776191884000
1776191886.279,186.279,0.02,183.04,0.01,2625.28,0.03,279.05,0.04,250.01,0.97,226.74,0.96,230.01,0.98,188.04,0.99,2625.28,0.01,0.01,2327.565975,1776191884000
1776191886.954,186.954,0.02,183.04,0.01,2625.28,0.03,279.05,0.04,250.01,0.97,279.05,0.96,250.01,0.98,183.04,0.99,2625.28,0.01,0.01,2327.652225,1776191886000
1776191887.182,187.182,0.02,167.93,0.01,2925.28,0.03,301.05,0.04,228.01,0.97,296.05,0.96,228.01,0.98,177.93,0.99,2925.28,0.01,0.01,2327.652225,1776191886000
1776191887.431,187.431,0.02,127.93,0.01,2925.28,0.03,296.05,0.04,228.01,0.97,301.05,0.96,228.01,0.98,137.93,0.99,2925.28,0.01,0.01,2327.652225,1776191886000
1776191887.811,187.811,0.02,127.93,0.01,2925.28,0.03,265.38,0.04,228.01,0.97,296.05,0.96,228.01,0.98,127.93,0.99,2925.28,0.01,0.01,2327.652225,1776191886000
1776191888.02,188.02,0.02,127.93,0.01,2925.28,0.03,265.38,0.04,228.01,0.97,265.38,0.96,228.01,0.98,127.93,0.99,2925.28,0.01,0.01,2327.488056,1776191887000
1776191888.83,188.83,0.02,22.93,0.01,2261.68,0.03,270.38,0.04,358.28,0.97,265.38,0.96,228.01,0.98,127.93,0.99,2925.28,0.01,0.01,2327.488056,1776191887000
1776191889.142,189.142,0.02,4.58,0.01,2261.68,0.03,298.97,0.04,358.28,0.97,298.97,0.96,358.28,0.98,4.58,0.99,2261.68,0.01,0.01,2327.462135,1776191888000
1776191890.1,190.1,0.01,2167.94,,,0.02,5.42,0.03,233.38,0.97,298.97,0.96,358.28,0.98,4.58,0.99,2261.68,0.01,0.01,2327.462135,1776191888000
1776191890.411,190.411,0.01,2259.94,,,0.02,117.42,0.03,233.38,0.98,5.42,0.97,233.38,0.99,2167.94,,,0.01,0.01,2327.3721,1776191889000
1776191890.742,190.742,0.01,2249.94,,,0.02,147.42,0.03,238.38,0.98,117.42,0.97,233.38,0.99,2259.94,,,0.01,0.01,2327.3721,1776191889000
1776191891.167,191.167,0.01,2518.49,,,0.02,331.12,0.03,262.38,0.98,147.42,0.97,238.38,0.99,2249.94,,,0.01,0.01,2327.3721,1776191889000
1776191892.198,192.198,0.01,2522.47,,,0.02,343.12,0.03,211.38,0.98,331.12,0.97,262.38,0.99,2518.49,,,0.01,0.01,2327.269511,1776191890000
1776191892.874,192.874,0.01,2497.24,,,0.02,372.12,0.03,211.38,0.98,343.12,0.97,211.38,0.99,2522.47,,,0.01,0.01,2327.723927,1776191891000
1776191893.421,193.421,0.01,2497.24,,,0.02,372.12,0.03,211.38,0.98,372.12,0.97,211.38,0.99,2497.24,,,0.01,0.01,2327.562951,1776191892000
1776191893.902,193.902,0.01,2497.24,,,0.02,372.12,0.03,211.38,0.98,372.12,0.97,211.38,0.99,2497.24,,,0.01,0.01,2327.48603,1776191893000
1776191894.68,194.68,0.01,1853.35,,,0.02,384.12,0.03,235.38,0.98,372.12,0.97,211.38,0.99,2497.24,,,0.01,0.01,2327.48603,1776191893000
1776191894.898,194.898,0.01,1816.95,,,0.02,209.12,0.03,473.38,0.98,277.12,0.97,235.38,0.99,1813.95,,,0.01,0.01,2327.48603,1776191893000
1776191896.199,196.199,0.01,1816.95,,,0.02,209.12,0.03,473.38,0.98,209.12,0.97,473.38,0.99,1816.95,,,0.01,0.01,2327.350575,1776191895000
1776191896.83,196.83,0.01,2265.45,,,0.02,27.76,0.03,579.38,0.98,209.12,0.97,473.38,0.99,1816.95,,,0.01,0.01,2327.350575,1776191895000
1776191897.169,197.169,0.01,2440.48,,,0.02,32.76,0.03,579.38,0.98,27.76,0.97,579.38,0.99,2265.45,,,0.01,0.01,2327.350575,1776191895000
1776191897.432,197.432,0.01,2205.25,,,0.02,17.76,0.03,579.38,0.98,17.76,0.97,579.38,0.99,2205.25,,,0.01,0.01,2327.707278,1776191896000
1776191898.026,198.026,0.01,2205.25,,,0.02,17.76,0.03,579.38,0.98,17.76,0.97,579.38,0.99,2205.25,,,0.01,0.01,2327.829842,1776191897000
1776191898.724,198.724,0.01,2810.25,,,0.02,41.66,0.03,596.38,0.98,17.76,0.97,579.38,0.99,2205.25,,,0.01,0.01,2327.829842,1776191897000
1776191899.193,199.193,0.01,2810.25,,,0.02,41.66,0.03,596.38,0.98,41.66,0.97,596.38,0.99,2810.25,,,0.01,0.01,2328.087936,1776191898000
1776191900.379,200.379,0.01,2810.25,,,0.02,41.66,0.03,596.38,0.98,41.66,0.97,596.38,0.99,2810.25,,,0.01,0.01,2328.1698,1776191899000
1776191900.767,200.767,0.01,1731.39,,,0.02,235.36,0.03,907.38,0.98,235.36,0.97,907.38,0.99,1737.39,,,0.01,0.01,2328.1698,1776191899000
1776191901.293,201.293,0.01,1623.54,,,0.02,268.36,0.03,880.38,0.98,235.36,0.97,907.38,0.99,1731.39,,,0.01,0.01,2328.193895,1776191900000
1776191902.062,202.062,0.01,1623.54,,,0.02,268.36,0.03,880.38,0.98,268.36,0.97,880.38,0.99,1623.54,,,0.01,0.01,2328.004335,1776191901000
1776191903.296,203.296,0.01,1623.54,,,0.02,268.36,0.03,880.38,0.98,268.36,0.97,880.38,0.99,1623.54,,,0.01,0.01,2327.906768,1776191902000
1776191903.707,203.707,0.01,1566.77,,,0.02,367.36,0.03,904.38,0.98,268.36,0.97,880.38,0.99,1623.54,,,0.01,0.01,2327.906768,1776191902000
1776191904.387,204.387,0.01,1566.77,,,0.02,367.36,0.03,904.38,0.98,367.36,0.97,904.38,0.99,1566.77,,,0.01,0.01,2327.882195,1776191903000
1776191904.935,204.935,0.01,1566.77,,,0.02,374.42,0.03,884.38,0.98,374.42,0.97,884.38,0.99,1566.77,,,0.01,0.01,2327.85187,1776191904000
1776191906.213,206.213,0.01,1566.77,,,0.02,374.42,0.03,884.38,0.98,374.42,0.97,884.38,0.99,1566.77,,,0.01,0.01,2327.634165,1776191905000
1776191907.304,207.304,0.01,1566.77,,,0.02,374.42,0.03,884.38,0.98,374.42,0.97,884.38,0.99,1566.77,,,0.01,0.01,2327.545704,1776191906000
1776191908.547,208.547,0.01,1566.77,,,0.02,374.42,0.03,884.38,0.98,374.42,0.97,884.38,0.99,1566.77,,,0.01,0.01,2327.47427,1776191907000
1776191909.027,209.027,0.01,1566.77,,,0.02,374.42,0.03,884.38,0.98,374.42,0.97,884.38,0.99,1566.77,,,0.01,0.01,2327.47427,1776191908000
1776191910.219,210.219,0.01,1566.77,,,0.02,374.42,0.03,884.38,0.98,374.42,0.97,884.38,0.99,1566.77,,,0.01,0.01,2327.452178,1776191909000
1776191910.969,210.969,0.01,1871.48,,,0.02,525.61,0.03,699.29,0.98,374.42,0.97,884.38,0.99,1566.77,,,0.01,0.01,2327.452178,1776191909000
1776191911.251,211.251,0.01,1815.48,,,0.02,525.61,0.03,699.29,0.98,525.61,0.97,699.29,0.99,1815.48,,,0.01,0.01,2327.512986,1776191910000
1776191912.332,212.332,0.01,1735.48,,,0.02,551.61,0.03,699.29,0.98,551.61,0.97,699.29,0.99,1735.48,,,0.01,0.01,2327.482807,1776191911000
1776191912.889,212.889,0.01,1730.37,,,0.02,527.63,0.03,879.29,0.98,551.61,0.97,699.29,0.99,1735.48,,,0.01,0.01,2327.482807,1776191911000
1776191913.259,213.259,0.01,1713.6,,,0.02,489.63,0.03,867.07,0.98,527.63,0.97,879.29,0.99,1730.37,,,0.01,0.01,2327.482807,1776191911000
1776191913.856,213.856,0.01,1697.33,,,0.02,472.36,0.03,867.07,0.98,489.63,0.97,867.07,0.99,1713.6,,,0.01,0.01,2327.48814,1776191912000
1776191914.51,214.51,0.01,1416.6,,,0.02,449.36,0.03,867.07,0.98,472.36,0.97,867.07,0.99,1697.33,,,0.01,0.01,2327.48814,1776191913000
1776191915.005,215.005,0.01,1416.6,,,0.02,449.36,0.03,867.07,0.98,449.36,0.97,867.07,0.99,1416.6,,,0.01,0.01,2327.611356,1776191914000
1776191916.002,216.002,0.01,1279.08,,,0.02,622.82,0.03,867.07,0.98,622.82,0.97,867.07,0.99,1279.08,,,0.01,0.01,2327.618939,1776191915000
1776191917.186,217.186,0.01,1279.08,,,0.02,622.82,0.03,867.07,0.98,622.82,0.97,867.07,0.99,1279.08,,,0.01,0.01,2327.633787,1776191916000
1776191918.27,218.27,0.01,1279.08,,,0.02,622.82,0.03,867.07,0.98,622.82,0.97,867.07,0.99,1279.08,,,0.01,0.01,2327.628985,1776191917000
1776191918.885,218.885,0.01,1613.85,,,0.02,653.82,0.03,877.07,0.98,622.82,0.97,867.07,0.99,1279.08,,,0.01,0.01,2327.628985,1776191917000
1776191919.397,219.397,0.01,1551.45,,,0.02,833.82,0.03,697.07,0.98,833.82,0.97,697.07,0.99,1551.45,,,0.01,0.01,2327.663798,1776191918000
1776191919.915,219.915,0.01,1551.45,,,0.02,833.82,0.03,697.07,0.98,833.82,0.97,697.07,0.99,1551.45,,,0.01,0.01,2327.663305,1776191919000
1776191920.548,220.548,0.01,1346.45,,,0.02,860.82,0.03,680.07,0.98,833.82,0.97,697.07,0.99,1551.45,,,0.01,0.01,2327.663305,1776191919000
1776191920.936,220.936,0.01,626.68,,,0.02,924.81,0.03,768.29,0.98,860.82,0.97,680.07,0.99,1346.45,,,0.01,0.01,2327.663305,1776191919000
1776191921.233,221.233,0.01,597.43,,,0.02,924.81,0.03,768.29,0.98,929.81,0.97,768.29,0.99,598.45,,,0.01,0.01,2327.663567,1776191920000
1776191921.44,221.44,0.01,215.43,,,0.02,929.81,0.03,654.29,0.98,924.81,0.97,768.29,0.99,249.43,,,0.01,0.01,2327.663567,1776191920000
1776191921.734,221.734,,,,,0.02,919.81,0.03,662.07,0.98,924.81,0.97,639.29,0.99,55.66,,,,0.01,2327.663567,1776191920000
1776191921.98,221.98,,,,,0.02,919.81,0.03,662.07,0.98,919.81,0.97,662.07,,,,,,,2327.664014,1776191921000
1776191922.813,222.813,,,,,0.01,9604.7,0.02,811.35,0.98,919.81,0.97,662.07,,,,,,,2327.664014,1776191921000
1776191923.091,223.091,,,,,0.01,9604.7,0.02,811.35,0.99,9604.7,0.98,811.35,,,,,,,2327.390272,1776191922000
1776191924.049,224.049,,,,,0.01,9604.7,0.02,811.35,0.99,9604.7,0.98,811.35,,,,,,,2326.571297,1776191923000
1776191924.761,224.761,,,,,0.01,9732.35,0.02,823.57,0.99,9604.7,0.98,811.35,,,,,,,2326.571297,1776191923000
1776191925.224,225.224,,,,,0.01,9732.35,0.02,823.57,0.99,9732.35,0.98,823.57,,,,,,,2326.188688,1776191924000
1776191926.357,226.357,,,,,0.01,9732.35,0.02,823.57,0.99,9732.35,0.98,823.57,,,,,,,2326.208381,1776191925000
1776191926.876,226.876,,,,,0.01,9732.35,0.02,823.57,0.99,9732.35,0.98,823.57,,,,,,,2326.204656,1776191926000
1776191928.243,228.243,,,,,0.01,9732.35,0.02,823.57,0.99,9732.35,0.98,823.57,,,,,,,2326.403438,1776191927000
1776191929.023,229.023,,,,,0.01,9732.35,0.02,823.57,0.99,9732.35,0.98,823.57,,,,,,,2326.539637,1776191928000
1776191930.218,230.218,,,,,0.01,9732.35,0.02,823.57,0.99,9732.35,0.98,823.57,,,,,,,2326.79001,1776191929000
1776191931.316,231.316,,,,,0.01,9732.35,0.02,823.57,0.99,9732.35,0.98,823.57,,,,,,,2326.644527,1776191930000
1776191933.325,233.325,,,,,0.01,9732.35,0.02,823.57,0.99,9732.35,0.98,823.57,,,,,,,2326.596687,1776191932000
1776191934.459,234.459,,,,,0.01,9732.35,0.02,823.57,0.99,9732.35,0.98,823.57,,,,,,,2326.582477,1776191933000
1776191934.988,234.988,,,,,0.01,9732.35,0.02,823.57,0.99,9732.35,0.98,823.57,,,,,,,2326.6014,1776191934000
1776191936.153,236.153,,,,,0.01,9732.35,0.02,823.57,0.99,9732.35,0.98,823.57,,,,,,,2326.495138,1776191935000
1776191937.16,237.16,,,,,0.01,9732.35,0.02,823.57,0.99,9732.35,0.98,823.57,,,,,,,2326.46275,1776191936000
1776191938.262,238.262,,,,,0.01,9732.35,0.02,823.57,0.99,9732.35,0.98,823.57,,,,,,,2326.522095,1776191937000
1776191939.209,239.209,,,,,0.01,9732.35,0.02,823.57,0.99,9732.35,0.98,823.57,,,,,,,2326.464624,1776191938000
1776191940.297,240.297,,,,,0.01,9732.35,0.02,823.57,0.99,9732.35,0.98,823.57,,,,,,,2325.960511,1776191939000
1776191941.436,241.436,,,,,0.01,9732.35,0.02,823.57,0.99,9732.35,0.98,823.57,,,,,,,2325.59222,1776191940000
1776191942.005,242.005,,,,,0.01,9732.35,0.02,823.57,0.99,9732.35,0.98,823.57,,,,,,,2325.556765,1776191941000
1776191942.997,242.997,,,,,0.01,9732.35,0.02,823.57,0.99,9732.35,0.98,823.57,,,,,,,2325.15529,1776191942000
1776191944.032,244.032,,,,,0.01,9732.35,0.02,823.57,0.99,9732.35,0.98,823.57,,,,,,,2325.12115,1776191943000
1776191945.132,245.132,,,,,0.01,9732.35,0.02,823.57,0.99,9732.35,0.98,823.57,,,,,,,2325.08805,1776191944000
1776191946.184,246.184,,,,,0.01,9732.35,0.02,823.57,0.99,9732.35,0.98,823.57,,,,,,,2324.981083,1776191945000
1776191947.322,247.322,,,,,0.01,9732.35,0.02,823.57,0.99,9732.35,0.98,823.57,,,,,,,2325.2986,1776191946000
1776191948.167,248.167,,,,,0.01,9732.35,0.02,823.57,0.99,9732.35,0.98,823.57,,,,,,,2325.2478,1776191947000
1776191949.211,249.211,,,,,0.01,9732.35,0.02,823.57,0.99,9732.35,0.98,823.57,,,,,,,2325.056548,1776191948000
1776191950.25,250.25,,,,,0.01,9732.35,0.02,823.57,0.99,9732.35,0.98,823.57,,,,,,,2325.133524,1776191949000
1776191951.277,251.277,,,,,0.01,9732.35,0.02,823.57,0.99,9732.35,0.98,823.57,,,,,,,2324.997859,1776191950000
1776191952.29,252.29,,,,,0.01,9732.35,0.02,823.57,0.99,9732.35,0.98,823.57,,,,,,,2324.902712,1776191951000
1776191953.334,253.334,,,,,0.01,9732.35,0.02,823.57,0.99,9732.35,0.98,823.57,,,,,,,2324.78505,1776191952000
1776191954.374,254.374,,,,,0.01,9732.35,0.02,823.57,0.99,9732.35,0.98,823.57,,,,,,,2324.36755,1776191953000
1776191954.93,254.93,,,,,0.01,9732.35,0.02,823.57,0.99,9732.35,0.98,823.57,,,,,,,2324.18063,1776191954000
1776191956.077,256.077,,,,,0.01,9732.35,0.02,823.57,0.99,9732.35,0.98,823.57,,,,,,,2324.1226,1776191955000
1776191957.049,257.049,,,,,0.01,9732.35,0.02,823.57,0.99,9732.35,0.98,823.57,,,,,,,2324.209807,1776191956000
1776191958.049,258.049,,,,,0.01,9732.35,0.02,823.57,0.99,9732.35,0.98,823.57,,,,,,,2324.639893,1776191957000
1776191959.142,259.142,,,,,0.01,9732.35,0.02,823.57,0.99,9732.35,0.98,823.57,,,,,,,2324.672185,1776191958000
1776191960.251,260.251,,,,,0.01,9732.35,0.02,823.57,0.99,9732.35,0.98,823.57,,,,,,,2325.076369,1776191959000
1776191961.675,261.675,,,,,0.01,9732.35,0.02,823.57,0.99,9732.35,0.98,823.57,,,,,,,2324.619619,1776191960000
1776191962.241,262.241,,,,,0.01,9732.35,0.02,823.57,0.99,9732.35,0.98,823.57,,,,,,,2324.545497,1776191961000
1776191963.356,263.356,,,,,0.01,9732.35,0.02,823.57,0.99,9732.35,0.98,823.57,,,,,,,2324.823447,1776191962000
1776191964.072,264.072,,,,,0.01,9732.35,0.02,823.57,0.99,9732.35,0.98,823.57,,,,,,,2325.060304,1776191963000
1776191965.136,265.136,,,,,0.01,9732.35,0.02,823.57,0.99,9732.35,0.98,823.57,,,,,,,2325.129775,1776191964000
1776191966.296,266.296,,,,,0.01,9732.35,0.02,823.57,0.99,9732.35,0.98,823.57,,,,,,,2325.026992,1776191965000
1776191967.427,267.427,,,,,0.01,9732.35,0.02,823.57,0.99,9732.35,0.98,823.57,,,,,,,2325.05141,1776191966000
1776191968.12,268.12,,,,,0.01,9732.35,0.02,823.57,0.99,9732.35,0.98,823.57,,,,,,,2325.057245,1776191967000
1776191969.184,269.184,,,,,0.01,9732.35,0.02,823.57,0.99,9732.35,0.98,823.57,,,,,,,2325.552207,1776191968000
1776191970.37,270.37,,,,,0.01,9732.35,0.02,823.57,0.99,9732.35,0.98,823.57,,,,,,,2325.713055,1776191969000
1776191971.095,271.095,,,,,0.01,9732.35,0.02,823.57,0.99,9732.35,0.98,823.57,,,,,,,2325.71461,1776191970000
1776191972.241,272.241,,,,,0.01,9732.35,0.02,823.57,0.99,9732.35,0.98,823.57,,,,,,,2325.991538,1776191971000
1776191972.748,272.748,,,,,0.01,15517.08,0.02,679.69,0.99,9732.35,0.98,823.57,,,,,,,2325.991538,1776191971000
1776191973.282,273.282,,,,,0.01,15517.08,0.02,679.69,0.99,15517.08,0.98,679.69,,,,,,,2326.187585,1776191972000
1776191974.339,274.339,,,,,0.01,15517.08,0.02,679.69,0.99,15517.08,0.98,679.69,,,,,,,2325.50185,1776191973000
1776191974.931,274.931,,,,,0.01,15517.08,0.02,679.69,0.99,15517.08,0.98,679.69,,,,,,,2325.483725,1776191974000
1776191976.456,276.456,,,,,0.01,15517.08,0.02,679.69,0.99,15517.08,0.98,679.69,,,,,,,2325.39494,1776191975000
1776191977.6,277.6,,,,,0.01,15517.08,0.02,679.69,0.99,15517.08,0.98,679.69,,,,,,,2325.351555,1776191976000
1776191978.029,278.029,,,,,0.01,15517.08,0.02,679.69,0.99,15517.08,0.98,679.69,,,,,,,2325.483949,1776191977000
1776191979.063,279.063,,,,,0.01,15517.08,0.02,679.69,0.99,15517.08,0.98,679.69,,,,,,,2325.502165,1776191978000
1776191980.136,280.136,,,,,0.01,15517.08,0.02,679.69,0.99,15517.08,0.98,679.69,,,,,,,2325.49407,1776191979000
1776191981.21,281.21,,,,,0.01,15517.08,0.02,679.69,0.99,15517.08,0.98,679.69,,,,,,,2325.546575,1776191980000
1776191982.289,282.289,,,,,0.01,15517.08,0.02,679.69,0.99,15517.08,0.98,679.69,,,,,,,2326.067788,1776191981000
1776191983.283,283.283,,,,,0.01,15517.08,0.02,679.69,0.99,15517.08,0.98,679.69,,,,,,,2326.464432,1776191982000
1776191983.749,283.749,0.001,318.99,,,0.002,10.0,0.009,400.0,0.99,15517.08,0.98,679.69,,,,,0.001,,2326.464432,1776191982000
1776191984.095,284.095,0.001,308.99,,,0.002,10.0,0.009,400.0,0.998,10.0,0.991,400.0,0.999,318.99,,,0.001,0.001,2326.464432,1776191982000
1776191984.364,284.364,0.001,302.98,,,0.009,400.0,0.01,8022.16,0.991,400.0,0.99,7999.71,0.999,307.98,,,0.008,0.008,2326.696105,1776191983000
1776191984.772,284.772,0.001,291.47,,,0.009,400.0,0.01,8012.16,0.991,400.0,0.99,8017.16,0.999,292.98,,,0.008,0.008,2326.696105,1776191983000
1776191985.254,285.254,0.001,291.47,,,0.009,400.0,0.01,8012.16,0.991,400.0,0.99,8012.16,0.999,291.47,,,0.008,0.008,2326.622215,1776191984000
1776191985.489,285.489,0.001,286.47,,,0.009,400.0,0.01,8047.16,0.991,400.0,0.99,8012.16,0.999,291.47,,,0.008,0.008,2326.622215,1776191984000
1776191986.222,286.222,0.001,236.43,,,0.009,400.0,0.01,8042.16,0.991,400.0,0.99,8042.16,0.999,236.43,,,0.008,0.008,2326.804738,1776191985000
1776191986.506,286.506,0.001,250.44,,,0.009,400.0,0.01,8037.16,0.991,400.0,0.99,8042.16,0.999,236.43,,,0.008,0.008,2326.804738,1776191985000
1776191987.177,287.177,0.001,250.44,,,0.009,400.0,0.01,8037.16,0.991,400.0,0.99,8037.16,0.999,250.44,,,0.008,0.008,2326.939302,1776191986000
1776191988.269,288.269,0.001,250.44,,,0.009,400.0,0.01,8037.16,0.991,400.0,0.99,8037.16,0.999,250.44,,,0.008,0.008,2327.056735,1776191987000
1776191988.502,288.502,0.001,220.4,,,0.009,424.0,0.01,8087.67,0.991,400.0,0.99,8037.16,0.999,250.44,,,0.008,0.008,2327.056735,1776191987000
1776191989.372,289.372,0.001,185.36,,,0.009,424.0,0.01,8087.67,0.991,424.0,0.99,8087.67,0.999,185.36,,,0.008,0.008,2327.075465,1776191988000
1776191990.504,290.504,0.001,179.37,,,0.009,481.0,0.01,8102.72,0.991,424.0,0.99,8087.67,0.999,185.36,,,0.008,0.008,2327.075465,1776191988000
1776191990.853,290.853,0.001,179.37,,,0.009,481.0,0.01,8102.72,0.991,481.0,0.99,8102.72,0.999,179.37,,,0.008,0.008,2327.35749,1776191989000
1776191991.318,291.318,0.001,179.37,,,0.009,481.0,0.01,8102.72,0.991,481.0,0.99,8102.72,0.999,179.37,,,0.008,0.008,2327.35749,1776191990000
1776191991.715,291.715,0.001,159.52,,,0.009,481.0,0.01,8092.72,0.991,481.0,0.99,8102.72,0.999,179.37,,,0.008,0.008,2327.35749,1776191990000
1776191992.306,292.306,0.001,144.39,,,0.009,481.0,0.01,8047.72,0.991,481.0,0.99,8047.72,0.999,144.39,,,0.008,0.008,2327.26655,1776191991000
1776191993.227,293.227,0.001,134.39,,,0.009,481.0,0.01,8047.77,0.991,481.0,0.99,8047.72,0.999,144.39,,,0.008,0.008,2327.26655,1776191991000
1776191993.998,293.998,0.001,134.39,,,0.009,481.0,0.01,8047.77,0.991,481.0,0.99,8047.77,0.999,134.39,,,0.008,0.008,2327.258045,1776191993000
1776191994.905,294.905,0.001,134.39,,,0.009,481.0,0.01,8047.77,0.991,481.0,0.99,8047.77,0.999,134.39,,,0.008,0.008,2327.051763,1776191994000
1776191995.664,295.664,0.001,84.39,,,0.009,491.0,0.01,9665.17,0.991,481.0,0.99,8047.77,0.999,134.39,,,0.008,0.008,2327.051763,1776191994000
1776191995.987,295.987,0.001,84.39,,,0.009,491.0,0.01,9665.17,0.991,491.0,0.99,9665.17,0.999,84.39,,,0.008,0.008,2326.86695,1776191995000
1776191996.262,296.262,,,,,0.001,425.61,0.009,491.0,0.991,491.0,0.99,9665.17,0.999,84.39,,,,0.008,2326.86695,1776191995000
1776191996.93,296.93,,,,,0.001,425.61,0.009,491.0,0.999,425.61,0.991,491.0,,,,,,,2326.772315,1776191996000
1776191997.853,297.853,,,,,0.001,425.61,0.009,491.0,0.999,425.61,0.991,491.0,,,,,,,2326.76889,1776191997000
1776191999.371,299.371,,,,,0.001,425.61,0.009,491.0,0.999,425.61,0.991,491.0,,,,,,,2326.89229,1776191998000
1776192000.284,300.284,,,,,0.001,425.61,0.009,491.0,0.999,425.61,0.991,491.0,,,,,,,2327.12632,1776191999000
1776192000.502,300.502,,,,,0.001,23004.2,0.009,501.0,0.999,23024.2,0.991,501.0,,,,,,,2327.12632,1776191999000

# RESULT,winner=Down,slug=eth-updown-5m-1776191700,ticks=499
