timestamp,elapsed_sec,up_bid_p1,up_bid_s1,up_bid_p2,up_bid_s2,up_ask_p1,up_ask_s1,up_ask_p2,up_ask_s2,down_bid_p1,down_bid_s1,down_bid_p2,down_bid_s2,down_ask_p1,down_ask_s1,down_ask_p2,down_ask_s2,up_spread,down_spread,eth_price,eth_oracle_ts
1776376201.278,1.278,0.52,10.0,0.51,15.0,0.54,88.88,0.55,83.0,0.46,104.56,0.4,5.0,0.48,197.11,0.49,15.0,0.02,0.02,2341.491659,1776376200000
1776376202.339,2.339,0.52,7.75,0.51,15.0,0.53,19.0,0.54,93.88,0.46,88.88,0.45,83.0,0.48,10.0,0.49,15.0,0.01,0.02,2341.498699,1776376201000
1776376202.661,2.661,0.52,3.75,0.51,15.0,0.53,24.0,0.54,93.88,0.47,19.0,0.46,93.88,0.48,7.75,0.49,15.0,0.01,0.01,2341.498699,1776376201000
1776376203.267,3.267,0.51,13.75,0.5,85.71,0.53,24.0,0.54,93.88,0.47,24.0,0.46,93.88,0.48,3.75,0.49,15.0,0.02,0.01,2341.498699,1776376201000
1776376203.983,3.983,0.51,13.75,0.5,80.71,0.52,2.88,0.53,17.64,0.47,17.64,0.46,93.88,0.49,13.75,0.5,85.71,0.01,0.02,2341.506885,1776376203000
1776376205.211,5.211,0.51,13.75,0.5,85.71,0.52,16.88,0.53,24.0,0.48,2.88,0.47,17.64,0.49,13.75,0.5,80.71,0.01,0.01,2341.506885,1776376203000
1776376206.061,6.061,0.51,13.75,0.5,85.71,0.52,11.88,0.53,34.0,0.48,16.88,0.47,24.0,0.49,13.75,0.5,85.71,0.01,0.01,2341.565744,1776376204000
1776376206.589,6.589,0.51,13.75,0.5,85.71,0.52,16.88,0.53,29.0,0.48,11.88,0.47,34.0,0.49,13.75,0.5,85.71,0.01,0.01,2341.565744,1776376204000
1776376210.538,10.538,0.51,29.25,0.5,80.71,0.52,37.38,0.53,28.0,0.48,16.88,0.47,29.0,0.49,13.75,0.5,85.71,0.01,0.01,2341.509603,1776376209000
1776376210.804,10.804,0.51,24.25,0.5,85.71,0.52,46.5,0.53,28.0,0.48,37.38,0.47,28.0,0.49,29.25,0.5,80.71,0.01,0.01,2341.509603,1776376209000
1776376211.1,11.1,0.51,24.25,0.5,85.71,0.52,44.57,0.53,28.0,0.48,46.5,0.47,28.0,0.49,24.25,0.5,85.71,0.01,0.01,2341.509603,1776376210000
1776376216.072,16.072,0.51,3.59,0.5,85.71,0.52,100.55,0.53,38.5,0.48,44.57,0.47,28.0,0.49,24.25,0.5,85.71,0.01,0.01,2341.441149,1776376215000
1776376216.587,16.587,0.5,85.71,0.49,25.5,0.52,105.55,0.53,38.5,0.48,100.55,0.47,38.5,0.49,3.59,0.5,85.71,0.02,0.01,2341.441149,1776376215000
1776376217.221,17.221,0.5,80.71,0.49,15.5,0.51,50.5,0.52,95.55,0.48,105.55,0.47,38.5,0.5,85.71,0.51,25.5,0.01,0.02,2341.441149,1776376215000
1776376218.739,18.739,0.5,50.71,0.49,10.5,0.51,94.5,0.52,87.55,0.49,50.5,0.48,95.55,0.5,80.71,0.51,15.5,0.01,0.01,2341.436403,1776376217000
1776376220.093,20.093,0.5,33.29,0.48,20.5,0.51,138.69,0.52,57.55,0.49,94.5,0.48,87.55,0.5,50.71,0.51,10.5,0.01,0.01,2341.44205,1776376218000
1776376221.093,21.093,0.5,30.11,0.48,20.5,0.51,138.69,0.52,57.55,0.49,138.69,0.48,57.55,0.5,33.29,0.52,20.5,0.01,0.01,2341.468147,1776376220000
1776376222.159,22.159,0.48,10.0,0.47,15.5,0.51,200.69,0.52,127.55,0.49,138.69,0.48,57.55,0.5,30.11,0.52,20.5,0.03,0.01,2341.468147,1776376220000
1776376224.463,24.463,0.48,10.5,0.47,18.5,0.5,38.62,0.51,166.69,0.49,200.69,0.48,127.55,0.52,10.0,0.53,15.5,0.02,0.03,2341.393765,1776376223000
1776376224.847,24.847,0.48,10.5,0.47,18.5,0.49,17.0,0.5,48.62,0.5,38.62,0.49,166.69,0.52,10.5,0.53,18.5,0.01,0.02,2341.393765,1776376223000
1776376228.133,28.133,0.47,49.25,0.46,38.5,0.48,15.0,0.49,30.5,0.51,17.0,0.5,48.62,0.52,8.57,0.53,18.5,0.01,0.01,2341.370836,1776376226000
1776376228.759,28.759,0.47,64.25,0.46,38.5,0.48,10.01,0.49,20.0,0.52,15.0,0.51,30.5,0.53,49.25,0.54,38.5,0.01,0.01,2341.368683,1776376227000
1776376235.255,35.255,0.47,31.5,0.46,53.5,0.48,22.92,0.49,20.0,0.52,10.01,0.51,20.0,0.53,64.25,0.54,38.5,0.01,0.01,2341.37006,1776376234000
1776376237.537,37.537,0.47,38.5,0.46,53.5,0.48,18.75,0.49,20.0,0.52,22.92,0.51,20.0,0.53,31.5,0.54,53.5,0.01,0.01,2341.374266,1776376236000
1776376238.478,38.478,0.47,56.25,0.46,43.5,0.48,23.75,0.49,20.0,0.52,18.75,0.51,20.0,0.53,38.5,0.54,53.5,0.01,0.01,2341.375856,1776376237000
1776376243.693,43.693,0.47,46.5,0.46,53.5,0.48,33.46,0.49,20.0,0.52,23.75,0.51,20.0,0.53,56.25,0.54,43.5,0.01,0.01,2341.293859,1776376242000
1776376246.512,46.512,0.47,68.5,0.46,53.5,0.48,15.96,0.49,30.5,0.52,33.46,0.51,20.0,0.53,46.5,0.54,53.5,0.01,0.01,2341.329292,1776376245000
1776376249.288,49.288,0.47,98.5,0.46,53.5,0.48,13.46,0.49,20.0,0.52,15.96,0.51,30.5,0.53,68.5,0.54,53.5,0.01,0.01,2341.329732,1776376247000
1776376259.018,59.018,0.47,77.5,0.46,268.5,0.48,13.46,0.49,30.0,0.52,13.46,0.51,20.0,0.53,98.5,0.54,53.5,0.01,0.01,2341.356271,1776376257000
1776376259.54,59.54,0.47,153.5,0.46,268.5,0.49,20.0,0.5,248.62,0.52,13.46,0.51,30.0,0.53,77.5,0.54,268.5,0.02,0.01,2341.342733,1776376258000
1776376260.744,60.744,0.49,179.16,0.48,83.5,0.5,214.34,0.51,80.19,0.5,241.34,0.49,80.19,0.51,28.16,0.52,75.5,0.01,0.01,2341.361669,1776376259000
1776376261.94,61.94,0.49,179.16,0.48,108.5,0.5,198.0,0.51,10.19,0.5,214.34,0.49,80.19,0.51,179.16,0.52,83.5,0.01,0.01,2341.36628,1776376260000
1776376262.458,62.458,0.49,136.82,0.48,145.78,0.5,196.0,0.51,10.19,0.5,196.0,0.49,10.19,0.51,151.96,0.52,145.78,0.01,0.01,2341.430419,1776376261000
1776376263.175,63.175,0.49,131.82,0.48,145.78,0.51,6.26,0.52,15.05,0.5,196.0,0.49,10.19,0.51,136.82,0.52,145.78,0.02,0.01,2341.525233,1776376262000
1776376263.411,63.411,0.5,94.5,0.49,113.82,0.51,1.26,0.52,215.05,0.49,6.26,0.48,215.05,0.5,89.5,0.51,68.82,0.01,0.01,2341.525233,1776376262000
1776376263.682,63.682,0.51,6.74,0.5,111.5,0.52,215.05,0.53,15.5,0.49,1.26,0.48,215.05,0.5,94.5,0.51,113.82,0.01,0.01,2341.525233,1776376262000
1776376264.211,64.211,0.51,106.24,0.5,65.5,0.52,147.35,0.53,15.5,0.48,215.05,0.47,15.5,0.49,6.74,0.5,111.5,0.01,0.01,2341.525233,1776376262000
1776376264.909,64.909,0.51,106.24,0.5,65.5,0.52,140.75,0.53,15.5,0.48,147.35,0.47,15.5,0.49,106.24,0.5,65.5,0.01,0.01,2341.61125,1776376264000
1776376265.264,65.264,0.51,113.24,0.5,65.5,0.52,113.25,0.53,15.5,0.48,140.75,0.47,15.5,0.49,106.24,0.5,65.5,0.01,0.01,2341.61125,1776376264000
1776376268.137,68.137,0.51,105.41,0.5,54.9,0.52,113.25,0.53,15.5,0.48,113.25,0.47,15.5,0.49,113.24,0.5,65.5,0.01,0.01,2341.561325,1776376266000
1776376269.578,69.578,0.51,103.36,0.5,54.9,0.52,113.25,0.53,15.5,0.48,113.25,0.47,15.5,0.49,105.41,0.5,54.9,0.01,0.01,2341.54509,1776376268000
1776376271.119,71.119,0.51,101.31,0.5,54.9,0.52,113.25,0.53,15.5,0.48,113.25,0.47,15.5,0.49,103.36,0.5,54.9,0.01,0.01,2341.544975,1776376269000
1776376279.592,79.592,0.5,200.0,0.49,75.0,0.52,115.25,0.53,93.5,0.48,113.25,0.47,15.5,0.49,101.31,0.5,54.9,0.02,0.01,2341.52238,1776376278000
1776376279.899,79.899,0.47,6.22,0.46,61.5,0.48,15.5,0.49,107.25,0.51,10.0,0.5,10.0,0.53,11.22,0.54,61.5,0.01,0.02,2341.52238,1776376278000
1776376282.023,82.023,0.45,15.0,0.44,135.5,0.47,89.37,0.48,39.0,0.52,23.0,0.51,105.5,0.53,6.22,0.54,61.5,0.02,0.01,2341.407145,1776376281000
1776376284.365,84.365,0.44,134.8,0.43,90.0,0.46,50.0,0.47,133.37,0.54,5.0,0.53,143.37,0.55,1.4,0.56,135.5,0.02,0.01,2341.284608,1776376283000
1776376285.052,85.052,0.44,62.5,0.43,100.5,0.45,112.33,0.46,96.07,0.54,50.0,0.53,133.37,0.56,134.8,0.57,90.0,0.01,0.02,2341.284608,1776376283000
1776376288.659,88.659,0.4,60.66,0.39,20.0,0.44,20.5,0.45,247.83,0.55,112.33,0.54,96.07,0.56,62.5,0.57,100.5,0.04,0.01,2341.214124,1776376287000
1776376289.036,89.036,0.36,13.46,0.35,10.0,0.38,161.5,0.39,162.25,0.61,38.0,0.58,177.39,0.62,25.5,0.63,57.0,0.02,0.01,2341.202364,1776376288000
1776376289.528,89.528,0.35,11.42,0.34,15.0,0.36,111.54,0.37,15.0,0.64,36.54,0.62,161.5,0.65,6.0,0.66,15.0,0.01,0.01,2341.202364,1776376288000
1776376289.885,89.885,0.35,11.42,0.34,15.0,0.36,105.98,0.37,15.0,0.64,111.54,0.63,15.0,0.65,11.42,0.66,15.0,0.01,0.01,2341.202364,1776376288000
1776376291.243,91.243,0.35,11.8,0.34,58.41,0.36,113.98,0.37,15.0,0.64,105.98,0.63,15.0,0.65,11.42,0.66,15.0,0.01,0.01,2340.90385,1776376290000
1776376293.24,93.24,0.35,16.8,0.34,58.41,0.36,111.98,0.37,20.5,0.64,113.98,0.63,15.0,0.65,11.8,0.66,58.41,0.01,0.01,2340.788759,1776376292000
1776376294.256,94.256,0.34,68.18,0.33,23.0,0.36,121.98,0.37,20.5,0.64,111.98,0.63,20.5,0.65,10.8,0.66,58.41,0.02,0.01,2340.771264,1776376293000
1776376295.161,95.161,0.34,22.34,0.33,15.0,0.35,145.2,0.36,50.98,0.64,121.98,0.63,20.5,0.66,68.18,0.67,23.0,0.01,0.02,2340.768294,1776376294000
1776376295.517,95.517,0.34,15.02,0.33,42.0,0.35,139.0,0.36,60.98,0.65,145.2,0.64,50.98,0.66,22.34,0.67,15.0,0.01,0.01,2340.768294,1776376294000
1776376295.729,95.729,0.34,8.52,0.33,15.0,0.35,155.0,0.36,60.98,0.65,139.0,0.64,60.98,0.66,15.02,0.67,42.0,0.01,0.01,2340.768294,1776376294000
1776376295.96,95.96,0.34,1.41,0.33,15.0,0.35,109.0,0.36,50.98,0.65,155.0,0.64,60.98,0.66,8.52,0.67,15.0,0.01,0.01,2340.755665,1776376295000
1776376297.903,97.903,0.33,46.59,0.32,56.0,0.34,73.0,0.35,141.0,0.65,109.0,0.64,50.98,0.67,14.89,0.68,56.0,0.01,0.02,2340.7274,1776376297000
1776376298.203,98.203,0.33,21.7,0.32,66.0,0.34,73.0,0.35,131.0,0.66,73.0,0.65,131.0,0.67,39.59,0.68,56.0,0.01,0.01,2340.7274,1776376297000
1776376298.729,98.729,0.33,14.2,0.32,76.5,0.34,65.64,0.35,131.0,0.66,73.0,0.65,131.0,0.67,14.2,0.68,66.5,0.01,0.01,2340.7274,1776376297000
1776376299.333,99.333,0.33,14.2,0.32,66.5,0.34,62.4,0.35,138.0,0.66,65.64,0.65,131.0,0.67,14.2,0.68,76.5,0.01,0.01,2340.73492,1776376298000
1776376302.971,102.971,0.33,38.19,0.32,33.5,0.34,87.0,0.35,138.0,0.66,62.4,0.65,138.0,0.67,14.2,0.68,66.5,0.01,0.01,2340.72118,1776376301000
1776376304.21,104.21,0.33,20.21,0.32,33.0,0.34,87.0,0.35,146.0,0.66,87.0,0.65,138.0,0.67,38.19,0.68,33.5,0.01,0.01,2340.72712,1776376303000
1776376304.909,104.909,0.34,25.19,0.33,53.74,0.35,61.0,0.36,28.0,0.66,82.0,0.65,151.0,0.67,1.21,0.68,33.0,0.01,0.01,2340.72712,1776376303000
1776376305.128,105.128,0.34,115.69,0.33,45.74,0.37,142.85,0.38,10.0,0.65,41.0,0.64,18.0,0.66,105.69,0.67,45.74,0.03,0.01,2340.72558,1776376304000
1776376305.389,105.389,0.36,106.5,0.35,82.4,0.37,129.87,0.39,38.0,0.63,134.87,0.61,38.0,0.64,94.5,0.65,92.4,0.01,0.01,2340.72558,1776376304000
1776376305.624,105.624,0.38,15.0,0.37,15.0,0.39,10.4,0.4,5.0,0.61,18.1,0.6,105.0,0.64,176.5,0.65,200.27,0.01,0.03,2340.72558,1776376304000
1776376306.22,106.22,0.41,107.89,0.4,145.5,0.43,35.0,0.44,60.0,0.59,25.0,0.58,50.0,0.62,32.0,0.63,15.0,0.02,0.03,2340.74903,1776376305000
1776376308.189,108.189,0.43,81.95,0.42,105.5,0.44,50.0,0.45,38.8,0.57,35.0,0.56,60.0,0.58,66.5,0.59,174.39,0.01,0.01,2341.036625,1776376306000
1776376309.762,109.762,0.43,7.55,0.42,75.0,0.44,27.0,0.45,20.5,0.56,50.0,0.55,38.8,0.57,81.95,0.58,105.5,0.01,0.01,2341.212379,1776376308000
1776376310.005,110.005,0.43,7.55,0.42,75.0,0.44,24.72,0.45,25.5,0.56,27.0,0.55,20.5,0.57,7.55,0.58,75.0,0.01,0.01,2341.241965,1776376309000
1776376311.138,111.138,0.43,2.55,0.42,70.0,0.44,37.5,0.45,25.5,0.56,24.72,0.55,25.5,0.57,7.55,0.58,75.0,0.01,0.01,2341.264363,1776376310000
1776376311.388,111.388,0.42,67.77,0.41,25.0,0.44,37.5,0.45,25.5,0.56,37.5,0.55,25.5,0.57,0.79,0.58,70.0,0.02,0.01,2341.264363,1776376310000
1776376312.77,112.77,0.41,5.0,0.39,10.0,0.42,80.5,0.43,40.5,0.56,37.5,0.55,25.5,0.58,67.77,0.59,25.0,0.01,0.02,2341.230704,1776376311000
1776376314.227,114.227,0.37,29.9,0.36,51.1,0.38,34.36,0.39,15.0,0.6,15.0,0.59,15.0,0.63,9.4,0.64,46.1,0.01,0.03,2341.187718,1776376312000
1776376314.868,114.868,0.37,101.07,0.36,61.1,0.38,29.22,0.39,15.0,0.62,34.36,0.61,15.0,0.63,29.9,0.64,51.1,0.01,0.01,2341.174826,1776376313000
1776376315.427,115.427,0.37,101.07,0.36,61.1,0.38,21.22,0.39,15.0,0.62,29.22,0.61,15.0,0.63,101.07,0.64,61.1,0.01,0.01,2341.162746,1776376314000
1776376319.028,119.028,0.37,71.5,0.36,50.6,0.38,31.22,0.39,20.0,0.62,21.22,0.61,15.0,0.63,101.07,0.64,61.1,0.01,0.01,2341.132639,1776376317000
1776376319.429,119.429,0.37,44.33,0.36,25.0,0.38,95.72,0.39,100.5,0.62,31.22,0.61,20.0,0.63,71.5,0.64,50.6,0.01,0.01,2341.127722,1776376318000
1776376319.724,119.724,0.37,36.64,0.36,25.0,0.38,53.72,0.39,100.5,0.62,95.72,0.61,100.5,0.63,44.33,0.64,25.0,0.01,0.01,2341.127722,1776376318000
1776376320.051,120.051,0.37,31.64,0.36,25.0,0.38,79.72,0.39,100.5,0.62,53.72,0.61,100.5,0.63,36.64,0.64,25.0,0.01,0.01,2341.127722,1776376318000
1776376323.719,123.719,0.41,10.0,0.39,289.32,0.44,21.56,0.45,35.0,0.62,79.72,0.61,100.5,0.63,31.64,0.64,25.0,0.03,0.01,2341.044401,1776376322000
1776376324.096,124.096,0.45,81.83,0.44,10.0,0.46,11.98,0.47,45.5,0.54,10.9,0.53,51.0,0.55,2.83,0.56,16.36,0.01,0.01,2341.044401,1776376322000
1776376324.584,124.584,0.45,81.83,0.44,10.0,0.46,26.98,0.47,45.5,0.54,11.98,0.53,45.5,0.55,81.83,0.56,10.0,0.01,0.01,2341.025317,1776376323000
1776376325.015,125.015,0.45,46.83,0.44,35.0,0.46,21.0,0.47,45.5,0.54,26.98,0.53,45.5,0.55,81.83,0.56,10.0,0.01,0.01,2341.025317,1776376323000
1776376325.352,125.352,0.45,137.33,0.44,25.5,0.47,20.0,0.48,75.0,0.54,21.0,0.53,45.5,0.55,46.83,0.56,35.0,0.02,0.01,2341.025317,1776376323000
1776376325.754,125.754,0.47,114.0,0.46,145.0,0.5,10.0,0.51,65.0,0.53,10.0,0.52,75.0,0.55,127.33,0.56,25.5,0.03,0.02,2341.347445,1776376324000
1776376325.996,125.996,0.48,189.0,0.47,115.0,0.49,18.45,0.5,10.0,0.5,10.0,0.49,65.0,0.53,114.0,0.54,145.0,0.01,0.03,2341.347445,1776376324000
1776376326.34,126.34,0.48,189.0,0.47,110.0,0.49,9.95,0.5,10.0,0.51,18.45,0.5,10.0,0.52,189.0,0.53,115.0,0.01,0.01,2341.43218,1776376325000
1776376329.058,129.058,0.49,141.62,0.48,135.0,0.5,15.12,0.51,20.0,0.51,2.79,0.5,10.0,0.52,199.0,0.53,110.0,0.01,0.01,2341.531725,1776376327000
1776376332.339,132.339,0.49,156.62,0.48,144.4,0.5,5.5,0.51,15.0,0.5,15.12,0.49,20.0,0.51,141.62,0.52,135.0,0.01,0.01,2341.548455,1776376331000
1776376334.907,134.907,0.49,171.02,0.48,144.4,0.5,0.5,0.51,15.0,0.5,5.5,0.49,15.0,0.51,156.62,0.52,144.4,0.01,0.01,2341.587734,1776376333000
1776376338.666,138.666,0.49,143.4,0.48,344.4,0.51,5.0,0.52,15.0,0.5,0.5,0.49,15.0,0.51,171.02,0.52,144.4,0.02,0.01,2341.584824,1776376337000
1776376342.036,142.036,0.5,116.28,0.49,304.4,0.51,15.5,0.52,15.0,0.49,5.0,0.48,15.0,0.51,143.4,0.52,344.4,0.01,0.02,2341.579046,1776376340000
1776376349.008,149.008,0.5,191.28,0.49,274.4,0.56,51.33,0.57,100.0,0.49,15.5,0.48,15.0,0.5,116.28,0.51,304.4,0.06,0.01,2341.594223,1776376348000
1776376349.788,149.788,0.53,99.0,0.52,20.0,0.54,10.5,0.55,18.25,0.44,51.33,0.43,100.0,0.5,191.28,0.51,274.4,0.01,0.06,2341.594223,1776376348000
1776376351.722,151.722,0.54,108.28,0.53,65.0,0.56,55.49,0.57,100.0,0.45,18.25,0.44,81.32,0.47,99.0,0.48,20.0,0.02,0.02,2341.594554,1776376350000
1776376357.5,157.5,0.54,86.1,0.53,20.0,0.55,15.5,0.56,60.49,0.44,55.49,0.43,100.0,0.46,108.28,0.47,65.0,0.01,0.02,2341.602222,1776376356000
1776376359.392,159.392,0.54,103.92,0.53,20.0,0.55,15.5,0.56,50.49,0.45,15.5,0.44,60.49,0.46,86.1,0.47,20.0,0.01,0.01,2341.590148,1776376358000
1776376360.16,160.16,0.54,97.92,0.53,30.0,0.55,15.5,0.56,50.49,0.45,15.5,0.44,50.49,0.46,103.92,0.47,20.0,0.01,0.01,2341.585028,1776376359000
1776376360.79,160.79,0.54,97.92,0.53,397.36,0.55,14.14,0.56,50.49,0.45,15.5,0.44,50.49,0.46,97.92,0.47,30.0,0.01,0.01,2341.585028,1776376359000
1776376362.309,162.309,0.54,70.74,0.53,397.36,0.55,83.14,0.56,50.49,0.45,14.14,0.44,50.49,0.46,97.92,0.47,397.36,0.01,0.01,2341.58758,1776376361000
1776376364.665,164.665,0.54,65.74,0.53,407.36,0.55,81.32,0.56,43.25,0.45,83.14,0.44,50.49,0.46,70.74,0.47,397.36,0.01,0.01,2341.589783,1776376363000
1776376365.744,165.744,0.54,65.74,0.53,407.36,0.55,79.5,0.56,37.5,0.45,81.32,0.44,43.25,0.46,65.74,0.47,407.36,0.01,0.01,2341.584781,1776376364000
1776376369.517,169.517,0.54,70.74,0.53,407.86,0.55,74.0,0.56,48.0,0.45,79.5,0.44,37.5,0.46,65.74,0.47,407.36,0.01,0.01,2341.579651,1776376368000
1776376372.269,172.269,0.54,49.46,0.53,218.68,0.55,100.22,0.56,48.0,0.45,74.0,0.44,48.0,0.46,70.74,0.47,407.86,0.01,0.01,2341.587127,1776376370000
1776376373.43,173.43,0.54,44.46,0.53,218.68,0.55,89.72,0.56,37.5,0.45,100.22,0.44,48.0,0.46,49.46,0.47,218.68,0.01,0.01,2341.578525,1776376372000
1776376374.157,174.157,0.54,69.46,0.53,218.68,0.55,109.72,0.56,48.0,0.45,89.72,0.44,37.5,0.46,41.46,0.47,218.68,0.01,0.01,2341.569744,1776376373000
1776376380.728,180.728,0.54,47.69,0.53,253.68,0.55,119.72,0.56,30.5,0.45,104.72,0.44,48.0,0.46,69.46,0.47,218.68,0.01,0.01,2341.563615,1776376379000
1776376383.565,183.565,0.54,27.5,0.53,253.68,0.55,79.72,0.56,25.5,0.45,84.72,0.44,30.5,0.46,32.69,0.47,253.68,0.01,0.01,2341.591356,1776376382000
1776376385.956,185.956,0.54,5.5,0.53,263.68,0.55,110.72,0.56,41.5,0.45,79.72,0.44,25.5,0.46,27.5,0.47,253.68,0.01,0.01,2341.588501,1776376384000
1776376389.16,189.16,0.54,25.32,0.53,254.18,0.55,85.72,0.56,25.5,0.45,110.72,0.44,41.5,0.46,5.5,0.47,263.68,0.01,0.01,2341.583367,1776376388000
1776376390.973,190.973,0.54,20.5,0.53,274.18,0.55,107.08,0.56,30.5,0.45,85.72,0.44,25.5,0.46,25.32,0.47,254.18,0.01,0.01,2341.585693,1776376390000
1776376393.464,193.464,0.54,15.5,0.53,284.18,0.55,107.08,0.56,30.5,0.45,107.08,0.44,30.5,0.46,20.5,0.47,274.18,0.01,0.01,2341.591848,1776376392000
1776376396.824,196.824,0.53,248.68,0.52,50.0,0.55,238.0,0.56,75.5,0.45,107.08,0.44,30.5,0.46,15.5,0.47,284.18,0.02,0.01,2341.611975,1776376395000
1776376397.035,197.035,0.53,198.58,0.52,50.0,0.54,15.0,0.55,243.0,0.46,10.0,0.45,243.0,0.47,203.58,0.48,50.0,0.01,0.01,2341.624189,1776376396000
1776376397.309,197.309,0.53,142.78,0.52,50.0,0.54,20.0,0.55,118.75,0.46,20.0,0.45,118.75,0.47,164.06,0.48,50.0,0.01,0.01,2341.624189,1776376396000
1776376399.107,199.107,0.51,5.0,0.5,2.8,0.52,93.5,0.53,63.25,0.46,95.0,0.45,108.75,0.5,2.8,0.51,110.0,0.01,0.04,2341.55739,1776376398000
1776376400.695,200.695,0.5,2.8,0.49,45.5,0.52,68.5,0.53,55.5,0.48,93.5,0.47,63.25,0.49,5.0,0.5,2.8,0.02,0.01,2341.509115,1776376399000
1776376400.9,200.9,0.49,38.3,0.48,250.5,0.51,15.0,0.52,68.5,0.49,15.0,0.48,68.5,0.51,43.3,0.52,250.5,0.02,0.02,2341.509115,1776376399000
1776376401.471,201.471,0.5,10.0,0.49,38.3,0.51,53.2,0.52,74.5,0.49,15.0,0.48,68.5,0.51,38.3,0.52,250.5,0.01,0.02,2341.509115,1776376399000
1776376410.328,210.328,0.49,195.22,0.48,263.5,0.51,78.0,0.52,76.5,0.49,28.2,0.48,74.5,0.5,0.92,0.51,38.3,0.02,0.01,2341.500418,1776376408000
1776376411.91,211.91,0.49,155.72,0.48,263.5,0.5,22.16,0.51,72.5,0.49,78.0,0.48,76.5,0.51,125.22,0.52,263.5,0.01,0.02,2341.488226,1776376410000
1776376412.835,212.835,0.5,19.14,0.49,61.5,0.51,58.0,0.52,86.5,0.5,22.16,0.49,72.5,0.51,155.72,0.52,263.5,0.01,0.01,2341.482285,1776376411000
1776376414.805,214.805,0.5,18.08,0.49,71.5,0.51,58.0,0.52,86.5,0.49,58.0,0.48,86.5,0.5,19.14,0.51,61.5,0.01,0.01,2341.482577,1776376413000
1776376416.104,216.104,0.5,3.08,0.49,68.5,0.51,58.0,0.52,76.5,0.49,58.0,0.48,86.5,0.5,18.08,0.51,71.5,0.01,0.01,2341.483003,1776376414000
1776376419.745,219.745,0.45,3.23,0.44,125.0,0.46,206.5,0.47,46.5,0.49,58.0,0.48,76.5,0.5,3.08,0.51,68.5,0.01,0.01,2341.470082,1776376418000
1776376420.644,220.644,0.43,100.5,0.42,30.0,0.46,206.5,0.47,46.5,0.54,206.5,0.53,46.5,0.55,3.23,0.56,125.0,0.03,0.01,2341.455918,1776376419000
1776376421.171,221.171,0.44,8.21,0.43,50.5,0.45,107.5,0.46,184.5,0.54,206.5,0.53,46.5,0.57,100.5,0.58,30.0,0.01,0.03,2341.391116,1776376420000
1776376422.443,222.443,0.44,3.21,0.43,40.0,0.45,117.5,0.46,184.5,0.55,107.5,0.54,184.5,0.56,8.21,0.57,50.5,0.01,0.01,2341.319765,1776376421000
1776376422.714,222.714,0.43,10.0,0.42,30.0,0.45,117.5,0.46,294.5,0.55,117.5,0.54,184.5,0.56,3.21,0.57,40.0,0.02,0.01,2341.319765,1776376421000
1776376422.947,222.947,0.42,30.0,0.41,10.0,0.46,212.36,0.47,40.0,0.56,51.5,0.55,95.5,0.58,30.0,0.59,10.0,0.04,0.02,2341.319765,1776376421000
1776376424.699,224.699,0.4,10.0,0.39,125.0,0.41,40.0,0.42,150.66,0.54,175.5,0.53,40.0,0.57,1.38,0.58,30.0,0.01,0.03,2341.313139,1776376423000
1776376427.247,227.247,0.38,210.75,0.37,94.5,0.4,265.02,0.41,48.9,0.6,51.02,0.59,64.0,0.61,114.42,0.62,229.5,0.02,0.01,2341.2337,1776376426000
1776376427.491,227.491,0.38,210.75,0.37,94.5,0.39,133.33,0.4,179.02,0.6,265.02,0.59,48.9,0.62,210.75,0.63,94.5,0.01,0.02,2341.2337,1776376426000
1776376428.262,228.262,0.38,185.5,0.37,104.75,0.39,90.43,0.4,144.02,0.61,133.33,0.6,174.02,0.62,214.35,0.63,94.5,0.01,0.01,2341.2337,1776376426000
1776376429.101,229.101,0.38,0.82,0.37,93.5,0.39,102.1,0.4,139.02,0.61,90.43,0.6,144.02,0.62,185.5,0.63,104.75,0.01,0.01,2341.200335,1776376427000
1776376429.516,229.516,0.38,0.82,0.37,93.5,0.39,99.53,0.4,139.02,0.61,102.1,0.6,139.02,0.62,0.82,0.63,93.5,0.01,0.01,2341.189584,1776376428000
1776376431.01,231.01,0.37,26.57,0.36,39.0,0.39,99.53,0.4,123.02,0.61,99.53,0.6,139.02,0.62,0.82,0.63,93.5,0.02,0.01,2341.189584,1776376429000
1776376431.284,231.284,0.37,6.32,0.36,59.25,0.38,10.0,0.39,57.53,0.61,99.53,0.6,123.02,0.63,26.57,0.64,39.0,0.01,0.02,2341.170824,1776376430000
1776376432.184,232.184,0.36,35.5,0.35,149.25,0.38,141.3,0.39,35.6,0.62,10.0,0.61,57.53,0.63,6.32,0.64,59.25,0.02,0.01,2341.170824,1776376430000
1776376435.635,235.635,0.35,85.75,0.34,205.0,0.36,147.82,0.37,57.9,0.64,14.5,0.63,80.0,0.65,149.25,0.66,205.0,0.01,0.01,2341.138235,1776376434000
1776376436.147,236.147,0.34,183.48,0.33,75.0,0.35,79.7,0.36,135.32,0.64,147.82,0.63,57.9,0.65,85.75,0.66,205.0,0.01,0.01,2341.138437,1776376435000
1776376436.376,236.376,0.34,62.96,0.33,75.0,0.35,212.7,0.36,130.32,0.65,125.5,0.64,130.32,0.66,143.96,0.67,75.0,0.01,0.01,2341.138437,1776376435000
1776376436.757,236.757,0.3,75.0,0.29,160.0,0.31,47.03,0.32,189.5,0.68,25.5,0.67,35.5,0.69,31.97,0.7,75.0,0.01,0.01,2341.138437,1776376435000
1776376437.884,237.884,0.28,85.0,0.27,30.0,0.29,100.32,0.3,47.64,0.69,47.03,0.68,189.5,0.7,75.0,0.71,160.0,0.01,0.01,2341.146477,1776376436000
1776376438.808,238.808,0.28,108.5,0.27,48.75,0.29,70.0,0.3,7.14,0.71,100.32,0.7,47.64,0.72,85.0,0.73,30.0,0.01,0.01,2341.026801,1776376437000
1776376439.028,239.028,0.29,129.38,0.28,47.5,0.3,1.14,0.33,10.0,0.7,7.14,0.68,25.0,0.71,101.38,0.72,42.5,0.01,0.01,2341.026801,1776376437000
1776376439.24,239.24,0.35,45.75,0.34,85.71,0.37,10.0,0.38,10.0,0.65,20.03,0.64,25.6,0.71,134.38,0.72,47.5,0.02,0.06,2341.026801,1776376437000
1776376439.538,239.538,0.37,10.5,0.36,20.5,0.38,45.0,0.39,18.0,0.62,10.0,0.61,18.0,0.64,20.5,0.65,61.5,0.01,0.02,2340.76999,1776376438000
1776376439.841,239.841,0.37,15.5,0.36,20.5,0.38,42.36,0.39,18.0,0.62,45.0,0.61,18.0,0.63,10.5,0.64,20.5,0.01,0.01,2340.76999,1776376438000
1776376440.053,240.053,0.3,57.83,0.29,210.0,0.38,42.36,0.39,18.0,0.62,42.36,0.61,18.0,0.63,15.5,0.64,20.5,0.08,0.01,2340.76999,1776376438000
1776376440.491,240.491,0.34,18.0,0.33,25.0,0.35,47.0,0.36,5.0,0.62,42.36,0.61,18.0,0.7,57.83,0.71,210.0,0.01,0.08,2340.7664,1776376439000
1776376441.254,241.254,0.34,8.0,0.33,25.0,0.35,40.0,0.36,5.0,0.65,17.0,0.64,5.0,0.66,18.0,0.67,25.0,0.01,0.01,2340.7664,1776376439000
1776376441.492,241.492,0.34,30.23,0.33,25.0,0.35,5.0,0.36,5.0,0.65,40.0,0.64,5.0,0.66,8.0,0.67,25.0,0.01,0.01,2340.7664,1776376439000
1776376443.496,243.496,0.29,0.78,0.28,17.75,0.31,67.0,0.32,69.2,0.65,5.0,0.64,5.0,0.66,30.23,0.67,25.0,0.02,0.01,2341.063927,1776376442000
1776376444.806,244.806,0.27,25.63,0.26,112.0,0.28,55.0,0.29,15.0,0.71,5.0,0.7,11.0,0.73,52.0,0.74,95.0,0.01,0.02,2341.068089,1776376443000
1776376445.042,245.042,0.27,35.93,0.26,112.0,0.28,45.0,0.29,15.0,0.72,55.0,0.71,15.0,0.73,25.63,0.74,112.0,0.01,0.01,2341.068089,1776376443000
1776376445.383,245.383,0.27,10.56,0.26,112.0,0.28,70.0,0.29,15.0,0.72,45.0,0.71,15.0,0.73,35.93,0.74,112.0,0.01,0.01,2341.068089,1776376443000
1776376450.948,250.948,0.26,4.11,0.25,88.0,0.27,87.0,0.28,35.0,0.72,70.0,0.71,15.0,0.73,10.56,0.74,112.0,0.01,0.01,2341.030145,1776376449000
1776376451.26,251.26,0.26,4.11,0.25,78.0,0.27,73.25,0.28,30.0,0.73,87.0,0.72,35.0,0.74,4.11,0.75,88.0,0.01,0.01,2341.030145,1776376450000
1776376452.59,252.59,0.29,149.0,0.28,26.0,0.3,29.28,0.35,13.0,0.73,73.25,0.72,30.0,0.74,4.11,0.75,78.0,0.01,0.01,2341.030145,1776376450000
1776376452.808,252.808,0.41,46.07,0.4,18.0,0.42,0.47,0.43,10.0,0.58,0.47,0.57,10.0,0.59,37.98,0.6,42.0,0.01,0.01,2341.030535,1776376451000
1776376453.03,253.03,0.41,77.3,0.4,18.0,0.43,7.37,0.44,26.0,0.58,0.47,0.57,10.0,0.59,77.3,0.6,18.0,0.02,0.01,2341.030535,1776376451000
1776376454.582,254.582,0.41,141.3,0.4,18.0,0.43,7.37,0.44,26.0,0.57,7.37,0.56,26.0,0.59,77.3,0.6,18.0,0.02,0.02,2341.318079,1776376453000
1776376454.995,254.995,0.46,60.0,0.43,138.0,0.47,10.0,0.48,10.0,0.57,7.37,0.56,26.0,0.59,141.3,0.6,18.0,0.01,0.02,2341.318079,1776376453000
1776376455.251,255.251,0.49,50.28,0.48,83.0,0.5,9.9,0.51,30.0,0.5,10.0,0.49,30.0,0.51,6.28,0.54,186.0,0.01,0.01,2341.432325,1776376454000
1776376455.695,255.695,0.49,250.33,0.48,93.0,0.5,9.9,0.51,30.0,0.5,9.9,0.49,30.0,0.51,50.28,0.52,83.0,0.01,0.01,2341.432325,1776376454000
1776376456.005,256.005,0.5,315.0,0.49,12.0,0.51,27.0,0.52,45.0,0.49,30.0,0.48,45.0,0.5,20.1,0.51,250.33,0.01,0.01,2341.432325,1776376454000
1776376456.212,256.212,0.5,321.73,0.49,172.0,0.51,22.0,0.52,45.0,0.49,22.0,0.48,45.0,0.5,332.68,0.51,62.0,0.01,0.01,2341.432325,1776376454000
1776376456.677,256.677,0.52,257.0,0.51,23.0,0.53,4.58,0.54,10.0,0.47,6.83,0.46,10.0,0.48,114.0,0.49,184.0,0.01,0.01,2341.437935,1776376455000
1776376456.97,256.97,0.52,240.91,0.51,23.0,0.53,4.58,0.54,10.0,0.47,4.58,0.46,10.0,0.48,257.0,0.49,23.0,0.01,0.01,2341.490009,1776376456000
1776376457.625,257.625,0.52,287.91,0.51,23.0,0.54,9.49,0.55,10.0,0.47,4.58,0.46,10.0,0.48,240.91,0.49,23.0,0.02,0.01,2341.490009,1776376456000
1776376457.962,257.962,0.53,122.0,0.52,12.0,0.55,4.49,0.56,10.0,0.46,9.49,0.45,10.0,0.48,221.91,0.49,23.0,0.02,0.02,2341.490009,1776376456000
1776376458.287,258.287,0.53,109.72,0.52,22.0,0.54,15.0,0.55,4.49,0.45,4.49,0.44,10.0,0.47,122.0,0.48,12.0,0.01,0.02,2341.563491,1776376457000
1776376458.567,258.567,0.53,109.72,0.52,72.0,0.55,1.03,0.56,10.0,0.46,15.0,0.45,4.49,0.47,109.72,0.48,22.0,0.02,0.01,2341.563491,1776376457000
1776376460.269,260.269,0.54,100.0,0.53,74.72,0.56,10.0,0.57,150.0,0.45,1.03,0.44,10.0,0.47,109.72,0.48,72.0,0.02,0.02,2341.620365,1776376459000
1776376460.981,260.981,0.55,193.0,0.54,65.0,0.56,5.0,0.57,150.0,0.44,10.0,0.43,150.0,0.46,100.0,0.47,74.72,0.01,0.02,2341.620365,1776376459000
1776376463.032,263.032,0.56,38.88,0.55,115.0,0.57,145.0,0.58,90.0,0.44,5.0,0.43,150.0,0.45,193.0,0.46,65.0,0.01,0.01,2341.635072,1776376461000
1776376463.515,263.515,0.56,41.6,0.55,110.0,0.57,145.0,0.58,95.0,0.43,145.0,0.42,90.0,0.44,38.88,0.45,115.0,0.01,0.01,2341.607192,1776376462000
1776376464.848,264.848,0.56,60.32,0.55,110.0,0.57,145.0,0.58,95.0,0.43,145.0,0.42,95.0,0.44,41.6,0.45,110.0,0.01,0.01,2341.607463,1776376463000
1776376465.237,265.237,0.56,83.04,0.55,110.0,0.57,125.0,0.58,95.0,0.43,145.0,0.42,95.0,0.44,60.32,0.45,110.0,0.01,0.01,2341.598026,1776376464000
1776376467.027,267.027,0.56,130.76,0.55,110.0,0.57,120.0,0.58,95.0,0.43,125.0,0.42,95.0,0.44,83.04,0.45,110.0,0.01,0.01,2341.596658,1776376466000
1776376468.733,268.733,0.57,12.0,0.56,60.76,0.58,80.0,0.59,180.0,0.43,120.0,0.42,95.0,0.44,130.76,0.45,110.0,0.01,0.01,2341.61519,1776376467000
1776376470.79,270.79,0.57,149.0,0.56,164.0,0.58,3.41,0.59,170.0,0.42,80.0,0.41,180.0,0.43,12.0,0.44,60.76,0.01,0.01,2341.616347,1776376469000
1776376472.391,272.391,0.59,61.0,0.58,110.0,0.6,120.0,0.61,135.0,0.41,160.0,0.4,140.0,0.43,149.0,0.44,164.0,0.01,0.02,2341.64031,1776376471000
1776376473.294,273.294,0.59,70.0,0.58,60.0,0.61,120.93,0.62,90.0,0.4,120.0,0.39,135.0,0.41,61.0,0.42,110.0,0.02,0.01,2341.64031,1776376471000
1776376474.996,274.996,0.6,26.0,0.59,53.9,0.62,90.0,0.63,86.86,0.39,120.93,0.38,90.0,0.41,70.0,0.42,60.0,0.02,0.02,2341.75605,1776376473000
1776376475.197,275.197,0.61,55.92,0.6,21.0,0.62,81.48,0.63,86.86,0.38,90.0,0.37,86.86,0.39,17.92,0.4,26.0,0.01,0.01,2341.75605,1776376473000
1776376476.688,276.688,0.61,3.0,0.6,5.0,0.62,75.0,0.63,96.86,0.38,81.48,0.37,86.86,0.39,55.92,0.4,21.0,0.01,0.01,2341.66095,1776376475000
1776376476.888,276.888,0.6,7.9,0.57,12.0,0.61,5.0,0.62,70.0,0.38,75.0,0.37,96.86,0.4,2.9,0.43,12.0,0.01,0.02,2341.66095,1776376475000
1776376477.175,277.175,0.6,2.9,0.57,22.0,0.61,5.0,0.62,45.0,0.39,5.0,0.38,70.0,0.4,7.9,0.43,12.0,0.01,0.01,2341.66095,1776376475000
1776376477.507,277.507,0.6,5.4,0.57,22.0,0.61,3.26,0.62,40.0,0.39,5.0,0.38,40.0,0.4,5.4,0.43,22.0,0.01,0.01,2341.70377,1776376476000
1776376479.183,279.183,0.58,6.0,0.57,10.0,0.59,10.0,0.6,10.0,0.39,3.26,0.38,40.0,0.45,116.0,0.46,10.0,0.01,0.06,2341.628855,1776376478000
1776376480.039,280.039,0.59,32.0,0.58,55.0,0.6,5.0,0.61,3.26,0.41,10.0,0.4,10.0,0.42,6.0,0.43,10.0,0.01,0.01,2341.628855,1776376478000
1776376481.197,281.197,0.6,10.0,0.59,32.0,0.61,2.26,0.62,40.0,0.39,2.26,0.38,40.0,0.41,64.0,0.42,55.0,0.01,0.02,2341.550288,1776376480000
1776376481.435,281.435,0.6,10.0,0.59,17.0,0.61,0.62,0.62,40.0,0.39,2.26,0.38,40.0,0.4,10.0,0.41,32.0,0.01,0.01,2341.550288,1776376480000
1776376482.648,282.648,0.59,17.0,0.58,45.0,0.6,39.0,0.61,0.62,0.39,0.62,0.38,40.0,0.4,5.0,0.41,17.0,0.01,0.01,2341.537618,1776376481000
1776376484.57,284.57,0.59,24.0,0.58,10.0,0.6,13.0,0.61,0.62,0.4,39.0,0.39,0.62,0.41,17.0,0.42,45.0,0.01,0.01,2341.546667,1776376483000
1776376489.114,289.114,0.59,46.0,0.58,16.0,0.6,8.18,0.62,10.0,0.4,13.0,0.39,0.62,0.41,24.0,0.42,10.0,0.01,0.01,2341.540063,1776376487000
1776376494.519,294.519,0.62,15.0,0.61,21.0,0.63,59.36,0.64,180.0,0.4,8.18,0.38,10.0,0.41,46.0,0.42,16.0,0.01,0.01,2341.56818,1776376493000
1776376496.442,296.442,0.62,47.0,0.61,23.0,0.63,2.62,0.64,20.0,0.37,59.36,0.36,180.0,0.38,15.0,0.39,21.0,0.01,0.01,2341.549932,1776376495000
1776376496.704,296.704,0.62,58.0,0.61,23.0,0.66,194.92,0.67,225.0,0.37,2.62,0.36,20.0,0.38,47.0,0.39,23.0,0.04,0.01,2341.549932,1776376495000
1776376497.068,297.068,0.65,20.71,0.64,24.0,0.66,116.98,0.67,225.0,0.34,166.98,0.33,225.0,0.35,15.0,0.36,10.0,0.01,0.01,2341.549932,1776376495000
1776376497.388,297.388,0.65,64.71,0.64,24.0,0.66,65.47,0.67,225.0,0.34,116.98,0.33,225.0,0.35,20.71,0.36,24.0,0.01,0.01,2341.625582,1776376496000
1776376498.34,298.34,0.69,80.0,0.68,28.0,0.71,80.0,0.72,15.91,0.34,35.17,0.33,225.0,0.35,48.71,0.36,24.0,0.02,0.01,2341.558321,1776376497000
1776376498.623,298.623,0.81,10.0,0.8,10.0,0.86,10.0,0.87,10.0,0.18,53.3,0.17,20.0,0.21,10.0,0.22,10.0,0.05,0.03,2341.558321,1776376497000
1776376498.858,298.858,0.87,29.97,0.86,10.0,0.88,33.86,0.89,10.0,0.12,35.0,0.11,10.0,0.13,29.97,0.15,80.0,0.01,0.01,2341.558321,1776376497000
1776376499.168,299.168,0.9,15.0,0.89,10.0,0.98,173.0,0.99,1187.0,0.09,6.0,0.08,22.0,0.12,10.0,0.13,39.97,0.08,0.03,2341.558321,1776376497000
1776376499.466,299.466,0.97,58.0,0.96,23.0,0.98,117.9,0.99,1182.0,0.02,125.9,0.01,1187.0,0.03,18.0,0.04,18.0,0.01,0.01,2341.558151,1776376498000
1776376499.678,299.678,0.97,24.66,0.96,23.0,0.99,921.73,,,0.01,929.73,,,0.03,24.66,0.04,23.0,0.02,0.02,2341.558151,1776376498000
1776376499.886,299.886,0.93,5.0,0.92,5.0,0.94,30.83,0.97,6.19,0.06,67.33,0.03,6.19,0.07,5.0,0.08,5.0,0.01,0.01,2341.558151,1776376498000
1776376500.102,300.102,0.98,10.1,0.97,5.0,0.99,765.65,,,0.01,866.67,,,0.02,5.0,0.03,5.0,0.01,0.01,2341.558151,1776376498000
1776376500.32,300.32,0.92,11.0,0.88,93.0,0.99,558.37,,,0.01,563.37,,,0.08,11.0,0.12,93.0,0.07,0.07,2341.558151,1776376498000

# RESULT,winner=Up,slug=eth-updown-5m-1776376200,ticks=215
