timestamp,elapsed_sec,up_bid_p1,up_bid_s1,up_bid_p2,up_bid_s2,up_ask_p1,up_ask_s1,up_ask_p2,up_ask_s2,down_bid_p1,down_bid_s1,down_bid_p2,down_bid_s2,down_ask_p1,down_ask_s1,down_ask_p2,down_ask_s2,up_spread,down_spread,eth_price,eth_oracle_ts
1776211801.319,1.319,,,,,,,,,,,,,,,,,,,2342.560756,1776211800000
1776211801.908,1.908,0.43,5.0,0.42,138.51,0.44,105.0,0.45,168.5,0.56,105.0,0.55,168.5,0.57,10.0,0.58,268.51,0.01,0.01,2342.480951,1776211801000
1776211802.213,2.213,0.43,42.27,0.42,268.51,0.44,91.4,0.45,168.5,0.56,91.4,0.55,168.5,0.57,44.03,0.58,268.51,0.01,0.01,2342.480951,1776211801000
1776211802.487,2.487,0.43,106.74,0.42,268.51,0.44,58.67,0.45,168.5,0.56,81.4,0.55,168.5,0.57,96.74,0.58,268.51,0.01,0.01,2342.480951,1776211801000
1776211802.687,2.687,0.43,55.65,0.42,293.51,0.44,25.94,0.45,168.5,0.56,25.94,0.55,168.5,0.57,90.74,0.58,293.51,0.01,0.01,2342.480951,1776211801000
1776211802.961,2.961,0.43,55.65,0.42,293.51,0.44,25.94,0.45,168.5,0.56,25.94,0.55,168.5,0.57,55.65,0.58,293.51,0.01,0.01,2342.312751,1776211802000
1776211803.376,3.376,0.42,258.51,0.41,203.0,0.44,25.82,0.45,178.5,0.56,45.94,0.55,178.5,0.58,248.51,0.59,193.0,0.02,0.02,2342.312751,1776211802000
1776211803.775,3.775,0.43,15.0,0.42,231.6,0.44,30.91,0.45,204.5,0.56,35.82,0.55,199.5,0.58,231.6,0.59,253.0,0.01,0.02,2342.312751,1776211802000
1776211804.021,4.021,0.43,15.0,0.42,231.6,0.44,30.91,0.45,204.5,0.56,30.91,0.55,204.5,0.57,15.0,0.58,231.6,0.01,0.01,2342.414077,1776211803000
1776211804.309,4.309,0.42,54.0,0.41,153.0,0.43,5.0,0.44,22.84,0.56,27.84,0.55,204.5,0.58,134.75,0.59,253.0,0.01,0.02,2342.414077,1776211803000
1776211804.523,4.523,0.42,44.0,0.41,128.0,0.43,2.44,0.44,22.84,0.57,5.0,0.56,22.84,0.58,54.0,0.59,153.0,0.01,0.01,2342.414077,1776211803000
1776211805.13,5.13,0.43,10.0,0.42,28.0,0.44,10.13,0.45,204.5,0.56,10.13,0.55,204.5,0.57,10.0,0.58,28.0,0.01,0.01,2342.29184,1776211804000
1776211805.457,5.457,0.44,7.85,0.43,30.0,0.45,194.5,0.46,81.86,0.56,10.13,0.55,204.5,0.57,10.0,0.58,28.0,0.01,0.01,2342.29184,1776211804000
1776211805.792,5.792,0.44,17.85,0.43,30.0,0.45,202.07,0.46,81.86,0.55,194.5,0.54,81.86,0.56,7.85,0.57,30.0,0.01,0.01,2342.29184,1776211804000
1776211806.066,6.066,0.44,30.77,0.43,20.0,0.45,197.07,0.46,81.86,0.55,202.07,0.54,81.86,0.56,17.85,0.57,30.0,0.01,0.01,2342.29184,1776211804000
1776211806.397,6.397,0.44,7.85,0.43,10.0,0.45,217.07,0.46,91.86,0.55,197.07,0.54,81.86,0.56,30.77,0.57,20.0,0.01,0.01,2342.29184,1776211804000
1776211806.864,6.864,0.42,3.53,0.41,90.0,0.45,217.07,0.46,91.86,0.55,217.07,0.54,91.86,0.58,3.53,0.59,90.0,0.03,0.03,2342.197372,1776211805000
1776211807.238,7.238,0.41,95.0,0.4,35.0,0.42,1.89,0.43,15.0,0.58,7.89,0.57,10.0,0.59,90.0,0.6,16.0,0.01,0.01,2342.197372,1776211805000
1776211807.738,7.738,0.4,16.0,0.39,10.0,0.42,6.89,0.43,35.0,0.58,1.89,0.57,15.0,0.59,95.0,0.6,35.0,0.02,0.01,2342.157419,1776211806000
1776211808.107,8.107,0.39,10.0,0.38,10.0,0.41,23.0,0.42,189.96,0.58,6.89,0.57,35.0,0.6,16.0,0.61,10.0,0.02,0.02,2342.157419,1776211806000
1776211808.632,8.632,0.39,1.08,0.38,10.0,0.4,37.0,0.41,133.0,0.6,5.0,0.59,23.0,0.61,2.74,0.62,10.0,0.01,0.01,2342.139441,1776211807000
1776211809.106,9.106,0.34,39.0,0.33,10.0,0.36,10.0,0.37,125.0,0.6,37.0,0.59,133.0,0.61,1.08,0.62,10.0,0.02,0.01,2342.139441,1776211807000
1776211809.555,9.555,0.34,19.39,0.33,25.0,0.36,12.08,0.37,55.0,0.64,7.08,0.63,125.0,0.66,39.0,0.67,10.0,0.02,0.02,2341.826607,1776211808000
1776211809.766,9.766,0.34,15.0,0.33,30.0,0.36,9.66,0.37,161.0,0.64,12.08,0.63,55.0,0.66,19.39,0.67,25.0,0.02,0.02,2341.826607,1776211808000
1776211810.285,10.285,0.33,10.0,0.32,85.0,0.35,20.0,0.36,107.08,0.64,9.66,0.63,166.0,0.66,7.54,0.67,30.0,0.02,0.02,2341.826607,1776211808000
1776211810.787,10.787,0.32,85.0,0.31,70.0,0.34,35.0,0.35,161.0,0.65,0.6,0.64,107.08,0.67,10.0,0.68,85.0,0.02,0.02,2341.522614,1776211809000
1776211811.463,11.463,0.32,85.0,0.31,70.0,0.34,35.0,0.35,161.0,0.66,35.0,0.65,161.0,0.68,85.0,0.69,70.0,0.02,0.02,2340.98759,1776211810000
1776211811.858,11.858,0.33,10.0,0.32,25.0,0.35,173.0,0.36,120.08,0.65,163.0,0.64,150.08,0.67,10.0,0.68,30.0,0.02,0.02,2340.98759,1776211810000
1776211813.218,13.218,0.33,10.0,0.32,25.0,0.35,173.0,0.36,120.08,0.65,173.0,0.64,120.08,0.67,10.0,0.68,25.0,0.02,0.02,2340.571887,1776211812000
1776211813.691,13.691,0.34,2.87,0.31,101.0,0.35,333.33,0.36,203.08,0.65,173.0,0.64,120.08,0.67,10.0,0.68,25.0,0.01,0.02,2340.571887,1776211812000
1776211814.301,14.301,0.34,2.87,0.31,101.0,0.35,333.33,0.36,203.08,0.65,333.33,0.64,203.08,0.66,2.87,0.69,101.0,0.01,0.01,2340.54478,1776211813000
1776211814.918,14.918,0.34,2.87,0.31,101.0,0.35,333.33,0.36,203.08,0.65,333.33,0.64,203.08,0.66,2.87,0.69,101.0,0.01,0.01,2340.469991,1776211814000
1776211815.611,15.611,0.34,45.87,0.33,15.0,0.35,26.28,0.36,110.0,0.65,333.33,0.64,203.08,0.66,2.87,0.69,101.0,0.01,0.01,2340.469991,1776211814000
1776211815.846,15.846,0.34,33.0,0.32,10.0,0.36,110.0,0.37,110.0,0.65,26.28,0.64,110.0,0.66,30.87,0.68,10.0,0.02,0.01,2340.469991,1776211814000
1776211816.244,16.244,0.32,18.0,0.31,20.0,0.34,203.51,0.35,110.0,0.65,110.0,0.64,111.85,0.67,18.0,0.68,10.0,0.02,0.02,2340.439318,1776211815000
1776211817.149,17.149,0.32,18.0,0.31,20.0,0.34,203.51,0.35,110.0,0.66,203.51,0.65,110.0,0.68,18.0,0.69,20.0,0.02,0.02,2340.432168,1776211816000
1776211818.127,18.127,0.31,8.0,0.3,45.0,0.33,125.0,0.34,193.51,0.66,208.51,0.65,159.0,0.68,30.0,0.69,18.0,0.02,0.02,2340.432168,1776211816000
1776211818.406,18.406,0.31,8.4,0.3,50.0,0.32,231.07,0.33,165.0,0.68,206.07,0.67,150.0,0.69,10.0,0.7,50.0,0.01,0.01,2340.569508,1776211817000
1776211818.754,18.754,0.3,37.47,0.29,70.0,0.32,231.39,0.33,140.0,0.68,206.39,0.67,135.0,0.7,50.0,0.71,65.0,0.02,0.02,2340.569508,1776211817000
1776211819.349,19.349,0.3,36.47,0.29,70.0,0.32,106.39,0.33,145.0,0.68,231.39,0.67,140.0,0.7,37.47,0.71,70.0,0.02,0.02,2340.569508,1776211817000
1776211819.666,19.666,0.3,3.57,0.29,70.0,0.31,25.0,0.32,211.39,0.68,106.39,0.67,145.0,0.7,36.47,0.71,70.0,0.01,0.02,2340.423732,1776211818000
1776211820.001,20.001,0.29,65.0,0.28,40.0,0.31,58.98,0.32,226.0,0.69,58.98,0.68,226.0,0.71,65.0,0.72,40.0,0.02,0.02,2340.326216,1776211819000
1776211820.58,20.58,0.3,11.85,0.29,70.0,0.31,168.48,0.32,124.61,0.69,68.59,0.68,201.39,0.7,7.0,0.71,70.0,0.01,0.01,2340.326216,1776211819000
1776211820.857,20.857,0.3,6.56,0.29,70.0,0.31,173.48,0.32,131.61,0.69,168.48,0.68,124.61,0.7,11.85,0.71,70.0,0.01,0.01,2340.326216,1776211819000
1776211821.137,21.137,0.3,1.56,0.29,70.0,0.31,173.48,0.32,132.61,0.69,173.48,0.68,131.61,0.7,6.56,0.71,70.0,0.01,0.01,2340.326216,1776211819000
1776211821.588,21.588,0.3,0.11,0.29,78.0,0.31,168.48,0.32,132.61,0.69,168.48,0.68,132.61,0.7,0.11,0.71,78.0,0.01,0.01,2340.208146,1776211820000
1776211822.111,22.111,0.29,78.0,0.28,81.14,0.31,181.48,0.32,132.61,0.69,181.48,0.68,132.61,0.71,78.0,0.72,81.14,0.02,0.02,2340.145455,1776211821000
1776211823.245,23.245,0.28,55.14,0.27,46.0,0.3,115.25,0.31,224.98,0.7,115.25,0.69,224.98,0.72,55.14,0.73,46.0,0.02,0.02,2340.178867,1776211822000
1776211823.895,23.895,0.28,8.3,0.27,10.0,0.29,317.83,0.3,148.39,0.7,115.25,0.69,224.98,0.72,55.14,0.73,46.0,0.01,0.02,2340.178867,1776211822000
1776211824.168,24.168,0.25,43.01,0.24,35.0,0.26,6.75,0.27,10.0,0.71,313.38,0.7,148.39,0.75,121.17,0.76,35.0,0.01,0.04,2340.178867,1776211822000
1776211824.823,24.823,0.24,7.87,0.23,35.0,0.26,20.0,0.27,24.61,0.74,20.0,0.73,24.61,0.76,7.87,0.77,35.0,0.02,0.02,2340.081328,1776211823000
1776211825.503,25.503,0.24,7.87,0.23,35.0,0.26,20.0,0.27,24.61,0.74,20.0,0.73,24.61,0.76,7.87,0.77,35.0,0.02,0.02,2339.856655,1776211824000
1776211826.156,26.156,0.22,160.0,0.21,55.0,0.25,30.0,0.26,103.05,0.75,30.0,0.74,103.05,0.78,160.0,0.79,55.0,0.03,0.03,2339.645834,1776211825000
1776211826.498,26.498,0.23,10.0,0.22,160.0,0.25,23.0,0.26,73.44,0.75,10.0,0.74,73.44,0.76,5.0,0.77,10.0,0.02,0.01,2339.645834,1776211825000
1776211827.098,27.098,0.24,17.0,0.23,20.0,0.25,20.0,0.26,73.44,0.75,16.0,0.74,83.44,0.76,21.0,0.77,10.0,0.01,0.01,2339.645834,1776211825000
1776211827.322,27.322,0.24,22.0,0.23,20.0,0.25,7.0,0.26,73.44,0.75,7.0,0.74,73.44,0.76,22.0,0.77,20.0,0.01,0.01,2339.385048,1776211826000
1776211827.546,27.546,0.25,20.0,0.24,22.0,0.26,24.86,0.27,10.0,0.74,24.86,0.73,10.0,0.75,15.0,0.76,27.0,0.01,0.01,2339.385048,1776211826000
1776211828.044,28.044,0.25,20.0,0.24,27.0,0.27,4.44,0.28,10.0,0.73,10.0,0.72,10.0,0.75,14.86,0.76,22.0,0.02,0.02,2339.385048,1776211826000
1776211828.28,28.28,0.25,15.0,0.24,22.0,0.28,94.99,0.29,10.0,0.73,4.44,0.72,102.32,0.75,15.0,0.76,22.0,0.03,0.02,2339.490239,1776211827000
1776211828.487,28.487,0.26,0.94,0.24,13.24,0.27,3.0,0.28,99.99,0.73,3.0,0.72,99.99,0.74,5.0,0.76,13.24,0.01,0.01,2339.490239,1776211827000
1776211828.779,28.779,0.25,5.0,0.24,28.24,0.26,31.42,0.27,3.0,0.74,21.42,0.73,3.0,0.75,20.0,0.76,32.24,0.01,0.01,2339.490239,1776211827000
1776211829.127,29.127,0.24,14.21,0.23,29.84,0.25,29.6,0.26,25.0,0.74,31.42,0.73,19.39,0.77,29.84,0.78,170.0,0.01,0.03,2339.490239,1776211827000
1776211829.333,29.333,0.24,14.21,0.23,29.84,0.25,29.6,0.26,25.0,0.75,29.6,0.74,25.0,0.76,14.21,0.77,29.84,0.01,0.01,2339.909303,1776211828000
1776211829.535,29.535,0.24,0.55,0.23,29.84,0.25,16.64,0.26,25.0,0.75,34.6,0.74,25.0,0.76,0.55,0.77,29.84,0.01,0.01,2339.909303,1776211828000
1776211829.841,29.841,0.24,37.11,0.23,66.84,0.25,16.64,0.26,25.0,0.75,16.64,0.74,25.0,0.76,0.55,0.77,29.84,0.01,0.01,2339.909303,1776211828000
1776211830.074,30.074,0.24,37.11,0.23,66.84,0.25,16.64,0.26,25.0,0.75,16.64,0.74,25.0,0.76,37.11,0.77,66.84,0.01,0.01,2340.005506,1776211829000
1776211830.396,30.396,0.24,25.55,0.23,29.84,0.25,30.64,0.26,25.0,0.75,16.64,0.74,25.0,0.76,37.11,0.77,66.84,0.01,0.01,2340.005506,1776211829000
1776211830.78,30.78,0.24,31.55,0.23,29.84,0.25,25.64,0.26,25.0,0.75,30.64,0.74,25.0,0.76,25.55,0.77,29.84,0.01,0.01,2340.005506,1776211829000
1776211831.241,31.241,0.25,64.94,0.24,15.55,0.26,5.0,0.27,3.0,0.75,14.9,0.74,25.0,0.76,372.55,0.77,29.84,0.01,0.01,2340.005506,1776211829000
1776211832.015,32.015,0.25,29.24,0.24,15.55,0.27,35.0,0.28,104.95,0.72,114.95,0.71,10.0,0.75,67.91,0.76,15.55,0.02,0.03,2339.98657,1776211830000
1776211833.024,33.024,0.23,30.13,0.22,180.0,0.26,157.0,0.27,125.0,0.73,35.0,0.72,104.95,0.75,29.24,0.76,15.55,0.03,0.02,2339.934656,1776211831000
1776211833.343,33.343,0.23,49.13,0.22,180.0,0.25,12.86,0.26,157.0,0.75,12.86,0.74,157.0,0.77,49.13,0.78,180.0,0.02,0.02,2339.953344,1776211832000
1776211833.607,33.607,0.23,20.0,0.22,180.0,0.24,128.18,0.25,28.86,0.75,12.86,0.74,157.0,0.77,49.13,0.78,180.0,0.01,0.02,2339.953344,1776211832000
1776211834.031,34.031,0.23,20.0,0.22,180.0,0.24,128.18,0.25,28.86,0.76,128.18,0.75,28.86,0.77,20.0,0.78,180.0,0.01,0.01,2339.971247,1776211833000
1776211835.212,35.212,0.23,53.67,0.22,200.0,0.24,93.43,0.25,27.86,0.76,127.18,0.75,27.86,0.77,23.67,0.78,180.0,0.01,0.01,2339.971247,1776211833000
1776211835.954,35.954,0.23,51.67,0.22,200.0,0.24,93.43,0.25,27.86,0.76,93.43,0.75,27.86,0.77,51.67,0.78,200.0,0.01,0.01,2339.643745,1776211835000
1776211836.277,36.277,0.23,60.67,0.22,200.0,0.24,123.43,0.25,27.86,0.76,93.43,0.75,27.86,0.77,51.67,0.78,200.0,0.01,0.01,2339.643745,1776211835000
1776211836.819,36.819,0.23,30.67,0.22,190.0,0.24,154.43,0.25,27.86,0.76,140.43,0.75,27.86,0.77,35.67,0.78,200.0,0.01,0.01,2339.643745,1776211835000
1776211837.261,37.261,0.22,190.0,0.21,80.0,0.24,189.43,0.25,27.86,0.76,189.43,0.75,27.86,0.78,190.0,0.79,80.0,0.02,0.02,2339.640035,1776211836000
1776211838.247,38.247,0.22,190.0,0.21,80.0,0.24,189.43,0.25,27.86,0.76,189.43,0.75,27.86,0.78,190.0,0.79,80.0,0.02,0.02,2339.643778,1776211837000
1776211838.479,38.479,0.22,45.0,0.21,111.0,0.23,144.02,0.24,115.0,0.76,189.43,0.75,27.86,0.78,190.0,0.79,80.0,0.01,0.02,2339.643778,1776211837000
1776211838.878,38.878,0.21,130.19,0.2,151.0,0.22,66.0,0.23,82.46,0.77,144.02,0.76,115.0,0.79,106.06,0.8,130.0,0.01,0.02,2339.643778,1776211837000
1776211839.298,39.298,0.21,130.19,0.2,151.0,0.22,66.0,0.23,82.46,0.78,66.0,0.77,82.46,0.79,130.19,0.8,151.0,0.01,0.01,2339.532966,1776211838000
1776211839.567,39.567,0.21,120.19,0.2,151.0,0.22,133.03,0.23,27.0,0.78,66.0,0.77,82.46,0.79,130.19,0.8,151.0,0.01,0.01,2339.532966,1776211838000
1776211840.461,40.461,0.21,113.19,0.2,151.0,0.22,71.29,0.24,10.0,0.78,133.03,0.77,27.0,0.79,120.19,0.8,151.0,0.01,0.01,2339.532966,1776211838000
1776211840.931,40.931,0.21,113.19,0.2,151.0,0.22,71.29,0.24,10.0,0.78,71.29,0.76,10.0,0.79,113.19,0.8,151.0,0.01,0.01,2339.371951,1776211839000
1776211841.581,41.581,0.21,119.01,0.2,173.5,0.22,62.03,0.24,10.0,0.78,62.03,0.76,10.0,0.79,119.01,0.8,173.5,0.01,0.01,2339.348676,1776211840000
1776211842.035,42.035,0.2,162.5,0.19,63.4,0.21,105.71,0.22,81.0,0.78,62.03,0.76,10.0,0.79,119.01,0.8,173.5,0.01,0.01,2339.348676,1776211840000
1776211842.687,42.687,0.2,172.55,0.19,63.4,0.21,169.56,0.22,167.21,0.79,105.71,0.78,81.0,0.8,162.5,0.81,63.4,0.01,0.01,2339.374731,1776211841000
1776211842.985,42.985,0.2,192.55,0.19,63.4,0.21,123.56,0.22,50.21,0.79,169.56,0.78,167.21,0.8,172.55,0.81,63.4,0.01,0.01,2339.374731,1776211841000
1776211843.359,43.359,0.2,192.55,0.19,63.4,0.21,123.56,0.22,50.21,0.79,123.56,0.78,50.21,0.8,192.55,0.81,63.4,0.01,0.01,2339.440785,1776211842000
1776211844.443,44.443,0.2,192.55,0.19,63.4,0.21,123.56,0.22,50.21,0.79,123.56,0.78,50.21,0.8,192.55,0.81,63.4,0.01,0.01,2339.370334,1776211843000
1776211845.052,45.052,0.2,192.55,0.19,63.4,0.21,123.56,0.22,50.21,0.79,123.56,0.78,50.21,0.8,192.55,0.81,63.4,0.01,0.01,2339.327176,1776211844000
1776211845.763,45.763,0.2,151.55,0.19,96.4,0.21,145.56,0.22,65.21,0.79,123.56,0.78,50.21,0.8,192.55,0.81,63.4,0.01,0.01,2339.327176,1776211844000
1776211846.11,46.11,0.2,151.55,0.19,96.4,0.21,145.56,0.22,65.21,0.79,145.56,0.78,65.21,0.8,151.55,0.81,96.4,0.01,0.01,2339.365368,1776211845000
1776211847.023,47.023,0.2,130.55,0.19,86.4,0.21,88.85,0.22,20.0,0.79,145.56,0.78,65.21,0.8,151.55,0.81,96.4,0.01,0.01,2339.365368,1776211845000
1776211847.515,47.515,0.2,119.36,0.19,86.4,0.21,88.85,0.22,20.0,0.79,88.85,0.78,20.0,0.8,119.36,0.81,86.4,0.01,0.01,2339.360801,1776211846000
1776211848.185,48.185,0.2,119.36,0.19,86.4,0.21,88.85,0.22,20.0,0.79,88.85,0.78,20.0,0.8,119.36,0.81,86.4,0.01,0.01,2339.360801,1776211847000
1776211848.476,48.476,0.2,119.04,0.19,86.4,0.21,92.85,0.22,35.52,0.79,88.85,0.78,35.52,0.8,163.04,0.81,86.4,0.01,0.01,2339.360801,1776211847000
1776211849.143,49.143,0.2,69.0,0.19,53.0,0.21,120.4,0.22,125.0,0.79,65.4,0.78,35.52,0.8,109.04,0.81,86.4,0.01,0.01,2339.360801,1776211847000
1776211849.364,49.364,0.2,12.41,0.19,33.0,0.21,229.51,0.22,131.0,0.79,120.4,0.78,125.0,0.8,12.41,0.81,63.0,0.01,0.01,2339.360801,1776211847000
1776211849.687,49.687,0.19,3.0,0.18,99.0,0.2,10.0,0.21,325.51,0.79,229.51,0.78,131.0,0.8,12.41,0.81,33.0,0.01,0.01,2339.375472,1776211848000
1776211849.893,49.893,0.19,3.0,0.18,99.0,0.2,10.0,0.21,325.51,0.8,10.0,0.79,325.51,0.81,3.0,0.82,99.0,0.01,0.01,2339.392374,1776211849000
1776211850.714,50.714,0.17,186.0,0.16,153.8,0.19,44.0,0.2,127.0,0.8,10.0,0.79,325.51,0.81,3.0,0.82,99.0,0.02,0.01,2339.392374,1776211849000
1776211851.108,51.108,0.18,11.78,0.17,170.0,0.19,139.0,0.2,110.0,0.81,44.0,0.8,100.0,0.82,8.0,0.83,186.0,0.01,0.01,2339.392374,1776211849000
1776211851.358,51.358,0.18,5.61,0.17,160.0,0.19,151.47,0.2,117.0,0.81,139.0,0.8,110.0,0.82,11.78,0.83,170.0,0.01,0.01,2339.239607,1776211850000
1776211852.279,52.279,0.18,40.0,0.17,250.0,0.19,242.2,0.2,122.0,0.81,242.2,0.8,122.0,0.82,40.0,0.83,250.0,0.01,0.01,2338.874454,1776211851000
1776211852.943,52.943,0.18,40.0,0.17,250.0,0.19,242.2,0.2,122.0,0.81,242.2,0.8,122.0,0.82,40.0,0.83,250.0,0.01,0.01,2338.867527,1776211852000
1776211853.817,53.817,0.17,36.38,0.16,159.8,0.18,105.0,0.19,181.73,0.81,242.2,0.8,122.0,0.82,40.0,0.83,250.0,0.01,0.01,2338.867527,1776211852000
1776211854.128,54.128,0.17,49.38,0.16,159.8,0.18,88.0,0.19,181.73,0.82,88.0,0.81,181.73,0.83,49.38,0.84,159.8,0.01,0.01,2338.749508,1776211853000
1776211854.376,54.376,0.17,53.18,0.16,166.11,0.18,173.45,0.19,186.73,0.82,173.45,0.81,186.73,0.83,63.18,0.84,166.11,0.01,0.01,2338.749508,1776211853000
1776211855.234,55.234,0.17,53.18,0.16,166.11,0.18,173.45,0.19,186.73,0.82,173.45,0.81,186.73,0.83,53.18,0.84,166.11,0.01,0.01,2338.722064,1776211854000
1776211856.011,56.011,0.17,4.0,0.16,149.8,0.18,319.45,0.19,221.73,0.82,173.45,0.81,186.73,0.83,53.18,0.84,166.11,0.01,0.01,2338.722064,1776211854000
1776211856.346,56.346,0.17,4.0,0.16,149.8,0.18,319.45,0.19,221.73,0.82,319.45,0.81,221.73,0.83,4.0,0.84,149.8,0.01,0.01,2338.880203,1776211855000
1776211856.691,56.691,0.15,180.95,0.14,176.0,0.16,82.0,0.17,91.02,0.83,137.02,0.82,173.0,0.85,191.43,0.86,176.0,0.01,0.02,2338.880203,1776211855000
1776211856.988,56.988,0.15,13.86,0.14,145.0,0.16,301.0,0.17,186.02,0.84,251.0,0.83,191.02,0.85,80.59,0.86,145.0,0.01,0.01,2338.880203,1776211855000
1776211857.489,57.489,0.13,226.76,0.12,154.19,0.15,37.08,0.16,149.0,0.85,10.08,0.84,306.0,0.86,20.0,0.87,205.0,0.02,0.01,2338.878033,1776211856000
1776211857.859,57.859,0.14,45.0,0.13,212.76,0.15,30.08,0.16,149.0,0.85,37.08,0.84,149.0,0.87,226.76,0.88,154.19,0.01,0.02,2338.878033,1776211856000
1776211858.085,58.085,0.14,34.88,0.13,221.0,0.15,30.08,0.16,154.0,0.85,30.08,0.84,154.0,0.86,34.88,0.87,221.0,0.01,0.01,2338.620751,1776211857000
1776211859.196,59.196,0.14,34.88,0.13,221.0,0.15,30.08,0.16,154.0,0.85,30.08,0.84,154.0,0.86,34.88,0.87,221.0,0.01,0.01,2338.014229,1776211858000
1776211859.845,59.845,0.14,23.0,0.13,251.8,0.15,33.08,0.16,155.0,0.85,38.08,0.84,44.0,0.86,19.09,0.87,261.8,0.01,0.01,2338.014229,1776211858000
1776211860.246,60.246,0.14,23.0,0.13,251.8,0.15,33.08,0.16,155.0,0.85,33.08,0.84,155.0,0.86,23.0,0.87,251.8,0.01,0.01,2338.288441,1776211859000
1776211860.517,60.517,0.14,102.87,0.13,369.8,0.15,38.08,0.16,44.0,0.85,33.08,0.84,155.0,0.86,23.0,0.87,251.8,0.01,0.01,2338.288441,1776211859000
1776211860.743,60.743,0.14,35.98,0.13,251.8,0.15,30.08,0.16,44.0,0.85,30.08,0.84,44.0,0.86,37.73,0.87,251.8,0.01,0.01,2338.288441,1776211859000
1776211860.962,60.962,0.14,35.98,0.13,251.8,0.15,30.08,0.16,44.0,0.85,30.08,0.84,44.0,0.86,35.98,0.87,251.8,0.01,0.01,2338.307733,1776211860000
1776211861.333,61.333,0.14,31.98,0.13,293.8,0.15,33.21,0.16,44.0,0.85,40.08,0.84,44.0,0.86,25.98,0.87,367.8,0.01,0.01,2338.307733,1776211860000
1776211861.811,61.811,0.14,15.98,0.13,261.8,0.15,33.21,0.16,44.0,0.85,33.21,0.84,44.0,0.86,31.98,0.87,293.8,0.01,0.01,2338.307733,1776211860000
1776211862.02,62.02,0.14,18.68,0.13,271.8,0.15,38.21,0.16,44.0,0.85,38.21,0.84,44.0,0.86,18.68,0.87,271.8,0.01,0.01,2338.41971,1776211861000
1776211862.68,62.68,0.14,8.63,0.13,291.8,0.15,82.21,0.16,154.0,0.85,38.21,0.84,44.0,0.86,18.68,0.87,271.8,0.01,0.01,2338.41971,1776211861000
1776211863.026,63.026,0.14,3.58,0.13,291.8,0.15,57.21,0.16,154.0,0.85,57.21,0.84,154.0,0.86,3.58,0.87,291.8,0.01,0.01,2338.411058,1776211862000
1776211863.501,63.501,0.14,14.58,0.13,301.8,0.15,148.21,0.16,154.0,0.85,57.21,0.84,154.0,0.86,3.58,0.87,291.8,0.01,0.01,2338.411058,1776211862000
1776211863.844,63.844,0.14,14.58,0.13,301.8,0.15,121.21,0.16,154.0,0.85,148.21,0.84,154.0,0.86,14.58,0.87,301.8,0.01,0.01,2338.411058,1776211862000
1776211864.11,64.11,0.14,9.58,0.13,296.8,0.15,121.21,0.16,154.0,0.85,121.21,0.84,154.0,0.86,9.58,0.87,296.8,0.01,0.01,2338.418527,1776211863000
1776211864.588,64.588,0.14,16.57,0.13,265.0,0.15,121.21,0.16,154.0,0.85,121.21,0.84,154.0,0.86,9.58,0.87,296.8,0.01,0.01,2338.418527,1776211863000
1776211865.041,65.041,0.14,0.77,0.13,150.0,0.15,126.21,0.16,164.0,0.85,121.21,0.84,154.0,0.86,16.57,0.87,265.0,0.01,0.01,2338.418527,1776211863000
1776211865.42,65.42,0.14,0.77,0.13,150.0,0.15,126.21,0.16,164.0,0.85,126.21,0.84,164.0,0.86,0.77,0.87,150.0,0.01,0.01,2338.416267,1776211864000
1776211865.88,65.88,0.13,140.0,0.12,65.09,0.15,161.21,0.16,154.0,0.85,126.21,0.84,164.0,0.86,0.77,0.87,150.0,0.02,0.01,2338.416267,1776211864000
1776211866.933,66.933,0.13,143.0,0.12,65.09,0.14,115.0,0.15,193.64,0.85,161.21,0.84,154.0,0.87,140.0,0.88,65.09,0.01,0.02,2338.416987,1776211865000
1776211867.161,67.161,0.13,143.0,0.12,65.09,0.14,115.0,0.15,193.64,0.86,115.0,0.85,193.64,0.87,143.0,0.88,65.09,0.01,0.01,2338.418358,1776211866000
1776211868.778,68.778,0.13,40.0,0.12,55.09,0.14,265.79,0.15,205.61,0.86,115.0,0.85,193.64,0.87,143.0,0.88,65.09,0.01,0.01,2338.418358,1776211866000
1776211869.021,69.021,0.13,40.0,0.12,55.09,0.14,265.79,0.15,205.61,0.86,265.79,0.85,205.61,0.87,40.0,0.88,55.09,0.01,0.01,2338.414842,1776211867000
1776211869.507,69.507,0.13,20.0,0.12,55.09,0.14,663.89,0.15,262.14,0.86,265.79,0.85,205.61,0.87,40.0,0.88,55.09,0.01,0.01,2338.414842,1776211867000
1776211869.923,69.923,0.13,8.0,0.12,55.09,0.14,267.74,0.15,197.91,0.86,663.89,0.85,262.14,0.87,20.0,0.88,55.09,0.01,0.01,2338.408952,1776211868000
1776211870.166,70.166,0.13,8.0,0.12,55.09,0.14,267.74,0.15,197.91,0.86,267.74,0.85,197.91,0.87,8.0,0.88,55.09,0.01,0.01,2338.324968,1776211869000
1776211870.379,70.379,0.13,3.01,0.12,55.09,0.14,272.74,0.15,179.58,0.86,267.74,0.85,197.91,0.87,8.0,0.88,55.09,0.01,0.01,2338.324968,1776211869000
1776211871.187,71.187,0.13,3.01,0.12,55.09,0.14,209.74,0.15,179.58,0.86,209.74,0.85,179.58,0.87,3.01,0.88,55.09,0.01,0.01,2338.285735,1776211870000
1776211871.421,71.421,0.12,58.13,0.11,160.0,0.14,163.79,0.15,79.58,0.86,209.74,0.85,179.58,0.87,3.01,0.88,55.09,0.02,0.01,2338.285735,1776211870000
1776211872.309,72.309,0.12,58.13,0.11,160.0,0.14,163.79,0.15,79.58,0.86,163.79,0.85,79.58,0.88,58.13,0.89,160.0,0.02,0.02,2338.27826,1776211871000
1776211872.856,72.856,0.12,58.13,0.11,160.0,0.14,163.79,0.15,79.58,0.86,163.79,0.85,79.58,0.88,58.13,0.89,160.0,0.02,0.02,2338.276089,1776211872000
1776211873.344,73.344,0.11,100.0,0.1,247.0,0.13,127.0,0.14,145.61,0.86,163.79,0.85,79.58,0.88,58.13,0.89,160.0,0.02,0.02,2338.276089,1776211872000
1776211873.941,73.941,0.11,100.0,0.1,247.0,0.13,127.0,0.14,145.61,0.87,127.0,0.86,145.61,0.89,100.0,0.9,247.0,0.02,0.02,2338.281713,1776211873000
1776211874.962,74.962,0.1,194.0,0.09,189.0,0.11,60.9,0.12,77.0,0.87,127.0,0.86,145.61,0.89,100.0,0.9,247.0,0.01,0.02,2338.281713,1776211873000
1776211876.153,76.153,0.1,194.0,0.09,189.0,0.11,60.9,0.12,77.0,0.89,60.9,0.88,77.0,0.9,194.0,0.91,189.0,0.01,0.01,2338.029316,1776211875000
1776211876.402,76.402,0.1,91.21,0.09,157.0,0.11,65.0,0.12,98.79,0.89,65.0,0.88,98.79,0.9,147.88,0.91,157.0,0.01,0.01,2338.029316,1776211875000
1776211876.695,76.695,0.1,14.3,0.09,107.0,0.11,75.0,0.12,98.79,0.89,75.0,0.88,98.79,0.9,0.64,0.91,107.0,0.01,0.01,2338.029316,1776211875000
1776211877.014,77.014,0.1,7.3,0.09,107.0,0.11,70.0,0.12,98.79,0.89,75.0,0.88,98.79,0.9,12.3,0.91,107.0,0.01,0.01,2338.029316,1776211875000
1776211877.227,77.227,0.09,29.65,0.08,181.9,0.1,10.0,0.11,75.0,0.9,10.0,0.89,75.0,0.91,29.65,0.92,181.9,0.01,0.01,2337.904391,1776211876000
1776211877.642,77.642,0.09,53.0,0.08,181.9,0.1,46.76,0.11,40.0,0.9,10.0,0.89,75.0,0.91,29.65,0.92,181.9,0.01,0.01,2337.904391,1776211876000
1776211878.01,78.01,0.09,47.05,0.08,181.9,0.1,46.76,0.11,40.0,0.9,41.76,0.89,40.0,0.91,62.05,0.92,181.9,0.01,0.01,2337.904391,1776211876000
1776211878.357,78.357,0.09,45.05,0.08,181.9,0.1,46.76,0.11,45.0,0.9,46.76,0.89,45.0,0.91,45.05,0.92,181.9,0.01,0.01,2337.870114,1776211877000
1776211878.935,78.935,0.09,45.05,0.08,181.9,0.1,46.76,0.11,45.0,0.9,46.76,0.89,45.0,0.91,45.05,0.92,181.9,0.01,0.01,2337.871751,1776211878000
1776211879.422,79.422,0.09,78.0,0.08,179.9,0.1,132.41,0.11,5.0,0.9,46.76,0.89,45.0,0.91,45.05,0.92,181.9,0.01,0.01,2337.871751,1776211878000
1776211879.67,79.67,0.09,100.0,0.08,279.9,0.1,57.08,0.11,5.0,0.9,77.28,0.89,5.0,0.91,95.0,0.92,179.9,0.01,0.01,2337.871751,1776211878000
1776211879.968,79.968,0.09,240.0,0.08,279.9,0.1,17.28,0.11,5.0,0.9,57.08,0.89,5.0,0.91,100.0,0.92,279.9,0.01,0.01,2337.871751,1776211878000
1776211880.41,80.41,0.11,122.31,0.1,150.0,0.12,14.95,0.13,35.0,0.88,14.95,0.87,35.0,0.9,50.0,0.91,313.0,0.01,0.02,2337.93425,1776211879000
1776211880.719,80.719,0.11,164.67,0.1,157.0,0.12,14.95,0.13,35.0,0.88,14.95,0.87,35.0,0.89,115.39,0.9,157.0,0.01,0.01,2337.93425,1776211879000
1776211881.05,81.05,0.11,285.79,0.1,192.0,0.12,9.9,0.13,25.0,0.88,14.95,0.87,35.0,0.89,164.67,0.9,157.0,0.01,0.01,2337.93425,1776211879000
1776211881.807,81.807,0.13,186.68,0.12,144.1,0.14,71.05,0.15,10.0,0.86,61.05,0.85,5.0,0.87,10.0,0.88,196.1,0.01,0.01,2337.939,1776211880000
1776211882.296,82.296,0.13,100.4,0.12,151.1,0.14,71.05,0.15,10.0,0.86,71.05,0.85,10.0,0.87,100.4,0.88,151.1,0.01,0.01,2338.567776,1776211881000
1776211883.145,83.145,0.13,132.0,0.12,151.1,0.14,61.05,0.15,10.0,0.86,71.05,0.85,10.0,0.87,100.4,0.88,151.1,0.01,0.01,2338.567776,1776211881000
1776211883.383,83.383,0.13,110.0,0.12,151.1,0.14,61.05,0.15,10.0,0.86,61.05,0.85,10.0,0.87,120.5,0.88,151.1,0.01,0.01,2338.567776,1776211881000
1776211884.073,84.073,0.13,110.0,0.12,151.1,0.14,61.05,0.15,10.0,0.86,61.05,0.85,10.0,0.87,110.0,0.88,151.1,0.01,0.01,2339.061071,1776211883000
1776211884.373,84.373,0.13,132.58,0.12,127.0,0.14,61.05,0.15,20.0,0.86,61.05,0.85,10.0,0.87,110.0,0.88,151.1,0.01,0.01,2339.061071,1776211883000
1776211884.992,84.992,0.13,144.58,0.12,167.0,0.14,61.05,0.15,20.0,0.86,61.05,0.85,20.0,0.87,132.58,0.88,127.0,0.01,0.01,2339.061071,1776211883000
1776211885.399,85.399,0.13,68.58,0.12,107.0,0.14,66.05,0.15,20.0,0.86,66.05,0.85,20.0,0.87,68.58,0.88,107.0,0.01,0.01,2339.085016,1776211884000
1776211885.897,85.897,0.13,68.58,0.12,107.0,0.14,66.05,0.15,20.0,0.86,66.05,0.85,20.0,0.87,68.58,0.88,107.0,0.01,0.01,2339.210789,1776211885000
1776211886.522,86.522,0.13,37.58,0.12,37.0,0.14,27.05,0.15,15.0,0.86,66.05,0.85,20.0,0.87,68.58,0.88,107.0,0.01,0.01,2339.210789,1776211885000
1776211886.811,86.811,0.13,54.58,0.12,77.0,0.14,17.05,0.15,15.0,0.86,17.05,0.85,15.0,0.87,69.58,0.88,76.0,0.01,0.01,2339.210789,1776211885000
1776211887.032,87.032,0.13,54.58,0.12,77.0,0.14,17.05,0.15,15.0,0.86,17.05,0.85,15.0,0.87,54.58,0.88,77.0,0.01,0.01,2339.278361,1776211886000
1776211888.158,88.158,0.13,54.58,0.12,77.0,0.14,17.05,0.15,15.0,0.86,17.05,0.85,15.0,0.87,54.58,0.88,77.0,0.01,0.01,2339.285611,1776211887000
1776211888.631,88.631,0.13,63.0,0.12,85.0,0.14,42.05,0.15,20.0,0.86,17.05,0.85,15.0,0.87,54.58,0.88,77.0,0.01,0.01,2339.285611,1776211887000
1776211889.185,89.185,0.13,33.0,0.12,107.0,0.15,2.05,0.16,35.0,0.86,37.05,0.85,20.0,0.87,13.0,0.88,85.0,0.02,0.01,2339.285611,1776211887000
1776211889.441,89.441,0.13,33.0,0.12,107.0,0.15,2.05,0.16,35.0,0.85,2.05,0.84,35.0,0.87,33.0,0.88,107.0,0.02,0.02,2339.259707,1776211888000
1776211890.185,90.185,0.14,32.0,0.13,118.86,0.15,12.05,0.16,15.0,0.85,2.05,0.84,35.0,0.87,33.0,0.88,107.0,0.01,0.02,2339.259707,1776211888000
1776211890.391,90.391,0.14,89.9,0.13,175.86,0.16,8.05,0.17,121.02,0.84,8.05,0.83,121.02,0.86,89.9,0.87,175.86,0.02,0.02,2339.236394,1776211889000
1776211891.061,91.061,0.15,15.0,0.14,93.9,0.17,108.07,0.18,55.0,0.83,108.07,0.82,55.0,0.85,15.0,0.86,93.9,0.02,0.02,2339.320304,1776211890000
1776211891.795,91.795,0.15,143.0,0.14,81.9,0.17,53.07,0.18,60.0,0.83,108.07,0.82,55.0,0.85,15.0,0.86,93.9,0.02,0.02,2339.320304,1776211890000
1776211892.167,92.167,0.15,143.0,0.14,81.9,0.17,53.07,0.18,60.0,0.83,53.07,0.82,60.0,0.85,143.0,0.86,81.9,0.02,0.02,2339.591681,1776211891000
1776211892.641,92.641,0.16,120.0,0.15,109.2,0.17,34.07,0.18,55.0,0.83,53.07,0.82,60.0,0.85,143.0,0.86,81.9,0.01,0.02,2339.591681,1776211891000
1776211893.409,93.409,0.16,100.0,0.15,109.2,0.18,44.07,0.19,266.73,0.83,24.07,0.82,55.0,0.84,120.0,0.85,109.2,0.02,0.01,2339.591681,1776211891000
1776211893.651,93.651,0.16,75.0,0.15,109.2,0.17,17.0,0.18,63.07,0.82,44.07,0.81,266.73,0.84,100.0,0.85,109.2,0.01,0.02,2339.610678,1776211892000
1776211893.965,93.965,0.15,119.2,0.14,66.9,0.17,0.29,0.18,88.07,0.83,17.0,0.82,63.07,0.84,75.0,0.85,109.2,0.02,0.01,2339.610678,1776211892000
1776211894.235,94.235,0.16,5.0,0.15,119.2,0.18,65.12,0.19,266.73,0.82,65.12,0.81,266.73,0.84,5.0,0.85,119.2,0.02,0.02,2339.811131,1776211893000
1776211895.243,95.243,0.15,65.0,0.14,103.9,0.17,8.52,0.18,57.0,0.82,65.12,0.81,266.73,0.84,5.0,0.85,119.2,0.02,0.02,2339.811131,1776211893000
1776211895.944,95.944,0.15,65.0,0.14,103.9,0.17,8.52,0.18,57.0,0.83,8.52,0.82,57.0,0.85,65.0,0.86,103.9,0.02,0.02,2339.87839,1776211895000
1776211896.388,96.388,0.14,22.87,0.12,25.0,0.16,87.0,0.17,38.52,0.83,8.52,0.82,57.0,0.85,65.0,0.86,103.9,0.02,0.02,2339.87839,1776211895000
1776211896.682,96.682,0.14,12.77,0.12,25.0,0.15,82.4,0.16,84.0,0.85,82.0,0.84,90.0,0.86,22.77,0.88,25.0,0.01,0.01,2339.87839,1776211895000
1776211897.097,97.097,0.12,25.0,0.11,106.79,0.14,8.23,0.15,98.4,0.86,8.23,0.85,98.4,0.88,25.0,0.89,106.79,0.02,0.02,2339.707639,1776211896000
1776211897.654,97.654,0.11,88.0,0.1,125.0,0.12,33.16,0.13,70.0,0.86,8.23,0.85,98.4,0.88,25.0,0.89,106.79,0.01,0.02,2339.707639,1776211896000
1776211898.404,98.404,0.11,88.0,0.1,125.0,0.12,33.16,0.13,70.0,0.88,33.16,0.87,70.0,0.89,88.0,0.9,125.0,0.01,0.01,2339.37615,1776211897000
1776211898.839,98.839,0.11,50.0,0.1,75.0,0.12,12.32,0.13,45.0,0.88,33.16,0.87,70.0,0.89,88.0,0.9,125.0,0.01,0.01,2339.37615,1776211897000
1776211899.484,99.484,0.09,125.0,0.08,253.9,0.1,9.0,0.11,10.0,0.9,9.0,0.89,10.0,0.91,125.0,0.92,253.9,0.01,0.01,2339.129556,1776211898000
1776211900.102,100.102,0.09,212.0,0.08,263.9,0.1,6.63,0.11,10.0,0.9,1.0,0.89,10.0,0.91,125.0,0.92,253.9,0.01,0.01,2339.129556,1776211898000
1776211900.68,100.68,0.09,205.22,0.08,263.9,0.1,8.0,0.11,4.2,0.89,4.2,0.88,35.32,0.91,212.0,0.92,263.9,0.01,0.02,2338.940342,1776211899000
1776211901.369,101.369,0.09,205.22,0.08,263.9,0.12,42.0,0.13,45.0,0.88,42.0,0.87,45.0,0.91,205.22,0.92,263.9,0.03,0.03,2338.314936,1776211900000
1776211901.959,101.959,0.09,205.22,0.08,263.9,0.12,42.0,0.13,45.0,0.88,42.0,0.87,45.0,0.91,205.22,0.92,263.9,0.03,0.03,2338.39266,1776211901000
1776211903.207,103.207,0.09,205.22,0.08,263.9,0.12,42.0,0.13,45.0,0.88,42.0,0.87,45.0,0.91,205.22,0.92,263.9,0.03,0.03,2338.439428,1776211902000
1776211903.669,103.669,0.09,6.22,0.08,264.0,0.1,117.0,0.11,115.0,0.88,42.0,0.87,45.0,0.91,205.22,0.92,263.9,0.01,0.03,2338.439428,1776211902000
1776211904.312,104.312,0.08,259.14,0.07,215.3,0.09,136.0,0.1,138.0,0.91,136.0,0.9,138.0,0.92,259.14,0.93,215.3,0.01,0.01,2338.432372,1776211903000
1776211905.427,105.427,0.08,285.66,0.07,286.3,0.09,97.33,0.1,110.0,0.91,97.33,0.9,110.0,0.92,285.66,0.93,286.3,0.01,0.01,2338.43041,1776211904000
1776211905.988,105.988,0.08,285.66,0.07,286.3,0.09,97.33,0.1,110.0,0.91,97.33,0.9,110.0,0.92,285.66,0.93,286.3,0.01,0.01,2338.331665,1776211905000
1776211906.382,106.382,0.08,281.66,0.07,286.3,0.09,29.33,0.12,42.0,0.91,155.33,0.9,15.0,0.92,258.04,0.93,286.3,0.01,0.01,2338.331665,1776211905000
1776211906.589,106.589,0.08,342.66,0.07,286.3,0.12,62.0,0.13,150.0,0.91,29.33,0.88,42.0,0.92,281.66,0.93,286.3,0.04,0.01,2338.331665,1776211905000
1776211907.149,107.149,0.09,9.78,0.08,196.66,0.12,57.0,0.13,157.0,0.88,57.0,0.87,157.0,0.91,9.78,0.92,196.66,0.03,0.03,2338.326565,1776211906000
1776211907.353,107.353,0.11,16.0,0.09,145.78,0.12,55.0,0.13,157.0,0.88,57.0,0.87,157.0,0.91,9.78,0.92,196.66,0.01,0.03,2338.326565,1776211906000
1776211907.831,107.831,0.12,35.8,0.11,30.66,0.13,30.0,0.14,30.0,0.88,45.0,0.87,62.0,0.89,15.66,0.9,10.0,0.01,0.01,2338.326565,1776211906000
1776211908.052,108.052,0.12,25.34,0.11,30.66,0.13,40.0,0.14,35.0,0.87,30.0,0.86,30.0,0.88,35.8,0.89,30.66,0.01,0.01,2338.326565,1776211906000
1776211908.263,108.263,0.12,25.34,0.11,30.66,0.13,40.0,0.14,35.0,0.87,40.0,0.86,35.0,0.88,25.34,0.89,30.66,0.01,0.01,2338.469703,1776211907000
1776211909.356,109.356,0.12,59.34,0.11,115.45,0.13,35.0,0.14,35.0,0.87,40.0,0.86,35.0,0.88,25.34,0.89,30.66,0.01,0.01,2338.469703,1776211907000
1776211909.559,109.559,0.12,59.34,0.11,115.45,0.13,35.0,0.14,35.0,0.87,35.0,0.86,35.0,0.88,59.34,0.89,115.45,0.01,0.01,2338.729433,1776211908000
1776211910.001,110.001,0.12,170.44,0.11,200.45,0.13,30.0,0.14,20.0,0.87,35.0,0.86,35.0,0.88,59.34,0.89,115.45,0.01,0.01,2338.729433,1776211908000
1776211910.288,110.288,0.15,67.0,0.14,10.0,0.17,12.52,0.18,30.0,0.87,30.0,0.86,20.0,0.88,170.44,0.89,200.45,0.02,0.01,2338.948035,1776211909000
1776211910.651,110.651,0.16,77.94,0.15,50.0,0.17,10.0,0.18,20.0,0.83,12.52,0.82,30.0,0.85,67.0,0.86,10.0,0.01,0.02,2338.948035,1776211909000
1776211910.863,110.863,0.17,85.54,0.16,90.0,0.18,10.0,0.19,311.73,0.83,10.0,0.82,20.0,0.84,77.94,0.85,50.0,0.01,0.01,2338.948035,1776211909000
1776211911.279,111.279,0.18,22.0,0.17,10.0,0.19,279.36,0.2,20.0,0.81,279.36,0.8,20.0,0.82,22.0,0.83,10.0,0.01,0.01,2339.175329,1776211910000
1776211911.773,111.773,0.18,59.58,0.17,10.0,0.19,189.36,0.2,20.0,0.81,184.36,0.8,20.0,0.82,101.58,0.83,10.0,0.01,0.01,2339.175329,1776211910000
1776211912.289,112.289,0.18,43.48,0.17,10.0,0.19,194.36,0.2,20.0,0.81,189.36,0.8,20.0,0.82,59.58,0.83,10.0,0.01,0.01,2339.175329,1776211910000
1776211912.506,112.506,0.18,43.48,0.17,10.0,0.19,194.36,0.2,20.0,0.81,194.36,0.8,20.0,0.82,43.48,0.83,10.0,0.01,0.01,2339.564398,1776211911000
1776211913.137,113.137,0.18,40.38,0.17,10.0,0.19,119.36,0.2,25.0,0.81,119.36,0.8,25.0,0.82,40.38,0.83,10.0,0.01,0.01,2339.834,1776211912000
1776211914.847,114.847,0.18,15.61,0.16,56.92,0.19,48.83,0.2,25.0,0.81,119.36,0.8,25.0,0.82,40.38,0.83,10.0,0.01,0.01,2339.834,1776211912000
1776211915.392,115.392,0.18,15.61,0.16,66.92,0.19,11.19,0.2,25.0,0.81,11.19,0.8,25.0,0.82,15.61,0.84,66.92,0.01,0.01,2339.758179,1776211914000
1776211915.842,115.842,0.18,15.61,0.16,66.92,0.19,11.19,0.2,25.0,0.81,11.19,0.8,25.0,0.82,15.61,0.84,66.92,0.01,0.01,2339.737665,1776211915000
1776211916.919,116.919,0.18,15.61,0.16,66.92,0.19,11.19,0.2,25.0,0.81,11.19,0.8,25.0,0.82,15.61,0.84,66.92,0.01,0.01,2339.781968,1776211916000
1776211918.031,118.031,0.18,15.61,0.16,66.92,0.19,11.19,0.2,25.0,0.81,11.19,0.8,25.0,0.82,15.61,0.84,66.92,0.01,0.01,2339.746822,1776211917000
1776211919.172,119.172,0.18,15.61,0.16,66.92,0.19,11.19,0.2,25.0,0.81,11.19,0.8,25.0,0.82,15.61,0.84,66.92,0.01,0.01,2339.792129,1776211918000
1776211920.313,120.313,0.18,15.61,0.16,66.92,0.19,11.19,0.2,25.0,0.81,11.19,0.8,25.0,0.82,15.61,0.84,66.92,0.01,0.01,2339.722842,1776211919000
1776211920.748,120.748,0.16,74.11,0.15,40.0,0.18,19.05,0.19,121.19,0.81,11.19,0.8,25.0,0.82,15.61,0.84,66.92,0.02,0.01,2339.722842,1776211919000
1776211921.457,121.457,0.16,74.11,0.15,40.0,0.18,19.05,0.19,121.19,0.82,19.05,0.81,121.19,0.84,74.11,0.85,40.0,0.02,0.02,2339.759864,1776211920000
1776211922.023,122.023,0.16,74.11,0.15,40.0,0.18,19.05,0.19,121.19,0.82,19.05,0.81,121.19,0.84,74.11,0.85,40.0,0.02,0.02,2339.892373,1776211921000
1776211923.118,123.118,0.13,51.8,0.12,136.1,0.14,132.86,0.15,80.0,0.86,132.86,0.85,80.0,0.87,51.8,0.88,136.1,0.01,0.01,2339.876384,1776211922000
1776211924.043,124.043,0.13,72.46,0.12,146.1,0.14,93.86,0.15,33.0,0.86,132.86,0.85,80.0,0.87,51.8,0.88,136.1,0.01,0.01,2339.876384,1776211922000
1776211924.288,124.288,0.13,72.46,0.12,146.1,0.14,93.86,0.15,33.0,0.86,93.86,0.85,33.0,0.87,72.46,0.88,146.1,0.01,0.01,2339.663669,1776211923000
1776211924.841,124.841,0.13,122.66,0.12,136.1,0.14,60.86,0.15,20.0,0.86,93.86,0.85,33.0,0.87,72.46,0.88,146.1,0.01,0.01,2339.663669,1776211923000
1776211925.295,125.295,0.13,227.07,0.12,182.1,0.14,35.86,0.15,5.0,0.86,60.86,0.85,20.0,0.87,122.66,0.88,136.1,0.01,0.01,2339.663669,1776211923000
1776211926.04,126.04,0.13,217.07,0.12,176.1,0.14,18.86,0.15,5.0,0.86,18.86,0.85,5.0,0.87,217.07,0.88,176.1,0.01,0.01,2339.646794,1776211925000
1776211927.198,127.198,0.13,217.07,0.12,176.1,0.14,18.86,0.15,5.0,0.86,18.86,0.85,5.0,0.87,217.07,0.88,176.1,0.01,0.01,2339.762663,1776211926000
1776211928.03,128.03,0.13,114.92,0.12,186.1,0.14,13.86,0.15,15.0,0.86,18.86,0.85,5.0,0.87,217.07,0.88,176.1,0.01,0.01,2339.762663,1776211926000
1776211928.23,128.23,0.13,114.92,0.12,186.1,0.14,13.86,0.15,15.0,0.86,13.86,0.85,15.0,0.87,114.92,0.88,186.1,0.01,0.01,2339.785654,1776211927000
1776211929.302,129.302,0.13,114.92,0.12,186.1,0.14,13.86,0.15,15.0,0.86,13.86,0.85,15.0,0.87,114.92,0.88,186.1,0.01,0.01,2339.777069,1776211928000
1776211929.882,129.882,0.13,79.59,0.12,161.1,0.14,13.86,0.15,15.0,0.86,13.86,0.85,15.0,0.87,79.59,0.88,161.1,0.01,0.01,2339.76486,1776211929000
1776211930.891,130.891,0.13,79.59,0.12,161.1,0.14,13.86,0.15,15.0,0.86,13.86,0.85,15.0,0.87,79.59,0.88,161.1,0.01,0.01,2339.775788,1776211930000
1776211931.402,131.402,0.13,89.79,0.12,127.0,0.14,11.36,0.15,132.64,0.86,18.86,0.85,132.64,0.87,94.79,0.88,171.1,0.01,0.01,2339.775788,1776211930000
1776211931.881,131.881,0.13,60.9,0.12,70.0,0.14,16.36,0.15,132.64,0.86,11.36,0.85,132.64,0.87,94.79,0.88,127.0,0.01,0.01,2339.775788,1776211930000
1776211932.136,132.136,0.13,5.9,0.12,70.0,0.14,79.36,0.15,137.64,0.86,16.36,0.85,132.64,0.87,60.9,0.88,70.0,0.01,0.01,2339.757271,1776211931000
1776211932.744,132.744,0.12,58.41,0.11,146.79,0.13,43.0,0.14,144.05,0.86,74.36,0.85,137.64,0.88,45.0,0.89,95.0,0.01,0.02,2339.757271,1776211931000
1776211933.012,133.012,0.12,58.41,0.11,146.79,0.13,43.0,0.14,144.05,0.87,43.0,0.86,144.05,0.88,58.41,0.89,146.79,0.01,0.01,2339.756547,1776211932000
1776211934.097,134.097,0.12,58.41,0.11,146.79,0.13,43.0,0.14,144.05,0.87,43.0,0.86,144.05,0.88,58.41,0.89,146.79,0.01,0.01,2339.592834,1776211933000
1776211934.737,134.737,0.14,179.21,0.13,10.0,0.15,103.5,0.17,115.42,0.85,109.1,0.83,115.42,0.87,20.0,0.88,38.41,0.01,0.02,2339.592834,1776211933000
1776211935.176,135.176,0.14,179.21,0.13,40.0,0.15,53.63,0.16,5.0,0.85,53.63,0.84,5.0,0.86,179.21,0.87,40.0,0.01,0.01,2339.511292,1776211934000
1776211936.119,136.119,0.14,158.21,0.13,10.0,0.15,34.63,0.16,5.0,0.85,34.63,0.84,5.0,0.86,158.21,0.87,10.0,0.01,0.01,2339.777318,1776211935000
1776211937.081,137.081,0.14,158.21,0.13,10.0,0.15,34.63,0.16,5.0,0.85,34.63,0.84,5.0,0.86,158.21,0.87,10.0,0.01,0.01,2340.101794,1776211936000
1776211937.459,137.459,0.14,177.56,0.13,115.8,0.15,27.63,0.16,15.0,0.85,87.63,0.84,15.0,0.86,102.56,0.87,125.8,0.01,0.01,2340.101794,1776211936000
1776211938.094,138.094,0.14,177.56,0.13,115.8,0.15,27.63,0.16,15.0,0.85,27.63,0.84,15.0,0.86,177.56,0.87,115.8,0.01,0.01,2340.118583,1776211937000
1776211939.088,139.088,0.14,177.56,0.13,115.8,0.15,27.63,0.16,15.0,0.85,27.63,0.84,15.0,0.86,177.56,0.87,115.8,0.01,0.01,2340.080503,1776211938000
1776211940.052,140.052,0.14,177.56,0.13,115.8,0.15,27.63,0.16,15.0,0.85,27.63,0.84,15.0,0.86,177.56,0.87,115.8,0.01,0.01,2340.083356,1776211939000
1776211940.444,140.444,0.14,94.21,0.13,115.8,0.15,60.63,0.16,25.0,0.85,27.63,0.84,15.0,0.86,177.56,0.87,115.8,0.01,0.01,2340.083356,1776211939000
1776211941.054,141.054,0.14,89.21,0.13,115.8,0.15,70.63,0.16,15.0,0.85,70.63,0.84,15.0,0.86,89.21,0.87,115.8,0.01,0.01,2340.093204,1776211940000
1776211941.266,141.266,0.13,6.0,0.12,69.1,0.14,16.0,0.15,33.63,0.85,43.63,0.84,20.0,0.86,6.23,0.87,40.0,0.01,0.01,2340.093204,1776211940000
1776211942.598,142.598,0.13,6.0,0.12,69.1,0.14,16.0,0.15,33.63,0.86,16.0,0.85,33.63,0.87,6.0,0.88,69.1,0.01,0.01,2340.042396,1776211941000
1776211943.196,143.196,0.13,6.0,0.12,69.1,0.14,16.0,0.15,33.63,0.86,16.0,0.85,33.63,0.87,6.0,0.88,69.1,0.01,0.01,2339.929442,1776211942000
1776211944.309,144.309,0.13,6.0,0.12,69.1,0.14,16.0,0.15,33.63,0.86,16.0,0.85,33.63,0.87,6.0,0.88,69.1,0.01,0.01,2339.912278,1776211943000
1776211944.683,144.683,0.12,119.87,0.11,279.79,0.13,16.0,0.14,21.0,0.86,16.0,0.85,33.63,0.87,6.0,0.88,69.1,0.01,0.01,2339.912278,1776211943000
1776211945.182,145.182,0.12,119.87,0.11,279.79,0.13,16.0,0.14,21.0,0.87,16.0,0.86,21.0,0.88,119.87,0.89,279.79,0.01,0.01,2339.912223,1776211944000
1776211945.618,145.618,0.12,7.0,0.11,128.0,0.13,221.61,0.14,131.0,0.87,16.0,0.86,21.0,0.88,119.87,0.89,279.79,0.01,0.01,2339.912223,1776211944000
1776211946.286,146.286,0.11,35.0,0.1,185.0,0.12,14.29,0.13,185.61,0.88,14.29,0.87,185.61,0.89,35.0,0.9,185.0,0.01,0.01,2339.912223,1776211945000
1776211947.24,147.24,0.11,109.18,0.1,235.0,0.12,1.63,0.13,33.61,0.88,1.63,0.87,33.61,0.89,109.18,0.9,235.0,0.01,0.01,2339.702323,1776211946000
1776211948.221,148.221,0.11,109.18,0.1,235.0,0.12,1.63,0.13,33.61,0.88,1.63,0.87,33.61,0.89,109.18,0.9,235.0,0.01,0.01,2339.756157,1776211947000
1776211948.857,148.857,0.12,69.46,0.11,175.97,0.13,10.0,0.14,30.0,0.88,1.63,0.87,33.61,0.89,109.18,0.9,235.0,0.01,0.01,2339.756157,1776211947000
1776211949.222,149.222,0.12,84.46,0.11,175.97,0.14,27.0,0.15,10.0,0.86,27.0,0.85,10.0,0.88,84.46,0.89,175.97,0.02,0.02,2339.92159,1776211948000
1776211949.473,149.473,0.12,93.32,0.11,175.97,0.13,10.0,0.14,27.0,0.86,27.0,0.85,10.0,0.88,84.46,0.89,175.97,0.01,0.02,2339.92159,1776211948000
1776211950.203,150.203,0.12,93.32,0.11,175.97,0.13,10.0,0.14,27.0,0.87,10.0,0.86,27.0,0.88,93.32,0.89,175.97,0.01,0.01,2339.921464,1776211949000
1776211950.975,150.975,0.12,84.15,0.11,180.97,0.13,10.0,0.14,27.0,0.87,10.0,0.86,27.0,0.88,93.32,0.89,175.97,0.01,0.01,2339.921464,1776211949000
1776211951.186,151.186,0.12,78.92,0.11,180.97,0.13,10.0,0.14,27.0,0.87,10.0,0.86,27.0,0.88,78.92,0.89,180.97,0.01,0.01,2339.953671,1776211950000
1776211951.813,151.813,0.13,104.92,0.12,10.0,0.14,15.0,0.15,15.0,0.86,20.0,0.84,20.0,0.87,64.65,0.88,35.0,0.01,0.01,2339.953671,1776211950000
1776211952.735,152.735,0.13,104.92,0.12,10.0,0.14,15.0,0.15,15.0,0.86,15.0,0.85,15.0,0.87,104.92,0.88,10.0,0.01,0.01,2340.043169,1776211951000
1776211953.29,153.29,0.13,104.92,0.12,10.0,0.14,15.0,0.15,15.0,0.86,15.0,0.85,15.0,0.87,104.92,0.88,10.0,0.01,0.01,2340.107459,1776211952000
1776211954.361,154.361,0.13,104.92,0.12,10.0,0.14,15.0,0.15,15.0,0.86,15.0,0.85,15.0,0.87,104.92,0.88,10.0,0.01,0.01,2340.212096,1776211953000
1776211954.789,154.789,0.13,104.92,0.12,10.0,0.14,15.0,0.15,15.0,0.86,15.0,0.85,15.0,0.87,104.92,0.88,10.0,0.01,0.01,2340.127825,1776211954000
1776211955.168,155.168,0.13,42.83,0.12,10.0,0.14,10.0,0.15,10.0,0.86,15.0,0.85,15.0,0.87,104.92,0.88,10.0,0.01,0.01,2340.127825,1776211954000
1776211956.366,156.366,0.13,42.83,0.12,10.0,0.14,10.0,0.15,10.0,0.86,10.0,0.85,10.0,0.87,42.83,0.88,10.0,0.01,0.01,2340.099562,1776211955000
1776211956.937,156.937,0.13,42.83,0.12,10.0,0.14,10.0,0.15,10.0,0.86,10.0,0.85,10.0,0.87,42.83,0.88,10.0,0.01,0.01,2340.111798,1776211956000
1776211957.936,157.936,0.12,78.0,0.11,65.0,0.13,10.0,0.15,10.0,0.86,10.0,0.85,10.0,0.87,42.83,0.88,10.0,0.01,0.01,2340.111798,1776211956000
1776211958.529,158.529,0.12,78.0,0.11,65.0,0.13,10.0,0.15,10.0,0.87,10.0,0.85,10.0,0.88,78.0,0.89,65.0,0.01,0.01,2340.192841,1776211957000
1776211959.156,159.156,0.12,1.41,0.11,55.0,0.13,10.0,0.14,20.0,0.87,10.0,0.86,20.0,0.88,1.41,0.89,55.0,0.01,0.01,2340.154033,1776211958000
1776211960.439,160.439,0.11,56.0,0.1,150.0,0.12,15.0,0.13,25.0,0.88,15.0,0.87,25.0,0.89,56.0,0.9,150.0,0.01,0.01,2340.088267,1776211959000
1776211961.063,161.063,0.15,216.0,0.14,10.0,0.16,10.0,0.17,30.0,0.84,10.0,0.83,30.0,0.85,216.0,0.86,10.0,0.01,0.01,2340.112533,1776211960000
1776211961.652,161.652,0.16,10.0,0.15,109.0,0.17,25.0,0.18,15.0,0.8,59.75,0.79,196.7,0.81,118.0,0.82,20.0,0.01,0.01,2340.112533,1776211960000
1776211961.854,161.854,0.15,80.12,0.13,32.0,0.16,10.0,0.17,85.0,0.84,10.0,0.83,85.0,0.85,86.0,0.87,32.0,0.01,0.01,2340.112533,1776211960000
1776211962.277,162.277,0.15,80.12,0.13,32.0,0.16,10.0,0.17,85.0,0.84,10.0,0.83,85.0,0.85,80.12,0.87,32.0,0.01,0.01,2340.510935,1776211961000
1776211962.643,162.643,0.15,63.69,0.13,10.0,0.16,131.86,0.17,118.0,0.84,10.0,0.83,85.0,0.85,80.12,0.87,32.0,0.01,0.01,2340.510935,1776211961000
1776211962.938,162.938,0.15,57.95,0.13,10.0,0.16,109.86,0.17,86.0,0.84,131.86,0.83,118.0,0.85,63.69,0.87,10.0,0.01,0.01,2340.510935,1776211961000
1776211963.197,163.197,0.15,37.33,0.13,10.0,0.16,196.86,0.17,106.0,0.84,136.86,0.83,106.0,0.85,42.3,0.87,10.0,0.01,0.01,2340.510935,1776211961000
1776211963.402,163.402,0.15,3.55,0.13,10.0,0.16,159.86,0.17,106.0,0.84,159.86,0.83,106.0,0.85,6.33,0.87,10.0,0.01,0.01,2340.510935,1776211961000
1776211963.687,163.687,0.15,20.32,0.12,78.1,0.16,78.36,0.17,83.0,0.84,153.86,0.83,100.0,0.85,4.32,0.88,32.0,0.01,0.01,2340.618875,1776211962000
1776211964.379,164.379,0.12,65.52,0.11,64.0,0.16,73.36,0.17,83.0,0.84,73.36,0.83,83.0,0.88,65.52,0.89,64.0,0.04,0.04,2340.249283,1776211963000
1776211965.074,165.074,0.12,65.52,0.11,64.0,0.16,73.36,0.17,83.0,0.84,73.36,0.83,83.0,0.88,65.52,0.89,64.0,0.04,0.04,2339.916333,1776211964000
1776211966.192,166.192,0.11,54.98,0.1,253.2,0.12,49.0,0.13,32.0,0.84,73.36,0.83,83.0,0.88,65.52,0.89,64.0,0.01,0.04,2339.916333,1776211964000
1776211966.8,166.8,0.11,44.04,0.1,293.2,0.12,117.0,0.13,37.0,0.88,59.0,0.87,47.0,0.89,42.09,0.9,293.2,0.01,0.01,2339.891691,1776211965000
1776211967.036,167.036,0.11,36.07,0.1,293.2,0.12,117.0,0.13,37.0,0.88,117.0,0.87,37.0,0.89,36.07,0.9,293.2,0.01,0.01,2339.917265,1776211966000
1776211967.255,167.255,0.11,600.84,0.1,185.0,0.12,112.0,0.13,37.0,0.88,117.0,0.87,37.0,0.89,36.07,0.9,293.2,0.01,0.01,2339.917265,1776211966000
1776211968.235,168.235,0.11,120.84,0.1,185.0,0.12,90.29,0.13,37.0,0.88,112.0,0.87,37.0,0.89,600.84,0.9,185.0,0.01,0.01,2339.917265,1776211966000
1776211968.854,168.854,0.11,33.84,0.1,185.0,0.12,49.62,0.13,37.0,0.88,90.29,0.87,37.0,0.89,120.84,0.9,185.0,0.01,0.01,2339.90815,1776211967000
1776211970.174,170.174,0.11,33.84,0.1,185.0,0.12,49.62,0.13,37.0,0.88,49.62,0.87,37.0,0.89,33.84,0.9,185.0,0.01,0.01,2339.91542,1776211969000
1776211971.365,171.365,0.11,33.84,0.1,185.0,0.12,49.62,0.13,37.0,0.88,49.62,0.87,37.0,0.89,33.84,0.9,185.0,0.01,0.01,2339.926925,1776211970000
1776211971.98,171.98,0.11,33.84,0.1,185.0,0.12,49.62,0.13,37.0,0.88,49.62,0.87,37.0,0.89,33.84,0.9,185.0,0.01,0.01,2339.95391,1776211971000
1776211972.421,172.421,0.11,32.84,0.1,180.0,0.12,158.62,0.13,158.0,0.88,49.62,0.87,37.0,0.89,33.84,0.9,185.0,0.01,0.01,2339.95391,1776211971000
1776211972.737,172.737,0.11,20.84,0.1,170.0,0.12,173.62,0.13,193.0,0.88,158.62,0.87,158.0,0.89,32.84,0.9,180.0,0.01,0.01,2339.95391,1776211971000
1776211973.31,173.31,0.1,170.0,0.09,244.0,0.11,29.16,0.12,173.62,0.89,29.16,0.88,173.62,0.9,170.0,0.91,244.0,0.01,0.01,2339.901581,1776211972000
1776211973.687,173.687,0.1,170.0,0.09,244.0,0.11,173.29,0.12,158.62,0.89,29.16,0.88,173.62,0.9,170.0,0.91,244.0,0.01,0.01,2339.901581,1776211972000
1776211974.024,174.024,0.1,170.0,0.09,244.0,0.11,173.29,0.12,158.62,0.89,173.29,0.88,158.62,0.9,170.0,0.91,244.0,0.01,0.01,2339.764654,1776211973000
1776211975.798,175.798,0.1,9.0,0.09,244.0,0.11,231.36,0.12,271.72,0.89,173.29,0.88,158.62,0.9,170.0,0.91,244.0,0.01,0.01,2339.764654,1776211973000
1776211976.45,176.45,0.09,244.0,0.08,350.0,0.11,231.36,0.12,271.72,0.89,231.36,0.88,271.72,0.91,244.0,0.92,350.0,0.02,0.02,2339.377044,1776211975000
1776211977.152,177.152,0.09,244.0,0.08,350.0,0.11,231.36,0.12,271.72,0.89,231.36,0.88,271.72,0.91,244.0,0.92,350.0,0.02,0.02,2339.371437,1776211976000
1776211978.621,178.621,0.09,244.0,0.08,350.0,0.11,231.36,0.12,271.72,0.89,231.36,0.88,271.72,0.91,244.0,0.92,350.0,0.02,0.02,2339.203977,1776211977000
1776211979.129,179.129,0.09,32.74,0.08,350.0,0.1,248.0,0.11,169.16,0.89,231.36,0.88,271.72,0.91,244.0,0.92,350.0,0.01,0.02,2339.203977,1776211977000
1776211979.469,179.469,0.09,32.74,0.08,350.0,0.1,248.0,0.11,169.16,0.9,248.0,0.89,169.16,0.91,32.74,0.92,350.0,0.01,0.01,2339.191659,1776211978000
1776211979.675,179.675,0.09,1.52,0.08,300.0,0.1,445.54,0.11,169.16,0.9,338.0,0.89,169.16,0.91,23.63,0.92,300.0,0.01,0.01,2339.191659,1776211978000
1776211980.122,180.122,0.08,250.0,0.07,300.0,0.1,445.54,0.11,169.16,0.9,445.54,0.89,169.16,0.92,250.0,0.93,300.0,0.02,0.02,2339.190795,1776211979000
1776211980.559,180.559,0.06,369.15,0.05,395.94,0.07,11.07,0.08,45.84,0.9,445.54,0.89,169.16,0.92,250.0,0.93,300.0,0.01,0.02,2339.190795,1776211979000
1776211981.067,181.067,0.06,226.52,0.05,395.94,0.07,77.07,0.08,124.0,0.93,11.07,0.92,45.84,0.94,369.15,0.95,395.94,0.01,0.01,2339.190795,1776211979000
1776211981.39,181.39,0.06,134.52,0.05,395.94,0.09,79.0,0.1,65.0,0.93,77.07,0.92,124.0,0.94,226.52,0.95,395.94,0.03,0.01,2339.190795,1776211979000
1776211982.0,182.0,0.06,20.52,0.05,395.94,0.07,10.0,0.08,15.0,0.93,10.0,0.92,10.0,0.94,90.52,0.95,395.94,0.01,0.01,2338.94474,1776211980000
1776211982.259,182.259,0.05,381.99,0.04,145.0,0.07,21.0,0.08,15.0,0.93,21.0,0.92,15.0,0.95,381.99,0.96,145.0,0.02,0.02,2338.808161,1776211981000
1776211983.063,183.063,0.05,381.99,0.04,145.0,0.07,21.0,0.08,15.0,0.93,21.0,0.92,15.0,0.95,381.99,0.96,145.0,0.02,0.02,2338.760079,1776211982000
1776211984.555,184.555,0.05,381.99,0.04,145.0,0.07,21.0,0.08,15.0,0.93,21.0,0.92,15.0,0.95,381.99,0.96,145.0,0.02,0.02,2338.67146,1776211983000
1776211985.311,185.311,0.05,381.99,0.04,145.0,0.07,21.0,0.08,15.0,0.93,21.0,0.92,15.0,0.95,381.99,0.96,145.0,0.02,0.02,2338.669988,1776211984000
1776211986.023,186.023,0.05,381.99,0.04,145.0,0.07,21.0,0.08,15.0,0.93,21.0,0.92,15.0,0.95,381.99,0.96,145.0,0.02,0.02,2338.645164,1776211985000
1776211987.488,187.488,0.05,381.99,0.04,145.0,0.07,21.0,0.08,15.0,0.93,21.0,0.92,15.0,0.95,381.99,0.96,145.0,0.02,0.02,2338.665138,1776211986000
1776211988.207,188.207,0.05,381.99,0.04,145.0,0.07,21.0,0.08,15.0,0.93,21.0,0.92,15.0,0.95,381.99,0.96,145.0,0.02,0.02,2338.664745,1776211987000
1776211989.634,189.634,0.05,381.99,0.04,145.0,0.07,21.0,0.08,15.0,0.93,21.0,0.92,15.0,0.95,381.99,0.96,145.0,0.02,0.02,2338.660827,1776211988000
1776211990.342,190.342,0.05,381.99,0.04,145.0,0.07,21.0,0.08,15.0,0.93,21.0,0.92,15.0,0.95,381.99,0.96,145.0,0.02,0.02,2338.65551,1776211989000
1776211990.972,190.972,0.05,381.99,0.04,145.0,0.07,21.0,0.08,15.0,0.93,21.0,0.92,15.0,0.95,381.99,0.96,145.0,0.02,0.02,2338.65556,1776211990000
1776211991.538,191.538,0.05,36.86,0.04,45.0,0.06,65.32,0.07,107.0,0.93,21.0,0.92,15.0,0.95,381.99,0.96,145.0,0.01,0.02,2338.65556,1776211990000
1776211992.917,192.917,0.05,36.86,0.04,45.0,0.06,65.32,0.07,107.0,0.94,65.32,0.93,107.0,0.95,36.86,0.96,45.0,0.01,0.01,2338.655591,1776211991000
1776211993.224,193.224,0.05,91.13,0.04,50.0,0.06,170.32,0.07,77.0,0.94,65.32,0.93,107.0,0.95,36.86,0.96,45.0,0.01,0.01,2338.655591,1776211991000
1776211993.521,193.521,0.05,72.0,0.04,50.0,0.06,227.32,0.07,77.0,0.94,170.32,0.93,77.0,0.95,91.13,0.96,50.0,0.01,0.01,2338.655591,1776211991000
1776211993.758,193.758,0.05,1474.87,0.04,50.0,0.06,201.32,0.07,77.0,0.94,227.32,0.93,77.0,0.95,72.0,0.96,50.0,0.01,0.01,2338.655591,1776211991000
1776211994.47,194.47,0.05,2.8,0.04,50.0,0.06,222.32,0.07,77.0,0.94,222.32,0.93,77.0,0.95,1139.95,0.96,50.0,0.01,0.01,2338.644578,1776211992000
1776211994.888,194.888,0.05,0.8,0.04,50.0,0.06,185.32,0.07,77.0,0.94,222.32,0.93,77.0,0.95,2.8,0.96,50.0,0.01,0.01,2338.644578,1776211992000
1776211995.556,195.556,0.04,41.6,0.03,783.8,0.06,338.32,0.07,50.0,0.94,185.32,0.93,77.0,0.95,0.8,0.96,50.0,0.02,0.01,2338.644592,1776211993000
1776211995.853,195.853,0.04,41.6,0.03,783.8,0.06,338.32,0.07,50.0,0.94,338.32,0.93,50.0,0.96,41.6,0.97,783.8,0.02,0.02,2338.626669,1776211994000
1776211996.157,196.157,0.04,0.76,0.03,783.8,0.05,150.0,0.06,141.32,0.94,338.32,0.93,50.0,0.96,41.6,0.97,783.8,0.01,0.02,2338.626669,1776211994000
1776211996.914,196.914,0.04,171.76,0.03,783.8,0.05,145.0,0.06,141.32,0.95,145.0,0.94,141.32,0.96,171.76,0.97,783.8,0.01,0.01,2338.599805,1776211995000
1776211997.173,197.173,0.03,788.81,0.02,1098.7,0.04,87.0,0.05,104.0,0.95,145.0,0.94,141.32,0.96,171.76,0.97,783.8,0.01,0.01,2338.599805,1776211995000
1776211997.645,197.645,0.03,776.81,0.02,1098.7,0.04,185.13,0.05,104.0,0.96,191.0,0.95,104.0,0.97,776.81,0.98,1098.7,0.01,0.01,2338.599805,1776211995000
1776211997.9,197.9,0.03,776.81,0.02,1098.7,0.04,185.13,0.05,104.0,0.96,185.13,0.95,104.0,0.97,776.81,0.98,1098.7,0.01,0.01,2338.523154,1776211996000
1776211998.765,198.765,0.03,781.81,0.02,1098.7,0.04,221.13,0.05,104.0,0.96,221.13,0.95,104.0,0.97,781.81,0.98,1098.7,0.01,0.01,2338.392244,1776211997000
1776211999.762,199.762,0.03,781.81,0.02,1098.7,0.04,221.13,0.05,104.0,0.96,221.13,0.95,104.0,0.97,781.81,0.98,1098.7,0.01,0.01,2338.383959,1776211998000
1776212000.753,200.753,0.03,781.81,0.02,1098.7,0.04,221.13,0.05,104.0,0.96,221.13,0.95,104.0,0.97,781.81,0.98,1098.7,0.01,0.01,2338.376034,1776211999000
1776212001.137,201.137,0.03,732.01,0.02,1098.7,0.04,60.13,0.05,45.0,0.96,221.13,0.95,104.0,0.97,781.81,0.98,1098.7,0.01,0.01,2338.376034,1776211999000
1776212001.506,201.506,0.03,732.01,0.02,1098.7,0.04,60.13,0.05,45.0,0.96,60.13,0.95,45.0,0.97,732.01,0.98,1098.7,0.01,0.01,2338.398994,1776212000000
1776212002.308,202.308,0.03,726.01,0.02,1098.7,0.04,60.13,0.05,45.0,0.96,60.13,0.95,45.0,0.97,726.01,0.98,1098.7,0.01,0.01,2338.427991,1776212001000
1776212003.223,203.223,0.03,726.01,0.02,1098.7,0.04,60.13,0.05,45.0,0.96,60.13,0.95,45.0,0.97,726.01,0.98,1098.7,0.01,0.01,2338.544483,1776212002000
1776212004.974,204.974,0.03,720.85,0.02,1104.7,0.04,60.13,0.05,45.0,0.96,60.13,0.95,45.0,0.97,720.85,0.98,1104.7,0.01,0.01,2338.581461,1776212003000
1776212005.743,205.743,0.03,720.85,0.02,1104.7,0.04,60.13,0.05,45.0,0.96,60.13,0.95,45.0,0.97,720.85,0.98,1104.7,0.01,0.01,2338.578195,1776212004000
1776212006.559,206.559,0.03,720.85,0.02,1104.7,0.04,60.13,0.05,45.0,0.96,60.13,0.95,45.0,0.97,720.85,0.98,1104.7,0.01,0.01,2338.596107,1776212005000
1776212006.769,206.769,0.03,854.55,0.02,1564.7,0.04,7.13,0.05,15.0,0.96,60.13,0.95,45.0,0.97,720.85,0.98,1104.7,0.01,0.01,2338.596107,1776212005000
1776212007.546,207.546,0.03,854.55,0.02,1564.7,0.04,7.13,0.05,15.0,0.96,7.13,0.95,15.0,0.97,854.55,0.98,1564.7,0.01,0.01,2338.618844,1776212006000
1776212008.348,208.348,0.03,936.45,0.02,1214.7,0.04,15.0,0.05,15.0,0.96,7.13,0.95,15.0,0.97,854.55,0.98,1564.7,0.01,0.01,2338.618844,1776212006000
1776212008.614,208.614,0.03,936.45,0.02,1214.7,0.04,15.0,0.05,15.0,0.96,15.0,0.95,15.0,0.97,936.45,0.98,1214.7,0.01,0.01,2338.752592,1776212007000
1776212009.648,209.648,0.03,936.45,0.02,1214.7,0.04,15.0,0.05,15.0,0.96,15.0,0.95,15.0,0.97,936.45,0.98,1214.7,0.01,0.01,2338.8996,1776212008000
1776212010.754,210.754,0.03,936.45,0.02,1214.7,0.04,15.0,0.05,15.0,0.96,15.0,0.95,15.0,0.97,936.45,0.98,1214.7,0.01,0.01,2338.929208,1776212009000
1776212011.76,211.76,0.03,936.45,0.02,1214.7,0.04,15.0,0.05,15.0,0.96,15.0,0.95,15.0,0.97,936.45,0.98,1214.7,0.01,0.01,2338.962849,1776212010000
1776212012.523,212.523,0.03,202.75,0.02,601.0,0.04,143.0,0.05,60.0,0.96,15.0,0.95,15.0,0.97,936.45,0.98,1214.7,0.01,0.01,2338.962849,1776212010000
1776212012.823,212.823,0.03,82.75,0.02,601.0,0.04,138.0,0.05,120.0,0.96,143.0,0.95,90.0,0.97,250.75,0.98,601.0,0.01,0.01,2338.962849,1776212010000
1776212013.314,213.314,0.03,4.75,0.02,601.0,0.04,168.0,0.05,115.0,0.96,138.0,0.95,120.0,0.97,82.75,0.98,601.0,0.01,0.01,2338.81533,1776212011000
1776212013.619,213.619,0.02,539.75,0.01,3033.34,0.04,148.0,0.05,115.0,0.96,168.0,0.95,115.0,0.97,4.75,0.98,601.0,0.02,0.01,2338.81533,1776212011000
1776212013.892,213.892,0.02,538.72,0.01,3033.34,0.03,140.0,0.04,128.0,0.97,140.0,0.96,128.0,0.98,538.72,0.99,3033.34,0.01,0.01,2338.823,1776212012000
1776212014.546,214.546,0.02,868.66,0.01,2937.34,0.03,188.0,0.04,201.7,0.97,140.0,0.96,128.0,0.98,538.72,0.99,3033.34,0.01,0.01,2338.823,1776212012000
1776212015.024,215.024,0.02,862.65,0.01,2937.34,0.03,188.0,0.04,201.7,0.97,188.0,0.96,201.7,0.98,862.65,0.99,2937.34,0.01,0.01,2338.328723,1776212013000
1776212015.695,215.695,0.02,524.61,0.01,1868.74,0.03,196.97,0.04,206.7,0.97,188.0,0.96,201.7,0.98,524.61,0.99,3231.34,0.01,0.01,2338.328723,1776212013000
1776212016.039,216.039,0.02,519.61,0.01,1868.74,0.03,196.97,0.04,206.7,0.97,196.97,0.96,206.7,0.98,524.61,0.99,1868.74,0.01,0.01,2337.844436,1776212014000
1776212017.01,217.01,0.02,519.61,0.01,1868.74,0.03,196.97,0.04,206.7,0.97,196.97,0.96,206.7,0.98,519.61,0.99,1868.74,0.01,0.01,2337.834255,1776212016000
1776212017.948,217.948,0.02,519.61,0.01,1868.74,0.03,196.97,0.04,206.7,0.97,196.97,0.96,206.7,0.98,519.61,0.99,1868.74,0.01,0.01,2337.664154,1776212017000
1776212018.639,218.639,0.02,473.58,0.01,2279.74,0.03,197.67,0.04,180.7,0.97,197.67,0.96,191.7,0.98,474.61,0.99,2279.74,0.01,0.01,2337.664154,1776212017000
1776212018.954,218.954,0.02,443.58,0.01,2279.74,0.03,197.67,0.04,180.7,0.97,197.67,0.96,180.7,0.98,443.58,0.99,2279.74,0.01,0.01,2337.636181,1776212018000
1776212019.762,219.762,0.02,408.58,0.01,2175.74,0.03,207.67,0.04,175.7,0.97,197.67,0.96,180.7,0.98,443.58,0.99,2279.74,0.01,0.01,2337.636181,1776212018000
1776212020.14,220.14,0.02,352.58,0.01,2175.74,0.03,223.98,0.04,175.7,0.97,207.67,0.96,175.7,0.98,408.58,0.99,2175.74,0.01,0.01,2337.544469,1776212019000
1776212020.893,220.893,0.02,352.58,0.01,2175.74,0.03,223.98,0.04,175.7,0.97,223.98,0.96,175.7,0.98,352.58,0.99,2175.74,0.01,0.01,2337.544901,1776212020000
1776212021.419,221.419,0.02,322.58,0.01,2175.74,0.03,241.98,0.04,175.7,0.97,223.98,0.96,175.7,0.98,352.58,0.99,2175.74,0.01,0.01,2337.544901,1776212020000
1776212021.833,221.833,0.02,322.58,0.01,2175.74,0.03,241.98,0.04,175.7,0.97,241.98,0.96,175.7,0.98,322.58,0.99,2175.74,0.01,0.01,2337.537681,1776212021000
1776212022.435,222.435,0.02,322.47,0.01,2175.74,0.03,387.96,0.04,181.77,0.97,241.98,0.96,175.7,0.98,322.58,0.99,2175.74,0.01,0.01,2337.537681,1776212021000
1776212022.859,222.859,0.02,321.44,0.01,2175.74,0.03,387.96,0.04,181.77,0.97,387.96,0.96,181.77,0.98,321.44,0.99,2175.74,0.01,0.01,2337.377808,1776212022000
1776212023.861,223.861,0.02,321.44,0.01,2175.74,0.03,387.96,0.04,181.77,0.97,387.96,0.96,181.77,0.98,321.44,0.99,2175.74,0.01,0.01,2337.443562,1776212023000
1776212024.35,224.35,0.02,211.39,0.01,2317.74,0.03,318.99,0.04,158.7,0.97,387.96,0.96,181.77,0.98,321.44,0.99,2175.74,0.01,0.01,2337.443562,1776212023000
1776212024.849,224.849,0.02,211.39,0.01,2317.74,0.03,318.99,0.04,158.7,0.97,318.99,0.96,158.7,0.98,211.39,0.99,2317.74,0.01,0.01,2337.394682,1776212024000
1776212025.866,225.866,0.02,211.39,0.01,2317.74,0.03,318.99,0.04,158.7,0.97,318.99,0.96,158.7,0.98,211.39,0.99,2317.74,0.01,0.01,2337.448848,1776212025000
1776212026.122,226.122,0.01,2259.78,,,0.03,190.01,0.04,163.7,0.97,318.99,0.96,158.7,0.98,211.39,0.99,2317.74,0.02,0.01,2337.448848,1776212025000
1776212026.689,226.689,0.01,2079.78,,,0.02,122.0,0.03,180.01,0.97,190.01,0.96,163.7,0.99,2259.78,,,0.01,0.02,2337.448848,1776212025000
1776212027.84,227.84,0.01,2034.78,,,0.02,122.0,0.03,180.01,0.98,122.0,0.97,180.01,0.99,2034.78,,,0.01,0.01,2337.837712,1776212027000
1776212028.811,228.811,0.01,2809.38,,,0.02,137.2,0.03,25.31,0.98,122.0,0.97,180.01,0.99,2034.78,,,0.01,0.01,2337.837712,1776212027000
1776212029.249,229.249,0.01,2809.38,,,0.02,126.6,0.03,25.31,0.98,137.2,0.97,25.31,0.99,2809.38,,,0.01,0.01,2337.943925,1776212028000
1776212029.525,229.525,0.01,2749.38,,,0.02,116.6,0.03,25.31,0.98,116.6,0.97,25.31,0.99,2779.38,,,0.01,0.01,2337.943925,1776212028000
1776212030.968,230.968,0.01,2749.38,,,0.02,116.6,0.03,25.31,0.98,116.6,0.97,25.31,0.99,2749.38,,,0.01,0.01,2338.313597,1776212029000
1776212031.455,231.455,0.01,2749.38,,,0.02,116.6,0.03,25.31,0.98,116.6,0.97,25.31,0.99,2749.38,,,0.01,0.01,2338.471438,1776212030000
1776212032.067,232.067,0.01,2749.38,,,0.02,116.6,0.03,25.31,0.98,116.6,0.97,25.31,0.99,2749.38,,,0.01,0.01,2338.482438,1776212031000
1776212032.669,232.669,0.01,3634.18,,,0.02,20.2,0.03,25.31,0.98,116.6,0.97,25.31,0.99,2749.38,,,0.01,0.01,2338.482438,1776212031000
1776212033.266,233.266,0.01,3634.18,,,0.02,20.2,0.03,25.31,0.98,20.2,0.97,25.31,0.99,3634.18,,,0.01,0.01,2338.631536,1776212032000
1776212034.522,234.522,0.01,3634.18,,,0.02,20.2,0.03,25.31,0.98,20.2,0.97,25.31,0.99,3634.18,,,0.01,0.01,2338.723471,1776212033000
1776212034.944,234.944,0.01,3634.18,,,0.02,20.2,0.03,25.31,0.98,20.2,0.97,25.31,0.99,3634.18,,,0.01,0.01,2338.742971,1776212034000
1776212036.109,236.109,0.01,3621.69,,,0.02,25.2,0.03,40.31,0.98,20.2,0.97,25.31,0.99,3634.18,,,0.01,0.01,2338.742971,1776212034000
1776212036.33,236.33,0.01,3621.69,,,0.02,25.2,0.03,40.31,0.98,25.2,0.97,40.31,0.99,3621.69,,,0.01,0.01,2338.740407,1776212035000
1776212036.938,236.938,0.01,3621.69,,,0.02,25.2,0.03,40.31,0.98,25.2,0.97,40.31,0.99,3621.69,,,0.01,0.01,2338.740475,1776212036000
1776212038.194,238.194,0.01,3621.69,,,0.02,25.2,0.03,40.31,0.98,25.2,0.97,40.31,0.99,3621.69,,,0.01,0.01,2338.740356,1776212037000
1776212038.889,238.889,0.01,3111.58,,,0.02,50.2,0.03,40.31,0.98,25.2,0.97,40.31,0.99,3621.69,,,0.01,0.01,2338.740356,1776212037000
1776212039.248,239.248,0.01,3111.58,,,0.02,50.2,0.03,40.31,0.98,50.2,0.97,40.31,0.99,3111.58,,,0.01,0.01,2338.701724,1776212038000
1776212039.941,239.941,0.01,3401.58,,,0.02,45.2,0.03,40.31,0.98,50.2,0.97,40.31,0.99,3111.58,,,0.01,0.01,2338.701724,1776212038000
1776212040.48,240.48,0.01,3401.58,,,0.02,45.2,0.03,40.31,0.98,45.2,0.97,40.31,0.99,3401.58,,,0.01,0.01,2338.733237,1776212039000
1776212041.072,241.072,0.01,3105.58,,,0.02,45.2,0.03,30.31,0.98,45.2,0.97,30.31,0.99,3105.58,,,0.01,0.01,2338.737428,1776212040000
1776212042.22,242.22,0.01,3097.58,,,0.02,35.2,0.03,30.31,0.98,35.2,0.97,30.31,0.99,3097.58,,,0.01,0.01,2338.738405,1776212041000
1776212042.795,242.795,0.01,3173.28,,,0.02,35.2,0.03,45.0,0.98,35.2,0.97,30.31,0.99,3097.58,,,0.01,0.01,2338.738405,1776212041000
1776212043.027,243.027,0.01,3163.02,,,0.02,35.2,0.03,45.0,0.98,35.2,0.97,45.0,0.99,3173.28,,,0.01,0.01,2338.738405,1776212041000
1776212043.406,243.406,0.01,3154.98,,,0.02,35.2,0.03,45.0,0.98,35.2,0.97,45.0,0.99,3163.02,,,0.01,0.01,2338.738405,1776212041000
1776212044.012,244.012,0.01,3154.98,,,0.02,35.2,0.03,45.0,0.98,35.2,0.97,45.0,0.99,3154.98,,,0.01,0.01,2338.737756,1776212043000
1776212045.493,245.493,0.01,3158.96,,,0.02,195.01,0.03,45.0,0.98,35.2,0.97,45.0,0.99,3154.98,,,0.01,0.01,2338.737756,1776212043000
1776212045.845,245.845,0.01,3158.96,,,0.02,195.01,0.03,45.0,0.98,195.01,0.97,45.0,0.99,3158.96,,,0.01,0.01,2338.70253,1776212044000
1776212046.549,246.549,0.01,3108.45,,,0.02,205.2,0.03,45.0,0.98,205.2,0.97,45.0,0.99,3108.45,,,0.01,0.01,2338.742084,1776212045000
1776212047.438,247.438,0.01,2503.45,,,0.02,119.11,0.03,20.0,0.98,205.2,0.97,45.0,0.99,3108.45,,,0.01,0.01,2338.742084,1776212045000
1776212047.772,247.772,0.01,2453.71,,,0.02,33.11,0.03,20.0,0.98,119.11,0.97,20.0,0.99,2158.71,,,0.01,0.01,2338.742084,1776212045000
1776212048.148,248.148,0.01,2453.71,,,0.02,33.11,0.03,20.0,0.98,33.11,0.97,20.0,0.99,2453.71,,,0.01,0.01,2338.766635,1776212047000
1776212049.436,249.436,0.01,2453.71,,,0.03,20.0,0.04,44.0,0.98,33.11,0.97,20.0,0.99,2453.71,,,0.02,0.01,2338.766635,1776212047000
1776212049.709,249.709,0.02,70.95,0.01,2448.71,0.03,15.0,0.04,44.0,0.95,83.0,0.94,129.07,0.99,2448.71,,,0.01,0.04,2339.204798,1776212048000
1776212049.984,249.984,0.02,70.95,0.01,2448.71,0.03,15.0,0.04,44.0,0.97,15.0,0.96,44.0,0.98,70.95,0.99,2448.71,0.01,0.01,2339.229061,1776212049000
1776212051.487,251.487,0.02,70.95,0.01,2448.71,0.03,15.0,0.04,44.0,0.97,15.0,0.96,44.0,0.98,70.95,0.99,2448.71,0.01,0.01,2339.241253,1776212050000
1776212052.106,252.106,0.02,70.95,0.01,2448.71,0.03,15.0,0.04,44.0,0.97,15.0,0.96,44.0,0.98,70.95,0.99,2448.71,0.01,0.01,2339.237449,1776212051000
1776212052.905,252.905,0.01,1500.9,,,0.02,45.26,0.03,342.5,0.97,15.0,0.96,44.0,0.98,70.95,0.99,2448.71,0.01,0.01,2339.237449,1776212051000
1776212055.771,255.771,0.01,1500.9,,,0.02,45.26,0.03,342.5,0.98,45.26,0.97,342.5,0.99,1500.9,,,0.01,0.01,2338.84082,1776212054000
1776212056.43,256.43,0.01,1412.9,,,0.02,284.96,0.03,138.7,0.98,284.96,0.97,138.7,0.99,1412.9,,,0.01,0.01,2338.748365,1776212055000
1776212056.852,256.852,0.01,1339.47,,,0.02,306.96,0.03,138.7,0.98,284.96,0.97,138.7,0.99,1412.9,,,0.01,0.01,2338.748365,1776212055000
1776212057.1,257.1,0.01,1339.47,,,0.02,306.96,0.03,138.7,0.98,306.96,0.97,138.7,0.99,1339.47,,,0.01,0.01,2338.744867,1776212056000
1776212057.388,257.388,0.01,1344.47,,,0.02,305.18,0.03,138.7,0.98,306.96,0.97,138.7,0.99,1339.47,,,0.01,0.01,2338.744867,1776212056000
1776212058.472,258.472,0.01,1344.47,,,0.02,305.18,0.03,138.7,0.98,305.18,0.97,138.7,0.99,1344.47,,,0.01,0.01,2338.763337,1776212057000
1776212059.118,259.118,0.01,1344.47,,,0.02,305.18,0.03,138.7,0.98,305.18,0.97,138.7,0.99,1344.47,,,0.01,0.01,2338.768732,1776212058000
1776212060.376,260.376,0.01,1191.47,,,0.02,268.18,0.03,138.7,0.98,268.18,0.97,138.7,0.99,1191.47,,,0.01,0.01,2338.753112,1776212059000
1776212061.08,261.08,0.01,1191.47,,,0.02,268.18,0.03,138.7,0.98,268.18,0.97,138.7,0.99,1191.47,,,0.01,0.01,2338.756391,1776212060000
1776212061.347,261.347,0.01,1152.44,,,0.02,272.18,0.03,138.7,0.98,272.18,0.97,138.7,0.99,1149.47,,,0.01,0.01,2338.756391,1776212060000
1776212061.664,261.664,0.01,1112.44,,,0.02,321.18,0.03,138.7,0.98,272.18,0.97,138.7,0.99,1152.44,,,0.01,0.01,2338.756391,1776212060000
1776212062.158,262.158,0.01,1112.44,,,0.02,321.18,0.03,138.7,0.98,321.18,0.97,138.7,0.99,1112.44,,,0.01,0.01,2338.774351,1776212061000
1776212062.451,262.451,0.01,1110.41,,,0.02,326.18,0.03,138.7,0.98,321.18,0.97,138.7,0.99,1112.44,,,0.01,0.01,2338.774351,1776212061000
1776212063.312,263.312,0.01,1110.41,,,0.02,326.18,0.03,138.7,0.98,326.18,0.97,138.7,0.99,1110.41,,,0.01,0.01,2338.748915,1776212062000
1776212063.54,263.54,0.01,1035.35,,,0.02,321.18,0.03,417.69,0.98,326.18,0.97,138.7,0.99,1110.41,,,0.01,0.01,2338.748915,1776212062000
1776212063.919,263.919,0.01,1019.29,,,0.02,321.18,0.03,417.69,0.98,321.18,0.97,417.69,0.99,1033.32,,,0.01,0.01,2338.748915,1776212062000
1776212064.339,264.339,0.01,1011.27,,,0.02,194.92,0.03,304.99,0.98,71.18,0.97,417.69,0.99,1019.29,,,0.01,0.01,2338.748915,1776212062000
1776212064.949,264.949,0.01,1011.27,,,0.02,194.92,0.03,304.99,0.98,194.92,0.97,304.99,0.99,1011.27,,,0.01,0.01,2338.748506,1776212064000
1776212065.264,265.264,0.01,996.79,,,0.02,200.74,0.03,445.69,0.98,194.92,0.97,304.99,0.99,1011.27,,,0.01,0.01,2338.748506,1776212064000
1776212065.948,265.948,0.01,930.47,,,0.02,200.74,0.03,445.69,0.98,200.74,0.97,445.69,0.99,999.76,,,0.01,0.01,2338.748506,1776212064000
1776212066.259,266.259,0.01,835.47,,,0.02,200.74,0.03,445.69,0.98,200.74,0.97,445.69,0.99,930.47,,,0.01,0.01,2338.748456,1776212065000
1776212067.167,267.167,0.01,835.47,,,0.02,200.74,0.03,445.69,0.98,200.74,0.97,445.69,0.99,835.47,,,0.01,0.01,2338.790319,1776212066000
1776212067.406,267.406,0.01,304.61,,,0.02,205.74,0.03,444.69,0.98,200.74,0.97,445.69,0.99,835.47,,,0.01,0.01,2338.790319,1776212066000
1776212067.735,267.735,0.01,302.61,,,0.02,205.74,0.03,449.69,0.98,205.74,0.97,444.69,0.99,304.61,,,0.01,0.01,2338.790319,1776212066000
1776212068.251,268.251,,,,,0.01,2222.39,0.02,205.74,0.99,2222.39,0.98,205.74,,,,,,,2338.878227,1776212067000
1776212068.527,268.527,,,,,0.01,2433.83,0.02,43.0,0.99,2222.39,0.98,205.74,,,,,,,2338.878227,1776212067000
1776212069.4,269.4,,,,,0.01,2429.88,0.02,43.0,0.99,2429.88,0.98,43.0,,,,,,,2338.855178,1776212068000
1776212070.118,270.118,,,,,0.01,2443.82,0.02,43.0,0.99,2443.82,0.98,43.0,,,,,,,2338.861812,1776212069000
1776212071.114,271.114,,,,,0.01,2443.82,0.02,43.0,0.99,2443.82,0.98,43.0,,,,,,,2338.862153,1776212070000
1776212071.729,271.729,,,,,0.01,6313.73,0.02,43.0,0.99,2443.82,0.98,43.0,,,,,,,2338.862153,1776212070000
1776212072.302,272.302,,,,,0.01,6313.73,0.02,43.0,0.99,6313.73,0.98,43.0,,,,,,,2338.95055,1776212071000
1776212072.895,272.895,,,,,0.01,6313.73,0.02,43.0,0.99,6313.73,0.98,43.0,,,,,,,2338.888586,1776212072000
1776212073.95,273.95,,,,,0.01,6313.73,0.02,43.0,0.99,6313.73,0.98,43.0,,,,,,,2338.983927,1776212073000
1776212074.926,274.926,,,,,0.01,6313.73,0.02,43.0,0.99,6313.73,0.98,43.0,,,,,,,2339.055559,1776212074000
1776212076.164,276.164,,,,,0.01,6313.73,0.02,43.0,0.99,6313.73,0.98,43.0,,,,,,,2338.946755,1776212075000
1776212077.244,277.244,,,,,0.01,6313.73,0.02,43.0,0.99,6313.73,0.98,43.0,,,,,,,2338.909095,1776212076000
1776212078.435,278.435,,,,,0.01,6313.73,0.02,43.0,0.99,6313.73,0.98,43.0,,,,,,,2338.892258,1776212077000
1776212078.888,278.888,,,,,0.01,6313.73,0.02,43.0,0.99,6313.73,0.98,43.0,,,,,,,2338.839167,1776212078000
1776212080.075,280.075,,,,,0.01,6313.73,0.02,43.0,0.99,6313.73,0.98,43.0,,,,,,,2338.906721,1776212079000
1776212081.265,281.265,,,,,0.01,6313.73,0.02,43.0,0.99,6313.73,0.98,43.0,,,,,,,2338.874627,1776212080000
1776212082.366,282.366,,,,,0.01,6313.73,0.02,43.0,0.99,6313.73,0.98,43.0,,,,,,,2338.808929,1776212081000
1776212083.01,283.01,,,,,0.01,6313.73,0.02,43.0,0.99,6313.73,0.98,43.0,,,,,,,2338.808929,1776212082000
1776212084.336,284.336,,,,,0.01,6313.73,0.02,43.0,0.99,6313.73,0.98,43.0,,,,,,,2338.809388,1776212083000
1776212084.869,284.869,,,,,0.01,6313.73,0.02,43.0,0.99,6313.73,0.98,43.0,,,,,,,2338.809388,1776212084000
1776212086.032,286.032,,,,,0.01,6313.73,0.02,43.0,0.99,6313.73,0.98,43.0,,,,,,,2338.9041,1776212085000
1776212087.177,287.177,,,,,0.01,8861.66,0.02,455.99,0.99,8861.66,0.98,455.99,,,,,,,2338.88908,1776212086000
1776212088.191,288.191,,,,,0.01,8861.66,0.02,455.99,0.99,8861.66,0.98,455.99,,,,,,,2338.810484,1776212087000
1776212089.205,289.205,,,,,0.01,8861.66,0.02,455.99,0.99,8861.66,0.98,455.99,,,,,,,2338.778516,1776212088000
1776212090.205,290.205,,,,,0.01,8861.66,0.02,455.99,0.99,8861.66,0.98,455.99,,,,,,,2338.772946,1776212089000
1776212091.217,291.217,,,,,0.01,8861.66,0.02,455.99,0.99,8861.66,0.98,455.99,,,,,,,2338.763577,1776212090000
1776212092.368,292.368,,,,,0.01,8861.66,0.02,455.99,0.99,8861.66,0.98,455.99,,,,,,,2338.768127,1776212091000
1776212093.415,293.415,,,,,0.01,8861.66,0.02,455.99,0.99,8861.66,0.98,455.99,,,,,,,2338.670609,1776212092000
1776212093.883,293.883,,,,,0.01,8861.66,0.02,455.99,0.99,8861.66,0.98,455.99,,,,,,,2338.670609,1776212093000
1776212094.473,294.473,,,,,0.01,6916.02,0.02,355.99,0.99,8861.66,0.98,455.99,,,,,,,2338.670609,1776212093000
1776212095.022,295.022,,,,,0.01,6916.02,0.02,355.99,0.99,6916.02,0.98,355.99,,,,,,,2338.743154,1776212094000
1776212096.067,296.067,,,,,0.01,6916.02,0.02,355.99,0.99,6916.02,0.98,355.99,,,,,,,2338.826102,1776212095000
1776212097.074,297.074,,,,,0.01,6916.02,0.02,355.99,0.99,6916.02,0.98,355.99,,,,,,,2338.832787,1776212096000
1776212098.103,298.103,,,,,0.01,6916.02,0.02,355.99,0.99,6916.02,0.98,355.99,,,,,,,2338.857107,1776212097000
1776212099.634,299.634,,,,,0.01,6916.02,0.02,355.99,0.99,6916.02,0.98,355.99,,,,,,,2338.868999,1776212098000
1776212100.124,300.124,,,,,0.01,6916.02,0.02,355.99,0.99,6916.02,0.98,355.99,,,,,,,2338.874112,1776212099000
1776212100.52,300.52,,,,,0.01,68592.74,0.02,149.0,0.99,6916.02,0.98,355.99,,,,,,,2338.874112,1776212099000

# RESULT,winner=Down,slug=eth-updown-5m-1776211800,ticks=497
