timestamp,elapsed_sec,up_bid_p1,up_bid_s1,up_bid_p2,up_bid_s2,up_ask_p1,up_ask_s1,up_ask_p2,up_ask_s2,down_bid_p1,down_bid_s1,down_bid_p2,down_bid_s2,down_ask_p1,down_ask_s1,down_ask_p2,down_ask_s2,up_spread,down_spread,eth_price,eth_oracle_ts
1776331200.58,0.58,0.49,31.33,0.48,70.0,0.5,6.24,0.51,32.81,0.5,6.24,0.49,32.81,0.51,31.33,0.52,70.0,0.01,0.01,2347.182557,1776331199000
1776331200.972,0.972,0.49,31.33,0.48,70.0,0.5,6.24,0.51,32.81,0.5,6.24,0.49,32.81,0.51,31.33,0.52,70.0,0.01,0.01,2347.093152,1776331200000
1776331201.225,1.225,0.49,36.33,0.48,10.0,0.56,5.0,0.57,5.0,0.5,6.24,0.49,32.81,0.51,31.33,0.52,70.0,0.07,0.01,2347.093152,1776331200000
1776331202.18,2.18,0.49,36.33,0.48,10.0,0.56,5.0,0.57,5.0,0.44,5.0,0.43,5.0,0.51,36.33,0.52,10.0,0.07,0.07,2346.94766,1776331201000
1776331202.54,2.54,0.53,3.9,0.52,70.0,0.54,91.5,0.55,18.0,0.46,91.5,0.45,18.0,0.47,22.67,0.48,70.0,0.01,0.01,2346.94766,1776331201000
1776331202.788,2.788,0.53,3.9,0.52,70.0,0.54,81.06,0.55,18.0,0.46,88.81,0.45,18.0,0.47,3.9,0.48,70.0,0.01,0.01,2346.94766,1776331201000
1776331203.197,3.197,0.53,3.9,0.52,70.0,0.54,81.06,0.55,18.0,0.46,81.06,0.45,18.0,0.47,3.9,0.48,70.0,0.01,0.01,2346.951535,1776331202000
1776331203.736,3.736,0.53,0.51,0.52,145.0,0.54,115.06,0.55,28.0,0.46,81.06,0.45,18.0,0.47,3.9,0.48,70.0,0.01,0.01,2346.951535,1776331202000
1776331204.295,4.295,0.52,142.12,0.51,125.0,0.54,110.06,0.55,28.0,0.46,110.06,0.45,28.0,0.48,142.12,0.49,125.0,0.02,0.02,2347.047635,1776331203000
1776331204.559,4.559,0.52,137.12,0.51,125.0,0.53,93.62,0.54,61.52,0.46,110.06,0.45,28.0,0.48,142.12,0.49,125.0,0.01,0.02,2347.047635,1776331203000
1776331205.424,5.424,0.52,137.12,0.51,125.0,0.53,93.62,0.54,61.52,0.47,93.62,0.46,61.52,0.48,137.12,0.49,125.0,0.01,0.01,2347.06822,1776331204000
1776331205.877,5.877,0.52,137.12,0.51,125.0,0.53,93.62,0.54,61.52,0.47,93.62,0.46,61.52,0.48,137.12,0.49,125.0,0.01,0.01,2347.071955,1776331205000
1776331206.557,6.557,0.52,131.12,0.51,125.0,0.53,104.62,0.54,66.52,0.47,93.62,0.46,61.52,0.48,137.12,0.49,125.0,0.01,0.01,2347.071955,1776331205000
1776331206.921,6.921,0.52,120.91,0.51,125.0,0.53,104.62,0.54,66.52,0.47,104.62,0.46,66.52,0.48,120.91,0.49,125.0,0.01,0.01,2347.10618,1776331206000
1776331207.804,7.804,0.51,112.44,0.5,10.0,0.53,134.85,0.54,66.52,0.47,104.62,0.46,66.52,0.48,120.91,0.49,125.0,0.02,0.01,2347.10618,1776331206000
1776331208.101,8.101,0.51,112.44,0.5,10.0,0.53,134.85,0.54,66.52,0.47,134.85,0.46,66.52,0.49,112.44,0.5,10.0,0.02,0.02,2347.09766,1776331207000
1776331208.773,8.773,0.51,122.94,0.5,10.0,0.52,99.17,0.53,46.0,0.47,134.85,0.46,66.52,0.49,112.44,0.5,10.0,0.01,0.02,2347.09766,1776331207000
1776331209.074,9.074,0.49,36.33,0.48,15.0,0.52,94.17,0.53,41.0,0.48,94.17,0.47,41.0,0.49,91.91,0.5,10.0,0.03,0.01,2347.09766,1776331207000
1776331210.128,10.128,0.49,36.33,0.48,15.0,0.52,94.17,0.53,41.0,0.48,94.17,0.47,41.0,0.51,36.33,0.52,15.0,0.03,0.03,2347.09408,1776331209000
1776331211.738,11.738,0.49,158.83,0.48,30.5,0.51,10.0,0.52,87.87,0.48,94.17,0.47,41.0,0.51,36.33,0.52,15.0,0.02,0.03,2347.149012,1776331210000
1776331212.252,12.252,0.5,14.5,0.49,158.83,0.51,28.0,0.52,87.87,0.49,10.0,0.48,87.87,0.51,158.83,0.52,30.5,0.01,0.02,2347.145086,1776331211000
1776331213.379,13.379,0.5,307.0,0.49,101.83,0.52,16.38,0.53,33.5,0.49,28.0,0.48,87.87,0.5,14.5,0.51,158.83,0.02,0.01,2347.145086,1776331211000
1776331215.33,15.33,0.51,35.0,0.5,44.5,0.52,94.88,0.53,218.5,0.48,16.38,0.47,33.5,0.5,307.0,0.51,101.83,0.01,0.02,2347.123065,1776331214000
1776331215.729,15.729,0.5,44.5,0.49,76.33,0.52,99.88,0.53,218.5,0.48,94.88,0.47,218.5,0.49,35.0,0.5,44.5,0.02,0.01,2347.123065,1776331214000
1776331218.211,18.211,0.49,36.33,0.48,5.0,0.51,131.5,0.52,52.88,0.48,99.88,0.47,218.5,0.5,44.5,0.51,76.33,0.02,0.02,2347.123485,1776331217000
1776331218.615,18.615,0.46,20.5,0.45,15.5,0.47,246.0,0.48,37.5,0.51,57.5,0.5,84.5,0.54,5.0,0.55,15.5,0.01,0.03,2347.123485,1776331217000
1776331218.918,18.918,0.46,4.9,0.45,5.0,0.47,256.5,0.48,42.5,0.53,246.0,0.52,37.5,0.54,20.5,0.55,15.5,0.01,0.01,2347.123485,1776331217000
1776331219.272,19.272,0.45,5.0,0.44,55.5,0.46,238.2,0.47,43.5,0.53,256.5,0.52,42.5,0.54,4.9,0.55,5.0,0.01,0.01,2347.123485,1776331217000
1776331219.546,19.546,0.42,35.0,0.41,95.0,0.46,314.5,0.47,43.5,0.54,238.2,0.53,43.5,0.55,5.0,0.56,55.5,0.04,0.01,2347.10914,1776331218000
1776331220.145,20.145,0.41,25.5,0.4,15.0,0.43,23.0,0.44,273.0,0.54,314.5,0.53,43.5,0.58,24.02,0.59,95.0,0.02,0.04,2347.10914,1776331218000
1776331220.667,20.667,0.41,10.53,0.4,15.0,0.42,16.0,0.43,58.0,0.57,44.0,0.56,303.0,0.6,15.0,0.61,58.0,0.01,0.03,2347.07973,1776331219000
1776331220.918,20.918,0.4,15.0,0.39,45.0,0.41,7.49,0.42,53.0,0.58,16.0,0.57,58.0,0.59,10.53,0.6,15.0,0.01,0.01,2347.07973,1776331219000
1776331221.386,21.386,0.39,40.0,0.38,47.5,0.41,240.0,0.42,21.0,0.59,7.49,0.58,53.0,0.6,15.0,0.61,45.0,0.02,0.01,2347.025785,1776331220000
1776331222.388,22.388,0.39,68.5,0.38,33.5,0.41,198.0,0.42,21.0,0.59,240.0,0.58,21.0,0.61,40.0,0.62,47.5,0.02,0.02,2346.90876,1776331221000
1776331222.643,22.643,0.4,4.0,0.39,78.5,0.41,203.0,0.42,26.0,0.59,198.0,0.58,21.0,0.61,68.5,0.62,33.5,0.01,0.02,2346.90876,1776331221000
1776331223.944,23.944,0.39,76.77,0.38,219.5,0.41,26.0,0.42,26.0,0.59,203.0,0.58,26.0,0.6,4.0,0.61,78.5,0.02,0.01,2346.839815,1776331223000
1776331224.615,24.615,0.39,71.77,0.38,40.0,0.4,7.5,0.41,26.0,0.59,26.0,0.58,26.0,0.61,76.77,0.62,219.5,0.01,0.02,2346.839815,1776331223000
1776331225.414,25.414,0.38,11.0,0.37,36.0,0.39,118.69,0.4,34.0,0.6,7.5,0.59,26.0,0.61,71.77,0.62,40.0,0.01,0.01,2346.842698,1776331224000
1776331226.476,26.476,0.38,12.84,0.37,36.0,0.39,298.69,0.4,34.0,0.61,113.69,0.6,34.0,0.62,2.93,0.63,36.0,0.01,0.01,2346.720115,1776331225000
1776331227.056,27.056,0.38,4.08,0.37,28.0,0.39,261.69,0.4,34.0,0.61,298.69,0.6,34.0,0.62,12.84,0.63,36.0,0.01,0.01,2346.720115,1776331225000
1776331229.822,29.822,0.38,14.4,0.37,28.0,0.39,7.69,0.4,18.5,0.61,261.69,0.6,34.0,0.62,4.08,0.63,28.0,0.01,0.01,2346.756828,1776331228000
1776331230.178,30.178,0.38,12.33,0.37,28.0,0.39,26.69,0.4,18.5,0.61,7.69,0.6,18.5,0.62,14.4,0.63,28.0,0.01,0.01,2346.756828,1776331228000
1776331230.903,30.903,0.37,19.0,0.36,81.0,0.39,26.69,0.4,18.5,0.61,26.69,0.6,18.5,0.62,12.33,0.63,28.0,0.02,0.01,2346.773333,1776331229000
1776331231.338,31.338,0.37,81.0,0.36,264.5,0.39,31.69,0.4,29.0,0.61,26.69,0.6,18.5,0.63,19.0,0.64,81.0,0.02,0.02,2346.773333,1776331229000
1776331231.664,31.664,0.37,67.0,0.36,264.5,0.39,19.12,0.4,29.0,0.61,34.12,0.6,29.0,0.63,68.07,0.64,264.5,0.02,0.02,2346.652955,1776331230000
1776331232.205,32.205,0.37,24.0,0.36,141.5,0.38,33.86,0.39,10.0,0.61,19.12,0.6,29.0,0.63,67.0,0.64,264.5,0.01,0.02,2346.652955,1776331231000
1776331235.204,35.204,0.37,5.0,0.36,127.5,0.38,83.86,0.39,257.5,0.62,33.86,0.61,10.0,0.63,24.0,0.64,141.5,0.01,0.01,2346.64527,1776331233000
1776331235.926,35.926,0.37,8.41,0.36,78.5,0.38,83.86,0.39,190.0,0.62,83.86,0.61,257.5,0.63,5.0,0.64,127.5,0.01,0.01,2346.779498,1776331235000
1776331237.95,37.95,0.37,65.47,0.36,255.5,0.38,70.86,0.39,190.0,0.62,83.86,0.61,190.0,0.63,8.41,0.64,78.5,0.01,0.01,2346.724891,1776331236000
1776331238.503,38.503,0.37,7.92,0.36,127.5,0.38,110.36,0.39,200.5,0.62,70.86,0.61,190.0,0.63,65.47,0.64,255.5,0.01,0.01,2346.612425,1776331237000
1776331238.97,38.97,0.36,0.5,0.33,5.0,0.37,127.69,0.38,90.71,0.62,91.72,0.61,200.5,0.63,7.92,0.64,127.5,0.01,0.01,2346.612425,1776331237000
1776331239.267,39.267,0.3,15.0,0.29,24.0,0.32,64.5,0.33,40.5,0.63,127.69,0.62,90.71,0.68,7.52,0.69,20.0,0.02,0.05,2346.783369,1776331238000
1776331239.523,39.523,0.31,9.0,0.3,10.0,0.32,24.0,0.33,97.5,0.68,24.0,0.67,92.5,0.71,39.0,0.72,15.0,0.01,0.03,2346.783369,1776331238000
1776331239.753,39.753,0.32,8.52,0.31,102.42,0.33,5.0,0.34,6.0,0.68,20.0,0.67,5.0,0.69,58.42,0.7,20.5,0.01,0.01,2346.783369,1776331238000
1776331240.272,40.272,0.32,128.52,0.31,258.42,0.33,1.96,0.34,11.0,0.67,5.0,0.66,6.0,0.68,8.52,0.69,102.42,0.01,0.01,2346.74926,1776331239000
1776331240.561,40.561,0.35,10.0,0.34,16.5,0.38,3.86,0.39,14.0,0.66,2.9,0.63,10.0,0.68,397.02,0.69,120.42,0.03,0.02,2346.74926,1776331239000
1776331240.794,40.794,0.37,271.5,0.36,36.5,0.41,15.5,0.42,5.0,0.62,3.86,0.61,14.0,0.65,10.0,0.66,16.5,0.04,0.03,2346.74926,1776331239000
1776331241.061,41.061,0.41,49.0,0.4,36.0,0.43,11.04,0.44,15.0,0.58,15.0,0.57,15.0,0.6,34.0,0.61,190.0,0.02,0.02,2346.74926,1776331239000
1776331241.279,41.279,0.41,51.0,0.4,43.0,0.43,21.54,0.44,25.5,0.58,0.18,0.57,11.04,0.59,60.0,0.6,43.0,0.02,0.01,2346.48335,1776331240000
1776331241.489,41.489,0.41,5.0,0.4,85.0,0.42,4.88,0.43,21.54,0.57,21.54,0.56,25.5,0.6,85.0,0.61,203.0,0.01,0.03,2346.48335,1776331240000
1776331243.872,43.872,0.42,78.0,0.41,114.0,0.45,25.5,0.46,15.0,0.57,16.53,0.56,25.5,0.59,5.0,0.6,85.0,0.03,0.02,2346.491654,1776331241000
1776331244.796,44.796,0.44,50.0,0.42,56.0,0.45,33.23,0.46,21.0,0.55,25.5,0.54,15.0,0.58,78.0,0.59,114.0,0.01,0.03,2346.712445,1776331243000
1776331245.382,45.382,0.44,44.82,0.42,56.0,0.45,33.23,0.46,63.07,0.55,33.23,0.54,21.0,0.56,50.0,0.58,56.0,0.01,0.01,2346.72086,1776331244000
1776331246.236,46.236,0.44,46.82,0.43,57.0,0.45,21.89,0.46,63.07,0.55,33.23,0.54,63.07,0.56,44.82,0.58,56.0,0.01,0.01,2346.721825,1776331245000
1776331247.716,47.716,0.44,56.55,0.42,103.0,0.45,21.89,0.46,63.07,0.55,21.89,0.54,63.07,0.56,46.82,0.57,57.0,0.01,0.01,2346.848325,1776331246000
1776331249.711,49.711,0.42,11.0,0.41,62.0,0.45,276.89,0.46,55.99,0.55,21.89,0.54,63.07,0.56,56.55,0.58,103.0,0.03,0.01,2346.871075,1776331248000
1776331256.231,56.231,0.42,132.0,0.41,190.0,0.43,18.0,0.44,25.5,0.55,276.89,0.54,55.99,0.58,11.0,0.59,62.0,0.01,0.03,2346.76968,1776331254000
1776331258.105,58.105,0.42,137.0,0.41,190.0,0.43,4.04,0.44,69.49,0.57,18.0,0.56,25.5,0.58,132.0,0.59,190.0,0.01,0.01,2346.784735,1776331256000
1776331260.609,60.609,0.42,348.5,0.41,84.5,0.45,5.0,0.46,5.0,0.57,4.04,0.56,69.49,0.58,137.0,0.59,190.0,0.03,0.01,2346.926056,1776331259000
1776331260.968,60.968,0.47,266.2,0.46,70.0,0.48,0.4,0.49,15.5,0.52,30.4,0.51,48.92,0.56,6.46,0.57,20.5,0.01,0.04,2346.926056,1776331259000
1776331261.567,61.567,0.48,71.0,0.47,235.0,0.49,10.89,0.5,33.0,0.51,10.89,0.5,33.0,0.53,261.2,0.54,70.0,0.01,0.02,2346.816015,1776331260000
1776331262.232,62.232,0.48,81.0,0.47,240.0,0.49,5.0,0.5,23.0,0.51,10.89,0.5,33.0,0.52,71.0,0.53,235.0,0.01,0.01,2346.81618,1776331261000
1776331262.491,62.491,0.49,306.0,0.48,116.81,0.5,11.6,0.51,10.5,0.51,5.0,0.5,23.0,0.52,81.0,0.53,240.0,0.01,0.01,2346.81618,1776331261000
1776331262.866,62.866,0.55,119.0,0.54,30.0,0.57,5.0,0.58,5.0,0.44,10.5,0.43,5.0,0.48,20.0,0.49,24.8,0.02,0.04,2346.81618,1776331261000
1776331263.066,63.066,0.56,192.0,0.55,69.2,0.59,9.74,0.6,21.0,0.41,9.74,0.4,21.0,0.44,192.0,0.45,50.0,0.03,0.03,2346.81618,1776331261000
1776331263.324,63.324,0.56,284.0,0.55,50.0,0.57,14.03,0.58,20.5,0.43,8.48,0.42,20.5,0.44,249.0,0.45,50.0,0.01,0.01,2346.81618,1776331261000
1776331263.938,63.938,0.56,289.0,0.55,60.46,0.57,12.27,0.58,20.5,0.43,14.03,0.42,20.5,0.44,284.0,0.45,50.0,0.01,0.01,2347.02748,1776331262000
1776331264.331,64.331,0.56,299.0,0.55,60.46,0.59,1.55,0.6,21.0,0.43,12.27,0.42,20.5,0.44,289.0,0.45,60.46,0.03,0.01,2347.095604,1776331263000
1776331264.954,64.954,0.58,289.0,0.57,50.0,0.59,14.31,0.6,20.5,0.41,1.55,0.4,21.0,0.44,299.0,0.45,60.46,0.01,0.03,2347.095604,1776331263000
1776331265.893,65.893,0.58,279.39,0.57,50.0,0.59,8.31,0.6,25.5,0.41,3.31,0.4,20.5,0.42,289.0,0.43,50.0,0.01,0.01,2347.389955,1776331264000
1776331267.184,67.184,0.6,284.0,0.58,55.89,0.61,29.11,0.62,28.5,0.41,8.31,0.4,25.5,0.42,279.39,0.43,50.0,0.01,0.01,2347.491616,1776331265000
1776331267.604,67.604,0.6,308.0,0.59,10.0,0.62,24.61,0.63,15.0,0.38,24.61,0.37,15.0,0.4,289.0,0.42,60.89,0.02,0.02,2347.515049,1776331266000
1776331268.172,68.172,0.61,299.0,0.6,69.0,0.62,9.21,0.63,46.99,0.38,24.61,0.37,15.0,0.4,308.0,0.41,10.0,0.01,0.02,2347.436015,1776331267000
1776331268.575,68.575,0.63,305.54,0.62,15.0,0.65,37.0,0.66,55.0,0.37,25.5,0.36,70.92,0.39,294.0,0.4,69.0,0.02,0.02,2347.436015,1776331267000
1776331268.837,68.837,0.64,19.62,0.63,236.7,0.66,5.0,0.67,33.92,0.36,8.09,0.35,36.79,0.37,265.7,0.38,15.0,0.02,0.01,2347.436015,1776331267000
1776331269.113,69.113,0.68,10.0,0.67,10.0,0.69,2.13,0.7,10.5,0.33,30.36,0.29,39.0,0.34,67.0,0.35,25.0,0.01,0.01,2347.436015,1776331267000
1776331269.463,69.463,0.7,237.33,0.69,25.5,0.71,5.0,0.72,52.89,0.3,9.77,0.29,29.5,0.32,10.0,0.33,20.5,0.01,0.02,2347.45781,1776331268000
1776331269.964,69.964,0.71,306.0,0.7,25.0,0.73,78.42,0.74,46.7,0.27,38.8,0.26,77.07,0.3,271.53,0.31,25.5,0.02,0.03,2347.45781,1776331268000
1776331270.189,70.189,0.71,235.0,0.7,25.0,0.72,7.71,0.73,10.0,0.26,46.7,0.25,109.2,0.29,220.0,0.3,25.0,0.01,0.03,2347.608931,1776331269000
1776331270.474,70.474,0.71,311.0,0.7,25.0,0.72,8.86,0.73,20.5,0.28,2.71,0.26,36.7,0.29,249.0,0.3,25.0,0.01,0.01,2347.608931,1776331269000
1776331270.749,70.749,0.72,292.07,0.71,45.0,0.73,13.36,0.74,121.82,0.27,15.0,0.26,114.75,0.28,20.07,0.29,50.0,0.01,0.01,2347.608931,1776331269000
1776331271.071,71.071,0.72,281.53,0.71,45.0,0.73,21.76,0.74,121.82,0.27,21.51,0.26,121.82,0.28,281.53,0.29,45.0,0.01,0.01,2347.608931,1776331269000
1776331271.533,71.533,0.72,26.52,0.71,282.0,0.73,50.94,0.74,168.32,0.27,32.26,0.26,111.32,0.28,213.92,0.29,102.0,0.01,0.01,2347.8726,1776331270000
1776331271.789,71.789,0.72,1.55,0.71,35.0,0.73,64.01,0.74,302.24,0.27,69.01,0.26,302.24,0.28,6.73,0.29,35.0,0.01,0.01,2347.8726,1776331270000
1776331272.381,72.381,0.71,31.32,0.7,15.0,0.73,259.01,0.74,179.24,0.27,64.01,0.26,302.24,0.28,1.55,0.29,35.0,0.02,0.01,2347.996915,1776331271000
1776331272.924,72.924,0.71,379.05,0.7,40.5,0.72,5.0,0.73,18.8,0.28,20.0,0.27,244.01,0.29,48.47,0.3,15.0,0.01,0.01,2347.996915,1776331271000
1776331273.184,73.184,0.77,43.0,0.76,24.0,0.78,4.59,0.79,31.7,0.22,14.59,0.21,31.7,0.24,10.0,0.25,15.0,0.01,0.02,2347.996915,1776331271000
1776331273.468,73.468,0.77,51.0,0.76,91.5,0.78,7.06,0.79,31.7,0.22,4.59,0.21,31.7,0.23,43.0,0.24,24.0,0.01,0.01,2347.996915,1776331271000
1776331274.16,74.16,0.77,103.65,0.76,219.5,0.78,22.06,0.79,31.7,0.22,7.06,0.21,31.7,0.23,51.0,0.24,91.5,0.01,0.01,2347.9993,1776331272000
1776331274.69,74.69,0.77,323.61,0.76,39.5,0.78,22.06,0.79,31.7,0.22,22.06,0.21,31.7,0.23,103.65,0.24,219.5,0.01,0.01,2347.9993,1776331272000
1776331275.085,75.085,0.77,277.37,0.76,39.5,0.78,0.06,0.79,31.7,0.22,0.06,0.21,31.7,0.23,313.11,0.24,39.5,0.01,0.01,2348.047943,1776331273000
1776331275.378,75.378,0.77,260.13,0.76,25.5,0.78,5.06,0.79,10.0,0.22,0.06,0.21,31.7,0.23,277.37,0.24,39.5,0.01,0.01,2348.047943,1776331273000
1776331276.334,76.334,0.77,335.63,0.76,61.5,0.82,24.4,0.83,100.5,0.22,5.06,0.21,10.0,0.23,260.13,0.24,25.5,0.05,0.01,2348.318605,1776331275000
1776331276.615,76.615,0.81,10.0,0.8,37.5,0.82,72.68,0.83,100.5,0.18,73.9,0.17,100.5,0.19,15.0,0.2,37.5,0.01,0.01,2348.318605,1776331275000
1776331276.882,76.882,0.8,34.2,0.79,224.5,0.82,13.01,0.83,100.5,0.18,18.01,0.17,100.5,0.19,10.0,0.2,37.5,0.02,0.01,2348.318605,1776331275000
1776331277.452,77.452,0.8,321.04,0.79,44.5,0.82,5.56,0.83,75.0,0.18,13.01,0.17,100.5,0.2,34.04,0.21,224.5,0.02,0.02,2348.448442,1776331276000
1776331277.726,77.726,0.82,186.66,0.81,67.0,0.83,80.0,0.84,284.2,0.17,75.0,0.16,132.8,0.2,321.04,0.21,44.5,0.01,0.03,2348.448442,1776331276000
1776331277.95,77.95,0.82,262.54,0.81,67.0,0.83,76.02,0.84,279.2,0.17,76.02,0.16,284.2,0.18,186.66,0.19,67.0,0.01,0.01,2348.448442,1776331276000
1776331278.634,78.634,0.82,256.42,0.81,82.5,0.83,81.02,0.84,274.2,0.17,76.02,0.16,279.2,0.18,262.54,0.19,67.0,0.01,0.01,2348.464752,1776331277000
1776331278.977,78.977,0.82,243.13,0.81,82.5,0.83,81.02,0.84,217.2,0.17,81.02,0.16,274.2,0.18,237.25,0.19,82.5,0.01,0.01,2348.464752,1776331277000
1776331279.653,79.653,0.77,10.0,0.76,27.5,0.81,350.5,0.82,25.5,0.17,91.02,0.16,217.2,0.18,27.69,0.19,180.0,0.04,0.01,2348.51778,1776331278000
1776331280.164,80.164,0.77,20.0,0.76,32.5,0.78,28.0,0.79,10.0,0.19,350.5,0.18,25.5,0.23,10.0,0.24,27.5,0.01,0.04,2348.51778,1776331278000
1776331280.545,80.545,0.74,8.0,0.73,27.0,0.76,60.0,0.77,18.0,0.2,5.56,0.19,337.06,0.23,20.0,0.24,27.5,0.02,0.03,2348.600497,1776331279000
1776331280.889,80.889,0.72,1.96,0.71,15.0,0.73,175.0,0.74,18.0,0.24,60.0,0.23,18.0,0.26,8.0,0.27,27.0,0.01,0.02,2348.600497,1776331279000
1776331281.099,81.099,0.7,15.0,0.69,10.0,0.73,99.0,0.74,18.0,0.27,175.0,0.26,18.0,0.28,1.96,0.29,15.0,0.03,0.01,2348.600497,1776331279000
1776331281.335,81.335,0.72,263.71,0.71,26.5,0.73,30.0,0.76,5.0,0.27,99.0,0.26,18.0,0.3,15.0,0.31,10.0,0.01,0.03,2348.579465,1776331280000
1776331281.671,81.671,0.77,30.0,0.76,10.0,0.78,85.0,0.79,186.11,0.22,70.0,0.21,75.0,0.24,6.5,0.25,20.5,0.01,0.02,2348.579465,1776331280000
1776331282.066,82.066,0.74,5.0,0.73,10.0,0.77,289.0,0.78,90.5,0.22,95.0,0.21,186.11,0.23,13.39,0.24,5.0,0.03,0.01,2348.579465,1776331281000
1776331283.25,83.25,0.72,25.5,0.71,26.5,0.73,10.0,0.74,5.0,0.23,289.0,0.22,90.5,0.26,5.0,0.27,10.0,0.01,0.03,2348.579465,1776331281000
1776331283.468,83.468,0.68,80.39,0.67,10.0,0.73,15.0,0.74,5.0,0.27,10.0,0.26,5.0,0.28,26.92,0.29,26.5,0.05,0.01,2348.579465,1776331281000
1776331283.949,83.949,0.72,82.5,0.71,190.0,0.74,10.0,0.75,10.0,0.27,15.0,0.26,5.0,0.32,80.39,0.33,10.0,0.02,0.05,2348.399839,1776331282000
1776331284.235,84.235,0.75,54.26,0.74,25.5,0.76,10.0,0.77,27.5,0.23,17.0,0.22,98.5,0.27,210.5,0.28,98.17,0.01,0.04,2348.21804,1776331283000
1776331284.606,84.606,0.78,10.0,0.77,10.0,0.79,18.87,0.8,10.5,0.24,10.0,0.23,27.5,0.25,54.26,0.26,25.5,0.01,0.01,2348.21804,1776331283000
1776331284.811,84.811,0.78,55.0,0.77,24.83,0.79,19.25,0.8,20.5,0.21,18.87,0.2,10.5,0.22,10.0,0.23,10.0,0.01,0.01,2348.21804,1776331283000
1776331285.288,85.288,0.78,69.45,0.77,24.83,0.79,14.25,0.81,61.56,0.21,19.25,0.2,20.5,0.22,55.0,0.23,24.83,0.01,0.01,2348.21804,1776331283000
1776331285.522,85.522,0.78,330.45,0.77,37.83,0.79,5.66,0.81,11.56,0.21,14.25,0.19,61.56,0.22,69.45,0.23,24.83,0.01,0.01,2348.22626,1776331284000
1776331286.108,86.108,0.77,23.37,0.74,57.0,0.78,18.71,0.79,18.0,0.19,11.56,0.18,5.0,0.22,330.45,0.23,37.83,0.01,0.03,2348.356969,1776331285000
1776331286.731,86.731,0.77,54.02,0.76,190.0,0.78,15.0,0.8,96.0,0.22,18.71,0.21,18.0,0.23,23.37,0.26,57.0,0.01,0.01,2348.356969,1776331285000
1776331287.704,87.704,0.77,15.57,0.72,6.0,0.78,167.5,0.79,44.5,0.21,5.0,0.2,96.0,0.23,59.02,0.24,190.0,0.01,0.02,2348.535546,1776331286000
1776331288.915,88.915,0.73,358.5,0.72,34.0,0.75,6.93,0.76,5.0,0.22,323.5,0.21,50.5,0.27,10.0,0.28,24.0,0.02,0.05,2348.523349,1776331287000
1776331290.356,90.356,0.8,10.0,0.79,25.5,0.81,21.82,0.82,5.0,0.25,6.93,0.24,5.0,0.27,358.5,0.28,34.0,0.01,0.02,2348.527919,1776331288000
1776331290.557,90.557,0.8,56.5,0.79,54.82,0.81,16.34,0.82,5.0,0.19,16.44,0.18,5.0,0.2,51.5,0.21,40.5,0.01,0.01,2348.527919,1776331288000
1776331290.992,90.992,0.8,51.5,0.79,48.5,0.81,15.1,0.82,5.0,0.19,16.34,0.18,5.0,0.2,51.5,0.21,48.5,0.01,0.01,2348.527919,1776331288000
1776331291.693,91.693,0.78,17.0,0.77,32.5,0.8,306.5,0.81,139.6,0.19,15.1,0.18,5.0,0.2,51.5,0.21,48.5,0.02,0.01,2348.240685,1776331289000
1776331291.9,91.9,0.78,12.23,0.77,32.5,0.79,30.0,0.8,281.5,0.21,15.5,0.2,281.5,0.22,16.83,0.23,32.5,0.01,0.01,2348.273395,1776331290000
1776331292.557,92.557,0.76,10.14,0.75,212.5,0.78,35.0,0.79,36.5,0.21,35.0,0.2,281.5,0.22,3.23,0.23,32.5,0.02,0.01,2348.403569,1776331291000
1776331292.803,92.803,0.76,10.0,0.75,212.5,0.77,3.59,0.78,1.57,0.22,1.57,0.21,31.5,0.24,10.0,0.25,212.5,0.01,0.02,2348.403569,1776331291000
1776331293.64,93.64,0.76,4.79,0.75,22.0,0.77,145.59,0.78,22.07,0.23,3.59,0.22,1.57,0.24,10.0,0.25,212.5,0.01,0.01,2348.58746,1776331292000
1776331294.583,94.583,0.76,12.79,0.75,89.5,0.77,3.59,0.78,11.57,0.23,88.71,0.22,79.07,0.24,4.79,0.25,22.0,0.01,0.01,2348.58746,1776331292000
1776331295.944,95.944,0.8,55.0,0.79,257.0,0.81,20.1,0.82,92.5,0.23,3.59,0.22,11.57,0.24,12.79,0.25,89.5,0.01,0.01,2348.536965,1776331294000
1776331296.916,96.916,0.8,55.0,0.79,257.0,0.81,13.92,0.82,67.0,0.19,20.1,0.18,92.5,0.2,55.0,0.21,257.0,0.01,0.01,2348.392005,1776331295000
1776331298.116,98.116,0.77,1.0,0.76,9.29,0.8,80.5,0.81,96.42,0.19,13.92,0.18,67.0,0.2,55.0,0.21,257.0,0.03,0.01,2348.631042,1776331296000
1776331298.825,98.825,0.76,5.0,0.75,5.0,0.78,159.5,0.79,300.5,0.2,80.5,0.19,96.42,0.23,1.0,0.24,9.29,0.02,0.03,2348.563555,1776331297000
1776331302.711,102.711,0.75,314.5,0.74,72.26,0.76,10.42,0.77,17.0,0.22,159.5,0.21,300.5,0.24,5.0,0.25,5.0,0.01,0.02,2348.341275,1776331301000
1776331305.156,105.156,0.75,91.0,0.74,5.0,0.76,10.0,0.77,20.5,0.24,10.42,0.23,17.0,0.25,314.5,0.26,72.26,0.01,0.01,2348.56758,1776331303000
1776331305.376,105.376,0.75,154.6,0.74,10.0,0.76,22.68,0.77,20.5,0.24,14.0,0.23,20.5,0.25,74.6,0.26,5.0,0.01,0.01,2348.56758,1776331303000
1776331306.197,106.197,0.76,114.0,0.75,254.0,0.77,2.16,0.78,26.5,0.24,22.68,0.23,20.5,0.25,154.6,0.26,10.0,0.01,0.01,2348.386745,1776331305000
1776331312.072,112.072,0.76,249.0,0.75,54.5,0.78,12.45,0.79,110.5,0.23,2.16,0.22,26.5,0.24,114.0,0.25,254.0,0.02,0.01,2348.265305,1776331311000
1776331312.626,112.626,0.78,7.0,0.77,22.0,0.79,17.5,0.8,85.0,0.23,10.0,0.22,12.45,0.24,228.16,0.25,54.5,0.01,0.01,2348.265305,1776331311000
1776331313.461,113.461,0.76,20.7,0.75,24.0,0.78,252.5,0.79,95.5,0.21,17.5,0.2,85.0,0.22,7.0,0.23,22.0,0.02,0.01,2348.355907,1776331312000
1776331313.725,113.725,0.71,16.9,0.7,5.0,0.72,10.0,0.73,95.0,0.24,29.3,0.23,10.0,0.29,5.0,0.3,5.0,0.01,0.05,2348.355907,1776331312000
1776331314.012,114.012,0.71,27.5,0.7,5.0,0.72,98.61,0.73,95.0,0.28,10.0,0.27,95.0,0.29,16.9,0.3,5.0,0.01,0.01,2348.355907,1776331312000
1776331315.333,115.333,0.71,37.5,0.7,101.79,0.72,265.0,0.73,106.0,0.28,98.61,0.27,95.0,0.29,22.32,0.3,5.0,0.01,0.01,2348.15295,1776331314000
1776331315.594,115.594,0.71,37.74,0.7,101.79,0.72,83.25,0.73,106.0,0.28,270.0,0.27,106.0,0.29,32.74,0.3,101.79,0.01,0.01,2348.15295,1776331314000
1776331319.245,119.245,0.71,219.29,0.7,15.0,0.72,5.0,0.73,11.0,0.28,83.25,0.27,106.0,0.29,37.74,0.3,101.79,0.01,0.01,2347.999484,1776331318000
1776331320.737,120.737,0.75,4.4,0.74,82.5,0.77,82.0,0.78,102.5,0.28,5.0,0.27,11.0,0.29,219.29,0.3,15.0,0.02,0.01,2347.999484,1776331318000
1776331321.523,121.523,0.74,15.0,0.73,15.0,0.76,27.33,0.77,158.99,0.23,82.0,0.22,102.5,0.25,4.4,0.26,82.5,0.02,0.02,2347.996931,1776331319000
1776331322.663,122.663,0.75,30.0,0.74,15.0,0.76,157.99,0.77,49.12,0.24,27.33,0.23,158.99,0.26,15.0,0.27,15.0,0.01,0.02,2348.003398,1776331320000
1776331323.503,123.503,0.75,30.0,0.74,15.0,0.76,89.0,0.77,108.49,0.24,157.99,0.23,49.12,0.25,30.0,0.26,15.0,0.01,0.01,2348.201064,1776331321000
1776331324.576,124.576,0.75,20.0,0.74,10.0,0.76,167.41,0.77,229.12,0.24,89.0,0.23,108.49,0.25,30.0,0.26,15.0,0.01,0.01,2348.13521,1776331322000
1776331325.175,125.175,0.72,9.64,0.71,50.85,0.73,99.37,0.74,91.0,0.24,167.41,0.23,229.12,0.25,20.0,0.26,10.0,0.01,0.01,2348.211152,1776331323000
1776331325.779,125.779,0.72,22.0,0.71,44.85,0.73,50.04,0.74,109.0,0.27,94.37,0.26,91.0,0.28,10.0,0.29,44.85,0.01,0.01,2348.211152,1776331324000
1776331328.68,128.68,0.72,269.5,0.71,69.79,0.73,2.98,0.74,158.37,0.27,50.04,0.26,109.0,0.28,22.0,0.29,44.85,0.01,0.01,2348.036861,1776331327000
1776331328.959,128.959,0.72,274.5,0.71,69.79,0.74,156.35,0.75,23.0,0.27,2.98,0.26,158.37,0.28,269.5,0.29,69.79,0.02,0.01,2348.036861,1776331327000
1776331329.779,129.779,0.73,299.25,0.72,25.5,0.74,86.37,0.75,23.0,0.26,156.35,0.25,23.0,0.28,274.5,0.29,69.79,0.01,0.02,2348.041283,1776331328000
1776331330.155,130.155,0.73,299.25,0.72,30.5,0.74,70.54,0.75,23.0,0.26,86.37,0.25,23.0,0.27,299.25,0.28,25.5,0.01,0.01,2348.041283,1776331328000
1776331330.602,130.602,0.73,257.0,0.72,54.56,0.74,65.54,0.75,18.0,0.26,70.54,0.25,23.0,0.27,299.25,0.28,30.5,0.01,0.01,2348.05765,1776331329000
1776331330.82,130.82,0.74,10.0,0.73,190.0,0.75,79.7,0.76,164.92,0.26,65.54,0.25,18.0,0.27,257.0,0.28,54.56,0.01,0.01,2348.05765,1776331329000
1776331331.317,131.317,0.74,0.15,0.73,247.0,0.75,98.99,0.76,221.92,0.25,79.7,0.24,164.92,0.26,4.0,0.27,190.0,0.01,0.01,2348.02703,1776331330000
1776331333.437,133.437,0.59,3.35,0.58,17.0,0.66,47.0,0.67,67.0,0.25,93.99,0.24,221.92,0.26,0.15,0.27,247.0,0.07,0.01,2348.070317,1776331331000
1776331333.728,133.728,0.56,10.0,0.55,15.0,0.57,78.37,0.58,30.0,0.43,10.0,0.42,98.37,0.46,9.86,0.47,34.0,0.01,0.03,2348.012294,1776331332000
1776331333.979,133.979,0.55,13.8,0.54,14.86,0.56,6.0,0.57,79.87,0.43,83.37,0.42,30.0,0.45,15.0,0.46,14.86,0.01,0.02,2348.012294,1776331332000
1776331334.294,134.294,0.55,15.8,0.54,14.86,0.56,16.0,0.57,77.5,0.44,6.0,0.43,79.87,0.45,13.8,0.46,14.86,0.01,0.01,2348.012294,1776331332000
1776331334.667,134.667,0.54,5.0,0.53,23.0,0.56,204.0,0.57,20.5,0.44,98.37,0.43,257.5,0.45,3.53,0.46,14.86,0.02,0.01,2348.02965,1776331333000
1776331335.096,135.096,0.53,1.34,0.52,15.0,0.55,269.5,0.56,20.5,0.44,123.18,0.43,20.5,0.47,23.0,0.48,5.0,0.02,0.03,2348.012093,1776331334000
1776331335.835,135.835,0.52,10.0,0.51,20.0,0.54,264.5,0.55,20.5,0.45,264.5,0.44,20.5,0.48,15.0,0.49,32.0,0.02,0.03,2348.012093,1776331334000
1776331336.035,136.035,0.49,14.0,0.48,10.0,0.52,10.5,0.53,212.5,0.46,264.5,0.45,20.5,0.48,10.0,0.49,20.0,0.03,0.02,2348.012093,1776331334000
1776331336.518,136.518,0.48,10.0,0.47,10.0,0.5,279.5,0.51,46.5,0.49,74.5,0.48,84.5,0.51,19.0,0.52,10.0,0.02,0.02,2348.012093,1776331334000
1776331336.866,136.866,0.46,15.0,0.45,33.5,0.5,288.5,0.51,51.5,0.5,283.5,0.49,46.5,0.51,4.9,0.52,10.0,0.04,0.01,2347.39982,1776331335000
1776331337.219,137.219,0.48,15.0,0.47,10.0,0.49,263.0,0.5,88.37,0.5,288.5,0.49,51.5,0.54,15.0,0.55,33.5,0.01,0.04,2347.39982,1776331335000
1776331337.541,137.541,0.51,15.0,0.5,10.0,0.52,17.5,0.53,77.12,0.51,263.0,0.5,88.37,0.52,15.0,0.53,10.0,0.01,0.01,2347.28688,1776331336000
1776331337.895,137.895,0.49,9.6,0.48,19.25,0.52,95.12,0.53,271.5,0.48,17.5,0.47,77.12,0.49,15.0,0.5,10.0,0.03,0.01,2347.28688,1776331336000
1776331338.306,138.306,0.5,9.7,0.49,10.0,0.51,41.62,0.52,34.5,0.49,44.01,0.48,58.5,0.51,15.0,0.52,17.89,0.01,0.02,2347.261695,1776331337000
1776331338.951,138.951,0.48,56.97,0.46,15.0,0.49,46.5,0.5,86.12,0.49,41.62,0.48,34.5,0.5,9.7,0.51,10.0,0.01,0.01,2347.261695,1776331337000
1776331339.321,139.321,0.46,5.0,0.44,7.0,0.49,350.12,0.5,60.5,0.51,69.12,0.5,65.5,0.52,41.97,0.54,15.0,0.03,0.01,2347.261695,1776331337000
1776331339.779,139.779,0.44,5.0,0.43,79.81,0.45,38.76,0.46,20.5,0.55,10.0,0.54,10.0,0.57,15.0,0.58,48.0,0.01,0.02,2347.157017,1776331338000
1776331340.013,140.013,0.44,10.0,0.43,89.81,0.45,29.17,0.46,20.5,0.55,34.92,0.54,20.5,0.56,10.0,0.57,79.81,0.01,0.01,2347.157017,1776331338000
1776331340.352,140.352,0.44,22.39,0.43,89.81,0.45,22.24,0.46,20.5,0.55,18.53,0.54,20.5,0.56,17.39,0.57,89.81,0.01,0.01,2347.157017,1776331338000
1776331340.733,140.733,0.51,15.0,0.5,15.0,0.53,17.3,0.54,20.86,0.55,2.24,0.53,209.0,0.56,23.87,0.57,100.31,0.02,0.01,2347.157017,1776331338000
1776331341.08,141.08,0.52,10.0,0.51,5.0,0.53,22.3,0.54,20.86,0.47,17.3,0.46,20.86,0.49,15.0,0.5,15.0,0.01,0.02,2347.039862,1776331339000
1776331341.311,141.311,0.51,5.0,0.5,15.0,0.53,25.21,0.54,20.86,0.47,9.71,0.46,20.86,0.48,10.0,0.49,5.0,0.02,0.01,2347.039862,1776331339000
1776331341.523,141.523,0.5,15.0,0.49,20.5,0.51,2.61,0.52,21.62,0.48,18.62,0.47,20.21,0.52,14.5,0.53,10.0,0.01,0.04,2347.019605,1776331340000
1776331342.491,142.491,0.52,22.0,0.51,10.0,0.53,1.85,0.54,10.86,0.49,2.61,0.48,21.62,0.5,15.0,0.51,20.5,0.01,0.01,2346.990785,1776331341000
1776331342.87,142.87,0.52,309.0,0.51,15.0,0.54,23.09,0.55,20.5,0.47,1.85,0.46,10.86,0.48,22.0,0.49,10.0,0.02,0.01,2346.990785,1776331341000
1776331343.107,143.107,0.53,57.0,0.52,287.0,0.54,1.09,0.55,34.5,0.46,18.09,0.45,20.5,0.47,10.0,0.48,299.0,0.01,0.01,2347.15209,1776331342000
1776331343.353,143.353,0.53,10.0,0.52,124.68,0.55,29.5,0.56,10.0,0.46,1.09,0.45,34.5,0.48,124.68,0.49,15.0,0.02,0.02,2347.15209,1776331342000
1776331343.568,143.568,0.53,5.91,0.52,124.68,0.54,10.0,0.55,29.5,0.45,29.5,0.44,10.0,0.47,10.0,0.48,124.68,0.01,0.02,2347.15209,1776331342000
1776331344.059,144.059,0.53,57.91,0.52,124.68,0.54,22.21,0.55,29.5,0.46,10.0,0.45,29.5,0.47,5.91,0.48,124.68,0.01,0.01,2347.044669,1776331343000
1776331344.574,144.574,0.53,77.91,0.52,124.68,0.54,13.69,0.55,29.5,0.46,22.21,0.45,29.5,0.47,57.91,0.48,124.68,0.01,0.01,2347.044669,1776331343000
1776331345.568,145.568,0.52,5.0,0.51,5.0,0.54,102.5,0.55,34.5,0.46,13.69,0.45,29.5,0.47,77.91,0.48,124.68,0.02,0.01,2347.190451,1776331344000
1776331346.475,146.475,0.51,1.0,0.5,102.0,0.52,57.0,0.53,20.5,0.46,102.5,0.45,34.5,0.48,5.0,0.49,5.0,0.01,0.02,2347.09492,1776331345000
1776331346.867,146.867,0.5,99.04,0.49,207.5,0.52,57.0,0.53,20.5,0.48,57.0,0.47,20.5,0.49,1.0,0.5,102.0,0.02,0.01,2347.09492,1776331345000
1776331349.286,149.286,0.5,94.04,0.49,212.5,0.51,0.2,0.52,10.0,0.48,57.0,0.47,20.5,0.5,99.04,0.51,207.5,0.01,0.02,2347.08725,1776331348000
1776331350.984,150.984,0.52,1.0,0.51,262.5,0.54,10.0,0.55,20.5,0.49,0.2,0.48,10.0,0.5,94.04,0.51,212.5,0.02,0.01,2347.078005,1776331349000
1776331352.031,152.031,0.53,242.0,0.52,11.0,0.55,25.5,0.56,20.0,0.46,10.0,0.45,20.5,0.48,1.0,0.49,262.5,0.02,0.02,2347.078005,1776331350000
1776331354.216,154.216,0.54,302.0,0.53,15.0,0.56,30.5,0.57,15.0,0.45,25.5,0.44,15.0,0.47,242.0,0.48,11.0,0.02,0.02,2347.129736,1776331352000
1776331354.493,154.493,0.57,20.5,0.56,30.5,0.59,5.0,0.6,15.5,0.44,0.5,0.43,15.0,0.45,15.0,0.46,302.0,0.02,0.01,2347.156355,1776331353000
1776331355.405,155.405,0.69,109.5,0.68,31.45,0.7,43.92,0.71,15.5,0.37,3.23,0.36,25.0,0.41,10.0,0.42,89.5,0.01,0.04,2347.268587,1776331354000
1776331355.652,155.652,0.69,118.7,0.68,20.45,0.72,3.51,0.73,10.0,0.3,38.92,0.29,5.0,0.31,123.7,0.32,20.45,0.03,0.01,2347.268587,1776331354000
1776331355.928,155.928,0.71,217.0,0.7,10.0,0.75,19.0,0.76,65.0,0.28,3.51,0.27,10.0,0.31,118.7,0.32,20.45,0.04,0.03,2347.268587,1776331354000
1776331356.216,156.216,0.74,22.0,0.73,10.0,0.75,14.0,0.76,65.0,0.25,19.0,0.24,65.0,0.29,217.0,0.3,10.0,0.01,0.04,2347.26852,1776331355000
1776331356.499,156.499,0.74,79.0,0.73,190.0,0.75,14.0,0.76,65.0,0.25,14.0,0.24,65.0,0.26,12.0,0.27,10.0,0.01,0.01,2347.26852,1776331355000
1776331359.721,159.721,0.76,286.5,0.75,87.5,0.78,0.01,0.79,22.5,0.25,14.0,0.24,65.0,0.26,79.0,0.27,190.0,0.02,0.01,2347.82512,1776331358000
1776331360.11,160.11,0.78,134.0,0.77,15.0,0.79,3.04,0.81,133.92,0.21,4.94,0.19,133.92,0.22,15.0,0.23,15.0,0.01,0.01,2347.82512,1776331358000
1776331361.4,161.4,0.78,241.24,0.77,15.0,0.79,8.04,0.8,24.0,0.21,3.04,0.19,133.92,0.22,134.0,0.23,15.0,0.01,0.01,2347.844104,1776331360000
1776331362.389,162.389,0.78,270.74,0.77,25.5,0.81,123.92,0.82,145.0,0.21,8.04,0.2,24.0,0.22,230.24,0.23,15.0,0.03,0.01,2347.844104,1776331360000
1776331362.852,162.852,0.79,61.38,0.78,190.0,0.8,25.5,0.81,206.46,0.2,20.5,0.19,141.92,0.22,265.24,0.23,37.5,0.01,0.02,2348.048955,1776331361000
1776331363.718,163.718,0.79,261.85,0.78,20.5,0.8,12.1,0.81,206.96,0.2,25.5,0.19,206.46,0.21,59.49,0.22,190.0,0.01,0.01,2348.09921,1776331362000
1776331364.007,164.007,0.8,17.5,0.79,241.85,0.81,153.04,0.82,165.0,0.19,186.91,0.18,165.0,0.21,261.85,0.22,25.5,0.01,0.02,2348.09921,1776331362000
1776331364.266,164.266,0.8,128.5,0.79,190.0,0.81,151.8,0.82,165.0,0.19,153.04,0.18,165.0,0.2,123.5,0.21,190.0,0.01,0.01,2348.09921,1776331362000
1776331365.037,165.037,0.8,318.27,0.79,10.0,0.81,151.8,0.82,165.0,0.19,151.8,0.18,165.0,0.2,128.5,0.21,190.0,0.01,0.01,2348.201769,1776331363000
1776331366.329,166.329,0.8,323.27,0.79,15.0,0.81,62.26,0.82,155.0,0.19,151.8,0.18,165.0,0.2,318.27,0.21,10.0,0.01,0.01,2348.254905,1776331364000
1776331367.813,167.813,0.8,249.0,0.79,57.0,0.81,67.26,0.82,165.5,0.19,62.26,0.18,155.0,0.2,311.52,0.21,15.0,0.01,0.01,2348.208602,1776331366000
1776331369.449,169.449,0.8,249.0,0.78,5.0,0.81,19.32,0.82,82.5,0.19,67.26,0.18,165.5,0.2,249.0,0.21,57.0,0.01,0.01,2348.212521,1776331368000
1776331369.877,169.877,0.71,296.98,0.7,11.0,0.73,25.0,0.74,35.5,0.19,19.32,0.18,82.5,0.2,249.0,0.22,5.0,0.02,0.01,2348.212521,1776331368000
1776331370.454,170.454,0.68,253.24,0.67,5.0,0.69,20.0,0.7,20.0,0.28,28.61,0.27,54.0,0.29,302.98,0.3,11.0,0.01,0.01,2348.212521,1776331368000
1776331371.267,171.267,0.64,16.05,0.63,72.5,0.65,25.0,0.66,10.0,0.31,20.0,0.3,20.0,0.32,253.24,0.33,5.0,0.01,0.01,2348.115505,1776331369000
1776331372.194,172.194,0.64,8.05,0.63,30.5,0.65,48.0,0.66,10.0,0.35,25.0,0.34,10.0,0.36,16.05,0.37,72.5,0.01,0.01,2348.07545,1776331370000
1776331374.651,174.651,0.64,19.27,0.63,10.0,0.65,24.0,0.66,10.0,0.35,34.0,0.34,10.0,0.36,8.05,0.37,30.5,0.01,0.01,2347.637171,1776331373000
1776331375.826,175.826,0.64,15.0,0.63,10.0,0.65,28.51,0.66,10.0,0.35,24.0,0.34,10.0,0.36,19.27,0.37,10.0,0.01,0.01,2347.586137,1776331374000
1776331376.444,176.444,0.64,15.0,0.63,190.0,0.7,70.0,0.71,127.0,0.35,27.31,0.34,10.0,0.36,15.0,0.37,10.0,0.06,0.01,2347.659738,1776331375000
1776331377.625,177.625,0.71,15.0,0.7,10.0,0.72,10.5,0.74,75.0,0.3,70.0,0.29,127.0,0.36,25.5,0.37,190.0,0.01,0.06,2347.653317,1776331376000
1776331377.935,177.935,0.74,205.23,0.73,25.5,0.75,70.0,0.76,80.5,0.25,94.2,0.24,70.0,0.27,10.0,0.28,10.0,0.01,0.02,2347.653317,1776331376000
1776331378.272,178.272,0.77,6.78,0.76,202.0,0.78,10.0,0.79,70.0,0.25,70.0,0.24,80.5,0.26,205.23,0.27,25.5,0.01,0.01,2347.653317,1776331376000
1776331378.611,178.611,0.77,278.78,0.76,15.0,0.78,5.0,0.79,80.5,0.22,15.5,0.21,70.0,0.23,1.78,0.24,195.0,0.01,0.01,2347.570803,1776331377000
1776331379.008,179.008,0.77,283.78,0.76,15.0,0.78,4.36,0.79,98.5,0.22,5.0,0.21,80.5,0.23,278.78,0.24,15.0,0.01,0.01,2347.570803,1776331377000
1776331379.627,179.627,0.78,50.5,0.77,259.28,0.79,59.87,0.8,9.0,0.22,4.36,0.21,98.5,0.23,283.78,0.24,15.0,0.01,0.01,2347.612416,1776331378000
1776331379.916,179.916,0.78,60.5,0.77,259.28,0.79,42.9,0.8,14.0,0.21,47.9,0.2,9.0,0.22,67.5,0.23,259.28,0.01,0.01,2347.612416,1776331378000
1776331380.739,180.739,0.78,45.5,0.77,22.28,0.81,5.0,0.82,70.0,0.21,42.9,0.2,14.0,0.22,40.5,0.23,259.28,0.03,0.01,2347.977122,1776331379000
1776331381.098,181.098,0.79,10.5,0.78,142.01,0.82,68.93,0.83,148.5,0.19,5.0,0.18,70.0,0.22,50.5,0.23,22.28,0.03,0.03,2347.977122,1776331379000
1776331382.284,182.284,0.81,10.0,0.8,20.5,0.82,68.01,0.83,158.5,0.18,68.93,0.17,148.5,0.21,10.5,0.22,142.01,0.01,0.03,2348.00225,1776331380000
1776331383.568,183.568,0.82,40.5,0.81,25.5,0.83,69.78,0.84,84.0,0.18,68.01,0.17,158.5,0.19,10.0,0.2,20.5,0.01,0.01,2348.163119,1776331382000
1776331384.481,184.481,0.82,30.5,0.81,25.5,0.83,61.11,0.84,70.0,0.17,69.78,0.16,84.0,0.18,40.5,0.19,25.5,0.01,0.01,2348.163119,1776331382000
1776331385.42,185.42,0.84,10.0,0.83,10.0,0.87,12.0,0.88,104.1,0.17,61.11,0.16,70.0,0.18,30.5,0.19,25.5,0.03,0.01,2348.130817,1776331383000
1776331385.641,185.641,0.86,10.0,0.85,20.0,0.87,5.85,0.88,104.1,0.13,10.85,0.12,104.1,0.14,10.0,0.15,20.0,0.01,0.01,2348.130817,1776331383000
1776331386.297,186.297,0.85,20.0,0.84,25.0,0.87,5.85,0.88,104.1,0.13,5.85,0.12,104.1,0.14,10.0,0.15,20.0,0.02,0.01,2348.16421,1776331384000
1776331387.091,187.091,0.86,10.0,0.85,10.0,0.88,98.94,0.89,104.79,0.13,5.85,0.12,104.1,0.15,20.0,0.16,25.0,0.02,0.02,2348.22381,1776331385000
1776331388.36,188.36,0.86,10.0,0.85,10.0,0.88,120.94,0.89,51.79,0.12,98.94,0.11,104.79,0.14,10.0,0.15,10.0,0.02,0.02,2348.341005,1776331387000
1776331388.568,188.568,0.86,16.0,0.85,10.0,0.88,110.8,0.89,51.79,0.12,120.94,0.11,51.79,0.14,10.0,0.15,10.0,0.02,0.02,2348.341005,1776331387000
1776331389.187,189.187,0.86,6.0,0.84,15.0,0.87,24.25,0.88,47.8,0.12,110.8,0.11,51.79,0.14,16.0,0.15,10.0,0.01,0.02,2348.341005,1776331387000
1776331389.564,189.564,0.82,1.11,0.77,23.37,0.87,37.0,0.88,33.8,0.13,10.0,0.12,33.8,0.18,20.0,0.19,8.0,0.05,0.05,2348.341005,1776331387000
1776331391.46,191.46,0.82,26.11,0.78,13.0,0.83,5.0,0.84,84.0,0.13,37.0,0.12,33.8,0.18,1.11,0.23,23.37,0.01,0.05,2348.39633,1776331389000
1776331391.791,191.791,0.82,16.11,0.8,10.0,0.85,70.0,0.86,75.0,0.17,5.0,0.16,84.0,0.18,26.11,0.22,13.0,0.03,0.01,2348.243523,1776331390000
1776331392.479,192.479,0.82,5.11,0.79,10.0,0.83,10.0,0.84,10.0,0.15,70.0,0.14,75.0,0.18,16.11,0.2,10.0,0.01,0.03,2348.243523,1776331390000
1776331392.721,192.721,0.77,23.37,0.76,10.0,0.83,20.0,0.84,10.0,0.17,10.0,0.16,10.0,0.18,5.11,0.21,10.0,0.06,0.01,2348.243523,1776331390000
1776331393.608,193.608,0.75,17.0,0.74,86.0,0.77,49.07,0.8,10.0,0.23,46.63,0.17,20.0,0.24,10.0,0.25,17.0,0.02,0.01,2348.135301,1776331391000
1776331393.865,193.865,0.73,2.74,0.71,50.0,0.76,24.0,0.77,59.07,0.23,49.07,0.2,10.0,0.25,17.0,0.26,86.0,0.03,0.02,2348.135301,1776331391000
1776331394.542,194.542,0.73,12.74,0.72,10.0,0.74,15.0,0.75,20.0,0.26,8.64,0.24,25.0,0.27,12.74,0.28,10.0,0.01,0.01,2348.20729,1776331392000
1776331395.265,195.265,0.73,12.74,0.72,10.0,0.75,5.0,0.76,10.0,0.26,15.0,0.25,20.0,0.27,12.74,0.28,10.0,0.02,0.01,2348.097485,1776331393000
1776331397.157,197.157,0.73,10.0,0.72,10.0,0.75,12.0,0.76,99.0,0.23,54.07,0.22,10.0,0.24,14.0,0.26,7.0,0.02,0.01,2347.957515,1776331395000
1776331397.445,197.445,0.69,10.0,0.68,20.5,0.72,90.5,0.73,100.5,0.25,12.0,0.24,99.0,0.27,10.0,0.28,10.0,0.03,0.02,2347.928644,1776331396000
1776331397.965,197.965,0.65,73.83,0.64,15.6,0.7,28.57,0.71,182.5,0.28,90.5,0.27,100.5,0.31,10.0,0.32,20.5,0.05,0.03,2347.928644,1776331396000
1776331398.641,198.641,0.65,48.78,0.64,25.6,0.68,30.5,0.69,47.0,0.3,28.57,0.29,182.5,0.35,73.83,0.36,15.6,0.03,0.05,2347.928644,1776331396000
1776331399.084,199.084,0.67,4.0,0.66,10.0,0.68,44.0,0.69,20.0,0.32,30.0,0.31,20.0,0.33,4.0,0.34,10.0,0.01,0.01,2347.84872,1776331397000
1776331399.766,199.766,0.67,110.6,0.66,10.0,0.68,17.77,0.69,20.0,0.32,44.0,0.31,20.0,0.33,4.0,0.34,10.0,0.01,0.01,2347.76203,1776331398000
1776331401.257,201.257,0.67,70.67,0.66,15.0,0.71,70.0,0.72,16.5,0.32,14.24,0.31,20.0,0.33,110.6,0.34,15.0,0.04,0.01,2347.740571,1776331399000
1776331402.559,202.559,0.69,5.0,0.68,15.0,0.7,10.0,0.71,95.5,0.29,70.0,0.28,16.5,0.33,70.67,0.34,15.0,0.01,0.04,2347.616273,1776331400000
1776331402.808,202.808,0.69,5.0,0.68,15.0,0.7,6.7,0.71,90.5,0.3,10.0,0.29,95.5,0.31,5.0,0.32,15.0,0.01,0.01,2347.727422,1776331401000
1776331403.116,203.116,0.69,5.0,0.68,15.0,0.7,5.35,0.71,90.5,0.3,6.7,0.29,90.5,0.31,5.0,0.32,15.0,0.01,0.01,2347.727422,1776331401000
1776331405.184,205.184,0.72,12.96,0.71,16.0,0.73,15.0,0.74,20.5,0.3,5.35,0.29,90.5,0.31,5.0,0.32,15.0,0.01,0.01,2347.644153,1776331403000
1776331407.325,207.325,0.76,93.5,0.75,90.0,0.77,37.82,0.79,5.0,0.27,15.0,0.26,20.5,0.28,12.96,0.29,16.0,0.01,0.01,2347.703864,1776331405000
1776331407.817,207.817,0.83,20.0,0.82,22.0,0.84,6.29,0.85,10.5,0.14,120.75,0.13,67.8,0.24,103.5,0.25,90.0,0.01,0.1,2347.667042,1776331406000
1776331408.199,208.199,0.84,2.0,0.83,40.0,0.86,80.5,0.88,79.0,0.16,6.29,0.15,10.5,0.17,20.0,0.18,22.0,0.02,0.01,2347.800425,1776331407000
1776331408.436,208.436,0.85,10.0,0.84,19.0,0.86,68.66,0.87,10.0,0.14,80.5,0.12,79.0,0.16,2.0,0.17,40.0,0.01,0.02,2347.800425,1776331407000
1776331409.597,209.597,0.85,33.0,0.84,7.0,0.86,66.66,0.87,10.0,0.14,76.66,0.13,10.0,0.15,30.0,0.16,7.0,0.01,0.01,2347.925991,1776331408000
1776331410.231,210.231,0.85,25.0,0.84,7.0,0.86,59.66,0.87,10.0,0.14,66.66,0.13,10.0,0.15,33.0,0.16,7.0,0.01,0.01,2347.925991,1776331408000
1776331410.603,210.603,0.85,15.0,0.84,7.0,0.86,54.36,0.87,10.0,0.14,59.66,0.13,10.0,0.15,25.0,0.16,7.0,0.01,0.01,2347.954911,1776331409000
1776331411.078,211.078,0.85,25.0,0.84,7.0,0.86,14.68,0.87,0.52,0.13,0.52,0.12,80.0,0.15,15.0,0.16,7.0,0.01,0.02,2347.954911,1776331409000
1776331412.322,212.322,0.85,35.0,0.84,7.0,0.86,19.78,0.87,827.52,0.14,14.68,0.13,0.52,0.15,25.0,0.16,7.0,0.01,0.01,2348.11682,1776331410000
1776331413.329,213.329,0.85,25.0,0.84,7.0,0.86,2.38,0.87,0.52,0.14,19.78,0.13,827.52,0.15,35.0,0.16,7.0,0.01,0.01,2348.261695,1776331412000
1776331413.768,213.768,0.86,9.32,0.85,25.0,0.87,0.52,0.88,155.0,0.14,2.38,0.13,0.52,0.15,25.0,0.16,7.0,0.01,0.01,2348.261695,1776331412000
1776331414.303,214.303,0.87,20.0,0.86,29.32,0.88,139.81,0.89,98.0,0.12,144.81,0.11,88.0,0.13,10.0,0.14,29.32,0.01,0.01,2348.26438,1776331413000
1776331414.679,214.679,0.87,20.0,0.86,51.0,0.88,137.53,0.89,98.0,0.12,139.81,0.11,98.0,0.13,20.0,0.14,29.32,0.01,0.01,2348.26438,1776331413000
1776331416.032,216.032,0.87,20.0,0.86,51.0,0.88,140.43,0.89,98.0,0.12,137.53,0.11,98.0,0.13,20.0,0.14,51.0,0.01,0.01,2348.14131,1776331415000
1776331416.413,216.413,0.87,20.0,0.86,61.0,0.88,73.33,0.89,90.5,0.12,133.33,0.11,80.5,0.13,20.0,0.14,61.0,0.01,0.01,2348.14131,1776331415000
1776331417.402,217.402,0.86,10.0,0.85,21.17,0.88,32.5,0.89,90.5,0.12,73.33,0.11,90.5,0.13,20.0,0.14,61.0,0.02,0.01,2348.254574,1776331416000
1776331418.077,218.077,0.85,0.17,0.84,5.0,0.86,30.5,0.87,25.5,0.12,37.5,0.11,90.5,0.15,21.17,0.16,5.0,0.01,0.03,2348.254574,1776331416000
1776331418.28,218.28,0.84,5.0,0.83,15.0,0.86,30.5,0.87,20.5,0.14,30.5,0.13,25.5,0.15,0.17,0.16,5.0,0.02,0.01,2348.254574,1776331416000
1776331418.993,218.993,0.82,8.0,0.81,10.0,0.83,19.6,0.84,20.5,0.14,30.5,0.13,20.5,0.16,5.0,0.17,15.0,0.01,0.02,2348.172925,1776331417000
1776331420.106,220.106,0.82,18.0,0.81,60.0,0.83,19.5,0.84,90.5,0.17,17.43,0.16,20.5,0.18,8.0,0.19,10.0,0.01,0.01,2348.044298,1776331419000
1776331421.408,221.408,0.8,22.0,0.79,25.5,0.82,16.97,0.83,20.5,0.16,48.5,0.15,20.5,0.17,12.0,0.18,10.0,0.02,0.01,2347.990805,1776331420000
1776331421.986,221.986,0.79,6.0,0.78,5.0,0.8,28.07,0.81,25.5,0.19,15.5,0.18,27.47,0.21,5.14,0.22,30.5,0.01,0.02,2347.990805,1776331420000
1776331422.903,222.903,0.79,6.0,0.77,20.5,0.8,16.82,0.81,20.5,0.2,28.07,0.19,25.5,0.21,6.0,0.22,5.0,0.01,0.01,2348.044158,1776331421000
1776331423.243,223.243,0.79,11.0,0.78,25.5,0.8,10.0,0.81,10.0,0.2,16.82,0.19,20.5,0.21,6.0,0.23,20.5,0.01,0.01,2348.044158,1776331421000
1776331423.542,223.542,0.79,14.45,0.78,25.5,0.8,5.0,0.82,10.5,0.2,10.0,0.19,10.0,0.21,11.0,0.22,25.5,0.01,0.01,2347.998778,1776331422000
1776331424.204,224.204,0.78,20.5,0.77,32.5,0.8,20.5,0.81,20.5,0.2,5.0,0.18,10.5,0.21,14.45,0.22,25.5,0.02,0.01,2348.03572,1776331423000
1776331425.614,225.614,0.78,15.0,0.77,25.5,0.79,5.24,0.8,35.5,0.2,20.5,0.19,20.5,0.22,20.5,0.23,32.5,0.01,0.02,2348.05022,1776331424000
1776331426.584,226.584,0.74,26.5,0.73,118.31,0.75,10.66,0.78,10.0,0.21,5.24,0.2,30.5,0.26,16.0,0.27,15.0,0.01,0.05,2347.949517,1776331425000
1776331427.126,227.126,0.74,31.5,0.73,118.31,0.75,5.66,0.78,10.0,0.25,10.66,0.22,10.0,0.26,26.5,0.27,118.31,0.01,0.01,2348.062765,1776331426000
1776331427.788,227.788,0.74,134.66,0.73,20.0,0.78,10.0,0.79,15.74,0.25,5.66,0.22,10.0,0.26,31.5,0.27,118.31,0.04,0.01,2348.062765,1776331426000
1776331429.913,229.913,0.74,1.77,0.73,30.5,0.77,20.5,0.78,20.5,0.22,10.0,0.21,15.74,0.26,134.66,0.27,20.0,0.03,0.04,2347.870433,1776331429000
1776331432.259,232.259,0.75,21.0,0.74,22.27,0.76,12.86,0.77,20.5,0.23,20.5,0.22,20.5,0.26,1.77,0.27,30.5,0.01,0.03,2347.948753,1776331431000
1776331432.834,232.834,0.76,14.51,0.75,31.5,0.77,20.5,0.78,20.5,0.24,12.86,0.23,20.5,0.25,21.0,0.26,22.27,0.01,0.01,2347.948753,1776331431000
1776331433.5,233.5,0.76,68.51,0.75,10.0,0.77,27.5,0.78,25.5,0.23,5.5,0.22,20.5,0.24,42.51,0.25,25.5,0.01,0.01,2347.74679,1776331432000
1776331433.719,233.719,0.73,11.0,0.72,5.0,0.77,42.5,0.78,90.5,0.23,27.5,0.22,25.5,0.24,68.51,0.25,10.0,0.04,0.01,2347.74679,1776331432000
1776331435.224,235.224,0.69,15.8,0.68,15.5,0.7,15.0,0.71,10.0,0.23,42.5,0.22,90.5,0.27,11.0,0.28,5.0,0.01,0.04,2347.77176,1776331434000
1776331435.544,235.544,0.68,26.5,0.67,26.3,0.69,10.65,0.7,15.0,0.3,15.0,0.29,10.0,0.31,15.8,0.32,15.5,0.01,0.01,2347.77176,1776331434000
1776331435.871,235.871,0.67,36.5,0.66,135.0,0.68,3.25,0.69,10.0,0.31,15.0,0.3,15.0,0.33,10.0,0.34,135.0,0.01,0.02,2347.77176,1776331434000
1776331436.261,236.261,0.68,55.03,0.67,41.5,0.69,16.55,0.7,10.0,0.31,18.0,0.3,10.0,0.32,15.5,0.33,41.5,0.01,0.01,2347.77176,1776331434000
1776331437.622,237.622,0.69,32.5,0.68,70.03,0.71,1.29,0.72,20.5,0.31,16.55,0.3,10.0,0.32,55.03,0.33,41.5,0.02,0.01,2347.77176,1776331434000
1776331438.796,238.796,0.7,64.2,0.69,20.5,0.71,12.56,0.72,20.5,0.29,1.29,0.28,20.5,0.31,32.5,0.32,70.03,0.01,0.02,2347.631503,1776331437000
1776331439.12,239.12,0.68,15.5,0.67,21.5,0.71,7.56,0.72,20.5,0.29,12.56,0.28,20.5,0.3,64.2,0.31,20.5,0.03,0.01,2347.631503,1776331437000
1776331439.32,239.32,0.68,4.5,0.67,26.5,0.71,8.06,0.72,20.5,0.31,10.0,0.3,25.5,0.32,4.5,0.33,26.5,0.03,0.01,2347.631503,1776331437000
1776331440.442,240.442,0.68,82.71,0.67,16.0,0.71,13.06,0.72,10.0,0.29,8.06,0.28,20.5,0.32,4.5,0.33,26.5,0.03,0.03,2347.606781,1776331438000
1776331440.948,240.948,0.72,10.0,0.71,17.79,0.73,12.28,0.74,10.0,0.25,80.0,0.24,75.0,0.32,82.71,0.33,21.0,0.01,0.07,2347.584407,1776331439000
1776331441.276,241.276,0.64,10.0,0.63,10.0,0.72,69.0,0.73,96.28,0.28,10.0,0.27,7.28,0.29,2.96,0.3,5.0,0.08,0.01,2347.519311,1776331440000
1776331441.586,241.586,0.63,9.27,0.62,15.0,0.65,9.76,0.66,41.0,0.35,10.0,0.34,21.0,0.37,9.27,0.38,10.0,0.02,0.02,2347.519311,1776331440000
1776331441.834,241.834,0.63,9.27,0.62,15.0,0.65,9.76,0.66,21.0,0.35,9.76,0.34,21.0,0.37,9.27,0.38,15.0,0.02,0.02,2347.519311,1776331440000
1776331442.119,242.119,0.64,10.0,0.63,9.27,0.66,16.0,0.67,80.0,0.34,6.0,0.33,90.0,0.37,9.27,0.38,15.0,0.02,0.03,2347.519311,1776331440000
1776331442.422,242.422,0.6,71.0,0.59,20.0,0.62,5.0,0.63,30.0,0.35,4.53,0.34,16.0,0.38,5.0,0.39,65.1,0.02,0.03,2347.475682,1776331441000
1776331442.643,242.643,0.61,9.31,0.6,21.81,0.62,5.0,0.63,30.0,0.38,10.0,0.37,30.0,0.4,21.81,0.41,20.0,0.01,0.02,2347.475682,1776331441000
1776331442.887,242.887,0.61,8.09,0.6,21.81,0.63,20.0,0.64,15.0,0.37,15.0,0.36,15.0,0.39,14.31,0.4,21.81,0.02,0.02,2347.475682,1776331441000
1776331443.619,243.619,0.59,13.55,0.58,85.0,0.62,65.0,0.63,15.0,0.37,20.0,0.36,15.0,0.39,8.09,0.4,21.81,0.03,0.02,2347.423408,1776331442000
1776331444.376,244.376,0.72,15.0,0.71,10.0,0.74,72.24,0.75,5.0,0.38,65.0,0.37,15.0,0.42,69.22,0.43,15.0,0.02,0.04,2347.423408,1776331442000
1776331444.614,244.614,0.73,4.0,0.72,15.0,0.74,138.24,0.75,5.0,0.26,72.24,0.25,5.0,0.28,15.0,0.29,10.0,0.01,0.02,2347.38606,1776331443000
1776331445.226,245.226,0.67,5.69,0.66,15.0,0.69,10.0,0.7,15.0,0.26,138.24,0.25,5.0,0.27,4.0,0.28,15.0,0.02,0.01,2347.22445,1776331444000
1776331446.547,246.547,0.67,10.0,0.66,15.0,0.68,8.1,0.69,10.0,0.31,10.0,0.3,15.0,0.34,15.0,0.35,15.0,0.01,0.03,2347.3189,1776331445000
1776331448.822,248.822,0.59,10.0,0.58,85.0,0.6,79.66,0.61,10.0,0.32,8.1,0.31,10.0,0.33,10.0,0.34,15.0,0.01,0.01,2347.344585,1776331447000
1776331449.056,249.056,0.59,10.0,0.58,85.0,0.6,67.32,0.61,10.0,0.4,68.0,0.39,10.0,0.41,10.0,0.42,85.0,0.01,0.01,2347.344585,1776331447000
1776331449.959,249.959,0.59,15.0,0.58,85.0,0.6,45.0,0.61,10.0,0.4,58.58,0.39,10.0,0.41,10.0,0.42,85.0,0.01,0.01,2347.334155,1776331448000
1776331451.133,251.133,0.59,10.0,0.58,85.0,0.6,25.0,0.64,15.0,0.4,45.0,0.39,10.0,0.41,15.0,0.42,85.0,0.01,0.01,2347.285685,1776331450000
1776331451.503,251.503,0.61,10.0,0.6,10.0,0.62,5.0,0.63,10.0,0.36,17.96,0.35,10.0,0.38,10.0,0.39,10.0,0.01,0.02,2347.285685,1776331450000
1776331452.073,252.073,0.55,14.5,0.53,15.0,0.57,25.0,0.58,53.0,0.38,5.0,0.37,10.0,0.39,10.0,0.4,10.0,0.02,0.01,2347.285685,1776331450000
1776331452.496,252.496,0.55,14.5,0.54,5.0,0.56,20.0,0.57,30.0,0.43,25.0,0.42,53.0,0.45,14.5,0.47,15.0,0.01,0.02,2347.285685,1776331450000
1776331453.51,253.51,0.54,15.0,0.53,15.0,0.56,73.0,0.57,20.0,0.44,20.0,0.43,30.0,0.45,14.5,0.46,5.0,0.02,0.01,2347.238695,1776331452000
1776331454.387,254.387,0.73,20.0,0.72,117.69,0.8,22.5,0.86,50.0,0.44,73.0,0.43,20.0,0.46,15.0,0.47,15.0,0.07,0.02,2347.174822,1776331453000
1776331454.615,254.615,0.85,20.0,0.84,25.0,0.86,41.54,0.87,5.0,0.14,46.54,0.13,5.0,0.15,10.0,0.2,10.0,0.01,0.01,2347.174822,1776331453000
1776331455.337,255.337,0.84,17.37,0.83,18.0,0.86,39.44,0.87,5.0,0.14,39.44,0.13,5.0,0.15,10.0,0.16,25.0,0.02,0.01,2347.14148,1776331454000
1776331456.582,256.582,0.85,20.0,0.84,17.37,0.86,15.4,0.89,10.0,0.14,13.31,0.13,5.0,0.15,10.0,0.16,17.37,0.01,0.01,2347.24289,1776331455000
1776331456.988,256.988,0.81,10.0,0.8,17.0,0.86,109.4,0.87,85.0,0.14,15.4,0.11,10.0,0.15,20.0,0.16,17.37,0.05,0.01,2347.24289,1776331455000
1776331458.519,258.519,0.81,5.0,0.8,17.0,0.82,11.65,0.83,70.0,0.18,22.87,0.17,80.0,0.19,5.0,0.2,17.0,0.01,0.01,2347.877995,1776331457000
1776331458.928,258.928,0.8,10.0,0.79,10.0,0.83,75.0,0.84,80.0,0.18,11.65,0.17,70.0,0.19,5.0,0.2,17.0,0.03,0.01,2347.877995,1776331457000
1776331459.136,259.136,0.8,2.0,0.79,10.0,0.81,8.0,0.83,77.65,0.19,8.0,0.17,67.65,0.21,10.0,0.22,10.0,0.01,0.02,2347.877995,1776331457000
1776331460.0,260.0,0.8,10.0,0.79,10.0,0.81,8.0,0.82,80.0,0.19,8.0,0.17,77.65,0.2,2.0,0.21,10.0,0.01,0.01,2347.877995,1776331457000
1776331460.222,260.222,0.8,10.0,0.79,10.0,0.82,78.78,0.83,77.65,0.19,8.0,0.18,80.0,0.2,10.0,0.21,10.0,0.02,0.01,2347.877995,1776331457000
1776331460.902,260.902,0.82,10.0,0.81,4.73,0.83,62.65,0.84,70.0,0.18,75.0,0.17,77.65,0.19,4.73,0.2,10.0,0.01,0.01,2347.877995,1776331457000
1776331461.786,261.786,0.84,15.0,0.83,10.0,0.85,13.28,0.86,65.0,0.17,62.65,0.16,70.0,0.18,10.0,0.19,4.73,0.01,0.01,2347.877995,1776331457000
1776331462.419,262.419,0.73,3.74,0.72,16.0,0.75,24.0,0.76,10.0,0.15,13.28,0.14,65.0,0.16,15.0,0.17,10.0,0.02,0.01,2347.877995,1776331457000
1776331463.018,263.018,0.8,15.0,0.79,15.0,0.81,10.0,0.82,8.0,0.25,13.92,0.23,10.0,0.26,10.0,0.27,3.74,0.01,0.01,2347.877995,1776331457000
1776331463.252,263.252,0.81,20.0,0.8,15.0,0.83,4.85,0.84,16.0,0.19,10.0,0.18,8.0,0.2,15.0,0.21,15.0,0.02,0.01,2347.877995,1776331457000
1776331464.12,264.12,0.81,13.94,0.8,15.0,0.83,4.85,0.84,16.0,0.17,4.85,0.16,16.0,0.18,14.44,0.19,15.0,0.02,0.01,2347.877995,1776331457000
1776331464.737,264.737,0.89,45.0,0.88,15.0,0.9,43.44,0.91,21.0,0.17,4.85,0.16,16.0,0.19,13.94,0.2,15.0,0.01,0.02,2347.877995,1776331457000
1776331464.98,264.98,0.89,25.0,0.88,5.0,0.91,13.41,0.92,70.9,0.09,13.41,0.08,70.9,0.11,45.0,0.12,15.0,0.02,0.02,2347.877995,1776331457000
1776331465.472,265.472,0.89,20.0,0.88,15.0,0.9,8.88,0.91,13.41,0.09,13.41,0.08,70.9,0.11,25.0,0.12,5.0,0.01,0.02,2347.877995,1776331457000
1776331466.435,266.435,0.89,5.0,0.88,15.0,0.9,5.0,0.91,13.41,0.1,7.76,0.09,13.41,0.11,15.0,0.12,15.0,0.01,0.01,2347.828259,1776331465000
1776331466.838,266.838,0.9,25.0,0.89,20.0,0.91,2.31,0.92,70.9,0.09,13.41,0.08,70.9,0.12,10.0,0.13,15.0,0.01,0.03,2347.828259,1776331465000
1776331467.081,267.081,0.9,25.0,0.89,22.0,0.91,4.42,0.92,22.0,0.09,2.31,0.08,70.9,0.1,25.0,0.11,20.0,0.01,0.01,2347.828259,1776331465000
1776331468.077,268.077,0.9,20.0,0.89,10.0,0.94,49.18,0.95,136.67,0.09,4.42,0.08,22.0,0.1,25.0,0.11,22.0,0.04,0.01,2347.897577,1776331466000
1776331468.688,268.688,0.91,15.0,0.9,25.0,0.94,49.07,0.95,136.67,0.07,10.0,0.06,49.07,0.09,10.0,0.1,25.0,0.03,0.02,2347.82616,1776331467000
1776331469.481,269.481,0.92,20.0,0.91,15.0,0.94,8.93,0.95,136.67,0.06,49.07,0.05,136.67,0.09,15.0,0.1,25.0,0.02,0.03,2347.925821,1776331468000
1776331470.176,270.176,0.93,15.0,0.92,25.0,0.94,3.61,0.95,206.67,0.06,8.93,0.05,136.67,0.08,20.0,0.09,15.0,0.01,0.02,2347.925821,1776331468000
1776331471.342,271.342,0.93,15.0,0.92,15.0,0.95,201.41,0.96,153.8,0.06,3.61,0.05,206.67,0.07,15.0,0.08,25.0,0.02,0.01,2347.966165,1776331470000
1776331471.837,271.837,0.93,5.0,0.92,5.0,0.94,33.93,0.95,120.61,0.05,201.41,0.04,153.8,0.07,15.0,0.08,15.0,0.01,0.02,2347.966165,1776331470000
1776331472.072,272.072,0.86,25.0,0.85,32.0,0.87,20.0,0.94,20.0,0.06,33.93,0.05,120.61,0.07,5.0,0.08,5.0,0.01,0.01,2347.966165,1776331470000
1776331472.3,272.3,0.87,15.0,0.86,20.0,0.9,80.0,0.91,10.0,0.13,20.0,0.06,20.0,0.14,25.0,0.15,32.0,0.03,0.01,2347.980545,1776331471000
1776331472.594,272.594,0.88,10.0,0.87,15.0,0.9,70.66,0.91,10.0,0.1,80.0,0.09,10.0,0.13,15.0,0.14,20.0,0.02,0.03,2347.980545,1776331471000
1776331473.794,273.794,0.86,10.0,0.85,10.0,0.88,12.0,0.89,10.0,0.1,70.66,0.09,10.0,0.12,10.0,0.13,15.0,0.02,0.02,2348.021781,1776331472000
1776331474.002,274.002,0.87,10.0,0.86,10.0,0.88,12.0,0.89,10.0,0.12,12.0,0.11,10.0,0.14,10.0,0.15,10.0,0.01,0.02,2348.021781,1776331472000
1776331474.963,274.963,0.82,6.55,0.81,60.0,0.84,5.0,0.85,80.0,0.12,12.0,0.11,10.0,0.13,10.0,0.14,10.0,0.02,0.01,2347.932696,1776331473000
1776331475.404,275.404,0.82,92.86,0.81,60.0,0.84,10.0,0.85,80.0,0.16,5.0,0.15,80.0,0.18,6.45,0.19,60.0,0.02,0.02,2347.829608,1776331474000
1776331476.467,276.467,0.84,125.16,0.83,10.0,0.85,74.06,0.86,20.0,0.15,70.0,0.14,10.0,0.17,2.47,0.18,92.86,0.01,0.02,2347.735682,1776331475000
1776331476.763,276.763,0.8,108.42,0.79,10.0,0.81,5.0,0.82,8.0,0.15,20.0,0.14,80.0,0.16,116.16,0.2,100.0,0.01,0.01,2347.735682,1776331475000
1776331477.018,277.018,0.9,10.0,0.89,2.1,0.91,39.9,0.92,10.0,0.09,40.0,0.08,10.0,0.11,2.1,0.12,10.0,0.01,0.02,2347.735682,1776331475000
1776331477.387,277.387,0.9,5.0,0.85,15.0,0.91,49.55,0.92,20.0,0.09,38.69,0.08,10.0,0.1,10.0,0.11,2.1,0.01,0.01,2347.793207,1776331476000
1776331477.813,277.813,0.83,15.0,0.82,15.0,0.85,5.0,0.86,10.0,0.17,34.0,0.15,50.0,0.18,15.0,0.19,65.0,0.02,0.01,2347.793207,1776331476000
1776331478.109,278.109,0.81,38.0,0.8,163.69,0.84,20.0,0.85,33.82,0.15,3.82,0.14,10.0,0.17,15.0,0.18,15.0,0.03,0.02,2347.726769,1776331477000
1776331478.79,278.79,0.8,98.69,0.79,10.0,0.84,11.36,0.85,10.0,0.17,5.0,0.16,10.0,0.2,168.69,0.21,80.0,0.04,0.03,2347.726769,1776331477000
1776331479.092,279.092,0.8,63.64,0.79,10.0,0.84,16.36,0.85,10.0,0.16,11.36,0.15,10.0,0.18,4.95,0.19,10.0,0.04,0.02,2347.684928,1776331478000
1776331480.113,280.113,0.89,15.0,0.88,15.0,0.91,60.0,0.92,10.0,0.18,1.0,0.17,10.0,0.19,10.0,0.2,63.64,0.02,0.01,2347.56536,1776331479000
1776331480.505,280.505,0.89,15.0,0.88,15.0,0.91,55.5,0.92,10.0,0.09,60.0,0.08,10.0,0.11,15.0,0.12,15.0,0.02,0.02,2347.56536,1776331479000
1776331480.83,280.83,0.89,20.0,0.88,15.0,0.9,3.82,0.91,55.5,0.1,8.88,0.09,55.5,0.11,15.0,0.12,15.0,0.01,0.01,2347.56536,1776331479000
1776331481.078,281.078,0.9,17.0,0.89,15.0,0.91,52.2,0.92,10.0,0.09,55.5,0.08,10.0,0.1,8.18,0.11,15.0,0.01,0.01,2347.50011,1776331480000
1776331481.883,281.883,0.9,20.0,0.89,25.0,0.91,8.51,0.92,10.0,0.09,52.2,0.08,10.0,0.1,17.0,0.11,15.0,0.01,0.01,2347.50011,1776331480000
1776331483.606,283.606,0.9,25.0,0.89,25.0,0.92,4.56,0.93,15.0,0.09,8.51,0.08,10.0,0.1,20.0,0.11,25.0,0.02,0.01,2347.649834,1776331482000
1776331484.529,284.529,0.91,5.0,0.9,20.0,0.93,13.93,0.94,10.0,0.08,4.56,0.07,15.0,0.1,25.0,0.11,25.0,0.02,0.02,2347.677265,1776331483000
1776331485.102,285.102,0.82,150.0,0.81,60.0,0.84,29.0,0.88,10.0,0.07,13.93,0.06,10.0,0.09,5.0,0.1,20.0,0.02,0.02,2347.580065,1776331484000
1776331485.597,285.597,0.88,15.0,0.87,15.0,0.93,3.93,0.95,66.61,0.16,24.0,0.12,10.0,0.18,42.71,0.19,60.0,0.05,0.02,2347.580065,1776331484000
1776331486.646,286.646,0.8,103.64,0.79,10.0,0.84,5.98,0.85,20.0,0.07,3.93,0.05,66.61,0.14,57.56,0.15,10.0,0.04,0.07,2347.574925,1776331485000
1776331486.927,286.927,0.8,28.59,0.79,10.0,0.81,48.36,0.83,10.0,0.19,19.36,0.18,70.0,0.2,33.64,0.21,10.0,0.01,0.01,2347.598322,1776331486000
1776331487.415,287.415,0.8,9.0,0.79,10.0,0.82,10.0,0.83,20.0,0.19,48.36,0.17,10.0,0.2,28.59,0.21,10.0,0.02,0.01,2347.598322,1776331486000
1776331487.669,287.669,0.8,9.0,0.79,10.0,0.81,3.76,0.82,10.0,0.18,10.0,0.17,20.0,0.2,9.0,0.21,10.0,0.01,0.02,2347.598322,1776331486000
1776331487.976,287.976,0.81,3.68,0.8,9.0,0.82,10.0,0.83,20.0,0.19,3.76,0.18,10.0,0.2,9.0,0.21,10.0,0.01,0.01,2347.598322,1776331486000
1776331488.307,288.307,0.81,10.0,0.8,10.0,0.82,10.0,0.84,70.0,0.18,9.0,0.17,10.0,0.24,50.0,0.25,80.0,0.01,0.06,2347.57222,1776331487000
1776331488.802,288.802,0.8,10.0,0.79,10.0,0.81,2.65,0.84,80.0,0.18,10.0,0.16,70.0,0.22,4.0,0.23,10.0,0.01,0.04,2347.57222,1776331487000
1776331489.305,289.305,0.83,15.0,0.82,10.0,0.84,28.61,0.86,10.0,0.16,40.76,0.15,10.0,0.2,10.0,0.21,10.0,0.01,0.04,2347.57222,1776331487000
1776331490.411,290.411,0.83,10.0,0.82,10.0,0.84,23.61,0.87,70.0,0.16,28.61,0.14,10.0,0.17,15.0,0.18,10.0,0.01,0.01,2347.37742,1776331489000
1776331490.711,290.711,0.88,10.0,0.87,10.0,0.89,36.15,0.9,10.0,0.16,18.61,0.13,70.0,0.17,10.0,0.18,10.0,0.01,0.01,2347.37742,1776331489000
1776331493.666,293.666,0.91,10.0,0.9,10.0,0.93,38.17,0.94,10.0,0.11,36.15,0.1,10.0,0.12,10.0,0.13,10.0,0.02,0.01,2347.32921,1776331492000
1776331495.114,295.114,0.88,70.0,0.86,70.0,0.95,24.93,0.96,105.0,0.07,38.17,0.06,10.0,0.09,10.0,0.1,10.0,0.07,0.02,2347.420809,1776331493000
1776331495.33,295.33,0.87,10.0,0.86,80.0,0.89,10.0,0.9,10.0,0.05,24.93,0.04,105.0,0.12,70.0,0.14,70.0,0.02,0.07,2347.420809,1776331493000
1776331495.566,295.566,0.87,15.0,0.86,10.0,0.88,7.25,0.91,30.0,0.12,9.0,0.09,30.0,0.13,10.0,0.14,80.0,0.01,0.01,2347.420809,1776331493000
1776331496.012,296.012,0.9,9.0,0.89,80.0,0.91,35.0,0.94,10.0,0.12,7.25,0.09,30.0,0.13,15.0,0.14,10.0,0.01,0.01,2347.418693,1776331494000
1776331496.457,296.457,0.92,10.0,0.91,10.0,0.93,33.8,0.95,34.93,0.09,30.0,0.06,10.0,0.1,7.4,0.11,80.0,0.01,0.01,2347.418693,1776331495000
1776331497.255,297.255,0.94,15.0,0.93,10.0,0.95,14.93,0.96,75.0,0.07,33.8,0.05,34.93,0.08,10.0,0.09,10.0,0.01,0.01,2347.418693,1776331495000
1776331497.495,297.495,0.96,23.82,0.95,10.0,0.97,150.33,0.98,175.0,0.03,201.48,0.02,175.0,0.04,23.82,0.05,10.0,0.01,0.01,2347.418693,1776331495000
1776331497.696,297.696,0.96,13.86,0.95,10.0,0.97,93.33,0.98,175.0,0.03,102.33,0.02,175.0,0.04,13.86,0.05,10.0,0.01,0.01,2347.369227,1776331496000
1776331497.92,297.92,0.95,7.08,0.94,15.0,0.98,164.6,0.99,1313.8,0.02,164.6,0.01,1313.8,0.04,13.86,0.05,10.0,0.03,0.02,2347.369227,1776331496000
1776331498.171,298.171,0.97,77.66,0.96,145.0,0.98,17.75,0.99,1308.8,0.02,22.86,0.01,1308.8,0.03,77.66,0.04,145.0,0.01,0.01,2347.369227,1776331496000
1776331498.398,298.398,0.97,67.66,0.96,135.0,0.99,1310.47,,,0.02,2.75,0.01,1318.8,0.03,67.66,0.04,135.0,0.02,0.01,2347.362942,1776331497000
1776331498.681,298.681,0.98,10.0,0.97,77.66,0.99,1129.85,,,0.01,1163.85,,,0.03,77.66,0.04,145.0,0.01,0.02,2347.362942,1776331497000
1776331498.948,298.948,0.98,142.0,0.97,10.0,0.99,579.88,,,0.01,589.88,,,0.02,142.0,0.03,10.0,0.01,0.01,2347.362942,1776331497000
1776331499.172,299.172,0.99,1638.25,0.98,152.0,,,,,0.01,561.75,,,0.02,152.0,0.03,20.0,,0.01,2347.2884,1776331498000
1776331499.427,299.427,0.99,1036.83,0.98,20.0,,,,,,,,,0.01,1638.25,0.02,152.0,,,2347.2884,1776331498000
1776331500.252,300.252,0.99,5920.93,0.98,10.0,,,,,,,,,0.01,1036.83,0.02,20.0,,,2347.2884,1776331498000

# RESULT,winner=Up,slug=eth-updown-5m-1776331200,ticks=414
