timestamp,elapsed_sec,up_bid_p1,up_bid_s1,up_bid_p2,up_bid_s2,up_ask_p1,up_ask_s1,up_ask_p2,up_ask_s2,down_bid_p1,down_bid_s1,down_bid_p2,down_bid_s2,down_ask_p1,down_ask_s1,down_ask_p2,down_ask_s2,up_spread,down_spread,eth_price,eth_oracle_ts
1776260100.749,0.749,0.51,29.0,0.44,5.0,0.53,5.0,0.6,38.0,0.47,10.0,0.4,38.0,0.49,24.0,0.56,5.0,0.02,0.02,2328.18,1776260099000
1776260101.011,1.011,0.4,10.13,0.39,34.0,0.53,5.0,0.6,38.0,0.47,5.0,0.4,38.0,0.49,21.39,0.56,5.0,0.13,0.02,2328.18,1776260099000
1776260101.477,1.477,0.55,31.0,0.54,20.0,0.56,5.0,0.57,6.0,0.4,38.0,0.39,34.0,0.49,12.92,0.6,10.13,0.01,0.09,2328.194941,1776260100000
1776260102.14,2.14,0.53,5.0,0.51,20.92,0.54,10.0,0.57,32.49,0.43,1.49,0.39,105.0,0.45,15.0,0.46,20.0,0.01,0.02,2328.194941,1776260100000
1776260102.478,2.478,0.48,5.0,0.47,100.0,0.52,15.0,0.54,15.0,0.46,15.0,0.43,31.0,0.49,16.83,0.52,110.0,0.04,0.03,2328.3693,1776260101000
1776260103.997,3.997,0.49,15.0,0.48,38.0,0.51,19.9,0.52,41.0,0.48,15.0,0.46,15.0,0.52,5.0,0.53,100.0,0.02,0.04,2328.409745,1776260102000
1776260104.476,4.476,0.5,45.0,0.49,15.0,0.51,13.88,0.52,41.0,0.49,19.9,0.48,41.0,0.51,15.0,0.52,38.0,0.01,0.02,2328.399738,1776260103000
1776260105.113,5.113,0.5,30.39,0.48,5.0,0.51,8.88,0.52,56.0,0.49,8.88,0.48,56.0,0.5,45.0,0.51,20.0,0.01,0.01,2328.2539,1776260104000
1776260105.379,5.379,0.5,1.14,0.48,5.0,0.51,76.32,0.52,56.0,0.49,10.32,0.48,56.0,0.5,1.14,0.52,5.0,0.01,0.01,2328.2539,1776260104000
1776260105.581,5.581,0.48,5.0,0.47,10.0,0.49,12.55,0.5,23.86,0.51,12.55,0.5,23.86,0.52,5.0,0.53,10.0,0.01,0.01,2328.2539,1776260104000
1776260105.782,5.782,0.48,10.0,0.47,10.0,0.5,14.41,0.51,78.0,0.51,6.55,0.5,28.86,0.52,5.0,0.53,10.0,0.02,0.01,2328.2539,1776260104000
1776260106.559,6.559,0.47,1.72,0.44,5.0,0.48,70.0,0.49,27.0,0.5,14.41,0.49,78.0,0.52,10.0,0.53,10.0,0.01,0.02,2328.228081,1776260105000
1776260106.856,6.856,0.4,6.35,0.39,19.0,0.41,15.0,0.42,15.0,0.56,10.0,0.55,15.0,0.59,14.23,0.6,144.0,0.01,0.03,2328.228081,1776260105000
1776260107.075,7.075,0.39,2.0,0.38,18.0,0.4,115.0,0.41,115.0,0.59,15.0,0.58,15.0,0.6,6.35,0.61,19.0,0.01,0.01,2328.228081,1776260105000
1776260107.545,7.545,0.38,168.0,0.37,238.0,0.39,16.03,0.4,115.0,0.61,8.58,0.6,115.0,0.62,102.19,0.63,128.0,0.01,0.01,2327.957095,1776260106000
1776260108.244,8.244,0.38,23.83,0.37,18.0,0.4,161.0,0.41,164.0,0.6,115.0,0.59,120.0,0.61,7.42,0.62,168.0,0.02,0.01,2327.809537,1776260107000
1776260108.608,8.608,0.36,41.89,0.35,10.0,0.38,126.0,0.39,166.0,0.6,161.0,0.59,164.0,0.62,23.83,0.63,18.0,0.02,0.02,2327.809537,1776260107000
1776260108.97,8.97,0.36,11.08,0.35,24.0,0.37,125.0,0.38,136.0,0.63,110.0,0.62,136.0,0.64,21.08,0.65,24.0,0.01,0.01,2327.809537,1776260107000
1776260109.748,9.748,0.36,5.16,0.34,121.92,0.38,31.0,0.39,58.0,0.62,3.07,0.61,178.0,0.64,11.08,0.65,24.0,0.02,0.02,2327.12644,1776260108000
1776260110.265,10.265,0.34,130.07,0.33,173.0,0.38,3.0,0.39,25.0,0.63,7.29,0.62,31.0,0.66,121.92,0.67,173.0,0.04,0.03,2327.12644,1776260108000
1776260110.683,10.683,0.37,4.76,0.36,5.0,0.38,2.0,0.39,10.0,0.6,57.47,0.59,86.0,0.63,9.76,0.64,5.0,0.01,0.03,2326.966474,1776260109000
1776260110.993,10.993,0.38,5.0,0.37,19.76,0.4,20.12,0.41,41.0,0.62,2.0,0.61,10.0,0.63,4.76,0.64,5.0,0.02,0.01,2326.966474,1776260109000
1776260111.255,11.255,0.38,20.0,0.37,40.0,0.4,40.12,0.41,36.0,0.6,20.12,0.59,41.0,0.62,5.0,0.63,19.76,0.02,0.02,2326.658501,1776260110000
1776260111.6,11.6,0.39,5.0,0.38,30.0,0.4,20.12,0.41,51.0,0.6,40.12,0.59,36.0,0.62,20.0,0.63,40.0,0.01,0.02,2326.658501,1776260110000
1776260111.918,11.918,0.39,24.67,0.38,25.0,0.41,65.0,0.42,88.0,0.59,43.84,0.58,66.0,0.61,20.0,0.62,25.0,0.02,0.02,2326.658501,1776260110000
1776260112.334,12.334,0.39,19.67,0.38,142.15,0.4,25.0,0.41,5.0,0.59,65.0,0.58,88.0,0.61,24.67,0.62,25.0,0.01,0.02,2326.606121,1776260111000
1776260112.924,12.924,0.4,10.0,0.39,20.0,0.42,18.92,0.43,15.0,0.6,4.82,0.59,10.0,0.61,24.67,0.62,148.99,0.02,0.01,2326.606121,1776260111000
1776260113.373,13.373,0.41,20.0,0.4,25.0,0.44,69.0,0.45,5.0,0.58,10.2,0.57,20.0,0.59,10.0,0.6,20.0,0.03,0.01,2326.606121,1776260111000
1776260113.612,13.612,0.42,9.48,0.41,20.0,0.44,80.0,0.45,10.0,0.56,69.0,0.55,5.0,0.59,20.0,0.6,25.0,0.02,0.03,2326.7087,1776260112000
1776260113.898,13.898,0.43,12.78,0.42,14.48,0.44,75.0,0.45,21.0,0.56,80.0,0.55,10.0,0.58,9.48,0.59,20.0,0.01,0.02,2326.806247,1776260113000
1776260114.329,14.329,0.43,17.78,0.42,27.48,0.44,8.0,0.47,55.0,0.56,75.0,0.55,21.0,0.57,12.78,0.58,14.48,0.01,0.01,2326.806247,1776260113000
1776260115.141,15.141,0.47,9.81,0.46,130.0,0.49,62.59,0.5,46.0,0.51,7.59,0.5,23.86,0.53,10.0,0.54,110.0,0.02,0.02,2326.977856,1776260114000
1776260115.464,15.464,0.47,169.19,0.46,173.5,0.48,24.35,0.49,76.5,0.51,62.59,0.5,46.0,0.53,9.81,0.54,130.0,0.01,0.02,2326.977856,1776260114000
1776260115.951,15.951,0.49,249.88,0.48,251.0,0.54,30.0,0.55,10.0,0.51,55.0,0.5,35.0,0.53,174.19,0.54,173.5,0.05,0.02,2326.977856,1776260114000
1776260116.544,16.544,0.5,9.6,0.49,27.88,0.52,36.0,0.53,36.0,0.44,99.09,0.43,41.47,0.46,10.0,0.47,19.43,0.02,0.02,2327.43483,1776260115000
1776260116.814,16.814,0.49,20.0,0.48,130.5,0.51,9.76,0.52,41.0,0.49,11.0,0.48,41.0,0.51,20.57,0.52,130.5,0.02,0.02,2327.43483,1776260115000
1776260117.62,17.62,0.5,14.5,0.49,66.61,0.51,37.76,0.52,51.5,0.49,9.76,0.48,41.0,0.51,20.0,0.52,130.5,0.01,0.02,2327.634191,1776260116000
1776260118.981,18.981,0.49,55.0,0.48,170.9,0.5,29.2,0.51,65.26,0.49,37.76,0.48,51.5,0.5,14.5,0.51,66.61,0.01,0.01,2328.144999,1776260117000
1776260119.688,19.688,0.49,15.0,0.48,181.3,0.5,30.0,0.51,76.5,0.5,29.2,0.49,65.26,0.51,55.0,0.52,170.9,0.01,0.01,2328.01315,1776260118000
1776260119.889,19.889,0.49,12.82,0.48,186.3,0.5,40.0,0.51,71.5,0.5,30.0,0.49,76.5,0.51,15.0,0.52,181.3,0.01,0.01,2328.01315,1776260118000
1776260120.638,20.638,0.48,42.05,0.47,35.5,0.49,60.0,0.5,122.5,0.5,40.0,0.49,71.5,0.51,12.82,0.52,186.3,0.01,0.01,2328.010292,1776260119000
1776260121.164,21.164,0.48,2.46,0.47,10.0,0.49,147.5,0.5,126.96,0.51,60.0,0.5,129.5,0.52,37.46,0.53,40.5,0.01,0.01,2328.010292,1776260119000
1776260121.662,21.662,0.44,65.0,0.43,65.0,0.45,65.38,0.46,36.5,0.52,7.54,0.51,147.5,0.53,10.0,0.54,40.18,0.01,0.01,2327.987776,1776260120000
1776260122.466,22.466,0.4,127.58,0.39,15.0,0.42,15.0,0.43,20.5,0.55,65.38,0.54,36.5,0.56,65.0,0.57,65.0,0.02,0.01,2327.822159,1776260121000
1776260123.329,23.329,0.42,20.0,0.41,35.0,0.44,66.5,0.45,90.38,0.58,0.64,0.57,21.0,0.6,108.08,0.61,25.5,0.02,0.02,2327.822159,1776260121000
1776260124.096,24.096,0.43,16.49,0.42,185.5,0.44,5.0,0.45,63.88,0.56,66.5,0.55,90.38,0.58,20.0,0.59,35.0,0.01,0.02,2327.289903,1776260122000
1776260124.741,24.741,0.44,93.46,0.43,103.5,0.45,10.0,0.47,75.5,0.55,74.38,0.54,91.5,0.57,80.5,0.58,185.5,0.01,0.02,2326.913395,1776260123000
1776260125.087,25.087,0.46,5.86,0.45,45.5,0.47,65.0,0.48,89.04,0.55,10.0,0.54,5.0,0.57,9.52,0.58,211.5,0.01,0.02,2326.913395,1776260123000
1776260125.515,25.515,0.45,134.95,0.44,180.5,0.47,80.5,0.48,75.5,0.53,65.0,0.52,89.04,0.54,5.86,0.55,45.5,0.02,0.01,2327.070342,1776260124000
1776260125.81,25.81,0.46,12.05,0.45,144.95,0.47,65.0,0.48,80.5,0.53,80.5,0.52,75.5,0.55,134.95,0.56,180.5,0.01,0.02,2327.070342,1776260124000
1776260126.327,26.327,0.46,25.5,0.45,139.95,0.47,49.8,0.48,76.0,0.53,65.0,0.52,80.5,0.54,12.05,0.55,144.95,0.01,0.01,2327.070342,1776260124000
1776260126.538,26.538,0.46,29.94,0.45,139.95,0.47,15.0,0.48,76.0,0.53,49.8,0.52,76.0,0.54,25.5,0.55,139.95,0.01,0.01,2327.190791,1776260125000
1776260127.012,27.012,0.47,167.06,0.46,162.94,0.48,5.0,0.5,90.0,0.52,58.91,0.51,104.0,0.53,120.5,0.54,145.94,0.01,0.01,2327.190791,1776260125000
1776260127.413,27.413,0.49,4.47,0.48,25.5,0.5,25.0,0.51,65.0,0.5,70.0,0.49,65.0,0.53,167.06,0.54,150.94,0.01,0.03,2327.45335,1776260126000
1776260127.645,27.645,0.5,119.7,0.49,162.97,0.51,10.0,0.52,75.0,0.5,25.0,0.49,65.0,0.51,4.47,0.52,25.5,0.01,0.01,2327.45335,1776260126000
1776260127.88,27.88,0.49,125.0,0.48,140.5,0.51,25.0,0.52,101.5,0.49,10.0,0.48,75.0,0.5,117.7,0.51,162.97,0.02,0.01,2327.45335,1776260126000
1776260132.034,32.034,0.44,12.18,0.43,10.0,0.45,152.5,0.46,145.5,0.49,25.0,0.48,101.5,0.51,125.0,0.52,140.5,0.01,0.02,2327.978657,1776260130000
1776260132.987,32.987,0.42,82.96,0.41,215.0,0.43,121.77,0.44,75.5,0.55,157.5,0.54,145.5,0.58,73.85,0.59,205.0,0.01,0.03,2327.880855,1776260131000
1776260133.593,33.593,0.42,234.46,0.41,278.5,0.45,65.0,0.46,96.0,0.57,115.39,0.56,75.5,0.58,82.96,0.59,215.0,0.03,0.01,2327.691457,1776260132000
1776260133.972,33.972,0.44,193.03,0.43,125.5,0.45,10.0,0.46,85.0,0.55,12.0,0.54,90.0,0.56,10.0,0.58,236.46,0.01,0.01,2327.691457,1776260132000
1776260135.081,35.081,0.45,70.7,0.44,185.5,0.46,55.0,0.47,81.5,0.54,50.0,0.53,70.5,0.55,4.45,0.56,183.03,0.01,0.01,2327.341338,1776260134000
1776260135.668,35.668,0.42,49.96,0.41,225.54,0.43,10.0,0.44,137.5,0.54,55.0,0.53,81.5,0.55,70.7,0.56,185.5,0.01,0.01,2327.341338,1776260134000
1776260136.238,36.238,0.41,250.54,0.4,378.08,0.43,98.0,0.44,129.5,0.57,10.0,0.56,137.5,0.58,49.96,0.59,225.54,0.02,0.01,2327.446233,1776260135000
1776260136.867,36.867,0.41,140.54,0.4,257.58,0.42,5.0,0.43,134.5,0.57,98.0,0.56,129.5,0.59,250.54,0.6,378.08,0.01,0.02,2327.446233,1776260135000
1776260137.072,37.072,0.41,27.54,0.4,205.0,0.42,233.5,0.43,140.5,0.58,5.0,0.57,134.5,0.59,140.54,0.6,257.58,0.01,0.01,2327.446233,1776260135000
1776260137.667,37.667,0.41,7.54,0.39,60.51,0.42,292.1,0.43,178.5,0.58,233.5,0.57,140.5,0.59,27.54,0.6,205.0,0.01,0.01,2327.598097,1776260136000
1776260137.874,37.874,0.39,69.52,0.38,70.0,0.4,55.2,0.41,42.96,0.58,297.1,0.57,178.5,0.61,59.52,0.62,65.0,0.01,0.03,2327.598097,1776260136000
1776260138.362,38.362,0.39,4.52,0.38,65.0,0.4,131.2,0.41,35.5,0.6,55.2,0.59,42.96,0.61,69.52,0.62,70.0,0.01,0.01,2327.241188,1776260137000
1776260138.762,38.762,0.37,35.23,0.36,55.0,0.4,146.2,0.41,187.0,0.6,131.2,0.59,35.5,0.61,4.52,0.62,65.0,0.03,0.01,2327.241188,1776260137000
1776260139.09,39.09,0.37,5.34,0.36,60.0,0.38,105.46,0.39,102.39,0.6,146.2,0.59,187.0,0.63,35.23,0.64,55.0,0.01,0.03,2327.241188,1776260137000
1776260140.885,40.885,0.37,71.69,0.36,83.32,0.39,16.39,0.4,10.0,0.62,105.46,0.61,102.39,0.63,5.34,0.64,60.0,0.02,0.01,2326.8084,1776260139000
1776260141.147,41.147,0.4,22.5,0.39,10.0,0.42,60.0,0.43,76.5,0.58,50.0,0.57,76.5,0.63,71.69,0.64,83.32,0.02,0.05,2326.440505,1776260140000
1776260141.821,41.821,0.4,51.16,0.39,26.0,0.41,15.0,0.42,60.0,0.59,20.0,0.58,104.0,0.6,11.66,0.61,10.0,0.01,0.01,2326.440505,1776260140000
1776260142.105,42.105,0.4,26.16,0.39,16.0,0.41,29.0,0.42,86.0,0.59,15.0,0.58,60.0,0.6,51.16,0.61,26.0,0.01,0.01,2326.440505,1776260140000
1776260142.802,42.802,0.38,26.0,0.37,87.34,0.39,85.07,0.4,113.5,0.59,29.0,0.58,86.0,0.6,26.16,0.61,16.0,0.01,0.01,2326.390025,1776260141000
1776260143.349,43.349,0.38,20.0,0.37,87.34,0.39,116.74,0.4,102.96,0.61,87.24,0.6,118.5,0.62,26.0,0.63,87.34,0.01,0.01,2326.9124,1776260142000
1776260143.963,43.963,0.38,37.43,0.37,102.34,0.4,100.5,0.41,85.96,0.61,86.24,0.6,97.96,0.62,21.93,0.63,97.34,0.02,0.01,2326.9124,1776260142000
1776260144.573,44.573,0.39,53.19,0.38,114.36,0.4,30.0,0.41,70.5,0.61,10.0,0.6,100.5,0.62,99.36,0.63,152.34,0.01,0.01,2326.8532,1776260143000
1776260145.365,45.365,0.4,39.36,0.39,93.37,0.41,70.5,0.42,107.5,0.59,70.5,0.58,102.5,0.61,103.02,0.62,109.36,0.01,0.02,2326.577918,1776260144000
1776260145.632,45.632,0.4,139.19,0.39,193.37,0.41,67.81,0.42,107.5,0.59,70.5,0.58,107.5,0.6,29.19,0.61,93.37,0.01,0.01,2326.577918,1776260144000
1776260146.414,46.414,0.4,141.92,0.39,198.52,0.41,73.81,0.42,101.5,0.59,67.81,0.58,107.5,0.6,139.19,0.61,193.37,0.01,0.01,2326.84275,1776260145000
1776260146.764,46.764,0.4,136.92,0.39,198.52,0.41,70.51,0.42,80.5,0.59,73.81,0.58,101.5,0.6,141.92,0.61,198.52,0.01,0.01,2326.84275,1776260145000
1776260147.979,47.979,0.4,178.58,0.39,209.02,0.41,65.0,0.42,86.5,0.59,75.51,0.58,80.5,0.6,126.92,0.61,198.52,0.01,0.01,2326.929345,1776260146000
1776260148.313,48.313,0.4,163.58,0.39,198.52,0.41,80.5,0.42,86.5,0.59,65.0,0.58,86.5,0.6,178.58,0.61,209.02,0.01,0.01,2326.98488,1776260147000
1776260148.609,48.609,0.39,25.5,0.38,40.0,0.41,142.5,0.42,117.5,0.59,80.5,0.58,86.5,0.6,163.58,0.61,198.52,0.02,0.01,2326.98488,1776260147000
1776260149.147,49.147,0.38,25.0,0.37,92.5,0.4,175.5,0.41,216.04,0.6,134.5,0.59,196.04,0.61,3.3,0.62,40.0,0.02,0.01,2326.98488,1776260147000
1776260149.818,49.818,0.37,102.5,0.36,245.32,0.38,185.56,0.39,107.04,0.6,175.5,0.59,216.04,0.62,25.0,0.63,92.5,0.01,0.02,2326.968235,1776260148000
1776260150.403,50.403,0.37,132.5,0.36,295.32,0.38,65.44,0.39,82.5,0.62,185.56,0.61,107.04,0.63,102.5,0.64,245.32,0.01,0.01,2326.849047,1776260149000
1776260151.055,51.055,0.37,296.5,0.36,310.32,0.38,58.98,0.39,80.5,0.62,65.44,0.61,82.5,0.63,132.5,0.64,295.32,0.01,0.01,2326.849047,1776260149000
1776260151.525,51.525,0.37,256.73,0.36,295.32,0.38,70.5,0.39,86.5,0.61,80.5,0.6,103.61,0.63,251.5,0.64,295.32,0.01,0.02,2326.5302,1776260150000
1776260152.263,52.263,0.37,271.57,0.36,310.82,0.38,74.9,0.39,81.5,0.62,70.5,0.61,86.5,0.63,256.73,0.64,295.32,0.01,0.01,2326.583214,1776260151000
1776260152.589,52.589,0.37,268.42,0.36,315.82,0.38,5.01,0.39,81.5,0.62,29.01,0.61,81.5,0.63,268.42,0.64,315.82,0.01,0.01,2326.583214,1776260151000
1776260153.303,53.303,0.39,198.67,0.38,205.5,0.4,38.15,0.41,84.96,0.62,10.0,0.61,81.5,0.63,277.2,0.64,315.82,0.01,0.01,2326.55615,1776260152000
1776260154.419,54.419,0.39,98.34,0.38,80.0,0.4,58.15,0.41,46.5,0.6,38.15,0.59,84.96,0.61,198.67,0.62,205.5,0.01,0.01,2326.626255,1776260153000
1776260155.218,55.218,0.37,217.7,0.36,290.32,0.38,70.5,0.39,141.49,0.6,58.15,0.59,117.5,0.61,75.14,0.62,80.0,0.01,0.01,2326.7637,1776260154000
1776260155.561,55.561,0.37,97.14,0.36,200.64,0.38,225.94,0.39,126.03,0.62,75.5,0.61,136.49,0.63,205.11,0.64,295.32,0.01,0.01,2326.7637,1776260154000
1776260156.454,56.454,0.37,242.64,0.36,399.14,0.39,5.0,0.4,51.65,0.62,251.94,0.61,126.03,0.63,47.14,0.64,200.64,0.02,0.01,2326.829683,1776260155000
1776260158.122,58.122,0.39,7.73,0.38,76.32,0.4,304.62,0.41,163.5,0.6,51.65,0.59,16.0,0.61,6.0,0.62,36.5,0.01,0.01,2326.640057,1776260156000
1776260158.501,58.501,0.38,15.32,0.37,70.32,0.4,285.14,0.41,272.19,0.6,304.62,0.59,163.5,0.61,7.73,0.62,76.32,0.02,0.01,2326.730976,1776260157000
1776260159.557,59.557,0.36,97.79,0.35,66.0,0.37,228.39,0.38,95.03,0.63,14.56,0.62,60.96,0.64,265.64,0.65,231.5,0.01,0.01,2326.745809,1776260158000
1776260160.218,60.218,0.36,10.47,0.35,61.0,0.37,273.93,0.38,95.03,0.63,228.39,0.62,95.03,0.64,97.79,0.65,66.0,0.01,0.01,2326.675519,1776260159000
1776260160.558,60.558,0.35,56.0,0.34,35.0,0.37,318.93,0.38,90.03,0.63,273.93,0.62,95.03,0.64,10.47,0.65,61.0,0.02,0.01,2326.675519,1776260159000
1776260160.762,60.762,0.35,26.9,0.34,45.0,0.36,84.96,0.37,221.39,0.63,318.93,0.62,90.03,0.65,56.0,0.66,35.0,0.01,0.02,2326.675519,1776260159000
1776260161.023,61.023,0.35,18.06,0.34,45.0,0.36,84.96,0.37,211.39,0.64,84.96,0.63,221.39,0.65,26.9,0.66,45.0,0.01,0.01,2326.675519,1776260159000
1776260161.417,61.417,0.36,118.93,0.35,198.56,0.37,82.89,0.38,60.0,0.64,84.96,0.63,211.39,0.65,18.06,0.66,45.0,0.01,0.01,2326.44255,1776260160000
1776260161.813,61.813,0.36,148.13,0.35,203.56,0.37,5.0,0.39,10.0,0.63,71.89,0.61,50.0,0.64,137.93,0.65,208.56,0.01,0.01,2326.44255,1776260160000
1776260162.041,62.041,0.36,111.0,0.35,203.56,0.39,2.18,0.4,114.15,0.63,5.0,0.61,10.0,0.64,111.0,0.65,203.56,0.03,0.01,2326.44255,1776260160000
1776260162.303,62.303,0.38,111.9,0.37,125.0,0.4,82.65,0.41,107.46,0.61,2.18,0.6,114.15,0.64,111.0,0.65,203.56,0.02,0.03,2326.44255,1776260160000
1776260162.747,62.747,0.39,98.29,0.38,152.9,0.4,22.65,0.41,35.0,0.6,22.65,0.59,40.0,0.61,91.91,0.62,131.9,0.01,0.01,2326.210473,1776260161000
1776260163.262,63.262,0.39,144.4,0.38,165.05,0.43,55.0,0.44,30.0,0.6,2.65,0.59,35.0,0.61,83.4,0.62,170.05,0.04,0.01,2326.2405,1776260162000
1776260163.698,63.698,0.42,108.27,0.41,110.0,0.43,60.0,0.44,40.0,0.57,65.0,0.56,40.0,0.61,134.2,0.62,127.4,0.01,0.04,2326.2405,1776260162000
1776260164.031,64.031,0.42,34.29,0.41,177.5,0.43,96.0,0.44,45.0,0.57,60.0,0.56,40.0,0.58,108.27,0.59,110.0,0.01,0.01,2326.2405,1776260162000
1776260164.546,64.546,0.37,50.0,0.36,60.32,0.4,67.0,0.41,91.0,0.57,106.0,0.56,50.0,0.58,23.25,0.59,167.5,0.03,0.01,2326.736495,1776260163000
1776260164.747,64.747,0.36,27.76,0.35,63.06,0.37,107.39,0.38,66.0,0.63,107.39,0.62,66.0,0.64,27.86,0.65,163.06,0.01,0.01,2326.736495,1776260163000
1776260164.949,64.949,0.35,63.06,0.34,60.0,0.37,128.46,0.38,161.0,0.63,107.39,0.62,66.0,0.64,27.76,0.65,63.06,0.02,0.01,2326.736495,1776260163000
1776260165.165,65.165,0.35,10.43,0.34,35.0,0.36,77.0,0.37,102.0,0.64,77.0,0.63,92.0,0.65,16.71,0.66,35.0,0.01,0.01,2326.736495,1776260163000
1776260165.543,65.543,0.35,1.74,0.34,35.0,0.36,163.0,0.37,97.0,0.64,93.0,0.63,102.0,0.65,3.78,0.66,35.0,0.01,0.01,2326.736495,1776260163000
1776260166.314,66.314,0.34,1.96,0.33,250.0,0.35,49.46,0.36,76.5,0.64,163.0,0.63,97.0,0.65,1.74,0.66,35.0,0.01,0.01,2326.736495,1776260163000
1776260167.638,67.638,0.33,305.0,0.32,200.0,0.34,169.23,0.35,238.05,0.65,49.46,0.64,76.5,0.66,1.96,0.67,250.0,0.01,0.01,2326.446587,1776260166000
1776260168.76,68.76,0.33,94.17,0.32,125.0,0.34,223.23,0.35,197.72,0.66,169.23,0.65,238.05,0.67,305.0,0.68,200.0,0.01,0.01,2326.138421,1776260167000
1776260170.392,70.392,0.29,123.59,0.28,100.0,0.3,77.96,0.31,75.5,0.66,223.23,0.65,197.72,0.67,69.67,0.68,125.0,0.01,0.01,2326.027467,1776260169000
1776260170.76,70.76,0.29,120.99,0.28,100.0,0.3,130.04,0.31,176.66,0.7,71.04,0.69,113.66,0.71,122.25,0.72,100.0,0.01,0.01,2326.027467,1776260169000
1776260170.962,70.962,0.29,122.14,0.28,100.0,0.3,132.04,0.31,176.66,0.7,130.04,0.69,176.66,0.71,120.99,0.72,100.0,0.01,0.01,2326.027467,1776260169000
1776260171.193,71.193,0.29,112.14,0.28,100.0,0.3,132.7,0.31,171.66,0.7,132.04,0.69,176.66,0.71,122.14,0.72,100.0,0.01,0.01,2326.027467,1776260169000
1776260172.304,72.304,0.29,156.14,0.28,147.06,0.3,112.04,0.31,88.5,0.7,160.12,0.69,176.66,0.71,111.5,0.72,100.0,0.01,0.01,2325.433143,1776260170000
1776260172.846,72.846,0.29,148.99,0.28,208.09,0.3,104.58,0.31,87.96,0.7,112.04,0.69,88.5,0.71,150.99,0.72,147.06,0.01,0.01,2325.170596,1776260171000
1776260173.422,73.422,0.29,115.99,0.28,219.12,0.3,151.22,0.31,92.96,0.7,104.58,0.69,87.96,0.71,148.99,0.72,208.09,0.01,0.01,2325.170596,1776260171000
1776260173.761,73.761,0.28,74.12,0.27,80.0,0.3,147.35,0.31,95.49,0.7,152.35,0.69,95.49,0.71,35.0,0.72,119.12,0.02,0.01,2325.245535,1776260172000
1776260174.264,74.264,0.28,186.17,0.27,80.0,0.29,30.5,0.3,123.35,0.7,147.35,0.69,95.49,0.72,74.12,0.73,80.0,0.01,0.02,2325.492335,1776260173000
1776260175.001,75.001,0.28,186.17,0.27,90.5,0.29,20.0,0.3,86.71,0.71,30.5,0.7,123.35,0.72,186.17,0.73,80.0,0.01,0.01,2325.492335,1776260173000
1776260175.264,75.264,0.28,206.67,0.27,90.5,0.3,25.0,0.31,82.96,0.71,20.0,0.7,86.71,0.72,186.17,0.73,90.5,0.02,0.01,2325.492335,1776260173000
1776260176.205,76.205,0.29,91.0,0.28,117.17,0.3,50.5,0.31,108.96,0.7,25.0,0.69,82.96,0.72,206.67,0.73,90.5,0.01,0.02,2325.5513,1776260174000
1776260178.731,78.731,0.28,43.09,0.27,65.0,0.29,187.46,0.3,159.49,0.7,121.5,0.69,108.96,0.71,68.0,0.72,117.17,0.01,0.01,2325.69785,1776260177000
1776260179.085,79.085,0.28,24.93,0.27,10.0,0.29,454.0,0.3,296.03,0.71,187.46,0.7,159.49,0.72,43.09,0.73,65.0,0.01,0.01,2325.69785,1776260177000
1776260179.394,79.394,0.27,5.0,0.26,45.0,0.28,204.96,0.29,401.49,0.71,449.0,0.7,296.03,0.73,10.0,0.74,45.0,0.01,0.02,2325.69785,1776260177000
1776260179.598,79.598,0.25,50.0,0.24,45.22,0.27,8.0,0.28,293.96,0.72,204.96,0.71,401.49,0.73,5.0,0.74,45.0,0.02,0.01,2325.69785,1776260177000
1776260180.18,80.18,0.25,114.0,0.24,45.22,0.26,11.63,0.27,18.0,0.73,8.0,0.72,293.96,0.75,50.0,0.76,45.22,0.01,0.02,2325.69601,1776260178000
1776260180.404,80.404,0.25,79.0,0.24,45.22,0.26,14.63,0.27,18.0,0.74,11.63,0.73,18.0,0.75,114.0,0.76,45.22,0.01,0.01,2325.69601,1776260178000
1776260180.747,80.747,0.26,61.29,0.25,56.5,0.27,10.0,0.28,10.0,0.73,24.0,0.72,31.46,0.75,119.0,0.76,45.22,0.01,0.02,2325.566801,1776260179000
1776260181.045,81.045,0.26,124.79,0.25,56.5,0.28,20.5,0.29,37.5,0.73,10.0,0.72,10.0,0.74,61.29,0.75,56.5,0.02,0.01,2325.566801,1776260179000
1776260181.301,81.301,0.27,84.96,0.26,83.5,0.28,52.53,0.29,52.96,0.72,20.5,0.71,37.5,0.74,124.79,0.75,56.5,0.01,0.02,2325.236619,1776260180000
1776260181.869,81.869,0.28,61.0,0.27,119.68,0.29,5.0,0.3,45.71,0.72,46.0,0.71,52.46,0.73,99.68,0.74,113.5,0.01,0.01,2325.236619,1776260180000
1776260182.481,82.481,0.29,206.5,0.28,137.5,0.31,5.0,0.32,25.0,0.7,45.71,0.69,36.0,0.71,7.0,0.72,22.0,0.02,0.01,2325.236619,1776260180000
1776260182.829,82.829,0.3,174.5,0.29,132.5,0.33,43.5,0.34,135.53,0.69,5.0,0.68,25.0,0.71,206.5,0.72,137.5,0.03,0.02,2325.364195,1776260181000
1776260183.118,83.118,0.32,11.44,0.31,30.5,0.33,10.0,0.34,93.07,0.67,26.0,0.66,140.53,0.68,16.89,0.69,30.5,0.01,0.01,2325.364195,1776260181000
1776260184.05,84.05,0.33,149.5,0.32,95.5,0.35,30.0,0.36,90.0,0.67,5.89,0.66,103.07,0.68,33.0,0.69,80.5,0.02,0.01,2325.6451,1776260182000
1776260184.931,84.931,0.34,90.5,0.33,110.5,0.35,10.0,0.36,80.0,0.65,25.0,0.64,116.0,0.66,60.5,0.67,85.5,0.01,0.01,2325.914021,1776260183000
1776260185.629,85.629,0.34,116.35,0.33,159.5,0.35,10.0,0.36,80.0,0.65,10.0,0.64,80.0,0.66,90.5,0.67,110.5,0.01,0.01,2326.019189,1776260184000
1776260185.994,85.994,0.34,241.35,0.33,152.15,0.35,10.54,0.36,85.0,0.65,10.0,0.64,80.0,0.66,116.35,0.67,159.5,0.01,0.01,2326.019189,1776260184000
1776260186.205,86.205,0.34,236.35,0.33,147.15,0.36,10.0,0.37,16.0,0.65,10.54,0.64,85.0,0.66,241.35,0.67,152.15,0.02,0.01,2326.435198,1776260185000
1776260187.403,87.403,0.37,25.0,0.36,70.0,0.38,25.55,0.39,48.0,0.63,16.0,0.62,26.0,0.65,40.34,0.66,165.35,0.01,0.02,2326.558408,1776260186000
1776260188.025,88.025,0.37,306.49,0.36,170.5,0.4,1.19,0.41,5.0,0.62,25.55,0.61,48.0,0.63,25.0,0.64,70.0,0.03,0.01,2326.558408,1776260186000
1776260188.643,88.643,0.37,61.05,0.36,120.5,0.38,65.0,0.39,74.0,0.59,106.19,0.58,150.0,0.61,15.0,0.62,33.5,0.01,0.02,2326.725714,1776260187000
1776260189.127,89.127,0.37,61.55,0.36,110.5,0.38,79.0,0.39,84.0,0.62,65.0,0.61,74.0,0.63,61.05,0.64,120.5,0.01,0.01,2326.75776,1776260188000
1776260189.33,89.33,0.37,61.55,0.36,120.5,0.38,84.0,0.39,94.5,0.62,79.0,0.61,84.0,0.63,61.55,0.64,110.5,0.01,0.01,2326.75776,1776260188000
1776260190.035,90.035,0.38,6.0,0.37,151.5,0.39,5.0,0.4,30.0,0.62,84.0,0.61,94.5,0.63,61.55,0.64,120.5,0.01,0.01,2326.75776,1776260188000
1776260190.327,90.327,0.38,16.0,0.37,70.5,0.39,2.0,0.4,210.5,0.61,5.0,0.6,30.0,0.62,6.0,0.63,151.5,0.01,0.01,2326.767227,1776260189000
1776260190.683,90.683,0.38,16.0,0.37,75.5,0.39,87.0,0.4,214.5,0.61,2.0,0.6,210.5,0.62,16.0,0.63,70.5,0.01,0.01,2326.767227,1776260189000
1776260191.683,91.683,0.38,121.5,0.37,88.5,0.4,35.0,0.41,20.0,0.61,87.0,0.6,214.5,0.62,16.0,0.63,75.5,0.02,0.01,2326.709732,1776260190000
1776260192.162,92.162,0.39,105.5,0.38,101.5,0.4,7.0,0.41,70.0,0.6,35.0,0.59,20.0,0.62,121.5,0.63,88.5,0.01,0.02,2326.765164,1776260191000
1776260192.409,92.409,0.39,90.5,0.38,113.07,0.4,2.0,0.41,91.0,0.6,7.0,0.59,70.0,0.61,105.5,0.62,101.5,0.01,0.01,2326.765164,1776260191000
1776260193.075,93.075,0.39,90.5,0.38,113.07,0.41,88.95,0.42,141.5,0.6,2.0,0.59,91.0,0.61,90.5,0.62,113.07,0.02,0.01,2326.765164,1776260191000
1776260193.853,93.853,0.4,244.5,0.39,118.15,0.42,25.0,0.43,75.0,0.59,88.95,0.58,141.5,0.61,90.5,0.62,113.07,0.02,0.02,2326.808192,1776260192000
1776260195.625,95.625,0.42,25.0,0.41,80.5,0.43,26.93,0.44,182.0,0.58,25.0,0.57,75.0,0.6,244.5,0.61,118.15,0.01,0.02,2327.072293,1776260194000
1776260196.038,96.038,0.41,10.0,0.38,77.57,0.42,160.3,0.43,182.5,0.57,26.93,0.56,182.0,0.58,25.0,0.59,80.5,0.01,0.01,2327.072293,1776260194000
1776260197.744,97.744,0.39,100.5,0.38,82.07,0.4,37.9,0.41,45.0,0.58,160.3,0.57,182.5,0.59,10.0,0.62,77.57,0.01,0.01,2327.48985,1776260196000
1776260198.024,98.024,0.39,157.86,0.38,153.07,0.4,5.0,0.41,10.0,0.6,37.9,0.59,45.0,0.61,100.5,0.62,82.07,0.01,0.01,2327.12735,1776260197000
1776260198.497,98.497,0.4,107.16,0.39,130.86,0.41,10.0,0.42,5.0,0.59,10.0,0.57,5.0,0.61,146.86,0.62,132.07,0.01,0.02,2327.12735,1776260197000
1776260198.893,98.893,0.4,112.16,0.39,83.86,0.41,1.0,0.42,5.0,0.59,10.0,0.58,5.0,0.6,107.16,0.61,130.86,0.01,0.01,2327.12735,1776260197000
1776260201.216,101.216,0.44,10.0,0.43,20.0,0.45,6.41,0.46,325.0,0.59,1.0,0.58,5.0,0.6,112.16,0.61,83.86,0.01,0.01,2327.272109,1776260199000
1776260201.709,101.709,0.44,50.14,0.43,123.5,0.45,6.31,0.46,170.0,0.55,6.41,0.54,325.0,0.56,10.0,0.57,20.0,0.01,0.01,2327.257023,1776260200000
1776260201.952,101.952,0.44,148.14,0.43,131.15,0.46,40.0,0.47,115.0,0.55,6.31,0.54,170.0,0.56,50.14,0.57,123.5,0.02,0.01,2327.257023,1776260200000
1776260202.274,102.274,0.45,78.68,0.44,92.14,0.46,50.0,0.47,120.0,0.54,40.0,0.53,115.0,0.56,148.14,0.57,131.15,0.01,0.02,2327.257023,1776260200000
1776260202.555,102.555,0.44,3.21,0.43,92.5,0.45,20.0,0.46,190.0,0.54,50.0,0.53,120.0,0.55,78.68,0.56,92.14,0.01,0.01,2327.288319,1776260201000
1776260204.07,104.07,0.45,5.0,0.44,143.5,0.46,55.0,0.47,235.0,0.55,20.0,0.54,190.0,0.56,3.21,0.57,92.5,0.01,0.01,2327.388863,1776260202000
1776260204.289,104.289,0.45,0.45,0.44,20.5,0.46,277.5,0.47,300.5,0.54,55.0,0.53,235.0,0.55,5.0,0.56,143.5,0.01,0.01,2327.757712,1776260203000
1776260207.578,107.578,0.45,169.95,0.44,125.84,0.46,20.65,0.47,125.0,0.54,277.5,0.53,300.5,0.55,0.45,0.56,20.5,0.01,0.01,2327.761673,1776260206000
1776260208.27,108.27,0.45,114.62,0.44,164.5,0.46,10.0,0.47,120.0,0.54,20.65,0.53,125.0,0.55,169.95,0.56,125.84,0.01,0.01,2327.761673,1776260206000
1776260209.042,109.042,0.46,96.5,0.45,142.62,0.47,125.0,0.48,305.0,0.54,10.0,0.53,120.0,0.55,114.62,0.56,164.5,0.01,0.01,2327.897968,1776260208000
1776260209.807,109.807,0.49,45.5,0.48,88.15,0.51,160.0,0.52,155.0,0.53,125.0,0.52,305.0,0.54,96.5,0.55,142.62,0.02,0.01,2327.897968,1776260208000
1776260210.023,110.023,0.5,25.0,0.49,41.5,0.52,160.0,0.53,80.0,0.49,160.0,0.48,155.0,0.51,45.5,0.52,88.15,0.02,0.02,2327.897968,1776260208000
1776260210.716,110.716,0.52,31.0,0.51,20.5,0.53,29.12,0.54,85.0,0.48,160.0,0.47,80.0,0.5,25.0,0.51,41.5,0.01,0.02,2327.884981,1776260209000
1776260210.952,110.952,0.52,41.5,0.51,50.5,0.53,5.0,0.54,85.0,0.47,21.38,0.46,85.0,0.48,31.0,0.49,20.5,0.01,0.01,2327.884981,1776260209000
1776260212.033,112.033,0.55,98.65,0.54,35.0,0.56,19.92,0.57,155.0,0.47,5.0,0.46,85.0,0.48,41.5,0.49,50.5,0.01,0.01,2327.991564,1776260210000
1776260212.268,112.268,0.55,104.15,0.54,35.5,0.56,15.39,0.57,160.0,0.44,19.92,0.43,155.0,0.45,98.65,0.46,35.0,0.01,0.01,2328.804757,1776260211000
1776260212.811,112.811,0.56,40.0,0.55,60.0,0.57,294.5,0.58,201.5,0.43,160.0,0.42,130.0,0.45,104.15,0.46,35.5,0.01,0.02,2328.804757,1776260211000
1776260213.035,113.035,0.53,13.73,0.52,30.5,0.55,105.0,0.56,139.5,0.44,10.5,0.43,284.13,0.46,9.14,0.47,15.0,0.02,0.02,2328.804757,1776260211000
1776260213.387,113.387,0.53,10.0,0.52,46.0,0.54,110.74,0.55,158.5,0.45,143.68,0.44,143.5,0.47,21.06,0.48,30.5,0.01,0.02,2328.83628,1776260212000
1776260213.644,113.644,0.52,68.34,0.51,35.0,0.54,178.24,0.55,158.5,0.46,110.74,0.45,158.5,0.47,10.0,0.48,46.0,0.02,0.01,2328.83628,1776260212000
1776260213.919,113.919,0.52,63.34,0.51,35.0,0.53,46.38,0.54,204.24,0.46,173.24,0.45,188.5,0.48,68.34,0.49,35.0,0.01,0.02,2328.83628,1776260212000
1776260215.429,115.429,0.49,36.5,0.48,81.5,0.52,167.5,0.53,208.5,0.47,46.38,0.46,204.24,0.48,63.34,0.49,35.0,0.03,0.01,2328.866878,1776260213000
1776260215.885,115.885,0.48,86.66,0.47,80.65,0.49,20.0,0.5,170.0,0.48,167.5,0.47,208.5,0.51,26.7,0.52,81.5,0.01,0.03,2328.43849,1776260214000
1776260216.264,116.264,0.48,96.66,0.47,118.65,0.49,19.11,0.5,20.0,0.51,20.0,0.5,170.0,0.52,86.66,0.53,80.65,0.01,0.01,2328.43849,1776260214000
1776260216.711,116.711,0.48,158.81,0.47,120.68,0.49,5.0,0.5,5.0,0.51,19.11,0.5,20.0,0.52,96.66,0.53,118.65,0.01,0.01,2328.358547,1776260215000
1776260217.89,117.89,0.51,10.0,0.5,65.18,0.52,212.23,0.53,210.5,0.49,155.0,0.48,175.5,0.5,20.68,0.51,42.5,0.01,0.01,2328.236744,1776260216000
1776260218.243,118.243,0.51,45.5,0.5,125.68,0.52,168.53,0.53,200.5,0.48,212.23,0.47,210.5,0.49,10.0,0.5,65.18,0.01,0.01,2328.254043,1776260217000
1776260219.288,119.288,0.5,55.18,0.49,20.0,0.52,255.5,0.53,200.5,0.48,168.53,0.47,200.5,0.49,45.5,0.5,125.68,0.02,0.01,2328.254043,1776260217000
1776260220.126,120.126,0.51,5.0,0.5,177.5,0.52,20.0,0.53,115.0,0.49,124.5,0.48,250.5,0.51,20.0,0.52,87.81,0.01,0.02,2328.3189,1776260218000
1776260220.696,120.696,0.48,25.0,0.46,35.0,0.49,10.0,0.5,15.0,0.47,115.0,0.46,110.0,0.48,48.41,0.49,107.5,0.01,0.01,2328.334939,1776260219000
1776260220.959,120.959,0.38,27.5,0.37,111.75,0.42,10.0,0.43,10.0,0.51,10.0,0.5,15.0,0.52,25.0,0.54,35.0,0.04,0.01,2328.334939,1776260219000
1776260221.268,121.268,0.35,25.0,0.34,80.0,0.36,49.78,0.38,280.46,0.62,5.0,0.61,45.0,0.63,0.22,0.64,240.0,0.01,0.01,2328.301488,1776260220000
1776260222.175,122.175,0.33,5.0,0.32,40.15,0.34,63.87,0.35,9.0,0.64,43.94,0.62,150.0,0.66,70.0,0.67,100.0,0.01,0.02,2328.301488,1776260220000
1776260222.636,122.636,0.32,7.9,0.31,55.0,0.33,116.92,0.34,93.41,0.66,58.87,0.65,59.0,0.67,5.0,0.68,40.15,0.01,0.01,2328.304045,1776260221000
1776260222.926,122.926,0.31,55.0,0.3,45.0,0.32,439.84,0.33,272.46,0.68,382.1,0.67,101.92,0.69,55.0,0.7,45.0,0.01,0.01,2328.304045,1776260221000
1776260223.433,123.433,0.3,15.0,0.29,30.0,0.31,20.92,0.32,75.28,0.68,439.84,0.67,272.46,0.69,55.0,0.7,45.0,0.01,0.01,2326.549158,1776260222000
1776260223.831,123.831,0.3,15.0,0.29,30.0,0.31,31.49,0.32,18.0,0.69,41.45,0.68,65.28,0.7,20.0,0.71,30.0,0.01,0.01,2326.549158,1776260222000
1776260224.127,124.127,0.3,57.0,0.28,10.0,0.31,52.46,0.32,43.0,0.69,25.65,0.68,43.0,0.7,5.0,0.72,10.0,0.01,0.01,2326.549158,1776260222000
1776260224.447,124.447,0.28,10.0,0.27,110.0,0.31,57.46,0.32,93.0,0.69,67.46,0.68,93.0,0.7,2.0,0.72,10.0,0.03,0.01,2325.941615,1776260223000
1776260224.98,124.98,0.25,45.0,0.24,245.22,0.28,67.46,0.29,58.0,0.69,57.46,0.68,93.0,0.72,10.0,0.73,110.0,0.03,0.03,2325.941615,1776260223000
1776260225.672,125.672,0.25,72.0,0.24,45.22,0.26,27.46,0.27,15.0,0.72,38.01,0.71,50.0,0.75,45.0,0.76,245.22,0.01,0.03,2325.815605,1776260224000
1776260225.91,125.91,0.25,53.33,0.24,50.22,0.26,32.4,0.27,15.0,0.74,27.4,0.73,15.0,0.75,65.0,0.76,55.22,0.01,0.01,2325.815605,1776260224000
1776260226.329,126.329,0.25,43.0,0.24,50.22,0.27,6.65,0.28,20.5,0.74,17.24,0.73,15.0,0.75,31.66,0.76,50.22,0.02,0.01,2325.75424,1776260225000
1776260227.47,127.47,0.25,64.36,0.24,60.49,0.26,20.5,0.27,35.5,0.73,6.65,0.72,20.5,0.75,43.0,0.76,50.22,0.01,0.02,2325.1661,1776260226000
1776260227.735,127.735,0.25,94.36,0.24,55.49,0.26,10.0,0.27,25.5,0.74,23.03,0.73,35.5,0.75,64.36,0.76,60.49,0.01,0.01,2325.1661,1776260226000
1776260228.15,128.15,0.24,52.85,0.23,116.51,0.27,20.5,0.28,25.5,0.74,16.87,0.73,75.5,0.75,84.36,0.76,91.99,0.03,0.01,2325.1661,1776260226000
1776260228.377,128.377,0.24,59.85,0.23,60.01,0.25,9.5,0.26,10.5,0.73,20.5,0.72,25.5,0.76,62.85,0.77,116.51,0.01,0.03,2325.1661,1776260226000
1776260228.733,128.733,0.24,7.27,0.23,55.01,0.25,32.04,0.26,124.0,0.74,8.0,0.73,50.5,0.76,41.85,0.77,60.01,0.01,0.02,2325.141453,1776260227000
1776260228.993,128.993,0.23,5.01,0.22,55.0,0.24,73.41,0.25,117.04,0.76,10.73,0.75,127.04,0.77,5.01,0.78,55.0,0.01,0.01,2325.141453,1776260227000
1776260229.205,129.205,0.23,3.71,0.22,55.0,0.24,127.35,0.25,117.04,0.76,132.35,0.75,142.04,0.77,53.71,0.78,55.0,0.01,0.01,2325.141417,1776260228000
1776260229.944,129.944,0.22,47.69,0.21,55.0,0.24,202.35,0.25,117.04,0.76,127.35,0.75,117.04,0.77,3.71,0.78,55.0,0.02,0.01,2325.141417,1776260228000
1776260230.393,130.393,0.2,48.89,0.19,80.0,0.21,45.0,0.22,50.5,0.77,116.34,0.76,156.82,0.78,45.69,0.79,60.0,0.01,0.01,2325.500089,1776260229000
1776260230.767,130.767,0.2,41.26,0.19,60.31,0.21,33.0,0.22,59.5,0.79,88.54,0.78,66.5,0.8,36.21,0.81,55.0,0.01,0.01,2325.500089,1776260229000
1776260231.824,131.824,0.2,69.67,0.19,65.0,0.21,9.33,0.22,30.03,0.79,29.87,0.78,64.5,0.8,92.17,0.81,60.31,0.01,0.01,2325.500089,1776260229000
1776260232.298,132.298,0.22,147.0,0.21,60.0,0.23,29.35,0.24,76.66,0.76,55.66,0.75,86.0,0.8,69.67,0.81,65.0,0.01,0.04,2325.06542,1776260230000
1776260232.505,132.505,0.22,140.71,0.21,60.0,0.24,16.1,0.25,96.5,0.77,4.81,0.76,76.66,0.78,140.71,0.79,60.0,0.02,0.01,2325.06542,1776260230000
1776260232.951,132.951,0.21,182.0,0.2,54.22,0.23,16.53,0.24,20.1,0.78,236.81,0.76,16.1,0.79,60.0,0.8,17.67,0.02,0.01,2324.922092,1776260231000
1776260233.557,133.557,0.21,84.0,0.2,39.17,0.22,29.0,0.23,16.53,0.77,16.53,0.76,20.1,0.79,182.0,0.8,54.22,0.01,0.02,2324.929696,1776260232000
1776260233.76,133.76,0.21,139.65,0.2,44.22,0.22,10.0,0.23,16.53,0.78,29.0,0.77,16.53,0.79,74.0,0.8,39.17,0.01,0.01,2324.929696,1776260232000
1776260233.988,133.988,0.21,154.65,0.2,54.22,0.23,3.79,0.24,20.1,0.78,10.0,0.77,16.53,0.79,139.65,0.8,44.22,0.02,0.01,2324.929696,1776260232000
1776260234.477,134.477,0.24,50.0,0.23,65.0,0.26,26.63,0.27,20.54,0.77,3.79,0.76,20.1,0.79,154.65,0.8,54.22,0.02,0.02,2324.929696,1776260232000
1776260236.136,136.136,0.23,128.92,0.22,60.0,0.24,15.0,0.25,29.0,0.74,26.63,0.73,20.54,0.76,50.0,0.77,65.0,0.01,0.02,2325.06597,1776260234000
1776260236.594,136.594,0.23,5.0,0.22,15.0,0.24,138.48,0.25,159.5,0.76,15.0,0.75,29.0,0.77,128.92,0.78,60.0,0.01,0.01,2325.16508,1776260235000
1776260237.717,137.717,0.24,9.05,0.23,113.0,0.25,69.0,0.26,36.63,0.76,138.48,0.75,159.5,0.77,5.0,0.78,15.0,0.01,0.01,2325.16508,1776260235000
1776260238.031,138.031,0.24,14.05,0.23,70.5,0.25,91.49,0.26,51.63,0.75,91.49,0.74,101.63,0.76,34.05,0.77,85.0,0.01,0.01,2325.12765,1776260236000
1776260238.486,138.486,0.24,89.55,0.23,95.5,0.25,61.0,0.26,51.63,0.75,91.49,0.74,51.63,0.76,14.05,0.77,70.5,0.01,0.01,2325.294173,1776260237000
1776260238.731,138.731,0.24,117.41,0.23,95.5,0.25,56.0,0.26,51.63,0.75,61.0,0.74,51.63,0.76,89.55,0.77,95.5,0.01,0.01,2325.294173,1776260237000
1776260239.238,139.238,0.24,196.38,0.23,151.5,0.25,41.89,0.26,40.0,0.75,56.0,0.74,51.63,0.76,105.38,0.77,105.5,0.01,0.01,2325.297784,1776260238000
1776260241.134,141.134,0.27,176.39,0.26,153.5,0.28,5.0,0.29,25.0,0.74,20.0,0.73,65.0,0.76,268.38,0.77,146.5,0.01,0.02,2325.4748,1776260239000
1776260242.328,142.328,0.26,46.05,0.25,55.0,0.27,64.0,0.28,121.0,0.72,5.0,0.71,25.0,0.73,176.39,0.74,153.5,0.01,0.01,2325.960318,1776260241000
1776260242.899,142.899,0.24,10.0,0.23,100.0,0.26,185.0,0.27,175.67,0.73,58.67,0.72,121.0,0.74,46.05,0.75,55.0,0.02,0.01,2325.960318,1776260241000
1776260243.197,143.197,0.22,57.0,0.21,105.63,0.23,17.0,0.24,17.0,0.74,185.0,0.73,175.67,0.76,10.0,0.77,100.0,0.01,0.02,2325.960318,1776260241000
1776260244.225,144.225,0.22,180.5,0.21,181.63,0.24,25.0,0.25,10.0,0.77,22.0,0.76,64.0,0.78,51.0,0.79,105.63,0.02,0.01,2325.90456,1776260243000
1776260246.389,146.389,0.26,132.33,0.25,73.5,0.27,25.0,0.29,15.0,0.76,25.89,0.75,10.0,0.77,10.0,0.78,180.5,0.01,0.01,2325.425593,1776260245000
1776260247.874,147.874,0.3,33.57,0.29,20.0,0.31,5.0,0.32,30.0,0.73,25.0,0.71,15.0,0.74,132.33,0.75,73.5,0.01,0.01,2325.762844,1776260246000
1776260248.841,148.841,0.31,45.0,0.3,265.5,0.32,5.0,0.33,22.46,0.69,5.0,0.68,30.0,0.7,33.57,0.71,20.0,0.01,0.01,2326.053818,1776260247000
1776260249.357,149.357,0.32,134.5,0.31,120.5,0.34,5.0,0.35,40.0,0.68,5.0,0.67,22.46,0.69,45.0,0.7,265.5,0.02,0.01,2326.053818,1776260247000
1776260250.261,150.261,0.35,126.96,0.34,95.78,0.36,10.0,0.38,25.0,0.65,35.0,0.64,25.0,0.66,35.78,0.67,30.5,0.01,0.01,2326.398212,1776260248000
1776260250.936,150.936,0.35,14.22,0.34,60.5,0.36,76.12,0.37,10.0,0.64,10.0,0.62,25.0,0.65,126.96,0.66,95.78,0.01,0.01,2326.632553,1776260249000
1776260251.295,151.295,0.35,24.22,0.34,80.5,0.36,82.88,0.37,10.0,0.64,76.12,0.63,10.0,0.65,14.22,0.66,60.5,0.01,0.01,2326.632553,1776260249000
1776260253.466,153.466,0.35,138.08,0.34,109.5,0.36,51.52,0.37,20.0,0.64,57.29,0.63,60.0,0.65,57.22,0.66,80.5,0.01,0.01,2326.893739,1776260252000
1776260254.758,154.758,0.35,123.08,0.34,100.5,0.36,50.52,0.37,20.0,0.64,40.52,0.63,20.0,0.65,138.08,0.66,109.5,0.01,0.01,2326.965833,1776260253000
1776260255.395,155.395,0.35,243.38,0.34,104.5,0.36,8.97,0.37,35.0,0.64,50.52,0.63,20.0,0.65,121.38,0.66,100.5,0.01,0.01,2326.965833,1776260253000
1776260256.414,156.414,0.34,89.73,0.33,125.5,0.36,25.0,0.37,10.0,0.63,15.0,0.62,45.0,0.65,278.38,0.66,104.5,0.02,0.02,2327.031075,1776260255000
1776260256.86,156.86,0.33,46.0,0.32,50.0,0.35,41.0,0.36,96.17,0.65,15.0,0.64,25.0,0.66,36.15,0.67,125.5,0.02,0.01,2327.031075,1776260255000
1776260257.633,157.633,0.33,34.0,0.32,15.5,0.34,80.51,0.35,102.0,0.65,41.0,0.64,96.17,0.67,46.0,0.68,50.0,0.01,0.02,2327.118951,1776260256000
1776260259.262,159.262,0.33,24.14,0.32,25.5,0.34,90.51,0.35,51.0,0.66,85.51,0.65,102.0,0.67,19.07,0.68,15.5,0.01,0.01,2326.830275,1776260258000
1776260263.312,163.312,0.34,196.5,0.33,84.14,0.35,23.34,0.36,10.0,0.66,90.51,0.65,51.0,0.67,24.14,0.68,25.5,0.01,0.01,2327.088,1776260262000
1776260263.571,163.571,0.36,45.06,0.34,292.28,0.38,100.0,0.39,35.0,0.65,4.94,0.64,10.0,0.66,197.28,0.67,79.14,0.02,0.01,2327.088,1776260262000
1776260265.829,165.829,0.39,297.17,0.38,45.0,0.4,10.0,0.43,100.0,0.62,100.0,0.61,35.0,0.64,45.06,0.66,292.28,0.01,0.02,2327.201275,1776260263000
1776260266.41,166.41,0.39,154.45,0.38,55.5,0.43,65.0,0.44,40.0,0.6,3.93,0.57,100.0,0.61,297.17,0.62,45.0,0.04,0.01,2327.201275,1776260263000
1776260268.616,168.616,0.39,161.45,0.38,60.0,0.4,24.0,0.41,10.0,0.57,65.0,0.56,40.0,0.61,154.45,0.62,55.5,0.01,0.04,2327.53153,1776260267000
1776260268.957,168.957,0.39,99.98,0.38,110.0,0.4,22.0,0.41,10.0,0.6,17.0,0.59,15.0,0.61,142.52,0.62,60.0,0.01,0.01,2327.53153,1776260267000
1776260269.551,169.551,0.39,63.78,0.38,115.0,0.4,5.0,0.41,5.0,0.6,22.0,0.59,10.0,0.61,99.98,0.62,110.0,0.01,0.01,2327.537704,1776260268000
1776260269.885,169.885,0.39,2.58,0.38,45.0,0.4,180.5,0.41,96.5,0.6,5.0,0.59,5.0,0.61,55.58,0.62,65.0,0.01,0.01,2327.537704,1776260268000
1776260270.444,170.444,0.35,10.0,0.34,5.0,0.36,8.6,0.37,16.0,0.6,240.5,0.59,96.5,0.64,75.0,0.65,25.8,0.01,0.04,2327.53523,1776260269000
1776260270.654,170.654,0.34,9.0,0.32,70.0,0.36,29.1,0.37,16.0,0.64,13.1,0.63,16.0,0.65,10.0,0.66,10.0,0.02,0.01,2327.53523,1776260269000
1776260272.704,172.704,0.31,135.0,0.3,75.0,0.33,33.09,0.34,31.0,0.64,29.1,0.63,16.0,0.66,9.0,0.68,70.0,0.02,0.02,2327.077258,1776260271000
1776260276.848,176.848,0.26,50.0,0.25,115.0,0.28,10.0,0.29,23.0,0.67,33.09,0.66,31.0,0.69,135.0,0.7,75.0,0.02,0.02,2326.062063,1776260275000
1776260278.263,178.263,0.26,25.0,0.25,115.0,0.27,49.0,0.28,20.0,0.72,10.0,0.71,23.0,0.74,50.0,0.75,115.0,0.01,0.02,2325.840255,1776260277000
1776260280.539,180.539,0.22,135.0,0.21,125.0,0.25,15.8,0.26,65.0,0.73,49.0,0.72,20.0,0.74,25.0,0.75,115.0,0.03,0.01,2325.483266,1776260279000
1776260281.022,181.022,0.21,3.67,0.2,189.01,0.23,5.0,0.24,10.0,0.77,5.0,0.76,10.0,0.78,125.0,0.79,125.0,0.02,0.01,2325.483266,1776260279000
1776260281.482,181.482,0.2,185.14,0.19,60.0,0.23,110.0,0.24,10.0,0.77,10.0,0.76,10.0,0.79,1.13,0.8,189.01,0.03,0.02,2325.231157,1776260280000
1776260281.72,181.72,0.2,98.44,0.19,60.0,0.21,50.0,0.22,12.83,0.79,50.0,0.78,12.83,0.8,103.44,0.81,60.0,0.01,0.01,2325.231157,1776260280000
1776260281.967,181.967,0.19,60.0,0.18,230.0,0.2,129.56,0.21,50.0,0.79,50.0,0.78,12.83,0.8,70.44,0.81,60.0,0.01,0.01,2325.231157,1776260280000
1776260282.325,182.325,0.19,50.0,0.18,230.0,0.2,140.51,0.22,22.83,0.8,129.56,0.79,50.0,0.81,60.0,0.82,230.0,0.01,0.01,2325.094757,1776260281000
1776260282.782,182.782,0.18,130.0,0.17,270.0,0.2,60.75,0.21,144.0,0.8,140.51,0.78,22.83,0.81,50.0,0.82,230.0,0.02,0.01,2325.094757,1776260281000
1776260283.554,183.554,0.17,115.0,0.16,190.0,0.2,130.87,0.21,99.0,0.8,60.75,0.79,144.0,0.82,130.0,0.83,270.0,0.03,0.02,2324.66823,1776260282000
1776260283.801,183.801,0.17,5.94,0.16,95.0,0.2,130.87,0.21,99.0,0.8,130.87,0.79,99.0,0.83,115.0,0.84,190.0,0.03,0.03,2324.66823,1776260282000
1776260284.269,184.269,0.15,393.31,0.14,135.0,0.16,15.0,0.17,10.0,0.82,10.0,0.81,15.0,0.83,1.62,0.84,95.0,0.01,0.01,2324.66823,1776260282000
1776260284.523,184.523,0.16,9.0,0.15,365.04,0.17,10.0,0.18,10.0,0.84,15.0,0.83,10.0,0.85,393.31,0.86,135.0,0.01,0.01,2324.706321,1776260283000
1776260284.727,184.727,0.15,371.21,0.14,150.0,0.18,5.0,0.19,7.89,0.82,5.0,0.81,17.89,0.84,2.4,0.85,375.04,0.03,0.02,2324.706321,1776260283000
1776260285.067,185.067,0.16,4.78,0.15,371.21,0.17,10.0,0.18,10.0,0.83,10.0,0.82,10.0,0.84,7.93,0.85,381.21,0.01,0.01,2324.706321,1776260283000
1776260285.405,185.405,0.16,7.8,0.15,295.75,0.17,10.0,0.18,84.41,0.83,10.0,0.82,10.0,0.85,370.75,0.86,135.0,0.01,0.02,2324.691524,1776260284000
1776260286.15,186.15,0.16,16.6,0.15,267.55,0.18,84.41,0.19,27.89,0.83,10.0,0.82,84.41,0.84,7.8,0.85,295.75,0.02,0.01,2324.728784,1776260285000
1776260286.711,186.711,0.17,26.19,0.16,6.6,0.18,74.41,0.19,27.89,0.82,84.41,0.81,27.89,0.84,16.6,0.85,267.55,0.01,0.02,2324.728784,1776260285000
1776260287.32,187.32,0.17,19.88,0.15,22.55,0.18,35.41,0.2,62.66,0.82,74.41,0.81,7.89,0.83,14.88,0.84,6.6,0.01,0.01,2324.8206,1776260286000
1776260287.641,187.641,0.17,29.88,0.15,22.55,0.2,69.66,0.21,20.0,0.82,35.41,0.8,62.66,0.83,29.88,0.85,22.55,0.03,0.01,2324.8206,1776260286000
1776260287.847,187.847,0.18,12.0,0.17,13.85,0.19,7.0,0.2,69.66,0.8,69.66,0.79,20.0,0.83,23.85,0.85,15.82,0.01,0.03,2324.8206,1776260286000
1776260288.505,188.505,0.14,36.0,0.13,220.0,0.18,16.41,0.19,32.5,0.85,106.95,0.82,8.0,0.86,15.0,0.87,220.0,0.04,0.01,2325.011049,1776260287000
1776260289.091,189.091,0.16,10.0,0.15,52.0,0.18,34.74,0.19,84.0,0.82,15.86,0.81,58.0,0.86,19.74,0.87,225.0,0.02,0.04,2325.011049,1776260287000
1776260289.466,189.466,0.16,25.0,0.15,10.0,0.17,28.64,0.18,28.74,0.82,34.74,0.81,84.0,0.84,10.0,0.85,52.0,0.01,0.02,2325.090481,1776260288000
1776260289.706,189.706,0.14,12.0,0.13,195.0,0.17,28.64,0.18,28.74,0.83,28.64,0.82,28.74,0.86,13.17,0.87,195.0,0.03,0.03,2325.090481,1776260288000
1776260290.22,190.22,0.14,10.0,0.13,145.0,0.17,23.0,0.18,23.74,0.84,22.0,0.83,22.0,0.87,195.0,0.88,235.09,0.03,0.03,2324.94129,1776260289000
1776260290.473,190.473,0.14,13.72,0.13,145.0,0.16,30.0,0.17,10.0,0.83,23.0,0.82,23.74,0.86,10.0,0.87,145.0,0.02,0.03,2324.94129,1776260289000
1776260290.951,190.951,0.16,3.26,0.15,29.32,0.17,30.0,0.18,23.74,0.84,15.56,0.83,10.0,0.85,9.32,0.86,16.81,0.01,0.01,2324.94129,1776260289000
1776260291.367,191.367,0.14,5.0,0.13,135.0,0.17,37.29,0.18,34.24,0.83,30.0,0.82,23.74,0.84,0.87,0.85,19.32,0.03,0.01,2325.06795,1776260290000
1776260291.581,191.581,0.13,145.5,0.12,225.09,0.14,13.85,0.15,58.0,0.83,37.29,0.82,34.24,0.86,5.0,0.87,135.0,0.01,0.03,2325.06795,1776260290000
1776260292.8,192.8,0.12,166.02,0.11,157.0,0.14,377.23,0.15,284.54,0.86,20.89,0.85,68.5,0.87,135.0,0.88,235.59,0.02,0.01,2325.0882,1776260291000
1776260293.006,193.006,0.11,121.02,0.1,170.5,0.13,17.6,0.14,389.32,0.87,17.6,0.86,389.32,0.89,126.02,0.9,170.5,0.02,0.02,2325.0882,1776260291000
1776260293.379,193.379,0.1,170.5,0.09,135.0,0.11,5.98,0.13,28.1,0.87,17.6,0.86,389.32,0.89,110.02,0.9,170.5,0.01,0.02,2324.679706,1776260292000
1776260294.038,194.038,0.1,75.0,0.09,135.0,0.11,184.98,0.12,7.52,0.89,10.98,0.87,28.1,0.9,170.5,0.91,135.0,0.01,0.01,2324.679706,1776260292000
1776260296.658,196.658,0.09,78.0,0.08,110.0,0.1,27.0,0.11,320.98,0.89,184.98,0.88,7.52,0.9,75.0,0.91,135.0,0.01,0.01,2323.34123,1776260295000
1776260296.936,196.936,0.08,110.0,0.07,160.0,0.1,17.0,0.11,343.98,0.9,17.0,0.89,338.98,0.91,28.0,0.92,110.0,0.02,0.01,2323.34123,1776260295000
1776260297.221,197.221,0.08,0.29,0.07,160.0,0.09,13.0,0.1,17.0,0.91,13.0,0.9,17.0,0.92,53.36,0.93,160.0,0.01,0.01,2323.48388,1776260296000
1776260297.594,197.594,0.07,55.43,0.06,31.0,0.08,5.0,0.09,13.0,0.91,13.0,0.9,17.0,0.93,156.51,0.94,31.0,0.01,0.02,2323.48388,1776260296000
1776260298.0,198.0,0.06,107.23,0.05,408.0,0.07,49.8,0.08,15.0,0.93,25.69,0.92,15.0,0.94,21.89,0.95,161.0,0.01,0.01,2323.48388,1776260296000
1776260298.223,198.223,0.07,153.12,0.06,74.69,0.08,15.0,0.09,163.0,0.92,15.0,0.91,163.0,0.93,13.2,0.94,84.69,0.01,0.01,2323.48388,1776260296000
1776260298.551,198.551,0.06,10.0,0.05,240.0,0.08,22.0,0.09,169.0,0.92,22.0,0.91,169.0,0.93,5.22,0.94,10.0,0.02,0.01,2323.008251,1776260297000
1776260299.232,199.232,0.07,33.0,0.06,19.78,0.08,37.0,0.09,179.0,0.93,5.0,0.92,22.0,0.94,9.78,0.95,240.0,0.01,0.01,2323.004106,1776260298000
1776260299.444,199.444,0.07,40.79,0.06,19.78,0.08,8.0,0.09,179.0,0.92,13.0,0.91,179.0,0.93,66.92,0.94,19.78,0.01,0.01,2323.004106,1776260298000
1776260299.693,199.693,0.07,20.59,0.06,19.78,0.08,13.0,0.09,179.0,0.92,8.0,0.91,179.0,0.93,28.77,0.94,19.78,0.01,0.01,2323.004106,1776260298000
1776260300.027,200.027,0.07,19.51,0.06,19.78,0.08,13.0,0.09,184.0,0.92,13.0,0.91,179.0,0.93,20.59,0.94,19.78,0.01,0.01,2323.004106,1776260298000
1776260300.281,200.281,0.07,19.51,0.06,19.78,0.08,64.25,0.09,234.0,0.92,13.0,0.91,184.0,0.93,19.51,0.94,19.78,0.01,0.01,2323.004106,1776260298000
1776260300.603,200.603,0.07,42.35,0.06,19.78,0.08,59.25,0.09,224.0,0.92,69.25,0.91,224.0,0.93,22.35,0.94,19.78,0.01,0.01,2323.223117,1776260299000
1776260300.805,200.805,0.07,10.88,0.06,19.78,0.08,55.5,0.09,234.0,0.92,50.5,0.91,234.0,0.93,14.11,0.94,19.78,0.01,0.01,2323.223117,1776260299000
1776260301.014,201.014,0.07,30.88,0.06,154.26,0.08,46.75,0.09,234.0,0.92,55.5,0.91,234.0,0.93,10.88,0.94,19.78,0.01,0.01,2323.223117,1776260299000
1776260301.348,201.348,0.07,10.88,0.06,154.26,0.08,328.86,0.09,299.0,0.92,46.75,0.91,234.0,0.93,30.88,0.94,154.26,0.01,0.01,2323.43103,1776260300000
1776260301.767,201.767,0.08,47.36,0.07,10.88,0.09,128.0,0.1,152.23,0.92,328.86,0.91,299.0,0.93,10.88,0.94,154.26,0.01,0.01,2323.43103,1776260300000
1776260302.221,202.221,0.08,62.36,0.07,60.88,0.09,7.0,0.1,74.23,0.91,128.0,0.9,152.23,0.92,47.36,0.93,10.88,0.01,0.01,2323.57568,1776260301000
1776260302.623,202.623,0.08,117.36,0.07,60.88,0.1,36.23,0.11,382.98,0.91,7.0,0.9,74.23,0.92,62.36,0.93,60.88,0.02,0.01,2323.57568,1776260301000
1776260303.753,203.753,0.08,92.36,0.07,85.88,0.1,46.23,0.11,433.98,0.9,16.23,0.89,382.98,0.91,29.5,0.92,92.36,0.02,0.01,2323.770143,1776260302000
1776260304.152,204.152,0.08,106.48,0.07,85.88,0.09,20.0,0.1,46.23,0.91,20.0,0.9,46.23,0.92,85.72,0.93,85.88,0.01,0.01,2323.770143,1776260302000
1776260304.566,204.566,0.09,51.0,0.08,41.48,0.11,403.98,0.12,90.0,0.9,36.23,0.89,358.98,0.92,111.48,0.93,85.88,0.02,0.02,2324.207517,1776260303000
1776260305.415,205.415,0.09,49.93,0.08,91.48,0.1,30.0,0.11,391.98,0.89,403.98,0.88,90.0,0.91,51.0,0.92,41.48,0.01,0.02,2324.325354,1776260304000
1776260306.28,206.28,0.1,23.0,0.09,109.93,0.11,358.98,0.12,78.0,0.9,30.0,0.89,391.98,0.91,49.93,0.92,91.48,0.01,0.01,2324.37098,1776260305000
1776260306.706,206.706,0.1,88.5,0.09,84.93,0.11,363.98,0.12,83.0,0.89,358.98,0.88,78.0,0.9,23.0,0.91,109.93,0.01,0.01,2324.37098,1776260305000
1776260307.037,207.037,0.1,10.5,0.09,34.93,0.11,337.98,0.12,114.0,0.89,348.98,0.88,55.0,0.9,117.94,0.91,84.93,0.01,0.01,2324.37098,1776260305000
1776260307.43,207.43,0.1,4.36,0.09,34.93,0.11,421.6,0.12,133.0,0.89,340.6,0.88,119.0,0.9,10.5,0.91,34.93,0.01,0.01,2324.428152,1776260306000
1776260307.776,207.776,0.08,10.0,0.07,35.0,0.09,306.77,0.1,230.5,0.89,421.6,0.88,133.0,0.9,4.36,0.91,34.93,0.01,0.01,2324.428152,1776260306000
1776260308.132,208.132,0.07,10.0,0.06,64.78,0.08,176.25,0.09,327.0,0.92,110.0,0.91,306.0,0.93,25.0,0.94,224.73,0.01,0.01,2324.428152,1776260306000
1776260308.503,208.503,0.07,10.0,0.06,164.78,0.09,108.66,0.1,122.0,0.92,176.25,0.91,327.0,0.93,10.0,0.94,64.78,0.02,0.01,2324.428152,1776260306000
1776260308.844,208.844,0.07,65.0,0.06,169.78,0.09,54.43,0.1,127.0,0.91,92.66,0.9,122.0,0.94,164.78,0.95,220.0,0.02,0.03,2324.539295,1776260307000
1776260309.141,209.141,0.06,169.08,0.05,300.8,0.09,54.43,0.1,127.0,0.91,54.43,0.9,127.0,0.93,57.56,0.94,169.78,0.03,0.02,2324.539295,1776260307000
1776260309.843,209.843,0.07,8.92,0.06,189.08,0.08,15.0,0.09,49.43,0.91,54.43,0.9,127.0,0.94,169.08,0.95,300.8,0.01,0.03,2324.520595,1776260308000
1776260310.492,210.492,0.06,119.08,0.05,499.04,0.08,20.13,0.09,60.43,0.92,15.0,0.91,49.43,0.93,149.74,0.94,169.08,0.02,0.01,2324.520595,1776260308000
1776260310.742,210.742,0.07,26.59,0.06,169.08,0.09,58.39,0.1,49.11,0.92,5.0,0.91,25.43,0.93,59.97,0.94,169.08,0.02,0.01,2324.150151,1776260309000
1776260311.752,211.752,0.07,70.0,0.06,169.08,0.09,32.27,0.1,49.11,0.91,38.39,0.9,49.11,0.92,5.0,0.93,41.59,0.02,0.01,2324.177724,1776260310000
1776260313.433,213.433,0.08,20.0,0.07,65.0,0.1,49.66,0.11,390.39,0.91,32.27,0.9,49.11,0.93,70.0,0.94,169.08,0.02,0.02,2324.28959,1776260311000
1776260313.903,213.903,0.07,10.0,0.06,219.08,0.09,69.44,0.1,171.66,0.9,49.66,0.89,398.39,0.92,20.0,0.93,65.0,0.02,0.02,2324.374595,1776260312000
1776260314.21,214.21,0.06,164.08,0.05,245.0,0.08,287.0,0.09,211.5,0.91,69.44,0.9,171.66,0.93,10.0,0.94,219.08,0.02,0.02,2324.374595,1776260312000
1776260314.848,214.848,0.06,159.82,0.05,245.0,0.07,125.0,0.08,259.0,0.92,287.0,0.91,211.5,0.94,164.08,0.95,245.0,0.01,0.02,2324.491062,1776260313000
1776260315.133,215.133,0.06,159.82,0.05,245.0,0.07,93.0,0.08,280.9,0.93,125.0,0.92,259.0,0.94,159.82,0.95,245.0,0.01,0.01,2324.5715,1776260314000
1776260316.628,216.628,0.07,101.86,0.06,109.82,0.08,39.0,0.09,115.0,0.93,93.0,0.92,280.9,0.94,159.82,0.95,245.0,0.01,0.01,2324.5715,1776260314000
1776260317.116,217.116,0.07,168.87,0.06,209.82,0.09,102.33,0.1,168.66,0.92,5.0,0.91,109.0,0.93,8.92,0.94,109.82,0.02,0.01,2324.087707,1776260315000
1776260317.97,217.97,0.08,9.05,0.07,2.3,0.09,8.33,0.1,163.66,0.91,102.33,0.9,168.66,0.93,7.3,0.94,209.82,0.01,0.02,2324.085849,1776260316000
1776260318.809,218.809,0.08,4.05,0.07,57.3,0.1,65.6,0.11,416.39,0.91,8.33,0.9,163.66,0.92,9.05,0.93,2.3,0.02,0.01,2324.1178,1776260317000
1776260319.064,219.064,0.09,29.9,0.08,4.05,0.1,70.6,0.11,409.39,0.9,65.6,0.89,416.39,0.92,4.05,0.93,57.3,0.01,0.02,2324.1178,1776260317000
1776260319.338,219.338,0.09,24.4,0.08,4.05,0.1,75.6,0.11,414.39,0.9,70.6,0.89,409.39,0.91,29.9,0.92,4.05,0.01,0.01,2324.1178,1776260317000
1776260319.752,219.752,0.09,29.4,0.08,9.05,0.11,409.39,0.12,218.6,0.9,75.6,0.89,414.39,0.91,24.4,0.92,4.05,0.02,0.01,2324.44775,1776260318000
1776260320.344,220.344,0.09,14.2,0.08,9.05,0.1,62.34,0.11,406.39,0.9,15.0,0.89,395.39,0.91,21.4,0.92,9.05,0.01,0.01,2324.44775,1776260318000
1776260320.609,220.609,0.1,90.5,0.09,247.2,0.11,231.6,0.12,80.0,0.9,62.34,0.89,406.39,0.91,14.2,0.92,9.05,0.01,0.01,2324.44775,1776260318000
1776260320.813,220.813,0.1,210.5,0.09,277.2,0.11,86.5,0.12,80.0,0.89,112.5,0.88,80.0,0.9,210.5,0.91,277.2,0.01,0.01,2324.44775,1776260318000
1776260321.019,221.019,0.1,205.5,0.09,277.2,0.11,45.85,0.13,30.0,0.89,54.95,0.87,30.0,0.9,205.5,0.91,277.2,0.01,0.01,2324.56458,1776260319000
1776260321.503,221.503,0.1,200.5,0.09,277.2,0.11,21.85,0.14,80.0,0.89,45.85,0.87,30.0,0.9,205.5,0.91,277.2,0.01,0.01,2324.56458,1776260319000
1776260321.766,221.766,0.1,170.5,0.09,253.2,0.13,1.95,0.14,44.07,0.89,21.85,0.86,80.0,0.9,200.5,0.91,277.2,0.03,0.01,2324.68959,1776260320000
1776260322.012,222.012,0.1,157.15,0.09,390.22,0.11,5.0,0.14,44.07,0.89,5.0,0.86,44.07,0.9,159.38,0.91,253.2,0.01,0.01,2324.68959,1776260320000
1776260322.563,222.563,0.1,92.15,0.09,144.2,0.13,68.64,0.14,126.57,0.89,5.0,0.86,44.07,0.9,157.15,0.91,390.22,0.03,0.01,2324.880755,1776260321000
1776260322.976,222.976,0.08,24.05,0.07,52.3,0.1,43.0,0.11,150.5,0.87,68.64,0.86,126.57,0.9,92.15,0.91,144.2,0.02,0.03,2324.880755,1776260321000
1776260323.284,223.284,0.08,25.52,0.07,57.3,0.09,5.0,0.1,105.0,0.89,87.55,0.88,80.5,0.92,22.05,0.93,52.3,0.01,0.03,2325.425863,1776260322000
1776260323.695,223.695,0.08,9.66,0.07,57.3,0.09,5.0,0.1,110.0,0.91,5.0,0.9,105.0,0.92,25.52,0.93,57.3,0.01,0.01,2325.425863,1776260322000
1776260324.075,224.075,0.08,10.0,0.07,56.53,0.09,5.0,0.1,115.0,0.91,10.0,0.9,110.0,0.93,56.53,0.94,233.82,0.01,0.02,2325.425863,1776260322000
1776260324.817,224.817,0.08,62.85,0.07,125.53,0.1,10.0,0.11,10.0,0.91,5.0,0.9,115.0,0.92,10.0,0.93,56.53,0.02,0.01,2325.110382,1776260323000
1776260325.106,225.106,0.1,15.5,0.09,65.0,0.13,9.07,0.14,35.0,0.9,10.0,0.89,10.0,0.92,62.85,0.93,56.53,0.03,0.02,2325.110382,1776260323000
1776260325.353,225.353,0.11,31.0,0.1,43.5,0.14,30.0,0.15,80.0,0.87,9.07,0.86,35.0,0.9,15.5,0.91,65.0,0.03,0.03,2324.846383,1776260324000
1776260325.946,225.946,0.13,80.5,0.12,58.5,0.15,80.0,0.16,10.0,0.86,30.0,0.85,85.0,0.88,8.5,0.89,41.5,0.02,0.02,2324.846383,1776260324000
1776260326.555,226.555,0.14,94.08,0.13,65.5,0.15,110.0,0.16,15.0,0.85,80.0,0.84,10.0,0.87,80.5,0.88,58.5,0.01,0.02,2324.883386,1776260325000
1776260326.873,226.873,0.16,95.5,0.15,214.61,0.18,46.4,0.19,74.0,0.83,106.2,0.82,53.74,0.85,209.61,0.86,154.45,0.02,0.02,2324.883386,1776260325000
1776260327.908,227.908,0.17,245.5,0.16,146.5,0.19,44.0,0.2,142.66,0.82,49.0,0.81,64.0,0.83,61.5,0.84,160.5,0.02,0.01,2325.464742,1776260326000
1776260328.159,228.159,0.18,289.03,0.17,230.11,0.2,62.66,0.21,55.0,0.81,4.05,0.8,122.66,0.82,239.03,0.83,116.5,0.02,0.01,2325.464742,1776260326000
1776260328.409,228.409,0.2,15.5,0.19,20.5,0.21,6.0,0.22,15.5,0.77,190.94,0.76,25.5,0.8,23.31,0.81,47.5,0.01,0.03,2325.464742,1776260326000
1776260328.616,228.616,0.19,23.55,0.18,10.0,0.2,81.5,0.21,15.5,0.8,20.5,0.79,20.5,0.81,3.72,0.82,69.03,0.01,0.01,2325.464742,1776260326000
1776260328.855,228.855,0.19,2.55,0.18,10.0,0.2,113.0,0.21,90.5,0.8,103.0,0.79,90.5,0.81,23.55,0.82,10.0,0.01,0.01,2325.464742,1776260326000
1776260329.14,229.14,0.14,1.84,0.13,70.5,0.15,12.0,0.16,29.0,0.84,19.0,0.83,18.5,0.86,1.84,0.87,70.5,0.01,0.02,2325.464742,1776260326000
1776260329.474,229.474,0.11,30.0,0.1,10.0,0.12,43.66,0.13,5.0,0.85,20.83,0.84,69.5,0.87,50.0,0.89,101.79,0.01,0.02,2326.336795,1776260328000
1776260329.698,229.698,0.08,7.85,0.07,161.83,0.1,25.5,0.11,10.5,0.88,43.66,0.87,5.0,0.89,30.0,0.9,10.0,0.02,0.01,2326.336795,1776260328000
1776260330.007,230.007,0.08,18.83,0.07,161.83,0.09,20.0,0.1,25.5,0.9,25.5,0.89,10.5,0.92,7.85,0.93,161.83,0.01,0.02,2326.336795,1776260328000
1776260331.38,231.38,0.07,222.45,0.06,198.62,0.08,58.0,0.09,104.5,0.91,20.0,0.9,30.5,0.92,17.19,0.93,318.33,0.01,0.01,2325.857256,1776260330000
1776260332.337,232.337,0.07,18.92,0.06,361.35,0.08,52.5,0.09,115.0,0.92,58.0,0.91,104.5,0.93,222.45,0.94,198.62,0.01,0.01,2324.953388,1776260331000
1776260332.989,232.989,0.07,29.42,0.06,412.35,0.08,55.0,0.09,80.5,0.92,52.5,0.91,115.0,0.93,18.92,0.94,361.35,0.01,0.01,2324.843849,1776260332000
1776260334.145,234.145,0.07,6.77,0.06,198.62,0.08,60.0,0.09,104.5,0.92,54.84,0.91,80.5,0.93,29.42,0.94,417.35,0.01,0.01,2324.78315,1776260333000
1776260334.676,234.676,0.07,2.03,0.06,198.62,0.08,95.5,0.09,104.5,0.92,60.0,0.91,104.5,0.93,6.77,0.94,198.62,0.01,0.01,2324.78315,1776260333000
1776260334.94,234.94,0.07,7.03,0.06,198.62,0.08,59.61,0.09,92.5,0.92,95.5,0.91,104.5,0.93,2.03,0.94,198.62,0.01,0.01,2324.78315,1776260333000
1776260335.695,235.695,0.09,21.0,0.08,54.0,0.1,65.0,0.11,75.5,0.92,59.61,0.91,92.5,0.93,7.03,0.94,198.62,0.01,0.01,2324.898515,1776260334000
1776260336.849,236.849,0.1,22.0,0.09,41.0,0.11,10.0,0.12,20.0,0.9,65.0,0.89,75.5,0.91,21.0,0.92,54.0,0.01,0.01,2324.903195,1776260335000
1776260338.051,238.051,0.11,16.0,0.1,52.5,0.12,10.0,0.13,79.0,0.89,10.0,0.88,20.0,0.9,22.0,0.91,41.0,0.01,0.01,2324.964758,1776260336000
1776260338.309,238.309,0.12,14.0,0.11,41.5,0.13,27.0,0.14,100.5,0.88,10.0,0.87,79.0,0.89,16.0,0.9,52.5,0.01,0.01,2325.283515,1776260337000
1776260340.292,240.292,0.1,17.0,0.09,91.0,0.11,85.0,0.12,74.0,0.87,27.0,0.86,100.5,0.88,14.0,0.89,41.5,0.01,0.01,2325.471501,1776260339000
1776260340.905,240.905,0.09,76.22,0.08,245.9,0.1,5.5,0.11,36.0,0.89,85.0,0.88,74.0,0.9,17.0,0.91,91.0,0.01,0.01,2325.471501,1776260339000
1776260341.407,241.407,0.12,14.0,0.11,100.0,0.13,10.0,0.14,30.0,0.89,42.74,0.88,44.0,0.91,77.92,0.92,270.9,0.01,0.02,2325.670986,1776260340000
1776260341.63,241.63,0.14,5.0,0.13,42.0,0.16,42.43,0.17,25.0,0.84,96.18,0.83,25.0,0.87,32.0,0.88,47.28,0.02,0.03,2325.670986,1776260340000
1776260341.897,241.897,0.19,120.0,0.18,30.0,0.2,2.11,0.21,10.0,0.8,7.11,0.79,45.0,0.83,40.0,0.84,141.97,0.01,0.03,2325.670986,1776260340000
1776260342.202,242.202,0.22,98.0,0.21,160.04,0.23,96.85,0.24,10.0,0.77,108.85,0.76,10.0,0.81,272.0,0.82,55.0,0.01,0.04,2325.478471,1776260341000
1776260342.443,242.443,0.22,31.01,0.21,155.04,0.23,106.85,0.24,10.0,0.77,96.85,0.76,10.0,0.78,41.01,0.79,155.04,0.01,0.01,2325.478471,1776260341000
1776260342.913,242.913,0.21,148.64,0.2,150.0,0.22,5.0,0.23,96.85,0.78,5.0,0.77,106.85,0.79,152.5,0.8,50.0,0.01,0.01,2325.478471,1776260341000
1776260343.236,243.236,0.2,10.0,0.19,160.0,0.22,25.04,0.23,106.85,0.78,0.04,0.77,96.85,0.79,68.22,0.8,50.0,0.02,0.01,2325.478471,1776260341000
1776260343.595,243.595,0.18,60.0,0.17,60.0,0.2,36.5,0.21,85.0,0.78,25.04,0.77,106.85,0.8,10.0,0.81,160.0,0.02,0.02,2325.955947,1776260342000
1776260343.883,243.883,0.17,58.73,0.16,185.0,0.19,41.0,0.2,30.0,0.8,35.5,0.79,85.0,0.82,3.9,0.83,60.0,0.02,0.02,2325.955947,1776260342000
1776260344.157,244.157,0.17,61.99,0.16,185.0,0.18,15.0,0.19,36.0,0.81,41.0,0.8,30.0,0.83,58.73,0.84,185.0,0.01,0.02,2326.907448,1776260343000
1776260344.371,244.371,0.16,185.0,0.15,65.0,0.18,9.94,0.19,36.0,0.82,4.44,0.81,36.0,0.83,76.99,0.84,185.0,0.02,0.01,2326.907448,1776260343000
1776260345.628,245.628,0.13,56.8,0.12,71.37,0.17,48.5,0.18,60.0,0.82,9.38,0.81,36.0,0.84,185.0,0.85,65.0,0.04,0.02,2326.736068,1776260344000
1776260345.915,245.915,0.12,11.86,0.11,131.79,0.13,103.0,0.14,86.0,0.85,20.0,0.84,50.0,0.88,37.17,0.89,161.79,0.01,0.03,2326.736068,1776260344000
1776260346.394,246.394,0.11,95.0,0.1,60.0,0.13,130.0,0.14,75.0,0.87,103.0,0.86,86.0,0.88,11.86,0.89,131.79,0.02,0.01,2326.531615,1776260345000
1776260346.864,246.864,0.11,60.0,0.1,70.0,0.12,10.0,0.13,110.0,0.87,130.0,0.86,75.0,0.89,95.0,0.9,60.0,0.01,0.02,2326.531615,1776260345000
1776260347.675,247.675,0.11,29.14,0.1,60.0,0.12,117.5,0.13,103.0,0.88,10.0,0.87,110.0,0.89,60.0,0.9,70.0,0.01,0.01,2326.466498,1776260346000
1776260347.924,247.924,0.11,14.14,0.1,60.0,0.12,117.5,0.13,113.0,0.88,117.5,0.87,103.0,0.89,29.14,0.9,60.0,0.01,0.01,2326.466498,1776260346000
1776260348.314,248.314,0.1,25.0,0.09,109.0,0.11,39.91,0.12,10.5,0.88,103.16,0.87,107.0,0.89,0.09,0.9,20.0,0.01,0.01,2325.915784,1776260347000
1776260348.539,248.539,0.12,17.86,0.11,10.0,0.13,5.0,0.14,65.0,0.87,5.0,0.86,65.0,0.89,10.0,0.9,35.0,0.01,0.02,2325.915784,1776260347000
1776260348.898,248.898,0.12,92.81,0.11,55.0,0.15,15.0,0.16,73.0,0.87,5.0,0.86,65.0,0.88,17.86,0.89,10.0,0.03,0.01,2325.915784,1776260347000
1776260349.736,249.736,0.14,21.0,0.13,32.0,0.15,100.33,0.16,120.0,0.84,15.0,0.83,15.0,0.86,26.0,0.87,22.0,0.01,0.02,2325.754658,1776260348000
1776260350.438,250.438,0.12,20.0,0.11,10.0,0.14,145.0,0.15,69.33,0.85,100.33,0.84,120.0,0.86,21.0,0.87,32.0,0.02,0.01,2325.796258,1776260349000
1776260350.896,250.896,0.13,7.0,0.12,65.0,0.15,10.0,0.16,15.0,0.86,145.0,0.85,69.33,0.88,20.0,0.89,10.0,0.02,0.02,2325.796258,1776260349000
1776260351.204,251.204,0.14,42.0,0.13,77.0,0.17,46.0,0.18,75.0,0.85,10.0,0.84,15.0,0.87,7.0,0.88,65.0,0.03,0.02,2325.796258,1776260349000
1776260352.201,252.201,0.15,23.0,0.14,15.0,0.16,20.0,0.17,45.0,0.83,41.0,0.82,25.0,0.86,36.68,0.87,77.0,0.01,0.03,2326.05395,1776260350000
1776260352.708,252.708,0.14,10.0,0.13,64.0,0.16,12.87,0.17,50.0,0.84,20.0,0.83,95.0,0.86,10.0,0.87,37.0,0.02,0.02,2325.99027,1776260351000
1776260353.612,253.612,0.12,1.0,0.11,46.79,0.13,53.0,0.14,92.0,0.84,12.87,0.83,50.0,0.86,10.0,0.87,64.0,0.01,0.02,2326.149935,1776260352000
1776260353.851,253.851,0.11,10.0,0.1,20.0,0.13,118.0,0.14,86.0,0.87,53.0,0.86,92.0,0.88,1.0,0.89,46.79,0.02,0.01,2326.149935,1776260352000
1776260354.268,254.268,0.12,5.0,0.11,20.0,0.15,57.0,0.16,107.87,0.87,118.0,0.86,86.0,0.89,10.0,0.9,20.0,0.03,0.02,2326.2592,1776260353000
1776260355.735,255.735,0.13,7.9,0.12,10.0,0.14,26.0,0.15,65.0,0.85,57.0,0.84,107.87,0.88,5.0,0.89,20.0,0.01,0.03,2326.1288,1776260354000
1776260355.944,255.944,0.12,6.44,0.11,25.0,0.14,76.0,0.15,65.0,0.86,26.0,0.85,65.0,0.87,7.9,0.88,10.0,0.02,0.01,2326.1288,1776260354000
1776260356.421,256.421,0.11,13.3,0.1,85.0,0.13,20.0,0.14,76.0,0.86,36.0,0.85,65.0,0.88,3.4,0.89,15.0,0.02,0.02,2326.085019,1776260355000
1776260357.559,257.559,0.11,15.0,0.1,105.0,0.12,5.0,0.13,10.0,0.87,10.0,0.86,21.0,0.9,75.0,0.91,264.0,0.01,0.03,2326.146806,1776260356000
1776260357.934,257.934,0.11,50.97,0.1,105.0,0.13,20.0,0.14,78.0,0.88,5.0,0.87,10.0,0.89,15.0,0.9,105.0,0.02,0.01,2326.147805,1776260357000
1776260358.266,258.266,0.13,27.0,0.12,5.0,0.15,32.0,0.16,67.87,0.87,20.0,0.86,78.0,0.89,50.97,0.9,105.0,0.02,0.02,2326.147805,1776260357000
1776260359.106,259.106,0.13,20.9,0.12,15.0,0.14,100.37,0.15,30.0,0.85,32.0,0.84,67.87,0.87,15.5,0.88,5.0,0.01,0.02,2326.147805,1776260357000
1776260359.373,259.373,0.13,30.9,0.12,15.0,0.14,116.55,0.15,30.0,0.86,100.37,0.85,30.0,0.87,20.9,0.88,15.0,0.01,0.01,2326.147805,1776260357000
1776260359.727,259.727,0.13,10.5,0.12,59.1,0.14,5.55,0.15,25.0,0.86,116.55,0.85,30.0,0.87,30.9,0.88,15.0,0.01,0.01,2326.147805,1776260357000
1776260360.635,260.635,0.11,0.41,0.1,100.0,0.12,39.0,0.13,35.81,0.86,5.55,0.85,25.0,0.88,32.83,0.89,110.97,0.01,0.02,2326.23255,1776260359000
1776260360.959,260.959,0.1,83.73,0.09,209.0,0.12,5.0,0.13,45.81,0.87,30.81,0.86,10.55,0.89,0.41,0.9,85.0,0.02,0.02,2326.23255,1776260359000
1776260361.173,261.173,0.1,58.0,0.09,209.0,0.11,164.23,0.12,10.0,0.88,5.0,0.87,45.81,0.9,83.73,0.91,209.0,0.01,0.02,2326.23255,1776260359000
1776260361.973,261.973,0.1,354.0,0.09,194.0,0.13,5.81,0.14,12.0,0.89,164.23,0.88,10.0,0.9,58.0,0.91,209.0,0.03,0.01,2326.342175,1776260360000
1776260362.234,262.234,0.24,35.0,0.23,30.0,0.26,6.77,0.27,106.0,0.75,10.0,0.74,206.0,0.76,14.83,0.78,73.0,0.02,0.01,2326.342175,1776260360000
1776260362.438,262.438,0.44,11.36,0.42,11.9,0.56,60.0,0.57,60.0,0.45,0.98,0.44,60.0,0.56,11.36,0.58,11.9,0.12,0.11,2326.342175,1776260360000
1776260362.644,262.644,0.56,52.4,0.55,76.0,0.58,6.72,0.59,10.0,0.43,11.0,0.42,1.67,0.44,43.77,0.45,76.0,0.02,0.01,2326.342175,1776260360000
1776260362.844,262.844,0.55,39.0,0.54,5.0,0.62,55.0,0.63,60.0,0.38,56.67,0.37,60.0,0.39,5.0,0.4,5.0,0.07,0.01,2326.342175,1776260360000
1776260363.149,263.149,0.6,5.0,0.59,5.0,0.61,45.0,0.62,193.0,0.38,28.13,0.37,263.83,0.46,10.0,0.47,10.0,0.01,0.08,2326.342175,1776260360000
1776260363.391,263.391,0.49,11.03,0.48,10.0,0.53,5.0,0.55,5.0,0.44,36.62,0.41,5.0,0.49,8.57,0.5,10.0,0.04,0.05,2326.315506,1776260362000
1776260363.6,263.6,0.5,1.98,0.49,1.96,0.57,49.45,0.58,50.0,0.43,59.45,0.42,50.0,0.49,15.0,0.51,1.96,0.07,0.06,2326.315506,1776260362000
1776260363.864,263.864,0.49,15.0,0.48,8.98,0.51,46.47,0.52,57.0,0.47,53.71,0.46,50.0,0.52,8.98,0.53,10.0,0.02,0.05,2326.315506,1776260362000
1776260364.202,264.202,0.53,87.0,0.52,50.0,0.58,40.0,0.59,65.0,0.42,55.0,0.41,65.0,0.49,110.0,0.5,36.0,0.05,0.07,2326.315506,1776260362000
1776260364.504,264.504,0.54,4.32,0.53,46.0,0.58,50.0,0.59,62.98,0.41,62.98,0.4,55.0,0.44,5.0,0.46,5.0,0.04,0.03,2326.315506,1776260362000
1776260364.752,264.752,0.55,9.9,0.54,4.32,0.58,5.0,0.59,62.98,0.44,3.81,0.42,55.0,0.46,4.32,0.47,56.0,0.03,0.02,2328.362524,1776260363000
1776260365.007,265.007,0.55,14.15,0.54,4.32,0.58,5.0,0.59,15.0,0.41,15.0,0.4,15.0,0.44,23.72,0.45,42.9,0.03,0.03,2328.362524,1776260363000
1776260365.217,265.217,0.55,6.01,0.54,4.32,0.59,65.0,0.6,75.0,0.42,0.04,0.41,15.0,0.45,11.01,0.46,4.32,0.04,0.03,2328.362524,1776260363000
1776260365.548,265.548,0.55,12.77,0.54,4.32,0.57,15.0,0.58,60.0,0.41,65.0,0.4,75.0,0.45,6.01,0.46,4.32,0.02,0.04,2328.764667,1776260364000
1776260366.338,266.338,0.58,37.48,0.57,22.0,0.59,5.0,0.6,35.0,0.43,15.0,0.42,65.0,0.45,6.98,0.46,4.32,0.01,0.02,2328.7826,1776260365000
1776260366.601,266.601,0.58,47.26,0.57,32.0,0.6,21.51,0.61,35.0,0.4,21.51,0.39,25.0,0.42,48.46,0.43,22.0,0.02,0.02,2328.7826,1776260365000
1776260367.223,267.223,0.59,59.39,0.58,87.26,0.6,5.0,0.61,20.0,0.4,21.51,0.39,35.0,0.42,47.26,0.43,32.0,0.01,0.02,2328.7826,1776260365000
1776260367.427,267.427,0.61,2.43,0.59,57.19,0.63,25.0,0.64,5.0,0.37,25.0,0.36,5.0,0.41,57.19,0.42,92.26,0.02,0.04,2328.7826,1776260365000
1776260367.731,267.731,0.62,15.0,0.61,12.43,0.64,64.45,0.65,75.79,0.37,25.0,0.36,5.0,0.39,2.43,0.41,57.19,0.02,0.02,2329.001799,1776260366000
1776260368.188,268.188,0.64,8.58,0.63,47.0,0.65,20.79,0.66,105.0,0.36,64.45,0.35,75.79,0.38,15.0,0.39,12.43,0.01,0.02,2329.001799,1776260366000
1776260368.443,268.443,0.65,73.0,0.64,13.58,0.66,21.06,0.67,60.0,0.34,16.06,0.33,60.0,0.35,68.0,0.36,13.58,0.01,0.01,2329.001799,1776260366000
1776260368.652,268.652,0.65,73.0,0.64,18.58,0.67,60.0,0.68,80.0,0.34,3.0,0.33,60.0,0.35,73.0,0.36,13.58,0.02,0.01,2329.017638,1776260367000
1776260369.03,269.03,0.66,10.0,0.65,68.0,0.67,62.91,0.68,85.0,0.33,60.0,0.32,80.0,0.35,73.0,0.36,18.58,0.01,0.02,2329.017638,1776260367000
1776260369.399,269.399,0.66,20.0,0.65,68.0,0.67,30.35,0.68,75.0,0.33,39.35,0.32,80.0,0.34,10.0,0.35,68.0,0.01,0.01,2329.04605,1776260368000
1776260369.715,269.715,0.66,107.0,0.65,102.0,0.72,36.75,0.73,55.0,0.33,2.86,0.32,25.0,0.34,37.0,0.35,68.0,0.06,0.01,2329.04605,1776260368000
1776260370.026,270.026,0.7,10.0,0.69,31.0,0.74,5.0,0.75,26.0,0.24,115.0,0.23,55.0,0.3,20.0,0.31,20.0,0.04,0.06,2329.04605,1776260368000
1776260370.35,270.35,0.69,23.44,0.68,10.0,0.7,106.6,0.71,25.0,0.3,96.6,0.29,25.0,0.31,23.54,0.32,10.0,0.01,0.01,2329.04605,1776260368000
1776260370.885,270.885,0.68,10.0,0.67,10.0,0.7,86.6,0.71,80.0,0.3,81.6,0.29,75.0,0.31,23.44,0.32,10.0,0.02,0.01,2329.2735,1776260369000
1776260371.281,271.281,0.68,15.0,0.67,15.0,0.69,5.1,0.71,55.0,0.29,80.0,0.28,55.0,0.32,10.0,0.33,10.0,0.01,0.03,2329.2735,1776260369000
1776260371.917,271.917,0.7,19.0,0.69,14.0,0.71,4.9,0.72,50.0,0.31,5.1,0.29,55.0,0.32,15.0,0.33,15.0,0.01,0.01,2329.31473,1776260370000
1776260372.134,272.134,0.7,42.0,0.69,24.0,0.71,7.92,0.72,50.0,0.29,4.9,0.28,50.0,0.3,19.0,0.31,14.0,0.01,0.01,2329.31473,1776260370000
1776260372.57,272.57,0.73,10.0,0.72,10.0,0.75,235.0,0.76,91.0,0.25,28.9,0.24,65.0,0.3,42.0,0.31,24.0,0.02,0.05,2329.32075,1776260371000
1776260373.127,273.127,0.72,2.83,0.71,10.0,0.75,256.0,0.76,91.0,0.25,235.0,0.24,91.0,0.26,9.9,0.27,10.0,0.03,0.01,2329.27524,1776260372000
1776260373.521,273.521,0.7,15.0,0.69,10.0,0.71,207.95,0.72,31.0,0.26,172.83,0.25,31.0,0.27,10.0,0.28,2.83,0.01,0.01,2329.27524,1776260372000
1776260373.792,273.792,0.7,3.9,0.69,10.0,0.71,193.86,0.72,41.0,0.29,207.95,0.28,41.0,0.3,3.9,0.31,10.0,0.01,0.01,2329.27524,1776260372000
1776260374.143,274.143,0.69,10.0,0.68,10.96,0.7,138.57,0.71,55.0,0.29,193.86,0.28,36.0,0.32,0.96,0.33,15.0,0.01,0.03,2329.27524,1776260372000
1776260374.411,274.411,0.67,15.0,0.66,25.0,0.7,137.67,0.71,80.0,0.3,122.67,0.29,55.0,0.31,10.0,0.32,10.0,0.03,0.01,2329.27524,1776260372000
1776260374.735,274.735,0.68,15.0,0.67,15.0,0.7,135.67,0.71,55.0,0.3,135.67,0.29,55.0,0.31,10.0,0.32,10.0,0.02,0.01,2329.29555,1776260373000
1776260375.119,275.119,0.68,15.0,0.67,15.0,0.7,15.0,0.71,55.0,0.3,135.67,0.29,55.0,0.32,5.0,0.33,15.0,0.02,0.02,2329.29555,1776260373000
1776260375.587,275.587,0.65,9.9,0.64,30.1,0.66,15.0,0.67,30.15,0.3,15.0,0.29,55.0,0.32,15.0,0.33,15.0,0.01,0.02,2329.21627,1776260374000
1776260376.175,276.175,0.64,1.12,0.63,10.0,0.65,9.0,0.66,15.0,0.34,15.0,0.33,30.15,0.36,26.12,0.37,15.0,0.01,0.02,2329.21627,1776260374000
1776260376.615,276.615,0.65,3.05,0.64,26.12,0.66,50.0,0.67,20.15,0.35,5.92,0.34,15.0,0.36,1.12,0.37,10.0,0.01,0.01,2329.126275,1776260375000
1776260376.838,276.838,0.66,10.0,0.65,10.0,0.67,25.05,0.68,10.0,0.33,25.15,0.32,10.0,0.4,15.0,0.41,15.0,0.01,0.07,2329.126275,1776260375000
1776260377.124,277.124,0.66,32.0,0.65,10.0,0.67,0.05,0.68,15.0,0.33,25.05,0.32,10.0,0.34,10.0,0.35,10.0,0.01,0.01,2329.126275,1776260375000
1776260378.314,278.314,0.57,115.0,0.56,10.0,0.59,25.0,0.6,40.0,0.33,0.05,0.32,15.0,0.34,32.0,0.35,10.0,0.02,0.01,2328.957044,1776260376000
1776260378.595,278.595,0.58,5.0,0.57,115.0,0.59,8.0,0.6,32.5,0.4,22.5,0.39,65.0,0.43,120.0,0.44,10.0,0.01,0.03,2328.9181,1776260377000
1776260379.783,279.783,0.59,15.0,0.58,15.0,0.61,20.0,0.62,10.0,0.41,8.0,0.4,32.5,0.42,5.0,0.43,115.0,0.02,0.01,2328.923507,1776260378000
1776260380.481,280.481,0.58,10.0,0.57,120.0,0.6,15.0,0.61,25.0,0.39,20.0,0.38,10.0,0.41,15.0,0.42,15.0,0.02,0.02,2328.720656,1776260379000
1776260381.0,281.0,0.51,3.59,0.5,5.0,0.55,5.0,0.56,12.0,0.4,15.0,0.39,25.0,0.43,120.0,0.44,35.0,0.04,0.03,2328.720656,1776260379000
1776260381.265,281.265,0.46,44.91,0.45,55.0,0.51,5.0,0.52,15.0,0.49,5.0,0.48,15.0,0.52,4.9,0.54,49.1,0.05,0.03,2328.63345,1776260380000
1776260381.741,281.741,0.41,4.9,0.4,30.0,0.42,6.0,0.44,5.0,0.49,5.0,0.48,15.0,0.54,44.91,0.55,55.0,0.01,0.05,2328.63345,1776260380000
1776260381.989,281.989,0.41,12.09,0.4,30.0,0.42,6.0,0.43,15.0,0.58,6.0,0.56,5.0,0.59,4.9,0.6,30.0,0.01,0.01,2328.63345,1776260380000
1776260382.795,282.795,0.39,14.5,0.38,5.0,0.41,5.0,0.42,21.0,0.58,6.0,0.57,15.0,0.59,12.09,0.6,30.0,0.02,0.01,2328.578986,1776260381000
1776260383.148,283.148,0.39,5.0,0.38,10.0,0.42,14.16,0.43,10.0,0.59,5.0,0.58,21.0,0.61,14.5,0.62,5.0,0.03,0.02,2328.578986,1776260381000
1776260383.49,283.49,0.41,70.57,0.39,5.0,0.43,10.0,0.44,10.0,0.58,14.16,0.57,10.0,0.59,20.57,0.61,10.0,0.02,0.01,2328.578986,1776260381000
1776260383.77,283.77,0.41,65.57,0.4,5.0,0.43,9.9,0.44,15.0,0.57,14.9,0.56,15.0,0.59,80.57,0.6,5.0,0.02,0.02,2328.151939,1776260382000
1776260384.828,284.828,0.44,276.98,0.43,15.0,0.47,25.0,0.5,50.0,0.57,9.9,0.56,15.0,0.59,10.8,0.6,5.0,0.03,0.02,2328.005986,1776260383000
1776260385.36,285.36,0.57,11.0,0.5,32.0,0.59,9.9,0.6,15.0,0.53,25.0,0.5,50.0,0.56,276.98,0.57,15.0,0.02,0.03,2328.007805,1776260384000
1776260385.974,285.974,0.59,26.0,0.58,21.0,0.62,5.0,0.63,5.0,0.4,6.97,0.39,20.0,0.43,16.0,0.49,50.0,0.03,0.03,2328.007805,1776260384000
1776260386.433,286.433,0.63,21.0,0.62,6.0,0.65,5.86,0.66,65.0,0.38,5.0,0.37,5.0,0.41,26.0,0.42,21.0,0.02,0.03,2328.04135,1776260385000
1776260387.12,287.12,0.64,21.0,0.63,6.0,0.66,60.8,0.67,110.05,0.35,5.86,0.34,65.0,0.37,21.0,0.38,6.0,0.02,0.02,2328.04135,1776260385000
1776260387.687,287.687,0.63,6.0,0.62,6.0,0.65,15.0,0.66,60.8,0.34,60.8,0.33,110.05,0.36,21.0,0.37,6.0,0.02,0.02,2328.484375,1776260386000
1776260388.759,288.759,0.57,10.0,0.56,15.0,0.61,38.47,0.62,5.0,0.35,15.0,0.34,60.8,0.37,6.0,0.38,6.0,0.04,0.02,2328.580141,1776260387000
1776260389.317,289.317,0.59,11.0,0.58,11.0,0.62,1.77,0.63,35.0,0.39,38.47,0.38,5.0,0.43,10.0,0.44,15.0,0.03,0.04,2328.591304,1776260388000
1776260390.086,290.086,0.53,5.0,0.52,15.0,0.54,7.63,0.55,10.0,0.38,1.77,0.37,35.0,0.41,11.0,0.42,11.0,0.01,0.03,2328.591304,1776260388000
1776260390.596,290.596,0.45,19.64,0.41,60.8,0.48,15.0,0.49,15.0,0.46,9.05,0.45,10.0,0.48,5.0,0.49,55.0,0.03,0.02,2328.541912,1776260389000
1776260391.153,291.153,0.37,0.47,0.36,15.0,0.4,5.0,0.41,50.0,0.58,8.62,0.55,20.0,0.62,10.69,0.63,25.0,0.03,0.04,2328.541912,1776260389000
1776260391.644,291.644,0.31,113.51,0.3,5.0,0.32,10.0,0.33,10.0,0.62,5.0,0.6,5.0,0.64,5.47,0.65,15.0,0.01,0.02,2328.546634,1776260390000
1776260392.062,292.062,0.31,23.27,0.3,5.0,0.32,10.0,0.33,10.0,0.68,10.0,0.67,10.0,0.69,103.51,0.7,5.0,0.01,0.01,2328.546634,1776260390000
1776260392.291,292.291,0.29,2.82,0.28,15.0,0.32,16.0,0.33,10.0,0.68,10.0,0.67,10.0,0.69,23.27,0.7,5.0,0.03,0.01,2328.428947,1776260391000
1776260392.644,292.644,0.31,82.0,0.3,30.0,0.46,9.34,0.47,15.0,0.68,16.0,0.67,10.0,0.71,1.14,0.72,15.0,0.15,0.03,2328.428947,1776260391000
1776260392.973,292.973,0.51,10.0,0.5,10.0,0.52,13.2,0.57,8.0,0.51,7.66,0.5,10.0,0.56,9.55,0.57,11.62,0.01,0.05,2328.428947,1776260391000
1776260393.291,293.291,0.53,5.0,0.52,64.0,0.63,10.61,0.64,14.0,0.43,0.31,0.37,35.0,0.48,5.36,0.49,77.0,0.1,0.05,2328.428947,1776260391000
1776260393.753,293.753,0.52,51.0,0.51,72.0,0.64,3.45,0.65,35.0,0.36,9.0,0.35,35.0,0.37,5.0,0.47,54.0,0.12,0.01,2328.056953,1776260392000
1776260394.134,294.134,0.63,10.0,0.62,10.0,0.64,0.76,0.65,35.0,0.36,3.45,0.35,35.0,0.48,51.0,0.49,72.0,0.01,0.12,2328.056953,1776260392000
1776260394.577,294.577,0.63,10.0,0.62,10.0,0.65,32.62,0.66,50.8,0.36,0.76,0.35,35.0,0.37,10.0,0.38,10.0,0.02,0.01,2328.127467,1776260393000
1776260394.819,294.819,0.64,10.0,0.63,10.0,0.65,3.21,0.66,50.8,0.35,32.62,0.34,50.8,0.37,10.0,0.38,10.0,0.01,0.02,2328.127467,1776260393000
1776260395.384,295.384,0.64,8.02,0.63,15.0,0.67,10.19,0.68,40.0,0.33,25.19,0.32,40.0,0.35,3.11,0.36,10.0,0.03,0.02,2328.127467,1776260393000
1776260395.695,295.695,0.65,15.0,0.64,8.02,0.67,10.19,0.68,40.0,0.33,10.19,0.32,40.0,0.36,8.02,0.37,15.0,0.02,0.03,2328.127467,1776260393000
1776260396.367,296.367,0.67,5.0,0.66,10.0,0.71,7.98,0.72,15.0,0.33,10.19,0.32,15.0,0.39,36.51,0.4,15.0,0.04,0.06,2328.39204,1776260394000
1776260396.692,296.692,0.7,6.94,0.66,15.0,0.71,6.39,0.72,15.0,0.29,6.39,0.28,15.0,0.33,5.0,0.34,15.0,0.01,0.04,2328.39204,1776260394000
1776260397.333,297.333,0.75,46.0,0.74,10.0,0.77,14.9,0.79,6.02,0.29,6.39,0.28,15.0,0.3,6.94,0.34,15.0,0.02,0.01,2328.398535,1776260395000
1776260397.566,297.566,0.79,6.0,0.77,48.96,0.8,23.26,0.81,90.0,0.2,27.24,0.19,30.0,0.24,20.0,0.25,46.0,0.01,0.04,2328.4181,1776260396000
1776260397.789,297.789,0.77,27.22,0.76,10.0,0.79,10.0,0.8,23.26,0.2,23.26,0.19,90.0,0.21,6.0,0.23,48.96,0.02,0.01,2328.4181,1776260396000
1776260398.085,298.085,0.73,31.91,0.72,16.0,0.8,13.26,0.81,10.0,0.2,18.26,0.19,60.0,0.27,31.91,0.28,16.0,0.07,0.07,2328.4181,1776260396000
1776260398.352,298.352,0.74,5.0,0.73,31.91,0.82,1.29,0.83,30.0,0.2,2.26,0.19,10.0,0.27,31.91,0.28,16.0,0.08,0.07,2328.4181,1776260396000
1776260398.592,298.592,0.76,11.0,0.75,5.0,0.9,160.61,0.91,102.0,0.1,175.61,0.09,77.0,0.24,6.0,0.25,5.0,0.14,0.14,2328.44739,1776260397000
1776260398.812,298.812,0.89,20.0,0.88,10.0,0.9,40.49,0.91,92.0,0.1,41.61,0.09,92.0,0.11,20.0,0.12,10.0,0.01,0.01,2328.44739,1776260397000
1776260399.026,299.026,0.91,21.11,0.9,10.0,0.98,239.79,0.99,1216.54,0.02,244.79,0.01,1221.54,0.1,10.0,0.11,20.0,0.07,0.08,2328.44739,1776260397000
1776260399.288,299.288,0.99,1679.0,0.98,16.0,,,,,,,,,0.01,1662.67,0.08,5.0,,,2328.457942,1776260398000
1776260399.599,299.599,0.98,16.0,0.94,5.0,0.99,868.5,,,,,,,0.01,1494.0,0.02,16.0,0.01,,2328.457942,1776260398000
1776260399.967,299.967,0.99,3274.0,0.96,9.0,,,,,0.01,868.5,,,0.08,7.75,0.09,21.11,,0.07,2328.457942,1776260398000
1776260400.175,300.175,0.99,33640.38,0.96,9.0,,,,,,,,,0.01,3274.0,0.04,9.0,,,2328.457942,1776260398000
1776260400.966,300.966,0.99,33633.64,0.96,9.0,,,,,,,,,0.01,33585.48,0.04,9.0,,,2328.616221,1776260399000

# RESULT,winner=Up,slug=eth-updown-5m-1776260100,ticks=524
