timestamp,elapsed_sec,up_bid_p1,up_bid_s1,up_bid_p2,up_bid_s2,up_ask_p1,up_ask_s1,up_ask_p2,up_ask_s2,down_bid_p1,down_bid_s1,down_bid_p2,down_bid_s2,down_ask_p1,down_ask_s1,down_ask_p2,down_ask_s2,up_spread,down_spread,eth_price,eth_oracle_ts
1776210011.13,11.13,,,,,,,,,,,,,,,,,,,2325.828167,1776210010000
1776210011.333,11.333,0.58,9.71,0.57,40.0,0.59,93.16,0.6,15.0,0.41,91.46,0.4,15.0,0.42,9.71,0.43,40.0,0.01,0.01,2325.828167,1776210010000
1776210011.722,11.722,0.57,25.0,0.56,35.69,0.58,14.12,0.59,86.46,0.41,91.46,0.4,15.0,0.42,9.71,0.43,40.0,0.01,0.01,2325.828167,1776210010000
1776210012.04,12.04,0.57,25.0,0.56,35.69,0.58,14.12,0.59,86.46,0.42,14.12,0.41,86.46,0.43,25.0,0.44,35.69,0.01,0.01,2325.8437,1776210011000
1776210013.035,13.035,0.57,50.5,0.56,27.69,0.59,95.41,0.6,25.5,0.41,95.41,0.4,25.5,0.43,50.5,0.44,27.69,0.02,0.02,2325.836166,1776210012000
1776210013.606,13.606,0.58,84.5,0.57,93.5,0.59,28.86,0.6,20.0,0.41,95.41,0.4,25.5,0.43,50.5,0.44,27.69,0.01,0.02,2325.836166,1776210012000
1776210013.904,13.904,0.68,83.5,0.67,38.5,0.69,3.0,0.7,80.5,0.32,9.24,0.31,50.0,0.33,20.5,0.34,10.0,0.01,0.01,2325.836166,1776210012000
1776210014.312,14.312,0.69,25.0,0.68,30.0,0.7,183.92,0.71,185.5,0.3,78.92,0.29,160.5,0.31,15.0,0.32,83.0,0.01,0.01,2325.836166,1776210012000
1776210014.55,14.55,0.69,25.0,0.68,30.0,0.7,183.92,0.71,185.5,0.3,183.92,0.29,185.5,0.31,25.0,0.32,30.0,0.01,0.01,2325.63632,1776210013000
1776210014.908,14.908,0.69,76.11,0.68,184.5,0.7,115.0,0.71,100.0,0.3,192.42,0.29,185.5,0.31,45.0,0.32,45.0,0.01,0.01,2325.63632,1776210013000
1776210015.111,15.111,0.69,106.61,0.68,122.5,0.7,95.0,0.71,185.5,0.3,115.0,0.29,100.0,0.31,76.11,0.32,184.5,0.01,0.01,2325.69837,1776210014000
1776210015.712,15.712,0.69,56.61,0.68,104.0,0.7,58.07,0.71,85.5,0.3,34.5,0.29,85.5,0.31,96.61,0.32,112.0,0.01,0.01,2325.69837,1776210014000
1776210016.089,16.089,0.69,56.61,0.68,104.0,0.7,36.65,0.71,95.5,0.3,36.65,0.29,95.5,0.31,56.61,0.32,104.0,0.01,0.01,2326.601276,1776210015000
1776210016.564,16.564,0.69,25.0,0.68,80.0,0.7,69.5,0.71,100.5,0.3,36.65,0.29,95.5,0.31,56.61,0.32,104.0,0.01,0.01,2326.601276,1776210015000
1776210017.241,17.241,0.69,25.0,0.68,80.0,0.7,69.5,0.71,100.5,0.3,69.5,0.29,100.5,0.31,25.0,0.32,80.0,0.01,0.01,2326.65554,1776210016000
1776210017.84,17.84,0.7,89.5,0.69,94.5,0.71,72.91,0.72,115.5,0.3,69.5,0.29,100.5,0.31,25.0,0.32,80.0,0.01,0.01,2326.65554,1776210016000
1776210018.104,18.104,0.7,89.5,0.69,94.5,0.71,74.95,0.72,105.0,0.29,74.95,0.28,105.0,0.3,89.5,0.31,94.5,0.01,0.01,2326.58519,1776210017000
1776210018.397,18.397,0.7,89.5,0.69,94.5,0.71,57.62,0.72,105.0,0.29,59.95,0.28,105.0,0.3,89.5,0.31,94.5,0.01,0.01,2326.58519,1776210017000
1776210018.99,18.99,0.7,94.5,0.69,94.5,0.71,52.68,0.72,115.0,0.29,55.09,0.28,105.0,0.3,94.5,0.31,94.5,0.01,0.01,2326.58519,1776210017000
1776210019.367,19.367,0.7,64.5,0.69,64.5,0.71,27.68,0.72,90.0,0.29,52.68,0.28,115.0,0.3,94.5,0.31,94.5,0.01,0.01,2326.720055,1776210018000
1776210020.041,20.041,0.7,37.33,0.69,64.5,0.71,14.0,0.72,100.5,0.29,14.0,0.28,100.5,0.3,37.33,0.31,64.5,0.01,0.01,2326.735635,1776210019000
1776210021.143,21.143,0.7,37.33,0.69,64.5,0.71,14.0,0.72,100.5,0.29,14.0,0.28,100.5,0.3,37.33,0.31,64.5,0.01,0.01,2326.737235,1776210020000
1776210021.756,21.756,0.7,41.33,0.69,39.0,0.71,54.02,0.72,100.5,0.29,23.02,0.28,100.5,0.3,70.33,0.31,44.0,0.01,0.01,2326.737235,1776210020000
1776210021.974,21.974,0.7,42.33,0.69,44.0,0.71,49.02,0.72,100.5,0.29,54.02,0.28,100.5,0.3,41.33,0.31,39.0,0.01,0.01,2326.737235,1776210020000
1776210022.588,22.588,0.7,35.33,0.69,44.0,0.71,49.02,0.72,100.5,0.29,49.02,0.28,100.5,0.3,42.33,0.31,44.0,0.01,0.01,2326.718035,1776210021000
1776210023.176,23.176,0.7,35.33,0.69,44.0,0.71,44.02,0.72,100.5,0.29,44.02,0.28,100.5,0.3,35.33,0.31,44.0,0.01,0.01,2326.704955,1776210022000
1776210023.801,23.801,0.7,45.33,0.69,54.0,0.71,27.5,0.72,120.5,0.29,44.02,0.28,100.5,0.3,35.33,0.31,44.0,0.01,0.01,2326.704955,1776210022000
1776210024.105,24.105,0.7,55.33,0.69,64.5,0.71,15.0,0.72,120.5,0.29,27.5,0.28,120.5,0.3,45.33,0.31,54.0,0.01,0.01,2326.704955,1776210022000
1776210025.111,25.111,0.7,55.33,0.69,64.5,0.71,15.0,0.72,120.5,0.29,15.0,0.28,120.5,0.3,55.33,0.31,64.5,0.01,0.01,2326.648933,1776210024000
1776210026.299,26.299,0.7,55.33,0.69,64.5,0.71,15.0,0.72,120.5,0.29,15.0,0.28,120.5,0.3,55.33,0.31,64.5,0.01,0.01,2326.66107,1776210025000
1776210026.686,26.686,0.7,15.0,0.69,25.0,0.72,125.5,0.73,81.75,0.29,15.0,0.28,120.5,0.3,55.33,0.31,64.5,0.02,0.01,2326.66107,1776210025000
1776210027.167,27.167,0.7,10.0,0.69,30.0,0.72,165.5,0.73,91.75,0.28,125.5,0.27,81.75,0.31,25.0,0.32,105.0,0.02,0.03,2326.665345,1776210026000
1776210027.512,27.512,0.7,13.0,0.69,25.0,0.71,5.35,0.72,185.5,0.29,20.5,0.28,175.5,0.3,3.0,0.31,30.0,0.01,0.01,2326.665345,1776210026000
1776210028.114,28.114,0.7,14.66,0.69,25.0,0.71,78.87,0.72,215.5,0.29,8.87,0.28,210.5,0.3,23.0,0.31,25.0,0.01,0.01,2326.665345,1776210026000
1776210028.316,28.316,0.7,14.66,0.69,25.0,0.71,48.72,0.72,215.5,0.29,48.72,0.28,215.5,0.3,14.66,0.31,25.0,0.01,0.01,2326.67812,1776210027000
1776210028.859,28.859,0.69,15.0,0.68,139.0,0.71,61.72,0.72,210.5,0.29,48.72,0.28,215.5,0.3,14.66,0.31,25.0,0.02,0.01,2326.67812,1776210027000
1776210029.122,29.122,0.69,1.29,0.68,20.0,0.7,5.0,0.71,98.75,0.29,61.72,0.28,210.5,0.31,15.0,0.32,139.0,0.01,0.02,2326.67812,1776210027000
1776210029.456,29.456,0.69,20.0,0.68,29.09,0.7,15.0,0.71,80.0,0.3,15.0,0.29,80.0,0.31,20.0,0.32,29.09,0.01,0.01,2326.505214,1776210028000
1776210029.741,29.741,0.7,80.5,0.69,25.5,0.71,71.84,0.72,55.0,0.3,15.0,0.29,80.0,0.31,20.0,0.32,29.09,0.01,0.01,2326.505214,1776210028000
1776210029.946,29.946,0.7,15.0,0.69,25.5,0.71,30.18,0.72,55.0,0.29,28.0,0.28,55.0,0.3,19.26,0.31,25.5,0.01,0.01,2326.505214,1776210028000
1776210030.482,30.482,0.7,2.0,0.69,15.0,0.71,80.68,0.72,65.5,0.29,25.18,0.28,55.0,0.3,15.0,0.31,25.5,0.01,0.01,2326.505404,1776210029000
1776210030.699,30.699,0.7,21.66,0.69,53.0,0.71,85.68,0.72,80.5,0.29,80.68,0.28,65.5,0.3,2.0,0.31,15.0,0.01,0.01,2326.505404,1776210029000
1776210031.087,31.087,0.7,21.66,0.69,53.0,0.71,85.68,0.72,80.5,0.29,85.68,0.28,80.5,0.3,21.66,0.31,53.0,0.01,0.01,2326.440279,1776210030000
1776210031.538,31.538,0.69,25.5,0.68,172.09,0.71,5.1,0.72,50.0,0.29,85.68,0.28,80.5,0.3,21.66,0.31,53.0,0.02,0.01,2326.440279,1776210030000
1776210032.153,32.153,0.69,25.5,0.68,172.09,0.71,5.1,0.72,50.0,0.29,5.1,0.28,50.0,0.31,25.5,0.32,172.09,0.02,0.02,2326.582889,1776210031000
1776210032.7,32.7,0.7,148.83,0.69,35.5,0.71,0.1,0.72,50.07,0.29,0.1,0.28,60.07,0.3,130.5,0.31,35.5,0.01,0.01,2326.582889,1776210031000
1776210033.28,33.28,0.7,194.83,0.69,35.5,0.72,50.07,0.73,185.0,0.28,50.07,0.27,185.0,0.3,194.83,0.31,35.5,0.02,0.02,2326.545709,1776210032000
1776210033.555,33.555,0.71,72.0,0.7,43.83,0.72,80.07,0.73,195.0,0.28,50.07,0.27,185.0,0.3,194.83,0.31,35.5,0.01,0.02,2326.545709,1776210032000
1776210033.925,33.925,0.71,166.5,0.7,58.83,0.72,35.07,0.73,185.0,0.28,80.07,0.27,195.0,0.29,72.0,0.3,43.83,0.01,0.01,2326.545709,1776210032000
1776210034.436,34.436,0.71,166.5,0.7,58.83,0.72,35.07,0.73,185.0,0.28,35.07,0.27,185.0,0.29,166.5,0.3,58.83,0.01,0.01,2326.602025,1776210033000
1776210034.888,34.888,0.71,319.5,0.7,183.83,0.72,21.91,0.73,35.0,0.28,35.07,0.27,185.0,0.29,166.5,0.3,58.83,0.01,0.01,2326.602025,1776210033000
1776210035.206,35.206,0.71,384.5,0.7,243.83,0.73,35.0,0.74,54.0,0.28,21.91,0.27,35.0,0.29,319.5,0.3,183.83,0.02,0.01,2326.599285,1776210034000
1776210035.455,35.455,0.73,167.61,0.72,43.5,0.74,4.3,0.75,70.0,0.26,4.3,0.25,70.0,0.27,63.5,0.28,33.5,0.01,0.01,2326.599285,1776210034000
1776210035.75,35.75,0.73,87.72,0.72,43.5,0.74,22.49,0.75,75.0,0.26,9.31,0.25,70.0,0.27,63.72,0.28,43.5,0.01,0.01,2326.599285,1776210034000
1776210036.107,36.107,0.73,72.85,0.72,43.5,0.74,9.12,0.75,75.0,0.26,9.12,0.25,75.0,0.27,72.85,0.28,43.5,0.01,0.01,2326.64043,1776210035000
1776210036.64,36.64,0.71,10.0,0.7,25.71,0.72,65.0,0.73,99.0,0.25,95.0,0.23,25.0,0.26,86.84,0.27,28.85,0.01,0.01,2326.64043,1776210035000
1776210037.006,37.006,0.7,30.71,0.69,115.0,0.71,9.91,0.72,75.0,0.28,65.0,0.27,99.0,0.29,10.0,0.3,25.71,0.01,0.01,2326.64043,1776210035000
1776210037.692,37.692,0.7,15.71,0.69,110.0,0.71,51.0,0.72,80.0,0.29,4.76,0.28,75.0,0.3,30.71,0.31,115.0,0.01,0.01,2327.12963,1776210036000
1776210038.229,38.229,0.7,15.71,0.69,110.0,0.71,51.0,0.72,80.0,0.29,51.0,0.28,80.0,0.3,15.71,0.31,110.0,0.01,0.01,2327.086476,1776210037000
1776210038.702,38.702,0.7,20.71,0.69,115.0,0.71,19.52,0.72,85.0,0.29,51.0,0.28,80.0,0.3,15.71,0.31,110.0,0.01,0.01,2327.086476,1776210037000
1776210039.005,39.005,0.7,4.58,0.69,110.0,0.71,38.52,0.72,85.0,0.29,38.52,0.28,85.0,0.3,14.58,0.31,115.0,0.01,0.01,2327.086476,1776210037000
1776210039.347,39.347,0.7,4.58,0.69,110.0,0.71,38.52,0.72,85.0,0.29,38.52,0.28,85.0,0.3,4.58,0.31,110.0,0.01,0.01,2326.716365,1776210038000
1776210039.88,39.88,0.69,105.0,0.68,35.0,0.7,24.0,0.72,114.52,0.3,24.0,0.28,114.52,0.31,105.0,0.32,35.0,0.01,0.01,2326.596175,1776210039000
1776210040.187,40.187,0.69,110.0,0.68,40.0,0.7,76.0,0.71,37.0,0.3,24.0,0.28,114.52,0.31,105.0,0.32,35.0,0.01,0.01,2326.596175,1776210039000
1776210040.897,40.897,0.69,85.0,0.68,45.0,0.7,61.67,0.71,47.0,0.3,69.5,0.29,37.0,0.31,110.0,0.32,40.0,0.01,0.01,2326.596175,1776210039000
1776210041.365,41.365,0.69,90.0,0.68,45.0,0.7,72.17,0.71,82.5,0.3,61.67,0.29,47.0,0.31,85.0,0.32,45.0,0.01,0.01,2326.50329,1776210040000
1776210041.98,41.98,0.69,15.0,0.68,45.0,0.7,65.55,0.71,82.5,0.3,65.55,0.29,82.5,0.31,15.0,0.32,45.0,0.01,0.01,2326.452462,1776210041000
1776210042.279,42.279,0.66,70.0,0.65,210.0,0.68,25.0,0.69,258.58,0.31,140.58,0.3,79.55,0.32,5.0,0.33,120.0,0.02,0.01,2326.452462,1776210041000
1776210042.571,42.571,0.66,10.0,0.65,210.0,0.67,129.23,0.68,73.0,0.33,18.93,0.32,65.0,0.34,70.0,0.35,210.0,0.01,0.01,2326.452462,1776210041000
1776210043.014,43.014,0.64,180.0,0.63,141.0,0.65,101.26,0.66,197.25,0.33,129.23,0.32,73.0,0.34,10.0,0.35,210.0,0.01,0.01,2326.452462,1776210041000
1776210043.332,43.332,0.64,5.0,0.63,141.0,0.65,99.39,0.66,197.25,0.35,101.26,0.34,197.25,0.36,180.0,0.37,141.0,0.01,0.01,2326.391953,1776210042000
1776210044.17,44.17,0.63,20.0,0.62,105.0,0.64,105.99,0.65,78.68,0.36,73.64,0.35,78.68,0.37,116.0,0.38,105.0,0.01,0.01,2326.391953,1776210042000
1776210045.269,45.269,0.62,110.0,0.61,75.0,0.63,142.77,0.64,126.64,0.37,40.34,0.36,83.64,0.38,105.0,0.39,80.0,0.01,0.01,2326.076621,1776210043000
1776210046.02,46.02,0.61,75.0,0.6,16.0,0.63,117.77,0.64,126.64,0.37,117.77,0.36,126.64,0.39,75.0,0.4,16.0,0.02,0.02,2325.967739,1776210045000
1776210046.241,46.241,0.6,10.1,0.59,90.0,0.61,39.22,0.62,55.5,0.39,34.22,0.38,55.5,0.4,21.0,0.41,90.0,0.01,0.01,2325.967739,1776210045000
1776210046.497,46.497,0.6,15.1,0.59,95.0,0.61,8.75,0.62,70.17,0.38,55.17,0.37,120.5,0.4,10.1,0.41,85.0,0.01,0.02,2325.967739,1776210045000
1776210047.059,47.059,0.59,95.0,0.58,135.0,0.61,138.25,0.62,50.91,0.38,50.91,0.37,120.5,0.4,15.1,0.41,95.0,0.02,0.02,2325.967739,1776210045000
1776210047.609,47.609,0.58,135.0,0.57,215.0,0.6,151.25,0.61,138.5,0.39,138.25,0.38,50.91,0.41,95.0,0.42,135.0,0.02,0.02,2325.842421,1776210046000
1776210047.822,47.822,0.58,110.0,0.57,215.0,0.59,69.5,0.6,132.25,0.4,151.25,0.39,138.5,0.42,135.0,0.43,215.0,0.01,0.02,2325.842421,1776210046000
1776210048.308,48.308,0.58,136.0,0.57,215.0,0.59,53.18,0.6,111.75,0.41,53.18,0.4,111.75,0.42,136.0,0.43,215.0,0.01,0.01,2325.798664,1776210047000
1776210048.561,48.561,0.62,80.16,0.61,15.0,0.63,9.74,0.64,25.32,0.37,14.74,0.36,20.32,0.38,25.92,0.39,10.0,0.01,0.01,2325.798664,1776210047000
1776210048.827,48.827,0.63,90.79,0.62,66.16,0.64,8.77,0.65,80.15,0.36,18.77,0.35,80.15,0.38,80.16,0.39,15.0,0.01,0.02,2325.798664,1776210047000
1776210050.026,50.026,0.63,37.29,0.62,33.16,0.64,28.93,0.65,65.15,0.36,8.77,0.35,80.15,0.37,90.79,0.38,66.16,0.01,0.01,2325.714672,1776210048000
1776210050.851,50.851,0.62,10.0,0.61,35.5,0.63,44.24,0.64,49.16,0.36,20.16,0.35,65.15,0.37,37.29,0.38,33.16,0.01,0.01,2325.714672,1776210048000
1776210051.626,51.626,0.62,10.0,0.61,35.5,0.63,44.24,0.64,49.16,0.37,44.24,0.36,49.16,0.38,10.0,0.39,35.5,0.01,0.01,2325.985729,1776210049000
1776210052.165,52.165,0.61,53.5,0.6,44.0,0.62,15.37,0.63,35.0,0.37,44.24,0.36,49.16,0.38,10.0,0.39,35.5,0.01,0.01,2325.985729,1776210049000
1776210052.807,52.807,0.61,154.5,0.6,39.0,0.63,12.12,0.64,10.16,0.38,15.37,0.37,35.0,0.39,53.5,0.4,44.0,0.02,0.01,2326.01312,1776210051000
1776210053.432,53.432,0.62,73.5,0.61,112.5,0.63,6.21,0.64,20.16,0.37,12.8,0.36,15.16,0.38,27.0,0.39,144.5,0.01,0.01,2326.01312,1776210051000
1776210054.033,54.033,0.62,73.5,0.61,112.5,0.63,6.21,0.64,20.16,0.37,6.21,0.36,20.16,0.38,73.5,0.39,112.5,0.01,0.01,2325.940055,1776210053000
1776210054.922,54.922,0.62,5.0,0.61,93.5,0.63,22.21,0.64,25.0,0.37,6.21,0.36,20.16,0.38,73.5,0.39,112.5,0.01,0.01,2325.940055,1776210053000
1776210055.464,55.464,0.62,5.0,0.61,93.5,0.63,22.21,0.64,25.0,0.37,22.21,0.36,25.0,0.38,5.0,0.39,93.5,0.01,0.01,2326.009715,1776210054000
1776210055.954,55.954,0.62,64.5,0.61,93.5,0.63,12.21,0.64,15.0,0.37,12.21,0.36,15.0,0.38,64.5,0.39,93.5,0.01,0.01,2326.02551,1776210055000
1776210056.652,56.652,0.6,20.0,0.59,30.0,0.61,19.67,0.62,42.45,0.38,71.45,0.37,100.0,0.39,5.0,0.4,5.0,0.01,0.01,2326.02551,1776210055000
1776210057.474,57.474,0.6,20.0,0.59,30.0,0.61,19.67,0.62,42.45,0.39,19.67,0.38,42.45,0.4,20.0,0.41,30.0,0.01,0.01,2325.977435,1776210056000
1776210058.234,58.234,0.6,20.0,0.59,30.0,0.61,19.67,0.62,42.45,0.39,19.67,0.38,42.45,0.4,20.0,0.41,30.0,0.01,0.01,2325.97214,1776210057000
1776210058.494,58.494,0.6,20.0,0.59,40.0,0.61,20.0,0.62,30.0,0.39,19.67,0.38,42.45,0.4,20.0,0.41,30.0,0.01,0.01,2325.97214,1776210057000
1776210058.785,58.785,0.57,235.5,0.56,63.69,0.6,49.0,0.61,60.0,0.39,20.0,0.38,30.0,0.4,20.0,0.41,40.0,0.03,0.01,2325.97214,1776210057000
1776210059.637,59.637,0.57,235.5,0.56,63.69,0.6,49.0,0.61,60.0,0.4,49.0,0.39,60.0,0.43,235.5,0.44,63.69,0.03,0.03,2325.86758,1776210058000
1776210059.896,59.896,0.57,15.0,0.56,42.69,0.58,84.0,0.59,25.0,0.42,49.0,0.41,35.5,0.43,105.0,0.44,42.69,0.01,0.01,2325.86758,1776210058000
1776210060.188,60.188,0.57,3.25,0.56,42.69,0.58,94.5,0.59,25.0,0.42,94.5,0.41,25.0,0.43,3.25,0.44,42.69,0.01,0.01,2325.843151,1776210059000
1776210060.577,60.577,0.56,35.94,0.55,180.0,0.58,118.5,0.59,48.0,0.42,89.5,0.41,35.0,0.43,3.25,0.44,42.69,0.02,0.01,2325.843151,1776210059000
1776210060.959,60.959,0.56,35.94,0.55,185.0,0.57,102.0,0.58,79.0,0.42,118.5,0.41,48.0,0.44,35.94,0.45,180.0,0.01,0.02,2325.843151,1776210059000
1776210061.666,61.666,0.56,35.94,0.55,185.0,0.57,102.0,0.58,79.0,0.43,102.0,0.42,79.0,0.44,35.94,0.45,185.0,0.01,0.01,2325.613564,1776210060000
1776210061.942,61.942,0.56,10.94,0.55,145.0,0.57,80.0,0.58,117.5,0.43,98.0,0.42,117.5,0.44,10.94,0.45,145.0,0.01,0.01,2325.613564,1776210060000
1776210062.363,62.363,0.56,15.94,0.55,145.0,0.57,75.0,0.58,117.5,0.43,75.0,0.42,117.5,0.44,15.94,0.45,145.0,0.01,0.01,2325.450615,1776210061000
1776210063.051,63.051,0.56,15.94,0.55,145.0,0.57,75.0,0.58,117.5,0.43,75.0,0.42,117.5,0.44,15.94,0.45,145.0,0.01,0.01,2325.430915,1776210062000
1776210063.507,63.507,0.58,53.0,0.57,124.5,0.59,14.88,0.61,120.0,0.43,75.0,0.42,117.5,0.44,15.94,0.45,145.0,0.01,0.01,2325.430915,1776210062000
1776210063.794,63.794,0.58,139.5,0.57,108.5,0.61,92.05,0.62,30.0,0.41,4.28,0.39,120.0,0.42,53.0,0.43,124.5,0.03,0.01,2325.430915,1776210062000
1776210064.236,64.236,0.6,48.0,0.59,53.0,0.61,79.31,0.62,30.0,0.39,75.95,0.38,30.0,0.41,10.0,0.42,139.5,0.01,0.02,2325.430915,1776210062000
1776210064.769,64.769,0.6,99.0,0.59,58.0,0.61,90.87,0.62,40.0,0.39,87.51,0.38,40.0,0.4,99.0,0.41,63.0,0.01,0.01,2325.327586,1776210063000
1776210065.101,65.101,0.6,99.0,0.59,58.0,0.61,90.87,0.62,40.0,0.39,90.87,0.38,40.0,0.4,99.0,0.41,58.0,0.01,0.01,2325.327586,1776210064000
1776210065.945,65.945,0.6,34.0,0.59,5.0,0.61,115.87,0.62,86.0,0.39,90.87,0.38,40.0,0.4,99.0,0.41,58.0,0.01,0.01,2325.327586,1776210064000
1776210066.3,66.3,0.6,34.0,0.59,5.0,0.61,115.87,0.62,86.0,0.39,115.87,0.38,86.0,0.4,34.0,0.41,5.0,0.01,0.01,2325.617665,1776210065000
1776210067.163,67.163,0.6,52.0,0.59,5.0,0.61,95.87,0.62,96.0,0.39,115.87,0.38,86.0,0.4,34.0,0.41,5.0,0.01,0.01,2325.617665,1776210065000
1776210067.785,67.785,0.6,52.0,0.59,5.0,0.61,95.87,0.62,96.0,0.39,95.87,0.38,96.0,0.4,52.0,0.41,5.0,0.01,0.01,2325.578801,1776210066000
1776210068.294,68.294,0.6,52.0,0.59,5.0,0.61,95.87,0.62,96.0,0.39,95.87,0.38,96.0,0.4,52.0,0.41,5.0,0.01,0.01,2325.56388,1776210067000
1776210068.498,68.498,0.56,0.21,0.55,120.0,0.61,351.37,0.62,116.0,0.39,275.37,0.38,116.0,0.4,10.0,0.43,10.0,0.05,0.01,2325.56388,1776210067000
1776210068.859,68.859,0.56,8.21,0.55,120.5,0.57,54.0,0.58,18.0,0.39,351.37,0.38,116.0,0.44,0.21,0.45,120.0,0.01,0.05,2325.56388,1776210067000
1776210069.227,69.227,0.6,5.0,0.59,76.5,0.61,52.46,0.62,59.0,0.43,54.0,0.42,18.0,0.44,8.21,0.45,120.5,0.01,0.01,2325.557765,1776210068000
1776210069.518,69.518,0.6,124.5,0.59,81.5,0.61,19.57,0.62,69.0,0.39,30.57,0.38,69.0,0.4,119.5,0.41,81.5,0.01,0.01,2325.557765,1776210068000
1776210069.957,69.957,0.6,134.5,0.59,81.5,0.61,9.57,0.62,50.0,0.39,19.57,0.38,69.0,0.4,124.5,0.41,81.5,0.01,0.01,2325.557765,1776210068000
1776210070.728,70.728,0.6,124.5,0.59,81.5,0.61,4.57,0.62,60.0,0.39,9.57,0.38,50.0,0.4,134.5,0.41,81.5,0.01,0.01,2325.516892,1776210069000
1776210071.114,71.114,0.6,124.5,0.59,81.5,0.61,2.93,0.62,65.0,0.39,4.57,0.38,60.0,0.4,124.5,0.41,81.5,0.01,0.01,2325.516892,1776210069000
1776210071.532,71.532,0.6,124.5,0.59,81.5,0.61,2.93,0.62,65.0,0.39,2.93,0.38,65.0,0.4,124.5,0.41,81.5,0.01,0.01,2325.560883,1776210070000
1776210071.891,71.891,0.6,43.0,0.59,54.5,0.61,19.09,0.62,83.0,0.39,0.73,0.38,65.0,0.4,109.5,0.41,91.5,0.01,0.01,2325.560883,1776210070000
1776210072.953,72.953,0.61,84.0,0.6,105.5,0.62,75.0,0.63,60.0,0.39,19.09,0.38,83.0,0.4,43.0,0.41,54.5,0.01,0.01,2325.65559,1776210071000
1776210073.308,73.308,0.61,84.0,0.6,105.5,0.62,75.0,0.63,60.0,0.38,75.0,0.37,60.0,0.39,84.0,0.4,105.5,0.01,0.01,2325.68874,1776210072000
1776210074.637,74.637,0.61,43.0,0.6,54.5,0.62,55.0,0.63,70.0,0.38,75.0,0.37,60.0,0.39,84.0,0.4,105.5,0.01,0.01,2325.68874,1776210072000
1776210075.226,75.226,0.61,43.0,0.6,54.5,0.62,55.0,0.63,70.0,0.38,55.0,0.37,70.0,0.39,43.0,0.4,54.5,0.01,0.01,2325.723465,1776210074000
1776210075.677,75.677,0.61,18.0,0.6,19.0,0.62,101.5,0.63,74.0,0.38,55.0,0.37,70.0,0.39,43.0,0.4,54.5,0.01,0.01,2325.723465,1776210074000
1776210076.023,76.023,0.59,8.43,0.58,20.0,0.6,45.0,0.61,55.5,0.38,101.5,0.37,74.0,0.39,18.0,0.4,19.0,0.01,0.01,2325.723465,1776210074000
1776210076.312,76.312,0.58,20.0,0.57,29.26,0.6,45.0,0.61,45.0,0.4,45.0,0.39,55.5,0.41,8.43,0.42,20.0,0.02,0.01,2325.723465,1776210074000
1776210077.027,77.027,0.59,15.0,0.58,25.0,0.6,34.66,0.61,45.0,0.4,34.66,0.39,45.0,0.41,15.0,0.42,25.0,0.01,0.01,2325.72086,1776210076000
1776210077.816,77.816,0.59,53.26,0.58,35.0,0.6,51.0,0.61,74.0,0.4,34.66,0.39,45.0,0.41,15.0,0.42,25.0,0.01,0.01,2325.72086,1776210076000
1776210078.046,78.046,0.59,53.26,0.58,35.0,0.6,51.0,0.61,74.0,0.4,51.0,0.39,74.0,0.41,53.26,0.42,35.0,0.01,0.01,2325.514415,1776210077000
1776210078.782,78.782,0.58,93.0,0.57,34.76,0.59,23.83,0.6,38.0,0.4,51.0,0.39,64.0,0.42,10.0,0.43,29.76,0.01,0.02,2325.514415,1776210077000
1776210079.202,79.202,0.58,93.0,0.57,34.76,0.59,23.83,0.6,38.0,0.41,23.83,0.4,38.0,0.42,93.0,0.43,34.76,0.01,0.01,2325.52386,1776210078000
1776210079.404,79.404,0.58,40.61,0.57,19.26,0.59,23.83,0.6,48.0,0.41,23.83,0.4,38.0,0.42,93.0,0.43,34.76,0.01,0.01,2325.52386,1776210078000
1776210080.347,80.347,0.58,40.61,0.57,19.26,0.59,23.83,0.6,48.0,0.41,23.83,0.4,48.0,0.42,40.61,0.43,19.26,0.01,0.01,2325.521705,1776210079000
1776210080.891,80.891,0.58,24.0,0.57,19.26,0.59,33.83,0.6,38.0,0.41,33.83,0.4,38.0,0.42,24.0,0.43,19.26,0.01,0.01,2325.50871,1776210080000
1776210081.758,81.758,0.58,9.0,0.57,14.26,0.59,44.0,0.6,43.0,0.41,54.0,0.4,43.0,0.42,9.0,0.43,14.26,0.01,0.01,2325.50871,1776210080000
1776210082.01,82.01,0.57,14.26,0.56,35.0,0.58,68.93,0.59,49.0,0.41,44.0,0.4,43.0,0.42,9.0,0.43,14.26,0.01,0.01,2325.50871,1776210080000
1776210082.485,82.485,0.57,3.21,0.56,35.0,0.58,158.93,0.59,54.5,0.42,68.93,0.41,49.0,0.43,14.26,0.44,35.0,0.01,0.01,2325.499535,1776210081000
1776210082.976,82.976,0.57,3.21,0.56,35.0,0.58,158.84,0.59,54.5,0.42,153.84,0.41,54.5,0.43,3.21,0.44,35.0,0.01,0.01,2325.499535,1776210081000
1776210083.229,83.229,0.57,3.21,0.56,35.0,0.58,158.84,0.59,54.5,0.42,158.84,0.41,54.5,0.43,3.21,0.44,35.0,0.01,0.01,2325.482892,1776210082000
1776210084.228,84.228,0.55,170.0,0.54,100.0,0.58,249.34,0.59,106.0,0.42,249.34,0.41,106.0,0.45,170.0,0.46,100.0,0.03,0.03,2325.458529,1776210083000
1776210084.82,84.82,0.55,80.0,0.54,105.0,0.56,60.0,0.57,150.5,0.42,249.34,0.41,106.0,0.45,170.0,0.46,100.0,0.01,0.03,2325.458529,1776210083000
1776210085.315,85.315,0.55,80.0,0.54,105.0,0.56,34.0,0.57,87.5,0.44,34.0,0.43,87.5,0.45,80.0,0.46,105.0,0.01,0.01,2325.307893,1776210084000
1776210086.28,86.28,0.55,80.0,0.54,105.0,0.56,34.0,0.57,87.5,0.44,34.0,0.43,87.5,0.45,80.0,0.46,105.0,0.01,0.01,2325.257803,1776210085000
1776210086.641,86.641,0.52,80.0,0.51,174.61,0.53,126.43,0.54,72.0,0.44,34.0,0.43,87.5,0.45,80.0,0.46,105.0,0.01,0.01,2325.257803,1776210085000
1776210087.047,87.047,0.52,95.0,0.51,179.61,0.54,35.0,0.55,25.0,0.47,126.43,0.46,72.0,0.48,80.0,0.49,174.61,0.02,0.01,2325.257803,1776210085000
1776210087.386,87.386,0.52,95.0,0.51,179.61,0.54,35.0,0.55,25.0,0.46,35.0,0.45,25.0,0.48,95.0,0.49,179.61,0.02,0.02,2325.251194,1776210086000
1776210087.662,87.662,0.52,110.0,0.51,190.11,0.53,8.11,0.54,35.0,0.46,35.0,0.45,25.0,0.48,95.0,0.49,179.61,0.01,0.02,2325.251194,1776210086000
1776210088.385,88.385,0.52,110.0,0.51,190.11,0.53,8.11,0.54,35.0,0.47,8.11,0.46,35.0,0.48,110.0,0.49,190.11,0.01,0.01,2325.007409,1776210087000
1776210088.902,88.902,0.52,110.0,0.51,190.11,0.53,8.11,0.54,35.0,0.47,8.11,0.46,35.0,0.48,110.0,0.49,190.11,0.01,0.01,2325.011682,1776210088000
1776210089.836,89.836,0.52,110.0,0.51,190.11,0.53,8.11,0.54,35.0,0.47,8.11,0.46,35.0,0.48,110.0,0.49,190.11,0.01,0.01,2325.09036,1776210089000
1776210090.879,90.879,0.52,110.0,0.51,190.11,0.53,8.11,0.54,35.0,0.47,8.11,0.46,35.0,0.48,110.0,0.49,190.11,0.01,0.01,2325.111155,1776210090000
1776210091.485,91.485,0.57,22.5,0.56,10.0,0.58,71.25,0.6,10.0,0.42,66.25,0.4,10.0,0.43,20.5,0.44,10.0,0.01,0.01,2325.111155,1776210090000
1776210091.877,91.877,0.57,12.5,0.56,25.0,0.58,40.18,0.6,15.0,0.42,50.18,0.4,10.0,0.43,12.5,0.44,20.0,0.01,0.01,2325.111155,1776210090000
1776210092.34,92.34,0.57,12.5,0.56,25.0,0.58,40.18,0.6,15.0,0.42,40.18,0.4,15.0,0.43,12.5,0.44,25.0,0.01,0.01,2325.11877,1776210091000
1776210092.833,92.833,0.52,20.86,0.51,185.11,0.55,30.0,0.56,35.0,0.45,30.0,0.44,35.0,0.48,20.86,0.49,185.11,0.03,0.03,2325.18979,1776210092000
1776210093.045,93.045,0.53,15.5,0.52,30.86,0.54,16.25,0.55,55.0,0.46,18.11,0.45,55.0,0.47,20.5,0.48,30.86,0.01,0.01,2325.18979,1776210092000
1776210093.817,93.817,0.53,15.5,0.52,35.86,0.54,14.1,0.55,55.0,0.46,16.25,0.45,55.0,0.47,15.5,0.48,30.86,0.01,0.01,2325.18979,1776210092000
1776210094.953,94.953,0.53,15.5,0.52,35.86,0.54,14.1,0.55,55.0,0.46,14.1,0.45,55.0,0.47,15.5,0.48,35.86,0.01,0.01,2325.296995,1776210094000
1776210095.865,95.865,0.53,15.5,0.52,35.86,0.54,14.1,0.55,55.0,0.46,14.1,0.45,55.0,0.47,15.5,0.48,35.86,0.01,0.01,2325.258145,1776210095000
1776210096.865,96.865,0.53,15.5,0.52,35.86,0.54,14.1,0.55,55.0,0.46,14.1,0.45,55.0,0.47,15.5,0.48,35.86,0.01,0.01,2325.220493,1776210096000
1776210097.623,97.623,0.56,5.0,0.55,42.0,0.57,20.0,0.58,10.62,0.46,14.1,0.45,55.0,0.47,15.5,0.48,35.86,0.01,0.01,2325.220493,1776210096000
1776210098.377,98.377,0.56,47.5,0.55,42.5,0.57,13.89,0.58,10.62,0.43,13.89,0.42,10.62,0.44,47.5,0.45,42.5,0.01,0.01,2325.223517,1776210097000
1776210098.911,98.911,0.56,47.5,0.55,42.5,0.57,13.89,0.58,10.62,0.43,13.89,0.42,10.62,0.44,47.5,0.45,42.5,0.01,0.01,2325.238927,1776210098000
1776210099.851,99.851,0.56,67.5,0.55,47.5,0.57,12.13,0.58,15.62,0.43,12.13,0.42,15.62,0.44,67.5,0.45,47.5,0.01,0.01,2325.386675,1776210099000
1776210100.217,100.217,0.56,57.5,0.55,52.5,0.57,10.34,0.58,25.62,0.43,12.13,0.42,15.62,0.44,67.5,0.45,47.5,0.01,0.01,2325.386675,1776210099000
1776210101.016,101.016,0.56,57.5,0.55,52.5,0.57,10.34,0.58,25.62,0.43,10.34,0.42,25.62,0.44,57.5,0.45,52.5,0.01,0.01,2325.40019,1776210100000
1776210102.022,102.022,0.51,28.8,0.5,56.0,0.52,20.0,0.53,20.0,0.48,20.0,0.47,20.0,0.49,28.8,0.5,56.0,0.01,0.01,2325.41529,1776210101000
1776210102.431,102.431,0.51,52.67,0.5,76.0,0.52,20.0,0.53,20.0,0.48,20.0,0.47,20.0,0.49,28.8,0.5,56.0,0.01,0.01,2325.41529,1776210101000
1776210103.052,103.052,0.51,52.67,0.5,76.0,0.52,20.0,0.53,20.0,0.48,20.0,0.47,20.0,0.49,52.67,0.5,76.0,0.01,0.01,2325.337839,1776210102000
1776210103.713,103.713,0.51,52.67,0.5,76.0,0.52,18.03,0.53,20.0,0.48,20.0,0.47,20.0,0.49,52.67,0.5,76.0,0.01,0.01,2325.337839,1776210102000
1776210104.072,104.072,0.51,62.67,0.5,76.0,0.52,18.03,0.53,20.0,0.48,18.03,0.47,20.0,0.49,52.67,0.5,76.0,0.01,0.01,2325.337839,1776210102000
1776210105.153,105.153,0.51,62.67,0.5,76.0,0.52,18.03,0.53,20.0,0.48,18.03,0.47,20.0,0.49,62.67,0.5,76.0,0.01,0.01,2325.287313,1776210104000
1776210105.699,105.699,0.51,19.59,0.5,96.5,0.52,18.03,0.53,30.5,0.48,18.03,0.47,20.0,0.49,62.67,0.5,76.0,0.01,0.01,2325.287313,1776210104000
1776210106.18,106.18,0.51,19.59,0.5,96.5,0.52,18.03,0.53,30.5,0.48,18.03,0.47,30.5,0.49,19.59,0.5,96.5,0.01,0.01,2325.228026,1776210105000
1776210106.387,106.387,0.51,151.09,0.5,67.49,0.57,33.32,0.58,78.62,0.48,18.03,0.47,30.5,0.49,19.59,0.5,96.5,0.06,0.01,2325.228026,1776210105000
1776210106.597,106.597,0.56,84.5,0.55,30.5,0.57,44.79,0.58,89.12,0.43,33.32,0.42,78.62,0.49,151.09,0.5,67.49,0.01,0.06,2325.228026,1776210105000
1776210107.082,107.082,0.56,84.5,0.55,30.5,0.57,44.79,0.58,89.12,0.43,44.79,0.42,89.12,0.44,84.5,0.45,30.5,0.01,0.01,2325.228718,1776210106000
1776210108.125,108.125,0.56,109.5,0.55,35.5,0.57,18.21,0.58,35.62,0.43,44.79,0.42,89.12,0.44,84.5,0.45,30.5,0.01,0.01,2325.228718,1776210106000
1776210108.392,108.392,0.57,57.98,0.56,99.5,0.58,25.62,0.59,10.0,0.43,18.21,0.42,35.62,0.44,109.5,0.45,35.5,0.01,0.01,2325.192054,1776210107000
1776210109.189,109.189,0.57,57.98,0.56,99.5,0.58,25.62,0.59,10.0,0.42,25.62,0.41,10.0,0.43,57.98,0.44,99.5,0.01,0.01,2325.295875,1776210108000
1776210109.978,109.978,0.57,111.5,0.56,67.5,0.58,18.86,0.59,19.0,0.42,25.62,0.41,10.0,0.43,57.98,0.44,99.5,0.01,0.01,2325.295875,1776210108000
1776210110.307,110.307,0.57,111.5,0.56,67.5,0.58,18.86,0.59,19.0,0.42,18.86,0.41,19.0,0.43,111.5,0.44,67.5,0.01,0.01,2325.36913,1776210109000
1776210111.163,111.163,0.57,74.5,0.56,67.5,0.59,20.0,0.6,80.5,0.42,18.86,0.41,19.0,0.43,111.5,0.44,67.5,0.02,0.01,2325.36913,1776210109000
1776210111.874,111.874,0.57,74.5,0.56,67.5,0.59,20.0,0.6,80.5,0.41,20.0,0.4,80.5,0.43,74.5,0.44,67.5,0.02,0.02,2325.467905,1776210110000
1776210112.166,112.166,0.54,20.0,0.52,10.5,0.58,167.5,0.59,55.5,0.41,20.0,0.4,80.5,0.43,74.5,0.44,67.5,0.04,0.02,2325.467905,1776210110000
1776210112.884,112.884,0.51,53.43,0.5,31.0,0.52,3.03,0.53,30.0,0.45,10.0,0.42,167.5,0.49,8.43,0.5,11.0,0.01,0.04,2325.49789,1776210111000
1776210113.424,113.424,0.51,53.43,0.5,31.0,0.52,3.03,0.53,30.0,0.48,3.03,0.47,30.0,0.49,53.43,0.5,31.0,0.01,0.01,2325.47931,1776210112000
1776210114.092,114.092,0.51,58.43,0.5,26.0,0.52,0.53,0.53,30.0,0.48,0.53,0.47,30.0,0.49,58.43,0.5,26.0,0.01,0.01,2325.35137,1776210113000
1776210115.253,115.253,0.51,48.43,0.5,26.0,0.54,24.71,0.55,45.5,0.46,24.71,0.45,45.5,0.49,48.43,0.5,26.0,0.03,0.03,2325.255477,1776210114000
1776210116.629,116.629,0.51,48.43,0.5,26.0,0.54,24.71,0.55,45.5,0.46,24.71,0.45,45.5,0.49,48.43,0.5,26.0,0.03,0.03,2325.256594,1776210115000
1776210117.233,117.233,0.51,48.43,0.5,26.0,0.54,24.71,0.55,45.5,0.46,24.71,0.45,45.5,0.49,48.43,0.5,26.0,0.03,0.03,2325.259467,1776210116000
1776210118.395,118.395,0.51,48.43,0.5,26.0,0.54,24.71,0.55,45.5,0.46,24.71,0.45,45.5,0.49,48.43,0.5,26.0,0.03,0.03,2325.251411,1776210117000
1776210119.054,119.054,0.51,48.43,0.5,26.0,0.54,24.71,0.55,45.5,0.46,24.71,0.45,45.5,0.49,48.43,0.5,26.0,0.03,0.03,2325.250893,1776210118000
1776210119.771,119.771,0.53,90.5,0.52,75.49,0.54,12.82,0.55,45.5,0.46,24.71,0.45,45.5,0.49,48.43,0.5,26.0,0.01,0.03,2325.250893,1776210118000
1776210120.237,120.237,0.53,90.5,0.52,75.49,0.54,12.82,0.55,45.5,0.46,12.82,0.45,45.5,0.47,90.5,0.48,75.49,0.01,0.01,2325.252064,1776210119000
1776210120.91,120.91,0.52,21.0,0.51,55.42,0.54,47.05,0.55,45.5,0.46,12.82,0.45,45.5,0.47,90.5,0.48,75.49,0.02,0.01,2325.252064,1776210119000
1776210121.321,121.321,0.52,21.0,0.51,55.42,0.54,47.05,0.55,45.5,0.46,47.05,0.45,45.5,0.48,21.0,0.49,55.42,0.02,0.02,2325.258429,1776210120000
1776210121.879,121.879,0.52,7.54,0.51,70.42,0.53,20.0,0.54,30.5,0.46,47.05,0.45,45.5,0.48,21.0,0.49,55.42,0.01,0.02,2325.258429,1776210120000
1776210122.452,122.452,0.52,6.91,0.51,75.42,0.53,30.0,0.54,30.5,0.47,30.0,0.46,30.5,0.48,6.91,0.49,75.42,0.01,0.01,2325.260409,1776210121000
1776210123.019,123.019,0.52,6.91,0.51,75.42,0.53,30.0,0.54,30.5,0.47,30.0,0.46,30.5,0.48,6.91,0.49,75.42,0.01,0.01,2325.25875,1776210122000
1776210123.758,123.758,0.52,38.41,0.51,62.42,0.53,16.91,0.54,40.5,0.47,30.0,0.46,30.5,0.48,6.91,0.49,75.42,0.01,0.01,2325.25875,1776210122000
1776210124.216,124.216,0.52,38.41,0.51,62.42,0.53,16.91,0.54,40.5,0.47,16.91,0.46,40.5,0.48,38.41,0.49,62.42,0.01,0.01,2325.249258,1776210123000
1776210125.271,125.271,0.52,38.41,0.51,62.42,0.53,16.91,0.54,40.5,0.47,16.91,0.46,40.5,0.48,38.41,0.49,62.42,0.01,0.01,2325.256936,1776210124000
1776210125.906,125.906,0.52,53.41,0.51,77.42,0.53,3.88,0.54,15.0,0.47,13.88,0.46,15.0,0.48,53.41,0.49,47.43,0.01,0.01,2325.256936,1776210124000
1776210126.758,126.758,0.52,53.41,0.51,77.42,0.53,3.88,0.54,15.0,0.47,3.88,0.46,15.0,0.48,53.41,0.49,77.42,0.01,0.01,2325.272652,1776210125000
1776210127.417,127.417,0.52,123.41,0.51,77.42,0.54,13.42,0.55,30.5,0.46,13.42,0.45,30.5,0.48,123.41,0.49,77.42,0.02,0.02,2325.273912,1776210126000
1776210128.027,128.027,0.52,123.41,0.51,77.42,0.54,13.42,0.55,30.5,0.46,13.42,0.45,30.5,0.48,123.41,0.49,77.42,0.02,0.02,2325.273337,1776210127000
1776210129.237,129.237,0.52,123.41,0.51,77.42,0.54,13.42,0.55,30.5,0.46,13.42,0.45,30.5,0.48,123.41,0.49,77.42,0.02,0.02,2325.27896,1776210128000
1776210129.472,129.472,0.54,91.0,0.53,49.5,0.55,29.21,0.56,15.5,0.46,13.42,0.45,30.5,0.48,123.41,0.49,77.42,0.01,0.02,2325.27896,1776210128000
1776210130.35,130.35,0.54,91.0,0.53,49.5,0.55,29.21,0.56,15.5,0.45,29.21,0.44,15.5,0.46,91.0,0.47,49.5,0.01,0.01,2325.28358,1776210129000
1776210130.913,130.913,0.54,91.0,0.53,49.5,0.55,29.21,0.56,15.5,0.45,29.21,0.44,15.5,0.46,91.0,0.47,49.5,0.01,0.01,2325.2845,1776210130000
1776210131.446,131.446,0.51,37.77,0.5,51.67,0.53,40.5,0.54,40.5,0.45,40.5,0.44,35.5,0.47,23.0,0.48,68.49,0.02,0.02,2325.2845,1776210130000
1776210131.814,131.814,0.54,34.97,0.53,36.5,0.55,10.0,0.56,10.5,0.47,40.5,0.46,40.5,0.49,37.77,0.5,51.67,0.01,0.02,2325.2845,1776210130000
1776210132.127,132.127,0.53,32.34,0.52,43.5,0.55,10.0,0.56,10.5,0.45,10.0,0.44,10.5,0.47,32.34,0.48,43.5,0.02,0.02,2325.31786,1776210131000
1776210132.469,132.469,0.54,15.64,0.53,53.79,0.55,10.0,0.56,10.0,0.45,10.0,0.44,10.0,0.46,7.82,0.47,47.79,0.01,0.01,2325.31786,1776210131000
1776210132.754,132.754,0.54,7.82,0.53,53.79,0.57,20.21,0.58,60.5,0.45,10.0,0.44,10.0,0.46,17.32,0.47,53.79,0.03,0.01,2325.31786,1776210131000
1776210133.195,133.195,0.54,7.82,0.53,53.79,0.57,20.21,0.58,60.5,0.43,20.21,0.42,60.5,0.46,7.82,0.47,53.79,0.03,0.03,2325.28486,1776210132000
1776210134.111,134.111,0.55,44.48,0.53,48.29,0.56,45.5,0.57,30.21,0.43,20.21,0.42,60.5,0.46,7.82,0.47,53.79,0.01,0.03,2325.28486,1776210132000
1776210134.342,134.342,0.55,44.48,0.53,48.29,0.56,45.5,0.57,30.21,0.44,45.5,0.43,30.21,0.45,44.48,0.47,48.29,0.01,0.01,2325.296505,1776210133000
1776210134.91,134.91,0.53,11.0,0.52,20.0,0.56,74.5,0.57,30.21,0.44,74.5,0.43,30.21,0.47,11.0,0.48,20.0,0.03,0.03,2325.296875,1776210134000
1776210135.979,135.979,0.53,58.87,0.52,40.5,0.54,54.0,0.55,30.5,0.46,54.0,0.45,30.5,0.47,58.87,0.48,40.5,0.01,0.01,2325.321115,1776210135000
1776210137.11,137.11,0.53,58.87,0.52,40.5,0.54,54.0,0.55,30.5,0.46,54.0,0.45,30.5,0.47,58.87,0.48,40.5,0.01,0.01,2325.29294,1776210136000
1776210138.148,138.148,0.53,58.87,0.52,40.5,0.54,54.0,0.55,30.5,0.46,54.0,0.45,30.5,0.47,58.87,0.48,40.5,0.01,0.01,2325.29247,1776210137000
1776210139.181,139.181,0.53,6.1,0.52,15.0,0.54,30.0,0.55,45.5,0.46,54.0,0.45,30.5,0.47,58.87,0.48,40.5,0.01,0.01,2325.29247,1776210137000
1776210140.361,140.361,0.53,6.1,0.52,15.0,0.54,30.0,0.55,45.5,0.46,30.0,0.45,45.5,0.47,6.1,0.48,15.0,0.01,0.01,2325.269094,1776210139000
1776210141.311,141.311,0.53,6.1,0.52,15.0,0.54,30.0,0.55,45.5,0.46,30.0,0.45,45.5,0.47,6.1,0.48,15.0,0.01,0.01,2325.269756,1776210140000
1776210141.522,141.522,0.52,21.0,0.51,96.44,0.53,47.11,0.54,40.5,0.46,30.0,0.45,45.5,0.47,6.1,0.48,15.0,0.01,0.01,2325.269756,1776210140000
1776210141.851,141.851,0.52,21.0,0.51,96.44,0.53,47.11,0.54,40.5,0.47,47.11,0.46,40.5,0.48,21.0,0.49,96.44,0.01,0.01,2325.267788,1776210141000
1776210142.565,142.565,0.52,26.0,0.51,106.44,0.53,71.73,0.54,45.5,0.47,47.11,0.46,40.5,0.48,21.0,0.49,96.44,0.01,0.01,2325.267788,1776210141000
1776210142.846,142.846,0.52,26.0,0.51,106.44,0.53,71.73,0.54,45.5,0.47,71.73,0.46,45.5,0.48,26.0,0.49,106.44,0.01,0.01,2325.263649,1776210142000
1776210143.913,143.913,0.52,26.0,0.51,106.44,0.53,71.73,0.54,45.5,0.47,71.73,0.46,45.5,0.48,26.0,0.49,106.44,0.01,0.01,2325.264429,1776210143000
1776210144.909,144.909,0.52,26.0,0.51,106.44,0.53,71.73,0.54,45.5,0.47,71.73,0.46,45.5,0.48,26.0,0.49,106.44,0.01,0.01,2325.263821,1776210144000
1776210145.944,145.944,0.52,26.0,0.51,106.44,0.53,71.73,0.54,45.5,0.47,71.73,0.46,45.5,0.48,26.0,0.49,106.44,0.01,0.01,2325.26282,1776210145000
1776210146.338,146.338,0.52,16.0,0.51,106.44,0.53,64.61,0.54,45.5,0.47,71.73,0.46,45.5,0.48,26.0,0.49,106.44,0.01,0.01,2325.26282,1776210145000
1776210146.944,146.944,0.52,16.0,0.51,106.44,0.53,64.61,0.54,45.5,0.47,64.61,0.46,45.5,0.48,16.0,0.49,106.44,0.01,0.01,2325.256495,1776210146000
1776210147.995,147.995,0.52,16.0,0.51,106.44,0.53,64.61,0.54,45.5,0.47,64.61,0.46,45.5,0.48,16.0,0.49,106.44,0.01,0.01,2325.254605,1776210147000
1776210149.049,149.049,0.52,16.0,0.51,106.44,0.53,64.61,0.54,45.5,0.47,64.61,0.46,45.5,0.48,16.0,0.49,106.44,0.01,0.01,2325.251445,1776210148000
1776210149.992,149.992,0.52,16.0,0.51,106.44,0.53,64.61,0.54,45.5,0.47,64.61,0.46,45.5,0.48,16.0,0.49,106.44,0.01,0.01,2325.26548,1776210149000
1776210151.046,151.046,0.52,16.0,0.51,106.44,0.53,64.61,0.54,45.5,0.47,64.61,0.46,45.5,0.48,16.0,0.49,106.44,0.01,0.01,2325.27759,1776210150000
1776210151.349,151.349,0.54,91.0,0.53,55.5,0.56,36.19,0.57,41.21,0.47,64.61,0.46,45.5,0.48,16.0,0.49,106.44,0.02,0.01,2325.27759,1776210150000
1776210152.055,152.055,0.54,91.0,0.53,55.5,0.56,36.19,0.57,41.21,0.44,36.19,0.43,41.21,0.46,91.0,0.47,55.5,0.02,0.02,2325.27759,1776210151000
1776210153.066,153.066,0.54,91.0,0.53,55.5,0.56,36.19,0.57,41.21,0.44,36.19,0.43,41.21,0.46,91.0,0.47,55.5,0.02,0.02,2325.28305,1776210152000
1776210154.34,154.34,0.53,142.19,0.52,48.5,0.54,10.0,0.55,15.0,0.44,36.19,0.43,41.21,0.46,91.0,0.47,55.5,0.01,0.02,2325.28305,1776210152000
1776210154.937,154.937,0.53,142.19,0.52,48.5,0.54,10.0,0.55,15.0,0.46,10.0,0.45,15.0,0.47,142.19,0.48,48.5,0.01,0.01,2325.343115,1776210154000
1776210155.979,155.979,0.53,142.19,0.52,48.5,0.54,10.0,0.55,15.0,0.46,10.0,0.45,15.0,0.47,142.19,0.48,48.5,0.01,0.01,2325.335605,1776210155000
1776210157.009,157.009,0.53,142.19,0.52,48.5,0.54,10.0,0.55,15.0,0.46,10.0,0.45,15.0,0.47,142.19,0.48,48.5,0.01,0.01,2325.351418,1776210156000
1776210157.323,157.323,0.53,147.99,0.52,48.5,0.55,22.22,0.56,24.19,0.46,10.0,0.45,15.0,0.47,142.19,0.48,48.5,0.02,0.01,2325.351418,1776210156000
1776210158.105,158.105,0.53,147.99,0.52,48.5,0.55,22.22,0.56,24.19,0.45,22.22,0.44,24.19,0.47,147.99,0.48,48.5,0.02,0.02,2325.353605,1776210157000
1776210158.999,158.999,0.53,147.99,0.52,48.5,0.55,22.22,0.56,24.19,0.45,22.22,0.44,24.19,0.47,147.99,0.48,48.5,0.02,0.02,2325.35473,1776210158000
1776210160.028,160.028,0.53,147.99,0.52,48.5,0.55,22.22,0.56,24.19,0.45,22.22,0.44,24.19,0.47,147.99,0.48,48.5,0.02,0.02,2325.360581,1776210159000
1776210161.068,161.068,0.53,147.99,0.52,48.5,0.55,22.22,0.56,24.19,0.45,22.22,0.44,24.19,0.47,147.99,0.48,48.5,0.02,0.02,2325.36693,1776210160000
1776210161.353,161.353,0.51,36.53,0.5,64.67,0.54,64.5,0.55,45.5,0.45,22.22,0.44,24.19,0.47,147.99,0.48,48.5,0.03,0.02,2325.36693,1776210160000
1776210162.014,162.014,0.51,36.53,0.5,64.67,0.54,64.5,0.55,45.5,0.46,64.5,0.45,45.5,0.49,36.53,0.5,64.67,0.03,0.03,2325.369966,1776210161000
1776210162.994,162.994,0.51,36.53,0.5,64.67,0.54,64.5,0.55,45.5,0.46,64.5,0.45,45.5,0.49,36.53,0.5,64.67,0.03,0.03,2325.346639,1776210162000
1776210164.062,164.062,0.51,36.53,0.5,64.67,0.54,64.5,0.55,45.5,0.46,64.5,0.45,45.5,0.49,36.53,0.5,64.67,0.03,0.03,2325.296156,1776210163000
1776210164.991,164.991,0.51,36.53,0.5,64.67,0.54,64.5,0.55,45.5,0.46,64.5,0.45,45.5,0.49,36.53,0.5,64.67,0.03,0.03,2325.299404,1776210164000
1776210165.748,165.748,0.51,113.02,0.5,72.32,0.54,15.0,0.55,35.5,0.46,64.5,0.45,45.5,0.49,36.53,0.5,64.67,0.03,0.03,2325.299404,1776210164000
1776210166.991,166.991,0.52,5.0,0.51,60.52,0.53,42.61,0.54,35.5,0.46,15.0,0.45,35.5,0.49,113.02,0.5,72.32,0.01,0.03,2325.29444,1776210165000
1776210167.356,167.356,0.52,5.0,0.51,60.52,0.53,42.61,0.54,35.5,0.47,42.61,0.46,35.5,0.48,5.0,0.49,60.52,0.01,0.01,2325.298584,1776210166000
1776210167.986,167.986,0.52,5.0,0.51,60.52,0.53,42.61,0.54,35.5,0.47,42.61,0.46,35.5,0.48,5.0,0.49,60.52,0.01,0.01,2325.313112,1776210167000
1776210169.157,169.157,0.52,5.0,0.51,60.52,0.53,42.61,0.54,35.5,0.47,42.61,0.46,35.5,0.48,5.0,0.49,60.52,0.01,0.01,2325.304538,1776210168000
1776210170.327,170.327,0.52,5.0,0.51,60.52,0.53,42.61,0.54,35.5,0.47,42.61,0.46,35.5,0.48,5.0,0.49,60.52,0.01,0.01,2325.302277,1776210169000
1776210170.821,170.821,0.51,96.52,0.5,52.32,0.52,6.0,0.53,48.61,0.48,20.53,0.47,48.61,0.49,86.52,0.5,52.32,0.01,0.01,2325.302277,1776210169000
1776210171.33,171.33,0.53,101.99,0.52,43.0,0.55,20.5,0.56,50.5,0.48,6.0,0.47,48.61,0.49,96.52,0.5,52.32,0.02,0.01,2325.303012,1776210170000
1776210171.931,171.931,0.54,35.0,0.53,68.17,0.56,5.43,0.57,45.0,0.44,5.43,0.43,45.0,0.46,35.0,0.47,68.17,0.02,0.02,2325.312607,1776210171000
1776210172.992,172.992,0.54,35.0,0.53,68.17,0.56,5.43,0.57,45.0,0.44,5.43,0.43,45.0,0.46,35.0,0.47,68.17,0.02,0.02,2325.310002,1776210172000
1776210174.17,174.17,0.54,35.0,0.53,68.17,0.56,5.43,0.57,45.0,0.44,5.43,0.43,45.0,0.46,35.0,0.47,68.17,0.02,0.02,2325.338417,1776210173000
1776210175.288,175.288,0.54,35.0,0.53,68.17,0.56,5.43,0.57,45.0,0.44,5.43,0.43,45.0,0.46,35.0,0.47,68.17,0.02,0.02,2325.336445,1776210174000
1776210175.874,175.874,0.54,35.0,0.53,68.17,0.56,5.43,0.57,45.0,0.44,5.43,0.43,45.0,0.46,35.0,0.47,68.17,0.02,0.02,2325.337376,1776210175000
1776210176.909,176.909,0.54,35.0,0.53,68.17,0.56,5.43,0.57,45.0,0.44,5.43,0.43,45.0,0.46,35.0,0.47,68.17,0.02,0.02,2325.33439,1776210176000
1776210178.016,178.016,0.54,35.0,0.53,68.17,0.56,5.43,0.57,45.0,0.44,5.43,0.43,45.0,0.46,35.0,0.47,68.17,0.02,0.02,2325.338456,1776210177000
1776210179.075,179.075,0.54,35.0,0.53,68.17,0.56,5.43,0.57,45.0,0.44,5.43,0.43,45.0,0.46,35.0,0.47,68.17,0.02,0.02,2325.337873,1776210178000
1776210180.107,180.107,0.54,35.0,0.53,68.17,0.56,5.43,0.57,45.0,0.44,5.43,0.43,45.0,0.46,35.0,0.47,68.17,0.02,0.02,2325.337619,1776210179000
1776210181.186,181.186,0.56,53.72,0.55,37.0,0.57,25.5,0.58,105.0,0.44,5.43,0.43,45.0,0.46,35.0,0.47,68.17,0.01,0.02,2325.337619,1776210179000
1776210181.739,181.739,0.56,53.72,0.55,37.0,0.57,25.5,0.58,105.0,0.43,25.5,0.42,105.0,0.44,53.72,0.45,37.0,0.01,0.01,2325.332316,1776210180000
1776210182.364,182.364,0.56,53.72,0.55,37.0,0.57,25.5,0.58,105.0,0.43,25.5,0.42,105.0,0.44,53.72,0.45,37.0,0.01,0.01,2325.349565,1776210181000
1776210183.646,183.646,0.56,53.72,0.55,62.5,0.57,19.5,0.58,95.0,0.43,19.5,0.42,95.0,0.44,53.72,0.45,62.5,0.01,0.01,2325.349565,1776210182000
1776210184.196,184.196,0.59,52.0,0.58,52.0,0.6,20.5,0.61,210.0,0.43,19.5,0.42,95.0,0.44,53.72,0.45,62.5,0.01,0.01,2325.349565,1776210182000
1776210184.576,184.576,0.6,46.47,0.59,29.0,0.61,231.68,0.62,135.0,0.39,211.18,0.38,140.0,0.41,52.0,0.42,73.17,0.01,0.02,2325.358085,1776210183000
1776210185.245,185.245,0.6,20.84,0.59,29.0,0.61,231.68,0.62,135.0,0.39,231.68,0.38,135.0,0.4,31.09,0.41,29.0,0.01,0.01,2325.358085,1776210183000
1776210185.924,185.924,0.6,94.59,0.59,44.5,0.61,226.68,0.62,135.0,0.39,231.68,0.38,135.0,0.4,20.84,0.41,29.0,0.01,0.01,2325.363155,1776210184000
1776210187.664,187.664,0.6,94.59,0.59,44.5,0.61,226.68,0.62,135.0,0.39,226.68,0.38,135.0,0.4,94.59,0.41,44.5,0.01,0.01,2325.409065,1776210186000
1776210188.458,188.458,0.6,94.59,0.59,44.5,0.61,226.68,0.62,135.0,0.39,226.68,0.38,135.0,0.4,94.59,0.41,44.5,0.01,0.01,2325.429373,1776210187000
1776210188.673,188.673,0.61,100.5,0.6,97.0,0.64,15.36,0.65,30.0,0.37,89.91,0.36,28.14,0.39,90.5,0.4,253.17,0.03,0.02,2325.429373,1776210187000
1776210189.085,189.085,0.67,7.46,0.66,60.5,0.69,25.0,0.7,100.0,0.31,25.0,0.3,100.0,0.33,7.46,0.34,60.5,0.02,0.02,2325.71791,1776210188000
1776210189.378,189.378,0.71,59.17,0.7,241.0,0.72,195.0,0.73,10.0,0.31,25.0,0.3,100.0,0.33,7.46,0.34,60.5,0.01,0.02,2325.71791,1776210188000
1776210189.658,189.658,0.71,210.17,0.7,217.0,0.72,171.09,0.73,10.0,0.28,170.51,0.27,10.0,0.29,200.17,0.3,217.0,0.01,0.01,2325.71791,1776210188000
1776210190.092,190.092,0.71,184.96,0.7,217.0,0.72,77.75,0.73,10.0,0.28,157.75,0.27,10.0,0.29,198.1,0.3,217.0,0.01,0.01,2325.71791,1776210188000
1776210190.397,190.397,0.71,282.46,0.7,232.5,0.72,15.11,0.75,10.0,0.28,77.75,0.27,10.0,0.29,184.96,0.3,217.0,0.01,0.01,2325.71791,1776210188000
1776210190.667,190.667,0.71,213.17,0.7,232.5,0.76,10.0,0.77,25.0,0.28,10.04,0.25,10.0,0.29,242.87,0.3,232.5,0.05,0.01,2325.71791,1776210188000
1776210191.364,191.364,0.71,213.17,0.7,232.5,0.76,10.0,0.77,25.0,0.24,10.0,0.23,25.0,0.29,213.17,0.3,232.5,0.05,0.05,2326.527804,1776210190000
1776210191.814,191.814,0.78,29.33,0.77,76.17,0.79,45.5,0.8,115.0,0.22,85.0,0.21,35.0,0.23,79.12,0.24,15.0,0.01,0.01,2326.527804,1776210190000
1776210192.084,192.084,0.78,29.33,0.77,76.17,0.79,45.5,0.8,115.0,0.21,45.5,0.2,115.0,0.22,29.33,0.23,76.17,0.01,0.01,2326.52778,1776210191000
1776210192.353,192.353,0.78,9.81,0.77,34.0,0.79,72.5,0.8,115.0,0.21,50.5,0.2,115.0,0.22,61.69,0.23,60.5,0.01,0.01,2326.52778,1776210191000
1776210192.608,192.608,0.77,24.0,0.76,10.0,0.79,42.5,0.8,130.05,0.21,72.5,0.2,115.0,0.22,9.81,0.23,34.0,0.02,0.01,2326.52778,1776210191000
1776210193.154,193.154,0.77,42.56,0.76,25.0,0.78,37.5,0.79,15.5,0.21,42.5,0.2,130.05,0.23,24.0,0.24,10.0,0.01,0.02,2326.52778,1776210191000
1776210193.463,193.463,0.77,42.56,0.76,25.0,0.78,37.5,0.79,15.5,0.22,37.5,0.21,15.5,0.23,42.56,0.24,25.0,0.01,0.01,2326.53693,1776210192000
1776210193.689,193.689,0.77,38.21,0.76,15.0,0.78,36.21,0.79,15.5,0.22,37.5,0.21,15.5,0.23,38.21,0.24,15.0,0.01,0.01,2326.53693,1776210192000
1776210194.07,194.07,0.77,27.34,0.76,15.0,0.78,26.62,0.79,10.5,0.22,26.62,0.21,15.5,0.23,38.21,0.24,15.0,0.01,0.01,2326.53693,1776210192000
1776210194.336,194.336,0.77,27.34,0.76,15.0,0.78,26.62,0.79,10.5,0.22,26.62,0.21,10.5,0.23,27.34,0.24,15.0,0.01,0.01,2326.536885,1776210193000
1776210195.207,195.207,0.77,27.34,0.76,15.0,0.78,26.62,0.79,10.5,0.22,26.62,0.21,10.5,0.23,27.34,0.24,15.0,0.01,0.01,2326.507525,1776210194000
1776210196.158,196.158,0.77,157.24,0.76,75.0,0.79,9.29,0.8,110.0,0.22,29.77,0.21,15.5,0.23,147.24,0.24,80.0,0.02,0.01,2326.507525,1776210194000
1776210196.758,196.758,0.77,157.24,0.76,75.0,0.79,9.29,0.8,110.0,0.21,9.29,0.2,110.0,0.23,157.24,0.24,75.0,0.02,0.02,2326.465181,1776210195000
1776210197.286,197.286,0.75,85.34,0.74,35.0,0.76,36.0,0.77,19.0,0.21,50.29,0.2,115.0,0.24,5.0,0.26,20.0,0.01,0.03,2326.465181,1776210195000
1776210198.149,198.149,0.79,159.0,0.78,191.77,0.8,103.85,0.81,111.36,0.24,36.0,0.23,19.0,0.25,72.34,0.26,30.0,0.01,0.01,2326.474277,1776210196000
1776210198.502,198.502,0.79,214.5,0.78,197.27,0.81,111.36,0.82,120.0,0.2,101.14,0.19,111.36,0.21,179.0,0.22,191.77,0.02,0.01,2326.473729,1776210197000
1776210198.894,198.894,0.8,199.0,0.79,97.5,0.81,37.71,0.82,120.0,0.19,108.64,0.18,120.0,0.2,19.0,0.21,117.5,0.01,0.01,2326.473729,1776210197000
1776210199.578,199.578,0.8,194.0,0.79,87.5,0.82,120.0,0.83,60.0,0.19,37.71,0.18,120.0,0.2,199.0,0.21,97.5,0.02,0.01,2326.473729,1776210197000
1776210200.437,200.437,0.8,194.0,0.79,87.5,0.82,120.0,0.83,60.0,0.18,120.0,0.17,60.0,0.2,194.0,0.21,87.5,0.02,0.02,2326.511305,1776210199000
1776210201.977,201.977,0.8,194.0,0.79,87.5,0.82,120.0,0.83,60.0,0.18,120.0,0.17,60.0,0.2,194.0,0.21,87.5,0.02,0.02,2326.637474,1776210200000
1776210202.435,202.435,0.82,130.5,0.81,157.39,0.83,10.16,0.84,25.0,0.18,120.0,0.17,60.0,0.2,194.0,0.21,87.5,0.01,0.02,2326.637474,1776210200000
1776210202.726,202.726,0.83,90.0,0.82,42.0,0.84,86.61,0.85,15.5,0.16,25.0,0.14,145.4,0.18,130.5,0.19,157.39,0.01,0.02,2326.637474,1776210200000
1776210202.975,202.975,0.83,83.95,0.82,52.0,0.84,43.81,0.85,15.5,0.16,43.81,0.15,15.5,0.17,83.95,0.18,52.0,0.01,0.01,2326.67452,1776210201000
1776210203.244,203.244,0.83,66.95,0.82,58.1,0.84,32.66,0.85,15.5,0.16,43.81,0.15,15.5,0.17,83.95,0.18,52.0,0.01,0.01,2326.67452,1776210201000
1776210203.444,203.444,0.83,144.13,0.82,48.1,0.84,36.46,0.85,15.5,0.16,32.66,0.15,15.5,0.17,66.95,0.18,58.1,0.01,0.01,2326.67452,1776210201000
1776210203.645,203.645,0.83,144.13,0.82,48.1,0.84,29.46,0.85,15.5,0.16,36.46,0.15,15.5,0.17,144.13,0.18,48.1,0.01,0.01,2326.67452,1776210201000
1776210203.889,203.889,0.83,89.13,0.82,58.1,0.84,34.46,0.85,15.5,0.16,34.46,0.15,15.5,0.17,89.13,0.18,58.1,0.01,0.01,2326.717626,1776210202000
1776210204.248,204.248,0.83,221.49,0.82,82.5,0.84,29.46,0.85,15.5,0.16,34.46,0.15,15.5,0.17,89.13,0.18,58.1,0.01,0.01,2326.717626,1776210202000
1776210204.655,204.655,0.83,264.49,0.82,82.5,0.84,5.07,0.85,15.5,0.16,29.46,0.15,15.5,0.17,221.49,0.18,82.5,0.01,0.01,2326.717626,1776210202000
1776210204.923,204.923,0.83,264.49,0.82,82.5,0.85,14.29,0.86,145.4,0.15,14.29,0.14,145.4,0.17,264.49,0.18,82.5,0.02,0.02,2326.75023,1776210203000
1776210205.702,205.702,0.83,264.49,0.82,82.5,0.85,14.29,0.86,145.4,0.15,14.29,0.14,145.4,0.17,264.49,0.18,82.5,0.02,0.02,2326.687145,1776210204000
1776210206.156,206.156,0.85,133.5,0.84,211.53,0.86,1.89,0.87,176.8,0.15,14.29,0.14,145.4,0.17,264.49,0.18,82.5,0.01,0.02,2326.687145,1776210204000
1776210206.667,206.667,0.85,138.5,0.84,211.53,0.87,176.8,0.88,110.0,0.13,176.8,0.12,110.0,0.15,138.5,0.16,211.53,0.02,0.02,2326.67814,1776210205000
1776210207.669,207.669,0.85,138.5,0.84,211.53,0.87,176.8,0.88,110.0,0.13,176.8,0.12,110.0,0.15,138.5,0.16,211.53,0.02,0.02,2326.711557,1776210206000
1776210208.154,208.154,0.86,29.33,0.85,171.26,0.87,101.5,0.88,125.5,0.13,176.8,0.12,110.0,0.15,138.5,0.16,211.53,0.01,0.02,2326.711557,1776210206000
1776210208.655,208.655,0.86,29.33,0.85,171.26,0.87,101.5,0.88,125.5,0.13,101.5,0.12,125.5,0.14,29.33,0.15,171.26,0.01,0.01,2326.816715,1776210207000
1776210209.383,209.383,0.86,78.3,0.85,43.2,0.87,50.52,0.88,120.5,0.13,32.26,0.12,135.5,0.14,64.23,0.15,38.2,0.01,0.01,2326.816715,1776210207000
1776210209.647,209.647,0.86,78.3,0.85,43.2,0.87,44.14,0.88,120.5,0.13,44.14,0.12,120.5,0.14,78.3,0.15,43.2,0.01,0.01,2326.845975,1776210208000
1776210210.4,210.4,0.86,89.95,0.85,48.2,0.87,33.03,0.88,120.5,0.13,44.14,0.12,120.5,0.14,78.3,0.15,43.2,0.01,0.01,2326.845975,1776210208000
1776210210.764,210.764,0.86,69.95,0.85,53.2,0.87,38.03,0.88,120.5,0.13,38.03,0.12,120.5,0.14,69.95,0.15,53.2,0.01,0.01,2326.749953,1776210209000
1776210211.107,211.107,0.86,14.95,0.85,10.0,0.87,58.03,0.88,135.5,0.13,38.03,0.12,120.5,0.14,69.95,0.15,53.2,0.01,0.01,2326.749953,1776210209000
1776210211.87,211.87,0.84,61.17,0.83,65.5,0.86,10.5,0.87,53.03,0.14,10.5,0.13,53.03,0.16,61.17,0.17,65.5,0.02,0.02,2326.652142,1776210210000
1776210212.298,212.298,0.84,149.82,0.83,85.5,0.85,9.86,0.86,15.5,0.15,16.11,0.14,15.5,0.16,13.75,0.17,75.5,0.01,0.01,2326.652142,1776210210000
1776210212.597,212.597,0.84,153.82,0.83,80.5,0.85,2.68,0.86,20.5,0.15,8.56,0.14,20.5,0.16,153.82,0.17,183.33,0.01,0.01,2326.652142,1776210210000
1776210212.898,212.898,0.85,25.0,0.84,156.07,0.86,2.05,0.87,28.26,0.14,4.53,0.13,17.76,0.16,148.82,0.17,70.5,0.01,0.02,2326.633483,1776210211000
1776210213.326,213.326,0.85,158.55,0.84,25.0,0.87,33.26,0.88,47.0,0.14,2.05,0.13,28.26,0.15,25.0,0.16,156.07,0.02,0.01,2326.633483,1776210211000
1776210213.685,213.685,0.85,158.55,0.84,25.0,0.87,33.26,0.88,47.0,0.13,33.26,0.12,47.0,0.15,158.55,0.16,25.0,0.02,0.02,2326.599361,1776210212000
1776210213.946,213.946,0.86,26.0,0.85,148.55,0.87,27.51,0.88,47.0,0.13,33.26,0.12,47.0,0.15,158.55,0.16,25.0,0.01,0.02,2326.599361,1776210212000
1776210214.356,214.356,0.86,155.61,0.85,20.0,0.87,15.5,0.88,47.0,0.13,27.51,0.12,47.0,0.14,26.0,0.15,148.55,0.01,0.01,2326.599361,1776210212000
1776210214.96,214.96,0.88,24.0,0.87,30.5,0.93,233.62,0.94,146.47,0.13,15.5,0.12,47.0,0.14,155.61,0.15,20.0,0.05,0.01,2326.543281,1776210213000
1776210215.229,215.229,0.9,33.0,0.88,34.0,0.91,41.8,0.92,78.0,0.07,233.62,0.06,146.47,0.12,24.0,0.13,30.5,0.01,0.05,2326.543281,1776210213000
1776210215.487,215.487,0.89,5.9,0.88,39.0,0.9,44.5,0.91,19.8,0.09,41.8,0.08,65.0,0.12,34.0,0.13,25.0,0.01,0.03,2326.545905,1776210214000
1776210215.826,215.826,0.89,15.85,0.88,39.0,0.9,36.18,0.91,7.8,0.1,41.24,0.09,12.8,0.11,10.85,0.12,52.0,0.01,0.01,2326.545905,1776210214000
1776210216.227,216.227,0.89,10.0,0.88,39.0,0.9,46.18,0.91,7.8,0.1,36.18,0.09,7.8,0.11,15.85,0.12,39.0,0.01,0.01,2326.545905,1776210214000
1776210216.81,216.81,0.87,5.0,0.86,16.0,0.88,19.0,0.9,93.18,0.1,46.18,0.09,7.8,0.11,10.0,0.12,39.0,0.01,0.01,2326.545905,1776210214000
1776210217.108,217.108,0.87,5.0,0.86,16.0,0.88,89.54,0.89,40.0,0.12,19.0,0.1,93.18,0.13,5.0,0.14,16.0,0.01,0.01,2326.559629,1776210215000
1776210217.825,217.825,0.87,5.0,0.86,16.0,0.88,96.85,0.89,10.0,0.12,89.54,0.11,40.0,0.13,5.0,0.14,16.0,0.01,0.01,2326.559629,1776210215000
1776210218.781,218.781,0.87,175.05,0.86,56.0,0.88,22.0,0.89,20.5,0.12,96.85,0.11,10.0,0.13,5.0,0.14,16.0,0.01,0.01,2326.69251,1776210216000
1776210219.15,219.15,0.87,62.3,0.86,61.0,0.88,22.0,0.89,20.5,0.12,22.0,0.11,20.5,0.13,175.05,0.14,56.0,0.01,0.01,2326.610416,1776210217000
1776210219.565,219.565,0.87,62.3,0.86,61.0,0.88,22.0,0.89,20.5,0.12,22.0,0.11,20.5,0.13,62.3,0.14,61.0,0.01,0.01,2326.574886,1776210218000
1776210220.47,220.47,0.87,62.3,0.86,61.0,0.88,22.0,0.89,20.5,0.12,22.0,0.11,20.5,0.13,62.3,0.14,61.0,0.01,0.01,2326.575745,1776210219000
1776210221.31,221.31,0.87,62.3,0.86,61.0,0.88,22.0,0.89,20.5,0.12,22.0,0.11,20.5,0.13,62.3,0.14,61.0,0.01,0.01,2326.57366,1776210220000
1776210222.237,222.237,0.87,62.3,0.86,61.0,0.88,22.0,0.89,20.5,0.12,22.0,0.11,20.5,0.13,62.3,0.14,61.0,0.01,0.01,2326.569933,1776210221000
1776210222.754,222.754,0.87,59.6,0.86,71.0,0.88,22.0,0.9,10.0,0.12,22.0,0.11,20.5,0.13,62.3,0.14,61.0,0.01,0.01,2326.569933,1776210221000
1776210223.197,223.197,0.87,59.6,0.86,71.0,0.88,22.0,0.9,10.0,0.12,22.0,0.1,10.0,0.13,59.6,0.14,71.0,0.01,0.01,2326.571661,1776210222000
1776210223.716,223.716,0.92,20.5,0.91,20.5,0.93,238.52,0.94,72.0,0.12,22.0,0.1,10.0,0.13,59.6,0.14,71.0,0.01,0.01,2326.571661,1776210222000
1776210225.034,225.034,0.92,66.77,0.91,38.5,0.93,220.29,0.94,40.0,0.07,223.52,0.06,35.0,0.08,28.77,0.09,25.5,0.01,0.01,2326.571661,1776210222000
1776210225.275,225.275,0.92,66.77,0.91,38.5,0.93,210.68,0.94,40.0,0.07,220.29,0.06,40.0,0.08,66.77,0.09,38.5,0.01,0.01,2326.571661,1776210222000
1776210225.568,225.568,0.92,71.77,0.91,33.5,0.93,205.85,0.94,40.0,0.07,205.85,0.06,40.0,0.08,71.77,0.09,33.5,0.01,0.01,2326.664017,1776210224000
1776210226.089,226.089,0.92,71.77,0.91,33.5,0.93,205.85,0.94,40.0,0.07,205.85,0.06,40.0,0.08,71.77,0.09,33.5,0.01,0.01,2326.871855,1776210225000
1776210226.601,226.601,0.92,95.77,0.91,38.5,0.93,161.85,0.94,40.0,0.07,205.85,0.06,40.0,0.08,71.77,0.09,33.5,0.01,0.01,2326.871855,1776210225000
1776210226.842,226.842,0.92,76.77,0.91,87.5,0.93,153.72,0.94,40.0,0.07,151.85,0.06,40.0,0.08,90.77,0.09,38.5,0.01,0.01,2326.871855,1776210225000
1776210227.386,227.386,0.92,76.77,0.91,87.5,0.93,153.72,0.94,40.0,0.07,153.72,0.06,40.0,0.08,76.77,0.09,87.5,0.01,0.01,2326.96231,1776210226000
1776210227.664,227.664,0.92,269.21,0.91,87.5,0.93,153.72,0.94,40.0,0.07,153.72,0.06,40.0,0.08,76.77,0.09,87.5,0.01,0.01,2326.96231,1776210226000
1776210229.012,229.012,0.92,237.41,0.91,97.5,0.93,151.68,0.94,40.0,0.07,151.68,0.06,40.0,0.08,237.41,0.09,97.5,0.01,0.01,2327.00068,1776210228000
1776210230.088,230.088,0.92,237.41,0.91,97.5,0.93,151.68,0.94,40.0,0.07,151.68,0.06,40.0,0.08,237.41,0.09,97.5,0.01,0.01,2326.97439,1776210229000
1776210230.303,230.303,0.92,284.41,0.91,165.5,0.93,145.6,0.94,40.0,0.07,151.68,0.06,40.0,0.08,237.41,0.09,97.5,0.01,0.01,2326.97439,1776210229000
1776210231.194,231.194,0.92,284.41,0.91,165.5,0.93,145.6,0.94,40.0,0.07,145.6,0.06,40.0,0.08,284.41,0.09,165.5,0.01,0.01,2326.978065,1776210230000
1776210232.22,232.22,0.92,176.27,0.91,244.67,0.93,137.6,0.94,35.0,0.07,144.6,0.06,40.0,0.08,262.41,0.09,166.5,0.01,0.01,2326.978065,1776210230000
1776210232.897,232.897,0.92,176.27,0.91,244.67,0.93,137.6,0.94,35.0,0.07,137.6,0.06,35.0,0.08,176.27,0.09,244.67,0.01,0.01,2326.98808,1776210232000
1776210234.03,234.03,0.92,176.27,0.91,244.67,0.93,137.6,0.94,35.0,0.07,137.6,0.06,35.0,0.08,176.27,0.09,244.67,0.01,0.01,2326.96327,1776210233000
1776210234.424,234.424,0.92,198.39,0.91,202.29,0.93,142.6,0.94,35.0,0.07,137.6,0.06,35.0,0.08,176.27,0.09,244.67,0.01,0.01,2326.96327,1776210233000
1776210235.337,235.337,0.92,198.39,0.91,202.29,0.93,142.6,0.94,35.0,0.07,142.6,0.06,35.0,0.08,198.39,0.09,202.29,0.01,0.01,2326.97456,1776210234000
1776210235.916,235.916,0.92,198.39,0.91,202.29,0.93,142.6,0.94,35.0,0.07,142.6,0.06,35.0,0.08,198.39,0.09,202.29,0.01,0.01,2326.97468,1776210235000
1776210236.214,236.214,0.92,198.39,0.91,204.51,0.93,134.37,0.94,35.0,0.07,142.6,0.06,35.0,0.08,198.39,0.09,202.29,0.01,0.01,2326.97468,1776210235000
1776210237.019,237.019,0.92,198.39,0.91,204.51,0.93,134.37,0.94,35.0,0.07,134.37,0.06,35.0,0.08,198.39,0.09,204.51,0.01,0.01,2326.971475,1776210236000
1776210237.897,237.897,0.92,263.39,0.91,210.85,0.93,102.11,0.94,35.0,0.07,134.37,0.06,35.0,0.08,198.39,0.09,204.51,0.01,0.01,2326.971475,1776210236000
1776210238.189,238.189,0.92,266.57,0.91,206.37,0.93,102.11,0.94,35.0,0.07,102.11,0.06,35.0,0.08,263.39,0.09,210.85,0.01,0.01,2326.965555,1776210237000
1776210238.441,238.441,0.92,271.57,0.91,206.37,0.93,91.35,0.94,35.0,0.07,102.11,0.06,35.0,0.08,266.57,0.09,206.37,0.01,0.01,2326.965555,1776210237000
1776210239.241,239.241,0.92,271.57,0.91,206.37,0.93,84.35,0.94,35.0,0.07,84.35,0.06,35.0,0.08,271.57,0.09,206.37,0.01,0.01,2326.98936,1776210238000
1776210240.475,240.475,0.92,271.57,0.91,206.37,0.93,84.35,0.94,35.0,0.07,84.35,0.06,35.0,0.08,271.57,0.09,206.37,0.01,0.01,2327.026495,1776210239000
1776210240.753,240.753,0.92,206.9,0.91,244.5,0.93,72.35,0.94,35.0,0.07,84.35,0.06,35.0,0.08,271.57,0.09,206.37,0.01,0.01,2327.026495,1776210239000
1776210240.97,240.97,0.92,206.9,0.91,244.5,0.93,67.35,0.94,35.0,0.07,67.35,0.06,35.0,0.08,206.9,0.09,244.5,0.01,0.01,2327.046995,1776210240000
1776210242.004,242.004,0.93,125.3,0.92,95.9,0.94,35.0,0.95,155.0,0.07,49.55,0.06,35.0,0.08,187.9,0.09,269.4,0.01,0.01,2327.046995,1776210240000
1776210242.234,242.234,0.93,195.6,0.92,95.9,0.94,13.32,0.95,155.0,0.06,35.0,0.05,155.0,0.07,125.3,0.08,95.9,0.01,0.01,2327.04078,1776210241000
1776210242.967,242.967,0.91,31.0,0.9,107.62,0.94,40.08,0.95,218.86,0.06,3.09,0.05,150.0,0.07,195.6,0.08,95.9,0.03,0.01,2327.04078,1776210241000
1776210243.189,243.189,0.91,33.31,0.9,89.62,0.93,20.0,0.94,40.08,0.07,20.0,0.06,40.08,0.09,33.31,0.1,89.62,0.02,0.02,2327.053621,1776210242000
1776210243.754,243.754,0.93,74.28,0.92,102.0,0.94,1.6,0.95,160.0,0.06,1.6,0.05,155.0,0.07,27.0,0.08,102.0,0.01,0.01,2327.053621,1776210242000
1776210243.968,243.968,0.93,165.79,0.92,102.0,0.95,158.52,0.96,371.25,0.06,1.6,0.05,160.0,0.07,74.28,0.08,102.0,0.02,0.01,2327.053621,1776210242000
1776210244.28,244.28,0.93,165.79,0.92,102.0,0.95,158.52,0.96,371.25,0.05,158.52,0.04,371.25,0.07,165.79,0.08,102.0,0.02,0.02,2326.992386,1776210243000
1776210244.906,244.906,0.93,201.79,0.92,131.9,0.95,148.52,0.96,325.26,0.05,148.52,0.04,325.26,0.07,201.79,0.08,131.9,0.02,0.02,2326.879293,1776210244000
1776210245.907,245.907,0.93,201.79,0.92,131.9,0.95,148.52,0.96,325.26,0.05,148.52,0.04,325.26,0.07,201.79,0.08,131.9,0.02,0.02,2326.90907,1776210245000
1776210247.195,247.195,0.93,201.79,0.92,131.9,0.95,148.52,0.96,325.26,0.05,148.52,0.04,325.26,0.07,201.79,0.08,131.9,0.02,0.02,2326.916902,1776210246000
1776210248.434,248.434,0.93,201.79,0.92,131.9,0.95,148.52,0.96,325.26,0.05,148.52,0.04,325.26,0.07,201.79,0.08,131.9,0.02,0.02,2326.916792,1776210247000
1776210248.943,248.943,0.94,255.95,0.93,117.3,0.95,128.52,0.96,324.26,0.05,148.52,0.04,325.26,0.07,201.79,0.08,131.9,0.01,0.02,2326.916792,1776210247000
1776210250.217,250.217,0.94,255.95,0.93,117.3,0.95,128.52,0.96,324.26,0.05,128.52,0.04,324.26,0.06,255.95,0.07,117.3,0.01,0.01,2326.98437,1776210249000
1776210250.695,250.695,0.94,153.8,0.93,159.4,0.95,112.2,0.96,315.26,0.05,116.2,0.04,315.26,0.06,153.8,0.07,159.4,0.01,0.01,2326.98437,1776210249000
1776210250.98,250.98,0.94,158.8,0.93,159.4,0.96,315.26,0.97,136.99,0.04,315.26,0.03,136.99,0.06,158.8,0.07,159.4,0.02,0.02,2326.972835,1776210250000
1776210251.393,251.393,0.95,49.07,0.94,163.8,0.96,314.26,0.97,115.0,0.04,315.26,0.03,136.99,0.06,158.8,0.07,159.4,0.01,0.02,2326.972835,1776210250000
1776210252.206,252.206,0.95,49.07,0.94,163.8,0.96,314.26,0.97,115.0,0.04,314.26,0.03,115.0,0.05,49.07,0.06,163.8,0.01,0.01,2326.953844,1776210251000
1776210252.406,252.406,0.95,32.07,0.94,160.8,0.96,309.26,0.97,155.99,0.04,314.26,0.03,115.0,0.05,49.07,0.06,163.8,0.01,0.01,2326.953844,1776210251000
1776210252.643,252.643,0.95,32.07,0.94,160.8,0.96,298.42,0.97,155.99,0.04,309.26,0.03,155.99,0.05,32.07,0.06,160.8,0.01,0.01,2326.953844,1776210251000
1776210253.212,253.212,0.95,32.07,0.94,160.8,0.96,298.42,0.97,155.99,0.04,298.42,0.03,155.99,0.05,32.07,0.06,160.8,0.01,0.01,2326.944407,1776210252000
1776210253.691,253.691,0.95,202.39,0.94,165.8,0.96,97.27,0.97,141.99,0.04,298.42,0.03,155.99,0.05,32.07,0.06,160.8,0.01,0.01,2326.944407,1776210252000
1776210253.971,253.971,0.92,94.9,0.91,109.0,0.94,34.0,0.96,133.26,0.04,83.27,0.03,153.99,0.05,202.39,0.06,155.8,0.02,0.01,2326.944407,1776210252000
1776210254.445,254.445,0.92,99.9,0.91,109.0,0.94,36.27,0.95,15.0,0.06,36.27,0.05,15.0,0.08,99.9,0.09,109.0,0.02,0.02,2326.913797,1776210253000
1776210254.695,254.695,0.93,10.0,0.92,104.9,0.96,105.37,0.97,364.7,0.06,34.27,0.05,15.0,0.08,104.9,0.09,119.0,0.03,0.02,2326.913797,1776210253000
1776210255.108,255.108,0.94,141.77,0.93,26.38,0.95,10.0,0.96,120.37,0.04,105.37,0.03,364.7,0.07,10.0,0.08,104.9,0.01,0.03,2326.913797,1776210253000
1776210255.707,255.707,0.94,131.77,0.93,16.38,0.95,3.01,0.96,120.99,0.05,8.01,0.04,120.37,0.06,141.77,0.07,26.38,0.01,0.01,2326.913744,1776210254000
1776210255.969,255.969,0.91,21.31,0.9,51.0,0.94,15.0,0.95,110.0,0.05,105.96,0.04,124.04,0.06,125.51,0.09,32.0,0.03,0.01,2326.913744,1776210254000
1776210256.337,256.337,0.92,5.3,0.91,156.93,0.94,66.0,0.95,62.0,0.07,2.84,0.06,66.0,0.08,10.0,0.09,151.93,0.02,0.01,2326.845631,1776210255000
1776210256.637,256.637,0.92,10.3,0.91,161.93,0.93,5.6,0.94,66.0,0.07,7.07,0.06,66.0,0.08,10.3,0.09,156.93,0.01,0.01,2326.845631,1776210255000
1776210256.874,256.874,0.92,20.3,0.91,161.93,0.94,18.82,0.95,111.8,0.06,51.24,0.05,106.8,0.08,10.3,0.09,161.93,0.02,0.02,2326.845631,1776210255000
1776210257.125,257.125,0.92,144.39,0.91,31.31,0.94,17.64,0.95,78.81,0.06,27.14,0.05,106.8,0.08,178.39,0.09,31.31,0.02,0.02,2326.845631,1776210255000
1776210257.5,257.5,0.92,159.39,0.91,44.31,0.94,14.75,0.95,78.81,0.06,17.64,0.05,78.81,0.08,144.39,0.09,31.31,0.02,0.02,2326.756153,1776210256000
1776210258.088,258.088,0.92,163.28,0.91,39.31,0.94,13.59,0.95,78.81,0.06,14.75,0.05,78.81,0.08,159.39,0.09,44.31,0.02,0.02,2326.756153,1776210256000
1776210258.38,258.38,0.93,5.0,0.92,158.28,0.94,10.06,0.95,78.81,0.06,11.24,0.05,78.81,0.08,163.28,0.09,39.31,0.01,0.02,2326.523871,1776210257000
1776210258.736,258.736,0.93,20.0,0.92,168.28,0.94,3.12,0.95,78.81,0.06,10.06,0.05,78.81,0.07,5.0,0.08,158.28,0.01,0.01,2326.523871,1776210257000
1776210259.165,259.165,0.93,2.72,0.92,18.89,0.94,90.8,0.95,126.8,0.06,3.12,0.05,78.81,0.07,20.0,0.08,168.28,0.01,0.01,2326.523871,1776210257000
1776210259.372,259.372,0.9,60.0,0.89,59.0,0.91,19.67,0.92,34.0,0.09,22.08,0.06,90.8,0.1,50.0,0.11,59.0,0.01,0.01,2326.523871,1776210257000
1776210259.599,259.599,0.9,60.0,0.89,64.0,0.91,17.47,0.92,34.0,0.09,19.67,0.08,34.0,0.1,60.0,0.11,59.0,0.01,0.01,2326.465758,1776210258000
1776210259.976,259.976,0.9,60.0,0.89,64.0,0.91,17.47,0.92,34.0,0.09,17.47,0.08,34.0,0.1,60.0,0.11,64.0,0.01,0.01,2326.465756,1776210259000
1776210261.048,261.048,0.9,60.0,0.89,64.0,0.91,17.47,0.92,34.0,0.09,17.47,0.08,34.0,0.1,60.0,0.11,64.0,0.01,0.01,2326.431888,1776210260000
1776210262.236,262.236,0.9,60.0,0.89,64.0,0.91,17.47,0.92,34.0,0.09,17.47,0.08,34.0,0.1,60.0,0.11,64.0,0.01,0.01,2326.37536,1776210261000
1776210263.203,263.203,0.9,174.61,0.89,73.0,0.91,17.47,0.92,34.0,0.09,17.47,0.08,34.0,0.1,174.61,0.11,73.0,0.01,0.01,2326.366904,1776210262000
1776210263.819,263.819,0.9,215.96,0.89,73.0,0.92,27.85,0.94,23.0,0.09,17.47,0.08,34.0,0.1,174.61,0.11,73.0,0.02,0.01,2326.366904,1776210262000
1776210264.291,264.291,0.9,215.96,0.89,73.0,0.92,27.85,0.94,23.0,0.08,27.85,0.06,23.0,0.1,215.96,0.11,73.0,0.02,0.02,2326.366767,1776210263000
1776210265.347,265.347,0.9,215.96,0.89,73.0,0.92,27.85,0.94,23.0,0.08,27.85,0.06,23.0,0.1,215.96,0.11,73.0,0.02,0.02,2326.364252,1776210264000
1776210265.964,265.964,0.9,215.96,0.89,73.0,0.92,27.85,0.94,23.0,0.08,27.85,0.06,23.0,0.1,215.96,0.11,73.0,0.02,0.02,2326.362854,1776210265000
1776210266.875,266.875,0.91,93.88,0.9,128.94,0.92,27.85,0.94,19.5,0.08,27.85,0.06,23.0,0.1,215.96,0.11,73.0,0.01,0.02,2326.362854,1776210265000
1776210268.085,268.085,0.91,59.0,0.9,45.35,0.92,2.24,0.93,30.0,0.08,7.63,0.06,10.0,0.09,118.88,0.1,197.61,0.01,0.01,2326.36065,1776210266000
1776210269.031,269.031,0.93,22.0,0.92,127.02,0.95,68.81,0.96,225.79,0.08,2.24,0.07,15.0,0.09,12.0,0.1,96.35,0.02,0.01,2326.352978,1776210267000
1776210269.823,269.823,0.93,80.0,0.92,120.02,0.96,114.99,0.97,324.7,0.05,68.81,0.04,225.79,0.07,22.0,0.08,127.02,0.03,0.02,2326.357193,1776210268000
1776210270.246,270.246,0.94,3.0,0.93,245.04,0.95,19.0,0.96,86.95,0.06,4.5,0.05,10.0,0.07,80.0,0.08,50.0,0.01,0.01,2326.357193,1776210268000
1776210271.772,271.772,0.94,5.0,0.93,245.04,0.96,72.96,0.97,189.99,0.04,72.96,0.03,189.99,0.06,5.0,0.07,245.04,0.02,0.02,2326.312728,1776210270000
1776210272.391,272.391,0.94,5.0,0.93,245.04,0.96,72.96,0.97,189.99,0.04,72.96,0.03,189.99,0.06,5.0,0.07,245.04,0.02,0.02,2326.345722,1776210271000
1776210272.685,272.685,0.95,164.62,0.94,50.38,0.96,9.3,0.97,129.99,0.04,72.96,0.03,189.99,0.06,5.0,0.07,245.04,0.01,0.02,2326.345722,1776210271000
1776210273.026,273.026,0.95,164.62,0.94,50.38,0.96,9.3,0.97,129.99,0.04,9.3,0.03,129.99,0.05,164.62,0.06,50.38,0.01,0.01,2326.330128,1776210272000
1776210274.108,274.108,0.95,106.89,0.94,128.8,0.96,8.25,0.97,101.0,0.04,9.3,0.03,129.99,0.05,164.62,0.06,50.38,0.01,0.01,2326.330128,1776210272000
1776210274.391,274.391,0.95,106.89,0.94,128.8,0.96,8.25,0.97,101.0,0.04,8.25,0.03,101.0,0.05,106.89,0.06,128.8,0.01,0.01,2326.326556,1776210273000
1776210275.161,275.161,0.95,106.89,0.94,128.8,0.96,8.25,0.97,101.0,0.04,8.25,0.03,101.0,0.05,106.89,0.06,128.8,0.01,0.01,2326.326566,1776210274000
1776210276.5,276.5,0.95,106.89,0.94,128.8,0.96,8.25,0.97,101.0,0.04,8.25,0.03,101.0,0.05,106.89,0.06,128.8,0.01,0.01,2326.322042,1776210275000
1776210277.162,277.162,0.95,106.89,0.94,128.8,0.96,8.25,0.97,101.0,0.04,8.25,0.03,101.0,0.05,106.89,0.06,128.8,0.01,0.01,2326.362565,1776210276000
1776210278.545,278.545,0.95,106.89,0.94,128.8,0.96,8.25,0.97,101.0,0.04,8.25,0.03,101.0,0.05,106.89,0.06,128.8,0.01,0.01,2326.347448,1776210277000
1776210279.261,279.261,0.95,106.89,0.94,128.8,0.96,8.25,0.97,101.0,0.04,8.25,0.03,101.0,0.05,106.89,0.06,128.8,0.01,0.01,2326.347441,1776210278000
1776210280.196,280.196,0.96,84.38,0.95,70.38,0.97,90.67,0.98,201.0,0.04,8.25,0.03,101.0,0.05,106.89,0.06,128.8,0.01,0.01,2326.347441,1776210278000
1776210280.574,280.574,0.96,84.38,0.95,70.38,0.97,90.67,0.98,201.0,0.03,90.67,0.02,201.0,0.04,84.38,0.05,70.38,0.01,0.01,2326.338445,1776210279000
1776210281.057,281.057,0.96,86.38,0.95,79.0,0.97,70.05,0.98,201.0,0.03,75.05,0.02,201.0,0.04,86.38,0.05,56.0,0.01,0.01,2326.338445,1776210279000
1776210281.293,281.293,0.96,86.38,0.95,79.0,0.97,70.05,0.98,201.0,0.03,70.05,0.02,201.0,0.04,86.38,0.05,79.0,0.01,0.01,2326.330096,1776210280000
1776210282.044,282.044,0.96,138.11,0.95,79.0,0.97,60.0,0.98,201.0,0.03,70.05,0.02,201.0,0.04,86.38,0.05,79.0,0.01,0.01,2326.330096,1776210280000
1776210282.577,282.577,0.96,138.11,0.95,79.0,0.97,60.0,0.98,201.0,0.03,60.0,0.02,201.0,0.04,138.11,0.05,79.0,0.01,0.01,2326.330037,1776210281000
1776210283.159,283.159,0.96,211.11,0.95,79.0,0.98,176.21,0.99,7074.78,0.03,14.24,0.02,201.0,0.04,188.11,0.05,79.0,0.02,0.01,2326.330037,1776210281000
1776210283.934,283.934,0.96,221.11,0.95,79.0,0.98,175.0,0.99,7036.74,0.02,176.21,0.01,7074.78,0.04,211.11,0.05,79.0,0.02,0.02,2326.297874,1776210282000
1776210284.273,284.273,0.97,169.58,0.96,156.38,0.98,175.0,0.99,7336.74,0.02,175.0,0.01,7036.74,0.04,221.11,0.05,79.0,0.01,0.02,2326.297874,1776210282000
1776210284.586,284.586,0.97,150.82,0.96,179.38,0.98,162.88,0.99,7336.74,0.02,162.88,0.01,7336.74,0.03,150.82,0.04,179.38,0.01,0.01,2326.278089,1776210283000
1776210285.284,285.284,0.97,150.82,0.96,179.38,0.98,161.75,0.99,1870.79,0.02,162.88,0.01,7336.74,0.03,150.82,0.04,179.38,0.01,0.01,2326.278089,1776210283000
1776210285.513,285.513,0.97,178.81,0.96,179.38,0.98,130.1,0.99,1870.79,0.02,135.1,0.01,1885.79,0.03,173.81,0.04,179.38,0.01,0.01,2326.318968,1776210284000
1776210285.723,285.723,0.97,178.81,0.96,161.0,0.98,110.06,0.99,1875.79,0.02,123.05,0.01,1875.79,0.03,178.81,0.04,161.0,0.01,0.01,2326.318968,1776210284000
1776210286.546,286.546,0.97,173.81,0.96,161.0,0.98,99.85,0.99,1870.79,0.02,99.85,0.01,1870.79,0.03,173.81,0.04,161.0,0.01,0.01,2326.296749,1776210285000
1776210287.497,287.497,0.97,173.81,0.96,161.0,0.98,99.85,0.99,1870.79,0.02,99.85,0.01,1870.79,0.03,173.81,0.04,161.0,0.01,0.01,2326.299773,1776210286000
1776210287.723,287.723,0.97,224.82,0.96,161.0,0.98,98.82,0.99,1470.79,0.02,99.85,0.01,1870.79,0.03,173.81,0.04,161.0,0.01,0.01,2326.299773,1776210286000
1776210288.11,288.11,0.97,224.82,0.96,161.0,0.98,98.82,0.99,1470.79,0.02,98.82,0.01,1470.79,0.03,224.82,0.04,161.0,0.01,0.01,2326.304311,1776210287000
1776210288.906,288.906,0.97,111.38,0.96,147.0,0.98,98.71,0.99,1470.79,0.02,98.82,0.01,1470.79,0.03,224.82,0.04,161.0,0.01,0.01,2326.304311,1776210287000
1776210289.943,289.943,0.97,111.38,0.96,147.0,0.98,98.71,0.99,1470.79,0.02,98.71,0.01,1470.79,0.03,111.38,0.04,147.0,0.01,0.01,2326.27091,1776210289000
1776210290.155,290.155,0.97,147.38,0.96,125.0,0.98,81.39,0.99,1470.79,0.02,82.42,0.01,1470.79,0.03,152.38,0.04,125.0,0.01,0.01,2326.27091,1776210289000
1776210290.483,290.483,0.97,147.38,0.96,125.0,0.98,79.33,0.99,1470.79,0.02,79.33,0.01,1470.79,0.03,152.38,0.04,125.0,0.01,0.01,2326.27091,1776210289000
1776210290.959,290.959,0.97,147.38,0.96,125.0,0.98,31.95,0.99,1470.79,0.02,31.95,0.01,1470.79,0.03,147.38,0.04,125.0,0.01,0.01,2326.263578,1776210290000
1776210291.589,291.589,0.97,152.38,0.96,113.0,0.98,30.92,0.99,1470.79,0.02,31.95,0.01,1470.79,0.03,147.38,0.04,125.0,0.01,0.01,2326.263578,1776210290000
1776210292.0,292.0,0.97,152.38,0.96,113.0,0.98,30.92,0.99,1470.79,0.02,30.92,0.01,1470.79,0.03,152.38,0.04,113.0,0.01,0.01,2326.263614,1776210291000
1776210292.813,292.813,0.97,152.38,0.96,113.0,0.99,1463.45,,,0.02,20.71,0.01,1470.79,0.03,147.38,0.04,113.0,0.02,0.01,2326.263614,1776210291000
1776210293.957,293.957,0.97,152.38,0.96,113.0,0.99,1463.45,,,0.01,1463.45,,,0.03,152.38,0.04,113.0,0.02,0.02,2326.256761,1776210293000
1776210294.86,294.86,0.97,326.38,0.96,81.0,0.99,1293.95,,,0.01,1463.45,,,0.03,152.38,0.04,113.0,0.02,0.02,2326.256761,1776210293000
1776210295.253,295.253,0.97,326.38,0.96,81.0,0.99,200.95,,,0.01,302.95,,,0.03,326.38,0.04,81.0,0.02,0.02,2326.256804,1776210294000
1776210295.454,295.454,0.97,326.38,0.96,81.0,0.99,125.25,,,0.01,165.66,,,0.03,331.38,0.04,81.0,0.02,0.02,2326.256804,1776210294000
1776210295.75,295.75,0.97,326.38,0.96,81.0,0.99,105.25,,,0.01,125.25,,,0.03,326.38,0.04,81.0,0.02,0.02,2326.256804,1776210294000
1776210295.957,295.957,0.97,326.38,0.96,81.0,0.99,105.25,,,0.01,105.25,,,0.03,326.38,0.04,81.0,0.02,0.02,2326.256907,1776210295000
1776210296.426,296.426,0.97,336.38,0.96,81.0,0.99,51.25,,,0.01,61.25,,,0.03,326.38,0.04,81.0,0.02,0.02,2326.256907,1776210295000
1776210296.848,296.848,0.97,341.38,0.96,81.0,,,,,0.01,4.91,,,0.03,336.38,0.04,81.0,,0.02,2326.256907,1776210295000
1776210297.468,297.468,0.99,699.15,0.98,53.0,,,,,,,,,0.01,7.52,0.02,344.37,,,2326.314595,1776210296000
1776210297.902,297.902,0.99,284.69,0.98,10.0,,,,,,,,,0.01,692.3,0.02,53.0,,,2326.314595,1776210296000
1776210298.106,298.106,0.9,9.45,0.89,100.0,0.98,10.0,0.99,2645.0,0.01,2535.0,,,0.1,11.45,0.11,100.0,0.08,0.09,2326.327953,1776210297000
1776210298.325,298.325,0.9,40.38,0.89,23.0,0.91,52.82,0.92,10.0,0.09,58.9,0.08,10.0,0.1,28.0,0.11,10.0,0.01,0.01,2326.327953,1776210297000
1776210298.533,298.533,0.94,9.26,0.93,16.16,0.96,46.09,0.97,10.0,0.05,12.09,0.04,60.0,0.06,9.26,0.07,16.16,0.02,0.01,2326.327953,1776210297000
1776210298.754,298.754,0.93,31.16,0.92,10.0,0.95,5.0,0.96,2.23,0.04,2.23,0.03,10.0,0.07,16.16,0.08,10.0,0.02,0.03,2326.327953,1776210297000
1776210299.003,299.003,0.95,10.0,0.94,42.38,0.99,2666.02,,,0.04,2.12,0.03,7.13,0.06,10.0,0.07,69.54,0.04,0.02,2326.38589,1776210298000
1776210299.215,299.215,0.98,5.1,0.97,28.0,0.99,2663.0,,,0.02,4.9,0.01,2663.0,0.03,23.0,0.05,20.0,0.01,0.01,2326.38589,1776210298000
1776210299.428,299.428,0.93,26.16,0.92,10.0,0.99,1309.75,,,0.01,2409.75,,,0.07,26.16,0.08,10.0,0.06,0.06,2326.38589,1776210298000
1776210299.652,299.652,0.93,14.44,0.92,10.0,0.99,1187.75,,,0.01,1187.75,,,0.07,26.16,0.08,10.0,0.06,0.06,2326.38589,1776210298000
1776210299.876,299.876,0.93,24.44,0.92,15.0,0.99,27.0,,,0.01,62.45,,,0.07,19.44,0.08,10.0,0.06,0.06,2326.38589,1776210298000
1776210300.157,300.157,0.99,9579.99,0.93,19.44,,,,,,,,,0.01,4474.12,0.07,24.44,,,2326.38589,1776210298000
1776210300.448,300.448,0.99,38414.79,0.93,14.44,,,,,,,,,0.01,9579.99,0.07,19.44,,,2326.38589,1776210298000
1776210300.815,300.815,0.99,38470.07,0.95,10.0,,,,,,,,,0.01,38414.79,0.07,14.44,,,2325.535325,1776210299000
1776210301.034,301.034,0.99,38470.07,0.95,10.0,,,,,,,,,0.01,38470.07,0.05,10.0,,,2325.42554,1776210300000

# RESULT,winner=Down,slug=eth-updown-5m-1776210000,ticks=499
