timestamp,elapsed_sec,up_bid_p1,up_bid_s1,up_bid_p2,up_bid_s2,up_ask_p1,up_ask_s1,up_ask_p2,up_ask_s2,down_bid_p1,down_bid_s1,down_bid_p2,down_bid_s2,down_ask_p1,down_ask_s1,down_ask_p2,down_ask_s2,up_spread,down_spread,eth_price,eth_oracle_ts
1776218111.465,11.465,0.62,15.0,0.61,20.0,0.63,15.0,0.64,20.0,0.37,15.0,0.36,20.0,0.38,20.0,0.39,20.0,0.01,0.01,2336.297342,1776218110000
1776218111.798,11.798,0.62,14.73,0.61,20.0,0.63,13.49,0.64,20.0,0.37,15.0,0.36,20.0,0.38,20.0,0.39,20.0,0.01,0.01,2336.297342,1776218110000
1776218112.168,12.168,0.62,14.73,0.61,20.0,0.63,13.73,0.64,34.0,0.37,13.49,0.36,20.0,0.38,14.73,0.39,20.0,0.01,0.01,2336.297342,1776218110000
1776218113.438,13.438,0.62,15.0,0.61,20.0,0.64,28.45,0.65,40.0,0.37,13.73,0.36,34.0,0.38,14.73,0.39,20.0,0.02,0.01,2336.501711,1776218111000
1776218114.105,14.105,0.62,15.0,0.61,20.0,0.64,28.45,0.65,40.0,0.36,28.45,0.35,40.0,0.38,15.0,0.39,20.0,0.02,0.02,2337.285427,1776218113000
1776218115.334,15.334,0.62,15.0,0.61,20.0,0.64,28.45,0.65,40.0,0.36,28.45,0.35,40.0,0.38,15.0,0.39,20.0,0.02,0.02,2337.306174,1776218114000
1776218115.986,15.986,0.62,20.0,0.61,20.0,0.63,18.0,0.64,33.45,0.36,28.45,0.35,40.0,0.38,15.0,0.39,20.0,0.01,0.02,2337.306174,1776218114000
1776218116.502,16.502,0.62,20.0,0.61,20.0,0.63,3.23,0.64,33.45,0.37,8.23,0.36,33.45,0.38,20.0,0.39,20.0,0.01,0.01,2337.306174,1776218114000
1776218117.052,17.052,0.62,20.0,0.61,20.0,0.63,3.23,0.64,33.45,0.37,3.23,0.36,33.45,0.38,20.0,0.39,20.0,0.01,0.01,2337.313079,1776218116000
1776218117.497,17.497,0.62,25.0,0.61,20.0,0.64,31.7,0.65,35.0,0.37,3.23,0.36,33.45,0.38,20.0,0.39,20.0,0.02,0.01,2337.313079,1776218116000
1776218118.245,18.245,0.62,25.0,0.61,20.0,0.64,31.7,0.65,35.0,0.36,31.7,0.35,35.0,0.38,25.0,0.39,20.0,0.02,0.02,2337.310766,1776218117000
1776218118.804,18.804,0.62,20.0,0.61,20.0,0.63,8.0,0.64,34.0,0.36,31.7,0.35,35.0,0.38,25.0,0.39,20.0,0.01,0.02,2337.310766,1776218117000
1776218119.335,19.335,0.61,1.92,0.6,10.0,0.63,18.0,0.64,44.0,0.37,8.0,0.36,34.0,0.38,20.0,0.39,20.0,0.02,0.01,2337.310766,1776218117000
1776218119.654,19.654,0.53,1.72,0.52,5.0,0.54,10.0,0.55,10.0,0.37,18.0,0.36,44.0,0.39,1.92,0.4,10.0,0.01,0.02,2337.262282,1776218118000
1776218119.898,19.898,0.53,1.62,0.52,5.0,0.54,10.0,0.55,15.0,0.46,10.0,0.45,15.0,0.47,1.62,0.48,5.0,0.01,0.01,2337.269523,1776218119000
1776218121.082,21.082,0.53,1.62,0.52,5.0,0.54,10.0,0.55,20.0,0.46,10.0,0.45,20.0,0.47,1.62,0.48,5.0,0.01,0.01,2337.229942,1776218120000
1776218121.433,21.433,0.53,1.62,0.52,5.0,0.54,35.0,0.55,25.0,0.46,10.0,0.45,20.0,0.47,1.62,0.48,5.0,0.01,0.01,2337.229942,1776218120000
1776218121.987,21.987,0.46,82.77,0.45,76.0,0.47,20.0,0.48,20.0,0.53,20.0,0.52,15.0,0.54,82.77,0.55,81.0,0.01,0.01,2337.229942,1776218120000
1776218122.188,22.188,0.46,87.77,0.45,86.0,0.48,24.36,0.49,20.0,0.53,9.36,0.52,25.0,0.54,82.77,0.55,81.0,0.02,0.01,2336.702401,1776218121000
1776218122.748,22.748,0.46,87.77,0.45,101.0,0.47,4.17,0.48,19.36,0.52,24.36,0.51,20.0,0.54,87.77,0.55,86.0,0.01,0.02,2336.702401,1776218121000
1776218123.455,23.455,0.46,85.0,0.45,101.0,0.47,4.17,0.48,19.36,0.53,4.17,0.52,19.36,0.54,85.0,0.55,101.0,0.01,0.01,2336.415213,1776218122000
1776218123.966,23.966,0.46,84.87,0.45,96.0,0.47,10.0,0.48,19.36,0.53,4.17,0.52,19.36,0.54,85.0,0.55,101.0,0.01,0.01,2336.415213,1776218122000
1776218125.315,25.315,0.46,84.87,0.45,96.0,0.47,10.0,0.48,19.36,0.53,10.0,0.52,19.36,0.54,84.87,0.55,96.0,0.01,0.01,2336.094901,1776218124000
1776218125.542,25.542,0.47,6.22,0.46,96.87,0.48,24.36,0.49,20.0,0.53,10.0,0.52,19.36,0.54,84.87,0.55,96.0,0.01,0.01,2336.094901,1776218124000
1776218126.102,26.102,0.47,6.22,0.46,96.87,0.48,24.36,0.49,20.0,0.52,24.36,0.51,20.0,0.53,6.22,0.54,96.87,0.01,0.01,2336.094901,1776218125000
1776218126.334,26.334,0.47,16.22,0.46,91.87,0.48,7.86,0.49,5.0,0.52,24.36,0.51,20.0,0.53,6.22,0.54,96.87,0.01,0.01,2336.094901,1776218125000
1776218127.355,27.355,0.49,46.0,0.48,62.0,0.5,5.0,0.51,5.0,0.52,7.86,0.51,5.0,0.53,16.22,0.54,91.87,0.01,0.01,2336.094901,1776218125000
1776218127.693,27.693,0.49,46.0,0.48,62.0,0.5,5.0,0.51,5.0,0.5,5.0,0.49,5.0,0.51,46.0,0.52,62.0,0.01,0.01,2336.150339,1776218126000
1776218128.411,28.411,0.49,41.0,0.48,62.0,0.5,5.0,0.51,17.51,0.5,5.0,0.49,17.51,0.51,41.0,0.52,62.0,0.01,0.01,2336.2156,1776218127000
1776218129.131,29.131,0.49,41.0,0.48,62.0,0.5,5.0,0.51,17.51,0.5,5.0,0.49,17.51,0.51,41.0,0.52,62.0,0.01,0.01,2336.289217,1776218128000
1776218130.651,30.651,0.49,41.0,0.48,62.0,0.5,5.0,0.51,17.51,0.5,5.0,0.49,17.51,0.51,41.0,0.52,62.0,0.01,0.01,2336.230613,1776218129000
1776218131.192,31.192,0.45,64.95,0.44,75.0,0.47,29.0,0.48,45.0,0.53,29.0,0.52,45.0,0.55,64.95,0.56,75.0,0.02,0.02,2336.244073,1776218130000
1776218131.869,31.869,0.45,70.85,0.44,87.0,0.46,20.0,0.47,46.0,0.53,29.0,0.52,45.0,0.55,64.95,0.56,75.0,0.01,0.02,2336.244073,1776218130000
1776218132.106,32.106,0.45,65.3,0.44,87.0,0.46,6.95,0.47,46.0,0.54,6.95,0.53,46.0,0.55,65.3,0.56,87.0,0.01,0.01,2336.244073,1776218130000
1776218132.516,32.516,0.45,65.3,0.44,87.0,0.46,6.95,0.47,46.0,0.54,6.95,0.53,46.0,0.55,65.3,0.56,87.0,0.01,0.01,2336.222657,1776218131000
1776218133.217,33.217,0.45,65.3,0.44,87.0,0.46,6.95,0.47,46.0,0.54,6.95,0.53,46.0,0.55,65.3,0.56,87.0,0.01,0.01,2336.11294,1776218132000
1776218133.619,33.619,0.45,60.3,0.44,97.0,0.46,20.57,0.47,51.0,0.54,20.57,0.53,51.0,0.55,70.3,0.56,97.0,0.01,0.01,2336.11294,1776218132000
1776218134.507,34.507,0.45,58.33,0.44,97.0,0.46,20.57,0.47,51.0,0.54,20.57,0.53,51.0,0.55,58.33,0.56,97.0,0.01,0.01,2336.076264,1776218133000
1776218134.726,34.726,0.45,10.9,0.44,27.0,0.46,40.57,0.47,51.0,0.54,20.57,0.53,51.0,0.55,58.33,0.56,97.0,0.01,0.01,2336.076264,1776218133000
1776218135.113,35.113,0.45,10.9,0.44,27.0,0.46,40.57,0.47,51.0,0.54,40.57,0.53,51.0,0.55,10.9,0.56,27.0,0.01,0.01,2336.071319,1776218134000
1776218136.496,36.496,0.45,15.9,0.44,27.0,0.46,35.57,0.47,56.0,0.54,35.57,0.53,56.0,0.55,15.9,0.56,27.0,0.01,0.01,2335.973992,1776218135000
1776218136.911,36.911,0.45,90.9,0.44,25.0,0.5,15.0,0.51,10.19,0.54,35.57,0.53,56.0,0.55,15.9,0.56,27.0,0.05,0.01,2335.973992,1776218135000
1776218137.195,37.195,0.49,10.2,0.46,12.0,0.5,4.2,0.51,30.19,0.49,15.19,0.47,9.0,0.52,0.41,0.54,50.0,0.01,0.03,2335.947062,1776218136000
1776218137.693,37.693,0.49,12.9,0.48,15.0,0.5,10.0,0.51,25.19,0.5,4.2,0.49,30.19,0.51,10.2,0.54,12.0,0.01,0.01,2335.947062,1776218136000
1776218138.179,38.179,0.49,9.32,0.48,15.0,0.5,144.78,0.51,130.19,0.5,115.0,0.49,125.19,0.51,9.32,0.52,15.0,0.01,0.01,2335.947062,1776218136000
1776218138.878,38.878,0.49,29.32,0.48,15.0,0.5,24.27,0.51,30.19,0.5,144.78,0.49,130.19,0.51,9.32,0.52,15.0,0.01,0.01,2336.201945,1776218137000
1776218139.081,39.081,0.49,24.32,0.48,20.0,0.5,5.27,0.51,69.19,0.5,15.27,0.49,69.19,0.51,24.32,0.52,20.0,0.01,0.01,2336.201945,1776218137000
1776218139.468,39.468,0.49,24.32,0.48,20.0,0.5,5.27,0.51,69.19,0.5,5.27,0.49,69.19,0.51,24.32,0.52,20.0,0.01,0.01,2336.201945,1776218138000
1776218140.134,40.134,0.49,24.32,0.48,20.0,0.5,5.27,0.51,69.19,0.5,5.27,0.49,69.19,0.51,24.32,0.52,20.0,0.01,0.01,2336.236418,1776218139000
1776218141.102,41.102,0.49,13.03,0.48,20.0,0.5,45.0,0.51,59.19,0.5,5.27,0.49,69.19,0.51,24.32,0.52,20.0,0.01,0.01,2336.236418,1776218139000
1776218141.372,41.372,0.49,13.03,0.48,20.0,0.5,45.0,0.51,59.19,0.5,45.0,0.49,59.19,0.51,13.03,0.52,20.0,0.01,0.01,2336.236206,1776218140000
1776218141.889,41.889,0.49,2.3,0.48,15.0,0.5,65.0,0.51,59.19,0.5,45.0,0.49,59.19,0.51,13.03,0.52,20.0,0.01,0.01,2336.236206,1776218140000
1776218142.14,42.14,0.49,2.3,0.48,20.0,0.5,63.0,0.51,59.19,0.5,65.0,0.49,59.19,0.51,2.3,0.52,15.0,0.01,0.01,2336.236206,1776218140000
1776218142.735,42.735,0.49,2.3,0.48,20.0,0.5,56.0,0.51,59.19,0.5,56.0,0.49,59.19,0.51,2.3,0.52,20.0,0.01,0.01,2336.265749,1776218141000
1776218143.392,43.392,0.49,2.3,0.48,20.0,0.5,56.0,0.51,59.19,0.5,56.0,0.49,59.19,0.51,2.3,0.52,20.0,0.01,0.01,2336.24059,1776218142000
1776218144.504,44.504,0.49,2.3,0.48,20.0,0.5,56.0,0.51,59.19,0.5,56.0,0.49,59.19,0.51,2.3,0.52,20.0,0.01,0.01,2336.235165,1776218143000
1776218144.815,44.815,0.49,12.3,0.48,20.0,0.5,64.86,0.51,34.19,0.5,56.0,0.49,59.19,0.51,2.3,0.52,20.0,0.01,0.01,2336.235165,1776218143000
1776218145.232,45.232,0.49,12.3,0.48,20.0,0.5,62.72,0.51,34.19,0.5,62.72,0.49,34.19,0.51,12.3,0.52,20.0,0.01,0.01,2336.226361,1776218144000
1776218145.864,45.864,0.49,12.3,0.48,15.0,0.5,60.72,0.51,34.19,0.5,62.72,0.49,34.19,0.51,12.3,0.52,20.0,0.01,0.01,2336.226361,1776218144000
1776218146.622,46.622,0.49,12.3,0.48,15.0,0.5,60.72,0.51,34.19,0.5,60.72,0.49,34.19,0.51,12.3,0.52,15.0,0.01,0.01,2336.178989,1776218145000
1776218147.297,47.297,0.49,12.3,0.48,15.0,0.5,60.72,0.51,34.19,0.5,60.72,0.49,34.19,0.51,12.3,0.52,15.0,0.01,0.01,2336.156096,1776218146000
1776218148.038,48.038,0.49,12.3,0.48,15.0,0.5,60.72,0.51,34.19,0.5,60.72,0.49,34.19,0.51,12.3,0.52,15.0,0.01,0.01,2336.151146,1776218147000
1776218149.317,49.317,0.49,25.0,0.48,15.0,0.5,101.79,0.51,34.19,0.5,60.72,0.49,34.19,0.51,12.3,0.52,15.0,0.01,0.01,2336.151146,1776218147000
1776218149.81,49.81,0.49,16.72,0.44,10.0,0.5,181.0,0.51,92.19,0.5,101.79,0.49,34.19,0.51,25.0,0.52,15.0,0.01,0.01,2336.171965,1776218148000
1776218150.184,50.184,0.49,16.62,0.44,10.0,0.5,254.36,0.51,92.19,0.5,181.0,0.49,92.19,0.51,16.72,0.56,10.0,0.01,0.01,2336.16864,1776218149000
1776218150.433,50.433,0.37,27.95,0.33,15.0,0.39,70.0,0.41,70.0,0.56,18.38,0.5,254.36,0.63,28.05,0.67,15.0,0.02,0.07,2336.16864,1776218149000
1776218150.785,50.785,0.36,97.76,0.35,100.0,0.38,51.8,0.39,80.0,0.62,15.8,0.61,80.0,0.63,15.02,0.67,10.0,0.02,0.01,2336.16864,1776218149000
1776218150.987,50.987,0.36,13.0,0.34,113.0,0.37,20.91,0.38,14.8,0.63,15.43,0.62,14.8,0.64,6.0,0.66,106.0,0.01,0.01,2336.16864,1776218149000
1776218151.592,51.592,0.36,13.0,0.35,5.0,0.37,15.43,0.38,27.8,0.63,15.91,0.62,14.8,0.64,13.0,0.66,113.0,0.01,0.01,2336.16864,1776218149000
1776218151.851,51.851,0.36,13.0,0.35,5.0,0.37,15.43,0.38,27.8,0.63,15.43,0.62,27.8,0.64,13.0,0.65,5.0,0.01,0.01,2335.607599,1776218150000
1776218152.553,52.553,0.36,13.0,0.35,5.0,0.37,15.43,0.38,27.8,0.63,15.43,0.62,27.8,0.64,13.0,0.65,5.0,0.01,0.01,2335.0199,1776218151000
1776218152.814,52.814,0.36,17.68,0.35,5.0,0.37,54.43,0.38,27.8,0.63,15.43,0.62,27.8,0.64,13.0,0.65,5.0,0.01,0.01,2335.0199,1776218151000
1776218153.126,53.126,0.35,4.29,0.34,113.0,0.37,64.43,0.38,32.8,0.63,54.43,0.62,27.8,0.64,12.36,0.65,5.0,0.02,0.01,2335.0199,1776218151000
1776218153.418,53.418,0.34,142.51,0.33,111.0,0.35,10.0,0.36,23.0,0.64,47.8,0.63,77.43,0.66,112.67,0.67,136.0,0.01,0.02,2334.9649,1776218152000
1776218153.988,53.988,0.34,91.9,0.33,76.0,0.35,5.0,0.37,10.0,0.65,15.0,0.64,23.0,0.66,137.51,0.67,111.0,0.01,0.01,2334.9649,1776218152000
1776218154.501,54.501,0.36,50.0,0.35,167.0,0.37,19.0,0.38,32.6,0.63,20.0,0.62,14.8,0.66,116.9,0.67,46.0,0.01,0.03,2334.9649,1776218152000
1776218154.708,54.708,0.36,70.0,0.35,167.0,0.37,16.29,0.38,32.6,0.63,19.0,0.62,32.6,0.64,50.0,0.65,167.0,0.01,0.01,2334.9649,1776218152000
1776218155.08,55.08,0.36,97.43,0.35,167.0,0.37,16.29,0.38,32.6,0.63,16.29,0.62,32.6,0.64,70.0,0.65,167.0,0.01,0.01,2334.913608,1776218153000
1776218155.469,55.469,0.36,97.43,0.35,167.0,0.37,16.29,0.38,32.6,0.63,16.29,0.62,32.6,0.64,97.43,0.65,167.0,0.01,0.01,2334.913323,1776218154000
1776218155.82,55.82,0.38,73.83,0.37,89.0,0.39,34.85,0.4,28.0,0.61,24.85,0.6,10.0,0.62,5.0,0.63,113.0,0.01,0.01,2334.913323,1776218154000
1776218156.288,56.288,0.38,73.83,0.37,89.0,0.39,34.85,0.4,28.0,0.61,34.85,0.6,28.0,0.62,73.83,0.63,89.0,0.01,0.01,2335.176435,1776218155000
1776218157.018,57.018,0.38,73.83,0.37,89.0,0.39,34.85,0.4,28.0,0.61,34.85,0.6,28.0,0.62,73.83,0.63,89.0,0.01,0.01,2335.31211,1776218156000
1776218157.611,57.611,0.38,78.83,0.37,79.0,0.39,54.85,0.4,28.0,0.61,34.85,0.6,28.0,0.62,73.83,0.63,89.0,0.01,0.01,2335.31211,1776218156000
1776218158.686,58.686,0.38,78.83,0.37,79.0,0.39,54.85,0.4,28.0,0.61,54.85,0.6,28.0,0.62,78.83,0.63,79.0,0.01,0.01,2335.4293,1776218157000
1776218159.543,59.543,0.38,116.83,0.37,71.0,0.39,26.85,0.4,15.0,0.61,26.85,0.6,15.0,0.62,116.83,0.63,71.0,0.01,0.01,2335.44879,1776218158000
1776218160.152,60.152,0.38,185.0,0.37,56.0,0.39,10.38,0.43,5.0,0.61,16.85,0.6,15.0,0.62,116.83,0.63,84.0,0.01,0.01,2335.44879,1776218158000
1776218160.393,60.393,0.41,10.0,0.4,86.0,0.44,8.86,0.45,123.0,0.56,8.86,0.55,123.0,0.59,10.0,0.6,86.0,0.03,0.03,2335.45698,1776218159000
1776218160.871,60.871,0.43,0.43,0.42,10.0,0.44,43.86,0.45,133.0,0.56,8.86,0.55,123.0,0.59,10.0,0.6,86.0,0.01,0.03,2335.45698,1776218159000
1776218161.238,61.238,0.42,5.43,0.41,22.0,0.44,38.86,0.45,133.0,0.56,38.86,0.55,133.0,0.58,5.43,0.59,22.0,0.02,0.02,2335.4822,1776218160000
1776218161.666,61.666,0.42,3.43,0.41,22.0,0.43,25.0,0.44,43.86,0.56,38.86,0.55,133.0,0.58,5.43,0.59,22.0,0.01,0.02,2335.4822,1776218160000
1776218162.178,62.178,0.42,3.43,0.41,22.0,0.43,25.0,0.44,43.86,0.57,25.0,0.56,43.86,0.58,3.43,0.59,22.0,0.01,0.01,2335.689241,1776218161000
1776218162.83,62.83,0.42,103.01,0.41,51.0,0.43,10.0,0.44,23.86,0.57,25.0,0.56,43.86,0.58,3.43,0.59,22.0,0.01,0.01,2335.689241,1776218161000
1776218163.163,63.163,0.42,103.01,0.41,51.0,0.43,10.0,0.44,23.86,0.57,10.0,0.56,23.86,0.58,103.01,0.59,51.0,0.01,0.01,2335.728987,1776218162000
1776218163.412,63.412,0.43,42.0,0.42,62.01,0.44,11.58,0.46,16.8,0.57,10.0,0.56,23.86,0.58,103.01,0.59,51.0,0.01,0.01,2335.728987,1776218162000
1776218164.22,64.22,0.43,42.0,0.42,62.01,0.44,11.58,0.46,16.8,0.56,11.58,0.54,16.8,0.57,42.0,0.58,62.01,0.01,0.01,2335.783068,1776218163000
1776218164.742,64.742,0.42,5.0,0.41,5.0,0.43,74.0,0.44,181.58,0.56,11.58,0.54,16.8,0.57,42.0,0.58,62.01,0.01,0.01,2335.783068,1776218163000
1776218165.198,65.198,0.42,5.0,0.41,5.0,0.43,74.0,0.44,181.58,0.57,74.0,0.56,181.58,0.58,5.0,0.59,5.0,0.01,0.01,2335.936796,1776218164000
1776218165.942,65.942,0.41,25.0,0.4,122.0,0.42,17.45,0.43,40.0,0.58,5.0,0.57,109.0,0.59,5.0,0.6,107.0,0.01,0.01,2335.936796,1776218164000
1776218166.317,66.317,0.41,25.0,0.4,122.0,0.42,17.45,0.43,40.0,0.58,17.45,0.57,40.0,0.59,25.0,0.6,122.0,0.01,0.01,2335.87175,1776218165000
1776218166.543,66.543,0.41,152.0,0.4,116.0,0.43,5.0,0.44,16.58,0.58,3.0,0.57,5.0,0.59,152.0,0.6,116.0,0.02,0.01,2335.87175,1776218165000
1776218167.331,67.331,0.43,137.0,0.42,45.0,0.44,14.76,0.45,15.0,0.56,16.58,0.55,5.0,0.59,152.0,0.6,116.0,0.01,0.03,2335.87175,1776218165000
1776218167.97,67.97,0.43,292.0,0.42,40.0,0.44,8.39,0.45,5.0,0.56,14.76,0.55,15.0,0.57,137.0,0.58,45.0,0.01,0.01,2335.755,1776218166000
1776218168.251,68.251,0.46,5.0,0.44,20.0,0.49,16.19,0.5,122.36,0.51,16.19,0.5,122.36,0.54,5.0,0.56,20.0,0.03,0.03,2335.807383,1776218167000
1776218169.202,69.202,0.46,5.0,0.44,20.0,0.49,16.19,0.5,122.36,0.51,16.19,0.5,122.36,0.54,5.0,0.56,20.0,0.03,0.03,2335.929033,1776218168000
1776218169.731,69.731,0.48,104.0,0.47,17.0,0.49,44.14,0.5,127.36,0.51,16.19,0.5,122.36,0.54,5.0,0.56,20.0,0.01,0.03,2335.929033,1776218168000
1776218170.259,70.259,0.48,104.0,0.47,17.0,0.49,44.14,0.5,127.36,0.51,44.14,0.5,127.36,0.52,104.0,0.53,17.0,0.01,0.01,2336.290193,1776218169000
1776218170.625,70.625,0.48,104.0,0.47,17.0,0.49,36.14,0.5,127.36,0.51,44.14,0.5,127.36,0.52,104.0,0.53,17.0,0.01,0.01,2336.290193,1776218169000
1776218171.013,71.013,0.48,109.0,0.47,17.0,0.49,34.09,0.5,137.36,0.51,36.14,0.5,127.36,0.52,104.0,0.53,17.0,0.01,0.01,2336.290193,1776218169000
1776218171.259,71.259,0.48,109.88,0.47,17.0,0.49,39.09,0.5,137.36,0.51,39.09,0.5,137.36,0.52,109.88,0.53,17.0,0.01,0.01,2336.324566,1776218170000
1776218171.772,71.772,0.48,109.88,0.47,17.0,0.49,32.04,0.5,127.36,0.51,39.09,0.5,137.36,0.52,109.88,0.53,17.0,0.01,0.01,2336.324566,1776218170000
1776218172.187,72.187,0.48,109.88,0.47,17.0,0.49,32.04,0.5,127.36,0.51,32.04,0.5,127.36,0.52,109.88,0.53,17.0,0.01,0.01,2336.343411,1776218171000
1776218173.15,73.15,0.48,109.88,0.47,17.0,0.49,32.04,0.5,127.36,0.51,32.04,0.5,127.36,0.52,109.88,0.53,17.0,0.01,0.01,2336.284371,1776218172000
1776218173.851,73.851,0.48,130.88,0.47,28.0,0.49,35.04,0.5,127.36,0.51,32.04,0.5,127.36,0.52,109.88,0.53,17.0,0.01,0.01,2336.284371,1776218172000
1776218174.167,74.167,0.48,130.88,0.47,28.0,0.49,35.04,0.5,127.36,0.51,35.04,0.5,127.36,0.52,130.88,0.53,28.0,0.01,0.01,2336.320079,1776218173000
1776218174.858,74.858,0.48,135.88,0.47,28.0,0.49,32.81,0.5,127.36,0.51,35.04,0.5,127.36,0.52,130.88,0.53,28.0,0.01,0.01,2336.320079,1776218173000
1776218175.291,75.291,0.48,135.88,0.47,28.0,0.49,32.81,0.5,127.36,0.51,32.81,0.5,127.36,0.52,135.88,0.53,28.0,0.01,0.01,2336.31442,1776218174000
1776218176.29,76.29,0.48,135.88,0.47,28.0,0.49,32.81,0.5,127.36,0.51,32.81,0.5,127.36,0.52,135.88,0.53,28.0,0.01,0.01,2336.325684,1776218175000
1776218176.9,76.9,0.48,135.88,0.47,28.0,0.49,32.81,0.5,127.36,0.51,32.81,0.5,127.36,0.52,135.88,0.53,28.0,0.01,0.01,2336.448082,1776218176000
1776218178.057,78.057,0.48,89.0,0.47,43.0,0.5,148.02,0.51,120.19,0.51,32.81,0.5,127.36,0.52,135.88,0.53,28.0,0.02,0.01,2336.448082,1776218176000
1776218179.294,79.294,0.49,24.9,0.48,50.0,0.5,153.02,0.51,120.19,0.5,153.02,0.49,120.19,0.51,24.9,0.52,50.0,0.01,0.01,2336.29458,1776218178000
1776218179.989,79.989,0.49,206.0,0.48,91.0,0.5,38.02,0.51,5.19,0.5,153.02,0.49,120.19,0.51,24.9,0.52,50.0,0.01,0.01,2336.29458,1776218178000
1776218181.038,81.038,0.49,256.0,0.48,91.0,0.53,95.0,0.54,100.0,0.47,95.0,0.46,100.0,0.51,256.0,0.52,91.0,0.04,0.04,2336.288875,1776218180000
1776218181.425,81.425,0.52,59.0,0.51,44.0,0.53,3.58,0.54,10.0,0.47,95.0,0.46,100.0,0.51,256.0,0.52,91.0,0.01,0.04,2336.288875,1776218180000
1776218181.643,81.643,0.52,54.0,0.51,44.0,0.53,11.69,0.54,10.0,0.47,3.58,0.46,10.0,0.48,59.0,0.49,44.0,0.01,0.01,2336.288875,1776218180000
1776218182.201,82.201,0.52,54.0,0.51,44.0,0.53,11.69,0.54,10.0,0.47,11.69,0.46,10.0,0.48,54.0,0.49,44.0,0.01,0.01,2336.367905,1776218181000
1776218183.432,83.432,0.52,54.0,0.51,44.0,0.53,11.69,0.54,10.0,0.47,11.69,0.46,10.0,0.48,54.0,0.49,44.0,0.01,0.01,2336.518339,1776218182000
1776218183.837,83.837,0.52,155.0,0.51,25.0,0.54,9.8,0.55,25.0,0.46,9.8,0.45,25.0,0.48,155.0,0.49,25.0,0.02,0.02,2336.518764,1776218183000
1776218184.166,84.166,0.53,124.0,0.52,70.0,0.54,8.28,0.55,15.0,0.46,9.8,0.45,25.0,0.48,155.0,0.49,25.0,0.01,0.02,2336.518764,1776218183000
1776218184.947,84.947,0.53,124.0,0.52,70.0,0.54,8.28,0.55,15.0,0.46,8.28,0.45,15.0,0.47,124.0,0.48,70.0,0.01,0.01,2336.519808,1776218184000
1776218185.949,85.949,0.53,124.0,0.52,70.0,0.54,8.28,0.55,15.0,0.46,8.28,0.45,15.0,0.47,124.0,0.48,70.0,0.01,0.01,2336.548023,1776218185000
1776218187.113,87.113,0.53,124.0,0.52,70.0,0.54,8.28,0.55,15.0,0.46,8.28,0.45,15.0,0.47,124.0,0.48,70.0,0.01,0.01,2336.5616,1776218186000
1776218187.586,87.586,0.54,77.69,0.53,60.0,0.55,35.0,0.56,50.8,0.46,8.28,0.45,15.0,0.47,124.0,0.48,70.0,0.01,0.01,2336.5616,1776218186000
1776218188.23,88.23,0.54,77.69,0.53,60.0,0.55,35.0,0.56,50.8,0.45,35.0,0.44,50.8,0.46,77.69,0.47,60.0,0.01,0.01,2336.566684,1776218187000
1776218188.518,88.518,0.54,61.79,0.53,60.0,0.55,38.05,0.56,50.8,0.45,40.0,0.44,50.8,0.46,61.79,0.47,60.0,0.01,0.01,2336.566684,1776218187000
1776218189.18,89.18,0.54,56.79,0.53,60.0,0.55,48.85,0.56,50.8,0.45,38.05,0.44,50.8,0.46,61.79,0.47,60.0,0.01,0.01,2336.566684,1776218187000
1776218189.811,89.811,0.54,56.79,0.53,60.0,0.55,48.85,0.56,50.8,0.45,48.85,0.44,50.8,0.46,56.79,0.47,60.0,0.01,0.01,2336.565767,1776218188000
1776218190.556,90.556,0.54,56.79,0.53,60.0,0.55,48.85,0.56,50.8,0.45,48.85,0.44,50.8,0.46,56.79,0.47,60.0,0.01,0.01,2336.569582,1776218189000
1776218191.309,91.309,0.54,56.79,0.53,60.0,0.55,48.85,0.56,50.8,0.45,48.85,0.44,50.8,0.46,56.79,0.47,60.0,0.01,0.01,2336.569748,1776218190000
1776218192.135,92.135,0.54,56.79,0.53,60.0,0.55,48.85,0.56,50.8,0.45,48.85,0.44,50.8,0.46,56.79,0.47,60.0,0.01,0.01,2336.57338,1776218191000
1776218192.812,92.812,0.54,86.79,0.53,60.0,0.55,38.85,0.56,50.8,0.45,48.85,0.44,50.8,0.46,56.79,0.47,60.0,0.01,0.01,2336.57338,1776218191000
1776218193.109,93.109,0.54,86.79,0.53,60.0,0.55,38.75,0.56,50.8,0.45,38.85,0.44,50.8,0.46,86.79,0.47,60.0,0.01,0.01,2336.57338,1776218191000
1776218193.342,93.342,0.54,86.79,0.53,60.0,0.55,38.75,0.56,50.8,0.45,38.75,0.44,50.8,0.46,86.79,0.47,60.0,0.01,0.01,2336.624343,1776218192000
1776218193.882,93.882,0.54,86.79,0.53,60.0,0.55,38.75,0.56,50.8,0.45,38.75,0.44,50.8,0.46,86.79,0.47,60.0,0.01,0.01,2336.584335,1776218193000
1776218194.235,94.235,0.54,69.0,0.53,30.0,0.55,43.75,0.56,50.8,0.45,38.75,0.44,50.8,0.46,86.79,0.47,60.0,0.01,0.01,2336.584335,1776218193000
1776218194.78,94.78,0.54,84.0,0.53,30.0,0.55,28.85,0.56,50.8,0.45,43.75,0.44,50.8,0.46,69.0,0.47,30.0,0.01,0.01,2336.584335,1776218193000
1776218195.046,95.046,0.54,81.0,0.53,30.0,0.55,28.85,0.56,50.8,0.45,28.85,0.44,50.8,0.46,81.0,0.47,30.0,0.01,0.01,2336.584168,1776218194000
1776218195.836,95.836,0.54,218.0,0.53,49.0,0.55,4.16,0.56,25.0,0.45,28.85,0.44,50.8,0.46,81.0,0.47,30.0,0.01,0.01,2336.584168,1776218194000
1776218196.445,96.445,0.55,11.93,0.54,213.0,0.56,25.0,0.57,140.0,0.44,25.0,0.43,140.0,0.45,11.93,0.46,213.0,0.01,0.01,2336.582807,1776218195000
1776218197.156,97.156,0.55,151.93,0.54,77.0,0.56,20.0,0.57,140.0,0.44,20.0,0.43,140.0,0.45,151.93,0.46,77.0,0.01,0.01,2336.590342,1776218196000
1776218198.178,98.178,0.45,29.9,0.44,34.0,0.46,37.82,0.47,20.0,0.54,10.0,0.53,10.0,0.55,20.9,0.56,11.0,0.01,0.01,2336.590342,1776218196000
1776218198.45,98.45,0.45,21.74,0.44,34.0,0.46,35.49,0.47,20.0,0.54,40.49,0.53,20.0,0.55,34.9,0.56,34.0,0.01,0.01,2336.590342,1776218196000
1776218199.389,99.389,0.45,21.74,0.44,34.0,0.46,35.49,0.47,20.0,0.54,35.49,0.53,20.0,0.55,21.74,0.56,34.0,0.01,0.01,2336.445782,1776218198000
1776218200.125,100.125,0.45,21.74,0.44,34.0,0.46,35.49,0.47,20.0,0.54,35.49,0.53,20.0,0.55,21.74,0.56,34.0,0.01,0.01,2336.313335,1776218199000
1776218201.416,101.416,0.45,21.74,0.44,34.0,0.46,35.49,0.47,20.0,0.54,35.49,0.53,20.0,0.55,21.74,0.56,34.0,0.01,0.01,2336.158411,1776218200000
1776218202.008,102.008,0.45,21.74,0.44,34.0,0.46,35.49,0.47,20.0,0.54,35.49,0.53,20.0,0.55,21.74,0.56,34.0,0.01,0.01,2336.150671,1776218201000
1776218202.351,102.351,0.45,43.18,0.44,39.0,0.46,10.0,0.49,28.0,0.54,35.49,0.53,20.0,0.55,21.74,0.56,34.0,0.01,0.01,2336.150671,1776218201000
1776218203.165,103.165,0.45,43.18,0.44,39.0,0.46,10.0,0.49,28.0,0.54,10.0,0.51,28.0,0.55,43.18,0.56,39.0,0.01,0.01,2336.242214,1776218202000
1776218203.439,103.439,0.47,8.77,0.46,20.0,0.48,49.0,0.49,53.0,0.54,10.0,0.51,28.0,0.55,43.18,0.56,39.0,0.01,0.01,2336.242214,1776218202000
1776218204.268,104.268,0.47,8.77,0.46,20.0,0.48,49.0,0.49,53.0,0.52,49.0,0.51,53.0,0.53,8.77,0.54,20.0,0.01,0.01,2336.271044,1776218203000
1776218205.069,105.069,0.42,59.59,0.41,83.0,0.43,92.0,0.44,15.0,0.52,49.0,0.51,53.0,0.53,8.77,0.54,20.0,0.01,0.01,2336.271044,1776218203000
1776218205.501,105.501,0.42,59.59,0.41,83.0,0.43,92.0,0.44,15.0,0.57,92.0,0.56,15.0,0.58,59.59,0.59,83.0,0.01,0.01,2336.170062,1776218204000
1776218205.815,105.815,0.42,52.59,0.41,75.0,0.43,90.09,0.44,28.8,0.57,85.37,0.56,28.8,0.58,64.59,0.59,75.0,0.01,0.01,2336.170062,1776218204000
1776218206.718,106.718,0.42,52.59,0.41,75.0,0.43,90.09,0.44,28.8,0.57,90.09,0.56,28.8,0.58,52.59,0.59,75.0,0.01,0.01,2336.15707,1776218205000
1776218207.42,107.42,0.42,52.59,0.41,75.0,0.43,90.09,0.44,28.8,0.57,90.09,0.56,28.8,0.58,52.59,0.59,75.0,0.01,0.01,2335.943848,1776218206000
1776218207.925,107.925,0.42,52.59,0.41,75.0,0.43,90.09,0.44,28.8,0.57,90.09,0.56,28.8,0.58,52.59,0.59,75.0,0.01,0.01,2335.866721,1776218207000
1776218209.073,109.073,0.42,52.59,0.41,75.0,0.43,90.09,0.44,28.8,0.57,90.09,0.56,28.8,0.58,52.59,0.59,75.0,0.01,0.01,2335.858753,1776218208000
1776218209.508,109.508,0.42,53.96,0.41,90.0,0.43,75.37,0.44,38.52,0.57,90.09,0.56,28.8,0.58,52.59,0.59,75.0,0.01,0.01,2335.858753,1776218208000
1776218210.177,110.177,0.42,53.96,0.41,90.0,0.43,75.37,0.44,38.52,0.57,75.37,0.56,38.52,0.58,53.96,0.59,90.0,0.01,0.01,2335.857457,1776218209000
1776218211.198,111.198,0.42,47.0,0.41,90.0,0.43,90.09,0.44,28.8,0.57,75.37,0.56,38.52,0.58,53.96,0.59,90.0,0.01,0.01,2335.857457,1776218209000
1776218212.343,112.343,0.42,47.0,0.41,90.0,0.43,90.09,0.44,28.8,0.57,90.09,0.56,28.8,0.58,47.0,0.59,90.0,0.01,0.01,2335.904922,1776218211000
1776218212.962,112.962,0.42,47.0,0.41,90.0,0.43,90.09,0.44,28.8,0.57,90.09,0.56,28.8,0.58,47.0,0.59,90.0,0.01,0.01,2335.84963,1776218212000
1776218214.105,114.105,0.42,47.0,0.41,90.0,0.43,90.09,0.44,28.8,0.57,90.09,0.56,28.8,0.58,47.0,0.59,90.0,0.01,0.01,2335.84963,1776218213000
1776218215.083,115.083,0.42,47.0,0.41,90.0,0.43,90.09,0.44,28.8,0.57,90.09,0.56,28.8,0.58,47.0,0.59,90.0,0.01,0.01,2335.835486,1776218214000
1776218216.149,116.149,0.42,47.0,0.41,90.0,0.43,90.09,0.44,28.8,0.57,90.09,0.56,28.8,0.58,47.0,0.59,90.0,0.01,0.01,2335.835024,1776218215000
1776218217.036,117.036,0.37,13.29,0.36,10.0,0.38,69.0,0.39,34.72,0.57,90.09,0.56,28.8,0.58,47.0,0.59,90.0,0.01,0.01,2335.835024,1776218215000
1776218218.149,118.149,0.37,13.29,0.36,10.0,0.38,69.0,0.39,34.72,0.62,69.0,0.61,34.72,0.63,13.29,0.64,10.0,0.01,0.01,2335.838954,1776218217000
1776218218.723,118.723,0.37,21.62,0.36,10.0,0.38,108.99,0.39,41.27,0.62,69.0,0.61,34.72,0.63,13.29,0.64,10.0,0.01,0.01,2335.838954,1776218217000
1776218219.199,119.199,0.37,21.62,0.36,10.0,0.38,108.99,0.39,41.27,0.62,108.99,0.61,41.27,0.63,21.62,0.64,10.0,0.01,0.01,2335.749194,1776218218000
1776218219.803,119.803,0.37,41.62,0.36,27.0,0.38,3.0,0.39,10.0,0.62,3.0,0.61,10.0,0.63,41.62,0.64,27.0,0.01,0.01,2335.710429,1776218219000
1776218221.262,121.262,0.37,9.62,0.36,15.0,0.38,13.0,0.39,10.0,0.62,3.0,0.61,10.0,0.63,41.62,0.64,27.0,0.01,0.01,2335.710429,1776218219000
1776218221.479,121.479,0.37,9.62,0.36,15.0,0.38,13.0,0.39,10.0,0.62,13.0,0.61,10.0,0.63,9.62,0.64,15.0,0.01,0.01,2335.70821,1776218220000
1776218222.059,122.059,0.4,20.0,0.39,91.0,0.41,4.82,0.43,27.72,0.62,13.0,0.61,10.0,0.63,9.62,0.64,15.0,0.01,0.01,2335.70821,1776218220000
1776218222.703,122.703,0.45,5.0,0.44,75.0,0.47,9.9,0.48,24.72,0.57,14.54,0.56,18.0,0.6,40.0,0.61,91.0,0.02,0.03,2335.708265,1776218221000
1776218223.153,123.153,0.45,5.0,0.44,75.0,0.47,9.9,0.48,24.72,0.53,9.9,0.52,24.72,0.55,5.0,0.56,75.0,0.02,0.02,2335.702599,1776218222000
1776218224.208,124.208,0.45,5.0,0.44,75.0,0.47,9.9,0.48,24.72,0.53,9.9,0.52,24.72,0.55,5.0,0.56,75.0,0.02,0.02,2335.800961,1776218223000
1776218224.772,124.772,0.45,20.0,0.44,90.0,0.46,80.23,0.47,39.62,0.53,9.9,0.52,24.72,0.55,5.0,0.56,75.0,0.01,0.02,2335.800961,1776218223000
1776218225.211,125.211,0.45,40.0,0.44,90.0,0.46,28.55,0.47,23.27,0.54,28.55,0.53,23.27,0.55,40.0,0.56,90.0,0.01,0.01,2336.018512,1776218224000
1776218225.523,125.523,0.45,94.0,0.44,90.0,0.46,4.55,0.47,10.0,0.54,28.55,0.53,23.27,0.55,40.0,0.56,90.0,0.01,0.01,2336.018512,1776218224000
1776218226.329,126.329,0.45,94.0,0.44,90.0,0.46,4.55,0.47,10.0,0.54,4.55,0.53,10.0,0.55,94.0,0.56,90.0,0.01,0.01,2336.016162,1776218225000
1776218227.026,127.026,0.45,94.0,0.44,90.0,0.46,4.55,0.47,10.0,0.54,4.55,0.53,10.0,0.55,94.0,0.56,90.0,0.01,0.01,2336.037441,1776218226000
1776218228.012,128.012,0.45,94.0,0.44,90.0,0.46,4.55,0.47,10.0,0.54,4.55,0.53,10.0,0.55,94.0,0.56,90.0,0.01,0.01,2336.128962,1776218227000
1776218228.721,128.721,0.5,25.0,0.49,25.0,0.52,9.16,0.53,15.0,0.54,4.55,0.53,10.0,0.55,94.0,0.56,90.0,0.02,0.01,2336.128962,1776218227000
1776218229.138,129.138,0.5,25.0,0.49,25.0,0.52,7.1,0.53,15.0,0.48,7.1,0.47,15.0,0.5,25.0,0.51,25.0,0.02,0.02,2336.148227,1776218228000
1776218230.182,130.182,0.5,25.0,0.49,25.0,0.52,7.1,0.53,15.0,0.48,7.1,0.47,15.0,0.5,25.0,0.51,25.0,0.02,0.02,2336.209481,1776218229000
1776218231.285,131.285,0.5,25.0,0.49,25.0,0.52,7.1,0.53,15.0,0.48,7.1,0.47,15.0,0.5,25.0,0.51,25.0,0.02,0.02,2336.27327,1776218230000
1776218231.837,131.837,0.55,74.0,0.54,15.0,0.56,79.71,0.57,95.0,0.48,7.1,0.47,15.0,0.5,25.0,0.51,25.0,0.01,0.02,2336.27327,1776218230000
1776218232.344,132.344,0.55,74.0,0.54,15.0,0.56,70.71,0.57,95.0,0.44,70.71,0.43,95.0,0.45,74.0,0.46,15.0,0.01,0.01,2336.327113,1776218231000
1776218232.755,132.755,0.55,71.77,0.54,15.0,0.56,95.71,0.57,100.0,0.44,70.71,0.43,95.0,0.45,74.0,0.46,15.0,0.01,0.01,2336.327113,1776218231000
1776218232.959,132.959,0.55,71.77,0.54,15.0,0.56,95.71,0.57,100.0,0.44,95.71,0.43,100.0,0.45,71.77,0.46,15.0,0.01,0.01,2336.338773,1776218232000
1776218233.475,133.475,0.55,71.77,0.54,15.0,0.56,59.56,0.57,80.0,0.44,95.71,0.43,100.0,0.45,71.77,0.46,15.0,0.01,0.01,2336.338773,1776218232000
1776218233.9,133.9,0.55,71.77,0.54,15.0,0.56,59.56,0.57,80.0,0.44,59.56,0.43,80.0,0.45,71.77,0.46,15.0,0.01,0.01,2336.544805,1776218233000
1776218235.022,135.022,0.57,84.0,0.56,15.0,0.6,4.33,0.61,15.0,0.44,59.56,0.43,80.0,0.45,71.77,0.46,15.0,0.03,0.01,2336.544805,1776218233000
1776218235.413,135.413,0.6,19.0,0.59,15.0,0.61,2.54,0.62,101.0,0.39,2.54,0.38,101.0,0.4,19.0,0.41,15.0,0.01,0.01,2336.584133,1776218234000
1776218235.945,135.945,0.6,19.0,0.59,15.0,0.61,2.54,0.62,101.0,0.39,2.54,0.38,101.0,0.4,19.0,0.41,15.0,0.01,0.01,2336.60923,1776218235000
1776218236.237,136.237,0.6,19.0,0.59,15.0,0.61,17.54,0.62,106.0,0.39,2.54,0.38,101.0,0.4,19.0,0.41,15.0,0.01,0.01,2336.60923,1776218235000
1776218237.014,137.014,0.6,57.3,0.59,20.0,0.61,8.24,0.62,96.0,0.39,8.24,0.38,96.0,0.4,57.3,0.41,20.0,0.01,0.01,2336.766492,1776218236000
1776218237.594,137.594,0.61,72.85,0.6,45.0,0.62,110.0,0.63,153.13,0.39,8.24,0.38,96.0,0.4,57.3,0.41,20.0,0.01,0.01,2336.766492,1776218236000
1776218238.076,138.076,0.61,72.85,0.6,45.0,0.62,96.21,0.63,153.13,0.38,96.21,0.37,153.13,0.39,72.85,0.4,45.0,0.01,0.01,2336.782341,1776218237000
1776218238.772,138.772,0.61,43.87,0.6,15.0,0.62,96.21,0.63,153.13,0.38,96.21,0.37,153.13,0.39,72.85,0.4,45.0,0.01,0.01,2336.782341,1776218237000
1776218239.085,139.085,0.61,38.87,0.6,15.0,0.62,101.21,0.63,153.13,0.38,96.21,0.37,153.13,0.39,43.87,0.4,15.0,0.01,0.01,2336.782341,1776218237000
1776218239.924,139.924,0.56,70.0,0.55,20.0,0.57,74.0,0.58,20.0,0.38,101.21,0.37,153.13,0.39,38.87,0.4,15.0,0.01,0.01,2336.825352,1776218238000
1776218241.195,141.195,0.56,70.0,0.55,20.0,0.57,74.0,0.58,20.0,0.43,74.0,0.42,20.0,0.44,70.0,0.45,20.0,0.01,0.01,2336.779105,1776218240000
1776218241.932,141.932,0.56,70.0,0.55,20.0,0.57,42.0,0.58,10.0,0.43,74.0,0.42,20.0,0.44,70.0,0.45,20.0,0.01,0.01,2336.779105,1776218240000
1776218242.254,142.254,0.56,55.0,0.55,20.0,0.57,57.0,0.58,20.0,0.43,57.0,0.42,20.0,0.44,55.0,0.45,20.0,0.01,0.01,2336.675216,1776218241000
1776218243.324,143.324,0.56,55.0,0.55,20.0,0.57,57.0,0.58,20.0,0.43,57.0,0.42,20.0,0.44,55.0,0.45,20.0,0.01,0.01,2336.674543,1776218242000
1776218244.163,144.163,0.58,5.0,0.57,110.0,0.59,10.0,0.6,5.0,0.43,57.0,0.42,20.0,0.44,55.0,0.45,20.0,0.01,0.01,2336.674543,1776218242000
1776218245.212,145.212,0.58,81.61,0.57,35.0,0.59,5.0,0.6,10.0,0.41,5.0,0.4,10.0,0.42,81.61,0.43,35.0,0.01,0.01,2336.673284,1776218244000
1776218245.482,145.482,0.58,108.61,0.57,35.0,0.6,6.58,0.61,5.0,0.41,5.0,0.4,10.0,0.42,81.61,0.43,35.0,0.02,0.01,2336.673284,1776218244000
1776218246.17,146.17,0.58,108.61,0.57,35.0,0.6,6.58,0.61,5.0,0.4,6.58,0.39,5.0,0.42,108.61,0.43,35.0,0.02,0.02,2336.698483,1776218245000
1776218246.401,146.401,0.59,74.0,0.58,27.61,0.61,5.0,0.62,86.21,0.4,6.58,0.39,5.0,0.42,108.61,0.43,35.0,0.02,0.02,2336.698483,1776218245000
1776218246.631,146.631,0.59,56.8,0.58,27.61,0.6,10.0,0.61,15.0,0.39,5.0,0.38,86.21,0.41,74.0,0.42,27.61,0.01,0.02,2336.698483,1776218245000
1776218247.257,147.257,0.59,56.8,0.58,27.61,0.6,10.0,0.61,15.0,0.4,10.0,0.39,15.0,0.41,56.8,0.42,27.61,0.01,0.01,2336.800934,1776218246000
1776218248.156,148.156,0.59,56.8,0.58,27.61,0.6,10.0,0.61,15.0,0.4,10.0,0.39,15.0,0.41,56.8,0.42,27.61,0.01,0.01,2336.74787,1776218247000
1776218249.185,149.185,0.59,56.8,0.58,27.61,0.6,10.0,0.61,15.0,0.4,10.0,0.39,15.0,0.41,56.8,0.42,27.61,0.01,0.01,2336.74633,1776218248000
1776218250.31,150.31,0.6,64.0,0.59,15.0,0.61,5.0,0.62,91.21,0.39,5.0,0.38,91.21,0.4,64.0,0.41,15.0,0.01,0.01,2336.847732,1776218249000
1776218251.295,151.295,0.6,64.0,0.59,15.0,0.61,5.0,0.62,91.21,0.39,5.0,0.38,91.21,0.4,64.0,0.41,15.0,0.01,0.01,2336.745201,1776218250000
1776218251.914,151.914,0.61,125.0,0.6,60.0,0.62,60.21,0.63,128.13,0.38,60.21,0.37,128.13,0.39,125.0,0.4,60.0,0.01,0.01,2336.745271,1776218251000
1776218252.554,152.554,0.61,135.0,0.6,60.0,0.62,47.41,0.63,128.13,0.38,60.21,0.37,128.13,0.39,125.0,0.4,60.0,0.01,0.01,2336.745271,1776218251000
1776218253.037,153.037,0.61,135.0,0.6,60.0,0.62,47.41,0.63,128.13,0.38,47.41,0.37,128.13,0.39,135.0,0.4,60.0,0.01,0.01,2336.829773,1776218252000
1776218253.424,153.424,0.61,135.0,0.6,60.0,0.62,45.21,0.63,128.13,0.38,47.41,0.37,128.13,0.39,135.0,0.4,60.0,0.01,0.01,2336.829773,1776218252000
1776218254.159,154.159,0.61,135.0,0.6,60.0,0.62,45.21,0.63,128.13,0.38,45.21,0.37,128.13,0.39,135.0,0.4,60.0,0.01,0.01,2336.893326,1776218253000
1776218254.427,154.427,0.62,114.0,0.61,82.0,0.63,45.8,0.64,25.0,0.38,45.21,0.37,128.13,0.39,135.0,0.4,60.0,0.01,0.01,2336.893326,1776218253000
1776218255.2,155.2,0.62,114.0,0.61,82.0,0.63,45.8,0.64,25.0,0.37,45.8,0.36,25.0,0.38,114.0,0.39,82.0,0.01,0.01,2336.922224,1776218254000
1776218255.413,155.413,0.62,166.0,0.61,82.0,0.63,49.1,0.64,25.0,0.37,45.8,0.36,25.0,0.38,114.0,0.39,82.0,0.01,0.01,2336.922224,1776218254000
1776218256.305,156.305,0.62,166.0,0.61,82.0,0.63,49.1,0.64,25.0,0.37,49.1,0.36,25.0,0.38,166.0,0.39,82.0,0.01,0.01,2336.92993,1776218255000
1776218257.249,157.249,0.62,166.0,0.61,82.0,0.63,49.1,0.64,25.0,0.37,49.1,0.36,25.0,0.38,166.0,0.39,82.0,0.01,0.01,2336.992473,1776218256000
1776218258.323,158.323,0.62,166.0,0.61,82.0,0.63,49.1,0.64,25.0,0.37,49.1,0.36,25.0,0.38,166.0,0.39,82.0,0.01,0.01,2337.00073,1776218257000
1776218258.85,158.85,0.62,174.0,0.61,76.0,0.63,43.1,0.64,25.0,0.37,49.1,0.36,25.0,0.38,166.0,0.39,82.0,0.01,0.01,2337.00073,1776218257000
1776218259.143,159.143,0.59,2.24,0.58,10.0,0.61,11.0,0.63,82.4,0.37,41.4,0.36,25.0,0.38,179.0,0.39,76.0,0.02,0.01,2336.999795,1776218258000
1776218259.576,159.576,0.58,10.0,0.57,20.0,0.59,5.0,0.6,20.0,0.4,15.0,0.39,102.0,0.43,15.0,0.44,15.0,0.01,0.03,2336.999795,1776218258000
1776218259.982,159.982,0.58,10.0,0.57,20.0,0.59,5.0,0.6,20.0,0.41,5.0,0.4,20.0,0.42,10.0,0.43,20.0,0.01,0.01,2337.005351,1776218259000
1776218260.932,160.932,0.58,22.0,0.57,20.0,0.59,8.18,0.6,20.0,0.41,5.0,0.4,20.0,0.42,10.0,0.43,20.0,0.01,0.01,2337.005351,1776218259000
1776218262.175,162.175,0.58,22.0,0.57,20.0,0.59,8.18,0.6,20.0,0.41,8.18,0.4,20.0,0.42,22.0,0.43,20.0,0.01,0.01,2336.76265,1776218261000
1776218263.359,163.359,0.6,130.0,0.59,35.0,0.61,75.0,0.62,70.0,0.41,8.18,0.4,20.0,0.42,22.0,0.43,20.0,0.01,0.01,2336.76265,1776218261000
1776218263.688,163.688,0.6,130.0,0.59,35.0,0.61,75.0,0.62,70.0,0.39,75.0,0.38,70.0,0.4,130.0,0.41,35.0,0.01,0.01,2336.71064,1776218262000
1776218264.258,164.258,0.6,130.0,0.59,35.0,0.61,75.0,0.62,70.0,0.39,75.0,0.38,70.0,0.4,130.0,0.41,35.0,0.01,0.01,2336.709999,1776218263000
1776218265.377,165.377,0.6,130.0,0.59,35.0,0.61,75.0,0.62,70.0,0.39,75.0,0.38,70.0,0.4,130.0,0.41,35.0,0.01,0.01,2336.816347,1776218264000
1776218266.292,166.292,0.6,97.32,0.59,35.0,0.61,75.0,0.62,75.0,0.39,75.0,0.38,75.0,0.4,97.32,0.41,35.0,0.01,0.01,2336.826277,1776218265000
1776218267.574,167.574,0.6,97.32,0.59,35.0,0.61,75.0,0.62,75.0,0.39,75.0,0.38,75.0,0.4,97.32,0.41,35.0,0.01,0.01,2336.813461,1776218266000
1776218268.067,168.067,0.6,97.32,0.59,35.0,0.61,75.0,0.62,75.0,0.39,75.0,0.38,75.0,0.4,97.32,0.41,35.0,0.01,0.01,2336.813609,1776218267000
1776218269.582,169.582,0.6,97.32,0.59,35.0,0.61,75.0,0.62,75.0,0.39,75.0,0.38,75.0,0.4,97.32,0.41,35.0,0.01,0.01,2336.85842,1776218268000
1776218270.138,170.138,0.6,97.32,0.59,35.0,0.61,75.0,0.62,75.0,0.39,75.0,0.38,75.0,0.4,97.32,0.41,35.0,0.01,0.01,2336.85842,1776218269000
1776218270.347,170.347,0.6,162.32,0.59,46.0,0.61,73.0,0.62,70.0,0.39,75.0,0.38,75.0,0.4,97.32,0.41,35.0,0.01,0.01,2336.85842,1776218269000
1776218271.21,171.21,0.6,187.32,0.59,46.0,0.61,66.0,0.62,70.0,0.39,66.0,0.38,70.0,0.4,187.32,0.41,46.0,0.01,0.01,2336.947703,1776218270000
1776218271.584,171.584,0.58,20.0,0.57,21.0,0.6,20.0,0.61,87.0,0.39,61.0,0.38,85.0,0.41,10.0,0.42,5.0,0.02,0.02,2336.947703,1776218270000
1776218272.415,172.415,0.57,26.0,0.56,15.0,0.6,25.0,0.61,87.0,0.4,25.0,0.39,87.0,0.43,26.0,0.44,15.0,0.03,0.03,2336.857091,1776218271000
1776218272.982,172.982,0.57,26.0,0.56,15.0,0.6,25.0,0.61,87.0,0.4,25.0,0.39,87.0,0.43,26.0,0.44,15.0,0.03,0.03,2336.857091,1776218272000
1776218274.042,174.042,0.57,26.0,0.56,15.0,0.6,25.0,0.61,87.0,0.4,25.0,0.39,87.0,0.43,26.0,0.44,15.0,0.03,0.03,2336.73745,1776218273000
1776218274.542,174.542,0.51,5.0,0.5,15.0,0.53,1.05,0.54,15.0,0.4,25.0,0.39,87.0,0.43,26.0,0.44,15.0,0.02,0.03,2336.73745,1776218273000
1776218275.098,175.098,0.5,10.0,0.49,21.0,0.51,5.2,0.52,20.0,0.49,5.2,0.48,20.0,0.5,10.0,0.51,21.0,0.01,0.01,2336.711447,1776218274000
1776218275.793,175.793,0.51,21.0,0.5,20.0,0.52,13.07,0.53,6.05,0.49,5.2,0.48,20.0,0.5,10.0,0.51,21.0,0.01,0.01,2336.711447,1776218274000
1776218276.422,176.422,0.51,21.0,0.5,20.0,0.52,13.07,0.53,6.05,0.48,13.07,0.47,6.05,0.49,21.0,0.5,20.0,0.01,0.01,2336.597077,1776218275000
1776218276.993,176.993,0.51,21.0,0.5,20.0,0.52,13.07,0.53,6.05,0.48,13.07,0.47,6.05,0.49,21.0,0.5,20.0,0.01,0.01,2336.498576,1776218276000
1776218277.404,177.404,0.51,41.04,0.5,25.0,0.52,13.07,0.53,6.05,0.48,13.07,0.47,6.05,0.49,21.0,0.5,20.0,0.01,0.01,2336.498576,1776218276000
1776218278.045,178.045,0.51,36.04,0.5,20.0,0.54,13.82,0.55,96.0,0.48,13.07,0.47,6.05,0.49,41.04,0.5,25.0,0.03,0.01,2336.498576,1776218276000
1776218279.903,179.903,0.51,36.04,0.5,20.0,0.54,13.82,0.55,96.0,0.46,13.82,0.45,96.0,0.49,36.04,0.5,20.0,0.03,0.03,2336.427945,1776218278000
1776218280.652,180.652,0.51,36.04,0.5,20.0,0.54,13.82,0.55,96.0,0.46,13.82,0.45,96.0,0.49,36.04,0.5,20.0,0.03,0.03,2336.43796,1776218279000
1776218281.626,181.626,0.53,31.87,0.52,20.0,0.54,26.0,0.55,111.0,0.46,13.82,0.45,96.0,0.49,36.04,0.5,20.0,0.01,0.03,2336.43796,1776218279000
1776218282.397,182.397,0.53,26.87,0.52,20.0,0.54,26.0,0.55,111.0,0.46,26.0,0.45,111.0,0.47,26.87,0.48,20.0,0.01,0.01,2336.438068,1776218281000
1776218282.895,182.895,0.53,14.1,0.52,20.0,0.54,36.0,0.55,111.0,0.46,36.0,0.45,111.0,0.47,24.74,0.48,20.0,0.01,0.01,2336.438068,1776218281000
1776218283.148,183.148,0.53,14.1,0.52,20.0,0.54,36.0,0.55,111.0,0.46,36.0,0.45,111.0,0.47,14.1,0.48,20.0,0.01,0.01,2336.438068,1776218282000
1776218284.083,184.083,0.53,24.1,0.52,15.0,0.54,25.0,0.55,111.0,0.46,36.0,0.45,111.0,0.47,14.1,0.48,20.0,0.01,0.01,2336.438068,1776218282000
1776218284.561,184.561,0.53,24.1,0.52,15.0,0.54,25.0,0.55,111.0,0.46,25.0,0.45,111.0,0.47,24.1,0.48,15.0,0.01,0.01,2336.397661,1776218283000
1776218285.214,185.214,0.55,10.0,0.54,5.0,0.6,65.15,0.61,70.0,0.46,25.0,0.45,111.0,0.47,24.1,0.48,15.0,0.05,0.01,2336.397661,1776218283000
1776218285.687,185.687,0.59,55.0,0.58,15.0,0.6,63.45,0.61,75.0,0.4,70.05,0.39,70.0,0.41,10.0,0.42,10.0,0.01,0.01,2336.368529,1776218284000
1776218286.717,186.717,0.59,55.0,0.58,15.0,0.6,63.45,0.61,75.0,0.4,63.45,0.39,75.0,0.41,55.0,0.42,15.0,0.01,0.01,2336.368435,1776218285000
1776218286.96,186.96,0.59,5.0,0.58,5.0,0.6,78.45,0.61,80.0,0.4,63.45,0.39,75.0,0.41,55.0,0.42,15.0,0.01,0.01,2336.368435,1776218285000
1776218287.398,187.398,0.59,5.0,0.58,5.0,0.6,78.45,0.61,80.0,0.4,78.45,0.39,80.0,0.41,5.0,0.42,5.0,0.01,0.01,2336.556643,1776218286000
1776218288.181,188.181,0.59,5.0,0.58,5.0,0.6,78.45,0.61,80.0,0.4,78.45,0.39,80.0,0.41,5.0,0.42,5.0,0.01,0.01,2336.631853,1776218287000
1776218288.828,188.828,0.6,5.0,0.59,20.0,0.61,70.0,0.62,75.0,0.4,78.45,0.39,80.0,0.41,5.0,0.42,5.0,0.01,0.01,2336.631853,1776218287000
1776218289.587,189.587,0.6,5.0,0.59,20.0,0.61,70.0,0.62,75.0,0.39,70.0,0.38,75.0,0.4,5.0,0.41,20.0,0.01,0.01,2336.610528,1776218288000
1776218290.297,190.297,0.6,5.0,0.59,20.0,0.61,70.0,0.62,75.0,0.39,70.0,0.38,75.0,0.4,5.0,0.41,20.0,0.01,0.01,2336.625238,1776218289000
1776218291.642,191.642,0.6,5.0,0.59,20.0,0.61,70.0,0.62,75.0,0.39,70.0,0.38,75.0,0.4,5.0,0.41,20.0,0.01,0.01,2336.701722,1776218290000
1776218292.386,192.386,0.6,5.0,0.59,20.0,0.61,70.0,0.62,75.0,0.39,70.0,0.38,75.0,0.4,5.0,0.41,20.0,0.01,0.01,2336.791264,1776218291000
1776218292.781,192.781,0.6,110.0,0.59,25.0,0.61,130.41,0.62,85.0,0.39,163.34,0.38,85.0,0.4,81.0,0.41,20.0,0.01,0.01,2336.791264,1776218291000
1776218293.164,193.164,0.6,110.0,0.59,25.0,0.61,130.41,0.62,85.0,0.39,130.41,0.38,85.0,0.4,110.0,0.41,25.0,0.01,0.01,2336.665,1776218292000
1776218294.453,194.453,0.6,110.0,0.59,25.0,0.61,130.41,0.62,85.0,0.39,130.41,0.38,85.0,0.4,110.0,0.41,25.0,0.01,0.01,2336.784485,1776218293000
1776218294.825,194.825,0.6,140.0,0.59,25.0,0.61,59.0,0.62,10.0,0.39,130.41,0.38,85.0,0.4,110.0,0.41,25.0,0.01,0.01,2336.784485,1776218293000
1776218295.13,195.13,0.6,140.0,0.59,25.0,0.61,48.0,0.62,10.0,0.39,48.0,0.38,10.0,0.4,140.0,0.41,25.0,0.01,0.01,2336.698926,1776218294000
1776218296.227,196.227,0.61,135.0,0.6,65.0,0.63,36.4,0.64,15.0,0.39,48.0,0.38,10.0,0.4,140.0,0.41,25.0,0.02,0.01,2336.698926,1776218294000
1776218297.088,197.088,0.61,135.0,0.6,65.0,0.63,36.4,0.64,15.0,0.37,36.4,0.36,15.0,0.39,135.0,0.4,65.0,0.02,0.02,2336.697501,1776218295000
1776218297.62,197.62,0.62,130.0,0.61,54.0,0.63,31.63,0.64,20.0,0.37,31.63,0.36,20.0,0.38,130.0,0.39,54.0,0.01,0.01,2336.75785,1776218296000
1776218298.202,198.202,0.62,135.0,0.61,54.0,0.63,57.37,0.64,15.0,0.37,57.37,0.36,15.0,0.38,135.0,0.39,54.0,0.01,0.01,2336.788425,1776218297000
1776218298.815,198.815,0.62,135.0,0.61,60.0,0.63,41.37,0.64,15.0,0.37,57.37,0.36,15.0,0.38,135.0,0.39,54.0,0.01,0.01,2336.788425,1776218297000
1776218299.343,199.343,0.62,135.0,0.61,60.0,0.63,41.37,0.64,15.0,0.37,41.37,0.36,15.0,0.38,135.0,0.39,60.0,0.01,0.01,2336.901145,1776218298000
1776218299.906,199.906,0.62,130.0,0.61,110.0,0.63,16.37,0.64,15.0,0.37,16.37,0.36,15.0,0.38,130.0,0.39,110.0,0.01,0.01,2336.901145,1776218299000
1776218300.119,200.119,0.63,133.0,0.62,54.0,0.67,44.77,0.68,75.0,0.37,16.37,0.36,15.0,0.38,130.0,0.39,110.0,0.04,0.01,2336.901145,1776218299000
1776218301.033,201.033,0.63,133.0,0.62,54.0,0.67,44.77,0.68,75.0,0.33,44.77,0.32,75.0,0.37,133.0,0.38,54.0,0.04,0.04,2336.86714,1776218300000
1776218302.082,202.082,0.63,133.0,0.62,54.0,0.67,44.77,0.68,75.0,0.33,44.77,0.32,75.0,0.37,133.0,0.38,54.0,0.04,0.04,2336.877325,1776218301000
1776218303.334,203.334,0.63,133.0,0.62,54.0,0.67,44.77,0.68,75.0,0.33,44.77,0.32,75.0,0.37,133.0,0.38,54.0,0.04,0.04,2336.87237,1776218302000
1776218303.642,203.642,0.66,128.0,0.65,31.0,0.69,5.0,0.7,5.21,0.33,44.77,0.32,75.0,0.37,133.0,0.38,54.0,0.03,0.04,2336.87237,1776218302000
1776218303.869,203.869,0.66,128.0,0.65,31.0,0.71,3.19,0.72,75.0,0.29,3.19,0.28,75.0,0.34,128.0,0.35,31.0,0.05,0.05,2336.87234,1776218303000
1776218304.229,204.229,0.7,65.0,0.69,15.0,0.72,79.6,0.73,10.0,0.29,1.64,0.28,80.0,0.3,75.0,0.31,15.0,0.02,0.01,2336.87234,1776218303000
1776218304.574,204.574,0.71,75.0,0.7,19.0,0.72,69.61,0.73,10.0,0.28,79.6,0.27,10.0,0.3,49.0,0.31,15.0,0.01,0.02,2336.87234,1776218303000
1776218304.861,204.861,0.71,61.0,0.7,19.0,0.72,72.66,0.73,10.0,0.28,62.66,0.27,10.0,0.29,70.0,0.3,19.0,0.01,0.01,2336.87234,1776218303000
1776218306.077,206.077,0.71,57.0,0.7,19.0,0.72,66.66,0.73,10.0,0.28,66.66,0.27,10.0,0.29,57.0,0.3,19.0,0.01,0.01,2336.9995,1776218305000
1776218306.613,206.613,0.62,16.0,0.61,65.0,0.64,104.0,0.69,12.0,0.28,65.27,0.27,10.0,0.29,55.0,0.3,19.0,0.02,0.01,2336.9995,1776218305000
1776218306.815,206.815,0.61,70.0,0.6,15.0,0.64,81.0,0.65,5.0,0.36,104.0,0.31,12.0,0.38,16.0,0.39,65.0,0.03,0.02,2336.9995,1776218305000
1776218307.241,207.241,0.61,70.0,0.6,15.0,0.64,81.0,0.65,5.0,0.36,81.0,0.35,5.0,0.39,70.0,0.4,15.0,0.03,0.03,2337.027955,1776218306000
1776218307.794,207.794,0.63,75.0,0.62,21.0,0.64,78.9,0.65,5.0,0.36,81.0,0.35,5.0,0.39,70.0,0.4,15.0,0.01,0.03,2337.027955,1776218306000
1776218308.306,208.306,0.63,75.0,0.62,21.0,0.64,78.9,0.65,5.0,0.36,78.9,0.35,5.0,0.37,75.0,0.38,21.0,0.01,0.01,2336.9133,1776218307000
1776218308.901,208.901,0.63,75.0,0.62,21.0,0.64,78.9,0.65,5.0,0.36,78.9,0.35,5.0,0.37,75.0,0.38,21.0,0.01,0.01,2336.91315,1776218308000
1776218310.074,210.074,0.63,75.0,0.62,21.0,0.64,78.9,0.65,5.0,0.36,78.9,0.35,5.0,0.37,75.0,0.38,21.0,0.01,0.01,2336.834456,1776218309000
1776218310.516,210.516,0.63,18.1,0.62,26.0,0.64,67.18,0.65,5.0,0.36,80.0,0.35,5.0,0.37,23.1,0.38,26.0,0.01,0.01,2336.834456,1776218309000
1776218311.591,211.591,0.63,21.34,0.62,26.0,0.64,72.18,0.65,5.0,0.36,72.18,0.35,5.0,0.37,21.34,0.38,26.0,0.01,0.01,2336.836079,1776218310000
1776218311.942,211.942,0.63,16.34,0.62,26.0,0.64,70.61,0.65,5.0,0.36,72.18,0.35,5.0,0.37,21.34,0.38,26.0,0.01,0.01,2336.836079,1776218310000
1776218313.109,213.109,0.63,16.34,0.62,26.0,0.64,70.61,0.65,5.0,0.36,70.61,0.35,5.0,0.37,16.34,0.38,26.0,0.01,0.01,2336.838579,1776218312000
1776218314.078,214.078,0.63,16.34,0.62,26.0,0.64,70.61,0.65,5.0,0.36,70.61,0.35,5.0,0.37,16.34,0.38,26.0,0.01,0.01,2336.838223,1776218313000
1776218314.628,214.628,0.63,41.34,0.62,26.0,0.64,49.61,0.66,5.0,0.36,70.61,0.35,5.0,0.37,16.34,0.38,26.0,0.01,0.01,2336.838223,1776218313000
1776218315.161,215.161,0.63,41.34,0.62,26.0,0.64,7.61,0.66,5.0,0.36,7.61,0.34,5.0,0.37,41.34,0.38,26.0,0.01,0.01,2336.83794,1776218314000
1776218316.075,216.075,0.63,41.34,0.62,26.0,0.64,7.61,0.66,5.0,0.36,7.61,0.34,5.0,0.37,41.34,0.38,26.0,0.01,0.01,2336.876127,1776218315000
1776218317.037,217.037,0.63,41.34,0.62,26.0,0.64,7.61,0.66,5.0,0.36,7.61,0.34,5.0,0.37,41.34,0.38,26.0,0.01,0.01,2336.884953,1776218316000
1776218317.507,217.507,0.69,48.0,0.68,30.0,0.7,81.0,0.74,11.0,0.3,73.0,0.29,5.0,0.31,53.0,0.32,30.0,0.01,0.01,2336.884953,1776218316000
1776218317.809,217.809,0.69,40.0,0.68,30.0,0.7,72.0,0.74,11.0,0.3,82.0,0.26,11.0,0.31,48.0,0.32,30.0,0.01,0.01,2336.884953,1776218316000
1776218318.096,218.096,0.69,40.0,0.68,30.0,0.7,72.0,0.74,11.0,0.3,72.0,0.26,11.0,0.31,40.0,0.32,30.0,0.01,0.01,2336.91557,1776218317000
1776218318.589,218.589,0.68,4.0,0.67,15.0,0.69,20.0,0.7,59.0,0.31,5.0,0.3,74.0,0.34,10.0,0.35,10.0,0.01,0.03,2336.91557,1776218317000
1776218318.872,218.872,0.66,10.0,0.65,10.0,0.69,25.0,0.7,59.0,0.31,20.0,0.3,59.0,0.32,4.0,0.33,15.0,0.03,0.01,2336.91557,1776218317000
1776218319.1,219.1,0.66,10.0,0.65,10.0,0.69,25.0,0.7,59.0,0.31,25.0,0.3,59.0,0.34,10.0,0.35,10.0,0.03,0.03,2337.025404,1776218318000
1776218320.148,220.148,0.66,10.0,0.65,10.0,0.69,25.0,0.7,59.0,0.31,25.0,0.3,59.0,0.34,10.0,0.35,10.0,0.03,0.03,2336.955856,1776218319000
1776218321.092,221.092,0.66,10.0,0.65,10.0,0.69,25.0,0.7,59.0,0.31,25.0,0.3,59.0,0.34,10.0,0.35,10.0,0.03,0.03,2336.961996,1776218320000
1776218322.062,222.062,0.66,10.0,0.65,10.0,0.69,25.0,0.7,59.0,0.31,25.0,0.3,59.0,0.34,10.0,0.35,10.0,0.03,0.03,2336.892099,1776218321000
1776218322.445,222.445,0.67,15.0,0.66,15.0,0.68,7.0,0.69,5.0,0.31,25.0,0.3,59.0,0.34,10.0,0.35,10.0,0.01,0.03,2336.892099,1776218321000
1776218323.004,223.004,0.67,15.0,0.66,15.0,0.68,7.0,0.69,5.0,0.32,7.0,0.31,5.0,0.33,15.0,0.34,15.0,0.01,0.01,2336.890658,1776218322000
1776218323.811,223.811,0.66,15.0,0.65,15.0,0.68,17.0,0.69,5.0,0.32,7.0,0.31,5.0,0.33,15.0,0.34,15.0,0.02,0.01,2336.890658,1776218322000
1776218324.054,224.054,0.67,33.15,0.66,15.0,0.68,15.0,0.69,5.0,0.32,17.0,0.31,5.0,0.34,15.0,0.35,15.0,0.01,0.02,2336.890658,1776218322000
1776218324.471,224.471,0.67,33.15,0.66,15.0,0.68,15.0,0.69,5.0,0.32,15.0,0.31,5.0,0.33,33.15,0.34,15.0,0.01,0.01,2336.886801,1776218323000
1776218325.036,225.036,0.67,33.15,0.66,15.0,0.68,15.0,0.69,5.0,0.32,15.0,0.31,5.0,0.33,33.15,0.34,15.0,0.01,0.01,2336.883322,1776218324000
1776218326.109,226.109,0.67,33.15,0.66,15.0,0.68,15.0,0.69,5.0,0.32,15.0,0.31,5.0,0.33,33.15,0.34,15.0,0.01,0.01,2336.883269,1776218325000
1776218326.363,226.363,0.67,33.15,0.66,15.0,0.68,3.32,0.69,5.0,0.32,15.0,0.31,5.0,0.33,33.15,0.34,15.0,0.01,0.01,2336.883269,1776218325000
1776218327.293,227.293,0.67,33.15,0.66,15.0,0.68,3.32,0.69,5.0,0.32,3.32,0.31,5.0,0.33,33.15,0.34,15.0,0.01,0.01,2336.868567,1776218326000
1776218328.296,228.296,0.67,33.15,0.66,15.0,0.68,3.32,0.69,5.0,0.32,3.32,0.31,5.0,0.33,33.15,0.34,15.0,0.01,0.01,2336.868567,1776218327000
1776218328.875,228.875,0.68,16.87,0.67,23.15,0.69,5.0,0.7,57.0,0.32,3.32,0.31,5.0,0.33,33.15,0.34,15.0,0.01,0.01,2336.868567,1776218327000
1776218329.251,229.251,0.68,16.87,0.67,23.15,0.69,5.0,0.7,57.0,0.31,5.0,0.3,57.0,0.32,16.87,0.33,23.15,0.01,0.01,2336.868787,1776218328000
1776218329.601,229.601,0.68,11.87,0.67,28.15,0.7,44.65,0.73,6.0,0.31,5.0,0.3,57.0,0.32,16.87,0.33,23.15,0.02,0.01,2336.868787,1776218328000
1776218330.307,230.307,0.68,11.87,0.67,28.15,0.7,44.65,0.73,6.0,0.3,44.65,0.27,6.0,0.32,11.87,0.33,28.15,0.02,0.02,2336.868778,1776218329000
1776218331.433,231.433,0.68,11.87,0.67,28.15,0.7,44.65,0.73,6.0,0.3,44.65,0.27,6.0,0.32,11.87,0.33,28.15,0.02,0.02,2336.869381,1776218330000
1776218331.905,231.905,0.69,15.0,0.68,11.87,0.7,57.65,0.71,5.0,0.3,44.65,0.27,6.0,0.32,11.87,0.33,28.15,0.01,0.02,2336.869381,1776218330000
1776218333.013,233.013,0.69,15.0,0.68,11.87,0.7,57.65,0.71,5.0,0.3,57.65,0.29,5.0,0.31,15.0,0.32,11.87,0.01,0.01,2336.861231,1776218332000
1776218334.058,234.058,0.69,15.0,0.68,11.87,0.7,57.65,0.71,5.0,0.3,57.65,0.29,5.0,0.31,15.0,0.32,11.87,0.01,0.01,2336.895298,1776218333000
1776218335.024,235.024,0.69,15.0,0.68,11.87,0.7,57.65,0.71,5.0,0.3,57.65,0.29,5.0,0.31,15.0,0.32,11.87,0.01,0.01,2336.863281,1776218334000
1776218335.868,235.868,0.69,40.0,0.68,16.87,0.7,3.0,0.71,5.0,0.3,57.65,0.29,5.0,0.31,15.0,0.32,11.87,0.01,0.01,2336.863281,1776218334000
1776218337.005,237.005,0.69,40.0,0.68,16.87,0.74,7.0,0.75,24.63,0.26,7.0,0.25,24.63,0.31,40.0,0.32,16.87,0.05,0.05,2336.995865,1776218336000
1776218338.06,238.06,0.69,40.0,0.68,16.87,0.74,7.0,0.75,24.63,0.26,7.0,0.25,24.63,0.31,40.0,0.32,16.87,0.05,0.05,2336.980156,1776218337000
1776218338.364,238.364,0.74,30.0,0.73,20.0,0.75,40.45,0.76,100.13,0.25,42.69,0.24,100.13,0.26,30.0,0.27,20.0,0.01,0.01,2336.980156,1776218337000
1776218338.676,238.676,0.74,14.23,0.73,20.0,0.75,45.45,0.76,100.13,0.25,35.45,0.24,100.13,0.26,35.0,0.27,20.0,0.01,0.01,2336.980156,1776218337000
1776218338.991,238.991,0.74,14.23,0.73,20.0,0.75,45.45,0.76,100.13,0.25,45.45,0.24,100.13,0.26,14.23,0.27,20.0,0.01,0.01,2337.003048,1776218338000
1776218339.967,239.967,0.74,19.61,0.73,20.0,0.75,19.4,0.76,100.13,0.25,45.45,0.24,100.13,0.26,9.61,0.27,20.0,0.01,0.01,2337.003048,1776218338000
1776218340.407,240.407,0.74,14.61,0.73,20.0,0.75,27.73,0.76,80.43,0.25,19.4,0.24,100.13,0.26,19.61,0.27,20.0,0.01,0.01,2337.003093,1776218339000
1776218340.999,240.999,0.74,9.61,0.73,20.0,0.75,26.73,0.76,80.43,0.25,26.73,0.24,80.43,0.26,9.61,0.27,20.0,0.01,0.01,2337.00214,1776218340000
1776218341.252,241.252,0.74,9.61,0.73,20.0,0.75,15.0,0.76,83.0,0.25,26.73,0.24,80.43,0.26,9.61,0.27,20.0,0.01,0.01,2337.00214,1776218340000
1776218342.032,242.032,0.73,12.65,0.72,15.0,0.75,20.0,0.76,83.0,0.25,15.0,0.24,83.0,0.26,9.61,0.27,20.0,0.02,0.01,2337.00214,1776218340000
1776218342.489,242.489,0.72,8.0,0.71,10.0,0.74,25.0,0.75,15.0,0.25,20.0,0.24,83.0,0.27,12.65,0.28,15.0,0.02,0.02,2337.0043,1776218341000
1776218343.109,243.109,0.68,16.0,0.67,20.0,0.69,44.0,0.74,30.0,0.31,44.0,0.26,30.0,0.32,16.0,0.33,20.0,0.01,0.01,2337.004509,1776218342000
1776218344.056,244.056,0.68,16.0,0.67,20.0,0.69,44.0,0.74,30.0,0.31,44.0,0.26,30.0,0.32,16.0,0.33,20.0,0.01,0.01,2337.004349,1776218343000
1776218344.716,244.716,0.53,14.9,0.52,15.0,0.54,20.0,0.55,15.0,0.31,44.0,0.26,30.0,0.32,16.0,0.33,20.0,0.01,0.01,2337.004349,1776218343000
1776218344.979,244.979,0.53,23.01,0.52,20.0,0.54,20.0,0.55,30.0,0.46,20.0,0.45,30.0,0.47,12.27,0.48,20.0,0.01,0.01,2337.004349,1776218343000
1776218345.388,245.388,0.52,4.89,0.51,60.0,0.53,32.53,0.54,27.0,0.46,20.0,0.45,30.0,0.48,19.89,0.49,65.0,0.01,0.02,2336.89095,1776218344000
1776218345.648,245.648,0.51,36.79,0.5,15.0,0.52,11.71,0.53,22.53,0.47,37.53,0.46,27.0,0.49,36.79,0.5,15.0,0.01,0.02,2336.89095,1776218344000
1776218346.145,246.145,0.51,36.79,0.5,15.0,0.52,11.71,0.53,22.53,0.48,11.71,0.47,22.53,0.49,36.79,0.5,15.0,0.01,0.01,2336.85297,1776218345000
1776218347.106,247.106,0.51,36.79,0.5,15.0,0.52,11.71,0.53,22.53,0.48,11.71,0.47,22.53,0.49,36.79,0.5,15.0,0.01,0.01,2336.462293,1776218346000
1776218348.124,248.124,0.51,36.79,0.5,15.0,0.52,11.71,0.53,22.53,0.48,11.71,0.47,22.53,0.49,36.79,0.5,15.0,0.01,0.01,2336.3641,1776218347000
1776218349.107,249.107,0.51,36.79,0.5,15.0,0.52,11.71,0.53,22.53,0.48,11.71,0.47,22.53,0.49,36.79,0.5,15.0,0.01,0.01,2336.340313,1776218348000
1776218349.62,249.62,0.51,44.74,0.5,5.0,0.52,33.71,0.53,17.53,0.48,11.71,0.47,22.53,0.49,36.79,0.5,15.0,0.01,0.01,2336.340313,1776218348000
1776218350.112,250.112,0.4,10.0,0.39,10.0,0.45,17.0,0.46,10.0,0.49,11.0,0.48,32.0,0.5,5.0,0.51,15.0,0.05,0.01,2336.340313,1776218348000
1776218350.381,250.381,0.34,10.0,0.31,59.0,0.37,0.91,0.38,16.0,0.62,10.0,0.61,29.19,0.64,28.98,0.65,5.0,0.03,0.02,2336.340305,1776218349000
1776218350.687,250.687,0.28,12.69,0.27,70.0,0.29,15.0,0.3,15.0,0.71,5.0,0.7,10.0,0.72,16.27,0.73,76.0,0.01,0.01,2336.340305,1776218349000
1776218350.974,250.974,0.27,36.43,0.26,70.0,0.28,14.64,0.29,15.0,0.72,9.64,0.71,15.0,0.73,41.9,0.74,70.0,0.01,0.01,2336.340305,1776218349000
1776218351.228,251.228,0.27,5.0,0.26,84.76,0.29,14.64,0.3,10.0,0.72,24.64,0.71,15.0,0.74,62.76,0.75,29.2,0.02,0.02,2336.340305,1776218349000
1776218351.574,251.574,0.28,8.91,0.27,5.0,0.29,14.64,0.3,15.0,0.71,14.64,0.7,10.0,0.73,5.0,0.74,67.76,0.01,0.02,2336.348313,1776218350000
1776218352.536,252.536,0.29,7.0,0.28,80.91,0.3,15.0,0.31,10.0,0.71,9.64,0.7,15.0,0.72,3.91,0.73,5.0,0.01,0.01,2336.348313,1776218350000
1776218353.044,253.044,0.34,4.96,0.33,30.0,0.35,26.0,0.36,81.0,0.64,21.0,0.63,0.91,0.67,30.0,0.68,5.0,0.01,0.03,2336.129454,1776218351000
1776218353.463,253.463,0.34,4.96,0.33,30.0,0.35,26.0,0.36,81.0,0.65,26.0,0.64,81.0,0.66,4.96,0.67,30.0,0.01,0.01,2336.001,1776218352000
1776218353.691,253.691,0.33,30.0,0.32,10.0,0.34,22.03,0.35,36.0,0.65,26.0,0.64,81.0,0.66,4.96,0.67,30.0,0.01,0.01,2336.001,1776218352000
1776218354.172,254.172,0.33,30.0,0.32,10.0,0.34,22.03,0.35,36.0,0.66,22.03,0.65,36.0,0.67,30.0,0.68,10.0,0.01,0.01,2335.951055,1776218353000
1776218354.768,254.768,0.33,33.46,0.32,10.0,0.34,37.03,0.35,16.0,0.66,22.03,0.65,36.0,0.67,30.0,0.68,10.0,0.01,0.01,2335.951055,1776218353000
1776218355.004,255.004,0.33,23.53,0.32,10.0,0.34,37.03,0.35,16.0,0.66,37.03,0.65,16.0,0.67,33.46,0.68,10.0,0.01,0.01,2335.951055,1776218353000
1776218355.526,255.526,0.33,23.53,0.32,10.0,0.34,37.03,0.35,16.0,0.66,37.03,0.65,16.0,0.67,23.53,0.68,10.0,0.01,0.01,2335.980705,1776218354000
1776218355.757,255.757,0.33,26.89,0.32,10.0,0.34,42.03,0.35,16.0,0.66,37.03,0.65,16.0,0.67,23.53,0.68,10.0,0.01,0.01,2335.980705,1776218354000
1776218356.197,256.197,0.33,26.89,0.32,10.0,0.34,42.03,0.35,16.0,0.66,42.03,0.65,16.0,0.67,26.89,0.68,10.0,0.01,0.01,2335.984341,1776218355000
1776218357.024,257.024,0.33,78.89,0.32,25.0,0.34,11.03,0.36,11.0,0.66,42.03,0.65,16.0,0.67,26.89,0.68,10.0,0.01,0.01,2335.984341,1776218355000
1776218357.421,257.421,0.37,15.63,0.35,11.0,0.39,10.0,0.4,14.72,0.6,14.72,0.59,60.0,0.67,73.89,0.68,25.0,0.02,0.07,2335.984341,1776218355000
1776218357.696,257.696,0.37,15.63,0.35,11.0,0.39,10.0,0.4,14.72,0.61,10.0,0.6,14.72,0.63,15.63,0.65,11.0,0.02,0.02,2335.996817,1776218356000
1776218358.557,258.557,0.37,15.63,0.35,11.0,0.39,10.0,0.4,14.72,0.61,10.0,0.6,14.72,0.63,15.63,0.65,11.0,0.02,0.02,2336.053419,1776218357000
1776218358.995,258.995,0.37,7.69,0.36,5.0,0.38,20.0,0.39,10.0,0.61,10.0,0.6,14.72,0.63,15.63,0.65,11.0,0.01,0.02,2336.053419,1776218357000
1776218359.331,259.331,0.35,13.3,0.34,25.0,0.36,10.0,0.37,10.0,0.62,20.0,0.61,10.0,0.63,7.69,0.64,5.0,0.01,0.01,2336.19584,1776218358000
1776218360.623,260.623,0.35,8.3,0.34,25.0,0.36,5.83,0.37,10.0,0.64,5.83,0.63,10.0,0.65,8.3,0.66,25.0,0.01,0.01,2336.208255,1776218359000
1776218361.478,261.478,0.35,8.3,0.34,25.0,0.36,5.83,0.37,10.0,0.64,5.83,0.63,10.0,0.65,8.3,0.66,25.0,0.01,0.01,2336.293687,1776218360000
1776218362.173,262.173,0.35,8.3,0.34,25.0,0.36,5.83,0.37,10.0,0.64,5.83,0.63,10.0,0.65,8.3,0.66,25.0,0.01,0.01,2336.170689,1776218361000
1776218362.623,262.623,0.48,32.0,0.47,5.0,0.51,4.96,0.52,40.0,0.5,7.86,0.49,10.0,0.6,102.0,0.61,43.0,0.03,0.1,2336.170689,1776218361000
1776218363.844,263.844,0.48,32.0,0.47,5.0,0.51,4.96,0.52,40.0,0.49,4.96,0.48,40.0,0.52,32.0,0.53,5.0,0.03,0.03,2336.195392,1776218362000
1776218364.305,264.305,0.48,18.03,0.47,15.0,0.49,25.0,0.5,24.4,0.49,4.96,0.48,40.0,0.52,32.0,0.53,5.0,0.01,0.03,2336.195392,1776218362000
1776218364.661,264.661,0.48,18.03,0.47,15.0,0.49,25.0,0.5,24.4,0.51,25.0,0.5,24.4,0.52,18.03,0.53,15.0,0.01,0.01,2336.255078,1776218363000
1776218365.365,265.365,0.48,18.03,0.47,15.0,0.49,25.0,0.5,24.4,0.51,25.0,0.5,24.4,0.52,18.03,0.53,15.0,0.01,0.01,2336.30747,1776218364000
1776218365.671,265.671,0.48,45.03,0.47,15.0,0.54,10.0,0.56,70.0,0.51,25.0,0.5,24.4,0.52,18.03,0.53,15.0,0.06,0.01,2336.30747,1776218364000
1776218366.037,266.037,0.55,27.0,0.54,15.0,0.57,140.0,0.58,10.0,0.44,7.12,0.43,140.0,0.47,47.0,0.48,15.0,0.02,0.03,2336.30747,1776218364000
1776218366.27,266.27,0.56,17.0,0.55,22.0,0.57,140.0,0.58,10.0,0.43,140.0,0.42,10.0,0.45,27.0,0.46,15.0,0.01,0.02,2336.347747,1776218365000
1776218367.564,267.564,0.56,17.0,0.55,22.0,0.57,140.0,0.58,10.0,0.43,140.0,0.42,10.0,0.44,17.0,0.45,22.0,0.01,0.01,2336.305945,1776218366000
1776218367.875,267.875,0.56,12.0,0.55,12.0,0.57,160.0,0.58,10.0,0.43,140.0,0.42,10.0,0.44,17.0,0.45,22.0,0.01,0.01,2336.305945,1776218366000
1776218368.183,268.183,0.56,12.0,0.55,12.0,0.57,160.0,0.58,10.0,0.43,160.0,0.42,10.0,0.44,12.0,0.45,12.0,0.01,0.01,2336.323839,1776218367000
1776218368.4,268.4,0.44,10.0,0.34,26.0,0.56,15.0,0.57,56.0,0.43,51.0,0.42,15.0,0.47,9.0,0.56,10.0,0.12,0.04,2336.323839,1776218367000
1776218368.625,268.625,0.33,8.75,0.32,16.5,0.34,10.0,0.35,10.0,0.55,35.0,0.54,10.0,0.67,13.19,0.68,16.5,0.01,0.12,2336.323839,1776218367000
1776218368.888,268.888,0.33,13.75,0.32,21.5,0.34,20.26,0.35,20.0,0.66,20.0,0.65,20.0,0.67,8.75,0.68,16.5,0.01,0.01,2336.323839,1776218367000
1776218369.254,269.254,0.33,13.75,0.32,21.5,0.34,2.64,0.35,20.0,0.66,3.41,0.65,20.0,0.67,13.75,0.68,21.5,0.01,0.01,2336.323839,1776218367000
1776218369.676,269.676,0.33,23.75,0.32,21.5,0.36,23.61,0.37,80.0,0.66,2.64,0.65,20.0,0.67,13.75,0.68,21.5,0.03,0.01,2336.323839,1776218367000
1776218370.084,270.084,0.33,45.75,0.32,31.5,0.35,6.85,0.36,38.61,0.64,23.61,0.63,80.0,0.67,23.75,0.68,21.5,0.02,0.03,2336.381076,1776218368000
1776218370.423,270.423,0.35,27.0,0.34,15.0,0.42,10.0,0.43,10.0,0.65,6.85,0.64,38.61,0.67,45.75,0.68,31.5,0.07,0.02,2336.381076,1776218368000
1776218370.713,270.713,0.4,12.45,0.39,10.0,0.44,47.0,0.45,27.0,0.57,10.0,0.56,47.0,0.58,60.0,0.6,20.0,0.04,0.01,2336.381076,1776218368000
1776218370.984,270.984,0.43,10.0,0.42,5.0,0.44,52.0,0.45,27.0,0.56,47.0,0.55,27.0,0.6,12.45,0.61,10.0,0.01,0.04,2336.249409,1776218369000
1776218371.193,271.193,0.42,5.0,0.41,10.0,0.44,57.0,0.45,27.0,0.56,52.0,0.55,27.0,0.57,10.0,0.58,5.0,0.02,0.01,2336.249409,1776218369000
1776218371.934,271.934,0.43,383.0,0.42,69.0,0.69,44.0,0.71,50.0,0.56,57.0,0.55,27.0,0.58,5.0,0.59,10.0,0.26,0.02,2336.206198,1776218370000
1776218372.221,272.221,0.68,54.0,0.67,15.0,0.69,16.56,0.72,30.0,0.31,35.38,0.29,50.0,0.32,27.0,0.33,80.0,0.01,0.01,2336.206198,1776218370000
1776218372.631,272.631,0.74,12.09,0.73,15.0,0.75,31.2,0.76,139.7,0.25,19.2,0.24,69.7,0.26,3.85,0.27,10.0,0.01,0.01,2336.23981,1776218371000
1776218372.938,272.938,0.74,17.09,0.73,15.0,0.75,12.04,0.76,139.7,0.25,12.04,0.24,139.7,0.26,17.09,0.27,15.0,0.01,0.01,2336.23981,1776218372000
1776218373.138,273.138,0.75,22.0,0.74,8.85,0.76,95.13,0.77,35.3,0.24,90.13,0.23,35.3,0.26,12.09,0.27,15.0,0.01,0.02,2336.23981,1776218372000
1776218373.508,273.508,0.75,9.16,0.74,8.85,0.76,75.43,0.77,10.0,0.24,75.43,0.23,15.0,0.25,4.16,0.26,8.85,0.01,0.01,2336.23981,1776218372000
1776218374.005,274.005,0.75,9.16,0.74,8.85,0.76,75.43,0.77,10.0,0.24,75.43,0.23,10.0,0.25,9.16,0.26,8.85,0.01,0.01,2336.55247,1776218373000
1776218374.354,274.354,0.74,6.73,0.73,15.0,0.76,85.43,0.77,10.0,0.24,75.43,0.23,10.0,0.25,2.36,0.26,8.85,0.02,0.01,2336.55247,1776218373000
1776218375.111,275.111,0.74,6.73,0.73,15.0,0.76,85.43,0.77,10.0,0.24,85.43,0.23,10.0,0.26,6.73,0.27,15.0,0.02,0.02,2336.707643,1776218374000
1776218375.589,275.589,0.74,8.85,0.73,15.0,0.75,14.0,0.76,75.43,0.24,85.43,0.23,10.0,0.26,6.73,0.27,15.0,0.01,0.02,2336.707643,1776218374000
1776218375.936,275.936,0.74,3.85,0.73,15.0,0.76,74.83,0.77,5.0,0.25,14.0,0.24,75.43,0.26,8.85,0.27,15.0,0.02,0.01,2336.707643,1776218374000
1776218376.147,276.147,0.74,3.85,0.73,15.0,0.76,74.83,0.77,5.0,0.24,74.83,0.23,5.0,0.26,3.85,0.27,15.0,0.02,0.02,2336.712043,1776218375000
1776218376.867,276.867,0.75,10.0,0.74,3.85,0.76,79.83,0.77,5.0,0.24,74.83,0.23,5.0,0.26,3.85,0.27,15.0,0.01,0.02,2336.712043,1776218375000
1776218377.097,277.097,0.75,5.0,0.74,3.85,0.76,73.25,0.77,5.0,0.24,79.83,0.23,5.0,0.25,10.0,0.26,3.85,0.01,0.01,2336.712043,1776218375000
1776218378.364,278.364,0.75,5.0,0.74,3.85,0.76,73.25,0.77,5.0,0.24,73.25,0.23,5.0,0.25,5.0,0.26,3.85,0.01,0.01,2336.705221,1776218377000
1776218378.825,278.825,0.68,10.0,0.67,20.0,0.7,225.0,0.71,22.0,0.3,68.0,0.28,10.0,0.31,10.0,0.32,22.0,0.02,0.01,2336.705221,1776218377000
1776218379.461,279.461,0.56,49.9,0.52,40.0,0.57,10.0,0.58,10.0,0.3,225.0,0.29,22.0,0.32,10.0,0.33,20.0,0.01,0.02,2336.705326,1776218378000
1776218380.07,280.07,0.56,59.9,0.52,40.0,0.57,3.65,0.58,10.0,0.43,3.65,0.42,10.0,0.44,59.9,0.48,40.0,0.01,0.01,2336.70335,1776218379000
1776218381.1,281.1,0.56,59.9,0.52,40.0,0.57,3.65,0.58,10.0,0.43,3.65,0.42,10.0,0.44,59.9,0.48,40.0,0.01,0.01,2336.682525,1776218380000
1776218382.158,282.158,0.56,59.9,0.52,40.0,0.57,3.65,0.58,10.0,0.43,3.65,0.42,10.0,0.44,59.9,0.48,40.0,0.01,0.01,2336.542303,1776218381000
1776218382.49,282.49,0.55,2.0,0.54,15.0,0.56,10.0,0.57,20.0,0.43,20.0,0.35,10.0,0.47,1.7,0.48,10.0,0.01,0.04,2336.542303,1776218381000
1776218383.072,283.072,0.53,29.87,0.52,15.0,0.54,5.0,0.55,10.0,0.46,5.0,0.45,10.0,0.47,10.0,0.48,10.0,0.01,0.01,2336.542303,1776218381000
1776218383.782,283.782,0.66,15.0,0.65,15.0,0.67,6.89,0.7,68.0,0.46,5.0,0.45,10.0,0.47,29.87,0.48,15.0,0.01,0.01,2336.516655,1776218382000
1776218383.985,283.985,0.72,15.0,0.71,10.0,0.74,9.9,0.75,10.0,0.25,10.0,0.24,80.0,0.31,10.0,0.32,10.0,0.02,0.06,2336.516655,1776218382000
1776218384.545,284.545,0.74,15.0,0.73,15.0,0.76,84.5,0.77,15.0,0.26,3.24,0.25,10.0,0.28,20.0,0.29,10.0,0.02,0.02,2336.516655,1776218382000
1776218384.953,284.953,0.75,15.0,0.74,15.0,0.76,87.57,0.77,20.0,0.24,84.5,0.23,15.0,0.26,15.0,0.27,15.0,0.01,0.02,2336.518878,1776218383000
1776218385.183,285.183,0.75,15.0,0.74,15.0,0.76,87.57,0.77,20.0,0.24,87.57,0.23,20.0,0.25,15.0,0.26,15.0,0.01,0.01,2336.519922,1776218384000
1776218385.622,285.622,0.75,5.0,0.74,15.0,0.76,11.37,0.77,20.0,0.24,87.57,0.23,20.0,0.25,15.0,0.26,15.0,0.01,0.01,2336.519922,1776218384000
1776218386.245,286.245,0.75,5.0,0.74,15.0,0.76,11.37,0.77,20.0,0.24,11.37,0.23,20.0,0.25,5.0,0.26,15.0,0.01,0.01,2336.595809,1776218385000
1776218386.912,286.912,0.66,60.0,0.63,30.0,0.74,30.0,0.75,15.0,0.24,21.37,0.23,90.0,0.27,5.0,0.34,60.0,0.08,0.03,2336.595809,1776218385000
1776218387.349,287.349,0.66,60.0,0.63,30.0,0.74,30.0,0.75,15.0,0.26,30.0,0.25,15.0,0.34,60.0,0.37,30.0,0.08,0.08,2336.581733,1776218386000
1776218387.734,287.734,0.66,65.0,0.65,20.0,0.68,0.85,0.69,10.0,0.26,30.0,0.25,15.0,0.34,60.0,0.37,30.0,0.02,0.08,2336.581733,1776218386000
1776218388.074,288.074,0.67,17.0,0.66,70.0,0.7,4.33,0.71,10.0,0.32,0.85,0.31,10.0,0.34,65.0,0.35,20.0,0.03,0.02,2336.581733,1776218386000
1776218388.276,288.276,0.69,10.0,0.68,10.0,0.71,5.18,0.72,10.0,0.29,5.18,0.28,10.0,0.31,10.0,0.32,10.0,0.02,0.02,2336.588533,1776218387000
1776218389.193,289.193,0.69,10.0,0.68,10.0,0.71,5.18,0.72,10.0,0.29,5.18,0.28,10.0,0.31,10.0,0.32,10.0,0.02,0.02,2336.582615,1776218388000
1776218389.796,289.796,0.71,65.0,0.7,10.0,0.72,4.0,0.73,15.0,0.28,6.66,0.27,15.0,0.29,72.0,0.3,10.0,0.01,0.01,2336.582615,1776218388000
1776218390.309,290.309,0.71,65.0,0.7,10.0,0.72,4.0,0.73,15.0,0.28,4.0,0.27,15.0,0.29,65.0,0.3,10.0,0.01,0.01,2336.583023,1776218389000
1776218390.582,290.582,0.71,65.0,0.7,10.0,0.72,8.64,0.73,10.0,0.28,4.0,0.27,15.0,0.29,65.0,0.3,10.0,0.01,0.01,2336.583023,1776218389000
1776218391.327,291.327,0.71,65.0,0.7,10.0,0.72,8.64,0.73,10.0,0.28,8.64,0.27,10.0,0.29,65.0,0.3,10.0,0.01,0.01,2336.580902,1776218390000
1776218391.896,291.896,0.71,65.0,0.7,10.0,0.72,8.64,0.73,10.0,0.28,8.64,0.27,10.0,0.29,65.0,0.3,10.0,0.01,0.01,2336.580897,1776218391000
1776218392.379,292.379,0.73,10.0,0.72,10.0,0.74,5.0,0.75,75.0,0.28,8.64,0.27,10.0,0.29,65.0,0.3,10.0,0.01,0.01,2336.580897,1776218391000
1776218392.989,292.989,0.73,10.0,0.72,10.0,0.74,5.0,0.75,75.0,0.26,5.0,0.25,75.0,0.27,10.0,0.28,10.0,0.01,0.01,2336.581947,1776218392000
1776218393.29,293.29,0.73,10.0,0.72,40.0,0.74,8.65,0.75,75.0,0.26,5.0,0.25,75.0,0.27,10.0,0.28,10.0,0.01,0.01,2336.581947,1776218392000
1776218393.596,293.596,0.74,10.0,0.73,5.0,0.77,142.29,0.78,10.0,0.25,37.29,0.23,145.0,0.26,10.0,0.27,5.0,0.03,0.01,2336.581947,1776218392000
1776218394.097,294.097,0.74,10.0,0.73,5.0,0.77,142.29,0.78,10.0,0.23,142.29,0.22,10.0,0.26,10.0,0.27,5.0,0.03,0.03,2336.581672,1776218393000
1776218394.673,294.673,0.76,10.0,0.75,10.0,0.77,134.3,0.8,5.0,0.23,142.29,0.22,10.0,0.26,10.0,0.27,5.0,0.01,0.03,2336.581672,1776218393000
1776218395.186,295.186,0.76,10.0,0.75,10.0,0.77,134.3,0.8,5.0,0.23,134.3,0.2,5.0,0.24,10.0,0.25,10.0,0.01,0.01,2336.58783,1776218394000
1776218395.531,295.531,0.81,15.0,0.8,10.0,0.83,20.94,0.84,10.0,0.2,2.61,0.17,10.0,0.21,22.0,0.22,15.0,0.02,0.01,2336.58783,1776218394000
1776218395.795,295.795,0.81,14.0,0.8,15.0,0.83,5.0,0.84,10.0,0.17,20.94,0.16,10.0,0.19,15.0,0.2,10.0,0.02,0.02,2336.58783,1776218394000
1776218396.165,296.165,0.82,15.0,0.81,85.0,0.83,14.73,0.85,10.0,0.17,8.79,0.16,10.0,0.19,14.0,0.2,15.0,0.01,0.02,2336.58783,1776218394000
1776218396.437,296.437,0.87,15.0,0.86,10.0,0.91,10.21,0.92,5.0,0.12,15.0,0.1,15.21,0.13,10.0,0.14,10.0,0.04,0.01,2336.58783,1776218395000
1776218397.279,297.279,0.93,10.0,0.92,10.0,0.94,77.58,0.95,60.64,0.09,49.82,0.08,5.0,0.1,10.0,0.11,10.0,0.01,0.01,2336.58783,1776218395000
1776218397.559,297.559,0.93,10.0,0.92,10.0,0.94,29.04,0.95,60.64,0.06,23.21,0.05,60.64,0.07,10.0,0.08,10.0,0.01,0.01,2336.656427,1776218396000
1776218397.834,297.834,0.94,20.0,0.93,15.0,0.95,3.68,0.96,20.0,0.05,10.68,0.04,20.0,0.07,10.0,0.08,10.0,0.01,0.02,2336.656427,1776218396000
1776218398.317,298.317,0.94,20.0,0.93,15.0,0.96,9.15,0.97,215.54,0.04,9.15,0.03,215.54,0.06,20.0,0.07,15.0,0.02,0.02,2336.590043,1776218397000
1776218398.521,298.521,0.96,84.14,0.95,20.0,0.97,19.78,0.98,173.0,0.03,37.78,0.02,173.0,0.04,79.14,0.05,15.0,0.01,0.01,2336.590043,1776218397000
1776218398.748,298.748,0.96,64.14,0.95,15.0,0.97,9.47,0.98,173.0,0.03,9.47,0.02,173.0,0.04,89.14,0.05,15.0,0.01,0.01,2336.590043,1776218397000
1776218398.993,298.993,0.96,49.14,0.95,15.0,0.98,43.05,0.99,986.0,0.02,43.05,0.01,986.0,0.04,49.14,0.05,15.0,0.02,0.02,2336.590397,1776218398000
1776218399.484,299.484,0.99,715.0,0.98,10.0,,,,,,,,,0.01,20.56,0.03,48.12,,,2336.590397,1776218398000
1776218400.02,300.02,0.99,769.0,0.98,10.0,,,,,,,,,0.01,769.0,0.02,10.0,,,2336.595272,1776218399000
1776218400.26,300.26,0.99,15350.35,0.98,10.0,,,,,,,,,0.01,15303.57,0.02,15.0,,,2336.595272,1776218399000
1776218401.131,301.131,0.99,15350.35,0.98,10.0,,,,,,,,,0.01,15350.35,0.02,10.0,,,2336.595227,1776218400000
1776218402.257,302.257,0.99,15350.35,0.98,10.0,,,,,,,,,0.01,15350.35,0.02,10.0,,,2336.59534,1776218401000

# RESULT,winner=Up,slug=eth-updown-5m-1776218100,ticks=482
