timestamp,elapsed_sec,up_bid_p1,up_bid_s1,up_bid_p2,up_bid_s2,up_ask_p1,up_ask_s1,up_ask_p2,up_ask_s2,down_bid_p1,down_bid_s1,down_bid_p2,down_bid_s2,down_ask_p1,down_ask_s1,down_ask_p2,down_ask_s2,up_spread,down_spread,eth_price,eth_oracle_ts
1776279000.588,0.588,0.47,15.0,0.4,38.0,0.52,10.0,0.6,38.0,0.52,10.0,0.51,5.0,0.53,10.0,0.6,38.0,0.05,0.01,2357.683884,1776278999000
1776279001.21,1.21,0.35,24.0,0.33,300.0,0.48,5.0,0.49,165.0,0.48,10.0,0.4,38.0,0.53,15.0,0.6,38.0,0.13,0.05,2357.683884,1776278999000
1776279001.483,1.483,0.35,5.0,0.34,24.0,0.46,45.53,0.48,5.0,0.52,5.0,0.51,165.0,0.65,24.0,0.67,300.0,0.11,0.13,2357.683884,1776278999000
1776279001.962,1.962,0.45,5.0,0.38,60.72,0.46,44.53,0.48,5.0,0.54,45.53,0.52,5.0,0.65,5.0,0.66,24.0,0.01,0.11,2357.785511,1776279000000
1776279002.32,2.32,0.48,5.0,0.46,8.0,0.49,130.54,0.52,10.0,0.51,135.54,0.48,10.0,0.55,5.0,0.58,24.0,0.01,0.04,2357.785511,1776279000000
1776279002.653,2.653,0.47,8.0,0.46,13.0,0.49,105.54,0.52,10.0,0.51,117.54,0.48,10.0,0.53,8.0,0.54,8.0,0.02,0.02,2358.169444,1776279001000
1776279002.972,2.972,0.47,3.0,0.46,8.0,0.49,85.54,0.52,10.0,0.51,85.54,0.48,10.0,0.53,8.0,0.54,18.0,0.02,0.02,2358.16779,1776279002000
1776279003.442,3.442,0.47,0.33,0.46,8.0,0.49,85.54,0.52,10.0,0.51,85.54,0.48,10.0,0.53,3.0,0.54,8.0,0.02,0.02,2358.16779,1776279002000
1776279003.663,3.663,0.47,18.33,0.46,58.0,0.49,85.54,0.52,10.0,0.51,85.54,0.48,10.0,0.53,0.33,0.54,8.0,0.02,0.02,2358.16779,1776279002000
1776279003.99,3.99,0.46,93.0,0.42,24.0,0.49,56.47,0.5,10.0,0.51,80.35,0.48,10.0,0.53,18.33,0.54,58.0,0.03,0.02,2358.676337,1776279003000
1776279004.209,4.209,0.48,22.0,0.47,22.0,0.49,1.47,0.5,10.0,0.51,17.47,0.5,10.0,0.52,22.0,0.53,22.0,0.01,0.01,2358.676337,1776279003000
1776279004.43,4.43,0.6,6.0,0.56,22.0,0.63,11.0,0.64,44.0,0.37,11.0,0.36,44.0,0.47,11.0,0.51,30.0,0.03,0.1,2358.676337,1776279003000
1776279004.948,4.948,0.61,4.32,0.6,5.0,0.62,19.44,0.63,21.0,0.37,11.0,0.36,44.0,0.44,13.78,0.46,22.0,0.01,0.07,2358.666619,1776279004000
1776279005.721,5.721,0.6,5.0,0.59,105.0,0.61,116.4,0.62,135.44,0.38,19.44,0.37,21.0,0.39,4.32,0.4,5.0,0.01,0.01,2358.666619,1776279004000
1776279006.09,6.09,0.6,10.52,0.59,105.0,0.61,16.0,0.62,56.44,0.39,116.4,0.38,135.44,0.4,5.0,0.41,105.0,0.01,0.01,2358.614109,1776279005000
1776279006.59,6.59,0.59,10.0,0.58,15.0,0.6,24.33,0.61,150.89,0.39,16.0,0.38,56.44,0.4,10.0,0.41,120.0,0.01,0.01,2358.614109,1776279005000
1776279006.961,6.961,0.59,10.0,0.58,15.0,0.6,20.33,0.61,150.89,0.4,24.33,0.39,150.89,0.42,15.0,0.43,115.0,0.01,0.02,2358.594085,1776279006000
1776279007.329,7.329,0.59,10.0,0.58,10.0,0.6,16.0,0.61,161.89,0.4,16.0,0.39,150.89,0.41,7.56,0.42,15.0,0.01,0.01,2358.594085,1776279006000
1776279007.631,7.631,0.56,109.0,0.55,115.0,0.58,15.0,0.59,32.0,0.4,16.0,0.39,161.89,0.41,10.0,0.42,10.0,0.02,0.01,2358.594085,1776279006000
1776279007.996,7.996,0.56,5.0,0.55,10.0,0.57,125.0,0.58,194.9,0.42,15.0,0.41,32.0,0.44,92.77,0.45,115.0,0.01,0.02,2358.594085,1776279006000
1776279008.276,8.276,0.55,11.66,0.54,15.0,0.57,115.0,0.58,201.9,0.43,125.0,0.42,194.9,0.44,5.0,0.45,10.0,0.02,0.01,2358.594085,1776279006000
1776279008.687,8.687,0.52,17.7,0.51,15.0,0.55,110.0,0.56,190.0,0.43,115.0,0.42,201.9,0.45,11.66,0.46,15.0,0.03,0.02,2358.719828,1776279007000
1776279008.914,8.914,0.53,9.0,0.52,17.7,0.54,105.0,0.55,120.0,0.45,110.0,0.44,190.0,0.48,17.7,0.49,15.0,0.01,0.03,2358.517742,1776279008000
1776279009.45,9.45,0.52,11.7,0.51,21.0,0.53,25.0,0.54,160.0,0.46,115.0,0.45,120.0,0.48,15.7,0.49,21.0,0.01,0.02,2358.517742,1776279008000
1776279010.013,10.013,0.52,274.17,0.51,136.0,0.53,5.0,0.54,29.34,0.46,29.34,0.45,125.0,0.48,169.17,0.49,31.0,0.01,0.02,2358.39195,1776279009000
1776279010.47,10.47,0.53,2.72,0.52,279.17,0.54,20.24,0.55,20.0,0.46,10.24,0.45,20.0,0.48,284.17,0.49,136.0,0.01,0.02,2358.39195,1776279009000
1776279010.688,10.688,0.53,190.5,0.52,125.0,0.54,27.03,0.55,20.0,0.46,20.24,0.45,20.0,0.47,2.72,0.48,279.17,0.01,0.01,2358.39195,1776279009000
1776279011.454,11.454,0.53,195.5,0.52,125.0,0.54,14.67,0.55,30.0,0.46,27.03,0.45,20.0,0.47,190.5,0.48,125.0,0.01,0.01,2358.26425,1776279010000
1776279011.89,11.89,0.52,191.33,0.51,100.0,0.53,20.0,0.54,42.17,0.46,14.67,0.45,30.0,0.47,195.5,0.48,125.0,0.01,0.01,2358.26425,1776279010000
1776279012.25,12.25,0.52,16.7,0.51,105.0,0.53,30.0,0.54,58.17,0.47,25.0,0.46,47.67,0.48,13.79,0.49,105.0,0.01,0.01,2358.26425,1776279010000
1776279012.837,12.837,0.53,270.5,0.52,175.5,0.54,16.0,0.56,93.0,0.47,30.0,0.46,58.17,0.48,16.7,0.49,105.0,0.01,0.01,2358.166449,1776279011000
1776279013.066,13.066,0.53,360.17,0.52,206.5,0.56,93.0,0.57,69.0,0.46,4.67,0.44,93.0,0.47,365.17,0.48,211.5,0.03,0.01,2358.166449,1776279011000
1776279013.934,13.934,0.55,235.5,0.54,130.5,0.57,26.0,0.58,46.0,0.44,93.0,0.43,69.0,0.47,363.04,0.48,206.5,0.02,0.03,2358.143468,1776279012000
1776279014.374,14.374,0.56,45.5,0.55,220.5,0.57,5.95,0.58,51.0,0.43,26.0,0.42,46.0,0.45,235.5,0.46,130.5,0.01,0.02,2358.143468,1776279012000
1776279014.736,14.736,0.57,35.5,0.56,40.5,0.58,25.95,0.59,109.5,0.42,51.0,0.41,63.5,0.44,45.5,0.45,220.5,0.01,0.02,2358.025618,1776279013000
1776279014.956,14.956,0.57,33.17,0.56,35.5,0.59,95.5,0.6,59.0,0.42,16.0,0.41,95.5,0.43,33.17,0.44,40.5,0.02,0.01,2358.025618,1776279013000
1776279015.184,15.184,0.57,28.17,0.56,40.5,0.59,95.5,0.6,59.0,0.41,95.5,0.4,59.0,0.43,33.17,0.44,35.5,0.02,0.02,2358.025618,1776279013000
1776279015.594,15.594,0.58,21.0,0.57,43.17,0.59,64.85,0.6,250.5,0.41,72.4,0.4,56.0,0.43,43.17,0.44,40.5,0.01,0.02,2358.155215,1776279014000
1776279015.825,15.825,0.58,16.0,0.57,48.17,0.59,34.3,0.6,250.5,0.41,64.85,0.4,250.5,0.42,21.0,0.43,43.17,0.01,0.01,2358.155215,1776279014000
1776279016.218,16.218,0.58,16.0,0.57,53.17,0.59,128.55,0.6,250.5,0.41,34.3,0.4,250.5,0.42,16.0,0.43,48.17,0.01,0.01,2358.247855,1776279015000
1776279016.5,16.5,0.58,59.5,0.57,160.17,0.59,66.55,0.6,45.0,0.41,105.55,0.4,55.5,0.42,49.5,0.43,154.17,0.01,0.01,2358.247855,1776279015000
1776279017.046,17.046,0.58,245.0,0.57,160.17,0.59,114.21,0.6,65.5,0.41,20.26,0.4,45.0,0.42,255.5,0.43,160.17,0.01,0.01,2358.247855,1776279015000
1776279017.283,17.283,0.58,7.0,0.57,7.67,0.59,142.42,0.6,75.5,0.41,114.21,0.4,65.5,0.42,245.0,0.43,160.17,0.01,0.01,2358.247855,1776279015000
1776279017.775,17.775,0.57,24.22,0.56,220.5,0.58,49.0,0.59,149.58,0.42,15.32,0.41,164.42,0.44,15.0,0.45,135.5,0.01,0.02,2358.26478,1776279016000
1776279018.36,18.36,0.57,9.87,0.56,215.5,0.58,49.5,0.59,139.75,0.42,49.0,0.41,149.58,0.43,24.22,0.44,220.5,0.01,0.01,2358.26478,1776279016000
1776279019.967,19.967,0.57,107.37,0.56,326.5,0.58,7.41,0.59,87.25,0.42,49.5,0.41,139.75,0.43,9.87,0.44,215.5,0.01,0.01,2358.339845,1776279018000
1776279020.307,20.307,0.57,289.75,0.56,152.5,0.58,7.41,0.59,87.25,0.42,7.41,0.41,87.25,0.43,107.37,0.44,326.5,0.01,0.01,2358.31316,1776279019000
1776279020.932,20.932,0.57,236.87,0.56,151.5,0.58,7.41,0.59,87.25,0.42,7.41,0.41,87.25,0.43,282.13,0.44,152.5,0.01,0.01,2358.31316,1776279019000
1776279022.222,22.222,0.57,336.87,0.56,151.5,0.58,2.24,0.59,10.17,0.42,7.41,0.41,87.25,0.43,236.87,0.44,151.5,0.01,0.01,2358.408758,1776279021000
1776279022.442,22.442,0.57,463.87,0.56,212.5,0.59,10.17,0.6,30.0,0.42,2.24,0.41,10.17,0.43,336.87,0.44,151.5,0.02,0.01,2358.408758,1776279021000
1776279023.906,23.906,0.61,14.46,0.6,21.0,0.64,35.0,0.65,57.0,0.4,20.0,0.38,40.0,0.43,468.87,0.44,212.5,0.03,0.03,2358.382761,1776279022000
1776279024.248,24.248,0.63,15.0,0.62,10.0,0.65,62.0,0.66,75.0,0.37,10.0,0.36,5.0,0.39,19.2,0.4,26.0,0.02,0.02,2358.382761,1776279022000
1776279024.504,24.504,0.64,0.35,0.63,15.0,0.65,67.0,0.66,131.14,0.35,62.0,0.34,75.0,0.37,15.0,0.38,10.0,0.01,0.02,2358.4566,1776279023000
1776279024.914,24.914,0.64,0.7,0.63,15.0,0.65,32.5,0.66,322.14,0.35,67.0,0.34,131.14,0.36,0.35,0.37,15.0,0.01,0.01,2358.4566,1776279023000
1776279025.388,25.388,0.63,3.23,0.62,15.0,0.65,106.79,0.66,276.0,0.35,3.4,0.34,322.14,0.36,0.35,0.37,15.0,0.02,0.01,2358.4566,1776279023000
1776279025.614,25.614,0.64,10.0,0.63,18.23,0.65,81.85,0.66,276.0,0.35,82.74,0.34,276.0,0.36,10.0,0.37,13.23,0.01,0.01,2358.633731,1776279024000
1776279026.635,26.635,0.64,15.0,0.63,39.35,0.65,92.25,0.66,107.0,0.35,81.85,0.34,276.0,0.36,10.0,0.37,18.23,0.01,0.01,2358.60991,1776279025000
1776279026.837,26.837,0.64,10.0,0.63,39.35,0.65,69.85,0.66,107.0,0.35,64.85,0.34,107.0,0.36,15.0,0.37,39.35,0.01,0.01,2358.60991,1776279025000
1776279027.13,27.13,0.64,30.5,0.63,39.35,0.65,72.83,0.66,82.0,0.35,69.85,0.34,107.0,0.36,10.0,0.37,39.35,0.01,0.01,2358.663404,1776279026000
1776279027.558,27.558,0.64,35.5,0.63,219.35,0.66,131.97,0.67,25.5,0.35,72.83,0.34,82.0,0.36,30.5,0.37,39.35,0.02,0.01,2358.663404,1776279026000
1776279028.624,28.624,0.65,34.14,0.64,40.5,0.66,139.43,0.67,22.0,0.34,151.47,0.33,5.0,0.35,3.64,0.36,25.5,0.01,0.01,2358.71,1776279027000
1776279028.99,28.99,0.65,23.14,0.64,40.5,0.66,197.85,0.67,92.0,0.34,164.85,0.33,81.0,0.35,39.14,0.36,40.5,0.01,0.01,2358.71,1776279027000
1776279030.471,30.471,0.65,332.64,0.64,61.5,0.67,15.0,0.68,25.0,0.34,197.85,0.33,92.0,0.35,23.14,0.36,40.5,0.02,0.01,2358.81435,1776279029000
1776279030.857,30.857,0.66,356.5,0.65,86.64,0.7,25.0,0.71,83.0,0.33,15.0,0.32,25.0,0.35,332.64,0.36,61.5,0.04,0.02,2358.81435,1776279029000
1776279031.22,31.22,0.7,100.0,0.69,16.0,0.71,48.12,0.72,18.0,0.3,25.0,0.29,83.0,0.34,356.5,0.35,86.64,0.01,0.04,2358.762685,1776279030000
1776279031.436,31.436,0.71,95.0,0.7,127.0,0.73,50.0,0.74,99.0,0.29,5.0,0.27,110.0,0.3,127.0,0.31,35.0,0.02,0.01,2358.762685,1776279030000
1776279032.305,32.305,0.71,71.5,0.7,158.5,0.72,52.13,0.73,50.0,0.28,47.0,0.27,50.0,0.3,91.0,0.31,35.0,0.01,0.02,2358.852414,1776279031000
1776279032.91,32.91,0.72,62.92,0.71,41.5,0.73,109.23,0.74,108.5,0.27,65.5,0.26,108.5,0.29,85.5,0.3,349.5,0.01,0.02,2358.852414,1776279031000
1776279033.3,33.3,0.72,25.0,0.71,26.0,0.73,307.84,0.74,131.5,0.27,109.23,0.26,108.5,0.28,62.92,0.29,41.5,0.01,0.01,2359.097096,1776279032000
1776279033.503,33.503,0.69,32.83,0.68,70.0,0.71,9.06,0.72,245.5,0.29,9.5,0.28,235.5,0.31,37.83,0.32,70.0,0.02,0.02,2359.097096,1776279032000
1776279033.886,33.886,0.69,30.0,0.68,45.0,0.7,68.99,0.71,311.5,0.3,55.57,0.29,121.5,0.32,35.0,0.33,120.5,0.01,0.02,2359.097096,1776279032000
1776279034.121,34.121,0.69,8.88,0.68,50.0,0.7,36.49,0.71,321.5,0.3,68.99,0.29,311.5,0.31,30.0,0.32,45.0,0.01,0.01,2359.441882,1776279033000
1776279034.444,34.444,0.68,50.0,0.67,20.5,0.69,108.0,0.7,218.0,0.31,20.92,0.3,230.49,0.32,43.0,0.33,10.0,0.01,0.01,2359.441882,1776279033000
1776279035.057,35.057,0.68,30.5,0.67,120.5,0.69,92.08,0.7,22.0,0.31,108.0,0.3,218.0,0.32,50.0,0.33,20.5,0.01,0.01,2359.44525,1776279034000
1776279035.311,35.311,0.68,108.0,0.67,321.5,0.69,84.08,0.72,19.0,0.31,87.08,0.3,9.0,0.32,1.5,0.33,125.5,0.01,0.01,2359.44525,1776279034000
1776279035.514,35.514,0.68,110.37,0.67,321.5,0.69,52.0,0.72,14.0,0.31,52.0,0.28,14.0,0.32,103.0,0.33,321.5,0.01,0.01,2359.44525,1776279034000
1776279036.397,36.397,0.71,297.5,0.7,147.5,0.74,166.5,0.75,101.5,0.31,52.0,0.28,14.0,0.32,110.37,0.33,321.5,0.03,0.01,2359.284286,1776279035000
1776279037.168,37.168,0.72,73.82,0.71,257.5,0.73,109.97,0.74,156.0,0.27,89.97,0.26,166.5,0.28,20.0,0.29,262.5,0.01,0.01,2359.194556,1776279036000
1776279038.622,38.622,0.71,30.0,0.7,10.0,0.72,282.74,0.73,82.5,0.27,109.97,0.26,156.0,0.28,73.82,0.29,257.5,0.01,0.01,2359.3861,1776279037000
1776279039.2,39.2,0.71,38.04,0.7,10.0,0.72,298.24,0.73,92.5,0.28,282.74,0.27,82.5,0.29,30.0,0.3,10.0,0.01,0.01,2359.381133,1776279038000
1776279039.51,39.51,0.71,34.59,0.7,10.0,0.72,128.24,0.73,257.5,0.28,298.24,0.27,92.5,0.29,38.04,0.3,10.0,0.01,0.01,2359.381133,1776279038000
1776279039.798,39.798,0.71,24.59,0.7,10.0,0.72,303.24,0.73,77.5,0.28,128.24,0.27,257.5,0.29,34.59,0.3,10.0,0.01,0.01,2359.381133,1776279038000
1776279040.241,40.241,0.71,9.0,0.7,5.0,0.72,230.5,0.73,157.56,0.28,303.24,0.27,77.5,0.29,24.59,0.3,10.0,0.01,0.01,2359.32159,1776279039000
1776279040.577,40.577,0.7,11.66,0.69,26.0,0.71,45.5,0.72,220.5,0.28,225.5,0.27,167.56,0.3,15.0,0.31,66.0,0.01,0.02,2359.32159,1776279039000
1776279041.51,41.51,0.69,28.32,0.68,25.0,0.7,97.21,0.71,221.5,0.29,38.38,0.28,230.5,0.3,1.66,0.31,36.5,0.01,0.01,2359.32159,1776279039000
1776279043.174,43.174,0.66,38.5,0.65,158.1,0.67,20.0,0.68,69.01,0.3,102.21,0.29,221.5,0.32,25.0,0.33,25.5,0.01,0.02,2359.272271,1776279041000
1776279043.564,43.564,0.65,63.19,0.64,229.49,0.7,86.18,0.71,267.0,0.33,20.0,0.32,69.01,0.34,38.5,0.35,158.1,0.05,0.01,2359.245845,1776279042000
1776279044.273,44.273,0.66,34.29,0.65,43.19,0.67,45.0,0.68,20.5,0.3,86.18,0.29,267.0,0.35,63.19,0.36,229.49,0.01,0.05,2359.245845,1776279042000
1776279044.538,44.538,0.66,74.67,0.65,32.69,0.67,10.0,0.68,25.5,0.33,50.0,0.32,20.5,0.34,28.29,0.35,48.19,0.01,0.01,2359.200694,1776279043000
1776279045.413,45.413,0.66,69.67,0.65,37.69,0.67,103.77,0.68,20.5,0.33,10.0,0.32,25.5,0.34,74.67,0.35,32.69,0.01,0.01,2359.200694,1776279043000
1776279045.775,45.775,0.66,16.67,0.65,27.69,0.67,302.27,0.68,20.5,0.33,107.27,0.32,200.5,0.34,44.67,0.35,32.69,0.01,0.01,2359.200694,1776279043000
1776279046.189,46.189,0.63,3.23,0.62,5.0,0.66,260.5,0.67,169.27,0.33,302.27,0.32,20.5,0.34,16.67,0.35,27.69,0.03,0.01,2359.200694,1776279043000
1776279046.534,46.534,0.62,5.0,0.61,13.0,0.64,101.5,0.65,210.5,0.34,260.5,0.33,169.27,0.37,3.23,0.38,5.0,0.02,0.03,2359.200694,1776279043000
1776279047.377,47.377,0.59,5.0,0.58,25.0,0.6,33.33,0.61,220.12,0.36,101.5,0.35,210.5,0.38,5.0,0.39,13.0,0.01,0.02,2359.200694,1776279043000
1776279047.637,47.637,0.57,95.0,0.56,215.0,0.6,262.16,0.61,205.12,0.4,36.66,0.39,210.12,0.41,5.0,0.42,25.0,0.03,0.01,2359.200694,1776279043000
1776279047.843,47.843,0.57,30.0,0.56,220.0,0.6,260.16,0.61,205.12,0.42,13.0,0.41,15.0,0.43,30.0,0.44,220.0,0.03,0.01,2359.200694,1776279043000
1776279048.184,48.184,0.57,10.67,0.56,121.0,0.58,60.5,0.59,25.5,0.4,260.16,0.39,205.12,0.43,30.0,0.44,220.0,0.01,0.03,2359.200694,1776279043000
1776279048.506,48.506,0.55,20.0,0.54,55.0,0.57,295.5,0.58,70.5,0.42,60.5,0.41,25.5,0.43,10.67,0.44,121.0,0.02,0.01,2359.200694,1776279043000
1776279048.796,48.796,0.53,54.0,0.52,105.0,0.55,20.5,0.56,25.5,0.43,295.5,0.42,70.5,0.45,20.0,0.46,55.0,0.02,0.02,2359.200694,1776279043000
1776279049.165,49.165,0.49,309.08,0.48,120.5,0.5,5.39,0.51,15.0,0.5,10.0,0.49,10.0,0.51,75.18,0.52,290.0,0.01,0.01,2359.200694,1776279043000
1776279049.671,49.671,0.49,30.0,0.48,112.0,0.51,51.17,0.52,25.5,0.49,0.67,0.48,20.5,0.51,309.08,0.52,120.5,0.02,0.02,2359.200694,1776279043000
1776279049.935,49.935,0.5,5.0,0.49,25.0,0.51,246.17,0.52,25.5,0.49,51.17,0.48,25.5,0.51,30.0,0.52,112.0,0.01,0.02,2359.200694,1776279043000
1776279050.21,50.21,0.5,10.9,0.48,105.0,0.51,241.17,0.52,25.5,0.49,246.17,0.48,25.5,0.5,5.0,0.51,25.0,0.01,0.01,2359.200694,1776279043000
1776279050.85,50.85,0.48,131.0,0.47,37.5,0.49,32.95,0.5,10.0,0.49,246.17,0.48,25.5,0.52,105.0,0.53,11.0,0.01,0.03,2359.200694,1776279043000
1776279051.266,51.266,0.48,16.24,0.47,63.0,0.49,41.34,0.5,20.5,0.51,5.84,0.5,10.0,0.52,20.0,0.53,16.0,0.01,0.01,2359.200694,1776279043000
1776279051.511,51.511,0.47,59.24,0.46,85.0,0.49,16.13,0.5,20.5,0.51,31.13,0.5,20.5,0.52,11.24,0.53,63.0,0.02,0.01,2359.200694,1776279043000
1776279051.841,51.841,0.47,35.73,0.46,100.0,0.48,20.0,0.49,26.13,0.52,15.5,0.51,16.13,0.53,59.24,0.54,90.0,0.01,0.01,2359.200694,1776279043000
1776279052.713,52.713,0.47,45.73,0.46,98.0,0.48,61.0,0.49,51.0,0.52,20.0,0.51,26.13,0.53,35.73,0.54,100.0,0.01,0.01,2359.200694,1776279043000
1776279053.221,53.221,0.47,47.73,0.46,298.5,0.48,18.39,0.49,62.0,0.52,20.48,0.51,51.0,0.53,35.73,0.54,98.0,0.01,0.01,2357.844143,1776279052000
1776279055.005,55.005,0.48,306.5,0.47,53.23,0.49,5.0,0.51,20.0,0.52,18.39,0.51,62.0,0.53,47.73,0.54,298.5,0.01,0.01,2357.769874,1776279053000
1776279055.68,55.68,0.48,239.5,0.47,53.23,0.49,5.0,0.5,10.0,0.51,5.0,0.49,20.0,0.52,306.5,0.53,53.23,0.01,0.01,2357.758696,1776279054000
1776279056.125,56.125,0.48,249.5,0.47,53.23,0.49,2.95,0.5,10.0,0.51,5.0,0.5,10.0,0.52,239.5,0.53,53.23,0.01,0.01,2357.758696,1776279054000
1776279057.144,57.144,0.49,58.36,0.48,5.0,0.5,126.5,0.51,56.5,0.5,10.0,0.49,30.0,0.52,247.57,0.53,53.23,0.01,0.02,2357.886475,1776279055000
1776279057.495,57.495,0.46,88.0,0.44,10.0,0.48,20.5,0.49,95.5,0.51,10.0,0.5,89.5,0.53,17.73,0.54,88.0,0.02,0.02,2357.905378,1776279056000
1776279058.07,58.07,0.44,7.0,0.43,50.0,0.47,89.5,0.48,45.5,0.52,20.5,0.51,95.5,0.54,88.0,0.56,10.0,0.03,0.02,2357.905378,1776279056000
1776279058.592,58.592,0.44,14.32,0.43,55.0,0.45,59.0,0.46,25.0,0.53,89.5,0.52,45.5,0.56,7.0,0.57,50.0,0.01,0.03,2357.907288,1776279057000
1776279058.833,58.833,0.44,12.28,0.43,55.0,0.45,76.77,0.46,195.0,0.55,76.77,0.54,25.0,0.56,14.32,0.57,55.0,0.01,0.01,2357.907288,1776279057000
1776279059.424,59.424,0.44,12.28,0.43,75.0,0.45,29.92,0.46,15.0,0.55,76.77,0.54,195.0,0.56,12.28,0.57,55.0,0.01,0.01,2357.771058,1776279058000
1776279060.035,60.035,0.45,33.18,0.44,42.78,0.46,10.0,0.47,10.0,0.55,29.92,0.54,15.0,0.56,12.28,0.57,75.0,0.01,0.01,2357.771058,1776279058000
1776279060.348,60.348,0.45,32.99,0.44,42.78,0.46,10.0,0.47,10.0,0.54,10.0,0.53,10.0,0.55,33.18,0.56,42.78,0.01,0.01,2357.566813,1776279059000
1776279060.889,60.889,0.45,22.8,0.44,27.28,0.46,3.48,0.47,20.5,0.54,10.0,0.53,10.0,0.55,22.8,0.56,42.78,0.01,0.01,2357.566813,1776279059000
1776279061.195,61.195,0.45,1.19,0.44,7.28,0.46,82.98,0.47,25.5,0.54,48.98,0.53,25.5,0.55,6.19,0.56,7.28,0.01,0.01,2357.566813,1776279059000
1776279062.191,62.191,0.51,40.5,0.5,67.5,0.52,10.9,0.53,46.0,0.54,77.98,0.53,25.5,0.56,7.28,0.57,60.0,0.01,0.02,2357.586024,1776279061000
1776279062.514,62.514,0.51,319.5,0.5,93.5,0.53,46.0,0.54,16.52,0.48,3.76,0.47,46.0,0.49,114.5,0.5,93.5,0.02,0.01,2357.586024,1776279061000
1776279062.733,62.733,0.52,263.0,0.51,83.5,0.54,6.52,0.55,11.0,0.47,46.0,0.46,16.52,0.49,319.5,0.5,93.5,0.02,0.02,2357.586024,1776279061000
1776279063.061,63.061,0.54,26.0,0.53,210.0,0.55,6.0,0.56,75.0,0.45,11.0,0.44,75.0,0.47,215.0,0.48,56.0,0.01,0.02,2357.586024,1776279061000
1776279063.284,63.284,0.55,13.77,0.54,210.0,0.56,75.0,0.57,50.0,0.45,6.0,0.44,75.0,0.46,26.0,0.47,210.0,0.01,0.01,2357.53198,1776279062000
1776279064.393,64.393,0.57,98.0,0.56,218.0,0.58,45.22,0.59,61.0,0.44,4.0,0.43,50.0,0.45,271.77,0.46,48.0,0.01,0.01,2358.221099,1776279063000
1776279064.949,64.949,0.56,10.0,0.55,25.5,0.58,54.15,0.59,290.0,0.42,45.22,0.41,61.0,0.43,98.0,0.44,218.0,0.02,0.01,2358.22539,1776279064000
1776279065.544,65.544,0.57,314.26,0.56,25.5,0.58,11.15,0.59,50.0,0.42,54.15,0.41,301.0,0.43,7.76,0.44,10.0,0.01,0.01,2358.22539,1776279064000
1776279065.945,65.945,0.59,61.0,0.58,220.5,0.6,16.0,0.61,25.0,0.41,50.0,0.4,21.0,0.43,319.26,0.44,25.5,0.01,0.02,2358.22539,1776279064000
1776279066.501,66.501,0.59,86.0,0.58,40.5,0.6,5.0,0.61,25.0,0.4,16.0,0.39,25.0,0.41,61.0,0.42,220.5,0.01,0.01,2358.303975,1776279065000
1776279067.108,67.108,0.61,118.5,0.6,28.5,0.64,16.0,0.65,50.0,0.38,96.0,0.37,40.4,0.41,86.0,0.42,35.5,0.03,0.03,2358.303975,1776279065000
1776279067.453,67.453,0.63,73.79,0.62,205.5,0.64,0.29,0.66,60.0,0.36,16.0,0.35,50.0,0.37,23.79,0.38,20.5,0.01,0.01,2358.322048,1776279066000
1776279067.852,67.852,0.63,110.98,0.62,208.5,0.64,0.29,0.65,50.0,0.36,0.29,0.34,60.0,0.37,73.79,0.38,205.5,0.01,0.01,2358.322048,1776279066000
1776279069.137,69.137,0.63,346.98,0.62,73.5,0.68,25.0,0.69,50.0,0.36,0.29,0.35,50.0,0.37,110.98,0.38,208.5,0.05,0.01,2358.85866,1776279068000
1776279069.7,69.7,0.69,379.46,0.68,138.5,0.7,77.52,0.71,80.0,0.3,77.52,0.29,75.0,0.31,57.5,0.32,134.5,0.01,0.01,2358.85866,1776279068000
1776279070.223,70.223,0.7,376.5,0.69,162.46,0.71,80.0,0.73,23.71,0.29,80.0,0.27,23.71,0.31,367.46,0.32,144.5,0.01,0.02,2358.894442,1776279069000
1776279070.626,70.626,0.7,375.5,0.69,172.46,0.71,50.0,0.72,71.83,0.29,80.0,0.27,23.71,0.3,365.5,0.31,162.46,0.01,0.01,2358.894442,1776279069000
1776279071.141,71.141,0.72,96.5,0.71,357.5,0.73,114.88,0.74,180.0,0.27,10.0,0.26,177.28,0.29,138.5,0.3,336.0,0.01,0.02,2358.894442,1776279069000
1776279071.459,71.459,0.72,1.0,0.71,24.0,0.73,364.16,0.74,197.5,0.27,158.88,0.26,205.21,0.28,29.0,0.29,47.0,0.01,0.01,2358.988581,1776279070000
1776279071.786,71.786,0.71,5.0,0.7,31.5,0.72,145.15,0.73,240.99,0.27,364.16,0.26,197.5,0.29,24.0,0.3,31.5,0.01,0.02,2358.988581,1776279070000
1776279072.54,72.54,0.7,10.0,0.69,120.0,0.72,168.88,0.73,45.28,0.28,140.15,0.27,60.99,0.3,31.5,0.31,147.5,0.02,0.02,2359.265235,1776279071000
1776279073.307,73.307,0.71,10.0,0.7,285.16,0.72,19.95,0.73,80.99,0.29,11.0,0.28,145.88,0.3,175.16,0.31,125.5,0.01,0.01,2359.25566,1776279072000
1776279074.18,74.18,0.69,23.08,0.68,25.0,0.7,15.0,0.71,25.0,0.28,13.11,0.27,80.99,0.3,263.16,0.31,146.58,0.01,0.02,2359.25566,1776279072000
1776279075.011,75.011,0.69,52.58,0.68,46.5,0.7,157.61,0.71,41.0,0.3,15.0,0.29,25.0,0.31,23.08,0.32,25.0,0.01,0.01,2359.24239,1776279073000
1776279075.238,75.238,0.69,70.58,0.68,41.5,0.7,101.33,0.71,47.71,0.3,157.61,0.29,41.0,0.31,52.58,0.32,46.5,0.01,0.01,2359.24239,1776279073000
1776279075.671,75.671,0.69,112.35,0.68,46.5,0.7,27.0,0.71,105.3,0.3,101.33,0.29,47.71,0.31,70.58,0.32,41.5,0.01,0.01,2359.32309,1776279074000
1776279075.878,75.878,0.7,96.5,0.69,107.35,0.71,38.59,0.72,43.71,0.29,49.59,0.28,43.71,0.3,96.5,0.31,107.35,0.01,0.01,2359.32309,1776279074000
1776279076.227,76.227,0.7,78.76,0.69,107.35,0.71,40.59,0.72,33.71,0.29,35.59,0.28,43.71,0.3,91.5,0.31,107.35,0.01,0.01,2359.297261,1776279075000
1776279077.324,77.324,0.69,88.23,0.68,327.5,0.71,10.0,0.72,307.05,0.29,40.59,0.28,33.71,0.3,78.76,0.31,107.35,0.02,0.01,2359.190956,1776279076000
1776279078.72,78.72,0.7,16.46,0.69,42.23,0.71,60.0,0.72,226.0,0.29,10.0,0.28,307.05,0.31,88.23,0.32,327.5,0.01,0.02,2359.247243,1776279077000
1776279079.021,79.021,0.7,5.96,0.69,37.23,0.71,22.74,0.72,251.5,0.29,60.0,0.28,226.0,0.3,16.46,0.31,42.23,0.01,0.01,2359.247243,1776279077000
1776279079.476,79.476,0.69,3.73,0.68,31.5,0.7,267.0,0.71,104.5,0.29,22.74,0.28,251.5,0.3,5.96,0.31,37.23,0.01,0.01,2359.276448,1776279078000
1776279080.676,80.676,0.66,105.0,0.65,220.0,0.67,59.5,0.68,28.0,0.3,262.0,0.29,104.5,0.32,31.5,0.33,100.5,0.01,0.02,2359.322911,1776279079000
1776279081.539,81.539,0.65,25.0,0.64,10.0,0.66,30.0,0.67,139.0,0.33,59.5,0.32,28.0,0.34,105.0,0.35,220.0,0.01,0.01,2359.312838,1776279080000
1776279081.815,81.815,0.62,11.85,0.61,41.0,0.63,86.0,0.64,20.0,0.34,30.0,0.33,139.0,0.35,25.0,0.36,10.0,0.01,0.01,2359.312838,1776279080000
1776279082.089,82.089,0.62,0.85,0.61,6.0,0.63,78.79,0.64,20.0,0.37,78.79,0.36,20.0,0.38,11.85,0.39,41.0,0.01,0.01,2359.054736,1776279081000
1776279082.303,82.303,0.62,5.63,0.61,6.0,0.63,83.79,0.64,33.75,0.37,78.79,0.36,33.75,0.38,5.85,0.39,6.0,0.01,0.01,2359.054736,1776279081000
1776279082.583,82.583,0.6,25.0,0.59,25.0,0.63,263.79,0.64,39.46,0.37,83.79,0.36,33.75,0.38,5.63,0.39,6.0,0.03,0.01,2359.054736,1776279081000
1776279083.0,83.0,0.61,2.15,0.6,90.0,0.62,10.0,0.63,40.0,0.37,263.79,0.36,39.46,0.4,25.0,0.41,25.0,0.01,0.03,2359.054736,1776279081000
1776279083.279,83.279,0.61,5.0,0.6,45.0,0.62,23.0,0.63,22.0,0.38,11.85,0.37,22.0,0.39,5.0,0.4,75.0,0.01,0.01,2358.83457,1776279082000
1776279084.913,84.913,0.59,60.0,0.58,79.5,0.6,51.39,0.61,119.5,0.38,23.0,0.37,22.0,0.39,5.0,0.4,45.0,0.01,0.01,2358.51637,1776279083000
1776279085.285,85.285,0.59,51.5,0.58,68.5,0.6,13.33,0.61,10.0,0.4,51.39,0.39,119.5,0.41,60.0,0.42,79.5,0.01,0.01,2358.573702,1776279084000
1776279086.023,86.023,0.6,96.5,0.59,271.5,0.64,45.5,0.65,57.99,0.39,10.0,0.38,45.5,0.41,46.5,0.42,68.5,0.04,0.02,2358.573702,1776279084000
1776279086.813,86.813,0.62,70.5,0.61,46.5,0.65,229.39,0.66,61.49,0.37,2.91,0.36,45.5,0.38,15.5,0.39,31.5,0.03,0.01,2358.550079,1776279085000
1776279087.208,87.208,0.62,71.34,0.61,46.5,0.63,10.0,0.64,15.0,0.35,229.39,0.34,61.49,0.38,70.5,0.39,46.5,0.01,0.03,2358.550079,1776279085000
1776279089.459,89.459,0.65,83.64,0.64,56.5,0.66,25.0,0.67,138.0,0.37,10.0,0.36,15.0,0.38,68.7,0.39,46.5,0.01,0.01,2358.504333,1776279087000
1776279090.148,90.148,0.65,48.64,0.64,47.5,0.66,22.68,0.67,95.5,0.34,25.0,0.33,138.0,0.35,83.64,0.36,56.5,0.01,0.01,2358.59823,1776279088000
1776279090.356,90.356,0.65,4.28,0.64,15.0,0.66,43.5,0.67,326.5,0.33,95.5,0.32,65.78,0.35,43.64,0.36,42.5,0.01,0.02,2358.633354,1776279089000
1776279092.903,92.903,0.63,71.5,0.62,221.5,0.64,11.43,0.65,23.0,0.35,22.0,0.34,39.5,0.37,40.5,0.38,30.5,0.01,0.02,2358.788238,1776279091000
1776279095.839,95.839,0.69,63.04,0.68,255.5,0.7,155.0,0.71,10.5,0.36,11.43,0.35,23.0,0.37,71.5,0.38,221.5,0.01,0.01,2358.806077,1776279094000
1776279099.629,99.629,0.72,123.5,0.71,255.5,0.73,115.0,0.74,240.0,0.3,155.0,0.29,10.5,0.31,63.04,0.32,255.5,0.01,0.01,2359.247086,1776279097000
1776279101.626,101.626,0.72,350.5,0.71,84.5,0.73,54.0,0.74,230.0,0.27,115.0,0.26,240.0,0.28,123.5,0.29,255.5,0.01,0.01,2359.30588,1776279100000
1776279102.475,102.475,0.78,99.5,0.77,147.5,0.8,69.0,0.81,50.0,0.26,230.0,0.25,30.0,0.28,330.5,0.29,109.5,0.02,0.02,2359.30588,1776279100000
1776279102.956,102.956,0.81,459.42,0.8,111.24,0.82,100.0,0.83,45.0,0.18,175.0,0.17,45.0,0.21,41.5,0.22,264.5,0.01,0.03,2359.393657,1776279101000
1776279103.69,103.69,0.81,30.5,0.8,229.5,0.83,59.94,0.84,202.0,0.18,50.0,0.17,45.0,0.19,103.44,0.2,61.5,0.02,0.01,2359.393657,1776279101000
1776279104.493,104.493,0.82,41.1,0.81,78.5,0.83,75.09,0.84,350.5,0.17,59.94,0.16,202.0,0.19,30.5,0.2,229.5,0.01,0.02,2359.471423,1776279102000
1776279106.205,106.205,0.82,26.1,0.81,78.5,0.83,33.03,0.84,360.5,0.17,40.09,0.16,350.5,0.18,41.1,0.19,78.5,0.01,0.01,2360.116229,1776279104000
1776279106.709,106.709,0.82,15.81,0.81,68.5,0.83,37.76,0.84,360.5,0.17,42.76,0.16,360.5,0.18,16.66,0.19,68.5,0.01,0.01,2360.10548,1776279105000
1776279107.581,107.581,0.82,25.81,0.81,78.5,0.83,5.0,0.84,360.0,0.17,37.76,0.16,360.5,0.18,15.81,0.19,68.5,0.01,0.01,2360.10548,1776279105000
1776279108.952,108.952,0.82,58.13,0.81,166.5,0.83,3.89,0.84,190.5,0.17,3.89,0.16,360.0,0.18,15.81,0.19,78.5,0.01,0.01,2360.149013,1776279107000
1776279110.881,110.881,0.82,27.62,0.81,166.5,0.83,5.94,0.84,370.5,0.17,3.89,0.16,190.5,0.18,58.13,0.19,166.5,0.01,0.01,2360.155711,1776279109000
1776279112.084,112.084,0.82,3.0,0.81,25.0,0.83,329.72,0.84,211.78,0.17,180.94,0.16,190.5,0.18,22.62,0.19,176.5,0.01,0.01,2360.160051,1776279110000
1776279112.433,112.433,0.8,7.0,0.79,35.5,0.81,19.5,0.82,286.5,0.17,329.72,0.16,211.78,0.19,20.0,0.2,68.5,0.01,0.02,2360.160051,1776279110000
1776279113.078,113.078,0.8,40.0,0.79,48.45,0.82,70.3,0.83,51.72,0.19,195.0,0.18,91.5,0.21,32.45,0.22,167.5,0.02,0.02,2360.178249,1776279111000
1776279114.43,114.43,0.79,10.0,0.78,15.0,0.82,35.72,0.83,64.5,0.18,70.3,0.17,51.72,0.2,40.0,0.21,48.45,0.03,0.02,2360.07372,1776279113000
1776279114.761,114.761,0.79,20.0,0.78,30.5,0.81,32.33,0.82,35.72,0.18,35.72,0.17,64.5,0.21,10.0,0.22,15.0,0.02,0.03,2360.07372,1776279113000
1776279116.163,116.163,0.78,15.0,0.77,33.0,0.8,29.5,0.81,217.33,0.19,32.33,0.18,35.72,0.21,20.0,0.22,30.5,0.02,0.02,2359.974786,1776279114000
1776279117.134,117.134,0.77,17.5,0.76,25.5,0.78,7.0,0.79,23.0,0.2,29.5,0.19,217.33,0.22,15.0,0.23,33.0,0.01,0.02,2359.877538,1776279115000
1776279117.454,117.454,0.77,34.01,0.76,35.5,0.78,7.0,0.79,43.5,0.22,7.0,0.21,23.0,0.24,25.5,0.25,51.5,0.01,0.02,2359.877538,1776279115000
1776279119.516,119.516,0.75,9.0,0.73,20.0,0.76,42.5,0.77,226.5,0.22,7.0,0.21,43.5,0.23,34.01,0.24,35.5,0.01,0.01,2359.9057,1776279117000
1776279119.721,119.721,0.7,26.77,0.69,25.5,0.74,9.71,0.76,17.5,0.29,17.24,0.27,23.51,0.3,21.77,0.31,25.5,0.04,0.01,2359.9057,1776279117000
1776279120.193,120.193,0.73,37.83,0.72,30.5,0.74,17.71,0.75,10.5,0.26,9.71,0.24,7.0,0.27,1.33,0.28,10.0,0.01,0.01,2359.602427,1776279118000
1776279120.792,120.792,0.74,15.0,0.73,22.33,0.75,8.83,0.76,27.5,0.26,17.71,0.25,10.5,0.27,37.83,0.28,30.5,0.01,0.01,2359.601511,1776279119000
1776279121.255,121.255,0.73,52.33,0.72,41.5,0.74,87.42,0.75,14.83,0.26,60.42,0.25,46.11,0.27,37.33,0.28,25.5,0.01,0.01,2359.601511,1776279119000
1776279121.965,121.965,0.73,56.5,0.72,230.0,0.74,52.04,0.75,10.0,0.27,5.0,0.26,102.92,0.28,29.5,0.29,225.5,0.01,0.01,2359.581906,1776279120000
1776279125.101,125.101,0.73,97.79,0.72,240.0,0.74,25.04,0.76,20.0,0.26,36.04,0.25,10.0,0.27,77.79,0.28,230.0,0.01,0.01,2359.401507,1776279123000
1776279126.728,126.728,0.67,25.5,0.66,132.45,0.68,5.0,0.69,10.0,0.22,61.5,0.21,233.0,0.24,5.0,0.25,30.5,0.01,0.02,2359.405717,1776279125000
1776279127.436,127.436,0.67,51.86,0.66,126.45,0.69,15.0,0.7,44.78,0.32,5.0,0.31,10.0,0.33,26.86,0.34,126.45,0.02,0.01,2359.448005,1776279126000
1776279128.048,128.048,0.68,41.0,0.67,52.86,0.7,32.96,0.71,99.5,0.31,13.46,0.3,44.78,0.33,51.86,0.34,126.45,0.02,0.02,2359.448005,1776279126000
1776279129.892,129.892,0.68,11.65,0.67,31.86,0.69,268.5,0.7,25.5,0.3,32.96,0.29,99.5,0.32,41.0,0.33,52.86,0.01,0.02,2358.9756,1776279128000
1776279130.264,130.264,0.66,71.45,0.65,46.5,0.68,20.5,0.69,228.5,0.31,268.5,0.3,25.5,0.32,11.65,0.33,31.86,0.02,0.01,2358.9756,1776279129000
1776279130.943,130.943,0.66,92.45,0.65,83.5,0.67,16.5,0.68,36.5,0.32,20.5,0.31,228.5,0.34,71.45,0.35,46.5,0.01,0.02,2358.9756,1776279129000
1776279132.453,132.453,0.65,35.0,0.64,95.0,0.67,68.31,0.68,70.5,0.33,8.38,0.32,36.5,0.34,93.45,0.35,77.5,0.02,0.01,2358.819909,1776279131000
1776279132.916,132.916,0.64,10.0,0.63,65.0,0.65,47.05,0.66,98.93,0.33,68.31,0.32,70.5,0.35,35.0,0.36,95.0,0.01,0.02,2358.819909,1776279131000
1776279133.857,133.857,0.63,85.0,0.62,90.5,0.64,5.0,0.65,31.5,0.35,47.05,0.34,98.93,0.36,10.0,0.37,65.0,0.01,0.01,2358.807642,1776279132000
1776279137.569,137.569,0.67,81.5,0.66,81.5,0.71,60.5,0.72,45.0,0.36,5.0,0.35,31.5,0.37,85.0,0.38,90.5,0.04,0.01,2358.67973,1776279135000
1776279137.838,137.838,0.7,10.0,0.69,10.0,0.71,0.17,0.72,40.0,0.29,60.5,0.28,45.0,0.33,81.5,0.34,81.5,0.01,0.04,2358.67973,1776279135000
1776279138.321,138.321,0.7,6.66,0.69,5.0,0.71,25.0,0.72,56.5,0.29,0.17,0.28,40.0,0.3,10.0,0.31,10.0,0.01,0.01,2358.62764,1776279136000
1776279138.563,138.563,0.7,1.66,0.69,5.0,0.71,24.5,0.72,56.5,0.29,25.0,0.28,56.5,0.3,6.66,0.31,5.0,0.01,0.01,2358.615155,1776279137000
1776279139.077,139.077,0.68,10.0,0.67,10.0,0.71,277.5,0.72,107.06,0.29,24.5,0.28,56.5,0.3,1.66,0.31,5.0,0.03,0.01,2358.708542,1776279138000
1776279139.97,139.97,0.67,20.0,0.66,36.5,0.69,15.0,0.7,20.5,0.31,15.0,0.3,20.5,0.33,10.0,0.34,26.0,0.02,0.02,2358.708542,1776279138000
1776279140.774,140.774,0.67,4.0,0.66,20.0,0.68,31.5,0.69,205.5,0.31,15.0,0.3,20.5,0.33,20.0,0.34,36.5,0.01,0.02,2358.89784,1776279139000
1776279141.219,141.219,0.67,10.0,0.66,30.0,0.69,13.05,0.7,25.56,0.32,16.0,0.31,205.5,0.34,20.0,0.35,36.0,0.02,0.02,2358.855889,1776279140000
1776279141.85,141.85,0.71,69.25,0.7,25.5,0.72,25.0,0.73,70.51,0.29,50.0,0.28,69.0,0.31,16.77,0.32,10.0,0.01,0.02,2358.855889,1776279140000
1776279144.913,144.913,0.71,4.0,0.7,5.0,0.72,249.06,0.73,97.5,0.28,25.0,0.27,70.51,0.29,69.25,0.3,25.5,0.01,0.01,2358.859482,1776279143000
1776279146.106,146.106,0.69,41.5,0.68,20.5,0.71,20.0,0.72,231.0,0.28,254.06,0.27,97.5,0.31,11.0,0.32,10.5,0.02,0.03,2358.910353,1776279144000
1776279148.14,148.14,0.7,76.5,0.69,35.5,0.71,24.59,0.72,225.0,0.29,20.0,0.28,231.0,0.31,41.5,0.32,20.5,0.01,0.02,2358.942317,1776279146000
1776279152.153,152.153,0.69,10.0,0.67,62.5,0.71,301.2,0.72,75.06,0.29,24.59,0.28,225.0,0.3,76.5,0.31,35.5,0.02,0.01,2358.923332,1776279150000
1776279153.855,153.855,0.64,10.0,0.63,147.0,0.67,19.0,0.68,327.24,0.29,301.2,0.28,75.06,0.31,10.0,0.33,62.5,0.03,0.02,2358.842744,1776279152000
1776279155.984,155.984,0.64,77.5,0.63,198.5,0.65,7.92,0.66,83.99,0.33,19.0,0.32,327.24,0.36,10.0,0.37,147.0,0.01,0.03,2358.77674,1776279154000
1776279157.009,157.009,0.71,10.0,0.7,21.0,0.72,16.99,0.73,133.0,0.35,7.92,0.34,83.99,0.36,77.5,0.37,198.5,0.01,0.01,2358.572248,1776279155000
1776279158.062,158.062,0.71,85.5,0.7,52.5,0.73,70.21,0.74,220.0,0.28,16.99,0.27,133.0,0.29,10.0,0.3,21.0,0.02,0.01,2358.553445,1776279156000
1776279160.331,160.331,0.72,90.5,0.71,70.5,0.73,11.91,0.74,238.0,0.27,70.21,0.26,220.0,0.29,85.5,0.3,52.5,0.01,0.02,2358.926501,1776279159000
1776279160.917,160.917,0.72,47.79,0.71,75.5,0.73,6.91,0.74,238.0,0.27,11.91,0.26,238.0,0.28,90.5,0.29,70.5,0.01,0.01,2358.926501,1776279159000
1776279161.309,161.309,0.72,42.79,0.71,75.5,0.73,8.63,0.74,238.0,0.27,6.91,0.26,238.0,0.28,47.79,0.29,75.5,0.01,0.01,2359.033965,1776279160000
1776279165.936,165.936,0.74,5.0,0.73,91.5,0.75,325.0,0.76,109.0,0.27,8.63,0.26,238.0,0.28,42.79,0.29,75.5,0.01,0.01,2358.926615,1776279164000
1776279167.87,167.87,0.74,20.0,0.73,80.5,0.75,206.82,0.76,119.0,0.25,325.0,0.24,109.0,0.26,5.0,0.27,91.5,0.01,0.01,2358.93703,1776279166000
1776279170.2,170.2,0.72,51.5,0.71,25.5,0.73,41.56,0.74,239.0,0.25,206.82,0.24,119.0,0.26,20.0,0.27,80.5,0.01,0.01,2358.9267,1776279169000
1776279172.066,172.066,0.69,14.24,0.68,16.0,0.72,67.0,0.73,56.56,0.27,41.56,0.26,239.0,0.28,51.5,0.29,25.5,0.03,0.01,2359.15388,1776279170000
1776279174.615,174.615,0.66,33.0,0.65,40.0,0.67,54.83,0.68,210.5,0.28,67.0,0.27,56.56,0.31,14.24,0.32,16.0,0.01,0.03,2358.731259,1776279173000
1776279175.071,175.071,0.66,6.0,0.65,40.0,0.67,16.79,0.68,210.5,0.33,54.83,0.32,210.5,0.34,33.0,0.35,40.0,0.01,0.01,2358.654979,1776279174000
1776279175.552,175.552,0.66,31.0,0.65,40.0,0.68,101.79,0.69,25.5,0.33,16.79,0.32,210.5,0.34,6.0,0.35,40.0,0.02,0.01,2358.654979,1776279174000
1776279176.232,176.232,0.67,20.0,0.66,46.5,0.68,10.0,0.69,5.0,0.32,101.79,0.31,25.5,0.34,31.0,0.35,40.0,0.01,0.02,2358.64618,1776279175000
1776279177.236,177.236,0.66,31.0,0.65,25.0,0.68,60.5,0.69,30.5,0.32,10.0,0.31,5.0,0.33,20.0,0.34,46.5,0.02,0.01,2358.54835,1776279176000
1776279178.332,178.332,0.66,46.0,0.65,45.5,0.67,0.07,0.68,45.0,0.32,60.5,0.31,30.5,0.34,31.0,0.35,25.0,0.01,0.02,2358.54835,1776279177000
1776279179.426,179.426,0.66,86.5,0.65,45.5,0.68,30.0,0.7,20.0,0.33,0.07,0.32,45.0,0.34,46.0,0.35,45.5,0.02,0.01,2358.54835,1776279177000
1776279180.706,180.706,0.71,80.0,0.69,50.0,0.73,35.0,0.74,100.0,0.32,30.0,0.3,20.0,0.34,86.5,0.35,45.5,0.02,0.02,2358.60776,1776279179000
1776279182.73,182.73,0.75,33.0,0.74,15.0,0.76,2.0,0.77,35.0,0.27,35.0,0.26,100.0,0.29,80.0,0.31,50.0,0.01,0.02,2359.1507,1776279181000
1776279183.236,183.236,0.76,10.96,0.75,66.5,0.77,30.0,0.78,135.0,0.24,2.0,0.23,35.0,0.25,33.0,0.26,15.0,0.01,0.01,2359.1507,1776279182000
1776279184.854,184.854,0.77,70.15,0.76,65.46,0.78,55.0,0.79,35.0,0.23,30.0,0.22,135.0,0.24,10.96,0.25,66.5,0.01,0.01,2359.27521,1776279183000
1776279186.743,186.743,0.78,19.0,0.77,26.15,0.79,35.0,0.8,65.05,0.22,55.0,0.21,35.0,0.23,70.15,0.24,65.46,0.01,0.01,2359.232171,1776279185000
1776279189.511,189.511,0.76,60.64,0.75,26.5,0.78,21.0,0.79,5.0,0.21,5.0,0.2,65.05,0.23,20.93,0.24,26.46,0.02,0.02,2359.187385,1776279187000
1776279189.737,189.737,0.77,35.3,0.76,85.34,0.78,38.71,0.79,5.0,0.22,21.0,0.21,5.0,0.24,60.64,0.25,26.5,0.01,0.02,2359.187385,1776279187000
1776279189.966,189.966,0.77,10.0,0.76,85.34,0.78,16.42,0.79,5.0,0.22,38.71,0.21,5.0,0.23,35.3,0.24,85.34,0.01,0.01,2359.13212,1776279188000
1776279190.652,190.652,0.77,3.0,0.76,80.34,0.78,26.42,0.79,5.0,0.22,16.42,0.21,5.0,0.23,10.0,0.24,85.34,0.01,0.01,2359.114414,1776279189000
1776279191.149,191.149,0.74,25.0,0.73,10.5,0.76,28.0,0.78,126.42,0.22,26.42,0.21,5.0,0.23,3.0,0.24,80.34,0.02,0.01,2359.061084,1776279190000
1776279192.901,192.901,0.68,42.0,0.66,60.0,0.71,89.8,0.73,18.51,0.24,21.64,0.23,30.0,0.31,135.0,0.32,55.0,0.03,0.07,2358.722063,1776279191000
1776279193.322,193.322,0.66,60.0,0.65,25.0,0.71,109.8,0.73,18.51,0.29,109.8,0.27,18.51,0.32,42.0,0.34,60.0,0.05,0.03,2358.509451,1776279192000
1776279196.055,196.055,0.67,5.36,0.66,10.0,0.71,20.8,0.76,71.64,0.29,109.8,0.27,18.51,0.34,60.0,0.35,25.0,0.04,0.05,2358.402698,1776279194000
1776279196.261,196.261,0.7,15.0,0.69,15.0,0.71,3.78,0.72,21.0,0.29,3.78,0.28,21.0,0.3,15.0,0.31,15.0,0.01,0.01,2358.402698,1776279194000
1776279196.53,196.53,0.69,14.83,0.68,15.0,0.71,3.78,0.72,10.0,0.29,3.78,0.28,10.0,0.3,14.33,0.31,15.0,0.02,0.01,2358.402698,1776279194000
1776279197.382,197.382,0.69,13.83,0.68,15.0,0.71,3.78,0.72,10.0,0.29,3.78,0.28,10.0,0.31,14.83,0.32,15.0,0.02,0.02,2358.407844,1776279195000
1776279199.085,199.085,0.66,8.27,0.65,10.0,0.7,7.14,0.71,18.78,0.3,7.14,0.29,13.78,0.31,18.83,0.32,25.5,0.04,0.01,2358.538997,1776279198000
1776279199.689,199.689,0.66,3.27,0.65,10.0,0.69,10.0,0.7,7.14,0.31,10.0,0.3,7.14,0.33,10.0,0.34,8.27,0.03,0.02,2358.538997,1776279198000
1776279200.873,200.873,0.66,6.0,0.65,10.0,0.67,2.91,0.68,10.0,0.31,10.0,0.3,7.14,0.34,3.27,0.35,10.0,0.01,0.03,2358.57177,1776279199000
1776279201.553,201.553,0.7,5.0,0.69,10.0,0.71,3.78,0.73,10.0,0.33,2.91,0.32,10.0,0.34,6.0,0.35,10.0,0.01,0.01,2358.579565,1776279200000
1776279203.92,203.92,0.71,15.0,0.7,17.0,0.73,12.83,0.74,22.0,0.29,3.78,0.27,10.0,0.3,5.0,0.31,10.0,0.02,0.01,2358.503701,1776279202000
1776279204.42,204.42,0.72,10.0,0.71,21.0,0.76,12.0,0.77,19.0,0.27,12.83,0.26,22.0,0.29,15.0,0.3,17.0,0.04,0.02,2358.57248,1776279203000
1776279205.245,205.245,0.73,18.48,0.72,15.0,0.75,13.66,0.76,44.42,0.25,10.0,0.24,12.0,0.27,8.48,0.28,10.0,0.02,0.02,2358.673083,1776279204000
1776279205.543,205.543,0.73,5.73,0.72,15.0,0.75,18.66,0.76,39.42,0.25,13.66,0.24,44.42,0.27,18.48,0.28,15.0,0.02,0.02,2358.673083,1776279204000
1776279205.748,205.748,0.73,5.73,0.72,20.0,0.75,2.9,0.76,39.42,0.25,12.66,0.24,39.42,0.26,5.0,0.27,5.73,0.02,0.01,2358.673083,1776279204000
1776279208.283,208.283,0.75,83.0,0.74,25.5,0.77,5.0,0.78,10.0,0.25,2.9,0.24,39.42,0.27,5.73,0.28,20.0,0.02,0.02,2358.64988,1776279207000
1776279208.63,208.63,0.75,108.0,0.74,25.5,0.78,2.33,0.79,5.0,0.22,8.65,0.21,5.0,0.25,89.0,0.26,25.5,0.03,0.03,2358.64988,1776279207000
1776279209.372,209.372,0.78,38.43,0.77,20.0,0.79,5.0,0.8,110.0,0.21,5.0,0.2,110.0,0.23,6.0,0.24,10.0,0.01,0.02,2358.718805,1776279208000
1776279209.761,209.761,0.75,2.49,0.74,20.5,0.8,110.0,0.81,30.0,0.2,110.0,0.19,30.0,0.22,31.61,0.23,20.0,0.05,0.02,2358.718805,1776279208000
1776279211.968,211.968,0.82,49.19,0.81,38.5,0.83,35.23,0.84,241.8,0.2,110.0,0.19,30.0,0.25,2.49,0.26,20.5,0.01,0.05,2359.105367,1776279210000
1776279212.28,212.28,0.82,20.28,0.81,38.5,0.83,40.5,0.84,241.8,0.17,40.5,0.16,241.8,0.18,29.73,0.19,38.5,0.01,0.01,2359.105367,1776279210000
1776279213.199,213.199,0.81,5.0,0.8,15.0,0.83,39.5,0.84,241.8,0.17,40.5,0.16,241.8,0.18,11.83,0.19,38.5,0.02,0.01,2359.220184,1776279212000
1776279213.834,213.834,0.82,15.0,0.81,20.0,0.83,18.35,0.84,251.8,0.17,29.5,0.16,241.8,0.19,5.0,0.2,15.0,0.01,0.02,2359.220184,1776279212000
1776279217.771,217.771,0.82,73.67,0.81,80.5,0.83,13.35,0.84,241.8,0.17,18.35,0.16,251.8,0.18,15.0,0.19,20.0,0.01,0.01,2359.25311,1776279216000
1776279218.061,218.061,0.82,60.67,0.81,80.5,0.83,38.35,0.84,241.8,0.17,13.35,0.16,241.8,0.18,73.67,0.19,80.5,0.01,0.01,2359.25311,1776279216000
1776279219.733,219.733,0.82,96.11,0.81,101.5,0.83,7.41,0.84,246.8,0.17,38.35,0.16,241.8,0.18,60.67,0.19,80.5,0.01,0.01,2359.305642,1776279218000
1776279219.991,219.991,0.82,135.11,0.81,101.5,0.84,246.8,0.85,35.5,0.17,7.41,0.16,246.8,0.18,96.11,0.19,101.5,0.02,0.01,2359.305642,1776279218000
1776279220.666,220.666,0.83,36.5,0.82,50.67,0.84,228.11,0.85,49.5,0.16,246.8,0.15,35.5,0.18,135.11,0.19,101.5,0.01,0.02,2359.246625,1776279219000
1776279221.027,221.027,0.81,56.33,0.8,38.5,0.84,228.11,0.85,49.5,0.16,228.11,0.15,49.5,0.17,25.0,0.18,40.67,0.03,0.01,2359.246625,1776279219000
1776279221.476,221.476,0.83,15.0,0.82,35.5,0.84,233.11,0.85,36.73,0.16,228.11,0.15,49.5,0.19,56.33,0.2,38.5,0.01,0.03,2359.207486,1776279220000
1776279227.957,227.957,0.78,20.4,0.77,56.5,0.79,15.0,0.8,10.0,0.16,233.11,0.15,36.73,0.17,15.0,0.18,35.5,0.01,0.01,2359.293976,1776279225000
1776279228.99,228.99,0.79,35.5,0.78,72.1,0.81,10.0,0.82,28.5,0.21,5.0,0.2,10.0,0.22,25.4,0.23,66.5,0.02,0.01,2359.188065,1776279227000
1776279230.971,230.971,0.79,5.0,0.78,25.0,0.81,40.81,0.82,44.11,0.19,10.0,0.18,28.5,0.21,35.5,0.22,72.1,0.02,0.02,2358.977603,1776279229000
1776279234.424,234.424,0.79,49.76,0.78,25.5,0.8,10.0,0.81,25.81,0.19,40.81,0.18,44.11,0.21,5.0,0.22,25.0,0.01,0.02,2358.904815,1776279233000
1776279235.805,235.805,0.79,39.76,0.78,25.0,0.8,14.18,0.81,30.81,0.2,10.0,0.19,25.81,0.21,49.76,0.22,25.5,0.01,0.01,2358.904815,1776279233000
1776279237.477,237.477,0.81,44.73,0.8,56.61,0.82,10.0,0.83,36.44,0.2,14.18,0.19,30.81,0.21,39.76,0.22,25.0,0.01,0.01,2358.913195,1776279235000
1776279239.521,239.521,0.83,61.5,0.82,61.5,0.84,81.8,0.85,45.0,0.18,10.0,0.17,36.44,0.19,44.73,0.2,56.61,0.01,0.01,2358.916367,1776279237000
1776279240.671,240.671,0.81,46.67,0.8,32.0,0.84,10.8,0.85,10.0,0.16,5.8,0.15,10.0,0.17,76.5,0.18,61.5,0.03,0.01,2358.99791,1776279239000
1776279241.25,241.25,0.81,224.76,0.8,59.5,0.84,18.2,0.85,16.73,0.16,10.8,0.15,10.0,0.19,46.67,0.2,32.0,0.03,0.03,2358.99791,1776279239000
1776279242.153,242.153,0.85,23.33,0.84,45.0,0.86,10.0,0.87,80.0,0.16,13.2,0.15,16.73,0.17,5.0,0.18,15.0,0.01,0.01,2359.03495,1776279240000
1776279242.415,242.415,0.85,205.3,0.84,45.0,0.86,7.9,0.87,20.0,0.14,10.0,0.13,80.0,0.15,23.33,0.16,45.0,0.01,0.01,2359.135904,1776279241000
1776279243.293,243.293,0.86,210.95,0.85,65.88,0.88,180.0,0.89,265.0,0.13,12.54,0.12,230.0,0.15,181.97,0.16,34.0,0.02,0.02,2359.135904,1776279241000
1776279243.978,243.978,0.87,45.0,0.86,225.85,0.88,77.0,0.89,265.0,0.12,180.0,0.11,265.0,0.14,210.95,0.15,65.88,0.01,0.02,2359.17959,1776279242000
1776279246.148,246.148,0.87,96.8,0.86,166.88,0.88,0.6,0.89,10.0,0.12,77.0,0.11,265.0,0.13,45.0,0.14,225.85,0.01,0.01,2359.30066,1776279244000
1776279246.358,246.358,0.87,91.8,0.86,166.88,0.9,25.47,0.91,110.0,0.12,0.6,0.11,10.0,0.13,96.8,0.14,166.88,0.03,0.01,2359.334215,1776279245000
1776279246.909,246.909,0.89,52.11,0.88,34.1,0.9,35.57,0.91,110.0,0.1,25.47,0.09,110.0,0.13,91.8,0.14,166.88,0.01,0.03,2359.334215,1776279245000
1776279247.856,247.856,0.9,5.08,0.89,93.9,0.91,110.0,0.92,95.0,0.1,35.57,0.09,110.0,0.11,52.11,0.12,34.1,0.01,0.01,2359.346585,1776279246000
1776279248.138,248.138,0.9,14.08,0.89,81.9,0.91,121.22,0.92,90.0,0.09,110.0,0.08,95.0,0.1,5.08,0.11,93.9,0.01,0.01,2359.34904,1776279247000
1776279248.805,248.805,0.9,62.09,0.89,74.9,0.91,120.12,0.92,90.0,0.09,126.22,0.08,90.0,0.1,52.09,0.11,81.9,0.01,0.01,2359.34904,1776279247000
1776279249.566,249.566,0.9,95.85,0.89,46.79,0.91,70.12,0.92,85.0,0.09,120.12,0.08,90.0,0.1,62.09,0.11,74.9,0.01,0.01,2359.386051,1776279248000
1776279250.328,250.328,0.9,105.85,0.89,46.79,0.91,67.81,0.92,85.0,0.09,70.12,0.08,85.0,0.1,95.85,0.11,46.79,0.01,0.01,2359.276625,1776279249000
1776279250.811,250.811,0.9,115.85,0.89,36.79,0.91,66.71,0.92,85.0,0.09,67.81,0.08,85.0,0.1,105.85,0.11,46.79,0.01,0.01,2359.276625,1776279249000
1776279252.81,252.81,0.9,52.09,0.89,83.13,0.92,81.8,0.93,65.0,0.09,66.71,0.08,85.0,0.1,115.85,0.11,36.79,0.02,0.01,2359.442683,1776279251000
1776279253.671,253.671,0.9,48.09,0.89,93.13,0.91,10.0,0.92,94.42,0.08,81.8,0.07,65.0,0.1,52.09,0.11,83.13,0.01,0.02,2359.384175,1776279252000
1776279254.465,254.465,0.9,43.09,0.89,115.72,0.91,10.0,0.92,19.42,0.09,10.0,0.08,94.42,0.1,48.09,0.11,93.13,0.01,0.01,2359.388035,1776279253000
1776279255.041,255.041,0.9,48.09,0.89,115.72,0.92,7.32,0.93,65.0,0.09,10.0,0.08,19.42,0.1,43.09,0.11,115.72,0.02,0.01,2359.388035,1776279253000
1776279255.356,255.356,0.9,53.29,0.89,115.72,0.91,10.0,0.92,10.0,0.08,7.32,0.07,65.0,0.1,48.09,0.11,115.72,0.01,0.02,2359.411974,1776279254000
1776279255.901,255.901,0.92,45.0,0.91,122.88,0.93,66.94,0.94,15.0,0.07,53.6,0.06,15.0,0.1,48.29,0.11,115.72,0.01,0.03,2359.411974,1776279254000
1776279256.362,256.362,0.92,118.9,0.91,177.88,0.94,10.0,0.95,245.04,0.07,66.94,0.06,15.0,0.08,45.0,0.09,122.88,0.02,0.01,2359.306212,1776279255000
1776279256.571,256.571,0.94,61.11,0.93,40.0,0.95,220.21,0.96,125.0,0.05,220.21,0.04,125.0,0.06,37.78,0.07,40.0,0.01,0.01,2359.306212,1776279255000
1776279257.532,257.532,0.94,222.92,0.93,100.3,0.95,115.1,0.96,125.0,0.05,135.3,0.04,125.0,0.06,59.11,0.07,132.39,0.01,0.01,2359.3381,1776279256000
1776279258.21,258.21,0.94,235.48,0.93,70.3,0.95,110.1,0.96,125.0,0.05,110.1,0.04,125.0,0.06,215.48,0.07,100.3,0.01,0.01,2359.3381,1776279257000
1776279258.888,258.888,0.94,215.48,0.93,80.3,0.95,60.1,0.96,125.0,0.05,110.1,0.04,125.0,0.06,235.48,0.07,70.3,0.01,0.01,2359.3381,1776279257000
1776279260.159,260.159,0.94,215.48,0.93,70.3,0.95,0.91,0.96,25.0,0.05,60.1,0.04,125.0,0.06,215.48,0.07,80.3,0.01,0.01,2359.545485,1776279258000
1776279260.643,260.643,0.94,208.48,0.93,70.3,0.96,25.0,0.97,106.0,0.05,0.91,0.04,25.0,0.06,198.48,0.07,70.3,0.02,0.01,2359.545485,1776279258000
1776279261.166,261.166,0.94,222.62,0.93,70.3,0.96,9.14,0.97,106.0,0.05,4.19,0.04,25.0,0.06,208.48,0.07,70.3,0.02,0.01,2359.642785,1776279259000
1776279261.735,261.735,0.95,101.75,0.94,105.94,0.96,5.61,0.97,106.0,0.04,9.14,0.03,106.0,0.06,222.62,0.07,70.3,0.01,0.02,2359.65106,1776279260000
1776279262.115,262.115,0.95,151.75,0.94,75.94,0.96,2.47,0.97,106.0,0.04,3.52,0.03,106.0,0.05,106.75,0.06,105.94,0.01,0.01,2359.65106,1776279260000
1776279263.691,263.691,0.96,144.85,0.95,140.8,0.99,2707.03,,,0.03,103.28,0.02,419.48,0.05,151.75,0.06,75.94,0.03,0.02,2359.609592,1776279262000
1776279264.051,264.051,0.98,5.95,0.96,148.9,0.99,2850.03,,,0.01,2707.03,,,0.04,144.85,0.05,140.8,0.01,0.03,2359.609592,1776279262000
1776279264.328,264.328,0.98,15.95,0.97,5.0,0.99,2790.52,,,0.01,2850.03,,,0.02,5.95,0.04,148.9,0.01,0.01,2359.557505,1776279263000
1776279264.685,264.685,0.98,14.69,0.97,5.0,0.99,2789.5,,,0.01,2785.52,,,0.02,14.69,0.03,5.0,0.01,0.01,2359.557505,1776279263000
1776279266.297,266.297,0.98,24.88,0.97,5.0,0.99,2664.0,,,0.01,2789.5,,,0.02,14.69,0.03,5.0,0.01,0.01,2359.751739,1776279265000
1776279267.194,267.194,0.98,24.88,0.97,5.0,0.99,2630.73,,,0.01,2664.0,,,0.02,24.88,0.03,5.0,0.01,0.01,2359.729191,1776279266000
1776279268.343,268.343,0.98,34.88,0.97,128.7,0.99,2380.62,,,0.01,2630.73,,,0.02,24.88,0.03,5.0,0.01,0.01,2359.725721,1776279267000
1776279269.845,269.845,0.98,44.88,0.97,139.7,0.99,2206.56,,,0.01,2373.56,,,0.02,44.88,0.03,128.7,0.01,0.01,2359.669185,1776279268000
1776279270.981,270.981,0.98,34.88,0.97,169.7,0.99,2198.54,,,0.01,2206.56,,,0.02,44.88,0.03,139.7,0.01,0.01,2359.673175,1776279270000
1776279272.327,272.327,0.98,51.88,0.97,164.7,0.99,2158.14,,,0.01,2198.54,,,0.02,34.88,0.03,169.7,0.01,0.01,2359.67186,1776279271000
1776279272.766,272.766,0.98,245.58,0.97,164.7,0.99,2153.08,,,0.01,2158.14,,,0.02,51.88,0.03,164.7,0.01,0.01,2359.67186,1776279271000
1776279274.872,274.872,0.98,260.58,0.97,132.7,0.99,1749.42,,,0.01,2148.02,,,0.02,245.58,0.03,164.7,0.01,0.01,2359.678128,1776279273000
1776279275.273,275.273,0.98,76.88,0.97,9.0,0.99,1699.42,,,0.01,1749.42,,,0.02,260.58,0.03,132.7,0.01,0.01,2359.678128,1776279273000
1776279275.675,275.675,0.98,76.88,0.97,9.0,0.99,1691.38,,,0.01,1692.4,,,0.02,76.88,0.03,9.0,0.01,0.01,2359.665345,1776279274000
1776279277.4,277.4,0.98,16.88,0.97,39.0,0.99,1689.38,,,0.01,1691.38,,,0.02,76.88,0.03,9.0,0.01,0.01,2359.70356,1776279276000
1776279277.696,277.696,0.97,55.0,0.96,65.2,0.98,43.93,0.99,1584.38,0.02,47.12,0.01,1684.38,0.03,39.0,0.04,65.2,0.01,0.01,2359.70356,1776279276000
1776279277.906,277.906,0.97,17.0,0.96,65.2,0.98,52.9,0.99,1584.38,0.02,53.93,0.01,1584.38,0.03,22.0,0.04,65.2,0.01,0.01,2359.70356,1776279276000
1776279278.113,278.113,0.97,17.0,0.96,65.2,0.98,50.84,0.99,1599.38,0.02,51.87,0.01,1584.38,0.03,17.0,0.04,65.2,0.01,0.01,2359.70356,1776279276000
1776279278.542,278.542,0.96,58.89,0.95,5.0,0.97,4.0,0.98,47.75,0.02,52.75,0.01,1584.38,0.04,53.89,0.05,5.0,0.01,0.02,2359.684115,1776279277000
1776279278.851,278.851,0.96,58.89,0.95,5.0,0.97,2.96,0.98,47.75,0.03,4.0,0.02,47.75,0.04,58.89,0.05,5.0,0.01,0.01,2359.684115,1776279277000
1776279279.354,279.354,0.96,55.51,0.95,5.0,0.97,0.88,0.98,47.75,0.03,1.92,0.02,47.75,0.04,50.51,0.05,5.0,0.01,0.01,2359.684115,1776279278000
1776279279.718,279.718,0.96,131.62,0.95,5.0,0.98,47.6,0.99,1584.38,0.03,0.88,0.02,47.75,0.04,55.51,0.05,5.0,0.02,0.01,2359.684115,1776279278000
1776279280.234,280.234,0.96,131.62,0.95,15.0,0.97,7.94,0.98,41.47,0.02,41.47,0.01,1584.38,0.04,131.62,0.05,5.0,0.01,0.02,2359.684115,1776279278000
1776279280.492,280.492,0.96,131.62,0.95,15.0,0.97,4.33,0.98,41.47,0.03,7.94,0.02,41.47,0.04,131.62,0.05,15.0,0.01,0.01,2359.57747,1776279279000
1776279282.894,282.894,0.96,50.51,0.95,15.0,0.98,36.62,0.99,1606.37,0.03,1.23,0.02,41.47,0.04,136.62,0.05,15.0,0.02,0.01,2359.433529,1776279281000
1776279283.101,283.101,0.96,50.51,0.95,15.0,0.98,36.62,0.99,1606.37,0.02,36.62,0.01,1606.37,0.04,50.51,0.05,15.0,0.02,0.02,2359.433529,1776279281000
1776279283.481,283.481,0.96,55.51,0.95,15.0,0.98,9.12,0.99,1606.37,0.02,15.19,0.01,1606.37,0.04,55.51,0.05,15.0,0.02,0.02,2359.433529,1776279281000
1776279284.502,284.502,0.97,117.87,0.96,50.51,0.98,6.92,0.99,1606.37,0.02,9.12,0.01,1606.37,0.04,55.51,0.05,15.0,0.01,0.02,2359.442012,1776279283000
1776279284.949,284.949,0.97,122.87,0.96,50.51,,,,,0.02,6.92,0.01,1606.37,0.03,117.87,0.04,50.51,,0.01,2359.442012,1776279283000
1776279285.363,285.363,0.98,11.0,0.97,46.0,0.99,5.0,,,,,,,0.03,122.87,0.04,50.51,0.01,,2359.442012,1776279283000
1776279285.604,285.604,0.98,11.0,0.97,46.0,0.99,8.98,,,0.01,5.0,,,0.02,11.0,0.03,46.0,0.01,0.01,2359.435972,1776279284000
1776279286.105,286.105,0.99,444.69,0.98,25.0,,,,,,,,,0.02,25.0,0.03,46.0,,,2359.435972,1776279284000
1776279288.166,288.166,0.99,368.78,0.98,25.0,,,,,,,,,0.01,444.69,0.02,25.0,,,2359.435308,1776279286000
1776279289.993,289.993,0.99,418.77,0.98,25.0,,,,,,,,,0.01,368.78,0.02,25.0,,,2359.442714,1776279288000
1776279294.007,294.007,0.99,2589.57,0.98,25.0,,,,,,,,,0.01,418.77,0.02,25.0,,,2359.44729,1776279292000
1776279295.139,295.139,0.99,2583.61,0.98,25.0,,,,,,,,,0.01,2589.57,0.02,25.0,,,2359.447231,1776279294000

# RESULT,winner=Up,slug=eth-updown-5m-1776279000,ticks=352
