timestamp,elapsed_sec,up_bid_p1,up_bid_s1,up_bid_p2,up_bid_s2,up_ask_p1,up_ask_s1,up_ask_p2,up_ask_s2,down_bid_p1,down_bid_s1,down_bid_p2,down_bid_s2,down_ask_p1,down_ask_s1,down_ask_p2,down_ask_s2,up_spread,down_spread,eth_price,eth_oracle_ts
1776278100.504,0.504,0.47,5.0,0.46,328.55,0.51,101.09,0.52,45.0,0.52,15.0,0.51,10.0,0.53,10.0,0.54,82.55,0.04,0.01,2349.99219,1776276632000
1776278101.267,1.267,0.47,8.11,0.44,12.0,0.48,20.0,0.49,16.0,0.52,15.0,0.51,10.0,0.53,10.0,0.54,82.55,0.01,0.01,2349.99219,1776276632000
1776278102.015,2.015,0.46,11.7,0.44,17.0,0.48,25.0,0.49,26.0,0.52,20.0,0.51,16.0,0.53,8.11,0.56,12.0,0.02,0.01,2349.99219,1776276632000
1776278102.416,2.416,0.46,11.7,0.44,5.0,0.49,9.18,0.51,66.09,0.52,25.0,0.51,26.0,0.54,11.7,0.56,17.0,0.03,0.02,2349.99219,1776276632000
1776278103.24,3.24,0.48,3.82,0.47,20.0,0.51,66.09,0.52,32.0,0.49,66.09,0.48,20.0,0.51,13.08,0.53,11.0,0.03,0.02,2349.99219,1776276632000
1776278104.297,4.297,0.47,15.0,0.46,21.0,0.48,6.75,0.49,10.0,0.49,66.09,0.48,32.0,0.52,3.82,0.53,20.0,0.01,0.03,2349.99219,1776276632000
1776278104.53,4.53,0.46,21.0,0.41,50.0,0.47,6.55,0.48,11.75,0.52,6.75,0.51,10.0,0.53,15.0,0.54,21.0,0.01,0.01,2349.99219,1776276632000
1776278104.774,4.774,0.46,29.5,0.43,5.0,0.47,17.48,0.48,21.75,0.53,16.55,0.52,21.75,0.54,89.5,0.59,60.0,0.01,0.01,2349.99219,1776276632000
1776278104.98,4.98,0.46,42.5,0.45,5.0,0.47,8.88,0.48,21.75,0.53,15.35,0.52,21.75,0.54,29.5,0.57,5.0,0.01,0.01,2349.99219,1776276632000
1776278105.213,5.213,0.46,29.5,0.45,5.0,0.47,18.29,0.48,32.75,0.53,8.88,0.52,21.75,0.54,42.5,0.55,5.0,0.01,0.01,2349.99219,1776276632000
1776278105.905,5.905,0.46,29.5,0.45,5.0,0.47,12.07,0.48,32.75,0.53,12.29,0.52,32.75,0.54,34.5,0.55,5.0,0.01,0.01,2349.99219,1776276632000
1776278106.52,6.52,0.46,22.46,0.44,18.0,0.47,11.55,0.48,22.75,0.53,12.07,0.52,32.75,0.54,29.5,0.55,5.0,0.01,0.01,2349.99219,1776276632000
1776278106.883,6.883,0.46,20.42,0.43,18.0,0.47,16.55,0.48,22.75,0.53,11.55,0.52,22.75,0.54,22.46,0.56,18.0,0.01,0.01,2349.99219,1776276632000
1776278107.114,7.114,0.46,25.42,0.45,5.0,0.47,8.14,0.48,22.75,0.53,16.55,0.52,22.75,0.54,20.42,0.57,18.0,0.01,0.01,2349.99219,1776276632000
1776278108.103,8.103,0.5,10.0,0.49,35.0,0.51,87.12,0.52,85.04,0.51,9.0,0.5,13.0,0.53,7.92,0.54,40.42,0.01,0.02,2349.99219,1776276632000
1776278108.644,8.644,0.52,20.0,0.51,15.0,0.54,2.15,0.56,18.0,0.47,20.58,0.46,29.0,0.5,15.0,0.51,40.0,0.02,0.03,2349.99219,1776276632000
1776278108.983,8.983,0.53,21.83,0.52,26.0,0.55,12.0,0.56,12.0,0.46,2.15,0.45,12.0,0.47,11.83,0.48,26.0,0.02,0.01,2349.99219,1776276632000
1776278109.332,9.332,0.54,35.0,0.53,11.83,0.55,14.96,0.56,12.0,0.45,12.0,0.44,12.0,0.47,21.83,0.48,26.0,0.01,0.02,2349.99219,1776276632000
1776278109.623,9.623,0.54,27.6,0.53,6.83,0.55,12.4,0.56,38.0,0.45,12.96,0.44,12.0,0.46,30.0,0.47,11.83,0.01,0.01,2349.99219,1776276632000
1776278110.062,10.062,0.54,15.0,0.53,1.83,0.55,20.4,0.56,38.0,0.45,17.4,0.44,38.0,0.47,6.83,0.48,20.0,0.01,0.02,2349.99219,1776276632000
1776278111.663,11.663,0.51,5.0,0.5,70.5,0.52,86.25,0.53,51.0,0.45,20.4,0.44,38.0,0.46,15.0,0.47,1.83,0.01,0.01,2349.99219,1776276632000
1776278112.077,12.077,0.5,85.5,0.49,35.0,0.51,35.51,0.52,66.75,0.48,86.25,0.47,51.0,0.49,5.0,0.5,70.5,0.01,0.01,2349.99219,1776276632000
1776278112.299,12.299,0.5,15.5,0.49,40.0,0.52,77.25,0.53,51.5,0.49,25.02,0.48,72.25,0.5,45.5,0.51,50.0,0.02,0.01,2349.99219,1776276632000
1776278113.026,13.026,0.5,5.0,0.49,50.5,0.51,40.44,0.52,66.25,0.49,43.68,0.48,66.25,0.5,20.5,0.51,40.0,0.01,0.01,2349.99219,1776276632000
1776278113.788,13.788,0.49,40.5,0.48,32.5,0.5,3.0,0.51,45.44,0.49,40.44,0.48,66.25,0.5,5.0,0.51,50.5,0.01,0.01,2349.99219,1776276632000
1776278114.206,14.206,0.47,7.19,0.46,85.92,0.48,55.5,0.49,30.5,0.5,3.0,0.49,45.44,0.51,40.5,0.52,32.5,0.01,0.01,2349.99219,1776276632000
1776278114.782,14.782,0.46,60.92,0.45,15.5,0.47,40.0,0.48,70.5,0.52,55.5,0.51,30.5,0.53,7.19,0.54,85.92,0.01,0.01,2349.99219,1776276632000
1776278117.611,17.611,0.45,13.63,0.44,30.5,0.47,101.5,0.48,92.5,0.53,40.0,0.52,70.5,0.54,60.92,0.55,15.5,0.02,0.01,2349.99219,1776276632000
1776278118.314,18.314,0.43,6.89,0.42,47.5,0.44,20.0,0.45,46.5,0.53,96.5,0.52,92.5,0.56,30.5,0.57,24.0,0.01,0.03,2349.99219,1776276632000
1776278121.136,21.136,0.39,35.0,0.37,12.0,0.44,114.5,0.45,70.5,0.56,20.0,0.55,46.5,0.57,6.89,0.58,47.5,0.05,0.01,2349.99219,1776276632000
1776278121.403,21.403,0.38,22.5,0.37,40.5,0.39,10.0,0.4,25.0,0.6,60.5,0.59,45.5,0.62,40.17,0.63,25.5,0.01,0.02,2349.99219,1776276632000
1776278121.674,21.674,0.38,52.69,0.37,64.5,0.39,0.34,0.4,10.0,0.61,10.0,0.6,10.0,0.62,37.69,0.63,64.5,0.01,0.01,2349.99219,1776276632000
1776278122.159,22.159,0.39,61.5,0.38,49.69,0.4,7.5,0.41,26.0,0.61,0.34,0.6,10.0,0.62,52.69,0.63,64.5,0.01,0.01,2349.99219,1776276632000
1776278122.465,22.465,0.39,55.5,0.38,49.69,0.4,36.37,0.41,53.0,0.6,7.5,0.59,26.0,0.61,61.5,0.62,49.69,0.01,0.01,2349.99219,1776276632000
1776278123.155,23.155,0.39,58.56,0.38,60.69,0.4,36.37,0.41,15.0,0.6,36.37,0.59,53.0,0.61,55.5,0.62,49.69,0.01,0.01,2349.99219,1776276632000
1776278123.702,23.702,0.39,8.0,0.37,33.0,0.4,116.87,0.41,38.5,0.6,36.37,0.59,15.0,0.61,58.56,0.62,60.69,0.01,0.01,2349.99219,1776276632000
1776278126.053,26.053,0.38,78.46,0.37,41.46,0.39,10.0,0.4,41.37,0.6,116.87,0.59,38.5,0.62,3.0,0.63,48.5,0.01,0.02,2349.99219,1776276632000
1776278126.608,26.608,0.38,88.84,0.37,51.46,0.39,7.3,0.4,41.37,0.61,7.3,0.6,41.37,0.62,95.46,0.63,41.46,0.01,0.01,2349.99219,1776276632000
1776278127.253,27.253,0.38,86.42,0.37,51.46,0.39,7.3,0.4,41.37,0.61,7.3,0.6,41.37,0.62,88.84,0.63,51.46,0.01,0.01,2349.99219,1776276632000
1776278127.471,27.471,0.39,91.54,0.38,55.38,0.4,23.87,0.42,5.0,0.61,7.3,0.6,41.37,0.62,86.42,0.63,51.46,0.01,0.01,2349.99219,1776276632000
1776278127.676,27.676,0.39,121.54,0.38,55.38,0.4,18.87,0.42,10.0,0.6,23.87,0.58,5.0,0.61,91.54,0.62,55.38,0.01,0.01,2349.99219,1776276632000
1776278128.434,28.434,0.39,5.0,0.38,37.96,0.4,65.24,0.41,31.5,0.6,18.87,0.58,10.0,0.61,121.54,0.62,55.38,0.01,0.01,2349.99219,1776276632000
1776278128.97,28.97,0.38,70.42,0.37,59.5,0.39,4.14,0.4,75.24,0.6,75.24,0.59,36.5,0.62,55.42,0.63,44.5,0.01,0.02,2349.99219,1776276632000
1776278129.197,29.197,0.38,36.87,0.37,59.5,0.39,4.14,0.4,75.24,0.61,4.14,0.6,75.24,0.62,62.5,0.63,59.5,0.01,0.01,2349.99219,1776276632000
1776278130.071,30.071,0.38,15.41,0.37,69.5,0.39,4.14,0.4,59.74,0.61,4.14,0.6,75.24,0.62,36.87,0.63,59.5,0.01,0.01,2349.99219,1776276632000
1776278130.641,30.641,0.38,13.88,0.37,69.5,0.39,4.14,0.4,75.24,0.61,4.14,0.6,59.74,0.62,15.41,0.63,69.5,0.01,0.01,2349.99219,1776276632000
1776278130.905,30.905,0.38,3.96,0.37,69.5,0.39,4.14,0.4,75.24,0.61,4.14,0.6,75.24,0.62,13.88,0.63,69.5,0.01,0.01,2349.99219,1776276632000
1776278131.455,31.455,0.38,5.0,0.37,59.5,0.39,6.64,0.4,75.24,0.61,4.14,0.6,75.24,0.62,3.96,0.63,69.5,0.01,0.01,2349.99219,1776276632000
1776278131.694,31.694,0.37,35.44,0.36,84.5,0.39,15.0,0.4,64.74,0.61,15.0,0.6,75.24,0.63,33.46,0.64,70.5,0.02,0.02,2349.99219,1776276632000
1776278132.6,32.6,0.38,43.96,0.37,51.44,0.39,2.43,0.4,38.74,0.61,15.0,0.6,64.74,0.63,35.44,0.64,84.5,0.01,0.02,2349.99219,1776276632000
1776278132.829,32.829,0.39,10.24,0.38,38.96,0.4,43.74,0.41,30.5,0.6,38.74,0.59,25.5,0.62,38.96,0.63,51.44,0.01,0.02,2349.99219,1776276632000
1776278134.471,34.471,0.37,9.09,0.36,60.0,0.38,40.5,0.39,35.5,0.6,43.74,0.59,30.5,0.61,13.36,0.62,28.96,0.01,0.01,2349.99219,1776276632000
1776278135.922,35.922,0.37,12.5,0.36,60.0,0.38,85.5,0.39,40.5,0.62,40.5,0.61,35.5,0.63,9.09,0.64,60.0,0.01,0.01,2349.99219,1776276632000
1776278136.367,36.367,0.36,40.0,0.35,10.0,0.37,26.5,0.38,108.3,0.62,86.3,0.61,40.5,0.63,7.5,0.64,60.0,0.01,0.01,2353.93072,1776278135000
1776278136.747,36.747,0.35,13.92,0.34,14.0,0.37,116.5,0.38,105.3,0.63,26.5,0.62,108.3,0.64,40.0,0.65,10.0,0.02,0.01,2353.93072,1776278135000
1776278137.952,37.952,0.34,24.42,0.33,5.0,0.35,146.5,0.36,95.5,0.63,116.5,0.62,105.3,0.65,13.92,0.66,14.0,0.01,0.02,2353.866842,1776278136000
1776278139.051,39.051,0.3,26.0,0.28,65.0,0.31,13.89,0.32,10.0,0.65,146.5,0.64,95.5,0.68,50.0,0.69,5.0,0.01,0.03,2353.809125,1776278137000
1776278139.358,39.358,0.3,6.0,0.29,10.0,0.31,75.0,0.32,30.5,0.69,13.89,0.68,10.0,0.7,26.0,0.72,65.0,0.01,0.01,2353.596366,1776278138000
1776278139.922,39.922,0.29,17.44,0.28,50.0,0.3,75.0,0.31,65.5,0.69,75.0,0.68,30.5,0.7,6.0,0.71,10.0,0.01,0.01,2353.596366,1776278138000
1776278140.607,40.607,0.28,77.0,0.27,15.0,0.29,103.94,0.3,58.34,0.7,82.84,0.69,65.5,0.71,7.44,0.72,50.0,0.01,0.01,2353.5014,1776278139000
1776278141.201,41.201,0.28,10.08,0.27,38.0,0.29,88.44,0.3,69.34,0.71,103.94,0.7,58.34,0.72,77.0,0.73,15.0,0.01,0.01,2353.5014,1776278139000
1776278141.475,41.475,0.28,38.27,0.27,38.0,0.29,66.44,0.3,51.5,0.71,88.44,0.7,69.34,0.72,5.21,0.73,38.0,0.01,0.01,2353.352467,1776278140000
1776278141.698,41.698,0.28,26.88,0.27,38.0,0.29,86.44,0.3,61.5,0.71,91.44,0.7,61.5,0.72,23.27,0.73,38.0,0.01,0.01,2353.352467,1776278140000
1776278142.021,42.021,0.28,13.02,0.27,58.5,0.29,91.44,0.3,61.0,0.71,96.44,0.7,71.5,0.72,21.33,0.73,48.0,0.01,0.01,2353.352467,1776278140000
1776278142.631,42.631,0.28,25.63,0.27,68.5,0.29,86.44,0.3,71.5,0.71,86.44,0.7,61.0,0.72,17.02,0.73,68.5,0.01,0.01,2353.159867,1776278141000
1776278142.999,42.999,0.28,5.63,0.27,68.5,0.29,91.44,0.3,71.5,0.71,86.44,0.7,71.5,0.72,25.63,0.73,68.5,0.01,0.01,2353.159867,1776278141000
1776278144.579,44.579,0.28,16.08,0.27,73.5,0.29,85.44,0.3,60.5,0.71,91.44,0.7,71.5,0.72,5.63,0.73,68.5,0.01,0.01,2353.279503,1776278143000
1776278145.018,45.018,0.27,54.42,0.26,74.5,0.28,62.0,0.29,38.44,0.71,90.44,0.7,60.5,0.73,48.26,0.74,66.5,0.01,0.02,2353.279503,1776278143000
1776278145.327,45.327,0.3,10.0,0.29,31.5,0.31,20.08,0.32,30.0,0.72,62.0,0.71,38.44,0.73,54.42,0.74,74.5,0.01,0.01,2353.270439,1776278144000
1776278145.596,45.596,0.3,214.89,0.29,68.5,0.32,4.94,0.34,25.0,0.69,11.56,0.68,30.0,0.7,111.37,0.71,52.5,0.02,0.01,2353.270439,1776278144000
1776278145.968,45.968,0.35,17.0,0.34,10.0,0.36,55.0,0.37,27.0,0.66,25.0,0.64,50.0,0.67,53.98,0.68,10.0,0.01,0.01,2353.270439,1776278144000
1776278146.607,46.607,0.35,120.54,0.34,20.0,0.36,55.0,0.37,27.0,0.64,55.0,0.63,27.0,0.65,17.0,0.66,10.0,0.01,0.01,2353.269544,1776278145000
1776278146.807,46.807,0.35,124.0,0.34,20.0,0.36,55.0,0.37,27.0,0.64,55.0,0.63,27.0,0.65,124.0,0.66,20.0,0.01,0.01,2353.269544,1776278145000
1776278147.228,47.228,0.35,34.21,0.34,30.0,0.36,55.0,0.37,27.0,0.64,55.0,0.63,27.0,0.65,123.75,0.66,20.0,0.01,0.01,2353.441931,1776278146000
1776278147.539,47.539,0.35,56.59,0.34,55.5,0.36,50.0,0.37,22.0,0.64,55.0,0.63,27.0,0.65,34.21,0.66,30.0,0.01,0.01,2353.441931,1776278146000
1776278147.933,47.933,0.36,47.84,0.35,51.0,0.37,22.0,0.38,34.06,0.64,50.0,0.63,22.0,0.65,56.59,0.66,55.5,0.01,0.01,2353.441931,1776278146000
1776278148.403,48.403,0.37,15.41,0.36,23.08,0.38,43.56,0.39,30.5,0.63,22.0,0.62,34.06,0.64,47.84,0.65,51.0,0.01,0.01,2353.744645,1776278147000
1776278149.355,49.355,0.37,15.41,0.36,5.0,0.38,55.92,0.39,35.5,0.62,43.56,0.61,30.5,0.63,15.41,0.64,23.08,0.01,0.01,2353.744645,1776278147000
1776278149.723,49.723,0.37,13.82,0.36,5.0,0.38,53.28,0.39,35.5,0.62,50.92,0.61,35.5,0.63,13.82,0.64,5.0,0.01,0.01,2353.782385,1776278148000
1776278150.938,50.938,0.37,12.0,0.34,15.0,0.38,61.92,0.39,46.5,0.62,53.28,0.61,35.5,0.63,13.82,0.64,5.0,0.01,0.01,2353.80158,1776278149000
1776278151.653,51.653,0.37,12.0,0.35,5.0,0.38,61.92,0.39,46.5,0.62,61.92,0.61,46.5,0.63,12.0,0.66,15.0,0.01,0.01,2353.78544,1776278150000
1776278152.379,52.379,0.37,10.41,0.35,15.0,0.38,56.92,0.39,46.5,0.62,61.92,0.61,46.5,0.63,12.0,0.65,5.0,0.01,0.01,2353.76568,1776278151000
1776278152.59,52.59,0.37,5.64,0.35,15.0,0.38,59.28,0.39,46.5,0.62,59.28,0.61,46.5,0.63,10.41,0.65,15.0,0.01,0.01,2353.76568,1776278151000
1776278154.438,54.438,0.37,14.05,0.36,10.0,0.38,39.28,0.39,45.5,0.62,59.28,0.61,46.5,0.63,5.64,0.65,15.0,0.01,0.01,2353.854027,1776278153000
1776278156.921,56.921,0.37,27.46,0.36,10.0,0.38,21.14,0.39,30.5,0.62,36.64,0.61,45.5,0.63,14.05,0.64,10.0,0.01,0.01,2353.811144,1776278155000
1776278157.206,57.206,0.37,22.46,0.36,10.0,0.38,18.5,0.39,30.5,0.62,18.5,0.61,30.5,0.63,22.46,0.64,10.0,0.01,0.01,2353.873372,1776278156000
1776278159.067,59.067,0.36,11.0,0.35,11.0,0.38,59.0,0.39,133.49,0.62,18.5,0.61,30.5,0.63,22.46,0.64,10.0,0.02,0.01,2353.85154,1776278157000
1776278160.674,60.674,0.34,35.0,0.33,75.0,0.35,25.0,0.36,35.0,0.62,59.0,0.61,133.49,0.64,11.0,0.65,11.0,0.01,0.02,2353.85002,1776278159000
1776278160.981,60.981,0.34,45.55,0.33,75.0,0.35,10.0,0.36,35.0,0.65,25.0,0.64,35.0,0.66,35.0,0.67,75.0,0.01,0.01,2353.81511,1776278160000
1776278162.125,62.125,0.34,45.55,0.33,75.0,0.4,65.34,0.41,41.0,0.65,10.0,0.64,35.0,0.66,45.55,0.67,75.0,0.06,0.01,2353.81511,1776278160000
1776278163.241,63.241,0.35,14.38,0.34,61.05,0.37,60.5,0.38,30.5,0.6,65.34,0.59,41.0,0.66,45.55,0.67,75.0,0.02,0.06,2353.823158,1776278162000
1776278165.01,65.01,0.36,25.0,0.35,14.38,0.37,55.5,0.38,35.5,0.63,60.5,0.62,30.5,0.65,14.38,0.66,61.05,0.01,0.02,2353.8069,1776278163000
1776278165.372,65.372,0.36,23.03,0.35,19.38,0.37,45.5,0.38,35.5,0.63,55.5,0.62,35.5,0.64,25.0,0.65,14.38,0.01,0.01,2353.821575,1776278164000
1776278165.674,65.674,0.36,1.65,0.35,14.38,0.37,40.5,0.38,35.5,0.63,40.5,0.62,35.5,0.64,7.4,0.65,19.38,0.01,0.01,2353.821575,1776278164000
1776278166.065,66.065,0.36,1.65,0.35,14.38,0.37,40.46,0.38,35.5,0.63,40.5,0.62,35.5,0.64,1.65,0.65,14.38,0.01,0.01,2353.821575,1776278164000
1776278167.339,67.339,0.37,70.0,0.36,23.65,0.39,38.92,0.4,62.39,0.63,40.46,0.62,35.5,0.64,1.65,0.65,14.38,0.02,0.01,2353.739035,1776278165000
1776278167.902,67.902,0.37,34.0,0.36,18.65,0.38,45.5,0.39,34.78,0.61,16.33,0.6,62.39,0.63,29.0,0.64,18.65,0.01,0.02,2353.771346,1776278166000
1776278169.289,69.289,0.36,12.0,0.35,4.38,0.38,57.45,0.39,33.45,0.62,45.5,0.61,34.78,0.63,34.0,0.64,18.65,0.02,0.01,2353.772551,1776278167000
1776278169.494,69.494,0.35,4.38,0.34,41.05,0.38,28.91,0.39,28.45,0.62,57.45,0.61,33.45,0.64,12.0,0.65,4.38,0.03,0.02,2353.772551,1776278167000
1776278169.865,69.865,0.35,21.38,0.34,66.05,0.36,30.0,0.37,25.0,0.62,28.91,0.61,28.45,0.65,4.38,0.66,41.05,0.01,0.03,2353.79052,1776278168000
1776278170.401,70.401,0.35,9.84,0.34,66.05,0.36,40.0,0.37,26.0,0.64,35.0,0.63,15.0,0.65,19.84,0.66,66.05,0.01,0.01,2353.791656,1776278169000
1776278171.558,71.558,0.35,25.34,0.34,76.05,0.36,26.11,0.37,31.95,0.64,40.0,0.63,26.0,0.65,9.84,0.66,66.05,0.01,0.01,2353.776856,1776278170000
1776278172.88,72.88,0.4,124.91,0.39,61.5,0.41,5.0,0.42,10.0,0.64,21.11,0.63,31.95,0.65,15.34,0.66,76.05,0.01,0.01,2353.71607,1776278171000
1776278173.153,73.153,0.4,139.72,0.39,61.5,0.41,5.0,0.42,10.0,0.59,5.0,0.58,10.0,0.6,124.91,0.61,61.5,0.01,0.01,2353.71607,1776278171000
1776278173.53,73.53,0.41,45.0,0.4,98.0,0.42,10.0,0.43,5.0,0.59,5.0,0.58,10.0,0.6,134.72,0.61,61.5,0.01,0.01,2353.705708,1776278172000
1776278173.921,73.921,0.41,142.81,0.4,20.0,0.44,40.0,0.45,65.0,0.58,10.0,0.57,5.0,0.59,42.86,0.6,98.0,0.03,0.01,2353.705708,1776278172000
1776278175.079,75.079,0.43,63.53,0.42,12.86,0.44,40.0,0.45,55.0,0.56,40.0,0.55,55.0,0.58,7.86,0.59,157.81,0.01,0.02,2354.329344,1776278174000
1776278176.455,76.455,0.43,89.03,0.42,23.36,0.44,2.72,0.45,10.0,0.56,40.0,0.55,55.0,0.57,63.53,0.58,12.86,0.01,0.01,2354.312946,1776278175000
1776278178.018,78.018,0.43,130.15,0.42,102.48,0.44,2.6,0.45,10.0,0.56,2.72,0.55,10.0,0.57,89.03,0.58,23.36,0.01,0.01,2354.339782,1776278177000
1776278178.696,78.696,0.43,117.03,0.42,47.36,0.45,7.03,0.47,74.0,0.56,2.6,0.55,10.0,0.57,130.15,0.58,102.48,0.02,0.01,2354.339782,1776278177000
1776278181.19,81.19,0.44,67.61,0.43,32.53,0.45,17.03,0.46,10.5,0.55,7.03,0.53,74.0,0.57,117.03,0.58,47.36,0.01,0.02,2354.358274,1776278179000
1776278183.935,83.935,0.44,225.61,0.43,48.59,0.46,10.5,0.47,10.5,0.55,17.03,0.54,10.5,0.56,67.61,0.57,32.53,0.02,0.01,2354.304585,1776278182000
1776278185.587,85.587,0.47,110.0,0.46,198.99,0.5,5.0,0.51,5.0,0.52,75.5,0.5,5.0,0.54,39.93,0.55,41.06,0.03,0.02,2354.287834,1776278184000
1776278185.865,85.865,0.52,75.0,0.51,21.0,0.53,21.0,0.54,30.0,0.48,12.0,0.47,23.0,0.53,110.0,0.54,198.99,0.01,0.05,2354.287834,1776278184000
1776278186.329,86.329,0.52,174.0,0.51,97.0,0.53,1.85,0.54,25.0,0.47,21.0,0.46,30.0,0.48,75.0,0.49,21.0,0.01,0.01,2354.287834,1776278184000
1776278187.371,87.371,0.57,3.02,0.56,26.0,0.58,110.0,0.59,5.0,0.46,25.0,0.43,10.0,0.48,148.0,0.49,97.0,0.01,0.02,2354.508749,1776278185000
1776278187.741,87.741,0.58,27.0,0.57,13.02,0.59,0.22,0.6,17.0,0.42,110.0,0.41,5.0,0.43,3.02,0.44,26.0,0.01,0.01,2354.635968,1776278186000
1776278188.182,88.182,0.59,12.39,0.58,26.0,0.6,22.0,0.61,20.0,0.4,22.0,0.39,5.0,0.42,27.0,0.43,13.02,0.01,0.02,2354.705975,1776278187000
1776278188.467,88.467,0.58,26.0,0.57,19.02,0.59,3.0,0.6,21.13,0.4,21.13,0.39,20.0,0.42,26.0,0.43,8.02,0.01,0.02,2354.705975,1776278187000
1776278188.764,88.764,0.58,47.0,0.57,19.02,0.59,0.62,0.6,16.13,0.41,3.0,0.4,21.13,0.42,26.0,0.43,19.02,0.01,0.01,2354.705975,1776278187000
1776278189.019,89.019,0.59,15.0,0.58,21.0,0.61,14.81,0.62,5.0,0.4,14.55,0.39,10.0,0.42,47.0,0.43,19.02,0.02,0.02,2354.705975,1776278187000
1776278190.06,90.06,0.62,21.5,0.61,20.0,0.63,0.41,0.64,8.0,0.39,4.81,0.38,5.0,0.41,10.0,0.42,21.0,0.01,0.02,2355.119619,1776278188000
1776278190.608,90.608,0.62,27.5,0.61,21.0,0.64,54.0,0.65,95.0,0.37,0.41,0.36,8.0,0.38,21.5,0.39,20.0,0.02,0.01,2355.140629,1776278189000
1776278191.59,91.59,0.61,10.0,0.6,10.0,0.63,44.0,0.64,41.0,0.36,54.0,0.35,95.0,0.38,27.5,0.39,21.0,0.02,0.02,2355.19879,1776278190000
1776278192.049,92.049,0.61,93.0,0.6,49.0,0.64,5.0,0.65,88.0,0.37,74.0,0.36,41.0,0.39,10.0,0.4,10.0,0.03,0.02,2355.19879,1776278190000
1776278193.367,93.367,0.63,25.0,0.62,15.0,0.64,8.03,0.65,93.0,0.36,5.0,0.35,88.0,0.39,93.0,0.4,49.0,0.01,0.03,2355.33915,1776278192000
1776278194.299,94.299,0.64,35.0,0.63,15.0,0.66,10.0,0.67,68.0,0.36,8.03,0.35,93.0,0.37,25.0,0.38,15.0,0.02,0.01,2355.381615,1776278193000
1776278195.432,95.432,0.65,15.0,0.64,25.0,0.66,31.11,0.67,73.0,0.34,10.0,0.33,68.0,0.36,35.0,0.37,15.0,0.01,0.02,2355.4413,1776278194000
1776278197.189,97.189,0.56,10.0,0.55,50.0,0.57,44.36,0.58,15.0,0.34,31.11,0.33,73.0,0.35,15.0,0.36,25.0,0.01,0.01,2355.433784,1776278195000
1776278197.649,97.649,0.55,50.0,0.54,45.0,0.57,92.36,0.58,31.0,0.43,44.36,0.42,15.0,0.44,10.0,0.45,50.0,0.02,0.01,2355.437375,1776278196000
1776278198.401,98.401,0.53,2.21,0.52,25.0,0.54,20.0,0.55,40.91,0.43,92.36,0.42,31.0,0.45,50.0,0.46,45.0,0.01,0.02,2355.437375,1776278196000
1776278198.888,98.888,0.54,20.0,0.53,35.0,0.55,40.89,0.56,31.6,0.46,61.0,0.45,42.91,0.48,11.55,0.49,29.8,0.01,0.02,2355.437375,1776278196000
1776278199.341,99.341,0.54,46.0,0.53,31.0,0.55,1.16,0.56,28.6,0.45,40.89,0.44,31.6,0.46,20.0,0.47,35.0,0.01,0.01,2355.27784,1776278197000
1776278200.655,100.655,0.54,18.73,0.53,21.0,0.55,32.16,0.56,43.6,0.45,1.16,0.44,28.6,0.46,46.0,0.47,31.0,0.01,0.01,2354.938559,1776278199000
1776278201.184,101.184,0.51,4.8,0.5,120.0,0.52,60.0,0.53,25.0,0.45,32.16,0.44,43.6,0.46,18.73,0.47,21.0,0.01,0.01,2354.913605,1776278200000
1776278204.695,104.695,0.51,35.0,0.5,178.06,0.54,46.0,0.55,62.0,0.48,60.0,0.47,25.0,0.5,120.0,0.51,44.93,0.03,0.02,2354.766397,1776278203000
1776278205.364,105.364,0.5,80.0,0.49,69.93,0.52,20.0,0.53,36.0,0.46,46.0,0.45,62.0,0.49,35.0,0.5,178.06,0.02,0.03,2354.783592,1776278204000
1776278210.261,110.261,0.51,5.0,0.5,85.0,0.52,32.5,0.53,42.0,0.48,20.0,0.47,36.0,0.5,80.0,0.51,69.93,0.01,0.02,2354.792307,1776278209000
1776278211.119,111.119,0.55,5.0,0.53,15.0,0.56,1.6,0.58,10.0,0.48,32.5,0.47,42.0,0.49,5.0,0.5,85.0,0.01,0.01,2354.792307,1776278209000
1776278211.442,111.442,0.59,37.0,0.58,26.0,0.6,21.5,0.61,40.0,0.42,10.0,0.41,25.0,0.45,5.0,0.46,10.0,0.01,0.03,2354.792205,1776278210000
1776278211.8,111.8,0.59,80.46,0.58,31.0,0.6,10.5,0.61,45.0,0.4,15.5,0.39,40.0,0.41,63.0,0.42,26.0,0.01,0.01,2354.792205,1776278210000
1776278213.017,113.017,0.58,20.0,0.57,25.0,0.6,46.5,0.61,75.0,0.4,10.5,0.39,45.0,0.41,80.46,0.42,31.0,0.02,0.01,2354.819328,1776278211000
1776278213.402,113.402,0.58,20.0,0.57,25.0,0.59,24.3,0.6,15.0,0.4,46.5,0.39,75.0,0.42,20.0,0.43,25.0,0.01,0.02,2355.05432,1776278212000
1776278214.007,114.007,0.56,15.0,0.55,10.0,0.58,26.0,0.59,46.3,0.41,24.3,0.4,15.0,0.42,20.0,0.43,25.0,0.02,0.01,2355.079452,1776278213000
1776278214.416,114.416,0.5,132.0,0.49,104.0,0.57,114.0,0.58,76.0,0.42,26.0,0.41,46.3,0.44,15.0,0.45,10.0,0.07,0.02,2355.079452,1776278213000
1776278216.302,116.302,0.52,25.0,0.51,7.77,0.53,35.0,0.54,27.0,0.48,10.0,0.47,21.0,0.49,2.77,0.5,156.93,0.01,0.01,2354.995494,1776278215000
1776278216.962,116.962,0.53,40.0,0.52,41.0,0.54,18.11,0.55,5.0,0.47,35.0,0.46,27.0,0.48,25.0,0.49,7.77,0.01,0.01,2354.995494,1776278215000
1776278217.321,117.321,0.53,3.72,0.52,51.0,0.54,23.11,0.55,15.0,0.46,18.11,0.45,5.0,0.47,40.0,0.48,41.0,0.01,0.01,2354.881089,1776278216000
1776278221.867,121.867,0.48,75.0,0.47,35.0,0.5,98.0,0.51,31.0,0.46,28.11,0.45,20.0,0.47,1.54,0.48,41.0,0.02,0.01,2354.856485,1776278220000
1776278222.166,122.166,0.48,11.0,0.47,35.0,0.49,122.0,0.5,120.0,0.5,98.0,0.49,31.0,0.52,75.0,0.53,35.0,0.01,0.02,2354.856485,1776278220000
1776278222.653,122.653,0.46,15.0,0.45,50.0,0.47,16.0,0.48,20.0,0.51,127.0,0.5,120.0,0.54,135.0,0.55,100.0,0.01,0.03,2354.850445,1776278221000
1776278222.978,122.978,0.43,10.0,0.42,80.5,0.45,10.0,0.47,16.0,0.53,16.0,0.52,20.0,0.55,50.0,0.58,60.5,0.02,0.02,2354.850445,1776278221000
1776278223.289,123.289,0.46,23.14,0.45,15.0,0.47,20.0,0.49,21.0,0.55,10.0,0.53,16.0,0.57,10.0,0.58,80.5,0.01,0.02,2354.850445,1776278221000
1776278224.544,124.544,0.48,41.0,0.47,30.0,0.49,27.0,0.5,35.0,0.53,20.0,0.51,21.0,0.54,23.14,0.55,15.0,0.01,0.01,2354.50957,1776278223000
1776278225.161,125.161,0.49,89.0,0.48,83.99,0.51,10.0,0.52,30.12,0.51,22.0,0.5,57.0,0.52,46.0,0.53,30.0,0.02,0.01,2354.430096,1776278224000
1776278225.421,125.421,0.5,94.0,0.49,67.0,0.51,9.0,0.52,30.12,0.49,30.0,0.48,30.12,0.5,57.0,0.51,67.0,0.01,0.01,2354.430096,1776278224000
1776278233.525,133.525,0.51,12.63,0.5,27.0,0.52,71.12,0.53,20.0,0.49,9.0,0.48,30.12,0.5,94.0,0.51,67.0,0.01,0.01,2354.80501,1776278232000
1776278236.901,136.901,0.45,20.0,0.44,32.0,0.48,161.0,0.49,31.0,0.48,71.12,0.47,20.0,0.49,12.63,0.5,27.0,0.03,0.01,2354.557584,1776278235000
1776278237.547,137.547,0.45,31.0,0.44,48.0,0.46,7.0,0.47,27.0,0.52,161.0,0.51,31.0,0.55,20.0,0.56,32.0,0.01,0.03,2354.548733,1776278236000
1776278237.837,137.837,0.45,42.0,0.44,48.0,0.46,16.0,0.47,12.0,0.54,7.0,0.53,27.0,0.55,31.0,0.56,48.0,0.01,0.01,2354.548733,1776278236000
1776278238.839,138.839,0.47,308.93,0.46,15.0,0.48,5.0,0.52,15.12,0.54,16.0,0.53,12.0,0.55,42.0,0.56,48.0,0.01,0.01,2354.547048,1776278237000
1776278239.108,139.108,0.53,162.93,0.52,15.0,0.54,15.0,0.55,24.0,0.46,50.0,0.44,30.0,0.53,390.93,0.54,15.0,0.01,0.07,2354.547048,1776278237000
1776278239.431,139.431,0.53,118.0,0.52,108.17,0.55,6.32,0.56,25.0,0.46,8.66,0.45,24.0,0.47,167.93,0.48,70.0,0.02,0.01,2354.543986,1776278238000
1776278239.776,139.776,0.58,43.09,0.57,21.0,0.59,61.0,0.61,75.0,0.41,50.0,0.39,75.0,0.44,84.93,0.45,16.0,0.01,0.03,2354.543986,1776278238000
1776278240.56,140.56,0.6,66.0,0.59,42.0,0.61,96.0,0.62,46.0,0.41,61.0,0.39,75.0,0.42,43.09,0.43,21.0,0.01,0.01,2354.717075,1776278239000
1776278241.13,141.13,0.6,43.15,0.59,37.0,0.61,121.0,0.62,61.26,0.39,116.0,0.38,61.26,0.4,50.15,0.41,42.0,0.01,0.01,2354.717075,1776278239000
1776278241.411,141.411,0.59,5.0,0.58,5.0,0.61,160.0,0.62,65.26,0.39,121.0,0.38,61.26,0.4,43.15,0.41,37.0,0.02,0.01,2355.164294,1776278240000
1776278242.622,142.622,0.53,5.0,0.52,21.0,0.54,20.42,0.55,32.0,0.39,160.0,0.38,65.26,0.41,5.0,0.42,5.0,0.01,0.02,2355.10841,1776278241000
1776278242.917,142.917,0.53,10.0,0.52,5.0,0.55,17.0,0.56,29.0,0.46,17.42,0.45,17.0,0.47,5.0,0.48,21.0,0.02,0.01,2355.11746,1776278242000
1776278244.323,144.323,0.52,5.0,0.51,16.0,0.53,15.03,0.54,44.0,0.46,2.77,0.45,12.0,0.47,10.0,0.48,5.0,0.01,0.01,2354.99749,1776278243000
1776278245.652,145.652,0.5,5.0,0.49,5.0,0.53,73.03,0.54,62.0,0.47,15.03,0.46,44.0,0.48,5.0,0.49,16.0,0.03,0.01,2354.886249,1776278244000
1776278246.396,146.396,0.45,22.27,0.44,50.0,0.46,17.0,0.47,45.0,0.47,73.03,0.46,62.0,0.51,2.49,0.52,11.0,0.01,0.04,2354.922728,1776278245000
1776278247.993,147.993,0.46,10.0,0.45,27.27,0.49,12.36,0.5,32.0,0.54,17.0,0.53,45.0,0.55,22.27,0.56,50.0,0.03,0.01,2354.869297,1776278246000
1776278249.031,149.031,0.43,25.0,0.42,140.5,0.46,50.0,0.47,374.0,0.51,12.36,0.5,32.0,0.54,10.0,0.55,27.27,0.03,0.03,2354.637216,1776278247000
1776278249.44,149.44,0.41,6.61,0.4,160.5,0.43,127.0,0.44,15.0,0.55,5.0,0.54,255.0,0.58,124.44,0.59,220.5,0.02,0.03,2354.602632,1776278248000
1776278249.714,149.714,0.4,11.71,0.39,100.0,0.41,147.0,0.42,5.0,0.59,55.0,0.58,5.0,0.6,16.71,0.61,100.0,0.01,0.01,2354.602632,1776278248000
1776278250.323,150.323,0.38,175.0,0.37,35.5,0.41,238.0,0.42,20.0,0.59,227.0,0.58,15.0,0.6,5.11,0.61,100.0,0.03,0.01,2354.602632,1776278248000
1776278250.719,150.719,0.38,108.61,0.37,35.5,0.39,190.0,0.4,17.0,0.61,20.0,0.6,10.0,0.62,138.61,0.63,35.5,0.01,0.01,2354.456844,1776278249000
1776278251.169,151.169,0.38,111.9,0.37,35.5,0.39,200.0,0.4,22.0,0.61,190.0,0.6,17.0,0.62,108.61,0.63,35.5,0.01,0.01,2353.965799,1776278250000
1776278251.796,151.796,0.37,2.36,0.35,50.0,0.39,38.0,0.4,18.0,0.61,200.0,0.6,22.0,0.62,111.9,0.63,35.5,0.02,0.01,2353.965799,1776278250000
1776278252.006,152.006,0.34,70.55,0.33,98.0,0.38,50.0,0.39,23.0,0.61,38.0,0.6,18.0,0.63,2.36,0.65,50.0,0.04,0.02,2353.965799,1776278250000
1776278252.229,152.229,0.34,70.55,0.33,98.0,0.39,10.64,0.4,23.0,0.62,50.0,0.61,23.0,0.66,70.55,0.67,98.0,0.05,0.04,2353.782773,1776278251000
1776278252.82,152.82,0.34,30.55,0.33,85.0,0.35,54.54,0.36,10.0,0.61,2.22,0.6,23.0,0.66,70.55,0.67,98.0,0.01,0.05,2353.782773,1776278251000
1776278253.182,153.182,0.33,85.0,0.3,14.0,0.34,45.7,0.35,35.54,0.65,54.54,0.64,10.0,0.67,95.0,0.7,14.0,0.01,0.02,2353.708693,1776278252000
1776278253.914,153.914,0.3,34.36,0.29,50.0,0.31,17.0,0.32,15.0,0.66,26.0,0.65,21.0,0.7,14.0,0.71,50.0,0.01,0.04,2353.708693,1776278252000
1776278254.219,154.219,0.3,5.36,0.29,50.0,0.31,27.0,0.32,10.0,0.69,17.0,0.68,15.0,0.7,34.36,0.71,50.0,0.01,0.01,2353.850733,1776278253000
1776278254.975,154.975,0.29,65.0,0.28,112.0,0.3,6.83,0.31,10.7,0.69,15.7,0.68,10.0,0.71,50.0,0.72,80.0,0.01,0.02,2353.850733,1776278253000
1776278255.215,155.215,0.29,18.45,0.28,107.0,0.3,0.43,0.31,10.7,0.7,0.43,0.69,10.7,0.71,10.0,0.72,112.0,0.01,0.01,2353.753832,1776278254000
1776278255.538,155.538,0.28,61.0,0.27,70.0,0.29,23.72,0.3,0.43,0.7,0.43,0.69,10.7,0.71,18.45,0.72,107.0,0.01,0.01,2353.753832,1776278254000
1776278255.787,155.787,0.27,60.0,0.26,206.0,0.29,38.72,0.3,5.43,0.71,23.72,0.7,0.43,0.72,61.0,0.73,70.0,0.02,0.01,2353.753832,1776278254000
1776278256.364,156.364,0.26,206.0,0.23,75.0,0.28,108.0,0.29,15.0,0.71,38.72,0.7,5.43,0.73,60.0,0.74,206.0,0.02,0.02,2353.697486,1776278255000
1776278257.565,157.565,0.26,100.57,0.23,75.0,0.27,102.22,0.28,63.0,0.73,2.22,0.72,63.0,0.74,206.0,0.77,75.0,0.01,0.01,2353.61146,1776278256000
1776278258.575,158.575,0.26,13.58,0.23,75.0,0.27,91.84,0.28,63.0,0.73,91.84,0.72,63.0,0.74,100.57,0.77,75.0,0.01,0.01,2353.461003,1776278257000
1776278259.031,159.031,0.26,7.58,0.25,88.74,0.27,91.84,0.28,63.0,0.73,91.84,0.72,63.0,0.74,13.58,0.77,75.0,0.01,0.01,2353.461003,1776278257000
1776278259.412,159.412,0.23,100.0,0.22,90.21,0.27,26.22,0.28,28.0,0.73,91.84,0.72,63.0,0.74,7.58,0.75,88.74,0.04,0.01,2353.345502,1776278258000
1776278260.996,160.996,0.23,16.05,0.22,163.97,0.24,46.0,0.25,10.0,0.73,26.22,0.72,28.0,0.77,100.0,0.78,90.21,0.01,0.04,2353.34846,1776278259000
1776278261.868,161.868,0.23,27.25,0.22,110.71,0.24,41.83,0.25,31.0,0.76,41.83,0.75,10.0,0.77,21.05,0.78,163.97,0.01,0.01,2353.44096,1776278260000
1776278262.313,162.313,0.26,15.74,0.25,27.0,0.27,87.62,0.28,31.5,0.73,15.12,0.72,26.5,0.74,4.74,0.76,12.0,0.01,0.01,2353.35939,1776278261000
1776278262.926,162.926,0.25,5.66,0.24,23.0,0.27,152.62,0.28,41.5,0.73,77.12,0.72,31.5,0.74,5.74,0.75,27.0,0.02,0.01,2353.35939,1776278261000
1776278263.16,163.16,0.24,11.0,0.23,44.2,0.26,99.0,0.27,25.12,0.73,152.62,0.72,41.5,0.75,5.66,0.76,23.0,0.02,0.02,2353.383364,1776278262000
1776278263.495,163.495,0.23,31.5,0.22,111.71,0.24,39.0,0.25,41.0,0.74,99.0,0.73,25.12,0.76,11.0,0.77,44.2,0.01,0.02,2353.383364,1776278262000
1776278263.71,163.71,0.24,5.0,0.23,31.5,0.25,5.0,0.26,16.0,0.75,11.0,0.74,31.0,0.76,5.0,0.77,47.5,0.01,0.01,2353.383364,1776278262000
1776278264.151,164.151,0.25,4.79,0.24,8.55,0.26,91.0,0.27,35.12,0.74,16.0,0.73,30.12,0.76,8.55,0.77,31.5,0.01,0.02,2353.383364,1776278262000
1776278264.4,164.4,0.23,41.5,0.22,120.71,0.26,25.0,0.27,35.12,0.74,29.0,0.73,41.12,0.76,2.34,0.77,41.5,0.03,0.02,2353.430007,1776278263000
1776278266.331,166.331,0.22,36.52,0.21,50.0,0.24,79.0,0.25,15.0,0.74,25.0,0.73,35.12,0.77,41.5,0.78,120.71,0.02,0.03,2353.313439,1776278265000
1776278266.561,166.561,0.22,5.17,0.21,25.0,0.23,10.0,0.24,91.0,0.76,81.0,0.75,15.0,0.78,5.27,0.79,50.0,0.01,0.02,2353.313439,1776278265000
1776278266.763,166.763,0.21,25.0,0.2,160.0,0.23,16.65,0.24,23.0,0.77,16.65,0.76,23.0,0.78,24.17,0.79,25.0,0.02,0.01,2353.313439,1776278265000
1776278268.191,168.191,0.2,73.72,0.19,60.0,0.21,50.0,0.22,122.09,0.77,16.65,0.76,23.0,0.79,25.0,0.8,160.0,0.01,0.02,2353.314972,1776278266000
1776278268.721,168.721,0.21,67.0,0.2,124.22,0.23,52.0,0.24,37.0,0.79,50.0,0.78,122.09,0.8,73.72,0.81,60.0,0.02,0.01,2353.314972,1776278266000
1776278268.939,168.939,0.22,3.5,0.21,26.5,0.23,4.26,0.24,10.0,0.77,16.26,0.76,15.0,0.78,4.5,0.79,30.5,0.01,0.01,2353.003055,1776278267000
1776278269.155,169.155,0.22,60.0,0.21,23.0,0.24,20.0,0.25,36.5,0.77,7.26,0.76,20.0,0.78,60.0,0.79,23.0,0.02,0.01,2353.003055,1776278267000
1776278269.583,169.583,0.25,19.35,0.24,27.5,0.26,10.0,0.27,20.0,0.76,36.0,0.75,47.5,0.78,13.5,0.79,33.5,0.01,0.02,2353.003055,1776278267000
1776278269.874,169.874,0.26,13.0,0.25,28.35,0.28,56.5,0.29,45.0,0.74,10.0,0.73,20.0,0.75,28.35,0.76,27.5,0.02,0.01,2352.947451,1776278268000
1776278272.548,172.548,0.25,2.7,0.23,22.0,0.26,28.22,0.27,35.5,0.72,56.5,0.71,45.0,0.75,17.7,0.76,20.5,0.01,0.03,2353.347796,1776278271000
1776278273.432,173.432,0.23,10.0,0.22,23.5,0.26,116.37,0.27,66.15,0.74,24.37,0.73,35.5,0.75,2.7,0.77,22.0,0.03,0.01,2353.345396,1776278272000
1776278274.492,174.492,0.2,0.18,0.19,35.5,0.21,21.0,0.22,36.5,0.74,116.37,0.73,66.15,0.77,10.0,0.78,23.5,0.01,0.03,2353.296966,1776278273000
1776278275.956,175.956,0.18,50.0,0.17,150.0,0.19,33.23,0.2,51.5,0.79,21.0,0.78,36.5,0.8,0.18,0.81,35.5,0.01,0.01,2353.277008,1776278275000
1776278279.404,179.404,0.17,115.0,0.16,85.5,0.18,29.94,0.19,32.5,0.8,33.06,0.79,36.5,0.82,50.0,0.83,150.0,0.01,0.02,2352.826061,1776278278000
1776278281.528,181.528,0.16,125.89,0.15,141.0,0.17,45.5,0.18,31.94,0.82,31.94,0.81,25.5,0.83,17.0,0.84,85.5,0.01,0.01,2352.888489,1776278280000
1776278282.572,182.572,0.16,4.04,0.15,21.5,0.17,86.9,0.18,36.94,0.83,40.5,0.82,31.94,0.84,100.89,0.85,141.0,0.01,0.01,2352.912357,1776278281000
1776278283.621,183.621,0.15,3.22,0.14,50.5,0.17,218.9,0.18,52.94,0.83,86.9,0.82,36.94,0.84,4.04,0.85,21.5,0.02,0.01,2352.805163,1776278282000
1776278284.152,184.152,0.15,30.55,0.14,50.5,0.16,76.23,0.17,76.5,0.83,218.9,0.82,52.94,0.85,3.22,0.86,50.5,0.01,0.02,2352.811362,1776278283000
1776278284.713,184.713,0.15,27.55,0.14,50.5,0.16,76.23,0.17,81.5,0.84,76.23,0.83,76.5,0.85,30.55,0.86,50.5,0.01,0.01,2352.811362,1776278283000
1776278285.615,185.615,0.15,12.55,0.14,45.5,0.16,131.23,0.17,66.5,0.84,81.23,0.83,71.5,0.85,17.55,0.86,50.5,0.01,0.01,2352.775241,1776278284000
1776278287.153,187.153,0.15,22.05,0.14,45.0,0.16,214.23,0.17,54.5,0.84,151.23,0.83,66.5,0.85,12.55,0.86,45.5,0.01,0.01,2352.77844,1776278286000
1776278287.383,187.383,0.15,10.28,0.14,45.0,0.16,203.23,0.17,54.5,0.84,214.23,0.83,54.5,0.85,22.05,0.86,45.0,0.01,0.01,2352.77844,1776278286000
1776278287.641,187.641,0.15,0.28,0.14,45.0,0.16,191.0,0.17,54.5,0.84,203.23,0.83,54.5,0.85,10.28,0.86,45.0,0.01,0.01,2352.77844,1776278286000
1776278288.442,188.442,0.14,10.69,0.13,125.0,0.16,311.5,0.17,154.32,0.84,191.0,0.83,54.5,0.85,0.28,0.86,45.0,0.02,0.01,2352.682555,1776278287000
1776278289.613,189.613,0.15,13.82,0.14,10.59,0.16,166.8,0.17,39.0,0.84,311.5,0.83,154.32,0.86,10.59,0.87,125.0,0.01,0.02,2352.409896,1776278288000
1776278289.933,189.933,0.14,10.5,0.13,45.5,0.16,61.8,0.17,32.0,0.84,139.8,0.83,39.0,0.87,149.5,0.88,45.0,0.02,0.03,2352.409896,1776278288000
1776278290.558,190.558,0.13,55.5,0.12,66.0,0.14,1.0,0.15,85.54,0.84,61.8,0.83,32.0,0.86,3.41,0.87,45.5,0.01,0.02,2352.5875,1776278289000
1776278291.222,191.222,0.13,62.0,0.12,95.5,0.14,7.85,0.15,55.34,0.85,50.34,0.84,83.8,0.87,55.5,0.88,66.0,0.01,0.02,2352.5875,1776278289000
1776278296.335,196.335,0.12,30.0,0.11,55.5,0.13,46.21,0.14,53.5,0.85,55.34,0.84,109.3,0.86,8.15,0.87,52.0,0.01,0.01,2352.520577,1776278295000
1776278298.209,198.209,0.12,10.0,0.11,45.0,0.13,320.64,0.14,60.5,0.87,46.21,0.86,53.5,0.88,30.0,0.89,55.5,0.01,0.01,2352.529628,1776278296000
1776278298.818,198.818,0.12,10.0,0.11,45.0,0.13,278.68,0.14,50.5,0.87,320.64,0.86,60.5,0.88,10.0,0.89,45.0,0.01,0.01,2352.528192,1776278297000
1776278299.511,199.511,0.12,10.0,0.11,45.0,0.13,284.82,0.14,80.4,0.87,278.68,0.86,50.5,0.88,10.0,0.89,45.0,0.01,0.01,2352.528192,1776278297000
1776278300.227,200.227,0.11,64.18,0.1,165.5,0.13,285.96,0.14,50.4,0.87,284.82,0.86,80.4,0.88,10.0,0.89,45.0,0.02,0.01,2352.525285,1776278298000
1776278300.861,200.861,0.11,29.18,0.1,155.0,0.12,4.14,0.13,292.46,0.87,285.96,0.86,50.4,0.89,64.18,0.9,165.5,0.01,0.02,2352.524285,1776278299000
1776278301.849,201.849,0.11,39.18,0.1,165.5,0.12,43.72,0.13,311.09,0.88,4.14,0.87,292.46,0.89,29.18,0.9,155.0,0.01,0.01,2352.52589,1776278300000
1776278302.563,202.563,0.11,29.18,0.1,165.5,0.12,34.86,0.13,411.09,0.88,43.72,0.87,311.09,0.89,39.18,0.9,165.5,0.01,0.01,2352.529186,1776278301000
1776278302.867,202.867,0.11,19.71,0.1,20.5,0.12,96.91,0.13,419.09,0.88,34.86,0.87,411.09,0.89,29.18,0.9,165.5,0.01,0.01,2352.529186,1776278301000
1776278303.068,203.068,0.11,12.46,0.1,20.5,0.12,96.91,0.13,411.09,0.88,96.91,0.87,419.09,0.89,19.71,0.9,20.5,0.01,0.01,2352.540315,1776278302000
1776278303.328,203.328,0.11,12.46,0.1,20.5,0.12,91.05,0.13,421.59,0.88,96.91,0.87,411.09,0.89,12.46,0.9,20.5,0.01,0.01,2352.540315,1776278302000
1776278304.682,204.682,0.1,19.88,0.09,21.0,0.11,239.33,0.12,152.78,0.88,91.05,0.87,421.59,0.89,12.46,0.9,20.5,0.01,0.01,2352.540575,1776278303000
1776278304.95,204.95,0.1,62.88,0.09,21.0,0.11,25.09,0.12,34.0,0.89,239.33,0.88,152.78,0.9,19.88,0.91,21.0,0.01,0.01,2352.540575,1776278303000
1776278305.204,205.204,0.1,71.31,0.09,21.0,0.12,68.1,0.13,289.89,0.89,23.09,0.88,34.0,0.9,61.21,0.91,21.0,0.02,0.01,2352.492178,1776278304000
1776278305.464,205.464,0.11,34.75,0.1,61.81,0.12,78.1,0.13,304.89,0.88,68.1,0.87,294.89,0.9,71.31,0.91,21.0,0.01,0.02,2352.492178,1776278304000
1776278306.067,206.067,0.11,45.75,0.1,66.81,0.12,176.63,0.13,346.88,0.88,78.1,0.87,304.89,0.89,34.75,0.9,61.81,0.01,0.01,2352.492178,1776278304000
1776278306.789,206.789,0.11,53.45,0.1,61.81,0.12,171.63,0.13,320.89,0.88,176.63,0.87,341.88,0.89,49.62,0.9,66.81,0.01,0.01,2352.432532,1776278305000
1776278307.564,207.564,0.11,42.95,0.1,43.81,0.12,90.86,0.13,381.69,0.88,171.63,0.87,320.89,0.89,53.45,0.9,61.81,0.01,0.01,2352.662615,1776278306000
1776278307.963,207.963,0.11,58.93,0.1,43.81,0.12,95.86,0.13,371.69,0.88,90.86,0.87,381.69,0.89,42.95,0.9,43.81,0.01,0.01,2352.662615,1776278306000
1776278310.425,210.425,0.11,82.9,0.1,38.81,0.12,7.5,0.13,331.69,0.88,95.86,0.87,371.69,0.89,58.93,0.9,43.81,0.01,0.01,2352.731266,1776278309000
1776278310.711,210.711,0.11,167.14,0.1,38.81,0.12,4.9,0.13,326.69,0.88,5.0,0.87,331.69,0.89,145.14,0.9,38.81,0.01,0.01,2352.731266,1776278309000
1776278311.092,211.092,0.11,195.14,0.1,38.81,0.13,236.17,0.14,63.0,0.87,307.21,0.86,179.9,0.89,167.14,0.9,38.81,0.02,0.02,2352.731266,1776278309000
1776278311.765,211.765,0.11,215.15,0.1,128.81,0.13,195.62,0.14,63.0,0.87,213.32,0.86,63.0,0.89,185.15,0.9,128.81,0.02,0.02,2353.03987,1776278310000
1776278311.981,211.981,0.11,184.92,0.1,140.69,0.14,63.0,0.15,5.35,0.88,6.0,0.87,8.97,0.89,184.92,0.9,38.81,0.03,0.01,2353.03987,1776278310000
1776278312.299,212.299,0.18,30.0,0.17,40.0,0.19,180.87,0.2,76.68,0.81,206.87,0.8,76.68,0.84,10.0,0.88,21.0,0.01,0.03,2353.466255,1776278311000
1776278312.692,212.692,0.18,40.78,0.17,40.0,0.19,165.39,0.2,76.68,0.81,165.39,0.8,76.68,0.82,30.0,0.83,40.0,0.01,0.01,2353.466255,1776278311000
1776278313.226,213.226,0.17,35.01,0.16,10.0,0.19,165.39,0.2,70.68,0.81,165.39,0.8,76.68,0.82,40.78,0.83,40.0,0.02,0.01,2353.466255,1776278311000
1776278313.66,213.66,0.18,15.37,0.17,45.01,0.19,170.39,0.2,70.68,0.81,165.39,0.8,70.68,0.83,35.01,0.84,10.0,0.01,0.02,2353.541455,1776278312000
1776278314.153,214.153,0.18,22.47,0.17,70.01,0.19,170.39,0.2,70.68,0.81,170.39,0.8,70.68,0.82,15.37,0.83,45.01,0.01,0.01,2353.541455,1776278312000
1776278314.506,214.506,0.17,45.01,0.16,10.0,0.2,80.68,0.21,15.75,0.8,101.68,0.79,33.75,0.82,4.87,0.83,70.01,0.03,0.02,2353.541455,1776278312000
1776278315.564,215.564,0.19,8.82,0.18,10.0,0.2,85.68,0.21,26.25,0.8,80.68,0.79,15.75,0.83,45.01,0.84,10.0,0.01,0.03,2353.50205,1776278313000
1776278315.865,215.865,0.17,25.0,0.16,25.0,0.18,14.94,0.19,32.5,0.8,85.68,0.79,26.25,0.81,8.82,0.82,10.0,0.01,0.01,2353.48406,1776278314000
1776278316.099,216.099,0.15,7.0,0.14,40.4,0.18,9.22,0.19,37.5,0.82,14.94,0.81,32.5,0.83,25.0,0.84,25.0,0.03,0.01,2353.48406,1776278314000
1776278316.595,216.595,0.15,24.23,0.14,57.61,0.16,6.35,0.17,9.0,0.84,11.35,0.83,24.0,0.85,13.73,0.86,57.61,0.01,0.01,2353.544239,1776278315000
1776278316.798,216.798,0.17,8.77,0.14,57.61,0.19,16.73,0.2,67.68,0.81,16.73,0.8,62.68,0.85,9.44,0.86,57.61,0.02,0.04,2353.544239,1776278315000
1776278317.572,217.572,0.15,50.0,0.14,58.11,0.17,7.81,0.18,15.0,0.81,16.73,0.8,67.68,0.83,8.77,0.86,57.61,0.02,0.02,2353.544239,1776278315000
1776278318.467,218.467,0.17,10.0,0.16,16.31,0.18,16.44,0.19,20.0,0.83,7.81,0.82,15.0,0.85,50.0,0.86,58.11,0.01,0.02,2353.356448,1776278316000
1776278318.762,218.762,0.17,7.76,0.16,21.31,0.18,16.44,0.19,20.0,0.82,16.44,0.81,20.0,0.83,10.0,0.84,16.31,0.01,0.01,2353.293185,1776278317000
1776278319.019,219.019,0.17,5.0,0.16,21.31,0.19,20.0,0.2,50.68,0.82,16.44,0.81,20.0,0.83,7.76,0.84,21.31,0.02,0.01,2353.293185,1776278317000
1776278319.785,219.785,0.17,40.94,0.16,21.31,0.18,15.44,0.19,15.0,0.82,17.0,0.81,20.0,0.83,3.19,0.84,21.31,0.01,0.01,2353.339316,1776278318000
1776278320.194,220.194,0.19,11.0,0.18,41.61,0.2,25.18,0.21,113.25,0.8,25.18,0.79,108.25,0.82,5.0,0.83,30.94,0.01,0.02,2353.40302,1776278319000
1776278320.447,220.447,0.18,20.61,0.17,30.94,0.19,5.68,0.2,17.68,0.8,23.68,0.79,113.25,0.82,20.61,0.83,20.94,0.01,0.02,2353.40302,1776278319000
1776278320.704,220.704,0.18,15.61,0.17,30.94,0.19,1.18,0.2,27.68,0.81,5.68,0.8,17.68,0.82,20.61,0.83,30.94,0.01,0.01,2353.40302,1776278319000
1776278321.709,221.709,0.18,55.78,0.17,20.94,0.19,33.68,0.2,27.68,0.81,1.18,0.8,27.68,0.82,15.61,0.83,30.94,0.01,0.01,2353.335255,1776278320000
1776278322.344,222.344,0.18,11.39,0.17,15.0,0.19,33.68,0.2,27.68,0.81,33.68,0.8,27.68,0.82,55.78,0.83,20.94,0.01,0.01,2353.420165,1776278321000
1776278323.801,223.801,0.18,5.78,0.17,15.0,0.19,38.41,0.2,27.68,0.81,33.68,0.8,27.68,0.82,11.39,0.83,15.0,0.01,0.01,2353.376,1776278322000
1776278324.979,224.979,0.17,15.0,0.16,15.0,0.19,33.41,0.2,27.68,0.81,38.41,0.8,27.68,0.82,5.78,0.83,15.0,0.02,0.01,2353.41982,1776278323000
1776278326.398,226.398,0.19,6.82,0.18,53.5,0.2,15.0,0.21,20.75,0.81,33.41,0.8,27.68,0.83,15.0,0.84,15.0,0.01,0.02,2353.33607,1776278324000
1776278326.775,226.775,0.2,22.55,0.19,48.63,0.21,5.65,0.22,30.83,0.79,5.65,0.78,55.83,0.8,9.4,0.81,17.32,0.01,0.01,2353.33607,1776278325000
1776278328.363,228.363,0.2,48.55,0.19,47.63,0.22,5.83,0.23,96.4,0.79,5.65,0.78,30.83,0.8,22.55,0.81,48.63,0.02,0.01,2353.422765,1776278326000
1776278328.695,228.695,0.18,2.0,0.17,40.0,0.2,153.5,0.21,41.5,0.78,5.83,0.77,96.4,0.8,48.55,0.81,47.63,0.02,0.02,2353.422765,1776278326000
1776278329.12,229.12,0.16,34.31,0.15,98.93,0.17,24.61,0.18,30.5,0.81,20.5,0.8,171.5,0.84,54.8,0.85,102.7,0.01,0.03,2353.483505,1776278327000
1776278329.822,229.822,0.16,74.22,0.15,109.43,0.17,20.0,0.18,35.5,0.83,24.61,0.82,30.5,0.84,34.31,0.85,98.93,0.01,0.01,2353.59821,1776278328000
1776278341.486,241.486,0.13,15.75,0.12,70.0,0.14,228.06,0.15,76.0,0.83,20.0,0.82,35.5,0.84,74.22,0.85,109.43,0.01,0.01,2353.294259,1776278340000
1776278341.726,241.726,0.13,4.75,0.12,70.0,0.14,236.06,0.15,76.0,0.86,228.06,0.85,76.0,0.87,15.75,0.88,70.0,0.01,0.01,2353.294259,1776278340000
1776278342.142,242.142,0.13,2.45,0.12,60.0,0.14,207.06,0.15,76.0,0.86,236.06,0.85,76.0,0.87,4.75,0.88,70.0,0.01,0.01,2353.294259,1776278340000
1776278342.393,242.393,0.13,7.45,0.12,60.0,0.14,102.06,0.15,66.0,0.86,207.06,0.85,76.0,0.87,2.45,0.88,60.0,0.01,0.01,2353.355595,1776278341000
1776278344.141,244.141,0.12,35.0,0.11,91.0,0.14,90.06,0.15,66.0,0.86,98.06,0.85,66.0,0.87,7.45,0.88,60.0,0.02,0.01,2353.368706,1776278343000
1776278346.725,246.725,0.11,90.18,0.1,157.21,0.12,17.9,0.13,153.0,0.86,90.06,0.85,66.0,0.88,35.0,0.89,91.0,0.01,0.02,2353.346106,1776278345000
1776278347.105,247.105,0.11,90.18,0.1,157.21,0.12,154.9,0.13,40.0,0.88,17.9,0.87,153.0,0.89,90.18,0.9,157.21,0.01,0.01,2353.374969,1776278346000
1776278348.013,248.013,0.09,77.31,0.08,110.0,0.12,226.9,0.13,65.0,0.88,154.9,0.87,40.0,0.89,90.18,0.9,157.21,0.03,0.01,2353.284725,1776278347000
1776278348.282,248.282,0.08,109.36,0.07,185.0,0.1,163.0,0.11,102.0,0.88,226.9,0.87,65.0,0.91,77.31,0.92,110.0,0.02,0.03,2353.284725,1776278347000
1776278348.8,248.8,0.08,30.22,0.07,185.0,0.09,154.0,0.1,60.0,0.9,163.0,0.89,102.0,0.92,109.36,0.93,185.0,0.01,0.02,2353.284725,1776278347000
1776278349.949,249.949,0.07,179.81,0.06,135.0,0.09,231.89,0.1,71.0,0.91,138.89,0.9,60.0,0.92,30.22,0.93,185.0,0.02,0.01,2353.212619,1776278349000
1776278350.389,250.389,0.06,60.0,0.05,180.0,0.08,172.0,0.09,117.89,0.92,213.0,0.91,96.89,0.93,176.17,0.94,135.0,0.02,0.01,2353.212619,1776278349000
1776278350.615,250.615,0.06,68.22,0.05,180.0,0.07,67.0,0.08,138.0,0.92,172.0,0.91,117.89,0.94,58.77,0.95,180.0,0.01,0.02,2353.212619,1776278349000
1776278351.25,251.25,0.04,25.0,0.03,425.7,0.06,98.61,0.07,78.0,0.94,183.61,0.93,68.0,0.95,175.2,0.96,100.0,0.02,0.01,2353.10269,1776278350000
1776278351.619,251.619,0.04,5.0,0.03,256.0,0.05,221.0,0.06,143.61,0.94,98.61,0.93,78.0,0.96,25.0,0.97,425.7,0.01,0.02,2353.10269,1776278350000
1776278351.925,251.925,0.03,251.4,0.02,652.7,0.04,48.0,0.05,69.0,0.96,43.0,0.95,69.0,0.97,218.74,0.98,652.7,0.01,0.01,2352.9617,1776278351000
1776278352.618,252.618,0.03,237.19,0.02,652.7,0.04,63.2,0.05,69.0,0.96,43.0,0.95,69.0,0.97,243.23,0.98,652.7,0.01,0.01,2352.9617,1776278351000
1776278353.238,253.238,0.03,17.32,0.02,256.0,0.04,190.2,0.05,151.8,0.96,109.2,0.95,76.0,0.97,182.91,0.98,256.0,0.01,0.01,2352.77958,1776278352000
1776278353.523,253.523,0.03,10.25,0.02,256.0,0.04,225.2,0.05,151.8,0.96,185.2,0.95,151.8,0.97,12.32,0.98,256.0,0.01,0.01,2352.77958,1776278352000
1776278353.73,253.73,0.02,195.0,0.01,2725.6,0.04,304.9,0.05,131.8,0.96,299.9,0.95,136.8,0.98,216.0,0.99,2725.6,0.02,0.02,2352.77958,1776278352000
1776278354.03,254.03,0.02,177.95,0.01,2525.6,0.04,308.9,0.05,166.8,0.96,313.9,0.95,166.8,0.97,4.0,0.98,195.0,0.02,0.01,2352.474316,1776278353000
1776278354.376,254.376,0.02,228.45,0.01,2262.0,0.03,310.7,0.04,193.89,0.96,308.9,0.95,166.8,0.98,177.95,0.99,2525.6,0.01,0.02,2352.474316,1776278353000
1776278356.219,256.219,0.02,228.45,0.01,2625.6,0.03,316.51,0.04,178.89,0.97,310.7,0.96,193.89,0.98,228.45,0.99,2262.0,0.01,0.01,2351.996866,1776278355000
1776278356.452,256.452,0.02,218.35,0.01,2625.6,0.03,321.51,0.04,178.89,0.97,316.51,0.96,178.89,0.98,228.45,0.99,2625.6,0.01,0.01,2351.996866,1776278355000
1776278357.047,257.047,0.02,208.26,0.01,2631.58,0.03,283.17,0.04,178.89,0.97,288.17,0.96,178.89,0.98,208.35,0.99,2625.6,0.01,0.01,2351.996866,1776278355000
1776278357.275,257.275,0.02,198.15,0.01,2631.58,0.03,283.17,0.04,178.89,0.97,283.17,0.96,178.89,0.98,208.26,0.99,2631.58,0.01,0.01,2351.957396,1776278356000
1776278358.377,258.377,0.02,24.21,0.01,2332.98,0.03,288.17,0.04,178.89,0.97,283.17,0.96,178.89,0.98,198.15,0.99,2631.58,0.01,0.01,2351.957396,1776278356000
1776278358.735,258.735,0.01,2000.16,,,0.03,288.17,0.04,178.89,0.97,283.17,0.96,178.89,0.98,8.97,0.99,2016.19,0.02,0.01,2351.979246,1776278357000
1776278359.045,259.045,0.02,5.0,0.01,2000.16,0.03,282.28,0.04,188.89,0.97,287.28,0.96,188.89,0.98,10.0,0.99,2000.16,0.01,0.01,2351.979246,1776278357000
1776278361.209,261.209,0.01,2000.16,,,0.02,13.0,0.03,296.01,0.97,282.28,0.96,188.89,0.98,5.0,0.99,2000.16,0.01,0.01,2351.981478,1776278358000
1776278361.536,261.536,0.01,1954.65,,,0.02,230.83,0.03,279.01,0.98,13.0,0.97,296.01,0.99,2000.16,,,0.01,0.01,2351.965085,1776278360000
1776278363.74,263.74,0.01,2379.25,,,0.02,25.13,0.03,240.01,0.98,237.83,0.97,279.01,0.99,2044.65,,,0.01,0.01,2352.001265,1776278362000
1776278364.233,264.233,0.01,2379.2,,,0.02,27.0,0.03,240.01,0.98,25.13,0.97,240.01,0.99,2379.25,,,0.01,0.01,2351.987746,1776278363000
1776278364.541,264.541,0.01,2371.2,,,0.02,32.0,0.03,240.01,0.98,27.0,0.97,240.01,0.99,2379.2,,,0.01,0.01,2351.987746,1776278363000
1776278365.707,265.707,0.01,2301.41,,,0.02,41.0,0.03,240.01,0.98,32.0,0.97,240.01,0.99,2371.2,,,0.01,0.01,2351.99618,1776278364000
1776278366.661,266.661,0.01,2301.41,,,0.02,7.0,0.03,30.31,0.98,41.0,0.97,240.01,0.99,2301.41,,,0.01,0.01,2352.174754,1776278365000
1776278367.269,267.269,0.01,2285.11,,,0.02,12.0,0.03,249.01,0.98,7.0,0.97,30.31,0.99,2301.41,,,0.01,0.01,2352.174754,1776278365000
1776278368.022,268.022,0.01,1490.46,,,0.02,272.7,0.03,249.01,0.98,42.0,0.97,249.01,0.99,2260.11,,,0.01,0.01,2352.211355,1776278366000
1776278368.296,268.296,0.01,1493.46,,,0.02,272.7,0.03,249.01,0.98,272.7,0.97,249.01,0.99,1490.46,,,0.01,0.01,2352.211355,1776278366000
1776278368.546,268.546,0.01,1493.46,,,0.02,257.7,0.03,249.01,0.98,272.7,0.97,249.01,0.99,1493.46,,,0.01,0.01,2352.211355,1776278366000
1776278369.311,269.311,0.01,1312.17,,,0.02,260.7,0.03,249.01,0.98,250.7,0.97,249.01,0.99,1321.47,,,0.01,0.01,2352.385425,1776278368000
1776278369.618,269.618,0.01,1131.17,,,0.02,260.7,0.03,249.01,0.98,260.7,0.97,249.01,0.99,1133.17,,,0.01,0.01,2352.385425,1776278368000
1776278370.159,270.159,0.01,968.17,,,0.02,255.7,0.03,249.01,0.98,260.7,0.97,249.01,0.99,980.17,,,0.01,0.01,2352.385425,1776278368000
1776278370.788,270.788,0.01,1230.76,,,0.02,15.0,0.03,249.01,0.98,255.7,0.97,249.01,0.99,968.17,,,0.01,0.01,2352.218335,1776278369000
1776278372.068,272.068,0.01,1216.76,,,0.02,12.0,0.03,216.01,0.98,15.0,0.97,249.01,0.99,1216.76,,,0.01,0.01,2352.199965,1776278370000
1776278372.798,272.798,0.01,1201.74,,,0.02,5.0,0.03,216.01,0.98,5.0,0.97,216.01,0.99,1202.76,,,0.01,0.01,2352.297895,1776278371000
1776278374.26,274.26,0.01,1217.74,,,0.02,173.02,0.03,216.01,0.98,5.0,0.97,216.01,0.99,1201.74,,,0.01,0.01,2352.392857,1776278372000
1776278375.857,275.857,0.01,813.74,,,0.02,20.0,0.03,119.31,0.98,173.02,0.97,216.01,0.99,1217.74,,,0.01,0.01,2352.639156,1776278374000
1776278376.206,276.206,0.01,798.54,,,0.02,31.0,0.03,119.31,0.98,20.0,0.97,119.31,0.99,813.74,,,0.01,0.01,2352.58959,1776278375000
1776278377.812,277.812,0.01,792.52,,,0.02,78.19,0.03,109.0,0.98,31.0,0.97,119.31,0.99,798.54,,,0.01,0.01,2352.637305,1776278376000
1776278380.961,280.961,0.01,764.04,,,0.02,125.19,0.03,90.99,0.98,78.19,0.97,109.0,0.99,792.52,,,0.01,0.01,2352.56214,1776278380000
1776278381.255,281.255,0.01,754.04,,,0.02,125.19,0.03,90.99,0.98,125.19,0.97,90.99,0.99,764.04,,,0.01,0.01,2352.56214,1776278380000
1776278381.723,281.723,0.01,743.04,,,0.02,125.19,0.03,90.99,0.98,125.19,0.97,90.99,0.99,754.04,,,0.01,0.01,2352.56214,1776278380000
1776278382.094,282.094,0.01,702.57,,,0.02,130.19,0.03,90.99,0.98,125.19,0.97,90.99,0.99,712.68,,,0.01,0.01,2352.54599,1776278381000
1776278382.378,282.378,0.01,696.57,,,0.02,125.19,0.03,90.99,0.98,130.19,0.97,90.99,0.99,702.57,,,0.01,0.01,2352.54599,1776278381000
1776278382.619,282.619,0.01,656.21,,,0.02,98.19,0.03,90.99,0.98,125.19,0.97,90.99,0.99,696.57,,,0.01,0.01,2352.54599,1776278381000
1776278382.885,282.885,0.01,661.21,,,0.02,0.19,0.03,119.99,0.98,98.19,0.97,90.99,0.99,656.21,,,0.01,0.01,2352.54599,1776278381000
1776278383.189,283.189,0.01,668.13,,,0.02,0.19,0.03,119.99,0.98,0.19,0.97,119.99,0.99,661.21,,,0.01,0.01,2352.626187,1776278382000
1776278383.841,283.841,0.01,647.93,,,0.02,5.19,0.03,119.99,0.98,0.19,0.97,119.99,0.99,668.13,,,0.01,0.01,2352.626187,1776278382000
1776278384.088,284.088,0.01,562.13,,,0.02,27.19,0.03,119.99,0.98,5.19,0.97,119.99,0.99,647.93,,,0.01,0.01,2352.620835,1776278383000
1776278384.358,284.358,0.01,540.13,,,0.02,171.19,0.03,95.0,0.98,171.19,0.97,95.0,0.99,542.13,,,0.01,0.01,2352.620835,1776278383000
1776278385.692,285.692,0.01,440.13,,,0.02,132.19,0.03,95.0,0.98,171.19,0.97,95.0,0.99,455.13,,,0.01,0.01,2352.78987,1776278384000
1776278386.366,286.366,0.01,420.13,,,0.02,132.19,0.03,95.0,0.98,132.19,0.97,95.0,0.99,430.13,,,0.01,0.01,2352.940842,1776278385000
1776278386.837,286.837,0.01,405.13,,,0.02,132.19,0.03,95.0,0.98,132.19,0.97,95.0,0.99,420.13,,,0.01,0.01,2352.940842,1776278385000
1776278387.191,287.191,0.01,369.21,,,0.02,132.19,0.03,95.0,0.98,132.19,0.97,95.0,0.99,391.99,,,0.01,0.01,2352.82125,1776278386000
1776278388.347,288.347,0.01,315.21,,,0.02,132.19,0.03,95.0,0.98,132.19,0.97,95.0,0.99,369.21,,,0.01,0.01,2352.82125,1776278386000
1776278388.601,288.601,0.01,315.15,,,0.02,132.19,0.03,95.0,0.98,132.19,0.97,95.0,0.99,315.21,,,0.01,0.01,2352.849115,1776278387000
1776278388.806,288.806,0.01,305.09,,,0.02,132.19,0.03,95.0,0.98,132.19,0.97,95.0,0.99,315.15,,,0.01,0.01,2352.849115,1776278387000
1776278389.344,289.344,0.01,305.89,,,0.02,72.19,0.03,95.0,0.98,132.19,0.97,95.0,0.99,300.89,,,0.01,0.01,2352.849115,1776278387000
1776278390.42,290.42,0.01,226.86,,,0.03,123.0,0.04,77.2,0.97,123.0,0.96,72.2,0.99,295.3,,,0.02,0.02,2352.800049,1776278388000
1776278390.797,290.797,0.01,214.32,,,0.03,123.0,0.04,77.2,0.97,123.0,0.96,77.2,0.99,216.86,,,0.02,0.02,2352.800049,1776278388000
1776278392.015,292.015,0.01,29.47,,,0.02,98.44,0.03,118.0,0.97,123.0,0.96,77.2,,,,,0.01,,2352.943527,1776278390000
1776278392.316,292.316,0.01,24.47,,,0.02,73.44,0.03,138.0,0.98,73.44,0.97,138.0,0.99,34.47,,,0.01,0.01,2352.943527,1776278390000

# RESULT,winner=Down,slug=eth-updown-5m-1776278100,ticks=358
