timestamp,elapsed_sec,up_bid_p1,up_bid_s1,up_bid_p2,up_bid_s2,up_ask_p1,up_ask_s1,up_ask_p2,up_ask_s2,down_bid_p1,down_bid_s1,down_bid_p2,down_bid_s2,down_ask_p1,down_ask_s1,down_ask_p2,down_ask_s2,up_spread,down_spread,eth_price,eth_oracle_ts
1776225601.375,1.375,,,,,,,,,,,,,,,,,,,2329.3207,1776225600000
1776225601.957,1.957,0.48,5.0,0.47,17.0,0.49,17.5,0.5,10.46,0.51,17.5,0.5,10.46,0.52,15.0,0.53,17.0,0.01,0.01,2329.3207,1776225600000
1776225602.376,2.376,0.48,5.0,0.47,17.0,0.49,17.5,0.5,10.46,0.51,17.5,0.5,10.46,0.52,15.0,0.53,17.0,0.01,0.01,2329.449709,1776225601000
1776225602.931,2.931,0.48,13.0,0.47,22.0,0.49,17.5,0.5,10.46,0.51,17.5,0.5,10.46,0.52,13.0,0.53,22.0,0.01,0.01,2329.450999,1776225602000
1776225603.208,3.208,0.48,8.0,0.47,22.0,0.49,27.1,0.5,15.46,0.51,17.5,0.5,10.46,0.52,13.0,0.53,22.0,0.01,0.01,2329.450999,1776225602000
1776225603.468,3.468,0.48,1.99,0.47,32.0,0.49,37.1,0.5,10.46,0.51,27.1,0.5,15.46,0.52,8.0,0.53,22.0,0.01,0.01,2329.450999,1776225602000
1776225604.006,4.006,0.48,14.71,0.47,47.0,0.49,42.1,0.5,15.46,0.51,42.1,0.5,15.46,0.52,14.71,0.53,47.0,0.01,0.01,2329.48845,1776225603000
1776225604.503,4.503,0.48,51.0,0.47,47.0,0.49,37.1,0.5,15.46,0.51,42.1,0.5,15.46,0.52,14.71,0.53,47.0,0.01,0.01,2329.48845,1776225603000
1776225604.841,4.841,0.48,40.5,0.47,47.0,0.49,32.1,0.5,15.46,0.51,32.1,0.5,10.46,0.52,45.5,0.53,47.0,0.01,0.01,2329.48845,1776225603000
1776225605.117,5.117,0.48,40.5,0.47,47.0,0.49,24.26,0.5,15.46,0.51,24.26,0.5,15.46,0.52,40.5,0.53,47.0,0.01,0.01,2329.330237,1776225604000
1776225605.373,5.373,0.48,66.11,0.47,37.0,0.49,22.21,0.5,15.46,0.51,24.26,0.5,15.46,0.52,40.5,0.53,47.0,0.01,0.01,2329.330237,1776225604000
1776225605.721,5.721,0.48,59.18,0.47,37.0,0.49,20.16,0.5,15.46,0.51,20.16,0.5,15.46,0.52,61.11,0.53,37.0,0.01,0.01,2329.330237,1776225604000
1776225606.074,6.074,0.48,59.18,0.47,37.0,0.49,20.16,0.5,15.46,0.51,20.16,0.5,15.46,0.52,59.18,0.53,37.0,0.01,0.01,2329.329435,1776225605000
1776225606.536,6.536,0.48,19.61,0.47,22.0,0.49,28.11,0.5,35.46,0.51,35.16,0.5,30.46,0.52,14.61,0.53,22.0,0.01,0.01,2329.329435,1776225605000
1776225606.838,6.838,0.48,34.68,0.47,32.0,0.49,3.11,0.5,10.46,0.51,28.11,0.5,35.46,0.52,19.61,0.53,22.0,0.01,0.01,2329.329435,1776225605000
1776225607.157,7.157,0.51,15.0,0.5,27.0,0.52,43.07,0.53,10.0,0.48,25.0,0.47,5.0,0.51,38.89,0.52,36.68,0.01,0.03,2329.329435,1776225605000
1776225607.521,7.521,0.51,12.95,0.5,27.0,0.52,46.14,0.53,15.0,0.48,43.07,0.47,15.0,0.49,17.95,0.5,27.0,0.01,0.01,2329.337633,1776225606000
1776225607.724,7.724,0.51,9.98,0.5,27.0,0.52,36.14,0.53,15.0,0.48,41.14,0.47,15.0,0.49,7.11,0.5,27.0,0.01,0.01,2329.337633,1776225606000
1776225607.94,7.94,0.51,15.04,0.5,22.0,0.52,36.14,0.53,15.0,0.48,36.14,0.47,15.0,0.49,15.88,0.5,22.0,0.01,0.01,2329.337633,1776225606000
1776225608.148,8.148,0.5,20.0,0.49,43.89,0.52,34.02,0.53,25.0,0.48,34.02,0.47,25.0,0.49,4.83,0.5,22.0,0.02,0.01,2329.337633,1776225606000
1776225608.363,8.363,0.51,15.0,0.5,20.0,0.52,31.8,0.53,25.0,0.48,32.09,0.47,25.0,0.49,10.0,0.5,20.0,0.01,0.01,2329.337633,1776225606000
1776225608.716,8.716,0.51,7.95,0.5,20.0,0.52,26.94,0.53,25.0,0.48,29.87,0.47,25.0,0.49,12.95,0.5,20.0,0.01,0.01,2329.33559,1776225607000
1776225609.467,9.467,0.5,20.0,0.49,43.89,0.52,16.94,0.53,25.0,0.48,31.94,0.47,25.0,0.49,5.9,0.5,20.0,0.02,0.01,2329.362936,1776225608000
1776225609.812,9.812,0.51,40.0,0.5,15.0,0.52,16.94,0.53,63.45,0.48,16.94,0.47,25.0,0.5,20.0,0.51,43.89,0.01,0.02,2329.362936,1776225608000
1776225610.365,10.365,0.51,32.87,0.5,20.0,0.52,15.0,0.53,25.0,0.48,16.94,0.47,63.45,0.49,40.0,0.5,15.0,0.01,0.01,2329.432015,1776225609000
1776225610.665,10.665,0.51,17.95,0.5,20.0,0.52,15.0,0.53,30.0,0.47,30.0,0.46,15.0,0.49,30.0,0.5,20.0,0.01,0.02,2329.432015,1776225609000
1776225610.876,10.876,0.51,10.0,0.5,20.0,0.53,14.62,0.54,28.0,0.48,15.0,0.47,30.0,0.49,7.95,0.5,20.0,0.02,0.01,2329.432015,1776225609000
1776225611.172,11.172,0.51,10.0,0.5,20.0,0.53,14.62,0.54,28.0,0.47,14.62,0.46,28.0,0.49,10.0,0.5,20.0,0.02,0.02,2329.517079,1776225610000
1776225611.583,11.583,0.51,7.95,0.5,20.0,0.52,16.14,0.53,9.62,0.48,11.14,0.47,14.62,0.49,5.0,0.5,20.0,0.01,0.01,2329.517079,1776225610000
1776225611.931,11.931,0.5,20.12,0.49,21.89,0.51,20.5,0.52,30.5,0.48,16.14,0.47,9.62,0.49,7.95,0.5,20.0,0.01,0.01,2329.517079,1776225610000
1776225612.263,12.263,0.5,20.12,0.49,21.89,0.51,20.5,0.52,30.5,0.49,20.5,0.48,30.5,0.5,20.12,0.51,21.89,0.01,0.01,2329.38,1776225611000
1776225613.373,13.373,0.5,20.12,0.49,21.89,0.51,20.5,0.52,30.5,0.49,20.5,0.48,30.5,0.5,20.12,0.51,21.89,0.01,0.01,2329.4762,1776225612000
1776225613.926,13.926,0.5,20.12,0.49,21.89,0.51,20.5,0.52,30.5,0.49,20.5,0.48,30.5,0.5,20.12,0.51,21.89,0.01,0.01,2329.47615,1776225613000
1776225614.999,14.999,0.5,20.0,0.49,32.39,0.51,24.75,0.52,30.5,0.49,20.5,0.48,30.5,0.5,20.12,0.51,21.89,0.01,0.01,2329.47615,1776225613000
1776225616.1,16.1,0.5,20.0,0.49,32.39,0.51,24.75,0.52,30.5,0.49,24.75,0.48,30.5,0.5,20.0,0.51,32.39,0.01,0.01,2329.417815,1776225615000
1776225617.301,17.301,0.5,20.0,0.49,32.39,0.51,24.75,0.52,30.5,0.49,24.75,0.48,30.5,0.5,20.0,0.51,32.39,0.01,0.01,2329.287611,1776225616000
1776225618.202,18.202,0.5,45.5,0.49,39.39,0.51,15.0,0.52,40.99,0.49,24.75,0.48,30.5,0.5,20.0,0.51,32.39,0.01,0.01,2329.287611,1776225616000
1776225618.456,18.456,0.51,0.09,0.5,45.5,0.52,15.0,0.53,48.61,0.49,15.0,0.48,40.99,0.5,45.5,0.51,39.39,0.01,0.01,2329.403231,1776225617000
1776225619.386,19.386,0.51,13.54,0.5,40.5,0.52,13.07,0.53,48.61,0.48,13.07,0.47,48.61,0.49,13.54,0.5,40.5,0.01,0.01,2329.395235,1776225618000
1776225619.952,19.952,0.51,20.5,0.5,40.5,0.52,12.68,0.53,48.61,0.48,12.68,0.47,48.61,0.49,20.5,0.5,40.5,0.01,0.01,2329.29507,1776225619000
1776225620.401,20.401,0.5,30.5,0.49,38.39,0.51,5.0,0.52,58.67,0.48,12.68,0.47,48.61,0.49,20.5,0.5,40.5,0.01,0.01,2329.29507,1776225619000
1776225620.747,20.747,0.5,30.5,0.49,38.39,0.51,18.03,0.52,64.17,0.49,5.0,0.48,58.67,0.5,30.5,0.51,38.39,0.01,0.01,2329.29507,1776225619000
1776225621.129,21.129,0.5,28.5,0.49,38.39,0.51,18.03,0.52,64.17,0.49,18.03,0.48,64.17,0.5,28.5,0.51,38.39,0.01,0.01,2329.33681,1776225620000
1776225621.633,21.633,0.5,40.82,0.49,32.39,0.51,23.03,0.52,38.67,0.49,18.03,0.48,64.17,0.5,28.5,0.51,38.39,0.01,0.01,2329.33681,1776225620000
1776225622.086,22.086,0.5,50.82,0.49,42.39,0.51,16.03,0.52,38.67,0.49,21.03,0.48,38.67,0.5,35.82,0.51,37.39,0.01,0.01,2329.33681,1776225620000
1776225623.216,23.216,0.5,50.82,0.49,42.39,0.51,16.03,0.52,38.67,0.49,16.03,0.48,38.67,0.5,50.82,0.51,42.39,0.01,0.01,2329.317755,1776225622000
1776225623.857,23.857,0.53,46.23,0.52,40.5,0.54,15.0,0.55,38.5,0.48,16.99,0.47,44.48,0.49,50.5,0.5,40.82,0.01,0.01,2329.317755,1776225622000
1776225624.251,24.251,0.53,50.7,0.52,40.5,0.54,7.68,0.55,43.5,0.46,13.14,0.45,43.5,0.47,50.7,0.48,40.5,0.01,0.01,2329.317755,1776225622000
1776225624.932,24.932,0.53,45.7,0.52,40.5,0.55,35.04,0.56,34.0,0.46,2.38,0.45,43.5,0.47,45.7,0.48,40.5,0.02,0.01,2329.31738,1776225623000
1776225625.483,25.483,0.53,45.7,0.52,40.5,0.55,35.04,0.56,34.0,0.45,35.04,0.44,34.0,0.47,45.7,0.48,40.5,0.02,0.02,2329.375902,1776225624000
1776225625.884,25.884,0.53,265.01,0.52,48.5,0.57,10.0,0.58,5.0,0.46,8.07,0.45,10.52,0.47,46.01,0.48,40.5,0.04,0.01,2329.375902,1776225624000
1776225626.236,26.236,0.56,105.5,0.55,41.0,0.57,4.91,0.64,5.0,0.43,10.0,0.42,5.0,0.47,265.01,0.48,48.5,0.01,0.04,2329.391635,1776225625000
1776225626.448,26.448,0.62,35.0,0.61,10.0,0.65,17.27,0.66,245.0,0.36,6.9,0.35,25.71,0.38,35.0,0.39,10.0,0.03,0.02,2329.391635,1776225625000
1776225626.666,26.666,0.64,5.0,0.63,26.0,0.65,11.76,0.66,203.0,0.35,6.92,0.34,203.0,0.36,15.0,0.37,15.0,0.01,0.01,2329.391635,1776225625000
1776225626.99,26.99,0.63,38.29,0.62,65.0,0.64,20.5,0.65,20.5,0.35,11.76,0.34,203.0,0.36,5.0,0.37,26.0,0.01,0.01,2329.391635,1776225625000
1776225627.378,27.378,0.63,19.04,0.62,65.0,0.64,40.5,0.65,25.5,0.36,20.5,0.35,20.5,0.37,38.29,0.38,65.0,0.01,0.01,2329.391635,1776225625000
1776225627.742,27.742,0.63,34.04,0.62,80.5,0.64,58.35,0.65,40.5,0.36,38.93,0.35,25.5,0.37,19.04,0.38,65.0,0.01,0.01,2329.418695,1776225626000
1776225628.059,28.059,0.63,34.04,0.62,80.5,0.64,58.35,0.65,40.5,0.36,58.35,0.35,40.5,0.37,34.04,0.38,80.5,0.01,0.01,2329.649,1776225627000
1776225628.598,28.598,0.63,34.04,0.62,260.5,0.64,60.27,0.65,35.5,0.36,58.35,0.35,40.5,0.37,34.04,0.38,80.5,0.01,0.01,2329.649,1776225627000
1776225628.934,28.934,0.63,34.04,0.62,260.5,0.64,69.2,0.65,40.5,0.36,60.27,0.35,35.5,0.37,34.04,0.38,260.5,0.01,0.01,2329.649,1776225627000
1776225629.224,29.224,0.63,39.04,0.62,260.5,0.64,64.71,0.65,40.5,0.36,64.71,0.35,40.5,0.37,39.04,0.38,260.5,0.01,0.01,2329.785455,1776225628000
1776225630.317,30.317,0.63,39.04,0.62,260.5,0.64,64.71,0.65,40.5,0.36,64.71,0.35,40.5,0.37,39.04,0.38,260.5,0.01,0.01,2329.819385,1776225629000
1776225630.604,30.604,0.65,91.5,0.64,36.5,0.66,24.01,0.67,15.0,0.36,64.71,0.35,40.5,0.37,39.04,0.38,260.5,0.01,0.01,2329.819385,1776225629000
1776225630.861,30.861,0.66,100.5,0.65,81.5,0.67,20.01,0.68,25.5,0.34,24.01,0.33,15.0,0.35,91.5,0.36,36.5,0.01,0.01,2329.819385,1776225629000
1776225631.113,31.113,0.66,126.83,0.65,81.5,0.67,18.51,0.68,30.5,0.33,18.51,0.32,30.5,0.34,132.55,0.35,81.5,0.01,0.01,2329.821865,1776225630000
1776225631.331,31.331,0.67,103.92,0.66,61.83,0.68,53.44,0.69,40.5,0.32,43.44,0.31,40.5,0.33,91.96,0.34,66.83,0.01,0.01,2329.821865,1776225630000
1776225631.55,31.55,0.67,1.96,0.66,10.0,0.68,312.44,0.69,45.5,0.32,53.44,0.31,45.5,0.33,103.92,0.34,61.83,0.01,0.01,2329.821865,1776225630000
1776225632.115,32.115,0.62,80.0,0.61,5.0,0.63,20.16,0.64,16.0,0.37,20.16,0.36,16.0,0.38,80.0,0.39,5.0,0.01,0.01,2329.826875,1776225631000
1776225633.197,33.197,0.62,1.83,0.59,5.0,0.63,83.15,0.64,45.0,0.37,40.16,0.36,36.0,0.38,7.23,0.41,5.0,0.01,0.01,2329.826875,1776225631000
1776225633.409,33.409,0.56,16.0,0.55,36.5,0.63,143.16,0.64,45.0,0.37,83.15,0.36,45.0,0.38,1.83,0.41,5.0,0.07,0.01,2330.0049,1776225632000
1776225633.934,33.934,0.56,16.0,0.55,36.5,0.63,143.16,0.64,45.0,0.37,143.16,0.36,45.0,0.44,16.0,0.45,36.5,0.07,0.07,2329.93315,1776225633000
1776225634.148,34.148,0.56,6.0,0.55,36.5,0.57,40.87,0.58,36.5,0.43,46.4,0.42,36.5,0.44,6.0,0.45,36.5,0.01,0.01,2329.93315,1776225633000
1776225634.959,34.959,0.56,7.72,0.54,10.5,0.57,89.49,0.58,49.5,0.43,40.87,0.42,36.5,0.44,6.0,0.45,36.5,0.01,0.01,2329.93315,1776225633000
1776225635.248,35.248,0.5,25.5,0.49,26.27,0.51,3.82,0.52,10.0,0.43,262.5,0.42,49.5,0.5,10.0,0.51,39.27,0.01,0.07,2329.76627,1776225634000
1776225635.549,35.549,0.49,15.27,0.46,35.01,0.5,56.5,0.51,24.82,0.5,8.0,0.49,19.82,0.51,35.77,0.52,23.5,0.01,0.01,2329.76627,1776225634000
1776225636.312,36.312,0.47,12.77,0.46,43.51,0.5,76.5,0.51,204.82,0.5,56.5,0.49,24.82,0.51,15.27,0.54,35.01,0.03,0.01,2329.76627,1776225634000
1776225637.437,37.437,0.47,12.77,0.46,43.51,0.5,76.5,0.51,204.82,0.5,76.5,0.49,204.82,0.53,12.77,0.54,43.51,0.03,0.03,2329.567885,1776225636000
1776225638.088,38.088,0.47,12.77,0.46,43.51,0.5,76.5,0.51,204.82,0.5,76.5,0.49,204.82,0.53,12.77,0.54,43.51,0.03,0.03,2329.45564,1776225637000
1776225639.249,39.249,0.47,32.5,0.46,40.51,0.48,34.0,0.49,15.0,0.5,76.5,0.49,204.82,0.53,12.77,0.54,43.51,0.01,0.03,2329.45564,1776225637000
1776225639.464,39.464,0.47,32.5,0.46,40.51,0.48,34.0,0.49,15.0,0.52,34.0,0.51,15.0,0.53,32.5,0.54,40.51,0.01,0.01,2329.342599,1776225638000
1776225639.964,39.964,0.47,302.5,0.46,40.51,0.48,6.89,0.49,15.0,0.52,34.0,0.51,15.0,0.53,32.5,0.54,40.51,0.01,0.01,2329.342599,1776225638000
1776225640.691,40.691,0.48,290.5,0.47,37.5,0.49,1.54,0.5,22.0,0.51,11.54,0.5,17.0,0.53,302.5,0.54,40.51,0.01,0.02,2329.342599,1776225639000
1776225641.162,41.162,0.48,280.5,0.47,37.5,0.49,5.0,0.5,17.0,0.51,1.54,0.5,22.0,0.52,290.5,0.53,37.5,0.01,0.01,2329.342599,1776225639000
1776225642.139,42.139,0.49,60.49,0.48,200.5,0.5,5.0,0.51,10.0,0.51,5.0,0.5,17.0,0.52,280.5,0.53,37.5,0.01,0.01,2329.351137,1776225640000
1776225642.452,42.452,0.49,60.49,0.48,200.5,0.5,5.0,0.51,10.0,0.5,5.0,0.49,10.0,0.51,60.49,0.52,200.5,0.01,0.01,2329.566765,1776225641000
1776225642.993,42.993,0.49,60.49,0.48,200.5,0.5,5.0,0.51,10.0,0.5,5.0,0.49,10.0,0.51,60.49,0.52,200.5,0.01,0.01,2329.552725,1776225642000
1776225643.63,43.63,0.64,55.0,0.63,10.0,0.66,72.0,0.67,15.0,0.35,12.0,0.34,125.0,0.44,377.47,0.45,25.5,0.02,0.09,2329.552725,1776225642000
1776225644.277,44.277,0.64,55.0,0.63,10.0,0.66,72.0,0.67,15.0,0.34,72.0,0.33,15.0,0.36,55.0,0.37,10.0,0.02,0.02,2329.42247,1776225643000
1776225644.727,44.727,0.65,55.0,0.64,20.5,0.67,21.5,0.68,85.5,0.34,72.0,0.33,15.0,0.36,55.0,0.37,10.0,0.02,0.02,2329.42247,1776225643000
1776225645.453,45.453,0.65,55.0,0.64,20.5,0.67,21.5,0.68,85.5,0.33,21.5,0.32,85.5,0.35,55.0,0.36,20.5,0.02,0.02,2329.74079,1776225644000
1776225646.11,46.11,0.65,55.0,0.64,20.5,0.67,21.5,0.68,85.5,0.33,21.5,0.32,85.5,0.35,55.0,0.36,20.5,0.02,0.02,2329.799675,1776225645000
1776225646.938,46.938,0.66,275.5,0.65,38.5,0.68,5.0,0.71,78.0,0.33,21.5,0.32,85.5,0.35,55.0,0.36,20.5,0.02,0.02,2329.799675,1776225645000
1776225647.218,47.218,0.7,25.0,0.69,10.0,0.71,66.95,0.72,57.0,0.29,58.5,0.28,62.0,0.33,30.5,0.34,250.5,0.01,0.04,2329.799675,1776225645000
1776225647.816,47.816,0.7,80.0,0.69,10.0,0.71,44.68,0.72,250.65,0.29,66.95,0.28,57.0,0.3,15.0,0.31,10.0,0.01,0.01,2329.885425,1776225646000
1776225648.309,48.309,0.7,80.0,0.69,15.0,0.71,6.68,0.72,58.65,0.29,44.68,0.28,250.65,0.3,80.0,0.31,10.0,0.01,0.01,2329.885425,1776225646000
1776225648.971,48.971,0.7,80.0,0.69,15.0,0.71,6.68,0.72,58.65,0.29,6.68,0.28,58.65,0.3,80.0,0.31,15.0,0.01,0.01,2329.950965,1776225648000
1776225650.077,50.077,0.7,80.0,0.69,15.0,0.71,6.68,0.72,58.65,0.29,6.68,0.28,58.65,0.3,80.0,0.31,15.0,0.01,0.01,2330.136138,1776225649000
1776225651.342,51.342,0.7,80.0,0.69,15.0,0.71,6.68,0.72,58.65,0.29,6.68,0.28,58.65,0.3,80.0,0.31,15.0,0.01,0.01,2330.07513,1776225650000
1776225651.885,51.885,0.71,75.0,0.7,57.16,0.72,12.22,0.73,50.5,0.29,69.74,0.28,219.0,0.3,71.66,0.31,15.0,0.01,0.01,2330.07513,1776225650000
1776225652.429,52.429,0.71,70.96,0.7,57.16,0.72,28.5,0.73,55.5,0.28,2.34,0.27,50.5,0.29,70.0,0.3,57.16,0.01,0.01,2330.07513,1776225650000
1776225653.014,53.014,0.71,70.96,0.7,57.16,0.72,28.5,0.73,55.5,0.28,28.5,0.27,55.5,0.29,70.96,0.3,57.16,0.01,0.01,2330.070801,1776225652000
1776225654.024,54.024,0.71,70.96,0.7,57.16,0.72,28.5,0.73,55.5,0.28,28.5,0.27,55.5,0.29,70.96,0.3,57.16,0.01,0.01,2330.119765,1776225653000
1776225655.291,55.291,0.71,70.96,0.7,57.16,0.72,28.5,0.73,55.5,0.28,28.5,0.27,55.5,0.29,70.96,0.3,57.16,0.01,0.01,2330.179002,1776225654000
1776225655.791,55.791,0.71,57.51,0.7,52.16,0.72,80.39,0.73,258.8,0.28,28.5,0.27,55.5,0.29,70.96,0.3,57.16,0.01,0.01,2330.179002,1776225654000
1776225656.113,56.113,0.71,57.51,0.7,52.16,0.72,80.39,0.73,258.8,0.28,80.39,0.27,258.8,0.29,57.51,0.3,52.16,0.01,0.01,2330.115645,1776225655000
1776225656.763,56.763,0.71,40.26,0.7,35.0,0.72,275.39,0.73,65.8,0.28,80.39,0.27,258.8,0.29,57.51,0.3,52.16,0.01,0.01,2330.115645,1776225655000
1776225657.224,57.224,0.67,5.19,0.66,10.0,0.69,95.5,0.7,66.5,0.28,275.39,0.27,65.8,0.29,40.26,0.3,35.0,0.02,0.01,2330.115645,1776225655000
1776225657.743,57.743,0.67,20.19,0.66,25.0,0.68,44.52,0.69,90.5,0.31,95.5,0.3,66.5,0.33,5.19,0.34,10.0,0.01,0.02,2330.11643,1776225656000
1776225658.409,58.409,0.67,20.19,0.66,25.0,0.68,44.52,0.69,90.5,0.32,44.52,0.31,90.5,0.33,20.19,0.34,25.0,0.01,0.01,2330.196035,1776225657000
1776225658.635,58.635,0.67,15.03,0.66,25.0,0.68,44.52,0.69,238.5,0.32,44.52,0.31,90.5,0.33,20.19,0.34,25.0,0.01,0.01,2330.196035,1776225657000
1776225658.849,58.849,0.67,15.03,0.66,25.0,0.68,44.52,0.69,238.5,0.32,44.52,0.31,238.5,0.33,15.03,0.34,25.0,0.01,0.01,2330.050195,1776225658000
1776225660.083,60.083,0.67,15.03,0.66,25.0,0.68,44.52,0.69,238.5,0.32,44.52,0.31,238.5,0.33,15.03,0.34,25.0,0.01,0.01,2330.04663,1776225659000
1776225660.305,60.305,0.57,17.3,0.56,21.0,0.67,27.3,0.68,123.52,0.32,123.52,0.31,70.3,0.43,24.0,0.44,21.0,0.1,0.11,2330.04663,1776225659000
1776225661.178,61.178,0.58,20.4,0.57,22.3,0.59,26.0,0.6,25.5,0.41,26.0,0.4,25.5,0.42,20.4,0.43,22.3,0.01,0.01,2330.04119,1776225660000
1776225662.027,62.027,0.69,78.57,0.68,66.0,0.7,17.1,0.71,27.5,0.31,16.8,0.3,17.1,0.33,9.0,0.34,14.0,0.01,0.02,2330.04119,1776225660000
1776225662.229,62.229,0.69,72.53,0.68,72.52,0.7,29.55,0.71,43.0,0.3,27.6,0.29,43.0,0.31,72.53,0.32,72.52,0.01,0.01,2330.04119,1776225660000
1776225662.437,62.437,0.69,72.53,0.68,72.52,0.7,29.55,0.71,43.0,0.3,29.55,0.29,43.0,0.31,72.53,0.32,72.52,0.01,0.01,2330.03185,1776225661000
1776225662.826,62.826,0.68,10.0,0.67,5.0,0.7,61.55,0.71,243.0,0.3,50.55,0.29,68.0,0.31,66.27,0.32,72.52,0.02,0.01,2330.03185,1776225661000
1776225663.131,63.131,0.67,15.5,0.66,35.5,0.68,12.41,0.69,68.3,0.32,7.41,0.31,61.5,0.33,4.0,0.34,35.5,0.01,0.01,2330.03185,1776225661000
1776225663.383,63.383,0.66,42.55,0.65,30.5,0.67,5.0,0.68,27.41,0.32,12.41,0.31,68.3,0.33,15.5,0.34,35.5,0.01,0.01,2330.03185,1776225661000
1776225664.105,64.105,0.66,64.6,0.65,30.5,0.67,5.0,0.68,27.41,0.33,5.0,0.32,27.41,0.34,64.6,0.35,30.5,0.01,0.01,2329.984298,1776225663000
1776225664.81,64.81,0.66,52.06,0.65,25.5,0.67,10.0,0.68,37.91,0.33,5.0,0.32,37.91,0.34,36.65,0.35,30.5,0.01,0.01,2329.984298,1776225663000
1776225665.178,65.178,0.66,52.06,0.65,25.5,0.67,10.0,0.68,37.91,0.33,10.0,0.32,37.91,0.34,52.06,0.35,25.5,0.01,0.01,2329.974385,1776225664000
1776225666.123,66.123,0.63,67.79,0.62,15.0,0.64,11.0,0.65,11.0,0.35,5.0,0.34,63.5,0.37,31.5,0.38,31.0,0.01,0.02,2329.974385,1776225664000
1776225666.966,66.966,0.63,67.79,0.62,15.0,0.64,11.0,0.65,11.0,0.36,11.0,0.35,11.0,0.37,67.79,0.38,15.0,0.01,0.01,2329.970005,1776225666000
1776225667.173,67.173,0.63,49.58,0.62,20.5,0.64,43.0,0.65,52.5,0.36,11.0,0.35,11.0,0.37,67.79,0.38,15.0,0.01,0.01,2329.970005,1776225666000
1776225668.005,68.005,0.63,45.95,0.62,20.5,0.64,56.33,0.65,52.5,0.36,56.33,0.35,52.5,0.37,45.95,0.38,20.5,0.01,0.01,2329.949825,1776225667000
1776225669.189,69.189,0.63,45.95,0.62,20.5,0.64,56.33,0.65,52.5,0.36,56.33,0.35,52.5,0.37,45.95,0.38,20.5,0.01,0.01,2329.94698,1776225668000
1776225669.952,69.952,0.63,63.55,0.62,20.5,0.64,25.33,0.65,16.0,0.36,56.33,0.35,52.5,0.37,45.95,0.38,20.5,0.01,0.01,2329.94698,1776225668000
1776225670.651,70.651,0.63,315.85,0.62,20.5,0.64,5.06,0.68,23.91,0.36,25.33,0.35,16.0,0.37,59.85,0.38,20.5,0.01,0.01,2329.94698,1776225668000
1776225670.892,70.892,0.63,315.85,0.62,20.5,0.68,23.91,0.69,32.8,0.32,23.91,0.31,32.8,0.37,315.85,0.38,20.5,0.05,0.05,2329.935195,1776225669000
1776225671.634,71.634,0.63,315.85,0.62,20.5,0.68,23.91,0.69,32.8,0.32,23.91,0.31,32.8,0.37,315.85,0.38,20.5,0.05,0.05,2329.94887,1776225670000
1776225672.45,72.45,0.69,48.7,0.68,25.5,0.7,27.05,0.71,54.0,0.3,27.05,0.29,54.0,0.31,48.7,0.32,25.5,0.01,0.01,2329.94018,1776225671000
1776225673.082,73.082,0.7,20.0,0.69,54.2,0.71,27.5,0.72,57.39,0.3,27.05,0.29,54.0,0.31,48.7,0.32,25.5,0.01,0.01,2329.94018,1776225671000
1776225674.402,74.402,0.7,20.0,0.69,54.2,0.71,27.5,0.72,57.39,0.29,27.5,0.28,57.39,0.3,20.0,0.31,54.2,0.01,0.01,2330.112775,1776225673000
1776225674.939,74.939,0.7,20.0,0.69,54.2,0.71,27.5,0.72,57.39,0.29,27.5,0.28,57.39,0.3,20.0,0.31,54.2,0.01,0.01,2330.112775,1776225674000
1776225675.948,75.948,0.72,100.5,0.71,80.5,0.73,21.47,0.74,31.7,0.29,27.5,0.28,57.39,0.3,20.0,0.31,54.2,0.01,0.01,2330.112775,1776225674000
1776225676.287,76.287,0.72,105.5,0.71,80.5,0.74,18.7,0.75,43.2,0.26,18.7,0.25,43.2,0.28,105.5,0.29,80.5,0.02,0.02,2330.133213,1776225675000
1776225676.555,76.555,0.73,75.5,0.72,75.5,0.74,28.7,0.75,53.2,0.26,18.7,0.25,43.2,0.28,105.5,0.29,80.5,0.01,0.02,2330.133213,1776225675000
1776225677.047,77.047,0.73,75.5,0.72,75.5,0.74,28.7,0.75,53.2,0.26,28.7,0.25,53.2,0.27,75.5,0.28,75.5,0.01,0.01,2330.277942,1776225676000
1776225677.322,77.322,0.73,97.72,0.72,70.5,0.74,6.55,0.75,53.2,0.26,6.55,0.25,53.2,0.27,75.5,0.28,70.5,0.01,0.01,2330.277942,1776225676000
1776225678.223,78.223,0.73,97.72,0.72,70.5,0.74,9.34,0.75,53.2,0.26,9.34,0.25,53.2,0.27,97.72,0.28,70.5,0.01,0.01,2330.31476,1776225677000
1776225679.411,79.411,0.73,97.72,0.72,70.5,0.74,9.34,0.75,53.2,0.26,9.34,0.25,53.2,0.27,97.72,0.28,70.5,0.01,0.01,2330.352536,1776225678000
1776225679.786,79.786,0.73,40.5,0.72,40.5,0.74,18.64,0.75,65.2,0.26,9.34,0.25,53.2,0.27,97.72,0.28,70.5,0.01,0.01,2330.352536,1776225678000
1776225680.127,80.127,0.73,40.5,0.72,40.5,0.74,18.64,0.75,65.2,0.26,18.64,0.25,65.2,0.27,40.5,0.28,40.5,0.01,0.01,2330.412557,1776225679000
1776225680.802,80.802,0.73,55.5,0.72,50.5,0.74,2.28,0.75,58.2,0.26,18.64,0.25,65.2,0.27,40.5,0.28,40.5,0.01,0.01,2330.412557,1776225679000
1776225681.318,81.318,0.73,93.98,0.72,50.5,0.74,0.92,0.75,58.2,0.26,0.92,0.25,58.2,0.27,95.5,0.28,50.5,0.01,0.01,2330.412557,1776225679000
1776225682.009,82.009,0.73,93.98,0.72,50.5,0.74,0.92,0.75,58.2,0.26,0.92,0.25,58.2,0.27,93.98,0.28,50.5,0.01,0.01,2330.28601,1776225681000
1776225682.552,82.552,0.73,237.47,0.72,35.5,0.75,19.0,0.77,39.3,0.26,0.92,0.25,53.2,0.27,48.97,0.28,40.5,0.02,0.01,2330.28601,1776225681000
1776225682.933,82.933,0.76,43.5,0.75,200.0,0.78,26.0,0.79,51.7,0.23,19.91,0.22,21.0,0.24,68.5,0.25,10.0,0.02,0.01,2330.28601,1776225681000
1776225683.2,83.2,0.76,43.5,0.75,200.0,0.78,26.0,0.79,51.7,0.22,26.0,0.21,51.7,0.24,43.5,0.25,200.0,0.02,0.02,2330.402524,1776225682000
1776225683.538,83.538,0.78,25.0,0.77,15.0,0.79,37.91,0.8,64.0,0.22,5.0,0.21,35.7,0.23,20.0,0.24,43.5,0.01,0.01,2330.402524,1776225682000
1776225683.869,83.869,0.78,30.0,0.77,25.0,0.79,41.64,0.8,64.0,0.21,37.91,0.2,64.0,0.22,25.0,0.23,15.0,0.01,0.01,2330.402524,1776225682000
1776225684.398,84.398,0.78,30.0,0.77,25.0,0.79,38.51,0.8,64.0,0.21,38.51,0.2,64.0,0.22,30.0,0.23,25.0,0.01,0.01,2330.351018,1776225683000
1776225685.038,85.038,0.78,30.0,0.77,25.0,0.79,38.51,0.8,64.0,0.21,38.51,0.2,64.0,0.22,30.0,0.23,25.0,0.01,0.01,2330.511919,1776225684000
1776225685.587,85.587,0.83,70.0,0.82,217.5,0.84,25.5,0.85,37.2,0.16,26.7,0.15,61.2,0.17,15.0,0.18,25.5,0.01,0.01,2330.511919,1776225684000
1776225685.791,85.791,0.83,53.75,0.82,217.5,0.84,135.5,0.85,137.2,0.16,35.5,0.15,37.2,0.17,59.11,0.18,217.5,0.01,0.01,2330.511919,1776225684000
1776225685.991,85.991,0.83,24.33,0.82,212.5,0.84,141.81,0.85,162.2,0.16,135.5,0.15,137.2,0.17,53.75,0.18,217.5,0.01,0.01,2330.511919,1776225684000
1776225686.218,86.218,0.83,24.33,0.82,212.5,0.84,141.81,0.85,162.2,0.16,141.81,0.15,162.2,0.17,24.33,0.18,212.5,0.01,0.01,2330.569715,1776225685000
1776225687.1,87.1,0.83,34.83,0.82,210.5,0.84,139.31,0.85,162.2,0.16,141.81,0.15,162.2,0.17,24.33,0.18,212.5,0.01,0.01,2330.569715,1776225685000
1776225687.31,87.31,0.83,34.83,0.82,210.5,0.84,139.31,0.85,162.2,0.16,139.31,0.15,162.2,0.17,34.83,0.18,210.5,0.01,0.01,2330.899898,1776225686000
1776225688.009,88.009,0.83,77.83,0.82,222.5,0.84,100.0,0.85,153.2,0.16,139.31,0.15,162.2,0.17,34.83,0.18,210.5,0.01,0.01,2330.899898,1776225686000
1776225688.3,88.3,0.83,89.83,0.82,222.5,0.85,153.2,0.86,174.9,0.15,153.2,0.14,174.9,0.17,89.83,0.18,222.5,0.02,0.02,2331.035975,1776225687000
1776225689.104,89.104,0.84,295.0,0.83,54.83,0.85,58.75,0.86,64.9,0.15,153.2,0.14,174.9,0.17,89.83,0.18,222.5,0.01,0.02,2331.035975,1776225687000
1776225689.386,89.386,0.84,295.0,0.83,54.83,0.85,35.47,0.86,64.9,0.15,35.47,0.14,64.9,0.16,295.0,0.17,54.83,0.01,0.01,2331.161068,1776225688000
1776225689.598,89.598,0.84,305.5,0.83,54.83,0.86,54.9,0.87,79.8,0.15,35.47,0.14,64.9,0.16,295.0,0.17,54.83,0.02,0.01,2331.161068,1776225688000
1776225689.985,89.985,0.84,305.5,0.83,54.83,0.86,54.9,0.87,79.8,0.14,54.9,0.13,79.8,0.16,305.5,0.17,54.83,0.02,0.02,2331.062875,1776225689000
1776225690.287,90.287,0.85,75.0,0.84,270.5,0.86,34.63,0.87,54.8,0.14,54.9,0.13,79.8,0.16,305.5,0.17,54.83,0.01,0.02,2331.062875,1776225689000
1776225690.91,90.91,0.89,45.0,0.88,25.5,0.91,106.0,0.92,5.0,0.14,34.63,0.13,54.8,0.15,75.0,0.16,270.5,0.02,0.01,2331.062875,1776225689000
1776225691.118,91.118,0.92,10.0,0.91,124.0,0.94,65.75,0.95,95.8,0.07,48.54,0.06,68.8,0.09,124.49,0.1,10.0,0.02,0.02,2331.06344,1776225690000
1776225691.331,91.331,0.91,44.33,0.9,10.0,0.93,79.42,0.94,70.75,0.06,65.75,0.05,95.8,0.08,10.0,0.09,124.0,0.02,0.02,2331.06344,1776225690000
1776225691.837,91.837,0.91,39.33,0.9,10.0,0.92,125.53,0.93,19.42,0.08,46.63,0.07,19.42,0.09,44.33,0.1,10.0,0.01,0.01,2331.06344,1776225690000
1776225692.143,92.143,0.91,39.33,0.9,15.0,0.92,119.53,0.93,19.42,0.08,119.53,0.07,19.42,0.09,39.33,0.1,15.0,0.01,0.01,2331.097255,1776225691000
1776225692.361,92.361,0.91,1.33,0.9,15.0,0.92,317.53,0.93,19.42,0.08,119.53,0.07,19.42,0.09,39.33,0.1,15.0,0.01,0.01,2331.097255,1776225691000
1776225692.887,92.887,0.91,16.33,0.9,15.0,0.92,303.79,0.93,44.42,0.08,317.53,0.07,19.42,0.09,1.33,0.1,15.0,0.01,0.01,2331.097255,1776225691000
1776225693.219,93.219,0.88,4.33,0.87,72.5,0.92,271.18,0.93,68.42,0.08,271.18,0.07,68.42,0.12,4.33,0.13,72.5,0.04,0.04,2331.90807,1776225692000
1776225693.803,93.803,0.91,18.88,0.9,15.0,0.92,233.18,0.93,82.42,0.08,271.18,0.07,68.42,0.12,4.33,0.13,72.5,0.01,0.04,2331.90807,1776225692000
1776225694.123,94.123,0.91,18.88,0.9,15.0,0.92,233.18,0.93,82.42,0.08,233.18,0.07,82.42,0.09,18.88,0.1,15.0,0.01,0.01,2331.845966,1776225693000
1776225694.387,94.387,0.91,5.0,0.9,10.0,0.92,387.18,0.93,112.42,0.08,233.18,0.07,82.42,0.09,18.88,0.1,15.0,0.01,0.01,2331.845966,1776225693000
1776225695.19,95.19,0.9,20.0,0.89,20.0,0.91,323.24,0.92,168.9,0.08,387.18,0.07,112.42,0.09,5.0,0.1,10.0,0.01,0.01,2331.845966,1776225693000
1776225696.247,96.247,0.9,20.0,0.89,10.0,0.91,363.29,0.92,154.9,0.09,323.24,0.08,168.9,0.1,20.0,0.11,20.0,0.01,0.01,2331.798635,1776225694000
1776225696.817,96.817,0.87,38.56,0.86,55.5,0.9,270.5,0.91,148.0,0.09,358.29,0.08,154.9,0.11,10.0,0.12,15.0,0.03,0.02,2331.75215,1776225695000
1776225697.018,97.018,0.88,10.0,0.87,48.56,0.9,270.5,0.91,153.0,0.1,270.5,0.09,148.0,0.13,38.56,0.14,55.5,0.02,0.03,2331.75215,1776225695000
1776225697.379,97.379,0.88,10.0,0.87,48.56,0.9,270.5,0.91,153.0,0.1,270.5,0.09,153.0,0.12,10.0,0.13,48.56,0.02,0.02,2331.65041,1776225696000
1776225698.206,98.206,0.88,15.0,0.87,44.56,0.89,51.79,0.9,250.5,0.1,270.5,0.09,153.0,0.12,10.0,0.13,48.56,0.01,0.02,2331.65041,1776225696000
1776225699.061,99.061,0.88,25.0,0.87,44.56,0.89,49.79,0.9,250.5,0.11,50.55,0.1,250.5,0.12,25.0,0.13,44.56,0.01,0.01,2331.62273,1776225697000
1776225699.322,99.322,0.88,25.0,0.87,44.56,0.89,49.79,0.9,250.5,0.11,49.79,0.1,250.5,0.12,25.0,0.13,44.56,0.01,0.01,2331.599475,1776225698000
1776225699.864,99.864,0.88,25.0,0.87,44.56,0.89,49.79,0.9,250.5,0.11,49.79,0.1,250.5,0.12,25.0,0.13,44.56,0.01,0.01,2331.598975,1776225699000
1776225700.7,100.7,0.88,15.0,0.87,28.0,0.89,232.79,0.9,65.5,0.11,49.79,0.1,250.5,0.12,25.0,0.13,44.56,0.01,0.01,2331.598975,1776225699000
1776225700.95,100.95,0.87,10.0,0.86,5.0,0.88,19.0,0.89,251.29,0.11,232.79,0.1,65.5,0.12,15.0,0.13,28.0,0.01,0.01,2331.598975,1776225699000
1776225701.456,101.456,0.86,5.0,0.85,13.0,0.87,12.0,0.88,29.0,0.13,12.0,0.12,29.0,0.14,5.0,0.15,13.0,0.01,0.01,2331.58779,1776225700000
1776225701.876,101.876,0.85,12.66,0.84,25.0,0.86,20.0,0.87,233.8,0.13,12.0,0.12,29.0,0.14,5.0,0.15,13.0,0.01,0.01,2331.58779,1776225700000
1776225702.259,102.259,0.85,5.32,0.84,25.0,0.86,25.0,0.87,244.3,0.14,20.0,0.13,233.8,0.15,12.66,0.16,25.0,0.01,0.01,2331.587285,1776225701000
1776225703.122,103.122,0.83,20.0,0.82,25.5,0.86,275.4,0.87,101.3,0.14,49.9,0.13,233.8,0.15,39.65,0.16,35.5,0.03,0.01,2331.587285,1776225701000
1776225703.388,103.388,0.83,20.0,0.82,25.5,0.84,91.0,0.85,38.2,0.14,275.4,0.13,101.3,0.17,20.0,0.18,25.5,0.01,0.03,2331.45759,1776225702000
1776225704.226,104.226,0.82,5.0,0.81,5.0,0.84,98.5,0.85,240.7,0.16,76.0,0.15,38.2,0.17,20.0,0.18,25.5,0.02,0.01,2331.45759,1776225702000
1776225704.584,104.584,0.8,25.75,0.79,25.5,0.82,20.0,0.83,231.0,0.17,30.0,0.16,278.5,0.19,5.0,0.2,21.5,0.02,0.02,2331.32527,1776225703000
1776225704.944,104.944,0.81,353.07,0.8,57.75,0.82,10.0,0.86,29.9,0.18,20.0,0.17,231.0,0.19,54.36,0.2,25.75,0.01,0.01,2331.32527,1776225703000
1776225705.303,105.303,0.86,52.14,0.85,217.0,0.87,31.8,0.88,34.1,0.14,29.9,0.13,43.8,0.19,388.07,0.2,57.75,0.01,0.05,2331.32527,1776225703000
1776225705.642,105.642,0.86,60.14,0.85,247.5,0.87,0.8,0.88,34.1,0.13,31.8,0.12,34.1,0.14,52.14,0.15,217.0,0.01,0.01,2331.2236,1776225704000
1776225706.069,106.069,0.86,60.14,0.85,247.5,0.87,0.8,0.88,34.1,0.13,0.8,0.12,34.1,0.14,60.14,0.15,247.5,0.01,0.01,2331.1657,1776225705000
1776225706.981,106.981,0.87,11.15,0.86,304.14,0.89,27.79,0.9,45.0,0.13,0.8,0.12,34.1,0.14,60.14,0.15,247.5,0.02,0.01,2331.1657,1776225705000
1776225707.186,107.186,0.87,11.15,0.86,304.14,0.89,27.79,0.9,45.0,0.11,27.79,0.1,45.0,0.13,11.15,0.14,304.14,0.02,0.02,2331.28243,1776225706000
1776225707.784,107.784,0.9,15.0,0.89,25.0,0.92,184.83,0.93,22.0,0.11,27.79,0.1,45.0,0.13,11.15,0.14,304.14,0.02,0.02,2331.28243,1776225706000
1776225708.255,108.255,0.9,100.0,0.89,205.0,0.91,4.29,0.92,194.83,0.08,184.83,0.07,22.0,0.1,15.0,0.11,25.0,0.01,0.02,2331.28243,1776225706000
1776225709.345,109.345,0.9,100.0,0.89,205.0,0.91,4.29,0.92,194.83,0.09,4.29,0.08,194.83,0.1,100.0,0.11,205.0,0.01,0.01,2331.531335,1776225708000
1776225709.781,109.781,0.91,20.0,0.9,210.0,0.92,64.96,0.93,15.0,0.09,4.29,0.08,194.83,0.1,100.0,0.11,205.0,0.01,0.01,2331.531335,1776225708000
1776225711.015,111.015,0.91,25.0,0.9,210.0,0.92,67.91,0.93,20.0,0.08,67.91,0.07,20.0,0.09,25.0,0.1,210.0,0.01,0.01,2331.748245,1776225710000
1776225712.075,112.075,0.91,25.0,0.9,210.0,0.92,67.91,0.93,20.0,0.08,67.91,0.07,20.0,0.09,25.0,0.1,210.0,0.01,0.01,2331.70003,1776225711000
1776225713.163,113.163,0.91,25.0,0.9,210.0,0.92,67.91,0.93,20.0,0.08,67.91,0.07,20.0,0.09,25.0,0.1,210.0,0.01,0.01,2331.649655,1776225712000
1776225714.325,114.325,0.91,25.0,0.9,210.0,0.92,67.91,0.93,20.0,0.08,67.91,0.07,20.0,0.09,25.0,0.1,210.0,0.01,0.01,2331.64982,1776225713000
1776225715.348,115.348,0.91,25.0,0.9,210.0,0.92,67.91,0.93,20.0,0.08,67.91,0.07,20.0,0.09,25.0,0.1,210.0,0.01,0.01,2331.64881,1776225714000
1776225715.863,115.863,0.91,25.0,0.9,210.0,0.92,67.91,0.93,20.0,0.08,67.91,0.07,20.0,0.09,25.0,0.1,210.0,0.01,0.01,2331.64514,1776225715000
1776225716.868,116.868,0.91,25.0,0.9,210.0,0.92,67.91,0.93,20.0,0.08,67.91,0.07,20.0,0.09,25.0,0.1,210.0,0.01,0.01,2331.701513,1776225716000
1776225717.888,117.888,0.91,25.0,0.9,210.0,0.92,67.91,0.93,20.0,0.08,67.91,0.07,20.0,0.09,25.0,0.1,210.0,0.01,0.01,2331.64606,1776225717000
1776225718.884,118.884,0.91,25.0,0.9,210.0,0.92,67.91,0.93,20.0,0.08,67.91,0.07,20.0,0.09,25.0,0.1,210.0,0.01,0.01,2331.758177,1776225718000
1776225719.853,119.853,0.89,15.0,0.88,5.0,0.9,61.01,0.91,46.0,0.1,61.01,0.09,46.0,0.11,15.0,0.12,5.0,0.01,0.01,2331.752897,1776225719000
1776225720.926,120.926,0.89,15.0,0.88,5.0,0.9,61.01,0.91,46.0,0.1,61.01,0.09,46.0,0.11,15.0,0.12,5.0,0.01,0.01,2331.57157,1776225720000
1776225721.63,121.63,0.89,75.0,0.88,200.0,0.9,78.05,0.91,97.0,0.1,61.01,0.09,46.0,0.11,15.0,0.12,5.0,0.01,0.01,2331.57157,1776225720000
1776225721.962,121.962,0.89,75.0,0.88,200.0,0.9,78.05,0.91,97.0,0.1,78.05,0.09,97.0,0.11,75.0,0.12,200.0,0.01,0.01,2331.432685,1776225721000
1776225722.774,122.774,0.89,47.63,0.88,200.0,0.9,80.21,0.91,97.0,0.1,78.05,0.09,97.0,0.11,31.63,0.12,200.0,0.01,0.01,2331.432685,1776225721000
1776225723.018,123.018,0.89,47.63,0.88,200.0,0.9,80.21,0.91,97.0,0.1,80.21,0.09,97.0,0.11,47.63,0.12,200.0,0.01,0.01,2331.467735,1776225722000
1776225723.638,123.638,0.89,443.13,0.88,136.5,0.9,14.11,0.93,10.0,0.1,80.21,0.09,97.0,0.11,47.63,0.12,200.0,0.01,0.01,2331.467735,1776225722000
1776225724.119,124.119,0.9,22.89,0.89,435.13,0.93,10.0,0.94,78.0,0.07,10.0,0.06,78.0,0.1,22.89,0.11,435.13,0.03,0.03,2331.627312,1776225723000
1776225724.381,124.381,0.92,228.99,0.91,107.0,0.93,10.0,0.94,50.0,0.07,10.0,0.06,78.0,0.1,22.89,0.11,435.13,0.01,0.03,2331.627312,1776225723000
1776225724.644,124.644,0.92,238.99,0.91,207.81,0.93,7.29,0.94,50.0,0.07,10.0,0.06,50.0,0.08,228.99,0.09,107.0,0.01,0.01,2331.627312,1776225723000
1776225725.069,125.069,0.92,238.99,0.91,207.81,0.93,7.29,0.94,50.0,0.07,7.29,0.06,50.0,0.08,238.99,0.09,207.81,0.01,0.01,2331.56175,1776225724000
1776225726.109,126.109,0.92,238.99,0.91,207.81,0.93,7.29,0.94,50.0,0.07,7.29,0.06,50.0,0.08,238.99,0.09,207.81,0.01,0.01,2332.02345,1776225725000
1776225726.416,126.416,0.93,319.0,0.92,175.97,0.94,9.5,0.95,35.0,0.07,7.29,0.06,50.0,0.08,238.99,0.09,207.81,0.01,0.01,2332.02345,1776225725000
1776225726.722,126.722,0.93,439.0,0.92,205.97,0.94,4.5,0.95,45.0,0.06,9.5,0.05,35.0,0.07,319.0,0.08,175.97,0.01,0.01,2332.02345,1776225725000
1776225726.938,126.938,0.94,39.5,0.93,439.0,0.95,35.0,0.96,193.5,0.06,4.5,0.05,45.0,0.07,439.0,0.08,205.97,0.01,0.01,2332.02345,1776225725000
1776225727.152,127.152,0.94,39.5,0.93,439.0,0.95,35.0,0.96,193.5,0.05,35.0,0.04,193.5,0.06,39.5,0.07,439.0,0.01,0.01,2332.12285,1776225726000
1776225727.499,127.499,0.95,5.0,0.94,336.5,0.96,203.75,0.97,630.0,0.04,193.5,0.03,630.0,0.05,15.0,0.06,301.5,0.01,0.01,2332.12285,1776225726000
1776225727.858,127.858,0.95,5.0,0.94,346.5,0.96,197.7,0.97,630.0,0.04,203.75,0.03,630.0,0.05,5.0,0.06,336.5,0.01,0.01,2332.12285,1776225726000
1776225728.216,128.216,0.95,5.0,0.94,316.5,0.96,179.23,0.97,630.0,0.04,199.23,0.03,630.0,0.05,5.0,0.06,346.5,0.01,0.01,2332.12285,1776225726000
1776225728.622,128.622,0.95,5.0,0.94,316.5,0.96,179.28,0.97,630.0,0.04,179.28,0.03,630.0,0.05,5.0,0.06,316.5,0.01,0.01,2332.31843,1776225727000
1776225729.163,129.163,0.95,5.0,0.94,316.5,0.96,179.28,0.97,630.0,0.04,179.28,0.03,630.0,0.05,5.0,0.06,316.5,0.01,0.01,2332.36569,1776225728000
1776225729.525,129.525,0.95,257.0,0.94,246.5,0.96,52.28,0.97,735.0,0.04,179.28,0.03,630.0,0.05,5.0,0.06,316.5,0.01,0.01,2332.36569,1776225728000
1776225729.803,129.803,0.95,220.0,0.94,236.5,0.96,7.03,0.97,735.0,0.04,52.28,0.03,735.0,0.05,257.0,0.06,246.5,0.01,0.01,2332.36569,1776225728000
1776225730.378,130.378,0.95,203.4,0.94,236.5,0.96,2.03,0.97,735.0,0.04,2.03,0.03,735.0,0.05,225.0,0.06,236.5,0.01,0.01,2332.36569,1776225728000
1776225730.617,130.617,0.96,17.97,0.95,274.4,0.97,458.0,0.98,928.7,0.04,2.03,0.03,735.0,0.05,203.4,0.06,236.5,0.01,0.01,2332.465495,1776225729000
1776225730.927,130.927,0.96,166.15,0.95,253.4,0.97,485.0,0.98,928.7,0.03,458.0,0.02,928.7,0.04,17.97,0.05,274.4,0.01,0.01,2332.465495,1776225729000
1776225732.051,132.051,0.96,150.18,0.95,337.4,0.97,294.0,0.98,987.7,0.03,485.0,0.02,928.7,0.04,166.15,0.05,253.4,0.01,0.01,2332.600328,1776225730000
1776225732.575,132.575,0.96,150.18,0.95,337.4,0.97,295.0,0.98,755.0,0.03,294.0,0.02,987.7,0.04,150.18,0.05,337.4,0.01,0.01,2332.6199,1776225731000
1776225733.011,133.011,0.96,437.0,0.95,141.0,0.97,170.71,0.98,714.0,0.03,237.37,0.02,755.0,0.04,124.18,0.05,337.4,0.01,0.01,2332.6199,1776225731000
1776225733.367,133.367,0.96,437.0,0.95,201.0,0.97,137.71,0.98,742.0,0.03,137.71,0.02,742.0,0.04,437.0,0.05,201.0,0.01,0.01,2332.774278,1776225732000
1776225733.68,133.68,0.96,355.0,0.95,201.0,0.97,109.71,0.98,644.0,0.03,137.71,0.02,742.0,0.04,437.0,0.05,201.0,0.01,0.01,2332.774278,1776225732000
1776225733.96,133.96,0.96,355.0,0.95,201.0,0.97,109.71,0.98,644.0,0.03,109.71,0.02,644.0,0.04,355.0,0.05,201.0,0.01,0.01,2332.75148,1776225733000
1776225734.472,134.472,0.95,635.0,0.94,394.84,0.97,143.37,0.98,755.0,0.03,109.71,0.02,644.0,0.04,355.0,0.05,201.0,0.02,0.01,2332.75148,1776225733000
1776225735.181,135.181,0.95,645.0,0.94,394.84,0.97,108.37,0.98,755.0,0.03,108.37,0.02,755.0,0.05,645.0,0.06,394.84,0.02,0.02,2332.95033,1776225734000
1776225736.479,136.479,0.96,148.48,0.95,645.0,0.97,78.37,0.98,765.0,0.03,78.37,0.02,765.0,0.04,148.48,0.05,645.0,0.01,0.01,2333.119465,1776225735000
1776225736.96,136.96,0.96,148.48,0.95,645.0,0.97,78.37,0.98,765.0,0.03,78.37,0.02,765.0,0.04,148.48,0.05,645.0,0.01,0.01,2333.140927,1776225736000
1776225738.189,138.189,0.96,159.49,0.95,1240.0,0.97,53.37,0.98,681.0,0.03,53.37,0.02,681.0,0.04,159.49,0.05,1240.0,0.01,0.01,2333.092048,1776225737000
1776225738.89,138.89,0.96,238.99,0.95,858.0,0.97,43.37,0.98,444.0,0.03,53.37,0.02,681.0,0.04,159.49,0.05,1240.0,0.01,0.01,2333.092048,1776225737000
1776225739.425,139.425,0.96,238.99,0.95,858.0,0.97,43.37,0.98,444.0,0.03,43.37,0.02,444.0,0.04,238.99,0.05,858.0,0.01,0.01,2333.056493,1776225738000
1776225739.948,139.948,0.96,238.99,0.95,858.0,0.97,43.37,0.98,444.0,0.03,43.37,0.02,444.0,0.04,238.99,0.05,858.0,0.01,0.01,2333.025277,1776225739000
1776225740.656,140.656,0.96,158.31,0.95,1038.0,0.97,43.9,0.98,444.0,0.03,225.84,0.02,444.0,0.04,232.98,0.05,1038.0,0.01,0.01,2333.025277,1776225739000
1776225741.198,141.198,0.96,158.31,0.95,1038.0,0.97,43.9,0.98,444.0,0.03,43.9,0.02,444.0,0.04,158.31,0.05,1038.0,0.01,0.01,2333.00219,1776225740000
1776225742.4,142.4,0.96,218.32,0.95,1038.0,0.97,18.9,0.98,624.0,0.03,18.9,0.02,624.0,0.04,218.32,0.05,1038.0,0.01,0.01,2333.065,1776225741000
1776225743.028,143.028,0.96,218.32,0.95,1038.0,0.97,18.9,0.98,624.0,0.03,18.9,0.02,624.0,0.04,218.32,0.05,1038.0,0.01,0.01,2333.078931,1776225742000
1776225744.397,144.397,0.96,455.31,0.95,216.8,0.98,586.0,0.99,2350.32,0.03,18.9,0.02,624.0,0.04,218.32,0.05,1038.0,0.02,0.01,2333.078931,1776225742000
1776225745.165,145.165,0.96,455.31,0.95,216.8,0.98,586.0,0.99,2350.32,0.02,586.0,0.01,2350.32,0.04,455.31,0.05,216.8,0.02,0.02,2333.25499,1776225744000
1776225746.492,146.492,0.96,455.31,0.95,216.8,0.98,586.0,0.99,2350.32,0.02,586.0,0.01,2350.32,0.04,455.31,0.05,216.8,0.02,0.02,2333.25707,1776225745000
1776225746.971,146.971,0.96,455.31,0.95,216.8,0.98,586.0,0.99,2350.32,0.02,586.0,0.01,2350.32,0.04,455.31,0.05,216.8,0.02,0.02,2333.230743,1776225746000
1776225748.733,148.733,0.96,455.31,0.95,216.8,0.98,586.0,0.99,2350.32,0.02,586.0,0.01,2350.32,0.04,455.31,0.05,216.8,0.02,0.02,2333.234648,1776225747000
1776225749.611,149.611,0.96,455.31,0.95,216.8,0.98,586.0,0.99,2350.32,0.02,586.0,0.01,2350.32,0.04,455.31,0.05,216.8,0.02,0.02,2333.243421,1776225748000
1776225750.232,150.232,0.96,455.31,0.95,216.8,0.98,586.0,0.99,2350.32,0.02,586.0,0.01,2350.32,0.04,455.31,0.05,216.8,0.02,0.02,2333.216185,1776225749000
1776225751.095,151.095,0.97,146.32,0.96,317.01,0.98,479.94,0.99,1912.27,0.02,586.0,0.01,2350.32,0.04,455.31,0.05,216.8,0.01,0.02,2333.216185,1776225749000
1776225751.363,151.363,0.97,141.32,0.96,317.01,0.98,478.91,0.99,1912.27,0.02,478.91,0.01,1912.27,0.03,141.32,0.04,317.01,0.01,0.01,2333.227745,1776225750000
1776225752.004,152.004,0.97,141.32,0.96,317.01,0.98,478.91,0.99,1912.27,0.02,478.91,0.01,1912.27,0.03,141.32,0.04,317.01,0.01,0.01,2333.22779,1776225751000
1776225752.214,152.214,0.97,141.32,0.96,640.01,0.98,458.85,0.99,1912.27,0.02,478.85,0.01,1912.27,0.03,141.32,0.04,640.01,0.01,0.01,2333.22779,1776225751000
1776225752.867,152.867,0.97,141.32,0.96,795.7,0.98,448.74,0.99,1912.27,0.02,458.85,0.01,1912.27,0.03,141.32,0.04,640.01,0.01,0.01,2333.22779,1776225751000
1776225753.13,153.13,0.97,141.32,0.96,795.7,0.98,448.74,0.99,1912.27,0.02,448.74,0.01,1912.27,0.03,141.32,0.04,795.7,0.01,0.01,2333.22573,1776225752000
1776225754.216,154.216,0.97,146.32,0.96,795.7,0.98,352.74,0.99,1912.27,0.02,352.74,0.01,1912.27,0.03,146.32,0.04,795.7,0.01,0.01,2333.221165,1776225753000
1776225756.065,156.065,0.97,146.32,0.96,795.7,0.98,352.74,0.99,1912.27,0.02,352.74,0.01,1912.27,0.03,146.32,0.04,795.7,0.01,0.01,2333.25267,1776225755000
1776225757.354,157.354,0.97,146.32,0.96,795.7,0.98,352.74,0.99,1912.27,0.02,352.74,0.01,1912.27,0.03,146.32,0.04,795.7,0.01,0.01,2333.18145,1776225756000
1776225758.073,158.073,0.97,146.32,0.96,795.7,0.98,352.74,0.99,1912.27,0.02,352.74,0.01,1912.27,0.03,146.32,0.04,795.7,0.01,0.01,2333.17172,1776225757000
1776225758.886,158.886,0.97,206.84,0.96,357.46,0.98,389.24,0.99,1918.27,0.02,352.74,0.01,1912.27,0.03,146.32,0.04,795.7,0.01,0.01,2333.17172,1776225757000
1776225759.254,159.254,0.97,201.84,0.96,357.46,0.98,392.24,0.99,1918.27,0.02,389.24,0.01,1918.27,0.03,206.84,0.04,357.46,0.01,0.01,2333.17172,1776225757000
1776225759.553,159.553,0.97,201.84,0.96,357.46,0.98,392.24,0.99,1918.27,0.02,392.24,0.01,1918.27,0.03,201.84,0.04,357.46,0.01,0.01,2333.143105,1776225758000
1776225760.205,160.205,0.97,201.84,0.96,357.46,0.98,392.24,0.99,1918.27,0.02,392.24,0.01,1918.27,0.03,201.84,0.04,357.46,0.01,0.01,2333.1492,1776225759000
1776225762.119,162.119,0.97,161.83,0.96,472.36,0.98,394.24,0.99,1918.27,0.02,392.24,0.01,1918.27,0.03,201.84,0.04,357.46,0.01,0.01,2333.1492,1776225759000
1776225762.844,162.844,0.97,321.55,0.96,519.01,0.98,374.24,0.99,1919.27,0.02,394.24,0.01,1918.27,0.03,161.83,0.04,472.36,0.01,0.01,2333.118885,1776225761000
1776225763.332,163.332,0.97,321.55,0.96,519.01,0.98,374.24,0.99,1919.27,0.02,374.24,0.01,1919.27,0.03,321.55,0.04,519.01,0.01,0.01,2333.076275,1776225762000
1776225763.86,163.86,0.97,321.55,0.96,519.01,0.98,374.24,0.99,1919.27,0.02,374.24,0.01,1919.27,0.03,321.55,0.04,519.01,0.01,0.01,2333.14473,1776225763000
1776225764.911,164.911,0.97,161.83,0.96,625.79,0.98,323.24,0.99,1919.27,0.02,374.24,0.01,1919.27,0.03,321.55,0.04,519.01,0.01,0.01,2333.14473,1776225763000
1776225766.101,166.101,0.97,161.83,0.96,625.79,0.98,323.24,0.99,1919.27,0.02,323.24,0.01,1919.27,0.03,161.83,0.04,625.79,0.01,0.01,2333.07778,1776225765000
1776225767.213,167.213,0.97,161.83,0.96,625.79,0.98,323.24,0.99,1919.27,0.02,323.24,0.01,1919.27,0.03,161.83,0.04,625.79,0.01,0.01,2333.153015,1776225766000
1776225768.298,168.298,0.97,161.83,0.96,625.79,0.98,323.24,0.99,1919.27,0.02,323.24,0.01,1919.27,0.03,161.83,0.04,625.79,0.01,0.01,2333.07956,1776225767000
1776225768.856,168.856,0.97,161.83,0.96,625.79,0.98,323.24,0.99,1919.27,0.02,323.24,0.01,1919.27,0.03,161.83,0.04,625.79,0.01,0.01,2333.08462,1776225768000
1776225769.977,169.977,0.97,304.53,0.96,594.38,0.98,189.36,0.99,2143.27,0.02,189.36,0.01,2143.27,0.03,304.53,0.04,594.38,0.01,0.01,2333.08449,1776225769000
1776225771.049,171.049,0.97,304.53,0.96,594.38,0.98,189.36,0.99,2143.27,0.02,189.36,0.01,2143.27,0.03,304.53,0.04,594.38,0.01,0.01,2333.123245,1776225770000
1776225772.148,172.148,0.97,687.06,0.96,486.06,0.99,1806.36,,,0.02,189.36,0.01,2143.27,0.03,304.53,0.04,594.38,0.02,0.01,2333.123245,1776225770000
1776225772.439,172.439,0.98,434.71,0.97,637.19,0.99,1796.36,,,0.01,1806.36,,,0.03,687.06,0.04,486.06,0.01,0.02,2333.123245,1776225770000
1776225772.647,172.647,0.98,428.7,0.97,637.19,0.99,1611.36,,,0.01,1776.36,,,0.02,433.7,0.03,637.19,0.01,0.01,2333.134385,1776225771000
1776225772.876,172.876,0.98,528.7,0.97,632.19,0.99,1514.36,,,0.01,1514.36,,,0.02,528.7,0.03,632.19,0.01,0.01,2333.134385,1776225771000
1776225773.081,173.081,0.98,537.37,0.97,597.19,0.99,1507.34,,,0.01,1512.34,,,0.02,528.7,0.03,632.19,0.01,0.01,2333.134385,1776225771000
1776225773.48,173.48,0.98,537.37,0.97,597.19,0.99,1507.34,,,0.01,1507.34,,,0.02,537.37,0.03,597.19,0.01,0.01,2333.224021,1776225772000
1776225773.751,173.751,0.99,1017.66,0.98,715.88,,,,,0.01,1507.34,,,0.02,537.37,0.03,597.19,,0.01,2333.224021,1776225772000
1776225774.15,174.15,0.99,1017.66,0.98,715.88,,,,,,,,,0.01,1017.66,0.02,715.88,,,2333.47525,1776225773000
1776225775.562,175.562,0.99,1308.66,0.98,542.37,,,,,,,,,0.01,1308.66,0.02,542.37,,,2333.65255,1776225774000
1776225776.19,176.19,0.99,1308.66,0.98,542.37,,,,,,,,,0.01,1308.66,0.02,542.37,,,2333.712775,1776225775000
1776225777.159,177.159,0.99,1270.66,0.98,525.37,,,,,,,,,0.01,1370.66,0.02,440.37,,,2333.712775,1776225775000
1776225777.522,177.522,0.99,1564.81,0.98,525.37,,,,,,,,,0.01,1270.66,0.02,525.37,,,2333.712775,1776225775000
1776225778.149,178.149,0.99,1564.81,0.98,525.37,,,,,,,,,0.01,1564.81,0.02,525.37,,,2333.746715,1776225777000
1776225779.032,179.032,0.99,1564.81,0.98,525.37,,,,,,,,,0.01,1564.81,0.02,525.37,,,2333.785504,1776225778000
1776225780.158,180.158,0.99,1564.81,0.98,525.37,,,,,,,,,0.01,1564.81,0.02,525.37,,,2333.75485,1776225779000
1776225781.091,181.091,0.99,1564.81,0.98,525.37,,,,,,,,,0.01,1564.81,0.02,525.37,,,2333.72568,1776225780000
1776225781.3,181.3,0.99,1625.09,0.98,580.69,,,,,,,,,0.01,1564.81,0.02,525.37,,,2333.72568,1776225780000
1776225782.123,182.123,0.99,1625.09,0.98,580.69,,,,,,,,,0.01,1625.09,0.02,580.69,,,2333.64362,1776225781000
1776225783.138,183.138,0.99,1625.09,0.98,580.69,,,,,,,,,0.01,1625.09,0.02,580.69,,,2333.58832,1776225782000
1776225784.26,184.26,0.99,1625.09,0.98,580.69,,,,,,,,,0.01,1625.09,0.02,580.69,,,2333.893558,1776225783000
1776225785.175,185.175,0.99,1625.09,0.98,580.69,,,,,,,,,0.01,1625.09,0.02,580.69,,,2333.96238,1776225784000
1776225786.201,186.201,0.99,1625.09,0.98,580.69,,,,,,,,,0.01,1625.09,0.02,580.69,,,2333.968245,1776225785000
1776225787.269,187.269,0.99,3625.09,0.98,486.7,,,,,,,,,0.01,3625.09,0.02,486.7,,,2334.02321,1776225786000
1776225788.43,188.43,0.99,3625.09,0.98,486.7,,,,,,,,,0.01,3625.09,0.02,486.7,,,2334.042381,1776225787000
1776225788.949,188.949,0.99,3625.09,0.98,486.7,,,,,,,,,0.01,3625.09,0.02,486.7,,,2334.042805,1776225788000
1776225789.989,189.989,0.99,3625.09,0.98,486.7,,,,,,,,,0.01,3625.09,0.02,486.7,,,2334.126637,1776225789000
1776225791.709,191.709,0.99,3625.09,0.98,486.7,,,,,,,,,0.01,3625.09,0.02,486.7,,,2334.304655,1776225790000
1776225792.436,192.436,0.99,3625.09,0.98,486.7,,,,,,,,,0.01,3625.09,0.02,486.7,,,2334.24505,1776225791000
1776225793.755,193.755,0.99,3625.09,0.98,486.7,,,,,,,,,0.01,3625.09,0.02,486.7,,,2334.408449,1776225792000
1776225794.297,194.297,0.99,3625.09,0.98,486.7,,,,,,,,,0.01,3625.09,0.02,486.7,,,2334.61217,1776225793000
1776225795.251,195.251,0.99,3630.07,0.98,895.69,,,,,,,,,0.01,3625.09,0.02,486.7,,,2334.61217,1776225793000
1776225795.549,195.549,0.99,3630.07,0.98,895.69,,,,,,,,,0.01,3630.07,0.02,895.69,,,2334.651085,1776225794000
1776225796.117,196.117,0.99,3630.07,0.98,895.69,,,,,,,,,0.01,3630.07,0.02,895.69,,,2334.624082,1776225795000
1776225797.399,197.399,0.99,3630.07,0.98,895.69,,,,,,,,,0.01,3630.07,0.02,895.69,,,2334.564785,1776225796000
1776225798.073,198.073,0.99,3630.07,0.98,895.69,,,,,,,,,0.01,3630.07,0.02,895.69,,,2334.55785,1776225797000
1776225799.183,199.183,0.99,3630.07,0.98,895.69,,,,,,,,,0.01,3630.07,0.02,895.69,,,2334.516835,1776225798000
1776225800.395,200.395,0.99,3630.07,0.98,895.69,,,,,,,,,0.01,3630.07,0.02,895.69,,,2334.522985,1776225799000
1776225800.938,200.938,0.99,3630.07,0.98,895.69,,,,,,,,,0.01,3630.07,0.02,895.69,,,2334.591915,1776225800000
1776225802.221,202.221,0.99,3630.07,0.98,895.69,,,,,,,,,0.01,3630.07,0.02,895.69,,,2334.510255,1776225801000
1776225802.872,202.872,0.99,3650.32,0.98,495.69,,,,,,,,,0.01,3630.07,0.02,895.69,,,2334.510255,1776225801000
1776225803.285,203.285,0.99,3650.32,0.98,495.69,,,,,,,,,0.01,3650.32,0.02,495.69,,,2334.413795,1776225802000
1776225804.41,204.41,0.99,3650.32,0.98,495.69,,,,,,,,,0.01,3650.32,0.02,495.69,,,2334.2127,1776225803000
1776225805.117,205.117,0.99,3650.32,0.98,495.69,,,,,,,,,0.01,3650.32,0.02,495.69,,,2334.19783,1776225804000
1776225806.202,206.202,0.99,3650.32,0.98,495.69,,,,,,,,,0.01,3650.32,0.02,495.69,,,2334.18303,1776225805000
1776225807.419,207.419,0.99,3650.32,0.98,495.69,,,,,,,,,0.01,3650.32,0.02,495.69,,,2334.197765,1776225806000
1776225808.054,208.054,0.99,3650.32,0.98,495.69,,,,,,,,,0.01,3650.32,0.02,495.69,,,2334.217939,1776225807000
1776225809.118,209.118,0.99,3650.32,0.98,495.69,,,,,,,,,0.01,3650.32,0.02,495.69,,,2334.40356,1776225808000
1776225810.211,210.211,0.99,3650.32,0.98,495.69,,,,,,,,,0.01,3650.32,0.02,495.69,,,2334.43427,1776225809000
1776225811.173,211.173,0.99,3650.32,0.98,495.69,,,,,,,,,0.01,3650.32,0.02,495.69,,,2334.47118,1776225810000
1776225812.376,212.376,0.99,3650.32,0.98,495.69,,,,,,,,,0.01,3650.32,0.02,495.69,,,2334.402825,1776225811000
1776225813.012,213.012,0.99,3650.32,0.98,495.69,,,,,,,,,0.01,3650.32,0.02,495.69,,,2334.4133,1776225812000
1776225813.987,213.987,0.99,3650.32,0.98,495.69,,,,,,,,,0.01,3650.32,0.02,495.69,,,2334.484805,1776225813000
1776225815.141,215.141,0.99,4710.81,0.98,500.69,,,,,,,,,0.01,4710.81,0.02,500.69,,,2334.5685,1776225814000
1776225816.24,216.24,0.99,4710.81,0.98,500.69,,,,,,,,,0.01,4710.81,0.02,500.69,,,2334.504315,1776225815000
1776225817.287,217.287,0.99,4710.81,0.98,500.69,,,,,,,,,0.01,4710.81,0.02,500.69,,,2334.427854,1776225816000
1776225818.354,218.354,0.99,4710.81,0.98,500.69,,,,,,,,,0.01,4710.81,0.02,500.69,,,2334.447173,1776225817000
1776225818.875,218.875,0.99,4710.81,0.98,500.69,,,,,,,,,0.01,4710.81,0.02,500.69,,,2334.557641,1776225818000
1776225820.345,220.345,0.99,4710.81,0.98,500.69,,,,,,,,,0.01,4710.81,0.02,500.69,,,2334.52359,1776225819000
1776225820.903,220.903,0.99,4710.81,0.98,500.69,,,,,,,,,0.01,4710.81,0.02,500.69,,,2334.52376,1776225820000
1776225822.438,222.438,0.99,4710.81,0.98,500.69,,,,,,,,,0.01,4710.81,0.02,500.69,,,2334.613589,1776225821000
1776225823.019,223.019,0.99,4710.81,0.98,500.69,,,,,,,,,0.01,4710.81,0.02,500.69,,,2334.613589,1776225822000
1776225823.971,223.971,0.99,4710.81,0.98,500.69,,,,,,,,,0.01,4710.81,0.02,500.69,,,2334.623589,1776225823000
1776225824.931,224.931,0.99,4710.81,0.98,500.69,,,,,,,,,0.01,4710.81,0.02,500.69,,,2334.618565,1776225824000
1776225825.934,225.934,0.99,4710.81,0.98,500.69,,,,,,,,,0.01,4710.81,0.02,500.69,,,2334.604405,1776225825000
1776225826.939,226.939,0.99,4710.81,0.98,500.69,,,,,,,,,0.01,4710.81,0.02,500.69,,,2334.6838,1776225826000
1776225827.982,227.982,0.99,4710.81,0.98,500.69,,,,,,,,,0.01,4710.81,0.02,500.69,,,2334.566943,1776225827000
1776225829.025,229.025,0.99,4710.81,0.98,500.69,,,,,,,,,0.01,4710.81,0.02,500.69,,,2334.54585,1776225828000
1776225830.042,230.042,0.99,4710.81,0.98,500.69,,,,,,,,,0.01,4710.81,0.02,500.69,,,2334.546655,1776225829000
1776225830.98,230.98,0.99,13182.31,0.98,1400.69,,,,,,,,,0.01,4710.81,0.02,500.69,,,2334.546655,1776225829000
1776225832.12,232.12,0.99,13182.31,0.98,1400.69,,,,,,,,,0.01,13182.31,0.02,1400.69,,,2334.55194,1776225831000
1776225833.031,233.031,0.99,13182.31,0.98,1400.69,,,,,,,,,0.01,13182.31,0.02,1400.69,,,2334.55194,1776225832000
1776225834.08,234.08,0.99,13182.31,0.98,1400.69,,,,,,,,,0.01,13182.31,0.02,1400.69,,,2334.55665,1776225833000
1776225835.144,235.144,0.99,13182.31,0.98,1400.69,,,,,,,,,0.01,13182.31,0.02,1400.69,,,2334.546535,1776225834000
1776225836.313,236.313,0.99,13182.31,0.98,1400.69,,,,,,,,,0.01,13182.31,0.02,1400.69,,,2334.524177,1776225835000
1776225836.905,236.905,0.99,13182.31,0.98,1400.69,,,,,,,,,0.01,13182.31,0.02,1400.69,,,2334.652609,1776225836000
1776225837.961,237.961,0.99,13182.31,0.98,1400.69,,,,,,,,,0.01,13182.31,0.02,1400.69,,,2334.728435,1776225837000
1776225839.104,239.104,0.99,13182.31,0.98,1400.69,,,,,,,,,0.01,13182.31,0.02,1400.69,,,2334.725831,1776225838000
1776225840.223,240.223,0.99,13182.31,0.98,1400.69,,,,,,,,,0.01,13182.31,0.02,1400.69,,,2334.6707,1776225839000
1776225841.391,241.391,0.99,13182.31,0.98,1400.69,,,,,,,,,0.01,13182.31,0.02,1400.69,,,2334.65448,1776225840000
1776225841.941,241.941,0.99,13182.31,0.98,1400.69,,,,,,,,,0.01,13182.31,0.02,1400.69,,,2334.658285,1776225841000
1776225843.072,243.072,0.99,13182.31,0.98,1400.69,,,,,,,,,0.01,13182.31,0.02,1400.69,,,2334.554488,1776225842000
1776225843.398,243.398,0.99,14817.27,0.98,395.69,,,,,,,,,0.01,13182.31,0.02,1400.69,,,2334.554488,1776225842000
1776225844.164,244.164,0.99,14817.27,0.98,395.69,,,,,,,,,0.01,14817.27,0.02,395.69,,,2334.439845,1776225843000
1776225845.288,245.288,0.99,14817.27,0.98,395.69,,,,,,,,,0.01,14817.27,0.02,395.69,,,2334.376865,1776225844000
1776225846.52,246.52,0.99,14817.27,0.98,395.69,,,,,,,,,0.01,14817.27,0.02,395.69,,,2334.359385,1776225845000
1776225847.029,247.029,0.99,14817.27,0.98,395.69,,,,,,,,,0.01,14817.27,0.02,395.69,,,2334.26698,1776225846000
1776225848.142,248.142,0.99,14817.27,0.98,395.69,,,,,,,,,0.01,14817.27,0.02,395.69,,,2334.14327,1776225847000
1776225849.813,249.813,0.99,14817.27,0.98,395.69,,,,,,,,,0.01,14817.27,0.02,395.69,,,2334.17957,1776225848000
1776225850.411,250.411,0.99,14817.27,0.98,395.69,,,,,,,,,0.01,14817.27,0.02,395.69,,,2334.130815,1776225849000
1776225850.942,250.942,0.99,14817.27,0.98,395.69,,,,,,,,,0.01,14817.27,0.02,395.69,,,2334.130815,1776225850000
1776225852.195,252.195,0.99,14817.27,0.98,395.69,,,,,,,,,0.01,14817.27,0.02,395.69,,,2334.2025,1776225851000
1776225853.498,253.498,0.99,14817.27,0.98,395.69,,,,,,,,,0.01,14817.27,0.02,395.69,,,2334.202995,1776225852000
1776225854.576,254.576,0.99,14817.27,0.98,395.69,,,,,,,,,0.01,14817.27,0.02,395.69,,,2334.234503,1776225853000
1776225855.228,255.228,0.991,400.0,0.99,6872.95,0.999,559.99,,,,,,,0.01,14817.27,0.02,395.69,0.008,,2334.234503,1776225853000
1776225855.621,255.621,0.991,400.0,0.99,7372.95,0.999,559.99,,,0.001,559.99,,,0.009,400.0,0.01,6872.95,0.008,0.008,2334.0021,1776225854000
1776225856.114,256.114,0.991,400.0,0.99,7372.95,0.999,578.98,,,0.001,578.98,,,0.009,400.0,0.01,7372.95,0.008,0.008,2333.93301,1776225855000
1776225856.331,256.331,0.991,400.0,0.99,7407.95,0.999,573.97,,,0.001,578.98,,,0.009,400.0,0.01,7372.95,0.008,0.008,2333.93301,1776225855000
1776225857.524,257.524,0.991,400.0,0.99,7407.95,0.999,573.97,,,0.001,573.97,,,0.009,400.0,0.01,7407.95,0.008,0.008,2333.940119,1776225856000
1776225858.132,258.132,0.991,400.0,0.99,7407.95,0.999,573.97,,,0.001,573.97,,,0.009,400.0,0.01,7407.95,0.008,0.008,2333.74085,1776225857000
1776225859.277,259.277,0.991,400.0,0.99,7901.95,0.998,194.09,0.999,578.97,0.001,573.97,,,0.009,400.0,0.01,7407.95,0.007,0.008,2333.74085,1776225857000
1776225859.549,259.549,0.991,400.0,0.99,7901.95,0.998,194.09,0.999,578.97,0.002,194.09,0.001,578.97,0.009,400.0,0.01,7901.95,0.007,0.007,2333.6061,1776225858000
1776225860.291,260.291,0.991,400.0,0.99,7901.95,0.998,194.09,0.999,578.97,0.002,194.09,0.001,578.97,0.009,400.0,0.01,7901.95,0.007,0.007,2333.655295,1776225859000
1776225861.766,261.766,0.991,468.0,0.99,7947.46,0.998,189.08,0.999,578.97,0.002,189.08,0.001,578.97,0.009,468.0,0.01,7947.46,0.007,0.007,2333.60375,1776225860000
1776225862.006,262.006,0.991,468.0,0.99,7947.46,0.998,187.08,0.999,578.97,0.002,189.08,0.001,578.97,0.009,468.0,0.01,7947.46,0.007,0.007,2333.60375,1776225860000
1776225862.428,262.428,0.991,468.0,0.99,7947.46,0.998,187.08,0.999,578.97,0.002,187.08,0.001,578.97,0.009,468.0,0.01,7947.46,0.007,0.007,2333.594845,1776225861000
1776225863.306,263.306,0.991,468.0,0.99,7947.46,0.998,187.08,0.999,578.97,0.002,187.08,0.001,578.97,0.009,468.0,0.01,7947.46,0.007,0.007,2333.587725,1776225862000
1776225863.848,263.848,0.991,473.05,0.99,7952.46,0.998,185.08,0.999,328.97,0.002,187.08,0.001,578.97,0.009,468.0,0.01,7947.46,0.007,0.007,2333.587725,1776225862000
1776225864.536,264.536,0.991,473.05,0.99,7952.46,0.998,185.08,0.999,328.97,0.002,185.08,0.001,328.97,0.009,473.05,0.01,7952.46,0.007,0.007,2333.597385,1776225863000
1776225865.352,265.352,0.991,473.05,0.99,7952.46,0.998,185.08,0.999,328.97,0.002,185.08,0.001,328.97,0.009,473.05,0.01,7952.46,0.007,0.007,2333.600525,1776225864000
1776225866.117,266.117,0.991,473.05,0.99,7952.46,0.998,185.08,0.999,328.97,0.002,185.08,0.001,328.97,0.009,473.05,0.01,7952.46,0.007,0.007,2333.556055,1776225865000
1776225868.277,268.277,0.991,473.05,0.99,7952.46,0.998,185.08,0.999,328.97,0.002,185.08,0.001,328.97,0.009,473.05,0.01,7952.46,0.007,0.007,2333.58239,1776225867000
1776225869.507,269.507,0.991,473.05,0.99,7952.46,0.998,185.08,0.999,328.97,0.002,185.08,0.001,328.97,0.009,473.05,0.01,7952.46,0.007,0.007,2333.40737,1776225868000
1776225869.748,269.748,0.991,473.05,0.99,7952.51,0.998,142.86,0.999,328.97,0.002,185.08,0.001,328.97,0.009,473.05,0.01,7952.46,0.007,0.007,2333.40737,1776225868000
1776225870.12,270.12,0.991,473.05,0.99,7952.51,0.998,142.86,0.999,328.97,0.002,142.86,0.001,328.97,0.009,473.05,0.01,7952.51,0.007,0.007,2333.391563,1776225869000
1776225871.435,271.435,0.991,471.73,0.99,8116.01,0.998,142.86,0.999,328.97,0.002,142.86,0.001,328.97,0.009,471.73,0.01,8116.01,0.007,0.007,2333.36256,1776225870000
1776225872.31,272.31,0.991,471.73,0.99,8116.01,0.998,142.86,0.999,328.97,0.002,142.86,0.001,328.97,0.009,471.73,0.01,8116.01,0.007,0.007,2333.363125,1776225871000
1776225873.415,273.415,0.991,471.73,0.99,8116.01,0.998,142.86,0.999,328.97,0.002,142.86,0.001,328.97,0.009,471.73,0.01,8116.01,0.007,0.007,2333.2253,1776225872000
1776225873.99,273.99,0.991,471.73,0.99,8116.01,0.998,142.86,0.999,328.97,0.002,142.86,0.001,328.97,0.009,471.73,0.01,8116.01,0.007,0.007,2333.14189,1776225873000
1776225875.117,275.117,0.991,471.73,0.99,8116.01,0.998,142.86,0.999,328.97,0.002,142.86,0.001,328.97,0.009,471.73,0.01,8116.01,0.007,0.007,2333.10247,1776225874000
1776225876.484,276.484,0.991,471.73,0.99,8116.01,0.998,142.86,0.999,328.97,0.002,142.86,0.001,328.97,0.009,471.73,0.01,8116.01,0.007,0.007,2333.06421,1776225875000
1776225877.008,277.008,0.991,471.73,0.99,8116.01,0.998,142.86,0.999,328.97,0.002,142.86,0.001,328.97,0.009,471.73,0.01,8116.01,0.007,0.007,2333.06421,1776225876000
1776225878.225,278.225,0.991,471.73,0.99,8116.01,0.998,142.86,0.999,328.97,0.002,142.86,0.001,328.97,0.009,471.73,0.01,8116.01,0.007,0.007,2333.04499,1776225877000
1776225879.318,279.318,0.991,471.73,0.99,8116.01,0.998,142.86,0.999,328.97,0.002,142.86,0.001,328.97,0.009,471.73,0.01,8116.01,0.007,0.007,2333.012285,1776225878000
1776225879.936,279.936,0.991,471.73,0.99,8116.01,0.998,142.86,0.999,328.97,0.002,142.86,0.001,328.97,0.009,471.73,0.01,8116.01,0.007,0.007,2333.01482,1776225879000
1776225881.054,281.054,0.991,471.73,0.99,8116.01,0.998,142.86,0.999,328.97,0.002,142.86,0.001,328.97,0.009,471.73,0.01,8116.01,0.007,0.007,2333.012945,1776225880000
1776225882.357,282.357,0.991,471.73,0.99,8116.01,0.998,142.86,0.999,328.97,0.002,142.86,0.001,328.97,0.009,471.73,0.01,8116.01,0.007,0.007,2333.410745,1776225881000
1776225882.983,282.983,0.991,471.73,0.99,8116.01,0.998,142.86,0.999,328.97,0.002,142.86,0.001,328.97,0.009,471.73,0.01,8116.01,0.007,0.007,2333.41264,1776225882000
1776225884.729,284.729,0.991,471.73,0.99,8116.01,0.998,142.86,0.999,328.97,0.002,142.86,0.001,328.97,0.009,471.73,0.01,8116.01,0.007,0.007,2333.552591,1776225883000
1776225885.19,285.19,0.991,471.73,0.99,8116.01,0.998,142.86,0.999,328.97,0.002,142.86,0.001,328.97,0.009,471.73,0.01,8116.01,0.007,0.007,2333.56434,1776225884000
1776225885.436,285.436,0.992,57.1,0.991,471.73,0.999,598.97,,,0.002,142.86,0.001,328.97,0.009,471.73,0.01,8116.01,0.007,0.007,2333.56434,1776225884000
1776225886.19,286.19,0.992,57.1,0.991,471.73,0.999,593.97,,,0.001,593.97,,,0.008,57.1,0.009,471.73,0.007,0.007,2333.66891,1776225885000
1776225887.243,287.243,0.992,57.1,0.991,471.73,0.999,491.43,,,0.001,491.43,,,0.008,57.1,0.009,471.73,0.007,0.007,2333.6373,1776225886000
1776225887.894,287.894,0.992,57.1,0.991,495.73,0.999,441.39,,,0.001,491.43,,,0.008,57.1,0.009,471.73,0.007,0.007,2333.6373,1776225886000
1776225888.155,288.155,0.992,57.1,0.991,495.73,0.999,441.39,,,0.001,441.39,,,0.008,57.1,0.009,495.73,0.007,0.007,2333.48335,1776225887000
1776225889.125,289.125,0.992,57.1,0.991,495.73,0.999,441.39,,,0.001,441.39,,,0.008,57.1,0.009,495.73,0.007,0.007,2333.613257,1776225888000
1776225890.187,290.187,0.992,57.1,0.991,495.73,0.999,441.39,,,0.001,441.39,,,0.008,57.1,0.009,495.73,0.007,0.007,2333.485435,1776225889000
1776225891.206,291.206,0.992,57.1,0.991,495.73,0.999,441.39,,,0.001,441.39,,,0.008,57.1,0.009,495.73,0.007,0.007,2333.541273,1776225890000
1776225891.428,291.428,0.992,57.1,0.991,495.73,0.999,424.83,,,0.001,441.39,,,0.008,57.1,0.009,495.73,0.007,0.007,2333.541273,1776225890000
1776225892.238,292.238,0.992,57.1,0.991,495.73,0.999,402.74,,,0.001,402.74,,,0.008,57.1,0.009,495.73,0.007,0.007,2333.5,1776225891000
1776225892.987,292.987,0.991,495.73,0.99,8631.86,0.999,345.64,,,0.001,402.74,,,0.008,57.1,0.009,495.73,0.008,0.007,2333.5,1776225891000
1776225893.207,293.207,0.991,495.73,0.99,8631.86,0.999,345.64,,,0.001,345.64,,,0.009,495.73,0.01,8631.86,0.008,0.008,2333.455345,1776225892000
1776225894.236,294.236,0.991,495.73,0.99,8631.86,0.999,345.64,,,0.001,345.64,,,0.009,495.73,0.01,8631.86,0.008,0.008,2333.45641,1776225893000
1776225895.156,295.156,0.991,495.73,0.99,9155.86,0.999,340.64,,,0.001,345.64,,,0.009,495.73,0.01,8631.86,0.008,0.008,2333.45641,1776225893000
1776225895.532,295.532,0.991,505.73,0.99,9206.31,0.999,330.64,,,0.001,335.64,,,0.009,505.73,0.01,9165.91,0.008,0.008,2333.459445,1776225894000
1776225895.943,295.943,0.991,505.73,0.99,9307.57,0.999,325.64,,,0.001,330.64,,,0.009,505.73,0.01,9206.31,0.008,0.008,2333.459445,1776225894000
1776225896.227,296.227,0.991,505.73,0.99,9307.57,0.999,318.65,,,0.001,318.65,,,0.009,505.73,0.01,9307.57,0.008,0.008,2333.46242,1776225895000
1776225896.939,296.939,0.991,505.73,0.99,9307.57,0.999,304.63,,,0.001,318.65,,,0.009,505.73,0.01,9307.57,0.008,0.008,2333.46242,1776225895000
1776225897.514,297.514,0.991,505.73,0.99,9376.57,0.999,298.61,,,0.001,304.63,,,0.009,505.73,0.01,9307.57,0.008,0.008,2333.46242,1776225895000
1776225897.874,297.874,0.991,505.73,0.99,9376.57,0.999,288.61,,,0.001,288.61,,,0.009,505.73,0.01,9376.57,0.008,0.008,2333.59613,1776225896000
1776225898.367,298.367,0.999,321.99,0.991,505.73,,,,,,,,,0.001,321.99,0.009,505.73,,,2333.444058,1776225897000
1776225898.865,298.865,0.999,321.99,0.991,505.73,,,,,,,,,0.001,321.99,0.009,505.73,,,2333.440797,1776225898000
1776225899.904,299.904,0.999,321.99,0.991,505.73,,,,,,,,,0.001,321.99,0.009,505.73,,,2333.192675,1776225899000
1776225900.857,300.857,0.999,321.99,0.991,505.73,,,,,,,,,0.001,321.99,0.009,505.73,,,2333.319666,1776225900000
1776225901.867,301.867,0.999,321.99,0.991,505.73,,,,,,,,,0.001,321.99,0.009,505.73,,,2333.470422,1776225901000
1776225902.91,302.91,0.999,321.99,0.991,505.73,,,,,,,,,0.001,321.99,0.009,505.73,,,2333.46987,1776225902000

# RESULT,winner=Up,slug=eth-updown-5m-1776225600,ticks=447
