timestamp,elapsed_sec,up_bid_p1,up_bid_s1,up_bid_p2,up_bid_s2,up_ask_p1,up_ask_s1,up_ask_p2,up_ask_s2,down_bid_p1,down_bid_s1,down_bid_p2,down_bid_s2,down_ask_p1,down_ask_s1,down_ask_p2,down_ask_s2,up_spread,down_spread,eth_price,eth_oracle_ts
1776217500.002,0.002,0.5,8.24,0.49,5.0,0.51,26.0,0.52,50.0,0.49,26.0,0.48,50.0,0.5,8.24,0.51,5.0,0.01,0.01,2339.52541,1776217498000
1776217500.353,0.353,0.46,100.0,0.44,10.0,0.5,15.0,0.54,100.0,0.49,26.0,0.48,50.0,0.5,8.24,0.51,5.0,0.04,0.01,2339.391847,1776217499000
1776217500.781,0.781,0.46,82.0,0.44,10.0,0.5,15.0,0.54,100.0,0.5,15.0,0.46,100.0,0.54,100.0,0.56,10.0,0.04,0.04,2339.391847,1776217499000
1776217501.231,1.231,0.46,82.0,0.45,70.0,0.5,12.96,0.54,100.0,0.5,15.0,0.46,100.0,0.54,82.0,0.56,10.0,0.04,0.04,2339.391847,1776217499000
1776217501.449,1.449,0.46,87.0,0.45,70.0,0.5,10.96,0.54,100.0,0.5,10.96,0.46,100.0,0.54,87.0,0.55,70.0,0.04,0.04,2339.183226,1776217500000
1776217501.65,1.65,0.46,87.0,0.45,80.0,0.5,113.71,0.51,10.0,0.5,10.96,0.46,100.0,0.54,87.0,0.55,70.0,0.04,0.04,2339.183226,1776217500000
1776217501.998,1.998,0.46,57.14,0.45,80.0,0.48,11.0,0.49,13.0,0.52,11.0,0.51,26.0,0.54,74.0,0.55,80.0,0.02,0.02,2339.183226,1776217500000
1776217502.282,2.282,0.46,57.14,0.45,70.0,0.47,8.87,0.48,26.0,0.52,11.0,0.51,13.0,0.54,57.14,0.55,80.0,0.01,0.02,2339.011049,1776217501000
1776217502.914,2.914,0.45,70.0,0.44,80.0,0.47,21.87,0.48,31.0,0.53,8.87,0.52,26.0,0.54,57.14,0.55,70.0,0.02,0.01,2339.011049,1776217501000
1776217503.264,3.264,0.45,70.0,0.44,80.0,0.47,21.87,0.48,31.0,0.53,21.87,0.52,31.0,0.55,70.0,0.56,80.0,0.02,0.02,2338.868766,1776217502000
1776217503.594,3.594,0.45,26.72,0.44,95.0,0.46,16.0,0.47,31.87,0.54,21.0,0.53,31.87,0.55,75.0,0.56,90.0,0.01,0.01,2338.868766,1776217502000
1776217503.87,3.87,0.45,34.9,0.44,90.0,0.46,15.0,0.47,17.87,0.54,16.0,0.53,31.87,0.55,26.72,0.56,95.0,0.01,0.01,2338.868766,1776217502000
1776217504.166,4.166,0.49,20.0,0.48,20.0,0.55,55.0,0.56,10.0,0.54,15.0,0.53,17.87,0.55,34.9,0.56,90.0,0.06,0.01,2338.868766,1776217502000
1776217504.429,4.429,0.58,7.59,0.57,80.0,0.6,20.0,0.61,60.0,0.4,99.53,0.39,160.0,0.45,80.0,0.46,20.0,0.02,0.05,2338.845112,1776217503000
1776217504.778,4.778,0.59,10.12,0.58,12.59,0.6,20.0,0.61,79.0,0.4,20.0,0.39,60.0,0.42,7.59,0.43,80.0,0.01,0.02,2338.845112,1776217503000
1776217505.233,5.233,0.59,2.56,0.58,12.59,0.6,24.2,0.61,79.0,0.4,3.2,0.39,79.0,0.41,5.0,0.42,12.59,0.01,0.01,2338.845112,1776217503000
1776217505.877,5.877,0.58,17.59,0.57,95.0,0.59,15.0,0.6,61.2,0.4,24.2,0.39,79.0,0.41,2.56,0.42,12.59,0.01,0.01,2338.821455,1776217504000
1776217506.08,6.08,0.58,11.63,0.57,100.0,0.59,26.0,0.6,56.2,0.41,15.0,0.4,61.2,0.42,17.59,0.43,95.0,0.01,0.01,2339.366544,1776217505000
1776217506.968,6.968,0.58,20.0,0.57,97.5,0.59,5.0,0.6,52.2,0.41,26.0,0.4,56.2,0.43,97.5,0.44,120.0,0.01,0.02,2339.366544,1776217505000
1776217507.317,7.317,0.57,92.5,0.56,115.0,0.59,20.0,0.6,52.2,0.41,5.0,0.4,52.2,0.42,20.0,0.43,97.5,0.02,0.01,2339.967848,1776217506000
1776217507.717,7.717,0.55,15.0,0.54,75.0,0.56,86.94,0.57,35.0,0.42,33.71,0.41,51.0,0.43,10.0,0.44,10.0,0.01,0.01,2339.967848,1776217506000
1776217507.925,7.925,0.55,21.77,0.54,75.0,0.56,115.94,0.57,63.0,0.44,86.94,0.43,35.0,0.45,15.0,0.46,75.0,0.01,0.01,2339.967848,1776217506000
1776217508.257,8.257,0.54,66.77,0.53,75.0,0.56,110.94,0.57,63.0,0.44,110.94,0.43,63.0,0.46,66.77,0.47,75.0,0.02,0.02,2340.000016,1776217507000
1776217509.083,9.083,0.58,20.0,0.57,25.0,0.59,20.33,0.6,47.0,0.45,20.4,0.44,110.94,0.46,81.77,0.47,80.0,0.01,0.01,2340.000016,1776217507000
1776217509.396,9.396,0.58,20.0,0.57,25.0,0.59,3.24,0.6,52.0,0.41,20.33,0.4,47.0,0.42,20.0,0.43,25.0,0.01,0.01,2339.915738,1776217508000
1776217510.073,10.073,0.59,4.68,0.58,25.0,0.6,6.0,0.61,89.0,0.4,50.6,0.39,94.0,0.41,7.0,0.42,25.0,0.01,0.01,2339.915738,1776217508000
1776217510.303,10.303,0.6,58.68,0.59,9.68,0.61,89.0,0.62,49.0,0.39,89.0,0.38,49.0,0.4,58.68,0.41,9.68,0.01,0.01,2339.815654,1776217509000
1776217510.584,10.584,0.6,78.33,0.59,9.68,0.61,80.0,0.62,64.0,0.39,89.0,0.38,49.0,0.4,58.68,0.41,9.68,0.01,0.01,2339.815654,1776217509000
1776217510.89,10.89,0.6,78.33,0.59,9.68,0.61,80.0,0.62,64.0,0.39,80.0,0.38,64.0,0.4,78.33,0.41,9.68,0.01,0.01,2339.8652,1776217510000
1776217511.422,11.422,0.6,68.33,0.59,5.0,0.62,4.46,0.63,48.0,0.39,80.0,0.38,64.0,0.4,78.33,0.41,9.68,0.02,0.01,2339.8652,1776217510000
1776217511.83,11.83,0.6,53.33,0.55,5.0,0.61,127.52,0.62,41.46,0.38,4.46,0.37,48.0,0.4,68.33,0.41,5.0,0.01,0.02,2339.8652,1776217510000
1776217512.849,12.849,0.52,5.0,0.49,75.0,0.53,15.0,0.54,20.0,0.45,6.11,0.44,20.0,0.47,5.74,0.48,5.0,0.01,0.02,2339.997774,1776217511000
1776217513.699,13.699,0.48,4.8,0.46,100.0,0.5,20.0,0.51,10.0,0.47,20.0,0.46,15.0,0.51,72.05,0.52,70.0,0.02,0.04,2339.996735,1776217512000
1776217513.914,13.914,0.46,83.94,0.45,100.0,0.5,20.0,0.51,10.0,0.5,20.0,0.49,10.0,0.51,9.6,0.52,4.8,0.04,0.01,2339.996735,1776217512000
1776217514.138,14.138,0.46,83.94,0.45,100.0,0.5,20.0,0.51,10.0,0.5,20.0,0.49,10.0,0.54,83.94,0.55,100.0,0.04,0.04,2339.660694,1776217513000
1776217515.695,15.695,0.46,83.94,0.45,100.0,0.5,20.0,0.51,10.0,0.5,20.0,0.49,10.0,0.54,83.94,0.55,100.0,0.04,0.04,2338.850592,1776217514000
1776217515.901,15.901,0.45,5.0,0.44,50.0,0.46,20.0,0.47,15.0,0.5,20.0,0.49,10.0,0.54,83.94,0.55,100.0,0.01,0.04,2338.850592,1776217514000
1776217516.161,16.161,0.45,5.0,0.44,50.0,0.46,20.0,0.47,15.0,0.54,20.0,0.53,15.0,0.55,5.0,0.56,50.0,0.01,0.01,2338.875287,1776217515000
1776217516.842,16.842,0.45,14.63,0.44,50.0,0.46,20.0,0.47,15.0,0.54,20.0,0.53,15.0,0.55,14.63,0.56,50.0,0.01,0.01,2338.858695,1776217516000
1776217517.833,17.833,0.45,14.63,0.44,50.0,0.46,20.0,0.47,15.0,0.54,20.0,0.53,15.0,0.55,14.63,0.56,50.0,0.01,0.01,2338.852089,1776217517000
1776217518.311,18.311,0.43,140.0,0.42,110.0,0.45,53.67,0.46,69.0,0.55,26.0,0.54,69.0,0.57,130.0,0.58,105.0,0.02,0.02,2338.852089,1776217517000
1776217518.947,18.947,0.43,140.0,0.42,110.0,0.45,53.67,0.46,69.0,0.55,53.67,0.54,69.0,0.57,140.0,0.58,110.0,0.02,0.02,2338.843638,1776217518000
1776217519.467,19.467,0.44,25.0,0.43,150.0,0.45,18.67,0.46,39.0,0.55,53.67,0.54,69.0,0.57,140.0,0.58,110.0,0.01,0.02,2338.843638,1776217518000
1776217519.895,19.895,0.44,25.0,0.43,150.0,0.45,18.67,0.46,39.0,0.55,18.67,0.54,39.0,0.56,25.0,0.57,150.0,0.01,0.01,2338.894473,1776217519000
1776217520.45,20.45,0.44,95.0,0.43,187.0,0.48,112.0,0.49,118.0,0.55,18.67,0.54,39.0,0.56,25.0,0.57,150.0,0.04,0.01,2338.894473,1776217519000
1776217520.771,20.771,0.47,25.0,0.46,30.0,0.49,7.38,0.5,12.0,0.52,102.0,0.51,118.0,0.53,15.0,0.54,30.0,0.02,0.01,2338.894473,1776217519000
1776217522.003,22.003,0.47,25.0,0.46,30.0,0.51,8.0,0.52,8.0,0.49,8.0,0.48,8.0,0.53,25.0,0.54,30.0,0.04,0.04,2338.77718,1776217521000
1776217523.076,23.076,0.47,25.0,0.46,30.0,0.51,8.0,0.52,8.0,0.49,8.0,0.48,8.0,0.53,25.0,0.54,30.0,0.04,0.04,2339.024599,1776217522000
1776217523.554,23.554,0.5,15.84,0.49,15.0,0.51,113.0,0.52,26.0,0.49,8.0,0.48,8.0,0.53,25.0,0.54,30.0,0.01,0.04,2339.024599,1776217522000
1776217523.807,23.807,0.5,25.84,0.49,125.0,0.53,8.81,0.54,75.0,0.49,113.0,0.48,26.0,0.5,15.84,0.51,15.0,0.03,0.01,2339.024599,1776217522000
1776217524.074,24.074,0.5,25.84,0.49,125.0,0.53,8.81,0.54,75.0,0.47,8.81,0.46,75.0,0.5,25.84,0.51,125.0,0.03,0.03,2339.078495,1776217523000
1776217524.892,24.892,0.52,10.0,0.51,20.0,0.53,84.99,0.54,105.0,0.47,8.81,0.46,75.0,0.5,25.84,0.51,125.0,0.01,0.03,2339.078495,1776217523000
1776217526.068,26.068,0.52,2.7,0.51,20.0,0.53,79.99,0.54,101.0,0.47,84.99,0.46,105.0,0.48,10.0,0.49,20.0,0.01,0.01,2339.109608,1776217524000
1776217527.144,27.144,0.52,2.7,0.51,20.0,0.53,79.99,0.54,101.0,0.47,79.99,0.46,101.0,0.48,2.7,0.49,20.0,0.01,0.01,2339.112966,1776217526000
1776217527.913,27.913,0.46,5.0,0.45,100.0,0.51,151.84,0.52,113.67,0.47,79.99,0.46,101.0,0.48,2.7,0.49,20.0,0.05,0.01,2339.112966,1776217526000
1776217528.184,28.184,0.46,5.0,0.45,100.0,0.51,151.84,0.52,113.67,0.49,151.84,0.48,113.67,0.54,5.0,0.55,100.0,0.05,0.05,2339.12209,1776217527000
1776217529.05,29.05,0.46,5.0,0.45,100.0,0.51,151.84,0.52,113.67,0.49,151.84,0.48,113.67,0.54,5.0,0.55,100.0,0.05,0.05,2339.131913,1776217528000
1776217529.61,29.61,0.44,94.73,0.43,230.0,0.45,52.0,0.46,75.0,0.49,151.84,0.48,113.67,0.54,5.0,0.55,100.0,0.01,0.05,2339.131913,1776217528000
1776217530.077,30.077,0.43,135.0,0.42,80.0,0.44,25.0,0.45,40.0,0.55,47.0,0.54,75.0,0.56,89.46,0.57,230.0,0.01,0.01,2339.131913,1776217528000
1776217530.473,30.473,0.43,135.0,0.42,80.0,0.44,25.0,0.45,40.0,0.56,25.0,0.55,40.0,0.57,135.0,0.58,80.0,0.01,0.01,2338.84919,1776217529000
1776217531.075,31.075,0.43,135.0,0.42,80.0,0.44,25.0,0.45,40.0,0.56,25.0,0.55,40.0,0.57,135.0,0.58,80.0,0.01,0.01,2338.820671,1776217530000
1776217531.813,31.813,0.43,145.0,0.42,85.0,0.44,43.62,0.45,40.0,0.56,25.0,0.55,40.0,0.57,135.0,0.58,80.0,0.01,0.01,2338.820671,1776217530000
1776217532.327,32.327,0.43,145.0,0.42,85.0,0.44,43.62,0.45,40.0,0.56,43.62,0.55,40.0,0.57,145.0,0.58,85.0,0.01,0.01,2338.638143,1776217531000
1776217532.536,32.536,0.43,137.96,0.42,75.0,0.44,93.62,0.45,45.0,0.56,43.62,0.55,40.0,0.57,145.0,0.58,85.0,0.01,0.01,2338.638143,1776217531000
1776217532.869,32.869,0.43,112.96,0.42,70.0,0.44,88.39,0.45,145.0,0.56,93.39,0.55,45.0,0.57,137.96,0.58,75.0,0.01,0.01,2338.638143,1776217531000
1776217533.996,33.996,0.43,60.0,0.42,75.0,0.44,233.39,0.45,161.0,0.56,93.39,0.55,145.0,0.57,105.92,0.58,70.0,0.01,0.01,2338.59389,1776217532000
1776217535.239,35.239,0.42,73.27,0.41,10.0,0.43,80.0,0.44,193.39,0.56,233.39,0.55,161.0,0.58,75.0,0.6,25.0,0.01,0.02,2338.534526,1776217533000
1776217535.653,35.653,0.42,66.3,0.41,5.0,0.43,215.0,0.44,153.39,0.57,80.0,0.56,193.39,0.58,73.27,0.59,10.0,0.01,0.01,2338.522064,1776217534000
1776217535.856,35.856,0.38,25.0,0.37,55.79,0.43,210.0,0.44,166.39,0.57,215.0,0.56,166.39,0.58,16.3,0.62,25.0,0.05,0.01,2338.522064,1776217534000
1776217536.209,36.209,0.37,26.79,0.36,221.5,0.38,15.0,0.39,15.0,0.61,10.0,0.6,10.0,0.63,55.79,0.64,216.5,0.01,0.02,2338.522064,1776217534000
1776217536.451,36.451,0.37,26.79,0.36,221.5,0.38,15.0,0.39,15.0,0.62,15.0,0.61,15.0,0.63,26.79,0.64,221.5,0.01,0.01,2338.427139,1776217535000
1776217537.135,37.135,0.37,26.79,0.36,221.5,0.38,15.0,0.39,15.0,0.62,15.0,0.61,15.0,0.63,26.79,0.64,221.5,0.01,0.01,2338.410275,1776217536000
1776217538.363,38.363,0.37,26.79,0.36,221.5,0.38,15.0,0.39,15.0,0.62,15.0,0.61,15.0,0.63,26.79,0.64,221.5,0.01,0.01,2338.300245,1776217537000
1776217539.449,39.449,0.37,26.79,0.36,221.5,0.38,15.0,0.39,15.0,0.62,15.0,0.61,15.0,0.63,26.79,0.64,221.5,0.01,0.01,2338.292877,1776217538000
1776217539.837,39.837,0.37,35.79,0.36,145.0,0.38,93.51,0.39,20.0,0.62,15.0,0.61,15.0,0.63,26.79,0.64,221.5,0.01,0.01,2338.292877,1776217538000
1776217540.118,40.118,0.36,123.31,0.35,5.0,0.37,25.0,0.38,53.51,0.63,25.0,0.62,53.51,0.64,121.0,0.65,5.0,0.01,0.01,2338.291328,1776217539000
1776217540.577,40.577,0.36,121.74,0.35,10.0,0.37,25.0,0.38,53.51,0.63,25.0,0.62,53.51,0.64,123.31,0.65,5.0,0.01,0.01,2338.291328,1776217539000
1776217541.07,41.07,0.36,73.74,0.33,72.51,0.37,119.91,0.38,53.51,0.63,22.27,0.62,53.51,0.64,121.74,0.65,10.0,0.01,0.01,2338.291328,1776217539000
1776217541.372,41.372,0.36,0.74,0.32,73.51,0.37,122.15,0.38,53.51,0.63,117.15,0.62,53.51,0.64,73.74,0.67,15.0,0.01,0.01,2338.286577,1776217540000
1776217541.7,41.7,0.32,77.03,0.31,46.0,0.33,35.0,0.34,15.0,0.63,122.15,0.62,53.51,0.64,0.74,0.68,73.51,0.01,0.01,2338.286577,1776217540000
1776217541.911,41.911,0.32,75.55,0.31,46.0,0.33,35.0,0.34,15.0,0.67,35.0,0.66,15.0,0.68,77.03,0.69,46.0,0.01,0.01,2338.286577,1776217540000
1776217542.297,42.297,0.32,75.55,0.31,46.0,0.33,23.89,0.34,15.0,0.67,23.89,0.66,15.0,0.68,75.55,0.69,46.0,0.01,0.01,2338.094804,1776217541000
1776217542.723,42.723,0.31,3.4,0.3,70.0,0.32,34.0,0.33,16.31,0.67,16.31,0.66,15.0,0.68,75.55,0.69,46.0,0.01,0.01,2338.094804,1776217541000
1776217543.085,43.085,0.31,2.69,0.3,70.0,0.32,39.0,0.33,16.31,0.68,34.0,0.67,16.31,0.69,3.4,0.7,70.0,0.01,0.01,2338.094804,1776217541000
1776217543.419,43.419,0.31,73.11,0.3,85.0,0.32,34.0,0.33,6.31,0.68,34.0,0.67,6.31,0.69,73.11,0.7,85.0,0.01,0.01,2338.008294,1776217542000
1776217543.632,43.632,0.34,6.0,0.33,158.99,0.35,5.0,0.36,5.0,0.68,34.0,0.67,6.31,0.69,73.11,0.7,85.0,0.01,0.01,2338.008294,1776217542000
1776217544.011,44.011,0.36,8.84,0.35,137.99,0.37,15.0,0.38,53.51,0.64,5.0,0.63,92.64,0.66,90.99,0.67,77.48,0.01,0.02,2338.008294,1776217542000
1776217544.294,44.294,0.36,64.59,0.35,132.0,0.37,10.0,0.38,53.51,0.63,10.0,0.62,53.51,0.64,25.68,0.65,127.99,0.01,0.01,2338.008294,1776217542000
1776217544.941,44.941,0.37,29.0,0.36,10.0,0.38,53.24,0.39,15.0,0.63,10.0,0.62,53.51,0.64,64.18,0.65,132.0,0.01,0.01,2338.008294,1776217542000
1776217545.267,45.267,0.37,29.0,0.36,5.0,0.38,28.24,0.39,15.0,0.62,28.24,0.61,15.0,0.63,29.0,0.64,5.0,0.01,0.01,2337.927718,1776217543000
1776217546.347,46.347,0.37,29.0,0.36,5.0,0.38,28.24,0.39,15.0,0.62,28.24,0.61,15.0,0.63,29.0,0.64,5.0,0.01,0.01,2338.075702,1776217545000
1776217547.201,47.201,0.37,29.0,0.36,5.0,0.38,28.24,0.39,15.0,0.62,28.24,0.61,15.0,0.63,29.0,0.64,5.0,0.01,0.01,2338.162177,1776217546000
1776217548.767,48.767,0.35,28.53,0.34,83.51,0.38,83.24,0.39,15.0,0.62,28.24,0.61,15.0,0.63,29.0,0.64,5.0,0.03,0.01,2338.162177,1776217546000
1776217548.996,48.996,0.35,28.53,0.34,83.51,0.38,83.24,0.39,15.0,0.62,83.24,0.61,15.0,0.65,28.53,0.66,83.51,0.03,0.03,2338.166476,1776217547000
1776217549.841,49.841,0.35,28.53,0.34,83.51,0.38,83.24,0.39,15.0,0.62,83.24,0.61,15.0,0.65,28.53,0.66,83.51,0.03,0.03,2338.16629,1776217548000
1776217550.346,50.346,0.35,25.29,0.34,83.51,0.36,75.0,0.37,20.0,0.62,83.24,0.61,15.0,0.65,28.53,0.66,83.51,0.01,0.03,2338.16629,1776217548000
1776217550.57,50.57,0.35,25.29,0.34,83.51,0.36,75.0,0.37,20.0,0.64,75.0,0.63,20.0,0.65,25.29,0.66,83.51,0.01,0.01,2338.165392,1776217549000
1776217551.214,51.214,0.35,25.29,0.34,83.51,0.36,75.0,0.37,20.0,0.64,75.0,0.63,20.0,0.65,25.29,0.66,83.51,0.01,0.01,2338.195473,1776217550000
1776217552.012,52.012,0.35,25.29,0.34,83.51,0.36,75.0,0.37,20.0,0.64,75.0,0.63,20.0,0.65,25.29,0.66,83.51,0.01,0.01,2338.184513,1776217551000
1776217552.349,52.349,0.29,86.0,0.28,19.48,0.32,10.0,0.33,18.0,0.64,75.0,0.63,20.0,0.65,25.67,0.66,83.51,0.03,0.01,2338.184513,1776217551000
1776217552.563,52.563,0.29,60.14,0.28,65.99,0.3,22.14,0.31,22.24,0.7,10.0,0.69,15.0,0.71,67.18,0.72,65.99,0.01,0.01,2338.184513,1776217551000
1776217553.164,53.164,0.29,77.04,0.28,65.99,0.3,15.0,0.31,15.0,0.7,15.0,0.69,15.0,0.71,84.04,0.72,65.99,0.01,0.01,2338.184513,1776217551000
1776217553.495,53.495,0.29,77.04,0.28,65.99,0.3,15.0,0.31,15.0,0.7,15.0,0.69,15.0,0.71,77.04,0.72,65.99,0.01,0.01,2338.173042,1776217552000
1776217554.083,54.083,0.29,77.04,0.28,65.99,0.3,15.0,0.31,15.0,0.7,15.0,0.69,15.0,0.71,77.04,0.72,65.99,0.01,0.01,2337.932578,1776217553000
1776217554.953,54.953,0.29,173.14,0.28,56.48,0.3,20.0,0.31,40.49,0.7,15.0,0.69,15.0,0.71,77.04,0.72,65.99,0.01,0.01,2337.932578,1776217553000
1776217555.159,55.159,0.3,51.65,0.29,177.13,0.31,33.53,0.32,15.0,0.69,38.53,0.68,15.0,0.7,30.65,0.71,182.13,0.01,0.01,2337.932578,1776217553000
1776217555.643,55.643,0.3,88.22,0.29,167.13,0.31,48.53,0.32,20.0,0.69,33.53,0.68,15.0,0.7,51.65,0.71,177.13,0.01,0.01,2337.686072,1776217554000
1776217555.965,55.965,0.3,77.9,0.29,167.13,0.31,45.3,0.32,20.0,0.69,48.53,0.68,20.0,0.7,82.9,0.71,167.13,0.01,0.01,2337.686072,1776217554000
1776217556.26,56.26,0.3,71.29,0.29,167.13,0.31,84.65,0.32,20.0,0.69,84.65,0.68,20.0,0.7,74.74,0.71,167.13,0.01,0.01,2337.69069,1776217555000
1776217556.515,56.515,0.3,69.71,0.29,167.13,0.31,89.65,0.32,20.0,0.69,84.65,0.68,20.0,0.7,71.29,0.71,167.13,0.01,0.01,2337.69069,1776217555000
1776217556.774,56.774,0.3,63.8,0.29,167.13,0.31,89.65,0.32,20.0,0.69,89.65,0.68,20.0,0.7,72.25,0.71,167.13,0.01,0.01,2337.69069,1776217555000
1776217556.986,56.986,0.3,63.41,0.29,167.13,0.31,89.65,0.32,20.0,0.69,89.65,0.68,20.0,0.7,59.99,0.71,167.13,0.01,0.01,2337.69069,1776217555000
1776217557.197,57.197,0.3,132.4,0.29,109.62,0.31,86.42,0.32,20.0,0.69,89.65,0.68,20.0,0.7,63.41,0.71,167.13,0.01,0.01,2337.69069,1776217555000
1776217558.503,58.503,0.3,134.54,0.29,109.62,0.31,86.42,0.32,20.0,0.69,86.42,0.68,20.0,0.7,134.54,0.71,109.62,0.01,0.01,2337.89248,1776217557000
1776217558.905,58.905,0.3,139.54,0.29,104.62,0.31,31.77,0.32,62.85,0.69,86.42,0.68,20.0,0.7,134.54,0.71,109.62,0.01,0.01,2337.89248,1776217557000
1776217559.153,59.153,0.3,138.11,0.29,104.62,0.31,28.54,0.32,62.85,0.69,28.54,0.68,62.85,0.7,139.54,0.71,104.62,0.01,0.01,2337.89248,1776217557000
1776217559.396,59.396,0.3,138.11,0.29,104.62,0.31,28.85,0.32,62.85,0.69,22.08,0.68,62.85,0.7,133.11,0.71,104.62,0.01,0.01,2337.876232,1776217558000
1776217560.457,60.457,0.3,138.11,0.29,104.62,0.31,28.85,0.32,62.85,0.69,28.85,0.68,62.85,0.7,138.11,0.71,104.62,0.01,0.01,2337.920033,1776217559000
1776217561.126,61.126,0.3,138.11,0.29,104.62,0.31,28.85,0.32,62.85,0.69,28.85,0.68,62.85,0.7,138.11,0.71,104.62,0.01,0.01,2337.988852,1776217560000
1776217561.552,61.552,0.3,122.96,0.29,119.62,0.31,23.85,0.32,36.81,0.69,23.85,0.68,36.81,0.7,132.96,0.71,119.62,0.01,0.01,2337.988852,1776217560000
1776217562.619,62.619,0.3,116.96,0.29,119.62,0.31,23.85,0.32,36.81,0.69,23.85,0.68,36.81,0.7,116.96,0.71,119.62,0.01,0.01,2337.940911,1776217561000
1776217563.131,63.131,0.3,152.96,0.29,59.48,0.31,8.85,0.32,15.0,0.69,23.85,0.68,36.81,0.7,116.96,0.71,119.62,0.01,0.01,2337.940911,1776217561000
1776217563.822,63.822,0.3,152.96,0.29,59.48,0.31,8.85,0.32,15.0,0.69,8.85,0.68,15.0,0.7,152.96,0.71,59.48,0.01,0.01,2337.940912,1776217562000
1776217564.545,64.545,0.3,152.96,0.29,59.48,0.31,8.85,0.32,15.0,0.69,8.85,0.68,15.0,0.7,152.96,0.71,59.48,0.01,0.01,2338.024226,1776217563000
1776217565.217,65.217,0.3,152.96,0.29,59.48,0.31,8.85,0.32,15.0,0.69,8.85,0.68,15.0,0.7,152.96,0.71,59.48,0.01,0.01,2338.054482,1776217564000
1776217565.769,65.769,0.3,119.59,0.29,29.48,0.31,256.25,0.32,20.0,0.69,8.85,0.68,15.0,0.7,152.96,0.71,59.48,0.01,0.01,2338.054482,1776217564000
1776217566.727,66.727,0.3,119.59,0.29,29.48,0.31,256.25,0.32,20.0,0.69,256.25,0.68,20.0,0.7,119.59,0.71,29.48,0.01,0.01,2338.025579,1776217565000
1776217567.393,67.393,0.3,113.16,0.29,29.48,0.31,261.25,0.32,20.0,0.69,261.25,0.68,20.0,0.7,113.16,0.71,29.48,0.01,0.01,2337.990592,1776217566000
1776217567.929,67.929,0.3,116.16,0.29,29.48,0.31,261.25,0.32,20.0,0.69,261.25,0.68,20.0,0.7,113.16,0.71,29.48,0.01,0.01,2337.990592,1776217566000
1776217569.399,69.399,0.3,116.16,0.29,29.48,0.31,261.25,0.32,20.0,0.69,261.25,0.68,20.0,0.7,116.16,0.71,29.48,0.01,0.01,2337.968333,1776217568000
1776217570.003,70.003,0.3,173.16,0.29,51.98,0.31,166.25,0.34,5.0,0.69,261.25,0.68,20.0,0.7,116.16,0.71,29.48,0.01,0.01,2337.968333,1776217568000
1776217570.968,70.968,0.34,63.48,0.33,42.0,0.36,17.33,0.37,15.0,0.65,15.0,0.64,22.81,0.66,8.65,0.7,193.16,0.02,0.01,2337.969027,1776217569000
1776217571.415,71.415,0.34,63.48,0.33,42.0,0.36,17.33,0.37,15.0,0.64,17.33,0.63,15.0,0.66,63.48,0.67,42.0,0.02,0.02,2337.973924,1776217570000
1776217572.105,72.105,0.34,63.48,0.33,42.0,0.36,17.33,0.37,15.0,0.64,17.33,0.63,15.0,0.66,63.48,0.67,42.0,0.02,0.02,2338.08046,1776217571000
1776217573.426,73.426,0.34,63.48,0.33,42.0,0.36,17.33,0.37,15.0,0.64,17.33,0.63,15.0,0.66,63.48,0.67,42.0,0.02,0.02,2338.177387,1776217572000
1776217574.053,74.053,0.35,10.01,0.34,20.48,0.36,37.33,0.37,20.0,0.64,17.33,0.63,15.0,0.66,63.48,0.67,42.0,0.01,0.02,2338.177387,1776217572000
1776217575.407,75.407,0.35,10.01,0.34,20.48,0.36,37.33,0.37,20.0,0.64,37.33,0.63,20.0,0.65,10.01,0.66,20.48,0.01,0.01,2338.243559,1776217574000
1776217576.033,76.033,0.35,10.01,0.34,20.48,0.36,37.33,0.37,20.0,0.64,37.33,0.63,20.0,0.65,10.01,0.66,20.48,0.01,0.01,2338.244511,1776217575000
1776217577.302,77.302,0.35,10.01,0.34,20.48,0.36,37.33,0.37,20.0,0.64,37.33,0.63,20.0,0.65,10.01,0.66,20.48,0.01,0.01,2338.245235,1776217576000
1776217577.763,77.763,0.35,104.66,0.34,30.48,0.36,2.33,0.4,15.0,0.64,37.33,0.63,20.0,0.65,10.01,0.66,20.48,0.01,0.01,2338.245235,1776217576000
1776217578.594,78.594,0.4,74.0,0.39,56.0,0.41,27.38,0.42,25.0,0.59,9.7,0.58,20.42,0.61,15.0,0.62,10.0,0.01,0.02,2338.245235,1776217576000
1776217579.288,79.288,0.4,49.0,0.39,30.0,0.41,24.69,0.42,25.0,0.59,24.69,0.58,25.0,0.6,49.0,0.61,30.0,0.01,0.01,2338.310449,1776217578000
1776217581.105,81.105,0.4,49.0,0.39,30.0,0.41,24.69,0.42,25.0,0.59,24.69,0.58,25.0,0.6,49.0,0.61,30.0,0.01,0.01,2338.470829,1776217579000
1776217581.635,81.635,0.4,49.0,0.39,30.0,0.41,24.69,0.42,25.0,0.59,24.69,0.58,25.0,0.6,49.0,0.61,30.0,0.01,0.01,2338.509839,1776217580000
1776217582.277,82.277,0.4,49.0,0.39,30.0,0.41,24.69,0.42,25.0,0.59,24.69,0.58,25.0,0.6,49.0,0.61,30.0,0.01,0.01,2338.513413,1776217581000
1776217583.365,83.365,0.4,49.0,0.39,30.0,0.41,24.69,0.42,25.0,0.59,24.69,0.58,25.0,0.6,49.0,0.61,30.0,0.01,0.01,2338.514082,1776217582000
1776217583.911,83.911,0.4,49.0,0.39,30.0,0.41,24.69,0.42,25.0,0.59,24.69,0.58,25.0,0.6,49.0,0.61,30.0,0.01,0.01,2338.514084,1776217583000
1776217585.02,85.02,0.4,49.0,0.39,30.0,0.41,24.69,0.42,25.0,0.59,24.69,0.58,25.0,0.6,49.0,0.61,30.0,0.01,0.01,2338.4948,1776217584000
1776217585.28,85.28,0.4,44.0,0.39,20.0,0.41,23.29,0.42,25.0,0.59,25.9,0.58,25.0,0.6,49.0,0.61,20.0,0.01,0.01,2338.4948,1776217584000
1776217586.076,86.076,0.4,44.0,0.39,20.0,0.41,23.29,0.42,25.0,0.59,23.29,0.58,25.0,0.6,44.0,0.61,20.0,0.01,0.01,2338.509785,1776217585000
1776217587.304,87.304,0.4,44.0,0.39,20.0,0.41,23.29,0.42,25.0,0.59,23.29,0.58,25.0,0.6,44.0,0.61,20.0,0.01,0.01,2338.552016,1776217586000
1776217587.971,87.971,0.4,44.0,0.39,20.0,0.41,23.29,0.42,25.0,0.59,23.29,0.58,25.0,0.6,44.0,0.61,20.0,0.01,0.01,2338.568325,1776217587000
1776217588.472,88.472,0.32,21.8,0.31,5.0,0.33,15.0,0.34,25.0,0.59,23.29,0.58,25.0,0.6,44.0,0.61,20.0,0.01,0.01,2338.568325,1776217587000
1776217588.883,88.883,0.32,26.8,0.31,5.0,0.33,107.96,0.34,25.0,0.67,15.0,0.66,25.0,0.68,21.8,0.69,5.0,0.01,0.01,2338.568325,1776217587000
1776217589.09,89.09,0.32,26.8,0.31,5.0,0.33,107.96,0.34,25.0,0.67,107.96,0.66,25.0,0.68,26.8,0.69,5.0,0.01,0.01,2338.55977,1776217588000
1776217590.179,90.179,0.32,26.8,0.31,5.0,0.33,107.96,0.34,25.0,0.67,107.96,0.66,25.0,0.68,26.8,0.69,5.0,0.01,0.01,2338.39567,1776217589000
1776217591.337,91.337,0.32,26.8,0.31,5.0,0.33,107.96,0.34,25.0,0.67,107.96,0.66,25.0,0.68,26.8,0.69,5.0,0.01,0.01,2338.254254,1776217590000
1776217591.946,91.946,0.31,14.06,0.3,5.03,0.32,15.0,0.33,86.96,0.68,15.0,0.67,86.96,0.69,14.06,0.7,5.03,0.01,0.01,2338.228051,1776217591000
1776217592.628,92.628,0.3,43.42,0.29,16.0,0.31,152.0,0.32,62.0,0.68,15.0,0.67,86.96,0.69,14.06,0.7,5.03,0.01,0.01,2338.228051,1776217591000
1776217593.162,93.162,0.3,43.42,0.29,16.0,0.31,152.0,0.32,62.0,0.69,152.0,0.68,62.0,0.7,43.42,0.71,16.0,0.01,0.01,2338.175692,1776217592000
1776217594.299,94.299,0.28,44.37,0.27,26.0,0.29,122.0,0.3,25.0,0.71,122.0,0.7,25.0,0.72,44.37,0.73,26.0,0.01,0.01,2338.087623,1776217593000
1776217594.597,94.597,0.27,125.34,0.26,101.7,0.29,5.0,0.3,10.0,0.72,90.88,0.71,77.0,0.73,76.34,0.74,83.0,0.02,0.01,2338.087623,1776217593000
1776217594.907,94.907,0.27,125.34,0.26,101.7,0.29,5.0,0.3,10.0,0.71,5.0,0.7,10.0,0.73,125.34,0.74,101.7,0.02,0.02,2338.050645,1776217594000
1776217596.3,96.3,0.27,125.34,0.26,101.7,0.29,5.0,0.3,10.0,0.71,5.0,0.7,10.0,0.73,125.34,0.74,101.7,0.02,0.02,2337.909123,1776217595000
1776217596.592,96.592,0.28,86.34,0.27,61.3,0.29,19.0,0.3,15.0,0.71,5.0,0.7,10.0,0.73,125.34,0.74,101.7,0.01,0.02,2337.909123,1776217595000
1776217598.333,98.333,0.28,86.34,0.27,61.3,0.29,19.0,0.3,15.0,0.71,19.0,0.7,15.0,0.72,86.34,0.73,61.3,0.01,0.01,2338.054817,1776217597000
1776217599.73,99.73,0.28,86.34,0.27,61.3,0.29,19.0,0.3,15.0,0.71,19.0,0.7,15.0,0.72,86.34,0.73,61.3,0.01,0.01,2338.027923,1776217598000
1776217600.329,100.329,0.28,86.34,0.27,61.3,0.29,19.0,0.3,15.0,0.71,19.0,0.7,15.0,0.72,86.34,0.73,61.3,0.01,0.01,2338.0492,1776217599000
1776217601.335,101.335,0.28,86.34,0.27,61.3,0.29,19.0,0.3,15.0,0.71,19.0,0.7,15.0,0.72,86.34,0.73,61.3,0.01,0.01,2338.085037,1776217600000
1776217602.295,102.295,0.28,86.34,0.27,61.3,0.29,19.0,0.3,15.0,0.71,19.0,0.7,15.0,0.72,86.34,0.73,61.3,0.01,0.01,2338.090026,1776217601000
1776217603.3,103.3,0.28,86.34,0.27,61.3,0.29,19.0,0.3,15.0,0.71,19.0,0.7,15.0,0.72,86.34,0.73,61.3,0.01,0.01,2338.088853,1776217602000
1776217604.414,104.414,0.28,86.34,0.27,61.3,0.29,19.0,0.3,15.0,0.71,19.0,0.7,15.0,0.72,86.34,0.73,61.3,0.01,0.01,2338.091629,1776217603000
1776217604.913,104.913,0.28,86.34,0.27,61.3,0.29,19.0,0.3,15.0,0.71,19.0,0.7,15.0,0.72,86.34,0.73,61.3,0.01,0.01,2338.093957,1776217604000
1776217606.013,106.013,0.28,86.34,0.27,61.3,0.29,19.0,0.3,15.0,0.71,19.0,0.7,15.0,0.72,86.34,0.73,61.3,0.01,0.01,2338.100892,1776217605000
1776217607.062,107.062,0.3,51.85,0.29,33.99,0.31,86.61,0.32,20.0,0.71,19.0,0.7,15.0,0.72,86.34,0.73,61.3,0.01,0.01,2338.100892,1776217605000
1776217608.193,108.193,0.3,51.85,0.29,33.99,0.31,86.61,0.32,20.0,0.69,86.61,0.68,20.0,0.7,51.85,0.71,33.99,0.01,0.01,2338.104717,1776217607000
1776217608.704,108.704,0.3,14.0,0.29,21.99,0.31,167.0,0.32,38.9,0.69,86.61,0.68,20.0,0.7,51.85,0.71,33.99,0.01,0.01,2338.104717,1776217607000
1776217610.385,110.385,0.3,14.0,0.29,21.99,0.31,167.0,0.32,38.9,0.69,167.0,0.68,38.9,0.7,14.0,0.71,21.99,0.01,0.01,2338.09432,1776217609000
1776217610.694,110.694,0.27,7.99,0.26,23.0,0.28,152.0,0.29,25.0,0.69,167.0,0.68,38.9,0.7,14.0,0.71,21.99,0.01,0.01,2338.09432,1776217609000
1776217611.007,111.007,0.27,7.99,0.26,23.0,0.28,152.0,0.29,25.0,0.72,152.0,0.71,25.0,0.73,7.99,0.74,23.0,0.01,0.01,2337.933735,1776217610000
1776217611.531,111.531,0.26,17.7,0.25,44.2,0.27,142.0,0.28,62.0,0.72,152.0,0.71,25.0,0.73,26.63,0.74,23.0,0.01,0.01,2337.933735,1776217610000
1776217611.747,111.747,0.26,10.12,0.25,44.2,0.27,147.0,0.28,72.0,0.73,142.0,0.72,62.0,0.74,12.4,0.75,44.2,0.01,0.01,2337.933735,1776217610000
1776217612.149,112.149,0.26,10.12,0.25,44.2,0.27,147.0,0.28,72.0,0.73,147.0,0.72,72.0,0.74,10.12,0.75,44.2,0.01,0.01,2337.908193,1776217611000
1776217613.219,113.219,0.26,10.12,0.25,44.2,0.27,147.0,0.28,72.0,0.73,147.0,0.72,72.0,0.74,10.12,0.75,44.2,0.01,0.01,2337.873457,1776217612000
1776217614.316,114.316,0.26,10.12,0.25,44.2,0.27,147.0,0.28,72.0,0.73,147.0,0.72,72.0,0.74,10.12,0.75,44.2,0.01,0.01,2337.865375,1776217613000
1776217614.969,114.969,0.26,10.12,0.25,44.2,0.27,147.0,0.28,72.0,0.73,147.0,0.72,72.0,0.74,10.12,0.75,44.2,0.01,0.01,2337.902604,1776217614000
1776217615.631,115.631,0.25,13.99,0.24,21.0,0.26,152.0,0.27,62.0,0.73,147.0,0.72,72.0,0.74,10.12,0.75,44.2,0.01,0.01,2337.902604,1776217614000
1776217616.108,116.108,0.25,13.99,0.24,21.0,0.26,152.0,0.27,62.0,0.74,152.0,0.73,62.0,0.75,13.99,0.76,21.0,0.01,0.01,2337.89579,1776217615000
1776217617.189,117.189,0.25,13.99,0.24,21.0,0.26,152.0,0.27,62.0,0.74,152.0,0.73,62.0,0.75,13.99,0.76,21.0,0.01,0.01,2337.812174,1776217616000
1776217617.83,117.83,0.18,47.4,0.17,30.5,0.2,6.25,0.24,25.0,0.74,152.0,0.73,62.0,0.75,13.99,0.76,21.0,0.02,0.01,2337.812174,1776217616000
1776217618.184,118.184,0.18,61.69,0.17,30.5,0.19,77.0,0.2,15.0,0.8,5.0,0.79,6.32,0.82,57.3,0.83,30.5,0.01,0.02,2337.812174,1776217616000
1776217618.398,118.398,0.18,52.69,0.17,30.5,0.19,19.1,0.2,15.0,0.81,19.1,0.8,15.0,0.82,52.69,0.83,30.5,0.01,0.01,2337.75349,1776217617000
1776217618.601,118.601,0.18,65.69,0.17,40.5,0.19,19.1,0.2,15.0,0.81,19.1,0.8,15.0,0.82,52.69,0.83,30.5,0.01,0.01,2337.75349,1776217617000
1776217618.927,118.927,0.18,174.04,0.17,69.5,0.19,14.1,0.2,15.0,0.81,19.1,0.8,15.0,0.82,65.69,0.83,40.5,0.01,0.01,2337.75349,1776217617000
1776217619.174,119.174,0.18,105.6,0.17,69.5,0.19,24.1,0.2,39.9,0.81,14.1,0.8,15.0,0.82,123.68,0.83,69.5,0.01,0.01,2337.726548,1776217618000
1776217619.542,119.542,0.18,37.74,0.17,84.5,0.19,29.1,0.2,39.9,0.81,24.1,0.8,39.9,0.82,105.6,0.83,69.5,0.01,0.01,2337.726548,1776217618000
1776217620.244,120.244,0.18,37.74,0.17,79.5,0.19,33.75,0.2,39.9,0.81,33.75,0.8,39.9,0.82,37.74,0.83,79.5,0.01,0.01,2337.478989,1776217619000
1776217620.77,120.77,0.18,15.49,0.17,49.0,0.19,53.75,0.2,15.0,0.81,33.75,0.8,39.9,0.82,37.74,0.83,79.5,0.01,0.01,2337.478989,1776217619000
1776217621.367,121.367,0.18,15.49,0.17,49.0,0.19,53.75,0.2,15.0,0.81,53.75,0.8,15.0,0.82,15.49,0.83,49.0,0.01,0.01,2337.291632,1776217620000
1776217621.833,121.833,0.18,15.49,0.17,49.0,0.19,53.75,0.2,15.0,0.81,53.75,0.8,15.0,0.82,15.49,0.83,49.0,0.01,0.01,2337.288421,1776217621000
1776217622.19,122.19,0.17,8.86,0.16,32.0,0.18,90.0,0.19,28.75,0.81,53.75,0.8,15.0,0.82,15.49,0.83,49.0,0.01,0.01,2337.288421,1776217621000
1776217622.737,122.737,0.15,115.61,0.14,67.9,0.16,107.0,0.17,25.0,0.82,90.0,0.81,28.75,0.83,8.86,0.84,32.0,0.01,0.01,2337.288421,1776217621000
1776217623.151,123.151,0.15,115.61,0.14,76.9,0.16,90.12,0.17,25.0,0.84,107.0,0.83,25.0,0.85,115.61,0.86,67.9,0.01,0.01,2337.288421,1776217621000
1776217624.228,124.228,0.15,109.72,0.14,76.9,0.16,95.12,0.17,20.0,0.84,90.12,0.83,25.0,0.85,115.61,0.86,76.9,0.01,0.01,2337.235991,1776217622000
1776217625.223,125.223,0.15,145.72,0.14,86.9,0.16,85.12,0.17,10.0,0.84,95.12,0.83,20.0,0.85,109.72,0.86,76.9,0.01,0.01,2337.194509,1776217623000
1776217625.482,125.482,0.15,243.72,0.14,77.9,0.17,10.0,0.18,20.0,0.84,85.12,0.83,10.0,0.85,145.72,0.86,86.9,0.02,0.01,2337.164348,1776217624000
1776217626.121,126.121,0.16,190.16,0.15,127.36,0.17,71.11,0.18,25.0,0.83,10.0,0.82,20.0,0.85,243.72,0.86,77.9,0.01,0.02,2337.164348,1776217624000
1776217627.26,127.26,0.16,190.16,0.15,127.36,0.17,71.11,0.18,25.0,0.83,71.11,0.82,25.0,0.84,190.16,0.85,127.36,0.01,0.01,2337.237379,1776217626000
1776217627.559,127.559,0.16,134.96,0.15,87.36,0.17,76.11,0.18,25.0,0.83,71.11,0.82,25.0,0.84,190.16,0.85,127.36,0.01,0.01,2337.237379,1776217626000
1776217628.194,128.194,0.16,134.96,0.15,87.36,0.17,76.11,0.18,25.0,0.83,76.11,0.82,25.0,0.84,134.96,0.85,87.36,0.01,0.01,2337.291124,1776217627000
1776217629.223,129.223,0.16,134.96,0.15,87.36,0.17,76.11,0.18,25.0,0.83,76.11,0.82,25.0,0.84,134.96,0.85,87.36,0.01,0.01,2337.255676,1776217628000
1776217629.643,129.643,0.16,123.96,0.15,87.36,0.17,71.11,0.18,25.0,0.83,76.11,0.82,25.0,0.84,134.96,0.85,87.36,0.01,0.01,2337.255676,1776217628000
1776217630.194,130.194,0.16,123.96,0.15,87.36,0.17,71.11,0.18,25.0,0.83,71.11,0.82,25.0,0.84,123.96,0.85,87.36,0.01,0.01,2337.256686,1776217629000
1776217631.278,131.278,0.16,123.96,0.15,87.36,0.17,71.11,0.18,25.0,0.83,71.11,0.82,25.0,0.84,123.96,0.85,87.36,0.01,0.01,2337.254797,1776217630000
1776217632.182,132.182,0.16,123.96,0.15,87.36,0.17,71.11,0.18,25.0,0.83,71.11,0.82,25.0,0.84,123.96,0.85,87.36,0.01,0.01,2337.265277,1776217631000
1776217633.178,133.178,0.16,123.96,0.15,87.36,0.17,71.11,0.18,25.0,0.83,71.11,0.82,25.0,0.84,123.96,0.85,87.36,0.01,0.01,2337.283038,1776217632000
1776217633.874,133.874,0.16,143.55,0.15,60.39,0.17,76.11,0.18,25.0,0.83,71.11,0.82,25.0,0.84,123.96,0.85,87.36,0.01,0.01,2337.283038,1776217632000
1776217634.159,134.159,0.16,143.55,0.15,60.39,0.17,76.11,0.18,25.0,0.83,76.11,0.82,25.0,0.84,143.55,0.85,60.39,0.01,0.01,2337.317588,1776217633000
1776217634.542,134.542,0.16,135.55,0.15,60.39,0.17,46.99,0.18,25.0,0.83,76.11,0.82,25.0,0.84,143.55,0.85,60.39,0.01,0.01,2337.317588,1776217633000
1776217635.055,135.055,0.16,135.55,0.15,60.39,0.17,46.99,0.18,25.0,0.83,46.99,0.82,25.0,0.84,135.55,0.85,60.39,0.01,0.01,2337.284083,1776217634000
1776217636.119,136.119,0.16,135.55,0.15,60.39,0.17,46.99,0.18,25.0,0.83,46.99,0.82,25.0,0.84,135.55,0.85,60.39,0.01,0.01,2337.284035,1776217635000
1776217636.731,136.731,0.16,134.55,0.15,60.39,0.17,5.83,0.18,25.0,0.83,46.99,0.82,25.0,0.84,135.55,0.85,60.39,0.01,0.01,2337.284035,1776217635000
1776217637.026,137.026,0.16,134.55,0.15,60.39,0.17,5.83,0.18,25.0,0.83,5.83,0.82,25.0,0.84,134.55,0.85,60.39,0.01,0.01,2337.313205,1776217636000
1776217638.051,138.051,0.16,134.55,0.15,60.39,0.17,5.83,0.18,25.0,0.83,5.83,0.82,25.0,0.84,134.55,0.85,60.39,0.01,0.01,2337.278561,1776217637000
1776217638.381,138.381,0.16,129.55,0.15,60.39,0.17,4.83,0.18,30.0,0.83,5.83,0.82,25.0,0.84,134.55,0.85,60.39,0.01,0.01,2337.278561,1776217637000
1776217639.532,139.532,0.16,129.55,0.15,60.39,0.17,4.83,0.18,30.0,0.83,4.83,0.82,30.0,0.84,129.55,0.85,60.39,0.01,0.01,2337.27843,1776217638000
1776217640.064,140.064,0.16,129.55,0.15,60.39,0.17,4.83,0.18,30.0,0.83,4.83,0.82,30.0,0.84,129.55,0.85,60.39,0.01,0.01,2337.268189,1776217639000
1776217641.072,141.072,0.16,129.55,0.15,60.39,0.17,4.83,0.18,30.0,0.83,4.83,0.82,30.0,0.84,129.55,0.85,60.39,0.01,0.01,2337.268219,1776217640000
1776217642.64,142.64,0.16,112.29,0.15,77.39,0.17,45.72,0.18,20.0,0.83,45.72,0.82,20.0,0.84,112.29,0.85,77.39,0.01,0.01,2337.268374,1776217641000
1776217643.308,143.308,0.16,112.29,0.15,77.39,0.17,45.72,0.18,20.0,0.83,45.72,0.82,20.0,0.84,112.29,0.85,77.39,0.01,0.01,2337.273758,1776217642000
1776217644.433,144.433,0.16,112.29,0.15,77.39,0.17,45.72,0.18,20.0,0.83,45.72,0.82,20.0,0.84,112.29,0.85,77.39,0.01,0.01,2337.287639,1776217643000
1776217645.022,145.022,0.16,112.29,0.15,77.39,0.17,45.72,0.18,20.0,0.83,45.72,0.82,20.0,0.84,112.29,0.85,77.39,0.01,0.01,2337.288416,1776217644000
1776217645.391,145.391,0.16,45.12,0.15,77.39,0.17,26.97,0.18,20.0,0.83,45.72,0.82,20.0,0.84,112.29,0.85,77.39,0.01,0.01,2337.288416,1776217644000
1776217646.136,146.136,0.16,45.12,0.15,77.39,0.17,26.97,0.18,20.0,0.83,26.97,0.82,20.0,0.84,45.12,0.85,77.39,0.01,0.01,2337.281919,1776217645000
1776217647.356,147.356,0.16,45.12,0.15,77.39,0.17,26.97,0.18,20.0,0.83,26.97,0.82,20.0,0.84,45.12,0.85,77.39,0.01,0.01,2337.284118,1776217646000
1776217648.486,148.486,0.16,45.12,0.15,77.39,0.17,26.97,0.18,20.0,0.83,26.97,0.82,20.0,0.84,45.12,0.85,77.39,0.01,0.01,2337.334958,1776217647000
1776217649.06,149.06,0.16,45.12,0.15,77.39,0.17,26.97,0.18,20.0,0.83,26.97,0.82,20.0,0.84,45.12,0.85,77.39,0.01,0.01,2337.339368,1776217648000
1776217650.19,150.19,0.16,75.12,0.15,60.39,0.17,11.35,0.18,27.0,0.83,26.97,0.82,20.0,0.84,45.12,0.85,77.39,0.01,0.01,2337.339368,1776217648000
1776217650.633,150.633,0.16,75.12,0.15,60.39,0.17,11.35,0.18,27.0,0.83,11.35,0.82,27.0,0.84,75.12,0.85,60.39,0.01,0.01,2337.339654,1776217649000
1776217651.122,151.122,0.16,78.92,0.15,53.73,0.17,16.35,0.18,27.0,0.83,11.35,0.82,27.0,0.84,75.12,0.85,60.39,0.01,0.01,2337.339654,1776217649000
1776217651.575,151.575,0.16,42.61,0.15,53.73,0.17,27.35,0.18,27.0,0.83,16.35,0.82,27.0,0.84,78.92,0.85,53.73,0.01,0.01,2337.339835,1776217650000
1776217651.903,151.903,0.18,11.0,0.16,160.04,0.19,20.0,0.2,10.0,0.83,6.0,0.82,10.0,0.84,156.04,0.85,63.73,0.01,0.01,2337.339835,1776217650000
1776217652.441,152.441,0.2,73.0,0.19,56.0,0.21,1.04,0.22,10.0,0.79,10.0,0.78,10.0,0.81,60.0,0.82,41.0,0.01,0.02,2337.339835,1776217650000
1776217653.027,153.027,0.2,73.0,0.19,56.0,0.21,1.04,0.22,10.0,0.79,1.04,0.78,10.0,0.8,73.0,0.81,56.0,0.01,0.01,2337.367545,1776217652000
1776217653.547,153.547,0.21,42.0,0.2,173.85,0.23,10.0,0.24,10.0,0.79,9.04,0.78,10.0,0.8,121.85,0.81,86.0,0.02,0.01,2337.367545,1776217652000
1776217654.13,154.13,0.22,15.0,0.21,62.0,0.25,10.0,0.26,10.0,0.75,10.0,0.74,10.0,0.78,15.0,0.79,62.0,0.03,0.03,2337.433877,1776217653000
1776217655.177,155.177,0.24,39.79,0.23,25.0,0.25,10.0,0.26,15.0,0.75,10.0,0.74,15.0,0.76,39.79,0.77,25.0,0.01,0.01,2337.813857,1776217654000
1776217655.579,155.579,0.24,21.63,0.23,26.0,0.25,10.0,0.26,15.0,0.75,10.0,0.74,15.0,0.76,39.79,0.77,25.0,0.01,0.01,2337.813857,1776217654000
1776217655.845,155.845,0.24,1.63,0.23,26.0,0.25,15.0,0.26,20.0,0.75,10.0,0.74,15.0,0.76,21.63,0.77,26.0,0.01,0.01,2337.813857,1776217654000
1776217656.189,156.189,0.23,44.48,0.22,44.1,0.24,10.0,0.25,15.0,0.76,10.0,0.75,15.0,0.77,44.48,0.78,44.1,0.01,0.01,2338.017507,1776217655000
1776217656.391,156.391,0.23,36.47,0.22,65.1,0.24,10.0,0.25,15.0,0.76,10.0,0.75,15.0,0.77,44.48,0.78,44.1,0.01,0.01,2338.017507,1776217655000
1776217657.188,157.188,0.23,36.47,0.22,65.1,0.24,10.0,0.25,15.0,0.76,10.0,0.75,15.0,0.77,36.47,0.78,65.1,0.01,0.01,2338.026738,1776217656000
1776217658.252,158.252,0.23,36.47,0.22,65.1,0.24,10.0,0.25,15.0,0.76,10.0,0.75,15.0,0.77,36.47,0.78,65.1,0.01,0.01,2338.020893,1776217657000
1776217659.076,159.076,0.23,30.26,0.22,65.1,0.24,10.0,0.25,15.0,0.76,10.0,0.75,15.0,0.77,36.47,0.78,65.1,0.01,0.01,2338.020893,1776217657000
1776217659.321,159.321,0.23,25.26,0.22,55.1,0.24,5.54,0.25,15.0,0.76,10.0,0.75,15.0,0.77,30.26,0.78,65.1,0.01,0.01,2338.047756,1776217658000
1776217660.27,160.27,0.23,25.26,0.22,55.1,0.24,5.54,0.25,15.0,0.76,5.54,0.75,15.0,0.77,25.26,0.78,55.1,0.01,0.01,2338.047761,1776217659000
1776217661.305,161.305,0.24,20.92,0.23,51.56,0.26,20.0,0.27,15.0,0.76,5.54,0.75,15.0,0.77,25.26,0.78,55.1,0.02,0.01,2338.047761,1776217659000
1776217661.813,161.813,0.24,29.0,0.23,51.56,0.25,14.96,0.26,16.15,0.74,16.15,0.73,15.0,0.76,20.92,0.77,51.56,0.01,0.02,2338.049471,1776217660000
1776217662.256,162.256,0.24,29.0,0.23,51.56,0.25,14.96,0.26,16.15,0.75,14.96,0.74,16.15,0.76,29.0,0.77,51.56,0.01,0.01,2338.049471,1776217661000
1776217663.036,163.036,0.24,29.0,0.23,51.56,0.25,14.96,0.26,16.15,0.75,14.96,0.74,16.15,0.76,29.0,0.77,51.56,0.01,0.01,2338.02318,1776217662000
1776217664.206,164.206,0.24,29.0,0.23,51.56,0.25,14.96,0.26,16.15,0.75,14.96,0.74,16.15,0.76,29.0,0.77,51.56,0.01,0.01,2338.021009,1776217663000
1776217664.74,164.74,0.24,29.0,0.23,31.26,0.26,5.35,0.27,10.0,0.75,14.96,0.74,16.15,0.76,29.0,0.77,51.56,0.02,0.01,2338.021009,1776217663000
1776217665.281,165.281,0.24,29.0,0.23,31.26,0.26,5.35,0.27,10.0,0.74,5.35,0.73,10.0,0.76,29.0,0.77,31.26,0.02,0.02,2338.090188,1776217664000
1776217665.648,165.648,0.25,10.0,0.24,59.0,0.26,0.35,0.27,15.0,0.74,5.35,0.73,10.0,0.76,29.0,0.77,31.26,0.01,0.02,2338.090188,1776217664000
1776217666.362,166.362,0.25,10.0,0.24,59.0,0.26,6.15,0.27,15.0,0.74,6.15,0.73,15.0,0.75,10.0,0.76,59.0,0.01,0.01,2338.08748,1776217665000
1776217666.879,166.879,0.25,10.0,0.24,59.0,0.26,6.15,0.27,15.0,0.74,6.15,0.73,15.0,0.75,10.0,0.76,59.0,0.01,0.01,2338.085029,1776217666000
1776217668.522,168.522,0.26,5.0,0.25,10.0,0.27,25.0,0.28,65.57,0.73,25.0,0.72,65.57,0.74,5.0,0.75,10.0,0.01,0.01,2338.094204,1776217667000
1776217669.071,169.071,0.24,17.86,0.23,26.26,0.25,40.0,0.26,23.0,0.75,40.0,0.74,23.0,0.76,17.86,0.77,26.26,0.01,0.01,2338.042494,1776217668000
1776217670.142,170.142,0.24,17.86,0.23,26.26,0.25,40.0,0.26,23.0,0.75,40.0,0.74,23.0,0.76,17.86,0.77,26.26,0.01,0.01,2338.040188,1776217669000
1776217670.894,170.894,0.24,18.68,0.23,26.26,0.25,65.0,0.26,23.0,0.75,40.0,0.74,23.0,0.76,17.86,0.77,26.26,0.01,0.01,2338.040188,1776217669000
1776217671.21,171.21,0.24,18.68,0.23,26.26,0.25,65.0,0.26,23.0,0.75,65.0,0.74,23.0,0.76,18.68,0.77,26.26,0.01,0.01,2338.058226,1776217670000
1776217671.877,171.877,0.23,45.89,0.22,58.0,0.25,10.0,0.26,18.0,0.75,65.0,0.74,23.0,0.76,18.68,0.77,26.26,0.02,0.01,2338.058226,1776217670000
1776217672.307,172.307,0.23,45.89,0.22,58.0,0.25,10.0,0.26,18.0,0.75,10.0,0.74,18.0,0.77,45.89,0.78,58.0,0.02,0.02,2338.073971,1776217671000
1776217673.33,173.33,0.23,45.89,0.22,58.0,0.25,10.0,0.26,18.0,0.75,10.0,0.74,18.0,0.77,45.89,0.78,58.0,0.02,0.02,2338.028398,1776217672000
1776217674.381,174.381,0.23,45.89,0.22,58.0,0.25,10.0,0.26,18.0,0.75,10.0,0.74,18.0,0.77,45.89,0.78,58.0,0.02,0.02,2338.059048,1776217673000
1776217674.916,174.916,0.23,45.89,0.22,58.0,0.25,10.0,0.26,18.0,0.75,10.0,0.74,18.0,0.77,45.89,0.78,58.0,0.02,0.02,2338.059176,1776217674000
1776217675.151,175.151,0.23,9.89,0.22,27.0,0.24,35.0,0.25,10.0,0.75,10.0,0.74,18.0,0.77,45.89,0.78,58.0,0.01,0.02,2338.059176,1776217674000
1776217676.028,176.028,0.23,9.89,0.22,27.0,0.24,35.0,0.25,10.0,0.76,35.0,0.75,10.0,0.77,9.89,0.78,27.0,0.01,0.01,2338.060779,1776217675000
1776217676.311,176.311,0.23,11.5,0.22,37.0,0.24,45.0,0.25,15.0,0.76,35.0,0.75,10.0,0.77,9.89,0.78,27.0,0.01,0.01,2338.060779,1776217675000
1776217676.614,176.614,0.23,10.2,0.22,37.0,0.24,20.0,0.25,15.0,0.76,45.0,0.75,15.0,0.77,11.5,0.78,37.0,0.01,0.01,2338.060779,1776217675000
1776217677.115,177.115,0.23,10.2,0.22,37.0,0.24,20.0,0.25,15.0,0.76,20.0,0.75,15.0,0.77,10.2,0.78,37.0,0.01,0.01,2338.037627,1776217676000
1776217678.181,178.181,0.23,8.9,0.22,37.0,0.24,40.0,0.25,15.0,0.76,40.0,0.75,15.0,0.77,8.9,0.78,37.0,0.01,0.01,2338.036877,1776217677000
1776217678.478,178.478,0.22,28.88,0.21,79.0,0.23,40.0,0.24,20.0,0.77,35.0,0.76,15.0,0.78,31.64,0.79,79.0,0.01,0.01,2338.036877,1776217677000
1776217678.966,178.966,0.22,24.74,0.21,79.0,0.23,35.0,0.24,20.0,0.77,35.0,0.76,20.0,0.78,27.5,0.79,79.0,0.01,0.01,2338.036877,1776217677000
1776217679.373,179.373,0.22,24.74,0.21,79.0,0.23,35.0,0.24,20.0,0.77,35.0,0.76,20.0,0.78,24.74,0.79,79.0,0.01,0.01,2338.037417,1776217678000
1776217680.338,180.338,0.22,24.74,0.21,79.0,0.23,35.0,0.24,20.0,0.77,35.0,0.76,20.0,0.78,24.74,0.79,79.0,0.01,0.01,2338.042084,1776217679000
1776217680.84,180.84,0.22,24.74,0.21,79.0,0.23,35.0,0.24,20.0,0.77,35.0,0.76,20.0,0.78,24.74,0.79,79.0,0.01,0.01,2338.042084,1776217680000
1776217681.666,181.666,0.22,19.69,0.21,80.0,0.23,10.0,0.24,15.0,0.77,35.0,0.76,20.0,0.78,24.74,0.79,79.0,0.01,0.01,2338.042084,1776217680000
1776217682.501,182.501,0.22,19.69,0.21,80.0,0.23,10.0,0.24,15.0,0.77,10.0,0.76,15.0,0.78,19.69,0.79,80.0,0.01,0.01,2338.073292,1776217681000
1776217683.135,183.135,0.22,19.69,0.21,80.0,0.23,10.0,0.24,15.0,0.77,10.0,0.76,15.0,0.78,19.69,0.79,80.0,0.01,0.01,2338.102077,1776217682000
1776217684.313,184.313,0.22,19.69,0.21,80.0,0.23,10.0,0.24,15.0,0.77,10.0,0.76,15.0,0.78,19.69,0.79,80.0,0.01,0.01,2338.0835,1776217683000
1776217685.454,185.454,0.22,19.69,0.21,80.0,0.23,10.0,0.24,15.0,0.77,10.0,0.76,15.0,0.78,19.69,0.79,80.0,0.01,0.01,2338.083786,1776217684000
1776217685.779,185.779,0.21,28.64,0.2,39.0,0.22,40.0,0.23,15.0,0.77,10.0,0.76,15.0,0.78,19.69,0.79,80.0,0.01,0.01,2338.083786,1776217684000
1776217685.997,185.997,0.21,33.59,0.2,49.0,0.22,35.0,0.23,15.0,0.78,35.0,0.77,15.0,0.79,33.59,0.8,49.0,0.01,0.01,2338.083705,1776217685000
1776217686.768,186.768,0.21,19.59,0.2,63.0,0.22,19.0,0.23,10.0,0.78,35.0,0.77,15.0,0.79,33.59,0.8,49.0,0.01,0.01,2338.083705,1776217685000
1776217687.25,187.25,0.21,19.59,0.2,63.0,0.22,19.0,0.23,10.0,0.78,19.0,0.77,10.0,0.79,19.59,0.8,63.0,0.01,0.01,2338.07363,1776217686000
1776217687.49,187.49,0.29,15.0,0.28,48.0,0.3,65.46,0.31,10.0,0.7,65.56,0.69,10.0,0.71,15.0,0.72,53.0,0.01,0.01,2338.07363,1776217686000
1776217687.771,187.771,0.29,45.88,0.28,38.0,0.3,70.46,0.31,10.0,0.7,65.46,0.69,10.0,0.71,15.0,0.72,48.0,0.01,0.01,2338.07363,1776217686000
1776217688.489,188.489,0.29,45.88,0.28,38.0,0.3,70.46,0.31,10.0,0.7,70.46,0.69,10.0,0.71,45.88,0.72,38.0,0.01,0.01,2338.071749,1776217687000
1776217689.098,189.098,0.29,45.88,0.28,38.0,0.3,70.46,0.31,10.0,0.7,70.46,0.69,10.0,0.71,45.88,0.72,38.0,0.01,0.01,2338.12689,1776217688000
1776217689.716,189.716,0.29,49.88,0.28,38.0,0.3,72.12,0.31,10.0,0.7,70.46,0.69,10.0,0.71,45.88,0.72,38.0,0.01,0.01,2338.12689,1776217688000
1776217690.407,190.407,0.29,49.88,0.28,38.0,0.3,72.12,0.31,10.0,0.7,72.12,0.69,10.0,0.71,49.88,0.72,38.0,0.01,0.01,2338.435071,1776217689000
1776217691.041,191.041,0.29,49.88,0.28,38.0,0.3,72.12,0.31,10.0,0.7,72.12,0.69,10.0,0.71,49.88,0.72,38.0,0.01,0.01,2338.463941,1776217690000
1776217691.597,191.597,0.29,54.88,0.28,38.0,0.3,60.12,0.31,20.0,0.7,72.12,0.69,10.0,0.71,49.88,0.72,38.0,0.01,0.01,2338.463941,1776217690000
1776217692.084,192.084,0.29,53.88,0.28,38.0,0.3,43.12,0.31,10.0,0.7,48.12,0.69,20.0,0.71,59.88,0.72,38.0,0.01,0.01,2338.463941,1776217690000
1776217692.468,192.468,0.29,172.88,0.28,57.0,0.3,11.12,0.32,43.4,0.7,43.12,0.69,10.0,0.71,53.88,0.72,38.0,0.01,0.01,2338.466695,1776217691000
1776217692.914,192.914,0.43,20.0,0.42,15.0,0.45,10.0,0.46,82.69,0.59,6.0,0.58,5.0,0.69,153.98,0.7,20.0,0.02,0.1,2338.466695,1776217691000
1776217693.141,193.141,0.44,20.0,0.43,20.0,0.45,11.0,0.46,82.69,0.55,10.0,0.54,82.69,0.57,20.0,0.58,15.0,0.01,0.02,2338.466695,1776217691000
1776217693.401,193.401,0.46,10.0,0.45,10.0,0.47,30.0,0.48,5.0,0.53,29.0,0.52,5.0,0.55,10.0,0.56,15.0,0.01,0.02,2338.477383,1776217692000
1776217693.788,193.788,0.45,14.16,0.44,15.0,0.47,35.0,0.48,5.0,0.53,30.0,0.52,5.0,0.54,2.3,0.55,15.0,0.02,0.01,2338.477383,1776217692000
1776217694.146,194.146,0.45,9.96,0.44,15.0,0.46,14.83,0.47,34.0,0.54,4.83,0.53,29.0,0.55,14.16,0.56,15.0,0.01,0.01,2338.487208,1776217693000
1776217695.048,195.048,0.45,14.96,0.44,15.0,0.46,11.43,0.47,34.0,0.54,11.43,0.53,34.0,0.55,14.96,0.56,15.0,0.01,0.01,2338.966174,1776217694000
1776217696.248,196.248,0.45,4.59,0.44,15.0,0.46,0.19,0.47,29.0,0.54,0.19,0.53,29.0,0.55,4.59,0.56,15.0,0.01,0.01,2339.02423,1776217695000
1776217696.734,196.734,0.46,40.62,0.45,4.59,0.49,82.69,0.5,44.8,0.52,79.31,0.51,5.0,0.54,29.62,0.55,4.59,0.03,0.02,2339.02423,1776217695000
1776217697.446,197.446,0.46,40.62,0.45,4.59,0.49,82.69,0.5,44.8,0.51,82.69,0.5,44.8,0.54,40.62,0.55,4.59,0.03,0.03,2339.028907,1776217696000
1776217698.375,198.375,0.46,40.62,0.45,4.59,0.49,82.69,0.5,44.8,0.51,82.69,0.5,44.8,0.54,40.62,0.55,4.59,0.03,0.03,2339.099276,1776217697000
1776217699.341,199.341,0.48,57.0,0.47,15.0,0.5,43.26,0.51,5.0,0.5,43.26,0.49,5.0,0.52,57.0,0.53,15.0,0.02,0.02,2339.099276,1776217698000
1776217700.092,200.092,0.48,57.0,0.47,15.0,0.5,43.26,0.51,5.0,0.5,43.26,0.49,5.0,0.52,57.0,0.53,15.0,0.02,0.02,2339.101475,1776217699000
1776217700.328,200.328,0.49,36.09,0.48,25.0,0.5,14.01,0.52,6.0,0.5,14.01,0.48,6.0,0.51,106.0,0.52,25.0,0.01,0.01,2339.101475,1776217699000
1776217701.614,201.614,0.49,31.09,0.48,25.0,0.5,14.01,0.52,6.0,0.5,14.01,0.48,6.0,0.51,31.09,0.52,25.0,0.01,0.01,2339.072576,1776217700000
1776217701.949,201.949,0.49,70.0,0.48,15.0,0.55,5.0,0.56,50.0,0.5,14.01,0.48,6.0,0.51,31.09,0.52,25.0,0.06,0.01,2339.072576,1776217700000
1776217702.202,202.202,0.5,10.0,0.49,109.0,0.59,50.16,0.61,50.0,0.45,5.0,0.44,50.0,0.51,70.0,0.52,15.0,0.09,0.06,2339.072576,1776217700000
1776217702.93,202.93,0.55,4.35,0.54,10.0,0.61,61.0,0.63,41.19,0.41,50.16,0.39,50.0,0.5,10.0,0.51,109.0,0.06,0.09,2339.157914,1776217701000
1776217703.406,203.406,0.62,6.05,0.61,10.0,0.63,36.19,0.64,77.49,0.39,61.0,0.37,41.19,0.45,4.35,0.46,10.0,0.01,0.06,2339.157914,1776217701000
1776217703.645,203.645,0.62,6.05,0.61,10.0,0.63,36.19,0.64,77.49,0.37,36.19,0.36,77.49,0.38,6.05,0.39,10.0,0.01,0.01,2339.214191,1776217702000
1776217703.879,203.879,0.6,10.0,0.59,5.0,0.61,44.53,0.63,36.19,0.37,36.19,0.36,77.49,0.38,6.05,0.39,10.0,0.01,0.01,2339.214191,1776217702000
1776217704.274,204.274,0.6,10.0,0.59,5.0,0.61,44.53,0.63,36.19,0.39,44.53,0.37,36.19,0.4,10.0,0.41,5.0,0.01,0.01,2339.446812,1776217703000
1776217704.605,204.605,0.54,2.24,0.52,10.0,0.58,70.0,0.59,70.0,0.39,44.53,0.37,36.19,0.4,10.0,0.41,5.0,0.04,0.01,2339.446812,1776217703000
1776217705.089,205.089,0.5,5.54,0.49,10.0,0.55,10.0,0.56,10.0,0.42,70.0,0.41,70.0,0.46,2.24,0.48,10.0,0.05,0.04,2339.446812,1776217703000
1776217705.5,205.5,0.51,10.0,0.5,11.54,0.55,1.02,0.56,10.0,0.45,10.0,0.44,10.0,0.5,5.54,0.51,10.0,0.04,0.05,2339.446812,1776217703000
1776217706.272,206.272,0.53,15.0,0.52,10.0,0.56,6.98,0.57,10.0,0.44,6.98,0.43,10.0,0.47,15.0,0.48,10.0,0.03,0.03,2339.438575,1776217705000
1776217707.081,207.081,0.54,25.0,0.53,15.0,0.55,9.9,0.56,6.98,0.45,9.9,0.44,6.98,0.46,25.0,0.47,15.0,0.01,0.01,2339.354272,1776217706000
1776217707.441,207.441,0.49,5.21,0.48,10.0,0.5,9.0,0.51,20.0,0.45,9.9,0.44,6.98,0.46,25.0,0.47,15.0,0.01,0.01,2339.354272,1776217706000
1776217708.322,208.322,0.48,10.0,0.47,10.0,0.52,8.0,0.53,17.0,0.48,8.0,0.47,17.0,0.52,10.0,0.53,10.0,0.04,0.04,2339.318235,1776217707000
1776217708.973,208.973,0.5,6.01,0.49,15.0,0.52,66.0,0.53,119.49,0.48,8.0,0.47,17.0,0.52,10.0,0.53,10.0,0.02,0.04,2339.318235,1776217707000
1776217709.317,209.317,0.51,4.89,0.5,6.01,0.52,52.0,0.53,104.49,0.48,74.35,0.47,119.49,0.49,10.0,0.5,6.01,0.01,0.01,2339.318047,1776217708000
1776217710.066,210.066,0.51,2.23,0.5,23.01,0.52,47.0,0.53,17.0,0.48,52.0,0.47,104.49,0.49,4.89,0.5,6.01,0.01,0.01,2339.318047,1776217708000
1776217710.446,210.446,0.51,2.23,0.5,23.01,0.52,47.0,0.53,17.0,0.48,47.0,0.47,17.0,0.49,2.23,0.5,23.01,0.01,0.01,2339.169492,1776217709000
1776217711.023,211.023,0.51,2.23,0.5,23.01,0.52,47.0,0.53,17.0,0.48,47.0,0.47,17.0,0.49,2.23,0.5,23.01,0.01,0.01,2339.181037,1776217710000
1776217711.439,211.439,0.51,0.18,0.5,11.01,0.52,124.49,0.53,32.0,0.48,47.0,0.47,17.0,0.49,2.23,0.5,23.01,0.01,0.01,2339.181037,1776217710000
1776217712.586,212.586,0.51,0.18,0.5,11.01,0.52,44.94,0.53,17.0,0.48,124.49,0.47,32.0,0.49,0.18,0.5,11.01,0.01,0.01,2339.181037,1776217710000
1776217713.167,213.167,0.51,15.18,0.5,30.01,0.52,29.4,0.53,94.49,0.48,42.88,0.47,17.0,0.49,0.18,0.5,11.01,0.01,0.01,2339.18561,1776217711000
1776217714.186,214.186,0.5,6.18,0.49,15.0,0.52,42.9,0.53,137.99,0.48,34.4,0.47,17.0,0.49,13.87,0.5,31.01,0.02,0.01,2339.187056,1776217712000
1776217714.661,214.661,0.5,6.18,0.49,15.0,0.52,42.9,0.53,137.99,0.48,42.9,0.47,137.99,0.5,6.18,0.51,15.0,0.02,0.02,2339.186439,1776217713000
1776217715.608,215.608,0.5,6.18,0.49,15.0,0.52,42.9,0.53,137.99,0.48,42.9,0.47,137.99,0.5,6.18,0.51,15.0,0.02,0.02,2339.186368,1776217714000
1776217716.195,216.195,0.5,6.18,0.49,15.0,0.52,42.9,0.53,137.99,0.48,42.9,0.47,137.99,0.5,6.18,0.51,15.0,0.02,0.02,2339.185699,1776217715000
1776217717.288,217.288,0.45,30.0,0.44,17.0,0.48,144.99,0.49,28.0,0.48,42.9,0.47,137.99,0.5,6.18,0.51,15.0,0.03,0.02,2339.185699,1776217715000
1776217718.282,218.282,0.44,26.81,0.43,20.0,0.45,18.55,0.46,92.99,0.54,5.0,0.53,20.5,0.56,16.81,0.57,10.0,0.01,0.02,2339.183449,1776217716000
1776217718.602,218.602,0.44,26.81,0.43,20.0,0.45,18.55,0.46,92.99,0.55,18.55,0.54,92.99,0.56,26.81,0.57,20.0,0.01,0.01,2339.181324,1776217717000
1776217719.226,219.226,0.44,26.81,0.43,20.0,0.45,18.55,0.46,92.99,0.55,18.55,0.54,92.99,0.56,26.81,0.57,20.0,0.01,0.01,2339.125365,1776217718000
1776217720.02,220.02,0.43,5.0,0.41,5.0,0.45,54.55,0.46,92.49,0.55,18.55,0.54,92.99,0.56,26.81,0.57,20.0,0.02,0.01,2339.125365,1776217718000
1776217720.375,220.375,0.43,5.0,0.41,5.0,0.45,54.55,0.46,92.49,0.55,54.55,0.54,92.49,0.57,5.0,0.59,5.0,0.02,0.02,2339.063803,1776217719000
1776217721.085,221.085,0.38,1.05,0.37,10.0,0.39,18.0,0.4,10.0,0.57,56.0,0.56,23.0,0.62,5.0,0.63,5.0,0.01,0.05,2339.063803,1776217719000
1776217721.349,221.349,0.38,1.05,0.37,10.0,0.39,18.0,0.4,10.0,0.61,18.0,0.6,10.0,0.62,1.05,0.63,10.0,0.01,0.01,2339.063746,1776217720000
1776217721.797,221.797,0.37,10.0,0.36,62.0,0.38,8.35,0.39,23.0,0.61,18.0,0.6,10.0,0.62,1.05,0.63,10.0,0.01,0.01,2339.063746,1776217720000
1776217723.285,223.285,0.37,20.0,0.36,68.0,0.38,13.35,0.39,23.0,0.62,8.35,0.61,23.0,0.63,10.0,0.64,62.0,0.01,0.01,2339.040198,1776217721000
1776217724.185,224.185,0.37,20.0,0.36,68.0,0.38,13.35,0.39,23.0,0.62,13.35,0.61,23.0,0.63,20.0,0.64,68.0,0.01,0.01,2338.985086,1776217723000
1776217725.558,225.558,0.37,20.0,0.36,68.0,0.38,13.35,0.39,23.0,0.62,13.35,0.61,23.0,0.63,20.0,0.64,68.0,0.01,0.01,2338.985216,1776217724000
1776217726.157,226.157,0.38,13.35,0.37,10.0,0.39,28.0,0.4,10.0,0.61,28.0,0.6,10.0,0.62,13.35,0.63,10.0,0.01,0.01,2338.908083,1776217725000
1776217727.505,227.505,0.38,13.35,0.37,10.0,0.39,28.0,0.4,10.0,0.61,28.0,0.6,10.0,0.62,13.35,0.63,10.0,0.01,0.01,2338.905784,1776217726000
1776217728.164,228.164,0.48,10.0,0.47,15.0,0.49,61.48,0.5,17.8,0.61,28.0,0.6,10.0,0.62,13.35,0.63,10.0,0.01,0.01,2338.905784,1776217726000
1776217728.884,228.884,0.49,20.0,0.48,25.0,0.54,7.0,0.55,19.5,0.51,61.48,0.5,17.8,0.52,10.0,0.53,15.0,0.05,0.01,2338.906518,1776217727000
1776217729.704,229.704,0.53,25.0,0.52,20.0,0.54,1.7,0.55,5.0,0.46,1.7,0.45,5.0,0.47,25.0,0.48,20.0,0.01,0.01,2338.9191,1776217728000
1776217729.977,229.977,0.53,25.0,0.52,26.0,0.58,5.0,0.59,10.8,0.46,1.7,0.45,5.0,0.47,25.0,0.48,20.0,0.05,0.01,2338.9191,1776217728000
1776217730.46,230.46,0.57,7.67,0.56,10.0,0.58,5.0,0.59,10.8,0.42,5.0,0.41,10.8,0.43,7.67,0.44,10.0,0.01,0.01,2339.055142,1776217729000
1776217731.216,231.216,0.57,7.67,0.56,10.0,0.58,5.0,0.59,10.8,0.42,5.0,0.41,10.8,0.43,7.67,0.44,10.0,0.01,0.01,2339.141851,1776217730000
1776217732.175,232.175,0.57,9.03,0.56,25.0,0.58,79.0,0.59,15.8,0.42,84.0,0.41,15.8,0.43,14.03,0.44,25.0,0.01,0.01,2339.141851,1776217730000
1776217732.946,232.946,0.57,9.03,0.56,25.0,0.58,62.0,0.59,15.8,0.42,62.0,0.41,15.8,0.43,9.03,0.44,25.0,0.01,0.01,2339.296217,1776217731000
1776217733.44,233.44,0.57,9.03,0.56,25.0,0.58,62.0,0.59,15.8,0.42,62.0,0.41,15.8,0.43,9.03,0.44,25.0,0.01,0.01,2339.302148,1776217732000
1776217734.241,234.241,0.57,9.03,0.56,25.0,0.58,62.0,0.59,15.8,0.42,62.0,0.41,15.8,0.43,9.03,0.44,25.0,0.01,0.01,2339.314664,1776217733000
1776217734.73,234.73,0.6,21.0,0.59,20.0,0.63,36.19,0.65,63.99,0.42,58.67,0.41,15.99,0.43,9.03,0.44,25.0,0.03,0.01,2339.314664,1776217733000
1776217735.029,235.029,0.64,25.0,0.63,20.0,0.66,16.0,0.69,17.0,0.35,51.97,0.31,7.0,0.36,10.0,0.37,10.0,0.02,0.01,2339.314664,1776217733000
1776217735.241,235.241,0.65,10.0,0.64,25.0,0.66,15.13,0.67,8.21,0.34,16.0,0.31,17.0,0.36,25.0,0.37,20.0,0.01,0.02,2339.314664,1776217733000
1776217735.563,235.563,0.71,10.0,0.7,15.0,0.72,33.44,0.73,30.0,0.34,0.13,0.33,17.99,0.35,25.0,0.36,25.0,0.01,0.01,2339.310538,1776217734000
1776217735.87,235.87,0.71,19.13,0.7,10.0,0.72,33.44,0.73,30.0,0.28,33.44,0.27,30.0,0.31,9.51,0.32,15.0,0.01,0.03,2339.310538,1776217734000
1776217736.485,236.485,0.72,35.0,0.71,20.0,0.73,97.73,0.74,39.0,0.27,5.16,0.26,28.7,0.29,15.0,0.3,20.0,0.01,0.02,2339.338667,1776217735000
1776217736.742,236.742,0.75,15.0,0.74,15.0,0.76,76.9,0.77,5.0,0.24,55.0,0.23,5.0,0.27,24.0,0.28,35.0,0.01,0.03,2339.338667,1776217735000
1776217736.999,236.999,0.75,5.4,0.74,20.0,0.76,118.09,0.77,28.0,0.24,76.9,0.23,5.0,0.28,24.39,0.29,10.0,0.01,0.04,2339.338667,1776217735000
1776217738.275,238.275,0.74,4.4,0.73,10.0,0.76,128.09,0.77,28.0,0.24,128.09,0.23,28.0,0.26,4.4,0.27,10.0,0.02,0.02,2339.627649,1776217737000
1776217738.918,238.918,0.74,4.4,0.73,10.0,0.76,128.09,0.77,28.0,0.24,128.09,0.23,28.0,0.26,4.4,0.27,10.0,0.02,0.02,2339.71705,1776217738000
1776217739.433,239.433,0.75,7.96,0.74,4.4,0.76,76.7,0.77,28.0,0.24,68.19,0.23,28.0,0.25,7.96,0.26,4.4,0.01,0.01,2339.71705,1776217738000
1776217740.059,240.059,0.74,3.21,0.73,10.0,0.76,76.7,0.77,28.0,0.24,76.7,0.23,28.0,0.26,3.21,0.27,10.0,0.02,0.02,2339.846917,1776217739000
1776217740.859,240.859,0.74,13.21,0.73,10.0,0.75,14.7,0.76,35.0,0.24,76.7,0.23,28.0,0.26,3.21,0.27,10.0,0.01,0.02,2339.846917,1776217739000
1776217741.148,241.148,0.75,41.0,0.74,13.21,0.77,35.29,0.78,5.0,0.25,8.7,0.24,25.0,0.26,18.21,0.27,25.0,0.02,0.01,2339.846917,1776217739000
1776217742.414,242.414,0.76,15.0,0.75,51.0,0.78,2.29,0.79,5.0,0.22,2.29,0.21,5.0,0.24,15.0,0.25,51.0,0.02,0.02,2339.8514,1776217741000
1776217742.991,242.991,0.76,15.0,0.75,51.0,0.78,2.29,0.79,5.0,0.22,2.29,0.21,5.0,0.24,15.0,0.25,51.0,0.02,0.02,2339.874401,1776217742000
1776217743.424,243.424,0.78,10.53,0.77,25.0,0.79,24.0,0.8,5.0,0.22,2.29,0.21,5.0,0.24,15.0,0.25,51.0,0.01,0.02,2339.874401,1776217742000
1776217744.118,244.118,0.78,40.53,0.77,20.0,0.79,23.92,0.8,31.0,0.21,23.92,0.2,31.0,0.22,40.53,0.23,20.0,0.01,0.01,2339.919946,1776217743000
1776217744.939,244.939,0.79,35.0,0.78,45.53,0.8,4.03,0.82,27.0,0.21,16.71,0.2,31.0,0.22,45.53,0.23,20.0,0.01,0.01,2339.919946,1776217743000
1776217745.225,245.225,0.79,9.66,0.78,35.53,0.82,40.69,0.83,45.0,0.18,30.08,0.17,16.0,0.2,0.9,0.21,25.0,0.03,0.02,2339.919946,1776217743000
1776217745.879,245.879,0.78,23.48,0.77,10.0,0.81,14.12,0.82,40.69,0.19,3.76,0.18,40.69,0.2,10.0,0.21,14.66,0.03,0.01,2339.930463,1776217744000
1776217746.409,246.409,0.79,10.0,0.78,23.48,0.82,18.06,0.83,16.0,0.19,22.88,0.18,40.69,0.21,10.0,0.22,23.48,0.03,0.02,2339.933018,1776217745000
1776217746.774,246.774,0.8,83.7,0.79,15.0,0.81,3.82,0.82,46.61,0.18,18.06,0.17,16.0,0.21,10.0,0.22,23.48,0.01,0.03,2339.933018,1776217745000
1776217747.155,247.155,0.8,83.7,0.79,15.0,0.81,3.82,0.82,46.61,0.19,3.82,0.18,46.61,0.2,83.7,0.21,15.0,0.01,0.01,2339.983504,1776217746000
1776217747.813,247.813,0.81,20.0,0.8,98.7,0.82,41.61,0.83,45.0,0.19,3.82,0.18,46.61,0.2,83.7,0.21,15.0,0.01,0.01,2339.983504,1776217746000
1776217748.302,248.302,0.81,25.0,0.8,88.7,0.82,1.34,0.83,39.0,0.18,41.61,0.17,45.0,0.19,20.0,0.2,98.7,0.01,0.01,2339.983504,1776217746000
1776217748.717,248.717,0.81,15.0,0.8,98.7,0.83,40.96,0.84,55.0,0.17,39.0,0.16,25.0,0.19,25.0,0.2,98.7,0.02,0.02,2340.032769,1776217747000
1776217748.919,248.919,0.81,15.0,0.8,98.7,0.83,40.96,0.84,55.0,0.17,40.96,0.16,55.0,0.19,15.0,0.2,98.7,0.02,0.02,2340.034152,1776217748000
1776217749.359,249.359,0.82,15.0,0.81,15.0,0.83,20.01,0.84,55.0,0.17,40.96,0.16,55.0,0.19,15.0,0.2,98.7,0.01,0.02,2340.034152,1776217748000
1776217749.825,249.825,0.82,25.0,0.81,15.0,0.84,55.0,0.85,16.66,0.17,20.01,0.16,55.0,0.18,15.0,0.19,15.0,0.02,0.01,2340.034152,1776217748000
1776217750.346,250.346,0.82,25.0,0.81,15.0,0.84,55.0,0.85,16.66,0.16,55.0,0.15,16.66,0.18,25.0,0.19,15.0,0.02,0.02,2340.002711,1776217749000
1776217750.986,250.986,0.82,20.0,0.81,15.0,0.83,0.97,0.84,46.31,0.17,0.97,0.16,46.31,0.18,20.0,0.19,15.0,0.01,0.01,2340.004527,1776217750000
1776217751.296,251.296,0.82,35.0,0.81,15.0,0.84,49.7,0.85,48.66,0.17,0.97,0.16,46.31,0.18,20.0,0.19,15.0,0.02,0.01,2340.004527,1776217750000
1776217752.226,252.226,0.82,25.0,0.81,15.0,0.84,11.1,0.85,61.66,0.16,48.42,0.15,48.66,0.18,30.0,0.19,15.0,0.02,0.02,2340.004527,1776217750000
1776217752.965,252.965,0.83,25.0,0.82,25.0,0.85,66.27,0.86,95.0,0.16,11.1,0.15,61.66,0.18,25.0,0.19,15.0,0.02,0.02,2340.034016,1776217751000
1776217753.664,253.664,0.83,25.0,0.82,25.0,0.85,66.27,0.86,95.0,0.15,66.27,0.14,95.0,0.17,25.0,0.18,25.0,0.02,0.02,2340.033941,1776217752000
1776217754.503,254.503,0.84,5.0,0.83,20.0,0.85,36.88,0.86,111.0,0.15,36.88,0.14,111.0,0.16,5.0,0.17,20.0,0.01,0.01,2340.037068,1776217753000
1776217754.956,254.956,0.84,10.0,0.83,20.0,0.85,19.99,0.86,111.0,0.15,36.88,0.14,111.0,0.16,5.0,0.17,20.0,0.01,0.01,2340.037068,1776217753000
1776217755.215,255.215,0.84,10.0,0.83,20.0,0.85,19.99,0.86,111.0,0.15,19.99,0.14,111.0,0.16,10.0,0.17,20.0,0.01,0.01,2340.052414,1776217754000
1776217756.53,256.53,0.84,10.0,0.83,20.0,0.85,19.99,0.86,111.0,0.15,19.99,0.14,111.0,0.16,10.0,0.17,20.0,0.01,0.01,2340.055694,1776217755000
1776217756.811,256.811,0.84,20.0,0.83,20.0,0.85,10.66,0.86,60.0,0.15,19.99,0.14,111.0,0.16,10.0,0.17,20.0,0.01,0.01,2340.055694,1776217755000
1776217757.168,257.168,0.85,10.18,0.84,40.0,0.89,59.79,0.9,77.63,0.15,10.66,0.14,60.0,0.16,20.0,0.17,20.0,0.04,0.01,2340.055694,1776217755000
1776217758.151,258.151,0.87,16.36,0.86,41.0,0.88,18.41,0.89,59.79,0.11,59.79,0.1,77.63,0.15,10.18,0.16,40.0,0.01,0.04,2340.057078,1776217756000
1776217758.447,258.447,0.87,16.36,0.86,41.0,0.88,18.41,0.89,59.79,0.12,18.41,0.11,59.79,0.13,16.36,0.14,41.0,0.01,0.01,2340.058593,1776217757000
1776217759.079,259.079,0.88,20.0,0.87,16.36,0.89,33.05,0.9,36.0,0.11,26.69,0.1,36.63,0.12,25.0,0.13,16.36,0.01,0.01,2340.058593,1776217757000
1776217760.483,260.483,0.9,53.0,0.89,41.0,0.91,67.0,0.92,101.0,0.11,23.05,0.1,36.0,0.12,12.5,0.13,16.36,0.01,0.01,2340.06983,1776217758000
1776217760.689,260.689,0.9,58.0,0.89,41.0,0.91,71.39,0.92,101.0,0.09,67.0,0.08,101.0,0.1,53.0,0.11,41.0,0.01,0.01,2340.104681,1776217759000
1776217761.012,261.012,0.9,52.05,0.89,41.0,0.91,71.39,0.92,84.63,0.09,71.39,0.08,101.0,0.1,58.0,0.11,41.0,0.01,0.01,2340.104681,1776217759000
1776217761.952,261.952,0.9,47.05,0.89,41.0,0.91,19.92,0.92,37.0,0.09,71.39,0.08,84.63,0.1,52.05,0.11,41.0,0.01,0.01,2340.140295,1776217760000
1776217762.212,262.212,0.9,47.05,0.89,41.0,0.91,10.62,0.92,37.0,0.09,19.92,0.08,37.0,0.1,47.05,0.11,41.0,0.01,0.01,2340.140295,1776217760000
1776217762.52,262.52,0.9,47.05,0.89,41.0,0.91,10.62,0.92,37.0,0.09,10.62,0.08,37.0,0.1,47.05,0.11,41.0,0.01,0.01,2340.268578,1776217761000
1776217763.23,263.23,0.9,47.05,0.89,41.0,0.91,10.62,0.92,37.0,0.09,10.62,0.08,37.0,0.1,47.05,0.11,41.0,0.01,0.01,2340.311287,1776217762000
1776217764.013,264.013,0.92,20.0,0.91,30.0,0.93,79.75,0.94,136.43,0.07,92.98,0.06,160.8,0.09,30.0,0.1,47.05,0.01,0.02,2340.311287,1776217762000
1776217764.449,264.449,0.92,20.0,0.91,30.0,0.93,79.75,0.94,136.43,0.07,79.75,0.06,136.43,0.08,20.0,0.09,30.0,0.01,0.01,2340.318687,1776217763000
1776217764.714,264.714,0.92,25.0,0.91,35.0,0.93,13.44,0.94,72.63,0.07,79.75,0.06,136.43,0.08,20.0,0.09,30.0,0.01,0.01,2340.318687,1776217763000
1776217765.771,265.771,0.92,25.0,0.91,35.0,0.94,5.07,0.95,235.8,0.06,5.07,0.05,235.8,0.08,25.0,0.09,35.0,0.02,0.02,2340.32326,1776217764000
1776217766.105,266.105,0.92,14.5,0.91,30.0,0.95,201.9,0.96,313.8,0.05,196.9,0.04,313.8,0.06,15.0,0.07,20.0,0.03,0.01,2340.32326,1776217764000
1776217766.316,266.316,0.92,14.5,0.91,30.0,0.95,201.9,0.96,313.8,0.05,201.9,0.04,313.8,0.08,14.5,0.09,30.0,0.03,0.03,2340.323986,1776217765000
1776217767.039,267.039,0.93,15.0,0.92,14.5,0.94,21.83,0.95,121.9,0.05,201.9,0.04,313.8,0.08,14.5,0.09,30.0,0.01,0.03,2340.323986,1776217765000
1776217767.354,267.354,0.93,15.0,0.92,14.5,0.95,121.9,0.96,313.8,0.05,121.9,0.04,313.8,0.07,15.0,0.08,14.5,0.02,0.02,2340.338079,1776217766000
1776217767.814,267.814,0.93,15.0,0.92,19.5,0.95,67.54,0.96,313.8,0.05,67.54,0.04,313.8,0.07,15.0,0.08,19.5,0.02,0.02,2340.338272,1776217767000
1776217768.252,268.252,0.93,20.0,0.92,14.5,0.95,9.47,0.96,272.43,0.05,66.41,0.04,272.43,0.07,15.0,0.08,14.5,0.02,0.02,2340.338272,1776217767000
1776217768.818,268.818,0.91,42.5,0.9,246.99,0.94,5.0,0.95,9.47,0.06,5.0,0.05,9.47,0.09,42.5,0.1,246.99,0.03,0.03,2340.338584,1776217768000
1776217769.891,269.891,0.91,42.5,0.9,246.99,0.94,5.0,0.95,9.47,0.06,5.0,0.05,9.47,0.09,42.5,0.1,246.99,0.03,0.03,2340.340672,1776217769000
1776217770.233,270.233,0.94,20.0,0.93,20.0,0.96,153.43,0.97,512.7,0.05,1.18,0.04,270.42,0.07,25.0,0.08,39.0,0.02,0.02,2340.340672,1776217769000
1776217770.52,270.52,0.94,15.0,0.93,45.0,0.97,497.37,0.98,433.7,0.04,155.82,0.03,512.7,0.06,15.0,0.07,20.0,0.03,0.02,2340.340672,1776217769000
1776217770.866,270.866,0.94,15.0,0.93,45.0,0.97,497.37,0.98,433.7,0.03,497.37,0.02,433.7,0.06,15.0,0.07,45.0,0.03,0.03,2340.340736,1776217770000
1776217771.804,271.804,0.94,16.62,0.93,55.0,0.95,15.0,0.96,120.43,0.03,497.37,0.02,433.7,0.06,15.0,0.07,45.0,0.01,0.03,2340.340736,1776217770000
1776217772.141,272.141,0.95,21.16,0.94,26.62,0.96,112.43,0.97,497.37,0.05,15.0,0.04,120.43,0.06,16.62,0.07,55.0,0.01,0.01,2340.358151,1776217771000
1776217772.341,272.341,0.95,36.16,0.94,35.0,0.96,7.4,0.97,497.37,0.04,112.43,0.03,497.37,0.05,21.16,0.06,26.62,0.01,0.01,2340.358151,1776217771000
1776217772.723,272.723,0.95,41.16,0.94,35.0,0.97,447.0,0.98,734.7,0.04,7.4,0.03,497.37,0.05,36.16,0.06,35.0,0.02,0.01,2340.358151,1776217771000
1776217773.229,273.229,0.95,41.16,0.94,35.0,0.97,447.0,0.98,734.7,0.03,447.0,0.02,734.7,0.05,41.16,0.06,35.0,0.02,0.02,2340.356718,1776217772000
1776217773.686,273.686,0.95,41.16,0.94,35.0,0.97,372.84,0.98,734.7,0.03,440.83,0.02,734.7,0.05,41.16,0.06,35.0,0.02,0.02,2340.356718,1776217772000
1776217773.958,273.958,0.95,46.16,0.94,30.0,0.96,5.0,0.97,360.84,0.03,372.84,0.02,734.7,0.05,41.16,0.06,35.0,0.01,0.02,2340.356718,1776217772000
1776217774.338,274.338,0.95,46.16,0.94,30.0,0.97,345.84,0.98,734.7,0.03,345.84,0.02,734.7,0.05,46.16,0.06,30.0,0.02,0.02,2340.355266,1776217773000
1776217774.892,274.892,0.96,15.0,0.95,41.16,0.97,308.68,0.98,734.7,0.03,345.84,0.02,734.7,0.05,46.16,0.06,30.0,0.01,0.02,2340.355266,1776217773000
1776217775.629,275.629,0.96,15.0,0.95,46.16,0.97,162.94,0.98,551.0,0.03,312.64,0.02,734.7,0.04,15.0,0.05,46.16,0.01,0.01,2340.35682,1776217774000
1776217775.96,275.96,0.96,15.0,0.95,46.16,0.97,148.22,0.98,551.0,0.03,148.22,0.02,551.0,0.04,15.0,0.05,46.16,0.01,0.01,2340.361195,1776217775000
1776217776.833,276.833,0.96,15.0,0.95,46.16,0.97,50.59,0.98,551.0,0.03,148.22,0.02,551.0,0.04,15.0,0.05,46.16,0.01,0.01,2340.361195,1776217775000
1776217777.469,277.469,0.95,26.16,0.94,10.0,0.97,661.19,0.98,674.99,0.03,41.56,0.02,551.0,0.04,15.0,0.05,46.16,0.02,0.01,2340.365849,1776217776000
1776217778.072,278.072,0.9,23.0,0.89,5.0,0.91,50.55,0.92,50.03,0.09,50.55,0.08,50.03,0.1,23.0,0.11,5.0,0.01,0.01,2340.358943,1776217777000
1776217778.288,278.288,0.91,35.0,0.9,35.0,0.92,16.74,0.93,10.0,0.08,19.9,0.07,10.0,0.09,30.0,0.1,35.0,0.01,0.01,2340.358943,1776217777000
1776217778.613,278.613,0.91,45.0,0.9,30.0,0.95,136.61,0.96,466.0,0.08,16.74,0.07,10.0,0.09,35.0,0.1,35.0,0.04,0.01,2340.358943,1776217777000
1776217778.959,278.959,0.89,10.0,0.88,178.48,0.91,10.0,0.92,15.0,0.05,136.61,0.04,466.0,0.09,45.0,0.1,30.0,0.02,0.04,2340.358943,1776217777000
1776217779.284,279.284,0.89,8.0,0.88,10.0,0.9,13.73,0.91,10.0,0.1,8.73,0.09,10.0,0.11,13.0,0.12,10.0,0.01,0.01,2340.358943,1776217777000
1776217779.997,279.997,0.9,30.0,0.89,20.0,0.92,9.02,0.93,10.0,0.1,13.73,0.09,10.0,0.11,8.0,0.12,10.0,0.02,0.01,2340.31553,1776217778000
1776217780.25,280.25,0.9,20.0,0.89,15.0,0.93,15.0,0.94,10.0,0.08,9.02,0.07,10.0,0.1,30.0,0.11,20.0,0.03,0.02,2340.31553,1776217778000
1776217780.919,280.919,0.9,20.0,0.89,15.0,0.93,15.0,0.94,10.0,0.07,15.0,0.06,10.0,0.1,20.0,0.11,15.0,0.03,0.03,2340.061729,1776217780000
1776217781.222,281.222,0.9,8.9,0.89,220.99,0.93,5.0,0.95,54.98,0.07,15.0,0.06,10.0,0.1,20.0,0.11,15.0,0.03,0.03,2340.061729,1776217780000
1776217781.583,281.583,0.88,213.99,0.87,49.0,0.93,50.0,0.94,10.0,0.07,5.0,0.05,54.98,0.1,8.9,0.11,220.99,0.05,0.03,2340.061729,1776217780000
1776217782.053,282.053,0.88,193.99,0.87,49.0,0.93,50.0,0.94,10.0,0.07,50.0,0.06,10.0,0.12,193.99,0.13,49.0,0.05,0.05,2340.05218,1776217781000
1776217782.571,282.571,0.9,10.0,0.89,215.99,0.91,5.0,0.92,44.0,0.07,50.0,0.06,10.0,0.12,193.99,0.13,49.0,0.01,0.05,2340.05218,1776217781000
1776217783.174,283.174,0.9,10.0,0.89,215.99,0.91,5.0,0.92,44.0,0.09,5.0,0.08,44.0,0.1,10.0,0.11,215.99,0.01,0.01,2340.031065,1776217782000
1776217784.33,284.33,0.9,10.0,0.89,215.99,0.91,5.0,0.92,44.0,0.09,5.0,0.08,44.0,0.1,10.0,0.11,215.99,0.01,0.01,2340.010647,1776217783000
1776217784.819,284.819,0.95,20.0,0.94,25.0,0.96,22.12,0.97,66.56,0.09,5.0,0.08,44.0,0.1,10.0,0.11,215.99,0.01,0.01,2340.010647,1776217783000
1776217785.377,285.377,0.95,18.96,0.94,25.0,0.96,35.0,0.97,71.56,0.04,22.12,0.03,66.56,0.05,20.0,0.06,25.0,0.01,0.01,2340.015978,1776217784000
1776217786.014,286.014,0.95,18.96,0.94,25.0,0.96,35.0,0.97,71.56,0.04,35.0,0.03,71.56,0.05,18.96,0.06,25.0,0.01,0.01,2340.073555,1776217785000
1776217786.996,286.996,0.94,22.63,0.93,85.65,0.95,18.94,0.96,55.0,0.03,96.56,0.02,299.14,0.06,2.63,0.07,15.0,0.01,0.03,2340.073555,1776217785000
1776217787.443,287.443,0.94,41.28,0.93,85.65,0.95,18.94,0.96,10.0,0.05,18.94,0.04,55.0,0.06,22.63,0.07,85.65,0.01,0.01,2340.072968,1776217786000
1776217788.17,288.17,0.94,41.28,0.93,85.65,0.95,18.94,0.96,10.0,0.05,18.94,0.04,10.0,0.06,41.28,0.07,85.65,0.01,0.01,2340.045587,1776217787000
1776217788.894,288.894,0.95,19.25,0.94,93.28,0.97,76.56,0.98,210.51,0.05,18.94,0.04,10.0,0.06,41.28,0.07,85.65,0.02,0.01,2340.045587,1776217787000
1776217789.198,289.198,0.95,19.25,0.94,93.28,0.97,76.56,0.98,210.51,0.03,76.56,0.02,210.51,0.05,19.25,0.06,93.28,0.02,0.02,2340.045681,1776217788000
1776217789.722,289.722,0.96,15.0,0.95,63.51,0.97,71.4,0.98,215.51,0.03,76.56,0.02,210.51,0.05,19.25,0.06,93.28,0.01,0.02,2340.045681,1776217788000
1776217790.26,290.26,0.96,18.12,0.95,63.51,0.97,76.4,0.98,215.51,0.03,76.4,0.02,215.51,0.04,18.12,0.05,63.51,0.01,0.01,2340.046335,1776217789000
1776217790.543,290.543,0.96,39.77,0.95,105.85,0.97,41.4,0.98,205.51,0.03,76.4,0.02,215.51,0.04,18.12,0.05,63.51,0.01,0.01,2340.046335,1776217789000
1776217790.807,290.807,0.95,56.91,0.94,54.0,0.97,56.4,0.98,210.51,0.03,41.4,0.02,205.51,0.04,39.77,0.05,105.85,0.02,0.01,2340.046335,1776217789000
1776217791.115,291.115,0.94,25.0,0.93,47.99,0.95,9.0,0.96,9.51,0.04,9.51,0.03,56.4,0.06,25.65,0.07,66.0,0.01,0.02,2340.046335,1776217789000
1776217791.968,291.968,0.94,259.65,0.93,46.65,0.95,4.47,0.96,9.51,0.05,9.0,0.04,9.51,0.06,25.0,0.07,47.99,0.01,0.01,2340.063631,1776217790000
1776217792.426,292.426,0.94,243.44,0.93,46.65,0.95,10.0,0.96,9.51,0.05,10.0,0.04,9.51,0.06,243.44,0.07,46.65,0.01,0.01,2340.059321,1776217791000
1776217792.703,292.703,0.93,17.17,0.92,37.0,0.94,15.0,0.95,15.0,0.06,10.0,0.05,20.0,0.07,20.55,0.08,37.0,0.01,0.01,2340.059321,1776217791000
1776217793.515,293.515,0.93,17.17,0.92,37.0,0.94,15.0,0.95,15.0,0.06,15.0,0.05,15.0,0.07,17.17,0.08,37.0,0.01,0.01,2339.919157,1776217792000
1776217794.062,294.062,0.92,25.52,0.9,10.0,0.94,15.0,0.95,15.0,0.06,15.0,0.05,15.0,0.08,25.52,0.1,10.0,0.02,0.02,2339.911917,1776217793000
1776217795.201,295.201,0.95,5.0,0.94,10.0,0.97,139.4,0.98,205.51,0.06,15.0,0.05,15.0,0.08,25.52,0.1,10.0,0.02,0.02,2339.911917,1776217793000
1776217795.59,295.59,0.96,50.0,0.95,57.99,0.97,37.31,0.98,195.51,0.03,41.4,0.02,329.51,0.07,10.0,0.08,10.0,0.01,0.04,2339.737057,1776217794000
1776217796.201,296.201,0.97,59.65,0.96,48.0,0.98,91.98,0.99,1194.82,0.02,119.69,0.01,1194.82,0.03,49.65,0.04,89.65,0.01,0.01,2339.737057,1776217794000
1776217796.41,296.41,0.97,58.76,0.96,48.0,0.98,8.36,0.99,1094.82,0.02,9.48,0.01,1094.82,0.03,53.76,0.04,48.0,0.01,0.01,2339.698802,1776217795000
1776217796.78,296.78,0.97,213.76,0.96,48.0,0.98,7.33,0.99,1094.82,0.02,8.36,0.01,1094.82,0.03,58.76,0.04,48.0,0.01,0.01,2339.698802,1776217795000
1776217797.082,297.082,0.97,189.91,0.96,48.0,0.98,5.28,0.99,1094.82,0.02,7.33,0.01,1094.82,0.03,158.26,0.04,48.0,0.01,0.01,2339.695431,1776217796000
1776217797.315,297.315,0.97,194.91,0.96,48.0,0.99,1093.98,,,0.02,5.28,0.01,1094.82,0.03,189.91,0.04,48.0,0.02,0.01,2339.695431,1776217796000
1776217797.581,297.581,0.98,339.09,0.97,57.65,0.99,820.12,,,0.01,822.39,,,0.02,339.09,0.03,57.65,0.01,0.01,2339.695431,1776217796000
1776217797.857,297.857,0.98,392.19,0.97,44.0,0.99,755.62,,,0.01,762.62,,,0.02,339.09,0.03,57.65,0.01,0.01,2339.695431,1776217796000
1776217798.128,298.128,0.98,207.85,0.97,44.0,0.99,488.92,,,0.01,516.74,,,0.02,392.19,0.03,44.0,0.01,0.01,2339.776305,1776217797000
1776217798.341,298.341,0.98,212.85,0.97,44.0,0.99,265.99,,,0.01,276.23,,,0.02,212.85,0.03,44.0,0.01,0.01,2339.776305,1776217797000
1776217798.817,298.817,0.99,5699.0,0.98,40.2,,,,,,,,,0.01,75.64,0.02,207.85,,,2339.776305,1776217797000
1776217799.346,299.346,0.99,9433.75,0.98,40.2,,,,,,,,,0.01,9433.75,0.02,40.2,,,2339.798751,1776217798000
1776217799.554,299.554,0.99,10703.86,0.98,45.2,,,,,,,,,0.01,9433.75,0.02,40.2,,,2339.798751,1776217798000
1776217800.376,300.376,0.99,10703.86,0.98,45.2,,,,,,,,,0.01,10703.86,0.02,45.2,,,2339.799267,1776217799000
1776217801.017,301.017,0.99,10703.86,0.98,45.2,,,,,,,,,0.01,10703.86,0.02,45.2,,,2339.835529,1776217800000
1776217802.191,302.191,0.99,10703.86,0.98,45.2,,,,,,,,,0.01,10703.86,0.02,45.2,,,2339.867974,1776217801000

# RESULT,winner=Up,slug=eth-updown-5m-1776217500,ticks=499
