timestamp,elapsed_sec,up_bid_p1,up_bid_s1,up_bid_p2,up_bid_s2,up_ask_p1,up_ask_s1,up_ask_p2,up_ask_s2,down_bid_p1,down_bid_s1,down_bid_p2,down_bid_s2,down_ask_p1,down_ask_s1,down_ask_p2,down_ask_s2,up_spread,down_spread,eth_price,eth_oracle_ts
1776274500.527,0.527,0.4,38.0,0.39,34.0,0.44,23.0,0.47,78.54,0.52,80.54,0.51,60.0,0.53,3.26,0.54,214.0,0.04,0.01,2355.094686,1776274499000
1776274500.886,0.886,0.39,34.0,0.38,35.0,0.4,37.0,0.44,28.0,0.56,23.0,0.53,78.54,0.6,38.0,0.61,34.0,0.01,0.04,2355.094686,1776274499000
1776274501.304,1.304,0.36,13.89,0.33,300.0,0.4,17.0,0.44,33.0,0.6,37.0,0.56,28.0,0.61,34.0,0.62,35.0,0.04,0.01,2355.094686,1776274499000
1776274502.245,2.245,0.34,97.86,0.33,400.0,0.38,13.06,0.39,100.0,0.61,70.85,0.6,17.0,0.64,7.42,0.67,300.0,0.04,0.03,2354.897839,1776274500000
1776274502.485,2.485,0.33,290.0,0.31,375.0,0.35,11.0,0.37,11.0,0.62,13.06,0.61,100.0,0.66,97.86,0.67,400.0,0.02,0.04,2354.862707,1776274501000
1776274502.736,2.736,0.33,270.67,0.31,375.0,0.35,3.0,0.37,87.7,0.65,11.0,0.63,11.0,0.67,270.67,0.69,375.0,0.02,0.02,2354.862707,1776274501000
1776274503.433,3.433,0.33,5.0,0.32,25.0,0.35,9.51,0.37,21.0,0.65,3.0,0.63,87.7,0.67,259.11,0.68,5.0,0.02,0.02,2354.0947,1776274502000
1776274503.656,3.656,0.33,0.8,0.32,25.0,0.34,5.55,0.35,14.51,0.65,4.51,0.63,21.0,0.67,0.8,0.68,25.0,0.01,0.02,2354.0947,1776274502000
1776274504.098,4.098,0.34,16.21,0.33,15.0,0.35,4.51,0.36,32.0,0.66,5.55,0.65,14.51,0.68,22.94,0.69,400.0,0.01,0.02,2354.0947,1776274502000
1776274504.313,4.313,0.34,9.69,0.33,15.0,0.35,14.51,0.36,32.0,0.65,4.51,0.64,32.0,0.66,16.21,0.67,15.0,0.01,0.01,2354.0947,1776274502000
1776274505.161,5.161,0.34,8.17,0.33,10.0,0.35,24.51,0.36,32.0,0.65,14.51,0.64,32.0,0.66,9.69,0.67,15.0,0.01,0.01,2352.815596,1776274503000
1776274505.406,5.406,0.32,22.94,0.31,31.0,0.33,5.0,0.34,15.0,0.65,24.51,0.64,32.0,0.66,8.17,0.67,10.0,0.01,0.01,2352.817142,1776274504000
1776274505.648,5.648,0.32,32.94,0.31,46.0,0.33,3.0,0.34,10.0,0.67,5.0,0.66,15.0,0.68,22.94,0.69,31.0,0.01,0.01,2352.817142,1776274504000
1776274506.372,6.372,0.33,43.51,0.32,42.94,0.34,15.0,0.35,87.15,0.67,3.0,0.66,10.0,0.68,32.94,0.69,46.0,0.01,0.01,2352.9938,1776274505000
1776274506.653,6.653,0.33,50.0,0.32,37.94,0.34,7.05,0.35,66.15,0.66,15.0,0.65,87.15,0.67,43.51,0.68,42.94,0.01,0.01,2352.9938,1776274505000
1776274507.042,7.042,0.33,50.0,0.32,37.94,0.34,2.05,0.35,61.15,0.66,7.05,0.65,66.15,0.67,50.0,0.68,37.94,0.01,0.01,2352.9938,1776274505000
1776274508.063,8.063,0.34,22.98,0.32,5.0,0.35,297.15,0.36,210.0,0.66,2.05,0.65,61.15,0.67,50.0,0.68,37.94,0.01,0.01,2352.977627,1776274506000
1776274508.279,8.279,0.32,2.53,0.3,10.0,0.34,10.0,0.35,286.15,0.65,292.15,0.64,210.0,0.68,2.63,0.7,10.0,0.02,0.03,2352.950485,1776274507000
1776274508.547,8.547,0.27,10.98,0.26,60.0,0.28,15.0,0.29,16.0,0.69,117.24,0.68,110.0,0.73,24.0,0.74,21.0,0.01,0.04,2352.950485,1776274507000
1776274508.845,8.845,0.26,11.0,0.25,625.0,0.27,31.0,0.28,64.67,0.73,21.0,0.72,64.67,0.74,16.0,0.75,625.0,0.01,0.01,2352.950485,1776274507000
1776274509.117,9.117,0.25,24.45,0.24,25.0,0.27,42.0,0.28,81.67,0.73,37.0,0.72,70.67,0.74,5.0,0.75,635.0,0.02,0.01,2352.950485,1776274507000
1776274510.091,10.091,0.25,20.19,0.24,30.0,0.26,162.75,0.27,53.0,0.74,10.0,0.73,37.0,0.75,22.98,0.76,25.0,0.01,0.01,2352.991867,1776274508000
1776274510.556,10.556,0.24,37.98,0.23,60.0,0.25,10.0,0.26,32.0,0.74,162.75,0.73,53.0,0.75,20.19,0.76,30.0,0.01,0.01,2352.84969,1776274509000
1776274511.353,11.353,0.23,58.7,0.22,40.5,0.24,51.0,0.25,31.5,0.75,21.0,0.74,32.0,0.76,13.21,0.77,60.0,0.01,0.01,2352.84969,1776274509000
1776274511.834,11.834,0.23,48.7,0.22,40.5,0.24,46.83,0.25,31.5,0.76,41.83,0.75,31.5,0.77,58.7,0.78,40.5,0.01,0.01,2351.522349,1776274510000
1776274512.327,12.327,0.23,25.0,0.22,25.95,0.24,52.33,0.25,31.5,0.76,46.83,0.75,31.5,0.77,48.7,0.78,40.5,0.01,0.01,2351.522349,1776274510000
1776274512.824,12.824,0.22,23.95,0.21,65.0,0.24,47.33,0.25,31.5,0.76,52.33,0.75,31.5,0.77,25.0,0.78,25.95,0.02,0.01,2351.469616,1776274511000
1776274513.21,13.21,0.22,26.08,0.21,40.0,0.23,15.0,0.24,36.33,0.77,15.0,0.76,36.33,0.78,27.53,0.79,65.0,0.01,0.01,2351.469616,1776274511000
1776274513.604,13.604,0.22,26.92,0.21,40.0,0.23,15.0,0.24,36.33,0.77,15.0,0.76,36.33,0.78,26.08,0.79,40.0,0.01,0.01,2351.369971,1776274512000
1776274515.197,15.197,0.22,15.15,0.21,30.0,0.23,15.0,0.24,21.33,0.77,15.0,0.76,36.33,0.78,26.92,0.79,40.0,0.01,0.01,2351.368873,1776274513000
1776274515.501,15.501,0.21,50.5,0.2,35.0,0.22,24.25,0.23,61.5,0.78,0.22,0.77,61.5,0.79,40.5,0.8,56.0,0.01,0.01,2351.363554,1776274514000
1776274515.877,15.877,0.21,66.96,0.2,40.0,0.22,13.97,0.23,61.5,0.78,13.97,0.77,61.5,0.79,49.23,0.8,35.0,0.01,0.01,2351.363554,1776274514000
1776274516.171,16.171,0.21,56.96,0.2,40.0,0.22,67.07,0.23,61.5,0.78,13.97,0.77,61.5,0.79,66.96,0.8,40.0,0.01,0.01,2351.363554,1776274514000
1776274518.064,18.064,0.21,22.39,0.2,59.5,0.22,121.53,0.23,46.5,0.78,67.07,0.77,61.5,0.79,56.96,0.8,40.0,0.01,0.01,2351.277201,1776274516000
1776274518.502,18.502,0.21,15.63,0.2,54.5,0.22,137.03,0.23,51.5,0.78,121.53,0.77,46.5,0.79,22.39,0.8,59.5,0.01,0.01,2351.092755,1776274517000
1776274519.022,19.022,0.21,15.63,0.2,54.5,0.22,127.48,0.23,51.5,0.78,137.03,0.77,51.5,0.79,15.63,0.8,54.5,0.01,0.01,2351.092755,1776274517000
1776274519.302,19.302,0.21,13.42,0.2,54.5,0.22,147.48,0.23,51.5,0.78,127.48,0.77,51.5,0.79,15.63,0.8,54.5,0.01,0.01,2351.151668,1776274518000
1776274519.836,19.836,0.2,64.55,0.19,63.0,0.21,14.52,0.22,121.98,0.78,147.48,0.77,51.5,0.79,7.45,0.8,54.5,0.01,0.01,2351.151668,1776274518000
1776274520.675,20.675,0.2,57.05,0.19,52.0,0.21,76.5,0.22,50.13,0.79,14.52,0.78,121.98,0.8,64.55,0.81,63.0,0.01,0.01,2351.190871,1776274519000
1776274521.443,21.443,0.2,40.47,0.19,27.0,0.21,81.5,0.22,50.13,0.79,81.5,0.78,50.13,0.8,46.72,0.81,27.0,0.01,0.01,2351.190871,1776274519000
1776274521.803,21.803,0.2,38.72,0.19,27.0,0.21,71.84,0.22,50.13,0.79,71.84,0.78,50.13,0.8,40.47,0.81,27.0,0.01,0.01,2351.175786,1776274520000
1776274522.529,22.529,0.2,74.72,0.19,74.0,0.25,8.87,0.26,53.0,0.79,71.84,0.78,50.13,0.8,38.72,0.81,27.0,0.05,0.01,2351.233087,1776274521000
1776274523.085,23.085,0.21,35.53,0.2,90.72,0.22,131.63,0.23,19.56,0.77,14.56,0.76,15.0,0.79,29.7,0.8,90.72,0.01,0.02,2351.233087,1776274521000
1776274523.306,23.306,0.21,30.53,0.2,90.72,0.22,136.63,0.23,19.56,0.78,131.63,0.77,19.56,0.79,35.53,0.8,90.72,0.01,0.01,2351.233087,1776274521000
1776274524.282,24.282,0.21,77.26,0.2,79.72,0.22,140.09,0.23,19.56,0.78,136.63,0.77,19.56,0.79,30.53,0.8,90.72,0.01,0.01,2351.284383,1776274523000
1776274525.094,25.094,0.21,83.94,0.2,79.72,0.22,145.09,0.23,19.56,0.78,140.09,0.77,19.56,0.79,77.26,0.8,79.72,0.01,0.01,2351.284383,1776274523000
1776274525.44,25.44,0.21,87.14,0.2,79.72,0.22,140.09,0.23,19.56,0.78,145.09,0.77,19.56,0.79,83.94,0.8,79.72,0.01,0.01,2351.44891,1776274524000
1776274526.35,26.35,0.21,208.5,0.2,201.72,0.22,106.45,0.23,4.56,0.78,140.09,0.77,19.56,0.79,87.14,0.8,79.72,0.01,0.01,2351.395279,1776274525000
1776274526.593,26.593,0.21,200.46,0.2,201.72,0.22,101.45,0.23,4.56,0.78,101.45,0.77,4.56,0.79,213.5,0.8,201.72,0.01,0.01,2351.395279,1776274525000
1776274527.089,27.089,0.21,199.13,0.2,201.72,0.22,106.45,0.23,4.56,0.78,101.45,0.77,4.56,0.79,200.46,0.8,201.72,0.01,0.01,2351.395279,1776274525000
1776274528.42,28.42,0.21,142.37,0.2,206.72,0.22,18.46,0.23,48.43,0.78,106.45,0.77,4.56,0.79,199.13,0.8,201.72,0.01,0.01,2351.519646,1776274526000
1776274528.759,28.759,0.21,116.37,0.2,195.72,0.22,13.91,0.23,48.43,0.78,18.46,0.77,48.43,0.79,142.37,0.8,206.72,0.01,0.01,2351.789639,1776274527000
1776274529.998,29.998,0.21,286.37,0.2,251.72,0.22,27.88,0.23,48.43,0.78,13.91,0.77,48.43,0.79,116.37,0.8,195.72,0.01,0.01,2351.674128,1776274528000
1776274530.614,30.614,0.21,280.37,0.2,251.72,0.22,27.88,0.23,48.43,0.78,27.88,0.77,48.43,0.79,286.37,0.8,251.72,0.01,0.01,2351.673346,1776274529000
1776274530.965,30.965,0.21,265.37,0.2,251.72,0.22,27.88,0.23,48.43,0.78,27.88,0.77,48.43,0.79,280.37,0.8,251.72,0.01,0.01,2351.673346,1776274529000
1776274531.358,31.358,0.21,302.43,0.2,286.72,0.22,27.88,0.23,79.58,0.78,27.88,0.77,48.43,0.79,260.43,0.8,251.72,0.01,0.01,2351.80783,1776274530000
1776274531.596,31.596,0.21,313.5,0.2,316.72,0.22,20.88,0.23,79.58,0.78,27.88,0.77,79.58,0.79,302.43,0.8,286.72,0.01,0.01,2351.80783,1776274530000
1776274532.013,32.013,0.21,313.5,0.2,316.72,0.22,5.88,0.23,4.56,0.78,10.88,0.77,4.56,0.79,318.5,0.8,316.72,0.01,0.01,2351.953075,1776274531000
1776274532.593,32.593,0.21,358.5,0.2,316.72,0.22,5.08,0.23,48.13,0.78,5.88,0.77,4.56,0.79,313.5,0.8,316.72,0.01,0.01,2351.953075,1776274531000
1776274533.04,33.04,0.22,256.5,0.21,192.5,0.23,82.75,0.24,5.0,0.77,13.85,0.76,5.0,0.79,358.5,0.8,316.72,0.01,0.02,2351.953075,1776274531000
1776274533.626,33.626,0.22,6.0,0.21,211.5,0.23,139.05,0.24,20.0,0.77,74.05,0.76,5.0,0.78,256.5,0.79,162.5,0.01,0.01,2352.04024,1776274532000
1776274533.858,33.858,0.22,32.23,0.21,211.5,0.23,109.05,0.24,30.5,0.77,139.05,0.76,20.0,0.78,6.0,0.79,211.5,0.01,0.01,2352.04024,1776274532000
1776274534.38,34.38,0.22,28.0,0.21,61.5,0.23,102.6,0.24,20.0,0.77,109.05,0.76,30.5,0.78,32.23,0.79,211.5,0.01,0.01,2352.084499,1776274533000
1776274535.078,35.078,0.22,25.16,0.21,61.5,0.23,99.33,0.24,20.0,0.77,89.33,0.76,20.0,0.78,28.0,0.79,61.5,0.01,0.01,2352.084499,1776274533000
1776274536.344,36.344,0.22,78.5,0.21,185.5,0.23,18.99,0.24,20.0,0.77,72.59,0.76,20.0,0.78,45.0,0.79,186.5,0.01,0.01,2352.031255,1776274535000
1776274536.985,36.985,0.21,66.0,0.2,140.67,0.22,72.0,0.23,174.83,0.77,18.99,0.76,20.0,0.78,78.5,0.79,185.5,0.01,0.01,2352.031255,1776274535000
1776274538.251,38.251,0.21,43.21,0.2,140.67,0.22,193.29,0.23,35.0,0.78,72.0,0.77,174.83,0.79,66.0,0.8,140.67,0.01,0.01,2351.824834,1776274537000
1776274539.612,39.612,0.21,70.58,0.2,151.67,0.22,161.29,0.23,15.0,0.78,193.29,0.77,35.0,0.79,30.49,0.8,140.67,0.01,0.01,2351.724486,1776274538000
1776274539.864,39.864,0.21,127.98,0.2,162.67,0.22,129.29,0.23,10.0,0.78,161.29,0.77,15.0,0.79,70.58,0.8,151.67,0.01,0.01,2351.724486,1776274538000
1776274540.27,40.27,0.21,165.27,0.2,162.67,0.22,102.36,0.23,10.0,0.78,129.29,0.77,10.0,0.79,124.27,0.8,162.67,0.01,0.01,2351.700831,1776274539000
1776274540.617,40.617,0.21,147.59,0.2,162.67,0.22,102.36,0.23,10.0,0.78,102.36,0.77,10.0,0.79,165.27,0.8,162.67,0.01,0.01,2351.700831,1776274539000
1776274540.882,40.882,0.21,25.98,0.2,162.67,0.22,111.76,0.23,10.0,0.78,102.36,0.77,10.0,0.79,147.59,0.8,162.67,0.01,0.01,2351.700831,1776274539000
1776274541.159,41.159,0.21,113.13,0.2,167.67,0.22,111.76,0.23,10.0,0.78,111.76,0.77,10.0,0.79,99.15,0.8,162.67,0.01,0.01,2351.691826,1776274540000
1776274542.452,42.452,0.21,182.21,0.2,197.67,0.22,111.76,0.23,10.0,0.78,111.76,0.77,10.0,0.79,91.75,0.8,162.67,0.01,0.01,2351.691826,1776274540000
1776274544.601,44.601,0.21,122.33,0.2,209.17,0.22,56.54,0.23,106.99,0.78,56.54,0.77,106.99,0.79,186.88,0.8,220.17,0.01,0.01,2352.072333,1776274543000
1776274545.232,45.232,0.21,125.7,0.2,233.17,0.22,51.99,0.23,101.99,0.78,61.54,0.77,101.99,0.79,113.7,0.8,209.17,0.01,0.01,2352.072333,1776274543000
1776274546.115,46.115,0.21,156.43,0.2,233.17,0.22,51.99,0.23,5.0,0.78,51.99,0.77,101.99,0.79,125.7,0.8,233.17,0.01,0.01,2352.23363,1776274544000
1776274546.874,46.874,0.21,97.43,0.2,219.17,0.22,121.29,0.23,50.4,0.78,51.99,0.77,35.4,0.79,141.43,0.8,233.17,0.01,0.01,2352.139135,1776274545000
1776274547.182,47.182,0.21,130.16,0.2,219.17,0.22,21.22,0.23,50.4,0.78,121.29,0.77,50.4,0.79,89.43,0.8,219.17,0.01,0.01,2352.126696,1776274546000
1776274549.077,49.077,0.21,153.09,0.2,220.17,0.22,13.52,0.23,30.4,0.78,13.52,0.77,40.4,0.79,130.16,0.8,219.17,0.01,0.01,2352.096509,1776274547000
1776274549.495,49.495,0.21,307.68,0.2,115.17,0.26,44.99,0.27,44.99,0.78,6.52,0.75,5.0,0.79,233.62,0.8,115.17,0.05,0.01,2352.079878,1776274548000
1776274549.77,49.77,0.25,244.5,0.24,66.0,0.26,31.14,0.27,33.99,0.74,34.99,0.73,39.99,0.75,72.5,0.76,129.0,0.01,0.01,2352.079878,1776274548000
1776274549.996,49.996,0.25,301.5,0.24,66.0,0.26,21.14,0.27,67.59,0.74,31.14,0.73,33.99,0.75,244.5,0.76,66.0,0.01,0.01,2352.079878,1776274548000
1776274550.356,50.356,0.25,240.83,0.24,95.0,0.26,11.14,0.27,67.59,0.74,21.14,0.73,67.59,0.75,301.5,0.76,66.0,0.01,0.01,2352.173612,1776274549000
1776274550.61,50.61,0.25,229.29,0.24,95.0,0.26,16.14,0.27,67.59,0.74,11.14,0.73,67.59,0.75,240.83,0.76,95.0,0.01,0.01,2352.173612,1776274549000
1776274551.305,51.305,0.25,224.29,0.24,95.0,0.27,58.73,0.28,35.5,0.74,16.14,0.73,67.59,0.75,229.29,0.76,95.0,0.02,0.01,2352.173612,1776274549000
1776274551.702,51.702,0.26,196.0,0.25,76.29,0.27,53.54,0.28,40.5,0.73,58.73,0.72,35.5,0.75,224.29,0.76,95.0,0.01,0.02,2352.230072,1776274550000
1776274553.674,53.674,0.26,146.32,0.25,64.29,0.27,83.19,0.28,40.5,0.73,53.54,0.72,40.5,0.74,196.0,0.75,76.29,0.01,0.01,2352.682026,1776274552000
1776274553.964,53.964,0.26,136.32,0.25,54.29,0.27,91.34,0.28,40.5,0.73,83.19,0.72,40.5,0.74,146.32,0.75,64.29,0.01,0.01,2352.682026,1776274552000
1776274555.553,55.553,0.22,100.0,0.21,32.2,0.24,72.5,0.25,40.5,0.73,91.34,0.72,40.5,0.74,136.32,0.75,54.29,0.02,0.01,2352.717071,1776274554000
1776274556.503,56.503,0.22,117.0,0.21,51.2,0.23,38.3,0.24,30.5,0.77,55.5,0.76,55.5,0.78,97.0,0.79,32.2,0.01,0.01,2352.717071,1776274554000
1776274557.156,57.156,0.22,126.0,0.21,81.2,0.23,26.3,0.24,55.02,0.77,38.3,0.76,30.5,0.78,117.0,0.79,51.2,0.01,0.01,2352.57791,1776274555000
1776274558.002,58.002,0.23,76.35,0.22,157.5,0.24,34.52,0.25,25.5,0.77,26.3,0.76,55.02,0.78,126.0,0.79,81.2,0.01,0.01,2352.57791,1776274555000
1776274561.583,61.583,0.2,187.22,0.19,60.4,0.21,42.0,0.22,15.0,0.76,34.52,0.75,25.5,0.77,76.35,0.78,157.5,0.01,0.01,2352.297322,1776274560000
1776274563.169,63.169,0.22,176.35,0.21,101.5,0.23,22.05,0.24,20.5,0.79,30.0,0.78,15.0,0.8,196.47,0.81,60.4,0.01,0.01,2352.232037,1776274561000
1776274563.51,63.51,0.22,181.35,0.21,101.5,0.23,12.45,0.24,20.5,0.77,22.05,0.76,20.5,0.78,176.35,0.79,101.5,0.01,0.01,2352.266105,1776274562000
1776274563.768,63.768,0.22,181.35,0.21,101.5,0.23,8.1,0.24,20.5,0.77,12.45,0.76,20.5,0.78,181.35,0.79,101.5,0.01,0.01,2352.266105,1776274562000
1776274564.002,64.002,0.22,176.35,0.21,101.5,0.24,19.0,0.25,33.5,0.77,8.1,0.76,20.5,0.78,181.35,0.79,101.5,0.02,0.01,2352.266105,1776274562000
1776274564.254,64.254,0.23,33.75,0.22,154.35,0.24,34.0,0.25,138.5,0.76,19.0,0.75,33.5,0.77,11.75,0.78,164.35,0.01,0.01,2352.266105,1776274562000
1776274565.279,65.279,0.22,68.65,0.21,82.7,0.23,133.1,0.24,34.0,0.76,34.0,0.75,138.5,0.78,134.19,0.79,101.5,0.01,0.02,2352.231263,1776274563000
1776274565.539,65.539,0.22,15.58,0.21,71.7,0.23,143.1,0.24,34.0,0.77,133.1,0.76,34.0,0.78,68.65,0.79,82.7,0.01,0.01,2352.231263,1776274563000
1776274566.358,66.358,0.21,61.96,0.2,209.47,0.23,143.1,0.24,61.63,0.77,143.1,0.76,34.0,0.78,15.58,0.79,71.7,0.02,0.01,2352.33362,1776274564000
1776274567.119,67.119,0.21,80.8,0.2,210.47,0.22,10.0,0.23,138.1,0.78,10.0,0.77,143.1,0.79,56.39,0.8,210.47,0.01,0.01,2352.474635,1776274565000
1776274567.815,67.815,0.21,110.8,0.2,210.47,0.27,211.56,0.28,177.0,0.78,10.0,0.77,138.1,0.79,80.8,0.8,210.47,0.06,0.01,2352.405264,1776274566000
1776274568.161,68.161,0.23,132.0,0.22,115.0,0.24,100.84,0.25,20.0,0.73,211.56,0.72,177.0,0.79,110.8,0.8,210.47,0.01,0.06,2352.405264,1776274566000
1776274569.262,69.262,0.23,23.92,0.22,20.0,0.24,130.53,0.25,15.0,0.76,100.84,0.75,20.0,0.77,132.0,0.78,115.0,0.01,0.01,2352.366006,1776274567000
1776274569.732,69.732,0.23,16.72,0.22,20.0,0.24,145.53,0.25,36.0,0.76,130.53,0.75,25.0,0.77,22.37,0.78,20.0,0.01,0.01,2352.454762,1776274568000
1776274570.647,70.647,0.23,14.6,0.22,20.0,0.24,135.53,0.25,36.0,0.76,145.53,0.75,36.0,0.77,16.72,0.78,20.0,0.01,0.01,2352.372924,1776274569000
1776274571.182,71.182,0.23,14.6,0.22,20.0,0.24,136.36,0.25,42.0,0.76,135.53,0.75,36.0,0.77,14.6,0.78,20.0,0.01,0.01,2352.372924,1776274569000
1776274572.655,72.655,0.22,15.16,0.21,52.6,0.24,145.53,0.25,32.0,0.76,136.36,0.75,42.0,0.77,14.6,0.78,20.0,0.02,0.01,2352.361082,1776274570000
1776274573.019,73.019,0.23,11.28,0.22,20.0,0.24,50.52,0.25,32.0,0.76,145.53,0.75,32.0,0.78,15.16,0.79,52.6,0.01,0.02,2352.386384,1776274571000
1776274576.281,76.281,0.23,14.15,0.22,20.0,0.24,89.61,0.25,26.0,0.76,50.52,0.75,32.0,0.77,11.28,0.78,20.0,0.01,0.01,2352.416091,1776274574000
1776274576.858,76.858,0.22,20.0,0.21,52.6,0.24,94.61,0.25,26.0,0.76,89.61,0.75,26.0,0.77,8.5,0.78,20.0,0.02,0.01,2352.416091,1776274574000
1776274577.366,77.366,0.22,1.6,0.21,52.6,0.23,62.59,0.24,40.52,0.76,94.61,0.75,26.0,0.78,20.0,0.79,52.6,0.01,0.02,2352.336784,1776274575000
1776274579.613,79.613,0.21,48.61,0.2,89.42,0.23,78.11,0.24,31.0,0.77,62.59,0.76,40.52,0.78,1.6,0.79,52.6,0.02,0.01,2352.33833,1776274578000
1776274580.557,80.557,0.22,54.59,0.21,93.61,0.23,52.31,0.24,37.0,0.77,78.11,0.76,31.0,0.79,48.61,0.8,89.42,0.01,0.02,2352.327907,1776274579000
1776274580.884,80.884,0.22,76.82,0.21,83.61,0.23,56.61,0.24,37.0,0.77,52.31,0.76,37.0,0.78,54.59,0.79,93.61,0.01,0.01,2352.327907,1776274579000
1776274581.38,81.38,0.22,25.86,0.21,83.61,0.23,120.81,0.24,26.0,0.77,56.61,0.76,37.0,0.78,25.86,0.79,83.61,0.01,0.01,2352.324176,1776274580000
1776274581.705,81.705,0.22,41.36,0.21,83.61,0.23,50.11,0.24,26.0,0.77,120.81,0.76,26.0,0.78,25.86,0.79,83.61,0.01,0.01,2352.324176,1776274580000
1776274582.923,82.923,0.22,30.71,0.21,83.61,0.23,155.29,0.24,36.0,0.77,50.11,0.76,26.0,0.78,41.36,0.79,83.61,0.01,0.01,2352.379145,1776274581000
1776274583.492,83.492,0.22,51.62,0.21,94.61,0.23,133.29,0.25,16.0,0.77,155.29,0.76,36.0,0.78,30.71,0.79,83.61,0.01,0.01,2352.43658,1776274582000
1776274583.771,83.771,0.22,157.62,0.21,94.61,0.23,35.67,0.25,10.0,0.77,133.29,0.75,16.0,0.78,51.62,0.79,94.61,0.01,0.01,2352.43658,1776274582000
1776274584.001,84.001,0.22,162.62,0.21,64.61,0.23,9.67,0.25,10.0,0.77,35.67,0.75,10.0,0.78,157.62,0.79,94.61,0.01,0.01,2352.43658,1776274582000
1776274584.483,84.483,0.22,185.31,0.21,114.31,0.23,2.67,0.25,65.92,0.77,9.67,0.75,65.92,0.78,165.31,0.79,79.61,0.01,0.01,2352.42938,1776274583000
1776274585.424,85.424,0.24,40.5,0.23,25.5,0.25,66.59,0.26,18.09,0.75,61.59,0.74,13.09,0.78,190.31,0.79,139.31,0.01,0.03,2352.46008,1776274584000
1776274586.047,86.047,0.22,5.81,0.21,148.61,0.23,91.0,0.24,33.0,0.75,66.59,0.74,18.09,0.76,40.5,0.77,25.5,0.01,0.01,2352.46008,1776274584000
1776274586.694,86.694,0.22,29.31,0.21,113.61,0.23,22.0,0.24,122.67,0.77,91.0,0.76,33.0,0.78,5.81,0.79,148.61,0.01,0.01,2352.72222,1776274585000
1776274588.644,88.644,0.22,16.96,0.21,123.61,0.23,72.48,0.24,37.0,0.77,22.0,0.76,122.67,0.78,29.31,0.79,113.61,0.01,0.01,2352.75008,1776274586000
1776274589.504,89.504,0.24,35.71,0.23,25.5,0.25,10.0,0.27,10.0,0.77,72.48,0.76,37.0,0.78,16.96,0.79,123.61,0.01,0.01,2352.492682,1776274587000
1776274589.774,89.774,0.31,11.91,0.3,20.0,0.32,6.07,0.33,10.0,0.68,6.07,0.67,31.5,0.69,15.0,0.7,15.0,0.01,0.01,2352.502922,1776274588000
1776274590.086,90.086,0.31,16.91,0.3,15.0,0.32,6.37,0.33,30.5,0.68,6.07,0.67,10.0,0.69,11.91,0.7,20.0,0.01,0.01,2352.505652,1776274589000
1776274590.624,90.624,0.32,126.34,0.31,96.91,0.33,10.0,0.36,25.0,0.67,25.0,0.66,25.5,0.68,8.52,0.69,16.91,0.01,0.01,2352.505652,1776274589000
1776274591.365,91.365,0.35,7.3,0.34,10.0,0.36,30.0,0.37,15.0,0.67,10.0,0.64,25.0,0.68,126.34,0.69,96.91,0.01,0.01,2352.506607,1776274590000
1776274591.753,91.753,0.33,4.63,0.32,145.5,0.36,35.0,0.37,64.49,0.64,30.0,0.63,5.0,0.65,4.93,0.66,10.0,0.03,0.01,2352.506607,1776274590000
1776274592.288,92.288,0.33,24.13,0.32,30.5,0.35,15.0,0.36,54.0,0.64,35.0,0.63,64.49,0.67,4.63,0.68,145.5,0.02,0.03,2352.506607,1776274590000
1776274593.247,93.247,0.33,10.07,0.32,136.5,0.34,101.64,0.35,15.0,0.65,26.0,0.64,65.0,0.67,13.26,0.68,30.5,0.01,0.02,2353.675109,1776274591000
1776274593.721,93.721,0.33,86.09,0.32,129.5,0.34,60.64,0.36,25.0,0.66,101.64,0.65,15.0,0.67,5.59,0.68,136.5,0.01,0.01,2353.845984,1776274592000
1776274593.977,93.977,0.33,15.0,0.31,36.67,0.34,62.49,0.35,15.0,0.66,52.64,0.64,35.0,0.67,66.09,0.68,129.5,0.01,0.01,2353.845984,1776274592000
1776274595.48,95.48,0.31,56.17,0.3,50.0,0.32,25.8,0.33,27.5,0.66,62.49,0.65,15.0,0.67,15.0,0.69,36.67,0.01,0.01,2353.865463,1776274594000
1776274595.741,95.741,0.3,45.0,0.29,53.0,0.31,21.75,0.32,79.8,0.68,52.8,0.67,27.5,0.7,50.0,0.71,28.0,0.01,0.02,2353.865463,1776274594000
1776274595.959,95.959,0.31,5.0,0.3,45.0,0.32,68.95,0.33,47.5,0.68,78.95,0.67,37.5,0.7,45.0,0.71,71.0,0.01,0.02,2353.865463,1776274594000
1776274596.339,96.339,0.32,15.0,0.31,5.0,0.33,3.3,0.34,57.49,0.67,49.69,0.66,138.99,0.69,5.0,0.7,110.0,0.01,0.02,2353.866888,1776274595000
1776274596.68,96.68,0.33,30.0,0.32,20.0,0.34,40.89,0.35,10.0,0.67,3.3,0.66,57.49,0.68,15.0,0.69,5.0,0.01,0.01,2353.866888,1776274595000
1776274597.223,97.223,0.33,54.96,0.32,20.0,0.34,100.94,0.35,10.0,0.66,40.89,0.65,10.0,0.67,30.0,0.68,20.0,0.01,0.01,2353.866888,1776274595000
1776274597.642,97.642,0.33,48.46,0.32,20.0,0.34,105.94,0.35,20.0,0.66,100.94,0.65,10.0,0.67,54.96,0.68,20.0,0.01,0.01,2353.718845,1776274596000
1776274599.146,99.146,0.33,42.91,0.32,20.0,0.34,100.94,0.35,15.0,0.66,105.94,0.65,20.0,0.67,48.46,0.68,20.0,0.01,0.01,2353.620623,1776274597000
1776274601.936,101.936,0.35,26.79,0.34,31.0,0.36,45.0,0.37,30.0,0.66,100.94,0.65,15.0,0.67,42.91,0.68,20.0,0.01,0.01,2353.68639,1776274600000
1776274602.266,102.266,0.35,20.25,0.34,20.0,0.36,15.0,0.37,30.0,0.64,45.0,0.63,30.0,0.65,26.79,0.66,31.0,0.01,0.01,2353.780621,1776274601000
1776274602.581,102.581,0.35,20.25,0.34,20.0,0.36,10.0,0.37,30.0,0.64,15.0,0.63,30.0,0.65,20.25,0.66,20.0,0.01,0.01,2353.780621,1776274601000
1776274603.143,103.143,0.36,48.25,0.35,21.0,0.37,10.0,0.39,10.0,0.64,10.0,0.63,30.0,0.65,20.25,0.66,20.0,0.01,0.01,2353.780621,1776274601000
1776274606.394,106.394,0.39,25.0,0.38,31.0,0.4,42.0,0.41,5.82,0.63,10.0,0.61,10.0,0.64,48.25,0.65,21.0,0.01,0.01,2354.00254,1776274605000
1776274606.638,106.638,0.39,69.91,0.38,41.5,0.4,32.0,0.41,5.82,0.6,42.0,0.59,5.82,0.61,25.0,0.62,31.0,0.01,0.01,2354.00254,1776274605000
1776274607.383,107.383,0.34,228.79,0.33,98.8,0.4,42.0,0.41,10.82,0.6,32.0,0.59,5.82,0.61,69.91,0.62,41.5,0.06,0.01,2354.008341,1776274606000
1776274607.834,107.834,0.38,30.0,0.37,25.5,0.39,10.5,0.4,57.5,0.6,42.0,0.59,10.82,0.66,228.79,0.67,98.8,0.01,0.06,2354.008341,1776274606000
1776274608.834,108.834,0.38,76.38,0.37,25.5,0.39,8.53,0.4,57.5,0.61,10.5,0.6,57.5,0.62,30.0,0.63,25.5,0.01,0.01,2354.008341,1776274606000
1776274610.217,110.217,0.39,36.38,0.38,157.62,0.41,10.82,0.42,55.0,0.61,8.53,0.6,57.5,0.62,76.38,0.63,25.5,0.02,0.01,2354.13097,1776274609000
1776274610.574,110.574,0.43,11.62,0.42,23.81,0.44,31.89,0.45,62.93,0.56,36.14,0.55,62.93,0.58,23.81,0.61,46.38,0.01,0.02,2354.13097,1776274609000
1776274610.839,110.839,0.44,57.74,0.43,192.41,0.45,3.19,0.47,123.54,0.55,59.3,0.53,123.54,0.57,82.38,0.58,36.91,0.01,0.02,2354.13097,1776274609000
1776274611.071,111.071,0.46,121.6,0.45,26.12,0.47,91.84,0.48,26.36,0.53,113.12,0.52,26.36,0.54,26.38,0.55,10.0,0.01,0.01,2354.13097,1776274609000
1776274611.276,111.276,0.46,126.6,0.45,91.1,0.5,61.78,0.51,25.39,0.51,1.92,0.5,79.9,0.54,126.6,0.55,91.1,0.04,0.03,2354.13097,1776274609000
1776274611.895,111.895,0.5,91.38,0.49,45.4,0.51,25.67,0.53,42.55,0.49,15.27,0.47,144.66,0.53,40.63,0.54,185.73,0.01,0.04,2354.13769,1776274610000
1776274612.231,112.231,0.55,16.38,0.53,10.0,0.56,233.97,0.57,83.26,0.44,90.79,0.43,70.0,0.5,91.38,0.51,45.4,0.01,0.06,2354.13769,1776274610000
1776274612.463,112.463,0.53,5.88,0.52,10.0,0.55,114.91,0.56,75.5,0.45,23.0,0.44,155.79,0.47,6.52,0.48,10.0,0.02,0.02,2354.879346,1776274611000
1776274612.897,112.897,0.5,5.0,0.49,66.2,0.51,192.25,0.52,30.0,0.47,11.22,0.46,25.87,0.48,5.0,0.5,15.0,0.01,0.01,2354.879346,1776274611000
1776274613.184,113.184,0.39,49.0,0.38,50.0,0.4,6.75,0.41,10.0,0.59,29.01,0.54,50.0,0.6,35.0,0.61,84.0,0.01,0.01,2355.179715,1776274612000
1776274613.403,113.403,0.39,49.0,0.38,55.0,0.41,5.0,0.42,12.38,0.58,7.38,0.57,20.0,0.61,54.0,0.62,50.0,0.02,0.03,2355.179715,1776274612000
1776274613.894,113.894,0.39,26.0,0.38,60.0,0.4,6.9,0.41,29.25,0.6,6.9,0.59,5.0,0.61,49.0,0.62,50.0,0.01,0.01,2355.179715,1776274612000
1776274614.173,114.173,0.38,60.0,0.33,40.0,0.4,6.9,0.41,24.25,0.6,6.9,0.59,29.25,0.61,26.0,0.62,60.0,0.02,0.01,2355.215509,1776274613000
1776274614.701,114.701,0.38,109.54,0.37,115.5,0.39,15.0,0.4,17.4,0.6,6.9,0.59,24.25,0.62,60.0,0.67,40.0,0.01,0.02,2355.215509,1776274613000
1776274614.907,114.907,0.4,165.0,0.39,125.5,0.41,6.55,0.42,15.0,0.59,6.55,0.58,15.0,0.6,165.0,0.61,125.5,0.01,0.01,2355.215509,1776274613000
1776274615.425,115.425,0.4,150.6,0.39,130.5,0.41,10.62,0.42,20.5,0.59,10.62,0.58,20.5,0.6,160.0,0.61,130.5,0.01,0.01,2354.5083,1776274614000
1776274615.983,115.983,0.41,159.83,0.4,140.6,0.42,13.3,0.43,35.5,0.58,10.0,0.57,23.77,0.59,94.83,0.6,145.6,0.01,0.01,2354.5083,1776274614000
1776274616.362,116.362,0.41,60.0,0.4,135.6,0.42,19.9,0.43,44.5,0.58,10.0,0.57,35.5,0.59,158.13,0.6,140.6,0.01,0.01,2353.982184,1776274615000
1776274617.393,117.393,0.4,10.16,0.37,100.0,0.41,138.5,0.42,63.5,0.58,16.0,0.57,35.5,0.59,15.0,0.6,100.0,0.01,0.01,2353.982184,1776274615000
1776274617.813,117.813,0.37,119.24,0.36,125.0,0.38,10.0,0.39,15.0,0.59,138.5,0.58,58.5,0.63,105.0,0.64,125.0,0.01,0.04,2354.221906,1776274616000
1776274618.131,118.131,0.37,124.95,0.36,140.5,0.38,15.0,0.39,15.0,0.62,10.0,0.61,15.0,0.63,119.24,0.64,125.0,0.01,0.01,2354.221226,1776274617000
1776274618.577,118.577,0.37,113.36,0.36,150.5,0.38,31.0,0.39,25.0,0.62,15.0,0.61,15.0,0.63,124.95,0.64,140.5,0.01,0.01,2354.221226,1776274617000
1776274618.805,118.805,0.37,146.36,0.36,161.5,0.38,25.0,0.39,36.0,0.62,31.0,0.61,25.0,0.63,113.36,0.64,150.5,0.01,0.01,2354.221226,1776274617000
1776274619.105,119.105,0.37,146.36,0.36,161.5,0.38,17.68,0.39,36.0,0.62,24.0,0.61,36.0,0.63,156.36,0.64,161.5,0.01,0.01,2354.221226,1776274617000
1776274619.795,119.795,0.37,146.36,0.36,151.0,0.38,40.78,0.39,24.0,0.62,7.68,0.61,24.0,0.63,151.36,0.64,161.5,0.01,0.01,2354.07379,1776274618000
1776274620.438,120.438,0.37,151.36,0.36,166.5,0.38,17.36,0.39,24.0,0.62,40.78,0.61,24.0,0.63,146.36,0.64,151.0,0.01,0.01,2354.043864,1776274619000
1776274620.845,120.845,0.38,63.54,0.37,128.86,0.39,13.0,0.4,10.0,0.62,17.36,0.61,24.0,0.63,151.36,0.64,166.5,0.01,0.01,2354.043864,1776274619000
1776274621.174,121.174,0.38,37.37,0.37,128.86,0.39,23.0,0.4,20.0,0.61,13.0,0.6,10.0,0.62,63.54,0.63,128.86,0.01,0.01,2354.047909,1776274620000
1776274621.657,121.657,0.38,33.74,0.37,113.36,0.39,47.0,0.4,26.0,0.61,23.0,0.6,20.0,0.62,37.37,0.63,128.86,0.01,0.01,2354.047909,1776274620000
1776274622.366,122.366,0.38,37.12,0.37,93.36,0.39,52.0,0.4,36.5,0.61,47.0,0.6,26.0,0.62,33.74,0.63,113.36,0.01,0.01,2354.068739,1776274621000
1776274622.908,122.908,0.38,5.0,0.37,5.0,0.39,95.07,0.4,36.5,0.61,52.0,0.6,36.5,0.62,37.12,0.63,93.36,0.01,0.01,2354.068739,1776274621000
1776274623.162,123.162,0.38,1.65,0.34,160.0,0.39,185.07,0.4,144.45,0.61,95.07,0.6,36.5,0.62,5.0,0.63,5.0,0.01,0.01,2354.068739,1776274621000
1776274623.365,123.365,0.34,149.0,0.33,120.5,0.35,23.0,0.36,18.0,0.61,185.07,0.6,144.45,0.66,160.0,0.67,110.0,0.01,0.05,2354.068739,1776274621000
1776274624.251,124.251,0.38,150.0,0.37,170.5,0.39,6.51,0.4,92.95,0.65,23.0,0.64,18.0,0.66,149.0,0.67,120.5,0.01,0.01,2354.007644,1776274622000
1776274624.798,124.798,0.39,9.54,0.38,160.5,0.4,87.95,0.41,80.0,0.61,1.28,0.6,92.95,0.62,145.0,0.63,165.5,0.01,0.01,2353.992647,1776274623000
1776274626.025,126.025,0.39,141.8,0.38,130.0,0.4,97.95,0.41,101.0,0.6,87.95,0.59,80.0,0.61,9.54,0.62,160.5,0.01,0.01,2353.799224,1776274624000
1776274626.348,126.348,0.39,91.8,0.38,115.0,0.4,131.45,0.41,106.5,0.6,106.45,0.59,106.5,0.61,126.8,0.62,115.0,0.01,0.01,2353.860634,1776274625000
1776274627.517,127.517,0.34,85.0,0.33,35.5,0.36,10.0,0.37,15.0,0.6,131.45,0.59,106.5,0.61,80.8,0.62,115.0,0.02,0.01,2354.007883,1776274626000
1776274628.064,128.064,0.37,25.0,0.36,25.5,0.38,54.54,0.39,42.0,0.64,10.0,0.63,15.0,0.66,85.0,0.67,35.5,0.01,0.02,2354.007883,1776274626000
1776274628.39,128.39,0.37,10.0,0.36,20.5,0.38,47.04,0.39,42.0,0.62,54.54,0.61,42.0,0.63,25.0,0.64,25.5,0.01,0.01,2354.010261,1776274627000
1776274628.896,128.896,0.35,31.3,0.34,40.5,0.36,15.3,0.37,15.0,0.62,47.04,0.61,42.0,0.63,10.0,0.64,20.5,0.01,0.01,2354.010261,1776274627000
1776274629.2,129.2,0.35,31.3,0.34,50.5,0.36,7.8,0.37,15.0,0.64,15.3,0.63,15.0,0.65,31.3,0.66,40.5,0.01,0.01,2354.010261,1776274627000
1776274629.987,129.987,0.35,0.8,0.34,20.0,0.36,104.3,0.37,36.5,0.64,7.8,0.63,15.0,0.65,21.3,0.66,50.5,0.01,0.01,2353.882785,1776274628000
1776274630.413,130.413,0.34,11.71,0.33,30.0,0.35,235.69,0.36,223.3,0.64,109.3,0.63,88.58,0.66,11.71,0.67,30.0,0.01,0.02,2353.917525,1776274629000
1776274631.073,131.073,0.28,4.9,0.26,150.0,0.29,10.0,0.3,10.0,0.65,240.69,0.64,223.3,0.67,30.0,0.68,75.0,0.01,0.02,2353.917525,1776274629000
1776274631.36,131.36,0.27,11.96,0.26,55.0,0.28,10.0,0.29,20.0,0.71,15.0,0.7,10.0,0.73,18.13,0.74,155.0,0.01,0.02,2353.917525,1776274629000
1776274631.878,131.878,0.24,50.0,0.23,25.0,0.26,40.0,0.27,65.0,0.72,15.0,0.71,20.0,0.73,1.96,0.74,60.0,0.02,0.01,2353.873495,1776274630000
1776274633.193,133.193,0.23,5.14,0.22,122.73,0.24,75.0,0.25,15.0,0.74,40.0,0.73,65.0,0.76,50.0,0.77,25.0,0.01,0.02,2352.946902,1776274632000
1776274633.471,133.471,0.22,6.19,0.2,43.0,0.23,23.0,0.24,35.0,0.76,65.0,0.75,15.0,0.78,122.73,0.8,43.0,0.01,0.02,2352.946902,1776274632000
1776274633.759,133.759,0.21,11.0,0.2,49.0,0.23,30.0,0.24,20.0,0.77,23.0,0.76,35.0,0.78,6.19,0.8,43.0,0.02,0.01,2352.946902,1776274632000
1776274634.308,134.308,0.21,14.24,0.2,53.5,0.22,15.0,0.23,62.5,0.77,30.0,0.76,20.0,0.79,11.0,0.8,49.0,0.01,0.02,2352.946902,1776274632000
1776274634.969,134.969,0.21,11.0,0.2,53.5,0.22,55.45,0.23,107.0,0.78,15.0,0.77,62.5,0.79,14.24,0.8,53.5,0.01,0.01,2352.413473,1776274633000
1776274635.904,135.904,0.2,33.0,0.19,42.07,0.22,46.95,0.23,110.5,0.78,55.45,0.77,107.0,0.79,11.0,0.8,53.5,0.02,0.01,2352.388649,1776274634000
1776274637.182,137.182,0.2,10.0,0.19,24.57,0.21,233.99,0.22,20.95,0.79,5.23,0.78,26.95,0.8,43.05,0.81,47.38,0.01,0.01,2352.30375,1776274635000
1776274637.561,137.561,0.19,2.33,0.18,56.0,0.2,27.0,0.21,101.99,0.8,26.0,0.79,94.99,0.81,13.57,0.82,120.0,0.01,0.01,2352.30375,1776274635000
1776274638.022,138.022,0.18,10.32,0.17,100.5,0.2,30.0,0.21,76.99,0.8,25.0,0.79,76.99,0.81,2.82,0.82,57.0,0.02,0.01,2352.176924,1776274636000
1776274638.88,138.88,0.18,56.54,0.17,36.44,0.19,15.0,0.2,20.0,0.81,10.0,0.8,25.0,0.82,0.93,0.83,56.44,0.01,0.01,2352.051224,1776274637000
1776274639.264,139.264,0.19,20.81,0.18,42.04,0.2,2.5,0.21,91.99,0.8,1.93,0.79,86.99,0.82,62.04,0.83,36.44,0.01,0.02,2352.051224,1776274637000
1776274639.507,139.507,0.19,15.81,0.18,42.04,0.21,89.6,0.22,32.95,0.8,2.5,0.79,91.99,0.81,20.81,0.82,42.04,0.02,0.01,2352.051224,1776274637000
1776274639.795,139.795,0.19,16.17,0.18,36.43,0.2,12.3,0.21,89.6,0.8,15.0,0.79,89.6,0.81,10.86,0.82,42.04,0.01,0.01,2351.920984,1776274638000
1776274640.128,140.128,0.18,5.0,0.17,30.5,0.19,7.5,0.2,57.0,0.8,12.3,0.79,89.6,0.81,16.17,0.82,36.43,0.01,0.01,2351.920984,1776274638000
1776274640.979,140.979,0.18,20.51,0.17,78.5,0.19,43.5,0.2,30.0,0.81,7.5,0.8,57.0,0.82,5.0,0.83,30.5,0.01,0.01,2351.906516,1776274639000
1776274641.191,141.191,0.2,10.5,0.19,33.5,0.21,17.23,0.22,32.95,0.79,20.23,0.78,32.95,0.81,18.5,0.82,36.12,0.01,0.02,2351.906516,1776274639000
1776274642.248,142.248,0.18,20.51,0.17,40.5,0.19,2.47,0.2,94.0,0.79,17.23,0.78,32.95,0.8,10.5,0.81,33.5,0.01,0.01,2352.042539,1776274640000
1776274643.2,143.2,0.17,40.5,0.16,63.17,0.19,149.43,0.2,112.5,0.81,2.47,0.8,94.0,0.82,20.51,0.83,40.5,0.02,0.01,2351.942289,1776274641000
1776274643.732,143.732,0.17,216.44,0.16,184.48,0.18,5.75,0.21,10.0,0.81,149.43,0.8,112.5,0.83,40.5,0.84,63.17,0.01,0.02,2352.189616,1776274642000
1776274644.312,144.312,0.21,48.74,0.2,25.5,0.22,35.0,0.23,110.61,0.79,10.0,0.78,35.0,0.82,94.25,0.83,216.44,0.01,0.03,2352.189616,1776274642000
1776274645.483,145.483,0.21,24.91,0.2,28.55,0.22,55.0,0.23,110.61,0.78,35.0,0.77,110.61,0.79,48.74,0.8,25.5,0.01,0.01,2351.948335,1776274644000
1776274646.035,146.035,0.21,18.64,0.2,33.55,0.22,80.0,0.23,110.61,0.78,55.0,0.77,110.61,0.79,24.91,0.8,28.55,0.01,0.01,2351.948335,1776274644000
1776274646.811,146.811,0.21,13.64,0.2,33.55,0.22,65.0,0.23,120.61,0.78,80.0,0.77,110.61,0.79,18.64,0.8,33.55,0.01,0.01,2352.424598,1776274645000
1776274647.905,147.905,0.21,66.88,0.2,28.55,0.22,35.0,0.23,110.61,0.78,65.0,0.77,120.61,0.79,8.64,0.8,33.55,0.01,0.01,2352.445176,1776274646000
1776274650.299,150.299,0.2,28.5,0.19,25.5,0.21,34.16,0.22,57.06,0.78,35.0,0.77,110.61,0.79,66.88,0.8,28.55,0.01,0.01,2352.482117,1776274649000
1776274651.054,151.054,0.19,10.0,0.18,10.0,0.2,71.0,0.21,164.02,0.79,44.16,0.78,57.06,0.8,28.5,0.81,25.5,0.01,0.01,2352.482117,1776274649000
1776274652.052,152.052,0.18,15.5,0.17,85.5,0.19,95.73,0.2,76.0,0.8,71.0,0.79,164.02,0.81,10.0,0.82,10.0,0.01,0.01,2352.508185,1776274650000
1776274652.724,152.724,0.18,71.11,0.17,96.44,0.19,38.57,0.2,15.0,0.81,95.73,0.8,76.0,0.82,15.5,0.83,85.5,0.01,0.01,2352.47982,1776274651000
1776274653.399,153.399,0.18,91.11,0.17,129.44,0.19,18.53,0.2,15.0,0.81,38.57,0.8,15.0,0.82,71.11,0.83,96.44,0.01,0.01,2352.317652,1776274652000
1776274654.557,154.557,0.18,3.76,0.17,75.5,0.19,144.22,0.2,36.5,0.81,18.53,0.8,15.0,0.82,91.11,0.83,129.44,0.01,0.01,2352.273952,1776274653000
1776274655.087,155.087,0.17,75.5,0.16,52.17,0.18,97.2,0.19,160.22,0.81,144.22,0.8,36.5,0.82,3.76,0.83,75.5,0.01,0.01,2352.273952,1776274653000
1776274655.402,155.402,0.17,75.5,0.16,52.17,0.18,96.5,0.19,160.22,0.82,97.2,0.81,160.22,0.83,75.5,0.84,52.17,0.01,0.01,2352.273952,1776274653000
1776274655.722,155.722,0.17,75.5,0.16,52.17,0.18,89.66,0.19,170.22,0.82,90.26,0.81,160.22,0.83,75.5,0.84,52.17,0.01,0.01,2352.480524,1776274654000
1776274656.24,156.24,0.17,75.5,0.16,52.17,0.18,78.86,0.19,180.72,0.82,89.66,0.81,170.22,0.83,75.5,0.84,52.17,0.01,0.01,2352.480524,1776274654000
1776274656.559,156.559,0.17,80.5,0.16,52.17,0.18,78.16,0.19,180.72,0.82,78.86,0.81,180.72,0.83,75.5,0.84,52.17,0.01,0.01,2352.363549,1776274655000
1776274656.881,156.881,0.17,71.44,0.16,58.48,0.18,67.56,0.19,138.5,0.82,78.16,0.81,180.72,0.83,80.5,0.84,52.17,0.01,0.01,2352.363549,1776274655000
1776274658.032,158.032,0.17,10.0,0.16,41.67,0.18,195.66,0.19,154.5,0.82,67.56,0.81,138.5,0.83,71.44,0.84,58.48,0.01,0.01,2352.30807,1776274656000
1776274658.825,158.825,0.16,16.67,0.15,213.0,0.17,122.07,0.18,145.78,0.82,195.66,0.81,154.5,0.83,10.0,0.84,41.67,0.01,0.01,2352.333748,1776274657000
1776274659.507,159.507,0.16,92.48,0.15,235.23,0.17,156.03,0.18,35.0,0.83,71.82,0.82,135.28,0.84,27.17,0.85,218.5,0.01,0.01,2352.225638,1776274658000
1776274660.937,160.937,0.16,91.02,0.15,365.23,0.17,5.0,0.19,38.0,0.83,156.03,0.82,35.0,0.84,92.48,0.85,235.23,0.01,0.01,2352.109871,1776274659000
1776274661.193,161.193,0.17,32.7,0.16,106.52,0.19,38.0,0.2,35.0,0.82,6.16,0.81,38.0,0.83,23.7,0.84,111.52,0.02,0.01,2352.109871,1776274659000
1776274661.785,161.785,0.18,36.37,0.17,63.7,0.19,48.0,0.2,132.42,0.81,38.0,0.8,35.0,0.83,32.7,0.84,106.52,0.01,0.02,2352.114121,1776274660000
1776274663.298,163.298,0.18,71.37,0.17,111.82,0.19,141.89,0.2,35.0,0.81,48.0,0.8,132.42,0.82,36.37,0.83,63.7,0.01,0.01,2352.299431,1776274662000
1776274663.732,163.732,0.18,66.37,0.17,111.82,0.19,81.25,0.2,30.0,0.81,133.89,0.8,35.0,0.82,71.37,0.83,111.82,0.01,0.01,2352.299431,1776274662000
1776274663.982,163.982,0.18,76.37,0.17,121.82,0.19,80.98,0.2,35.0,0.81,81.25,0.8,30.0,0.82,66.37,0.83,111.82,0.01,0.01,2352.299431,1776274662000
1776274664.333,164.333,0.18,89.63,0.17,121.82,0.19,97.5,0.2,35.0,0.81,80.98,0.8,35.0,0.82,76.37,0.83,121.82,0.01,0.01,2352.454873,1776274663000
1776274664.782,164.782,0.18,84.63,0.17,121.82,0.19,58.5,0.2,35.0,0.81,68.5,0.8,35.0,0.82,94.63,0.83,121.82,0.01,0.01,2352.454873,1776274663000
1776274666.455,166.455,0.18,167.5,0.17,112.82,0.19,38.32,0.2,35.0,0.81,58.5,0.8,35.0,0.82,84.63,0.83,121.82,0.01,0.01,2352.566105,1776274665000
1776274666.741,166.741,0.17,10.62,0.16,25.0,0.19,162.82,0.2,69.5,0.81,38.32,0.8,35.0,0.82,167.5,0.83,112.82,0.02,0.01,2352.566105,1776274665000
1776274667.36,167.36,0.15,179.42,0.14,160.0,0.16,142.75,0.17,25.5,0.82,137.5,0.81,267.82,0.85,228.69,0.86,160.0,0.01,0.03,2352.566105,1776274665000
1776274669.1,169.1,0.15,16.69,0.14,160.0,0.16,113.74,0.17,163.28,0.84,142.75,0.83,25.5,0.85,179.42,0.86,160.0,0.01,0.01,2352.490678,1776274667000
1776274669.833,169.833,0.15,10.14,0.14,160.0,0.16,90.24,0.17,135.28,0.84,113.74,0.83,163.28,0.85,1.44,0.86,160.0,0.01,0.01,2351.932871,1776274668000
1776274670.512,170.512,0.15,4.9,0.14,160.0,0.16,90.24,0.17,140.28,0.84,90.24,0.83,135.28,0.85,10.14,0.86,160.0,0.01,0.01,2351.893338,1776274669000
1776274671.558,171.558,0.14,85.0,0.13,170.0,0.15,95.03,0.16,112.24,0.84,90.24,0.83,140.28,0.85,4.9,0.86,160.0,0.01,0.01,2351.738472,1776274670000
1776274672.832,172.832,0.13,6.86,0.12,350.09,0.14,10.0,0.15,58.65,0.85,95.03,0.84,112.24,0.86,85.0,0.87,170.0,0.01,0.01,2351.915332,1776274671000
1776274673.377,173.377,0.12,101.98,0.11,260.0,0.13,16.52,0.14,35.5,0.86,10.0,0.85,58.65,0.87,1.63,0.88,350.09,0.01,0.01,2351.754533,1776274672000
1776274673.582,173.582,0.12,11.98,0.11,260.0,0.13,69.52,0.14,35.5,0.87,16.52,0.86,35.5,0.88,101.98,0.89,260.0,0.01,0.01,2351.754533,1776274672000
1776274674.307,174.307,0.1,195.8,0.09,279.0,0.11,20.0,0.12,98.95,0.87,69.52,0.86,35.5,0.88,11.98,0.89,260.0,0.01,0.01,2351.653589,1776274673000
1776274674.728,174.728,0.1,146.9,0.09,279.0,0.11,95.78,0.12,92.5,0.89,20.0,0.88,98.95,0.9,195.8,0.91,279.0,0.01,0.01,2351.653589,1776274673000
1776274675.674,175.674,0.08,118.0,0.07,253.0,0.1,115.81,0.11,83.5,0.89,95.78,0.88,92.5,0.9,141.84,0.91,279.0,0.02,0.01,2351.635574,1776274674000
1776274676.026,176.026,0.08,90.62,0.07,235.0,0.1,14.7,0.11,48.5,0.9,89.7,0.89,83.5,0.92,141.0,0.93,235.0,0.02,0.02,2351.635574,1776274674000
1776274676.409,176.409,0.08,40.62,0.07,135.0,0.09,14.9,0.1,75.5,0.9,14.0,0.89,48.5,0.92,90.62,0.93,235.0,0.01,0.02,2351.50798,1776274675000
1776274676.743,176.743,0.08,63.73,0.07,135.0,0.09,4.4,0.1,55.5,0.91,14.9,0.9,60.5,0.92,20.62,0.93,135.0,0.01,0.01,2351.50798,1776274675000
1776274676.944,176.944,0.08,68.73,0.07,135.0,0.1,39.1,0.11,68.5,0.91,4.4,0.9,55.5,0.92,63.73,0.93,135.0,0.02,0.01,2351.50798,1776274675000
1776274677.26,177.26,0.08,70.53,0.07,140.0,0.1,53.4,0.11,73.5,0.9,39.1,0.89,68.5,0.92,57.91,0.93,135.0,0.02,0.02,2351.141253,1776274676000
1776274677.474,177.474,0.08,121.53,0.07,200.0,0.1,49.3,0.11,73.5,0.9,53.4,0.89,73.5,0.92,70.53,0.93,140.0,0.02,0.02,2351.141253,1776274676000
1776274677.744,177.744,0.09,20.29,0.08,23.53,0.1,10.0,0.11,28.7,0.89,28.7,0.88,80.5,0.92,133.16,0.93,135.0,0.01,0.03,2351.141253,1776274676000
1776274677.971,177.971,0.09,17.12,0.08,18.53,0.1,10.0,0.11,28.7,0.9,10.0,0.89,28.7,0.91,20.29,0.92,23.53,0.01,0.01,2351.141253,1776274676000
1776274679.456,179.456,0.09,15.47,0.08,18.53,0.1,26.0,0.11,121.4,0.9,10.0,0.89,28.7,0.91,17.12,0.92,18.53,0.01,0.01,2351.033709,1776274678000
1776274679.995,179.995,0.08,15.78,0.07,140.0,0.1,51.5,0.11,132.4,0.9,36.0,0.89,121.4,0.91,2.0,0.92,18.53,0.02,0.01,2351.033709,1776274678000
1776274680.41,180.41,0.08,46.72,0.07,140.0,0.09,277.14,0.1,46.5,0.91,109.0,0.9,46.5,0.92,159.78,0.93,140.0,0.01,0.01,2351.073841,1776274679000
1776274680.62,180.62,0.08,90.22,0.07,200.0,0.09,277.14,0.1,51.5,0.91,277.14,0.9,51.5,0.92,91.86,0.93,200.0,0.01,0.01,2351.073841,1776274679000
1776274681.296,181.296,0.07,52.04,0.06,453.0,0.08,172.12,0.09,129.0,0.91,282.14,0.9,51.5,0.93,223.62,0.94,310.0,0.01,0.02,2351.205861,1776274680000
1776274681.588,181.588,0.07,37.73,0.06,310.0,0.08,162.12,0.09,129.0,0.92,172.12,0.91,129.0,0.93,52.04,0.94,453.0,0.01,0.01,2351.205861,1776274680000
1776274681.801,181.801,0.07,76.69,0.06,310.0,0.08,101.42,0.09,129.0,0.92,101.42,0.91,129.0,0.93,51.07,0.94,310.0,0.01,0.01,2351.205861,1776274680000
1776274682.012,182.012,0.07,76.38,0.06,310.0,0.08,106.42,0.09,129.0,0.92,101.42,0.91,129.0,0.93,76.69,0.94,310.0,0.01,0.01,2351.205861,1776274680000
1776274682.623,182.623,0.07,44.0,0.06,265.0,0.08,133.42,0.09,139.5,0.92,106.42,0.91,129.0,0.93,76.38,0.94,310.0,0.01,0.01,2351.093464,1776274681000
1776274683.13,183.13,0.07,42.38,0.06,265.0,0.08,133.42,0.09,139.5,0.92,133.42,0.91,139.5,0.93,44.0,0.94,265.0,0.01,0.01,2351.093464,1776274682000
1776274683.666,183.666,0.07,51.38,0.06,165.0,0.08,106.42,0.09,15.0,0.92,133.42,0.91,139.5,0.93,42.38,0.94,265.0,0.01,0.01,2351.093464,1776274682000
1776274684.189,184.189,0.07,42.18,0.06,165.0,0.08,116.42,0.09,30.5,0.92,106.42,0.91,15.0,0.93,51.38,0.94,165.0,0.01,0.01,2351.093464,1776274682000
1776274684.668,184.668,0.07,37.18,0.06,165.0,0.08,111.42,0.09,35.5,0.92,116.42,0.91,30.5,0.93,42.18,0.94,165.0,0.01,0.01,2351.119441,1776274683000
1776274684.869,184.869,0.07,34.05,0.06,165.0,0.08,116.42,0.09,30.5,0.92,111.42,0.91,35.5,0.93,37.18,0.94,165.0,0.01,0.01,2351.119441,1776274683000
1776274686.321,186.321,0.06,155.0,0.05,175.0,0.07,29.0,0.08,202.42,0.92,116.42,0.91,30.5,0.93,34.05,0.94,165.0,0.01,0.01,2351.116075,1776274685000
1776274687.429,187.429,0.06,38.83,0.05,175.0,0.07,62.54,0.08,10.0,0.93,36.0,0.92,106.0,0.94,50.0,0.95,175.0,0.01,0.01,2351.073635,1776274686000
1776274687.944,187.944,0.05,75.0,0.04,180.0,0.07,72.54,0.08,25.5,0.93,62.54,0.92,10.0,0.94,29.73,0.95,175.0,0.02,0.01,2351.073635,1776274686000
1776274688.574,188.574,0.05,93.72,0.04,273.8,0.07,53.54,0.08,10.0,0.93,76.26,0.92,25.5,0.95,100.2,0.96,180.0,0.02,0.02,2350.88499,1776274687000
1776274688.935,188.935,0.05,90.62,0.04,273.8,0.07,58.54,0.08,15.0,0.93,53.54,0.92,10.0,0.95,93.72,0.96,273.8,0.02,0.02,2350.88499,1776274687000
1776274689.33,189.33,0.05,105.09,0.04,273.8,0.07,58.54,0.08,20.0,0.93,58.54,0.92,15.0,0.95,90.62,0.96,273.8,0.02,0.02,2350.88499,1776274687000
1776274690.226,190.226,0.05,85.8,0.04,273.8,0.06,35.86,0.07,27.0,0.93,58.54,0.92,20.0,0.95,105.09,0.96,273.8,0.01,0.02,2350.942379,1776274688000
1776274691.423,191.423,0.05,85.8,0.04,287.8,0.08,4.27,0.09,135.5,0.94,35.86,0.93,27.0,0.95,85.8,0.96,273.8,0.03,0.01,2351.0925,1776274690000
1776274691.833,191.833,0.06,110.9,0.05,180.8,0.07,168.06,0.08,15.0,0.92,4.27,0.91,135.5,0.95,85.8,0.96,287.8,0.01,0.03,2351.0925,1776274690000
1776274692.751,192.751,0.06,110.0,0.05,165.6,0.07,327.33,0.08,25.5,0.93,168.06,0.92,15.0,0.94,110.9,0.95,180.8,0.01,0.01,2351.07168,1776274691000
1776274693.171,193.171,0.06,110.0,0.05,165.6,0.07,300.53,0.08,25.5,0.93,327.33,0.92,25.5,0.94,110.0,0.95,165.6,0.01,0.01,2351.07168,1776274691000
1776274693.71,193.71,0.06,110.0,0.05,165.6,0.07,155.33,0.08,25.5,0.93,300.53,0.92,25.5,0.94,110.0,0.95,165.6,0.01,0.01,2351.07412,1776274692000
1776274694.41,194.41,0.06,127.0,0.05,260.6,0.07,148.93,0.08,10.0,0.93,155.33,0.92,25.5,0.94,110.0,0.95,165.6,0.01,0.01,2351.07412,1776274692000
1776274694.716,194.716,0.06,126.83,0.05,260.6,0.07,1.88,0.08,10.0,0.93,148.93,0.92,10.0,0.94,127.0,0.95,260.6,0.01,0.01,2351.07394,1776274693000
1776274695.087,195.087,0.06,115.0,0.05,260.6,0.08,9.38,0.09,55.5,0.92,5.58,0.91,35.5,0.94,131.83,0.95,260.6,0.02,0.02,2351.034276,1776274694000
1776274695.87,195.87,0.07,108.25,0.06,100.9,0.08,150.19,0.09,84.5,0.92,9.38,0.91,55.5,0.94,110.9,0.95,267.6,0.01,0.02,2351.034276,1776274694000
1776274697.027,197.027,0.07,122.67,0.06,100.9,0.08,69.44,0.09,84.5,0.92,150.19,0.91,84.5,0.93,108.25,0.94,100.9,0.01,0.01,2351.261778,1776274695000
1776274697.455,197.455,0.07,111.74,0.06,100.9,0.08,64.44,0.09,99.5,0.92,69.44,0.91,84.5,0.93,122.67,0.94,100.9,0.01,0.01,2351.309079,1776274696000
1776274698.385,198.385,0.05,241.4,0.04,387.8,0.06,57.27,0.08,79.94,0.92,64.44,0.91,99.5,0.93,111.74,0.94,100.9,0.01,0.01,2351.319707,1776274697000
1776274699.031,199.031,0.05,192.81,0.04,298.8,0.06,57.27,0.07,105.0,0.94,57.27,0.93,5.0,0.95,184.4,0.96,298.8,0.01,0.01,2351.319707,1776274697000
1776274699.315,199.315,0.05,187.54,0.04,298.8,0.06,57.27,0.07,105.0,0.94,57.27,0.93,105.0,0.95,192.81,0.96,298.8,0.01,0.01,2351.319707,1776274697000
1776274699.841,199.841,0.05,204.35,0.04,298.8,0.06,62.27,0.07,115.0,0.94,57.27,0.93,105.0,0.95,187.54,0.96,298.8,0.01,0.01,2351.3087,1776274698000
1776274700.477,200.477,0.05,120.16,0.04,80.0,0.06,191.27,0.07,115.0,0.94,62.27,0.93,115.0,0.95,204.35,0.96,298.8,0.01,0.01,2351.280021,1776274699000
1776274700.863,200.863,0.05,115.16,0.04,80.0,0.06,181.42,0.07,115.0,0.94,191.27,0.93,115.0,0.95,120.16,0.96,80.0,0.01,0.01,2351.280021,1776274699000
1776274703.175,203.175,0.05,14.36,0.04,105.0,0.06,146.75,0.07,110.0,0.94,181.42,0.93,115.0,0.95,115.16,0.96,80.0,0.01,0.01,2351.005449,1776274702000
1776274704.928,204.928,0.05,39.36,0.04,180.0,0.06,125.75,0.07,165.3,0.94,146.75,0.93,110.0,0.95,14.36,0.96,105.0,0.01,0.01,2351.035917,1776274703000
1776274705.372,205.372,0.05,14.36,0.04,180.0,0.06,61.75,0.07,165.3,0.94,125.75,0.93,165.3,0.95,39.36,0.96,180.0,0.01,0.01,2351.28958,1776274704000
1776274706.218,206.218,0.06,17.9,0.05,13.64,0.07,70.3,0.08,142.18,0.94,5.0,0.93,70.3,0.95,13.64,0.96,286.0,0.01,0.01,2351.296535,1776274705000
1776274707.794,207.794,0.06,7.9,0.05,7.64,0.07,174.93,0.08,152.68,0.93,70.3,0.92,142.18,0.94,17.9,0.95,13.64,0.01,0.01,2351.445378,1776274706000
1776274708.336,208.336,0.06,0.9,0.05,7.64,0.07,119.63,0.08,152.68,0.93,174.93,0.92,152.68,0.94,2.9,0.95,7.64,0.01,0.01,2351.468089,1776274707000
1776274709.626,209.626,0.04,193.0,0.03,729.7,0.07,124.63,0.08,152.68,0.93,119.63,0.92,152.68,0.94,0.9,0.95,7.64,0.03,0.01,2351.501515,1776274708000
1776274710.079,210.079,0.05,8.94,0.04,193.0,0.07,119.63,0.08,152.68,0.93,124.63,0.92,152.68,0.96,193.0,0.97,729.7,0.02,0.03,2351.501515,1776274708000
1776274710.927,210.927,0.04,175.37,0.03,735.7,0.07,112.27,0.08,152.68,0.93,81.77,0.92,152.68,0.96,181.84,0.97,729.7,0.03,0.03,2351.564261,1776274709000
1776274711.921,211.921,0.04,75.37,0.03,735.7,0.07,16.05,0.08,172.68,0.93,112.27,0.92,152.68,0.96,175.37,0.97,735.7,0.03,0.03,2351.52036,1776274710000
1776274712.334,212.334,0.05,28.94,0.04,75.37,0.07,161.55,0.08,152.68,0.93,16.05,0.92,172.68,0.96,75.37,0.97,735.7,0.02,0.03,2351.52036,1776274711000
1776274713.425,213.425,0.04,69.31,0.03,329.7,0.06,160.5,0.07,117.85,0.93,161.55,0.92,152.68,0.95,28.94,0.96,75.37,0.02,0.02,2351.52036,1776274711000
1776274713.818,213.818,0.05,8.0,0.04,69.31,0.06,160.5,0.07,117.85,0.94,160.5,0.93,117.85,0.96,69.31,0.97,329.7,0.01,0.02,2351.504204,1776274712000
1776274714.639,214.639,0.05,8.0,0.04,64.31,0.06,159.1,0.07,117.85,0.94,160.5,0.93,117.85,0.95,8.0,0.96,69.31,0.01,0.01,2351.46902,1776274713000
1776274715.125,215.125,0.05,2.82,0.04,64.31,0.06,44.2,0.07,102.85,0.94,57.5,0.93,109.85,0.95,2.82,0.96,64.31,0.01,0.01,2351.46902,1776274713000
1776274715.574,215.574,0.05,2.82,0.04,64.31,0.06,143.0,0.07,102.85,0.94,44.2,0.93,102.85,0.95,2.82,0.96,64.31,0.01,0.01,2351.393844,1776274714000
1776274716.527,216.527,0.04,64.31,0.03,440.7,0.06,40.0,0.07,36.55,0.94,143.0,0.93,102.85,0.95,2.82,0.96,64.31,0.02,0.01,2351.408993,1776274715000
1776274717.122,217.122,0.04,89.31,0.03,440.7,0.06,86.88,0.07,26.05,0.94,33.6,0.93,36.55,0.96,64.31,0.97,440.7,0.02,0.02,2351.408993,1776274715000
1776274717.772,217.772,0.04,14.31,0.03,435.7,0.05,32.85,0.06,5.63,0.94,75.58,0.93,26.05,0.96,89.31,0.97,435.7,0.01,0.02,2351.320589,1776274716000
1776274718.85,218.85,0.04,15.2,0.03,435.7,0.05,42.85,0.06,10.63,0.95,32.85,0.94,5.63,0.96,14.31,0.97,435.7,0.01,0.01,2351.341784,1776274717000
1776274720.387,220.387,0.04,9.03,0.03,335.7,0.06,10.63,0.07,41.91,0.95,42.85,0.94,10.63,0.96,15.2,0.97,435.7,0.02,0.01,2351.341784,1776274717000
1776274722.371,222.371,0.04,28.66,0.03,605.96,0.05,30.0,0.06,40.63,0.94,10.63,0.93,41.91,0.96,9.03,0.97,335.7,0.01,0.02,2351.579225,1776274721000
1776274722.943,222.943,0.04,3.66,0.03,605.96,0.06,42.79,0.07,102.71,0.95,30.0,0.94,40.63,0.96,28.66,0.97,605.96,0.02,0.01,2351.579225,1776274721000
1776274724.422,224.422,0.04,12.66,0.03,505.96,0.05,32.21,0.06,30.5,0.94,42.79,0.93,102.71,0.96,3.66,0.97,605.96,0.01,0.02,2351.5024,1776274723000
1776274725.806,225.806,0.03,505.96,0.02,1509.7,0.05,78.74,0.06,25.5,0.95,32.21,0.94,30.5,0.96,12.66,0.97,505.96,0.02,0.01,2351.492571,1776274724000
1776274726.243,226.243,0.03,495.96,0.02,1509.7,0.05,83.74,0.06,25.5,0.95,78.74,0.94,25.5,0.97,505.96,0.98,1509.7,0.02,0.02,2351.493865,1776274725000
1776274727.748,227.748,0.03,495.96,0.02,1509.7,0.06,121.93,0.07,86.66,0.95,83.74,0.94,25.5,0.97,495.96,0.98,1509.7,0.03,0.02,2351.51303,1776274726000
1776274729.603,229.603,0.04,18.28,0.03,501.96,0.05,180.64,0.06,124.62,0.94,34.82,0.93,91.66,0.97,495.96,0.98,1509.7,0.01,0.03,2351.363892,1776274728000
1776274731.004,231.004,0.04,8.38,0.03,511.96,0.05,351.14,0.06,129.3,0.95,180.64,0.94,124.62,0.96,18.28,0.97,501.96,0.01,0.01,2351.366601,1776274729000
1776274731.239,231.239,0.03,456.34,0.02,1326.0,0.05,404.61,0.06,129.3,0.95,431.94,0.94,129.3,0.97,481.34,0.98,1326.0,0.02,0.02,2351.453535,1776274730000
1776274731.745,231.745,0.03,440.34,0.02,631.0,0.04,183.83,0.05,277.61,0.95,404.61,0.94,129.3,0.97,456.34,0.98,1326.0,0.01,0.02,2351.453535,1776274730000
1776274734.416,234.416,0.03,429.5,0.02,637.0,0.04,258.47,0.05,149.3,0.96,183.83,0.95,282.61,0.97,440.34,0.98,631.0,0.01,0.01,2351.026996,1776274733000
1776274736.431,236.431,0.03,427.5,0.02,631.0,0.04,136.7,0.05,153.3,0.96,258.47,0.95,149.3,0.97,429.5,0.98,637.0,0.01,0.01,2350.940464,1776274735000
1776274736.766,236.766,0.03,217.63,0.02,631.0,0.04,97.7,0.05,110.3,0.96,96.7,0.95,110.3,0.97,222.63,0.98,631.0,0.01,0.01,2350.940464,1776274735000
1776274737.03,237.03,0.03,199.63,0.02,631.0,0.04,97.7,0.05,110.3,0.96,97.7,0.95,110.3,0.97,206.63,0.98,631.0,0.01,0.01,2350.940464,1776274735000
1776274737.287,237.287,0.03,120.63,0.02,631.0,0.04,102.7,0.05,115.3,0.96,107.7,0.95,120.3,0.97,126.63,0.98,637.0,0.01,0.01,2350.991383,1776274736000
1776274737.624,237.624,0.03,95.02,0.02,931.0,0.04,196.4,0.05,216.59,0.96,102.7,0.95,115.3,0.97,100.02,0.98,631.0,0.01,0.01,2350.991383,1776274736000
1776274738.043,238.043,0.02,413.69,0.01,8911.0,0.04,206.4,0.05,226.59,0.96,196.4,0.95,216.59,0.97,95.02,0.98,931.0,0.02,0.01,2350.840318,1776274737000
1776274738.79,238.79,0.02,418.69,0.01,9279.6,0.03,142.97,0.04,142.93,0.96,189.07,0.95,125.3,0.98,413.69,0.99,8911.0,0.01,0.02,2350.840318,1776274737000
1776274739.317,239.317,0.02,418.69,0.01,9299.6,0.03,248.67,0.04,137.93,0.97,162.97,0.96,132.93,0.98,423.69,0.99,9279.6,0.01,0.01,2350.843223,1776274738000
1776274739.734,239.734,0.02,297.62,0.01,9315.6,0.03,372.37,0.04,132.93,0.97,248.67,0.96,137.93,0.98,418.69,0.99,9299.6,0.01,0.01,2350.843223,1776274738000
1776274740.655,240.655,0.02,297.62,0.01,9708.6,0.03,248.67,0.04,132.93,0.97,372.37,0.96,132.93,0.98,297.62,0.99,9315.6,0.01,0.01,2350.859122,1776274739000
1776274741.032,241.032,0.02,293.62,0.01,9308.6,0.03,253.67,0.04,137.93,0.97,248.67,0.96,132.93,0.98,297.62,0.99,9708.6,0.01,0.01,2350.997984,1776274740000
1776274741.457,241.457,0.02,262.96,0.01,9308.6,0.03,248.67,0.04,132.93,0.97,253.67,0.96,132.93,0.98,271.46,0.99,9308.6,0.01,0.01,2350.997984,1776274740000
1776274741.741,241.741,0.02,260.91,0.01,9279.6,0.03,248.67,0.04,132.93,0.97,248.67,0.96,132.93,0.98,262.96,0.99,9308.6,0.01,0.01,2350.997984,1776274740000
1776274742.378,242.378,0.02,265.91,0.01,9700.6,0.03,303.64,0.04,137.93,0.97,248.67,0.96,132.93,0.98,260.91,0.99,9279.6,0.01,0.01,2351.115229,1776274741000
1776274742.694,242.694,0.02,248.85,0.01,10338.6,0.03,338.64,0.04,137.93,0.97,348.64,0.96,137.93,0.98,249.88,0.99,9679.6,0.01,0.01,2351.115229,1776274741000
1776274743.025,243.025,0.02,248.85,0.01,9679.6,0.03,290.74,0.04,113.93,0.97,338.64,0.96,137.93,0.98,248.85,0.99,10338.6,0.01,0.01,2351.115229,1776274741000
1776274743.555,243.555,0.02,248.85,0.01,9679.6,0.03,264.34,0.04,113.93,0.97,290.74,0.96,113.93,0.98,248.85,0.99,9679.6,0.01,0.01,2351.19421,1776274742000
1776274743.865,243.865,0.02,225.79,0.01,9679.6,0.03,269.34,0.04,113.93,0.97,264.34,0.96,113.93,0.98,243.79,0.99,9679.6,0.01,0.01,2351.19421,1776274742000
1776274744.235,244.235,0.02,230.79,0.01,9679.6,0.03,203.84,0.04,113.93,0.97,258.04,0.96,113.93,0.98,225.79,0.99,9679.6,0.01,0.01,2351.19305,1776274743000
1776274744.825,244.825,0.02,213.03,0.01,9879.6,0.03,244.84,0.04,113.93,0.97,208.84,0.96,113.93,0.98,220.58,0.99,9879.6,0.01,0.01,2351.19305,1776274743000
1776274745.546,245.546,0.02,210.98,0.01,4279.6,0.03,264.84,0.04,113.93,0.97,244.84,0.96,113.93,0.98,213.03,0.99,9879.6,0.01,0.01,2350.97035,1776274744000
1776274746.133,246.133,0.02,103.86,0.01,4279.6,0.03,254.84,0.04,113.93,0.97,259.84,0.96,113.93,0.98,108.95,0.99,4279.6,0.01,0.01,2350.867629,1776274745000
1776274746.493,246.493,0.02,101.81,0.01,4579.6,0.03,328.84,0.04,113.93,0.97,254.84,0.96,113.93,0.98,103.86,0.99,4279.6,0.01,0.01,2350.867629,1776274745000
1776274747.216,247.216,0.01,4564.6,,,0.02,343.15,0.03,434.01,0.97,436.84,0.96,113.93,0.99,4579.6,,,0.01,0.02,2350.867629,1776274745000
1776274747.579,247.579,0.01,4560.6,,,0.02,5597.09,0.03,451.01,0.98,343.15,0.97,434.01,0.99,4564.6,,,0.01,0.01,2350.738875,1776274746000
1776274748.303,248.303,0.01,4528.6,,,0.02,5587.0,0.03,466.31,0.98,5597.09,0.97,451.01,0.99,4560.6,,,0.01,0.01,2350.738875,1776274746000
1776274748.901,248.901,0.01,4528.55,,,0.02,5692.0,0.03,487.31,0.98,5587.0,0.97,466.31,0.99,4528.6,,,0.01,0.01,2350.5411,1776274747000
1776274749.218,249.218,0.01,3865.46,,,0.02,5687.0,0.03,487.31,0.98,5692.0,0.97,487.31,0.99,4528.55,,,0.01,0.01,2350.5411,1776274747000
1776274749.584,249.584,0.01,3814.96,,,0.02,5687.0,0.03,498.31,0.98,5687.0,0.97,487.31,0.99,3865.46,,,0.01,0.01,2350.403556,1776274748000
1776274749.958,249.958,0.01,3671.96,,,0.02,5687.0,0.03,503.31,0.98,5687.0,0.97,498.31,0.99,3714.96,,,0.01,0.01,2350.403556,1776274748000
1776274750.239,250.239,0.01,3201.96,,,0.02,5585.0,0.03,503.31,0.98,5585.0,0.97,503.31,0.99,3351.96,,,0.01,0.01,2350.403556,1776274748000
1776274750.524,250.524,0.01,3194.4,,,0.02,5585.0,0.03,503.31,0.98,5590.0,0.97,503.31,0.99,3204.96,,,0.01,0.01,2350.403556,1776274748000
1776274750.859,250.859,0.01,2693.08,,,0.02,5585.0,0.03,503.31,0.98,5585.0,0.97,503.31,0.99,3194.4,,,0.01,0.01,2350.4437,1776274749000
1776274751.1,251.1,0.01,2678.08,,,0.02,5590.0,0.03,503.31,0.98,5585.0,0.97,503.31,0.99,2693.08,,,0.01,0.01,2350.4437,1776274749000
1776274751.833,251.833,0.01,2620.48,,,0.02,5581.0,0.03,503.31,0.98,5590.0,0.97,503.31,0.99,2655.84,,,0.01,0.01,2350.461982,1776274750000
1776274753.582,253.582,0.01,2564.48,,,0.02,5481.0,0.03,503.31,0.98,5581.0,0.97,503.31,0.99,2620.48,,,0.01,0.01,2350.458393,1776274751000
1776274754.295,254.295,0.01,2453.27,,,0.02,5481.0,0.03,503.31,0.98,5481.0,0.97,503.31,0.99,2564.48,,,0.01,0.01,2350.448523,1776274752000
1776274754.914,254.914,0.01,2092.67,,,0.02,5481.0,0.03,503.31,0.98,5481.0,0.97,503.31,0.99,2453.27,,,0.01,0.01,2350.448524,1776274753000
1776274755.135,255.135,0.01,1556.65,,,0.02,5481.0,0.03,503.31,0.98,5481.0,0.97,503.31,0.99,2061.65,,,0.01,0.01,2350.448524,1776274753000
1776274755.368,255.368,0.01,1415.45,,,0.02,5486.0,0.03,503.31,0.98,5481.0,0.97,503.31,0.99,1511.45,,,0.01,0.01,2350.448517,1776274754000
1776274755.766,255.766,0.01,1406.45,,,0.02,5486.0,0.03,503.31,0.98,5486.0,0.97,503.31,0.99,1409.45,,,0.01,0.01,2350.448517,1776274754000
1776274756.338,256.338,0.01,1361.45,,,0.02,5486.0,0.03,508.31,0.98,5486.0,0.97,503.31,0.99,1406.45,,,0.01,0.01,2350.448517,1776274754000
1776274756.557,256.557,0.01,1345.43,,,0.02,5481.0,0.03,513.31,0.98,5481.0,0.97,508.31,0.99,1355.43,,,0.01,0.01,2350.448517,1776274754000
1776274756.785,256.785,0.01,944.2,,,0.02,5485.0,0.03,513.31,0.98,5481.0,0.97,513.31,0.99,1312.89,,,0.01,0.01,2350.448517,1776274754000
1776274756.987,256.987,0.01,936.12,,,0.02,5485.0,0.03,513.31,0.98,5485.0,0.97,513.31,0.99,944.2,,,0.01,0.01,2350.448871,1776274755000
1776274757.52,257.52,,,,,0.01,6538.62,0.02,5496.61,0.99,6304.32,0.98,5501.61,,,,,,,2350.448871,1776274755000
1776274757.859,257.859,,,,,0.01,6421.75,0.02,5496.61,0.99,6431.73,0.98,5496.61,,,,,,,2350.466426,1776274756000
1776274758.774,258.774,,,,,0.01,6416.76,0.02,5496.61,0.99,6421.75,0.98,5496.61,,,,,,,2350.456744,1776274757000
1776274759.347,259.347,,,,,0.01,6410.36,0.02,247.76,0.99,6416.76,0.98,5496.61,,,,,,,2350.449263,1776274758000
1776274759.616,259.616,,,,,0.01,6289.54,0.02,247.76,0.99,6410.36,0.98,247.76,,,,,,,2350.449263,1776274758000
1776274759.968,259.968,,,,,0.01,6277.04,0.02,247.76,0.99,6283.24,0.98,247.76,,,,,,,2350.449263,1776274758000
1776274760.488,260.488,,,,,0.01,6290.72,0.02,247.76,0.99,6277.04,0.98,247.76,,,,,,,2350.449263,1776274758000
1776274760.81,260.81,,,,,0.01,6150.19,0.02,247.76,0.99,6290.72,0.98,247.76,,,,,,,2350.449263,1776274758000
1776274761.127,261.127,,,,,0.01,6143.99,0.02,247.76,0.99,6150.19,0.98,247.76,,,,,,,2350.439294,1776274759000
1776274762.703,262.703,,,,,0.01,6146.2,0.02,247.76,0.99,6143.99,0.98,247.76,,,,,,,2350.43998,1776274761000
1776274763.76,263.76,,,,,0.01,6126.2,0.02,247.76,0.99,6146.2,0.98,247.76,,,,,,,2350.44142,1776274762000
1776274768.002,268.002,,,,,0.01,6121.25,0.02,347.76,0.99,6106.2,0.98,247.76,,,,,,,2350.508084,1776274766000
1776274771.979,271.979,,,,,0.01,14141.27,0.02,247.76,0.99,6121.25,0.98,347.76,,,,,,,2350.025354,1776274770000
1776274776.512,276.512,,,,,0.01,16584.27,0.02,64.06,0.99,14141.27,0.98,247.76,,,,,,,2349.819659,1776274775000
1776274776.866,276.866,,,,,0.01,16604.52,0.02,64.06,0.99,16584.27,0.98,64.06,,,,,,,2349.819659,1776274775000
1776274777.188,277.188,,,,,0.01,16598.32,0.02,64.06,0.99,16604.52,0.98,64.06,,,,,,,2349.819659,1776274775000
1776274777.707,277.707,,,,,0.01,17538.97,0.02,64.06,0.99,16598.32,0.98,64.06,,,,,,,2349.682662,1776274776000
1776274778.055,278.055,,,,,0.01,17532.67,0.02,64.06,0.99,17538.97,0.98,64.06,,,,,,,2349.682662,1776274776000
1776274778.434,278.434,,,,,0.01,17550.47,0.02,64.06,0.99,17532.67,0.98,64.06,,,,,,,2349.682662,1776274776000
1776274797.97,297.97,,,,,0.01,20154.36,0.02,54.06,0.99,17550.47,0.98,64.06,,,,,,,2347.924161,1776274796000

# RESULT,winner=Down,slug=eth-updown-5m-1776274500,ticks=405
