timestamp,elapsed_sec,up_bid_p1,up_bid_s1,up_bid_p2,up_bid_s2,up_ask_p1,up_ask_s1,up_ask_p2,up_ask_s2,down_bid_p1,down_bid_s1,down_bid_p2,down_bid_s2,down_ask_p1,down_ask_s1,down_ask_p2,down_ask_s2,up_spread,down_spread,eth_price,eth_oracle_ts
1776330000.801,0.801,0.52,14.22,0.51,116.02,0.53,6.91,0.6,38.0,0.47,6.91,0.4,38.0,0.48,19.22,0.49,9.02,0.01,0.01,2339.48444,1776329999000
1776330001.007,1.007,0.52,14.22,0.51,116.02,0.53,6.91,0.6,38.0,0.47,6.91,0.4,38.0,0.48,14.22,0.49,116.02,0.01,0.01,2339.48417,1776330000000
1776330002.277,2.277,0.52,14.22,0.51,116.02,0.53,6.91,0.6,38.0,0.47,6.91,0.4,38.0,0.48,14.22,0.49,116.02,0.01,0.01,2339.4703,1776330001000
1776330002.505,2.505,0.51,110.27,0.5,13.0,0.53,11.91,0.54,10.0,0.47,16.91,0.46,80.0,0.48,14.97,0.49,116.02,0.02,0.01,2339.4703,1776330001000
1776330003.407,3.407,0.36,0.5,0.34,70.0,0.4,8.33,0.41,5.0,0.47,11.91,0.46,10.0,0.6,70.0,0.61,70.0,0.04,0.13,2339.4703,1776330001000
1776330003.671,3.671,0.34,64.48,0.33,70.0,0.4,5.0,0.41,10.0,0.58,80.0,0.57,75.0,0.66,64.48,0.67,70.0,0.06,0.08,2339.4703,1776330001000
1776330004.158,4.158,0.34,35.18,0.33,70.0,0.35,6.05,0.36,10.0,0.65,6.05,0.64,10.0,0.66,35.18,0.67,70.0,0.01,0.01,2339.4357,1776330003000
1776330004.894,4.894,0.34,48.66,0.33,80.0,0.35,0.28,0.4,10.0,0.65,12.05,0.64,10.0,0.66,43.66,0.67,70.0,0.01,0.01,2339.4357,1776330003000
1776330005.279,5.279,0.39,13.0,0.38,10.0,0.4,10.0,0.41,10.0,0.6,10.0,0.59,10.0,0.61,13.0,0.62,10.0,0.01,0.01,2338.528552,1776330004000
1776330005.563,5.563,0.42,6.12,0.41,5.0,0.43,10.0,0.44,10.0,0.6,10.0,0.59,10.0,0.61,13.0,0.62,10.0,0.01,0.01,2338.528552,1776330004000
1776330005.78,5.78,0.4,71.95,0.39,80.0,0.41,10.0,0.42,10.0,0.57,10.0,0.56,10.0,0.6,78.25,0.61,80.0,0.01,0.03,2338.528552,1776330004000
1776330006.042,6.042,0.4,66.95,0.39,80.0,0.41,20.0,0.42,15.0,0.59,10.0,0.58,10.0,0.6,71.95,0.61,80.0,0.01,0.01,2338.528552,1776330004000
1776330006.393,6.393,0.4,66.95,0.39,80.0,0.41,20.0,0.42,15.0,0.59,20.0,0.58,15.0,0.6,66.95,0.61,80.0,0.01,0.01,2338.311305,1776330005000
1776330006.92,6.92,0.4,66.95,0.39,80.0,0.41,20.0,0.42,15.0,0.59,20.0,0.58,15.0,0.6,66.95,0.61,80.0,0.01,0.01,2338.30839,1776330006000
1776330007.147,7.147,0.4,62.91,0.39,80.0,0.41,20.0,0.42,20.0,0.59,20.0,0.58,15.0,0.6,66.95,0.61,80.0,0.01,0.01,2338.30839,1776330006000
1776330007.719,7.719,0.4,67.91,0.39,80.0,0.41,11.6,0.42,62.0,0.59,20.0,0.58,20.0,0.6,62.91,0.61,80.0,0.01,0.01,2338.30839,1776330006000
1776330008.01,8.01,0.4,67.91,0.39,80.0,0.41,11.6,0.42,62.0,0.59,11.6,0.58,62.0,0.6,67.91,0.61,80.0,0.01,0.01,2338.5512,1776330007000
1776330008.372,8.372,0.4,67.91,0.39,80.0,0.41,1.96,0.42,28.0,0.59,11.6,0.58,62.0,0.6,67.91,0.61,80.0,0.01,0.01,2338.5512,1776330007000
1776330009.12,9.12,0.4,61.24,0.39,80.0,0.41,1.96,0.42,28.0,0.59,1.96,0.58,28.0,0.6,61.24,0.61,80.0,0.01,0.01,2338.653825,1776330008000
1776330009.529,9.529,0.4,61.24,0.39,80.0,0.42,5.26,0.43,38.24,0.59,1.96,0.58,28.0,0.6,61.24,0.61,80.0,0.02,0.01,2338.653825,1776330008000
1776330009.921,9.921,0.4,5.5,0.36,70.0,0.41,205.7,0.42,25.76,0.58,5.26,0.57,38.24,0.6,61.24,0.61,80.0,0.01,0.02,2338.653825,1776330008000
1776330010.128,10.128,0.4,0.5,0.36,70.0,0.41,205.7,0.42,25.76,0.59,205.7,0.58,25.76,0.6,0.5,0.64,70.0,0.01,0.01,2338.642145,1776330009000
1776330010.536,10.536,0.36,61.0,0.35,80.0,0.37,50.5,0.38,238.5,0.59,205.7,0.58,25.76,0.6,0.5,0.64,70.0,0.01,0.01,2338.642145,1776330009000
1776330011.505,11.505,0.36,49.0,0.35,270.5,0.37,87.0,0.38,38.5,0.63,50.5,0.62,238.5,0.64,61.0,0.65,80.0,0.01,0.01,2338.522363,1776330010000
1776330011.769,11.769,0.36,331.5,0.35,90.5,0.38,4.73,0.39,30.5,0.63,87.0,0.62,38.5,0.64,49.0,0.65,270.5,0.02,0.01,2338.522363,1776330010000
1776330012.09,12.09,0.37,55.23,0.36,326.5,0.38,4.73,0.39,30.5,0.62,4.73,0.61,30.5,0.64,331.5,0.65,90.5,0.01,0.02,2338.522363,1776330010000
1776330012.309,12.309,0.37,50.23,0.36,326.5,0.38,2.09,0.39,30.5,0.62,4.73,0.61,30.5,0.63,55.23,0.64,326.5,0.01,0.01,2338.36583,1776330011000
1776330012.767,12.767,0.37,50.23,0.36,326.5,0.39,26.59,0.4,38.5,0.61,26.59,0.6,28.5,0.63,50.23,0.64,326.5,0.02,0.02,2338.36583,1776330011000
1776330014.134,14.134,0.42,30.5,0.41,280.5,0.43,13.24,0.44,5.0,0.61,26.59,0.6,38.5,0.63,50.23,0.64,326.5,0.01,0.02,2338.387105,1776330012000
1776330015.722,15.722,0.45,15.0,0.44,36.76,0.46,29.04,0.47,37.0,0.54,13.04,0.53,195.0,0.56,15.0,0.57,135.5,0.01,0.02,2338.451324,1776330014000
1776330016.069,16.069,0.46,7.61,0.45,69.5,0.47,31.5,0.48,72.0,0.54,29.04,0.53,37.0,0.55,15.0,0.56,36.76,0.01,0.01,2338.451324,1776330014000
1776330017.037,17.037,0.45,9.65,0.44,36.76,0.46,30.5,0.47,93.5,0.53,31.5,0.52,72.0,0.54,2.61,0.55,69.5,0.01,0.01,2338.857623,1776330015000
1776330017.648,17.648,0.46,238.5,0.45,142.15,0.49,15.8,0.5,77.5,0.54,30.5,0.53,93.5,0.55,9.65,0.56,36.76,0.03,0.01,2339.06169,1776330016000
1776330018.72,18.72,0.47,79.25,0.46,329.5,0.48,2.0,0.49,21.3,0.52,2.0,0.51,21.3,0.53,312.5,0.54,87.5,0.01,0.01,2339.062635,1776330017000
1776330020.095,20.095,0.47,51.16,0.46,71.5,0.48,82.5,0.49,207.64,0.51,12.64,0.5,25.5,0.53,79.25,0.54,329.5,0.01,0.02,2339.324027,1776330019000
1776330020.762,20.762,0.47,45.82,0.46,71.5,0.48,57.0,0.49,207.64,0.52,82.5,0.51,207.64,0.53,51.16,0.54,71.5,0.01,0.01,2339.324027,1776330019000
1776330021.857,21.857,0.48,19.23,0.47,309.31,0.49,16.0,0.5,20.5,0.52,57.0,0.51,207.64,0.53,45.82,0.54,71.5,0.01,0.01,2339.287307,1776330020000
1776330022.429,22.429,0.47,45.82,0.46,84.49,0.48,4.38,0.49,82.5,0.51,16.0,0.5,20.5,0.52,19.23,0.53,309.31,0.01,0.01,2339.325333,1776330021000
1776330023.636,23.636,0.47,10.41,0.45,10.0,0.48,296.5,0.49,30.5,0.52,4.38,0.51,82.5,0.53,45.82,0.54,84.49,0.01,0.01,2339.248539,1776330022000
1776330023.857,23.857,0.45,10.0,0.44,25.77,0.46,42.63,0.47,30.5,0.52,296.5,0.51,30.5,0.55,10.0,0.56,36.27,0.01,0.03,2339.248539,1776330022000
1776330025.433,25.433,0.45,148.38,0.44,41.27,0.46,67.0,0.47,200.0,0.54,42.63,0.53,30.5,0.55,10.0,0.56,25.77,0.01,0.01,2339.246939,1776330024000
1776330026.452,26.452,0.45,89.49,0.44,5.0,0.46,110.5,0.47,221.5,0.54,67.0,0.53,200.0,0.55,148.38,0.56,41.27,0.01,0.01,2339.126185,1776330025000
1776330026.827,26.827,0.45,26.48,0.43,70.0,0.46,328.5,0.47,35.5,0.54,116.5,0.53,35.5,0.55,29.76,0.57,70.0,0.01,0.01,2339.126185,1776330025000
1776330027.289,27.289,0.43,117.17,0.42,90.5,0.45,49.5,0.46,233.5,0.54,328.5,0.53,35.5,0.57,70.0,0.58,80.0,0.02,0.03,2339.201575,1776330026000
1776330029.475,29.475,0.44,4.64,0.43,71.67,0.45,290.5,0.46,58.5,0.55,49.5,0.54,233.5,0.57,117.17,0.58,90.5,0.01,0.02,2338.85024,1776330028000
1776330030.767,30.767,0.44,10.14,0.43,139.17,0.45,58.0,0.46,238.5,0.55,290.5,0.54,58.5,0.56,4.64,0.57,71.67,0.01,0.01,2338.869752,1776330029000
1776330031.336,31.336,0.44,13.35,0.43,139.17,0.45,44.0,0.46,225.5,0.55,58.0,0.54,238.5,0.56,10.14,0.57,139.17,0.01,0.01,2338.875761,1776330030000
1776330031.8,31.8,0.44,6.56,0.43,139.17,0.45,44.0,0.46,282.5,0.55,44.0,0.54,225.5,0.56,13.35,0.57,139.17,0.01,0.01,2338.875761,1776330030000
1776330034.386,34.386,0.44,1.06,0.43,82.17,0.47,16.06,0.48,53.49,0.55,44.0,0.54,282.5,0.56,6.56,0.57,139.17,0.03,0.01,2339.011,1776330033000
1776330035.58,35.58,0.44,28.06,0.43,144.17,0.46,14.89,0.47,21.06,0.53,16.06,0.52,53.49,0.56,1.06,0.57,82.17,0.02,0.03,2338.899347,1776330034000
1776330036.952,36.952,0.44,23.06,0.43,76.67,0.45,45.57,0.46,25.89,0.54,14.89,0.53,21.06,0.56,28.06,0.57,144.17,0.01,0.02,2338.886389,1776330036000
1776330037.726,37.726,0.44,9.27,0.43,76.67,0.45,292.57,0.46,41.39,0.55,45.57,0.54,25.89,0.56,23.06,0.57,76.67,0.01,0.01,2338.886389,1776330036000
1776330039.62,39.62,0.44,5.0,0.43,71.67,0.45,334.57,0.46,35.39,0.55,292.57,0.54,41.39,0.56,9.27,0.57,76.67,0.01,0.01,2338.8881,1776330038000
1776330040.418,40.418,0.43,36.67,0.42,80.0,0.45,339.57,0.46,35.39,0.55,334.57,0.54,35.39,0.56,5.0,0.57,71.67,0.02,0.01,2338.96107,1776330039000
1776330041.39,41.39,0.43,14.12,0.42,90.5,0.44,345.0,0.45,80.0,0.55,339.57,0.54,35.39,0.57,31.67,0.58,80.0,0.01,0.02,2338.957298,1776330040000
1776330042.796,42.796,0.43,14.26,0.42,147.5,0.44,57.0,0.45,105.0,0.56,345.0,0.55,80.0,0.57,14.12,0.58,90.5,0.01,0.01,2338.954442,1776330041000
1776330043.342,43.342,0.43,3.76,0.42,90.5,0.44,229.72,0.45,93.0,0.56,57.0,0.55,105.0,0.57,14.26,0.58,147.5,0.01,0.01,2338.954645,1776330042000
1776330045.391,45.391,0.42,84.19,0.41,162.67,0.44,348.72,0.45,31.0,0.56,229.72,0.55,93.0,0.57,3.76,0.58,90.5,0.02,0.01,2338.842576,1776330044000
1776330045.896,45.896,0.42,75.56,0.41,162.67,0.43,118.0,0.44,296.72,0.56,348.72,0.55,31.0,0.58,84.19,0.59,162.67,0.01,0.02,2338.842576,1776330044000
1776330049.466,49.466,0.42,88.83,0.41,157.67,0.43,91.0,0.44,264.72,0.57,118.0,0.56,296.72,0.58,75.56,0.59,162.67,0.01,0.01,2338.980938,1776330048000
1776330050.934,50.934,0.42,80.43,0.41,157.67,0.43,40.0,0.44,264.72,0.57,91.0,0.56,264.72,0.58,88.83,0.59,157.67,0.01,0.01,2338.980899,1776330049000
1776330051.427,51.427,0.42,68.43,0.41,100.67,0.43,82.54,0.44,84.72,0.57,40.0,0.56,264.72,0.58,80.43,0.59,157.67,0.01,0.01,2338.980899,1776330049000
1776330052.976,52.976,0.42,68.43,0.41,162.67,0.43,67.07,0.44,264.72,0.57,82.54,0.56,84.72,0.58,63.43,0.59,100.67,0.01,0.01,2338.899571,1776330050000
1776330057.842,57.842,0.42,85.93,0.41,162.67,0.44,182.15,0.45,100.5,0.57,67.07,0.56,264.72,0.58,68.43,0.59,162.67,0.02,0.01,2338.865466,1776330056000
1776330058.149,58.149,0.42,78.41,0.41,167.67,0.44,232.15,0.45,100.5,0.56,182.15,0.55,100.5,0.58,85.93,0.59,162.67,0.02,0.02,2338.865466,1776330056000
1776330058.423,58.423,0.42,57.91,0.41,167.67,0.43,30.0,0.44,295.15,0.56,232.15,0.55,100.5,0.58,78.41,0.59,167.67,0.01,0.02,2338.865466,1776330056000
1776330058.906,58.906,0.42,68.41,0.41,167.67,0.43,5.0,0.44,295.15,0.57,30.0,0.56,295.15,0.58,57.91,0.59,167.67,0.01,0.01,2338.975149,1776330057000
1776330060.409,60.409,0.42,47.73,0.41,193.37,0.43,56.0,0.44,244.15,0.57,5.0,0.56,295.15,0.58,68.41,0.59,167.67,0.01,0.01,2338.9182,1776330059000
1776330060.87,60.87,0.42,58.23,0.41,193.37,0.43,48.67,0.44,249.15,0.57,56.0,0.56,244.15,0.58,47.73,0.59,193.37,0.01,0.01,2338.9182,1776330059000
1776330061.786,61.786,0.42,58.23,0.41,193.37,0.43,38.2,0.44,249.15,0.57,48.67,0.56,249.15,0.58,58.23,0.59,193.37,0.01,0.01,2338.9182,1776330059000
1776330062.892,62.892,0.42,85.61,0.41,322.66,0.43,38.2,0.44,192.15,0.57,38.2,0.56,192.15,0.58,47.98,0.59,193.37,0.01,0.01,2338.928,1776330061000
1776330064.949,64.949,0.42,66.51,0.41,322.66,0.43,58.2,0.44,18.15,0.57,38.2,0.56,192.15,0.58,85.61,0.59,322.66,0.01,0.01,2339.0588,1776330063000
1776330066.865,66.865,0.42,61.66,0.41,290.67,0.43,58.2,0.44,18.15,0.57,58.2,0.56,18.15,0.58,66.51,0.59,322.66,0.01,0.01,2338.933,1776330065000
1776330070.243,70.243,0.42,56.16,0.41,323.66,0.43,20.0,0.44,18.15,0.57,58.2,0.56,18.15,0.58,61.66,0.59,290.67,0.01,0.01,2339.02453,1776330069000
1776330074.37,74.37,0.42,51.16,0.41,323.66,0.43,25.53,0.44,12.15,0.57,20.0,0.56,18.15,0.58,56.16,0.59,323.66,0.01,0.01,2339.030815,1776330073000
1776330075.615,75.615,0.42,2.0,0.41,100.17,0.43,72.53,0.44,259.65,0.57,25.53,0.56,12.15,0.58,51.16,0.59,323.66,0.01,0.01,2338.886748,1776330074000
1776330076.464,76.464,0.41,62.17,0.4,70.0,0.42,126.38,0.43,68.03,0.57,314.53,0.56,22.65,0.59,67.17,0.6,152.5,0.01,0.02,2338.886401,1776330075000
1776330076.702,76.702,0.41,7.17,0.4,327.5,0.42,107.0,0.43,20.53,0.58,126.38,0.57,68.03,0.59,62.17,0.6,70.0,0.01,0.01,2338.886401,1776330075000
1776330077.881,77.881,0.4,64.87,0.39,115.99,0.41,7.41,0.42,101.03,0.58,102.0,0.57,15.0,0.59,64.44,0.6,270.37,0.01,0.01,2338.941207,1776330076000
1776330078.644,78.644,0.39,52.68,0.37,185.0,0.4,20.5,0.41,172.62,0.59,7.41,0.58,101.03,0.6,64.87,0.61,115.99,0.01,0.01,2338.877307,1776330077000
1776330078.856,78.856,0.39,31.12,0.37,190.0,0.4,139.0,0.41,100.62,0.6,144.0,0.59,100.62,0.61,39.05,0.63,190.0,0.01,0.01,2338.877307,1776330077000
1776330079.642,79.642,0.39,26.12,0.37,252.0,0.4,86.26,0.41,106.61,0.6,107.0,0.59,100.62,0.61,26.12,0.63,190.0,0.01,0.01,2338.94255,1776330078000
1776330081.312,81.312,0.39,24.48,0.38,5.0,0.4,114.25,0.41,274.91,0.6,86.26,0.59,106.61,0.61,26.12,0.63,252.0,0.01,0.01,2338.656783,1776330080000
1776330082.056,82.056,0.35,64.55,0.32,97.99,0.36,15.0,0.37,20.0,0.6,114.25,0.59,274.91,0.61,24.48,0.62,5.0,0.01,0.01,2338.658853,1776330081000
1776330082.36,82.36,0.35,60.44,0.34,10.5,0.36,66.0,0.37,25.0,0.64,25.0,0.63,20.0,0.65,64.06,0.68,62.0,0.01,0.01,2338.658853,1776330081000
1776330082.871,82.871,0.4,136.0,0.39,110.7,0.41,7.0,0.42,10.0,0.64,66.0,0.63,25.0,0.65,60.44,0.66,10.5,0.01,0.01,2338.658853,1776330081000
1776330083.358,83.358,0.4,127.5,0.39,126.99,0.41,4.0,0.42,15.0,0.59,7.0,0.58,15.0,0.6,131.0,0.61,115.7,0.01,0.01,2338.58785,1776330082000
1776330084.019,84.019,0.42,10.81,0.41,57.5,0.43,15.0,0.44,2.15,0.59,4.0,0.58,15.0,0.6,127.5,0.61,126.99,0.01,0.01,2338.552601,1776330083000
1776330084.67,84.67,0.44,389.5,0.43,33.5,0.45,7.98,0.47,5.0,0.57,15.0,0.56,2.15,0.58,10.81,0.59,57.5,0.01,0.01,2338.552601,1776330083000
1776330084.899,84.899,0.51,10.5,0.5,94.5,0.53,9.84,0.54,10.0,0.48,7.9,0.47,10.0,0.5,52.5,0.51,32.0,0.02,0.02,2338.552601,1776330083000
1776330085.224,85.224,0.52,143.5,0.51,132.5,0.53,2.43,0.54,10.0,0.45,8.88,0.44,15.5,0.48,97.5,0.49,122.5,0.01,0.03,2338.6669,1776330084000
1776330085.442,85.442,0.53,61.7,0.52,23.41,0.54,2.43,0.55,8.88,0.46,7.43,0.45,8.88,0.48,164.41,0.49,132.5,0.01,0.02,2338.6669,1776330084000
1776330085.755,85.755,0.53,82.5,0.52,15.5,0.54,27.14,0.55,8.88,0.45,8.88,0.44,15.5,0.47,116.7,0.48,18.41,0.01,0.02,2338.6669,1776330084000
1776330086.158,86.158,0.53,64.22,0.52,40.79,0.54,27.14,0.55,8.88,0.46,17.14,0.45,8.88,0.47,72.5,0.48,15.5,0.01,0.01,2338.93814,1776330085000
1776330087.199,87.199,0.53,90.51,0.52,27.5,0.54,32.14,0.55,8.88,0.46,27.14,0.45,8.88,0.47,64.22,0.48,40.79,0.01,0.01,2339.686609,1776330086000
1776330087.547,87.547,0.53,85.51,0.52,27.5,0.54,15.24,0.55,8.88,0.46,25.74,0.45,8.88,0.47,90.51,0.48,27.5,0.01,0.01,2339.686609,1776330086000
1776330087.976,87.976,0.53,73.51,0.52,37.5,0.54,11.04,0.55,8.88,0.46,15.24,0.45,8.88,0.47,85.51,0.48,27.5,0.01,0.01,2339.877523,1776330087000
1776330088.183,88.183,0.53,19.79,0.52,37.5,0.54,47.04,0.55,8.88,0.46,11.04,0.45,8.88,0.47,73.51,0.48,37.5,0.01,0.01,2339.877523,1776330087000
1776330088.641,88.641,0.53,16.5,0.52,63.2,0.54,10.0,0.55,65.88,0.46,16.04,0.45,65.88,0.47,0.5,0.48,37.5,0.01,0.01,2339.877523,1776330087000
1776330088.981,88.981,0.53,82.78,0.52,63.2,0.54,10.0,0.55,65.88,0.46,15.0,0.45,65.88,0.47,16.28,0.48,63.2,0.01,0.01,2339.761553,1776330088000
1776330089.398,89.398,0.53,95.77,0.52,47.5,0.54,5.0,0.55,65.88,0.46,10.0,0.45,65.88,0.47,82.78,0.48,63.2,0.01,0.01,2339.761553,1776330088000
1776330089.786,89.786,0.54,36.2,0.53,43.79,0.55,123.88,0.56,15.5,0.46,5.0,0.45,65.88,0.47,95.77,0.48,47.5,0.01,0.01,2339.761553,1776330088000
1776330090.323,90.323,0.52,53.84,0.51,170.5,0.54,116.0,0.55,210.5,0.45,118.88,0.44,15.5,0.46,46.2,0.47,43.79,0.02,0.01,2339.851992,1776330089000
1776330090.685,90.685,0.52,252.5,0.51,121.2,0.53,69.67,0.54,25.0,0.47,10.0,0.46,148.0,0.48,33.43,0.49,170.5,0.01,0.01,2339.851992,1776330089000
1776330090.989,90.989,0.52,129.79,0.51,108.79,0.53,0.67,0.54,20.5,0.47,69.67,0.46,25.0,0.48,252.5,0.49,121.2,0.01,0.01,2339.851992,1776330089000
1776330091.395,91.395,0.55,86.5,0.54,97.49,0.56,5.5,0.57,80.0,0.46,11.15,0.45,10.0,0.48,149.79,0.49,108.79,0.01,0.02,2339.804869,1776330090000
1776330091.605,91.605,0.55,151.49,0.54,55.5,0.57,72.81,0.58,98.5,0.44,1.58,0.43,80.0,0.45,182.49,0.46,55.5,0.02,0.01,2339.804869,1776330090000
1776330093.0,93.0,0.55,49.5,0.54,42.5,0.57,64.19,0.58,103.5,0.43,64.19,0.42,98.5,0.45,151.49,0.46,55.5,0.02,0.02,2339.740075,1776330091000
1776330094.296,94.296,0.56,8.29,0.55,27.0,0.57,136.69,0.58,283.5,0.43,64.19,0.42,103.5,0.45,49.5,0.46,42.5,0.01,0.02,2339.93061,1776330093000
1776330094.52,94.52,0.56,3.29,0.55,27.0,0.57,91.69,0.58,283.5,0.43,136.69,0.42,283.5,0.44,3.29,0.45,27.0,0.01,0.01,2339.93061,1776330093000
1776330095.202,95.202,0.56,34.99,0.55,27.0,0.57,181.69,0.58,283.5,0.43,91.69,0.42,283.5,0.44,3.29,0.45,27.0,0.01,0.01,2339.8624,1776330094000
1776330095.622,95.622,0.56,9.29,0.55,27.0,0.57,164.4,0.58,283.5,0.43,181.69,0.42,283.5,0.44,34.99,0.45,27.0,0.01,0.01,2339.8624,1776330094000
1776330095.984,95.984,0.56,14.29,0.55,27.0,0.57,76.68,0.58,283.5,0.43,164.4,0.42,283.5,0.44,9.29,0.45,27.0,0.01,0.01,2339.8624,1776330094000
1776330096.295,96.295,0.55,27.0,0.54,25.5,0.57,276.68,0.58,103.5,0.43,91.68,0.42,103.5,0.44,1.1,0.45,27.0,0.02,0.01,2339.8624,1776330095000
1776330096.911,96.911,0.56,5.0,0.55,27.0,0.57,261.68,0.58,103.5,0.43,276.68,0.42,103.5,0.45,27.0,0.46,25.5,0.01,0.02,2339.8624,1776330095000
1776330097.6,97.6,0.55,11.0,0.54,25.5,0.56,34.0,0.57,105.68,0.43,261.68,0.42,103.5,0.44,5.0,0.45,27.0,0.01,0.01,2339.756159,1776330096000
1776330098.569,98.569,0.54,72.79,0.53,42.79,0.55,10.0,0.57,25.5,0.45,39.0,0.44,30.0,0.46,13.62,0.47,42.79,0.01,0.01,2339.832907,1776330097000
1776330098.895,98.895,0.54,42.79,0.53,42.79,0.55,28.0,0.57,25.5,0.45,10.0,0.43,25.5,0.46,72.79,0.47,42.79,0.01,0.01,2339.832907,1776330097000
1776330099.144,99.144,0.54,21.64,0.53,42.79,0.55,48.0,0.57,25.5,0.45,53.0,0.43,25.5,0.46,15.99,0.47,42.79,0.01,0.01,2339.832907,1776330097000
1776330099.373,99.373,0.54,16.64,0.53,42.79,0.55,53.0,0.57,25.5,0.45,48.0,0.43,25.5,0.46,21.64,0.47,42.79,0.01,0.01,2339.832907,1776330097000
1776330099.875,99.875,0.54,11.64,0.53,37.79,0.55,43.0,0.57,25.5,0.45,53.0,0.43,25.5,0.46,11.64,0.47,42.79,0.01,0.01,2339.832907,1776330097000
1776330100.218,100.218,0.54,15.93,0.53,37.79,0.55,43.0,0.57,20.5,0.45,43.0,0.43,25.5,0.46,11.64,0.47,37.79,0.01,0.01,2339.657022,1776330099000
1776330101.014,101.014,0.56,15.0,0.55,38.5,0.57,20.5,0.58,283.5,0.45,43.0,0.43,20.5,0.46,15.93,0.47,37.79,0.01,0.01,2339.657022,1776330099000
1776330101.65,101.65,0.56,4.54,0.55,20.0,0.57,49.5,0.58,213.5,0.43,20.5,0.42,283.5,0.44,15.0,0.45,38.5,0.01,0.01,2339.777847,1776330100000
1776330102.633,102.633,0.55,9.54,0.54,32.43,0.56,44.5,0.57,87.5,0.43,49.5,0.42,213.5,0.45,19.54,0.46,32.43,0.01,0.02,2339.788535,1776330101000
1776330103.439,103.439,0.55,9.54,0.54,32.43,0.56,54.5,0.57,87.5,0.44,44.5,0.43,87.5,0.45,9.54,0.46,32.43,0.01,0.01,2339.788535,1776330102000
1776330104.229,104.229,0.55,10.0,0.54,22.14,0.56,54.5,0.57,87.5,0.44,54.5,0.43,87.5,0.45,9.54,0.46,32.43,0.01,0.01,2339.686289,1776330103000
1776330105.05,105.05,0.54,162.14,0.53,25.5,0.56,291.5,0.57,30.5,0.44,54.5,0.43,87.5,0.45,5.0,0.46,22.14,0.02,0.01,2339.686289,1776330103000
1776330105.852,105.852,0.55,45.5,0.54,92.14,0.56,257.0,0.57,30.5,0.44,291.5,0.43,30.5,0.46,162.14,0.47,25.5,0.01,0.02,2339.735861,1776330104000
1776330106.666,106.666,0.55,35.5,0.54,92.14,0.56,242.0,0.57,30.5,0.44,251.64,0.43,30.5,0.45,40.5,0.46,92.14,0.01,0.01,2339.712504,1776330105000
1776330107.048,107.048,0.55,35.5,0.54,92.14,0.56,232.0,0.57,20.5,0.44,242.0,0.43,30.5,0.45,35.5,0.46,92.14,0.01,0.01,2339.806035,1776330106000
1776330107.483,107.483,0.55,46.5,0.54,92.14,0.56,232.0,0.57,20.5,0.44,232.0,0.43,20.5,0.45,35.5,0.46,92.14,0.01,0.01,2339.806035,1776330106000
1776330107.938,107.938,0.55,41.5,0.54,92.14,0.56,232.0,0.57,20.5,0.44,232.0,0.43,20.5,0.45,46.5,0.46,92.14,0.01,0.01,2339.806035,1776330106000
1776330108.287,108.287,0.55,31.5,0.54,87.14,0.56,232.0,0.57,20.5,0.44,232.0,0.43,20.5,0.45,41.5,0.46,92.14,0.01,0.01,2339.7279,1776330107000
1776330108.585,108.585,0.55,36.0,0.54,92.14,0.56,229.85,0.57,20.5,0.44,232.0,0.43,20.5,0.45,31.5,0.46,87.14,0.01,0.01,2339.7279,1776330107000
1776330109.09,109.09,0.55,41.5,0.54,92.14,0.56,224.85,0.57,20.5,0.44,229.85,0.43,20.5,0.45,36.0,0.46,92.14,0.01,0.01,2339.7279,1776330107000
1776330109.983,109.983,0.55,41.5,0.54,92.14,0.56,229.85,0.57,20.5,0.44,224.85,0.43,20.5,0.45,41.5,0.46,92.14,0.01,0.01,2339.736058,1776330108000
1776330110.785,110.785,0.55,26.5,0.54,92.14,0.56,224.85,0.57,20.5,0.44,229.85,0.43,20.5,0.45,36.5,0.46,92.14,0.01,0.01,2339.76295,1776330109000
1776330111.586,111.586,0.55,10.0,0.54,92.14,0.56,245.35,0.57,20.5,0.44,224.85,0.43,20.5,0.45,26.5,0.46,92.14,0.01,0.01,2339.857095,1776330110000
1776330111.862,111.862,0.54,91.92,0.53,95.5,0.56,245.35,0.57,20.5,0.44,245.35,0.43,20.5,0.45,10.0,0.46,92.14,0.02,0.01,2339.857095,1776330110000
1776330112.433,112.433,0.54,96.92,0.53,95.5,0.56,250.35,0.57,20.5,0.44,250.35,0.43,20.5,0.45,5.0,0.46,111.92,0.02,0.01,2339.857095,1776330110000
1776330113.257,113.257,0.55,5.0,0.54,96.92,0.56,239.85,0.57,20.5,0.44,250.35,0.43,20.5,0.46,96.92,0.47,95.5,0.01,0.02,2339.758,1776330111000
1776330113.937,113.937,0.55,5.0,0.54,96.92,0.56,269.35,0.57,20.5,0.44,239.85,0.43,20.5,0.45,5.0,0.46,96.92,0.01,0.01,2339.76047,1776330112000
1776330114.483,114.483,0.54,116.92,0.53,95.5,0.56,263.34,0.57,20.5,0.44,269.35,0.43,20.5,0.46,96.92,0.47,95.5,0.02,0.02,2339.76047,1776330112000
1776330114.877,114.877,0.54,111.92,0.53,95.5,0.56,258.34,0.57,25.5,0.44,263.34,0.43,20.5,0.46,116.92,0.47,95.5,0.02,0.02,2339.7778,1776330113000
1776330115.682,115.682,0.54,26.42,0.53,25.5,0.55,20.5,0.56,257.98,0.44,257.98,0.43,25.5,0.46,111.92,0.47,95.5,0.01,0.02,2339.7778,1776330114000
1776330116.08,116.08,0.54,1.42,0.53,25.5,0.55,137.5,0.56,186.98,0.45,20.5,0.44,257.98,0.46,26.42,0.47,25.5,0.01,0.01,2339.7778,1776330114000
1776330116.483,116.483,0.53,21.92,0.52,92.5,0.55,137.5,0.56,186.98,0.45,137.5,0.44,186.98,0.46,1.42,0.47,25.5,0.02,0.01,2339.7778,1776330115000
1776330117.293,117.293,0.54,5.0,0.53,21.92,0.55,142.5,0.56,186.98,0.45,137.5,0.44,186.98,0.47,21.92,0.48,92.5,0.01,0.02,2339.7778,1776330115000
1776330118.122,118.122,0.53,21.92,0.52,92.5,0.55,142.5,0.56,186.98,0.45,142.5,0.44,186.98,0.46,5.0,0.47,21.92,0.02,0.01,2339.90241,1776330116000
1776330118.919,118.919,0.54,40.5,0.53,29.92,0.55,10.0,0.56,243.98,0.45,142.5,0.44,186.98,0.47,21.92,0.48,92.5,0.01,0.02,2339.8019,1776330117000
1776330119.712,119.712,0.54,55.5,0.53,29.92,0.56,235.94,0.57,25.5,0.45,10.0,0.44,243.98,0.46,40.5,0.47,29.92,0.02,0.01,2339.81213,1776330118000
1776330119.982,119.982,0.55,63.2,0.54,100.5,0.56,235.94,0.57,30.5,0.44,235.94,0.43,30.5,0.45,5.0,0.46,50.5,0.01,0.01,2339.81213,1776330118000
1776330120.333,120.333,0.55,25.0,0.54,20.0,0.56,224.58,0.57,30.5,0.44,220.94,0.43,30.5,0.45,63.2,0.46,100.5,0.01,0.01,2339.81213,1776330118000
1776330120.549,120.549,0.54,20.0,0.53,160.92,0.56,255.58,0.57,30.5,0.44,224.58,0.43,30.5,0.45,25.0,0.46,20.0,0.02,0.01,2339.81213,1776330118000
1776330121.048,121.048,0.54,9.56,0.53,91.92,0.55,64.13,0.56,236.58,0.45,93.13,0.44,236.58,0.46,20.0,0.47,81.42,0.01,0.01,2339.80006,1776330119000
1776330121.372,121.372,0.54,4.56,0.53,96.92,0.55,74.13,0.56,236.58,0.45,64.13,0.44,236.58,0.46,9.56,0.47,91.92,0.01,0.01,2339.80006,1776330119000
1776330121.78,121.78,0.43,56.26,0.41,10.0,0.47,10.0,0.48,10.0,0.45,74.13,0.44,236.58,0.46,4.56,0.47,96.92,0.04,0.01,2339.8966,1776330120000
1776330121.991,121.991,0.4,13.74,0.39,10.0,0.42,5.0,0.43,25.5,0.57,20.5,0.56,20.5,0.59,1.43,0.6,20.5,0.02,0.02,2339.8966,1776330120000
1776330122.255,122.255,0.41,10.0,0.4,15.93,0.42,26.85,0.43,30.5,0.58,5.0,0.57,44.5,0.6,5.93,0.61,10.0,0.01,0.02,2339.8966,1776330120000
1776330122.494,122.494,0.41,2.31,0.4,5.29,0.42,51.85,0.43,87.5,0.58,51.85,0.57,30.5,0.6,5.29,0.61,67.0,0.01,0.02,2339.8524,1776330121000
1776330123.157,123.157,0.4,0.14,0.39,77.5,0.42,39.0,0.43,30.5,0.58,51.85,0.57,87.5,0.59,2.31,0.6,5.29,0.02,0.01,2339.834093,1776330122000
1776330123.677,123.677,0.4,10.64,0.39,77.5,0.41,6.94,0.42,34.0,0.58,39.0,0.57,30.5,0.6,0.14,0.61,77.5,0.01,0.02,2339.834093,1776330122000
1776330124.101,124.101,0.39,249.44,0.38,157.0,0.41,91.14,0.42,77.5,0.59,6.94,0.58,34.0,0.6,10.64,0.61,77.5,0.02,0.01,2339.834093,1776330122000
1776330125.138,125.138,0.4,82.5,0.39,200.5,0.41,30.45,0.42,10.0,0.59,91.14,0.58,77.5,0.61,249.44,0.62,157.0,0.01,0.02,2339.169101,1776330123000
1776330125.385,125.385,0.4,77.5,0.39,200.5,0.41,25.32,0.42,10.0,0.59,30.45,0.58,10.0,0.6,82.5,0.61,200.5,0.01,0.01,2339.020544,1776330124000
1776330125.756,125.756,0.4,77.5,0.39,200.5,0.41,20.19,0.42,10.0,0.59,25.32,0.58,10.0,0.6,77.5,0.61,200.5,0.01,0.01,2339.020544,1776330124000
1776330126.163,126.163,0.4,80.76,0.39,200.5,0.41,20.19,0.42,10.0,0.59,20.19,0.58,10.0,0.6,77.5,0.61,200.5,0.01,0.01,2339.020544,1776330124000
1776330126.437,126.437,0.4,80.76,0.39,25.5,0.42,10.0,0.43,5.0,0.59,20.19,0.58,10.0,0.6,80.76,0.61,200.5,0.02,0.01,2339.020544,1776330124000
1776330126.706,126.706,0.41,25.5,0.4,128.13,0.44,1.2,0.45,26.5,0.58,10.0,0.57,5.0,0.6,80.76,0.61,25.5,0.03,0.02,2339.06028,1776330125000
1776330128.004,128.004,0.43,6.22,0.42,10.0,0.44,35.2,0.45,26.5,0.56,6.2,0.55,26.5,0.57,18.17,0.58,10.0,0.01,0.01,2338.996728,1776330126000
1776330128.207,128.207,0.43,0.86,0.42,10.0,0.44,11.2,0.45,26.5,0.56,35.2,0.55,26.5,0.57,6.22,0.58,10.0,0.01,0.01,2339.120395,1776330127000
1776330128.778,128.778,0.41,16.94,0.4,255.76,0.43,5.0,0.44,6.2,0.56,11.2,0.55,26.5,0.57,0.86,0.58,10.0,0.02,0.01,2339.120395,1776330127000
1776330129.561,129.561,0.42,70.27,0.41,196.94,0.43,24.0,0.44,16.7,0.57,5.0,0.56,6.2,0.59,16.94,0.6,255.76,0.01,0.02,2339.07785,1776330128000
1776330130.96,130.96,0.41,237.0,0.4,10.0,0.42,14.0,0.43,20.5,0.57,24.0,0.56,16.7,0.58,70.27,0.59,196.94,0.01,0.01,2339.0879,1776330129000
1776330132.616,132.616,0.41,265.39,0.4,25.5,0.42,4.0,0.43,10.0,0.58,14.0,0.57,20.5,0.59,237.0,0.6,10.0,0.01,0.01,2339.188045,1776330131000
1776330134.771,134.771,0.41,254.89,0.4,20.5,0.42,5.71,0.43,15.0,0.58,4.0,0.57,10.0,0.59,265.39,0.6,25.5,0.01,0.01,2339.18645,1776330133000
1776330136.218,136.218,0.41,249.89,0.4,25.5,0.43,11.04,0.44,21.7,0.58,5.71,0.57,15.0,0.59,254.89,0.6,20.5,0.02,0.01,2339.18693,1776330134000
1776330136.797,136.797,0.41,177.89,0.4,67.0,0.42,59.5,0.43,21.54,0.57,11.04,0.56,21.7,0.59,249.89,0.6,25.5,0.01,0.02,2339.06785,1776330135000
1776330137.08,137.08,0.37,180.0,0.36,72.6,0.42,434.49,0.43,118.41,0.58,59.5,0.57,21.54,0.59,177.89,0.6,67.0,0.05,0.01,2339.0679,1776330136000
1776330137.314,137.314,0.36,49.31,0.35,7.0,0.38,107.5,0.39,15.0,0.62,95.5,0.61,15.0,0.63,166.8,0.64,57.0,0.02,0.01,2339.0679,1776330136000
1776330138.515,138.515,0.34,237.0,0.33,34.3,0.35,67.43,0.36,30.5,0.63,30.5,0.62,71.5,0.64,41.74,0.65,7.0,0.01,0.01,2339.0679,1776330137000
1776330139.706,139.706,0.34,227.0,0.33,18.0,0.35,72.43,0.36,30.5,0.65,72.43,0.64,30.5,0.66,232.0,0.67,34.3,0.01,0.01,2338.83684,1776330138000
1776330141.42,141.42,0.34,244.0,0.33,39.3,0.35,67.43,0.36,30.5,0.65,72.43,0.64,30.5,0.66,227.0,0.67,18.0,0.01,0.01,2338.733585,1776330140000
1776330142.114,142.114,0.34,256.03,0.33,49.8,0.35,15.0,0.36,20.0,0.65,67.43,0.64,30.5,0.66,244.0,0.67,39.3,0.01,0.01,2338.733585,1776330140000
1776330142.603,142.603,0.4,326.0,0.39,85.0,0.41,25.4,0.42,25.5,0.64,20.0,0.63,35.5,0.66,256.03,0.67,49.8,0.01,0.02,2338.704845,1776330141000
1776330143.74,143.74,0.43,80.0,0.42,26.0,0.44,12.45,0.45,25.5,0.59,25.4,0.58,25.5,0.6,326.0,0.61,85.0,0.01,0.01,2338.704845,1776330142000
1776330144.158,144.158,0.47,322.0,0.46,111.2,0.48,28.12,0.52,10.0,0.56,12.45,0.55,25.5,0.57,80.0,0.58,26.0,0.01,0.01,2338.6964,1776330143000
1776330144.363,144.363,0.52,44.61,0.51,10.0,0.53,8.02,0.54,19.03,0.47,18.5,0.46,19.03,0.48,48.61,0.49,10.0,0.01,0.01,2338.6964,1776330143000
1776330144.619,144.619,0.52,132.0,0.51,10.0,0.54,11.07,0.55,10.0,0.47,1.53,0.46,11.07,0.48,127.0,0.49,10.0,0.02,0.01,2338.6964,1776330143000
1776330145.424,145.424,0.52,309.91,0.51,25.5,0.53,10.0,0.54,21.57,0.46,11.07,0.45,10.0,0.48,132.0,0.49,10.0,0.01,0.02,2339.00805,1776330144000
1776330146.015,146.015,0.53,379.0,0.52,63.91,0.59,12.0,0.6,185.0,0.47,10.0,0.46,21.57,0.48,309.91,0.49,25.5,0.06,0.01,2339.00805,1776330144000
1776330146.33,146.33,0.68,21.0,0.67,10.0,0.69,79.0,0.7,121.0,0.36,4.9,0.31,70.0,0.42,18.62,0.43,18.77,0.01,0.06,2339.00805,1776330144000
1776330146.54,146.54,0.68,26.0,0.67,14.54,0.69,63.6,0.7,183.0,0.31,48.6,0.3,178.0,0.32,26.0,0.33,14.54,0.01,0.01,2339.00805,1776330144000
1776330146.831,146.831,0.68,18.68,0.67,14.54,0.69,40.6,0.7,138.0,0.31,33.6,0.3,316.0,0.33,14.54,0.34,15.0,0.01,0.02,2339.00805,1776330144000
1776330147.096,147.096,0.68,5.68,0.59,15.0,0.69,173.0,0.7,68.0,0.31,40.6,0.3,138.0,0.32,18.68,0.33,14.54,0.01,0.01,2339.00805,1776330144000
1776330147.68,147.68,0.59,15.0,0.58,10.0,0.61,94.36,0.62,80.0,0.39,8.28,0.38,80.0,0.41,15.0,0.42,10.0,0.02,0.02,2339.612125,1776330146000
1776330147.919,147.919,0.59,10.0,0.58,10.0,0.61,99.36,0.62,80.0,0.39,94.36,0.38,80.0,0.41,15.0,0.42,10.0,0.02,0.02,2339.612125,1776330146000
1776330148.445,148.445,0.59,5.0,0.58,15.0,0.6,111.9,0.61,222.36,0.39,99.36,0.38,80.0,0.41,10.0,0.42,10.0,0.01,0.02,2340.139099,1776330147000
1776330149.308,149.308,0.59,10.0,0.58,10.0,0.6,94.73,0.61,198.28,0.4,111.9,0.39,222.36,0.41,5.0,0.42,15.0,0.01,0.01,2340.139099,1776330147000
1776330150.738,150.738,0.58,2.55,0.57,20.5,0.6,27.0,0.61,20.5,0.4,94.73,0.39,198.28,0.41,10.0,0.42,10.0,0.02,0.01,2339.958876,1776330149000
1776330152.011,152.011,0.57,5.44,0.56,10.0,0.58,30.0,0.59,20.0,0.4,27.0,0.39,20.5,0.42,2.55,0.43,20.5,0.01,0.02,2339.923545,1776330150000
1776330153.021,153.021,0.56,315.08,0.55,25.5,0.58,3.91,0.59,10.5,0.42,30.0,0.41,20.0,0.44,4.58,0.45,10.0,0.02,0.02,2339.97306,1776330151000
1776330153.246,153.246,0.57,268.0,0.56,73.08,0.58,5.91,0.6,15.5,0.42,3.91,0.41,10.5,0.44,315.08,0.45,25.5,0.01,0.02,2339.95813,1776330152000
1776330153.544,153.544,0.57,388.5,0.56,36.08,0.58,0.82,0.61,72.5,0.42,5.91,0.4,15.5,0.43,268.0,0.44,73.08,0.01,0.01,2339.95813,1776330152000
1776330154.696,154.696,0.64,88.0,0.63,30.0,0.65,0.97,0.66,37.74,0.39,72.5,0.38,104.5,0.4,7.51,0.43,388.5,0.01,0.01,2339.8156,1776330153000
1776330155.135,155.135,0.65,21.0,0.64,133.2,0.66,31.58,0.67,17.0,0.35,0.97,0.34,37.74,0.36,88.0,0.37,30.0,0.01,0.01,2339.8156,1776330153000
1776330158.434,158.434,0.65,373.14,0.64,80.5,0.66,5.0,0.67,20.5,0.34,31.58,0.33,17.0,0.35,21.0,0.36,133.2,0.01,0.01,2340.128863,1776330157000
1776330159.087,159.087,0.65,388.64,0.64,80.5,0.68,97.5,0.69,93.0,0.34,3.42,0.33,20.5,0.35,378.14,0.36,80.5,0.03,0.01,2340.091224,1776330158000
1776330159.536,159.536,0.67,81.0,0.66,92.5,0.68,64.86,0.69,90.5,0.32,82.5,0.31,93.0,0.34,46.0,0.35,316.64,0.01,0.02,2340.091224,1776330158000
1776330159.926,159.926,0.67,31.0,0.66,219.0,0.68,31.18,0.69,147.5,0.32,63.38,0.31,99.5,0.33,76.0,0.34,92.5,0.01,0.01,2340.091224,1776330158000
1776330162.639,162.639,0.67,182.22,0.66,210.5,0.68,19.01,0.69,10.5,0.3,314.84,0.29,145.5,0.33,26.0,0.34,276.0,0.01,0.03,2340.260401,1776330161000
1776330164.286,164.286,0.69,124.0,0.68,299.42,0.7,185.65,0.71,90.5,0.32,19.01,0.31,10.5,0.33,182.22,0.34,210.5,0.01,0.01,2340.260401,1776330161000
1776330165.371,165.371,0.69,309.5,0.68,126.42,0.7,139.65,0.71,80.5,0.3,185.65,0.29,90.5,0.31,124.0,0.32,299.42,0.01,0.01,2340.231494,1776330163000
1776330166.725,166.725,0.69,234.48,0.68,38.5,0.7,132.5,0.71,165.5,0.3,139.65,0.29,80.5,0.31,249.98,0.32,126.42,0.01,0.01,2340.28825,1776330165000
1776330167.226,167.226,0.69,323.98,0.68,38.5,0.7,92.5,0.71,155.0,0.3,132.5,0.29,165.5,0.31,234.48,0.32,38.5,0.01,0.01,2340.28835,1776330166000
1776330167.441,167.441,0.69,338.18,0.68,38.5,0.7,68.57,0.71,85.0,0.3,92.5,0.29,155.0,0.31,323.98,0.32,38.5,0.01,0.01,2340.28835,1776330166000
1776330168.504,168.504,0.7,471.76,0.69,79.5,0.71,79.0,0.74,10.0,0.3,68.57,0.29,85.0,0.31,338.18,0.32,38.5,0.01,0.01,2340.28835,1776330166000
1776330168.737,168.737,0.74,20.0,0.73,20.0,0.75,68.48,0.76,394.0,0.25,69.48,0.24,394.0,0.26,16.75,0.27,20.0,0.01,0.01,2340.391715,1776330167000
1776330169.862,169.862,0.74,160.69,0.73,30.5,0.75,47.48,0.76,383.0,0.25,68.48,0.24,394.0,0.26,20.0,0.27,20.0,0.01,0.01,2340.40105,1776330168000
1776330170.272,170.272,0.75,132.0,0.74,207.54,0.76,250.51,0.77,67.5,0.25,47.48,0.24,383.0,0.26,176.84,0.27,30.5,0.01,0.01,2340.40105,1776330168000
1776330171.547,171.547,0.75,161.5,0.74,177.34,0.76,168.1,0.77,57.0,0.24,250.51,0.23,67.5,0.25,132.0,0.26,207.54,0.01,0.01,2340.53356,1776330170000
1776330171.864,171.864,0.75,161.5,0.74,177.34,0.76,161.1,0.77,57.0,0.24,168.1,0.23,57.0,0.25,161.5,0.26,177.34,0.01,0.01,2340.53356,1776330170000
1776330172.174,172.174,0.75,193.5,0.74,201.66,0.76,131.1,0.77,57.0,0.24,161.1,0.23,57.0,0.25,161.5,0.26,177.34,0.01,0.01,2340.53356,1776330170000
1776330172.559,172.559,0.75,198.5,0.74,201.66,0.76,107.41,0.77,57.0,0.24,120.57,0.23,57.0,0.25,193.5,0.26,201.66,0.01,0.01,2340.59385,1776330171000
1776330173.652,173.652,0.76,261.32,0.75,94.5,0.77,50.29,0.78,10.5,0.24,107.41,0.23,57.0,0.25,198.5,0.26,201.66,0.01,0.01,2340.6639,1776330172000
1776330174.019,174.019,0.76,261.32,0.75,94.5,0.77,45.99,0.78,10.5,0.23,48.99,0.22,10.5,0.24,261.32,0.25,94.5,0.01,0.01,2340.6639,1776330172000
1776330174.42,174.42,0.76,244.32,0.75,94.5,0.77,41.44,0.78,10.5,0.23,45.99,0.22,10.5,0.24,261.32,0.25,94.5,0.01,0.01,2340.731879,1776330173000
1776330174.773,174.773,0.76,244.32,0.75,94.5,0.77,38.84,0.78,10.5,0.23,41.44,0.22,10.5,0.24,244.32,0.25,94.5,0.01,0.01,2340.731879,1776330173000
1776330176.014,176.014,0.76,248.42,0.75,94.5,0.77,37.46,0.78,10.5,0.23,37.46,0.22,10.5,0.24,249.32,0.25,94.5,0.01,0.01,2340.82949,1776330175000
1776330176.998,176.998,0.76,248.42,0.75,94.5,0.77,36.16,0.78,10.5,0.23,37.46,0.22,10.5,0.24,248.42,0.25,94.5,0.01,0.01,2340.82949,1776330175000
1776330178.142,178.142,0.79,438.5,0.78,48.5,0.84,9.0,0.85,70.0,0.23,36.16,0.22,10.5,0.24,248.42,0.25,94.5,0.05,0.01,2340.83825,1776330176000
1776330178.498,178.498,0.84,50.0,0.83,30.0,0.85,300.89,0.86,120.0,0.15,55.07,0.14,120.0,0.16,20.0,0.17,35.0,0.01,0.01,2340.83825,1776330177000
1776330178.807,178.807,0.84,103.87,0.83,97.5,0.85,56.59,0.86,300.0,0.15,300.89,0.14,120.0,0.16,50.0,0.17,30.0,0.01,0.01,2340.83825,1776330177000
1776330179.845,179.845,0.84,103.87,0.83,120.5,0.85,26.59,0.86,357.0,0.15,41.59,0.14,300.0,0.16,103.87,0.17,102.5,0.01,0.01,2340.84723,1776330178000
1776330180.321,180.321,0.84,78.05,0.83,120.5,0.86,367.5,0.87,15.0,0.15,9.96,0.14,357.0,0.16,98.87,0.17,120.5,0.02,0.01,2340.84723,1776330178000
1776330180.559,180.559,0.87,10.0,0.86,25.5,0.88,122.95,0.89,28.5,0.14,367.5,0.13,15.0,0.16,78.05,0.17,120.5,0.01,0.02,2341.064023,1776330179000
1776330180.792,180.792,0.87,143.5,0.86,150.82,0.88,110.07,0.89,233.5,0.12,115.07,0.11,208.5,0.13,91.0,0.14,31.5,0.01,0.01,2341.064023,1776330179000
1776330181.099,181.099,0.87,136.5,0.86,233.82,0.88,163.34,0.89,323.0,0.12,95.07,0.11,233.5,0.13,138.5,0.14,150.82,0.01,0.01,2341.126501,1776330180000
1776330181.41,181.41,0.87,173.5,0.86,362.82,0.88,183.02,0.89,323.0,0.12,163.34,0.11,323.0,0.13,136.5,0.14,233.82,0.01,0.01,2341.126501,1776330180000
1776330181.61,181.61,0.87,184.5,0.86,362.82,0.88,166.7,0.89,323.0,0.12,168.02,0.11,323.0,0.13,178.5,0.14,362.82,0.01,0.01,2341.126501,1776330180000
1776330182.045,182.045,0.87,146.74,0.86,21.0,0.88,207.2,0.89,135.5,0.12,166.7,0.11,323.0,0.13,184.5,0.14,362.82,0.01,0.01,2341.126501,1776330180000
1776330182.651,182.651,0.86,21.0,0.85,36.0,0.88,469.2,0.89,167.5,0.12,207.2,0.11,135.5,0.13,73.74,0.14,21.0,0.02,0.01,2341.199352,1776330181000
1776330182.875,182.875,0.86,21.0,0.85,36.0,0.87,138.47,0.88,449.2,0.12,469.2,0.11,167.5,0.14,21.0,0.15,36.0,0.01,0.02,2341.199352,1776330181000
1776330183.113,183.113,0.86,21.0,0.85,36.0,0.87,374.74,0.88,187.2,0.13,138.47,0.12,449.2,0.14,21.0,0.15,36.0,0.01,0.01,2341.199352,1776330181000
1776330183.622,183.622,0.86,36.6,0.85,41.0,0.87,241.14,0.88,74.2,0.13,374.74,0.12,187.2,0.14,21.0,0.15,36.0,0.01,0.01,2341.385683,1776330182000
1776330184.331,184.331,0.86,219.61,0.85,41.0,0.87,222.13,0.88,82.2,0.13,227.24,0.12,74.2,0.14,166.61,0.15,41.0,0.01,0.01,2341.325485,1776330183000
1776330185.315,185.315,0.86,233.39,0.85,41.0,0.87,195.13,0.88,82.2,0.13,217.13,0.12,82.2,0.14,233.39,0.15,41.0,0.01,0.01,2341.245754,1776330184000
1776330185.766,185.766,0.86,103.38,0.85,172.26,0.87,177.13,0.88,82.2,0.13,188.13,0.12,82.2,0.14,103.38,0.15,41.0,0.01,0.01,2341.245754,1776330184000
1776330187.091,187.091,0.86,289.23,0.85,262.76,0.87,5.0,0.88,121.7,0.13,171.13,0.12,71.2,0.14,103.38,0.15,172.26,0.01,0.01,2341.253981,1776330185000
1776330187.358,187.358,0.87,6.0,0.86,470.73,0.88,111.7,0.9,114.0,0.13,5.0,0.12,121.7,0.14,289.23,0.15,262.76,0.01,0.01,2341.157854,1776330186000
1776330187.748,187.748,0.89,87.1,0.88,53.5,0.9,107.0,0.91,180.0,0.1,97.62,0.09,79.0,0.11,20.0,0.12,30.5,0.01,0.01,2341.157854,1776330186000
1776330188.217,188.217,0.9,99.5,0.89,78.1,0.91,16.0,0.92,85.9,0.1,92.0,0.09,180.0,0.11,82.1,0.12,53.5,0.01,0.01,2341.152449,1776330187000
1776330188.591,188.591,0.9,279.5,0.89,190.1,0.91,2.37,0.92,85.9,0.09,16.0,0.08,85.9,0.1,99.5,0.11,78.1,0.01,0.01,2341.152449,1776330187000
1776330189.036,189.036,0.9,265.1,0.89,187.5,0.91,81.17,0.92,85.9,0.09,2.37,0.08,85.9,0.1,279.5,0.11,190.1,0.01,0.01,2341.152449,1776330187000
1776330189.884,189.884,0.9,16.6,0.89,5.0,0.91,284.42,0.92,95.9,0.09,78.42,0.08,85.9,0.1,238.6,0.11,187.5,0.01,0.01,2341.3919,1776330188000
1776330190.09,190.09,0.88,10.0,0.87,174.52,0.89,14.6,0.9,52.0,0.09,259.42,0.08,101.9,0.13,164.52,0.14,48.13,0.01,0.04,2341.492057,1776330189000
1776330190.296,190.296,0.88,37.0,0.87,174.52,0.89,37.91,0.9,92.0,0.11,14.6,0.1,52.0,0.12,10.0,0.13,174.52,0.01,0.01,2341.492057,1776330189000
1776330190.525,190.525,0.88,10.0,0.87,174.52,0.89,65.41,0.9,95.5,0.11,37.91,0.1,92.0,0.12,37.0,0.13,174.52,0.01,0.01,2341.492057,1776330189000
1776330191.081,191.081,0.86,32.63,0.85,36.5,0.87,9.35,0.88,87.5,0.11,65.41,0.1,95.5,0.12,10.0,0.13,174.52,0.01,0.01,2341.634,1776330190000
1776330191.365,191.365,0.87,5.0,0.86,32.63,0.88,43.5,0.89,61.29,0.12,72.5,0.11,61.29,0.14,32.63,0.15,273.5,0.01,0.02,2341.634,1776330190000
1776330191.775,191.775,0.87,15.0,0.86,11.7,0.88,53.71,0.89,99.29,0.12,43.5,0.11,61.29,0.13,5.0,0.14,32.63,0.01,0.01,2341.634,1776330190000
1776330192.035,192.035,0.87,13.74,0.86,35.44,0.88,40.07,0.89,99.29,0.12,40.07,0.11,99.29,0.13,15.0,0.14,35.44,0.01,0.01,2341.365342,1776330191000
1776330193.068,193.068,0.87,133.82,0.86,22.2,0.88,8.0,0.89,71.79,0.12,40.07,0.11,99.29,0.13,13.74,0.14,35.44,0.01,0.01,2341.327901,1776330192000
1776330194.601,194.601,0.87,67.0,0.86,202.2,0.89,26.0,0.9,270.5,0.12,8.0,0.11,71.79,0.13,133.82,0.14,22.2,0.02,0.01,2341.327901,1776330192000
1776330196.024,196.024,0.91,20.0,0.9,35.5,0.92,90.9,0.93,134.3,0.11,26.0,0.1,270.5,0.13,67.0,0.14,202.2,0.01,0.02,2341.273395,1776330195000
1776330196.849,196.849,0.91,279.0,0.9,44.5,0.92,31.65,0.93,129.3,0.08,76.65,0.07,154.3,0.09,25.0,0.1,44.5,0.01,0.01,2341.273395,1776330195000
1776330197.651,197.651,0.91,279.0,0.9,44.5,0.92,38.6,0.93,117.3,0.08,31.65,0.07,129.3,0.09,279.0,0.1,44.5,0.01,0.01,2341.27788,1776330196000
1776330197.859,197.859,0.91,254.69,0.9,44.5,0.92,38.6,0.93,117.3,0.08,38.6,0.07,117.3,0.09,279.0,0.1,44.5,0.01,0.01,2341.27788,1776330196000
1776330198.615,198.615,0.91,287.19,0.9,34.5,0.92,29.6,0.93,156.3,0.08,38.6,0.07,117.3,0.09,254.69,0.1,44.5,0.01,0.01,2341.329898,1776330197000
1776330199.259,199.259,0.91,282.72,0.9,44.5,0.92,29.6,0.93,156.3,0.08,29.6,0.07,156.3,0.09,287.19,0.1,34.5,0.01,0.01,2341.398622,1776330198000
1776330199.829,199.829,0.91,338.72,0.9,40.5,0.92,0.95,0.93,22.0,0.08,29.6,0.07,156.3,0.09,282.72,0.1,44.5,0.01,0.01,2341.398622,1776330198000
1776330200.183,200.183,0.91,344.5,0.9,51.5,0.93,10.77,0.94,77.0,0.08,0.95,0.07,22.0,0.09,338.72,0.1,40.5,0.02,0.01,2341.510651,1776330199000
1776330202.81,202.81,0.92,157.5,0.91,266.5,0.93,7.64,0.94,36.99,0.07,10.77,0.06,77.0,0.09,344.5,0.1,51.5,0.01,0.02,2341.66474,1776330201000
1776330203.391,203.391,0.92,95.0,0.91,231.5,0.93,46.64,0.94,61.99,0.07,7.64,0.06,36.99,0.08,157.5,0.09,266.5,0.01,0.01,2341.666515,1776330202000
1776330204.312,204.312,0.91,26.0,0.9,5.0,0.92,167.89,0.93,350.64,0.07,46.64,0.06,61.99,0.08,95.0,0.09,231.5,0.01,0.01,2341.69921,1776330203000
1776330204.829,204.829,0.9,99.29,0.89,76.5,0.91,43.8,0.92,333.89,0.08,172.89,0.07,350.64,0.1,5.0,0.11,80.5,0.01,0.02,2341.69921,1776330203000
1776330205.315,205.315,0.9,108.29,0.89,190.5,0.91,38.8,0.92,238.89,0.09,43.8,0.08,333.89,0.1,99.29,0.11,76.5,0.01,0.01,2341.65706,1776330204000
1776330205.557,205.557,0.9,113.29,0.89,247.5,0.91,31.6,0.92,238.89,0.09,38.8,0.08,238.89,0.1,108.29,0.11,190.5,0.01,0.01,2341.65706,1776330204000
1776330207.876,207.876,0.91,4.78,0.9,10.0,0.92,105.0,0.93,71.64,0.09,16.6,0.08,238.89,0.1,113.29,0.11,247.5,0.01,0.01,2341.458871,1776330206000
1776330208.135,208.135,0.89,242.0,0.88,42.5,0.91,32.0,0.92,97.0,0.08,115.0,0.07,71.64,0.1,1.09,0.11,242.0,0.02,0.02,2341.383473,1776330207000
1776330209.49,209.49,0.89,251.0,0.88,138.82,0.9,12.77,0.91,29.0,0.09,32.0,0.08,97.0,0.11,242.0,0.12,42.5,0.01,0.02,2341.334108,1776330208000
1776330210.116,210.116,0.89,261.0,0.88,129.53,0.9,10.68,0.91,29.0,0.1,12.77,0.09,29.0,0.11,251.0,0.12,138.82,0.01,0.01,2341.334108,1776330208000
1776330210.787,210.787,0.88,18.04,0.87,30.5,0.9,10.68,0.91,24.0,0.1,10.68,0.09,29.0,0.11,261.0,0.12,129.53,0.02,0.01,2341.23624,1776330209000
1776330211.724,211.724,0.89,28.1,0.88,95.54,0.9,3.06,0.91,25.0,0.1,10.68,0.09,24.0,0.12,18.04,0.13,30.5,0.01,0.02,2341.217036,1776330210000
1776330212.071,212.071,0.89,156.43,0.88,77.5,0.9,54.0,0.91,46.0,0.1,3.06,0.09,25.0,0.11,28.1,0.12,95.54,0.01,0.01,2341.198641,1776330211000
1776330213.543,213.543,0.89,182.18,0.88,77.5,0.9,23.52,0.91,92.0,0.1,54.0,0.09,46.0,0.11,156.43,0.12,77.5,0.01,0.01,2341.188732,1776330212000
1776330214.353,214.353,0.89,275.49,0.88,206.5,0.9,23.52,0.91,15.0,0.1,23.52,0.09,92.0,0.11,182.18,0.12,77.5,0.01,0.01,2341.27669,1776330213000
1776330215.18,215.18,0.9,279.75,0.89,226.85,0.91,9.0,0.92,15.0,0.1,5.53,0.09,15.0,0.11,280.49,0.12,206.5,0.01,0.01,2341.27669,1776330213000
1776330215.622,215.622,0.9,303.35,0.89,213.25,0.91,0.84,0.92,15.0,0.09,5.0,0.08,15.0,0.1,289.75,0.11,226.85,0.01,0.01,2341.272045,1776330214000
1776330216.816,216.816,0.91,112.95,0.9,113.1,0.92,13.91,0.93,79.64,0.09,0.84,0.08,15.0,0.1,303.35,0.11,213.25,0.01,0.01,2341.273365,1776330215000
1776330218.957,218.957,0.91,102.62,0.9,278.63,0.92,13.91,0.93,22.64,0.08,13.91,0.07,79.64,0.09,112.95,0.1,113.1,0.01,0.01,2341.332365,1776330217000
1776330219.438,219.438,0.91,122.4,0.9,278.63,0.92,8.27,0.93,22.64,0.08,9.91,0.07,22.64,0.09,122.4,0.1,278.63,0.01,0.01,2341.352365,1776330218000
1776330219.841,219.841,0.91,117.4,0.9,308.31,0.92,5.66,0.93,22.64,0.08,8.27,0.07,22.64,0.09,122.4,0.1,278.63,0.01,0.01,2341.352365,1776330218000
1776330220.075,220.075,0.91,84.76,0.9,308.31,0.92,5.0,0.93,22.64,0.08,5.66,0.07,22.64,0.09,117.4,0.1,308.31,0.01,0.01,2341.352365,1776330218000
1776330221.57,221.57,0.91,195.88,0.9,220.5,0.92,3.91,0.93,22.64,0.08,5.0,0.07,22.64,0.09,84.76,0.1,308.31,0.01,0.01,2341.399165,1776330220000
1776330222.113,222.113,0.91,195.88,0.9,242.5,0.92,1.73,0.93,22.64,0.08,2.82,0.07,22.64,0.09,195.88,0.1,232.5,0.01,0.01,2341.399165,1776330220000
1776330223.037,223.037,0.92,223.01,0.91,220.28,0.94,222.08,0.95,277.28,0.08,1.73,0.07,22.64,0.09,195.88,0.1,242.5,0.02,0.01,2341.36521,1776330221000
1776330223.273,223.273,0.93,17.0,0.92,323.01,0.94,212.08,0.95,277.28,0.06,222.08,0.05,277.28,0.08,223.01,0.09,220.28,0.01,0.02,2341.398325,1776330222000
1776330223.522,223.522,0.93,133.0,0.92,348.01,0.94,207.08,0.95,277.28,0.06,212.08,0.05,277.28,0.07,17.0,0.08,323.01,0.01,0.01,2341.398325,1776330222000
1776330224.088,224.088,0.93,242.91,0.92,241.5,0.95,456.77,0.96,316.8,0.06,207.08,0.05,277.28,0.07,133.0,0.08,348.01,0.02,0.01,2341.398325,1776330222000
1776330224.985,224.985,0.94,204.34,0.93,200.5,0.95,374.77,0.96,316.8,0.05,456.77,0.04,316.8,0.07,242.91,0.08,241.5,0.01,0.02,2341.35763,1776330223000
1776330225.52,225.52,0.94,209.34,0.93,190.0,0.95,411.77,0.96,311.8,0.05,374.77,0.04,316.8,0.06,204.34,0.07,200.5,0.01,0.01,2341.4093,1776330224000
1776330225.732,225.732,0.94,209.34,0.93,133.0,0.95,406.77,0.96,311.8,0.05,411.77,0.04,311.8,0.06,209.34,0.07,190.0,0.01,0.01,2341.4093,1776330224000
1776330226.561,226.561,0.94,209.34,0.93,143.5,0.95,515.77,0.96,256.8,0.05,406.77,0.04,311.8,0.06,209.34,0.07,133.0,0.01,0.01,2341.3897,1776330225000
1776330227.519,227.519,0.94,209.34,0.93,143.5,0.95,510.77,0.96,256.8,0.05,515.77,0.04,256.8,0.06,209.34,0.07,143.5,0.01,0.01,2341.4047,1776330226000
1776330227.84,227.84,0.94,209.34,0.93,143.5,0.95,393.6,0.96,370.8,0.05,513.66,0.04,256.8,0.06,209.34,0.07,143.5,0.01,0.01,2341.4047,1776330226000
1776330228.244,228.244,0.94,147.0,0.93,230.5,0.95,208.49,0.96,427.8,0.05,393.6,0.04,370.8,0.06,209.34,0.07,143.5,0.01,0.01,2341.4371,1776330227000
1776330228.538,228.538,0.94,142.0,0.93,247.5,0.95,203.49,0.96,427.8,0.05,208.49,0.04,427.8,0.06,147.0,0.07,230.5,0.01,0.01,2341.4371,1776330227000
1776330229.365,229.365,0.94,142.0,0.93,320.13,0.95,198.49,0.96,427.8,0.05,203.49,0.04,427.8,0.06,142.0,0.07,247.5,0.01,0.01,2341.43542,1776330228000
1776330230.38,230.38,0.94,83.0,0.93,212.63,0.95,168.8,0.96,370.8,0.05,198.49,0.04,427.8,0.06,142.0,0.07,320.13,0.01,0.01,2341.4047,1776330229000
1776330235.691,235.691,0.94,106.87,0.93,301.5,0.95,111.8,0.96,493.8,0.05,168.8,0.04,370.8,0.06,83.0,0.07,212.63,0.01,0.01,2341.355905,1776330234000
1776330236.38,236.38,0.94,84.89,0.93,344.85,0.95,41.0,0.96,493.8,0.05,110.74,0.04,493.8,0.06,81.64,0.07,344.85,0.01,0.01,2341.355905,1776330235000
1776330241.007,241.007,0.94,111.39,0.93,260.65,0.95,20.99,0.96,246.0,0.05,41.0,0.04,493.8,0.06,84.89,0.07,344.85,0.01,0.01,2341.3301,1776330239000
1776330241.746,241.746,0.95,25.0,0.94,121.39,0.96,239.95,0.97,457.7,0.05,20.99,0.04,246.0,0.06,111.39,0.07,260.65,0.01,0.01,2341.30005,1776330240000
1776330242.588,242.588,0.95,10.53,0.94,102.25,0.96,233.9,0.97,457.7,0.04,233.9,0.03,457.7,0.05,15.53,0.06,121.39,0.01,0.01,2341.36486,1776330241000
1776330243.919,243.919,0.95,178.53,0.94,308.45,0.96,42.01,0.97,134.0,0.04,236.81,0.03,457.7,0.05,15.53,0.06,102.25,0.01,0.01,2341.365735,1776330242000
1776330244.135,244.135,0.95,353.53,0.94,192.25,0.97,96.01,0.98,659.0,0.04,37.01,0.03,134.0,0.05,178.53,0.06,308.45,0.02,0.01,2341.365735,1776330242000
1776330244.647,244.647,0.96,72.0,0.95,398.33,0.97,76.01,0.98,624.0,0.03,96.01,0.02,659.0,0.05,353.53,0.06,192.25,0.01,0.02,2341.33245,1776330243000
1776330245.413,245.413,0.96,130.62,0.95,403.33,0.97,62.83,0.98,624.0,0.03,70.91,0.02,624.0,0.04,72.0,0.05,403.33,0.01,0.01,2341.356257,1776330244000
1776330246.53,246.53,0.96,157.62,0.95,403.33,0.97,47.36,0.98,534.0,0.03,62.83,0.02,624.0,0.04,130.62,0.05,403.33,0.01,0.01,2341.356257,1776330244000
1776330247.532,247.532,0.96,27.0,0.95,60.47,0.97,4.06,0.98,581.7,0.03,5.73,0.02,578.0,0.04,157.62,0.05,403.33,0.01,0.01,2341.5198,1776330245000
1776330248.045,248.045,0.95,132.8,0.94,202.05,0.96,13.0,0.97,4.06,0.04,13.0,0.03,4.06,0.05,60.47,0.06,134.05,0.01,0.01,2341.54965,1776330246000
1776330248.943,248.943,0.95,207.8,0.94,186.05,0.96,5.39,0.97,41.06,0.04,3.0,0.03,4.06,0.05,132.8,0.06,202.05,0.01,0.01,2341.608505,1776330247000
1776330249.417,249.417,0.95,212.8,0.94,186.05,0.97,25.29,0.98,655.7,0.04,5.39,0.03,41.06,0.05,207.8,0.06,186.05,0.02,0.01,2341.61129,1776330248000
1776330254.454,254.454,0.96,65.18,0.95,192.6,0.97,242.73,0.98,610.7,0.03,20.05,0.02,655.7,0.05,224.8,0.06,186.05,0.01,0.02,2341.30985,1776330252000
1776330255.723,255.723,0.96,77.18,0.95,265.6,0.97,242.62,0.98,610.7,0.03,242.73,0.02,610.7,0.04,65.18,0.05,192.6,0.01,0.01,2341.29985,1776330254000
1776330256.042,256.042,0.96,65.18,0.95,265.6,0.97,234.53,0.98,576.7,0.03,236.58,0.02,576.7,0.04,65.18,0.05,265.6,0.01,0.01,2341.29985,1776330254000
1776330256.419,256.419,0.96,104.18,0.95,280.6,0.97,233.49,0.98,550.7,0.03,234.53,0.02,576.7,0.04,65.18,0.05,265.6,0.01,0.01,2341.402515,1776330255000
1776330256.687,256.687,0.96,111.18,0.95,280.6,0.97,212.87,0.98,550.7,0.03,233.49,0.02,550.7,0.04,104.18,0.05,280.6,0.01,0.01,2341.402515,1776330255000
1776330257.08,257.08,0.96,83.0,0.95,280.6,0.97,211.83,0.98,349.0,0.03,212.87,0.02,550.7,0.04,111.18,0.05,280.6,0.01,0.01,2341.402515,1776330255000
1776330257.411,257.411,0.96,83.0,0.95,280.6,0.97,154.19,0.98,406.0,0.03,211.83,0.02,349.0,0.04,83.0,0.05,280.6,0.01,0.01,2341.402515,1776330255000
1776330258.609,258.609,0.96,278.2,0.95,280.6,0.97,123.82,0.98,354.0,0.03,154.03,0.02,406.0,0.04,88.0,0.05,280.6,0.01,0.01,2341.417565,1776330257000
1776330259.866,259.866,0.97,88.65,0.96,202.7,0.98,355.96,0.99,7766.6,0.03,123.82,0.02,354.0,0.04,278.2,0.05,280.6,0.01,0.01,2341.339353,1776330258000
1776330260.097,260.097,0.97,90.38,0.96,218.7,0.98,350.96,0.99,7766.6,0.02,355.96,0.01,7766.6,0.03,88.65,0.04,202.7,0.01,0.01,2341.339353,1776330258000
1776330260.983,260.983,0.97,118.38,0.96,203.7,0.98,354.93,0.99,7766.6,0.02,350.96,0.01,7766.6,0.03,90.38,0.04,218.7,0.01,0.01,2341.339693,1776330259000
1776330261.566,261.566,0.97,158.38,0.96,203.7,0.98,112.23,0.99,7826.6,0.02,220.43,0.01,7766.6,0.03,148.08,0.04,203.7,0.01,0.01,2341.431915,1776330260000
1776330261.896,261.896,0.97,100.61,0.96,203.7,0.98,114.16,0.99,7826.6,0.02,112.23,0.01,7826.6,0.03,158.38,0.04,203.7,0.01,0.01,2341.431915,1776330260000
1776330263.276,263.276,0.97,100.61,0.96,234.7,0.98,31.76,0.99,7721.6,0.02,114.16,0.01,7826.6,0.03,100.61,0.04,203.7,0.01,0.01,2341.431935,1776330261000
1776330264.357,264.357,0.97,229.31,0.96,234.7,0.98,30.73,0.99,7673.6,0.02,31.76,0.01,7721.6,0.03,100.61,0.04,234.7,0.01,0.01,2341.441915,1776330262000
1776330264.568,264.568,0.97,214.01,0.96,234.7,0.98,21.63,0.99,7673.6,0.02,30.73,0.01,7673.6,0.03,229.31,0.04,234.7,0.01,0.01,2341.371992,1776330263000
1776330265.976,265.976,0.97,317.01,0.96,177.7,0.98,16.63,0.99,2000.0,0.02,21.63,0.01,7673.6,0.03,214.01,0.04,234.7,0.01,0.01,2341.384982,1776330264000
1776330266.478,266.478,0.98,225.9,0.97,300.01,0.99,1977.46,,,0.01,1982.46,,,0.03,317.01,0.04,177.7,0.01,0.02,2341.407943,1776330265000
1776330266.803,266.803,0.98,237.9,0.97,260.01,0.99,1960.46,,,0.01,1977.46,,,0.02,225.9,0.03,300.01,0.01,0.01,2341.407943,1776330265000
1776330267.606,267.606,0.98,277.9,0.97,271.01,0.99,1955.46,,,0.01,1960.46,,,0.02,237.9,0.03,260.01,0.01,0.01,2341.409559,1776330266000
1776330267.906,267.906,0.98,272.9,0.97,271.01,0.99,1924.25,,,0.01,1955.46,,,0.02,277.9,0.03,271.01,0.01,0.01,2341.409559,1776330266000
1776330268.407,268.407,0.98,277.9,0.97,271.01,0.99,1903.25,,,0.01,1909.25,,,0.02,272.9,0.03,271.01,0.01,0.01,2341.409559,1776330266000
1776330268.829,268.829,0.98,333.9,0.97,297.01,0.99,1890.19,,,0.01,1903.25,,,0.02,277.9,0.03,271.01,0.01,0.01,2341.409559,1776330266000
1776330269.211,269.211,0.98,277.7,0.97,297.01,0.99,1852.91,,,0.01,1862.91,,,0.02,345.9,0.03,297.01,0.01,0.01,2341.55899,1776330267000
1776330269.513,269.513,0.98,287.9,0.97,297.01,0.99,1826.58,,,0.01,1827.6,,,0.02,287.9,0.03,297.01,0.01,0.01,2341.55899,1776330267000
1776330270.018,270.018,0.98,388.9,0.97,297.01,0.99,1656.58,,,0.01,1826.58,,,0.02,287.9,0.03,297.01,0.01,0.01,2341.55906,1776330268000
1776330270.369,270.369,0.98,348.9,0.97,307.01,0.99,1354.58,,,0.01,1656.58,,,0.02,388.9,0.03,297.01,0.01,0.01,2341.64557,1776330269000
1776330270.862,270.862,0.98,395.9,0.97,275.01,0.99,1344.58,,,0.01,1349.58,,,0.02,353.9,0.03,307.01,0.01,0.01,2341.64557,1776330269000
1776330271.083,271.083,0.98,390.9,0.97,275.01,0.99,1320.46,,,0.01,1329.46,,,0.02,395.9,0.03,275.01,0.01,0.01,2341.64557,1776330269000
1776330271.285,271.285,0.98,380.9,0.97,275.01,0.99,1186.16,,,0.01,1219.45,,,0.02,385.7,0.03,275.01,0.01,0.01,2341.64557,1776330269000
1776330271.856,271.856,0.98,407.9,0.97,275.01,0.99,1181.11,,,0.01,1186.16,,,0.02,380.9,0.03,275.01,0.01,0.01,2341.57698,1776330270000
1776330272.265,272.265,0.99,2882.86,0.98,390.7,,,,,,,,,0.01,344.89,0.02,412.9,,,2341.57698,1776330270000
1776330272.467,272.467,0.99,3316.88,0.98,390.7,,,,,,,,,0.01,3251.47,0.02,390.7,,,2341.63037,1776330271000
1776330273.279,273.279,0.99,3248.08,0.98,390.7,,,,,,,,,0.01,3325.95,0.02,390.7,,,2341.695754,1776330272000
1776330276.138,276.138,0.99,3328.48,0.98,242.0,,,,,,,,,0.01,3248.08,0.02,390.7,,,2341.888512,1776330274000
1776330276.445,276.445,0.99,3227.89,0.98,242.0,,,,,,,,,0.01,3221.65,0.02,242.0,,,2341.87404,1776330275000
1776330284.816,284.816,0.99,8099.85,0.98,126.85,,,,,,,,,0.01,3227.89,0.02,242.0,,,2341.993935,1776330283000
1776330297.446,297.446,0.99,10137.01,0.98,72.21,,,,,,,,,0.01,8099.85,0.02,126.85,,,2342.207093,1776330295000
1776330298.512,298.512,0.99,11112.42,0.98,72.21,,,,,,,,,0.01,10137.01,0.02,72.21,,,2342.27615,1776330297000
1776330300.803,300.803,0.99,67556.58,0.98,122.0,,,,,,,,,0.01,11112.42,0.02,72.21,,,2342.22675,1776330299000

# RESULT,winner=Up,slug=eth-updown-5m-1776330000,ticks=365
