timestamp,elapsed_sec,up_bid_p1,up_bid_s1,up_bid_p2,up_bid_s2,up_bid_p3,up_bid_s3,up_bid_p4,up_bid_s4,up_bid_p5,up_bid_s5,up_ask_p1,up_ask_s1,up_ask_p2,up_ask_s2,up_ask_p3,up_ask_s3,up_ask_p4,up_ask_s4,up_ask_p5,up_ask_s5,down_bid_p1,down_bid_s1,down_bid_p2,down_bid_s2,down_bid_p3,down_bid_s3,down_bid_p4,down_bid_s4,down_bid_p5,down_bid_s5,down_ask_p1,down_ask_s1,down_ask_p2,down_ask_s2,down_ask_p3,down_ask_s3,down_ask_p4,down_ask_s4,down_ask_p5,down_ask_s5,up_spread,down_spread,eth_price,eth_oracle_ts
1776168000.836,0.836,0.5,3.77,0.46,100.0,0.45,5.0,0.4,13.0,0.39,8.0,0.54,82.0,0.55,5.0,0.57,5.0,0.6,13.0,0.61,8.0,0.46,100.0,0.45,5.0,0.43,5.0,0.4,13.0,0.39,8.0,0.5,3.77,0.54,100.0,0.55,5.0,0.6,13.0,0.61,8.0,0.04,0.04,2374.88417,1776167999000
1776168001.28,1.28,0.5,3.77,0.46,100.0,0.45,5.0,0.4,13.0,0.39,8.0,0.54,82.0,0.55,5.0,0.57,5.0,0.6,13.0,0.61,8.0,0.46,82.0,0.45,5.0,0.43,5.0,0.4,13.0,0.39,8.0,0.5,3.77,0.54,100.0,0.55,5.0,0.6,13.0,0.61,8.0,0.04,0.04,2374.88059,1776168000000
1776168001.832,1.832,0.5,0.47,0.46,219.0,0.45,226.0,0.44,95.0,0.43,70.0,0.54,217.0,0.55,201.0,0.56,70.0,0.57,170.0,0.6,112.0,0.46,82.0,0.45,5.0,0.43,5.0,0.4,13.0,0.39,8.0,0.5,3.77,0.54,100.0,0.55,5.0,0.6,13.0,0.61,8.0,0.04,0.04,2374.88059,1776168000000
1776168002.442,2.442,0.46,100.0,0.45,170.0,0.44,170.0,0.43,185.0,0.42,126.0,0.48,9.14,0.54,191.0,0.55,196.0,0.56,70.0,0.57,170.0,0.46,217.0,0.45,201.0,0.44,70.0,0.43,170.0,0.4,112.0,0.5,0.47,0.54,219.0,0.55,226.0,0.56,95.0,0.57,70.0,0.02,0.04,2374.88059,1776168000000
1776168002.939,2.939,0.45,65.52,0.44,70.0,0.43,70.0,0.4,27.0,0.39,19.0,0.47,191.0,0.48,25.0,0.5,15.0,0.55,170.0,0.56,81.0,0.53,191.0,0.52,25.0,0.5,15.0,0.45,170.0,0.44,81.0,0.55,65.52,0.56,70.0,0.57,70.0,0.6,27.0,0.61,19.0,0.02,0.02,2374.890275,1776168002000
1776168003.347,3.347,0.42,4.22,0.4,104.73,0.39,112.0,0.38,80.0,0.37,148.0,0.45,5.0,0.46,45.0,0.47,36.0,0.49,80.0,0.5,95.0,0.56,7.73,0.55,25.0,0.53,80.0,0.52,25.0,0.51,70.0,0.61,154.0,0.62,97.0,0.63,95.0,0.65,25.0,0.66,39.0,0.03,0.05,2374.890275,1776168002000
1776168003.871,3.871,0.42,4.22,0.4,104.73,0.39,112.0,0.38,80.0,0.37,148.0,0.45,5.0,0.46,45.0,0.47,36.0,0.49,80.0,0.5,95.0,0.55,5.0,0.54,45.0,0.53,36.0,0.51,80.0,0.5,95.0,0.58,4.22,0.6,104.73,0.61,112.0,0.62,80.0,0.63,148.0,0.03,0.03,2374.8491,1776168003000
1776168004.099,4.099,0.43,5.0,0.42,61.73,0.41,87.0,0.4,10.0,0.39,105.0,0.46,11.0,0.47,36.0,0.48,10.0,0.49,80.0,0.5,95.0,0.56,5.0,0.55,15.0,0.54,15.0,0.53,36.0,0.52,10.0,0.57,5.0,0.58,61.73,0.59,87.0,0.6,10.0,0.61,80.0,0.03,0.01,2374.8491,1776168003000
1776168004.339,4.339,0.41,73.0,0.4,10.0,0.39,105.0,0.38,80.0,0.37,148.0,0.43,10.0,0.44,10.0,0.45,10.0,0.46,24.0,0.47,35.0,0.54,11.0,0.53,36.0,0.52,10.0,0.51,80.0,0.5,95.0,0.57,5.0,0.58,61.73,0.59,87.0,0.6,10.0,0.61,105.0,0.02,0.03,2374.8491,1776168003000
1776168004.739,4.739,0.41,78.0,0.4,32.0,0.39,105.0,0.38,80.0,0.37,148.0,0.42,12.11,0.43,10.0,0.44,10.0,0.45,10.0,0.46,24.0,0.57,10.0,0.56,10.0,0.55,10.0,0.54,24.0,0.53,35.0,0.59,73.0,0.6,10.0,0.61,105.0,0.62,80.0,0.63,148.0,0.01,0.02,2374.8491,1776168003000
1776168004.946,4.946,0.41,78.0,0.4,32.0,0.39,105.0,0.38,80.0,0.37,148.0,0.44,10.0,0.45,10.0,0.46,24.0,0.47,45.0,0.48,10.0,0.58,10.0,0.57,10.0,0.56,10.0,0.55,10.0,0.54,24.0,0.59,73.0,0.6,32.0,0.61,105.0,0.62,80.0,0.63,148.0,0.03,0.01,2374.8491,1776168003000
1776168005.371,5.371,0.41,78.0,0.4,32.0,0.39,105.0,0.38,80.0,0.37,148.0,0.44,10.0,0.45,10.0,0.46,24.0,0.47,45.0,0.48,10.0,0.56,10.0,0.55,10.0,0.54,24.0,0.53,45.0,0.52,10.0,0.59,78.0,0.6,32.0,0.61,105.0,0.62,80.0,0.63,148.0,0.03,0.03,2374.339233,1776168004000
1776168005.621,5.621,0.43,5.0,0.42,33.71,0.41,96.0,0.4,15.0,0.39,110.0,0.51,69.0,0.52,15.0,0.53,15.0,0.54,124.27,0.55,135.0,0.56,10.0,0.55,15.0,0.54,29.0,0.53,50.0,0.52,15.0,0.58,33.71,0.59,96.0,0.6,15.0,0.61,110.0,0.62,85.0,0.08,0.02,2374.339233,1776168004000
1776168006.358,6.358,0.45,19.81,0.44,30.0,0.43,15.0,0.42,33.71,0.41,91.0,0.46,10.0,0.47,15.0,0.48,48.0,0.49,59.0,0.5,25.0,0.49,69.0,0.48,15.0,0.47,15.0,0.46,124.27,0.45,135.0,0.57,5.0,0.58,33.71,0.59,96.0,0.6,15.0,0.61,110.0,0.01,0.08,2374.339233,1776168004000
1776168007.112,7.112,0.45,19.81,0.44,30.0,0.43,15.0,0.42,33.71,0.41,91.0,0.46,10.0,0.47,15.0,0.48,48.0,0.49,59.0,0.5,25.0,0.54,10.0,0.53,15.0,0.52,48.0,0.51,59.0,0.5,25.0,0.55,19.81,0.56,30.0,0.57,15.0,0.58,33.71,0.59,91.0,0.01,0.01,2374.45061,1776168006000
1776168007.475,7.475,0.48,1.15,0.47,30.0,0.46,15.0,0.45,106.81,0.44,104.0,0.5,35.0,0.51,25.0,0.52,45.0,0.53,5.0,0.54,139.27,0.54,10.0,0.53,15.0,0.52,48.0,0.51,59.0,0.5,25.0,0.55,19.81,0.56,30.0,0.57,15.0,0.58,33.71,0.59,91.0,0.02,0.01,2374.45061,1776168006000
1776168007.835,7.835,0.49,7.73,0.48,1.15,0.47,30.0,0.46,15.0,0.45,106.81,0.5,30.0,0.51,35.0,0.52,50.0,0.54,139.27,0.55,180.0,0.5,32.68,0.49,30.0,0.48,45.0,0.46,139.27,0.45,180.0,0.51,7.54,0.52,1.15,0.53,30.0,0.54,15.0,0.55,106.81,0.01,0.01,2374.45061,1776168006000
1776168008.157,8.157,0.49,7.7,0.48,6.15,0.47,25.0,0.46,15.0,0.45,106.81,0.5,5.41,0.51,35.0,0.52,50.0,0.53,10.0,0.54,149.27,0.5,0.41,0.49,35.0,0.48,50.0,0.46,149.27,0.45,190.0,0.51,7.54,0.52,6.15,0.53,25.0,0.54,15.0,0.55,106.81,0.01,0.01,2374.45061,1776168006000
1776168009.329,9.329,0.49,7.7,0.48,6.15,0.47,25.0,0.46,15.0,0.45,106.81,0.5,5.41,0.51,35.0,0.52,50.0,0.53,10.0,0.54,149.27,0.5,5.41,0.49,35.0,0.48,50.0,0.47,10.0,0.46,149.27,0.51,7.7,0.52,6.15,0.53,25.0,0.54,15.0,0.55,106.81,0.01,0.01,2374.69399,1776168008000
1776168009.946,9.946,0.48,16.65,0.47,40.0,0.46,35.0,0.45,125.81,0.44,155.82,0.5,148.69,0.51,145.21,0.52,160.0,0.53,145.0,0.54,179.27,0.5,138.6,0.49,140.0,0.48,160.0,0.47,145.0,0.46,179.27,0.51,28.04,0.52,6.15,0.53,30.0,0.54,10.0,0.55,136.81,0.02,0.01,2374.69399,1776168008000
1776168010.341,10.341,0.49,8.03,0.48,16.65,0.47,45.0,0.46,35.0,0.45,125.81,0.5,148.69,0.51,140.21,0.52,168.0,0.53,143.0,0.54,179.27,0.5,148.69,0.49,145.21,0.48,160.0,0.47,145.0,0.46,179.27,0.52,16.65,0.53,40.0,0.54,35.0,0.55,125.81,0.56,155.82,0.01,0.02,2374.69399,1776168008000
1776168010.909,10.909,0.49,8.03,0.48,16.65,0.47,45.0,0.46,35.0,0.45,125.81,0.5,138.69,0.51,145.21,0.52,168.0,0.53,143.0,0.54,179.27,0.5,138.69,0.49,145.21,0.48,168.0,0.47,143.0,0.46,179.27,0.51,8.03,0.52,16.65,0.53,45.0,0.54,35.0,0.55,125.81,0.01,0.01,2374.757204,1776168010000
1776168011.759,11.759,0.49,28.53,0.48,116.65,0.47,140.0,0.46,145.0,0.45,225.81,0.5,45.41,0.51,50.71,0.52,63.0,0.53,43.0,0.54,79.27,0.5,138.69,0.49,145.21,0.48,168.0,0.47,143.0,0.46,179.27,0.51,8.03,0.52,16.65,0.53,45.0,0.54,35.0,0.55,125.81,0.01,0.01,2374.757204,1776168010000
1776168012.028,12.028,0.49,28.53,0.48,116.65,0.47,140.0,0.46,145.0,0.45,225.81,0.5,3.41,0.51,50.71,0.52,63.0,0.53,43.0,0.54,79.27,0.5,3.41,0.49,50.71,0.48,63.0,0.47,43.0,0.46,79.27,0.51,28.53,0.52,116.65,0.53,140.0,0.54,145.0,0.55,225.81,0.01,0.01,2374.71047,1776168011000
1776168013.146,13.146,0.49,28.53,0.48,116.65,0.47,140.0,0.46,145.0,0.45,225.81,0.5,3.41,0.51,50.71,0.52,63.0,0.53,43.0,0.54,79.27,0.5,3.41,0.49,50.71,0.48,63.0,0.47,43.0,0.46,79.27,0.51,28.53,0.52,116.65,0.53,140.0,0.54,145.0,0.55,225.81,0.01,0.01,2374.628415,1776168012000
1776168014.222,14.222,0.49,28.53,0.48,116.65,0.47,140.0,0.46,145.0,0.45,225.81,0.5,3.41,0.51,50.71,0.52,63.0,0.53,43.0,0.54,79.27,0.5,3.41,0.49,50.71,0.48,63.0,0.47,43.0,0.46,79.27,0.51,28.53,0.52,116.65,0.53,140.0,0.54,145.0,0.55,225.81,0.01,0.01,2374.6988,1776168013000
1776168015.455,15.455,0.49,28.53,0.48,116.65,0.47,140.0,0.46,145.0,0.45,225.81,0.5,3.41,0.51,50.71,0.52,63.0,0.53,43.0,0.54,79.27,0.5,3.41,0.49,50.71,0.48,63.0,0.47,43.0,0.46,79.27,0.51,28.53,0.52,116.65,0.53,140.0,0.54,145.0,0.55,225.81,0.01,0.01,2374.73911,1776168014000
1776168015.773,15.773,0.5,50.5,0.49,40.53,0.48,11.65,0.47,30.0,0.46,95.0,0.51,12.21,0.52,45.5,0.53,10.0,0.54,44.27,0.55,70.0,0.5,3.41,0.49,50.71,0.48,63.0,0.47,43.0,0.46,79.27,0.51,28.53,0.52,116.65,0.53,140.0,0.54,145.0,0.55,225.81,0.01,0.01,2374.73911,1776168014000
1776168016.112,16.112,0.5,50.5,0.49,40.53,0.48,19.65,0.47,30.0,0.46,95.0,0.52,45.5,0.53,10.0,0.54,44.27,0.55,70.0,0.56,40.0,0.48,45.5,0.47,10.0,0.46,44.27,0.45,70.0,0.44,40.0,0.5,45.5,0.51,40.53,0.52,19.65,0.53,30.0,0.54,95.0,0.02,0.02,2374.73916,1776168015000
1776168016.6,16.6,0.51,5.0,0.49,15.0,0.47,30.0,0.46,42.0,0.45,80.0,0.52,57.55,0.53,59.0,0.54,54.27,0.55,80.0,0.56,125.0,0.48,55.0,0.47,51.0,0.46,77.27,0.45,80.0,0.44,125.0,0.49,11.73,0.5,10.0,0.51,45.0,0.52,10.0,0.53,40.0,0.01,0.01,2374.73916,1776168015000
1776168016.964,16.964,0.45,69.9,0.44,121.82,0.43,141.0,0.42,20.0,0.41,160.0,0.46,20.0,0.47,10.0,0.48,24.61,0.49,26.0,0.5,10.0,0.48,73.55,0.47,51.0,0.46,54.27,0.45,80.0,0.44,95.0,0.51,10.0,0.53,10.0,0.54,25.0,0.55,70.0,0.56,121.82,0.01,0.03,2374.73916,1776168015000
1776168017.251,17.251,0.45,65.81,0.44,126.82,0.43,141.0,0.42,20.0,0.41,160.0,0.46,80.0,0.47,33.0,0.48,15.0,0.49,26.0,0.5,10.0,0.54,80.0,0.53,33.0,0.52,15.0,0.51,26.0,0.5,10.0,0.55,65.81,0.56,126.82,0.57,141.0,0.58,20.0,0.59,160.0,0.01,0.01,2374.744795,1776168016000
1776168017.703,17.703,0.45,65.17,0.44,151.82,0.43,151.0,0.42,45.0,0.41,160.0,0.46,85.0,0.47,33.0,0.48,15.0,0.49,31.0,0.5,15.0,0.54,90.0,0.53,33.0,0.52,15.0,0.51,26.0,0.5,10.0,0.55,62.9,0.56,126.82,0.57,141.0,0.58,30.0,0.59,170.0,0.01,0.01,2374.744795,1776168016000
1776168017.926,17.926,0.45,65.17,0.44,151.82,0.43,151.0,0.42,45.0,0.41,160.0,0.46,85.0,0.47,33.0,0.48,15.0,0.49,31.0,0.5,15.0,0.54,85.0,0.53,33.0,0.52,15.0,0.51,31.0,0.5,15.0,0.55,65.17,0.56,151.82,0.57,151.0,0.58,45.0,0.59,160.0,0.01,0.01,2374.796045,1776168017000
1776168018.168,18.168,0.45,75.67,0.44,151.82,0.43,151.0,0.42,45.0,0.41,160.0,0.46,90.0,0.47,38.0,0.48,35.5,0.49,51.5,0.5,25.0,0.54,85.0,0.53,33.0,0.52,15.0,0.51,31.0,0.5,15.0,0.55,65.17,0.56,151.82,0.57,151.0,0.58,45.0,0.59,160.0,0.01,0.01,2374.796045,1776168017000
1776168018.718,18.718,0.45,75.67,0.44,145.0,0.43,151.0,0.42,45.0,0.41,170.0,0.46,14.0,0.47,49.5,0.48,55.5,0.49,59.5,0.5,28.0,0.54,90.0,0.53,38.0,0.52,35.5,0.51,51.5,0.5,25.0,0.55,75.67,0.56,151.82,0.57,151.0,0.58,45.0,0.59,160.0,0.01,0.01,2374.796045,1776168017000
1776168019.174,19.174,0.45,75.67,0.44,145.0,0.43,151.0,0.42,45.0,0.41,170.0,0.46,14.0,0.47,49.5,0.48,55.5,0.49,59.5,0.5,28.0,0.54,14.0,0.53,49.5,0.52,55.5,0.51,59.5,0.5,28.0,0.55,75.67,0.56,145.0,0.57,151.0,0.58,45.0,0.59,170.0,0.01,0.01,2374.4016,1776168018000
1776168019.443,19.443,0.45,39.44,0.44,120.0,0.43,130.0,0.42,35.0,0.41,137.0,0.46,133.78,0.47,55.5,0.48,40.5,0.49,35.5,0.5,20.0,0.54,108.78,0.53,55.5,0.52,40.5,0.51,35.5,0.5,20.0,0.55,60.17,0.56,120.0,0.57,130.0,0.58,35.0,0.59,127.0,0.01,0.01,2374.4016,1776168018000
1776168019.68,19.68,0.45,10.72,0.44,120.0,0.43,130.0,0.42,35.0,0.41,137.0,0.46,126.45,0.47,55.5,0.48,40.5,0.49,35.5,0.5,20.0,0.54,126.45,0.53,55.5,0.52,40.5,0.51,35.5,0.5,20.0,0.55,20.72,0.56,120.0,0.57,130.0,0.58,35.0,0.59,137.0,0.01,0.01,2374.4016,1776168018000
1776168019.888,19.888,0.45,7.08,0.44,130.5,0.43,140.5,0.42,45.5,0.41,137.0,0.46,141.86,0.47,63.5,0.48,40.5,0.49,45.5,0.5,20.0,0.54,126.36,0.53,55.5,0.52,40.5,0.51,35.5,0.5,20.0,0.55,10.72,0.56,120.0,0.57,130.0,0.58,35.0,0.59,137.0,0.01,0.01,2374.4016,1776168018000
1776168020.73,20.73,0.44,95.0,0.43,130.0,0.42,35.0,0.41,110.0,0.4,95.0,0.46,189.5,0.47,68.5,0.48,40.5,0.49,45.5,0.5,45.0,0.54,146.86,0.53,63.5,0.52,40.5,0.51,45.5,0.5,20.0,0.55,2.08,0.56,120.0,0.57,140.5,0.58,45.5,0.59,137.0,0.02,0.01,2374.4016,1776168018000
1776168020.934,20.934,0.44,35.21,0.43,130.0,0.42,35.0,0.41,110.0,0.4,155.0,0.45,178.5,0.46,58.5,0.47,35.5,0.48,40.5,0.49,40.5,0.55,140.5,0.54,38.5,0.53,35.5,0.52,40.5,0.51,45.5,0.56,43.83,0.57,130.0,0.58,35.0,0.59,110.0,0.6,165.0,0.01,0.01,2374.4016,1776168018000
1776168021.189,21.189,0.43,130.0,0.42,35.0,0.41,120.5,0.4,155.0,0.39,42.0,0.45,188.5,0.46,58.5,0.47,35.5,0.48,40.5,0.49,40.5,0.55,188.5,0.54,58.5,0.53,35.5,0.52,40.5,0.51,40.5,0.57,130.0,0.58,35.0,0.59,120.5,0.6,155.0,0.61,42.0,0.02,0.02,2374.262595,1776168019000
1776168021.615,21.615,0.43,44.29,0.42,40.0,0.41,120.5,0.4,165.5,0.39,122.0,0.44,173.5,0.45,79.5,0.46,30.5,0.47,30.5,0.48,40.5,0.56,234.35,0.55,74.5,0.54,35.5,0.53,30.5,0.52,40.5,0.57,50.0,0.58,40.0,0.59,120.5,0.6,165.5,0.61,122.0,0.01,0.01,2374.262595,1776168019000
1776168021.922,21.922,0.43,47.29,0.42,50.5,0.41,120.5,0.4,165.5,0.39,122.0,0.44,168.5,0.45,74.5,0.46,30.5,0.47,30.5,0.48,40.5,0.56,173.5,0.55,79.5,0.54,30.5,0.53,30.5,0.52,40.5,0.57,44.29,0.58,40.0,0.59,120.5,0.6,165.5,0.61,122.0,0.01,0.01,2374.156095,1776168020000
1776168022.333,22.333,0.43,36.95,0.42,50.5,0.41,120.5,0.4,165.5,0.39,122.0,0.44,144.5,0.45,148.4,0.46,55.5,0.47,40.5,0.48,50.5,0.56,144.5,0.55,69.5,0.54,30.5,0.53,30.5,0.52,40.5,0.57,49.94,0.58,50.5,0.59,120.5,0.6,165.5,0.61,122.0,0.01,0.01,2374.156095,1776168020000
1776168022.943,22.943,0.43,36.95,0.42,50.5,0.41,120.5,0.4,165.5,0.39,122.0,0.44,144.5,0.45,148.4,0.46,55.5,0.47,40.5,0.48,50.5,0.56,144.5,0.55,148.4,0.54,55.5,0.53,40.5,0.52,50.5,0.57,36.95,0.58,50.5,0.59,120.5,0.6,165.5,0.61,122.0,0.01,0.01,2373.971,1776168022000
1776168023.386,23.386,0.43,21.95,0.42,50.5,0.41,120.5,0.4,175.5,0.39,132.0,0.44,164.5,0.45,168.4,0.46,55.5,0.47,40.5,0.48,75.5,0.56,144.5,0.55,148.4,0.54,55.5,0.53,40.5,0.52,50.5,0.57,36.95,0.58,50.5,0.59,120.5,0.6,165.5,0.61,122.0,0.01,0.01,2373.971,1776168022000
1776168024.125,24.125,0.43,12.95,0.42,50.5,0.41,130.5,0.4,175.5,0.39,132.0,0.44,174.5,0.45,183.49,0.46,65.5,0.47,40.5,0.48,75.5,0.56,164.5,0.55,168.4,0.54,55.5,0.53,40.5,0.52,75.5,0.57,19.95,0.58,50.5,0.59,120.5,0.6,175.5,0.61,132.0,0.01,0.01,2373.971,1776168022000
1776168024.43,24.43,0.43,12.95,0.42,50.5,0.41,130.5,0.4,175.5,0.39,132.0,0.44,174.5,0.45,183.49,0.46,65.5,0.47,40.5,0.48,75.5,0.56,174.5,0.55,183.49,0.54,65.5,0.53,40.5,0.52,75.5,0.57,12.95,0.58,50.5,0.59,130.5,0.6,175.5,0.61,132.0,0.01,0.01,2374.0532,1776168023000
1776168024.948,24.948,0.43,12.95,0.42,50.5,0.41,130.5,0.4,175.5,0.39,132.0,0.44,174.5,0.45,183.49,0.46,65.5,0.47,40.5,0.48,75.5,0.56,174.5,0.55,183.49,0.54,65.5,0.53,40.5,0.52,75.5,0.57,12.95,0.58,50.5,0.59,130.5,0.6,175.5,0.61,132.0,0.01,0.01,2374.06127,1776168024000
1776168026.204,26.204,0.43,12.95,0.42,50.5,0.41,130.5,0.4,175.5,0.39,132.0,0.44,174.5,0.45,183.49,0.46,65.5,0.47,40.5,0.48,75.5,0.56,174.5,0.55,183.49,0.54,65.5,0.53,40.5,0.52,75.5,0.57,12.95,0.58,50.5,0.59,130.5,0.6,175.5,0.61,132.0,0.01,0.01,2374.065635,1776168025000
1776168027.321,27.321,0.43,12.95,0.42,50.5,0.41,130.5,0.4,175.5,0.39,132.0,0.44,174.5,0.45,183.49,0.46,65.5,0.47,40.5,0.48,75.5,0.56,174.5,0.55,183.49,0.54,65.5,0.53,40.5,0.52,75.5,0.57,12.95,0.58,50.5,0.59,130.5,0.6,175.5,0.61,132.0,0.01,0.01,2373.960495,1776168026000
1776168027.852,27.852,0.43,12.95,0.42,50.5,0.41,130.5,0.4,175.5,0.39,132.0,0.44,174.5,0.45,183.49,0.46,65.5,0.47,40.5,0.48,75.5,0.56,174.5,0.55,183.49,0.54,65.5,0.53,40.5,0.52,75.5,0.57,12.95,0.58,50.5,0.59,130.5,0.6,175.5,0.61,132.0,0.01,0.01,2373.9232,1776168027000
1776168029.283,29.283,0.43,12.95,0.42,50.5,0.41,130.5,0.4,175.5,0.39,132.0,0.44,174.5,0.45,183.49,0.46,65.5,0.47,40.5,0.48,75.5,0.56,174.5,0.55,183.49,0.54,65.5,0.53,40.5,0.52,75.5,0.57,12.95,0.58,50.5,0.59,130.5,0.6,175.5,0.61,132.0,0.01,0.01,2373.802305,1776168028000
1776168030.362,30.362,0.43,12.95,0.42,50.5,0.41,130.5,0.4,175.5,0.39,132.0,0.44,174.5,0.45,183.49,0.46,65.5,0.47,40.5,0.48,75.5,0.56,174.5,0.55,183.49,0.54,65.5,0.53,40.5,0.52,75.5,0.57,12.95,0.58,50.5,0.59,130.5,0.6,175.5,0.61,132.0,0.01,0.01,2373.81865,1776168029000
1776168030.77,30.77,0.4,31.0,0.39,125.5,0.38,45.5,0.37,165.0,0.36,87.0,0.41,73.5,0.42,172.5,0.43,78.5,0.44,45.5,0.45,75.59,0.56,174.5,0.55,183.49,0.54,65.5,0.53,40.5,0.52,75.5,0.57,12.95,0.58,50.5,0.59,130.5,0.6,175.5,0.61,132.0,0.01,0.01,2373.81865,1776168029000
1776168031.101,31.101,0.4,13.9,0.39,125.5,0.38,45.5,0.37,165.0,0.36,97.0,0.41,178.5,0.42,109.5,0.43,53.5,0.44,45.5,0.45,75.59,0.59,158.5,0.58,109.5,0.57,53.5,0.56,45.5,0.55,75.59,0.6,18.9,0.61,125.5,0.62,45.5,0.63,165.0,0.64,87.0,0.01,0.01,2373.81865,1776168029000
1776168031.351,31.351,0.4,1.95,0.39,100.5,0.38,45.5,0.37,165.0,0.36,97.0,0.41,178.5,0.42,109.5,0.43,53.5,0.44,40.5,0.45,75.59,0.59,178.5,0.58,109.5,0.57,53.5,0.56,45.5,0.55,75.59,0.6,13.9,0.61,125.5,0.62,45.5,0.63,165.0,0.64,97.0,0.01,0.01,2373.81865,1776168029000
1776168031.975,31.975,0.4,1.95,0.39,100.5,0.38,45.5,0.37,165.0,0.36,97.0,0.41,178.5,0.42,109.5,0.43,53.5,0.44,40.5,0.45,75.59,0.59,178.5,0.58,109.5,0.57,53.5,0.56,40.5,0.55,75.59,0.6,1.95,0.61,100.5,0.62,45.5,0.63,165.0,0.64,97.0,0.01,0.01,2373.82715,1776168030000
1776168032.205,32.205,0.4,34.11,0.39,105.5,0.38,55.5,0.37,173.0,0.36,130.0,0.41,52.03,0.42,60.0,0.43,47.0,0.44,65.5,0.45,83.59,0.59,74.0,0.58,85.5,0.57,46.5,0.56,73.5,0.55,83.59,0.6,14.11,0.61,110.5,0.62,55.5,0.63,183.0,0.64,80.0,0.01,0.01,2373.82715,1776168030000
1776168032.418,32.418,0.4,34.11,0.39,123.5,0.38,55.5,0.37,165.0,0.36,130.0,0.42,45.0,0.43,57.0,0.44,103.5,0.45,83.59,0.46,90.5,0.59,38.53,0.58,55.0,0.57,57.0,0.56,103.5,0.55,83.59,0.6,39.11,0.61,123.5,0.62,55.5,0.63,165.0,0.64,130.0,0.02,0.01,2373.82715,1776168030000
1776168032.725,32.725,0.4,34.11,0.39,123.5,0.38,65.5,0.37,165.0,0.36,140.0,0.41,3.7,0.42,30.0,0.43,43.0,0.44,106.5,0.45,85.59,0.58,45.0,0.57,57.0,0.56,103.5,0.55,83.59,0.54,90.5,0.6,34.11,0.61,123.5,0.62,55.5,0.63,165.0,0.64,130.0,0.01,0.02,2373.81375,1776168031000
1776168032.987,32.987,0.4,41.61,0.39,123.5,0.38,75.5,0.37,165.0,0.36,140.0,0.41,3.7,0.42,35.0,0.43,43.0,0.44,111.5,0.45,110.59,0.59,3.7,0.58,30.0,0.57,43.0,0.56,106.5,0.55,85.59,0.6,34.11,0.61,123.5,0.62,65.5,0.63,165.0,0.64,140.0,0.01,0.01,2373.81375,1776168031000
1776168033.967,33.967,0.41,97.85,0.4,29.11,0.39,110.5,0.38,85.5,0.37,175.0,0.42,10.0,0.43,10.0,0.44,35.0,0.45,65.09,0.46,65.0,0.59,0.77,0.58,35.0,0.57,43.0,0.56,111.5,0.55,100.59,0.6,29.11,0.61,123.5,0.62,85.5,0.63,165.0,0.64,240.0,0.01,0.01,2373.795795,1776168032000
1776168034.378,34.378,0.43,14.55,0.42,48.5,0.41,104.39,0.4,129.11,0.39,116.95,0.44,5.0,0.45,65.09,0.46,75.0,0.47,20.0,0.48,141.5,0.58,10.0,0.57,10.0,0.56,35.0,0.55,65.09,0.54,65.0,0.59,97.85,0.6,29.11,0.61,110.5,0.62,85.5,0.63,175.0,0.01,0.01,2373.79245,1776168033000
1776168034.848,34.848,0.41,25.0,0.39,117.5,0.38,65.0,0.37,165.0,0.36,250.0,0.43,30.5,0.44,51.04,0.45,116.59,0.46,85.5,0.47,30.5,0.56,9.54,0.55,75.09,0.54,103.5,0.53,30.5,0.52,141.5,0.57,10.0,0.58,32.21,0.59,94.39,0.6,124.11,0.61,118.95,0.02,0.01,2373.79245,1776168033000
1776168035.051,35.051,0.39,104.0,0.38,75.5,0.37,165.0,0.36,130.0,0.35,250.45,0.41,10.0,0.42,25.5,0.43,35.5,0.44,40.04,0.45,85.59,0.58,5.0,0.57,25.5,0.56,51.04,0.55,116.59,0.54,85.5,0.59,25.0,0.61,117.5,0.62,65.0,0.63,165.0,0.64,250.0,0.02,0.01,2373.79245,1776168033000
1776168035.359,35.359,0.39,94.0,0.38,85.5,0.37,165.0,0.36,130.0,0.35,130.0,0.41,7.31,0.42,20.5,0.43,80.5,0.44,26.04,0.45,85.59,0.6,4.75,0.59,10.0,0.58,20.5,0.57,73.5,0.56,26.04,0.61,94.0,0.62,85.5,0.63,165.0,0.64,130.0,0.65,130.0,0.02,0.01,2373.911032,1776168034000
1776168036.101,36.101,0.39,114.0,0.38,90.5,0.37,175.0,0.36,130.0,0.35,202.0,0.4,45.87,0.41,32.81,0.42,47.5,0.43,65.5,0.44,36.04,0.6,4.87,0.59,7.31,0.58,20.5,0.57,80.5,0.56,26.04,0.61,109.5,0.62,90.5,0.63,165.0,0.64,130.0,0.65,130.0,0.01,0.01,2373.911032,1776168034000
1776168036.301,36.301,0.39,104.0,0.38,98.5,0.37,175.0,0.36,130.0,0.35,202.0,0.4,30.37,0.41,32.81,0.42,47.5,0.43,60.5,0.44,36.04,0.6,30.37,0.59,32.81,0.58,47.5,0.57,65.5,0.56,36.04,0.61,107.0,0.62,98.5,0.63,175.0,0.64,130.0,0.65,202.0,0.01,0.01,2374.2027,1776168035000
1776168036.893,36.893,0.39,119.0,0.38,88.5,0.37,175.0,0.36,155.0,0.35,202.0,0.4,19.53,0.41,42.81,0.42,62.5,0.43,30.5,0.44,61.04,0.6,19.62,0.59,32.81,0.58,62.5,0.57,40.5,0.56,36.04,0.61,114.0,0.62,98.5,0.63,175.0,0.64,155.0,0.65,202.0,0.01,0.01,2374.2027,1776168035000
1776168037.21,37.21,0.39,119.0,0.38,88.5,0.37,175.0,0.36,155.0,0.35,202.0,0.4,19.53,0.41,42.81,0.42,62.5,0.43,30.5,0.44,61.04,0.6,19.53,0.59,42.81,0.58,62.5,0.57,30.5,0.56,61.04,0.61,119.0,0.62,88.5,0.63,175.0,0.64,155.0,0.65,202.0,0.01,0.01,2374.048901,1776168036000
1776168038.12,38.12,0.39,89.0,0.38,88.5,0.37,175.0,0.36,155.0,0.35,188.0,0.4,56.53,0.41,74.81,0.42,72.5,0.43,40.5,0.44,71.04,0.6,56.53,0.59,74.81,0.58,72.5,0.57,40.5,0.56,71.04,0.61,89.0,0.62,88.5,0.63,175.0,0.64,155.0,0.65,188.0,0.01,0.01,2373.996865,1776168037000
1776168039.301,39.301,0.39,89.0,0.38,88.5,0.37,175.0,0.36,155.0,0.35,188.0,0.4,56.53,0.41,74.81,0.42,72.5,0.43,40.5,0.44,71.04,0.6,56.53,0.59,74.81,0.58,72.5,0.57,40.5,0.56,71.04,0.61,89.0,0.62,88.5,0.63,175.0,0.64,155.0,0.65,188.0,0.01,0.01,2373.90856,1776168038000
1776168040.058,40.058,0.39,89.0,0.38,88.5,0.37,175.0,0.36,155.0,0.35,185.0,0.4,34.71,0.41,62.81,0.42,57.5,0.43,46.5,0.44,71.04,0.6,56.53,0.59,74.81,0.58,72.5,0.57,40.5,0.56,71.04,0.61,89.0,0.62,88.5,0.63,175.0,0.64,155.0,0.65,188.0,0.01,0.01,2373.90856,1776168038000
1776168041.134,41.134,0.39,89.0,0.38,88.5,0.37,175.0,0.36,155.0,0.35,185.0,0.4,34.71,0.41,62.81,0.42,57.5,0.43,46.5,0.44,71.04,0.6,34.71,0.59,62.81,0.58,57.5,0.57,46.5,0.56,71.04,0.61,89.0,0.62,88.5,0.63,175.0,0.64,155.0,0.65,185.0,0.01,0.01,2373.904265,1776168040000
1776168041.534,41.534,0.39,86.86,0.38,60.0,0.37,175.5,0.36,133.5,0.35,180.0,0.4,126.21,0.41,83.81,0.42,46.5,0.43,30.5,0.44,40.04,0.6,34.71,0.59,62.81,0.58,57.5,0.57,46.5,0.56,71.04,0.61,89.0,0.62,88.5,0.63,175.0,0.64,155.0,0.65,185.0,0.01,0.01,2373.904265,1776168040000
1776168042.1,42.1,0.39,86.86,0.38,60.0,0.37,175.5,0.36,133.5,0.35,180.0,0.4,126.21,0.41,83.81,0.42,46.5,0.43,30.5,0.44,40.04,0.6,126.21,0.59,83.81,0.58,46.5,0.57,30.5,0.56,40.04,0.61,86.86,0.62,60.0,0.63,175.5,0.64,133.5,0.65,180.0,0.01,0.01,2373.915045,1776168041000
1776168042.574,42.574,0.39,20.22,0.38,60.0,0.37,175.5,0.36,133.5,0.35,180.0,0.4,116.21,0.41,83.81,0.42,46.5,0.43,38.5,0.44,48.04,0.6,106.21,0.59,83.81,0.58,46.5,0.57,38.5,0.56,48.04,0.61,85.22,0.62,60.0,0.63,175.5,0.64,133.5,0.65,180.0,0.01,0.01,2373.915045,1776168041000
1776168043.183,43.183,0.39,20.22,0.38,60.0,0.37,175.5,0.36,133.5,0.35,180.0,0.4,116.21,0.41,83.81,0.42,46.5,0.43,38.5,0.44,48.04,0.6,116.21,0.59,83.81,0.58,46.5,0.57,38.5,0.56,48.04,0.61,20.22,0.62,60.0,0.63,175.5,0.64,133.5,0.65,180.0,0.01,0.01,2373.80465,1776168042000
1776168044.115,44.115,0.39,20.22,0.38,60.0,0.37,175.5,0.36,133.5,0.35,180.0,0.4,116.21,0.41,83.81,0.42,46.5,0.43,38.5,0.44,48.04,0.6,116.21,0.59,83.81,0.58,46.5,0.57,38.5,0.56,48.04,0.61,20.22,0.62,60.0,0.63,175.5,0.64,133.5,0.65,180.0,0.01,0.01,2373.80465,1776168043000
1776168045.116,45.116,0.39,20.22,0.38,60.0,0.37,175.5,0.36,133.5,0.35,180.0,0.4,116.21,0.41,83.81,0.42,46.5,0.43,38.5,0.44,48.04,0.6,116.21,0.59,83.81,0.58,46.5,0.57,38.5,0.56,48.04,0.61,20.22,0.62,60.0,0.63,175.5,0.64,133.5,0.65,180.0,0.01,0.01,2373.882836,1776168044000
1776168046.126,46.126,0.39,20.22,0.38,60.0,0.37,175.5,0.36,133.5,0.35,180.0,0.4,116.21,0.41,83.81,0.42,46.5,0.43,38.5,0.44,48.04,0.6,116.21,0.59,83.81,0.58,46.5,0.57,38.5,0.56,48.04,0.61,20.22,0.62,60.0,0.63,175.5,0.64,133.5,0.65,180.0,0.01,0.01,2373.961775,1776168045000
1776168047.179,47.179,0.39,20.22,0.38,60.0,0.37,175.5,0.36,133.5,0.35,180.0,0.4,116.21,0.41,83.81,0.42,46.5,0.43,38.5,0.44,48.04,0.6,116.21,0.59,83.81,0.58,46.5,0.57,38.5,0.56,48.04,0.61,20.22,0.62,60.0,0.63,175.5,0.64,133.5,0.65,180.0,0.01,0.01,2373.9624,1776168046000
1776168048.295,48.295,0.39,20.22,0.38,60.0,0.37,175.5,0.36,133.5,0.35,180.0,0.4,116.21,0.41,83.81,0.42,46.5,0.43,38.5,0.44,48.04,0.6,116.21,0.59,83.81,0.58,46.5,0.57,38.5,0.56,48.04,0.61,20.22,0.62,60.0,0.63,175.5,0.64,133.5,0.65,180.0,0.01,0.01,2373.95587,1776168047000
1776168048.537,48.537,0.39,50.72,0.38,108.5,0.37,195.5,0.36,165.0,0.35,195.0,0.4,26.67,0.41,25.0,0.42,36.0,0.43,58.0,0.44,45.0,0.6,116.21,0.59,83.81,0.58,46.5,0.57,38.5,0.56,48.04,0.61,20.22,0.62,60.0,0.63,175.5,0.64,133.5,0.65,180.0,0.01,0.01,2373.95587,1776168047000
1776168048.761,48.761,0.39,63.72,0.38,90.5,0.37,200.5,0.36,195.54,0.35,224.0,0.4,62.09,0.41,35.0,0.42,20.0,0.43,25.0,0.44,55.0,0.6,26.67,0.59,25.0,0.58,36.0,0.57,58.0,0.56,45.0,0.61,50.72,0.62,108.5,0.63,195.5,0.64,165.0,0.65,195.0,0.01,0.01,2373.95587,1776168047000
1776168049.022,49.022,0.39,58.72,0.38,80.5,0.37,320.95,0.36,203.54,0.35,203.0,0.4,17.0,0.41,35.0,0.42,20.0,0.43,35.5,0.44,65.0,0.6,37.09,0.59,35.0,0.58,20.0,0.57,35.5,0.56,55.0,0.61,58.72,0.62,80.5,0.63,320.95,0.64,203.54,0.65,203.0,0.01,0.01,2373.95587,1776168047000
1776168049.259,49.259,0.39,48.72,0.38,95.5,0.37,320.95,0.36,203.54,0.35,203.0,0.4,4.0,0.41,35.0,0.42,25.0,0.43,35.5,0.44,70.0,0.6,7.0,0.59,35.0,0.58,20.0,0.57,35.5,0.56,65.0,0.61,58.72,0.62,80.5,0.63,320.95,0.64,203.54,0.65,203.0,0.01,0.01,2373.95587,1776168047000
1776168050.013,50.013,0.39,53.72,0.38,95.5,0.37,320.95,0.36,203.54,0.35,203.0,0.4,0.25,0.41,35.0,0.42,25.0,0.43,35.5,0.44,70.0,0.6,0.25,0.59,35.0,0.58,25.0,0.57,35.5,0.56,70.0,0.61,53.72,0.62,95.5,0.63,320.95,0.64,203.54,0.65,203.0,0.01,0.01,2373.98525,1776168049000
1776168051.106,51.106,0.39,53.72,0.38,95.5,0.37,320.95,0.36,203.54,0.35,203.0,0.4,0.25,0.41,35.0,0.42,25.0,0.43,35.5,0.44,70.0,0.6,0.25,0.59,35.0,0.58,25.0,0.57,35.5,0.56,70.0,0.61,53.72,0.62,95.5,0.63,320.95,0.64,203.54,0.65,203.0,0.01,0.01,2374.151055,1776168050000
1776168051.314,51.314,0.39,2.22,0.38,63.0,0.37,185.0,0.36,175.5,0.35,180.0,0.4,93.75,0.41,69.5,0.42,70.5,0.43,51.5,0.44,60.0,0.6,0.25,0.59,35.0,0.58,25.0,0.57,35.5,0.56,70.0,0.61,53.72,0.62,95.5,0.63,320.95,0.64,203.54,0.65,203.0,0.01,0.01,2374.151055,1776168050000
1776168052.113,52.113,0.38,63.0,0.37,185.0,0.36,175.5,0.35,180.0,0.34,237.0,0.4,93.75,0.41,69.5,0.42,70.5,0.43,51.5,0.44,60.0,0.6,93.75,0.59,69.5,0.58,70.5,0.57,51.5,0.56,60.0,0.62,63.0,0.63,185.0,0.64,175.5,0.65,180.0,0.66,237.0,0.02,0.02,2374.15869,1776168051000
1776168052.807,52.807,0.37,71.61,0.36,105.0,0.35,170.0,0.34,108.0,0.33,355.0,0.38,203.5,0.39,92.5,0.4,50.75,0.41,63.5,0.42,30.5,0.6,93.75,0.59,69.5,0.58,70.5,0.57,51.5,0.56,60.0,0.62,63.0,0.63,185.0,0.64,175.5,0.65,180.0,0.66,237.0,0.01,0.02,2374.15869,1776168051000
1776168053.214,53.214,0.37,8.61,0.36,105.0,0.35,170.0,0.34,100.0,0.33,353.0,0.38,231.5,0.39,117.5,0.4,50.75,0.41,58.5,0.42,30.5,0.62,203.5,0.61,92.5,0.6,50.75,0.59,63.5,0.58,30.5,0.63,68.61,0.64,105.0,0.65,170.0,0.66,108.0,0.67,355.0,0.01,0.01,2374.15869,1776168051000
1776168053.428,53.428,0.36,80.0,0.35,170.0,0.34,100.0,0.33,353.0,0.32,105.0,0.37,133.41,0.38,101.5,0.39,91.5,0.4,25.75,0.41,58.5,0.62,231.5,0.61,117.5,0.6,50.75,0.59,58.5,0.58,30.5,0.64,105.0,0.65,170.0,0.66,100.0,0.67,353.0,0.68,105.0,0.01,0.02,2373.931489,1776168052000
1776168054.41,54.41,0.36,80.0,0.35,170.0,0.34,100.0,0.33,353.0,0.32,105.0,0.37,133.41,0.38,101.5,0.39,91.5,0.4,25.75,0.41,58.5,0.63,133.41,0.62,101.5,0.61,91.5,0.6,25.75,0.59,58.5,0.64,80.0,0.65,170.0,0.66,100.0,0.67,353.0,0.68,105.0,0.01,0.01,2373.8299,1776168053000
1776168055.034,55.034,0.32,90.0,0.31,180.0,0.3,9.0,0.29,75.0,0.28,20.0,0.33,73.93,0.34,131.5,0.35,61.5,0.36,35.5,0.37,45.41,0.67,73.93,0.66,131.5,0.65,61.5,0.64,35.5,0.63,45.41,0.68,90.0,0.69,180.0,0.7,9.0,0.71,75.0,0.72,20.0,0.01,0.01,2373.5217,1776168054000
1776168055.784,55.784,0.31,80.0,0.3,14.0,0.29,75.0,0.28,30.5,0.27,90.0,0.32,183.37,0.33,119.93,0.34,45.5,0.35,129.5,0.36,38.5,0.67,73.93,0.66,131.5,0.65,61.5,0.64,35.5,0.63,45.41,0.68,90.0,0.69,180.0,0.7,9.0,0.71,75.0,0.72,20.0,0.01,0.01,2373.5217,1776168054000
1776168056.149,56.149,0.31,80.0,0.3,14.0,0.29,75.0,0.28,30.5,0.27,90.0,0.32,183.37,0.33,119.93,0.34,45.5,0.35,129.5,0.36,38.5,0.68,183.37,0.67,119.93,0.66,45.5,0.65,129.5,0.64,38.5,0.69,80.0,0.7,14.0,0.71,75.0,0.72,30.5,0.73,90.0,0.01,0.01,2373.157396,1776168055000
1776168057.188,57.188,0.31,80.0,0.3,14.0,0.29,75.0,0.28,30.5,0.27,90.0,0.32,183.37,0.33,119.93,0.34,45.5,0.35,129.5,0.36,38.5,0.68,183.37,0.67,119.93,0.66,45.5,0.65,129.5,0.64,38.5,0.69,80.0,0.7,14.0,0.71,75.0,0.72,30.5,0.73,90.0,0.01,0.01,2373.10122,1776168056000
1776168057.479,57.479,0.29,79.5,0.28,35.5,0.27,10.0,0.26,154.0,0.25,173.0,0.3,53.1,0.31,70.0,0.32,63.37,0.33,57.93,0.34,30.5,0.68,183.37,0.67,119.93,0.66,45.5,0.65,129.5,0.64,38.5,0.69,80.0,0.7,14.0,0.71,75.0,0.72,30.5,0.73,90.0,0.01,0.01,2373.10122,1776168056000
1776168058.279,58.279,0.29,79.5,0.28,35.5,0.27,10.0,0.26,154.0,0.25,173.0,0.3,53.1,0.31,70.0,0.32,63.37,0.33,57.93,0.34,30.5,0.7,53.1,0.69,70.0,0.68,63.37,0.67,57.93,0.66,30.5,0.71,79.5,0.72,35.5,0.73,10.0,0.74,154.0,0.75,173.0,0.01,0.01,2373.09164,1776168057000
1776168058.889,58.889,0.29,74.5,0.28,35.5,0.27,10.0,0.26,172.7,0.25,192.2,0.3,41.43,0.31,75.0,0.32,42.37,0.33,57.93,0.34,30.5,0.7,53.1,0.69,70.0,0.68,63.37,0.67,57.93,0.66,30.5,0.71,79.5,0.72,35.5,0.73,10.0,0.74,154.0,0.75,173.0,0.01,0.01,2373.09164,1776168057000
1776168059.303,59.303,0.29,74.5,0.28,35.5,0.27,10.0,0.26,172.7,0.25,192.2,0.3,41.43,0.31,75.0,0.32,42.37,0.33,57.93,0.34,30.5,0.7,41.43,0.69,75.0,0.68,42.37,0.67,57.93,0.66,30.5,0.71,74.5,0.72,35.5,0.73,10.0,0.74,172.7,0.75,192.2,0.01,0.01,2373.09721,1776168058000
1776168059.752,59.752,0.29,5.0,0.28,25.5,0.27,28.3,0.26,172.7,0.25,182.2,0.3,81.43,0.31,90.5,0.32,57.37,0.33,57.93,0.34,80.5,0.7,41.43,0.69,75.0,0.68,42.37,0.67,57.93,0.66,30.5,0.71,74.5,0.72,35.5,0.73,10.0,0.74,172.7,0.75,192.2,0.01,0.01,2373.09721,1776168058000
1776168060.253,60.253,0.29,5.0,0.28,25.5,0.27,28.3,0.26,172.7,0.25,182.2,0.3,79.76,0.31,90.5,0.32,57.37,0.33,57.93,0.34,80.5,0.7,79.76,0.69,90.5,0.68,57.37,0.67,57.93,0.66,80.5,0.71,5.0,0.72,25.5,0.73,28.3,0.74,172.7,0.75,182.2,0.01,0.01,2373.12249,1776168059000
1776168060.542,60.542,0.29,9.72,0.28,35.5,0.27,10.0,0.26,172.7,0.25,274.65,0.3,104.76,0.31,78.5,0.32,60.37,0.33,57.93,0.34,36.5,0.7,39.76,0.69,78.5,0.68,43.37,0.67,57.93,0.66,36.5,0.71,15.77,0.72,35.5,0.73,10.0,0.74,172.7,0.75,294.65,0.01,0.01,2373.12249,1776168059000
1776168061.341,61.341,0.29,9.72,0.28,35.5,0.27,10.0,0.26,172.7,0.25,274.65,0.3,104.76,0.31,78.5,0.32,60.37,0.33,57.93,0.34,36.5,0.7,104.76,0.69,78.5,0.68,60.37,0.67,57.93,0.66,36.5,0.71,9.72,0.72,35.5,0.73,10.0,0.74,172.7,0.75,274.65,0.01,0.01,2373.10805,1776168060000
1776168061.972,61.972,0.27,10.0,0.26,20.5,0.25,174.7,0.24,109.7,0.23,160.75,0.28,122.0,0.29,90.5,0.3,119.5,0.31,60.5,0.32,44.5,0.71,162.0,0.7,109.5,0.69,75.5,0.68,30.5,0.67,61.93,0.72,3.86,0.74,44.5,0.75,154.2,0.76,109.7,0.77,182.29,0.01,0.01,2373.10805,1776168060000
1776168062.344,62.344,0.27,4.0,0.26,25.5,0.25,174.7,0.24,109.7,0.23,160.75,0.28,127.0,0.29,90.5,0.3,119.5,0.31,60.5,0.32,44.5,0.72,127.0,0.71,90.5,0.7,119.5,0.69,60.5,0.68,44.5,0.73,4.0,0.74,25.5,0.75,174.7,0.76,109.7,0.77,160.75,0.01,0.01,2373.148984,1776168061000
1776168062.707,62.707,0.26,25.5,0.25,174.7,0.24,109.7,0.23,160.75,0.22,109.54,0.27,6.0,0.28,88.0,0.29,90.5,0.3,119.5,0.31,60.5,0.72,127.0,0.71,90.5,0.7,119.5,0.69,60.5,0.68,44.5,0.73,4.0,0.74,25.5,0.75,174.7,0.76,109.7,0.77,160.75,0.01,0.01,2373.148984,1776168061000
1776168063.242,63.242,0.26,91.5,0.25,289.7,0.24,79.24,0.23,60.3,0.22,141.0,0.28,51.67,0.29,10.0,0.3,30.0,0.31,64.0,0.32,68.5,0.73,6.0,0.72,88.0,0.71,90.5,0.7,119.5,0.69,60.5,0.74,25.5,0.75,174.7,0.76,109.7,0.77,160.75,0.78,109.54,0.02,0.01,2373.148984,1776168061000
1776168063.642,63.642,0.27,53.5,0.26,190.5,0.25,200.69,0.24,136.7,0.23,50.3,0.28,46.67,0.29,15.0,0.3,10.0,0.31,50.0,0.32,57.5,0.72,89.67,0.71,10.0,0.7,10.0,0.69,74.5,0.68,68.5,0.73,25.13,0.74,91.5,0.75,289.7,0.76,159.24,0.77,50.3,0.01,0.01,2372.890975,1776168062000
1776168064.25,64.25,0.27,52.13,0.26,190.5,0.25,200.69,0.24,136.7,0.23,50.3,0.28,46.67,0.29,15.0,0.3,10.0,0.31,50.0,0.32,57.5,0.72,46.67,0.71,15.0,0.7,10.0,0.69,50.0,0.68,57.5,0.73,52.13,0.74,190.5,0.75,200.69,0.76,136.7,0.77,50.3,0.01,0.01,2372.8962,1776168063000
1776168064.79,64.79,0.27,72.13,0.26,187.5,0.25,198.69,0.24,136.7,0.23,60.3,0.28,148.42,0.29,60.58,0.3,20.0,0.31,60.5,0.32,58.5,0.72,46.67,0.71,15.0,0.7,10.0,0.69,50.0,0.68,57.5,0.73,52.13,0.74,190.5,0.75,200.69,0.76,136.7,0.77,50.3,0.01,0.01,2372.8962,1776168063000
1776168065.323,65.323,0.27,72.13,0.26,187.5,0.25,198.69,0.24,136.7,0.23,60.3,0.28,148.42,0.29,60.58,0.3,20.0,0.31,60.5,0.32,58.5,0.72,148.42,0.71,60.58,0.7,20.0,0.69,60.5,0.68,58.5,0.73,72.13,0.74,187.5,0.75,198.69,0.76,136.7,0.77,60.3,0.01,0.01,2372.964865,1776168064000
1776168065.567,65.567,0.27,60.76,0.26,81.5,0.25,285.15,0.24,153.7,0.23,71.3,0.28,190.09,0.29,88.75,0.3,20.0,0.31,60.5,0.32,70.5,0.72,148.42,0.71,60.58,0.7,20.0,0.69,60.5,0.68,58.5,0.73,72.13,0.74,187.5,0.75,198.69,0.76,136.7,0.77,60.3,0.01,0.01,2372.964865,1776168064000
1776168066.26,66.26,0.27,33.39,0.26,81.5,0.25,285.15,0.24,153.7,0.23,71.3,0.28,195.09,0.29,88.75,0.3,20.0,0.31,60.5,0.32,70.5,0.72,195.09,0.71,88.75,0.7,20.0,0.69,60.5,0.68,70.5,0.73,33.39,0.74,81.5,0.75,285.15,0.76,153.7,0.77,71.3,0.01,0.01,2373.14109,1776168065000
1776168066.466,66.466,0.27,32.02,0.26,100.2,0.25,285.15,0.24,153.7,0.23,71.3,0.28,194.09,0.29,103.75,0.3,20.0,0.31,60.5,0.32,95.5,0.72,200.09,0.71,103.75,0.7,20.0,0.69,60.5,0.68,95.5,0.73,32.02,0.74,100.2,0.75,285.15,0.76,153.7,0.77,71.3,0.01,0.01,2373.14109,1776168065000
1776168067.262,67.262,0.27,32.02,0.26,100.2,0.25,285.15,0.24,153.7,0.23,71.3,0.28,194.09,0.29,103.75,0.3,20.0,0.31,60.5,0.32,95.5,0.72,194.09,0.71,103.75,0.7,20.0,0.69,60.5,0.68,95.5,0.73,32.02,0.74,100.2,0.75,285.15,0.76,153.7,0.77,71.3,0.01,0.01,2373.150495,1776168066000
1776168068.118,68.118,0.27,256.56,0.26,268.19,0.25,199.7,0.24,44.7,0.23,115.3,0.28,149.09,0.29,33.17,0.3,15.0,0.31,45.0,0.32,25.0,0.72,194.09,0.71,103.75,0.7,20.0,0.69,60.5,0.68,95.5,0.73,32.02,0.74,100.2,0.75,285.15,0.76,153.7,0.77,71.3,0.01,0.01,2373.150495,1776168066000
1776168068.576,68.576,0.29,174.49,0.28,76.5,0.27,161.32,0.26,145.2,0.25,189.2,0.31,27.9,0.32,35.0,0.33,40.0,0.34,35.0,0.35,60.0,0.7,2.9,0.69,45.0,0.68,25.0,0.67,30.0,0.66,35.0,0.73,315.56,0.74,188.19,0.75,199.7,0.76,74.7,0.77,55.3,0.02,0.03,2373.140745,1776168067000
1776168068.896,68.896,0.3,37.07,0.29,169.49,0.28,75.5,0.27,174.32,0.26,128.7,0.31,17.9,0.32,40.0,0.33,40.0,0.34,35.5,0.35,70.0,0.69,32.9,0.68,35.0,0.67,40.0,0.66,45.5,0.65,60.0,0.7,16.07,0.71,174.49,0.72,76.5,0.73,161.32,0.74,134.7,0.01,0.01,2373.140745,1776168067000
1776168069.109,69.109,0.3,52.07,0.29,174.49,0.28,75.5,0.27,174.32,0.26,128.7,0.32,26.87,0.33,40.0,0.34,35.5,0.35,80.0,0.36,25.0,0.69,17.9,0.68,40.0,0.67,40.0,0.66,35.5,0.65,70.0,0.7,37.07,0.71,169.49,0.72,75.5,0.73,174.32,0.74,128.7,0.02,0.01,2373.140745,1776168067000
1776168069.452,69.452,0.31,37.5,0.3,150.07,0.29,77.49,0.28,42.5,0.27,148.82,0.32,21.21,0.33,45.0,0.34,35.5,0.35,70.0,0.36,25.0,0.68,26.87,0.67,40.0,0.66,35.5,0.65,80.0,0.64,25.0,0.7,52.07,0.71,174.49,0.72,75.5,0.73,174.32,0.74,128.7,0.01,0.02,2373.13836,1776168068000
1776168070.187,70.187,0.31,37.5,0.3,150.07,0.29,77.49,0.28,42.5,0.27,148.82,0.32,21.21,0.33,45.0,0.34,35.5,0.35,70.0,0.36,25.0,0.68,21.21,0.67,45.0,0.66,35.5,0.65,70.0,0.64,25.0,0.69,37.5,0.7,150.07,0.71,77.49,0.72,42.5,0.73,148.82,0.01,0.01,2373.168781,1776168069000
1776168071.081,71.081,0.31,37.5,0.3,150.07,0.29,77.49,0.28,42.5,0.27,148.82,0.32,21.21,0.33,45.0,0.34,35.5,0.35,70.0,0.36,25.0,0.68,21.21,0.67,45.0,0.66,35.5,0.65,70.0,0.64,25.0,0.69,37.5,0.7,150.07,0.71,77.49,0.72,42.5,0.73,148.82,0.01,0.01,2373.42937,1776168070000
1776168072.191,72.191,0.31,37.5,0.3,150.07,0.29,77.49,0.28,42.5,0.27,148.82,0.32,21.21,0.33,45.0,0.34,35.5,0.35,70.0,0.36,25.0,0.68,21.21,0.67,45.0,0.66,35.5,0.65,70.0,0.64,25.0,0.69,37.5,0.7,150.07,0.71,77.49,0.72,42.5,0.73,148.82,0.01,0.01,2373.53165,1776168071000
1776168073.733,73.733,0.31,17.0,0.3,53.17,0.29,171.0,0.28,80.47,0.27,158.82,0.32,44.26,0.33,45.0,0.34,35.5,0.35,70.0,0.36,25.0,0.68,44.26,0.67,45.0,0.66,35.5,0.65,70.0,0.64,25.0,0.69,17.0,0.7,53.17,0.71,171.0,0.72,80.47,0.73,158.82,0.01,0.01,2373.53176,1776168072000
1776168074.226,74.226,0.31,17.0,0.3,53.17,0.29,171.0,0.28,80.47,0.27,158.82,0.32,44.26,0.33,45.0,0.34,35.5,0.35,70.0,0.36,25.0,0.68,44.26,0.67,45.0,0.66,35.5,0.65,70.0,0.64,25.0,0.69,17.0,0.7,53.17,0.71,171.0,0.72,80.47,0.73,158.82,0.01,0.01,2373.4932,1776168073000
1776168074.65,74.65,0.3,27.1,0.29,43.0,0.28,191.47,0.27,167.82,0.26,170.7,0.32,102.26,0.33,65.5,0.34,35.5,0.35,70.0,0.36,64.0,0.68,44.26,0.67,45.0,0.66,35.5,0.65,70.0,0.64,25.0,0.69,17.0,0.7,53.17,0.71,171.0,0.72,80.47,0.73,158.82,0.02,0.01,2373.4932,1776168073000
1776168075.07,75.07,0.28,5.09,0.27,20.0,0.26,169.7,0.25,210.19,0.24,194.24,0.31,79.0,0.32,44.76,0.33,107.5,0.34,58.5,0.35,55.0,0.68,102.26,0.67,65.5,0.66,35.5,0.65,70.0,0.64,64.0,0.7,27.1,0.71,43.0,0.72,191.47,0.73,167.82,0.74,170.7,0.03,0.02,2373.4932,1776168073000
1776168075.272,75.272,0.28,4.99,0.27,20.0,0.26,45.0,0.25,164.2,0.24,229.7,0.29,55.77,0.3,36.0,0.31,82.5,0.32,39.76,0.33,61.5,0.71,43.77,0.7,25.0,0.69,92.5,0.68,84.76,0.67,61.5,0.72,5.09,0.73,30.5,0.74,45.0,0.75,164.2,0.76,349.7,0.01,0.01,2373.4932,1776168073000
1776168075.574,75.574,0.27,20.0,0.26,55.5,0.25,174.7,0.24,159.7,0.23,276.29,0.29,88.27,0.3,46.5,0.31,113.5,0.32,56.76,0.33,61.5,0.71,88.27,0.7,46.5,0.69,113.5,0.68,56.76,0.67,61.5,0.73,20.0,0.74,55.5,0.75,174.7,0.76,159.7,0.77,276.29,0.02,0.02,2373.470415,1776168074000
1776168076.133,76.133,0.27,20.0,0.26,55.5,0.25,174.7,0.24,159.7,0.23,276.29,0.29,88.27,0.3,46.5,0.31,113.5,0.32,56.76,0.33,61.5,0.71,88.27,0.7,46.5,0.69,113.5,0.68,56.76,0.67,61.5,0.73,20.0,0.74,55.5,0.75,174.7,0.76,159.7,0.77,276.29,0.02,0.02,2373.462505,1776168075000
1776168077.367,77.367,0.27,20.0,0.26,55.5,0.25,174.7,0.24,159.7,0.23,276.29,0.29,88.27,0.3,46.5,0.31,113.5,0.32,56.76,0.33,61.5,0.71,88.27,0.7,46.5,0.69,113.5,0.68,56.76,0.67,61.5,0.73,20.0,0.74,55.5,0.75,174.7,0.76,159.7,0.77,276.29,0.02,0.02,2373.187135,1776168076000
1776168078.029,78.029,0.3,42.0,0.29,38.5,0.28,36.5,0.27,277.79,0.26,135.2,0.31,19.12,0.32,86.68,0.33,65.5,0.34,30.0,0.35,98.0,0.69,9.12,0.68,71.18,0.67,65.5,0.66,30.0,0.65,98.0,0.72,139.0,0.73,162.49,0.74,94.2,0.75,184.7,0.76,226.7,0.01,0.03,2373.187135,1776168076000
1776168078.312,78.312,0.3,57.0,0.29,48.5,0.28,64.39,0.27,291.79,0.26,135.2,0.31,15.24,0.32,86.68,0.33,65.5,0.34,40.0,0.35,76.0,0.69,19.12,0.68,86.68,0.67,65.5,0.66,30.0,0.65,98.0,0.7,42.0,0.71,38.5,0.72,36.5,0.73,277.79,0.74,135.2,0.01,0.01,2373.17988,1776168077000
1776168079.023,79.023,0.3,52.78,0.29,48.5,0.28,64.39,0.27,296.79,0.26,129.2,0.31,25.24,0.32,86.68,0.33,75.5,0.34,40.0,0.35,76.0,0.69,15.24,0.68,86.68,0.67,65.5,0.66,40.0,0.65,76.0,0.7,57.0,0.71,48.5,0.72,64.39,0.73,291.79,0.74,135.2,0.01,0.01,2373.17988,1776168077000
1776168079.37,79.37,0.3,52.78,0.29,48.5,0.28,64.39,0.27,296.79,0.26,129.2,0.31,25.24,0.32,86.68,0.33,75.5,0.34,40.0,0.35,76.0,0.69,25.24,0.68,86.68,0.67,75.5,0.66,40.0,0.65,76.0,0.7,52.78,0.71,48.5,0.72,64.39,0.73,296.79,0.74,129.2,0.01,0.01,2373.478862,1776168078000
1776168080.05,80.05,0.3,52.78,0.29,48.5,0.28,64.39,0.27,296.79,0.26,129.2,0.31,25.24,0.32,86.68,0.33,75.5,0.34,40.0,0.35,76.0,0.69,25.24,0.68,86.68,0.67,75.5,0.66,40.0,0.65,76.0,0.7,52.78,0.71,48.5,0.72,64.39,0.73,296.79,0.74,129.2,0.01,0.01,2373.52598,1776168079000
1776168081.424,81.424,0.3,52.78,0.29,48.5,0.28,64.39,0.27,296.79,0.26,129.2,0.31,25.24,0.32,86.68,0.33,75.5,0.34,40.0,0.35,76.0,0.69,25.24,0.68,86.68,0.67,75.5,0.66,40.0,0.65,76.0,0.7,52.78,0.71,48.5,0.72,64.39,0.73,296.79,0.74,129.2,0.01,0.01,2373.521175,1776168080000
1776168081.968,81.968,0.3,52.78,0.29,48.5,0.28,64.39,0.27,296.79,0.26,129.2,0.31,25.24,0.32,86.68,0.33,75.5,0.34,40.0,0.35,76.0,0.69,25.24,0.68,86.68,0.67,75.5,0.66,40.0,0.65,76.0,0.7,52.78,0.71,48.5,0.72,64.39,0.73,296.79,0.74,129.2,0.01,0.01,2373.520395,1776168081000
1776168082.244,82.244,0.3,80.06,0.29,130.5,0.28,90.38,0.27,163.8,0.26,123.7,0.31,32.89,0.32,96.68,0.33,65.5,0.34,60.5,0.35,90.0,0.69,25.24,0.68,86.68,0.67,75.5,0.66,40.0,0.65,76.0,0.7,52.78,0.71,48.5,0.72,64.39,0.73,296.79,0.74,129.2,0.01,0.01,2373.520395,1776168081000
1776168082.618,82.618,0.3,45.06,0.29,130.5,0.28,90.38,0.27,163.8,0.26,123.7,0.31,27.89,0.32,96.68,0.33,65.5,0.34,60.5,0.35,90.0,0.69,32.89,0.68,96.68,0.67,65.5,0.66,60.5,0.65,90.0,0.7,80.06,0.71,130.5,0.72,90.38,0.73,163.8,0.74,123.7,0.01,0.01,2373.520395,1776168081000
1776168083.262,83.262,0.3,45.06,0.29,130.5,0.28,90.38,0.27,163.8,0.26,123.7,0.31,27.89,0.32,96.68,0.33,65.5,0.34,60.5,0.35,90.0,0.69,27.89,0.68,96.68,0.67,65.5,0.66,60.5,0.65,90.0,0.7,45.06,0.71,130.5,0.72,90.38,0.73,163.8,0.74,123.7,0.01,0.01,2373.513385,1776168082000
1776168084.579,84.579,0.3,50.06,0.29,29.5,0.28,91.38,0.27,197.8,0.26,123.7,0.31,34.66,0.32,96.68,0.33,65.5,0.34,60.5,0.35,90.0,0.69,34.66,0.68,96.68,0.67,65.5,0.66,60.5,0.65,90.0,0.7,50.06,0.71,29.5,0.72,91.38,0.73,197.8,0.74,123.7,0.01,0.01,2373.504575,1776168083000
1776168085.156,85.156,0.3,50.06,0.29,29.5,0.28,91.38,0.27,197.8,0.26,123.7,0.31,34.66,0.32,96.68,0.33,65.5,0.34,60.5,0.35,90.0,0.69,34.66,0.68,96.68,0.67,65.5,0.66,60.5,0.65,90.0,0.7,50.06,0.71,29.5,0.72,91.38,0.73,197.8,0.74,123.7,0.01,0.01,2373.4945,1776168084000
1776168086.482,86.482,0.3,50.06,0.29,29.5,0.28,91.38,0.27,197.8,0.26,123.7,0.31,34.66,0.32,96.68,0.33,65.5,0.34,60.5,0.35,90.0,0.69,34.66,0.68,96.68,0.67,65.5,0.66,60.5,0.65,90.0,0.7,50.06,0.71,29.5,0.72,91.38,0.73,197.8,0.74,123.7,0.01,0.01,2373.49443,1776168085000
1776168087.253,87.253,0.3,50.06,0.29,29.5,0.28,91.38,0.27,197.8,0.26,123.7,0.31,34.66,0.32,96.68,0.33,65.5,0.34,60.5,0.35,90.0,0.69,34.66,0.68,96.68,0.67,65.5,0.66,60.5,0.65,90.0,0.7,50.06,0.71,29.5,0.72,91.38,0.73,197.8,0.74,123.7,0.01,0.01,2373.50001,1776168086000
1776168088.518,88.518,0.3,7.96,0.29,29.5,0.28,168.84,0.27,93.34,0.26,98.7,0.31,32.9,0.32,96.68,0.33,70.5,0.34,65.5,0.35,94.0,0.69,49.66,0.68,96.68,0.67,70.5,0.66,65.5,0.65,112.0,0.7,30.06,0.71,129.5,0.72,91.38,0.73,168.8,0.74,98.7,0.01,0.01,2373.50001,1776168086000
1776168088.883,88.883,0.3,7.96,0.29,29.5,0.28,168.84,0.27,93.34,0.26,98.7,0.31,32.9,0.32,96.68,0.33,70.5,0.34,65.5,0.35,94.0,0.69,32.9,0.68,96.68,0.67,70.5,0.66,65.5,0.65,94.0,0.7,7.96,0.71,29.5,0.72,168.84,0.73,93.34,0.74,98.7,0.01,0.01,2373.500125,1776168087000
1776168089.612,89.612,0.3,7.96,0.29,29.5,0.28,168.84,0.27,93.34,0.26,98.7,0.31,32.9,0.32,96.68,0.33,70.5,0.34,65.5,0.35,94.0,0.69,32.9,0.68,96.68,0.67,70.5,0.66,65.5,0.65,94.0,0.7,7.96,0.71,29.5,0.72,168.84,0.73,93.34,0.74,98.7,0.01,0.01,2373.490905,1776168088000
1776168090.335,90.335,0.3,12.96,0.29,12.0,0.28,37.89,0.27,300.79,0.26,133.7,0.31,13.51,0.32,106.68,0.33,70.5,0.34,102.5,0.35,100.0,0.69,32.9,0.68,96.68,0.67,70.5,0.66,65.5,0.65,94.0,0.7,7.96,0.71,29.5,0.72,168.84,0.73,93.34,0.74,98.7,0.01,0.01,2373.490905,1776168088000
1776168091.016,91.016,0.3,0.53,0.29,17.0,0.28,37.89,0.27,168.8,0.26,189.25,0.31,73.51,0.32,127.68,0.33,98.5,0.34,71.5,0.35,117.0,0.69,18.51,0.68,106.68,0.67,70.5,0.66,102.5,0.65,100.0,0.7,16.53,0.71,17.0,0.72,37.89,0.73,289.25,0.74,133.7,0.01,0.01,2373.50087,1776168089000
1776168092.659,92.659,0.3,0.53,0.29,17.0,0.28,37.89,0.27,168.8,0.26,189.25,0.31,73.51,0.32,127.68,0.33,98.5,0.34,71.5,0.35,117.0,0.69,73.51,0.68,127.68,0.67,98.5,0.66,71.5,0.65,117.0,0.7,0.53,0.71,17.0,0.72,37.89,0.73,168.8,0.74,189.25,0.01,0.01,2373.4367,1776168091000
1776168093.29,93.29,0.3,0.53,0.29,17.0,0.28,37.89,0.27,168.8,0.26,189.25,0.31,73.51,0.32,127.68,0.33,98.5,0.34,71.5,0.35,117.0,0.69,73.51,0.68,127.68,0.67,98.5,0.66,71.5,0.65,117.0,0.7,0.53,0.71,17.0,0.72,37.89,0.73,168.8,0.74,189.25,0.01,0.01,2373.35835,1776168092000
1776168094.454,94.454,0.28,10.0,0.27,50.0,0.26,83.7,0.25,279.2,0.24,314.69,0.29,156.24,0.3,66.5,0.31,107.51,0.32,147.68,0.33,72.5,0.69,73.51,0.68,127.68,0.67,98.5,0.66,71.5,0.65,117.0,0.7,0.53,0.71,17.0,0.72,37.89,0.73,168.8,0.74,189.25,0.01,0.01,2373.35835,1776168092000
1776168095.04,95.04,0.28,10.0,0.27,50.0,0.26,83.7,0.25,279.2,0.24,314.69,0.29,156.24,0.3,66.5,0.31,107.51,0.32,147.68,0.33,72.5,0.71,156.24,0.7,66.5,0.69,107.51,0.68,147.68,0.67,72.5,0.72,10.0,0.73,50.0,0.74,83.7,0.75,279.2,0.76,314.69,0.01,0.01,2373.29275,1776168094000
1776168096.427,96.427,0.27,35.0,0.26,80.0,0.25,280.0,0.24,225.19,0.23,210.3,0.28,66.83,0.29,91.76,0.3,51.5,0.31,132.51,0.32,130.68,0.72,68.5,0.71,68.24,0.7,46.5,0.69,97.51,0.68,125.68,0.73,47.0,0.74,65.0,0.75,294.5,0.76,231.69,0.77,210.3,0.01,0.01,2373.29275,1776168094000
1776168096.908,96.908,0.27,35.0,0.26,80.0,0.25,190.5,0.24,325.19,0.23,249.3,0.28,75.18,0.29,91.76,0.3,51.5,0.31,132.51,0.32,180.68,0.72,66.83,0.71,91.76,0.7,51.5,0.69,132.51,0.68,130.68,0.73,35.0,0.74,80.0,0.75,280.0,0.76,225.19,0.77,210.3,0.01,0.01,2373.23498,1776168095000
1776168097.266,97.266,0.27,35.0,0.26,80.0,0.25,190.5,0.24,325.19,0.23,249.3,0.28,75.18,0.29,91.76,0.3,51.5,0.31,132.51,0.32,180.68,0.72,75.18,0.71,91.76,0.7,51.5,0.69,132.51,0.68,180.68,0.73,35.0,0.74,80.0,0.75,190.5,0.76,325.19,0.77,249.3,0.01,0.01,2373.195515,1776168096000
1776168097.981,97.981,0.25,170.0,0.24,175.5,0.23,215.8,0.22,317.54,0.21,203.24,0.27,79.76,0.28,58.18,0.29,112.5,0.3,43.5,0.31,103.51,0.72,193.68,0.71,121.76,0.7,43.5,0.69,103.51,0.68,161.68,0.74,55.0,0.75,160.0,0.76,155.0,0.77,115.3,0.78,186.0,0.02,0.02,2373.195515,1776168096000
1776168098.425,98.425,0.25,125.5,0.24,200.2,0.23,251.8,0.22,236.99,0.21,258.7,0.26,31.89,0.27,62.15,0.28,35.5,0.29,65.5,0.3,77.5,0.73,79.76,0.72,58.18,0.71,112.5,0.7,43.5,0.69,103.51,0.75,170.0,0.76,175.5,0.77,215.8,0.78,317.54,0.79,203.24,0.01,0.02,2373.20714,1776168097000
1776168099.491,99.491,0.25,140.5,0.24,210.2,0.23,251.8,0.22,236.99,0.21,258.7,0.26,23.89,0.27,97.15,0.28,35.5,0.29,52.5,0.3,77.5,0.74,23.89,0.73,97.15,0.72,35.5,0.71,52.5,0.7,77.5,0.75,140.5,0.76,210.2,0.77,251.8,0.78,236.99,0.79,258.7,0.01,0.01,2373.17576,1776168098000
1776168100.354,100.354,0.25,140.5,0.24,210.2,0.23,251.8,0.22,236.99,0.21,258.7,0.26,23.89,0.27,97.15,0.28,35.5,0.29,52.5,0.3,77.5,0.74,23.89,0.73,97.15,0.72,35.5,0.71,52.5,0.7,77.5,0.75,140.5,0.76,210.2,0.77,251.8,0.78,236.99,0.79,258.7,0.01,0.01,2373.06925,1776168099000
1776168100.94,100.94,0.24,180.5,0.23,135.8,0.22,381.0,0.21,218.15,0.2,179.5,0.26,188.82,0.27,115.5,0.28,75.5,0.29,65.5,0.3,54.5,0.74,23.89,0.73,97.15,0.72,35.5,0.71,52.5,0.7,77.5,0.75,140.5,0.76,210.2,0.77,251.8,0.78,236.99,0.79,258.7,0.02,0.01,2373.06925,1776168099000
1776168102.465,102.465,0.24,180.5,0.23,135.8,0.22,381.0,0.21,218.15,0.2,179.5,0.26,188.82,0.27,115.5,0.28,75.5,0.29,65.5,0.3,54.5,0.74,188.82,0.73,115.5,0.72,75.5,0.71,65.5,0.7,54.5,0.76,180.5,0.77,135.8,0.78,381.0,0.79,218.15,0.8,179.5,0.02,0.02,2373.133815,1776168101000
1776168103.245,103.245,0.24,180.5,0.23,135.8,0.22,381.0,0.21,218.15,0.2,179.5,0.26,188.82,0.27,115.5,0.28,75.5,0.29,65.5,0.3,54.5,0.74,188.82,0.73,115.5,0.72,75.5,0.71,65.5,0.7,54.5,0.76,180.5,0.77,135.8,0.78,381.0,0.79,218.15,0.8,179.5,0.02,0.02,2373.1219,1776168102000
1776168104.413,104.413,0.24,180.5,0.23,135.8,0.22,381.0,0.21,218.15,0.2,179.5,0.26,188.82,0.27,115.5,0.28,75.5,0.29,65.5,0.3,54.5,0.74,188.82,0.73,115.5,0.72,75.5,0.71,65.5,0.7,54.5,0.76,180.5,0.77,135.8,0.78,381.0,0.79,218.15,0.8,179.5,0.02,0.02,2373.034825,1776168103000
1776168105.042,105.042,0.24,180.5,0.23,135.8,0.22,381.0,0.21,218.15,0.2,179.5,0.26,188.82,0.27,115.5,0.28,75.5,0.29,65.5,0.3,54.5,0.74,188.82,0.73,115.5,0.72,75.5,0.71,65.5,0.7,54.5,0.76,180.5,0.77,135.8,0.78,381.0,0.79,218.15,0.8,179.5,0.02,0.02,2373.04763,1776168104000
1776168106.316,106.316,0.25,42.17,0.24,306.74,0.23,259.79,0.22,191.0,0.21,178.7,0.26,5.0,0.27,40.0,0.28,5.0,0.29,45.5,0.3,41.5,0.74,188.82,0.73,115.5,0.72,75.5,0.71,65.5,0.7,54.5,0.76,180.5,0.77,135.8,0.78,381.0,0.79,218.15,0.8,179.5,0.01,0.02,2373.04763,1776168104000
1776168106.578,106.578,0.25,87.37,0.24,306.74,0.23,259.79,0.22,191.0,0.21,178.7,0.26,12.1,0.27,40.0,0.28,5.0,0.29,45.5,0.3,41.5,0.74,5.0,0.73,40.0,0.72,5.0,0.71,45.5,0.7,41.5,0.75,42.17,0.76,306.74,0.77,259.79,0.78,191.0,0.79,178.7,0.01,0.01,2373.04763,1776168104000
1776168106.805,106.805,0.25,87.37,0.24,306.74,0.23,259.79,0.22,191.0,0.21,178.7,0.26,12.1,0.27,40.0,0.28,5.0,0.29,45.5,0.3,41.5,0.74,12.1,0.73,40.0,0.72,5.0,0.71,45.5,0.7,41.5,0.75,87.37,0.76,306.74,0.77,259.79,0.78,191.0,0.79,178.7,0.01,0.01,2373.135345,1776168105000
1776168107.266,107.266,0.25,80.7,0.24,301.74,0.23,259.79,0.22,191.0,0.21,178.7,0.26,39.15,0.27,40.0,0.28,15.5,0.29,45.5,0.3,41.5,0.74,12.1,0.73,40.0,0.72,5.0,0.71,45.5,0.7,41.5,0.75,87.37,0.76,306.74,0.77,259.79,0.78,191.0,0.79,178.7,0.01,0.01,2373.135345,1776168105000
1776168107.885,107.885,0.25,80.7,0.24,301.74,0.23,259.79,0.22,191.0,0.21,178.7,0.26,39.15,0.27,40.0,0.28,15.5,0.29,45.5,0.3,41.5,0.74,39.15,0.73,40.0,0.72,15.5,0.71,45.5,0.7,41.5,0.75,80.7,0.76,301.74,0.77,259.79,0.78,191.0,0.79,178.7,0.01,0.01,2373.222315,1776168107000
1776168109.05,109.05,0.25,80.7,0.24,301.74,0.23,259.79,0.22,191.0,0.21,178.7,0.26,39.15,0.27,40.0,0.28,15.5,0.29,45.5,0.3,41.5,0.74,39.15,0.73,40.0,0.72,15.5,0.71,45.5,0.7,41.5,0.75,80.7,0.76,301.74,0.77,259.79,0.78,191.0,0.79,178.7,0.01,0.01,2373.3216,1776168108000
1776168109.265,109.265,0.29,5.0,0.28,54.89,0.27,188.8,0.26,101.19,0.25,54.7,0.3,51.5,0.31,70.5,0.32,86.18,0.33,91.0,0.34,79.0,0.74,39.15,0.73,40.0,0.72,15.5,0.71,45.5,0.7,41.5,0.75,80.7,0.76,301.74,0.77,259.79,0.78,191.0,0.79,178.7,0.01,0.01,2373.3216,1776168108000
1776168109.669,109.669,0.29,5.0,0.28,65.39,0.27,188.8,0.26,101.19,0.25,54.7,0.3,67.83,0.31,132.52,0.32,86.18,0.33,91.0,0.34,79.0,0.7,51.5,0.69,70.5,0.68,86.18,0.67,91.0,0.66,79.0,0.71,5.0,0.72,54.89,0.73,188.8,0.74,101.19,0.75,54.7,0.01,0.01,2373.3216,1776168108000
1776168109.929,109.929,0.29,5.0,0.28,65.39,0.27,188.8,0.26,101.19,0.25,54.7,0.3,67.83,0.31,132.52,0.32,86.18,0.33,91.0,0.34,79.0,0.7,67.83,0.69,132.52,0.68,86.18,0.67,91.0,0.66,79.0,0.71,5.0,0.72,65.39,0.73,188.8,0.74,101.19,0.75,54.7,0.01,0.01,2373.33766,1776168109000
1776168110.932,110.932,0.29,5.0,0.28,65.39,0.27,188.8,0.26,101.19,0.25,54.7,0.3,67.83,0.31,132.52,0.32,86.18,0.33,91.0,0.34,79.0,0.7,67.83,0.69,132.52,0.68,86.18,0.67,91.0,0.66,79.0,0.71,5.0,0.72,65.39,0.73,188.8,0.74,101.19,0.75,54.7,0.01,0.01,2373.456125,1776168110000
1776168111.972,111.972,0.29,5.0,0.28,65.39,0.27,188.8,0.26,101.19,0.25,54.7,0.3,67.83,0.31,132.52,0.32,86.18,0.33,91.0,0.34,79.0,0.7,67.83,0.69,132.52,0.68,86.18,0.67,91.0,0.66,79.0,0.71,5.0,0.72,65.39,0.73,188.8,0.74,101.19,0.75,54.7,0.01,0.01,2373.487665,1776168111000
1776168113.11,113.11,0.29,5.0,0.28,65.39,0.27,188.8,0.26,101.19,0.25,54.7,0.3,67.83,0.31,132.52,0.32,86.18,0.33,91.0,0.34,79.0,0.7,67.83,0.69,132.52,0.68,86.18,0.67,91.0,0.66,79.0,0.71,5.0,0.72,65.39,0.73,188.8,0.74,101.19,0.75,54.7,0.01,0.01,2373.4517,1776168112000
1776168113.974,113.974,0.29,5.0,0.28,65.39,0.27,188.8,0.26,101.19,0.25,54.7,0.3,67.83,0.31,132.52,0.32,86.18,0.33,91.0,0.34,79.0,0.7,67.83,0.69,132.52,0.68,86.18,0.67,91.0,0.66,79.0,0.71,5.0,0.72,65.39,0.73,188.8,0.74,101.19,0.75,54.7,0.01,0.01,2373.421885,1776168113000
1776168114.452,114.452,0.28,41.83,0.27,73.8,0.26,64.2,0.25,162.7,0.24,164.19,0.29,135.5,0.3,91.26,0.31,120.5,0.32,172.18,0.33,109.0,0.7,67.83,0.69,132.52,0.68,86.18,0.67,91.0,0.66,79.0,0.71,5.0,0.72,65.39,0.73,188.8,0.74,101.19,0.75,54.7,0.01,0.01,2373.421885,1776168113000
1776168115.019,115.019,0.28,41.83,0.27,73.8,0.26,64.2,0.25,162.7,0.24,164.19,0.29,135.5,0.3,91.26,0.31,120.5,0.32,172.18,0.33,109.0,0.71,135.5,0.7,91.26,0.69,120.5,0.68,172.18,0.67,109.0,0.72,41.83,0.73,73.8,0.74,64.2,0.75,162.7,0.76,164.19,0.01,0.01,2373.395275,1776168114000
1776168115.841,115.841,0.25,9.2,0.24,99.7,0.23,228.84,0.22,316.5,0.21,156.7,0.26,131.5,0.27,43.5,0.28,68.5,0.29,85.5,0.3,90.71,0.71,135.5,0.7,91.26,0.69,120.5,0.68,172.18,0.67,109.0,0.72,41.83,0.73,73.8,0.74,64.2,0.75,162.7,0.76,164.19,0.01,0.01,2373.395275,1776168114000
1776168116.198,116.198,0.25,9.2,0.24,99.7,0.23,228.84,0.22,316.5,0.21,156.7,0.26,131.5,0.27,43.5,0.28,68.5,0.29,85.5,0.3,90.71,0.74,131.5,0.73,43.5,0.72,68.5,0.71,85.5,0.7,90.71,0.75,9.2,0.76,99.7,0.77,228.84,0.78,316.5,0.79,156.7,0.01,0.01,2373.38306,1776168115000
1776168117.009,117.009,0.2,125.0,0.19,170.0,0.18,195.0,0.17,110.5,0.16,131.8,0.22,258.81,0.23,79.5,0.24,83.5,0.25,156.5,0.26,218.5,0.75,186.06,0.74,167.5,0.73,43.5,0.72,20.5,0.71,130.5,0.77,75.0,0.78,155.0,0.79,125.0,0.8,125.0,0.81,193.4,0.02,0.02,2373.38306,1776168115000
1776168117.305,117.305,0.2,125.0,0.19,170.0,0.18,195.0,0.17,110.5,0.16,131.8,0.22,258.81,0.23,79.5,0.24,83.5,0.25,156.5,0.26,218.5,0.78,258.81,0.77,79.5,0.76,83.5,0.75,156.5,0.74,218.5,0.8,125.0,0.81,170.0,0.82,195.0,0.83,110.5,0.84,131.8,0.02,0.02,2373.37306,1776168116000
1776168118.305,118.305,0.2,125.0,0.19,170.0,0.18,195.0,0.17,110.5,0.16,131.8,0.22,258.81,0.23,79.5,0.24,83.5,0.25,156.5,0.26,218.5,0.78,258.81,0.77,79.5,0.76,83.5,0.75,156.5,0.74,218.5,0.8,125.0,0.81,170.0,0.82,195.0,0.83,110.5,0.84,131.8,0.02,0.02,2372.548479,1776168117000
1776168118.621,118.621,0.15,245.0,0.14,70.0,0.13,170.0,0.12,282.19,0.11,151.79,0.16,47.02,0.17,273.0,0.18,103.0,0.19,91.5,0.2,102.5,0.83,10.0,0.82,254.0,0.81,87.5,0.8,136.5,0.79,140.5,0.84,22.98,0.85,245.0,0.86,70.0,0.87,170.0,0.88,282.19,0.01,0.01,2372.548479,1776168117000
1776168119.007,119.007,0.15,96.62,0.14,70.0,0.13,170.0,0.12,282.19,0.11,151.79,0.16,193.27,0.17,99.5,0.18,69.5,0.19,20.5,0.2,112.5,0.84,253.8,0.83,109.5,0.82,69.5,0.81,25.5,0.8,102.5,0.85,250.62,0.86,70.0,0.87,170.0,0.88,282.19,0.89,151.79,0.01,0.01,2372.548479,1776168117000
1776168119.273,119.273,0.15,23.82,0.14,70.0,0.13,185.0,0.12,284.69,0.11,151.79,0.16,221.77,0.17,140.5,0.18,69.5,0.19,20.5,0.2,112.5,0.84,193.27,0.83,99.5,0.82,69.5,0.81,20.5,0.8,112.5,0.85,96.62,0.86,70.0,0.87,170.0,0.88,282.19,0.89,151.79,0.01,0.01,2372.548479,1776168117000
1776168119.606,119.606,0.15,21.73,0.14,10.0,0.13,197.5,0.12,284.69,0.11,141.79,0.16,222.5,0.17,102.5,0.18,25.5,0.19,20.5,0.2,42.5,0.84,129.0,0.83,95.5,0.82,25.5,0.81,27.5,0.8,42.5,0.85,53.13,0.86,80.5,0.87,180.5,0.88,284.69,0.89,251.79,0.01,0.01,2372.13777,1776168118000
1776168119.9,119.9,0.15,41.0,0.14,10.0,0.13,197.5,0.12,284.69,0.11,161.79,0.16,239.5,0.17,102.5,0.18,25.5,0.19,20.5,0.2,42.5,0.84,222.5,0.83,102.5,0.82,25.5,0.81,20.5,0.8,42.5,0.85,21.73,0.86,10.0,0.87,197.5,0.88,284.69,0.89,141.79,0.01,0.01,2372.13777,1776168118000
1776168120.143,120.143,0.14,27.21,0.13,229.3,0.12,284.69,0.11,161.79,0.1,349.99,0.16,205.25,0.17,71.5,0.18,25.5,0.19,20.5,0.2,42.5,0.84,207.5,0.83,102.5,0.82,25.5,0.81,20.5,0.8,42.5,0.86,10.0,0.87,197.5,0.88,284.69,0.89,161.79,0.9,379.99,0.02,0.02,2372.13777,1776168118000
1776168120.588,120.588,0.14,34.71,0.13,229.3,0.12,284.69,0.11,161.79,0.1,349.99,0.15,10.5,0.16,205.25,0.17,71.5,0.18,25.5,0.19,20.5,0.85,10.5,0.84,205.25,0.83,71.5,0.82,25.5,0.81,20.5,0.86,34.71,0.87,229.3,0.88,284.69,0.89,161.79,0.9,349.99,0.01,0.01,2371.769292,1776168119000
1776168121.255,121.255,0.12,284.69,0.11,191.79,0.1,210.0,0.09,170.0,0.08,387.9,0.13,41.2,0.15,159.5,0.16,157.25,0.17,30.5,0.18,32.5,0.87,41.2,0.85,159.5,0.84,157.25,0.83,30.5,0.82,32.5,0.88,284.69,0.89,191.79,0.9,210.0,0.91,170.0,0.92,387.9,0.01,0.01,2371.69324,1776168120000
1776168121.468,121.468,0.12,267.51,0.11,35.0,0.1,300.0,0.09,199.0,0.08,386.9,0.13,65.0,0.14,446.0,0.15,45.5,0.16,104.5,0.17,73.5,0.87,81.0,0.86,456.5,0.85,53.5,0.84,104.5,0.83,55.5,0.88,273.51,0.89,74.0,0.9,210.0,0.91,144.0,0.92,244.35,0.01,0.01,2371.69324,1776168120000
1776168121.883,121.883,0.12,41.51,0.11,35.0,0.1,140.0,0.09,90.0,0.08,133.9,0.13,357.5,0.14,52.5,0.15,45.5,0.16,124.5,0.17,125.5,0.87,65.0,0.86,446.0,0.85,45.5,0.84,104.5,0.83,73.5,0.88,267.51,0.89,35.0,0.9,300.0,0.91,199.0,0.92,386.9,0.01,0.01,2371.69324,1776168120000
1776168122.204,122.204,0.09,55.0,0.08,133.9,0.07,220.3,0.06,104.7,0.05,220.8,0.11,298.99,0.12,60.37,0.13,73.5,0.14,20.5,0.15,20.5,0.89,23.49,0.87,357.5,0.86,52.5,0.85,45.5,0.84,124.5,0.9,115.0,0.91,90.0,0.92,133.9,0.93,220.3,0.94,104.7,0.02,0.01,2371.69324,1776168120000
1776168122.718,122.718,0.08,229.9,0.07,329.84,0.06,357.24,0.05,210.8,0.04,295.8,0.09,46.66,0.1,5.0,0.11,14.76,0.12,75.37,0.13,25.5,0.91,153.0,0.9,63.0,0.89,20.26,0.88,21.37,0.87,73.5,0.92,116.9,0.93,220.3,0.94,114.7,0.95,385.35,0.96,496.8,0.01,0.01,2371.69324,1776168120000
1776168122.981,122.981,0.08,213.77,0.07,429.84,0.06,357.24,0.05,210.8,0.04,295.8,0.09,18.66,0.1,335.23,0.11,29.76,0.12,70.37,0.13,53.5,0.91,46.66,0.9,5.0,0.89,14.76,0.88,75.37,0.87,25.5,0.92,213.77,0.93,329.84,0.94,357.24,0.95,240.8,0.96,295.8,0.01,0.01,2371.817205,1776168121000
1776168123.372,123.372,0.1,38.0,0.09,144.0,0.08,265.15,0.07,482.29,0.06,410.7,0.12,75.56,0.13,25.0,0.14,20.5,0.15,55.5,0.16,97.5,0.9,290.62,0.89,29.76,0.88,88.37,0.87,103.5,0.86,20.5,0.92,213.77,0.93,453.84,0.94,357.24,0.95,210.8,0.96,295.8,0.02,0.02,2371.817205,1776168121000
1776168123.599,123.599,0.1,42.93,0.09,144.0,0.08,233.15,0.07,488.29,0.06,410.7,0.12,80.56,0.13,74.0,0.14,20.5,0.15,61.5,0.16,97.5,0.88,75.56,0.87,25.0,0.86,20.5,0.85,55.5,0.84,97.5,0.9,32.83,0.91,144.0,0.92,271.15,0.93,488.29,0.94,410.7,0.02,0.02,2371.817205,1776168121000
1776168123.835,123.835,0.11,140.0,0.1,47.93,0.09,84.0,0.08,333.15,0.07,555.29,0.12,92.97,0.13,43.0,0.14,60.0,0.15,45.0,0.16,80.5,0.88,92.97,0.87,43.0,0.86,60.0,0.85,45.0,0.84,80.5,0.89,140.0,0.9,47.93,0.91,84.0,0.92,333.15,0.93,555.29,0.01,0.01,2371.74078,1776168122000
1776168124.037,124.037,0.11,279.5,0.1,159.43,0.09,288.0,0.08,248.15,0.07,411.3,0.12,17.36,0.13,10.0,0.14,60.0,0.15,90.0,0.16,80.5,0.88,27.36,0.87,43.0,0.86,60.0,0.85,45.0,0.84,80.5,0.89,274.5,0.9,164.43,0.91,214.0,0.92,352.15,0.93,525.29,0.01,0.01,2371.74078,1776168122000
1776168124.344,124.344,0.11,371.68,0.1,292.33,0.09,241.54,0.08,234.15,0.07,451.3,0.12,2.36,0.13,5.0,0.14,10.0,0.15,35.0,0.16,60.0,0.88,17.36,0.87,10.0,0.86,60.0,0.85,90.0,0.84,80.5,0.89,279.5,0.9,159.43,0.91,288.0,0.92,248.15,0.93,411.3,0.01,0.01,2371.74078,1776168122000
1776168124.589,124.589,0.13,180.0,0.12,116.0,0.11,329.68,0.1,220.32,0.09,194.0,0.15,10.0,0.16,40.0,0.17,77.02,0.18,25.0,0.19,20.0,0.85,35.0,0.84,90.0,0.83,77.02,0.82,25.0,0.81,20.0,0.89,520.68,0.9,226.32,0.91,194.0,0.92,234.15,0.93,350.3,0.02,0.04,2371.74078,1776168122000
1776168125.254,125.254,0.13,262.5,0.12,279.8,0.11,190.68,0.1,370.32,0.09,285.0,0.14,2.5,0.15,12.33,0.16,10.0,0.17,55.52,0.18,65.0,0.85,7.33,0.84,40.0,0.83,67.02,0.82,25.0,0.81,20.0,0.87,218.0,0.88,116.0,0.89,295.68,0.9,220.32,0.91,194.0,0.01,0.02,2371.21122,1776168123000
1776168125.705,125.705,0.13,246.26,0.12,120.5,0.11,230.5,0.1,303.78,0.09,280.0,0.15,41.2,0.16,44.5,0.17,78.52,0.18,31.0,0.19,36.0,0.86,2.5,0.85,12.33,0.84,10.0,0.83,55.52,0.82,65.0,0.87,262.5,0.88,279.8,0.89,190.68,0.9,370.32,0.91,285.0,0.02,0.01,2371.46778,1776168124000
1776168126.123,126.123,0.14,122.76,0.13,208.26,0.12,120.5,0.11,230.5,0.1,337.32,0.16,10.0,0.17,32.52,0.18,71.0,0.19,36.0,0.2,46.0,0.84,10.0,0.83,32.52,0.82,71.0,0.81,36.0,0.8,46.0,0.86,122.76,0.87,208.26,0.88,120.5,0.89,230.5,0.9,337.32,0.02,0.02,2371.621851,1776168125000
1776168126.606,126.606,0.14,10.0,0.13,53.26,0.12,111.5,0.11,271.28,0.1,210.82,0.15,2.0,0.16,40.0,0.17,41.02,0.18,25.5,0.19,81.5,0.83,16.02,0.82,25.5,0.81,56.5,0.8,56.0,0.79,76.0,0.85,7.04,0.86,120.5,0.87,233.26,0.88,175.5,0.89,328.49,0.01,0.02,2371.621851,1776168125000
1776168126.879,126.879,0.15,9.52,0.14,8.83,0.13,138.26,0.12,51.5,0.11,168.29,0.16,9.34,0.17,51.52,0.18,25.5,0.19,84.5,0.2,170.0,0.84,9.34,0.83,51.52,0.82,25.5,0.81,84.5,0.8,170.0,0.86,8.83,0.87,133.26,0.88,51.5,0.89,288.74,0.9,210.82,0.01,0.02,2371.621851,1776168125000
1776168127.454,127.454,0.14,20.86,0.13,135.48,0.12,85.6,0.11,198.29,0.1,318.83,0.15,23.66,0.16,25.84,0.17,26.52,0.18,333.12,0.19,84.5,0.85,15.0,0.84,4.34,0.83,51.52,0.82,316.12,0.81,84.5,0.86,20.86,0.87,173.48,0.88,85.6,0.89,168.29,0.9,308.83,0.01,0.01,2371.621851,1776168125000
1776168128.188,128.188,0.14,40.22,0.13,115.0,0.12,92.94,0.11,198.29,0.1,117.83,0.15,26.99,0.16,25.84,0.17,102.52,0.18,322.12,0.19,201.5,0.85,23.66,0.84,25.84,0.83,26.52,0.82,333.12,0.81,84.5,0.86,20.86,0.87,135.48,0.88,85.6,0.89,198.29,0.9,318.83,0.01,0.01,2372.07773,1776168126000
1776168128.412,128.412,0.14,40.22,0.13,115.0,0.12,92.94,0.11,198.29,0.1,117.83,0.15,26.99,0.16,25.84,0.17,102.52,0.18,322.12,0.19,201.5,0.85,26.99,0.84,25.84,0.83,102.52,0.82,322.12,0.81,201.5,0.86,40.22,0.87,115.0,0.88,92.94,0.89,198.29,0.9,117.83,0.01,0.01,2372.131685,1776168127000
1776168128.834,128.834,0.14,129.05,0.13,60.5,0.12,97.94,0.11,208.29,0.1,261.37,0.15,6.99,0.16,15.34,0.17,56.52,0.18,356.12,0.19,201.5,0.85,26.99,0.84,25.84,0.83,102.52,0.82,322.12,0.81,201.5,0.86,40.22,0.87,115.0,0.88,92.94,0.89,198.29,0.9,117.83,0.01,0.01,2372.131685,1776168127000
1776168129.172,129.172,0.15,238.0,0.14,130.55,0.13,101.5,0.12,188.43,0.11,131.79,0.18,17.02,0.19,60.0,0.2,136.0,0.21,117.0,0.22,15.5,0.85,6.99,0.84,15.34,0.83,56.52,0.82,356.12,0.81,201.5,0.86,129.05,0.87,60.5,0.88,97.94,0.89,208.29,0.9,261.37,0.03,0.01,2372.131685,1776168127000
1776168130.128,130.128,0.15,236.48,0.14,70.55,0.13,221.95,0.12,199.43,0.11,131.79,0.19,50.96,0.2,136.0,0.21,85.0,0.22,15.5,0.23,174.0,0.81,50.96,0.8,136.0,0.79,85.0,0.78,15.5,0.77,174.0,0.85,236.48,0.86,70.55,0.87,221.95,0.88,199.43,0.89,131.79,0.04,0.04,2372.120225,1776168129000
1776168130.381,130.381,0.19,16.0,0.18,42.0,0.17,53.0,0.16,272.99,0.15,201.0,0.2,15.5,0.21,45.5,0.22,35.0,0.23,104.5,0.24,20.0,0.8,45.0,0.79,35.0,0.78,15.5,0.77,70.5,0.76,20.0,0.81,138.06,0.82,122.5,0.83,331.88,0.84,181.0,0.85,35.0,0.01,0.01,2372.120225,1776168129000
1776168131.147,131.147,0.18,25.41,0.17,73.0,0.16,84.0,0.15,138.84,0.14,186.74,0.19,50.5,0.2,53.0,0.21,81.5,0.22,46.0,0.23,195.5,0.8,26.0,0.79,45.5,0.78,41.0,0.77,175.5,0.76,125.0,0.82,39.8,0.83,63.0,0.84,89.5,0.85,115.0,0.86,71.84,0.01,0.02,2372.120225,1776168129000
1776168131.684,131.684,0.18,25.41,0.17,73.0,0.16,84.0,0.15,138.84,0.14,186.74,0.19,50.5,0.2,53.0,0.21,81.5,0.22,46.0,0.23,195.5,0.81,50.5,0.8,53.0,0.79,81.5,0.78,46.0,0.77,195.5,0.82,25.41,0.83,73.0,0.84,84.0,0.85,138.84,0.86,186.74,0.01,0.01,2372.407808,1776168130000
1776168132.298,132.298,0.18,25.41,0.17,73.0,0.16,84.0,0.15,138.84,0.14,186.74,0.19,50.5,0.2,53.0,0.21,81.5,0.22,46.0,0.23,195.5,0.81,50.5,0.8,53.0,0.79,81.5,0.78,46.0,0.77,195.5,0.82,25.41,0.83,73.0,0.84,84.0,0.85,138.84,0.86,186.74,0.01,0.01,2372.638404,1776168131000
1776168132.951,132.951,0.16,68.11,0.15,141.54,0.14,126.74,0.13,152.3,0.12,177.44,0.17,118.91,0.18,120.5,0.19,60.5,0.2,57.0,0.21,205.5,0.81,50.5,0.8,53.0,0.79,81.5,0.78,46.0,0.77,195.5,0.82,25.41,0.83,73.0,0.84,84.0,0.85,138.84,0.86,186.74,0.01,0.01,2372.638404,1776168131000
1776168133.167,133.167,0.16,68.11,0.15,141.54,0.14,126.74,0.13,152.3,0.12,177.44,0.17,103.6,0.18,115.5,0.19,60.5,0.2,57.0,0.21,205.5,0.83,110.96,0.82,120.5,0.81,60.5,0.8,57.0,0.79,205.5,0.84,68.11,0.85,141.54,0.86,126.74,0.87,152.3,0.88,177.44,0.01,0.01,2372.638404,1776168131000
1776168133.494,133.494,0.16,35.0,0.15,33.34,0.14,97.05,0.13,136.8,0.12,142.44,0.17,186.12,0.18,105.5,0.19,101.5,0.2,51.0,0.21,223.5,0.83,95.07,0.82,115.5,0.81,35.5,0.8,57.0,0.79,205.5,0.84,68.11,0.85,61.54,0.86,107.05,0.87,216.8,0.88,177.44,0.01,0.01,2372.638404,1776168131000
1776168133.721,133.721,0.15,33.34,0.14,67.15,0.13,126.8,0.12,182.44,0.11,146.79,0.17,198.9,0.18,80.5,0.19,91.5,0.2,51.0,0.21,223.5,0.83,191.12,0.82,105.5,0.81,101.5,0.8,51.0,0.79,223.5,0.84,5.0,0.85,33.34,0.86,97.05,0.87,126.8,0.88,192.44,0.02,0.01,2372.638404,1776168131000
1776168133.922,133.922,0.15,33.34,0.14,67.15,0.13,126.8,0.12,182.44,0.11,106.79,0.16,126.9,0.17,110.12,0.18,36.5,0.19,76.5,0.2,51.0,0.84,126.9,0.83,110.12,0.82,36.5,0.81,76.5,0.8,51.0,0.85,33.34,0.86,67.15,0.87,126.8,0.88,182.44,0.89,106.79,0.01,0.01,2372.516675,1776168132000
1776168134.191,134.191,0.15,33.34,0.14,67.15,0.13,70.0,0.12,132.44,0.11,186.79,0.16,94.46,0.17,183.53,0.18,52.5,0.19,97.5,0.2,51.0,0.84,100.02,0.83,85.12,0.82,46.5,0.81,97.5,0.8,51.0,0.85,33.34,0.86,67.15,0.87,70.0,0.88,102.44,0.89,186.79,0.01,0.01,2372.516675,1776168132000
1776168134.406,134.406,0.15,23.34,0.14,67.15,0.13,70.0,0.12,132.44,0.11,186.79,0.16,72.58,0.17,183.53,0.18,52.5,0.19,97.5,0.2,51.0,0.84,89.46,0.83,183.53,0.82,52.5,0.81,97.5,0.8,51.0,0.85,23.34,0.86,67.15,0.87,70.0,0.88,132.44,0.89,186.79,0.01,0.01,2372.516675,1776168132000
1776168135.075,135.075,0.14,67.15,0.13,70.0,0.12,102.44,0.11,196.79,0.1,173.83,0.16,87.58,0.17,189.53,0.18,52.5,0.19,97.5,0.2,51.0,0.84,87.58,0.83,189.53,0.82,52.5,0.81,97.5,0.8,51.0,0.86,67.15,0.87,70.0,0.88,102.44,0.89,196.79,0.9,173.83,0.02,0.02,2372.3623,1776168133000
1776168136.013,136.013,0.14,74.36,0.13,95.0,0.12,112.94,0.11,237.29,0.1,173.83,0.15,31.59,0.16,71.0,0.17,144.53,0.18,36.5,0.19,70.5,0.85,31.59,0.84,71.0,0.83,144.53,0.82,36.5,0.81,70.5,0.86,74.36,0.87,95.0,0.88,112.94,0.89,237.29,0.9,173.83,0.01,0.01,2372.195769,1776168134000
1776168136.772,136.772,0.14,48.36,0.13,80.5,0.12,83.84,0.11,177.29,0.1,203.83,0.15,70.99,0.16,61.0,0.17,134.53,0.18,26.5,0.19,57.5,0.85,31.59,0.84,71.0,0.83,144.53,0.82,36.5,0.81,70.5,0.86,74.36,0.87,95.0,0.88,112.94,0.89,237.29,0.9,173.83,0.01,0.01,2372.195769,1776168134000
1776168137.088,137.088,0.13,165.5,0.12,83.84,0.11,157.29,0.1,173.83,0.09,244.0,0.14,36.36,0.15,58.58,0.16,71.0,0.17,134.53,0.18,20.5,0.85,62.99,0.84,71.0,0.83,134.53,0.82,20.5,0.81,63.5,0.86,43.0,0.87,85.5,0.88,83.84,0.89,177.29,0.9,233.83,0.01,0.01,2372.01487,1776168135000
1776168137.612,137.612,0.13,90.5,0.12,163.84,0.11,157.29,0.1,173.83,0.09,244.0,0.14,29.21,0.15,48.58,0.16,71.0,0.17,134.53,0.18,20.5,0.86,29.21,0.85,48.58,0.84,71.0,0.83,134.53,0.82,20.5,0.87,90.5,0.88,163.84,0.89,157.29,0.9,173.83,0.91,244.0,0.01,0.01,2372.001445,1776168136000
1776168138.353,138.353,0.13,56.8,0.12,163.84,0.11,157.29,0.1,173.83,0.09,244.0,0.14,44.21,0.15,63.58,0.16,86.0,0.17,149.53,0.18,41.5,0.86,44.21,0.85,63.58,0.84,86.0,0.83,149.53,0.82,41.5,0.87,56.8,0.88,163.84,0.89,157.29,0.9,173.83,0.91,244.0,0.01,0.01,2371.869035,1776168137000
1776168139.102,139.102,0.13,56.8,0.12,163.84,0.11,157.29,0.1,173.83,0.09,244.0,0.14,44.21,0.15,63.58,0.16,86.0,0.17,149.53,0.18,41.5,0.86,44.21,0.85,63.58,0.84,86.0,0.83,149.53,0.82,41.5,0.87,56.8,0.88,163.84,0.89,157.29,0.9,173.83,0.91,244.0,0.01,0.01,2371.979035,1776168138000
1776168139.65,139.65,0.14,170.5,0.13,241.72,0.12,133.94,0.11,277.83,0.1,389.73,0.15,10.0,0.16,25.0,0.17,165.41,0.18,58.5,0.19,50.0,0.85,10.0,0.84,10.0,0.83,148.41,0.82,35.0,0.81,63.0,0.87,283.8,0.88,133.94,0.89,221.83,0.9,281.37,0.91,144.0,0.01,0.02,2371.979035,1776168138000
1776168140.859,140.859,0.14,170.5,0.13,241.72,0.12,133.94,0.11,277.83,0.1,389.73,0.15,10.0,0.16,25.0,0.17,165.41,0.18,58.5,0.19,50.0,0.85,10.0,0.84,25.0,0.83,165.41,0.82,58.5,0.81,50.0,0.86,170.5,0.87,241.72,0.88,133.94,0.89,277.83,0.9,389.73,0.01,0.01,2372.04,1776168139000
1776168141.512,141.512,0.14,170.5,0.13,241.72,0.12,133.94,0.11,277.83,0.1,389.73,0.15,10.0,0.16,25.0,0.17,165.41,0.18,58.5,0.19,50.0,0.85,10.0,0.84,25.0,0.83,165.41,0.82,58.5,0.81,50.0,0.86,170.5,0.87,241.72,0.88,133.94,0.89,277.83,0.9,389.73,0.01,0.01,2372.261023,1776168140000
1776168142.111,142.111,0.14,170.5,0.13,241.72,0.12,133.94,0.11,277.83,0.1,389.73,0.15,10.0,0.16,25.0,0.17,165.41,0.18,58.5,0.19,50.0,0.85,10.0,0.84,25.0,0.83,165.41,0.82,58.5,0.81,50.0,0.86,170.5,0.87,241.72,0.88,133.94,0.89,277.83,0.9,389.73,0.01,0.01,2372.33957,1776168141000
1776168143.239,143.239,0.14,170.5,0.13,241.72,0.12,133.94,0.11,277.83,0.1,389.73,0.15,10.0,0.16,25.0,0.17,165.41,0.18,58.5,0.19,50.0,0.85,10.0,0.84,25.0,0.83,165.41,0.82,58.5,0.81,50.0,0.86,170.5,0.87,241.72,0.88,133.94,0.89,277.83,0.9,389.73,0.01,0.01,2372.61217,1776168142000
1776168144.237,144.237,0.14,170.5,0.13,241.72,0.12,133.94,0.11,277.83,0.1,389.73,0.15,10.0,0.16,25.0,0.17,165.41,0.18,58.5,0.19,50.0,0.85,10.0,0.84,25.0,0.83,165.41,0.82,58.5,0.81,50.0,0.86,170.5,0.87,241.72,0.88,133.94,0.89,277.83,0.9,389.73,0.01,0.01,2372.637105,1776168143000
1776168144.733,144.733,0.2,40.31,0.19,61.5,0.18,192.0,0.17,288.99,0.16,202.85,0.21,90.0,0.22,75.0,0.23,135.5,0.24,45.0,0.25,168.58,0.85,10.0,0.84,25.0,0.83,165.41,0.82,58.5,0.81,50.0,0.86,170.5,0.87,241.72,0.88,133.94,0.89,277.83,0.9,389.73,0.01,0.01,2372.637105,1776168143000
1776168145.379,145.379,0.2,40.31,0.19,61.5,0.18,192.0,0.17,288.99,0.16,202.85,0.21,90.0,0.22,75.0,0.23,135.5,0.24,45.0,0.25,168.58,0.79,90.0,0.78,75.0,0.77,135.5,0.76,45.0,0.75,168.58,0.8,40.31,0.81,61.5,0.82,192.0,0.83,288.99,0.84,202.85,0.01,0.01,2372.66404,1776168144000
1776168146.387,146.387,0.2,40.31,0.19,61.5,0.18,192.0,0.17,288.99,0.16,202.85,0.21,90.0,0.22,75.0,0.23,135.5,0.24,45.0,0.25,168.58,0.79,90.0,0.78,75.0,0.77,135.5,0.76,45.0,0.75,168.58,0.8,40.31,0.81,61.5,0.82,192.0,0.83,288.99,0.84,202.85,0.01,0.01,2372.960772,1776168145000
1776168147.008,147.008,0.2,40.31,0.19,61.5,0.18,192.0,0.17,288.99,0.16,202.85,0.21,90.0,0.22,75.0,0.23,135.5,0.24,45.0,0.25,168.58,0.79,90.0,0.78,75.0,0.77,135.5,0.76,45.0,0.75,168.58,0.8,40.31,0.81,61.5,0.82,192.0,0.83,288.99,0.84,202.85,0.01,0.01,2373.000933,1776168146000
1776168148.178,148.178,0.2,40.31,0.19,61.5,0.18,192.0,0.17,288.99,0.16,202.85,0.21,90.0,0.22,75.0,0.23,135.5,0.24,45.0,0.25,168.58,0.79,90.0,0.78,75.0,0.77,135.5,0.76,45.0,0.75,168.58,0.8,40.31,0.81,61.5,0.82,192.0,0.83,288.99,0.84,202.85,0.01,0.01,2372.91752,1776168147000
1776168149.374,149.374,0.2,40.31,0.19,61.5,0.18,192.0,0.17,288.99,0.16,202.85,0.21,90.0,0.22,75.0,0.23,135.5,0.24,45.0,0.25,168.58,0.79,90.0,0.78,75.0,0.77,135.5,0.76,45.0,0.75,168.58,0.8,40.31,0.81,61.5,0.82,192.0,0.83,288.99,0.84,202.85,0.01,0.01,2372.98908,1776168148000
1776168150.322,150.322,0.2,40.31,0.19,61.5,0.18,192.0,0.17,288.99,0.16,202.85,0.21,90.0,0.22,75.0,0.23,135.5,0.24,45.0,0.25,168.58,0.79,90.0,0.78,75.0,0.77,135.5,0.76,45.0,0.75,168.58,0.8,40.31,0.81,61.5,0.82,192.0,0.83,288.99,0.84,202.85,0.01,0.01,2372.95494,1776168149000
1776168150.906,150.906,0.2,40.31,0.19,61.5,0.18,192.0,0.17,288.99,0.16,202.85,0.21,90.0,0.22,75.0,0.23,135.5,0.24,45.0,0.25,168.58,0.79,90.0,0.78,75.0,0.77,135.5,0.76,45.0,0.75,168.58,0.8,40.31,0.81,61.5,0.82,192.0,0.83,288.99,0.84,202.85,0.01,0.01,2372.955355,1776168150000
1776168151.233,151.233,0.2,349.54,0.19,258.89,0.18,166.4,0.17,116.0,0.16,132.3,0.21,35.0,0.22,60.0,0.23,100.0,0.24,20.0,0.25,140.0,0.79,40.0,0.78,60.0,0.77,100.0,0.76,30.0,0.75,162.99,0.8,303.25,0.81,174.9,0.82,281.39,0.83,153.54,0.84,138.3,0.01,0.01,2372.955355,1776168150000
1776168152.036,152.036,0.2,466.84,0.19,258.89,0.18,166.4,0.17,116.0,0.16,132.3,0.21,35.0,0.22,60.0,0.23,100.0,0.24,20.0,0.25,140.0,0.79,35.0,0.78,60.0,0.77,100.0,0.76,20.0,0.75,140.0,0.8,466.84,0.81,258.89,0.82,166.4,0.83,116.0,0.84,132.3,0.01,0.01,2372.955135,1776168151000
1776168153.115,153.115,0.22,244.11,0.21,211.49,0.2,262.89,0.19,174.9,0.18,200.76,0.23,105.0,0.24,20.0,0.25,130.0,0.26,25.0,0.27,71.0,0.77,105.0,0.76,20.0,0.75,130.0,0.74,25.0,0.73,71.0,0.78,244.11,0.79,211.49,0.8,262.89,0.81,174.9,0.82,200.76,0.01,0.01,2372.980995,1776168152000
1776168154.11,154.11,0.22,244.11,0.21,211.49,0.2,262.89,0.19,174.9,0.18,200.76,0.23,105.0,0.24,20.0,0.25,130.0,0.26,25.0,0.27,71.0,0.77,105.0,0.76,20.0,0.75,130.0,0.74,25.0,0.73,71.0,0.78,244.11,0.79,211.49,0.8,262.89,0.81,174.9,0.82,200.76,0.01,0.01,2373.276485,1776168153000
1776168154.905,154.905,0.22,353.74,0.21,187.2,0.2,351.34,0.19,371.0,0.18,86.4,0.23,100.0,0.24,20.0,0.25,130.0,0.26,10.0,0.27,71.0,0.77,105.0,0.76,20.0,0.75,130.0,0.74,25.0,0.73,71.0,0.78,244.11,0.79,211.49,0.8,262.89,0.81,174.9,0.82,200.76,0.01,0.01,2373.276485,1776168153000
1776168155.179,155.179,0.22,353.74,0.21,187.2,0.2,351.34,0.19,371.0,0.18,86.4,0.23,100.0,0.24,20.0,0.25,130.0,0.26,10.0,0.27,71.0,0.77,100.0,0.76,20.0,0.75,130.0,0.74,10.0,0.73,71.0,0.78,353.74,0.79,187.2,0.8,351.34,0.81,371.0,0.82,86.4,0.01,0.01,2373.282875,1776168154000
1776168156.304,156.304,0.22,353.74,0.21,187.2,0.2,351.34,0.19,371.0,0.18,86.4,0.23,100.0,0.24,20.0,0.25,130.0,0.26,10.0,0.27,71.0,0.77,100.0,0.76,20.0,0.75,130.0,0.74,10.0,0.73,71.0,0.78,353.74,0.79,187.2,0.8,351.34,0.81,371.0,0.82,86.4,0.01,0.01,2373.272105,1776168155000
1776168157.207,157.207,0.22,353.74,0.21,187.2,0.2,351.34,0.19,371.0,0.18,86.4,0.23,100.0,0.24,20.0,0.25,130.0,0.26,10.0,0.27,71.0,0.77,100.0,0.76,20.0,0.75,130.0,0.74,10.0,0.73,71.0,0.78,353.74,0.79,187.2,0.8,351.34,0.81,371.0,0.82,86.4,0.01,0.01,2373.31102,1776168156000
1776168158.3,158.3,0.22,353.74,0.21,187.2,0.2,351.34,0.19,371.0,0.18,86.4,0.23,100.0,0.24,20.0,0.25,130.0,0.26,10.0,0.27,71.0,0.77,100.0,0.76,20.0,0.75,130.0,0.74,10.0,0.73,71.0,0.78,353.74,0.79,187.2,0.8,351.34,0.81,371.0,0.82,86.4,0.01,0.01,2373.32263,1776168157000
1776168159.395,159.395,0.22,353.74,0.21,187.2,0.2,351.34,0.19,371.0,0.18,86.4,0.23,100.0,0.24,20.0,0.25,130.0,0.26,10.0,0.27,71.0,0.77,100.0,0.76,20.0,0.75,130.0,0.74,10.0,0.73,71.0,0.78,353.74,0.79,187.2,0.8,351.34,0.81,371.0,0.82,86.4,0.01,0.01,2373.288235,1776168158000
1776168159.74,159.74,0.22,61.5,0.21,162.2,0.2,273.34,0.19,481.93,0.18,91.4,0.23,85.0,0.24,40.0,0.25,165.5,0.26,35.5,0.27,76.0,0.77,100.0,0.76,20.0,0.75,130.0,0.74,10.0,0.73,71.0,0.78,353.74,0.79,187.2,0.8,351.34,0.81,371.0,0.82,86.4,0.01,0.01,2373.288235,1776168158000
1776168160.464,160.464,0.24,264.23,0.23,70.04,0.22,223.05,0.21,318.56,0.2,123.35,0.25,70.0,0.27,56.0,0.28,75.5,0.29,140.0,0.3,53.33,0.77,85.0,0.76,40.0,0.75,165.5,0.74,35.5,0.73,76.0,0.78,61.5,0.79,162.2,0.8,273.34,0.81,481.93,0.82,91.4,0.01,0.01,2373.288235,1776168159000
1776168160.927,160.927,0.24,264.23,0.23,70.04,0.22,223.05,0.21,318.56,0.2,123.35,0.25,70.0,0.27,56.0,0.28,75.5,0.29,140.0,0.3,53.33,0.75,70.0,0.73,56.0,0.72,75.5,0.71,140.0,0.7,53.33,0.76,264.23,0.77,70.04,0.78,223.05,0.79,318.56,0.8,123.35,0.01,0.01,2373.236435,1776168160000
1776168161.657,161.657,0.24,66.77,0.23,149.8,0.22,329.95,0.21,360.56,0.2,123.35,0.25,20.0,0.27,76.5,0.28,75.5,0.29,150.0,0.3,73.33,0.75,70.0,0.73,56.0,0.72,75.5,0.71,140.0,0.7,53.33,0.76,264.23,0.77,70.04,0.78,223.05,0.79,318.56,0.8,123.35,0.01,0.01,2373.236435,1776168160000
1776168161.922,161.922,0.24,66.77,0.23,149.8,0.22,329.95,0.21,360.56,0.2,123.35,0.25,20.0,0.27,76.5,0.28,75.5,0.29,150.0,0.3,73.33,0.75,20.0,0.73,76.5,0.72,75.5,0.71,150.0,0.7,73.33,0.76,66.77,0.77,149.8,0.78,329.95,0.79,360.56,0.8,123.35,0.01,0.01,2373.240871,1776168161000
1776168162.372,162.372,0.24,319.58,0.23,223.34,0.22,217.5,0.21,163.2,0.2,179.35,0.25,10.0,0.27,61.0,0.28,60.0,0.29,140.0,0.3,47.33,0.75,20.0,0.73,76.5,0.72,75.5,0.71,150.0,0.7,73.33,0.76,66.77,0.77,149.8,0.78,329.95,0.79,360.56,0.8,123.35,0.01,0.01,2373.240871,1776168161000
1776168163.015,163.015,0.24,319.58,0.23,223.34,0.22,217.5,0.21,163.2,0.2,179.35,0.25,10.0,0.27,61.0,0.28,60.0,0.29,140.0,0.3,47.33,0.75,10.0,0.73,61.0,0.72,60.0,0.71,140.0,0.7,47.33,0.76,319.58,0.77,223.34,0.78,217.5,0.79,163.2,0.8,179.35,0.01,0.01,2373.387185,1776168162000
1776168163.946,163.946,0.24,319.58,0.23,223.34,0.22,217.5,0.21,163.2,0.2,179.35,0.25,10.0,0.27,61.0,0.28,60.0,0.29,140.0,0.3,47.33,0.75,10.0,0.73,61.0,0.72,60.0,0.71,140.0,0.7,47.33,0.76,319.58,0.77,223.34,0.78,217.5,0.79,163.2,0.8,179.35,0.01,0.01,2373.60729,1776168163000
1776168164.164,164.164,0.26,293.42,0.25,293.69,0.24,152.59,0.23,99.8,0.22,157.0,0.27,121.47,0.28,50.0,0.29,125.0,0.3,42.83,0.31,55.0,0.75,10.0,0.73,61.0,0.72,60.0,0.71,140.0,0.7,47.33,0.76,319.58,0.77,223.34,0.78,217.5,0.79,163.2,0.8,179.35,0.01,0.01,2373.60729,1776168163000
1776168164.914,164.914,0.26,317.05,0.25,263.69,0.24,177.59,0.23,99.8,0.22,157.0,0.27,121.47,0.28,50.0,0.29,125.0,0.3,42.83,0.31,55.0,0.73,121.47,0.72,50.0,0.71,125.0,0.7,42.83,0.69,55.0,0.74,317.05,0.75,263.69,0.76,177.59,0.77,99.8,0.78,157.0,0.01,0.01,2373.64,1776168164000
1776168165.34,165.34,0.26,579.05,0.25,136.69,0.24,171.59,0.23,180.8,0.22,71.0,0.27,91.47,0.28,50.0,0.29,125.0,0.3,32.33,0.31,55.0,0.73,121.47,0.72,50.0,0.71,125.0,0.7,42.83,0.69,55.0,0.74,317.05,0.75,263.69,0.76,177.59,0.77,99.8,0.78,157.0,0.01,0.01,2373.64,1776168164000
1776168165.921,165.921,0.28,9.22,0.27,421.5,0.26,258.42,0.25,105.7,0.24,185.59,0.3,12.33,0.31,45.0,0.32,61.18,0.33,60.0,0.34,125.0,0.73,55.84,0.72,50.0,0.71,125.0,0.7,32.33,0.69,55.0,0.74,579.05,0.75,136.69,0.76,171.59,0.77,180.8,0.78,71.0,0.02,0.01,2373.64,1776168164000
1776168166.179,166.179,0.31,229.09,0.3,57.5,0.29,16.59,0.28,37.72,0.27,38.8,0.32,61.08,0.33,70.5,0.34,125.0,0.35,125.0,0.36,55.0,0.68,61.08,0.67,70.5,0.66,125.0,0.65,125.0,0.64,55.0,0.69,220.54,0.7,52.5,0.71,16.59,0.72,37.72,0.73,46.8,0.01,0.01,2373.64,1776168164000
1776168166.677,166.677,0.31,418.4,0.3,82.5,0.29,16.59,0.28,160.61,0.27,113.8,0.32,14.58,0.33,60.0,0.34,115.0,0.35,105.0,0.36,35.0,0.68,59.58,0.67,60.0,0.66,115.0,0.65,105.0,0.64,45.0,0.69,442.99,0.7,62.5,0.71,16.59,0.72,37.72,0.73,38.8,0.01,0.01,2373.64,1776168164000
1776168167.01,167.01,0.32,298.77,0.31,270.72,0.3,50.5,0.29,16.59,0.28,160.61,0.33,40.0,0.34,115.0,0.35,105.0,0.36,35.0,0.37,199.91,0.67,60.0,0.66,115.0,0.65,105.0,0.64,35.0,0.63,199.91,0.69,468.98,0.7,192.17,0.71,16.59,0.72,160.61,0.73,103.3,0.01,0.02,2373.64,1776168164000
1776168168.353,168.353,0.32,214.55,0.31,340.01,0.3,52.6,0.29,126.09,0.28,187.61,0.33,45.0,0.34,125.0,0.35,135.5,0.36,65.5,0.37,209.91,0.67,40.0,0.66,115.0,0.65,105.0,0.64,35.0,0.63,199.91,0.68,298.77,0.69,270.72,0.7,50.5,0.71,16.59,0.72,160.61,0.01,0.01,2373.64,1776168164000
1776168168.72,168.72,0.32,188.17,0.31,351.81,0.3,47.6,0.29,101.09,0.28,212.61,0.33,40.0,0.34,125.0,0.35,135.5,0.36,65.5,0.37,209.91,0.67,35.0,0.66,125.0,0.65,135.5,0.64,65.5,0.63,209.91,0.68,206.3,0.69,335.01,0.7,52.6,0.71,126.09,0.72,187.61,0.01,0.01,2373.64,1776168164000
1776168170.395,170.395,0.32,36.5,0.31,342.75,0.3,79.59,0.29,36.09,0.28,277.7,0.33,51.0,0.34,145.5,0.35,145.5,0.36,65.5,0.37,214.91,0.67,50.0,0.66,125.0,0.65,135.5,0.64,65.5,0.63,209.91,0.68,186.68,0.69,351.81,0.7,47.6,0.71,101.09,0.72,212.61,0.01,0.01,2373.64,1776168164000
1776168170.741,170.741,0.32,26.93,0.31,342.75,0.3,79.59,0.29,46.09,0.28,277.7,0.33,34.0,0.34,150.5,0.35,145.5,0.36,65.5,0.37,234.91,0.67,34.0,0.66,145.5,0.65,145.5,0.64,65.5,0.63,214.91,0.68,28.38,0.69,342.75,0.7,79.59,0.71,36.09,0.72,277.7,0.01,0.01,2373.64,1776168164000
1776168171.078,171.078,0.32,30.54,0.31,330.21,0.3,79.59,0.29,46.09,0.28,277.7,0.33,55.95,0.34,150.5,0.35,145.5,0.36,65.5,0.37,234.91,0.67,56.0,0.66,150.5,0.65,145.5,0.64,65.5,0.63,234.91,0.68,20.54,0.69,342.75,0.7,79.59,0.71,46.09,0.72,277.7,0.01,0.01,2373.64,1776168164000
1776168171.867,171.867,0.31,204.93,0.3,37.1,0.29,46.59,0.28,181.74,0.27,187.3,0.32,69.5,0.33,59.45,0.34,150.5,0.35,165.5,0.36,65.5,0.67,55.95,0.66,150.5,0.65,145.5,0.64,65.5,0.63,234.91,0.68,30.54,0.69,330.21,0.7,79.59,0.71,46.09,0.72,277.7,0.01,0.01,2373.64,1776168164000
1776168172.428,172.428,0.31,171.11,0.3,27.1,0.29,36.09,0.28,192.24,0.27,187.3,0.32,84.5,0.33,59.45,0.34,145.5,0.35,175.5,0.36,65.5,0.68,69.5,0.67,59.45,0.66,150.5,0.65,175.5,0.64,65.5,0.69,168.23,0.7,37.1,0.71,46.59,0.72,181.74,0.73,187.3,0.01,0.01,2373.64,1776168164000
1776168172.752,172.752,0.31,16.9,0.3,10.0,0.29,8.59,0.28,133.85,0.27,187.3,0.32,79.5,0.33,44.45,0.34,145.5,0.35,165.5,0.36,80.5,0.68,84.5,0.67,59.45,0.66,145.5,0.65,175.5,0.64,65.5,0.69,168.89,0.7,10.0,0.71,8.59,0.72,133.85,0.73,217.3,0.01,0.01,2373.64,1776168164000
1776168175.173,175.173,0.31,16.9,0.3,10.0,0.29,8.59,0.28,133.85,0.27,187.3,0.32,79.5,0.33,44.45,0.34,145.5,0.35,165.5,0.36,80.5,0.68,79.5,0.67,44.45,0.66,145.5,0.65,165.5,0.64,80.5,0.69,16.9,0.7,10.0,0.71,8.59,0.72,133.85,0.73,187.3,0.01,0.01,2374.03465,1776168173000
1776168175.386,175.386,0.31,10.61,0.3,15.0,0.29,13.59,0.28,124.31,0.27,136.84,0.32,45.5,0.33,39.45,0.34,150.5,0.35,170.5,0.36,95.5,0.68,79.5,0.67,44.45,0.66,145.5,0.65,165.5,0.64,80.5,0.69,16.9,0.7,10.0,0.71,8.59,0.72,133.85,0.73,187.3,0.01,0.01,2373.952975,1776168174000
1776168176.267,176.267,0.31,10.61,0.3,15.0,0.29,13.59,0.28,124.31,0.27,136.84,0.32,45.5,0.33,39.45,0.34,150.5,0.35,170.5,0.36,95.5,0.68,45.5,0.67,39.45,0.66,150.5,0.65,170.5,0.64,95.5,0.69,10.61,0.7,15.0,0.71,13.59,0.72,124.31,0.73,136.84,0.01,0.01,2373.948845,1776168175000
1776168177.185,177.185,0.33,200.54,0.32,77.5,0.31,205.47,0.3,35.0,0.29,48.59,0.34,115.0,0.35,125.0,0.36,35.0,0.37,230.41,0.38,80.0,0.68,45.5,0.67,39.45,0.66,150.5,0.65,170.5,0.64,95.5,0.69,10.61,0.7,15.0,0.71,13.59,0.72,124.31,0.73,136.84,0.01,0.01,2373.948845,1776168175000
1776168178.236,178.236,0.33,200.54,0.32,77.5,0.31,205.47,0.3,35.0,0.29,48.59,0.34,115.0,0.35,125.0,0.36,35.0,0.37,230.41,0.38,80.0,0.66,115.0,0.65,125.0,0.64,35.0,0.63,230.41,0.62,80.0,0.67,200.54,0.68,77.5,0.69,205.47,0.7,35.0,0.71,48.59,0.01,0.01,2374.006095,1776168177000
1776168178.731,178.731,0.34,96.38,0.33,64.5,0.32,51.5,0.31,132.91,0.3,137.1,0.36,25.5,0.37,45.41,0.38,80.0,0.39,140.0,0.4,160.0,0.66,115.0,0.65,125.0,0.64,35.0,0.63,230.41,0.62,80.0,0.67,200.54,0.68,77.5,0.69,205.47,0.7,35.0,0.71,48.59,0.02,0.01,2374.006095,1776168177000
1776168179.222,179.222,0.34,96.38,0.33,64.5,0.32,51.5,0.31,132.91,0.3,137.1,0.36,25.5,0.37,45.41,0.38,80.0,0.39,140.0,0.4,160.0,0.64,25.5,0.63,45.41,0.62,80.0,0.61,140.0,0.6,160.0,0.66,96.38,0.67,64.5,0.68,51.5,0.69,132.91,0.7,137.1,0.02,0.02,2374.12003,1776168178000
1776168179.97,179.97,0.35,114.18,0.34,50.54,0.33,39.5,0.32,57.0,0.31,127.91,0.36,103.62,0.37,60.41,0.38,80.0,0.39,150.0,0.4,155.0,0.64,25.5,0.63,45.41,0.62,80.0,0.61,140.0,0.6,160.0,0.66,96.38,0.67,64.5,0.68,51.5,0.69,132.91,0.7,137.1,0.01,0.02,2374.12003,1776168178000
1776168180.345,180.345,0.35,75.18,0.34,20.0,0.33,143.5,0.32,80.54,0.31,127.91,0.36,113.62,0.37,60.41,0.38,80.0,0.39,155.0,0.4,150.0,0.64,103.62,0.63,60.41,0.62,80.0,0.61,150.0,0.6,155.0,0.65,114.18,0.66,50.54,0.67,39.5,0.68,57.0,0.69,127.91,0.01,0.01,2374.19511,1776168179000
1776168181.094,181.094,0.32,20.0,0.31,25.0,0.3,35.0,0.29,60.0,0.28,152.2,0.36,198.62,0.37,70.41,0.38,90.58,0.39,187.41,0.4,155.0,0.64,113.62,0.63,60.41,0.62,85.0,0.61,150.0,0.6,150.0,0.65,25.18,0.67,25.0,0.68,195.18,0.69,148.41,0.7,72.1,0.04,0.01,2374.19511,1776168179000
1776168181.506,181.506,0.31,21.0,0.3,35.0,0.29,70.0,0.28,287.19,0.27,182.3,0.33,42.0,0.34,31.0,0.35,40.5,0.36,170.62,0.37,100.41,0.64,198.62,0.63,70.41,0.62,90.58,0.61,187.41,0.6,155.0,0.68,20.0,0.69,25.0,0.7,35.0,0.71,60.0,0.72,152.2,0.02,0.04,2374.19511,1776168179000
1776168182.278,182.278,0.31,21.0,0.3,35.0,0.29,70.0,0.28,287.19,0.27,182.3,0.33,42.0,0.34,31.0,0.35,40.5,0.36,170.62,0.37,100.41,0.67,42.0,0.66,31.0,0.65,40.5,0.64,170.62,0.63,100.41,0.69,21.0,0.7,35.0,0.71,70.0,0.72,287.19,0.73,182.3,0.02,0.02,2374.26891,1776168181000
1776168183.097,183.097,0.31,21.0,0.3,35.0,0.29,70.0,0.28,287.19,0.27,182.3,0.33,42.0,0.34,31.0,0.35,40.5,0.36,170.62,0.37,100.41,0.67,42.0,0.66,31.0,0.65,40.5,0.64,170.62,0.63,100.41,0.69,21.0,0.7,35.0,0.71,70.0,0.72,287.19,0.73,182.3,0.02,0.02,2374.09869,1776168182000
1776168183.602,183.602,0.31,74.02,0.3,60.0,0.29,185.14,0.28,177.81,0.27,138.3,0.32,30.5,0.33,49.0,0.34,31.0,0.35,88.5,0.36,123.62,0.67,42.0,0.66,31.0,0.65,40.5,0.64,170.62,0.63,100.41,0.69,21.0,0.7,35.0,0.71,70.0,0.72,287.19,0.73,182.3,0.01,0.02,2374.09869,1776168182000
1776168184.165,184.165,0.31,72.57,0.3,60.0,0.29,70.0,0.28,187.81,0.27,172.3,0.32,30.5,0.33,49.0,0.34,31.0,0.35,88.5,0.36,133.62,0.68,30.5,0.67,49.0,0.66,31.0,0.65,88.5,0.64,133.62,0.69,72.57,0.7,60.0,0.71,70.0,0.72,187.81,0.73,172.3,0.01,0.01,2374.039565,1776168183000
1776168184.822,184.822,0.31,62.42,0.3,60.0,0.29,204.49,0.28,177.8,0.27,138.3,0.32,27.37,0.33,49.0,0.34,74.0,0.35,50.5,0.36,118.62,0.68,27.37,0.67,49.0,0.66,74.0,0.65,50.5,0.64,118.62,0.69,72.57,0.7,60.0,0.71,201.49,0.72,177.8,0.73,138.3,0.01,0.01,2374.039565,1776168183000
1776168185.159,185.159,0.31,62.42,0.3,60.0,0.29,204.49,0.28,177.8,0.27,138.3,0.32,27.37,0.33,49.0,0.34,74.0,0.35,50.5,0.36,118.62,0.68,27.37,0.67,49.0,0.66,74.0,0.65,50.5,0.64,118.62,0.69,62.42,0.7,60.0,0.71,204.49,0.72,177.8,0.73,138.3,0.01,0.01,2374.05367,1776168184000
1776168185.592,185.592,0.31,67.42,0.3,60.0,0.29,205.49,0.28,187.8,0.27,120.0,0.32,21.8,0.33,54.09,0.34,74.0,0.35,45.5,0.36,113.62,0.68,27.37,0.67,49.0,0.66,74.0,0.65,50.5,0.64,118.62,0.69,62.42,0.7,60.0,0.71,204.49,0.72,177.8,0.73,138.3,0.01,0.01,2374.05367,1776168184000
1776168186.22,186.22,0.31,67.42,0.3,60.0,0.29,205.49,0.28,187.8,0.27,120.0,0.32,21.8,0.33,54.09,0.34,74.0,0.35,45.5,0.36,113.62,0.68,21.8,0.67,54.09,0.66,74.0,0.65,45.5,0.64,113.62,0.69,67.42,0.7,60.0,0.71,205.49,0.72,187.8,0.73,120.0,0.01,0.01,2374.070645,1776168185000
1776168187.261,187.261,0.31,67.42,0.3,60.0,0.29,205.49,0.28,187.8,0.27,120.0,0.32,21.8,0.33,54.09,0.34,74.0,0.35,45.5,0.36,113.62,0.68,21.8,0.67,54.09,0.66,74.0,0.65,45.5,0.64,113.62,0.69,67.42,0.7,60.0,0.71,205.49,0.72,187.8,0.73,120.0,0.01,0.01,2374.06499,1776168186000
1776168187.614,187.614,0.32,73.0,0.31,57.4,0.3,190.64,0.29,109.35,0.28,169.81,0.33,10.59,0.34,30.5,0.35,30.5,0.36,118.62,0.37,109.41,0.67,11.09,0.66,30.5,0.65,30.5,0.64,118.62,0.63,109.41,0.68,73.0,0.69,57.4,0.7,200.64,0.71,109.35,0.72,169.81,0.01,0.01,2374.06499,1776168186000
1776168188.251,188.251,0.33,54.53,0.32,40.5,0.31,52.4,0.3,85.5,0.29,224.49,0.34,12.55,0.35,30.5,0.36,118.62,0.37,109.41,0.38,80.0,0.66,12.55,0.65,30.5,0.64,118.62,0.63,109.41,0.62,80.0,0.67,54.53,0.68,40.5,0.69,52.4,0.7,85.5,0.71,224.49,0.01,0.01,2374.053192,1776168187000
1776168188.573,188.573,0.36,455.49,0.35,106.5,0.34,44.5,0.33,39.5,0.32,30.5,0.37,2.2,0.38,35.0,0.39,155.0,0.4,140.5,0.41,85.0,0.63,24.91,0.62,60.0,0.61,155.0,0.6,130.0,0.59,75.0,0.65,322.49,0.66,74.35,0.67,44.5,0.68,30.5,0.69,102.4,0.01,0.02,2374.053192,1776168187000
1776168188.876,188.876,0.36,385.61,0.35,106.5,0.34,44.5,0.33,30.5,0.32,30.5,0.37,2.2,0.39,55.0,0.4,140.5,0.41,85.0,0.42,30.0,0.63,2.2,0.62,35.0,0.61,155.0,0.6,140.5,0.59,85.0,0.64,455.49,0.65,106.5,0.66,44.5,0.67,39.5,0.68,30.5,0.01,0.01,2374.053192,1776168187000
1776168189.162,189.162,0.36,385.61,0.35,106.5,0.34,44.5,0.33,30.5,0.32,30.5,0.37,2.2,0.39,55.0,0.4,140.5,0.41,85.0,0.42,30.0,0.63,2.2,0.61,55.0,0.6,140.5,0.59,85.0,0.58,30.0,0.64,385.61,0.65,106.5,0.66,44.5,0.67,30.5,0.68,30.5,0.01,0.01,2374.06809,1776168188000
1776168189.493,189.493,0.38,262.24,0.37,44.0,0.36,85.5,0.35,54.5,0.34,60.5,0.39,1.92,0.4,90.5,0.41,85.0,0.42,40.0,0.43,70.0,0.61,35.0,0.6,140.5,0.59,85.0,0.58,40.0,0.57,70.0,0.64,520.61,0.65,96.5,0.66,69.5,0.67,30.5,0.68,80.5,0.01,0.03,2374.06809,1776168188000
1776168190.014,190.014,0.39,240.99,0.38,57.0,0.37,25.5,0.36,90.5,0.35,50.5,0.4,20.5,0.41,85.0,0.42,40.0,0.43,70.0,0.44,155.0,0.61,1.92,0.6,90.5,0.59,85.0,0.58,40.0,0.57,70.0,0.62,262.24,0.63,44.0,0.64,85.5,0.65,54.5,0.66,60.5,0.01,0.01,2374.06809,1776168188000
1776168190.227,190.227,0.39,240.99,0.38,57.0,0.37,25.5,0.36,90.5,0.35,50.5,0.4,20.5,0.41,85.0,0.42,40.0,0.43,70.0,0.44,155.0,0.6,20.5,0.59,85.0,0.58,40.0,0.57,70.0,0.56,155.0,0.61,240.99,0.62,57.0,0.63,25.5,0.64,90.5,0.65,50.5,0.01,0.01,2374.32304,1776168189000
1776168190.427,190.427,0.4,666.8,0.39,97.5,0.38,34.5,0.37,115.5,0.36,145.5,0.41,30.0,0.42,20.0,0.43,50.0,0.44,135.0,0.45,85.09,0.6,20.5,0.59,85.0,0.58,40.0,0.57,70.0,0.56,155.0,0.61,240.99,0.62,57.0,0.63,25.5,0.64,90.5,0.65,50.5,0.01,0.01,2374.32304,1776168189000
1776168190.89,190.89,0.44,299.49,0.43,66.5,0.42,23.86,0.41,70.5,0.4,86.5,0.47,25.0,0.48,195.5,0.49,45.0,0.5,120.0,0.51,26.55,0.55,62.86,0.54,180.0,0.53,45.0,0.52,185.0,0.51,45.0,0.57,10.0,0.58,15.0,0.59,375.85,0.6,385.81,0.61,55.5,0.03,0.02,2374.32304,1776168189000
1776168191.22,191.22,0.47,192.99,0.46,36.0,0.45,10.0,0.44,20.5,0.43,35.5,0.48,155.5,0.49,45.0,0.5,120.0,0.51,51.55,0.52,245.0,0.52,155.5,0.51,45.0,0.5,120.0,0.49,51.55,0.48,245.0,0.53,192.99,0.54,36.0,0.55,10.0,0.56,20.5,0.57,35.5,0.01,0.01,2374.664687,1776168190000
1776168191.519,191.519,0.47,197.99,0.46,46.0,0.45,25.5,0.44,20.5,0.43,25.5,0.48,3.25,0.5,120.0,0.51,51.55,0.52,245.0,0.53,105.0,0.52,155.5,0.51,45.0,0.5,120.0,0.49,51.55,0.48,245.0,0.53,192.99,0.54,36.0,0.55,10.0,0.56,20.5,0.57,35.5,0.01,0.01,2374.664687,1776168190000
1776168191.892,191.892,0.49,10.0,0.48,10.0,0.47,195.41,0.46,56.5,0.45,25.5,0.5,48.77,0.51,51.55,0.52,245.0,0.53,105.0,0.54,279.27,0.52,3.25,0.5,45.0,0.49,51.55,0.48,245.0,0.47,105.0,0.53,185.41,0.54,46.0,0.55,25.5,0.56,30.5,0.57,35.5,0.01,0.01,2374.664687,1776168190000
1776168192.176,192.176,0.49,165.3,0.48,41.0,0.47,30.5,0.46,25.5,0.45,25.5,0.5,20.5,0.51,72.05,0.52,245.0,0.53,105.0,0.54,279.27,0.5,20.5,0.49,72.05,0.48,245.0,0.47,105.0,0.46,279.27,0.51,165.3,0.52,41.0,0.53,30.5,0.54,25.5,0.55,25.5,0.01,0.01,2374.620229,1776168191000
1776168192.453,192.453,0.49,168.95,0.48,51.5,0.47,30.5,0.46,35.5,0.45,35.5,0.5,8.82,0.51,62.05,0.52,255.0,0.53,95.0,0.54,279.27,0.5,10.22,0.49,62.05,0.48,255.0,0.47,95.0,0.46,279.27,0.51,181.53,0.52,51.5,0.53,30.5,0.54,35.5,0.55,35.5,0.01,0.01,2374.620229,1776168191000
1776168192.73,192.73,0.5,35.78,0.49,35.16,0.48,30.5,0.47,30.5,0.46,35.5,0.51,65.03,0.52,260.0,0.53,95.0,0.54,279.27,0.55,122.0,0.49,62.05,0.48,255.0,0.47,95.0,0.46,279.27,0.45,122.0,0.5,13.89,0.51,168.95,0.52,51.5,0.53,30.5,0.54,35.5,0.01,0.01,2374.620229,1776168191000
1776168193.075,193.075,0.5,91.85,0.49,45.66,0.48,30.5,0.47,30.5,0.46,35.5,0.51,68.95,0.52,260.0,0.53,95.0,0.54,279.27,0.55,122.0,0.49,65.03,0.48,260.0,0.47,95.0,0.46,279.27,0.45,122.0,0.5,35.78,0.51,35.16,0.52,30.5,0.53,30.5,0.54,35.5,0.01,0.01,2374.620229,1776168191000
1776168193.551,193.551,0.5,59.75,0.49,45.66,0.48,30.5,0.47,30.5,0.46,85.5,0.51,68.95,0.52,260.0,0.53,95.0,0.54,279.27,0.55,122.0,0.49,68.95,0.48,260.0,0.47,95.0,0.46,279.27,0.45,122.0,0.5,91.85,0.51,45.66,0.52,30.5,0.53,30.5,0.54,35.5,0.01,0.01,2374.954355,1776168192000
1776168193.938,193.938,0.5,183.25,0.49,50.66,0.48,25.5,0.47,30.5,0.46,85.5,0.52,235.0,0.53,95.0,0.54,279.27,0.55,80.0,0.56,55.0,0.49,44.81,0.48,250.0,0.47,95.0,0.46,289.77,0.45,70.0,0.5,107.25,0.51,45.66,0.52,30.5,0.53,30.5,0.54,80.5,0.02,0.01,2374.954355,1776168192000
1776168194.745,194.745,0.5,183.25,0.49,50.66,0.48,25.5,0.47,30.5,0.46,85.5,0.52,235.0,0.53,95.0,0.54,279.27,0.55,80.0,0.56,55.0,0.48,235.0,0.47,95.0,0.46,279.27,0.45,80.0,0.44,55.0,0.5,183.25,0.51,50.66,0.52,25.5,0.53,30.5,0.54,85.5,0.02,0.02,2375.133395,1776168193000
1776168195.166,195.166,0.53,311.66,0.52,76.5,0.51,114.5,0.5,40.5,0.49,39.81,0.54,168.34,0.55,75.0,0.56,65.5,0.57,20.0,0.58,95.0,0.48,235.0,0.47,95.0,0.46,279.27,0.45,80.0,0.44,55.0,0.5,183.25,0.51,50.66,0.52,25.5,0.53,30.5,0.54,85.5,0.01,0.02,2375.133395,1776168193000
1776168195.372,195.372,0.53,309.99,0.52,76.5,0.51,199.5,0.5,40.5,0.49,39.81,0.54,168.34,0.55,75.0,0.56,65.5,0.57,20.0,0.58,95.0,0.46,168.34,0.45,75.0,0.44,65.5,0.43,20.0,0.42,95.0,0.47,311.66,0.48,76.5,0.49,114.5,0.5,40.5,0.51,39.81,0.01,0.01,2375.133395,1776168193000
1776168195.905,195.905,0.53,429.98,0.52,91.5,0.51,203.5,0.5,40.5,0.49,44.81,0.55,10.0,0.56,45.0,0.57,20.0,0.58,85.0,0.59,60.0,0.46,168.34,0.45,75.0,0.44,65.5,0.43,20.0,0.42,95.0,0.47,309.99,0.48,76.5,0.49,199.5,0.5,40.5,0.51,39.81,0.02,0.01,2375.18473,1776168194000
1776168196.256,196.256,0.56,222.35,0.55,76.5,0.54,46.5,0.53,38.83,0.52,40.5,0.58,90.0,0.59,70.5,0.6,80.0,0.61,60.0,0.62,120.0,0.45,10.0,0.44,45.0,0.43,20.0,0.42,85.0,0.41,60.0,0.47,429.98,0.48,91.5,0.49,203.5,0.5,40.5,0.51,44.81,0.02,0.02,2375.34184,1776168195000
1776168196.657,196.657,0.57,141.79,0.56,151.5,0.55,61.5,0.54,37.65,0.53,35.5,0.58,15.0,0.59,80.5,0.6,80.0,0.61,60.0,0.62,120.0,0.42,90.0,0.41,70.5,0.4,80.0,0.39,60.0,0.38,120.0,0.44,222.35,0.45,76.5,0.46,46.5,0.47,38.83,0.48,40.5,0.01,0.02,2375.34184,1776168195000
1776168197.382,197.382,0.58,313.85,0.57,93.44,0.56,61.5,0.55,30.5,0.54,72.65,0.59,22.11,0.6,80.0,0.61,60.0,0.62,120.0,0.63,160.0,0.41,80.5,0.4,80.0,0.39,60.0,0.38,120.0,0.37,160.0,0.43,207.79,0.44,156.5,0.45,61.5,0.46,37.65,0.47,35.5,0.01,0.02,2375.34184,1776168195000
1776168197.711,197.711,0.58,431.1,0.57,97.94,0.56,135.8,0.55,30.5,0.54,77.65,0.6,65.5,0.61,60.0,0.62,120.0,0.63,160.0,0.64,35.0,0.41,22.11,0.4,80.0,0.39,60.0,0.38,120.0,0.37,160.0,0.42,313.85,0.43,93.44,0.44,61.5,0.45,30.5,0.46,72.65,0.02,0.01,2375.43442,1776168196000
1776168197.993,197.993,0.58,187.74,0.57,82.94,0.56,135.8,0.55,30.5,0.54,77.65,0.59,10.5,0.6,35.5,0.61,60.0,0.62,120.0,0.63,160.0,0.4,30.5,0.39,60.0,0.38,120.0,0.37,160.0,0.36,35.0,0.42,347.86,0.43,87.94,0.44,135.8,0.45,30.5,0.46,77.65,0.01,0.02,2375.43442,1776168196000
1776168198.212,198.212,0.59,211.85,0.58,40.0,0.57,42.94,0.56,114.8,0.55,30.5,0.6,29.52,0.61,65.0,0.62,120.0,0.63,160.0,0.64,35.0,0.4,31.52,0.39,60.0,0.38,120.0,0.37,160.0,0.36,35.0,0.42,212.74,0.43,82.94,0.44,135.8,0.45,30.5,0.46,77.65,0.01,0.02,2375.544415,1776168197000
1776168198.521,198.521,0.59,144.85,0.58,45.0,0.57,25.0,0.56,109.8,0.55,30.5,0.6,34.52,0.61,65.0,0.62,120.0,0.63,160.0,0.64,35.0,0.4,29.52,0.39,65.0,0.38,120.0,0.37,160.0,0.36,35.0,0.41,211.85,0.42,40.0,0.43,42.94,0.44,114.8,0.45,30.5,0.01,0.01,2375.544415,1776168197000
1776168199.45,199.45,0.59,144.85,0.58,45.0,0.57,25.0,0.56,109.8,0.55,30.5,0.6,34.52,0.61,65.0,0.62,120.0,0.63,160.0,0.64,35.0,0.4,34.52,0.39,65.0,0.38,120.0,0.37,160.0,0.36,35.0,0.41,144.85,0.42,45.0,0.43,25.0,0.44,109.8,0.45,30.5,0.01,0.01,2375.597302,1776168198000
1776168200.069,200.069,0.59,234.85,0.58,45.0,0.57,35.0,0.56,120.3,0.55,35.5,0.6,7.37,0.61,65.0,0.62,120.0,0.63,160.0,0.64,35.0,0.4,34.52,0.39,65.0,0.38,120.0,0.37,160.0,0.36,35.0,0.41,144.85,0.42,45.0,0.43,25.0,0.44,109.8,0.45,30.5,0.01,0.01,2375.597302,1776168198000
1776168200.299,200.299,0.59,234.85,0.58,45.0,0.57,35.0,0.56,120.3,0.55,35.5,0.6,7.37,0.61,65.0,0.62,120.0,0.63,160.0,0.64,35.0,0.4,7.37,0.39,65.0,0.38,120.0,0.37,160.0,0.36,35.0,0.41,234.85,0.42,45.0,0.43,35.0,0.44,120.3,0.45,35.5,0.01,0.01,2375.591026,1776168199000
1776168200.57,200.57,0.62,35.0,0.61,15.0,0.6,930.1,0.59,50.0,0.58,40.0,0.64,5.35,0.65,10.0,0.66,130.0,0.67,20.0,0.68,20.0,0.4,7.37,0.39,65.0,0.38,120.0,0.37,160.0,0.36,35.0,0.41,234.85,0.42,45.0,0.43,35.0,0.44,120.3,0.45,35.5,0.02,0.01,2375.591026,1776168199000
1776168200.795,200.795,0.65,15.0,0.64,105.85,0.63,41.0,0.62,25.0,0.61,15.0,0.66,6.59,0.67,10.0,0.68,10.0,0.69,10.0,0.7,40.0,0.34,8.83,0.33,10.0,0.32,10.0,0.31,10.0,0.3,40.0,0.36,164.7,0.37,41.0,0.38,25.0,0.39,15.0,0.4,81.1,0.01,0.02,2375.591026,1776168199000
1776168201.065,201.065,0.65,76.7,0.64,20.0,0.63,15.0,0.62,15.0,0.61,10.0,0.66,15.59,0.67,15.0,0.68,50.0,0.69,100.0,0.7,20.0,0.34,6.59,0.33,10.0,0.32,10.0,0.31,10.0,0.3,40.0,0.35,15.0,0.36,105.85,0.37,41.0,0.38,25.0,0.39,15.0,0.01,0.01,2375.591026,1776168199000
1776168201.336,201.336,0.66,0.48,0.65,33.0,0.64,15.0,0.63,25.85,0.62,41.0,0.68,58.23,0.69,10.0,0.7,20.0,0.71,128.41,0.72,89.41,0.32,88.23,0.31,10.0,0.3,20.0,0.29,180.0,0.28,60.0,0.33,0.48,0.34,10.0,0.35,38.0,0.36,35.85,0.37,41.0,0.02,0.01,2375.591026,1776168199000
1776168201.553,201.553,0.66,0.48,0.65,33.0,0.64,10.0,0.63,15.0,0.62,41.0,0.67,25.61,0.68,128.23,0.69,20.0,0.7,80.0,0.71,198.41,0.32,128.23,0.31,20.0,0.3,80.0,0.29,198.41,0.28,89.41,0.33,4.39,0.34,0.48,0.35,33.0,0.36,10.0,0.37,15.0,0.01,0.01,2375.591026,1776168199000
1776168201.905,201.905,0.64,10.0,0.63,15.0,0.62,41.0,0.61,51.0,0.6,55.0,0.66,8.42,0.67,103.61,0.68,98.0,0.69,30.0,0.7,90.0,0.34,3.42,0.33,103.61,0.32,103.0,0.31,30.0,0.3,80.0,0.35,20.05,0.36,10.0,0.37,15.0,0.38,41.0,0.39,41.0,0.02,0.01,2375.591026,1776168199000
1776168202.3,202.3,0.65,10.0,0.64,10.0,0.63,15.0,0.62,15.0,0.61,51.0,0.66,6.9,0.67,103.61,0.68,98.0,0.69,20.0,0.7,90.0,0.34,6.74,0.33,103.61,0.32,98.0,0.31,20.0,0.3,90.0,0.35,5.0,0.36,15.0,0.37,15.0,0.38,20.85,0.39,51.0,0.01,0.01,2375.540455,1776168200000
1776168202.514,202.514,0.65,15.0,0.64,10.0,0.63,15.0,0.62,21.85,0.61,51.0,0.66,1.9,0.67,103.61,0.68,98.0,0.69,20.0,0.7,90.0,0.34,16.41,0.33,103.61,0.32,98.0,0.31,20.0,0.3,90.0,0.36,10.0,0.37,15.0,0.38,21.85,0.39,51.0,0.4,55.0,0.01,0.02,2375.540455,1776168200000
1776168202.733,202.733,0.66,18.89,0.65,10.0,0.64,10.0,0.63,15.0,0.62,21.85,0.67,103.61,0.68,98.0,0.69,20.0,0.7,90.0,0.71,198.41,0.33,103.61,0.32,98.0,0.31,20.0,0.3,90.0,0.29,198.41,0.34,18.89,0.35,10.0,0.36,10.0,0.37,15.0,0.38,21.85,0.01,0.01,2375.66,1776168201000
1776168203.031,203.031,0.63,13.25,0.62,20.0,0.61,70.0,0.6,65.0,0.59,25.0,0.67,78.61,0.68,178.5,0.69,10.0,0.7,100.0,0.71,120.0,0.33,103.61,0.32,98.0,0.31,30.0,0.3,90.0,0.29,128.41,0.35,2.25,0.36,10.0,0.37,15.0,0.38,26.85,0.39,46.0,0.04,0.02,2375.66,1776168201000
1776168203.235,203.235,0.67,15.0,0.66,15.0,0.65,20.09,0.64,24.0,0.63,30.39,0.68,145.91,0.69,20.0,0.7,196.0,0.71,110.0,0.72,155.41,0.34,50.0,0.33,13.0,0.32,173.5,0.31,20.0,0.3,100.0,0.36,23.85,0.37,18.25,0.38,15.0,0.39,20.0,0.4,55.0,0.01,0.02,2375.66,1776168201000
1776168203.597,203.597,0.65,20.09,0.64,19.0,0.63,30.39,0.62,50.0,0.61,35.0,0.66,55.65,0.68,166.82,0.69,45.0,0.7,206.0,0.71,135.0,0.32,141.82,0.31,10.0,0.3,196.0,0.29,110.0,0.28,155.41,0.33,26.0,0.34,26.0,0.35,20.09,0.36,24.0,0.37,30.39,0.01,0.01,2375.66,1776168201000
1776168204.166,204.166,0.65,40.89,0.64,20.0,0.63,40.39,0.62,40.0,0.61,25.0,0.66,61.15,0.68,107.32,0.69,35.0,0.7,206.0,0.71,145.0,0.34,50.65,0.32,171.82,0.31,45.0,0.3,206.0,0.29,135.0,0.35,20.09,0.36,10.0,0.37,30.39,0.38,50.0,0.39,35.0,0.01,0.01,2375.69633,1776168202000
1776168204.455,204.455,0.65,26.8,0.64,20.0,0.63,150.99,0.62,40.0,0.61,25.0,0.66,65.0,0.68,107.32,0.69,45.0,0.7,206.0,0.71,155.0,0.34,60.0,0.32,107.32,0.31,45.0,0.3,206.0,0.29,155.0,0.35,45.89,0.36,20.0,0.37,140.81,0.38,40.0,0.39,25.0,0.01,0.01,2375.69633,1776168202000
1776168204.717,204.717,0.65,143.5,0.64,46.0,0.63,30.0,0.62,15.0,0.61,20.0,0.66,56.34,0.68,107.32,0.69,45.0,0.7,140.0,0.71,207.0,0.34,62.86,0.32,107.32,0.31,45.0,0.3,206.0,0.29,155.0,0.35,18.51,0.36,20.0,0.37,160.99,0.38,40.0,0.39,25.0,0.01,0.01,2375.69633,1776168202000
1776168205.154,205.154,0.65,246.5,0.64,56.0,0.63,65.5,0.62,50.5,0.61,35.0,0.66,28.84,0.68,30.5,0.69,25.0,0.7,70.0,0.71,207.0,0.34,56.34,0.32,107.32,0.31,45.0,0.3,140.0,0.29,207.0,0.35,143.5,0.36,46.0,0.37,30.0,0.38,15.0,0.39,20.0,0.01,0.01,2375.66626,1776168203000
1776168205.467,205.467,0.65,325.5,0.64,66.5,0.63,65.5,0.62,45.5,0.61,35.0,0.66,16.11,0.68,20.0,0.69,25.0,0.7,70.0,0.71,207.0,0.34,28.84,0.32,30.5,0.31,25.0,0.3,70.0,0.29,207.0,0.35,246.5,0.36,56.0,0.37,65.5,0.38,50.5,0.39,35.0,0.01,0.01,2375.66626,1776168203000
1776168205.842,205.842,0.65,174.5,0.64,66.0,0.63,65.5,0.62,45.5,0.61,60.0,0.66,0.03,0.68,20.0,0.69,45.5,0.7,70.0,0.71,217.0,0.34,5.11,0.32,20.0,0.31,25.0,0.3,70.0,0.29,207.0,0.35,314.5,0.36,76.5,0.37,65.5,0.38,45.5,0.39,110.0,0.01,0.01,2375.6078,1776168204000
1776168206.21,206.21,0.65,174.5,0.64,66.0,0.63,65.5,0.62,45.5,0.61,60.0,0.66,0.03,0.68,20.0,0.69,45.5,0.7,70.0,0.71,217.0,0.34,0.03,0.32,20.0,0.31,45.5,0.3,70.0,0.29,217.0,0.35,174.5,0.36,66.0,0.37,65.5,0.38,45.5,0.39,60.0,0.01,0.01,2375.713905,1776168205000
1776168206.887,206.887,0.67,99.97,0.66,32.64,0.65,140.99,0.64,71.5,0.63,65.5,0.68,25.5,0.69,25.0,0.7,80.0,0.71,207.0,0.72,130.0,0.32,30.5,0.31,25.0,0.3,80.0,0.29,207.0,0.28,130.0,0.34,7.55,0.35,186.99,0.36,61.0,0.37,55.0,0.38,35.0,0.01,0.02,2375.713905,1776168205000
1776168207.756,207.756,0.67,99.97,0.66,32.64,0.65,140.99,0.64,71.5,0.63,65.5,0.68,25.5,0.69,25.0,0.7,80.0,0.71,207.0,0.72,130.0,0.32,25.5,0.31,25.0,0.3,80.0,0.29,207.0,0.28,130.0,0.33,99.97,0.34,32.64,0.35,140.99,0.36,71.5,0.37,65.5,0.01,0.01,2375.883655,1776168206000
1776168208.004,208.004,0.68,191.93,0.67,53.4,0.66,37.64,0.65,45.5,0.64,40.5,0.69,40.5,0.7,70.0,0.71,207.0,0.72,130.0,0.73,115.0,0.32,25.5,0.31,25.0,0.3,80.0,0.29,207.0,0.28,130.0,0.33,99.97,0.34,32.64,0.35,140.99,0.36,71.5,0.37,65.5,0.01,0.01,2375.883655,1776168206000
1776168208.46,208.46,0.68,191.93,0.67,53.4,0.66,37.64,0.65,45.5,0.64,40.5,0.69,40.5,0.7,70.0,0.71,207.0,0.72,130.0,0.73,115.0,0.31,40.5,0.3,70.0,0.29,207.0,0.28,130.0,0.27,115.0,0.32,191.93,0.33,53.4,0.34,37.64,0.35,45.5,0.36,40.5,0.01,0.01,2375.84771,1776168207000
1776168209.241,209.241,0.68,191.93,0.67,53.4,0.66,37.64,0.65,45.5,0.64,40.5,0.69,40.5,0.7,70.0,0.71,207.0,0.72,130.0,0.73,115.0,0.31,40.5,0.3,70.0,0.29,207.0,0.28,130.0,0.27,115.0,0.32,191.93,0.33,53.4,0.34,37.64,0.35,45.5,0.36,40.5,0.01,0.01,2375.833955,1776168208000
1776168209.962,209.962,0.74,338.0,0.73,74.0,0.72,20.0,0.71,22.0,0.7,32.0,0.75,164.0,0.76,100.0,0.79,80.0,0.8,120.0,0.81,130.0,0.31,40.5,0.3,70.0,0.29,207.0,0.28,130.0,0.27,115.0,0.32,191.93,0.33,53.4,0.34,37.64,0.35,45.5,0.36,40.5,0.01,0.01,2375.833955,1776168208000
1776168210.663,210.663,0.74,261.2,0.73,74.0,0.72,15.0,0.71,22.0,0.7,20.0,0.75,57.25,0.76,100.0,0.79,80.0,0.8,40.0,0.81,130.0,0.25,157.25,0.24,100.0,0.21,80.0,0.2,120.0,0.19,130.0,0.26,262.99,0.27,74.0,0.28,20.0,0.29,22.0,0.3,32.0,0.01,0.01,2375.833955,1776168208000
1776168211.029,211.029,0.74,237.72,0.73,74.0,0.72,15.0,0.71,22.0,0.7,20.0,0.75,57.25,0.76,100.0,0.79,80.0,0.8,40.0,0.81,130.0,0.25,57.25,0.24,100.0,0.21,80.0,0.2,40.0,0.19,130.0,0.26,261.2,0.27,74.0,0.28,15.0,0.29,22.0,0.3,20.0,0.01,0.01,2375.85822,1776168209000
