timestamp,elapsed_sec,up_bid_p1,up_bid_s1,up_bid_p2,up_bid_s2,up_ask_p1,up_ask_s1,up_ask_p2,up_ask_s2,down_bid_p1,down_bid_s1,down_bid_p2,down_bid_s2,down_ask_p1,down_ask_s1,down_ask_p2,down_ask_s2,up_spread,down_spread,eth_price,eth_oracle_ts
1776385800.771,0.771,0.49,0.88,0.47,5.0,0.54,148.93,0.6,5.0,0.46,155.0,0.4,5.0,0.51,0.88,0.54,155.0,0.05,0.05,2346.349837,1776385799000
1776385800.986,0.986,0.49,0.88,0.47,5.0,0.54,103.93,0.6,5.0,0.46,128.93,0.4,5.0,0.51,0.88,0.53,5.0,0.05,0.05,2346.349837,1776385799000
1776385802.566,2.566,0.63,2.08,0.62,20.0,0.64,5.0,0.65,16.0,0.33,300.0,0.31,375.0,0.4,65.0,0.41,140.0,0.01,0.07,2346.364866,1776385801000
1776385804.204,4.204,0.6,125.0,0.59,23.0,0.62,5.0,0.63,20.0,0.36,5.0,0.35,16.0,0.37,2.08,0.38,20.0,0.02,0.01,2347.329929,1776385803000
1776385804.545,4.545,0.62,17.0,0.61,25.0,0.64,14.04,0.65,84.0,0.37,10.0,0.36,16.0,0.38,10.0,0.39,20.0,0.02,0.01,2347.329929,1776385803000
1776385805.497,5.497,0.63,21.0,0.62,11.0,0.64,13.04,0.65,84.0,0.36,14.04,0.35,84.0,0.38,13.0,0.39,25.0,0.01,0.02,2347.312679,1776385804000
1776385806.292,6.292,0.63,21.0,0.62,5.0,0.64,6.12,0.65,89.0,0.36,13.04,0.35,84.0,0.4,31.67,0.41,15.0,0.01,0.04,2347.24003,1776385805000
1776385806.576,6.576,0.63,5.0,0.62,16.0,0.64,2.24,0.65,89.0,0.36,6.12,0.35,89.0,0.37,21.0,0.38,5.0,0.01,0.01,2347.24003,1776385805000
1776385807.072,7.072,0.63,5.0,0.62,5.0,0.64,2.08,0.65,89.0,0.36,2.24,0.35,89.0,0.37,5.0,0.38,16.0,0.01,0.01,2347.243125,1776385806000
1776385807.631,7.631,0.63,5.0,0.62,13.8,0.64,4.0,0.65,99.0,0.35,89.0,0.34,90.0,0.38,3.8,0.39,8.0,0.01,0.03,2347.243125,1776385806000
1776385808.819,8.819,0.64,19.81,0.63,50.0,0.68,25.43,0.69,25.0,0.36,4.0,0.35,99.0,0.37,5.0,0.38,13.8,0.04,0.01,2347.30651,1776385807000
1776385809.102,9.102,0.65,6.99,0.64,17.0,0.68,25.43,0.69,25.0,0.32,25.43,0.31,25.0,0.36,19.81,0.37,50.0,0.03,0.04,2347.310665,1776385808000
1776385810.531,10.531,0.65,12.85,0.64,42.0,0.67,15.0,0.68,45.43,0.32,25.43,0.31,25.0,0.35,6.99,0.36,17.0,0.02,0.03,2347.310665,1776385808000
1776385810.793,10.793,0.64,39.22,0.63,24.0,0.67,5.0,0.68,45.43,0.33,15.0,0.32,45.43,0.35,7.85,0.36,42.0,0.03,0.02,2347.310665,1776385808000
1776385811.52,11.52,0.65,10.0,0.64,35.0,0.66,0.45,0.67,6.0,0.33,5.0,0.32,45.43,0.36,39.22,0.37,24.0,0.01,0.03,2347.41968,1776385810000
1776385812.292,12.292,0.66,106.0,0.65,75.0,0.67,1.84,0.68,20.0,0.34,0.45,0.33,6.0,0.35,10.0,0.36,35.0,0.01,0.01,2347.514007,1776385811000
1776385812.493,12.493,0.66,111.0,0.65,75.0,0.73,25.0,0.74,30.0,0.33,1.74,0.32,20.0,0.34,106.0,0.35,75.0,0.07,0.01,2347.514007,1776385811000
1776385812.865,12.865,0.72,5.0,0.7,5.0,0.75,175.0,0.76,155.0,0.27,25.0,0.26,30.0,0.34,111.0,0.35,75.0,0.03,0.07,2347.514007,1776385811000
1776385814.152,14.152,0.71,5.0,0.7,5.0,0.72,106.0,0.73,136.0,0.25,175.0,0.24,155.0,0.28,5.0,0.3,5.0,0.01,0.03,2347.650503,1776385813000
1776385814.679,14.679,0.7,8.75,0.68,111.0,0.72,106.0,0.73,136.0,0.28,106.0,0.27,136.0,0.29,5.0,0.3,5.0,0.02,0.01,2347.650503,1776385813000
1776385815.206,15.206,0.68,89.41,0.67,105.0,0.72,5.0,0.73,120.0,0.28,106.0,0.27,136.0,0.3,8.75,0.32,111.0,0.04,0.02,2347.650503,1776385813000
1776385815.444,15.444,0.72,5.0,0.71,104.0,0.73,2.91,0.74,5.0,0.27,113.41,0.26,105.0,0.29,7.04,0.32,6.0,0.01,0.02,2347.650503,1776385813000
1776385815.729,15.729,0.73,53.0,0.72,20.0,0.74,1.1,0.75,9.0,0.27,2.91,0.26,5.0,0.28,5.0,0.29,104.0,0.01,0.01,2347.919629,1776385814000
1776385816.04,16.04,0.74,65.0,0.73,74.0,0.76,161.0,0.77,150.0,0.26,1.1,0.25,9.0,0.27,53.0,0.28,20.0,0.02,0.01,2347.919629,1776385814000
1776385816.248,16.248,0.74,80.0,0.73,69.0,0.75,5.0,0.76,150.0,0.24,161.0,0.23,150.0,0.26,65.0,0.27,74.0,0.01,0.02,2347.955591,1776385815000
1776385816.467,16.467,0.74,80.0,0.73,69.0,0.75,3.66,0.77,50.0,0.25,5.0,0.24,150.0,0.26,80.0,0.27,69.0,0.01,0.01,2347.955591,1776385815000
1776385817.03,17.03,0.78,108.0,0.77,22.0,0.8,1.91,0.81,250.0,0.23,50.0,0.22,75.0,0.26,112.0,0.27,69.0,0.02,0.03,2347.955591,1776385815000
1776385817.556,17.556,0.79,110.23,0.78,56.0,0.8,91.91,0.81,250.0,0.2,1.91,0.19,150.0,0.21,112.23,0.22,61.0,0.01,0.01,2347.955591,1776385815000
1776385819.953,19.953,0.8,40.0,0.79,23.0,0.82,9.47,0.83,18.0,0.2,85.91,0.19,250.0,0.21,104.75,0.22,126.0,0.02,0.01,2349.094684,1776385818000
1776385822.26,22.26,0.79,40.0,0.78,148.0,0.8,73.75,0.81,55.0,0.18,9.47,0.17,18.0,0.2,40.0,0.21,23.0,0.01,0.02,2349.360725,1776385820000
1776385822.546,22.546,0.79,5.0,0.78,148.0,0.8,71.67,0.81,55.0,0.2,73.75,0.19,55.0,0.21,40.0,0.22,148.0,0.01,0.01,2349.360725,1776385820000
1776385822.824,22.824,0.79,11.0,0.78,148.0,0.8,60.67,0.81,59.0,0.2,71.67,0.19,55.0,0.21,5.0,0.22,148.0,0.01,0.01,2349.307403,1776385821000
1776385823.288,23.288,0.79,66.56,0.78,138.0,0.8,44.17,0.81,59.0,0.2,50.17,0.19,59.0,0.21,56.56,0.22,148.0,0.01,0.01,2349.307403,1776385821000
1776385823.826,23.826,0.79,66.56,0.78,138.0,0.8,19.17,0.81,59.0,0.2,44.17,0.19,59.0,0.21,66.56,0.22,138.0,0.01,0.01,2349.307403,1776385822000
1776385825.124,25.124,0.79,82.56,0.78,144.0,0.81,3.0,0.82,10.0,0.2,19.17,0.19,59.0,0.21,66.56,0.22,138.0,0.02,0.01,2349.25535,1776385823000
1776385827.602,27.602,0.8,16.12,0.79,67.56,0.81,3.0,0.82,6.0,0.19,3.0,0.18,10.0,0.21,82.56,0.22,144.0,0.01,0.02,2349.094591,1776385826000
1776385827.937,27.937,0.8,35.12,0.79,162.56,0.81,3.0,0.83,18.0,0.19,3.0,0.18,6.0,0.2,16.12,0.21,67.56,0.01,0.01,2349.094591,1776385826000
1776385828.567,28.567,0.82,78.82,0.81,36.0,0.83,26.67,0.84,25.0,0.19,3.0,0.17,18.0,0.2,35.12,0.21,162.56,0.01,0.01,2349.112093,1776385827000
1776385828.862,28.862,0.82,73.82,0.81,36.0,0.83,1.4,0.85,35.64,0.17,25.36,0.16,10.0,0.18,78.82,0.19,36.0,0.01,0.01,2349.112093,1776385827000
1776385829.167,29.167,0.82,68.82,0.81,36.0,0.85,36.64,0.86,96.0,0.17,0.07,0.16,15.0,0.18,68.82,0.19,36.0,0.03,0.01,2349.166871,1776385828000
1776385829.793,29.793,0.83,15.6,0.82,72.22,0.84,14.09,0.85,46.64,0.15,36.64,0.14,96.0,0.18,68.82,0.19,36.0,0.01,0.03,2349.166871,1776385828000
1776385830.387,30.387,0.83,48.6,0.82,92.22,0.85,18.62,0.86,117.0,0.16,14.09,0.15,46.64,0.17,15.6,0.18,72.22,0.02,0.01,2349.282636,1776385829000
1776385830.636,30.636,0.83,95.6,0.82,105.22,0.85,17.82,0.86,80.0,0.15,18.62,0.14,117.0,0.17,48.6,0.18,92.22,0.02,0.02,2349.282636,1776385829000
1776385830.944,30.944,0.84,75.66,0.83,48.0,0.85,29.82,0.86,64.0,0.15,17.82,0.14,80.0,0.17,95.6,0.18,105.22,0.01,0.02,2349.282636,1776385829000
1776385831.719,31.719,0.85,38.0,0.84,39.6,0.86,78.0,0.87,25.0,0.15,12.0,0.14,64.0,0.16,93.66,0.17,48.0,0.01,0.01,2349.218205,1776385830000
1776385831.932,31.932,0.85,42.0,0.84,51.6,0.86,60.25,0.87,40.0,0.14,57.0,0.13,40.0,0.15,13.0,0.16,51.6,0.01,0.01,2349.218205,1776385830000
1776385832.196,32.196,0.85,13.6,0.84,41.0,0.86,59.03,0.87,50.0,0.14,60.25,0.13,40.0,0.15,42.0,0.16,51.6,0.01,0.01,2349.218205,1776385830000
1776385832.549,32.549,0.85,59.6,0.84,44.0,0.86,48.53,0.87,25.0,0.14,59.03,0.13,50.0,0.15,13.6,0.16,41.0,0.01,0.01,2349.219368,1776385831000
1776385833.024,33.024,0.85,152.6,0.84,29.0,0.86,38.53,0.87,25.0,0.14,48.53,0.13,25.0,0.15,59.6,0.16,44.0,0.01,0.01,2349.392834,1776385832000
1776385834.771,34.771,0.85,274.6,0.84,134.0,0.88,76.44,0.89,159.0,0.14,38.53,0.13,25.0,0.15,152.6,0.16,29.0,0.03,0.01,2349.463145,1776385833000
1776385835.16,35.16,0.87,100.29,0.86,52.0,0.88,76.44,0.89,159.0,0.12,76.44,0.11,159.0,0.15,274.6,0.16,134.0,0.01,0.03,2349.463145,1776385833000
1776385835.508,35.508,0.87,90.29,0.86,47.0,0.88,64.07,0.89,195.79,0.12,69.67,0.11,159.0,0.13,100.29,0.14,52.0,0.01,0.01,2349.673385,1776385834000
1776385835.856,35.856,0.87,78.29,0.86,42.0,0.88,64.07,0.89,195.79,0.12,64.07,0.11,195.79,0.13,90.29,0.14,47.0,0.01,0.01,2349.673385,1776385834000
1776385836.576,36.576,0.84,12.12,0.83,36.0,0.88,190.17,0.89,231.79,0.12,64.07,0.11,195.79,0.13,78.29,0.14,42.0,0.04,0.01,2349.729925,1776385835000
1776385838.683,38.683,0.8,39.58,0.79,53.0,0.81,20.0,0.82,26.0,0.15,17.87,0.14,15.0,0.16,46.0,0.17,43.0,0.01,0.01,2349.792115,1776385837000
1776385839.884,39.884,0.8,107.46,0.79,53.0,0.82,7.19,0.83,27.0,0.19,20.0,0.18,26.0,0.2,39.58,0.21,53.0,0.02,0.01,2349.50107,1776385838000
1776385840.593,40.593,0.8,70.86,0.79,45.0,0.81,41.76,0.82,41.19,0.18,7.19,0.17,27.0,0.2,107.46,0.21,53.0,0.01,0.02,2349.370121,1776385839000
1776385842.157,42.157,0.8,115.86,0.79,40.0,0.81,79.52,0.82,37.19,0.19,41.76,0.18,41.19,0.2,70.86,0.21,45.0,0.01,0.01,2349.16531,1776385840000
1776385843.004,43.004,0.8,56.0,0.79,40.0,0.81,129.28,0.82,59.19,0.19,78.28,0.18,37.19,0.2,115.86,0.21,40.0,0.01,0.01,2349.085125,1776385841000
1776385843.464,43.464,0.78,60.0,0.77,75.0,0.81,123.28,0.82,108.59,0.19,129.28,0.18,59.19,0.2,10.0,0.21,40.0,0.03,0.01,2348.968484,1776385842000
1776385845.442,45.442,0.77,75.0,0.76,10.0,0.78,91.71,0.79,50.0,0.19,123.28,0.18,108.59,0.22,60.0,0.23,75.0,0.01,0.03,2348.76933,1776385844000
1776385845.786,45.786,0.77,75.0,0.76,10.0,0.78,96.73,0.79,103.0,0.22,91.71,0.21,50.0,0.23,75.0,0.24,10.0,0.01,0.01,2348.76933,1776385844000
1776385846.91,46.91,0.74,45.0,0.73,50.0,0.75,44.46,0.76,70.0,0.22,96.73,0.21,103.0,0.23,75.0,0.24,10.0,0.01,0.01,2348.647148,1776385845000
1776385847.77,47.77,0.73,100.5,0.72,25.0,0.74,56.0,0.75,68.46,0.25,44.46,0.24,70.0,0.26,45.0,0.27,50.0,0.01,0.01,2348.460859,1776385846000
1776385851.58,51.58,0.73,60.72,0.72,25.0,0.74,99.0,0.75,57.66,0.26,56.0,0.25,68.46,0.27,100.5,0.28,25.0,0.01,0.01,2348.146692,1776385850000
1776385851.923,51.923,0.73,45.0,0.72,25.0,0.74,131.85,0.75,150.66,0.26,99.0,0.25,57.66,0.27,60.72,0.28,25.0,0.01,0.01,2348.149839,1776385851000
1776385852.895,52.895,0.73,131.0,0.72,37.0,0.75,63.0,0.76,10.0,0.26,131.85,0.25,150.66,0.27,45.0,0.28,25.0,0.02,0.01,2348.149839,1776385851000
1776385853.241,53.241,0.74,137.0,0.73,157.31,0.75,0.06,0.76,10.0,0.25,51.4,0.24,10.0,0.26,73.0,0.27,123.0,0.01,0.01,2348.139317,1776385852000
1776385854.482,54.482,0.74,209.9,0.73,142.31,0.76,6.76,0.77,35.0,0.25,0.06,0.24,10.0,0.26,137.0,0.27,157.31,0.02,0.01,2348.033438,1776385853000
1776385858.158,58.158,0.76,123.95,0.75,27.0,0.77,35.0,0.78,70.0,0.24,6.76,0.23,35.0,0.26,209.9,0.27,142.31,0.01,0.02,2348.360569,1776385856000
1776385858.986,58.986,0.76,14.62,0.75,60.79,0.77,13.0,0.78,80.0,0.23,35.0,0.22,70.0,0.24,123.95,0.25,27.0,0.01,0.01,2348.359692,1776385857000
1776385859.773,59.773,0.76,20.41,0.75,27.0,0.77,5.0,0.78,112.0,0.23,23.0,0.22,80.0,0.24,3.0,0.25,55.79,0.01,0.01,2348.35857,1776385858000
1776385860.417,60.417,0.73,50.0,0.72,40.0,0.74,40.89,0.75,112.0,0.23,5.0,0.22,112.0,0.24,20.41,0.25,27.0,0.01,0.01,2348.356893,1776385859000
1776385860.831,60.831,0.73,53.96,0.72,40.0,0.74,75.73,0.75,135.0,0.26,36.67,0.25,112.0,0.27,50.0,0.28,40.0,0.01,0.01,2348.356893,1776385859000
1776385861.172,61.172,0.73,69.96,0.72,40.0,0.74,42.63,0.75,95.0,0.26,75.73,0.25,135.0,0.27,53.96,0.28,40.0,0.01,0.01,2348.366012,1776385860000
1776385861.497,61.497,0.74,5.0,0.73,66.96,0.75,23.6,0.76,54.0,0.26,42.63,0.25,95.0,0.27,69.96,0.28,40.0,0.01,0.01,2348.366012,1776385860000
1776385862.173,62.173,0.76,5.0,0.75,18.0,0.77,15.44,0.78,105.0,0.25,3.73,0.24,54.0,0.26,51.0,0.27,66.96,0.01,0.01,2348.354582,1776385861000
1776385863.621,63.621,0.73,48.28,0.72,35.0,0.74,164.0,0.75,146.0,0.23,15.44,0.22,105.0,0.24,5.0,0.25,18.0,0.01,0.01,2348.278163,1776385862000
1776385864.086,64.086,0.73,48.28,0.72,40.0,0.74,103.0,0.75,181.0,0.26,164.0,0.25,146.0,0.27,48.28,0.28,35.0,0.01,0.01,2348.278163,1776385862000
1776385864.605,64.605,0.73,48.28,0.72,40.0,0.74,99.37,0.75,251.0,0.26,101.51,0.25,181.0,0.27,48.28,0.28,40.0,0.01,0.01,2348.321325,1776385863000
1776385864.838,64.838,0.73,48.28,0.72,40.0,0.74,97.59,0.75,251.0,0.26,99.37,0.25,251.0,0.27,48.28,0.28,40.0,0.01,0.01,2348.321325,1776385863000
1776385865.192,65.192,0.73,97.59,0.72,40.0,0.76,29.42,0.77,120.3,0.26,97.59,0.25,251.0,0.27,48.28,0.28,40.0,0.03,0.01,2348.321325,1776385863000
1776385867.361,67.361,0.73,164.88,0.72,46.0,0.74,33.0,0.75,18.0,0.24,29.42,0.23,120.3,0.27,97.59,0.28,40.0,0.01,0.03,2348.054588,1776385866000
1776385867.889,67.889,0.75,31.83,0.74,169.1,0.76,35.96,0.77,44.3,0.25,4.96,0.24,5.0,0.27,179.88,0.28,46.0,0.01,0.02,2348.054588,1776385866000
1776385868.354,68.354,0.74,143.1,0.73,72.31,0.75,13.53,0.76,35.96,0.24,35.96,0.23,44.3,0.25,31.83,0.26,169.1,0.01,0.01,2348.033353,1776385867000
1776385868.639,68.639,0.74,143.1,0.73,67.31,0.75,83.92,0.76,35.96,0.25,13.53,0.24,35.96,0.26,143.1,0.27,72.31,0.01,0.01,2348.033353,1776385867000
1776385869.807,69.807,0.74,158.1,0.73,67.31,0.75,45.19,0.76,35.96,0.25,83.92,0.24,35.96,0.26,143.1,0.27,67.31,0.01,0.01,2348.001236,1776385868000
1776385871.824,71.824,0.76,5.0,0.75,40.0,0.77,12.4,0.78,183.0,0.25,45.19,0.24,35.96,0.26,158.1,0.27,67.31,0.01,0.01,2347.996282,1776385870000
1776385878.572,78.572,0.77,148.31,0.76,79.49,0.78,10.0,0.79,25.0,0.22,183.0,0.21,30.0,0.24,55.0,0.25,124.89,0.01,0.02,2348.370361,1776385877000
1776385882.247,82.247,0.78,125.0,0.77,111.31,0.8,50.0,0.81,10.0,0.22,10.0,0.21,25.0,0.23,148.31,0.24,79.49,0.02,0.01,2348.38439,1776385880000
1776385889.122,89.122,0.86,154.0,0.85,105.0,0.87,53.8,0.88,154.1,0.2,50.0,0.19,10.0,0.22,125.0,0.23,111.31,0.01,0.02,2349.009763,1776385887000
1776385889.414,89.414,0.86,149.0,0.85,105.0,0.87,49.84,0.88,154.1,0.13,53.8,0.12,154.1,0.14,154.0,0.15,105.0,0.01,0.01,2349.163086,1776385888000
1776385889.721,89.721,0.86,149.0,0.85,105.0,0.87,45.88,0.88,154.1,0.13,49.84,0.12,154.1,0.14,149.0,0.15,105.0,0.01,0.01,2349.163086,1776385888000
1776385893.364,93.364,0.86,169.83,0.85,105.0,0.87,40.88,0.88,84.1,0.13,45.88,0.12,154.1,0.14,149.0,0.15,105.0,0.01,0.01,2349.125633,1776385891000
1776385893.608,93.608,0.86,169.83,0.85,105.0,0.87,39.51,0.88,84.1,0.13,40.88,0.12,84.1,0.14,169.83,0.15,105.0,0.01,0.01,2349.130577,1776385892000
1776385893.827,93.827,0.86,134.11,0.85,105.0,0.87,39.51,0.88,84.1,0.13,39.51,0.12,84.1,0.14,169.83,0.15,105.0,0.01,0.01,2349.130577,1776385892000
1776385895.225,95.225,0.86,102.86,0.85,5.0,0.87,38.36,0.88,84.1,0.13,39.51,0.12,84.1,0.14,134.11,0.15,105.0,0.01,0.01,2349.071917,1776385894000
1776385902.085,102.085,0.86,96.66,0.85,84.73,0.87,15.0,0.88,91.1,0.13,38.36,0.12,84.1,0.14,102.86,0.15,5.0,0.01,0.01,2349.143033,1776385900000
1776385902.67,102.67,0.86,40.66,0.83,35.0,0.87,301.06,0.88,222.1,0.13,15.0,0.12,91.1,0.14,96.66,0.15,84.73,0.01,0.01,2349.062989,1776385901000
1776385903.817,103.817,0.84,128.0,0.83,96.0,0.85,6.41,0.86,44.9,0.13,316.06,0.12,222.1,0.17,25.66,0.18,45.0,0.01,0.04,2349.056888,1776385902000
1776385908.72,108.72,0.88,170.15,0.87,266.02,0.89,35.0,0.9,10.0,0.15,6.41,0.14,44.9,0.16,128.0,0.17,96.0,0.01,0.01,2348.951453,1776385907000
1776385909.054,109.054,0.89,8.0,0.88,170.15,0.9,6.08,0.91,136.0,0.11,35.0,0.1,10.0,0.12,170.15,0.13,266.02,0.01,0.01,2348.951453,1776385907000
1776385909.443,109.443,0.89,143.0,0.88,263.14,0.9,1.08,0.91,86.0,0.1,6.08,0.09,136.0,0.11,8.0,0.12,170.15,0.01,0.01,2349.180528,1776385908000
1776385910.215,110.215,0.89,149.08,0.88,563.14,0.91,79.37,0.92,185.9,0.1,1.08,0.09,86.0,0.11,143.0,0.12,263.14,0.02,0.01,2349.180528,1776385908000
1776385912.473,112.473,0.9,131.12,0.89,38.0,0.91,112.37,0.92,228.16,0.09,79.37,0.08,185.9,0.11,149.08,0.12,563.14,0.01,0.02,2349.604849,1776385910000
1776385913.03,113.03,0.9,81.12,0.89,5.0,0.91,169.37,0.92,342.16,0.09,112.37,0.08,228.16,0.1,131.12,0.11,38.0,0.01,0.01,2349.718055,1776385911000
1776385913.701,113.701,0.88,37.93,0.87,40.0,0.91,91.37,0.92,212.9,0.09,169.37,0.08,342.16,0.1,52.12,0.11,5.0,0.03,0.01,2349.718055,1776385912000
1776385914.625,114.625,0.89,210.0,0.88,36.93,0.9,46.19,0.91,78.37,0.09,91.37,0.08,212.9,0.12,37.93,0.13,40.0,0.01,0.03,2349.669988,1776385913000
1776385917.031,117.031,0.89,223.0,0.88,27.93,0.91,88.78,0.92,226.16,0.1,46.19,0.09,78.37,0.11,210.0,0.12,36.93,0.02,0.01,2349.477465,1776385915000
1776385919.163,119.163,0.9,27.19,0.89,35.0,0.91,79.3,0.92,204.16,0.09,88.78,0.08,226.16,0.11,223.0,0.12,27.93,0.01,0.02,2349.478614,1776385917000
1776385920.456,120.456,0.9,91.18,0.89,35.0,0.92,2.65,0.93,177.56,0.09,24.35,0.08,204.16,0.1,27.19,0.11,35.0,0.02,0.01,2349.473649,1776385918000
1776385921.143,121.143,0.91,97.88,0.9,137.41,0.92,75.25,0.93,177.56,0.08,2.65,0.07,177.56,0.1,91.18,0.11,35.0,0.01,0.02,2349.465017,1776385919000
1776385921.508,121.508,0.91,82.88,0.9,57.77,0.92,416.07,0.93,297.3,0.08,74.16,0.07,177.56,0.09,97.88,0.1,142.41,0.01,0.01,2349.462127,1776385920000
1776385921.877,121.877,0.9,57.77,0.89,10.0,0.91,421.41,0.92,251.9,0.09,48.15,0.08,436.07,0.1,57.77,0.11,10.0,0.01,0.01,2349.462127,1776385920000
1776385922.077,122.077,0.9,2.17,0.84,25.0,0.91,513.41,0.92,281.9,0.09,421.41,0.08,251.9,0.1,16.17,0.11,10.0,0.01,0.01,2349.462127,1776385920000
1776385922.391,122.391,0.83,5.0,0.82,60.0,0.84,103.8,0.85,100.0,0.09,514.41,0.08,306.9,0.17,5.0,0.18,59.0,0.01,0.08,2349.462127,1776385920000
1776385922.755,122.755,0.83,5.0,0.82,60.0,0.84,102.6,0.85,100.0,0.16,103.8,0.15,100.0,0.17,5.0,0.18,60.0,0.01,0.01,2349.453329,1776385921000
1776385923.074,123.074,0.83,43.59,0.82,155.0,0.86,20.0,0.87,24.26,0.16,36.6,0.15,100.0,0.17,5.0,0.18,60.0,0.03,0.01,2349.453329,1776385921000
1776385924.014,124.014,0.83,172.94,0.82,155.0,0.84,15.82,0.85,15.0,0.14,20.0,0.13,24.26,0.17,43.59,0.18,155.0,0.01,0.03,2349.15046,1776385922000
1776385924.313,124.313,0.83,172.94,0.82,150.0,0.84,44.82,0.85,25.0,0.16,15.82,0.15,15.0,0.17,172.94,0.18,155.0,0.01,0.01,2348.913269,1776385923000
1776385924.689,124.689,0.83,64.94,0.82,45.0,0.84,52.92,0.85,17.26,0.16,40.82,0.15,15.0,0.17,64.94,0.18,150.0,0.01,0.01,2348.913269,1776385923000
1776385925.181,125.181,0.83,28.2,0.82,155.86,0.84,12.04,0.85,10.0,0.16,48.65,0.15,17.26,0.17,59.77,0.18,45.0,0.01,0.01,2348.913269,1776385923000
1776385925.64,125.64,0.83,61.8,0.82,45.0,0.84,3.69,0.85,10.0,0.16,12.04,0.15,10.0,0.17,28.2,0.18,155.86,0.01,0.01,2348.736619,1776385924000
1776385925.932,125.932,0.83,61.8,0.82,45.0,0.84,2.47,0.85,38.2,0.16,3.69,0.15,10.0,0.17,61.8,0.18,45.0,0.01,0.01,2348.736619,1776385924000
1776385926.355,126.355,0.83,61.8,0.82,176.59,0.86,102.38,0.87,98.8,0.14,118.77,0.13,98.8,0.17,61.8,0.18,176.59,0.03,0.03,2348.694008,1776385925000
1776385926.938,126.938,0.83,68.8,0.82,176.59,0.84,24.58,0.85,31.26,0.14,102.38,0.13,98.8,0.17,61.8,0.18,176.59,0.01,0.03,2348.694008,1776385925000
1776385929.046,129.046,0.83,82.8,0.82,181.59,0.84,0.09,0.85,25.26,0.16,24.58,0.15,31.26,0.17,68.8,0.18,176.59,0.01,0.01,2348.50166,1776385927000
1776385929.324,129.324,0.83,87.8,0.82,181.59,0.85,3.87,0.86,87.38,0.16,0.09,0.15,25.26,0.17,82.8,0.18,181.59,0.02,0.01,2348.452442,1776385928000
1776385930.502,130.502,0.84,110.91,0.83,33.0,0.85,10.5,0.86,60.65,0.15,3.87,0.14,87.38,0.17,87.8,0.18,181.59,0.01,0.02,2348.439129,1776385929000
1776385930.752,130.752,0.84,110.91,0.83,33.0,0.85,34.2,0.86,78.65,0.15,10.5,0.14,60.65,0.16,110.91,0.17,33.0,0.01,0.01,2348.439129,1776385929000
1776385931.523,131.523,0.84,47.8,0.83,33.0,0.85,16.26,0.86,103.65,0.15,34.2,0.14,78.65,0.16,110.91,0.17,33.0,0.01,0.01,2348.439129,1776385929000
1776385931.761,131.761,0.84,5.8,0.83,33.0,0.85,32.26,0.86,78.65,0.15,1.71,0.14,78.65,0.16,47.8,0.17,33.0,0.01,0.01,2348.439129,1776385929000
1776385932.045,132.045,0.83,23.66,0.82,45.0,0.85,78.26,0.86,89.38,0.15,50.26,0.14,78.65,0.17,33.0,0.18,45.0,0.02,0.02,2348.439129,1776385929000
1776385932.293,132.293,0.83,16.66,0.82,45.0,0.84,61.26,0.85,63.0,0.15,78.26,0.14,89.38,0.17,23.66,0.18,45.0,0.01,0.02,2348.439129,1776385929000
1776385932.553,132.553,0.83,7.66,0.82,45.0,0.84,62.26,0.85,33.0,0.16,61.26,0.15,63.0,0.17,16.66,0.18,45.0,0.01,0.01,2348.439129,1776385929000
1776385932.947,132.947,0.8,5.0,0.79,10.0,0.84,260.26,0.85,116.2,0.16,62.26,0.15,33.0,0.17,7.66,0.18,45.0,0.04,0.01,2348.439129,1776385929000
1776385936.662,136.662,0.8,65.0,0.78,5.0,0.81,48.48,0.82,170.0,0.16,260.26,0.15,116.2,0.2,5.0,0.21,10.0,0.01,0.04,2347.866535,1776385935000
1776385937.645,137.645,0.81,58.0,0.8,75.0,0.82,125.41,0.83,5.0,0.19,48.48,0.18,170.0,0.2,65.0,0.22,5.0,0.01,0.01,2347.866535,1776385936000
1776385937.863,137.863,0.81,70.0,0.8,80.0,0.82,66.41,0.83,5.0,0.18,75.41,0.17,5.0,0.19,58.0,0.2,75.0,0.01,0.01,2347.866535,1776385936000
1776385938.26,138.26,0.81,82.0,0.8,80.0,0.82,68.99,0.84,5.0,0.18,66.41,0.17,5.0,0.19,70.0,0.2,80.0,0.01,0.01,2347.872862,1776385937000
1776385938.705,138.705,0.81,265.0,0.8,191.0,0.86,3.39,0.87,5.0,0.18,63.99,0.16,5.0,0.19,80.0,0.2,80.0,0.05,0.01,2347.872862,1776385937000
1776385942.142,142.142,0.87,85.0,0.86,168.0,0.88,58.0,0.89,10.0,0.14,3.39,0.13,5.0,0.19,265.0,0.2,191.0,0.01,0.05,2348.515893,1776385940000
1776385946.304,146.304,0.87,100.0,0.86,20.0,0.88,42.72,0.89,10.0,0.12,45.0,0.11,10.0,0.13,85.0,0.14,168.0,0.01,0.01,2348.88385,1776385944000
1776385947.948,147.948,0.87,81.45,0.86,5.0,0.88,42.72,0.89,20.26,0.12,42.72,0.11,10.0,0.13,100.0,0.14,20.0,0.01,0.01,2348.864793,1776385946000
1776385949.352,149.352,0.87,30.45,0.85,20.0,0.88,62.98,0.89,50.26,0.12,42.72,0.11,20.26,0.13,81.45,0.14,5.0,0.01,0.01,2348.802859,1776385947000
1776385950.168,150.168,0.87,76.45,0.85,33.0,0.88,40.44,0.89,15.0,0.12,62.98,0.11,50.26,0.13,11.45,0.15,20.0,0.01,0.01,2348.854429,1776385948000
1776385950.368,150.368,0.87,104.45,0.85,33.0,0.88,30.72,0.89,15.0,0.12,40.44,0.11,15.0,0.13,76.45,0.15,33.0,0.01,0.01,2348.752681,1776385949000
1776385950.751,150.751,0.87,109.45,0.86,15.0,0.88,32.94,0.89,15.0,0.12,30.72,0.11,15.0,0.13,104.45,0.15,33.0,0.01,0.01,2348.752681,1776385949000
1776385950.965,150.965,0.87,109.45,0.86,15.0,0.88,4.44,0.89,15.0,0.12,27.44,0.11,15.0,0.13,109.45,0.14,15.0,0.01,0.01,2348.752681,1776385949000
1776385953.665,153.665,0.89,78.0,0.88,55.0,0.92,24.98,0.93,195.3,0.12,1.3,0.11,5.0,0.13,109.45,0.14,20.0,0.03,0.01,2348.708205,1776385952000
1776385955.025,155.025,0.89,93.0,0.88,20.0,0.92,19.7,0.93,195.3,0.08,24.98,0.07,195.3,0.11,78.0,0.12,55.0,0.03,0.03,2348.85334,1776385953000
1776385961.149,161.149,0.9,63.77,0.89,5.0,0.91,16.0,0.92,49.26,0.08,19.7,0.07,195.3,0.11,93.0,0.12,20.0,0.01,0.03,2348.976425,1776385960000
1776385961.933,161.933,0.91,80.0,0.9,83.77,0.92,5.9,0.93,123.26,0.09,16.0,0.08,49.26,0.1,63.77,0.11,5.0,0.01,0.01,2348.976425,1776385960000
1776385962.917,162.917,0.91,80.0,0.9,83.77,0.93,123.09,0.94,273.8,0.08,5.9,0.07,123.26,0.09,80.0,0.1,83.77,0.02,0.01,2348.98194,1776385961000
1776385969.244,169.244,0.92,210.43,0.91,184.38,0.93,60.56,0.94,122.0,0.07,123.09,0.06,273.8,0.09,80.0,0.1,83.77,0.01,0.02,2349.32007,1776385968000
1776385970.17,170.17,0.92,202.93,0.91,179.38,0.93,60.56,0.94,122.0,0.07,60.56,0.06,122.0,0.08,210.43,0.09,184.38,0.01,0.01,2349.3146,1776385969000
1776385971.652,171.652,0.92,202.93,0.91,189.38,0.93,57.33,0.94,122.0,0.07,60.56,0.06,122.0,0.08,202.93,0.09,179.38,0.01,0.01,2349.360216,1776385970000
1776385974.25,174.25,0.92,448.67,0.91,337.37,0.94,18.25,0.95,270.0,0.07,57.33,0.06,122.0,0.08,202.93,0.09,189.38,0.02,0.01,2349.37909,1776385972000
1776385979.696,179.696,0.93,135.37,0.92,129.08,0.94,13.25,0.95,297.0,0.06,18.25,0.05,270.0,0.08,448.67,0.09,337.37,0.01,0.02,2349.57148,1776385978000
1776385980.194,180.194,0.93,35.37,0.92,111.08,0.94,61.3,0.95,270.0,0.06,13.25,0.05,297.0,0.07,135.37,0.08,129.08,0.01,0.01,2349.613411,1776385979000
1776385980.452,180.452,0.93,35.37,0.92,105.0,0.94,83.21,0.95,270.0,0.06,61.3,0.05,270.0,0.07,35.37,0.08,111.08,0.01,0.01,2349.613411,1776385979000
1776385984.392,184.392,0.93,150.37,0.92,310.99,0.94,2.07,0.95,309.0,0.06,83.21,0.05,270.0,0.07,35.37,0.08,105.0,0.01,0.01,2349.437402,1776385983000
1776385990.021,190.021,0.93,580.36,0.92,282.9,0.95,170.0,0.96,50.0,0.06,2.07,0.05,309.0,0.07,150.37,0.08,310.99,0.02,0.01,2349.414557,1776385988000
1776385990.588,190.588,0.94,476.05,0.93,285.3,0.96,39.16,0.97,341.0,0.05,170.0,0.04,50.0,0.07,580.36,0.08,282.9,0.02,0.02,2349.401852,1776385989000
1776385991.343,191.343,0.96,214.0,0.95,127.0,0.97,348.09,0.98,377.49,0.03,341.0,0.02,372.23,0.05,361.74,0.06,328.8,0.01,0.02,2349.464676,1776385990000
1776385992.577,192.577,0.96,497.07,0.95,291.78,0.97,321.55,0.98,295.23,0.03,332.78,0.02,377.49,0.04,221.08,0.05,120.0,0.01,0.01,2350.034012,1776385991000
1776385992.792,192.792,0.96,479.07,0.95,291.78,0.97,320.51,0.98,295.23,0.03,320.51,0.02,295.23,0.04,497.07,0.05,297.86,0.01,0.01,2350.034012,1776385991000
1776385994.914,194.914,0.96,404.52,0.95,307.86,0.97,226.35,0.98,300.23,0.03,219.51,0.02,295.23,0.04,469.07,0.05,291.78,0.01,0.01,2349.951247,1776385993000
1776386002.091,202.091,0.96,154.08,0.95,430.79,0.97,301.31,0.98,295.23,0.03,226.35,0.02,300.23,0.04,404.52,0.05,307.86,0.01,0.01,2349.980851,1776385997000
1776386004.339,204.339,0.96,462.77,0.95,286.05,0.97,272.73,0.98,295.23,0.03,301.31,0.02,295.23,0.04,154.08,0.05,430.79,0.01,0.01,2349.980851,1776385997000
1776386011.201,211.201,0.96,503.77,0.95,281.05,0.97,74.74,0.98,401.23,0.03,272.73,0.02,295.23,0.04,462.77,0.05,286.05,0.01,0.01,2349.904332,1776386010000
1776386011.66,211.66,0.96,525.77,0.95,270.13,0.97,69.74,0.98,401.23,0.03,74.74,0.02,401.23,0.04,503.77,0.05,281.05,0.01,0.01,2349.904332,1776386010000
1776386012.272,212.272,0.96,525.77,0.95,270.13,0.98,401.23,0.99,2088.05,0.03,69.74,0.02,401.23,0.04,525.77,0.05,270.13,0.02,0.01,2349.904332,1776386010000
1776386012.677,212.677,0.97,394.7,0.96,510.77,0.98,399.2,0.99,2088.05,0.02,401.23,0.01,2088.05,0.04,525.77,0.05,270.13,0.01,0.02,2349.89758,1776386011000
1776386013.618,213.618,0.97,401.7,0.96,525.77,0.98,263.1,0.99,1688.05,0.02,379.2,0.01,2088.05,0.03,394.7,0.04,505.77,0.01,0.01,2349.928673,1776386012000
1776386015.014,215.014,0.97,585.69,0.96,364.03,0.98,254.64,0.99,1568.05,0.02,263.1,0.01,1688.05,0.03,401.7,0.04,525.77,0.01,0.01,2350.026606,1776386013000
1776386015.221,215.221,0.97,585.69,0.96,364.03,0.98,252.58,0.99,1568.05,0.02,253.61,0.01,1568.05,0.03,585.69,0.04,364.03,0.01,0.01,2350.026606,1776386013000
1776386015.474,215.474,0.97,567.69,0.96,344.03,0.98,246.4,0.99,1546.05,0.02,247.43,0.01,1546.05,0.03,567.69,0.04,344.03,0.01,0.01,2350.026621,1776386014000
1776386015.94,215.94,0.97,463.02,0.96,344.03,0.98,244.34,0.99,1546.05,0.02,244.34,0.01,1546.05,0.03,567.69,0.04,344.03,0.01,0.01,2350.026621,1776386014000
1776386016.624,216.624,0.97,463.02,0.96,344.03,0.98,239.24,0.99,1530.05,0.02,244.34,0.01,1546.05,0.03,463.02,0.04,344.03,0.01,0.01,2349.988895,1776386015000
1776386019.969,219.969,0.97,484.33,0.96,348.03,0.98,218.24,0.99,1501.05,0.02,239.24,0.01,1530.05,0.03,463.02,0.04,344.03,0.01,0.01,2349.964047,1776386018000
1776386022.084,222.084,0.97,590.33,0.96,308.78,0.98,209.13,0.99,1310.79,0.02,213.13,0.01,1485.79,0.03,484.33,0.04,348.03,0.01,0.01,2349.996466,1776386020000
1776386025.092,225.092,0.97,664.41,0.96,298.78,0.98,188.13,0.99,1310.79,0.02,209.13,0.01,1310.79,0.03,590.33,0.04,308.78,0.01,0.01,2350.089822,1776386023000
1776386025.979,225.979,0.97,677.41,0.96,298.78,0.98,187.1,0.99,1310.79,0.02,188.13,0.01,1310.79,0.03,664.41,0.04,298.78,0.01,0.01,2350.161733,1776386024000
1776386026.259,226.259,0.97,682.41,0.96,298.78,0.98,182.98,0.99,1310.79,0.02,184.01,0.01,1310.79,0.03,682.41,0.04,298.78,0.01,0.01,2350.161733,1776386024000
1776386026.965,226.965,0.97,703.41,0.96,298.78,0.98,153.37,0.99,1257.79,0.02,154.4,0.01,1310.79,0.03,682.41,0.04,298.78,0.01,0.01,2350.091654,1776386025000
1776386027.45,227.45,0.97,693.41,0.96,298.78,0.98,146.9,0.99,1257.79,0.02,147.93,0.01,1257.79,0.03,703.41,0.04,298.78,0.01,0.01,2350.090431,1776386026000
1776386028.173,228.173,0.97,693.41,0.96,298.78,0.98,144.87,0.99,1257.79,0.02,146.9,0.01,1257.79,0.03,693.41,0.04,298.78,0.01,0.01,2350.090431,1776386026000
1776386028.596,228.596,0.97,693.41,0.96,298.78,0.98,142.82,0.99,1257.79,0.02,144.87,0.01,1257.79,0.03,693.41,0.04,298.78,0.01,0.01,2350.090431,1776386026000
1776386029.165,229.165,0.97,687.33,0.96,285.78,0.98,141.79,0.99,1257.79,0.02,142.82,0.01,1257.79,0.03,693.41,0.04,298.78,0.01,0.01,2350.13631,1776386027000
1776386029.957,229.957,0.97,682.33,0.96,285.78,0.98,120.79,0.99,1257.79,0.02,141.79,0.01,1257.79,0.03,687.33,0.04,285.78,0.01,0.01,2350.15868,1776386028000
1776386030.377,230.377,0.97,732.33,0.96,285.78,0.99,853.58,,,0.02,120.79,0.01,1257.79,0.03,682.33,0.04,285.78,0.02,0.01,2350.208371,1776386029000
1776386030.989,230.989,0.98,771.83,0.97,492.41,0.99,843.58,,,0.01,853.58,,,0.03,732.33,0.04,285.78,0.01,0.02,2350.208371,1776386029000
1776386031.245,231.245,0.98,803.83,0.97,487.41,0.99,842.56,,,0.01,843.58,,,0.02,771.83,0.03,492.41,0.01,0.01,2350.289819,1776386030000
1776386034.938,234.938,0.98,726.83,0.97,743.08,0.99,720.56,,,0.01,842.56,,,0.02,803.83,0.03,487.41,0.01,0.01,2350.366245,1776386033000
1776386035.173,235.173,0.98,721.83,0.97,743.08,0.99,718.54,,,0.01,720.56,,,0.02,726.83,0.03,743.08,0.01,0.01,2350.37147,1776386034000
1776386035.433,235.433,0.98,721.83,0.97,743.08,0.99,714.5,,,0.01,716.52,,,0.02,721.83,0.03,743.08,0.01,0.01,2350.37147,1776386034000
1776386036.02,236.02,0.99,2068.25,0.98,511.44,,,,,,,,,0.01,1810.5,0.02,614.69,,,2350.37147,1776386034000
1776386038.173,238.173,0.99,2127.64,0.98,547.77,,,,,,,,,0.01,2068.25,0.02,511.44,,,2350.272295,1776386037000
1776386039.003,239.003,0.99,2131.48,0.98,576.77,,,,,,,,,0.01,2127.64,0.02,547.77,,,2350.272295,1776386037000
1776386067.54,267.54,0.99,9325.68,0.98,204.7,,,,,,,,,0.01,2131.48,0.02,576.77,,,2350.589545,1776386066000
1776386090.318,290.318,0.99,9744.24,0.97,580.0,,,,,,,,,0.01,9325.68,0.02,204.7,,,2349.950351,1776386088000

# RESULT,winner=Up,slug=eth-updown-5m-1776385800,ticks=202
