timestamp,elapsed_sec,up_bid_p1,up_bid_s1,up_bid_p2,up_bid_s2,up_ask_p1,up_ask_s1,up_ask_p2,up_ask_s2,down_bid_p1,down_bid_s1,down_bid_p2,down_bid_s2,down_ask_p1,down_ask_s1,down_ask_p2,down_ask_s2,up_spread,down_spread,eth_price,eth_oracle_ts
1776315601.986,1.986,0.48,7.66,0.45,8.88,0.53,17.77,0.6,5.0,0.47,17.77,0.4,38.0,0.52,12.66,0.55,8.88,0.05,0.05,2354.685693,1776315600000
1776315602.535,2.535,0.48,2.66,0.45,8.88,0.5,70.0,0.51,70.0,0.47,17.77,0.4,5.0,0.52,7.66,0.55,8.88,0.02,0.05,2354.656051,1776315601000
1776315602.809,2.809,0.48,2.66,0.45,8.88,0.5,70.0,0.51,70.0,0.5,70.0,0.49,70.0,0.52,2.66,0.55,8.88,0.02,0.02,2354.656051,1776315601000
1776315603.466,3.466,0.45,7.79,0.43,14.0,0.49,10.0,0.5,65.0,0.5,65.0,0.49,70.0,0.52,2.66,0.55,8.88,0.04,0.02,2354.631623,1776315602000
1776315605.164,5.164,0.43,11.98,0.42,18.0,0.44,12.68,0.45,15.0,0.54,10.0,0.53,80.0,0.57,11.98,0.59,10.0,0.01,0.03,2354.307854,1776315603000
1776315605.697,5.697,0.43,11.98,0.42,13.0,0.44,1.31,0.45,15.0,0.56,12.68,0.55,15.0,0.57,11.98,0.58,18.0,0.01,0.01,2354.208886,1776315604000
1776315605.965,5.965,0.43,6.98,0.42,18.0,0.44,11.31,0.45,15.0,0.56,1.31,0.55,15.0,0.57,11.98,0.58,13.0,0.01,0.01,2354.208886,1776315604000
1776315606.44,6.44,0.42,18.0,0.41,18.0,0.43,13.34,0.44,11.31,0.56,11.31,0.55,15.0,0.57,6.98,0.58,18.0,0.01,0.01,2354.18195,1776315605000
1776315609.2,9.2,0.42,16.27,0.41,18.0,0.43,18.34,0.44,16.31,0.57,13.34,0.56,11.31,0.58,18.0,0.59,18.0,0.01,0.01,2354.11825,1776315606000
1776315609.817,9.817,0.42,16.27,0.41,23.0,0.44,9.54,0.45,9.69,0.55,9.69,0.54,85.0,0.58,21.27,0.59,13.0,0.02,0.03,2354.11825,1776315606000
1776315610.31,10.31,0.42,11.27,0.41,23.0,0.43,17.67,0.44,9.54,0.56,9.54,0.55,9.69,0.58,16.27,0.59,23.0,0.01,0.02,2354.158026,1776315609000
1776315611.776,11.776,0.42,11.27,0.41,18.0,0.43,13.01,0.44,9.54,0.57,20.34,0.56,9.54,0.58,11.27,0.59,23.0,0.01,0.01,2354.18248,1776315610000
1776315615.949,15.949,0.4,24.0,0.39,31.0,0.42,25.0,0.43,8.01,0.57,13.01,0.56,9.54,0.58,11.27,0.59,18.0,0.02,0.01,2354.096461,1776315614000
1776315616.151,16.151,0.4,19.0,0.39,31.0,0.41,15.0,0.42,25.0,0.58,25.0,0.57,8.01,0.6,24.0,0.61,31.0,0.01,0.02,2354.075294,1776315615000
1776315616.502,16.502,0.39,24.0,0.38,18.0,0.41,45.0,0.42,96.0,0.59,15.0,0.58,25.0,0.6,19.0,0.61,31.0,0.02,0.01,2354.075294,1776315615000
1776315616.831,16.831,0.39,19.0,0.38,23.0,0.43,0.73,0.44,25.54,0.6,15.0,0.59,40.0,0.61,19.0,0.62,23.0,0.04,0.01,2354.075294,1776315615000
1776315617.076,17.076,0.39,19.0,0.38,36.0,0.4,7.5,0.41,20.0,0.57,0.73,0.56,25.54,0.61,19.0,0.62,23.0,0.01,0.04,2354.075294,1776315615000
1776315617.414,17.414,0.39,14.0,0.38,46.0,0.4,12.5,0.41,15.0,0.6,7.5,0.59,20.0,0.61,19.0,0.62,36.0,0.01,0.01,2354.075294,1776315615000
1776315618.44,18.44,0.38,16.51,0.37,41.0,0.4,17.5,0.41,10.0,0.6,12.5,0.59,15.0,0.61,14.0,0.62,46.0,0.02,0.01,2354.136145,1776315617000
1776315619.545,19.545,0.38,17.89,0.37,36.0,0.39,20.0,0.4,12.5,0.61,10.0,0.6,17.5,0.62,11.51,0.63,46.0,0.01,0.01,2354.136145,1776315617000
1776315621.151,21.151,0.37,5.0,0.36,112.89,0.47,89.71,0.48,115.0,0.61,20.0,0.6,12.5,0.62,17.89,0.63,36.0,0.1,0.01,2353.980517,1776315619000
1776315623.931,23.931,0.41,15.0,0.4,15.0,0.42,51.01,0.43,68.35,0.53,89.71,0.52,115.0,0.63,5.0,0.64,112.89,0.01,0.1,2353.92198,1776315622000
1776315624.298,24.298,0.41,6.0,0.4,15.0,0.42,56.01,0.43,68.35,0.58,51.01,0.57,68.35,0.59,15.0,0.6,15.0,0.01,0.01,2353.92198,1776315622000
1776315625.063,25.063,0.41,2.25,0.4,15.0,0.42,38.02,0.43,77.08,0.58,56.01,0.57,68.35,0.6,15.0,0.61,15.0,0.01,0.02,2353.96568,1776315623000
1776315626.264,26.264,0.4,12.25,0.39,15.0,0.42,25.02,0.43,77.08,0.58,38.02,0.57,77.08,0.59,2.25,0.6,15.0,0.02,0.01,2353.860767,1776315624000
1776315627.333,27.333,0.41,10.0,0.4,12.25,0.59,8.99,0.6,10.0,0.58,25.02,0.57,77.08,0.6,12.25,0.61,15.0,0.18,0.02,2353.922,1776315625000
1776315627.704,27.704,0.42,10.0,0.41,60.0,0.44,78.99,0.45,5.0,0.41,8.99,0.4,10.0,0.59,10.0,0.6,12.25,0.02,0.18,2353.927,1776315626000
1776315629.067,29.067,0.43,15.57,0.42,15.0,0.44,76.26,0.45,12.0,0.56,48.99,0.55,5.0,0.58,10.0,0.59,60.0,0.01,0.02,2353.927,1776315626000
1776315630.766,30.766,0.43,2.97,0.42,15.0,0.44,153.26,0.45,25.0,0.56,76.26,0.55,12.0,0.57,15.57,0.58,15.0,0.01,0.01,2353.919815,1776315628000
1776315633.251,33.251,0.43,12.38,0.42,15.0,0.44,105.99,0.45,25.0,0.56,153.26,0.55,25.0,0.57,2.97,0.58,15.0,0.01,0.01,2353.905115,1776315631000
1776315634.758,34.758,0.43,7.9,0.42,15.0,0.44,92.99,0.45,25.0,0.56,105.99,0.55,25.0,0.57,12.38,0.58,15.0,0.01,0.01,2353.99314,1776315633000
1776315636.286,36.286,0.43,12.91,0.42,14.14,0.44,134.26,0.45,30.0,0.56,97.99,0.55,25.0,0.58,14.14,0.59,65.0,0.01,0.02,2353.883251,1776315635000
1776315637.299,37.299,0.43,7.91,0.42,14.14,0.44,147.26,0.45,30.0,0.56,134.26,0.55,30.0,0.57,12.91,0.58,14.14,0.01,0.01,2353.883251,1776315635000
1776315637.773,37.773,0.48,4.03,0.47,10.0,0.49,158.99,0.5,22.0,0.46,9.55,0.45,10.0,0.58,15.0,0.59,35.0,0.01,0.12,2353.98547,1776315636000
1776315638.066,38.066,0.47,1.5,0.46,15.0,0.48,129.71,0.49,35.0,0.51,158.99,0.5,22.0,0.53,5.5,0.54,10.0,0.01,0.02,2353.98547,1776315636000
1776315638.757,38.757,0.45,15.0,0.44,15.0,0.48,179.71,0.49,98.82,0.52,139.71,0.51,35.0,0.54,10.95,0.55,15.0,0.03,0.02,2353.98307,1776315637000
1776315639.311,39.311,0.46,8.14,0.45,15.0,0.48,179.71,0.49,98.82,0.52,179.71,0.51,98.82,0.55,15.0,0.56,15.0,0.02,0.03,2353.98307,1776315637000
1776315643.482,43.482,0.43,24.47,0.42,15.0,0.46,180.72,0.47,40.0,0.52,174.71,0.51,98.82,0.57,42.14,0.58,15.0,0.03,0.05,2353.843683,1776315642000
1776315648.793,48.793,0.43,35.0,0.42,15.0,0.5,13.0,0.51,65.0,0.54,180.72,0.53,40.0,0.57,24.47,0.58,15.0,0.07,0.03,2353.758174,1776315646000
1776315649.338,49.338,0.41,13.37,0.4,5.0,0.42,70.0,0.43,10.0,0.5,13.0,0.49,65.0,0.57,35.0,0.58,15.0,0.01,0.07,2353.766357,1776315648000
1776315649.678,49.678,0.36,3.89,0.34,35.0,0.37,67.0,0.38,15.0,0.58,90.0,0.57,23.77,0.61,5.0,0.62,5.0,0.01,0.03,2353.766357,1776315648000
1776315650.282,50.282,0.3,35.0,0.29,45.0,0.32,10.0,0.33,67.46,0.63,97.0,0.62,15.0,0.66,28.89,0.67,5.0,0.02,0.03,2353.757365,1776315649000
1776315650.526,50.526,0.3,33.42,0.29,75.0,0.31,72.0,0.32,15.0,0.68,10.0,0.67,67.46,0.7,35.0,0.71,45.0,0.01,0.02,2353.757365,1776315649000
1776315650.966,50.966,0.3,38.63,0.29,15.0,0.31,77.0,0.32,15.0,0.69,72.0,0.68,15.0,0.7,33.42,0.71,75.0,0.01,0.01,2353.757365,1776315649000
1776315651.458,51.458,0.29,3.66,0.28,75.0,0.3,120.51,0.31,68.0,0.7,10.51,0.69,87.0,0.71,15.0,0.72,75.0,0.01,0.01,2353.757365,1776315649000
1776315651.908,51.908,0.28,10.0,0.27,75.0,0.3,130.51,0.31,68.0,0.7,120.51,0.69,68.0,0.71,3.66,0.72,75.0,0.02,0.01,2353.463822,1776315650000
1776315652.133,52.133,0.28,3.0,0.27,75.0,0.3,122.51,0.31,60.0,0.7,130.51,0.69,68.0,0.72,10.0,0.73,75.0,0.02,0.02,2353.330103,1776315651000
1776315653.577,53.577,0.27,13.0,0.26,146.0,0.3,122.51,0.31,50.0,0.7,122.51,0.69,60.0,0.72,3.0,0.73,75.0,0.03,0.02,2353.024865,1776315652000
1776315654.389,54.389,0.28,5.0,0.27,13.0,0.29,102.0,0.3,65.51,0.7,122.51,0.69,50.0,0.73,13.0,0.74,146.0,0.01,0.03,2352.998342,1776315653000
1776315655.079,55.079,0.28,10.0,0.27,13.0,0.29,60.65,0.3,91.22,0.71,62.44,0.7,65.51,0.72,5.0,0.73,13.0,0.01,0.01,2352.998342,1776315653000
1776315661.421,61.421,0.28,8.61,0.27,13.0,0.29,33.65,0.3,61.22,0.71,60.65,0.7,91.22,0.72,10.0,0.73,13.0,0.01,0.01,2352.938355,1776315659000
1776315662.446,62.446,0.28,8.61,0.27,13.0,0.29,93.82,0.3,61.22,0.71,28.65,0.7,61.22,0.73,13.0,0.74,182.49,0.01,0.02,2352.927601,1776315661000
1776315663.042,63.042,0.28,7.22,0.27,13.0,0.29,98.82,0.3,61.22,0.71,93.82,0.7,61.22,0.72,8.61,0.73,13.0,0.01,0.01,2352.927601,1776315661000
1776315663.938,63.938,0.27,11.35,0.26,168.49,0.29,183.32,0.3,61.22,0.71,98.82,0.7,61.22,0.72,7.22,0.73,13.0,0.02,0.01,2352.927601,1776315661000
1776315664.2,64.2,0.28,248.0,0.27,52.35,0.29,106.67,0.3,41.22,0.71,183.32,0.7,61.22,0.73,11.35,0.74,168.49,0.01,0.02,2352.934091,1776315663000
1776315664.448,64.448,0.34,26.48,0.33,56.54,0.35,10.0,0.38,15.0,0.65,10.0,0.64,5.0,0.67,23.54,0.68,31.52,0.01,0.02,2352.934091,1776315663000
1776315664.816,64.816,0.34,50.49,0.33,51.54,0.35,10.0,0.37,10.0,0.65,10.0,0.62,15.0,0.66,53.48,0.67,51.54,0.01,0.01,2352.934091,1776315663000
1776315668.967,68.967,0.34,35.91,0.33,51.54,0.35,185.14,0.36,10.0,0.65,4.85,0.64,10.0,0.66,45.49,0.67,51.54,0.01,0.01,2353.307,1776315667000
1776315670.595,70.595,0.34,47.91,0.33,113.49,0.35,47.15,0.39,10.0,0.65,185.14,0.64,10.0,0.66,35.91,0.67,51.54,0.01,0.01,2353.34102,1776315669000
1776315670.804,70.804,0.34,47.91,0.33,113.49,0.35,32.15,0.38,10.0,0.65,37.15,0.62,10.0,0.66,47.91,0.67,113.49,0.01,0.01,2353.34102,1776315669000
1776315672.852,72.852,0.34,175.91,0.33,47.51,0.35,74.84,0.41,10.0,0.65,32.15,0.62,10.0,0.66,47.91,0.67,113.49,0.01,0.01,2353.35185,1776315671000
1776315673.375,73.375,0.34,170.91,0.33,47.51,0.35,46.43,0.38,10.0,0.65,49.29,0.61,10.0,0.66,170.91,0.67,47.51,0.01,0.01,2353.35185,1776315671000
1776315673.843,73.843,0.38,66.85,0.37,27.0,0.4,10.0,0.41,60.0,0.61,10.0,0.6,10.0,0.66,175.91,0.67,47.51,0.02,0.05,2353.43766,1776315672000
1776315674.146,74.146,0.39,49.72,0.38,66.85,0.4,10.0,0.41,60.0,0.6,10.0,0.59,60.0,0.61,54.72,0.62,66.85,0.01,0.01,2353.43766,1776315673000
1776315674.901,74.901,0.42,75.03,0.41,27.0,0.43,10.0,0.44,15.0,0.6,10.0,0.59,60.0,0.61,49.72,0.62,66.85,0.01,0.01,2353.43766,1776315673000
1776315675.14,75.14,0.42,76.0,0.41,27.0,0.43,2.0,0.44,15.0,0.57,5.0,0.56,15.0,0.58,69.0,0.59,27.0,0.01,0.01,2353.43766,1776315673000
1776315676.799,76.799,0.42,63.0,0.41,27.0,0.43,5.0,0.44,15.0,0.57,2.0,0.56,15.0,0.58,76.0,0.59,27.0,0.01,0.01,2353.55658,1776315675000
1776315677.625,77.625,0.46,15.0,0.45,61.0,0.47,9.49,0.48,10.0,0.57,5.0,0.56,15.0,0.58,63.0,0.59,27.0,0.01,0.01,2353.67656,1776315676000
1776315681.146,81.146,0.46,72.0,0.45,51.0,0.47,4.49,0.48,15.0,0.53,9.49,0.52,10.0,0.54,15.0,0.55,61.0,0.01,0.01,2353.94181,1776315679000
1776315683.169,83.169,0.46,60.0,0.45,46.0,0.47,67.36,0.48,15.0,0.53,2.36,0.52,15.0,0.54,77.0,0.55,51.0,0.01,0.01,2353.960498,1776315681000
1776315684.906,84.906,0.39,2.38,0.38,65.0,0.4,90.0,0.41,25.0,0.53,62.36,0.52,15.0,0.54,55.0,0.55,46.0,0.01,0.01,2353.93634,1776315683000
1776315689.051,89.051,0.41,20.0,0.4,15.0,0.49,19.0,0.56,13.89,0.6,90.0,0.59,25.0,0.61,2.38,0.62,65.0,0.08,0.01,2353.78578,1776315686000
1776315689.591,89.591,0.66,11.49,0.65,15.0,0.67,98.12,0.68,27.5,0.33,6.47,0.32,16.5,0.4,30.0,0.41,10.0,0.01,0.07,2353.78578,1776315686000
1776315689.812,89.812,0.64,2.18,0.63,10.0,0.67,7.16,0.68,11.0,0.33,7.16,0.32,27.5,0.34,16.49,0.35,15.0,0.03,0.01,2353.78578,1776315686000
1776315690.087,90.087,0.68,15.0,0.67,15.0,0.69,102.96,0.7,17.1,0.31,7.96,0.3,17.1,0.36,2.18,0.37,10.0,0.01,0.05,2353.78578,1776315686000
1776315690.485,90.485,0.68,5.02,0.67,22.0,0.69,122.96,0.7,17.1,0.31,102.96,0.3,17.1,0.32,4.21,0.33,15.0,0.01,0.01,2353.78578,1776315686000
1776315690.71,90.71,0.67,13.83,0.66,17.0,0.69,127.96,0.7,17.1,0.31,122.96,0.3,17.1,0.32,0.02,0.33,22.0,0.02,0.01,2353.78578,1776315686000
1776315691.015,91.015,0.68,7.69,0.67,13.83,0.69,117.96,0.7,17.1,0.31,127.96,0.3,17.1,0.33,13.83,0.34,17.0,0.01,0.02,2353.78578,1776315686000
1776315692.128,92.128,0.68,6.48,0.67,13.83,0.69,143.96,0.7,28.1,0.31,117.96,0.3,17.1,0.32,7.69,0.33,13.83,0.01,0.01,2353.78578,1776315686000
1776315692.347,92.347,0.67,9.84,0.66,17.0,0.69,158.28,0.7,43.1,0.31,143.28,0.3,27.1,0.32,6.48,0.33,10.0,0.02,0.01,2353.78578,1776315686000
1776315692.775,92.775,0.59,1.11,0.58,46.51,0.64,135.0,0.65,15.0,0.31,158.28,0.3,43.1,0.33,9.84,0.34,17.0,0.05,0.02,2353.78578,1776315686000
1776315693.262,93.262,0.58,40.0,0.57,15.0,0.6,105.0,0.61,15.0,0.36,135.0,0.35,15.0,0.41,1.11,0.42,46.51,0.02,0.05,2353.78578,1776315686000
1776315693.726,93.726,0.58,10.0,0.57,15.0,0.59,74.19,0.6,55.0,0.4,85.0,0.39,15.0,0.42,39.38,0.43,15.0,0.01,0.02,2353.78578,1776315686000
1776315694.456,94.456,0.58,0.68,0.57,20.0,0.59,74.19,0.6,55.0,0.41,74.19,0.4,55.0,0.42,10.0,0.43,15.0,0.01,0.01,2353.78578,1776315686000
1776315694.779,94.779,0.58,7.68,0.57,20.0,0.59,23.71,0.6,15.0,0.41,77.49,0.4,45.0,0.42,0.68,0.43,20.0,0.01,0.01,2353.78578,1776315686000
1776315695.26,95.26,0.58,17.0,0.57,20.0,0.59,21.84,0.6,25.0,0.41,23.71,0.4,15.0,0.42,7.68,0.43,20.0,0.01,0.01,2353.78578,1776315686000
1776315695.957,95.957,0.58,17.0,0.57,20.0,0.59,11.47,0.6,15.0,0.41,18.51,0.4,25.0,0.42,17.0,0.43,20.0,0.01,0.01,2354.993617,1776315694000
1776315696.505,96.505,0.58,22.0,0.57,20.0,0.59,2.54,0.6,15.0,0.41,11.47,0.4,15.0,0.42,17.0,0.43,20.0,0.01,0.01,2354.992517,1776315695000
1776315697.917,97.917,0.59,23.0,0.58,15.0,0.64,11.0,0.65,16.0,0.41,2.54,0.4,15.0,0.42,22.0,0.43,20.0,0.05,0.01,2355.052709,1776315696000
1776315698.211,98.211,0.64,49.85,0.63,16.0,0.65,60.0,0.68,16.5,0.35,16.0,0.34,6.0,0.39,5.0,0.4,5.0,0.01,0.04,2354.953725,1776315697000
1776315698.668,98.668,0.68,5.0,0.67,15.0,0.69,19.55,0.7,63.1,0.31,19.55,0.3,63.1,0.32,10.0,0.33,10.0,0.01,0.01,2354.953725,1776315697000
1776315699.236,99.236,0.68,4.34,0.67,15.0,0.69,19.55,0.7,63.1,0.31,19.55,0.3,63.1,0.32,5.0,0.33,15.0,0.01,0.01,2354.953725,1776315697000
1776315699.916,99.916,0.67,14.2,0.66,10.0,0.69,124.55,0.7,73.1,0.31,19.55,0.3,63.1,0.32,4.34,0.33,15.0,0.02,0.01,2355.003123,1776315698000
1776315700.279,100.279,0.67,6.0,0.65,6.0,0.68,129.38,0.69,65.55,0.31,124.55,0.3,73.1,0.33,14.2,0.34,10.0,0.01,0.02,2355.003123,1776315698000
1776315700.927,100.927,0.64,25.0,0.63,5.0,0.65,109.8,0.66,32.0,0.32,129.38,0.31,65.55,0.33,6.0,0.35,6.0,0.01,0.01,2355.269532,1776315699000
1776315701.378,101.378,0.59,10.0,0.58,10.0,0.65,198.8,0.66,82.0,0.35,109.8,0.34,32.0,0.36,25.0,0.37,5.0,0.06,0.01,2355.269532,1776315700000
1776315701.607,101.607,0.57,4.09,0.56,10.0,0.58,10.0,0.59,10.0,0.35,198.8,0.34,82.0,0.43,14.09,0.44,10.0,0.01,0.08,2355.269532,1776315700000
1776315702.252,102.252,0.57,17.0,0.56,15.0,0.6,10.0,0.61,10.0,0.42,10.0,0.41,10.0,0.43,4.09,0.44,10.0,0.03,0.01,2355.285143,1776315701000
1776315702.766,102.766,0.59,15.0,0.56,10.0,0.6,98.33,0.61,10.0,0.4,10.0,0.39,10.0,0.43,17.0,0.44,15.0,0.01,0.03,2355.285143,1776315701000
1776315703.765,103.765,0.54,10.0,0.53,10.0,0.6,67.0,0.61,37.0,0.4,98.33,0.39,10.0,0.41,15.0,0.44,10.0,0.06,0.01,2355.055294,1776315702000
1776315704.225,104.225,0.55,14.84,0.54,15.0,0.56,10.0,0.58,10.0,0.4,67.0,0.39,37.0,0.46,10.0,0.47,10.0,0.01,0.06,2355.055294,1776315702000
1776315705.619,105.619,0.6,20.0,0.59,15.0,0.61,47.19,0.62,21.0,0.44,10.0,0.42,10.0,0.45,14.84,0.46,15.0,0.01,0.01,2354.779108,1776315704000
1776315706.869,106.869,0.67,20.0,0.66,20.0,0.68,3.7,0.69,16.8,0.39,47.19,0.38,21.0,0.4,20.0,0.41,15.0,0.01,0.01,2354.779514,1776315705000
1776315707.684,107.684,0.67,20.15,0.66,20.0,0.68,124.44,0.69,156.8,0.32,3.7,0.31,16.8,0.33,15.15,0.34,20.0,0.01,0.01,2354.768,1776315706000
1776315708.5,108.5,0.67,14.54,0.66,20.0,0.68,41.12,0.69,36.0,0.32,124.44,0.31,156.8,0.33,20.15,0.34,20.0,0.01,0.01,2354.970941,1776315707000
1776315709.336,109.336,0.67,9.54,0.66,20.0,0.68,41.12,0.69,36.0,0.32,36.12,0.31,36.0,0.33,9.54,0.34,20.0,0.01,0.01,2354.970941,1776315707000
1776315710.113,110.113,0.67,14.54,0.66,20.0,0.68,24.0,0.69,25.0,0.32,41.12,0.31,36.0,0.33,9.54,0.34,20.0,0.01,0.01,2355.167076,1776315709000
1776315710.443,110.443,0.75,10.0,0.74,17.0,0.76,44.7,0.77,25.3,0.3,8.15,0.29,25.0,0.33,14.54,0.34,70.0,0.01,0.03,2355.167076,1776315709000
1776315710.997,110.997,0.75,5.6,0.74,23.0,0.76,54.7,0.77,25.3,0.24,44.7,0.23,25.3,0.25,15.6,0.26,23.0,0.01,0.01,2355.274696,1776315710000
1776315711.393,111.393,0.75,11.6,0.74,28.0,0.76,10.0,0.78,21.0,0.24,54.7,0.23,25.3,0.25,5.6,0.26,23.0,0.01,0.01,2355.274696,1776315710000
1776315711.667,111.667,0.77,22.0,0.76,22.0,0.78,12.17,0.79,21.7,0.22,17.17,0.21,21.7,0.23,10.0,0.24,10.0,0.01,0.01,2355.274696,1776315710000
1776315711.891,111.891,0.78,17.0,0.77,22.0,0.79,6.68,0.8,37.5,0.21,19.85,0.2,37.5,0.23,27.0,0.24,22.0,0.01,0.02,2355.277985,1776315711000
1776315712.436,112.436,0.79,19.57,0.78,22.0,0.8,37.5,0.81,108.4,0.21,6.68,0.2,37.5,0.22,17.0,0.23,22.0,0.01,0.01,2355.277985,1776315711000
1776315712.759,112.759,0.78,22.0,0.77,22.0,0.8,42.5,0.81,103.4,0.2,37.5,0.19,108.4,0.21,19.57,0.22,22.0,0.02,0.01,2355.277985,1776315711000
1776315713.04,113.04,0.79,5.0,0.78,22.0,0.8,58.5,0.81,108.4,0.2,58.5,0.19,108.4,0.21,13.38,0.22,22.0,0.01,0.01,2355.62113,1776315712000
1776315713.301,113.301,0.79,5.23,0.78,22.0,0.8,30.26,0.81,53.4,0.2,58.5,0.19,108.4,0.21,5.0,0.22,22.0,0.01,0.01,2355.62113,1776315712000
1776315715.043,115.043,0.77,22.0,0.76,15.0,0.8,46.94,0.81,57.4,0.2,42.94,0.19,46.4,0.21,0.23,0.22,22.0,0.03,0.01,2355.893485,1776315714000
1776315715.943,115.943,0.79,20.0,0.78,15.0,0.8,49.69,0.81,61.4,0.2,46.94,0.19,57.4,0.23,22.0,0.24,15.0,0.01,0.03,2355.893485,1776315714000
1776315716.848,116.848,0.79,18.39,0.78,15.0,0.8,44.69,0.81,56.4,0.2,49.69,0.19,61.4,0.21,20.0,0.22,15.0,0.01,0.01,2355.9295,1776315715000
1776315717.13,117.13,0.79,18.39,0.78,15.0,0.8,39.69,0.81,56.4,0.2,44.69,0.19,56.4,0.21,18.39,0.22,15.0,0.01,0.01,2355.94476,1776315716000
1776315717.568,117.568,0.8,20.0,0.79,13.39,0.81,55.16,0.82,53.4,0.2,3.49,0.19,56.4,0.21,18.39,0.22,15.0,0.01,0.01,2355.94476,1776315716000
1776315718.122,118.122,0.8,15.0,0.79,13.39,0.81,73.16,0.82,53.4,0.19,55.16,0.18,53.4,0.2,20.0,0.21,13.39,0.01,0.01,2355.944858,1776315717000
1776315718.828,118.828,0.79,3.62,0.78,20.0,0.81,78.16,0.82,53.4,0.19,73.16,0.18,53.4,0.2,15.0,0.21,13.39,0.02,0.01,2355.944858,1776315717000
1776315720.277,120.277,0.8,28.0,0.79,8.62,0.81,15.0,0.82,34.0,0.19,78.16,0.18,53.4,0.21,3.62,0.22,20.0,0.01,0.02,2356.029801,1776315719000
1776315720.895,120.895,0.82,20.0,0.81,20.0,0.83,32.22,0.84,53.8,0.19,4.76,0.18,34.0,0.2,28.0,0.21,8.62,0.01,0.01,2356.029801,1776315719000
1776315721.3,121.3,0.82,56.93,0.81,20.0,0.83,13.0,0.84,53.8,0.17,29.55,0.16,53.8,0.18,17.66,0.19,20.0,0.01,0.01,2355.98,1776315720000
1776315722.412,122.412,0.82,23.93,0.81,20.0,0.84,85.8,0.85,56.2,0.17,8.0,0.16,53.8,0.18,85.93,0.19,20.0,0.02,0.01,2355.98634,1776315721000
1776315723.249,123.249,0.82,10.93,0.81,15.0,0.83,103.0,0.84,67.8,0.16,85.8,0.15,56.2,0.18,23.93,0.19,20.0,0.01,0.02,2355.98634,1776315721000
1776315723.452,123.452,0.82,5.37,0.81,15.0,0.83,82.41,0.84,77.8,0.17,77.41,0.16,77.8,0.18,10.93,0.19,15.0,0.01,0.01,2355.98634,1776315721000
1776315723.848,123.848,0.81,9.73,0.8,23.0,0.82,64.0,0.83,61.5,0.17,102.91,0.16,77.8,0.19,15.0,0.2,23.0,0.01,0.02,2355.98634,1776315721000
1776315726.384,126.384,0.76,15.0,0.75,15.0,0.79,78.0,0.8,33.0,0.18,64.0,0.17,61.5,0.19,9.73,0.2,23.0,0.03,0.01,2356.15585,1776315725000
1776315726.804,126.804,0.77,1.13,0.76,15.0,0.78,50.0,0.79,63.0,0.22,10.0,0.21,73.0,0.23,1.13,0.24,15.0,0.01,0.01,2356.15585,1776315725000
1776315727.62,127.62,0.75,7.0,0.74,15.0,0.76,20.0,0.77,24.0,0.22,50.0,0.21,63.0,0.23,1.13,0.24,15.0,0.01,0.01,2356.156597,1776315726000
1776315730.127,130.127,0.75,7.0,0.74,15.0,0.76,14.45,0.77,15.0,0.24,20.0,0.23,24.0,0.25,7.0,0.26,15.0,0.01,0.01,2355.910963,1776315728000
1776315731.957,131.957,0.76,10.83,0.75,12.0,0.77,10.0,0.78,5.0,0.24,14.45,0.23,15.0,0.25,7.0,0.26,15.0,0.01,0.01,2355.862622,1776315730000
1776315732.171,132.171,0.76,10.83,0.75,12.0,0.81,137.92,0.82,95.4,0.23,10.0,0.22,5.0,0.24,10.83,0.25,12.0,0.05,0.01,2355.862622,1776315730000
1776315733.222,133.222,0.73,15.0,0.72,15.0,0.76,3.43,0.77,10.0,0.19,137.92,0.18,95.4,0.24,10.83,0.25,12.0,0.03,0.05,2355.799975,1776315732000
1776315733.72,133.72,0.73,15.0,0.72,15.0,0.74,1.74,0.75,7.0,0.24,3.43,0.23,10.0,0.27,15.0,0.28,15.0,0.01,0.03,2355.799975,1776315732000
1776315734.942,134.942,0.77,25.0,0.76,15.0,0.78,26.14,0.79,5.0,0.26,1.74,0.25,7.0,0.27,15.0,0.28,15.0,0.01,0.01,2355.901791,1776315733000
1776315735.814,135.814,0.77,20.0,0.76,15.0,0.78,24.85,0.79,5.0,0.22,26.14,0.21,5.0,0.23,25.0,0.24,15.0,0.01,0.01,2355.738762,1776315734000
1776315737.968,137.968,0.77,15.65,0.76,15.0,0.78,24.85,0.8,5.0,0.22,24.85,0.21,5.0,0.23,20.0,0.24,15.0,0.01,0.01,2355.745258,1776315736000
1776315739.945,139.945,0.77,20.65,0.76,15.0,0.78,3.45,0.8,5.0,0.22,23.45,0.2,5.0,0.23,15.65,0.24,15.0,0.01,0.01,2355.717855,1776315738000
1776315744.878,144.878,0.79,25.0,0.78,15.0,0.8,24.0,0.81,34.52,0.22,3.45,0.2,5.0,0.23,20.65,0.24,15.0,0.01,0.01,2355.716235,1776315743000
1776315745.719,145.719,0.79,25.0,0.78,15.0,0.8,19.0,0.81,23.52,0.2,24.0,0.19,34.52,0.21,25.0,0.22,15.0,0.01,0.01,2355.712008,1776315744000
1776315746.516,146.516,0.79,25.0,0.78,15.0,0.8,31.25,0.81,23.52,0.2,19.0,0.19,23.52,0.21,25.0,0.22,15.0,0.01,0.01,2355.716483,1776315745000
1776315747.176,147.176,0.79,16.66,0.78,15.0,0.8,26.25,0.81,23.52,0.2,31.25,0.19,23.52,0.21,25.0,0.22,15.0,0.01,0.01,2355.716483,1776315745000
1776315748.152,148.152,0.77,15.0,0.76,15.0,0.79,49.0,0.8,42.25,0.2,21.25,0.19,23.52,0.21,11.66,0.22,15.0,0.02,0.01,2355.756277,1776315747000
1776315750.521,150.521,0.77,39.0,0.76,15.0,0.78,2.0,0.8,22.25,0.21,49.0,0.2,42.25,0.23,15.0,0.24,15.0,0.01,0.02,2355.741829,1776315749000
1776315753.319,153.319,0.77,39.0,0.76,24.0,0.78,0.6,0.8,17.25,0.22,2.0,0.2,22.25,0.23,39.0,0.24,15.0,0.01,0.01,2355.733985,1776315751000
1776315756.401,156.401,0.77,36.0,0.76,24.0,0.78,15.6,0.79,5.0,0.22,0.6,0.2,17.25,0.23,39.0,0.24,24.0,0.01,0.01,2355.741111,1776315755000
1776315758.112,158.112,0.7,30.0,0.67,14.0,0.72,26.0,0.73,22.0,0.22,10.6,0.21,5.0,0.23,11.0,0.24,24.0,0.02,0.01,2355.820752,1776315756000
1776315758.588,158.588,0.63,7.0,0.62,45.0,0.66,11.0,0.67,46.0,0.32,6.0,0.31,10.0,0.34,5.0,0.35,5.0,0.03,0.02,2355.734736,1776315757000
1776315758.865,158.865,0.65,22.0,0.64,10.0,0.67,36.0,0.68,6.0,0.34,11.0,0.33,46.0,0.37,7.0,0.38,45.0,0.02,0.03,2355.734736,1776315757000
1776315759.325,159.325,0.64,5.0,0.63,7.0,0.67,41.0,0.68,6.0,0.33,36.0,0.32,6.0,0.35,22.0,0.36,10.0,0.03,0.02,2355.734334,1776315758000
1776315759.553,159.553,0.66,5.0,0.65,15.0,0.67,56.5,0.68,6.0,0.33,41.0,0.32,6.0,0.36,5.0,0.37,7.0,0.01,0.03,2355.734334,1776315758000
1776315760.43,160.43,0.66,3.08,0.65,15.0,0.67,49.5,0.68,11.0,0.33,56.5,0.32,6.0,0.34,5.0,0.35,15.0,0.01,0.01,2355.694525,1776315759000
1776315761.737,161.737,0.65,13.42,0.64,10.0,0.67,23.5,0.7,5.0,0.33,49.5,0.32,11.0,0.34,3.08,0.35,15.0,0.02,0.01,2355.314932,1776315760000
1776315761.998,161.998,0.66,158.0,0.65,32.42,0.67,2.5,0.71,5.0,0.33,23.5,0.3,5.0,0.35,13.42,0.36,10.0,0.01,0.02,2355.285105,1776315761000
1776315762.229,162.229,0.71,9.62,0.7,45.0,0.72,3.34,0.73,5.0,0.28,3.34,0.27,5.0,0.3,32.0,0.31,20.0,0.01,0.02,2355.285105,1776315761000
1776315762.527,162.527,0.71,14.62,0.7,45.0,0.72,1.95,0.73,5.0,0.28,3.34,0.27,5.0,0.29,9.62,0.3,45.0,0.01,0.01,2355.285105,1776315761000
1776315764.231,164.231,0.69,20.0,0.68,24.0,0.71,20.0,0.72,11.95,0.28,1.95,0.27,5.0,0.29,14.62,0.3,45.0,0.02,0.01,2355.275953,1776315763000
1776315766.891,166.891,0.63,8.4,0.62,35.0,0.65,21.0,0.66,21.0,0.29,20.0,0.28,11.95,0.31,20.0,0.32,24.0,0.02,0.02,2355.389145,1776315765000
1776315769.504,169.504,0.56,77.9,0.55,20.0,0.57,10.0,0.58,22.0,0.35,21.0,0.34,21.0,0.37,8.4,0.38,35.0,0.01,0.02,2355.144778,1776315768000
1776315769.868,169.868,0.56,91.69,0.55,25.0,0.57,7.0,0.58,17.0,0.43,10.0,0.42,22.0,0.44,77.9,0.45,20.0,0.01,0.01,2355.144778,1776315768000
1776315770.374,170.374,0.56,86.69,0.55,20.0,0.57,8.0,0.58,10.0,0.41,17.0,0.4,10.0,0.44,91.69,0.45,25.0,0.01,0.03,2355.123856,1776315769000
1776315770.66,170.66,0.56,86.69,0.55,20.0,0.57,1.15,0.58,10.0,0.43,6.24,0.42,10.0,0.44,86.69,0.45,20.0,0.01,0.01,2355.123856,1776315769000
1776315772.836,172.836,0.68,9.68,0.67,15.0,0.69,15.0,0.7,15.0,0.43,1.15,0.42,10.0,0.44,86.69,0.45,20.0,0.01,0.01,2355.023137,1776315771000
1776315774.254,174.254,0.67,6.0,0.66,10.0,0.68,15.0,0.69,15.0,0.31,15.0,0.3,15.0,0.32,9.68,0.33,15.0,0.01,0.01,2355.038287,1776315773000
1776315774.551,174.551,0.67,16.0,0.66,15.0,0.68,4.22,0.69,10.0,0.32,15.0,0.31,15.0,0.33,6.0,0.34,10.0,0.01,0.01,2355.038287,1776315773000
1776315774.766,174.766,0.71,6.0,0.7,16.0,0.75,2.67,0.76,5.0,0.32,4.22,0.31,10.0,0.33,16.0,0.34,15.0,0.04,0.01,2355.038287,1776315773000
1776315775.602,175.602,0.77,15.0,0.76,15.0,0.79,15.0,0.8,22.25,0.25,2.67,0.24,5.0,0.29,6.0,0.3,16.0,0.02,0.04,2355.09691,1776315774000
1776315776.685,176.685,0.78,15.0,0.77,15.0,0.79,31.0,0.8,47.25,0.21,15.0,0.2,22.25,0.23,15.0,0.24,15.0,0.01,0.02,2355.137675,1776315775000
1776315777.148,177.148,0.78,23.0,0.77,23.0,0.8,31.25,0.81,20.0,0.21,31.0,0.2,47.25,0.22,15.0,0.23,15.0,0.02,0.01,2355.248675,1776315776000
1776315778.348,178.348,0.78,54.36,0.77,28.0,0.79,15.0,0.8,22.25,0.2,31.25,0.19,20.0,0.22,23.0,0.23,23.0,0.01,0.02,2355.383807,1776315777000
1776315780.029,180.029,0.79,15.0,0.78,60.61,0.85,2.26,0.86,5.0,0.21,15.0,0.2,22.25,0.22,52.61,0.23,28.0,0.06,0.01,2355.597098,1776315778000
1776315780.786,180.786,0.8,8.0,0.79,5.0,0.85,21.08,0.86,5.0,0.15,2.26,0.14,5.0,0.21,15.0,0.22,60.61,0.05,0.06,2355.524708,1776315779000
1776315781.664,181.664,0.83,7.86,0.82,5.0,0.84,10.0,0.85,11.08,0.15,21.08,0.14,15.0,0.2,1.0,0.21,5.0,0.01,0.05,2355.524708,1776315779000
1776315781.937,181.937,0.83,12.86,0.82,5.0,0.84,5.0,0.85,11.08,0.16,10.0,0.15,11.08,0.17,7.86,0.18,5.0,0.01,0.01,2355.603163,1776315780000
1776315782.18,182.18,0.83,2.7,0.82,5.0,0.84,10.0,0.85,11.08,0.16,5.0,0.15,11.08,0.17,12.86,0.18,5.0,0.01,0.01,2355.603163,1776315780000
1776315782.904,182.904,0.83,2.7,0.82,5.0,0.84,8.8,0.85,41.0,0.16,10.0,0.15,11.08,0.17,2.7,0.18,5.0,0.01,0.01,2355.603163,1776315781000
1776315784.391,184.391,0.83,25.7,0.82,23.0,0.84,24.0,0.85,41.0,0.16,2.8,0.15,41.0,0.17,2.7,0.18,5.0,0.01,0.01,2355.598488,1776315783000
1776315785.343,185.343,0.83,12.7,0.82,23.0,0.84,36.0,0.85,41.0,0.16,24.0,0.15,41.0,0.17,25.7,0.18,23.0,0.01,0.01,2355.742647,1776315784000
1776315785.797,185.797,0.83,6.81,0.82,23.0,0.84,11.0,0.85,41.0,0.16,36.0,0.15,41.0,0.17,12.7,0.18,23.0,0.01,0.01,2355.742647,1776315784000
1776315786.129,186.129,0.82,21.48,0.81,15.0,0.84,14.0,0.85,41.0,0.16,11.0,0.15,41.0,0.17,6.81,0.18,23.0,0.02,0.01,2355.742647,1776315784000
1776315786.794,186.794,0.86,5.0,0.84,15.0,0.87,36.8,0.88,100.0,0.16,14.0,0.15,41.0,0.18,21.48,0.19,15.0,0.01,0.02,2355.748352,1776315785000
1776315787.287,187.287,0.86,90.0,0.85,10.0,0.88,100.0,0.92,48.9,0.13,36.8,0.12,100.0,0.14,5.0,0.16,15.0,0.02,0.01,2355.748352,1776315786000
1776315787.557,187.557,0.86,88.51,0.85,40.0,0.88,106.0,0.92,48.9,0.12,106.0,0.08,48.9,0.14,90.0,0.15,40.0,0.02,0.02,2355.748352,1776315786000
1776315787.916,187.916,0.87,10.0,0.86,75.51,0.88,99.25,0.92,48.9,0.12,106.0,0.08,48.9,0.14,88.51,0.15,40.0,0.01,0.02,2355.748352,1776315786000
1776315789.507,189.507,0.83,10.0,0.82,10.0,0.85,10.0,0.86,10.0,0.08,48.9,0.07,65.3,0.13,15.0,0.14,75.51,0.02,0.05,2356.109971,1776315788000
1776315789.79,189.79,0.83,5.0,0.81,16.89,0.84,5.42,0.85,24.82,0.15,4.82,0.14,10.0,0.19,16.89,0.2,11.0,0.01,0.04,2356.109971,1776315788000
1776315790.376,190.376,0.84,10.0,0.83,10.0,0.86,10.0,0.87,10.0,0.16,4.61,0.15,9.82,0.17,10.0,0.18,10.0,0.02,0.01,2356.109971,1776315788000
1776315791.06,191.06,0.86,15.0,0.85,10.0,0.87,4.0,0.88,10.0,0.14,10.0,0.13,10.0,0.16,10.0,0.17,10.0,0.01,0.02,2356.229804,1776315790000
1776315791.934,191.934,0.86,10.0,0.85,10.0,0.87,16.0,0.88,56.1,0.13,4.0,0.12,10.0,0.14,15.0,0.15,10.0,0.01,0.01,2356.229804,1776315790000
1776315792.835,192.835,0.86,15.0,0.85,18.0,0.87,13.7,0.88,22.0,0.13,16.0,0.12,56.1,0.14,10.0,0.15,10.0,0.01,0.01,2356.002112,1776315791000
1776315793.993,193.993,0.86,20.85,0.85,18.0,0.89,5.0,0.91,102.0,0.13,13.7,0.12,22.0,0.14,15.0,0.15,18.0,0.03,0.01,2356.022981,1776315792000
1776315794.464,194.464,0.87,34.0,0.86,40.85,0.88,6.11,0.9,14.0,0.11,5.0,0.09,102.0,0.14,20.85,0.15,18.0,0.01,0.03,2356.037594,1776315793000
1776315795.506,195.506,0.87,28.3,0.86,40.85,0.91,5.0,0.92,58.9,0.12,6.11,0.09,5.0,0.13,28.3,0.14,40.85,0.04,0.01,2356.006519,1776315794000
1776315796.771,196.771,0.89,60.0,0.88,35.0,0.9,14.0,0.92,68.9,0.09,5.0,0.08,58.9,0.13,28.3,0.14,40.85,0.01,0.04,2356.211144,1776315795000
1776315797.388,197.388,0.89,80.0,0.88,35.0,0.9,3.44,0.92,68.9,0.1,14.0,0.08,68.9,0.11,60.0,0.12,35.0,0.01,0.01,2356.20375,1776315796000
1776315798.278,198.278,0.89,75.0,0.88,35.0,0.92,67.34,0.93,65.3,0.1,3.44,0.08,68.9,0.11,80.0,0.12,35.0,0.03,0.01,2356.203825,1776315797000
1776315798.976,198.976,0.9,7.2,0.89,28.0,0.91,10.0,0.92,85.34,0.08,67.34,0.07,65.3,0.11,75.0,0.12,35.0,0.01,0.03,2356.203825,1776315797000
1776315802.762,202.762,0.89,5.0,0.88,5.0,0.9,4.9,0.91,15.0,0.09,10.0,0.08,85.34,0.1,7.2,0.11,28.0,0.01,0.01,2356.339825,1776315801000
1776315804.631,204.631,0.88,42.05,0.87,33.0,0.89,5.0,0.9,14.0,0.1,18.9,0.09,10.0,0.12,6.72,0.13,11.0,0.01,0.02,2356.239445,1776315803000
1776315805.455,205.455,0.88,97.05,0.87,33.0,0.89,5.0,0.9,14.0,0.11,5.0,0.1,14.0,0.12,42.05,0.13,33.0,0.01,0.01,2356.193505,1776315804000
1776315807.536,207.536,0.89,89.0,0.88,70.33,0.9,0.09,0.91,5.0,0.11,5.0,0.1,14.0,0.12,97.05,0.13,33.0,0.01,0.01,2356.267976,1776315806000
1776315809.824,209.824,0.89,42.9,0.88,45.33,0.9,0.09,0.91,5.0,0.1,0.09,0.09,5.0,0.11,89.0,0.12,70.33,0.01,0.01,2356.210025,1776315808000
1776315810.509,210.509,0.89,88.9,0.88,15.33,0.91,0.25,0.92,10.0,0.1,0.09,0.09,5.0,0.11,42.9,0.12,45.33,0.02,0.01,2356.226545,1776315809000
1776315812.167,212.167,0.9,15.0,0.89,33.9,0.91,23.72,0.92,10.0,0.09,0.25,0.08,10.0,0.11,88.9,0.12,15.33,0.01,0.02,2356.22163,1776315811000
1776315813.202,213.202,0.89,29.9,0.88,62.0,0.92,10.0,0.93,53.0,0.1,9.0,0.09,28.72,0.11,5.0,0.12,22.0,0.03,0.01,2356.323842,1776315812000
1776315813.413,213.413,0.9,32.0,0.89,22.9,0.92,1.33,0.93,48.0,0.08,10.0,0.07,53.0,0.11,29.9,0.12,62.0,0.02,0.03,2356.323842,1776315812000
1776315813.671,213.671,0.91,25.0,0.9,32.0,0.92,8.91,0.93,26.0,0.07,38.93,0.06,155.8,0.09,5.0,0.1,32.0,0.01,0.02,2356.323842,1776315812000
1776315814.195,214.195,0.93,15.0,0.92,20.0,0.95,199.46,0.96,133.8,0.06,86.66,0.05,199.8,0.09,37.0,0.1,62.0,0.02,0.03,2356.21357,1776315813000
1776315815.063,215.063,0.93,15.0,0.92,20.0,0.94,63.0,0.95,197.46,0.05,199.46,0.04,133.8,0.07,15.0,0.08,20.0,0.01,0.02,2356.21357,1776315813000
1776315816.117,216.117,0.92,22.5,0.91,187.0,0.94,5.0,0.95,197.46,0.06,58.74,0.05,197.46,0.07,15.0,0.08,20.0,0.02,0.01,2356.24015,1776315814000
1776315816.397,216.397,0.91,73.66,0.9,20.0,0.95,177.46,0.96,133.8,0.05,177.46,0.04,133.8,0.07,5.0,0.08,22.5,0.04,0.02,2356.37425,1776315815000
1776315817.274,217.274,0.92,35.0,0.91,70.0,0.93,130.0,0.94,110.0,0.05,177.46,0.04,133.8,0.09,73.66,0.1,20.0,0.01,0.04,2356.37425,1776315815000
1776315819.777,219.777,0.92,58.0,0.91,77.0,0.93,27.0,0.94,10.0,0.07,130.0,0.06,110.0,0.08,35.0,0.09,70.0,0.01,0.01,2356.468372,1776315818000
1776315821.328,221.328,0.93,15.0,0.92,17.0,0.94,10.0,0.95,114.46,0.07,27.0,0.06,10.0,0.08,58.0,0.09,77.0,0.01,0.01,2356.410619,1776315820000
1776315822.883,222.883,0.93,17.0,0.92,22.0,0.94,4.69,0.95,135.66,0.06,10.0,0.05,114.46,0.07,15.0,0.08,17.0,0.01,0.01,2356.414413,1776315821000
1776315823.992,223.992,0.93,32.0,0.92,47.0,0.95,7.91,0.96,355.8,0.05,130.35,0.04,355.8,0.07,27.0,0.08,22.0,0.02,0.02,2356.406668,1776315822000
1776315824.422,224.422,0.93,22.49,0.92,40.0,0.95,7.91,0.96,355.8,0.05,7.91,0.04,355.8,0.07,32.0,0.08,47.0,0.02,0.02,2356.381986,1776315823000
1776315825.178,225.178,0.94,5.0,0.93,22.49,0.95,3.76,0.96,355.8,0.05,7.91,0.04,355.8,0.07,22.49,0.08,40.0,0.01,0.02,2356.386025,1776315824000
1776315829.0,229.0,0.94,41.0,0.93,56.49,0.96,126.89,0.97,518.7,0.05,3.76,0.04,355.8,0.06,5.0,0.07,22.49,0.02,0.01,2356.456552,1776315827000
1776315829.675,229.675,0.95,26.0,0.94,46.0,0.96,37.84,0.97,518.7,0.04,51.89,0.03,518.7,0.05,11.0,0.06,46.0,0.01,0.01,2356.456552,1776315828000
1776315834.546,234.546,0.95,6.0,0.94,51.0,0.96,45.0,0.97,418.7,0.04,37.84,0.03,518.7,0.05,26.0,0.06,46.0,0.01,0.01,2356.470165,1776315833000
1776315835.176,235.176,0.95,6.0,0.94,51.0,0.96,30.58,0.97,418.7,0.04,45.0,0.03,418.7,0.05,6.0,0.06,51.0,0.01,0.01,2356.46959,1776315834000
1776315836.72,236.72,0.81,35.0,0.8,35.0,0.96,295.0,0.97,470.7,0.04,30.58,0.03,418.7,0.05,6.0,0.06,51.0,0.15,0.01,2356.46846,1776315835000
1776315836.943,236.943,0.76,6.21,0.75,15.0,0.79,10.0,0.8,10.0,0.2,10.0,0.17,10.0,0.23,1.21,0.24,15.0,0.03,0.03,2356.46846,1776315835000
1776315837.28,237.28,0.78,23.0,0.77,64.0,0.8,3.45,0.81,10.0,0.21,8.75,0.2,10.0,0.23,64.0,0.24,21.0,0.02,0.02,2356.46846,1776315835000
1776315837.718,237.718,0.79,6.0,0.78,63.0,0.8,6.02,0.81,10.0,0.2,3.45,0.19,10.0,0.22,23.0,0.23,64.0,0.01,0.02,2356.46358,1776315836000
1776315838.146,238.146,0.79,21.0,0.78,16.0,0.81,13.76,0.82,10.0,0.17,6.02,0.16,10.0,0.21,18.0,0.22,16.0,0.02,0.04,2356.46358,1776315837000
1776315838.361,238.361,0.8,6.0,0.79,21.0,0.82,6.33,0.83,6.02,0.19,13.76,0.18,10.0,0.21,21.0,0.22,16.0,0.02,0.02,2356.46358,1776315837000
1776315838.929,238.929,0.83,4.11,0.82,10.0,0.85,20.0,0.86,93.0,0.18,1.89,0.17,6.02,0.2,16.0,0.21,21.0,0.02,0.02,2356.46358,1776315837000
1776315839.202,239.202,0.83,4.11,0.82,15.0,0.84,7.85,0.85,20.0,0.15,20.0,0.14,93.0,0.17,4.11,0.18,10.0,0.01,0.02,2355.68555,1776315838000
1776315839.738,239.738,0.82,22.0,0.81,132.18,0.83,2.97,0.85,20.0,0.16,7.85,0.15,20.0,0.17,4.11,0.18,15.0,0.01,0.01,2355.68555,1776315838000
1776315840.089,240.089,0.82,5.88,0.81,16.0,0.83,2.97,0.85,20.0,0.17,2.97,0.15,20.0,0.18,22.0,0.19,132.18,0.01,0.01,2355.68555,1776315838000
1776315840.314,240.314,0.82,10.0,0.81,16.0,0.83,1.3,0.85,20.0,0.17,2.97,0.15,20.0,0.18,5.88,0.19,16.0,0.01,0.01,2355.68555,1776315838000
1776315840.6,240.6,0.8,16.0,0.79,15.0,0.84,9.21,0.85,20.0,0.17,1.3,0.15,20.0,0.2,16.0,0.21,15.0,0.04,0.03,2355.450287,1776315839000
1776315841.387,241.387,0.82,10.0,0.81,10.0,0.83,8.0,0.84,9.21,0.16,9.21,0.15,20.0,0.2,16.0,0.21,15.0,0.01,0.04,2355.450287,1776315839000
1776315841.97,241.97,0.82,3.33,0.81,10.0,0.84,14.21,0.85,20.0,0.17,8.16,0.16,9.21,0.18,10.0,0.19,10.0,0.02,0.01,2355.493701,1776315840000
1776315842.836,242.836,0.83,0.68,0.82,9.33,0.84,9.21,0.85,20.0,0.16,14.21,0.15,20.0,0.18,3.33,0.19,10.0,0.01,0.02,2355.493701,1776315840000
1776315844.015,244.015,0.72,17.89,0.7,6.0,0.8,73.0,0.81,68.0,0.16,8.01,0.15,20.0,0.18,9.33,0.19,16.0,0.08,0.02,2355.507955,1776315842000
1776315844.508,244.508,0.7,6.0,0.68,10.0,0.71,12.83,0.72,10.0,0.2,73.0,0.19,68.0,0.28,17.89,0.3,6.0,0.01,0.08,2355.507955,1776315842000
1776315844.727,244.727,0.72,7.0,0.71,10.0,0.74,10.0,0.75,35.0,0.29,10.63,0.28,10.0,0.3,6.0,0.32,10.0,0.02,0.01,2355.507955,1776315842000
1776315845.152,245.152,0.7,8.0,0.69,10.0,0.73,10.0,0.74,10.0,0.26,10.0,0.25,35.0,0.28,7.0,0.29,10.0,0.03,0.02,2355.509765,1776315843000
1776315845.651,245.651,0.7,8.0,0.69,10.0,0.72,2.86,0.73,10.0,0.27,10.0,0.26,10.0,0.3,8.0,0.31,10.0,0.02,0.03,2355.509765,1776315843000
1776315845.877,245.877,0.71,10.0,0.7,73.62,0.72,1.2,0.73,10.0,0.28,2.86,0.27,10.0,0.3,8.0,0.31,10.0,0.01,0.02,2355.50426,1776315844000
1776315847.029,247.029,0.71,15.0,0.7,43.36,0.72,9.93,0.75,25.0,0.27,4.33,0.26,10.0,0.29,10.0,0.3,73.62,0.01,0.02,2355.401731,1776315845000
1776315848.755,248.755,0.74,69.0,0.73,25.0,0.84,36.8,0.85,38.2,0.28,9.93,0.25,25.0,0.29,15.0,0.3,43.36,0.1,0.01,2355.314946,1776315847000
1776315849.776,249.776,0.8,3.01,0.78,10.0,0.81,10.0,0.82,10.0,0.16,36.8,0.15,38.2,0.26,69.0,0.27,25.0,0.01,0.1,2355.300146,1776315848000
1776315852.466,252.466,0.83,15.0,0.82,15.0,0.85,28.2,0.86,89.9,0.19,10.0,0.18,10.0,0.2,3.01,0.22,10.0,0.02,0.01,2355.315934,1776315850000
1776315852.757,252.757,0.88,10.0,0.87,20.0,0.91,104.0,0.92,58.9,0.15,28.2,0.14,89.9,0.17,15.0,0.18,15.0,0.03,0.02,2355.326215,1776315851000
1776315855.065,255.065,0.79,31.14,0.78,5.0,0.89,13.0,0.9,25.0,0.09,82.62,0.08,58.9,0.12,15.0,0.13,20.0,0.1,0.03,2355.432802,1776315853000
1776315855.354,255.354,0.83,5.0,0.81,10.0,0.85,10.0,0.86,60.0,0.11,13.0,0.1,25.0,0.21,31.14,0.22,5.0,0.02,0.1,2355.432802,1776315853000
1776315855.624,255.624,0.81,10.0,0.8,10.0,0.84,15.0,0.85,10.0,0.15,10.0,0.14,60.0,0.17,5.0,0.19,10.0,0.03,0.02,2355.530506,1776315854000
1776315856.35,256.35,0.81,4.73,0.8,10.0,0.82,12.95,0.84,10.0,0.18,25.0,0.17,10.0,0.19,4.73,0.2,10.0,0.01,0.01,2355.551011,1776315855000
1776315856.856,256.856,0.85,1.0,0.84,10.0,0.86,50.0,0.87,10.0,0.18,12.95,0.16,10.0,0.19,4.73,0.2,10.0,0.01,0.01,2355.551011,1776315855000
1776315857.256,257.256,0.87,15.0,0.86,10.0,0.88,7.0,0.89,13.0,0.14,50.0,0.13,10.0,0.15,1.0,0.16,10.0,0.01,0.01,2355.542812,1776315856000
1776315857.786,257.786,0.89,5.0,0.88,15.0,0.91,87.62,0.92,88.9,0.12,7.0,0.11,13.0,0.13,15.0,0.14,10.0,0.02,0.01,2355.542812,1776315856000
1776315860.704,260.704,0.89,10.9,0.88,20.0,0.9,10.0,0.91,82.62,0.09,87.62,0.08,88.9,0.11,5.0,0.12,15.0,0.01,0.02,2355.496511,1776315859000
1776315861.074,261.074,0.92,25.0,0.91,52.0,0.94,63.8,0.95,95.8,0.1,10.0,0.09,82.62,0.11,10.9,0.12,20.0,0.02,0.01,2355.496511,1776315859000
1776315861.999,261.999,0.93,25.0,0.92,20.0,0.94,165.5,0.95,195.8,0.06,63.7,0.05,95.8,0.08,20.0,0.09,52.0,0.01,0.02,2355.496511,1776315859000
1776315862.296,262.296,0.93,37.0,0.92,25.0,0.94,78.62,0.95,110.0,0.06,165.5,0.05,195.8,0.07,25.0,0.08,20.0,0.01,0.01,2355.54633,1776315861000
1776315863.169,263.169,0.94,20.0,0.93,37.0,0.95,105.0,0.96,203.8,0.06,58.62,0.05,110.0,0.07,42.0,0.08,25.0,0.01,0.01,2355.54633,1776315861000
1776315863.428,263.428,0.9,242.99,0.89,51.0,0.95,110.0,0.96,203.8,0.05,105.0,0.04,203.8,0.06,20.0,0.07,37.0,0.05,0.01,2355.736236,1776315862000
1776315865.351,265.351,0.92,20.0,0.91,45.0,0.93,19.24,0.94,28.0,0.05,110.0,0.04,203.8,0.1,242.99,0.11,51.0,0.01,0.05,2355.97639,1776315864000
1776315865.557,265.557,0.92,20.0,0.91,45.0,0.93,16.01,0.94,28.0,0.07,19.24,0.06,28.0,0.08,20.0,0.09,45.0,0.01,0.01,2355.97639,1776315864000
1776315866.441,266.441,0.92,80.0,0.91,28.14,0.93,6.01,0.94,28.0,0.07,11.01,0.06,28.0,0.08,20.0,0.09,45.0,0.01,0.01,2356.0003,1776315865000
1776315867.741,267.741,0.89,23.0,0.88,10.0,0.92,12.0,0.93,6.01,0.07,6.01,0.06,28.0,0.08,80.0,0.09,28.14,0.03,0.01,2355.9945,1776315866000
1776315868.05,268.05,0.89,14.9,0.88,10.0,0.91,24.45,0.92,22.0,0.1,15.0,0.09,10.0,0.11,4.9,0.12,24.0,0.02,0.01,2355.9945,1776315866000
1776315868.266,268.266,0.88,10.0,0.87,10.0,0.9,23.88,0.91,36.45,0.09,24.45,0.08,22.0,0.13,10.0,0.14,34.0,0.02,0.04,2356.00676,1776315867000
1776315868.712,268.712,0.88,10.0,0.87,132.94,0.9,18.78,0.91,24.45,0.1,20.0,0.09,36.45,0.14,30.64,0.15,16.14,0.02,0.04,2356.00676,1776315867000
1776315869.591,269.591,0.89,156.16,0.88,10.0,0.9,0.27,0.91,24.45,0.1,7.66,0.09,24.45,0.12,22.0,0.13,120.94,0.01,0.02,2356.00534,1776315868000
1776315869.826,269.826,0.89,161.16,0.88,10.0,0.91,4.45,0.92,22.0,0.1,0.27,0.09,24.45,0.11,156.16,0.12,10.0,0.02,0.01,2356.00534,1776315868000
1776315870.12,270.12,0.89,156.16,0.88,10.0,0.94,89.41,0.95,85.8,0.09,14.25,0.08,22.0,0.11,161.16,0.12,10.0,0.05,0.02,2356.00534,1776315868000
1776315870.445,270.445,0.91,3.88,0.9,15.0,0.92,13.0,0.93,25.0,0.06,89.41,0.05,85.8,0.11,156.16,0.12,10.0,0.01,0.05,2355.750204,1776315869000
1776315870.721,270.721,0.91,3.88,0.9,15.0,0.93,9.19,0.94,89.41,0.08,13.0,0.07,25.0,0.09,3.88,0.1,15.0,0.02,0.01,2355.750204,1776315869000
1776315871.033,271.033,0.89,141.01,0.86,10.0,0.9,10.0,0.91,10.0,0.08,8.91,0.07,9.19,0.09,3.88,0.1,5.0,0.01,0.01,2355.69411,1776315870000
1776315871.551,271.551,0.86,10.0,0.85,10.0,0.9,10.0,0.91,25.0,0.1,10.0,0.09,10.0,0.11,121.01,0.14,10.0,0.04,0.01,2355.69411,1776315870000
1776315871.873,271.873,0.85,2.42,0.84,34.0,0.86,4.4,0.87,10.0,0.1,10.0,0.09,25.0,0.15,2.42,0.16,34.0,0.01,0.05,2355.69411,1776315870000
1776315873.39,273.39,0.87,32.0,0.86,152.69,0.88,15.4,0.89,10.0,0.12,11.4,0.11,10.0,0.15,2.42,0.16,34.0,0.01,0.03,2355.659259,1776315872000
1776315873.726,273.726,0.87,37.0,0.86,152.69,0.89,3.4,0.9,10.0,0.11,9.4,0.1,10.0,0.13,37.0,0.14,152.69,0.02,0.02,2355.659259,1776315872000
1776315874.666,274.666,0.89,14.09,0.88,15.0,0.91,15.0,0.92,57.81,0.1,10.0,0.09,69.0,0.13,32.0,0.14,152.69,0.02,0.03,2355.494951,1776315873000
1776315875.123,275.123,0.89,16.09,0.88,15.0,0.91,15.0,0.92,8.91,0.09,15.0,0.08,57.81,0.11,14.09,0.12,15.0,0.02,0.02,2355.491129,1776315874000
1776315876.493,276.493,0.9,95.06,0.89,6.09,0.91,8.48,0.93,9.19,0.09,21.28,0.08,8.91,0.11,6.09,0.12,15.0,0.01,0.02,2355.476778,1776315875000
1776315877.081,277.081,0.93,25.0,0.92,15.0,0.94,5.61,0.95,15.0,0.09,8.48,0.07,9.19,0.1,95.06,0.11,6.09,0.01,0.01,2355.476778,1776315875000
1776315878.154,278.154,0.94,20.0,0.93,15.0,0.95,9.45,0.96,10.0,0.05,0.51,0.04,10.0,0.06,10.0,0.08,16.87,0.01,0.01,2355.491886,1776315877000
1776315878.868,278.868,0.94,25.0,0.93,15.0,0.97,106.0,0.98,344.99,0.05,9.45,0.04,10.0,0.06,20.0,0.07,15.0,0.03,0.01,2355.491886,1776315877000
1776315879.235,279.235,0.94,25.0,0.93,15.0,0.96,8.37,0.97,106.0,0.03,106.0,0.02,344.99,0.06,25.0,0.07,15.0,0.02,0.03,2355.663023,1776315878000
1776315880.013,280.013,0.95,25.0,0.94,20.0,0.97,199.75,0.98,431.99,0.03,97.54,0.02,344.99,0.06,25.0,0.07,15.0,0.02,0.03,2355.663023,1776315878000
1776315880.341,280.341,0.94,10.0,0.93,15.0,0.97,198.71,0.98,334.99,0.03,193.71,0.02,381.99,0.05,15.0,0.06,15.0,0.03,0.02,2355.663023,1776315878000
1776315880.69,280.69,0.93,10.0,0.92,15.0,0.96,3.33,0.97,93.71,0.03,198.71,0.02,334.99,0.06,10.0,0.07,15.0,0.03,0.03,2355.790469,1776315879000
1776315881.742,281.742,0.95,20.0,0.94,10.0,0.96,1.21,0.97,93.71,0.04,3.33,0.03,93.71,0.07,10.0,0.08,15.0,0.01,0.03,2355.801225,1776315880000
1776315882.19,282.19,0.94,5.0,0.93,10.0,0.97,193.71,0.98,362.99,0.04,1.21,0.03,93.71,0.05,20.0,0.06,10.0,0.03,0.01,2355.801225,1776315880000
1776315882.453,282.453,0.95,15.0,0.94,5.0,0.96,7.9,0.97,93.71,0.04,8.95,0.03,93.71,0.06,10.0,0.07,10.0,0.01,0.02,2355.7349,1776315881000
1776315883.436,283.436,0.95,10.0,0.94,5.0,0.96,1.65,0.97,93.71,0.04,7.9,0.03,93.71,0.05,15.0,0.06,5.0,0.01,0.01,2355.721318,1776315882000
1776315884.06,284.06,0.95,10.0,0.94,10.31,0.97,190.61,0.98,302.0,0.04,1.65,0.03,93.71,0.05,10.0,0.06,5.0,0.02,0.01,2355.721318,1776315882000
1776315885.924,285.924,0.93,182.24,0.92,69.14,0.97,90.61,0.98,202.0,0.03,190.61,0.02,302.0,0.05,10.0,0.06,10.31,0.04,0.02,2355.636759,1776315884000
1776315887.074,287.074,0.95,15.0,0.94,10.0,0.97,33.61,0.98,202.0,0.03,90.61,0.02,202.0,0.07,182.24,0.08,69.14,0.02,0.04,2355.627897,1776315885000
1776315888.273,288.273,0.95,10.0,0.94,39.14,0.97,32.57,0.98,202.0,0.03,33.61,0.02,202.0,0.05,15.0,0.06,10.0,0.02,0.02,2355.633729,1776315886000
1776315889.489,289.489,0.95,15.0,0.94,91.14,0.97,27.41,0.98,202.0,0.03,32.57,0.02,202.0,0.05,10.0,0.06,39.14,0.02,0.02,2355.630785,1776315888000
1776315889.774,289.774,0.95,15.0,0.94,91.14,0.98,177.08,0.99,6301.71,0.03,26.37,0.02,202.0,0.05,10.0,0.06,91.14,0.03,0.02,2355.630785,1776315888000
1776315890.263,290.263,0.96,10.12,0.95,61.14,0.97,10.0,0.98,177.08,0.02,177.08,0.01,6301.71,0.05,15.0,0.06,91.14,0.01,0.03,2355.633211,1776315889000
1776315890.542,290.542,0.96,10.0,0.95,61.14,0.97,5.0,0.98,127.08,0.03,10.0,0.02,177.08,0.04,10.12,0.05,61.14,0.01,0.01,2355.633211,1776315889000
1776315891.365,291.365,0.96,19.93,0.95,84.99,0.98,127.08,0.99,1201.71,0.03,5.0,0.02,127.08,0.04,19.93,0.05,61.14,0.02,0.01,2355.557824,1776315890000
1776315891.839,291.839,0.97,5.0,0.96,21.07,0.98,222.02,0.99,1401.71,0.02,127.08,0.01,1201.71,0.04,19.93,0.05,84.99,0.01,0.02,2355.557824,1776315890000
1776315892.392,292.392,0.97,5.0,0.96,39.14,0.98,211.52,0.99,1401.71,0.02,216.52,0.01,1401.71,0.03,5.0,0.04,39.14,0.01,0.01,2355.558407,1776315891000
1776315892.855,292.855,0.97,5.0,0.96,53.14,0.98,206.52,0.99,1401.71,0.02,211.52,0.01,1401.71,0.03,5.0,0.04,39.14,0.01,0.01,2355.558407,1776315891000
1776315894.002,294.002,0.97,5.0,0.96,83.14,0.98,68.02,0.99,1301.71,0.02,88.43,0.01,1301.71,0.03,5.0,0.04,53.14,0.01,0.01,2355.649159,1776315892000
1776315894.392,294.392,0.97,179.0,0.96,83.14,0.98,62.91,0.99,1291.71,0.02,68.02,0.01,1301.71,0.03,5.0,0.04,83.14,0.01,0.01,2355.612315,1776315893000
1776315894.704,294.704,0.97,227.89,0.96,83.14,0.98,56.77,0.99,1291.71,0.02,61.88,0.01,1291.71,0.03,211.89,0.04,83.14,0.01,0.01,2355.612315,1776315893000
1776315895.713,295.713,0.97,250.89,0.96,83.14,0.98,7.23,0.99,1291.71,0.02,24.23,0.01,1291.71,0.03,227.89,0.04,83.14,0.01,0.01,2355.59372,1776315894000
1776315895.969,295.969,0.97,275.89,0.96,83.14,0.98,1.24,0.99,1291.71,0.02,7.23,0.01,1291.71,0.03,250.89,0.04,83.14,0.01,0.01,2355.59372,1776315894000
1776315896.38,296.38,0.97,275.89,0.96,70.0,0.98,10.12,0.99,1291.71,0.02,1.24,0.01,1291.71,0.03,275.89,0.04,83.14,0.01,0.01,2355.599225,1776315895000
1776315896.643,296.643,0.97,275.89,0.96,70.0,0.98,8.06,0.99,1291.71,0.02,9.09,0.01,1291.71,0.03,270.89,0.04,70.0,0.01,0.01,2355.599225,1776315895000
1776315896.875,296.875,0.98,224.99,0.97,91.89,0.99,991.71,,,0.01,1141.71,,,0.02,224.99,0.03,96.89,0.01,0.01,2355.599225,1776315895000
1776315897.155,297.155,0.98,240.99,0.97,65.0,0.99,957.68,,,0.01,959.68,,,0.02,240.99,0.03,65.0,0.01,0.01,2355.599225,1776315895000
1776315897.377,297.377,0.98,240.99,0.97,65.0,0.99,779.29,,,0.01,896.06,,,0.02,240.99,0.03,65.0,0.01,0.01,2355.632499,1776315896000
1776315897.952,297.952,0.99,813.69,0.98,260.99,,,,,,,,,0.01,49.49,0.02,245.99,,,2355.632499,1776315896000

# RESULT,winner=Up,slug=eth-updown-5m-1776315600,ticks=319
