timestamp,elapsed_sec,up_bid_p1,up_bid_s1,up_bid_p2,up_bid_s2,up_ask_p1,up_ask_s1,up_ask_p2,up_ask_s2,down_bid_p1,down_bid_s1,down_bid_p2,down_bid_s2,down_ask_p1,down_ask_s1,down_ask_p2,down_ask_s2,up_spread,down_spread,eth_price,eth_oracle_ts
1776386700.506,0.506,0.46,150.0,0.4,5.0,0.5,9.36,0.54,150.0,0.49,79.03,0.48,77.0,0.5,3.0,0.51,35.0,0.04,0.01,2345.954318,1776386699000
1776386701.392,1.392,0.46,150.0,0.38,7.0,0.5,0.44,0.54,150.0,0.5,9.36,0.46,150.0,0.54,150.0,0.6,5.0,0.04,0.04,2346.033951,1776386700000
1776386701.637,1.637,0.46,150.0,0.41,70.0,0.49,64.34,0.5,70.44,0.5,0.44,0.46,150.0,0.54,150.0,0.62,7.0,0.03,0.04,2346.033951,1776386700000
1776386702.176,2.176,0.45,10.16,0.44,9.16,0.5,39.34,0.51,83.0,0.52,6.16,0.51,90.34,0.54,150.0,0.57,5.0,0.05,0.02,2346.066315,1776386701000
1776386702.669,2.669,0.47,5.0,0.46,5.0,0.48,2.06,0.49,5.0,0.5,39.34,0.49,83.0,0.55,10.16,0.56,9.16,0.01,0.05,2346.066315,1776386701000
1776386705.873,5.873,0.48,10.0,0.47,15.0,0.52,3.11,0.53,17.0,0.52,2.06,0.51,5.0,0.53,5.0,0.54,5.0,0.04,0.01,2345.868595,1776386704000
1776386706.433,6.433,0.52,15.0,0.51,15.0,0.53,2.73,0.54,93.0,0.48,3.11,0.47,17.0,0.52,10.0,0.53,15.0,0.01,0.04,2345.846986,1776386705000
1776386706.709,6.709,0.53,29.2,0.52,15.0,0.54,61.66,0.55,105.88,0.47,2.73,0.46,93.0,0.48,15.0,0.49,15.0,0.01,0.01,2345.846986,1776386705000
1776386707.572,7.572,0.43,5.0,0.38,21.0,0.44,5.0,0.45,10.0,0.46,61.66,0.45,105.88,0.47,29.2,0.48,15.0,0.01,0.01,2345.862457,1776386706000
1776386707.807,7.807,0.37,11.0,0.36,89.0,0.4,10.0,0.41,15.0,0.61,10.0,0.6,10.0,0.62,5.67,0.63,11.0,0.03,0.01,2345.862457,1776386706000
1776386708.026,8.026,0.37,11.0,0.36,89.0,0.38,4.07,0.39,18.04,0.61,18.04,0.6,10.0,0.63,11.0,0.64,89.0,0.01,0.02,2345.862457,1776386706000
1776386708.512,8.512,0.39,73.36,0.38,26.0,0.41,15.0,0.42,10.0,0.62,0.91,0.61,18.04,0.64,74.82,0.65,10.0,0.02,0.02,2346.01263,1776386707000
1776386708.816,8.816,0.39,71.55,0.38,31.0,0.41,13.51,0.42,10.0,0.59,8.51,0.58,10.0,0.6,20.0,0.61,73.36,0.02,0.01,2346.01263,1776386707000
1776386709.504,9.504,0.4,5.73,0.39,76.55,0.41,13.51,0.42,10.0,0.59,13.51,0.58,10.0,0.61,71.55,0.62,31.0,0.01,0.02,2345.829258,1776386708000
1776386711.549,11.549,0.4,30.73,0.39,10.0,0.41,23.51,0.42,20.0,0.59,13.51,0.58,10.0,0.6,5.73,0.61,76.55,0.01,0.01,2345.474402,1776386710000
1776386713.586,13.586,0.4,30.73,0.39,80.0,0.41,10.0,0.43,10.0,0.59,23.51,0.58,20.0,0.6,30.73,0.61,10.0,0.01,0.01,2345.465258,1776386712000
1776386714.321,14.321,0.44,29.91,0.43,20.0,0.45,10.0,0.46,15.0,0.59,10.0,0.57,10.0,0.6,30.73,0.61,80.0,0.01,0.01,2345.465253,1776386713000
1776386715.19,15.19,0.44,29.91,0.43,20.0,0.45,7.77,0.46,20.0,0.55,10.0,0.54,15.0,0.56,29.91,0.57,20.0,0.01,0.01,2345.468218,1776386714000
1776386715.914,15.914,0.47,18.11,0.46,26.0,0.48,100.0,0.5,101.0,0.55,7.77,0.54,20.0,0.56,29.91,0.57,20.0,0.01,0.01,2345.468218,1776386714000
1776386716.369,16.369,0.47,9.11,0.46,20.0,0.48,75.0,0.5,101.0,0.52,100.0,0.5,101.0,0.53,19.11,0.54,20.0,0.01,0.01,2345.630009,1776386715000
1776386716.938,16.938,0.48,9.13,0.47,9.11,0.49,10.0,0.5,85.0,0.52,75.0,0.5,101.0,0.53,9.11,0.54,20.0,0.01,0.01,2345.630009,1776386715000
1776386717.601,17.601,0.48,9.13,0.47,9.11,0.49,10.0,0.5,85.0,0.51,10.0,0.5,85.0,0.52,4.13,0.53,9.11,0.01,0.01,2345.723824,1776386716000
1776386717.869,17.869,0.48,0.63,0.47,9.11,0.49,10.0,0.5,85.0,0.51,10.0,0.5,85.0,0.52,9.13,0.53,9.11,0.01,0.01,2345.723824,1776386716000
1776386722.641,22.641,0.47,11.0,0.46,10.0,0.48,25.0,0.49,21.67,0.51,10.0,0.5,85.0,0.52,0.63,0.53,9.11,0.01,0.01,2345.772135,1776386721000
1776386723.512,23.512,0.47,3.0,0.46,10.0,0.48,30.0,0.49,26.67,0.52,25.0,0.51,21.67,0.53,11.0,0.54,10.0,0.01,0.01,2345.76717,1776386722000
1776386726.089,26.089,0.47,22.0,0.46,95.0,0.48,6.84,0.49,16.67,0.52,30.0,0.51,26.67,0.53,3.0,0.54,10.0,0.01,0.01,2345.77011,1776386724000
1776386727.131,27.131,0.48,15.0,0.47,47.0,0.55,23.62,0.56,5.0,0.52,6.84,0.51,16.67,0.53,22.0,0.54,95.0,0.07,0.01,2345.81606,1776386725000
1776386727.878,27.878,0.54,10.0,0.53,10.0,0.55,2.29,0.57,5.0,0.45,23.62,0.44,5.0,0.52,15.0,0.53,47.0,0.01,0.07,2345.821305,1776386726000
1776386729.017,29.017,0.49,25.0,0.48,80.0,0.5,40.74,0.51,23.0,0.45,2.29,0.43,5.0,0.46,10.0,0.47,10.0,0.01,0.01,2345.85063,1776386727000
1776386729.305,29.305,0.53,23.59,0.49,10.0,0.54,15.0,0.55,31.0,0.5,40.74,0.49,23.0,0.51,25.0,0.52,80.0,0.01,0.01,2346.11253,1776386728000
1776386730.1,30.1,0.53,28.59,0.52,15.0,0.54,55.67,0.55,34.0,0.46,15.0,0.45,31.0,0.47,23.59,0.51,10.0,0.01,0.01,2346.11253,1776386728000
1776386731.318,31.318,0.53,38.59,0.52,20.0,0.54,90.84,0.55,36.67,0.46,55.67,0.45,34.0,0.47,28.59,0.48,15.0,0.01,0.01,2346.217091,1776386729000
1776386734.274,34.274,0.53,43.59,0.52,30.0,0.54,7.0,0.55,21.67,0.46,90.84,0.45,36.67,0.47,38.59,0.48,20.0,0.01,0.01,2346.027723,1776386733000
1776386735.058,35.058,0.53,31.46,0.52,10.0,0.54,142.67,0.55,65.0,0.45,18.67,0.44,80.0,0.47,43.59,0.48,25.0,0.01,0.02,2346.027723,1776386733000
1776386735.425,35.425,0.53,20.24,0.52,10.0,0.54,126.0,0.55,35.0,0.46,142.67,0.45,65.0,0.47,31.46,0.48,10.0,0.01,0.01,2346.03705,1776386734000
1776386735.646,35.646,0.51,4.69,0.49,25.0,0.54,177.74,0.55,35.0,0.46,121.74,0.45,35.0,0.47,20.24,0.48,10.0,0.03,0.01,2346.03705,1776386734000
1776386735.926,35.926,0.48,10.0,0.47,25.0,0.49,16.0,0.5,20.0,0.46,177.74,0.45,35.0,0.51,25.0,0.52,35.0,0.01,0.05,2346.03705,1776386734000
1776386736.283,36.283,0.47,25.0,0.46,135.0,0.48,11.0,0.49,26.0,0.51,16.0,0.5,20.0,0.52,10.0,0.53,25.0,0.01,0.01,2346.151503,1776386735000
1776386736.66,36.66,0.47,25.0,0.46,135.0,0.48,46.0,0.49,31.0,0.52,11.0,0.51,26.0,0.53,25.0,0.54,135.0,0.01,0.01,2346.151503,1776386735000
1776386739.299,39.299,0.47,15.0,0.46,125.0,0.48,9.75,0.49,31.0,0.52,46.0,0.51,31.0,0.53,25.0,0.54,135.0,0.01,0.01,2345.940007,1776386737000
1776386739.929,39.929,0.46,125.0,0.45,70.0,0.48,59.75,0.49,31.0,0.52,9.75,0.51,31.0,0.53,15.0,0.54,125.0,0.02,0.01,2345.912695,1776386738000
1776386747.779,47.779,0.48,9.82,0.47,50.51,0.52,40.0,0.53,144.0,0.52,59.75,0.51,31.0,0.54,125.0,0.55,70.0,0.04,0.02,2346.018988,1776386746000
1776386748.006,48.006,0.45,70.0,0.44,100.0,0.46,45.49,0.48,9.61,0.52,9.61,0.51,5.0,0.55,70.0,0.56,100.0,0.01,0.03,2346.018988,1776386746000
1776386748.322,48.322,0.4,80.0,0.39,35.0,0.41,45.0,0.44,151.0,0.54,45.49,0.52,9.61,0.55,70.0,0.56,100.0,0.01,0.01,2346.018988,1776386746000
1776386750.432,50.432,0.36,141.0,0.35,135.0,0.38,5.0,0.39,15.0,0.59,47.68,0.58,10.0,0.6,80.0,0.61,35.0,0.02,0.01,2345.291165,1776386749000
1776386750.929,50.929,0.37,10.41,0.36,108.21,0.38,5.0,0.39,15.0,0.61,14.74,0.6,25.0,0.63,3.41,0.64,108.21,0.01,0.02,2345.291165,1776386749000
1776386751.826,51.826,0.37,36.25,0.36,100.21,0.38,5.0,0.39,10.0,0.62,5.0,0.61,15.0,0.63,10.41,0.64,108.21,0.01,0.01,2345.210546,1776386750000
1776386752.625,52.625,0.38,76.0,0.37,59.25,0.4,20.0,0.41,30.2,0.62,5.0,0.61,10.0,0.63,36.25,0.64,100.21,0.02,0.01,2345.276003,1776386751000
1776386753.84,53.84,0.4,63.0,0.39,176.0,0.41,10.2,0.42,20.0,0.6,20.0,0.59,30.2,0.62,76.0,0.63,59.25,0.01,0.02,2345.371426,1776386752000
1776386754.648,54.648,0.4,28.0,0.39,161.0,0.41,30.2,0.42,20.0,0.59,10.2,0.58,20.0,0.6,63.0,0.61,176.0,0.01,0.01,2345.371426,1776386752000
1776386757.318,57.318,0.4,20.0,0.39,181.0,0.41,30.2,0.42,30.0,0.59,30.2,0.58,20.0,0.6,28.0,0.61,161.0,0.01,0.01,2345.47285,1776386755000
1776386758.717,58.717,0.4,22.0,0.39,171.0,0.41,15.2,0.42,40.0,0.59,30.2,0.58,30.0,0.6,20.0,0.61,181.0,0.01,0.01,2345.439845,1776386757000
1776386759.04,59.04,0.41,79.0,0.4,28.0,0.42,20.0,0.44,95.0,0.59,15.2,0.58,40.0,0.6,22.0,0.61,171.0,0.01,0.01,2345.442252,1776386758000
1776386761.04,61.04,0.41,115.0,0.4,27.86,0.42,41.79,0.44,95.0,0.58,20.0,0.56,95.0,0.59,79.0,0.6,28.0,0.01,0.01,2345.447319,1776386759000
1776386761.682,61.682,0.41,135.86,0.4,27.86,0.44,95.0,0.45,15.0,0.58,41.79,0.56,95.0,0.59,115.0,0.6,27.86,0.03,0.01,2345.563185,1776386760000
1776386762.01,62.01,0.43,55.73,0.42,32.86,0.44,95.0,0.45,10.0,0.56,95.0,0.55,15.0,0.59,135.86,0.6,27.86,0.01,0.03,2345.563185,1776386760000
1776386762.363,62.363,0.43,89.3,0.42,37.86,0.44,35.0,0.45,10.0,0.56,95.0,0.55,10.0,0.57,55.73,0.58,32.86,0.01,0.01,2345.582335,1776386761000
1776386763.08,63.08,0.44,140.0,0.43,115.0,0.46,105.0,0.47,120.0,0.56,35.0,0.55,10.0,0.57,89.3,0.58,37.86,0.02,0.01,2345.582335,1776386761000
1776386763.4,63.4,0.44,151.02,0.43,140.0,0.45,25.0,0.46,48.49,0.54,69.49,0.53,120.0,0.56,140.0,0.57,135.0,0.01,0.02,2345.582335,1776386761000
1776386764.023,64.023,0.44,149.23,0.43,145.0,0.45,25.0,0.46,48.49,0.55,25.0,0.54,48.49,0.56,151.02,0.57,140.0,0.01,0.01,2345.778845,1776386763000
1776386764.589,64.589,0.44,104.76,0.43,140.0,0.45,30.0,0.46,20.0,0.55,25.0,0.54,48.49,0.56,149.23,0.57,145.0,0.01,0.01,2345.778845,1776386763000
1776386765.74,65.74,0.44,100.74,0.43,140.0,0.45,35.0,0.46,20.0,0.55,30.0,0.54,20.0,0.56,104.76,0.57,140.0,0.01,0.01,2345.739964,1776386764000
1776386766.182,66.182,0.44,95.29,0.43,140.0,0.45,48.0,0.46,20.0,0.55,35.0,0.54,20.0,0.56,100.74,0.57,140.0,0.01,0.01,2345.693687,1776386765000
1776386768.918,68.918,0.44,87.29,0.43,140.0,0.45,33.0,0.46,30.0,0.55,45.77,0.54,20.0,0.56,95.29,0.57,140.0,0.01,0.01,2345.757915,1776386767000
1776386769.737,69.737,0.41,5.0,0.4,55.0,0.44,79.0,0.45,31.0,0.55,33.0,0.54,30.0,0.56,87.29,0.57,140.0,0.03,0.01,2345.695031,1776386768000
1776386770.886,70.886,0.41,20.0,0.4,45.86,0.42,15.0,0.43,10.0,0.57,10.0,0.56,79.0,0.6,75.0,0.61,127.0,0.01,0.03,2345.695031,1776386769000
1776386773.161,73.161,0.43,97.0,0.42,165.0,0.44,3.64,0.45,20.0,0.58,15.0,0.57,10.0,0.59,20.0,0.6,45.86,0.01,0.01,2345.627837,1776386771000
1776386773.711,73.711,0.43,122.0,0.42,179.86,0.45,15.0,0.46,30.0,0.56,3.64,0.55,20.0,0.57,97.0,0.58,165.0,0.02,0.01,2345.627837,1776386772000
1776386775.33,75.33,0.34,55.0,0.33,95.0,0.38,8.06,0.39,8.19,0.55,10.0,0.54,30.0,0.56,10.0,0.57,122.0,0.04,0.01,2345.685583,1776386774000
1776386776.883,76.883,0.34,55.0,0.33,134.0,0.35,50.14,0.36,30.0,0.62,8.06,0.61,8.19,0.66,55.0,0.67,95.0,0.01,0.04,2345.742631,1776386775000
1776386780.077,80.077,0.42,0.42,0.41,10.0,0.44,25.0,0.45,41.0,0.65,50.14,0.64,30.0,0.66,55.0,0.67,134.0,0.02,0.01,2345.22263,1776386778000
1776386781.336,81.336,0.43,10.0,0.42,17.0,0.44,2.22,0.45,20.0,0.57,10.0,0.56,35.0,0.6,19.82,0.61,204.0,0.01,0.03,2345.249149,1776386780000
1776386781.71,81.71,0.46,2.0,0.45,10.0,0.47,110.0,0.48,71.0,0.56,10.0,0.55,20.0,0.57,5.0,0.58,17.0,0.01,0.01,2345.249149,1776386780000
1776386782.592,82.592,0.45,3.69,0.44,15.0,0.47,125.0,0.48,71.0,0.53,110.0,0.52,71.0,0.54,2.0,0.55,10.0,0.02,0.01,2345.434546,1776386781000
1776386783.713,83.713,0.45,18.69,0.44,20.0,0.46,3.0,0.47,125.0,0.53,125.0,0.52,71.0,0.55,3.69,0.56,15.0,0.01,0.02,2345.725787,1776386782000
1776386784.393,84.393,0.45,20.49,0.44,85.0,0.46,3.0,0.47,125.0,0.54,3.0,0.53,125.0,0.55,18.69,0.56,20.0,0.01,0.01,2345.772375,1776386783000
1776386784.69,84.69,0.45,42.49,0.44,85.0,0.47,120.0,0.48,60.0,0.54,3.0,0.53,125.0,0.55,20.49,0.56,85.0,0.02,0.01,2345.772375,1776386783000
1776386790.552,90.552,0.45,0.49,0.43,11.62,0.46,89.0,0.47,130.0,0.53,120.0,0.52,65.0,0.54,3.14,0.55,20.49,0.01,0.01,2345.8324,1776386789000
1776386790.911,90.911,0.41,98.86,0.4,189.86,0.42,17.89,0.43,22.0,0.56,5.0,0.54,89.0,0.59,72.0,0.6,175.0,0.01,0.03,2345.8324,1776386789000
1776386791.697,91.697,0.43,20.0,0.42,20.0,0.44,30.0,0.45,15.0,0.56,15.0,0.55,15.0,0.59,98.86,0.6,189.86,0.01,0.03,2345.8324,1776386790000
1776386792.559,92.559,0.43,5.0,0.42,20.0,0.44,35.0,0.45,10.0,0.56,30.0,0.55,15.0,0.57,20.0,0.58,20.0,0.01,0.01,2345.78451,1776386791000
1776386801.064,101.064,0.4,35.0,0.39,70.0,0.41,35.8,0.42,58.0,0.56,35.0,0.55,10.0,0.57,5.0,0.58,20.0,0.01,0.01,2345.753789,1776386799000
1776386806.412,106.412,0.47,77.0,0.46,130.0,0.48,2.95,0.49,45.0,0.59,45.8,0.58,69.0,0.61,63.7,0.62,175.86,0.01,0.02,2345.86047,1776386805000
1776386806.916,106.916,0.48,98.0,0.47,83.86,0.49,16.61,0.5,30.0,0.52,2.95,0.51,45.0,0.53,77.0,0.54,130.0,0.01,0.01,2345.86047,1776386805000
1776386812.726,112.726,0.48,121.0,0.47,107.0,0.51,170.0,0.52,40.0,0.51,16.61,0.5,30.0,0.52,98.0,0.53,83.86,0.03,0.01,2346.090107,1776386811000
1776386812.954,112.954,0.5,91.0,0.49,148.29,0.51,10.55,0.52,15.0,0.49,19.55,0.48,15.0,0.5,93.0,0.51,80.0,0.01,0.01,2346.090107,1776386811000
1776386813.287,113.287,0.52,27.79,0.51,135.0,0.53,17.75,0.54,100.0,0.47,62.0,0.46,100.0,0.48,90.79,0.49,135.0,0.01,0.01,2346.04124,1776386812000
1776386813.585,113.585,0.53,79.0,0.52,85.0,0.54,2.9,0.55,60.0,0.46,22.0,0.45,60.0,0.47,79.0,0.48,85.0,0.01,0.01,2346.04124,1776386812000
1776386814.243,114.243,0.53,205.86,0.52,85.0,0.55,60.0,0.56,40.0,0.46,2.9,0.45,60.0,0.47,79.0,0.48,85.0,0.02,0.01,2346.04124,1776386812000
1776386815.21,115.21,0.5,101.0,0.49,30.0,0.52,10.0,0.53,5.0,0.45,60.0,0.44,40.0,0.47,205.86,0.48,85.0,0.02,0.02,2346.291265,1776386814000
1776386818.425,118.425,0.51,4.79,0.5,32.0,0.52,80.0,0.53,180.0,0.48,10.0,0.47,15.0,0.5,100.9,0.51,30.0,0.01,0.02,2346.046472,1776386817000
1776386818.805,118.805,0.5,26.69,0.49,26.0,0.52,80.0,0.53,180.0,0.48,80.0,0.47,180.0,0.49,4.79,0.5,32.0,0.02,0.01,2346.046472,1776386817000
1776386819.953,119.953,0.51,15.0,0.5,26.69,0.52,20.05,0.53,85.0,0.48,80.0,0.47,180.0,0.5,26.69,0.51,26.0,0.01,0.02,2346.065075,1776386818000
1776386822.275,122.275,0.52,21.52,0.51,27.0,0.53,22.0,0.54,15.0,0.48,15.05,0.47,85.0,0.49,15.0,0.5,26.69,0.01,0.01,2346.161119,1776386821000
1776386823.383,123.383,0.53,63.0,0.52,37.52,0.55,85.0,0.56,40.0,0.47,22.0,0.46,15.0,0.48,21.52,0.49,27.0,0.02,0.01,2346.168952,1776386822000
1776386825.826,125.826,0.55,69.09,0.54,32.0,0.57,175.0,0.58,85.0,0.45,85.0,0.44,40.0,0.47,63.0,0.48,37.52,0.02,0.02,2346.200626,1776386824000
1776386833.121,133.121,0.49,50.0,0.48,45.0,0.56,15.0,0.57,600.82,0.43,175.0,0.42,85.0,0.45,69.09,0.46,32.0,0.07,0.02,2346.262556,1776386831000
1776386833.414,133.414,0.38,40.13,0.37,60.0,0.39,382.02,0.4,102.0,0.61,209.83,0.6,102.0,0.62,48.19,0.63,60.0,0.01,0.01,2346.2618,1776386832000
1776386833.676,133.676,0.36,25.0,0.34,175.0,0.39,152.83,0.4,172.0,0.61,373.83,0.6,102.0,0.62,4.75,0.64,75.0,0.03,0.01,2346.2618,1776386832000
1776386833.891,133.891,0.34,175.0,0.33,85.0,0.36,9.22,0.37,46.83,0.61,152.83,0.6,172.0,0.64,25.0,0.66,175.0,0.02,0.03,2346.2618,1776386832000
1776386834.325,134.325,0.34,163.0,0.33,85.0,0.37,9.22,0.38,24.0,0.64,9.22,0.63,46.83,0.66,175.0,0.67,85.0,0.03,0.02,2346.258901,1776386833000
1776386834.541,134.541,0.36,19.35,0.35,70.0,0.38,11.28,0.39,75.0,0.62,1.28,0.61,61.0,0.63,5.0,0.64,41.0,0.02,0.01,2346.258901,1776386833000
1776386834.751,134.751,0.36,5.0,0.35,70.0,0.37,7.29,0.38,11.28,0.62,11.28,0.61,75.0,0.64,19.35,0.65,70.0,0.01,0.02,2346.258901,1776386833000
1776386837.875,137.875,0.36,17.78,0.35,82.0,0.37,65.0,0.38,15.0,0.64,5.0,0.63,7.29,0.65,65.0,0.66,132.0,0.01,0.01,2345.331895,1776386836000
1776386838.377,138.377,0.36,13.56,0.35,82.0,0.37,55.0,0.38,20.0,0.63,65.0,0.62,15.0,0.64,17.78,0.65,82.0,0.01,0.01,2345.368575,1776386837000
1776386839.028,139.028,0.36,2.09,0.35,82.0,0.37,55.0,0.38,10.0,0.63,55.0,0.62,20.0,0.64,13.56,0.65,82.0,0.01,0.01,2345.360785,1776386838000
1776386839.234,139.234,0.35,92.36,0.34,127.0,0.36,5.0,0.37,65.0,0.63,72.0,0.62,10.0,0.65,76.36,0.66,137.0,0.01,0.02,2345.360785,1776386838000
1776386842.45,142.45,0.3,80.0,0.29,75.0,0.32,130.83,0.33,119.0,0.64,5.0,0.63,65.0,0.65,92.36,0.66,127.0,0.02,0.01,2345.37001,1776386841000
1776386842.672,142.672,0.3,87.0,0.29,75.0,0.31,52.6,0.32,34.0,0.68,130.83,0.67,119.0,0.7,80.0,0.71,75.0,0.01,0.02,2345.37001,1776386841000
1776386847.683,147.683,0.29,75.0,0.28,115.0,0.3,87.0,0.31,28.6,0.69,52.6,0.68,34.0,0.7,87.0,0.71,75.0,0.01,0.01,2345.033569,1776386846000
1776386851.693,151.693,0.28,55.0,0.27,40.0,0.29,95.12,0.3,62.83,0.7,85.0,0.69,28.6,0.71,75.0,0.72,115.0,0.01,0.01,2345.045714,1776386850000
1776386852.63,152.63,0.25,95.0,0.24,80.0,0.26,172.83,0.27,38.0,0.71,95.12,0.7,62.83,0.72,55.0,0.73,40.0,0.01,0.01,2345.045709,1776386851000
1776386853.643,153.643,0.25,95.0,0.24,75.0,0.26,156.83,0.27,76.19,0.74,172.83,0.73,38.0,0.75,95.0,0.76,80.0,0.01,0.01,2344.92097,1776386852000
1776386857.163,157.163,0.22,85.0,0.21,170.0,0.23,110.0,0.24,57.0,0.74,156.83,0.73,76.19,0.75,95.0,0.76,75.0,0.01,0.01,2344.810178,1776386855000
1776386857.59,157.59,0.22,65.0,0.21,145.0,0.23,117.0,0.24,57.0,0.77,110.0,0.76,57.0,0.78,85.0,0.79,170.0,0.01,0.01,2344.810178,1776386855000
1776386859.309,159.309,0.22,65.0,0.21,195.0,0.23,55.69,0.24,52.0,0.77,117.0,0.76,57.0,0.78,65.0,0.79,145.0,0.01,0.01,2344.706494,1776386858000
1776386859.991,159.991,0.22,65.0,0.21,195.0,0.23,98.57,0.24,52.0,0.77,47.38,0.76,52.0,0.78,65.0,0.79,195.0,0.01,0.01,2344.706494,1776386858000
1776386861.386,161.386,0.22,59.09,0.21,195.0,0.23,108.57,0.24,32.0,0.77,98.57,0.76,52.0,0.78,65.0,0.79,195.0,0.01,0.01,2344.715254,1776386860000
1776386864.307,164.307,0.22,37.33,0.21,145.0,0.23,108.57,0.24,51.83,0.77,108.57,0.76,32.0,0.78,59.09,0.79,195.0,0.01,0.01,2344.812194,1776386863000
1776386865.092,165.092,0.21,52.33,0.2,85.0,0.23,193.99,0.24,116.31,0.77,108.57,0.76,51.83,0.78,37.33,0.79,145.0,0.02,0.01,2344.812194,1776386863000
1776386865.527,165.527,0.21,40.0,0.2,159.0,0.22,44.0,0.23,10.0,0.78,58.83,0.77,93.0,0.8,155.0,0.81,95.0,0.01,0.02,2344.715792,1776386864000
1776386865.768,165.768,0.21,69.0,0.2,146.0,0.23,10.0,0.24,54.48,0.78,44.0,0.77,10.0,0.79,40.0,0.8,159.0,0.02,0.01,2344.715792,1776386864000
1776386866.172,166.172,0.21,5.0,0.2,135.0,0.22,185.86,0.23,24.78,0.78,214.05,0.77,4.95,0.79,59.92,0.8,146.0,0.01,0.01,2344.715792,1776386864000
1776386868.051,168.051,0.2,201.0,0.19,114.0,0.21,150.53,0.22,10.0,0.79,7.65,0.78,185.86,0.8,135.0,0.81,100.0,0.01,0.01,2344.625377,1776386867000
1776386868.374,168.374,0.2,235.0,0.19,100.0,0.21,83.58,0.22,10.0,0.79,82.53,0.78,10.0,0.8,201.0,0.81,100.0,0.01,0.01,2344.625377,1776386867000
1776386868.996,168.996,0.2,153.62,0.19,100.0,0.21,31.31,0.22,10.0,0.79,83.58,0.78,10.0,0.8,235.0,0.81,100.0,0.01,0.01,2344.625377,1776386867000
1776386869.321,169.321,0.2,114.29,0.19,123.4,0.21,67.31,0.22,20.0,0.79,31.31,0.78,10.0,0.8,153.62,0.81,100.0,0.01,0.01,2344.630241,1776386868000
1776386869.74,169.74,0.2,43.07,0.19,123.4,0.22,7.31,0.23,4.95,0.79,31.31,0.78,10.0,0.8,63.07,0.81,133.4,0.02,0.01,2344.630241,1776386868000
1776386869.969,169.969,0.21,45.0,0.2,8.07,0.22,36.65,0.23,4.95,0.78,7.31,0.77,4.95,0.8,43.07,0.81,123.4,0.01,0.02,2344.630241,1776386868000
1776386870.379,170.379,0.21,36.73,0.2,8.07,0.22,36.65,0.23,4.95,0.78,36.65,0.77,4.95,0.79,69.0,0.8,8.07,0.01,0.01,2344.640343,1776386869000
1776386870.688,170.688,0.21,35.33,0.2,30.57,0.22,36.65,0.23,4.95,0.78,36.65,0.77,4.95,0.79,36.73,0.8,8.07,0.01,0.01,2344.640343,1776386869000
1776386871.364,171.364,0.21,47.03,0.2,30.57,0.22,36.65,0.23,143.72,0.78,36.65,0.77,4.95,0.79,35.33,0.8,30.57,0.01,0.01,2344.68933,1776386870000
1776386871.672,171.672,0.21,50.81,0.2,30.57,0.22,29.65,0.23,143.72,0.78,29.65,0.77,143.72,0.79,47.03,0.8,30.57,0.01,0.01,2344.68933,1776386870000
1776386872.313,172.313,0.21,49.43,0.2,30.57,0.22,7.31,0.23,163.72,0.78,29.65,0.77,143.72,0.79,50.81,0.8,30.57,0.01,0.01,2344.68933,1776386870000
1776386872.714,172.714,0.21,35.44,0.2,30.57,0.22,7.31,0.23,163.72,0.78,7.31,0.77,163.72,0.79,49.43,0.8,30.57,0.01,0.01,2344.814734,1776386871000
1776386874.993,174.993,0.21,57.43,0.2,30.57,0.22,31.14,0.23,14.95,0.78,7.31,0.77,163.72,0.79,35.44,0.8,30.57,0.01,0.01,2344.816895,1776386873000
1776386875.388,175.388,0.21,57.43,0.2,60.57,0.22,32.1,0.23,20.0,0.78,31.14,0.77,14.95,0.79,57.43,0.8,30.57,0.01,0.01,2344.803771,1776386874000
1776386875.652,175.652,0.21,57.43,0.2,60.57,0.23,20.0,0.24,20.0,0.78,25.1,0.77,20.0,0.79,57.43,0.8,60.57,0.02,0.01,2344.803771,1776386874000
1776386876.296,176.296,0.22,71.58,0.21,21.7,0.23,15.0,0.24,20.0,0.77,20.0,0.76,20.0,0.79,57.43,0.8,60.57,0.01,0.02,2344.803717,1776386875000
1776386876.518,176.518,0.22,64.77,0.21,21.7,0.23,15.0,0.24,20.0,0.77,15.0,0.76,20.0,0.78,71.58,0.79,21.7,0.01,0.01,2344.803717,1776386875000
1776386877.674,177.674,0.22,50.72,0.21,21.7,0.23,105.88,0.24,20.0,0.77,15.0,0.76,20.0,0.78,58.72,0.79,21.7,0.01,0.01,2344.803717,1776386875000
1776386878.22,178.22,0.22,63.72,0.21,21.7,0.23,75.68,0.24,20.0,0.77,105.88,0.76,20.0,0.78,50.72,0.79,21.7,0.01,0.01,2344.840095,1776386876000
1776386878.737,178.737,0.22,40.47,0.21,21.7,0.23,75.68,0.24,20.0,0.77,75.68,0.76,20.0,0.78,63.72,0.79,21.7,0.01,0.01,2344.840095,1776386877000
1776386879.04,179.04,0.19,128.4,0.18,34.4,0.21,10.0,0.22,10.0,0.77,75.68,0.76,25.83,0.8,5.61,0.81,128.4,0.02,0.03,2344.84127,1776386878000
1776386881.145,181.145,0.19,110.0,0.18,10.0,0.21,10.0,0.22,150.74,0.79,10.0,0.78,10.0,0.81,128.4,0.82,34.4,0.02,0.02,2344.951254,1776386879000
1776386883.656,183.656,0.15,36.0,0.14,150.0,0.16,175.79,0.17,15.0,0.79,10.0,0.78,150.74,0.81,110.0,0.82,10.0,0.01,0.02,2344.791099,1776386882000
1776386884.468,184.468,0.15,106.0,0.14,175.0,0.16,44.0,0.17,16.0,0.84,175.79,0.83,15.0,0.85,36.0,0.86,150.0,0.01,0.01,2344.65172,1776386883000
1776386884.986,184.986,0.15,99.07,0.14,180.0,0.16,104.91,0.17,16.0,0.84,49.83,0.83,16.0,0.85,100.37,0.86,175.0,0.01,0.01,2344.65172,1776386883000
1776386886.826,186.826,0.14,25.0,0.13,105.0,0.15,49.0,0.16,92.85,0.84,104.91,0.83,16.0,0.85,99.07,0.86,180.0,0.01,0.01,2344.561138,1776386885000
1776386888.259,188.259,0.13,80.0,0.12,365.09,0.14,53.48,0.15,68.81,0.85,49.0,0.84,92.85,0.86,25.0,0.87,105.0,0.01,0.01,2344.54005,1776386886000
1776386889.115,189.115,0.13,75.0,0.12,370.09,0.14,45.62,0.15,78.81,0.86,53.48,0.85,68.81,0.87,80.0,0.88,365.09,0.01,0.01,2344.569269,1776386888000
1776386890.551,190.551,0.13,123.0,0.12,225.09,0.16,11.6,0.18,5.0,0.86,45.62,0.85,78.81,0.87,75.0,0.88,370.09,0.03,0.01,2344.532641,1776386889000
1776386891.302,191.302,0.18,22.77,0.16,50.0,0.2,6.0,0.21,12.33,0.82,5.0,0.8,41.0,0.87,143.0,0.88,225.09,0.02,0.05,2344.553232,1776386890000
1776386891.542,191.542,0.18,22.77,0.17,61.54,0.2,0.5,0.21,35.0,0.8,5.5,0.79,12.33,0.82,22.77,0.84,50.0,0.02,0.02,2344.553232,1776386890000
1776386892.472,192.472,0.18,10.0,0.17,61.54,0.2,0.3,0.21,35.0,0.8,0.5,0.79,35.0,0.82,22.77,0.83,61.54,0.02,0.02,2344.908124,1776386891000
1776386892.716,192.716,0.18,59.22,0.17,70.0,0.19,16.0,0.2,10.3,0.81,13.73,0.8,0.3,0.82,64.22,0.83,70.0,0.01,0.01,2344.908124,1776386891000
1776386894.06,194.06,0.18,78.72,0.17,70.0,0.19,29.1,0.2,32.8,0.81,6.1,0.8,10.3,0.82,59.22,0.83,70.0,0.01,0.01,2344.849707,1776386892000
1776386894.32,194.32,0.18,77.5,0.17,70.0,0.19,39.1,0.2,32.8,0.81,29.1,0.8,32.8,0.82,78.72,0.83,70.0,0.01,0.01,2344.849707,1776386892000
1776386894.612,194.612,0.18,72.5,0.17,70.0,0.19,91.1,0.2,32.8,0.81,39.1,0.8,32.8,0.82,77.5,0.83,70.0,0.01,0.01,2344.849707,1776386892000
1776386895.118,195.118,0.18,67.5,0.17,70.0,0.19,67.1,0.2,32.8,0.81,91.1,0.8,32.8,0.82,72.5,0.83,70.0,0.01,0.01,2344.732046,1776386893000
1776386895.622,195.622,0.18,62.5,0.17,70.0,0.19,57.1,0.2,32.8,0.81,67.1,0.8,32.8,0.82,67.5,0.83,70.0,0.01,0.01,2344.699558,1776386894000
1776386896.102,196.102,0.18,81.5,0.17,70.0,0.19,169.26,0.2,32.8,0.81,57.1,0.8,32.8,0.82,62.5,0.83,70.0,0.01,0.01,2344.783315,1776386895000
1776386897.434,197.434,0.18,82.5,0.17,80.0,0.19,105.26,0.2,42.8,0.81,169.26,0.8,32.8,0.82,81.5,0.83,70.0,0.01,0.01,2344.693788,1776386896000
1776386898.17,198.17,0.18,57.5,0.17,80.0,0.19,86.26,0.2,32.8,0.81,105.26,0.8,42.8,0.82,82.5,0.83,80.0,0.01,0.01,2344.835586,1776386897000
1776386898.377,198.377,0.18,56.15,0.17,80.0,0.19,10.0,0.2,32.8,0.81,86.26,0.8,32.8,0.82,57.5,0.83,80.0,0.01,0.01,2344.835586,1776386897000
1776386898.957,198.957,0.18,15.15,0.17,80.0,0.19,53.84,0.2,32.8,0.81,2.0,0.8,32.8,0.82,56.15,0.83,80.0,0.01,0.01,2344.835586,1776386897000
1776386900.289,200.289,0.18,12.7,0.17,75.0,0.19,69.84,0.2,32.8,0.81,53.84,0.8,32.8,0.82,7.7,0.83,80.0,0.01,0.01,2344.8588,1776386898000
1776386900.871,200.871,0.18,11.48,0.17,85.0,0.19,79.84,0.2,48.63,0.81,69.84,0.8,32.8,0.82,12.7,0.83,75.0,0.01,0.01,2344.923099,1776386899000
1776386901.264,201.264,0.18,10.13,0.17,85.0,0.19,74.84,0.2,53.63,0.81,79.84,0.8,48.63,0.82,11.48,0.83,85.0,0.01,0.01,2344.923099,1776386899000
1776386902.726,202.726,0.18,8.91,0.17,85.0,0.19,97.84,0.2,42.8,0.81,74.84,0.8,53.63,0.82,10.13,0.83,85.0,0.01,0.01,2344.906238,1776386901000
1776386904.125,204.125,0.18,8.91,0.17,85.0,0.19,81.52,0.2,42.8,0.81,97.84,0.8,42.8,0.82,8.91,0.83,85.0,0.01,0.01,2344.890273,1776386902000
1776386904.632,204.632,0.18,0.91,0.17,85.0,0.19,81.52,0.2,42.8,0.81,81.52,0.8,42.8,0.82,8.91,0.83,85.0,0.01,0.01,2344.889072,1776386903000
1776386906.093,206.093,0.17,59.38,0.16,50.8,0.18,82.16,0.19,25.52,0.81,81.52,0.8,42.8,0.83,60.59,0.84,100.8,0.01,0.02,2344.836354,1776386904000
1776386906.511,206.511,0.17,56.84,0.16,50.8,0.18,104.97,0.19,25.52,0.82,82.16,0.81,25.52,0.83,58.05,0.84,50.8,0.01,0.01,2344.838455,1776386905000
1776386907.254,207.254,0.16,13.78,0.15,25.0,0.17,120.82,0.18,88.8,0.82,104.97,0.81,25.52,0.83,56.84,0.84,50.8,0.01,0.01,2344.838455,1776386905000
1776386907.597,207.597,0.14,45.0,0.13,60.0,0.15,5.0,0.16,76.0,0.83,120.82,0.82,88.8,0.84,13.78,0.85,25.0,0.01,0.01,2344.86794,1776386906000
1776386909.512,209.512,0.14,2.9,0.13,70.0,0.15,35.16,0.16,19.0,0.85,5.0,0.84,76.0,0.86,45.0,0.87,60.0,0.01,0.01,2344.868848,1776386907000
1776386910.352,210.352,0.14,0.56,0.13,45.0,0.15,67.15,0.16,19.0,0.85,35.16,0.84,19.0,0.86,1.73,0.87,70.0,0.01,0.01,2344.719956,1776386908000
1776386911.364,211.364,0.14,10.56,0.13,35.0,0.15,0.16,0.17,10.0,0.85,67.15,0.84,19.0,0.86,0.56,0.87,45.0,0.01,0.01,2344.786569,1776386910000
1776386912.148,212.148,0.16,5.0,0.15,20.0,0.17,10.0,0.18,88.9,0.83,2.26,0.82,98.9,0.86,10.56,0.87,45.0,0.01,0.03,2344.786569,1776386910000
1776386913.519,213.519,0.16,3.1,0.15,10.0,0.17,20.0,0.18,88.9,0.83,10.0,0.82,88.9,0.84,5.0,0.85,20.0,0.01,0.01,2344.826407,1776386912000
1776386913.949,213.949,0.15,12.88,0.14,10.0,0.16,10.0,0.17,20.0,0.83,20.0,0.82,88.9,0.84,3.1,0.85,10.0,0.01,0.01,2344.826407,1776386912000
1776386914.303,214.303,0.15,6.99,0.14,10.0,0.16,10.0,0.17,20.0,0.84,10.0,0.83,20.0,0.85,12.88,0.86,10.0,0.01,0.01,2344.826407,1776386912000
1776386915.036,215.036,0.13,76.8,0.12,329.19,0.16,20.0,0.17,10.0,0.84,10.0,0.83,20.0,0.85,6.99,0.86,10.0,0.03,0.01,2344.877422,1776386913000
1776386916.193,216.193,0.13,49.5,0.12,329.19,0.15,10.0,0.16,20.0,0.84,20.0,0.83,10.0,0.87,76.8,0.88,329.19,0.02,0.03,2344.895648,1776386915000
1776386920.19,220.19,0.19,32.51,0.18,10.0,0.2,35.3,0.21,61.7,0.85,10.0,0.84,20.0,0.87,49.5,0.88,329.19,0.01,0.02,2344.890832,1776386918000
1776386921.279,221.279,0.21,39.7,0.19,8.51,0.22,25.0,0.23,20.0,0.8,35.3,0.79,61.7,0.81,32.51,0.82,10.0,0.01,0.01,2344.885189,1776386920000
1776386921.573,221.573,0.21,43.17,0.2,10.0,0.22,25.0,0.23,20.0,0.78,25.0,0.77,20.0,0.79,39.7,0.81,8.51,0.01,0.01,2344.885189,1776386920000
1776386922.174,222.174,0.21,5.0,0.2,80.0,0.22,25.0,0.23,20.0,0.78,25.0,0.77,20.0,0.79,43.17,0.8,10.0,0.01,0.01,2344.993222,1776386921000
1776386923.182,223.182,0.2,78.75,0.18,34.4,0.21,10.0,0.22,25.0,0.78,25.0,0.77,20.0,0.79,5.0,0.8,80.0,0.01,0.01,2345.149573,1776386922000
1776386925.399,225.399,0.2,76.25,0.18,10.0,0.21,10.0,0.22,25.0,0.79,10.0,0.78,25.0,0.8,78.75,0.82,34.4,0.01,0.01,2345.149398,1776386923000
1776386926.674,226.674,0.2,60.82,0.18,10.0,0.21,26.72,0.22,35.0,0.79,10.0,0.78,25.0,0.8,76.25,0.82,10.0,0.01,0.01,2345.151455,1776386924000
1776386928.318,228.318,0.2,23.32,0.17,20.0,0.21,26.72,0.22,40.0,0.79,26.72,0.78,35.0,0.8,60.82,0.82,10.0,0.01,0.01,2345.183481,1776386927000
1776386928.986,228.986,0.17,20.0,0.16,110.8,0.21,26.72,0.22,20.0,0.79,26.72,0.78,40.0,0.8,23.32,0.83,20.0,0.04,0.01,2345.183481,1776386927000
1776386929.639,229.639,0.17,20.0,0.16,110.8,0.2,9.5,0.21,10.0,0.79,26.72,0.78,20.0,0.83,20.0,0.84,110.8,0.03,0.04,2345.170315,1776386928000
1776386930.662,230.662,0.15,5.0,0.14,55.0,0.17,28.0,0.18,10.0,0.8,9.5,0.79,10.0,0.83,20.0,0.84,110.8,0.02,0.03,2345.17562,1776386929000
1776386930.893,230.893,0.14,14.47,0.13,71.8,0.16,3.5,0.17,16.0,0.83,28.0,0.82,10.0,0.86,49.47,0.87,61.8,0.02,0.03,2345.17562,1776386929000
1776386931.249,231.249,0.17,9.5,0.15,5.3,0.18,10.0,0.19,30.0,0.84,3.5,0.83,16.0,0.85,5.3,0.86,14.47,0.01,0.01,2345.181422,1776386930000
1776386931.522,231.522,0.15,4.4,0.14,14.47,0.18,10.0,0.19,30.0,0.82,10.0,0.81,30.0,0.83,9.5,0.85,5.3,0.03,0.01,2345.181422,1776386930000
1776386935.22,235.22,0.12,245.09,0.11,100.0,0.14,98.83,0.15,53.0,0.82,10.0,0.81,30.0,0.85,4.4,0.86,14.47,0.02,0.03,2345.151671,1776386934000
1776386936.029,236.029,0.12,11.68,0.11,50.0,0.13,123.83,0.14,78.0,0.86,98.83,0.85,53.0,0.88,245.09,0.89,100.0,0.01,0.02,2345.151671,1776386934000
1776386937.894,237.894,0.12,0.54,0.11,25.0,0.13,84.83,0.14,78.0,0.87,123.83,0.86,78.0,0.88,11.68,0.89,50.0,0.01,0.01,2345.037691,1776386936000
1776386939.211,239.211,0.1,215.0,0.09,171.0,0.13,78.0,0.14,63.83,0.87,84.83,0.86,78.0,0.88,0.54,0.89,25.0,0.03,0.01,2344.870583,1776386938000
1776386939.757,239.757,0.1,210.0,0.09,171.0,0.11,61.0,0.12,34.0,0.87,78.0,0.86,63.83,0.9,215.0,0.91,171.0,0.01,0.03,2344.870583,1776386938000
1776386940.035,240.035,0.1,208.88,0.09,171.0,0.11,61.0,0.12,34.0,0.89,61.0,0.88,34.0,0.9,210.0,0.91,171.0,0.01,0.01,2344.870583,1776386938000
1776386940.562,240.562,0.1,206.65,0.09,171.0,0.11,71.0,0.12,34.0,0.89,61.0,0.88,34.0,0.9,208.88,0.91,171.0,0.01,0.01,2344.870583,1776386938000
1776386941.621,241.621,0.09,86.0,0.08,163.0,0.11,209.83,0.12,149.17,0.89,71.0,0.88,34.0,0.9,206.65,0.91,171.0,0.02,0.01,2344.771744,1776386940000
1776386941.858,241.858,0.08,130.0,0.07,274.0,0.1,150.83,0.11,169.0,0.89,209.83,0.88,149.17,0.91,86.0,0.92,163.0,0.02,0.02,2344.771744,1776386940000
1776386942.114,242.114,0.08,5.0,0.07,274.0,0.09,132.59,0.1,108.0,0.9,150.83,0.89,169.0,0.92,130.0,0.93,274.0,0.01,0.02,2344.771744,1776386940000
1776386943.071,243.071,0.07,174.0,0.06,151.0,0.09,185.59,0.1,105.0,0.91,132.59,0.9,108.0,0.92,5.0,0.93,274.0,0.02,0.01,2344.724348,1776386941000
1776386944.177,244.177,0.06,148.92,0.05,85.0,0.08,98.83,0.09,193.76,0.92,83.83,0.91,153.76,0.93,152.92,0.94,151.0,0.02,0.01,2344.691804,1776386942000
1776386945.482,245.482,0.06,140.84,0.05,101.0,0.07,46.83,0.08,172.73,0.92,98.83,0.91,193.76,0.94,148.92,0.95,85.0,0.01,0.02,2344.397476,1776386944000
1776386946.02,246.02,0.06,139.77,0.05,101.0,0.07,112.13,0.08,167.73,0.93,46.83,0.92,172.73,0.94,140.84,0.95,101.0,0.01,0.01,2344.397476,1776386944000
1776386948.335,248.335,0.05,85.0,0.04,290.0,0.06,45.23,0.07,215.12,0.93,112.13,0.92,167.73,0.94,129.77,0.95,101.0,0.01,0.01,2344.389208,1776386946000
1776386948.611,248.611,0.05,81.83,0.04,290.0,0.06,121.06,0.07,197.3,0.94,121.06,0.93,192.3,0.95,83.94,0.96,290.0,0.01,0.01,2344.348599,1776386947000
1776386950.02,250.02,0.05,46.83,0.04,285.0,0.06,242.86,0.07,183.3,0.94,121.06,0.93,197.3,0.95,81.83,0.96,290.0,0.01,0.01,2344.317304,1776386948000
1776386950.478,250.478,0.05,5.83,0.04,285.0,0.06,322.86,0.07,183.3,0.94,242.86,0.93,183.3,0.95,40.83,0.96,285.0,0.01,0.01,2344.246635,1776386949000
1776386952.203,252.203,0.04,254.05,0.03,362.0,0.05,201.89,0.06,245.03,0.94,322.86,0.93,183.3,0.96,258.74,0.97,346.0,0.01,0.02,2344.221894,1776386950000
1776386953.402,253.402,0.04,151.98,0.03,346.0,0.05,213.63,0.06,245.03,0.95,201.89,0.94,245.03,0.96,254.05,0.97,362.0,0.01,0.01,2344.162211,1776386952000
1776386953.852,253.852,0.03,362.0,0.02,574.0,0.05,200.63,0.06,255.03,0.95,213.63,0.94,245.03,0.96,151.98,0.97,346.0,0.02,0.01,2344.162211,1776386952000
1776386954.234,254.234,0.03,346.0,0.02,574.0,0.04,147.54,0.05,183.63,0.95,200.63,0.94,255.03,0.97,362.0,0.98,574.0,0.01,0.02,2344.160416,1776386953000
1776386954.545,254.545,0.03,253.64,0.02,574.0,0.04,147.4,0.05,183.63,0.96,147.54,0.95,183.63,0.97,253.64,0.98,574.0,0.01,0.01,2344.160416,1776386953000
1776386955.63,255.63,0.03,250.83,0.02,455.0,0.04,147.4,0.05,244.52,0.96,147.4,0.95,183.63,0.97,253.64,0.98,574.0,0.01,0.01,2344.157588,1776386954000
1776386956.061,256.061,0.03,239.54,0.02,471.0,0.04,147.4,0.05,228.52,0.96,147.4,0.95,244.52,0.97,244.7,0.98,455.0,0.01,0.01,2344.157588,1776386954000
1776386956.364,256.364,0.03,222.23,0.02,471.0,0.04,159.23,0.05,255.69,0.96,147.4,0.95,228.52,0.97,239.54,0.98,471.0,0.01,0.01,2344.159595,1776386955000
1776386957.306,257.306,0.03,222.23,0.02,471.0,0.05,156.52,0.06,208.03,0.96,159.23,0.95,255.69,0.97,222.23,0.98,471.0,0.02,0.01,2344.159595,1776386955000
1776386957.638,257.638,0.04,8.75,0.03,238.23,0.05,158.52,0.06,208.03,0.95,156.52,0.94,208.03,0.97,222.23,0.98,471.0,0.01,0.02,2344.168716,1776386956000
1776386958.147,258.147,0.04,1.38,0.03,238.23,0.05,260.8,0.06,208.03,0.95,158.52,0.94,208.03,0.96,6.68,0.97,238.23,0.01,0.01,2344.168716,1776386956000
1776386958.608,258.608,0.03,237.53,0.02,455.0,0.05,272.79,0.06,218.03,0.95,260.8,0.94,208.03,0.96,1.38,0.97,238.23,0.02,0.01,2344.20577,1776386957000
1776386959.274,259.274,0.03,237.53,0.02,455.0,0.04,62.92,0.05,277.79,0.95,272.79,0.94,218.03,0.97,237.53,0.98,455.0,0.01,0.02,2344.20577,1776386957000
1776386960.246,260.246,0.03,216.38,0.02,455.0,0.04,171.62,0.05,175.51,0.96,62.92,0.95,277.79,0.97,237.53,0.98,455.0,0.01,0.01,2344.220928,1776386959000
1776386960.845,260.845,0.03,211.23,0.02,455.0,0.04,181.62,0.05,192.51,0.96,171.62,0.95,175.51,0.97,216.38,0.98,455.0,0.01,0.01,2344.220928,1776386959000
1776386961.603,261.603,0.03,216.08,0.02,455.0,0.04,181.62,0.05,192.51,0.96,181.62,0.95,192.51,0.97,211.23,0.98,455.0,0.01,0.01,2344.221983,1776386960000
1776386962.154,262.154,0.03,216.08,0.02,455.0,0.04,165.96,0.05,223.52,0.96,181.62,0.95,192.51,0.97,216.08,0.98,455.0,0.01,0.01,2344.271659,1776386961000
1776386964.397,264.397,0.03,15.04,0.02,455.0,0.04,161.17,0.05,211.78,0.96,165.96,0.95,223.52,0.97,216.08,0.98,455.0,0.01,0.01,2344.268957,1776386963000
1776386965.34,265.34,0.03,9.88,0.02,455.0,0.04,171.17,0.05,211.78,0.96,161.17,0.95,211.78,0.97,15.04,0.98,455.0,0.01,0.01,2344.269202,1776386964000
1776386966.928,266.928,0.03,34.88,0.02,496.0,0.04,5.64,0.05,247.78,0.96,171.17,0.95,211.78,0.97,9.88,0.98,455.0,0.01,0.01,2344.340795,1776386965000
1776386967.569,267.569,0.03,34.88,0.02,501.0,0.05,186.2,0.06,206.03,0.96,5.64,0.95,247.78,0.97,34.88,0.98,496.0,0.02,0.01,2344.37536,1776386966000
1776386968.298,268.298,0.03,44.88,0.02,501.0,0.04,180.8,0.05,186.2,0.95,186.2,0.94,206.03,0.97,34.88,0.98,501.0,0.01,0.02,2344.345234,1776386967000
1776386969.275,269.275,0.03,49.88,0.02,718.7,0.04,134.98,0.05,69.4,0.96,180.8,0.95,186.2,0.97,44.88,0.98,501.0,0.01,0.01,2344.345234,1776386967000
1776386969.559,269.559,0.02,654.0,0.01,1740.49,0.04,51.0,0.05,69.4,0.96,81.98,0.95,69.4,0.97,48.74,0.98,718.7,0.02,0.01,2344.345234,1776386967000
1776386969.87,269.87,0.03,8.86,0.02,599.0,0.04,51.0,0.05,74.4,0.96,51.0,0.95,69.4,0.97,8.86,0.98,599.0,0.01,0.01,2344.353358,1776386968000
1776386970.152,270.152,0.03,7.79,0.02,549.0,0.04,63.0,0.05,74.4,0.96,51.0,0.95,74.4,0.97,8.86,0.98,599.0,0.01,0.01,2344.353358,1776386968000
1776386970.533,270.533,0.03,6.49,0.02,549.0,0.04,39.83,0.05,74.4,0.96,63.0,0.95,74.4,0.97,7.79,0.98,549.0,0.01,0.01,2344.368562,1776386969000
1776386971.213,271.213,0.02,532.34,0.01,1730.49,0.04,74.82,0.05,74.4,0.96,39.83,0.95,74.4,0.97,1.34,0.98,549.0,0.02,0.01,2344.387704,1776386970000
1776386971.645,271.645,0.02,527.23,0.01,1730.49,0.04,74.82,0.05,74.4,0.96,74.82,0.95,74.4,0.98,532.34,0.99,1730.49,0.02,0.02,2344.387704,1776386970000
1776386972.143,272.143,0.03,6.84,0.02,531.23,0.04,94.83,0.05,69.4,0.96,74.82,0.95,74.4,0.98,527.23,0.99,1730.49,0.01,0.02,2344.387704,1776386970000
1776386972.551,272.551,0.03,1.79,0.02,531.23,0.04,94.83,0.05,69.4,0.96,94.83,0.95,69.4,0.97,6.84,0.98,531.23,0.01,0.01,2344.387704,1776386970000
1776386972.958,272.958,0.03,0.57,0.02,531.23,0.04,75.83,0.05,69.4,0.96,94.83,0.95,69.4,0.97,1.79,0.98,531.23,0.01,0.01,2344.49624,1776386971000
1776386973.666,273.666,0.02,346.88,0.01,1719.46,0.04,37.0,0.05,69.4,0.96,75.83,0.95,69.4,0.97,0.57,0.98,531.23,0.02,0.01,2344.580924,1776386972000
1776386973.958,273.958,0.02,327.84,0.01,1735.46,0.03,5.0,0.04,37.0,0.96,37.0,0.95,69.4,0.98,346.88,0.99,1719.46,0.01,0.02,2344.580924,1776386972000
1776386974.166,274.166,0.02,312.57,0.01,1735.46,0.03,5.0,0.04,37.0,0.97,5.0,0.96,37.0,0.98,327.84,0.99,1735.46,0.01,0.01,2344.580924,1776386972000
1776386974.718,274.718,0.02,302.57,0.01,1745.46,0.03,22.0,0.04,25.83,0.97,5.0,0.96,37.0,0.98,312.57,0.99,1735.46,0.01,0.01,2344.534109,1776386973000
1776386975.435,275.435,0.02,181.57,0.01,1381.86,0.03,22.0,0.04,41.82,0.97,22.0,0.96,25.83,0.98,238.57,0.99,1745.46,0.01,0.01,2344.572915,1776386974000
1776386976.512,276.512,0.02,180.49,0.01,1381.86,0.03,22.0,0.04,41.82,0.97,22.0,0.96,41.82,0.98,181.57,0.99,1381.86,0.01,0.01,2344.529015,1776386975000
1776386978.959,278.959,0.02,168.27,0.01,1181.86,0.03,42.31,0.04,85.83,0.97,22.0,0.96,41.82,0.98,180.49,0.99,1381.86,0.01,0.01,2344.50485,1776386977000
1776386980.627,280.627,0.02,63.22,0.01,1181.84,0.03,67.14,0.04,85.83,0.97,42.31,0.96,85.83,0.98,168.27,0.99,1181.86,0.01,0.01,2344.586902,1776386978000
1776386980.919,280.919,0.02,48.38,0.01,1181.84,0.03,78.14,0.04,85.83,0.97,78.14,0.96,85.83,0.98,58.38,0.99,1181.84,0.01,0.01,2344.591742,1776386979000
1776386981.41,281.41,0.02,46.38,0.01,1181.84,0.03,88.14,0.04,108.83,0.97,78.14,0.96,85.83,0.98,48.38,0.99,1181.84,0.01,0.01,2344.591742,1776386979000
1776386982.594,282.594,0.02,33.38,0.01,1171.84,0.03,81.47,0.04,108.83,0.97,88.14,0.96,108.83,0.98,46.38,0.99,1181.84,0.01,0.01,2344.601114,1776386980000
1776386983.246,283.246,0.02,32.0,0.01,1171.84,0.03,81.47,0.04,108.83,0.97,81.47,0.96,108.83,0.98,33.38,0.99,1171.84,0.01,0.01,2344.519415,1776386981000
1776386983.471,283.471,0.02,2.0,0.01,1171.84,0.03,81.47,0.04,108.83,0.97,81.47,0.96,108.83,0.98,32.0,0.99,1171.84,0.01,0.01,2344.519415,1776386981000
1776386983.837,283.837,0.01,1150.84,,,0.02,10.0,0.03,109.47,0.97,81.47,0.96,108.83,0.99,1171.84,,,0.01,0.02,2344.519415,1776386981000
1776386984.073,284.073,0.02,24.86,0.01,1063.69,0.03,109.47,0.04,103.83,0.97,109.47,0.96,103.83,0.99,1063.69,,,0.01,0.02,2344.594742,1776386982000
1776386984.332,284.332,0.01,1052.52,,,0.03,109.47,0.04,103.83,0.97,109.47,0.96,103.83,0.98,22.83,0.99,1079.69,0.02,0.01,2344.594742,1776386982000
1776386984.705,284.705,0.01,1031.47,,,0.02,58.93,0.03,109.47,0.98,7.93,0.97,109.47,0.99,1052.52,,,0.01,0.01,2344.594742,1776386982000
1776386986.363,286.363,,,,,0.02,84.6,0.03,109.47,0.98,57.78,0.97,109.47,,,,,,,2344.533275,1776386984000
1776386986.638,286.638,,,,,0.01,0.06,0.02,96.61,0.98,84.6,0.97,109.47,,,,,,,2344.533275,1776386984000
1776386987.175,287.175,0.01,21.09,,,0.02,73.15,0.03,104.47,0.98,94.41,0.97,104.47,0.99,6.11,,,0.01,0.01,2344.543436,1776386985000
1776386987.754,287.754,,,,,0.01,440.0,0.02,34.32,0.98,53.15,0.97,104.47,,,,,,,2344.543436,1776386985000
1776386989.356,289.356,,,,,0.01,474.58,0.02,34.32,0.99,425.0,0.98,34.32,,,,,,,2344.556368,1776386987000
1776386990.299,290.299,,,,,0.04,18.83,0.05,20.26,0.99,474.58,0.98,34.32,,,,,,,2344.69229,1776386988000
1776386994.859,294.859,,,,,0.01,414.7,0.04,18.0,0.96,18.83,0.95,20.26,,,,,,,2344.973923,1776386993000
1776386995.127,295.127,0.06,50.0,0.01,2525.0,0.11,45.27,0.12,30.0,0.9,25.27,0.89,70.0,0.94,50.0,0.99,2525.0,0.05,0.04,2344.99883,1776386994000
1776386995.33,295.33,0.16,59.23,0.15,10.0,0.22,10.0,0.23,10.0,0.78,10.0,0.77,10.0,0.84,59.23,0.85,10.0,0.06,0.06,2344.99883,1776386994000
1776386995.538,295.538,0.1,40.0,0.09,10.0,0.11,41.2,0.17,5.83,0.83,5.83,0.82,21.33,0.89,25.85,0.9,40.0,0.01,0.06,2344.99883,1776386994000
1776386995.766,295.766,0.1,8.45,0.08,5.0,0.11,27.36,0.12,5.0,0.89,27.36,0.88,5.0,0.92,5.0,0.93,10.0,0.01,0.03,2344.99883,1776386994000
1776386995.99,295.99,0.1,7.08,0.09,10.0,0.11,16.9,0.12,5.0,0.89,29.9,0.88,5.0,0.9,7.08,0.91,10.0,0.01,0.01,2344.99883,1776386994000
1776386996.273,296.273,0.1,60.0,0.09,10.0,0.11,79.85,0.12,27.0,0.94,50.0,0.89,42.02,0.95,112.45,0.96,78.0,0.01,0.01,2344.99883,1776386994000
1776386996.612,296.612,0.12,19.17,0.1,60.0,0.14,33.83,0.15,19.0,0.86,23.83,0.85,24.0,0.87,2.34,0.88,59.15,0.02,0.01,2344.99883,1776386994000
1776386997.343,297.343,0.1,32.91,0.08,16.0,0.11,88.83,0.12,22.0,0.87,10.0,0.86,44.83,0.9,38.17,0.92,10.0,0.01,0.03,2345.61624,1776386996000
1776386997.722,297.722,0.05,15.86,0.04,62.0,0.11,81.65,0.12,22.0,0.89,58.83,0.88,22.0,0.9,6.41,0.92,16.0,0.06,0.01,2345.61624,1776386996000
1776386997.996,297.996,0.06,4.74,0.05,12.7,0.08,10.0,0.09,23.83,0.92,10.0,0.91,10.0,0.95,12.7,0.96,62.0,0.02,0.03,2345.61624,1776386996000
1776386998.392,298.392,0.05,0.43,0.04,62.0,0.07,10.0,0.08,10.0,0.92,10.0,0.91,23.83,0.95,6.43,0.96,62.0,0.02,0.03,2345.819909,1776386997000
1776386998.635,298.635,0.04,46.28,0.03,10.0,0.06,74.88,0.07,10.0,0.94,74.88,0.93,10.0,0.96,51.43,0.97,10.0,0.02,0.02,2345.819909,1776386997000
1776386998.982,298.982,0.02,316.28,0.01,430.0,0.06,74.88,0.07,10.0,0.94,74.88,0.93,10.0,0.96,46.28,0.97,10.0,0.04,0.02,2345.819909,1776386997000
1776386999.204,299.204,,,,,0.01,382.72,0.04,13.5,0.96,13.5,0.95,10.0,0.98,287.28,0.99,430.0,,0.02,2345.819909,1776386997000
1776387000.383,300.383,,,,,0.01,6831.52,0.06,46.63,0.94,46.63,0.93,10.0,,,,,,,2345.840512,1776386999000

# RESULT,winner=Down,slug=eth-updown-5m-1776386700,ticks=288
