timestamp,elapsed_sec,up_bid_p1,up_bid_s1,up_bid_p2,up_bid_s2,up_bid_p3,up_bid_s3,up_bid_p4,up_bid_s4,up_bid_p5,up_bid_s5,up_ask_p1,up_ask_s1,up_ask_p2,up_ask_s2,up_ask_p3,up_ask_s3,up_ask_p4,up_ask_s4,up_ask_p5,up_ask_s5,down_bid_p1,down_bid_s1,down_bid_p2,down_bid_s2,down_bid_p3,down_bid_s3,down_bid_p4,down_bid_s4,down_bid_p5,down_bid_s5,down_ask_p1,down_ask_s1,down_ask_p2,down_ask_s2,down_ask_p3,down_ask_s3,down_ask_p4,down_ask_s4,down_ask_p5,down_ask_s5,up_spread,down_spread,eth_price,eth_oracle_ts
1776162011.216,11.216,,,,,,,,,,,,,,,,,,,,,,,,,,,,,,,,,,,,,,,,,,,2382.627838,1776162010000
1776162011.478,11.478,0.39,102.42,0.38,113.0,0.37,90.0,0.36,98.0,0.35,23.0,0.4,9.75,0.41,15.0,0.42,20.0,0.43,35.0,0.44,61.08,0.6,9.75,0.59,15.0,0.58,20.0,0.57,35.0,0.56,61.08,0.61,107.42,0.62,113.0,0.63,90.0,0.64,90.0,0.65,23.0,0.01,0.01,2382.627838,1776162010000
1776162011.894,11.894,0.39,102.42,0.38,113.0,0.37,90.0,0.36,90.0,0.35,23.0,0.4,9.75,0.41,15.0,0.42,20.0,0.43,35.0,0.44,61.08,0.6,9.75,0.59,15.0,0.58,20.0,0.57,35.0,0.56,61.08,0.61,107.42,0.62,113.0,0.63,90.0,0.64,90.0,0.65,23.0,0.01,0.01,2382.627838,1776162010000
1776162012.266,12.266,0.39,102.42,0.38,113.0,0.37,90.0,0.36,90.0,0.35,23.0,0.4,9.75,0.41,15.0,0.42,20.0,0.43,35.0,0.44,61.08,0.6,9.75,0.59,15.0,0.58,20.0,0.57,35.0,0.56,61.08,0.61,102.42,0.62,113.0,0.63,90.0,0.64,90.0,0.65,23.0,0.01,0.01,2382.575035,1776162011000
1776162012.949,12.949,0.39,112.42,0.38,113.0,0.37,90.0,0.36,148.0,0.35,15.0,0.41,3.65,0.42,15.0,0.43,25.0,0.44,37.09,0.45,64.09,0.6,9.75,0.59,15.0,0.58,20.0,0.57,35.0,0.56,61.08,0.61,102.42,0.62,113.0,0.63,90.0,0.64,90.0,0.65,23.0,0.02,0.01,2382.575035,1776162011000
1776162013.3,13.3,0.39,112.42,0.38,113.0,0.37,90.0,0.36,148.0,0.35,15.0,0.41,3.65,0.42,15.0,0.43,25.0,0.44,37.09,0.45,64.09,0.59,3.65,0.58,15.0,0.57,25.0,0.56,37.09,0.55,64.09,0.61,112.42,0.62,113.0,0.63,90.0,0.64,148.0,0.65,15.0,0.02,0.02,2382.59168,1776162012000
1776162013.527,13.527,0.4,109.5,0.39,59.42,0.38,85.0,0.37,90.0,0.36,148.0,0.41,16.71,0.42,20.0,0.43,25.0,0.44,47.09,0.45,54.09,0.59,3.65,0.58,15.0,0.57,25.0,0.56,37.09,0.55,64.09,0.61,112.42,0.62,113.0,0.63,90.0,0.64,148.0,0.65,15.0,0.01,0.02,2382.59168,1776162012000
1776162014.383,14.383,0.4,109.5,0.39,59.42,0.38,85.0,0.37,90.0,0.36,148.0,0.41,16.71,0.42,20.0,0.43,25.0,0.44,47.09,0.45,54.09,0.59,16.71,0.58,20.0,0.57,25.0,0.56,47.09,0.55,54.09,0.6,109.5,0.61,59.42,0.62,85.0,0.63,90.0,0.64,148.0,0.01,0.01,2382.59043,1776162013000
1776162014.944,14.944,0.4,100.0,0.39,59.42,0.38,95.5,0.37,90.0,0.36,148.0,0.41,21.71,0.42,20.0,0.43,25.0,0.44,36.09,0.45,54.09,0.59,21.71,0.58,20.0,0.57,25.0,0.56,36.09,0.55,54.09,0.6,100.0,0.61,59.42,0.62,95.5,0.63,90.0,0.64,148.0,0.01,0.01,2382.59043,1776162014000
1776162016.034,16.034,0.41,109.0,0.4,67.5,0.39,40.92,0.38,105.5,0.37,90.0,0.42,30.5,0.43,30.0,0.44,77.09,0.45,59.09,0.46,50.0,0.59,21.71,0.58,20.0,0.57,25.0,0.56,36.09,0.55,54.09,0.6,100.0,0.61,59.42,0.62,95.5,0.63,90.0,0.64,148.0,0.01,0.01,2382.59043,1776162014000
1776162017.146,17.146,0.41,99.0,0.4,67.5,0.39,40.92,0.38,105.5,0.37,90.0,0.42,27.42,0.43,35.0,0.44,77.09,0.45,59.09,0.46,50.0,0.58,27.42,0.57,35.0,0.56,77.09,0.55,59.09,0.54,50.0,0.59,99.0,0.6,67.5,0.61,40.92,0.62,105.5,0.63,90.0,0.01,0.01,2382.61794,1776162016000
1776162017.631,17.631,0.42,112.5,0.41,57.5,0.4,62.5,0.39,32.92,0.38,112.5,0.43,17.92,0.44,30.59,0.45,51.09,0.46,49.0,0.47,87.0,0.57,20.0,0.56,25.59,0.55,59.09,0.54,41.0,0.53,87.0,0.58,107.5,0.59,57.5,0.6,62.5,0.61,32.92,0.62,112.5,0.01,0.01,2382.61794,1776162016000
1776162018.159,18.159,0.42,112.5,0.41,57.5,0.4,62.5,0.39,32.92,0.38,112.5,0.43,15.84,0.44,30.59,0.45,51.09,0.46,49.0,0.47,87.0,0.57,15.84,0.56,30.59,0.55,51.09,0.54,49.0,0.53,87.0,0.58,112.5,0.59,57.5,0.6,62.5,0.61,32.92,0.62,112.5,0.01,0.01,2382.6289,1776162017000
1776162018.362,18.362,0.43,5.0,0.42,10.0,0.41,102.5,0.4,67.5,0.39,39.92,0.44,15.0,0.45,167.84,0.46,50.5,0.47,43.5,0.48,20.76,0.55,87.38,0.54,40.0,0.53,43.5,0.52,20.76,0.51,85.0,0.57,10.0,0.58,24.0,0.59,114.5,0.6,30.5,0.61,49.92,0.01,0.02,2382.6289,1776162017000
1776162019.095,19.095,0.43,5.0,0.42,15.0,0.41,97.5,0.4,67.5,0.39,44.92,0.44,96.0,0.45,110.84,0.46,50.5,0.47,43.5,0.48,20.76,0.56,96.0,0.55,110.84,0.54,50.5,0.53,43.5,0.52,20.76,0.57,5.0,0.58,10.0,0.59,97.5,0.6,62.5,0.61,39.92,0.01,0.01,2382.6289,1776162017000
1776162019.567,19.567,0.43,18.96,0.42,15.0,0.41,97.5,0.4,67.5,0.39,44.92,0.44,101.0,0.45,110.84,0.46,50.5,0.47,43.5,0.48,20.76,0.56,96.0,0.55,110.84,0.54,50.5,0.53,43.5,0.52,20.76,0.57,5.0,0.58,15.0,0.59,97.5,0.6,67.5,0.61,44.92,0.01,0.01,2382.70809,1776162018000
1776162020.048,20.048,0.43,18.96,0.42,10.0,0.41,97.5,0.4,67.5,0.39,44.92,0.44,91.0,0.45,110.84,0.46,50.5,0.47,43.5,0.48,20.76,0.56,91.0,0.55,110.84,0.54,50.5,0.53,43.5,0.52,20.76,0.57,18.96,0.58,10.0,0.59,97.5,0.6,67.5,0.61,44.92,0.01,0.01,2382.767825,1776162019000
1776162021.021,21.021,0.43,15.96,0.42,16.0,0.41,82.5,0.4,67.5,0.39,72.92,0.44,101.0,0.45,110.84,0.46,50.5,0.47,43.5,0.48,29.76,0.56,101.0,0.55,110.84,0.54,50.5,0.53,43.5,0.52,29.76,0.57,15.96,0.58,16.0,0.59,82.5,0.6,67.5,0.61,72.92,0.01,0.01,2382.74103,1776162020000
1776162021.228,21.228,0.42,7.96,0.41,15.0,0.4,67.5,0.39,44.92,0.38,95.5,0.44,101.0,0.45,110.84,0.46,50.5,0.47,43.5,0.48,29.76,0.56,101.0,0.55,110.84,0.54,50.5,0.53,43.5,0.52,29.76,0.57,15.96,0.58,16.0,0.59,82.5,0.6,67.5,0.61,72.92,0.02,0.01,2382.74103,1776162020000
1776162021.489,21.489,0.4,62.5,0.39,44.92,0.38,100.5,0.37,93.0,0.36,135.0,0.42,30.0,0.43,25.0,0.44,101.5,0.45,100.84,0.46,50.5,0.56,101.0,0.55,110.84,0.54,50.5,0.53,43.5,0.52,29.76,0.58,7.96,0.59,15.0,0.6,67.5,0.61,44.92,0.62,95.5,0.02,0.02,2382.74103,1776162020000
1776162022.082,22.082,0.4,62.5,0.39,49.92,0.38,100.5,0.37,93.0,0.36,135.0,0.42,44.91,0.43,30.0,0.44,96.5,0.45,100.84,0.46,50.5,0.58,44.91,0.57,30.0,0.56,96.5,0.55,100.84,0.54,50.5,0.6,62.5,0.61,49.92,0.62,100.5,0.63,93.0,0.64,135.0,0.02,0.02,2382.691275,1776162021000
1776162022.525,22.525,0.41,74.61,0.4,62.5,0.39,71.92,0.38,100.5,0.37,93.0,0.42,15.0,0.43,30.0,0.44,25.5,0.45,75.84,0.46,40.0,0.58,44.91,0.57,30.0,0.56,96.5,0.55,100.84,0.54,50.5,0.6,62.5,0.61,49.92,0.62,100.5,0.63,93.0,0.64,135.0,0.01,0.02,2382.691275,1776162021000
1776162022.922,22.922,0.42,79.96,0.41,61.11,0.4,40.5,0.39,39.92,0.38,100.5,0.43,5.0,0.44,10.0,0.45,29.38,0.46,53.99,0.47,59.0,0.58,15.0,0.57,30.0,0.56,25.5,0.55,75.84,0.54,40.0,0.59,74.61,0.6,62.5,0.61,71.92,0.62,100.5,0.63,93.0,0.01,0.01,2382.691275,1776162021000
1776162023.184,23.184,0.42,15.0,0.41,29.11,0.4,63.5,0.39,66.92,0.38,100.5,0.43,5.23,0.44,25.0,0.45,92.87,0.46,51.49,0.47,33.0,0.56,10.0,0.55,87.87,0.54,51.49,0.53,33.0,0.52,95.76,0.58,15.0,0.59,18.61,0.6,63.5,0.61,66.92,0.62,100.5,0.01,0.02,2382.68289,1776162022000
1776162023.934,23.934,0.42,15.0,0.41,29.11,0.4,63.5,0.39,66.92,0.38,100.5,0.43,5.23,0.44,25.0,0.45,92.87,0.46,51.49,0.47,33.0,0.57,5.23,0.56,25.0,0.55,92.87,0.54,51.49,0.53,33.0,0.58,15.0,0.59,29.11,0.6,63.5,0.61,66.92,0.62,100.5,0.01,0.01,2382.661775,1776162023000
1776162024.349,24.349,0.43,9.62,0.42,30.5,0.41,29.11,0.4,58.5,0.39,66.92,0.44,20.0,0.45,82.37,0.46,40.99,0.47,43.5,0.48,101.53,0.57,5.23,0.56,25.0,0.55,92.87,0.54,51.49,0.53,33.0,0.58,15.0,0.59,29.11,0.6,63.5,0.61,66.92,0.62,100.5,0.01,0.01,2382.661775,1776162023000
1776162024.636,24.636,0.44,33.08,0.43,152.12,0.42,118.5,0.41,125.11,0.4,40.5,0.45,11.0,0.46,5.0,0.47,80.99,0.48,109.53,0.49,15.0,0.55,68.99,0.54,30.99,0.53,23.0,0.52,83.53,0.51,15.0,0.56,23.08,0.57,167.12,0.58,100.5,0.59,110.11,0.6,63.5,0.01,0.01,2382.661775,1776162023000
1776162024.836,24.836,0.44,33.08,0.43,158.12,0.42,118.5,0.41,108.11,0.4,30.5,0.45,3.72,0.46,15.0,0.47,43.03,0.48,125.06,0.49,15.0,0.55,6.1,0.54,15.0,0.53,43.03,0.52,125.06,0.51,15.0,0.56,33.08,0.57,158.12,0.58,118.5,0.59,108.11,0.6,30.5,0.01,0.01,2382.661775,1776162023000
1776162025.253,25.253,0.44,87.5,0.43,95.12,0.42,113.5,0.41,134.11,0.4,30.5,0.46,23.97,0.47,67.99,0.48,125.06,0.49,15.0,0.5,30.27,0.55,1.27,0.54,15.0,0.53,43.03,0.52,125.06,0.51,15.0,0.56,27.99,0.57,153.12,0.58,113.5,0.59,108.11,0.6,30.5,0.02,0.01,2382.709274,1776162024000
1776162025.628,25.628,0.44,85.39,0.43,95.12,0.42,113.5,0.41,134.11,0.4,30.5,0.46,39.97,0.47,84.98,0.48,125.06,0.49,15.0,0.5,30.27,0.54,23.97,0.53,67.99,0.52,125.06,0.51,15.0,0.5,30.27,0.56,87.5,0.57,95.12,0.58,113.5,0.59,134.11,0.6,30.5,0.02,0.02,2382.709274,1776162024000
1776162026.308,26.308,0.44,15.09,0.43,95.21,0.42,113.5,0.41,191.11,0.4,30.5,0.45,25.0,0.46,45.13,0.47,90.48,0.48,63.03,0.49,85.0,0.54,35.13,0.53,84.98,0.52,125.06,0.51,15.0,0.5,30.27,0.56,78.28,0.57,95.12,0.58,113.5,0.59,134.11,0.6,30.5,0.01,0.02,2382.709274,1776162024000
1776162027.4,27.4,0.44,15.09,0.43,95.21,0.42,113.5,0.41,191.11,0.4,30.5,0.45,25.0,0.46,45.13,0.47,90.48,0.48,63.03,0.49,85.0,0.55,25.0,0.54,45.13,0.53,90.48,0.52,63.03,0.51,85.0,0.56,15.09,0.57,95.21,0.58,113.5,0.59,191.11,0.6,30.5,0.01,0.01,2382.806855,1776162026000
1776162028.409,28.409,0.44,15.09,0.43,95.21,0.42,113.5,0.41,191.11,0.4,30.5,0.45,25.0,0.46,45.13,0.47,90.48,0.48,63.03,0.49,85.0,0.55,25.0,0.54,45.13,0.53,90.48,0.52,63.03,0.51,85.0,0.56,15.09,0.57,95.21,0.58,113.5,0.59,191.11,0.6,30.5,0.01,0.01,2382.83247,1776162027000
1776162028.945,28.945,0.44,15.09,0.43,95.21,0.42,113.5,0.41,191.11,0.4,30.5,0.45,25.0,0.46,45.13,0.47,90.48,0.48,63.03,0.49,85.0,0.55,25.0,0.54,45.13,0.53,90.48,0.52,63.03,0.51,85.0,0.56,15.09,0.57,95.21,0.58,113.5,0.59,191.11,0.6,30.5,0.01,0.01,2382.788875,1776162028000
1776162029.639,29.639,0.45,20.09,0.44,20.09,0.43,100.21,0.42,135.5,0.41,124.11,0.46,32.6,0.47,149.49,0.48,65.26,0.49,93.0,0.5,30.27,0.55,25.0,0.54,45.13,0.53,90.48,0.52,63.03,0.51,85.0,0.56,15.09,0.57,95.21,0.58,113.5,0.59,191.11,0.6,30.5,0.01,0.01,2382.788875,1776162028000
1776162029.886,29.886,0.45,20.09,0.44,20.09,0.43,100.21,0.42,135.5,0.41,124.11,0.46,32.6,0.47,149.49,0.48,65.26,0.49,93.0,0.5,30.27,0.54,32.6,0.53,149.49,0.52,65.26,0.51,93.0,0.5,30.27,0.55,20.09,0.56,20.09,0.57,100.21,0.58,135.5,0.59,124.11,0.01,0.01,2382.77556,1776162029000
1776162031.38,31.38,0.45,20.09,0.44,20.09,0.43,100.21,0.42,135.5,0.41,124.11,0.46,32.6,0.47,149.49,0.48,65.26,0.49,93.0,0.5,30.27,0.54,32.6,0.53,149.49,0.52,65.26,0.51,93.0,0.5,30.27,0.55,20.09,0.56,20.09,0.57,100.21,0.58,135.5,0.59,124.11,0.01,0.01,2382.789205,1776162030000
1776162032.154,32.154,0.45,45.59,0.44,51.59,0.43,121.21,0.42,147.5,0.41,124.11,0.46,12.6,0.47,81.99,0.48,54.76,0.49,103.5,0.5,30.27,0.54,32.6,0.53,149.49,0.52,65.26,0.51,93.0,0.5,30.27,0.55,20.09,0.56,20.09,0.57,100.21,0.58,135.5,0.59,124.11,0.01,0.01,2382.789205,1776162030000
1776162032.749,32.749,0.45,45.59,0.44,51.59,0.43,121.21,0.42,147.5,0.41,124.11,0.46,12.6,0.47,81.99,0.48,54.76,0.49,103.5,0.5,30.27,0.54,12.6,0.53,81.99,0.52,54.76,0.51,103.5,0.5,30.27,0.55,45.59,0.56,51.59,0.57,121.21,0.58,147.5,0.59,124.11,0.01,0.01,2382.783707,1776162031000
1776162033.258,33.258,0.45,45.59,0.44,51.59,0.43,121.21,0.42,147.5,0.41,124.11,0.46,12.6,0.47,81.99,0.48,54.76,0.49,103.5,0.5,30.27,0.54,12.6,0.53,81.99,0.52,54.76,0.51,103.5,0.5,30.27,0.55,45.59,0.56,51.59,0.57,121.21,0.58,147.5,0.59,124.11,0.01,0.01,2382.793707,1776162032000
1776162033.552,33.552,0.45,50.59,0.44,108.59,0.43,131.21,0.42,137.5,0.41,124.11,0.46,15.2,0.47,71.99,0.48,64.76,0.49,103.5,0.5,30.27,0.54,12.6,0.53,81.99,0.52,54.76,0.51,103.5,0.5,30.27,0.55,45.59,0.56,51.59,0.57,121.21,0.58,147.5,0.59,124.11,0.01,0.01,2382.793707,1776162032000
1776162034.454,34.454,0.45,50.59,0.44,108.59,0.43,131.21,0.42,137.5,0.41,124.11,0.46,15.2,0.47,71.99,0.48,64.76,0.49,103.5,0.5,30.27,0.54,15.2,0.53,71.99,0.52,64.76,0.51,103.5,0.5,30.27,0.55,50.59,0.56,108.59,0.57,131.21,0.58,137.5,0.59,124.11,0.01,0.01,2382.820425,1776162033000
1776162034.891,34.891,0.45,50.59,0.44,108.59,0.43,131.21,0.42,137.5,0.41,124.11,0.46,15.2,0.47,71.99,0.48,64.76,0.49,103.5,0.5,30.27,0.54,15.2,0.53,71.99,0.52,64.76,0.51,103.5,0.5,30.27,0.55,50.59,0.56,108.59,0.57,131.21,0.58,137.5,0.59,124.11,0.01,0.01,2382.828503,1776162034000
1776162035.192,35.192,0.45,50.59,0.44,51.59,0.43,206.21,0.42,137.5,0.41,98.11,0.46,10.11,0.47,65.99,0.48,64.76,0.49,103.5,0.5,30.27,0.54,15.2,0.53,71.99,0.52,64.76,0.51,103.5,0.5,30.27,0.55,50.59,0.56,108.59,0.57,131.21,0.58,137.5,0.59,124.11,0.01,0.01,2382.828503,1776162034000
1776162035.835,35.835,0.45,60.59,0.44,51.59,0.43,206.21,0.42,137.5,0.41,98.11,0.46,6.97,0.47,65.99,0.48,64.76,0.49,103.5,0.5,30.27,0.54,6.97,0.53,65.99,0.52,64.76,0.51,103.5,0.5,30.27,0.55,60.59,0.56,51.59,0.57,206.21,0.58,137.5,0.59,98.11,0.01,0.01,2382.848508,1776162035000
1776162036.444,36.444,0.45,5.09,0.44,26.09,0.43,120.71,0.42,137.5,0.41,125.11,0.46,163.5,0.47,92.49,0.48,75.26,0.49,93.0,0.5,30.27,0.54,6.97,0.53,65.99,0.52,64.76,0.51,103.5,0.5,30.27,0.55,60.59,0.56,51.59,0.57,206.21,0.58,137.5,0.59,98.11,0.01,0.01,2382.848508,1776162035000
1776162037.183,37.183,0.44,5.09,0.43,90.09,0.42,106.0,0.41,109.61,0.4,53.5,0.46,209.49,0.47,88.53,0.48,63.26,0.49,119.0,0.5,51.27,0.54,163.5,0.53,92.49,0.52,75.26,0.51,93.0,0.5,30.27,0.55,5.09,0.56,26.09,0.57,120.71,0.58,137.5,0.59,125.11,0.02,0.01,2382.848508,1776162035000
1776162037.53,37.53,0.44,3.12,0.43,90.09,0.42,106.0,0.41,109.61,0.4,53.5,0.45,111.5,0.46,133.49,0.47,83.53,0.48,52.76,0.49,119.0,0.54,209.49,0.53,88.53,0.52,63.26,0.51,119.0,0.5,51.27,0.56,5.09,0.57,90.09,0.58,106.0,0.59,109.61,0.6,53.5,0.01,0.02,2382.850206,1776162036000
1776162038.388,38.388,0.44,3.12,0.43,90.09,0.42,106.0,0.41,109.61,0.4,53.5,0.45,111.5,0.46,133.49,0.47,83.53,0.48,52.76,0.49,119.0,0.55,111.5,0.54,133.49,0.53,83.53,0.52,52.76,0.51,119.0,0.56,3.12,0.57,90.09,0.58,106.0,0.59,109.61,0.6,53.5,0.01,0.01,2382.857948,1776162037000
1776162038.883,38.883,0.44,21.65,0.43,167.59,0.42,118.5,0.41,114.11,0.4,32.5,0.45,25.0,0.46,20.0,0.47,127.96,0.48,80.26,0.49,107.0,0.55,111.5,0.54,133.49,0.53,83.53,0.52,52.76,0.51,119.0,0.56,3.12,0.57,90.09,0.58,106.0,0.59,109.61,0.6,53.5,0.01,0.01,2382.857948,1776162037000
1776162039.863,39.863,0.44,31.65,0.43,167.59,0.42,118.5,0.41,114.11,0.4,32.5,0.45,15.09,0.46,20.0,0.47,127.96,0.48,80.26,0.49,107.0,0.55,25.0,0.54,20.0,0.53,127.96,0.52,80.26,0.51,107.0,0.56,21.65,0.57,167.59,0.58,118.5,0.59,114.11,0.6,32.5,0.01,0.01,2382.857819,1776162038000
1776162040.715,40.715,0.44,46.65,0.43,167.59,0.42,118.5,0.41,114.11,0.4,32.5,0.45,2.64,0.46,20.0,0.47,127.96,0.48,80.26,0.49,107.0,0.55,15.09,0.54,20.0,0.53,127.96,0.52,80.26,0.51,107.0,0.56,31.65,0.57,167.59,0.58,118.5,0.59,114.11,0.6,32.5,0.01,0.01,2382.768678,1776162039000
1776162042.278,42.278,0.44,46.65,0.43,167.59,0.42,118.5,0.41,114.11,0.4,32.5,0.45,2.64,0.46,20.0,0.47,127.96,0.48,80.26,0.49,107.0,0.55,2.64,0.54,20.0,0.53,127.96,0.52,80.26,0.51,107.0,0.56,46.65,0.57,167.59,0.58,118.5,0.59,114.11,0.6,32.5,0.01,0.01,2382.824254,1776162041000
1776162042.918,42.918,0.44,16.65,0.43,167.59,0.42,95.5,0.41,93.11,0.4,54.5,0.45,64.63,0.46,46.0,0.47,78.0,0.48,54.26,0.49,98.0,0.55,2.64,0.54,20.0,0.53,127.96,0.52,80.26,0.51,107.0,0.56,46.65,0.57,167.59,0.58,118.5,0.59,114.11,0.6,32.5,0.01,0.01,2382.824254,1776162041000
1776162043.192,43.192,0.44,16.65,0.43,167.59,0.42,95.5,0.41,93.11,0.4,54.5,0.45,64.63,0.46,46.0,0.47,78.0,0.48,54.26,0.49,98.0,0.55,64.63,0.54,46.0,0.53,78.0,0.52,54.26,0.51,98.0,0.56,16.65,0.57,167.59,0.58,95.5,0.59,93.11,0.6,54.5,0.01,0.01,2382.839574,1776162042000
1776162043.435,43.435,0.44,15.13,0.43,167.59,0.42,95.5,0.41,93.11,0.4,54.5,0.45,59.54,0.46,46.0,0.47,78.0,0.48,54.26,0.49,98.0,0.55,64.63,0.54,46.0,0.53,78.0,0.52,54.26,0.51,98.0,0.56,20.13,0.57,167.59,0.58,95.5,0.59,93.11,0.6,54.5,0.01,0.01,2382.839574,1776162042000
1776162043.784,43.784,0.44,15.13,0.43,167.59,0.42,101.5,0.41,124.11,0.4,32.5,0.45,23.28,0.46,20.0,0.47,128.96,0.48,80.26,0.49,98.0,0.55,59.54,0.54,46.0,0.53,78.0,0.52,54.26,0.51,98.0,0.56,15.13,0.57,167.59,0.58,95.5,0.59,93.11,0.6,54.5,0.01,0.01,2382.839574,1776162042000
1776162044.261,44.261,0.44,15.13,0.43,167.59,0.42,101.5,0.41,124.11,0.4,32.5,0.45,23.28,0.46,20.0,0.47,128.96,0.48,80.26,0.49,98.0,0.55,23.28,0.54,20.0,0.53,128.96,0.52,80.26,0.51,98.0,0.56,15.13,0.57,167.59,0.58,101.5,0.59,124.11,0.6,32.5,0.01,0.01,2382.849573,1776162043000
1776162044.524,44.524,0.44,18.16,0.43,167.59,0.42,106.5,0.41,124.11,0.4,32.5,0.45,18.28,0.46,20.0,0.47,128.96,0.48,80.26,0.49,98.0,0.55,23.28,0.54,20.0,0.53,128.96,0.52,80.26,0.51,98.0,0.56,15.13,0.57,167.59,0.58,101.5,0.59,124.11,0.6,32.5,0.01,0.01,2382.849573,1776162043000
1776162045.046,45.046,0.44,8.07,0.43,110.59,0.42,106.5,0.41,124.11,0.4,32.5,0.45,18.28,0.46,20.0,0.47,128.96,0.48,80.26,0.49,98.0,0.55,18.28,0.54,20.0,0.53,128.96,0.52,80.26,0.51,98.0,0.56,18.16,0.57,167.59,0.58,106.5,0.59,124.11,0.6,32.5,0.01,0.01,2382.849573,1776162043000
1776162045.902,45.902,0.44,83.07,0.43,110.59,0.42,117.5,0.41,124.11,0.4,32.5,0.45,18.28,0.46,20.0,0.47,128.96,0.48,80.26,0.49,98.0,0.55,18.28,0.54,20.0,0.53,128.96,0.52,80.26,0.51,98.0,0.56,83.07,0.57,110.59,0.58,117.5,0.59,124.11,0.6,32.5,0.01,0.01,2382.820442,1776162044000
1776162046.3,46.3,0.47,86.5,0.46,118.5,0.45,55.5,0.44,72.07,0.43,174.59,0.49,61.41,0.5,64.77,0.51,78.0,0.52,20.0,0.53,41.0,0.55,18.28,0.54,20.0,0.53,128.96,0.52,80.26,0.51,98.0,0.56,83.07,0.57,110.59,0.58,117.5,0.59,124.11,0.6,32.5,0.02,0.01,2382.820442,1776162044000
1776162046.517,46.517,0.47,86.5,0.46,118.5,0.45,55.5,0.44,72.07,0.43,174.59,0.49,61.41,0.5,64.77,0.51,78.0,0.52,20.0,0.53,41.0,0.51,61.41,0.5,64.77,0.49,78.0,0.48,20.0,0.47,41.0,0.53,86.5,0.54,118.5,0.55,55.5,0.56,72.07,0.57,174.59,0.02,0.02,2382.831195,1776162045000
1776162046.903,46.903,0.49,51.0,0.48,81.5,0.47,133.5,0.46,66.5,0.45,49.95,0.5,70.83,0.51,63.5,0.52,20.0,0.53,15.0,0.54,161.52,0.51,61.41,0.5,64.77,0.49,78.0,0.48,20.0,0.47,41.0,0.53,86.5,0.54,118.5,0.55,55.5,0.56,72.07,0.57,174.59,0.01,0.02,2382.831195,1776162045000
1776162047.332,47.332,0.49,51.0,0.48,81.5,0.47,133.5,0.46,66.5,0.45,49.95,0.5,70.83,0.51,63.5,0.52,20.0,0.53,15.0,0.54,161.52,0.5,70.83,0.49,63.5,0.48,20.0,0.47,15.0,0.46,161.52,0.51,51.0,0.52,81.5,0.53,133.5,0.54,66.5,0.55,49.95,0.01,0.01,2382.836308,1776162046000
1776162047.556,47.556,0.49,79.2,0.48,56.5,0.47,108.5,0.46,66.5,0.45,49.49,0.5,43.44,0.51,47.0,0.52,33.5,0.53,33.5,0.54,166.52,0.5,70.83,0.49,63.5,0.48,20.0,0.47,15.0,0.46,161.52,0.51,51.0,0.52,81.5,0.53,133.5,0.54,66.5,0.55,49.95,0.01,0.01,2382.836308,1776162046000
1776162048.492,48.492,0.49,79.2,0.48,56.5,0.47,108.5,0.46,66.5,0.45,49.49,0.5,43.44,0.51,47.0,0.52,33.5,0.53,33.5,0.54,166.52,0.5,43.44,0.49,47.0,0.48,33.5,0.47,33.5,0.46,166.52,0.51,79.2,0.52,56.5,0.53,108.5,0.54,66.5,0.55,49.49,0.01,0.01,2382.89154,1776162047000
1776162049.114,49.114,0.49,79.2,0.48,56.5,0.47,108.5,0.46,66.5,0.45,49.49,0.5,43.44,0.51,47.0,0.52,33.5,0.53,33.5,0.54,166.52,0.5,43.44,0.49,47.0,0.48,33.5,0.47,33.5,0.46,166.52,0.51,79.2,0.52,56.5,0.53,108.5,0.54,66.5,0.55,49.49,0.01,0.01,2382.89154,1776162048000
1776162050.767,50.767,0.49,79.2,0.48,56.5,0.47,108.5,0.46,66.5,0.45,49.49,0.5,43.44,0.51,47.0,0.52,33.5,0.53,33.5,0.54,166.52,0.5,43.44,0.49,47.0,0.48,33.5,0.47,33.5,0.46,166.52,0.51,79.2,0.52,56.5,0.53,108.5,0.54,66.5,0.55,49.49,0.01,0.01,2383.018442,1776162049000
1776162051.411,51.411,0.49,79.2,0.48,56.5,0.47,108.5,0.46,66.5,0.45,49.49,0.5,43.44,0.51,47.0,0.52,33.5,0.53,33.5,0.54,166.52,0.5,43.44,0.49,47.0,0.48,33.5,0.47,33.5,0.46,166.52,0.51,79.2,0.52,56.5,0.53,108.5,0.54,66.5,0.55,49.49,0.01,0.01,2382.991196,1776162050000
1776162052.669,52.669,0.49,73.31,0.48,113.5,0.47,51.5,0.46,66.5,0.45,49.49,0.5,48.44,0.51,52.0,0.52,90.5,0.53,33.5,0.54,166.52,0.5,48.44,0.49,52.0,0.48,90.5,0.47,33.5,0.46,166.52,0.51,73.31,0.52,113.5,0.53,51.5,0.54,66.5,0.55,49.49,0.01,0.01,2383.00477,1776162051000
1776162053.217,53.217,0.49,73.31,0.48,113.5,0.47,51.5,0.46,66.5,0.45,49.49,0.5,55.44,0.51,119.0,0.52,33.5,0.53,33.5,0.54,166.52,0.5,48.44,0.49,52.0,0.48,90.5,0.47,33.5,0.46,166.52,0.51,73.31,0.52,113.5,0.53,51.5,0.54,66.5,0.55,49.49,0.01,0.01,2383.00477,1776162051000
1776162054.178,54.178,0.49,73.31,0.48,113.5,0.47,51.5,0.46,66.5,0.45,49.49,0.5,55.44,0.51,119.0,0.52,33.5,0.53,33.5,0.54,166.52,0.5,55.44,0.49,119.0,0.48,33.5,0.47,33.5,0.46,166.52,0.51,73.31,0.52,113.5,0.53,51.5,0.54,66.5,0.55,49.49,0.01,0.01,2382.999667,1776162053000
1776162054.972,54.972,0.49,58.5,0.48,108.5,0.47,51.5,0.46,73.5,0.45,49.49,0.5,66.44,0.51,109.0,0.52,33.5,0.53,33.5,0.54,166.52,0.5,55.44,0.49,119.0,0.48,33.5,0.47,33.5,0.46,166.52,0.51,73.31,0.52,113.5,0.53,51.5,0.54,66.5,0.55,49.49,0.01,0.01,2382.999667,1776162053000
1776162055.596,55.596,0.49,58.5,0.48,108.5,0.47,51.5,0.46,73.5,0.45,49.49,0.5,66.44,0.51,109.0,0.52,33.5,0.53,33.5,0.54,166.52,0.5,66.44,0.49,109.0,0.48,33.5,0.47,33.5,0.46,166.52,0.51,58.5,0.52,108.5,0.53,51.5,0.54,73.5,0.55,49.49,0.01,0.01,2383.001439,1776162054000
1776162055.896,55.896,0.49,17.6,0.48,15.0,0.47,25.5,0.46,102.5,0.45,49.49,0.5,208.94,0.51,93.5,0.52,54.5,0.53,54.5,0.54,166.52,0.5,66.44,0.49,109.0,0.48,33.5,0.47,33.5,0.46,166.52,0.51,58.5,0.52,108.5,0.53,51.5,0.54,73.5,0.55,49.49,0.01,0.01,2383.001439,1776162054000
1776162056.198,56.198,0.49,17.6,0.48,15.0,0.47,25.5,0.46,108.5,0.45,49.49,0.5,209.34,0.51,93.5,0.52,54.5,0.53,54.5,0.54,166.52,0.5,209.34,0.49,93.5,0.48,54.5,0.47,54.5,0.46,166.52,0.51,17.6,0.52,15.0,0.53,25.5,0.54,108.5,0.55,49.49,0.01,0.01,2383.006449,1776162055000
1776162056.537,56.537,0.47,77.47,0.46,51.5,0.45,49.49,0.44,23.07,0.43,147.59,0.5,61.84,0.51,73.0,0.52,54.5,0.53,54.5,0.54,166.52,0.5,209.34,0.49,93.5,0.48,54.5,0.47,54.5,0.46,166.52,0.51,17.6,0.52,15.0,0.53,25.5,0.54,108.5,0.55,49.49,0.03,0.01,2383.006449,1776162055000
1776162057.004,57.004,0.49,50.5,0.48,77.5,0.47,25.47,0.46,69.5,0.45,49.49,0.5,14.43,0.51,57.0,0.52,33.5,0.53,64.5,0.54,166.52,0.5,61.84,0.49,73.0,0.48,54.5,0.47,54.5,0.46,166.52,0.53,77.47,0.54,51.5,0.55,49.49,0.56,23.07,0.57,147.59,0.01,0.03,2383.006449,1776162055000
1776162057.606,57.606,0.49,50.5,0.48,77.5,0.47,25.47,0.46,69.5,0.45,49.49,0.5,14.43,0.51,57.0,0.52,33.5,0.53,64.5,0.54,166.52,0.5,14.43,0.49,57.0,0.48,33.5,0.47,64.5,0.46,166.52,0.51,50.5,0.52,77.5,0.53,25.47,0.54,69.5,0.55,49.49,0.01,0.01,2383.009267,1776162056000
1776162058.144,58.144,0.49,50.5,0.48,77.5,0.47,25.47,0.46,69.5,0.45,49.49,0.5,14.43,0.51,57.0,0.52,33.5,0.53,64.5,0.54,166.52,0.5,14.43,0.49,57.0,0.48,33.5,0.47,64.5,0.46,166.52,0.51,50.5,0.52,77.5,0.53,25.47,0.54,69.5,0.55,49.49,0.01,0.01,2382.993902,1776162057000
1776162059.351,59.351,0.49,50.5,0.48,77.5,0.47,25.47,0.46,69.5,0.45,49.49,0.5,14.43,0.51,57.0,0.52,33.5,0.53,64.5,0.54,166.52,0.5,14.43,0.49,57.0,0.48,33.5,0.47,64.5,0.46,166.52,0.51,50.5,0.52,77.5,0.53,25.47,0.54,69.5,0.55,49.49,0.01,0.01,2383.033104,1776162058000
1776162060.382,60.382,0.52,154.5,0.51,88.04,0.5,82.5,0.49,121.5,0.48,116.5,0.54,6.42,0.56,15.5,0.57,95.0,0.58,85.0,0.59,136.0,0.47,5.0,0.46,6.52,0.44,57.0,0.43,116.0,0.42,106.0,0.48,121.0,0.49,51.5,0.5,52.5,0.51,100.5,0.52,116.5,0.02,0.01,2383.033104,1776162058000
1776162060.746,60.746,0.53,45.5,0.52,124.5,0.51,88.04,0.5,77.5,0.49,121.5,0.54,1.42,0.55,5.0,0.56,5.0,0.57,95.0,0.58,85.0,0.46,1.42,0.45,5.0,0.44,5.0,0.43,95.0,0.42,85.0,0.47,45.5,0.48,124.5,0.49,88.04,0.5,77.5,0.51,121.5,0.01,0.01,2383.048459,1776162059000
1776162061.017,61.017,0.55,45.0,0.54,87.5,0.53,56.5,0.52,62.5,0.51,67.49,0.56,2.6,0.57,110.5,0.58,85.0,0.59,115.0,0.6,44.0,0.46,1.42,0.45,5.0,0.44,5.0,0.43,95.0,0.42,85.0,0.47,45.5,0.48,124.5,0.49,88.04,0.5,77.5,0.51,121.5,0.01,0.01,2383.048459,1776162059000
1776162061.357,61.357,0.55,45.0,0.54,87.5,0.53,56.5,0.52,62.5,0.51,67.49,0.56,2.6,0.57,110.5,0.58,85.0,0.59,115.0,0.6,44.0,0.44,2.6,0.43,110.5,0.42,85.0,0.41,115.0,0.4,44.0,0.45,45.0,0.46,87.5,0.47,56.5,0.48,62.5,0.49,67.49,0.01,0.01,2383.126615,1776162060000
1776162061.76,61.76,0.55,55.5,0.54,92.5,0.53,51.5,0.52,68.04,0.51,56.95,0.56,3.03,0.57,105.5,0.58,85.0,0.59,110.0,0.6,49.0,0.44,2.6,0.43,110.5,0.42,85.0,0.41,115.0,0.4,44.0,0.45,45.0,0.46,87.5,0.47,56.5,0.48,62.5,0.49,67.49,0.01,0.01,2383.126615,1776162060000
1776162062.121,62.121,0.55,40.0,0.54,92.5,0.53,51.5,0.52,77.49,0.51,72.49,0.56,10.5,0.57,111.39,0.58,85.0,0.59,110.0,0.6,49.0,0.43,101.39,0.42,85.0,0.41,110.0,0.4,49.0,0.39,86.0,0.45,65.5,0.46,92.5,0.47,51.5,0.48,77.49,0.49,72.49,0.01,0.02,2383.126615,1776162060000
1776162062.364,62.364,0.55,40.0,0.54,92.5,0.53,51.5,0.52,77.49,0.51,72.49,0.56,15.0,0.57,106.39,0.58,142.0,0.59,110.0,0.6,49.0,0.44,10.5,0.43,111.39,0.42,85.0,0.41,110.0,0.4,49.0,0.45,40.0,0.46,92.5,0.47,51.5,0.48,77.49,0.49,72.49,0.01,0.01,2383.126615,1776162060000
1776162062.919,62.919,0.55,10.0,0.54,92.5,0.53,51.5,0.52,77.49,0.51,72.49,0.56,15.0,0.57,106.39,0.58,142.0,0.59,110.0,0.6,49.0,0.44,15.0,0.43,106.39,0.42,142.0,0.41,110.0,0.4,49.0,0.45,10.0,0.46,92.5,0.47,51.5,0.48,77.49,0.49,72.49,0.01,0.01,2383.265645,1776162062000
1776162063.14,63.14,0.55,10.0,0.54,97.59,0.53,57.5,0.52,56.5,0.51,60.49,0.56,23.07,0.57,106.39,0.58,142.0,0.59,110.0,0.6,49.0,0.44,15.0,0.43,106.39,0.42,142.0,0.41,110.0,0.4,49.0,0.45,10.0,0.46,92.5,0.47,51.5,0.48,77.49,0.49,72.49,0.01,0.01,2383.265645,1776162062000
1776162063.382,63.382,0.55,10.0,0.54,97.59,0.53,57.5,0.52,56.5,0.51,60.49,0.56,12.14,0.57,106.39,0.58,142.0,0.59,110.0,0.6,49.0,0.44,23.07,0.43,106.39,0.42,142.0,0.41,110.0,0.4,49.0,0.45,10.0,0.46,97.59,0.47,57.5,0.48,56.5,0.49,60.49,0.01,0.01,2383.265645,1776162062000
1776162063.68,63.68,0.55,12.55,0.54,97.59,0.53,57.5,0.52,56.5,0.51,60.49,0.56,2.14,0.57,106.39,0.58,142.0,0.59,110.0,0.6,49.0,0.44,12.14,0.43,106.39,0.42,142.0,0.41,110.0,0.4,49.0,0.45,10.0,0.46,97.59,0.47,57.5,0.48,56.5,0.49,60.49,0.01,0.01,2383.265645,1776162062000
1776162064.04,64.04,0.55,5.1,0.54,97.59,0.53,57.5,0.52,56.5,0.51,60.49,0.56,7.14,0.57,106.39,0.58,142.0,0.59,110.0,0.6,49.0,0.44,7.14,0.43,106.39,0.42,142.0,0.41,110.0,0.4,49.0,0.45,5.1,0.46,97.59,0.47,57.5,0.48,56.5,0.49,60.49,0.01,0.01,2383.272002,1776162063000
1776162064.522,64.522,0.56,29.91,0.55,25.6,0.54,97.59,0.53,46.5,0.52,62.5,0.57,106.39,0.58,142.0,0.59,108.0,0.6,49.0,0.61,86.0,0.44,7.14,0.43,106.39,0.42,142.0,0.41,110.0,0.4,49.0,0.45,5.1,0.46,97.59,0.47,57.5,0.48,56.5,0.49,60.49,0.01,0.01,2383.272002,1776162063000
1776162065.181,65.181,0.56,20.0,0.55,25.6,0.54,97.59,0.53,46.5,0.52,62.5,0.57,111.29,0.58,142.0,0.59,103.0,0.6,49.0,0.61,86.0,0.43,111.29,0.42,142.0,0.41,103.0,0.4,49.0,0.39,86.0,0.44,20.0,0.45,25.6,0.46,97.59,0.47,46.5,0.48,62.5,0.01,0.01,2383.29643,1776162064000
1776162066.371,66.371,0.56,20.0,0.55,25.6,0.54,97.59,0.53,46.5,0.52,62.5,0.57,111.29,0.58,142.0,0.59,103.0,0.6,49.0,0.61,86.0,0.43,111.29,0.42,142.0,0.41,103.0,0.4,49.0,0.39,86.0,0.44,20.0,0.45,25.6,0.46,97.59,0.47,46.5,0.48,62.5,0.01,0.01,2383.29643,1776162065000
1776162067.44,67.44,0.56,20.0,0.55,25.6,0.54,97.59,0.53,46.5,0.52,62.5,0.57,111.29,0.58,142.0,0.59,103.0,0.6,49.0,0.61,86.0,0.43,111.29,0.42,142.0,0.41,103.0,0.4,49.0,0.39,86.0,0.44,20.0,0.45,25.6,0.46,97.59,0.47,46.5,0.48,62.5,0.01,0.01,2383.296485,1776162066000
1776162067.767,67.767,0.56,13.86,0.55,88.5,0.54,118.59,0.53,52.5,0.52,56.5,0.57,85.79,0.58,210.5,0.59,103.0,0.6,33.0,0.61,86.0,0.43,111.29,0.42,142.0,0.41,103.0,0.4,49.0,0.39,86.0,0.44,20.0,0.45,25.6,0.46,97.59,0.47,46.5,0.48,62.5,0.01,0.01,2383.296485,1776162066000
1776162068.006,68.006,0.56,13.86,0.55,88.5,0.54,118.59,0.53,52.5,0.52,56.5,0.57,85.79,0.58,210.5,0.59,103.0,0.6,33.0,0.61,86.0,0.43,85.79,0.42,210.5,0.41,103.0,0.4,33.0,0.39,86.0,0.44,13.86,0.45,88.5,0.46,118.59,0.47,52.5,0.48,56.5,0.01,0.01,2383.296485,1776162067000
1776162068.748,68.748,0.56,18.86,0.55,83.5,0.54,113.59,0.53,62.5,0.52,46.5,0.58,205.72,0.59,103.0,0.6,33.0,0.61,86.0,0.62,36.0,0.42,210.06,0.41,103.0,0.4,33.0,0.39,86.0,0.38,36.0,0.44,13.86,0.45,83.5,0.46,118.59,0.47,52.5,0.48,56.5,0.02,0.02,2383.296485,1776162067000
1776162069.221,69.221,0.56,18.86,0.55,83.5,0.54,113.59,0.53,62.5,0.52,46.5,0.58,205.72,0.59,103.0,0.6,33.0,0.61,86.0,0.62,36.0,0.42,205.72,0.41,103.0,0.4,33.0,0.39,86.0,0.38,36.0,0.44,18.86,0.45,83.5,0.46,113.59,0.47,62.5,0.48,46.5,0.02,0.02,2383.286583,1776162068000
1776162070.39,70.39,0.56,18.86,0.55,83.5,0.54,113.59,0.53,62.5,0.52,46.5,0.58,205.72,0.59,103.0,0.6,33.0,0.61,86.0,0.62,36.0,0.42,205.72,0.41,103.0,0.4,33.0,0.39,86.0,0.38,36.0,0.44,18.86,0.45,83.5,0.46,113.59,0.47,62.5,0.48,46.5,0.02,0.02,2383.286348,1776162069000
1776162070.949,70.949,0.56,18.86,0.55,83.5,0.54,113.59,0.53,62.5,0.52,46.5,0.58,205.72,0.59,103.0,0.6,33.0,0.61,86.0,0.62,36.0,0.42,205.72,0.41,103.0,0.4,33.0,0.39,86.0,0.38,36.0,0.44,18.86,0.45,83.5,0.46,113.59,0.47,62.5,0.48,46.5,0.02,0.02,2383.285319,1776162070000
1776162071.241,71.241,0.57,48.84,0.56,67.5,0.55,56.5,0.54,145.59,0.53,25.5,0.58,179.87,0.59,121.5,0.6,51.5,0.61,35.5,0.62,22.0,0.42,205.72,0.41,103.0,0.4,33.0,0.39,86.0,0.38,36.0,0.44,18.86,0.45,83.5,0.46,113.59,0.47,62.5,0.48,46.5,0.01,0.02,2383.285319,1776162070000
1776162072.021,72.021,0.57,66.39,0.56,125.5,0.55,46.5,0.54,87.59,0.53,25.5,0.58,76.0,0.59,179.5,0.6,51.5,0.61,35.5,0.62,22.0,0.42,134.0,0.41,121.5,0.4,51.5,0.39,35.5,0.38,22.0,0.43,43.72,0.44,67.5,0.45,56.5,0.46,145.59,0.47,25.5,0.01,0.01,2383.285319,1776162070000
1776162073.2,73.2,0.57,66.39,0.56,125.5,0.55,46.5,0.54,87.59,0.53,25.5,0.58,76.0,0.59,179.5,0.6,51.5,0.61,35.5,0.62,22.0,0.42,76.0,0.41,179.5,0.4,51.5,0.39,35.5,0.38,22.0,0.43,66.39,0.44,125.5,0.45,46.5,0.46,87.59,0.47,25.5,0.01,0.01,2383.28452,1776162072000
1776162074.471,74.471,0.57,66.39,0.56,125.5,0.55,46.5,0.54,87.59,0.53,25.5,0.58,76.0,0.59,179.5,0.6,51.5,0.61,35.5,0.62,22.0,0.42,76.0,0.41,179.5,0.4,51.5,0.39,35.5,0.38,22.0,0.43,66.39,0.44,125.5,0.45,46.5,0.46,87.59,0.47,25.5,0.01,0.01,2383.309044,1776162073000
1776162074.965,74.965,0.57,66.39,0.56,125.5,0.55,46.5,0.54,87.59,0.53,25.5,0.58,76.0,0.59,179.5,0.6,51.5,0.61,35.5,0.62,22.0,0.42,76.0,0.41,179.5,0.4,51.5,0.39,35.5,0.38,22.0,0.43,66.39,0.44,125.5,0.45,46.5,0.46,87.59,0.47,25.5,0.01,0.01,2383.304044,1776162074000
1776162075.937,75.937,0.57,8.84,0.54,37.87,0.53,21.0,0.52,83.5,0.51,15.0,0.58,143.5,0.59,128.5,0.6,63.5,0.61,86.0,0.62,15.0,0.42,76.0,0.41,179.5,0.4,51.5,0.39,35.5,0.38,22.0,0.43,66.39,0.44,125.5,0.45,46.5,0.46,87.59,0.47,25.5,0.01,0.01,2383.304044,1776162074000
1776162076.149,76.149,0.54,37.87,0.53,21.0,0.52,83.5,0.51,15.0,0.5,98.99,0.56,21.19,0.57,10.0,0.58,143.5,0.59,128.5,0.6,63.5,0.44,21.19,0.43,10.0,0.42,143.5,0.41,128.5,0.4,63.5,0.46,37.87,0.47,21.0,0.48,83.5,0.49,15.0,0.5,98.99,0.02,0.02,2383.309045,1776162075000
1776162076.719,76.719,0.54,40.47,0.53,40.5,0.52,89.5,0.51,15.0,0.5,98.99,0.55,46.0,0.56,46.69,0.57,15.0,0.58,128.5,0.59,134.5,0.44,21.19,0.43,10.0,0.42,143.5,0.41,128.5,0.4,63.5,0.46,37.87,0.47,21.0,0.48,83.5,0.49,15.0,0.5,98.99,0.01,0.02,2383.309045,1776162075000
1776162076.999,76.999,0.54,38.07,0.53,40.5,0.52,89.5,0.51,15.0,0.5,98.99,0.55,46.0,0.56,46.69,0.57,15.0,0.58,128.5,0.59,134.5,0.45,46.0,0.44,46.69,0.43,15.0,0.42,128.5,0.41,134.5,0.46,40.47,0.47,40.5,0.48,89.5,0.49,15.0,0.5,98.99,0.01,0.01,2383.309045,1776162075000
1776162077.697,77.697,0.54,38.07,0.53,40.5,0.52,89.5,0.51,15.0,0.5,98.99,0.55,46.0,0.56,46.69,0.57,15.0,0.58,128.5,0.59,134.5,0.45,46.0,0.44,46.69,0.43,15.0,0.42,128.5,0.41,134.5,0.46,38.07,0.47,40.5,0.48,89.5,0.49,15.0,0.5,98.99,0.01,0.01,2383.311653,1776162076000
1776162078.698,78.698,0.54,38.07,0.53,40.5,0.52,89.5,0.51,15.0,0.5,98.99,0.55,46.0,0.56,46.69,0.57,15.0,0.58,128.5,0.59,134.5,0.45,46.0,0.44,46.69,0.43,15.0,0.42,128.5,0.41,134.5,0.46,38.07,0.47,40.5,0.48,89.5,0.49,15.0,0.5,98.99,0.01,0.01,2383.285527,1776162077000
1776162079.395,79.395,0.54,38.07,0.53,40.5,0.52,89.5,0.51,15.0,0.5,98.99,0.55,46.0,0.56,46.69,0.57,15.0,0.58,128.5,0.59,134.5,0.45,46.0,0.44,46.69,0.43,15.0,0.42,128.5,0.41,134.5,0.46,38.07,0.47,40.5,0.48,89.5,0.49,15.0,0.5,98.99,0.01,0.01,2383.270203,1776162078000
1776162080.167,80.167,0.54,38.07,0.53,40.5,0.52,89.5,0.51,15.0,0.5,98.99,0.55,46.0,0.56,46.69,0.57,15.0,0.58,128.5,0.59,134.5,0.45,46.0,0.44,46.69,0.43,15.0,0.42,128.5,0.41,134.5,0.46,38.07,0.47,40.5,0.48,89.5,0.49,15.0,0.5,98.99,0.01,0.01,2383.260078,1776162079000
1776162081.658,81.658,0.54,38.07,0.53,40.5,0.52,89.5,0.51,15.0,0.5,98.99,0.55,46.0,0.56,46.69,0.57,15.0,0.58,128.5,0.59,134.5,0.45,46.0,0.44,46.69,0.43,15.0,0.42,128.5,0.41,134.5,0.46,38.07,0.47,40.5,0.48,89.5,0.49,15.0,0.5,98.99,0.01,0.01,2383.255219,1776162080000
1776162082.438,82.438,0.54,38.07,0.53,40.5,0.52,89.5,0.51,15.0,0.5,98.99,0.55,46.0,0.56,46.69,0.57,15.0,0.58,128.5,0.59,134.5,0.45,46.0,0.44,46.69,0.43,15.0,0.42,128.5,0.41,134.5,0.46,38.07,0.47,40.5,0.48,89.5,0.49,15.0,0.5,98.99,0.01,0.01,2383.241813,1776162081000
1776162083.134,83.134,0.54,38.07,0.53,40.5,0.52,89.5,0.51,15.0,0.5,98.99,0.55,46.0,0.56,46.69,0.57,15.0,0.58,128.5,0.59,134.5,0.45,46.0,0.44,46.69,0.43,15.0,0.42,128.5,0.41,134.5,0.46,38.07,0.47,40.5,0.48,89.5,0.49,15.0,0.5,98.99,0.01,0.01,2383.241818,1776162082000
1776162084.466,84.466,0.54,38.07,0.53,40.5,0.52,89.5,0.51,15.0,0.5,98.99,0.55,46.0,0.56,46.69,0.57,15.0,0.58,128.5,0.59,134.5,0.45,46.0,0.44,46.69,0.43,15.0,0.42,128.5,0.41,134.5,0.46,38.07,0.47,40.5,0.48,89.5,0.49,15.0,0.5,98.99,0.01,0.01,2383.246746,1776162083000
1776162084.801,84.801,0.54,28.07,0.53,25.5,0.52,99.5,0.51,15.0,0.5,78.0,0.55,223.0,0.56,46.5,0.57,61.59,0.58,52.5,0.59,90.0,0.45,46.0,0.44,46.69,0.43,15.0,0.42,128.5,0.41,134.5,0.46,38.07,0.47,40.5,0.48,89.5,0.49,15.0,0.5,98.99,0.01,0.01,2383.246746,1776162083000
1776162085.193,85.193,0.54,28.07,0.53,25.5,0.52,99.5,0.51,15.0,0.5,78.0,0.55,223.0,0.56,46.5,0.57,61.59,0.58,52.5,0.59,90.0,0.45,223.0,0.44,46.5,0.43,61.59,0.42,52.5,0.41,90.0,0.46,28.07,0.47,25.5,0.48,99.5,0.49,15.0,0.5,78.0,0.01,0.01,2383.231269,1776162084000
1776162085.751,85.751,0.54,25.67,0.53,25.5,0.52,111.5,0.51,15.0,0.5,78.0,0.55,223.0,0.56,26.0,0.57,61.59,0.58,52.5,0.59,97.0,0.45,223.0,0.44,46.5,0.43,61.59,0.42,52.5,0.41,90.0,0.46,28.07,0.47,25.5,0.48,99.5,0.49,15.0,0.5,78.0,0.01,0.01,2383.231269,1776162084000
1776162086.23,86.23,0.54,22.27,0.53,15.0,0.52,132.5,0.51,36.0,0.5,99.0,0.55,248.5,0.56,5.0,0.57,40.59,0.58,41.5,0.59,97.0,0.45,223.0,0.44,26.0,0.43,61.59,0.42,52.5,0.41,97.0,0.46,25.67,0.47,25.5,0.48,111.5,0.49,15.0,0.5,78.0,0.01,0.01,2383.231269,1776162084000
1776162086.59,86.59,0.54,22.27,0.53,15.0,0.52,132.5,0.51,36.0,0.5,99.0,0.55,248.5,0.56,5.0,0.57,40.59,0.58,41.5,0.59,97.0,0.45,248.5,0.44,5.0,0.43,40.59,0.42,41.5,0.41,97.0,0.46,22.27,0.47,15.0,0.48,132.5,0.49,36.0,0.5,99.0,0.01,0.01,2383.231233,1776162085000
1776162087.062,87.062,0.54,90.18,0.53,15.0,0.52,53.5,0.51,15.0,0.5,21.0,0.55,109.0,0.56,36.5,0.57,61.59,0.58,41.5,0.59,103.0,0.45,248.5,0.44,5.0,0.43,40.59,0.42,41.5,0.41,97.0,0.46,22.27,0.47,15.0,0.48,132.5,0.49,36.0,0.5,99.0,0.01,0.01,2383.231233,1776162085000
1776162087.345,87.345,0.54,90.18,0.53,15.0,0.52,53.5,0.51,15.0,0.5,21.0,0.55,109.0,0.56,36.5,0.57,61.59,0.58,41.5,0.59,103.0,0.45,109.0,0.44,36.5,0.43,61.59,0.42,41.5,0.41,103.0,0.46,90.18,0.47,15.0,0.48,53.5,0.49,15.0,0.5,21.0,0.01,0.01,2383.230984,1776162086000
1776162088.087,88.087,0.54,90.18,0.53,15.0,0.52,53.5,0.51,15.0,0.5,21.0,0.55,109.0,0.56,36.5,0.57,61.59,0.58,41.5,0.59,103.0,0.45,109.0,0.44,36.5,0.43,61.59,0.42,41.5,0.41,103.0,0.46,90.18,0.47,15.0,0.48,53.5,0.49,15.0,0.5,21.0,0.01,0.01,2383.230565,1776162087000
1776162089.6,89.6,0.54,90.18,0.53,15.0,0.52,53.5,0.51,15.0,0.5,21.0,0.55,109.0,0.56,36.5,0.57,61.59,0.58,41.5,0.59,103.0,0.45,109.0,0.44,36.5,0.43,61.59,0.42,41.5,0.41,103.0,0.46,90.18,0.47,15.0,0.48,53.5,0.49,15.0,0.5,21.0,0.01,0.01,2383.199525,1776162088000
1776162090.249,90.249,0.54,90.18,0.53,15.0,0.52,53.5,0.51,15.0,0.5,21.0,0.55,109.0,0.56,36.5,0.57,61.59,0.58,41.5,0.59,103.0,0.45,109.0,0.44,36.5,0.43,61.59,0.42,41.5,0.41,103.0,0.46,90.18,0.47,15.0,0.48,53.5,0.49,15.0,0.5,21.0,0.01,0.01,2383.199525,1776162089000
1776162090.787,90.787,0.54,85.18,0.53,25.0,0.52,53.5,0.51,82.5,0.5,21.0,0.55,126.0,0.56,56.5,0.57,119.59,0.58,21.0,0.59,98.0,0.45,109.0,0.44,36.5,0.43,61.59,0.42,41.5,0.41,103.0,0.46,90.18,0.47,15.0,0.48,53.5,0.49,15.0,0.5,21.0,0.01,0.01,2383.199525,1776162089000
1776162091.609,91.609,0.54,37.82,0.53,35.5,0.52,168.5,0.51,25.5,0.5,21.0,0.55,40.8,0.56,113.5,0.57,119.59,0.58,36.0,0.59,102.0,0.45,116.0,0.44,56.5,0.43,119.59,0.42,15.0,0.41,103.0,0.46,51.7,0.47,25.0,0.48,53.5,0.49,82.5,0.5,21.0,0.01,0.01,2383.199525,1776162089000
1776162092.4,92.4,0.54,30.42,0.53,35.5,0.52,168.5,0.51,25.5,0.5,21.0,0.55,111.76,0.56,113.5,0.57,119.59,0.58,36.0,0.59,102.0,0.45,111.76,0.44,113.5,0.43,119.59,0.42,36.0,0.41,102.0,0.46,30.42,0.47,35.5,0.48,168.5,0.49,25.5,0.5,21.0,0.01,0.01,2383.195784,1776162091000
1776162092.634,92.634,0.54,5.42,0.53,25.0,0.52,53.5,0.51,140.5,0.5,21.0,0.55,122.3,0.56,56.5,0.57,61.59,0.58,41.0,0.59,111.9,0.45,120.03,0.44,56.5,0.43,61.59,0.42,41.0,0.41,111.9,0.46,5.42,0.47,25.0,0.48,53.5,0.49,140.5,0.5,21.0,0.01,0.01,2383.195784,1776162091000
1776162093.143,93.143,0.54,5.42,0.53,25.0,0.52,53.5,0.51,140.5,0.5,21.0,0.55,116.84,0.56,56.5,0.57,61.59,0.58,41.0,0.59,111.9,0.45,116.84,0.44,56.5,0.43,61.59,0.42,41.0,0.41,111.9,0.46,5.42,0.47,25.0,0.48,53.5,0.49,140.5,0.5,21.0,0.01,0.01,2383.195783,1776162092000
1776162093.432,93.432,0.54,5.42,0.53,25.0,0.52,53.5,0.51,140.5,0.5,21.0,0.55,230.02,0.56,56.5,0.57,61.59,0.58,41.0,0.59,97.0,0.45,116.84,0.44,56.5,0.43,61.59,0.42,41.0,0.41,111.9,0.46,5.42,0.47,25.0,0.48,53.5,0.49,140.5,0.5,21.0,0.01,0.01,2383.195783,1776162092000
1776162094.561,94.561,0.54,5.42,0.53,25.0,0.52,53.5,0.51,140.5,0.5,21.0,0.55,230.02,0.56,56.5,0.57,61.59,0.58,41.0,0.59,97.0,0.45,230.02,0.44,56.5,0.43,61.59,0.42,41.0,0.41,97.0,0.46,5.42,0.47,25.0,0.48,53.5,0.49,140.5,0.5,21.0,0.01,0.01,2383.189493,1776162093000
1776162095.197,95.197,0.54,5.42,0.53,25.0,0.52,53.5,0.51,140.5,0.5,21.0,0.55,230.02,0.56,56.5,0.57,61.59,0.58,41.0,0.59,97.0,0.45,230.02,0.44,56.5,0.43,61.59,0.42,41.0,0.41,97.0,0.46,5.42,0.47,25.0,0.48,53.5,0.49,140.5,0.5,21.0,0.01,0.01,2383.165665,1776162094000
1776162096.238,96.238,0.54,5.42,0.53,25.0,0.52,53.5,0.51,140.5,0.5,21.0,0.55,230.02,0.56,56.5,0.57,61.59,0.58,41.0,0.59,97.0,0.45,230.02,0.44,56.5,0.43,61.59,0.42,41.0,0.41,97.0,0.46,5.42,0.47,25.0,0.48,53.5,0.49,140.5,0.5,21.0,0.01,0.01,2383.165545,1776162095000
1776162097.195,97.195,0.54,5.42,0.53,25.0,0.52,53.5,0.51,140.5,0.5,21.0,0.55,230.02,0.56,56.5,0.57,61.59,0.58,41.0,0.59,97.0,0.45,230.02,0.44,56.5,0.43,61.59,0.42,41.0,0.41,97.0,0.46,5.42,0.47,25.0,0.48,53.5,0.49,140.5,0.5,21.0,0.01,0.01,2383.16101,1776162096000
1776162098.167,98.167,0.54,5.42,0.53,25.0,0.52,53.5,0.51,140.5,0.5,21.0,0.55,230.02,0.56,56.5,0.57,61.59,0.58,41.0,0.59,97.0,0.45,230.02,0.44,56.5,0.43,61.59,0.42,41.0,0.41,97.0,0.46,5.42,0.47,25.0,0.48,53.5,0.49,140.5,0.5,21.0,0.01,0.01,2383.156895,1776162097000
1776162099.145,99.145,0.54,5.42,0.53,25.0,0.52,53.5,0.51,140.5,0.5,21.0,0.55,230.02,0.56,56.5,0.57,61.59,0.58,41.0,0.59,97.0,0.45,230.02,0.44,56.5,0.43,61.59,0.42,41.0,0.41,97.0,0.46,5.42,0.47,25.0,0.48,53.5,0.49,140.5,0.5,21.0,0.01,0.01,2383.145545,1776162098000
1776162100.089,100.089,0.54,5.42,0.53,25.0,0.52,53.5,0.51,140.5,0.5,21.0,0.55,230.02,0.56,56.5,0.57,61.59,0.58,41.0,0.59,97.0,0.45,230.02,0.44,56.5,0.43,61.59,0.42,41.0,0.41,97.0,0.46,5.42,0.47,25.0,0.48,53.5,0.49,140.5,0.5,21.0,0.01,0.01,2383.15622,1776162099000
1776162101.037,101.037,0.54,5.42,0.53,25.0,0.52,53.5,0.51,140.5,0.5,21.0,0.55,230.02,0.56,56.5,0.57,61.59,0.58,41.0,0.59,97.0,0.45,230.02,0.44,56.5,0.43,61.59,0.42,41.0,0.41,97.0,0.46,5.42,0.47,25.0,0.48,53.5,0.49,140.5,0.5,21.0,0.01,0.01,2383.1462,1776162100000
1776162101.366,101.366,0.54,20.42,0.53,30.5,0.52,101.5,0.51,92.5,0.5,21.0,0.55,82.59,0.56,35.0,0.57,35.59,0.58,20.0,0.59,98.0,0.45,230.02,0.44,56.5,0.43,61.59,0.42,41.0,0.41,97.0,0.46,5.42,0.47,25.0,0.48,53.5,0.49,140.5,0.5,21.0,0.01,0.01,2383.1462,1776162100000
1776162101.937,101.937,0.54,1.94,0.53,30.5,0.52,101.5,0.51,92.5,0.5,21.0,0.55,82.59,0.56,35.0,0.57,35.59,0.58,20.0,0.59,98.0,0.45,82.59,0.44,35.0,0.43,35.59,0.42,20.0,0.41,98.0,0.46,1.94,0.47,30.5,0.48,101.5,0.49,92.5,0.5,21.0,0.01,0.01,2383.153025,1776162101000
1776162102.693,102.693,0.53,30.05,0.52,101.5,0.51,92.5,0.5,21.0,0.49,85.0,0.55,160.99,0.56,35.0,0.57,35.59,0.58,20.0,0.59,97.0,0.45,82.59,0.44,35.0,0.43,35.59,0.42,20.0,0.41,98.0,0.46,1.94,0.47,30.5,0.48,101.5,0.49,92.5,0.5,21.0,0.02,0.01,2383.153025,1776162101000
1776162102.914,102.914,0.53,30.05,0.52,101.5,0.51,92.5,0.5,21.0,0.49,85.0,0.55,160.99,0.56,35.0,0.57,35.59,0.58,20.0,0.59,97.0,0.45,160.99,0.44,35.0,0.43,35.59,0.42,20.0,0.41,97.0,0.47,30.05,0.48,101.5,0.49,92.5,0.5,21.0,0.51,85.0,0.02,0.02,2383.1462,1776162102000
1776162103.386,103.386,0.52,12.0,0.51,10.5,0.5,16.5,0.49,120.0,0.48,5.0,0.54,76.4,0.55,115.5,0.56,92.5,0.57,25.09,0.58,15.0,0.45,160.99,0.44,35.0,0.43,35.59,0.42,20.0,0.41,97.0,0.47,30.05,0.48,101.5,0.49,92.5,0.5,21.0,0.51,85.0,0.02,0.02,2383.1462,1776162102000
1776162104.163,104.163,0.49,135.6,0.48,20.0,0.47,25.0,0.46,31.0,0.45,35.99,0.5,5.0,0.51,20.0,0.52,38.0,0.53,25.5,0.54,145.5,0.49,15.0,0.48,23.0,0.47,25.0,0.46,151.4,0.45,115.5,0.51,116.5,0.52,15.0,0.53,25.0,0.54,31.0,0.55,35.99,0.01,0.02,2383.1462,1776162102000
1776162104.817,104.817,0.49,133.44,0.48,20.0,0.47,25.0,0.46,31.0,0.45,35.99,0.5,10.0,0.51,10.0,0.52,96.0,0.53,25.5,0.54,87.5,0.5,5.0,0.49,20.0,0.48,38.0,0.47,25.5,0.46,145.5,0.51,135.6,0.52,20.0,0.53,25.0,0.54,31.0,0.55,35.99,0.01,0.01,2383.14586,1776162103000
1776162105.271,105.271,0.49,126.96,0.48,20.0,0.47,25.0,0.46,31.0,0.45,35.99,0.5,10.0,0.51,10.0,0.52,96.0,0.53,25.5,0.54,87.5,0.5,10.0,0.49,10.0,0.48,96.0,0.47,25.5,0.46,87.5,0.51,126.96,0.52,20.0,0.53,25.0,0.54,31.0,0.55,35.99,0.01,0.01,2383.145795,1776162104000
1776162106.242,106.242,0.49,126.96,0.48,20.0,0.47,25.0,0.46,31.0,0.45,35.99,0.5,10.0,0.51,10.0,0.52,96.0,0.53,25.5,0.54,87.5,0.5,10.0,0.49,10.0,0.48,96.0,0.47,25.5,0.46,87.5,0.51,126.96,0.52,20.0,0.53,25.0,0.54,31.0,0.55,35.99,0.01,0.01,2383.100266,1776162105000
1776162107.173,107.173,0.49,126.96,0.48,20.0,0.47,25.0,0.46,31.0,0.45,35.99,0.5,10.0,0.51,10.0,0.52,96.0,0.53,25.5,0.54,87.5,0.5,10.0,0.49,10.0,0.48,96.0,0.47,25.5,0.46,87.5,0.51,126.96,0.52,20.0,0.53,25.0,0.54,31.0,0.55,35.99,0.01,0.01,2383.078949,1776162106000
1776162108.084,108.084,0.49,71.99,0.48,78.0,0.47,25.0,0.46,31.0,0.45,28.99,0.5,55.18,0.51,83.0,0.52,115.68,0.53,25.5,0.54,30.5,0.5,10.0,0.49,10.0,0.48,96.0,0.47,25.5,0.46,87.5,0.51,126.96,0.52,20.0,0.53,25.0,0.54,31.0,0.55,35.99,0.01,0.01,2383.078949,1776162106000
1776162108.508,108.508,0.49,65.0,0.48,78.0,0.47,25.0,0.46,32.0,0.45,15.0,0.5,50.18,0.51,83.0,0.52,115.68,0.53,25.5,0.54,30.5,0.5,55.18,0.49,83.0,0.48,105.18,0.47,25.5,0.46,30.5,0.51,66.97,0.52,78.0,0.53,25.0,0.54,31.0,0.55,28.99,0.01,0.01,2383.078949,1776162106000
1776162109.171,109.171,0.49,65.0,0.48,78.0,0.47,25.0,0.46,32.0,0.45,15.0,0.5,50.18,0.51,83.0,0.52,115.68,0.53,25.5,0.54,30.5,0.5,50.18,0.49,83.0,0.48,115.68,0.47,25.5,0.46,30.5,0.51,65.0,0.52,78.0,0.53,25.0,0.54,32.0,0.55,15.0,0.01,0.01,2383.068395,1776162108000
1776162109.394,109.394,0.46,5.5,0.45,25.0,0.44,72.0,0.43,27.09,0.42,105.54,0.47,10.0,0.48,51.0,0.49,41.5,0.5,127.68,0.51,35.5,0.52,96.0,0.51,41.5,0.5,127.68,0.49,35.5,0.48,43.68,0.53,0.5,0.55,25.0,0.56,72.0,0.57,27.09,0.58,105.54,0.01,0.01,2383.068395,1776162108000
1776162110.039,110.039,0.45,22.3,0.44,72.0,0.43,27.09,0.42,105.54,0.41,101.0,0.47,21.0,0.48,51.0,0.49,41.5,0.5,127.68,0.51,35.5,0.53,21.0,0.52,51.0,0.51,41.5,0.5,127.68,0.49,35.5,0.55,22.3,0.56,72.0,0.57,27.09,0.58,105.54,0.59,101.0,0.02,0.02,2383.07785,1776162109000
1776162110.662,110.662,0.46,17.96,0.45,32.8,0.44,72.0,0.43,27.09,0.42,85.0,0.47,99.2,0.48,56.5,0.49,41.5,0.5,107.68,0.51,35.5,0.53,21.0,0.52,51.0,0.51,41.5,0.5,127.68,0.49,35.5,0.55,22.3,0.56,72.0,0.57,27.09,0.58,105.54,0.59,101.0,0.01,0.02,2383.07785,1776162109000
1776162110.888,110.888,0.46,17.96,0.45,32.8,0.44,72.0,0.43,27.09,0.42,85.0,0.47,97.07,0.48,61.5,0.49,41.5,0.5,107.68,0.51,35.5,0.53,99.2,0.52,56.5,0.51,41.5,0.5,107.68,0.49,35.5,0.54,17.96,0.55,32.8,0.56,72.0,0.57,27.09,0.58,85.0,0.01,0.01,2383.07785,1776162109000
1776162111.869,111.869,0.46,17.96,0.45,32.8,0.44,72.0,0.43,85.09,0.42,85.0,0.47,99.94,0.48,118.5,0.49,41.5,0.5,50.68,0.51,35.5,0.53,97.07,0.52,61.5,0.51,41.5,0.5,107.68,0.49,35.5,0.54,17.96,0.55,32.8,0.56,72.0,0.57,27.09,0.58,85.0,0.01,0.01,2383.053539,1776162110000
1776162112.434,112.434,0.46,87.87,0.45,95.8,0.44,15.0,0.43,27.09,0.42,95.99,0.47,74.29,0.48,36.0,0.49,156.5,0.5,50.68,0.51,35.5,0.53,99.94,0.52,118.5,0.51,41.5,0.5,50.68,0.49,35.5,0.54,17.96,0.55,32.8,0.56,72.0,0.57,85.09,0.58,85.0,0.01,0.01,2382.965017,1776162111000
1776162112.674,112.674,0.46,94.4,0.45,95.8,0.44,15.0,0.43,27.09,0.42,95.99,0.47,64.29,0.48,26.0,0.49,146.5,0.5,50.68,0.51,35.5,0.53,74.29,0.52,36.0,0.51,156.5,0.5,50.68,0.49,35.5,0.54,85.87,0.55,95.8,0.56,15.0,0.57,27.09,0.58,95.99,0.01,0.01,2382.965017,1776162111000
1776162113.004,113.004,0.46,94.4,0.45,95.8,0.44,15.0,0.43,27.09,0.42,95.99,0.47,64.29,0.48,26.0,0.49,146.5,0.5,50.68,0.51,35.5,0.53,64.29,0.52,26.0,0.51,146.5,0.5,50.68,0.49,35.5,0.54,94.4,0.55,95.8,0.56,15.0,0.57,27.09,0.58,95.99,0.01,0.01,2382.942849,1776162112000
1776162113.914,113.914,0.46,94.4,0.45,95.8,0.44,15.0,0.43,27.09,0.42,95.99,0.47,64.29,0.48,26.0,0.49,146.5,0.5,50.68,0.51,35.5,0.53,64.29,0.52,26.0,0.51,146.5,0.5,50.68,0.49,35.5,0.54,94.4,0.55,95.8,0.56,15.0,0.57,27.09,0.58,95.99,0.01,0.01,2382.921139,1776162113000
1776162114.965,114.965,0.46,94.4,0.45,95.8,0.44,15.0,0.43,27.09,0.42,95.99,0.47,64.29,0.48,26.0,0.49,146.5,0.5,50.68,0.51,35.5,0.53,64.29,0.52,26.0,0.51,146.5,0.5,50.68,0.49,35.5,0.54,94.4,0.55,95.8,0.56,15.0,0.57,27.09,0.58,95.99,0.01,0.01,2382.91769,1776162114000
1776162116.033,116.033,0.45,27.3,0.44,87.5,0.43,85.09,0.42,106.99,0.41,91.99,0.46,39.33,0.47,156.09,0.48,31.5,0.49,25.5,0.5,50.68,0.53,64.29,0.52,26.0,0.51,146.5,0.5,50.68,0.49,35.5,0.54,94.4,0.55,95.8,0.56,15.0,0.57,27.09,0.58,95.99,0.01,0.01,2382.91769,1776162114000
1776162116.851,116.851,0.45,157.8,0.44,35.5,0.43,27.09,0.42,106.99,0.41,92.0,0.46,14.2,0.47,16.09,0.48,6.0,0.49,5.0,0.5,50.68,0.54,39.33,0.53,156.09,0.52,31.5,0.51,25.5,0.5,50.68,0.55,27.3,0.56,87.5,0.57,85.09,0.58,106.99,0.59,91.99,0.01,0.01,2382.924249,1776162115000
1776162117.108,117.108,0.46,48.5,0.45,297.8,0.44,30.5,0.43,102.63,0.42,41.99,0.47,31.09,0.48,6.0,0.49,5.0,0.5,50.68,0.51,30.5,0.53,16.09,0.52,6.0,0.51,5.0,0.5,50.68,0.49,30.5,0.55,147.8,0.56,35.5,0.57,27.09,0.58,106.99,0.59,92.0,0.01,0.02,2382.924176,1776162116000
1776162117.384,117.384,0.46,193.49,0.45,78.8,0.44,39.95,0.43,31.63,0.42,15.0,0.47,0.09,0.5,10.18,0.52,15.18,0.53,10.0,0.54,10.0,0.53,31.09,0.52,6.0,0.51,5.0,0.5,50.68,0.49,30.5,0.54,48.5,0.55,297.8,0.56,30.5,0.57,102.63,0.58,41.99,0.01,0.01,2382.924176,1776162116000
1776162118.04,118.04,0.48,5.0,0.46,359.49,0.45,78.8,0.44,30.5,0.43,55.09,0.56,5.0,0.57,10.09,0.58,5.0,0.59,5.0,0.6,15.0,0.44,5.0,0.43,10.09,0.42,5.0,0.41,5.0,0.4,15.0,0.52,5.0,0.54,359.49,0.55,78.8,0.56,30.5,0.57,55.09,0.08,0.08,2382.92651,1776162117000
1776162118.49,118.49,0.57,63.0,0.56,107.5,0.55,103.5,0.54,70.99,0.53,104.0,0.59,15.5,0.6,15.5,0.61,15.0,0.62,37.0,0.63,85.0,0.42,5.0,0.41,15.5,0.4,15.5,0.39,15.0,0.38,35.0,0.44,140.5,0.45,99.5,0.46,69.99,0.47,130.0,0.48,165.57,0.02,0.02,2382.92651,1776162117000
1776162118.698,118.698,0.58,50.0,0.57,40.0,0.56,45.5,0.55,40.5,0.54,123.99,0.59,8.57,0.6,73.5,0.61,15.0,0.62,37.0,0.63,22.0,0.41,15.5,0.4,15.5,0.39,15.0,0.38,37.0,0.37,85.0,0.43,63.0,0.44,107.5,0.45,103.5,0.46,70.99,0.47,104.0,0.01,0.02,2382.92651,1776162117000
1776162119.029,119.029,0.58,50.0,0.57,40.0,0.56,45.5,0.55,40.5,0.54,123.99,0.59,8.57,0.6,73.5,0.61,15.0,0.62,37.0,0.63,22.0,0.41,8.57,0.4,73.5,0.39,15.0,0.38,37.0,0.37,22.0,0.42,50.0,0.43,40.0,0.44,45.5,0.45,40.5,0.46,123.99,0.01,0.01,2382.95501,1776162118000
1776162120.054,120.054,0.58,50.0,0.57,40.0,0.56,45.5,0.55,40.5,0.54,123.99,0.59,8.57,0.6,73.5,0.61,15.0,0.62,37.0,0.63,22.0,0.41,8.57,0.4,73.5,0.39,15.0,0.38,37.0,0.37,22.0,0.42,50.0,0.43,40.0,0.44,45.5,0.45,40.5,0.46,123.99,0.01,0.01,2383.222212,1776162119000
1776162120.455,120.455,0.58,120.0,0.57,45.5,0.56,98.5,0.55,35.5,0.54,41.0,0.59,8.57,0.6,73.5,0.61,5.0,0.62,37.0,0.63,22.0,0.41,8.57,0.4,73.5,0.39,15.0,0.38,37.0,0.37,22.0,0.42,50.0,0.43,40.0,0.44,45.5,0.45,40.5,0.46,123.99,0.01,0.01,2383.222212,1776162119000
1776162121.6,121.6,0.58,120.0,0.57,45.5,0.56,98.5,0.55,35.5,0.54,41.0,0.59,17.37,0.6,73.5,0.61,5.0,0.62,37.0,0.63,22.0,0.41,8.57,0.4,73.5,0.39,5.0,0.38,37.0,0.37,22.0,0.42,120.0,0.43,45.5,0.44,98.5,0.45,35.5,0.46,41.0,0.01,0.01,2383.222212,1776162119000
1776162122.278,122.278,0.58,120.0,0.57,45.5,0.56,98.5,0.55,35.5,0.54,41.0,0.59,17.37,0.6,73.5,0.61,5.0,0.62,37.0,0.63,22.0,0.41,17.37,0.4,73.5,0.39,5.0,0.38,37.0,0.37,22.0,0.42,120.0,0.43,45.5,0.44,98.5,0.45,35.5,0.46,41.0,0.01,0.01,2383.457961,1776162121000
1776162123.25,123.25,0.58,120.0,0.57,45.5,0.56,98.5,0.55,35.5,0.54,41.0,0.59,17.37,0.6,73.5,0.61,5.0,0.62,37.0,0.63,22.0,0.41,17.37,0.4,73.5,0.39,5.0,0.38,37.0,0.37,22.0,0.42,120.0,0.43,45.5,0.44,98.5,0.45,35.5,0.46,41.0,0.01,0.01,2383.467011,1776162122000
1776162124.261,124.261,0.58,120.0,0.57,45.5,0.56,98.5,0.55,35.5,0.54,41.0,0.59,17.37,0.6,73.5,0.61,5.0,0.62,37.0,0.63,22.0,0.41,17.37,0.4,73.5,0.39,5.0,0.38,37.0,0.37,22.0,0.42,120.0,0.43,45.5,0.44,98.5,0.45,35.5,0.46,41.0,0.01,0.01,2383.461734,1776162123000
1776162125.4,125.4,0.58,120.0,0.57,45.5,0.56,98.5,0.55,35.5,0.54,41.0,0.59,17.37,0.6,73.5,0.61,5.0,0.62,37.0,0.63,22.0,0.41,17.37,0.4,73.5,0.39,5.0,0.38,37.0,0.37,22.0,0.42,120.0,0.43,45.5,0.44,98.5,0.45,35.5,0.46,41.0,0.01,0.01,2383.451744,1776162124000
1776162125.968,125.968,0.58,115.0,0.57,108.5,0.56,40.5,0.55,41.5,0.54,35.0,0.59,2.0,0.6,73.5,0.61,5.0,0.62,86.0,0.63,22.0,0.41,17.37,0.4,73.5,0.39,5.0,0.38,37.0,0.37,22.0,0.42,120.0,0.43,45.5,0.44,98.5,0.45,35.5,0.46,41.0,0.01,0.01,2383.451744,1776162124000
1776162126.359,126.359,0.58,84.4,0.57,108.5,0.56,40.5,0.55,41.5,0.54,35.0,0.59,2.0,0.6,73.5,0.61,5.0,0.62,86.0,0.63,22.0,0.41,2.0,0.4,73.5,0.39,5.0,0.38,86.0,0.37,22.0,0.42,84.4,0.43,108.5,0.44,40.5,0.45,41.5,0.46,35.0,0.01,0.01,2383.456019,1776162125000
1776162126.946,126.946,0.58,84.4,0.57,108.5,0.56,40.5,0.55,41.5,0.54,35.0,0.59,2.0,0.6,73.5,0.61,5.0,0.62,86.0,0.63,22.0,0.41,2.0,0.4,73.5,0.39,5.0,0.38,86.0,0.37,22.0,0.42,84.4,0.43,108.5,0.44,40.5,0.45,41.5,0.46,35.0,0.01,0.01,2383.452889,1776162126000
1776162127.993,127.993,0.58,84.4,0.57,108.5,0.56,40.5,0.55,41.5,0.54,35.0,0.59,2.0,0.6,73.5,0.61,5.0,0.62,86.0,0.63,22.0,0.41,2.0,0.4,73.5,0.39,5.0,0.38,86.0,0.37,22.0,0.42,84.4,0.43,108.5,0.44,40.5,0.45,41.5,0.46,35.0,0.01,0.01,2383.452889,1776162127000
1776162129.073,129.073,0.58,84.4,0.57,108.5,0.56,40.5,0.55,41.5,0.54,35.0,0.59,2.0,0.6,73.5,0.61,5.0,0.62,86.0,0.63,22.0,0.41,2.0,0.4,73.5,0.39,5.0,0.38,86.0,0.37,22.0,0.42,84.4,0.43,108.5,0.44,40.5,0.45,41.5,0.46,35.0,0.01,0.01,2383.440753,1776162128000
1776162130.049,130.049,0.58,84.4,0.57,108.5,0.56,40.5,0.55,41.5,0.54,35.0,0.59,2.0,0.6,73.5,0.61,5.0,0.62,86.0,0.63,22.0,0.41,2.0,0.4,73.5,0.39,5.0,0.38,86.0,0.37,22.0,0.42,84.4,0.43,108.5,0.44,40.5,0.45,41.5,0.46,35.0,0.01,0.01,2383.439867,1776162129000
1776162130.951,130.951,0.59,153.78,0.58,88.5,0.57,45.5,0.56,35.5,0.55,41.5,0.6,23.63,0.61,5.0,0.62,74.0,0.63,26.0,0.64,78.0,0.41,2.0,0.4,73.5,0.39,5.0,0.38,86.0,0.37,22.0,0.42,84.4,0.43,108.5,0.44,40.5,0.45,41.5,0.46,35.0,0.01,0.01,2383.439867,1776162129000
1776162131.201,131.201,0.59,153.78,0.58,88.5,0.57,45.5,0.56,35.5,0.55,41.5,0.6,23.63,0.61,5.0,0.62,74.0,0.63,26.0,0.64,78.0,0.4,23.63,0.39,5.0,0.38,74.0,0.37,26.0,0.36,78.0,0.41,153.78,0.42,88.5,0.43,45.5,0.44,35.5,0.45,41.5,0.01,0.01,2383.456123,1776162130000
1776162132.127,132.127,0.59,153.78,0.58,88.5,0.57,45.5,0.56,35.5,0.55,41.5,0.6,23.63,0.61,5.0,0.62,74.0,0.63,26.0,0.64,78.0,0.4,23.63,0.39,5.0,0.38,74.0,0.37,26.0,0.36,78.0,0.41,153.78,0.42,88.5,0.43,45.5,0.44,35.5,0.45,41.5,0.01,0.01,2383.456123,1776162131000
1776162133.134,133.134,0.59,153.78,0.58,88.5,0.57,45.5,0.56,35.5,0.55,41.5,0.6,23.63,0.61,5.0,0.62,74.0,0.63,26.0,0.64,78.0,0.4,23.63,0.39,5.0,0.38,74.0,0.37,26.0,0.36,78.0,0.41,153.78,0.42,88.5,0.43,45.5,0.44,35.5,0.45,41.5,0.01,0.01,2383.448671,1776162132000
1776162134.172,134.172,0.59,153.78,0.58,88.5,0.57,45.5,0.56,35.5,0.55,41.5,0.6,23.63,0.61,5.0,0.62,74.0,0.63,26.0,0.64,78.0,0.4,23.63,0.39,5.0,0.38,74.0,0.37,26.0,0.36,78.0,0.41,153.78,0.42,88.5,0.43,45.5,0.44,35.5,0.45,41.5,0.01,0.01,2383.443671,1776162133000
1776162135.253,135.253,0.59,153.78,0.58,88.5,0.57,45.5,0.56,35.5,0.55,41.5,0.6,23.63,0.61,5.0,0.62,74.0,0.63,26.0,0.64,78.0,0.4,23.63,0.39,5.0,0.38,74.0,0.37,26.0,0.36,78.0,0.41,153.78,0.42,88.5,0.43,45.5,0.44,35.5,0.45,41.5,0.01,0.01,2383.439335,1776162134000
1776162135.69,135.69,0.61,175.0,0.6,40.75,0.59,77.28,0.58,31.5,0.57,45.5,0.62,0.5,0.63,15.0,0.64,63.0,0.65,21.0,0.66,33.0,0.38,20.5,0.37,15.0,0.36,5.0,0.35,26.0,0.34,38.0,0.41,217.28,0.42,36.5,0.43,50.5,0.44,85.5,0.45,35.5,0.01,0.03,2383.439335,1776162134000
1776162136.239,136.239,0.61,175.0,0.6,40.75,0.59,77.28,0.58,31.5,0.57,45.5,0.62,0.5,0.63,15.0,0.64,63.0,0.65,21.0,0.66,33.0,0.38,0.5,0.37,15.0,0.36,63.0,0.35,21.0,0.34,33.0,0.39,175.0,0.4,40.75,0.41,77.28,0.42,31.5,0.43,45.5,0.01,0.01,2383.434316,1776162135000
1776162136.461,136.461,0.62,167.0,0.61,65.5,0.6,35.75,0.59,67.28,0.58,41.5,0.63,6.06,0.64,15.5,0.65,11.0,0.66,81.0,0.67,15.0,0.38,0.5,0.37,15.0,0.36,63.0,0.35,21.0,0.34,33.0,0.39,175.0,0.4,40.75,0.41,77.28,0.42,31.5,0.43,45.5,0.01,0.01,2383.434316,1776162135000
1776162136.763,136.763,0.64,30.0,0.63,87.5,0.62,20.0,0.61,45.0,0.6,26.25,0.65,3.3,0.66,75.0,0.67,23.5,0.68,75.0,0.69,20.0,0.35,16.0,0.34,81.0,0.33,15.0,0.32,90.0,0.31,20.0,0.38,172.0,0.39,65.5,0.4,35.75,0.41,67.28,0.42,41.5,0.01,0.03,2383.434316,1776162135000
1776162137.461,137.461,0.64,25.0,0.63,92.5,0.62,20.0,0.61,40.0,0.6,26.25,0.66,69.0,0.67,23.5,0.68,75.0,0.69,20.0,0.7,20.0,0.34,69.0,0.33,23.5,0.32,75.0,0.31,20.0,0.3,20.0,0.36,25.0,0.37,92.5,0.38,20.0,0.39,40.0,0.4,26.25,0.02,0.02,2383.45059,1776162136000
1776162137.834,137.834,0.65,20.0,0.64,15.0,0.63,97.5,0.62,15.0,0.61,40.0,0.66,72.33,0.67,23.5,0.68,75.0,0.69,20.0,0.7,20.0,0.34,72.33,0.33,23.5,0.32,75.0,0.31,20.0,0.3,20.0,0.35,20.0,0.36,15.0,0.37,97.5,0.38,15.0,0.39,40.0,0.01,0.01,2383.493317,1776162137000
1776162138.507,138.507,0.65,55.0,0.64,30.5,0.63,87.5,0.62,73.0,0.61,20.0,0.66,67.75,0.67,5.0,0.68,92.5,0.69,15.0,0.7,25.0,0.34,72.33,0.33,23.5,0.32,75.0,0.31,20.0,0.3,20.0,0.35,20.0,0.36,15.0,0.37,97.5,0.38,15.0,0.39,40.0,0.01,0.01,2383.493317,1776162137000
1776162138.883,138.883,0.65,55.0,0.64,30.5,0.63,87.5,0.62,73.0,0.61,20.0,0.66,67.75,0.67,5.0,0.68,92.5,0.69,15.0,0.7,25.0,0.34,67.75,0.33,5.0,0.32,92.5,0.31,15.0,0.3,25.0,0.35,55.0,0.36,30.5,0.37,87.5,0.38,73.0,0.39,20.0,0.01,0.01,2383.512457,1776162138000
1776162139.862,139.862,0.65,55.0,0.64,30.5,0.63,87.5,0.62,73.0,0.61,20.0,0.66,67.75,0.67,5.0,0.68,92.5,0.69,15.0,0.7,25.0,0.34,67.75,0.33,5.0,0.32,92.5,0.31,15.0,0.3,25.0,0.35,55.0,0.36,30.5,0.37,87.5,0.38,73.0,0.39,20.0,0.01,0.01,2383.5461,1776162139000
1776162141.305,141.305,0.65,55.0,0.64,30.5,0.63,87.5,0.62,73.0,0.61,20.0,0.66,67.75,0.67,5.0,0.68,92.5,0.69,15.0,0.7,25.0,0.34,67.75,0.33,5.0,0.32,92.5,0.31,15.0,0.3,25.0,0.35,55.0,0.36,30.5,0.37,87.5,0.38,73.0,0.39,20.0,0.01,0.01,2383.557235,1776162140000
1776162141.659,141.659,0.66,97.5,0.65,224.28,0.64,30.5,0.63,25.5,0.62,15.0,0.67,1.0,0.68,11.0,0.69,23.5,0.7,10.0,0.71,66.0,0.34,67.75,0.33,5.0,0.32,92.5,0.31,15.0,0.3,25.0,0.35,55.0,0.36,30.5,0.37,87.5,0.38,73.0,0.39,20.0,0.01,0.01,2383.557235,1776162140000
1776162142.24,142.24,0.66,97.5,0.65,224.28,0.64,30.5,0.63,25.5,0.62,15.0,0.67,1.0,0.68,11.0,0.69,23.5,0.7,10.0,0.71,66.0,0.33,1.0,0.32,11.0,0.31,23.5,0.3,10.0,0.29,66.0,0.34,97.5,0.35,224.28,0.36,30.5,0.37,25.5,0.38,15.0,0.01,0.01,2383.557228,1776162141000
1776162143.022,143.022,0.67,197.0,0.66,62.5,0.65,109.28,0.64,25.5,0.63,25.5,0.68,8.05,0.69,13.0,0.7,15.5,0.71,60.0,0.72,26.0,0.33,1.0,0.32,11.0,0.31,23.5,0.3,10.0,0.29,66.0,0.34,97.5,0.35,224.28,0.36,30.5,0.37,25.5,0.38,15.0,0.01,0.01,2383.557228,1776162141000
1776162143.306,143.306,0.67,197.0,0.66,62.5,0.65,109.28,0.64,25.5,0.63,25.5,0.68,8.05,0.69,13.0,0.7,15.5,0.71,60.0,0.72,26.0,0.32,8.05,0.31,13.0,0.3,15.5,0.29,60.0,0.28,26.0,0.33,197.0,0.34,62.5,0.35,109.28,0.36,25.5,0.37,25.5,0.01,0.01,2383.548542,1776162142000
1776162143.834,143.834,0.67,195.21,0.66,67.5,0.65,99.28,0.64,25.5,0.63,25.5,0.69,5.0,0.7,13.0,0.71,55.0,0.72,11.0,0.73,5.0,0.32,8.05,0.31,13.0,0.3,15.5,0.29,60.0,0.28,26.0,0.33,197.0,0.34,62.5,0.35,109.28,0.36,25.5,0.37,25.5,0.02,0.01,2383.548542,1776162142000
1776162144.048,144.048,0.69,65.5,0.68,92.5,0.67,98.5,0.66,25.5,0.65,67.28,0.72,23.5,0.73,10.0,0.74,75.0,0.75,20.0,0.76,215.0,0.3,0.92,0.29,5.0,0.28,23.5,0.27,10.0,0.26,75.0,0.31,65.5,0.32,92.5,0.33,98.5,0.34,25.5,0.35,67.28,0.03,0.01,2383.548542,1776162142000
1776162144.399,144.399,0.71,35.0,0.7,37.0,0.69,42.5,0.68,82.5,0.67,98.5,0.72,26.97,0.73,25.0,0.74,75.0,0.75,20.0,0.76,210.0,0.28,21.97,0.27,10.0,0.26,75.0,0.25,20.0,0.24,215.0,0.29,10.0,0.3,32.0,0.31,47.5,0.32,87.5,0.33,98.5,0.01,0.01,2383.640645,1776162143000
1776162144.79,144.79,0.72,34.46,0.71,135.0,0.7,47.5,0.69,37.5,0.68,25.5,0.73,25.0,0.74,99.5,0.75,10.0,0.76,112.0,0.77,15.0,0.28,26.97,0.27,25.0,0.26,75.0,0.25,20.0,0.24,210.0,0.29,35.0,0.3,37.0,0.31,42.5,0.32,82.5,0.33,98.5,0.01,0.01,2383.640645,1776162143000
1776162145.151,145.151,0.72,25.0,0.71,77.0,0.7,105.5,0.69,37.5,0.68,25.5,0.73,20.0,0.74,99.5,0.75,67.0,0.76,55.0,0.77,15.0,0.27,20.0,0.26,99.5,0.25,67.0,0.24,55.0,0.23,15.0,0.28,25.0,0.29,77.0,0.3,105.5,0.31,37.5,0.32,25.5,0.01,0.01,2383.695337,1776162144000
1776162146.173,146.173,0.72,25.0,0.71,77.0,0.7,105.5,0.69,37.5,0.68,25.5,0.73,20.0,0.74,99.5,0.75,67.0,0.76,55.0,0.77,15.0,0.27,20.0,0.26,99.5,0.25,67.0,0.24,55.0,0.23,15.0,0.28,25.0,0.29,77.0,0.3,105.5,0.31,37.5,0.32,25.5,0.01,0.01,2383.73881,1776162145000
1776162146.66,146.66,0.72,107.0,0.71,35.5,0.7,42.5,0.69,37.5,0.68,25.5,0.73,2.56,0.74,35.5,0.75,11.0,0.76,117.0,0.77,5.0,0.27,20.0,0.26,99.5,0.25,67.0,0.24,55.0,0.23,15.0,0.28,25.0,0.29,77.0,0.3,105.5,0.31,37.5,0.32,25.5,0.01,0.01,2383.73881,1776162145000
1776162147.147,147.147,0.72,177.42,0.71,35.5,0.7,42.5,0.69,37.5,0.68,25.5,0.74,28.75,0.75,48.89,0.76,117.0,0.77,5.0,0.78,71.0,0.26,28.75,0.25,48.89,0.24,117.0,0.23,5.0,0.22,71.0,0.28,177.42,0.29,35.5,0.3,42.5,0.31,37.5,0.32,25.5,0.02,0.02,2383.81541,1776162146000
1776162147.517,147.517,0.75,39.8,0.74,33.0,0.73,57.5,0.72,52.5,0.71,73.0,0.76,19.65,0.77,32.5,0.78,16.0,0.79,96.7,0.8,37.5,0.24,26.5,0.23,32.5,0.22,10.0,0.21,96.7,0.2,27.5,0.25,3.8,0.26,28.0,0.27,62.5,0.28,52.5,0.29,73.0,0.01,0.01,2383.81541,1776162146000
1776162148.028,148.028,0.76,35.0,0.75,18.8,0.74,48.5,0.73,52.5,0.72,42.5,0.77,35.81,0.78,5.0,0.79,86.0,0.8,37.5,0.81,118.4,0.24,19.65,0.23,32.5,0.22,16.0,0.21,96.7,0.2,37.5,0.25,39.8,0.26,33.0,0.27,57.5,0.28,52.5,0.29,73.0,0.01,0.01,2383.81541,1776162146000
1776162149.049,149.049,0.76,35.0,0.75,18.8,0.74,48.5,0.73,52.5,0.72,42.5,0.77,35.81,0.78,5.0,0.79,86.0,0.8,37.5,0.81,118.4,0.23,35.81,0.22,5.0,0.21,86.0,0.2,37.5,0.19,118.4,0.24,35.0,0.25,18.8,0.26,48.5,0.27,52.5,0.28,42.5,0.01,0.01,2383.897285,1776162148000
1776162149.985,149.985,0.76,35.0,0.75,18.8,0.74,48.5,0.73,52.5,0.72,42.5,0.77,35.81,0.78,5.0,0.79,86.0,0.8,37.5,0.81,118.4,0.23,35.81,0.22,5.0,0.21,86.0,0.2,37.5,0.19,118.4,0.24,35.0,0.25,18.8,0.26,48.5,0.27,52.5,0.28,42.5,0.01,0.01,2383.912414,1776162149000
1776162150.285,150.285,0.78,49.4,0.77,35.5,0.76,155.5,0.75,19.3,0.74,34.0,0.79,79.0,0.8,5.0,0.81,65.5,0.82,35.4,0.83,60.5,0.21,66.0,0.2,5.0,0.19,65.5,0.18,35.4,0.17,60.5,0.23,69.5,0.24,160.5,0.25,19.3,0.26,34.0,0.27,25.5,0.01,0.02,2383.912414,1776162149000
1776162150.946,150.946,0.78,49.4,0.77,35.5,0.76,155.5,0.75,19.3,0.74,34.0,0.79,79.0,0.8,5.0,0.81,65.5,0.82,35.4,0.83,60.5,0.21,79.0,0.2,5.0,0.19,65.5,0.18,35.4,0.17,60.5,0.22,49.4,0.23,35.5,0.24,155.5,0.25,19.3,0.26,34.0,0.01,0.01,2383.98338,1776162150000
1776162151.448,151.448,0.79,107.45,0.78,46.86,0.77,30.5,0.76,37.5,0.75,19.3,0.82,145.0,0.83,117.0,0.84,36.8,0.85,33.2,0.86,124.9,0.21,3.11,0.19,50.0,0.18,45.9,0.17,60.5,0.16,36.8,0.22,70.86,0.23,40.5,0.24,150.5,0.25,19.3,0.26,34.0,0.03,0.01,2383.98338,1776162150000
1776162151.96,151.96,0.81,122.5,0.8,79.0,0.79,26.0,0.78,31.86,0.77,31.5,0.85,43.28,0.86,34.9,0.87,169.8,0.88,49.1,0.89,51.79,0.18,135.22,0.17,122.94,0.16,36.8,0.15,43.2,0.14,124.9,0.19,10.0,0.2,10.0,0.21,148.95,0.22,46.86,0.23,25.5,0.04,0.01,2383.98338,1776162150000
1776162152.533,152.533,0.84,69.0,0.83,20.0,0.82,30.5,0.81,88.5,0.8,74.0,0.85,30.18,0.86,52.61,0.87,169.8,0.88,49.1,0.89,51.79,0.15,43.28,0.14,34.9,0.13,169.8,0.12,49.1,0.11,51.79,0.19,122.5,0.2,79.0,0.21,26.0,0.22,31.86,0.23,31.5,0.01,0.04,2384.03769,1776162151000
1776162152.859,152.859,0.84,54.0,0.83,20.0,0.82,30.5,0.81,83.5,0.8,74.0,0.85,28.88,0.86,116.84,0.87,169.8,0.88,49.1,0.89,51.79,0.15,30.18,0.14,52.61,0.13,169.8,0.12,49.1,0.11,51.79,0.16,69.0,0.17,20.0,0.18,30.5,0.19,88.5,0.2,74.0,0.01,0.01,2384.03769,1776162151000
1776162153.187,153.187,0.84,64.0,0.83,88.5,0.82,30.5,0.81,82.5,0.8,17.0,0.85,72.62,0.86,116.84,0.87,117.8,0.88,55.1,0.89,51.79,0.15,28.88,0.14,116.84,0.13,169.8,0.12,49.1,0.11,51.79,0.16,54.0,0.17,20.0,0.18,30.5,0.19,83.5,0.2,74.0,0.01,0.01,2384.080219,1776162152000
1776162153.432,153.432,0.84,64.0,0.83,88.5,0.82,30.5,0.81,82.5,0.8,17.0,0.85,66.01,0.86,116.84,0.87,117.8,0.88,55.1,0.89,51.79,0.15,67.93,0.14,116.84,0.13,117.8,0.12,55.1,0.11,51.79,0.16,69.0,0.17,88.5,0.18,30.5,0.19,82.5,0.2,17.0,0.01,0.01,2384.080219,1776162152000
1776162153.848,153.848,0.84,71.57,0.83,88.5,0.82,30.5,0.81,82.5,0.8,17.0,0.85,69.73,0.86,116.84,0.87,117.8,0.88,45.1,0.89,51.79,0.15,66.01,0.14,116.84,0.13,117.8,0.12,55.1,0.11,51.79,0.16,64.0,0.17,88.5,0.18,30.5,0.19,82.5,0.2,17.0,0.01,0.01,2384.080219,1776162152000
1776162154.878,154.878,0.84,81.79,0.83,83.5,0.82,30.5,0.81,38.5,0.8,21.0,0.86,156.07,0.87,117.3,0.88,50.1,0.89,51.79,0.9,85.0,0.15,17.73,0.14,231.84,0.13,117.3,0.12,50.1,0.11,51.79,0.16,61.29,0.17,88.5,0.18,87.5,0.19,25.5,0.2,17.0,0.02,0.01,2384.154449,1776162153000
1776162155.217,155.217,0.85,90.38,0.84,118.5,0.83,82.5,0.82,30.5,0.81,38.5,0.86,76.44,0.87,174.3,0.88,55.6,0.89,56.79,0.9,85.0,0.14,156.07,0.13,117.3,0.12,50.1,0.11,51.79,0.1,85.0,0.16,81.79,0.17,83.5,0.18,30.5,0.19,38.5,0.2,21.0,0.01,0.02,2384.154449,1776162153000
1776162155.923,155.923,0.85,75.38,0.84,108.5,0.83,82.5,0.82,30.5,0.81,44.5,0.86,18.3,0.87,104.3,0.88,49.6,0.89,57.79,0.9,96.0,0.14,76.44,0.13,174.3,0.12,55.6,0.11,56.79,0.1,85.0,0.15,90.38,0.16,118.5,0.17,82.5,0.18,30.5,0.19,38.5,0.01,0.01,2384.32249,1776162154000
1776162156.317,156.317,0.85,75.38,0.84,108.5,0.83,82.5,0.82,30.5,0.81,44.5,0.86,18.3,0.87,104.3,0.88,49.6,0.89,57.79,0.9,96.0,0.14,18.3,0.13,104.3,0.12,49.6,0.11,57.79,0.1,96.0,0.15,75.38,0.16,108.5,0.17,82.5,0.18,30.5,0.19,44.5,0.01,0.01,2384.37281,1776162155000
1776162156.71,156.71,0.85,74.0,0.84,45.5,0.83,140.5,0.82,37.5,0.81,37.5,0.86,74.83,0.87,94.8,0.88,49.6,0.89,41.79,0.9,56.0,0.14,125.62,0.13,31.8,0.12,49.6,0.11,41.79,0.1,56.0,0.15,115.8,0.16,45.5,0.17,140.5,0.18,37.5,0.19,37.5,0.01,0.01,2384.37281,1776162155000
1776162156.949,156.949,0.85,223.5,0.84,103.5,0.83,25.5,0.82,30.5,0.81,145.5,0.86,6.45,0.88,107.6,0.89,52.29,0.9,45.0,0.91,49.0,0.14,74.83,0.13,94.8,0.12,49.6,0.11,41.79,0.1,56.0,0.15,74.0,0.16,45.5,0.17,140.5,0.18,37.5,0.19,37.5,0.01,0.01,2384.37281,1776162155000
1776162157.362,157.362,0.88,34.0,0.87,10.0,0.86,25.5,0.85,173.5,0.84,41.5,0.89,26.29,0.9,45.0,0.91,49.0,0.92,74.9,0.93,391.59,0.11,26.29,0.1,45.0,0.09,49.0,0.08,74.9,0.07,391.59,0.12,34.0,0.13,10.0,0.14,25.5,0.15,173.5,0.16,41.5,0.01,0.01,2384.453429,1776162156000
1776162157.602,157.602,0.88,84.83,0.87,20.0,0.86,41.5,0.85,156.5,0.84,43.5,0.89,107.57,0.9,102.0,0.91,49.0,0.92,80.9,0.93,376.3,0.11,26.29,0.1,45.0,0.09,49.0,0.08,74.9,0.07,391.59,0.12,34.0,0.13,10.0,0.14,25.5,0.15,173.5,0.16,41.5,0.01,0.01,2384.453429,1776162156000
1776162157.99,157.99,0.88,58.16,0.87,25.0,0.86,36.5,0.85,156.5,0.84,43.5,0.89,164.57,0.9,136.26,0.91,49.0,0.92,80.9,0.93,376.3,0.11,107.57,0.1,102.0,0.09,49.0,0.08,80.9,0.07,376.3,0.12,84.83,0.13,20.0,0.14,41.5,0.15,156.5,0.16,43.5,0.01,0.01,2384.453429,1776162156000
1776162158.341,158.341,0.88,54.82,0.87,25.0,0.86,36.5,0.85,156.5,0.84,43.5,0.89,164.57,0.9,136.26,0.91,49.0,0.92,80.9,0.93,376.3,0.11,164.57,0.1,136.26,0.09,49.0,0.08,80.9,0.07,376.3,0.12,54.82,0.13,25.0,0.14,36.5,0.15,156.5,0.16,43.5,0.01,0.01,2384.490418,1776162157000
1776162159.355,159.355,0.88,47.9,0.87,20.0,0.86,36.5,0.85,156.5,0.84,43.5,0.89,164.57,0.9,136.26,0.91,49.0,0.92,80.9,0.93,376.3,0.11,164.57,0.1,136.26,0.09,49.0,0.08,80.9,0.07,376.3,0.12,47.9,0.13,20.0,0.14,36.5,0.15,156.5,0.16,43.5,0.01,0.01,2384.611689,1776162158000
1776162159.907,159.907,0.88,29.66,0.87,20.0,0.86,36.5,0.85,156.5,0.84,43.5,0.89,183.2,0.9,136.26,0.91,49.0,0.92,80.9,0.93,376.3,0.11,183.2,0.1,136.26,0.09,49.0,0.08,80.9,0.07,376.3,0.12,29.66,0.13,20.0,0.14,36.5,0.15,156.5,0.16,43.5,0.01,0.01,2384.611689,1776162159000
1776162160.548,160.548,0.88,38.18,0.87,35.59,0.86,94.5,0.85,98.5,0.84,43.5,0.89,183.2,0.9,45.0,0.91,49.0,0.92,80.9,0.93,376.3,0.11,183.2,0.1,136.26,0.09,49.0,0.08,80.9,0.07,376.3,0.12,29.66,0.13,20.0,0.14,36.5,0.15,156.5,0.16,43.5,0.01,0.01,2384.611689,1776162159000
1776162161.334,161.334,0.88,8.18,0.87,35.59,0.86,94.5,0.85,41.5,0.84,100.5,0.89,183.11,0.9,45.0,0.91,49.0,0.92,80.9,0.93,376.3,0.11,178.11,0.1,45.0,0.09,49.0,0.08,80.9,0.07,376.3,0.12,48.18,0.13,35.59,0.14,94.5,0.15,98.5,0.16,43.5,0.01,0.01,2384.611689,1776162159000
1776162161.702,161.702,0.88,13.18,0.87,35.59,0.86,94.5,0.85,41.5,0.84,100.5,0.89,165.62,0.9,45.0,0.91,49.0,0.92,80.9,0.93,376.3,0.11,168.61,0.1,45.0,0.09,49.0,0.08,80.9,0.07,376.3,0.12,13.18,0.13,35.59,0.14,94.5,0.15,41.5,0.16,100.5,0.01,0.01,2384.611689,1776162159000
1776162161.907,161.907,0.86,43.27,0.85,50.5,0.84,92.5,0.83,31.5,0.82,30.5,0.89,166.91,0.9,138.15,0.91,49.0,0.92,80.9,0.93,376.3,0.11,162.0,0.1,45.0,0.09,49.0,0.08,80.9,0.07,376.3,0.12,13.18,0.13,35.59,0.14,94.5,0.15,50.5,0.16,92.5,0.03,0.01,2384.611689,1776162159000
1776162163.113,163.113,0.86,43.27,0.85,50.5,0.84,92.5,0.83,31.5,0.82,30.5,0.89,166.91,0.9,138.15,0.91,49.0,0.92,80.9,0.93,376.3,0.11,166.91,0.1,138.15,0.09,49.0,0.08,80.9,0.07,376.3,0.14,43.27,0.15,50.5,0.16,92.5,0.17,31.5,0.18,30.5,0.03,0.03,2384.573499,1776162162000
1776162164.113,164.113,0.88,16.33,0.87,83.5,0.86,101.5,0.85,50.5,0.84,25.5,0.89,119.91,0.9,73.5,0.91,59.0,0.92,80.9,0.93,276.3,0.11,166.91,0.1,138.15,0.09,49.0,0.08,80.9,0.07,376.3,0.14,43.27,0.15,50.5,0.16,92.5,0.17,31.5,0.18,30.5,0.01,0.03,2384.573499,1776162162000
1776162164.624,164.624,0.88,16.33,0.87,83.5,0.86,101.5,0.85,50.5,0.84,25.5,0.89,119.91,0.9,73.5,0.91,59.0,0.92,80.9,0.93,276.3,0.11,119.91,0.1,73.5,0.09,59.0,0.08,80.9,0.07,276.3,0.12,16.33,0.13,83.5,0.14,101.5,0.15,50.5,0.16,25.5,0.01,0.01,2384.571974,1776162163000
1776162165.254,165.254,0.88,16.33,0.87,83.5,0.86,101.5,0.85,50.5,0.84,25.5,0.89,119.91,0.9,73.5,0.91,59.0,0.92,80.9,0.93,276.3,0.11,119.91,0.1,73.5,0.09,59.0,0.08,80.9,0.07,276.3,0.12,16.33,0.13,83.5,0.14,101.5,0.15,50.5,0.16,25.5,0.01,0.01,2384.590965,1776162164000
1776162165.916,165.916,0.88,21.33,0.87,88.5,0.86,106.5,0.85,50.5,0.84,25.5,0.89,112.41,0.9,81.5,0.91,59.0,0.92,75.9,0.93,281.3,0.11,119.91,0.1,73.5,0.09,59.0,0.08,80.9,0.07,276.3,0.12,16.33,0.13,83.5,0.14,101.5,0.15,50.5,0.16,25.5,0.01,0.01,2384.590965,1776162164000
1776162166.489,166.489,0.88,21.33,0.87,88.5,0.86,106.5,0.85,50.5,0.84,25.5,0.89,112.41,0.9,81.5,0.91,59.0,0.92,75.9,0.93,281.3,0.11,112.41,0.1,81.5,0.09,59.0,0.08,75.9,0.07,281.3,0.12,21.33,0.13,88.5,0.14,106.5,0.15,50.5,0.16,25.5,0.01,0.01,2384.588078,1776162165000
1776162167.079,167.079,0.88,21.33,0.87,88.5,0.86,106.5,0.85,50.5,0.84,25.5,0.89,112.41,0.9,81.5,0.91,59.0,0.92,75.9,0.93,281.3,0.11,112.41,0.1,81.5,0.09,59.0,0.08,75.9,0.07,281.3,0.12,21.33,0.13,88.5,0.14,106.5,0.15,50.5,0.16,25.5,0.01,0.01,2384.583162,1776162166000
1776162167.558,167.558,0.88,5.16,0.87,93.5,0.86,101.5,0.85,49.5,0.84,30.5,0.89,119.91,0.9,63.0,0.91,59.0,0.92,75.9,0.93,281.3,0.11,112.41,0.1,81.5,0.09,59.0,0.08,75.9,0.07,281.3,0.12,21.33,0.13,88.5,0.14,106.5,0.15,50.5,0.16,25.5,0.01,0.01,2384.583162,1776162166000
1776162168.246,168.246,0.88,5.16,0.87,93.5,0.86,101.5,0.85,49.5,0.84,30.5,0.89,119.91,0.9,63.0,0.91,59.0,0.92,75.9,0.93,281.3,0.11,119.91,0.1,63.0,0.09,59.0,0.08,75.9,0.07,281.3,0.12,5.16,0.13,93.5,0.14,101.5,0.15,49.5,0.16,30.5,0.01,0.01,2384.583328,1776162167000
1776162169.317,169.317,0.88,5.16,0.87,93.5,0.86,101.5,0.85,49.5,0.84,30.5,0.89,119.91,0.9,63.0,0.91,59.0,0.92,75.9,0.93,281.3,0.11,119.91,0.1,63.0,0.09,59.0,0.08,75.9,0.07,281.3,0.12,5.16,0.13,93.5,0.14,101.5,0.15,49.5,0.16,30.5,0.01,0.01,2384.579811,1776162168000
1776162169.57,169.57,0.88,223.5,0.87,110.5,0.86,168.5,0.85,110.5,0.84,15.0,0.89,7.73,0.92,58.0,0.93,266.0,0.94,78.8,0.95,110.8,0.11,119.91,0.1,63.0,0.09,59.0,0.08,75.9,0.07,281.3,0.12,5.16,0.13,93.5,0.14,101.5,0.15,49.5,0.16,30.5,0.01,0.01,2384.579811,1776162168000
1776162170.087,170.087,0.92,5.0,0.91,78.77,0.9,135.0,0.89,31.0,0.88,62.5,0.93,269.28,0.94,131.8,0.95,205.8,0.96,151.3,0.97,438.7,0.07,254.86,0.06,78.8,0.05,210.8,0.04,146.3,0.03,468.03,0.09,23.27,0.12,223.5,0.13,110.5,0.14,173.5,0.15,110.5,0.01,0.02,2384.579811,1776162168000
1776162170.405,170.405,0.92,5.0,0.91,78.77,0.9,135.0,0.89,31.0,0.88,62.5,0.93,269.28,0.94,131.8,0.95,205.8,0.96,151.3,0.97,438.7,0.07,269.28,0.06,131.8,0.05,205.8,0.04,151.3,0.03,438.7,0.08,5.0,0.09,78.77,0.1,135.0,0.11,31.0,0.12,62.5,0.01,0.01,2384.607545,1776162169000
1776162171.17,171.17,0.92,5.0,0.91,136.77,0.9,77.0,0.89,31.0,0.88,62.5,0.93,273.2,0.94,136.8,0.95,205.8,0.96,151.3,0.97,438.7,0.07,273.2,0.06,136.8,0.05,205.8,0.04,151.3,0.03,438.7,0.08,5.0,0.09,136.77,0.1,77.0,0.11,31.0,0.12,62.5,0.01,0.01,2384.616892,1776162170000
1776162171.481,171.481,0.92,5.0,0.91,126.77,0.9,77.0,0.89,31.0,0.88,40.5,0.93,263.52,0.94,267.98,0.95,205.8,0.96,151.3,0.97,438.7,0.07,273.2,0.06,136.8,0.05,205.8,0.04,151.3,0.03,438.7,0.08,5.0,0.09,136.77,0.1,77.0,0.11,31.0,0.12,62.5,0.01,0.01,2384.616892,1776162170000
1776162171.761,171.761,0.92,5.0,0.91,126.77,0.9,77.0,0.89,31.0,0.88,40.5,0.93,253.84,0.94,267.98,0.95,205.8,0.96,651.3,0.97,438.7,0.07,263.52,0.06,267.98,0.05,205.8,0.04,151.3,0.03,438.7,0.08,5.0,0.09,126.77,0.1,77.0,0.11,31.0,0.12,40.5,0.01,0.01,2384.616892,1776162170000
1776162172.452,172.452,0.92,5.0,0.91,126.77,0.9,77.0,0.89,31.0,0.88,40.5,0.93,253.84,0.94,267.98,0.95,205.8,0.96,651.3,0.97,438.7,0.07,253.84,0.06,267.98,0.05,205.8,0.04,651.3,0.03,438.7,0.08,5.0,0.09,126.77,0.1,77.0,0.11,31.0,0.12,40.5,0.01,0.01,2384.79611,1776162171000
1776162172.793,172.793,0.92,104.5,0.91,125.77,0.9,95.0,0.89,100.18,0.88,100.5,0.93,106.45,0.94,57.0,0.95,205.8,0.96,136.3,0.97,433.7,0.07,93.42,0.06,57.0,0.05,205.8,0.04,136.3,0.03,533.7,0.08,41.5,0.09,130.77,0.1,95.0,0.11,100.18,0.12,105.5,0.01,0.01,2384.79611,1776162171000
1776162173.105,173.105,0.92,111.5,0.91,130.77,0.9,95.0,0.89,100.18,0.88,95.5,0.93,90.45,0.94,57.0,0.95,205.8,0.96,136.3,0.97,433.7,0.07,90.45,0.06,57.0,0.05,205.8,0.04,136.3,0.03,433.7,0.08,111.5,0.09,130.77,0.1,95.0,0.11,100.18,0.12,95.5,0.01,0.01,2384.806181,1776162172000
1776162173.543,173.543,0.92,146.5,0.91,130.77,0.9,95.0,0.89,105.18,0.88,95.5,0.93,86.72,0.94,57.0,0.95,205.8,0.96,136.3,0.97,428.7,0.07,90.45,0.06,57.0,0.05,205.8,0.04,136.3,0.03,433.7,0.08,111.5,0.09,130.77,0.1,95.0,0.11,100.18,0.12,95.5,0.01,0.01,2384.806181,1776162172000
1776162174.191,174.191,0.94,10.0,0.93,25.5,0.92,160.5,0.91,68.77,0.9,85.0,0.95,63.57,0.96,148.3,0.97,486.7,0.98,404.7,0.99,2307.69,0.07,91.72,0.06,57.0,0.05,205.8,0.04,136.3,0.03,428.7,0.08,134.0,0.09,130.77,0.1,95.0,0.11,105.18,0.12,95.5,0.01,0.01,2384.806181,1776162172000
1776162175.094,175.094,0.94,219.98,0.93,140.59,0.92,45.5,0.91,233.77,0.9,210.0,0.95,1.35,0.96,228.3,0.97,486.7,0.98,404.7,0.99,2297.69,0.05,63.57,0.04,148.3,0.03,486.7,0.02,404.7,0.01,2307.69,0.06,10.0,0.07,25.5,0.08,160.5,0.09,68.77,0.1,85.0,0.01,0.01,2384.85324,1776162173000
1776162175.343,175.343,0.94,312.98,0.93,165.59,0.92,170.5,0.91,233.77,0.9,310.0,0.96,226.54,0.97,486.7,0.98,504.7,0.99,2397.69,,,0.05,1.35,0.04,228.3,0.03,486.7,0.02,404.7,0.01,2297.69,0.06,219.98,0.07,140.59,0.08,45.5,0.09,233.77,0.1,210.0,0.02,0.01,2384.85324,1776162173000
1776162176.003,176.003,0.95,199.5,0.94,369.98,0.93,165.59,0.92,170.5,0.91,267.77,0.96,249.36,0.97,643.7,0.98,504.7,0.99,2397.69,,,0.04,226.54,0.03,486.7,0.02,504.7,0.01,2397.69,,,0.06,312.98,0.07,165.59,0.08,170.5,0.09,233.77,0.1,310.0,0.01,0.02,2384.972714,1776162174000
1776162176.711,176.711,0.95,71.0,0.94,110.0,0.93,135.09,0.92,170.5,0.91,189.77,0.96,272.2,0.97,428.7,0.98,404.7,0.99,2402.69,,,0.04,244.2,0.03,643.7,0.02,504.7,0.01,2397.69,,,0.05,199.5,0.06,369.98,0.07,165.59,0.08,170.5,0.09,267.77,0.01,0.01,2385.009742,1776162175000
1776162176.983,176.983,0.93,16.4,0.92,50.5,0.91,69.77,0.9,95.0,0.89,100.18,0.94,93.0,0.95,168.36,0.96,225.2,0.97,433.7,0.98,409.7,0.04,277.2,0.03,428.7,0.02,504.7,0.01,2402.69,,,0.07,41.4,0.08,70.5,0.09,89.77,0.1,177.0,0.11,125.18,0.01,0.03,2385.009742,1776162175000
1776162177.282,177.282,0.92,50.5,0.91,110.77,0.9,110.0,0.89,100.18,0.88,85.0,0.93,21.6,0.94,113.0,0.95,244.16,0.96,220.2,0.97,538.7,0.06,93.0,0.05,168.36,0.04,225.2,0.03,433.7,0.02,409.7,0.07,16.4,0.08,50.5,0.09,69.77,0.1,95.0,0.11,100.18,0.01,0.01,2385.009742,1776162175000
1776162177.872,177.872,0.92,50.5,0.91,110.77,0.9,110.0,0.89,100.18,0.88,85.0,0.93,21.6,0.94,113.0,0.95,244.16,0.96,220.2,0.97,538.7,0.07,21.6,0.06,113.0,0.05,244.16,0.04,220.2,0.03,538.7,0.08,50.5,0.09,110.77,0.1,110.0,0.11,100.18,0.12,85.0,0.01,0.01,2385.520243,1776162176000
1776162178.581,178.581,0.92,50.5,0.91,110.77,0.9,110.0,0.89,100.18,0.88,85.0,0.93,21.6,0.94,113.0,0.95,244.16,0.96,220.2,0.97,538.7,0.07,21.6,0.06,113.0,0.05,244.16,0.04,220.2,0.03,538.7,0.08,50.5,0.09,110.77,0.1,110.0,0.11,100.18,0.12,85.0,0.01,0.01,2385.394555,1776162177000
1776162179.288,179.288,0.92,50.5,0.91,127.77,0.9,162.0,0.89,95.18,0.88,85.0,0.93,114.16,0.94,214.8,0.95,85.8,0.96,173.2,0.97,438.7,0.07,114.16,0.06,214.8,0.05,85.8,0.04,173.2,0.03,438.7,0.08,50.5,0.09,127.77,0.1,162.0,0.11,95.18,0.12,85.0,0.01,0.01,2385.219354,1776162178000
1776162180.621,180.621,0.92,50.5,0.91,184.77,0.9,105.0,0.89,95.18,0.88,85.0,0.93,66.08,0.94,208.0,0.95,85.8,0.96,160.7,0.97,938.7,0.07,114.16,0.06,214.8,0.05,85.8,0.04,173.2,0.03,438.7,0.08,50.5,0.09,127.77,0.1,162.0,0.11,95.18,0.12,85.0,0.01,0.01,2385.219354,1776162178000
1776162181.266,181.266,0.92,65.5,0.91,108.77,0.9,85.0,0.89,100.72,0.88,15.0,0.93,12.62,0.96,15.65,0.97,354.0,0.98,404.7,0.99,2182.69,0.07,64.08,0.06,208.0,0.05,85.8,0.04,160.7,0.03,938.7,0.08,50.5,0.09,184.77,0.1,105.0,0.11,95.18,0.12,105.99,0.01,0.01,2385.059602,1776162179000
1776162181.477,181.477,0.92,65.5,0.91,178.77,0.9,85.0,0.89,100.72,0.88,15.0,0.97,348.61,0.98,404.7,0.99,2182.69,,,,,0.03,349.65,0.02,404.7,0.01,2182.69,,,,,0.08,65.5,0.09,178.77,0.1,85.0,0.11,100.72,0.12,15.0,0.05,0.05,2385.059602,1776162179000
1776162181.697,181.697,0.94,28.0,0.93,2.92,0.92,50.5,0.91,124.31,0.9,85.0,0.97,304.36,0.98,504.7,0.99,2182.69,,,,,0.03,299.51,0.02,504.7,0.01,2182.69,,,,,0.07,2.92,0.08,50.5,0.09,134.31,0.1,85.0,0.11,95.18,0.03,0.04,2385.020396,1776162180000
1776162182.092,182.092,0.94,38.4,0.93,2.92,0.92,55.5,0.91,124.31,0.9,85.0,0.96,25.0,0.97,304.36,0.98,504.7,0.99,2192.69,,,0.04,25.0,0.03,304.36,0.02,504.7,0.01,2192.69,,,0.06,38.4,0.07,2.92,0.08,55.5,0.09,124.31,0.1,85.0,0.02,0.02,2384.998519,1776162181000
1776162182.612,182.612,0.94,30.74,0.93,48.92,0.92,95.49,0.91,190.22,0.9,85.0,0.95,27.58,0.96,111.25,0.97,394.36,0.98,504.7,0.99,2202.69,0.05,20.0,0.04,110.25,0.03,394.36,0.02,504.7,0.01,2202.69,0.06,68.64,0.07,32.92,0.08,60.5,0.09,177.31,0.1,85.0,0.01,0.01,2384.998519,1776162181000
1776162182.848,182.848,0.94,30.74,0.93,43.92,0.92,95.49,0.91,190.22,0.9,85.0,0.95,22.05,0.96,111.25,0.97,494.36,0.98,504.7,0.99,2302.69,0.05,27.58,0.04,111.25,0.03,394.36,0.02,504.7,0.01,2202.69,0.06,30.74,0.07,48.92,0.08,95.49,0.09,190.22,0.1,85.0,0.01,0.01,2384.998519,1776162181000
1776162183.404,183.404,0.94,42.69,0.93,158.92,0.92,165.82,0.91,190.22,0.9,125.0,0.95,40.0,0.96,205.05,0.97,618.06,0.98,504.7,0.99,2297.69,0.05,22.05,0.04,111.25,0.03,494.36,0.02,504.7,0.01,2302.69,0.06,30.74,0.07,43.92,0.08,95.49,0.09,190.22,0.1,85.0,0.01,0.01,2384.998519,1776162181000
1776162183.772,183.772,0.94,117.64,0.93,43.92,0.92,119.84,0.91,239.76,0.9,189.0,0.95,45.0,0.96,205.05,0.97,675.06,0.98,509.7,0.99,2297.69,0.05,40.0,0.04,205.05,0.03,618.06,0.02,504.7,0.01,2297.69,0.06,42.69,0.07,158.92,0.08,165.82,0.09,190.22,0.1,125.0,0.01,0.01,2385.443867,1776162182000
1776162184.018,184.018,0.94,103.95,0.93,68.92,0.92,144.84,0.91,264.76,0.9,214.0,0.95,20.0,0.96,205.05,0.97,675.06,0.98,509.7,0.99,2302.69,0.05,45.0,0.04,205.05,0.03,675.06,0.02,509.7,0.01,2297.69,0.06,117.64,0.07,43.92,0.08,119.84,0.09,239.76,0.1,189.0,0.01,0.01,2385.443867,1776162182000
1776162184.278,184.278,0.94,103.95,0.93,68.92,0.92,144.84,0.91,264.76,0.9,214.0,0.95,20.0,0.96,205.05,0.97,675.06,0.98,509.7,0.99,2302.69,0.05,20.0,0.04,205.05,0.03,675.06,0.02,509.7,0.01,2302.69,0.06,103.95,0.07,68.92,0.08,144.84,0.09,264.76,0.1,214.0,0.01,0.01,2385.387746,1776162183000
1776162184.687,184.687,0.94,99.85,0.93,52.92,0.92,182.83,0.91,259.22,0.9,150.0,0.95,108.0,0.96,135.05,0.97,675.06,0.98,609.7,0.99,2302.69,0.05,20.0,0.04,205.05,0.03,675.06,0.02,509.7,0.01,2302.69,0.06,101.9,0.07,68.92,0.08,150.38,0.09,259.22,0.1,150.0,0.01,0.01,2385.387746,1776162183000
1776162184.99,184.99,0.94,56.53,0.93,52.92,0.92,177.83,0.91,254.22,0.9,145.0,0.95,25.0,0.96,237.05,0.97,675.06,0.98,619.7,0.99,2292.69,0.05,25.0,0.04,212.05,0.03,675.06,0.02,619.7,0.01,2292.69,0.06,43.4,0.07,52.92,0.08,177.83,0.09,254.22,0.1,145.0,0.01,0.01,2385.387746,1776162183000
1776162185.219,185.219,0.94,37.24,0.93,52.92,0.92,177.83,0.91,254.22,0.9,145.0,0.95,20.0,0.96,143.25,0.97,675.06,0.98,619.7,0.99,2292.69,0.05,25.0,0.04,237.05,0.03,675.06,0.02,619.7,0.01,2292.69,0.06,56.53,0.07,52.92,0.08,177.83,0.09,254.22,0.1,145.0,0.01,0.01,2385.387746,1776162183000
1776162185.521,185.521,0.95,10.5,0.94,66.68,0.93,107.95,0.92,165.34,0.91,165.0,0.97,390.36,0.98,504.7,0.99,2282.69,,,,,0.05,30.0,0.04,243.25,0.03,675.06,0.02,619.7,0.01,2312.69,0.06,25.19,0.07,25.0,0.08,177.83,0.09,254.22,0.1,145.0,0.02,0.01,2385.387746,1776162183000
1776162185.779,185.779,0.95,15.0,0.94,114.52,0.93,107.95,0.92,89.34,0.91,160.0,0.97,383.94,0.98,529.7,0.99,2282.69,,,,,0.03,359.1,0.02,504.7,0.01,2282.69,,,,,0.05,10.0,0.06,114.52,0.07,107.95,0.08,89.34,0.09,160.0,0.02,0.02,2385.44274,1776162184000
1776162186.212,186.212,0.96,232.94,0.95,158.0,0.94,25.5,0.93,15.0,0.92,99.34,0.97,257.94,0.98,321.0,0.99,2339.69,,,,,0.03,223.94,0.02,404.7,0.01,2339.69,,,,,0.04,16.95,0.05,91.0,0.06,195.49,0.07,97.45,0.08,89.34,0.01,0.01,2385.44274,1776162184000
1776162186.48,186.48,0.96,270.55,0.95,158.0,0.94,25.5,0.93,40.0,0.92,154.34,0.97,249.71,0.98,321.0,0.99,2344.69,,,,,0.03,252.78,0.02,321.0,0.01,2339.69,,,,,0.04,265.55,0.05,163.0,0.06,25.5,0.07,40.0,0.08,154.34,0.01,0.01,2385.363975,1776162185000
1776162186.928,186.928,0.96,373.94,0.95,124.0,0.94,90.5,0.93,45.0,0.92,119.34,0.97,150.92,0.98,321.0,0.99,2339.69,,,,,0.03,283.37,0.02,321.0,0.01,2339.69,,,,,0.04,246.94,0.05,143.0,0.06,25.5,0.07,40.0,0.08,174.34,0.01,0.01,2385.363975,1776162185000
1776162187.147,187.147,0.96,373.94,0.95,124.0,0.94,190.5,0.93,45.0,0.92,119.34,0.97,103.92,0.98,321.0,0.99,2439.69,,,,,0.03,103.92,0.02,321.0,0.01,2439.69,,,,,0.04,373.94,0.05,124.0,0.06,190.5,0.07,45.0,0.08,119.34,0.01,0.01,2385.393825,1776162186000
1776162187.374,187.374,0.96,371.82,0.95,124.0,0.94,160.5,0.93,45.0,0.92,168.24,0.97,98.71,0.98,321.0,0.99,2439.69,,,,,0.03,98.71,0.02,321.0,0.01,2439.69,,,,,0.04,378.94,0.05,124.0,0.06,190.5,0.07,45.0,0.08,168.24,0.01,0.01,2385.393825,1776162186000
1776162187.856,187.856,0.96,426.72,0.95,115.0,0.94,90.5,0.93,40.0,0.92,163.24,0.97,58.29,0.98,433.0,0.99,2345.69,,,,,0.03,58.29,0.02,321.0,0.01,2439.69,,,,,0.04,374.77,0.05,124.0,0.06,160.5,0.07,35.0,0.08,168.24,0.01,0.01,2385.393825,1776162186000
1776162188.187,188.187,0.96,424.67,0.95,115.0,0.94,90.5,0.93,95.3,0.92,163.24,0.97,53.29,0.98,433.0,0.99,2339.69,,,,,0.03,53.29,0.02,433.0,0.01,2345.69,,,,,0.04,426.72,0.05,115.0,0.06,90.5,0.07,40.0,0.08,163.24,0.01,0.01,2385.393825,1776162186000
1776162188.436,188.436,0.96,433.07,0.95,115.0,0.94,90.5,0.93,95.3,0.92,163.24,0.98,423.04,0.99,2339.69,,,,,,,0.03,24.29,0.02,433.0,0.01,2339.69,,,,,0.04,424.67,0.05,115.0,0.06,90.5,0.07,95.3,0.08,163.24,0.02,0.01,2385.393825,1776162186000
1776162188.674,188.674,0.97,336.69,0.96,189.92,0.95,20.0,0.94,90.5,0.93,95.3,0.98,473.54,0.99,2339.69,,,,,,,0.02,473.54,0.01,2339.69,,,,,,,0.03,100.95,0.04,139.08,0.05,20.0,0.06,90.5,0.07,95.3,0.01,0.01,2386.158841,1776162187000
1776162188.885,188.885,0.97,284.64,0.96,194.92,0.95,20.0,0.94,90.5,0.93,95.3,0.98,473.54,0.99,2339.69,,,,,,,0.02,473.54,0.01,2339.69,,,,,,,0.03,286.69,0.04,189.92,0.05,20.0,0.06,90.5,0.07,95.3,0.01,0.01,2386.158841,1776162187000
1776162189.239,189.239,0.97,314.62,0.96,194.92,0.95,20.0,0.94,90.5,0.93,95.3,0.98,453.54,0.99,2339.69,,,,,,,0.02,453.54,0.01,2339.69,,,,,,,0.03,314.62,0.04,194.92,0.05,20.0,0.06,90.5,0.07,95.3,0.01,0.01,2386.549517,1776162188000
1776162189.588,189.588,0.97,333.92,0.96,181.52,0.95,95.8,0.94,154.3,0.93,95.3,0.98,453.54,0.99,2239.69,,,,,,,0.02,458.54,0.01,2239.69,,,,,,,0.03,317.57,0.04,194.92,0.05,20.0,0.06,154.3,0.07,95.3,0.01,0.01,2386.549517,1776162188000
1776162190.675,190.675,0.97,328.92,0.96,181.52,0.95,195.8,0.94,279.3,0.93,95.3,0.98,444.44,0.99,2239.69,,,,,,,0.02,444.44,0.01,2239.69,,,,,,,0.03,328.92,0.04,181.52,0.05,195.8,0.06,279.3,0.07,95.3,0.01,0.01,2386.7267,1776162189000
1776162190.92,190.92,0.97,480.07,0.96,332.22,0.95,90.8,0.94,149.3,0.93,125.3,0.98,443.32,0.99,2094.69,,,,,,,0.02,449.44,0.01,2094.69,,,,,,,0.03,475.07,0.04,332.22,0.05,590.8,0.06,149.3,0.07,125.3,0.01,0.01,2386.7267,1776162189000
1776162191.388,191.388,0.97,480.07,0.96,332.22,0.95,90.8,0.94,549.3,0.93,125.3,0.98,438.21,0.99,2094.69,,,,,,,0.02,438.21,0.01,2094.69,,,,,,,0.03,480.07,0.04,332.22,0.05,90.8,0.06,549.3,0.07,125.3,0.01,0.01,2386.775258,1776162190000
1776162191.652,191.652,0.97,165.05,0.96,211.76,0.95,109.8,0.94,178.8,0.93,65.3,0.98,383.21,0.99,2132.69,,,,,,,0.02,438.21,0.01,2094.69,,,,,,,0.03,480.07,0.04,332.22,0.05,90.8,0.06,549.3,0.07,125.3,0.01,0.01,2386.775258,1776162190000
1776162192.056,192.056,0.97,165.05,0.96,211.76,0.95,109.8,0.94,178.8,0.93,65.3,0.98,383.21,0.99,2132.69,,,,,,,0.02,383.21,0.01,2132.69,,,,,,,0.03,165.05,0.04,211.76,0.05,109.8,0.06,178.8,0.07,65.3,0.01,0.01,2386.757456,1776162191000
1776162193.231,193.231,0.97,255.94,0.96,206.22,0.95,109.8,0.94,73.8,0.93,65.3,0.98,368.77,0.99,2032.69,,,,,,,0.02,383.21,0.01,2132.69,,,,,,,0.03,165.05,0.04,211.76,0.05,109.8,0.06,178.8,0.07,65.3,0.01,0.01,2386.757456,1776162191000
1776162193.551,193.551,0.97,286.39,0.96,270.15,0.95,210.8,0.94,73.8,0.93,70.3,0.98,362.77,0.99,2022.69,,,,,,,0.02,362.77,0.01,2022.69,,,,,,,0.03,286.39,0.04,270.15,0.05,210.8,0.06,73.8,0.07,70.3,0.01,0.01,2386.68935,1776162192000
1776162194.282,194.282,0.97,286.39,0.96,270.15,0.95,210.8,0.94,73.8,0.93,70.3,0.98,362.77,0.99,2022.69,,,,,,,0.02,362.77,0.01,2022.69,,,,,,,0.03,286.39,0.04,270.15,0.05,210.8,0.06,73.8,0.07,70.3,0.01,0.01,2386.604828,1776162193000
1776162195.83,195.83,0.97,286.39,0.96,270.15,0.95,210.8,0.94,73.8,0.93,70.3,0.98,362.77,0.99,2022.69,,,,,,,0.02,362.77,0.01,2022.69,,,,,,,0.03,286.39,0.04,270.15,0.05,210.8,0.06,73.8,0.07,70.3,0.01,0.01,2386.241106,1776162194000
1776162196.326,196.326,0.97,286.39,0.96,270.15,0.95,210.8,0.94,73.8,0.93,70.3,0.98,362.77,0.99,2022.69,,,,,,,0.02,362.77,0.01,2022.69,,,,,,,0.03,286.39,0.04,270.15,0.05,210.8,0.06,73.8,0.07,70.3,0.01,0.01,2386.244084,1776162195000
1776162196.528,196.528,0.97,337.4,0.96,69.99,0.95,256.8,0.94,73.8,0.93,90.3,0.98,561.36,0.99,2547.69,,,,,,,0.02,362.77,0.01,2022.69,,,,,,,0.03,286.39,0.04,270.15,0.05,210.8,0.06,73.8,0.07,70.3,0.01,0.01,2386.244084,1776162195000
1776162197.375,197.375,0.97,337.4,0.96,69.99,0.95,256.8,0.94,73.8,0.93,90.3,0.98,561.36,0.99,2547.69,,,,,,,0.02,561.36,0.01,2547.69,,,,,,,0.03,337.4,0.04,69.99,0.05,256.8,0.06,73.8,0.07,90.3,0.01,0.01,2386.167208,1776162196000
1776162198.272,198.272,0.97,337.4,0.96,69.99,0.95,256.8,0.94,73.8,0.93,90.3,0.98,561.36,0.99,2547.69,,,,,,,0.02,561.36,0.01,2547.69,,,,,,,0.03,337.4,0.04,69.99,0.05,256.8,0.06,73.8,0.07,90.3,0.01,0.01,2386.172392,1776162197000
1776162198.682,198.682,0.97,382.71,0.96,125.99,0.95,263.8,0.94,73.8,0.93,90.3,0.98,564.31,0.99,2547.69,,,,,,,0.02,561.36,0.01,2547.69,,,,,,,0.03,337.4,0.04,69.99,0.05,256.8,0.06,73.8,0.07,90.3,0.01,0.01,2386.172392,1776162197000
1776162199.138,199.138,0.97,382.71,0.96,125.99,0.95,253.8,0.94,73.8,0.93,90.3,0.98,559.31,0.99,2547.69,,,,,,,0.02,564.31,0.01,2547.69,,,,,,,0.03,382.71,0.04,125.99,0.05,263.8,0.06,73.8,0.07,90.3,0.01,0.01,2386.172392,1776162197000
1776162200.318,200.318,0.97,382.71,0.96,125.99,0.95,253.8,0.94,73.8,0.93,90.3,0.98,559.31,0.99,2547.69,,,,,,,0.02,559.31,0.01,2547.69,,,,,,,0.03,382.71,0.04,125.99,0.05,253.8,0.06,73.8,0.07,90.3,0.01,0.01,2386.07456,1776162199000
1776162200.837,200.837,0.97,387.71,0.96,83.99,0.95,124.2,0.94,120.8,0.93,85.3,0.98,548.28,0.99,2047.69,,,,,,,0.02,559.31,0.01,2547.69,,,,,,,0.03,382.71,0.04,125.99,0.05,253.8,0.06,73.8,0.07,90.3,0.01,0.01,2386.07456,1776162199000
1776162201.181,201.181,0.97,387.71,0.96,83.99,0.95,124.2,0.94,120.8,0.93,85.3,0.98,548.28,0.99,2047.69,,,,,,,0.02,548.28,0.01,2047.69,,,,,,,0.03,387.71,0.04,83.99,0.05,124.2,0.06,120.8,0.07,85.3,0.01,0.01,2386.063825,1776162200000
1776162201.749,201.749,0.97,327.04,0.96,83.99,0.95,124.2,0.94,120.8,0.93,85.3,0.98,549.28,0.99,2047.69,,,,,,,0.02,553.28,0.01,2047.69,,,,,,,0.03,327.04,0.04,83.99,0.05,124.2,0.06,120.8,0.07,85.3,0.01,0.01,2386.063825,1776162200000
1776162202.133,202.133,0.97,327.04,0.96,83.99,0.95,124.2,0.94,120.8,0.93,85.3,0.98,549.28,0.99,2047.69,,,,,,,0.02,549.28,0.01,2047.69,,,,,,,0.03,327.04,0.04,83.99,0.05,124.2,0.06,120.8,0.07,85.3,0.01,0.01,2386.040359,1776162201000
1776162203.075,203.075,0.97,165.37,0.96,105.99,0.95,124.2,0.94,120.8,0.93,85.3,0.98,544.28,0.99,2047.69,,,,,,,0.02,544.28,0.01,2047.69,,,,,,,0.03,165.37,0.04,105.99,0.05,124.2,0.06,120.8,0.07,85.3,0.01,0.01,2385.846965,1776162202000
1776162204.082,204.082,0.97,165.37,0.96,105.99,0.95,124.2,0.94,120.8,0.93,85.3,0.98,544.28,0.99,2047.69,,,,,,,0.02,544.28,0.01,2047.69,,,,,,,0.03,165.37,0.04,105.99,0.05,124.2,0.06,120.8,0.07,85.3,0.01,0.01,2385.824985,1776162203000
1776162204.979,204.979,0.97,165.37,0.96,105.99,0.95,124.2,0.94,120.8,0.93,85.3,0.98,544.28,0.99,2047.69,,,,,,,0.02,544.28,0.01,2047.69,,,,,,,0.03,165.37,0.04,105.99,0.05,124.2,0.06,120.8,0.07,85.3,0.01,0.01,2385.823341,1776162204000
1776162205.937,205.937,0.97,165.37,0.96,105.99,0.95,124.2,0.94,120.8,0.93,85.3,0.98,544.28,0.99,2047.69,,,,,,,0.02,544.28,0.01,2047.69,,,,,,,0.03,165.37,0.04,105.99,0.05,124.2,0.06,120.8,0.07,85.3,0.01,0.01,2385.812537,1776162205000
1776162206.867,206.867,0.97,175.37,0.96,133.99,0.95,257.0,0.94,63.8,0.93,87.3,0.98,543.25,0.99,2752.69,,,,,,,0.02,544.28,0.01,2047.69,,,,,,,0.03,165.37,0.04,105.99,0.05,124.2,0.06,120.8,0.07,85.3,0.01,0.01,2385.812537,1776162205000
1776162207.578,207.578,0.97,243.02,0.96,289.15,0.95,91.0,0.94,93.8,0.93,70.3,0.98,252.05,0.99,2209.69,,,,,,,0.02,543.25,0.01,2752.69,,,,,,,0.03,175.37,0.04,133.99,0.05,257.0,0.06,63.8,0.07,87.3,0.01,0.01,2385.781032,1776162206000
1776162208.215,208.215,0.97,243.02,0.96,289.15,0.95,91.0,0.94,93.8,0.93,70.3,0.98,252.05,0.99,2209.69,,,,,,,0.02,252.05,0.01,2209.69,,,,,,,0.03,243.02,0.04,289.15,0.05,91.0,0.06,93.8,0.07,70.3,0.01,0.01,2385.803265,1776162207000
1776162209.028,209.028,0.97,552.72,0.96,259.15,0.95,91.0,0.94,73.8,0.93,140.3,0.98,222.05,0.99,2184.69,,,,,,,0.02,252.05,0.01,2209.69,,,,,,,0.03,243.02,0.04,289.15,0.05,91.0,0.06,93.8,0.07,70.3,0.01,0.01,2385.803265,1776162207000
1776162209.267,209.267,0.97,552.72,0.96,259.15,0.95,91.0,0.94,73.8,0.93,140.3,0.98,222.05,0.99,2184.69,,,,,,,0.02,222.05,0.01,2184.69,,,,,,,0.03,552.72,0.04,259.15,0.05,91.0,0.06,73.8,0.07,140.3,0.01,0.01,2385.983249,1776162208000
1776162210.32,210.32,0.97,552.72,0.96,259.15,0.95,91.0,0.94,73.8,0.93,140.3,0.98,222.05,0.99,2184.69,,,,,,,0.02,222.05,0.01,2184.69,,,,,,,0.03,552.72,0.04,259.15,0.05,91.0,0.06,73.8,0.07,140.3,0.01,0.01,2386.101498,1776162209000
1776162210.943,210.943,0.97,588.72,0.96,264.15,0.95,91.0,0.94,73.8,0.93,250.3,0.98,262.34,0.99,2209.69,,,,,,,0.02,222.05,0.01,2184.69,,,,,,,0.03,552.72,0.04,259.15,0.05,91.0,0.06,73.8,0.07,140.3,0.01,0.01,2386.101498,1776162209000
1776162211.387,211.387,0.97,555.38,0.96,264.15,0.95,91.0,0.94,73.8,0.93,250.3,0.98,255.34,0.99,2121.09,,,,,,,0.02,262.34,0.01,2209.69,,,,,,,0.03,550.38,0.04,264.15,0.05,91.0,0.06,73.8,0.07,250.3,0.01,0.01,2386.101498,1776162209000
1776162211.829,211.829,0.97,643.38,0.96,257.15,0.95,86.0,0.94,73.8,0.93,120.3,0.98,194.84,0.99,1626.09,,,,,,,0.02,255.34,0.01,2121.09,,,,,,,0.03,555.38,0.04,264.15,0.05,91.0,0.06,73.8,0.07,250.3,0.01,0.01,2386.28215,1776162210000
1776162212.827,212.827,0.97,651.38,0.96,257.15,0.95,86.0,0.94,203.8,0.93,120.3,0.98,230.28,0.99,1726.09,,,,,,,0.02,184.84,0.01,1726.09,,,,,,,0.03,648.38,0.04,257.15,0.05,86.0,0.06,173.8,0.07,150.3,0.01,0.01,2386.351739,1776162211000
1776162214.009,214.009,0.97,651.38,0.96,257.15,0.95,86.0,0.94,203.8,0.93,120.3,0.98,230.28,0.99,1726.09,,,,,,,0.02,230.28,0.01,1726.09,,,,,,,0.03,651.38,0.04,257.15,0.05,86.0,0.06,203.8,0.07,120.3,0.01,0.01,2386.407434,1776162213000
1776162214.482,214.482,0.97,646.38,0.96,223.7,0.95,86.0,0.94,198.8,0.93,150.3,0.98,218.68,0.99,1726.09,,,,,,,0.02,230.28,0.01,1726.09,,,,,,,0.03,651.38,0.04,257.15,0.05,86.0,0.06,203.8,0.07,120.3,0.01,0.01,2386.407434,1776162213000
1776162215.057,215.057,0.97,646.38,0.96,223.7,0.95,86.0,0.94,198.8,0.93,150.3,0.98,218.68,0.99,1726.09,,,,,,,0.02,218.68,0.01,1726.09,,,,,,,0.03,646.38,0.04,223.7,0.05,86.0,0.06,198.8,0.07,150.3,0.01,0.01,2386.43206,1776162214000
1776162215.316,215.316,0.97,608.38,0.96,223.7,0.95,86.0,0.94,198.8,0.93,150.3,0.98,216.87,0.99,1721.09,,,,,,,0.02,218.68,0.01,1726.09,,,,,,,0.03,646.38,0.04,223.7,0.05,86.0,0.06,198.8,0.07,150.3,0.01,0.01,2386.43206,1776162214000
1776162216.157,216.157,0.97,608.38,0.96,223.7,0.95,86.0,0.94,198.8,0.93,150.3,0.98,216.87,0.99,1721.09,,,,,,,0.02,216.87,0.01,1721.09,,,,,,,0.03,608.38,0.04,223.7,0.05,86.0,0.06,198.8,0.07,150.3,0.01,0.01,2386.4222,1776162215000
1776162217.205,217.205,0.97,608.38,0.96,223.7,0.95,86.0,0.94,198.8,0.93,150.3,0.98,216.87,0.99,1721.09,,,,,,,0.02,216.87,0.01,1721.09,,,,,,,0.03,608.38,0.04,223.7,0.05,86.0,0.06,198.8,0.07,150.3,0.01,0.01,2386.413176,1776162216000
1776162217.647,217.647,0.97,708.38,0.96,230.7,0.95,86.0,0.94,198.8,0.93,150.3,0.98,215.84,0.99,1726.09,,,,,,,0.02,216.87,0.01,1721.09,,,,,,,0.03,608.38,0.04,223.7,0.05,86.0,0.06,198.8,0.07,150.3,0.01,0.01,2386.413176,1776162216000
1776162218.288,218.288,0.97,708.38,0.96,230.7,0.95,86.0,0.94,198.8,0.93,150.3,0.98,210.73,0.99,1726.09,,,,,,,0.02,210.73,0.01,1726.09,,,,,,,0.03,708.38,0.04,230.7,0.05,86.0,0.06,198.8,0.07,150.3,0.01,0.01,2386.324211,1776162217000
1776162219.392,219.392,0.97,708.38,0.96,230.7,0.95,86.0,0.94,198.8,0.93,150.3,0.98,204.7,0.99,1726.09,,,,,,,0.02,204.7,0.01,1726.09,,,,,,,0.03,708.38,0.04,230.7,0.05,86.0,0.06,198.8,0.07,150.3,0.01,0.01,2386.341615,1776162218000
1776162219.975,219.975,0.97,708.07,0.96,225.7,0.95,86.0,0.94,198.8,0.93,550.3,0.98,194.49,0.99,1726.09,,,,,,,0.02,204.7,0.01,1726.09,,,,,,,0.03,708.38,0.04,230.7,0.05,86.0,0.06,198.8,0.07,150.3,0.01,0.01,2386.341615,1776162218000
1776162220.829,220.829,0.97,703.07,0.96,225.7,0.95,86.0,0.94,198.8,0.93,150.3,0.98,191.42,0.99,1726.09,,,,,,,0.02,194.49,0.01,1726.09,,,,,,,0.03,708.07,0.04,225.7,0.05,86.0,0.06,198.8,0.07,550.3,0.01,0.01,2386.340515,1776162219000
1776162221.061,221.061,0.97,603.07,0.96,218.7,0.95,86.0,0.94,98.8,0.93,250.3,0.98,181.21,0.99,1721.09,,,,,,,0.02,181.21,0.01,1721.09,,,,,,,0.03,603.07,0.04,218.7,0.05,86.0,0.06,98.8,0.07,250.3,0.01,0.01,2386.33937,1776162220000
1776162222.356,222.356,0.97,603.07,0.96,218.7,0.95,86.0,0.94,98.8,0.93,250.3,0.98,181.21,0.99,1721.09,,,,,,,0.02,181.21,0.01,1721.09,,,,,,,0.03,603.07,0.04,218.7,0.05,86.0,0.06,98.8,0.07,250.3,0.01,0.01,2386.3347,1776162221000
1776162223.211,223.211,0.97,498.07,0.96,218.7,0.95,86.0,0.94,198.8,0.93,550.3,0.98,178.14,0.99,1721.09,,,,,,,0.02,178.14,0.01,1721.09,,,,,,,0.03,498.07,0.04,218.7,0.05,86.0,0.06,198.8,0.07,550.3,0.01,0.01,2386.351115,1776162222000
1776162224.298,224.298,0.97,498.07,0.96,218.7,0.95,86.0,0.94,198.8,0.93,550.3,0.98,178.14,0.99,1721.09,,,,,,,0.02,178.14,0.01,1721.09,,,,,,,0.03,498.07,0.04,218.7,0.05,86.0,0.06,198.8,0.07,550.3,0.01,0.01,2386.26961,1776162223000
1776162224.918,224.918,0.97,675.16,0.96,219.7,0.95,86.0,0.94,198.8,0.93,150.3,0.98,173.14,0.99,1721.09,,,,,,,0.02,178.14,0.01,1721.09,,,,,,,0.03,498.07,0.04,218.7,0.05,86.0,0.06,198.8,0.07,550.3,0.01,0.01,2386.26961,1776162223000
1776162226.07,226.07,0.97,675.16,0.96,219.7,0.95,86.0,0.94,198.8,0.93,150.3,0.98,173.14,0.99,1721.09,,,,,,,0.02,173.14,0.01,1721.09,,,,,,,0.03,675.16,0.04,219.7,0.05,86.0,0.06,198.8,0.07,150.3,0.01,0.01,2386.257136,1776162225000
1776162226.465,226.465,0.97,782.16,0.96,224.7,0.95,86.0,0.94,198.8,0.93,550.3,0.98,71.37,0.99,1726.09,,,,,,,0.02,170.07,0.01,1721.09,,,,,,,0.03,680.16,0.04,224.7,0.05,86.0,0.06,198.8,0.07,550.3,0.01,0.01,2386.257136,1776162225000
1776162227.051,227.051,0.97,567.82,0.96,310.7,0.95,191.0,0.94,333.8,0.93,225.3,0.98,10.0,0.99,1569.09,,,,,,,0.02,71.37,0.01,1726.09,,,,,,,0.03,782.16,0.04,224.7,0.05,86.0,0.06,198.8,0.07,550.3,0.01,0.01,2386.257136,1776162225000
1776162227.451,227.451,0.97,640.54,0.96,310.7,0.95,201.0,0.94,303.8,0.93,255.3,0.98,50.5,0.99,1569.09,,,,,,,0.02,50.5,0.01,1569.09,,,,,,,0.03,640.54,0.04,310.7,0.05,201.0,0.06,303.8,0.07,255.3,0.01,0.01,2386.325454,1776162226000
1776162227.786,227.786,0.97,770.42,0.96,367.7,0.95,226.0,0.94,303.8,0.93,655.3,0.98,17.21,0.99,1626.09,,,,,,,0.02,50.5,0.01,1626.09,,,,,,,0.03,770.42,0.04,367.7,0.05,226.0,0.06,313.8,0.07,655.3,0.01,0.01,2386.325454,1776162226000
1776162227.997,227.997,0.97,765.42,0.96,367.7,0.95,226.0,0.94,303.8,0.93,655.3,0.99,1625.38,,,,,,,,,0.02,17.21,0.01,1626.09,,,,,,,0.03,770.42,0.04,367.7,0.05,226.0,0.06,303.8,0.07,655.3,0.02,0.01,2386.325454,1776162227000
1776162228.773,228.773,0.98,592.44,0.97,558.01,0.96,218.7,0.95,226.0,0.94,333.8,0.99,1724.36,,,,,,,,,0.01,1625.38,,,,,,,,,0.03,765.42,0.04,367.7,0.05,226.0,0.06,303.8,0.07,655.3,0.01,0.02,2386.325454,1776162227000
1776162229.048,229.048,0.98,590.23,0.97,558.01,0.96,218.7,0.95,226.0,0.94,333.8,0.99,1719.31,,,,,,,,,0.01,1724.31,,,,,,,,,0.02,587.44,0.03,558.01,0.04,218.7,0.05,226.0,0.06,333.8,0.01,0.01,2386.325454,1776162227000
1776162229.251,229.251,0.98,590.23,0.97,558.01,0.96,218.7,0.95,226.0,0.94,333.8,0.99,1719.31,,,,,,,,,0.01,1719.31,,,,,,,,,0.02,590.23,0.03,558.01,0.04,218.7,0.05,226.0,0.06,333.8,0.01,0.01,2386.35308,1776162228000
1776162229.904,229.904,0.98,595.23,0.97,558.01,0.96,218.7,0.95,226.0,0.94,363.8,0.99,1718.29,,,,,,,,,0.01,1719.31,,,,,,,,,0.02,590.23,0.03,558.01,0.04,218.7,0.05,226.0,0.06,333.8,0.01,0.01,2386.35308,1776162228000
1776162230.443,230.443,0.98,595.23,0.97,558.01,0.96,218.7,0.95,226.0,0.94,363.8,0.99,1718.29,,,,,,,,,0.01,1718.29,,,,,,,,,0.02,595.23,0.03,558.01,0.04,218.7,0.05,226.0,0.06,363.8,0.01,0.01,2386.524322,1776162229000
1776162230.969,230.969,0.98,595.23,0.97,558.01,0.96,218.7,0.95,226.0,0.94,363.8,0.99,1718.29,,,,,,,,,0.01,1718.29,,,,,,,,,0.02,595.23,0.03,558.01,0.04,218.7,0.05,226.0,0.06,363.8,0.01,0.01,2386.3868,1776162230000
1776162232.033,232.033,0.98,590.23,0.97,558.01,0.96,218.7,0.95,226.0,0.94,363.8,0.99,1547.19,,,,,,,,,0.01,1547.19,,,,,,,,,0.02,590.23,0.03,558.01,0.04,218.7,0.05,226.0,0.06,363.8,0.01,0.01,2386.39757,1776162231000
1776162233.247,233.247,0.98,458.54,0.97,446.01,0.96,218.7,0.95,231.0,0.94,303.8,0.99,1531.99,,,,,,,,,0.01,1531.99,,,,,,,,,0.02,458.54,0.03,446.01,0.04,218.7,0.05,231.0,0.06,303.8,0.01,0.01,2386.389105,1776162232000
1776162234.35,234.35,0.98,458.54,0.97,446.01,0.96,218.7,0.95,231.0,0.94,303.8,0.99,1531.99,,,,,,,,,0.01,1531.99,,,,,,,,,0.02,458.54,0.03,446.01,0.04,218.7,0.05,231.0,0.06,303.8,0.01,0.01,2386.287505,1776162233000
1776162234.854,234.854,0.98,458.54,0.97,446.01,0.96,218.7,0.95,231.0,0.94,303.8,0.99,1531.99,,,,,,,,,0.01,1531.99,,,,,,,,,0.02,458.54,0.03,446.01,0.04,218.7,0.05,231.0,0.06,303.8,0.01,0.01,2386.24501,1776162234000
1776162235.431,235.431,0.98,77.28,0.97,283.31,0.96,382.7,0.95,206.0,0.94,203.8,0.99,1426.99,,,,,,,,,0.01,1531.99,,,,,,,,,0.02,458.54,0.03,446.01,0.04,218.7,0.05,231.0,0.06,303.8,0.01,0.01,2386.24501,1776162234000
1776162235.982,235.982,0.98,77.28,0.97,283.31,0.96,382.7,0.95,206.0,0.94,203.8,0.99,1426.99,,,,,,,,,0.01,1426.99,,,,,,,,,0.02,77.28,0.03,283.31,0.04,382.7,0.05,206.0,0.06,203.8,0.01,0.01,2386.1459,1776162235000
1776162236.538,236.538,0.97,402.0,0.96,382.7,0.95,231.0,0.94,203.8,0.93,195.3,0.98,8.97,0.99,1421.99,,,,,,,0.01,1426.99,,,,,,,,,0.02,77.28,0.03,283.31,0.04,382.7,0.05,206.0,0.06,203.8,0.01,0.01,2386.1459,1776162235000
1776162236.74,236.74,0.97,420.0,0.96,359.7,0.95,231.0,0.94,203.8,0.93,195.3,0.98,4.85,0.99,1421.99,,,,,,,0.02,5.88,0.01,1521.99,,,,,,,0.03,415.0,0.04,359.7,0.05,231.0,0.06,203.8,0.07,195.3,0.01,0.01,2386.1459,1776162235000
1776162237.453,237.453,0.97,420.0,0.96,359.7,0.95,231.0,0.94,203.8,0.93,195.3,0.98,4.85,0.99,1421.99,,,,,,,0.02,4.85,0.01,1421.99,,,,,,,0.03,420.0,0.04,359.7,0.05,231.0,0.06,203.8,0.07,195.3,0.01,0.01,2386.053626,1776162236000
1776162238.481,238.481,0.97,530.07,0.96,359.7,0.95,231.0,0.94,203.8,0.93,195.3,0.99,1406.53,,,,,,,,,0.02,4.85,0.01,1421.99,,,,,,,0.03,420.0,0.04,359.7,0.05,231.0,0.06,203.8,0.07,195.3,0.02,0.01,2386.053626,1776162236000
1776162239.099,239.099,0.97,530.07,0.96,359.7,0.95,231.0,0.94,203.8,0.93,195.3,0.99,1406.53,,,,,,,,,0.01,1406.53,,,,,,,,,0.03,530.07,0.04,359.7,0.05,231.0,0.06,203.8,0.07,195.3,0.02,0.02,2386.02404,1776162238000
1776162240.135,240.135,0.97,530.07,0.96,359.7,0.95,231.0,0.94,203.8,0.93,195.3,0.99,1406.53,,,,,,,,,0.01,1406.53,,,,,,,,,0.03,530.07,0.04,359.7,0.05,231.0,0.06,203.8,0.07,195.3,0.02,0.02,2386.03088,1776162239000
1776162240.734,240.734,0.97,257.52,0.96,225.7,0.95,106.0,0.94,78.8,0.93,65.3,0.98,7.95,0.99,1401.53,,,,,,,0.01,1406.53,,,,,,,,,0.03,530.07,0.04,359.7,0.05,231.0,0.06,203.8,0.07,195.3,0.01,0.02,2386.03088,1776162239000
1776162241.075,241.075,0.97,262.52,0.96,225.7,0.95,106.0,0.94,73.8,0.93,65.3,0.99,1494.38,,,,,,,,,0.02,2.95,0.01,1401.53,,,,,,,0.03,257.52,0.04,225.7,0.05,106.0,0.06,78.8,0.07,65.3,0.02,0.01,2386.03088,1776162239000
1776162241.283,241.283,0.97,262.52,0.96,225.7,0.95,106.0,0.94,73.8,0.93,65.3,0.99,1494.38,,,,,,,,,0.01,1494.38,,,,,,,,,0.03,262.52,0.04,225.7,0.05,106.0,0.06,73.8,0.07,65.3,0.02,0.02,2386.035105,1776162240000
1776162242.241,242.241,0.98,15.0,0.97,355.31,0.96,207.7,0.95,106.0,0.94,73.8,0.99,1482.26,,,,,,,,,0.01,1482.26,,,,,,,,,0.02,15.0,0.03,355.31,0.04,207.7,0.05,106.0,0.06,73.8,0.01,0.01,2386.012415,1776162241000
1776162242.824,242.824,0.98,57.51,0.97,406.22,0.96,207.7,0.95,106.0,0.94,73.8,0.99,1857.01,,,,,,,,,0.01,1482.26,,,,,,,,,0.02,15.0,0.03,355.31,0.04,207.7,0.05,106.0,0.06,73.8,0.01,0.01,2386.012415,1776162241000
1776162243.26,243.26,0.98,57.51,0.97,406.22,0.96,207.7,0.95,106.0,0.94,73.8,0.99,1857.01,,,,,,,,,0.01,1857.01,,,,,,,,,0.02,57.51,0.03,406.22,0.04,207.7,0.05,106.0,0.06,73.8,0.01,0.01,2385.99027,1776162242000
1776162243.895,243.895,0.98,57.51,0.97,406.22,0.96,205.7,0.95,106.0,0.94,73.8,0.99,1805.01,,,,,,,,,0.01,1857.01,,,,,,,,,0.02,57.51,0.03,406.22,0.04,207.7,0.05,106.0,0.06,73.8,0.01,0.01,2385.99027,1776162242000
1776162244.265,244.265,0.98,97.82,0.97,406.22,0.96,204.7,0.95,106.0,0.94,73.8,0.99,1808.99,,,,,,,,,0.01,1805.01,,,,,,,,,0.02,57.51,0.03,406.22,0.04,205.7,0.05,106.0,0.06,73.8,0.01,0.01,2385.99027,1776162242000
