timestamp,elapsed_sec,up_bid_p1,up_bid_s1,up_bid_p2,up_bid_s2,up_ask_p1,up_ask_s1,up_ask_p2,up_ask_s2,down_bid_p1,down_bid_s1,down_bid_p2,down_bid_s2,down_ask_p1,down_ask_s1,down_ask_p2,down_ask_s2,up_spread,down_spread,eth_price,eth_oracle_ts
1776205201.485,1.485,0.52,15.0,0.49,5.0,0.54,101.22,0.55,5.0,0.46,181.22,0.45,75.0,0.48,15.0,0.51,5.0,0.02,0.02,2321.134358,1776205200000
1776205202.102,2.102,0.52,15.0,0.49,5.0,0.54,101.22,0.55,5.0,0.46,181.22,0.45,75.0,0.48,15.0,0.51,5.0,0.02,0.02,2321.251223,1776205201000
1776205203.036,3.036,0.52,15.0,0.49,5.0,0.54,101.22,0.55,5.0,0.46,181.22,0.45,75.0,0.48,15.0,0.51,5.0,0.02,0.02,2321.258317,1776205202000
1776205203.448,3.448,0.54,16.93,0.52,5.0,0.55,34.6,0.56,70.0,0.46,181.22,0.45,75.0,0.48,15.0,0.51,5.0,0.01,0.02,2321.258317,1776205202000
1776205203.784,3.784,0.54,16.93,0.52,5.0,0.55,32.6,0.56,70.0,0.45,34.6,0.44,70.0,0.46,16.93,0.48,5.0,0.01,0.01,2321.258317,1776205202000
1776205204.117,4.117,0.54,16.93,0.52,15.0,0.55,30.49,0.56,70.0,0.45,30.49,0.44,70.0,0.46,16.93,0.48,15.0,0.01,0.01,2321.449075,1776205203000
1776205204.385,4.385,0.55,6.2,0.54,21.93,0.56,70.0,0.57,10.0,0.45,30.49,0.44,70.0,0.46,16.93,0.48,15.0,0.01,0.01,2321.449075,1776205203000
1776205205.163,5.163,0.55,21.88,0.54,21.93,0.56,75.0,0.57,10.0,0.44,70.0,0.43,10.0,0.45,6.2,0.46,21.93,0.01,0.01,2321.449075,1776205203000
1776205205.417,5.417,0.55,28.0,0.54,21.93,0.56,52.13,0.57,10.0,0.44,53.92,0.43,10.0,0.45,33.0,0.46,21.93,0.01,0.01,2321.495222,1776205204000
1776205205.692,5.692,0.55,24.73,0.54,21.93,0.56,52.13,0.57,10.0,0.44,52.13,0.43,10.0,0.45,28.0,0.46,21.93,0.01,0.01,2321.495222,1776205204000
1776205205.984,5.984,0.55,29.17,0.54,21.93,0.56,51.23,0.57,15.0,0.44,48.2,0.43,10.0,0.45,19.17,0.46,21.93,0.01,0.01,2321.495222,1776205204000
1776205206.215,6.215,0.55,24.17,0.54,21.93,0.56,51.23,0.57,20.0,0.44,51.23,0.43,15.0,0.45,29.17,0.46,21.93,0.01,0.01,2321.495222,1776205204000
1776205206.578,6.578,0.55,19.17,0.54,21.93,0.56,26.23,0.57,15.0,0.44,51.23,0.43,20.0,0.45,24.17,0.46,21.93,0.01,0.01,2321.495222,1776205204000
1776205206.822,6.822,0.55,25.26,0.54,21.93,0.56,11.23,0.57,15.0,0.44,21.23,0.43,15.0,0.45,19.17,0.46,21.93,0.01,0.01,2321.495222,1776205204000
1776205207.187,7.187,0.58,15.0,0.57,20.0,0.59,69.88,0.6,10.0,0.44,11.23,0.43,15.0,0.45,25.26,0.46,21.93,0.01,0.01,2321.495222,1776205204000
1776205207.406,7.406,0.58,15.0,0.57,20.0,0.59,64.88,0.6,10.0,0.41,69.88,0.4,10.0,0.42,15.0,0.43,20.0,0.01,0.01,2321.533697,1776205206000
1776205208.138,8.138,0.58,3.99,0.57,25.0,0.59,63.18,0.6,5.0,0.41,64.88,0.4,10.0,0.42,3.99,0.43,20.0,0.01,0.01,2321.533697,1776205206000
1776205208.58,8.58,0.58,28.99,0.57,25.0,0.59,1.81,0.6,5.0,0.41,75.18,0.4,5.0,0.42,3.99,0.43,25.0,0.01,0.01,2321.533697,1776205206000
1776205208.786,8.786,0.58,28.99,0.57,25.0,0.61,3.75,0.62,15.0,0.39,3.75,0.38,15.0,0.42,28.99,0.43,25.0,0.03,0.03,2321.547199,1776205207000
1776205209.764,9.764,0.58,28.99,0.57,25.0,0.61,3.75,0.62,15.0,0.39,3.75,0.38,15.0,0.42,28.99,0.43,25.0,0.03,0.03,2321.660668,1776205208000
1776205210.044,10.044,0.58,2.0,0.56,20.0,0.6,90.0,0.61,73.36,0.39,58.36,0.38,8.75,0.42,5.0,0.44,10.0,0.02,0.03,2321.660668,1776205208000
1776205210.456,10.456,0.56,20.0,0.55,26.09,0.6,94.66,0.61,73.36,0.4,94.66,0.39,73.36,0.44,20.0,0.45,26.09,0.04,0.04,2321.99496,1776205209000
1776205210.759,10.759,0.57,98.95,0.56,25.0,0.58,19.91,0.59,20.0,0.4,94.66,0.39,73.36,0.44,20.0,0.45,26.09,0.01,0.04,2321.99496,1776205209000
1776205211.243,11.243,0.57,25.34,0.56,15.0,0.58,24.91,0.59,25.0,0.42,19.91,0.41,20.0,0.43,98.95,0.44,25.0,0.01,0.01,2321.99496,1776205209000
1776205211.489,11.489,0.55,20.0,0.54,34.93,0.59,29.91,0.6,130.0,0.41,19.91,0.4,130.0,0.43,25.34,0.44,15.0,0.04,0.02,2322.09283,1776205210000
1776205212.083,12.083,0.57,18.87,0.56,25.5,0.58,20.0,0.59,55.41,0.41,29.91,0.4,130.0,0.45,20.0,0.46,34.93,0.01,0.04,2322.09283,1776205210000
1776205212.372,12.372,0.56,20.5,0.55,10.0,0.57,12.89,0.58,70.5,0.42,70.5,0.41,55.41,0.44,25.5,0.45,10.0,0.01,0.02,2322.09283,1776205210000
1776205212.616,12.616,0.54,16.93,0.53,100.0,0.57,17.71,0.58,70.5,0.43,7.71,0.42,75.5,0.45,3.88,0.46,16.93,0.03,0.02,2322.09283,1776205210000
1776205212.888,12.888,0.55,11.88,0.54,37.43,0.56,25.0,0.57,12.71,0.43,17.71,0.42,70.5,0.46,16.93,0.47,100.0,0.01,0.03,2321.80437,1776205211000
1776205213.319,13.319,0.55,11.88,0.54,37.43,0.58,28.33,0.59,45.41,0.42,28.33,0.41,45.41,0.45,11.88,0.46,37.43,0.03,0.03,2321.789497,1776205212000
1776205214.068,14.068,0.54,36.34,0.53,110.0,0.56,10.0,0.57,5.0,0.44,10.0,0.43,5.0,0.46,36.34,0.47,110.0,0.02,0.02,2321.785618,1776205213000
1776205214.322,14.322,0.55,20.0,0.54,41.34,0.57,49.21,0.58,58.33,0.44,10.0,0.43,5.0,0.46,36.34,0.47,110.0,0.02,0.02,2321.785618,1776205213000
1776205214.862,14.862,0.56,15.0,0.55,15.0,0.57,55.93,0.58,58.33,0.43,40.43,0.42,58.33,0.45,25.0,0.46,41.34,0.01,0.02,2321.785618,1776205213000
1776205215.304,15.304,0.56,15.0,0.55,15.0,0.57,40.93,0.58,58.33,0.43,40.93,0.42,58.33,0.44,15.0,0.45,15.0,0.01,0.01,2321.745776,1776205214000
1776205215.847,15.847,0.55,12.66,0.54,30.84,0.56,17.0,0.57,40.93,0.43,47.93,0.42,58.33,0.44,3.33,0.45,15.0,0.01,0.01,2321.745776,1776205214000
1776205216.065,16.065,0.55,20.43,0.54,30.84,0.56,10.0,0.57,50.93,0.44,17.0,0.43,40.93,0.45,12.66,0.46,30.84,0.01,0.01,2321.735168,1776205215000
1776205216.473,16.473,0.53,50.0,0.52,50.0,0.56,24.07,0.57,25.5,0.44,8.57,0.43,50.93,0.45,15.0,0.46,30.84,0.03,0.01,2321.735168,1776205215000
1776205216.966,16.966,0.52,51.75,0.51,20.0,0.53,5.0,0.54,20.0,0.45,9.45,0.44,31.07,0.48,25.0,0.49,10.0,0.01,0.03,2321.735168,1776205215000
1776205217.472,17.472,0.52,31.75,0.51,20.0,0.53,13.11,0.54,20.0,0.47,13.11,0.46,20.0,0.48,31.75,0.49,20.0,0.01,0.01,2321.716895,1776205216000
1776205217.945,17.945,0.52,22.08,0.51,48.5,0.53,18.11,0.54,35.5,0.47,18.11,0.46,30.5,0.48,23.33,0.49,30.5,0.01,0.01,2321.716895,1776205216000
1776205218.169,18.169,0.52,22.08,0.51,48.5,0.53,18.11,0.54,35.5,0.47,18.11,0.46,35.5,0.48,22.08,0.49,48.5,0.01,0.01,2321.664045,1776205217000
1776205218.895,18.895,0.51,28.0,0.5,112.5,0.53,18.61,0.54,35.5,0.47,23.11,0.46,35.5,0.48,10.08,0.49,28.0,0.02,0.01,2321.664045,1776205217000
1776205219.595,19.595,0.51,28.0,0.5,122.5,0.53,23.61,0.54,35.5,0.47,23.61,0.46,35.5,0.49,28.0,0.5,122.5,0.02,0.02,2321.395528,1776205218000
1776205219.915,19.915,0.49,55.0,0.48,41.0,0.52,102.5,0.53,36.0,0.47,23.61,0.46,35.5,0.49,28.0,0.5,122.5,0.03,0.02,2321.395528,1776205218000
1776205220.215,20.215,0.39,0.87,0.38,115.0,0.4,10.0,0.41,10.0,0.54,57.04,0.51,10.0,0.61,0.97,0.62,10.0,0.01,0.07,2321.395528,1776205218000
1776205220.542,20.542,0.39,111.0,0.38,142.0,0.4,5.0,0.41,20.0,0.6,15.0,0.59,10.0,0.62,110.0,0.63,15.0,0.01,0.02,2321.37238,1776205219000
1776205220.837,20.837,0.39,123.77,0.38,135.0,0.4,5.0,0.41,20.0,0.6,5.0,0.59,20.0,0.61,111.0,0.62,142.0,0.01,0.01,2321.37238,1776205219000
1776205221.047,21.047,0.39,73.77,0.38,135.0,0.41,18.53,0.42,115.0,0.59,18.53,0.58,115.0,0.61,73.77,0.62,135.0,0.02,0.02,2321.371785,1776205220000
1776205221.403,21.403,0.39,30.5,0.38,63.0,0.4,8.0,0.41,10.0,0.59,18.53,0.58,115.0,0.61,73.77,0.62,135.0,0.01,0.02,2321.371785,1776205220000
1776205221.686,21.686,0.41,17.66,0.4,10.0,0.42,5.0,0.43,15.0,0.58,5.0,0.57,15.0,0.61,10.0,0.62,91.3,0.01,0.03,2321.371785,1776205220000
1776205221.952,21.952,0.41,20.96,0.4,10.0,0.42,10.0,0.43,15.0,0.58,5.0,0.57,15.0,0.59,17.66,0.6,10.0,0.01,0.01,2321.371785,1776205220000
1776205222.265,22.265,0.41,20.96,0.4,10.0,0.42,10.0,0.43,15.0,0.58,10.0,0.57,15.0,0.59,20.96,0.6,10.0,0.01,0.01,2320.4543,1776205221000
1776205222.922,22.922,0.41,20.96,0.4,10.0,0.42,10.0,0.43,15.0,0.58,10.0,0.57,15.0,0.59,20.96,0.6,10.0,0.01,0.01,2320.345901,1776205222000
1776205223.549,23.549,0.41,33.07,0.4,25.5,0.42,30.0,0.43,30.0,0.58,10.0,0.57,15.0,0.59,20.96,0.6,10.0,0.01,0.01,2320.345901,1776205222000
1776205223.977,23.977,0.41,122.07,0.4,71.5,0.43,10.0,0.45,108.0,0.58,25.0,0.57,30.0,0.59,28.07,0.6,38.5,0.02,0.01,2320.345901,1776205222000
1776205224.286,24.286,0.44,80.89,0.43,66.5,0.45,107.0,0.46,72.04,0.55,92.0,0.54,72.04,0.56,18.89,0.57,66.5,0.01,0.01,2320.438598,1776205223000
1776205224.745,24.745,0.44,62.33,0.43,98.5,0.45,117.0,0.46,77.04,0.55,107.0,0.54,77.04,0.56,86.58,0.57,98.5,0.01,0.01,2320.438598,1776205223000
1776205225.284,25.284,0.44,62.33,0.43,98.5,0.45,117.0,0.46,77.04,0.55,117.0,0.54,77.04,0.56,62.33,0.57,98.5,0.01,0.01,2320.464014,1776205224000
1776205226.31,26.31,0.38,45.33,0.37,50.0,0.39,15.0,0.4,55.0,0.55,117.0,0.54,77.04,0.56,62.33,0.57,98.5,0.01,0.01,2320.464014,1776205224000
1776205226.591,26.591,0.36,0.52,0.34,10.0,0.37,90.0,0.38,39.0,0.62,18.0,0.61,70.11,0.64,9.9,0.66,10.0,0.01,0.02,2320.61478,1776205225000
1776205226.972,26.972,0.34,4.0,0.33,125.0,0.35,15.0,0.36,20.0,0.65,15.0,0.64,20.0,0.66,4.0,0.67,125.0,0.01,0.01,2320.637018,1776205226000
1776205228.074,28.074,0.34,4.0,0.33,125.0,0.35,15.0,0.36,20.0,0.65,15.0,0.64,20.0,0.66,4.0,0.67,125.0,0.01,0.01,2320.117752,1776205227000
1776205229.185,29.185,0.3,5.0,0.29,60.0,0.33,20.0,0.34,36.0,0.66,42.11,0.65,20.0,0.67,5.0,0.68,75.0,0.03,0.01,2320.117752,1776205227000
1776205229.51,29.51,0.28,100.0,0.26,149.0,0.29,11.36,0.3,15.0,0.67,20.0,0.66,36.0,0.7,4.9,0.71,60.0,0.01,0.03,2319.716095,1776205228000
1776205229.934,29.934,0.28,3.0,0.26,139.0,0.29,9.32,0.3,15.0,0.71,11.36,0.7,15.0,0.72,100.0,0.74,149.0,0.01,0.01,2319.716095,1776205228000
1776205230.803,30.803,0.26,144.0,0.25,10.0,0.28,1.38,0.29,9.32,0.72,1.38,0.71,9.32,0.74,144.0,0.75,10.0,0.02,0.02,2319.532506,1776205229000
1776205231.161,31.161,0.26,160.84,0.25,10.0,0.28,1.38,0.29,14.32,0.72,1.38,0.71,9.32,0.74,144.0,0.75,10.0,0.02,0.02,2319.532506,1776205229000
1776205231.363,31.363,0.26,160.84,0.25,10.0,0.28,1.38,0.29,24.32,0.72,1.38,0.71,24.32,0.74,160.84,0.75,10.0,0.02,0.02,2319.1873,1776205230000
1776205231.583,31.583,0.28,51.0,0.27,15.0,0.29,4.78,0.3,32.11,0.72,1.38,0.71,24.32,0.74,160.84,0.75,10.0,0.01,0.02,2319.1873,1776205230000
1776205231.848,31.848,0.28,10.71,0.27,79.11,0.29,14.78,0.3,32.11,0.71,4.78,0.7,32.11,0.72,17.8,0.73,69.11,0.01,0.01,2319.1873,1776205230000
1776205232.217,32.217,0.27,35.11,0.26,145.84,0.28,65.0,0.29,24.78,0.72,10.0,0.71,24.78,0.73,48.11,0.74,145.84,0.01,0.01,2319.128192,1776205231000
1776205232.698,32.698,0.27,11.04,0.26,45.84,0.28,75.0,0.29,48.5,0.72,65.0,0.71,24.78,0.73,35.11,0.74,145.84,0.01,0.01,2319.128192,1776205231000
1776205233.163,33.163,0.26,17.84,0.25,20.5,0.27,35.0,0.28,35.0,0.73,35.0,0.72,35.0,0.74,17.84,0.75,20.5,0.01,0.01,2319.064916,1776205232000
1776205233.493,33.493,0.27,61.0,0.26,62.84,0.28,59.03,0.29,20.0,0.72,25.0,0.71,15.0,0.73,62.0,0.74,52.84,0.01,0.01,2319.064916,1776205232000
1776205233.731,33.731,0.27,56.0,0.26,52.84,0.28,34.35,0.29,20.0,0.72,43.1,0.71,20.0,0.73,51.0,0.74,62.84,0.01,0.01,2319.064916,1776205232000
1776205234.167,34.167,0.27,69.63,0.26,72.84,0.28,31.38,0.29,15.0,0.72,30.31,0.71,15.0,0.73,54.63,0.74,62.84,0.01,0.01,2319.064916,1776205232000
1776205234.418,34.418,0.27,50.93,0.26,72.84,0.28,23.77,0.29,15.0,0.72,23.77,0.71,15.0,0.73,50.93,0.74,72.84,0.01,0.01,2319.03977,1776205233000
1776205234.621,34.621,0.27,26.26,0.26,103.34,0.28,15.0,0.3,15.0,0.72,15.0,0.7,15.0,0.73,43.11,0.74,103.34,0.01,0.01,2319.03977,1776205233000
1776205234.905,34.905,0.3,4.5,0.29,32.0,0.32,35.0,0.33,65.0,0.68,30.0,0.67,65.0,0.69,5.83,0.71,27.0,0.02,0.01,2319.03977,1776205233000
1776205235.995,35.995,0.3,121.93,0.29,115.21,0.31,10.0,0.32,20.0,0.68,35.0,0.67,65.0,0.7,4.5,0.71,32.0,0.01,0.02,2318.992889,1776205234000
1776205236.315,36.315,0.3,116.78,0.29,110.21,0.32,20.0,0.33,55.0,0.68,20.0,0.67,55.0,0.7,116.78,0.71,110.21,0.02,0.02,2319.051308,1776205235000
1776205236.545,36.545,0.31,6.18,0.3,132.5,0.32,40.0,0.33,70.0,0.68,40.0,0.67,70.0,0.69,7.84,0.7,148.5,0.01,0.01,2319.051308,1776205235000
1776205237.17,37.17,0.29,3.3,0.28,25.0,0.3,146.5,0.31,83.5,0.68,40.0,0.67,70.0,0.69,6.18,0.7,132.5,0.01,0.01,2319.051308,1776205235000
1776205237.47,37.47,0.26,22.41,0.24,70.0,0.27,30.0,0.28,25.0,0.7,102.5,0.69,83.5,0.74,14.16,0.76,60.0,0.01,0.04,2319.051308,1776205235000
1776205238.009,38.009,0.26,22.41,0.24,70.0,0.27,30.0,0.28,25.0,0.73,30.0,0.72,25.0,0.74,22.41,0.76,70.0,0.01,0.01,2319.554796,1776205237000
1776205238.328,38.328,0.26,5.17,0.24,90.0,0.27,64.66,0.28,22.0,0.73,30.0,0.72,25.0,0.74,22.41,0.76,70.0,0.01,0.01,2319.554796,1776205237000
1776205239.552,39.552,0.24,116.0,0.23,260.5,0.25,8.43,0.26,10.0,0.75,7.83,0.73,64.66,0.76,90.0,0.77,240.0,0.01,0.01,2319.554796,1776205237000
1776205240.239,40.239,0.24,63.52,0.23,270.5,0.25,8.43,0.26,10.0,0.75,8.43,0.74,10.0,0.76,116.0,0.77,260.5,0.01,0.01,2319.554796,1776205237000
1776205240.509,40.509,0.24,61.94,0.23,250.0,0.25,13.43,0.26,10.0,0.75,13.43,0.74,10.0,0.76,71.94,0.77,270.5,0.01,0.01,2319.554796,1776205237000
1776205240.717,40.717,0.24,66.94,0.23,250.0,0.25,7.33,0.26,10.0,0.75,13.43,0.74,10.0,0.76,61.94,0.77,250.0,0.01,0.01,2319.554796,1776205237000
1776205241.157,41.157,0.24,54.02,0.23,220.0,0.25,19.89,0.26,15.0,0.75,19.89,0.74,10.0,0.76,38.52,0.77,215.0,0.01,0.01,2318.823372,1776205239000
1776205241.829,41.829,0.24,15.99,0.23,155.0,0.25,105.39,0.26,80.16,0.75,19.89,0.74,15.0,0.76,54.02,0.77,220.0,0.01,0.01,2318.824791,1776205240000
1776205242.839,42.839,0.23,45.06,0.22,41.0,0.24,25.0,0.25,51.55,0.75,147.05,0.74,80.16,0.77,105.0,0.78,41.0,0.01,0.02,2318.854312,1776205241000
1776205243.141,43.141,0.23,35.57,0.22,41.0,0.24,35.0,0.25,56.55,0.76,35.0,0.75,56.55,0.77,35.57,0.78,41.0,0.01,0.01,2318.896849,1776205242000
1776205244.572,44.572,0.23,5.0,0.22,31.0,0.24,30.0,0.25,35.39,0.76,35.0,0.75,56.55,0.77,35.57,0.78,41.0,0.01,0.01,2318.896849,1776205242000
1776205245.375,45.375,0.22,21.0,0.21,271.7,0.24,45.0,0.25,35.39,0.76,45.0,0.75,35.39,0.78,21.0,0.79,271.7,0.02,0.02,2318.653641,1776205244000
1776205245.586,45.586,0.22,29.95,0.21,292.7,0.23,76.66,0.24,40.0,0.77,61.66,0.76,40.0,0.78,31.36,0.79,292.7,0.01,0.01,2318.653641,1776205244000
1776205245.81,45.81,0.22,33.53,0.21,279.7,0.23,20.0,0.24,35.0,0.77,76.66,0.76,40.0,0.78,29.95,0.79,292.7,0.01,0.01,2318.653641,1776205244000
1776205246.016,46.016,0.22,33.53,0.21,279.7,0.23,20.0,0.24,35.0,0.77,20.0,0.76,35.0,0.78,33.53,0.79,279.7,0.01,0.01,2318.646783,1776205245000
1776205246.651,46.651,0.22,32.0,0.21,261.7,0.23,8.91,0.24,5.0,0.77,15.0,0.76,86.66,0.78,32.53,0.79,309.7,0.01,0.01,2318.646783,1776205245000
1776205247.069,47.069,0.23,22.6,0.22,20.0,0.24,15.0,0.25,35.39,0.76,15.0,0.75,35.39,0.77,4.93,0.78,25.0,0.01,0.01,2318.646783,1776205245000
1776205247.386,47.386,0.23,22.6,0.22,20.0,0.24,15.0,0.25,35.39,0.76,15.0,0.75,35.39,0.77,22.6,0.78,20.0,0.01,0.01,2318.584531,1776205246000
1776205247.644,47.644,0.21,240.0,0.2,110.0,0.23,48.0,0.24,106.99,0.76,15.0,0.75,35.39,0.77,22.6,0.78,20.0,0.02,0.01,2318.584531,1776205246000
1776205248.003,48.003,0.21,85.21,0.2,100.0,0.22,38.75,0.23,43.0,0.77,48.0,0.76,106.99,0.79,220.21,0.8,110.0,0.01,0.02,2318.584531,1776205246000
1776205248.353,48.353,0.2,15.21,0.19,35.0,0.22,125.75,0.23,103.0,0.78,38.75,0.77,43.0,0.79,85.21,0.8,100.0,0.02,0.01,2318.584531,1776205246000
1776205248.603,48.603,0.17,100.0,0.16,125.0,0.21,147.0,0.22,58.0,0.79,158.0,0.78,58.0,0.8,1.63,0.83,100.0,0.04,0.01,2318.584531,1776205246000
1776205248.811,48.811,0.16,107.91,0.15,183.0,0.17,10.0,0.18,23.0,0.83,10.0,0.82,23.0,0.84,107.91,0.85,183.0,0.01,0.01,2318.579756,1776205247000
1776205249.039,49.039,0.16,104.37,0.15,193.0,0.17,27.95,0.18,18.0,0.83,27.95,0.82,18.0,0.84,118.02,0.85,193.0,0.01,0.01,2318.579756,1776205247000
1776205249.307,49.307,0.16,104.37,0.15,193.0,0.17,27.95,0.18,18.0,0.83,27.95,0.82,18.0,0.84,104.37,0.85,193.0,0.01,0.01,2318.572606,1776205248000
1776205249.565,49.565,0.2,35.0,0.19,107.0,0.22,14.28,0.23,30.5,0.79,9.28,0.78,25.0,0.81,77.0,0.82,90.0,0.02,0.02,2318.572606,1776205248000
1776205249.81,49.81,0.2,140.79,0.19,117.0,0.22,24.28,0.23,20.0,0.78,14.28,0.77,20.0,0.8,142.19,0.81,117.0,0.02,0.02,2318.572606,1776205248000
1776205250.66,50.66,0.21,122.0,0.2,51.0,0.22,20.0,0.23,30.0,0.78,24.28,0.77,20.0,0.8,140.79,0.81,117.0,0.01,0.02,2318.40887,1776205249000
1776205250.924,50.924,0.21,118.16,0.2,51.0,0.22,5.0,0.23,30.0,0.78,20.0,0.77,30.0,0.79,118.16,0.8,51.0,0.01,0.01,2318.40887,1776205249000
1776205251.405,51.405,0.21,96.16,0.2,61.0,0.23,20.0,0.24,45.5,0.78,5.0,0.77,30.0,0.79,88.16,0.8,51.0,0.02,0.01,2317.812712,1776205250000
1776205251.859,51.859,0.23,133.84,0.22,55.0,0.24,50.5,0.25,39.89,0.77,15.21,0.76,45.5,0.78,10.0,0.79,113.16,0.01,0.01,2317.812712,1776205250000
1776205252.079,52.079,0.23,119.85,0.22,55.0,0.24,50.5,0.25,39.89,0.76,50.5,0.75,39.89,0.77,119.85,0.78,55.0,0.01,0.01,2318.312693,1776205251000
1776205252.339,52.339,0.23,41.42,0.22,55.0,0.24,35.0,0.25,104.55,0.76,45.5,0.75,34.89,0.77,49.42,0.78,55.0,0.01,0.01,2318.312693,1776205251000
1776205252.665,52.665,0.23,101.42,0.22,105.5,0.24,15.0,0.25,14.89,0.76,35.0,0.75,104.55,0.77,41.42,0.78,55.0,0.01,0.01,2318.312693,1776205251000
1776205253.352,53.352,0.23,101.42,0.22,105.5,0.25,14.89,0.26,35.0,0.75,14.89,0.74,35.0,0.77,101.42,0.78,105.5,0.02,0.02,2318.47388,1776205252000
1776205253.696,53.696,0.24,154.8,0.23,121.42,0.25,14.89,0.26,44.33,0.75,14.89,0.74,35.0,0.76,160.0,0.77,121.42,0.01,0.01,2318.47388,1776205252000
1776205253.958,53.958,0.24,154.8,0.23,121.42,0.25,14.89,0.26,44.33,0.75,14.89,0.74,44.33,0.76,154.8,0.77,121.42,0.01,0.01,2318.5191,1776205253000
1776205254.964,54.964,0.24,170.8,0.23,125.0,0.25,14.89,0.26,35.0,0.75,50.22,0.74,49.33,0.76,81.9,0.77,121.42,0.01,0.01,2318.5191,1776205253000
1776205255.252,55.252,0.24,170.8,0.23,125.0,0.25,14.89,0.26,35.0,0.75,14.89,0.74,35.0,0.76,170.8,0.77,125.0,0.01,0.01,2318.744995,1776205254000
1776205256.125,56.125,0.24,125.8,0.23,155.3,0.25,19.89,0.26,40.0,0.75,19.89,0.74,40.0,0.76,125.8,0.77,155.3,0.01,0.01,2318.81959,1776205255000
1776205256.584,56.584,0.25,182.16,0.24,70.95,0.26,10.0,0.27,130.0,0.75,19.89,0.74,40.0,0.76,125.8,0.77,155.3,0.01,0.01,2318.81959,1776205255000
1776205257.02,57.02,0.25,60.0,0.24,81.45,0.26,7.0,0.27,110.0,0.73,105.0,0.72,42.0,0.75,135.0,0.76,81.45,0.01,0.02,2318.81959,1776205255000
1776205257.287,57.287,0.25,60.0,0.24,81.45,0.27,110.0,0.28,47.0,0.73,110.0,0.72,47.0,0.75,60.0,0.76,81.45,0.02,0.02,2318.838314,1776205256000
1776205257.576,57.576,0.26,124.86,0.25,50.0,0.27,151.0,0.28,47.0,0.73,136.0,0.72,47.0,0.74,44.86,0.75,50.0,0.01,0.01,2318.838314,1776205256000
1776205258.226,58.226,0.26,98.5,0.25,50.0,0.27,156.0,0.28,47.0,0.73,151.0,0.72,47.0,0.74,124.86,0.75,50.0,0.01,0.01,2318.838314,1776205256000
1776205258.546,58.546,0.26,98.5,0.25,50.0,0.27,156.0,0.28,47.0,0.73,156.0,0.72,47.0,0.74,98.5,0.75,50.0,0.01,0.01,2319.042036,1776205257000
1776205259.082,59.082,0.26,98.5,0.25,50.0,0.27,156.0,0.28,47.0,0.73,156.0,0.72,47.0,0.74,98.5,0.75,50.0,0.01,0.01,2319.146938,1776205258000
1776205260.127,60.127,0.26,112.2,0.25,69.2,0.27,66.0,0.28,47.0,0.73,66.0,0.72,47.0,0.74,112.2,0.75,69.2,0.01,0.01,2319.165954,1776205259000
1776205260.655,60.655,0.26,102.2,0.25,79.2,0.27,51.0,0.28,47.0,0.73,66.0,0.72,47.0,0.74,112.2,0.75,69.2,0.01,0.01,2319.165954,1776205259000
1776205261.245,61.245,0.26,102.2,0.25,79.2,0.27,51.0,0.28,47.0,0.73,51.0,0.72,47.0,0.74,102.2,0.75,79.2,0.01,0.01,2319.16426,1776205260000
1776205261.997,61.997,0.26,63.56,0.25,149.2,0.27,112.13,0.28,47.0,0.73,51.0,0.72,47.0,0.74,102.2,0.75,79.2,0.01,0.01,2319.16426,1776205260000
1776205262.319,62.319,0.26,48.51,0.25,149.2,0.27,112.13,0.28,47.0,0.73,112.13,0.72,47.0,0.74,53.56,0.75,149.2,0.01,0.01,2319.16426,1776205260000
1776205262.986,62.986,0.26,48.51,0.25,149.2,0.27,112.13,0.28,47.0,0.73,112.13,0.72,47.0,0.74,48.51,0.75,149.2,0.01,0.01,2319.205366,1776205262000
1776205263.247,63.247,0.26,50.17,0.25,159.2,0.27,145.13,0.28,52.0,0.73,150.13,0.72,52.0,0.74,43.46,0.75,159.2,0.01,0.01,2319.205366,1776205262000
1776205263.654,63.654,0.26,50.17,0.25,159.2,0.27,145.13,0.28,52.0,0.73,145.13,0.72,52.0,0.74,50.17,0.75,159.2,0.01,0.01,2319.205366,1776205262000
1776205264.04,64.04,0.26,50.17,0.25,159.2,0.27,145.13,0.28,52.0,0.73,145.13,0.72,52.0,0.74,50.17,0.75,159.2,0.01,0.01,2319.188512,1776205263000
1776205265.147,65.147,0.25,152.45,0.24,90.95,0.27,140.13,0.28,52.0,0.73,140.13,0.72,52.0,0.75,152.45,0.76,90.95,0.02,0.02,2319.125489,1776205264000
1776205265.424,65.424,0.25,118.43,0.24,61.25,0.26,30.0,0.27,96.63,0.73,140.13,0.72,52.0,0.75,152.45,0.76,90.95,0.01,0.02,2319.125489,1776205264000
1776205265.962,65.962,0.25,180.43,0.24,66.25,0.27,86.63,0.28,77.0,0.74,10.0,0.73,96.63,0.75,210.43,0.76,61.25,0.02,0.01,2319.125489,1776205264000
1776205266.278,66.278,0.25,183.29,0.24,66.25,0.27,86.63,0.28,82.0,0.73,86.63,0.72,82.0,0.75,185.43,0.76,66.25,0.02,0.02,2319.125489,1776205264000
1776205266.76,66.76,0.25,173.29,0.24,61.25,0.27,86.63,0.28,82.0,0.73,86.63,0.72,82.0,0.75,183.29,0.76,66.25,0.02,0.02,2319.154394,1776205265000
1776205267.299,67.299,0.25,173.29,0.24,61.25,0.27,86.63,0.28,82.0,0.73,86.63,0.72,82.0,0.75,173.29,0.76,61.25,0.02,0.02,2319.112339,1776205266000
1776205267.883,67.883,0.25,27.29,0.24,36.25,0.26,71.5,0.27,114.03,0.73,86.63,0.72,82.0,0.75,173.29,0.76,61.25,0.01,0.02,2319.112339,1776205266000
1776205268.589,68.589,0.25,17.29,0.24,36.25,0.26,81.5,0.27,114.03,0.74,71.5,0.73,114.03,0.75,27.29,0.76,36.25,0.01,0.01,2319.048046,1776205267000
1776205269.033,69.033,0.24,36.25,0.23,80.0,0.26,201.34,0.27,245.03,0.74,201.34,0.73,245.03,0.76,36.25,0.77,80.0,0.02,0.02,2319.045433,1776205268000
1776205269.326,69.326,0.23,80.0,0.22,45.0,0.25,130.09,0.26,166.34,0.75,76.59,0.74,176.34,0.76,26.25,0.77,80.0,0.02,0.01,2319.045433,1776205268000
1776205269.678,69.678,0.23,66.42,0.22,45.0,0.24,104.5,0.25,100.09,0.76,89.5,0.75,100.09,0.77,68.04,0.78,45.0,0.01,0.01,2319.045433,1776205268000
1776205270.163,70.163,0.23,66.42,0.22,45.0,0.24,104.5,0.25,100.09,0.76,104.5,0.75,100.09,0.77,66.42,0.78,45.0,0.01,0.01,2318.940887,1776205269000
1776205271.316,71.316,0.22,45.0,0.21,107.16,0.23,56.06,0.24,141.9,0.76,99.5,0.75,100.09,0.77,57.42,0.78,45.0,0.01,0.01,2318.940887,1776205269000
1776205271.817,71.817,0.22,45.0,0.21,107.16,0.23,56.06,0.24,141.9,0.77,56.06,0.76,141.9,0.78,45.0,0.79,107.16,0.01,0.01,2318.69215,1776205270000
1776205272.375,72.375,0.22,55.0,0.21,117.16,0.23,30.06,0.24,130.9,0.77,30.06,0.76,130.9,0.78,55.0,0.79,117.16,0.01,0.01,2318.670444,1776205271000
1776205273.383,73.383,0.22,55.0,0.21,117.16,0.23,30.06,0.24,130.9,0.77,30.06,0.76,130.9,0.78,55.0,0.79,117.16,0.01,0.01,2318.565504,1776205272000
1776205273.671,73.671,0.22,45.0,0.21,117.16,0.23,148.5,0.24,50.5,0.77,30.06,0.76,130.9,0.78,55.0,0.79,117.16,0.01,0.01,2318.565504,1776205272000
1776205273.915,73.915,0.22,45.0,0.21,117.16,0.23,148.5,0.24,50.5,0.77,148.5,0.76,50.5,0.78,45.0,0.79,117.16,0.01,0.01,2318.573188,1776205273000
1776205275.034,75.034,0.22,45.0,0.21,117.16,0.23,148.5,0.24,50.5,0.77,148.5,0.76,50.5,0.78,45.0,0.79,117.16,0.01,0.01,2318.657127,1776205274000
1776205275.601,75.601,0.22,15.0,0.21,117.16,0.23,70.5,0.24,74.34,0.77,148.5,0.76,50.5,0.78,45.0,0.79,117.16,0.01,0.01,2318.657127,1776205274000
1776205276.103,76.103,0.22,15.0,0.21,117.16,0.23,70.5,0.24,74.34,0.77,70.5,0.76,74.34,0.78,15.0,0.79,117.16,0.01,0.01,2318.571687,1776205275000
1776205277.089,77.089,0.22,5.0,0.21,117.16,0.23,75.5,0.24,74.34,0.77,75.5,0.76,74.34,0.78,5.0,0.79,117.16,0.01,0.01,2318.563392,1776205276000
1776205278.213,78.213,0.22,5.0,0.21,117.16,0.23,75.5,0.24,74.34,0.77,75.5,0.76,74.34,0.78,5.0,0.79,117.16,0.01,0.01,2318.56011,1776205277000
1776205279.148,79.148,0.21,117.64,0.2,85.0,0.22,26.8,0.23,50.5,0.78,26.8,0.77,50.5,0.79,112.16,0.8,80.0,0.01,0.01,2318.56011,1776205277000
1776205279.817,79.817,0.21,125.64,0.2,85.0,0.22,3.69,0.24,15.0,0.78,26.8,0.77,50.5,0.79,112.64,0.8,85.0,0.01,0.01,2318.54151,1776205278000
1776205280.181,80.181,0.21,110.64,0.2,85.0,0.24,15.0,0.25,41.14,0.76,15.0,0.75,41.14,0.79,110.64,0.8,85.0,0.03,0.03,2318.55133,1776205279000
1776205280.546,80.546,0.22,14.74,0.21,25.64,0.24,50.41,0.25,66.14,0.76,35.41,0.75,46.14,0.77,10.0,0.78,10.0,0.02,0.01,2318.55133,1776205279000
1776205281.071,81.071,0.23,20.0,0.22,14.74,0.24,50.19,0.25,45.64,0.76,50.41,0.75,66.14,0.78,14.74,0.79,25.64,0.01,0.02,2318.55133,1776205279000
1776205281.304,81.304,0.23,20.0,0.22,14.74,0.24,50.19,0.25,45.64,0.76,50.19,0.75,45.64,0.77,20.0,0.78,14.74,0.01,0.01,2318.582883,1776205280000
1776205281.696,81.696,0.23,30.0,0.22,19.74,0.24,55.19,0.25,41.14,0.76,35.19,0.75,30.64,0.77,40.0,0.78,19.74,0.01,0.01,2318.582883,1776205280000
1776205282.221,82.221,0.23,30.0,0.22,19.74,0.24,55.19,0.25,41.14,0.76,55.19,0.75,41.14,0.77,30.0,0.78,19.74,0.01,0.01,2318.818199,1776205281000
1776205282.438,82.438,0.23,16.72,0.22,19.74,0.24,50.19,0.25,51.14,0.76,50.19,0.75,51.14,0.77,18.15,0.78,19.74,0.01,0.01,2318.818199,1776205281000
1776205282.95,82.95,0.23,28.56,0.22,19.74,0.24,45.19,0.25,30.64,0.76,50.19,0.75,51.14,0.77,16.72,0.78,19.74,0.01,0.01,2318.818199,1776205281000
1776205283.309,83.309,0.23,18.56,0.22,19.74,0.24,50.19,0.25,31.14,0.76,45.19,0.75,30.64,0.77,28.56,0.78,19.74,0.01,0.01,2318.818199,1776205281000
1776205284.368,84.368,0.23,18.56,0.22,19.74,0.24,50.19,0.25,31.14,0.76,50.19,0.75,31.14,0.77,18.56,0.78,19.74,0.01,0.01,2318.859058,1776205283000
1776205284.772,84.772,0.23,140.36,0.22,31.74,0.24,2.0,0.25,15.64,0.76,2.0,0.75,15.64,0.77,150.56,0.78,29.74,0.01,0.01,2318.859058,1776205283000
1776205285.679,85.679,0.23,180.36,0.22,31.74,0.24,7.41,0.25,34.83,0.76,2.0,0.75,15.64,0.77,140.36,0.78,31.74,0.01,0.01,2318.859058,1776205283000
1776205285.895,85.895,0.23,170.36,0.22,31.74,0.24,7.41,0.25,34.83,0.76,7.41,0.75,34.83,0.77,180.36,0.78,31.74,0.01,0.01,2318.859058,1776205283000
1776205286.331,86.331,0.23,170.36,0.22,31.74,0.24,28.1,0.25,34.83,0.76,7.41,0.75,34.83,0.77,170.36,0.78,31.74,0.01,0.01,2318.859058,1776205283000
1776205286.538,86.538,0.23,170.36,0.22,31.74,0.24,28.1,0.25,34.83,0.76,28.1,0.75,34.83,0.77,170.36,0.78,31.74,0.01,0.01,2318.962441,1776205285000
1776205287.055,87.055,0.23,170.36,0.22,31.74,0.24,28.1,0.25,34.83,0.76,28.1,0.75,34.83,0.77,170.36,0.78,31.74,0.01,0.01,2319.070485,1776205286000
1776205287.763,87.763,0.23,165.36,0.22,89.74,0.24,28.1,0.25,34.83,0.76,28.1,0.75,34.83,0.77,170.36,0.78,31.74,0.01,0.01,2319.070485,1776205286000
1776205288.174,88.174,0.23,165.36,0.22,89.74,0.24,28.1,0.25,34.83,0.76,28.1,0.75,34.83,0.77,165.36,0.78,89.74,0.01,0.01,2319.224259,1776205287000
1776205288.53,88.53,0.23,89.06,0.22,89.74,0.24,26.32,0.25,34.83,0.76,28.1,0.75,34.83,0.77,165.36,0.78,89.74,0.01,0.01,2319.224259,1776205287000
1776205289.16,89.16,0.23,89.06,0.22,89.74,0.24,26.32,0.25,34.83,0.76,26.32,0.75,34.83,0.77,89.06,0.78,89.74,0.01,0.01,2319.179517,1776205288000
1776205290.243,90.243,0.23,89.06,0.22,89.74,0.24,26.32,0.25,34.83,0.76,26.32,0.75,34.83,0.77,89.06,0.78,89.74,0.01,0.01,2319.144835,1776205289000
1776205290.948,90.948,0.22,80.0,0.21,55.64,0.23,44.0,0.24,120.82,0.77,86.65,0.76,110.82,0.78,89.74,0.79,60.64,0.01,0.01,2319.144835,1776205289000
1776205291.304,91.304,0.22,80.0,0.21,55.64,0.23,44.0,0.24,120.82,0.77,44.0,0.76,120.82,0.78,80.0,0.79,55.64,0.01,0.01,2319.091114,1776205290000
1776205291.611,91.611,0.22,80.0,0.21,60.64,0.23,21.0,0.24,177.82,0.77,44.0,0.76,120.82,0.78,80.0,0.79,55.64,0.01,0.01,2319.091114,1776205290000
1776205292.123,92.123,0.22,100.0,0.21,50.64,0.23,15.48,0.24,37.32,0.77,21.0,0.76,177.82,0.78,80.0,0.79,60.64,0.01,0.01,2319.091114,1776205290000
1776205292.377,92.377,0.22,145.0,0.21,50.64,0.23,0.83,0.24,26.32,0.77,15.48,0.76,37.32,0.78,100.0,0.79,50.64,0.01,0.01,2319.015452,1776205291000
1776205292.656,92.656,0.22,140.0,0.21,50.64,0.24,26.32,0.25,26.14,0.77,0.83,0.76,26.32,0.78,145.0,0.79,50.64,0.02,0.01,2319.015452,1776205291000
1776205292.943,92.943,0.23,36.84,0.22,90.0,0.24,36.32,0.25,26.14,0.76,26.32,0.75,26.14,0.78,140.0,0.79,50.64,0.01,0.02,2319.015452,1776205291000
1776205293.174,93.174,0.23,36.84,0.22,90.0,0.24,36.32,0.25,26.14,0.76,36.32,0.75,26.14,0.77,36.84,0.78,90.0,0.01,0.01,2319.023638,1776205292000
1776205293.565,93.565,0.23,30.34,0.22,90.0,0.24,31.32,0.25,31.14,0.76,36.32,0.75,26.14,0.77,36.84,0.78,90.0,0.01,0.01,2319.023638,1776205292000
1776205293.818,93.818,0.23,23.51,0.22,85.0,0.24,77.96,0.25,26.14,0.76,31.73,0.75,26.14,0.77,32.61,0.78,85.0,0.01,0.01,2319.023638,1776205292000
1776205294.157,94.157,0.23,18.5,0.22,85.0,0.24,82.96,0.25,31.14,0.76,82.96,0.75,31.14,0.77,18.5,0.78,85.0,0.01,0.01,2318.94073,1776205293000
1776205294.891,94.891,0.22,65.0,0.21,15.64,0.23,150.02,0.24,98.23,0.76,87.96,0.75,26.14,0.77,60.64,0.78,85.0,0.01,0.01,2318.94073,1776205293000
1776205295.184,95.184,0.22,26.65,0.21,15.64,0.23,135.02,0.24,98.23,0.77,135.02,0.76,98.23,0.78,26.65,0.79,15.64,0.01,0.01,2319.022865,1776205294000
1776205296.08,96.08,0.22,26.65,0.21,15.64,0.23,135.02,0.24,98.23,0.77,135.02,0.76,98.23,0.78,26.65,0.79,15.64,0.01,0.01,2319.006302,1776205295000
1776205296.366,96.366,0.22,21.65,0.21,10.64,0.23,279.02,0.24,173.23,0.77,135.02,0.76,98.23,0.78,26.65,0.79,15.64,0.01,0.01,2319.006302,1776205295000
1776205296.649,96.649,0.21,6.65,0.2,75.0,0.23,294.02,0.24,226.23,0.77,279.02,0.76,173.23,0.78,21.65,0.79,10.64,0.02,0.01,2319.006302,1776205295000
1776205297.084,97.084,0.21,6.65,0.2,75.0,0.23,294.02,0.24,226.23,0.77,294.02,0.76,226.23,0.79,6.65,0.8,75.0,0.02,0.02,2318.956693,1776205296000
1776205297.698,97.698,0.21,5.25,0.2,80.0,0.22,118.74,0.23,135.5,0.77,294.02,0.76,226.23,0.79,6.65,0.8,75.0,0.01,0.02,2318.956693,1776205296000
1776205298.111,98.111,0.21,2.4,0.2,80.0,0.22,118.74,0.23,145.5,0.78,118.74,0.77,145.5,0.79,2.4,0.8,80.0,0.01,0.01,2318.898554,1776205297000
1776205298.741,98.741,0.2,75.0,0.19,107.0,0.21,176.02,0.22,254.24,0.78,118.74,0.77,145.5,0.79,2.4,0.8,80.0,0.01,0.01,2318.898554,1776205297000
1776205299.832,99.832,0.2,72.0,0.19,107.0,0.21,186.02,0.22,276.21,0.79,186.02,0.78,276.21,0.8,72.0,0.81,107.0,0.01,0.01,2318.86891,1776205298000
1776205300.036,100.036,0.2,89.12,0.19,107.0,0.21,150.5,0.22,244.62,0.79,186.02,0.78,276.21,0.8,72.0,0.81,107.0,0.01,0.01,2318.86891,1776205298000
1776205300.511,100.511,0.2,71.19,0.19,107.0,0.21,140.73,0.22,165.5,0.79,145.02,0.78,165.5,0.8,81.19,0.81,107.0,0.01,0.01,2318.86891,1776205298000
1776205301.202,101.202,0.2,71.19,0.19,107.0,0.21,125.73,0.22,165.5,0.79,125.73,0.78,165.5,0.8,71.19,0.81,107.0,0.01,0.01,2318.801638,1776205300000
1776205302.409,102.409,0.2,71.19,0.19,107.0,0.21,125.73,0.22,165.5,0.79,125.73,0.78,165.5,0.8,71.19,0.81,107.0,0.01,0.01,2318.720433,1776205301000
1776205302.985,102.985,0.2,71.19,0.19,107.0,0.21,125.73,0.22,165.5,0.79,125.73,0.78,165.5,0.8,71.19,0.81,107.0,0.01,0.01,2318.720433,1776205302000
1776205304.402,104.402,0.2,71.19,0.19,107.0,0.21,125.73,0.22,165.5,0.79,125.73,0.78,165.5,0.8,71.19,0.81,107.0,0.01,0.01,2318.62416,1776205303000
1776205304.646,104.646,0.2,8.0,0.19,30.0,0.21,249.73,0.22,229.19,0.79,125.73,0.78,165.5,0.8,71.19,0.81,107.0,0.01,0.01,2318.62416,1776205303000
1776205304.927,104.927,0.2,8.0,0.19,30.0,0.21,244.73,0.22,208.81,0.79,249.73,0.78,229.19,0.8,8.0,0.81,30.0,0.01,0.01,2318.62416,1776205303000
1776205305.964,105.964,0.19,25.0,0.18,130.0,0.21,291.73,0.22,208.81,0.79,244.73,0.78,208.81,0.8,8.0,0.81,30.0,0.02,0.01,2318.603899,1776205304000
1776205306.311,106.311,0.19,25.0,0.18,130.0,0.21,291.73,0.22,208.81,0.79,291.73,0.78,208.81,0.81,25.0,0.82,130.0,0.02,0.02,2318.554421,1776205305000
1776205307.562,107.562,0.19,25.0,0.18,130.0,0.21,291.73,0.22,208.81,0.79,291.73,0.78,208.81,0.81,25.0,0.82,130.0,0.02,0.02,2318.529995,1776205306000
1776205308.063,108.063,0.19,25.0,0.18,130.0,0.21,291.73,0.22,208.81,0.79,291.73,0.78,208.81,0.81,25.0,0.82,130.0,0.02,0.02,2318.464335,1776205307000
1776205309.295,109.295,0.19,25.0,0.18,130.0,0.21,291.73,0.22,208.81,0.79,291.73,0.78,208.81,0.81,25.0,0.82,130.0,0.02,0.02,2318.374065,1776205308000
1776205310.487,110.487,0.19,25.0,0.18,130.0,0.21,291.73,0.22,208.81,0.79,291.73,0.78,208.81,0.81,25.0,0.82,130.0,0.02,0.02,2318.23035,1776205309000
1776205311.111,111.111,0.14,237.21,0.13,95.0,0.15,125.5,0.16,144.5,0.85,5.0,0.84,195.5,0.86,325.0,0.87,95.0,0.01,0.01,2318.23035,1776205309000
1776205312.291,112.291,0.13,95.0,0.12,130.09,0.15,160.5,0.16,100.5,0.85,125.5,0.84,144.5,0.86,237.21,0.87,95.0,0.02,0.01,2318.110883,1776205310000
1776205312.647,112.647,0.13,95.0,0.12,130.09,0.15,160.5,0.16,100.5,0.85,160.5,0.84,100.5,0.87,95.0,0.88,130.09,0.02,0.02,2317.909013,1776205311000
1776205313.132,113.132,0.13,83.59,0.12,130.09,0.14,106.0,0.15,89.5,0.86,99.0,0.85,89.5,0.87,70.59,0.88,130.09,0.01,0.01,2317.909013,1776205311000
1776205313.951,113.951,0.13,21.42,0.12,130.09,0.14,124.0,0.15,89.5,0.86,106.0,0.85,89.5,0.87,83.59,0.88,130.09,0.01,0.01,2317.891757,1776205312000
1776205314.499,114.499,0.13,21.42,0.12,130.09,0.14,124.0,0.15,89.5,0.86,124.0,0.85,89.5,0.87,21.42,0.88,130.09,0.01,0.01,2317.906055,1776205313000
1776205315.09,115.09,0.13,21.42,0.12,130.09,0.14,124.0,0.15,89.5,0.86,124.0,0.85,89.5,0.87,21.42,0.88,130.09,0.01,0.01,2317.976201,1776205314000
1776205315.978,115.978,0.13,42.76,0.12,81.59,0.15,44.31,0.16,15.0,0.86,124.0,0.85,89.5,0.87,21.42,0.88,130.09,0.02,0.01,2317.976201,1776205314000
1776205316.207,116.207,0.13,42.76,0.12,81.59,0.15,44.31,0.16,15.0,0.85,44.31,0.84,15.0,0.87,42.76,0.88,81.59,0.02,0.02,2318.013722,1776205315000
1776205316.663,116.663,0.14,5.66,0.13,37.76,0.15,49.31,0.16,25.0,0.85,49.31,0.84,25.0,0.86,12.83,0.87,37.76,0.01,0.01,2318.013722,1776205315000
1776205316.878,116.878,0.14,5.66,0.13,37.76,0.15,49.31,0.16,25.0,0.85,49.31,0.84,25.0,0.86,5.66,0.87,37.76,0.01,0.01,2317.938329,1776205316000
1776205317.141,117.141,0.14,14.64,0.13,71.26,0.16,70.2,0.17,26.02,0.85,53.97,0.83,31.02,0.86,14.64,0.87,60.76,0.02,0.01,2317.938329,1776205316000
1776205317.887,117.887,0.15,48.62,0.14,56.64,0.16,77.2,0.17,21.02,0.84,52.2,0.83,24.02,0.86,19.64,0.87,93.26,0.01,0.02,2317.938329,1776205316000
1776205318.202,118.202,0.15,29.74,0.14,45.64,0.16,77.2,0.17,21.02,0.84,77.2,0.83,21.02,0.85,31.04,0.86,56.64,0.01,0.01,2318.070328,1776205317000
1776205318.593,118.593,0.15,32.14,0.14,56.14,0.16,77.2,0.17,11.02,0.84,77.2,0.83,21.02,0.85,28.44,0.86,56.14,0.01,0.01,2318.070328,1776205317000
1776205318.947,118.947,0.15,44.54,0.14,97.54,0.16,72.2,0.17,6.02,0.84,77.2,0.83,11.02,0.85,25.84,0.86,56.14,0.01,0.01,2318.070328,1776205317000
1776205320.086,120.086,0.15,37.76,0.14,97.54,0.16,72.2,0.17,6.02,0.84,72.2,0.83,6.02,0.85,37.76,0.86,97.54,0.01,0.01,2318.251601,1776205319000
1776205320.37,120.37,0.15,16.76,0.14,44.64,0.16,82.2,0.17,6.02,0.84,72.2,0.83,6.02,0.85,37.76,0.86,97.54,0.01,0.01,2318.251601,1776205319000
1776205321.009,121.009,0.15,11.76,0.14,44.64,0.16,68.45,0.17,6.02,0.84,82.2,0.83,6.02,0.85,16.76,0.86,44.64,0.01,0.01,2318.251601,1776205319000
1776205321.242,121.242,0.15,5.47,0.14,44.64,0.16,53.45,0.17,16.02,0.84,73.45,0.83,6.02,0.85,10.47,0.86,44.64,0.01,0.01,2318.351964,1776205320000
1776205322.126,122.126,0.15,4.11,0.14,44.64,0.16,98.45,0.17,46.52,0.84,53.45,0.83,16.02,0.85,5.47,0.86,44.64,0.01,0.01,2318.351964,1776205320000
1776205322.673,122.673,0.15,1.63,0.14,44.64,0.16,106.71,0.17,51.52,0.84,56.71,0.83,46.52,0.85,2.81,0.86,44.64,0.01,0.01,2318.357211,1776205321000
1776205323.02,123.02,0.14,35.24,0.13,22.76,0.16,116.71,0.17,51.52,0.84,106.71,0.83,51.52,0.85,1.63,0.86,44.64,0.02,0.01,2318.357211,1776205321000
1776205323.286,123.286,0.14,13.12,0.13,43.76,0.15,72.32,0.16,52.0,0.84,116.71,0.83,51.52,0.86,35.24,0.87,22.76,0.01,0.02,2318.357211,1776205321000
1776205323.784,123.784,0.14,1.97,0.13,43.76,0.15,42.32,0.16,52.0,0.85,72.32,0.84,52.0,0.86,11.84,0.87,43.76,0.01,0.01,2318.366827,1776205322000
1776205324.002,124.002,0.14,1.97,0.13,43.76,0.15,42.32,0.16,52.0,0.85,42.32,0.84,52.0,0.86,1.97,0.87,43.76,0.01,0.01,2318.368882,1776205323000
1776205324.472,124.472,0.12,59.09,0.11,323.79,0.14,56.0,0.15,75.32,0.85,42.32,0.84,52.0,0.86,1.97,0.87,43.76,0.02,0.01,2318.368882,1776205323000
1776205324.906,124.906,0.12,87.5,0.11,334.29,0.14,196.34,0.15,173.55,0.86,56.0,0.85,75.32,0.88,59.09,0.89,323.79,0.02,0.02,2318.368882,1776205323000
1776205325.174,125.174,0.12,87.5,0.11,334.29,0.14,196.34,0.15,173.55,0.86,196.34,0.85,173.55,0.88,87.5,0.89,334.29,0.02,0.02,2318.240702,1776205324000
1776205325.466,125.466,0.12,102.5,0.11,332.29,0.14,123.62,0.15,131.23,0.86,196.34,0.85,173.55,0.88,87.5,0.89,334.29,0.02,0.02,2318.240702,1776205324000
1776205326.071,126.071,0.13,15.0,0.12,67.5,0.14,154.2,0.15,131.23,0.86,88.12,0.85,131.23,0.87,15.0,0.88,67.5,0.01,0.01,2318.240702,1776205324000
1776205326.408,126.408,0.13,10.0,0.12,67.5,0.14,159.2,0.15,131.23,0.86,154.2,0.85,131.23,0.87,15.0,0.88,67.5,0.01,0.01,2318.259157,1776205325000
1776205327.266,127.266,0.13,10.0,0.12,67.5,0.14,159.2,0.15,131.23,0.86,159.2,0.85,131.23,0.87,10.0,0.88,67.5,0.01,0.01,2318.249558,1776205326000
1776205327.595,127.595,0.13,10.0,0.12,44.5,0.14,201.34,0.15,133.73,0.86,159.2,0.85,131.23,0.87,10.0,0.88,67.5,0.01,0.01,2318.249558,1776205326000
1776205327.821,127.821,0.12,59.5,0.11,301.79,0.13,64.78,0.14,173.08,0.86,201.34,0.85,133.73,0.87,10.0,0.88,44.5,0.01,0.01,2318.249558,1776205326000
1776205328.517,128.517,0.12,79.5,0.11,322.29,0.14,133.08,0.15,123.23,0.87,64.78,0.86,173.08,0.88,59.5,0.89,301.79,0.02,0.01,2318.249558,1776205326000
1776205329.05,129.05,0.12,79.5,0.11,322.29,0.14,133.08,0.15,123.23,0.86,133.08,0.85,123.23,0.88,79.5,0.89,322.29,0.02,0.02,2318.242676,1776205328000
1776205330.222,130.222,0.11,135.0,0.1,100.0,0.13,316.15,0.14,36.5,0.86,133.08,0.85,123.23,0.88,79.5,0.89,322.29,0.02,0.02,2318.242676,1776205328000
1776205330.911,130.911,0.11,144.18,0.1,100.0,0.12,99.75,0.13,223.15,0.88,99.75,0.87,223.15,0.89,144.18,0.9,100.0,0.01,0.01,2318.219888,1776205329000
1776205331.55,131.55,0.11,144.18,0.1,100.0,0.12,99.75,0.13,223.15,0.88,99.75,0.87,223.15,0.89,144.18,0.9,100.0,0.01,0.01,2318.159324,1776205330000
1776205332.363,132.363,0.11,144.18,0.1,100.0,0.12,99.75,0.13,223.15,0.88,99.75,0.87,223.15,0.89,144.18,0.9,100.0,0.01,0.01,2318.058212,1776205331000
1776205332.89,132.89,0.11,144.18,0.1,100.0,0.12,99.75,0.13,223.15,0.88,99.75,0.87,223.15,0.89,144.18,0.9,100.0,0.01,0.01,2317.976236,1776205332000
1776205333.852,133.852,0.1,25.0,0.09,35.0,0.11,286.34,0.12,183.75,0.89,287.34,0.88,245.75,0.9,85.1,0.91,25.0,0.01,0.01,2317.976236,1776205332000
1776205334.084,134.084,0.1,25.0,0.09,35.0,0.11,286.34,0.12,183.75,0.89,286.34,0.88,183.75,0.9,25.0,0.91,35.0,0.01,0.01,2317.92575,1776205333000
1776205335.103,135.103,0.1,3.0,0.09,35.0,0.11,236.34,0.12,183.75,0.89,286.34,0.88,183.75,0.9,25.0,0.91,35.0,0.01,0.01,2317.92575,1776205333000
1776205335.838,135.838,0.09,8.8,0.08,85.0,0.1,197.0,0.11,151.34,0.89,236.34,0.88,183.75,0.9,3.0,0.91,35.0,0.01,0.01,2317.787833,1776205334000
1776205336.332,136.332,0.09,7.7,0.08,35.0,0.1,241.0,0.11,151.34,0.9,197.0,0.89,151.34,0.91,8.8,0.92,85.0,0.01,0.01,2317.787833,1776205334000
1776205336.942,136.942,0.09,7.7,0.08,35.0,0.1,241.0,0.11,151.34,0.9,241.0,0.89,151.34,0.91,7.7,0.92,35.0,0.01,0.01,2317.768597,1776205336000
1776205337.34,137.34,0.09,6.7,0.08,35.0,0.1,286.0,0.11,151.34,0.9,241.0,0.89,151.34,0.91,7.7,0.92,35.0,0.01,0.01,2317.768597,1776205336000
1776205338.103,138.103,0.09,6.7,0.08,35.0,0.1,286.0,0.11,151.34,0.9,286.0,0.89,151.34,0.91,6.7,0.92,35.0,0.01,0.01,2317.775727,1776205337000
1776205338.947,138.947,0.08,35.0,0.07,157.3,0.09,16.78,0.1,267.0,0.9,286.0,0.89,151.34,0.91,6.7,0.92,35.0,0.01,0.01,2317.775727,1776205337000
1776205339.259,139.259,0.08,47.62,0.07,142.3,0.09,170.51,0.1,162.0,0.91,170.51,0.9,162.0,0.92,47.62,0.93,142.3,0.01,0.01,2317.77777,1776205338000
1776205340.12,140.12,0.08,45.59,0.07,161.3,0.09,175.51,0.1,162.0,0.91,170.51,0.9,162.0,0.92,47.62,0.93,142.3,0.01,0.01,2317.77777,1776205338000
1776205341.308,141.308,0.08,45.59,0.07,161.3,0.09,175.51,0.1,162.0,0.91,175.51,0.9,162.0,0.92,45.59,0.93,161.3,0.01,0.01,2317.750353,1776205340000
1776205341.66,141.66,0.08,79.59,0.07,167.3,0.09,0.78,0.1,136.0,0.91,175.51,0.9,162.0,0.92,45.59,0.93,161.3,0.01,0.01,2317.750353,1776205340000
1776205341.865,141.865,0.08,68.72,0.07,167.3,0.09,25.0,0.1,36.0,0.91,0.78,0.9,136.0,0.92,79.59,0.93,167.3,0.01,0.01,2317.750353,1776205340000
1776205342.573,142.573,0.08,92.72,0.07,148.3,0.1,25.0,0.11,55.0,0.91,25.0,0.9,36.0,0.92,68.72,0.93,167.3,0.02,0.01,2317.76215,1776205341000
1776205343.014,143.014,0.09,10.0,0.08,87.72,0.11,55.0,0.12,66.5,0.89,55.0,0.88,66.5,0.91,10.0,0.92,87.72,0.02,0.02,2317.770651,1776205342000
1776205344.147,144.147,0.09,10.0,0.08,87.72,0.11,55.0,0.12,66.5,0.89,55.0,0.88,66.5,0.91,10.0,0.92,87.72,0.02,0.02,2317.807675,1776205343000
1776205344.423,144.423,0.09,51.9,0.08,136.62,0.1,95.0,0.11,97.9,0.89,55.0,0.88,66.5,0.91,10.0,0.92,87.72,0.01,0.02,2317.807675,1776205343000
1776205346.023,146.023,0.09,46.9,0.08,136.62,0.1,88.75,0.11,97.9,0.9,88.75,0.89,97.9,0.91,46.9,0.92,136.62,0.01,0.01,2317.869933,1776205344000
1776205346.283,146.283,0.1,45.0,0.09,107.0,0.11,46.9,0.12,20.0,0.9,88.75,0.89,97.9,0.91,46.9,0.92,136.62,0.01,0.01,2317.869933,1776205344000
1776205346.557,146.557,0.1,48.0,0.09,107.0,0.11,26.17,0.12,20.0,0.89,26.17,0.88,20.0,0.9,48.0,0.91,107.0,0.01,0.01,2317.869933,1776205345000
1776205347.013,147.013,0.1,48.0,0.09,107.0,0.11,2.17,0.12,20.0,0.89,2.17,0.88,20.0,0.9,48.0,0.91,107.0,0.01,0.01,2317.908854,1776205346000
1776205347.353,147.353,0.14,7.83,0.13,20.0,0.15,122.99,0.16,46.5,0.89,2.17,0.88,20.0,0.9,48.0,0.91,107.0,0.01,0.01,2317.908854,1776205346000
1776205347.684,147.684,0.14,14.41,0.13,25.0,0.15,137.99,0.16,46.5,0.85,122.99,0.84,46.5,0.86,6.55,0.87,20.0,0.01,0.01,2317.908854,1776205346000
1776205347.95,147.95,0.14,13.13,0.13,25.0,0.15,137.99,0.16,46.5,0.85,137.99,0.84,46.5,0.86,13.13,0.87,25.0,0.01,0.01,2317.924237,1776205347000
1776205348.226,148.226,0.14,5.0,0.13,6.9,0.15,147.99,0.16,51.5,0.85,157.99,0.84,51.5,0.87,6.9,0.88,20.0,0.01,0.02,2317.924237,1776205347000
1776205348.633,148.633,0.14,5.0,0.13,6.9,0.15,147.99,0.16,51.5,0.85,147.99,0.84,51.5,0.86,5.0,0.87,6.9,0.01,0.01,2317.924237,1776205347000
1776205348.955,148.955,0.14,5.0,0.13,6.9,0.15,147.99,0.16,51.5,0.85,147.99,0.84,51.5,0.86,5.0,0.87,6.9,0.01,0.01,2318.327502,1776205348000
1776205349.166,149.166,0.14,26.0,0.13,6.9,0.15,108.35,0.16,36.0,0.85,117.99,0.84,36.0,0.86,26.0,0.87,6.9,0.01,0.01,2318.327502,1776205348000
1776205349.412,149.412,0.14,38.0,0.13,12.9,0.16,36.0,0.17,16.02,0.85,108.35,0.84,36.0,0.86,26.0,0.87,6.9,0.02,0.01,2318.327502,1776205348000
1776205349.794,149.794,0.15,3.7,0.14,5.0,0.16,46.5,0.17,26.52,0.84,36.0,0.83,16.02,0.86,38.0,0.87,12.9,0.01,0.02,2318.327502,1776205348000
1776205350.033,150.033,0.13,52.8,0.12,82.1,0.15,10.0,0.16,36.0,0.84,46.5,0.83,26.52,0.85,1.7,0.86,5.0,0.02,0.01,2318.587082,1776205349000
1776205350.339,150.339,0.13,42.73,0.12,72.1,0.14,135.28,0.15,10.0,0.85,10.0,0.84,36.0,0.87,52.8,0.88,82.1,0.01,0.02,2318.587082,1776205349000
1776205350.731,150.731,0.13,48.35,0.12,82.1,0.14,156.94,0.15,10.0,0.86,135.28,0.85,10.0,0.87,36.46,0.88,72.1,0.01,0.01,2318.587082,1776205349000
1776205350.937,150.937,0.13,15.43,0.12,82.1,0.14,161.94,0.15,10.0,0.86,156.94,0.85,10.0,0.87,29.1,0.88,82.1,0.01,0.01,2318.683037,1776205350000
1776205351.37,151.37,0.13,0.44,0.12,64.1,0.14,161.94,0.15,10.0,0.86,161.94,0.85,10.0,0.87,18.58,0.88,82.1,0.01,0.01,2318.683037,1776205350000
1776205351.634,151.634,0.12,113.21,0.11,116.79,0.13,10.0,0.14,155.86,0.86,160.86,0.85,20.5,0.88,63.39,0.89,116.79,0.01,0.02,2318.683037,1776205350000
1776205351.843,151.843,0.12,113.21,0.11,116.79,0.13,10.0,0.14,155.86,0.87,10.0,0.86,155.86,0.88,113.21,0.89,116.79,0.01,0.01,2318.672137,1776205351000
1776205352.057,152.057,0.12,99.21,0.11,131.79,0.13,5.0,0.14,155.86,0.87,10.0,0.86,155.86,0.88,113.21,0.89,116.79,0.01,0.01,2318.672137,1776205351000
1776205352.538,152.538,0.12,31.0,0.11,82.79,0.13,5.0,0.14,166.36,0.87,5.0,0.86,155.86,0.88,99.21,0.89,131.79,0.01,0.01,2318.672137,1776205351000
1776205353.068,153.068,0.12,49.41,0.11,75.97,0.13,36.66,0.14,145.78,0.87,5.0,0.86,166.36,0.88,31.0,0.89,82.79,0.01,0.01,2318.672137,1776205351000
1776205353.332,153.332,0.12,51.79,0.11,85.97,0.13,23.66,0.14,140.28,0.87,28.66,0.86,140.28,0.88,49.41,0.89,85.97,0.01,0.01,2318.664293,1776205352000
1776205354.223,154.223,0.12,51.79,0.11,85.97,0.13,23.66,0.14,140.28,0.87,23.66,0.86,140.28,0.88,51.79,0.89,85.97,0.01,0.01,2318.647597,1776205353000
1776205354.47,154.47,0.13,12.76,0.12,114.51,0.14,7.0,0.15,15.0,0.86,10.0,0.85,15.0,0.88,130.51,0.89,115.97,0.01,0.02,2318.647597,1776205353000
1776205355.185,155.185,0.13,12.76,0.12,114.51,0.14,7.0,0.15,15.0,0.86,7.0,0.85,15.0,0.87,12.76,0.88,114.51,0.01,0.01,2318.614871,1776205354000
1776205355.688,155.688,0.13,59.56,0.12,97.51,0.14,3.23,0.15,15.0,0.86,2.0,0.85,15.0,0.87,54.56,0.88,97.51,0.01,0.01,2318.614871,1776205354000
1776205356.197,156.197,0.13,58.41,0.12,87.51,0.14,13.23,0.15,15.0,0.86,13.23,0.85,15.0,0.87,58.41,0.88,87.51,0.01,0.01,2318.635498,1776205355000
1776205356.552,156.552,0.15,153.73,0.14,65.11,0.16,3.0,0.17,25.0,0.86,13.23,0.85,15.0,0.87,58.41,0.88,87.51,0.01,0.01,2318.635498,1776205355000
1776205357.126,157.126,0.15,148.73,0.14,65.11,0.17,13.0,0.18,35.0,0.83,13.0,0.82,35.0,0.85,148.73,0.86,65.11,0.02,0.02,2318.659972,1776205356000
1776205357.547,157.547,0.16,98.31,0.15,120.73,0.17,51.77,0.18,45.5,0.83,13.0,0.82,35.0,0.85,148.73,0.86,65.11,0.01,0.02,2318.659972,1776205356000
1776205357.875,157.875,0.16,81.08,0.15,105.73,0.17,56.77,0.18,45.5,0.83,51.77,0.82,45.5,0.84,98.31,0.85,120.73,0.01,0.01,2318.659972,1776205356000
1776205358.403,158.403,0.16,63.21,0.15,105.73,0.17,66.77,0.18,45.5,0.83,51.77,0.82,45.5,0.84,75.12,0.85,105.73,0.01,0.01,2318.659972,1776205356000
1776205358.733,158.733,0.16,63.21,0.15,105.73,0.17,66.77,0.18,45.5,0.83,66.77,0.82,45.5,0.84,63.21,0.85,105.73,0.01,0.01,2318.820534,1776205357000
1776205359.433,159.433,0.16,51.3,0.15,105.73,0.17,61.77,0.18,45.5,0.83,61.77,0.82,45.5,0.84,51.3,0.85,105.73,0.01,0.01,2318.961636,1776205358000
1776205360.027,160.027,0.16,51.3,0.15,105.73,0.17,61.77,0.18,45.5,0.83,61.77,0.82,45.5,0.84,51.3,0.85,105.73,0.01,0.01,2318.988369,1776205359000
1776205361.491,161.491,0.16,51.3,0.15,105.73,0.17,61.77,0.18,45.5,0.83,61.77,0.82,45.5,0.84,51.3,0.85,105.73,0.01,0.01,2319.081585,1776205360000
1776205361.915,161.915,0.16,39.11,0.15,105.73,0.17,67.27,0.18,45.5,0.83,61.77,0.82,45.5,0.84,51.3,0.85,105.73,0.01,0.01,2319.081585,1776205360000
1776205362.172,162.172,0.16,39.11,0.15,105.73,0.17,67.27,0.18,45.5,0.83,67.27,0.82,45.5,0.84,39.11,0.85,105.73,0.01,0.01,2319.085942,1776205361000
1776205362.569,162.569,0.15,49.67,0.14,25.21,0.16,34.62,0.17,22.5,0.84,39.62,0.83,22.5,0.85,48.0,0.86,24.0,0.01,0.01,2319.085942,1776205361000
1776205363.54,163.54,0.15,57.84,0.14,25.21,0.16,34.62,0.17,22.5,0.84,34.62,0.83,22.5,0.85,49.67,0.86,25.21,0.01,0.01,2319.085942,1776205361000
1776205364.13,164.13,0.13,70.13,0.12,249.6,0.16,3.75,0.17,22.5,0.84,34.62,0.83,22.5,0.85,57.84,0.86,25.21,0.03,0.01,2319.091687,1776205362000
1776205365.259,165.259,0.13,296.74,0.12,64.0,0.15,15.0,0.16,64.94,0.84,3.75,0.83,22.5,0.87,70.13,0.88,249.6,0.02,0.03,2318.983879,1776205363000
1776205366.12,166.12,0.13,296.74,0.12,64.0,0.15,15.0,0.16,64.94,0.85,15.0,0.84,64.94,0.87,296.74,0.88,64.0,0.02,0.02,2318.969703,1776205365000
1776205367.25,167.25,0.13,296.74,0.12,64.0,0.15,15.0,0.16,64.94,0.85,15.0,0.84,64.94,0.87,296.74,0.88,64.0,0.02,0.02,2319.017004,1776205366000
1776205367.511,167.511,0.17,63.77,0.16,34.0,0.19,25.78,0.2,35.0,0.82,5.0,0.81,31.5,0.83,45.77,0.84,34.0,0.02,0.01,2319.017004,1776205366000
1776205368.545,168.545,0.17,63.77,0.16,34.0,0.19,25.78,0.2,35.0,0.81,25.78,0.8,35.0,0.83,63.77,0.84,34.0,0.02,0.02,2319.033864,1776205367000
1776205368.787,168.787,0.18,239.0,0.17,61.0,0.19,2.28,0.2,20.0,0.81,25.78,0.8,35.0,0.83,63.77,0.84,34.0,0.01,0.02,2319.033864,1776205367000
1776205369.259,169.259,0.18,269.38,0.17,74.0,0.19,2.28,0.21,83.39,0.81,2.28,0.8,20.0,0.82,239.0,0.83,61.0,0.01,0.01,2319.033864,1776205367000
1776205369.796,169.796,0.2,13.72,0.18,269.38,0.21,93.89,0.22,40.5,0.81,2.28,0.79,83.39,0.82,269.38,0.83,74.0,0.01,0.01,2319.2534,1776205368000
1776205370.06,170.06,0.2,13.72,0.18,269.38,0.21,93.89,0.22,40.5,0.79,93.89,0.78,40.5,0.8,13.72,0.82,269.38,0.01,0.01,2319.208035,1776205369000
1776205371.504,171.504,0.2,13.72,0.18,269.38,0.21,93.89,0.22,40.5,0.79,93.89,0.78,40.5,0.8,13.72,0.82,269.38,0.01,0.01,2319.38985,1776205370000
1776205372.144,172.144,0.2,13.72,0.18,269.38,0.21,93.89,0.22,40.5,0.79,93.89,0.78,40.5,0.8,13.72,0.82,269.38,0.01,0.01,2319.43666,1776205371000
1776205372.725,172.725,0.15,10.0,0.14,40.0,0.18,7.0,0.19,306.5,0.79,93.89,0.78,40.5,0.8,13.72,0.82,269.38,0.03,0.01,2319.43666,1776205371000
1776205373.281,173.281,0.14,35.0,0.13,10.98,0.15,65.0,0.16,328.5,0.84,50.5,0.83,30.5,0.85,2.32,0.86,40.0,0.01,0.01,2319.43666,1776205371000
1776205374.123,174.123,0.14,35.0,0.13,10.98,0.15,65.0,0.16,328.5,0.85,65.0,0.84,328.5,0.86,35.0,0.87,10.98,0.01,0.01,2319.398275,1776205373000
1776205375.95,175.95,0.14,8.09,0.13,10.0,0.15,394.58,0.16,59.5,0.85,65.0,0.84,328.5,0.86,35.0,0.87,10.98,0.01,0.01,2319.398275,1776205373000
1776205377.386,177.386,0.11,25.61,0.1,250.0,0.12,107.91,0.13,25.5,0.88,15.91,0.85,389.58,0.89,25.0,0.9,128.0,0.01,0.01,2319.398275,1776205373000
1776205377.746,177.746,0.11,24.04,0.1,250.0,0.12,107.91,0.13,25.5,0.88,107.91,0.87,25.5,0.89,24.04,0.9,250.0,0.01,0.01,2318.923259,1776205376000
1776205378.218,178.218,0.11,24.04,0.1,250.0,0.12,107.91,0.13,25.5,0.88,107.91,0.87,25.5,0.89,24.04,0.9,250.0,0.01,0.01,2318.729615,1776205377000
1776205378.525,178.525,0.11,1.72,0.1,250.0,0.12,118.41,0.13,25.5,0.88,107.91,0.87,25.5,0.89,24.04,0.9,250.0,0.01,0.01,2318.729615,1776205377000
1776205379.184,179.184,0.11,1.72,0.1,250.0,0.12,118.41,0.13,25.5,0.88,118.41,0.87,25.5,0.89,1.72,0.9,250.0,0.01,0.01,2318.63388,1776205378000
1776205380.175,180.175,0.11,1.72,0.1,250.0,0.12,118.41,0.13,25.5,0.88,118.41,0.87,25.5,0.89,1.72,0.9,250.0,0.01,0.01,2318.632576,1776205379000
1776205381.268,181.268,0.11,1.72,0.1,250.0,0.12,118.41,0.13,25.5,0.88,118.41,0.87,25.5,0.89,1.72,0.9,250.0,0.01,0.01,2318.65021,1776205380000
1776205382.181,182.181,0.11,1.72,0.1,250.0,0.12,118.41,0.13,25.5,0.88,118.41,0.87,25.5,0.89,1.72,0.9,250.0,0.01,0.01,2318.701668,1776205381000
1776205383.321,183.321,0.11,1.72,0.1,250.0,0.12,118.41,0.13,25.5,0.88,118.41,0.87,25.5,0.89,1.72,0.9,250.0,0.01,0.01,2318.710793,1776205382000
1776205384.26,184.26,0.11,31.8,0.1,5.0,0.12,36.0,0.13,25.5,0.88,36.0,0.87,25.5,0.89,31.8,0.9,5.0,0.01,0.01,2318.710427,1776205383000
1776205385.208,185.208,0.11,31.8,0.1,5.0,0.12,36.0,0.13,25.5,0.88,36.0,0.87,25.5,0.89,31.8,0.9,5.0,0.01,0.01,2318.719005,1776205384000
1776205386.147,186.147,0.11,31.8,0.1,5.0,0.12,36.0,0.13,25.5,0.88,36.0,0.87,25.5,0.89,31.8,0.9,5.0,0.01,0.01,2318.711148,1776205385000
1776205386.913,186.913,0.1,41.98,0.09,185.0,0.11,40.0,0.12,35.5,0.88,36.0,0.87,25.5,0.89,31.8,0.9,5.0,0.01,0.01,2318.711148,1776205385000
1776205387.174,187.174,0.1,41.98,0.09,185.0,0.11,40.0,0.12,35.5,0.89,40.0,0.88,35.5,0.9,41.98,0.91,185.0,0.01,0.01,2318.766508,1776205386000
1776205387.672,187.672,0.08,114.41,0.07,25.0,0.1,153.5,0.11,107.5,0.89,40.0,0.88,35.5,0.9,41.98,0.91,185.0,0.02,0.01,2318.766508,1776205386000
1776205387.929,187.929,0.08,26.97,0.07,25.0,0.09,75.5,0.1,30.5,0.9,153.5,0.89,107.5,0.92,114.41,0.93,25.0,0.01,0.02,2318.766508,1776205386000
1776205388.842,188.842,0.07,87.33,0.06,435.0,0.08,10.0,0.09,39.88,0.91,50.38,0.9,77.86,0.92,12.15,0.93,25.0,0.01,0.01,2318.709038,1776205387000
1776205389.101,189.101,0.07,87.33,0.06,435.0,0.08,10.0,0.09,39.88,0.92,10.0,0.91,39.88,0.93,87.33,0.94,435.0,0.01,0.01,2318.68825,1776205388000
1776205389.321,189.321,0.1,168.88,0.09,46.0,0.11,4.9,0.12,15.0,0.89,4.9,0.88,15.0,0.9,113.0,0.91,231.0,0.01,0.01,2318.68825,1776205388000
1776205389.855,189.855,0.12,215.0,0.11,135.0,0.14,4.73,0.15,98.23,0.87,47.67,0.86,143.73,0.9,168.88,0.91,46.0,0.02,0.03,2318.68825,1776205388000
1776205390.353,190.353,0.13,391.55,0.12,53.95,0.14,26.46,0.15,103.23,0.86,4.73,0.85,98.23,0.88,215.0,0.89,135.0,0.01,0.02,2318.68825,1776205388000
1776205390.739,190.739,0.13,391.55,0.12,53.95,0.14,26.46,0.15,103.23,0.86,26.46,0.85,103.23,0.87,391.55,0.88,53.95,0.01,0.01,2318.359585,1776205389000
1776205390.989,190.989,0.14,10.0,0.13,436.55,0.15,67.23,0.16,119.52,0.86,7.0,0.85,88.23,0.87,406.55,0.88,53.95,0.01,0.01,2318.359585,1776205389000
1776205391.268,191.268,0.14,10.0,0.13,436.55,0.15,67.23,0.16,119.52,0.85,67.23,0.84,119.52,0.86,10.0,0.87,436.55,0.01,0.01,2318.942699,1776205390000
1776205391.545,191.545,0.14,391.82,0.13,20.0,0.15,72.23,0.16,119.52,0.85,67.23,0.84,119.52,0.86,10.0,0.87,436.55,0.01,0.01,2318.942699,1776205390000
1776205391.922,191.922,0.14,386.76,0.13,20.0,0.15,72.23,0.16,119.52,0.85,72.23,0.84,119.52,0.86,391.82,0.87,20.0,0.01,0.01,2318.942699,1776205390000
1776205392.471,192.471,0.14,386.76,0.13,20.0,0.15,72.23,0.16,119.52,0.85,72.23,0.84,119.52,0.86,386.76,0.87,20.0,0.01,0.01,2319.301347,1776205391000
1776205393.104,193.104,0.14,332.26,0.13,40.5,0.16,134.52,0.17,55.0,0.85,60.56,0.84,124.52,0.86,411.76,0.87,30.0,0.02,0.01,2319.301347,1776205391000
1776205393.309,193.309,0.14,332.26,0.13,40.5,0.16,134.52,0.17,55.0,0.84,134.52,0.83,55.0,0.86,332.26,0.87,40.5,0.02,0.02,2319.387784,1776205392000
1776205394.307,194.307,0.14,335.94,0.13,72.3,0.15,31.0,0.16,155.52,0.84,134.52,0.83,55.0,0.86,332.26,0.87,40.5,0.01,0.02,2319.387784,1776205392000
1776205394.645,194.645,0.14,335.94,0.13,72.3,0.15,31.0,0.16,155.52,0.85,31.0,0.84,155.52,0.86,335.94,0.87,72.3,0.01,0.01,2319.460315,1776205393000
1776205395.083,195.083,0.15,161.95,0.14,90.4,0.16,100.52,0.17,45.0,0.85,31.0,0.84,155.52,0.86,335.94,0.87,72.3,0.01,0.01,2319.460315,1776205393000
1776205395.481,195.481,0.18,16.48,0.15,239.95,0.2,79.04,0.21,70.0,0.8,79.04,0.79,70.0,0.82,16.48,0.85,239.95,0.02,0.02,2319.470194,1776205394000
1776205396.165,196.165,0.18,16.48,0.15,239.95,0.2,79.04,0.21,70.0,0.8,79.04,0.79,70.0,0.82,16.48,0.85,239.95,0.02,0.02,2319.466208,1776205395000
1776205396.455,196.455,0.19,404.76,0.18,86.48,0.2,60.0,0.21,70.0,0.8,79.04,0.79,70.0,0.82,16.48,0.85,239.95,0.01,0.02,2319.466208,1776205395000
1776205396.957,196.957,0.19,459.71,0.18,141.98,0.2,0.1,0.21,70.0,0.8,60.0,0.79,70.0,0.81,404.76,0.82,86.48,0.01,0.01,2319.466208,1776205395000
1776205397.292,197.292,0.2,60.0,0.19,220.95,0.22,11.36,0.23,50.0,0.78,25.0,0.77,50.0,0.81,459.71,0.82,141.98,0.02,0.03,2319.466208,1776205395000
1776205397.876,197.876,0.21,205.0,0.2,15.0,0.22,2.36,0.23,40.0,0.78,11.36,0.77,50.0,0.8,60.0,0.81,220.95,0.01,0.02,2319.716871,1776205396000
1776205398.139,198.139,0.21,205.0,0.2,15.0,0.22,2.36,0.23,40.0,0.78,2.36,0.77,40.0,0.79,205.0,0.8,15.0,0.01,0.01,2319.716871,1776205397000
1776205398.619,198.619,0.21,222.0,0.2,5.0,0.22,22.86,0.23,50.5,0.78,2.36,0.77,40.0,0.79,205.0,0.8,15.0,0.01,0.01,2319.716871,1776205397000
1776205398.849,198.849,0.21,31.0,0.2,185.0,0.22,7.36,0.23,55.5,0.78,22.86,0.77,50.5,0.79,206.0,0.81,64.4,0.01,0.01,2319.716871,1776205397000
1776205399.487,199.487,0.23,255.0,0.22,20.0,0.24,6.14,0.25,55.64,0.78,7.36,0.77,55.5,0.79,31.0,0.8,185.0,0.01,0.01,2319.716871,1776205397000
1776205400.153,200.153,0.23,375.0,0.22,20.0,0.24,1.14,0.25,55.64,0.76,1.14,0.75,55.64,0.77,375.0,0.78,20.0,0.01,0.01,2319.843879,1776205399000
1776205400.702,200.702,0.24,400.0,0.23,55.5,0.26,6.88,0.27,25.0,0.75,5.64,0.73,45.0,0.76,145.0,0.77,235.0,0.02,0.01,2319.843879,1776205399000
1776205401.368,201.368,0.23,30.3,0.21,25.0,0.25,11.84,0.26,119.5,0.74,6.88,0.73,25.0,0.76,400.0,0.77,55.5,0.02,0.02,2319.843879,1776205399000
1776205401.636,201.636,0.23,30.3,0.21,25.0,0.25,11.84,0.26,119.5,0.75,11.84,0.74,119.5,0.77,30.3,0.79,25.0,0.02,0.02,2319.972148,1776205400000
1776205401.838,201.838,0.2,55.0,0.19,20.0,0.21,10.77,0.22,35.0,0.79,5.0,0.78,30.0,0.8,90.0,0.81,20.0,0.01,0.01,2319.972148,1776205400000
1776205402.113,202.113,0.2,68.0,0.19,20.0,0.26,184.81,0.27,15.0,0.79,10.77,0.78,30.0,0.8,10.0,0.81,25.0,0.06,0.01,2319.972148,1776205400000
1776205402.318,202.318,0.23,50.66,0.2,15.05,0.24,20.5,0.25,20.5,0.76,10.5,0.75,20.5,0.77,8.66,0.8,68.0,0.01,0.01,2320.200901,1776205401000
1776205402.864,202.864,0.23,20.04,0.22,5.0,0.24,30.5,0.25,26.76,0.76,20.5,0.75,20.5,0.77,16.36,0.8,25.05,0.01,0.01,2320.200901,1776205401000
1776205403.07,203.07,0.22,5.0,0.19,40.0,0.24,48.5,0.25,26.76,0.76,30.5,0.75,26.76,0.77,20.04,0.78,5.0,0.02,0.01,2320.19766,1776205402000
1776205404.013,204.013,0.18,15.61,0.17,55.94,0.19,19.5,0.2,20.5,0.8,10.0,0.79,20.5,0.81,20.0,0.82,124.4,0.01,0.01,2320.19766,1776205402000
1776205404.358,204.358,0.18,15.61,0.17,55.94,0.19,13.71,0.2,20.5,0.81,13.71,0.8,20.5,0.82,15.61,0.83,55.94,0.01,0.01,2319.874133,1776205403000
1776205405.211,205.211,0.18,6.14,0.17,5.94,0.19,194.61,0.2,20.5,0.81,194.61,0.8,20.5,0.82,6.14,0.83,5.94,0.01,0.01,2319.855768,1776205404000
1776205405.662,205.662,0.2,26.75,0.19,10.0,0.21,20.5,0.22,20.5,0.79,20.5,0.78,20.5,0.8,9.83,0.82,80.78,0.01,0.01,2319.855768,1776205404000
1776205406.382,206.382,0.2,4.84,0.19,10.0,0.21,22.5,0.22,20.5,0.79,22.5,0.78,20.5,0.8,4.84,0.81,10.0,0.01,0.01,2319.623167,1776205405000
1776205406.677,206.677,0.2,18.07,0.19,15.31,0.21,27.5,0.22,20.5,0.79,22.5,0.78,20.5,0.8,4.84,0.81,10.0,0.01,0.01,2319.623167,1776205405000
1776205407.355,207.355,0.2,21.13,0.19,15.31,0.21,27.5,0.22,20.5,0.79,27.5,0.78,20.5,0.8,21.13,0.81,15.31,0.01,0.01,2319.626182,1776205406000
1776205408.875,208.875,0.2,54.89,0.19,5.31,0.21,25.5,0.22,30.5,0.79,27.5,0.78,20.5,0.8,21.13,0.81,15.31,0.01,0.01,2319.626182,1776205406000
1776205410.242,210.242,0.2,54.89,0.19,5.31,0.21,25.5,0.22,30.5,0.79,25.5,0.78,30.5,0.8,54.89,0.81,5.31,0.01,0.01,2319.749841,1776205407000
1776205410.552,210.552,0.19,92.4,0.18,45.0,0.21,25.5,0.22,35.5,0.79,25.5,0.78,30.5,0.8,54.89,0.81,5.31,0.02,0.01,2319.749841,1776205407000
1776205411.049,211.049,0.19,92.4,0.18,45.0,0.21,25.5,0.22,35.5,0.79,25.5,0.78,35.5,0.81,92.4,0.82,45.0,0.02,0.02,2319.771043,1776205409000
1776205412.223,212.223,0.19,92.4,0.18,45.0,0.21,25.5,0.22,35.5,0.79,25.5,0.78,35.5,0.81,92.4,0.82,45.0,0.02,0.02,2319.772065,1776205410000
1776205412.93,212.93,0.2,15.05,0.19,127.71,0.21,0.77,0.22,10.0,0.79,5.77,0.78,20.0,0.8,16.25,0.81,122.71,0.01,0.01,2319.772065,1776205410000
1776205413.898,213.898,0.2,15.05,0.19,127.71,0.21,0.77,0.22,10.0,0.79,0.77,0.78,10.0,0.8,15.05,0.81,127.71,0.01,0.01,2319.768795,1776205412000
1776205414.42,214.42,0.2,10.05,0.19,127.71,0.21,10.0,0.22,10.0,0.79,0.77,0.78,10.0,0.8,15.05,0.81,127.71,0.01,0.01,2319.768795,1776205412000
1776205414.622,214.622,0.2,10.05,0.19,127.71,0.21,10.0,0.22,10.0,0.79,10.0,0.78,10.0,0.8,10.05,0.81,127.71,0.01,0.01,2319.839015,1776205413000
1776205415.45,215.45,0.2,10.05,0.19,127.71,0.21,10.0,0.22,10.0,0.79,10.0,0.78,10.0,0.8,10.05,0.81,127.71,0.01,0.01,2319.859111,1776205414000
1776205415.995,215.995,0.22,18.71,0.21,5.0,0.23,20.0,0.24,45.5,0.77,15.0,0.76,45.5,0.78,5.0,0.79,10.0,0.01,0.01,2319.859111,1776205414000
1776205416.308,216.308,0.22,23.71,0.2,10.0,0.23,24.39,0.24,50.5,0.77,9.38,0.76,45.5,0.78,18.71,0.79,5.0,0.01,0.01,2319.858232,1776205415000
1776205417.638,217.638,0.22,23.71,0.2,10.0,0.23,24.39,0.24,50.5,0.77,24.39,0.76,50.5,0.78,23.71,0.8,10.0,0.01,0.01,2319.889255,1776205416000
1776205418.372,218.372,0.22,23.71,0.2,10.0,0.23,24.39,0.24,50.5,0.77,24.39,0.76,50.5,0.78,23.71,0.8,10.0,0.01,0.01,2320.013935,1776205417000
1776205418.663,218.663,0.19,4.0,0.18,106.26,0.2,10.0,0.21,5.0,0.77,24.39,0.76,50.5,0.78,23.71,0.8,10.0,0.01,0.01,2320.013935,1776205417000
1776205419.299,219.299,0.19,24.0,0.18,100.01,0.2,2.0,0.22,15.0,0.8,2.0,0.78,15.0,0.81,24.0,0.82,100.01,0.01,0.01,2319.998294,1776205418000
1776205420.195,220.195,0.19,24.0,0.18,100.01,0.2,2.0,0.22,15.0,0.8,2.0,0.78,15.0,0.81,24.0,0.82,100.01,0.01,0.01,2319.881624,1776205419000
1776205420.43,220.43,0.19,23.24,0.18,110.51,0.22,11.0,0.23,20.02,0.8,5.5,0.79,10.0,0.81,33.24,0.82,120.51,0.03,0.01,2319.881624,1776205419000
1776205421.058,221.058,0.19,17.24,0.18,110.51,0.21,35.0,0.22,11.0,0.78,11.0,0.77,20.02,0.81,23.24,0.82,110.51,0.02,0.03,2319.881624,1776205419000
1776205421.292,221.292,0.2,6.0,0.19,17.24,0.21,30.0,0.22,11.0,0.79,35.0,0.78,11.0,0.81,17.24,0.82,110.51,0.01,0.02,2319.881624,1776205419000
1776205421.514,221.514,0.2,6.0,0.19,17.24,0.21,15.0,0.22,6.0,0.79,30.0,0.78,11.0,0.8,6.0,0.81,17.24,0.01,0.01,2319.881624,1776205419000
1776205421.73,221.73,0.2,6.0,0.19,17.24,0.21,25.0,0.22,11.0,0.79,15.0,0.78,6.0,0.8,6.0,0.81,17.24,0.01,0.01,2319.881624,1776205419000
1776205422.464,222.464,0.2,11.0,0.19,23.24,0.21,25.0,0.22,11.0,0.79,25.0,0.78,11.0,0.8,6.0,0.81,17.24,0.01,0.01,2320.160259,1776205420000
1776205422.694,222.694,0.2,11.0,0.19,23.24,0.23,15.37,0.24,45.5,0.77,15.37,0.76,45.5,0.8,11.0,0.81,23.24,0.03,0.03,2320.110944,1776205421000
1776205423.541,223.541,0.2,11.0,0.19,23.24,0.23,15.37,0.24,45.5,0.77,15.37,0.76,45.5,0.8,11.0,0.81,23.24,0.03,0.03,2320.043115,1776205422000
1776205424.46,224.46,0.2,11.0,0.19,23.24,0.23,15.37,0.24,45.5,0.77,15.37,0.76,45.5,0.8,11.0,0.81,23.24,0.03,0.03,2320.08547,1776205423000
1776205425.269,225.269,0.2,11.0,0.19,23.24,0.23,15.37,0.24,45.5,0.77,15.37,0.76,45.5,0.8,11.0,0.81,23.24,0.03,0.03,2320.163419,1776205424000
1776205426.395,226.395,0.21,20.5,0.2,60.5,0.24,40.0,0.25,15.0,0.77,15.37,0.76,45.5,0.8,11.0,0.81,23.24,0.03,0.03,2320.163419,1776205424000
1776205426.656,226.656,0.22,33.68,0.21,30.5,0.23,1.0,0.24,20.0,0.77,10.0,0.76,15.0,0.78,23.68,0.79,30.5,0.01,0.01,2320.163419,1776205424000
1776205426.875,226.875,0.22,43.68,0.21,30.5,0.24,15.75,0.25,30.5,0.77,1.0,0.76,20.0,0.78,33.68,0.79,30.5,0.02,0.01,2320.03929,1776205425000
1776205427.344,227.344,0.23,10.0,0.22,33.68,0.24,11.54,0.25,30.5,0.76,15.75,0.75,30.5,0.78,43.68,0.79,30.5,0.01,0.02,2320.03929,1776205425000
1776205428.122,228.122,0.23,8.02,0.22,33.68,0.24,11.54,0.25,30.5,0.76,11.54,0.75,30.5,0.77,8.02,0.78,33.68,0.01,0.01,2320.041115,1776205427000
1776205429.763,229.763,0.23,8.02,0.22,33.68,0.24,11.54,0.25,30.5,0.76,11.54,0.75,30.5,0.77,8.02,0.78,33.68,0.01,0.01,2320.180757,1776205428000
1776205430.59,230.59,0.23,8.02,0.22,33.68,0.24,11.54,0.25,30.5,0.76,11.54,0.75,30.5,0.77,8.02,0.78,33.68,0.01,0.01,2320.193781,1776205429000
1776205431.373,231.373,0.18,105.01,0.17,76.0,0.19,26.73,0.2,48.08,0.76,11.54,0.75,30.5,0.77,8.02,0.78,33.68,0.01,0.01,2320.193781,1776205429000
1776205431.77,231.77,0.18,105.01,0.17,76.0,0.19,26.73,0.2,48.08,0.81,26.73,0.8,48.08,0.82,105.01,0.83,76.0,0.01,0.01,2320.06939,1776205430000
1776205432.195,232.195,0.18,115.01,0.17,76.0,0.19,21.46,0.2,48.08,0.81,26.73,0.8,48.08,0.82,105.01,0.83,76.0,0.01,0.01,2320.06939,1776205430000
1776205433.135,233.135,0.18,115.01,0.17,76.0,0.19,21.46,0.2,48.08,0.81,21.46,0.8,48.08,0.82,115.01,0.83,76.0,0.01,0.01,2320.012542,1776205432000
1776205434.215,234.215,0.18,115.01,0.17,76.0,0.19,21.46,0.2,48.08,0.81,21.46,0.8,48.08,0.82,115.01,0.83,76.0,0.01,0.01,2320.016597,1776205433000
1776205435.033,235.033,0.16,211.8,0.15,320.0,0.19,143.96,0.2,63.08,0.81,21.46,0.8,48.08,0.82,115.01,0.83,76.0,0.03,0.01,2320.016597,1776205433000
1776205435.449,235.449,0.15,320.0,0.14,120.0,0.16,45.91,0.17,25.0,0.83,15.0,0.82,36.0,0.84,4.09,0.85,320.0,0.01,0.01,2320.016597,1776205433000
1776205435.956,235.956,0.15,116.73,0.14,120.0,0.16,89.53,0.17,35.5,0.84,45.91,0.83,25.0,0.85,320.0,0.86,120.0,0.01,0.01,2320.017391,1776205434000
1776205436.226,236.226,0.15,116.73,0.14,120.0,0.16,89.53,0.17,35.5,0.84,89.53,0.83,35.5,0.85,116.73,0.86,120.0,0.01,0.01,2320.017992,1776205435000
1776205436.837,236.837,0.15,8.82,0.14,120.0,0.16,113.53,0.17,71.88,0.84,89.53,0.83,35.5,0.85,116.73,0.86,120.0,0.01,0.01,2320.017992,1776205435000
1776205437.568,237.568,0.15,3.77,0.14,120.0,0.16,113.53,0.17,71.88,0.84,113.53,0.83,71.88,0.85,3.77,0.86,120.0,0.01,0.01,2319.781074,1776205436000
1776205438.162,238.162,0.15,3.77,0.14,120.0,0.16,113.53,0.17,71.88,0.84,113.53,0.83,71.88,0.85,3.77,0.86,120.0,0.01,0.01,2319.733045,1776205437000
1776205439.091,239.091,0.15,3.77,0.14,120.0,0.16,113.53,0.17,71.88,0.84,113.53,0.83,71.88,0.85,3.77,0.86,120.0,0.01,0.01,2319.664124,1776205438000
1776205439.598,239.598,0.11,75.0,0.1,50.0,0.13,65.5,0.14,239.5,0.84,113.53,0.83,71.88,0.85,3.77,0.86,120.0,0.02,0.01,2319.664124,1776205438000
1776205440.295,240.295,0.11,75.0,0.1,50.0,0.13,65.5,0.14,239.5,0.87,65.5,0.86,239.5,0.89,75.0,0.9,50.0,0.02,0.02,2319.674475,1776205439000
1776205441.071,241.071,0.11,15.18,0.1,50.0,0.12,40.0,0.13,50.0,0.87,65.5,0.86,239.5,0.89,75.0,0.9,50.0,0.01,0.02,2319.674475,1776205439000
1776205441.358,241.358,0.08,126.08,0.07,78.29,0.09,15.0,0.1,20.0,0.88,45.0,0.87,50.0,0.89,8.05,0.92,98.9,0.01,0.01,2319.674475,1776205439000
1776205441.589,241.589,0.08,120.64,0.07,78.29,0.09,15.0,0.1,20.0,0.91,15.0,0.9,20.0,0.92,120.64,0.93,78.29,0.01,0.01,2319.656169,1776205440000
1776205441.862,241.862,0.08,120.64,0.07,102.29,0.11,55.45,0.12,25.0,0.91,15.0,0.9,20.0,0.92,120.64,0.93,78.29,0.03,0.01,2319.656169,1776205440000
1776205442.258,242.258,0.08,120.64,0.07,102.29,0.11,55.45,0.12,25.0,0.89,55.45,0.88,25.0,0.92,120.64,0.93,102.29,0.03,0.03,2319.646289,1776205441000
1776205442.56,242.56,0.08,150.46,0.07,87.29,0.09,10.0,0.1,10.0,0.89,55.45,0.88,25.0,0.92,120.64,0.93,102.29,0.01,0.03,2319.646289,1776205441000
1776205442.956,242.956,0.08,143.28,0.07,87.29,0.09,4.0,0.1,10.0,0.91,10.0,0.9,10.0,0.92,143.28,0.93,87.29,0.01,0.01,2319.646289,1776205441000
1776205443.535,243.535,0.08,143.28,0.07,87.29,0.09,2.63,0.1,10.0,0.91,2.63,0.9,10.0,0.92,143.28,0.93,87.29,0.01,0.01,2319.625103,1776205442000
1776205444.21,244.21,0.08,143.28,0.07,87.29,0.09,2.63,0.1,10.0,0.91,2.63,0.9,10.0,0.92,143.28,0.93,87.29,0.01,0.01,2319.605141,1776205443000
1776205445.469,245.469,0.08,143.28,0.07,87.29,0.09,2.63,0.1,10.0,0.91,2.63,0.9,10.0,0.92,143.28,0.93,87.29,0.01,0.01,2319.608746,1776205444000
1776205446.136,246.136,0.08,143.28,0.07,87.29,0.09,2.63,0.1,10.0,0.91,2.63,0.9,10.0,0.92,143.28,0.93,87.29,0.01,0.01,2319.608421,1776205445000
1776205446.842,246.842,0.08,52.0,0.07,66.41,0.1,7.63,0.11,81.45,0.91,2.63,0.9,10.0,0.92,75.9,0.93,66.41,0.02,0.01,2319.608421,1776205445000
1776205447.136,247.136,0.11,14.46,0.07,190.93,0.12,5.0,0.13,225.0,0.9,7.63,0.89,81.45,0.92,52.0,0.93,66.41,0.01,0.02,2319.608421,1776205445000
1776205447.384,247.384,0.11,20.33,0.1,10.0,0.12,10.0,0.13,30.0,0.88,5.0,0.87,225.0,0.89,14.46,0.93,190.93,0.01,0.01,2319.608421,1776205445000
1776205448.406,248.406,0.11,20.33,0.1,10.0,0.12,10.0,0.13,30.0,0.88,10.0,0.87,30.0,0.89,20.33,0.9,10.0,0.01,0.01,2319.607217,1776205447000
1776205448.612,248.612,0.11,6.28,0.1,39.99,0.12,15.0,0.13,35.0,0.88,10.0,0.87,30.0,0.89,20.33,0.9,10.0,0.01,0.01,2319.607217,1776205447000
1776205448.896,248.896,0.11,6.28,0.1,39.99,0.12,15.0,0.13,35.0,0.88,15.0,0.87,35.0,0.89,6.28,0.9,39.99,0.01,0.01,2319.634707,1776205448000
1776205449.951,249.951,0.11,6.28,0.1,39.99,0.12,15.0,0.13,35.0,0.88,15.0,0.87,35.0,0.89,6.28,0.9,39.99,0.01,0.01,2319.769264,1776205449000
1776205451.009,251.009,0.11,6.28,0.1,39.99,0.12,15.0,0.13,35.0,0.88,15.0,0.87,35.0,0.89,6.28,0.9,39.99,0.01,0.01,2319.880839,1776205450000
1776205452.023,252.023,0.1,10.43,0.09,121.99,0.11,15.0,0.12,15.0,0.88,15.0,0.87,35.0,0.89,6.28,0.9,39.99,0.01,0.01,2319.880839,1776205450000
1776205452.298,252.298,0.1,9.22,0.09,121.99,0.11,15.0,0.12,15.0,0.89,15.0,0.88,15.0,0.9,10.43,0.91,121.99,0.01,0.01,2319.901656,1776205451000
1776205453.391,253.391,0.1,9.22,0.09,121.99,0.11,15.0,0.12,15.0,0.89,15.0,0.88,15.0,0.9,9.22,0.91,121.99,0.01,0.01,2319.865619,1776205452000
1776205454.31,254.31,0.1,9.22,0.09,121.99,0.11,15.0,0.12,15.0,0.89,15.0,0.88,15.0,0.9,9.22,0.91,121.99,0.01,0.01,2319.850761,1776205453000
1776205455.168,255.168,0.09,24.02,0.08,101.89,0.1,10.0,0.11,15.0,0.89,15.0,0.88,15.0,0.9,9.22,0.91,121.99,0.01,0.01,2319.850761,1776205453000
1776205455.498,255.498,0.09,24.02,0.08,101.89,0.1,10.0,0.11,15.0,0.9,10.0,0.89,15.0,0.91,24.02,0.92,101.89,0.01,0.01,2319.851036,1776205454000
1776205456.009,256.009,0.09,21.82,0.08,88.89,0.1,20.0,0.11,15.0,0.9,20.0,0.89,15.0,0.91,21.82,0.92,88.89,0.01,0.01,2319.872646,1776205455000
1776205457.007,257.007,0.09,21.82,0.08,88.89,0.1,20.0,0.11,15.0,0.9,20.0,0.89,15.0,0.91,21.82,0.92,88.89,0.01,0.01,2319.853177,1776205456000
1776205457.238,257.238,0.07,3.11,0.06,542.8,0.08,10.0,0.09,38.05,0.9,20.0,0.89,15.0,0.91,21.82,0.92,88.89,0.01,0.01,2319.853177,1776205456000
1776205458.186,258.186,0.07,3.11,0.06,542.8,0.08,10.0,0.09,38.05,0.92,10.0,0.91,38.05,0.93,3.11,0.94,542.8,0.01,0.01,2319.854367,1776205457000
1776205458.443,258.443,0.05,167.81,0.04,216.0,0.06,25.0,0.07,25.0,0.92,10.0,0.91,38.05,0.93,3.11,0.94,542.8,0.01,0.01,2319.854367,1776205457000
1776205458.691,258.691,0.05,157.38,0.04,216.0,0.06,25.0,0.07,57.0,0.94,25.0,0.93,25.0,0.95,167.81,0.96,216.0,0.01,0.01,2319.854367,1776205457000
1776205459.203,259.203,0.05,157.38,0.04,216.0,0.06,25.0,0.07,57.0,0.94,25.0,0.93,57.0,0.95,157.38,0.96,216.0,0.01,0.01,2319.761876,1776205458000
1776205459.894,259.894,0.04,252.88,0.03,369.7,0.06,40.0,0.07,57.0,0.94,25.0,0.93,57.0,0.95,157.38,0.96,216.0,0.02,0.01,2319.761876,1776205458000
1776205460.215,260.215,0.04,252.88,0.03,369.7,0.06,18.33,0.07,57.0,0.94,18.33,0.93,57.0,0.96,252.88,0.97,369.7,0.02,0.02,2319.474987,1776205459000
1776205460.48,260.48,0.04,189.95,0.03,454.58,0.05,10.0,0.06,23.33,0.94,18.33,0.93,57.0,0.96,252.88,0.97,369.7,0.01,0.02,2319.474987,1776205459000
1776205461.25,261.25,0.04,189.95,0.03,454.58,0.05,10.0,0.06,23.33,0.95,10.0,0.94,23.33,0.96,189.95,0.97,454.58,0.01,0.01,2319.473659,1776205460000
1776205461.469,261.469,0.04,153.95,0.03,463.46,0.05,11.72,0.06,23.33,0.95,10.0,0.94,23.33,0.96,189.95,0.97,454.58,0.01,0.01,2319.473659,1776205460000
1776205462.037,262.037,0.04,153.95,0.03,410.58,0.06,8.33,0.07,10.0,0.95,11.72,0.94,23.33,0.96,153.95,0.97,463.46,0.02,0.01,2319.473659,1776205460000
1776205462.269,262.269,0.06,39.0,0.05,10.0,0.07,10.0,0.08,391.58,0.93,10.0,0.92,391.58,0.94,39.0,0.95,10.0,0.01,0.01,2319.470195,1776205461000
1776205462.687,262.687,0.06,32.0,0.05,30.0,0.07,15.0,0.08,244.0,0.93,10.0,0.92,391.58,0.94,39.0,0.95,10.0,0.01,0.01,2319.470195,1776205461000
1776205463.657,263.657,0.06,16.04,0.05,30.0,0.07,15.0,0.08,265.0,0.93,15.0,0.92,244.0,0.94,32.0,0.95,30.0,0.01,0.01,2319.470195,1776205461000
1776205463.956,263.956,0.06,16.04,0.05,30.0,0.07,15.0,0.08,265.0,0.93,15.0,0.92,265.0,0.94,16.04,0.95,30.0,0.01,0.01,2319.571718,1776205462000
1776205464.445,264.445,0.04,207.71,0.03,524.7,0.05,52.0,0.06,20.0,0.95,52.0,0.94,20.0,0.96,207.71,0.97,524.7,0.01,0.01,2319.578063,1776205463000
1776205464.679,264.679,0.04,128.95,0.03,246.0,0.05,266.0,0.06,52.0,0.95,52.0,0.94,20.0,0.96,207.71,0.97,524.7,0.01,0.01,2319.578063,1776205463000
1776205465.064,265.064,0.04,123.95,0.03,246.0,0.05,266.0,0.06,52.0,0.95,266.0,0.94,52.0,0.96,128.95,0.97,246.0,0.01,0.01,2319.578063,1776205463000
1776205465.696,265.696,0.04,121.65,0.03,246.0,0.05,271.0,0.06,52.0,0.95,271.0,0.94,52.0,0.96,122.8,0.97,246.0,0.01,0.01,2319.565373,1776205464000
1776205466.015,266.015,0.04,119.55,0.03,246.0,0.05,266.0,0.06,52.0,0.95,276.0,0.94,52.0,0.96,120.6,0.97,246.0,0.01,0.01,2319.565373,1776205464000
1776205466.302,266.302,0.04,119.55,0.03,246.0,0.05,266.0,0.06,52.0,0.95,266.0,0.94,52.0,0.96,119.55,0.97,246.0,0.01,0.01,2319.494026,1776205465000
1776205466.563,266.563,0.04,119.55,0.03,369.7,0.06,5.0,0.07,51.0,0.95,266.0,0.94,52.0,0.96,119.55,0.97,246.0,0.02,0.01,2319.494026,1776205465000
1776205467.214,267.214,0.05,4.78,0.04,19.55,0.06,54.8,0.07,286.3,0.94,5.0,0.93,51.0,0.96,119.55,0.97,369.7,0.01,0.02,2319.494026,1776205465000
1776205467.939,267.939,0.05,4.78,0.04,19.55,0.07,193.0,0.08,59.0,0.94,54.8,0.93,286.3,0.95,4.78,0.96,19.55,0.02,0.01,2319.429225,1776205466000
1776205468.402,268.402,0.05,4.78,0.04,19.55,0.07,193.0,0.08,59.0,0.93,193.0,0.92,59.0,0.95,4.78,0.96,19.55,0.02,0.02,2319.459707,1776205467000
1776205468.912,268.912,0.05,4.78,0.04,19.55,0.07,201.28,0.08,112.9,0.93,193.0,0.92,59.0,0.95,4.78,0.96,19.55,0.02,0.02,2319.459707,1776205467000
1776205469.571,269.571,0.04,18.46,0.03,384.58,0.07,201.28,0.08,256.9,0.93,201.28,0.92,112.9,0.95,4.78,0.96,19.55,0.03,0.02,2319.477601,1776205468000
1776205470.067,270.067,0.04,18.46,0.03,384.58,0.07,201.28,0.08,256.9,0.93,201.28,0.92,256.9,0.96,18.46,0.97,384.58,0.03,0.03,2319.568952,1776205469000
1776205471.193,271.193,0.04,3.4,0.03,375.58,0.07,206.28,0.08,256.9,0.93,206.28,0.92,256.9,0.96,3.4,0.97,375.58,0.03,0.03,2319.600935,1776205470000
1776205471.55,271.55,0.03,256.0,0.02,369.63,0.05,638.99,0.06,233.48,0.93,206.28,0.92,256.9,0.96,3.4,0.97,375.58,0.02,0.03,2319.600935,1776205470000
1776205471.956,271.956,0.03,210.66,0.02,369.63,0.04,240.99,0.05,304.0,0.96,200.58,0.95,273.0,0.97,220.66,0.98,369.63,0.01,0.01,2319.600935,1776205470000
1776205472.275,272.275,0.03,189.56,0.02,369.63,0.04,404.87,0.05,384.8,0.96,409.87,0.95,309.0,0.97,199.56,0.98,369.63,0.01,0.01,2319.600935,1776205470000
1776205472.581,272.581,0.03,174.4,0.02,375.63,0.04,195.0,0.05,145.8,0.96,579.87,0.95,184.8,0.97,184.4,0.98,375.63,0.01,0.01,2319.608765,1776205471000
1776205473.291,273.291,0.03,4.4,0.02,375.63,0.04,291.7,0.05,326.79,0.96,165.0,0.95,145.8,0.97,24.4,0.98,375.63,0.01,0.01,2319.608765,1776205471000
1776205473.494,273.494,0.02,365.63,0.01,6871.0,0.04,524.69,0.05,198.21,0.96,291.7,0.95,326.79,0.97,4.4,0.98,375.63,0.02,0.01,2319.453317,1776205472000
1776205474.027,274.027,0.02,325.22,0.01,6871.0,0.03,5.0,0.04,529.69,0.97,5.0,0.96,529.69,0.98,325.22,0.99,6871.0,0.01,0.01,2319.31613,1776205473000
1776205474.3,274.3,0.02,319.49,0.01,6771.0,0.03,367.91,0.04,313.69,0.97,5.0,0.96,529.69,0.98,325.22,0.99,6871.0,0.01,0.01,2319.31613,1776205473000
1776205474.655,274.655,0.02,313.99,0.01,6781.0,0.03,367.91,0.04,334.69,0.97,367.91,0.96,313.69,0.98,319.49,0.99,6771.0,0.01,0.01,2319.31613,1776205473000
1776205475.025,275.025,0.02,308.99,0.01,6781.0,0.03,367.91,0.04,334.69,0.97,367.91,0.96,334.69,0.98,308.99,0.99,6781.0,0.01,0.01,2319.308646,1776205474000
1776205475.469,275.469,0.02,308.99,0.01,1781.0,0.03,252.03,0.04,255.99,0.97,367.91,0.96,334.69,0.98,308.99,0.99,6781.0,0.01,0.01,2319.308646,1776205474000
1776205475.946,275.946,0.02,307.88,0.01,1781.0,0.03,234.02,0.04,250.99,0.97,234.02,0.96,255.99,0.98,308.99,0.99,1781.0,0.01,0.01,2319.308646,1776205474000
1776205476.226,276.226,0.02,215.48,0.01,1781.0,0.03,234.02,0.04,250.99,0.97,234.02,0.96,250.99,0.98,307.88,0.99,1781.0,0.01,0.01,2319.308646,1776205474000
1776205476.768,276.768,0.02,212.91,0.01,1781.0,0.03,377.6,0.04,107.41,0.97,239.02,0.96,107.41,0.98,214.45,0.99,1781.0,0.01,0.01,2319.210132,1776205475000
1776205477.263,277.263,0.02,209.87,0.01,1681.0,0.03,392.01,0.04,107.41,0.97,377.6,0.96,107.41,0.98,212.91,0.99,1781.0,0.01,0.01,2319.210132,1776205475000
1776205477.653,277.653,0.02,209.87,0.01,1681.0,0.03,392.01,0.04,107.41,0.97,392.01,0.96,107.41,0.98,209.87,0.99,1681.0,0.01,0.01,2319.203021,1776205476000
1776205478.258,278.258,0.02,203.51,0.01,1681.0,0.03,413.01,0.04,107.41,0.97,413.01,0.96,107.41,0.98,203.51,0.99,1681.0,0.01,0.01,2319.169573,1776205477000
1776205479.008,279.008,0.02,173.09,0.01,1681.0,0.03,600.67,0.04,107.41,0.97,585.67,0.96,107.41,0.98,193.3,0.99,1681.0,0.01,0.01,2319.169573,1776205477000
1776205479.348,279.348,0.02,173.09,0.01,1681.0,0.03,600.67,0.04,107.41,0.97,600.67,0.96,107.41,0.98,173.09,0.99,1681.0,0.01,0.01,2319.182516,1776205478000
1776205479.995,279.995,0.02,173.09,0.01,1681.0,0.03,600.67,0.04,107.41,0.97,600.67,0.96,107.41,0.98,173.09,0.99,1681.0,0.01,0.01,2319.182516,1776205479000
1776205480.4,280.4,0.02,132.71,0.01,1681.0,0.03,624.67,0.04,102.41,0.97,600.67,0.96,107.41,0.98,173.09,0.99,1681.0,0.01,0.01,2319.182516,1776205479000
1776205481.074,281.074,0.02,27.71,0.01,1681.0,0.03,657.17,0.04,102.41,0.97,624.67,0.96,102.41,0.98,132.71,0.99,1681.0,0.01,0.01,2319.182516,1776205479000
1776205481.525,281.525,0.01,1666.0,,,0.02,203.29,0.03,405.96,0.98,23.29,0.97,574.99,0.99,1681.0,,,0.01,0.01,2319.159331,1776205480000
1776205481.835,281.835,0.01,1631.0,,,0.02,203.29,0.03,405.96,0.98,203.29,0.97,405.96,0.99,1641.0,,,0.01,0.01,2319.159331,1776205480000
1776205482.134,282.134,0.01,1213.89,,,0.02,284.88,0.03,229.3,0.98,203.29,0.97,405.96,0.99,1215.89,,,0.01,0.01,2319.159331,1776205480000
1776205482.522,282.522,0.01,1180.55,,,0.02,284.88,0.03,248.3,0.98,284.88,0.97,229.3,0.99,1208.84,,,0.01,0.01,2319.159466,1776205481000
1776205483.264,283.264,0.01,1175.5,,,0.02,289.88,0.03,248.3,0.98,289.88,0.97,248.3,0.99,1175.5,,,0.01,0.01,2319.22845,1776205482000
1776205484.357,284.357,0.01,1160.34,,,0.02,213.29,0.03,248.3,0.98,213.29,0.97,248.3,0.99,1160.34,,,0.01,0.01,2319.285956,1776205483000
1776205484.736,284.736,0.01,799.34,,,0.02,372.28,0.03,137.72,0.98,213.29,0.97,248.3,0.99,1160.34,,,0.01,0.01,2319.285956,1776205483000
1776205485.015,285.015,0.01,797.34,,,0.02,383.28,0.03,142.72,0.98,372.28,0.97,137.72,0.99,799.34,,,0.01,0.01,2319.289348,1776205484000
1776205485.27,285.27,0.01,792.34,,,0.02,193.29,0.03,281.3,0.98,383.28,0.97,142.72,0.99,797.34,,,0.01,0.01,2319.289348,1776205484000
1776205485.516,285.516,0.01,777.34,,,0.02,178.63,0.03,256.3,0.98,178.63,0.97,256.3,0.99,787.34,,,0.01,0.01,2319.289348,1776205484000
1776205485.729,285.729,0.01,775.31,,,0.02,178.63,0.03,256.3,0.98,178.63,0.97,256.3,0.99,777.34,,,0.01,0.01,2319.289348,1776205484000
1776205486.107,286.107,0.01,775.31,,,0.02,178.63,0.03,256.3,0.98,178.63,0.97,256.3,0.99,775.31,,,0.01,0.01,2319.314029,1776205485000
1776205486.322,286.322,0.01,770.31,,,0.03,426.3,0.04,74.0,0.98,10.0,0.97,436.3,0.99,770.31,,,0.02,0.01,2319.314029,1776205485000
1776205486.626,286.626,0.01,768.64,,,0.03,431.3,0.04,74.0,0.97,426.3,0.96,74.0,0.98,7.95,0.99,770.31,0.02,0.01,2319.314029,1776205485000
1776205487.017,287.017,0.01,758.53,,,0.03,431.3,0.04,89.0,0.97,431.3,0.96,74.0,0.99,768.64,,,0.02,0.02,2319.314029,1776205485000
1776205487.537,287.537,0.01,754.47,,,0.03,355.3,0.04,94.0,0.97,431.3,0.96,89.0,0.99,756.5,,,0.02,0.02,2319.353687,1776205486000
1776205487.805,287.805,0.01,653.45,,,0.03,343.99,0.04,74.0,0.97,335.3,0.96,94.0,0.99,754.47,,,0.02,0.02,2319.353687,1776205486000
1776205488.325,288.325,0.01,653.45,,,0.03,343.99,0.04,74.0,0.97,343.99,0.96,74.0,0.99,653.45,,,0.02,0.02,2319.509863,1776205487000
1776205488.855,288.855,0.01,653.45,,,0.03,343.99,0.04,74.0,0.97,343.99,0.96,74.0,0.99,653.45,,,0.02,0.02,2319.559377,1776205488000
1776205489.391,289.391,0.01,638.3,,,0.03,398.3,0.04,79.0,0.97,343.99,0.96,74.0,0.99,653.45,,,0.02,0.02,2319.559377,1776205488000
1776205489.731,289.731,0.01,633.25,,,0.03,420.3,0.04,79.0,0.97,398.3,0.96,79.0,0.99,638.3,,,0.02,0.02,2319.559377,1776205488000
1776205489.988,289.988,0.01,633.25,,,0.03,420.3,0.04,79.0,0.97,420.3,0.96,79.0,0.99,633.25,,,0.02,0.02,2319.58596,1776205489000
1776205490.43,290.43,0.01,621.25,,,0.03,420.3,0.04,89.0,0.97,420.3,0.96,79.0,0.99,633.25,,,0.02,0.02,2319.58596,1776205489000
1776205490.814,290.814,0.01,605.18,,,0.03,449.3,0.04,89.0,0.97,449.3,0.96,89.0,0.99,606.2,,,0.02,0.02,2319.58596,1776205489000
1776205491.06,291.06,0.01,602.64,,,0.02,216.41,0.03,113.41,0.97,449.3,0.96,89.0,0.99,605.18,,,0.01,0.02,2319.58596,1776205489000
1776205491.943,291.943,0.01,597.58,,,0.02,229.41,0.03,96.0,0.98,216.41,0.97,113.41,0.99,602.64,,,0.01,0.01,2319.655043,1776205490000
1776205492.152,292.152,0.01,576.77,,,0.02,246.41,0.03,96.0,0.98,246.41,0.97,96.0,0.99,592.52,,,0.01,0.01,2319.655043,1776205490000
1776205492.588,292.588,0.01,568.72,,,0.02,276.41,0.03,96.0,0.98,246.41,0.97,96.0,0.99,570.75,,,0.01,0.01,2319.663675,1776205491000
1776205493.095,293.095,0.01,558.61,,,0.02,96.41,0.03,70.0,0.98,276.41,0.97,96.0,0.99,563.67,,,0.01,0.01,2319.663675,1776205491000
1776205493.313,293.313,0.01,488.59,,,0.03,60.0,0.04,40.0,0.97,60.0,0.96,40.0,0.99,489.61,,,0.02,0.02,2319.663675,1776205491000
1776205493.552,293.552,0.01,438.59,,,0.03,116.41,0.04,70.0,0.97,136.41,0.96,70.0,0.99,438.59,,,0.02,0.02,2319.715598,1776205492000
1776205493.927,293.927,0.01,428.59,,,0.03,116.41,0.04,70.0,0.97,116.41,0.96,70.0,0.99,428.59,,,0.02,0.02,2319.687132,1776205493000
1776205494.315,294.315,0.01,408.38,,,0.03,126.41,0.04,75.0,0.97,116.41,0.96,70.0,0.99,428.59,,,0.02,0.02,2319.687132,1776205493000
1776205495.437,295.437,0.01,388.17,,,0.03,157.41,0.04,48.0,0.97,126.41,0.96,75.0,0.99,408.38,,,0.02,0.02,2319.687132,1776205493000
1776205495.738,295.738,0.01,385.17,,,0.03,157.41,0.04,48.0,0.97,157.41,0.96,48.0,0.99,385.17,,,0.02,0.02,2319.730904,1776205494000
1776205496.168,296.168,0.01,364.44,,,0.03,157.41,0.04,21.0,0.97,157.41,0.96,48.0,0.99,385.17,,,0.02,0.02,2319.730904,1776205494000
1776205496.396,296.396,0.01,326.49,,,0.03,157.41,0.04,15.0,0.97,157.41,0.96,15.0,0.99,346.7,,,0.02,0.02,2319.833431,1776205495000
1776205496.801,296.801,0.01,224.36,,,0.03,157.41,0.04,15.0,0.97,157.41,0.96,15.0,0.99,325.38,,,0.02,0.02,2319.833431,1776205495000
1776205497.038,297.038,0.01,224.36,,,0.03,157.41,0.04,15.0,0.97,157.41,0.96,15.0,0.99,224.36,,,0.02,0.02,2319.840693,1776205496000
1776205497.351,297.351,0.01,1.06,,,0.03,162.41,0.04,15.0,0.97,157.41,0.96,15.0,0.99,224.36,,,0.02,0.02,2319.840693,1776205496000
1776205497.89,297.89,,,,,0.01,994.5,0.02,182.41,0.97,162.41,0.96,15.0,,,,,,,2319.840693,1776205496000
1776205498.209,298.209,,,,,0.01,5206.45,0.02,182.41,0.99,1016.42,0.98,182.41,,,,,,,2319.839168,1776205497000
1776205499.206,299.206,,,,,0.01,5201.61,0.02,182.41,0.99,5201.61,0.98,182.41,,,,,,,2319.83844,1776205498000
1776205500.319,300.319,,,,,0.01,5201.61,0.02,182.41,0.99,5201.61,0.98,182.41,,,,,,,2319.839056,1776205499000
1776205500.736,300.736,,,,,0.01,60830.13,0.02,112.0,0.99,60834.13,0.98,112.0,,,,,,,2319.839056,1776205499000

# RESULT,winner=Down,slug=eth-updown-5m-1776205200,ticks=569
