timestamp,elapsed_sec,up_bid_p1,up_bid_s1,up_bid_p2,up_bid_s2,up_ask_p1,up_ask_s1,up_ask_p2,up_ask_s2,down_bid_p1,down_bid_s1,down_bid_p2,down_bid_s2,down_ask_p1,down_ask_s1,down_ask_p2,down_ask_s2,up_spread,down_spread,eth_price,eth_oracle_ts
1776290100.773,0.773,0.48,5.0,0.47,10.0,0.54,3.96,0.6,38.0,0.46,3.96,0.4,38.0,0.52,5.0,0.53,10.0,0.06,0.06,2362.792843,1776290099000
1776290102.492,2.492,0.49,2.23,0.48,20.23,0.5,11.0,0.51,18.0,0.46,3.96,0.4,38.0,0.52,5.0,0.53,10.0,0.01,0.06,2362.793228,1776290101000
1776290102.699,2.699,0.49,2.23,0.48,30.23,0.5,1.0,0.51,28.0,0.5,4.0,0.49,28.0,0.51,2.23,0.52,30.23,0.01,0.01,2362.793228,1776290101000
1776290103.524,3.524,0.5,5.0,0.49,17.23,0.51,38.0,0.52,33.0,0.5,1.0,0.49,28.0,0.51,2.23,0.52,30.23,0.01,0.01,2362.780896,1776290102000
1776290104.103,4.103,0.5,5.0,0.49,22.23,0.51,28.0,0.52,33.0,0.49,38.0,0.48,33.0,0.5,5.0,0.51,17.23,0.01,0.01,2362.793284,1776290103000
1776290106.278,6.278,0.5,5.0,0.49,22.23,0.51,40.0,0.52,33.0,0.49,28.0,0.48,33.0,0.5,5.0,0.51,22.23,0.01,0.01,2362.792951,1776290104000
1776290107.796,7.796,0.5,3.0,0.49,33.23,0.51,35.0,0.52,33.0,0.49,40.0,0.48,33.0,0.5,5.0,0.51,22.23,0.01,0.01,2362.814478,1776290106000
1776290110.384,10.384,0.5,10.5,0.49,22.23,0.51,71.5,0.52,44.0,0.49,35.0,0.48,33.0,0.5,3.0,0.51,33.23,0.01,0.01,2362.80957,1776290108000
1776290110.759,10.759,0.49,80.23,0.48,41.23,0.5,9.5,0.51,50.0,0.49,71.5,0.48,44.0,0.5,10.5,0.51,22.23,0.01,0.01,2362.80962,1776290109000
1776290111.17,11.17,0.49,25.5,0.48,30.23,0.5,51.5,0.51,51.0,0.5,9.5,0.49,50.0,0.51,80.23,0.52,41.23,0.01,0.01,2362.80962,1776290110000
1776290112.183,12.183,0.49,0.5,0.48,30.23,0.5,109.5,0.51,231.0,0.5,51.5,0.49,51.0,0.51,25.5,0.52,30.23,0.01,0.01,2362.80962,1776290110000
1776290113.229,13.229,0.49,420.5,0.48,82.73,0.5,4.5,0.54,9.19,0.5,114.5,0.49,51.0,0.51,8.53,0.52,40.73,0.01,0.01,2362.807313,1776290111000
1776290113.601,13.601,0.54,50.64,0.53,37.87,0.55,5.5,0.56,20.75,0.45,5.5,0.44,20.75,0.46,22.82,0.47,42.87,0.01,0.01,2362.792479,1776290112000
1776290113.806,13.806,0.54,50.64,0.53,35.87,0.55,3.68,0.56,20.75,0.45,5.5,0.44,20.75,0.46,50.64,0.47,37.87,0.01,0.01,2362.792479,1776290112000
1776290115.378,15.378,0.54,68.46,0.53,27.87,0.55,43.83,0.56,85.75,0.45,3.68,0.44,20.75,0.46,50.64,0.47,35.87,0.01,0.01,2362.901105,1776290114000
1776290115.603,15.603,0.54,53.46,0.53,27.87,0.55,53.83,0.56,90.75,0.45,43.83,0.44,85.75,0.46,68.46,0.47,27.87,0.01,0.01,2362.901105,1776290114000
1776290116.431,16.431,0.54,43.46,0.53,27.87,0.56,144.77,0.57,59.0,0.45,53.83,0.44,90.75,0.46,53.46,0.47,27.87,0.02,0.01,2362.901105,1776290114000
1776290116.788,16.788,0.54,40.19,0.53,37.87,0.55,20.0,0.56,154.77,0.44,144.77,0.43,59.0,0.46,43.46,0.47,27.87,0.01,0.02,2362.901105,1776290114000
1776290117.345,17.345,0.54,40.19,0.53,37.87,0.55,20.94,0.56,164.77,0.45,20.0,0.44,154.77,0.46,40.19,0.47,37.87,0.01,0.01,2362.990454,1776290115000
1776290117.591,17.591,0.54,45.19,0.53,27.87,0.55,15.94,0.56,164.77,0.45,20.94,0.44,164.77,0.46,40.19,0.47,37.87,0.01,0.01,2362.990454,1776290115000
1776290118.449,18.449,0.54,33.79,0.53,95.87,0.55,12.76,0.56,227.06,0.45,7.76,0.44,154.77,0.46,48.79,0.47,27.87,0.01,0.01,2363.100375,1776290117000
1776290120.682,20.682,0.54,41.57,0.53,85.87,0.55,17.76,0.56,159.77,0.45,12.76,0.44,227.06,0.46,33.79,0.47,95.87,0.01,0.01,2363.138232,1776290119000
1776290123.306,23.306,0.54,212.07,0.53,236.87,0.57,10.5,0.58,15.5,0.45,17.76,0.44,159.77,0.46,41.57,0.47,85.87,0.03,0.01,2363.173262,1776290122000
1776290123.735,23.735,0.58,81.0,0.57,161.0,0.59,10.5,0.6,10.0,0.41,4.64,0.4,5.0,0.43,31.0,0.44,42.0,0.01,0.02,2363.173262,1776290122000
1776290124.526,24.526,0.58,65.88,0.57,161.0,0.64,47.0,0.65,26.0,0.41,15.5,0.4,10.0,0.42,65.88,0.43,161.0,0.06,0.01,2363.182121,1776290123000
1776290124.946,24.946,0.6,22.32,0.59,40.0,0.61,20.5,0.62,68.0,0.36,47.0,0.35,26.0,0.42,65.88,0.43,161.0,0.01,0.06,2363.182121,1776290123000
1776290125.175,25.175,0.61,8.17,0.6,25.0,0.62,78.5,0.63,205.5,0.39,20.5,0.38,68.0,0.4,22.32,0.41,40.0,0.01,0.01,2363.182121,1776290123000
1776290125.766,25.766,0.6,16.99,0.59,50.5,0.62,217.83,0.63,25.5,0.38,54.12,0.37,205.5,0.39,8.17,0.4,20.0,0.02,0.01,2363.255644,1776290124000
1776290125.988,25.988,0.61,1.02,0.6,31.99,0.62,217.83,0.63,25.5,0.38,222.83,0.37,25.5,0.39,4.87,0.4,21.99,0.01,0.01,2363.260487,1776290125000
1776290126.564,26.564,0.61,1.02,0.6,41.99,0.62,209.03,0.63,35.5,0.38,217.83,0.37,25.5,0.39,1.02,0.4,31.99,0.01,0.01,2363.260487,1776290125000
1776290128.045,28.045,0.6,99.99,0.59,50.5,0.61,9.98,0.62,225.03,0.38,209.03,0.37,35.5,0.39,1.02,0.4,41.99,0.01,0.01,2363.352418,1776290126000
1776290128.455,28.455,0.6,113.01,0.59,55.5,0.61,9.98,0.62,215.03,0.39,9.98,0.38,225.03,0.4,99.99,0.41,50.5,0.01,0.01,2363.407716,1776290127000
1776290130.205,30.205,0.6,161.51,0.59,61.5,0.61,15.27,0.62,197.2,0.39,9.98,0.38,215.03,0.4,113.01,0.41,55.5,0.01,0.01,2363.407863,1776290128000
1776290131.3,31.3,0.6,206.51,0.59,61.5,0.61,7.33,0.62,197.2,0.39,15.27,0.38,197.2,0.4,161.51,0.41,61.5,0.01,0.01,2363.407863,1776290128000
1776290131.555,31.555,0.6,206.51,0.59,61.5,0.62,167.53,0.63,37.0,0.39,7.33,0.38,197.2,0.4,206.51,0.41,61.5,0.02,0.01,2363.407863,1776290128000
1776290132.947,32.947,0.62,14.63,0.61,351.5,0.64,25.0,0.67,5.0,0.38,167.53,0.37,37.0,0.4,206.51,0.41,61.5,0.02,0.02,2363.407863,1776290128000
1776290133.227,33.227,0.66,377.5,0.65,122.5,0.69,33.34,0.7,69.0,0.36,25.0,0.33,5.0,0.38,14.63,0.39,351.5,0.03,0.02,2363.407863,1776290128000
1776290133.527,33.527,0.68,172.0,0.67,25.0,0.7,10.0,0.71,54.0,0.31,33.34,0.3,69.0,0.34,377.5,0.35,122.5,0.02,0.03,2363.407863,1776290128000
1776290133.901,33.901,0.69,108.0,0.68,85.34,0.7,5.5,0.71,43.0,0.29,54.0,0.28,76.0,0.32,118.34,0.33,25.0,0.01,0.03,2363.407863,1776290128000
1776290134.362,34.362,0.69,77.0,0.68,6.34,0.7,35.5,0.71,145.95,0.3,5.5,0.29,43.0,0.31,108.0,0.32,85.34,0.01,0.01,2363.407863,1776290128000
1776290134.898,34.898,0.66,133.29,0.65,46.5,0.69,36.5,0.7,190.5,0.31,26.5,0.3,40.5,0.32,1.34,0.33,15.0,0.03,0.01,2363.407863,1776290128000
1776290135.758,35.758,0.68,281.0,0.67,61.5,0.69,0.92,0.71,34.5,0.31,36.5,0.3,190.5,0.34,133.29,0.35,46.5,0.01,0.03,2363.407863,1776290128000
1776290136.507,36.507,0.68,22.0,0.67,98.0,0.69,37.92,0.7,351.85,0.31,0.92,0.29,34.5,0.32,281.0,0.33,61.5,0.01,0.01,2363.407863,1776290128000
1776290136.762,36.762,0.68,37.0,0.67,278.0,0.69,31.03,0.7,121.35,0.31,37.92,0.3,351.85,0.32,22.0,0.33,98.0,0.01,0.01,2363.407863,1776290128000
1776290139.521,39.521,0.71,444.5,0.7,42.5,0.74,8.0,0.75,25.0,0.31,31.03,0.3,121.35,0.32,37.0,0.33,278.0,0.03,0.01,2363.90491,1776290138000
1776290140.476,40.476,0.77,18.0,0.75,9.1,0.78,41.48,0.79,313.35,0.22,100.0,0.21,40.0,0.25,9.1,0.27,236.5,0.01,0.03,2363.960761,1776290139000
1776290140.896,40.896,0.75,2.1,0.73,35.0,0.76,488.5,0.77,94.5,0.22,41.48,0.21,144.35,0.25,9.1,0.26,26.0,0.01,0.03,2363.960761,1776290139000
1776290141.408,41.408,0.67,25.0,0.66,11.0,0.69,18.0,0.7,56.5,0.26,22.0,0.25,44.0,0.27,3.52,0.28,38.31,0.02,0.01,2363.968463,1776290140000
1776290141.815,41.815,0.64,10.0,0.62,40.0,0.68,483.5,0.69,69.5,0.31,18.0,0.3,56.5,0.33,25.0,0.34,11.0,0.04,0.02,2363.968463,1776290140000
1776290142.079,42.079,0.57,25.0,0.55,16.22,0.63,95.5,0.64,20.5,0.37,70.5,0.36,20.5,0.38,4.9,0.42,10.0,0.06,0.01,2364.194997,1776290141000
1776290142.578,42.578,0.55,11.22,0.54,10.0,0.6,10.0,0.61,50.0,0.37,95.5,0.36,20.5,0.43,25.0,0.45,16.22,0.05,0.06,2364.194997,1776290141000
1776290142.928,42.928,0.48,8.3,0.47,20.0,0.52,10.0,0.56,50.0,0.4,10.0,0.39,50.0,0.51,25.0,0.52,25.23,0.04,0.11,2364.194997,1776290141000
1776290143.543,43.543,0.47,3.3,0.46,11.12,0.5,35.5,0.51,81.23,0.49,50.76,0.48,15.0,0.51,18.0,0.52,8.3,0.03,0.02,2364.036628,1776290142000
1776290143.755,43.755,0.46,23.39,0.45,10.0,0.5,92.72,0.51,76.76,0.5,68.72,0.49,76.76,0.53,0.56,0.54,11.12,0.04,0.03,2364.036628,1776290142000
1776290144.006,44.006,0.46,1.39,0.43,180.0,0.47,28.29,0.48,10.0,0.5,93.0,0.49,76.76,0.54,18.39,0.55,10.0,0.01,0.04,2364.036628,1776290142000
1776290144.361,44.361,0.46,1.39,0.4,5.0,0.47,41.29,0.48,10.0,0.53,28.29,0.52,10.0,0.54,1.39,0.57,180.0,0.01,0.01,2363.237481,1776290143000
1776290144.95,44.95,0.39,6.0,0.37,10.0,0.41,20.0,0.42,26.0,0.53,39.09,0.52,10.0,0.6,5.0,0.61,18.0,0.02,0.07,2363.237481,1776290143000
1776290145.726,45.726,0.39,11.0,0.37,10.0,0.4,17.0,0.41,22.0,0.59,20.0,0.58,26.0,0.61,6.0,0.63,10.0,0.01,0.02,2362.566778,1776290144000
1776290146.254,46.254,0.38,4.43,0.37,10.0,0.4,12.0,0.41,22.0,0.6,12.0,0.59,22.0,0.61,23.36,0.62,14.0,0.02,0.01,2362.358307,1776290145000
1776290147.348,47.348,0.38,28.5,0.37,71.74,0.39,44.17,0.4,17.0,0.6,12.0,0.59,22.0,0.62,4.43,0.63,10.0,0.01,0.02,2362.358307,1776290145000
1776290147.894,47.894,0.38,39.5,0.37,136.74,0.39,68.17,0.4,38.0,0.61,44.17,0.6,17.0,0.62,28.5,0.63,71.74,0.01,0.01,2362.225546,1776290146000
1776290148.108,48.108,0.38,33.5,0.37,71.74,0.4,23.17,0.41,28.0,0.61,6.17,0.6,38.0,0.62,33.5,0.63,71.74,0.02,0.01,2362.225546,1776290146000
1776290148.401,48.401,0.36,33.5,0.34,20.0,0.37,6.0,0.38,17.0,0.61,30.0,0.6,21.0,0.64,10.0,0.66,20.0,0.01,0.03,2362.225546,1776290146000
1776290148.602,48.602,0.37,15.5,0.36,33.5,0.39,15.0,0.4,21.0,0.62,6.0,0.61,20.0,0.63,5.0,0.64,38.5,0.02,0.01,2362.411734,1776290147000
1776290148.816,48.816,0.38,25.5,0.37,25.5,0.39,2.0,0.4,26.0,0.61,13.0,0.6,26.0,0.62,25.5,0.63,25.5,0.01,0.01,2362.411734,1776290147000
1776290149.268,49.268,0.38,14.27,0.37,25.5,0.39,42.0,0.4,20.0,0.6,15.0,0.59,23.0,0.62,25.5,0.63,35.5,0.01,0.02,2362.306751,1776290148000
1776290149.776,49.776,0.37,15.5,0.36,68.34,0.38,80.32,0.39,42.0,0.62,21.0,0.61,52.0,0.64,14.0,0.65,43.0,0.01,0.02,2362.306751,1776290148000
1776290149.978,49.978,0.36,4.0,0.35,6.78,0.38,80.32,0.39,42.0,0.62,80.32,0.61,42.0,0.65,6.78,0.66,25.0,0.02,0.03,2362.306751,1776290148000
1776290150.323,50.323,0.36,135.0,0.35,157.28,0.37,66.0,0.38,60.32,0.62,80.32,0.61,42.0,0.64,3.5,0.65,6.78,0.01,0.02,2362.306751,1776290148000
1776290150.726,50.726,0.36,141.86,0.35,146.78,0.37,66.0,0.38,75.82,0.63,66.0,0.62,60.32,0.64,135.0,0.65,157.28,0.01,0.01,2362.238375,1776290149000
1776290150.939,50.939,0.36,140.11,0.35,146.78,0.37,66.0,0.38,75.82,0.63,66.0,0.62,75.82,0.64,141.86,0.65,146.78,0.01,0.01,2362.238375,1776290149000
1776290151.178,51.178,0.36,6.86,0.35,21.78,0.37,59.66,0.38,85.82,0.63,63.69,0.62,85.82,0.64,6.86,0.65,21.78,0.01,0.01,2362.126263,1776290150000
1776290151.498,51.498,0.35,0.53,0.34,20.0,0.37,69.66,0.38,75.82,0.63,59.66,0.62,85.82,0.64,6.86,0.65,21.78,0.02,0.01,2362.126263,1776290150000
1776290152.165,52.165,0.35,38.0,0.34,50.0,0.36,55.0,0.37,54.66,0.63,69.66,0.62,75.82,0.65,0.53,0.66,20.0,0.01,0.02,2362.126263,1776290150000
1776290152.474,52.474,0.35,33.38,0.34,60.0,0.36,50.0,0.37,49.66,0.64,55.0,0.63,54.66,0.65,38.0,0.66,50.0,0.01,0.01,2362.142594,1776290151000
1776290152.83,52.83,0.35,36.53,0.34,50.0,0.36,55.0,0.37,44.66,0.64,50.0,0.63,49.66,0.65,33.38,0.66,60.0,0.01,0.01,2362.142594,1776290151000
1776290153.579,53.579,0.35,34.99,0.34,40.0,0.36,83.0,0.37,44.66,0.64,83.0,0.63,44.66,0.65,36.53,0.66,50.0,0.01,0.01,2362.142594,1776290151000
1776290154.083,54.083,0.35,45.5,0.34,45.01,0.36,72.14,0.37,54.66,0.64,78.08,0.63,54.66,0.65,29.99,0.66,50.0,0.01,0.01,2362.090691,1776290152000
1776290154.286,54.286,0.34,20.24,0.33,50.0,0.36,21.0,0.37,15.0,0.64,21.0,0.63,15.0,0.66,31.24,0.67,50.0,0.02,0.02,2362.090691,1776290152000
1776290154.553,54.553,0.34,20.74,0.33,35.5,0.35,11.0,0.36,36.0,0.64,26.0,0.63,15.0,0.66,0.74,0.67,25.0,0.01,0.02,2362.09025,1776290153000
1776290154.974,54.974,0.34,20.0,0.33,35.5,0.35,9.45,0.36,36.0,0.65,11.0,0.64,36.0,0.66,4.74,0.67,35.5,0.01,0.01,2362.09025,1776290153000
1776290155.175,55.175,0.34,16.56,0.33,35.5,0.35,4.45,0.36,36.0,0.65,4.45,0.64,36.0,0.66,18.48,0.67,35.5,0.01,0.01,2362.118764,1776290154000
1776290157.28,57.28,0.34,29.0,0.33,60.5,0.35,29.45,0.36,26.0,0.65,4.45,0.64,36.0,0.66,16.56,0.67,35.5,0.01,0.01,2362.094799,1776290156000
1776290157.729,57.729,0.34,28.0,0.33,60.5,0.35,15.39,0.36,26.0,0.65,34.45,0.64,26.0,0.66,38.0,0.67,60.5,0.01,0.01,2362.094799,1776290156000
1776290158.187,58.187,0.33,50.0,0.32,37.0,0.35,15.39,0.36,26.0,0.65,15.39,0.64,26.0,0.66,28.0,0.67,60.5,0.02,0.01,2362.094799,1776290156000
1776290158.55,58.55,0.33,24.0,0.32,10.0,0.34,25.0,0.35,15.39,0.65,15.39,0.64,26.0,0.67,50.0,0.68,37.0,0.01,0.02,2362.094799,1776290156000
1776290158.957,58.957,0.33,24.0,0.32,10.0,0.34,39.61,0.35,15.39,0.66,25.0,0.65,15.39,0.67,24.0,0.68,10.0,0.01,0.01,2362.114575,1776290157000
1776290160.068,60.068,0.33,4.0,0.32,10.0,0.34,40.0,0.35,20.39,0.66,35.0,0.65,15.39,0.67,22.32,0.68,10.0,0.01,0.01,2362.106975,1776290158000
1776290161.663,61.663,0.32,1.52,0.31,55.0,0.33,51.0,0.34,15.0,0.66,45.0,0.65,20.39,0.68,3.0,0.69,65.5,0.01,0.02,2362.106975,1776290159000
1776290163.185,63.185,0.26,0.51,0.23,5.0,0.27,40.5,0.28,62.5,0.67,51.0,0.66,15.0,0.68,1.52,0.69,55.0,0.01,0.01,2362.029208,1776290161000
1776290163.863,63.863,0.21,5.51,0.2,208.0,0.22,46.89,0.23,10.0,0.78,26.89,0.77,10.0,0.79,56.51,0.8,173.0,0.01,0.01,2362.048594,1776290162000
1776290164.401,64.401,0.2,173.0,0.19,55.0,0.22,78.39,0.23,15.0,0.78,46.89,0.77,10.0,0.79,5.51,0.8,208.0,0.02,0.01,2361.678391,1776290163000
1776290165.695,65.695,0.17,90.46,0.16,26.8,0.18,25.0,0.19,10.0,0.78,78.39,0.77,15.0,0.8,173.0,0.81,55.0,0.01,0.02,2361.678391,1776290163000
1776290166.307,66.307,0.17,20.49,0.16,26.8,0.2,43.9,0.21,56.5,0.82,46.0,0.81,10.0,0.83,89.43,0.84,26.8,0.03,0.01,2361.12509,1776290165000
1776290166.705,66.705,0.16,34.8,0.15,121.2,0.17,10.0,0.18,25.5,0.8,43.9,0.79,56.5,0.83,20.49,0.84,26.8,0.01,0.03,2361.12509,1776290165000
1776290167.09,67.09,0.16,3.58,0.15,63.2,0.17,19.61,0.18,25.5,0.83,19.61,0.82,25.5,0.84,8.0,0.85,121.2,0.01,0.01,2360.940615,1776290166000
1776290167.569,67.569,0.14,29.9,0.13,89.8,0.16,80.5,0.17,14.61,0.83,14.61,0.82,25.5,0.85,63.2,0.86,113.9,0.02,0.02,2360.940615,1776290166000
1776290167.912,67.912,0.14,34.9,0.13,44.8,0.27,180.84,0.28,170.0,0.85,3.33,0.84,80.5,0.86,29.9,0.87,44.8,0.13,0.01,2360.940615,1776290166000
1776290168.252,68.252,0.16,16.65,0.13,72.56,0.17,10.0,0.18,40.0,0.86,2.85,0.85,10.0,0.87,44.8,0.88,39.19,0.01,0.01,2360.828942,1776290167000
1776290169.041,69.041,0.2,28.73,0.19,28.0,0.21,10.0,0.22,10.0,0.82,40.0,0.81,10.0,0.83,20.0,0.84,16.65,0.01,0.01,2360.828942,1776290167000
1776290169.472,69.472,0.26,4.9,0.25,20.0,0.27,80.84,0.28,72.0,0.78,10.0,0.77,17.0,0.8,20.05,0.81,33.31,0.01,0.02,2360.657245,1776290168000
1776290169.744,69.744,0.26,24.9,0.25,20.0,0.27,50.84,0.28,65.0,0.73,80.84,0.72,72.0,0.74,4.9,0.75,20.0,0.01,0.01,2360.657245,1776290168000
1776290169.962,69.962,0.26,4.0,0.25,97.9,0.27,65.84,0.28,75.0,0.73,55.84,0.72,75.0,0.74,14.0,0.75,97.9,0.01,0.01,2360.657245,1776290168000
1776290170.164,70.164,0.26,4.79,0.25,19.9,0.29,93.0,0.3,18.0,0.71,93.0,0.7,10.0,0.73,5.0,0.74,9.0,0.03,0.02,2360.657245,1776290168000
1776290170.733,70.733,0.23,9.74,0.22,20.0,0.25,47.5,0.26,30.5,0.71,93.0,0.7,18.0,0.74,4.79,0.75,19.9,0.02,0.03,2360.532805,1776290169000
1776290171.177,71.177,0.22,10.29,0.21,128.5,0.24,77.5,0.25,105.5,0.75,47.5,0.74,30.5,0.77,9.74,0.78,20.0,0.02,0.02,2360.707492,1776290170000
1776290171.596,71.596,0.21,138.5,0.2,20.5,0.23,82.5,0.24,66.5,0.76,77.5,0.75,105.5,0.78,10.29,0.79,128.5,0.02,0.02,2360.707492,1776290170000
1776290171.925,71.925,0.22,148.5,0.21,75.5,0.23,58.0,0.24,10.0,0.77,82.5,0.76,66.5,0.79,138.5,0.8,20.5,0.01,0.02,2360.707492,1776290170000
1776290172.597,72.597,0.23,65.5,0.22,83.5,0.24,9.83,0.25,20.5,0.76,9.0,0.75,15.0,0.78,148.5,0.79,75.5,0.01,0.02,2361.099923,1776290171000
1776290173.168,73.168,0.25,123.5,0.24,36.5,0.28,0.21,0.29,40.0,0.76,9.83,0.75,20.5,0.77,65.5,0.78,83.5,0.03,0.01,2361.099923,1776290171000
1776290173.661,73.661,0.28,10.0,0.27,61.0,0.29,99.5,0.3,68.0,0.72,0.21,0.71,40.0,0.75,123.5,0.76,36.5,0.01,0.03,2361.100933,1776290172000
1776290173.912,73.912,0.27,43.0,0.26,36.5,0.28,93.72,0.29,99.5,0.71,99.5,0.7,68.0,0.73,54.0,0.74,36.5,0.01,0.02,2361.100933,1776290172000
1776290174.161,74.161,0.27,9.5,0.26,207.0,0.28,93.72,0.29,69.0,0.72,93.72,0.71,74.0,0.74,192.0,0.75,67.5,0.01,0.02,2361.100933,1776290172000
1776290174.461,74.461,0.28,41.33,0.27,25.5,0.29,69.0,0.3,44.0,0.71,69.0,0.7,44.0,0.73,38.0,0.74,175.5,0.01,0.02,2361.16,1776290173000
1776290175.67,75.67,0.28,189.0,0.27,36.5,0.29,97.03,0.3,10.0,0.71,69.0,0.7,44.0,0.72,35.91,0.73,25.5,0.01,0.01,2361.222672,1776290174000
1776290175.878,75.878,0.28,182.66,0.27,36.5,0.29,97.03,0.3,10.0,0.71,97.03,0.7,10.0,0.72,177.3,0.73,36.5,0.01,0.01,2361.222672,1776290174000
1776290176.11,76.11,0.28,160.39,0.27,46.5,0.29,47.03,0.31,78.0,0.71,97.03,0.69,78.0,0.72,171.39,0.73,36.5,0.01,0.01,2361.319542,1776290175000
1776290177.037,77.037,0.28,152.36,0.27,61.5,0.29,122.17,0.31,78.0,0.71,28.92,0.69,78.0,0.72,155.39,0.73,36.5,0.01,0.01,2361.4706,1776290176000
1776290178.358,78.358,0.28,78.3,0.27,46.5,0.29,111.17,0.31,68.0,0.71,122.17,0.69,78.0,0.72,136.3,0.73,61.5,0.01,0.01,2361.534325,1776290177000
1776290178.568,78.568,0.28,78.3,0.27,46.5,0.29,78.17,0.31,68.0,0.71,89.17,0.69,68.0,0.72,78.3,0.73,46.5,0.01,0.01,2361.534325,1776290177000
1776290179.018,79.018,0.28,68.75,0.27,46.5,0.29,5.0,0.3,90.35,0.71,56.17,0.69,68.0,0.72,78.3,0.73,46.5,0.01,0.01,2361.534325,1776290177000
1776290179.995,79.995,0.28,54.81,0.27,46.5,0.29,15.0,0.3,90.35,0.71,5.0,0.7,90.35,0.72,68.75,0.73,46.5,0.01,0.01,2361.548907,1776290178000
1776290180.224,80.224,0.28,90.31,0.27,46.5,0.29,15.0,0.3,148.35,0.71,15.0,0.7,90.35,0.72,54.81,0.73,46.5,0.01,0.01,2361.548907,1776290178000
1776290181.008,81.008,0.28,82.54,0.27,36.5,0.29,165.74,0.3,73.0,0.71,15.0,0.7,148.35,0.72,90.31,0.73,46.5,0.01,0.01,2361.548907,1776290178000
1776290181.805,81.805,0.28,62.04,0.27,36.5,0.29,221.49,0.3,20.0,0.71,165.74,0.7,73.0,0.72,82.54,0.73,36.5,0.01,0.01,2361.58055,1776290180000
1776290182.564,82.564,0.21,22.0,0.2,46.0,0.23,10.0,0.24,15.0,0.71,215.49,0.7,20.0,0.72,62.04,0.73,36.5,0.02,0.01,2361.632996,1776290181000
1776290183.327,83.327,0.2,57.9,0.19,36.0,0.21,25.0,0.22,83.5,0.78,10.0,0.77,25.0,0.79,27.0,0.8,81.0,0.01,0.01,2361.632996,1776290181000
1776290183.568,83.568,0.18,46.0,0.17,91.0,0.21,48.5,0.22,93.5,0.78,88.5,0.77,50.5,0.8,7.85,0.81,36.0,0.03,0.02,2361.628578,1776290182000
1776290184.046,84.046,0.19,20.0,0.18,26.61,0.2,10.0,0.21,43.5,0.79,48.5,0.78,93.5,0.82,46.0,0.83,91.0,0.01,0.03,2361.628578,1776290182000
1776290184.434,84.434,0.18,16.39,0.17,66.0,0.19,20.0,0.2,15.0,0.8,10.0,0.79,43.5,0.81,20.0,0.82,26.61,0.01,0.01,2361.551622,1776290183000
1776290185.149,85.149,0.16,54.21,0.14,109.9,0.17,81.5,0.18,30.5,0.81,20.0,0.8,15.0,0.82,12.76,0.83,66.0,0.01,0.01,2361.551622,1776290183000
1776290185.413,85.413,0.16,65.21,0.14,109.9,0.17,36.5,0.18,51.5,0.83,32.5,0.82,30.5,0.84,54.21,0.86,109.9,0.01,0.01,2361.22712,1776290184000
1776290185.668,85.668,0.16,51.68,0.14,120.4,0.17,57.0,0.18,30.5,0.83,57.0,0.82,30.5,0.84,52.9,0.86,120.4,0.01,0.01,2361.22712,1776290184000
1776290185.879,85.879,0.16,74.68,0.14,109.9,0.18,80.5,0.19,102.5,0.83,3.0,0.82,88.5,0.84,74.68,0.86,109.9,0.02,0.01,2361.22712,1776290184000
1776290186.233,86.233,0.16,25.68,0.14,130.4,0.17,30.5,0.18,138.5,0.82,80.5,0.81,102.5,0.84,74.68,0.86,109.9,0.01,0.02,2361.118612,1776290185000
1776290187.526,87.526,0.16,16.96,0.14,70.0,0.17,104.5,0.18,67.5,0.83,19.5,0.82,138.5,0.84,25.68,0.86,130.4,0.01,0.01,2361.118612,1776290185000
1776290189.035,89.035,0.14,100.71,0.13,90.5,0.15,28.33,0.16,25.5,0.83,134.5,0.82,67.5,0.86,70.0,0.87,75.0,0.01,0.03,2360.844921,1776290187000
1776290189.624,89.624,0.14,90.71,0.13,90.5,0.15,21.66,0.16,25.5,0.85,28.33,0.84,25.5,0.86,100.71,0.87,90.5,0.01,0.01,2360.672281,1776290188000
1776290190.389,90.389,0.14,90.71,0.13,90.5,0.15,21.66,0.16,15.0,0.85,21.66,0.84,25.5,0.86,90.71,0.87,90.5,0.01,0.01,2360.644828,1776290189000
1776290191.368,91.368,0.14,33.77,0.13,98.5,0.15,21.66,0.16,15.0,0.85,21.66,0.84,15.0,0.86,90.71,0.87,90.5,0.01,0.01,2360.622544,1776290190000
1776290194.456,94.456,0.24,52.5,0.23,52.5,0.25,5.12,0.26,10.0,0.85,26.66,0.84,20.0,0.86,40.95,0.87,98.5,0.01,0.01,2360.618323,1776290192000
1776290194.752,94.752,0.24,15.5,0.23,15.5,0.25,15.0,0.26,25.5,0.75,9.62,0.74,20.5,0.76,12.31,0.77,42.5,0.01,0.01,2360.77884,1776290193000
1776290196.482,96.482,0.24,76.18,0.23,15.5,0.25,97.23,0.26,25.5,0.75,15.0,0.74,25.5,0.76,14.01,0.77,15.5,0.01,0.01,2360.845952,1776290194000
1776290200.187,100.187,0.21,10.5,0.19,24.5,0.25,84.5,0.26,69.42,0.75,97.23,0.74,25.5,0.76,76.18,0.77,15.5,0.04,0.01,2361.157689,1776290199000
1776290200.538,100.538,0.21,10.5,0.2,5.0,0.22,94.0,0.23,52.5,0.75,84.5,0.74,69.42,0.79,10.5,0.81,24.5,0.01,0.04,2361.157689,1776290199000
1776290203.054,103.054,0.17,0.5,0.16,10.5,0.18,107.9,0.19,89.0,0.78,94.0,0.77,52.5,0.79,10.5,0.8,5.0,0.01,0.01,2361.157614,1776290201000
1776290205.355,105.355,0.16,5.54,0.15,15.0,0.17,65.0,0.18,128.0,0.82,107.9,0.81,89.0,0.83,0.5,0.84,10.5,0.01,0.01,2360.977586,1776290204000
1776290205.769,105.769,0.15,72.23,0.14,193.9,0.16,3.0,0.17,65.0,0.83,65.0,0.82,128.0,0.84,5.54,0.85,15.0,0.01,0.01,2360.977586,1776290204000
1776290206.197,106.197,0.15,77.23,0.14,193.9,0.17,39.0,0.18,128.0,0.84,3.0,0.83,65.0,0.85,72.23,0.86,193.9,0.02,0.01,2360.977586,1776290204000
1776290210.042,110.042,0.15,294.43,0.14,153.4,0.18,5.0,0.2,20.0,0.83,39.0,0.82,128.0,0.85,77.23,0.86,193.9,0.03,0.02,2361.006961,1776290208000
1776290218.357,118.357,0.17,44.0,0.16,127.5,0.18,21.93,0.19,68.0,0.82,5.0,0.8,20.0,0.85,294.43,0.86,153.4,0.01,0.03,2361.079667,1776290217000
1776290218.783,118.783,0.17,49.0,0.16,127.5,0.19,68.0,0.2,20.5,0.82,21.93,0.81,68.0,0.83,44.0,0.84,127.5,0.02,0.01,2361.079667,1776290217000
1776290219.063,119.063,0.18,21.0,0.17,24.0,0.19,72.73,0.2,25.5,0.81,68.0,0.8,20.5,0.83,49.0,0.84,127.5,0.01,0.02,2361.086405,1776290218000
1776290219.447,119.447,0.18,15.86,0.17,24.0,0.19,67.73,0.2,74.41,0.81,72.73,0.8,25.5,0.82,21.0,0.83,24.0,0.01,0.01,2361.086405,1776290218000
1776290219.802,119.802,0.18,9.78,0.17,24.0,0.19,77.73,0.2,63.91,0.81,67.73,0.8,74.41,0.82,15.86,0.83,24.0,0.01,0.01,2361.086405,1776290218000
1776290220.716,120.716,0.18,5.0,0.17,24.0,0.19,129.19,0.2,25.5,0.81,77.73,0.8,63.91,0.82,9.78,0.83,24.0,0.01,0.01,2361.120596,1776290219000
1776290221.42,121.42,0.17,72.46,0.16,138.5,0.18,14.0,0.19,66.19,0.81,129.19,0.8,15.0,0.83,22.67,0.84,127.5,0.01,0.02,2361.120596,1776290220000
1776290222.577,122.577,0.17,55.44,0.16,127.5,0.18,62.4,0.19,98.65,0.82,14.0,0.81,66.19,0.83,72.46,0.84,138.5,0.01,0.01,2361.120596,1776290220000
1776290223.327,123.327,0.17,67.25,0.16,117.0,0.18,62.4,0.19,103.65,0.82,62.4,0.81,98.65,0.83,55.44,0.84,127.5,0.01,0.01,2361.084899,1776290221000
1776290225.17,125.17,0.13,58.66,0.12,40.09,0.14,134.5,0.15,96.5,0.82,69.4,0.81,103.65,0.83,52.25,0.84,117.0,0.01,0.01,2361.132235,1776290223000
1776290226.421,126.421,0.13,23.66,0.12,30.09,0.14,173.5,0.15,109.5,0.86,134.5,0.85,96.5,0.87,58.66,0.88,40.09,0.01,0.01,2360.989994,1776290225000
1776290226.827,126.827,0.13,10.23,0.12,30.09,0.14,169.07,0.15,109.5,0.86,169.07,0.85,109.5,0.87,21.23,0.88,30.09,0.01,0.01,2360.989994,1776290225000
1776290227.883,127.883,0.13,0.23,0.12,30.09,0.14,174.07,0.15,145.7,0.86,169.07,0.85,109.5,0.87,10.23,0.88,30.09,0.01,0.01,2360.807778,1776290226000
1776290228.51,128.51,0.13,0.23,0.12,30.09,0.14,252.07,0.15,121.5,0.86,174.07,0.85,145.7,0.87,0.23,0.88,30.09,0.01,0.01,2360.807778,1776290226000
1776290229.362,129.362,0.12,6.13,0.11,160.0,0.13,227.5,0.14,145.07,0.86,252.07,0.85,121.5,0.87,0.23,0.88,30.09,0.01,0.01,2360.753524,1776290227000
1776290232.548,132.548,0.09,132.14,0.08,60.0,0.1,10.5,0.11,235.5,0.88,110.5,0.87,188.5,0.89,74.03,0.9,143.0,0.01,0.01,2360.604406,1776290231000
1776290232.891,132.891,0.09,49.82,0.08,60.0,0.1,111.0,0.11,174.43,0.9,35.5,0.89,235.5,0.91,82.04,0.92,60.0,0.01,0.01,2360.604406,1776290231000
1776290233.662,133.662,0.1,5.0,0.09,55.82,0.11,54.93,0.12,125.5,0.89,186.43,0.88,125.5,0.91,60.82,0.92,60.0,0.01,0.02,2360.473847,1776290232000
1776290233.98,133.98,0.1,212.0,0.09,26.22,0.11,113.13,0.12,130.5,0.89,54.93,0.88,125.5,0.9,5.0,0.91,55.82,0.01,0.01,2360.321484,1776290233000
1776290234.265,134.265,0.1,185.88,0.09,21.22,0.11,162.63,0.12,130.5,0.89,168.13,0.88,130.5,0.9,214.77,0.91,26.22,0.01,0.01,2360.321484,1776290233000
1776290234.465,134.465,0.1,166.88,0.09,21.22,0.11,179.13,0.12,139.5,0.89,179.13,0.88,139.5,0.9,166.88,0.91,21.22,0.01,0.01,2360.321484,1776290233000
1776290235.12,135.12,0.1,111.88,0.09,21.22,0.11,64.63,0.12,25.5,0.89,173.13,0.88,130.5,0.9,103.88,0.91,21.22,0.01,0.01,2360.239338,1776290234000
1776290236.94,136.94,0.1,74.01,0.09,26.22,0.11,114.84,0.12,20.0,0.89,64.63,0.88,25.5,0.9,111.88,0.91,21.22,0.01,0.01,2360.321912,1776290235000
1776290240.606,140.606,0.09,37.22,0.08,182.9,0.11,106.68,0.12,38.5,0.89,114.84,0.88,20.0,0.9,74.01,0.91,26.22,0.02,0.01,2360.4334,1776290239000
1776290240.939,140.939,0.09,49.22,0.08,182.9,0.11,101.4,0.12,23.0,0.89,106.68,0.88,38.5,0.91,37.22,0.92,182.9,0.02,0.02,2360.4334,1776290239000
1776290241.177,141.177,0.1,38.27,0.09,21.22,0.11,101.4,0.12,30.5,0.89,101.4,0.88,23.0,0.91,49.22,0.92,182.9,0.01,0.02,2360.4334,1776290239000
1776290242.114,142.114,0.1,28.88,0.09,26.22,0.11,101.4,0.12,30.5,0.89,101.4,0.88,30.5,0.9,38.27,0.91,21.22,0.01,0.01,2360.4234,1776290240000
1776290246.103,146.103,0.1,17.28,0.09,48.22,0.11,121.0,0.12,195.5,0.89,101.4,0.88,30.5,0.9,28.88,0.91,26.22,0.01,0.01,2360.457802,1776290244000
1776290246.911,146.911,0.09,39.5,0.08,134.0,0.11,131.0,0.12,231.5,0.89,121.0,0.88,195.5,0.9,12.28,0.91,48.22,0.02,0.01,2360.474757,1776290245000
1776290247.663,147.663,0.09,84.0,0.08,134.0,0.1,99.1,0.11,126.0,0.89,131.0,0.88,231.5,0.91,39.5,0.92,134.0,0.01,0.02,2360.468312,1776290246000
1776290247.89,147.89,0.09,91.42,0.08,134.0,0.1,109.1,0.11,126.0,0.9,99.1,0.89,126.0,0.91,84.0,0.92,134.0,0.01,0.01,2360.468312,1776290246000
1776290249.793,149.793,0.09,36.84,0.08,134.0,0.1,139.1,0.11,283.78,0.9,109.1,0.89,126.0,0.91,91.42,0.92,134.0,0.01,0.01,2360.493863,1776290248000
1776290251.079,151.079,0.09,34.64,0.08,134.0,0.1,134.1,0.11,294.28,0.9,139.1,0.89,283.78,0.91,36.84,0.92,134.0,0.01,0.01,2360.473602,1776290250000
1776290251.823,151.823,0.1,18.67,0.09,197.86,0.11,129.21,0.12,100.0,0.9,134.1,0.89,294.28,0.91,34.64,0.92,134.0,0.01,0.01,2360.473602,1776290250000
1776290252.776,152.776,0.12,39.65,0.11,86.0,0.13,45.0,0.14,119.5,0.87,20.0,0.86,40.5,0.9,99.0,0.91,146.86,0.01,0.03,2360.475653,1776290251000
1776290253.409,153.409,0.12,39.65,0.11,28.0,0.13,92.1,0.14,119.5,0.87,45.0,0.86,119.5,0.88,39.65,0.89,86.0,0.01,0.01,2360.475653,1776290251000
1776290255.368,155.368,0.12,30.25,0.11,28.0,0.13,171.6,0.14,94.5,0.87,92.1,0.86,119.5,0.88,38.19,0.89,28.0,0.01,0.01,2360.652039,1776290254000
1776290257.283,157.283,0.12,23.14,0.11,28.0,0.13,101.8,0.14,175.03,0.87,171.6,0.86,94.5,0.88,30.25,0.89,28.0,0.01,0.01,2360.718164,1776290256000
1776290259.024,159.024,0.12,20.66,0.11,28.0,0.13,95.8,0.14,129.05,0.87,101.8,0.86,175.03,0.88,23.14,0.89,28.0,0.01,0.01,2360.718536,1776290258000
1776290260.794,160.794,0.12,6.44,0.11,28.0,0.13,95.8,0.14,129.05,0.87,95.8,0.86,129.05,0.88,20.66,0.89,28.0,0.01,0.01,2360.749986,1776290259000
1776290262.299,162.299,0.12,10.0,0.11,28.0,0.13,146.68,0.14,119.05,0.87,95.8,0.86,129.05,0.88,6.44,0.89,28.0,0.01,0.01,2360.71407,1776290261000
1776290262.659,162.659,0.12,5.79,0.11,28.0,0.13,146.68,0.14,119.05,0.87,146.68,0.86,119.05,0.88,10.0,0.89,28.0,0.01,0.01,2360.71407,1776290261000
1776290264.432,164.432,0.11,23.0,0.1,95.0,0.13,136.68,0.14,129.05,0.87,146.68,0.86,119.05,0.88,5.79,0.89,28.0,0.02,0.01,2360.782294,1776290263000
1776290266.203,166.203,0.11,78.37,0.1,87.0,0.12,46.88,0.13,147.68,0.87,136.68,0.86,129.05,0.89,23.0,0.9,95.0,0.01,0.02,2360.786663,1776290265000
1776290266.648,166.648,0.11,152.37,0.1,158.5,0.13,29.88,0.14,47.0,0.88,46.88,0.87,147.68,0.89,78.37,0.9,87.0,0.02,0.01,2360.786663,1776290265000
1776290268.155,168.155,0.13,47.19,0.12,27.0,0.14,141.08,0.15,121.5,0.86,47.0,0.85,106.5,0.88,10.0,0.89,152.37,0.01,0.02,2360.80706,1776290267000
1776290270.637,170.637,0.08,60.0,0.07,60.0,0.1,288.83,0.11,71.5,0.86,141.08,0.85,121.5,0.87,47.19,0.88,27.0,0.02,0.01,2360.952343,1776290269000
1776290270.892,170.892,0.08,94.0,0.07,60.0,0.09,247.11,0.1,324.83,0.9,288.83,0.89,71.5,0.92,60.0,0.93,60.0,0.01,0.02,2360.952343,1776290269000
1776290272.083,172.083,0.08,44.0,0.07,60.0,0.09,130.94,0.1,194.83,0.91,247.11,0.9,324.83,0.92,94.0,0.93,60.0,0.01,0.01,2360.954019,1776290270000
1776290272.655,172.655,0.08,40.07,0.07,60.0,0.09,113.94,0.1,175.83,0.91,130.94,0.9,194.83,0.92,44.0,0.93,60.0,0.01,0.01,2360.87463,1776290271000
1776290273.797,173.797,0.08,32.86,0.07,60.0,0.09,113.94,0.1,175.83,0.91,113.94,0.9,175.83,0.92,40.07,0.93,60.0,0.01,0.01,2360.623774,1776290272000
1776290275.11,175.11,0.08,42.86,0.07,115.3,0.09,90.82,0.1,175.83,0.91,102.27,0.9,175.83,0.92,42.86,0.93,60.0,0.01,0.01,2360.505839,1776290273000
1776290276.998,176.998,0.08,13.86,0.07,60.0,0.09,85.82,0.1,198.83,0.91,90.82,0.9,175.83,0.92,42.86,0.93,115.3,0.01,0.01,2360.473785,1776290275000
1776290277.736,177.736,0.08,19.86,0.07,60.0,0.09,73.82,0.1,198.83,0.91,85.82,0.9,198.83,0.92,13.86,0.93,60.0,0.01,0.01,2360.49208,1776290276000
1776290281.108,181.108,0.08,2.86,0.07,60.0,0.09,227.82,0.1,212.36,0.91,73.82,0.9,198.83,0.92,19.86,0.93,60.0,0.01,0.01,2360.41355,1776290279000
1776290281.653,181.653,0.06,59.93,0.05,113.0,0.09,305.82,0.1,277.36,0.91,320.82,0.9,277.36,0.92,0.69,0.93,60.0,0.03,0.01,2360.521011,1776290280000
1776290282.386,182.386,0.06,29.5,0.05,55.0,0.07,221.5,0.08,207.5,0.93,15.5,0.92,35.5,0.94,76.33,0.95,55.0,0.01,0.01,2360.482498,1776290281000
1776290282.593,182.593,0.06,39.5,0.05,55.0,0.07,176.5,0.08,197.5,0.93,221.5,0.92,207.5,0.94,29.5,0.95,55.0,0.01,0.01,2360.482498,1776290281000
1776290283.813,183.813,0.06,83.5,0.05,152.0,0.07,111.0,0.08,265.71,0.93,176.5,0.92,197.5,0.94,39.5,0.95,55.0,0.01,0.01,2360.3551,1776290282000
1776290285.936,185.936,0.06,42.13,0.05,152.0,0.07,140.91,0.08,40.5,0.93,63.0,0.92,125.0,0.94,78.5,0.95,152.0,0.01,0.01,2360.37863,1776290284000
1776290292.72,192.72,0.06,122.13,0.05,208.8,0.09,111.5,0.1,89.83,0.93,140.91,0.92,40.5,0.94,42.13,0.95,152.0,0.03,0.01,2360.48785,1776290291000
1776290293.605,193.605,0.07,82.0,0.06,164.63,0.08,0.11,0.09,10.0,0.91,111.5,0.9,89.83,0.94,122.13,0.95,208.8,0.01,0.03,2360.554714,1776290292000
1776290294.699,194.699,0.08,59.3,0.07,50.0,0.09,10.0,0.1,146.83,0.92,0.11,0.91,10.0,0.93,82.0,0.94,164.63,0.01,0.01,2360.628107,1776290293000
1776290295.225,195.225,0.08,30.36,0.07,50.0,0.09,47.79,0.1,161.83,0.91,10.0,0.9,146.83,0.92,59.3,0.93,50.0,0.01,0.01,2360.651149,1776290294000
1776290297.313,197.313,0.08,66.36,0.07,110.0,0.1,43.33,0.11,88.5,0.91,47.79,0.9,161.83,0.92,30.36,0.93,50.0,0.02,0.01,2360.857577,1776290296000
1776290297.921,197.921,0.09,47.0,0.08,31.36,0.1,85.63,0.11,83.0,0.9,43.33,0.89,88.5,0.92,66.36,0.93,110.0,0.01,0.02,2360.857577,1776290296000
1776290298.63,198.63,0.09,48.73,0.08,80.26,0.1,92.18,0.11,93.5,0.9,85.63,0.89,83.0,0.91,47.0,0.92,31.36,0.01,0.01,2360.868149,1776290297000
1776290302.124,202.124,0.09,31.11,0.08,24.36,0.1,112.18,0.11,69.5,0.9,92.18,0.89,93.5,0.91,48.73,0.92,80.26,0.01,0.01,2360.9274,1776290301000
1776290302.378,202.378,0.09,24.38,0.08,24.36,0.1,117.18,0.11,69.5,0.9,112.18,0.89,69.5,0.91,24.87,0.92,24.36,0.01,0.01,2360.9274,1776290301000
1776290306.951,206.951,0.09,55.0,0.08,182.26,0.1,5.88,0.11,10.0,0.9,117.18,0.89,69.5,0.91,24.38,0.92,24.36,0.01,0.01,2360.9274,1776290305000
1776290307.487,207.487,0.1,47.95,0.09,145.0,0.12,78.0,0.13,61.5,0.88,32.0,0.87,46.0,0.9,30.95,0.91,33.0,0.02,0.02,2360.9276,1776290306000
1776290308.195,208.195,0.1,41.95,0.09,123.0,0.11,38.45,0.12,15.0,0.88,78.0,0.87,61.5,0.9,47.95,0.91,145.0,0.01,0.02,2360.9276,1776290306000
1776290309.563,209.563,0.1,29.83,0.09,77.0,0.11,71.54,0.12,20.0,0.89,11.17,0.88,15.0,0.9,41.95,0.91,123.0,0.01,0.01,2360.98155,1776290308000
1776290310.025,210.025,0.1,34.83,0.09,65.0,0.12,15.0,0.13,31.5,0.89,71.54,0.88,20.0,0.9,29.83,0.91,77.0,0.02,0.01,2360.98155,1776290308000
1776290310.533,210.533,0.1,11.83,0.09,21.0,0.12,25.5,0.13,41.5,0.88,15.0,0.87,31.5,0.9,34.83,0.91,65.0,0.02,0.02,2361.032883,1776290309000
1776290315.251,215.251,0.07,11.0,0.06,94.8,0.09,144.5,0.1,77.5,0.88,25.5,0.87,41.5,0.9,11.83,0.91,21.0,0.02,0.02,2361.191336,1776290314000
1776290316.033,216.033,0.07,4.89,0.06,88.8,0.08,94.25,0.09,82.5,0.91,149.5,0.9,77.5,0.93,10.0,0.94,94.8,0.01,0.02,2361.191336,1776290314000
1776290316.941,216.941,0.06,94.38,0.05,147.75,0.08,107.5,0.09,82.5,0.92,99.25,0.91,82.5,0.93,1.89,0.94,88.8,0.02,0.01,2361.191414,1776290315000
1776290320.917,220.917,0.06,0.55,0.05,141.75,0.07,113.0,0.08,39.5,0.92,107.5,0.91,82.5,0.94,94.38,0.95,147.75,0.01,0.02,2360.967505,1776290319000
1776290323.511,223.511,0.05,133.79,0.04,307.8,0.07,113.0,0.08,64.5,0.93,113.0,0.92,39.5,0.94,0.55,0.95,141.75,0.02,0.01,2360.965471,1776290322000
1776290324.088,224.088,0.06,2.96,0.05,153.99,0.07,113.0,0.08,64.5,0.93,113.0,0.92,64.5,0.95,133.79,0.96,307.8,0.01,0.02,2360.965471,1776290322000
1776290326.057,226.057,0.05,52.99,0.04,70.0,0.06,272.46,0.07,114.5,0.93,113.0,0.92,64.5,0.94,2.96,0.95,153.99,0.01,0.01,2360.957911,1776290324000
1776290336.651,236.651,0.05,6.94,0.04,60.0,0.06,416.46,0.07,139.8,0.94,272.46,0.93,114.5,0.95,52.99,0.96,70.0,0.01,0.01,2360.848554,1776290335000
1776290340.54,240.54,0.05,1.94,0.04,60.0,0.06,440.96,0.07,61.0,0.94,416.46,0.93,139.8,0.95,6.94,0.96,60.0,0.01,0.01,2360.851846,1776290339000
1776290341.268,241.268,0.04,60.0,0.03,299.7,0.06,425.96,0.07,61.0,0.94,440.96,0.93,61.0,0.95,1.94,0.96,60.0,0.02,0.01,2360.851846,1776290339000
1776290341.818,241.818,0.04,40.0,0.03,299.7,0.05,192.0,0.06,224.96,0.94,425.96,0.93,61.0,0.96,60.0,0.97,299.7,0.01,0.02,2360.897953,1776290340000
1776290342.998,242.998,0.04,33.09,0.03,176.0,0.05,405.0,0.06,87.96,0.95,197.0,0.94,229.96,0.96,37.91,0.97,299.7,0.01,0.01,2360.897953,1776290341000
1776290343.225,243.225,0.03,123.68,0.02,260.0,0.04,100.0,0.05,464.0,0.96,100.0,0.95,464.0,0.97,128.84,0.98,260.0,0.01,0.01,2360.869219,1776290342000
1776290343.518,243.518,0.03,18.52,0.02,260.0,0.04,258.0,0.05,206.0,0.96,110.0,0.95,464.0,0.97,118.52,0.98,260.0,0.01,0.01,2360.869219,1776290342000
1776290343.766,243.766,0.02,283.71,0.01,1941.23,0.03,25.0,0.04,234.0,0.97,20.0,0.96,234.0,0.98,302.71,0.99,1941.23,0.01,0.01,2360.869219,1776290342000
1776290343.968,243.968,0.02,221.97,0.01,2041.23,0.03,160.0,0.04,230.0,0.97,25.0,0.96,234.0,0.98,283.71,0.99,1941.23,0.01,0.01,2360.869219,1776290342000
1776290344.233,244.233,0.02,165.94,0.01,2041.23,0.03,157.0,0.04,225.0,0.97,160.0,0.96,230.0,0.98,216.97,0.99,2041.23,0.01,0.01,2360.869219,1776290342000
1776290344.686,244.686,0.02,211.88,0.01,2041.23,0.03,222.0,0.04,413.7,0.97,157.0,0.96,225.0,0.98,165.94,0.99,2041.23,0.01,0.01,2360.843175,1776290343000
1776290344.994,244.994,0.02,61.82,0.01,2264.23,0.03,418.7,0.04,343.7,0.97,360.7,0.96,353.7,0.98,100.88,0.99,2041.23,0.01,0.01,2360.843175,1776290343000
1776290345.622,245.622,0.02,1.92,0.01,2204.83,0.03,587.73,0.04,380.69,0.97,418.7,0.96,343.7,0.98,61.82,0.99,2264.23,0.01,0.01,2359.918627,1776290344000
1776290346.09,246.09,0.01,1742.15,,,0.03,547.73,0.04,390.69,0.97,587.73,0.96,380.69,0.98,1.92,0.99,2204.83,0.02,0.01,2359.917978,1776290345000
1776290346.425,246.425,0.01,2211.75,,,0.02,318.37,0.03,428.69,0.97,547.73,0.96,390.69,0.99,1742.15,,,0.01,0.02,2359.917978,1776290345000
1776290346.652,246.652,0.01,2156.25,,,0.02,318.37,0.03,428.69,0.98,318.37,0.97,428.69,0.99,2206.75,,,0.01,0.01,2359.917978,1776290345000
1776290347.092,247.092,0.01,1971.25,,,0.02,318.37,0.03,428.69,0.98,318.37,0.97,428.69,0.99,1996.25,,,0.01,0.01,2359.917978,1776290345000
1776290347.811,247.811,0.01,1935.23,,,0.02,328.56,0.03,325.69,0.98,318.37,0.97,325.69,0.99,1941.25,,,0.01,0.01,2359.737909,1776290346000
1776290348.96,248.96,0.01,1929.23,,,0.02,333.56,0.03,320.69,0.98,328.56,0.97,325.69,0.99,1935.23,,,0.01,0.01,2359.70167,1776290348000
1776290349.562,249.562,0.01,1573.63,,,0.02,299.26,0.03,312.69,0.98,184.56,0.97,320.69,0.99,1929.23,,,0.01,0.01,2359.70167,1776290348000
1776290350.53,250.53,0.01,1563.5,,,0.02,62.78,0.03,312.69,0.98,202.48,0.97,312.69,0.99,1568.63,,,0.01,0.01,2359.701713,1776290349000
1776290351.514,251.514,0.01,1762.48,,,0.02,68.78,0.03,338.69,0.98,62.78,0.97,312.69,0.99,1563.5,,,0.01,0.01,2359.786749,1776290350000
1776290353.629,253.629,0.01,1760.45,,,0.02,204.7,0.03,338.69,0.98,58.78,0.97,338.69,0.99,1755.45,,,0.01,0.01,2359.973071,1776290352000
1776290353.904,253.904,0.01,1755.45,,,0.02,203.6,0.03,338.69,0.98,204.7,0.97,338.69,0.99,1760.45,,,0.01,0.01,2359.973071,1776290352000
1776290354.947,254.947,0.01,1756.95,,,0.02,203.6,0.03,338.69,0.98,203.6,0.97,338.69,0.99,1755.45,,,0.01,0.01,2360.068783,1776290353000
1776290356.146,256.146,0.01,1751.95,,,0.02,215.6,0.03,338.69,0.98,203.6,0.97,338.69,0.99,1756.95,,,0.01,0.01,2360.049082,1776290354000
1776290356.829,256.829,0.01,1736.77,,,0.02,231.6,0.03,338.69,0.98,215.6,0.97,338.69,0.99,1751.95,,,0.01,0.01,2360.049562,1776290355000
1776290357.491,257.491,0.01,1165.77,,,0.02,231.6,0.03,338.69,0.98,231.6,0.97,338.69,0.99,1736.77,,,0.01,0.01,2360.049562,1776290355000
1776290358.172,258.172,0.01,1155.77,,,0.02,231.6,0.03,338.69,0.98,231.6,0.97,338.69,0.99,1165.77,,,0.01,0.01,2360.04887,1776290356000
1776290358.627,258.627,0.01,1153.65,,,0.02,252.6,0.03,338.69,0.98,231.6,0.97,338.69,0.99,1155.77,,,0.01,0.01,2360.049127,1776290357000
1776290360.17,260.17,0.01,1139.65,,,0.02,252.6,0.03,310.7,0.98,252.6,0.97,311.7,0.99,1143.65,,,0.01,0.01,2360.049127,1776290358000
1776290360.41,260.41,0.01,1135.61,,,0.02,252.6,0.03,310.7,0.98,252.6,0.97,310.7,0.99,1139.65,,,0.01,0.01,2360.049127,1776290358000
1776290363.628,263.628,0.01,1125.56,,,0.02,257.6,0.03,310.7,0.98,252.6,0.97,310.7,0.99,1135.61,,,0.01,0.01,2360.118798,1776290361000
1776290364.317,264.317,0.01,1120.82,,,0.02,283.6,0.03,300.7,0.98,257.6,0.97,310.7,0.99,1125.56,,,0.01,0.01,2360.11834,1776290362000
1776290364.551,264.551,0.01,1115.8,,,0.02,283.6,0.03,300.7,0.98,283.6,0.97,300.7,0.99,1119.8,,,0.01,0.01,2360.123985,1776290363000
1776290365.322,265.322,0.01,1113.77,,,0.02,288.6,0.03,300.7,0.98,283.6,0.97,300.7,0.99,1115.8,,,0.01,0.01,2360.128046,1776290364000
1776290365.76,265.76,0.01,1074.74,,,0.02,283.6,0.03,300.7,0.98,283.6,0.97,300.7,0.99,1081.74,,,0.01,0.01,2360.128046,1776290364000
1776290366.349,266.349,0.01,1069.74,,,0.02,283.6,0.03,300.7,0.98,283.6,0.97,300.7,0.99,1074.74,,,0.01,0.01,2360.128046,1776290364000
1776290366.857,266.857,0.01,1039.74,,,0.02,283.6,0.03,300.7,0.98,283.6,0.97,300.7,0.99,1069.74,,,0.01,0.01,2360.143227,1776290365000
1776290367.319,267.319,0.01,1019.74,,,0.02,341.6,0.03,242.7,0.98,283.6,0.97,300.7,0.99,1039.74,,,0.01,0.01,2360.143227,1776290365000
1776290367.578,267.578,0.01,994.74,,,0.02,341.6,0.03,242.7,0.98,341.6,0.97,242.7,0.99,1019.74,,,0.01,0.01,2360.148445,1776290366000
1776290368.556,268.556,0.01,836.71,,,0.02,341.6,0.03,242.7,0.98,341.6,0.97,242.7,0.99,992.71,,,0.01,0.01,2360.159813,1776290367000
1776290369.123,269.123,0.01,821.51,,,0.02,341.6,0.03,242.7,0.98,341.6,0.97,242.7,0.99,836.71,,,0.01,0.01,2360.159813,1776290367000
1776290369.392,269.392,0.01,791.51,,,0.02,341.6,0.03,242.7,0.98,341.6,0.97,242.7,0.99,821.51,,,0.01,0.01,2360.159813,1776290367000
1776290369.635,269.635,0.01,761.51,,,0.02,341.6,0.03,241.7,0.98,341.6,0.97,242.7,0.99,791.51,,,0.01,0.01,2360.159813,1776290367000
1776290370.865,270.865,,,,,0.01,2165.23,0.02,370.73,0.99,1839.24,0.98,341.6,,,,,,,2360.165268,1776290369000
1776290371.333,271.333,,,,,0.01,2162.67,0.02,370.73,0.99,2165.23,0.98,370.73,,,,,,,2360.165268,1776290369000
1776290373.025,273.025,,,,,0.01,2189.44,0.02,370.73,0.99,2162.67,0.98,370.73,,,,,,,2360.169048,1776290371000
1776290374.645,274.645,,,,,0.01,2144.57,0.02,370.73,0.99,2188.16,0.98,370.73,,,,,,,2360.178253,1776290373000
1776290376.049,276.049,,,,,0.01,229.41,0.03,32.0,0.99,2144.57,0.98,370.73,,,,,,,2360.174259,1776290374000
1776290376.289,276.289,0.02,10.0,0.01,3749.59,0.07,31.9,0.08,32.0,0.93,31.9,0.92,32.0,0.98,10.0,0.99,3749.59,0.05,0.05,2360.171268,1776290375000
1776290376.495,276.495,0.11,46.0,0.06,50.0,0.16,8.01,0.17,40.0,0.87,0.25,0.86,50.0,0.89,46.0,0.94,50.0,0.05,0.02,2360.171268,1776290375000
1776290376.704,276.704,0.11,9.88,0.09,15.0,0.12,121.46,0.13,53.0,0.88,116.46,0.87,53.0,0.89,14.64,0.91,10.0,0.01,0.01,2360.171268,1776290375000
1776290376.931,276.931,0.06,171.83,0.05,143.0,0.07,55.0,0.1,20.0,0.88,118.29,0.87,43.0,0.94,30.0,0.95,10.0,0.01,0.06,2360.171268,1776290375000
1776290377.132,277.132,0.06,163.66,0.05,143.0,0.07,32.85,0.08,25.0,0.93,32.85,0.91,68.0,0.94,141.83,0.95,143.0,0.01,0.01,2360.171268,1776290375000
1776290377.596,277.596,0.06,199.55,0.05,143.0,0.07,64.33,0.08,25.0,0.93,27.82,0.92,25.0,0.94,163.66,0.95,143.0,0.01,0.01,2360.174758,1776290376000
1776290377.903,277.903,0.06,173.73,0.05,143.0,0.07,87.33,0.08,35.0,0.93,82.33,0.92,35.0,0.94,169.05,0.95,143.0,0.01,0.01,2360.174758,1776290376000
1776290378.144,278.144,0.06,171.73,0.05,143.0,0.07,63.33,0.08,100.58,0.93,82.33,0.92,35.0,0.94,171.73,0.95,143.0,0.01,0.01,2360.174758,1776290376000
1776290378.537,278.537,0.06,180.66,0.05,140.0,0.07,77.33,0.08,100.58,0.93,63.33,0.92,100.58,0.94,171.73,0.95,143.0,0.01,0.01,2361.673299,1776290377000
1776290379.059,279.059,0.06,175.35,0.05,540.0,0.07,77.33,0.08,100.58,0.93,77.33,0.92,100.58,0.94,180.66,0.95,140.0,0.01,0.01,2361.673299,1776290377000
1776290381.316,281.316,0.06,69.35,0.05,593.0,0.07,95.51,0.08,251.47,0.93,77.33,0.92,100.58,0.94,175.35,0.95,540.0,0.01,0.01,2361.751626,1776290380000
1776290384.978,284.978,0.05,398.36,0.04,68.0,0.07,154.51,0.08,98.0,0.93,95.51,0.92,251.47,0.94,69.35,0.95,593.0,0.02,0.01,2361.796066,1776290383000
1776290385.355,285.355,0.05,423.36,0.04,93.0,0.06,77.0,0.07,83.51,0.93,154.51,0.92,98.0,0.95,398.36,0.96,68.0,0.01,0.02,2361.752435,1776290384000
1776290385.996,285.996,0.05,392.05,0.04,93.0,0.06,82.99,0.07,73.51,0.94,43.83,0.93,83.51,0.95,423.36,0.96,93.0,0.01,0.01,2361.752435,1776290384000
1776290386.324,286.324,0.05,381.53,0.04,93.0,0.06,97.99,0.07,131.51,0.94,82.99,0.93,73.51,0.95,392.05,0.96,93.0,0.01,0.01,2361.738643,1776290385000
1776290387.644,287.644,0.05,365.74,0.04,68.0,0.06,152.99,0.07,121.51,0.94,97.99,0.93,131.51,0.95,381.53,0.96,93.0,0.01,0.01,2361.743429,1776290386000
1776290390.473,290.473,0.05,362.59,0.04,10.0,0.06,168.99,0.07,52.51,0.94,152.99,0.93,121.51,0.95,365.74,0.96,68.0,0.01,0.01,2361.755437,1776290389000
1776290390.738,290.738,0.05,352.59,0.04,10.0,0.06,168.99,0.07,52.51,0.94,168.99,0.93,52.51,0.95,362.59,0.96,10.0,0.01,0.01,2361.755437,1776290389000
1776290391.322,291.322,0.05,299.94,0.04,10.0,0.06,173.99,0.07,68.51,0.94,173.99,0.93,47.51,0.95,349.94,0.96,10.0,0.01,0.01,2361.75535,1776290390000
1776290392.405,292.405,0.05,250.42,0.04,10.0,0.06,226.99,0.07,73.51,0.94,173.99,0.93,68.51,0.95,275.18,0.96,10.0,0.01,0.01,2361.754338,1776290391000
1776290392.745,292.745,0.05,243.22,0.04,10.0,0.06,257.99,0.07,52.51,0.94,226.99,0.93,73.51,0.95,250.42,0.96,10.0,0.01,0.01,2361.754338,1776290391000
1776290393.05,293.05,0.05,233.22,0.04,10.0,0.06,257.99,0.07,52.51,0.94,257.99,0.93,52.51,0.95,243.22,0.96,10.0,0.01,0.01,2361.754338,1776290391000
1776290393.419,293.419,0.05,208.46,0.04,10.0,0.06,257.99,0.07,59.16,0.94,257.99,0.93,52.51,0.95,233.22,0.96,10.0,0.01,0.01,2361.742112,1776290392000
1776290393.876,293.876,0.05,156.35,0.04,10.0,0.06,199.99,0.07,59.16,0.94,257.99,0.93,59.16,0.95,208.46,0.96,10.0,0.01,0.01,2361.742112,1776290392000
1776290394.215,294.215,0.05,140.29,0.04,10.0,0.06,211.64,0.07,77.51,0.94,199.99,0.93,59.16,0.95,156.35,0.96,10.0,0.01,0.01,2361.742112,1776290392000
1776290394.437,294.437,0.05,110.53,0.04,10.0,0.06,211.64,0.07,77.51,0.94,211.64,0.93,77.51,0.95,140.29,0.96,10.0,0.01,0.01,2361.650348,1776290393000
1776290394.831,294.831,0.05,103.88,0.04,10.0,0.06,182.26,0.07,77.51,0.94,194.14,0.93,77.51,0.95,110.53,0.96,10.0,0.01,0.01,2361.650348,1776290393000
1776290395.048,295.048,0.05,42.0,0.04,10.0,0.06,224.99,0.07,77.51,0.94,182.26,0.93,77.51,0.95,72.3,0.96,10.0,0.01,0.01,2361.650348,1776290393000
1776290395.287,295.287,0.05,5.15,0.04,10.0,0.06,224.99,0.07,47.51,0.94,224.99,0.93,77.51,0.95,42.0,0.96,10.0,0.01,0.01,2361.618278,1776290394000
1776290395.508,295.508,0.03,5.3,0.02,10.0,0.04,240.99,0.05,91.0,0.96,197.75,0.95,67.0,0.99,2570.74,,,0.01,0.03,2361.618278,1776290394000
1776290395.76,295.76,0.01,2454.13,,,0.03,194.0,0.04,44.6,0.96,245.99,0.95,91.0,0.99,2455.65,,,0.02,0.03,2361.618278,1776290394000
1776290396.051,296.051,0.01,2447.1,,,0.03,194.0,0.04,54.99,0.97,194.0,0.96,44.6,0.99,2452.1,,,0.02,0.02,2361.618278,1776290394000
1776290396.286,296.286,0.01,2427.1,,,0.03,241.0,0.04,54.99,0.97,194.0,0.96,54.99,0.99,2447.1,,,0.02,0.02,2361.720793,1776290395000
1776290396.545,296.545,0.01,1420.93,,,0.03,241.0,0.04,54.99,0.97,241.0,0.96,54.99,0.99,2420.93,,,0.02,0.02,2361.720793,1776290395000
1776290396.845,296.845,0.01,1409.26,,,0.02,189.0,0.03,87.02,0.98,189.0,0.97,76.02,0.99,1413.86,,,0.01,0.01,2361.720793,1776290395000
1776290397.093,297.093,0.01,1335.6,,,0.02,206.0,0.03,69.99,0.98,176.0,0.97,99.99,0.99,1340.66,,,0.01,0.01,2361.720793,1776290395000
1776290397.323,297.323,0.01,1273.89,,,0.02,217.0,0.03,69.99,0.98,217.0,0.97,69.99,0.99,1286.02,,,0.01,0.01,2361.707219,1776290396000
1776290397.524,297.524,0.01,117.84,,,0.02,202.0,0.03,69.99,0.98,202.0,0.97,69.99,0.99,124.71,,,0.01,0.01,2361.707219,1776290396000
1776290399.107,299.107,,,,,0.01,8442.9,0.02,43.0,0.98,202.0,0.97,69.99,,,,,,,2361.748166,1776290398000

# RESULT,winner=Down,slug=eth-updown-5m-1776290100,ticks=321
