timestamp,elapsed_sec,up_bid_p1,up_bid_s1,up_bid_p2,up_bid_s2,up_ask_p1,up_ask_s1,up_ask_p2,up_ask_s2,down_bid_p1,down_bid_s1,down_bid_p2,down_bid_s2,down_ask_p1,down_ask_s1,down_ask_p2,down_ask_s2,up_spread,down_spread,eth_price,eth_oracle_ts
1776214801.355,1.355,,,,,,,,,,,,,,,,,,,2334.465176,1776214800000
1776214801.855,1.855,0.4,13.0,0.38,10.0,0.47,49.0,0.48,133.0,0.53,5.0,0.52,120.0,0.54,62.89,0.59,17.0,0.07,0.01,2334.465176,1776214800000
1776214803.291,3.291,0.4,13.0,0.38,10.0,0.47,49.0,0.48,133.0,0.53,49.0,0.52,133.0,0.6,13.0,0.62,10.0,0.07,0.07,2334.15003,1776214802000
1776214803.704,3.704,0.37,171.66,0.36,80.0,0.39,10.0,0.4,10.0,0.56,5.0,0.55,22.0,0.63,136.66,0.64,80.0,0.02,0.07,2334.15003,1776214802000
1776214803.939,3.939,0.37,171.66,0.36,80.0,0.39,4.0,0.4,10.0,0.61,10.0,0.6,10.0,0.63,171.66,0.64,80.0,0.02,0.02,2334.15003,1776214802000
1776214804.332,4.332,0.37,171.66,0.36,80.0,0.39,4.0,0.4,10.0,0.61,4.0,0.6,10.0,0.63,171.66,0.64,80.0,0.02,0.02,2334.026695,1776214803000
1776214804.978,4.978,0.38,27.77,0.37,136.66,0.39,4.0,0.4,10.0,0.61,4.0,0.6,10.0,0.62,27.77,0.63,136.66,0.01,0.01,2334.026695,1776214804000
1776214805.339,5.339,0.39,36.0,0.38,46.77,0.43,6.69,0.44,10.0,0.6,5.7,0.59,10.0,0.62,70.77,0.63,150.66,0.04,0.02,2334.026695,1776214804000
1776214805.902,5.902,0.38,17.91,0.36,10.0,0.39,26.0,0.4,100.0,0.57,6.69,0.56,10.0,0.61,36.0,0.62,46.77,0.01,0.04,2334.026695,1776214804000
1776214806.436,6.436,0.3,60.0,0.29,75.0,0.31,1.93,0.32,10.0,0.69,10.0,0.68,10.0,0.7,50.0,0.71,70.0,0.01,0.01,2334.026695,1776214804000
1776214806.975,6.975,0.31,5.0,0.3,65.0,0.33,17.84,0.34,20.08,0.67,17.84,0.66,20.08,0.69,5.0,0.7,65.0,0.02,0.02,2333.851705,1776214806000
1776214807.338,7.338,0.31,60.0,0.3,55.0,0.33,21.84,0.34,20.08,0.68,4.0,0.67,22.84,0.69,77.1,0.7,142.0,0.02,0.01,2333.851705,1776214806000
1776214808.077,8.077,0.31,60.0,0.3,55.0,0.33,21.84,0.34,20.08,0.67,21.84,0.66,20.08,0.69,60.0,0.7,55.0,0.02,0.02,2333.436515,1776214807000
1776214809.188,9.188,0.36,33.08,0.32,20.0,0.38,10.0,0.4,6.0,0.67,21.84,0.66,20.08,0.69,60.0,0.7,55.0,0.02,0.02,2333.436515,1776214807000
1776214809.588,9.588,0.39,205.0,0.38,15.0,0.43,5.0,0.45,10.0,0.62,10.0,0.6,6.0,0.64,33.08,0.68,20.0,0.04,0.02,2333.454044,1776214808000
1776214810.031,10.031,0.42,15.0,0.41,100.0,0.43,5.0,0.45,10.0,0.57,5.0,0.55,10.0,0.61,205.0,0.62,15.0,0.01,0.04,2333.454044,1776214808000
1776214810.371,10.371,0.42,20.0,0.41,100.0,0.46,15.0,0.47,5.0,0.54,15.0,0.53,5.0,0.58,20.0,0.59,100.0,0.04,0.04,2333.426319,1776214809000
1776214810.691,10.691,0.44,18.21,0.43,10.0,0.46,25.0,0.47,95.0,0.54,15.0,0.53,5.0,0.58,20.0,0.59,100.0,0.02,0.04,2333.426319,1776214809000
1776214811.354,11.354,0.45,13.03,0.44,16.24,0.46,13.86,0.47,270.0,0.55,5.0,0.54,23.86,0.56,16.24,0.57,15.0,0.01,0.01,2333.426319,1776214809000
1776214811.795,11.795,0.45,12.12,0.44,16.24,0.46,13.86,0.47,270.0,0.54,13.86,0.53,270.0,0.55,9.09,0.56,16.24,0.01,0.01,2333.559169,1776214810000
1776214812.703,12.703,0.44,1.24,0.42,70.0,0.45,20.0,0.46,33.86,0.54,13.86,0.53,270.0,0.55,10.3,0.56,16.24,0.01,0.01,2333.948788,1776214811000
1776214813.165,13.165,0.42,69.47,0.41,75.0,0.45,20.0,0.46,23.86,0.55,20.0,0.54,33.86,0.56,1.24,0.58,70.0,0.03,0.01,2333.948788,1776214811000
1776214814.427,14.427,0.37,45.0,0.36,250.0,0.38,36.0,0.39,21.0,0.55,20.0,0.54,23.86,0.58,69.47,0.59,75.0,0.01,0.03,2334.028893,1776214812000
1776214814.999,14.999,0.37,221.96,0.36,76.0,0.38,46.0,0.39,21.0,0.62,46.0,0.61,21.0,0.63,221.96,0.64,76.0,0.01,0.01,2333.939484,1776214814000
1776214816.111,16.111,0.37,221.96,0.36,76.0,0.38,46.0,0.39,21.0,0.62,46.0,0.61,21.0,0.63,221.96,0.64,76.0,0.01,0.01,2333.829265,1776214815000
1776214816.337,16.337,0.37,181.96,0.36,11.0,0.38,52.57,0.39,36.15,0.62,46.0,0.61,21.0,0.63,221.96,0.64,76.0,0.01,0.01,2333.829265,1776214815000
1776214817.146,17.146,0.37,183.96,0.36,11.0,0.38,37.57,0.39,36.15,0.62,52.57,0.61,36.15,0.63,181.96,0.64,11.0,0.01,0.01,2333.829265,1776214815000
1776214817.37,17.37,0.37,183.96,0.36,11.0,0.38,37.57,0.39,36.15,0.62,37.57,0.61,36.15,0.63,183.96,0.64,11.0,0.01,0.01,2333.670871,1776214816000
1776214817.683,17.683,0.37,189.19,0.36,11.0,0.38,32.57,0.39,36.15,0.62,37.57,0.61,36.15,0.63,183.96,0.64,11.0,0.01,0.01,2333.670871,1776214816000
1776214817.919,17.919,0.37,189.19,0.36,11.0,0.38,32.57,0.39,36.15,0.62,32.57,0.61,36.15,0.63,189.19,0.64,11.0,0.01,0.01,2333.668571,1776214817000
1776214819.118,19.118,0.37,189.19,0.36,11.0,0.38,32.57,0.39,36.15,0.62,32.57,0.61,36.15,0.63,189.19,0.64,11.0,0.01,0.01,2333.744087,1776214818000
1776214819.362,19.362,0.36,14.07,0.35,190.0,0.37,54.29,0.38,76.0,0.63,21.0,0.62,76.0,0.64,14.07,0.65,185.0,0.01,0.01,2333.744087,1776214818000
1776214820.485,20.485,0.36,14.07,0.35,190.0,0.37,54.29,0.38,76.0,0.63,54.29,0.62,76.0,0.64,14.07,0.65,190.0,0.01,0.01,2333.700386,1776214819000
1776214821.201,21.201,0.36,14.07,0.35,190.0,0.37,54.29,0.38,76.0,0.63,54.29,0.62,76.0,0.64,14.07,0.65,190.0,0.01,0.01,2333.586912,1776214820000
1776214822.392,22.392,0.36,19.31,0.35,190.0,0.37,34.29,0.38,46.0,0.63,34.29,0.62,46.0,0.64,19.31,0.65,190.0,0.01,0.01,2333.651976,1776214821000
1776214823.38,23.38,0.36,14.16,0.35,190.0,0.37,34.29,0.38,46.0,0.63,34.29,0.62,46.0,0.64,14.16,0.65,190.0,0.01,0.01,2333.653851,1776214822000
1776214824.13,24.13,0.36,14.16,0.35,190.0,0.37,34.29,0.38,46.0,0.63,34.29,0.62,46.0,0.64,14.16,0.65,190.0,0.01,0.01,2333.669128,1776214823000
1776214824.706,24.706,0.36,20.0,0.35,190.0,0.37,34.29,0.38,46.0,0.63,34.29,0.62,46.0,0.64,14.16,0.65,190.0,0.01,0.01,2333.669128,1776214823000
1776214825.018,25.018,0.36,220.0,0.35,36.0,0.38,15.0,0.39,10.0,0.63,34.29,0.62,46.0,0.64,20.0,0.65,190.0,0.02,0.01,2333.669128,1776214823000
1776214825.511,25.511,0.37,20.0,0.36,210.0,0.39,10.0,0.4,25.0,0.62,4.0,0.61,10.0,0.64,220.0,0.65,36.0,0.02,0.02,2333.669128,1776214823000
1776214826.11,26.11,0.37,20.0,0.36,210.0,0.39,10.0,0.4,25.0,0.61,10.0,0.6,25.0,0.63,20.0,0.64,210.0,0.02,0.02,2333.671934,1776214825000
1776214827.661,27.661,0.37,20.0,0.36,210.0,0.39,10.0,0.4,25.0,0.61,10.0,0.6,25.0,0.63,20.0,0.64,210.0,0.02,0.02,2333.698775,1776214826000
1776214827.939,27.939,0.37,80.0,0.36,269.0,0.38,6.0,0.39,41.0,0.61,10.0,0.6,25.0,0.63,20.0,0.64,210.0,0.01,0.02,2333.698775,1776214826000
1776214828.268,28.268,0.37,80.0,0.36,269.0,0.38,6.0,0.39,41.0,0.62,6.0,0.61,41.0,0.63,80.0,0.64,269.0,0.01,0.01,2333.863308,1776214827000
1776214829.775,29.775,0.37,90.0,0.36,269.0,0.38,16.0,0.39,46.0,0.62,16.0,0.61,46.0,0.63,90.0,0.64,269.0,0.01,0.01,2333.761008,1776214828000
1776214830.777,30.777,0.37,282.0,0.36,89.0,0.38,15.86,0.39,46.0,0.62,15.86,0.61,46.0,0.63,282.0,0.64,89.0,0.01,0.01,2333.709534,1776214829000
1776214831.022,31.022,0.36,14.0,0.35,20.0,0.37,39.59,0.38,45.86,0.62,15.86,0.61,46.0,0.63,282.0,0.64,89.0,0.01,0.01,2333.709534,1776214829000
1776214831.489,31.489,0.36,14.0,0.35,20.0,0.37,38.59,0.38,45.86,0.63,38.59,0.62,45.86,0.64,14.0,0.65,20.0,0.01,0.01,2333.735594,1776214830000
1776214831.988,31.988,0.36,14.0,0.35,20.0,0.37,38.59,0.38,45.86,0.63,38.59,0.62,45.86,0.64,14.0,0.65,20.0,0.01,0.01,2333.725488,1776214831000
1776214833.424,33.424,0.36,14.0,0.35,20.0,0.37,38.59,0.38,45.86,0.63,38.59,0.62,45.86,0.64,14.0,0.65,20.0,0.01,0.01,2333.652555,1776214832000
1776214834.159,34.159,0.36,14.0,0.35,20.0,0.37,38.59,0.38,45.86,0.63,38.59,0.62,45.86,0.64,14.0,0.65,20.0,0.01,0.01,2333.6892,1776214833000
1776214835.423,35.423,0.36,14.0,0.35,20.0,0.37,38.59,0.38,45.86,0.63,38.59,0.62,45.86,0.64,14.0,0.65,20.0,0.01,0.01,2333.742129,1776214834000
1776214836.173,36.173,0.36,14.0,0.35,20.0,0.37,38.59,0.38,45.86,0.63,38.59,0.62,45.86,0.64,14.0,0.65,20.0,0.01,0.01,2333.702729,1776214835000
1776214836.555,36.555,0.36,24.0,0.35,205.0,0.37,17.57,0.38,25.86,0.63,38.59,0.62,45.86,0.64,14.0,0.65,20.0,0.01,0.01,2333.702729,1776214835000
1776214837.607,37.607,0.36,24.0,0.35,205.0,0.37,17.57,0.38,25.86,0.63,17.57,0.62,25.86,0.64,24.0,0.65,205.0,0.01,0.01,2333.659972,1776214836000
1776214840.215,40.215,0.36,24.0,0.35,205.0,0.37,17.57,0.38,25.86,0.63,17.57,0.62,25.86,0.64,24.0,0.65,205.0,0.01,0.01,2333.679649,1776214839000
1776214840.854,40.854,0.36,5.0,0.35,200.0,0.37,77.27,0.38,20.86,0.63,55.0,0.62,20.86,0.64,18.0,0.65,205.0,0.01,0.01,2333.679649,1776214839000
1776214841.225,41.225,0.36,5.0,0.35,200.0,0.37,77.27,0.38,20.86,0.63,77.27,0.62,20.86,0.64,5.0,0.65,200.0,0.01,0.01,2333.684113,1776214840000
1776214842.28,42.28,0.36,5.0,0.35,200.0,0.37,77.27,0.38,20.86,0.63,77.27,0.62,20.86,0.64,5.0,0.65,200.0,0.01,0.01,2333.699024,1776214841000
1776214842.82,42.82,0.36,5.0,0.35,200.0,0.37,77.27,0.38,20.86,0.63,77.27,0.62,20.86,0.64,5.0,0.65,200.0,0.01,0.01,2333.669145,1776214842000
1776214843.948,43.948,0.36,5.0,0.35,200.0,0.37,77.27,0.38,20.86,0.63,77.27,0.62,20.86,0.64,5.0,0.65,200.0,0.01,0.01,2333.636681,1776214843000
1776214844.896,44.896,0.35,184.0,0.34,25.0,0.36,64.0,0.37,25.0,0.63,77.27,0.62,20.86,0.64,5.0,0.65,200.0,0.01,0.01,2333.636681,1776214843000
1776214845.347,45.347,0.35,189.0,0.34,30.0,0.36,61.22,0.37,20.0,0.64,64.0,0.63,25.0,0.65,184.0,0.66,25.0,0.01,0.01,2333.649343,1776214844000
1776214846.026,46.026,0.35,184.77,0.34,30.0,0.36,66.22,0.37,20.0,0.64,61.22,0.63,20.0,0.65,189.0,0.66,30.0,0.01,0.01,2333.649343,1776214844000
1776214846.609,46.609,0.35,10.0,0.34,25.0,0.36,90.36,0.37,20.0,0.64,66.22,0.63,20.0,0.65,184.77,0.66,30.0,0.01,0.01,2333.618005,1776214845000
1776214846.855,46.855,0.35,10.0,0.34,25.0,0.36,90.36,0.37,20.0,0.64,90.36,0.63,20.0,0.65,10.0,0.66,25.0,0.01,0.01,2333.618005,1776214846000
1776214847.167,47.167,0.32,3.37,0.31,15.0,0.33,155.0,0.34,95.0,0.65,53.14,0.64,163.35,0.67,5.0,0.68,15.0,0.01,0.02,2333.618005,1776214846000
1776214847.789,47.789,0.28,13.0,0.26,199.0,0.3,109.0,0.31,110.0,0.69,85.0,0.68,31.0,0.7,7.37,0.71,21.0,0.02,0.01,2333.618005,1776214846000
1776214848.042,48.042,0.26,204.0,0.25,15.0,0.28,11.84,0.29,54.0,0.71,20.0,0.7,79.0,0.74,199.0,0.75,10.0,0.02,0.03,2333.610793,1776214847000
1776214848.598,48.598,0.26,224.0,0.25,20.0,0.27,35.85,0.28,16.84,0.72,11.84,0.71,54.0,0.74,204.0,0.75,15.0,0.01,0.02,2333.610793,1776214847000
1776214848.951,48.951,0.26,234.0,0.25,15.0,0.27,44.85,0.28,16.84,0.73,35.85,0.72,16.84,0.74,224.0,0.75,20.0,0.01,0.01,2333.610793,1776214847000
1776214850.015,50.015,0.26,232.64,0.25,15.0,0.27,49.85,0.28,16.84,0.73,49.85,0.72,16.84,0.74,232.64,0.75,15.0,0.01,0.01,2333.250885,1776214849000
1776214850.406,50.406,0.26,27.36,0.25,18.0,0.27,81.0,0.28,21.0,0.73,54.85,0.72,15.0,0.74,220.36,0.75,28.0,0.01,0.01,2333.250885,1776214849000
1776214850.801,50.801,0.25,9.0,0.24,24.7,0.26,70.0,0.27,146.0,0.74,32.64,0.73,136.0,0.75,18.0,0.76,24.7,0.01,0.01,2333.250885,1776214849000
1776214851.023,51.023,0.23,25.3,0.22,26.0,0.26,65.0,0.27,146.0,0.74,65.0,0.73,146.0,0.77,25.3,0.78,26.0,0.03,0.03,2333.094554,1776214850000
1776214851.783,51.783,0.23,17.0,0.22,36.0,0.24,62.0,0.25,20.0,0.74,65.0,0.73,146.0,0.77,25.3,0.78,26.0,0.01,0.03,2333.094554,1776214850000
1776214852.08,52.08,0.23,21.89,0.22,36.0,0.24,87.0,0.25,15.0,0.76,87.0,0.75,15.0,0.77,21.89,0.78,36.0,0.01,0.01,2332.99704,1776214851000
1776214852.378,52.378,0.23,40.89,0.22,35.0,0.24,73.0,0.25,15.0,0.76,87.0,0.75,15.0,0.77,21.89,0.78,36.0,0.01,0.01,2332.99704,1776214851000
1776214853.081,53.081,0.23,23.89,0.22,30.0,0.24,113.0,0.25,20.0,0.76,73.0,0.75,15.0,0.77,40.89,0.78,35.0,0.01,0.01,2332.99704,1776214851000
1776214853.438,53.438,0.22,30.0,0.21,200.0,0.23,7.11,0.24,155.0,0.76,113.0,0.75,20.0,0.77,23.89,0.78,30.0,0.01,0.01,2332.99704,1776214851000
1776214853.742,53.742,0.21,7.53,0.19,23.4,0.22,173.0,0.23,192.11,0.78,51.0,0.77,122.11,0.79,12.53,0.81,23.4,0.01,0.01,2332.887042,1776214852000
1776214854.047,54.047,0.21,2.46,0.19,23.4,0.22,181.0,0.23,195.11,0.78,173.0,0.77,192.11,0.79,7.53,0.81,23.4,0.01,0.01,2332.887042,1776214852000
1776214854.671,54.671,0.21,2.46,0.19,23.4,0.22,181.0,0.23,195.11,0.78,181.0,0.77,195.11,0.79,2.46,0.81,23.4,0.01,0.01,2332.692753,1776214853000
1776214854.913,54.913,0.19,37.47,0.18,24.4,0.2,199.0,0.21,148.0,0.78,181.0,0.77,195.11,0.79,2.46,0.81,23.4,0.01,0.01,2332.692753,1776214853000
1776214855.145,55.145,0.19,37.47,0.18,24.4,0.2,199.0,0.21,148.0,0.8,199.0,0.79,148.0,0.81,37.47,0.82,24.4,0.01,0.01,2332.666757,1776214854000
1776214855.64,55.64,0.19,25.12,0.18,24.4,0.2,214.0,0.21,145.0,0.8,199.0,0.79,148.0,0.81,37.47,0.82,24.4,0.01,0.01,2332.666757,1776214854000
1776214856.095,56.095,0.19,25.12,0.18,24.4,0.2,214.0,0.21,145.0,0.8,214.0,0.79,145.0,0.81,25.12,0.82,24.4,0.01,0.01,2332.471443,1776214855000
1776214856.32,56.32,0.19,25.76,0.18,47.4,0.2,235.81,0.21,145.0,0.8,240.81,0.79,145.0,0.81,28.69,0.82,47.4,0.01,0.01,2332.471443,1776214855000
1776214856.732,56.732,0.19,18.35,0.18,57.4,0.2,235.81,0.21,151.0,0.8,235.81,0.79,145.0,0.81,25.76,0.82,47.4,0.01,0.01,2332.471443,1776214855000
1776214857.149,57.149,0.19,18.35,0.18,57.4,0.2,235.81,0.21,151.0,0.8,235.81,0.79,151.0,0.81,18.35,0.82,57.4,0.01,0.01,2332.447123,1776214856000
1776214857.996,57.996,0.19,6.0,0.18,57.4,0.2,171.81,0.21,26.0,0.8,235.81,0.79,151.0,0.81,18.35,0.82,57.4,0.01,0.01,2332.447123,1776214856000
1776214858.286,58.286,0.19,18.0,0.18,57.4,0.2,142.0,0.21,26.0,0.8,171.81,0.79,26.0,0.81,6.0,0.82,57.4,0.01,0.01,2332.416774,1776214857000
1776214859.124,59.124,0.19,18.0,0.18,57.4,0.2,142.0,0.21,26.0,0.8,142.0,0.79,26.0,0.81,18.0,0.82,57.4,0.01,0.01,2332.413997,1776214858000
1776214859.472,59.472,0.19,21.74,0.18,57.4,0.2,157.0,0.21,26.0,0.8,142.0,0.79,26.0,0.81,18.0,0.82,57.4,0.01,0.01,2332.413997,1776214858000
1776214860.206,60.206,0.19,21.74,0.18,57.4,0.2,157.0,0.21,26.0,0.8,157.0,0.79,26.0,0.81,21.74,0.82,57.4,0.01,0.01,2332.38457,1776214859000
1776214860.933,60.933,0.19,28.28,0.18,213.0,0.2,157.0,0.21,26.0,0.8,157.0,0.79,26.0,0.81,21.74,0.82,57.4,0.01,0.01,2332.38457,1776214859000
1776214861.236,61.236,0.19,28.28,0.18,213.0,0.2,157.0,0.21,26.0,0.8,157.0,0.79,26.0,0.81,28.28,0.82,213.0,0.01,0.01,2332.359494,1776214860000
1776214861.634,61.634,0.19,19.28,0.18,203.0,0.2,142.0,0.21,26.0,0.8,157.0,0.79,26.0,0.81,28.28,0.82,213.0,0.01,0.01,2332.359494,1776214860000
1776214862.178,62.178,0.19,293.69,0.18,33.0,0.2,10.0,0.21,10.0,0.8,137.0,0.79,26.0,0.81,64.59,0.82,203.0,0.01,0.01,2332.359494,1776214860000
1776214862.393,62.393,0.22,14.6,0.21,79.0,0.23,136.0,0.24,95.0,0.77,150.0,0.76,95.0,0.78,9.6,0.79,69.0,0.01,0.01,2332.358972,1776214861000
1776214862.603,62.603,0.22,125.6,0.21,160.0,0.24,87.84,0.25,22.0,0.77,136.0,0.76,95.0,0.78,14.6,0.79,79.0,0.02,0.01,2332.358972,1776214861000
1776214863.04,63.04,0.22,273.6,0.21,82.0,0.24,0.42,0.25,20.0,0.76,87.84,0.75,22.0,0.78,125.6,0.79,160.0,0.02,0.02,2332.358972,1776214861000
1776214863.243,63.243,0.22,273.6,0.21,87.0,0.24,10.42,0.25,15.0,0.76,0.42,0.75,20.0,0.78,268.6,0.79,82.0,0.02,0.02,2332.358972,1776214861000
1776214863.609,63.609,0.23,247.84,0.22,82.6,0.24,122.17,0.25,15.0,0.76,10.42,0.75,15.0,0.77,0.2,0.78,273.6,0.01,0.01,2332.341078,1776214862000
1776214863.878,63.878,0.23,228.19,0.22,82.6,0.24,107.17,0.25,15.0,0.76,107.17,0.75,15.0,0.77,258.84,0.78,82.6,0.01,0.01,2332.341078,1776214862000
1776214864.19,64.19,0.23,213.9,0.22,82.6,0.24,225.58,0.25,15.0,0.76,107.17,0.75,15.0,0.77,228.19,0.78,82.6,0.01,0.01,2332.341078,1776214862000
1776214864.631,64.631,0.23,209.1,0.22,82.6,0.24,76.9,0.25,25.0,0.76,71.9,0.75,15.0,0.77,221.95,0.78,82.6,0.01,0.01,2332.51686,1776214863000
1776214864.852,64.852,0.23,157.71,0.22,82.6,0.24,95.53,0.25,15.0,0.76,116.37,0.75,25.0,0.77,162.71,0.78,82.6,0.01,0.01,2332.51686,1776214863000
1776214865.053,65.053,0.23,165.43,0.22,92.6,0.24,68.85,0.25,10.0,0.76,68.85,0.74,10.0,0.77,161.86,0.78,87.6,0.01,0.01,2332.51686,1776214863000
1776214865.301,65.301,0.23,158.5,0.22,92.6,0.26,10.0,0.27,86.84,0.74,10.0,0.73,86.84,0.77,158.5,0.78,92.6,0.03,0.03,2332.63994,1776214864000
1776214865.506,65.506,0.25,14.84,0.24,27.0,0.26,20.0,0.27,91.84,0.74,10.0,0.73,86.84,0.77,148.05,0.78,92.6,0.01,0.03,2332.63994,1776214864000
1776214865.801,65.801,0.23,120.98,0.22,81.0,0.24,34.47,0.26,41.43,0.74,20.0,0.73,91.84,0.77,115.98,0.78,76.0,0.01,0.03,2332.63994,1776214864000
1776214866.109,66.109,0.24,5.0,0.23,115.98,0.26,3.73,0.27,96.84,0.75,3.08,0.74,36.43,0.77,134.98,0.78,81.0,0.02,0.02,2332.63994,1776214864000
1776214866.803,66.803,0.24,5.0,0.23,115.98,0.26,3.73,0.27,96.84,0.74,3.73,0.73,96.84,0.76,5.0,0.77,115.98,0.02,0.02,2332.73705,1776214866000
1776214867.056,67.056,0.26,26.0,0.25,15.0,0.28,10.0,0.29,21.0,0.73,3.84,0.72,10.0,0.74,23.0,0.76,262.0,0.02,0.01,2332.73705,1776214866000
1776214867.498,67.498,0.27,21.94,0.26,26.0,0.28,10.0,0.29,110.17,0.72,10.0,0.71,21.0,0.74,26.0,0.75,15.0,0.01,0.02,2332.73705,1776214866000
1776214867.755,67.755,0.27,47.0,0.26,26.0,0.28,16.18,0.29,104.17,0.72,10.0,0.71,110.17,0.73,21.94,0.74,26.0,0.01,0.01,2332.73705,1776214866000
1776214868.134,68.134,0.27,43.03,0.26,26.0,0.28,26.18,0.29,109.17,0.72,16.18,0.71,104.17,0.73,47.0,0.74,26.0,0.01,0.01,2332.73705,1776214866000
1776214868.856,68.856,0.28,56.0,0.27,209.03,0.29,83.17,0.3,5.71,0.72,6.18,0.71,109.17,0.73,48.03,0.74,31.0,0.01,0.01,2332.805509,1776214867000
1776214869.202,69.202,0.28,77.0,0.27,214.03,0.29,33.26,0.3,5.71,0.71,23.44,0.7,5.71,0.72,61.0,0.73,209.03,0.01,0.01,2332.805509,1776214867000
1776214869.453,69.453,0.28,17.91,0.27,14.03,0.29,25.0,0.3,20.71,0.71,33.26,0.7,5.71,0.72,77.0,0.73,214.03,0.01,0.01,2332.942915,1776214868000
1776214869.807,69.807,0.27,38.46,0.26,76.0,0.28,15.0,0.29,30.0,0.71,40.0,0.7,20.71,0.73,11.97,0.74,71.0,0.01,0.02,2332.942915,1776214868000
1776214870.056,70.056,0.27,31.37,0.26,76.0,0.28,10.0,0.29,30.0,0.72,10.0,0.71,30.0,0.73,31.37,0.74,76.0,0.01,0.01,2333.065638,1776214869000
1776214870.274,70.274,0.27,22.42,0.26,274.7,0.28,25.34,0.29,20.0,0.72,30.34,0.71,20.0,0.73,24.47,0.74,256.0,0.01,0.01,2333.065638,1776214869000
1776214870.554,70.554,0.27,151.53,0.26,89.7,0.28,30.34,0.29,20.0,0.72,30.34,0.71,20.0,0.73,152.8,0.74,94.7,0.01,0.01,2333.065638,1776214869000
1776214870.922,70.922,0.27,153.86,0.26,89.7,0.28,30.34,0.29,20.0,0.72,30.34,0.71,20.0,0.73,137.07,0.74,89.7,0.01,0.01,2333.065638,1776214869000
1776214871.262,71.262,0.27,200.86,0.26,104.7,0.28,15.34,0.3,5.71,0.72,30.34,0.71,20.0,0.73,153.86,0.74,89.7,0.01,0.01,2333.065638,1776214869000
1776214871.594,71.594,0.29,75.45,0.28,15.0,0.3,5.71,0.31,15.0,0.7,5.71,0.69,15.0,0.73,199.35,0.74,104.7,0.01,0.03,2333.092943,1776214870000
1776214872.28,72.28,0.29,75.45,0.28,15.0,0.3,5.71,0.31,15.0,0.7,5.71,0.69,15.0,0.71,75.45,0.72,15.0,0.01,0.01,2333.076094,1776214871000
1776214872.709,72.709,0.29,79.04,0.28,212.89,0.3,5.71,0.31,5.0,0.7,5.71,0.69,15.0,0.71,75.45,0.72,15.0,0.01,0.01,2333.076094,1776214871000
1776214873.469,73.469,0.29,62.87,0.28,217.89,0.3,5.71,0.31,5.0,0.7,5.71,0.69,5.0,0.71,79.04,0.72,212.89,0.01,0.01,2333.076094,1776214871000
1776214873.844,73.844,0.29,48.44,0.28,217.89,0.3,5.71,0.31,5.0,0.7,5.71,0.69,5.0,0.71,48.44,0.72,217.89,0.01,0.01,2333.160865,1776214872000
1776214874.405,74.405,0.29,49.0,0.28,217.89,0.3,5.71,0.31,10.0,0.7,5.71,0.69,10.0,0.71,49.0,0.72,217.89,0.01,0.01,2333.204253,1776214873000
1776214874.633,74.633,0.32,15.0,0.31,90.0,0.34,5.3,0.35,15.0,0.67,0.3,0.66,15.0,0.69,10.0,0.7,10.0,0.02,0.02,2333.204253,1776214873000
1776214875.192,75.192,0.32,15.0,0.31,90.0,0.34,5.3,0.35,15.0,0.66,5.3,0.65,15.0,0.68,15.0,0.69,90.0,0.02,0.02,2333.267189,1776214874000
1776214875.564,75.564,0.33,75.0,0.32,216.0,0.34,0.15,0.35,15.0,0.66,5.3,0.65,15.0,0.68,15.0,0.69,90.0,0.01,0.02,2333.267189,1776214874000
1776214876.196,76.196,0.33,40.0,0.32,201.0,0.35,12.57,0.36,25.0,0.66,0.15,0.65,15.0,0.67,75.0,0.68,216.0,0.02,0.01,2333.267189,1776214874000
1776214876.748,76.748,0.33,40.0,0.32,201.0,0.35,12.57,0.36,25.0,0.65,12.57,0.64,25.0,0.67,40.0,0.68,201.0,0.02,0.02,2333.329802,1776214875000
1776214877.372,77.372,0.33,21.43,0.32,201.0,0.34,15.0,0.35,17.57,0.66,15.0,0.65,17.57,0.67,21.43,0.68,201.0,0.01,0.01,2333.384911,1776214876000
1776214877.785,77.785,0.31,87.0,0.3,10.0,0.33,4.0,0.34,15.0,0.66,15.0,0.65,17.57,0.67,21.43,0.68,201.0,0.02,0.01,2333.384911,1776214876000
1776214878.086,78.086,0.31,87.0,0.3,10.0,0.33,4.0,0.34,15.0,0.67,4.0,0.66,15.0,0.69,87.0,0.7,10.0,0.02,0.02,2333.411251,1776214877000
1776214879.485,79.485,0.31,87.0,0.3,10.0,0.33,4.0,0.34,15.0,0.67,4.0,0.66,15.0,0.69,87.0,0.7,10.0,0.02,0.02,2333.50942,1776214878000
1776214880.172,80.172,0.31,87.0,0.3,10.0,0.33,4.0,0.34,15.0,0.67,4.0,0.66,15.0,0.69,87.0,0.7,10.0,0.02,0.02,2333.467066,1776214879000
1776214881.221,81.221,0.33,36.0,0.32,210.0,0.36,2.22,0.37,5.0,0.67,4.0,0.66,15.0,0.69,87.0,0.7,10.0,0.03,0.02,2333.467066,1776214879000
1776214881.544,81.544,0.35,29.28,0.34,26.0,0.38,199.22,0.39,5.0,0.62,199.22,0.61,5.0,0.65,29.28,0.66,26.0,0.03,0.03,2333.473977,1776214880000
1776214881.75,81.75,0.37,15.0,0.36,10.0,0.38,206.56,0.39,10.0,0.62,199.22,0.61,5.0,0.65,29.28,0.66,26.0,0.01,0.03,2333.473977,1776214880000
1776214882.226,82.226,0.37,15.0,0.36,10.0,0.38,206.56,0.39,10.0,0.62,206.56,0.61,10.0,0.63,15.0,0.64,10.0,0.01,0.01,2333.481314,1776214881000
1776214882.743,82.743,0.38,18.38,0.37,15.0,0.39,20.0,0.4,93.0,0.62,4.36,0.61,5.0,0.63,20.0,0.64,10.0,0.01,0.01,2333.481314,1776214881000
1776214883.417,83.417,0.38,18.38,0.37,15.0,0.39,20.0,0.4,93.0,0.61,20.0,0.6,93.0,0.62,18.38,0.63,15.0,0.01,0.01,2333.57405,1776214882000
1776214884.09,84.09,0.38,8.38,0.37,15.0,0.39,25.0,0.4,283.0,0.61,20.0,0.6,93.0,0.62,18.38,0.63,15.0,0.01,0.01,2333.57405,1776214882000
1776214886.023,86.023,0.37,13.24,0.36,15.0,0.39,30.0,0.4,283.0,0.61,30.0,0.6,283.0,0.63,13.24,0.64,15.0,0.02,0.02,2333.678327,1776214884000
1776214886.425,86.425,0.39,20.0,0.38,115.0,0.42,15.0,0.43,20.0,0.61,30.0,0.6,283.0,0.63,13.24,0.64,15.0,0.03,0.02,2333.678327,1776214884000
1776214886.812,86.812,0.41,25.0,0.4,20.0,0.42,20.01,0.43,25.0,0.58,16.22,0.57,20.0,0.61,25.0,0.62,120.0,0.01,0.03,2333.727054,1776214885000
1776214887.177,87.177,0.41,20.0,0.4,20.0,0.43,25.0,0.44,21.55,0.57,25.0,0.56,21.55,0.59,20.0,0.6,20.0,0.02,0.02,2333.724709,1776214886000
1776214887.647,87.647,0.42,15.0,0.41,20.0,0.43,42.32,0.44,10.0,0.57,25.0,0.56,21.55,0.59,20.0,0.6,20.0,0.01,0.02,2333.724709,1776214886000
1776214888.105,88.105,0.42,13.27,0.41,20.0,0.43,37.32,0.44,10.0,0.57,42.32,0.56,10.0,0.58,15.0,0.59,20.0,0.01,0.01,2333.724709,1776214886000
1776214888.309,88.309,0.42,15.82,0.41,20.0,0.43,42.32,0.44,10.0,0.57,37.32,0.56,10.0,0.58,13.27,0.59,20.0,0.01,0.01,2333.724709,1776214886000
1776214888.816,88.816,0.42,10.82,0.41,20.0,0.43,40.44,0.44,10.0,0.57,42.32,0.56,10.0,0.58,15.82,0.59,20.0,0.01,0.01,2333.795324,1776214887000
1776214889.534,89.534,0.42,10.82,0.41,20.0,0.43,40.44,0.44,10.0,0.57,40.44,0.56,10.0,0.58,10.82,0.59,20.0,0.01,0.01,2333.973121,1776214888000
1776214890.02,90.02,0.42,16.77,0.41,20.0,0.43,36.06,0.44,10.0,0.57,40.44,0.56,10.0,0.58,10.82,0.59,20.0,0.01,0.01,2333.973121,1776214888000
1776214890.808,90.808,0.39,6.0,0.35,5.0,0.43,538.05,0.44,41.0,0.57,36.06,0.56,10.0,0.58,16.77,0.59,20.0,0.04,0.01,2333.973411,1776214889000
1776214891.236,91.236,0.36,5.0,0.35,5.0,0.38,5.0,0.4,456.99,0.62,5.0,0.6,456.99,0.64,5.0,0.65,5.0,0.02,0.02,2333.97739,1776214890000
1776214892.365,92.365,0.36,5.0,0.35,5.0,0.38,5.0,0.4,456.99,0.62,5.0,0.6,456.99,0.64,5.0,0.65,5.0,0.02,0.02,2333.959329,1776214891000
1776214893.141,93.141,0.35,25.1,0.34,15.0,0.36,57.0,0.37,208.0,0.62,5.0,0.6,456.99,0.64,5.0,0.65,5.0,0.01,0.02,2333.959329,1776214891000
1776214893.375,93.375,0.35,25.1,0.34,15.0,0.36,57.0,0.37,208.0,0.64,57.0,0.63,208.0,0.65,25.1,0.66,15.0,0.01,0.01,2333.801586,1776214892000
1776214893.95,93.95,0.35,25.1,0.34,15.0,0.36,57.0,0.37,208.0,0.64,57.0,0.63,208.0,0.65,25.1,0.66,15.0,0.01,0.01,2333.761599,1776214893000
1776214895.111,95.111,0.35,25.1,0.34,15.0,0.36,57.0,0.37,208.0,0.64,57.0,0.63,208.0,0.65,25.1,0.66,15.0,0.01,0.01,2333.740783,1776214894000
1776214895.479,95.479,0.36,6.0,0.35,25.1,0.37,5.0,0.38,190.0,0.64,57.0,0.63,208.0,0.65,25.1,0.66,15.0,0.01,0.01,2333.740783,1776214894000
1776214896.254,96.254,0.36,34.43,0.35,25.1,0.37,5.0,0.38,195.0,0.63,5.0,0.62,195.0,0.64,34.43,0.65,25.1,0.01,0.01,2333.740833,1776214895000
1776214896.852,96.852,0.36,34.43,0.35,30.1,0.37,7.1,0.38,190.0,0.63,5.0,0.62,195.0,0.64,34.43,0.65,25.1,0.01,0.01,2333.740833,1776214895000
1776214897.397,97.397,0.37,25.0,0.36,29.43,0.38,184.28,0.39,13.0,0.62,184.28,0.61,13.0,0.63,25.0,0.64,29.43,0.01,0.01,2333.745558,1776214896000
1776214897.907,97.907,0.37,14.92,0.36,21.0,0.38,202.28,0.39,13.0,0.62,184.28,0.61,13.0,0.63,25.0,0.64,29.43,0.01,0.01,2333.745558,1776214896000
1776214899.091,99.091,0.37,14.92,0.36,21.0,0.38,202.28,0.39,13.0,0.62,202.28,0.61,13.0,0.63,14.92,0.64,21.0,0.01,0.01,2333.775055,1776214898000
1776214900.105,100.105,0.34,10.0,0.31,5.0,0.36,262.0,0.37,255.0,0.62,202.28,0.61,13.0,0.63,14.92,0.64,21.0,0.02,0.01,2333.775055,1776214898000
1776214900.77,100.77,0.34,3.44,0.31,5.0,0.36,262.0,0.37,255.0,0.64,262.0,0.63,255.0,0.66,3.44,0.69,5.0,0.02,0.02,2333.762243,1776214899000
1776214901.207,101.207,0.34,3.44,0.31,5.0,0.36,262.0,0.37,255.0,0.64,262.0,0.63,255.0,0.66,3.44,0.69,5.0,0.02,0.02,2333.761898,1776214900000
1776214901.516,101.516,0.31,10.0,0.3,20.0,0.32,19.65,0.33,21.0,0.64,262.0,0.63,255.0,0.66,3.44,0.69,5.0,0.01,0.02,2333.761898,1776214900000
1776214902.311,102.311,0.31,10.0,0.3,20.0,0.32,19.65,0.33,21.0,0.68,19.65,0.67,21.0,0.69,10.0,0.7,20.0,0.01,0.01,2333.701646,1776214901000
1776214903.561,103.561,0.31,10.0,0.3,20.0,0.32,19.65,0.33,21.0,0.68,19.65,0.67,21.0,0.69,10.0,0.7,20.0,0.01,0.01,2333.596746,1776214902000
1776214904.06,104.06,0.31,10.0,0.3,20.0,0.32,19.65,0.33,21.0,0.68,19.65,0.67,21.0,0.69,10.0,0.7,20.0,0.01,0.01,2333.64538,1776214903000
1776214904.425,104.425,0.28,18.0,0.27,20.0,0.32,5.0,0.33,18.0,0.71,7.17,0.7,95.0,0.72,8.0,0.73,15.0,0.04,0.01,2333.64538,1776214903000
1776214904.785,104.785,0.4,15.0,0.39,20.0,0.41,140.44,0.42,195.0,0.68,5.0,0.67,18.0,0.72,18.0,0.73,20.0,0.01,0.04,2333.64538,1776214903000
1776214905.223,105.223,0.38,11.79,0.37,15.0,0.41,149.99,0.42,219.0,0.59,143.44,0.58,205.0,0.62,11.79,0.63,15.0,0.03,0.03,2333.596754,1776214904000
1776214905.654,105.654,0.4,8.21,0.39,10.0,0.41,5.0,0.42,180.0,0.59,143.44,0.58,205.0,0.62,11.79,0.63,15.0,0.01,0.03,2333.596754,1776214904000
1776214906.312,106.312,0.4,8.21,0.39,10.0,0.41,5.0,0.42,180.0,0.59,5.0,0.58,180.0,0.6,8.21,0.61,10.0,0.01,0.01,2333.539761,1776214905000
1776214907.05,107.05,0.4,18.21,0.39,15.0,0.41,14.56,0.42,180.0,0.59,5.0,0.58,180.0,0.6,8.21,0.61,10.0,0.01,0.01,2333.539761,1776214905000
1776214907.397,107.397,0.4,18.21,0.39,15.0,0.41,14.56,0.42,180.0,0.59,14.56,0.58,180.0,0.6,18.21,0.61,15.0,0.01,0.01,2333.915469,1776214906000
1776214907.767,107.767,0.4,12.21,0.39,20.0,0.41,13.0,0.42,180.0,0.59,14.56,0.58,180.0,0.6,18.21,0.61,15.0,0.01,0.01,2333.915469,1776214906000
1776214908.0,108.0,0.4,14.34,0.39,20.0,0.41,13.0,0.42,180.0,0.59,13.0,0.58,180.0,0.6,14.34,0.61,20.0,0.01,0.01,2333.917554,1776214907000
1776214908.453,108.453,0.4,11.0,0.39,15.0,0.41,13.0,0.42,180.0,0.59,13.0,0.58,180.0,0.6,14.34,0.61,20.0,0.01,0.01,2333.917554,1776214907000
1776214909.029,109.029,0.4,11.0,0.39,15.0,0.41,13.0,0.42,180.0,0.59,13.0,0.58,180.0,0.6,11.0,0.61,15.0,0.01,0.01,2333.9163,1776214908000
1776214910.005,110.005,0.4,1.0,0.39,15.0,0.41,18.0,0.42,205.0,0.59,13.0,0.58,180.0,0.6,11.0,0.61,15.0,0.01,0.01,2333.9163,1776214908000
1776214910.56,110.56,0.37,10.0,0.36,76.0,0.39,29.0,0.4,48.0,0.59,18.0,0.58,205.0,0.6,1.0,0.61,15.0,0.02,0.01,2333.911937,1776214909000
1776214911.03,111.03,0.37,10.0,0.36,76.0,0.39,29.0,0.4,48.0,0.61,29.0,0.6,48.0,0.63,10.0,0.64,76.0,0.02,0.02,2333.917759,1776214910000
1776214912.059,112.059,0.37,20.0,0.36,70.0,0.38,7.0,0.39,19.0,0.62,7.0,0.61,19.0,0.63,20.0,0.64,70.0,0.01,0.01,2333.905729,1776214911000
1776214913.125,113.125,0.37,20.0,0.36,70.0,0.38,7.0,0.39,19.0,0.62,7.0,0.61,19.0,0.63,20.0,0.64,70.0,0.01,0.01,2333.892089,1776214912000
1776214913.715,113.715,0.43,42.89,0.42,25.0,0.44,24.0,0.45,160.99,0.57,10.0,0.56,14.0,0.61,75.0,0.62,35.0,0.01,0.04,2333.892089,1776214912000
1776214914.382,114.382,0.43,52.89,0.42,95.0,0.45,10.0,0.46,5.0,0.56,24.0,0.55,160.99,0.57,42.89,0.58,25.0,0.02,0.01,2333.892089,1776214912000
1776214914.772,114.772,0.43,89.89,0.42,275.0,0.46,5.0,0.48,5.0,0.54,5.0,0.52,5.0,0.57,89.89,0.58,275.0,0.03,0.03,2333.892408,1776214913000
1776214915.086,115.086,0.47,5.0,0.46,20.0,0.49,304.6,0.5,234.84,0.54,5.0,0.52,5.0,0.57,89.89,0.58,275.0,0.02,0.03,2333.892408,1776214913000
1776214915.889,115.889,0.44,30.0,0.43,10.0,0.45,194.0,0.46,20.0,0.52,30.0,0.51,284.6,0.54,20.0,0.55,10.0,0.01,0.02,2333.99752,1776214914000
1776214916.635,116.635,0.44,10.0,0.43,10.0,0.45,199.0,0.46,20.0,0.55,199.0,0.54,20.0,0.56,10.0,0.57,10.0,0.01,0.01,2334.243309,1776214915000
1776214917.232,117.232,0.44,10.0,0.43,10.0,0.45,199.0,0.46,20.0,0.55,199.0,0.54,20.0,0.56,10.0,0.57,10.0,0.01,0.01,2334.208716,1776214916000
1776214917.514,117.514,0.44,9.0,0.43,20.0,0.45,190.0,0.46,20.0,0.55,199.0,0.54,20.0,0.56,10.0,0.57,10.0,0.01,0.01,2334.208716,1776214916000
1776214917.857,117.857,0.44,2.07,0.43,20.0,0.45,207.0,0.46,20.0,0.55,207.0,0.54,20.0,0.56,1.0,0.57,20.0,0.01,0.01,2334.208716,1776214916000
1776214918.465,118.465,0.44,2.07,0.43,20.0,0.45,207.0,0.46,20.0,0.55,207.0,0.54,20.0,0.56,2.07,0.57,20.0,0.01,0.01,2334.165227,1776214917000
1776214919.064,119.064,0.44,2.07,0.43,20.0,0.45,207.0,0.46,20.0,0.55,207.0,0.54,20.0,0.56,2.07,0.57,20.0,0.01,0.01,2334.167537,1776214918000
1776214920.332,120.332,0.42,1.28,0.39,15.0,0.43,82.0,0.44,217.0,0.57,82.0,0.56,217.0,0.58,1.28,0.61,15.0,0.01,0.01,2334.145383,1776214919000
1776214920.732,120.732,0.36,55.59,0.35,90.0,0.37,7.0,0.38,22.0,0.57,82.0,0.56,217.0,0.58,1.28,0.61,15.0,0.01,0.01,2334.145383,1776214919000
1776214920.932,120.932,0.36,42.41,0.35,100.0,0.37,7.0,0.38,12.0,0.63,7.0,0.62,22.0,0.64,55.59,0.65,90.0,0.01,0.01,2334.145383,1776214919000
1776214921.328,121.328,0.38,242.0,0.37,15.0,0.45,14.0,0.47,20.0,0.63,7.0,0.62,12.0,0.64,42.41,0.65,100.0,0.07,0.01,2334.145383,1776214919000
1776214921.569,121.569,0.46,75.0,0.45,15.0,0.47,4.37,0.49,29.6,0.53,8.4,0.51,29.6,0.62,242.0,0.63,15.0,0.01,0.09,2334.058939,1776214920000
1776214922.01,122.01,0.46,75.0,0.45,15.0,0.47,4.37,0.49,29.6,0.53,4.37,0.51,29.6,0.54,75.0,0.55,15.0,0.01,0.01,2333.908842,1776214921000
1776214922.285,122.285,0.44,75.0,0.43,15.0,0.47,225.0,0.48,8.17,0.52,8.17,0.51,39.6,0.54,25.0,0.55,10.0,0.03,0.02,2333.908842,1776214921000
1776214923.184,123.184,0.44,75.0,0.43,15.0,0.47,225.0,0.48,8.17,0.53,225.0,0.52,8.17,0.56,75.0,0.57,15.0,0.03,0.03,2334.067539,1776214922000
1776214924.024,124.024,0.44,50.0,0.43,20.0,0.46,5.0,0.47,203.0,0.55,16.0,0.54,10.0,0.56,5.0,0.57,5.0,0.02,0.01,2334.067539,1776214922000
1776214924.269,124.269,0.46,15.0,0.45,10.0,0.47,193.0,0.48,18.17,0.53,193.0,0.52,18.17,0.54,15.0,0.55,10.0,0.01,0.01,2334.174271,1776214923000
1776214925.418,125.418,0.46,15.0,0.45,10.0,0.47,193.0,0.48,18.17,0.53,193.0,0.52,18.17,0.54,15.0,0.55,10.0,0.01,0.01,2334.156203,1776214924000
1776214925.97,125.97,0.46,15.0,0.45,10.0,0.47,193.0,0.48,18.17,0.53,193.0,0.52,18.17,0.54,15.0,0.55,10.0,0.01,0.01,2334.262426,1776214925000
1776214926.232,126.232,0.43,57.0,0.42,90.0,0.47,193.0,0.48,18.17,0.53,193.0,0.52,18.17,0.54,15.0,0.55,10.0,0.04,0.01,2334.262426,1776214925000
1776214927.051,127.051,0.47,70.0,0.46,70.0,0.49,25.86,0.5,16.4,0.53,193.0,0.52,18.17,0.57,57.0,0.58,90.0,0.02,0.04,2334.262426,1776214925000
1776214927.43,127.43,0.48,163.0,0.47,125.0,0.49,10.86,0.5,16.4,0.51,15.86,0.5,16.4,0.53,110.0,0.54,70.0,0.01,0.02,2334.259579,1776214926000
1776214928.146,128.146,0.48,88.0,0.47,135.0,0.49,0.86,0.5,16.4,0.51,10.86,0.5,16.4,0.52,163.0,0.53,125.0,0.01,0.01,2334.259579,1776214926000
1776214928.535,128.535,0.48,113.0,0.47,135.0,0.5,7.26,0.51,9.11,0.51,0.86,0.5,16.4,0.52,88.0,0.53,135.0,0.02,0.01,2334.24883,1776214927000
1776214928.787,128.787,0.49,120.0,0.48,83.0,0.51,9.11,0.52,10.0,0.5,7.26,0.49,9.11,0.52,113.0,0.53,135.0,0.02,0.02,2334.24883,1776214927000
1776214929.138,129.138,0.5,70.0,0.49,40.0,0.51,23.11,0.52,20.0,0.49,9.11,0.48,10.0,0.51,120.0,0.52,83.0,0.01,0.02,2334.24883,1776214927000
1776214929.703,129.703,0.48,37.0,0.47,5.0,0.49,41.0,0.5,31.0,0.49,23.11,0.48,20.0,0.5,70.0,0.51,40.0,0.01,0.01,2334.24883,1776214927000
1776214930.078,130.078,0.48,37.0,0.47,5.0,0.49,41.0,0.5,31.0,0.51,41.0,0.5,31.0,0.52,37.0,0.53,5.0,0.01,0.01,2334.585535,1776214929000
1776214930.613,130.613,0.43,90.0,0.41,136.0,0.44,11.0,0.45,58.0,0.51,41.0,0.5,31.0,0.52,37.0,0.53,5.0,0.01,0.01,2334.585535,1776214929000
1776214931.182,131.182,0.43,90.0,0.41,136.0,0.44,11.0,0.45,58.0,0.56,11.0,0.55,58.0,0.57,90.0,0.59,136.0,0.01,0.01,2334.552156,1776214930000
1776214932.375,132.375,0.43,90.0,0.41,136.0,0.44,11.0,0.45,58.0,0.56,11.0,0.55,58.0,0.57,90.0,0.59,136.0,0.01,0.01,2334.3722,1776214931000
1776214932.917,132.917,0.43,90.0,0.41,136.0,0.44,11.0,0.45,58.0,0.56,11.0,0.55,58.0,0.57,90.0,0.59,136.0,0.01,0.01,2334.335756,1776214932000
1776214933.118,133.118,0.35,68.13,0.34,70.0,0.37,20.0,0.38,10.0,0.63,20.0,0.62,10.0,0.64,4.9,0.65,70.0,0.02,0.01,2334.335756,1776214932000
1776214933.7,133.7,0.32,174.55,0.31,5.0,0.36,10.0,0.37,44.59,0.63,23.59,0.62,15.0,0.65,65.05,0.66,70.0,0.04,0.02,2334.335756,1776214932000
1776214934.346,134.346,0.32,174.55,0.31,5.0,0.36,10.0,0.37,44.59,0.64,10.0,0.63,44.59,0.68,174.55,0.69,5.0,0.04,0.04,2334.282108,1776214933000
1776214935.493,135.493,0.32,174.55,0.31,5.0,0.36,10.0,0.37,44.59,0.64,10.0,0.63,44.59,0.68,174.55,0.69,5.0,0.04,0.04,2333.822878,1776214934000
1776214936.228,136.228,0.31,200.0,0.3,90.0,0.32,0.5,0.33,16.0,0.68,0.5,0.67,16.0,0.69,200.0,0.7,90.0,0.01,0.01,2333.822678,1776214935000
1776214937.385,137.385,0.31,200.0,0.3,90.0,0.32,0.5,0.33,16.0,0.68,0.5,0.67,16.0,0.69,200.0,0.7,90.0,0.01,0.01,2333.79168,1776214936000
1776214937.907,137.907,0.31,200.0,0.3,90.0,0.32,0.5,0.33,16.0,0.68,0.5,0.67,16.0,0.69,200.0,0.7,90.0,0.01,0.01,2333.763896,1776214937000
1776214939.412,139.412,0.31,10.16,0.3,5.0,0.32,20.0,0.33,21.0,0.68,0.5,0.67,16.0,0.69,200.0,0.7,90.0,0.01,0.01,2333.763896,1776214937000
1776214939.724,139.724,0.3,5.0,0.29,5.0,0.32,20.0,0.33,21.0,0.68,20.0,0.67,21.0,0.69,10.16,0.7,5.0,0.02,0.01,2333.798754,1776214938000
1776214940.034,140.034,0.3,5.0,0.29,5.0,0.32,20.0,0.33,21.0,0.68,20.0,0.67,21.0,0.7,5.0,0.71,5.0,0.02,0.02,2333.759749,1776214939000
1776214941.33,141.33,0.3,5.0,0.29,5.0,0.32,20.0,0.33,21.0,0.68,20.0,0.67,21.0,0.7,5.0,0.71,5.0,0.02,0.02,2333.750389,1776214940000
1776214942.107,142.107,0.3,5.0,0.29,5.0,0.32,20.0,0.33,21.0,0.68,20.0,0.67,21.0,0.7,5.0,0.71,5.0,0.02,0.02,2333.750389,1776214941000
1776214943.301,143.301,0.3,5.0,0.29,5.0,0.32,20.0,0.33,21.0,0.68,20.0,0.67,21.0,0.7,5.0,0.71,5.0,0.02,0.02,2333.726183,1776214942000
1776214944.721,144.721,0.34,5.0,0.33,75.0,0.38,85.0,0.39,55.0,0.68,20.0,0.67,21.0,0.7,5.0,0.71,5.0,0.04,0.02,2333.726183,1776214942000
1776214944.978,144.978,0.34,5.0,0.33,75.0,0.38,85.0,0.39,55.0,0.63,5.0,0.62,85.0,0.66,5.0,0.67,75.0,0.04,0.03,2333.756681,1776214943000
1776214945.382,145.382,0.28,0.66,0.27,5.0,0.35,8.0,0.36,65.0,0.63,5.0,0.62,85.0,0.66,5.0,0.67,75.0,0.07,0.03,2333.756681,1776214943000
1776214945.66,145.66,0.28,5.66,0.27,5.0,0.3,5.0,0.31,10.0,0.7,10.0,0.69,10.0,0.71,3.01,0.72,0.66,0.02,0.01,2333.792995,1776214944000
1776214946.497,146.497,0.28,5.66,0.27,5.0,0.3,5.0,0.31,10.0,0.7,5.0,0.69,10.0,0.72,5.66,0.73,5.0,0.02,0.02,2333.713678,1776214945000
1776214947.044,147.044,0.28,5.66,0.27,5.0,0.3,5.0,0.31,10.0,0.7,5.0,0.69,10.0,0.72,5.66,0.73,5.0,0.02,0.02,2333.60805,1776214946000
1776214947.469,147.469,0.28,20.66,0.27,10.0,0.29,5.0,0.3,15.0,0.7,5.0,0.69,10.0,0.72,5.66,0.73,5.0,0.01,0.02,2333.60805,1776214946000
1776214948.243,148.243,0.28,20.66,0.27,10.0,0.29,5.0,0.3,15.0,0.71,5.0,0.7,15.0,0.72,20.66,0.73,10.0,0.01,0.01,2333.508378,1776214947000
1776214948.584,148.584,0.28,25.66,0.27,10.0,0.3,15.0,0.31,15.0,0.71,5.0,0.7,15.0,0.72,20.66,0.73,10.0,0.02,0.01,2333.508378,1776214947000
1776214949.281,149.281,0.28,25.66,0.27,10.0,0.3,15.0,0.31,15.0,0.7,15.0,0.69,15.0,0.72,25.66,0.73,10.0,0.02,0.02,2333.503282,1776214948000
1776214950.081,150.081,0.28,3.66,0.27,5.0,0.29,10.0,0.3,20.0,0.7,15.0,0.69,15.0,0.72,25.66,0.73,10.0,0.01,0.02,2333.503282,1776214948000
1776214950.42,150.42,0.28,3.66,0.27,5.0,0.29,10.0,0.3,20.0,0.71,10.0,0.7,20.0,0.72,3.66,0.73,5.0,0.01,0.01,2333.503584,1776214949000
1776214950.9,150.9,0.27,14.0,0.26,190.0,0.29,75.0,0.3,20.0,0.71,75.0,0.7,20.0,0.73,14.0,0.74,190.0,0.02,0.02,2333.503803,1776214950000
1776214951.135,151.135,0.27,27.63,0.26,190.0,0.28,20.0,0.29,25.0,0.71,75.0,0.7,20.0,0.73,14.0,0.74,190.0,0.01,0.02,2333.503803,1776214950000
1776214952.01,152.01,0.27,27.63,0.26,190.0,0.28,20.0,0.29,25.0,0.72,20.0,0.71,25.0,0.73,27.63,0.74,190.0,0.01,0.01,2333.463626,1776214951000
1776214953.112,153.112,0.27,27.63,0.26,190.0,0.28,20.0,0.29,25.0,0.72,20.0,0.71,25.0,0.73,27.63,0.74,190.0,0.01,0.01,2333.407759,1776214952000
1776214954.145,154.145,0.27,27.63,0.26,190.0,0.28,20.0,0.29,25.0,0.72,20.0,0.71,25.0,0.73,27.63,0.74,190.0,0.01,0.01,2333.402279,1776214953000
1776214955.198,155.198,0.27,9.0,0.26,190.0,0.28,25.0,0.29,25.0,0.72,25.0,0.71,25.0,0.73,9.0,0.74,190.0,0.01,0.01,2333.456356,1776214954000
1776214955.571,155.571,0.26,192.29,0.25,44.2,0.27,20.0,0.28,20.0,0.72,25.0,0.71,25.0,0.73,9.0,0.74,190.0,0.01,0.01,2333.456356,1776214954000
1776214956.069,156.069,0.26,197.29,0.25,44.2,0.27,14.81,0.28,20.0,0.73,20.0,0.72,20.0,0.74,192.29,0.75,44.2,0.01,0.01,2333.456356,1776214954000
1776214957.086,157.086,0.32,40.0,0.31,15.0,0.35,15.0,0.36,10.0,0.73,14.81,0.72,20.0,0.74,197.29,0.75,44.2,0.03,0.01,2333.450223,1776214955000
1776214957.348,157.348,0.32,40.0,0.31,15.0,0.35,15.0,0.36,10.0,0.65,15.0,0.64,10.0,0.68,40.0,0.69,15.0,0.03,0.03,2333.422214,1776214956000
1776214958.307,158.307,0.32,40.0,0.31,15.0,0.35,15.0,0.36,10.0,0.65,15.0,0.64,10.0,0.68,40.0,0.69,15.0,0.03,0.03,2333.516798,1776214957000
1776214958.91,158.91,0.32,40.0,0.31,15.0,0.35,15.0,0.36,10.0,0.65,15.0,0.64,10.0,0.68,40.0,0.69,15.0,0.03,0.03,2333.54353,1776214958000
1776214960.549,160.549,0.32,40.0,0.31,15.0,0.35,15.0,0.36,10.0,0.65,15.0,0.64,10.0,0.68,40.0,0.69,15.0,0.03,0.03,2333.649457,1776214959000
1776214961.031,161.031,0.32,40.0,0.31,15.0,0.35,15.0,0.36,10.0,0.65,15.0,0.64,10.0,0.68,40.0,0.69,15.0,0.03,0.03,2333.582189,1776214960000
1776214961.392,161.392,0.27,5.0,0.26,180.0,0.29,1.37,0.3,15.0,0.65,15.0,0.64,10.0,0.68,40.0,0.69,15.0,0.02,0.03,2333.582189,1776214960000
1776214961.883,161.883,0.26,185.0,0.25,94.2,0.27,8.0,0.28,20.0,0.71,1.37,0.7,15.0,0.73,5.0,0.74,180.0,0.01,0.02,2333.582189,1776214960000
1776214962.178,162.178,0.26,185.0,0.25,94.2,0.27,8.0,0.28,20.0,0.73,8.0,0.72,20.0,0.74,185.0,0.75,94.2,0.01,0.01,2333.47858,1776214961000
1776214963.227,163.227,0.26,185.0,0.25,94.2,0.27,8.0,0.28,20.0,0.73,8.0,0.72,20.0,0.74,185.0,0.75,94.2,0.01,0.01,2333.368195,1776214962000
1776214964.51,164.51,0.26,185.0,0.25,94.2,0.27,8.0,0.28,20.0,0.73,8.0,0.72,20.0,0.74,185.0,0.75,94.2,0.01,0.01,2333.34791,1776214963000
1776214965.057,165.057,0.26,185.0,0.25,94.2,0.27,8.0,0.28,20.0,0.73,8.0,0.72,20.0,0.74,185.0,0.75,94.2,0.01,0.01,2333.347582,1776214964000
1776214966.366,166.366,0.26,185.0,0.25,94.2,0.27,8.0,0.28,20.0,0.73,8.0,0.72,20.0,0.74,185.0,0.75,94.2,0.01,0.01,2333.345622,1776214965000
1776214967.355,167.355,0.26,185.0,0.25,99.2,0.27,43.0,0.28,15.0,0.73,8.0,0.72,20.0,0.74,185.0,0.75,94.2,0.01,0.01,2333.345622,1776214965000
1776214968.015,168.015,0.26,185.0,0.25,99.2,0.27,43.0,0.28,15.0,0.73,43.0,0.72,15.0,0.74,185.0,0.75,99.2,0.01,0.01,2333.344167,1776214967000
1776214969.29,169.29,0.26,185.0,0.25,99.2,0.27,43.0,0.28,15.0,0.73,43.0,0.72,15.0,0.74,185.0,0.75,99.2,0.01,0.01,2333.357266,1776214968000
1776214969.767,169.767,0.26,185.0,0.25,99.2,0.27,14.29,0.28,15.0,0.73,43.0,0.72,15.0,0.74,185.0,0.75,99.2,0.01,0.01,2333.357266,1776214968000
1776214970.337,170.337,0.26,185.0,0.25,99.2,0.27,14.29,0.28,15.0,0.73,14.29,0.72,15.0,0.74,185.0,0.75,99.2,0.01,0.01,2333.403773,1776214969000
1776214970.596,170.596,0.26,201.0,0.25,80.0,0.28,15.0,0.29,1.37,0.73,14.29,0.72,15.0,0.74,185.0,0.75,99.2,0.02,0.01,2333.403773,1776214969000
1776214970.944,170.944,0.26,196.0,0.25,80.0,0.28,15.0,0.29,1.37,0.72,15.0,0.71,1.37,0.74,201.0,0.75,80.0,0.02,0.02,2333.403773,1776214969000
1776214972.155,172.155,0.26,196.0,0.25,80.0,0.28,15.0,0.29,1.37,0.72,15.0,0.71,1.37,0.74,196.0,0.75,80.0,0.02,0.02,2333.438541,1776214971000
1776214972.666,172.666,0.26,224.7,0.25,104.2,0.28,10.0,0.29,15.0,0.72,15.0,0.71,1.37,0.74,196.0,0.75,80.0,0.02,0.02,2333.438541,1776214971000
1776214973.287,173.287,0.26,224.7,0.25,104.2,0.28,30.0,0.29,20.0,0.72,30.0,0.71,20.0,0.74,224.7,0.75,104.2,0.02,0.02,2333.508548,1776214972000
1776214973.952,173.952,0.26,230.06,0.25,109.2,0.27,5.0,0.28,20.0,0.73,5.0,0.72,15.0,0.74,227.67,0.75,104.2,0.01,0.01,2333.508548,1776214972000
1776214974.289,174.289,0.26,273.57,0.25,109.2,0.28,12.36,0.29,5.0,0.73,5.0,0.72,20.0,0.74,223.57,0.75,109.2,0.02,0.01,2333.508548,1776214972000
1776214974.543,174.543,0.27,330.45,0.26,129.7,0.3,5.0,0.32,15.0,0.72,2.36,0.71,10.0,0.73,64.0,0.74,328.57,0.03,0.01,2333.498659,1776214973000
1776214974.786,174.786,0.33,50.0,0.31,15.0,0.39,18.0,0.4,15.0,0.68,15.0,0.67,5.0,0.7,7.0,0.71,523.0,0.06,0.02,2333.498659,1776214973000
1776214975.202,175.202,0.38,403.58,0.37,26.0,0.4,15.0,0.42,5.0,0.61,11.0,0.6,25.0,0.62,33.58,0.63,16.0,0.02,0.01,2333.498659,1776214973000
1776214975.404,175.404,0.38,237.87,0.37,26.0,0.4,15.0,0.42,5.0,0.6,15.0,0.58,5.0,0.62,403.58,0.63,26.0,0.02,0.02,2333.498659,1776214973000
1776214975.67,175.67,0.39,0.25,0.38,198.87,0.42,5.0,0.43,5.0,0.6,15.0,0.58,5.0,0.61,2.55,0.62,210.87,0.03,0.01,2333.551901,1776214974000
1776214976.114,176.114,0.41,60.13,0.4,115.76,0.42,5.0,0.43,10.0,0.58,5.0,0.57,5.0,0.6,59.76,0.61,11.0,0.01,0.02,2333.551901,1776214974000
1776214976.345,176.345,0.41,58.26,0.4,115.76,0.42,5.0,0.43,10.0,0.58,5.0,0.57,10.0,0.59,58.26,0.6,115.76,0.01,0.01,2333.640993,1776214975000
1776214976.654,176.654,0.41,147.02,0.4,110.76,0.42,10.0,0.43,5.0,0.58,5.0,0.57,10.0,0.59,58.26,0.6,115.76,0.01,0.01,2333.640993,1776214975000
1776214977.139,177.139,0.41,132.96,0.4,295.76,0.42,10.0,0.44,79.91,0.58,10.0,0.56,79.91,0.59,132.96,0.6,295.76,0.01,0.01,2333.836255,1776214976000
1776214977.363,177.363,0.44,105.0,0.43,20.0,0.45,0.55,0.49,10.0,0.52,3.06,0.51,10.0,0.56,70.0,0.59,419.96,0.01,0.04,2333.836255,1776214976000
1776214977.584,177.584,0.48,81.0,0.47,21.0,0.49,3.96,0.51,3.11,0.51,9.9,0.49,12.11,0.52,10.0,0.53,10.0,0.01,0.01,2333.836255,1776214976000
1776214978.142,178.142,0.5,18.26,0.49,15.0,0.51,73.88,0.52,195.0,0.51,3.96,0.49,3.11,0.52,81.0,0.53,21.0,0.01,0.01,2333.836255,1776214976000
1776214978.411,178.411,0.5,18.16,0.49,15.0,0.51,73.88,0.52,195.0,0.49,73.88,0.48,195.0,0.5,18.26,0.51,15.0,0.01,0.01,2333.836255,1776214976000
1776214978.761,178.761,0.5,3.98,0.49,15.0,0.51,87.88,0.52,185.0,0.49,87.88,0.48,185.0,0.5,9.08,0.51,15.0,0.01,0.01,2334.203111,1776214977000
1776214979.1,179.1,0.5,50.98,0.49,15.0,0.51,12.86,0.52,185.0,0.49,22.11,0.48,185.0,0.5,15.98,0.51,15.0,0.01,0.01,2334.203111,1776214977000
1776214979.587,179.587,0.5,10.0,0.49,15.0,0.52,240.43,0.53,85.0,0.48,166.43,0.47,70.0,0.5,55.98,0.51,15.0,0.02,0.02,2334.270709,1776214978000
1776214980.431,180.431,0.5,10.0,0.49,15.0,0.52,240.43,0.53,85.0,0.48,240.43,0.47,85.0,0.5,10.0,0.51,15.0,0.02,0.02,2334.401848,1776214979000
1776214980.929,180.929,0.5,60.0,0.49,15.0,0.51,56.01,0.52,214.43,0.49,68.0,0.48,212.43,0.5,45.0,0.51,15.0,0.01,0.01,2334.401848,1776214979000
1776214981.395,181.395,0.5,10.0,0.49,15.0,0.51,36.53,0.52,214.43,0.49,56.01,0.48,214.43,0.5,60.0,0.51,15.0,0.01,0.01,2334.401848,1776214979000
1776214982.042,182.042,0.5,10.0,0.49,15.0,0.51,27.76,0.52,219.43,0.49,36.53,0.48,214.43,0.5,10.0,0.51,15.0,0.01,0.01,2334.437749,1776214980000
1776214982.502,182.502,0.5,10.0,0.49,15.0,0.51,27.76,0.52,219.43,0.49,27.76,0.48,219.43,0.5,10.0,0.51,15.0,0.01,0.01,2334.483363,1776214981000
1776214983.158,183.158,0.55,113.0,0.54,26.0,0.56,7.86,0.57,10.0,0.44,9.9,0.41,12.0,0.5,119.0,0.51,20.0,0.01,0.06,2334.483363,1776214981000
1776214983.406,183.406,0.55,119.0,0.54,26.0,0.57,5.94,0.59,12.0,0.44,2.77,0.43,10.0,0.45,114.0,0.46,26.0,0.02,0.01,2334.564928,1776214982000
1776214984.036,184.036,0.56,104.0,0.55,26.0,0.59,5.64,0.6,5.0,0.41,10.66,0.39,75.0,0.44,10.0,0.45,114.0,0.03,0.03,2334.564928,1776214982000
1776214984.295,184.295,0.58,48.09,0.57,10.0,0.59,19.64,0.6,75.91,0.41,5.64,0.4,5.0,0.44,104.0,0.45,26.0,0.01,0.03,2334.564928,1776214982000
1776214984.831,184.831,0.58,42.09,0.57,10.0,0.59,24.64,0.6,75.91,0.41,19.64,0.4,75.91,0.42,48.09,0.43,10.0,0.01,0.01,2334.538176,1776214983000
1776214985.097,185.097,0.58,42.09,0.57,10.0,0.59,24.64,0.6,75.91,0.41,24.64,0.4,75.91,0.42,42.09,0.43,10.0,0.01,0.01,2334.755766,1776214984000
1776214985.426,185.426,0.58,51.7,0.57,10.0,0.59,24.64,0.6,75.91,0.41,24.64,0.4,75.91,0.42,42.09,0.43,10.0,0.01,0.01,2334.755766,1776214984000
1776214985.981,185.981,0.58,50.7,0.57,10.0,0.59,24.64,0.6,75.91,0.41,24.64,0.4,75.91,0.42,51.7,0.43,10.0,0.01,0.01,2334.755766,1776214984000
1776214986.473,186.473,0.58,50.7,0.57,10.0,0.59,24.64,0.6,75.91,0.41,24.64,0.4,75.91,0.42,50.7,0.43,10.0,0.01,0.01,2334.840599,1776214985000
1776214987.2,187.2,0.58,50.7,0.57,10.0,0.59,24.64,0.6,75.91,0.41,24.64,0.4,75.91,0.42,50.7,0.43,10.0,0.01,0.01,2334.816185,1776214986000
1776214987.455,187.455,0.58,57.94,0.57,10.0,0.59,54.73,0.6,23.0,0.41,24.64,0.4,75.91,0.42,50.7,0.43,10.0,0.01,0.01,2334.816185,1776214986000
1776214988.574,188.574,0.58,57.94,0.57,10.0,0.59,54.73,0.6,23.0,0.41,54.73,0.4,23.0,0.42,57.94,0.43,10.0,0.01,0.01,2334.819192,1776214987000
1776214989.242,189.242,0.58,57.94,0.57,10.0,0.59,54.73,0.6,23.0,0.41,54.73,0.4,23.0,0.42,57.94,0.43,10.0,0.01,0.01,2334.835497,1776214988000
1776214990.559,190.559,0.58,57.94,0.57,10.0,0.59,54.73,0.6,23.0,0.41,54.73,0.4,23.0,0.42,57.94,0.43,10.0,0.01,0.01,2334.833658,1776214989000
1776214991.124,191.124,0.58,57.94,0.57,10.0,0.59,54.73,0.6,23.0,0.41,54.73,0.4,23.0,0.42,57.94,0.43,10.0,0.01,0.01,2334.887287,1776214990000
1776214992.546,192.546,0.58,57.94,0.57,10.0,0.59,54.73,0.6,23.0,0.41,54.73,0.4,23.0,0.42,57.94,0.43,10.0,0.01,0.01,2334.893956,1776214991000
1776214992.77,192.77,0.58,185.94,0.57,25.0,0.63,42.43,0.65,10.0,0.41,54.73,0.4,23.0,0.42,57.94,0.43,10.0,0.05,0.01,2334.893956,1776214991000
1776214993.109,193.109,0.67,10.0,0.66,40.0,0.68,4.9,0.69,5.0,0.32,4.9,0.31,5.0,0.33,10.0,0.34,40.0,0.01,0.01,2334.892476,1776214992000
1776214993.325,193.325,0.69,63.0,0.68,10.0,0.71,5.0,0.72,14.0,0.32,4.9,0.31,5.0,0.33,10.0,0.34,40.0,0.02,0.01,2334.892476,1776214992000
1776214993.575,193.575,0.69,88.0,0.68,15.0,0.74,75.0,0.75,70.0,0.27,75.0,0.26,75.0,0.31,88.0,0.32,10.0,0.05,0.04,2334.892476,1776214992000
1776214993.925,193.925,0.72,40.0,0.71,15.0,0.73,24.0,0.74,75.0,0.26,75.0,0.25,70.0,0.31,88.0,0.32,15.0,0.01,0.05,2334.892476,1776214992000
1776214994.393,194.393,0.72,123.0,0.71,21.0,0.75,60.01,0.77,10.0,0.27,24.0,0.26,75.0,0.28,40.0,0.29,15.0,0.03,0.01,2334.892476,1776214992000
1776214994.757,194.757,0.72,129.0,0.71,15.0,0.75,50.01,0.77,10.0,0.25,50.01,0.23,10.0,0.28,123.0,0.29,15.0,0.03,0.03,2334.925731,1776214993000
1776214995.061,195.061,0.72,114.0,0.71,20.0,0.75,40.01,0.77,10.0,0.25,40.01,0.23,10.0,0.28,114.0,0.29,20.0,0.03,0.03,2335.134669,1776214994000
1776214995.608,195.608,0.56,15.45,0.55,10.0,0.73,210.84,0.74,5.0,0.27,66.84,0.25,76.01,0.28,10.0,0.29,20.0,0.17,0.01,2335.134669,1776214994000
1776214996.004,196.004,0.59,198.0,0.58,21.0,0.64,7.0,0.66,55.0,0.38,70.0,0.3,11.66,0.44,4.21,0.45,10.0,0.05,0.06,2335.134669,1776214994000
1776214996.301,196.301,0.63,10.0,0.62,10.0,0.65,4.58,0.7,70.0,0.36,7.0,0.34,55.0,0.41,198.0,0.42,21.0,0.02,0.05,2335.134669,1776214994000
1776214996.794,196.794,0.67,9.0,0.66,10.0,0.69,17.0,0.7,82.0,0.35,4.58,0.3,70.0,0.37,4.67,0.38,22.0,0.02,0.02,2335.33894,1776214995000
1776214997.355,197.355,0.67,14.0,0.66,10.0,0.7,70.0,0.71,60.0,0.31,17.0,0.3,82.0,0.33,9.0,0.34,10.0,0.03,0.02,2335.33894,1776214995000
1776214997.709,197.709,0.69,15.0,0.68,15.0,0.7,69.92,0.71,60.0,0.3,70.0,0.29,60.0,0.33,14.0,0.34,10.0,0.01,0.03,2335.079025,1776214996000
1776214998.158,198.158,0.69,20.0,0.68,15.0,0.7,75.7,0.71,65.0,0.3,75.7,0.29,65.0,0.31,20.0,0.32,15.0,0.01,0.01,2335.093251,1776214997000
1776214998.414,198.414,0.69,15.0,0.68,10.0,0.72,22.0,0.73,66.84,0.3,75.7,0.29,65.0,0.31,20.0,0.32,15.0,0.03,0.01,2335.093251,1776214997000
1776214999.238,199.238,0.69,15.0,0.68,10.0,0.72,22.0,0.73,66.84,0.28,22.0,0.27,66.84,0.31,15.0,0.32,10.0,0.03,0.03,2335.103143,1776214998000
1776214999.646,199.646,0.72,15.0,0.71,15.0,0.73,27.84,0.74,18.7,0.28,22.0,0.27,66.84,0.31,15.0,0.32,10.0,0.01,0.03,2335.103143,1776214998000
1776215000.08,200.08,0.72,25.0,0.71,30.0,0.73,22.85,0.74,23.7,0.27,27.84,0.26,18.7,0.28,15.0,0.29,15.0,0.01,0.01,2335.103143,1776214998000
1776215000.51,200.51,0.59,2.67,0.58,29.8,0.73,11.28,0.74,23.7,0.27,11.28,0.26,23.7,0.41,2.67,0.42,29.8,0.14,0.14,2335.178981,1776214999000
1776215000.795,200.795,0.69,33.0,0.68,10.0,0.7,13.57,0.71,5.0,0.3,15.0,0.29,30.0,0.31,16.0,0.32,10.0,0.01,0.01,2335.178981,1776214999000
1776215001.146,201.146,0.69,33.0,0.68,10.0,0.7,13.57,0.71,5.0,0.3,13.57,0.29,5.0,0.31,33.0,0.32,10.0,0.01,0.01,2335.185195,1776215000000
1776215001.895,201.895,0.74,15.0,0.73,15.0,0.75,6.2,0.76,65.0,0.26,23.7,0.25,11.0,0.28,10.0,0.29,10.0,0.01,0.02,2335.185195,1776215000000
1776215002.35,202.35,0.74,15.0,0.73,15.0,0.75,6.2,0.76,65.0,0.25,6.2,0.24,65.0,0.26,15.0,0.27,15.0,0.01,0.01,2335.357228,1776215001000
1776215002.825,202.825,0.74,100.0,0.73,20.0,0.81,48.34,0.82,19.0,0.25,6.2,0.24,65.0,0.26,15.0,0.27,15.0,0.07,0.01,2335.357228,1776215001000
1776215003.19,203.19,0.74,1.53,0.73,10.0,0.81,58.65,0.82,24.61,0.19,48.34,0.18,19.0,0.26,100.0,0.27,20.0,0.07,0.07,2335.369371,1776215002000
1776215003.477,203.477,0.79,10.0,0.78,10.0,0.81,48.61,0.82,9.0,0.19,67.41,0.18,24.61,0.21,10.0,0.24,10.0,0.02,0.02,2335.369371,1776215002000
1776215003.717,203.717,0.82,17.0,0.81,20.0,0.83,62.11,0.84,70.0,0.19,48.61,0.18,9.0,0.21,10.0,0.22,10.0,0.01,0.02,2335.369371,1776215002000
1776215004.057,204.057,0.82,25.0,0.81,19.26,0.83,175.0,0.84,81.07,0.17,180.0,0.16,66.07,0.19,14.26,0.2,10.0,0.01,0.02,2335.369371,1776215002000
1776215004.418,204.418,0.82,25.0,0.81,19.26,0.83,175.0,0.84,81.07,0.17,175.0,0.16,81.07,0.18,25.0,0.19,19.26,0.01,0.01,2335.427076,1776215003000
1776215004.622,204.622,0.82,5.0,0.81,19.26,0.83,175.0,0.84,76.07,0.17,175.0,0.16,81.07,0.18,25.0,0.19,19.26,0.01,0.01,2335.427076,1776215003000
1776215004.963,204.963,0.82,10.0,0.81,19.26,0.83,173.63,0.84,76.07,0.17,173.63,0.16,76.07,0.18,10.0,0.19,19.26,0.01,0.01,2335.53917,1776215004000
1776215005.188,205.188,0.86,10.81,0.85,101.0,0.87,2.24,0.88,80.0,0.13,7.98,0.12,80.0,0.15,81.0,0.16,10.0,0.01,0.02,2335.53917,1776215004000
1776215005.509,205.509,0.87,121.0,0.86,86.0,0.88,65.04,0.89,10.0,0.12,70.85,0.11,10.0,0.14,127.0,0.15,30.0,0.01,0.02,2335.53917,1776215004000
1776215005.862,205.862,0.87,60.0,0.86,106.0,0.88,57.49,0.89,10.0,0.12,54.26,0.11,10.0,0.13,121.0,0.14,86.0,0.01,0.01,2335.53917,1776215004000
1776215006.378,206.378,0.87,60.0,0.86,106.0,0.88,57.49,0.89,10.0,0.12,57.49,0.11,10.0,0.13,60.0,0.14,106.0,0.01,0.01,2335.906462,1776215005000
1776215006.921,206.921,0.87,231.0,0.86,176.0,0.89,9.94,0.9,10.0,0.12,13.35,0.11,10.0,0.13,226.0,0.14,176.0,0.02,0.01,2335.906462,1776215005000
1776215007.469,207.469,0.88,164.28,0.87,151.0,0.89,9.94,0.9,10.0,0.11,9.94,0.1,10.0,0.13,231.0,0.14,176.0,0.01,0.02,2336.027259,1776215006000
1776215008.026,208.026,0.88,187.0,0.87,116.0,0.89,7.15,0.9,10.0,0.11,9.94,0.1,10.0,0.12,164.28,0.13,151.0,0.01,0.01,2336.027259,1776215006000
1776215008.424,208.424,0.88,18.0,0.87,116.0,0.89,12.15,0.9,10.0,0.11,7.15,0.1,10.0,0.12,187.0,0.13,116.0,0.01,0.01,2336.837487,1776215007000
1776215009.108,209.108,0.88,30.0,0.87,21.0,0.89,0.15,0.9,10.0,0.11,12.15,0.1,10.0,0.12,18.0,0.13,116.0,0.01,0.01,2336.837487,1776215007000
1776215009.401,209.401,0.89,16.0,0.88,25.0,0.9,287.35,0.91,160.0,0.1,287.35,0.09,160.0,0.11,16.0,0.12,25.0,0.01,0.01,2336.840162,1776215008000
1776215009.811,209.811,0.87,127.41,0.85,10.0,0.88,34.0,0.89,90.0,0.1,287.35,0.09,160.0,0.11,16.0,0.12,25.0,0.01,0.01,2336.840162,1776215008000
1776215010.143,210.143,0.79,35.0,0.78,285.0,0.86,6.0,0.88,172.86,0.12,62.86,0.11,110.0,0.13,96.41,0.17,10.0,0.07,0.01,2336.840162,1776215008000
1776215010.432,210.432,0.83,10.0,0.82,20.0,0.86,50.99,0.87,10.0,0.17,8.79,0.16,10.0,0.19,10.0,0.2,40.0,0.03,0.02,2336.840162,1776215008000
1776215010.639,210.639,0.84,2.5,0.83,10.0,0.86,50.99,0.87,10.0,0.14,50.99,0.13,10.0,0.16,2.5,0.17,10.0,0.02,0.02,2336.797,1776215009000
1776215010.894,210.894,0.86,30.0,0.85,39.0,0.87,2.89,0.88,32.86,0.13,2.93,0.12,32.86,0.14,20.0,0.15,20.0,0.01,0.01,2336.797,1776215009000
1776215011.2,211.2,0.81,20.0,0.8,10.0,0.83,9.14,0.84,9.43,0.17,9.14,0.16,9.43,0.18,20.0,0.19,20.0,0.02,0.01,2336.771758,1776215010000
1776215011.465,211.465,0.82,10.0,0.81,25.0,0.83,9.69,0.84,29.0,0.17,9.14,0.16,9.43,0.19,20.0,0.2,10.0,0.01,0.02,2336.771758,1776215010000
1776215011.913,211.913,0.82,5.0,0.81,10.0,0.83,19.59,0.84,209.0,0.17,1.52,0.16,29.0,0.18,4.95,0.19,25.0,0.01,0.01,2336.771758,1776215010000
1776215012.122,212.122,0.78,10.0,0.77,80.0,0.83,18.09,0.84,209.0,0.17,18.09,0.16,209.0,0.22,10.0,0.23,80.0,0.05,0.05,2336.437592,1776215011000
1776215012.329,212.329,0.78,20.0,0.77,80.0,0.8,13.8,0.81,10.0,0.17,18.09,0.16,209.0,0.22,10.0,0.23,80.0,0.02,0.05,2336.437592,1776215011000
1776215012.656,212.656,0.78,25.0,0.77,80.0,0.79,10.0,0.8,13.8,0.2,13.8,0.19,10.0,0.22,20.0,0.23,80.0,0.01,0.02,2336.437592,1776215011000
1776215012.886,212.886,0.78,17.5,0.77,80.0,0.8,12.6,0.81,10.0,0.21,3.84,0.2,13.8,0.22,17.5,0.23,80.0,0.02,0.01,2336.437592,1776215011000
1776215013.235,213.235,0.78,8.45,0.77,80.0,0.8,12.6,0.81,10.0,0.2,12.6,0.19,10.0,0.22,8.45,0.23,80.0,0.02,0.02,2336.380684,1776215012000
1776215014.154,214.154,0.8,10.11,0.79,10.0,0.81,10.0,0.82,10.0,0.2,12.6,0.19,10.0,0.22,8.45,0.23,80.0,0.01,0.02,2336.380684,1776215012000
1776215015.137,215.137,0.82,27.0,0.81,10.0,0.86,10.0,0.87,10.0,0.19,10.0,0.18,10.0,0.2,10.11,0.21,10.0,0.04,0.01,2336.240516,1776215013000
1776215015.869,215.869,0.84,39.0,0.83,33.0,0.85,15.0,0.86,4.74,0.14,4.74,0.13,10.0,0.18,27.0,0.19,10.0,0.01,0.04,2336.088135,1776215014000
1776215016.251,216.251,0.84,39.0,0.83,33.0,0.85,15.0,0.86,4.74,0.15,15.0,0.14,4.74,0.16,39.0,0.17,33.0,0.01,0.01,2336.118889,1776215015000
1776215016.512,216.512,0.86,10.0,0.85,25.0,0.87,102.11,0.88,290.0,0.15,15.0,0.14,4.74,0.16,39.0,0.17,33.0,0.01,0.01,2336.118889,1776215015000
1776215016.969,216.969,0.86,10.0,0.85,25.0,0.87,103.53,0.88,290.0,0.13,102.11,0.12,290.0,0.14,10.0,0.15,25.0,0.01,0.01,2336.118889,1776215015000
1776215017.304,217.304,0.86,10.0,0.85,25.0,0.87,103.53,0.88,290.0,0.13,103.53,0.12,290.0,0.14,10.0,0.15,25.0,0.01,0.01,2336.314518,1776215016000
1776215017.544,217.544,0.86,20.0,0.85,48.0,0.87,287.53,0.88,110.0,0.13,103.53,0.12,290.0,0.14,10.0,0.15,25.0,0.01,0.01,2336.314518,1776215016000
1776215017.808,217.808,0.86,5.0,0.83,28.0,0.87,309.53,0.88,135.0,0.13,287.53,0.12,110.0,0.14,20.0,0.15,48.0,0.01,0.01,2336.314518,1776215016000
1776215018.31,218.31,0.85,22.0,0.83,28.0,0.86,5.0,0.87,203.76,0.14,5.0,0.13,203.76,0.15,22.0,0.17,28.0,0.01,0.01,2336.440681,1776215017000
1776215018.811,218.811,0.85,22.0,0.83,28.0,0.86,5.0,0.87,203.76,0.14,5.0,0.13,203.76,0.15,22.0,0.17,28.0,0.01,0.01,2336.460852,1776215018000
1776215019.886,219.886,0.85,22.0,0.83,28.0,0.86,5.0,0.87,203.76,0.14,5.0,0.13,203.76,0.15,22.0,0.17,28.0,0.01,0.01,2336.435261,1776215019000
1776215020.281,220.281,0.82,70.0,0.81,10.0,0.85,5.0,0.86,82.0,0.14,32.0,0.13,197.76,0.15,15.0,0.16,10.0,0.03,0.01,2336.435261,1776215019000
1776215020.941,220.941,0.82,69.95,0.81,10.0,0.83,10.0,0.84,19.0,0.17,10.0,0.16,19.0,0.18,69.95,0.19,10.0,0.01,0.01,2336.403996,1776215020000
1776215021.143,221.143,0.82,89.95,0.81,210.0,0.83,15.95,0.84,29.0,0.17,10.0,0.16,19.0,0.18,69.95,0.19,10.0,0.01,0.01,2336.403996,1776215020000
1776215021.965,221.965,0.82,89.95,0.81,210.0,0.83,15.95,0.84,29.0,0.17,15.95,0.16,29.0,0.18,89.95,0.19,210.0,0.01,0.01,2336.363073,1776215021000
1776215022.265,222.265,0.82,78.61,0.81,210.0,0.83,15.95,0.84,29.0,0.17,15.95,0.16,29.0,0.18,89.95,0.19,210.0,0.01,0.01,2336.363073,1776215021000
1776215022.972,222.972,0.82,78.61,0.81,210.0,0.83,15.95,0.84,29.0,0.17,15.95,0.16,29.0,0.18,78.61,0.19,210.0,0.01,0.01,2336.345271,1776215022000
1776215024.052,224.052,0.82,62.49,0.81,210.0,0.83,10.95,0.84,29.0,0.17,10.95,0.16,29.0,0.18,73.61,0.19,210.0,0.01,0.01,2336.345271,1776215022000
1776215024.286,224.286,0.82,57.49,0.81,228.4,0.83,4.95,0.84,29.0,0.17,10.95,0.16,29.0,0.18,62.49,0.19,210.0,0.01,0.01,2336.345271,1776215022000
1776215025.002,225.002,0.86,15.0,0.85,25.0,0.87,2.11,0.88,10.0,0.17,2.67,0.16,29.0,0.18,67.49,0.19,234.4,0.01,0.01,2336.345271,1776215022000
1776215025.556,225.556,0.87,11.53,0.86,42.0,0.9,7.35,0.91,234.0,0.13,2.11,0.12,10.0,0.14,15.0,0.15,25.0,0.03,0.01,2336.345271,1776215022000
1776215027.16,227.16,0.89,12.42,0.88,185.0,0.91,119.0,0.92,210.0,0.11,98.16,0.1,107.35,0.13,137.02,0.14,42.0,0.02,0.02,2336.345271,1776215022000
1776215027.944,227.944,0.88,5.0,0.87,13.49,0.9,25.0,0.91,244.0,0.1,25.0,0.09,244.0,0.12,5.0,0.13,13.49,0.02,0.02,2336.68437,1776215026000
1776215028.421,228.421,0.85,9.0,0.82,9.04,0.88,16.0,0.89,36.0,0.1,25.0,0.09,244.0,0.12,5.0,0.13,13.49,0.03,0.02,2336.68437,1776215026000
1776215029.023,229.023,0.82,15.0,0.81,10.0,0.83,3.63,0.84,10.0,0.12,16.0,0.11,36.0,0.15,9.0,0.18,9.04,0.01,0.03,2336.761821,1776215027000
1776215029.796,229.796,0.83,101.17,0.82,205.0,0.84,10.0,0.85,10.0,0.16,10.0,0.15,10.0,0.18,15.0,0.19,10.0,0.01,0.02,2336.609267,1776215028000
1776215030.27,230.27,0.83,101.17,0.82,205.0,0.84,10.0,0.85,10.0,0.16,10.0,0.15,10.0,0.17,101.17,0.18,205.0,0.01,0.01,2336.410567,1776215029000
1776215030.654,230.654,0.83,106.17,0.82,200.0,0.84,8.8,0.85,10.0,0.16,10.0,0.15,10.0,0.17,101.17,0.18,205.0,0.01,0.01,2336.410567,1776215029000
1776215030.87,230.87,0.83,106.17,0.82,200.0,0.84,9.99,0.85,6.93,0.15,6.93,0.14,31.0,0.17,111.17,0.18,200.0,0.01,0.02,2336.410567,1776215029000
1776215031.173,231.173,0.83,110.5,0.82,200.0,0.84,8.37,0.85,6.93,0.16,8.37,0.15,6.93,0.17,111.17,0.18,200.0,0.01,0.01,2336.410567,1776215029000
1776215031.936,231.936,0.83,110.5,0.82,206.0,0.84,2.35,0.85,6.93,0.16,2.35,0.15,6.93,0.17,110.5,0.18,206.0,0.01,0.01,2336.288615,1776215031000
1776215032.43,232.43,0.84,62.82,0.83,195.0,0.85,4.18,0.86,31.0,0.15,4.25,0.14,31.0,0.17,300.5,0.18,26.0,0.01,0.02,2336.288615,1776215031000
1776215032.798,232.798,0.84,62.82,0.83,10.0,0.85,4.1,0.86,31.0,0.15,4.13,0.14,31.0,0.16,62.82,0.17,195.0,0.01,0.01,2336.288615,1776215031000
1776215033.02,233.02,0.84,62.82,0.83,10.0,0.85,3.64,0.86,31.0,0.15,3.64,0.14,31.0,0.16,62.82,0.17,10.0,0.01,0.01,2336.253258,1776215032000
1776215034.263,234.263,0.84,62.82,0.83,10.0,0.85,3.64,0.86,31.0,0.15,3.64,0.14,31.0,0.16,62.82,0.17,10.0,0.01,0.01,2336.252242,1776215033000
1776215035.271,235.271,0.84,62.82,0.83,10.0,0.85,3.64,0.86,31.0,0.15,3.64,0.14,31.0,0.16,62.82,0.17,10.0,0.01,0.01,2336.232168,1776215034000
1776215035.963,235.963,0.84,62.82,0.83,10.0,0.85,3.64,0.86,31.0,0.15,3.64,0.14,31.0,0.16,62.82,0.17,10.0,0.01,0.01,2336.224612,1776215035000
1776215036.351,236.351,0.9,15.0,0.89,27.53,0.91,109.9,0.92,210.0,0.15,3.64,0.14,31.0,0.16,62.82,0.17,10.0,0.01,0.01,2336.224612,1776215035000
1776215036.665,236.665,0.9,49.49,0.89,63.53,0.91,94.85,0.92,390.0,0.09,76.93,0.08,210.0,0.1,54.49,0.11,63.53,0.01,0.01,2336.224612,1776215035000
1776215036.874,236.874,0.9,50.49,0.89,63.53,0.91,94.85,0.92,390.0,0.09,94.85,0.08,390.0,0.1,49.49,0.11,63.53,0.01,0.01,2336.224612,1776215035000
1776215037.691,237.691,0.87,62.3,0.86,43.0,0.88,296.0,0.89,110.0,0.09,94.36,0.08,390.0,0.1,45.49,0.11,63.53,0.01,0.01,2336.222905,1776215036000
1776215038.253,238.253,0.87,56.35,0.86,27.0,0.88,296.0,0.89,110.0,0.12,296.0,0.11,110.0,0.13,56.35,0.14,27.0,0.01,0.01,2336.513821,1776215037000
1776215038.745,238.745,0.85,117.29,0.84,195.0,0.87,26.25,0.88,190.0,0.12,296.0,0.11,110.0,0.13,56.35,0.14,27.0,0.02,0.01,2336.513821,1776215037000
1776215038.987,238.987,0.85,102.29,0.84,10.0,0.86,4.26,0.87,26.25,0.13,26.25,0.12,190.0,0.15,117.29,0.16,195.0,0.01,0.02,2336.513821,1776215037000
1776215039.233,239.233,0.85,97.24,0.84,10.0,0.86,4.26,0.87,26.25,0.14,4.26,0.13,26.25,0.15,102.29,0.16,10.0,0.01,0.01,2336.513821,1776215037000
1776215039.789,239.789,0.85,87.59,0.84,190.0,0.87,26.25,0.88,190.0,0.14,4.26,0.13,26.25,0.15,97.24,0.16,10.0,0.02,0.01,2336.626909,1776215038000
1776215040.757,240.757,0.86,136.41,0.85,190.0,0.87,29.01,0.88,10.0,0.13,26.25,0.12,190.0,0.15,87.59,0.16,190.0,0.01,0.02,2336.509062,1776215039000
1776215041.019,241.019,0.86,321.41,0.85,10.0,0.87,8.08,0.88,10.0,0.13,8.08,0.12,10.0,0.14,321.41,0.15,10.0,0.01,0.01,2336.365785,1776215040000
1776215041.811,241.811,0.89,20.0,0.88,15.0,0.9,110.0,0.91,170.0,0.13,8.08,0.1,15.0,0.14,310.69,0.15,10.0,0.01,0.01,2336.365785,1776215040000
1776215042.26,242.26,0.89,38.53,0.88,39.0,0.9,98.0,0.91,135.0,0.1,110.0,0.09,170.0,0.11,20.0,0.12,15.0,0.01,0.01,2336.365785,1776215040000
1776215042.48,242.48,0.89,23.53,0.88,39.0,0.9,102.84,0.91,135.0,0.1,102.84,0.09,135.0,0.11,28.53,0.12,39.0,0.01,0.01,2336.365785,1776215040000
1776215042.771,242.771,0.89,141.51,0.88,224.0,0.9,102.84,0.91,110.0,0.1,102.84,0.09,135.0,0.11,23.53,0.12,39.0,0.01,0.01,2336.365785,1776215040000
1776215043.035,243.035,0.89,127.87,0.88,234.0,0.9,102.84,0.91,110.0,0.1,102.84,0.09,110.0,0.11,141.51,0.12,224.0,0.01,0.01,2336.326408,1776215041000
1776215043.251,243.251,0.89,294.23,0.88,54.0,0.9,102.84,0.91,120.0,0.1,102.84,0.09,110.0,0.11,114.23,0.12,234.0,0.01,0.01,2336.326408,1776215041000
1776215043.488,243.488,0.89,294.23,0.88,54.0,0.9,102.84,0.91,120.0,0.1,102.84,0.09,120.0,0.11,294.23,0.12,54.0,0.01,0.01,2336.326408,1776215042000
1776215044.066,244.066,0.91,95.0,0.9,263.0,0.92,112.11,0.93,110.0,0.1,102.84,0.09,120.0,0.11,294.23,0.12,54.0,0.01,0.01,2336.326408,1776215042000
1776215044.307,244.307,0.91,90.0,0.9,263.0,0.92,107.11,0.93,110.0,0.08,107.11,0.07,110.0,0.09,90.0,0.1,263.0,0.01,0.01,2336.426402,1776215043000
1776215044.704,244.704,0.91,275.4,0.9,303.0,0.92,201.13,0.93,110.0,0.08,217.48,0.07,110.0,0.09,119.0,0.1,263.0,0.01,0.01,2336.426402,1776215043000
1776215045.033,245.033,0.91,312.51,0.9,303.0,0.92,186.4,0.93,110.0,0.08,186.4,0.07,110.0,0.09,280.4,0.1,303.0,0.01,0.01,2336.426402,1776215043000
1776215045.246,245.246,0.91,302.51,0.9,298.0,0.92,78.81,0.93,110.0,0.08,80.37,0.07,110.0,0.09,302.51,0.1,298.0,0.01,0.01,2336.426402,1776215043000
1776215045.45,245.45,0.91,302.51,0.9,298.0,0.92,72.75,0.93,110.0,0.08,72.75,0.07,110.0,0.09,302.51,0.1,298.0,0.01,0.01,2336.514622,1776215044000
1776215045.664,245.664,0.91,307.51,0.9,303.0,0.92,59.48,0.93,110.0,0.08,72.75,0.07,110.0,0.09,302.51,0.1,298.0,0.01,0.01,2336.514622,1776215044000
1776215046.128,246.128,0.91,496.69,0.9,118.0,0.92,44.99,0.93,110.0,0.08,59.47,0.07,110.0,0.09,297.69,0.1,298.0,0.01,0.01,2336.514622,1776215044000
1776215046.518,246.518,0.91,474.69,0.9,118.0,0.92,42.81,0.93,110.0,0.08,44.99,0.07,110.0,0.09,496.69,0.1,118.0,0.01,0.01,2336.601253,1776215045000
1776215046.837,246.837,0.91,469.69,0.9,118.0,0.92,27.11,0.93,110.0,0.08,38.04,0.07,110.0,0.09,474.69,0.1,118.0,0.01,0.01,2336.601253,1776215045000
1776215047.44,247.44,0.91,469.69,0.9,118.0,0.92,19.11,0.93,110.0,0.08,19.11,0.07,110.0,0.09,469.69,0.1,118.0,0.01,0.01,2336.829521,1776215046000
1776215048.022,248.022,0.91,478.69,0.9,108.0,0.92,10.67,0.93,110.0,0.08,14.11,0.07,110.0,0.09,270.69,0.1,288.0,0.01,0.01,2336.829521,1776215046000
1776215048.231,248.231,0.91,484.69,0.9,108.0,0.92,9.58,0.93,110.0,0.08,10.67,0.07,110.0,0.09,478.69,0.1,108.0,0.01,0.01,2336.843494,1776215047000
1776215049.355,249.355,0.93,267.39,0.92,294.9,0.94,104.68,0.95,155.95,0.07,94.03,0.06,353.8,0.09,486.69,0.1,108.0,0.01,0.02,2336.843494,1776215047000
1776215049.876,249.876,0.93,267.39,0.92,104.9,0.94,72.12,0.95,335.95,0.06,94.04,0.05,155.95,0.07,272.39,0.08,294.9,0.01,0.01,2336.823897,1776215048000
1776215051.092,251.092,0.93,267.39,0.92,104.9,0.94,72.12,0.95,335.95,0.06,72.12,0.05,335.95,0.07,267.39,0.08,104.9,0.01,0.01,2336.822387,1776215050000
1776215051.313,251.313,0.93,263.39,0.92,104.9,0.95,325.95,0.96,185.75,0.06,72.12,0.05,335.95,0.07,267.39,0.08,104.9,0.02,0.01,2336.822387,1776215050000
1776215051.645,251.645,0.93,274.39,0.92,104.9,0.95,343.69,0.96,185.75,0.05,325.95,0.04,185.75,0.07,263.39,0.08,104.9,0.02,0.02,2336.822387,1776215050000
1776215052.345,252.345,0.93,274.39,0.92,104.9,0.95,343.69,0.96,185.75,0.05,343.69,0.04,185.75,0.07,274.39,0.08,104.9,0.02,0.02,2336.869391,1776215051000
1776215052.818,252.818,0.94,270.86,0.93,289.3,0.95,13.27,0.96,185.75,0.05,168.69,0.04,185.75,0.06,95.57,0.07,253.39,0.01,0.01,2336.869391,1776215051000
1776215053.972,253.972,0.94,270.86,0.93,289.3,0.95,13.27,0.96,185.75,0.05,13.27,0.04,185.75,0.06,270.86,0.07,289.3,0.01,0.01,2336.848313,1776215053000
1776215054.392,254.392,0.94,250.86,0.93,163.06,0.95,12.14,0.96,365.75,0.05,13.27,0.04,185.75,0.06,270.86,0.07,289.3,0.01,0.01,2336.848313,1776215053000
1776215055.25,255.25,0.94,245.86,0.93,163.06,0.95,6.87,0.96,265.75,0.05,6.87,0.04,265.75,0.06,245.86,0.07,163.06,0.01,0.01,2336.912625,1776215054000
1776215056.258,256.258,0.94,245.86,0.93,163.06,0.95,6.87,0.96,265.75,0.05,6.87,0.04,265.75,0.06,245.86,0.07,163.06,0.01,0.01,2336.88473,1776215055000
1776215056.563,256.563,0.94,137.57,0.93,259.41,0.95,6.93,0.96,262.13,0.04,262.13,0.03,296.0,0.06,137.57,0.07,454.42,0.01,0.02,2336.88473,1776215055000
1776215056.834,256.834,0.94,90.57,0.93,218.41,0.95,319.14,0.96,183.57,0.04,258.57,0.03,296.0,0.06,137.57,0.07,259.41,0.01,0.02,2336.88473,1776215055000
1776215057.078,257.078,0.93,210.41,0.92,63.9,0.94,140.84,0.95,314.14,0.06,27.23,0.05,319.14,0.07,210.41,0.08,53.9,0.01,0.01,2336.88473,1776215055000
1776215057.339,257.339,0.93,180.11,0.92,63.9,0.94,315.84,0.95,135.2,0.06,140.84,0.05,314.14,0.07,210.41,0.08,63.9,0.01,0.01,2336.88473,1776215055000
1776215057.811,257.811,0.93,138.42,0.92,68.9,0.94,308.39,0.95,135.2,0.06,304.53,0.05,135.2,0.07,128.42,0.08,68.9,0.01,0.01,2336.88473,1776215055000
1776215058.144,258.144,0.93,180.43,0.92,68.9,0.94,293.39,0.95,135.2,0.06,298.39,0.05,135.2,0.07,124.13,0.08,68.9,0.01,0.01,2336.88473,1776215055000
1776215058.369,258.369,0.93,180.43,0.92,68.9,0.94,293.39,0.95,135.2,0.06,293.39,0.05,135.2,0.07,180.43,0.08,68.9,0.01,0.01,2336.854127,1776215057000
1776215058.865,258.865,0.93,142.43,0.92,80.9,0.94,293.4,0.95,135.2,0.06,293.39,0.05,135.2,0.07,142.43,0.08,80.9,0.01,0.01,2336.854127,1776215057000
1776215059.211,259.211,0.93,126.71,0.92,80.9,0.94,282.52,0.95,135.2,0.06,288.4,0.05,135.2,0.07,126.71,0.08,80.9,0.01,0.01,2336.854127,1776215057000
1776215059.44,259.44,0.93,123.59,0.92,80.9,0.94,286.34,0.95,130.2,0.06,287.52,0.05,130.2,0.07,110.99,0.08,80.9,0.01,0.01,2336.854127,1776215057000
1776215059.664,259.664,0.93,255.53,0.92,80.9,0.94,285.73,0.95,130.2,0.06,281.96,0.05,130.2,0.07,255.53,0.08,80.9,0.01,0.01,2336.854127,1776215057000
1776215059.931,259.931,0.93,184.51,0.92,63.9,0.94,195.0,0.95,35.2,0.06,241.18,0.05,135.2,0.07,200.23,0.08,63.9,0.01,0.01,2336.620873,1776215058000
1776215060.141,260.141,0.93,184.51,0.92,63.9,0.94,193.12,0.95,35.2,0.06,195.0,0.05,35.2,0.07,184.51,0.08,63.9,0.01,0.01,2336.620873,1776215058000
1776215060.435,260.435,0.93,250.6,0.92,63.9,0.94,178.2,0.95,35.2,0.06,179.36,0.05,35.2,0.07,190.3,0.08,63.9,0.01,0.01,2336.620873,1776215058000
1776215060.7,260.7,0.93,239.88,0.92,63.9,0.94,159.58,0.95,35.2,0.06,170.46,0.05,35.2,0.07,239.88,0.08,63.9,0.01,0.01,2336.628361,1776215059000
1776215060.904,260.904,0.93,234.88,0.92,63.9,0.94,157.24,0.95,35.2,0.06,158.42,0.05,35.2,0.07,239.88,0.08,63.9,0.01,0.01,2336.628361,1776215059000
1776215061.127,261.127,0.93,219.16,0.92,63.9,0.94,154.38,0.95,35.2,0.06,154.54,0.05,35.2,0.07,219.16,0.08,63.9,0.01,0.01,2336.628361,1776215059000
1776215061.418,261.418,0.93,218.44,0.92,70.9,0.94,145.63,0.95,35.2,0.06,145.63,0.05,35.2,0.07,218.44,0.08,70.9,0.01,0.01,2336.705834,1776215060000
1776215061.705,261.705,0.94,235.37,0.93,124.41,0.95,8.47,0.96,158.57,0.05,32.23,0.04,158.57,0.06,25.0,0.07,124.41,0.01,0.01,2336.705834,1776215060000
1776215061.941,261.941,0.94,199.37,0.93,124.41,0.96,159.19,0.97,569.7,0.04,170.02,0.03,569.7,0.06,235.37,0.07,124.41,0.02,0.02,2336.705834,1776215060000
1776215062.231,262.231,0.95,15.0,0.94,263.17,0.96,114.1,0.97,446.0,0.04,159.19,0.03,569.7,0.06,199.37,0.07,124.41,0.01,0.02,2336.60348,1776215061000
1776215062.577,262.577,0.95,216.55,0.94,103.8,0.96,237.52,0.97,446.0,0.04,109.52,0.03,446.0,0.05,20.0,0.06,263.17,0.01,0.01,2336.60348,1776215061000
1776215062.939,262.939,0.95,196.98,0.94,93.8,0.96,218.72,0.97,453.0,0.04,229.55,0.03,453.0,0.05,184.38,0.06,93.8,0.01,0.01,2336.60348,1776215061000
1776215063.449,263.449,0.95,201.98,0.94,93.8,0.96,217.91,0.97,428.0,0.04,217.91,0.03,428.0,0.05,201.98,0.06,93.8,0.01,0.01,2336.594099,1776215062000
1776215063.912,263.912,0.96,165.95,0.95,122.23,0.97,406.66,0.98,550.0,0.04,217.91,0.03,428.0,0.05,201.98,0.06,93.8,0.01,0.01,2336.594099,1776215062000
1776215064.206,264.206,0.96,153.5,0.95,104.63,0.97,391.06,0.98,545.0,0.03,411.66,0.02,545.0,0.04,135.9,0.05,122.23,0.01,0.01,2336.594099,1776215062000
1776215064.435,264.435,0.96,153.5,0.95,104.63,0.97,391.06,0.98,545.0,0.03,391.06,0.02,545.0,0.04,153.5,0.05,104.63,0.01,0.01,2336.601455,1776215063000
1776215064.698,264.698,0.96,316.02,0.95,90.8,0.97,210.02,0.98,545.0,0.03,391.06,0.02,545.0,0.04,153.5,0.05,104.63,0.01,0.01,2336.601455,1776215063000
1776215065.025,265.025,0.96,326.02,0.95,90.8,0.97,116.84,0.98,545.0,0.03,117.29,0.02,550.0,0.04,326.02,0.05,90.8,0.01,0.01,2336.601455,1776215063000
1776215065.235,265.235,0.96,326.02,0.95,90.8,0.97,106.79,0.98,545.0,0.03,116.84,0.02,545.0,0.04,326.02,0.05,90.8,0.01,0.01,2336.601455,1776215063000
1776215065.571,265.571,0.96,326.02,0.95,99.8,0.97,89.42,0.98,545.0,0.03,99.73,0.02,545.0,0.04,326.02,0.05,99.8,0.01,0.01,2336.655393,1776215064000
1776215065.878,265.878,0.96,326.02,0.95,99.8,0.97,74.51,0.98,552.0,0.03,79.19,0.02,552.0,0.04,321.02,0.05,99.8,0.01,0.01,2336.655393,1776215064000
1776215066.087,266.087,0.96,321.02,0.95,115.8,0.97,56.89,0.98,552.0,0.03,59.04,0.02,552.0,0.04,326.02,0.05,115.8,0.01,0.01,2336.721328,1776215065000
1776215066.477,266.477,0.96,326.02,0.95,115.8,0.97,19.27,0.98,307.0,0.03,21.91,0.02,307.0,0.04,326.02,0.05,115.8,0.01,0.01,2336.721328,1776215065000
1776215066.836,266.836,0.96,321.02,0.95,127.8,0.97,15.55,0.98,307.0,0.03,18.19,0.02,307.0,0.04,321.02,0.05,115.8,0.01,0.01,2336.721328,1776215065000
1776215067.183,267.183,0.97,123.7,0.96,326.02,0.98,346.88,0.99,6905.46,0.02,292.51,0.01,6905.46,0.04,326.02,0.05,127.8,0.01,0.02,2336.721328,1776215065000
1776215067.665,267.665,0.97,123.7,0.96,321.02,0.98,345.75,0.99,6905.46,0.02,345.75,0.01,6905.46,0.03,123.7,0.04,321.02,0.01,0.01,2336.706941,1776215066000
1776215067.9,267.9,0.97,326.43,0.96,114.7,0.98,275.14,0.99,6900.46,0.02,285.14,0.01,6900.46,0.03,321.43,0.04,114.7,0.01,0.01,2336.706941,1776215066000
1776215068.247,268.247,0.97,415.43,0.96,185.7,0.98,158.66,0.99,1536.86,0.02,167.66,0.01,1900.46,0.03,321.43,0.04,130.7,0.01,0.01,2336.706941,1776215066000
1776215068.47,268.47,0.97,449.43,0.96,185.7,0.98,89.57,0.99,1536.86,0.02,97.66,0.01,1536.86,0.03,449.43,0.04,185.7,0.01,0.01,2336.706941,1776215066000
1776215068.69,268.69,0.97,389.43,0.96,165.7,0.98,124.8,0.99,1536.86,0.02,89.57,0.01,1536.86,0.03,449.43,0.04,185.7,0.01,0.01,2336.720809,1776215067000
1776215069.31,269.31,0.97,389.43,0.96,165.7,0.98,124.8,0.99,1536.86,0.02,124.8,0.01,1536.86,0.03,389.43,0.04,165.7,0.01,0.01,2336.720503,1776215068000
1776215069.546,269.546,0.97,408.43,0.96,170.7,0.98,106.43,0.99,1536.86,0.02,124.8,0.01,1536.86,0.03,389.43,0.04,165.7,0.01,0.01,2336.720503,1776215068000
1776215070.065,270.065,0.97,408.43,0.96,170.7,0.98,106.43,0.99,1536.86,0.02,106.43,0.01,1536.86,0.03,408.43,0.04,170.7,0.01,0.01,2336.818343,1776215069000
1776215070.365,270.365,0.97,413.43,0.96,170.7,0.98,91.02,0.99,1536.86,0.02,106.43,0.01,1536.86,0.03,408.43,0.04,170.7,0.01,0.01,2336.818343,1776215069000
1776215070.803,270.803,0.97,418.43,0.96,170.7,0.99,1521.87,,,0.02,91.02,0.01,1536.86,0.03,413.43,0.04,170.7,0.02,0.01,2336.818343,1776215069000
1776215071.019,271.019,0.97,423.43,0.96,170.7,0.98,10.5,0.99,1528.87,0.01,1521.87,,,0.03,418.43,0.04,170.7,0.01,0.02,2336.818343,1776215069000
1776215071.711,271.711,0.97,423.43,0.96,170.7,0.99,1503.87,,,0.01,1503.87,,,0.03,423.43,0.04,170.7,0.02,0.02,2337.010825,1776215070000
1776215071.96,271.96,0.98,376.85,0.97,249.86,0.99,1031.85,,,0.01,1033.87,,,0.02,371.85,0.03,249.86,0.01,0.01,2337.010825,1776215070000
1776215072.407,272.407,0.98,376.85,0.97,244.86,0.99,1070.47,,,0.01,1022.25,,,0.02,371.85,0.03,249.86,0.01,0.01,2337.010825,1776215070000
1776215072.653,272.653,0.98,371.85,0.97,239.86,0.99,1070.42,,,0.01,1070.47,,,0.02,376.85,0.03,244.86,0.01,0.01,2336.979338,1776215071000
1776215072.857,272.857,0.98,381.85,0.97,229.86,0.99,905.42,,,0.01,915.42,,,0.02,371.85,0.03,239.86,0.01,0.01,2336.979338,1776215071000
1776215073.141,273.141,0.98,407.9,0.97,208.81,0.99,835.98,,,0.01,836.03,,,0.02,397.55,0.03,214.16,0.01,0.01,2336.979338,1776215071000
1776215073.548,273.548,0.98,407.9,0.97,208.81,0.99,833.94,,,0.01,829.96,,,0.02,407.9,0.03,208.81,0.01,0.01,2336.975413,1776215072000
1776215073.863,273.863,0.98,407.9,0.97,208.81,0.99,802.61,,,0.01,812.72,,,0.02,407.9,0.03,208.81,0.01,0.01,2336.975413,1776215072000
1776215074.156,274.156,0.98,407.9,0.97,208.81,0.99,802.61,,,0.01,802.61,,,0.02,407.9,0.03,208.81,0.01,0.01,2336.970358,1776215073000
1776215074.801,274.801,0.98,413.9,0.97,208.81,0.99,788.46,,,0.01,802.61,,,0.02,407.9,0.03,208.81,0.01,0.01,2336.970358,1776215073000
1776215075.023,275.023,0.98,413.9,0.97,208.81,0.99,783.41,,,0.01,788.46,,,0.02,413.9,0.03,208.81,0.01,0.01,2336.970358,1776215073000
1776215075.581,275.581,0.98,209.2,0.97,91.61,0.99,778.41,,,0.01,783.41,,,0.02,413.9,0.03,208.81,0.01,0.01,2336.970358,1776215073000
1776215075.872,275.872,0.98,209.2,0.97,91.61,0.99,778.41,,,0.01,778.41,,,0.02,209.2,0.03,91.61,0.01,0.01,2336.984585,1776215074000
1776215076.396,276.396,0.98,219.39,0.97,109.61,0.99,891.92,,,0.01,778.41,,,0.02,209.2,0.03,91.61,0.01,0.01,2336.984585,1776215074000
1776215076.627,276.627,0.98,219.39,0.97,109.61,0.99,886.87,,,0.01,886.87,,,0.02,219.39,0.03,109.61,0.01,0.01,2336.984585,1776215075000
1776215077.427,277.427,0.98,219.39,0.97,109.61,0.99,886.87,,,0.01,886.87,,,0.02,219.39,0.03,109.61,0.01,0.01,2336.937468,1776215076000
1776215078.173,278.173,0.98,250.39,0.97,134.61,0.99,781.35,,,0.01,785.35,,,0.02,224.39,0.03,109.61,0.01,0.01,2336.937468,1776215076000
1776215078.712,278.712,0.98,245.39,0.97,134.61,0.99,785.33,,,0.01,781.35,,,0.02,250.39,0.03,134.61,0.01,0.01,2336.904085,1776215077000
1776215079.226,279.226,0.98,270.39,0.97,134.61,0.99,769.26,,,0.01,769.26,,,0.02,245.39,0.03,134.61,0.01,0.01,2336.904085,1776215077000
1776215079.57,279.57,0.98,230.36,0.97,134.61,0.99,758.26,,,0.01,760.26,,,0.02,270.39,0.03,134.61,0.01,0.01,2336.904085,1776215077000
1776215079.977,279.977,0.98,265.36,0.97,134.61,0.99,709.86,,,0.01,750.26,,,0.02,243.36,0.03,134.61,0.01,0.01,2336.904085,1776215077000
1776215080.296,280.296,0.98,270.36,0.97,110.61,0.99,701.86,,,0.01,701.86,,,0.02,270.36,0.03,110.61,0.01,0.01,2336.915204,1776215079000
1776215080.602,280.602,0.98,339.36,0.97,110.61,0.99,694.83,,,0.01,696.86,,,0.02,291.36,0.03,110.61,0.01,0.01,2336.915204,1776215079000
1776215081.055,281.055,0.99,1874.17,0.98,344.36,,,,,0.01,650.83,,,0.02,344.36,0.03,115.61,,0.01,2336.915204,1776215079000
1776215081.569,281.569,0.99,1899.17,0.98,206.24,,,,,,,,,0.01,1874.17,0.02,344.36,,,2336.915204,1776215079000
1776215081.888,281.888,0.99,1890.0,0.98,206.24,,,,,,,,,0.01,1890.0,0.02,206.24,,,2336.925136,1776215080000
1776215082.592,282.592,0.99,1890.0,0.98,206.24,,,,,,,,,0.01,1890.0,0.02,206.24,,,2337.086166,1776215081000
1776215082.908,282.908,0.99,3539.97,0.98,196.24,,,,,,,,,0.01,1890.0,0.02,206.24,,,2337.086166,1776215081000
1776215083.318,283.318,0.99,3539.97,0.98,196.24,,,,,,,,,0.01,3539.97,0.02,196.24,,,2337.092899,1776215082000
1776215084.593,284.593,0.99,3539.97,0.98,196.24,,,,,,,,,0.01,3539.97,0.02,196.24,,,2337.013952,1776215083000
1776215085.276,285.276,0.99,3539.97,0.98,196.24,,,,,,,,,0.01,3539.97,0.02,196.24,,,2337.184489,1776215084000
1776215086.676,286.676,0.99,3539.97,0.98,196.24,,,,,,,,,0.01,3539.97,0.02,196.24,,,2337.284243,1776215085000
1776215087.332,287.332,0.99,3539.97,0.98,196.24,,,,,,,,,0.01,3539.97,0.02,196.24,,,2337.224,1776215086000
1776215088.239,288.239,0.99,6131.32,0.98,196.23,,,,,,,,,0.01,6131.32,0.02,196.23,,,2337.285829,1776215087000
1776215089.647,289.647,0.99,6131.32,0.98,196.23,,,,,,,,,0.01,6131.32,0.02,196.23,,,2337.089405,1776215088000
1776215090.099,290.099,0.99,5406.32,0.98,196.23,,,,,,,,,0.01,6131.32,0.02,196.23,,,2337.089405,1776215088000
1776215090.333,290.333,0.99,5406.32,0.98,196.23,,,,,,,,,0.01,5406.32,0.02,196.23,,,2336.981185,1776215089000
1776215091.072,291.072,0.99,5406.32,0.98,196.23,,,,,,,,,0.01,5406.32,0.02,196.23,,,2336.954145,1776215090000
1776215092.391,292.391,0.99,5406.32,0.98,196.23,,,,,,,,,0.01,5406.32,0.02,196.23,,,2336.936367,1776215091000
1776215092.996,292.996,0.99,5406.32,0.98,196.23,,,,,,,,,0.01,5406.32,0.02,196.23,,,2336.940614,1776215092000
1776215094.364,294.364,0.99,5406.32,0.98,196.23,,,,,,,,,0.01,5406.32,0.02,196.23,,,2336.938604,1776215093000
1776215095.022,295.022,0.99,5406.32,0.98,196.23,,,,,,,,,0.01,5406.32,0.02,196.23,,,2336.942556,1776215094000
1776215096.346,296.346,0.99,5406.32,0.98,196.23,,,,,,,,,0.01,5406.32,0.02,196.23,,,2336.942808,1776215095000
1776215097.019,297.019,0.99,5406.32,0.98,196.23,,,,,,,,,0.01,5406.32,0.02,196.23,,,2336.940402,1776215096000
1776215098.033,298.033,0.99,5406.32,0.98,196.23,,,,,,,,,0.01,5406.32,0.02,196.23,,,2336.954027,1776215097000
1776215099.029,299.029,0.99,5406.32,0.98,196.23,,,,,,,,,0.01,5406.32,0.02,196.23,,,2336.957703,1776215098000
1776215099.987,299.987,0.99,5406.32,0.98,196.23,,,,,,,,,0.01,5406.32,0.02,196.23,,,2336.953287,1776215099000
1776215100.951,300.951,0.99,5406.32,0.98,196.23,,,,,,,,,0.01,5406.32,0.02,196.23,,,2336.899681,1776215100000
1776215101.931,301.931,0.99,5406.32,0.98,196.23,,,,,,,,,0.01,5406.32,0.02,196.23,,,2336.89175,1776215101000
1776215102.838,302.838,0.99,5406.32,0.98,196.23,,,,,,,,,0.01,5406.32,0.02,196.23,,,2336.826517,1776215102000

# RESULT,winner=Up,slug=eth-updown-5m-1776214800,ticks=559
