timestamp,elapsed_sec,up_bid_p1,up_bid_s1,up_bid_p2,up_bid_s2,up_ask_p1,up_ask_s1,up_ask_p2,up_ask_s2,down_bid_p1,down_bid_s1,down_bid_p2,down_bid_s2,down_ask_p1,down_ask_s1,down_ask_p2,down_ask_s2,up_spread,down_spread,eth_price,eth_oracle_ts
1776194701.432,1.432,,,,,,,,,,,,,,,,,,,2309.64373,1776194700000
1776194702.08,2.08,0.57,5.0,0.55,18.0,0.58,33.81,0.59,19.0,0.43,5.0,0.42,158.81,0.44,5.0,0.45,12.0,0.01,0.01,2309.64373,1776194700000
1776194702.296,2.296,0.55,4.62,0.54,10.0,0.58,171.81,0.59,138.0,0.43,9.23,0.42,198.81,0.45,4.62,0.46,5.0,0.03,0.02,2309.64373,1776194700000
1776194702.903,2.903,0.54,4.32,0.52,23.0,0.56,55.0,0.58,223.81,0.42,171.81,0.41,138.0,0.45,4.62,0.46,10.0,0.02,0.03,2308.857995,1776194701000
1776194703.119,3.119,0.5,9.62,0.48,5.0,0.53,10.0,0.54,70.0,0.47,5.0,0.46,70.0,0.48,3.35,0.49,6.64,0.03,0.01,2308.857995,1776194701000
1776194703.365,3.365,0.5,9.62,0.48,5.0,0.51,55.0,0.52,80.0,0.49,55.0,0.48,80.0,0.5,9.62,0.52,5.0,0.01,0.01,2309.537015,1776194702000
1776194703.633,3.633,0.42,49.31,0.41,170.0,0.49,2.86,0.5,25.0,0.51,2.86,0.5,25.0,0.57,70.0,0.58,100.0,0.07,0.06,2309.537015,1776194702000
1776194704.001,4.001,0.41,125.0,0.39,25.0,0.42,4.95,0.43,15.1,0.57,5.1,0.56,10.0,0.59,70.0,0.61,25.0,0.01,0.02,2309.537015,1776194702000
1776194704.347,4.347,0.39,25.0,0.38,25.0,0.41,8.38,0.42,4.95,0.58,4.95,0.57,15.1,0.61,25.0,0.62,35.0,0.02,0.03,2309.537015,1776194702000
1776194704.586,4.586,0.39,3.0,0.38,25.0,0.4,15.0,0.41,18.38,0.6,5.0,0.59,18.38,0.61,28.88,0.62,25.0,0.01,0.01,2309.537015,1776194702000
1776194704.922,4.922,0.38,3.03,0.35,25.0,0.4,15.0,0.41,18.38,0.6,15.0,0.59,23.38,0.61,8.0,0.62,25.0,0.02,0.01,2308.961496,1776194703000
1776194705.42,5.42,0.35,35.0,0.34,75.0,0.36,8.05,0.37,25.0,0.6,15.0,0.59,18.38,0.62,3.03,0.65,25.0,0.01,0.02,2308.961496,1776194703000
1776194705.723,5.723,0.36,53.28,0.34,50.0,0.37,27.29,0.38,15.0,0.63,25.0,0.62,10.0,0.64,43.28,0.66,55.0,0.01,0.01,2308.70438,1776194704000
1776194705.937,5.937,0.36,53.28,0.35,5.0,0.37,2.29,0.38,20.0,0.63,27.29,0.62,15.0,0.64,53.28,0.66,50.0,0.01,0.01,2308.70438,1776194704000
1776194706.237,6.237,0.36,248.61,0.35,45.0,0.38,2.29,0.39,10.0,0.62,2.29,0.61,10.0,0.64,248.61,0.65,45.0,0.02,0.02,2308.447625,1776194705000
1776194706.527,6.527,0.36,253.61,0.35,77.46,0.37,6.86,0.38,17.29,0.62,2.29,0.61,10.0,0.64,248.61,0.65,45.0,0.01,0.02,2308.447625,1776194705000
1776194706.975,6.975,0.36,178.83,0.35,96.46,0.37,15.0,0.38,7.29,0.62,11.01,0.61,25.0,0.64,61.83,0.65,121.46,0.01,0.02,2308.447625,1776194705000
1776194707.369,7.369,0.37,16.0,0.36,85.83,0.38,2.15,0.39,10.0,0.62,7.29,0.61,10.0,0.63,6.0,0.64,173.83,0.01,0.01,2308.447625,1776194705000
1776194707.578,7.578,0.38,30.0,0.37,11.0,0.4,0.76,0.41,8.38,0.6,0.76,0.59,8.38,0.62,30.0,0.63,11.0,0.02,0.02,2307.768369,1776194706000
1776194708.038,8.038,0.4,100.24,0.39,19.0,0.42,4.95,0.43,5.1,0.59,8.38,0.58,4.95,0.6,9.24,0.62,67.47,0.02,0.01,2307.768369,1776194706000
1776194709.044,9.044,0.39,80.26,0.38,92.47,0.41,35.0,0.42,9.95,0.58,4.95,0.57,5.1,0.6,105.24,0.61,19.0,0.02,0.02,2307.7378,1776194707000
1776194709.439,9.439,0.39,132.26,0.38,111.47,0.41,10.0,0.42,14.95,0.59,35.0,0.58,9.95,0.61,80.26,0.62,92.47,0.02,0.02,2307.93843,1776194708000
1776194709.697,9.697,0.39,109.96,0.38,111.47,0.4,10.0,0.41,10.0,0.6,10.0,0.59,10.0,0.61,116.26,0.62,111.47,0.01,0.01,2307.93843,1776194708000
1776194710.03,10.03,0.39,93.35,0.38,111.47,0.4,20.0,0.41,10.0,0.6,10.0,0.59,10.0,0.61,104.96,0.62,116.47,0.01,0.01,2307.93843,1776194708000
1776194710.391,10.391,0.39,98.35,0.38,111.47,0.4,15.0,0.41,10.0,0.6,15.0,0.59,10.0,0.61,88.35,0.62,101.47,0.01,0.01,2308.367821,1776194709000
1776194710.661,10.661,0.39,98.35,0.38,111.47,0.4,6.6,0.41,9.63,0.59,9.63,0.58,184.95,0.61,98.35,0.62,111.47,0.01,0.02,2308.367821,1776194709000
1776194711.08,11.08,0.39,98.35,0.38,111.47,0.4,6.6,0.41,9.63,0.6,6.6,0.59,9.63,0.61,98.35,0.62,111.47,0.01,0.01,2308.335728,1776194710000
1776194711.551,11.551,0.39,13.36,0.38,62.47,0.4,209.6,0.41,39.63,0.6,6.6,0.59,9.63,0.61,98.35,0.62,111.47,0.01,0.01,2308.335728,1776194710000
1776194711.754,11.754,0.37,35.56,0.36,44.83,0.39,201.04,0.4,93.6,0.61,201.04,0.6,93.6,0.62,14.56,0.63,46.0,0.02,0.01,2308.335728,1776194710000
1776194712.052,12.052,0.37,15.0,0.36,40.57,0.38,6.42,0.39,16.04,0.62,6.42,0.61,201.04,0.64,30.57,0.65,40.0,0.01,0.02,2308.335728,1776194710000
1776194712.306,12.306,0.37,4.38,0.36,10.0,0.38,193.0,0.39,13.0,0.62,10.0,0.61,13.0,0.63,6.5,0.65,10.0,0.01,0.01,2308.35897,1776194711000
1776194712.509,12.509,0.36,50.0,0.35,60.0,0.37,26.9,0.38,165.6,0.63,24.88,0.62,165.6,0.65,10.0,0.66,60.0,0.01,0.02,2308.35897,1776194711000
1776194712.817,12.817,0.37,5.0,0.36,15.0,0.38,224.28,0.39,5.0,0.62,42.18,0.61,5.0,0.63,5.0,0.64,10.0,0.01,0.01,2308.35897,1776194711000
1776194713.088,13.088,0.37,30.5,0.36,20.5,0.38,213.88,0.39,10.0,0.62,206.28,0.61,10.0,0.65,10.0,0.66,10.0,0.01,0.03,2308.35897,1776194711000
1776194713.331,13.331,0.37,25.0,0.36,10.0,0.38,210.23,0.39,10.0,0.62,208.13,0.61,10.0,0.63,20.0,0.64,10.0,0.01,0.01,2308.193854,1776194712000
1776194713.531,13.531,0.37,15.23,0.36,10.0,0.38,205.23,0.39,10.0,0.62,205.23,0.61,10.0,0.63,20.0,0.64,10.0,0.01,0.01,2308.193854,1776194712000
1776194713.961,13.961,0.35,8.46,0.34,20.0,0.38,195.23,0.39,5.0,0.62,200.23,0.61,10.0,0.64,9.0,0.65,8.46,0.03,0.02,2308.193854,1776194712000
1776194714.187,14.187,0.35,8.46,0.34,20.0,0.38,195.23,0.39,5.0,0.62,195.23,0.61,5.0,0.65,8.46,0.66,20.0,0.03,0.03,2307.8353,1776194713000
1776194714.421,14.421,0.37,35.5,0.36,85.5,0.38,4.7,0.39,185.0,0.62,195.23,0.61,5.0,0.65,8.46,0.66,20.0,0.01,0.03,2307.8353,1776194713000
1776194714.64,14.64,0.4,12.73,0.39,10.0,0.41,7.51,0.42,8.0,0.59,7.51,0.58,8.0,0.63,35.5,0.64,90.5,0.01,0.04,2307.8353,1776194713000
1776194714.875,14.875,0.4,9.92,0.39,30.65,0.41,21.59,0.42,193.0,0.59,4.28,0.58,8.0,0.6,9.92,0.61,20.0,0.01,0.01,2307.8353,1776194713000
1776194715.132,15.132,0.4,10.25,0.39,26.88,0.41,16.92,0.42,193.0,0.59,19.61,0.58,206.0,0.6,3.25,0.61,15.65,0.01,0.01,2307.8353,1776194713000
1776194715.464,15.464,0.38,17.0,0.37,23.0,0.4,237.75,0.41,11.92,0.6,17.75,0.59,191.92,0.61,22.65,0.62,26.23,0.02,0.01,2307.492456,1776194714000
1776194715.715,15.715,0.38,15.38,0.37,10.0,0.39,24.54,0.4,232.75,0.61,19.54,0.6,232.75,0.62,17.0,0.63,10.0,0.01,0.01,2307.492456,1776194714000
1776194715.997,15.997,0.38,15.52,0.37,22.0,0.39,51.79,0.4,232.75,0.61,26.79,0.6,232.75,0.62,17.14,0.63,15.0,0.01,0.01,2307.492456,1776194714000
1776194716.234,16.234,0.37,22.79,0.36,10.0,0.39,255.04,0.4,58.75,0.61,255.04,0.6,58.75,0.63,22.79,0.64,10.0,0.02,0.02,2307.625989,1776194715000
1776194716.598,16.598,0.36,5.0,0.35,28.19,0.37,257.6,0.38,70.5,0.63,12.6,0.62,200.5,0.64,10.0,0.65,28.19,0.01,0.01,2307.625989,1776194715000
1776194716.879,16.879,0.36,5.25,0.35,36.09,0.37,248.76,0.38,70.5,0.63,248.76,0.62,70.5,0.65,26.09,0.66,74.0,0.01,0.02,2307.625989,1776194715000
1776194717.184,17.184,0.36,7.84,0.35,25.0,0.37,251.05,0.38,70.5,0.63,253.76,0.62,70.5,0.64,7.84,0.65,25.0,0.01,0.01,2307.625989,1776194715000
1776194717.482,17.482,0.35,21.94,0.34,74.0,0.37,253.5,0.38,84.5,0.63,253.5,0.62,84.5,0.64,1.6,0.65,25.0,0.02,0.01,2307.800662,1776194716000
1776194717.874,17.874,0.35,3.98,0.34,10.0,0.36,61.0,0.37,281.02,0.63,230.52,0.62,84.5,0.65,21.94,0.66,74.0,0.01,0.02,2307.800662,1776194716000
1776194718.083,18.083,0.33,32.0,0.32,70.0,0.35,49.0,0.36,133.5,0.64,61.0,0.63,281.02,0.66,10.0,0.67,32.0,0.02,0.02,2307.800662,1776194716000
1776194719.043,19.043,0.34,5.0,0.33,32.0,0.35,264.0,0.36,89.5,0.65,49.0,0.64,133.5,0.67,32.0,0.68,70.0,0.01,0.02,2307.69559,1776194717000
1776194719.296,19.296,0.34,10.0,0.33,32.0,0.35,259.0,0.36,89.5,0.65,264.0,0.64,89.5,0.67,32.0,0.68,84.5,0.01,0.02,2307.69559,1776194717000
1776194719.909,19.909,0.33,29.48,0.32,74.0,0.35,264.0,0.36,85.0,0.65,264.0,0.64,89.5,0.66,8.48,0.67,32.0,0.02,0.01,2307.56698,1776194718000
1776194720.367,20.367,0.26,16.0,0.24,60.0,0.29,203.0,0.3,10.0,0.65,289.0,0.64,85.0,0.66,12.57,0.67,38.56,0.03,0.01,2307.56698,1776194718000
1776194720.695,20.695,0.24,71.52,0.23,60.0,0.27,20.0,0.28,205.0,0.73,20.0,0.72,205.0,0.76,71.52,0.77,60.0,0.03,0.03,2307.261667,1776194719000
1776194721.127,21.127,0.25,60.0,0.24,46.52,0.26,7.46,0.27,68.0,0.74,12.46,0.73,10.0,0.75,66.44,0.76,72.52,0.01,0.01,2307.261667,1776194719000
1776194721.612,21.612,0.25,7.0,0.22,50.0,0.26,53.92,0.27,248.0,0.74,25.92,0.73,73.0,0.75,10.0,0.76,46.52,0.01,0.01,2307.25009,1776194720000
1776194722.361,22.361,0.25,1.93,0.22,50.0,0.26,53.92,0.27,254.0,0.74,53.92,0.73,254.0,0.75,1.93,0.78,50.0,0.01,0.01,2306.619019,1776194721000
1776194722.906,22.906,0.24,7.84,0.23,10.0,0.25,10.0,0.26,18.0,0.74,53.92,0.73,254.0,0.75,1.93,0.78,50.0,0.01,0.01,2306.619019,1776194721000
1776194723.404,23.404,0.23,14.7,0.22,70.0,0.25,20.0,0.26,65.0,0.75,10.0,0.74,18.0,0.76,7.84,0.77,10.0,0.02,0.01,2306.34399,1776194722000
1776194723.714,23.714,0.23,27.9,0.22,80.5,0.25,20.0,0.26,65.0,0.75,20.0,0.74,65.0,0.77,13.4,0.78,70.0,0.02,0.02,2306.34399,1776194722000
1776194723.922,23.922,0.23,22.83,0.22,85.5,0.25,20.72,0.26,65.0,0.75,20.72,0.74,65.0,0.77,22.83,0.78,85.5,0.02,0.02,2305.862009,1776194723000
1776194724.183,24.183,0.24,57.51,0.23,72.83,0.25,65.72,0.26,65.0,0.75,20.72,0.74,65.0,0.77,22.83,0.78,85.5,0.01,0.02,2305.862009,1776194723000
1776194724.435,24.435,0.24,8.4,0.23,20.5,0.25,15.72,0.27,245.0,0.75,70.72,0.74,73.73,0.76,8.39,0.77,238.4,0.01,0.01,2305.862009,1776194723000
1776194724.742,24.742,0.24,77.23,0.23,29.0,0.25,50.72,0.26,18.0,0.75,5.72,0.74,10.0,0.76,38.32,0.77,35.5,0.01,0.01,2305.862009,1776194723000
1776194724.956,24.956,0.24,77.23,0.23,29.0,0.25,50.72,0.26,18.0,0.75,50.72,0.74,18.0,0.76,77.23,0.77,29.0,0.01,0.01,2305.985328,1776194724000
1776194725.446,25.446,0.22,101.5,0.21,336.5,0.23,13.0,0.24,10.0,0.78,1.36,0.77,10.0,0.79,80.5,0.8,265.5,0.01,0.01,2305.985328,1776194724000
1776194726.04,26.04,0.22,86.5,0.21,336.5,0.23,13.0,0.24,10.0,0.77,13.0,0.76,10.0,0.78,86.5,0.79,336.5,0.01,0.01,2305.979348,1776194725000
1776194727.152,27.152,0.22,86.5,0.21,336.5,0.23,13.0,0.24,10.0,0.77,13.0,0.76,10.0,0.78,86.5,0.79,336.5,0.01,0.01,2305.84355,1776194726000
1776194727.362,27.362,0.22,48.71,0.21,80.0,0.23,241.0,0.24,68.0,0.77,13.0,0.76,10.0,0.78,86.5,0.79,336.5,0.01,0.01,2305.84355,1776194726000
1776194727.689,27.689,0.22,46.04,0.21,80.0,0.23,241.0,0.24,68.0,0.77,246.0,0.76,68.0,0.78,47.33,0.79,80.0,0.01,0.01,2305.84355,1776194726000
1776194727.992,27.992,0.22,50.04,0.21,80.0,0.23,241.0,0.24,68.0,0.77,241.0,0.76,68.0,0.78,46.04,0.79,80.0,0.01,0.01,2305.84355,1776194726000
1776194728.338,28.338,0.22,40.65,0.21,80.0,0.23,246.0,0.24,68.0,0.77,241.0,0.76,68.0,0.78,42.03,0.79,80.0,0.01,0.01,2305.669013,1776194727000
1776194728.661,28.661,0.22,37.65,0.21,80.0,0.23,241.0,0.24,68.0,0.77,246.0,0.76,68.0,0.78,40.65,0.79,80.0,0.01,0.01,2305.669013,1776194727000
1776194729.053,29.053,0.22,278.65,0.21,135.0,0.23,7.78,0.26,76.0,0.77,241.0,0.76,68.0,0.78,37.65,0.79,80.0,0.01,0.01,2305.669013,1776194727000
1776194729.336,29.336,0.24,54.68,0.23,65.0,0.25,10.0,0.26,76.0,0.75,10.0,0.74,76.0,0.78,87.0,0.79,135.0,0.01,0.03,2305.54805,1776194728000
1776194729.586,29.586,0.24,9.02,0.22,52.0,0.25,36.0,0.26,258.5,0.75,10.0,0.74,76.0,0.76,54.68,0.77,65.0,0.01,0.01,2305.54805,1776194728000
1776194729.976,29.976,0.24,21.04,0.23,10.0,0.25,240.0,0.26,76.0,0.75,216.0,0.74,78.5,0.76,7.04,0.78,52.0,0.01,0.01,2305.54805,1776194728000
1776194730.283,30.283,0.24,21.04,0.23,10.0,0.25,240.0,0.26,76.0,0.75,240.0,0.74,76.0,0.76,21.04,0.77,10.0,0.01,0.01,2305.52095,1776194729000
1776194730.543,30.543,0.23,12.5,0.22,70.5,0.24,203.83,0.25,98.0,0.76,183.83,0.75,129.0,0.77,20.5,0.78,70.5,0.01,0.01,2305.52095,1776194729000
1776194730.835,30.835,0.23,2.39,0.22,75.5,0.24,263.83,0.25,98.0,0.76,203.83,0.75,98.0,0.77,12.5,0.78,70.5,0.01,0.01,2305.52095,1776194729000
1776194731.065,31.065,0.22,73.05,0.21,95.5,0.24,282.83,0.25,98.0,0.76,263.83,0.75,98.0,0.77,2.39,0.78,75.5,0.02,0.01,2305.52095,1776194729000
1776194731.332,31.332,0.22,65.05,0.21,95.5,0.24,255.83,0.25,88.0,0.76,255.83,0.75,88.0,0.78,65.05,0.79,95.5,0.02,0.02,2305.778845,1776194730000
1776194731.744,31.744,0.22,78.76,0.21,90.5,0.23,83.0,0.24,265.0,0.76,255.83,0.75,88.0,0.78,65.05,0.79,95.5,0.01,0.02,2305.778845,1776194730000
1776194732.642,32.642,0.21,39.03,0.2,75.5,0.22,18.0,0.23,270.0,0.77,33.0,0.76,265.0,0.78,74.37,0.79,90.5,0.01,0.01,2305.778845,1776194731000
1776194732.997,32.997,0.21,84.05,0.2,75.5,0.22,23.0,0.23,265.0,0.78,23.0,0.77,265.0,0.79,37.13,0.8,75.5,0.01,0.01,2305.778845,1776194731000
1776194733.265,33.265,0.21,89.05,0.2,75.5,0.22,87.95,0.23,255.0,0.78,23.0,0.77,265.0,0.79,84.05,0.8,75.5,0.01,0.01,2305.665,1776194732000
1776194733.733,33.733,0.21,269.05,0.2,75.5,0.23,10.0,0.24,60.0,0.78,87.95,0.77,255.0,0.79,89.05,0.8,75.5,0.02,0.01,2305.665,1776194732000
1776194734.147,34.147,0.23,27.9,0.22,25.5,0.24,50.0,0.25,248.0,0.77,10.0,0.76,60.0,0.79,269.05,0.8,75.5,0.01,0.02,2305.665,1776194732000
1776194734.522,34.522,0.23,42.1,0.22,25.5,0.24,65.0,0.25,248.0,0.76,50.0,0.75,248.0,0.77,27.9,0.78,25.5,0.01,0.01,2305.665,1776194732000
1776194734.798,34.798,0.23,42.1,0.22,255.5,0.26,50.0,0.27,240.0,0.76,65.0,0.75,248.0,0.77,42.1,0.78,25.5,0.03,0.01,2305.581174,1776194733000
1776194735.113,35.113,0.27,25.5,0.26,30.5,0.28,35.8,0.29,125.8,0.74,24.0,0.73,230.0,0.75,10.0,0.76,10.0,0.01,0.01,2305.581174,1776194733000
1776194735.811,35.811,0.27,15.0,0.26,25.5,0.28,205.0,0.29,95.0,0.72,35.8,0.71,135.8,0.73,21.5,0.74,25.5,0.01,0.01,2305.624432,1776194734000
1776194736.38,36.38,0.27,15.0,0.26,25.5,0.28,205.0,0.29,95.0,0.72,205.0,0.71,95.0,0.73,15.0,0.74,25.5,0.01,0.01,2305.6799,1776194735000
1776194736.725,36.725,0.27,114.03,0.26,75.5,0.28,20.0,0.29,275.0,0.72,205.0,0.71,95.0,0.73,15.0,0.74,25.5,0.01,0.01,2305.6799,1776194735000
1776194737.031,37.031,0.27,116.09,0.26,255.5,0.28,10.0,0.29,80.0,0.72,20.0,0.71,275.0,0.73,112.56,0.74,75.5,0.01,0.01,2305.6799,1776194735000
1776194737.315,37.315,0.28,5.0,0.27,15.0,0.29,295.5,0.3,70.5,0.72,10.0,0.71,80.0,0.73,116.09,0.74,255.5,0.01,0.01,2305.6799,1776194735000
1776194737.557,37.557,0.27,10.0,0.24,70.5,0.28,308.42,0.29,125.5,0.71,295.5,0.7,70.5,0.72,5.0,0.73,15.0,0.01,0.01,2306.146967,1776194736000
1776194737.767,37.767,0.24,60.0,0.23,72.1,0.28,441.91,0.29,228.5,0.72,418.2,0.71,213.5,0.73,1.98,0.76,60.0,0.04,0.01,2306.146967,1776194736000
1776194738.02,38.02,0.24,75.5,0.23,72.1,0.25,90.0,0.26,213.0,0.72,441.91,0.71,228.5,0.76,60.0,0.77,72.1,0.01,0.04,2306.146967,1776194736000
1776194738.527,38.527,0.24,86.5,0.23,262.33,0.25,23.0,0.26,13.0,0.75,90.0,0.74,213.0,0.76,75.5,0.77,72.1,0.01,0.01,2306.207583,1776194737000
1776194739.324,39.324,0.24,259.98,0.23,82.33,0.25,23.0,0.26,63.0,0.75,23.0,0.74,63.0,0.76,259.98,0.77,82.33,0.01,0.01,2306.160773,1776194738000
1776194740.142,40.142,0.24,259.98,0.23,82.33,0.25,23.0,0.26,63.0,0.75,23.0,0.74,63.0,0.76,259.98,0.77,82.33,0.01,0.01,2306.029135,1776194739000
1776194740.497,40.497,0.26,129.5,0.25,260.5,0.28,55.0,0.29,255.0,0.75,23.0,0.74,63.0,0.76,259.98,0.77,82.33,0.02,0.01,2306.029135,1776194739000
1776194740.943,40.943,0.27,29.03,0.26,89.5,0.28,65.0,0.29,260.0,0.72,55.0,0.71,255.0,0.74,129.5,0.75,260.5,0.01,0.02,2306.029135,1776194739000
1776194741.289,41.289,0.27,29.03,0.26,89.5,0.28,65.0,0.29,260.0,0.72,65.0,0.71,260.0,0.73,29.03,0.74,89.5,0.01,0.01,2306.125692,1776194740000
1776194742.458,42.458,0.27,29.03,0.26,89.5,0.28,65.0,0.29,260.0,0.72,65.0,0.71,260.0,0.73,29.03,0.74,89.5,0.01,0.01,2306.251296,1776194741000
1776194743.012,43.012,0.27,29.03,0.26,89.5,0.28,65.0,0.29,260.0,0.72,65.0,0.71,260.0,0.73,29.03,0.74,89.5,0.01,0.01,2306.247435,1776194742000
1776194743.816,43.816,0.28,7.0,0.27,274.5,0.29,25.0,0.31,62.0,0.72,65.0,0.71,260.0,0.73,29.03,0.74,89.5,0.01,0.01,2306.247435,1776194742000
1776194744.016,44.016,0.3,15.25,0.28,277.5,0.31,30.54,0.32,50.0,0.69,37.0,0.68,50.0,0.7,15.25,0.72,277.5,0.01,0.01,2306.247435,1776194742000
1776194744.324,44.324,0.31,40.5,0.3,42.5,0.32,57.0,0.33,86.0,0.69,3.08,0.68,50.0,0.7,52.75,0.71,27.0,0.01,0.01,2306.247435,1776194742000
1776194744.593,44.593,0.3,32.5,0.29,27.0,0.32,93.0,0.33,265.0,0.68,57.0,0.67,86.0,0.69,40.5,0.7,42.5,0.02,0.01,2306.247616,1776194743000
1776194744.881,44.881,0.31,10.0,0.3,32.5,0.32,245.52,0.33,85.0,0.68,89.87,0.67,265.0,0.7,32.5,0.71,27.0,0.01,0.02,2306.247616,1776194743000
1776194745.106,45.106,0.31,20.5,0.3,82.5,0.32,242.17,0.33,85.0,0.68,242.17,0.67,85.0,0.69,20.5,0.7,82.5,0.01,0.01,2306.156745,1776194744000
1776194745.526,45.526,0.31,24.07,0.3,82.5,0.32,212.0,0.33,85.0,0.68,242.17,0.67,85.0,0.69,20.5,0.7,82.5,0.01,0.01,2306.156745,1776194744000
1776194745.89,45.89,0.31,48.28,0.3,82.5,0.32,277.0,0.33,95.5,0.68,227.0,0.67,95.5,0.69,60.53,0.7,82.5,0.01,0.01,2306.156745,1776194744000
1776194746.292,46.292,0.31,48.28,0.3,82.5,0.32,277.0,0.33,95.5,0.68,277.0,0.67,95.5,0.69,48.28,0.7,82.5,0.01,0.01,2306.774944,1776194745000
1776194746.495,46.495,0.31,68.5,0.3,82.5,0.32,212.0,0.33,95.5,0.68,277.0,0.67,95.5,0.69,48.28,0.7,82.5,0.01,0.01,2306.774944,1776194745000
1776194746.781,46.781,0.29,2.6,0.28,77.5,0.3,23.0,0.31,82.5,0.68,212.0,0.67,95.5,0.69,68.5,0.7,82.5,0.01,0.01,2306.774944,1776194745000
1776194747.329,47.329,0.3,13.47,0.29,118.1,0.31,6.0,0.32,240.0,0.7,23.0,0.69,82.5,0.71,2.6,0.72,77.5,0.01,0.01,2306.774944,1776194745000
1776194747.699,47.699,0.3,244.06,0.29,87.12,0.31,10.0,0.33,10.0,0.69,6.0,0.68,235.0,0.71,89.12,0.72,255.5,0.01,0.02,2306.76496,1776194746000
1776194748.073,48.073,0.34,6.0,0.33,15.0,0.35,91.0,0.36,87.5,0.65,91.0,0.64,87.5,0.66,6.0,0.67,15.0,0.01,0.01,2306.76496,1776194747000
1776194748.352,48.352,0.34,101.5,0.33,230.5,0.36,9.86,0.37,55.52,0.65,91.0,0.64,87.5,0.66,6.0,0.67,15.0,0.02,0.01,2306.76496,1776194747000
1776194748.727,48.727,0.34,68.98,0.33,91.5,0.35,7.14,0.36,4.86,0.65,7.14,0.64,4.86,0.66,103.98,0.67,41.5,0.01,0.01,2306.76496,1776194747000
1776194749.012,49.012,0.34,107.72,0.33,271.5,0.35,2.14,0.36,4.86,0.65,7.14,0.64,4.86,0.66,62.22,0.67,91.5,0.01,0.01,2306.76496,1776194747000
1776194749.34,49.34,0.34,276.09,0.33,91.5,0.35,2.14,0.36,4.86,0.65,2.14,0.64,4.86,0.66,107.72,0.67,271.5,0.01,0.01,2306.76496,1776194747000
1776194749.779,49.779,0.35,113.46,0.34,276.09,0.36,19.86,0.37,5.0,0.65,2.14,0.64,4.86,0.66,276.09,0.67,91.5,0.01,0.01,2306.708525,1776194748000
1776194750.281,50.281,0.35,107.62,0.34,276.09,0.36,29.86,0.37,60.0,0.64,34.86,0.63,60.0,0.65,107.62,0.66,276.09,0.01,0.01,2306.708525,1776194748000
1776194750.773,50.773,0.35,107.62,0.34,276.09,0.36,29.86,0.37,60.0,0.64,29.86,0.63,60.0,0.65,107.62,0.66,276.09,0.01,0.01,2307.369443,1776194749000
1776194751.102,51.102,0.37,7.89,0.36,278.5,0.39,67.25,0.4,247.93,0.61,62.25,0.6,247.93,0.62,30.29,0.63,30.5,0.02,0.01,2307.369443,1776194749000
1776194751.937,51.937,0.35,80.0,0.34,43.59,0.37,82.0,0.38,253.0,0.61,66.8,0.6,247.93,0.62,15.5,0.63,62.89,0.02,0.01,2307.71075,1776194750000
1776194752.261,52.261,0.36,63.32,0.35,79.57,0.37,15.0,0.38,251.0,0.63,82.0,0.62,253.0,0.65,69.07,0.66,43.59,0.01,0.02,2307.71075,1776194750000
1776194752.466,52.466,0.36,63.32,0.35,79.57,0.37,15.0,0.38,251.0,0.63,15.0,0.62,251.0,0.64,63.32,0.65,79.57,0.01,0.01,2307.75538,1776194751000
1776194752.848,52.848,0.34,10.0,0.32,21.0,0.37,366.5,0.38,72.71,0.63,65.0,0.62,319.28,0.64,95.49,0.65,79.57,0.03,0.01,2307.75538,1776194751000
1776194753.086,53.086,0.32,10.0,0.31,58.0,0.35,116.5,0.36,275.78,0.65,116.5,0.64,275.78,0.68,10.0,0.69,58.0,0.03,0.03,2307.90769,1776194752000
1776194753.326,53.326,0.29,2.57,0.28,60.0,0.3,110.0,0.31,20.5,0.65,116.5,0.64,275.78,0.68,10.0,0.69,58.0,0.01,0.03,2307.90769,1776194752000
1776194754.246,54.246,0.29,2.57,0.28,60.0,0.3,110.0,0.31,20.5,0.7,110.0,0.69,20.5,0.71,2.57,0.72,60.0,0.01,0.01,2307.867075,1776194753000
1776194754.714,54.714,0.25,54.98,0.24,77.0,0.26,85.0,0.27,300.5,0.7,110.0,0.69,20.5,0.71,2.57,0.72,60.0,0.01,0.01,2307.867075,1776194753000
1776194755.029,55.029,0.24,5.0,0.23,1.6,0.26,58.0,0.27,343.5,0.74,85.0,0.73,300.5,0.75,54.98,0.76,77.0,0.02,0.01,2307.867075,1776194753000
1776194755.313,55.313,0.22,23.0,0.21,10.0,0.24,13.47,0.25,38.0,0.77,3.47,0.76,20.0,0.78,13.0,0.79,92.7,0.02,0.01,2307.867075,1776194753000
1776194755.58,55.58,0.22,10.0,0.21,10.0,0.24,44.88,0.25,38.0,0.76,13.47,0.75,38.0,0.78,23.0,0.79,10.0,0.02,0.02,2307.108104,1776194754000
1776194756.052,56.052,0.22,48.43,0.21,65.0,0.23,6.0,0.24,11.0,0.77,6.0,0.76,14.88,0.78,2.43,0.79,10.0,0.01,0.01,2307.108104,1776194754000
1776194756.551,56.551,0.22,13.79,0.21,60.0,0.24,10.0,0.25,36.0,0.77,6.0,0.76,11.0,0.78,48.43,0.79,65.0,0.02,0.01,2306.5053,1776194755000
1776194756.834,56.834,0.23,25.0,0.22,28.79,0.24,15.0,0.25,41.0,0.76,23.54,0.75,36.0,0.77,5.0,0.78,37.02,0.01,0.01,2306.5053,1776194755000
1776194757.319,57.319,0.23,18.67,0.22,28.79,0.24,26.85,0.25,41.0,0.76,26.85,0.75,41.0,0.77,18.67,0.78,28.79,0.01,0.01,2305.722475,1776194756000
1776194757.54,57.54,0.22,5.0,0.21,10.0,0.24,206.0,0.25,121.78,0.76,26.85,0.75,41.0,0.77,18.67,0.78,28.79,0.02,0.01,2305.722475,1776194756000
1776194757.773,57.773,0.2,20.0,0.19,83.4,0.22,79.0,0.23,59.0,0.77,10.0,0.76,201.0,0.79,3.92,0.8,20.0,0.02,0.02,2305.722475,1776194756000
1776194758.292,58.292,0.2,0.07,0.19,60.0,0.21,304.0,0.22,93.0,0.79,51.0,0.78,93.0,0.8,9.05,0.81,83.4,0.01,0.01,2305.722475,1776194756000
1776194758.558,58.558,0.19,57.05,0.18,84.4,0.2,46.0,0.21,225.0,0.79,304.0,0.78,93.0,0.81,58.29,0.82,84.4,0.01,0.02,2305.763052,1776194757000
1776194758.919,58.919,0.19,124.79,0.18,264.4,0.2,6.0,0.21,35.5,0.8,46.0,0.79,225.0,0.81,63.04,0.82,84.4,0.01,0.01,2305.763052,1776194757000
1776194759.244,59.244,0.19,187.79,0.18,264.4,0.2,7.85,0.21,25.0,0.8,6.0,0.79,35.5,0.81,124.79,0.82,264.4,0.01,0.01,2305.908375,1776194758000
1776194759.58,59.58,0.2,25.15,0.19,157.79,0.21,32.0,0.22,260.5,0.8,0.35,0.79,25.0,0.81,187.79,0.82,264.4,0.01,0.01,2305.908375,1776194758000
1776194759.803,59.803,0.2,118.74,0.19,157.79,0.21,37.0,0.22,260.5,0.79,37.0,0.78,260.5,0.8,70.08,0.81,157.79,0.01,0.01,2305.908375,1776194758000
1776194760.073,60.073,0.2,116.19,0.19,99.79,0.21,32.0,0.22,255.5,0.79,37.0,0.78,260.5,0.8,108.24,0.81,157.79,0.01,0.01,2305.908375,1776194758000
1776194760.5,60.5,0.2,111.12,0.19,99.79,0.21,37.0,0.22,250.0,0.79,32.0,0.78,255.5,0.8,116.19,0.81,99.79,0.01,0.01,2305.465465,1776194759000
1776194760.735,60.735,0.2,109.09,0.19,99.79,0.21,37.0,0.22,250.0,0.79,37.0,0.78,250.0,0.8,111.12,0.81,99.79,0.01,0.01,2305.465465,1776194759000
1776194760.955,60.955,0.2,130.82,0.19,290.29,0.21,10.0,0.22,15.0,0.79,37.0,0.78,250.0,0.8,109.09,0.81,99.79,0.01,0.01,2305.465465,1776194759000
1776194761.256,61.256,0.21,130.64,0.2,85.15,0.22,15.0,0.23,252.21,0.78,10.0,0.77,252.21,0.79,83.0,0.8,90.15,0.01,0.01,2305.465465,1776194759000
1776194761.604,61.604,0.21,80.27,0.2,85.15,0.22,30.0,0.23,250.5,0.78,15.0,0.77,252.21,0.79,130.64,0.8,85.15,0.01,0.01,2305.541205,1776194760000
1776194761.827,61.827,0.21,27.81,0.2,85.15,0.22,75.0,0.23,250.5,0.78,80.0,0.77,250.5,0.79,59.0,0.8,85.15,0.01,0.01,2305.541205,1776194760000
1776194762.138,62.138,0.21,21.45,0.2,85.15,0.22,80.0,0.23,265.5,0.78,75.0,0.77,250.5,0.79,27.81,0.8,85.15,0.01,0.01,2305.54349,1776194761000
1776194762.7,62.7,0.21,15.0,0.2,25.15,0.22,267.32,0.23,85.5,0.78,80.0,0.77,265.5,0.79,21.45,0.8,85.15,0.01,0.01,2305.54349,1776194761000
1776194762.93,62.93,0.18,60.0,0.17,60.0,0.2,6.85,0.21,246.5,0.79,246.5,0.78,116.21,0.8,9.15,0.82,10.0,0.02,0.01,2305.54349,1776194761000
1776194763.165,63.165,0.19,11.9,0.18,46.92,0.2,28.85,0.21,240.5,0.8,32.85,0.79,251.5,0.81,9.9,0.82,51.92,0.01,0.01,2305.64998,1776194762000
1776194763.378,63.378,0.19,102.71,0.18,46.92,0.2,68.85,0.21,97.97,0.8,68.85,0.79,260.5,0.81,18.64,0.82,46.92,0.01,0.01,2305.64998,1776194762000
1776194763.798,63.798,0.19,100.37,0.18,235.15,0.2,1071.7,0.21,118.47,0.8,68.85,0.79,107.97,0.81,146.73,0.82,235.15,0.01,0.01,2305.64998,1776194762000
1776194764.019,64.019,0.19,135.5,0.18,235.15,0.2,111.35,0.21,113.47,0.8,1919.79,0.79,123.47,0.81,92.68,0.82,235.15,0.01,0.01,2305.64998,1776194762000
1776194764.411,64.411,0.19,132.26,0.18,235.15,0.2,111.35,0.21,113.47,0.8,555.82,0.79,102.97,0.81,134.26,0.82,235.15,0.01,0.01,2305.64022,1776194763000
1776194764.909,64.909,0.19,3.31,0.18,226.92,0.2,598.98,0.21,118.47,0.8,111.35,0.79,113.47,0.81,132.26,0.82,235.15,0.01,0.01,2305.64022,1776194763000
1776194765.172,65.172,0.16,10.0,0.15,82.23,0.2,607.84,0.21,143.46,0.8,492.85,0.79,186.75,0.81,1.95,0.84,180.0,0.04,0.01,2305.64022,1776194763000
1776194765.852,65.852,0.15,240.47,0.14,128.9,0.16,442.07,0.17,92.0,0.84,14.0,0.83,27.0,0.85,62.23,0.86,319.4,0.01,0.01,2305.64022,1776194763000
1776194766.146,66.146,0.15,240.47,0.14,128.9,0.16,442.07,0.17,92.0,0.84,442.07,0.83,92.0,0.85,240.47,0.86,128.9,0.01,0.01,2305.280307,1776194764000
1776194766.95,66.95,0.15,8.07,0.14,279.0,0.16,170.0,0.17,92.0,0.84,170.0,0.83,92.0,0.85,8.07,0.86,279.0,0.01,0.01,2305.35262,1776194765000
1776194767.461,67.461,0.15,424.42,0.14,126.5,0.17,10.0,0.18,22.0,0.84,346.06,0.83,130.26,0.85,347.92,0.86,109.5,0.02,0.01,2305.35262,1776194765000
1776194767.673,67.673,0.17,277.23,0.16,137.5,0.19,30.2,0.2,229.35,0.82,17.0,0.81,50.0,0.83,13.0,0.84,173.73,0.02,0.01,2305.03314,1776194766000
1776194768.351,68.351,0.17,277.23,0.16,137.5,0.19,30.2,0.2,229.35,0.81,30.2,0.8,229.35,0.83,277.23,0.84,137.5,0.02,0.02,2304.99412,1776194767000
1776194768.982,68.982,0.14,195.46,0.13,60.0,0.15,55.0,0.16,65.0,0.81,30.2,0.8,229.35,0.83,277.23,0.84,137.5,0.01,0.02,2304.99412,1776194767000
1776194769.348,69.348,0.14,268.46,0.13,98.8,0.15,30.0,0.16,10.0,0.85,55.0,0.84,65.0,0.86,195.46,0.87,60.0,0.01,0.01,2304.99412,1776194767000
1776194769.64,69.64,0.16,40.0,0.15,10.0,0.17,83.0,0.18,77.0,0.83,83.0,0.82,77.0,0.84,40.0,0.85,10.0,0.01,0.01,2304.937877,1776194768000
1776194770.129,70.129,0.14,194.21,0.13,60.0,0.15,98.0,0.16,70.0,0.84,3.25,0.83,151.0,0.86,250.46,0.87,102.3,0.01,0.02,2304.937877,1776194768000
1776194770.341,70.341,0.14,194.21,0.13,60.0,0.15,98.0,0.16,70.0,0.85,98.0,0.84,70.0,0.86,194.21,0.87,60.0,0.01,0.01,2305.17365,1776194769000
1776194770.703,70.703,0.14,255.25,0.13,74.77,0.15,467.86,0.16,135.5,0.85,98.0,0.84,70.0,0.86,194.21,0.87,60.0,0.01,0.01,2305.17365,1776194769000
1776194771.098,71.098,0.14,255.25,0.13,74.77,0.15,101.03,0.16,135.5,0.85,101.03,0.84,135.5,0.86,255.25,0.87,74.77,0.01,0.01,2304.812718,1776194770000
1776194772.281,72.281,0.14,255.25,0.13,74.77,0.15,101.03,0.16,135.5,0.85,101.03,0.84,135.5,0.86,255.25,0.87,74.77,0.01,0.01,2304.475904,1776194771000
1776194773.196,73.196,0.14,298.48,0.13,117.03,0.15,32.53,0.16,55.0,0.85,101.03,0.84,135.5,0.86,255.25,0.87,74.77,0.01,0.01,2304.475904,1776194771000
1776194773.698,73.698,0.14,349.87,0.13,134.53,0.15,10.86,0.16,5.0,0.85,10.86,0.84,5.0,0.86,349.87,0.87,134.53,0.01,0.01,2304.591754,1776194772000
1776194774.588,74.588,0.14,349.87,0.13,134.53,0.15,10.86,0.16,5.0,0.85,10.86,0.84,5.0,0.86,349.87,0.87,134.53,0.01,0.01,2304.579478,1776194773000
1776194774.829,74.829,0.15,326.97,0.14,104.97,0.16,1174.33,0.17,193.54,0.85,10.86,0.84,5.0,0.86,349.87,0.87,134.53,0.01,0.01,2304.579478,1776194773000
1776194775.313,75.313,0.15,326.97,0.14,104.97,0.16,1174.33,0.17,193.54,0.84,1174.33,0.83,193.54,0.85,326.97,0.86,104.97,0.01,0.01,2304.75578,1776194774000
1776194775.538,75.538,0.15,24.9,0.14,239.5,0.16,722.88,0.17,161.78,0.84,744.57,0.83,161.78,0.85,14.9,0.86,126.5,0.01,0.01,2304.75578,1776194774000
1776194775.878,75.878,0.15,38.54,0.14,239.5,0.16,79.31,0.17,99.52,0.84,722.88,0.83,161.78,0.85,24.9,0.86,239.5,0.01,0.01,2304.75578,1776194774000
1776194776.569,76.569,0.15,42.28,0.14,239.5,0.16,55.93,0.17,99.52,0.84,55.93,0.83,156.78,0.85,38.54,0.86,239.5,0.01,0.01,2304.75578,1776194774000
1776194777.322,77.322,0.15,42.28,0.14,239.5,0.16,55.93,0.17,99.52,0.84,55.93,0.83,99.52,0.85,42.28,0.86,239.5,0.01,0.01,2304.8149,1776194776000
1776194778.205,78.205,0.15,19.9,0.13,10.0,0.16,275.18,0.17,289.53,0.84,55.93,0.83,99.52,0.85,42.28,0.86,239.5,0.01,0.01,2304.8149,1776194776000
1776194778.651,78.651,0.15,19.9,0.13,10.0,0.16,275.18,0.17,289.53,0.84,275.18,0.83,289.53,0.85,19.9,0.87,10.0,0.01,0.01,2304.64777,1776194777000
1776194779.348,79.348,0.15,19.9,0.13,10.0,0.16,275.18,0.17,289.53,0.84,275.18,0.83,289.53,0.85,19.9,0.87,10.0,0.01,0.01,2304.65143,1776194778000
1776194780.184,80.184,0.12,189.55,0.11,60.0,0.13,102.0,0.14,70.5,0.87,102.0,0.86,70.5,0.88,189.55,0.89,60.0,0.01,0.01,2304.640795,1776194779000
1776194780.65,80.65,0.12,305.54,0.11,164.5,0.13,31.0,0.14,5.0,0.87,31.0,0.86,5.0,0.88,305.02,0.89,152.73,0.01,0.01,2304.640795,1776194779000
1776194780.986,80.986,0.14,250.0,0.13,17.0,0.15,2.73,0.16,5.0,0.86,5.0,0.85,15.0,0.88,305.54,0.89,164.5,0.01,0.02,2304.640795,1776194779000
1776194781.229,81.229,0.18,25.0,0.17,32.0,0.2,232.98,0.21,47.97,0.81,3.2,0.8,245.78,0.83,10.0,0.84,70.0,0.02,0.02,2304.640795,1776194779000
1776194781.572,81.572,0.19,35.0,0.18,25.0,0.2,106.6,0.21,47.97,0.8,106.6,0.79,47.97,0.81,35.0,0.82,25.0,0.01,0.01,2304.260929,1776194780000
1776194781.936,81.936,0.19,73.16,0.18,200.0,0.2,111.6,0.21,37.97,0.8,106.6,0.79,47.97,0.81,35.0,0.82,25.0,0.01,0.01,2304.260929,1776194780000
1776194782.254,82.254,0.19,58.47,0.18,200.0,0.2,94.6,0.21,37.97,0.8,111.6,0.79,37.97,0.81,73.16,0.82,200.0,0.01,0.01,2304.260929,1776194780000
1776194782.529,82.529,0.19,108.47,0.18,255.61,0.2,94.6,0.21,47.97,0.8,94.6,0.79,37.97,0.81,58.47,0.82,200.0,0.01,0.01,2304.347896,1776194781000
1776194783.129,83.129,0.19,92.16,0.18,255.61,0.2,73.6,0.21,47.97,0.8,73.6,0.79,47.97,0.81,92.16,0.82,255.61,0.01,0.01,2304.89421,1776194782000
1776194783.525,83.525,0.19,233.31,0.18,88.11,0.2,45.5,0.21,42.97,0.8,73.6,0.79,47.97,0.81,92.16,0.82,255.61,0.01,0.01,2304.89421,1776194782000
1776194783.738,83.738,0.2,16.3,0.19,205.81,0.21,41.3,0.23,10.0,0.79,54.3,0.77,20.5,0.81,238.31,0.82,88.11,0.01,0.02,2304.89421,1776194782000
1776194783.939,83.939,0.2,264.35,0.19,37.5,0.21,29.72,0.24,10.0,0.79,41.3,0.77,10.0,0.8,16.3,0.81,205.81,0.01,0.01,2304.89421,1776194782000
1776194784.194,84.194,0.2,274.35,0.19,10.0,0.21,34.48,0.23,10.0,0.79,34.48,0.77,10.0,0.8,274.35,0.81,10.0,0.01,0.01,2305.788433,1776194783000
1776194784.629,84.629,0.2,376.21,0.19,87.5,0.21,19.48,0.27,60.0,0.79,14.48,0.77,20.5,0.8,263.05,0.81,10.0,0.01,0.01,2305.788433,1776194783000
1776194784.879,84.879,0.24,48.59,0.23,15.0,0.26,10.0,0.27,70.5,0.73,60.0,0.72,102.0,0.8,416.21,0.81,87.5,0.02,0.07,2305.788433,1776194783000
1776194785.406,85.406,0.24,47.18,0.23,15.0,0.26,29.98,0.27,70.5,0.74,29.98,0.73,70.5,0.76,47.18,0.77,15.0,0.02,0.02,2305.860489,1776194784000
1776194785.619,85.619,0.25,22.57,0.24,32.18,0.26,29.98,0.27,10.0,0.74,34.98,0.73,10.0,0.75,10.0,0.76,37.18,0.01,0.01,2305.860489,1776194784000
1776194785.845,85.845,0.25,37.57,0.24,32.18,0.26,13.94,0.27,10.0,0.74,23.94,0.73,10.0,0.75,37.57,0.76,32.18,0.01,0.01,2305.860489,1776194784000
1776194786.329,86.329,0.25,37.57,0.24,32.18,0.26,13.94,0.27,10.0,0.74,13.94,0.73,10.0,0.75,37.57,0.76,32.18,0.01,0.01,2306.081997,1776194785000
1776194786.653,86.653,0.25,86.57,0.24,222.68,0.26,1.65,0.27,10.0,0.74,13.94,0.73,10.0,0.75,37.57,0.76,32.18,0.01,0.01,2306.081997,1776194785000
1776194786.893,86.893,0.25,86.57,0.24,222.68,0.26,1.65,0.27,10.0,0.74,1.65,0.73,10.0,0.75,86.57,0.76,222.68,0.01,0.01,2306.242692,1776194786000
1776194787.23,87.23,0.26,103.0,0.25,250.5,0.28,64.49,0.29,10.0,0.74,1.65,0.73,10.0,0.75,86.57,0.76,222.68,0.02,0.01,2306.242692,1776194786000
1776194787.593,87.593,0.31,15.0,0.3,190.0,0.33,9.9,0.34,10.0,0.68,15.31,0.67,71.0,0.73,10.0,0.74,148.0,0.02,0.05,2306.242692,1776194786000
1776194787.925,87.925,0.31,15.0,0.3,190.0,0.34,9.9,0.35,26.0,0.66,9.9,0.65,26.0,0.69,15.0,0.7,190.0,0.03,0.03,2306.655225,1776194787000
1776194788.153,88.153,0.29,36.0,0.28,20.5,0.3,10.0,0.31,15.0,0.7,10.0,0.69,15.0,0.71,180.0,0.72,20.5,0.01,0.01,2306.655225,1776194787000
1776194788.408,88.408,0.3,69.74,0.29,207.4,0.31,5.0,0.32,20.0,0.69,5.0,0.68,25.0,0.7,0.74,0.71,27.4,0.01,0.01,2306.655225,1776194787000
1776194788.737,88.737,0.31,7.69,0.3,256.24,0.32,15.0,0.33,62.49,0.69,5.0,0.68,20.0,0.7,69.74,0.71,207.4,0.01,0.01,2306.655225,1776194787000
1776194789.304,89.304,0.32,45.55,0.31,233.19,0.33,72.49,0.34,14.9,0.67,67.49,0.66,14.9,0.69,139.13,0.7,60.74,0.01,0.02,2306.942451,1776194788000
1776194789.702,89.702,0.32,43.47,0.31,203.19,0.33,67.49,0.34,24.67,0.67,72.49,0.66,14.9,0.68,45.55,0.69,233.19,0.01,0.01,2306.942451,1776194788000
1776194790.12,90.12,0.32,36.55,0.31,203.19,0.33,67.49,0.34,24.67,0.67,67.49,0.66,24.67,0.68,36.55,0.69,203.19,0.01,0.01,2307.253783,1776194789000
1776194790.401,90.401,0.32,274.5,0.31,100.19,0.33,15.27,0.34,9.9,0.67,22.76,0.66,24.67,0.68,271.55,0.69,90.19,0.01,0.01,2307.253783,1776194789000
1776194790.695,90.695,0.32,319.2,0.31,93.19,0.33,15.27,0.34,9.9,0.67,15.27,0.66,9.9,0.68,319.5,0.69,100.19,0.01,0.01,2307.253783,1776194789000
1776194791.033,91.033,0.32,312.58,0.31,93.19,0.33,15.27,0.34,9.9,0.67,15.27,0.66,9.9,0.68,312.58,0.69,93.19,0.01,0.01,2307.498691,1776194790000
1776194791.889,91.889,0.32,320.22,0.31,83.19,0.33,24.21,0.34,9.9,0.67,15.27,0.66,9.9,0.68,312.58,0.69,93.19,0.01,0.01,2307.498691,1776194790000
1776194792.164,92.164,0.32,286.15,0.31,83.19,0.33,24.21,0.34,9.9,0.67,24.21,0.66,9.9,0.68,286.15,0.69,83.19,0.01,0.01,2307.56365,1776194791000
1776194792.462,92.462,0.32,10.0,0.31,60.0,0.33,39.14,0.34,29.67,0.67,34.14,0.66,14.9,0.68,65.0,0.69,60.0,0.01,0.01,2307.56365,1776194791000
1776194793.218,93.218,0.31,75.0,0.3,60.0,0.32,13.74,0.33,78.14,0.68,13.74,0.67,78.14,0.69,75.0,0.7,60.0,0.01,0.01,2307.708007,1776194792000
1776194793.428,93.428,0.31,80.88,0.3,250.5,0.32,8.94,0.33,14.2,0.68,23.94,0.67,14.2,0.69,294.88,0.7,77.5,0.01,0.01,2307.708007,1776194792000
1776194793.773,93.773,0.31,60.28,0.3,240.0,0.32,25.0,0.33,19.2,0.67,14.2,0.66,9.9,0.69,82.53,0.7,250.5,0.01,0.02,2307.708007,1776194792000
1776194794.2,94.2,0.31,60.28,0.3,240.0,0.32,25.0,0.33,19.2,0.68,25.0,0.67,19.2,0.69,60.28,0.7,240.0,0.01,0.01,2307.642775,1776194793000
1776194794.928,94.928,0.31,47.96,0.3,50.0,0.32,109.22,0.33,61.83,0.68,25.0,0.67,19.2,0.69,60.28,0.7,240.0,0.01,0.01,2307.642775,1776194793000
1776194795.14,95.14,0.31,31.62,0.3,50.0,0.32,293.99,0.33,47.06,0.68,298.99,0.67,47.06,0.69,35.96,0.7,50.0,0.01,0.01,2307.642775,1776194793000
1776194795.415,95.415,0.3,38.35,0.29,60.0,0.32,293.99,0.33,52.06,0.68,293.99,0.67,47.06,0.69,31.62,0.7,50.0,0.02,0.01,2307.578659,1776194794000
1776194796.258,96.258,0.3,63.35,0.29,60.0,0.31,38.0,0.32,246.99,0.68,293.99,0.67,52.06,0.7,38.35,0.71,60.0,0.01,0.02,2307.578659,1776194794000
1776194796.754,96.754,0.3,68.35,0.29,250.5,0.31,18.0,0.32,40.99,0.69,38.0,0.68,246.99,0.7,63.35,0.71,60.0,0.01,0.01,2307.40455,1776194795000
1776194797.387,97.387,0.3,52.25,0.29,250.5,0.31,18.0,0.32,40.99,0.69,18.0,0.68,40.99,0.7,61.31,0.71,250.5,0.01,0.01,2307.40455,1776194795000
1776194797.933,97.933,0.3,52.25,0.29,250.5,0.31,18.0,0.32,40.99,0.69,18.0,0.68,40.99,0.7,52.25,0.71,250.5,0.01,0.01,2307.198615,1776194796000
1776194798.454,98.454,0.3,52.25,0.29,250.5,0.31,18.0,0.32,40.99,0.69,18.0,0.68,40.99,0.7,52.25,0.71,250.5,0.01,0.01,2307.321817,1776194797000
1776194799.055,99.055,0.3,52.25,0.29,250.5,0.31,18.0,0.32,40.99,0.69,18.0,0.68,40.99,0.7,52.25,0.71,250.5,0.01,0.01,2307.408969,1776194798000
1776194799.281,99.281,0.3,61.25,0.29,250.5,0.31,27.0,0.32,45.99,0.69,27.0,0.68,45.99,0.7,61.25,0.71,250.5,0.01,0.01,2307.408969,1776194798000
1776194799.754,99.754,0.3,320.75,0.29,91.02,0.32,18.22,0.33,31.56,0.69,27.0,0.68,45.99,0.7,61.25,0.71,250.5,0.02,0.01,2307.408969,1776194798000
1776194800.161,100.161,0.31,15.5,0.3,325.75,0.33,29.95,0.34,5.0,0.67,29.95,0.66,5.0,0.69,15.5,0.7,325.75,0.02,0.02,2307.425838,1776194799000
1776194800.436,100.436,0.32,98.91,0.31,219.98,0.33,34.72,0.34,10.0,0.67,34.72,0.66,10.0,0.68,96.0,0.69,219.98,0.01,0.01,2307.425838,1776194799000
1776194800.828,100.828,0.32,139.41,0.31,219.98,0.33,33.72,0.34,10.0,0.67,33.72,0.66,10.0,0.68,98.91,0.69,219.98,0.01,0.01,2307.425838,1776194799000
1776194801.28,101.28,0.32,139.41,0.31,219.98,0.33,33.72,0.34,10.0,0.67,33.72,0.66,10.0,0.68,139.41,0.69,219.98,0.01,0.01,2307.4104,1776194800000
1776194801.582,101.582,0.32,320.5,0.31,91.5,0.33,16.72,0.34,42.61,0.67,17.72,0.66,42.61,0.68,328.41,0.69,91.5,0.01,0.01,2307.4104,1776194800000
1776194801.85,101.85,0.32,320.5,0.31,91.5,0.33,6.95,0.34,42.61,0.67,16.72,0.66,42.61,0.68,320.5,0.69,91.5,0.01,0.01,2307.4104,1776194800000
1776194802.073,102.073,0.32,70.0,0.31,271.5,0.33,9.95,0.34,52.61,0.67,0.95,0.66,47.61,0.68,99.0,0.69,271.5,0.01,0.01,2307.4104,1776194800000
1776194802.339,102.339,0.32,70.0,0.31,271.5,0.33,9.95,0.34,52.61,0.67,9.95,0.66,52.61,0.68,70.0,0.69,271.5,0.01,0.01,2307.6943,1776194801000
1776194802.805,102.805,0.32,314.98,0.31,82.02,0.33,13.77,0.34,52.61,0.67,9.95,0.66,52.61,0.68,70.0,0.69,271.5,0.01,0.01,2307.6943,1776194801000
1776194803.19,103.19,0.32,309.98,0.31,82.02,0.33,11.77,0.34,52.61,0.67,12.77,0.66,52.61,0.68,309.98,0.69,82.02,0.01,0.01,2307.69975,1776194802000
1776194803.841,103.841,0.32,57.64,0.31,226.5,0.33,29.77,0.34,57.61,0.67,10.77,0.66,52.61,0.68,314.98,0.69,82.02,0.01,0.01,2307.69975,1776194802000
1776194804.13,104.13,0.32,67.64,0.31,216.0,0.33,23.77,0.34,57.61,0.67,29.77,0.66,57.61,0.68,57.64,0.69,226.5,0.01,0.01,2307.792285,1776194803000
1776194804.359,104.359,0.32,67.64,0.31,216.0,0.33,17.77,0.34,20.0,0.67,28.37,0.66,57.61,0.68,62.64,0.69,216.0,0.01,0.01,2307.792285,1776194803000
1776194804.562,104.562,0.32,51.49,0.31,216.0,0.33,16.77,0.34,20.0,0.67,16.77,0.66,20.0,0.68,67.64,0.69,216.0,0.01,0.01,2307.792285,1776194803000
1776194804.85,104.85,0.32,80.97,0.31,256.52,0.34,15.0,0.35,91.5,0.67,16.77,0.66,20.0,0.68,51.49,0.69,216.0,0.02,0.01,2307.792285,1776194803000
1776194805.402,105.402,0.33,10.0,0.31,5.0,0.34,274.5,0.35,101.5,0.66,15.0,0.65,91.5,0.68,80.97,0.69,256.52,0.01,0.02,2307.82415,1776194804000
1776194805.685,105.685,0.28,50.0,0.27,60.0,0.29,44.0,0.3,20.0,0.68,132.08,0.67,240.0,0.71,47.3,0.72,50.0,0.01,0.03,2307.82415,1776194804000
1776194806.008,106.008,0.28,28.82,0.27,60.0,0.29,87.0,0.3,30.0,0.71,87.0,0.7,30.0,0.72,28.82,0.73,60.0,0.01,0.01,2307.71545,1776194805000
1776194806.558,106.558,0.25,60.0,0.24,69.48,0.29,355.5,0.3,92.5,0.71,87.0,0.7,30.0,0.72,28.82,0.73,60.0,0.04,0.01,2307.71545,1776194805000
1776194806.994,106.994,0.25,56.05,0.24,69.48,0.27,26.0,0.28,19.0,0.73,26.0,0.72,19.0,0.75,56.05,0.76,69.48,0.02,0.02,2307.6351,1776194806000
1776194808.081,108.081,0.25,66.05,0.24,69.48,0.26,92.0,0.27,138.5,0.74,92.0,0.73,138.5,0.75,66.05,0.76,69.48,0.01,0.01,2306.993572,1776194807000
1776194809.048,109.048,0.25,59.71,0.24,250.0,0.26,24.0,0.27,90.5,0.74,24.0,0.73,90.5,0.75,59.71,0.76,250.0,0.01,0.01,2307.0336,1776194808000
1776194809.794,109.794,0.25,54.71,0.24,70.0,0.26,103.65,0.27,270.5,0.74,24.0,0.73,90.5,0.75,59.71,0.76,250.0,0.01,0.01,2307.0336,1776194808000
1776194810.049,110.049,0.25,54.71,0.24,70.0,0.26,103.65,0.27,270.5,0.74,103.65,0.73,270.5,0.75,54.71,0.76,70.0,0.01,0.01,2306.83835,1776194809000
1776194810.981,110.981,0.25,59.71,0.24,60.0,0.26,127.65,0.27,270.5,0.74,103.65,0.73,270.5,0.75,54.71,0.76,70.0,0.01,0.01,2306.83835,1776194809000
1776194811.448,111.448,0.25,59.71,0.24,60.0,0.26,127.65,0.27,270.5,0.74,127.65,0.73,270.5,0.75,59.71,0.76,60.0,0.01,0.01,2306.784567,1776194810000
1776194812.512,112.512,0.25,59.71,0.24,60.0,0.26,127.65,0.27,270.5,0.74,127.65,0.73,270.5,0.75,59.71,0.76,60.0,0.01,0.01,2306.784803,1776194811000
1776194813.089,113.089,0.24,12.87,0.23,60.0,0.25,67.5,0.26,283.65,0.75,67.5,0.74,283.65,0.76,12.87,0.77,60.0,0.01,0.01,2306.796291,1776194812000
1776194814.313,114.313,0.24,12.87,0.23,60.0,0.25,67.5,0.26,283.65,0.75,67.5,0.74,283.65,0.76,12.87,0.77,60.0,0.01,0.01,2306.796188,1776194813000
1776194814.871,114.871,0.21,0.77,0.2,89.46,0.22,25.5,0.23,273.5,0.75,67.5,0.74,283.65,0.76,12.87,0.77,60.0,0.01,0.01,2306.796188,1776194813000
1776194815.357,115.357,0.2,31.03,0.19,10.0,0.22,297.5,0.23,261.5,0.78,117.5,0.77,131.5,0.79,6.05,0.8,31.98,0.02,0.01,2306.796188,1776194813000
1776194815.863,115.863,0.2,14.03,0.19,10.0,0.21,229.42,0.22,143.5,0.79,6.0,0.78,253.5,0.8,14.03,0.81,10.0,0.01,0.01,2306.6937,1776194814000
1776194816.087,116.087,0.2,14.03,0.19,10.0,0.21,229.42,0.22,143.5,0.79,229.42,0.78,143.5,0.8,14.03,0.81,10.0,0.01,0.01,2306.6345,1776194815000
1776194816.717,116.717,0.2,12.03,0.19,10.0,0.21,265.42,0.22,143.5,0.79,227.42,0.78,143.5,0.8,14.03,0.81,60.0,0.01,0.01,2306.6345,1776194815000
1776194817.094,117.094,0.2,12.03,0.19,10.0,0.21,269.42,0.22,143.5,0.79,265.42,0.78,143.5,0.8,12.03,0.81,10.0,0.01,0.01,2306.6345,1776194815000
1776194817.577,117.577,0.2,16.96,0.19,10.0,0.21,241.42,0.22,143.5,0.79,269.42,0.78,143.5,0.8,12.03,0.81,10.0,0.01,0.01,2306.177817,1776194816000
1776194818.337,118.337,0.2,16.96,0.19,10.0,0.21,241.42,0.22,143.5,0.79,241.42,0.78,143.5,0.8,16.96,0.81,10.0,0.01,0.01,2306.085005,1776194817000
1776194819.077,119.077,0.2,16.96,0.19,10.0,0.21,241.42,0.22,143.5,0.79,241.42,0.78,143.5,0.8,16.96,0.81,10.0,0.01,0.01,2306.0434,1776194818000
1776194819.318,119.318,0.2,365.51,0.19,104.5,0.22,5.0,0.23,5.0,0.79,241.42,0.78,143.5,0.8,16.96,0.81,10.0,0.02,0.01,2306.0434,1776194818000
1776194819.541,119.541,0.21,118.5,0.2,131.55,0.23,5.0,0.24,5.0,0.78,5.0,0.77,5.0,0.8,365.51,0.81,104.5,0.02,0.02,2306.0434,1776194818000
1776194819.758,119.758,0.23,4.71,0.22,30.0,0.25,18.82,0.26,60.5,0.75,13.82,0.74,71.5,0.79,118.5,0.8,131.55,0.02,0.04,2306.0434,1776194818000
1776194820.153,120.153,0.24,29.0,0.23,10.0,0.25,29.82,0.26,82.5,0.75,17.82,0.74,60.5,0.77,4.71,0.78,30.0,0.01,0.02,2306.0434,1776194818000
1776194821.04,121.04,0.24,27.68,0.23,8.52,0.25,266.82,0.26,248.78,0.75,29.82,0.74,82.5,0.76,29.0,0.77,10.0,0.01,0.01,2306.01655,1776194819000
1776194821.264,121.264,0.22,91.0,0.21,77.28,0.24,42.5,0.25,262.82,0.76,42.5,0.75,262.82,0.78,91.0,0.79,77.28,0.02,0.02,2306.245928,1776194820000
1776194821.678,121.678,0.23,27.27,0.22,85.0,0.24,75.5,0.25,259.82,0.76,42.5,0.75,262.82,0.78,91.0,0.79,77.28,0.01,0.02,2306.245928,1776194820000
1776194822.109,122.109,0.23,12.27,0.22,85.0,0.24,269.5,0.25,84.82,0.76,75.5,0.75,259.82,0.77,27.27,0.78,85.0,0.01,0.01,2306.245928,1776194820000
1776194822.5,122.5,0.23,12.27,0.22,85.0,0.24,269.5,0.25,84.82,0.76,269.5,0.75,84.82,0.77,12.27,0.78,85.0,0.01,0.01,2306.67707,1776194821000
1776194823.139,123.139,0.23,1.82,0.22,85.0,0.24,260.5,0.25,84.82,0.76,260.5,0.75,84.82,0.77,1.82,0.78,85.0,0.01,0.01,2306.67707,1776194822000
1776194823.475,123.475,0.26,94.71,0.25,88.0,0.27,5.0,0.28,86.88,0.72,8.42,0.71,250.5,0.74,116.71,0.75,119.0,0.01,0.02,2306.67707,1776194822000
1776194823.869,123.869,0.27,16.8,0.26,73.0,0.28,322.38,0.29,175.5,0.72,69.88,0.71,350.5,0.73,9.0,0.74,93.0,0.01,0.01,2306.67707,1776194822000
1776194824.324,124.324,0.27,16.8,0.26,73.0,0.28,322.38,0.29,175.5,0.72,322.38,0.71,175.5,0.73,16.8,0.74,73.0,0.01,0.01,2306.62717,1776194823000
1776194824.733,124.733,0.27,7.33,0.26,73.0,0.28,327.23,0.29,175.5,0.72,337.38,0.71,175.5,0.73,7.33,0.74,73.0,0.01,0.01,2306.62717,1776194823000
1776194825.044,125.044,0.27,7.33,0.26,73.0,0.28,321.23,0.29,175.5,0.72,321.23,0.71,175.5,0.73,7.33,0.74,73.0,0.01,0.01,2306.684641,1776194824000
1776194825.491,125.491,0.27,95.0,0.26,278.5,0.28,43.46,0.29,65.0,0.72,71.46,0.71,78.5,0.73,63.44,0.74,88.0,0.01,0.01,2306.684641,1776194824000
1776194825.753,125.753,0.27,290.0,0.26,153.5,0.28,31.46,0.29,5.0,0.72,43.46,0.71,65.0,0.73,95.0,0.74,278.5,0.01,0.01,2306.684641,1776194824000
1776194825.961,125.961,0.27,273.89,0.26,153.5,0.29,11.92,0.3,65.0,0.71,49.92,0.7,65.0,0.73,290.0,0.74,153.5,0.02,0.02,2306.684641,1776194824000
1776194826.184,126.184,0.28,265.5,0.27,122.91,0.29,9.0,0.31,70.0,0.71,11.92,0.7,65.0,0.73,273.89,0.74,153.5,0.01,0.02,2306.684641,1776194824000
1776194826.403,126.403,0.28,318.97,0.27,122.91,0.29,19.6,0.3,89.1,0.71,14.6,0.7,89.1,0.72,324.97,0.73,122.91,0.01,0.01,2307.081225,1776194825000
1776194826.621,126.621,0.28,287.8,0.27,122.91,0.29,17.7,0.3,99.1,0.71,17.7,0.7,89.1,0.72,312.97,0.73,122.91,0.01,0.01,2307.081225,1776194825000
1776194826.86,126.86,0.28,262.01,0.27,122.91,0.29,17.7,0.3,99.1,0.71,17.7,0.7,99.1,0.72,271.61,0.73,122.91,0.01,0.01,2307.081225,1776194825000
1776194827.248,127.248,0.28,364.49,0.27,152.91,0.29,15.7,0.32,20.08,0.71,16.7,0.7,99.1,0.72,256.99,0.73,122.91,0.01,0.01,2307.081225,1776194825000
1776194827.57,127.57,0.31,34.5,0.3,30.52,0.33,9.08,0.34,74.0,0.68,9.08,0.67,10.0,0.72,457.01,0.73,152.91,0.02,0.04,2307.09867,1776194826000
1776194828.021,128.021,0.32,335.5,0.31,170.5,0.33,15.0,0.34,14.0,0.67,13.08,0.66,74.0,0.68,5.0,0.69,99.5,0.01,0.01,2307.09867,1776194826000
1776194828.422,128.422,0.32,310.02,0.31,179.02,0.33,10.0,0.34,97.95,0.67,10.0,0.66,14.0,0.68,317.98,0.69,179.02,0.01,0.01,2307.09867,1776194826000
1776194828.688,128.688,0.33,277.15,0.32,108.02,0.34,97.95,0.35,31.0,0.66,97.95,0.65,31.0,0.67,249.15,0.68,96.5,0.01,0.01,2307.534333,1776194827000
1776194829.04,129.04,0.33,269.05,0.32,108.02,0.34,97.95,0.35,31.0,0.66,97.95,0.65,31.0,0.67,269.05,0.68,108.02,0.01,0.01,2307.659883,1776194828000
1776194829.304,129.304,0.33,336.01,0.32,108.02,0.34,87.95,0.35,31.0,0.66,87.95,0.65,31.0,0.67,341.01,0.68,108.02,0.01,0.01,2307.659883,1776194828000
1776194829.612,129.612,0.33,446.01,0.32,128.02,0.35,18.4,0.36,15.0,0.66,78.95,0.65,31.0,0.67,331.01,0.68,108.02,0.02,0.01,2307.659883,1776194828000
1776194830.328,130.328,0.36,67.1,0.35,11.0,0.38,10.0,0.39,70.0,0.62,10.0,0.61,70.0,0.64,67.1,0.65,11.0,0.02,0.02,2308.031597,1776194829000
1776194830.768,130.768,0.37,21.34,0.36,266.6,0.38,146.81,0.39,75.0,0.62,141.81,0.61,255.0,0.63,25.0,0.64,86.6,0.01,0.01,2308.031597,1776194829000
1776194831.228,131.228,0.37,296.34,0.36,97.1,0.38,37.42,0.39,75.0,0.62,146.81,0.61,75.0,0.63,21.34,0.64,266.6,0.01,0.01,2308.031597,1776194829000
1776194831.647,131.647,0.37,286.75,0.36,97.1,0.38,41.42,0.39,70.0,0.62,41.42,0.61,75.0,0.63,294.75,0.64,102.1,0.01,0.01,2308.239486,1776194830000
1776194831.981,131.981,0.37,22.38,0.36,36.6,0.38,95.42,0.39,175.0,0.62,45.42,0.61,70.0,0.63,80.0,0.64,277.1,0.01,0.01,2308.239486,1776194830000
1776194832.184,132.184,0.37,10.0,0.36,21.6,0.38,362.92,0.39,180.5,0.62,94.42,0.61,175.0,0.63,17.38,0.64,36.6,0.01,0.01,2308.239486,1776194830000
1776194832.43,132.43,0.36,25.6,0.35,55.0,0.37,97.07,0.38,361.92,0.63,19.0,0.62,356.92,0.64,20.6,0.65,55.0,0.01,0.01,2308.239486,1776194830000
1776194832.711,132.711,0.36,20.6,0.35,60.0,0.37,145.07,0.38,361.92,0.63,101.07,0.62,361.92,0.64,20.6,0.65,60.0,0.01,0.01,2308.31352,1776194831000
1776194833.013,133.013,0.35,5.0,0.34,60.0,0.36,147.0,0.37,139.07,0.64,14.0,0.63,144.07,0.65,10.0,0.66,60.0,0.01,0.01,2308.31352,1776194831000
1776194833.928,133.928,0.35,365.78,0.34,101.5,0.36,4.82,0.38,10.0,0.64,147.0,0.63,139.07,0.65,5.0,0.66,60.0,0.01,0.01,2308.337586,1776194832000
1776194834.206,134.206,0.35,213.78,0.34,101.5,0.38,10.0,0.39,60.0,0.62,10.0,0.61,60.0,0.65,213.78,0.66,101.5,0.03,0.03,2308.282705,1776194833000
1776194834.526,134.526,0.37,10.0,0.36,5.0,0.38,98.96,0.39,75.0,0.62,111.7,0.61,260.0,0.63,10.0,0.64,5.0,0.01,0.01,2308.282705,1776194833000
1776194834.866,134.866,0.37,14.16,0.36,5.0,0.38,103.96,0.39,80.0,0.62,98.96,0.61,75.0,0.63,5.91,0.64,5.0,0.01,0.01,2308.282705,1776194833000
1776194835.12,135.12,0.37,9.69,0.36,65.0,0.38,78.96,0.39,75.0,0.62,103.96,0.61,80.0,0.63,14.16,0.64,5.0,0.01,0.01,2308.282705,1776194833000
1776194835.33,135.33,0.37,7.94,0.36,65.0,0.38,28.96,0.39,75.0,0.62,28.96,0.61,75.0,0.63,7.94,0.64,65.0,0.01,0.01,2308.26443,1776194834000
1776194835.565,135.565,0.37,63.85,0.36,255.5,0.38,22.7,0.39,130.19,0.62,22.7,0.61,130.19,0.63,31.19,0.64,255.5,0.01,0.01,2308.26443,1776194834000
1776194836.084,136.084,0.37,283.25,0.36,80.5,0.38,21.7,0.39,135.19,0.62,26.7,0.61,130.19,0.63,55.0,0.64,75.5,0.01,0.01,2308.26443,1776194834000
1776194836.385,136.385,0.37,253.25,0.36,80.5,0.38,71.7,0.39,135.19,0.62,71.7,0.61,135.19,0.63,253.25,0.64,80.5,0.01,0.01,2308.444207,1776194835000
1776194836.599,136.599,0.37,303.25,0.36,71.0,0.38,10.7,0.4,178.93,0.62,71.7,0.61,135.19,0.63,253.25,0.64,80.5,0.01,0.01,2308.444207,1776194835000
1776194836.895,136.895,0.39,339.5,0.38,21.0,0.4,96.93,0.43,15.0,0.6,106.93,0.57,15.0,0.63,326.25,0.64,71.0,0.01,0.03,2308.444207,1776194835000
1776194837.196,137.196,0.42,15.5,0.41,37.59,0.44,5.81,0.45,180.0,0.57,4.9,0.56,75.0,0.59,14.78,0.6,30.5,0.02,0.02,2308.447404,1776194836000
1776194837.97,137.97,0.42,64.0,0.41,38.09,0.43,3.79,0.44,10.0,0.57,9.78,0.56,10.0,0.58,50.0,0.59,28.09,0.01,0.01,2308.447404,1776194836000
1776194838.229,138.229,0.42,64.0,0.41,38.09,0.43,3.79,0.44,10.0,0.57,3.79,0.56,10.0,0.58,64.0,0.59,38.09,0.01,0.01,2308.547018,1776194837000
1776194838.802,138.802,0.42,89.0,0.41,12.59,0.43,10.0,0.44,14.31,0.56,9.31,0.55,60.0,0.58,69.0,0.59,207.59,0.01,0.02,2308.547018,1776194837000
1776194839.097,139.097,0.42,29.0,0.41,5.0,0.43,99.16,0.44,14.31,0.57,10.0,0.56,14.31,0.58,89.0,0.59,12.59,0.01,0.01,2308.547018,1776194837000
1776194839.404,139.404,0.42,55.0,0.41,50.0,0.43,268.16,0.44,25.31,0.57,268.16,0.56,25.31,0.58,55.0,0.59,50.0,0.01,0.01,2309.027087,1776194838000
1776194839.607,139.607,0.38,38.45,0.37,60.0,0.39,10.0,0.4,10.0,0.57,268.16,0.56,35.81,0.62,50.0,0.63,60.0,0.01,0.05,2309.027087,1776194838000
1776194839.871,139.871,0.37,37.28,0.36,60.0,0.38,7.68,0.39,10.0,0.61,10.0,0.6,10.0,0.62,38.45,0.63,60.0,0.01,0.01,2309.027087,1776194838000
1776194840.22,140.22,0.37,21.4,0.36,60.0,0.4,19.0,0.41,70.0,0.62,2.68,0.61,10.0,0.63,16.4,0.64,60.0,0.03,0.01,2309.03557,1776194839000
1776194840.581,140.581,0.38,8.65,0.37,21.4,0.4,20.5,0.41,75.0,0.6,26.0,0.59,75.0,0.62,8.65,0.63,21.4,0.02,0.02,2309.03557,1776194839000
1776194841.075,141.075,0.38,7.03,0.37,21.4,0.4,20.5,0.41,75.0,0.6,20.5,0.59,75.0,0.62,7.03,0.63,21.4,0.02,0.02,2308.9378,1776194840000
1776194842.368,142.368,0.38,7.03,0.37,21.4,0.4,20.5,0.41,75.0,0.6,20.5,0.59,75.0,0.62,7.03,0.63,21.4,0.02,0.02,2308.571382,1776194841000
1776194843.27,143.27,0.37,23.41,0.36,65.0,0.38,226.0,0.39,427.5,0.61,438.5,0.6,179.0,0.62,2.07,0.63,20.0,0.01,0.01,2308.571382,1776194841000
1776194844.119,144.119,0.37,23.41,0.36,65.0,0.38,226.0,0.39,427.5,0.62,226.0,0.61,427.5,0.63,23.41,0.64,65.0,0.01,0.01,2308.595472,1776194842000
1776194844.966,144.966,0.37,10.0,0.35,10.0,0.38,462.36,0.39,220.5,0.62,230.0,0.61,187.5,0.63,20.41,0.64,65.0,0.01,0.01,2308.595472,1776194842000
1776194845.212,145.212,0.35,2.0,0.34,10.0,0.36,183.5,0.37,155.5,0.64,11.0,0.63,20.5,0.65,9.0,0.66,10.0,0.01,0.01,2308.4947,1776194843000
1776194845.529,145.529,0.35,2.0,0.34,10.0,0.36,287.5,0.37,210.5,0.64,183.5,0.63,155.5,0.65,2.0,0.66,10.0,0.01,0.01,2308.4947,1776194843000
1776194846.29,146.29,0.34,10.0,0.33,60.0,0.35,418.29,0.36,280.5,0.64,287.5,0.63,210.5,0.66,10.0,0.67,60.0,0.01,0.02,2308.471336,1776194844000
1776194846.572,146.572,0.34,10.0,0.33,60.0,0.35,418.29,0.36,280.5,0.65,418.29,0.64,280.5,0.66,10.0,0.67,60.0,0.01,0.01,2308.478034,1776194845000
1776194846.791,146.791,0.34,20.0,0.33,60.0,0.35,443.39,0.36,280.5,0.65,418.29,0.64,280.5,0.66,10.0,0.67,60.0,0.01,0.01,2308.478034,1776194845000
1776194847.329,147.329,0.34,20.0,0.33,60.0,0.35,443.39,0.36,280.5,0.65,443.39,0.64,280.5,0.66,20.0,0.67,60.0,0.01,0.01,2308.36749,1776194846000
1776194848.029,148.029,0.34,20.0,0.33,60.0,0.35,443.39,0.36,280.5,0.65,443.39,0.64,280.5,0.66,20.0,0.67,60.0,0.01,0.01,2308.20548,1776194847000
1776194848.713,148.713,0.33,10.0,0.32,60.0,0.35,438.39,0.36,280.5,0.65,443.39,0.64,280.5,0.66,20.0,0.67,60.0,0.02,0.01,2308.20548,1776194847000
1776194849.419,149.419,0.33,10.0,0.32,60.0,0.35,438.39,0.36,280.5,0.65,438.39,0.64,280.5,0.67,10.0,0.68,60.0,0.02,0.02,2308.174045,1776194848000
1776194849.716,149.716,0.33,5.0,0.32,10.0,0.34,441.5,0.35,303.71,0.66,441.5,0.65,303.71,0.67,10.0,0.68,10.0,0.01,0.01,2308.174045,1776194848000
1776194850.069,150.069,0.33,5.0,0.32,10.0,0.34,441.5,0.35,303.71,0.66,441.5,0.65,303.71,0.67,5.0,0.68,10.0,0.01,0.01,2308.192639,1776194849000
1776194850.556,150.556,0.32,120.0,0.31,60.0,0.33,89.84,0.34,201.5,0.66,441.5,0.65,303.71,0.67,5.0,0.68,10.0,0.01,0.01,2308.192639,1776194849000
1776194851.195,151.195,0.32,93.52,0.31,60.0,0.33,153.18,0.34,201.5,0.67,89.84,0.66,201.5,0.68,120.0,0.69,60.0,0.01,0.01,2308.192639,1776194849000
1776194851.518,151.518,0.32,93.52,0.31,60.0,0.33,153.18,0.34,201.5,0.67,153.18,0.66,201.5,0.68,93.52,0.69,60.0,0.01,0.01,2308.170129,1776194850000
1776194852.005,152.005,0.32,322.52,0.31,60.0,0.33,36.2,0.34,100.0,0.67,153.18,0.66,201.5,0.68,93.52,0.69,60.0,0.01,0.01,2308.170129,1776194850000
1776194852.205,152.205,0.33,5.0,0.32,25.0,0.34,100.35,0.35,125.38,0.66,87.97,0.65,125.38,0.67,5.0,0.68,105.0,0.01,0.01,2308.170129,1776194850000
1776194852.483,152.483,0.32,21.05,0.31,76.0,0.33,66.0,0.34,100.35,0.66,100.35,0.65,125.38,0.67,5.0,0.68,25.0,0.01,0.01,2308.148599,1776194851000
1776194852.87,152.87,0.31,0.03,0.3,82.0,0.32,191.0,0.33,190.0,0.67,61.0,0.66,100.35,0.69,56.31,0.7,262.0,0.01,0.02,2308.148599,1776194851000
1776194853.094,153.094,0.3,50.0,0.29,60.0,0.31,192.97,0.32,274.72,0.69,11.97,0.68,211.5,0.7,82.0,0.71,60.0,0.01,0.01,2308.148599,1776194851000
1776194853.47,153.47,0.3,50.0,0.29,60.0,0.31,192.97,0.32,274.72,0.69,192.97,0.68,274.72,0.7,50.0,0.71,60.0,0.01,0.01,2308.12657,1776194852000
1776194853.921,153.921,0.3,276.0,0.29,75.0,0.31,111.13,0.32,203.22,0.69,192.97,0.68,274.72,0.7,50.0,0.71,60.0,0.01,0.01,2308.12657,1776194852000
1776194854.133,154.133,0.3,276.0,0.29,75.0,0.31,111.13,0.32,203.22,0.69,111.13,0.68,203.22,0.7,276.0,0.71,75.0,0.01,0.01,2308.34148,1776194853000
1776194854.833,154.833,0.3,291.0,0.29,77.0,0.31,107.9,0.32,100.0,0.69,111.13,0.68,203.22,0.7,276.0,0.71,75.0,0.01,0.01,2308.34148,1776194853000
1776194855.467,155.467,0.3,291.0,0.29,77.0,0.31,107.9,0.32,100.0,0.69,107.9,0.68,100.0,0.7,291.0,0.71,77.0,0.01,0.01,2308.123657,1776194854000
1776194855.768,155.768,0.3,105.0,0.29,267.0,0.31,104.41,0.32,105.0,0.69,107.9,0.68,105.0,0.7,100.0,0.71,267.0,0.01,0.01,2308.123657,1776194854000
1776194856.134,156.134,0.3,105.0,0.29,267.0,0.31,104.41,0.32,105.0,0.69,104.41,0.68,105.0,0.7,105.0,0.71,267.0,0.01,0.01,2308.07754,1776194855000
1776194857.43,157.43,0.3,105.0,0.29,267.0,0.31,104.41,0.32,105.0,0.69,104.41,0.68,105.0,0.7,105.0,0.71,267.0,0.01,0.01,2308.09969,1776194856000
1776194858.012,158.012,0.3,20.0,0.29,60.0,0.31,216.5,0.32,205.5,0.69,104.41,0.68,105.0,0.7,105.0,0.71,267.0,0.01,0.01,2308.09969,1776194856000
1776194858.642,158.642,0.3,95.0,0.29,240.0,0.31,2.54,0.32,15.0,0.69,216.5,0.68,205.5,0.7,20.0,0.71,60.0,0.01,0.01,2308.090975,1776194857000
1776194859.415,159.415,0.3,95.0,0.29,240.0,0.31,2.54,0.32,15.0,0.69,2.54,0.68,15.0,0.7,95.0,0.71,240.0,0.01,0.01,2308.08098,1776194858000
1776194860.086,160.086,0.3,18.27,0.29,240.0,0.31,94.04,0.32,85.5,0.69,94.04,0.68,85.5,0.7,18.27,0.71,240.0,0.01,0.01,2308.055915,1776194859000
1776194861.125,161.125,0.34,247.95,0.33,15.0,0.35,15.38,0.37,60.0,0.69,94.04,0.68,85.5,0.7,18.27,0.71,240.0,0.01,0.01,2308.055915,1776194859000
1776194861.937,161.937,0.36,49.76,0.35,25.0,0.37,5.0,0.38,10.0,0.63,59.77,0.62,66.0,0.65,10.0,0.66,247.95,0.01,0.02,2308.01342,1776194860000
1776194862.98,162.98,0.36,285.68,0.35,89.63,0.37,10.59,0.39,15.0,0.63,5.0,0.62,10.0,0.64,40.68,0.65,25.0,0.01,0.01,2308.01342,1776194860000
1776194863.222,163.222,0.36,285.68,0.35,89.63,0.41,30.83,0.42,60.0,0.59,30.83,0.58,60.0,0.64,285.68,0.65,89.63,0.05,0.05,2308.404003,1776194861000
1776194863.507,163.507,0.39,10.0,0.38,65.0,0.4,2.5,0.41,15.0,0.59,30.83,0.58,60.0,0.64,285.68,0.65,89.63,0.01,0.05,2308.404003,1776194861000
1776194863.833,163.833,0.39,12.62,0.38,65.0,0.4,2.5,0.41,15.0,0.6,2.5,0.59,15.0,0.61,12.62,0.62,65.0,0.01,0.01,2308.563258,1776194862000
1776194864.393,164.393,0.4,191.56,0.39,71.63,0.41,5.0,0.42,6.0,0.6,2.5,0.59,15.0,0.61,12.62,0.62,65.0,0.01,0.01,2308.563258,1776194862000
1776194864.631,164.631,0.4,280.0,0.39,101.0,0.41,14.19,0.42,8.38,0.58,8.38,0.57,10.0,0.6,280.0,0.61,101.0,0.01,0.02,2308.68072,1776194863000
1776194865.331,165.331,0.4,245.91,0.39,101.0,0.41,9.19,0.42,8.38,0.59,9.19,0.58,8.38,0.6,245.91,0.61,101.0,0.01,0.01,2308.787425,1776194864000
1776194865.756,165.756,0.41,227.9,0.4,92.53,0.43,10.0,0.44,10.0,0.54,28.54,0.53,250.0,0.6,342.03,0.61,60.0,0.02,0.06,2308.787425,1776194864000
1776194866.205,166.205,0.41,5.0,0.4,5.91,0.42,14.76,0.43,20.0,0.57,10.0,0.56,10.0,0.59,227.9,0.6,92.53,0.01,0.02,2308.787425,1776194864000
1776194866.755,166.755,0.41,5.0,0.4,5.91,0.42,14.76,0.43,20.0,0.58,14.76,0.57,20.0,0.59,5.0,0.6,5.91,0.01,0.01,2308.92297,1776194865000
1776194867.368,167.368,0.41,30.0,0.4,10.91,0.42,14.57,0.43,31.0,0.58,14.76,0.57,20.0,0.59,5.0,0.6,5.91,0.01,0.01,2308.92297,1776194865000
1776194867.594,167.594,0.41,5.0,0.4,5.91,0.42,325.5,0.43,80.5,0.57,25.0,0.56,10.0,0.59,30.0,0.6,10.91,0.01,0.02,2309.189865,1776194866000
1776194868.012,168.012,0.36,9.55,0.35,64.83,0.37,20.0,0.38,16.0,0.64,6.8,0.63,10.0,0.65,4.83,0.66,26.0,0.01,0.01,2309.189865,1776194866000
1776194868.233,168.233,0.35,16.03,0.34,245.0,0.37,45.5,0.38,104.89,0.63,20.0,0.62,16.0,0.64,9.55,0.65,64.83,0.02,0.01,2309.189865,1776194866000
1776194868.467,168.467,0.36,34.27,0.35,26.74,0.37,42.63,0.38,104.89,0.63,45.5,0.62,104.89,0.65,16.03,0.66,245.0,0.01,0.02,2309.25562,1776194867000
1776194869.383,169.383,0.36,310.0,0.35,128.03,0.38,10.5,0.39,104.64,0.63,42.63,0.62,104.89,0.64,34.27,0.65,26.74,0.02,0.01,2309.25562,1776194867000
1776194869.717,169.717,0.36,310.0,0.35,128.03,0.38,10.5,0.39,104.64,0.62,10.5,0.61,104.64,0.64,310.0,0.65,128.03,0.02,0.02,2308.8946,1776194868000
1776194870.026,170.026,0.37,12.0,0.36,10.0,0.39,364.74,0.4,86.5,0.62,10.5,0.61,104.64,0.64,310.0,0.65,128.03,0.02,0.02,2308.8946,1776194868000
1776194870.302,170.302,0.37,15.0,0.36,22.0,0.38,105.6,0.39,179.74,0.61,364.74,0.6,86.5,0.63,12.0,0.64,10.0,0.01,0.02,2308.8946,1776194868000
1776194870.547,170.547,0.37,4.55,0.36,17.0,0.38,345.6,0.39,179.74,0.62,105.6,0.61,179.74,0.63,15.0,0.64,22.0,0.01,0.01,2308.816645,1776194869000
1776194870.797,170.797,0.36,15.55,0.35,11.03,0.38,293.6,0.39,132.74,0.62,345.6,0.61,179.74,0.63,4.55,0.64,17.0,0.02,0.01,2308.816645,1776194869000
1776194871.09,171.09,0.36,15.55,0.35,11.03,0.38,293.6,0.39,132.74,0.62,293.6,0.61,132.74,0.64,15.55,0.65,11.03,0.02,0.02,2308.68719,1776194870000
1776194871.294,171.294,0.36,10.0,0.35,33.03,0.37,266.37,0.38,108.6,0.62,293.6,0.61,132.74,0.64,15.55,0.65,11.03,0.01,0.02,2308.68719,1776194870000
1776194871.91,171.91,0.36,8.32,0.35,33.03,0.37,316.37,0.38,108.6,0.63,266.37,0.62,108.6,0.64,10.0,0.65,33.03,0.01,0.01,2308.68719,1776194870000
1776194872.591,172.591,0.36,13.32,0.35,33.03,0.37,130.69,0.38,288.6,0.63,130.69,0.62,288.6,0.64,13.32,0.65,33.03,0.01,0.01,2308.684675,1776194871000
1776194873.239,173.239,0.36,13.32,0.35,33.03,0.37,130.69,0.38,288.6,0.63,130.69,0.62,288.6,0.64,13.32,0.65,33.03,0.01,0.01,2308.684675,1776194872000
1776194873.603,173.603,0.35,17.58,0.34,10.0,0.36,161.5,0.37,275.5,0.63,130.69,0.62,288.6,0.64,13.32,0.65,33.03,0.01,0.01,2308.684675,1776194872000
1776194874.677,174.677,0.34,5.58,0.33,15.0,0.36,186.5,0.37,275.5,0.64,186.5,0.63,275.5,0.66,5.58,0.67,15.0,0.02,0.02,2308.580785,1776194873000
1776194875.025,175.025,0.34,210.58,0.33,32.0,0.35,77.44,0.36,111.5,0.64,186.5,0.63,275.5,0.66,5.58,0.67,15.0,0.01,0.02,2308.580785,1776194873000
1776194875.396,175.396,0.34,210.58,0.33,32.0,0.35,77.44,0.36,111.5,0.65,77.44,0.64,111.5,0.66,210.58,0.67,32.0,0.01,0.01,2308.5619,1776194874000
1776194875.741,175.741,0.35,8.35,0.34,35.58,0.36,91.5,0.37,75.5,0.65,77.44,0.64,111.5,0.66,210.58,0.67,32.0,0.01,0.01,2308.5619,1776194874000
1776194876.043,176.043,0.35,8.35,0.34,35.58,0.36,91.5,0.37,75.5,0.64,91.5,0.63,75.5,0.65,8.35,0.66,35.58,0.01,0.01,2308.51073,1776194875000
1776194877.495,177.495,0.35,8.35,0.34,35.58,0.36,91.5,0.37,75.5,0.64,91.5,0.63,75.5,0.65,8.35,0.66,35.58,0.01,0.01,2308.476695,1776194876000
1776194878.174,178.174,0.38,25.0,0.37,221.0,0.39,0.09,0.4,60.5,0.64,91.5,0.63,75.5,0.65,8.35,0.66,35.58,0.01,0.01,2308.476695,1776194876000
1776194878.673,178.673,0.39,30.0,0.38,271.27,0.4,5.0,0.41,60.0,0.6,55.28,0.59,70.5,0.62,228.27,0.63,76.0,0.01,0.02,2308.49431,1776194877000
1776194879.247,179.247,0.42,20.5,0.41,245.5,0.44,10.0,0.45,66.0,0.59,60.0,0.58,70.5,0.61,230.0,0.62,141.27,0.02,0.02,2308.49431,1776194877000
1776194879.703,179.703,0.45,238.05,0.44,130.0,0.46,22.54,0.47,60.0,0.56,10.0,0.55,66.0,0.58,20.5,0.59,245.5,0.01,0.02,2308.49431,1776194877000
1776194879.986,179.986,0.45,238.05,0.44,130.0,0.46,0.54,0.47,60.0,0.54,0.54,0.53,60.0,0.55,238.05,0.56,130.0,0.01,0.01,2308.545355,1776194879000
1776194880.291,180.291,0.45,238.05,0.44,140.0,0.46,7.82,0.47,52.54,0.53,52.54,0.52,60.0,0.55,238.05,0.56,150.5,0.01,0.02,2308.545355,1776194879000
1776194880.707,180.707,0.45,235.65,0.44,140.0,0.46,17.82,0.47,57.54,0.54,7.82,0.53,52.54,0.55,238.05,0.56,140.0,0.01,0.01,2308.545355,1776194879000
1776194880.964,180.964,0.45,298.24,0.44,140.0,0.46,7.82,0.47,15.0,0.54,17.82,0.53,15.0,0.55,253.61,0.56,140.0,0.01,0.01,2308.545355,1776194879000
1776194881.334,181.334,0.46,323.5,0.45,137.76,0.48,10.0,0.49,79.6,0.54,7.82,0.53,15.0,0.55,298.24,0.56,140.0,0.02,0.01,2308.868085,1776194880000
1776194881.649,181.649,0.46,357.5,0.45,97.76,0.49,34.19,0.5,126.36,0.52,1.97,0.51,79.6,0.54,323.5,0.55,137.76,0.03,0.02,2308.868085,1776194880000
1776194882.088,182.088,0.46,352.5,0.45,97.76,0.49,14.53,0.5,126.36,0.51,14.53,0.5,126.36,0.54,352.5,0.55,97.76,0.03,0.03,2309.281653,1776194881000
1776194882.518,182.518,0.48,295.94,0.47,40.0,0.5,106.56,0.51,10.0,0.51,4.53,0.5,116.36,0.52,66.94,0.53,55.0,0.02,0.01,2309.281653,1776194881000
1776194882.759,182.759,0.49,10.0,0.48,322.88,0.5,96.56,0.52,7.72,0.5,106.56,0.48,7.72,0.52,322.88,0.53,15.0,0.01,0.02,2309.281653,1776194881000
1776194883.012,183.012,0.49,31.12,0.48,78.88,0.5,82.36,0.52,7.72,0.5,82.36,0.48,7.72,0.51,31.12,0.52,78.88,0.01,0.01,2309.414015,1776194882000
1776194883.215,183.215,0.51,29.19,0.49,217.12,0.54,0.93,0.55,20.0,0.48,0.18,0.46,10.0,0.49,29.19,0.51,217.12,0.03,0.01,2309.414015,1776194882000
1776194883.45,183.45,0.52,48.0,0.51,44.19,0.53,10.0,0.54,15.0,0.47,10.0,0.46,15.0,0.48,48.0,0.49,44.19,0.01,0.01,2309.414015,1776194882000
1776194883.668,183.668,0.5,10.0,0.49,21.12,0.55,17.0,0.56,25.0,0.45,10.0,0.44,25.0,0.46,5.0,0.48,5.0,0.05,0.01,2309.414015,1776194882000
1776194883.88,183.88,0.51,1.77,0.5,10.0,0.53,10.0,0.54,10.0,0.47,10.0,0.46,10.0,0.49,8.0,0.5,10.0,0.02,0.02,2309.414015,1776194882000
1776194884.173,184.173,0.53,20.0,0.52,12.77,0.55,7.39,0.57,102.77,0.45,10.0,0.44,27.0,0.48,7.77,0.49,1.77,0.02,0.03,2309.726505,1776194883000
1776194884.673,184.673,0.54,15.0,0.53,8.4,0.56,15.0,0.57,102.77,0.46,5.92,0.45,7.39,0.47,18.4,0.48,17.77,0.02,0.01,2309.726505,1776194883000
1776194884.92,184.92,0.54,10.0,0.53,3.4,0.56,15.0,0.57,102.77,0.45,4.23,0.44,15.0,0.46,5.0,0.47,3.4,0.02,0.01,2309.726505,1776194883000
1776194885.137,185.137,0.54,7.67,0.53,8.4,0.55,15.0,0.56,15.0,0.45,15.0,0.44,15.0,0.46,12.67,0.47,8.4,0.01,0.01,2310.106685,1776194884000
1776194885.382,185.382,0.54,12.67,0.53,8.4,0.55,18.18,0.56,15.0,0.45,15.0,0.44,15.0,0.46,7.67,0.47,8.4,0.01,0.01,2310.106685,1776194884000
1776194885.991,185.991,0.55,0.78,0.54,12.67,0.57,10.0,0.58,33.81,0.45,18.18,0.44,15.0,0.46,12.67,0.47,8.4,0.02,0.01,2310.106685,1776194884000
1776194886.22,186.22,0.55,0.34,0.54,20.0,0.56,10.0,0.57,10.0,0.43,10.0,0.42,33.81,0.46,2.99,0.47,18.4,0.01,0.03,2310.13785,1776194885000
1776194886.646,186.646,0.55,25.0,0.54,15.0,0.56,1.6,0.57,15.0,0.44,3.03,0.43,10.0,0.45,10.0,0.46,20.0,0.01,0.01,2310.13785,1776194885000
1776194887.052,187.052,0.55,15.0,0.54,15.0,0.56,1.6,0.57,15.0,0.44,1.6,0.43,15.0,0.45,25.0,0.46,15.0,0.01,0.01,2310.13785,1776194885000
1776194888.243,188.243,0.55,30.0,0.54,25.5,0.58,26.61,0.59,10.0,0.44,1.6,0.43,15.0,0.45,15.0,0.46,15.0,0.03,0.01,2310.15637,1776194886000
1776194888.563,188.563,0.55,18.88,0.54,25.5,0.62,10.0,0.63,88.03,0.37,88.03,0.36,60.0,0.44,10.0,0.45,20.0,0.07,0.07,2310.15637,1776194886000
1776194889.017,189.017,0.6,5.0,0.59,5.0,0.63,26.01,0.64,10.0,0.39,17.0,0.38,10.0,0.43,3.47,0.45,23.88,0.03,0.04,2310.15637,1776194886000
1776194889.312,189.312,0.63,34.0,0.62,15.0,0.65,7.57,0.66,15.0,0.35,8.67,0.34,137.77,0.39,10.0,0.4,29.45,0.02,0.04,2310.15637,1776194886000
1776194889.709,189.709,0.64,104.9,0.63,12.29,0.66,4.62,0.67,10.0,0.35,7.57,0.34,15.0,0.36,0.9,0.37,17.29,0.02,0.01,2310.15637,1776194886000
1776194890.132,190.132,0.65,12.2,0.64,33.9,0.66,2.44,0.67,10.0,0.34,2.44,0.33,10.0,0.35,12.2,0.36,33.9,0.01,0.01,2310.40814,1776194889000
1776194890.389,190.389,0.65,80.85,0.64,28.9,0.66,10.0,0.68,15.0,0.34,2.44,0.33,10.0,0.35,12.2,0.36,33.9,0.01,0.01,2310.40814,1776194889000
1776194890.75,190.75,0.65,80.85,0.64,28.9,0.69,21.7,0.7,10.0,0.34,10.0,0.32,15.0,0.35,80.85,0.36,28.9,0.04,0.01,2310.40814,1776194889000
1776194891.018,191.018,0.65,17.09,0.64,28.9,0.66,15.0,0.67,5.23,0.33,5.23,0.31,6.7,0.35,87.5,0.36,28.9,0.01,0.02,2310.40814,1776194889000
1776194891.597,191.597,0.65,115.49,0.64,5.9,0.66,0.88,0.67,15.23,0.34,3.0,0.33,5.23,0.35,12.09,0.36,28.9,0.01,0.01,2310.809923,1776194890000
1776194892.039,192.039,0.65,120.49,0.64,15.9,0.67,15.23,0.68,10.0,0.34,0.88,0.33,15.23,0.35,115.49,0.36,5.9,0.02,0.01,2310.809923,1776194890000
1776194892.553,192.553,0.65,90.53,0.64,30.42,0.67,15.23,0.68,10.0,0.34,4.11,0.33,15.23,0.35,80.03,0.36,15.9,0.02,0.01,2311.09093,1776194891000
1776194892.756,192.756,0.65,11.94,0.64,5.9,0.66,8.48,0.67,30.23,0.34,8.48,0.33,30.23,0.35,20.0,0.36,5.9,0.01,0.01,2311.09093,1776194891000
1776194893.417,193.417,0.65,11.94,0.64,5.9,0.66,8.48,0.67,30.23,0.34,8.48,0.33,30.23,0.35,11.94,0.36,5.9,0.01,0.01,2311.15613,1776194892000
1776194894.03,194.03,0.65,35.67,0.64,118.55,0.66,14.31,0.67,30.23,0.34,14.31,0.33,30.23,0.35,35.67,0.36,118.55,0.01,0.01,2311.11394,1776194893000
1776194894.757,194.757,0.65,132.08,0.64,75.9,0.66,44.96,0.67,125.14,0.33,75.14,0.32,80.5,0.35,50.67,0.36,118.55,0.01,0.02,2311.11394,1776194893000
1776194895.255,195.255,0.65,137.08,0.64,75.9,0.66,32.84,0.67,125.14,0.34,32.84,0.33,125.14,0.35,137.08,0.36,75.9,0.01,0.01,2311.0724,1776194894000
1776194895.855,195.855,0.65,137.08,0.64,75.9,0.66,32.84,0.67,125.14,0.34,32.84,0.33,125.14,0.35,137.08,0.36,75.9,0.01,0.01,2311.061058,1776194895000
1776194896.171,196.171,0.65,298.99,0.64,80.9,0.66,3.84,0.67,30.0,0.34,32.84,0.33,125.14,0.35,137.08,0.36,75.9,0.01,0.01,2311.061058,1776194895000
1776194896.554,196.554,0.7,43.6,0.69,20.0,0.71,60.0,0.72,70.0,0.31,10.0,0.3,70.0,0.32,16.87,0.33,15.0,0.01,0.01,2311.061058,1776194895000
1776194896.758,196.758,0.7,59.6,0.69,20.0,0.71,45.15,0.72,70.0,0.29,58.59,0.28,70.0,0.3,59.6,0.31,20.0,0.01,0.01,2311.061058,1776194895000
1776194896.993,196.993,0.71,3.1,0.7,22.0,0.72,70.5,0.73,88.8,0.29,45.15,0.28,70.0,0.3,59.6,0.31,20.0,0.01,0.01,2311.061058,1776194895000
1776194897.31,197.31,0.71,10.0,0.69,73.03,0.72,89.85,0.73,99.8,0.28,70.5,0.27,88.8,0.29,3.1,0.3,22.0,0.01,0.01,2310.93234,1776194896000
1776194897.737,197.737,0.69,118.03,0.68,21.0,0.7,17.49,0.71,50.0,0.3,0.27,0.29,50.0,0.31,113.03,0.32,16.0,0.01,0.01,2310.93234,1776194896000
1776194898.203,198.203,0.69,104.96,0.68,21.0,0.7,65.77,0.71,110.0,0.3,17.49,0.29,50.0,0.31,118.03,0.32,21.0,0.01,0.01,2310.93234,1776194896000
1776194898.516,198.516,0.69,104.96,0.68,21.0,0.7,62.85,0.71,110.0,0.3,59.35,0.29,110.0,0.31,109.96,0.32,21.0,0.01,0.01,2310.998815,1776194897000
1776194898.945,198.945,0.69,104.96,0.68,21.0,0.7,62.85,0.71,110.0,0.3,62.85,0.29,110.0,0.31,104.96,0.32,21.0,0.01,0.01,2311.0212,1776194898000
1776194899.285,199.285,0.69,124.96,0.68,21.0,0.7,38.35,0.71,80.5,0.3,62.85,0.29,110.0,0.31,104.96,0.32,21.0,0.01,0.01,2311.0212,1776194898000
1776194899.684,199.684,0.69,124.96,0.68,71.0,0.71,62.77,0.72,63.85,0.3,38.35,0.29,80.5,0.31,124.96,0.32,21.0,0.02,0.01,2311.0212,1776194898000
1776194900.257,200.257,0.69,124.96,0.68,71.0,0.71,62.77,0.72,63.85,0.29,62.77,0.28,63.85,0.31,124.96,0.32,71.0,0.02,0.02,2311.0212,1776194899000
1776194900.633,200.633,0.69,119.96,0.68,21.0,0.7,63.35,0.71,72.77,0.29,62.77,0.28,63.85,0.31,124.96,0.32,71.0,0.01,0.02,2311.0212,1776194899000
1776194900.925,200.925,0.69,33.03,0.67,5.0,0.7,149.27,0.71,142.77,0.3,72.27,0.29,112.77,0.31,109.96,0.32,5.0,0.01,0.01,2311.0212,1776194899000
1776194901.335,201.335,0.66,6.0,0.65,14.18,0.68,154.55,0.69,80.5,0.32,154.55,0.31,80.5,0.34,6.0,0.35,14.18,0.02,0.02,2311.027309,1776194900000
1776194901.801,201.801,0.66,102.44,0.65,19.18,0.67,141.22,0.68,143.55,0.32,154.55,0.31,80.5,0.34,6.0,0.35,14.18,0.01,0.02,2311.027309,1776194900000
1776194902.112,202.112,0.66,112.44,0.65,19.18,0.67,115.07,0.68,143.55,0.33,106.57,0.32,143.55,0.34,112.44,0.35,19.18,0.01,0.01,2311.027309,1776194901000
1776194902.892,202.892,0.66,117.44,0.65,29.18,0.67,122.92,0.68,143.55,0.33,115.07,0.32,143.55,0.34,112.44,0.35,19.18,0.01,0.01,2311.027309,1776194901000
1776194903.298,203.298,0.66,117.44,0.65,29.18,0.67,105.59,0.68,143.55,0.33,105.59,0.32,143.55,0.34,117.44,0.35,29.18,0.01,0.01,2310.736244,1776194902000
1776194903.896,203.896,0.66,112.44,0.65,34.18,0.67,265.59,0.68,143.55,0.33,105.59,0.32,143.55,0.34,117.44,0.35,29.18,0.01,0.01,2310.736244,1776194902000
1776194904.431,204.431,0.66,122.44,0.65,34.18,0.67,195.85,0.68,117.55,0.33,265.59,0.32,143.55,0.34,112.44,0.35,34.18,0.01,0.01,2310.736244,1776194902000
1776194904.768,204.768,0.66,30.5,0.65,34.18,0.67,207.56,0.68,97.55,0.33,213.56,0.32,117.55,0.34,127.44,0.35,44.18,0.01,0.01,2310.7142,1776194903000
1776194905.005,205.005,0.67,15.0,0.66,46.5,0.68,134.5,0.69,10.5,0.33,200.76,0.32,97.55,0.34,21.5,0.35,34.18,0.01,0.01,2310.7142,1776194903000
1776194905.451,205.451,0.68,20.0,0.67,146.52,0.69,196.25,0.7,58.27,0.31,187.4,0.3,58.27,0.32,20.0,0.33,50.0,0.01,0.01,2310.794804,1776194904000
1776194905.977,205.977,0.68,46.93,0.67,146.52,0.69,188.15,0.7,58.27,0.31,189.65,0.3,58.27,0.32,36.93,0.33,146.52,0.01,0.01,2310.794804,1776194904000
1776194906.22,206.22,0.68,46.93,0.67,146.52,0.69,188.15,0.7,58.27,0.31,188.15,0.3,58.27,0.32,46.93,0.33,146.52,0.01,0.01,2310.6841,1776194905000
1776194907.411,207.411,0.68,46.93,0.67,146.52,0.69,188.15,0.7,58.27,0.31,188.15,0.3,58.27,0.32,46.93,0.33,146.52,0.01,0.01,2310.820883,1776194906000
1776194907.635,207.635,0.68,241.9,0.67,305.5,0.69,10.0,0.71,52.77,0.31,188.15,0.3,58.27,0.32,46.93,0.33,146.52,0.01,0.01,2310.820883,1776194906000
1776194907.987,207.987,0.68,237.55,0.67,305.5,0.69,10.0,0.71,42.27,0.31,10.0,0.29,52.77,0.32,241.9,0.33,305.5,0.01,0.01,2310.820883,1776194906000
1776194908.967,208.967,0.71,20.0,0.7,20.0,0.72,47.46,0.73,68.3,0.31,10.0,0.29,42.27,0.32,237.55,0.33,305.5,0.01,0.01,2310.85477,1776194907000
1776194909.32,209.32,0.71,20.0,0.7,20.0,0.72,47.46,0.73,68.3,0.28,47.46,0.27,68.3,0.29,20.0,0.3,20.0,0.01,0.01,2310.935995,1776194908000
1776194910.029,210.029,0.71,162.5,0.7,30.5,0.72,49.38,0.73,78.8,0.28,47.46,0.27,68.3,0.29,20.0,0.3,20.0,0.01,0.01,2310.935995,1776194908000
1776194910.313,210.313,0.71,153.6,0.7,30.5,0.72,49.38,0.73,78.8,0.28,49.38,0.27,78.8,0.29,153.6,0.3,30.5,0.01,0.01,2310.98315,1776194909000
1776194910.692,210.692,0.7,11.6,0.69,85.5,0.72,56.32,0.73,258.8,0.28,51.32,0.27,78.8,0.29,61.1,0.3,30.5,0.02,0.01,2310.98315,1776194909000
1776194910.97,210.97,0.7,10.0,0.69,25.0,0.71,68.45,0.72,230.82,0.28,56.32,0.27,258.8,0.3,11.6,0.31,85.5,0.01,0.02,2310.98315,1776194909000
1776194911.223,211.223,0.7,10.0,0.69,25.0,0.71,68.45,0.72,230.82,0.29,68.45,0.28,230.82,0.3,10.0,0.31,25.0,0.01,0.01,2311.049805,1776194910000
1776194911.663,211.663,0.78,20.0,0.77,30.5,0.79,43.67,0.8,260.0,0.29,68.45,0.28,230.82,0.3,10.0,0.31,25.0,0.01,0.01,2311.049805,1776194910000
1776194911.897,211.897,0.79,20.0,0.78,25.0,0.8,235.96,0.81,110.5,0.21,43.67,0.2,260.0,0.22,20.0,0.23,30.5,0.01,0.01,2311.049805,1776194910000
1776194912.278,212.278,0.79,108.43,0.78,5.0,0.8,277.76,0.81,278.8,0.2,257.71,0.19,120.5,0.21,10.0,0.22,15.0,0.01,0.01,2311.049805,1776194910000
1776194912.6,212.6,0.72,63.48,0.71,70.0,0.8,378.75,0.81,186.03,0.2,378.75,0.19,186.03,0.28,63.48,0.29,70.0,0.08,0.08,2311.09429,1776194911000
1776194912.957,212.957,0.75,15.0,0.74,25.5,0.76,58.95,0.77,60.0,0.24,67.1,0.23,65.0,0.25,15.0,0.26,25.5,0.01,0.01,2311.09429,1776194911000
1776194913.219,213.219,0.74,20.0,0.73,50.0,0.75,7.06,0.76,53.95,0.25,7.06,0.24,53.95,0.26,20.0,0.27,50.0,0.01,0.01,2311.103276,1776194912000
1776194914.134,214.134,0.75,18.87,0.74,30.0,0.76,49.41,0.77,245.0,0.24,47.3,0.23,240.0,0.26,20.0,0.27,65.5,0.01,0.02,2311.103276,1776194912000
1776194914.398,214.398,0.75,219.16,0.74,85.5,0.77,180.0,0.78,10.0,0.23,245.0,0.22,70.5,0.25,18.87,0.26,30.0,0.02,0.02,2311.103276,1776194912000
1776194914.815,214.815,0.75,219.16,0.74,85.5,0.77,180.0,0.78,10.0,0.23,180.0,0.22,10.0,0.25,219.16,0.26,85.5,0.02,0.02,2311.5828,1776194913000
1776194915.046,215.046,0.82,20.0,0.81,15.0,0.83,225.8,0.84,90.0,0.17,230.0,0.16,90.0,0.2,84.0,0.21,76.0,0.01,0.03,2311.5828,1776194913000
1776194915.667,215.667,0.83,15.0,0.82,105.0,0.85,20.0,0.86,110.0,0.17,172.07,0.16,90.0,0.18,20.0,0.19,15.0,0.02,0.01,2311.5828,1776194913000
1776194915.923,215.923,0.85,10.0,0.84,13.43,0.86,278.25,0.87,50.0,0.15,20.0,0.14,100.0,0.16,3.43,0.17,70.0,0.01,0.01,2311.481365,1776194914000
1776194916.234,216.234,0.85,144.0,0.84,73.43,0.86,215.37,0.88,163.99,0.14,212.93,0.12,142.77,0.15,44.0,0.16,73.43,0.01,0.01,2311.481365,1776194914000
1776194916.636,216.636,0.85,284.02,0.84,73.43,0.86,181.45,0.88,50.0,0.14,237.83,0.12,50.0,0.15,271.02,0.16,73.43,0.01,0.01,2311.481365,1776194915000
1776194917.005,217.005,0.85,179.02,0.84,23.43,0.87,8.44,0.88,10.0,0.14,160.17,0.12,50.0,0.15,279.02,0.16,73.43,0.02,0.01,2311.481365,1776194915000
1776194917.365,217.365,0.86,150.2,0.85,39.13,0.87,103.68,0.88,18.91,0.13,105.5,0.12,8.41,0.14,15.0,0.15,169.02,0.01,0.01,2311.481365,1776194915000
1776194917.578,217.578,0.86,144.06,0.85,49.13,0.88,358.91,0.89,78.83,0.12,18.91,0.11,46.11,0.14,150.14,0.15,49.13,0.02,0.02,2311.481365,1776194915000
1776194918.135,218.135,0.86,183.06,0.85,54.13,0.87,162.71,0.88,68.91,0.13,180.68,0.12,68.91,0.14,144.06,0.15,54.13,0.01,0.01,2312.107223,1776194916000
1776194918.418,218.418,0.86,170.52,0.85,104.13,0.87,161.56,0.88,68.91,0.13,161.56,0.12,68.91,0.14,178.06,0.15,104.13,0.01,0.01,2312.107223,1776194916000
1776194918.765,218.765,0.88,20.0,0.87,25.0,0.89,8.02,0.9,347.99,0.13,161.56,0.12,68.91,0.14,170.52,0.15,104.13,0.01,0.01,2312.315417,1776194917000
1776194919.182,219.182,0.87,41.5,0.86,185.52,0.89,257.2,0.9,177.99,0.11,3.02,0.1,347.99,0.12,43.0,0.13,36.5,0.02,0.01,2312.315417,1776194917000
1776194919.555,219.555,0.87,166.71,0.86,45.32,0.88,65.5,0.89,178.19,0.12,5.5,0.11,252.2,0.13,41.44,0.14,190.52,0.01,0.01,2312.3888,1776194918000
1776194919.911,219.911,0.87,176.71,0.86,50.32,0.88,251.21,0.89,178.19,0.12,65.5,0.11,178.19,0.13,166.71,0.14,45.32,0.01,0.01,2312.3888,1776194918000
1776194920.274,220.274,0.87,53.65,0.86,10.0,0.88,261.21,0.89,195.19,0.12,251.21,0.11,178.19,0.13,176.71,0.14,50.32,0.01,0.01,2312.3888,1776194918000
1776194920.702,220.702,0.87,53.65,0.86,10.0,0.88,261.21,0.89,195.19,0.12,261.21,0.11,195.19,0.13,53.65,0.14,10.0,0.01,0.01,2312.40826,1776194919000
1776194921.076,221.076,0.87,6.92,0.86,40.5,0.88,216.21,0.89,191.01,0.12,195.71,0.11,191.01,0.14,35.5,0.15,119.63,0.01,0.02,2312.40826,1776194919000
1776194921.42,221.42,0.87,6.92,0.86,40.5,0.88,216.21,0.89,191.01,0.12,216.21,0.11,191.01,0.13,6.92,0.14,40.5,0.01,0.01,2312.513545,1776194920000
1776194921.946,221.946,0.87,315.25,0.86,110.5,0.88,213.97,0.89,118.01,0.12,216.21,0.11,191.01,0.13,6.92,0.14,40.5,0.01,0.01,2312.513545,1776194920000
1776194922.222,222.222,0.87,299.43,0.86,60.5,0.88,144.19,0.89,168.01,0.12,156.09,0.11,168.01,0.13,284.43,0.14,60.5,0.01,0.01,2312.4894,1776194921000
1776194923.025,223.025,0.89,71.52,0.88,167.0,0.9,317.4,0.91,158.0,0.12,108.39,0.11,168.01,0.13,299.43,0.14,60.5,0.01,0.01,2312.4894,1776194921000
1776194923.384,223.384,0.89,66.52,0.88,176.1,0.9,333.5,0.91,163.0,0.1,316.28,0.09,158.0,0.11,71.52,0.12,167.0,0.01,0.01,2312.4894,1776194921000
1776194923.694,223.694,0.89,192.56,0.88,5.0,0.9,536.26,0.91,190.0,0.1,347.16,0.09,190.0,0.11,192.56,0.12,5.0,0.01,0.01,2312.471025,1776194922000
1776194923.934,223.934,0.89,55.56,0.88,5.0,0.9,531.26,0.91,190.0,0.1,531.26,0.09,190.0,0.11,79.56,0.12,5.0,0.01,0.01,2312.471025,1776194922000
1776194924.134,224.134,0.89,35.56,0.88,5.0,0.9,335.14,0.91,190.0,0.1,531.26,0.09,190.0,0.11,45.56,0.12,5.0,0.01,0.01,2312.471025,1776194922000
1776194924.358,224.358,0.88,5.0,0.87,215.61,0.9,558.14,0.91,290.0,0.1,420.14,0.09,190.0,0.11,35.49,0.12,5.0,0.02,0.01,2312.4755,1776194923000
1776194924.566,224.566,0.88,162.05,0.87,220.61,0.89,308.14,0.9,85.6,0.1,558.14,0.09,290.0,0.12,5.0,0.13,215.61,0.01,0.02,2312.4755,1776194923000
1776194924.957,224.957,0.88,127.45,0.87,220.61,0.89,236.76,0.9,85.6,0.11,166.52,0.1,85.6,0.12,127.45,0.13,220.61,0.01,0.01,2312.4755,1776194923000
1776194925.297,225.297,0.88,171.55,0.87,210.61,0.89,152.25,0.9,129.6,0.11,182.01,0.1,129.6,0.12,142.45,0.13,210.61,0.01,0.01,2312.63215,1776194924000
1776194925.899,225.899,0.88,194.3,0.87,210.61,0.89,123.63,0.9,152.6,0.11,125.63,0.1,129.6,0.12,181.55,0.13,210.61,0.01,0.01,2312.63215,1776194924000
1776194926.137,226.137,0.88,210.52,0.87,210.61,0.89,215.24,0.9,152.6,0.11,110.33,0.1,152.6,0.12,205.52,0.13,210.61,0.01,0.01,2312.63215,1776194924000
1776194926.355,226.355,0.88,205.52,0.87,210.61,0.89,194.47,0.9,152.6,0.11,194.47,0.1,152.6,0.12,205.52,0.13,210.61,0.01,0.01,2312.390075,1776194925000
1776194926.563,226.563,0.88,190.52,0.87,220.61,0.89,207.97,0.9,124.6,0.11,194.47,0.1,152.6,0.12,205.52,0.13,210.61,0.01,0.01,2312.390075,1776194925000
1776194926.801,226.801,0.88,190.52,0.87,220.61,0.89,214.02,0.9,124.6,0.11,213.99,0.1,124.6,0.12,190.52,0.13,220.61,0.01,0.01,2312.390075,1776194925000
1776194927.796,227.796,0.88,148.42,0.87,83.81,0.89,292.72,0.9,229.6,0.11,199.22,0.1,124.6,0.12,190.52,0.13,220.61,0.01,0.01,2312.2293,1776194926000
1776194928.09,228.09,0.88,138.42,0.87,83.81,0.89,290.17,0.9,229.6,0.11,290.17,0.1,229.6,0.12,138.42,0.13,83.81,0.01,0.01,2312.2193,1776194927000
1776194928.332,228.332,0.88,148.42,0.87,88.81,0.89,128.29,0.9,153.6,0.11,156.63,0.1,129.6,0.12,143.42,0.13,88.81,0.01,0.01,2312.2193,1776194927000
1776194928.705,228.705,0.88,221.88,0.87,88.81,0.89,124.5,0.9,153.6,0.11,125.74,0.1,153.6,0.12,211.88,0.13,88.81,0.01,0.01,2312.2193,1776194927000
1776194929.027,229.027,0.88,221.88,0.87,278.81,0.89,228.29,0.9,138.5,0.11,102.76,0.1,153.6,0.12,221.88,0.13,88.81,0.01,0.01,2312.2193,1776194927000
1776194929.355,229.355,0.88,221.88,0.87,310.61,0.89,215.64,0.9,138.5,0.11,218.46,0.1,138.5,0.12,221.88,0.13,310.61,0.01,0.01,2312.260703,1776194928000
1776194929.738,229.738,0.89,234.73,0.88,347.98,0.9,89.27,0.91,230.0,0.11,212.84,0.1,138.5,0.12,216.88,0.13,310.61,0.01,0.01,2312.260703,1776194928000
1776194930.049,230.049,0.9,69.0,0.89,443.73,0.91,149.0,0.92,10.0,0.1,80.27,0.09,180.0,0.11,348.73,0.12,348.48,0.01,0.01,2312.260703,1776194928000
1776194930.605,230.605,0.91,274.0,0.9,276.25,0.92,178.8,0.93,25.09,0.09,149.0,0.08,10.0,0.1,69.0,0.11,443.73,0.01,0.01,2312.20795,1776194929000
1776194930.83,230.83,0.91,532.29,0.9,311.25,0.92,173.36,0.93,25.09,0.08,173.36,0.07,25.09,0.09,544.18,0.1,271.25,0.01,0.01,2312.20795,1776194929000
1776194931.086,231.086,0.91,526.03,0.9,311.25,0.92,185.98,0.93,25.09,0.08,173.36,0.07,25.09,0.09,532.29,0.1,311.25,0.01,0.01,2312.20795,1776194929000
1776194931.392,231.392,0.91,561.49,0.9,311.25,0.92,145.98,0.93,15.09,0.08,175.98,0.07,15.09,0.09,517.49,0.1,311.25,0.01,0.01,2312.196055,1776194930000
1776194931.931,231.931,0.91,566.49,0.9,311.25,0.92,145.33,0.93,5.09,0.08,145.98,0.07,15.09,0.09,561.49,0.1,311.25,0.01,0.01,2312.196055,1776194930000
1776194932.247,232.247,0.91,566.49,0.9,311.25,0.92,145.33,0.93,5.09,0.08,145.33,0.07,5.09,0.09,566.49,0.1,311.25,0.01,0.01,2312.556845,1776194931000
1776194932.672,232.672,0.91,590.24,0.9,276.5,0.92,136.08,0.93,81.08,0.08,137.28,0.07,284.75,0.09,595.24,0.1,176.5,0.01,0.01,2312.556845,1776194931000
1776194933.048,233.048,0.91,590.24,0.9,276.5,0.92,134.34,0.93,81.08,0.08,134.99,0.07,81.08,0.09,595.24,0.1,276.5,0.01,0.01,2312.556845,1776194931000
1776194933.333,233.333,0.91,590.24,0.9,276.5,0.92,134.34,0.93,81.08,0.08,134.34,0.07,81.08,0.09,590.24,0.1,276.5,0.01,0.01,2312.812165,1776194932000
1776194933.855,233.855,0.91,445.24,0.9,338.0,0.92,175.48,0.93,81.08,0.08,175.48,0.07,81.08,0.09,445.24,0.1,338.0,0.01,0.01,2312.808645,1776194933000
1776194934.484,234.484,0.91,342.93,0.9,278.0,0.92,112.23,0.93,136.08,0.08,123.05,0.07,136.08,0.09,435.24,0.1,278.0,0.01,0.01,2312.808645,1776194933000
1776194935.003,235.003,0.91,342.93,0.9,278.0,0.92,112.23,0.93,136.08,0.08,112.23,0.07,136.08,0.09,342.93,0.1,278.0,0.01,0.01,2312.76147,1776194934000
1776194935.622,235.622,0.91,601.93,0.9,163.5,0.92,179.18,0.93,81.08,0.08,243.23,0.07,81.08,0.09,346.93,0.1,278.0,0.01,0.01,2312.76147,1776194934000
1776194936.012,236.012,0.91,541.48,0.9,163.5,0.92,143.85,0.93,81.08,0.08,143.85,0.07,81.08,0.09,541.48,0.1,163.5,0.01,0.01,2312.705805,1776194935000
1776194936.328,236.328,0.91,540.48,0.9,173.5,0.92,127.68,0.93,81.08,0.08,118.63,0.07,81.08,0.09,540.48,0.1,173.5,0.01,0.01,2312.705805,1776194935000
1776194937.028,237.028,0.91,545.48,0.9,173.5,0.92,95.5,0.93,81.08,0.08,95.5,0.07,81.08,0.09,545.48,0.1,173.5,0.01,0.01,2312.59992,1776194936000
1776194937.371,237.371,0.91,480.76,0.9,168.5,0.92,187.71,0.93,75.09,0.08,48.8,0.07,75.09,0.09,480.76,0.1,168.5,0.01,0.01,2312.59992,1776194936000
1776194938.004,238.004,0.91,480.76,0.9,168.5,0.92,187.71,0.93,75.09,0.08,187.71,0.07,75.09,0.09,480.76,0.1,168.5,0.01,0.01,2312.695219,1776194937000
1776194938.413,238.413,0.91,530.76,0.9,148.5,0.92,178.49,0.93,65.09,0.08,187.71,0.07,75.09,0.09,480.76,0.1,168.5,0.01,0.01,2312.695219,1776194937000
1776194938.912,238.912,0.92,353.4,0.91,390.98,0.94,5.03,0.95,95.27,0.08,178.49,0.07,65.09,0.09,530.76,0.1,148.5,0.02,0.01,2312.695219,1776194937000
1776194939.12,239.12,0.94,19.0,0.93,65.5,0.95,104.21,0.96,250.0,0.05,104.21,0.04,250.0,0.06,19.0,0.07,65.5,0.01,0.01,2312.663325,1776194938000
1776194939.342,239.342,0.94,146.5,0.93,281.5,0.96,250.0,0.97,76.0,0.05,8.94,0.04,250.0,0.06,113.5,0.07,118.5,0.02,0.01,2312.663325,1776194938000
1776194939.568,239.568,0.95,42.0,0.94,372.5,0.98,79.54,0.99,7000.1,0.04,148.54,0.03,156.27,0.05,32.0,0.06,132.5,0.03,0.01,2312.663325,1776194938000
1776194939.773,239.773,0.97,154.0,0.96,144.0,0.98,216.12,0.99,7005.1,0.02,241.38,0.01,7300.1,0.03,122.0,0.04,144.0,0.01,0.01,2312.663325,1776194938000
1776194939.983,239.983,0.97,147.02,0.96,144.0,0.98,192.78,0.99,7005.1,0.02,192.78,0.01,7005.1,0.03,146.16,0.04,144.0,0.01,0.01,2312.663325,1776194938000
1776194940.237,240.237,0.97,150.91,0.96,199.0,0.98,247.15,0.99,7005.1,0.02,252.15,0.01,7000.1,0.03,140.91,0.04,144.0,0.01,0.01,2312.66587,1776194939000
1776194940.569,240.569,0.98,257.0,0.97,140.91,0.99,6984.82,,,0.01,6995.1,,,0.03,130.91,0.04,138.0,0.01,0.02,2312.66587,1776194939000
1776194941.053,241.053,0.87,111.3,0.86,169.9,0.99,7161.09,,,0.01,7060.09,,,0.02,245.16,0.03,140.91,0.12,0.01,2312.66587,1776194939000
1776194941.361,241.361,0.96,10.0,0.95,190.0,0.97,49.0,0.98,60.0,0.02,130.62,0.01,7893.09,0.05,40.0,0.06,25.0,0.01,0.03,2312.66587,1776194939000
1776194941.64,241.64,0.96,218.36,0.95,205.0,0.97,6.84,0.98,240.0,0.03,43.84,0.02,240.0,0.04,203.36,0.05,190.0,0.01,0.01,2312.66587,1776194939000
1776194941.983,241.983,0.96,378.36,0.95,5.0,0.97,151.45,0.98,140.27,0.03,4.79,0.02,240.0,0.04,223.36,0.05,200.0,0.01,0.01,2313.348053,1776194940000
1776194942.209,242.209,0.96,377.36,0.95,5.0,0.97,146.45,0.98,322.99,0.03,151.45,0.02,140.27,0.04,378.36,0.05,5.0,0.01,0.01,2313.348053,1776194940000
1776194942.511,242.511,0.96,473.36,0.95,10.0,0.97,139.27,0.98,150.27,0.03,144.38,0.02,70.0,0.04,473.36,0.05,39.28,0.01,0.01,2313.348053,1776194940000
1776194942.768,242.768,0.96,71.09,0.95,180.0,0.97,120.84,0.98,187.17,0.03,120.84,0.02,166.72,0.04,123.0,0.05,180.0,0.01,0.01,2313.348053,1776194940000
1776194942.978,242.978,0.96,20.68,0.95,190.28,0.97,120.68,0.98,201.16,0.03,120.68,0.02,201.16,0.04,20.68,0.05,190.28,0.01,0.01,2313.581975,1776194941000
1776194943.221,243.221,0.96,30.68,0.95,185.0,0.97,41.31,0.98,205.36,0.03,3.96,0.02,195.36,0.04,20.68,0.05,180.0,0.01,0.01,2313.581975,1776194941000
1776194943.589,243.589,0.96,44.68,0.95,245.28,0.98,84.97,0.99,7474.46,0.02,160.14,0.01,7479.46,0.04,25.68,0.05,185.0,0.02,0.02,2313.581975,1776194941000
1776194944.185,244.185,0.97,65.13,0.96,49.68,0.98,60.05,0.99,7374.45,0.02,63.09,0.01,7474.45,0.04,44.68,0.05,222.28,0.01,0.02,2313.581975,1776194941000
1776194944.458,244.458,0.97,73.13,0.96,58.96,0.98,70.0,0.99,7214.45,0.02,34.8,0.01,7374.45,0.03,74.13,0.04,54.68,0.01,0.01,2313.581975,1776194941000
1776194944.82,244.82,0.97,65.13,0.96,224.68,0.98,64.94,0.99,7214.45,0.02,70.0,0.01,7214.45,0.03,73.13,0.04,58.96,0.01,0.01,2313.869765,1776194942000
1776194945.111,245.111,0.97,65.13,0.96,224.68,0.98,64.94,0.99,7214.45,0.02,64.94,0.01,7214.45,0.03,65.13,0.04,224.68,0.01,0.01,2313.69805,1776194944000
1776194945.349,245.349,0.97,69.13,0.96,224.68,0.98,13.94,0.99,7115.53,0.02,8.94,0.01,7115.53,0.03,65.13,0.04,224.68,0.01,0.01,2313.69805,1776194944000
1776194945.589,245.589,0.97,97.13,0.96,226.0,0.98,2.89,0.99,7205.8,0.02,3.99,0.01,7125.53,0.03,74.13,0.04,229.68,0.01,0.01,2313.69805,1776194944000
1776194945.939,245.939,0.98,72.11,0.97,97.13,0.99,7206.25,,,0.01,7205.8,,,0.02,47.11,0.03,97.13,0.01,0.01,2313.69805,1776194944000
1776194946.19,246.19,0.98,66.2,0.97,87.13,0.99,6712.82,,,0.01,7081.42,,,0.02,67.2,0.03,87.13,0.01,0.01,2313.69805,1776194944000
1776194946.459,246.459,0.98,24.47,0.97,87.13,0.99,6712.82,,,0.01,6717.82,,,0.02,25.47,0.03,87.13,0.01,0.01,2313.69805,1776194944000
1776194946.963,246.963,0.98,23.47,0.97,97.13,0.99,6717.82,,,0.01,6712.82,,,0.02,24.47,0.03,87.13,0.01,0.01,2313.85286,1776194945000
1776194947.204,247.204,0.98,23.47,0.97,97.13,0.99,6717.82,,,0.01,6717.82,,,0.02,23.47,0.03,97.13,0.01,0.01,2313.87675,1776194946000
1776194947.419,247.419,0.98,10.09,0.97,50.13,0.99,7192.42,,,0.01,6717.82,,,0.02,23.47,0.03,97.13,0.01,0.01,2313.87675,1776194946000
1776194947.626,247.626,0.98,120.28,0.97,85.13,0.99,7114.1,,,0.01,7115.63,,,0.02,120.28,0.03,85.13,0.01,0.01,2313.87675,1776194946000
1776194947.828,247.828,0.98,139.28,0.97,85.13,0.99,6555.09,,,0.01,6562.09,,,0.02,144.28,0.03,85.13,0.01,0.01,2313.87675,1776194946000
1776194948.213,248.213,0.98,27.32,0.97,85.13,0.99,6542.0,,,0.01,6547.0,,,0.02,127.32,0.03,85.13,0.01,0.01,2313.87675,1776194946000
1776194948.467,248.467,0.98,33.32,0.97,85.13,0.99,6447.0,,,0.01,6447.0,,,0.02,34.32,0.03,85.13,0.01,0.01,2313.87675,1776194946000
1776194948.709,248.709,0.98,32.32,0.97,85.13,0.99,6432.0,,,0.01,6447.0,,,0.02,33.32,0.03,85.13,0.01,0.01,2313.87675,1776194946000
1776194949.053,249.053,0.98,32.32,0.97,85.13,0.99,6432.0,,,0.01,6432.0,,,0.02,32.32,0.03,85.13,0.01,0.01,2313.88863,1776194947000
1776194949.319,249.319,0.98,30.32,0.97,95.13,0.99,6440.91,,,0.01,6445.91,,,0.02,31.32,0.03,95.13,0.01,0.01,2313.88863,1776194947000
1776194949.728,249.728,0.98,29.32,0.97,95.13,0.99,6430.91,,,0.01,6445.91,,,0.02,29.32,0.03,95.13,0.01,0.01,2313.88863,1776194947000
1776194950.219,250.219,0.98,29.32,0.97,280.13,0.99,6272.36,,,0.01,6413.88,,,0.02,29.32,0.03,95.13,0.01,0.01,2313.8734,1776194948000
1776194950.548,250.548,0.98,34.32,0.97,280.13,0.99,6062.97,,,0.01,6062.97,,,0.02,34.32,0.03,280.13,0.01,0.01,2313.88231,1776194949000
1776194950.991,250.991,0.98,29.82,0.97,100.13,0.99,6105.97,,,0.01,6057.97,,,0.02,136.82,0.03,100.13,0.01,0.01,2313.88231,1776194949000
1776194951.225,251.225,0.98,21.45,0.97,100.13,0.99,6065.61,,,0.01,6065.61,,,0.02,21.45,0.03,100.13,0.01,0.01,2313.89913,1776194950000
1776194952.142,252.142,0.98,109.04,0.97,90.13,0.99,6060.61,,,0.01,6065.61,,,0.02,21.45,0.03,100.13,0.01,0.01,2313.89913,1776194950000
1776194952.586,252.586,0.98,267.04,0.97,90.13,0.99,6055.46,,,0.01,6055.46,,,0.02,267.04,0.03,90.13,0.01,0.01,2313.924855,1776194951000
1776194953.171,253.171,0.98,271.04,0.97,89.13,0.99,6093.46,,,0.01,6055.46,,,0.02,267.04,0.03,90.13,0.01,0.01,2313.924855,1776194951000
1776194953.643,253.643,0.98,171.04,0.97,99.13,0.99,1506.77,,,0.01,5990.46,,,0.02,171.04,0.03,99.13,0.01,0.01,2313.94313,1776194952000
1776194953.929,253.929,0.98,130.04,0.97,99.13,0.99,1491.77,,,0.01,1497.77,,,0.02,130.04,0.03,99.13,0.01,0.01,2313.94313,1776194952000
1776194954.237,254.237,0.98,129.04,0.97,99.13,0.99,1494.79,,,0.01,1496.77,,,0.02,129.04,0.03,99.13,0.01,0.01,2313.94313,1776194952000
1776194954.503,254.503,0.98,129.04,0.97,99.13,,,,,0.01,1395.65,,,0.02,129.04,0.03,99.13,,0.01,2313.94313,1776194952000
1776194954.729,254.729,0.98,129.04,0.97,99.13,,,,,,,,,0.02,129.04,0.03,99.13,,,2313.93984,1776194953000
1776194955.047,255.047,0.99,189.1,0.98,25.0,,,,,,,,,0.02,129.04,0.03,99.13,,,2313.93984,1776194953000
1776194955.308,255.308,0.99,159.81,0.98,30.0,,,,,,,,,0.01,194.37,0.02,25.0,,,2313.93984,1776194953000
1776194955.907,255.907,0.99,176.49,0.98,60.0,,,,,,,,,0.01,159.81,0.02,30.0,,,2313.93984,1776194953000
1776194956.75,256.75,0.99,176.49,0.98,60.0,,,,,,,,,0.01,176.49,0.02,60.0,,,2313.951415,1776194955000
1776194957.499,257.499,0.99,176.49,0.98,60.0,,,,,,,,,0.01,176.49,0.02,60.0,,,2313.98709,1776194956000
1776194958.174,258.174,0.99,176.49,0.98,60.0,,,,,,,,,0.01,176.49,0.02,60.0,,,2314.093415,1776194957000
1776194958.485,258.485,0.99,214.44,0.98,74.27,,,,,,,,,0.01,265.49,0.02,74.27,,,2314.093415,1776194957000
1776194959.355,259.355,0.99,284.1,0.98,147.26,,,,,,,,,0.01,214.44,0.02,74.27,,,2314.093415,1776194957000
1776194959.821,259.821,0.99,277.75,0.98,164.26,,,,,,,,,0.01,283.1,0.02,164.26,,,2314.093415,1776194957000
1776194960.044,260.044,0.99,277.75,0.98,164.26,,,,,,,,,0.01,277.75,0.02,164.26,,,2313.9718,1776194958000
1776194960.274,260.274,0.99,286.75,0.98,216.26,,,,,,,,,0.01,277.75,0.02,164.26,,,2313.9718,1776194958000
1776194960.898,260.898,0.99,286.75,0.98,216.26,,,,,,,,,0.01,286.75,0.02,216.26,,,2313.966235,1776194959000
1776194961.454,261.454,0.99,285.75,0.98,216.26,,,,,,,,,0.01,286.75,0.02,216.26,,,2313.966235,1776194959000
1776194961.707,261.707,0.99,285.75,0.98,216.26,,,,,,,,,0.01,285.75,0.02,216.26,,,2314.479009,1776194960000
1776194962.749,262.749,0.99,285.75,0.98,216.26,,,,,,,,,0.01,285.75,0.02,216.26,,,2314.977707,1776194961000
1776194963.286,263.286,0.99,285.75,0.98,216.26,,,,,,,,,0.01,285.75,0.02,216.26,,,2315.056315,1776194962000
1776194963.943,263.943,0.99,383.74,0.98,196.4,,,,,,,,,0.01,285.75,0.02,216.26,,,2315.056315,1776194962000
1776194964.387,264.387,0.99,383.74,0.98,196.4,,,,,,,,,0.01,383.74,0.02,196.4,,,2315.20918,1776194963000
1776194965.332,265.332,0.99,383.74,0.98,196.4,,,,,,,,,0.01,383.74,0.02,196.4,,,2315.23822,1776194964000
1776194965.841,265.841,0.99,1401.4,0.98,380.1,,,,,,,,,0.01,383.74,0.02,196.4,,,2315.23822,1776194964000
1776194966.371,266.371,0.99,1401.4,0.98,380.1,,,,,,,,,0.01,1401.4,0.02,380.1,,,2315.30889,1776194965000
1776194967.291,267.291,0.99,1401.4,0.98,380.1,,,,,,,,,0.01,1401.4,0.02,380.1,,,2315.2453,1776194966000
1776194968.337,268.337,0.99,1401.4,0.98,380.1,,,,,,,,,0.01,1401.4,0.02,380.1,,,2315.280395,1776194967000
1776194968.865,268.865,0.99,1401.4,0.98,380.1,,,,,,,,,0.01,1401.4,0.02,380.1,,,2315.28465,1776194968000
1776194969.19,269.19,0.99,3088.23,0.98,257.97,,,,,,,,,0.01,1401.4,0.02,380.1,,,2315.28465,1776194968000
1776194969.905,269.905,0.99,3088.23,0.98,257.97,,,,,,,,,0.01,3088.23,0.02,257.97,,,2315.3196,1776194969000
1776194970.348,270.348,0.99,4366.91,0.98,257.97,,,,,,,,,0.01,3088.23,0.02,257.97,,,2315.3196,1776194969000
1776194970.888,270.888,0.99,4366.91,0.98,257.97,,,,,,,,,0.01,4366.91,0.02,257.97,,,2315.668775,1776194970000
1776194971.876,271.876,0.99,4366.91,0.98,257.97,,,,,,,,,0.01,4366.91,0.02,257.97,,,2315.778247,1776194971000
1776194972.962,272.962,0.99,4366.91,0.98,257.97,,,,,,,,,0.01,4366.91,0.02,257.97,,,2315.94125,1776194972000
1776194974.023,274.023,0.99,4366.91,0.98,257.97,,,,,,,,,0.01,4366.91,0.02,257.97,,,2316.239534,1776194973000
1776194974.96,274.96,0.99,4366.91,0.98,257.97,,,,,,,,,0.01,4366.91,0.02,257.97,,,2316.437725,1776194974000
1776194975.87,275.87,0.99,4366.91,0.98,257.97,,,,,,,,,0.01,4366.91,0.02,257.97,,,2316.428348,1776194975000
1776194976.952,276.952,0.99,4366.91,0.98,257.97,,,,,,,,,0.01,4366.91,0.02,257.97,,,2316.556225,1776194976000
1776194977.965,277.965,0.99,4366.91,0.98,257.97,,,,,,,,,0.01,4366.91,0.02,257.97,,,2316.50805,1776194977000
1776194978.955,278.955,0.99,4366.91,0.98,257.97,,,,,,,,,0.01,4366.91,0.02,257.97,,,2316.50815,1776194978000
1776194980.031,280.031,0.99,4366.91,0.98,257.97,,,,,,,,,0.01,4366.91,0.02,257.97,,,2316.372811,1776194979000
1776194981.028,281.028,0.99,4366.91,0.98,257.97,,,,,,,,,0.01,4366.91,0.02,257.97,,,2316.12255,1776194980000
1776194982.016,282.016,0.99,4366.91,0.98,257.97,,,,,,,,,0.01,4366.91,0.02,257.97,,,2315.89355,1776194981000
1776194983.027,283.027,0.99,4366.91,0.98,257.97,,,,,,,,,0.01,4366.91,0.02,257.97,,,2315.898311,1776194982000
1776194984.056,284.056,0.99,4366.91,0.98,257.97,,,,,,,,,0.01,4366.91,0.02,257.97,,,2315.57183,1776194983000
1776194985.189,285.189,0.99,4366.91,0.98,257.97,,,,,,,,,0.01,4366.91,0.02,257.97,,,2315.49,1776194984000
1776194985.403,285.403,0.99,12092.64,0.98,83.27,,,,,,,,,0.01,4366.91,0.02,257.97,,,2315.49,1776194984000
1776194986.244,286.244,0.99,12092.64,0.98,83.27,,,,,,,,,0.01,12092.64,0.02,83.27,,,2314.922754,1776194985000
1776194987.18,287.18,0.99,12092.64,0.98,83.27,,,,,,,,,0.01,12092.64,0.02,83.27,,,2314.738868,1776194986000
1776194988.302,288.302,0.99,12092.64,0.98,83.27,,,,,,,,,0.01,12092.64,0.02,83.27,,,2314.768753,1776194987000
1776194989.431,289.431,0.99,12092.64,0.98,83.27,,,,,,,,,0.01,12092.64,0.02,83.27,,,2314.708678,1776194988000
1776194989.901,289.901,0.99,12092.64,0.98,83.27,,,,,,,,,0.01,12092.64,0.02,83.27,,,2314.7085,1776194989000
1776194991.022,291.022,0.99,12092.64,0.98,83.27,,,,,,,,,0.01,12092.64,0.02,83.27,,,2314.858928,1776194990000
1776194991.467,291.467,0.99,11888.93,0.98,130.47,,,,,,,,,0.01,12092.64,0.02,83.27,,,2314.858928,1776194990000
1776194992.234,292.234,0.99,11888.93,0.98,130.47,,,,,,,,,0.01,11888.93,0.02,130.47,,,2314.6785,1776194991000
1776194993.311,293.311,0.99,11888.93,0.98,130.47,,,,,,,,,0.01,11888.93,0.02,130.47,,,2314.771669,1776194992000
1776194994.399,294.399,0.99,11888.93,0.98,130.47,,,,,,,,,0.01,11888.93,0.02,130.47,,,2314.740893,1776194993000
1776194995.041,295.041,0.99,11888.93,0.98,130.47,,,,,,,,,0.01,11888.93,0.02,130.47,,,2314.759784,1776194994000
1776194995.996,295.996,0.99,11888.93,0.98,130.47,,,,,,,,,0.01,11888.93,0.02,130.47,,,2314.73775,1776194995000
1776194997.096,297.096,0.99,11888.93,0.98,130.47,,,,,,,,,0.01,11888.93,0.02,130.47,,,2314.73835,1776194996000
1776194998.042,298.042,0.99,11888.93,0.98,130.47,,,,,,,,,0.01,11888.93,0.02,130.47,,,2314.861012,1776194997000
1776194999.194,299.194,0.99,14383.25,0.98,90.27,,,,,,,,,0.01,14383.25,0.02,90.27,,,2314.91785,1776194998000
1776195000.235,300.235,0.99,14383.25,0.98,90.27,,,,,,,,,0.01,14383.25,0.02,90.27,,,2314.9759,1776194999000

# RESULT,winner=Up,slug=eth-updown-5m-1776194700,ticks=678
