timestamp,elapsed_sec,up_bid_p1,up_bid_s1,up_bid_p2,up_bid_s2,up_ask_p1,up_ask_s1,up_ask_p2,up_ask_s2,down_bid_p1,down_bid_s1,down_bid_p2,down_bid_s2,down_ask_p1,down_ask_s1,down_ask_p2,down_ask_s2,up_spread,down_spread,eth_price,eth_oracle_ts
1776253200.741,0.741,0.46,79.29,0.45,75.0,0.48,185.14,0.49,10.0,0.52,186.3,0.51,10.0,0.54,79.29,0.55,5.0,0.02,0.02,2327.370305,1776253199000
1776253201.079,1.079,0.46,72.43,0.45,70.0,0.49,10.0,0.5,38.0,0.52,185.14,0.51,10.0,0.54,77.43,0.55,75.0,0.03,0.02,2327.370305,1776253199000
1776253201.552,1.552,0.45,70.0,0.44,70.0,0.49,29.0,0.5,51.0,0.51,10.0,0.5,38.0,0.54,54.43,0.55,70.0,0.04,0.03,2327.392247,1776253200000
1776253202.831,2.831,0.48,49.0,0.47,55.99,0.49,29.0,0.5,106.0,0.51,29.0,0.5,51.0,0.55,70.0,0.56,70.0,0.01,0.04,2327.374953,1776253201000
1776253203.372,3.372,0.48,44.0,0.47,75.99,0.49,44.0,0.5,121.0,0.51,29.0,0.5,106.0,0.52,49.0,0.53,55.99,0.01,0.01,2327.346595,1776253202000
1776253204.619,4.619,0.48,69.05,0.47,70.99,0.49,26.93,0.5,121.0,0.51,44.0,0.5,121.0,0.52,43.44,0.53,75.99,0.01,0.01,2327.389084,1776253203000
1776253205.359,5.359,0.48,10.61,0.47,5.99,0.49,113.93,0.5,121.0,0.51,26.93,0.5,121.0,0.52,69.05,0.53,70.99,0.01,0.01,2327.389084,1776253204000
1776253205.561,5.561,0.45,46.37,0.44,75.0,0.47,10.0,0.48,39.0,0.53,10.0,0.52,39.0,0.55,56.37,0.56,75.0,0.02,0.02,2327.389084,1776253204000
1776253205.859,5.859,0.45,3.67,0.44,85.0,0.46,75.0,0.47,85.0,0.53,10.0,0.52,39.0,0.55,46.37,0.56,75.0,0.01,0.02,2327.389084,1776253204000
1776253206.182,6.182,0.44,80.0,0.43,130.0,0.45,6.73,0.46,72.39,0.54,72.39,0.53,85.0,0.55,3.67,0.56,80.0,0.01,0.01,2327.389084,1776253204000
1776253207.619,7.619,0.44,78.21,0.43,75.0,0.45,139.02,0.46,82.0,0.55,6.73,0.54,72.39,0.56,80.0,0.57,130.0,0.01,0.01,2327.24505,1776253206000
1776253208.603,8.603,0.44,153.35,0.43,140.0,0.45,82.79,0.46,17.0,0.55,139.02,0.54,82.0,0.56,78.21,0.57,75.0,0.01,0.01,2327.1964,1776253207000
1776253209.014,9.014,0.44,148.35,0.43,140.0,0.45,0.79,0.46,17.0,0.55,82.79,0.54,17.0,0.56,153.35,0.57,140.0,0.01,0.01,2327.1964,1776253207000
1776253209.792,9.792,0.45,123.6,0.44,153.35,0.46,96.13,0.47,95.5,0.55,0.79,0.54,17.0,0.56,148.35,0.57,140.0,0.01,0.01,2327.100592,1776253208000
1776253210.071,10.071,0.45,68.05,0.44,148.35,0.46,96.13,0.47,95.5,0.54,96.13,0.53,95.5,0.55,123.6,0.56,153.35,0.01,0.01,2327.100592,1776253208000
1776253210.864,10.864,0.45,34.73,0.44,153.35,0.46,30.0,0.47,92.28,0.53,30.28,0.52,70.0,0.55,39.73,0.56,137.85,0.01,0.02,2327.13821,1776253209000
1776253211.703,11.703,0.44,128.48,0.43,150.5,0.46,43.13,0.47,92.28,0.54,30.0,0.53,92.28,0.55,34.73,0.56,153.35,0.02,0.01,2327.157765,1776253210000
1776253211.922,11.922,0.45,5.0,0.44,163.48,0.46,40.1,0.47,92.28,0.54,43.13,0.53,92.28,0.56,128.48,0.57,150.5,0.01,0.02,2327.157765,1776253210000
1776253212.424,12.424,0.44,114.6,0.43,150.5,0.45,10.0,0.46,40.1,0.54,35.1,0.53,92.28,0.56,116.39,0.57,150.5,0.01,0.02,2327.157765,1776253210000
1776253213.066,13.066,0.44,90.25,0.43,150.5,0.45,23.13,0.46,26.97,0.55,10.0,0.54,40.1,0.56,117.81,0.57,150.5,0.01,0.01,2327.204186,1776253211000
1776253213.904,13.904,0.44,13.71,0.43,155.5,0.45,28.13,0.46,26.97,0.55,23.13,0.54,26.97,0.56,8.26,0.57,150.5,0.01,0.01,2327.14595,1776253212000
1776253214.65,14.65,0.44,25.5,0.43,155.5,0.46,26.97,0.47,75.5,0.55,28.13,0.54,26.97,0.56,13.71,0.57,155.5,0.02,0.01,2327.14595,1776253213000
1776253215.034,15.034,0.45,38.68,0.44,45.5,0.46,26.97,0.47,92.5,0.54,26.97,0.53,75.5,0.56,25.5,0.57,155.5,0.01,0.02,2327.14595,1776253213000
1776253215.273,15.273,0.45,26.42,0.44,57.5,0.46,6.97,0.47,92.5,0.54,26.97,0.53,92.5,0.55,38.68,0.56,45.5,0.01,0.01,2327.289995,1776253214000
1776253216.093,16.093,0.46,108.14,0.45,36.42,0.47,77.0,0.48,92.5,0.53,88.68,0.52,92.5,0.55,26.42,0.56,57.5,0.01,0.02,2327.289995,1776253214000
1776253216.396,16.396,0.46,123.64,0.45,36.42,0.47,72.78,0.48,92.5,0.53,77.0,0.52,92.5,0.54,108.14,0.55,36.42,0.01,0.01,2327.289995,1776253214000
1776253217.029,17.029,0.47,52.23,0.46,123.64,0.48,67.0,0.49,84.43,0.53,72.78,0.52,92.5,0.54,123.64,0.55,36.42,0.01,0.01,2327.18995,1776253215000
1776253217.552,17.552,0.47,102.23,0.46,123.64,0.48,64.18,0.49,84.43,0.52,67.0,0.51,84.43,0.53,52.23,0.54,123.64,0.01,0.01,2327.19045,1776253216000
1776253218.767,18.767,0.47,94.51,0.46,123.64,0.48,64.18,0.49,84.43,0.52,64.18,0.51,84.43,0.53,102.23,0.54,123.64,0.01,0.01,2327.218005,1776253217000
1776253221.641,21.641,0.48,125.5,0.47,106.51,0.49,46.93,0.5,115.5,0.52,64.18,0.51,84.43,0.53,94.51,0.54,123.64,0.01,0.01,2327.27325,1776253220000
1776253221.902,21.902,0.48,120.5,0.47,106.51,0.5,78.4,0.51,77.0,0.51,46.93,0.5,115.5,0.52,125.5,0.53,106.51,0.02,0.01,2327.27325,1776253220000
1776253224.235,24.235,0.49,120.0,0.48,260.5,0.51,55.0,0.52,76.5,0.5,78.4,0.49,77.0,0.52,120.5,0.53,106.51,0.02,0.02,2327.28946,1776253222000
1776253224.491,24.491,0.5,115.0,0.49,132.5,0.52,58.15,0.53,88.0,0.49,55.0,0.48,76.5,0.51,120.0,0.52,260.5,0.02,0.02,2327.28946,1776253222000
1776253225.237,25.237,0.5,70.0,0.49,132.5,0.51,50.5,0.52,58.15,0.48,58.15,0.47,88.0,0.5,115.0,0.51,132.5,0.01,0.02,2327.32475,1776253224000
1776253226.523,26.523,0.5,120.0,0.49,132.5,0.52,63.15,0.53,88.0,0.49,50.5,0.48,58.15,0.5,70.0,0.51,132.5,0.02,0.01,2327.424747,1776253225000
1776253227.001,27.001,0.51,50.0,0.5,125.5,0.52,61.15,0.53,88.0,0.48,63.15,0.47,88.0,0.5,120.0,0.51,132.5,0.01,0.02,2327.424747,1776253225000
1776253227.803,27.803,0.51,45.0,0.5,115.0,0.52,64.18,0.53,88.0,0.48,61.15,0.47,88.0,0.49,50.0,0.5,125.5,0.01,0.01,2327.407468,1776253226000
1776253228.604,28.604,0.49,22.0,0.48,95.5,0.52,84.18,0.53,88.0,0.48,64.18,0.47,88.0,0.49,45.0,0.5,115.0,0.03,0.01,2327.37575,1776253227000
1776253229.669,29.669,0.49,27.0,0.48,145.0,0.5,73.5,0.51,80.5,0.48,84.18,0.47,88.0,0.51,22.0,0.52,95.5,0.01,0.03,2327.377293,1776253228000
1776253235.557,35.557,0.49,40.5,0.48,92.5,0.5,35.0,0.51,80.5,0.5,73.5,0.49,80.5,0.51,27.0,0.52,145.0,0.01,0.01,2327.32915,1776253234000
1776253236.028,36.028,0.47,140.5,0.46,77.5,0.5,122.5,0.51,87.5,0.5,35.0,0.49,80.5,0.51,40.5,0.52,92.5,0.03,0.01,2327.32915,1776253234000
1776253236.592,36.592,0.47,140.5,0.46,82.5,0.48,95.0,0.49,75.5,0.5,122.5,0.49,87.5,0.53,140.5,0.54,77.5,0.01,0.03,2327.406442,1776253235000
1776253236.916,36.916,0.47,140.06,0.46,92.5,0.48,10.0,0.49,65.0,0.52,95.0,0.51,75.5,0.53,140.5,0.54,82.5,0.01,0.01,2327.406442,1776253235000
1776253238.223,38.223,0.49,147.5,0.48,163.5,0.52,56.68,0.53,77.0,0.52,10.0,0.51,65.0,0.53,140.06,0.54,92.5,0.03,0.01,2327.28625,1776253237000
1776253239.135,39.135,0.51,125.5,0.5,175.5,0.52,41.75,0.53,60.0,0.48,56.68,0.47,77.0,0.51,147.5,0.52,163.5,0.01,0.03,2327.28625,1776253237000
1776253240.385,40.385,0.51,120.5,0.5,175.5,0.52,64.82,0.53,60.0,0.48,41.75,0.47,60.0,0.49,120.5,0.5,175.5,0.01,0.01,2327.400573,1776253239000
1776253242.585,42.585,0.5,85.0,0.49,102.0,0.52,90.5,0.53,80.5,0.48,64.82,0.47,60.0,0.49,120.5,0.5,175.5,0.02,0.01,2327.49647,1776253241000
1776253243.203,43.203,0.5,85.0,0.49,97.0,0.51,95.5,0.52,85.5,0.48,90.5,0.47,80.5,0.5,85.0,0.51,102.0,0.01,0.02,2327.49647,1776253241000
1776253245.839,45.839,0.5,34.0,0.49,80.5,0.51,100.5,0.52,80.5,0.49,95.5,0.48,85.5,0.5,85.0,0.51,97.0,0.01,0.01,2327.511361,1776253244000
1776253246.669,46.669,0.5,65.5,0.49,75.5,0.51,85.0,0.52,80.5,0.49,100.5,0.48,80.5,0.5,34.0,0.51,80.5,0.01,0.01,2327.404985,1776253245000
1776253247.399,47.399,0.5,110.5,0.49,85.5,0.51,22.05,0.52,70.0,0.49,85.0,0.48,80.5,0.5,65.5,0.51,75.5,0.01,0.01,2327.404985,1776253245000
1776253250.621,50.621,0.5,118.5,0.49,85.5,0.51,5.0,0.52,70.0,0.49,22.05,0.48,70.0,0.5,110.5,0.51,85.5,0.01,0.01,2327.618245,1776253249000
1776253251.017,51.017,0.5,123.5,0.49,85.5,0.51,0.24,0.52,70.0,0.49,5.0,0.48,70.0,0.5,118.5,0.51,85.5,0.01,0.01,2327.618245,1776253249000
1776253257.47,57.47,0.49,280.5,0.48,112.49,0.51,85.74,0.52,80.5,0.49,0.24,0.48,70.0,0.5,123.5,0.51,85.5,0.02,0.01,2327.46358,1776253255000
1776253259.573,59.573,0.5,133.5,0.49,295.5,0.51,5.24,0.52,60.5,0.49,80.24,0.48,70.0,0.51,280.5,0.52,112.49,0.01,0.02,2327.446155,1776253258000
1776253260.901,60.901,0.5,135.5,0.49,295.5,0.51,0.24,0.52,60.5,0.49,5.24,0.48,60.5,0.5,131.5,0.51,295.5,0.01,0.01,2327.44521,1776253259000
1776253262.394,62.394,0.49,20.0,0.48,51.99,0.51,95.74,0.52,80.5,0.49,0.24,0.48,60.5,0.5,135.5,0.51,295.5,0.02,0.01,2327.467004,1776253261000
1776253264.505,64.505,0.5,128.5,0.49,155.5,0.51,0.24,0.52,60.5,0.49,95.74,0.48,80.5,0.51,20.0,0.52,51.99,0.01,0.02,2327.428962,1776253263000
1776253265.097,65.097,0.5,118.5,0.49,155.5,0.51,0.24,0.52,60.5,0.49,0.24,0.48,60.5,0.5,128.5,0.51,155.5,0.01,0.01,2327.42109,1776253264000
1776253265.754,65.754,0.5,111.5,0.49,155.5,0.51,0.24,0.52,60.5,0.49,0.24,0.48,60.5,0.5,118.5,0.51,155.5,0.01,0.01,2327.42109,1776253264000
1776253271.67,71.67,0.5,10.0,0.49,90.5,0.51,80.74,0.52,75.5,0.49,0.24,0.48,60.5,0.5,111.5,0.51,155.5,0.01,0.01,2327.48252,1776253270000
1776253272.105,72.105,0.48,116.4,0.47,45.0,0.51,149.74,0.52,80.5,0.49,80.74,0.48,75.5,0.5,10.0,0.51,90.5,0.03,0.01,2327.503446,1776253271000
1776253273.769,73.769,0.48,189.97,0.47,100.0,0.49,15.0,0.5,70.0,0.49,149.74,0.48,80.5,0.52,116.4,0.53,45.0,0.01,0.03,2327.46415,1776253272000
1776253274.877,74.877,0.48,184.97,0.47,100.0,0.49,11.0,0.5,70.0,0.51,15.0,0.5,70.0,0.52,189.97,0.53,100.0,0.01,0.01,2327.39974,1776253273000
1776253275.574,75.574,0.48,180.97,0.47,100.0,0.49,6.0,0.5,70.0,0.51,11.0,0.5,70.0,0.52,184.97,0.53,100.0,0.01,0.01,2327.39974,1776253273000
1776253277.613,77.613,0.5,142.5,0.49,104.9,0.56,66.24,0.57,60.0,0.51,6.0,0.5,70.0,0.52,180.97,0.53,100.0,0.06,0.01,2327.39974,1776253273000
1776253278.909,78.909,0.55,97.77,0.54,105.5,0.56,86.74,0.57,73.0,0.44,66.24,0.43,60.0,0.47,92.0,0.48,85.0,0.01,0.03,2327.39974,1776253273000
1776253279.13,79.13,0.55,107.77,0.54,105.5,0.57,60.0,0.58,73.0,0.44,79.95,0.43,73.0,0.45,107.77,0.46,105.5,0.02,0.01,2327.39974,1776253273000
1776253279.448,79.448,0.56,45.0,0.55,110.0,0.57,95.5,0.58,83.0,0.43,60.0,0.42,73.0,0.45,107.77,0.46,105.5,0.01,0.02,2327.39974,1776253273000
1776253279.843,79.843,0.55,20.0,0.5,5.0,0.56,8.21,0.57,184.5,0.43,95.5,0.42,83.0,0.44,45.0,0.45,110.0,0.01,0.01,2327.39974,1776253273000
1776253280.225,80.225,0.49,80.0,0.48,96.0,0.5,28.5,0.51,60.5,0.44,8.21,0.43,184.5,0.45,20.0,0.5,5.0,0.01,0.01,2327.39974,1776253273000
1776253280.705,80.705,0.49,105.5,0.48,96.5,0.5,0.91,0.51,7.0,0.5,28.5,0.49,60.5,0.51,80.0,0.52,96.0,0.01,0.01,2327.39974,1776253273000
1776253281.006,81.006,0.52,15.0,0.51,35.5,0.53,28.11,0.54,37.5,0.5,0.91,0.49,7.0,0.51,105.5,0.52,96.5,0.01,0.01,2327.39974,1776253273000
1776253281.816,81.816,0.51,85.5,0.5,80.5,0.52,1.4,0.53,33.61,0.47,53.11,0.46,37.5,0.49,23.78,0.5,25.5,0.01,0.02,2327.39974,1776253273000
1776253282.029,82.029,0.51,90.5,0.5,80.5,0.53,31.24,0.54,55.5,0.48,1.4,0.47,33.61,0.49,85.5,0.5,80.5,0.02,0.01,2327.39974,1776253273000
1776253283.425,83.425,0.46,75.0,0.45,12.0,0.47,5.0,0.48,25.0,0.47,31.24,0.46,55.5,0.49,90.5,0.5,80.5,0.01,0.02,2327.535365,1776253282000
1776253283.675,83.675,0.44,7.3,0.43,72.0,0.45,23.0,0.46,18.0,0.53,5.0,0.52,25.0,0.54,75.0,0.55,12.0,0.01,0.01,2327.535365,1776253282000
1776253284.345,84.345,0.44,17.3,0.43,97.0,0.46,23.0,0.47,38.5,0.55,5.0,0.54,18.0,0.56,12.3,0.57,92.0,0.02,0.01,2327.375078,1776253283000
1776253285.292,85.292,0.43,70.5,0.42,135.5,0.45,72.0,0.46,28.5,0.54,23.0,0.53,38.5,0.56,17.3,0.57,97.0,0.02,0.02,2327.32594,1776253284000
1776253288.63,88.63,0.43,93.74,0.42,140.5,0.44,23.0,0.45,72.5,0.55,72.0,0.54,28.5,0.57,70.5,0.58,135.5,0.01,0.02,2327.247822,1776253287000
1776253289.164,89.164,0.43,87.03,0.42,140.5,0.44,24.0,0.45,26.5,0.56,23.0,0.55,72.5,0.57,93.74,0.58,140.5,0.01,0.01,2327.247822,1776253287000
1776253290.858,90.858,0.43,88.03,0.42,135.5,0.44,29.0,0.45,26.5,0.56,24.0,0.55,26.5,0.57,87.03,0.58,140.5,0.01,0.01,2327.164536,1776253289000
1776253291.739,91.739,0.43,62.03,0.42,150.5,0.44,29.0,0.45,16.0,0.56,29.0,0.55,26.5,0.57,88.03,0.58,135.5,0.01,0.01,2327.155489,1776253290000
1776253292.646,92.646,0.43,63.16,0.42,155.5,0.44,29.0,0.45,26.5,0.56,29.0,0.55,16.0,0.57,60.27,0.58,150.5,0.01,0.01,2327.185347,1776253291000
1776253295.662,95.662,0.43,95.5,0.42,155.5,0.44,14.0,0.45,76.5,0.56,24.0,0.55,76.5,0.57,53.16,0.58,155.5,0.01,0.01,2327.29724,1776253294000
1776253301.466,101.466,0.42,80.0,0.41,135.0,0.43,5.0,0.44,162.5,0.56,4.0,0.55,76.5,0.57,95.5,0.58,155.5,0.01,0.01,2327.335187,1776253300000
1776253302.137,102.137,0.42,70.0,0.41,100.0,0.43,156.17,0.44,138.5,0.57,5.0,0.56,162.5,0.58,70.0,0.59,135.0,0.01,0.01,2327.324704,1776253301000
1776253302.789,102.789,0.38,84.5,0.37,75.5,0.4,26.0,0.41,168.5,0.57,156.17,0.56,138.5,0.58,57.93,0.59,100.0,0.02,0.01,2327.324704,1776253301000
1776253303.37,103.37,0.36,10.0,0.35,10.0,0.38,104.5,0.39,140.5,0.61,23.0,0.6,89.5,0.62,43.5,0.63,95.5,0.02,0.01,2327.245756,1776253302000
1776253304.128,104.128,0.34,100.5,0.33,78.0,0.36,129.0,0.37,87.5,0.64,27.0,0.63,32.5,0.65,3.87,0.66,70.5,0.02,0.01,2327.245756,1776253302000
1776253304.825,104.825,0.35,22.45,0.34,100.5,0.36,129.0,0.37,82.5,0.64,129.0,0.63,87.5,0.66,100.5,0.67,78.0,0.01,0.02,2327.049974,1776253303000
1776253305.198,105.198,0.35,15.0,0.34,100.5,0.36,126.72,0.37,82.5,0.64,129.0,0.63,82.5,0.65,22.45,0.66,100.5,0.01,0.01,2327.049974,1776253303000
1776253305.666,105.666,0.35,78.96,0.34,100.5,0.36,3.0,0.37,82.5,0.64,116.22,0.63,82.5,0.65,13.46,0.66,100.5,0.01,0.01,2327.032021,1776253304000
1776253306.103,106.103,0.35,12.82,0.34,100.5,0.36,117.0,0.37,82.5,0.64,3.0,0.63,82.5,0.65,78.96,0.66,100.5,0.01,0.01,2327.032021,1776253304000
1776253306.844,106.844,0.34,99.92,0.33,78.0,0.36,117.5,0.37,82.5,0.64,117.0,0.63,82.5,0.65,12.82,0.66,100.5,0.02,0.01,2326.991415,1776253305000
1776253307.75,107.75,0.34,77.87,0.33,70.0,0.35,118.0,0.36,78.5,0.64,117.5,0.63,82.5,0.66,99.92,0.67,78.0,0.01,0.02,2327.013997,1776253306000
1776253307.964,107.964,0.34,63.76,0.33,70.0,0.35,118.0,0.36,78.5,0.65,113.0,0.64,78.5,0.66,73.76,0.67,70.0,0.01,0.01,2327.013997,1776253306000
1776253308.837,108.837,0.34,24.0,0.33,80.5,0.35,152.0,0.36,78.5,0.65,118.0,0.64,78.5,0.66,62.24,0.67,70.0,0.01,0.01,2326.91536,1776253307000
1776253309.042,109.042,0.34,8.48,0.33,80.5,0.35,157.0,0.36,78.5,0.65,152.0,0.64,78.5,0.66,24.0,0.67,80.5,0.01,0.01,2326.794412,1776253308000
1776253309.396,109.396,0.34,0.23,0.33,80.5,0.35,157.0,0.36,78.5,0.65,157.0,0.64,78.5,0.66,8.48,0.67,80.5,0.01,0.01,2326.794412,1776253308000
1776253312.511,112.511,0.32,4.0,0.31,25.0,0.34,153.5,0.35,89.5,0.65,157.0,0.64,78.5,0.66,0.23,0.67,80.5,0.02,0.01,2326.79511,1776253311000
1776253312.76,112.76,0.3,108.0,0.29,65.0,0.32,66.06,0.33,22.0,0.68,48.0,0.67,22.0,0.7,103.0,0.71,65.0,0.02,0.02,2326.79511,1776253311000
1776253313.935,113.935,0.3,99.99,0.29,70.0,0.31,101.0,0.32,61.06,0.69,17.0,0.68,87.06,0.7,106.42,0.71,65.0,0.01,0.01,2326.948585,1776253312000
1776253316.185,116.185,0.3,89.49,0.29,80.5,0.31,107.77,0.32,126.56,0.69,101.0,0.68,61.06,0.7,99.99,0.71,70.0,0.01,0.01,2326.754336,1776253314000
1776253318.057,118.057,0.3,84.49,0.29,80.5,0.31,99.54,0.32,111.06,0.69,107.77,0.68,126.56,0.7,89.49,0.71,80.5,0.01,0.01,2326.593669,1776253316000
1776253319.687,119.687,0.3,77.53,0.29,80.5,0.31,92.54,0.32,116.06,0.69,104.54,0.68,126.56,0.7,72.53,0.71,80.5,0.01,0.01,2326.536037,1776253318000
1776253320.49,120.49,0.29,40.39,0.28,70.5,0.31,157.04,0.32,132.56,0.69,76.54,0.68,116.06,0.7,72.53,0.71,80.5,0.02,0.01,2326.539211,1776253319000
1776253321.468,121.468,0.29,45.89,0.28,80.5,0.3,96.0,0.31,97.54,0.69,157.04,0.68,132.56,0.71,40.39,0.72,70.5,0.01,0.02,2326.626206,1776253320000
1776253322.019,122.019,0.29,54.48,0.28,150.5,0.31,11.0,0.32,29.0,0.7,101.0,0.69,97.54,0.71,49.48,0.72,80.5,0.02,0.01,2326.540304,1776253321000
1776253322.728,122.728,0.3,87.67,0.29,59.48,0.31,45.0,0.32,94.0,0.69,45.0,0.68,34.0,0.7,37.72,0.71,59.48,0.01,0.01,2326.540304,1776253321000
1776253323.835,123.835,0.26,50.01,0.25,70.5,0.27,100.0,0.28,58.5,0.69,45.0,0.68,94.0,0.7,87.67,0.71,59.48,0.01,0.01,2326.661283,1776253322000
1776253324.077,124.077,0.26,31.8,0.25,70.5,0.27,100.0,0.28,58.5,0.73,100.0,0.72,58.5,0.74,37.01,0.75,70.5,0.01,0.01,2326.661283,1776253322000
1776253324.917,124.917,0.26,24.89,0.25,65.5,0.27,251.51,0.28,103.5,0.73,100.0,0.72,58.5,0.74,31.8,0.75,70.5,0.01,0.01,2326.5765,1776253323000
1776253325.958,125.958,0.26,105.39,0.25,75.5,0.27,29.0,0.28,38.0,0.73,251.51,0.72,103.5,0.74,24.89,0.75,65.5,0.01,0.01,2326.682416,1776253324000
1776253331.128,131.128,0.26,92.29,0.25,70.5,0.27,81.72,0.28,113.7,0.73,29.0,0.72,38.0,0.74,107.79,0.75,80.5,0.01,0.01,2326.527939,1776253329000
1776253331.634,131.634,0.26,90.93,0.25,70.5,0.27,136.72,0.28,117.2,0.73,81.72,0.72,113.7,0.74,92.29,0.75,70.5,0.01,0.01,2326.527939,1776253329000
1776253333.023,133.023,0.26,90.93,0.25,65.5,0.27,128.01,0.28,119.5,0.73,136.72,0.72,117.2,0.74,90.93,0.75,70.5,0.01,0.01,2326.5729,1776253331000
1776253334.6,134.6,0.26,40.93,0.25,5.0,0.27,133.53,0.28,91.5,0.73,128.01,0.72,119.5,0.74,90.93,0.75,65.5,0.01,0.01,2326.652809,1776253333000
1776253335.038,135.038,0.26,14.18,0.25,55.0,0.27,133.53,0.28,91.5,0.73,138.53,0.72,91.5,0.74,27.93,0.75,5.0,0.01,0.01,2326.652809,1776253333000
1776253337.598,137.598,0.26,114.68,0.25,145.0,0.28,47.0,0.29,22.0,0.73,133.53,0.72,91.5,0.74,14.18,0.75,55.0,0.02,0.01,2326.508025,1776253336000
1776253339.738,139.738,0.27,82.46,0.26,85.5,0.28,47.0,0.29,25.0,0.72,47.0,0.71,22.0,0.74,114.68,0.75,145.0,0.01,0.02,2326.517455,1776253338000
1776253346.378,146.378,0.26,70.0,0.25,130.0,0.27,32.0,0.28,101.5,0.72,47.0,0.71,25.0,0.73,82.46,0.74,85.5,0.01,0.01,2326.588102,1776253345000
1776253349.239,149.239,0.27,183.5,0.26,31.5,0.36,3.41,0.37,55.0,0.73,32.0,0.72,101.5,0.74,70.0,0.75,130.0,0.09,0.01,2326.68638,1776253347000
1776253350.31,150.31,0.37,27.5,0.36,10.0,0.38,172.15,0.39,75.0,0.62,69.9,0.61,75.0,0.63,33.37,0.64,105.0,0.01,0.01,2326.67703,1776253349000
1776253355.043,155.043,0.35,4.5,0.32,8.0,0.38,215.36,0.39,156.0,0.62,170.84,0.61,75.0,0.63,27.5,0.64,10.0,0.03,0.01,2327.0744,1776253353000
1776253355.552,155.552,0.31,10.0,0.29,5.0,0.32,108.37,0.33,92.0,0.68,6.0,0.67,6.5,0.69,10.0,0.7,68.0,0.01,0.01,2327.10062,1776253354000
1776253356.941,156.941,0.31,3.47,0.29,5.0,0.32,158.37,0.33,99.0,0.68,113.37,0.67,92.0,0.69,4.92,0.71,5.0,0.01,0.01,2327.023965,1776253355000
1776253357.268,157.268,0.29,4.99,0.28,15.0,0.32,163.37,0.33,99.0,0.68,158.37,0.67,99.0,0.69,3.47,0.71,5.0,0.03,0.01,2327.023965,1776253355000
1776253357.772,157.772,0.29,4.99,0.28,15.0,0.3,150.5,0.31,112.5,0.68,163.37,0.67,99.0,0.71,4.99,0.72,15.0,0.01,0.03,2326.849558,1776253356000
1776253358.328,158.328,0.29,2.2,0.28,15.0,0.3,150.5,0.31,112.5,0.7,150.5,0.69,112.5,0.71,4.99,0.72,15.0,0.01,0.01,2326.849558,1776253356000
1776253360.972,160.972,0.29,102.7,0.28,85.5,0.31,21.0,0.32,12.87,0.7,150.5,0.69,112.5,0.71,2.2,0.72,15.0,0.02,0.01,2326.811342,1776253359000
1776253362.158,162.158,0.36,20.0,0.35,115.5,0.38,16.0,0.39,60.0,0.69,21.0,0.68,12.87,0.71,102.7,0.72,85.5,0.02,0.02,2326.709822,1776253360000
1776253364.146,164.146,0.37,59.0,0.36,80.5,0.38,69.81,0.39,65.0,0.62,15.9,0.61,60.0,0.64,25.0,0.65,126.5,0.01,0.02,2326.771075,1776253362000
1776253366.384,166.384,0.39,110.5,0.38,105.5,0.41,5.0,0.42,15.5,0.62,69.81,0.61,65.0,0.63,59.0,0.64,80.5,0.02,0.01,2327.037075,1776253364000
1776253369.613,169.613,0.44,105.0,0.43,80.5,0.45,14.87,0.46,75.0,0.55,71.0,0.54,120.0,0.59,20.0,0.6,25.5,0.01,0.04,2327.31265,1776253368000
1776253369.924,169.924,0.45,25.0,0.44,125.5,0.46,11.19,0.47,26.0,0.55,14.87,0.54,75.0,0.56,105.0,0.57,80.5,0.01,0.01,2327.31265,1776253368000
1776253371.595,171.595,0.46,90.5,0.45,95.5,0.48,20.0,0.49,25.5,0.54,11.19,0.53,26.0,0.55,25.0,0.56,125.5,0.02,0.01,2327.398285,1776253370000
1776253371.85,171.85,0.47,15.0,0.46,90.5,0.48,11.0,0.49,30.5,0.52,11.63,0.51,30.5,0.53,5.0,0.54,85.5,0.01,0.01,2327.398285,1776253370000
1776253372.083,172.083,0.47,75.0,0.46,90.5,0.48,4.28,0.49,30.5,0.52,11.0,0.51,30.5,0.53,15.0,0.54,90.5,0.01,0.01,2327.398285,1776253370000
1776253373.598,173.598,0.47,80.5,0.46,90.5,0.48,32.28,0.49,30.5,0.52,4.28,0.51,30.5,0.53,75.0,0.54,90.5,0.01,0.01,2327.2605,1776253372000
1776253374.665,174.665,0.47,50.27,0.46,90.5,0.48,32.28,0.49,30.5,0.52,32.28,0.51,30.5,0.53,66.06,0.54,90.5,0.01,0.01,2327.2605,1776253372000
1776253376.912,176.912,0.47,50.77,0.46,92.5,0.49,15.0,0.5,30.5,0.52,32.28,0.51,30.5,0.53,50.27,0.54,90.5,0.02,0.01,2327.286195,1776253375000
1776253378.394,178.394,0.47,65.77,0.46,97.5,0.49,15.95,0.5,35.5,0.51,15.0,0.5,30.5,0.53,50.77,0.54,92.5,0.02,0.02,2327.409283,1776253377000
1776253379.468,179.468,0.48,70.0,0.47,60.77,0.49,8.21,0.5,35.5,0.51,15.95,0.5,35.5,0.53,65.77,0.54,97.5,0.01,0.02,2327.288125,1776253378000
1776253381.159,181.159,0.49,35.5,0.48,95.5,0.51,15.0,0.52,10.0,0.51,8.21,0.5,35.5,0.52,70.0,0.53,60.77,0.02,0.01,2327.293755,1776253379000
1776253381.435,181.435,0.5,35.5,0.49,95.5,0.51,5.0,0.52,15.0,0.49,15.0,0.48,10.0,0.51,35.5,0.52,95.5,0.01,0.02,2327.3008,1776253380000
1776253381.64,181.64,0.51,20.0,0.5,85.5,0.52,5.91,0.53,20.5,0.49,5.0,0.48,15.0,0.5,35.5,0.51,95.5,0.01,0.01,2327.3008,1776253380000
1776253382.758,182.758,0.51,85.0,0.5,85.5,0.52,0.91,0.53,20.5,0.48,5.91,0.47,20.5,0.49,20.0,0.5,85.5,0.01,0.01,2327.3008,1776253381000
1776253383.387,183.387,0.51,86.42,0.5,85.5,0.52,0.91,0.53,30.5,0.48,0.91,0.47,20.5,0.49,85.0,0.5,85.5,0.01,0.01,2327.342165,1776253382000
1776253386.203,186.203,0.52,43.0,0.51,80.0,0.53,55.5,0.54,80.5,0.47,30.5,0.46,70.0,0.49,86.42,0.5,80.5,0.01,0.02,2327.452141,1776253385000
1776253387.279,187.279,0.54,41.8,0.53,122.5,0.55,5.0,0.56,10.0,0.46,20.0,0.45,87.5,0.48,16.58,0.49,90.5,0.01,0.02,2327.452141,1776253385000
1776253387.497,187.497,0.56,31.0,0.55,71.5,0.58,46.52,0.59,65.5,0.43,1.52,0.42,55.0,0.44,26.0,0.45,71.5,0.02,0.01,2327.415059,1776253386000
1776253387.761,187.761,0.58,20.0,0.57,20.0,0.59,69.5,0.6,70.77,0.41,70.5,0.4,65.77,0.43,20.0,0.44,44.0,0.01,0.02,2327.415059,1776253386000
1776253388.149,188.149,0.63,25.0,0.62,101.5,0.65,70.03,0.66,90.5,0.39,50.0,0.38,55.0,0.42,35.5,0.43,25.0,0.02,0.03,2327.415059,1776253386000
1776253389.295,189.295,0.64,36.0,0.63,80.0,0.65,2.96,0.66,90.5,0.35,11.58,0.34,90.5,0.36,31.0,0.37,30.0,0.01,0.01,2327.55255,1776253388000
1776253390.325,190.325,0.64,33.0,0.63,70.0,0.66,90.41,0.67,60.0,0.35,2.96,0.34,90.5,0.36,28.0,0.37,80.0,0.02,0.01,2327.55255,1776253388000
1776253390.674,190.674,0.63,58.16,0.62,85.5,0.66,75.41,0.67,60.0,0.34,90.41,0.33,60.0,0.36,33.0,0.37,70.0,0.03,0.02,2327.641754,1776253389000
1776253390.92,190.92,0.64,1.0,0.63,68.16,0.65,5.0,0.66,70.41,0.34,75.41,0.33,60.0,0.37,58.16,0.38,85.5,0.01,0.03,2327.641754,1776253389000
1776253391.517,191.517,0.65,3.69,0.64,12.0,0.66,75.41,0.67,60.0,0.34,70.41,0.33,60.0,0.36,7.0,0.37,248.16,0.01,0.02,2327.757745,1776253390000
1776253391.91,191.91,0.65,3.69,0.64,17.0,0.66,59.91,0.67,70.5,0.34,75.41,0.33,60.0,0.35,3.69,0.36,12.0,0.01,0.01,2327.757745,1776253390000
1776253392.262,192.262,0.65,13.69,0.64,61.0,0.66,23.0,0.67,70.5,0.34,59.91,0.33,70.5,0.35,3.69,0.36,17.0,0.01,0.01,2327.757987,1776253391000
1776253392.52,192.52,0.67,14.84,0.66,25.0,0.68,5.0,0.69,65.5,0.34,23.0,0.33,70.5,0.35,13.69,0.36,61.0,0.01,0.01,2327.757987,1776253391000
1776253392.989,192.989,0.69,27.0,0.68,26.0,0.7,56.17,0.71,75.5,0.3,50.06,0.29,70.5,0.32,15.0,0.33,211.0,0.01,0.02,2327.757987,1776253391000
1776253393.591,193.591,0.7,15.0,0.69,217.0,0.71,75.5,0.72,65.0,0.29,75.5,0.28,60.0,0.31,27.0,0.32,26.0,0.01,0.02,2327.856734,1776253392000
1776253394.177,194.177,0.7,35.0,0.69,217.0,0.71,79.03,0.72,65.0,0.29,75.5,0.28,65.0,0.3,15.0,0.31,217.0,0.01,0.01,2327.856734,1776253392000
1776253395.052,195.052,0.7,35.0,0.69,217.0,0.71,59.33,0.72,65.0,0.29,62.12,0.28,75.5,0.3,40.0,0.31,217.0,0.01,0.01,2327.89891,1776253393000
1776253395.81,195.81,0.7,35.0,0.69,217.0,0.71,14.46,0.72,70.5,0.29,59.33,0.28,65.0,0.3,35.0,0.31,217.0,0.01,0.01,2327.853845,1776253394000
1776253396.307,196.307,0.7,35.0,0.69,267.0,0.71,0.46,0.72,70.5,0.29,14.46,0.28,70.5,0.3,35.0,0.31,217.0,0.01,0.01,2327.86303,1776253395000
1776253396.835,196.835,0.7,310.5,0.69,92.0,0.78,10.0,0.79,10.0,0.29,0.46,0.28,70.5,0.3,35.0,0.31,267.0,0.08,0.01,2327.86303,1776253395000
1776253397.135,197.135,0.77,15.0,0.76,20.0,0.78,15.0,0.79,2.39,0.21,2.39,0.2,81.0,0.23,5.0,0.24,21.57,0.01,0.02,2327.88441,1776253396000
1776253397.548,197.548,0.77,80.0,0.76,73.95,0.79,2.46,0.8,225.55,0.21,5.46,0.2,225.55,0.22,5.0,0.23,10.0,0.02,0.01,2327.88441,1776253396000
1776253398.377,198.377,0.77,80.0,0.76,68.95,0.79,200.46,0.8,95.05,0.21,2.46,0.2,225.55,0.23,80.0,0.24,73.95,0.02,0.02,2327.905192,1776253397000
1776253399.248,199.248,0.77,195.15,0.76,73.95,0.78,7.3,0.79,187.46,0.21,200.46,0.2,95.05,0.23,80.0,0.24,68.95,0.01,0.02,2327.905192,1776253397000
1776253405.107,205.107,0.78,90.5,0.77,85.5,0.79,3.73,0.8,20.05,0.22,7.3,0.21,187.46,0.23,195.15,0.24,73.95,0.01,0.01,2328.136285,1776253403000
1776253406.069,206.069,0.68,15.5,0.67,55.0,0.69,111.55,0.7,20.0,0.21,3.73,0.2,20.05,0.22,90.5,0.23,85.5,0.01,0.01,2328.11442,1776253404000
1776253406.353,206.353,0.68,3.75,0.67,55.0,0.69,111.55,0.7,25.0,0.31,111.55,0.3,20.0,0.32,15.5,0.33,55.0,0.01,0.01,2328.114485,1776253405000
1776253407.43,207.43,0.68,13.75,0.67,65.0,0.69,110.54,0.7,25.0,0.31,111.55,0.3,25.0,0.32,3.75,0.33,55.0,0.01,0.01,2328.11398,1776253406000
1776253408.548,208.548,0.66,81.0,0.65,85.8,0.69,295.54,0.7,75.0,0.31,110.54,0.3,25.0,0.32,13.75,0.33,65.0,0.03,0.01,2327.901587,1776253407000
1776253408.864,208.864,0.67,29.5,0.66,86.0,0.68,118.0,0.69,244.54,0.31,290.54,0.3,75.0,0.34,86.0,0.35,85.8,0.01,0.03,2327.901587,1776253407000
1776253409.171,209.171,0.66,21.0,0.65,81.3,0.68,133.46,0.69,135.04,0.32,118.0,0.31,244.54,0.33,29.5,0.34,86.0,0.02,0.01,2327.901587,1776253408000
1776253409.409,209.409,0.65,3.48,0.64,10.0,0.66,168.0,0.67,120.5,0.32,133.46,0.31,135.04,0.34,21.0,0.35,81.3,0.01,0.02,2327.901587,1776253408000
1776253410.706,210.706,0.61,20.5,0.6,5.0,0.63,92.0,0.64,80.0,0.34,168.0,0.33,120.5,0.37,20.5,0.38,70.0,0.02,0.03,2327.884224,1776253409000
1776253411.216,211.216,0.59,33.43,0.58,55.0,0.6,20.0,0.61,25.0,0.37,92.0,0.36,80.0,0.39,20.5,0.4,5.0,0.01,0.02,2327.883731,1776253410000
1776253411.532,211.532,0.59,210.5,0.58,75.5,0.62,25.0,0.63,10.0,0.4,10.0,0.39,15.0,0.42,65.0,0.43,65.0,0.03,0.02,2327.883731,1776253410000
1776253412.02,212.02,0.62,24.5,0.61,30.5,0.63,4.6,0.64,15.0,0.37,4.6,0.36,10.0,0.39,10.0,0.4,10.0,0.01,0.02,2327.883731,1776253410000
1776253412.349,212.349,0.62,76.34,0.61,80.5,0.63,4.6,0.64,15.0,0.37,4.6,0.36,15.0,0.38,24.5,0.39,30.5,0.01,0.01,2327.856882,1776253411000
1776253413.21,213.21,0.66,40.5,0.65,35.5,0.67,7.92,0.68,5.0,0.37,4.6,0.36,15.0,0.38,73.23,0.39,80.5,0.01,0.01,2327.746659,1776253412000
1776253413.68,213.68,0.66,95.5,0.65,85.5,0.67,2.92,0.68,5.0,0.33,7.92,0.32,5.0,0.34,40.5,0.35,35.5,0.01,0.01,2327.746659,1776253412000
1776253414.713,214.713,0.67,17.31,0.66,210.5,0.68,15.0,0.69,75.0,0.33,2.92,0.32,5.0,0.34,94.26,0.35,85.5,0.01,0.01,2327.908756,1776253413000
1776253416.44,216.44,0.79,335.5,0.78,70.0,0.91,90.0,0.92,16.0,0.32,75.0,0.31,75.0,0.33,11.32,0.34,205.5,0.12,0.01,2327.908419,1776253415000
1776253416.685,216.685,0.9,325.5,0.89,15.0,0.91,81.68,0.94,63.8,0.09,86.73,0.08,16.0,0.1,10.0,0.11,10.0,0.01,0.01,2327.908419,1776253415000
1776253416.998,216.998,0.93,88.0,0.92,10.0,0.94,79.56,0.95,129.62,0.06,63.8,0.05,106.62,0.1,310.5,0.11,20.0,0.01,0.04,2327.908419,1776253415000
1776253417.215,217.215,0.93,44.14,0.92,20.0,0.95,291.62,0.96,311.8,0.06,50.09,0.05,129.62,0.07,88.0,0.08,10.0,0.02,0.01,2327.908419,1776253415000
1776253417.877,217.877,0.94,20.0,0.93,34.64,0.95,465.6,0.96,993.8,0.05,291.62,0.04,311.8,0.07,44.14,0.08,20.0,0.01,0.02,2327.848247,1776253416000
1776253418.307,218.307,0.94,20.0,0.93,39.64,0.95,542.87,0.96,893.8,0.05,454.34,0.04,993.8,0.06,20.0,0.07,34.64,0.01,0.01,2327.848247,1776253416000
1776253418.757,218.757,0.94,105.0,0.93,94.64,0.95,541.7,0.96,793.8,0.05,542.76,0.04,793.8,0.06,25.0,0.07,39.64,0.01,0.01,2328.264242,1776253417000
1776253419.161,219.161,0.94,38.5,0.93,21.14,0.95,546.7,0.96,873.8,0.05,541.7,0.04,793.8,0.06,105.0,0.07,94.64,0.01,0.01,2328.565947,1776253418000
1776253419.457,219.457,0.93,5.0,0.92,75.5,0.94,215.0,0.95,258.7,0.05,543.7,0.04,873.8,0.07,21.14,0.08,30.5,0.01,0.02,2328.565947,1776253418000
1776253419.79,219.79,0.92,20.5,0.91,85.5,0.93,177.63,0.94,373.8,0.07,180.0,0.06,310.0,0.08,20.5,0.09,80.5,0.01,0.01,2328.565947,1776253418000
1776253421.539,221.539,0.92,115.5,0.91,80.5,0.93,347.63,0.94,193.8,0.07,177.63,0.06,373.8,0.08,20.5,0.09,85.5,0.01,0.01,2328.8415,1776253420000
1776253422.36,222.36,0.92,112.67,0.91,80.5,0.93,332.93,0.94,188.8,0.07,332.93,0.06,193.8,0.08,120.5,0.09,80.5,0.01,0.01,2328.868455,1776253421000
1776253424.792,224.792,0.92,80.0,0.91,30.5,0.93,299.66,0.94,240.0,0.07,332.93,0.06,188.8,0.08,112.67,0.09,80.5,0.01,0.01,2328.999,1776253423000
1776253425.26,225.26,0.92,90.5,0.91,30.5,0.93,253.92,0.94,140.0,0.07,299.66,0.06,240.0,0.08,80.0,0.09,30.5,0.01,0.01,2328.999,1776253423000
1776253426.091,226.091,0.92,77.39,0.91,30.5,0.93,253.92,0.94,135.0,0.07,258.92,0.06,140.0,0.08,87.0,0.09,30.5,0.01,0.01,2328.949348,1776253424000
1776253428.149,228.149,0.92,124.39,0.91,210.5,0.93,33.92,0.94,84.0,0.07,253.92,0.06,135.0,0.08,77.39,0.09,30.5,0.01,0.01,2328.78175,1776253427000
1776253429.367,229.367,0.92,370.39,0.91,135.5,0.93,3.92,0.94,25.0,0.07,33.92,0.06,84.0,0.08,124.39,0.09,210.5,0.01,0.01,2328.833713,1776253428000
1776253431.033,231.033,0.94,22.33,0.93,51.47,0.95,90.92,0.96,275.0,0.05,10.72,0.04,259.0,0.06,76.5,0.07,101.58,0.01,0.01,2328.919738,1776253430000
1776253434.481,234.481,0.94,85.5,0.93,221.47,0.95,171.65,0.96,35.0,0.06,21.67,0.05,85.92,0.07,31.47,0.08,48.5,0.01,0.01,2328.95426,1776253433000
1776253435.199,235.199,0.94,122.75,0.93,326.77,0.95,11.34,0.96,215.0,0.05,171.65,0.04,35.0,0.06,85.5,0.07,221.47,0.01,0.01,2328.95426,1776253433000
1776253437.1,237.1,0.94,16.0,0.93,26.47,0.95,95.54,0.96,418.8,0.05,11.34,0.04,215.0,0.06,122.75,0.07,326.77,0.01,0.01,2329.034701,1776253436000
1776253437.317,237.317,0.92,48.5,0.91,30.5,0.94,44.0,0.95,95.54,0.05,95.54,0.04,418.8,0.07,22.47,0.08,48.5,0.02,0.02,2329.034701,1776253436000
1776253439.446,239.446,0.93,51.4,0.92,33.4,0.94,423.0,0.95,161.34,0.06,54.0,0.05,85.54,0.08,28.4,0.09,30.5,0.01,0.02,2328.939003,1776253437000
1776253440.565,240.565,0.93,56.4,0.92,23.4,0.94,413.0,0.95,80.54,0.06,423.0,0.05,161.34,0.07,51.4,0.08,33.4,0.01,0.01,2328.952255,1776253439000
1776253440.775,240.775,0.93,47.4,0.92,38.4,0.94,383.13,0.95,80.54,0.06,393.44,0.05,80.54,0.07,47.4,0.08,33.4,0.01,0.01,2328.952255,1776253439000
1776253441.223,241.223,0.93,68.53,0.92,38.4,0.94,371.81,0.95,80.54,0.06,376.81,0.05,80.54,0.07,63.53,0.08,38.4,0.01,0.01,2328.952255,1776253439000
1776253441.451,241.451,0.93,68.53,0.92,38.4,0.94,340.1,0.95,80.54,0.06,340.73,0.05,80.54,0.07,68.53,0.08,38.4,0.01,0.01,2328.771002,1776253440000
1776253442.45,242.45,0.93,184.28,0.92,20.4,0.94,343.24,0.95,80.54,0.06,331.77,0.05,80.54,0.07,68.53,0.08,38.4,0.01,0.01,2328.779162,1776253441000
1776253442.772,242.772,0.93,116.71,0.92,20.4,0.94,334.48,0.95,80.54,0.06,342.99,0.05,80.54,0.07,189.28,0.08,20.4,0.01,0.01,2328.779162,1776253441000
1776253443.109,243.109,0.93,116.71,0.92,20.4,0.94,316.19,0.95,80.54,0.06,334.48,0.05,80.54,0.07,116.71,0.08,20.4,0.01,0.01,2328.779162,1776253441000
1776253443.693,243.693,0.93,121.71,0.92,20.4,0.94,294.27,0.95,80.54,0.06,316.19,0.05,80.54,0.07,116.71,0.08,20.4,0.01,0.01,2328.767881,1776253442000
1776253443.922,243.922,0.93,117.54,0.92,20.4,0.94,294.27,0.95,80.54,0.06,294.27,0.05,80.54,0.07,121.71,0.08,20.4,0.01,0.01,2328.767881,1776253442000
1776253445.263,245.263,0.92,5.0,0.91,5.0,0.93,21.04,0.94,272.27,0.06,294.27,0.05,80.54,0.07,117.54,0.08,20.4,0.01,0.01,2328.830164,1776253444000
1776253445.932,245.932,0.89,7.27,0.88,283.51,0.91,22.0,0.92,15.0,0.09,5.0,0.08,15.0,0.1,6.21,0.11,10.0,0.02,0.01,2328.830164,1776253444000
1776253446.164,246.164,0.89,217.27,0.88,103.51,0.9,8.32,0.91,5.0,0.09,22.0,0.08,15.0,0.11,7.27,0.12,283.51,0.01,0.02,2328.822439,1776253445000
1776253446.39,246.39,0.9,15.0,0.89,207.27,0.92,9.62,0.93,142.34,0.08,10.0,0.07,142.34,0.11,257.27,0.12,103.51,0.02,0.03,2328.822439,1776253445000
1776253446.975,246.975,0.9,69.28,0.89,207.27,0.91,6.0,0.92,25.55,0.08,20.55,0.07,147.34,0.09,5.0,0.1,50.0,0.01,0.01,2328.822439,1776253445000
1776253447.744,247.744,0.9,309.28,0.89,27.27,0.91,7.01,0.92,7.55,0.09,6.0,0.08,25.55,0.1,69.28,0.11,207.27,0.01,0.01,2328.5704,1776253446000
1776253448.486,248.486,0.9,258.7,0.89,27.27,0.91,7.01,0.92,12.55,0.09,7.01,0.08,7.55,0.1,309.28,0.11,27.27,0.01,0.01,2328.5704,1776253446000
1776253448.947,248.947,0.9,245.0,0.89,27.27,0.91,2.61,0.92,12.55,0.09,4.61,0.08,12.55,0.1,258.7,0.11,27.27,0.01,0.01,2328.502669,1776253447000
1776253449.399,249.399,0.9,257.65,0.89,77.27,0.91,0.85,0.92,7.55,0.09,2.61,0.08,12.55,0.1,245.0,0.11,27.27,0.01,0.01,2328.52611,1776253448000
1776253449.716,249.716,0.91,141.5,0.9,212.65,0.93,75.62,0.94,138.8,0.07,69.36,0.06,138.8,0.1,257.65,0.11,86.27,0.02,0.03,2328.52611,1776253448000
1776253451.902,251.902,0.94,130.0,0.93,394.38,0.96,15.34,0.97,286.0,0.06,183.84,0.05,346.34,0.09,143.61,0.1,205.54,0.02,0.03,2328.548303,1776253450000
1776253452.769,252.769,0.95,55.0,0.94,309.0,0.96,9.9,0.97,279.96,0.04,9.9,0.03,279.96,0.05,55.0,0.06,129.0,0.01,0.01,2328.625057,1776253451000
1776253453.144,253.144,0.95,70.89,0.94,309.0,0.96,2.79,0.97,279.96,0.04,9.9,0.03,279.96,0.05,55.0,0.06,309.0,0.01,0.01,2328.686555,1776253452000
1776253453.552,253.552,0.95,80.89,0.94,309.0,0.96,1.04,0.97,279.96,0.04,2.79,0.03,279.96,0.05,70.89,0.06,309.0,0.01,0.01,2328.686555,1776253452000
1776253454.069,254.069,0.95,187.79,0.94,329.0,0.97,307.35,0.98,614.47,0.04,1.04,0.03,279.96,0.05,80.89,0.06,309.0,0.02,0.01,2328.75685,1776253453000
1776253454.604,254.604,0.95,192.79,0.94,392.8,0.97,297.35,0.98,614.47,0.03,307.35,0.02,614.47,0.05,187.79,0.06,329.0,0.02,0.02,2328.75685,1776253453000
1776253455.267,255.267,0.96,119.73,0.95,116.69,0.97,296.29,0.98,609.47,0.03,297.35,0.02,614.47,0.05,192.79,0.06,392.8,0.01,0.02,2328.832339,1776253454000
1776253456.663,256.663,0.96,123.36,0.95,171.69,0.97,111.29,0.98,789.47,0.03,296.29,0.02,609.47,0.04,119.73,0.05,116.69,0.01,0.01,2328.7921,1776253455000
1776253457.669,257.669,0.96,222.06,0.95,171.69,0.97,110.25,0.98,789.47,0.03,111.29,0.02,789.47,0.04,123.36,0.05,171.69,0.01,0.01,2328.857903,1776253456000
1776253458.466,258.466,0.96,203.72,0.95,176.69,0.97,108.18,0.98,605.77,0.03,110.25,0.02,789.47,0.04,222.06,0.05,171.69,0.01,0.01,2328.8071,1776253457000
1776253459.512,259.512,0.97,199.29,0.96,127.33,0.98,258.14,0.99,2583.47,0.02,202.64,0.01,7583.47,0.04,208.72,0.05,176.69,0.01,0.02,2328.8071,1776253458000
1776253459.759,259.759,0.97,199.29,0.96,127.33,0.98,236.93,0.99,2578.47,0.02,251.93,0.01,2583.47,0.03,199.29,0.04,127.33,0.01,0.01,2328.8071,1776253458000
1776253460.172,260.172,0.97,194.29,0.96,127.33,0.98,239.88,0.99,2578.47,0.02,236.93,0.01,2578.47,0.03,199.29,0.04,127.33,0.01,0.01,2328.7971,1776253459000
1776253462.409,262.409,0.97,185.35,0.96,118.7,0.98,153.55,0.99,2578.47,0.02,224.88,0.01,2578.47,0.03,185.35,0.04,118.7,0.01,0.01,2328.80215,1776253461000
1776253462.628,262.628,0.97,185.35,0.96,118.7,0.98,139.52,0.99,2578.47,0.02,145.55,0.01,2578.47,0.03,190.35,0.04,118.7,0.01,0.01,2328.80215,1776253461000
1776253464.121,264.121,0.97,185.35,0.96,168.7,0.98,37.47,0.99,2519.47,0.02,139.52,0.01,2578.47,0.03,185.35,0.04,118.7,0.01,0.01,2328.79215,1776253462000
1776253464.648,264.648,0.97,319.05,0.96,173.7,0.98,3.0,0.99,2519.47,0.02,37.47,0.01,2519.47,0.03,185.35,0.04,168.7,0.01,0.01,2328.7871,1776253463000
1776253464.949,264.949,0.97,324.36,0.96,223.7,0.99,2519.41,,,0.02,3.0,0.01,2519.47,0.03,319.05,0.04,173.7,0.02,0.01,2328.7871,1776253463000
1776253465.372,265.372,0.97,175.66,0.96,118.7,0.99,2514.41,,,0.01,2519.41,,,0.03,324.36,0.04,223.7,0.02,0.02,2328.7871,1776253464000
1776253466.306,266.306,0.98,5.0,0.97,175.66,0.99,2513.29,,,0.01,2514.41,,,0.03,175.66,0.04,118.7,0.01,0.02,2328.78715,1776253465000
1776253466.518,266.518,0.98,5.0,0.97,175.66,0.99,2508.29,,,0.01,2513.29,,,0.02,5.0,0.03,175.66,0.01,0.01,2328.78715,1776253465000
1776253467.624,267.624,0.98,180.26,0.97,144.01,0.99,2330.66,,,0.01,2494.47,,,0.02,5.0,0.03,175.66,0.01,0.01,2328.8343,1776253466000
1776253468.091,268.091,0.98,153.53,0.97,144.01,0.99,2284.6,,,0.01,2325.66,,,0.02,153.53,0.03,144.01,0.01,0.01,2328.8343,1776253466000
1776253468.546,268.546,0.98,153.53,0.97,144.01,0.99,2217.03,,,0.01,2283.48,,,0.02,153.53,0.03,144.01,0.01,0.01,2328.854326,1776253467000
1776253468.832,268.832,0.98,165.97,0.97,144.01,0.99,2202.17,,,0.01,2217.03,,,0.02,153.53,0.03,144.01,0.01,0.01,2328.854326,1776253467000
1776253469.441,269.441,0.98,165.97,0.97,144.01,0.99,2175.73,,,0.01,2202.17,,,0.02,165.97,0.03,144.01,0.01,0.01,2328.822864,1776253468000
1776253470.253,270.253,0.98,165.97,0.97,144.01,0.99,1993.71,,,0.01,2175.73,,,0.02,165.97,0.03,144.01,0.01,0.01,2328.822864,1776253468000
1776253471.054,271.054,0.98,143.37,0.97,144.01,0.99,1985.5,,,0.01,1993.71,,,0.02,165.97,0.03,144.01,0.01,0.01,2328.77215,1776253469000
1776253471.353,271.353,0.98,153.37,0.97,144.01,0.99,1969.46,,,0.01,1970.48,,,0.02,143.37,0.03,144.01,0.01,0.01,2328.892795,1776253470000
1776253471.646,271.646,0.97,79.59,0.96,168.7,0.99,1969.46,,,0.01,1969.46,,,0.02,153.37,0.03,144.01,0.02,0.01,2328.892795,1776253470000
1776253472.153,272.153,0.98,165.8,0.97,89.59,0.99,1940.15,,,0.01,1941.17,,,0.03,89.59,0.04,168.7,0.01,0.02,2328.892795,1776253470000
1776253472.682,272.682,0.98,165.8,0.97,89.59,0.99,1634.06,,,0.01,1940.15,,,0.02,165.8,0.03,89.59,0.01,0.01,2328.867976,1776253471000
1776253472.953,272.953,0.98,165.8,0.97,89.59,0.99,1622.06,,,0.01,1624.06,,,0.02,165.8,0.03,89.59,0.01,0.01,2328.867976,1776253471000
1776253473.187,273.187,0.98,193.47,0.97,89.59,0.99,1596.21,,,0.01,1595.21,,,0.02,165.8,0.03,89.59,0.01,0.01,2328.867976,1776253471000
1776253473.49,273.49,0.98,377.17,0.97,89.59,0.99,1574.92,,,0.01,1578.92,,,0.02,193.47,0.03,89.59,0.01,0.01,2328.77185,1776253472000
1776253474.507,274.507,0.98,377.17,0.97,89.59,0.99,1069.85,,,0.01,1446.64,,,0.02,377.17,0.03,89.59,0.01,0.01,2328.7719,1776253473000
1776253475.065,275.065,0.98,382.17,0.97,89.59,0.99,937.37,,,0.01,944.58,,,0.02,377.17,0.03,89.59,0.01,0.01,2328.7719,1776253473000
1776253475.607,275.607,0.98,174.19,0.97,10.0,0.99,837.37,,,0.01,937.37,,,0.02,382.17,0.03,89.59,0.01,0.01,2328.93724,1776253474000
1776253476.035,276.035,0.98,179.19,0.97,10.0,0.99,690.18,,,0.01,827.26,,,0.02,174.19,0.03,10.0,0.01,0.01,2328.93684,1776253475000
1776253476.449,276.449,0.98,194.19,0.97,10.0,0.99,665.0,,,0.01,687.18,,,0.02,179.19,0.03,10.0,0.01,0.01,2328.93684,1776253475000
1776253477.453,277.453,0.98,189.19,0.97,32.0,0.99,634.7,,,0.01,651.87,,,0.02,189.19,0.03,10.0,0.01,0.01,2328.8009,1776253476000
1776253477.778,277.778,0.98,194.19,0.97,32.0,0.99,618.64,,,0.01,620.64,,,0.02,194.19,0.03,32.0,0.01,0.01,2328.8009,1776253476000
1776253478.068,278.068,0.98,189.19,0.97,32.0,0.99,610.59,,,0.01,611.61,,,0.02,194.19,0.03,32.0,0.01,0.01,2328.8009,1776253476000
1776253478.68,278.68,0.98,199.19,0.97,37.0,0.99,255.19,,,0.01,430.19,,,0.02,189.19,0.03,32.0,0.01,0.01,2328.9217,1776253477000
1776253479.069,279.069,0.98,184.19,0.97,37.0,0.99,251.56,,,0.01,255.19,,,0.02,199.19,0.03,37.0,0.01,0.01,2328.940675,1776253478000
1776253480.092,280.092,0.98,189.19,0.97,37.0,0.99,255.54,,,0.01,251.56,,,0.02,184.19,0.03,37.0,0.01,0.01,2328.85595,1776253479000
1776253480.471,280.471,0.98,184.19,0.97,37.0,0.99,252.5,,,0.01,255.54,,,0.02,189.19,0.03,37.0,0.01,0.01,2328.85595,1776253479000
1776253481.084,281.084,0.98,189.19,0.97,37.0,0.99,166.39,,,0.01,208.45,,,0.02,184.19,0.03,37.0,0.01,0.01,2328.9219,1776253480000
1776253481.355,281.355,0.98,189.19,0.97,37.0,0.99,129.29,,,0.01,166.39,,,0.02,189.19,0.03,37.0,0.01,0.01,2328.9219,1776253480000
1776253481.847,281.847,0.98,199.19,0.97,37.0,0.99,109.27,,,0.01,110.29,,,0.02,194.19,0.03,37.0,0.01,0.01,2328.9219,1776253480000
1776253482.119,282.119,0.99,97.73,0.98,199.19,,,,,0.01,52.27,,,0.02,199.19,0.03,37.0,,0.01,2328.83085,1776253481000
1776253485.371,285.371,0.99,49.58,0.98,47.67,,,,,,,,,0.01,97.73,0.02,199.19,,,2329.050278,1776253484000
1776253497.094,297.094,0.99,6448.95,0.98,42.77,,,,,,,,,0.01,49.58,0.02,47.67,,,2329.598495,1776253495000
1776253500.534,300.534,0.99,64042.93,0.98,169.77,,,,,,,,,0.01,6448.95,0.02,42.77,,,2329.611875,1776253499000
1776253500.86,300.86,0.99,63890.43,0.98,169.77,,,,,,,,,0.01,63978.93,0.02,169.77,,,2329.611875,1776253499000

# RESULT,winner=Up,slug=eth-updown-5m-1776253200,ticks=286
