timestamp,elapsed_sec,up_bid_p1,up_bid_s1,up_bid_p2,up_bid_s2,up_ask_p1,up_ask_s1,up_ask_p2,up_ask_s2,down_bid_p1,down_bid_s1,down_bid_p2,down_bid_s2,down_ask_p1,down_ask_s1,down_ask_p2,down_ask_s2,up_spread,down_spread,eth_price,eth_oracle_ts
1776311100.618,0.618,0.47,8.51,0.4,38.0,0.5,5.0,0.6,38.0,0.5,5.0,0.4,38.0,0.53,8.51,0.6,38.0,0.03,0.03,2361.150608,1776311099000
1776311101.15,1.15,0.47,8.51,0.4,38.0,0.5,5.0,0.6,38.0,0.5,5.0,0.4,38.0,0.53,8.51,0.6,38.0,0.03,0.03,2361.15458,1776311100000
1776311102.804,2.804,0.49,10.0,0.48,14.0,0.51,10.0,0.52,22.0,0.5,5.0,0.4,38.0,0.53,8.51,0.6,38.0,0.02,0.03,2361.151124,1776311101000
1776311103.326,3.326,0.49,10.0,0.48,24.0,0.5,6.0,0.51,25.0,0.49,10.0,0.48,22.0,0.51,10.0,0.52,14.0,0.01,0.02,2361.149812,1776311102000
1776311103.619,3.619,0.49,6.94,0.48,24.0,0.5,16.0,0.51,25.0,0.5,6.0,0.49,25.0,0.51,10.0,0.52,24.0,0.01,0.01,2361.149812,1776311102000
1776311104.939,4.939,0.58,6.21,0.57,20.0,0.59,5.0,0.6,5.0,0.5,16.0,0.49,25.0,0.51,6.94,0.52,24.0,0.01,0.01,2361.150117,1776311103000
1776311105.264,5.264,0.58,4.39,0.57,15.0,0.59,5.0,0.6,37.0,0.41,5.0,0.4,5.0,0.42,6.21,0.43,20.0,0.01,0.01,2361.150117,1776311103000
1776311105.679,5.679,0.5,0.18,0.49,15.0,0.52,15.0,0.53,10.0,0.41,5.0,0.4,37.0,0.43,14.39,0.44,20.0,0.02,0.02,2361.143692,1776311104000
1776311105.906,5.906,0.51,15.0,0.5,10.0,0.52,5.0,0.53,10.0,0.47,10.0,0.46,10.0,0.5,10.0,0.51,15.0,0.01,0.03,2361.143692,1776311104000
1776311108.915,8.915,0.47,2.62,0.45,5.0,0.48,200.0,0.49,90.0,0.48,5.0,0.47,10.0,0.49,15.0,0.5,10.0,0.01,0.01,2361.210481,1776311107000
1776311109.282,9.282,0.44,5.0,0.42,5.0,0.48,200.0,0.49,90.0,0.52,200.0,0.51,90.0,0.53,2.62,0.55,5.0,0.04,0.01,2361.210481,1776311107000
1776311109.501,9.501,0.41,55.0,0.4,5.0,0.43,20.0,0.44,10.0,0.52,200.0,0.51,90.0,0.56,5.0,0.58,5.0,0.02,0.04,2361.210481,1776311107000
1776311110.391,10.391,0.38,2.58,0.35,5.0,0.42,20.0,0.43,15.0,0.57,20.0,0.56,10.0,0.59,55.0,0.6,5.0,0.04,0.02,2361.231566,1776311109000
1776311110.649,10.649,0.27,67.0,0.26,171.0,0.34,10.0,0.35,15.0,0.65,10.0,0.64,115.0,0.73,67.0,0.74,171.0,0.07,0.08,2361.231566,1776311109000
1776311110.887,10.887,0.27,67.0,0.26,141.0,0.28,10.0,0.29,10.0,0.66,10.0,0.65,15.0,0.73,67.0,0.74,171.0,0.01,0.07,2361.231566,1776311109000
1776311111.337,11.337,0.29,10.0,0.28,10.0,0.32,5.0,0.33,10.0,0.72,5.0,0.71,10.0,0.73,67.0,0.74,321.0,0.03,0.01,2360.835528,1776311110000
1776311111.558,11.558,0.33,3.5,0.29,10.0,0.34,10.0,0.35,85.0,0.66,10.0,0.65,85.0,0.67,15.0,0.71,10.0,0.01,0.01,2360.835528,1776311110000
1776311111.839,11.839,0.26,251.0,0.25,80.0,0.27,5.0,0.28,10.0,0.71,13.43,0.7,20.5,0.73,11.0,0.74,251.0,0.01,0.02,2360.835528,1776311110000
1776311112.162,12.162,0.26,257.96,0.25,91.0,0.28,10.0,0.29,18.43,0.73,5.0,0.72,10.0,0.74,252.96,0.75,85.0,0.02,0.01,2360.631104,1776311111000
1776311112.528,12.528,0.26,14.96,0.23,5.0,0.27,10.0,0.28,12.82,0.72,2.32,0.71,83.43,0.74,67.96,0.75,11.0,0.01,0.02,2360.631104,1776311111000
1776311113.405,13.405,0.23,8.57,0.22,80.0,0.25,15.0,0.26,10.0,0.73,9.31,0.72,12.82,0.77,5.0,0.78,80.0,0.02,0.04,2360.197287,1776311112000
1776311114.305,14.305,0.22,70.0,0.21,166.0,0.23,7.39,0.24,10.0,0.75,15.0,0.74,10.0,0.77,8.57,0.78,80.0,0.01,0.02,2359.996095,1776311113000
1776311114.978,14.978,0.22,67.0,0.21,116.0,0.23,10.0,0.24,15.0,0.77,2.39,0.76,15.0,0.78,70.0,0.79,156.0,0.01,0.01,2359.996095,1776311113000
1776311115.196,15.196,0.22,81.0,0.21,106.0,0.23,5.65,0.24,15.0,0.77,10.0,0.76,15.0,0.78,67.0,0.79,116.0,0.01,0.01,2359.996095,1776311113000
1776311115.625,15.625,0.22,14.0,0.21,106.0,0.23,5.65,0.24,15.0,0.77,5.65,0.76,15.0,0.78,81.0,0.79,106.0,0.01,0.01,2359.70625,1776311114000
1776311116.392,16.392,0.22,31.0,0.21,121.0,0.23,5.0,0.24,31.5,0.77,5.65,0.76,15.0,0.78,14.0,0.79,106.0,0.01,0.01,2359.622128,1776311115000
1776311117.486,17.486,0.22,61.0,0.21,336.5,0.24,31.5,0.25,31.5,0.77,5.0,0.76,31.5,0.78,31.0,0.79,121.0,0.02,0.01,2359.558492,1776311116000
1776311118.39,18.39,0.23,24.0,0.22,22.0,0.24,15.66,0.25,31.5,0.76,31.5,0.75,31.5,0.78,61.0,0.79,336.5,0.01,0.02,2359.59967,1776311117000
1776311119.934,19.934,0.3,42.16,0.29,25.5,0.31,9.0,0.33,15.5,0.76,15.66,0.75,31.5,0.77,24.0,0.78,22.0,0.01,0.01,2359.597211,1776311118000
1776311120.171,20.171,0.33,10.0,0.32,10.0,0.34,10.4,0.35,54.0,0.67,6.43,0.65,54.0,0.68,10.0,0.69,19.0,0.01,0.01,2359.604583,1776311119000
1776311121.127,21.127,0.34,72.0,0.33,32.5,0.37,10.5,0.38,10.0,0.66,10.4,0.65,54.0,0.67,10.0,0.68,10.0,0.03,0.01,2359.588867,1776311120000
1776311121.6,21.6,0.41,10.0,0.4,10.0,0.42,66.84,0.43,10.0,0.63,10.5,0.62,10.0,0.65,5.0,0.66,57.0,0.01,0.02,2359.588867,1776311120000
1776311121.827,21.827,0.38,10.0,0.37,10.0,0.39,4.87,0.4,10.0,0.58,71.84,0.57,10.0,0.59,10.0,0.6,10.0,0.01,0.01,2359.588867,1776311120000
1776311122.867,22.867,0.41,10.0,0.4,10.0,0.44,70.0,0.45,75.0,0.61,4.87,0.6,10.0,0.62,10.0,0.63,10.0,0.03,0.01,2359.992045,1776311121000
1776311123.174,23.174,0.43,6.84,0.42,10.0,0.44,70.0,0.45,75.0,0.56,70.0,0.55,75.0,0.59,10.0,0.6,10.0,0.01,0.03,2359.992045,1776311121000
1776311123.538,23.538,0.43,15.62,0.42,17.0,0.44,46.0,0.45,80.0,0.56,70.0,0.55,75.0,0.57,8.62,0.58,10.0,0.01,0.01,2360.304693,1776311122000
1776311123.795,23.795,0.43,11.62,0.42,17.0,0.44,115.03,0.45,80.0,0.56,46.0,0.55,80.0,0.57,15.62,0.58,17.0,0.01,0.01,2360.304693,1776311122000
1776311124.091,24.091,0.43,1.53,0.42,17.0,0.44,120.03,0.45,90.0,0.56,115.03,0.55,80.0,0.57,11.62,0.58,17.0,0.01,0.01,2360.402421,1776311123000
1776311124.584,24.584,0.42,21.36,0.41,39.7,0.44,122.03,0.45,80.0,0.56,120.03,0.55,90.0,0.57,1.53,0.58,17.0,0.02,0.01,2360.402421,1776311123000
1776311125.767,25.767,0.41,12.2,0.36,55.0,0.43,323.59,0.44,42.5,0.56,122.03,0.55,80.0,0.58,21.36,0.59,39.7,0.02,0.02,2360.5138,1776311124000
1776311126.291,26.291,0.36,67.5,0.35,10.5,0.37,22.0,0.38,90.0,0.58,5.0,0.57,323.59,0.64,55.0,0.67,11.0,0.01,0.06,2360.541155,1776311125000
1776311126.945,26.945,0.36,66.0,0.35,24.5,0.37,27.0,0.38,90.0,0.63,22.0,0.62,90.0,0.64,67.5,0.65,10.5,0.01,0.01,2360.541155,1776311125000
1776311127.836,27.836,0.36,62.5,0.35,10.5,0.37,8.48,0.38,95.0,0.63,27.0,0.62,90.0,0.64,66.0,0.65,24.5,0.01,0.01,2360.544657,1776311126000
1776311129.014,29.014,0.34,15.5,0.32,15.0,0.35,21.85,0.36,25.62,0.63,8.48,0.62,95.0,0.64,62.5,0.65,10.5,0.01,0.01,2360.34519,1776311128000
1776311129.422,29.422,0.31,67.94,0.3,235.5,0.32,20.0,0.33,15.0,0.65,21.85,0.64,25.62,0.66,15.5,0.68,15.0,0.01,0.01,2360.34519,1776311128000
1776311131.112,31.112,0.31,73.94,0.3,215.5,0.32,9.84,0.33,25.0,0.68,20.0,0.67,15.0,0.69,67.94,0.7,235.5,0.01,0.01,2360.318492,1776311129000
1776311133.196,33.196,0.31,79.94,0.3,30.5,0.32,34.68,0.33,35.0,0.68,9.84,0.67,25.0,0.69,73.94,0.7,215.5,0.01,0.01,2360.227222,1776311131000
1776311134.694,34.694,0.31,77.95,0.3,30.5,0.32,26.55,0.33,35.0,0.68,31.55,0.67,35.0,0.69,74.94,0.7,30.5,0.01,0.01,2360.1742,1776311133000
1776311135.617,35.617,0.31,77.95,0.3,220.5,0.32,1.39,0.33,40.0,0.68,26.55,0.67,35.0,0.69,77.95,0.7,30.5,0.01,0.01,2360.142315,1776311134000
1776311136.312,36.312,0.32,16.5,0.31,119.95,0.33,20.0,0.36,5.62,0.68,1.39,0.67,40.0,0.69,77.95,0.7,220.5,0.01,0.01,2360.142315,1776311134000
1776311136.514,36.514,0.35,25.5,0.34,26.5,0.36,0.62,0.37,5.0,0.64,5.62,0.63,5.0,0.68,440.5,0.69,98.95,0.01,0.04,2360.142315,1776311134000
1776311136.767,36.767,0.44,25.5,0.43,101.5,0.45,1.4,0.47,5.0,0.57,7.84,0.56,10.0,0.65,25.5,0.66,26.5,0.01,0.08,2360.142315,1776311134000
1776311137.099,37.099,0.44,78.5,0.43,106.5,0.47,5.0,0.48,5.0,0.55,1.4,0.53,5.0,0.56,25.5,0.57,101.5,0.03,0.01,2360.192527,1776311135000
1776311137.313,37.313,0.46,6.83,0.45,10.0,0.47,34.39,0.48,5.0,0.53,5.0,0.52,5.0,0.54,6.83,0.55,10.0,0.01,0.01,2360.192527,1776311135000
1776311137.536,37.536,0.46,15.6,0.45,10.0,0.47,34.39,0.48,5.0,0.53,34.39,0.52,5.0,0.54,6.83,0.55,10.0,0.01,0.01,2360.196008,1776311136000
1776311138.518,38.518,0.47,19.5,0.46,12.83,0.48,10.0,0.49,16.0,0.53,34.39,0.52,5.0,0.54,15.6,0.55,10.0,0.01,0.01,2360.336501,1776311137000
1776311138.762,38.762,0.47,52.0,0.46,31.33,0.49,11.0,0.5,18.7,0.52,10.0,0.51,16.0,0.53,19.5,0.54,12.83,0.02,0.01,2360.336501,1776311137000
1776311139.586,39.586,0.49,26.4,0.48,26.5,0.5,31.65,0.51,84.18,0.5,17.65,0.49,29.0,0.52,26.5,0.53,45.0,0.01,0.02,2360.761417,1776311138000
1776311140.18,40.18,0.49,48.3,0.48,26.5,0.5,7.65,0.51,60.18,0.5,31.65,0.49,94.18,0.51,15.9,0.52,26.5,0.01,0.01,2360.88089,1776311139000
1776311140.402,40.402,0.5,25.5,0.49,231.3,0.52,27.09,0.53,5.0,0.49,10.18,0.48,70.0,0.5,10.0,0.51,243.3,0.02,0.01,2360.88089,1776311139000
1776311141.119,41.119,0.51,73.5,0.5,226.5,0.52,21.8,0.53,5.0,0.48,27.09,0.47,5.0,0.5,25.5,0.51,231.3,0.01,0.02,2360.969287,1776311140000
1776311141.322,41.322,0.51,78.5,0.5,233.7,0.52,12.62,0.53,74.22,0.48,21.8,0.47,5.0,0.49,73.5,0.5,226.5,0.01,0.01,2360.969287,1776311140000
1776311143.078,43.078,0.51,78.5,0.5,233.7,0.52,4.9,0.53,74.22,0.48,12.62,0.47,74.22,0.49,78.5,0.5,233.7,0.01,0.01,2361.144054,1776311142000
1776311145.122,45.122,0.51,353.5,0.5,299.9,0.53,19.0,0.57,5.0,0.48,4.9,0.47,74.22,0.49,78.5,0.5,233.7,0.02,0.01,2361.178197,1776311144000
1776311145.654,45.654,0.59,28.0,0.58,46.5,0.63,77.0,0.64,70.0,0.43,5.0,0.42,26.0,0.49,348.5,0.5,299.9,0.04,0.06,2361.178197,1776311144000
1776311145.986,45.986,0.62,20.0,0.61,195.0,0.64,93.0,0.65,70.0,0.37,69.93,0.36,88.0,0.41,29.0,0.42,59.5,0.02,0.04,2361.257249,1776311145000
1776311146.497,46.497,0.63,5.0,0.62,22.97,0.64,113.0,0.65,89.0,0.36,101.0,0.35,70.0,0.38,17.47,0.39,195.0,0.01,0.02,2361.257249,1776311145000
1776311146.832,46.832,0.63,11.5,0.62,22.97,0.64,113.0,0.65,89.0,0.36,113.0,0.35,89.0,0.37,5.0,0.38,22.97,0.01,0.01,2361.257249,1776311145000
1776311147.04,47.04,0.63,21.5,0.62,22.97,0.64,98.46,0.65,84.0,0.36,100.18,0.35,89.0,0.37,16.5,0.38,22.97,0.01,0.01,2361.296205,1776311146000
1776311147.394,47.394,0.63,10.33,0.62,22.97,0.64,178.36,0.65,89.0,0.36,98.46,0.35,84.0,0.37,21.5,0.38,22.97,0.01,0.01,2361.296205,1776311146000
1776311148.415,48.415,0.63,230.0,0.62,28.47,0.64,49.9,0.65,22.0,0.36,183.36,0.35,89.0,0.37,5.33,0.38,22.97,0.01,0.01,2361.735478,1776311147000
1776311148.631,48.631,0.63,251.86,0.62,38.47,0.65,14.0,0.66,95.0,0.36,49.9,0.35,14.0,0.37,226.86,0.38,28.47,0.02,0.01,2361.735478,1776311147000
1776311149.685,49.685,0.64,258.5,0.63,60.0,0.65,226.91,0.66,136.0,0.35,9.0,0.34,100.0,0.36,50.5,0.37,234.86,0.01,0.01,2361.778022,1776311148000
1776311150.686,50.686,0.65,245.5,0.64,78.5,0.66,32.4,0.67,107.32,0.34,141.0,0.33,151.0,0.36,258.5,0.37,60.0,0.01,0.02,2361.79305,1776311149000
1776311151.519,51.519,0.65,240.5,0.64,78.5,0.66,32.4,0.67,107.32,0.34,32.4,0.33,107.32,0.35,245.5,0.36,78.5,0.01,0.01,2361.804689,1776311150000
1776311151.77,51.77,0.65,237.64,0.64,68.5,0.66,28.4,0.67,116.32,0.34,32.4,0.33,107.32,0.35,240.5,0.36,78.5,0.01,0.01,2361.804689,1776311150000
1776311153.505,53.505,0.65,217.35,0.64,69.12,0.66,37.4,0.67,107.32,0.34,28.4,0.33,116.32,0.35,226.98,0.36,68.5,0.01,0.01,2361.94026,1776311152000
1776311154.764,54.764,0.65,219.35,0.64,69.74,0.66,21.4,0.67,116.32,0.34,37.4,0.33,107.32,0.35,217.35,0.36,69.12,0.01,0.01,2361.996658,1776311153000
1776311155.513,55.513,0.65,204.17,0.64,69.74,0.66,21.4,0.67,45.5,0.34,21.4,0.33,116.32,0.35,219.35,0.36,69.74,0.01,0.01,2362.005843,1776311154000
1776311156.608,56.608,0.65,209.17,0.64,75.36,0.67,11.0,0.68,89.0,0.34,21.4,0.33,45.5,0.35,204.17,0.36,69.74,0.02,0.01,2361.998268,1776311155000
1776311157.057,57.057,0.66,45.44,0.65,202.17,0.67,11.0,0.68,75.0,0.33,11.0,0.32,89.0,0.35,209.17,0.36,75.36,0.01,0.02,2361.998268,1776311155000
1776311157.942,57.942,0.66,45.44,0.65,202.17,0.67,3.68,0.68,82.0,0.33,11.0,0.32,75.0,0.34,45.44,0.35,202.17,0.01,0.01,2361.900971,1776311156000
1776311159.539,59.539,0.66,37.94,0.65,217.57,0.67,8.68,0.68,94.0,0.33,3.68,0.32,82.0,0.34,45.44,0.35,202.17,0.01,0.01,2361.941972,1776311158000
1776311163.571,63.571,0.66,204.15,0.65,41.7,0.67,15.07,0.68,99.5,0.33,8.68,0.32,94.0,0.34,37.94,0.35,217.57,0.01,0.01,2361.931055,1776311162000
1776311163.801,63.801,0.66,204.15,0.65,46.7,0.67,5.14,0.68,104.5,0.33,15.07,0.32,99.5,0.34,204.15,0.35,41.7,0.01,0.01,2361.931055,1776311162000
1776311166.198,66.198,0.66,232.1,0.65,52.1,0.67,46.49,0.68,284.5,0.33,5.14,0.32,104.5,0.34,204.15,0.35,46.7,0.01,0.01,2361.929859,1776311164000
1776311167.359,67.359,0.66,223.1,0.65,57.5,0.67,46.49,0.68,284.5,0.33,46.49,0.32,284.5,0.34,232.1,0.35,52.1,0.01,0.01,2361.929879,1776311165000
1776311168.195,68.195,0.66,162.1,0.65,32.0,0.67,389.5,0.68,69.5,0.33,46.49,0.32,284.5,0.34,223.1,0.35,57.5,0.01,0.01,2361.956743,1776311166000
1776311168.906,68.906,0.54,2.89,0.53,5.0,0.55,31.0,0.56,36.5,0.43,15.0,0.42,10.0,0.45,9.69,0.46,20.5,0.01,0.02,2361.956743,1776311167000
1776311169.421,69.421,0.52,221.5,0.51,92.0,0.53,4.88,0.54,6.0,0.45,31.0,0.44,36.5,0.46,2.89,0.47,5.0,0.01,0.01,2361.91778,1776311168000
1776311169.735,69.735,0.53,35.5,0.52,296.5,0.54,0.49,0.55,21.0,0.46,5.49,0.45,21.0,0.48,231.5,0.49,92.0,0.01,0.02,2361.91778,1776311168000
1776311170.551,70.551,0.52,105.5,0.51,99.0,0.54,15.49,0.55,26.0,0.46,0.49,0.45,21.0,0.47,35.5,0.48,296.5,0.02,0.01,2361.800621,1776311169000
1776311171.663,71.663,0.53,5.07,0.52,159.23,0.54,0.49,0.55,26.0,0.46,15.49,0.45,26.0,0.48,105.5,0.49,99.0,0.01,0.02,2361.58374,1776311170000
1776311172.75,72.75,0.53,57.32,0.52,282.25,0.54,10.49,0.55,26.0,0.46,0.49,0.45,26.0,0.47,5.07,0.48,159.23,0.01,0.01,2361.453324,1776311171000
1776311173.087,73.087,0.53,26.04,0.52,86.75,0.54,25.99,0.55,36.5,0.46,10.49,0.45,26.0,0.47,57.32,0.48,282.25,0.01,0.01,2361.448964,1776311172000
1776311173.312,73.312,0.52,70.2,0.51,7.0,0.53,1.0,0.54,61.99,0.46,25.99,0.45,36.5,0.47,26.04,0.48,86.75,0.01,0.01,2361.448964,1776311172000
1776311174.094,74.094,0.52,68.79,0.51,22.0,0.53,239.0,0.54,35.99,0.47,11.0,0.46,51.99,0.48,70.2,0.49,12.0,0.01,0.01,2361.448964,1776311172000
1776311175.192,75.192,0.51,25.13,0.5,39.9,0.52,59.0,0.53,229.0,0.47,239.0,0.46,25.49,0.49,39.5,0.5,44.9,0.01,0.02,2361.396609,1776311173000
1776311175.812,75.812,0.51,0.13,0.5,29.4,0.52,46.5,0.53,201.0,0.48,59.0,0.47,229.0,0.49,25.13,0.5,39.9,0.01,0.01,2361.313802,1776311174000
1776311177.94,77.94,0.51,0.13,0.5,21.6,0.52,39.24,0.53,211.5,0.48,46.5,0.47,201.0,0.49,0.13,0.5,29.4,0.01,0.01,2361.292316,1776311176000
1776311178.336,78.336,0.5,21.6,0.47,9.5,0.52,262.24,0.53,36.5,0.48,39.24,0.47,211.5,0.49,0.13,0.5,21.6,0.02,0.01,2361.292316,1776311176000
1776311178.538,78.538,0.48,5.0,0.47,9.5,0.51,55.5,0.52,214.24,0.49,60.5,0.48,214.24,0.5,0.8,0.52,5.0,0.03,0.01,2361.284988,1776311177000
1776311179.064,79.064,0.47,1.4,0.46,10.0,0.48,3.3,0.49,25.5,0.52,20.0,0.51,25.5,0.53,1.4,0.54,10.0,0.01,0.01,2361.284988,1776311177000
1776311179.454,79.454,0.46,21.14,0.45,51.17,0.47,8.34,0.48,3.3,0.52,3.3,0.51,25.5,0.53,1.4,0.54,10.0,0.01,0.01,2361.318616,1776311178000
1776311180.357,80.357,0.46,55.99,0.45,51.17,0.47,7.31,0.48,3.3,0.53,8.34,0.52,3.3,0.54,21.14,0.55,51.17,0.01,0.01,2361.318616,1776311178000
1776311183.064,83.064,0.46,5.0,0.45,17.67,0.47,49.11,0.48,32.25,0.53,7.31,0.52,3.3,0.54,55.99,0.55,51.17,0.01,0.01,2361.145535,1776311182000
1776311188.887,88.887,0.43,108.26,0.42,39.5,0.46,45.5,0.47,211.5,0.53,49.11,0.52,32.25,0.54,5.0,0.55,17.67,0.03,0.01,2361.051212,1776311187000
1776311191.066,91.066,0.45,184.49,0.44,279.5,0.47,6.0,0.48,13.5,0.54,45.5,0.53,211.5,0.57,108.26,0.58,39.5,0.02,0.03,2360.997865,1776311189000
1776311193.802,93.802,0.6,10.0,0.59,16.0,0.61,7.7,0.62,5.0,0.48,5.0,0.47,10.0,0.5,47.5,0.54,25.5,0.01,0.02,2361.165361,1776311192000
1776311194.109,94.109,0.61,16.0,0.6,196.3,0.62,9.75,0.63,15.5,0.39,4.9,0.38,33.5,0.4,16.3,0.41,31.5,0.01,0.01,2361.165361,1776311192000
1776311194.469,94.469,0.51,5.0,0.5,54.7,0.62,196.75,0.63,134.5,0.38,59.75,0.37,95.5,0.39,6.0,0.4,6.3,0.11,0.01,2361.19708,1776311193000
1776311194.88,94.88,0.51,1.98,0.5,54.7,0.52,9.03,0.53,15.0,0.48,10.0,0.47,10.0,0.49,1.98,0.5,54.7,0.01,0.01,2361.19708,1776311193000
1776311195.315,95.315,0.5,0.64,0.49,7.0,0.52,199.03,0.53,19.0,0.48,9.03,0.47,15.0,0.49,1.98,0.5,54.7,0.02,0.01,2361.19708,1776311193000
1776311195.532,95.532,0.55,4.44,0.54,10.0,0.56,145.0,0.57,154.0,0.48,5.0,0.46,40.0,0.49,185.42,0.5,10.0,0.01,0.01,2361.19708,1776311193000
1776311195.948,95.948,0.55,7.21,0.54,123.99,0.56,5.0,0.59,9.0,0.44,145.0,0.43,154.0,0.45,4.44,0.46,10.0,0.01,0.01,2361.314519,1776311194000
1776311196.281,96.281,0.57,21.0,0.56,16.0,0.58,10.78,0.59,9.0,0.42,5.0,0.41,9.0,0.45,2.85,0.46,130.49,0.01,0.03,2361.314519,1776311194000
1776311197.249,97.249,0.54,3.48,0.49,7.0,0.55,290.5,0.56,20.0,0.42,10.78,0.41,9.0,0.43,21.0,0.44,16.0,0.01,0.01,2361.32774,1776311196000
1776311197.489,97.489,0.48,5.0,0.47,10.5,0.5,55.5,0.51,10.0,0.45,328.5,0.44,96.0,0.51,7.0,0.54,6.0,0.02,0.06,2361.32774,1776311196000
1776311198.305,98.305,0.45,79.0,0.44,260.5,0.46,15.0,0.47,38.0,0.5,55.5,0.49,10.0,0.52,5.0,0.53,10.5,0.01,0.02,2361.297421,1776311197000
1776311198.737,98.737,0.45,279.5,0.44,90.5,0.47,10.0,0.48,21.75,0.54,15.0,0.53,38.0,0.55,79.0,0.56,260.5,0.02,0.01,2361.297421,1776311197000
1776311199.242,99.242,0.47,218.5,0.46,75.5,0.5,0.48,0.51,25.5,0.53,10.0,0.52,21.75,0.55,279.5,0.56,90.5,0.03,0.02,2361.413487,1776311198000
1776311199.989,99.989,0.49,140.42,0.48,102.5,0.52,5.0,0.54,15.5,0.49,25.5,0.48,10.0,0.53,223.5,0.54,75.5,0.03,0.04,2361.413487,1776311198000
1776311200.249,100.249,0.53,11.0,0.51,30.0,0.54,20.5,0.55,10.0,0.48,5.0,0.46,15.5,0.51,140.42,0.52,102.5,0.01,0.03,2361.149852,1776311199000
1776311201.535,101.535,0.53,6.91,0.52,15.0,0.54,25.0,0.55,10.0,0.46,20.5,0.45,10.0,0.47,11.0,0.49,30.0,0.01,0.01,2361.098035,1776311200000
1776311201.874,101.874,0.53,16.91,0.52,15.0,0.54,21.76,0.55,10.0,0.46,25.0,0.45,10.0,0.47,6.91,0.48,15.0,0.01,0.01,2361.098035,1776311200000
1776311202.295,102.295,0.49,32.76,0.48,97.0,0.54,22.0,0.55,10.0,0.46,21.76,0.45,10.0,0.47,16.91,0.48,15.0,0.05,0.01,2361.123178,1776311201000
1776311205.158,105.158,0.52,11.0,0.51,7.0,0.54,15.0,0.55,10.0,0.47,17.0,0.46,20.0,0.53,30.8,0.54,73.0,0.02,0.06,2361.261181,1776311203000
1776311206.922,106.922,0.5,10.48,0.49,10.14,0.53,15.0,0.54,15.0,0.46,15.0,0.45,10.0,0.48,11.0,0.49,7.0,0.03,0.02,2361.279306,1776311205000
1776311207.473,107.473,0.47,64.73,0.46,50.0,0.48,21.0,0.49,26.5,0.47,15.0,0.46,15.0,0.5,10.48,0.51,10.14,0.01,0.03,2361.266982,1776311206000
1776311208.44,108.44,0.43,7.0,0.41,120.0,0.46,62.0,0.47,31.5,0.52,21.0,0.51,36.5,0.53,54.73,0.54,55.0,0.03,0.01,2361.233631,1776311207000
1776311208.744,108.744,0.41,159.0,0.4,194.0,0.42,11.0,0.43,16.0,0.56,10.0,0.55,10.0,0.59,120.0,0.6,9.0,0.01,0.03,2361.233631,1776311207000
1776311209.039,109.039,0.41,155.98,0.4,194.0,0.43,22.0,0.44,21.0,0.58,11.0,0.57,16.0,0.59,155.98,0.6,194.0,0.02,0.01,2361.233631,1776311207000
1776311209.574,109.574,0.42,10.4,0.41,121.98,0.43,22.0,0.44,21.0,0.57,22.0,0.56,21.0,0.59,155.98,0.6,194.0,0.01,0.02,2361.233631,1776311207000
1776311214.485,114.485,0.42,7.0,0.41,116.98,0.43,77.97,0.44,224.24,0.57,22.0,0.56,21.0,0.58,10.4,0.59,121.98,0.01,0.01,2361.039071,1776311213000
1776311214.968,114.968,0.42,12.0,0.41,121.98,0.43,13.94,0.44,213.74,0.57,77.97,0.56,224.24,0.58,7.0,0.59,116.98,0.01,0.01,2361.039071,1776311213000
1776311215.201,115.201,0.41,129.91,0.4,14.0,0.42,7.87,0.43,16.94,0.57,23.94,0.56,213.74,0.59,121.91,0.6,14.0,0.01,0.02,2361.036526,1776311214000
1776311217.379,117.379,0.41,118.71,0.4,11.0,0.42,18.37,0.43,22.94,0.58,7.87,0.57,16.94,0.59,129.91,0.6,14.0,0.01,0.01,2360.989462,1776311216000
1776311218.226,118.226,0.4,11.0,0.39,11.0,0.42,29.37,0.43,22.94,0.58,18.37,0.57,22.94,0.6,11.0,0.61,11.0,0.02,0.02,2360.989462,1776311217000
1776311220.964,120.964,0.4,6.0,0.39,62.0,0.41,10.0,0.42,35.37,0.58,29.37,0.57,22.94,0.6,11.0,0.61,11.0,0.01,0.02,2360.932102,1776311219000
1776311221.372,121.372,0.39,11.96,0.38,70.0,0.4,30.5,0.41,36.5,0.59,10.0,0.58,35.37,0.6,6.0,0.61,62.0,0.01,0.01,2360.932102,1776311219000
1776311221.817,121.817,0.39,11.96,0.38,75.0,0.4,48.5,0.41,26.5,0.6,30.5,0.59,36.5,0.61,11.96,0.62,70.0,0.01,0.01,2360.93569,1776311220000
1776311222.67,122.67,0.39,0.56,0.38,75.0,0.4,56.5,0.41,37.5,0.6,48.5,0.59,26.5,0.61,11.96,0.62,75.0,0.01,0.01,2360.937537,1776311221000
1776311224.255,124.255,0.38,267.0,0.37,89.0,0.4,32.0,0.41,37.5,0.6,56.5,0.59,37.5,0.61,0.56,0.62,75.0,0.02,0.01,2360.936237,1776311222000
1776311224.886,124.886,0.39,230.0,0.38,92.0,0.4,6.0,0.41,6.0,0.6,32.0,0.59,37.5,0.62,267.0,0.63,89.0,0.01,0.02,2360.764654,1776311223000
1776311225.63,125.63,0.41,30.0,0.4,190.0,0.42,0.87,0.43,22.94,0.58,9.87,0.57,22.94,0.59,10.0,0.6,20.0,0.01,0.01,2360.765815,1776311224000
1776311227.736,127.736,0.37,51.34,0.36,209.6,0.39,10.0,0.4,10.0,0.56,38.24,0.55,31.5,0.59,30.0,0.6,190.0,0.02,0.03,2360.887334,1776311226000
1776311228.032,128.032,0.37,42.14,0.36,14.0,0.38,25.0,0.39,25.5,0.61,10.0,0.6,10.0,0.63,51.34,0.64,209.6,0.01,0.02,2360.887334,1776311226000
1776311229.378,129.378,0.38,20.0,0.37,232.14,0.41,10.0,0.42,15.0,0.62,25.0,0.61,25.5,0.63,42.14,0.64,14.0,0.03,0.01,2360.871787,1776311228000
1776311231.611,131.611,0.37,42.14,0.36,14.0,0.39,15.0,0.4,20.5,0.6,5.0,0.59,15.0,0.61,30.0,0.62,200.0,0.02,0.01,2360.815739,1776311230000
1776311234.746,134.746,0.37,29.14,0.36,14.0,0.38,26.0,0.39,25.5,0.61,15.0,0.6,20.5,0.63,42.14,0.64,14.0,0.01,0.02,2360.850901,1776311233000
1776311235.118,135.118,0.32,33.7,0.31,105.0,0.34,72.0,0.35,30.5,0.62,41.5,0.61,30.5,0.63,19.14,0.64,14.0,0.02,0.01,2360.811186,1776311234000
1776311236.222,136.222,0.33,35.0,0.32,208.0,0.35,15.4,0.36,10.0,0.66,72.0,0.65,30.5,0.68,33.7,0.69,105.0,0.02,0.02,2360.811186,1776311235000
1776311237.728,137.728,0.34,10.0,0.33,205.0,0.35,5.4,0.36,15.0,0.65,15.4,0.64,10.0,0.67,35.0,0.68,208.0,0.01,0.02,2360.693963,1776311236000
1776311238.763,138.763,0.38,11.93,0.37,20.0,0.39,10.0,0.4,5.0,0.65,5.4,0.64,15.0,0.66,10.0,0.67,205.0,0.01,0.01,2360.620175,1776311237000
1776311239.064,139.064,0.38,21.93,0.37,200.0,0.4,15.0,0.41,21.0,0.61,6.85,0.6,5.0,0.62,11.93,0.63,200.0,0.02,0.01,2360.620175,1776311237000
1776311240.144,140.144,0.39,240.0,0.38,96.93,0.41,11.0,0.42,15.0,0.6,10.0,0.59,21.0,0.61,20.0,0.62,91.93,0.02,0.01,2360.59789,1776311238000
1776311240.886,140.886,0.4,327.0,0.39,50.0,0.43,6.0,0.44,12.74,0.59,11.0,0.58,15.0,0.61,240.0,0.62,96.93,0.03,0.02,2360.686395,1776311239000
1776311245.134,145.134,0.47,235.0,0.46,127.26,0.5,0.3,0.51,5.0,0.52,5.0,0.5,13.0,0.54,64.26,0.57,10.0,0.03,0.02,2361.126991,1776311243000
1776311245.618,145.618,0.49,5.0,0.48,10.0,0.51,42.5,0.52,15.0,0.49,5.0,0.48,15.0,0.53,230.0,0.54,127.26,0.02,0.04,2361.128061,1776311244000
1776311246.055,146.055,0.48,5.0,0.47,40.0,0.49,25.5,0.5,30.5,0.5,10.0,0.49,42.5,0.52,10.0,0.53,40.0,0.01,0.02,2361.128061,1776311244000
1776311246.418,146.418,0.46,63.26,0.38,5.0,0.47,65.64,0.48,33.5,0.51,25.5,0.5,30.5,0.52,5.0,0.53,40.0,0.01,0.01,2361.182809,1776311245000
1776311248.913,148.913,0.4,15.0,0.39,15.0,0.42,6.5,0.43,15.0,0.61,20.0,0.6,27.0,0.65,2.51,0.66,16.0,0.02,0.04,2360.9995,1776311247000
1776311249.811,149.811,0.5,20.0,0.49,235.0,0.51,30.02,0.52,10.5,0.58,6.5,0.57,15.0,0.6,15.0,0.61,15.0,0.01,0.02,2360.780391,1776311248000
1776311250.321,150.321,0.53,10.91,0.52,15.0,0.54,22.25,0.55,27.0,0.46,6.75,0.45,27.0,0.5,15.0,0.51,230.0,0.01,0.04,2360.713146,1776311249000
1776311251.289,151.289,0.51,5.0,0.49,5.0,0.54,219.25,0.55,35.0,0.46,22.25,0.45,27.0,0.47,10.91,0.48,15.0,0.03,0.01,2360.899246,1776311250000
1776311251.62,151.62,0.46,27.0,0.45,11.19,0.5,37.5,0.51,67.0,0.49,45.0,0.47,20.5,0.51,5.0,0.55,41.99,0.04,0.02,2360.899246,1776311250000
1776311256.5,156.5,0.36,20.6,0.35,64.3,0.38,27.0,0.39,27.5,0.53,25.5,0.52,20.5,0.54,8.48,0.55,11.19,0.02,0.01,2361.0944,1776311254000
1776311256.819,156.819,0.35,63.74,0.34,40.0,0.36,62.5,0.37,52.5,0.62,27.0,0.61,27.5,0.64,20.6,0.65,64.3,0.01,0.02,2360.997192,1776311255000
1776311257.402,157.402,0.35,73.74,0.34,220.0,0.36,12.86,0.37,28.0,0.64,52.0,0.63,52.5,0.65,63.74,0.66,40.0,0.01,0.01,2360.946267,1776311256000
1776311258.159,158.159,0.38,36.19,0.37,29.0,0.41,20.5,0.42,10.0,0.64,12.86,0.63,28.0,0.65,73.74,0.66,220.0,0.03,0.01,2360.946267,1776311256000
1776311260.309,160.309,0.35,48.74,0.34,8.0,0.36,81.72,0.37,37.5,0.59,20.5,0.58,10.0,0.62,36.19,0.63,29.0,0.01,0.03,2360.819779,1776311259000
1776311262.416,162.416,0.38,40.34,0.37,221.19,0.39,2.17,0.4,25.5,0.64,81.72,0.63,37.5,0.65,48.74,0.66,8.0,0.01,0.01,2360.820041,1776311261000
1776311264.739,164.739,0.48,15.0,0.47,27.28,0.52,12.14,0.53,15.0,0.61,2.17,0.6,25.5,0.62,40.34,0.63,221.19,0.04,0.01,2360.840901,1776311263000
1776311265.127,165.127,0.51,21.57,0.5,15.0,0.54,5.0,0.55,15.0,0.48,22.64,0.47,15.0,0.49,6.57,0.5,10.0,0.03,0.01,2360.840901,1776311263000
1776311270.808,170.808,0.53,7.87,0.51,11.57,0.54,35.5,0.55,15.0,0.46,5.0,0.45,15.0,0.49,21.57,0.5,15.0,0.01,0.03,2361.26388,1776311269000
1776311272.406,172.406,0.51,2.25,0.49,5.0,0.54,35.5,0.55,15.0,0.46,35.5,0.45,15.0,0.47,7.87,0.49,11.57,0.03,0.01,2361.267375,1776311270000
1776311273.201,173.201,0.51,15.0,0.5,10.0,0.53,15.0,0.54,15.0,0.46,35.5,0.45,15.0,0.49,2.25,0.51,5.0,0.02,0.03,2361.286955,1776311271000
1776311273.889,173.889,0.54,67.02,0.52,20.5,0.55,10.0,0.56,110.88,0.44,54.38,0.43,15.0,0.45,19.0,0.46,25.0,0.01,0.01,2361.282565,1776311272000
1776311274.495,174.495,0.54,72.02,0.52,20.5,0.55,13.18,0.56,110.88,0.45,10.0,0.44,110.88,0.46,67.02,0.48,20.5,0.01,0.01,2361.225894,1776311273000
1776311276.787,176.787,0.5,15.58,0.49,36.11,0.54,15.0,0.55,243.68,0.45,13.18,0.44,110.88,0.46,72.02,0.48,20.5,0.04,0.01,2361.29045,1776311275000
1776311277.029,177.029,0.5,1.0,0.49,16.71,0.51,76.5,0.52,25.5,0.46,15.0,0.45,243.68,0.5,15.58,0.51,36.11,0.01,0.04,2361.29045,1776311275000
1776311278.3,178.3,0.43,5.0,0.42,5.0,0.5,319.5,0.51,144.5,0.49,76.5,0.48,25.5,0.5,1.0,0.51,16.71,0.07,0.01,2361.244614,1776311276000
1776311278.547,178.547,0.42,9.6,0.41,5.0,0.45,10.5,0.46,23.0,0.5,319.5,0.49,144.5,0.57,5.0,0.58,5.0,0.03,0.07,2361.241458,1776311277000
1776311278.952,178.952,0.34,93.0,0.33,16.3,0.43,52.5,0.44,20.5,0.55,10.5,0.54,23.0,0.58,9.6,0.59,5.0,0.09,0.03,2361.241458,1776311277000
1776311279.465,179.465,0.31,55.0,0.28,17.89,0.35,3.0,0.36,10.0,0.57,52.5,0.56,20.5,0.66,93.0,0.67,16.3,0.04,0.09,2361.229929,1776311278000
1776311279.674,179.674,0.33,58.0,0.31,5.0,0.34,18.19,0.35,26.5,0.66,14.91,0.65,25.21,0.67,30.0,0.69,5.0,0.01,0.01,2361.229929,1776311278000
1776311280.555,180.555,0.29,10.5,0.28,94.79,0.31,10.9,0.32,16.0,0.68,16.0,0.67,10.0,0.7,34.02,0.71,10.5,0.02,0.02,2361.157827,1776311279000
1776311281.696,181.696,0.3,20.5,0.29,205.5,0.32,11.9,0.33,10.0,0.68,11.9,0.67,10.0,0.71,10.5,0.72,89.79,0.02,0.03,2360.836765,1776311280000
1776311285.455,185.455,0.31,172.33,0.3,131.42,0.32,1.9,0.34,10.0,0.68,11.9,0.67,10.0,0.7,20.5,0.71,205.5,0.01,0.02,2360.731806,1776311284000
1776311285.76,185.76,0.31,163.79,0.3,131.42,0.32,1.9,0.33,10.0,0.68,1.9,0.66,10.0,0.69,172.33,0.7,131.42,0.01,0.01,2360.731806,1776311284000
1776311285.995,185.995,0.31,168.79,0.3,131.42,0.34,6.49,0.35,31.5,0.68,1.9,0.67,10.0,0.69,163.79,0.7,131.42,0.03,0.01,2360.731806,1776311284000
1776311288.054,188.054,0.39,35.0,0.38,20.0,0.4,10.5,0.41,10.0,0.66,6.49,0.65,31.5,0.69,168.79,0.7,131.42,0.01,0.03,2360.7155,1776311286000
1776311288.372,188.372,0.39,30.0,0.38,20.0,0.4,42.5,0.41,15.0,0.6,10.5,0.59,10.0,0.61,35.0,0.62,20.0,0.01,0.01,2360.735023,1776311287000
1776311288.693,188.693,0.39,25.0,0.38,20.0,0.4,42.5,0.41,15.0,0.6,42.5,0.59,15.0,0.61,30.0,0.62,20.0,0.01,0.01,2360.735023,1776311287000
1776311289.431,189.431,0.39,3.18,0.38,10.0,0.4,280.5,0.41,10.0,0.6,37.5,0.59,15.0,0.61,13.27,0.62,10.0,0.01,0.01,2360.734413,1776311288000
1776311291.07,191.07,0.33,7.0,0.32,7.0,0.34,17.0,0.35,25.5,0.61,10.0,0.6,275.5,0.65,5.0,0.66,6.0,0.01,0.04,2360.762607,1776311290000
1776311291.88,191.88,0.23,2.67,0.22,31.0,0.32,10.5,0.33,10.5,0.66,17.0,0.65,25.5,0.67,7.0,0.68,7.0,0.09,0.01,2360.762607,1776311290000
1776311292.081,192.081,0.24,10.5,0.22,10.0,0.25,10.0,0.26,15.0,0.68,10.5,0.67,10.5,0.77,2.67,0.78,31.0,0.01,0.09,2360.736141,1776311291000
1776311292.568,192.568,0.21,82.2,0.2,32.5,0.24,4.0,0.25,15.0,0.75,10.0,0.74,15.0,0.76,10.5,0.78,10.0,0.03,0.01,2360.736141,1776311291000
1776311292.925,192.925,0.21,89.2,0.2,49.5,0.23,12.39,0.24,10.0,0.74,13.73,0.73,10.0,0.79,82.2,0.8,32.5,0.02,0.05,2360.736141,1776311291000
1776311294.284,194.284,0.21,94.2,0.2,169.47,0.22,9.0,0.23,12.39,0.77,12.39,0.76,10.0,0.79,89.2,0.8,49.5,0.01,0.02,2360.608698,1776311293000
1776311294.568,194.568,0.21,71.7,0.2,111.97,0.23,22.89,0.24,20.5,0.78,9.0,0.77,12.39,0.79,94.2,0.8,169.47,0.02,0.01,2360.608698,1776311293000
1776311294.779,194.779,0.21,25.0,0.2,94.47,0.22,15.0,0.23,22.89,0.77,22.89,0.76,20.5,0.79,71.7,0.8,111.97,0.01,0.02,2360.608698,1776311293000
1776311295.01,195.01,0.21,1.0,0.2,94.47,0.22,20.5,0.23,22.89,0.78,15.0,0.77,22.89,0.79,25.0,0.8,94.47,0.01,0.01,2360.608698,1776311293000
1776311295.34,195.34,0.2,71.97,0.19,33.9,0.21,99.0,0.22,10.0,0.78,20.5,0.77,22.89,0.8,94.47,0.81,23.4,0.01,0.02,2360.531471,1776311294000
1776311295.731,195.731,0.2,35.43,0.19,101.9,0.21,93.0,0.22,10.0,0.79,93.0,0.78,10.0,0.8,64.53,0.81,33.9,0.01,0.01,2360.531471,1776311294000
1776311296.459,196.459,0.2,124.42,0.19,78.5,0.21,88.0,0.22,10.0,0.79,93.0,0.78,10.0,0.8,35.43,0.81,101.9,0.01,0.01,2360.400785,1776311295000
1776311299.935,199.935,0.2,5.23,0.19,23.4,0.21,340.5,0.22,20.5,0.79,88.0,0.78,10.0,0.8,124.42,0.81,78.5,0.01,0.01,2360.273751,1776311298000
1776311301.161,201.161,0.2,5.23,0.19,28.4,0.21,335.45,0.22,20.5,0.79,340.5,0.78,20.5,0.8,5.23,0.81,23.4,0.01,0.01,2360.219321,1776311299000
1776311301.443,201.443,0.19,28.4,0.18,5.0,0.21,335.45,0.22,20.5,0.79,335.45,0.78,20.5,0.8,5.23,0.81,28.4,0.02,0.01,2360.281112,1776311300000
1776311301.951,201.951,0.17,5.0,0.16,5.0,0.19,102.5,0.2,37.5,0.8,47.5,0.79,303.45,0.82,5.0,0.83,30.5,0.02,0.02,2360.281112,1776311300000
1776311302.271,202.271,0.15,56.2,0.14,5.0,0.16,85.25,0.17,20.5,0.84,40.0,0.82,25.5,0.85,56.2,0.86,41.23,0.01,0.01,2360.281112,1776311300000
1776311302.833,202.833,0.15,48.73,0.14,5.0,0.16,94.5,0.17,20.5,0.84,73.5,0.83,20.5,0.85,42.51,0.86,5.0,0.01,0.01,2360.21765,1776311301000
1776311304.32,204.32,0.15,6.22,0.14,5.0,0.16,59.0,0.17,200.5,0.84,94.5,0.83,20.5,0.85,48.73,0.86,5.0,0.01,0.01,2360.192318,1776311303000
1776311304.789,204.789,0.15,5.22,0.14,15.0,0.16,34.0,0.17,20.5,0.84,59.0,0.83,200.5,0.85,6.22,0.86,5.0,0.01,0.01,2360.192318,1776311303000
1776311305.66,205.66,0.19,10.0,0.18,27.77,0.2,53.56,0.21,5.0,0.84,34.0,0.83,20.5,0.85,5.22,0.86,15.0,0.01,0.01,2360.161392,1776311304000
1776311308.24,208.24,0.21,25.0,0.2,10.0,0.22,5.0,0.23,15.5,0.8,53.56,0.79,5.0,0.82,21.77,0.85,36.22,0.01,0.02,2360.345615,1776311307000
1776311309.573,209.573,0.22,101.0,0.21,26.5,0.24,8.41,0.25,25.5,0.78,5.0,0.77,15.5,0.79,25.0,0.8,10.0,0.02,0.01,2360.402914,1776311308000
1776311310.071,210.071,0.22,13.0,0.21,16.0,0.24,15.5,0.25,20.5,0.76,15.5,0.75,20.5,0.77,20.0,0.78,33.0,0.02,0.01,2360.402914,1776311308000
1776311310.371,210.371,0.21,11.0,0.2,11.0,0.22,93.58,0.23,20.5,0.76,15.5,0.75,20.5,0.79,16.0,0.8,20.5,0.01,0.03,2360.364497,1776311309000
1776311311.205,211.205,0.19,6.54,0.18,57.9,0.22,93.58,0.23,20.5,0.78,93.58,0.77,20.5,0.79,11.0,0.8,11.0,0.03,0.01,2360.36452,1776311310000
1776311312.761,212.761,0.19,138.54,0.18,52.9,0.41,50.0,0.5,21.0,0.78,93.58,0.77,20.5,0.81,6.54,0.82,57.9,0.22,0.03,2360.378589,1776311311000
1776311313.017,213.017,0.32,45.0,0.26,20.0,0.38,0.32,0.41,50.0,0.59,50.0,0.5,21.0,0.81,138.54,0.82,52.9,0.06,0.22,2360.378589,1776311311000
1776311313.379,213.379,0.32,45.0,0.26,20.0,0.41,33.05,0.45,70.0,0.59,43.05,0.55,70.0,0.68,45.0,0.74,20.0,0.09,0.09,2360.318467,1776311312000
1776311313.628,213.628,0.32,42.13,0.31,56.45,0.41,6.0,0.5,21.0,0.59,33.05,0.55,70.0,0.68,45.0,0.74,20.0,0.09,0.09,2360.318467,1776311312000
1776311314.041,214.041,0.46,6.0,0.44,10.0,0.5,19.77,0.51,50.0,0.59,6.0,0.5,21.0,0.68,42.13,0.69,56.45,0.04,0.09,2360.318467,1776311312000
1776311314.295,214.295,0.49,4.35,0.48,10.0,0.5,19.77,0.51,50.0,0.5,19.77,0.49,50.0,0.56,7.19,0.58,10.0,0.01,0.06,2360.811788,1776311313000
1776311314.515,214.515,0.48,10.67,0.47,10.0,0.5,7.37,0.51,50.0,0.5,7.37,0.49,50.0,0.51,4.35,0.52,10.0,0.02,0.01,2360.811788,1776311313000
1776311315.538,215.538,0.54,12.0,0.53,10.0,0.55,100.86,0.56,49.38,0.45,30.0,0.44,39.38,0.52,10.67,0.53,10.0,0.01,0.07,2360.811788,1776311313000
1776311316.151,216.151,0.54,6.54,0.53,15.0,0.55,111.36,0.56,54.38,0.45,95.86,0.44,49.38,0.46,2.0,0.47,10.0,0.01,0.01,2360.811788,1776311313000
1776311316.492,216.492,0.53,10.0,0.52,22.0,0.55,116.36,0.56,49.38,0.45,111.36,0.44,54.38,0.46,3.14,0.47,15.0,0.02,0.01,2361.144368,1776311315000
1776311317.057,217.057,0.53,11.89,0.52,22.0,0.54,30.5,0.55,116.36,0.45,116.36,0.44,49.38,0.47,10.0,0.48,22.0,0.01,0.02,2361.144368,1776311315000
1776311318.133,218.133,0.53,2.0,0.52,7.0,0.54,45.5,0.55,96.5,0.46,30.5,0.45,116.36,0.47,11.89,0.48,22.0,0.01,0.01,2361.190712,1776311316000
1776311318.5,218.5,0.38,31.5,0.37,16.0,0.41,20.3,0.42,10.0,0.56,20.5,0.55,15.0,0.62,16.0,0.63,10.0,0.03,0.06,2361.190712,1776311316000
1776311320.096,220.096,0.41,15.0,0.4,10.0,0.43,15.32,0.44,25.5,0.59,12.73,0.58,10.0,0.62,31.5,0.63,16.0,0.02,0.03,2361.205834,1776311319000
1776311321.46,221.46,0.42,8.27,0.41,10.0,0.43,10.32,0.44,25.5,0.57,15.32,0.56,25.5,0.59,15.0,0.6,10.0,0.01,0.02,2361.205834,1776311319000
1776311322.15,222.15,0.42,2.07,0.41,10.0,0.43,5.32,0.44,20.5,0.57,10.32,0.56,25.5,0.58,8.27,0.59,10.0,0.01,0.01,2361.045345,1776311320000
1776311323.95,223.95,0.58,10.0,0.57,25.5,0.6,4.73,0.61,16.5,0.57,5.32,0.56,20.5,0.58,2.07,0.59,10.0,0.02,0.01,2361.049348,1776311322000
1776311324.194,224.194,0.6,13.27,0.59,10.0,0.61,7.22,0.62,5.0,0.39,10.5,0.37,6.0,0.4,2.27,0.41,10.0,0.01,0.01,2361.049348,1776311322000
1776311324.726,224.726,0.62,9.91,0.61,10.0,0.63,15.5,0.64,39.06,0.36,29.06,0.35,70.0,0.4,8.27,0.41,20.0,0.01,0.04,2361.049348,1776311322000
1776311325.078,225.078,0.59,5.68,0.58,16.0,0.61,70.88,0.62,10.5,0.36,22.31,0.35,80.0,0.38,9.91,0.39,10.0,0.02,0.02,2361.049332,1776311323000
1776311325.566,225.566,0.63,15.0,0.62,10.0,0.64,4.09,0.65,85.5,0.39,70.88,0.38,10.5,0.41,5.68,0.42,16.0,0.01,0.02,2361.049332,1776311323000
1776311326.041,226.041,0.65,0.71,0.64,10.0,0.66,135.5,0.67,70.0,0.34,120.0,0.33,70.0,0.36,15.0,0.37,15.0,0.01,0.02,2361.091395,1776311324000
1776311327.047,227.047,0.64,0.5,0.63,15.0,0.65,20.88,0.66,140.0,0.34,135.5,0.33,70.0,0.35,0.71,0.36,10.0,0.01,0.01,2361.375765,1776311325000
1776311328.281,228.281,0.62,10.0,0.61,10.0,0.64,5.0,0.65,20.0,0.35,20.88,0.34,140.0,0.36,0.5,0.37,15.0,0.02,0.01,2361.398018,1776311326000
1776311328.793,228.793,0.62,7.36,0.61,10.0,0.63,10.88,0.64,15.5,0.36,5.0,0.35,20.0,0.38,10.0,0.39,10.0,0.01,0.02,2361.426884,1776311327000
1776311329.663,229.663,0.62,6.42,0.61,10.0,0.63,10.0,0.64,5.0,0.37,10.88,0.36,15.5,0.38,7.36,0.39,10.0,0.01,0.01,2361.427842,1776311328000
1776311329.883,229.883,0.52,5.94,0.51,60.0,0.63,10.0,0.64,5.0,0.37,10.0,0.36,5.0,0.38,6.42,0.39,10.0,0.11,0.01,2361.427842,1776311328000
1776311330.637,230.637,0.59,20.5,0.58,10.0,0.63,44.76,0.64,15.0,0.37,10.0,0.36,5.0,0.48,5.94,0.49,60.0,0.04,0.11,2361.427841,1776311329000
1776311331.012,231.012,0.61,46.5,0.6,20.5,0.63,34.76,0.64,5.0,0.37,34.76,0.36,15.0,0.41,20.5,0.42,10.0,0.02,0.04,2361.427841,1776311329000
1776311331.247,231.247,0.62,35.5,0.61,41.5,0.65,5.0,0.66,135.5,0.37,29.76,0.36,5.0,0.38,25.5,0.39,41.5,0.03,0.01,2361.427841,1776311329000
1776311334.903,234.903,0.5,10.5,0.49,275.45,0.52,22.0,0.53,22.0,0.35,5.0,0.34,135.5,0.38,35.5,0.39,41.5,0.02,0.03,2361.502921,1776311333000
1776311335.619,235.619,0.5,34.34,0.49,70.95,0.51,10.0,0.52,17.0,0.48,22.0,0.47,22.0,0.5,10.5,0.51,275.45,0.01,0.02,2361.465706,1776311334000
1776311335.852,235.852,0.48,10.5,0.47,5.0,0.5,0.38,0.51,10.0,0.49,10.0,0.48,17.0,0.52,10.5,0.53,5.0,0.02,0.03,2361.465706,1776311334000
1776311336.498,236.498,0.48,70.51,0.47,5.0,0.51,25.5,0.52,15.0,0.5,0.38,0.49,10.0,0.52,10.5,0.53,5.0,0.03,0.02,2361.38478,1776311335000
1776311336.975,236.975,0.48,82.6,0.47,5.0,0.5,9.4,0.51,8.03,0.49,23.53,0.48,15.0,0.52,70.51,0.53,15.0,0.02,0.03,2361.38478,1776311335000
1776311337.392,237.392,0.49,197.09,0.48,70.51,0.5,4.3,0.51,8.03,0.5,9.4,0.49,8.03,0.52,82.6,0.53,5.0,0.01,0.02,2361.287617,1776311336000
1776311337.734,237.734,0.49,32.59,0.48,70.51,0.51,7.24,0.52,10.0,0.5,4.3,0.49,8.03,0.51,197.09,0.52,70.51,0.02,0.01,2361.287617,1776311336000
1776311338.259,238.259,0.49,13.59,0.47,195.5,0.51,17.74,0.52,25.5,0.49,7.24,0.48,10.0,0.51,32.59,0.52,70.51,0.02,0.02,2361.224602,1776311337000
1776311338.883,238.883,0.49,15.43,0.48,20.5,0.5,15.17,0.51,22.74,0.49,22.74,0.48,25.5,0.51,13.59,0.53,195.5,0.01,0.02,2361.224602,1776311337000
1776311339.449,239.449,0.47,5.0,0.45,5.0,0.5,205.67,0.51,22.74,0.5,15.17,0.49,22.74,0.51,15.43,0.52,20.5,0.03,0.01,2361.30397,1776311338000
1776311339.728,239.728,0.36,73.6,0.33,10.0,0.48,239.88,0.49,105.5,0.5,205.67,0.49,22.74,0.53,5.0,0.55,5.0,0.12,0.03,2361.30397,1776311338000
1776311340.277,240.277,0.37,34.0,0.36,268.6,0.38,9.1,0.39,10.0,0.52,239.88,0.51,105.5,0.64,73.6,0.67,10.0,0.01,0.12,2361.244436,1776311339000
1776311341.04,241.04,0.26,38.15,0.25,19.2,0.38,9.1,0.39,10.0,0.62,9.1,0.61,10.0,0.63,34.0,0.64,268.6,0.12,0.01,2361.244436,1776311339000
1776311341.716,241.716,0.3,10.0,0.29,40.0,0.31,4.01,0.32,10.0,0.62,16.1,0.61,90.0,0.67,21.04,0.74,38.15,0.01,0.05,2361.195883,1776311340000
1776311342.715,242.715,0.31,180.0,0.3,72.24,0.33,9.81,0.34,15.0,0.68,9.22,0.67,10.0,0.7,10.0,0.71,40.0,0.02,0.02,2360.967404,1776311341000
1776311344.093,244.093,0.31,184.96,0.3,72.24,0.33,5.56,0.34,15.0,0.68,0.57,0.67,9.81,0.69,203.96,0.7,72.24,0.02,0.01,2360.862193,1776311343000
1776311344.446,244.446,0.32,5.0,0.31,184.96,0.33,1.6,0.34,20.0,0.67,5.56,0.66,15.0,0.69,184.96,0.7,72.24,0.01,0.02,2360.862193,1776311343000
1776311345.155,245.155,0.32,15.0,0.31,184.96,0.33,9.07,0.34,15.0,0.67,1.6,0.66,20.0,0.68,5.0,0.69,184.96,0.01,0.01,2360.862193,1776311343000
1776311345.769,245.769,0.32,15.0,0.31,184.96,0.33,4.9,0.34,15.0,0.67,9.07,0.66,15.0,0.68,15.0,0.69,184.96,0.01,0.01,2360.86354,1776311344000
1776311346.734,246.734,0.33,5.0,0.32,10.0,0.34,3.55,0.35,10.0,0.67,4.9,0.66,15.0,0.68,15.0,0.69,184.96,0.01,0.01,2360.863409,1776311345000
1776311347.287,247.287,0.32,7.57,0.31,184.96,0.34,18.55,0.35,10.0,0.66,3.55,0.65,10.0,0.67,5.0,0.68,10.0,0.02,0.01,2360.863409,1776311345000
1776311352.134,252.134,0.23,5.0,0.22,5.0,0.29,15.0,0.3,10.0,0.66,18.55,0.65,10.0,0.68,7.57,0.69,184.96,0.06,0.02,2360.828742,1776311351000
1776311352.542,252.542,0.22,5.0,0.21,55.0,0.25,7.12,0.26,15.0,0.76,10.0,0.75,10.0,0.78,5.0,0.79,60.0,0.03,0.02,2360.828742,1776311351000
1776311352.952,252.952,0.22,5.0,0.21,55.0,0.23,6.3,0.24,10.0,0.75,7.12,0.74,15.0,0.78,5.0,0.79,55.0,0.01,0.03,2360.828742,1776311351000
1776311353.208,253.208,0.21,48.28,0.2,10.0,0.23,6.3,0.24,10.0,0.77,6.3,0.76,10.0,0.78,3.71,0.79,55.0,0.02,0.01,2360.826813,1776311352000
1776311354.117,254.117,0.21,47.9,0.2,10.0,0.22,5.0,0.23,6.3,0.77,6.3,0.76,10.0,0.79,48.28,0.8,10.0,0.01,0.02,2360.815665,1776311353000
1776311355.061,255.061,0.21,20.0,0.2,10.0,0.26,10.0,0.27,190.0,0.78,5.0,0.77,6.3,0.79,47.9,0.8,10.0,0.05,0.01,2360.69677,1776311354000
1776311356.155,256.155,0.22,14.3,0.21,15.0,0.25,32.0,0.26,10.0,0.74,10.0,0.73,190.0,0.77,9.46,0.78,10.0,0.03,0.03,2360.696465,1776311355000
1776311356.488,256.488,0.23,8.0,0.22,14.3,0.24,10.0,0.25,16.0,0.75,32.0,0.74,10.0,0.78,14.3,0.79,15.0,0.01,0.03,2360.696465,1776311355000
1776311357.193,257.193,0.22,7.15,0.21,15.0,0.24,22.0,0.25,16.0,0.76,10.0,0.75,16.0,0.77,8.0,0.78,14.3,0.02,0.01,2360.713045,1776311356000
1776311357.495,257.495,0.23,10.0,0.22,7.15,0.24,5.0,0.25,16.0,0.76,22.0,0.75,16.0,0.78,7.15,0.79,15.0,0.01,0.02,2360.713045,1776311356000
1776311358.215,258.215,0.23,4.83,0.22,47.15,0.24,0.83,0.25,16.0,0.76,0.83,0.75,16.0,0.77,15.0,0.78,7.15,0.01,0.01,2360.75744,1776311357000
1776311358.742,258.742,0.22,0.61,0.21,15.0,0.24,0.83,0.25,16.0,0.76,5.83,0.75,16.0,0.77,2.97,0.78,47.15,0.02,0.01,2360.75744,1776311357000
1776311359.439,259.439,0.21,14.84,0.2,15.0,0.23,10.0,0.24,0.83,0.76,0.83,0.75,16.0,0.78,0.61,0.79,15.0,0.02,0.02,2360.72185,1776311358000
1776311360.448,260.448,0.21,9.7,0.2,15.0,0.23,15.0,0.24,0.83,0.77,10.0,0.76,0.83,0.79,14.84,0.8,15.0,0.02,0.02,2360.758819,1776311359000
1776311361.481,261.481,0.2,54.62,0.19,190.0,0.22,15.0,0.23,10.0,0.77,15.0,0.76,0.83,0.79,9.7,0.8,15.0,0.02,0.02,2360.776005,1776311360000
1776311362.478,262.478,0.19,189.5,0.18,10.0,0.22,15.0,0.23,10.0,0.78,15.0,0.77,10.0,0.8,54.62,0.81,190.0,0.03,0.02,2360.728747,1776311361000
1776311362.897,262.897,0.17,8.79,0.16,66.8,0.18,10.0,0.19,15.0,0.78,15.0,0.77,10.0,0.81,189.5,0.82,10.0,0.01,0.03,2360.728747,1776311361000
1776311363.228,263.228,0.17,10.0,0.16,63.84,0.18,9.44,0.19,15.0,0.82,15.0,0.81,15.0,0.84,63.84,0.85,38.42,0.01,0.02,2360.739634,1776311362000
1776311364.035,264.035,0.13,29.79,0.12,39.19,0.16,20.0,0.17,15.0,0.82,10.0,0.81,15.0,0.84,42.84,0.85,38.42,0.03,0.02,2360.735273,1776311363000
1776311364.652,264.652,0.13,32.72,0.12,129.19,0.15,10.0,0.16,15.0,0.86,15.0,0.85,10.0,0.87,27.72,0.88,124.19,0.02,0.01,2360.735273,1776311363000
1776311367.856,267.856,0.12,48.0,0.11,132.79,0.13,15.0,0.14,10.0,0.85,10.0,0.84,15.0,0.87,32.72,0.88,129.19,0.01,0.02,2360.700932,1776311366000
1776311368.406,268.406,0.12,43.92,0.11,132.79,0.13,15.0,0.14,10.0,0.87,15.0,0.86,10.0,0.88,48.0,0.89,132.79,0.01,0.01,2360.654236,1776311367000
1776311368.781,268.781,0.12,34.82,0.11,51.79,0.13,15.0,0.14,10.0,0.87,15.0,0.86,10.0,0.88,43.92,0.89,132.79,0.01,0.01,2360.654236,1776311367000
1776311370.397,270.397,0.12,5.0,0.1,40.0,0.13,251.0,0.14,15.0,0.87,15.0,0.86,10.0,0.88,34.82,0.89,51.79,0.01,0.01,2360.657451,1776311369000
1776311370.868,270.868,0.08,54.78,0.07,55.3,0.09,15.0,0.1,15.0,0.88,7.0,0.87,261.0,0.9,40.0,0.91,44.0,0.01,0.02,2360.657451,1776311369000
1776311371.151,271.151,0.08,29.78,0.07,55.3,0.09,15.0,0.1,5.41,0.91,5.0,0.9,5.41,0.92,40.0,0.93,55.3,0.01,0.01,2360.662336,1776311370000
1776311371.788,271.788,0.07,54.58,0.06,78.8,0.09,10.0,0.1,5.41,0.91,10.0,0.9,5.41,0.92,29.78,0.93,55.3,0.02,0.01,2360.662336,1776311370000
1776311372.019,272.019,0.07,31.01,0.06,73.8,0.08,20.0,0.09,5.0,0.92,15.0,0.91,5.0,0.93,43.54,0.94,78.8,0.01,0.01,2360.662336,1776311370000
1776311373.944,273.944,0.07,32.09,0.06,63.8,0.08,15.0,0.09,5.0,0.92,20.0,0.91,5.0,0.93,31.01,0.94,73.8,0.01,0.01,2360.662336,1776311370000
1776311374.426,274.426,0.07,21.33,0.06,63.8,0.08,20.0,0.09,5.0,0.92,15.0,0.91,5.0,0.93,32.09,0.94,63.8,0.01,0.01,2360.470275,1776311373000
1776311374.946,274.946,0.07,21.66,0.06,10.0,0.08,20.0,0.09,10.0,0.92,20.0,0.91,5.0,0.93,19.24,0.94,63.8,0.01,0.01,2360.470275,1776311373000
1776311375.353,275.353,0.07,6.66,0.05,30.0,0.08,25.0,0.09,10.0,0.92,20.0,0.91,10.0,0.93,21.66,0.94,10.0,0.01,0.01,2360.454954,1776311374000
1776311375.581,275.581,0.05,19.47,0.04,35.0,0.06,35.0,0.07,15.0,0.94,38.34,0.92,20.0,0.95,30.0,0.96,35.0,0.01,0.01,2360.454954,1776311374000
1776311376.131,276.131,0.09,123.2,0.07,30.0,0.1,253.41,0.11,93.0,0.9,185.41,0.89,93.0,0.91,132.0,0.95,19.47,0.01,0.01,2360.510679,1776311375000
1776311376.588,276.588,0.07,9.46,0.05,9.47,0.08,254.0,0.09,43.0,0.9,258.41,0.89,93.0,0.93,30.0,0.94,10.0,0.01,0.03,2360.510679,1776311375000
1776311377.623,277.623,0.05,4.0,0.04,29.85,0.06,50.54,0.07,29.0,0.94,50.54,0.93,10.0,0.96,19.85,0.97,111.0,0.01,0.02,2360.465601,1776311376000
1776311379.134,279.134,0.04,9.64,0.03,111.0,0.06,55.54,0.07,34.0,0.94,50.54,0.93,29.0,0.95,4.0,0.96,29.85,0.02,0.01,2360.347138,1776311377000
1776311380.119,280.119,0.05,48.8,0.04,9.64,0.06,55.54,0.07,29.0,0.94,55.54,0.93,34.0,0.96,9.64,0.97,111.0,0.01,0.02,2360.327329,1776311378000
1776311381.687,281.687,0.05,28.01,0.03,111.0,0.06,50.54,0.07,34.0,0.94,55.54,0.93,29.0,0.95,48.8,0.96,9.64,0.01,0.01,2360.310565,1776311380000
1776311382.97,282.97,0.03,111.0,0.02,156.0,0.06,73.54,0.07,50.0,0.94,50.54,0.93,34.0,0.95,28.01,0.97,111.0,0.03,0.01,2360.310302,1776311381000
1776311384.322,284.322,0.03,95.0,0.02,156.0,0.04,27.0,0.05,15.0,0.94,73.54,0.93,50.0,0.97,111.0,0.98,156.0,0.01,0.03,2360.314613,1776311382000
1776311384.647,284.647,0.03,61.0,0.02,156.0,0.05,10.6,0.06,50.54,0.96,27.0,0.95,15.0,0.97,95.0,0.98,156.0,0.02,0.01,2360.312619,1776311383000
1776311385.294,285.294,0.04,12.1,0.03,95.0,0.05,20.6,0.06,93.54,0.95,10.6,0.94,50.54,0.97,61.0,0.98,156.0,0.01,0.02,2360.312619,1776311383000
1776311385.937,285.937,0.03,42.66,0.02,156.0,0.04,5.0,0.05,15.6,0.95,20.6,0.94,93.54,0.97,52.97,0.98,156.0,0.01,0.02,2360.314785,1776311384000
1776311386.618,286.618,0.03,37.85,0.02,156.0,0.04,10.0,0.05,20.6,0.96,5.0,0.95,20.6,0.97,42.85,0.98,156.0,0.01,0.01,2360.300835,1776311385000
1776311387.941,287.941,0.03,41.81,0.02,156.0,0.04,22.0,0.05,57.6,0.96,10.0,0.95,20.6,0.97,37.85,0.98,156.0,0.01,0.01,2360.323006,1776311386000
1776311388.144,288.144,0.03,40.77,0.02,156.0,0.04,22.0,0.05,89.6,0.96,22.0,0.95,57.6,0.97,41.81,0.98,156.0,0.01,0.01,2360.323006,1776311386000
1776311388.465,288.465,0.03,25.3,0.02,156.0,0.04,27.0,0.05,88.6,0.96,22.0,0.95,89.6,0.97,40.77,0.98,156.0,0.01,0.01,2360.323006,1776311386000
1776311389.323,289.323,0.02,156.0,0.01,6805.38,0.03,19.7,0.04,230.0,0.96,27.0,0.95,88.6,0.97,25.3,0.98,156.0,0.01,0.01,2360.301607,1776311388000
1776311389.733,289.733,0.02,200.94,0.01,6805.38,0.03,50.7,0.04,229.0,0.97,19.7,0.96,230.0,0.98,156.0,0.99,6805.38,0.01,0.01,2360.301607,1776311388000
1776311390.523,290.523,0.02,145.73,0.01,1805.38,0.03,51.7,0.04,247.0,0.97,40.7,0.96,229.0,0.98,200.94,0.99,6805.38,0.01,0.01,2360.256491,1776311389000
1776311390.797,290.797,0.02,110.0,0.01,1805.38,0.03,66.7,0.04,247.0,0.97,46.7,0.96,247.0,0.98,135.62,0.99,1805.38,0.01,0.01,2360.256491,1776311389000
1776311391.326,291.326,0.02,80.0,0.01,1705.38,0.03,47.0,0.04,267.0,0.97,66.7,0.96,247.0,0.98,110.0,0.99,1805.38,0.01,0.01,2360.256244,1776311390000
1776311391.554,291.554,0.01,1695.27,,,0.02,5.09,0.03,67.0,0.97,47.0,0.96,267.0,0.99,1705.38,,,0.01,0.02,2360.256244,1776311390000
1776311391.803,291.803,0.01,1538.38,,,0.02,12.09,0.03,60.0,0.98,5.09,0.97,67.0,0.99,1695.27,,,0.01,0.01,2360.256244,1776311390000
1776311392.588,292.588,0.01,1533.28,,,0.02,22.09,0.03,97.0,0.98,12.09,0.97,60.0,0.99,1538.38,,,0.01,0.01,2360.256244,1776311390000
1776311393.01,293.01,0.01,1722.9,,,0.02,22.09,0.03,118.15,0.98,22.09,0.97,97.0,0.99,1533.28,,,0.01,0.01,2360.300276,1776311391000
1776311393.322,293.322,0.01,1672.9,,,0.02,22.09,0.03,144.15,0.98,22.09,0.97,118.15,0.99,1722.9,,,0.01,0.01,2360.272767,1776311392000
1776311394.081,294.081,0.01,1665.78,,,0.02,22.09,0.03,144.15,0.98,22.09,0.97,144.15,0.99,1666.9,,,0.01,0.01,2360.272767,1776311392000
1776311394.497,294.497,0.01,1661.72,,,0.02,29.09,0.03,144.15,0.98,22.09,0.97,144.15,0.99,1663.75,,,0.01,0.01,2360.313822,1776311393000
1776311394.825,294.825,0.01,1640.49,,,0.02,59.09,0.03,144.15,0.98,59.09,0.97,144.15,0.99,1636.51,,,0.01,0.01,2360.313822,1776311393000
1776311395.065,295.065,0.01,1628.4,,,0.02,77.09,0.03,144.15,0.98,59.09,0.97,144.15,0.99,1638.46,,,0.01,0.01,2360.313822,1776311393000
1776311395.36,295.36,0.01,1570.79,,,0.02,97.09,0.03,144.15,0.98,77.09,0.97,144.15,0.99,1580.85,,,0.01,0.01,2360.313822,1776311393000
1776311395.897,295.897,0.01,1571.73,,,0.02,97.09,0.03,144.15,0.98,97.09,0.97,144.15,0.99,1573.76,,,0.01,0.01,2360.331194,1776311394000
1776311396.266,296.266,0.01,1450.73,,,0.02,269.09,0.03,144.15,0.98,97.09,0.97,144.15,0.99,1571.73,,,0.01,0.01,2360.304368,1776311395000
1776311396.806,296.806,0.01,1391.86,,,0.02,198.0,0.03,127.15,0.98,19.09,0.97,121.15,0.99,1401.91,,,0.01,0.01,2360.304368,1776311395000
1776311397.014,297.014,0.01,371.86,,,0.02,273.0,0.03,101.15,0.98,198.0,0.97,127.15,0.99,391.86,,,0.01,0.01,2360.304368,1776311395000
1776311397.276,297.276,0.01,362.81,,,0.02,273.0,0.03,81.15,0.98,268.0,0.97,81.15,0.99,363.83,,,0.01,0.01,2360.332812,1776311396000
1776311397.591,297.591,,,,,0.01,584.1,0.02,141.0,0.98,268.0,0.97,81.15,,,,,,,2360.332812,1776311396000

# RESULT,winner=Down,slug=eth-updown-5m-1776311100,ticks=341
