timestamp,elapsed_sec,up_bid_p1,up_bid_s1,up_bid_p2,up_bid_s2,up_ask_p1,up_ask_s1,up_ask_p2,up_ask_s2,down_bid_p1,down_bid_s1,down_bid_p2,down_bid_s2,down_ask_p1,down_ask_s1,down_ask_p2,down_ask_s2,up_spread,down_spread,eth_price,eth_oracle_ts
1776254400.541,0.541,0.39,34.0,0.38,35.0,0.43,5.44,0.44,65.0,0.57,7.77,0.56,65.0,0.61,34.0,0.62,35.0,0.04,0.04,2337.85769,1776254398000
1776254400.802,0.802,0.39,34.0,0.38,35.0,0.43,5.44,0.44,65.0,0.57,5.44,0.56,65.0,0.61,34.0,0.62,35.0,0.04,0.04,2337.848075,1776254399000
1776254401.033,1.033,0.38,24.98,0.37,216.0,0.43,3.11,0.44,75.0,0.57,3.11,0.56,65.0,0.61,34.0,0.62,35.0,0.05,0.04,2337.848075,1776254399000
1776254401.563,1.563,0.33,270.14,0.31,375.0,0.43,3.11,0.44,75.0,0.57,3.11,0.56,75.0,0.62,24.98,0.63,216.0,0.1,0.05,2337.848075,1776254400000
1776254401.94,1.94,0.34,20.74,0.33,270.14,0.46,56.33,0.47,174.33,0.56,8.11,0.55,20.0,0.64,20.74,0.67,270.14,0.12,0.08,2337.848075,1776254400000
1776254402.211,2.211,0.46,10.0,0.35,5.0,0.48,54.39,0.49,273.0,0.53,20.66,0.52,55.0,0.66,14.06,0.67,270.14,0.02,0.13,2337.848075,1776254400000
1776254402.561,2.561,0.34,9.06,0.33,275.14,0.44,16.32,0.48,5.0,0.51,136.33,0.5,25.9,0.54,10.0,0.64,6.0,0.1,0.03,2337.920496,1776254401000
1776254402.929,2.929,0.34,9.06,0.33,270.14,0.44,9.0,0.48,5.0,0.56,14.0,0.52,5.0,0.66,9.06,0.67,270.14,0.1,0.1,2337.920496,1776254401000
1776254403.773,3.773,0.35,30.0,0.34,9.06,0.44,9.0,0.48,5.0,0.56,9.0,0.52,5.0,0.66,9.06,0.67,270.14,0.09,0.1,2337.920496,1776254401000
1776254404.07,4.07,0.41,43.0,0.36,50.0,0.44,9.0,0.48,5.0,0.62,2.0,0.56,9.0,0.65,30.0,0.66,9.06,0.03,0.03,2337.920496,1776254401000
1776254404.609,4.609,0.4,12.41,0.38,92.0,0.41,10.0,0.42,25.0,0.56,9.0,0.52,5.0,0.59,43.0,0.64,50.0,0.01,0.03,2337.97319,1776254402000
1776254404.882,4.882,0.38,71.89,0.37,20.0,0.39,10.0,0.4,80.0,0.61,10.0,0.6,10.0,0.62,79.82,0.63,15.0,0.01,0.01,2338.04895,1776254403000
1776254405.239,5.239,0.38,74.96,0.37,34.0,0.39,7.43,0.4,80.0,0.61,7.43,0.6,80.0,0.62,80.96,0.63,34.0,0.01,0.01,2338.04895,1776254403000
1776254405.701,5.701,0.38,521.06,0.37,68.0,0.39,2.17,0.4,150.0,0.61,2.17,0.6,80.0,0.62,73.06,0.63,34.0,0.01,0.01,2337.773567,1776254404000
1776254405.912,5.912,0.38,492.0,0.37,53.0,0.39,76.67,0.4,150.0,0.61,76.67,0.6,150.0,0.62,476.0,0.63,53.0,0.01,0.01,2337.773567,1776254404000
1776254406.217,6.217,0.38,48.95,0.37,38.0,0.39,91.67,0.4,150.0,0.61,76.67,0.6,150.0,0.62,381.0,0.63,38.0,0.01,0.01,2337.773567,1776254404000
1776254406.708,6.708,0.36,5.0,0.35,5.0,0.37,22.91,0.38,111.0,0.63,12.91,0.62,106.0,0.64,10.0,0.65,19.0,0.01,0.01,2337.637853,1776254405000
1776254407.41,7.41,0.34,15.0,0.33,10.0,0.36,25.0,0.37,17.91,0.63,22.91,0.62,111.0,0.64,5.0,0.65,5.0,0.02,0.01,2337.637853,1776254405000
1776254407.712,7.712,0.33,110.0,0.32,24.0,0.35,30.0,0.36,30.0,0.64,25.0,0.63,17.91,0.66,15.0,0.67,10.0,0.02,0.02,2336.813755,1776254406000
1776254408.212,8.212,0.29,2.23,0.28,5.0,0.31,10.0,0.32,10.0,0.65,30.0,0.64,30.0,0.67,110.0,0.68,24.0,0.02,0.02,2336.813755,1776254406000
1776254408.495,8.495,0.26,226.0,0.25,756.0,0.28,8.74,0.29,5.0,0.72,5.0,0.71,10.0,0.73,0.48,0.74,221.0,0.02,0.01,2336.813755,1776254406000
1776254408.697,8.697,0.28,7.84,0.27,10.0,0.29,10.0,0.3,10.0,0.71,5.0,0.7,15.0,0.72,12.84,0.73,15.0,0.01,0.01,2336.861035,1776254407000
1776254408.899,8.899,0.28,10.0,0.27,10.0,0.31,2.22,0.32,10.0,0.69,2.22,0.68,10.0,0.74,178.7,0.75,756.0,0.03,0.05,2336.861035,1776254407000
1776254409.269,9.269,0.29,0.36,0.28,15.0,0.31,10.0,0.34,10.0,0.7,7.0,0.69,2.22,0.72,15.0,0.73,10.0,0.02,0.02,2336.8179,1776254408000
1776254409.662,9.662,0.29,15.83,0.28,15.0,0.3,10.0,0.31,10.0,0.69,10.0,0.66,10.0,0.71,0.36,0.72,15.0,0.01,0.02,2336.8179,1776254408000
1776254410.422,10.422,0.29,8.59,0.28,110.0,0.3,15.0,0.31,15.0,0.7,10.0,0.69,10.0,0.71,15.83,0.72,15.0,0.01,0.01,2336.8179,1776254408000
1776254411.271,11.271,0.29,20.0,0.28,115.0,0.3,20.0,0.31,20.0,0.7,10.0,0.69,15.0,0.71,5.0,0.72,110.0,0.01,0.01,2336.381471,1776254409000
1776254411.602,11.602,0.29,25.0,0.28,150.0,0.31,28.0,0.32,82.0,0.7,20.0,0.69,20.0,0.71,20.0,0.72,115.0,0.02,0.01,2336.443755,1776254410000
1776254412.255,12.255,0.3,85.5,0.29,106.8,0.31,5.0,0.32,23.0,0.69,28.0,0.68,82.0,0.71,25.0,0.72,150.0,0.01,0.02,2336.443755,1776254410000
1776254413.044,13.044,0.32,5.0,0.31,165.5,0.33,38.0,0.34,35.0,0.69,5.0,0.68,23.0,0.7,85.5,0.71,106.8,0.01,0.01,2336.461425,1776254411000
1776254413.753,13.753,0.32,105.58,0.31,200.5,0.33,78.5,0.34,35.5,0.67,38.0,0.66,35.0,0.68,5.0,0.69,165.5,0.01,0.01,2336.462495,1776254412000
1776254414.0,14.0,0.32,150.58,0.31,200.5,0.33,83.5,0.34,35.5,0.67,78.5,0.66,35.5,0.68,105.58,0.69,200.5,0.01,0.01,2336.462495,1776254412000
1776254414.634,14.634,0.32,157.63,0.31,190.5,0.33,83.5,0.34,35.5,0.67,83.5,0.66,35.5,0.68,150.58,0.69,200.5,0.01,0.01,2336.462495,1776254412000
1776254414.893,14.893,0.32,176.13,0.31,195.5,0.33,43.0,0.34,26.0,0.67,83.5,0.66,35.5,0.68,157.63,0.69,190.5,0.01,0.01,2336.50645,1776254413000
1776254415.672,15.672,0.32,16.82,0.31,155.0,0.33,140.5,0.34,144.5,0.67,43.0,0.66,26.0,0.68,176.13,0.69,195.5,0.01,0.01,2336.50645,1776254413000
1776254415.872,15.872,0.31,143.37,0.3,175.5,0.33,257.5,0.34,199.5,0.67,257.5,0.66,199.5,0.69,150.0,0.7,175.5,0.02,0.02,2336.50332,1776254414000
1776254416.268,16.268,0.31,47.0,0.3,75.5,0.32,268.5,0.33,247.5,0.68,5.0,0.67,257.5,0.69,93.37,0.7,175.5,0.01,0.01,2336.50332,1776254414000
1776254417.459,17.459,0.28,50.21,0.27,90.5,0.29,72.0,0.3,218.0,0.68,268.5,0.67,247.5,0.69,47.0,0.7,75.5,0.01,0.01,2336.450995,1776254415000
1776254417.979,17.979,0.27,70.29,0.26,145.0,0.28,60.0,0.29,277.69,0.71,122.5,0.7,233.5,0.72,14.21,0.73,90.5,0.01,0.01,2336.44018,1776254417000
1776254418.758,18.758,0.29,162.5,0.28,132.5,0.31,3.88,0.32,10.0,0.72,10.0,0.71,32.0,0.73,79.82,0.74,155.0,0.02,0.01,2336.44018,1776254417000
1776254419.794,19.794,0.31,111.86,0.3,117.5,0.32,20.0,0.33,46.86,0.68,10.0,0.67,46.86,0.69,8.12,0.7,42.0,0.01,0.01,2336.306265,1776254418000
1776254421.122,21.122,0.32,125.02,0.31,93.74,0.33,41.86,0.34,60.5,0.68,20.0,0.67,51.86,0.69,98.74,0.7,117.5,0.01,0.01,2336.122329,1776254419000
1776254421.803,21.803,0.32,109.77,0.31,93.74,0.33,126.35,0.34,115.5,0.67,41.86,0.66,60.5,0.68,125.02,0.69,93.74,0.01,0.01,2336.395155,1776254420000
1776254422.075,22.075,0.32,114.27,0.31,93.74,0.33,121.35,0.34,65.5,0.67,126.35,0.66,115.5,0.68,112.02,0.69,93.74,0.01,0.01,2336.395155,1776254420000
1776254422.383,22.383,0.32,81.84,0.31,78.74,0.33,126.35,0.34,75.5,0.67,121.35,0.66,65.5,0.68,114.27,0.69,93.74,0.01,0.01,2336.395155,1776254420000
1776254423.136,23.136,0.32,81.5,0.31,78.74,0.33,96.04,0.34,115.5,0.67,126.35,0.66,75.5,0.68,79.09,0.69,78.74,0.01,0.01,2336.395155,1776254420000
1776254424.45,24.45,0.31,81.32,0.3,107.5,0.32,90.83,0.33,87.05,0.67,101.04,0.66,244.69,0.68,84.7,0.69,53.24,0.01,0.01,2336.395155,1776254420000
1776254424.907,24.907,0.31,131.51,0.3,117.5,0.32,49.58,0.33,20.0,0.68,95.83,0.67,87.05,0.69,31.01,0.7,107.5,0.01,0.01,2336.395155,1776254420000
1776254425.189,25.189,0.31,121.51,0.3,117.5,0.32,6.45,0.33,20.0,0.68,46.45,0.67,20.0,0.69,131.51,0.7,117.5,0.01,0.01,2336.395155,1776254420000
1776254426.464,26.464,0.32,142.19,0.31,71.51,0.33,109.35,0.34,120.5,0.67,20.0,0.66,115.5,0.69,86.51,0.7,117.5,0.01,0.02,2336.395155,1776254420000
1776254426.966,26.966,0.32,115.07,0.31,71.51,0.33,110.59,0.34,120.5,0.67,106.31,0.66,120.5,0.68,120.07,0.69,71.51,0.01,0.01,2336.395155,1776254420000
1776254427.387,27.387,0.32,127.77,0.31,71.51,0.33,105.59,0.34,70.5,0.67,110.59,0.66,120.5,0.68,115.07,0.69,71.51,0.01,0.01,2336.395155,1776254420000
1776254427.738,27.738,0.32,70.86,0.31,81.51,0.33,108.63,0.34,125.5,0.67,110.59,0.66,70.5,0.68,90.97,0.69,71.51,0.01,0.01,2336.395155,1776254420000
1776254428.286,28.286,0.32,25.0,0.31,30.0,0.33,157.82,0.34,286.86,0.67,97.63,0.66,125.5,0.68,65.36,0.69,71.51,0.01,0.01,2336.395155,1776254420000
1776254428.961,28.961,0.29,61.09,0.28,82.5,0.31,195.85,0.32,130.78,0.67,157.82,0.66,296.49,0.69,13.46,0.7,107.5,0.02,0.02,2336.395155,1776254420000
1776254429.408,29.408,0.29,45.35,0.28,82.5,0.3,53.06,0.31,180.85,0.69,195.85,0.68,130.78,0.71,61.09,0.72,82.5,0.01,0.02,2336.395155,1776254420000
1776254429.68,29.68,0.29,18.77,0.28,55.0,0.3,127.84,0.31,291.35,0.7,53.06,0.69,180.85,0.71,45.35,0.72,82.5,0.01,0.01,2336.578385,1776254428000
1776254429.884,29.884,0.28,15.5,0.27,44.82,0.29,43.06,0.3,76.28,0.7,127.84,0.69,291.35,0.71,18.77,0.72,55.0,0.01,0.01,2336.578385,1776254428000
1776254430.281,30.281,0.28,49.08,0.27,54.82,0.29,16.06,0.3,24.28,0.71,53.06,0.7,46.28,0.72,11.3,0.73,44.82,0.01,0.01,2336.578385,1776254429000
1776254431.545,31.545,0.28,81.0,0.27,49.82,0.29,118.34,0.3,65.0,0.71,16.06,0.7,24.28,0.72,58.71,0.73,59.82,0.01,0.01,2336.427206,1776254430000
1776254432.242,32.242,0.27,80.5,0.26,130.0,0.29,100.34,0.3,70.0,0.71,118.34,0.7,65.0,0.72,81.0,0.73,49.82,0.02,0.01,2336.427206,1776254430000
1776254432.544,32.544,0.27,40.5,0.26,130.0,0.28,7.7,0.29,95.34,0.71,100.34,0.7,70.0,0.73,80.5,0.74,130.0,0.01,0.02,2336.4101,1776254431000
1776254433.399,33.399,0.27,96.22,0.26,130.0,0.28,26.06,0.29,65.0,0.72,7.7,0.71,95.34,0.73,40.5,0.74,130.0,0.01,0.01,2336.4801,1776254432000
1776254433.756,33.756,0.27,131.22,0.26,130.0,0.28,6.06,0.29,60.0,0.72,26.06,0.71,65.0,0.73,96.22,0.74,130.0,0.01,0.01,2336.4801,1776254432000
1776254434.17,34.17,0.27,140.45,0.26,130.0,0.28,6.06,0.29,60.0,0.72,6.06,0.71,60.0,0.73,131.22,0.74,130.0,0.01,0.01,2336.473325,1776254433000
1776254435.301,35.301,0.27,145.95,0.26,130.0,0.28,17.67,0.29,60.0,0.72,6.06,0.71,60.0,0.73,140.45,0.74,130.0,0.01,0.01,2336.473325,1776254433000
1776254435.749,35.749,0.27,145.95,0.26,138.0,0.28,4.28,0.29,50.0,0.72,17.67,0.71,60.0,0.73,145.95,0.74,130.0,0.01,0.01,2336.416945,1776254434000
1776254436.199,36.199,0.28,100.5,0.27,110.95,0.29,40.92,0.3,70.0,0.71,39.31,0.7,65.0,0.73,150.95,0.74,138.0,0.01,0.02,2336.493105,1776254435000
1776254436.626,36.626,0.28,160.5,0.27,110.95,0.29,27.53,0.3,70.0,0.71,40.92,0.7,70.0,0.72,100.5,0.73,110.95,0.01,0.01,2336.493105,1776254435000
1776254437.66,37.66,0.29,28.59,0.28,15.0,0.3,95.0,0.31,95.5,0.71,27.53,0.7,70.0,0.72,160.5,0.73,110.95,0.01,0.01,2336.538105,1776254436000
1776254440.619,40.619,0.28,15.0,0.27,15.0,0.29,54.63,0.3,100.0,0.7,95.0,0.69,95.5,0.71,28.59,0.72,15.0,0.01,0.01,2336.55287,1776254439000
1776254442.371,42.371,0.25,95.9,0.24,35.0,0.26,45.5,0.27,121.5,0.71,54.63,0.7,100.0,0.72,15.0,0.73,15.0,0.01,0.01,2336.531905,1776254441000
1776254446.327,46.327,0.25,57.9,0.24,35.0,0.26,360.5,0.27,206.5,0.74,45.5,0.73,121.5,0.75,95.9,0.76,35.0,0.01,0.01,2336.1669,1776254444000
1776254446.724,46.724,0.25,53.9,0.24,35.0,0.26,389.82,0.27,206.5,0.74,360.5,0.73,206.5,0.75,57.9,0.76,35.0,0.01,0.01,2336.1669,1776254444000
1776254448.358,48.358,0.25,53.9,0.24,35.0,0.26,416.51,0.27,206.5,0.74,389.82,0.73,206.5,0.75,53.9,0.76,35.0,0.01,0.01,2336.066725,1776254447000
1776254449.267,49.267,0.25,48.76,0.24,35.0,0.26,408.82,0.27,206.5,0.74,416.51,0.73,206.5,0.75,53.9,0.76,35.0,0.01,0.01,2336.059705,1776254448000
1776254449.842,49.842,0.25,46.16,0.24,35.0,0.26,408.82,0.27,206.5,0.74,408.82,0.73,206.5,0.75,48.76,0.76,35.0,0.01,0.01,2336.059705,1776254448000
1776254450.327,50.327,0.25,46.16,0.24,35.0,0.26,355.67,0.27,206.5,0.74,408.82,0.73,206.5,0.75,46.16,0.76,35.0,0.01,0.01,2336.059705,1776254448000
1776254450.605,50.605,0.25,44.49,0.24,35.0,0.26,350.52,0.27,206.5,0.74,360.67,0.73,206.5,0.75,39.49,0.76,35.0,0.01,0.01,2336.005334,1776254449000
1776254451.719,51.719,0.25,109.49,0.24,35.0,0.26,56.02,0.27,105.5,0.74,350.52,0.73,206.5,0.75,44.49,0.76,35.0,0.01,0.01,2336.063381,1776254450000
1776254452.265,52.265,0.25,44.49,0.24,54.7,0.26,155.82,0.27,100.5,0.74,104.02,0.73,105.5,0.75,44.49,0.76,35.0,0.01,0.01,2336.063381,1776254450000
1776254454.847,54.847,0.23,50.0,0.22,135.0,0.24,9.51,0.26,474.5,0.74,155.82,0.73,100.5,0.75,44.49,0.76,54.7,0.01,0.01,2336.062143,1776254452000
1776254457.232,57.232,0.22,13.42,0.21,142.7,0.23,125.5,0.24,195.01,0.76,9.51,0.74,474.5,0.77,50.0,0.78,135.0,0.01,0.01,2335.755725,1776254456000
1776254458.276,58.276,0.21,140.95,0.2,107.5,0.23,184.5,0.24,219.21,0.77,125.5,0.76,195.01,0.78,13.42,0.79,142.7,0.02,0.01,2335.755725,1776254456000
1776254458.999,58.999,0.21,123.64,0.2,107.5,0.22,246.5,0.23,308.77,0.77,184.5,0.76,219.21,0.79,140.95,0.8,107.5,0.01,0.02,2335.70282,1776254457000
1776254459.552,59.552,0.21,103.64,0.2,107.5,0.22,308.5,0.23,308.77,0.78,246.5,0.77,303.77,0.79,108.64,0.8,107.5,0.01,0.01,2335.698625,1776254458000
1776254460.198,60.198,0.2,112.5,0.19,38.4,0.21,6.36,0.22,172.0,0.78,308.5,0.77,308.77,0.79,103.64,0.8,107.5,0.01,0.01,2335.679825,1776254459000
1776254460.574,60.574,0.2,127.3,0.19,38.4,0.21,137.0,0.22,228.49,0.79,89.81,0.78,228.49,0.8,157.55,0.81,38.4,0.01,0.01,2335.679825,1776254459000
1776254460.844,60.844,0.2,112.8,0.19,53.9,0.21,124.4,0.22,196.36,0.79,137.0,0.78,228.49,0.8,127.3,0.81,38.4,0.01,0.01,2335.679825,1776254459000
1776254461.094,61.094,0.2,202.8,0.19,103.9,0.22,5.0,0.23,87.27,0.79,28.0,0.78,10.0,0.8,202.8,0.81,103.9,0.02,0.01,2335.679825,1776254459000
1776254461.444,61.444,0.21,102.35,0.2,205.8,0.22,60.0,0.23,102.27,0.78,55.0,0.77,87.27,0.79,94.9,0.8,205.8,0.01,0.01,2335.573255,1776254460000
1776254461.66,61.66,0.21,112.35,0.2,200.8,0.22,56.0,0.23,102.27,0.78,60.0,0.77,102.27,0.79,102.35,0.8,205.8,0.01,0.01,2335.573255,1776254460000
1776254461.897,61.897,0.21,115.35,0.2,200.8,0.22,66.0,0.23,183.14,0.78,66.0,0.77,173.14,0.79,119.35,0.8,200.8,0.01,0.01,2335.573255,1776254460000
1776254462.91,62.91,0.21,175.8,0.2,200.8,0.22,138.37,0.23,183.14,0.78,66.0,0.77,183.14,0.79,109.1,0.8,200.8,0.01,0.01,2335.578961,1776254461000
1776254463.673,63.673,0.21,177.8,0.2,200.8,0.22,133.37,0.23,183.14,0.78,138.37,0.77,183.14,0.79,175.8,0.8,200.8,0.01,0.01,2335.578961,1776254461000
1776254464.02,64.02,0.21,91.3,0.2,200.8,0.22,96.92,0.23,52.27,0.78,133.37,0.77,183.14,0.79,177.8,0.8,200.8,0.01,0.01,2335.838605,1776254462000
1776254464.391,64.391,0.21,91.3,0.2,200.8,0.22,164.74,0.23,52.27,0.78,153.84,0.77,52.27,0.79,46.3,0.8,200.8,0.01,0.01,2335.9467,1776254463000
1776254466.919,66.919,0.21,31.7,0.2,82.25,0.22,613.07,0.23,236.5,0.78,164.74,0.77,52.27,0.79,91.3,0.8,200.8,0.01,0.01,2335.964664,1776254465000
1776254467.153,67.153,0.2,11.25,0.19,33.4,0.21,291.5,0.22,578.07,0.78,618.07,0.77,236.5,0.79,0.28,0.8,32.25,0.01,0.01,2336.044255,1776254466000
1776254468.668,68.668,0.18,40.25,0.17,40.0,0.19,249.5,0.2,344.49,0.79,342.5,0.78,578.07,0.81,27.65,0.82,124.4,0.01,0.02,2336.03859,1776254467000
1776254469.13,69.13,0.18,15.25,0.17,40.0,0.19,249.5,0.2,349.49,0.81,249.5,0.8,344.49,0.82,40.25,0.83,40.0,0.01,0.01,2336.03859,1776254467000
1776254469.813,69.813,0.18,4.03,0.17,40.0,0.19,254.5,0.2,237.5,0.81,249.5,0.8,349.49,0.82,15.25,0.83,40.0,0.01,0.01,2335.785566,1776254468000
1776254470.536,70.536,0.18,0.9,0.17,35.0,0.19,440.42,0.2,368.86,0.81,254.5,0.8,237.5,0.82,4.03,0.83,40.0,0.01,0.01,2335.719593,1776254469000
1776254471.774,71.774,0.16,85.0,0.15,55.0,0.18,16.1,0.19,489.41,0.81,429.1,0.8,368.86,0.82,0.9,0.83,10.0,0.02,0.01,2335.59595,1776254470000
1776254472.468,72.468,0.16,118.63,0.15,65.0,0.17,273.0,0.18,221.6,0.82,16.1,0.81,489.41,0.84,81.33,0.85,55.0,0.01,0.02,2335.475929,1776254471000
1776254472.836,72.836,0.16,178.63,0.15,153.7,0.17,259.41,0.18,206.1,0.83,273.0,0.82,221.6,0.84,118.63,0.85,65.0,0.01,0.01,2335.475929,1776254471000
1776254473.367,73.367,0.16,190.31,0.15,153.7,0.17,180.58,0.18,211.1,0.83,200.58,0.82,206.1,0.84,178.63,0.85,153.7,0.01,0.01,2335.461978,1776254472000
1776254473.58,73.58,0.16,187.43,0.15,153.7,0.17,185.58,0.18,211.1,0.83,180.58,0.82,211.1,0.84,190.31,0.85,153.7,0.01,0.01,2335.461978,1776254472000
1776254474.305,74.305,0.16,227.93,0.15,158.7,0.17,123.0,0.18,130.0,0.83,185.58,0.82,211.1,0.84,187.43,0.85,153.7,0.01,0.01,2335.345536,1776254473000
1776254475.631,75.631,0.16,221.33,0.15,153.7,0.17,183.82,0.18,175.0,0.83,126.82,0.82,130.0,0.84,222.93,0.85,158.7,0.01,0.01,2335.427495,1776254474000
1776254476.288,76.288,0.16,219.3,0.15,158.7,0.17,173.82,0.18,155.0,0.83,183.82,0.82,175.0,0.84,221.33,0.85,153.7,0.01,0.01,2335.427495,1776254474000
1776254477.041,77.041,0.16,215.3,0.15,158.7,0.17,115.0,0.18,145.0,0.83,173.82,0.82,155.0,0.84,219.3,0.85,158.7,0.01,0.01,2335.502665,1776254476000
1776254478.931,78.931,0.16,205.3,0.15,158.7,0.17,86.67,0.18,145.0,0.83,115.0,0.82,145.0,0.84,215.3,0.85,158.7,0.01,0.01,2335.584735,1776254477000
1776254479.871,79.871,0.16,128.6,0.15,148.2,0.17,196.67,0.18,225.0,0.83,86.67,0.82,145.0,0.84,205.3,0.85,158.7,0.01,0.01,2335.652095,1776254478000
1776254480.651,80.651,0.15,158.7,0.14,207.04,0.16,9.26,0.17,225.67,0.83,196.67,0.82,225.0,0.84,128.6,0.85,148.2,0.01,0.01,2335.653755,1776254479000
1776254481.158,81.158,0.15,159.43,0.14,207.04,0.16,228.26,0.17,188.67,0.84,9.26,0.83,225.67,0.85,158.7,0.86,207.04,0.01,0.01,2335.653755,1776254479000
1776254481.94,81.94,0.15,214.43,0.14,214.04,0.17,112.99,0.18,150.0,0.84,228.26,0.83,188.67,0.85,159.43,0.86,207.04,0.02,0.01,2335.63558,1776254480000
1776254482.54,82.54,0.16,64.88,0.15,204.43,0.17,117.32,0.18,155.0,0.83,164.4,0.82,150.0,0.84,15.5,0.85,204.43,0.01,0.01,2335.556134,1776254481000
1776254484.553,84.553,0.16,140.68,0.15,169.43,0.17,82.32,0.18,165.0,0.83,77.32,0.82,155.0,0.84,94.38,0.85,204.43,0.01,0.01,2335.774535,1776254483000
1776254484.965,84.965,0.16,45.98,0.15,137.2,0.17,296.32,0.18,250.5,0.83,82.32,0.82,165.0,0.84,139.48,0.85,169.43,0.01,0.01,2335.760706,1776254484000
1776254486.493,86.493,0.16,23.59,0.15,142.2,0.17,311.32,0.18,250.5,0.83,291.32,0.82,257.5,0.84,43.59,0.85,137.2,0.01,0.01,2335.77908,1776254485000
1776254487.025,87.025,0.15,69.44,0.14,186.54,0.16,236.0,0.17,277.13,0.83,311.32,0.82,250.5,0.84,23.59,0.85,142.2,0.01,0.01,2335.77908,1776254485000
1776254487.291,87.291,0.15,69.44,0.14,191.54,0.16,305.94,0.17,261.82,0.84,236.0,0.83,277.13,0.85,69.44,0.86,186.54,0.01,0.01,2335.734929,1776254486000
1776254488.085,88.085,0.15,85.68,0.14,191.54,0.16,281.53,0.17,244.82,0.84,305.94,0.83,261.82,0.85,65.68,0.86,191.54,0.01,0.01,2335.734929,1776254486000
1776254490.932,90.932,0.15,192.41,0.14,202.04,0.17,110.0,0.18,150.0,0.84,281.53,0.83,244.82,0.85,85.68,0.86,191.54,0.02,0.01,2335.644456,1776254489000
1776254491.903,91.903,0.16,131.8,0.15,187.41,0.17,109.41,0.18,165.0,0.83,94.41,0.82,150.0,0.84,10.0,0.85,207.41,0.01,0.01,2335.568652,1776254490000
1776254492.189,92.189,0.16,137.8,0.15,177.41,0.17,109.41,0.18,155.0,0.83,109.41,0.82,165.0,0.84,131.8,0.85,187.41,0.01,0.01,2335.568652,1776254490000
1776254493.437,93.437,0.16,132.8,0.15,247.41,0.17,48.37,0.18,115.0,0.83,97.64,0.82,155.0,0.84,142.8,0.85,177.41,0.01,0.01,2335.79339,1776254492000
1776254494.341,94.341,0.16,33.8,0.15,232.41,0.17,181.47,0.18,120.5,0.83,48.37,0.82,115.0,0.84,132.8,0.85,247.41,0.01,0.01,2335.80174,1776254493000
1776254499.256,99.256,0.16,223.8,0.15,232.41,0.17,17.47,0.18,100.0,0.83,181.47,0.82,120.5,0.84,33.8,0.85,232.41,0.01,0.01,2335.685427,1776254497000
1776254499.902,99.902,0.16,245.23,0.15,232.41,0.17,27.47,0.18,50.0,0.83,17.47,0.82,100.0,0.84,223.8,0.85,232.41,0.01,0.01,2335.79211,1776254499000
1776254500.238,100.238,0.16,250.23,0.15,242.41,0.17,9.47,0.18,50.0,0.83,27.47,0.82,50.0,0.84,245.23,0.85,232.41,0.01,0.01,2335.79211,1776254499000
1776254501.399,101.399,0.16,250.23,0.15,249.91,0.18,50.0,0.19,50.0,0.83,9.47,0.82,50.0,0.84,250.23,0.85,242.41,0.02,0.01,2335.7952,1776254500000
1776254505.092,105.092,0.17,150.5,0.16,140.73,0.18,73.7,0.19,40.0,0.82,50.0,0.81,50.0,0.84,250.23,0.85,249.91,0.01,0.02,2335.927855,1776254503000
1776254505.824,105.824,0.17,171.0,0.16,120.73,0.18,67.2,0.19,55.31,0.82,57.2,0.81,40.0,0.83,120.5,0.84,110.73,0.01,0.01,2335.93237,1776254504000
1776254506.483,106.483,0.17,176.0,0.16,115.73,0.19,38.86,0.2,35.0,0.82,6.92,0.81,55.31,0.83,176.0,0.84,115.73,0.02,0.01,2335.940764,1776254505000
1776254506.92,106.92,0.17,176.0,0.16,136.73,0.18,4.44,0.19,53.86,0.81,38.86,0.8,35.0,0.83,176.0,0.84,115.73,0.01,0.02,2335.940764,1776254505000
1776254507.675,107.675,0.18,134.66,0.17,140.5,0.19,38.55,0.2,40.0,0.82,4.44,0.81,53.86,0.83,176.0,0.84,136.73,0.01,0.01,2335.940764,1776254505000
1776254508.287,108.287,0.16,25.23,0.15,65.68,0.19,164.05,0.2,243.86,0.81,38.55,0.8,40.0,0.82,134.66,0.83,140.5,0.03,0.01,2335.940764,1776254505000
1776254508.815,108.815,0.14,131.54,0.13,66.8,0.15,12.83,0.16,184.5,0.83,15.0,0.82,49.5,0.84,17.47,0.85,65.68,0.01,0.01,2336.142875,1776254507000
1776254509.233,109.233,0.14,26.64,0.13,66.8,0.15,44.83,0.16,140.5,0.85,12.83,0.84,184.5,0.86,131.54,0.87,66.8,0.01,0.01,2336.142875,1776254507000
1776254509.655,109.655,0.14,6.64,0.13,10.0,0.15,53.38,0.16,140.5,0.85,44.83,0.84,140.5,0.86,26.64,0.87,66.8,0.01,0.01,2336.177395,1776254508000
1776254509.939,109.939,0.12,152.92,0.11,135.0,0.15,53.38,0.16,210.5,0.85,53.38,0.84,210.5,0.88,160.0,0.89,135.0,0.03,0.03,2335.974735,1776254509000
1776254510.203,110.203,0.12,91.68,0.11,135.0,0.15,44.38,0.16,210.5,0.85,58.38,0.84,210.5,0.88,91.78,0.89,135.0,0.03,0.03,2335.974735,1776254509000
1776254510.545,110.545,0.11,25.0,0.1,95.0,0.13,110.0,0.14,103.75,0.86,23.25,0.85,44.38,0.88,0.03,0.89,135.0,0.02,0.02,2335.974735,1776254509000
1776254510.867,110.867,0.1,95.0,0.09,85.0,0.11,40.0,0.12,10.0,0.87,110.0,0.86,103.75,0.89,25.0,0.9,95.0,0.01,0.02,2335.974735,1776254509000
1776254511.191,111.191,0.1,25.98,0.09,35.0,0.11,15.0,0.12,25.68,0.89,40.0,0.88,10.0,0.9,95.0,0.91,85.0,0.01,0.01,2334.873,1776254510000
1776254511.455,111.455,0.12,6.43,0.11,10.0,0.14,58.75,0.15,19.38,0.87,11.63,0.86,58.75,0.88,19.94,0.89,10.0,0.02,0.01,2334.873,1776254510000
1776254511.71,111.71,0.12,10.0,0.11,65.0,0.13,8.0,0.14,41.25,0.86,58.75,0.85,19.38,0.88,6.43,0.89,10.0,0.01,0.02,2334.873,1776254510000
1776254512.001,112.001,0.12,10.0,0.11,64.76,0.14,37.17,0.15,10.0,0.86,47.17,0.85,10.0,0.88,10.0,0.89,64.76,0.02,0.02,2334.873,1776254510000
1776254512.252,112.252,0.15,33.33,0.14,10.0,0.16,22.48,0.17,209.36,0.84,45.98,0.83,224.86,0.85,33.33,0.86,27.67,0.01,0.01,2333.510998,1776254511000
1776254512.488,112.488,0.15,10.0,0.14,9.05,0.17,132.83,0.18,30.0,0.83,125.83,0.82,30.0,0.84,10.0,0.85,10.0,0.02,0.01,2333.510998,1776254511000
1776254512.709,112.709,0.14,10.77,0.13,15.0,0.16,10.0,0.17,102.83,0.84,10.0,0.83,102.83,0.86,12.8,0.87,15.0,0.02,0.02,2333.510998,1776254511000
1776254513.073,113.073,0.12,13.87,0.11,64.76,0.15,10.0,0.16,15.0,0.85,5.0,0.84,10.0,0.86,5.77,0.87,15.0,0.03,0.01,2333.510998,1776254511000
1776254513.372,113.372,0.13,10.0,0.12,10.0,0.15,42.31,0.16,15.0,0.85,23.45,0.84,20.0,0.86,15.0,0.87,10.0,0.02,0.01,2334.429134,1776254512000
1776254513.593,113.593,0.12,109.09,0.11,166.63,0.14,5.0,0.15,55.45,0.85,42.31,0.84,15.0,0.87,10.0,0.88,10.0,0.02,0.02,2334.429134,1776254512000
1776254513.873,113.873,0.12,10.0,0.11,90.72,0.14,6.64,0.15,40.45,0.85,54.45,0.84,15.0,0.89,80.72,0.9,120.0,0.02,0.04,2334.429134,1776254512000
1776254514.432,114.432,0.12,4.75,0.11,90.72,0.13,10.0,0.14,16.64,0.86,6.64,0.85,40.45,0.88,10.0,0.89,90.72,0.01,0.02,2334.927009,1776254513000
1776254515.328,115.328,0.11,68.37,0.1,205.19,0.13,15.0,0.14,22.14,0.87,10.0,0.86,16.64,0.88,4.75,0.89,90.72,0.02,0.01,2335.51871,1776254514000
1776254515.8,115.8,0.12,23.6,0.11,58.37,0.13,24.0,0.14,11.64,0.87,15.0,0.86,22.14,0.89,68.37,0.9,205.19,0.01,0.02,2335.51871,1776254514000
1776254516.152,116.152,0.12,30.6,0.11,86.37,0.15,5.0,0.16,65.0,0.87,24.0,0.86,11.64,0.88,30.36,0.89,58.37,0.03,0.01,2335.51871,1776254514000
1776254516.985,116.985,0.14,81.0,0.13,63.8,0.15,11.63,0.16,15.0,0.85,5.0,0.84,65.0,0.88,30.6,0.89,86.37,0.01,0.03,2335.3049,1776254515000
1776254517.357,117.357,0.14,152.48,0.13,95.8,0.18,7.06,0.19,55.18,0.84,8.63,0.83,22.63,0.86,136.0,0.87,68.8,0.04,0.02,2335.0675,1776254516000
1776254517.863,117.863,0.15,190.2,0.14,127.48,0.16,102.5,0.17,25.5,0.82,7.06,0.81,55.18,0.86,152.48,0.87,95.8,0.01,0.04,2335.0675,1776254516000
1776254518.268,118.268,0.15,57.05,0.14,141.9,0.16,49.91,0.17,30.5,0.84,48.17,0.83,25.5,0.86,116.9,0.87,145.8,0.01,0.02,2335.0675,1776254516000
1776254518.736,118.736,0.14,114.65,0.13,156.3,0.15,5.0,0.16,41.01,0.84,76.01,0.83,35.5,0.86,52.41,0.87,145.8,0.01,0.02,2335.117142,1776254517000
1776254519.023,119.023,0.15,105.5,0.14,104.55,0.16,31.9,0.17,15.0,0.85,5.0,0.84,41.01,0.86,114.65,0.87,156.3,0.01,0.01,2335.391536,1776254518000
1776254519.645,119.645,0.16,192.0,0.15,95.5,0.19,49.05,0.2,35.0,0.82,2.9,0.81,49.05,0.84,5.0,0.85,95.0,0.03,0.02,2335.391536,1776254518000
1776254519.928,119.928,0.18,62.0,0.17,25.94,0.21,1.38,0.22,248.58,0.79,5.08,0.78,248.58,0.83,15.0,0.84,191.78,0.03,0.04,2335.391536,1776254518000
1776254520.174,120.174,0.19,146.0,0.18,50.0,0.2,44.53,0.21,42.37,0.78,204.67,0.77,25.0,0.82,142.0,0.83,25.94,0.01,0.04,2335.45518,1776254519000
1776254520.43,120.43,0.19,19.0,0.18,10.0,0.2,45.5,0.21,48.0,0.8,45.5,0.79,48.0,0.81,43.0,0.82,10.0,0.01,0.01,2335.45518,1776254519000
1776254520.738,120.738,0.18,55.21,0.17,70.94,0.19,106.82,0.2,40.5,0.81,18.0,0.8,40.5,0.82,23.96,0.83,25.5,0.01,0.01,2335.45518,1776254519000
1776254521.552,121.552,0.17,57.75,0.16,76.59,0.18,10.0,0.19,134.72,0.81,124.22,0.8,40.5,0.83,60.0,0.84,70.28,0.01,0.02,2335.610265,1776254520000
1776254522.792,122.792,0.17,50.6,0.16,54.78,0.18,48.72,0.19,113.72,0.82,23.0,0.81,134.72,0.83,56.54,0.84,61.09,0.01,0.01,2335.610265,1776254521000
1776254523.031,123.031,0.16,51.54,0.15,60.0,0.17,27.0,0.18,10.5,0.83,8.0,0.81,143.39,0.84,54.78,0.85,60.0,0.01,0.01,2335.610265,1776254521000
1776254523.387,123.387,0.15,60.0,0.14,36.74,0.17,87.5,0.18,10.5,0.83,27.0,0.82,10.5,0.84,51.54,0.85,60.0,0.02,0.01,2335.414705,1776254522000
1776254523.59,123.59,0.14,28.93,0.13,65.0,0.15,34.0,0.16,87.0,0.85,10.0,0.84,87.0,0.86,36.74,0.87,114.0,0.01,0.01,2335.414705,1776254522000
1776254524.141,124.141,0.14,30.63,0.13,65.0,0.15,83.93,0.16,97.5,0.85,34.0,0.84,87.0,0.86,28.93,0.87,65.0,0.01,0.01,2335.414705,1776254522000
1776254525.429,125.429,0.14,27.63,0.13,65.0,0.15,84.93,0.16,147.5,0.85,83.93,0.84,97.5,0.86,30.63,0.87,65.0,0.01,0.01,2335.30932,1776254524000
1776254525.703,125.703,0.14,0.69,0.13,65.0,0.15,83.76,0.16,222.33,0.85,18.26,0.84,147.5,0.86,27.63,0.87,65.0,0.01,0.01,2335.30932,1776254524000
1776254526.001,126.001,0.12,56.38,0.11,60.0,0.14,99.81,0.15,83.76,0.86,30.81,0.85,83.76,0.87,38.14,0.88,60.0,0.02,0.01,2335.30932,1776254524000
1776254526.287,126.287,0.12,146.79,0.11,65.0,0.13,16.3,0.15,18.26,0.86,99.81,0.85,83.76,0.88,56.38,0.89,60.0,0.01,0.02,2335.30932,1776254524000
1776254527.462,127.462,0.14,163.21,0.13,60.0,0.15,30.03,0.16,34.83,0.85,68.26,0.84,84.0,0.88,113.79,0.89,75.5,0.01,0.03,2335.073421,1776254526000
1776254527.694,127.694,0.14,126.54,0.13,65.0,0.15,4.98,0.16,84.83,0.85,4.98,0.84,34.83,0.86,123.21,0.87,65.0,0.01,0.01,2335.073421,1776254526000
1776254528.729,128.729,0.14,8.02,0.13,60.0,0.15,100.0,0.16,84.83,0.85,4.98,0.84,84.83,0.86,126.54,0.87,65.0,0.01,0.01,2334.712624,1776254527000
1776254529.275,129.275,0.14,6.08,0.13,10.0,0.15,217.93,0.16,84.83,0.85,100.0,0.84,84.83,0.86,8.02,0.87,60.0,0.01,0.01,2334.712624,1776254527000
1776254532.036,132.036,0.13,10.0,0.12,10.0,0.14,60.35,0.15,132.99,0.85,285.93,0.84,95.33,0.86,0.94,0.87,10.0,0.01,0.01,2334.944019,1776254530000
1776254532.482,132.482,0.12,10.0,0.11,10.0,0.14,188.55,0.15,130.64,0.86,81.05,0.85,142.49,0.87,10.0,0.88,10.0,0.02,0.01,2334.87788,1776254531000
1776254533.569,133.569,0.1,10.0,0.09,10.0,0.12,147.86,0.13,136.5,0.88,20.86,0.87,145.0,0.89,10.0,0.9,10.0,0.02,0.01,2334.89224,1776254532000
1776254534.324,134.324,0.1,71.1,0.09,10.0,0.11,96.25,0.12,114.86,0.88,147.86,0.87,136.5,0.9,10.0,0.91,10.0,0.01,0.02,2334.89224,1776254532000
1776254535.458,135.458,0.1,4.94,0.09,10.0,0.11,113.25,0.12,114.86,0.89,96.25,0.88,114.86,0.9,71.1,0.91,10.0,0.01,0.01,2334.479705,1776254534000
1776254535.827,135.827,0.1,15.47,0.09,10.0,0.11,77.0,0.12,103.86,0.89,113.25,0.88,114.86,0.9,4.94,0.91,10.0,0.01,0.01,2334.479705,1776254534000
1776254537.214,137.214,0.09,10.0,0.08,10.0,0.11,147.0,0.12,120.36,0.89,77.0,0.88,103.86,0.9,15.47,0.91,10.0,0.02,0.01,2334.531765,1776254536000
1776254537.701,137.701,0.08,35.62,0.07,185.3,0.09,36.4,0.1,99.0,0.9,72.0,0.89,149.0,0.92,7.0,0.93,185.3,0.01,0.02,2334.531765,1776254536000
1776254538.314,138.314,0.08,23.0,0.07,130.0,0.09,81.4,0.1,138.0,0.91,36.4,0.9,99.0,0.92,35.62,0.93,185.3,0.01,0.01,2334.531765,1776254536000
1776254539.226,139.226,0.08,40.62,0.07,130.0,0.09,92.4,0.1,138.0,0.91,81.4,0.9,138.0,0.92,23.0,0.93,130.0,0.01,0.01,2334.423975,1776254538000
1776254541.328,141.328,0.07,135.0,0.06,144.8,0.09,119.0,0.1,115.0,0.91,92.4,0.9,138.0,0.92,40.62,0.93,130.0,0.02,0.01,2334.234846,1776254540000
1776254542.579,142.579,0.07,149.9,0.06,133.8,0.08,135.0,0.09,119.0,0.91,119.0,0.9,115.0,0.93,135.0,0.94,144.8,0.01,0.02,2334.170775,1776254541000
1776254544.257,144.257,0.07,147.81,0.06,133.8,0.08,117.0,0.09,119.0,0.92,135.0,0.91,119.0,0.93,149.9,0.94,133.8,0.01,0.01,2334.104537,1776254543000
1776254544.55,144.55,0.07,120.92,0.06,133.8,0.08,117.0,0.09,119.0,0.92,117.0,0.91,119.0,0.93,147.81,0.94,133.8,0.01,0.01,2334.104537,1776254543000
1776254547.47,147.47,0.07,128.92,0.06,138.8,0.08,58.5,0.09,133.43,0.92,117.0,0.91,119.0,0.93,120.92,0.94,133.8,0.01,0.01,2334.059926,1776254546000
1776254548.317,148.317,0.07,192.92,0.06,138.8,0.08,63.0,0.09,447.26,0.92,58.5,0.91,133.43,0.93,128.92,0.94,138.8,0.01,0.01,2334.059926,1776254546000
1776254548.8,148.8,0.07,137.3,0.06,133.8,0.08,68.0,0.09,447.26,0.92,63.0,0.91,447.26,0.93,192.92,0.94,138.8,0.01,0.01,2334.084352,1776254547000
1776254549.227,149.227,0.07,147.44,0.06,138.8,0.08,117.23,0.09,388.0,0.92,63.0,0.91,447.26,0.93,154.06,0.94,133.8,0.01,0.01,2334.084672,1776254548000
1776254549.486,149.486,0.07,131.97,0.06,138.8,0.08,122.23,0.09,388.0,0.92,117.23,0.91,388.0,0.93,136.81,0.94,138.8,0.01,0.01,2334.084672,1776254548000
1776254550.764,150.764,0.07,190.16,0.06,133.8,0.08,123.58,0.09,388.0,0.92,117.23,0.91,388.0,0.93,112.43,0.94,138.8,0.01,0.01,2334.117315,1776254549000
1776254551.758,151.758,0.07,178.63,0.06,188.8,0.08,215.35,0.09,360.0,0.92,68.03,0.91,388.0,0.93,178.9,0.94,133.8,0.01,0.01,2334.117995,1776254550000
1776254552.33,152.33,0.08,26.65,0.07,351.93,0.12,90.86,0.13,92.0,0.92,215.35,0.91,360.0,0.93,178.63,0.94,188.8,0.04,0.01,2334.13882,1776254551000
1776254552.588,152.588,0.11,93.81,0.1,75.5,0.12,39.0,0.13,91.0,0.88,104.74,0.87,113.0,0.89,15.5,0.9,53.5,0.01,0.01,2334.13882,1776254551000
1776254552.96,152.96,0.11,89.51,0.1,75.5,0.12,15.0,0.13,86.0,0.88,39.0,0.87,91.0,0.89,92.89,0.9,75.5,0.01,0.01,2334.13882,1776254551000
1776254553.163,153.163,0.11,125.13,0.1,75.5,0.14,11.0,0.15,10.0,0.86,21.0,0.85,10.0,0.89,125.13,0.9,75.5,0.03,0.03,2334.13882,1776254551000
1776254553.416,153.416,0.12,40.0,0.11,80.12,0.15,10.0,0.16,10.0,0.86,1.0,0.85,10.0,0.89,125.13,0.9,75.5,0.03,0.03,2334.14419,1776254552000
1776254553.647,153.647,0.14,3.83,0.13,15.0,0.15,27.83,0.16,10.0,0.85,10.0,0.84,10.0,0.87,14.25,0.88,93.0,0.01,0.02,2334.14419,1776254552000
1776254553.971,153.971,0.14,100.21,0.13,25.5,0.15,12.93,0.16,18.0,0.85,12.93,0.84,10.0,0.86,2.08,0.87,15.0,0.01,0.01,2334.14419,1776254552000
1776254554.187,154.187,0.14,99.39,0.13,25.5,0.15,152.22,0.16,18.0,0.85,12.93,0.84,18.0,0.86,100.21,0.87,25.5,0.01,0.01,2334.14419,1776254552000
1776254554.566,154.566,0.14,124.89,0.13,25.5,0.15,121.64,0.16,30.83,0.85,111.64,0.84,30.83,0.86,139.39,0.87,25.5,0.01,0.01,2334.14419,1776254552000
1776254554.786,154.786,0.14,123.72,0.13,25.5,0.15,121.64,0.16,30.83,0.85,121.64,0.84,30.83,0.86,124.89,0.87,25.5,0.01,0.01,2334.14419,1776254552000
1776254555.12,155.12,0.14,173.72,0.13,75.5,0.15,106.02,0.16,10.0,0.85,121.64,0.84,30.83,0.86,123.72,0.87,25.5,0.01,0.01,2334.950574,1776254553000
1776254555.344,155.344,0.14,165.89,0.13,75.5,0.15,111.02,0.16,70.0,0.85,106.02,0.84,10.0,0.86,173.72,0.87,75.5,0.01,0.01,2334.950574,1776254553000
1776254555.699,155.699,0.14,187.19,0.13,81.5,0.15,10.86,0.16,10.0,0.85,111.02,0.84,70.0,0.86,165.89,0.87,75.5,0.01,0.01,2335.194439,1776254554000
1776254556.554,156.554,0.16,269.5,0.15,51.5,0.2,18.75,0.21,10.0,0.83,16.02,0.82,10.0,0.85,42.5,0.86,112.58,0.04,0.02,2335.281293,1776254555000
1776254556.788,156.788,0.2,25.5,0.19,40.0,0.21,1.91,0.22,174.67,0.79,7.2,0.78,174.67,0.81,40.31,0.82,81.42,0.01,0.02,2335.281293,1776254555000
1776254556.992,156.992,0.2,24.5,0.19,40.0,0.21,10.0,0.22,179.67,0.78,174.67,0.77,25.0,0.8,25.5,0.81,40.0,0.01,0.02,2335.281293,1776254555000
1776254557.214,157.214,0.2,38.97,0.19,31.0,0.21,10.0,0.22,179.67,0.79,10.0,0.78,179.67,0.8,24.5,0.81,40.0,0.01,0.01,2335.281293,1776254555000
1776254557.757,157.757,0.2,84.83,0.19,68.0,0.21,10.0,0.22,179.67,0.79,10.0,0.78,179.67,0.8,38.97,0.81,31.0,0.01,0.01,2335.485172,1776254556000
1776254558.188,158.188,0.18,37.87,0.17,75.5,0.19,15.0,0.2,16.0,0.79,10.0,0.78,179.67,0.8,84.83,0.81,68.0,0.01,0.01,2335.69039,1776254557000
1776254559.481,159.481,0.18,213.48,0.17,81.44,0.19,21.03,0.21,10.0,0.81,15.0,0.8,16.0,0.82,37.87,0.83,75.5,0.01,0.01,2336.252975,1776254558000
1776254559.743,159.743,0.2,21.0,0.19,80.0,0.21,5.15,0.22,174.67,0.79,10.0,0.78,164.67,0.82,265.48,0.83,103.44,0.01,0.03,2336.252975,1776254558000
1776254560.571,160.571,0.21,132.85,0.2,119.8,0.22,164.67,0.23,20.0,0.78,174.67,0.77,20.0,0.79,9.85,0.8,126.8,0.01,0.01,2336.16644,1776254559000
1776254560.778,160.778,0.2,156.55,0.19,91.0,0.21,16.28,0.22,170.67,0.79,16.28,0.78,170.67,0.8,119.8,0.81,71.0,0.01,0.01,2336.16644,1776254559000
1776254561.165,161.165,0.2,187.45,0.19,119.71,0.21,36.28,0.22,175.67,0.79,16.28,0.78,170.67,0.8,156.55,0.81,91.0,0.01,0.01,2336.16644,1776254559000
1776254561.901,161.901,0.2,52.25,0.19,73.4,0.21,82.28,0.22,175.67,0.79,36.28,0.78,175.67,0.8,187.45,0.81,119.71,0.01,0.01,2336.370046,1776254561000
1776254563.545,163.545,0.2,368.64,0.19,113.71,0.21,10.0,0.22,220.67,0.79,32.28,0.78,175.67,0.8,13.26,0.81,73.4,0.01,0.01,2336.46147,1776254562000
1776254564.815,164.815,0.2,300.59,0.19,120.0,0.22,220.67,0.23,80.0,0.79,10.0,0.78,220.67,0.8,368.64,0.81,113.71,0.02,0.01,2336.306492,1776254563000
1776254565.031,165.031,0.2,229.97,0.19,120.0,0.22,274.67,0.23,80.0,0.78,274.67,0.77,80.0,0.79,9.5,0.8,260.59,0.02,0.01,2336.306492,1776254563000
1776254566.375,166.375,0.2,144.93,0.19,75.31,0.21,40.0,0.22,214.67,0.78,274.67,0.77,80.0,0.8,229.97,0.81,120.0,0.01,0.02,2336.377368,1776254564000
1776254566.712,166.712,0.21,248.5,0.2,159.93,0.22,150.67,0.23,20.0,0.79,40.0,0.78,214.67,0.8,144.93,0.81,75.31,0.01,0.01,2336.357632,1776254565000
1776254568.444,168.444,0.21,215.17,0.2,159.93,0.22,55.67,0.23,25.0,0.78,95.67,0.77,20.0,0.79,205.17,0.8,159.93,0.01,0.01,2336.235247,1776254567000
1776254569.121,169.121,0.21,125.5,0.2,75.55,0.22,69.76,0.23,25.0,0.78,55.67,0.77,25.0,0.79,215.17,0.8,159.93,0.01,0.01,2336.235247,1776254567000
1776254569.443,169.443,0.21,40.5,0.2,70.5,0.22,166.76,0.23,75.0,0.78,69.76,0.77,25.0,0.79,125.5,0.8,75.55,0.01,0.01,2336.235247,1776254567000
1776254571.983,171.983,0.21,158.67,0.2,75.55,0.22,76.76,0.23,25.0,0.78,166.76,0.77,75.0,0.79,40.5,0.8,70.5,0.01,0.01,2336.448095,1776254570000
1776254573.013,173.013,0.2,100.55,0.19,80.31,0.22,61.76,0.23,75.0,0.78,61.76,0.77,70.0,0.79,158.67,0.8,75.55,0.02,0.01,2336.43437,1776254571000
1776254573.281,173.281,0.21,93.23,0.2,75.55,0.22,61.76,0.23,75.0,0.78,61.76,0.77,75.0,0.8,100.55,0.81,80.31,0.01,0.02,2336.36925,1776254572000
1776254574.462,174.462,0.21,81.4,0.2,85.55,0.22,61.76,0.23,85.5,0.78,61.76,0.77,75.0,0.79,93.23,0.8,75.55,0.01,0.01,2336.458822,1776254573000
1776254576.511,176.511,0.2,5.0,0.19,5.0,0.21,12.6,0.22,115.26,0.78,61.76,0.77,85.5,0.79,81.4,0.8,85.55,0.01,0.01,2336.41401,1776254575000
1776254576.728,176.728,0.18,93.49,0.17,137.43,0.2,7.35,0.21,38.1,0.81,6.17,0.8,31.0,0.82,72.88,0.83,126.49,0.02,0.01,2336.41401,1776254575000
1776254578.577,178.577,0.21,235.5,0.2,198.55,0.22,19.91,0.23,10.0,0.8,7.35,0.79,38.1,0.82,93.49,0.83,137.43,0.01,0.02,2336.403785,1776254577000
1776254580.593,180.593,0.21,98.78,0.2,46.05,0.22,151.41,0.23,114.72,0.78,19.91,0.77,10.0,0.79,235.5,0.8,198.55,0.01,0.01,2336.31884,1776254579000
1776254580.82,180.82,0.21,10.0,0.2,10.0,0.22,100.86,0.23,124.72,0.78,151.41,0.77,114.72,0.79,98.78,0.8,46.05,0.01,0.01,2336.31884,1776254579000
1776254582.095,182.095,0.19,20.0,0.18,25.89,0.2,50.67,0.21,95.5,0.8,4.17,0.79,45.5,0.82,10.39,0.83,117.0,0.01,0.02,2336.536833,1776254581000
1776254582.873,182.873,0.17,88.28,0.16,34.0,0.19,31.5,0.2,71.17,0.8,61.17,0.79,95.5,0.81,24.07,0.82,25.89,0.02,0.01,2336.536833,1776254581000
1776254583.359,183.359,0.17,94.22,0.16,21.31,0.18,134.61,0.19,118.5,0.81,31.5,0.8,71.17,0.83,88.28,0.84,34.0,0.01,0.02,2336.33327,1776254582000
1776254584.365,184.365,0.16,10.0,0.15,10.0,0.17,9.17,0.18,276.11,0.82,134.61,0.81,118.5,0.83,94.22,0.84,21.31,0.01,0.01,2336.33327,1776254582000
1776254584.726,184.726,0.15,10.0,0.14,10.0,0.17,98.67,0.18,281.11,0.83,23.17,0.82,276.11,0.84,7.0,0.85,10.0,0.02,0.01,2336.33327,1776254582000
1776254584.972,184.972,0.14,0.04,0.13,10.0,0.15,10.0,0.16,165.84,0.85,10.0,0.84,155.84,0.87,10.0,0.88,10.0,0.01,0.02,2336.27249,1776254583000
1776254585.253,185.253,0.14,5.0,0.13,1.57,0.15,122.5,0.16,247.34,0.85,12.0,0.84,189.34,0.87,1.57,0.88,10.0,0.01,0.02,2336.27249,1776254583000
1776254585.48,185.48,0.14,6.51,0.13,10.0,0.15,152.5,0.16,206.34,0.85,122.5,0.84,212.34,0.88,15.0,0.89,15.0,0.01,0.03,2336.27249,1776254583000
1776254586.08,186.08,0.14,6.51,0.13,10.0,0.15,124.3,0.16,210.34,0.85,152.5,0.84,206.34,0.86,6.51,0.87,10.0,0.01,0.01,2336.137125,1776254584000
1776254586.531,186.531,0.14,11.51,0.13,15.0,0.16,26.84,0.17,92.17,0.85,124.3,0.84,210.34,0.86,6.51,0.87,10.0,0.02,0.01,2336.137125,1776254584000
1776254586.866,186.866,0.14,7.89,0.13,15.0,0.16,52.99,0.17,92.17,0.84,26.84,0.83,92.17,0.86,11.51,0.87,15.0,0.02,0.02,2335.90065,1776254585000
1776254588.407,188.407,0.16,43.0,0.15,118.0,0.17,1.17,0.18,50.61,0.84,52.99,0.83,92.17,0.86,7.89,0.87,15.0,0.01,0.02,2335.692098,1776254586000
1776254588.838,188.838,0.16,81.3,0.15,95.5,0.17,11.07,0.18,50.61,0.83,11.07,0.82,50.61,0.84,63.5,0.85,138.5,0.01,0.01,2335.69839,1776254587000
1776254589.068,189.068,0.17,6.93,0.16,86.3,0.18,50.61,0.19,10.0,0.83,11.07,0.82,50.61,0.84,81.3,0.85,95.5,0.01,0.01,2335.69839,1776254587000
1776254590.026,190.026,0.14,7.0,0.13,15.0,0.15,5.0,0.16,20.0,0.82,33.61,0.81,10.0,0.83,6.93,0.84,81.3,0.01,0.01,2335.743196,1776254588000
1776254591.316,191.316,0.13,10.0,0.12,10.0,0.14,14.0,0.15,134.5,0.85,5.0,0.84,20.0,0.86,7.0,0.87,15.0,0.01,0.01,2335.780031,1776254589000
1776254592.697,192.697,0.12,65.79,0.11,15.0,0.14,84.0,0.15,126.0,0.86,24.0,0.85,134.5,0.88,10.0,0.89,25.5,0.02,0.02,2335.898425,1776254591000
1776254593.284,193.284,0.11,7.0,0.1,10.0,0.13,5.0,0.14,149.0,0.86,84.0,0.85,126.0,0.88,65.79,0.89,15.0,0.02,0.02,2335.898425,1776254591000
1776254593.607,193.607,0.11,1.62,0.1,10.0,0.12,29.0,0.13,73.06,0.87,5.0,0.86,149.0,0.89,7.0,0.9,10.0,0.01,0.02,2335.781004,1776254592000
1776254594.188,194.188,0.11,1.62,0.1,15.0,0.15,161.77,0.16,215.0,0.88,29.0,0.87,73.06,0.89,1.62,0.9,10.0,0.04,0.01,2335.749275,1776254593000
1776254594.468,194.468,0.13,2.7,0.12,35.0,0.14,10.0,0.15,10.0,0.85,161.77,0.84,215.0,0.89,1.62,0.9,15.0,0.01,0.04,2335.749275,1776254593000
1776254594.857,194.857,0.13,12.7,0.12,15.0,0.15,7.0,0.16,10.0,0.86,10.0,0.85,10.0,0.87,2.7,0.88,35.0,0.02,0.01,2335.749275,1776254593000
1776254595.983,195.983,0.13,92.7,0.12,49.5,0.15,9.33,0.16,20.5,0.85,7.0,0.84,10.0,0.87,12.7,0.88,15.0,0.02,0.02,2335.521075,1776254594000
1776254597.178,197.178,0.14,10.0,0.13,34.7,0.15,5.0,0.16,192.09,0.84,142.09,0.83,33.0,0.86,26.0,0.87,34.7,0.01,0.02,2335.663412,1776254596000
1776254599.625,199.625,0.17,18.0,0.14,236.67,0.18,3.61,0.22,36.36,0.85,5.0,0.84,192.09,0.86,10.0,0.87,34.7,0.01,0.01,2337.478761,1776254598000
1776254599.927,199.927,0.26,11.75,0.25,30.0,0.45,64.9,0.46,20.25,0.62,3.23,0.59,55.0,0.74,11.75,0.75,30.0,0.19,0.12,2337.478761,1776254598000
1776254600.263,200.263,0.26,11.75,0.25,40.0,0.5,16.21,0.51,150.0,0.5,38.21,0.49,50.0,0.74,11.75,0.75,40.0,0.24,0.24,2337.478761,1776254598000
1776254600.547,200.547,0.26,11.65,0.25,40.0,0.5,1.21,0.51,100.0,0.5,16.21,0.49,150.0,0.74,11.75,0.75,40.0,0.24,0.24,2337.478761,1776254598000
1776254600.777,200.777,0.43,3.24,0.38,100.0,0.54,54.68,0.55,145.0,0.46,54.68,0.45,145.0,0.57,5.0,0.62,100.0,0.11,0.11,2337.945586,1776254599000
1776254600.997,200.997,0.43,5.0,0.42,5.0,0.47,3.64,0.52,5.0,0.53,0.45,0.5,5.0,0.57,5.0,0.58,30.0,0.04,0.04,2337.945586,1776254599000
1776254601.214,201.214,0.5,4.0,0.49,10.0,0.54,10.0,0.55,10.0,0.46,5.0,0.45,10.0,0.56,14.1,0.57,10.0,0.04,0.1,2337.945586,1776254599000
1776254601.422,201.422,0.53,6.52,0.52,4.06,0.55,10.0,0.56,60.0,0.46,10.0,0.45,10.0,0.48,4.06,0.5,4.0,0.02,0.02,2337.945586,1776254599000
1776254601.749,201.749,0.55,20.0,0.54,15.0,0.58,30.0,0.59,10.74,0.44,38.32,0.43,5.0,0.5,10.0,0.51,15.0,0.03,0.06,2339.086339,1776254600000
1776254602.015,202.015,0.57,7.03,0.56,10.0,0.58,214.0,0.59,15.74,0.42,140.0,0.41,15.74,0.43,7.03,0.44,15.0,0.01,0.01,2339.086339,1776254600000
1776254602.334,202.334,0.57,10.0,0.56,10.0,0.58,231.38,0.59,15.74,0.42,172.38,0.41,15.74,0.43,10.0,0.44,15.0,0.01,0.01,2339.171344,1776254601000
1776254602.595,202.595,0.57,15.0,0.56,10.0,0.58,193.44,0.59,20.74,0.42,178.44,0.41,20.74,0.43,10.0,0.44,10.0,0.01,0.01,2339.171344,1776254601000
1776254602.822,202.822,0.54,9.93,0.53,15.0,0.58,200.44,0.59,58.74,0.42,188.44,0.41,58.74,0.44,10.0,0.45,20.0,0.04,0.02,2339.171344,1776254601000
1776254603.218,203.218,0.54,9.67,0.53,0.7,0.56,154.0,0.57,52.84,0.44,101.73,0.43,47.84,0.46,10.0,0.47,5.7,0.02,0.02,2339.171344,1776254601000
1776254603.707,203.707,0.53,1.06,0.52,25.46,0.56,150.0,0.57,52.84,0.44,154.0,0.43,52.84,0.48,20.46,0.49,10.0,0.03,0.04,2338.56241,1776254602000
1776254603.909,203.909,0.54,9.7,0.53,1.06,0.56,139.82,0.57,52.84,0.44,144.82,0.43,52.84,0.45,10.0,0.46,10.0,0.02,0.01,2338.56241,1776254602000
1776254604.304,204.304,0.55,10.0,0.54,9.7,0.56,132.47,0.57,119.68,0.44,139.82,0.43,52.84,0.46,9.7,0.47,1.06,0.01,0.02,2338.56241,1776254602000
1776254604.568,204.568,0.52,20.09,0.51,15.0,0.56,122.62,0.57,119.68,0.44,132.47,0.43,119.68,0.48,20.09,0.49,15.0,0.04,0.04,2338.3948,1776254603000
1776254605.568,205.568,0.51,30.0,0.5,25.0,0.52,19.74,0.53,20.0,0.44,122.62,0.43,189.68,0.48,20.09,0.49,15.0,0.01,0.04,2338.34725,1776254604000
1776254606.215,206.215,0.51,1.41,0.5,10.0,0.52,64.74,0.53,20.0,0.48,19.74,0.47,20.0,0.49,30.0,0.5,25.0,0.01,0.01,2338.33396,1776254605000
1776254606.602,206.602,0.51,5.0,0.49,15.0,0.52,64.63,0.53,20.0,0.48,64.74,0.47,20.0,0.51,15.0,0.52,5.0,0.01,0.03,2338.33396,1776254605000
1776254606.915,206.915,0.48,15.0,0.47,15.0,0.51,10.0,0.52,69.63,0.48,64.63,0.47,20.0,0.51,0.29,0.52,20.0,0.03,0.03,2338.33396,1776254605000
1776254607.566,207.566,0.48,13.81,0.47,15.0,0.5,50.0,0.51,44.0,0.5,10.0,0.49,34.0,0.52,13.81,0.53,15.0,0.02,0.02,2338.072636,1776254606000
1776254608.532,208.532,0.49,10.0,0.48,18.81,0.5,77.18,0.51,44.0,0.5,3.96,0.49,44.0,0.52,13.81,0.53,20.0,0.01,0.02,2338.089726,1776254607000
1776254608.787,208.787,0.49,8.0,0.48,13.81,0.5,68.22,0.51,44.0,0.5,77.18,0.49,44.0,0.51,10.0,0.52,18.81,0.01,0.01,2338.089726,1776254607000
1776254609.967,209.967,0.48,20.31,0.47,25.0,0.5,78.22,0.51,44.0,0.5,68.22,0.49,44.0,0.52,5.31,0.53,10.0,0.02,0.02,2338.043817,1776254608000
1776254610.381,210.381,0.48,121.44,0.47,125.0,0.49,5.0,0.5,78.22,0.5,78.22,0.49,44.0,0.52,10.31,0.53,25.0,0.01,0.02,2337.951467,1776254609000
1776254611.009,211.009,0.47,112.07,0.46,165.0,0.49,20.5,0.5,88.72,0.51,5.0,0.5,78.22,0.52,121.44,0.53,125.0,0.02,0.01,2337.951467,1776254609000
1776254612.012,212.012,0.48,5.0,0.47,87.07,0.49,24.5,0.5,78.22,0.51,20.5,0.5,88.72,0.53,112.07,0.54,165.0,0.01,0.02,2337.981702,1776254610000
1776254612.779,212.779,0.47,72.68,0.46,105.0,0.48,25.5,0.49,38.5,0.51,24.5,0.5,78.22,0.52,5.0,0.53,87.07,0.01,0.01,2337.982663,1776254611000
1776254613.629,213.629,0.46,96.08,0.45,122.0,0.48,35.5,0.49,34.5,0.52,25.5,0.51,38.5,0.53,72.68,0.54,105.0,0.02,0.01,2337.9371,1776254612000
1776254613.854,213.854,0.45,94.01,0.44,100.0,0.47,10.5,0.48,80.0,0.52,85.5,0.51,34.5,0.55,102.63,0.56,100.0,0.02,0.03,2337.9371,1776254612000
1776254614.392,214.392,0.45,20.33,0.43,5.0,0.46,10.5,0.47,10.0,0.53,10.5,0.52,80.0,0.55,94.01,0.56,100.0,0.01,0.02,2337.9369,1776254613000
1776254614.794,214.794,0.45,16.23,0.44,5.0,0.46,98.34,0.47,25.0,0.54,10.5,0.53,10.0,0.55,25.33,0.57,5.0,0.01,0.01,2337.9369,1776254613000
1776254615.018,215.018,0.41,55.0,0.4,15.0,0.46,93.34,0.47,25.0,0.54,98.34,0.53,25.0,0.56,5.0,0.59,55.0,0.05,0.02,2337.9369,1776254613000
1776254615.407,215.407,0.41,46.37,0.4,15.0,0.42,25.5,0.43,23.0,0.54,93.34,0.53,25.0,0.59,55.0,0.6,15.0,0.01,0.05,2337.697711,1776254614000
1776254615.779,215.779,0.4,5.0,0.39,17.0,0.43,9.32,0.44,15.0,0.58,21.0,0.57,23.0,0.59,2.07,0.6,5.0,0.03,0.01,2337.697711,1776254614000
1776254615.983,215.983,0.4,20.41,0.39,27.0,0.42,10.0,0.43,4.32,0.57,9.32,0.56,15.0,0.6,5.0,0.61,17.0,0.02,0.03,2337.697711,1776254614000
1776254616.335,216.335,0.41,2.27,0.4,12.0,0.42,10.0,0.43,4.32,0.58,10.0,0.57,4.32,0.6,20.41,0.61,27.0,0.01,0.02,2337.697711,1776254614000
1776254617.283,217.283,0.39,11.22,0.38,83.15,0.4,12.5,0.41,25.5,0.6,7.5,0.59,10.0,0.61,29.72,0.62,23.15,0.01,0.01,2337.627598,1776254615000
1776254617.657,217.657,0.39,2.37,0.38,75.0,0.4,23.0,0.41,15.0,0.6,12.5,0.59,25.5,0.61,11.22,0.62,83.15,0.01,0.01,2337.627598,1776254615000
1776254618.129,218.129,0.39,10.0,0.38,65.0,0.4,11.0,0.41,25.5,0.6,23.0,0.59,15.0,0.61,2.37,0.62,75.0,0.01,0.01,2337.572591,1776254616000
1776254618.936,218.936,0.39,4.37,0.38,60.0,0.4,1.0,0.41,20.5,0.6,6.0,0.59,25.5,0.62,60.0,0.63,45.0,0.01,0.02,2337.54725,1776254617000
1776254619.714,219.714,0.35,25.5,0.34,20.0,0.41,20.5,0.42,10.0,0.6,1.0,0.59,20.5,0.61,4.37,0.62,60.0,0.06,0.01,2337.5521,1776254618000
1776254620.704,220.704,0.39,16.0,0.35,25.5,0.41,5.0,0.46,47.84,0.59,20.5,0.58,10.0,0.65,25.5,0.66,20.0,0.02,0.06,2337.609209,1776254619000
1776254621.54,221.54,0.39,26.0,0.35,25.5,0.4,15.71,0.41,5.0,0.59,5.0,0.54,47.84,0.61,16.0,0.65,25.5,0.01,0.02,2337.654,1776254620000
1776254621.892,221.892,0.4,10.0,0.39,43.0,0.41,17.22,0.44,22.22,0.54,40.08,0.53,10.0,0.6,10.0,0.61,26.0,0.01,0.06,2337.654,1776254620000
1776254622.13,222.13,0.4,17.0,0.39,29.0,0.48,15.0,0.51,74.0,0.54,70.14,0.52,10.0,0.6,10.0,0.61,39.0,0.08,0.06,2337.654,1776254620000
1776254623.488,223.488,0.46,6.42,0.45,15.0,0.47,15.0,0.48,15.0,0.52,15.0,0.49,74.0,0.6,17.0,0.61,29.0,0.01,0.08,2338.023365,1776254622000
1776254623.97,223.97,0.46,5.0,0.45,20.0,0.47,7.23,0.48,15.0,0.53,15.0,0.52,15.0,0.54,6.42,0.55,15.0,0.01,0.01,2338.023365,1776254622000
1776254624.476,224.476,0.47,55.0,0.46,15.0,0.48,20.0,0.49,20.0,0.53,7.23,0.52,15.0,0.54,5.0,0.55,20.0,0.01,0.01,2338.023365,1776254622000
1776254624.737,224.737,0.46,15.0,0.45,20.0,0.48,30.0,0.49,20.0,0.52,20.0,0.51,20.0,0.53,55.0,0.54,15.0,0.02,0.01,2338.013725,1776254623000
1776254626.146,226.146,0.46,34.0,0.45,25.0,0.49,20.63,0.5,15.0,0.52,30.0,0.51,20.0,0.54,15.0,0.55,20.0,0.03,0.02,2338.009199,1776254624000
1776254626.834,226.834,0.48,31.07,0.47,23.0,0.49,65.0,0.5,75.5,0.51,20.63,0.5,15.0,0.54,34.0,0.55,25.0,0.01,0.03,2337.960595,1776254625000
1776254628.947,228.947,0.46,20.87,0.45,5.0,0.47,49.37,0.48,25.0,0.51,65.0,0.5,75.5,0.52,31.07,0.53,23.0,0.01,0.01,2338.068551,1776254627000
1776254629.178,229.178,0.45,5.0,0.44,5.0,0.47,40.5,0.48,25.0,0.53,51.43,0.52,25.0,0.54,10.87,0.55,5.0,0.02,0.01,2338.068551,1776254627000
1776254629.923,229.923,0.44,34.0,0.43,20.0,0.46,89.89,0.47,65.0,0.55,5.0,0.54,97.96,0.57,75.5,0.58,76.0,0.02,0.02,2338.02645,1776254628000
1776254630.493,230.493,0.45,14.05,0.44,85.5,0.46,129.89,0.47,10.0,0.54,89.89,0.53,65.0,0.56,34.0,0.57,20.0,0.01,0.02,2338.02645,1776254628000
1776254631.077,231.077,0.45,96.55,0.44,80.5,0.5,10.0,0.51,65.0,0.54,70.81,0.53,10.0,0.55,14.05,0.56,85.5,0.05,0.01,2338.02939,1776254629000
1776254631.289,231.289,0.49,18.71,0.48,28.0,0.51,32.1,0.52,75.5,0.49,32.1,0.48,65.0,0.51,18.0,0.52,23.0,0.02,0.02,2338.02939,1776254629000
1776254631.69,231.69,0.55,25.0,0.54,25.0,0.74,21.0,0.76,80.0,0.49,32.1,0.48,75.5,0.51,18.71,0.52,28.0,0.19,0.02,2337.866209,1776254630000
1776254631.963,231.963,0.71,26.12,0.7,10.0,0.74,7.91,0.75,10.0,0.23,115.17,0.22,230.0,0.25,10.0,0.26,10.0,0.03,0.02,2337.866209,1776254630000
1776254632.192,232.192,0.69,15.0,0.68,10.0,0.7,62.85,0.71,15.0,0.28,79.0,0.27,140.0,0.34,15.0,0.35,15.0,0.01,0.06,2337.83575,1776254631000
1776254632.538,232.538,0.67,15.0,0.66,10.0,0.7,137.36,0.71,15.0,0.3,62.36,0.29,15.0,0.34,10.0,0.35,10.0,0.03,0.04,2337.83575,1776254631000
1776254632.771,232.771,0.68,0.56,0.67,10.0,0.69,3.0,0.7,172.36,0.3,225.92,0.29,115.0,0.32,0.56,0.33,10.0,0.01,0.02,2337.83575,1776254631000
1776254633.041,233.041,0.69,5.61,0.68,5.56,0.7,100.0,0.71,100.0,0.3,105.0,0.29,100.0,0.32,0.56,0.33,10.0,0.01,0.02,2337.83575,1776254631000
1776254633.25,233.25,0.7,10.0,0.69,10.61,0.71,71.5,0.72,100.0,0.3,91.32,0.29,100.0,0.31,55.61,0.32,5.56,0.01,0.01,2337.83575,1776254631000
1776254633.468,233.468,0.72,7.29,0.71,3.1,0.73,26.02,0.74,100.0,0.27,26.02,0.26,100.0,0.29,3.1,0.3,15.0,0.01,0.02,2338.122227,1776254632000
1776254633.731,233.731,0.74,15.0,0.73,10.0,0.76,70.0,0.77,70.0,0.27,20.81,0.26,100.0,0.28,7.29,0.29,3.1,0.02,0.01,2338.122227,1776254632000
1776254634.209,234.209,0.75,26.8,0.74,20.0,0.76,60.88,0.77,70.0,0.24,70.0,0.23,70.0,0.26,15.0,0.27,10.0,0.01,0.02,2338.122227,1776254632000
1776254634.675,234.675,0.75,26.8,0.74,20.0,0.76,54.3,0.77,70.0,0.24,60.88,0.23,70.0,0.25,26.8,0.26,20.0,0.01,0.01,2338.122227,1776254632000
1776254634.947,234.947,0.75,31.8,0.74,28.0,0.76,51.41,0.77,70.0,0.24,52.98,0.23,70.0,0.25,27.8,0.26,28.0,0.01,0.01,2339.060769,1776254633000
1776254635.259,235.259,0.75,35.8,0.74,38.5,0.76,47.43,0.77,70.0,0.24,51.41,0.23,70.0,0.25,31.8,0.26,28.0,0.01,0.01,2339.060769,1776254633000
1776254636.262,236.262,0.74,3.8,0.73,5.0,0.76,97.43,0.77,85.0,0.24,47.43,0.23,70.0,0.25,35.8,0.26,38.5,0.02,0.01,2339.540436,1776254634000
1776254636.681,236.681,0.72,11.34,0.71,15.0,0.73,5.0,0.74,56.79,0.25,15.0,0.24,67.43,0.27,14.9,0.28,15.0,0.01,0.02,2339.540436,1776254634000
1776254636.963,236.963,0.69,36.99,0.67,19.0,0.7,60.0,0.71,65.86,0.27,118.0,0.26,56.79,0.31,47.59,0.33,14.0,0.01,0.04,2339.71214,1776254635000
1776254637.245,237.245,0.65,5.0,0.56,155.0,0.66,96.99,0.67,136.0,0.33,56.0,0.3,105.0,0.35,18.68,0.37,5.0,0.01,0.02,2339.71214,1776254635000
1776254637.446,237.446,0.56,105.0,0.55,105.0,0.66,157.4,0.67,187.0,0.34,152.4,0.33,187.0,0.38,13.68,0.44,105.0,0.1,0.04,2339.71214,1776254635000
1776254637.857,237.857,0.52,90.39,0.51,220.0,0.53,15.0,0.54,10.0,0.44,10.0,0.43,7.27,0.45,4.9,0.46,5.0,0.01,0.01,2339.713735,1776254636000
1776254638.119,238.119,0.48,10.0,0.46,50.0,0.49,4.48,0.5,10.0,0.48,15.0,0.47,15.0,0.49,2.21,0.51,10.21,0.01,0.01,2339.713735,1776254636000
1776254638.324,238.324,0.42,5.5,0.41,50.0,0.49,170.0,0.5,206.46,0.51,170.0,0.5,206.46,0.52,9.9,0.57,5.0,0.07,0.01,2339.713735,1776254636000
1776254638.646,238.646,0.35,51.61,0.32,32.0,0.36,63.12,0.37,33.37,0.63,6.37,0.62,25.0,0.65,51.61,0.68,57.0,0.01,0.02,2339.64409,1776254637000
1776254638.9,238.9,0.32,6.24,0.31,75.0,0.34,5.0,0.35,41.28,0.67,11.96,0.66,10.0,0.68,16.24,0.69,75.0,0.02,0.01,2339.64409,1776254637000
1776254639.18,239.18,0.31,62.0,0.3,5.0,0.32,4.0,0.33,10.0,0.68,4.0,0.67,10.0,0.69,75.0,0.7,5.0,0.01,0.01,2339.64409,1776254637000
1776254639.443,239.443,0.31,72.0,0.29,5.0,0.32,20.86,0.33,20.0,0.65,5.0,0.64,32.0,0.67,4.46,0.68,10.0,0.01,0.02,2338.89703,1776254638000
1776254639.71,239.71,0.31,37.06,0.27,55.0,0.32,23.23,0.33,25.0,0.68,23.23,0.67,25.0,0.69,44.1,0.73,55.0,0.01,0.01,2338.89703,1776254638000
1776254640.312,240.312,0.31,10.0,0.3,15.0,0.33,5.0,0.34,5.0,0.68,26.36,0.67,25.0,0.73,23.39,0.74,105.0,0.02,0.05,2338.085184,1776254639000
1776254640.53,240.53,0.39,5.0,0.38,15.0,0.4,9.9,0.41,10.0,0.61,6.15,0.6,10.0,0.62,15.0,0.63,15.0,0.01,0.01,2338.085184,1776254639000
1776254640.921,240.921,0.38,10.0,0.37,15.0,0.39,2.85,0.41,60.0,0.6,9.9,0.59,10.0,0.65,10.33,0.66,15.0,0.01,0.05,2338.085184,1776254639000
1776254641.304,241.304,0.4,84.16,0.35,5.0,0.41,15.0,0.42,15.0,0.57,10.0,0.56,15.0,0.6,10.0,0.61,10.0,0.01,0.03,2338.085184,1776254639000
1776254641.976,241.976,0.38,8.14,0.37,15.0,0.41,15.63,0.42,5.0,0.59,9.79,0.58,15.0,0.6,70.0,0.63,5.0,0.03,0.01,2337.083915,1776254640000
1776254642.475,242.475,0.43,10.0,0.42,10.0,0.47,9.46,0.48,107.0,0.59,15.63,0.58,5.0,0.62,8.14,0.63,15.0,0.04,0.03,2337.083915,1776254640000
1776254642.689,242.689,0.45,13.24,0.44,15.0,0.46,10.0,0.47,4.46,0.53,9.46,0.52,102.0,0.55,19.5,0.56,15.0,0.01,0.02,2337.126152,1776254641000
1776254642.89,242.89,0.44,5.76,0.43,10.27,0.46,15.0,0.47,15.0,0.55,10.0,0.52,106.66,0.57,10.27,0.58,15.0,0.02,0.02,2337.126152,1776254641000
1776254643.605,243.605,0.48,8.88,0.47,20.0,0.49,6.0,0.53,5.0,0.54,15.0,0.53,15.0,0.56,5.76,0.57,10.27,0.01,0.02,2337.242568,1776254642000
1776254644.238,244.238,0.46,56.9,0.45,12.0,0.47,10.0,0.48,38.15,0.49,14.9,0.48,10.0,0.51,10.0,0.52,8.88,0.01,0.02,2337.242568,1776254642000
1776254644.756,244.756,0.42,5.0,0.41,55.0,0.43,25.0,0.44,15.0,0.53,10.0,0.52,38.15,0.54,56.9,0.55,12.0,0.01,0.01,2337.242568,1776254642000
1776254645.248,245.248,0.42,0.3,0.41,55.0,0.43,25.0,0.44,15.0,0.57,25.0,0.56,15.0,0.58,5.0,0.59,55.0,0.01,0.01,2337.443465,1776254643000
1776254645.461,245.461,0.41,41.67,0.4,10.0,0.42,15.0,0.43,25.0,0.57,25.0,0.56,15.0,0.58,0.3,0.59,55.0,0.01,0.01,2337.443465,1776254643000
1776254646.463,246.463,0.41,43.46,0.39,16.0,0.42,25.0,0.43,30.0,0.58,15.0,0.57,25.0,0.59,41.67,0.6,10.0,0.01,0.01,2337.651471,1776254645000
1776254647.09,247.09,0.41,68.46,0.4,5.0,0.43,14.86,0.44,15.0,0.58,25.0,0.57,30.0,0.59,43.46,0.61,16.0,0.02,0.01,2337.59275,1776254646000
1776254648.463,248.463,0.42,23.0,0.41,73.46,0.43,6.79,0.47,5.0,0.57,14.86,0.56,15.0,0.59,68.46,0.6,5.0,0.01,0.02,2337.59275,1776254646000
1776254649.264,249.264,0.47,28.0,0.46,65.0,0.49,50.0,0.5,50.0,0.52,12.0,0.51,55.0,0.58,28.0,0.59,73.46,0.02,0.06,2337.573662,1776254647000
1776254649.464,249.464,0.51,7.9,0.5,14.0,0.52,53.9,0.53,65.0,0.48,33.9,0.47,65.0,0.49,10.0,0.5,18.0,0.01,0.01,2337.573662,1776254647000
1776254650.056,250.056,0.47,30.0,0.46,15.0,0.48,5.0,0.49,5.0,0.48,53.9,0.47,65.0,0.49,7.9,0.5,14.0,0.01,0.01,2337.609817,1776254648000
1776254650.97,250.97,0.43,59.9,0.42,65.0,0.44,25.0,0.45,29.1,0.52,5.0,0.51,5.0,0.53,8.14,0.54,15.0,0.01,0.01,2337.668117,1776254649000
1776254652.316,252.316,0.37,28.76,0.36,100.0,0.38,20.0,0.39,25.0,0.56,20.45,0.55,43.2,0.57,39.9,0.58,65.0,0.01,0.01,2337.757369,1776254650000
1776254652.675,252.675,0.36,15.96,0.33,50.0,0.37,35.0,0.38,20.0,0.62,19.71,0.61,20.0,0.64,50.0,0.66,50.0,0.01,0.02,2337.757369,1776254650000
1776254653.422,253.422,0.32,9.03,0.31,55.0,0.34,35.0,0.35,20.0,0.64,5.0,0.63,35.0,0.67,33.9,0.68,55.0,0.02,0.03,2337.74685,1776254651000
1776254654.529,254.529,0.27,18.29,0.26,55.0,0.28,20.0,0.29,30.0,0.67,15.0,0.66,30.0,0.68,1.05,0.69,55.0,0.01,0.01,2337.501097,1776254653000
1776254654.876,254.876,0.24,55.0,0.23,55.0,0.27,35.0,0.28,40.0,0.72,40.0,0.71,30.0,0.74,17.09,0.75,55.0,0.03,0.02,2337.501097,1776254653000
1776254655.124,255.124,0.24,60.0,0.23,55.0,0.25,23.3,0.26,25.0,0.73,35.0,0.72,40.0,0.76,55.0,0.77,55.0,0.01,0.03,2337.501097,1776254653000
1776254656.568,256.568,0.24,64.77,0.23,55.0,0.25,21.03,0.26,25.0,0.75,23.3,0.74,25.0,0.76,60.0,0.77,55.0,0.01,0.01,2337.058939,1776254655000
1776254657.144,257.144,0.23,55.0,0.22,60.0,0.25,26.03,0.26,25.0,0.75,21.03,0.74,25.0,0.76,64.65,0.77,55.0,0.02,0.01,2336.93775,1776254656000
1776254657.563,257.563,0.22,38.8,0.21,105.0,0.23,20.0,0.24,40.0,0.75,26.03,0.74,25.0,0.77,55.0,0.78,60.0,0.01,0.02,2336.93775,1776254656000
1776254657.935,257.935,0.21,90.51,0.2,65.0,0.22,35.0,0.23,30.0,0.77,20.0,0.76,40.0,0.78,38.8,0.79,105.0,0.01,0.01,2336.93775,1776254656000
1776254658.459,258.459,0.21,85.38,0.2,70.0,0.22,25.0,0.23,20.0,0.78,35.0,0.77,30.0,0.79,90.51,0.8,65.0,0.01,0.01,2336.824989,1776254657000
1776254658.81,258.81,0.21,80.38,0.2,70.0,0.22,34.41,0.23,25.0,0.78,25.0,0.77,20.0,0.79,85.38,0.8,70.0,0.01,0.01,2336.736259,1776254658000
1776254659.363,259.363,0.18,24.4,0.15,50.0,0.21,56.33,0.22,58.41,0.78,39.41,0.77,25.0,0.79,23.38,0.8,70.0,0.03,0.01,2336.736259,1776254658000
1776254659.608,259.608,0.15,43.9,0.14,50.0,0.16,45.0,0.17,31.02,0.84,15.0,0.83,20.0,0.85,49.9,0.86,50.0,0.01,0.01,2336.736259,1776254658000
1776254659.83,259.83,0.14,44.67,0.13,52.7,0.15,25.0,0.16,40.0,0.85,10.0,0.84,40.0,0.86,39.56,0.87,52.7,0.01,0.01,2336.736259,1776254658000
1776254660.074,260.074,0.14,44.67,0.13,52.7,0.15,33.33,0.16,40.0,0.85,25.0,0.84,40.0,0.86,44.67,0.87,52.7,0.01,0.01,2336.74245,1776254659000
1776254661.041,261.041,0.13,8.54,0.09,50.0,0.14,39.84,0.15,96.0,0.85,33.33,0.84,40.0,0.86,44.67,0.87,52.7,0.01,0.01,2336.74245,1776254659000
1776254661.273,261.273,0.09,53.5,0.08,59.3,0.1,40.0,0.11,25.0,0.9,35.0,0.89,20.0,0.91,59.0,0.92,59.3,0.01,0.01,2336.74245,1776254659000
1776254661.62,261.62,0.09,85.22,0.08,64.3,0.1,34.84,0.11,25.0,0.9,40.0,0.89,25.0,0.91,53.5,0.92,59.3,0.01,0.01,2336.561646,1776254660000
1776254662.134,262.134,0.09,80.22,0.08,74.3,0.1,15.0,0.11,20.0,0.9,29.84,0.89,25.0,0.91,80.22,0.92,64.3,0.01,0.01,2336.381864,1776254661000
1776254662.392,262.392,0.09,71.22,0.08,64.3,0.12,15.0,0.13,15.0,0.9,15.0,0.89,15.0,0.91,78.67,0.92,104.3,0.03,0.01,2336.381864,1776254661000
1776254662.61,262.61,0.11,5.0,0.1,48.0,0.13,10.0,0.14,16.41,0.87,15.0,0.86,16.41,0.89,5.0,0.9,48.0,0.02,0.02,2336.381864,1776254661000
1776254662.847,262.847,0.12,72.86,0.11,105.0,0.13,15.96,0.14,12.41,0.87,15.96,0.86,17.41,0.88,74.0,0.89,105.0,0.01,0.01,2336.381864,1776254661000
1776254663.084,263.084,0.13,7.0,0.12,77.86,0.14,7.41,0.15,15.0,0.87,15.96,0.86,12.41,0.88,72.86,0.89,105.0,0.01,0.01,2336.166222,1776254662000
1776254663.333,263.333,0.13,65.85,0.12,81.27,0.14,10.0,0.15,20.0,0.85,20.0,0.84,15.0,0.87,17.0,0.88,81.27,0.01,0.02,2336.166222,1776254662000
1776254663.608,263.608,0.14,10.18,0.13,60.85,0.15,5.0,0.16,20.0,0.85,25.0,0.84,20.0,0.86,5.18,0.87,60.85,0.01,0.01,2336.166222,1776254662000
1776254664.221,264.221,0.13,52.96,0.12,91.27,0.15,2.0,0.16,10.0,0.86,10.0,0.85,20.0,0.87,47.96,0.88,81.27,0.02,0.01,2336.166222,1776254662000
1776254664.961,264.961,0.16,3.8,0.15,60.0,0.17,15.0,0.18,10.0,0.84,9.9,0.83,10.0,0.85,11.05,0.86,10.0,0.01,0.01,2336.265675,1776254663000
1776254665.553,265.553,0.18,4.67,0.17,10.0,0.19,5.0,0.2,10.0,0.84,10.0,0.83,20.0,0.85,27.93,0.86,60.0,0.01,0.01,2336.370565,1776254664000
1776254666.106,266.106,0.19,70.0,0.18,74.1,0.22,15.0,0.23,10.0,0.81,5.0,0.8,20.0,0.82,19.1,0.83,10.0,0.03,0.01,2336.370565,1776254664000
1776254666.382,266.382,0.24,10.0,0.23,15.0,0.25,3.94,0.26,10.0,0.76,11.17,0.75,20.0,0.77,6.73,0.79,5.0,0.01,0.01,2336.53472,1776254665000
1776254666.786,266.786,0.28,12.86,0.27,10.0,0.29,16.33,0.3,5.0,0.73,14.18,0.72,34.0,0.76,10.0,0.77,15.0,0.01,0.03,2336.53472,1776254665000
1776254667.169,267.169,0.3,7.85,0.29,10.0,0.31,98.7,0.32,55.0,0.7,5.0,0.69,5.0,0.72,15.0,0.73,10.0,0.01,0.02,2336.578485,1776254666000
1776254667.463,267.463,0.22,3.26,0.21,115.0,0.25,10.0,0.27,10.0,0.69,98.7,0.68,55.0,0.7,7.85,0.71,10.0,0.03,0.01,2336.578485,1776254666000
1776254667.959,267.959,0.26,3.24,0.25,15.0,0.27,20.0,0.28,15.0,0.75,16.0,0.74,10.0,0.77,10.0,0.78,3.26,0.01,0.02,2336.578485,1776254666000
1776254669.005,269.005,0.24,10.0,0.23,15.0,0.25,25.0,0.26,15.0,0.73,20.0,0.72,15.0,0.74,3.24,0.75,15.0,0.01,0.01,2336.78556,1776254667000
1776254669.325,269.325,0.22,26.79,0.21,65.0,0.24,15.0,0.25,115.36,0.75,25.0,0.74,15.0,0.76,10.0,0.77,15.0,0.02,0.01,2336.78556,1776254667000
1776254670.03,270.03,0.21,55.76,0.2,65.0,0.23,15.0,0.24,20.0,0.76,15.0,0.75,115.36,0.78,26.79,0.79,65.0,0.02,0.02,2337.08471,1776254668000
1776254672.071,272.071,0.19,15.31,0.18,19.1,0.21,10.23,0.22,15.0,0.77,15.0,0.76,20.0,0.79,55.76,0.8,65.0,0.02,0.02,2337.091475,1776254670000
1776254674.377,274.377,0.17,5.94,0.16,85.31,0.18,6.54,0.19,10.0,0.79,10.23,0.78,15.0,0.81,15.31,0.82,19.1,0.01,0.02,2337.00185,1776254673000
1776254675.643,275.643,0.16,79.86,0.15,10.0,0.18,31.4,0.19,10.0,0.82,6.54,0.81,10.0,0.83,5.94,0.84,85.31,0.02,0.01,2336.9917,1776254674000
1776254676.253,276.253,0.28,15.0,0.27,10.0,0.29,56.6,0.3,15.0,0.82,31.4,0.81,10.0,0.84,79.86,0.85,10.0,0.01,0.02,2336.98715,1776254675000
1776254676.648,276.648,0.21,41.57,0.2,26.0,0.29,52.6,0.3,20.0,0.71,56.6,0.7,15.0,0.72,15.0,0.73,10.0,0.08,0.01,2336.98715,1776254675000
1776254676.899,276.899,0.22,10.0,0.21,41.57,0.29,31.45,0.3,10.0,0.71,52.6,0.7,20.0,0.79,41.57,0.8,26.0,0.07,0.08,2336.98715,1776254675000
1776254677.47,277.47,0.24,9.39,0.23,10.0,0.26,15.0,0.27,15.0,0.71,31.45,0.7,10.0,0.78,10.0,0.79,41.57,0.02,0.07,2337.046035,1776254676000
1776254678.146,278.146,0.24,14.39,0.22,10.0,0.25,120.42,0.26,15.0,0.74,15.0,0.73,15.0,0.76,9.39,0.77,10.0,0.01,0.02,2337.046035,1776254676000
1776254678.865,278.865,0.24,14.39,0.23,10.0,0.31,5.0,0.32,5.0,0.75,120.42,0.74,15.0,0.76,14.39,0.78,10.0,0.07,0.01,2337.1876,1776254677000
1776254679.325,279.325,0.33,10.0,0.32,10.0,0.36,10.0,0.37,10.0,0.69,5.0,0.68,5.0,0.76,14.39,0.77,10.0,0.03,0.07,2337.2477,1776254678000
1776254679.644,279.644,0.31,59.13,0.3,22.0,0.33,17.36,0.34,96.91,0.67,10.0,0.66,101.91,0.69,59.13,0.7,22.0,0.02,0.02,2337.2477,1776254678000
1776254680.116,280.116,0.25,0.44,0.24,19.39,0.27,10.0,0.28,20.0,0.68,10.0,0.67,17.36,0.7,22.0,0.71,10.0,0.02,0.02,2337.2477,1776254678000
1776254680.647,280.647,0.25,1.66,0.24,10.0,0.26,5.0,0.27,5.0,0.73,15.0,0.72,15.0,0.76,10.0,0.77,10.0,0.01,0.03,2337.280545,1776254679000
1776254680.917,280.917,0.31,7.79,0.3,10.0,0.32,10.0,0.33,15.0,0.74,5.0,0.73,5.0,0.75,1.66,0.76,10.0,0.01,0.01,2337.280545,1776254679000
1776254682.038,282.038,0.21,51.57,0.2,26.0,0.26,9.61,0.27,23.0,0.68,15.0,0.67,15.0,0.7,3.75,0.71,22.0,0.05,0.02,2337.41024,1776254681000
1776254682.581,282.581,0.11,49.9,0.1,29.94,0.12,20.0,0.13,15.0,0.76,9.58,0.75,15.0,0.78,10.0,0.79,41.57,0.01,0.02,2337.41024,1776254681000
1776254682.984,282.984,0.1,29.94,0.09,10.0,0.12,15.0,0.13,20.0,0.88,20.0,0.87,15.0,0.89,49.9,0.9,29.94,0.02,0.01,2337.395605,1776254682000
1776254683.442,283.442,0.1,14.94,0.08,9.3,0.11,25.0,0.12,20.0,0.88,25.0,0.87,20.0,0.89,4.94,0.9,28.82,0.01,0.01,2337.395605,1776254682000
1776254684.234,284.234,0.08,51.92,0.07,82.21,0.09,8.88,0.1,20.0,0.89,20.0,0.88,20.0,0.92,9.3,0.93,41.21,0.01,0.03,2337.39977,1776254683000
1776254684.725,284.725,0.08,51.92,0.07,82.21,0.13,16.3,0.14,10.0,0.91,8.88,0.9,20.0,0.92,51.92,0.93,82.21,0.05,0.01,2337.39977,1776254683000
1776254685.167,285.167,0.09,10.0,0.08,49.3,0.13,30.0,0.14,10.0,0.89,20.0,0.88,28.0,0.9,8.31,0.91,10.0,0.04,0.01,2336.997345,1776254684000
1776254685.394,285.394,0.08,29.64,0.07,41.21,0.09,11.0,0.1,5.0,0.91,11.0,0.9,10.0,0.92,31.82,0.93,41.21,0.01,0.01,2336.997345,1776254684000
1776254685.633,285.633,0.07,41.21,0.06,60.0,0.09,66.0,0.1,5.0,0.91,56.0,0.9,5.0,0.92,25.32,0.93,41.21,0.02,0.01,2336.997345,1776254684000
1776254685.939,285.939,0.07,60.63,0.06,10.0,0.08,10.01,0.09,50.0,0.91,66.0,0.9,5.0,0.93,41.21,0.94,60.0,0.01,0.02,2336.740333,1776254685000
1776254686.245,286.245,0.07,35.01,0.06,10.0,0.08,10.01,0.09,55.0,0.92,10.01,0.91,50.0,0.93,55.63,0.94,10.0,0.01,0.01,2336.740333,1776254685000
1776254686.666,286.666,0.06,26.83,0.05,60.95,0.07,19.0,0.08,5.0,0.92,3.61,0.91,55.0,0.94,10.0,0.95,60.95,0.01,0.02,2336.740333,1776254685000
1776254686.98,286.98,0.08,15.0,0.07,10.0,0.11,27.0,0.12,10.0,0.93,19.0,0.92,5.0,0.94,16.19,0.95,60.95,0.03,0.01,2336.740333,1776254685000
1776254687.216,287.216,0.11,3.28,0.1,10.0,0.13,10.0,0.14,17.0,0.86,17.0,0.85,10.0,0.88,4.71,0.89,10.0,0.02,0.02,2336.596641,1776254686000
1776254687.565,287.565,0.12,15.0,0.11,3.28,0.14,0.9,0.15,10.0,0.87,4.74,0.86,10.0,0.89,3.28,0.9,10.0,0.02,0.02,2336.596641,1776254686000
1776254687.81,287.81,0.12,10.0,0.11,3.28,0.14,12.9,0.15,10.0,0.86,0.9,0.85,10.0,0.88,15.0,0.89,3.28,0.02,0.02,2336.596641,1776254686000
1776254688.184,288.184,0.11,3.28,0.1,10.0,0.13,99.12,0.14,18.0,0.87,7.0,0.86,5.9,0.88,8.71,0.89,3.28,0.02,0.01,2336.50565,1776254687000
1776254688.871,288.871,0.1,8.97,0.09,10.0,0.11,20.0,0.12,10.0,0.88,10.0,0.87,114.12,0.89,4.38,0.9,8.17,0.01,0.01,2336.50565,1776254687000
1776254689.134,289.134,0.08,4.94,0.07,10.0,0.11,20.0,0.12,10.0,0.89,20.0,0.88,10.0,0.9,8.97,0.91,10.0,0.03,0.01,2336.59231,1776254688000
1776254689.664,289.664,0.05,50.95,0.04,205.0,0.08,25.0,0.09,15.0,0.9,196.02,0.89,20.0,0.94,6.07,0.95,60.95,0.03,0.04,2336.59231,1776254688000
1776254690.116,290.116,0.06,25.76,0.05,25.95,0.07,10.0,0.08,20.0,0.92,25.0,0.91,15.0,0.95,50.95,0.96,205.0,0.01,0.03,2336.8139,1776254689000
1776254690.327,290.327,0.05,15.95,0.04,205.0,0.07,69.0,0.08,20.0,0.93,64.0,0.92,20.0,0.94,2.0,0.95,25.95,0.02,0.01,2336.8139,1776254689000
1776254690.533,290.533,0.05,12.79,0.04,205.0,0.06,79.0,0.07,15.0,0.93,69.0,0.92,20.0,0.95,15.95,0.96,205.0,0.01,0.02,2336.8139,1776254689000
1776254690.778,290.778,0.04,179.71,0.03,151.0,0.05,44.0,0.06,60.0,0.94,84.0,0.93,15.0,0.96,179.71,0.97,151.0,0.01,0.02,2336.8139,1776254689000
1776254691.122,291.122,0.04,194.96,0.03,151.0,0.05,44.0,0.06,60.0,0.95,44.0,0.94,60.0,0.96,179.71,0.97,151.0,0.01,0.01,2336.8589,1776254690000
1776254691.356,291.356,0.04,183.91,0.03,151.0,0.05,54.26,0.06,60.0,0.95,49.26,0.94,60.0,0.96,193.91,0.97,151.0,0.01,0.01,2336.8589,1776254690000
1776254691.916,291.916,0.04,146.64,0.03,151.0,0.05,49.26,0.06,60.0,0.95,54.26,0.94,60.0,0.96,152.64,0.97,151.0,0.01,0.01,2336.8589,1776254690000
1776254692.143,292.143,0.04,136.22,0.03,151.0,0.05,49.26,0.06,55.0,0.95,49.26,0.94,60.0,0.96,146.64,0.97,151.0,0.01,0.01,2336.8589,1776254690000
1776254692.512,292.512,0.04,131.01,0.03,151.0,0.05,25.26,0.06,55.0,0.95,28.12,0.94,55.0,0.96,136.22,0.97,151.0,0.01,0.01,2336.763592,1776254691000
1776254692.986,292.986,0.04,123.01,0.03,151.0,0.07,0.26,0.08,36.0,0.95,25.26,0.94,55.0,0.96,123.01,0.97,151.0,0.03,0.01,2336.763592,1776254691000
1776254693.411,293.411,0.04,123.01,0.03,151.0,0.06,20.0,0.07,26.26,0.94,10.0,0.93,21.26,0.95,5.0,0.96,123.01,0.02,0.01,2336.53555,1776254692000
1776254693.711,293.711,0.04,84.78,0.03,101.0,0.05,10.0,0.06,36.0,0.94,15.0,0.93,26.26,0.96,114.99,0.97,151.0,0.01,0.02,2336.53555,1776254692000
1776254694.03,294.03,0.04,9.78,0.03,101.0,0.06,174.0,0.07,5.26,0.95,10.0,0.94,36.0,0.96,84.78,0.97,101.0,0.02,0.01,2336.53555,1776254692000
1776254694.579,294.579,0.03,88.06,0.02,306.07,0.05,154.79,0.06,86.0,0.94,174.0,0.93,5.26,0.97,90.06,0.98,306.07,0.02,0.03,2336.579768,1776254693000
1776254694.872,294.872,0.03,46.45,0.02,306.07,0.04,138.02,0.05,48.79,0.95,189.79,0.94,65.0,0.97,46.45,0.98,306.07,0.01,0.02,2336.579768,1776254693000
1776254695.106,295.106,0.03,37.39,0.02,306.07,0.04,131.53,0.05,48.79,0.96,143.02,0.95,48.79,0.97,37.39,0.98,306.07,0.01,0.01,2336.579768,1776254693000
1776254695.384,295.384,0.02,191.46,0.01,1281.64,0.04,131.53,0.05,54.05,0.96,131.53,0.95,48.79,0.97,37.39,0.98,306.07,0.02,0.01,2336.758265,1776254694000
1776254695.687,295.687,0.02,105.23,0.01,1281.64,0.04,152.35,0.05,34.05,0.96,131.35,0.95,54.05,0.97,10.0,0.98,160.46,0.02,0.01,2336.758265,1776254694000
1776254696.126,296.126,0.02,28.44,0.01,1281.64,0.03,15.0,0.04,152.35,0.96,152.35,0.95,34.05,0.98,54.71,0.99,1281.64,0.01,0.02,2336.758265,1776254694000
1776254696.424,296.424,0.01,1245.91,,,0.03,20.0,0.04,192.35,0.97,15.0,0.96,192.35,0.98,14.27,0.99,1281.64,0.02,0.01,2336.831982,1776254695000
1776254696.902,296.902,0.01,1174.32,,,0.02,15.3,0.03,43.47,0.97,3.47,0.96,192.35,0.99,1179.38,,,0.01,0.02,2336.866055,1776254696000
1776254697.12,297.12,0.01,1120.8,,,0.02,15.3,0.03,43.47,0.98,15.3,0.97,43.47,0.99,1173.3,,,0.01,0.01,2336.866055,1776254696000
1776254697.344,297.344,0.01,994.01,,,0.02,66.3,0.03,22.47,0.98,36.3,0.97,43.47,0.99,1007.75,,,0.01,0.01,2336.866055,1776254696000
1776254697.949,297.949,,,,,0.01,510.1,0.02,71.3,0.99,7.29,0.98,71.3,,,,,,,2336.866055,1776254696000
1776254698.347,298.347,,,,,0.01,4737.81,0.02,71.3,0.99,504.84,0.98,71.3,,,,,,,2336.753055,1776254697000
1776254700.921,300.921,,,,,0.01,56044.66,0.02,88.3,0.99,4737.81,0.98,71.3,,,,,,,2336.72329,1776254699000

# RESULT,winner=Down,slug=eth-updown-5m-1776254400,ticks=477
