timestamp,elapsed_sec,up_bid_p1,up_bid_s1,up_bid_p2,up_bid_s2,up_ask_p1,up_ask_s1,up_ask_p2,up_ask_s2,down_bid_p1,down_bid_s1,down_bid_p2,down_bid_s2,down_ask_p1,down_ask_s1,down_ask_p2,down_ask_s2,up_spread,down_spread,eth_price,eth_oracle_ts
1776328200.695,0.695,0.49,48.17,0.46,220.0,0.52,12.68,0.54,220.0,0.48,7.68,0.46,220.0,0.5,9.75,0.51,51.02,0.03,0.02,2341.440291,1776328199000
1776328201.095,1.095,0.49,48.17,0.46,220.0,0.52,12.68,0.54,220.0,0.48,12.68,0.46,220.0,0.51,48.17,0.54,220.0,0.03,0.03,2341.46628,1776328200000
1776328201.925,1.925,0.51,5.0,0.5,10.0,0.52,64.68,0.53,18.0,0.5,4.9,0.49,70.0,0.51,33.17,0.54,150.0,0.01,0.01,2341.46628,1776328200000
1776328202.388,2.388,0.51,5.0,0.5,10.0,0.52,64.68,0.53,18.0,0.48,64.68,0.47,18.0,0.49,5.0,0.5,10.0,0.01,0.01,2341.515176,1776328201000
1776328202.845,2.845,0.5,5.0,0.49,33.17,0.52,80.68,0.53,88.0,0.48,64.68,0.47,18.0,0.49,5.0,0.5,10.0,0.02,0.01,2341.515176,1776328201000
1776328203.139,3.139,0.5,5.0,0.49,33.17,0.52,80.68,0.53,88.0,0.48,80.68,0.47,88.0,0.5,5.0,0.51,33.17,0.02,0.02,2341.476204,1776328202000
1776328203.672,3.672,0.5,5.0,0.49,38.17,0.51,5.0,0.52,80.68,0.48,80.68,0.47,88.0,0.5,5.0,0.51,33.17,0.01,0.02,2341.476204,1776328202000
1776328204.383,4.383,0.5,5.0,0.49,38.17,0.51,5.0,0.52,80.68,0.49,5.0,0.48,80.68,0.5,5.0,0.51,38.17,0.01,0.01,2341.4776,1776328203000
1776328204.844,4.844,0.49,43.17,0.48,5.0,0.52,80.68,0.53,88.0,0.49,5.0,0.48,80.68,0.5,5.0,0.51,38.17,0.03,0.01,2341.4776,1776328203000
1776328206.241,6.241,0.49,43.17,0.48,5.0,0.52,80.68,0.53,88.0,0.48,80.68,0.47,88.0,0.51,43.17,0.52,5.0,0.03,0.03,2341.435947,1776328205000
1776328207.085,7.085,0.48,8.16,0.47,19.0,0.52,69.68,0.53,88.0,0.48,80.68,0.47,88.0,0.51,43.17,0.52,5.0,0.04,0.03,2341.435947,1776328205000
1776328207.412,7.412,0.49,10.0,0.47,19.0,0.51,14.2,0.52,69.68,0.48,69.68,0.47,88.0,0.52,8.16,0.53,19.0,0.02,0.04,2341.435947,1776328205000
1776328208.071,8.071,0.49,10.0,0.47,19.0,0.51,14.2,0.52,69.68,0.49,14.2,0.48,69.68,0.51,10.0,0.53,19.0,0.02,0.02,2341.536678,1776328207000
1776328208.584,8.584,0.49,3.03,0.48,5.0,0.5,5.0,0.51,11.0,0.49,14.2,0.48,69.68,0.51,10.0,0.53,19.0,0.01,0.02,2341.536678,1776328207000
1776328209.238,9.238,0.47,7.95,0.46,31.0,0.5,10.0,0.51,14.03,0.49,14.03,0.48,76.84,0.51,3.03,0.52,5.0,0.03,0.02,2341.536678,1776328207000
1776328210.459,10.459,0.47,7.95,0.46,31.0,0.5,10.0,0.51,14.03,0.5,10.0,0.49,14.03,0.53,7.95,0.54,31.0,0.03,0.03,2341.476413,1776328209000
1776328210.901,10.901,0.44,2.02,0.43,85.0,0.47,26.0,0.48,10.0,0.5,10.0,0.49,14.03,0.53,7.95,0.54,31.0,0.03,0.03,2341.476413,1776328209000
1776328211.531,11.531,0.42,5.0,0.4,5.0,0.46,19.2,0.47,190.0,0.53,26.0,0.52,10.0,0.56,2.02,0.57,85.0,0.04,0.03,2341.476413,1776328210000
1776328212.108,12.108,0.42,2.41,0.4,10.0,0.46,5.0,0.47,155.49,0.54,19.2,0.53,190.0,0.58,5.0,0.6,5.0,0.04,0.04,2341.476413,1776328210000
1776328212.617,12.617,0.44,0.39,0.43,5.0,0.47,160.49,0.48,150.0,0.53,155.49,0.52,165.0,0.6,10.0,0.61,85.0,0.03,0.07,2341.476412,1776328211000
1776328213.342,13.342,0.42,7.39,0.41,24.0,0.46,14.0,0.47,163.49,0.53,160.49,0.52,150.0,0.56,0.39,0.57,5.0,0.04,0.03,2341.476412,1776328211000
1776328214.262,14.262,0.44,5.0,0.43,8.0,0.46,5.0,0.47,158.0,0.54,14.0,0.53,163.49,0.58,7.39,0.59,24.0,0.02,0.04,2341.206396,1776328212000
1776328215.968,15.968,0.45,50.0,0.44,20.0,0.46,5.0,0.47,5.0,0.54,5.0,0.53,158.0,0.56,5.0,0.57,8.0,0.01,0.02,2341.250659,1776328215000
1776328216.187,16.187,0.45,37.0,0.44,20.0,0.46,5.0,0.47,5.0,0.54,5.0,0.53,5.0,0.55,50.0,0.56,20.0,0.01,0.01,2341.250659,1776328215000
1776328216.465,16.465,0.45,16.0,0.44,20.0,0.46,5.0,0.48,11.0,0.54,5.0,0.53,5.0,0.55,37.0,0.56,20.0,0.01,0.01,2341.250659,1776328215000
1776328217.392,17.392,0.45,17.0,0.44,25.0,0.46,2.82,0.48,11.0,0.54,5.0,0.52,11.0,0.55,16.0,0.56,20.0,0.01,0.01,2341.20693,1776328216000
1776328219.151,19.151,0.45,14.14,0.44,25.0,0.46,2.82,0.48,11.0,0.54,2.82,0.52,11.0,0.55,17.0,0.56,25.0,0.01,0.01,2341.254678,1776328218000
1776328219.522,19.522,0.49,11.88,0.48,37.0,0.5,10.76,0.51,11.0,0.54,2.82,0.52,11.0,0.55,14.14,0.56,25.0,0.01,0.01,2341.254678,1776328218000
1776328222.607,22.607,0.49,6.88,0.48,32.0,0.51,21.69,0.52,164.0,0.49,14.82,0.48,164.0,0.51,16.88,0.52,37.0,0.02,0.02,2341.345,1776328221000
1776328224.115,24.115,0.49,21.88,0.48,27.0,0.51,5.18,0.52,43.34,0.48,45.21,0.47,158.0,0.51,6.88,0.52,32.0,0.02,0.03,2341.4098,1776328223000
1776328227.087,27.087,0.51,15.0,0.5,15.0,0.52,53.41,0.53,163.0,0.49,5.18,0.48,43.34,0.51,21.88,0.52,27.0,0.01,0.02,2341.478842,1776328225000
1776328227.708,27.708,0.51,11.75,0.5,15.0,0.52,58.41,0.53,163.0,0.48,53.41,0.47,163.0,0.49,15.0,0.5,15.0,0.01,0.01,2341.48061,1776328226000
1776328229.797,29.797,0.45,6.0,0.44,5.0,0.52,81.0,0.53,163.0,0.48,58.41,0.47,163.0,0.49,11.75,0.5,15.0,0.07,0.01,2341.466722,1776328228000
1776328230.059,30.059,0.45,6.81,0.44,5.0,0.48,5.0,0.49,5.0,0.48,81.0,0.47,163.0,0.55,6.0,0.56,5.0,0.03,0.07,2341.467674,1776328229000
1776328230.584,30.584,0.43,75.09,0.42,94.0,0.48,5.0,0.49,19.12,0.52,5.0,0.51,5.0,0.55,6.81,0.56,5.0,0.05,0.03,2341.467674,1776328229000
1776328230.857,30.857,0.45,16.72,0.43,85.09,0.48,5.0,0.49,19.12,0.52,5.0,0.51,19.12,0.57,75.09,0.58,94.0,0.03,0.05,2341.467674,1776328229000
1776328232.032,32.032,0.45,23.72,0.44,12.0,0.52,16.4,0.53,159.0,0.52,5.0,0.51,19.12,0.55,16.72,0.57,85.09,0.07,0.03,2341.354684,1776328231000
1776328232.399,32.399,0.46,67.0,0.45,16.72,0.48,7.66,0.49,5.0,0.48,16.4,0.47,159.0,0.55,23.72,0.56,12.0,0.02,0.07,2341.354684,1776328231000
1776328233.526,33.526,0.47,12.0,0.46,65.0,0.48,2.91,0.49,13.12,0.52,7.66,0.51,5.0,0.54,67.0,0.55,16.72,0.01,0.02,2341.311582,1776328232000
1776328234.023,34.023,0.48,119.0,0.47,106.0,0.52,13.91,0.53,75.0,0.52,2.91,0.51,13.12,0.53,12.0,0.54,65.0,0.04,0.01,2341.286447,1776328233000
1776328234.447,34.447,0.49,85.11,0.48,67.0,0.53,81.0,0.54,23.0,0.48,4.09,0.47,75.0,0.52,124.0,0.53,90.0,0.04,0.04,2341.286447,1776328233000
1776328234.874,34.874,0.51,6.87,0.5,55.0,0.53,81.0,0.54,13.0,0.47,81.0,0.46,23.0,0.51,85.11,0.52,67.0,0.02,0.04,2341.286447,1776328233000
1776328235.432,35.432,0.53,56.0,0.52,40.0,0.54,10.78,0.56,10.0,0.47,81.0,0.46,13.0,0.49,6.87,0.5,55.0,0.01,0.02,2341.276441,1776328234000
1776328236.768,36.768,0.53,49.77,0.52,35.0,0.54,5.78,0.55,5.0,0.46,5.78,0.44,10.0,0.47,71.0,0.48,40.0,0.01,0.01,2341.4694,1776328235000
1776328237.062,37.062,0.53,44.77,0.52,35.0,0.54,5.78,0.55,5.0,0.46,5.78,0.45,5.0,0.47,49.77,0.48,35.0,0.01,0.01,2341.4694,1776328235000
1776328237.664,37.664,0.53,44.77,0.52,35.0,0.58,103.51,0.59,154.0,0.46,3.92,0.44,10.0,0.47,39.77,0.48,35.0,0.05,0.01,2341.5285,1776328236000
1776328238.414,38.414,0.55,54.2,0.54,21.0,0.57,57.35,0.58,89.51,0.42,103.51,0.41,154.0,0.47,44.77,0.48,35.0,0.02,0.05,2341.664418,1776328237000
1776328239.069,39.069,0.55,28.73,0.54,21.0,0.57,59.14,0.58,94.51,0.43,51.35,0.42,94.51,0.44,5.0,0.45,54.2,0.02,0.01,2341.664418,1776328237000
1776328239.46,39.46,0.55,26.5,0.54,21.0,0.56,11.0,0.57,46.35,0.44,12.79,0.43,46.35,0.45,26.5,0.46,21.0,0.01,0.01,2341.666687,1776328238000
1776328239.98,39.98,0.55,28.36,0.54,21.0,0.56,16.0,0.57,46.35,0.44,11.0,0.43,46.35,0.45,26.5,0.46,21.0,0.01,0.01,2341.666687,1776328238000
1776328240.714,40.714,0.55,28.36,0.54,21.0,0.56,10.64,0.57,46.35,0.44,16.0,0.43,46.35,0.45,28.36,0.46,21.0,0.01,0.01,2341.666687,1776328238000
1776328241.475,41.475,0.55,18.91,0.54,26.0,0.56,10.64,0.58,19.51,0.44,10.64,0.43,46.35,0.45,28.36,0.46,21.0,0.01,0.01,2341.695908,1776328239000
1776328242.084,42.084,0.55,59.11,0.54,34.0,0.56,0.55,0.58,19.51,0.44,5.55,0.42,19.51,0.45,13.91,0.46,26.0,0.01,0.01,2341.721983,1776328240000
1776328242.292,42.292,0.58,8.85,0.57,5.0,0.63,14.0,0.64,80.5,0.39,7.0,0.37,6.0,0.44,56.0,0.45,65.11,0.05,0.05,2341.721983,1776328240000
1776328242.533,42.533,0.62,20.0,0.59,5.0,0.63,14.0,0.64,85.5,0.37,14.0,0.36,80.5,0.42,8.85,0.43,5.0,0.01,0.05,2341.721983,1776328240000
1776328243.57,43.57,0.63,68.64,0.62,35.0,0.64,5.5,0.65,78.0,0.37,14.0,0.36,85.5,0.38,20.0,0.41,5.0,0.01,0.01,2341.808285,1776328242000
1776328243.817,43.817,0.63,47.64,0.62,53.0,0.65,65.75,0.67,13.0,0.36,0.75,0.35,70.0,0.37,52.64,0.38,53.0,0.02,0.01,2341.808285,1776328242000
1776328244.067,44.067,0.64,14.44,0.63,37.64,0.65,10.38,0.67,13.0,0.35,10.38,0.33,13.0,0.36,5.0,0.37,37.64,0.01,0.01,2341.928595,1776328243000
1776328245.821,45.821,0.64,24.44,0.63,32.64,0.65,3.84,0.67,13.0,0.35,8.84,0.33,13.0,0.36,19.44,0.37,57.64,0.01,0.01,2342.165698,1776328244000
1776328246.401,46.401,0.69,11.0,0.68,45.0,0.73,70.78,0.74,25.7,0.35,2.3,0.33,13.0,0.36,19.44,0.37,32.64,0.04,0.01,2342.166597,1776328245000
1776328246.612,46.612,0.72,14.7,0.71,32.0,0.73,42.67,0.74,25.7,0.27,42.67,0.26,25.7,0.28,16.42,0.29,32.0,0.01,0.01,2342.166597,1776328245000
1776328246.845,46.845,0.72,15.34,0.71,16.0,0.73,37.67,0.74,25.7,0.27,37.67,0.26,25.7,0.28,25.7,0.29,16.0,0.01,0.01,2342.166597,1776328245000
1776328247.384,47.384,0.72,13.26,0.71,16.0,0.73,28.97,0.74,25.7,0.27,37.67,0.26,25.7,0.28,18.26,0.29,16.0,0.01,0.01,2342.307905,1776328246000
1776328247.779,47.779,0.72,37.46,0.71,31.0,0.73,13.01,0.74,25.7,0.27,28.97,0.26,25.7,0.28,13.26,0.29,16.0,0.01,0.01,2342.307905,1776328246000
1776328249.417,49.417,0.72,26.0,0.71,92.0,0.73,7.65,0.74,7.0,0.27,13.01,0.26,25.7,0.28,37.46,0.29,31.0,0.01,0.01,2342.722061,1776328248000
1776328249.675,49.675,0.72,7.92,0.71,92.0,0.73,7.65,0.74,7.0,0.27,7.65,0.26,7.0,0.28,26.0,0.29,92.0,0.01,0.01,2342.722061,1776328248000
1776328251.04,51.04,0.72,73.92,0.71,87.0,0.73,2.73,0.74,7.0,0.27,7.65,0.26,7.0,0.28,7.92,0.29,92.0,0.01,0.01,2342.843272,1776328249000
1776328251.87,51.87,0.72,56.0,0.71,112.0,0.73,6.73,0.74,7.0,0.27,2.73,0.26,7.0,0.28,73.92,0.29,87.0,0.01,0.01,2342.89441,1776328250000
1776328254.424,54.424,0.73,56.0,0.72,98.06,0.76,164.7,0.77,25.3,0.27,6.73,0.26,7.0,0.28,56.0,0.29,112.0,0.03,0.01,2342.8973,1776328253000
1776328255.798,55.798,0.75,16.0,0.74,16.0,0.76,164.7,0.77,25.3,0.24,164.7,0.23,25.3,0.27,56.0,0.28,98.06,0.01,0.03,2342.90422,1776328254000
1776328256.023,56.023,0.75,12.0,0.74,21.0,0.76,169.7,0.77,25.3,0.24,164.7,0.23,25.3,0.25,16.0,0.26,16.0,0.01,0.01,2342.90422,1776328254000
1776328256.461,56.461,0.75,5.0,0.74,21.0,0.76,164.7,0.77,25.3,0.24,169.7,0.23,25.3,0.25,12.0,0.26,21.0,0.01,0.01,2342.89661,1776328255000
1776328258.839,58.839,0.75,1.0,0.74,21.0,0.76,164.7,0.77,25.3,0.24,164.7,0.23,25.3,0.25,5.0,0.26,21.0,0.01,0.01,2342.94775,1776328257000
1776328259.227,59.227,0.75,53.0,0.74,10.0,0.76,63.0,0.77,25.3,0.24,164.7,0.23,25.3,0.25,1.0,0.26,21.0,0.01,0.01,2342.94775,1776328257000
1776328260.383,60.383,0.76,46.0,0.75,30.0,0.77,7.74,0.78,5.0,0.23,14.7,0.22,21.0,0.24,11.0,0.25,31.0,0.01,0.01,2342.946435,1776328259000
1776328260.645,60.645,0.77,15.65,0.76,36.0,0.79,41.18,0.8,112.5,0.21,41.18,0.2,112.5,0.24,46.0,0.25,30.0,0.02,0.03,2342.946435,1776328259000
1776328261.046,61.046,0.73,5.0,0.72,16.0,0.78,35.0,0.79,50.18,0.21,41.18,0.2,112.5,0.23,15.65,0.24,36.0,0.05,0.02,2342.946435,1776328259000
1776328261.429,61.429,0.72,16.0,0.71,69.56,0.74,8.86,0.75,75.0,0.22,35.0,0.21,50.18,0.27,5.0,0.28,16.0,0.02,0.05,2342.99505,1776328260000
1776328261.707,61.707,0.72,16.0,0.71,74.56,0.74,7.0,0.75,75.0,0.26,13.45,0.25,75.0,0.28,16.0,0.29,74.56,0.02,0.02,2342.99505,1776328260000
1776328262.007,62.007,0.72,21.0,0.71,74.56,0.74,9.12,0.75,75.0,0.26,10.56,0.25,75.0,0.28,16.0,0.29,74.56,0.02,0.02,2343.0151,1776328261000
1776328262.848,62.848,0.73,106.99,0.72,46.0,0.74,5.0,0.75,80.0,0.26,9.12,0.25,75.0,0.28,21.0,0.29,74.56,0.01,0.02,2343.0151,1776328261000
1776328263.964,63.964,0.74,165.55,0.73,26.28,0.77,20.3,0.78,30.0,0.26,5.0,0.25,80.0,0.27,106.99,0.28,46.0,0.03,0.01,2342.95806,1776328262000
1776328264.189,64.189,0.78,15.0,0.77,10.0,0.79,24.88,0.8,47.5,0.23,20.3,0.22,30.0,0.26,165.55,0.27,26.28,0.01,0.03,2342.922085,1776328263000
1776328265.864,65.864,0.78,50.0,0.77,40.37,0.79,32.61,0.8,37.5,0.21,16.88,0.2,47.5,0.22,15.0,0.23,32.0,0.01,0.01,2342.925303,1776328264000
1776328267.882,67.882,0.78,35.0,0.77,40.37,0.79,29.01,0.8,44.5,0.21,32.61,0.2,37.5,0.22,50.0,0.23,40.37,0.01,0.01,2343.219177,1776328266000
1776328268.153,68.153,0.77,13.37,0.74,5.0,0.78,110.0,0.79,139.01,0.21,29.01,0.2,44.5,0.22,35.0,0.23,40.37,0.01,0.01,2343.17187,1776328267000
1776328268.564,68.564,0.72,8.3,0.65,14.0,0.73,180.04,0.74,5.0,0.27,94.04,0.26,5.0,0.28,4.9,0.33,5.0,0.01,0.01,2343.17187,1776328267000
1776328268.852,68.852,0.65,14.14,0.64,16.0,0.67,30.0,0.68,5.0,0.27,180.04,0.26,5.0,0.28,8.3,0.35,14.0,0.02,0.01,2343.17187,1776328267000
1776328269.357,69.357,0.66,14.2,0.65,15.14,0.7,5.0,0.72,5.0,0.33,30.0,0.32,5.0,0.35,14.14,0.36,16.0,0.04,0.02,2343.1173,1776328268000
1776328270.334,70.334,0.65,43.26,0.64,10.0,0.71,5.0,0.72,2.0,0.3,24.0,0.29,5.0,0.33,1.0,0.35,59.14,0.06,0.03,2342.840464,1776328269000
1776328271.342,71.342,0.66,39.8,0.65,57.22,0.71,5.0,0.72,2.0,0.29,5.0,0.28,2.0,0.35,43.26,0.36,10.0,0.05,0.06,2342.507262,1776328270000
1776328272.192,72.192,0.7,20.0,0.69,40.0,0.71,7.8,0.72,22.89,0.29,5.0,0.28,2.0,0.34,39.8,0.35,57.22,0.01,0.05,2342.507262,1776328271000
1776328273.415,73.415,0.72,16.0,0.71,6.0,0.73,70.26,0.74,23.7,0.29,7.8,0.28,22.89,0.3,20.0,0.31,40.0,0.01,0.01,2342.507262,1776328271000
1776328274.464,74.464,0.72,16.0,0.71,11.0,0.73,53.26,0.74,28.7,0.27,64.26,0.26,23.7,0.28,21.0,0.29,11.0,0.01,0.01,2342.52519,1776328273000
1776328274.867,74.867,0.72,131.06,0.71,6.0,0.73,34.97,0.76,5.0,0.27,38.75,0.26,28.7,0.28,16.0,0.29,11.0,0.01,0.01,2342.52519,1776328273000
1776328275.234,75.234,0.72,110.06,0.71,15.0,0.78,26.0,0.79,19.01,0.27,23.97,0.24,5.0,0.28,130.06,0.29,6.0,0.06,0.01,2342.52519,1776328273000
1776328276.675,76.675,0.77,15.0,0.76,5.0,0.78,4.0,0.79,19.01,0.22,26.0,0.21,19.01,0.28,110.06,0.29,15.0,0.01,0.06,2342.63678,1776328275000
1776328279.959,79.959,0.78,36.0,0.77,30.0,0.8,10.0,0.81,8.0,0.22,4.0,0.21,19.01,0.23,15.0,0.24,5.0,0.02,0.01,2343.073281,1776328279000
1776328280.401,80.401,0.76,13.0,0.75,5.0,0.8,39.62,0.81,28.4,0.2,14.62,0.19,8.0,0.21,17.0,0.22,26.0,0.04,0.01,2343.073281,1776328279000
1776328280.822,80.822,0.76,13.0,0.75,10.0,0.79,28.73,0.8,29.62,0.2,39.62,0.19,28.4,0.24,13.0,0.25,5.0,0.03,0.04,2343.073281,1776328279000
1776328287.064,87.064,0.77,25.86,0.76,23.0,0.79,15.0,0.8,12.62,0.21,28.73,0.2,29.62,0.24,13.0,0.25,10.0,0.02,0.03,2343.151322,1776328286000
1776328287.985,87.985,0.78,75.39,0.77,39.39,0.79,2.0,0.8,4.62,0.21,15.0,0.2,12.62,0.23,25.86,0.24,23.0,0.01,0.02,2343.151322,1776328286000
1776328288.373,88.373,0.8,22.33,0.79,10.0,0.82,52.18,0.83,30.5,0.18,33.4,0.17,30.5,0.22,65.39,0.23,39.39,0.02,0.04,2343.151322,1776328286000
1776328289.487,89.487,0.79,9.13,0.78,23.07,0.81,67.4,0.82,28.18,0.18,52.18,0.17,30.5,0.2,22.33,0.21,10.0,0.02,0.02,2343.097662,1776328288000
1776328290.076,90.076,0.79,24.13,0.78,23.07,0.8,23.21,0.81,28.4,0.19,67.4,0.18,28.18,0.21,9.13,0.22,23.07,0.01,0.02,2343.097662,1776328288000
1776328291.081,91.081,0.79,108.97,0.78,35.07,0.8,2.0,0.82,38.18,0.2,23.21,0.19,28.4,0.21,24.13,0.22,23.07,0.01,0.01,2343.251169,1776328290000
1776328291.363,91.363,0.8,5.0,0.79,108.97,0.82,20.0,0.83,30.5,0.18,5.0,0.17,30.5,0.2,5.0,0.21,113.97,0.02,0.02,2343.251169,1776328290000
1776328291.671,91.671,0.81,59.67,0.8,5.0,0.82,44.4,0.83,30.5,0.18,20.0,0.17,30.5,0.2,5.0,0.21,108.97,0.01,0.02,2343.251169,1776328290000
1776328292.027,92.027,0.81,59.67,0.8,10.0,0.82,42.86,0.83,30.5,0.18,44.4,0.17,30.5,0.19,59.67,0.2,5.0,0.01,0.01,2343.251169,1776328290000
1776328293.511,93.511,0.81,69.67,0.8,10.0,0.82,16.46,0.83,30.5,0.18,42.86,0.17,30.5,0.19,59.67,0.2,10.0,0.01,0.01,2343.246746,1776328292000
1776328294.068,94.068,0.81,64.67,0.8,10.0,0.82,6.46,0.83,30.5,0.18,16.46,0.17,30.5,0.19,69.67,0.2,10.0,0.01,0.01,2343.246746,1776328292000
1776328294.535,94.535,0.81,59.67,0.8,10.0,0.82,6.46,0.83,30.5,0.18,6.46,0.17,30.5,0.19,64.67,0.2,10.0,0.01,0.01,2343.250807,1776328293000
1776328297.742,97.742,0.81,52.48,0.8,10.0,0.82,4.36,0.83,36.5,0.18,6.46,0.17,30.5,0.19,59.67,0.2,10.0,0.01,0.01,2343.256637,1776328296000
1776328304.581,104.581,0.78,3.19,0.77,35.74,0.82,15.0,0.83,30.5,0.18,4.36,0.17,36.5,0.19,52.48,0.2,10.0,0.04,0.01,2343.26862,1776328303000
1776328305.652,105.652,0.8,774.65,0.79,7.0,0.81,9.93,0.82,5.0,0.18,15.0,0.17,30.5,0.22,3.19,0.23,35.74,0.01,0.04,2343.283382,1776328304000
1776328306.11,106.11,0.8,399.22,0.79,7.0,0.81,8.34,0.82,10.0,0.19,14.93,0.18,10.0,0.2,102.4,0.21,7.0,0.01,0.01,2343.283382,1776328304000
1776328307.069,107.069,0.8,176.63,0.79,12.0,0.82,9.03,0.83,37.5,0.19,8.34,0.18,10.0,0.2,399.22,0.21,7.0,0.02,0.01,2343.274474,1776328305000
1776328307.63,107.63,0.8,470.74,0.79,12.0,0.81,15.0,0.82,9.03,0.18,9.03,0.17,37.5,0.2,176.63,0.21,12.0,0.01,0.02,2343.274474,1776328305000
1776328308.429,108.429,0.8,165.91,0.79,5.0,0.81,8.09,0.82,4.03,0.19,15.0,0.18,9.03,0.2,470.74,0.21,12.0,0.01,0.01,2343.203487,1776328307000
1776328308.977,108.977,0.8,175.91,0.79,5.0,0.82,4.03,0.83,37.5,0.19,8.09,0.18,4.03,0.2,165.91,0.21,5.0,0.02,0.01,2343.28004,1776328308000
1776328310.008,110.008,0.81,156.38,0.8,75.89,0.82,2.56,0.83,37.5,0.18,4.03,0.17,37.5,0.2,497.42,0.21,5.0,0.01,0.02,2343.208437,1776328309000
1776328310.474,110.474,0.82,9.44,0.81,131.38,0.83,37.5,0.84,31.8,0.18,2.56,0.17,37.5,0.19,156.38,0.2,75.89,0.01,0.01,2343.208437,1776328309000
1776328311.098,111.098,0.82,1.44,0.81,15.0,0.83,37.5,0.84,31.8,0.17,37.5,0.16,31.8,0.18,9.44,0.19,131.38,0.01,0.01,2343.290821,1776328310000
1776328311.599,111.599,0.82,4.99,0.81,15.0,0.83,37.5,0.84,31.8,0.17,37.5,0.16,31.8,0.18,1.44,0.19,15.0,0.01,0.01,2343.290821,1776328310000
1776328312.586,112.586,0.81,127.57,0.8,40.89,0.82,24.87,0.83,44.5,0.17,46.5,0.16,31.8,0.19,14.99,0.2,40.89,0.01,0.02,2343.208195,1776328311000
1776328313.062,113.062,0.81,161.36,0.8,40.89,0.82,15.0,0.83,44.5,0.18,24.87,0.17,44.5,0.19,127.57,0.2,40.89,0.01,0.01,2343.208195,1776328311000
1776328313.323,113.323,0.81,161.36,0.8,40.89,0.82,8.05,0.83,44.5,0.18,13.51,0.17,44.5,0.19,156.36,0.2,40.89,0.01,0.01,2343.226221,1776328312000
1776328314.138,114.138,0.8,40.89,0.75,14.94,0.82,104.05,0.83,43.5,0.18,8.05,0.17,44.5,0.19,161.36,0.2,40.89,0.02,0.01,2343.191517,1776328313000
1776328314.374,114.374,0.8,0.34,0.73,5.0,0.81,109.0,0.82,55.05,0.19,124.0,0.18,55.05,0.2,10.34,0.27,5.0,0.01,0.01,2343.191517,1776328313000
1776328314.576,114.576,0.72,12.0,0.71,5.0,0.81,49.93,0.82,18.05,0.19,90.0,0.18,36.05,0.27,5.0,0.28,12.0,0.09,0.08,2343.191517,1776328313000
1776328314.835,114.835,0.72,7.0,0.71,5.0,0.73,10.0,0.8,21.0,0.19,49.93,0.18,18.05,0.28,12.0,0.29,5.0,0.01,0.09,2343.191517,1776328313000
1776328315.15,115.15,0.72,2.0,0.71,5.0,0.73,15.0,0.78,7.0,0.27,10.0,0.2,21.0,0.28,7.0,0.29,5.0,0.01,0.01,2343.138984,1776328314000
1776328316.429,116.429,0.72,131.29,0.71,5.0,0.73,10.0,0.77,7.0,0.27,15.0,0.22,7.0,0.28,2.0,0.29,5.0,0.01,0.01,2343.101762,1776328315000
1776328316.812,116.812,0.72,137.29,0.71,5.0,0.73,7.98,0.74,5.0,0.27,10.0,0.23,7.0,0.28,131.29,0.29,5.0,0.01,0.01,2343.101762,1776328315000
1776328317.968,117.968,0.74,112.43,0.73,10.0,0.75,1.04,0.76,19.7,0.27,7.98,0.26,5.0,0.28,137.29,0.29,5.0,0.01,0.01,2342.7095,1776328317000
1776328320.199,120.199,0.72,11.74,0.7,10.0,0.73,28.38,0.74,6.0,0.25,1.04,0.24,19.7,0.26,112.43,0.27,10.0,0.01,0.01,2342.80323,1776328319000
1776328320.507,120.507,0.66,6.0,0.64,17.0,0.71,35.0,0.72,5.0,0.27,24.38,0.26,11.0,0.3,2.15,0.32,6.0,0.05,0.03,2342.80323,1776328319000
1776328321.036,121.036,0.66,5.0,0.65,5.0,0.68,5.8,0.69,6.0,0.29,35.0,0.28,5.0,0.34,6.0,0.36,17.0,0.02,0.05,2342.757799,1776328320000
1776328325.815,125.815,0.67,15.31,0.66,10.0,0.68,5.0,0.69,19.72,0.31,7.92,0.29,56.0,0.34,5.0,0.35,5.0,0.01,0.03,2342.3591,1776328324000
1776328326.324,126.324,0.67,15.31,0.66,10.0,0.7,11.56,0.71,73.5,0.32,5.0,0.31,19.72,0.33,15.31,0.34,10.0,0.03,0.01,2342.35947,1776328325000
1776328326.807,126.807,0.7,5.0,0.69,50.2,0.74,5.89,0.75,24.2,0.3,11.56,0.29,73.5,0.33,15.31,0.34,10.0,0.04,0.03,2342.35947,1776328325000
1776328327.196,127.196,0.71,15.0,0.7,7.19,0.73,3.54,0.74,5.0,0.27,5.0,0.26,5.0,0.3,12.19,0.31,36.0,0.02,0.03,2342.28348,1776328326000
1776328329.979,129.979,0.77,10.0,0.76,5.0,0.78,1.22,0.79,5.0,0.27,3.54,0.26,5.0,0.29,15.0,0.3,7.19,0.01,0.02,2342.45975,1776328328000
1776328330.576,130.576,0.77,15.73,0.76,5.0,0.81,68.7,0.82,15.05,0.19,68.7,0.18,15.05,0.23,10.08,0.24,20.0,0.04,0.04,2342.45975,1776328328000
1776328331.579,131.579,0.72,0.83,0.71,5.0,0.78,5.0,0.79,20.0,0.19,68.7,0.18,15.05,0.23,15.73,0.24,5.0,0.06,0.04,2342.498958,1776328330000
1776328332.581,132.581,0.73,25.0,0.72,5.73,0.76,3.02,0.8,34.5,0.24,5.0,0.22,5.0,0.28,15.47,0.29,5.0,0.03,0.04,2342.775381,1776328331000
1776328333.314,133.314,0.74,35.0,0.73,10.18,0.82,28.62,0.83,31.5,0.24,3.02,0.23,7.0,0.27,20.18,0.28,5.73,0.08,0.03,2342.775381,1776328331000
1776328333.762,133.762,0.69,20.55,0.68,12.0,0.7,36.48,0.73,6.0,0.18,28.62,0.17,31.5,0.26,35.0,0.27,10.18,0.01,0.08,2342.849208,1776328332000
1776328334.644,134.644,0.69,36.0,0.68,6.0,0.7,31.48,0.73,11.0,0.3,36.48,0.27,6.0,0.31,20.55,0.32,12.0,0.01,0.01,2342.687365,1776328333000
1776328336.105,136.105,0.69,154.12,0.68,361.74,0.7,46.48,0.79,6.0,0.3,31.48,0.27,11.0,0.31,36.0,0.32,6.0,0.01,0.01,2342.585695,1776328335000
1776328336.313,136.313,0.77,25.25,0.76,50.0,0.82,14.0,0.87,30.0,0.13,30.0,0.12,45.1,0.31,194.12,0.32,361.74,0.05,0.18,2342.585695,1776328335000
1776328338.821,138.821,0.77,7.0,0.76,18.0,0.79,9.0,0.8,10.0,0.18,13.9,0.13,30.0,0.22,6.0,0.23,27.25,0.02,0.04,2342.7255,1776328337000
1776328341.994,141.994,0.78,30.0,0.77,7.0,0.8,7.0,0.81,15.0,0.21,9.0,0.2,10.0,0.23,7.0,0.24,18.0,0.02,0.02,2342.761505,1776328340000
1776328344.263,144.263,0.79,20.23,0.77,35.37,0.8,22.0,0.81,15.0,0.2,7.0,0.19,15.0,0.22,30.0,0.23,7.0,0.01,0.02,2342.783188,1776328342000
1776328345.729,145.729,0.79,1.8,0.77,35.37,0.8,27.0,0.81,15.0,0.2,22.0,0.19,15.0,0.21,20.23,0.23,35.37,0.01,0.01,2342.8229,1776328344000
1776328346.453,146.453,0.77,30.37,0.76,68.0,0.79,6.2,0.8,101.0,0.2,27.0,0.19,15.0,0.21,1.8,0.23,35.37,0.02,0.01,2342.8229,1776328344000
1776328347.456,147.456,0.73,5.0,0.72,5.0,0.78,30.0,0.79,16.2,0.21,6.2,0.2,101.0,0.23,30.37,0.24,68.0,0.05,0.02,2342.8179,1776328346000
1776328349.143,149.143,0.72,6.0,0.71,53.44,0.73,20.0,0.74,15.0,0.25,12.0,0.24,25.0,0.29,59.44,0.3,24.0,0.01,0.04,2342.743596,1776328348000
1776328351.06,151.06,0.69,10.55,0.68,11.0,0.72,10.0,0.73,5.0,0.27,20.0,0.26,15.0,0.28,6.0,0.29,53.44,0.03,0.01,2342.627294,1776328349000
1776328353.266,153.266,0.71,11.55,0.7,11.0,0.73,5.0,0.74,5.0,0.28,10.0,0.27,5.0,0.31,10.55,0.32,11.0,0.02,0.03,2342.492596,1776328352000
1776328356.197,156.197,0.79,5.0,0.78,88.0,0.82,8.34,0.83,5.0,0.27,5.0,0.26,5.0,0.29,11.55,0.3,11.0,0.03,0.02,2342.44,1776328355000
1776328359.685,159.685,0.8,76.0,0.79,30.0,0.82,0.24,0.83,5.0,0.18,8.24,0.17,11.0,0.21,15.0,0.22,68.0,0.02,0.03,2342.7883,1776328358000
1776328360.094,160.094,0.8,71.0,0.79,35.0,0.83,0.24,0.84,5.0,0.18,0.24,0.17,5.0,0.2,71.0,0.21,35.0,0.03,0.02,2342.7883,1776328359000
1776328363.092,163.092,0.82,75.0,0.81,55.0,0.83,2.59,0.84,5.0,0.18,2.0,0.16,5.0,0.2,71.0,0.21,35.0,0.01,0.02,2342.8935,1776328361000
1776328364.237,164.237,0.85,10.0,0.84,84.0,0.89,5.0,0.9,28.0,0.16,5.0,0.15,5.0,0.17,6.41,0.18,70.0,0.04,0.01,2342.921195,1776328362000
1776328364.466,164.466,0.89,15.0,0.88,8.0,0.91,26.0,0.92,17.18,0.11,5.0,0.1,28.0,0.15,10.0,0.16,84.0,0.02,0.04,2342.92249,1776328363000
1776328364.7,164.7,0.9,100.0,0.89,143.7,0.91,17.47,0.92,120.0,0.09,5.9,0.07,6.93,0.11,33.7,0.12,13.0,0.01,0.02,2342.92249,1776328363000
1776328365.19,165.19,0.9,24.95,0.89,43.7,0.91,127.47,0.92,125.0,0.09,17.47,0.08,120.0,0.1,100.0,0.11,143.7,0.01,0.01,2342.92249,1776328363000
1776328365.737,165.737,0.9,19.95,0.89,48.7,0.91,142.47,0.92,130.0,0.09,147.47,0.08,125.0,0.1,14.95,0.11,43.7,0.01,0.01,2342.929205,1776328364000
1776328367.749,167.749,0.9,14.95,0.89,48.7,0.91,146.31,0.92,130.0,0.09,142.47,0.08,130.0,0.1,19.95,0.11,48.7,0.01,0.01,2343.449264,1776328366000
1776328368.078,168.078,0.9,14.95,0.89,48.7,0.91,128.88,0.92,130.0,0.09,144.87,0.08,130.0,0.1,14.95,0.11,48.7,0.01,0.01,2343.449264,1776328366000
1776328369.154,169.154,0.89,33.7,0.87,11.0,0.9,20.0,0.91,35.0,0.09,128.88,0.08,130.0,0.1,14.95,0.11,48.7,0.01,0.01,2343.3886,1776328367000
1776328369.465,169.465,0.89,26.12,0.88,5.0,0.9,15.0,0.91,35.0,0.1,20.0,0.09,35.0,0.11,33.7,0.13,11.0,0.01,0.01,2343.352626,1776328368000
1776328370.815,170.815,0.89,26.12,0.88,5.0,0.9,0.26,0.91,30.0,0.1,4.0,0.09,35.0,0.11,26.12,0.12,5.0,0.01,0.01,2343.379351,1776328369000
1776328372.1,172.1,0.89,26.12,0.88,5.0,0.91,25.09,0.92,30.0,0.1,0.26,0.09,30.0,0.11,26.12,0.12,5.0,0.02,0.01,2343.313559,1776328371000
1776328372.527,172.527,0.89,51.12,0.88,5.0,0.91,25.09,0.92,30.0,0.09,25.09,0.08,30.0,0.11,26.12,0.12,5.0,0.02,0.02,2343.313559,1776328371000
1776328372.923,172.923,0.9,29.0,0.89,77.12,0.92,30.0,0.93,98.23,0.09,25.09,0.08,30.0,0.11,51.12,0.12,5.0,0.02,0.02,2343.313559,1776328371000
1776328373.38,173.38,0.9,24.0,0.89,77.12,0.91,23.0,0.92,25.0,0.08,30.0,0.07,98.23,0.1,29.0,0.11,77.12,0.01,0.02,2343.398702,1776328372000
1776328374.989,174.989,0.9,96.23,0.89,171.12,0.91,14.9,0.93,73.23,0.09,23.0,0.08,25.0,0.1,24.0,0.11,77.12,0.01,0.01,2343.399412,1776328373000
1776328377.908,177.908,0.9,91.23,0.89,176.12,0.91,9.9,0.93,11.93,0.09,14.9,0.07,73.23,0.1,96.23,0.11,171.12,0.01,0.01,2343.39825,1776328377000
1776328378.499,178.499,0.91,6.11,0.9,96.23,0.93,11.93,0.94,115.8,0.09,9.9,0.07,11.93,0.1,91.23,0.11,176.12,0.02,0.01,2343.39825,1776328377000
1776328379.166,179.166,0.9,5.72,0.89,171.12,0.92,23.0,0.93,11.93,0.07,11.93,0.06,115.8,0.09,6.11,0.1,96.23,0.02,0.02,2343.39825,1776328378000
1776328379.977,179.977,0.9,10.72,0.89,41.12,0.91,15.0,0.92,10.0,0.08,23.0,0.07,11.93,0.1,5.72,0.11,171.12,0.01,0.02,2343.39825,1776328378000
1776328381.05,181.05,0.9,10.0,0.88,15.0,0.91,9.89,0.92,5.0,0.09,15.0,0.08,5.0,0.13,110.85,0.14,190.0,0.01,0.04,2343.4596,1776328379000
1776328383.621,183.621,0.91,12.64,0.89,10.0,0.92,5.0,0.93,12.93,0.09,4.89,0.08,5.0,0.1,10.0,0.12,15.0,0.01,0.01,2343.426083,1776328382000
1776328384.809,184.809,0.92,12.0,0.91,17.64,0.93,130.93,0.94,116.0,0.08,5.0,0.07,12.93,0.09,12.64,0.11,10.0,0.01,0.01,2343.428767,1776328383000
1776328385.136,185.136,0.92,12.0,0.91,22.64,0.93,104.55,0.94,116.0,0.07,109.55,0.06,116.0,0.08,12.0,0.09,17.64,0.01,0.01,2343.49158,1776328384000
1776328386.22,186.22,0.93,41.0,0.92,44.0,0.94,104.16,0.95,149.0,0.07,104.55,0.06,116.0,0.08,12.0,0.09,22.64,0.01,0.01,2343.5066,1776328385000
1776328386.823,186.823,0.93,34.0,0.92,63.0,0.94,88.68,0.95,149.0,0.06,98.16,0.05,149.0,0.07,29.0,0.08,39.0,0.01,0.01,2343.5066,1776328385000
1776328387.951,187.951,0.93,24.71,0.92,42.0,0.94,88.68,0.95,141.0,0.06,88.68,0.05,149.0,0.07,34.0,0.08,63.0,0.01,0.01,2343.5975,1776328386000
1776328388.789,188.789,0.93,24.71,0.92,36.0,0.94,77.72,0.95,146.0,0.06,88.68,0.05,141.0,0.07,24.71,0.08,42.0,0.01,0.01,2343.70577,1776328387000
1776328389.236,189.236,0.93,29.71,0.92,36.0,0.94,79.59,0.95,146.0,0.06,77.72,0.05,146.0,0.07,24.71,0.08,36.0,0.01,0.01,2343.755488,1776328388000
1776328391.002,191.002,0.94,66.7,0.93,59.83,0.95,138.98,0.96,151.0,0.06,79.59,0.05,146.0,0.07,29.71,0.08,36.0,0.01,0.01,2343.81305,1776328390000
1776328392.046,192.046,0.94,61.7,0.93,59.83,0.95,33.71,0.96,145.0,0.05,138.98,0.04,151.0,0.06,66.7,0.07,59.83,0.01,0.01,2343.81715,1776328391000
1776328392.829,192.829,0.96,5.0,0.95,20.0,0.97,462.7,0.98,558.7,0.05,33.71,0.04,145.0,0.06,61.7,0.07,59.83,0.01,0.01,2343.81715,1776328391000
1776328393.307,193.307,0.96,15.0,0.95,15.0,0.97,561.66,0.98,558.7,0.03,462.7,0.02,558.7,0.04,20.0,0.05,15.0,0.01,0.01,2343.765321,1776328392000
1776328393.994,193.994,0.96,15.0,0.95,10.0,0.97,551.35,0.98,969.7,0.03,561.66,0.02,558.7,0.04,15.0,0.05,15.0,0.01,0.01,2343.834995,1776328393000
1776328401.664,201.664,0.96,79.21,0.95,62.0,0.97,317.65,0.98,463.7,0.03,551.35,0.02,969.7,0.04,15.0,0.05,10.0,0.01,0.01,2343.88382,1776328400000
1776328402.513,202.513,0.96,79.21,0.95,62.0,0.97,323.59,0.98,1163.7,0.03,317.65,0.02,463.7,0.04,79.21,0.05,62.0,0.01,0.01,2343.8171,1776328401000
1776328405.277,205.277,0.96,70.0,0.95,37.0,0.97,307.25,0.98,1263.7,0.03,323.59,0.02,1163.7,0.04,79.21,0.05,62.0,0.01,0.01,2344.042,1776328404000
1776328409.598,209.598,0.96,50.0,0.95,37.0,0.97,295.21,0.98,463.7,0.03,307.25,0.02,1263.7,0.04,70.0,0.05,37.0,0.01,0.01,2343.999675,1776328408000
1776328411.062,211.062,0.96,75.0,0.95,62.0,0.97,192.11,0.98,463.7,0.03,295.21,0.02,463.7,0.04,50.0,0.05,37.0,0.01,0.01,2343.959261,1776328409000
1776328411.458,211.458,0.94,47.02,0.93,138.75,0.97,188.01,0.98,763.7,0.03,188.01,0.02,463.7,0.04,75.0,0.05,62.0,0.03,0.01,2343.905011,1776328410000
1776328411.678,211.678,0.96,10.0,0.94,37.99,0.97,108.88,0.98,768.7,0.03,108.01,0.02,768.7,0.04,10.0,0.06,37.99,0.01,0.01,2343.905011,1776328410000
1776328412.257,212.257,0.93,111.53,0.92,125.9,0.97,108.88,0.98,768.7,0.03,108.88,0.02,768.7,0.04,10.0,0.06,37.99,0.04,0.01,2343.905011,1776328411000
1776328413.095,213.095,0.95,51.0,0.94,32.74,0.97,111.81,0.98,768.7,0.03,108.88,0.02,768.7,0.07,111.53,0.08,125.9,0.02,0.04,2343.96195,1776328412000
1776328413.591,213.591,0.95,51.0,0.94,32.74,0.97,115.77,0.98,768.7,0.03,111.81,0.02,768.7,0.05,51.0,0.06,32.74,0.02,0.02,2343.96195,1776328412000
1776328413.995,213.995,0.96,33.0,0.95,39.0,0.97,103.9,0.98,280.0,0.03,115.77,0.02,768.7,0.05,51.0,0.06,32.74,0.01,0.02,2343.96195,1776328412000
1776328414.598,214.598,0.96,38.0,0.95,29.0,0.97,101.83,0.98,280.0,0.03,103.9,0.02,280.0,0.04,33.0,0.05,39.0,0.01,0.01,2343.865824,1776328413000
1776328415.076,215.076,0.96,10.0,0.95,52.0,0.97,84.04,0.98,468.7,0.03,101.83,0.02,280.0,0.04,38.0,0.05,29.0,0.01,0.01,2343.865824,1776328413000
1776328422.464,222.464,0.96,15.0,0.95,34.0,0.97,41.0,0.98,474.7,0.03,84.04,0.02,285.0,0.04,10.0,0.05,52.0,0.01,0.01,2343.867347,1776328421000
1776328424.731,224.731,0.96,72.0,0.95,124.8,0.97,7.0,0.98,286.0,0.03,41.0,0.02,474.7,0.04,15.0,0.05,34.0,0.01,0.01,2343.84219,1776328423000
1776328425.004,225.004,0.97,45.0,0.96,44.0,0.98,286.0,0.99,2205.75,0.02,286.0,0.01,2205.75,0.04,67.0,0.05,124.8,0.01,0.02,2343.824601,1776328424000
1776328425.374,225.374,0.97,55.3,0.96,39.0,0.98,208.2,0.99,2205.75,0.02,205.23,0.01,2205.75,0.03,55.3,0.04,69.0,0.01,0.01,2343.824601,1776328424000
1776328425.945,225.945,0.96,5.0,0.94,23.0,0.98,411.87,0.99,2310.75,0.02,208.2,0.01,2205.75,0.03,55.3,0.04,39.0,0.02,0.01,2343.824601,1776328424000
1776328426.276,226.276,0.96,5.0,0.93,44.49,0.97,213.4,0.98,547.81,0.02,412.81,0.01,2310.75,0.04,5.0,0.07,35.49,0.01,0.02,2343.824139,1776328425000
1776328426.818,226.818,0.92,24.0,0.91,128.75,0.95,101.94,0.96,133.0,0.03,213.4,0.02,542.81,0.07,21.8,0.08,17.0,0.03,0.04,2343.824139,1776328425000
1776328427.19,227.19,0.93,8.42,0.92,10.0,0.94,0.62,0.95,101.94,0.06,0.62,0.05,106.94,0.08,24.0,0.09,128.75,0.01,0.02,2343.824139,1776328425000
1776328428.07,228.07,0.93,13.42,0.92,11.0,0.94,6.84,0.95,5.0,0.05,100.51,0.04,138.0,0.07,8.42,0.08,10.0,0.01,0.02,2343.95115,1776328426000
1776328432.929,232.929,0.94,20.0,0.93,40.0,0.96,113.7,0.97,148.0,0.06,6.84,0.05,5.0,0.07,13.42,0.08,11.0,0.02,0.01,2343.356595,1776328431000
1776328433.22,233.22,0.94,10.0,0.93,30.0,0.96,113.7,0.97,148.0,0.04,113.7,0.03,148.0,0.06,20.0,0.07,40.0,0.02,0.02,2343.348617,1776328432000
1776328434.021,234.021,0.94,15.0,0.93,23.0,0.96,101.95,0.97,148.0,0.04,106.95,0.03,148.0,0.06,10.0,0.07,20.0,0.02,0.02,2343.50016,1776328433000
1776328434.834,234.834,0.95,5.0,0.94,15.0,0.96,122.95,0.97,148.0,0.04,101.95,0.03,148.0,0.06,15.0,0.07,23.0,0.01,0.02,2343.50016,1776328433000
1776328435.443,235.443,0.95,10.0,0.94,15.0,0.96,122.95,0.97,148.0,0.04,122.95,0.03,148.0,0.05,5.0,0.06,15.0,0.01,0.01,2343.54212,1776328434000
1776328435.657,235.657,0.95,10.0,0.94,35.0,0.97,43.0,0.98,457.81,0.04,122.95,0.03,148.0,0.05,10.0,0.06,15.0,0.02,0.01,2343.54212,1776328434000
1776328436.465,236.465,0.95,10.0,0.94,35.0,0.97,38.0,0.98,457.81,0.03,43.0,0.02,457.81,0.05,10.0,0.06,35.0,0.02,0.02,2343.531218,1776328435000
1776328437.271,237.271,0.96,10.0,0.95,78.0,0.98,164.11,0.99,2305.75,0.03,38.0,0.02,457.81,0.05,10.0,0.06,35.0,0.02,0.02,2343.531218,1776328435000
1776328437.83,237.83,0.97,15.0,0.96,46.0,0.99,1958.1,,,0.02,164.11,0.01,2305.75,0.04,10.0,0.05,78.0,0.02,0.02,2343.534575,1776328436000
1776328438.164,238.164,0.97,22.0,0.96,143.7,0.99,1958.1,,,0.01,1958.1,,,0.03,15.0,0.04,46.0,0.02,0.02,2343.534575,1776328437000
1776328438.407,238.407,0.97,22.0,0.96,144.7,0.99,1951.1,,,0.01,1958.1,,,0.03,22.0,0.04,143.7,0.02,0.02,2343.534575,1776328437000
1776328438.629,238.629,0.97,22.0,0.96,197.7,0.99,1946.1,,,0.01,1951.1,,,0.03,22.0,0.04,144.7,0.02,0.02,2343.534575,1776328437000
1776328438.901,238.901,0.97,56.0,0.96,157.7,0.99,1924.85,,,0.01,1924.85,,,0.03,22.0,0.04,197.7,0.02,0.02,2343.539519,1776328438000
1776328440.013,240.013,0.97,154.7,0.96,119.7,0.99,2097.93,,,0.01,1924.85,,,0.03,26.0,0.04,157.7,0.02,0.02,2343.905489,1776328439000
1776328440.491,240.491,0.97,159.7,0.96,119.7,0.99,1737.3,,,0.01,2097.93,,,0.03,154.7,0.04,119.7,0.02,0.02,2343.905489,1776328439000
1776328440.825,240.825,0.97,174.7,0.96,160.7,0.99,1719.57,,,0.01,1719.57,,,0.03,159.7,0.04,160.7,0.02,0.02,2343.905489,1776328439000
1776328441.082,241.082,0.97,169.7,0.96,160.7,0.99,1707.44,,,0.01,1707.44,,,0.03,169.7,0.04,160.7,0.02,0.02,2343.893169,1776328440000
1776328441.554,241.554,0.97,169.7,0.96,160.7,0.99,1798.38,,,0.01,1705.41,,,0.03,174.7,0.04,160.7,0.02,0.02,2343.893169,1776328440000
1776328441.893,241.893,0.97,169.88,0.96,160.7,0.99,1618.18,,,0.01,1678.38,,,0.03,164.88,0.04,160.7,0.02,0.02,2343.893169,1776328440000
1776328442.27,242.27,0.97,169.88,0.96,178.7,0.99,1610.07,,,0.01,1610.13,,,0.03,169.88,0.04,178.7,0.02,0.02,2343.917366,1776328441000
1776328442.698,242.698,0.98,230.47,0.97,184.88,0.99,2305.07,,,0.01,1610.07,,,0.03,169.88,0.04,178.7,0.01,0.02,2343.917366,1776328441000
1776328443.525,243.525,0.98,193.47,0.97,197.88,0.99,2291.07,,,0.01,2300.07,,,0.02,230.47,0.03,184.88,0.01,0.01,2343.889771,1776328442000
1776328443.984,243.984,0.98,193.47,0.97,200.7,0.99,2270.86,,,0.01,2291.07,,,0.02,193.47,0.03,197.88,0.01,0.01,2343.889771,1776328442000
1776328444.755,244.755,0.98,185.47,0.97,207.7,0.99,2275.86,,,0.01,2275.86,,,0.02,178.47,0.03,200.7,0.01,0.01,2343.969667,1776328443000
1776328445.106,245.106,0.98,195.47,0.97,207.7,0.99,2274.03,,,0.01,2275.86,,,0.02,185.47,0.03,207.7,0.01,0.01,2343.969667,1776328443000
1776328445.345,245.345,0.98,195.47,0.97,207.7,0.99,2260.95,,,0.01,2274.03,,,0.02,195.47,0.03,207.7,0.01,0.01,2343.969667,1776328443000
1776328446.09,246.09,0.98,188.47,0.97,202.7,0.99,2259.9,,,0.01,2265.95,,,0.02,180.47,0.03,207.7,0.01,0.01,2344.055065,1776328444000
1776328448.115,248.115,0.98,33.0,0.97,130.7,0.99,2242.79,,,0.01,2257.9,,,0.02,188.47,0.03,202.7,0.01,0.01,2344.074435,1776328446000
1776328448.682,248.682,0.97,123.7,0.96,203.7,0.98,67.0,0.99,2247.79,0.01,2242.79,,,0.02,33.0,0.03,130.7,0.01,0.01,2343.925204,1776328447000
1776328448.984,248.984,0.97,123.7,0.96,203.7,0.98,62.0,0.99,2242.79,0.02,67.0,0.01,2247.79,0.03,123.7,0.04,203.7,0.01,0.01,2343.925204,1776328447000
1776328449.189,249.189,0.97,164.7,0.96,178.7,0.98,42.0,0.99,2242.79,0.02,62.0,0.01,2242.79,0.03,123.7,0.04,203.7,0.01,0.01,2343.925204,1776328447000
1776328450.159,250.159,0.97,195.7,0.96,178.7,0.98,35.83,0.99,2262.79,0.02,35.94,0.01,2242.79,0.03,164.7,0.04,178.7,0.01,0.01,2343.899813,1776328448000
1776328451.026,251.026,0.97,220.7,0.96,178.7,0.98,22.45,0.99,1062.79,0.02,35.83,0.01,2262.79,0.03,195.7,0.04,178.7,0.01,0.01,2343.880717,1776328449000
1776328451.316,251.316,0.97,215.7,0.96,178.7,0.98,16.43,0.99,1062.79,0.02,21.43,0.01,1062.79,0.03,220.7,0.04,178.7,0.01,0.01,2343.908429,1776328450000
1776328451.698,251.698,0.97,215.7,0.96,178.7,0.98,11.33,0.99,1062.79,0.02,16.43,0.01,1062.79,0.03,215.7,0.04,178.7,0.01,0.01,2343.908429,1776328450000
1776328452.672,252.672,0.98,198.7,0.97,215.7,0.99,1050.71,,,0.01,1055.82,,,0.03,220.7,0.04,178.7,0.01,0.02,2343.9115,1776328451000
1776328452.903,252.903,0.98,4.0,0.97,182.7,0.99,1050.71,,,0.01,1050.71,,,0.02,198.7,0.03,215.7,0.01,0.01,2343.9115,1776328451000
1776328456.478,256.478,0.98,34.19,0.97,218.7,0.99,1017.94,,,0.01,1050.71,,,0.02,4.0,0.03,182.7,0.01,0.01,2343.731364,1776328455000
1776328457.284,257.284,0.98,217.89,0.97,218.7,0.99,1007.94,,,0.01,1017.94,,,0.02,34.19,0.03,218.7,0.01,0.01,2343.798995,1776328456000
1776328457.912,257.912,0.98,217.89,0.97,218.7,0.99,1009.94,,,0.01,1007.94,,,0.02,217.89,0.03,218.7,0.01,0.01,2343.798995,1776328456000
1776328458.309,258.309,0.98,217.89,0.97,218.7,0.99,997.33,,,0.01,1009.94,,,0.02,217.89,0.03,218.7,0.01,0.01,2343.798995,1776328456000
1776328458.821,258.821,0.98,217.89,0.97,218.7,0.99,991.31,,,0.01,997.33,,,0.02,217.89,0.03,218.7,0.01,0.01,2343.71612,1776328457000
1776328460.225,260.225,0.98,222.89,0.97,240.7,0.99,846.31,,,0.01,991.31,,,0.02,217.89,0.03,218.7,0.01,0.01,2343.693449,1776328458000
1776328460.48,260.48,0.98,167.89,0.97,240.7,0.99,845.29,,,0.01,845.29,,,0.02,217.89,0.03,240.7,0.01,0.01,2343.693449,1776328458000
1776328461.019,261.019,0.98,179.21,0.97,240.7,0.99,785.29,,,0.01,790.29,,,0.02,172.89,0.03,240.7,0.01,0.01,2343.71061,1776328459000
1776328461.878,261.878,0.98,259.21,0.97,128.7,0.99,769.76,,,0.01,784.76,,,0.02,179.21,0.03,240.7,0.01,0.01,2343.69328,1776328460000
1776328462.13,262.13,0.98,373.21,0.97,187.69,0.99,749.76,,,0.01,759.76,,,0.02,373.21,0.03,187.69,0.01,0.01,2343.69328,1776328460000
1776328462.614,262.614,0.99,1876.24,0.98,368.21,,,,,0.01,648.76,,,0.02,368.21,0.03,187.69,,0.01,2343.693279,1776328461000
1776328463.274,263.274,0.99,2244.57,0.98,283.21,,,,,,,,,0.01,1876.24,0.02,368.21,,,2343.792261,1776328462000
1776328464.303,264.303,0.99,2255.81,0.98,283.21,,,,,,,,,0.01,2243.55,0.02,283.21,,,2344.107367,1776328463000
1776328470.425,270.425,0.99,2353.26,0.98,311.21,,,,,,,,,0.01,2255.81,0.02,283.21,,,2344.091499,1776328469000
1776328471.905,271.905,0.99,2422.51,0.98,311.21,,,,,,,,,0.01,2353.26,0.02,311.21,,,2344.1168,1776328470000
1776328481.776,281.776,0.99,1968.7,0.98,143.32,,,,,,,,,0.01,2422.51,0.02,311.21,,,2343.771529,1776328480000

# RESULT,winner=Up,slug=eth-updown-5m-1776328200,ticks=272
