timestamp,elapsed_sec,up_bid_p1,up_bid_s1,up_bid_p2,up_bid_s2,up_ask_p1,up_ask_s1,up_ask_p2,up_ask_s2,down_bid_p1,down_bid_s1,down_bid_p2,down_bid_s2,down_ask_p1,down_ask_s1,down_ask_p2,down_ask_s2,up_spread,down_spread,eth_price,eth_oracle_ts
1776230101.321,1.321,,,,,,,,,,,,,,,,,,,2330.79629,1776230100000
1776230101.797,1.797,0.52,5.0,0.47,46.0,0.54,85.35,0.55,70.0,0.47,15.0,0.46,80.35,0.49,5.0,0.51,17.0,0.02,0.02,2330.79629,1776230100000
1776230102.009,2.009,0.5,6.0,0.49,17.0,0.53,15.0,0.54,80.35,0.47,15.0,0.46,80.35,0.49,5.0,0.51,17.0,0.03,0.02,2330.79629,1776230100000
1776230102.288,2.288,0.5,6.0,0.49,17.0,0.53,15.0,0.54,80.35,0.47,15.0,0.46,80.35,0.5,6.0,0.51,17.0,0.03,0.03,2330.781735,1776230101000
1776230102.793,2.793,0.52,5.0,0.48,5.0,0.53,4.64,0.54,10.0,0.47,15.0,0.46,80.35,0.5,6.0,0.51,17.0,0.01,0.03,2330.781735,1776230101000
1776230103.284,3.284,0.52,10.0,0.51,81.0,0.54,4.64,0.55,70.0,0.47,4.64,0.46,10.0,0.48,5.0,0.52,5.0,0.02,0.01,2330.781735,1776230101000
1776230103.852,3.852,0.53,10.0,0.52,10.0,0.54,9.64,0.55,70.0,0.46,4.64,0.45,70.0,0.48,10.0,0.49,81.0,0.01,0.02,2330.84702,1776230102000
1776230104.312,4.312,0.53,10.0,0.52,10.0,0.54,9.64,0.55,70.0,0.46,9.64,0.45,70.0,0.47,10.0,0.48,10.0,0.01,0.01,2330.901975,1776230103000
1776230104.877,4.877,0.53,10.0,0.52,10.0,0.54,9.64,0.55,70.0,0.46,9.64,0.45,70.0,0.47,10.0,0.48,10.0,0.01,0.01,2330.95636,1776230104000
1776230105.611,5.611,0.53,20.0,0.52,15.0,0.54,7.7,0.55,75.0,0.46,7.7,0.45,70.0,0.47,20.0,0.48,15.0,0.01,0.01,2330.95636,1776230104000
1776230105.931,5.931,0.53,20.0,0.52,15.0,0.54,7.7,0.55,75.0,0.46,7.7,0.45,75.0,0.47,20.0,0.48,15.0,0.01,0.01,2331.16794,1776230105000
1776230106.409,6.409,0.53,3.75,0.52,5.0,0.54,10.0,0.55,95.0,0.46,7.7,0.45,75.0,0.47,20.0,0.48,15.0,0.01,0.01,2331.16794,1776230105000
1776230106.865,6.865,0.54,140.0,0.53,15.0,0.55,220.0,0.56,85.0,0.46,5.0,0.45,230.0,0.5,10.0,0.51,10.0,0.01,0.04,2331.16794,1776230105000
1776230107.278,7.278,0.54,120.0,0.53,15.0,0.55,220.0,0.56,90.0,0.45,225.0,0.44,90.0,0.46,130.0,0.47,15.0,0.01,0.01,2331.29805,1776230106000
1776230107.684,7.684,0.54,102.76,0.52,5.0,0.55,250.0,0.56,135.0,0.45,220.0,0.44,90.0,0.46,120.0,0.47,15.0,0.01,0.01,2331.29805,1776230106000
1776230109.784,9.784,0.53,10.0,0.5,10.0,0.54,10.0,0.55,245.0,0.45,240.0,0.44,135.0,0.46,92.76,0.48,5.0,0.01,0.01,2331.173801,1776230107000
1776230110.462,10.462,0.53,10.0,0.5,10.0,0.54,23.01,0.55,235.0,0.46,23.01,0.45,235.0,0.47,10.0,0.5,10.0,0.01,0.01,2330.82442,1776230109000
1776230110.919,10.919,0.54,16.56,0.53,5.0,0.55,230.0,0.56,130.0,0.45,230.0,0.44,130.0,0.46,16.56,0.47,5.0,0.01,0.01,2330.8753,1776230110000
1776230111.282,11.282,0.54,21.56,0.53,5.0,0.55,268.86,0.56,140.0,0.45,230.0,0.44,130.0,0.46,16.56,0.47,5.0,0.01,0.01,2330.8753,1776230110000
1776230111.803,11.803,0.52,5.03,0.5,10.0,0.55,273.86,0.56,135.0,0.45,268.86,0.44,140.0,0.46,21.56,0.47,5.0,0.03,0.01,2330.8753,1776230110000
1776230112.404,12.404,0.5,12.78,0.49,15.0,0.51,35.0,0.52,20.0,0.45,273.86,0.44,135.0,0.51,10.0,0.52,15.0,0.01,0.06,2330.796678,1776230111000
1776230112.899,12.899,0.5,12.78,0.49,15.0,0.51,35.0,0.52,20.0,0.49,35.0,0.48,20.0,0.5,12.78,0.51,15.0,0.01,0.01,2330.777635,1776230112000
1776230113.718,13.718,0.5,18.0,0.49,15.0,0.51,25.0,0.52,15.0,0.49,35.0,0.48,20.0,0.5,12.78,0.51,15.0,0.01,0.01,2330.777635,1776230112000
1776230114.854,14.854,0.5,18.0,0.49,15.0,0.51,25.0,0.52,15.0,0.49,25.0,0.48,15.0,0.5,18.0,0.51,15.0,0.01,0.01,2330.75815,1776230114000
1776230116.631,16.631,0.5,18.0,0.49,15.0,0.51,25.0,0.52,15.0,0.49,25.0,0.48,15.0,0.5,18.0,0.51,15.0,0.01,0.01,2330.900935,1776230115000
1776230117.181,17.181,0.5,18.0,0.49,15.0,0.51,25.0,0.52,15.0,0.49,25.0,0.48,15.0,0.5,18.0,0.51,15.0,0.01,0.01,2330.857664,1776230116000
1776230118.306,18.306,0.5,18.0,0.49,15.0,0.51,25.0,0.52,15.0,0.49,25.0,0.48,15.0,0.5,18.0,0.51,15.0,0.01,0.01,2330.789197,1776230117000
1776230118.82,18.82,0.49,18.03,0.48,20.0,0.5,25.0,0.51,20.0,0.5,20.0,0.49,30.0,0.51,28.03,0.52,20.0,0.01,0.01,2330.789197,1776230117000
1776230119.352,19.352,0.49,18.03,0.48,20.0,0.5,25.0,0.51,20.0,0.5,25.0,0.49,20.0,0.51,18.03,0.52,20.0,0.01,0.01,2330.762675,1776230118000
1776230120.468,20.468,0.49,18.03,0.48,20.0,0.5,25.0,0.51,20.0,0.5,25.0,0.49,20.0,0.51,18.03,0.52,20.0,0.01,0.01,2330.76774,1776230119000
1776230121.022,21.022,0.49,18.03,0.48,20.0,0.5,25.0,0.51,20.0,0.5,25.0,0.49,20.0,0.51,18.03,0.52,20.0,0.01,0.01,2330.76774,1776230120000
1776230122.112,22.112,0.49,18.03,0.48,20.0,0.5,25.0,0.51,20.0,0.5,25.0,0.49,20.0,0.51,18.03,0.52,20.0,0.01,0.01,2330.761955,1776230121000
1776230123.753,23.753,0.49,5.0,0.48,20.0,0.5,35.0,0.51,30.0,0.5,25.0,0.49,20.0,0.51,18.03,0.52,20.0,0.01,0.01,2330.761955,1776230121000
1776230124.654,24.654,0.48,5.0,0.47,12.0,0.49,30.0,0.5,25.0,0.5,35.0,0.49,30.0,0.51,5.0,0.52,20.0,0.01,0.01,2330.768625,1776230123000
1776230125.155,25.155,0.48,5.0,0.47,12.0,0.49,30.0,0.5,25.0,0.51,30.0,0.5,25.0,0.52,5.0,0.53,12.0,0.01,0.01,2330.769555,1776230124000
1776230125.673,25.673,0.46,42.0,0.45,37.0,0.47,35.0,0.48,50.0,0.52,30.0,0.51,133.0,0.54,15.0,0.55,27.0,0.01,0.02,2330.769555,1776230124000
1776230126.0,26.0,0.47,35.0,0.46,40.0,0.53,10.0,0.54,10.0,0.53,35.0,0.52,50.0,0.54,42.0,0.55,37.0,0.06,0.01,2330.769555,1776230124000
1776230126.266,26.266,0.49,10.0,0.47,35.0,0.53,10.0,0.54,10.0,0.47,10.0,0.46,10.0,0.51,10.0,0.53,35.0,0.04,0.04,2330.86263,1776230125000
1776230127.543,27.543,0.52,10.0,0.51,15.0,0.53,5.0,0.54,5.0,0.47,5.0,0.46,5.0,0.48,10.0,0.49,15.0,0.01,0.01,2330.676685,1776230126000
1776230128.14,28.14,0.52,10.0,0.51,15.0,0.53,5.0,0.54,5.0,0.47,5.0,0.46,5.0,0.48,10.0,0.49,15.0,0.01,0.01,2330.722056,1776230127000
1776230129.353,29.353,0.52,10.0,0.51,15.0,0.53,5.0,0.54,5.0,0.47,5.0,0.46,5.0,0.48,10.0,0.49,15.0,0.01,0.01,2330.965315,1776230128000
1776230129.667,29.667,0.53,75.0,0.52,168.0,0.58,5.0,0.59,24.0,0.47,5.0,0.46,5.0,0.48,10.0,0.49,15.0,0.05,0.01,2330.965315,1776230128000
1776230130.077,30.077,0.6,18.87,0.59,25.0,0.61,150.96,0.62,80.0,0.39,135.96,0.38,75.0,0.4,15.0,0.41,15.0,0.01,0.01,2330.969244,1776230129000
1776230130.585,30.585,0.6,14.87,0.59,25.0,0.61,160.96,0.62,75.0,0.39,150.96,0.38,80.0,0.4,18.87,0.41,25.0,0.01,0.01,2330.969244,1776230129000
1776230130.971,30.971,0.6,14.87,0.59,25.0,0.61,155.96,0.62,75.0,0.39,155.96,0.38,75.0,0.4,14.87,0.41,25.0,0.01,0.01,2330.969795,1776230130000
1776230131.548,31.548,0.6,2.37,0.59,25.0,0.61,165.96,0.62,80.0,0.39,155.96,0.38,75.0,0.4,14.87,0.41,25.0,0.01,0.01,2330.969795,1776230130000
1776230131.882,31.882,0.6,12.37,0.59,25.0,0.61,166.04,0.62,80.0,0.39,165.96,0.38,80.0,0.4,2.37,0.41,25.0,0.01,0.01,2330.969795,1776230130000
1776230132.111,32.111,0.6,12.37,0.59,25.0,0.61,166.04,0.62,80.0,0.39,166.04,0.38,80.0,0.4,12.37,0.41,25.0,0.01,0.01,2331.139844,1776230131000
1776230133.256,33.256,0.6,91.0,0.59,33.0,0.61,64.0,0.62,70.0,0.39,166.04,0.38,80.0,0.4,12.37,0.41,25.0,0.01,0.01,2331.139844,1776230131000
1776230133.498,33.498,0.61,10.0,0.6,91.0,0.62,0.92,0.63,10.0,0.38,8.61,0.37,10.0,0.39,10.0,0.4,91.0,0.01,0.01,2331.347617,1776230132000
1776230134.446,34.446,0.61,66.0,0.6,15.0,0.62,5.51,0.63,10.0,0.38,5.51,0.37,10.0,0.39,66.0,0.4,15.0,0.01,0.01,2331.302735,1776230133000
1776230134.819,34.819,0.62,21.0,0.61,21.0,0.63,4.0,0.64,88.89,0.38,5.51,0.37,10.0,0.39,66.0,0.4,15.0,0.01,0.01,2331.302735,1776230133000
1776230135.694,35.694,0.63,50.0,0.62,21.0,0.64,106.79,0.65,80.0,0.37,4.0,0.36,88.89,0.38,21.0,0.39,21.0,0.01,0.01,2331.39095,1776230134000
1776230136.139,36.139,0.63,50.0,0.62,21.0,0.64,106.79,0.65,80.0,0.36,106.79,0.35,80.0,0.37,50.0,0.38,21.0,0.01,0.01,2331.524825,1776230135000
1776230136.623,36.623,0.63,55.0,0.62,21.0,0.64,104.28,0.65,80.0,0.36,108.0,0.35,80.0,0.37,55.0,0.38,21.0,0.01,0.01,2331.524825,1776230135000
1776230136.959,36.959,0.63,55.0,0.62,21.0,0.64,95.46,0.65,80.0,0.36,104.28,0.35,80.0,0.37,55.0,0.38,21.0,0.01,0.01,2331.524825,1776230135000
1776230137.197,37.197,0.63,55.0,0.62,21.0,0.64,95.46,0.65,80.0,0.36,95.46,0.35,80.0,0.37,55.0,0.38,21.0,0.01,0.01,2331.616869,1776230136000
1776230138.399,38.399,0.63,55.0,0.62,21.0,0.64,95.46,0.65,80.0,0.36,95.46,0.35,80.0,0.37,55.0,0.38,21.0,0.01,0.01,2331.54692,1776230137000
1776230139.77,39.77,0.63,55.0,0.62,21.0,0.64,95.46,0.65,80.0,0.36,95.46,0.35,80.0,0.37,55.0,0.38,21.0,0.01,0.01,2331.550845,1776230138000
1776230140.313,40.313,0.63,50.87,0.62,21.0,0.64,100.46,0.65,75.0,0.36,100.46,0.35,75.0,0.37,50.87,0.38,21.0,0.01,0.01,2331.54945,1776230139000
1776230141.404,41.404,0.63,50.87,0.62,21.0,0.64,100.46,0.65,75.0,0.36,100.46,0.35,75.0,0.37,50.87,0.38,21.0,0.01,0.01,2331.656256,1776230140000
1776230142.315,42.315,0.63,50.87,0.62,21.0,0.64,100.46,0.65,75.0,0.36,100.46,0.35,75.0,0.37,50.87,0.38,21.0,0.01,0.01,2331.53852,1776230141000
1776230142.891,42.891,0.63,73.87,0.62,38.0,0.64,79.46,0.67,15.0,0.36,100.46,0.35,75.0,0.37,50.87,0.38,21.0,0.01,0.01,2331.53852,1776230141000
1776230143.939,43.939,0.63,73.87,0.62,38.0,0.64,79.46,0.67,15.0,0.36,79.46,0.33,15.0,0.37,73.87,0.38,38.0,0.01,0.01,2331.5464,1776230143000
1776230144.891,44.891,0.63,73.87,0.62,38.0,0.64,79.46,0.67,15.0,0.36,79.46,0.33,15.0,0.37,73.87,0.38,38.0,0.01,0.01,2331.568355,1776230144000
1776230145.359,45.359,0.66,63.0,0.65,15.0,0.67,12.91,0.68,70.0,0.36,79.46,0.33,15.0,0.37,73.87,0.38,38.0,0.01,0.01,2331.568355,1776230144000
1776230146.029,46.029,0.66,32.7,0.65,15.0,0.67,22.91,0.68,75.0,0.33,22.91,0.32,75.0,0.34,32.7,0.35,15.0,0.01,0.01,2331.654132,1776230145000
1776230146.505,46.505,0.66,25.05,0.65,10.0,0.67,22.91,0.68,75.0,0.33,22.91,0.32,75.0,0.34,32.7,0.35,15.0,0.01,0.01,2331.654132,1776230145000
1776230146.747,46.747,0.66,30.05,0.65,10.0,0.67,26.27,0.68,70.0,0.33,17.91,0.32,75.0,0.34,30.05,0.35,10.0,0.01,0.01,2331.654132,1776230145000
1776230147.105,47.105,0.66,30.05,0.65,10.0,0.67,26.27,0.68,70.0,0.33,26.27,0.32,70.0,0.34,30.05,0.35,10.0,0.01,0.01,2331.7223,1776230146000
1776230147.605,47.605,0.66,40.0,0.65,15.0,0.67,64.27,0.68,85.0,0.33,26.27,0.32,70.0,0.34,30.05,0.35,10.0,0.01,0.01,2331.7223,1776230146000
1776230148.117,48.117,0.66,40.0,0.65,15.0,0.67,64.27,0.68,85.0,0.33,64.27,0.32,85.0,0.34,40.0,0.35,15.0,0.01,0.01,2331.65759,1776230147000
1776230148.372,48.372,0.66,75.17,0.65,20.0,0.67,49.19,0.68,70.0,0.33,64.27,0.32,85.0,0.34,40.0,0.35,15.0,0.01,0.01,2331.65759,1776230147000
1776230149.078,49.078,0.66,75.17,0.65,20.0,0.67,49.19,0.68,70.0,0.33,49.19,0.32,70.0,0.34,75.17,0.35,20.0,0.01,0.01,2331.67578,1776230148000
1776230149.491,49.491,0.66,75.17,0.65,20.0,0.67,51.0,0.68,70.0,0.33,49.19,0.32,70.0,0.34,75.17,0.35,20.0,0.01,0.01,2331.67578,1776230148000
1776230150.137,50.137,0.66,75.17,0.65,20.0,0.67,33.0,0.68,70.0,0.33,33.0,0.32,70.0,0.34,75.17,0.35,20.0,0.01,0.01,2331.633475,1776230149000
1776230151.14,51.14,0.66,75.17,0.65,20.0,0.67,33.0,0.68,70.0,0.33,33.0,0.32,70.0,0.34,75.17,0.35,20.0,0.01,0.01,2331.717853,1776230150000
1776230151.846,51.846,0.66,72.22,0.65,25.0,0.67,28.0,0.68,80.0,0.33,33.0,0.32,70.0,0.34,75.17,0.35,20.0,0.01,0.01,2331.717853,1776230150000
1776230152.054,52.054,0.66,77.22,0.65,25.0,0.67,23.0,0.68,80.0,0.33,28.0,0.32,80.0,0.34,72.22,0.35,25.0,0.01,0.01,2331.717853,1776230150000
1776230153.235,53.235,0.66,77.22,0.65,25.0,0.67,23.52,0.68,70.0,0.33,23.52,0.32,70.0,0.34,77.22,0.35,25.0,0.01,0.01,2331.65372,1776230152000
1776230154.82,54.82,0.66,77.22,0.65,25.0,0.67,23.52,0.68,70.0,0.33,23.52,0.32,70.0,0.34,77.22,0.35,25.0,0.01,0.01,2331.657175,1776230153000
1776230155.394,55.394,0.66,77.22,0.65,25.0,0.67,23.52,0.68,70.0,0.33,23.52,0.32,70.0,0.34,77.22,0.35,25.0,0.01,0.01,2331.65411,1776230154000
1776230156.062,56.062,0.66,77.22,0.65,25.0,0.67,23.52,0.68,70.0,0.33,23.52,0.32,70.0,0.34,77.22,0.35,25.0,0.01,0.01,2331.656055,1776230155000
1776230157.736,57.736,0.66,77.22,0.65,25.0,0.67,23.52,0.68,70.0,0.33,23.52,0.32,70.0,0.34,77.22,0.35,25.0,0.01,0.01,2331.675575,1776230156000
1776230158.305,58.305,0.66,77.22,0.65,25.0,0.67,23.52,0.68,70.0,0.33,23.52,0.32,70.0,0.34,77.22,0.35,25.0,0.01,0.01,2331.68103,1776230157000
1776230158.952,58.952,0.66,77.22,0.65,25.0,0.67,23.52,0.68,70.0,0.33,23.52,0.32,70.0,0.34,77.22,0.35,25.0,0.01,0.01,2331.682325,1776230158000
1776230159.533,59.533,0.66,124.05,0.65,27.0,0.67,4.04,0.68,75.0,0.33,23.52,0.32,70.0,0.34,77.22,0.35,25.0,0.01,0.01,2331.682325,1776230158000
1776230159.925,59.925,0.67,39.0,0.66,20.0,0.68,173.0,0.69,31.0,0.32,75.0,0.31,21.0,0.34,124.05,0.35,27.0,0.01,0.02,2331.682325,1776230158000
1776230160.47,60.47,0.65,10.0,0.64,16.0,0.68,168.0,0.69,31.0,0.32,168.0,0.31,31.0,0.35,10.0,0.36,16.0,0.03,0.03,2331.68735,1776230159000
1776230161.138,61.138,0.65,10.0,0.64,16.0,0.68,168.0,0.69,31.0,0.32,168.0,0.31,31.0,0.35,10.0,0.36,16.0,0.03,0.03,2331.6838,1776230160000
1776230162.36,62.36,0.65,10.0,0.64,16.0,0.68,168.0,0.69,31.0,0.32,168.0,0.31,31.0,0.35,10.0,0.36,16.0,0.03,0.03,2331.681078,1776230161000
1776230162.647,62.647,0.66,45.29,0.65,10.0,0.67,28.0,0.68,94.0,0.32,168.0,0.31,31.0,0.35,10.0,0.36,16.0,0.01,0.03,2331.681078,1776230161000
1776230163.115,63.115,0.66,45.29,0.65,10.0,0.67,40.85,0.68,94.0,0.33,40.85,0.32,94.0,0.34,45.29,0.35,10.0,0.01,0.01,2331.602335,1776230162000
1776230163.597,63.597,0.66,50.29,0.65,15.0,0.67,62.85,0.68,94.0,0.33,40.85,0.32,94.0,0.34,45.29,0.35,10.0,0.01,0.01,2331.602335,1776230162000
1776230164.517,64.517,0.66,50.29,0.65,15.0,0.67,62.85,0.68,94.0,0.33,62.85,0.32,94.0,0.34,50.29,0.35,15.0,0.01,0.01,2331.59627,1776230163000
1776230165.156,65.156,0.66,50.29,0.65,15.0,0.67,62.85,0.68,94.0,0.33,62.85,0.32,94.0,0.34,50.29,0.35,15.0,0.01,0.01,2331.63116,1776230164000
1776230165.594,65.594,0.66,287.54,0.65,15.0,0.67,58.0,0.68,94.0,0.33,62.85,0.32,94.0,0.34,50.29,0.35,15.0,0.01,0.01,2331.63116,1776230164000
1776230166.194,66.194,0.66,377.54,0.65,104.0,0.69,5.0,0.7,91.0,0.33,58.0,0.32,94.0,0.34,287.54,0.35,15.0,0.03,0.01,2331.63116,1776230164000
1776230166.4,66.4,0.69,7.0,0.68,11.0,0.7,91.0,0.71,21.0,0.3,91.0,0.29,21.0,0.31,7.0,0.32,11.0,0.01,0.01,2331.647045,1776230165000
1776230167.095,67.095,0.69,106.77,0.68,31.0,0.7,96.0,0.71,21.0,0.3,96.0,0.29,21.0,0.31,106.77,0.32,31.0,0.01,0.01,2331.65242,1776230166000
1776230167.626,67.626,0.69,33.77,0.68,31.0,0.7,103.0,0.71,21.0,0.3,96.0,0.29,21.0,0.31,106.77,0.32,31.0,0.01,0.01,2331.65242,1776230166000
1776230168.534,68.534,0.69,33.77,0.68,31.0,0.7,103.0,0.71,21.0,0.3,103.0,0.29,21.0,0.31,33.77,0.32,31.0,0.01,0.01,2331.709118,1776230167000
1776230169.074,69.074,0.69,33.77,0.68,31.0,0.7,103.0,0.71,21.0,0.3,103.0,0.29,21.0,0.31,33.77,0.32,31.0,0.01,0.01,2331.731125,1776230168000
1776230169.624,69.624,0.72,68.0,0.71,37.0,0.73,18.0,0.74,107.7,0.27,18.0,0.26,107.7,0.28,68.0,0.29,25.0,0.01,0.01,2331.731125,1776230168000
1776230169.865,69.865,0.72,89.0,0.71,53.0,0.73,12.91,0.74,107.7,0.27,18.0,0.26,107.7,0.28,68.0,0.29,37.0,0.01,0.01,2331.731125,1776230168000
1776230170.355,70.355,0.72,100.0,0.71,69.0,0.73,12.91,0.74,88.7,0.27,12.91,0.26,107.7,0.28,89.0,0.29,53.0,0.01,0.01,2331.731125,1776230168000
1776230170.743,70.743,0.72,100.0,0.71,69.0,0.73,12.91,0.74,88.7,0.27,12.91,0.26,88.7,0.28,100.0,0.29,69.0,0.01,0.01,2331.945052,1776230169000
1776230171.308,71.308,0.72,130.0,0.71,69.0,0.73,25.57,0.74,88.7,0.27,25.57,0.26,88.7,0.28,130.0,0.29,69.0,0.01,0.01,2331.950415,1776230170000
1776230171.582,71.582,0.72,43.0,0.71,25.0,0.73,12.91,0.74,88.7,0.27,25.57,0.26,88.7,0.28,130.0,0.29,69.0,0.01,0.01,2331.950415,1776230170000
1776230172.013,72.013,0.72,29.21,0.71,20.0,0.73,17.91,0.74,88.7,0.27,17.91,0.26,88.7,0.28,31.0,0.29,25.0,0.01,0.01,2331.950415,1776230170000
1776230172.22,72.22,0.72,29.21,0.71,20.0,0.73,17.91,0.74,88.7,0.27,17.91,0.26,88.7,0.28,29.21,0.29,20.0,0.01,0.01,2331.969791,1776230171000
1776230172.911,72.911,0.69,3.77,0.68,11.0,0.73,200.21,0.74,53.7,0.27,17.91,0.26,88.7,0.28,29.21,0.29,20.0,0.04,0.01,2331.969791,1776230171000
1776230173.2,73.2,0.69,3.77,0.68,11.0,0.73,200.21,0.74,53.7,0.27,200.21,0.26,53.7,0.31,3.77,0.32,11.0,0.04,0.04,2331.95612,1776230172000
1776230173.6,73.6,0.67,5.0,0.66,227.25,0.68,105.0,0.69,135.0,0.27,200.21,0.26,53.7,0.31,3.77,0.32,11.0,0.01,0.04,2331.95612,1776230172000
1776230174.246,74.246,0.67,5.0,0.66,232.25,0.68,95.0,0.69,135.0,0.32,95.0,0.31,135.0,0.33,5.0,0.34,232.25,0.01,0.01,2331.961845,1776230173000
1776230174.896,74.896,0.66,227.25,0.65,10.0,0.68,98.0,0.69,191.86,0.32,95.0,0.31,205.0,0.33,6.0,0.34,232.25,0.02,0.01,2331.961845,1776230173000
1776230175.186,75.186,0.66,1.75,0.65,10.0,0.67,20.0,0.68,85.0,0.33,15.0,0.32,128.0,0.34,51.75,0.35,10.0,0.01,0.01,2331.961845,1776230173000
1776230176.098,76.098,0.61,5.0,0.6,6.0,0.66,43.25,0.67,90.0,0.34,43.25,0.33,90.0,0.39,5.0,0.4,6.0,0.05,0.05,2331.677875,1776230175000
1776230177.06,77.06,0.61,5.0,0.6,6.0,0.66,43.25,0.67,90.0,0.34,43.25,0.33,90.0,0.39,5.0,0.4,6.0,0.05,0.05,2331.343254,1776230176000
1776230178.035,78.035,0.61,5.0,0.6,6.0,0.66,43.25,0.67,90.0,0.34,43.25,0.33,90.0,0.39,5.0,0.4,6.0,0.05,0.05,2331.21565,1776230177000
1776230178.924,78.924,0.6,0.12,0.59,5.0,0.61,65.0,0.62,15.0,0.39,65.0,0.38,15.0,0.4,0.12,0.41,5.0,0.01,0.01,2331.21565,1776230178000
1776230179.885,79.885,0.6,0.12,0.59,5.0,0.61,65.0,0.62,15.0,0.39,65.0,0.38,15.0,0.4,0.12,0.41,5.0,0.01,0.01,2331.291556,1776230179000
1776230180.82,80.82,0.6,0.12,0.59,5.0,0.61,65.0,0.62,15.0,0.39,65.0,0.38,15.0,0.4,0.12,0.41,5.0,0.01,0.01,2331.330816,1776230180000
1776230182.331,82.331,0.6,0.12,0.59,5.0,0.61,65.0,0.62,15.0,0.39,65.0,0.38,15.0,0.4,0.12,0.41,5.0,0.01,0.01,2331.174615,1776230181000
1776230183.363,83.363,0.6,0.12,0.59,5.0,0.61,65.0,0.62,15.0,0.39,65.0,0.38,15.0,0.4,0.12,0.41,5.0,0.01,0.01,2331.17934,1776230182000
1776230184.382,84.382,0.59,3.33,0.57,15.0,0.61,98.0,0.62,20.0,0.39,65.0,0.38,15.0,0.4,0.12,0.41,5.0,0.02,0.01,2331.17934,1776230182000
1776230185.02,85.02,0.59,3.33,0.57,15.0,0.61,98.0,0.62,20.0,0.39,98.0,0.38,20.0,0.41,3.33,0.43,15.0,0.02,0.02,2331.263382,1776230184000
1776230185.731,85.731,0.56,41.0,0.51,69.0,0.57,91.0,0.58,153.0,0.39,98.0,0.38,20.0,0.41,3.33,0.43,15.0,0.01,0.02,2331.263382,1776230184000
1776230186.225,86.225,0.51,19.0,0.5,10.0,0.53,86.07,0.54,25.0,0.47,20.63,0.46,25.86,0.48,14.9,0.49,57.75,0.02,0.01,2331.263382,1776230184000
1776230186.791,86.791,0.51,21.87,0.5,26.0,0.52,73.0,0.53,53.07,0.47,86.07,0.46,25.0,0.49,19.0,0.5,10.0,0.01,0.02,2331.1729,1776230185000
1776230187.49,87.49,0.51,21.87,0.5,26.0,0.52,73.0,0.53,53.07,0.48,73.0,0.47,53.07,0.49,21.87,0.5,26.0,0.01,0.01,2331.193545,1776230186000
1776230187.988,87.988,0.51,21.87,0.5,26.0,0.52,73.0,0.53,53.07,0.48,73.0,0.47,53.07,0.49,21.87,0.5,26.0,0.01,0.01,2331.010945,1776230187000
1776230188.446,88.446,0.51,91.87,0.5,34.0,0.53,10.0,0.54,5.0,0.48,73.0,0.47,53.07,0.49,21.87,0.5,26.0,0.02,0.01,2331.010945,1776230187000
1776230188.903,88.903,0.52,35.0,0.51,112.87,0.53,31.11,0.54,5.0,0.47,10.0,0.46,5.0,0.49,101.87,0.5,34.0,0.01,0.02,2331.010945,1776230187000
1776230189.267,89.267,0.52,35.0,0.51,112.87,0.53,31.11,0.54,5.0,0.47,31.11,0.46,5.0,0.48,35.0,0.49,112.87,0.01,0.01,2330.886605,1776230188000
1776230190.439,90.439,0.52,35.0,0.51,112.87,0.53,31.11,0.54,5.0,0.47,31.11,0.46,5.0,0.48,35.0,0.49,112.87,0.01,0.01,2330.86959,1776230189000
1776230191.037,91.037,0.52,35.0,0.51,112.87,0.53,31.11,0.54,5.0,0.47,31.11,0.46,5.0,0.48,35.0,0.49,112.87,0.01,0.01,2330.925541,1776230190000
1776230192.271,92.271,0.52,35.0,0.51,112.87,0.53,31.11,0.54,5.0,0.47,31.11,0.46,5.0,0.48,35.0,0.49,112.87,0.01,0.01,2330.918265,1776230191000
1776230193.418,93.418,0.52,35.0,0.51,112.87,0.53,31.11,0.54,5.0,0.47,31.11,0.46,5.0,0.48,35.0,0.49,112.87,0.01,0.01,2330.92438,1776230192000
1776230193.914,93.914,0.58,16.0,0.57,11.0,0.59,25.3,0.6,15.0,0.47,31.11,0.46,5.0,0.48,35.0,0.49,112.87,0.01,0.01,2330.92438,1776230192000
1776230194.176,94.176,0.57,11.0,0.56,5.0,0.59,30.3,0.6,15.0,0.41,25.3,0.4,15.0,0.42,16.0,0.43,11.0,0.02,0.01,2330.924385,1776230193000
1776230195.232,95.232,0.57,13.67,0.56,5.0,0.58,15.0,0.59,25.3,0.42,15.0,0.41,25.3,0.43,13.67,0.44,5.0,0.01,0.01,2331.015035,1776230194000
1776230196.32,96.32,0.57,13.67,0.56,5.0,0.58,15.0,0.59,25.3,0.42,15.0,0.41,25.3,0.43,13.67,0.44,5.0,0.01,0.01,2331.037195,1776230195000
1776230197.412,97.412,0.57,13.67,0.56,5.0,0.58,15.0,0.59,25.3,0.42,15.0,0.41,25.3,0.43,13.67,0.44,5.0,0.01,0.01,2331.054283,1776230196000
1776230198.585,98.585,0.57,13.67,0.56,5.0,0.58,15.0,0.59,25.3,0.42,15.0,0.41,25.3,0.43,13.67,0.44,5.0,0.01,0.01,2330.90021,1776230197000
1776230199.331,99.331,0.57,13.67,0.56,5.0,0.58,15.0,0.59,25.3,0.42,15.0,0.41,25.3,0.43,13.67,0.44,5.0,0.01,0.01,2330.899965,1776230198000
1776230200.707,100.707,0.57,13.67,0.56,5.0,0.58,15.0,0.59,25.3,0.42,15.0,0.41,25.3,0.43,13.67,0.44,5.0,0.01,0.01,2330.962901,1776230199000
1776230201.345,101.345,0.57,13.67,0.56,5.0,0.58,15.0,0.59,25.3,0.42,15.0,0.41,25.3,0.43,13.67,0.44,5.0,0.01,0.01,2331.031425,1776230200000
1776230202.004,102.004,0.57,13.67,0.56,5.0,0.58,15.0,0.59,25.3,0.42,15.0,0.41,25.3,0.43,13.67,0.44,5.0,0.01,0.01,2330.90547,1776230201000
1776230202.426,102.426,0.52,32.91,0.51,11.87,0.53,38.0,0.54,25.0,0.47,53.0,0.46,30.0,0.48,2.91,0.49,11.87,0.01,0.01,2330.90547,1776230201000
1776230203.266,103.266,0.52,32.91,0.51,11.87,0.53,38.0,0.54,25.0,0.47,38.0,0.46,25.0,0.48,32.91,0.49,11.87,0.01,0.01,2330.896965,1776230202000
1776230204.009,104.009,0.52,32.91,0.51,11.87,0.53,38.0,0.54,25.0,0.47,38.0,0.46,25.0,0.48,32.91,0.49,11.87,0.01,0.01,2330.897055,1776230203000
1776230204.845,104.845,0.52,33.66,0.51,11.87,0.53,38.0,0.54,25.0,0.47,38.0,0.46,25.0,0.48,32.91,0.49,11.87,0.01,0.01,2330.897055,1776230203000
1776230205.299,105.299,0.52,33.66,0.51,11.87,0.53,38.0,0.54,25.0,0.47,38.0,0.46,25.0,0.48,33.66,0.49,11.87,0.01,0.01,2330.936151,1776230204000
1776230205.638,105.638,0.56,25.0,0.55,25.0,0.57,8.14,0.6,13.0,0.47,38.0,0.46,25.0,0.48,33.66,0.49,11.87,0.01,0.01,2330.936151,1776230204000
1776230206.659,106.659,0.56,53.72,0.55,52.0,0.57,10.0,0.58,25.0,0.43,8.14,0.4,13.0,0.44,25.0,0.45,25.0,0.01,0.01,2330.936151,1776230204000
1776230206.946,106.946,0.56,53.72,0.55,52.0,0.57,10.0,0.58,25.0,0.43,10.0,0.42,25.0,0.44,53.72,0.45,52.0,0.01,0.01,2330.87976,1776230205000
1776230207.541,107.541,0.56,53.72,0.55,52.0,0.57,10.0,0.58,25.0,0.43,10.0,0.42,25.0,0.44,53.72,0.45,52.0,0.01,0.01,2330.897155,1776230206000
1776230208.283,108.283,0.56,53.72,0.55,52.0,0.57,10.0,0.58,25.0,0.43,10.0,0.42,25.0,0.44,53.72,0.45,52.0,0.01,0.01,2331.03057,1776230207000
1776230209.539,109.539,0.56,53.72,0.55,52.0,0.57,10.0,0.58,25.0,0.43,10.0,0.42,25.0,0.44,53.72,0.45,52.0,0.01,0.01,2331.043665,1776230208000
1776230210.405,110.405,0.56,53.72,0.55,52.0,0.57,10.0,0.58,25.0,0.43,10.0,0.42,25.0,0.44,53.72,0.45,52.0,0.01,0.01,2331.100623,1776230209000
1776230211.002,111.002,0.56,53.72,0.55,52.0,0.57,10.0,0.58,25.0,0.43,10.0,0.42,25.0,0.44,53.72,0.45,52.0,0.01,0.01,2331.100521,1776230210000
1776230212.434,112.434,0.56,53.72,0.55,52.0,0.57,10.0,0.58,25.0,0.43,10.0,0.42,25.0,0.44,53.72,0.45,52.0,0.01,0.01,2331.087996,1776230211000
1776230213.063,113.063,0.56,53.72,0.55,52.0,0.57,10.0,0.58,25.0,0.43,10.0,0.42,25.0,0.44,53.72,0.45,52.0,0.01,0.01,2331.06137,1776230212000
1776230214.516,114.516,0.56,53.72,0.55,52.0,0.57,10.0,0.58,25.0,0.43,10.0,0.42,25.0,0.44,53.72,0.45,52.0,0.01,0.01,2331.05411,1776230213000
1776230215.218,115.218,0.56,53.72,0.55,52.0,0.57,10.0,0.58,25.0,0.43,10.0,0.42,25.0,0.44,53.72,0.45,52.0,0.01,0.01,2331.05411,1776230214000
1776230215.648,115.648,0.58,5.0,0.57,77.0,0.59,20.0,0.6,22.0,0.43,10.0,0.42,25.0,0.44,53.72,0.45,52.0,0.01,0.01,2331.05411,1776230214000
1776230216.242,116.242,0.58,78.11,0.57,64.0,0.59,20.0,0.6,27.0,0.41,20.0,0.4,22.0,0.42,5.0,0.43,77.0,0.01,0.01,2331.05411,1776230214000
1776230216.913,116.913,0.58,78.11,0.57,64.0,0.59,20.0,0.6,27.0,0.41,20.0,0.4,27.0,0.42,78.11,0.43,64.0,0.01,0.01,2331.04496,1776230216000
1776230218.133,118.133,0.58,78.11,0.57,64.0,0.59,20.0,0.6,27.0,0.41,20.0,0.4,27.0,0.42,78.11,0.43,64.0,0.01,0.01,2331.10138,1776230217000
1776230218.416,118.416,0.58,68.11,0.57,54.0,0.59,49.2,0.6,38.0,0.41,20.0,0.4,27.0,0.42,78.11,0.43,64.0,0.01,0.01,2331.10138,1776230217000
1776230219.315,119.315,0.58,68.11,0.57,54.0,0.59,49.2,0.6,38.0,0.41,49.2,0.4,38.0,0.42,68.11,0.43,54.0,0.01,0.01,2331.028067,1776230218000
1776230219.902,119.902,0.58,68.11,0.57,54.0,0.59,49.2,0.6,38.0,0.41,49.2,0.4,38.0,0.42,68.11,0.43,54.0,0.01,0.01,2331.0385,1776230219000
1776230221.179,121.179,0.58,68.11,0.57,54.0,0.59,49.2,0.6,38.0,0.41,49.2,0.4,38.0,0.42,68.11,0.43,54.0,0.01,0.01,2331.04894,1776230220000
1776230222.41,122.41,0.58,68.11,0.57,54.0,0.59,49.2,0.6,38.0,0.41,49.2,0.4,38.0,0.42,68.11,0.43,54.0,0.01,0.01,2331.093942,1776230221000
1776230223.242,123.242,0.58,68.11,0.57,54.0,0.59,49.2,0.6,38.0,0.41,49.2,0.4,38.0,0.42,68.11,0.43,54.0,0.01,0.01,2331.160698,1776230222000
1776230224.587,124.587,0.58,68.11,0.57,54.0,0.59,49.2,0.6,38.0,0.41,49.2,0.4,38.0,0.42,68.11,0.43,54.0,0.01,0.01,2331.068715,1776230223000
1776230225.009,125.009,0.58,25.49,0.57,59.0,0.59,54.2,0.6,27.0,0.41,49.2,0.4,38.0,0.42,68.11,0.43,54.0,0.01,0.01,2331.068715,1776230223000
1776230226.376,126.376,0.58,25.49,0.57,59.0,0.59,54.2,0.6,27.0,0.41,54.2,0.4,27.0,0.42,25.49,0.43,59.0,0.01,0.01,2331.070419,1776230225000
1776230227.037,127.037,0.58,93.49,0.57,51.0,0.59,21.01,0.6,20.0,0.41,54.2,0.4,27.0,0.42,25.49,0.43,59.0,0.01,0.01,2331.070419,1776230225000
1776230227.507,127.507,0.61,6.0,0.6,126.0,0.62,5.0,0.63,46.34,0.41,12.95,0.4,20.0,0.42,98.49,0.43,51.0,0.01,0.01,2331.157336,1776230226000
1776230228.381,128.381,0.61,6.0,0.6,126.0,0.63,38.54,0.64,15.0,0.37,38.54,0.36,15.0,0.39,6.0,0.4,126.0,0.02,0.02,2331.122413,1776230227000
1776230229.039,129.039,0.61,6.0,0.6,126.0,0.63,38.54,0.64,15.0,0.37,38.54,0.36,15.0,0.39,6.0,0.4,126.0,0.02,0.02,2331.067285,1776230228000
1776230229.53,129.53,0.65,20.0,0.64,15.0,0.66,11.34,0.67,100.0,0.34,20.0,0.33,90.0,0.38,65.0,0.39,81.0,0.01,0.04,2331.067285,1776230228000
1776230229.878,129.878,0.65,15.0,0.64,15.0,0.66,11.4,0.67,105.0,0.33,100.0,0.32,100.0,0.35,20.0,0.36,15.0,0.01,0.02,2331.067285,1776230228000
1776230230.328,130.328,0.65,1.25,0.64,15.0,0.66,11.4,0.67,105.0,0.34,11.4,0.33,105.0,0.35,1.25,0.36,15.0,0.01,0.01,2331.17,1776230229000
1776230230.908,130.908,0.65,1.25,0.64,15.0,0.66,11.4,0.67,105.0,0.34,11.4,0.33,105.0,0.35,1.25,0.36,15.0,0.01,0.01,2331.230733,1776230230000
1776230232.23,132.23,0.64,79.0,0.63,20.0,0.65,35.0,0.66,11.4,0.34,11.4,0.33,105.0,0.35,1.25,0.36,15.0,0.01,0.01,2331.230733,1776230230000
1776230232.853,132.853,0.64,79.0,0.63,20.0,0.65,35.0,0.66,11.4,0.35,35.0,0.34,11.4,0.36,79.0,0.37,20.0,0.01,0.01,2331.23164,1776230231000
1776230233.367,133.367,0.64,79.0,0.63,20.0,0.65,35.0,0.66,11.4,0.35,35.0,0.34,11.4,0.36,79.0,0.37,20.0,0.01,0.01,2331.241635,1776230232000
1776230233.929,133.929,0.64,79.0,0.63,20.0,0.65,35.0,0.66,11.4,0.35,35.0,0.34,11.4,0.36,79.0,0.37,20.0,0.01,0.01,2331.25926,1776230233000
1776230234.972,134.972,0.64,79.0,0.63,20.0,0.65,35.0,0.66,11.4,0.35,35.0,0.34,11.4,0.36,79.0,0.37,20.0,0.01,0.01,2331.314927,1776230234000
1776230235.686,135.686,0.64,44.0,0.63,5.0,0.65,50.0,0.66,35.4,0.35,35.0,0.34,11.4,0.36,79.0,0.37,20.0,0.01,0.01,2331.314927,1776230234000
1776230236.153,136.153,0.64,44.0,0.63,5.0,0.65,50.0,0.66,35.4,0.35,50.0,0.34,35.4,0.36,44.0,0.37,5.0,0.01,0.01,2331.44005,1776230235000
1776230236.485,136.485,0.6,9.9,0.58,5.0,0.61,31.0,0.62,141.0,0.35,50.0,0.34,35.4,0.36,44.0,0.37,5.0,0.01,0.01,2331.44005,1776230235000
1776230237.32,137.32,0.6,9.9,0.58,5.0,0.61,31.0,0.62,141.0,0.39,31.0,0.38,141.0,0.4,9.9,0.42,5.0,0.01,0.01,2331.256575,1776230236000
1776230238.338,138.338,0.6,9.9,0.58,5.0,0.61,31.0,0.62,141.0,0.39,31.0,0.38,141.0,0.4,9.9,0.42,5.0,0.01,0.01,2331.19666,1776230237000
1776230239.069,139.069,0.6,9.9,0.58,5.0,0.61,31.0,0.62,141.0,0.39,31.0,0.38,141.0,0.4,9.9,0.42,5.0,0.01,0.01,2331.161198,1776230238000
1776230240.128,140.128,0.56,12.5,0.53,5.0,0.57,84.0,0.58,35.0,0.43,50.0,0.42,25.0,0.44,22.5,0.45,5.0,0.01,0.01,2331.161198,1776230238000
1776230241.055,141.055,0.52,1.98,0.51,91.87,0.53,30.0,0.54,20.0,0.44,5.0,0.43,79.0,0.48,2.52,0.49,91.87,0.01,0.04,2330.991925,1776230239000
1776230242.202,142.202,0.52,1.98,0.51,91.87,0.53,25.83,0.54,25.0,0.47,25.83,0.46,25.0,0.48,1.98,0.49,91.87,0.01,0.01,2330.98488,1776230241000
1776230243.393,143.393,0.52,16.98,0.51,86.87,0.53,19.88,0.54,25.0,0.47,19.88,0.46,25.0,0.48,16.98,0.49,86.87,0.01,0.01,2330.93122,1776230242000
1776230243.963,143.963,0.52,16.98,0.51,86.87,0.53,19.88,0.54,25.0,0.47,19.88,0.46,25.0,0.48,16.98,0.49,86.87,0.01,0.01,2331.052682,1776230243000
1776230245.184,145.184,0.52,16.98,0.51,86.87,0.53,19.88,0.54,25.0,0.47,19.88,0.46,25.0,0.48,16.98,0.49,86.87,0.01,0.01,2330.931275,1776230244000
1776230245.899,145.899,0.45,5.0,0.44,88.4,0.52,62.0,0.53,39.88,0.47,19.88,0.46,25.0,0.48,16.98,0.49,86.87,0.07,0.01,2330.931275,1776230244000
1776230246.155,146.155,0.46,5.85,0.45,23.0,0.47,15.0,0.48,30.0,0.53,15.0,0.52,30.0,0.54,5.85,0.55,23.0,0.01,0.01,2330.930171,1776230245000
1776230247.165,147.165,0.46,20.0,0.44,84.4,0.47,8.8,0.48,30.0,0.53,15.0,0.52,30.0,0.54,5.85,0.55,23.0,0.01,0.01,2330.930171,1776230245000
1776230247.884,147.884,0.46,20.0,0.44,84.4,0.47,8.8,0.48,30.0,0.53,8.8,0.52,30.0,0.54,20.0,0.56,84.4,0.01,0.01,2330.8454,1776230247000
1776230249.109,149.109,0.46,20.0,0.44,84.4,0.47,8.8,0.48,30.0,0.53,8.8,0.52,30.0,0.54,20.0,0.56,84.4,0.01,0.01,2330.746551,1776230248000
1776230250.025,150.025,0.45,10.0,0.44,84.4,0.47,13.8,0.48,30.0,0.53,8.8,0.52,30.0,0.54,20.0,0.56,84.4,0.02,0.01,2330.746551,1776230248000
1776230250.357,150.357,0.45,6.98,0.44,84.4,0.47,13.8,0.48,30.0,0.53,13.8,0.52,30.0,0.55,6.98,0.56,84.4,0.02,0.02,2330.673285,1776230249000
1776230250.935,150.935,0.45,10.16,0.44,84.4,0.46,25.0,0.47,13.8,0.54,25.0,0.53,13.8,0.55,10.16,0.56,84.4,0.01,0.01,2330.672965,1776230250000
1776230251.932,151.932,0.44,74.56,0.43,75.0,0.46,35.0,0.47,18.8,0.54,35.0,0.53,18.8,0.56,74.56,0.57,75.0,0.02,0.02,2330.631612,1776230251000
1776230252.318,152.318,0.44,129.56,0.43,239.0,0.45,4.88,0.46,15.0,0.54,35.0,0.53,18.8,0.56,74.56,0.57,75.0,0.01,0.02,2330.631612,1776230251000
1776230252.642,152.642,0.45,138.12,0.44,46.56,0.46,4.89,0.47,3.8,0.54,5.0,0.53,3.8,0.55,5.12,0.56,94.56,0.01,0.01,2330.631612,1776230251000
1776230253.027,153.027,0.45,138.12,0.44,46.56,0.46,4.89,0.47,3.8,0.54,4.89,0.53,3.8,0.55,138.12,0.56,46.56,0.01,0.01,2330.618975,1776230252000
1776230253.329,153.329,0.4,11.85,0.39,5.0,0.41,23.29,0.42,25.0,0.59,3.29,0.58,20.0,0.6,8.0,0.61,5.0,0.01,0.01,2330.618975,1776230252000
1776230253.69,153.69,0.4,10.01,0.39,5.0,0.41,78.29,0.42,30.0,0.59,23.29,0.58,25.0,0.6,11.85,0.61,5.0,0.01,0.01,2330.618975,1776230252000
1776230253.924,153.924,0.39,10.0,0.38,5.0,0.41,73.29,0.42,30.0,0.59,73.29,0.58,30.0,0.6,8.16,0.61,5.0,0.02,0.01,2330.618975,1776230252000
1776230254.169,154.169,0.37,3.0,0.36,10.0,0.39,10.0,0.4,10.0,0.61,10.0,0.6,10.0,0.63,3.0,0.64,10.0,0.02,0.02,2330.619355,1776230253000
1776230254.456,154.456,0.36,66.0,0.35,5.0,0.37,15.0,0.38,20.0,0.61,10.0,0.6,10.0,0.63,3.0,0.64,10.0,0.01,0.02,2330.619355,1776230253000
1776230255.008,155.008,0.36,90.0,0.35,90.0,0.37,11.13,0.38,20.0,0.63,15.0,0.62,20.0,0.64,66.0,0.65,5.0,0.01,0.01,2330.619355,1776230253000
1776230255.24,155.24,0.36,90.0,0.35,90.0,0.37,11.13,0.38,20.0,0.63,11.13,0.62,20.0,0.64,90.0,0.65,90.0,0.01,0.01,2330.49459,1776230254000
1776230255.472,155.472,0.36,80.0,0.35,170.0,0.37,5.04,0.38,20.0,0.63,11.13,0.62,20.0,0.64,90.0,0.65,90.0,0.01,0.01,2330.49459,1776230254000
1776230255.995,155.995,0.36,72.9,0.35,170.0,0.37,20.04,0.38,20.0,0.63,5.04,0.62,20.0,0.64,80.0,0.65,170.0,0.01,0.01,2330.49459,1776230254000
1776230256.442,156.442,0.36,72.9,0.35,170.0,0.37,18.18,0.38,20.0,0.63,18.18,0.62,20.0,0.64,72.9,0.65,170.0,0.01,0.01,2330.35584,1776230255000
1776230256.767,156.767,0.36,72.9,0.35,160.0,0.37,7.77,0.38,20.0,0.63,18.18,0.62,20.0,0.64,72.9,0.65,170.0,0.01,0.01,2330.35584,1776230255000
1776230257.563,157.563,0.36,70.75,0.35,160.0,0.37,12.77,0.38,20.0,0.63,7.77,0.62,20.0,0.64,72.9,0.65,160.0,0.01,0.01,2330.35584,1776230256000
1776230257.987,157.987,0.36,70.75,0.35,160.0,0.37,12.77,0.38,20.0,0.63,12.77,0.62,20.0,0.64,70.75,0.65,160.0,0.01,0.01,2330.360515,1776230257000
1776230259.168,159.168,0.36,70.75,0.35,160.0,0.37,12.77,0.38,20.0,0.63,12.77,0.62,20.0,0.64,70.75,0.65,160.0,0.01,0.01,2330.371945,1776230258000
1776230260.163,160.163,0.36,70.75,0.35,160.0,0.37,12.77,0.38,20.0,0.63,12.77,0.62,20.0,0.64,70.75,0.65,160.0,0.01,0.01,2330.373425,1776230259000
1776230260.381,160.381,0.36,46.75,0.35,170.0,0.38,17.82,0.39,25.0,0.63,0.47,0.62,20.0,0.64,56.75,0.65,230.0,0.02,0.01,2330.373425,1776230259000
1776230261.652,161.652,0.36,46.75,0.35,170.0,0.38,17.82,0.39,25.0,0.62,17.82,0.61,25.0,0.64,46.75,0.65,170.0,0.02,0.02,2330.53132,1776230260000
1776230261.855,161.855,0.37,67.0,0.36,45.75,0.4,12.82,0.41,30.0,0.62,17.82,0.61,25.0,0.64,46.75,0.65,170.0,0.03,0.02,2330.53132,1776230260000
1776230262.215,162.215,0.37,67.0,0.36,45.75,0.4,12.82,0.41,30.0,0.6,12.82,0.59,30.0,0.63,67.0,0.64,45.75,0.03,0.03,2330.53132,1776230261000
1776230263.232,163.232,0.37,67.0,0.36,45.75,0.4,12.82,0.41,30.0,0.6,12.82,0.59,30.0,0.63,67.0,0.64,45.75,0.03,0.03,2330.39986,1776230262000
1776230264.164,164.164,0.39,181.0,0.38,82.0,0.47,5.0,0.48,20.0,0.6,12.82,0.59,30.0,0.63,67.0,0.64,45.75,0.08,0.03,2330.39986,1776230262000
1776230264.916,164.916,0.48,46.0,0.47,26.0,0.49,5.0,0.51,5.0,0.51,15.0,0.5,5.0,0.53,16.0,0.54,211.0,0.01,0.02,2330.402265,1776230263000
1776230265.257,165.257,0.48,46.0,0.47,26.0,0.51,5.0,0.52,10.0,0.49,5.0,0.48,10.0,0.52,46.0,0.53,26.0,0.03,0.03,2330.54271,1776230264000
1776230265.48,165.48,0.5,36.0,0.49,21.0,0.51,15.0,0.52,15.0,0.49,5.0,0.48,10.0,0.52,46.0,0.53,26.0,0.01,0.03,2330.54271,1776230264000
1776230265.848,165.848,0.49,21.0,0.48,106.0,0.51,25.0,0.52,10.0,0.49,15.0,0.48,15.0,0.5,36.0,0.51,21.0,0.02,0.01,2330.54271,1776230264000
1776230266.338,166.338,0.48,11.0,0.46,5.0,0.5,115.0,0.51,95.0,0.49,25.0,0.48,10.0,0.51,21.0,0.52,106.0,0.02,0.02,2330.54271,1776230264000
1776230266.796,166.796,0.46,5.0,0.45,20.0,0.47,35.0,0.48,20.0,0.5,120.0,0.49,95.0,0.54,5.0,0.55,48.0,0.01,0.04,2330.474885,1776230265000
1776230267.968,167.968,0.46,5.0,0.45,20.0,0.47,35.0,0.48,20.0,0.53,35.0,0.52,20.0,0.54,5.0,0.55,20.0,0.01,0.01,2330.736705,1776230267000
1776230269.028,169.028,0.46,5.0,0.45,20.0,0.47,35.0,0.48,20.0,0.53,35.0,0.52,20.0,0.54,5.0,0.55,20.0,0.01,0.01,2330.729395,1776230268000
1776230269.997,169.997,0.47,17.96,0.46,15.0,0.48,40.0,0.49,5.0,0.53,35.0,0.52,20.0,0.54,5.0,0.55,20.0,0.01,0.01,2330.729395,1776230268000
1776230271.228,171.228,0.47,17.96,0.46,15.0,0.48,40.0,0.49,5.0,0.52,40.0,0.51,5.0,0.53,17.96,0.54,15.0,0.01,0.01,2330.690262,1776230270000
1776230271.779,171.779,0.47,12.96,0.46,80.0,0.49,5.0,0.5,15.0,0.52,40.0,0.51,5.0,0.53,17.96,0.54,15.0,0.02,0.01,2330.690262,1776230270000
1776230272.216,172.216,0.47,12.96,0.46,80.0,0.49,5.0,0.5,15.0,0.51,5.0,0.5,15.0,0.53,12.96,0.54,80.0,0.02,0.02,2330.74516,1776230271000
1776230273.313,173.313,0.47,12.96,0.46,80.0,0.49,5.0,0.5,15.0,0.51,5.0,0.5,15.0,0.53,12.96,0.54,80.0,0.02,0.02,2330.737065,1776230272000
1776230274.341,174.341,0.47,12.96,0.46,80.0,0.49,5.0,0.5,15.0,0.51,5.0,0.5,15.0,0.53,12.96,0.54,80.0,0.02,0.02,2330.758075,1776230273000
1776230275.365,175.365,0.47,92.96,0.46,90.0,0.48,2.91,0.49,10.0,0.52,2.91,0.51,10.0,0.53,92.96,0.54,90.0,0.01,0.01,2330.75859,1776230274000
1776230276.283,176.283,0.47,92.96,0.46,90.0,0.48,2.91,0.49,10.0,0.52,2.91,0.51,10.0,0.53,92.96,0.54,90.0,0.01,0.01,2330.761585,1776230275000
1776230277.364,177.364,0.47,92.96,0.46,90.0,0.48,2.91,0.49,10.0,0.52,2.91,0.51,10.0,0.53,92.96,0.54,90.0,0.01,0.01,2330.67292,1776230276000
1776230277.928,177.928,0.47,92.96,0.46,90.0,0.48,2.91,0.49,10.0,0.52,2.91,0.51,10.0,0.53,92.96,0.54,90.0,0.01,0.01,2330.677885,1776230277000
1776230278.931,178.931,0.47,92.96,0.46,90.0,0.48,2.91,0.49,10.0,0.52,2.91,0.51,10.0,0.53,92.96,0.54,90.0,0.01,0.01,2330.671035,1776230278000
1776230280.167,180.167,0.47,92.96,0.46,90.0,0.48,2.91,0.49,10.0,0.52,2.91,0.51,10.0,0.53,92.96,0.54,90.0,0.01,0.01,2330.80277,1776230279000
1776230281.113,181.113,0.47,92.96,0.46,90.0,0.48,2.91,0.49,10.0,0.52,2.91,0.51,10.0,0.53,92.96,0.54,90.0,0.01,0.01,2330.772001,1776230280000
1776230281.585,181.585,0.48,8.86,0.47,117.96,0.49,35.0,0.5,5.0,0.52,2.91,0.51,10.0,0.53,92.96,0.54,90.0,0.01,0.01,2330.772001,1776230280000
1776230281.899,181.899,0.47,92.96,0.46,80.0,0.49,40.0,0.5,5.0,0.51,35.0,0.5,5.0,0.52,8.86,0.53,117.96,0.02,0.01,2330.772001,1776230280000
1776230282.256,182.256,0.47,92.96,0.46,80.0,0.49,40.0,0.5,5.0,0.51,40.0,0.5,5.0,0.53,92.96,0.54,80.0,0.02,0.02,2330.667845,1776230281000
1776230283.227,183.227,0.47,92.96,0.46,80.0,0.49,40.0,0.5,5.0,0.51,40.0,0.5,5.0,0.53,92.96,0.54,80.0,0.02,0.02,2330.794802,1776230282000
1776230284.257,184.257,0.47,92.96,0.46,80.0,0.49,40.0,0.5,5.0,0.51,40.0,0.5,5.0,0.53,92.96,0.54,80.0,0.02,0.02,2330.685651,1776230283000
1776230285.304,185.304,0.47,92.96,0.46,80.0,0.49,40.0,0.5,5.0,0.51,40.0,0.5,5.0,0.53,92.96,0.54,80.0,0.02,0.02,2330.67855,1776230284000
1776230285.531,185.531,0.47,127.96,0.46,85.0,0.48,25.0,0.49,10.0,0.51,40.0,0.5,5.0,0.53,92.96,0.54,80.0,0.01,0.02,2330.67855,1776230284000
1776230286.569,186.569,0.47,127.96,0.46,85.0,0.48,25.0,0.49,10.0,0.52,25.0,0.51,10.0,0.53,127.96,0.54,85.0,0.01,0.01,2330.79353,1776230285000
1776230287.097,187.097,0.47,127.96,0.46,85.0,0.48,25.0,0.49,10.0,0.52,25.0,0.51,10.0,0.53,127.96,0.54,85.0,0.01,0.01,2330.677345,1776230286000
1776230288.148,188.148,0.47,127.96,0.46,85.0,0.48,25.0,0.49,10.0,0.52,25.0,0.51,10.0,0.53,127.96,0.54,85.0,0.01,0.01,2330.67731,1776230287000
1776230289.147,189.147,0.49,5.0,0.48,15.0,0.52,5.0,0.53,5.0,0.52,25.0,0.51,10.0,0.53,127.96,0.54,85.0,0.03,0.01,2330.67731,1776230287000
1776230290.469,190.469,0.49,5.0,0.48,15.0,0.52,5.0,0.53,5.0,0.48,5.0,0.47,5.0,0.51,5.0,0.52,15.0,0.03,0.03,2330.805056,1776230289000
1776230291.201,191.201,0.5,32.9,0.49,25.0,0.51,5.0,0.52,5.0,0.49,5.0,0.48,5.0,0.5,32.9,0.51,25.0,0.01,0.01,2330.805155,1776230290000
1776230292.49,192.49,0.5,32.9,0.49,25.0,0.51,5.0,0.52,5.0,0.49,5.0,0.48,5.0,0.5,32.9,0.51,25.0,0.01,0.01,2330.75856,1776230291000
1776230293.106,193.106,0.5,32.9,0.49,25.0,0.51,5.0,0.52,5.0,0.49,5.0,0.48,5.0,0.5,32.9,0.51,25.0,0.01,0.01,2330.758671,1776230292000
1776230294.578,194.578,0.5,32.9,0.49,25.0,0.51,5.0,0.52,5.0,0.49,5.0,0.48,5.0,0.5,32.9,0.51,25.0,0.01,0.01,2330.68416,1776230293000
1776230295.305,195.305,0.5,32.9,0.49,25.0,0.51,5.0,0.52,5.0,0.49,5.0,0.48,5.0,0.5,32.9,0.51,25.0,0.01,0.01,2330.674705,1776230294000
1776230296.237,196.237,0.5,32.9,0.49,25.0,0.51,5.0,0.52,5.0,0.49,5.0,0.48,5.0,0.5,32.9,0.51,25.0,0.01,0.01,2330.684085,1776230295000
1776230296.725,196.725,0.49,58.0,0.48,20.0,0.51,4.31,0.52,5.0,0.49,5.0,0.48,5.0,0.5,32.9,0.51,25.0,0.02,0.01,2330.684085,1776230295000
1776230297.513,197.513,0.49,58.0,0.48,20.0,0.51,4.31,0.52,5.0,0.49,4.31,0.48,5.0,0.51,58.0,0.52,20.0,0.02,0.02,2330.687755,1776230296000
1776230298.266,198.266,0.51,20.0,0.5,100.0,0.52,14.54,0.53,5.0,0.48,14.54,0.47,5.0,0.49,20.0,0.5,100.0,0.01,0.01,2330.766791,1776230297000
1776230299.508,199.508,0.51,20.0,0.5,100.0,0.52,14.54,0.53,5.0,0.48,14.54,0.47,5.0,0.49,20.0,0.5,100.0,0.01,0.01,2330.77132,1776230298000
1776230300.171,200.171,0.51,20.0,0.5,100.0,0.52,14.54,0.53,5.0,0.48,14.54,0.47,5.0,0.49,20.0,0.5,100.0,0.01,0.01,2330.894214,1776230299000
1776230300.766,200.766,0.51,36.0,0.5,10.0,0.52,2.07,0.53,15.0,0.48,14.54,0.47,5.0,0.49,20.0,0.5,100.0,0.01,0.01,2330.894214,1776230299000
1776230301.529,201.529,0.49,10.0,0.46,31.0,0.52,42.07,0.53,15.0,0.48,2.07,0.47,15.0,0.49,36.0,0.5,10.0,0.03,0.01,2330.894214,1776230299000
1776230302.238,202.238,0.49,10.0,0.46,31.0,0.52,42.07,0.53,15.0,0.48,42.07,0.47,15.0,0.51,10.0,0.54,31.0,0.03,0.03,2330.795705,1776230301000
1776230302.766,202.766,0.47,3.0,0.46,5.0,0.49,110.0,0.5,20.0,0.51,10.0,0.5,30.0,0.58,5.0,0.59,5.0,0.02,0.07,2330.795705,1776230301000
1776230303.496,203.496,0.47,3.0,0.46,5.0,0.49,110.0,0.5,20.0,0.51,110.0,0.5,20.0,0.53,3.0,0.54,5.0,0.02,0.02,2330.700665,1776230302000
1776230304.087,204.087,0.45,5.0,0.44,13.0,0.48,152.0,0.49,129.0,0.52,152.0,0.51,129.0,0.55,5.0,0.56,13.0,0.03,0.03,2330.697415,1776230303000
1776230305.443,205.443,0.45,5.0,0.44,13.0,0.48,152.0,0.49,129.0,0.52,152.0,0.51,129.0,0.55,5.0,0.56,13.0,0.03,0.03,2330.61942,1776230304000
1776230305.875,205.875,0.43,3.14,0.42,27.0,0.44,77.0,0.45,48.0,0.52,152.0,0.51,129.0,0.55,5.0,0.56,13.0,0.01,0.03,2330.61942,1776230304000
1776230306.447,206.447,0.43,3.14,0.42,27.0,0.44,77.0,0.45,48.0,0.56,77.0,0.55,48.0,0.57,3.14,0.58,27.0,0.01,0.01,2330.573386,1776230305000
1776230306.746,206.746,0.43,1.38,0.42,5.0,0.44,82.0,0.45,48.0,0.56,77.0,0.55,48.0,0.57,3.14,0.58,27.0,0.01,0.01,2330.573386,1776230305000
1776230307.449,207.449,0.42,1.89,0.41,43.0,0.43,72.0,0.44,47.0,0.56,82.0,0.55,48.0,0.57,1.38,0.58,5.0,0.01,0.01,2330.684348,1776230306000
1776230307.682,207.682,0.42,1.89,0.41,48.0,0.43,41.0,0.44,26.0,0.57,51.0,0.56,26.0,0.58,1.89,0.59,43.0,0.01,0.01,2330.684348,1776230306000
1776230307.934,207.934,0.42,1.89,0.41,48.0,0.43,41.0,0.44,26.0,0.57,41.0,0.56,26.0,0.58,1.89,0.59,48.0,0.01,0.01,2330.535015,1776230307000
1776230308.966,208.966,0.42,1.89,0.41,48.0,0.43,41.0,0.44,26.0,0.57,41.0,0.56,26.0,0.58,1.89,0.59,48.0,0.01,0.01,2330.535015,1776230308000
1776230309.895,209.895,0.42,1.89,0.41,48.0,0.43,41.0,0.44,26.0,0.57,41.0,0.56,26.0,0.58,1.89,0.59,48.0,0.01,0.01,2330.619406,1776230309000
1776230310.43,210.43,0.42,16.89,0.41,20.0,0.43,21.0,0.44,11.0,0.57,41.0,0.56,26.0,0.58,1.89,0.59,48.0,0.01,0.01,2330.619406,1776230309000
1776230310.855,210.855,0.42,16.89,0.41,20.0,0.44,11.0,0.45,16.0,0.56,11.0,0.55,16.0,0.58,16.89,0.59,20.0,0.02,0.02,2330.55213,1776230310000
1776230311.845,211.845,0.42,16.89,0.41,20.0,0.44,11.0,0.45,16.0,0.56,11.0,0.55,16.0,0.58,16.89,0.59,20.0,0.02,0.02,2330.55982,1776230311000
1776230312.77,212.77,0.42,64.65,0.41,10.0,0.43,30.0,0.44,46.0,0.56,11.0,0.55,16.0,0.58,16.89,0.59,20.0,0.01,0.02,2330.55982,1776230311000
1776230313.143,213.143,0.35,70.0,0.32,15.0,0.4,55.0,0.41,94.0,0.57,30.0,0.56,46.0,0.58,64.65,0.59,10.0,0.05,0.01,2330.55982,1776230311000
1776230313.518,213.518,0.32,5.0,0.31,5.0,0.36,40.0,0.37,20.0,0.64,20.0,0.63,20.0,0.65,9.0,0.66,15.0,0.04,0.01,2330.615245,1776230312000
1776230313.858,213.858,0.29,140.4,0.28,21.0,0.31,10.0,0.32,20.0,0.64,40.0,0.63,20.0,0.68,5.0,0.69,5.0,0.02,0.04,2330.615245,1776230312000
1776230314.22,214.22,0.29,140.4,0.28,21.0,0.31,10.0,0.32,20.0,0.69,10.0,0.68,20.0,0.71,140.4,0.72,21.0,0.02,0.02,2330.615055,1776230313000
1776230314.669,214.669,0.29,87.18,0.28,75.0,0.3,8.96,0.31,15.0,0.7,15.0,0.69,15.0,0.71,72.18,0.72,75.0,0.01,0.01,2330.615055,1776230313000
1776230315.251,215.251,0.29,87.18,0.28,75.0,0.3,8.96,0.31,15.0,0.7,8.96,0.69,15.0,0.71,87.18,0.72,75.0,0.01,0.01,2330.579025,1776230314000
1776230316.057,216.057,0.29,87.18,0.28,75.0,0.3,8.96,0.31,15.0,0.7,8.96,0.69,15.0,0.71,87.18,0.72,75.0,0.01,0.01,2330.339509,1776230315000
1776230316.281,216.281,0.29,32.98,0.28,80.0,0.3,8.96,0.31,10.0,0.7,8.96,0.69,15.0,0.71,87.18,0.72,75.0,0.01,0.01,2330.339509,1776230315000
1776230316.513,216.513,0.34,15.73,0.33,70.0,0.35,15.0,0.36,65.0,0.65,15.0,0.64,65.0,0.66,11.83,0.71,32.98,0.01,0.01,2330.339509,1776230315000
1776230317.023,217.023,0.34,15.73,0.33,70.0,0.35,15.0,0.36,65.0,0.65,15.0,0.64,65.0,0.66,15.73,0.67,70.0,0.01,0.01,2330.2139,1776230316000
1776230317.899,217.899,0.34,20.73,0.33,70.0,0.35,18.0,0.36,70.0,0.65,15.0,0.64,65.0,0.66,15.73,0.67,70.0,0.01,0.01,2330.2139,1776230316000
1776230318.112,218.112,0.34,20.73,0.33,70.0,0.35,18.0,0.36,70.0,0.65,18.0,0.64,70.0,0.66,20.73,0.67,70.0,0.01,0.01,2330.308521,1776230317000
1776230319.043,219.043,0.34,20.73,0.33,70.0,0.35,18.0,0.36,70.0,0.65,18.0,0.64,70.0,0.66,20.73,0.67,70.0,0.01,0.01,2330.365195,1776230318000
1776230320.421,220.421,0.34,20.73,0.33,70.0,0.35,18.0,0.36,70.0,0.65,18.0,0.64,70.0,0.66,20.73,0.67,70.0,0.01,0.01,2330.289975,1776230319000
1776230321.05,221.05,0.34,20.73,0.33,70.0,0.35,12.6,0.36,65.0,0.65,12.6,0.64,65.0,0.66,20.73,0.67,70.0,0.01,0.01,2330.28015,1776230320000
1776230322.37,222.37,0.34,20.73,0.33,70.0,0.35,12.6,0.36,65.0,0.65,12.6,0.64,65.0,0.66,20.73,0.67,70.0,0.01,0.01,2330.27939,1776230321000
1776230322.574,222.574,0.34,29.21,0.33,5.0,0.42,0.42,0.43,15.0,0.58,0.42,0.57,10.0,0.66,35.73,0.67,5.0,0.08,0.08,2330.27939,1776230321000
1776230322.885,222.885,0.41,85.94,0.4,80.0,0.43,5.0,0.45,10.0,0.58,0.42,0.57,15.0,0.66,29.21,0.67,5.0,0.02,0.08,2330.27939,1776230321000
1776230323.334,223.334,0.42,17.93,0.41,85.0,0.43,10.0,0.44,10.0,0.57,5.0,0.55,10.0,0.59,87.53,0.6,80.0,0.01,0.02,2330.279135,1776230322000
1776230324.091,224.091,0.42,17.93,0.41,85.0,0.43,10.0,0.44,10.0,0.57,10.0,0.56,10.0,0.58,17.93,0.59,85.0,0.01,0.01,2330.27921,1776230323000
1776230324.855,224.855,0.34,19.21,0.33,5.0,0.35,6.94,0.36,10.0,0.57,10.0,0.56,10.0,0.58,17.93,0.59,85.0,0.01,0.01,2330.27921,1776230323000
1776230325.228,225.228,0.34,19.21,0.33,5.0,0.36,10.0,0.37,10.0,0.64,10.0,0.63,10.0,0.66,19.21,0.67,5.0,0.02,0.02,2330.422895,1776230324000
1776230325.593,225.593,0.34,31.21,0.33,5.0,0.4,20.0,0.41,138.62,0.64,10.0,0.63,10.0,0.66,19.21,0.67,5.0,0.06,0.02,2330.422895,1776230324000
1776230325.8,225.8,0.34,22.61,0.33,5.0,0.38,2.0,0.39,10.0,0.63,2.0,0.62,10.0,0.66,27.61,0.67,5.0,0.04,0.03,2330.422895,1776230324000
1776230326.412,226.412,0.34,22.61,0.33,5.0,0.38,2.0,0.39,10.0,0.62,2.0,0.61,10.0,0.66,22.61,0.67,5.0,0.04,0.04,2330.42036,1776230325000
1776230326.957,226.957,0.34,22.61,0.33,5.0,0.38,2.0,0.39,10.0,0.62,2.0,0.61,10.0,0.66,22.61,0.67,5.0,0.04,0.04,2330.332435,1776230326000
1776230327.506,227.506,0.36,17.0,0.35,21.0,0.37,10.0,0.41,148.62,0.62,2.0,0.61,10.0,0.66,22.61,0.67,5.0,0.01,0.04,2330.332435,1776230326000
1776230328.102,228.102,0.37,19.41,0.36,20.0,0.39,25.0,0.4,20.0,0.63,10.0,0.59,148.62,0.64,17.0,0.65,21.0,0.02,0.01,2330.332435,1776230326000
1776230329.197,229.197,0.37,19.41,0.36,20.0,0.39,25.0,0.4,20.0,0.61,25.0,0.6,20.0,0.63,19.41,0.64,20.0,0.02,0.02,2330.340125,1776230328000
1776230330.44,230.44,0.37,19.41,0.36,20.0,0.39,25.0,0.4,20.0,0.61,25.0,0.6,20.0,0.63,19.41,0.64,20.0,0.02,0.02,2330.448799,1776230329000
1776230330.966,230.966,0.37,19.41,0.36,20.0,0.39,25.0,0.4,20.0,0.61,25.0,0.6,20.0,0.63,19.41,0.64,20.0,0.02,0.02,2330.359855,1776230330000
1776230331.736,231.736,0.38,4.0,0.37,21.0,0.39,5.0,0.4,5.0,0.61,25.0,0.6,20.0,0.63,19.41,0.64,20.0,0.01,0.02,2330.359855,1776230330000
1776230332.123,232.123,0.38,5.0,0.37,21.0,0.41,128.62,0.42,33.2,0.59,128.62,0.58,33.2,0.62,5.0,0.63,21.0,0.03,0.03,2330.389785,1776230331000
1776230332.759,232.759,0.38,10.0,0.37,21.0,0.4,5.0,0.41,8.62,0.59,128.62,0.58,33.2,0.62,5.0,0.63,21.0,0.02,0.03,2330.389785,1776230331000
1776230333.112,233.112,0.4,16.0,0.39,10.0,0.41,2.0,0.42,8.4,0.59,8.62,0.58,8.4,0.6,5.0,0.62,10.0,0.01,0.01,2330.389785,1776230331000
1776230333.707,233.707,0.45,21.0,0.44,16.0,0.48,56.04,0.49,70.0,0.54,48.88,0.52,70.0,0.6,16.0,0.61,10.0,0.03,0.06,2330.39663,1776230332000
1776230334.286,234.286,0.45,21.0,0.44,16.0,0.48,56.04,0.49,70.0,0.52,56.04,0.51,70.0,0.55,21.0,0.56,16.0,0.03,0.03,2330.41033,1776230333000
1776230335.557,235.557,0.45,21.0,0.44,16.0,0.48,56.04,0.49,70.0,0.52,56.04,0.51,70.0,0.55,21.0,0.56,16.0,0.03,0.03,2330.551079,1776230334000
1776230335.837,235.837,0.46,1.03,0.45,16.0,0.48,76.04,0.49,80.0,0.52,56.04,0.51,70.0,0.55,21.0,0.56,16.0,0.02,0.03,2330.551079,1776230334000
1776230336.192,236.192,0.46,1.03,0.45,16.0,0.48,76.04,0.49,80.0,0.52,76.04,0.51,80.0,0.54,1.03,0.55,16.0,0.02,0.02,2330.551849,1776230335000
1776230336.595,236.595,0.46,21.03,0.45,21.0,0.47,14.93,0.48,66.04,0.52,76.04,0.51,80.0,0.54,1.03,0.55,16.0,0.01,0.02,2330.551849,1776230335000
1776230337.584,237.584,0.46,21.03,0.45,21.0,0.47,14.93,0.48,66.04,0.53,14.93,0.52,66.04,0.54,21.03,0.55,21.0,0.01,0.01,2330.553245,1776230336000
1776230337.836,237.836,0.47,14.33,0.46,16.03,0.48,46.04,0.49,70.0,0.52,56.04,0.51,70.0,0.53,9.33,0.54,16.03,0.01,0.01,2330.553245,1776230336000
1776230338.166,238.166,0.46,5.36,0.45,26.0,0.48,36.04,0.49,70.0,0.52,36.04,0.51,70.0,0.54,5.36,0.55,26.0,0.02,0.02,2330.558245,1776230337000
1776230339.47,239.47,0.46,5.36,0.45,26.0,0.48,36.04,0.49,70.0,0.52,36.04,0.51,70.0,0.54,5.36,0.55,26.0,0.02,0.02,2330.565945,1776230338000
1776230340.02,240.02,0.46,5.36,0.45,26.0,0.48,36.04,0.49,70.0,0.52,36.04,0.51,70.0,0.54,5.36,0.55,26.0,0.02,0.02,2330.68209,1776230339000
1776230340.477,240.477,0.47,4.33,0.46,5.36,0.48,36.04,0.49,10.0,0.52,36.04,0.51,70.0,0.54,5.36,0.55,26.0,0.01,0.02,2330.68209,1776230339000
1776230341.324,241.324,0.45,16.0,0.44,15.0,0.46,15.0,0.47,15.0,0.52,36.04,0.51,10.0,0.53,4.33,0.54,5.36,0.01,0.01,2330.68209,1776230339000
1776230341.989,241.989,0.47,5.0,0.46,25.0,0.51,50.0,0.52,28.8,0.54,15.0,0.53,15.0,0.55,16.0,0.56,15.0,0.04,0.01,2330.640429,1776230340000
1776230342.48,242.48,0.47,5.0,0.46,25.0,0.51,50.0,0.52,28.8,0.49,50.0,0.48,28.8,0.53,5.0,0.54,25.0,0.04,0.04,2330.617912,1776230341000
1776230343.049,243.049,0.47,5.0,0.46,25.0,0.51,50.0,0.52,28.8,0.49,50.0,0.48,28.8,0.53,5.0,0.54,25.0,0.04,0.04,2330.648246,1776230342000
1776230344.232,244.232,0.54,40.0,0.53,15.0,0.59,70.0,0.6,15.0,0.49,50.0,0.48,28.8,0.53,5.0,0.54,25.0,0.05,0.04,2330.648246,1776230342000
1776230344.456,244.456,0.58,9.9,0.57,10.0,0.59,67.98,0.6,15.0,0.41,67.98,0.4,15.0,0.42,15.0,0.43,10.0,0.01,0.01,2330.59443,1776230343000
1776230345.499,245.499,0.58,9.9,0.57,10.0,0.59,67.98,0.6,15.0,0.41,67.98,0.4,15.0,0.42,9.9,0.43,10.0,0.01,0.01,2330.76223,1776230344000
1776230346.0,246.0,0.58,9.9,0.57,10.0,0.59,67.98,0.6,15.0,0.41,67.98,0.4,15.0,0.42,9.9,0.43,10.0,0.01,0.01,2330.724655,1776230345000
1776230346.946,246.946,0.59,165.0,0.58,15.0,0.61,37.67,0.62,5.0,0.41,67.98,0.4,15.0,0.42,9.9,0.43,10.0,0.02,0.01,2330.724655,1776230345000
1776230347.155,247.155,0.59,165.0,0.58,15.0,0.61,37.67,0.62,5.0,0.39,37.67,0.38,5.0,0.41,165.0,0.42,15.0,0.02,0.02,2330.73223,1776230346000
1776230347.55,247.55,0.6,15.0,0.59,155.0,0.61,59.85,0.63,35.0,0.39,37.67,0.38,5.0,0.41,165.0,0.42,15.0,0.01,0.02,2330.73223,1776230346000
1776230347.761,247.761,0.62,8.03,0.61,10.0,0.63,45.0,0.66,50.0,0.39,40.86,0.37,35.0,0.4,15.0,0.41,155.0,0.01,0.01,2330.73223,1776230346000
1776230348.196,248.196,0.62,8.03,0.61,10.0,0.63,45.0,0.66,50.0,0.37,45.0,0.34,50.0,0.38,8.03,0.39,10.0,0.01,0.01,2330.824144,1776230347000
1776230348.51,248.51,0.6,15.0,0.59,15.0,0.63,174.0,0.64,10.0,0.37,45.0,0.34,50.0,0.38,8.03,0.39,10.0,0.03,0.01,2330.824144,1776230347000
1776230349.851,249.851,0.6,15.0,0.59,15.0,0.63,174.0,0.64,10.0,0.37,174.0,0.36,10.0,0.4,15.0,0.41,15.0,0.03,0.03,2330.88399,1776230348000
1776230350.44,250.44,0.61,70.0,0.6,15.0,0.63,39.77,0.64,10.0,0.37,39.77,0.36,10.0,0.39,70.0,0.4,15.0,0.02,0.02,2330.94816,1776230349000
1776230350.907,250.907,0.61,60.0,0.6,15.0,0.62,21.38,0.63,29.77,0.38,21.38,0.37,29.77,0.39,60.0,0.4,15.0,0.01,0.01,2330.94816,1776230350000
1776230351.147,251.147,0.52,7.65,0.51,59.4,0.53,16.0,0.54,16.0,0.38,48.38,0.37,10.0,0.49,59.4,0.5,14.4,0.01,0.11,2330.94816,1776230350000
1776230351.409,251.409,0.5,5.0,0.49,70.0,0.52,15.0,0.53,10.0,0.47,16.0,0.46,16.0,0.48,7.65,0.49,59.4,0.02,0.01,2330.94816,1776230350000
1776230352.042,252.042,0.44,14.6,0.43,14.7,0.48,9.61,0.52,13.26,0.52,9.61,0.48,13.26,0.56,14.6,0.57,14.7,0.04,0.04,2330.88738,1776230351000
1776230352.892,252.892,0.5,25.0,0.49,10.0,0.51,82.45,0.56,60.0,0.52,9.61,0.48,13.26,0.56,14.6,0.57,14.7,0.01,0.04,2330.88738,1776230351000
1776230353.223,253.223,0.5,40.0,0.49,15.0,0.51,57.46,0.56,60.0,0.49,82.45,0.44,60.0,0.5,25.0,0.51,10.0,0.01,0.01,2330.88303,1776230352000
1776230353.999,253.999,0.5,40.0,0.49,15.0,0.51,57.46,0.56,60.0,0.49,57.46,0.44,60.0,0.5,40.0,0.51,15.0,0.01,0.01,2330.79665,1776230353000
1776230354.896,254.896,0.55,10.0,0.54,20.0,0.57,80.0,0.58,19.0,0.44,50.0,0.43,14.0,0.45,5.0,0.46,15.0,0.02,0.01,2330.79665,1776230353000
1776230355.879,255.879,0.56,10.0,0.55,5.0,0.57,82.0,0.58,19.0,0.43,80.0,0.42,19.0,0.45,10.0,0.46,20.0,0.01,0.02,2330.76956,1776230354000
1776230357.013,257.013,0.56,10.0,0.55,5.0,0.57,82.0,0.58,19.0,0.43,82.0,0.42,19.0,0.44,10.0,0.45,5.0,0.01,0.01,2330.839705,1776230356000
1776230358.055,258.055,0.56,10.0,0.55,5.0,0.57,82.0,0.58,19.0,0.43,82.0,0.42,19.0,0.44,10.0,0.45,5.0,0.01,0.01,2330.80826,1776230357000
1776230358.946,258.946,0.56,10.0,0.55,5.0,0.57,82.0,0.58,19.0,0.43,82.0,0.42,19.0,0.44,10.0,0.45,5.0,0.01,0.01,2330.808155,1776230358000
1776230359.501,259.501,0.57,7.67,0.56,15.0,0.58,15.0,0.59,15.0,0.43,82.0,0.42,19.0,0.44,10.0,0.45,5.0,0.01,0.01,2330.808155,1776230358000
1776230359.981,259.981,0.57,7.67,0.56,15.0,0.58,15.0,0.59,15.0,0.42,15.0,0.41,15.0,0.43,7.67,0.44,15.0,0.01,0.01,2330.80342,1776230359000
1776230360.969,260.969,0.57,0.34,0.56,15.0,0.58,20.0,0.59,15.0,0.42,20.0,0.41,15.0,0.43,0.34,0.44,15.0,0.01,0.01,2330.795275,1776230360000
1776230362.075,262.075,0.57,0.34,0.56,15.0,0.58,20.0,0.59,15.0,0.42,20.0,0.41,15.0,0.43,0.34,0.44,15.0,0.01,0.01,2330.798855,1776230361000
1776230363.12,263.12,0.57,0.34,0.56,15.0,0.58,20.0,0.59,15.0,0.42,20.0,0.41,15.0,0.43,0.34,0.44,15.0,0.01,0.01,2330.79883,1776230362000
1776230364.01,264.01,0.56,5.0,0.52,20.0,0.57,10.66,0.58,39.8,0.42,20.0,0.41,15.0,0.43,0.34,0.44,15.0,0.01,0.01,2330.79883,1776230362000
1776230364.227,264.227,0.56,5.0,0.52,20.0,0.57,10.66,0.58,39.8,0.43,10.66,0.42,39.8,0.44,5.0,0.48,20.0,0.01,0.01,2330.79895,1776230363000
1776230364.849,264.849,0.51,6.79,0.5,5.0,0.53,15.0,0.54,10.0,0.43,10.66,0.42,39.8,0.44,5.0,0.48,20.0,0.02,0.01,2330.79895,1776230363000
1776230365.069,265.069,0.51,1.79,0.5,5.0,0.52,0.76,0.53,15.0,0.47,15.0,0.46,10.0,0.49,6.79,0.5,5.0,0.01,0.02,2330.79895,1776230363000
1776230365.283,265.283,0.51,1.79,0.5,5.0,0.52,0.76,0.53,15.0,0.48,0.76,0.47,15.0,0.49,1.79,0.5,5.0,0.01,0.01,2330.78622,1776230364000
1776230366.356,266.356,0.51,1.79,0.5,5.0,0.52,0.76,0.53,15.0,0.48,0.76,0.47,15.0,0.49,1.79,0.5,5.0,0.01,0.01,2330.78489,1776230365000
1776230367.339,267.339,0.51,1.79,0.5,5.0,0.52,0.76,0.53,15.0,0.48,0.76,0.47,15.0,0.49,1.79,0.5,5.0,0.01,0.01,2330.751875,1776230366000
1776230367.921,267.921,0.51,1.79,0.5,5.0,0.52,0.76,0.53,15.0,0.48,0.76,0.47,15.0,0.49,1.79,0.5,5.0,0.01,0.01,2330.75185,1776230367000
1776230369.019,269.019,0.51,1.79,0.5,5.0,0.52,0.76,0.53,15.0,0.48,0.76,0.47,15.0,0.49,1.79,0.5,5.0,0.01,0.01,2330.737685,1776230368000
1776230370.058,270.058,0.51,1.79,0.5,5.0,0.52,0.76,0.53,15.0,0.48,0.76,0.47,15.0,0.49,1.79,0.5,5.0,0.01,0.01,2330.73766,1776230369000
1776230370.314,270.314,0.52,5.0,0.51,16.79,0.54,29.5,0.55,29.5,0.48,0.76,0.47,15.0,0.49,1.79,0.5,5.0,0.02,0.01,2330.73766,1776230369000
1776230371.087,271.087,0.52,5.0,0.51,16.79,0.54,29.5,0.55,29.5,0.46,29.5,0.45,29.5,0.48,5.0,0.49,16.79,0.02,0.02,2330.737395,1776230370000
1776230372.104,272.104,0.52,5.0,0.51,16.79,0.54,29.5,0.55,29.5,0.46,29.5,0.45,29.5,0.48,5.0,0.49,16.79,0.02,0.02,2330.891128,1776230371000
1776230373.094,273.094,0.52,5.0,0.51,16.79,0.54,29.5,0.55,29.5,0.46,29.5,0.45,29.5,0.48,5.0,0.49,16.79,0.02,0.02,2330.755975,1776230372000
1776230374.009,274.009,0.52,5.0,0.51,16.79,0.54,29.5,0.55,29.5,0.46,29.5,0.45,29.5,0.48,5.0,0.49,16.79,0.02,0.02,2330.751465,1776230373000
1776230375.142,275.142,0.52,5.0,0.51,16.79,0.54,29.5,0.55,29.5,0.46,29.5,0.45,29.5,0.48,5.0,0.49,16.79,0.02,0.02,2330.835015,1776230374000
1776230376.624,276.624,0.52,5.0,0.51,16.79,0.54,29.5,0.55,29.5,0.46,29.5,0.45,29.5,0.48,5.0,0.49,16.79,0.02,0.02,2330.75084,1776230375000
1776230377.123,277.123,0.52,5.0,0.51,16.79,0.54,29.5,0.55,29.5,0.46,29.5,0.45,29.5,0.48,5.0,0.49,16.79,0.02,0.02,2330.751395,1776230376000
1776230378.104,278.104,0.46,1.79,0.43,5.0,0.52,25.0,0.53,25.0,0.46,29.5,0.45,29.5,0.48,5.0,0.49,16.79,0.06,0.02,2330.751395,1776230376000
1776230378.401,278.401,0.39,11.02,0.38,20.0,0.41,10.0,0.42,15.0,0.48,25.0,0.47,25.0,0.6,4.29,0.61,10.0,0.02,0.12,2330.767585,1776230377000
1776230378.658,278.658,0.39,16.02,0.38,20.0,0.41,2.46,0.42,10.0,0.59,10.0,0.58,15.0,0.61,11.02,0.62,20.0,0.02,0.02,2330.767585,1776230377000
1776230379.311,279.311,0.39,13.98,0.38,20.0,0.41,2.46,0.42,15.0,0.59,2.46,0.58,15.0,0.61,13.98,0.62,20.0,0.02,0.02,2330.769125,1776230378000
1776230379.515,279.515,0.47,19.96,0.46,20.0,0.56,50.0,0.57,15.66,0.52,10.0,0.44,50.0,0.53,19.96,0.54,20.0,0.09,0.01,2330.769125,1776230378000
1776230380.384,280.384,0.47,19.96,0.46,20.0,0.56,50.0,0.57,15.66,0.44,50.0,0.43,15.66,0.53,19.96,0.54,20.0,0.09,0.09,2330.741885,1776230379000
1776230380.612,280.612,0.55,7.77,0.54,10.0,0.56,55.0,0.57,15.66,0.44,50.0,0.43,15.66,0.53,19.96,0.54,20.0,0.01,0.09,2330.741885,1776230379000
1776230380.88,280.88,0.55,7.77,0.54,10.0,0.56,55.0,0.57,15.66,0.44,55.0,0.43,15.66,0.45,7.77,0.46,10.0,0.01,0.01,2330.72997,1776230380000
1776230381.416,281.416,0.55,7.77,0.54,10.0,0.56,39.28,0.57,10.66,0.44,55.0,0.43,15.66,0.45,7.77,0.46,10.0,0.01,0.01,2330.72997,1776230380000
1776230381.702,281.702,0.65,15.0,0.64,15.0,0.66,139.05,0.67,10.0,0.34,50.0,0.3,30.0,0.45,12.77,0.46,10.0,0.01,0.11,2330.72997,1776230380000
1776230381.911,281.911,0.64,3.61,0.63,10.0,0.66,36.0,0.67,10.0,0.34,139.05,0.33,10.0,0.35,15.0,0.36,15.0,0.02,0.01,2330.75915,1776230381000
1776230382.197,282.197,0.66,20.0,0.63,45.0,0.67,10.0,0.68,10.0,0.34,2.32,0.32,10.0,0.35,3.71,0.36,3.61,0.01,0.01,2330.75915,1776230381000
1776230383.393,283.393,0.66,20.0,0.63,45.0,0.67,10.0,0.68,10.0,0.33,10.0,0.32,10.0,0.34,20.0,0.37,45.0,0.01,0.01,2330.839723,1776230382000
1776230383.648,283.648,0.66,30.0,0.63,35.0,0.67,10.0,0.68,15.0,0.33,10.0,0.32,10.0,0.34,20.0,0.37,45.0,0.01,0.01,2330.839723,1776230382000
1776230383.869,283.869,0.63,35.0,0.62,10.0,0.67,15.0,0.68,15.0,0.33,15.0,0.32,15.0,0.37,35.0,0.38,10.0,0.04,0.04,2330.885836,1776230383000
1776230384.326,284.326,0.64,10.0,0.63,10.0,0.65,15.0,0.66,10.0,0.36,11.59,0.35,10.0,0.37,45.0,0.38,10.0,0.01,0.01,2330.885836,1776230383000
1776230384.856,284.856,0.64,10.0,0.63,10.0,0.65,15.0,0.66,10.0,0.35,15.0,0.34,10.0,0.36,10.0,0.37,10.0,0.01,0.01,2330.969315,1776230384000
1776230386.198,286.198,0.67,15.0,0.66,15.0,0.71,1.26,0.72,10.0,0.35,15.0,0.34,10.0,0.36,10.0,0.37,10.0,0.04,0.01,2330.969315,1776230384000
1776230386.513,286.513,0.71,40.0,0.7,28.0,0.72,0.4,0.73,10.0,0.29,1.26,0.28,10.0,0.33,15.0,0.34,15.0,0.01,0.04,2330.913225,1776230385000
1776230386.863,286.863,0.71,30.0,0.7,16.0,0.73,9.24,0.74,40.0,0.28,0.4,0.27,10.0,0.29,40.0,0.3,28.0,0.02,0.01,2330.913225,1776230385000
1776230387.339,287.339,0.71,30.0,0.7,16.0,0.73,9.24,0.74,40.0,0.27,9.24,0.26,40.0,0.29,30.0,0.3,16.0,0.02,0.02,2330.889605,1776230386000
1776230387.56,287.56,0.71,10.0,0.7,10.0,0.72,15.0,0.73,4.24,0.28,5.0,0.27,4.24,0.29,15.0,0.3,10.0,0.01,0.01,2330.889605,1776230386000
1776230388.267,288.267,0.71,10.0,0.7,10.0,0.72,15.0,0.73,4.24,0.28,15.0,0.27,4.24,0.29,10.0,0.3,10.0,0.01,0.01,2330.888695,1776230387000
1776230388.878,288.878,0.71,10.0,0.7,10.0,0.72,15.0,0.73,4.24,0.28,15.0,0.27,4.24,0.29,10.0,0.3,10.0,0.01,0.01,2330.89508,1776230388000
1776230389.173,289.173,0.71,25.0,0.7,10.0,0.72,1.66,0.73,4.24,0.28,15.0,0.27,4.24,0.29,10.0,0.3,10.0,0.01,0.01,2330.89508,1776230388000
1776230390.465,290.465,0.71,25.0,0.7,10.0,0.72,1.66,0.73,4.24,0.28,1.66,0.27,4.24,0.29,25.0,0.3,10.0,0.01,0.01,2330.937155,1776230389000
1776230390.746,290.746,0.74,10.0,0.73,10.0,0.75,3.67,0.76,10.0,0.25,10.0,0.24,10.0,0.26,10.0,0.27,15.0,0.01,0.01,2330.937155,1776230389000
1776230391.106,291.106,0.74,10.0,0.73,10.0,0.75,3.67,0.76,10.0,0.25,3.67,0.24,10.0,0.26,10.0,0.27,10.0,0.01,0.01,2330.937155,1776230390000
1776230392.241,292.241,0.74,10.0,0.73,10.0,0.75,3.67,0.76,10.0,0.25,3.67,0.24,10.0,0.26,10.0,0.27,10.0,0.01,0.01,2330.947005,1776230391000
1776230392.573,292.573,0.72,5.0,0.71,50.0,0.73,8.65,0.74,15.0,0.26,10.0,0.25,3.67,0.28,20.17,0.29,65.0,0.01,0.02,2330.947005,1776230391000
1776230393.394,293.394,0.72,5.0,0.71,50.0,0.73,8.65,0.74,15.0,0.27,8.65,0.26,15.0,0.28,5.0,0.29,50.0,0.01,0.01,2330.94771,1776230392000
1776230393.991,293.991,0.74,20.0,0.73,15.0,0.79,3.67,0.8,15.0,0.21,3.67,0.2,15.0,0.26,20.0,0.27,15.0,0.05,0.05,2331.015792,1776230393000
1776230395.424,295.424,0.79,25.0,0.78,15.0,0.8,8.8,0.84,40.0,0.21,3.67,0.2,15.0,0.26,20.0,0.27,15.0,0.01,0.05,2331.015792,1776230393000
1776230395.825,295.825,0.83,10.0,0.82,15.0,0.84,35.11,0.85,10.0,0.16,35.23,0.15,10.0,0.21,25.0,0.22,15.0,0.01,0.05,2331.015792,1776230393000
1776230396.474,296.474,0.85,15.0,0.84,15.0,0.86,20.91,0.87,40.0,0.16,30.11,0.15,10.0,0.18,14.0,0.19,15.0,0.01,0.02,2331.015792,1776230393000
1776230396.693,296.693,0.86,15.0,0.85,10.0,0.87,20.67,0.89,10.0,0.13,42.76,0.1,16.0,0.16,13.18,0.17,10.0,0.01,0.03,2330.936715,1776230395000
1776230396.923,296.923,0.88,15.0,0.87,15.0,0.89,17.72,0.9,16.0,0.13,20.67,0.11,10.0,0.14,15.0,0.15,10.0,0.01,0.01,2330.936715,1776230395000
1776230397.186,297.186,0.87,5.0,0.86,10.0,0.89,15.0,0.9,26.1,0.11,17.72,0.1,16.0,0.12,15.0,0.13,15.0,0.02,0.01,2330.93701,1776230396000
1776230397.389,297.389,0.87,20.0,0.86,15.0,0.92,14.96,0.93,10.0,0.12,8.86,0.11,10.0,0.13,15.0,0.14,15.0,0.05,0.01,2330.93701,1776230396000
1776230397.628,297.628,0.92,11.25,0.91,37.47,0.94,4.35,0.95,30.0,0.06,4.35,0.05,30.0,0.13,20.0,0.14,15.0,0.02,0.07,2330.93701,1776230396000
1776230397.883,297.883,0.93,15.0,0.92,15.0,0.95,3.92,0.96,77.08,0.04,77.08,0.03,88.0,0.08,11.25,0.09,37.47,0.02,0.04,2330.93701,1776230396000
1776230398.112,298.112,0.95,89.61,0.94,15.0,0.97,75.08,0.98,393.0,0.05,3.92,0.04,77.08,0.07,15.0,0.08,15.0,0.02,0.02,2330.93701,1776230396000
1776230398.406,298.406,0.96,10.0,0.95,10.0,0.97,87.74,0.98,393.0,0.03,97.74,0.02,393.0,0.05,5.0,0.06,13.61,0.01,0.02,2330.93701,1776230396000
1776230398.667,298.667,0.96,2.07,0.95,20.0,0.98,175.12,0.99,1391.44,0.02,175.12,0.01,1391.44,0.04,2.07,0.05,20.0,0.02,0.02,2330.9825,1776230397000
1776230399.03,299.03,0.97,31.0,0.96,18.07,0.98,140.12,0.99,1391.44,0.02,150.12,0.01,1391.44,0.03,10.0,0.04,2.07,0.01,0.01,2330.9825,1776230397000
1776230399.233,299.233,0.98,8.0,0.95,27.05,0.99,301.56,,,0.01,301.56,,,0.02,8.0,0.05,27.05,0.01,0.01,2331.055004,1776230398000
1776230399.465,299.465,0.98,61.0,0.96,5.0,0.99,186.53,,,0.01,196.53,,,0.02,61.0,0.04,5.0,0.01,0.01,2331.055004,1776230398000
1776230399.699,299.699,0.98,20.0,0.97,5.0,0.99,139.2,,,0.01,141.2,,,0.02,20.0,0.03,5.0,0.01,0.01,2331.055004,1776230398000
1776230399.914,299.914,0.98,20.0,0.97,5.0,0.99,47.72,,,0.01,52.72,,,0.02,20.0,0.03,5.0,0.01,0.01,2331.055004,1776230398000
1776230400.72,300.72,0.99,22.39,0.98,25.0,,,,,,,,,0.01,22.39,0.02,25.0,,,2330.945485,1776230399000
1776230401.231,301.231,0.99,17149.46,0.98,20.0,,,,,,,,,0.01,17149.46,0.02,20.0,,,2330.94548,1776230400000
1776230402.348,302.348,0.99,17149.46,0.98,20.0,,,,,,,,,0.01,17149.46,0.02,20.0,,,2330.94043,1776230401000

# RESULT,winner=Up,slug=eth-updown-5m-1776230100,ticks=450
