timestamp,elapsed_sec,up_bid_p1,up_bid_s1,up_bid_p2,up_bid_s2,up_ask_p1,up_ask_s1,up_ask_p2,up_ask_s2,down_bid_p1,down_bid_s1,down_bid_p2,down_bid_s2,down_ask_p1,down_ask_s1,down_ask_p2,down_ask_s2,up_spread,down_spread,eth_price,eth_oracle_ts
1776395400.542,0.542,0.52,219.16,0.51,25.0,0.54,340.9,0.55,105.0,0.46,70.0,0.45,70.0,0.48,197.07,0.5,15.0,0.02,0.02,2328.70066,1776395399000
1776395400.85,0.85,0.52,192.07,0.5,15.0,0.54,75.0,0.55,70.0,0.46,75.0,0.45,70.0,0.48,192.07,0.5,15.0,0.02,0.02,2328.687317,1776395400000
1776395401.273,1.273,0.51,19.2,0.5,15.0,0.52,38.0,0.53,87.0,0.46,75.0,0.45,70.0,0.48,192.07,0.5,15.0,0.01,0.02,2328.687317,1776395400000
1776395401.62,1.62,0.52,5.0,0.51,146.2,0.55,5.0,0.56,15.0,0.48,38.0,0.47,87.0,0.49,19.2,0.5,15.0,0.03,0.01,2328.687317,1776395400000
1776395402.24,2.24,0.52,5.0,0.51,146.2,0.55,5.0,0.56,15.0,0.45,5.0,0.44,15.0,0.48,5.0,0.49,146.2,0.03,0.03,2328.725885,1776395401000
1776395402.709,2.709,0.52,20.0,0.51,141.2,0.55,0.81,0.56,15.0,0.45,5.0,0.44,15.0,0.48,5.0,0.49,146.2,0.03,0.03,2328.725885,1776395401000
1776395403.241,3.241,0.54,15.0,0.53,10.0,0.56,9.71,0.57,24.0,0.45,0.81,0.44,15.0,0.48,20.0,0.49,141.2,0.02,0.03,2328.725885,1776395401000
1776395403.534,3.534,0.54,15.0,0.53,10.0,0.56,9.71,0.57,24.0,0.44,9.71,0.43,24.0,0.46,15.0,0.47,10.0,0.02,0.02,2328.603169,1776395402000
1776395404.271,4.271,0.54,15.0,0.53,10.0,0.56,9.71,0.57,24.0,0.44,9.71,0.43,24.0,0.46,15.0,0.47,10.0,0.02,0.02,2328.643521,1776395403000
1776395404.767,4.767,0.54,5.82,0.53,10.0,0.55,25.73,0.56,24.71,0.44,9.71,0.43,24.0,0.46,15.0,0.47,10.0,0.01,0.02,2328.643521,1776395403000
1776395405.153,5.153,0.54,5.82,0.53,10.0,0.55,3.18,0.56,24.71,0.45,25.73,0.44,24.71,0.46,5.82,0.47,10.0,0.01,0.01,2328.643521,1776395403000
1776395405.486,5.486,0.54,5.82,0.53,10.0,0.55,3.18,0.56,24.71,0.45,3.18,0.44,24.71,0.46,5.82,0.47,10.0,0.01,0.01,2328.678552,1776395404000
1776395405.698,5.698,0.54,10.82,0.53,15.0,0.55,12.1,0.56,14.71,0.45,3.18,0.44,24.71,0.46,5.82,0.47,10.0,0.01,0.01,2328.678552,1776395404000
1776395406.062,6.062,0.54,0.82,0.53,15.0,0.55,12.1,0.56,14.71,0.45,12.1,0.44,14.71,0.46,0.82,0.47,15.0,0.01,0.01,2328.678202,1776395405000
1776395406.755,6.755,0.54,11.86,0.53,15.0,0.55,17.1,0.56,19.71,0.45,12.1,0.44,14.71,0.46,0.82,0.47,15.0,0.01,0.01,2328.678202,1776395405000
1776395407.249,7.249,0.54,6.16,0.53,15.0,0.55,17.1,0.56,19.71,0.45,17.1,0.44,19.71,0.46,6.16,0.47,15.0,0.01,0.01,2328.672073,1776395406000
1776395407.572,7.572,0.54,86.16,0.53,173.0,0.56,5.0,0.63,14.0,0.45,17.1,0.44,19.71,0.46,6.16,0.47,15.0,0.02,0.01,2328.672073,1776395406000
1776395408.187,8.187,0.63,6.1,0.62,15.0,0.65,85.0,0.66,145.0,0.36,7.67,0.35,75.0,0.37,6.1,0.38,10.0,0.02,0.01,2328.672073,1776395406000
1776395408.441,8.441,0.64,10.0,0.63,11.1,0.65,95.0,0.66,140.0,0.35,85.0,0.34,145.0,0.37,6.1,0.38,15.0,0.01,0.02,2328.672073,1776395406000
1776395408.725,8.725,0.63,5.23,0.62,15.0,0.65,92.3,0.66,145.0,0.35,92.3,0.34,140.0,0.36,10.0,0.37,11.1,0.02,0.01,2328.672148,1776395407000
1776395409.045,9.045,0.64,4.44,0.63,5.23,0.65,89.6,0.66,145.0,0.35,89.6,0.34,145.0,0.36,10.0,0.37,5.23,0.01,0.01,2328.672148,1776395407000
1776395409.528,9.528,0.61,15.0,0.6,15.0,0.63,42.0,0.64,72.0,0.35,94.6,0.34,145.0,0.37,2.08,0.38,15.0,0.02,0.02,2328.707734,1776395408000
1776395410.031,10.031,0.6,9.87,0.59,15.0,0.62,59.0,0.63,29.0,0.37,42.0,0.36,72.0,0.39,15.0,0.4,15.0,0.02,0.02,2328.707734,1776395408000
1776395410.421,10.421,0.6,9.87,0.59,15.0,0.62,59.0,0.63,29.0,0.38,59.0,0.37,29.0,0.4,9.87,0.41,15.0,0.02,0.02,2329.023574,1776395409000
1776395410.969,10.969,0.6,9.87,0.59,15.0,0.62,59.0,0.63,29.0,0.38,59.0,0.37,29.0,0.4,9.87,0.41,15.0,0.02,0.02,2329.14823,1776395410000
1776395412.303,12.303,0.6,20.0,0.59,59.0,0.63,3.5,0.71,7.59,0.38,59.0,0.37,29.0,0.4,9.87,0.41,15.0,0.03,0.02,2329.00909,1776395411000
1776395413.423,13.423,0.7,81.0,0.69,39.0,0.74,84.0,0.75,81.0,0.29,7.49,0.26,77.0,0.37,7.93,0.4,20.0,0.04,0.08,2329.03781,1776395412000
1776395413.755,13.755,0.73,25.0,0.72,25.0,0.74,84.0,0.75,81.0,0.26,84.0,0.25,81.0,0.3,81.0,0.31,39.0,0.01,0.04,2329.03781,1776395412000
1776395414.512,14.512,0.73,76.73,0.72,25.0,0.74,184.82,0.75,195.0,0.26,71.82,0.25,81.0,0.27,25.0,0.28,25.0,0.01,0.01,2329.199775,1776395413000
1776395414.782,14.782,0.73,53.82,0.72,25.0,0.74,166.82,0.75,195.0,0.26,166.82,0.25,195.0,0.27,81.73,0.28,25.0,0.01,0.01,2329.199775,1776395413000
1776395416.049,16.049,0.73,48.82,0.72,25.0,0.74,177.82,0.75,195.0,0.26,166.82,0.25,195.0,0.27,53.82,0.28,25.0,0.01,0.01,2329.751282,1776395414000
1776395416.519,16.519,0.73,43.82,0.72,25.0,0.74,177.82,0.75,195.0,0.26,182.82,0.25,195.0,0.27,43.82,0.28,25.0,0.01,0.01,2329.798766,1776395415000
1776395418.026,18.026,0.73,43.82,0.72,25.0,0.74,176.46,0.75,195.0,0.26,177.82,0.25,195.0,0.27,43.82,0.28,25.0,0.01,0.01,2329.876954,1776395416000
1776395418.31,18.31,0.73,33.63,0.72,25.0,0.74,176.46,0.75,195.0,0.26,176.46,0.25,195.0,0.27,43.82,0.28,25.0,0.01,0.01,2329.876954,1776395416000
1776395418.74,18.74,0.73,33.63,0.72,25.0,0.74,161.64,0.75,195.0,0.26,176.46,0.25,195.0,0.27,33.63,0.28,25.0,0.01,0.01,2329.892325,1776395417000
1776395419.368,19.368,0.73,9.81,0.72,10.0,0.74,170.64,0.75,210.0,0.26,161.64,0.25,195.0,0.27,33.63,0.28,25.0,0.01,0.01,2329.88605,1776395418000
1776395419.759,19.759,0.64,7.5,0.63,20.0,0.65,203.0,0.66,140.0,0.26,170.64,0.25,210.0,0.27,9.81,0.28,10.0,0.01,0.01,2329.88605,1776395418000
1776395420.226,20.226,0.64,7.36,0.63,20.0,0.65,186.0,0.66,140.0,0.35,205.0,0.34,140.0,0.36,7.5,0.37,20.0,0.01,0.01,2329.86,1776395419000
1776395420.502,20.502,0.64,4.58,0.63,20.0,0.65,171.0,0.66,125.0,0.35,171.0,0.34,130.0,0.36,7.36,0.37,20.0,0.01,0.01,2329.86,1776395419000
1776395420.794,20.794,0.64,135.77,0.63,36.38,0.65,87.0,0.66,125.0,0.35,171.0,0.34,125.0,0.36,4.58,0.37,20.0,0.01,0.01,2329.86,1776395419000
1776395421.42,21.42,0.69,3.87,0.68,50.0,0.7,35.0,0.71,31.0,0.3,30.49,0.29,31.0,0.33,35.0,0.34,25.0,0.01,0.03,2329.83965,1776395420000
1776395422.067,22.067,0.68,38.12,0.67,50.0,0.7,10.0,0.72,106.0,0.3,33.0,0.29,31.0,0.31,3.87,0.32,50.0,0.02,0.01,2329.83965,1776395420000
1776395422.815,22.815,0.73,25.0,0.72,20.0,0.74,15.72,0.75,25.0,0.3,10.0,0.28,106.0,0.32,38.12,0.33,50.0,0.01,0.02,2329.536874,1776395421000
1776395424.331,24.331,0.73,23.78,0.72,30.0,0.74,11.0,0.76,125.0,0.26,15.72,0.25,25.0,0.27,25.0,0.28,20.0,0.01,0.01,2329.74159,1776395423000
1776395426.474,26.474,0.73,99.38,0.72,20.0,0.74,11.0,0.75,5.0,0.26,11.0,0.24,125.0,0.27,23.78,0.28,30.0,0.01,0.01,2329.841625,1776395425000
1776395428.034,28.034,0.73,111.38,0.72,20.0,0.76,72.06,0.77,82.0,0.26,11.0,0.25,5.0,0.27,99.38,0.28,20.0,0.03,0.01,2329.841695,1776395426000
1776395428.33,28.33,0.75,1.08,0.74,10.0,0.76,77.06,0.77,82.0,0.24,72.06,0.23,82.0,0.27,111.38,0.28,20.0,0.01,0.03,2329.84062,1776395427000
1776395428.572,28.572,0.75,1.08,0.74,15.0,0.76,82.27,0.77,82.0,0.24,77.06,0.23,82.0,0.25,1.08,0.26,10.0,0.01,0.01,2329.84062,1776395427000
1776395429.363,29.363,0.72,10.0,0.71,10.0,0.74,46.0,0.75,67.0,0.24,82.27,0.23,82.0,0.25,1.08,0.26,15.0,0.02,0.01,2329.84562,1776395428000
1776395430.356,30.356,0.72,5.64,0.71,15.0,0.74,11.0,0.75,21.0,0.26,36.0,0.25,32.0,0.27,4.0,0.28,10.0,0.02,0.01,2329.85106,1776395429000
1776395430.586,30.586,0.72,15.64,0.71,15.0,0.73,0.02,0.74,11.0,0.26,11.0,0.25,21.0,0.28,5.64,0.29,15.0,0.01,0.02,2329.85106,1776395429000
1776395432.897,32.897,0.73,15.0,0.72,15.64,0.74,10.93,0.75,17.0,0.27,0.02,0.26,11.0,0.28,15.64,0.29,15.0,0.01,0.01,2329.77729,1776395431000
1776395433.357,33.357,0.74,25.0,0.73,15.0,0.76,135.64,0.77,138.0,0.25,16.93,0.24,139.27,0.27,10.0,0.28,15.64,0.02,0.02,2329.77729,1776395431000
1776395434.079,34.079,0.75,35.0,0.74,20.0,0.76,61.64,0.77,70.0,0.24,135.64,0.23,138.0,0.26,25.0,0.27,15.0,0.01,0.02,2329.892782,1776395432000
1776395434.422,34.422,0.75,20.0,0.74,20.0,0.76,61.64,0.77,70.0,0.24,61.64,0.23,70.0,0.25,35.0,0.26,20.0,0.01,0.01,2329.892782,1776395433000
1776395434.681,34.681,0.75,20.0,0.74,20.0,0.76,54.64,0.77,70.0,0.24,61.64,0.23,70.0,0.25,20.0,0.26,20.0,0.01,0.01,2329.892782,1776395433000
1776395435.587,35.587,0.74,25.0,0.73,15.0,0.76,52.99,0.77,70.0,0.24,54.64,0.23,70.0,0.26,20.0,0.27,15.0,0.02,0.02,2329.78131,1776395434000
1776395438.533,38.533,0.75,15.0,0.74,20.0,0.76,32.99,0.77,70.0,0.24,52.99,0.23,70.0,0.26,25.0,0.27,15.0,0.01,0.02,2329.922235,1776395436000
1776395439.992,39.992,0.75,20.0,0.74,20.0,0.76,13.17,0.77,70.0,0.24,32.99,0.23,70.0,0.25,15.0,0.26,20.0,0.01,0.01,2329.925405,1776395438000
1776395440.364,40.364,0.75,20.0,0.74,20.0,0.77,63.35,0.78,86.0,0.24,13.17,0.23,70.0,0.25,20.0,0.26,20.0,0.02,0.01,2329.925405,1776395438000
1776395440.59,40.59,0.76,21.0,0.75,15.0,0.77,63.35,0.78,70.0,0.23,63.35,0.22,86.0,0.25,20.0,0.26,20.0,0.01,0.02,2329.931185,1776395439000
1776395440.979,40.979,0.76,16.0,0.75,15.0,0.77,56.35,0.78,70.0,0.23,63.35,0.22,70.0,0.24,21.0,0.25,15.0,0.01,0.01,2329.931185,1776395439000
1776395441.28,41.28,0.76,11.84,0.75,15.0,0.77,56.35,0.78,70.0,0.23,56.35,0.22,70.0,0.24,16.0,0.25,15.0,0.01,0.01,2329.920465,1776395440000
1776395442.024,42.024,0.76,12.68,0.75,15.0,0.77,56.35,0.78,70.0,0.23,56.35,0.22,70.0,0.24,11.84,0.25,15.0,0.01,0.01,2329.920465,1776395440000
1776395442.452,42.452,0.76,12.68,0.75,15.0,0.77,29.59,0.78,75.0,0.23,56.35,0.22,70.0,0.24,12.68,0.25,15.0,0.01,0.01,2329.920465,1776395440000
1776395443.313,43.313,0.76,49.68,0.75,63.0,0.77,23.29,0.78,75.0,0.23,29.59,0.22,75.0,0.24,12.68,0.25,15.0,0.01,0.01,2329.94876,1776395441000
1776395444.172,44.172,0.76,49.68,0.75,63.0,0.77,21.99,0.78,76.0,0.23,23.29,0.22,75.0,0.24,49.68,0.25,63.0,0.01,0.01,2329.921293,1776395442000
1776395445.505,45.505,0.76,49.68,0.75,63.0,0.78,72.02,0.79,134.7,0.23,21.99,0.22,76.0,0.24,49.68,0.25,63.0,0.02,0.01,2329.958295,1776395443000
1776395446.085,46.085,0.77,77.0,0.76,32.68,0.78,86.73,0.79,129.7,0.22,72.02,0.21,134.7,0.24,49.68,0.25,63.0,0.01,0.02,2329.94644,1776395444000
1776395446.524,46.524,0.78,52.0,0.77,62.0,0.79,17.29,0.8,16.0,0.22,86.73,0.21,129.7,0.23,77.0,0.24,32.68,0.01,0.01,2329.94644,1776395444000
1776395447.041,47.041,0.78,86.0,0.77,55.0,0.8,16.0,0.81,72.0,0.21,5.04,0.2,16.0,0.22,57.0,0.23,62.0,0.02,0.01,2329.94144,1776395445000
1776395447.46,47.46,0.79,60.19,0.78,62.0,0.8,21.0,0.81,72.0,0.2,16.0,0.19,72.0,0.22,86.0,0.23,55.0,0.01,0.02,2329.937175,1776395446000
1776395447.981,47.981,0.79,70.19,0.78,62.0,0.8,14.75,0.81,72.0,0.2,21.0,0.19,72.0,0.21,60.19,0.22,62.0,0.01,0.01,2329.937175,1776395446000
1776395450.338,50.338,0.79,70.19,0.78,62.0,0.81,63.0,0.82,52.4,0.2,14.75,0.19,72.0,0.21,70.19,0.22,62.0,0.02,0.01,2330.13986,1776395449000
1776395452.109,52.109,0.8,72.0,0.79,46.19,0.81,11.76,0.82,52.4,0.19,63.0,0.18,52.4,0.21,70.19,0.22,62.0,0.01,0.02,2330.15767,1776395450000
1776395453.103,53.103,0.8,84.0,0.79,46.19,0.82,52.16,0.83,124.98,0.19,11.76,0.18,52.4,0.2,72.0,0.21,46.19,0.02,0.01,2330.166255,1776395451000
1776395454.17,54.17,0.81,92.0,0.8,55.0,0.82,61.6,0.83,149.98,0.18,52.16,0.17,124.98,0.2,84.0,0.21,46.19,0.01,0.02,2330.219735,1776395453000
1776395456.001,56.001,0.81,99.0,0.8,100.0,0.82,51.6,0.83,149.98,0.18,61.6,0.17,149.98,0.19,92.0,0.2,55.0,0.01,0.01,2330.15911,1776395454000
1776395456.845,56.845,0.82,87.0,0.81,84.0,0.83,33.87,0.84,124.8,0.18,51.6,0.17,149.98,0.19,99.0,0.2,100.0,0.01,0.01,2330.15612,1776395455000
1776395457.375,57.375,0.82,84.0,0.81,84.0,0.83,34.87,0.84,124.8,0.17,33.87,0.16,124.8,0.18,87.0,0.19,84.0,0.01,0.01,2330.15587,1776395456000
1776395457.953,57.953,0.82,60.45,0.81,84.0,0.83,27.87,0.84,124.8,0.17,34.87,0.16,124.8,0.18,84.0,0.19,84.0,0.01,0.01,2330.15587,1776395456000
1776395459.157,59.157,0.82,14.0,0.81,35.0,0.83,117.87,0.84,139.8,0.17,27.87,0.16,124.8,0.18,60.45,0.19,84.0,0.01,0.01,2330.21518,1776395458000
1776395459.614,59.614,0.81,20.0,0.8,76.0,0.82,42.0,0.83,103.37,0.18,10.0,0.17,148.37,0.19,5.0,0.2,70.0,0.01,0.01,2330.21518,1776395458000
1776395460.236,60.236,0.81,8.15,0.8,31.0,0.83,78.37,0.84,111.8,0.18,42.0,0.17,103.37,0.19,20.0,0.2,76.0,0.02,0.01,2330.21518,1776395458000
1776395460.642,60.642,0.8,8.99,0.79,73.99,0.83,78.37,0.84,111.8,0.17,78.37,0.16,111.8,0.19,8.15,0.2,31.0,0.03,0.02,2330.415572,1776395459000
1776395461.043,61.043,0.8,15.99,0.79,73.99,0.81,18.76,0.82,15.0,0.17,78.37,0.16,111.8,0.2,8.99,0.21,73.99,0.01,0.03,2330.415572,1776395459000
1776395461.795,61.795,0.79,63.99,0.78,23.0,0.84,103.77,0.85,57.2,0.19,18.76,0.18,15.0,0.2,15.99,0.21,73.99,0.05,0.01,2330.363463,1776395460000
1776395462.291,62.291,0.77,8.79,0.76,78.86,0.78,97.0,0.79,72.0,0.16,103.77,0.15,57.2,0.21,63.99,0.22,23.0,0.01,0.05,2330.189332,1776395461000
1776395462.871,62.871,0.77,2.16,0.76,78.86,0.81,30.04,0.82,24.0,0.22,55.61,0.21,33.0,0.23,2.16,0.24,78.86,0.04,0.01,2330.189332,1776395461000
1776395463.108,63.108,0.79,10.0,0.78,15.0,0.81,37.09,0.82,24.0,0.19,29.09,0.18,24.0,0.23,2.16,0.24,78.86,0.02,0.04,2330.189332,1776395461000
1776395463.55,63.55,0.79,10.0,0.78,15.0,0.81,36.74,0.82,24.0,0.19,37.09,0.18,24.0,0.21,10.0,0.22,15.0,0.02,0.02,2330.256219,1776395462000
1776395463.895,63.895,0.79,5.0,0.78,15.0,0.8,46.0,0.81,19.74,0.19,36.74,0.18,24.0,0.21,10.0,0.22,15.0,0.01,0.02,2330.256219,1776395462000
1776395464.395,64.395,0.76,78.22,0.75,31.0,0.8,46.0,0.81,19.74,0.2,46.0,0.19,19.74,0.21,5.0,0.22,15.0,0.04,0.01,2330.178825,1776395463000
1776395464.815,64.815,0.77,10.0,0.76,100.85,0.79,113.37,0.8,24.0,0.2,46.0,0.19,19.74,0.24,78.22,0.25,31.0,0.02,0.04,2330.178825,1776395463000
1776395465.705,65.705,0.78,5.0,0.77,15.0,0.79,96.1,0.8,29.0,0.21,102.37,0.2,24.0,0.23,10.0,0.24,100.85,0.01,0.02,2330.002968,1776395464000
1776395467.303,67.303,0.78,15.0,0.77,15.0,0.79,100.99,0.8,12.0,0.21,69.84,0.2,29.0,0.22,5.0,0.23,15.0,0.01,0.01,2329.983469,1776395465000
1776395470.502,70.502,0.78,44.15,0.76,7.0,0.79,260.0,0.8,43.0,0.21,100.99,0.2,12.0,0.22,15.0,0.23,15.0,0.01,0.01,2329.978752,1776395469000
1776395471.921,71.921,0.67,74.99,0.66,25.0,0.68,1.22,0.69,5.0,0.32,10.0,0.3,10.0,0.33,8.9,0.34,9.0,0.01,0.01,2329.97738,1776395470000
1776395473.219,73.219,0.72,62.0,0.71,26.0,0.73,60.0,0.74,39.0,0.32,1.22,0.31,5.0,0.33,74.99,0.34,25.0,0.01,0.01,2329.701237,1776395472000
1776395476.325,76.325,0.72,27.0,0.71,21.0,0.73,43.0,0.74,5.0,0.27,60.0,0.26,39.0,0.28,62.0,0.29,26.0,0.01,0.01,2329.61417,1776395475000
1776395476.956,76.956,0.67,17.85,0.65,10.0,0.68,15.0,0.69,99.0,0.27,43.0,0.26,5.0,0.28,27.0,0.29,21.0,0.01,0.01,2329.61417,1776395475000
1776395477.206,77.206,0.62,4.01,0.6,6.0,0.66,31.0,0.67,34.0,0.34,10.0,0.33,10.0,0.35,9.9,0.38,16.52,0.04,0.01,2329.61417,1776395475000
1776395477.464,77.464,0.57,15.0,0.56,50.0,0.59,5.4,0.6,10.0,0.37,10.0,0.36,10.0,0.43,15.0,0.44,50.0,0.02,0.06,2329.728728,1776395476000
1776395478.149,78.149,0.57,38.96,0.55,26.79,0.58,51.0,0.59,13.07,0.42,5.0,0.41,18.07,0.43,22.0,0.44,50.0,0.01,0.01,2329.728728,1776395476000
1776395478.544,78.544,0.57,1.96,0.55,26.79,0.58,29.27,0.59,13.07,0.42,38.0,0.41,13.07,0.43,1.96,0.45,26.79,0.01,0.01,2329.523862,1776395477000
1776395478.96,78.96,0.55,21.79,0.53,5.0,0.58,58.58,0.59,13.07,0.42,53.58,0.41,13.07,0.43,1.96,0.45,21.79,0.03,0.01,2329.523862,1776395477000
1776395479.276,79.276,0.57,6.98,0.55,10.27,0.58,67.68,0.59,5.4,0.42,48.68,0.41,5.4,0.43,17.0,0.45,21.79,0.01,0.01,2329.373994,1776395478000
1776395479.818,79.818,0.57,6.98,0.55,10.27,0.58,51.72,0.59,14.4,0.42,22.62,0.41,5.4,0.43,13.98,0.45,10.27,0.01,0.01,2329.373994,1776395478000
1776395480.301,80.301,0.55,10.27,0.54,107.95,0.56,20.03,0.57,30.0,0.42,51.72,0.41,14.4,0.45,10.27,0.46,107.95,0.01,0.03,2329.069579,1776395479000
1776395481.373,81.373,0.55,22.27,0.54,107.95,0.56,5.03,0.57,30.0,0.44,20.03,0.43,30.0,0.45,10.27,0.46,107.95,0.01,0.01,2329.069579,1776395479000
1776395481.66,81.66,0.55,17.27,0.54,107.95,0.57,25.64,0.58,31.72,0.44,5.03,0.43,30.0,0.45,22.27,0.46,107.95,0.02,0.01,2328.837267,1776395480000
1776395482.024,82.024,0.55,22.27,0.54,107.95,0.56,2.53,0.57,25.64,0.44,5.53,0.43,25.64,0.45,22.27,0.46,107.95,0.01,0.01,2328.837267,1776395480000
1776395482.255,82.255,0.55,2.77,0.54,107.95,0.56,7.53,0.57,25.64,0.44,2.53,0.43,25.64,0.45,22.27,0.46,107.95,0.01,0.01,2328.764218,1776395481000
1776395483.026,83.026,0.54,119.95,0.53,10.0,0.55,40.81,0.56,7.53,0.44,7.53,0.43,25.64,0.45,2.77,0.46,107.95,0.01,0.01,2328.764218,1776395481000
1776395483.338,83.338,0.54,114.95,0.52,42.52,0.55,28.71,0.56,7.53,0.45,28.81,0.44,7.53,0.46,119.95,0.47,10.0,0.01,0.01,2328.749409,1776395482000
1776395484.365,84.365,0.52,102.55,0.51,247.72,0.54,19.48,0.55,31.71,0.45,28.71,0.44,7.53,0.46,114.95,0.48,42.52,0.02,0.01,2328.749409,1776395482000
1776395484.8,84.8,0.53,15.0,0.52,114.07,0.55,19.01,0.56,7.53,0.46,19.48,0.45,31.71,0.48,102.55,0.49,247.72,0.02,0.02,2328.74455,1776395483000
1776395487.154,87.154,0.54,69.35,0.53,36.52,0.56,5.0,0.57,13.0,0.45,19.01,0.44,7.53,0.47,15.0,0.48,114.07,0.02,0.02,2328.737183,1776395486000
1776395487.659,87.659,0.56,22.0,0.55,10.0,0.57,9.5,0.58,13.72,0.44,5.0,0.43,13.0,0.46,69.35,0.47,36.52,0.01,0.02,2328.737183,1776395486000
1776395488.057,88.057,0.56,5.63,0.55,26.52,0.57,9.5,0.58,13.72,0.43,9.5,0.42,13.72,0.44,22.0,0.45,10.0,0.01,0.01,2328.737183,1776395486000
1776395488.357,88.357,0.56,10.63,0.55,26.52,0.57,0.72,0.58,13.72,0.43,9.5,0.42,13.72,0.44,5.63,0.45,26.52,0.01,0.01,2328.737474,1776395487000
1776395490.071,90.071,0.62,48.0,0.61,20.0,0.63,19.79,0.64,10.0,0.43,0.72,0.42,13.72,0.44,10.63,0.45,26.52,0.01,0.01,2328.739987,1776395489000
1776395490.751,90.751,0.63,14.0,0.62,20.0,0.64,20.0,0.65,38.0,0.37,19.79,0.36,10.0,0.38,48.0,0.39,20.0,0.01,0.01,2328.739987,1776395489000
1776395492.606,92.606,0.62,20.0,0.61,20.0,0.63,20.0,0.64,46.04,0.36,20.0,0.35,38.0,0.37,14.0,0.38,20.0,0.01,0.01,2328.925275,1776395491000
1776395493.146,93.146,0.62,25.0,0.61,20.0,0.63,7.0,0.64,36.04,0.37,20.0,0.36,46.04,0.38,20.0,0.39,20.0,0.01,0.01,2328.946575,1776395492000
1776395493.455,93.455,0.63,15.0,0.62,20.0,0.64,28.22,0.65,20.0,0.37,7.0,0.36,36.04,0.38,25.0,0.39,20.0,0.01,0.01,2328.946575,1776395492000
1776395494.354,94.354,0.63,7.02,0.62,25.0,0.64,32.22,0.65,10.0,0.36,28.22,0.35,20.0,0.37,15.0,0.38,20.0,0.01,0.01,2328.947675,1776395493000
1776395494.82,94.82,0.62,17.5,0.61,25.0,0.64,37.22,0.65,20.0,0.36,32.22,0.35,10.0,0.37,7.02,0.38,25.0,0.02,0.01,2328.947675,1776395493000
1776395495.683,95.683,0.56,47.53,0.54,5.0,0.58,52.0,0.59,28.0,0.36,37.22,0.35,20.0,0.38,17.5,0.39,25.0,0.02,0.02,2328.949225,1776395494000
1776395498.314,98.314,0.51,173.87,0.48,5.0,0.53,75.0,0.54,35.0,0.43,15.0,0.42,45.0,0.44,42.53,0.46,5.0,0.02,0.01,2328.949345,1776395496000
1776395498.532,98.532,0.51,158.87,0.5,11.52,0.52,86.28,0.53,101.2,0.48,64.0,0.47,101.2,0.49,158.87,0.5,11.52,0.01,0.01,2328.949345,1776395496000
1776395498.927,98.927,0.51,148.66,0.49,11.52,0.52,101.28,0.53,82.0,0.48,86.28,0.47,101.2,0.49,158.87,0.5,11.52,0.01,0.01,2328.75213,1776395497000
1776395499.37,99.37,0.51,138.45,0.49,11.52,0.52,101.28,0.53,82.0,0.48,101.28,0.47,82.0,0.49,148.66,0.51,11.52,0.01,0.01,2328.7744,1776395498000
1776395499.716,99.716,0.51,112.24,0.49,11.52,0.52,88.28,0.53,82.0,0.48,96.28,0.47,82.0,0.49,122.45,0.51,11.52,0.01,0.01,2328.7744,1776395498000
1776395500.09,100.09,0.51,112.24,0.49,11.52,0.52,82.37,0.53,82.0,0.48,88.28,0.47,82.0,0.49,112.24,0.51,11.52,0.01,0.01,2328.7744,1776395498000
1776395501.562,101.562,0.51,102.24,0.48,10.0,0.52,58.37,0.53,68.0,0.48,82.37,0.47,82.0,0.49,104.24,0.51,11.52,0.01,0.01,2328.627365,1776395500000
1776395503.251,103.251,0.51,167.24,0.5,15.0,0.56,23.0,0.57,25.0,0.48,58.37,0.47,68.0,0.49,102.24,0.52,10.0,0.05,0.01,2328.494885,1776395502000
1776395503.633,103.633,0.55,31.0,0.54,5.0,0.57,14.96,0.58,15.0,0.44,23.0,0.43,25.0,0.49,167.24,0.5,15.0,0.02,0.05,2328.494885,1776395502000
1776395504.342,104.342,0.55,19.86,0.54,5.0,0.56,10.0,0.57,14.96,0.43,14.96,0.42,15.0,0.45,31.0,0.46,5.0,0.01,0.02,2328.496883,1776395503000
1776395504.754,104.754,0.55,14.86,0.54,5.0,0.56,15.0,0.57,14.96,0.44,10.0,0.43,14.96,0.45,19.86,0.46,5.0,0.01,0.01,2328.496883,1776395503000
1776395505.288,105.288,0.55,4.86,0.54,5.0,0.56,6.07,0.57,60.43,0.44,15.0,0.43,14.96,0.45,9.86,0.46,5.0,0.01,0.01,2328.58822,1776395504000
1776395505.635,105.635,0.55,9.86,0.54,5.0,0.57,60.7,0.58,28.0,0.44,6.07,0.43,60.43,0.45,4.86,0.46,5.0,0.02,0.01,2328.58822,1776395504000
1776395512.952,112.952,0.52,13.0,0.51,153.24,0.54,83.96,0.55,25.0,0.43,60.7,0.42,28.0,0.45,9.86,0.46,5.0,0.02,0.02,2328.595165,1776395511000
1776395513.237,113.237,0.51,126.75,0.46,65.04,0.52,83.0,0.53,48.0,0.47,48.0,0.46,15.0,0.49,144.75,0.51,5.0,0.01,0.02,2328.595165,1776395511000
1776395515.005,115.005,0.51,126.75,0.5,5.0,0.52,88.0,0.53,48.0,0.48,83.0,0.47,48.0,0.49,126.75,0.54,65.04,0.01,0.01,2328.598925,1776395513000
1776395517.06,117.06,0.51,71.75,0.5,5.0,0.52,150.0,0.53,92.72,0.48,88.0,0.47,48.0,0.49,126.75,0.5,5.0,0.01,0.01,2328.48754,1776395516000
1776395517.654,117.654,0.4,11.52,0.36,55.0,0.41,72.56,0.42,68.0,0.58,15.0,0.57,15.0,0.59,38.2,0.64,50.0,0.01,0.01,2328.48754,1776395516000
1776395518.022,118.022,0.39,1.52,0.36,55.0,0.4,47.0,0.41,60.56,0.59,72.56,0.58,68.0,0.61,1.52,0.64,55.0,0.01,0.02,2328.48754,1776395516000
1776395518.453,118.453,0.36,65.0,0.35,52.0,0.37,3.51,0.38,20.0,0.6,47.0,0.59,60.56,0.64,55.0,0.65,52.0,0.01,0.04,2328.48754,1776395516000
1776395518.861,118.861,0.36,65.0,0.35,52.0,0.39,53.0,0.4,35.0,0.61,23.0,0.6,35.0,0.64,70.0,0.65,52.0,0.03,0.03,2328.393979,1776395517000
1776395519.228,119.228,0.37,12.06,0.36,65.0,0.38,19.6,0.39,48.0,0.62,14.6,0.61,53.0,0.64,65.0,0.65,52.0,0.01,0.02,2328.327481,1776395518000
1776395520.097,120.097,0.37,19.87,0.36,70.0,0.39,43.0,0.4,35.0,0.62,14.6,0.61,48.0,0.63,5.54,0.64,70.0,0.02,0.01,2328.327481,1776395518000
1776395520.378,120.378,0.38,25.0,0.37,5.54,0.4,20.0,0.41,20.0,0.61,43.0,0.6,35.0,0.63,19.87,0.64,70.0,0.02,0.02,2328.18283,1776395519000
1776395520.603,120.603,0.39,1.8,0.38,20.0,0.4,12.18,0.41,20.0,0.6,12.18,0.59,20.0,0.62,20.0,0.63,5.54,0.01,0.02,2328.18283,1776395519000
1776395521.573,121.573,0.39,15.0,0.38,12.27,0.41,5.59,0.42,5.0,0.6,17.18,0.59,20.0,0.62,12.27,0.63,5.54,0.02,0.02,2328.115539,1776395520000
1776395523.165,123.165,0.49,1.89,0.48,5.0,0.5,22.0,0.51,83.71,0.59,5.59,0.58,5.0,0.61,15.0,0.62,12.27,0.01,0.02,2328.117957,1776395521000
1776395524.784,124.784,0.49,1.89,0.48,5.0,0.5,7.0,0.51,25.0,0.5,22.0,0.49,83.71,0.51,1.89,0.52,5.0,0.01,0.01,2328.347217,1776395523000
1776395525.082,125.082,0.48,1.89,0.47,11.0,0.5,27.0,0.51,58.51,0.5,7.0,0.49,25.0,0.51,1.89,0.52,5.0,0.02,0.01,2328.347217,1776395523000
1776395525.41,125.41,0.46,82.89,0.45,85.0,0.49,15.0,0.5,15.0,0.5,27.0,0.49,58.51,0.52,1.89,0.53,11.0,0.03,0.02,2328.402246,1776395524000
1776395526.683,126.683,0.48,12.0,0.46,91.89,0.49,10.0,0.5,10.0,0.51,15.0,0.5,15.0,0.54,82.89,0.55,85.0,0.01,0.03,2328.427757,1776395525000
1776395527.179,127.179,0.48,17.0,0.46,91.89,0.49,5.0,0.5,10.0,0.51,10.0,0.5,10.0,0.52,12.0,0.54,91.89,0.01,0.01,2328.439408,1776395526000
1776395529.321,129.321,0.48,12.0,0.47,5.0,0.49,48.89,0.5,15.0,0.51,5.0,0.5,10.0,0.52,17.0,0.54,91.89,0.01,0.01,2328.449353,1776395528000
1776395533.675,133.675,0.49,25.0,0.48,149.0,0.55,5.0,0.56,5.0,0.51,48.89,0.5,15.0,0.52,12.0,0.53,5.0,0.06,0.01,2328.420646,1776395532000
1776395533.992,133.992,0.56,22.0,0.55,6.0,0.57,20.18,0.58,15.0,0.43,13.22,0.42,10.0,0.5,5.0,0.51,20.0,0.01,0.07,2328.429688,1776395533000
1776395534.667,134.667,0.55,6.0,0.54,6.0,0.56,28.25,0.57,15.18,0.43,15.18,0.42,20.0,0.45,6.0,0.46,6.0,0.01,0.02,2328.429688,1776395533000
1776395534.877,134.877,0.55,1.0,0.54,6.0,0.56,23.25,0.57,15.18,0.44,28.25,0.43,15.18,0.45,6.0,0.46,6.0,0.01,0.01,2328.429688,1776395533000
1776395536.998,136.998,0.54,2.0,0.5,10.0,0.56,34.0,0.57,27.18,0.44,23.25,0.43,15.18,0.45,1.0,0.46,6.0,0.02,0.01,2328.592696,1776395535000
1776395537.339,137.339,0.48,67.0,0.47,80.0,0.55,42.0,0.56,22.0,0.44,34.0,0.43,27.18,0.46,2.0,0.5,10.0,0.07,0.02,2328.588889,1776395536000
1776395539.164,139.164,0.47,5.0,0.46,65.0,0.48,4.58,0.49,17.95,0.51,17.95,0.5,15.0,0.52,67.0,0.53,80.0,0.01,0.01,2328.56479,1776395538000
1776395540.457,140.457,0.47,10.0,0.46,65.0,0.48,14.58,0.49,15.0,0.52,4.58,0.51,17.95,0.53,5.0,0.54,65.0,0.01,0.01,2328.531946,1776395539000
1776395545.13,145.13,0.47,15.0,0.46,65.0,0.48,3.74,0.49,15.0,0.52,14.58,0.51,15.0,0.53,10.0,0.54,65.0,0.01,0.01,2328.490665,1776395543000
1776395546.969,146.969,0.47,20.0,0.46,65.0,0.48,32.91,0.49,10.0,0.52,3.74,0.51,15.0,0.53,15.0,0.54,65.0,0.01,0.01,2328.492206,1776395545000
1776395549.256,149.256,0.48,18.07,0.47,25.0,0.49,48.0,0.5,10.0,0.52,32.91,0.51,10.0,0.53,20.0,0.54,65.0,0.01,0.01,2328.490705,1776395548000
1776395551.22,151.22,0.48,18.07,0.47,25.0,0.49,22.0,0.5,10.0,0.51,48.0,0.5,10.0,0.52,18.07,0.53,25.0,0.01,0.01,2328.481354,1776395549000
1776395551.82,151.82,0.48,13.35,0.47,25.0,0.5,28.0,0.51,15.0,0.51,22.0,0.5,10.0,0.52,18.07,0.53,25.0,0.02,0.01,2328.479438,1776395550000
1776395552.235,152.235,0.48,9.5,0.47,25.0,0.5,28.0,0.51,15.0,0.5,28.0,0.49,15.0,0.52,13.35,0.53,25.0,0.02,0.02,2328.479438,1776395550000
1776395555.186,155.186,0.51,15.0,0.5,10.0,0.52,7.59,0.53,15.0,0.5,28.0,0.49,15.0,0.52,9.5,0.53,25.0,0.01,0.02,2328.510868,1776395553000
1776395556.362,156.362,0.51,20.0,0.5,15.0,0.52,22.95,0.53,15.0,0.48,7.59,0.47,15.0,0.49,15.0,0.5,10.0,0.01,0.01,2328.522915,1776395555000
1776395560.737,160.737,0.51,7.95,0.5,10.0,0.52,34.66,0.53,15.0,0.48,22.95,0.47,15.0,0.49,20.0,0.5,15.0,0.01,0.01,2328.518249,1776395559000
1776395562.256,162.256,0.51,7.95,0.5,10.0,0.52,60.66,0.53,38.79,0.48,34.66,0.47,15.0,0.49,7.95,0.5,10.0,0.01,0.01,2328.57597,1776395560000
1776395562.922,162.922,0.45,30.24,0.44,80.99,0.52,55.66,0.53,38.79,0.48,60.66,0.47,38.79,0.49,7.95,0.5,10.0,0.07,0.01,2328.511097,1776395561000
1776395563.953,163.953,0.47,9.97,0.46,10.0,0.48,20.05,0.49,15.0,0.48,55.66,0.47,38.79,0.55,30.24,0.56,80.99,0.01,0.07,2328.515012,1776395562000
1776395566.651,166.651,0.46,11.35,0.45,47.24,0.48,25.05,0.49,15.0,0.52,20.05,0.51,15.0,0.53,9.97,0.54,10.0,0.02,0.01,2328.51483,1776395565000
1776395567.685,167.685,0.47,10.0,0.46,11.35,0.48,19.63,0.49,15.0,0.52,25.05,0.51,15.0,0.54,11.35,0.55,47.24,0.01,0.02,2328.521729,1776395566000
1776395569.311,169.311,0.47,15.0,0.46,11.35,0.48,30.21,0.49,15.0,0.52,19.63,0.51,15.0,0.53,10.0,0.54,11.35,0.01,0.01,2328.521317,1776395568000
1776395570.993,170.993,0.47,20.0,0.46,11.35,0.48,3.79,0.49,15.0,0.52,30.21,0.51,15.0,0.53,15.0,0.54,11.35,0.01,0.01,2328.522265,1776395569000
1776395573.897,173.897,0.52,20.0,0.51,85.0,0.58,10.0,0.6,10.0,0.52,3.79,0.51,15.0,0.53,20.0,0.54,11.35,0.06,0.01,2328.514088,1776395572000
1776395574.119,174.119,0.58,166.0,0.57,75.0,0.64,3.35,0.65,2.73,0.35,2.73,0.34,50.0,0.42,65.0,0.43,70.0,0.06,0.07,2328.514088,1776395572000
1776395574.731,174.731,0.67,114.99,0.66,29.0,0.68,5.0,0.69,10.0,0.36,3.35,0.35,2.73,0.42,166.0,0.43,75.0,0.01,0.06,2328.516086,1776395573000
1776395575.116,175.116,0.68,105.99,0.67,47.0,0.69,10.0,0.7,5.0,0.31,10.0,0.3,5.0,0.33,104.99,0.34,29.0,0.01,0.02,2328.516086,1776395573000
1776395576.735,176.735,0.68,43.0,0.67,33.0,0.69,91.28,0.7,5.0,0.31,10.0,0.3,5.0,0.32,105.99,0.33,47.0,0.01,0.01,2329.041248,1776395575000
1776395577.133,177.133,0.68,43.0,0.67,33.0,0.69,91.28,0.7,5.0,0.31,91.28,0.3,5.0,0.32,43.0,0.33,33.0,0.01,0.01,2329.041248,1776395575000
1776395578.539,178.539,0.7,10.0,0.69,8.0,0.73,48.0,0.74,5.0,0.31,91.28,0.3,5.0,0.32,43.0,0.33,33.0,0.03,0.01,2329.076964,1776395577000
1776395578.895,178.895,0.7,57.85,0.68,38.0,0.73,21.17,0.74,5.0,0.27,38.01,0.26,5.0,0.3,10.0,0.31,8.0,0.03,0.03,2329.076964,1776395577000
1776395579.183,179.183,0.72,51.0,0.71,10.0,0.77,5.0,0.78,6.0,0.27,7.02,0.25,30.0,0.28,18.0,0.29,10.0,0.05,0.01,2329.077021,1776395578000
1776395580.262,180.262,0.8,10.0,0.79,10.0,0.81,59.74,0.85,43.2,0.19,59.74,0.15,43.2,0.27,10.0,0.28,43.0,0.01,0.08,2329.097251,1776395579000
1776395580.612,180.612,0.79,10.0,0.78,16.14,0.81,59.74,0.85,43.2,0.19,59.74,0.15,43.2,0.2,4.0,0.21,10.0,0.02,0.01,2329.097251,1776395579000
1776395580.889,180.889,0.8,20.0,0.79,62.99,0.85,43.2,0.86,79.9,0.19,57.94,0.15,43.2,0.2,15.0,0.21,62.99,0.05,0.01,2329.097251,1776395579000
1776395581.288,181.288,0.83,4.11,0.82,10.0,0.85,53.2,0.86,79.9,0.15,43.2,0.14,79.9,0.2,20.0,0.21,62.99,0.02,0.05,2329.553321,1776395580000
1776395581.752,181.752,0.84,69.0,0.83,4.11,0.85,43.02,0.86,79.9,0.15,53.2,0.14,79.9,0.17,4.11,0.18,10.0,0.01,0.02,2329.553321,1776395580000
1776395582.173,182.173,0.84,49.62,0.83,4.11,0.85,110.05,0.86,85.9,0.15,43.02,0.14,85.9,0.16,64.62,0.17,4.11,0.01,0.01,2329.553321,1776395580000
1776395583.079,183.079,0.84,64.62,0.83,4.11,0.85,71.13,0.87,38.07,0.15,88.43,0.14,95.9,0.16,49.62,0.17,4.11,0.01,0.01,2329.641969,1776395581000
1776395583.566,183.566,0.84,43.37,0.83,64.1,0.85,71.13,0.86,10.0,0.15,71.13,0.13,38.07,0.16,64.62,0.17,4.11,0.01,0.01,2329.646756,1776395582000
1776395583.88,183.88,0.84,42.12,0.83,64.1,0.85,71.13,0.86,10.0,0.15,71.13,0.14,10.0,0.16,43.37,0.17,64.1,0.01,0.01,2329.673428,1776395583000
1776395584.093,184.093,0.8,0.62,0.79,17.0,0.85,76.13,0.86,10.0,0.15,71.13,0.14,10.0,0.16,42.12,0.17,64.1,0.05,0.01,2329.673428,1776395583000
1776395584.586,184.586,0.84,3.12,0.83,10.0,0.85,76.13,0.87,48.07,0.15,76.13,0.14,10.0,0.2,0.62,0.21,17.0,0.01,0.05,2329.673428,1776395583000
1776395585.114,185.114,0.84,6.55,0.83,19.14,0.86,153.69,0.87,48.07,0.15,76.13,0.13,48.07,0.16,3.12,0.17,10.0,0.02,0.01,2329.741405,1776395584000
1776395585.909,185.909,0.85,15.0,0.84,3.12,0.86,158.87,0.87,48.07,0.14,153.69,0.13,48.07,0.16,6.55,0.17,19.14,0.01,0.02,2329.729445,1776395585000
1776395586.186,186.186,0.85,5.0,0.84,3.12,0.86,158.87,0.87,48.07,0.14,158.87,0.13,48.07,0.15,15.0,0.16,3.12,0.01,0.01,2329.729445,1776395585000
1776395587.03,187.03,0.85,7.66,0.84,1.55,0.86,158.87,0.87,48.07,0.14,153.87,0.13,48.07,0.16,6.55,0.17,10.0,0.01,0.02,2329.728945,1776395586000
1776395587.485,187.485,0.85,7.66,0.84,1.55,0.86,146.87,0.87,64.07,0.14,158.87,0.13,48.07,0.15,7.66,0.16,1.55,0.01,0.01,2329.728945,1776395586000
1776395587.939,187.939,0.85,17.32,0.84,1.55,0.86,6.0,0.87,6.27,0.14,116.87,0.13,64.07,0.15,7.66,0.16,1.55,0.01,0.01,2329.728945,1776395586000
1776395588.349,188.349,0.85,0.32,0.84,1.55,0.86,13.69,0.87,6.27,0.14,6.0,0.13,6.27,0.15,17.32,0.16,1.55,0.01,0.01,2329.72143,1776395587000
1776395589.054,189.054,0.85,183.65,0.84,10.0,0.88,203.94,0.89,46.79,0.14,13.69,0.13,6.27,0.15,3.0,0.16,15.0,0.03,0.01,2329.72143,1776395587000
1776395589.571,189.571,0.85,178.65,0.84,10.0,0.87,15.0,0.88,203.94,0.12,203.94,0.11,46.79,0.15,183.65,0.16,10.0,0.02,0.03,2329.720887,1776395588000
1776395590.089,190.089,0.85,188.65,0.84,20.0,0.88,195.8,0.89,46.79,0.13,15.0,0.12,203.94,0.15,178.65,0.16,10.0,0.03,0.02,2329.720887,1776395588000
1776395591.408,191.408,0.85,176.05,0.84,10.0,0.86,5.0,0.87,15.0,0.12,195.8,0.11,46.79,0.15,188.65,0.16,20.0,0.01,0.03,2329.75218,1776395589000
1776395592.817,192.817,0.86,5.0,0.85,176.05,0.87,15.0,0.88,36.92,0.14,5.0,0.13,15.0,0.15,176.05,0.16,10.0,0.01,0.01,2329.76699,1776395591000
1776395593.366,193.366,0.87,10.0,0.86,35.0,0.91,60.75,0.92,170.9,0.13,15.0,0.12,36.92,0.14,5.0,0.15,176.05,0.04,0.01,2329.751908,1776395592000
1776395593.831,193.831,0.88,10.0,0.87,15.0,0.9,0.81,0.91,26.75,0.11,1.39,0.09,60.75,0.13,20.0,0.14,35.0,0.02,0.02,2329.751908,1776395592000
1776395594.263,194.263,0.88,57.14,0.87,170.08,0.9,10.0,0.91,85.86,0.1,0.81,0.09,26.75,0.12,10.0,0.13,15.0,0.02,0.02,2329.751908,1776395592000
1776395594.717,194.717,0.89,10.0,0.88,70.14,0.9,8.88,0.91,129.86,0.1,10.0,0.09,85.86,0.12,57.14,0.13,170.08,0.01,0.02,2329.75148,1776395593000
1776395595.473,195.473,0.89,10.9,0.88,45.0,0.9,7.0,0.91,129.86,0.1,8.32,0.09,129.86,0.11,15.0,0.12,60.0,0.01,0.01,2329.823146,1776395594000
1776395597.075,197.075,0.88,72.0,0.87,26.0,0.89,5.42,0.9,7.0,0.11,11.1,0.1,7.0,0.12,45.0,0.13,146.94,0.01,0.01,2329.92447,1776395596000
1776395597.314,197.314,0.88,67.0,0.87,26.0,0.9,7.0,0.91,129.86,0.11,5.42,0.1,7.0,0.12,72.0,0.13,26.0,0.02,0.01,2329.92447,1776395596000
1776395598.922,198.922,0.89,32.9,0.88,57.0,0.9,7.0,0.91,6.75,0.1,7.0,0.09,129.86,0.12,67.0,0.13,26.0,0.01,0.02,2329.953265,1776395598000
1776395599.72,199.72,0.9,10.0,0.89,99.34,0.92,110.41,0.93,14.0,0.1,7.0,0.09,6.75,0.11,32.9,0.12,57.0,0.02,0.01,2329.953265,1776395598000
1776395600.544,200.544,0.91,5.0,0.9,39.0,0.92,65.23,0.93,14.0,0.08,60.23,0.07,14.0,0.1,20.0,0.11,94.34,0.01,0.02,2330.056175,1776395599000
1776395600.766,200.766,0.91,74.0,0.9,80.65,0.92,23.58,0.93,14.0,0.08,25.76,0.07,14.0,0.09,15.0,0.1,23.65,0.01,0.01,2330.056175,1776395599000
1776395601.024,201.024,0.91,74.0,0.9,80.65,0.92,1.9,0.93,14.0,0.08,3.09,0.07,14.0,0.09,79.0,0.1,80.65,0.01,0.01,2330.10909,1776395600000
1776395601.374,201.374,0.93,32.78,0.92,21.0,0.94,21.47,0.95,26.67,0.06,30.47,0.05,26.67,0.09,65.02,0.1,80.65,0.01,0.03,2330.10909,1776395600000
1776395602.1,202.1,0.93,125.0,0.92,121.0,0.94,134.06,0.95,26.67,0.06,136.15,0.05,26.67,0.07,132.78,0.08,121.0,0.01,0.01,2330.304236,1776395601000
1776395602.303,202.303,0.93,100.56,0.92,151.0,0.94,121.42,0.95,26.67,0.06,121.42,0.05,26.67,0.07,125.0,0.08,121.0,0.01,0.01,2330.304236,1776395601000
1776395602.563,202.563,0.93,105.56,0.92,175.0,0.94,125.35,0.95,36.67,0.06,121.42,0.05,26.67,0.07,100.56,0.08,151.0,0.01,0.01,2330.304236,1776395601000
1776395604.041,204.041,0.92,5.0,0.91,14.02,0.93,18.67,0.94,32.0,0.06,112.9,0.05,36.67,0.07,100.56,0.08,151.0,0.01,0.01,2330.481625,1776395603000
1776395605.748,205.748,0.92,21.0,0.91,61.02,0.93,90.73,0.94,27.0,0.07,18.67,0.06,32.0,0.08,5.0,0.09,14.02,0.01,0.01,2330.4765,1776395604000
1776395607.359,207.359,0.92,15.0,0.91,51.02,0.93,72.73,0.94,10.0,0.07,90.73,0.06,27.0,0.08,21.0,0.09,61.02,0.01,0.01,2330.39023,1776395605000
1776395608.32,208.32,0.92,7.5,0.91,73.02,0.93,72.73,0.94,10.0,0.07,72.73,0.06,10.0,0.08,15.0,0.09,51.02,0.01,0.01,2330.331255,1776395607000
1776395608.709,208.709,0.91,61.9,0.9,84.0,0.93,72.73,0.94,10.0,0.07,72.73,0.06,10.0,0.08,7.5,0.09,73.02,0.02,0.01,2330.331255,1776395607000
1776395609.075,209.075,0.92,4.69,0.91,82.9,0.93,57.73,0.94,10.0,0.07,72.73,0.06,10.0,0.09,61.9,0.1,84.0,0.01,0.02,2330.331255,1776395607000
1776395609.408,209.408,0.92,9.69,0.91,131.9,0.93,12.92,0.94,10.0,0.07,57.73,0.06,10.0,0.08,4.69,0.09,82.9,0.01,0.01,2330.331255,1776395607000
1776395610.14,210.14,0.93,138.0,0.92,187.69,0.94,129.68,0.95,36.67,0.07,12.92,0.06,10.0,0.08,9.69,0.09,131.9,0.01,0.01,2330.33345,1776395609000
1776395612.689,212.689,0.92,150.65,0.91,114.9,0.94,151.68,0.95,112.47,0.06,129.68,0.05,36.67,0.07,138.0,0.08,187.69,0.02,0.01,2330.518029,1776395611000
1776395614.018,214.018,0.92,32.65,0.91,44.9,0.93,25.0,0.94,73.48,0.06,146.68,0.05,117.47,0.08,150.55,0.09,114.9,0.01,0.02,2330.518394,1776395612000
1776395616.06,216.06,0.91,24.69,0.9,43.0,0.93,39.0,0.94,9.68,0.07,63.0,0.06,68.48,0.12,5.65,0.13,46.8,0.02,0.05,2330.352965,1776395614000
1776395616.793,216.793,0.91,24.69,0.9,43.0,0.92,48.0,0.93,29.0,0.07,39.0,0.06,9.68,0.09,24.69,0.1,43.0,0.01,0.02,2330.132157,1776395615000
1776395617.641,217.641,0.91,40.68,0.9,49.0,0.92,58.0,0.93,29.0,0.08,48.0,0.07,29.0,0.09,24.69,0.1,43.0,0.01,0.01,2330.348373,1776395616000
1776395619.08,219.08,0.91,86.68,0.9,49.0,0.92,45.82,0.93,29.0,0.08,58.0,0.07,29.0,0.09,40.68,0.1,49.0,0.01,0.01,2330.349078,1776395617000
1776395619.97,219.97,0.92,94.0,0.91,95.68,0.93,55.92,0.94,4.68,0.08,45.82,0.07,29.0,0.09,86.68,0.1,49.0,0.01,0.01,2330.149692,1776395618000
1776395621.023,221.023,0.92,26.5,0.91,86.68,0.93,55.92,0.94,4.68,0.07,55.92,0.06,4.68,0.08,94.0,0.09,95.68,0.01,0.01,2330.193744,1776395619000
1776395621.962,221.962,0.91,5.12,0.9,113.0,0.92,10.0,0.93,60.54,0.07,60.54,0.06,4.68,0.08,26.5,0.09,86.68,0.01,0.01,2330.19892,1776395620000
1776395624.27,224.27,0.91,139.27,0.9,128.0,0.92,8.91,0.93,22.54,0.08,10.0,0.07,60.54,0.09,5.12,0.1,113.0,0.01,0.01,2330.30084,1776395623000
1776395626.634,226.634,0.92,52.52,0.91,121.27,0.93,22.54,0.94,4.68,0.08,8.91,0.07,22.54,0.09,139.27,0.1,128.0,0.01,0.01,2330.21263,1776395625000
1776395626.959,226.959,0.92,57.52,0.91,121.27,0.93,0.86,0.94,48.68,0.07,22.54,0.06,4.68,0.08,52.52,0.09,121.27,0.01,0.01,2330.21263,1776395625000
1776395627.833,227.833,0.92,35.52,0.91,46.15,0.93,91.0,0.94,19.68,0.07,0.86,0.06,48.68,0.08,57.52,0.09,121.27,0.01,0.01,2330.265159,1776395626000
1776395628.167,228.167,0.89,91.82,0.84,52.0,0.9,54.0,0.91,80.0,0.1,28.88,0.09,27.0,0.11,112.36,0.15,33.2,0.01,0.01,2330.265159,1776395626000
1776395628.37,228.37,0.78,4.54,0.77,10.0,0.79,13.0,0.85,10.0,0.21,13.0,0.14,45.71,0.22,15.0,0.23,10.0,0.01,0.01,2330.205909,1776395627000
1776395628.663,228.663,0.78,9.54,0.77,10.0,0.79,6.91,0.82,5.0,0.21,13.0,0.19,15.0,0.22,15.44,0.23,10.0,0.01,0.01,2330.205909,1776395627000
1776395628.9,228.9,0.78,19.54,0.77,23.0,0.84,1.91,0.85,15.0,0.21,9.91,0.18,5.0,0.22,18.54,0.23,23.0,0.06,0.01,2330.205909,1776395627000
1776395629.167,229.167,0.82,10.0,0.81,10.0,0.85,2.02,0.86,15.0,0.15,15.0,0.14,20.0,0.22,19.54,0.23,23.0,0.03,0.07,2330.205909,1776395627000
1776395629.512,229.512,0.82,8.94,0.81,15.0,0.83,29.0,0.84,5.0,0.17,34.0,0.16,5.0,0.18,8.94,0.19,15.0,0.01,0.01,2330.208605,1776395628000
1776395629.742,229.742,0.81,12.93,0.8,24.0,0.83,5.0,0.84,5.0,0.17,29.0,0.16,5.0,0.18,3.38,0.19,15.0,0.02,0.01,2330.208605,1776395628000
1776395630.324,230.324,0.81,5.0,0.8,5.0,0.83,15.0,0.84,30.0,0.16,2.92,0.15,12.02,0.18,10.0,0.19,12.93,0.02,0.02,2329.776425,1776395629000
1776395631.232,231.232,0.79,144.32,0.78,10.0,0.82,10.0,0.83,15.0,0.17,15.0,0.16,30.0,0.19,5.0,0.2,5.0,0.03,0.02,2329.776425,1776395629000
1776395631.691,231.691,0.8,12.5,0.79,173.68,0.83,5.64,0.84,15.0,0.18,10.0,0.17,15.0,0.21,144.32,0.22,10.0,0.03,0.03,2329.578699,1776395630000
1776395632.207,232.207,0.79,19.34,0.78,10.0,0.81,10.0,0.82,10.0,0.18,10.0,0.17,5.64,0.21,13.87,0.22,10.0,0.02,0.03,2329.555884,1776395631000
1776395632.517,232.517,0.8,10.0,0.79,14.34,0.82,10.0,0.83,5.64,0.19,1.12,0.18,10.0,0.21,19.34,0.22,10.0,0.02,0.02,2329.555884,1776395631000
1776395633.068,233.068,0.79,4.34,0.78,10.0,0.81,10.0,0.82,15.0,0.18,10.0,0.17,5.64,0.2,10.0,0.21,14.34,0.02,0.02,2329.555884,1776395631000
1776395633.416,233.416,0.8,26.86,0.79,10.65,0.81,9.76,0.82,10.0,0.19,10.0,0.18,15.0,0.21,4.34,0.22,10.0,0.01,0.02,2329.487988,1776395632000
1776395634.355,234.355,0.8,26.86,0.79,6.31,0.81,6.38,0.82,15.0,0.17,5.64,0.16,15.0,0.2,36.86,0.21,10.65,0.01,0.03,2329.467568,1776395633000
1776395635.449,235.449,0.8,31.86,0.79,16.31,0.81,9.61,0.82,10.0,0.19,6.38,0.18,15.0,0.2,26.86,0.21,6.31,0.01,0.01,2329.467568,1776395633000
1776395636.146,236.146,0.8,18.86,0.79,6.31,0.81,79.61,0.82,20.0,0.19,9.61,0.18,10.0,0.2,31.86,0.21,16.31,0.01,0.01,2329.443316,1776395635000
1776395636.629,236.629,0.79,6.31,0.76,5.12,0.8,9.8,0.81,64.61,0.19,79.61,0.18,20.0,0.21,6.31,0.29,10.0,0.01,0.02,2329.443316,1776395635000
1776395636.965,236.965,0.7,10.0,0.69,140.84,0.8,49.0,0.81,64.61,0.2,9.8,0.19,64.61,0.21,6.31,0.24,5.12,0.1,0.01,2329.443316,1776395635000
1776395637.365,237.365,0.7,10.0,0.69,140.84,0.71,3.06,0.72,10.0,0.2,49.0,0.19,64.61,0.3,10.0,0.31,140.84,0.01,0.1,2329.439684,1776395636000
1776395637.62,237.62,0.7,10.0,0.69,140.84,0.72,4.88,0.73,15.0,0.29,3.06,0.28,10.0,0.3,10.0,0.31,140.84,0.02,0.01,2329.439684,1776395636000
1776395638.071,238.071,0.71,10.0,0.7,10.0,0.72,6.54,0.73,15.0,0.28,3.71,0.27,15.0,0.3,10.0,0.31,140.84,0.01,0.02,2329.439684,1776395636000
1776395639.481,239.481,0.74,15.0,0.73,10.0,0.75,1.88,0.76,12.0,0.28,4.4,0.27,15.0,0.29,10.0,0.3,10.0,0.01,0.01,2329.298111,1776395638000
1776395640.045,240.045,0.77,14.6,0.76,22.0,0.79,5.0,0.81,55.0,0.21,14.51,0.2,10.0,0.26,10.0,0.27,10.0,0.02,0.05,2329.294051,1776395639000
1776395640.53,240.53,0.78,10.0,0.77,19.6,0.79,3.55,0.8,5.0,0.21,5.0,0.19,55.0,0.23,14.6,0.24,22.0,0.01,0.02,2329.294051,1776395639000
1776395641.007,241.007,0.78,5.9,0.77,14.6,0.81,78.66,0.82,39.4,0.19,33.66,0.18,44.4,0.2,10.0,0.21,10.0,0.03,0.01,2329.294051,1776395639000
1776395641.304,241.304,0.79,16.33,0.78,10.9,0.8,7.5,0.81,88.66,0.19,78.66,0.18,39.4,0.22,5.9,0.23,14.6,0.01,0.03,2329.263743,1776395640000
1776395647.273,247.273,0.8,12.0,0.79,16.33,0.81,26.09,0.84,10.0,0.19,81.09,0.18,39.4,0.21,16.33,0.22,10.9,0.01,0.02,2329.27473,1776395646000
1776395647.594,247.594,0.8,2.0,0.79,16.33,0.81,37.87,0.83,10.0,0.19,26.09,0.16,10.0,0.2,12.0,0.21,16.33,0.01,0.01,2329.27473,1776395646000
1776395647.804,247.804,0.8,4.0,0.79,10.0,0.81,15.0,0.82,10.0,0.19,10.0,0.17,10.0,0.22,2.95,0.23,34.47,0.01,0.03,2329.27473,1776395646000
1776395648.222,248.222,0.77,34.24,0.76,60.0,0.8,10.0,0.81,10.0,0.19,15.0,0.18,10.0,0.2,4.0,0.21,10.0,0.03,0.01,2329.280379,1776395647000
1776395648.721,248.721,0.77,34.24,0.76,60.0,0.78,10.0,0.79,10.0,0.2,10.0,0.19,10.0,0.23,34.24,0.24,60.0,0.01,0.03,2329.280379,1776395647000
1776395650.558,250.558,0.8,10.0,0.79,10.0,0.83,24.99,0.84,36.8,0.21,1.5,0.2,10.0,0.23,34.24,0.24,60.0,0.03,0.02,2329.255776,1776395649000
1776395651.412,251.412,0.81,10.0,0.8,10.0,0.83,73.51,0.84,92.8,0.17,24.99,0.16,36.8,0.2,10.0,0.21,10.0,0.02,0.03,2329.25306,1776395650000
1776395651.754,251.754,0.81,10.0,0.8,10.0,0.83,54.59,0.84,36.8,0.17,73.51,0.16,92.8,0.19,10.0,0.2,10.0,0.02,0.02,2329.25306,1776395650000
1776395652.346,252.346,0.83,19.69,0.82,10.0,0.84,20.0,0.85,127.47,0.17,54.59,0.16,36.8,0.19,10.0,0.2,10.0,0.01,0.02,2329.25693,1776395651000
1776395652.779,252.779,0.83,13.93,0.82,10.0,0.85,123.15,0.86,39.9,0.15,118.15,0.14,39.9,0.17,14.69,0.18,10.0,0.02,0.02,2329.25693,1776395651000
1776395653.252,253.252,0.84,4.0,0.83,13.72,0.85,10.0,0.86,39.9,0.15,28.88,0.14,39.9,0.17,13.72,0.18,10.0,0.01,0.02,2329.25693,1776395651000
1776395653.469,253.469,0.84,4.0,0.83,13.72,0.86,35.55,0.87,41.8,0.15,10.0,0.14,39.9,0.16,4.0,0.17,13.72,0.02,0.01,2329.25693,1776395651000
1776395654.822,254.822,0.83,13.72,0.82,10.0,0.85,5.42,0.86,35.55,0.14,35.55,0.13,41.8,0.16,4.0,0.17,13.72,0.02,0.02,2329.26093,1776395653000
1776395655.781,255.781,0.84,10.0,0.83,13.72,0.87,32.73,0.88,79.1,0.15,5.42,0.14,35.55,0.17,13.72,0.18,10.0,0.03,0.02,2329.26692,1776395654000
1776395656.041,256.041,0.85,3.0,0.84,10.0,0.87,32.73,0.88,124.1,0.13,32.73,0.12,79.1,0.16,10.0,0.17,13.72,0.02,0.03,2329.26692,1776395654000
1776395657.95,257.95,0.84,10.0,0.83,18.72,0.85,8.82,0.86,10.0,0.13,32.73,0.12,124.1,0.15,3.0,0.16,10.0,0.01,0.02,2329.314419,1776395656000
1776395658.223,258.223,0.85,9.21,0.84,3.75,0.87,1.47,0.88,49.1,0.13,1.47,0.12,49.1,0.16,3.75,0.17,18.72,0.02,0.03,2329.247319,1776395657000
1776395658.556,258.556,0.85,2.21,0.84,3.75,0.87,1.47,0.88,49.1,0.13,1.47,0.12,49.1,0.15,9.21,0.16,3.75,0.02,0.02,2329.247319,1776395657000
1776395662.084,262.084,0.87,15.0,0.86,15.0,0.89,27.21,0.9,50.0,0.13,1.47,0.12,49.1,0.15,2.21,0.16,3.75,0.02,0.02,2329.24787,1776395660000
1776395662.626,262.626,0.89,47.0,0.88,20.0,0.9,84.44,0.93,55.3,0.11,24.21,0.1,140.0,0.12,10.0,0.13,15.0,0.01,0.01,2329.307765,1776395661000
1776395662.849,262.849,0.92,19.4,0.91,15.0,0.93,78.21,0.94,113.8,0.07,13.21,0.06,113.8,0.11,47.0,0.12,20.0,0.01,0.04,2329.307765,1776395661000
1776395663.626,263.626,0.92,19.4,0.91,15.0,0.93,142.83,0.94,113.8,0.07,78.21,0.06,113.8,0.08,19.4,0.09,15.0,0.01,0.01,2329.255355,1776395662000
1776395663.889,263.889,0.92,19.4,0.91,15.0,0.93,134.22,0.94,113.8,0.07,142.83,0.06,113.8,0.08,19.4,0.09,15.0,0.01,0.01,2329.255355,1776395662000
1776395664.098,264.098,0.92,19.4,0.91,15.0,0.93,132.06,0.94,113.8,0.07,134.22,0.06,113.8,0.08,19.4,0.09,15.0,0.01,0.01,2329.255355,1776395662000
1776395665.134,265.134,0.89,15.01,0.88,15.0,0.93,132.06,0.94,50.0,0.07,132.06,0.06,113.8,0.08,19.4,0.09,15.0,0.04,0.01,2329.322313,1776395664000
1776395668.558,268.558,0.92,15.0,0.91,20.0,0.93,119.34,0.94,60.0,0.07,130.1,0.06,60.0,0.08,10.0,0.09,15.0,0.01,0.01,2329.359652,1776395667000
1776395669.797,269.797,0.92,13.9,0.91,20.0,0.93,126.0,0.94,60.0,0.07,119.34,0.06,60.0,0.08,15.0,0.09,20.0,0.01,0.01,2329.351113,1776395668000
1776395670.792,270.792,0.92,13.9,0.91,70.0,0.93,113.65,0.94,60.0,0.07,126.0,0.06,60.0,0.08,13.9,0.09,20.0,0.01,0.01,2329.342287,1776395669000
1776395672.274,272.274,0.92,13.9,0.91,70.0,0.93,94.72,0.94,60.0,0.07,109.72,0.06,60.0,0.08,13.9,0.09,70.0,0.01,0.01,2329.33615,1776395671000
1776395672.492,272.492,0.92,13.9,0.91,70.0,0.93,78.6,0.94,60.0,0.07,94.72,0.06,60.0,0.08,13.9,0.09,70.0,0.01,0.01,2329.33615,1776395671000
1776395673.319,273.319,0.92,18.9,0.91,80.0,0.93,2.81,0.94,60.0,0.07,78.6,0.06,60.0,0.08,13.9,0.09,70.0,0.01,0.01,2329.336378,1776395672000
1776395673.942,273.942,0.92,2.02,0.91,70.0,0.94,50.0,0.95,42.12,0.07,2.81,0.06,60.0,0.08,18.9,0.09,80.0,0.02,0.01,2329.336378,1776395672000
1776395674.529,274.529,0.93,10.0,0.92,10.0,0.94,54.55,0.95,42.12,0.06,56.69,0.05,42.12,0.07,10.0,0.08,10.0,0.01,0.01,2329.33905,1776395673000
1776395675.4,275.4,0.93,5.0,0.92,10.0,0.94,54.55,0.95,42.12,0.06,54.55,0.05,42.12,0.07,10.0,0.08,10.0,0.01,0.01,2329.33905,1776395673000
1776395675.626,275.626,0.93,5.0,0.92,10.0,0.94,53.48,0.95,42.12,0.06,54.55,0.05,42.12,0.07,5.0,0.08,10.0,0.01,0.01,2329.337606,1776395674000
1776395677.485,277.485,0.91,60.55,0.9,40.0,0.94,70.48,0.95,42.12,0.06,53.48,0.05,42.12,0.07,5.0,0.08,10.0,0.03,0.01,2329.342437,1776395676000
1776395678.059,278.059,0.92,15.0,0.91,77.55,0.94,50.73,0.95,42.12,0.06,70.48,0.05,42.12,0.09,60.55,0.1,40.0,0.02,0.03,2329.342437,1776395676000
1776395680.002,280.002,0.93,15.0,0.92,15.0,0.94,47.66,0.95,42.12,0.06,50.73,0.05,42.12,0.08,15.0,0.09,77.55,0.01,0.02,2329.344552,1776395678000
1776395681.344,281.344,0.93,10.0,0.92,10.0,0.95,17.01,0.96,40.0,0.06,34.89,0.05,42.12,0.07,15.0,0.08,10.0,0.02,0.01,2329.363322,1776395680000
1776395682.959,282.959,0.93,10.0,0.92,10.0,0.95,6.48,0.96,40.0,0.05,17.01,0.04,40.0,0.07,10.0,0.08,10.0,0.02,0.02,2329.345455,1776395681000
1776395686.403,286.403,0.94,38.33,0.93,10.0,0.95,5.45,0.96,30.0,0.05,6.48,0.04,40.0,0.07,10.0,0.08,10.0,0.01,0.02,2329.341266,1776395685000
1776395687.388,287.388,0.95,24.55,0.94,18.33,0.96,55.0,0.97,141.0,0.05,5.45,0.04,30.0,0.06,38.33,0.07,10.0,0.01,0.01,2329.341266,1776395685000
1776395688.048,288.048,0.95,44.55,0.94,13.33,0.96,18.53,0.97,141.0,0.04,44.58,0.03,141.0,0.05,49.55,0.06,13.33,0.01,0.01,2329.351343,1776395686000
1776395688.306,288.306,0.95,20.06,0.94,23.33,0.96,18.53,0.97,141.0,0.04,18.53,0.03,141.0,0.05,44.55,0.06,13.33,0.01,0.01,2329.351398,1776395687000
1776395688.762,288.762,0.95,20.06,0.94,23.33,0.97,119.67,0.98,260.28,0.03,134.98,0.02,260.28,0.05,20.06,0.06,23.33,0.02,0.02,2329.351398,1776395687000
1776395689.498,289.498,0.95,25.06,0.94,18.33,0.97,106.66,0.98,260.28,0.03,116.97,0.02,260.28,0.05,20.06,0.06,13.33,0.02,0.02,2329.35225,1776395688000
1776395689.87,289.87,0.95,25.06,0.94,18.33,0.97,135.5,0.98,260.28,0.03,106.66,0.02,260.28,0.05,25.06,0.06,18.33,0.02,0.02,2329.35225,1776395688000
1776395690.913,290.913,0.95,39.06,0.94,15.0,0.97,91.19,0.98,260.28,0.03,135.5,0.02,260.28,0.05,25.06,0.06,18.33,0.02,0.02,2329.42125,1776395689000
1776395691.484,291.484,0.95,44.0,0.94,20.0,0.97,86.04,0.98,260.28,0.03,91.19,0.02,260.28,0.05,39.06,0.06,15.0,0.02,0.02,2329.42125,1776395689000
1776395692.04,292.04,0.95,46.0,0.94,35.0,0.97,67.92,0.98,260.28,0.03,80.17,0.02,260.28,0.05,39.0,0.06,20.0,0.02,0.02,2329.351,1776395690000
1776395692.244,292.244,0.95,46.0,0.94,46.0,0.97,40.65,0.98,260.28,0.03,47.3,0.02,260.28,0.05,46.0,0.06,35.0,0.02,0.02,2329.350209,1776395691000
1776395692.683,292.683,0.95,56.0,0.94,46.0,0.97,35.65,0.98,260.28,0.03,40.65,0.02,260.28,0.05,46.0,0.06,46.0,0.02,0.02,2329.350209,1776395691000
1776395693.336,293.336,0.96,7.0,0.95,57.0,0.97,30.49,0.98,260.28,0.03,35.65,0.02,260.28,0.05,56.0,0.06,46.0,0.01,0.02,2329.349833,1776395692000
1776395693.589,293.589,0.95,62.0,0.94,46.0,0.97,25.12,0.98,260.28,0.04,5.0,0.03,30.49,0.05,57.0,0.06,46.0,0.02,0.01,2329.349833,1776395692000
1776395694.373,294.373,0.97,15.0,0.96,13.31,0.98,172.89,0.99,970.85,0.02,183.1,0.01,970.85,0.04,45.31,0.05,73.0,0.01,0.02,2329.437499,1776395693000
1776395694.599,294.599,0.97,6.83,0.96,16.0,0.98,164.89,0.99,970.85,0.02,164.89,0.01,970.85,0.03,9.48,0.04,16.0,0.01,0.01,2329.437499,1776395693000
1776395694.959,294.959,0.97,6.83,0.96,22.0,0.98,155.84,0.99,970.85,0.02,162.84,0.01,970.85,0.03,6.83,0.04,16.0,0.01,0.01,2329.437499,1776395693000
1776395695.312,295.312,0.97,6.83,0.96,22.0,0.98,79.7,0.99,970.85,0.02,89.91,0.01,970.85,0.03,6.83,0.04,22.0,0.01,0.01,2329.437499,1776395693000
1776395695.86,295.86,0.97,21.83,0.96,118.0,0.98,72.7,0.99,970.85,0.02,77.7,0.01,970.85,0.03,6.83,0.04,92.0,0.01,0.01,2329.352644,1776395694000
1776395696.13,296.13,0.97,34.83,0.96,131.0,0.98,1.82,0.99,970.85,0.02,7.03,0.01,970.85,0.03,21.83,0.04,131.0,0.01,0.01,2329.359429,1776395695000
1776395696.389,296.389,0.97,188.83,0.96,131.0,0.99,851.65,,,0.02,1.82,0.01,970.85,0.03,34.83,0.04,131.0,0.02,0.01,2329.359429,1776395695000
1776395696.635,296.635,0.98,137.0,0.97,54.83,0.99,436.42,,,0.01,446.49,,,0.02,137.0,0.03,54.83,0.01,0.01,2329.359429,1776395695000
1776395696.866,296.866,0.98,142.0,0.97,60.83,0.99,363.19,,,0.01,364.21,,,0.02,142.0,0.03,60.83,0.01,0.01,2329.359429,1776395695000
1776395697.092,297.092,0.98,193.0,0.97,60.83,0.99,354.16,,,0.01,356.19,,,0.02,193.0,0.03,60.83,0.01,0.01,2329.356881,1776395696000
1776395697.34,297.34,0.98,198.0,0.97,75.83,0.99,308.99,,,0.01,319.1,,,0.02,198.0,0.03,75.83,0.01,0.01,2329.356881,1776395696000
1776395698.151,298.151,0.99,3416.0,0.98,36.0,,,,,,,,,0.02,198.0,0.03,91.83,,,2329.356881,1776395696000

# RESULT,winner=Up,slug=eth-updown-5m-1776395400,ticks=348
