timestamp,elapsed_sec,up_bid_p1,up_bid_s1,up_bid_p2,up_bid_s2,up_ask_p1,up_ask_s1,up_ask_p2,up_ask_s2,down_bid_p1,down_bid_s1,down_bid_p2,down_bid_s2,down_ask_p1,down_ask_s1,down_ask_p2,down_ask_s2,up_spread,down_spread,eth_price,eth_oracle_ts
1776271501.713,1.713,0.5,20.0,0.49,19.13,0.52,10.66,0.53,15.0,0.49,5.09,0.48,10.0,0.51,2.13,0.52,10.0,0.02,0.02,2338.634735,1776271500000
1776271502.204,2.204,0.5,20.0,0.49,24.13,0.52,4.84,0.53,15.0,0.48,10.66,0.47,15.0,0.5,20.0,0.51,19.13,0.02,0.02,2338.6369,1776271501000
1776271503.768,3.768,0.51,4.0,0.5,42.0,0.52,10.0,0.53,35.0,0.48,4.84,0.47,15.0,0.5,20.0,0.51,24.13,0.01,0.02,2338.651297,1776271502000
1776271504.036,4.036,0.51,4.0,0.5,32.0,0.52,24.19,0.53,30.0,0.48,10.0,0.47,35.0,0.49,4.0,0.5,42.0,0.01,0.01,2338.651297,1776271502000
1776271504.85,4.85,0.48,17.85,0.47,10.0,0.5,25.0,0.51,157.0,0.48,24.19,0.47,30.0,0.5,30.82,0.51,45.13,0.02,0.02,2338.744172,1776271503000
1776271505.137,5.137,0.47,7.0,0.46,8.0,0.48,26.76,0.49,40.0,0.52,6.76,0.51,15.0,0.53,15.0,0.54,8.0,0.01,0.01,2338.744172,1776271503000
1776271505.591,5.591,0.47,2.0,0.46,8.0,0.48,42.0,0.49,36.0,0.52,26.76,0.51,40.0,0.53,7.0,0.54,8.0,0.01,0.01,2338.73695,1776271504000
1776271506.817,6.817,0.49,30.0,0.48,20.0,0.51,10.0,0.52,123.0,0.52,50.0,0.51,47.0,0.53,10.51,0.54,8.0,0.02,0.01,2338.381121,1776271505000
1776271507.054,7.054,0.49,22.84,0.48,25.0,0.5,10.0,0.51,18.27,0.49,8.27,0.48,133.0,0.51,40.0,0.52,20.0,0.01,0.02,2338.381121,1776271505000
1776271507.537,7.537,0.5,10.57,0.49,85.0,0.51,55.0,0.52,183.0,0.5,10.0,0.49,18.27,0.51,22.84,0.52,25.0,0.01,0.01,2338.090397,1776271506000
1776271507.764,7.764,0.51,17.96,0.5,65.0,0.52,150.0,0.53,50.0,0.49,55.0,0.48,183.0,0.5,10.57,0.51,85.0,0.01,0.01,2338.090397,1776271506000
1776271508.503,8.503,0.49,5.0,0.48,68.0,0.5,3.0,0.51,10.0,0.48,150.0,0.47,50.0,0.49,17.96,0.5,65.0,0.01,0.01,2338.16585,1776271507000
1776271508.764,8.764,0.47,15.51,0.46,121.0,0.48,67.7,0.49,81.0,0.5,3.0,0.49,10.0,0.51,5.0,0.52,68.0,0.01,0.01,2338.16585,1776271507000
1776271508.976,8.976,0.47,9.43,0.46,126.0,0.48,67.7,0.49,86.0,0.52,67.7,0.51,81.0,0.53,15.51,0.54,121.0,0.01,0.01,2338.16585,1776271507000
1776271509.281,9.281,0.47,4.43,0.46,48.0,0.48,57.28,0.49,92.0,0.52,67.7,0.51,86.0,0.53,9.43,0.54,126.0,0.01,0.01,2338.16585,1776271507000
1776271510.969,10.969,0.46,43.0,0.44,35.0,0.48,189.28,0.49,123.0,0.52,60.28,0.51,87.0,0.53,4.43,0.54,43.0,0.02,0.01,2338.57362,1776271509000
1776271511.244,11.244,0.32,115.0,0.31,15.0,0.35,3.14,0.39,6.0,0.59,50.0,0.58,10.0,0.68,134.0,0.69,10.0,0.03,0.09,2338.318137,1776271510000
1776271511.447,11.447,0.32,41.02,0.3,155.0,0.35,18.14,0.36,10.0,0.67,10.0,0.66,10.0,0.68,41.02,0.7,55.0,0.03,0.01,2338.318137,1776271510000
1776271511.67,11.67,0.31,10.0,0.3,177.85,0.32,92.5,0.33,100.0,0.67,10.0,0.66,17.57,0.7,32.85,0.71,150.0,0.01,0.03,2338.318137,1776271510000
1776271511.946,11.946,0.3,151.77,0.29,171.0,0.32,15.0,0.33,25.0,0.65,3.86,0.64,40.0,0.68,10.0,0.69,15.0,0.02,0.03,2338.318137,1776271510000
1776271512.459,12.459,0.32,7.0,0.31,10.0,0.33,5.0,0.34,25.0,0.66,20.0,0.65,8.86,0.7,151.77,0.71,171.0,0.01,0.04,2338.140119,1776271511000
1776271513.125,13.125,0.33,153.0,0.32,136.0,0.36,5.0,0.37,26.0,0.67,5.0,0.66,10.0,0.69,165.0,0.7,162.77,0.03,0.02,2338.140119,1776271511000
1776271513.519,13.519,0.36,125.0,0.35,120.0,0.37,11.0,0.39,41.0,0.64,5.0,0.63,26.0,0.67,153.0,0.68,136.0,0.01,0.03,2337.475861,1776271512000
1776271514.028,14.028,0.42,4.56,0.41,10.0,0.43,5.0,0.44,25.0,0.63,1.0,0.61,36.0,0.64,153.28,0.65,120.0,0.01,0.01,2337.475861,1776271512000
1776271514.304,14.304,0.41,4.31,0.4,150.0,0.43,40.5,0.44,51.0,0.57,5.0,0.56,25.0,0.58,4.56,0.59,10.0,0.02,0.01,2336.9,1776271513000
1776271514.803,14.803,0.41,1.0,0.4,150.0,0.42,25.5,0.43,95.5,0.57,40.5,0.56,51.0,0.59,4.31,0.6,150.0,0.01,0.02,2336.9,1776271513000
1776271515.155,15.155,0.4,77.0,0.39,120.0,0.41,25.5,0.42,25.5,0.58,25.5,0.57,95.5,0.59,1.0,0.6,150.0,0.01,0.01,2336.9,1776271513000
1776271515.41,15.41,0.4,57.16,0.39,83.0,0.41,91.5,0.42,175.5,0.59,25.5,0.58,125.5,0.6,51.16,0.61,50.0,0.01,0.01,2337.308754,1776271514000
1776271515.612,15.612,0.4,28.0,0.39,134.5,0.41,113.5,0.42,261.0,0.59,163.5,0.58,261.0,0.6,39.0,0.61,134.5,0.01,0.01,2337.308754,1776271514000
1776271515.818,15.818,0.39,124.5,0.38,100.5,0.4,8.0,0.41,169.5,0.6,8.0,0.59,169.5,0.61,135.5,0.62,100.5,0.01,0.01,2337.308754,1776271514000
1776271516.031,16.031,0.38,116.0,0.37,185.5,0.4,24.0,0.41,179.5,0.6,19.0,0.59,179.5,0.61,9.5,0.62,117.5,0.02,0.01,2337.308754,1776271514000
1776271516.289,16.289,0.41,14.5,0.4,45.5,0.42,8.5,0.43,75.5,0.6,5.0,0.59,5.0,0.61,12.69,0.62,140.0,0.01,0.01,2337.636555,1776271515000
1776271516.499,16.499,0.39,16.0,0.38,124.0,0.42,53.26,0.43,60.0,0.58,53.26,0.57,60.0,0.61,17.0,0.62,124.0,0.03,0.03,2337.636555,1776271515000
1776271516.763,16.763,0.41,5.0,0.4,12.0,0.43,63.38,0.44,80.0,0.57,60.0,0.56,80.0,0.6,22.5,0.62,82.5,0.02,0.03,2337.636555,1776271515000
1776271516.995,16.995,0.41,84.0,0.4,75.5,0.42,10.0,0.43,67.12,0.57,67.12,0.56,90.5,0.59,95.0,0.6,60.5,0.01,0.02,2337.636555,1776271515000
1776271517.334,17.334,0.41,119.95,0.4,88.5,0.43,26.95,0.44,90.5,0.57,60.12,0.56,101.5,0.6,43.0,0.61,81.5,0.02,0.03,2337.636555,1776271515000
1776271517.639,17.639,0.42,113.0,0.41,137.95,0.44,90.5,0.45,120.5,0.57,26.95,0.56,90.5,0.59,119.95,0.6,88.5,0.02,0.02,2337.636555,1776271515000
1776271517.925,17.925,0.41,82.95,0.4,33.0,0.43,69.5,0.44,190.5,0.56,90.5,0.55,120.5,0.58,113.0,0.59,137.95,0.02,0.02,2337.636555,1776271515000
1776271518.182,18.182,0.41,0.32,0.4,23.0,0.42,324.5,0.43,210.5,0.58,14.5,0.57,194.5,0.59,93.95,0.6,33.0,0.01,0.01,2337.636555,1776271515000
1776271518.946,18.946,0.39,71.0,0.38,75.0,0.4,22.0,0.41,73.0,0.59,230.0,0.58,295.5,0.63,40.0,0.64,100.0,0.01,0.04,2337.636555,1776271515000
1776271519.443,19.443,0.39,154.0,0.38,176.12,0.41,22.0,0.42,70.5,0.6,7.5,0.59,23.0,0.61,81.0,0.62,80.5,0.02,0.01,2337.636555,1776271515000
1776271519.699,19.699,0.41,51.0,0.4,86.0,0.43,63.5,0.44,100.5,0.58,68.16,0.57,64.5,0.6,5.0,0.61,139.0,0.02,0.02,2337.636555,1776271515000
1776271519.92,19.92,0.42,110.0,0.41,121.5,0.44,73.5,0.45,226.5,0.56,24.5,0.55,220.5,0.58,110.0,0.59,138.5,0.02,0.02,2337.636555,1776271515000
1776271520.537,20.537,0.41,101.39,0.4,91.5,0.43,35.0,0.44,77.0,0.57,47.0,0.56,62.0,0.58,90.0,0.59,111.5,0.02,0.01,2337.7473,1776271519000
1776271526.351,26.351,0.42,133.75,0.41,100.5,0.44,21.0,0.45,150.5,0.57,35.0,0.56,77.0,0.59,101.39,0.6,91.5,0.02,0.02,2337.75265,1776271524000
1776271526.567,26.567,0.43,20.0,0.42,13.25,0.44,70.5,0.45,271.5,0.56,21.0,0.55,150.5,0.58,133.75,0.59,100.5,0.01,0.02,2337.624784,1776271525000
1776271529.073,29.073,0.4,5.0,0.39,20.0,0.41,11.59,0.42,25.5,0.56,70.5,0.55,271.5,0.57,20.0,0.58,13.25,0.01,0.01,2337.861938,1776271527000
1776271530.895,30.895,0.41,20.0,0.4,110.5,0.43,85.5,0.44,86.5,0.59,11.59,0.58,25.5,0.6,5.0,0.61,20.0,0.02,0.01,2337.422692,1776271529000
1776271532.313,32.313,0.41,6.53,0.4,110.5,0.42,69.09,0.43,101.5,0.58,19.99,0.57,80.5,0.59,6.53,0.6,110.5,0.01,0.01,2337.645092,1776271530000
1776271532.797,32.797,0.4,20.0,0.39,17.82,0.41,88.6,0.42,175.78,0.58,50.28,0.57,96.5,0.59,6.53,0.6,110.5,0.01,0.01,2337.730277,1776271531000
1776271533.158,33.158,0.42,6.0,0.41,20.5,0.43,16.0,0.44,65.5,0.59,88.6,0.58,175.78,0.6,20.0,0.61,17.82,0.01,0.01,2337.787638,1776271532000
1776271533.38,33.38,0.42,121.32,0.41,30.5,0.43,45.0,0.44,85.5,0.57,60.0,0.56,85.5,0.58,116.32,0.59,30.5,0.01,0.01,2337.787638,1776271532000
1776271533.689,33.689,0.42,121.32,0.41,80.5,0.43,45.0,0.44,85.5,0.57,45.0,0.56,85.5,0.58,121.32,0.59,30.5,0.01,0.01,2337.787638,1776271532000
1776271535.356,35.356,0.42,152.05,0.41,80.5,0.43,47.13,0.44,91.0,0.57,47.13,0.56,75.5,0.58,126.32,0.59,80.5,0.01,0.01,2337.775049,1776271534000
1776271535.665,35.665,0.42,152.05,0.41,130.5,0.44,15.0,0.45,146.0,0.57,47.13,0.56,91.0,0.58,152.05,0.59,80.5,0.02,0.01,2337.775049,1776271534000
1776271535.885,35.885,0.43,75.5,0.42,132.05,0.45,140.0,0.46,85.0,0.56,15.0,0.55,146.0,0.58,152.05,0.59,130.5,0.02,0.02,2337.775049,1776271534000
1776271536.509,36.509,0.44,50.5,0.43,101.5,0.45,5.0,0.46,35.0,0.55,140.0,0.54,85.0,0.57,75.5,0.58,132.05,0.01,0.02,2337.94188,1776271535000
1776271539.224,39.224,0.45,88.5,0.44,80.5,0.46,82.0,0.47,311.5,0.54,35.0,0.53,225.0,0.56,45.5,0.57,96.5,0.01,0.02,2338.186794,1776271538000
1776271541.283,41.283,0.45,185.5,0.44,121.5,0.47,310.0,0.48,55.0,0.54,82.0,0.53,311.5,0.55,88.5,0.56,80.5,0.02,0.01,2338.193978,1776271540000
1776271542.048,42.048,0.46,230.5,0.45,131.5,0.47,83.89,0.48,5.0,0.53,310.0,0.52,55.0,0.55,185.5,0.56,121.5,0.01,0.02,2338.193978,1776271540000
1776271542.285,42.285,0.47,34.0,0.46,186.5,0.48,2.91,0.49,95.0,0.52,5.0,0.51,145.0,0.54,240.5,0.55,156.5,0.01,0.02,2338.193978,1776271540000
1776271543.832,43.832,0.49,39.0,0.48,120.5,0.5,25.0,0.51,245.5,0.51,20.0,0.5,10.0,0.53,119.5,0.54,210.5,0.01,0.02,2338.346421,1776271542000
1776271545.279,45.279,0.52,115.5,0.51,321.5,0.56,13.89,0.57,75.0,0.5,25.0,0.49,245.5,0.51,39.0,0.52,120.5,0.04,0.01,2338.71903,1776271544000
1776271545.491,45.491,0.56,53.22,0.55,95.0,0.57,50.0,0.58,5.0,0.43,50.0,0.42,5.0,0.45,39.5,0.46,15.0,0.01,0.02,2338.71903,1776271544000
1776271545.935,45.935,0.57,70.5,0.56,103.22,0.58,1.24,0.59,55.0,0.42,6.24,0.41,50.0,0.43,10.0,0.44,68.22,0.01,0.01,2338.71903,1776271544000
1776271546.25,46.25,0.6,9.2,0.59,29.0,0.61,158.0,0.62,165.0,0.41,55.0,0.4,107.0,0.43,75.5,0.44,83.22,0.01,0.02,2338.725715,1776271545000
1776271546.506,46.506,0.6,9.2,0.59,15.0,0.61,168.5,0.62,160.5,0.39,158.0,0.38,165.0,0.4,9.2,0.41,29.0,0.01,0.01,2338.725715,1776271545000
1776271546.836,46.836,0.6,53.64,0.59,76.0,0.61,167.57,0.62,165.5,0.39,172.57,0.38,165.5,0.4,18.07,0.41,36.5,0.01,0.01,2338.725715,1776271545000
1776271547.118,47.118,0.6,104.38,0.59,81.0,0.61,138.57,0.62,170.5,0.39,172.57,0.38,170.5,0.4,99.38,0.41,81.0,0.01,0.01,2338.725715,1776271545000
1776271547.791,47.791,0.6,101.69,0.59,91.5,0.61,113.0,0.62,165.5,0.39,133.72,0.38,170.5,0.4,104.38,0.41,91.5,0.01,0.01,2339.132365,1776271546000
1776271548.135,48.135,0.6,107.19,0.59,91.5,0.61,109.85,0.62,105.0,0.39,113.0,0.38,165.5,0.4,101.69,0.41,91.5,0.01,0.01,2339.132365,1776271546000
1776271548.402,48.402,0.6,153.57,0.59,91.5,0.61,104.85,0.62,105.0,0.39,109.85,0.38,105.0,0.4,107.19,0.41,91.5,0.01,0.01,2339.132365,1776271546000
1776271548.614,48.614,0.6,118.07,0.59,91.5,0.61,98.95,0.62,115.5,0.39,104.85,0.38,105.0,0.4,153.57,0.41,91.5,0.01,0.01,2339.132365,1776271546000
1776271548.851,48.851,0.6,55.87,0.59,86.5,0.61,130.95,0.62,170.5,0.39,98.95,0.38,115.5,0.4,118.07,0.41,91.5,0.01,0.01,2339.68044,1776271547000
1776271549.566,49.566,0.57,35.0,0.56,105.5,0.58,179.67,0.59,297.49,0.39,130.95,0.38,170.5,0.4,47.54,0.41,86.5,0.01,0.01,2339.682353,1776271548000
1776271549.945,49.945,0.56,100.42,0.55,100.0,0.58,131.0,0.59,133.5,0.42,126.42,0.41,240.49,0.43,10.0,0.44,105.5,0.02,0.01,2339.682353,1776271548000
1776271550.302,50.302,0.57,6.51,0.56,115.42,0.58,136.0,0.59,148.5,0.42,131.0,0.41,143.5,0.43,20.34,0.44,110.42,0.01,0.01,2339.687938,1776271549000
1776271551.305,51.305,0.57,61.51,0.56,115.42,0.58,125.82,0.59,148.5,0.42,136.0,0.41,148.5,0.43,6.51,0.44,115.42,0.01,0.01,2339.691671,1776271550000
1776271551.77,51.77,0.58,25.5,0.57,82.01,0.59,105.0,0.6,142.0,0.42,125.82,0.41,148.5,0.43,61.51,0.44,115.42,0.01,0.01,2339.691671,1776271550000
1776271552.354,52.354,0.58,90.5,0.57,87.01,0.59,103.18,0.6,142.0,0.41,105.0,0.4,142.0,0.42,25.5,0.43,82.01,0.01,0.01,2339.48274,1776271551000
1776271553.489,53.489,0.61,10.0,0.6,134.5,0.62,115.0,0.63,328.5,0.41,103.18,0.4,142.0,0.42,90.5,0.43,87.01,0.01,0.01,2339.48274,1776271551000
1776271553.946,53.946,0.61,86.17,0.6,110.5,0.62,120.16,0.63,343.5,0.38,120.0,0.37,328.5,0.39,7.17,0.4,99.5,0.01,0.01,2339.494555,1776271552000
1776271554.757,54.757,0.62,265.5,0.61,330.5,0.66,10.99,0.67,58.0,0.38,120.16,0.37,343.5,0.39,86.17,0.4,110.5,0.04,0.01,2339.577085,1776271553000
1776271554.975,54.975,0.66,26.0,0.65,10.0,0.67,66.95,0.68,115.5,0.33,53.95,0.32,120.5,0.34,15.0,0.35,10.0,0.01,0.01,2339.627851,1776271554000
1776271555.358,55.358,0.67,6.96,0.66,144.0,0.68,68.0,0.69,242.49,0.33,66.95,0.32,115.5,0.34,26.0,0.35,10.0,0.01,0.01,2339.627851,1776271554000
1776271556.43,56.43,0.67,165.96,0.66,60.0,0.68,38.0,0.69,135.5,0.32,68.0,0.31,242.49,0.33,6.96,0.34,144.0,0.01,0.01,2339.905789,1776271555000
1776271556.852,56.852,0.67,95.35,0.66,70.5,0.68,18.0,0.69,95.5,0.32,38.0,0.31,135.5,0.33,165.96,0.34,60.0,0.01,0.01,2339.905789,1776271555000
1776271559.82,59.82,0.67,69.0,0.66,60.0,0.68,93.5,0.69,95.5,0.32,18.0,0.31,95.5,0.33,95.35,0.34,70.5,0.01,0.01,2340.426195,1776271558000
1776271560.026,60.026,0.66,70.0,0.65,76.5,0.67,127.0,0.68,93.5,0.32,93.5,0.31,95.5,0.33,69.0,0.34,60.0,0.01,0.01,2340.426195,1776271558000
1776271560.351,60.351,0.66,25.0,0.65,71.0,0.67,142.7,0.68,205.49,0.33,127.0,0.32,93.5,0.34,70.0,0.35,76.5,0.01,0.01,2340.459602,1776271559000
1776271561.681,61.681,0.66,107.57,0.65,96.5,0.67,106.17,0.68,109.5,0.33,122.1,0.32,194.99,0.34,25.0,0.35,71.0,0.01,0.01,2340.36271,1776271560000
1776271561.938,61.938,0.66,112.57,0.65,101.5,0.67,103.17,0.68,226.49,0.33,104.67,0.32,226.49,0.34,107.57,0.35,101.5,0.01,0.01,2340.36271,1776271560000
1776271562.388,62.388,0.66,343.07,0.65,191.5,0.67,41.17,0.68,10.0,0.33,103.17,0.32,226.49,0.34,112.57,0.35,101.5,0.01,0.01,2340.36271,1776271561000
1776271562.781,62.781,0.69,95.0,0.68,187.5,0.72,112.5,0.73,199.0,0.32,10.0,0.3,236.99,0.34,393.07,0.35,191.5,0.03,0.02,2340.36271,1776271561000
1776271563.229,63.229,0.71,141.36,0.7,15.0,0.72,47.0,0.73,209.0,0.28,112.5,0.27,199.0,0.31,95.0,0.32,187.5,0.01,0.03,2340.36096,1776271562000
1776271563.688,63.688,0.71,218.5,0.7,70.0,0.72,74.72,0.73,209.5,0.28,47.0,0.27,209.0,0.29,141.36,0.3,15.0,0.01,0.01,2340.36096,1776271562000
1776271564.037,64.037,0.71,260.75,0.7,137.48,0.72,13.38,0.73,215.49,0.28,17.77,0.27,209.5,0.29,218.5,0.3,70.0,0.01,0.01,2340.36096,1776271562000
1776271564.498,64.498,0.71,19.0,0.7,66.2,0.72,95.5,0.73,220.49,0.28,20.5,0.27,215.49,0.3,56.2,0.31,146.5,0.01,0.02,2340.36096,1776271562000
1776271565.245,65.245,0.71,61.25,0.7,106.95,0.73,294.99,0.74,202.0,0.28,95.5,0.27,220.49,0.29,19.0,0.3,66.2,0.02,0.01,2340.646217,1776271563000
1776271565.493,65.493,0.72,40.49,0.71,47.25,0.73,318.88,0.74,207.0,0.27,294.99,0.26,202.0,0.29,61.25,0.3,106.95,0.01,0.02,2340.646217,1776271563000
1776271565.824,65.824,0.72,35.49,0.71,97.25,0.73,334.84,0.74,207.0,0.27,291.49,0.26,207.0,0.28,35.49,0.29,47.25,0.01,0.01,2340.751816,1776271564000
1776271566.428,66.428,0.72,0.49,0.71,42.25,0.73,288.49,0.74,207.0,0.27,334.84,0.26,207.0,0.28,35.49,0.29,97.25,0.01,0.01,2340.811059,1776271565000
1776271566.637,66.637,0.71,21.74,0.7,40.75,0.72,10.0,0.73,285.49,0.27,285.49,0.26,217.0,0.29,22.74,0.3,40.75,0.01,0.02,2340.811059,1776271565000
1776271566.841,66.841,0.7,40.75,0.69,76.0,0.72,72.5,0.73,183.5,0.28,15.5,0.27,290.49,0.29,21.74,0.3,40.75,0.02,0.01,2340.811059,1776271565000
1776271567.157,67.157,0.69,20.0,0.68,62.0,0.71,216.05,0.72,122.5,0.29,206.05,0.28,122.5,0.3,40.75,0.31,25.0,0.02,0.01,2340.811059,1776271565000
1776271567.62,67.62,0.69,43.15,0.68,10.0,0.7,25.57,0.71,104.06,0.29,216.05,0.28,122.5,0.31,20.0,0.32,62.0,0.01,0.02,2340.79358,1776271566000
1776271568.722,68.722,0.69,1.15,0.66,20.0,0.7,184.07,0.71,174.06,0.3,25.57,0.29,104.06,0.31,43.15,0.32,10.0,0.01,0.01,2340.75718,1776271567000
1776271569.757,69.757,0.66,7.57,0.65,25.0,0.67,348.09,0.68,95.0,0.3,184.07,0.29,174.06,0.34,20.0,0.35,75.0,0.01,0.04,2340.521155,1776271568000
1776271570.33,70.33,0.63,30.0,0.62,33.0,0.64,81.15,0.65,34.94,0.33,374.09,0.32,95.0,0.35,25.0,0.36,20.0,0.01,0.02,2340.500749,1776271569000
1776271570.748,70.748,0.62,8.0,0.61,185.0,0.64,99.4,0.65,54.94,0.36,81.15,0.35,34.94,0.37,30.0,0.38,33.0,0.02,0.01,2340.500749,1776271569000
1776271571.305,71.305,0.62,9.84,0.61,235.0,0.63,222.49,0.64,126.5,0.36,99.4,0.35,54.94,0.38,8.0,0.39,185.0,0.01,0.02,2340.0769,1776271570000
1776271571.575,71.575,0.62,14.84,0.61,264.5,0.63,187.88,0.64,126.5,0.37,208.88,0.36,126.5,0.38,9.84,0.39,264.5,0.01,0.01,2340.0769,1776271570000
1776271571.951,71.951,0.61,264.5,0.6,130.5,0.63,258.38,0.64,121.5,0.37,187.88,0.36,126.5,0.38,14.84,0.39,264.5,0.02,0.01,2340.0769,1776271570000
1776271573.632,73.632,0.61,152.69,0.6,115.0,0.62,247.08,0.63,107.01,0.38,21.95,0.37,253.38,0.39,269.5,0.4,135.5,0.01,0.01,2339.75339,1776271572000
1776271574.885,74.885,0.62,25.5,0.61,243.19,0.63,4.05,0.64,125.0,0.38,247.08,0.37,107.01,0.39,152.69,0.4,115.0,0.01,0.01,2339.744596,1776271573000
1776271575.122,75.122,0.62,206.5,0.61,248.19,0.64,25.0,0.65,92.0,0.37,4.05,0.36,125.0,0.38,25.5,0.39,243.19,0.02,0.01,2339.744596,1776271573000
1776271576.372,76.372,0.63,70.0,0.62,186.5,0.64,31.21,0.65,185.5,0.36,25.0,0.35,92.0,0.38,206.5,0.39,248.19,0.01,0.02,2339.695483,1776271574000
1776271578.142,78.142,0.63,73.0,0.62,186.5,0.64,10.0,0.65,174.5,0.36,31.21,0.35,185.5,0.37,63.0,0.38,186.5,0.01,0.01,2339.877735,1776271576000
1776271579.114,79.114,0.61,39.5,0.6,60.0,0.63,470.5,0.64,144.5,0.36,10.0,0.35,174.5,0.37,73.0,0.38,186.5,0.02,0.01,2339.948041,1776271577000
1776271580.556,80.556,0.55,29.5,0.54,118.5,0.56,7.89,0.57,158.5,0.39,42.82,0.38,233.5,0.4,50.0,0.41,120.0,0.01,0.01,2339.869345,1776271579000
1776271581.195,81.195,0.53,183.38,0.52,120.5,0.56,238.38,0.57,183.5,0.44,53.39,0.43,118.5,0.45,1.11,0.46,118.5,0.03,0.01,2339.4119,1776271580000
1776271581.756,81.756,0.53,188.38,0.52,125.5,0.54,39.91,0.55,140.5,0.44,238.38,0.43,183.5,0.47,183.38,0.48,120.5,0.01,0.03,2339.4119,1776271580000
1776271582.694,82.694,0.51,10.04,0.5,170.0,0.54,180.41,0.55,144.5,0.46,39.91,0.45,140.5,0.47,188.38,0.48,125.5,0.03,0.01,2339.16436,1776271581000
1776271583.073,83.073,0.51,0.85,0.5,195.5,0.52,102.5,0.53,134.49,0.46,180.41,0.45,144.5,0.49,10.04,0.5,170.0,0.01,0.03,2339.16436,1776271581000
1776271583.538,83.538,0.51,11.89,0.5,190.5,0.52,107.5,0.53,103.49,0.48,102.5,0.47,134.49,0.49,0.85,0.5,195.5,0.01,0.01,2338.97589,1776271582000
1776271584.332,84.332,0.51,75.0,0.5,195.5,0.52,38.37,0.53,103.49,0.48,107.5,0.47,103.49,0.49,11.89,0.5,190.5,0.01,0.01,2338.9105,1776271583000
1776271585.541,85.541,0.5,155.51,0.49,220.92,0.52,70.37,0.53,103.49,0.48,38.37,0.47,103.49,0.49,75.0,0.5,195.5,0.02,0.01,2338.768541,1776271584000
1776271587.398,87.398,0.59,16.0,0.58,20.5,0.6,40.0,0.61,160.5,0.48,48.75,0.47,85.5,0.49,45.31,0.5,220.5,0.01,0.01,2338.732926,1776271585000
1776271592.09,92.09,0.53,35.0,0.52,125.5,0.54,139.15,0.55,240.5,0.4,40.0,0.39,160.5,0.41,16.0,0.42,20.5,0.01,0.01,2339.3572,1776271591000
1776271592.472,92.472,0.53,30.0,0.52,130.5,0.54,141.69,0.55,141.5,0.46,139.15,0.45,240.5,0.47,35.0,0.48,125.5,0.01,0.01,2339.3572,1776271591000
1776271593.386,93.386,0.51,58.12,0.5,305.5,0.54,250.19,0.55,106.49,0.46,141.69,0.45,141.5,0.47,30.0,0.48,130.5,0.03,0.01,2339.209586,1776271592000
1776271593.831,93.831,0.51,70.02,0.5,305.5,0.52,73.3,0.53,100.5,0.46,250.19,0.45,106.49,0.49,58.12,0.5,305.5,0.01,0.03,2339.209586,1776271592000
1776271594.385,94.385,0.51,70.02,0.5,305.5,0.52,117.6,0.53,100.5,0.48,73.3,0.47,100.5,0.49,70.02,0.5,305.5,0.01,0.01,2339.045579,1776271593000
1776271595.02,95.02,0.51,67.22,0.5,285.5,0.52,66.6,0.53,100.5,0.48,117.6,0.47,100.5,0.49,70.02,0.5,305.5,0.01,0.01,2339.045579,1776271593000
1776271595.411,95.411,0.51,348.48,0.5,379.5,0.52,1.6,0.53,5.0,0.48,66.6,0.47,100.5,0.49,67.22,0.5,285.5,0.01,0.01,2338.95852,1776271594000
1776271596.094,96.094,0.53,176.6,0.52,231.5,0.54,45.0,0.55,71.61,0.46,55.0,0.45,61.11,0.47,25.6,0.48,161.5,0.01,0.01,2338.95852,1776271594000
1776271596.88,96.88,0.55,5.0,0.54,35.5,0.56,5.0,0.57,10.0,0.46,30.0,0.45,71.61,0.47,176.6,0.48,231.5,0.01,0.01,2338.896172,1776271595000
1776271597.316,97.316,0.53,116.1,0.52,166.12,0.54,35.5,0.55,40.5,0.44,5.0,0.43,10.0,0.45,5.0,0.46,35.5,0.01,0.01,2338.91576,1776271596000
1776271597.554,97.554,0.52,31.0,0.51,65.0,0.53,27.8,0.54,156.5,0.46,35.5,0.45,40.5,0.47,116.1,0.48,166.12,0.01,0.01,2338.91576,1776271596000
1776271600.374,100.374,0.51,70.0,0.5,310.5,0.52,154.57,0.53,228.8,0.47,27.8,0.46,156.5,0.48,31.0,0.49,65.0,0.01,0.01,2338.839687,1776271599000
1776271603.72,103.72,0.58,130.59,0.57,247.5,0.59,25.0,0.6,55.0,0.48,154.57,0.47,228.8,0.49,70.0,0.5,310.5,0.01,0.01,2338.869209,1776271602000
1776271609.218,109.218,0.61,117.43,0.6,141.5,0.62,85.5,0.63,300.5,0.41,25.0,0.4,55.0,0.42,130.59,0.43,247.5,0.01,0.01,2339.67467,1776271607000
1776271609.593,109.593,0.61,111.53,0.6,201.5,0.62,85.5,0.63,300.5,0.38,85.5,0.37,300.5,0.39,117.43,0.4,141.5,0.01,0.01,2339.626515,1776271608000
1776271610.072,110.072,0.61,105.63,0.6,141.5,0.62,95.5,0.63,300.5,0.38,85.5,0.37,300.5,0.39,111.53,0.4,201.5,0.01,0.01,2339.626515,1776271608000
1776271610.968,110.968,0.6,18.0,0.59,175.5,0.61,213.0,0.62,89.5,0.38,95.5,0.37,300.5,0.39,105.63,0.4,141.5,0.01,0.01,2339.615215,1776271609000
1776271611.65,111.65,0.58,161.59,0.57,200.5,0.6,20.5,0.61,229.5,0.39,213.0,0.38,89.5,0.4,18.0,0.41,175.5,0.02,0.01,2339.565296,1776271610000
1776271613.832,113.832,0.57,25.0,0.56,25.0,0.59,281.5,0.6,155.5,0.4,20.5,0.39,229.5,0.42,161.59,0.43,200.5,0.02,0.02,2339.516585,1776271612000
1776271615.755,115.755,0.56,125.5,0.55,156.5,0.57,18.85,0.58,10.0,0.41,281.5,0.4,155.5,0.43,25.0,0.44,25.0,0.01,0.02,2339.251341,1776271614000
1776271615.976,115.976,0.57,5.0,0.56,167.5,0.59,144.0,0.6,93.49,0.43,18.85,0.42,10.0,0.44,125.5,0.45,156.5,0.02,0.01,2339.251341,1776271614000
1776271618.782,118.782,0.52,123.58,0.51,160.0,0.53,10.0,0.54,20.5,0.41,144.0,0.4,93.49,0.43,5.0,0.44,167.5,0.01,0.02,2339.326641,1776271617000
1776271623.09,123.09,0.51,2.8,0.5,5.0,0.52,291.92,0.53,168.14,0.47,10.0,0.46,20.5,0.48,123.58,0.49,160.0,0.01,0.01,2338.84661,1776271621000
1776271623.686,123.686,0.48,7.0,0.47,175.0,0.49,119.7,0.5,26.75,0.5,11.76,0.49,137.49,0.51,4.9,0.52,110.0,0.01,0.01,2338.765698,1776271622000
1776271624.004,124.004,0.47,175.0,0.46,60.0,0.48,12.3,0.49,178.5,0.51,178.5,0.5,51.75,0.53,175.0,0.54,60.0,0.01,0.02,2338.765698,1776271622000
1776271626.239,126.239,0.39,63.16,0.38,361.81,0.41,99.0,0.42,167.5,0.52,12.3,0.51,178.5,0.53,175.0,0.54,60.0,0.02,0.01,2338.121722,1776271625000
1776271626.608,126.608,0.39,13.66,0.38,322.31,0.4,3.6,0.41,65.0,0.6,10.0,0.59,92.0,0.61,3.16,0.62,361.81,0.01,0.01,2338.121722,1776271625000
1776271627.059,127.059,0.39,29.02,0.38,422.31,0.4,23.6,0.41,65.0,0.6,3.6,0.59,65.0,0.61,13.66,0.62,322.31,0.01,0.01,2337.843164,1776271626000
1776271627.419,127.419,0.39,80.26,0.38,377.31,0.4,10.0,0.41,20.0,0.59,30.0,0.58,65.0,0.61,183.46,0.62,507.31,0.01,0.02,2337.843164,1776271626000
1776271627.888,127.888,0.4,16.63,0.39,85.26,0.41,45.0,0.42,65.0,0.59,20.0,0.58,10.0,0.61,180.26,0.62,507.31,0.01,0.02,2337.843164,1776271626000
1776271628.536,128.536,0.38,327.31,0.37,170.5,0.39,53.2,0.4,65.5,0.59,45.0,0.58,65.0,0.6,16.63,0.61,85.26,0.01,0.01,2337.762874,1776271627000
1776271629.536,129.536,0.38,331.81,0.37,183.5,0.39,60.37,0.4,80.5,0.61,53.2,0.6,65.5,0.62,327.31,0.63,170.5,0.01,0.01,2337.811989,1776271628000
1776271630.317,130.317,0.38,189.44,0.37,125.0,0.39,85.5,0.4,75.5,0.61,60.37,0.6,80.5,0.62,331.81,0.63,183.5,0.01,0.01,2337.812968,1776271629000
1776271630.979,130.979,0.38,284.94,0.37,193.5,0.4,55.0,0.41,70.5,0.61,82.93,0.6,75.5,0.62,189.44,0.63,125.0,0.02,0.01,2337.812968,1776271629000
1776271631.764,131.764,0.38,152.37,0.37,135.0,0.39,239.46,0.4,60.5,0.6,55.0,0.59,70.5,0.62,284.94,0.63,193.5,0.01,0.02,2337.708783,1776271630000
1776271632.294,132.294,0.36,95.0,0.35,60.0,0.38,358.0,0.39,85.5,0.61,264.46,0.6,65.5,0.63,135.0,0.64,95.0,0.02,0.02,2337.681389,1776271631000
1776271634.349,134.349,0.32,215.82,0.31,265.5,0.33,70.91,0.34,21.0,0.62,358.0,0.61,85.5,0.64,95.0,0.65,60.0,0.01,0.02,2337.370312,1776271633000
1776271634.576,134.576,0.32,189.5,0.31,260.5,0.33,3.45,0.34,15.0,0.67,10.0,0.66,27.0,0.68,209.82,0.69,275.5,0.01,0.01,2337.370312,1776271633000
1776271635.609,135.609,0.39,15.0,0.38,15.0,0.41,82.28,0.42,30.99,0.66,15.0,0.65,15.0,0.68,199.5,0.69,260.5,0.02,0.02,2337.025662,1776271634000
1776271636.128,136.128,0.41,8.98,0.4,32.5,0.42,35.0,0.43,65.0,0.59,82.28,0.58,30.99,0.61,15.0,0.62,15.0,0.01,0.02,2337.15575,1776271635000
1776271638.003,138.003,0.38,1.65,0.37,5.0,0.39,145.0,0.4,25.0,0.58,35.0,0.57,65.0,0.59,8.98,0.6,32.5,0.01,0.01,2337.518785,1776271636000
1776271638.467,138.467,0.32,50.0,0.31,74.0,0.34,15.0,0.35,10.0,0.61,145.0,0.6,25.0,0.62,1.65,0.63,5.0,0.02,0.01,2338.02117,1776271637000
1776271639.468,139.468,0.3,230.0,0.29,135.0,0.31,4.67,0.32,20.0,0.66,15.0,0.65,10.0,0.68,50.0,0.69,74.0,0.01,0.02,2337.996585,1776271638000
1776271641.543,141.543,0.28,190.0,0.27,155.5,0.29,87.2,0.3,95.5,0.68,18.27,0.67,25.0,0.7,225.0,0.71,135.0,0.01,0.02,2337.372107,1776271639000
1776271641.861,141.861,0.28,190.0,0.27,215.5,0.29,79.5,0.3,105.5,0.71,87.2,0.7,95.5,0.72,190.0,0.73,155.5,0.01,0.01,2337.06667,1776271640000
1776271642.399,142.399,0.28,190.0,0.27,145.0,0.29,104.24,0.3,95.5,0.71,79.5,0.7,105.5,0.72,190.0,0.73,215.5,0.01,0.01,2336.923077,1776271641000
1776271642.72,142.72,0.28,190.0,0.27,155.5,0.29,138.54,0.3,95.5,0.71,104.24,0.7,95.5,0.72,190.0,0.73,145.0,0.01,0.01,2336.923077,1776271641000
1776271643.871,143.871,0.28,210.0,0.27,260.5,0.3,20.0,0.31,10.0,0.71,138.54,0.7,95.5,0.72,190.0,0.73,155.5,0.02,0.01,2336.953561,1776271642000
1776271644.774,144.774,0.29,100.44,0.28,260.5,0.31,10.0,0.32,38.27,0.7,20.0,0.69,10.0,0.72,210.0,0.73,260.5,0.02,0.02,2336.844017,1776271643000
1776271645.011,145.011,0.3,208.0,0.29,25.0,0.32,1.8,0.37,10.0,0.69,10.0,0.68,38.27,0.71,100.44,0.72,260.5,0.02,0.02,2336.844017,1776271643000
1776271645.293,145.293,0.36,10.5,0.34,8.0,0.38,22.21,0.39,83.5,0.6,121.0,0.59,23.99,0.62,8.15,0.65,22.28,0.02,0.02,2336.896904,1776271644000
1776271645.766,145.766,0.34,1.65,0.31,6.0,0.35,10.0,0.36,10.0,0.62,16.94,0.61,83.5,0.64,10.5,0.66,8.0,0.01,0.02,2336.896904,1776271644000
1776271646.089,146.089,0.3,53.0,0.29,69.0,0.31,10.0,0.32,10.0,0.68,10.0,0.65,16.0,0.69,5.9,0.7,50.0,0.01,0.01,2336.896904,1776271644000
1776271646.543,146.543,0.3,52.0,0.29,94.0,0.31,10.0,0.32,10.0,0.69,10.0,0.68,10.0,0.7,53.0,0.71,69.0,0.01,0.01,2337.179682,1776271645000
1776271647.021,147.021,0.3,82.0,0.29,94.0,0.31,14.0,0.32,15.0,0.69,10.0,0.68,10.0,0.7,52.0,0.71,94.0,0.01,0.01,2337.179682,1776271645000
1776271647.437,147.437,0.3,62.0,0.29,94.0,0.31,9.0,0.32,10.0,0.69,14.0,0.68,15.0,0.7,82.0,0.71,94.0,0.01,0.01,2337.4979,1776271646000
1776271647.755,147.755,0.3,122.0,0.29,94.0,0.32,8.0,0.33,10.0,0.69,9.0,0.68,10.0,0.7,122.0,0.71,94.0,0.02,0.01,2337.4979,1776271646000
1776271648.581,148.581,0.3,142.5,0.29,109.5,0.33,30.5,0.34,32.5,0.68,8.0,0.67,10.0,0.7,122.0,0.71,94.0,0.03,0.02,2337.276313,1776271647000
1776271650.123,150.123,0.33,15.23,0.32,42.5,0.34,163.4,0.35,85.5,0.66,0.92,0.65,35.5,0.7,142.5,0.71,104.5,0.01,0.04,2337.236562,1776271648000
1776271651.215,151.215,0.33,37.74,0.32,92.5,0.34,158.4,0.35,75.0,0.66,163.4,0.65,85.5,0.67,15.23,0.68,42.5,0.01,0.01,2337.27881,1776271650000
1776271651.7,151.7,0.33,5.0,0.32,6.0,0.34,199.48,0.35,96.5,0.66,158.4,0.65,75.0,0.67,37.74,0.68,92.5,0.01,0.01,2337.27881,1776271650000
1776271652.941,152.941,0.32,139.07,0.31,84.5,0.33,102.02,0.34,60.0,0.66,51.03,0.65,176.5,0.68,6.0,0.7,79.5,0.01,0.02,2337.320395,1776271651000
1776271654.681,154.681,0.27,160.0,0.26,155.5,0.28,16.42,0.29,153.18,0.67,102.02,0.66,60.0,0.68,139.07,0.69,84.5,0.01,0.01,2337.246679,1776271653000
1776271655.317,155.317,0.27,125.0,0.26,105.5,0.28,194.09,0.29,281.68,0.72,16.42,0.71,153.18,0.73,160.0,0.74,155.5,0.01,0.01,2337.246679,1776271653000
1776271655.582,155.582,0.27,125.0,0.26,105.5,0.28,190.51,0.29,281.68,0.72,194.09,0.71,281.68,0.73,125.0,0.74,105.5,0.01,0.01,2337.246679,1776271653000
1776271656.849,156.849,0.27,80.0,0.26,175.5,0.28,155.44,0.29,330.5,0.72,190.51,0.71,281.68,0.73,125.0,0.74,105.5,0.01,0.01,2336.976755,1776271655000
1776271657.169,157.169,0.27,80.0,0.26,175.5,0.28,149.64,0.29,329.5,0.72,155.44,0.71,330.5,0.73,80.0,0.74,175.5,0.01,0.01,2336.917752,1776271656000
1776271657.488,157.488,0.26,120.0,0.25,149.5,0.27,90.3,0.28,109.64,0.72,149.64,0.71,329.5,0.73,80.0,0.74,175.5,0.01,0.01,2336.917752,1776271656000
1776271658.024,158.024,0.26,70.0,0.25,149.5,0.27,154.4,0.28,109.64,0.73,90.3,0.72,109.64,0.74,120.0,0.75,149.5,0.01,0.01,2336.917752,1776271656000
1776271658.358,158.358,0.26,60.0,0.25,130.5,0.27,148.6,0.28,109.64,0.73,154.4,0.72,109.64,0.74,70.0,0.75,149.5,0.01,0.01,2336.917752,1776271656000
1776271658.675,158.675,0.26,45.0,0.25,130.5,0.27,177.9,0.28,109.64,0.73,148.6,0.72,109.64,0.74,60.0,0.75,130.5,0.01,0.01,2336.917752,1776271656000
1776271660.374,160.374,0.24,29.13,0.23,125.0,0.26,136.99,0.27,147.0,0.73,177.9,0.72,109.64,0.74,45.0,0.75,130.5,0.02,0.01,2336.821507,1776271659000
1776271661.457,161.457,0.24,29.18,0.23,70.5,0.25,190.67,0.26,75.0,0.74,136.99,0.73,147.0,0.76,29.13,0.77,125.0,0.01,0.02,2336.821507,1776271659000
1776271661.744,161.744,0.24,33.5,0.23,60.5,0.25,156.67,0.26,60.0,0.75,180.67,0.74,70.0,0.76,65.6,0.77,120.5,0.01,0.01,2336.756884,1776271660000
1776271662.372,162.372,0.22,75.0,0.21,75.0,0.23,8.47,0.24,384.25,0.75,126.67,0.74,70.5,0.76,23.0,0.77,50.0,0.01,0.01,2336.763259,1776271661000
1776271662.657,162.657,0.21,15.87,0.2,107.0,0.22,110.0,0.23,304.13,0.78,10.0,0.77,209.13,0.79,1.0,0.8,85.0,0.01,0.01,2336.763259,1776271661000
1776271664.018,164.018,0.2,114.55,0.19,60.5,0.22,72.0,0.23,68.47,0.78,110.0,0.77,309.13,0.79,9.87,0.8,112.0,0.02,0.01,2336.799825,1776271662000
1776271664.387,164.387,0.21,23.5,0.2,122.55,0.22,25.0,0.23,73.47,0.78,72.0,0.77,68.47,0.79,18.5,0.8,101.55,0.01,0.01,2336.463544,1776271663000
1776271665.007,165.007,0.2,22.0,0.19,10.5,0.21,149.86,0.22,259.5,0.78,75.0,0.77,83.97,0.79,38.42,0.8,62.5,0.01,0.01,2336.463544,1776271663000
1776271668.418,168.418,0.18,59.22,0.17,299.5,0.19,41.05,0.2,73.0,0.79,149.86,0.78,259.5,0.8,22.0,0.81,10.5,0.01,0.01,2336.412564,1776271666000
1776271668.975,168.975,0.19,0.25,0.18,48.72,0.2,93.5,0.21,91.5,0.81,41.05,0.8,73.0,0.82,59.22,0.83,299.5,0.01,0.01,2336.269191,1776271667000
1776271669.515,169.515,0.19,4.01,0.18,21.61,0.2,93.0,0.21,169.5,0.8,78.0,0.79,91.5,0.81,4.01,0.82,49.22,0.01,0.01,2336.271322,1776271668000
1776271670.148,170.148,0.18,9.4,0.17,275.5,0.2,83.0,0.21,174.5,0.8,93.0,0.79,169.5,0.81,4.01,0.82,21.61,0.02,0.01,2336.271322,1776271668000
1776271670.799,170.799,0.19,114.5,0.18,106.01,0.2,2.0,0.21,25.0,0.8,83.0,0.79,174.5,0.82,9.4,0.83,275.5,0.01,0.02,2336.266875,1776271669000
1776271671.835,171.835,0.22,68.5,0.21,70.5,0.23,3.69,0.24,119.97,0.79,15.47,0.78,91.5,0.81,114.5,0.82,106.01,0.01,0.02,2336.289975,1776271670000
1776271672.406,172.406,0.22,56.1,0.21,65.5,0.23,36.4,0.24,114.97,0.77,3.69,0.76,119.97,0.78,68.5,0.79,70.5,0.01,0.01,2336.289975,1776271670000
1776271672.787,172.787,0.23,29.0,0.22,66.6,0.24,29.34,0.25,10.0,0.77,36.4,0.76,114.97,0.78,56.1,0.79,65.5,0.01,0.01,2336.289975,1776271670000
1776271673.109,173.109,0.23,42.0,0.22,48.6,0.24,12.11,0.25,10.0,0.76,25.11,0.75,10.0,0.77,29.0,0.78,66.6,0.01,0.01,2336.383945,1776271671000
1776271674.138,174.138,0.26,0.34,0.25,25.0,0.27,45.0,0.28,10.0,0.74,20.0,0.73,10.0,0.77,75.0,0.78,37.5,0.01,0.03,2336.57,1776271672000
1776271674.714,174.714,0.25,25.0,0.24,19.5,0.26,9.1,0.27,45.0,0.73,45.0,0.72,10.0,0.74,0.34,0.75,25.0,0.01,0.01,2336.57,1776271672000
1776271675.084,175.084,0.25,5.0,0.24,19.0,0.26,20.2,0.27,50.5,0.74,9.1,0.73,45.0,0.75,25.0,0.76,19.5,0.01,0.01,2336.57,1776271672000
1776271675.507,175.507,0.23,10.0,0.22,95.5,0.25,14.3,0.26,55.2,0.74,20.2,0.73,50.5,0.75,5.0,0.76,19.0,0.02,0.01,2336.645635,1776271673000
1776271676.21,176.21,0.21,35.0,0.2,15.05,0.22,9.1,0.23,22.0,0.75,14.3,0.74,55.2,0.77,10.0,0.78,95.5,0.01,0.02,2336.645635,1776271673000
1776271676.79,176.79,0.21,25.0,0.2,20.05,0.22,10.3,0.23,22.0,0.78,9.1,0.77,22.0,0.79,35.0,0.8,15.05,0.01,0.01,2336.95277,1776271675000
1776271677.402,177.402,0.21,15.0,0.2,20.05,0.22,4.6,0.23,29.0,0.78,10.3,0.77,22.0,0.79,25.0,0.8,20.05,0.01,0.01,2336.95277,1776271675000
1776271678.693,178.693,0.23,10.0,0.22,39.0,0.24,14.0,0.25,83.33,0.78,4.6,0.77,29.0,0.79,15.0,0.8,20.05,0.01,0.01,2336.641745,1776271677000
1776271680.086,180.086,0.23,5.0,0.22,31.5,0.24,43.76,0.25,131.5,0.76,14.0,0.75,83.33,0.77,10.0,0.78,39.0,0.01,0.01,2336.61621,1776271678000
1776271680.302,180.302,0.23,7.09,0.22,31.5,0.24,32.82,0.26,11.1,0.76,43.76,0.75,131.5,0.77,5.0,0.78,31.5,0.01,0.01,2336.61621,1776271678000
1776271682.244,182.244,0.25,84.5,0.24,80.5,0.26,39.99,0.27,10.0,0.74,18.1,0.73,20.0,0.77,48.0,0.78,31.5,0.01,0.03,2336.791787,1776271681000
1776271683.933,183.933,0.25,45.18,0.24,52.5,0.26,38.66,0.27,35.0,0.74,33.66,0.73,10.0,0.75,55.97,0.76,52.5,0.01,0.01,2336.948031,1776271682000
1776271685.845,185.845,0.25,42.5,0.24,52.5,0.26,9.66,0.27,72.67,0.74,38.66,0.73,35.0,0.75,45.18,0.76,52.5,0.01,0.01,2336.99515,1776271684000
1776271686.282,186.282,0.25,17.49,0.24,52.5,0.26,34.92,0.27,45.5,0.74,9.66,0.73,72.67,0.75,42.5,0.76,52.5,0.01,0.01,2336.99515,1776271684000
1776271686.944,186.944,0.25,3.66,0.24,43.5,0.26,49.92,0.27,35.0,0.74,34.92,0.73,45.5,0.75,17.49,0.76,52.5,0.01,0.01,2337.002935,1776271685000
1776271687.818,187.818,0.23,5.0,0.22,5.0,0.24,11.83,0.25,258.74,0.74,49.92,0.73,35.0,0.75,3.66,0.76,43.5,0.01,0.01,2337.018885,1776271686000
1776271688.618,188.618,0.22,1.08,0.21,25.5,0.23,163.67,0.24,66.83,0.76,11.83,0.75,258.74,0.78,4.93,0.79,5.0,0.01,0.02,2336.971705,1776271687000
1776271689.054,189.054,0.22,4.04,0.21,20.5,0.23,138.67,0.24,76.83,0.77,163.67,0.76,66.83,0.78,1.08,0.79,25.5,0.01,0.01,2336.971705,1776271687000
1776271689.497,189.497,0.2,15.0,0.19,45.0,0.22,275.0,0.23,259.17,0.77,138.67,0.76,76.83,0.78,4.04,0.79,20.5,0.02,0.01,2336.877198,1776271688000
1776271689.971,189.971,0.19,47.59,0.18,125.5,0.2,25.0,0.21,15.0,0.79,16.0,0.78,198.0,0.81,32.24,0.82,125.5,0.01,0.02,2336.877198,1776271688000
1776271691.916,191.916,0.19,37.0,0.18,110.0,0.2,52.54,0.21,28.66,0.8,25.0,0.79,15.0,0.81,47.59,0.82,125.5,0.01,0.01,2336.674085,1776271690000
1776271692.141,192.141,0.19,30.0,0.18,110.0,0.2,116.49,0.21,28.66,0.8,52.54,0.79,28.66,0.81,37.0,0.82,110.0,0.01,0.01,2336.674085,1776271690000
1776271695.66,195.66,0.18,80.0,0.17,279.0,0.2,36.83,0.21,15.0,0.8,116.49,0.79,28.66,0.81,30.0,0.82,110.0,0.02,0.01,2336.296522,1776271694000
1776271696.038,196.038,0.18,10.0,0.17,279.0,0.19,37.17,0.2,46.83,0.8,36.83,0.79,15.0,0.82,80.0,0.83,279.0,0.01,0.02,2336.296522,1776271694000
1776271696.328,196.328,0.17,229.0,0.16,160.0,0.18,10.0,0.19,57.02,0.81,37.17,0.8,46.83,0.82,10.0,0.83,279.0,0.01,0.01,2336.548351,1776271695000
1776271697.099,197.099,0.17,210.0,0.16,116.0,0.18,46.32,0.19,52.02,0.82,6.44,0.81,47.02,0.83,219.0,0.84,100.0,0.01,0.01,2336.548351,1776271695000
1776271698.045,198.045,0.16,56.31,0.15,191.5,0.17,127.5,0.18,86.0,0.82,46.32,0.81,52.02,0.83,210.0,0.84,116.0,0.01,0.01,2336.5601,1776271696000
1776271700.57,200.57,0.15,181.0,0.14,135.0,0.17,70.6,0.18,25.0,0.83,127.5,0.82,86.0,0.84,56.31,0.85,191.5,0.02,0.01,2336.23333,1776271699000
1776271701.15,201.15,0.16,4.04,0.15,145.0,0.17,40.6,0.18,15.0,0.83,70.6,0.82,25.0,0.85,181.0,0.86,135.0,0.01,0.02,2336.241576,1776271700000
1776271701.376,201.376,0.15,70.0,0.14,125.0,0.16,13.7,0.17,20.0,0.83,37.0,0.82,15.0,0.85,135.0,0.86,125.0,0.01,0.02,2336.241576,1776271700000
1776271702.11,202.11,0.14,75.0,0.13,195.0,0.15,3.5,0.16,70.0,0.84,13.7,0.83,20.0,0.85,70.0,0.86,125.0,0.01,0.01,2336.241576,1776271700000
1776271702.518,202.518,0.13,202.76,0.12,110.0,0.15,53.1,0.16,30.0,0.85,53.5,0.84,30.0,0.86,6.81,0.87,195.0,0.02,0.01,2336.216749,1776271701000
1776271702.958,202.958,0.13,187.76,0.12,110.0,0.14,1.7,0.15,20.0,0.84,11.85,0.83,31.0,0.87,207.76,0.88,110.0,0.01,0.03,2336.216749,1776271701000
1776271704.926,204.926,0.13,48.26,0.12,130.5,0.15,28.2,0.17,43.16,0.86,1.7,0.85,20.0,0.87,187.76,0.88,110.0,0.02,0.01,2336.107684,1776271703000
1776271705.4,205.4,0.16,3.92,0.15,10.0,0.17,101.47,0.18,34.4,0.85,28.2,0.83,43.16,0.87,48.26,0.88,130.5,0.01,0.02,2336.107684,1776271703000
1776271706.38,206.38,0.16,67.92,0.15,10.0,0.17,30.5,0.18,34.4,0.83,101.47,0.82,34.4,0.84,3.92,0.85,10.0,0.01,0.01,2336.126266,1776271705000
1776271707.217,207.217,0.16,66.01,0.15,10.0,0.17,5.0,0.18,24.4,0.83,30.5,0.82,34.4,0.84,77.92,0.85,10.0,0.01,0.01,2336.126266,1776271705000
1776271708.032,208.032,0.16,62.01,0.15,15.0,0.17,0.77,0.19,28.4,0.83,5.0,0.82,24.4,0.84,56.01,0.85,10.0,0.01,0.01,2336.44285,1776271706000
1776271709.718,209.718,0.21,45.0,0.18,35.0,0.23,60.6,0.24,125.0,0.81,5.0,0.8,30.0,0.84,49.73,0.85,10.0,0.02,0.03,2336.862924,1776271708000
1776271710.219,210.219,0.22,5.0,0.21,55.0,0.23,15.0,0.24,50.0,0.77,60.6,0.76,125.0,0.79,45.0,0.82,35.0,0.01,0.02,2337.154931,1776271709000
1776271710.779,210.779,0.26,40.0,0.22,28.71,0.27,80.0,0.28,100.0,0.77,10.0,0.76,50.0,0.78,3.71,0.79,55.0,0.01,0.01,2337.154931,1776271709000
1776271711.895,211.895,0.29,24.71,0.28,10.0,0.3,52.1,0.31,116.8,0.73,80.0,0.72,100.0,0.74,40.0,0.78,28.71,0.01,0.01,2337.21515,1776271710000
1776271712.324,212.324,0.31,108.55,0.3,110.0,0.32,75.0,0.33,66.3,0.69,116.8,0.68,150.0,0.71,17.19,0.72,10.0,0.01,0.02,2337.21515,1776271710000
1776271712.526,212.526,0.33,10.0,0.32,110.0,0.37,50.0,0.38,94.0,0.64,4.85,0.63,65.4,0.67,10.0,0.68,110.0,0.04,0.03,2337.249154,1776271711000
1776271712.774,212.774,0.36,3.43,0.35,10.0,0.37,66.0,0.38,104.0,0.63,23.78,0.62,94.0,0.64,15.0,0.65,10.0,0.01,0.01,2337.249154,1776271711000
1776271713.024,213.024,0.36,10.0,0.35,14.76,0.37,46.0,0.38,94.0,0.63,56.0,0.62,94.0,0.65,4.76,0.66,18.0,0.01,0.02,2337.249154,1776271711000
1776271713.319,213.319,0.37,41.41,0.36,35.37,0.38,49.0,0.4,75.0,0.62,59.0,0.6,75.0,0.63,16.41,0.64,45.37,0.01,0.01,2337.40719,1776271712000
1776271713.551,213.551,0.37,45.33,0.36,35.37,0.38,14.84,0.4,75.0,0.62,14.84,0.6,75.0,0.63,41.41,0.64,35.37,0.01,0.01,2337.40719,1776271712000
1776271716.406,216.406,0.37,35.92,0.36,71.37,0.38,16.55,0.42,35.0,0.62,26.55,0.58,25.0,0.63,56.33,0.64,35.37,0.01,0.01,2338.198477,1776271715000
1776271716.831,216.831,0.37,40.92,0.36,71.37,0.43,105.0,0.44,80.0,0.62,3.92,0.58,35.0,0.63,35.92,0.64,71.37,0.06,0.01,2338.198477,1776271715000
1776271718.044,218.044,0.42,37.0,0.41,60.0,0.44,5.0,0.47,110.0,0.57,105.0,0.56,80.0,0.63,40.92,0.64,71.37,0.02,0.06,2338.283875,1776271716000
1776271719.295,219.295,0.48,5.0,0.47,15.0,0.49,50.0,0.5,20.0,0.53,110.0,0.52,119.24,0.58,37.0,0.59,60.0,0.01,0.05,2338.41282,1776271717000
1776271720.47,220.47,0.48,15.0,0.47,20.0,0.5,30.0,0.51,146.0,0.51,50.0,0.5,20.0,0.53,15.0,0.54,17.0,0.02,0.02,2338.506196,1776271719000
1776271720.945,220.945,0.47,19.0,0.46,31.0,0.48,5.08,0.49,20.0,0.5,30.0,0.49,146.0,0.52,15.0,0.53,20.0,0.01,0.02,2338.506196,1776271719000
1776271721.441,221.441,0.48,5.9,0.47,10.0,0.49,14.81,0.5,35.5,0.51,20.0,0.5,25.0,0.54,31.0,0.55,20.5,0.01,0.03,2338.506196,1776271719000
1776271721.786,221.786,0.47,5.0,0.46,21.0,0.48,3.5,0.49,20.5,0.5,35.5,0.49,156.5,0.52,5.9,0.53,10.0,0.01,0.02,2338.515994,1776271720000
1776271722.01,222.01,0.46,18.42,0.45,25.5,0.47,8.7,0.48,3.5,0.52,3.5,0.51,20.5,0.54,18.42,0.55,20.5,0.01,0.02,2338.515994,1776271720000
1776271722.408,222.408,0.46,18.42,0.45,15.0,0.47,1.0,0.48,14.0,0.53,2.3,0.52,3.5,0.54,18.42,0.55,25.5,0.01,0.01,2338.515994,1776271720000
1776271722.868,222.868,0.42,4.09,0.41,56.0,0.43,25.0,0.44,20.0,0.53,1.0,0.52,14.0,0.54,18.42,0.55,15.0,0.01,0.01,2338.525751,1776271721000
1776271723.238,223.238,0.41,90.18,0.4,77.0,0.42,3.6,0.43,20.0,0.58,8.5,0.57,30.0,0.59,53.68,0.6,91.0,0.01,0.01,2338.525751,1776271721000
1776271723.555,223.555,0.44,47.5,0.43,30.5,0.46,3.7,0.49,30.0,0.58,3.6,0.57,20.0,0.59,90.18,0.6,77.0,0.02,0.01,2338.544382,1776271722000
1776271726.304,226.304,0.48,29.0,0.47,5.0,0.5,80.5,0.51,131.5,0.54,8.7,0.51,40.5,0.55,39.92,0.56,41.5,0.02,0.01,2338.370792,1776271724000
1776271731.908,231.908,0.46,36.64,0.45,218.5,0.47,5.0,0.48,7.73,0.52,23.23,0.51,42.83,0.53,15.0,0.54,17.0,0.01,0.01,2338.437212,1776271730000
1776271732.283,232.283,0.46,96.64,0.45,213.5,0.47,2.87,0.48,7.73,0.53,5.0,0.52,7.73,0.54,36.64,0.55,218.5,0.01,0.01,2338.436635,1776271731000
1776271733.886,233.886,0.46,104.5,0.45,194.5,0.48,5.0,0.49,5.0,0.53,2.87,0.52,7.73,0.54,96.64,0.55,213.5,0.02,0.01,2338.427179,1776271732000
1776271734.897,234.897,0.47,104.5,0.46,94.5,0.49,1.86,0.5,40.0,0.52,5.0,0.51,5.0,0.54,104.5,0.55,194.5,0.02,0.02,2338.435492,1776271733000
1776271735.911,235.911,0.47,20.57,0.46,134.5,0.5,35.0,0.51,177.5,0.51,1.86,0.5,40.0,0.53,104.5,0.54,94.5,0.03,0.02,2338.5073,1776271734000
1776271739.379,239.379,0.42,25.0,0.41,39.0,0.43,92.22,0.44,111.5,0.5,35.0,0.49,177.5,0.53,20.57,0.54,134.5,0.01,0.03,2338.5424,1776271737000
1776271739.725,239.725,0.4,27.33,0.39,25.5,0.41,15.0,0.42,46.5,0.57,92.22,0.56,111.5,0.58,25.0,0.59,39.0,0.01,0.01,2338.51745,1776271738000
1776271740.061,240.061,0.4,24.0,0.39,5.0,0.41,119.0,0.42,101.5,0.59,15.0,0.58,46.5,0.6,27.33,0.61,25.5,0.01,0.01,2338.51745,1776271738000
1776271740.402,240.402,0.4,24.0,0.38,5.0,0.41,107.1,0.42,164.0,0.59,119.0,0.58,101.5,0.6,24.0,0.61,5.0,0.01,0.01,2338.504925,1776271739000
1776271740.649,240.649,0.4,14.11,0.38,15.0,0.41,101.0,0.42,164.0,0.59,107.1,0.58,164.0,0.6,14.11,0.62,5.0,0.01,0.01,2338.504925,1776271739000
1776271741.176,241.176,0.4,5.77,0.39,5.0,0.41,79.7,0.42,174.0,0.59,94.7,0.58,164.0,0.6,10.77,0.62,15.0,0.01,0.01,2338.504925,1776271739000
1776271741.584,241.584,0.42,88.0,0.41,210.0,0.43,37.45,0.47,25.0,0.59,3.2,0.58,31.0,0.6,15.0,0.61,15.0,0.01,0.01,2338.504925,1776271739000
1776271741.883,241.883,0.49,9.83,0.48,15.0,0.51,116.0,0.52,115.2,0.53,25.0,0.5,45.0,0.58,101.0,0.59,210.0,0.02,0.05,2338.25825,1776271740000
1776271742.501,242.501,0.51,36.0,0.5,106.0,0.53,5.0,0.54,91.33,0.49,14.0,0.48,115.2,0.5,10.0,0.51,13.83,0.02,0.01,2338.146581,1776271741000
1776271742.91,242.91,0.52,26.0,0.51,55.0,0.56,100.0,0.57,255.0,0.47,5.0,0.46,91.33,0.49,36.0,0.5,106.0,0.04,0.02,2338.146581,1776271741000
1776271743.329,243.329,0.54,5.34,0.53,16.0,0.56,115.0,0.57,362.0,0.44,105.0,0.43,255.0,0.46,8.69,0.47,10.0,0.02,0.02,2338.164676,1776271742000
1776271743.719,243.719,0.53,3.07,0.52,21.0,0.54,114.03,0.55,65.0,0.46,57.03,0.45,70.0,0.47,21.0,0.48,31.0,0.01,0.01,2338.164676,1776271742000
1776271744.098,244.098,0.5,20.0,0.49,45.0,0.53,53.24,0.54,92.74,0.49,9.32,0.48,15.0,0.5,10.0,0.51,48.83,0.03,0.01,2338.164676,1776271742000
1776271745.293,245.293,0.56,88.13,0.55,70.0,0.57,40.0,0.58,160.0,0.47,53.24,0.46,92.74,0.5,20.0,0.51,45.0,0.01,0.03,2338.7072,1776271744000
1776271746.406,246.406,0.67,26.0,0.66,10.0,0.68,4.45,0.69,75.0,0.43,35.0,0.42,160.0,0.44,101.88,0.45,75.0,0.01,0.01,2338.7072,1776271744000
1776271746.771,246.771,0.64,60.38,0.63,81.0,0.69,114.0,0.7,72.0,0.32,4.45,0.31,75.0,0.33,26.0,0.34,10.0,0.05,0.01,2338.71826,1776271745000
1776271747.164,247.164,0.68,5.19,0.67,10.0,0.69,35.0,0.7,77.0,0.31,114.0,0.3,72.0,0.36,60.38,0.37,81.0,0.01,0.05,2338.771827,1776271746000
1776271747.628,247.628,0.66,10.0,0.65,10.0,0.67,4.13,0.68,15.0,0.31,10.0,0.3,77.0,0.34,15.0,0.35,10.0,0.01,0.03,2338.771827,1776271746000
1776271748.14,248.14,0.64,45.0,0.63,25.0,0.65,22.44,0.66,65.0,0.33,4.13,0.32,15.0,0.34,10.0,0.35,10.0,0.01,0.01,2338.771827,1776271746000
1776271748.539,248.539,0.59,5.0,0.58,20.0,0.6,10.16,0.61,65.0,0.35,22.44,0.34,65.0,0.36,45.0,0.37,25.0,0.01,0.01,2339.442275,1776271747000
1776271748.95,248.95,0.58,5.0,0.57,95.0,0.59,1.32,0.6,20.16,0.4,15.16,0.39,60.0,0.42,16.76,0.43,95.0,0.01,0.02,2339.442275,1776271747000
1776271749.907,249.907,0.55,135.0,0.54,90.0,0.57,10.0,0.58,10.0,0.41,1.32,0.4,20.16,0.42,5.0,0.43,95.0,0.02,0.01,2339.304747,1776271748000
1776271750.291,250.291,0.57,40.0,0.56,70.0,0.62,25.0,0.63,60.0,0.42,10.0,0.4,30.0,0.44,30.0,0.45,115.0,0.05,0.02,2339.304747,1776271748000
1776271750.997,250.997,0.6,5.0,0.59,20.0,0.62,85.0,0.63,80.0,0.38,25.0,0.37,60.0,0.43,40.0,0.44,70.0,0.02,0.05,2339.1423,1776271749000
1776271751.313,251.313,0.57,0.34,0.56,5.0,0.59,15.0,0.6,51.66,0.4,41.66,0.39,65.0,0.42,15.0,0.43,10.0,0.02,0.02,2339.111025,1776271750000
1776271751.699,251.699,0.54,25.0,0.52,6.0,0.55,17.0,0.56,15.0,0.41,15.0,0.4,51.66,0.43,0.34,0.44,5.0,0.01,0.02,2339.111025,1776271750000
1776271752.02,252.02,0.52,21.0,0.51,55.0,0.53,12.0,0.54,10.0,0.45,17.0,0.44,15.0,0.46,25.0,0.48,6.0,0.01,0.01,2339.111025,1776271750000
1776271753.503,253.503,0.52,9.4,0.51,61.5,0.53,17.0,0.54,23.0,0.42,44.65,0.41,70.0,0.48,16.0,0.49,55.0,0.01,0.06,2339.043852,1776271751000
1776271756.533,256.533,0.67,163.0,0.66,85.0,0.68,75.0,0.69,40.0,0.47,15.7,0.46,23.0,0.48,25.0,0.49,66.5,0.01,0.01,2338.800473,1776271755000
1776271756.735,256.735,0.69,27.0,0.68,41.0,0.72,120.0,0.73,160.0,0.32,75.0,0.31,40.0,0.33,163.0,0.34,85.0,0.03,0.01,2338.800473,1776271755000
1776271758.446,258.446,0.74,56.8,0.73,36.0,0.75,50.0,0.76,170.0,0.28,125.0,0.27,160.0,0.29,39.0,0.3,16.0,0.01,0.01,2339.205265,1776271757000
1776271758.799,258.799,0.74,46.8,0.73,41.0,0.75,3.66,0.76,170.0,0.25,50.0,0.24,170.0,0.26,56.8,0.27,36.0,0.01,0.01,2339.205265,1776271757000
1776271759.13,259.13,0.75,41.0,0.74,36.8,0.77,235.0,0.78,125.0,0.25,3.66,0.24,170.0,0.26,46.8,0.27,41.0,0.02,0.01,2339.431297,1776271758000
1776271760.142,260.142,0.75,45.72,0.74,35.8,0.77,140.0,0.78,125.0,0.23,235.0,0.22,125.0,0.25,41.0,0.26,36.8,0.02,0.02,2339.572,1776271759000
1776271761.676,261.676,0.76,10.0,0.75,30.72,0.77,34.02,0.78,100.0,0.23,140.0,0.22,125.0,0.25,45.72,0.26,35.8,0.01,0.02,2339.601795,1776271760000
1776271761.991,261.991,0.76,20.0,0.75,30.72,0.78,42.5,0.79,125.0,0.23,34.02,0.22,100.0,0.24,10.0,0.25,30.72,0.02,0.01,2339.60606,1776271761000
1776271762.294,262.294,0.77,16.0,0.76,15.0,0.78,41.25,0.79,125.0,0.22,42.5,0.21,125.0,0.24,20.0,0.25,30.72,0.01,0.02,2339.60606,1776271761000
1776271762.514,262.514,0.77,21.0,0.76,15.0,0.79,75.0,0.8,145.0,0.22,41.25,0.21,125.0,0.23,16.0,0.24,15.0,0.02,0.01,2339.60606,1776271761000
1776271763.574,263.574,0.75,20.0,0.74,35.0,0.77,30.0,0.78,10.0,0.21,75.0,0.2,145.0,0.23,21.0,0.24,15.0,0.02,0.02,2339.62646,1776271762000
1776271763.967,263.967,0.74,10.0,0.73,10.0,0.76,64.36,0.77,42.0,0.24,12.0,0.22,15.0,0.25,3.0,0.26,35.0,0.02,0.01,2339.60298,1776271763000
1776271764.241,264.241,0.71,25.0,0.7,25.0,0.76,195.36,0.77,82.0,0.24,180.36,0.23,77.0,0.25,25.8,0.29,25.0,0.05,0.01,2339.60298,1776271763000
1776271764.985,264.985,0.62,10.0,0.6,75.0,0.63,45.0,0.64,20.7,0.24,195.36,0.23,82.0,0.29,25.0,0.3,25.0,0.01,0.05,2339.5744,1776271764000
1776271765.212,265.212,0.55,10.0,0.54,35.0,0.58,10.0,0.59,10.0,0.37,45.0,0.36,20.7,0.38,10.0,0.4,75.0,0.03,0.01,2339.5744,1776271764000
1776271765.743,265.743,0.57,5.16,0.56,10.0,0.58,21.32,0.59,10.0,0.42,12.0,0.41,10.0,0.44,5.0,0.45,10.0,0.01,0.02,2339.5744,1776271764000
1776271766.697,266.697,0.57,25.16,0.56,10.0,0.58,1.41,0.6,10.0,0.42,21.32,0.41,10.0,0.43,5.16,0.44,10.0,0.01,0.01,2339.362382,1776271765000
1776271767.223,267.223,0.57,10.16,0.56,80.16,0.58,15.0,0.59,17.0,0.42,1.41,0.4,10.0,0.43,25.16,0.44,10.0,0.01,0.01,2339.362382,1776271765000
1776271768.061,268.061,0.58,24.42,0.57,15.16,0.59,72.0,0.6,10.0,0.42,15.0,0.41,17.0,0.43,10.16,0.44,80.16,0.01,0.01,2338.953746,1776271766000
1776271769.646,269.646,0.64,10.0,0.63,10.0,0.65,94.07,0.66,120.0,0.41,62.0,0.4,10.0,0.42,18.92,0.43,15.16,0.01,0.01,2338.846952,1776271768000
1776271770.159,270.159,0.64,15.0,0.63,10.0,0.65,89.61,0.66,120.0,0.35,94.07,0.34,120.0,0.36,10.0,0.37,10.0,0.01,0.01,2338.846952,1776271768000
1776271770.755,270.755,0.65,5.1,0.64,10.0,0.66,15.0,0.69,8.0,0.35,89.61,0.34,120.0,0.36,15.0,0.37,10.0,0.01,0.01,2338.80712,1776271769000
1776271771.595,271.595,0.74,42.0,0.73,16.0,0.75,15.65,0.79,25.0,0.34,15.0,0.31,8.0,0.35,5.1,0.36,10.0,0.01,0.01,2338.995176,1776271770000
1776271771.822,271.822,0.74,51.0,0.73,64.0,0.75,5.65,0.8,65.0,0.25,15.65,0.2,65.0,0.26,26.0,0.27,46.0,0.01,0.01,2338.995176,1776271770000
1776271772.55,272.55,0.8,14.95,0.79,21.0,0.81,85.0,0.82,10.0,0.24,0.24,0.2,65.0,0.26,56.0,0.27,64.0,0.01,0.02,2339.00657,1776271771000
1776271773.468,273.468,0.8,85.33,0.79,31.0,0.81,15.0,0.82,10.0,0.19,85.0,0.18,10.0,0.2,14.95,0.21,21.0,0.01,0.01,2339.039489,1776271772000
1776271776.091,276.091,0.8,50.33,0.79,16.0,0.81,11.19,0.83,35.0,0.19,15.0,0.18,10.0,0.2,85.33,0.21,31.0,0.01,0.01,2339.623395,1776271775000
1776271776.334,276.334,0.82,34.5,0.79,9.0,0.83,35.0,0.84,20.0,0.19,11.19,0.17,35.0,0.21,9.0,0.22,16.0,0.01,0.02,2339.623395,1776271775000
1776271776.635,276.635,0.82,9.61,0.81,15.0,0.83,84.73,0.84,25.0,0.17,33.79,0.16,20.0,0.18,34.5,0.21,9.0,0.01,0.01,2339.623395,1776271775000
1776271776.84,276.84,0.77,10.0,0.76,10.0,0.83,20.94,0.84,25.0,0.17,20.94,0.16,25.0,0.2,0.61,0.21,10.0,0.06,0.03,2339.623395,1776271775000
1776271777.255,277.255,0.75,5.0,0.73,35.0,0.82,35.0,0.83,25.94,0.17,20.94,0.16,25.0,0.23,10.0,0.24,10.0,0.07,0.06,2339.67838,1776271776000
1776271777.55,277.55,0.73,35.0,0.71,75.0,0.74,83.68,0.75,25.0,0.18,35.0,0.17,25.94,0.25,5.0,0.27,35.0,0.01,0.07,2339.67838,1776271776000
1776271779.264,279.264,0.71,9.0,0.7,15.0,0.72,30.0,0.73,10.0,0.26,83.68,0.25,25.0,0.27,35.0,0.29,75.0,0.01,0.01,2339.663175,1776271777000
1776271779.707,279.707,0.7,15.0,0.69,10.0,0.72,27.22,0.73,10.0,0.28,27.22,0.27,10.0,0.29,4.0,0.3,15.0,0.02,0.01,2339.324412,1776271778000
1776271780.203,280.203,0.71,9.98,0.7,15.0,0.72,27.22,0.73,10.0,0.28,27.22,0.27,10.0,0.3,15.0,0.31,10.0,0.01,0.02,2339.324412,1776271778000
1776271782.214,282.214,0.74,4.0,0.73,10.0,0.75,30.0,0.76,60.0,0.28,27.22,0.27,10.0,0.29,9.98,0.3,15.0,0.01,0.01,2339.069969,1776271781000
1776271786.047,286.047,0.81,15.0,0.8,10.0,0.82,50.0,0.83,25.0,0.25,30.0,0.24,60.0,0.26,4.0,0.27,10.0,0.01,0.01,2339.160793,1776271784000
1776271786.254,286.254,0.82,4.44,0.81,25.0,0.83,25.0,0.84,10.0,0.18,50.0,0.17,25.0,0.19,15.0,0.2,10.0,0.01,0.01,2339.12951,1776271785000
1776271787.014,287.014,0.71,5.0,0.69,10.0,0.75,3.43,0.82,10.0,0.17,30.94,0.16,10.0,0.19,31.73,0.2,29.0,0.04,0.02,2339.12951,1776271785000
1776271787.223,287.223,0.75,14.98,0.74,15.0,0.78,10.0,0.79,10.0,0.21,10.0,0.2,20.0,0.24,10.0,0.25,15.0,0.03,0.03,2339.12951,1776271785000
1776271787.582,287.582,0.76,6.99,0.75,10.0,0.78,10.0,0.79,10.0,0.22,10.0,0.21,10.0,0.25,14.98,0.26,15.0,0.02,0.03,2339.060355,1776271786000
1776271787.846,287.846,0.75,15.0,0.74,10.0,0.77,8.5,0.78,10.0,0.22,10.0,0.21,10.0,0.24,6.99,0.25,10.0,0.02,0.02,2339.060355,1776271786000
1776271788.416,288.416,0.78,10.0,0.77,15.0,0.79,3.67,0.81,10.0,0.23,8.5,0.22,10.0,0.25,15.0,0.26,10.0,0.01,0.02,2339.060355,1776271786000
1776271789.508,289.508,0.84,20.0,0.83,20.0,0.86,23.48,0.87,60.0,0.21,3.67,0.19,10.0,0.22,10.0,0.23,15.0,0.02,0.01,2339.19006,1776271788000
1776271789.874,289.874,0.83,5.0,0.82,10.0,0.84,6.16,0.85,10.0,0.13,10.0,0.12,10.0,0.16,15.0,0.17,25.0,0.01,0.03,2339.19006,1776271788000
1776271790.083,290.083,0.82,15.0,0.81,10.0,0.83,10.71,0.84,14.01,0.16,9.01,0.15,10.0,0.19,10.0,0.2,23.11,0.01,0.03,2339.19006,1776271788000
1776271791.844,291.844,0.91,10.0,0.9,16.0,0.92,67.11,0.93,10.0,0.15,8.49,0.14,10.0,0.18,20.0,0.19,20.0,0.01,0.03,2339.351661,1776271790000
1776271792.104,292.104,0.91,5.0,0.9,45.99,0.92,67.11,0.93,10.0,0.08,67.11,0.07,10.0,0.09,10.0,0.1,16.0,0.01,0.01,2339.351661,1776271790000
1776271792.367,292.367,0.91,115.0,0.9,27.0,0.93,10.0,0.94,10.0,0.08,11.83,0.07,10.0,0.09,10.0,0.1,45.99,0.02,0.01,2339.344169,1776271791000
1776271792.601,292.601,0.94,35.0,0.92,171.0,0.95,41.57,0.96,35.0,0.05,61.57,0.04,35.0,0.08,15.0,0.09,132.99,0.01,0.03,2339.344169,1776271791000
1776271792.801,292.801,0.96,140.0,0.94,15.0,0.97,69.18,0.98,187.0,0.03,89.39,0.02,187.0,0.06,403.98,0.07,28.0,0.01,0.03,2339.344169,1776271791000
1776271793.039,293.039,0.96,415.99,0.95,30.0,0.97,45.6,0.98,187.0,0.03,69.18,0.02,187.0,0.04,140.0,0.06,15.0,0.01,0.01,2339.344169,1776271791000
1776271793.485,293.485,0.96,367.99,0.95,90.0,0.98,187.0,0.99,1503.0,0.03,22.01,0.02,187.0,0.04,407.99,0.05,30.0,0.02,0.01,2339.344169,1776271791000
1776271793.79,293.79,0.97,383.98,0.96,40.0,0.98,85.9,0.99,1503.0,0.02,95.0,0.01,1503.0,0.03,102.22,0.04,15.0,0.01,0.01,2339.37705,1776271792000
1776271794.13,294.13,0.98,555.09,0.97,368.0,0.99,144.12,,,0.01,1412.13,,,0.03,383.98,0.04,10.0,0.01,0.02,2339.483983,1776271793000
1776271795.188,295.188,0.99,4104.56,0.98,288.7,,,,,,,,,0.01,863.89,0.02,555.09,,,2339.483983,1776271793000
1776271795.464,295.464,0.99,4559.47,0.98,288.7,,,,,,,,,0.01,4104.56,0.02,288.7,,,2340.406973,1776271794000
1776271796.733,296.733,0.99,4753.46,0.98,277.7,,,,,,,,,0.01,4559.47,0.02,288.7,,,2340.655063,1776271795000
1776271800.428,300.428,0.99,65187.01,0.98,357.7,,,,,,,,,0.01,4753.46,0.02,277.7,,,2341.772741,1776271799000
1776271800.788,300.788,0.99,66213.4,0.98,357.7,,,,,,,,,0.01,65152.01,0.02,357.7,,,2341.772741,1776271799000

# RESULT,winner=Up,slug=eth-updown-5m-1776271500,ticks=371
