timestamp,elapsed_sec,up_bid_p1,up_bid_s1,up_bid_p2,up_bid_s2,up_ask_p1,up_ask_s1,up_ask_p2,up_ask_s2,down_bid_p1,down_bid_s1,down_bid_p2,down_bid_s2,down_ask_p1,down_ask_s1,down_ask_p2,down_ask_s2,up_spread,down_spread,eth_price,eth_oracle_ts
1776375300.502,0.502,0.52,10.0,0.51,5.0,0.54,25.0,0.58,70.0,0.46,30.0,0.39,34.0,0.48,10.0,0.49,5.0,0.02,0.02,2342.67614,1776375299000
1776375300.727,0.727,0.52,10.0,0.51,34.41,0.54,20.0,0.58,70.0,0.46,25.0,0.42,70.0,0.48,10.0,0.49,5.0,0.02,0.02,2342.67614,1776375299000
1776375301.103,1.103,0.52,5.83,0.51,34.41,0.54,20.0,0.58,70.0,0.46,20.0,0.42,70.0,0.48,10.0,0.49,34.41,0.02,0.02,2342.67614,1776375299000
1776375302.021,2.021,0.53,61.0,0.52,183.47,0.54,10.0,0.55,200.0,0.46,15.0,0.42,70.0,0.48,5.83,0.49,34.41,0.01,0.02,2342.88631,1776375300000
1776375302.371,2.371,0.53,12.0,0.52,17.83,0.54,6.83,0.55,205.0,0.46,10.0,0.45,200.0,0.47,61.0,0.48,183.47,0.01,0.01,2342.88631,1776375300000
1776375302.919,2.919,0.53,4.32,0.52,10.83,0.54,12.6,0.55,214.0,0.46,2.6,0.45,214.0,0.47,1.32,0.48,5.83,0.01,0.01,2342.93136,1776375301000
1776375303.5,3.5,0.53,14.32,0.52,20.83,0.54,8.93,0.55,214.0,0.46,12.6,0.45,214.0,0.47,4.32,0.48,10.83,0.01,0.01,2342.93136,1776375301000
1776375304.358,4.358,0.53,10.06,0.52,20.83,0.54,5.26,0.55,214.0,0.46,5.26,0.45,214.0,0.47,14.32,0.48,20.83,0.01,0.01,2343.306713,1776375302000
1776375305.024,5.024,0.53,10.06,0.52,50.08,0.54,3.18,0.55,214.0,0.46,5.26,0.45,214.0,0.47,10.06,0.48,20.83,0.01,0.01,2343.385406,1776375303000
1776375305.696,5.696,0.53,10.06,0.52,50.08,0.55,212.18,0.56,90.0,0.46,3.18,0.45,214.0,0.47,10.06,0.48,50.08,0.02,0.01,2343.229653,1776375304000
1776375306.225,6.225,0.54,10.0,0.53,10.06,0.55,193.18,0.56,90.0,0.45,207.18,0.44,90.0,0.47,10.06,0.48,50.08,0.01,0.02,2343.229653,1776375304000
1776375307.496,7.496,0.54,10.0,0.53,15.06,0.55,191.18,0.56,90.0,0.45,193.18,0.44,90.0,0.46,10.0,0.47,10.06,0.01,0.01,2343.170144,1776375305000
1776375308.397,8.397,0.54,10.0,0.53,10.06,0.55,192.18,0.56,90.0,0.45,191.18,0.44,90.0,0.46,10.0,0.47,15.06,0.01,0.01,2343.17401,1776375306000
1776375311.446,11.446,0.54,10.0,0.53,25.56,0.55,217.49,0.56,75.0,0.45,192.18,0.44,90.0,0.46,10.0,0.47,10.06,0.01,0.01,2343.171558,1776375309000
1776375311.759,11.759,0.54,7.82,0.53,30.56,0.55,217.49,0.56,75.0,0.45,217.49,0.44,75.0,0.46,10.0,0.47,25.56,0.01,0.01,2343.149886,1776375310000
1776375312.009,12.009,0.54,7.82,0.53,30.56,0.55,212.03,0.56,75.0,0.45,217.49,0.44,75.0,0.46,7.82,0.47,30.56,0.01,0.01,2343.149886,1776375310000
1776375312.351,12.351,0.54,69.7,0.53,35.56,0.55,174.53,0.56,80.5,0.45,212.03,0.44,75.0,0.46,7.82,0.47,30.56,0.01,0.01,2343.149886,1776375310000
1776375312.583,12.583,0.54,56.5,0.53,35.56,0.55,108.1,0.56,85.5,0.45,119.53,0.44,80.5,0.46,69.7,0.47,35.56,0.01,0.01,2343.1954,1776375311000
1776375312.99,12.99,0.54,115.05,0.53,35.56,0.55,118.6,0.56,95.5,0.45,108.1,0.44,85.5,0.46,56.5,0.47,35.56,0.01,0.01,2343.1954,1776375311000
1776375313.208,13.208,0.54,115.05,0.53,35.56,0.55,101.96,0.56,90.5,0.45,118.6,0.44,95.5,0.46,115.05,0.47,35.56,0.01,0.01,2343.199739,1776375312000
1776375314.56,14.56,0.54,158.1,0.53,60.56,0.55,96.96,0.57,10.5,0.45,101.96,0.44,90.5,0.46,115.05,0.47,35.56,0.01,0.01,2343.199739,1776375312000
1776375314.885,14.885,0.54,183.1,0.53,35.56,0.55,54.53,0.58,10.5,0.45,80.63,0.42,10.5,0.46,183.1,0.47,35.56,0.01,0.01,2343.177245,1776375313000
1776375315.169,15.169,0.54,248.3,0.53,155.56,0.55,42.58,0.6,70.0,0.45,54.53,0.42,10.5,0.46,183.1,0.47,35.56,0.01,0.01,2343.177245,1776375313000
1776375316.55,16.55,0.6,30.0,0.59,54.5,0.61,80.5,0.62,70.0,0.4,70.0,0.39,90.0,0.46,229.1,0.47,155.56,0.01,0.06,2343.271598,1776375315000
1776375316.95,16.95,0.61,76.0,0.6,153.4,0.63,15.0,0.64,84.0,0.39,80.5,0.38,70.0,0.4,30.0,0.41,54.5,0.02,0.01,2343.271598,1776375315000
1776375319.261,19.261,0.63,80.66,0.62,40.5,0.64,80.5,0.65,29.0,0.37,15.0,0.36,84.0,0.39,76.0,0.4,153.4,0.01,0.02,2343.62061,1776375317000
1776375319.47,19.47,0.63,19.58,0.62,40.5,0.64,80.5,0.65,34.0,0.36,80.5,0.35,29.0,0.37,80.66,0.38,40.5,0.01,0.01,2343.62061,1776375317000
1776375319.819,19.819,0.57,26.5,0.56,53.0,0.58,15.0,0.59,30.5,0.36,80.5,0.35,34.0,0.37,19.58,0.38,40.5,0.01,0.01,2343.62061,1776375317000
1776375320.03,20.03,0.57,23.5,0.56,53.0,0.58,6.37,0.59,35.5,0.42,15.0,0.41,30.5,0.43,26.5,0.44,53.0,0.01,0.01,2343.62061,1776375317000
1776375320.899,20.899,0.58,25.0,0.57,28.5,0.59,30.0,0.6,105.5,0.42,6.37,0.41,35.5,0.43,23.5,0.44,53.0,0.01,0.01,2343.787495,1776375319000
1776375321.173,21.173,0.58,25.0,0.57,33.5,0.59,28.3,0.6,105.5,0.41,30.0,0.4,105.5,0.42,25.0,0.43,28.5,0.01,0.01,2343.787495,1776375319000
1776375322.003,22.003,0.58,15.0,0.57,26.0,0.59,25.5,0.6,105.5,0.41,28.3,0.4,105.5,0.42,25.0,0.43,33.5,0.01,0.01,2343.793619,1776375320000
1776375323.157,23.157,0.58,15.0,0.57,26.0,0.61,73.32,0.62,126.5,0.41,25.5,0.4,105.5,0.42,15.0,0.43,26.0,0.03,0.01,2343.74425,1776375321000
1776375324.244,24.244,0.6,50.0,0.59,23.47,0.61,62.12,0.62,101.0,0.39,73.32,0.38,126.5,0.42,15.0,0.43,26.0,0.01,0.03,2343.612479,1776375322000
1776375324.593,24.593,0.6,45.0,0.59,23.47,0.61,62.15,0.62,101.0,0.39,62.12,0.38,101.0,0.4,50.0,0.41,23.47,0.01,0.01,2343.58004,1776375323000
1776375326.866,26.866,0.62,15.0,0.61,15.0,0.63,22.0,0.64,124.0,0.39,62.15,0.38,101.0,0.4,45.0,0.41,23.47,0.01,0.01,2343.590092,1776375325000
1776375328.227,28.227,0.59,13.47,0.58,15.5,0.62,12.43,0.63,15.0,0.37,16.29,0.36,124.0,0.38,15.0,0.39,20.0,0.03,0.01,2343.590692,1776375326000
1776375328.801,28.801,0.59,5.47,0.56,41.0,0.6,101.0,0.61,175.5,0.38,12.43,0.37,15.0,0.41,13.47,0.42,15.5,0.01,0.03,2343.598378,1776375327000
1776375329.079,29.079,0.59,0.34,0.54,16.05,0.6,137.5,0.61,195.5,0.4,101.0,0.39,175.5,0.41,5.47,0.44,41.0,0.01,0.01,2343.598378,1776375327000
1776375331.221,31.221,0.54,4.68,0.53,21.06,0.55,127.0,0.56,20.0,0.4,137.5,0.39,195.5,0.46,16.05,0.47,27.06,0.01,0.06,2343.63677,1776375329000
1776375331.692,31.692,0.54,14.68,0.53,25.06,0.57,49.92,0.58,38.5,0.45,127.0,0.44,20.0,0.46,4.68,0.47,21.06,0.03,0.01,2343.3232,1776375330000
1776375332.117,32.117,0.55,7.77,0.54,5.0,0.56,39.0,0.57,115.42,0.43,49.92,0.42,38.5,0.46,14.68,0.47,25.06,0.01,0.03,2343.3232,1776375330000
1776375332.317,32.317,0.54,8.67,0.53,20.56,0.56,30.0,0.57,122.42,0.44,39.0,0.43,115.42,0.45,7.77,0.46,5.0,0.02,0.01,2343.3232,1776375330000
1776375333.576,33.576,0.55,10.0,0.54,13.67,0.56,46.85,0.57,98.92,0.44,30.0,0.43,122.42,0.46,8.67,0.47,20.56,0.01,0.02,2343.235285,1776375332000
1776375334.612,34.612,0.55,10.0,0.54,13.67,0.56,239.85,0.57,114.42,0.44,46.85,0.43,98.92,0.45,10.0,0.46,13.67,0.01,0.01,2343.194483,1776375333000
1776375337.224,37.224,0.54,8.67,0.53,30.05,0.56,245.35,0.57,115.42,0.44,239.85,0.43,114.42,0.45,10.0,0.46,13.67,0.02,0.01,2343.247383,1776375336000
1776375337.923,37.923,0.52,212.57,0.51,144.41,0.54,124.2,0.55,132.0,0.44,245.35,0.43,115.42,0.46,8.67,0.47,30.05,0.02,0.02,2343.247383,1776375336000
1776375338.245,38.245,0.51,128.76,0.5,40.0,0.53,33.57,0.54,45.0,0.47,48.57,0.46,90.0,0.48,77.35,0.49,139.41,0.02,0.01,2343.247383,1776375336000
1776375338.735,38.735,0.49,30.69,0.48,22.71,0.5,22.0,0.51,140.0,0.49,80.0,0.48,80.0,0.51,33.93,0.52,22.71,0.01,0.02,2343.180001,1776375337000
1776375339.209,39.209,0.49,51.21,0.48,22.71,0.5,32.0,0.51,145.31,0.5,22.0,0.49,140.0,0.51,27.39,0.52,22.71,0.01,0.01,2343.179864,1776375338000
1776375341.255,41.255,0.49,32.76,0.48,32.71,0.5,32.0,0.51,150.31,0.5,32.0,0.49,145.31,0.51,51.21,0.52,22.71,0.01,0.01,2342.94954,1776375339000
1776375341.673,41.673,0.49,10.76,0.48,32.71,0.5,32.0,0.51,150.31,0.5,32.0,0.49,150.31,0.51,32.76,0.52,32.71,0.01,0.01,2342.773583,1776375340000
1776375343.66,43.66,0.47,205.0,0.46,23.71,0.48,22.5,0.49,66.5,0.5,32.0,0.49,150.31,0.51,10.76,0.52,32.71,0.01,0.01,2342.745512,1776375342000
1776375344.807,44.807,0.47,204.0,0.46,49.21,0.48,15.0,0.49,116.0,0.52,22.5,0.51,66.5,0.53,205.0,0.54,23.71,0.01,0.01,2342.73628,1776375343000
1776375345.726,45.726,0.48,17.0,0.47,217.99,0.49,93.25,0.5,30.5,0.51,100.0,0.5,25.5,0.52,17.0,0.53,207.71,0.01,0.01,2342.748849,1776375344000
1776375346.089,46.089,0.47,212.99,0.46,38.5,0.48,10.0,0.49,93.25,0.51,93.25,0.5,30.5,0.53,202.0,0.54,38.5,0.01,0.02,2342.748849,1776375344000
1776375347.351,47.351,0.47,148.0,0.45,73.0,0.48,190.31,0.49,34.5,0.52,10.0,0.51,93.25,0.53,212.99,0.54,38.5,0.01,0.01,2342.6991,1776375346000
1776375347.695,47.695,0.4,4.37,0.39,24.71,0.41,86.5,0.42,10.0,0.52,208.31,0.51,34.5,0.55,60.0,0.56,20.0,0.01,0.03,2342.6991,1776375346000
1776375349.429,49.429,0.37,85.29,0.36,29.5,0.38,74.73,0.39,85.0,0.62,59.29,0.6,10.0,0.63,50.0,0.66,21.7,0.01,0.01,2342.704062,1776375348000
1776375349.981,49.981,0.37,90.4,0.36,37.5,0.38,38.0,0.39,80.0,0.62,74.73,0.61,85.0,0.63,85.29,0.64,29.5,0.01,0.01,2342.704062,1776375348000
1776375350.459,50.459,0.37,115.9,0.36,47.5,0.38,9.36,0.39,88.0,0.62,12.0,0.61,80.0,0.63,90.4,0.64,37.5,0.01,0.01,2341.972434,1776375349000
1776375350.679,50.679,0.37,107.44,0.36,47.5,0.38,4.08,0.39,88.0,0.62,6.72,0.61,88.0,0.63,107.44,0.64,47.5,0.01,0.01,2341.972434,1776375349000
1776375355.731,55.731,0.37,108.85,0.36,34.5,0.38,32.08,0.39,101.0,0.62,4.08,0.61,88.0,0.63,104.44,0.64,47.5,0.01,0.01,2341.930585,1776375354000
1776375356.299,56.299,0.37,66.46,0.36,24.0,0.38,50.0,0.39,90.0,0.62,32.08,0.61,101.0,0.63,108.85,0.64,34.5,0.01,0.01,2341.930585,1776375355000
1776375356.775,56.775,0.37,34.46,0.36,44.5,0.38,18.0,0.39,80.0,0.62,50.0,0.61,90.0,0.63,44.46,0.64,24.0,0.01,0.01,2341.930585,1776375355000
1776375356.982,56.982,0.37,106.87,0.36,52.5,0.39,86.84,0.4,10.0,0.62,15.0,0.61,90.0,0.63,48.87,0.64,52.5,0.02,0.01,2341.930585,1776375355000
1776375357.461,57.461,0.38,117.79,0.37,98.08,0.39,101.84,0.4,10.0,0.61,86.84,0.6,10.0,0.63,106.87,0.64,52.5,0.01,0.02,2341.93549,1776375356000
1776375357.662,57.662,0.38,122.79,0.37,101.08,0.39,94.27,0.4,10.0,0.61,99.27,0.6,10.0,0.62,117.79,0.63,106.08,0.01,0.01,2341.93549,1776375356000
1776375359.014,59.014,0.38,212.5,0.37,98.08,0.41,25.0,0.42,100.0,0.61,94.27,0.6,10.0,0.62,122.79,0.63,101.08,0.03,0.01,2341.93578,1776375358000
1776375359.506,59.506,0.41,35.65,0.4,25.0,0.43,50.0,0.45,25.0,0.59,25.0,0.58,100.0,0.62,212.5,0.63,98.08,0.02,0.03,2341.93578,1776375358000
1776375360.855,60.855,0.49,18.0,0.48,10.0,0.5,200.0,0.52,29.91,0.57,50.0,0.55,25.0,0.59,35.65,0.6,25.0,0.01,0.02,2341.970597,1776375359000
1776375361.087,61.087,0.49,20.49,0.48,10.0,0.5,200.0,0.51,5.0,0.5,200.0,0.48,29.91,0.51,18.0,0.52,10.0,0.01,0.01,2341.970597,1776375359000
1776375362.458,62.458,0.49,6.38,0.48,20.5,0.5,200.0,0.52,5.0,0.5,200.0,0.49,5.0,0.51,15.49,0.52,10.0,0.01,0.01,2342.564074,1776375361000
1776375363.252,63.252,0.49,58.49,0.48,54.5,0.5,170.0,0.53,10.0,0.5,200.0,0.47,10.0,0.51,23.49,0.52,20.5,0.01,0.01,2342.617185,1776375362000
1776375363.609,63.609,0.49,46.13,0.48,84.65,0.5,108.04,0.53,15.0,0.5,108.04,0.47,10.0,0.51,58.49,0.52,54.5,0.01,0.01,2342.617185,1776375362000
1776375364.199,64.199,0.49,74.09,0.48,84.65,0.5,108.04,0.51,25.0,0.5,108.04,0.47,15.0,0.51,46.13,0.52,84.65,0.01,0.01,2342.74031,1776375363000
1776375365.572,65.572,0.49,56.09,0.48,49.5,0.5,130.04,0.51,25.0,0.5,108.04,0.49,25.0,0.51,74.09,0.52,84.65,0.01,0.01,2342.815876,1776375364000
1776375366.632,66.632,0.49,54.09,0.48,49.5,0.5,128.04,0.51,50.0,0.5,130.04,0.49,25.0,0.51,56.09,0.52,49.5,0.01,0.01,2342.884311,1776375365000
1776375367.02,67.02,0.49,51.46,0.48,116.23,0.5,128.04,0.51,50.0,0.5,128.04,0.49,50.0,0.51,54.09,0.52,49.5,0.01,0.01,2342.884311,1776375365000
1776375369.172,69.172,0.49,51.46,0.48,49.5,0.5,118.04,0.51,50.0,0.5,128.04,0.49,50.0,0.51,51.46,0.52,116.23,0.01,0.01,2342.886375,1776375367000
1776375369.557,69.557,0.49,28.46,0.48,63.9,0.5,116.5,0.51,50.0,0.5,118.04,0.49,50.0,0.51,51.46,0.52,49.5,0.01,0.01,2342.896702,1776375368000
1776375371.108,71.108,0.49,69.31,0.48,63.9,0.5,20.0,0.51,50.0,0.5,116.5,0.49,50.0,0.51,28.46,0.52,63.9,0.01,0.01,2342.896702,1776375369000
1776375373.449,73.449,0.49,67.31,0.48,44.5,0.5,18.0,0.51,65.0,0.5,20.0,0.49,50.0,0.51,69.31,0.52,63.9,0.01,0.01,2342.863349,1776375372000
1776375374.756,74.756,0.46,200.0,0.45,20.0,0.5,150.41,0.51,125.5,0.5,18.0,0.49,65.0,0.51,67.31,0.52,44.5,0.04,0.01,2342.85794,1776375373000
1776375375.181,75.181,0.46,191.8,0.45,20.0,0.47,94.93,0.48,38.5,0.5,155.49,0.49,138.5,0.54,207.8,0.55,33.0,0.01,0.04,2342.85794,1776375373000
1776375376.406,76.406,0.46,186.8,0.45,20.0,0.47,220.62,0.48,43.5,0.53,90.13,0.52,38.5,0.54,191.8,0.55,20.0,0.01,0.01,2342.857132,1776375374000
1776375377.004,77.004,0.46,136.8,0.45,20.0,0.47,417.63,0.48,48.5,0.53,220.62,0.52,43.5,0.54,186.8,0.55,20.0,0.01,0.01,2342.811572,1776375375000
1776375378.503,78.503,0.38,12.0,0.37,61.58,0.39,24.0,0.4,10.0,0.53,417.63,0.52,48.5,0.55,20.0,0.59,35.0,0.01,0.02,2342.532732,1776375377000
1776375379.208,79.208,0.38,20.88,0.37,61.58,0.39,64.0,0.4,20.0,0.61,24.0,0.6,10.0,0.62,12.0,0.63,61.58,0.01,0.01,2342.532732,1776375377000
1776375379.731,79.731,0.38,15.88,0.37,66.58,0.39,90.92,0.4,20.0,0.61,64.0,0.6,20.0,0.62,15.88,0.63,61.58,0.01,0.01,2342.284277,1776375378000
1776375382.121,82.121,0.38,14.26,0.37,145.43,0.39,143.42,0.4,20.0,0.61,90.92,0.6,20.0,0.62,15.88,0.63,66.58,0.01,0.01,2342.26776,1776375380000
1776375386.21,86.21,0.36,75.0,0.35,45.0,0.38,274.5,0.39,147.45,0.61,143.42,0.6,20.0,0.62,14.26,0.63,145.43,0.02,0.01,2342.221717,1776375385000
1776375387.251,87.251,0.35,151.44,0.34,70.0,0.36,371.5,0.37,50.5,0.62,274.5,0.61,147.45,0.64,75.0,0.65,45.0,0.01,0.02,2342.221717,1776375385000
1776375387.708,87.708,0.35,96.21,0.34,70.0,0.36,371.5,0.37,45.5,0.64,371.5,0.63,50.5,0.65,121.6,0.66,70.0,0.01,0.01,2342.221717,1776375385000
1776375388.087,88.087,0.35,95.21,0.34,70.0,0.36,397.5,0.37,61.27,0.64,371.5,0.63,45.5,0.65,96.21,0.66,70.0,0.01,0.01,2342.086725,1776375386000
1776375388.464,88.464,0.3,218.96,0.29,25.0,0.32,96.0,0.33,91.46,0.64,422.5,0.63,61.27,0.66,20.0,0.67,25.0,0.02,0.02,2342.086725,1776375386000
1776375389.106,89.106,0.27,25.0,0.26,100.0,0.28,150.13,0.29,95.0,0.68,96.0,0.67,91.46,0.7,218.96,0.71,25.0,0.01,0.02,2341.945665,1776375387000
1776375389.567,89.567,0.24,50.0,0.23,41.0,0.25,4.4,0.26,98.0,0.72,150.13,0.71,95.0,0.73,25.0,0.74,100.0,0.01,0.01,2341.945665,1776375387000
1776375389.869,89.869,0.23,22.5,0.22,69.0,0.24,91.0,0.25,39.4,0.75,4.4,0.74,98.0,0.76,50.0,0.77,41.0,0.01,0.01,2341.748792,1776375388000
1776375390.072,90.072,0.23,15.2,0.22,69.0,0.24,134.83,0.25,44.4,0.76,134.0,0.75,39.4,0.77,9.2,0.78,69.0,0.01,0.01,2341.748792,1776375388000
1776375390.473,90.473,0.23,68.2,0.22,74.0,0.24,33.0,0.25,10.4,0.76,134.83,0.75,44.4,0.77,10.2,0.78,69.0,0.01,0.01,2341.748792,1776375388000
1776375390.781,90.781,0.23,60.71,0.22,69.0,0.24,22.83,0.25,10.4,0.76,22.83,0.75,10.4,0.77,66.64,0.78,74.0,0.01,0.01,2341.02742,1776375389000
1776375391.267,91.267,0.23,59.21,0.22,74.0,0.24,27.83,0.25,10.4,0.76,22.83,0.75,10.4,0.77,60.71,0.78,69.0,0.01,0.01,2340.908098,1776375390000
1776375391.57,91.57,0.23,46.71,0.22,74.0,0.24,97.83,0.25,10.4,0.76,27.83,0.75,10.4,0.77,59.21,0.78,74.0,0.01,0.01,2340.908098,1776375390000
1776375392.005,92.005,0.23,7.07,0.22,74.0,0.24,104.83,0.25,35.4,0.76,97.83,0.75,10.4,0.77,36.71,0.78,74.0,0.01,0.01,2340.908098,1776375390000
1776375392.585,92.585,0.23,38.87,0.22,74.0,0.24,129.83,0.25,10.4,0.76,104.83,0.75,35.4,0.77,7.07,0.78,74.0,0.01,0.01,2340.894005,1776375391000
1776375392.918,92.918,0.23,37.23,0.22,74.0,0.24,129.83,0.25,10.4,0.76,129.83,0.75,10.4,0.77,38.87,0.78,74.0,0.01,0.01,2340.894005,1776375391000
1776375395.517,95.517,0.21,20.0,0.2,36.5,0.22,116.45,0.23,60.5,0.76,129.83,0.75,10.4,0.77,37.23,0.78,74.0,0.01,0.01,2341.039843,1776375393000
1776375396.911,96.911,0.21,13.04,0.2,36.5,0.22,292.45,0.23,185.5,0.78,123.45,0.77,60.5,0.79,10.0,0.8,36.5,0.01,0.01,2340.92968,1776375395000
1776375397.927,97.927,0.21,0.38,0.2,36.5,0.22,327.45,0.23,185.5,0.78,292.45,0.77,185.5,0.79,13.04,0.8,36.5,0.01,0.01,2340.76391,1776375396000
1776375398.256,98.256,0.21,0.38,0.2,36.5,0.22,192.76,0.23,60.5,0.78,327.45,0.77,185.5,0.79,0.38,0.8,36.5,0.01,0.01,2340.76391,1776375396000
1776375398.629,98.629,0.21,151.5,0.2,49.5,0.22,13.0,0.23,10.0,0.78,192.76,0.77,60.5,0.79,0.38,0.8,36.5,0.01,0.01,2340.76391,1776375396000
1776375398.955,98.955,0.23,21.0,0.22,122.96,0.24,15.0,0.25,15.4,0.77,16.34,0.76,15.0,0.78,127.96,0.79,85.5,0.01,0.01,2340.76391,1776375396000
1776375399.238,99.238,0.23,126.2,0.22,83.96,0.24,20.0,0.25,10.4,0.76,15.0,0.75,15.4,0.77,21.0,0.78,122.96,0.01,0.01,2340.732549,1776375397000
1776375400.959,100.959,0.23,114.2,0.22,83.96,0.27,9.55,0.28,46.0,0.76,20.0,0.75,10.4,0.77,126.2,0.78,83.96,0.04,0.01,2340.747125,1776375399000
1776375401.162,101.162,0.22,56.66,0.21,36.5,0.27,10.0,0.28,46.0,0.72,46.0,0.71,22.0,0.74,6.0,0.76,7.0,0.05,0.02,2340.747125,1776375399000
1776375401.778,101.778,0.23,26.5,0.22,192.5,0.26,8.91,0.27,15.0,0.73,10.0,0.72,46.0,0.78,56.66,0.79,36.5,0.03,0.05,2340.99291,1776375400000
1776375402.123,102.123,0.24,94.42,0.23,73.5,0.25,10.0,0.26,8.91,0.74,8.91,0.73,25.0,0.77,19.5,0.78,103.5,0.01,0.03,2340.99291,1776375400000
1776375402.346,102.346,0.24,106.42,0.23,73.5,0.26,0.52,0.27,20.0,0.74,0.52,0.73,20.0,0.76,109.42,0.77,73.5,0.02,0.02,2340.99291,1776375400000
1776375404.937,104.937,0.27,96.5,0.26,49.5,0.28,4.62,0.29,17.0,0.74,0.52,0.73,20.0,0.76,106.42,0.77,73.5,0.01,0.02,2341.11315,1776375403000
1776375405.98,105.98,0.27,11.54,0.26,21.5,0.28,44.62,0.29,25.5,0.72,4.62,0.71,27.0,0.73,36.86,0.74,46.5,0.01,0.01,2341.11315,1776375404000
1776375408.157,108.157,0.32,26.25,0.31,10.0,0.35,16.0,0.36,166.25,0.72,69.16,0.71,25.5,0.73,4.54,0.74,21.5,0.03,0.01,2341.26387,1776375407000
1776375408.478,108.478,0.33,55.02,0.32,24.25,0.38,109.99,0.39,91.5,0.65,16.0,0.64,166.25,0.68,26.25,0.69,10.0,0.05,0.03,2341.26387,1776375407000
1776375408.741,108.741,0.34,34.91,0.33,71.02,0.35,20.5,0.36,25.5,0.65,25.5,0.64,25.5,0.66,36.43,0.67,81.02,0.01,0.01,2341.26387,1776375407000
1776375409.39,109.39,0.34,6.39,0.33,71.02,0.35,25.5,0.36,95.93,0.65,20.5,0.64,25.5,0.66,19.91,0.67,71.02,0.01,0.01,2341.31335,1776375408000
1776375410.565,110.565,0.33,79.38,0.32,24.25,0.34,27.55,0.35,20.5,0.65,25.5,0.64,95.93,0.67,72.38,0.68,24.25,0.01,0.02,2341.540155,1776375409000
1776375411.234,111.234,0.33,76.39,0.32,24.25,0.34,137.44,0.35,25.5,0.66,27.55,0.65,20.5,0.67,79.38,0.68,24.25,0.01,0.01,2341.540155,1776375409000
1776375418.165,118.165,0.33,26.52,0.32,15.0,0.35,20.0,0.36,122.49,0.66,142.44,0.65,25.5,0.67,68.39,0.68,19.25,0.02,0.01,2341.71072,1776375417000
1776375418.467,118.467,0.34,16.5,0.33,26.52,0.35,70.49,0.36,122.49,0.65,15.0,0.64,122.49,0.66,16.5,0.67,26.52,0.01,0.01,2341.71072,1776375417000
1776375420.055,120.055,0.33,8.14,0.32,15.0,0.35,107.84,0.36,118.49,0.65,57.34,0.64,122.49,0.66,16.5,0.67,26.52,0.02,0.01,2341.690998,1776375418000
1776375420.33,120.33,0.33,8.14,0.32,15.0,0.34,119.0,0.35,44.84,0.65,107.84,0.64,118.49,0.67,8.14,0.68,15.0,0.01,0.02,2341.690672,1776375419000
1776375420.652,120.652,0.33,0.02,0.32,25.0,0.34,114.0,0.35,34.34,0.66,119.0,0.65,44.84,0.67,8.14,0.68,15.0,0.01,0.01,2341.690672,1776375419000
1776375420.953,120.953,0.33,0.02,0.32,70.16,0.34,81.05,0.35,44.84,0.66,114.0,0.65,34.34,0.67,0.02,0.68,25.0,0.01,0.01,2341.690672,1776375419000
1776375421.812,121.812,0.33,39.02,0.32,270.16,0.37,16.61,0.38,5.0,0.66,77.69,0.65,44.84,0.67,0.02,0.68,70.16,0.04,0.01,2341.855254,1776375420000
1776375422.148,122.148,0.37,61.5,0.36,10.0,0.39,68.6,0.4,15.5,0.62,4.9,0.61,77.5,0.67,86.02,0.68,270.16,0.02,0.05,2341.855254,1776375420000
1776375422.456,122.456,0.38,24.83,0.37,20.5,0.39,29.6,0.4,15.5,0.61,68.6,0.6,15.5,0.63,61.5,0.64,10.0,0.01,0.02,2341.890011,1776375421000
1776375423.739,123.739,0.38,88.71,0.37,25.5,0.39,3.6,0.41,140.0,0.61,29.6,0.6,15.5,0.62,24.83,0.63,20.5,0.01,0.01,2341.917875,1776375422000
1776375424.633,124.633,0.38,65.71,0.37,60.5,0.41,135.0,0.43,30.0,0.61,3.6,0.59,140.0,0.62,88.71,0.63,25.5,0.03,0.01,2342.129058,1776375423000
1776375425.41,125.41,0.4,83.83,0.39,30.5,0.41,135.0,0.43,40.5,0.59,135.0,0.57,30.0,0.62,65.71,0.63,60.5,0.01,0.03,2342.206652,1776375424000
1776375426.225,126.225,0.36,25.0,0.35,10.0,0.37,11.75,0.38,75.7,0.59,135.0,0.57,40.5,0.6,83.83,0.61,30.5,0.01,0.01,2342.206652,1776375424000
1776375427.735,127.735,0.35,10.0,0.34,55.5,0.36,75.22,0.37,58.25,0.63,11.75,0.62,75.7,0.64,25.0,0.65,10.0,0.01,0.01,2342.25226,1776375426000
1776375431.76,131.76,0.33,0.44,0.31,75.0,0.34,352.02,0.35,70.5,0.64,75.22,0.63,58.25,0.65,10.0,0.66,55.5,0.01,0.01,2342.073403,1776375430000
1776375436.58,136.58,0.26,15.0,0.25,105.5,0.27,37.0,0.28,30.5,0.66,363.02,0.65,70.5,0.69,75.0,0.7,25.0,0.01,0.03,2341.490349,1776375435000
1776375437.512,137.512,0.26,39.29,0.25,110.5,0.27,42.0,0.28,30.5,0.73,37.0,0.72,30.5,0.74,15.0,0.75,105.5,0.01,0.01,2341.478578,1776375436000
1776375437.755,137.755,0.26,39.29,0.25,110.5,0.27,37.88,0.28,30.5,0.73,42.0,0.72,30.5,0.74,39.29,0.75,110.5,0.01,0.01,2341.478578,1776375436000
1776375440.339,140.339,0.26,54.5,0.25,135.5,0.27,8.88,0.28,10.0,0.73,37.88,0.72,30.5,0.74,33.29,0.75,110.5,0.01,0.01,2341.430864,1776375438000
1776375445.688,145.688,0.26,6.0,0.25,125.0,0.27,70.38,0.28,20.5,0.73,8.88,0.72,10.0,0.74,54.5,0.75,135.5,0.01,0.01,2341.502661,1776375444000
1776375449.076,149.076,0.25,90.0,0.24,35.0,0.27,163.38,0.28,25.5,0.73,70.38,0.72,20.5,0.74,6.0,0.75,125.0,0.02,0.01,2341.523192,1776375447000
1776375452.542,152.542,0.19,50.0,0.18,129.4,0.21,172.0,0.22,57.0,0.73,163.38,0.72,25.5,0.75,90.0,0.76,35.0,0.02,0.02,2341.429565,1776375451000
1776375455.125,155.125,0.17,24.05,0.16,40.5,0.18,161.0,0.19,66.0,0.79,172.0,0.78,57.0,0.81,50.0,0.82,129.4,0.01,0.02,2341.034834,1776375453000
1776375455.449,155.449,0.17,10.5,0.16,65.5,0.18,122.0,0.19,31.0,0.82,161.0,0.81,66.0,0.83,24.05,0.84,40.5,0.01,0.01,2340.940247,1776375454000
1776375456.275,156.275,0.17,11.79,0.16,93.5,0.18,110.0,0.19,20.5,0.82,122.0,0.81,31.0,0.83,10.5,0.84,65.5,0.01,0.01,2340.882495,1776375455000
1776375456.717,156.717,0.17,58.29,0.16,39.5,0.18,30.0,0.19,10.0,0.82,110.0,0.81,20.5,0.83,11.79,0.84,93.5,0.01,0.01,2340.882495,1776375455000
1776375457.352,157.352,0.17,26.29,0.16,39.5,0.19,15.0,0.2,20.5,0.82,7.0,0.81,10.0,0.83,40.29,0.84,39.5,0.02,0.01,2340.922366,1776375456000
1776375458.229,158.229,0.18,79.04,0.17,66.29,0.19,6.0,0.2,10.0,0.81,34.0,0.8,25.5,0.83,36.29,0.84,44.5,0.01,0.02,2340.898318,1776375457000
1776375459.229,159.229,0.22,14.5,0.21,132.56,0.23,6.0,0.24,41.0,0.81,6.0,0.8,10.0,0.82,79.04,0.83,66.29,0.01,0.01,2340.910431,1776375458000
1776375460.864,160.864,0.25,38.38,0.24,25.5,0.26,35.0,0.27,10.0,0.77,6.0,0.76,41.0,0.78,14.5,0.79,132.56,0.01,0.01,2340.933239,1776375459000
1776375461.295,161.295,0.25,33.38,0.24,20.5,0.26,35.0,0.27,10.0,0.74,35.0,0.73,10.0,0.75,38.38,0.76,25.5,0.01,0.01,2341.161292,1776375460000
1776375468.374,168.374,0.26,9.0,0.25,48.72,0.27,70.0,0.28,45.5,0.74,35.0,0.73,10.0,0.75,33.38,0.76,20.5,0.01,0.01,2341.593135,1776375467000
1776375473.157,173.157,0.24,10.0,0.23,80.5,0.26,88.5,0.27,40.5,0.73,81.0,0.72,45.5,0.74,9.0,0.75,48.72,0.02,0.01,2341.61579,1776375471000
1776375475.917,175.917,0.23,8.0,0.21,33.0,0.24,15.0,0.25,60.0,0.74,88.5,0.73,40.5,0.76,10.0,0.77,80.5,0.01,0.02,2341.602616,1776375474000
1776375476.277,176.277,0.21,15.5,0.2,72.5,0.22,92.0,0.23,15.0,0.76,15.0,0.75,60.0,0.77,8.0,0.79,33.0,0.01,0.01,2341.600856,1776375475000
1776375477.622,177.622,0.2,70.5,0.19,286.4,0.21,21.76,0.22,55.0,0.78,92.0,0.77,15.0,0.8,68.0,0.81,86.4,0.01,0.02,2341.600856,1776375475000
1776375477.929,177.929,0.2,35.5,0.19,286.4,0.21,16.52,0.22,50.0,0.79,21.76,0.78,55.0,0.8,70.5,0.81,286.4,0.01,0.01,2341.585345,1776375476000
1776375478.29,178.29,0.2,40.5,0.19,293.4,0.21,1.52,0.22,50.0,0.79,16.52,0.78,50.0,0.8,35.5,0.81,286.4,0.01,0.01,2341.56568,1776375477000
1776375478.538,178.538,0.2,40.5,0.19,293.4,0.22,50.0,0.23,144.87,0.79,1.52,0.78,50.0,0.8,40.5,0.81,293.4,0.02,0.01,2341.56568,1776375477000
1776375480.893,180.893,0.19,179.46,0.18,64.0,0.22,105.5,0.23,155.37,0.78,50.0,0.77,144.87,0.8,40.5,0.81,293.4,0.03,0.02,2341.537512,1776375479000
1776375481.306,181.306,0.2,19.0,0.19,178.44,0.21,13.0,0.22,126.5,0.78,105.5,0.77,155.37,0.81,173.44,0.82,64.0,0.01,0.03,2341.53627,1776375480000
1776375481.806,181.806,0.19,10.0,0.18,50.0,0.2,7.28,0.21,135.4,0.79,13.0,0.78,48.5,0.8,19.72,0.81,183.44,0.01,0.01,2341.53627,1776375480000
1776375482.104,182.104,0.19,0.51,0.18,55.0,0.2,7.28,0.21,159.4,0.8,7.28,0.79,152.4,0.81,2.68,0.82,55.0,0.01,0.01,2341.53627,1776375480000
1776375483.075,183.075,0.17,16.01,0.15,160.0,0.19,130.05,0.2,33.53,0.8,7.28,0.79,159.4,0.81,0.51,0.82,55.0,0.02,0.01,2341.475937,1776375481000
1776375483.556,183.556,0.17,46.01,0.16,18.0,0.18,23.0,0.19,5.0,0.81,130.05,0.8,33.53,0.83,16.01,0.85,160.0,0.01,0.02,2341.145719,1776375482000
1776375483.772,183.772,0.17,47.01,0.16,20.5,0.19,4.74,0.2,44.03,0.82,23.0,0.81,5.0,0.83,46.01,0.84,18.0,0.02,0.01,2341.145719,1776375482000
1776375484.132,184.132,0.19,2.95,0.18,9.72,0.2,41.75,0.21,55.5,0.81,14.74,0.8,44.03,0.82,4.72,0.83,8.85,0.01,0.01,2341.04043,1776375483000
1776375484.527,184.527,0.19,1.3,0.18,14.72,0.2,25.5,0.21,61.5,0.8,23.75,0.79,61.5,0.81,2.95,0.82,24.72,0.01,0.01,2341.04043,1776375483000
1776375484.963,184.963,0.19,0.06,0.18,24.72,0.2,25.5,0.21,61.5,0.8,25.5,0.79,61.5,0.81,1.3,0.82,14.72,0.01,0.01,2341.04043,1776375483000
1776375485.695,185.695,0.18,13.78,0.17,13.85,0.2,25.5,0.21,61.5,0.8,25.5,0.79,61.5,0.81,0.06,0.82,24.72,0.02,0.01,2341.023884,1776375484000
1776375487.179,187.179,0.15,100.0,0.14,192.0,0.16,3.75,0.17,19.0,0.8,25.5,0.79,61.5,0.82,13.78,0.83,13.85,0.01,0.02,2341.286392,1776375486000
1776375489.12,189.12,0.15,4.0,0.14,110.0,0.16,59.75,0.17,29.5,0.84,3.75,0.83,19.0,0.85,100.0,0.86,192.0,0.01,0.01,2341.019225,1776375488000
1776375489.947,189.947,0.15,4.0,0.14,110.0,0.16,92.0,0.17,29.5,0.84,59.75,0.83,29.5,0.85,4.0,0.86,110.0,0.01,0.01,2341.019225,1776375488000
1776375495.814,195.814,0.15,4.0,0.14,95.0,0.17,32.38,0.18,176.89,0.84,92.0,0.83,29.5,0.85,4.0,0.86,110.0,0.02,0.01,2340.93761,1776375494000
1776375497.77,197.77,0.13,125.97,0.12,85.09,0.14,236.11,0.15,113.5,0.84,20.5,0.83,32.38,0.86,88.13,0.87,240.0,0.01,0.02,2340.937823,1776375496000
1776375498.291,198.291,0.12,85.09,0.11,85.0,0.14,226.11,0.15,255.07,0.86,236.11,0.85,113.5,0.87,125.97,0.88,85.09,0.02,0.01,2340.939246,1776375497000
1776375499.001,199.001,0.12,28.34,0.11,85.0,0.14,226.11,0.15,265.07,0.86,226.11,0.85,255.07,0.88,85.09,0.89,85.0,0.02,0.02,2340.939246,1776375497000
1776375499.338,199.338,0.12,16.95,0.11,85.0,0.14,226.11,0.15,265.07,0.86,226.11,0.85,265.07,0.88,28.34,0.89,85.0,0.02,0.02,2340.886959,1776375498000
1776375500.324,200.324,0.11,56.51,0.1,111.0,0.13,164.38,0.14,121.4,0.86,226.11,0.85,265.07,0.88,12.54,0.89,85.0,0.02,0.02,2340.52183,1776375499000
1776375500.541,200.541,0.11,54.16,0.1,111.0,0.13,248.99,0.14,121.4,0.87,164.38,0.86,121.4,0.89,56.51,0.9,111.0,0.02,0.02,2340.52183,1776375499000
1776375501.038,201.038,0.11,54.16,0.1,111.0,0.12,194.65,0.13,61.74,0.87,248.99,0.86,121.4,0.89,54.16,0.9,111.0,0.01,0.02,2340.52183,1776375499000
1776375502.669,202.669,0.11,4.16,0.1,111.0,0.12,280.42,0.13,147.04,0.88,194.65,0.87,61.74,0.89,54.16,0.9,111.0,0.01,0.01,2340.497505,1776375501000
1776375503.288,203.288,0.11,4.16,0.1,111.0,0.12,274.42,0.13,147.04,0.88,280.42,0.87,147.04,0.89,4.16,0.9,111.0,0.01,0.01,2340.4974,1776375502000
1776375503.825,203.825,0.1,111.0,0.09,71.0,0.12,305.42,0.13,147.04,0.88,274.42,0.87,147.04,0.89,4.16,0.9,111.0,0.02,0.01,2340.4974,1776375502000
1776375505.522,205.522,0.1,109.63,0.09,71.0,0.11,280.28,0.12,135.38,0.88,305.42,0.87,147.04,0.9,111.0,0.91,71.0,0.01,0.02,2340.4774,1776375503000
1776375507.002,207.002,0.1,97.12,0.09,71.0,0.11,184.4,0.12,114.88,0.89,280.28,0.88,135.38,0.9,101.85,0.91,71.0,0.01,0.01,2340.363498,1776375505000
1776375507.333,207.333,0.1,97.12,0.09,76.0,0.11,36.81,0.12,124.65,0.89,184.4,0.88,114.88,0.9,97.12,0.91,71.0,0.01,0.01,2340.363498,1776375505000
1776375507.597,207.597,0.11,12.19,0.1,97.12,0.12,49.88,0.13,73.54,0.89,0.81,0.88,124.65,0.9,102.12,0.91,76.0,0.01,0.01,2340.363498,1776375505000
1776375507.855,207.855,0.11,27.15,0.1,97.12,0.13,169.53,0.14,98.4,0.88,3.27,0.87,104.98,0.89,22.19,0.9,97.12,0.02,0.01,2340.363498,1776375505000
1776375508.429,208.429,0.12,23.21,0.11,27.15,0.13,15.74,0.14,25.0,0.87,169.53,0.86,98.4,0.89,27.15,0.9,97.12,0.01,0.02,2340.42625,1776375506000
1776375508.655,208.655,0.12,9.33,0.11,27.15,0.13,25.74,0.14,25.0,0.87,15.74,0.86,25.0,0.88,23.21,0.89,27.15,0.01,0.01,2340.42625,1776375506000
1776375509.386,209.386,0.12,13.33,0.11,37.15,0.13,25.74,0.14,30.0,0.87,25.74,0.86,25.0,0.88,9.33,0.89,27.15,0.01,0.01,2340.558924,1776375507000
1776375510.326,210.326,0.11,41.02,0.1,132.12,0.13,9.74,0.14,25.0,0.87,4.74,0.86,25.0,0.89,33.02,0.9,132.12,0.02,0.02,2340.768329,1776375509000
1776375510.763,210.763,0.11,38.77,0.1,132.12,0.13,9.74,0.14,25.0,0.87,9.74,0.86,25.0,0.89,41.02,0.9,132.12,0.02,0.02,2340.768329,1776375509000
1776375511.553,211.553,0.13,10.21,0.12,62.5,0.14,25.0,0.15,30.0,0.87,14.74,0.86,30.0,0.89,33.32,0.9,142.12,0.01,0.02,2340.768329,1776375509000
1776375511.908,211.908,0.13,5.5,0.12,71.5,0.14,15.0,0.15,30.0,0.86,25.0,0.85,30.0,0.88,81.5,0.89,138.32,0.01,0.02,2340.885355,1776375510000
1776375512.552,212.552,0.12,47.5,0.11,142.0,0.13,2.0,0.14,15.0,0.86,15.0,0.85,30.0,0.87,5.5,0.88,71.5,0.01,0.01,2340.903526,1776375511000
1776375513.172,213.172,0.13,16.0,0.12,47.5,0.15,30.0,0.16,15.0,0.85,30.0,0.84,10.0,0.88,47.5,0.89,142.0,0.02,0.03,2340.903997,1776375512000
1776375513.739,213.739,0.13,10.25,0.12,37.0,0.15,30.0,0.16,15.0,0.85,30.0,0.84,15.0,0.87,16.0,0.88,47.5,0.02,0.02,2340.903997,1776375512000
1776375515.757,215.757,0.15,15.0,0.14,63.5,0.17,21.29,0.18,28.0,0.85,30.0,0.84,15.0,0.87,10.25,0.88,37.0,0.02,0.02,2341.201492,1776375514000
1776375516.053,216.053,0.16,2.16,0.15,15.0,0.17,21.29,0.18,28.0,0.83,21.29,0.82,28.0,0.85,15.0,0.86,63.5,0.01,0.02,2341.201492,1776375514000
1776375517.862,217.862,0.16,3.8,0.15,5.0,0.17,28.29,0.18,39.0,0.83,21.29,0.82,28.0,0.84,2.16,0.85,15.0,0.01,0.01,2341.2103,1776375516000
1776375519.836,219.836,0.14,192.42,0.13,10.0,0.15,216.49,0.16,47.5,0.83,28.29,0.82,39.0,0.84,3.8,0.85,5.0,0.01,0.01,2341.402911,1776375518000
1776375520.051,220.051,0.14,24.32,0.13,10.0,0.15,219.49,0.16,47.5,0.85,219.49,0.84,47.5,0.86,34.32,0.87,10.0,0.01,0.01,2341.402911,1776375518000
1776375520.266,220.266,0.13,10.0,0.12,30.0,0.14,106.34,0.15,107.5,0.85,219.49,0.84,47.5,0.86,24.32,0.87,10.0,0.01,0.01,2341.38499,1776375519000
1776375520.668,220.668,0.12,2.95,0.11,20.0,0.13,49.5,0.14,192.84,0.86,106.34,0.85,107.5,0.87,10.0,0.88,30.0,0.01,0.01,2341.38499,1776375519000
1776375520.995,220.995,0.12,2.95,0.11,20.0,0.13,38.5,0.14,192.84,0.87,49.5,0.86,192.84,0.88,2.95,0.89,20.0,0.01,0.01,2341.38499,1776375519000
1776375521.606,221.606,0.12,2.95,0.11,20.0,0.13,58.11,0.14,82.11,0.87,38.5,0.86,192.84,0.88,2.95,0.89,20.0,0.01,0.01,2341.38499,1776375519000
1776375522.777,222.777,0.12,0.12,0.11,20.0,0.13,49.5,0.14,169.49,0.87,58.11,0.86,82.11,0.88,2.95,0.89,20.0,0.01,0.01,2341.085645,1776375521000
1776375523.107,223.107,0.12,0.12,0.11,20.0,0.13,213.48,0.14,82.11,0.87,49.5,0.86,169.49,0.88,0.12,0.89,20.0,0.01,0.01,2341.085645,1776375521000
1776375523.318,223.318,0.1,86.62,0.09,171.0,0.13,258.48,0.14,82.11,0.87,213.48,0.86,82.11,0.88,0.12,0.89,20.0,0.03,0.01,2341.039,1776375522000
1776375524.785,224.785,0.1,6.45,0.09,171.0,0.11,195.11,0.12,172.37,0.87,258.48,0.86,82.11,0.9,86.62,0.91,171.0,0.01,0.03,2341.039,1776375522000
1776375525.474,225.474,0.1,5.33,0.09,171.0,0.11,205.11,0.12,115.56,0.89,195.11,0.88,172.37,0.9,6.45,0.91,171.0,0.01,0.01,2340.894469,1776375524000
1776375526.88,226.88,0.09,170.89,0.08,222.0,0.11,185.11,0.12,86.82,0.89,205.11,0.88,115.56,0.9,5.33,0.91,171.0,0.02,0.01,2340.616672,1776375525000
1776375527.994,227.994,0.09,160.78,0.08,222.0,0.11,221.9,0.12,120.92,0.89,185.11,0.88,86.82,0.91,170.89,0.92,222.0,0.02,0.02,2340.544314,1776375526000
1776375528.479,228.479,0.09,153.78,0.08,222.0,0.1,182.11,0.11,144.29,0.89,221.9,0.88,120.92,0.91,160.78,0.92,222.0,0.01,0.02,2340.544314,1776375526000
1776375528.934,228.934,0.09,153.78,0.08,222.0,0.1,168.91,0.11,139.29,0.9,182.11,0.89,144.29,0.91,153.78,0.92,222.0,0.01,0.01,2340.544314,1776375526000
1776375530.795,230.795,0.09,153.78,0.08,222.0,0.1,241.64,0.11,125.29,0.9,168.91,0.89,139.29,0.91,153.78,0.92,222.0,0.01,0.01,2340.501775,1776375529000
1776375531.295,231.295,0.08,222.0,0.07,149.0,0.1,249.84,0.11,210.13,0.9,241.64,0.89,125.29,0.91,153.78,0.92,222.0,0.02,0.01,2340.501775,1776375529000
1776375532.932,232.932,0.08,216.0,0.07,149.0,0.09,282.49,0.1,112.5,0.9,249.84,0.89,210.13,0.92,222.0,0.93,149.0,0.01,0.02,2340.492725,1776375531000
1776375535.725,235.725,0.08,12.73,0.07,24.0,0.09,317.49,0.1,144.04,0.91,282.49,0.9,112.5,0.92,216.0,0.93,149.0,0.01,0.01,2340.465506,1776375534000
1776375535.948,235.948,0.07,16.59,0.06,151.0,0.09,317.49,0.1,144.04,0.91,317.49,0.9,144.04,0.92,12.73,0.93,24.0,0.02,0.01,2340.465506,1776375534000
1776375536.21,236.21,0.07,12.28,0.06,151.0,0.08,244.49,0.09,153.5,0.91,317.49,0.9,144.04,0.93,16.59,0.94,151.0,0.01,0.02,2340.464098,1776375535000
1776375536.537,236.537,0.07,11.2,0.06,151.0,0.08,282.39,0.09,173.0,0.92,244.49,0.91,153.5,0.93,12.28,0.94,151.0,0.01,0.01,2340.464098,1776375535000
1776375537.072,237.072,0.07,6.2,0.06,151.0,0.08,272.39,0.09,173.0,0.92,282.39,0.91,173.0,0.93,11.2,0.94,151.0,0.01,0.01,2340.464098,1776375535000
1776375538.02,238.02,0.06,54.07,0.05,245.0,0.08,272.39,0.09,168.0,0.92,272.39,0.91,173.0,0.93,6.2,0.94,151.0,0.02,0.01,2340.464098,1776375535000
1776375540.202,240.202,0.04,103.07,0.03,299.19,0.07,262.29,0.08,120.9,0.92,272.39,0.91,168.0,0.94,54.07,0.95,245.0,0.03,0.02,2340.339905,1776375539000
1776375540.933,240.933,0.04,303.07,0.03,385.19,0.06,5.0,0.08,80.9,0.93,262.29,0.92,120.9,0.96,103.07,0.97,299.19,0.02,0.03,2340.339905,1776375539000
1776375541.488,241.488,0.05,31.96,0.04,301.07,0.06,5.0,0.08,80.9,0.94,5.0,0.92,80.9,0.95,31.89,0.96,285.07,0.01,0.01,2340.339905,1776375539000
1776375541.981,241.981,0.05,16.17,0.04,248.07,0.06,5.0,0.07,5.0,0.94,5.0,0.92,80.9,0.95,26.96,0.96,269.07,0.01,0.01,2340.29572,1776375540000
1776375542.303,242.303,0.05,21.0,0.04,243.07,0.06,0.5,0.07,60.3,0.94,0.5,0.93,60.3,0.95,10.0,0.96,227.07,0.01,0.01,2340.496877,1776375541000
1776375543.039,243.039,0.05,3.69,0.04,229.07,0.06,6.5,0.07,60.3,0.94,0.5,0.93,60.3,0.95,21.0,0.96,243.07,0.01,0.01,2340.496877,1776375541000
1776375543.38,243.38,0.05,14.42,0.04,229.07,0.06,6.5,0.07,60.3,0.94,6.5,0.93,60.3,0.95,3.69,0.96,229.07,0.01,0.01,2340.496877,1776375541000
1776375545.148,245.148,0.04,213.07,0.03,518.7,0.05,0.26,0.06,6.5,0.95,59.26,0.94,6.5,0.96,229.07,0.97,502.7,0.01,0.01,2340.779611,1776375543000
1776375546.137,246.137,0.04,424.75,0.03,818.7,0.05,0.26,0.06,6.5,0.95,0.26,0.94,6.5,0.96,179.99,0.97,523.7,0.01,0.01,2340.803418,1776375544000
1776375546.598,246.598,0.04,317.75,0.03,695.7,0.08,17.0,0.09,38.11,0.95,0.26,0.94,6.5,0.96,424.75,0.97,818.7,0.04,0.01,2340.772454,1776375545000
1776375547.175,247.175,0.06,173.0,0.05,101.8,0.07,15.0,0.08,17.0,0.92,17.0,0.91,38.11,0.96,104.1,0.97,695.7,0.01,0.04,2340.772454,1776375545000
1776375548.023,248.023,0.06,149.91,0.05,122.8,0.07,15.0,0.08,17.0,0.93,15.0,0.92,17.0,0.94,173.0,0.95,101.8,0.01,0.01,2340.821655,1776375546000
1776375549.731,249.731,0.06,23.93,0.05,185.0,0.07,20.0,0.08,22.0,0.93,15.0,0.92,17.0,0.94,113.2,0.95,122.8,0.01,0.01,2340.931096,1776375548000
1776375550.096,250.096,0.06,23.0,0.05,169.0,0.07,14.58,0.08,22.0,0.93,20.0,0.92,22.0,0.94,23.93,0.95,185.0,0.01,0.01,2340.931096,1776375548000
1776375550.956,250.956,0.05,145.84,0.04,41.0,0.07,19.58,0.08,22.0,0.93,14.58,0.92,22.0,0.94,23.0,0.95,169.0,0.02,0.01,2340.947472,1776375549000
1776375551.53,251.53,0.05,163.84,0.04,26.0,0.06,10.0,0.07,19.58,0.93,19.58,0.92,22.0,0.95,145.84,0.96,41.0,0.01,0.02,2340.947002,1776375550000
1776375553.09,253.09,0.05,139.78,0.04,26.0,0.06,10.0,0.07,15.0,0.94,10.0,0.93,19.58,0.95,163.84,0.96,26.0,0.01,0.01,2340.947526,1776375551000
1776375554.099,254.099,0.04,8.95,0.03,252.0,0.06,10.0,0.07,15.0,0.94,10.0,0.93,15.0,0.95,139.78,0.96,26.0,0.02,0.01,2340.947489,1776375552000
1776375554.661,254.661,0.03,97.43,0.02,912.7,0.05,5.0,0.06,15.0,0.94,10.0,0.93,15.0,0.97,250.54,0.98,912.7,0.02,0.03,2340.967216,1776375553000
1776375555.384,255.384,0.03,66.12,0.02,928.7,0.05,15.0,0.06,15.0,0.95,5.0,0.94,15.0,0.97,97.43,0.98,912.7,0.02,0.02,2340.96328,1776375554000
1776375555.806,255.806,0.04,19.85,0.03,98.05,0.05,20.0,0.06,15.0,0.95,20.0,0.94,15.0,0.97,64.05,0.98,928.7,0.01,0.02,2340.96328,1776375554000
1776375557.126,257.126,0.02,811.05,0.01,4967.3,0.05,25.26,0.06,15.0,0.95,20.0,0.94,15.0,0.96,19.85,0.97,98.05,0.03,0.01,2341.053385,1776375555000
1776375557.452,257.452,0.02,811.05,0.01,4967.3,0.04,20.2,0.05,30.26,0.95,25.26,0.94,15.0,0.98,811.05,0.99,4967.3,0.02,0.03,2340.9637,1776375556000
1776375557.833,257.833,0.02,809.0,0.01,4967.3,0.03,107.21,0.04,30.2,0.96,20.2,0.95,30.26,0.98,811.05,0.99,4967.3,0.01,0.02,2340.9637,1776375556000
1776375558.141,258.141,0.03,44.9,0.02,809.0,0.04,30.2,0.05,20.0,0.97,107.21,0.96,30.2,0.98,809.0,0.99,4967.3,0.01,0.01,2340.9637,1776375556000
1776375558.561,258.561,0.02,481.3,0.01,4867.3,0.04,28.59,0.05,20.0,0.96,30.2,0.95,20.0,0.98,730.0,0.99,4851.3,0.02,0.02,2340.963041,1776375557000
1776375558.868,258.868,0.02,481.3,0.01,4867.3,0.05,20.0,0.06,10.0,0.96,27.38,0.95,20.0,0.98,481.3,0.99,4867.3,0.03,0.02,2341.054055,1776375558000
1776375562.326,262.326,0.03,10.0,0.02,296.3,0.06,267.79,0.07,101.66,0.95,20.0,0.94,10.0,0.98,481.3,0.99,4867.3,0.03,0.03,2340.967339,1776375560000
1776375565.206,265.206,0.03,0.74,0.02,228.3,0.05,465.05,0.06,213.49,0.94,267.79,0.93,101.66,0.97,10.0,0.98,296.3,0.02,0.03,2340.944148,1776375564000
1776375565.445,265.445,0.03,5.95,0.02,207.83,0.04,340.99,0.05,178.79,0.96,323.99,0.95,196.05,0.98,223.83,0.99,1391.67,0.01,0.02,2340.944148,1776375564000
1776375565.964,265.964,0.03,0.76,0.02,223.83,0.04,436.18,0.05,168.79,0.96,340.99,0.95,178.79,0.97,0.76,0.98,207.83,0.01,0.01,2340.944148,1776375564000
1776375566.292,266.292,0.02,219.58,0.01,1391.67,0.04,440.97,0.05,168.79,0.96,436.18,0.95,168.79,0.97,0.76,0.98,223.83,0.02,0.01,2340.938855,1776375565000
1776375566.681,266.681,0.02,198.58,0.01,1407.67,0.03,378.69,0.04,254.98,0.96,440.97,0.95,168.79,0.98,219.58,0.99,1391.67,0.01,0.02,2340.938855,1776375565000
1776375567.361,267.361,0.02,198.58,0.01,1407.67,0.03,286.0,0.04,219.98,0.97,371.69,0.96,254.98,0.98,198.58,0.99,1407.67,0.01,0.01,2340.882366,1776375566000
1776375567.772,267.772,0.02,193.52,0.01,1407.67,0.03,456.15,0.04,225.19,0.97,286.0,0.96,219.98,0.98,198.58,0.99,1407.67,0.01,0.01,2340.882366,1776375566000
1776375568.174,268.174,0.02,183.52,0.01,1407.67,0.03,525.15,0.04,207.19,0.97,456.15,0.96,225.19,0.98,193.52,0.99,1407.67,0.01,0.01,2340.882366,1776375566000
1776375568.398,268.398,0.02,177.65,0.01,1407.67,0.03,520.0,0.04,201.98,0.97,525.15,0.96,207.19,0.98,183.52,0.99,1407.67,0.01,0.01,2340.59298,1776375567000
1776375568.725,268.725,0.02,122.55,0.01,1407.67,0.03,515.15,0.04,207.19,0.97,520.0,0.96,201.98,0.98,177.65,0.99,1407.67,0.01,0.01,2340.59298,1776375567000
1776375569.178,269.178,0.02,117.55,0.01,1407.67,0.03,610.0,0.04,140.98,0.97,515.15,0.96,207.19,0.98,122.55,0.99,1407.67,0.01,0.01,2340.585422,1776375568000
1776375569.455,269.455,0.01,1407.67,,,0.03,617.0,0.04,146.19,0.97,610.0,0.96,140.98,0.98,59.96,0.99,1407.67,0.02,0.01,2340.585422,1776375568000
1776375569.834,269.834,0.01,1360.67,,,0.02,408.42,0.03,310.01,0.97,617.0,0.96,140.98,0.99,1385.67,,,0.01,0.02,2340.585422,1776375568000
1776375570.041,270.041,0.01,1350.67,,,0.02,415.42,0.03,310.01,0.98,408.42,0.97,310.01,0.99,1360.67,,,0.01,0.01,2340.585422,1776375568000
1776375570.317,270.317,0.01,1201.11,,,0.02,415.42,0.03,299.01,0.98,415.42,0.97,299.01,0.99,1314.67,,,0.01,0.01,2340.559731,1776375569000
1776375570.518,270.518,0.01,1181.91,,,0.02,655.03,0.03,299.01,0.98,655.03,0.97,299.01,0.99,1191.0,,,0.01,0.01,2340.559731,1776375569000
1776375570.737,270.737,0.01,1156.8,,,0.02,665.03,0.03,299.01,0.98,655.03,0.97,299.01,0.99,1166.91,,,0.01,0.01,2340.559731,1776375569000
1776375571.236,271.236,,,,,0.01,1560.25,0.02,713.87,0.99,1368.2,0.98,665.03,,,,,,,2340.09705,1776375570000
1776375571.649,271.649,,,,,0.01,1569.03,0.02,713.87,0.99,1560.25,0.98,713.87,,,,,,,2340.09705,1776375570000
1776375572.51,272.51,,,,,0.01,1635.37,0.02,662.87,0.99,1569.03,0.98,713.87,,,,,,,2339.83719,1776375571000
1776375573.089,273.089,,,,,0.01,1615.37,0.02,410.88,0.99,1635.37,0.98,662.87,,,,,,,2339.83719,1776375571000
1776375573.833,273.833,,,,,0.01,1513.37,0.02,420.88,0.99,1615.37,0.98,410.88,,,,,,,2339.835735,1776375572000
1776375577.133,277.133,,,,,0.01,1512.2,0.02,300.18,0.99,1513.37,0.98,420.88,,,,,,,2340.185026,1776375575000
1776375580.074,280.074,,,,,0.01,5486.28,0.02,300.18,0.99,1512.2,0.98,300.18,,,,,,,2340.0473,1776375578000
1776375585.445,285.445,,,,,0.01,5634.37,0.02,404.0,0.99,5486.28,0.98,300.18,,,,,,,2339.986435,1776375584000
1776375592.21,292.21,,,,,0.01,7461.87,0.02,293.81,0.99,5634.37,0.98,404.0,,,,,,,2340.035739,1776375589000
1776375596.841,296.841,,,,,0.01,7248.4,0.02,288.81,0.99,7461.87,0.98,293.81,,,,,,,2340.052187,1776375595000
1776375600.458,300.458,,,,,0.01,66621.23,0.02,120.0,0.99,7248.4,0.98,288.81,,,,,,,2340.310093,1776375599000
1776375600.66,300.66,,,,,0.01,66452.23,0.02,120.0,0.99,66472.23,0.98,120.0,,,,,,,2340.310093,1776375599000

# RESULT,winner=Down,slug=eth-updown-5m-1776375300,ticks=290
