timestamp,elapsed_sec,up_bid_p1,up_bid_s1,up_bid_p2,up_bid_s2,up_ask_p1,up_ask_s1,up_ask_p2,up_ask_s2,down_bid_p1,down_bid_s1,down_bid_p2,down_bid_s2,down_ask_p1,down_ask_s1,down_ask_p2,down_ask_s2,up_spread,down_spread,eth_price,eth_oracle_ts
1776345300.774,0.774,0.46,137.11,0.4,38.0,0.48,5.0,0.49,411.78,0.52,5.0,0.51,406.78,0.55,70.0,0.56,70.0,0.02,0.03,2345.0379,1776345299000
1776345301.067,1.067,0.46,142.11,0.4,38.0,0.49,391.37,0.5,20.0,0.51,411.78,0.5,20.0,0.54,137.11,0.6,38.0,0.03,0.03,2345.0379,1776345299000
1776345301.558,1.558,0.48,40.0,0.47,18.0,0.49,132.68,0.5,20.0,0.51,202.68,0.5,20.0,0.54,142.11,0.6,38.0,0.01,0.03,2345.037019,1776345300000
1776345302.161,2.161,0.48,10.0,0.47,145.0,0.49,58.07,0.5,20.0,0.51,62.68,0.5,20.0,0.52,45.0,0.53,18.0,0.01,0.01,2345.037019,1776345300000
1776345302.471,2.471,0.48,10.0,0.47,145.0,0.49,46.69,0.5,20.0,0.51,46.69,0.5,20.0,0.52,10.0,0.53,145.0,0.01,0.01,2345.014168,1776345301000
1776345303.105,3.105,0.47,120.0,0.46,55.0,0.48,99.16,0.49,61.69,0.51,46.69,0.5,20.0,0.52,10.0,0.53,145.0,0.01,0.01,2345.014168,1776345301000
1776345303.319,3.319,0.47,64.04,0.46,55.0,0.48,116.78,0.49,61.69,0.52,116.78,0.51,61.69,0.53,64.04,0.54,55.0,0.01,0.01,2345.022826,1776345302000
1776345304.033,4.033,0.47,66.96,0.46,115.0,0.48,111.78,0.49,72.69,0.52,116.78,0.51,61.69,0.53,64.04,0.54,55.0,0.01,0.01,2345.022826,1776345302000
1776345304.875,4.875,0.47,66.96,0.46,115.0,0.48,111.78,0.49,72.69,0.52,111.78,0.51,72.69,0.53,66.96,0.54,115.0,0.01,0.01,2345.113928,1776345303000
1776345305.493,5.493,0.47,41.25,0.46,115.0,0.48,112.69,0.49,71.69,0.52,112.69,0.51,71.69,0.53,41.25,0.54,115.0,0.01,0.01,2345.002031,1776345304000
1776345305.853,5.853,0.47,41.25,0.46,125.0,0.48,112.69,0.49,66.69,0.52,117.69,0.51,71.69,0.53,41.25,0.54,115.0,0.01,0.01,2345.002031,1776345304000
1776345306.269,6.269,0.47,41.25,0.46,125.0,0.48,112.69,0.49,66.69,0.52,112.69,0.51,66.69,0.53,41.25,0.54,125.0,0.01,0.01,2345.002031,1776345305000
1776345307.115,7.115,0.45,55.0,0.44,80.0,0.46,55.36,0.47,77.0,0.52,172.69,0.51,116.69,0.54,41.86,0.55,63.0,0.01,0.02,2345.002031,1776345305000
1776345307.42,7.42,0.45,35.36,0.44,70.0,0.46,75.36,0.47,72.0,0.54,55.36,0.53,77.0,0.55,55.0,0.56,80.0,0.01,0.01,2344.9375,1776345306000
1776345307.726,7.726,0.44,70.0,0.43,55.0,0.45,26.0,0.46,135.36,0.54,125.36,0.53,72.0,0.56,70.0,0.57,138.0,0.01,0.02,2344.9375,1776345306000
1776345308.477,8.477,0.43,55.0,0.42,78.0,0.45,29.2,0.46,125.36,0.55,29.2,0.54,125.36,0.57,55.0,0.58,78.0,0.02,0.02,2344.922721,1776345307000
1776345308.731,8.731,0.42,78.5,0.41,188.0,0.43,4.76,0.44,12.22,0.56,17.22,0.55,20.0,0.57,6.58,0.58,68.0,0.01,0.01,2344.922721,1776345307000
1776345309.058,9.058,0.42,53.92,0.41,198.0,0.43,39.46,0.44,62.22,0.57,4.76,0.56,12.22,0.58,78.5,0.59,188.0,0.01,0.01,2344.922721,1776345307000
1776345309.454,9.454,0.42,53.92,0.41,198.0,0.43,39.46,0.44,62.22,0.57,39.46,0.56,62.22,0.58,53.92,0.59,198.0,0.01,0.01,2344.810669,1776345308000
1776345310.283,10.283,0.44,30.0,0.43,15.0,0.45,55.5,0.46,137.86,0.57,39.46,0.56,62.22,0.58,53.92,0.59,198.0,0.01,0.01,2344.810669,1776345308000
1776345310.564,10.564,0.44,28.21,0.43,15.0,0.45,60.5,0.46,147.86,0.55,60.5,0.54,147.86,0.56,28.21,0.57,15.0,0.01,0.01,2344.745759,1776345309000
1776345311.218,11.218,0.43,15.0,0.42,35.5,0.45,95.5,0.46,147.86,0.55,60.5,0.54,147.86,0.56,28.21,0.57,15.0,0.02,0.01,2344.728423,1776345310000
1776345313.957,13.957,0.42,108.5,0.41,138.5,0.43,112.94,0.44,75.0,0.55,95.5,0.54,147.86,0.57,15.0,0.58,35.5,0.01,0.02,2344.721269,1776345312000
1776345314.192,14.192,0.42,163.5,0.41,188.5,0.43,107.7,0.44,60.0,0.57,107.94,0.56,75.0,0.58,103.5,0.59,138.5,0.01,0.01,2344.79189,1776345313000
1776345314.758,14.758,0.42,203.5,0.41,188.5,0.43,17.94,0.44,10.0,0.57,107.7,0.56,60.0,0.58,163.5,0.59,188.5,0.01,0.01,2344.79189,1776345313000
1776345315.266,15.266,0.45,128.5,0.44,25.5,0.46,2.26,0.47,60.0,0.54,52.26,0.53,60.0,0.58,203.5,0.59,218.5,0.01,0.04,2344.785979,1776345314000
1776345315.798,15.798,0.46,78.86,0.45,138.5,0.47,60.0,0.48,68.5,0.54,2.26,0.53,60.0,0.55,128.5,0.56,25.5,0.01,0.01,2344.785979,1776345314000
1776345316.006,16.006,0.46,73.86,0.45,133.5,0.47,60.0,0.48,68.5,0.53,60.0,0.52,68.5,0.54,78.86,0.55,133.5,0.01,0.01,2344.785979,1776345314000
1776345317.608,17.608,0.48,188.5,0.47,65.5,0.49,16.69,0.5,30.0,0.53,60.0,0.52,68.5,0.54,72.16,0.55,143.5,0.01,0.01,2344.9324,1776345316000
1776345317.852,17.852,0.5,57.5,0.49,120.5,0.51,37.85,0.55,58.88,0.49,47.28,0.45,58.88,0.51,30.5,0.52,207.7,0.01,0.02,2344.9324,1776345316000
1776345318.084,18.084,0.5,62.5,0.49,190.5,0.51,30.1,0.55,58.88,0.49,37.85,0.45,58.88,0.5,57.5,0.51,120.5,0.01,0.01,2344.9324,1776345316000
1776345319.134,19.134,0.5,68.5,0.49,193.5,0.51,28.13,0.52,58.0,0.49,30.1,0.45,58.88,0.5,62.5,0.51,190.5,0.01,0.01,2344.98715,1776345317000
1776345320.95,20.95,0.48,0.75,0.47,10.0,0.49,15.0,0.5,17.0,0.49,30.07,0.48,58.0,0.5,68.5,0.51,193.5,0.01,0.01,2345.34108,1776345319000
1776345321.265,21.265,0.47,5.0,0.45,10.0,0.49,15.0,0.5,17.0,0.51,15.0,0.5,17.0,0.52,0.75,0.53,10.0,0.02,0.01,2345.291876,1776345320000
1776345321.941,21.941,0.47,5.0,0.43,25.0,0.48,107.2,0.49,31.5,0.52,11.8,0.51,20.0,0.53,5.0,0.55,10.0,0.01,0.01,2345.291876,1776345320000
1776345322.275,22.275,0.43,10.0,0.42,10.0,0.44,5.0,0.45,15.0,0.55,5.0,0.54,10.0,0.56,5.0,0.57,10.0,0.01,0.01,2345.177097,1776345321000
1776345324.571,24.571,0.41,40.0,0.4,25.0,0.42,71.26,0.43,83.5,0.56,5.0,0.55,10.0,0.58,10.0,0.59,125.0,0.01,0.02,2344.938611,1776345322000
1776345329.018,29.018,0.41,88.0,0.4,45.0,0.42,55.26,0.43,60.5,0.58,71.26,0.57,83.5,0.59,40.0,0.6,25.0,0.01,0.01,2344.65239,1776345327000
1776345329.333,29.333,0.41,95.0,0.4,45.0,0.42,43.26,0.43,70.5,0.58,55.26,0.57,60.5,0.59,88.0,0.6,45.0,0.01,0.01,2344.570735,1776345328000
1776345330.803,30.803,0.4,10.0,0.39,70.0,0.41,43.76,0.42,106.26,0.58,43.26,0.57,70.5,0.59,95.0,0.6,45.0,0.01,0.01,2344.585389,1776345329000
1776345331.448,31.448,0.39,70.0,0.38,35.0,0.4,54.57,0.41,91.76,0.59,43.76,0.58,106.26,0.6,10.0,0.61,70.0,0.01,0.01,2344.601819,1776345330000
1776345332.426,32.426,0.38,10.79,0.37,203.0,0.39,123.5,0.4,82.57,0.6,54.57,0.59,91.76,0.61,70.0,0.62,35.0,0.01,0.01,2344.593916,1776345331000
1776345332.816,32.816,0.38,33.55,0.37,203.0,0.39,97.5,0.4,87.57,0.61,123.5,0.6,82.57,0.62,10.79,0.63,203.0,0.01,0.01,2344.593916,1776345331000
1776345333.961,33.961,0.38,21.46,0.37,205.0,0.39,110.93,0.4,92.57,0.61,94.93,0.6,140.57,0.62,35.26,0.63,203.0,0.01,0.01,2344.511963,1776345332000
1776345337.227,37.227,0.36,47.4,0.35,90.0,0.37,25.5,0.38,131.5,0.61,110.93,0.6,92.57,0.62,21.46,0.63,205.0,0.01,0.01,2344.443414,1776345336000
1776345337.663,37.663,0.36,44.4,0.35,245.0,0.38,15.0,0.39,5.0,0.63,25.5,0.62,131.5,0.64,47.4,0.65,90.0,0.02,0.01,2344.443414,1776345336000
1776345337.995,37.995,0.35,180.0,0.34,125.0,0.36,4.72,0.37,10.0,0.62,25.0,0.61,5.0,0.64,4.4,0.65,245.0,0.01,0.02,2344.443414,1776345336000
1776345338.393,38.393,0.36,70.0,0.35,90.0,0.38,51.0,0.39,20.0,0.63,15.0,0.62,46.0,0.64,10.28,0.65,190.0,0.02,0.01,2344.443414,1776345336000
1776345338.738,38.738,0.35,70.0,0.34,122.01,0.37,25.5,0.38,121.5,0.63,10.5,0.62,66.5,0.64,61.0,0.65,90.0,0.02,0.01,2344.502551,1776345337000
1776345339.828,39.828,0.35,70.0,0.34,122.01,0.36,131.5,0.37,55.5,0.63,25.5,0.62,121.5,0.65,70.0,0.66,122.01,0.01,0.02,2344.368462,1776345338000
1776345340.522,40.522,0.35,75.0,0.34,127.01,0.36,118.16,0.37,55.5,0.64,131.5,0.63,55.5,0.65,70.0,0.66,122.01,0.01,0.01,2344.347898,1776345339000
1776345341.227,41.227,0.35,85.0,0.34,217.51,0.36,56.77,0.37,115.5,0.64,86.77,0.63,55.5,0.65,75.0,0.66,127.01,0.01,0.01,2344.370928,1776345340000
1776345341.622,41.622,0.35,25.0,0.34,330.51,0.36,68.21,0.37,110.5,0.64,56.77,0.63,115.5,0.65,85.0,0.66,217.51,0.01,0.01,2344.370928,1776345340000
1776345343.463,43.463,0.35,291.78,0.34,164.5,0.36,5.0,0.37,10.0,0.64,68.21,0.63,110.5,0.65,25.0,0.66,330.51,0.01,0.01,2344.290256,1776345342000
1776345343.76,43.76,0.36,75.5,0.35,308.78,0.43,20.0,0.44,70.0,0.63,10.0,0.62,5.0,0.65,291.78,0.66,164.5,0.07,0.02,2344.290256,1776345342000
1776345344.02,44.02,0.44,20.5,0.43,25.5,0.46,0.6,0.47,25.0,0.57,20.0,0.56,70.0,0.64,70.5,0.65,308.78,0.02,0.07,2344.290256,1776345342000
1776345344.244,44.244,0.47,10.0,0.46,103.0,0.48,9.83,0.49,35.0,0.53,25.0,0.52,109.81,0.54,69.4,0.55,90.5,0.01,0.01,2344.310278,1776345343000
1776345345.125,45.125,0.48,55.5,0.47,27.59,0.5,85.0,0.51,144.98,0.51,6.4,0.5,180.0,0.53,10.59,0.54,103.0,0.02,0.02,2344.460805,1776345344000
1776345345.398,45.398,0.49,15.1,0.48,30.5,0.5,90.0,0.51,144.98,0.5,85.0,0.49,144.98,0.52,55.5,0.53,27.59,0.01,0.02,2344.460805,1776345344000
1776345345.933,45.933,0.49,10.1,0.48,88.5,0.5,80.0,0.51,94.98,0.5,90.0,0.49,144.98,0.51,5.1,0.52,35.5,0.01,0.01,2344.460805,1776345344000
1776345346.236,46.236,0.49,15.1,0.48,88.5,0.5,28.52,0.51,44.98,0.5,80.0,0.49,94.98,0.51,10.1,0.52,88.5,0.01,0.01,2344.968251,1776345345000
1776345346.655,46.655,0.5,26.5,0.49,10.1,0.51,43.01,0.52,308.0,0.49,44.98,0.48,308.0,0.5,5.0,0.51,36.1,0.01,0.01,2344.968251,1776345345000
1776345347.336,47.336,0.5,31.5,0.49,15.1,0.51,50.85,0.52,308.0,0.49,43.01,0.48,308.0,0.5,26.5,0.51,10.1,0.01,0.01,2345.05211,1776345346000
1776345348.853,48.853,0.5,78.5,0.49,123.1,0.51,100.85,0.52,250.0,0.49,50.85,0.48,308.0,0.5,31.5,0.51,15.1,0.01,0.01,2345.14256,1776345347000
1776345350.605,50.605,0.47,7.0,0.46,82.5,0.51,304.35,0.52,356.5,0.49,100.85,0.48,250.0,0.5,78.5,0.51,123.1,0.04,0.01,2345.17373,1776345349000
1776345350.877,50.877,0.46,57.12,0.43,25.0,0.47,25.0,0.48,87.5,0.53,10.0,0.52,101.5,0.54,66.37,0.57,25.0,0.01,0.01,2345.17373,1776345349000
1776345351.264,51.264,0.46,7.12,0.43,25.0,0.47,85.5,0.48,86.5,0.53,25.0,0.52,87.5,0.54,57.12,0.57,25.0,0.01,0.01,2345.1841,1776345350000
1776345352.414,52.414,0.4,22.5,0.39,75.0,0.42,172.7,0.43,78.5,0.53,95.5,0.52,86.5,0.57,25.0,0.58,35.0,0.02,0.04,2345.077408,1776345351000
1776345352.642,52.642,0.4,14.03,0.39,70.0,0.41,35.5,0.42,93.5,0.59,35.5,0.58,112.7,0.6,28.08,0.61,70.0,0.01,0.01,2345.077408,1776345351000
1776345353.013,53.013,0.39,70.0,0.38,140.0,0.41,93.5,0.42,80.5,0.59,35.5,0.58,93.5,0.6,14.03,0.61,70.0,0.02,0.01,2345.077408,1776345351000
1776345353.355,53.355,0.39,106.33,0.38,175.0,0.4,35.5,0.41,78.5,0.59,93.5,0.58,80.5,0.61,58.0,0.62,140.0,0.01,0.02,2344.8085,1776345352000
1776345355.661,55.661,0.41,138.0,0.4,90.0,0.42,35.5,0.43,70.5,0.6,35.5,0.59,78.5,0.61,106.33,0.62,175.0,0.01,0.01,2344.766755,1776345354000
1776345356.358,56.358,0.41,52.0,0.39,13.0,0.42,146.5,0.43,83.5,0.58,78.5,0.57,70.5,0.59,143.0,0.6,90.0,0.01,0.01,2344.766755,1776345354000
1776345356.83,56.83,0.39,13.0,0.38,115.0,0.4,70.5,0.41,70.5,0.58,146.5,0.57,83.5,0.61,13.0,0.62,110.0,0.01,0.03,2344.766755,1776345354000
1776345357.148,57.148,0.39,58.6,0.38,115.0,0.4,75.5,0.41,70.5,0.6,70.5,0.59,70.5,0.61,13.0,0.62,115.0,0.01,0.01,2344.782047,1776345356000
1776345360.44,60.44,0.39,114.43,0.38,141.5,0.4,15.5,0.41,70.5,0.6,65.5,0.59,70.5,0.61,73.6,0.62,115.0,0.01,0.01,2344.60247,1776345358000
1776345360.768,60.768,0.39,114.43,0.38,141.5,0.4,13.0,0.41,70.5,0.6,15.5,0.59,70.5,0.61,114.43,0.62,141.5,0.01,0.01,2344.597846,1776345359000
1776345361.554,61.554,0.43,158.5,0.42,30.5,0.46,123.37,0.47,181.0,0.58,25.0,0.57,70.5,0.59,28.96,0.6,20.5,0.03,0.01,2344.619147,1776345360000
1776345361.858,61.858,0.45,26.33,0.44,25.5,0.46,138.37,0.47,206.5,0.54,123.37,0.53,181.0,0.57,158.5,0.58,30.5,0.01,0.03,2344.619147,1776345360000
1776345362.909,62.909,0.45,70.83,0.44,138.5,0.46,70.0,0.47,138.0,0.54,138.37,0.53,206.5,0.55,26.33,0.56,25.5,0.01,0.01,2344.654573,1776345361000
1776345363.396,63.396,0.45,142.67,0.44,70.5,0.46,20.0,0.47,120.0,0.54,70.0,0.53,138.0,0.55,70.83,0.56,138.5,0.01,0.01,2344.654573,1776345361000
1776345363.627,63.627,0.45,145.59,0.44,70.5,0.46,10.0,0.47,120.0,0.54,20.0,0.53,120.0,0.55,142.67,0.56,70.5,0.01,0.01,2344.706687,1776345362000
1776345364.466,64.466,0.46,155.54,0.45,100.5,0.47,70.0,0.49,50.0,0.54,10.0,0.53,120.0,0.55,145.59,0.56,70.5,0.01,0.01,2344.74255,1776345363000
1776345364.685,64.685,0.46,150.0,0.45,100.5,0.47,70.0,0.49,50.0,0.53,70.0,0.51,50.0,0.54,155.54,0.55,100.5,0.01,0.01,2344.74255,1776345363000
1776345367.111,67.111,0.46,75.5,0.45,144.5,0.47,57.87,0.48,129.0,0.53,70.0,0.51,50.0,0.54,150.0,0.55,100.5,0.01,0.01,2344.920754,1776345365000
1776345367.772,67.772,0.46,138.5,0.45,106.5,0.47,15.74,0.48,81.0,0.53,57.87,0.52,129.0,0.54,75.5,0.55,144.5,0.01,0.01,2344.971495,1776345366000
1776345369.042,69.042,0.47,105.5,0.46,143.5,0.48,66.12,0.49,79.0,0.53,15.74,0.52,81.0,0.54,138.5,0.55,106.5,0.01,0.01,2344.971495,1776345367000
1776345372.103,72.103,0.49,71.1,0.48,45.5,0.5,55.0,0.51,210.85,0.52,66.12,0.51,79.0,0.53,105.5,0.54,143.5,0.01,0.01,2344.87225,1776345370000
1776345373.481,73.481,0.49,30.0,0.48,85.5,0.5,125.0,0.51,246.35,0.5,55.0,0.49,210.85,0.51,71.1,0.52,45.5,0.01,0.01,2345.035075,1776345371000
1776345375.316,75.316,0.5,64.5,0.49,194.5,0.51,122.59,0.52,300.0,0.5,120.0,0.49,246.35,0.51,35.5,0.52,85.5,0.01,0.01,2345.05804,1776345373000
1776345377.61,77.61,0.5,257.5,0.49,191.5,0.52,200.0,0.53,60.0,0.49,122.59,0.48,300.0,0.5,64.5,0.51,194.5,0.02,0.01,2345.089585,1776345376000
1776345378.68,78.68,0.5,45.0,0.49,15.5,0.52,252.5,0.53,98.5,0.48,200.0,0.47,60.0,0.5,257.5,0.51,191.5,0.02,0.02,2345.20163,1776345377000
1776345379.079,79.079,0.5,50.5,0.49,75.5,0.51,61.58,0.52,262.0,0.49,15.0,0.48,247.5,0.5,40.0,0.51,15.5,0.01,0.01,2345.20163,1776345377000
1776345380.374,80.374,0.48,5.0,0.47,85.5,0.51,182.08,0.52,254.0,0.49,61.58,0.48,262.0,0.5,50.5,0.51,75.5,0.03,0.01,2345.2252,1776345379000
1776345380.957,80.957,0.47,5.0,0.46,25.0,0.5,205.5,0.51,253.08,0.49,182.08,0.48,254.0,0.52,5.0,0.53,85.5,0.03,0.03,2345.2252,1776345379000
1776345381.615,81.615,0.46,5.0,0.45,163.5,0.47,96.92,0.48,94.67,0.5,205.5,0.49,253.08,0.53,5.0,0.54,25.0,0.01,0.03,2345.159997,1776345380000
1776345383.351,83.351,0.46,198.5,0.45,120.5,0.47,91.92,0.48,5.0,0.53,96.92,0.52,94.67,0.54,5.0,0.55,163.5,0.01,0.01,2345.016276,1776345382000
1776345385.569,85.569,0.51,10.0,0.5,10.5,0.53,10.0,0.54,160.0,0.5,5.0,0.49,75.0,0.54,203.5,0.55,120.5,0.02,0.04,2345.054265,1776345384000
1776345390.476,90.476,0.55,136.5,0.54,93.5,0.56,123.49,0.57,75.0,0.47,10.0,0.46,160.0,0.49,10.0,0.5,10.5,0.01,0.02,2345.434278,1776345389000
1776345391.47,91.47,0.55,318.5,0.54,78.5,0.56,0.49,0.58,20.0,0.44,123.49,0.43,75.0,0.45,136.5,0.46,93.5,0.01,0.01,2345.431884,1776345390000
1776345391.945,91.945,0.58,20.5,0.57,10.0,0.59,5.0,0.6,35.0,0.42,0.39,0.41,100.0,0.45,318.5,0.46,78.5,0.01,0.03,2345.431884,1776345390000
1776345392.366,92.366,0.65,65.0,0.64,7.5,0.66,76.0,0.67,16.3,0.35,5.0,0.34,75.0,0.39,45.0,0.42,20.5,0.01,0.04,2345.38485,1776345391000
1776345392.813,92.813,0.66,20.0,0.65,236.5,0.68,7.19,0.69,16.8,0.34,76.0,0.33,16.3,0.35,65.0,0.36,7.5,0.02,0.01,2345.38485,1776345391000
1776345393.323,93.323,0.67,131.5,0.66,25.5,0.68,22.43,0.69,16.8,0.32,7.19,0.31,16.8,0.34,20.0,0.35,236.5,0.01,0.02,2345.480894,1776345392000
1776345394.064,94.064,0.67,41.5,0.66,20.5,0.68,35.47,0.69,26.8,0.32,22.43,0.31,16.8,0.33,131.5,0.34,25.5,0.01,0.01,2345.480894,1776345392000
1776345394.553,94.553,0.67,56.0,0.65,94.5,0.68,116.97,0.69,26.8,0.32,35.47,0.31,26.8,0.33,41.5,0.34,20.5,0.01,0.01,2346.167497,1776345393000
1776345395.121,95.121,0.66,36.5,0.65,94.5,0.67,6.0,0.68,105.97,0.32,115.97,0.31,37.3,0.35,131.5,0.36,67.5,0.01,0.03,2346.167497,1776345393000
1776345395.392,95.392,0.66,108.39,0.65,94.5,0.67,110.3,0.68,95.97,0.33,6.0,0.32,105.97,0.34,36.5,0.35,94.5,0.01,0.01,2346.254623,1776345394000
1776345396.284,96.284,0.66,68.89,0.65,177.5,0.67,169.82,0.68,118.95,0.33,110.3,0.32,95.97,0.34,103.39,0.35,94.5,0.01,0.01,2346.055724,1776345395000
1776345397.247,97.247,0.66,202.35,0.65,183.5,0.67,46.52,0.68,82.45,0.33,169.82,0.32,118.95,0.34,68.89,0.35,177.5,0.01,0.01,2346.055724,1776345395000
1776345400.278,100.278,0.67,236.5,0.66,75.5,0.69,46.8,0.7,147.1,0.33,1.04,0.32,82.45,0.34,244.35,0.35,183.5,0.02,0.01,2345.986364,1776345398000
1776345401.287,101.287,0.68,133.62,0.67,128.5,0.69,87.37,0.7,163.1,0.31,46.8,0.3,147.1,0.33,236.5,0.34,75.5,0.01,0.02,2345.958739,1776345400000
1776345401.761,101.761,0.68,212.0,0.67,83.5,0.69,14.37,0.7,60.0,0.31,87.37,0.3,163.1,0.32,133.62,0.33,128.5,0.01,0.01,2345.958739,1776345400000
1776345402.138,102.138,0.68,297.5,0.67,78.5,0.69,10.15,0.7,10.0,0.31,12.92,0.3,70.5,0.32,154.0,0.33,83.5,0.01,0.01,2345.958739,1776345400000
1776345402.487,102.487,0.68,354.7,0.67,78.5,0.72,17.89,0.73,78.3,0.31,1.6,0.3,10.0,0.32,364.7,0.33,78.5,0.04,0.01,2346.040338,1776345401000
1776345404.945,104.945,0.71,104.0,0.7,21.0,0.72,12.89,0.73,176.8,0.28,17.89,0.27,78.3,0.32,354.7,0.33,78.5,0.01,0.04,2346.132672,1776345403000
1776345405.343,105.343,0.71,100.55,0.7,88.0,0.72,65.0,0.73,176.8,0.28,12.89,0.27,176.8,0.29,104.0,0.3,21.0,0.01,0.01,2346.260111,1776345404000
1776345406.435,106.435,0.71,95.55,0.7,88.0,0.72,83.41,0.73,176.8,0.28,65.0,0.27,176.8,0.29,100.55,0.3,88.0,0.01,0.01,2346.340159,1776345405000
1776345407.539,107.539,0.71,90.0,0.7,5.0,0.72,200.91,0.73,181.5,0.28,83.41,0.27,176.8,0.29,95.55,0.3,88.0,0.01,0.01,2346.350233,1776345406000
1776345407.811,107.811,0.71,84.0,0.69,5.0,0.72,249.91,0.73,234.8,0.28,200.91,0.27,181.5,0.29,90.0,0.3,5.0,0.01,0.01,2346.350233,1776345406000
1776345408.087,108.087,0.69,10.0,0.68,30.0,0.72,274.91,0.73,242.8,0.28,214.91,0.27,234.8,0.29,1.0,0.32,30.0,0.03,0.01,2346.28242,1776345407000
1776345408.849,108.849,0.65,413.5,0.64,105.5,0.66,3.92,0.67,5.0,0.28,274.91,0.27,242.8,0.31,4.0,0.32,30.0,0.01,0.03,2346.28242,1776345407000
1776345409.092,109.092,0.65,416.5,0.64,105.5,0.72,2.51,0.73,20.0,0.33,12.06,0.31,33.45,0.35,416.5,0.36,105.5,0.07,0.02,2346.276805,1776345408000
1776345409.404,109.404,0.76,10.0,0.72,6.94,0.77,19.09,0.78,50.0,0.26,50.0,0.25,175.0,0.29,50.0,0.34,150.0,0.01,0.03,2346.276805,1776345408000
1776345409.701,109.701,0.71,16.0,0.7,10.0,0.72,49.02,0.73,68.34,0.28,53.59,0.27,73.34,0.29,16.0,0.3,10.0,0.01,0.01,2346.276805,1776345408000
1776345409.904,109.904,0.7,10.0,0.69,13.29,0.71,64.0,0.72,47.53,0.29,24.0,0.28,47.53,0.3,12.0,0.31,13.29,0.01,0.01,2346.276805,1776345408000
1776345410.246,110.246,0.69,11.99,0.68,10.0,0.71,19.0,0.72,47.53,0.29,64.0,0.28,47.53,0.3,10.0,0.31,13.29,0.02,0.01,2346.186155,1776345409000
1776345410.936,110.936,0.7,33.0,0.69,80.99,0.72,45.87,0.73,63.34,0.29,5.59,0.28,52.53,0.3,10.0,0.31,69.99,0.02,0.01,2346.186155,1776345409000
1776345411.418,111.418,0.71,10.0,0.7,10.0,0.72,52.48,0.73,78.84,0.28,45.87,0.27,63.34,0.3,33.0,0.31,80.99,0.01,0.02,2346.321776,1776345410000
1776345411.986,111.986,0.69,15.35,0.66,10.0,0.7,36.0,0.71,35.0,0.28,52.48,0.27,78.84,0.29,10.0,0.3,10.0,0.01,0.01,2346.321776,1776345410000
1776345412.244,112.244,0.65,128.28,0.64,85.0,0.66,10.0,0.67,40.0,0.3,329.0,0.29,109.5,0.35,138.28,0.36,85.0,0.01,0.05,2346.322247,1776345411000
1776345412.605,112.605,0.55,5.0,0.54,8.0,0.56,68.49,0.57,85.0,0.43,10.0,0.42,10.0,0.44,1.51,0.45,55.0,0.01,0.01,2346.322247,1776345411000
1776345412.826,112.826,0.55,5.0,0.54,8.0,0.56,24.56,0.57,155.0,0.44,68.49,0.43,85.0,0.45,5.0,0.46,8.0,0.01,0.01,2346.322247,1776345411000
1776345413.033,113.033,0.54,5.58,0.53,98.0,0.59,71.82,0.6,87.0,0.42,14.53,0.41,85.0,0.46,5.58,0.47,98.0,0.05,0.04,2346.241908,1776345412000
1776345413.364,113.364,0.55,9.31,0.54,10.58,0.57,20.5,0.58,145.0,0.41,71.82,0.4,87.0,0.46,5.58,0.47,98.0,0.02,0.05,2346.241908,1776345412000
1776345413.746,113.746,0.56,10.0,0.55,9.31,0.58,57.38,0.59,80.0,0.43,20.5,0.42,145.0,0.45,9.31,0.46,10.58,0.02,0.02,2346.241908,1776345412000
1776345414.691,114.691,0.57,2.0,0.56,15.0,0.58,43.21,0.59,145.0,0.42,4.96,0.41,80.0,0.43,10.0,0.44,10.0,0.01,0.01,2345.948772,1776345413000
1776345415.068,115.068,0.54,15.58,0.53,45.0,0.56,23.25,0.57,15.5,0.43,5.0,0.42,43.21,0.45,6.93,0.46,10.58,0.02,0.02,2345.30765,1776345414000
1776345415.466,115.466,0.54,9.13,0.53,35.0,0.55,113.5,0.56,116.72,0.45,15.5,0.44,28.25,0.46,25.31,0.47,45.0,0.01,0.01,2345.30765,1776345414000
1776345415.682,115.682,0.47,25.0,0.46,80.0,0.49,66.85,0.51,100.5,0.49,30.5,0.48,20.17,0.5,3.15,0.52,10.0,0.02,0.01,2345.30765,1776345414000
1776345415.889,115.889,0.46,76.61,0.45,45.0,0.47,50.5,0.48,63.5,0.51,66.85,0.49,100.5,0.53,25.0,0.54,80.0,0.01,0.02,2345.30765,1776345414000
1776345416.226,116.226,0.45,45.0,0.44,25.0,0.47,75.5,0.48,58.5,0.53,50.5,0.52,63.5,0.54,76.61,0.55,45.0,0.02,0.01,2345.30765,1776345415000
1776345416.757,116.757,0.43,116.38,0.42,70.0,0.44,20.0,0.45,15.0,0.53,75.5,0.52,58.5,0.55,45.0,0.56,25.0,0.01,0.02,2345.30765,1776345415000
1776345417.027,117.027,0.43,51.56,0.42,70.0,0.44,15.0,0.45,15.0,0.56,15.0,0.55,15.0,0.57,53.92,0.58,70.0,0.01,0.01,2345.306981,1776345416000
1776345417.296,117.296,0.43,48.92,0.42,70.0,0.44,20.0,0.45,15.0,0.56,20.0,0.55,15.0,0.57,51.68,0.58,70.0,0.01,0.01,2345.306981,1776345416000
1776345417.559,117.559,0.43,40.43,0.42,70.0,0.44,10.0,0.45,15.0,0.56,20.0,0.55,15.0,0.57,48.92,0.58,70.0,0.01,0.01,2345.306981,1776345416000
1776345417.987,117.987,0.43,33.14,0.42,70.0,0.44,35.5,0.45,30.5,0.56,10.0,0.55,15.0,0.57,40.43,0.58,70.0,0.01,0.01,2344.736765,1776345417000
1776345419.722,119.722,0.43,59.82,0.42,70.0,0.44,68.5,0.45,37.5,0.56,35.5,0.55,30.5,0.57,33.14,0.58,70.0,0.01,0.01,2344.695246,1776345418000
1776345421.216,121.216,0.43,95.82,0.42,140.0,0.44,10.5,0.45,10.5,0.56,68.5,0.55,37.5,0.57,59.82,0.58,70.0,0.01,0.01,2344.683349,1776345420000
1776345421.43,121.43,0.43,81.41,0.42,210.0,0.45,1.96,0.46,20.5,0.56,0.38,0.55,10.5,0.57,86.41,0.58,210.0,0.02,0.01,2344.683349,1776345420000
1776345421.647,121.647,0.43,1.07,0.42,210.0,0.44,5.0,0.45,15.0,0.54,20.5,0.53,40.5,0.57,51.95,0.58,210.0,0.01,0.03,2344.683349,1776345420000
1776345421.935,121.935,0.42,139.82,0.41,75.0,0.43,55.39,0.44,5.0,0.57,55.39,0.55,10.5,0.58,193.27,0.59,75.0,0.01,0.01,2344.683349,1776345420000
1776345422.31,122.31,0.42,56.69,0.41,120.0,0.43,20.61,0.45,13.0,0.57,36.11,0.56,5.0,0.58,39.73,0.59,75.0,0.01,0.01,2344.682849,1776345421000
1776345422.579,122.579,0.42,215.69,0.41,158.0,0.47,10.0,0.48,25.0,0.57,20.61,0.55,13.0,0.58,56.69,0.59,120.0,0.05,0.01,2344.682849,1776345421000
1776345422.95,122.95,0.48,71.0,0.47,81.19,0.49,58.68,0.52,5.0,0.51,66.75,0.48,50.0,0.52,10.0,0.54,15.0,0.01,0.01,2344.682849,1776345421000
1776345423.427,123.427,0.52,117.0,0.51,71.0,0.53,6.67,0.55,93.0,0.47,69.54,0.45,93.0,0.52,91.0,0.53,81.19,0.01,0.05,2344.734601,1776345422000
1776345425.219,125.219,0.52,27.5,0.51,5.0,0.53,35.5,0.54,75.18,0.45,93.0,0.44,10.0,0.48,139.0,0.49,71.0,0.01,0.03,2345.191115,1776345424000
1776345425.422,125.422,0.52,22.5,0.5,29.92,0.53,30.0,0.54,70.18,0.47,35.5,0.46,75.18,0.48,27.5,0.49,5.0,0.01,0.01,2345.191115,1776345424000
1776345425.629,125.629,0.5,40.42,0.49,31.5,0.53,40.5,0.54,75.18,0.47,30.0,0.46,75.18,0.48,17.29,0.49,5.0,0.03,0.01,2345.191115,1776345424000
1776345426.427,126.427,0.5,35.32,0.49,31.5,0.52,5.0,0.53,48.5,0.47,40.5,0.46,75.18,0.5,40.42,0.51,31.5,0.02,0.03,2345.441396,1776345425000
1776345428.192,128.192,0.5,50.34,0.49,55.5,0.51,81.56,0.52,50.75,0.47,44.59,0.46,83.18,0.5,35.32,0.51,31.5,0.01,0.03,2345.20755,1776345427000
1776345428.895,128.895,0.5,60.34,0.49,105.5,0.51,122.65,0.52,110.75,0.49,81.56,0.48,50.75,0.5,50.34,0.51,55.5,0.01,0.01,2345.20755,1776345427000
1776345430.809,130.809,0.49,20.0,0.48,40.0,0.51,211.15,0.52,115.75,0.49,122.65,0.48,110.75,0.5,60.34,0.51,105.5,0.02,0.01,2345.273076,1776345429000
1776345432.291,132.291,0.48,45.0,0.47,15.0,0.49,54.59,0.5,94.0,0.49,211.15,0.48,115.75,0.51,20.0,0.52,40.0,0.01,0.02,2345.188873,1776345430000
1776345432.625,132.625,0.49,146.0,0.48,115.0,0.5,25.16,0.51,56.56,0.51,54.59,0.5,94.0,0.52,45.0,0.53,15.0,0.01,0.01,2345.188873,1776345430000
1776345432.833,132.833,0.49,138.16,0.48,67.5,0.5,5.73,0.51,56.56,0.5,5.73,0.49,56.56,0.51,156.5,0.52,125.5,0.01,0.01,2345.083933,1776345431000
1776345433.09,133.09,0.49,300.16,0.48,50.5,0.51,56.56,0.52,20.25,0.5,5.73,0.49,56.56,0.51,138.16,0.52,67.5,0.02,0.01,2345.083933,1776345431000
1776345433.336,133.336,0.62,59.76,0.61,60.0,0.66,26.0,0.68,5.0,0.43,35.0,0.41,10.0,0.49,41.68,0.5,20.5,0.04,0.06,2345.083933,1776345432000
1776345433.546,133.546,0.67,30.5,0.66,25.5,0.68,8.65,0.7,106.67,0.32,16.0,0.3,106.67,0.33,20.5,0.34,20.5,0.01,0.01,2345.083933,1776345432000
1776345433.981,133.981,0.74,67.03,0.73,10.0,0.75,230.59,0.76,350.0,0.25,130.59,0.24,250.0,0.26,10.0,0.27,10.0,0.01,0.01,2345.083933,1776345432000
1776345434.191,134.191,0.74,48.03,0.73,10.0,0.75,189.52,0.76,350.0,0.25,189.52,0.24,350.0,0.26,78.03,0.27,10.0,0.01,0.01,2345.083933,1776345432000
1776345434.457,134.457,0.72,74.0,0.71,10.0,0.75,189.52,0.76,350.0,0.25,189.52,0.24,350.0,0.26,48.03,0.27,10.0,0.03,0.01,2345.096789,1776345433000
1776345434.841,134.841,0.74,21.65,0.73,15.0,0.75,219.52,0.76,413.0,0.25,189.52,0.24,350.0,0.28,74.0,0.29,10.0,0.01,0.03,2345.096789,1776345433000
1776345435.088,135.088,0.73,15.0,0.72,33.5,0.74,8.35,0.75,224.52,0.25,219.52,0.24,413.0,0.26,21.65,0.27,15.0,0.01,0.01,2345.096789,1776345433000
1776345435.381,135.381,0.73,9.81,0.72,91.5,0.74,100.0,0.75,189.52,0.26,8.35,0.25,224.52,0.27,15.0,0.28,33.5,0.01,0.01,2346.409105,1776345434000
1776345436.134,136.134,0.72,23.5,0.71,12.0,0.74,172.25,0.75,199.52,0.26,100.0,0.25,189.52,0.27,9.92,0.28,91.5,0.02,0.01,2346.577121,1776345435000
1776345436.342,136.342,0.72,12.15,0.71,5.0,0.73,93.86,0.74,218.25,0.27,4.86,0.26,225.25,0.28,10.5,0.29,5.0,0.01,0.01,2346.577121,1776345435000
1776345436.647,136.647,0.7,6.5,0.69,43.5,0.72,127.0,0.73,114.86,0.27,161.86,0.26,160.25,0.29,5.0,0.3,20.5,0.02,0.02,2346.577121,1776345435000
1776345436.968,136.968,0.69,17.5,0.68,10.5,0.7,5.0,0.71,10.0,0.28,127.0,0.27,114.86,0.3,6.5,0.31,43.5,0.01,0.02,2346.577121,1776345435000
1776345437.739,137.739,0.66,5.0,0.65,6.0,0.67,6.88,0.68,180.0,0.32,80.0,0.31,10.0,0.34,14.9,0.35,16.0,0.01,0.02,2346.592372,1776345436000
1776345438.058,138.058,0.66,9.85,0.65,10.0,0.67,79.27,0.68,238.0,0.33,74.27,0.32,180.0,0.34,5.0,0.35,10.0,0.01,0.01,2346.592372,1776345436000
1776345438.322,138.322,0.65,20.5,0.64,10.0,0.67,103.0,0.68,185.5,0.33,79.27,0.32,238.0,0.34,9.85,0.35,10.0,0.02,0.01,2346.39998,1776345437000
1776345438.721,138.721,0.66,20.5,0.65,20.5,0.68,154.41,0.69,25.0,0.33,103.0,0.32,185.5,0.35,20.5,0.36,10.0,0.02,0.02,2346.39998,1776345437000
1776345439.364,139.364,0.67,35.0,0.66,20.5,0.68,108.02,0.69,92.62,0.32,154.41,0.31,25.0,0.34,20.5,0.35,20.5,0.01,0.02,2346.0893,1776345438000
1776345440.869,140.869,0.67,141.5,0.66,48.5,0.68,110.54,0.69,92.12,0.32,169.54,0.31,82.12,0.33,35.0,0.34,20.5,0.01,0.01,2346.076473,1776345439000
1776345441.069,141.069,0.67,59.5,0.66,106.5,0.68,57.54,0.69,92.12,0.32,57.54,0.31,92.12,0.33,59.5,0.34,106.5,0.01,0.01,2346.093453,1776345440000
1776345441.42,141.42,0.67,153.5,0.66,163.5,0.68,10.0,0.69,10.0,0.32,57.54,0.31,92.12,0.33,59.5,0.34,106.5,0.01,0.01,2346.093453,1776345440000
1776345441.622,141.622,0.69,24.54,0.68,20.5,0.72,85.0,0.73,50.0,0.32,10.0,0.31,10.0,0.33,153.5,0.34,163.5,0.03,0.01,2346.093453,1776345440000
1776345442.552,142.552,0.7,11.5,0.69,18.54,0.72,83.0,0.73,120.0,0.28,85.0,0.27,50.0,0.31,24.54,0.32,20.5,0.02,0.03,2346.140775,1776345441000
1776345443.334,143.334,0.71,11.27,0.7,7.83,0.72,78.0,0.73,120.0,0.28,83.0,0.27,120.0,0.3,7.83,0.31,18.54,0.01,0.02,2346.247079,1776345442000
1776345445.469,145.469,0.71,68.62,0.7,7.83,0.72,30.0,0.73,203.0,0.28,78.0,0.27,120.0,0.29,11.27,0.3,7.83,0.01,0.01,2346.377636,1776345444000
1776345445.709,145.709,0.71,63.49,0.7,7.83,0.72,236.61,0.73,295.0,0.28,180.0,0.27,353.0,0.29,68.49,0.3,7.83,0.01,0.01,2346.377636,1776345444000
1776345446.482,146.482,0.7,20.0,0.68,27.25,0.72,233.5,0.73,331.5,0.28,236.61,0.27,295.0,0.29,63.49,0.3,7.83,0.02,0.01,2346.405122,1776345445000
1776345449.986,149.986,0.64,5.0,0.63,31.56,0.65,161.78,0.66,167.5,0.28,233.5,0.27,331.5,0.3,20.0,0.32,27.25,0.01,0.02,2346.405122,1776345445000
1776345450.337,150.337,0.64,4.33,0.63,31.56,0.65,98.78,0.66,208.5,0.35,161.78,0.34,167.5,0.36,5.0,0.37,31.56,0.01,0.01,2346.405122,1776345445000
1776345451.489,151.489,0.64,18.11,0.63,109.56,0.65,80.5,0.66,140.5,0.35,98.78,0.34,208.5,0.36,4.33,0.37,31.56,0.01,0.01,2346.405122,1776345445000
1776345453.049,153.049,0.64,4.22,0.63,109.56,0.65,85.5,0.66,130.5,0.35,70.5,0.34,140.5,0.36,18.11,0.37,109.56,0.01,0.01,2346.405122,1776345445000
1776345454.794,154.794,0.63,41.56,0.62,65.0,0.64,90.5,0.65,138.5,0.35,85.5,0.34,130.5,0.36,4.22,0.37,109.56,0.01,0.01,2345.91092,1776345453000
1776345455.048,155.048,0.63,11.56,0.62,65.0,0.64,90.5,0.65,138.5,0.36,90.5,0.35,138.5,0.37,41.56,0.38,65.0,0.01,0.01,2345.91092,1776345453000
1776345456.143,156.143,0.63,20.0,0.62,133.0,0.64,46.5,0.65,80.5,0.36,90.5,0.35,138.5,0.37,11.56,0.38,65.0,0.01,0.01,2345.884985,1776345454000
1776345456.797,156.797,0.63,15.0,0.62,133.0,0.64,59.4,0.65,80.5,0.36,46.5,0.35,80.5,0.37,20.0,0.38,133.0,0.01,0.01,2345.951758,1776345455000
1776345458.021,158.021,0.6,1.92,0.59,35.0,0.61,50.0,0.62,229.5,0.36,59.4,0.35,80.5,0.37,15.0,0.38,133.0,0.01,0.01,2345.869809,1776345457000
1776345458.304,158.304,0.6,1.82,0.59,10.0,0.61,88.16,0.62,249.5,0.39,50.0,0.38,229.5,0.4,1.82,0.41,35.0,0.01,0.01,2345.869809,1776345457000
1776345458.507,158.507,0.6,1.82,0.57,35.5,0.61,4.66,0.62,140.0,0.39,88.16,0.38,249.5,0.4,1.82,0.41,10.0,0.01,0.01,2345.869809,1776345457000
1776345458.843,158.843,0.6,26.82,0.59,10.0,0.62,175.0,0.63,135.0,0.38,114.32,0.37,275.5,0.4,1.82,0.43,10.5,0.02,0.02,2345.869809,1776345457000
1776345459.153,159.153,0.61,20.0,0.6,94.82,0.62,75.0,0.64,10.0,0.38,175.0,0.37,135.0,0.4,26.82,0.41,10.0,0.01,0.02,2345.818779,1776345458000
1776345459.401,159.401,0.58,10.0,0.56,225.0,0.61,10.0,0.62,58.0,0.38,58.0,0.37,10.0,0.39,5.0,0.4,69.82,0.03,0.01,2345.818779,1776345458000
1776345461.526,161.526,0.63,112.74,0.62,75.5,0.64,10.0,0.65,10.0,0.39,10.0,0.38,58.0,0.43,57.65,0.44,235.0,0.01,0.04,2345.75311,1776345460000
1776345462.64,162.64,0.66,37.61,0.65,139.95,0.67,25.0,0.69,206.0,0.36,10.0,0.35,10.0,0.37,112.74,0.38,75.5,0.01,0.01,2345.766062,1776345461000
1776345464.355,164.355,0.68,12.92,0.67,25.5,0.69,205.0,0.7,170.0,0.33,25.0,0.31,206.0,0.34,37.61,0.35,139.95,0.01,0.01,2345.809455,1776345462000
1776345465.56,165.56,0.67,5.0,0.66,25.0,0.69,285.5,0.7,190.5,0.31,205.0,0.3,170.0,0.32,12.92,0.33,25.5,0.02,0.01,2346.02165,1776345464000
1776345465.862,165.862,0.66,20.0,0.64,20.0,0.68,137.5,0.69,364.5,0.31,285.5,0.3,190.5,0.33,5.0,0.34,25.0,0.02,0.02,2346.02165,1776345464000
1776345467.137,167.137,0.67,57.5,0.66,80.7,0.69,130.0,0.7,120.0,0.32,137.5,0.31,364.5,0.34,20.0,0.36,20.0,0.02,0.02,2346.02165,1776345465000
1776345468.928,168.928,0.68,18.87,0.67,31.0,0.69,190.0,0.7,190.5,0.31,130.0,0.3,120.0,0.33,57.5,0.34,80.7,0.01,0.02,2345.984184,1776345467000
1776345472.04,172.04,0.68,5.87,0.67,20.0,0.69,213.5,0.7,340.5,0.31,190.0,0.3,190.5,0.32,18.87,0.33,31.0,0.01,0.01,2346.054195,1776345470000
1776345474.008,174.008,0.6,35.0,0.59,171.0,0.61,78.86,0.62,19.0,0.31,210.6,0.3,340.5,0.32,5.87,0.33,20.0,0.01,0.01,2346.00924,1776345472000
1776345474.492,174.492,0.6,30.0,0.59,222.65,0.61,123.86,0.62,69.0,0.39,78.86,0.38,19.0,0.4,35.0,0.41,171.0,0.01,0.01,2345.989709,1776345473000
1776345481.678,181.678,0.59,37.0,0.58,75.0,0.6,5.0,0.61,31.5,0.39,106.46,0.38,69.0,0.4,30.0,0.41,172.65,0.01,0.01,2345.641395,1776345480000
1776345482.517,182.517,0.58,35.0,0.57,95.0,0.61,75.0,0.62,150.5,0.39,5.5,0.38,25.5,0.41,37.0,0.42,75.0,0.03,0.02,2345.642009,1776345481000
1776345482.744,182.744,0.58,15.0,0.57,110.0,0.59,35.33,0.6,92.5,0.39,75.0,0.38,150.5,0.42,35.0,0.43,95.0,0.01,0.03,2345.642009,1776345481000
1776345483.344,183.344,0.61,49.2,0.6,78.0,0.62,130.5,0.63,75.5,0.41,27.83,0.4,92.5,0.42,15.0,0.43,110.0,0.01,0.01,2345.634179,1776345482000
1776345485.52,185.52,0.66,40.88,0.65,25.5,0.67,3.8,0.68,25.0,0.38,130.5,0.37,75.5,0.39,49.2,0.4,78.0,0.01,0.01,2345.582765,1776345484000
1776345489.281,189.281,0.7,150.5,0.69,200.15,0.71,68.76,0.72,170.0,0.32,25.0,0.31,100.0,0.34,55.88,0.35,25.5,0.01,0.02,2346.372316,1776345488000
1776345489.525,189.525,0.7,155.5,0.69,139.15,0.71,82.76,0.72,170.0,0.29,68.76,0.28,170.0,0.3,150.5,0.31,200.15,0.01,0.01,2346.372316,1776345488000
1776345491.268,191.268,0.7,155.5,0.69,132.15,0.71,63.69,0.72,228.0,0.29,70.78,0.28,170.0,0.3,145.5,0.31,139.15,0.01,0.01,2346.412407,1776345490000
1776345495.231,195.231,0.75,25.0,0.74,218.77,0.76,64.15,0.77,175.0,0.29,63.69,0.28,228.0,0.3,155.5,0.31,132.15,0.01,0.01,2346.410192,1776345493000
1776345496.061,196.061,0.75,203.15,0.74,170.77,0.76,53.63,0.77,175.0,0.24,57.75,0.23,175.0,0.25,79.5,0.26,218.77,0.01,0.01,2346.545222,1776345494000
1776345496.735,196.735,0.75,308.7,0.74,145.77,0.76,38.63,0.77,175.0,0.24,53.63,0.23,175.0,0.25,203.15,0.26,170.77,0.01,0.01,2346.546167,1776345495000
1776345498.789,198.789,0.8,5.0,0.79,219.0,0.81,265.0,0.82,170.0,0.23,175.0,0.22,380.0,0.24,30.02,0.25,294.5,0.01,0.01,2346.706775,1776345497000
1776345499.014,199.014,0.8,195.75,0.79,81.0,0.81,75.0,0.82,170.0,0.19,265.0,0.18,170.0,0.2,5.0,0.21,219.0,0.01,0.01,2346.708888,1776345498000
1776345499.31,199.31,0.81,45.0,0.8,205.95,0.82,170.0,0.83,50.0,0.19,75.0,0.18,170.0,0.2,195.75,0.21,81.0,0.01,0.01,2346.708888,1776345498000
1776345499.714,199.714,0.81,178.0,0.8,69.95,0.82,2.75,0.83,25.0,0.18,170.0,0.17,50.0,0.19,45.0,0.2,205.95,0.01,0.01,2346.708888,1776345498000
1776345500.955,200.955,0.84,90.0,0.83,16.11,0.85,127.11,0.86,100.0,0.18,2.75,0.17,25.0,0.19,178.0,0.2,69.95,0.01,0.01,2347.014,1776345499000
1776345501.398,201.398,0.84,152.97,0.83,21.11,0.85,125.11,0.86,110.5,0.15,130.11,0.14,110.5,0.16,90.0,0.17,21.11,0.01,0.01,2347.014,1776345499000
1776345501.678,201.678,0.84,122.97,0.83,21.11,0.85,30.93,0.86,110.5,0.15,60.93,0.14,110.5,0.16,122.97,0.17,21.11,0.01,0.01,2347.103274,1776345500000
1776345501.978,201.978,0.84,197.95,0.83,31.61,0.85,22.93,0.86,100.0,0.15,30.93,0.14,110.5,0.16,122.97,0.17,21.11,0.01,0.01,2347.103274,1776345500000
1776345502.374,202.374,0.85,20.03,0.84,229.45,0.86,100.0,0.87,190.32,0.15,9.99,0.14,100.0,0.16,213.95,0.17,31.61,0.01,0.01,2347.103274,1776345501000
1776345502.595,202.595,0.85,110.36,0.84,159.45,0.86,100.0,0.87,190.32,0.14,100.0,0.13,190.32,0.15,20.03,0.16,229.45,0.01,0.01,2347.103274,1776345501000
1776345503.144,203.144,0.86,79.85,0.85,101.36,0.87,90.32,0.88,180.0,0.14,100.0,0.13,190.32,0.15,110.36,0.16,159.45,0.01,0.01,2347.103274,1776345501000
1776345503.354,203.354,0.86,134.85,0.85,151.36,0.87,75.93,0.88,180.0,0.13,83.61,0.12,180.0,0.14,84.85,0.15,101.36,0.01,0.01,2347.125045,1776345502000
1776345503.671,203.671,0.86,139.85,0.85,161.36,0.87,67.88,0.88,180.0,0.13,70.18,0.12,180.0,0.14,134.85,0.15,151.36,0.01,0.01,2347.125045,1776345502000
1776345504.537,204.537,0.86,130.36,0.85,125.0,0.87,85.93,0.88,180.0,0.13,60.2,0.12,180.0,0.14,139.85,0.15,161.36,0.01,0.01,2347.125045,1776345503000
1776345504.939,204.939,0.86,96.8,0.85,125.0,0.87,90.93,0.88,180.0,0.13,85.93,0.12,180.0,0.14,130.36,0.15,125.0,0.01,0.01,2347.125045,1776345503000
1776345505.393,205.393,0.86,148.8,0.85,105.0,0.87,11.79,0.88,190.5,0.13,90.93,0.12,180.0,0.14,96.8,0.15,125.0,0.01,0.01,2347.2656,1776345504000
1776345505.689,205.689,0.86,254.83,0.85,105.0,0.87,5.79,0.88,190.5,0.13,11.79,0.12,190.5,0.14,148.8,0.15,105.0,0.01,0.01,2347.2656,1776345504000
1776345506.075,206.075,0.86,234.47,0.85,105.0,0.87,2.65,0.88,248.5,0.13,5.79,0.12,190.5,0.14,254.83,0.15,105.0,0.01,0.01,2347.272355,1776345505000
1776345506.279,206.279,0.87,10.71,0.86,252.32,0.88,248.5,0.89,130.0,0.13,2.65,0.12,248.5,0.14,252.32,0.15,105.0,0.01,0.01,2347.272355,1776345505000
1776345507.481,207.481,0.87,174.01,0.86,170.32,0.88,198.5,0.89,130.0,0.12,248.5,0.11,130.0,0.13,10.71,0.14,252.32,0.01,0.01,2347.347093,1776345506000
1776345508.224,208.224,0.87,33.0,0.86,140.32,0.88,203.5,0.89,200.0,0.12,198.5,0.11,130.0,0.13,174.01,0.14,170.32,0.01,0.01,2347.347093,1776345506000
1776345508.494,208.494,0.87,25.3,0.86,136.03,0.88,198.5,0.89,190.0,0.12,203.5,0.11,200.0,0.13,33.0,0.14,140.32,0.01,0.01,2347.347093,1776345506000
1776345509.7,209.7,0.87,13.3,0.86,51.86,0.88,212.36,0.89,200.0,0.12,198.5,0.11,190.0,0.13,25.3,0.14,136.03,0.01,0.01,2347.38783,1776345507000
1776345510.279,210.279,0.87,10.0,0.86,81.76,0.88,120.49,0.89,200.0,0.12,179.63,0.11,200.0,0.13,13.3,0.14,81.76,0.01,0.01,2347.30674,1776345508000
1776345510.669,210.669,0.87,87.57,0.86,189.76,0.88,59.77,0.89,220.0,0.12,120.49,0.11,200.0,0.13,10.0,0.14,81.76,0.01,0.01,2347.360915,1776345509000
1776345511.001,211.001,0.87,158.57,0.86,141.76,0.88,48.79,0.89,170.0,0.12,54.48,0.11,170.0,0.13,173.57,0.14,131.76,0.01,0.01,2347.208626,1776345510000
1776345511.59,211.59,0.88,178.0,0.87,297.37,0.9,9.9,0.91,21.0,0.12,48.79,0.11,170.0,0.13,158.57,0.14,141.76,0.02,0.01,2347.208626,1776345510000
1776345511.811,211.811,0.91,166.1,0.9,96.0,0.92,7.0,0.93,79.3,0.08,16.56,0.07,79.3,0.09,24.1,0.1,10.0,0.01,0.01,2347.208626,1776345510000
1776345512.047,212.047,0.92,10.0,0.91,290.1,0.94,23.66,0.95,50.0,0.07,63.64,0.06,26.0,0.09,296.1,0.1,216.0,0.02,0.02,2347.208626,1776345510000
1776345512.31,212.31,0.93,18.0,0.92,73.0,0.94,2.67,0.95,50.0,0.06,23.66,0.05,50.0,0.08,10.0,0.09,290.1,0.01,0.02,2347.182703,1776345511000
1776345512.684,212.684,0.93,40.0,0.92,145.0,0.94,28.0,0.95,91.33,0.05,33.33,0.04,308.0,0.07,13.0,0.08,78.0,0.01,0.02,2347.182703,1776345511000
1776345513.27,213.27,0.93,115.0,0.92,140.0,0.94,29.0,0.95,91.33,0.06,24.0,0.05,91.33,0.07,35.0,0.08,140.0,0.01,0.01,2347.614093,1776345512000
1776345513.518,213.518,0.94,11.0,0.92,35.0,0.95,43.33,0.96,255.0,0.05,49.33,0.04,255.0,0.06,11.0,0.08,40.0,0.01,0.01,2347.614093,1776345512000
1776345513.956,213.956,0.92,35.0,0.91,168.1,0.95,27.69,0.96,265.0,0.05,22.69,0.04,265.0,0.06,11.0,0.08,35.0,0.03,0.01,2347.614093,1776345512000
1776345514.168,214.168,0.93,25.0,0.92,35.0,0.95,26.69,0.96,260.0,0.06,4.0,0.05,32.69,0.08,35.0,0.09,226.1,0.02,0.02,2347.614093,1776345512000
1776345514.497,214.497,0.94,22.31,0.93,93.0,0.95,3.0,0.96,255.0,0.05,22.0,0.04,260.0,0.07,15.0,0.08,10.0,0.01,0.02,2348.308361,1776345513000
1776345514.879,214.879,0.95,51.0,0.94,15.0,0.96,220.79,0.97,445.7,0.04,231.0,0.03,445.7,0.05,23.0,0.06,10.0,0.01,0.01,2348.308361,1776345513000
1776345515.177,215.177,0.95,50.26,0.94,10.0,0.96,213.79,0.97,287.7,0.04,220.79,0.03,345.7,0.05,45.26,0.06,15.0,0.01,0.01,2348.020952,1776345514000
1776345515.569,215.569,0.95,88.0,0.94,20.0,0.96,159.65,0.97,264.0,0.04,140.65,0.03,264.0,0.05,86.0,0.06,10.0,0.01,0.01,2348.020952,1776345514000
1776345515.951,215.951,0.95,78.0,0.94,15.0,0.96,152.56,0.97,264.0,0.04,157.56,0.03,264.0,0.05,78.0,0.06,20.0,0.01,0.01,2348.020952,1776345514000
1776345516.18,216.18,0.95,94.0,0.94,15.0,0.96,152.56,0.97,264.0,0.04,152.56,0.03,264.0,0.05,78.0,0.06,15.0,0.01,0.01,2348.020952,1776345514000
1776345516.521,216.521,0.95,78.0,0.94,15.0,0.96,129.56,0.97,264.0,0.04,134.56,0.03,264.0,0.05,78.0,0.06,15.0,0.01,0.01,2347.945698,1776345515000
1776345516.739,216.739,0.95,78.0,0.94,15.0,0.96,89.56,0.97,264.0,0.04,99.56,0.03,264.0,0.05,78.0,0.06,15.0,0.01,0.01,2347.945698,1776345515000
1776345517.046,217.046,0.95,98.0,0.94,15.0,0.97,264.0,0.98,537.0,0.04,24.56,0.03,264.0,0.05,103.0,0.06,15.0,0.02,0.01,2347.945698,1776345515000
1776345517.39,217.39,0.96,86.0,0.95,66.0,0.97,149.0,0.98,706.7,0.03,264.0,0.02,537.0,0.05,68.0,0.06,15.0,0.01,0.02,2348.614866,1776345516000
1776345517.762,217.762,0.96,131.0,0.95,66.0,0.97,147.96,0.98,478.7,0.03,149.0,0.02,706.7,0.04,86.0,0.05,66.0,0.01,0.01,2348.614866,1776345516000
1776345518.323,218.323,0.96,239.63,0.95,66.0,0.97,114.89,0.98,652.7,0.03,144.89,0.02,478.7,0.04,125.63,0.05,66.0,0.01,0.01,2348.614866,1776345516000
1776345518.553,218.553,0.96,239.63,0.95,66.0,0.97,233.43,0.98,652.7,0.03,114.89,0.02,652.7,0.04,239.63,0.05,66.0,0.01,0.01,2348.382059,1776345517000
1776345518.763,218.763,0.96,244.63,0.95,66.0,0.97,232.43,0.98,657.7,0.03,233.43,0.02,652.7,0.04,239.63,0.05,66.0,0.01,0.01,2348.382059,1776345517000
1776345518.992,218.992,0.96,204.63,0.95,66.0,0.97,209.43,0.98,657.7,0.03,219.43,0.02,657.7,0.04,249.63,0.05,66.0,0.01,0.01,2348.235371,1776345518000
1776345519.233,219.233,0.96,209.63,0.95,71.0,0.97,179.43,0.98,657.7,0.03,179.43,0.02,657.7,0.04,204.63,0.05,66.0,0.01,0.01,2348.235371,1776345518000
1776345519.533,219.533,0.96,119.63,0.95,46.0,0.97,154.23,0.98,657.7,0.03,154.23,0.02,657.7,0.04,194.63,0.05,46.0,0.01,0.01,2348.235371,1776345518000
1776345519.766,219.766,0.96,119.63,0.95,46.0,0.97,143.81,0.98,657.7,0.03,133.81,0.02,657.7,0.04,119.63,0.05,46.0,0.01,0.01,2348.235371,1776345518000
1776345520.096,220.096,0.96,119.63,0.95,46.0,0.97,130.32,0.98,707.7,0.03,143.81,0.02,657.7,0.04,119.63,0.05,46.0,0.01,0.01,2348.235371,1776345518000
1776345520.702,220.702,0.96,91.45,0.95,46.0,0.97,180.32,0.98,707.7,0.03,185.32,0.02,707.7,0.04,92.63,0.05,46.0,0.01,0.01,2348.273889,1776345519000
1776345521.001,221.001,0.96,91.45,0.95,46.0,0.97,179.28,0.98,707.7,0.03,180.32,0.02,707.7,0.04,91.45,0.05,46.0,0.01,0.01,2348.273889,1776345519000
1776345521.925,221.925,0.96,11.0,0.95,33.0,0.97,177.79,0.98,707.7,0.03,179.28,0.02,707.7,0.04,91.45,0.05,46.0,0.01,0.01,2348.163276,1776345520000
1776345522.241,222.241,0.96,11.0,0.95,33.0,0.97,172.79,0.98,707.7,0.03,177.79,0.02,707.7,0.04,11.0,0.05,33.0,0.01,0.01,2348.163276,1776345520000
1776345522.766,222.766,0.96,11.0,0.95,33.0,0.97,354.79,0.98,549.7,0.03,172.79,0.02,707.7,0.04,11.0,0.05,33.0,0.01,0.01,2348.091222,1776345521000
1776345523.055,223.055,0.96,3.85,0.95,33.0,0.97,349.79,0.98,549.7,0.03,354.79,0.02,549.7,0.04,11.0,0.05,33.0,0.01,0.01,2348.0934,1776345522000
1776345523.372,223.372,0.96,1.78,0.95,33.0,0.97,354.79,0.98,599.7,0.03,344.79,0.02,549.7,0.04,1.78,0.05,33.0,0.01,0.01,2348.0934,1776345522000
1776345523.798,223.798,0.95,32.16,0.94,15.0,0.97,359.79,0.98,549.7,0.03,354.79,0.02,599.7,0.04,1.78,0.05,33.0,0.02,0.01,2348.0934,1776345522000
1776345524.095,224.095,0.95,32.16,0.94,5.0,0.96,55.0,0.97,378.79,0.04,55.0,0.03,359.79,0.05,32.16,0.06,5.0,0.01,0.01,2348.0934,1776345522000
1776345524.712,224.712,0.94,3.25,0.93,15.0,0.95,116.0,0.96,374.8,0.04,236.0,0.03,250.79,0.06,5.0,0.07,15.0,0.01,0.02,2347.758656,1776345523000
1776345525.032,225.032,0.94,3.25,0.93,5.0,0.95,361.53,0.96,364.8,0.05,116.0,0.04,374.8,0.06,3.25,0.07,15.0,0.01,0.01,2347.758656,1776345523000
1776345525.252,225.252,0.88,42.0,0.87,10.0,0.89,46.69,0.94,143.0,0.05,504.53,0.04,451.8,0.1,0.31,0.11,23.0,0.01,0.05,2347.7094,1776345524000
1776345525.487,225.487,0.87,10.0,0.86,105.5,0.89,44.46,0.9,70.5,0.11,44.46,0.1,10.5,0.12,11.9,0.13,10.0,0.02,0.01,2347.7094,1776345524000
1776345525.868,225.868,0.86,95.0,0.85,90.5,0.88,144.0,0.89,114.96,0.11,54.46,0.1,70.5,0.12,5.0,0.13,10.0,0.02,0.01,2347.7094,1776345524000
1776345526.132,226.132,0.87,10.0,0.86,95.0,0.88,123.63,0.89,124.96,0.12,144.0,0.11,114.96,0.14,95.0,0.15,90.5,0.01,0.02,2347.7094,1776345524000
1776345526.421,226.421,0.86,105.0,0.85,90.5,0.87,34.0,0.88,113.63,0.12,123.63,0.11,124.96,0.13,10.0,0.14,95.0,0.01,0.01,2347.534664,1776345525000
1776345526.649,226.649,0.86,80.0,0.85,90.5,0.87,28.25,0.88,108.63,0.13,34.0,0.12,113.63,0.14,105.0,0.15,90.5,0.01,0.01,2347.534664,1776345525000
1776345527.863,227.863,0.86,85.5,0.85,230.5,0.88,33.63,0.89,54.46,0.13,24.42,0.12,108.63,0.14,70.0,0.15,90.5,0.02,0.01,2347.103095,1776345526000
1776345528.222,228.222,0.88,29.0,0.87,245.79,0.89,12.35,0.91,25.0,0.11,25.35,0.09,25.0,0.13,245.79,0.14,152.5,0.01,0.02,2346.962313,1776345527000
1776345529.204,229.204,0.88,8.86,0.87,250.79,0.89,2.35,0.91,25.0,0.11,12.35,0.09,25.0,0.12,29.0,0.13,250.79,0.01,0.01,2347.025789,1776345528000
1776345529.779,229.779,0.88,168.35,0.87,113.0,0.91,25.0,0.92,10.0,0.11,2.35,0.09,25.0,0.12,153.35,0.13,113.0,0.03,0.01,2347.025789,1776345528000
1776345530.692,230.692,0.9,20.0,0.89,25.5,0.92,8.36,0.93,35.0,0.09,25.0,0.08,10.0,0.12,168.35,0.13,113.0,0.02,0.03,2347.65371,1776345529000
1776345531.079,231.079,0.91,15.0,0.9,102.56,0.92,5.43,0.93,40.0,0.08,2.07,0.07,40.0,0.1,102.56,0.11,30.5,0.01,0.02,2347.65371,1776345529000
1776345531.716,231.716,0.92,15.0,0.91,10.0,0.93,13.81,0.94,32.0,0.08,5.43,0.07,40.0,0.09,15.0,0.1,102.56,0.01,0.01,2347.541178,1776345530000
1776345532.208,232.208,0.92,5.0,0.91,10.0,0.93,10.58,0.94,37.0,0.07,13.81,0.06,32.0,0.08,15.0,0.09,10.0,0.01,0.01,2347.541178,1776345530000
1776345532.493,232.493,0.9,15.0,0.89,10.0,0.93,5.58,0.94,87.0,0.07,30.58,0.06,37.0,0.08,2.98,0.1,15.0,0.03,0.01,2347.445436,1776345531000
1776345533.261,233.261,0.91,10.0,0.9,15.0,0.92,61.74,0.93,60.58,0.08,7.83,0.07,15.58,0.1,15.0,0.11,10.0,0.01,0.02,2347.445436,1776345531000
1776345533.605,233.605,0.91,20.0,0.9,20.0,0.92,48.91,0.93,60.58,0.08,0.87,0.07,60.58,0.09,20.0,0.1,15.0,0.01,0.01,2347.413421,1776345532000
1776345536.344,236.344,0.93,5.0,0.92,5.0,0.94,5.95,0.95,15.0,0.07,57.35,0.06,137.0,0.09,10.0,0.1,20.0,0.01,0.02,2347.426506,1776345535000
1776345536.712,236.712,0.88,62.9,0.86,85.0,0.91,48.1,0.94,4.88,0.06,4.88,0.05,35.0,0.07,1.9,0.12,62.9,0.03,0.01,2347.426506,1776345535000
1776345537.449,237.449,0.9,10.0,0.89,40.5,0.94,177.0,0.95,10.0,0.06,28.51,0.05,30.0,0.12,67.9,0.14,85.0,0.04,0.06,2347.590806,1776345536000
1776345537.716,237.716,0.92,10.0,0.91,10.0,0.94,60.0,0.95,69.0,0.06,205.93,0.05,10.0,0.1,10.0,0.11,40.5,0.02,0.04,2347.590806,1776345536000
1776345538.148,238.148,0.93,10.0,0.92,10.0,0.94,54.94,0.95,10.0,0.06,60.0,0.05,69.0,0.08,10.0,0.09,10.0,0.01,0.02,2347.590806,1776345536000
1776345538.6,238.6,0.93,20.0,0.92,23.0,0.94,13.38,0.95,10.0,0.06,19.45,0.05,10.0,0.07,20.0,0.08,15.0,0.01,0.01,2347.590806,1776345536000
1776345539.948,239.948,0.92,81.0,0.91,15.0,0.93,9.0,0.94,8.38,0.06,8.38,0.05,10.0,0.07,20.0,0.08,23.0,0.01,0.01,2347.162387,1776345538000
1776345540.563,240.563,0.92,114.0,0.91,15.0,0.93,27.62,0.94,13.38,0.07,9.0,0.06,8.38,0.08,81.0,0.09,15.0,0.01,0.01,2347.279281,1776345539000
1776345540.788,240.788,0.92,91.0,0.91,15.0,0.94,21.0,0.95,140.8,0.07,27.62,0.06,13.38,0.08,114.0,0.09,15.0,0.02,0.01,2347.279281,1776345539000
1776345541.461,241.461,0.92,91.0,0.91,20.0,0.94,12.49,0.95,193.8,0.06,21.0,0.05,140.8,0.08,91.0,0.09,15.0,0.02,0.02,2347.279281,1776345539000
1776345541.932,241.932,0.92,28.0,0.91,78.0,0.94,2.49,0.95,193.8,0.06,12.49,0.05,193.8,0.08,91.0,0.09,20.0,0.02,0.02,2347.326534,1776345540000
1776345542.671,242.671,0.94,15.0,0.93,17.0,0.95,89.49,0.96,105.0,0.06,2.49,0.05,193.8,0.08,28.0,0.09,78.0,0.01,0.02,2347.39494,1776345541000
1776345544.096,244.096,0.94,55.0,0.93,75.0,0.95,5.53,0.96,5.0,0.05,89.49,0.04,105.0,0.06,15.0,0.07,17.0,0.01,0.01,2347.322584,1776345543000
1776345544.81,244.81,0.94,13.0,0.93,68.0,0.95,30.53,0.96,146.0,0.05,5.53,0.04,5.0,0.06,55.0,0.07,75.0,0.01,0.01,2347.322584,1776345543000
1776345545.014,245.014,0.93,68.0,0.92,49.13,0.95,5.53,0.96,151.0,0.05,30.53,0.04,146.0,0.06,10.0,0.07,68.0,0.02,0.01,2347.322584,1776345543000
1776345545.444,245.444,0.93,10.0,0.92,49.13,0.95,5.53,0.96,151.0,0.05,5.53,0.04,151.0,0.07,68.0,0.08,49.13,0.02,0.02,2347.555251,1776345544000
1776345546.046,246.046,0.94,126.31,0.93,15.0,0.95,8.94,0.96,87.45,0.04,87.45,0.03,152.79,0.07,10.0,0.08,54.13,0.01,0.03,2347.555251,1776345544000
1776345546.923,246.923,0.94,31.31,0.93,21.0,0.95,3.94,0.96,7.45,0.05,8.94,0.04,87.45,0.06,106.31,0.07,15.0,0.01,0.01,2347.3362,1776345545000
1776345547.604,247.604,0.95,9.06,0.94,5.31,0.96,135.82,0.97,65.0,0.04,7.45,0.03,244.79,0.05,9.06,0.06,26.31,0.01,0.01,2347.290999,1776345546000
1776345549.053,249.053,0.94,5.31,0.93,10.0,0.96,778.62,0.97,283.7,0.04,135.82,0.03,65.0,0.05,9.06,0.06,5.31,0.02,0.01,2347.350678,1776345547000
1776345549.381,249.381,0.94,2.31,0.93,10.0,0.95,81.78,0.96,432.62,0.05,36.0,0.04,778.62,0.06,2.31,0.07,10.0,0.01,0.01,2347.429641,1776345548000
1776345550.157,250.157,0.94,2.31,0.93,10.0,0.95,71.19,0.96,432.62,0.05,81.78,0.04,432.62,0.06,2.31,0.07,10.0,0.01,0.01,2347.429641,1776345548000
1776345550.995,250.995,0.93,10.0,0.92,10.0,0.94,19.69,0.95,76.19,0.05,71.19,0.04,432.62,0.06,2.31,0.07,10.0,0.01,0.01,2347.353809,1776345549000
1776345552.224,252.224,0.93,10.0,0.92,10.0,0.94,116.57,0.95,224.99,0.06,19.69,0.05,76.19,0.07,10.0,0.08,10.0,0.01,0.01,2347.195226,1776345551000
1776345552.747,252.747,0.92,15.0,0.91,15.0,0.93,53.92,0.94,116.57,0.06,116.57,0.05,224.99,0.08,10.0,0.09,10.0,0.01,0.02,2347.195226,1776345551000
1776345553.155,253.155,0.92,10.0,0.91,15.0,0.93,25.82,0.94,111.57,0.07,53.92,0.06,116.57,0.08,15.0,0.09,15.0,0.01,0.01,2347.195226,1776345551000
1776345553.907,253.907,0.9,85.0,0.89,15.0,0.91,264.63,0.92,62.0,0.07,25.82,0.06,111.57,0.08,10.0,0.09,15.0,0.01,0.01,2347.046103,1776345552000
1776345555.564,255.564,0.88,0.91,0.87,40.0,0.91,260.63,0.92,62.0,0.09,264.63,0.08,62.0,0.1,85.0,0.11,15.0,0.03,0.01,2346.9103,1776345554000
1776345555.778,255.778,0.86,10.0,0.85,80.0,0.89,15.39,0.91,323.63,0.11,15.39,0.09,323.63,0.14,10.0,0.15,80.0,0.03,0.03,2346.9103,1776345554000
1776345556.015,256.015,0.87,176.89,0.86,15.0,0.88,68.29,0.9,104.79,0.1,114.79,0.09,350.63,0.13,108.89,0.14,10.0,0.01,0.03,2346.9103,1776345554000
1776345556.226,256.226,0.87,153.04,0.86,65.0,0.88,37.94,0.9,54.79,0.12,68.29,0.1,54.79,0.13,138.04,0.14,15.0,0.01,0.01,2346.9103,1776345554000
1776345556.641,256.641,0.87,206.65,0.86,60.0,0.89,6.67,0.9,54.79,0.12,18.89,0.1,54.79,0.13,163.04,0.14,65.0,0.02,0.01,2346.532221,1776345555000
1776345556.956,256.956,0.88,237.93,0.87,147.34,0.89,4.56,0.9,54.79,0.11,6.67,0.1,54.79,0.13,206.65,0.14,60.0,0.01,0.02,2346.475391,1776345556000
1776345557.177,257.177,0.88,242.93,0.87,147.34,0.9,46.81,0.91,163.63,0.11,4.56,0.1,54.79,0.12,237.93,0.13,147.34,0.02,0.01,2346.475391,1776345556000
1776345557.74,257.74,0.89,54.23,0.88,285.93,0.9,43.47,0.91,163.63,0.1,46.81,0.09,163.63,0.12,242.93,0.13,147.34,0.01,0.02,2346.475391,1776345556000
1776345558.595,258.595,0.89,84.67,0.88,290.93,0.9,42.35,0.91,119.63,0.1,43.47,0.09,163.63,0.11,54.23,0.12,285.93,0.01,0.01,2346.522246,1776345557000
1776345559.273,259.273,0.89,99.67,0.88,232.93,0.9,12.88,0.91,58.0,0.1,42.35,0.09,119.63,0.11,84.67,0.12,290.93,0.01,0.01,2346.570179,1776345558000
1776345559.741,259.741,0.89,74.67,0.88,167.93,0.9,16.76,0.91,98.0,0.1,12.88,0.09,58.0,0.11,99.67,0.12,232.93,0.01,0.01,2346.570179,1776345558000
1776345560.404,260.404,0.88,88.09,0.87,27.73,0.9,16.76,0.91,143.0,0.1,11.76,0.09,98.0,0.12,167.93,0.13,27.73,0.02,0.02,2346.629336,1776345559000
1776345560.896,260.896,0.88,93.09,0.87,85.73,0.89,2.0,0.9,11.76,0.1,16.76,0.09,143.0,0.12,88.09,0.13,27.73,0.01,0.02,2346.629336,1776345559000
1776345561.316,261.316,0.88,88.09,0.87,85.73,0.89,1.55,0.9,21.76,0.11,2.0,0.1,11.76,0.12,93.09,0.13,85.73,0.01,0.01,2346.5699,1776345560000
1776345561.739,261.739,0.88,102.05,0.87,85.73,0.89,101.93,0.9,76.76,0.11,1.55,0.1,21.76,0.12,88.09,0.13,85.73,0.01,0.01,2346.5699,1776345560000
1776345561.958,261.958,0.88,165.76,0.87,85.73,0.9,134.76,0.91,159.0,0.11,95.0,0.1,101.76,0.12,79.05,0.13,85.73,0.02,0.01,2346.5699,1776345560000
1776345562.285,262.285,0.89,20.0,0.88,219.76,0.9,101.76,0.91,184.0,0.1,134.76,0.09,159.0,0.12,161.76,0.13,85.73,0.01,0.02,2346.516383,1776345561000
1776345562.52,262.52,0.89,15.0,0.88,219.76,0.9,18.7,0.91,140.0,0.1,101.76,0.09,184.0,0.11,20.0,0.12,219.76,0.01,0.01,2346.516383,1776345561000
1776345562.791,262.791,0.88,159.67,0.87,85.73,0.89,8.76,0.9,6.66,0.1,6.66,0.09,140.0,0.12,164.67,0.13,85.73,0.01,0.02,2346.516383,1776345561000
1776345563.056,263.056,0.89,10.0,0.88,171.67,0.9,11.51,0.91,115.0,0.1,8.74,0.09,115.0,0.11,10.0,0.12,171.67,0.01,0.01,2346.49979,1776345562000
1776345563.501,263.501,0.89,10.0,0.88,229.67,0.91,50.79,0.92,271.9,0.1,10.43,0.09,65.0,0.11,10.0,0.12,171.67,0.02,0.01,2346.49979,1776345562000
1776345563.833,263.833,0.9,23.96,0.89,10.0,0.91,157.08,0.92,200.9,0.09,50.29,0.08,271.9,0.11,10.0,0.12,229.67,0.01,0.02,2346.49979,1776345562000
1776345564.701,264.701,0.9,199.65,0.89,10.0,0.91,100.78,0.92,157.0,0.09,157.08,0.08,200.9,0.1,23.96,0.11,10.0,0.01,0.01,2346.380333,1776345563000
1776345565.108,265.108,0.9,204.65,0.89,68.0,0.91,18.73,0.92,107.0,0.09,100.78,0.08,157.0,0.1,199.65,0.11,10.0,0.01,0.01,2346.380333,1776345563000
1776345565.799,265.799,0.91,23.96,0.9,185.69,0.92,80.36,0.93,87.0,0.09,5.89,0.08,107.0,0.1,204.65,0.11,68.0,0.01,0.01,2346.368439,1776345564000
1776345566.248,266.248,0.91,23.96,0.9,185.69,0.92,78.18,0.93,76.0,0.08,79.27,0.07,87.0,0.09,23.96,0.1,185.69,0.01,0.01,2346.368439,1776345564000
1776345566.78,266.78,0.91,33.96,0.9,185.69,0.92,67.9,0.93,73.0,0.08,77.9,0.07,68.0,0.09,38.96,0.1,185.69,0.01,0.01,2346.413733,1776345565000
1776345567.521,267.521,0.91,23.96,0.9,243.69,0.92,11.79,0.93,15.0,0.08,67.9,0.07,73.0,0.09,33.96,0.1,185.69,0.01,0.01,2346.427412,1776345566000
1776345567.992,267.992,0.93,40.0,0.92,173.96,0.95,85.68,0.96,367.57,0.08,11.79,0.07,15.0,0.09,23.96,0.1,243.69,0.02,0.01,2346.427412,1776345566000
1776345568.503,268.503,0.94,184.23,0.93,118.0,0.95,10.0,0.96,116.77,0.05,85.68,0.04,367.57,0.07,40.0,0.08,173.96,0.01,0.02,2346.43344,1776345567000
1776345568.775,268.775,0.95,100.0,0.94,308.23,0.97,15.0,0.98,445.0,0.05,5.0,0.04,116.77,0.06,300.23,0.07,65.0,0.02,0.01,2346.43344,1776345567000
1776345569.264,269.264,0.97,60.81,0.96,84.0,0.98,424.97,0.99,2410.04,0.02,438.93,0.01,2410.04,0.03,15.1,0.04,78.0,0.01,0.01,2346.43344,1776345567000
1776345569.563,269.563,0.97,118.81,0.96,70.0,0.98,419.76,0.99,2410.04,0.02,424.97,0.01,2410.04,0.03,60.81,0.04,84.0,0.01,0.01,2346.43844,1776345568000
1776345569.794,269.794,0.97,118.22,0.96,70.0,0.98,413.73,0.99,2410.04,0.02,419.76,0.01,2410.04,0.03,113.22,0.04,70.0,0.01,0.01,2346.43844,1776345568000
1776345570.057,270.057,0.97,77.41,0.96,120.0,0.98,409.19,0.99,2410.04,0.02,413.73,0.01,2410.04,0.03,118.22,0.04,70.0,0.01,0.01,2346.43844,1776345568000
1776345570.421,270.421,0.97,77.41,0.96,70.0,0.98,348.98,0.99,2468.04,0.02,409.19,0.01,2410.04,0.03,77.41,0.04,120.0,0.01,0.01,2346.598085,1776345569000
1776345570.795,270.795,0.97,92.41,0.96,70.0,0.98,242.97,0.99,2410.04,0.02,348.98,0.01,2468.04,0.03,77.41,0.04,70.0,0.01,0.01,2346.598085,1776345569000
1776345571.082,271.082,0.97,97.41,0.96,80.0,0.98,218.58,0.99,2410.04,0.02,222.56,0.01,2410.04,0.03,97.41,0.04,80.0,0.01,0.01,2346.598085,1776345569000
1776345571.415,271.415,0.97,97.41,0.96,80.0,0.98,210.51,0.99,2310.04,0.02,215.51,0.01,2310.04,0.03,92.41,0.04,80.0,0.01,0.01,2347.35833,1776345570000
1776345572.101,272.101,0.97,92.41,0.96,80.0,0.98,205.45,0.99,2310.04,0.02,210.51,0.01,2310.04,0.03,97.41,0.04,80.0,0.01,0.01,2347.464217,1776345571000
1776345572.45,272.45,0.97,97.41,0.96,80.0,0.98,175.45,0.99,1946.44,0.02,205.45,0.01,2310.04,0.03,92.41,0.04,80.0,0.01,0.01,2347.464217,1776345571000
1776345572.873,272.873,0.97,92.41,0.96,183.7,0.98,17.79,0.99,1946.44,0.02,168.82,0.01,1946.44,0.03,97.41,0.04,90.0,0.01,0.01,2347.464217,1776345571000
1776345573.292,273.292,0.97,211.7,0.96,173.7,0.98,9.79,0.99,1946.44,0.02,17.79,0.01,1946.44,0.03,92.41,0.04,183.7,0.01,0.01,2347.456913,1776345572000
1776345573.79,273.79,0.97,186.7,0.96,173.7,0.99,2392.83,,,0.02,9.79,0.01,1946.44,0.03,211.7,0.04,173.7,0.02,0.01,2347.456913,1776345572000
1776345573.993,273.993,0.98,20.0,0.97,191.7,0.99,1821.23,,,0.01,2392.83,,,0.03,186.7,0.04,173.7,0.01,0.02,2347.420735,1776345573000
1776345574.402,274.402,0.97,221.7,0.96,168.7,0.99,1821.23,,,0.01,1821.23,,,0.02,20.0,0.03,191.7,0.02,0.01,2347.420735,1776345573000
1776345574.883,274.883,0.98,203.7,0.97,216.7,0.99,1790.02,,,0.01,1800.02,,,0.03,221.7,0.04,168.7,0.01,0.02,2347.420735,1776345573000
1776345575.169,275.169,0.98,30.19,0.97,93.0,0.99,1714.71,,,0.01,1745.02,,,0.02,203.7,0.03,216.7,0.01,0.01,2347.518235,1776345574000
1776345575.445,275.445,0.98,88.19,0.97,35.0,0.99,1728.92,,,0.01,1714.71,,,0.02,30.19,0.03,93.0,0.01,0.01,2347.518235,1776345574000
1776345576.042,276.042,0.98,93.19,0.97,35.0,0.99,728.92,,,0.01,1728.92,,,0.02,88.19,0.03,35.0,0.01,0.01,2347.503465,1776345575000
1776345576.307,276.307,0.98,98.19,0.97,35.0,0.99,723.87,,,0.01,723.92,,,0.02,93.19,0.03,35.0,0.01,0.01,2347.503465,1776345575000
1776345576.514,276.514,0.98,92.64,0.97,35.0,0.99,714.87,,,0.01,714.87,,,0.02,98.19,0.03,35.0,0.01,0.01,2347.503465,1776345575000
1776345577.117,277.117,0.98,82.64,0.97,35.0,0.99,708.9,,,0.01,711.83,,,0.02,92.64,0.03,35.0,0.01,0.01,2347.476676,1776345576000
1776345577.344,277.344,0.98,82.64,0.97,35.0,0.99,698.84,,,0.01,708.9,,,0.02,82.64,0.03,35.0,0.01,0.01,2347.476676,1776345576000
1776345577.566,277.566,0.98,97.64,0.97,35.0,0.99,528.72,,,0.01,658.72,,,0.02,92.64,0.03,35.0,0.01,0.01,2347.476676,1776345576000
1776345577.927,277.927,0.99,923.45,0.98,97.64,,,,,,,,,0.01,105.34,0.02,92.64,,,2347.476676,1776345576000
1776345578.162,278.162,0.99,913.63,0.98,97.64,,,,,,,,,0.01,914.64,0.02,97.64,,,2347.613249,1776345577000
1776345581.424,281.424,0.99,5314.81,0.98,25.19,,,,,,,,,0.01,913.63,0.02,97.64,,,2347.69148,1776345579000
1776345583.11,283.11,0.99,5229.45,0.98,125.19,,,,,,,,,0.01,5314.81,0.02,25.19,,,2347.95151,1776345581000
1776345583.351,283.351,0.99,5226.55,0.98,125.19,,,,,,,,,0.01,5229.45,0.02,125.19,,,2348.004352,1776345582000
1776345584.975,284.975,0.99,5221.37,0.98,125.19,,,,,,,,,0.01,5226.55,0.02,125.19,,,2348.182667,1776345583000
1776345585.907,285.907,0.99,5501.49,0.98,15.19,,,,,,,,,0.01,5221.37,0.02,125.19,,,2348.19978,1776345584000
1776345591.979,291.979,0.99,6471.8,0.98,15.19,,,,,,,,,0.01,5501.49,0.02,15.19,,,2348.070745,1776345590000

# RESULT,winner=Up,slug=eth-updown-5m-1776345300,ticks=400
