timestamp,elapsed_sec,up_bid_p1,up_bid_s1,up_bid_p2,up_bid_s2,up_ask_p1,up_ask_s1,up_ask_p2,up_ask_s2,down_bid_p1,down_bid_s1,down_bid_p2,down_bid_s2,down_ask_p1,down_ask_s1,down_ask_p2,down_ask_s2,up_spread,down_spread,eth_price,eth_oracle_ts
1776332701.26,1.26,0.53,39.98,0.52,5.0,0.54,90.54,0.64,5.5,0.46,65.54,0.4,38.0,0.47,39.98,0.48,197.3,0.01,0.01,2340.042005,1776332700000
1776332701.677,1.677,0.53,7.95,0.52,5.0,0.54,35.0,0.55,210.0,0.46,35.0,0.36,5.5,0.47,12.95,0.48,5.0,0.01,0.01,2340.042005,1776332700000
1776332703.506,3.506,0.52,1.33,0.51,406.48,0.53,10.0,0.54,81.0,0.46,16.48,0.45,210.0,0.48,0.5,0.49,400.0,0.01,0.02,2340.050416,1776332701000
1776332703.917,3.917,0.54,7.69,0.52,1.33,0.55,223.0,0.56,120.0,0.47,10.0,0.46,81.0,0.48,1.33,0.49,406.48,0.01,0.01,2339.993812,1776332702000
1776332704.391,4.391,0.52,8.27,0.51,416.05,0.55,145.0,0.56,143.0,0.48,5.0,0.47,10.0,0.49,401.05,0.5,24.24,0.03,0.01,2340.030823,1776332703000
1776332705.34,5.34,0.52,24.27,0.51,421.05,0.54,5.0,0.55,154.75,0.45,139.75,0.44,143.0,0.48,8.27,0.49,416.05,0.02,0.03,2340.032445,1776332704000
1776332706.785,6.785,0.53,10.65,0.52,24.27,0.54,10.0,0.55,151.75,0.47,15.0,0.46,5.0,0.48,19.27,0.49,421.05,0.01,0.01,2340.018385,1776332705000
1776332707.752,7.752,0.53,38.0,0.52,19.27,0.55,142.93,0.56,93.0,0.46,10.0,0.45,151.75,0.47,10.65,0.48,24.27,0.02,0.01,2340.11188,1776332706000
1776332709.715,9.715,0.52,24.27,0.51,404.57,0.54,15.0,0.55,142.93,0.45,142.93,0.44,93.0,0.47,38.0,0.48,19.27,0.02,0.02,2340.14213,1776332708000
1776332710.168,10.168,0.52,83.27,0.51,422.57,0.54,14.35,0.55,142.93,0.46,15.0,0.45,142.93,0.48,24.27,0.49,404.57,0.02,0.02,2340.14213,1776332708000
1776332714.134,14.134,0.53,100.5,0.52,78.77,0.54,0.01,0.55,132.93,0.47,5.49,0.46,24.85,0.48,93.77,0.49,422.57,0.01,0.01,2340.13975,1776332713000
1776332714.611,14.611,0.54,73.5,0.53,95.5,0.55,110.79,0.56,70.0,0.45,115.79,0.44,70.0,0.47,100.5,0.48,78.77,0.01,0.02,2340.13975,1776332713000
1776332715.431,15.431,0.54,64.5,0.53,76.5,0.56,70.0,0.58,10.5,0.45,110.79,0.44,70.0,0.46,73.5,0.47,95.5,0.02,0.01,2340.138526,1776332714000
1776332715.805,15.805,0.55,50.5,0.54,45.5,0.58,10.5,0.59,85.0,0.44,70.0,0.42,10.5,0.46,64.5,0.47,76.5,0.03,0.02,2340.138526,1776332714000
1776332716.029,16.029,0.56,35.0,0.55,50.5,0.58,11.0,0.59,85.0,0.42,10.5,0.41,85.0,0.45,50.5,0.46,45.5,0.02,0.03,2340.138526,1776332714000
1776332716.565,16.565,0.57,12.67,0.56,87.51,0.58,10.0,0.59,95.5,0.42,11.0,0.41,85.0,0.44,35.0,0.45,50.5,0.01,0.02,2340.166904,1776332715000
1776332719.072,19.072,0.52,3.27,0.51,436.08,0.57,70.5,0.58,52.5,0.42,10.0,0.41,95.5,0.43,12.67,0.44,87.51,0.05,0.01,2340.249778,1776332717000
1776332719.975,19.975,0.52,3.27,0.51,446.58,0.53,12.0,0.54,169.99,0.43,70.5,0.42,52.5,0.48,3.27,0.49,436.08,0.01,0.05,2340.312405,1776332718000
1776332724.157,24.157,0.52,40.28,0.51,424.55,0.53,17.0,0.54,97.0,0.47,12.0,0.46,169.99,0.48,3.27,0.49,446.58,0.01,0.01,2340.063729,1776332723000
1776332727.994,27.994,0.52,35.08,0.51,419.55,0.53,17.0,0.54,97.0,0.47,17.0,0.46,97.0,0.48,40.28,0.49,424.55,0.01,0.01,2340.093131,1776332726000
1776332728.647,28.647,0.52,32.69,0.51,424.55,0.53,71.39,0.54,97.0,0.47,17.0,0.46,97.0,0.48,35.08,0.49,419.55,0.01,0.01,2340.094183,1776332727000
1776332729.15,29.15,0.52,85.59,0.51,434.55,0.53,13.11,0.54,90.0,0.47,71.39,0.46,97.0,0.48,32.69,0.49,424.55,0.01,0.01,2340.117727,1776332728000
1776332729.506,29.506,0.52,69.59,0.51,439.55,0.53,4.9,0.54,82.31,0.46,72.31,0.45,46.61,0.48,85.59,0.49,434.55,0.01,0.02,2340.117727,1776332728000
1776332730.896,30.896,0.54,103.98,0.53,88.18,0.55,6.11,0.57,15.0,0.47,4.9,0.46,82.31,0.48,69.59,0.49,439.55,0.01,0.01,2340.11169,1776332729000
1776332731.232,31.232,0.54,128.49,0.53,73.98,0.55,4.29,0.56,10.0,0.45,6.11,0.43,15.0,0.46,103.98,0.47,88.18,0.01,0.01,2340.125825,1776332730000
1776332731.578,31.578,0.54,128.49,0.53,73.98,0.55,2.47,0.56,10.0,0.45,4.29,0.44,10.0,0.46,128.49,0.47,73.98,0.01,0.01,2340.125825,1776332730000
1776332732.375,32.375,0.54,114.49,0.53,73.98,0.56,7.47,0.57,15.0,0.45,2.47,0.44,10.0,0.46,128.49,0.47,73.98,0.02,0.01,2340.1384,1776332731000
1776332732.793,32.793,0.55,49.27,0.54,72.49,0.56,7.47,0.57,25.5,0.44,7.47,0.43,15.0,0.46,114.49,0.47,73.98,0.01,0.02,2340.1384,1776332731000
1776332733.096,33.096,0.55,27.34,0.54,72.49,0.56,7.47,0.57,25.5,0.44,7.47,0.43,25.5,0.45,49.27,0.46,72.49,0.01,0.01,2340.16899,1776332732000
1776332734.43,34.43,0.55,21.37,0.54,72.49,0.56,7.47,0.57,15.0,0.44,7.47,0.43,25.5,0.45,27.34,0.46,72.49,0.01,0.01,2340.269429,1776332733000
1776332737.181,37.181,0.54,55.49,0.53,57.5,0.56,27.97,0.57,25.5,0.44,7.47,0.43,15.0,0.45,21.37,0.46,72.49,0.02,0.01,2340.245883,1776332736000
1776332742.028,42.028,0.54,86.5,0.53,52.5,0.55,2.22,0.56,7.47,0.44,27.97,0.43,25.5,0.46,50.49,0.47,57.5,0.01,0.02,2340.210325,1776332740000
1776332743.575,43.575,0.54,96.5,0.53,52.5,0.56,7.47,0.57,25.5,0.44,7.47,0.43,25.5,0.46,101.5,0.47,52.5,0.02,0.02,2340.202133,1776332742000
1776332744.592,44.592,0.55,36.0,0.54,70.5,0.56,12.47,0.57,25.5,0.44,7.47,0.43,25.5,0.46,96.5,0.47,52.5,0.01,0.02,2340.202133,1776332742000
1776332745.378,45.378,0.55,41.0,0.54,70.5,0.56,12.38,0.57,25.5,0.44,12.47,0.43,25.5,0.45,36.0,0.46,70.5,0.01,0.01,2340.24927,1776332743000
1776332747.568,47.568,0.55,26.0,0.54,65.49,0.56,15.0,0.57,22.88,0.43,22.88,0.42,95.5,0.45,36.0,0.46,65.49,0.01,0.02,2340.2546,1776332746000
1776332747.878,47.878,0.55,41.5,0.54,65.49,0.56,8.21,0.57,12.38,0.44,15.0,0.43,22.88,0.45,26.0,0.46,65.49,0.01,0.01,2340.2546,1776332746000
1776332748.4,48.4,0.57,20.0,0.56,20.0,0.58,115.5,0.59,25.5,0.44,8.21,0.43,12.38,0.45,41.5,0.46,65.49,0.01,0.01,2340.24818,1776332747000
1776332751.676,51.676,0.55,54.85,0.54,36.0,0.56,67.5,0.57,35.5,0.42,115.5,0.41,25.5,0.43,20.0,0.44,20.0,0.01,0.01,2340.27066,1776332750000
1776332752.134,52.134,0.57,88.7,0.56,64.49,0.58,65.0,0.59,10.0,0.44,67.5,0.43,35.5,0.45,54.85,0.46,36.0,0.01,0.01,2340.26731,1776332751000
1776332752.477,52.477,0.57,72.0,0.56,53.99,0.58,42.85,0.59,15.0,0.42,55.0,0.41,15.0,0.43,102.5,0.44,64.49,0.01,0.01,2340.26731,1776332751000
1776332753.62,53.62,0.57,88.49,0.56,64.98,0.58,31.52,0.6,80.5,0.42,42.85,0.41,15.0,0.43,72.0,0.44,53.99,0.01,0.01,2340.2396,1776332752000
1776332753.928,53.928,0.58,16.51,0.57,27.48,0.59,113.5,0.6,70.0,0.4,80.5,0.39,10.5,0.43,83.49,0.44,64.98,0.01,0.03,2340.2396,1776332752000
1776332754.182,54.182,0.58,16.0,0.57,59.49,0.59,112.5,0.6,70.0,0.41,113.5,0.4,70.0,0.42,16.51,0.43,27.48,0.01,0.01,2340.2396,1776332752000
1776332754.509,54.509,0.58,68.5,0.57,48.98,0.6,70.0,0.61,27.5,0.41,112.5,0.4,70.0,0.42,16.0,0.43,59.49,0.02,0.01,2340.27855,1776332753000
1776332755.737,55.737,0.63,115.5,0.62,35.5,0.64,61.5,0.65,31.0,0.4,70.0,0.39,27.5,0.42,68.5,0.43,48.98,0.01,0.02,2340.33123,1776332754000
1776332755.976,55.976,0.63,115.09,0.62,35.5,0.64,43.5,0.65,24.0,0.36,51.5,0.35,24.0,0.37,120.5,0.38,35.5,0.01,0.01,2340.36355,1776332755000
1776332756.418,56.418,0.63,97.0,0.62,35.5,0.65,38.57,0.66,98.5,0.36,4.5,0.35,24.0,0.37,115.5,0.38,35.5,0.02,0.01,2340.36355,1776332755000
1776332756.744,56.744,0.64,0.83,0.63,98.5,0.65,15.77,0.66,98.5,0.35,21.27,0.34,98.5,0.37,97.0,0.38,35.5,0.01,0.02,2340.36355,1776332755000
1776332757.687,57.687,0.64,61.0,0.63,25.5,0.65,23.07,0.66,98.5,0.35,15.77,0.34,98.5,0.36,0.83,0.37,98.5,0.01,0.01,2340.392529,1776332756000
1776332759.241,59.241,0.64,51.0,0.63,5.0,0.65,33.57,0.66,98.5,0.35,23.07,0.34,98.5,0.36,61.0,0.37,25.5,0.01,0.01,2340.630455,1776332757000
1776332760.01,60.01,0.64,51.0,0.63,15.5,0.65,13.07,0.66,98.5,0.35,28.07,0.34,98.5,0.36,41.0,0.37,15.5,0.01,0.01,2340.622605,1776332758000
1776332761.955,61.955,0.66,156.5,0.65,35.5,0.67,10.07,0.68,26.0,0.35,13.07,0.34,98.5,0.36,51.0,0.37,15.5,0.01,0.01,2340.634275,1776332760000
1776332762.25,62.25,0.67,182.5,0.66,66.5,0.68,23.08,0.69,30.0,0.33,10.07,0.32,26.0,0.34,156.5,0.35,35.5,0.01,0.01,2340.634275,1776332760000
1776332762.493,62.493,0.67,193.5,0.66,66.5,0.7,17.16,0.71,70.5,0.32,20.16,0.31,30.0,0.33,182.5,0.34,66.5,0.03,0.01,2340.636945,1776332761000
1776332762.768,62.768,0.68,88.5,0.67,72.5,0.69,5.4,0.7,23.16,0.3,17.16,0.29,70.5,0.33,193.5,0.34,66.5,0.01,0.03,2340.636945,1776332761000
1776332763.655,63.655,0.71,227.5,0.7,30.5,0.73,48.54,0.74,41.5,0.3,16.0,0.29,59.0,0.32,172.31,0.33,72.5,0.02,0.02,2340.636945,1776332762000
1776332763.938,63.938,0.72,130.2,0.71,5.0,0.73,5.0,0.74,26.0,0.27,40.63,0.26,21.0,0.28,10.0,0.29,91.0,0.01,0.01,2340.68854,1776332763000
1776332764.457,64.457,0.72,141.07,0.71,5.0,0.73,37.0,0.74,36.5,0.26,26.0,0.25,15.0,0.28,169.2,0.29,5.0,0.01,0.02,2340.68854,1776332763000
1776332764.792,64.792,0.72,146.07,0.71,15.5,0.73,59.5,0.74,54.5,0.27,37.0,0.26,36.5,0.28,141.07,0.29,5.0,0.01,0.01,2340.68854,1776332763000
1776332765.14,65.14,0.72,139.57,0.71,15.5,0.73,63.13,0.74,54.5,0.27,59.5,0.26,54.5,0.28,146.07,0.29,15.5,0.01,0.01,2340.8193,1776332764000
1776332765.95,65.95,0.72,119.07,0.71,15.5,0.73,63.13,0.74,59.5,0.27,63.13,0.26,54.5,0.28,139.57,0.29,15.5,0.01,0.01,2340.8193,1776332764000
1776332767.457,67.457,0.72,86.07,0.68,44.12,0.73,179.63,0.74,50.5,0.27,63.13,0.26,59.5,0.28,119.07,0.29,15.5,0.01,0.01,2340.947093,1776332766000
1776332767.905,67.905,0.68,22.37,0.62,5.0,0.69,190.4,0.7,56.5,0.27,199.63,0.26,59.5,0.32,37.12,0.33,5.0,0.01,0.05,2340.947093,1776332766000
1776332768.263,68.263,0.61,5.0,0.6,20.5,0.62,18.38,0.63,25.5,0.31,210.4,0.3,56.5,0.38,5.0,0.39,10.0,0.01,0.07,2340.94468,1776332767000
1776332768.579,68.579,0.6,15.5,0.59,15.0,0.62,38.38,0.63,28.0,0.38,38.38,0.37,15.0,0.4,20.5,0.41,10.0,0.02,0.02,2340.94468,1776332767000
1776332769.016,69.016,0.6,5.5,0.59,15.0,0.62,50.88,0.63,41.0,0.38,38.38,0.37,28.0,0.4,15.5,0.41,15.0,0.02,0.02,2340.94468,1776332767000
1776332769.726,69.726,0.6,22.5,0.59,15.0,0.61,8.6,0.62,45.88,0.38,50.88,0.37,41.0,0.4,5.5,0.41,15.0,0.01,0.02,2340.871174,1776332768000
1776332772.221,72.221,0.6,20.5,0.59,15.0,0.61,17.6,0.62,30.0,0.39,8.6,0.38,45.88,0.4,22.5,0.41,15.0,0.01,0.01,2340.47755,1776332771000
1776332772.773,72.773,0.6,15.5,0.59,20.0,0.61,12.6,0.62,30.0,0.39,12.6,0.38,30.0,0.4,20.5,0.41,15.0,0.01,0.01,2340.47755,1776332771000
1776332774.469,74.469,0.68,96.5,0.67,20.5,0.69,27.01,0.7,16.0,0.39,12.6,0.38,30.0,0.4,15.5,0.41,20.0,0.01,0.01,2340.510294,1776332773000
1776332774.875,74.875,0.7,151.5,0.69,20.5,0.71,36.77,0.72,13.5,0.29,12.49,0.28,22.5,0.3,10.0,0.31,10.0,0.01,0.01,2340.510294,1776332773000
1776332775.47,75.47,0.68,16.6,0.67,25.5,0.71,58.28,0.72,10.0,0.29,36.77,0.28,13.5,0.3,151.5,0.31,20.5,0.03,0.01,2340.510294,1776332773000
1776332775.824,75.824,0.7,8.66,0.69,20.5,0.71,78.28,0.72,25.5,0.29,58.28,0.28,10.0,0.32,16.6,0.33,25.5,0.01,0.03,2340.600902,1776332774000
1776332779.025,79.025,0.7,20.5,0.69,25.5,0.71,66.33,0.72,20.0,0.29,76.87,0.28,25.5,0.3,8.66,0.31,20.5,0.01,0.01,2340.972549,1776332777000
1776332779.478,79.478,0.7,20.5,0.69,25.5,0.71,38.17,0.72,20.0,0.29,43.17,0.28,20.0,0.3,20.5,0.31,25.5,0.01,0.01,2340.975951,1776332778000
1776332779.738,79.738,0.69,24.37,0.68,21.6,0.71,43.17,0.72,25.0,0.29,38.17,0.28,20.0,0.3,20.5,0.31,25.5,0.02,0.01,2340.975951,1776332778000
1776332781.313,81.313,0.72,60.0,0.7,5.0,0.73,55.13,0.74,33.0,0.29,43.17,0.28,25.0,0.31,24.37,0.32,21.6,0.01,0.02,2340.975331,1776332780000
1776332781.523,81.523,0.63,4.4,0.62,18.0,0.71,57.0,0.72,24.0,0.27,55.13,0.26,33.0,0.28,60.0,0.3,5.0,0.08,0.01,2340.975331,1776332780000
1776332782.001,82.001,0.62,10.0,0.61,10.0,0.63,15.0,0.64,47.0,0.29,57.0,0.28,24.0,0.37,4.4,0.38,18.0,0.01,0.08,2340.975331,1776332780000
1776332783.754,83.754,0.65,65.39,0.64,20.0,0.66,13.0,0.67,15.5,0.37,34.0,0.36,38.5,0.38,6.23,0.39,10.0,0.01,0.01,2340.872018,1776332782000
1776332785.297,85.297,0.68,91.5,0.67,41.5,0.69,11.76,0.71,17.0,0.34,13.0,0.33,15.5,0.35,65.39,0.36,20.0,0.01,0.01,2340.637675,1776332783000
1776332785.595,85.595,0.7,31.0,0.69,20.0,0.71,17.98,0.72,42.5,0.29,7.98,0.28,42.5,0.32,122.5,0.33,41.5,0.01,0.03,2340.625085,1776332784000
1776332788.247,88.247,0.71,30.0,0.7,15.0,0.72,13.25,0.73,10.0,0.29,17.98,0.28,42.5,0.3,31.0,0.31,20.0,0.01,0.01,2340.791013,1776332787000
1776332792.459,92.459,0.72,81.0,0.71,32.0,0.73,11.0,0.74,10.0,0.27,16.22,0.26,38.5,0.29,36.0,0.3,30.5,0.01,0.02,2341.04166,1776332791000
1776332792.73,92.73,0.72,113.0,0.71,42.5,0.73,5.0,0.75,29.5,0.27,11.0,0.26,10.0,0.28,81.0,0.29,32.0,0.01,0.01,2341.04166,1776332791000
1776332793.244,93.244,0.74,119.0,0.73,15.0,0.75,19.5,0.76,64.2,0.25,29.5,0.24,69.2,0.28,113.0,0.29,42.5,0.01,0.03,2341.04166,1776332791000
1776332793.837,93.837,0.74,121.15,0.73,15.0,0.75,14.0,0.76,43.2,0.25,14.0,0.24,64.2,0.26,114.0,0.27,15.0,0.01,0.01,2341.05313,1776332792000
1776332794.08,94.08,0.74,106.3,0.73,15.0,0.75,14.0,0.76,53.7,0.25,14.0,0.24,43.2,0.26,121.15,0.27,15.0,0.01,0.01,2341.05313,1776332792000
1776332797.423,97.423,0.74,106.3,0.73,15.0,0.75,11.0,0.76,18.5,0.25,14.0,0.24,53.7,0.26,106.3,0.27,15.0,0.01,0.01,2341.184855,1776332796000
1776332801.615,101.615,0.75,82.0,0.74,21.0,0.76,32.98,0.77,49.5,0.25,11.0,0.24,18.5,0.26,106.3,0.27,15.0,0.01,0.01,2341.164865,1776332800000
1776332801.868,101.868,0.75,119.0,0.74,21.0,0.76,27.71,0.77,49.5,0.24,32.98,0.23,49.5,0.25,82.0,0.26,21.0,0.01,0.01,2341.164865,1776332800000
1776332802.446,102.446,0.75,119.0,0.74,21.0,0.76,21.13,0.77,49.5,0.24,27.71,0.23,49.5,0.25,119.0,0.26,21.0,0.01,0.01,2341.18096,1776332801000
1776332803.546,103.546,0.75,92.0,0.74,21.0,0.76,0.5,0.77,44.5,0.24,21.13,0.23,49.5,0.25,119.0,0.26,21.0,0.01,0.01,2341.18096,1776332802000
1776332804.401,104.401,0.76,56.0,0.75,15.0,0.77,54.5,0.78,51.5,0.24,0.5,0.23,44.5,0.25,92.0,0.26,21.0,0.01,0.01,2341.17121,1776332803000
1776332806.132,106.132,0.77,94.0,0.76,15.0,0.78,16.91,0.79,46.5,0.23,54.5,0.22,51.5,0.24,56.0,0.25,15.0,0.01,0.01,2341.180465,1776332805000
1776332810.845,110.845,0.77,498.13,0.76,38.68,0.78,42.41,0.79,46.5,0.22,6.91,0.21,46.5,0.23,99.0,0.24,15.0,0.01,0.01,2341.217985,1776332809000
1776332811.465,111.465,0.77,503.13,0.76,38.68,0.78,37.41,0.79,36.5,0.22,42.41,0.21,46.5,0.23,498.13,0.24,38.68,0.01,0.01,2341.2088,1776332810000
1776332812.522,112.522,0.77,452.61,0.76,90.85,0.78,42.91,0.79,36.5,0.22,37.41,0.21,36.5,0.23,503.13,0.24,38.68,0.01,0.01,2341.2088,1776332810000
1776332814.957,114.957,0.77,453.26,0.76,38.68,0.78,46.91,0.79,36.5,0.22,42.91,0.21,36.5,0.23,452.61,0.24,90.85,0.01,0.01,2341.23865,1776332813000
1776332816.044,116.044,0.77,471.26,0.76,38.68,0.78,58.91,0.79,36.5,0.22,43.91,0.21,36.5,0.23,458.26,0.24,38.68,0.01,0.01,2341.25325,1776332814000
1776332817.805,117.805,0.77,482.26,0.76,38.68,0.78,34.41,0.79,36.5,0.22,58.91,0.21,36.5,0.23,471.26,0.24,38.68,0.01,0.01,2341.255855,1776332816000
1776332818.252,118.252,0.77,466.91,0.76,38.68,0.78,63.41,0.79,31.5,0.22,34.41,0.21,36.5,0.23,482.26,0.24,38.68,0.01,0.01,2341.255855,1776332816000
1776332820.495,120.495,0.77,518.91,0.76,15.0,0.78,4.34,0.79,10.5,0.22,63.41,0.21,31.5,0.23,466.91,0.24,38.68,0.01,0.01,2341.21684,1776332818000
1776332820.84,120.84,0.77,396.91,0.71,11.0,0.78,78.0,0.79,33.0,0.2,60.11,0.19,61.4,0.23,518.91,0.24,15.0,0.01,0.03,2341.195635,1776332819000
1776332821.329,121.329,0.71,3.79,0.7,5.0,0.72,84.0,0.73,21.0,0.22,93.5,0.21,102.7,0.29,11.0,0.3,95.99,0.01,0.07,2341.195635,1776332819000
1776332823.23,123.23,0.71,7.49,0.7,25.5,0.72,65.0,0.73,36.5,0.28,84.0,0.27,21.0,0.29,3.79,0.3,5.0,0.01,0.01,2341.18866,1776332821000
1776332823.843,123.843,0.71,7.49,0.7,25.5,0.72,60.01,0.73,36.5,0.28,65.0,0.27,36.5,0.29,7.49,0.3,25.5,0.01,0.01,2341.18866,1776332821000
1776332824.807,124.807,0.71,12.49,0.7,25.5,0.72,2.01,0.73,48.8,0.28,60.01,0.27,36.5,0.29,7.49,0.3,25.5,0.01,0.01,2340.89083,1776332823000
1776332825.351,125.351,0.71,47.49,0.7,25.5,0.73,30.28,0.74,49.2,0.28,2.01,0.27,48.8,0.29,12.49,0.3,25.5,0.02,0.01,2340.89083,1776332823000
1776332826.484,126.484,0.72,50.5,0.71,22.49,0.74,49.2,0.75,56.7,0.27,30.28,0.26,49.2,0.29,47.49,0.3,25.5,0.02,0.02,2340.927316,1776332825000
1776332828.592,128.592,0.72,105.23,0.71,25.5,0.73,36.2,0.74,10.0,0.25,56.7,0.24,55.2,0.28,35.0,0.29,17.49,0.01,0.03,2340.92948,1776332827000
1776332829.102,129.102,0.72,105.23,0.71,25.5,0.73,38.5,0.74,10.0,0.27,36.2,0.26,10.0,0.28,105.23,0.29,25.5,0.01,0.01,2340.946512,1776332828000
1776332829.579,129.579,0.72,105.23,0.71,25.5,0.73,0.5,0.74,15.0,0.27,38.5,0.26,10.0,0.28,105.23,0.29,25.5,0.01,0.01,2340.946512,1776332828000
1776332830.194,130.194,0.66,3.91,0.65,25.5,0.67,10.0,0.68,61.0,0.27,0.5,0.26,15.0,0.28,105.23,0.29,25.5,0.01,0.01,2340.914103,1776332829000
1776332830.552,130.552,0.66,14.41,0.65,105.69,0.67,6.07,0.68,61.0,0.33,10.0,0.32,61.0,0.34,3.91,0.35,25.5,0.01,0.01,2340.914103,1776332829000
1776332831.649,131.649,0.67,63.95,0.66,19.41,0.68,113.0,0.69,16.0,0.33,6.07,0.32,61.0,0.34,14.41,0.35,105.69,0.01,0.01,2340.923309,1776332830000
1776332832.065,132.065,0.67,79.45,0.66,19.41,0.68,110.1,0.69,16.0,0.32,113.0,0.31,16.0,0.33,63.95,0.34,19.41,0.01,0.01,2340.667697,1776332831000
1776332832.474,132.474,0.67,74.45,0.66,19.41,0.68,77.1,0.69,16.0,0.32,110.1,0.31,16.0,0.33,79.45,0.34,19.41,0.01,0.01,2340.667697,1776332831000
1776332833.913,133.913,0.67,25.5,0.66,50.35,0.68,76.16,0.69,11.0,0.32,73.0,0.31,16.0,0.33,79.45,0.34,19.41,0.01,0.01,2340.698965,1776332832000
1776332834.134,134.134,0.67,25.5,0.66,50.35,0.68,66.32,0.69,11.0,0.32,74.32,0.31,11.0,0.33,25.5,0.34,50.35,0.01,0.01,2340.698965,1776332832000
1776332834.534,134.534,0.67,25.5,0.66,50.35,0.68,68.32,0.69,11.0,0.32,66.32,0.31,11.0,0.33,25.5,0.34,50.35,0.01,0.01,2340.65325,1776332833000
1776332835.808,135.808,0.65,15.0,0.64,15.0,0.67,104.0,0.68,25.5,0.32,68.32,0.31,11.0,0.33,25.5,0.34,50.35,0.02,0.01,2340.6482,1776332834000
1776332838.14,138.14,0.65,10.0,0.64,15.0,0.66,44.98,0.67,48.5,0.33,80.0,0.32,25.5,0.36,2.61,0.37,15.0,0.01,0.03,2340.64738,1776332836000
1776332838.622,138.622,0.64,15.0,0.63,25.5,0.66,19.48,0.67,48.5,0.34,44.98,0.33,48.5,0.35,10.0,0.36,15.0,0.02,0.01,2340.610078,1776332837000
1776332839.018,139.018,0.65,15.0,0.64,15.0,0.66,17.96,0.67,48.5,0.34,19.48,0.33,48.5,0.36,15.0,0.37,25.5,0.01,0.02,2340.610078,1776332837000
1776332839.421,139.421,0.65,10.0,0.64,15.0,0.66,40.46,0.67,48.5,0.34,17.96,0.33,48.5,0.35,15.0,0.36,15.0,0.01,0.01,2340.5465,1776332838000
1776332841.588,141.588,0.65,25.0,0.64,15.0,0.66,25.3,0.67,26.0,0.34,40.46,0.33,48.5,0.35,10.0,0.36,15.0,0.01,0.01,2340.547215,1776332840000
1776332842.761,142.761,0.65,40.0,0.64,15.0,0.69,5.0,0.7,21.0,0.34,25.3,0.33,26.0,0.35,25.0,0.36,15.0,0.04,0.01,2340.620546,1776332841000
1776332846.878,146.878,0.66,15.0,0.65,15.0,0.67,5.9,0.68,10.0,0.31,5.0,0.3,21.0,0.35,40.0,0.36,15.0,0.01,0.04,2340.540526,1776332845000
1776332847.787,147.787,0.62,24.31,0.61,65.0,0.64,5.0,0.65,20.0,0.33,5.9,0.32,10.0,0.34,15.0,0.35,15.0,0.02,0.01,2340.51508,1776332846000
1776332848.598,148.598,0.62,14.31,0.61,65.0,0.63,30.0,0.64,4.82,0.37,14.0,0.36,9.82,0.38,24.31,0.39,65.0,0.01,0.01,2340.52534,1776332847000
1776332850.229,150.229,0.62,11.15,0.61,76.0,0.63,30.0,0.64,9.82,0.37,30.0,0.36,4.82,0.38,14.31,0.39,65.0,0.01,0.01,2340.519455,1776332848000
1776332850.579,150.579,0.62,16.15,0.61,76.0,0.63,19.31,0.65,5.0,0.37,30.0,0.36,9.82,0.38,11.15,0.39,76.0,0.01,0.01,2340.421245,1776332849000
1776332850.791,150.791,0.62,16.15,0.61,76.0,0.65,5.0,0.66,16.0,0.37,19.31,0.35,5.0,0.38,16.15,0.39,76.0,0.03,0.01,2340.421245,1776332849000
1776332861.445,161.445,0.63,20.0,0.62,25.5,0.65,40.0,0.66,5.0,0.35,5.0,0.34,16.0,0.38,16.15,0.39,76.0,0.02,0.03,2340.430555,1776332860000
1776332862.353,162.353,0.64,22.33,0.63,30.5,0.65,35.0,0.66,5.0,0.35,35.0,0.34,5.0,0.36,10.0,0.37,20.0,0.01,0.01,2340.430555,1776332860000
1776332863.48,163.48,0.64,30.5,0.63,30.5,0.66,5.0,0.67,5.0,0.35,35.0,0.34,5.0,0.36,22.33,0.37,30.5,0.02,0.01,2340.438838,1776332862000
1776332865.836,165.836,0.65,10.0,0.64,20.5,0.66,96.01,0.67,5.0,0.34,5.0,0.33,5.0,0.36,30.5,0.37,30.5,0.01,0.02,2340.494135,1776332864000
1776332868.738,168.738,0.67,41.5,0.66,116.49,0.71,5.64,0.72,5.0,0.34,96.01,0.33,5.0,0.35,10.0,0.36,20.5,0.04,0.01,2340.48805,1776332867000
1776332872.41,172.41,0.7,18.0,0.69,15.0,0.71,18.59,0.72,32.21,0.29,50.5,0.28,15.5,0.3,18.0,0.31,10.0,0.01,0.01,2340.630311,1776332871000
1776332873.947,173.947,0.7,23.0,0.69,25.5,0.71,0.59,0.72,32.21,0.29,18.59,0.28,32.21,0.3,18.0,0.31,15.0,0.01,0.01,2340.657786,1776332872000
1776332874.719,174.719,0.71,23.0,0.7,23.0,0.72,18.47,0.73,27.5,0.29,0.59,0.28,32.21,0.3,23.0,0.31,15.0,0.01,0.01,2340.598685,1776332873000
1776332876.36,176.36,0.71,18.0,0.7,18.0,0.72,15.73,0.73,17.0,0.28,18.47,0.27,27.5,0.29,23.0,0.3,23.0,0.01,0.01,2340.6144,1776332875000
1776332877.59,177.59,0.76,10.0,0.75,10.0,0.79,6.46,0.8,28.61,0.28,15.73,0.27,17.0,0.29,18.0,0.3,18.0,0.03,0.01,2340.621054,1776332876000
1776332877.902,177.902,0.78,48.0,0.77,23.0,0.79,30.0,0.8,28.61,0.21,6.46,0.2,28.61,0.24,10.0,0.25,10.0,0.01,0.03,2340.612138,1776332877000
1776332878.228,178.228,0.78,19.67,0.77,33.5,0.79,21.5,0.8,28.61,0.21,37.0,0.2,28.61,0.22,10.31,0.23,23.0,0.01,0.01,2340.612138,1776332877000
1776332878.708,178.708,0.78,16.17,0.77,18.0,0.79,40.5,0.8,33.61,0.21,21.5,0.2,28.61,0.22,19.67,0.23,33.5,0.01,0.01,2340.612138,1776332877000
1776332880.152,180.152,0.72,3.5,0.7,79.06,0.78,124.0,0.79,39.0,0.22,5.0,0.21,55.0,0.23,1.65,0.24,37.5,0.06,0.01,2340.61042,1776332878000
1776332880.966,180.966,0.7,10.0,0.69,15.0,0.71,6.9,0.72,10.0,0.27,6.0,0.26,6.0,0.3,72.06,0.31,5.0,0.01,0.03,2340.81289,1776332879000
1776332881.282,181.282,0.7,10.0,0.69,15.0,0.71,5.49,0.72,10.0,0.29,6.9,0.28,10.0,0.3,10.0,0.31,15.0,0.01,0.01,2340.75374,1776332880000
1776332882.397,182.397,0.72,8.92,0.71,10.0,0.74,33.88,0.75,27.0,0.26,14.88,0.25,10.0,0.3,10.0,0.31,15.0,0.02,0.04,2340.61358,1776332881000
1776332882.669,182.669,0.72,8.92,0.71,10.0,0.74,63.02,0.75,27.0,0.26,33.88,0.25,27.0,0.28,8.92,0.29,10.0,0.02,0.02,2340.61358,1776332881000
1776332883.185,183.185,0.72,8.92,0.71,20.0,0.73,14.0,0.74,22.0,0.26,63.02,0.25,27.0,0.28,8.92,0.29,10.0,0.01,0.02,2340.65319,1776332882000
1776332884.703,184.703,0.73,24.0,0.72,40.42,0.74,6.48,0.75,12.0,0.27,14.0,0.26,22.0,0.28,8.92,0.29,20.0,0.01,0.01,2340.61555,1776332883000
1776332886.172,186.172,0.68,4.5,0.67,20.0,0.69,16.0,0.7,26.0,0.26,6.48,0.25,12.0,0.27,24.0,0.28,40.42,0.01,0.01,2340.674814,1776332885000
1776332886.395,186.395,0.67,12.39,0.66,10.0,0.69,6.0,0.7,11.0,0.31,1.0,0.3,11.0,0.32,4.5,0.33,20.0,0.02,0.01,2340.674814,1776332885000
1776332887.51,187.51,0.67,54.15,0.66,20.5,0.68,35.64,0.69,35.5,0.31,6.0,0.3,11.0,0.33,12.39,0.34,10.0,0.01,0.02,2340.66779,1776332886000
1776332889.236,189.236,0.67,15.15,0.66,20.5,0.68,33.64,0.69,15.0,0.32,35.64,0.31,35.5,0.33,54.15,0.34,20.5,0.01,0.01,2340.527779,1776332888000
1776332890.403,190.403,0.67,25.8,0.66,83.46,0.68,25.99,0.69,20.5,0.32,33.64,0.31,15.0,0.33,15.15,0.34,20.5,0.01,0.01,2340.47787,1776332889000
1776332891.603,191.603,0.67,38.95,0.66,26.5,0.68,5.03,0.69,10.0,0.32,15.03,0.31,20.5,0.33,22.76,0.34,83.46,0.01,0.01,2340.46609,1776332890000
1776332894.053,194.053,0.67,38.95,0.66,26.5,0.69,15.5,0.7,21.5,0.32,5.03,0.31,10.0,0.33,38.95,0.34,26.5,0.02,0.01,2340.515131,1776332892000
1776332894.624,194.624,0.68,10.0,0.67,38.95,0.69,41.5,0.7,38.5,0.31,15.5,0.3,21.5,0.33,38.95,0.34,26.5,0.01,0.02,2340.515131,1776332892000
1776332895.768,195.768,0.67,16.19,0.65,5.0,0.69,168.5,0.7,43.5,0.31,41.5,0.3,38.5,0.32,10.0,0.33,38.95,0.02,0.01,2340.472775,1776332894000
1776332896.42,196.42,0.57,6.0,0.55,5.0,0.58,20.0,0.59,10.0,0.31,211.5,0.3,43.5,0.38,121.87,0.39,6.0,0.01,0.07,2340.472775,1776332895000
1776332896.718,196.718,0.54,93.89,0.52,5.0,0.55,5.0,0.56,10.0,0.43,28.48,0.42,47.0,0.46,105.2,0.47,15.0,0.01,0.03,2340.472775,1776332895000
1776332896.974,196.974,0.51,448.2,0.5,64.26,0.53,10.0,0.54,10.0,0.47,10.0,0.45,50.0,0.49,448.2,0.5,64.26,0.02,0.02,2340.4709,1776332896000
1776332897.55,197.55,0.51,393.2,0.5,59.26,0.52,57.0,0.53,10.0,0.47,10.0,0.46,10.0,0.49,448.2,0.5,64.26,0.01,0.02,2340.4709,1776332896000
1776332897.761,197.761,0.51,248.69,0.5,59.26,0.52,113.0,0.53,10.0,0.48,113.0,0.47,10.0,0.49,278.69,0.5,59.26,0.01,0.01,2340.4709,1776332896000
1776332898.391,198.391,0.5,52.79,0.49,81.12,0.51,6.0,0.52,30.0,0.49,16.0,0.48,99.38,0.5,50.79,0.51,11.12,0.01,0.01,2340.31766,1776332897000
1776332898.596,198.596,0.53,19.43,0.52,10.0,0.54,0.91,0.55,44.0,0.46,10.0,0.45,10.0,0.49,43.63,0.5,38.79,0.01,0.03,2340.31766,1776332897000
1776332898.967,198.967,0.54,5.0,0.53,15.0,0.56,32.0,0.58,10.0,0.45,5.0,0.41,12.0,0.48,5.0,0.49,53.63,0.02,0.03,2340.31766,1776332897000
1776332899.485,199.485,0.53,10.0,0.52,10.0,0.54,16.81,0.55,5.0,0.48,40.0,0.44,32.0,0.49,48.43,0.5,38.79,0.01,0.01,2340.17693,1776332898000
1776332899.974,199.974,0.52,11.0,0.51,17.0,0.54,72.81,0.55,5.0,0.46,16.81,0.45,5.0,0.47,10.0,0.48,10.0,0.02,0.01,2340.17693,1776332898000
1776332900.374,200.374,0.52,7.91,0.51,17.0,0.53,42.0,0.54,5.0,0.46,72.81,0.45,5.0,0.48,11.0,0.49,17.0,0.01,0.02,2339.84128,1776332899000
1776332900.583,200.583,0.52,11.38,0.51,17.0,0.53,67.0,0.54,10.0,0.47,72.0,0.46,10.0,0.48,2.38,0.49,17.0,0.01,0.01,2339.84128,1776332899000
1776332901.622,201.622,0.52,19.79,0.51,20.5,0.53,55.0,0.54,15.0,0.47,67.0,0.46,10.0,0.48,9.29,0.49,26.0,0.01,0.01,2339.99178,1776332900000
1776332903.381,203.381,0.6,18.25,0.59,19.0,0.61,90.0,0.62,22.5,0.47,45.0,0.46,10.0,0.48,24.79,0.49,20.5,0.01,0.01,2339.96791,1776332902000
1776332903.633,203.633,0.59,9.0,0.57,10.0,0.61,2.16,0.62,20.5,0.39,11.8,0.38,20.5,0.41,9.0,0.43,10.0,0.02,0.02,2339.96791,1776332902000
1776332904.156,204.156,0.6,10.0,0.59,10.0,0.62,22.0,0.63,24.07,0.39,10.5,0.38,22.0,0.42,10.0,0.43,10.0,0.02,0.03,2340.05124,1776332903000
1776332904.47,204.47,0.61,24.0,0.6,20.5,0.63,17.0,0.64,5.55,0.38,22.0,0.37,24.07,0.4,10.0,0.41,10.0,0.02,0.02,2340.05124,1776332903000
1776332905.377,205.377,0.62,15.0,0.61,34.85,0.64,12.0,0.65,15.8,0.37,10.0,0.36,17.55,0.39,40.35,0.4,20.5,0.02,0.02,2340.092635,1776332904000
1776332905.77,205.77,0.63,14.67,0.62,10.0,0.64,12.0,0.65,15.8,0.36,7.0,0.35,15.8,0.38,15.0,0.39,34.85,0.01,0.02,2340.092635,1776332904000
1776332906.211,206.211,0.63,14.67,0.62,10.0,0.65,105.91,0.66,26.5,0.36,12.0,0.35,15.8,0.37,14.67,0.38,10.0,0.02,0.01,2340.092635,1776332904000
1776332906.85,206.85,0.64,20.0,0.63,14.67,0.65,114.01,0.66,38.0,0.35,105.91,0.34,26.5,0.37,14.67,0.38,10.0,0.01,0.02,2340.092635,1776332904000
1776332907.571,207.571,0.64,9.72,0.63,4.67,0.65,119.22,0.66,48.5,0.35,114.01,0.34,38.0,0.36,20.0,0.37,14.67,0.01,0.01,2340.092635,1776332904000
1776332907.803,207.803,0.62,10.0,0.61,28.5,0.65,124.22,0.66,48.5,0.35,119.22,0.34,48.5,0.36,9.72,0.37,4.67,0.03,0.01,2340.190358,1776332906000
1776332908.226,208.226,0.61,22.85,0.6,25.5,0.63,15.0,0.64,10.0,0.35,124.22,0.34,48.5,0.38,10.0,0.39,28.5,0.02,0.03,2340.190358,1776332906000
1776332909.489,209.489,0.6,22.77,0.59,10.0,0.62,20.0,0.63,12.0,0.37,15.0,0.36,10.0,0.39,22.85,0.4,25.5,0.02,0.02,2340.224358,1776332908000
1776332909.985,209.985,0.61,20.5,0.6,17.77,0.65,11.16,0.66,108.09,0.38,20.0,0.37,22.0,0.39,20.5,0.4,17.77,0.04,0.01,2340.224358,1776332908000
1776332910.524,210.524,0.56,133.04,0.55,43.0,0.59,4.37,0.6,86.5,0.35,11.16,0.34,108.09,0.39,20.5,0.4,17.77,0.03,0.04,2340.17581,1776332909000
1776332910.819,210.819,0.51,32.94,0.5,23.79,0.52,30.0,0.53,15.0,0.41,4.37,0.4,86.5,0.44,133.04,0.45,43.0,0.01,0.03,2340.17581,1776332909000
1776332911.212,211.212,0.49,98.03,0.48,57.35,0.52,49.74,0.53,15.0,0.48,30.0,0.47,15.0,0.49,46.84,0.5,23.79,0.03,0.01,2340.17581,1776332909000
1776332911.415,211.415,0.49,19.38,0.48,62.35,0.5,15.0,0.51,15.0,0.5,20.0,0.49,15.0,0.51,102.42,0.52,62.35,0.01,0.01,2340.199395,1776332910000
1776332912.502,212.502,0.47,28.0,0.46,71.0,0.49,15.0,0.5,4.0,0.5,4.0,0.49,15.0,0.51,4.42,0.52,62.35,0.02,0.01,2340.17476,1776332911000
1776332912.879,212.879,0.48,6.71,0.47,27.5,0.49,20.0,0.5,14.0,0.51,20.0,0.5,14.0,0.53,27.5,0.54,86.0,0.01,0.02,2340.17476,1776332911000
1776332913.09,213.09,0.48,0.71,0.47,27.5,0.49,20.0,0.5,14.0,0.51,20.0,0.5,14.0,0.52,6.71,0.53,27.5,0.01,0.01,2340.17476,1776332911000
1776332914.25,214.25,0.49,15.5,0.48,57.69,0.5,4.0,0.51,15.0,0.51,14.59,0.5,14.0,0.52,0.71,0.53,27.5,0.01,0.01,2340.001569,1776332912000
1776332914.472,214.472,0.5,10.5,0.49,15.5,0.51,18.01,0.52,45.24,0.49,18.21,0.48,45.24,0.51,15.5,0.52,62.69,0.01,0.02,2339.979075,1776332913000
1776332915.094,215.094,0.5,6.56,0.49,30.5,0.51,23.01,0.52,40.24,0.49,18.01,0.48,45.24,0.5,10.5,0.51,15.5,0.01,0.01,2339.979075,1776332913000
1776332915.851,215.851,0.48,42.67,0.47,14.5,0.5,10.0,0.51,13.01,0.5,15.0,0.49,18.01,0.52,61.55,0.53,14.5,0.02,0.02,2340.02101,1776332914000
1776332916.233,216.233,0.5,7.86,0.49,25.5,0.51,18.01,0.52,20.0,0.5,10.0,0.49,18.01,0.53,14.5,0.54,71.0,0.01,0.03,2339.987405,1776332915000
1776332916.712,216.712,0.5,7.86,0.49,5.0,0.51,24.66,0.52,30.5,0.49,18.01,0.48,20.0,0.5,7.86,0.51,25.5,0.01,0.01,2339.987405,1776332915000
1776332916.967,216.967,0.48,0.55,0.47,15.0,0.51,21.68,0.52,30.5,0.49,21.68,0.48,30.5,0.5,7.86,0.52,5.0,0.03,0.01,2339.976993,1776332916000
1776332917.288,217.288,0.47,10.5,0.46,75.0,0.48,22.7,0.49,20.0,0.49,21.68,0.48,30.5,0.52,0.55,0.53,15.0,0.01,0.03,2339.976993,1776332916000
1776332917.624,217.624,0.47,10.5,0.46,70.0,0.48,52.6,0.49,25.0,0.52,22.7,0.51,20.0,0.53,10.5,0.54,75.0,0.01,0.01,2339.976993,1776332916000
1776332917.836,217.836,0.47,5.5,0.46,75.0,0.48,16.31,0.49,20.0,0.52,43.51,0.51,25.0,0.53,10.5,0.54,70.0,0.01,0.01,2339.976993,1776332916000
1776332918.066,218.066,0.46,70.0,0.45,24.5,0.47,15.0,0.48,16.31,0.52,16.31,0.51,25.0,0.54,70.0,0.55,5.0,0.01,0.02,2340.001275,1776332917000
1776332918.313,218.313,0.44,3.5,0.4,14.0,0.45,66.5,0.46,43.5,0.53,15.0,0.52,16.31,0.54,70.0,0.55,24.5,0.01,0.01,2340.001275,1776332917000
1776332918.696,218.696,0.38,41.17,0.37,18.6,0.39,15.0,0.4,20.0,0.61,10.0,0.6,33.33,0.62,10.4,0.63,2.6,0.01,0.01,2340.001275,1776332917000
1776332919.232,219.232,0.39,17.8,0.38,25.05,0.4,20.0,0.41,20.0,0.6,20.0,0.59,20.0,0.62,38.0,0.63,18.6,0.01,0.02,2339.949832,1776332918000
1776332919.523,219.523,0.38,16.0,0.37,5.0,0.4,57.2,0.41,30.5,0.6,47.2,0.59,30.5,0.61,9.6,0.62,21.0,0.02,0.01,2339.949832,1776332918000
1776332919.787,219.787,0.38,8.07,0.37,15.0,0.39,9.04,0.4,28.0,0.61,11.61,0.6,28.0,0.62,8.07,0.63,20.0,0.01,0.01,2339.949832,1776332918000
1776332920.374,220.374,0.37,40.38,0.36,71.0,0.38,49.2,0.39,19.54,0.61,9.55,0.6,28.0,0.63,15.0,0.64,55.0,0.01,0.02,2339.908875,1776332919000
1776332921.426,221.426,0.4,94.44,0.39,33.95,0.41,10.8,0.42,29.74,0.62,49.2,0.61,19.54,0.63,40.38,0.64,71.0,0.01,0.01,2339.908875,1776332919000
1776332922.444,222.444,0.4,68.21,0.39,17.0,0.41,10.8,0.42,45.24,0.59,10.8,0.58,29.74,0.6,94.44,0.61,33.95,0.01,0.01,2339.714196,1776332921000
1776332923.201,223.201,0.4,84.41,0.39,22.0,0.41,1.58,0.42,20.0,0.59,5.8,0.58,45.24,0.6,51.41,0.61,17.0,0.01,0.01,2339.714196,1776332921000
1776332924.524,224.524,0.4,61.41,0.39,22.0,0.42,25.24,0.43,20.5,0.58,20.0,0.57,20.5,0.6,84.41,0.61,22.0,0.02,0.02,2339.734115,1776332923000
1776332924.873,224.873,0.41,1.52,0.4,44.74,0.42,25.24,0.43,20.5,0.58,30.24,0.57,20.5,0.6,44.74,0.61,27.0,0.01,0.02,2339.734115,1776332923000
1776332925.335,225.335,0.41,4.52,0.4,44.74,0.42,14.74,0.43,20.5,0.58,25.24,0.57,20.5,0.59,1.52,0.6,44.74,0.01,0.01,2339.734115,1776332924000
1776332925.618,225.618,0.41,4.52,0.4,44.74,0.42,16.45,0.43,20.5,0.58,14.74,0.57,20.5,0.59,4.52,0.6,44.74,0.01,0.01,2339.734115,1776332924000
1776332926.614,226.614,0.4,42.74,0.39,32.5,0.42,11.45,0.43,10.0,0.58,16.45,0.57,20.5,0.59,4.52,0.6,44.74,0.02,0.01,2339.76113,1776332925000
1776332927.04,227.04,0.41,10.0,0.4,50.97,0.42,1.36,0.43,10.0,0.58,11.45,0.57,10.0,0.6,42.74,0.61,32.5,0.01,0.02,2339.76113,1776332925000
1776332927.259,227.259,0.41,5.0,0.4,45.97,0.42,1.36,0.43,10.0,0.58,1.36,0.57,10.0,0.59,10.0,0.6,50.97,0.01,0.01,2339.76113,1776332925000
1776332927.57,227.57,0.4,45.97,0.39,32.5,0.42,1.36,0.43,10.0,0.58,1.36,0.57,10.0,0.59,5.0,0.6,45.97,0.02,0.01,2339.76113,1776332926000
1776332928.131,228.131,0.4,32.3,0.39,22.0,0.42,11.36,0.43,20.5,0.58,1.36,0.57,10.0,0.6,45.97,0.61,32.5,0.02,0.02,2339.76113,1776332926000
1776332928.634,228.634,0.32,5.0,0.31,55.0,0.41,65.7,0.42,21.86,0.58,11.36,0.57,20.5,0.6,32.3,0.61,22.0,0.09,0.02,2339.76024,1776332927000
1776332929.346,229.346,0.31,51.0,0.3,5.0,0.32,20.0,0.33,15.0,0.59,65.7,0.58,21.86,0.68,5.0,0.69,55.0,0.01,0.09,2339.7698,1776332928000
1776332930.112,230.112,0.31,40.0,0.3,5.0,0.32,30.0,0.33,15.0,0.68,20.0,0.67,15.0,0.69,51.0,0.7,5.0,0.01,0.01,2339.7698,1776332928000
1776332932.831,232.831,0.33,15.5,0.32,20.5,0.34,4.0,0.35,10.0,0.68,30.0,0.67,15.0,0.69,40.0,0.7,5.0,0.01,0.01,2339.574362,1776332931000
1776332935.015,235.015,0.32,148.07,0.31,130.5,0.34,10.0,0.35,10.0,0.66,4.0,0.65,10.0,0.67,15.5,0.68,20.5,0.02,0.01,2339.52595,1776332933000
1776332936.861,236.861,0.28,12.22,0.27,33.0,0.32,20.0,0.33,10.0,0.66,15.0,0.65,10.0,0.67,3.5,0.68,148.07,0.04,0.01,2339.645474,1776332935000
1776332938.414,238.414,0.3,15.0,0.29,80.0,0.31,5.72,0.32,10.0,0.68,20.0,0.67,10.0,0.72,12.22,0.73,33.0,0.01,0.04,2339.615225,1776332937000
1776332939.718,239.718,0.3,10.71,0.29,80.0,0.31,5.72,0.32,10.0,0.69,5.72,0.68,10.0,0.7,15.0,0.71,80.0,0.01,0.01,2339.557735,1776332938000
1776332940.988,240.988,0.21,55.26,0.2,37.5,0.23,30.0,0.24,25.0,0.69,5.72,0.68,10.0,0.7,10.71,0.71,80.0,0.02,0.01,2339.55815,1776332939000
1776332941.628,241.628,0.31,6.05,0.3,15.0,0.33,20.0,0.34,10.0,0.77,24.0,0.76,15.0,0.79,90.0,0.8,182.5,0.02,0.02,2339.568985,1776332940000
1776332941.917,241.917,0.32,101.57,0.31,128.05,0.33,10.0,0.39,5.0,0.67,20.0,0.66,10.0,0.69,6.05,0.7,15.0,0.01,0.02,2339.568985,1776332940000
1776332942.223,242.223,0.45,5.63,0.44,10.0,0.46,40.5,0.47,15.24,0.54,40.5,0.53,15.24,0.55,27.0,0.56,15.0,0.01,0.01,2339.55911,1776332941000
1776332942.451,242.451,0.45,20.63,0.44,15.0,0.46,0.5,0.47,15.24,0.54,40.5,0.53,15.24,0.55,5.63,0.56,10.0,0.01,0.01,2339.55911,1776332941000
1776332942.703,242.703,0.46,20.14,0.45,10.63,0.47,8.85,0.5,10.0,0.53,8.85,0.49,80.0,0.54,22.0,0.55,10.63,0.01,0.01,2339.55911,1776332941000
1776332943.023,243.023,0.46,6.14,0.45,10.63,0.47,10.0,0.48,10.0,0.51,10.0,0.5,72.85,0.54,15.14,0.55,10.63,0.01,0.03,2339.55911,1776332941000
1776332943.333,243.333,0.44,3.73,0.43,5.0,0.45,15.0,0.46,15.0,0.54,15.0,0.53,10.0,0.55,6.63,0.56,20.0,0.01,0.01,2339.606359,1776332942000
1776332943.554,243.554,0.43,15.0,0.42,15.0,0.45,20.0,0.46,15.0,0.55,15.0,0.54,15.0,0.56,0.4,0.57,5.0,0.02,0.01,2339.606359,1776332942000
1776332943.796,243.796,0.42,15.0,0.41,70.0,0.44,4.31,0.45,15.0,0.55,20.0,0.54,15.0,0.57,15.0,0.58,15.0,0.02,0.02,2339.606359,1776332942000
1776332944.104,244.104,0.41,5.0,0.37,5.0,0.42,50.62,0.43,15.0,0.56,4.31,0.55,15.0,0.58,15.0,0.59,70.0,0.01,0.02,2339.631062,1776332943000
1776332944.622,244.622,0.26,54.9,0.25,75.0,0.27,6.21,0.28,10.0,0.73,10.0,0.72,10.0,0.74,4.9,0.75,75.0,0.01,0.01,2339.631062,1776332943000
1776332945.062,245.062,0.26,56.48,0.25,75.0,0.27,11.21,0.28,10.0,0.73,6.21,0.72,10.0,0.74,54.9,0.75,75.0,0.01,0.01,2339.631062,1776332943000
1776332945.378,245.378,0.23,3.4,0.2,180.0,0.24,11.93,0.25,20.0,0.76,13.5,0.75,15.0,0.77,13.0,0.8,180.0,0.01,0.01,2339.82,1776332944000
1776332945.729,245.729,0.16,251.07,0.15,103.2,0.17,15.0,0.18,15.0,0.76,16.93,0.75,20.0,0.8,179.46,0.84,70.0,0.01,0.04,2339.82,1776332944000
1776332946.34,246.34,0.18,65.0,0.17,270.0,0.19,18.9,0.21,10.0,0.81,23.0,0.8,10.0,0.84,253.8,0.85,113.2,0.01,0.03,2339.82,1776332944000
1776332946.812,246.812,0.19,75.0,0.18,190.0,0.2,10.0,0.21,10.0,0.8,10.0,0.79,10.0,0.82,60.0,0.83,270.0,0.01,0.02,2339.744145,1776332945000
1776332947.091,247.091,0.19,15.0,0.16,370.0,0.2,10.0,0.21,10.0,0.8,10.0,0.79,10.0,0.81,75.0,0.82,190.0,0.01,0.01,2339.744145,1776332945000
1776332947.334,247.334,0.19,8.82,0.16,370.0,0.2,15.0,0.21,10.0,0.8,10.0,0.79,10.0,0.81,15.0,0.84,370.0,0.01,0.01,2339.744145,1776332945000
1776332948.176,248.176,0.19,2.64,0.16,140.0,0.2,15.0,0.21,10.0,0.8,15.0,0.79,10.0,0.81,8.82,0.84,370.0,0.01,0.01,2339.393955,1776332947000
1776332949.136,249.136,0.19,7.64,0.16,431.8,0.2,7.0,0.21,10.0,0.8,15.0,0.79,10.0,0.81,2.64,0.84,140.0,0.01,0.01,2339.351999,1776332948000
1776332949.626,249.626,0.19,6.4,0.17,180.0,0.2,7.0,0.21,10.0,0.8,7.0,0.79,10.0,0.81,7.64,0.84,431.8,0.01,0.01,2339.351999,1776332948000
1776332949.934,249.934,0.09,53.63,0.08,60.9,0.11,30.0,0.12,25.0,0.8,12.0,0.79,10.0,0.84,166.8,0.85,98.2,0.02,0.04,2339.351999,1776332948000
1776332950.137,250.137,0.09,9.53,0.08,60.9,0.1,30.0,0.11,42.09,0.89,30.0,0.88,25.0,0.91,53.63,0.92,60.9,0.01,0.02,2339.320985,1776332949000
1776332950.42,250.42,0.08,58.43,0.07,69.3,0.09,30.0,0.1,41.11,0.9,35.0,0.89,42.09,0.92,60.43,0.93,69.3,0.01,0.02,2339.320985,1776332949000
1776332950.811,250.811,0.08,53.34,0.07,259.3,0.09,25.0,0.1,41.11,0.91,30.0,0.9,41.11,0.92,58.43,0.93,69.3,0.01,0.01,2339.320985,1776332949000
1776332951.017,251.017,0.07,254.23,0.06,89.8,0.09,42.0,0.1,41.11,0.91,25.0,0.9,41.11,0.92,53.34,0.93,259.3,0.02,0.01,2339.320985,1776332949000
1776332951.833,251.833,0.07,125.84,0.06,269.8,0.08,20.0,0.09,25.0,0.92,5.0,0.91,25.0,0.93,315.84,0.94,89.8,0.01,0.01,2339.26185,1776332950000
1776332952.674,252.674,0.07,117.6,0.06,89.8,0.08,30.0,0.09,38.0,0.92,25.0,0.91,25.0,0.93,129.76,0.94,269.8,0.01,0.01,2339.26185,1776332950000
1776332953.005,253.005,0.07,112.6,0.06,89.8,0.08,45.0,0.09,38.0,0.92,30.0,0.91,38.0,0.93,117.6,0.94,89.8,0.01,0.01,2338.965988,1776332951000
1776332953.497,253.497,0.07,68.0,0.06,269.8,0.08,17.0,0.09,38.0,0.92,45.0,0.91,38.0,0.93,112.6,0.94,89.8,0.01,0.01,2338.965988,1776332951000
1776332953.699,253.699,0.07,251.29,0.06,89.8,0.08,5.0,0.09,33.0,0.92,17.0,0.91,38.0,0.93,68.0,0.94,269.8,0.01,0.01,2338.965988,1776332951000
1776332954.05,254.05,0.07,66.29,0.06,269.8,0.08,5.0,0.09,33.0,0.92,5.0,0.91,33.0,0.93,251.29,0.94,89.8,0.01,0.01,2338.90715,1776332952000
1776332954.325,254.325,0.07,65.21,0.06,269.8,0.08,5.0,0.09,33.0,0.92,5.0,0.91,33.0,0.93,66.29,0.94,269.8,0.01,0.01,2338.90715,1776332952000
1776332955.058,255.058,0.07,54.41,0.06,269.8,0.08,20.0,0.09,28.0,0.92,5.0,0.91,33.0,0.93,65.21,0.94,269.8,0.01,0.01,2338.91202,1776332953000
1776332955.63,255.63,0.07,43.41,0.06,269.8,0.08,15.0,0.09,28.0,0.92,20.0,0.91,28.0,0.93,54.41,0.94,269.8,0.01,0.01,2338.91599,1776332954000
1776332957.06,257.06,0.07,13.38,0.06,89.8,0.08,81.0,0.09,200.0,0.92,15.0,0.91,28.0,0.93,47.33,0.94,269.8,0.01,0.01,2338.88715,1776332955000
1776332957.925,257.925,0.06,86.72,0.05,305.8,0.08,76.0,0.09,205.0,0.92,81.0,0.91,200.0,0.93,13.38,0.94,89.8,0.02,0.01,2338.88215,1776332956000
1776332958.829,258.829,0.06,112.72,0.05,305.8,0.07,102.16,0.08,12.5,0.92,68.5,0.91,205.0,0.94,95.72,0.95,305.8,0.01,0.02,2338.872915,1776332957000
1776332959.222,259.222,0.06,344.52,0.05,157.37,0.07,60.0,0.08,10.0,0.93,102.16,0.92,12.5,0.94,112.72,0.95,305.8,0.01,0.01,2338.872915,1776332957000
1776332959.448,259.448,0.13,70.0,0.12,214.89,0.16,2.56,0.17,10.0,0.86,6.0,0.85,10.0,0.87,65.0,0.88,64.89,0.03,0.01,2338.82255,1776332958000
1776332959.706,259.706,0.13,65.0,0.12,134.89,0.14,10.0,0.15,10.0,0.84,2.56,0.83,10.0,0.87,70.0,0.88,214.89,0.01,0.03,2338.82255,1776332958000
1776332960.15,260.15,0.12,11.59,0.11,70.0,0.13,10.0,0.14,10.0,0.87,10.0,0.86,10.0,0.88,70.59,0.89,70.0,0.01,0.01,2338.82255,1776332959000
1776332961.233,261.233,0.12,15.84,0.11,70.0,0.13,152.68,0.14,15.0,0.87,10.0,0.86,10.0,0.88,11.59,0.89,70.0,0.01,0.01,2338.82255,1776332959000
1776332961.514,261.514,0.11,52.95,0.1,10.0,0.13,147.68,0.14,15.0,0.87,152.68,0.86,15.0,0.88,4.0,0.89,70.0,0.02,0.01,2338.82255,1776332959000
1776332962.221,262.221,0.11,60.73,0.09,10.0,0.12,195.0,0.13,152.68,0.87,147.68,0.86,15.0,0.89,52.95,0.9,10.0,0.01,0.02,2338.928903,1776332960000
1776332962.494,262.494,0.09,5.0,0.08,15.0,0.11,10.0,0.12,195.0,0.88,200.0,0.87,147.68,0.91,10.0,0.92,15.0,0.02,0.03,2339.0263,1776332961000
1776332962.883,262.883,0.08,14.51,0.07,89.3,0.11,10.0,0.12,195.0,0.89,10.0,0.88,195.0,0.91,5.0,0.92,15.0,0.03,0.02,2339.0263,1776332961000
1776332963.611,263.611,0.06,9.61,0.05,125.8,0.08,57.0,0.09,20.0,0.89,141.7,0.88,195.0,0.92,14.51,0.93,89.3,0.02,0.03,2339.03503,1776332962000
1776332964.271,264.271,0.06,53.48,0.05,70.0,0.07,10.0,0.08,25.0,0.93,20.0,0.92,35.0,0.94,21.61,0.95,50.0,0.01,0.01,2339.03503,1776332962000
1776332964.523,264.523,0.09,22.0,0.08,10.0,0.11,0.75,0.12,17.51,0.88,2.51,0.87,10.0,0.89,45.45,0.92,10.0,0.02,0.01,2339.03503,1776332962000
1776332964.727,264.727,0.08,10.0,0.07,8.92,0.1,27.0,0.11,0.75,0.9,5.0,0.89,0.75,0.91,2.0,0.92,10.0,0.02,0.01,2339.03503,1776332962000
1776332965.05,265.05,0.08,4.82,0.07,8.92,0.09,10.0,0.1,15.0,0.9,27.0,0.89,0.75,0.92,7.0,0.93,8.92,0.01,0.02,2339.045575,1776332963000
1776332965.253,265.253,0.07,8.74,0.06,10.0,0.09,10.0,0.1,25.0,0.91,10.0,0.9,15.0,0.92,4.82,0.93,8.92,0.02,0.01,2339.045575,1776332963000
1776332965.712,265.712,0.08,5.0,0.07,13.74,0.09,17.01,0.1,88.1,0.9,18.1,0.89,82.75,0.92,10.0,0.93,8.74,0.01,0.02,2338.950435,1776332964000
1776332966.67,266.67,0.08,10.0,0.07,188.74,0.11,17.0,0.12,7.51,0.91,17.01,0.9,88.1,0.92,5.0,0.93,13.74,0.03,0.01,2338.989155,1776332965000
1776332967.157,267.157,0.1,219.51,0.09,80.0,0.15,10.0,0.16,10.0,0.89,12.0,0.88,149.72,0.9,9.39,0.91,45.0,0.05,0.01,2338.989155,1776332965000
1776332967.425,267.425,0.15,2.0,0.14,5.0,0.16,14.9,0.17,78.16,0.84,9.9,0.83,78.16,0.85,5.0,0.86,15.0,0.01,0.01,2338.993175,1776332966000
1776332967.678,267.678,0.14,10.3,0.13,10.0,0.16,5.0,0.17,78.16,0.84,14.9,0.83,78.16,0.85,2.0,0.86,5.0,0.02,0.01,2338.993175,1776332966000
1776332968.018,268.018,0.19,12.8,0.18,10.0,0.2,121.66,0.21,10.0,0.84,5.0,0.83,78.16,0.86,10.3,0.87,10.0,0.01,0.02,2338.993175,1776332966000
1776332968.254,268.254,0.19,7.9,0.18,10.0,0.2,111.66,0.21,10.0,0.8,111.66,0.79,10.0,0.81,10.0,0.82,10.0,0.01,0.01,2338.993175,1776332966000
1776332968.504,268.504,0.17,65.0,0.16,10.0,0.18,10.0,0.19,10.0,0.8,116.66,0.79,10.0,0.81,5.77,0.82,10.0,0.01,0.01,2338.993175,1776332966000
1776332968.758,268.758,0.17,38.0,0.16,10.0,0.18,10.0,0.19,20.0,0.82,10.0,0.81,20.0,0.83,40.9,0.84,10.0,0.01,0.01,2339.009662,1776332967000
1776332969.094,269.094,0.16,5.69,0.15,190.0,0.18,135.75,0.19,15.0,0.82,130.75,0.81,20.0,0.84,8.69,0.85,190.0,0.02,0.02,2339.009662,1776332967000
1776332969.339,269.339,0.09,81.0,0.08,110.9,0.12,10.0,0.13,15.0,0.82,135.75,0.81,15.0,0.84,5.69,0.85,190.0,0.03,0.02,2339.009662,1776332967000
1776332969.941,269.941,0.07,55.13,0.06,78.8,0.08,12.0,0.09,15.0,0.88,10.0,0.87,15.0,0.91,81.0,0.92,110.9,0.01,0.03,2339.126437,1776332968000
1776332970.216,270.216,0.06,4.95,0.05,125.8,0.07,20.0,0.08,35.0,0.92,12.0,0.91,15.0,0.93,55.13,0.94,78.8,0.01,0.01,2339.173497,1776332969000
1776332970.517,270.517,0.05,49.85,0.04,323.8,0.07,20.0,0.08,25.0,0.93,15.0,0.92,35.0,0.95,125.65,0.96,323.8,0.02,0.02,2339.173497,1776332969000
1776332971.739,271.739,0.05,226.45,0.04,168.8,0.06,20.0,0.07,15.0,0.93,20.0,0.92,25.0,0.95,49.85,0.96,323.8,0.01,0.02,2339.292385,1776332970000
1776332972.477,272.477,0.05,224.85,0.04,50.0,0.06,15.0,0.07,15.0,0.94,20.0,0.93,15.0,0.95,226.45,0.96,168.8,0.01,0.01,2339.035591,1776332971000
1776332972.714,272.714,0.05,39.59,0.04,230.0,0.06,45.0,0.07,30.0,0.94,15.0,0.93,15.0,0.95,224.85,0.96,50.0,0.01,0.01,2339.035591,1776332971000
1776332973.041,273.041,0.05,33.99,0.04,50.0,0.06,65.0,0.07,25.0,0.94,45.0,0.93,30.0,0.95,39.59,0.96,230.0,0.01,0.01,2338.95446,1776332972000
1776332973.917,273.917,0.04,50.0,0.03,164.0,0.06,65.0,0.07,95.0,0.94,55.0,0.93,25.0,0.95,8.56,0.96,50.0,0.02,0.01,2338.95446,1776332972000
1776332974.644,274.644,0.04,18.75,0.03,164.0,0.05,52.0,0.06,120.0,0.94,65.0,0.93,95.0,0.96,50.0,0.97,164.0,0.01,0.02,2338.98591,1776332973000
1776332975.214,275.214,0.04,3.33,0.03,164.0,0.05,42.0,0.06,110.0,0.95,47.0,0.94,110.0,0.96,13.75,0.97,164.0,0.01,0.01,2338.98591,1776332973000
1776332975.557,275.557,0.03,162.33,0.02,247.0,0.05,52.0,0.06,110.0,0.95,42.0,0.94,110.0,0.96,3.33,0.97,164.0,0.02,0.01,2338.882937,1776332974000
1776332975.914,275.914,0.03,162.33,0.02,247.0,0.04,7.42,0.05,50.0,0.95,52.0,0.94,110.0,0.97,162.33,0.98,247.0,0.01,0.02,2338.882937,1776332974000
1776332976.249,276.249,0.03,154.23,0.02,247.0,0.04,6.46,0.05,50.0,0.96,7.0,0.95,55.0,0.97,154.23,0.98,247.0,0.01,0.01,2338.882937,1776332974000
1776332977.014,277.014,0.03,127.86,0.02,247.0,0.04,13.46,0.05,40.0,0.96,6.46,0.95,40.0,0.97,138.92,0.98,247.0,0.01,0.01,2338.81039,1776332975000
1776332977.29,277.29,0.03,131.6,0.02,247.0,0.04,18.46,0.05,42.0,0.96,13.46,0.95,40.0,0.97,127.86,0.98,247.0,0.01,0.01,2338.81039,1776332975000
1776332978.243,278.243,0.03,116.6,0.02,247.0,0.04,38.46,0.05,30.0,0.96,13.46,0.95,30.0,0.97,126.6,0.98,247.0,0.01,0.01,2338.59302,1776332977000
1776332978.758,278.758,0.03,88.52,0.02,247.0,0.04,28.46,0.05,30.0,0.96,43.46,0.95,30.0,0.97,108.52,0.98,247.0,0.01,0.01,2338.59302,1776332977000
1776332979.089,279.089,0.03,32.32,0.02,247.0,0.04,106.98,0.05,30.0,0.96,28.46,0.95,30.0,0.97,37.32,0.98,247.0,0.01,0.01,2338.59302,1776332977000
1776332979.343,279.343,0.02,220.28,0.01,2180.76,0.03,5.0,0.04,100.52,0.96,105.52,0.95,30.0,0.98,240.49,0.99,2180.76,0.01,0.02,2338.59302,1776332977000
1776332979.645,279.645,0.02,198.74,0.01,2180.76,0.03,5.0,0.04,95.52,0.97,5.0,0.96,100.52,0.98,220.28,0.99,2180.76,0.01,0.01,2338.59302,1776332977000
1776332979.865,279.865,0.02,178.34,0.01,2180.76,0.07,0.29,0.08,10.0,0.97,5.0,0.96,95.52,0.98,178.34,0.99,2180.76,0.05,0.01,2338.59302,1776332977000
1776332980.471,280.471,0.02,69.87,0.01,2230.76,0.05,182.07,0.06,15.0,0.94,10.0,0.93,10.29,0.96,9.84,0.97,10.0,0.03,0.02,2338.4961,1776332979000
1776332980.761,280.761,0.02,53.26,0.01,2230.76,0.03,19.7,0.05,162.37,0.95,182.07,0.94,15.0,0.98,69.87,0.99,2230.76,0.01,0.03,2338.4961,1776332979000
1776332981.339,281.339,0.02,47.23,0.01,2230.76,0.03,29.7,0.06,10.0,0.97,19.7,0.95,162.37,0.98,53.26,0.99,2230.76,0.01,0.01,2338.4961,1776332979000
1776332981.564,281.564,0.02,20.09,0.01,2230.76,0.03,24.7,0.05,10.0,0.97,24.7,0.94,10.0,0.98,43.63,0.99,2230.76,0.01,0.01,2338.32616,1776332980000
1776332982.732,282.732,0.02,24.06,0.01,2448.76,0.03,24.7,0.05,10.0,0.97,24.7,0.95,10.0,0.98,20.09,0.99,2230.76,0.01,0.01,2338.399845,1776332981000
1776332983.189,283.189,0.01,2268.76,,,0.02,10.94,0.03,24.7,0.97,24.7,0.95,10.0,0.98,24.06,0.99,2448.76,0.01,0.01,2338.399845,1776332981000
1776332983.481,283.481,0.01,2268.76,,,0.02,5.39,0.03,29.7,0.98,10.94,0.97,24.7,0.99,2268.76,,,0.01,0.01,2338.399845,1776332981000
1776332983.821,283.821,0.01,2258.76,,,0.02,5.39,0.03,15.0,0.98,5.39,0.97,29.7,0.99,2268.76,,,0.01,0.01,2338.336622,1776332982000
1776332984.056,284.056,0.01,2256.72,,,0.02,19.7,0.03,15.0,0.98,19.7,0.97,15.0,0.99,2262.74,,,0.01,0.01,2338.367968,1776332983000
1776332984.486,284.486,0.01,2245.17,,,0.02,24.7,0.03,15.0,0.98,19.7,0.97,15.0,0.99,2253.72,,,0.01,0.01,2338.367968,1776332983000
1776332984.715,284.715,0.01,2214.97,,,0.02,22.91,0.03,15.0,0.98,22.91,0.97,15.0,0.99,2235.17,,,0.01,0.01,2338.367968,1776332983000
1776332984.978,284.978,0.01,200.97,,,0.02,22.91,0.03,15.0,0.98,22.91,0.97,15.0,0.99,2214.97,,,0.01,0.01,2338.367968,1776332983000
1776332985.25,285.25,,,,,0.01,751.58,0.02,37.91,0.99,799.03,0.98,22.91,,,,,,,2338.367968,1776332983000
1776332985.475,285.475,,,,,0.01,760.54,0.02,32.91,0.99,751.58,0.98,37.91,,,,,,,2338.367968,1776332983000
1776332990.661,290.661,,,,,0.01,97.6,0.02,17.91,0.99,760.54,0.98,32.91,,,,,,,2338.24445,1776332989000
1776332993.017,293.017,,,,,0.01,366.6,0.02,17.91,0.99,97.6,0.98,17.91,,,,,,,2338.31004,1776332992000

# RESULT,winner=Down,slug=eth-updown-5m-1776332700,ticks=336
