timestamp,elapsed_sec,up_bid_p1,up_bid_s1,up_bid_p2,up_bid_s2,up_ask_p1,up_ask_s1,up_ask_p2,up_ask_s2,down_bid_p1,down_bid_s1,down_bid_p2,down_bid_s2,down_ask_p1,down_ask_s1,down_ask_p2,down_ask_s2,up_spread,down_spread,eth_price,eth_oracle_ts
1776227701.4,1.4,0.51,5.0,0.48,46.9,0.54,10.0,0.56,70.0,0.46,10.0,0.44,70.0,0.49,5.0,0.52,46.9,0.03,0.03,2330.642895,1776227699000
1776227701.708,1.708,0.5,11.0,0.49,13.0,0.52,5.0,0.55,17.0,0.46,10.0,0.44,70.0,0.49,5.0,0.52,46.9,0.02,0.03,2330.642895,1776227699000
1776227702.229,2.229,0.5,11.0,0.49,13.0,0.52,5.0,0.55,17.0,0.48,5.0,0.45,17.0,0.5,11.0,0.51,13.0,0.02,0.02,2330.624913,1776227700000
1776227703.119,3.119,0.51,11.0,0.5,16.0,0.52,13.07,0.53,5.0,0.48,5.0,0.45,17.0,0.5,11.0,0.51,13.0,0.01,0.02,2330.604022,1776227701000
1776227703.344,3.344,0.51,11.0,0.5,16.0,0.52,13.07,0.53,5.0,0.48,13.07,0.47,5.0,0.49,11.0,0.5,16.0,0.01,0.01,2330.647475,1776227702000
1776227703.712,3.712,0.51,26.0,0.5,26.0,0.52,30.92,0.53,25.0,0.48,30.94,0.47,20.0,0.49,26.0,0.5,26.0,0.01,0.01,2330.647475,1776227702000
1776227704.08,4.08,0.51,23.57,0.5,26.0,0.52,25.92,0.53,25.0,0.48,30.92,0.47,25.0,0.49,26.0,0.5,26.0,0.01,0.01,2330.647475,1776227702000
1776227704.392,4.392,0.51,23.57,0.5,26.0,0.52,25.92,0.53,25.0,0.48,25.92,0.47,25.0,0.49,23.57,0.5,26.0,0.01,0.01,2330.72841,1776227703000
1776227704.658,4.658,0.51,38.0,0.5,21.0,0.52,15.0,0.53,15.0,0.48,25.92,0.47,25.0,0.49,23.57,0.5,26.0,0.01,0.01,2330.72841,1776227703000
1776227704.972,4.972,0.51,33.0,0.5,21.0,0.52,5.0,0.53,15.0,0.48,15.0,0.47,15.0,0.49,38.0,0.5,21.0,0.01,0.01,2330.759067,1776227704000
1776227705.397,5.397,0.51,38.0,0.5,21.0,0.53,14.67,0.54,35.0,0.48,2.36,0.47,15.0,0.49,38.0,0.5,21.0,0.02,0.01,2330.759067,1776227704000
1776227705.759,5.759,0.52,48.41,0.51,33.0,0.53,17.78,0.54,40.0,0.47,14.67,0.46,35.0,0.49,38.0,0.5,21.0,0.01,0.02,2330.759067,1776227704000
1776227706.05,6.05,0.52,32.41,0.51,33.0,0.53,17.78,0.54,40.0,0.47,17.78,0.46,40.0,0.48,32.41,0.49,33.0,0.01,0.01,2330.755295,1776227705000
1776227707.056,7.056,0.52,32.41,0.51,33.0,0.53,17.78,0.54,40.0,0.47,17.78,0.46,40.0,0.48,32.41,0.49,33.0,0.01,0.01,2330.759135,1776227706000
1776227707.793,7.793,0.52,78.41,0.51,113.0,0.54,20.0,0.55,15.0,0.47,17.78,0.46,40.0,0.48,32.41,0.49,33.0,0.02,0.01,2330.759135,1776227706000
1776227708.142,8.142,0.53,15.0,0.52,38.41,0.6,11.68,0.61,15.0,0.4,11.68,0.39,15.0,0.47,15.0,0.48,38.41,0.07,0.07,2330.76146,1776227707000
1776227708.351,8.351,0.62,10.0,0.61,10.0,0.63,40.0,0.64,80.0,0.37,45.0,0.36,80.0,0.38,10.0,0.39,10.0,0.01,0.01,2330.76146,1776227707000
1776227709.199,9.199,0.62,10.0,0.61,10.0,0.63,40.0,0.64,80.0,0.37,40.0,0.36,80.0,0.38,10.0,0.39,10.0,0.01,0.01,2330.769115,1776227708000
1776227710.038,10.038,0.63,25.0,0.62,60.0,0.64,5.25,0.69,5.0,0.37,40.0,0.36,80.0,0.38,10.0,0.39,10.0,0.01,0.01,2330.769115,1776227708000
1776227710.265,10.265,0.65,15.0,0.64,20.0,0.66,9.03,0.74,14.0,0.34,10.7,0.26,14.0,0.36,10.0,0.37,35.0,0.01,0.02,2330.769115,1776227708000
1776227710.537,10.537,0.7,64.0,0.69,70.0,0.74,14.0,0.75,5.0,0.26,14.0,0.21,786.0,0.32,5.78,0.35,85.0,0.04,0.06,2331.04337,1776227709000
1776227710.794,10.794,0.76,60.0,0.73,10.0,0.79,720.9,0.8,15.0,0.23,4.9,0.21,786.0,0.24,10.0,0.29,60.0,0.03,0.01,2331.04337,1776227709000
1776227710.997,10.997,0.76,65.0,0.74,13.52,0.79,384.49,0.8,15.0,0.21,390.9,0.2,15.0,0.22,6.41,0.24,65.0,0.03,0.01,2331.04337,1776227709000
1776227711.233,11.233,0.78,5.0,0.77,10.0,0.83,4.43,0.84,65.0,0.17,4.53,0.16,65.0,0.22,5.0,0.24,76.57,0.05,0.05,2331.04337,1776227709000
1776227711.435,11.435,0.82,5.0,0.81,50.0,0.86,69.44,0.87,70.0,0.15,41.9,0.14,41.0,0.21,6.32,0.23,10.0,0.04,0.06,2331.170726,1776227710000
1776227711.657,11.657,0.83,5.0,0.81,10.0,0.84,48.8,0.85,10.0,0.16,6.21,0.14,39.44,0.19,10.0,0.2,15.0,0.01,0.03,2331.170726,1776227710000
1776227711.863,11.863,0.77,10.0,0.76,25.0,0.78,148.76,0.8,70.0,0.22,98.0,0.16,5.0,0.23,10.0,0.24,25.0,0.01,0.01,2331.170726,1776227710000
1776227712.166,12.166,0.76,70.5,0.75,3.95,0.77,49.5,0.78,92.36,0.22,92.36,0.2,70.0,0.23,10.0,0.24,60.0,0.01,0.01,2331.170726,1776227710000
1776227712.398,12.398,0.76,50.5,0.75,3.95,0.78,7.88,0.81,10.0,0.22,7.88,0.19,10.0,0.24,50.5,0.25,3.95,0.02,0.02,2331.767864,1776227711000
1776227712.695,12.695,0.71,25.0,0.7,43.93,0.72,126.11,0.74,80.0,0.28,126.11,0.27,10.0,0.29,10.0,0.3,28.93,0.01,0.01,2331.767864,1776227711000
1776227713.107,13.107,0.71,2.51,0.7,28.93,0.72,109.44,0.73,43.0,0.28,104.44,0.27,13.0,0.29,12.37,0.3,43.93,0.01,0.01,2333.490662,1776227712000
1776227713.334,13.334,0.66,38.0,0.63,20.0,0.7,10.0,0.71,15.0,0.29,10.0,0.28,114.44,0.31,23.0,0.32,10.0,0.04,0.02,2333.490662,1776227712000
1776227713.625,13.625,0.63,10.0,0.62,15.0,0.64,28.88,0.65,10.0,0.3,2.85,0.29,15.0,0.34,38.0,0.37,20.0,0.01,0.04,2333.490662,1776227712000
1776227714.045,14.045,0.6,5.0,0.59,35.0,0.61,5.0,0.62,10.0,0.39,5.0,0.38,10.0,0.4,5.0,0.41,35.0,0.01,0.01,2333.341855,1776227713000
1776227714.274,14.274,0.71,10.0,0.69,5.0,0.72,14.9,0.73,13.0,0.28,15.0,0.27,83.0,0.35,6.14,0.36,10.0,0.01,0.07,2333.341855,1776227713000
1776227714.715,14.715,0.7,6.66,0.69,10.0,0.75,18.0,0.76,19.0,0.28,14.9,0.27,13.0,0.29,10.0,0.31,5.0,0.05,0.01,2333.341855,1776227713000
1776227714.978,14.978,0.72,10.0,0.71,130.0,0.73,35.0,0.76,5.0,0.29,2.24,0.28,70.0,0.3,6.66,0.31,10.0,0.01,0.01,2333.341855,1776227713000
1776227715.222,15.222,0.75,33.0,0.74,10.0,0.76,1.47,0.77,10.0,0.28,60.0,0.27,35.0,0.29,130.0,0.3,16.66,0.01,0.01,2333.341855,1776227713000
1776227715.709,15.709,0.75,16.28,0.74,10.0,0.78,10.0,0.79,15.0,0.2,210.0,0.19,70.0,0.22,10.0,0.23,10.0,0.03,0.02,2333.341855,1776227713000
1776227715.953,15.953,0.74,10.0,0.72,1.28,0.75,60.0,0.76,70.0,0.22,70.0,0.21,10.0,0.28,1.28,0.29,20.0,0.01,0.06,2332.17188,1776227714000
1776227716.282,16.282,0.74,10.0,0.73,7.18,0.75,54.0,0.76,80.0,0.25,60.0,0.24,70.0,0.27,7.18,0.28,6.28,0.01,0.02,2332.17188,1776227714000
1776227716.515,16.515,0.74,15.0,0.73,7.18,0.75,9.21,0.76,177.49,0.25,15.85,0.24,177.49,0.26,15.0,0.27,7.18,0.01,0.01,2332.31413,1776227715000
1776227716.765,16.765,0.71,3.46,0.7,6.66,0.75,9.21,0.76,177.49,0.25,9.21,0.24,177.49,0.26,15.0,0.27,7.18,0.04,0.01,2332.31413,1776227715000
1776227716.988,16.988,0.67,10.0,0.66,70.0,0.69,5.66,0.7,10.0,0.25,9.21,0.24,177.49,0.29,3.46,0.3,6.66,0.02,0.04,2332.31413,1776227715000
1776227717.313,17.313,0.67,9.9,0.66,20.0,0.72,100.0,0.73,85.0,0.28,80.0,0.27,80.0,0.29,6.34,0.33,10.0,0.05,0.01,2332.31413,1776227715000
1776227717.603,17.603,0.68,8.0,0.67,17.9,0.7,15.0,0.71,95.0,0.31,9.0,0.3,10.0,0.32,5.0,0.33,9.9,0.02,0.01,2332.7777,1776227716000
1776227717.894,17.894,0.68,8.0,0.67,17.9,0.7,15.0,0.71,95.0,0.3,15.0,0.29,95.0,0.32,8.0,0.33,17.9,0.02,0.02,2332.68975,1776227717000
1776227718.316,18.316,0.68,13.0,0.67,22.9,0.69,15.0,0.7,20.0,0.3,15.0,0.29,95.0,0.32,8.0,0.33,17.9,0.01,0.02,2332.68975,1776227717000
1776227718.562,18.562,0.68,30.0,0.67,22.9,0.7,20.0,0.71,96.0,0.31,15.0,0.3,20.0,0.32,13.0,0.33,22.9,0.02,0.01,2332.68975,1776227717000
1776227718.762,18.762,0.69,25.5,0.68,40.5,0.7,9.9,0.71,75.0,0.3,20.0,0.29,96.0,0.32,30.0,0.33,22.9,0.01,0.02,2332.68975,1776227717000
1776227719.323,19.323,0.69,25.5,0.68,40.5,0.7,9.9,0.71,75.0,0.3,9.9,0.29,75.0,0.31,25.5,0.32,40.5,0.01,0.01,2332.5874,1776227718000
1776227720.455,20.455,0.7,23.71,0.69,35.5,0.71,95.0,0.72,80.0,0.29,95.0,0.28,80.0,0.3,23.71,0.31,35.5,0.01,0.01,2332.430413,1776227719000
1776227720.98,20.98,0.7,23.71,0.69,35.5,0.71,95.0,0.72,80.0,0.29,95.0,0.28,80.0,0.3,23.71,0.31,35.5,0.01,0.01,2332.430413,1776227720000
1776227721.304,21.304,0.7,53.5,0.69,33.5,0.71,102.28,0.72,80.0,0.29,95.0,0.28,80.0,0.3,23.71,0.31,35.5,0.01,0.01,2332.430413,1776227720000
1776227721.835,21.835,0.7,42.2,0.69,33.5,0.71,97.28,0.72,80.0,0.29,97.28,0.28,80.0,0.3,42.2,0.31,33.5,0.01,0.01,2332.48746,1776227721000
1776227722.494,22.494,0.7,16.5,0.69,18.5,0.71,128.28,0.72,80.0,0.29,97.28,0.28,80.0,0.3,42.2,0.31,33.5,0.01,0.01,2332.48746,1776227721000
1776227722.802,22.802,0.69,6.5,0.68,10.5,0.71,129.05,0.72,80.0,0.29,129.05,0.28,80.0,0.31,6.5,0.32,10.5,0.02,0.02,2332.448085,1776227722000
1776227723.418,23.418,0.64,11.0,0.63,11.0,0.68,6.0,0.71,108.05,0.29,129.05,0.28,80.0,0.31,6.5,0.32,10.5,0.04,0.02,2332.448085,1776227722000
1776227723.822,23.822,0.63,0.9,0.61,57.0,0.64,14.0,0.71,112.48,0.36,14.0,0.29,112.48,0.37,0.9,0.39,57.0,0.01,0.01,2332.47555,1776227723000
1776227724.427,24.427,0.63,90.08,0.62,85.0,0.67,11.0,0.71,72.48,0.36,50.0,0.35,10.0,0.37,10.08,0.38,15.0,0.04,0.01,2332.47555,1776227723000
1776227724.845,24.845,0.63,90.08,0.62,85.0,0.67,11.0,0.71,72.48,0.33,11.0,0.29,72.48,0.37,90.08,0.38,85.0,0.04,0.04,2332.44396,1776227724000
1776227725.597,25.597,0.68,20.5,0.67,30.5,0.69,8.55,0.7,10.0,0.32,6.0,0.31,10.0,0.34,25.55,0.35,18.5,0.01,0.02,2332.44396,1776227724000
1776227725.931,25.931,0.68,20.5,0.67,30.5,0.69,8.55,0.7,10.0,0.31,8.55,0.3,10.0,0.32,20.5,0.33,30.5,0.01,0.01,2332.129808,1776227725000
1776227726.302,26.302,0.68,8.08,0.66,18.0,0.7,50.0,0.71,97.48,0.31,8.55,0.3,10.0,0.32,20.5,0.33,30.5,0.02,0.01,2332.129808,1776227725000
1776227726.574,26.574,0.68,3.08,0.67,5.0,0.69,150.0,0.7,150.0,0.3,50.0,0.29,97.48,0.32,8.08,0.34,18.0,0.01,0.02,2332.129808,1776227725000
1776227727.077,27.077,0.68,3.08,0.67,5.0,0.69,150.0,0.7,150.0,0.31,150.0,0.3,150.0,0.32,3.08,0.33,5.0,0.01,0.01,2332.117014,1776227726000
1776227728.015,28.015,0.68,3.08,0.67,5.0,0.69,150.0,0.7,150.0,0.31,150.0,0.3,150.0,0.32,3.08,0.33,5.0,0.01,0.01,2332.14435,1776227727000
1776227728.54,28.54,0.68,15.0,0.67,15.5,0.69,141.01,0.7,150.0,0.31,150.0,0.3,150.0,0.32,3.08,0.33,5.0,0.01,0.01,2332.14435,1776227727000
1776227728.753,28.753,0.68,10.0,0.67,5.0,0.69,50.0,0.7,50.0,0.31,141.01,0.3,150.0,0.32,15.0,0.33,15.5,0.01,0.01,2332.14435,1776227727000
1776227729.27,29.27,0.67,28.82,0.66,15.5,0.68,81.0,0.69,76.0,0.31,50.0,0.3,50.0,0.32,10.0,0.33,5.0,0.01,0.01,2332.14435,1776227727000
1776227729.98,29.98,0.67,28.82,0.66,15.5,0.68,81.0,0.69,76.0,0.32,81.0,0.31,76.0,0.33,28.82,0.34,15.5,0.01,0.01,2332.205424,1776227729000
1776227730.475,30.475,0.67,38.82,0.66,5.0,0.68,87.68,0.69,81.0,0.32,81.0,0.31,76.0,0.33,28.82,0.34,15.5,0.01,0.01,2332.205424,1776227729000
1776227730.912,30.912,0.67,32.82,0.65,10.0,0.68,82.68,0.69,221.0,0.32,87.68,0.31,81.0,0.33,38.82,0.34,5.0,0.01,0.01,2332.205424,1776227729000
1776227731.283,31.283,0.62,10.0,0.61,75.0,0.68,60.5,0.69,190.0,0.32,82.68,0.31,221.0,0.33,32.82,0.35,10.0,0.06,0.01,2332.205424,1776227729000
1776227731.692,31.692,0.62,10.0,0.61,75.0,0.68,60.5,0.69,190.0,0.32,60.5,0.31,190.0,0.38,10.0,0.39,75.0,0.06,0.06,2332.064314,1776227730000
1776227732.138,32.138,0.62,10.0,0.61,75.0,0.68,60.5,0.69,190.0,0.32,60.5,0.31,190.0,0.38,10.0,0.39,75.0,0.06,0.06,2332.095568,1776227731000
1776227732.632,32.632,0.61,85.0,0.6,18.0,0.62,61.5,0.63,91.5,0.32,60.5,0.31,190.0,0.38,10.0,0.39,75.0,0.01,0.06,2332.095568,1776227731000
1776227733.045,33.045,0.61,85.0,0.6,8.0,0.62,62.34,0.63,91.5,0.38,61.5,0.37,91.5,0.39,85.0,0.4,18.0,0.01,0.01,2332.095568,1776227731000
1776227733.395,33.395,0.61,194.83,0.6,29.0,0.62,42.34,0.63,60.5,0.38,62.34,0.37,91.5,0.39,85.0,0.4,8.0,0.01,0.01,2332.095568,1776227731000
1776227733.647,33.647,0.61,204.83,0.6,29.0,0.62,2.34,0.63,60.5,0.38,42.34,0.37,60.5,0.39,194.83,0.4,29.0,0.01,0.01,2331.948285,1776227732000
1776227734.175,34.175,0.61,204.83,0.6,29.0,0.62,2.34,0.63,60.5,0.38,2.34,0.37,60.5,0.39,204.83,0.4,29.0,0.01,0.01,2331.806599,1776227733000
1776227734.517,34.517,0.61,204.83,0.6,29.0,0.63,77.25,0.64,35.0,0.38,2.34,0.37,60.5,0.39,204.83,0.4,29.0,0.02,0.01,2331.806599,1776227733000
1776227734.853,34.853,0.62,406.51,0.61,95.5,0.63,62.25,0.65,10.5,0.37,77.25,0.36,35.0,0.39,204.83,0.4,29.0,0.01,0.02,2331.806599,1776227733000
1776227735.207,35.207,0.66,437.94,0.65,119.67,0.67,3.15,0.68,7.6,0.32,7.6,0.31,140.0,0.34,17.93,0.38,401.51,0.01,0.02,2331.806599,1776227733000
1776227735.54,35.54,0.67,7.85,0.66,467.94,0.68,0.46,0.69,70.0,0.32,0.46,0.31,70.0,0.33,7.85,0.34,467.94,0.01,0.01,2331.768606,1776227734000
1776227736.182,36.182,0.67,358.12,0.66,122.93,0.69,65.45,0.72,25.0,0.31,65.45,0.28,25.0,0.33,358.12,0.34,122.93,0.02,0.02,2331.889442,1776227735000
1776227737.226,37.226,0.68,487.17,0.67,89.85,0.69,0.95,0.7,5.0,0.31,65.45,0.28,25.0,0.33,358.12,0.34,122.93,0.01,0.02,2331.889442,1776227735000
1776227737.805,37.805,0.68,401.89,0.67,89.85,0.69,0.95,0.7,5.0,0.31,0.95,0.3,5.0,0.32,487.17,0.33,89.85,0.01,0.01,2331.889442,1776227735000
1776227738.024,38.024,0.68,401.89,0.67,89.85,0.69,0.95,0.7,5.0,0.31,0.95,0.3,5.0,0.32,401.89,0.33,89.85,0.01,0.01,2332.562065,1776227737000
1776227739.261,39.261,0.68,401.89,0.67,89.85,0.72,25.0,0.73,25.0,0.28,25.0,0.27,25.0,0.32,401.89,0.33,89.85,0.04,0.04,2332.59118,1776227738000
1776227739.588,39.588,0.7,61.99,0.69,21.0,0.71,80.5,0.72,40.0,0.28,25.0,0.27,25.0,0.32,401.89,0.33,89.85,0.01,0.04,2332.59118,1776227738000
1776227740.49,40.49,0.7,189.98,0.69,26.0,0.71,83.8,0.72,40.0,0.29,80.5,0.28,40.0,0.3,61.99,0.31,21.0,0.01,0.01,2332.59118,1776227738000
1776227740.846,40.846,0.7,189.98,0.69,26.0,0.71,83.8,0.72,40.0,0.29,83.8,0.28,40.0,0.3,189.98,0.31,26.0,0.01,0.01,2332.602495,1776227739000
1776227741.244,41.244,0.7,139.98,0.69,21.0,0.71,82.39,0.72,40.0,0.29,83.8,0.28,40.0,0.3,189.98,0.31,26.0,0.01,0.01,2332.602495,1776227739000
1776227741.939,41.939,0.7,139.98,0.69,21.0,0.71,82.39,0.72,40.0,0.29,82.39,0.28,40.0,0.3,139.98,0.31,21.0,0.01,0.01,2332.54131,1776227741000
1776227742.442,42.442,0.7,144.98,0.69,116.77,0.71,37.39,0.72,40.0,0.29,82.39,0.28,40.0,0.3,139.98,0.31,21.0,0.01,0.01,2332.54131,1776227741000
1776227743.054,43.054,0.7,144.98,0.69,116.77,0.71,37.39,0.72,40.0,0.29,37.39,0.28,40.0,0.3,144.98,0.31,116.77,0.01,0.01,2332.42432,1776227742000
1776227744.156,44.156,0.71,240.29,0.7,168.0,0.72,4.41,0.73,10.5,0.29,37.39,0.28,40.0,0.3,144.98,0.31,116.77,0.01,0.01,2332.42432,1776227742000
1776227744.52,44.52,0.71,236.29,0.7,44.0,0.72,7.31,0.73,15.5,0.28,4.31,0.27,15.5,0.29,240.29,0.3,168.0,0.01,0.01,2332.467984,1776227743000
1776227744.819,44.819,0.71,202.29,0.7,44.0,0.74,10.98,0.75,106.21,0.28,7.31,0.27,15.5,0.29,236.29,0.3,44.0,0.03,0.01,2332.467984,1776227743000
1776227745.336,45.336,0.71,202.29,0.7,44.0,0.74,10.98,0.75,106.21,0.26,10.98,0.25,106.21,0.29,202.29,0.3,44.0,0.03,0.03,2332.484673,1776227744000
1776227745.588,45.588,0.73,154.98,0.72,73.6,0.74,9.02,0.75,96.21,0.26,23.48,0.25,96.21,0.27,154.98,0.28,73.6,0.01,0.01,2332.484673,1776227744000
1776227745.91,45.91,0.73,154.98,0.72,73.6,0.74,6.32,0.75,96.21,0.26,9.02,0.25,96.21,0.27,154.98,0.28,73.6,0.01,0.01,2332.484673,1776227744000
1776227746.224,46.224,0.73,154.98,0.72,73.6,0.74,6.32,0.75,96.21,0.26,6.32,0.25,96.21,0.27,154.98,0.28,73.6,0.01,0.01,2332.802336,1776227745000
1776227746.681,46.681,0.73,159.98,0.72,25.0,0.75,35.77,0.76,105.0,0.26,6.32,0.25,96.21,0.27,154.98,0.28,73.6,0.02,0.01,2332.802336,1776227745000
1776227747.237,47.237,0.74,211.98,0.73,39.0,0.75,21.27,0.76,70.0,0.25,35.77,0.24,105.0,0.27,159.98,0.28,25.0,0.01,0.02,2332.802336,1776227745000
1776227747.537,47.537,0.74,297.97,0.73,127.0,0.76,19.99,0.77,8.69,0.25,21.27,0.24,70.0,0.26,211.98,0.27,39.0,0.02,0.01,2332.58212,1776227746000
1776227747.771,47.771,0.75,18.0,0.74,217.97,0.76,25.49,0.77,8.69,0.24,25.49,0.23,8.69,0.25,18.0,0.26,217.97,0.01,0.01,2332.5754,1776227747000
1776227748.219,48.219,0.75,241.98,0.74,49.0,0.76,23.22,0.77,8.69,0.24,25.49,0.23,8.69,0.25,18.0,0.26,217.97,0.01,0.01,2332.5754,1776227747000
1776227748.84,48.84,0.75,241.98,0.74,49.0,0.76,23.22,0.77,8.69,0.24,23.22,0.23,8.69,0.25,241.98,0.26,49.0,0.01,0.01,2332.607186,1776227748000
1776227749.82,49.82,0.75,165.04,0.74,39.0,0.76,28.22,0.77,8.69,0.24,23.22,0.23,8.69,0.25,241.98,0.26,49.0,0.01,0.01,2332.607186,1776227748000
1776227750.228,50.228,0.75,170.04,0.74,39.0,0.76,7.72,0.77,19.19,0.24,28.22,0.23,8.69,0.25,165.04,0.26,39.0,0.01,0.01,2332.676902,1776227749000
1776227751.372,51.372,0.75,170.04,0.74,39.0,0.76,7.72,0.77,19.19,0.24,7.72,0.23,19.19,0.25,170.04,0.26,39.0,0.01,0.01,2332.786326,1776227750000
1776227752.008,52.008,0.75,170.04,0.74,39.0,0.76,7.72,0.77,19.19,0.24,7.72,0.23,19.19,0.25,170.04,0.26,39.0,0.01,0.01,2332.76462,1776227751000
1776227752.493,52.493,0.75,112.84,0.74,139.79,0.76,18.22,0.77,18.69,0.24,7.72,0.23,19.19,0.25,170.04,0.26,39.0,0.01,0.01,2332.76462,1776227751000
1776227753.049,53.049,0.75,112.84,0.74,139.79,0.76,18.22,0.77,18.69,0.24,18.22,0.23,18.69,0.25,112.84,0.26,139.79,0.01,0.01,2332.710035,1776227752000
1776227754.194,54.194,0.75,112.84,0.74,139.79,0.76,18.22,0.77,18.69,0.24,18.22,0.23,18.69,0.25,112.84,0.26,139.79,0.01,0.01,2332.698955,1776227753000
1776227755.306,55.306,0.75,112.84,0.74,139.79,0.76,18.22,0.77,18.69,0.24,18.22,0.23,18.69,0.25,112.84,0.26,139.79,0.01,0.01,2332.84032,1776227754000
1776227756.332,56.332,0.75,112.84,0.74,139.79,0.76,18.22,0.77,18.69,0.24,18.22,0.23,18.69,0.25,112.84,0.26,139.79,0.01,0.01,2332.841573,1776227755000
1776227757.623,57.623,0.75,112.84,0.74,139.79,0.76,18.22,0.77,18.69,0.24,18.22,0.23,18.69,0.25,112.84,0.26,139.79,0.01,0.01,2332.74128,1776227756000
1776227758.245,58.245,0.75,112.84,0.74,139.79,0.76,18.22,0.77,18.69,0.24,18.22,0.23,18.69,0.25,112.84,0.26,139.79,0.01,0.01,2332.80393,1776227757000
1776227758.478,58.478,0.75,187.84,0.74,63.93,0.76,6.4,0.77,8.69,0.24,18.22,0.23,18.69,0.25,112.84,0.26,139.79,0.01,0.01,2332.80393,1776227757000
1776227759.373,59.373,0.75,283.34,0.74,88.43,0.77,8.69,0.81,10.0,0.24,6.4,0.23,8.69,0.25,187.84,0.26,63.93,0.02,0.01,2332.80393,1776227757000
1776227759.806,59.806,0.79,221.0,0.78,35.0,0.8,6.75,0.81,10.0,0.19,10.0,0.18,18.0,0.24,166.0,0.25,83.34,0.01,0.05,2332.78287,1776227758000
1776227760.119,60.119,0.78,17.0,0.77,15.0,0.8,77.3,0.81,40.0,0.2,6.75,0.19,10.0,0.21,221.0,0.22,35.0,0.02,0.01,2332.81463,1776227759000
1776227760.335,60.335,0.78,102.04,0.77,15.0,0.79,45.74,0.8,65.55,0.21,4.87,0.2,75.55,0.22,77.0,0.23,28.0,0.01,0.01,2332.81463,1776227759000
1776227760.582,60.582,0.78,117.04,0.77,15.0,0.79,27.87,0.8,65.55,0.21,24.98,0.2,65.55,0.22,102.04,0.23,15.0,0.01,0.01,2332.81463,1776227759000
1776227761.401,61.401,0.78,117.04,0.77,15.0,0.79,14.67,0.8,65.55,0.21,14.67,0.2,65.55,0.22,117.04,0.23,15.0,0.01,0.01,2332.82364,1776227760000
1776227761.949,61.949,0.78,117.04,0.77,15.0,0.79,14.67,0.8,65.55,0.21,14.67,0.2,65.55,0.22,117.04,0.23,15.0,0.01,0.01,2332.927422,1776227761000
1776227762.469,62.469,0.78,239.04,0.77,24.0,0.79,2.67,0.81,10.0,0.21,14.67,0.2,65.55,0.22,117.04,0.23,15.0,0.01,0.01,2332.927422,1776227761000
1776227762.939,62.939,0.78,239.04,0.77,24.0,0.79,2.67,0.81,10.0,0.21,2.67,0.19,10.0,0.22,239.04,0.23,24.0,0.01,0.01,2332.871138,1776227762000
1776227763.48,63.48,0.81,78.0,0.8,16.0,0.82,67.01,0.83,42.0,0.21,2.67,0.19,10.0,0.22,239.04,0.23,24.0,0.01,0.01,2332.871138,1776227762000
1776227763.767,63.767,0.78,134.94,0.77,22.0,0.82,80.01,0.83,42.0,0.2,10.0,0.19,10.0,0.22,134.94,0.23,27.0,0.04,0.02,2332.871138,1776227762000
1776227763.981,63.981,0.79,7.0,0.78,134.94,0.8,5.0,0.81,15.0,0.18,80.01,0.17,42.0,0.22,134.94,0.23,22.0,0.01,0.04,2332.962464,1776227763000
1776227764.427,64.427,0.8,21.0,0.79,22.0,0.81,34.0,0.82,97.51,0.19,15.0,0.18,90.51,0.2,11.0,0.21,7.0,0.01,0.01,2332.962464,1776227763000
1776227765.028,65.028,0.8,21.0,0.79,22.0,0.81,34.0,0.82,97.51,0.19,34.0,0.18,97.51,0.2,21.0,0.21,22.0,0.01,0.01,2332.98627,1776227764000
1776227765.938,65.938,0.79,27.0,0.78,43.38,0.81,39.0,0.82,127.51,0.19,39.0,0.18,127.51,0.21,27.0,0.22,43.38,0.02,0.02,2332.982574,1776227765000
1776227766.18,66.18,0.8,25.0,0.79,42.0,0.81,32.44,0.82,75.01,0.19,39.0,0.18,127.51,0.21,27.0,0.22,43.38,0.01,0.02,2332.982574,1776227765000
1776227766.95,66.95,0.8,25.0,0.79,42.0,0.81,32.44,0.82,75.01,0.19,32.44,0.18,75.01,0.2,25.0,0.21,42.0,0.01,0.01,2332.96266,1776227766000
1776227767.942,67.942,0.8,25.0,0.79,42.0,0.81,32.44,0.82,75.01,0.19,32.44,0.18,75.01,0.2,25.0,0.21,42.0,0.01,0.01,2332.957213,1776227767000
1776227768.153,68.153,0.8,30.87,0.79,37.0,0.81,17.44,0.82,45.01,0.19,32.44,0.18,75.01,0.2,25.0,0.21,42.0,0.01,0.01,2332.957213,1776227767000
1776227768.979,68.979,0.8,35.87,0.79,37.0,0.81,14.24,0.82,45.01,0.19,14.24,0.18,45.01,0.2,35.87,0.21,37.0,0.01,0.01,2333.114423,1776227768000
1776227769.306,69.306,0.79,10.0,0.78,35.38,0.81,39.55,0.82,122.51,0.19,14.24,0.18,45.01,0.2,35.87,0.21,37.0,0.02,0.01,2333.114423,1776227768000
1776227770.133,70.133,0.78,35.38,0.77,15.0,0.8,20.05,0.81,34.55,0.2,20.05,0.19,34.55,0.22,35.38,0.23,15.0,0.02,0.02,2333.202104,1776227769000
1776227770.358,70.358,0.81,23.27,0.8,15.0,0.83,95.0,0.84,35.0,0.2,20.05,0.19,34.55,0.22,35.38,0.23,15.0,0.02,0.02,2333.202104,1776227769000
1776227771.054,71.054,0.81,23.27,0.8,15.0,0.83,95.0,0.84,35.0,0.17,95.0,0.16,35.0,0.19,23.27,0.2,15.0,0.02,0.02,2333.095901,1776227770000
1776227771.732,71.732,0.82,174.5,0.81,47.5,0.84,9.94,0.85,10.0,0.17,95.0,0.16,35.0,0.19,23.27,0.2,15.0,0.02,0.02,2333.095901,1776227770000
1776227772.024,72.024,0.82,163.38,0.81,47.5,0.84,9.94,0.85,10.0,0.16,9.94,0.15,10.0,0.18,174.5,0.19,47.5,0.02,0.02,2333.095901,1776227770000
1776227772.584,72.584,0.83,246.0,0.82,105.38,0.85,4.0,0.86,15.64,0.15,10.0,0.14,15.64,0.18,163.38,0.19,54.5,0.02,0.03,2332.951745,1776227771000
1776227772.938,72.938,0.84,10.5,0.83,165.5,0.85,1.64,0.86,15.64,0.15,4.0,0.14,15.64,0.17,246.0,0.18,105.38,0.01,0.02,2332.951745,1776227771000
1776227773.198,73.198,0.84,10.5,0.83,165.5,0.85,1.64,0.86,15.64,0.15,1.64,0.14,15.64,0.16,10.5,0.17,165.5,0.01,0.01,2333.248662,1776227772000
1776227773.748,73.748,0.84,158.5,0.83,129.5,0.86,15.64,0.87,10.0,0.15,1.64,0.14,15.64,0.16,10.5,0.17,165.5,0.02,0.01,2333.248662,1776227772000
1776227774.227,74.227,0.84,158.5,0.83,129.5,0.86,15.64,0.87,10.0,0.14,15.64,0.13,10.0,0.16,158.5,0.17,129.5,0.02,0.02,2333.311827,1776227773000
1776227774.448,74.448,0.85,56.53,0.84,149.5,0.89,5.0,0.9,21.0,0.11,15.0,0.1,21.0,0.15,42.53,0.16,169.5,0.04,0.04,2333.311827,1776227773000
1776227774.786,74.786,0.87,131.0,0.86,91.5,0.9,24.0,0.91,22.0,0.1,16.0,0.09,22.0,0.15,56.53,0.16,149.5,0.03,0.05,2333.311827,1776227773000
1776227775.236,75.236,0.88,140.36,0.87,81.0,0.89,5.0,0.9,24.1,0.11,10.0,0.1,24.1,0.12,135.36,0.13,94.0,0.01,0.01,2333.311827,1776227773000
1776227775.942,75.942,0.88,140.36,0.87,81.0,0.89,5.0,0.9,24.1,0.11,5.0,0.1,24.1,0.12,140.36,0.13,81.0,0.01,0.01,2333.563425,1776227775000
1776227776.427,76.427,0.89,134.0,0.88,115.36,0.9,7.66,0.91,22.0,0.11,5.0,0.1,24.1,0.12,140.36,0.13,81.0,0.01,0.01,2333.563425,1776227775000
1776227776.791,76.791,0.9,10.07,0.89,134.0,0.91,27.0,0.92,15.0,0.1,7.66,0.09,22.0,0.11,134.0,0.12,115.36,0.01,0.01,2333.563425,1776227775000
1776227777.177,77.177,0.9,10.07,0.89,134.0,0.91,27.0,0.92,15.0,0.09,27.0,0.08,15.0,0.1,10.07,0.11,134.0,0.01,0.01,2333.788677,1776227776000
1776227778.303,78.303,0.9,132.07,0.89,94.0,0.91,18.51,0.92,22.0,0.09,18.51,0.08,22.0,0.1,132.07,0.11,94.0,0.01,0.01,2333.909329,1776227777000
1776227779.309,79.309,0.9,132.07,0.89,94.0,0.91,18.51,0.92,22.0,0.09,18.51,0.08,22.0,0.1,132.07,0.11,94.0,0.01,0.01,2333.84778,1776227778000
1776227779.902,79.902,0.9,132.07,0.89,94.0,0.91,18.51,0.92,22.0,0.09,18.51,0.08,22.0,0.1,132.07,0.11,94.0,0.01,0.01,2333.87,1776227779000
1776227780.597,80.597,0.9,145.65,0.89,79.0,0.91,7.52,0.92,15.0,0.09,7.52,0.08,22.0,0.1,147.07,0.11,79.0,0.01,0.01,2333.87,1776227779000
1776227781.004,81.004,0.9,140.65,0.89,79.0,0.91,6.41,0.92,15.0,0.09,6.41,0.08,15.0,0.1,140.65,0.11,79.0,0.01,0.01,2333.887102,1776227780000
1776227782.249,82.249,0.9,140.65,0.89,79.0,0.91,6.41,0.92,15.0,0.09,6.41,0.08,15.0,0.1,140.65,0.11,79.0,0.01,0.01,2333.869661,1776227781000
1776227782.572,82.572,0.87,41.8,0.86,44.9,0.91,160.63,0.92,54.99,0.09,6.41,0.08,15.0,0.1,140.65,0.11,79.0,0.04,0.01,2333.869661,1776227781000
1776227783.087,83.087,0.86,44.9,0.85,55.23,0.88,39.0,0.89,15.0,0.11,15.0,0.1,25.5,0.13,41.03,0.14,44.9,0.02,0.02,2333.869661,1776227781000
1776227783.685,83.685,0.86,62.9,0.85,55.23,0.88,30.84,0.89,15.0,0.12,30.84,0.11,15.0,0.14,62.9,0.15,55.23,0.02,0.02,2333.84262,1776227782000
1776227783.993,83.993,0.87,31.93,0.86,62.9,0.88,34.68,0.89,22.0,0.12,30.84,0.11,15.0,0.14,62.9,0.15,55.23,0.01,0.02,2333.84262,1776227782000
1776227784.276,84.276,0.87,31.93,0.86,62.9,0.88,34.68,0.89,22.0,0.12,34.68,0.11,22.0,0.13,31.93,0.14,62.9,0.01,0.01,2333.751473,1776227783000
1776227784.476,84.476,0.87,45.93,0.86,49.9,0.88,43.53,0.89,159.99,0.12,43.53,0.11,159.99,0.13,45.93,0.14,49.9,0.01,0.01,2333.751473,1776227783000
1776227784.847,84.847,0.86,15.0,0.85,55.23,0.88,42.05,0.89,165.99,0.12,42.05,0.11,165.99,0.13,21.93,0.14,20.0,0.02,0.01,2333.751473,1776227783000
1776227785.44,85.44,0.86,15.0,0.85,55.23,0.88,42.05,0.89,165.99,0.12,42.05,0.11,165.99,0.14,15.0,0.15,55.23,0.02,0.02,2333.49622,1776227784000
1776227786.037,86.037,0.86,15.0,0.85,55.23,0.88,42.05,0.89,165.99,0.12,42.05,0.11,165.99,0.14,15.0,0.15,55.23,0.02,0.02,2333.430978,1776227785000
1776227786.892,86.892,0.86,131.79,0.85,55.23,0.87,32.0,0.88,15.0,0.12,42.05,0.11,165.99,0.14,15.0,0.15,55.23,0.01,0.02,2333.430978,1776227785000
1776227787.227,87.227,0.86,131.79,0.85,55.23,0.87,32.0,0.88,15.0,0.13,32.0,0.12,15.0,0.14,131.79,0.15,55.23,0.01,0.01,2333.29192,1776227786000
1776227788.333,88.333,0.86,131.79,0.85,55.23,0.87,32.0,0.88,15.0,0.13,32.0,0.12,15.0,0.14,131.79,0.15,55.23,0.01,0.01,2333.322989,1776227787000
1776227789.221,89.221,0.86,131.79,0.85,55.23,0.87,32.0,0.88,15.0,0.13,32.0,0.12,15.0,0.14,131.79,0.15,55.23,0.01,0.01,2333.352477,1776227788000
1776227789.498,89.498,0.86,165.25,0.85,100.08,0.87,20.51,0.89,10.0,0.13,32.0,0.12,15.0,0.14,131.79,0.15,55.23,0.01,0.01,2333.352477,1776227788000
1776227789.728,89.728,0.86,160.25,0.85,100.08,0.89,10.0,0.9,43.0,0.13,20.51,0.11,10.0,0.14,165.25,0.15,100.08,0.03,0.01,2333.352477,1776227788000
1776227790.29,90.29,0.86,160.25,0.85,100.08,0.89,10.0,0.9,43.0,0.11,10.0,0.1,43.0,0.14,160.25,0.15,100.08,0.03,0.03,2333.436337,1776227789000
1776227791.251,91.251,0.86,160.25,0.85,100.08,0.89,10.0,0.9,43.0,0.11,10.0,0.1,43.0,0.14,160.25,0.15,100.08,0.03,0.03,2333.294065,1776227790000
1776227792.226,92.226,0.86,160.25,0.85,100.08,0.89,10.0,0.9,43.0,0.11,10.0,0.1,43.0,0.14,160.25,0.15,100.08,0.03,0.03,2333.464759,1776227791000
1776227793.229,93.229,0.86,160.25,0.85,100.08,0.89,10.0,0.9,43.0,0.11,10.0,0.1,43.0,0.14,160.25,0.15,100.08,0.03,0.03,2333.471745,1776227792000
1776227794.25,94.25,0.86,160.25,0.85,100.08,0.89,10.0,0.9,43.0,0.11,10.0,0.1,43.0,0.14,160.25,0.15,100.08,0.03,0.03,2333.405215,1776227793000
1776227795.233,95.233,0.88,126.0,0.87,136.8,0.89,48.21,0.9,43.0,0.11,10.0,0.1,43.0,0.14,160.25,0.15,100.08,0.01,0.03,2333.405215,1776227793000
1776227796.232,96.232,0.88,126.0,0.87,136.8,0.89,48.21,0.9,43.0,0.11,48.21,0.1,43.0,0.12,126.0,0.13,136.8,0.01,0.01,2333.3949,1776227795000
1776227797.223,97.223,0.88,126.0,0.87,136.8,0.89,48.21,0.9,43.0,0.11,48.21,0.1,43.0,0.12,126.0,0.13,136.8,0.01,0.01,2333.39118,1776227796000
1776227797.628,97.628,0.88,160.1,0.87,136.8,0.89,36.51,0.9,43.0,0.11,48.21,0.1,43.0,0.12,126.0,0.13,136.8,0.01,0.01,2333.39118,1776227796000
1776227798.243,98.243,0.88,160.1,0.87,136.8,0.89,36.51,0.9,43.0,0.11,36.51,0.1,43.0,0.12,160.1,0.13,136.8,0.01,0.01,2333.460189,1776227797000
1776227799.18,99.18,0.88,26.0,0.87,136.8,0.89,35.38,0.9,50.0,0.11,36.51,0.1,43.0,0.12,160.1,0.13,136.8,0.01,0.01,2333.460189,1776227797000
1776227799.398,99.398,0.88,43.27,0.87,136.8,0.89,44.25,0.9,50.0,0.11,35.38,0.1,50.0,0.12,26.0,0.13,136.8,0.01,0.01,2333.384755,1776227798000
1776227800.336,100.336,0.88,43.27,0.87,136.8,0.89,44.25,0.9,50.0,0.11,44.25,0.1,50.0,0.12,43.27,0.13,136.8,0.01,0.01,2333.344766,1776227799000
1776227801.302,101.302,0.88,43.27,0.87,136.8,0.89,44.25,0.9,50.0,0.11,44.25,0.1,50.0,0.12,43.27,0.13,136.8,0.01,0.01,2333.333241,1776227800000
1776227802.476,102.476,0.88,43.27,0.87,136.8,0.89,44.25,0.9,50.0,0.11,44.25,0.1,50.0,0.12,43.27,0.13,136.8,0.01,0.01,2333.308804,1776227801000
1776227803.034,103.034,0.88,43.27,0.87,136.8,0.89,44.25,0.9,50.0,0.11,44.25,0.1,50.0,0.12,43.27,0.13,136.8,0.01,0.01,2333.308804,1776227802000
1776227803.837,103.837,0.87,131.8,0.86,145.4,0.89,49.25,0.9,202.99,0.11,44.25,0.1,50.0,0.12,43.27,0.13,136.8,0.02,0.01,2333.308804,1776227802000
1776227804.227,104.227,0.87,131.8,0.86,145.4,0.89,49.25,0.9,202.99,0.11,49.25,0.1,202.99,0.13,131.8,0.14,145.4,0.02,0.02,2333.391246,1776227803000
1776227804.888,104.888,0.87,131.8,0.86,145.4,0.89,49.25,0.9,202.99,0.11,49.25,0.1,202.99,0.13,131.8,0.14,145.4,0.02,0.02,2333.280033,1776227804000
1776227805.165,105.165,0.87,10.0,0.86,29.9,0.89,179.67,0.9,88.99,0.11,49.25,0.1,202.99,0.13,131.8,0.14,145.4,0.02,0.02,2333.280033,1776227804000
1776227805.405,105.405,0.87,5.08,0.84,5.0,0.88,224.99,0.89,67.17,0.11,179.67,0.1,88.99,0.13,10.0,0.14,29.9,0.01,0.02,2333.280033,1776227804000
1776227805.814,105.814,0.81,25.5,0.8,31.5,0.83,15.0,0.84,15.0,0.12,224.99,0.11,67.17,0.16,5.0,0.17,163.5,0.02,0.04,2333.280033,1776227804000
1776227806.08,106.08,0.8,61.5,0.79,45.0,0.82,15.0,0.83,20.0,0.17,20.0,0.16,15.0,0.19,15.5,0.2,31.5,0.02,0.02,2333.280033,1776227804000
1776227807.224,107.224,0.81,121.42,0.8,31.5,0.82,17.69,0.83,20.0,0.18,15.0,0.17,20.0,0.2,61.5,0.21,45.0,0.01,0.02,2333.26625,1776227805000
1776227807.563,107.563,0.81,122.93,0.8,31.5,0.82,17.69,0.83,20.0,0.18,17.69,0.17,20.0,0.19,121.42,0.2,31.5,0.01,0.01,2333.065071,1776227806000
1776227807.842,107.842,0.8,6.0,0.78,20.38,0.82,48.8,0.83,32.94,0.18,17.69,0.17,20.0,0.19,122.93,0.2,31.5,0.02,0.01,2333.065071,1776227806000
1776227809.01,109.01,0.78,110.92,0.77,25.5,0.79,10.0,0.8,20.05,0.21,15.0,0.2,10.0,0.22,12.38,0.23,25.5,0.01,0.01,2333.048835,1776227807000
1776227810.334,110.334,0.78,110.92,0.77,25.5,0.79,10.0,0.8,20.05,0.21,10.0,0.2,20.05,0.22,110.92,0.23,25.5,0.01,0.01,2332.53519,1776227809000
1776227810.896,110.896,0.78,110.92,0.77,25.5,0.79,10.0,0.8,20.05,0.21,10.0,0.2,20.05,0.22,110.92,0.23,25.5,0.01,0.01,2332.519055,1776227810000
1776227811.581,111.581,0.75,20.0,0.74,28.0,0.79,20.0,0.8,27.05,0.21,20.0,0.2,20.05,0.22,76.1,0.23,20.5,0.04,0.01,2332.519055,1776227810000
1776227812.054,112.054,0.75,20.0,0.74,28.0,0.79,20.0,0.8,27.05,0.21,20.0,0.2,27.05,0.25,20.0,0.26,28.0,0.04,0.04,2332.420401,1776227811000
1776227812.333,112.333,0.76,152.04,0.75,20.0,0.78,40.0,0.79,25.0,0.23,30.63,0.22,40.0,0.24,132.04,0.25,20.0,0.02,0.01,2332.420401,1776227811000
1776227813.19,113.19,0.76,152.04,0.75,20.0,0.78,40.0,0.79,25.0,0.22,40.0,0.21,25.0,0.24,152.04,0.25,20.0,0.02,0.02,2332.373495,1776227812000
1776227813.569,113.569,0.77,159.56,0.76,30.5,0.78,31.0,0.79,30.0,0.22,40.0,0.21,25.0,0.24,152.04,0.25,20.0,0.01,0.02,2332.373495,1776227812000
1776227814.49,114.49,0.77,144.06,0.76,30.5,0.78,10.0,0.79,30.0,0.22,10.0,0.21,30.0,0.23,144.06,0.24,30.5,0.01,0.01,2332.343077,1776227813000
1776227814.96,114.96,0.77,179.71,0.76,10.5,0.78,45.0,0.79,30.0,0.22,10.0,0.21,30.0,0.23,144.06,0.24,30.5,0.01,0.01,2332.343077,1776227813000
1776227816.072,116.072,0.77,184.72,0.76,10.5,0.78,44.32,0.79,30.0,0.22,45.0,0.21,30.0,0.23,179.71,0.24,10.5,0.01,0.01,2332.292931,1776227814000
1776227816.298,116.298,0.77,182.02,0.75,30.5,0.78,41.32,0.79,30.0,0.22,44.32,0.21,30.0,0.23,177.02,0.24,10.5,0.01,0.01,2332.292931,1776227814000
1776227817.033,117.033,0.77,176.75,0.75,30.5,0.78,41.32,0.79,30.0,0.22,41.32,0.21,30.0,0.23,176.75,0.25,30.5,0.01,0.01,2332.403726,1776227816000
1776227817.247,117.247,0.77,84.37,0.75,20.5,0.78,36.01,0.79,30.0,0.22,41.32,0.21,30.0,0.23,176.75,0.25,30.5,0.01,0.01,2332.403726,1776227816000
1776227817.702,117.702,0.77,79.37,0.75,15.5,0.78,35.96,0.79,30.0,0.22,37.38,0.21,40.5,0.23,79.37,0.25,15.5,0.01,0.01,2332.403726,1776227816000
1776227818.042,118.042,0.77,78.31,0.75,5.0,0.78,35.5,0.79,30.5,0.22,35.96,0.21,30.0,0.23,79.37,0.25,15.5,0.01,0.01,2332.403726,1776227816000
1776227819.94,119.94,0.77,48.31,0.75,5.0,0.78,40.5,0.79,30.5,0.22,40.5,0.21,30.5,0.23,48.31,0.25,5.0,0.01,0.01,2332.191003,1776227818000
1776227820.632,120.632,0.77,58.32,0.76,38.43,0.79,2.18,0.8,15.0,0.22,40.5,0.21,30.5,0.23,48.31,0.25,5.0,0.02,0.01,2332.191003,1776227818000
1776227820.967,120.967,0.77,53.53,0.76,43.43,0.78,28.58,0.79,15.0,0.21,0.78,0.2,15.0,0.23,48.53,0.24,38.43,0.01,0.02,2332.11072,1776227819000
1776227821.42,121.42,0.77,53.53,0.76,43.43,0.78,28.58,0.79,15.0,0.22,28.58,0.21,15.0,0.23,53.53,0.24,43.43,0.01,0.01,2332.102684,1776227820000
1776227821.926,121.926,0.77,53.53,0.76,43.43,0.78,28.58,0.79,15.0,0.22,28.58,0.21,15.0,0.23,53.53,0.24,43.43,0.01,0.01,2332.092561,1776227821000
1776227823.507,123.507,0.77,53.53,0.76,43.43,0.78,28.58,0.79,15.0,0.22,28.58,0.21,15.0,0.23,53.53,0.24,43.43,0.01,0.01,2332.18467,1776227822000
1776227824.362,124.362,0.77,53.53,0.76,43.43,0.78,28.58,0.79,15.0,0.22,28.58,0.21,15.0,0.23,53.53,0.24,43.43,0.01,0.01,2332.255393,1776227823000
1776227824.899,124.899,0.77,53.53,0.76,43.43,0.78,28.58,0.79,15.0,0.22,28.58,0.21,15.0,0.23,53.53,0.24,43.43,0.01,0.01,2332.17434,1776227824000
1776227826.433,126.433,0.77,53.53,0.76,43.43,0.78,28.58,0.79,15.0,0.22,28.58,0.21,15.0,0.23,53.53,0.24,43.43,0.01,0.01,2332.187185,1776227825000
1776227826.977,126.977,0.77,53.53,0.76,43.43,0.78,28.58,0.79,15.0,0.22,28.58,0.21,15.0,0.23,53.53,0.24,43.43,0.01,0.01,2332.11378,1776227826000
1776227827.38,127.38,0.77,1.02,0.75,5.0,0.78,239.49,0.79,47.0,0.22,28.58,0.21,15.0,0.23,53.53,0.24,43.43,0.01,0.01,2332.11378,1776227826000
1776227827.87,127.87,0.7,25.5,0.69,7.96,0.71,16.83,0.72,20.0,0.29,15.0,0.28,10.0,0.31,7.96,0.32,45.0,0.01,0.02,2332.11378,1776227826000
1776227828.382,128.382,0.7,25.5,0.69,7.96,0.71,16.83,0.72,20.0,0.29,16.83,0.28,20.0,0.3,25.5,0.31,7.96,0.01,0.01,2332.116635,1776227827000
1776227829.062,129.062,0.73,82.11,0.72,15.0,0.74,5.0,0.75,15.0,0.26,5.0,0.25,15.0,0.27,82.11,0.28,15.0,0.01,0.01,2332.101979,1776227828000
1776227829.796,129.796,0.73,31.4,0.72,10.5,0.74,53.0,0.75,26.0,0.26,5.0,0.25,15.0,0.27,82.11,0.28,15.0,0.01,0.01,2332.101979,1776227828000
1776227830.411,130.411,0.73,31.4,0.72,10.5,0.74,53.0,0.75,26.0,0.26,53.0,0.25,26.0,0.27,31.4,0.28,10.5,0.01,0.01,2331.804606,1776227829000
1776227830.714,130.714,0.73,99.19,0.71,10.5,0.74,69.48,0.75,30.5,0.26,53.0,0.25,26.0,0.27,31.4,0.28,10.5,0.01,0.01,2331.804606,1776227829000
1776227830.934,130.934,0.73,81.59,0.71,10.5,0.74,69.48,0.75,20.0,0.26,69.48,0.25,30.5,0.27,99.19,0.29,10.5,0.01,0.01,2331.804606,1776227829000
1776227831.145,131.145,0.73,75.03,0.71,10.5,0.74,64.48,0.75,20.0,0.26,69.48,0.25,20.0,0.27,81.59,0.29,10.5,0.01,0.01,2331.8009,1776227830000
1776227831.506,131.506,0.73,75.03,0.72,5.0,0.74,36.38,0.75,20.0,0.26,42.38,0.25,20.0,0.27,75.03,0.29,10.5,0.01,0.01,2331.8009,1776227830000
1776227831.713,131.713,0.73,80.04,0.72,5.0,0.74,33.23,0.75,20.0,0.26,36.38,0.25,20.0,0.27,75.03,0.28,5.0,0.01,0.01,2331.8009,1776227830000
1776227832.364,132.364,0.73,85.04,0.72,5.0,0.74,23.71,0.75,30.0,0.26,33.23,0.25,20.0,0.27,80.04,0.28,5.0,0.01,0.01,2331.8009,1776227830000
1776227833.183,133.183,0.73,85.04,0.72,5.0,0.74,4.14,0.75,30.0,0.26,4.14,0.25,30.0,0.27,85.04,0.28,5.0,0.01,0.01,2331.762286,1776227832000
1776227834.122,134.122,0.73,85.04,0.72,5.0,0.74,30.63,0.75,20.0,0.26,4.14,0.25,30.0,0.27,85.04,0.28,5.0,0.01,0.01,2331.762286,1776227832000
1776227834.324,134.324,0.73,85.04,0.72,5.0,0.74,13.25,0.75,30.0,0.26,30.63,0.25,20.0,0.27,85.04,0.28,5.0,0.01,0.01,2331.762286,1776227832000
1776227834.578,134.578,0.73,90.04,0.72,5.0,0.74,11.76,0.75,30.0,0.26,11.76,0.25,30.0,0.27,90.04,0.28,5.0,0.01,0.01,2331.772759,1776227833000
1776227835.104,135.104,0.73,90.04,0.72,5.0,0.74,11.76,0.75,30.0,0.26,11.76,0.25,30.0,0.27,90.04,0.28,5.0,0.01,0.01,2331.772759,1776227834000
1776227836.26,136.26,0.73,90.04,0.72,5.0,0.74,11.76,0.75,30.0,0.26,11.76,0.25,30.0,0.27,90.04,0.28,5.0,0.01,0.01,2331.744497,1776227835000
1776227837.407,137.407,0.73,90.04,0.72,5.0,0.74,11.76,0.75,30.0,0.26,11.76,0.25,30.0,0.27,90.04,0.28,5.0,0.01,0.01,2331.742527,1776227836000
1776227837.924,137.924,0.73,60.91,0.72,30.5,0.74,18.27,0.75,5.0,0.26,11.76,0.25,30.0,0.27,90.04,0.28,5.0,0.01,0.01,2331.742527,1776227836000
1776227839.044,139.044,0.73,65.91,0.72,30.5,0.76,29.0,0.77,15.0,0.24,29.0,0.23,15.0,0.27,65.91,0.28,30.5,0.03,0.03,2331.775875,1776227838000
1776227840.172,140.172,0.73,65.91,0.72,30.5,0.76,29.0,0.77,15.0,0.24,29.0,0.23,15.0,0.27,65.91,0.28,30.5,0.03,0.03,2331.864511,1776227839000
1776227840.421,140.421,0.75,182.93,0.74,49.5,0.78,15.0,0.79,20.0,0.24,29.0,0.23,15.0,0.27,65.91,0.28,30.5,0.03,0.03,2331.864511,1776227839000
1776227841.145,141.145,0.75,151.43,0.74,49.5,0.78,14.77,0.79,40.5,0.22,14.77,0.21,40.5,0.25,151.43,0.26,49.5,0.03,0.03,2331.79112,1776227840000
1776227842.189,142.189,0.75,151.43,0.74,49.5,0.78,14.77,0.79,40.5,0.22,14.77,0.21,40.5,0.25,151.43,0.26,49.5,0.03,0.03,2331.867844,1776227841000
1776227843.108,143.108,0.75,151.43,0.74,49.5,0.78,14.77,0.79,40.5,0.22,14.77,0.21,40.5,0.25,151.43,0.26,49.5,0.03,0.03,2331.879797,1776227842000
1776227843.407,143.407,0.75,106.93,0.74,49.5,0.76,16.0,0.77,15.0,0.22,14.77,0.21,40.5,0.25,151.43,0.26,49.5,0.01,0.03,2331.879797,1776227842000
1776227844.154,144.154,0.75,106.93,0.74,49.5,0.76,16.0,0.77,15.0,0.24,16.0,0.23,15.0,0.25,106.93,0.26,49.5,0.01,0.01,2331.893719,1776227843000
1776227845.152,145.152,0.75,121.43,0.74,49.5,0.76,15.5,0.77,15.0,0.24,15.5,0.23,15.0,0.25,121.43,0.26,49.5,0.01,0.01,2331.881666,1776227844000
1776227846.245,146.245,0.75,121.43,0.74,49.5,0.76,15.5,0.77,15.0,0.24,15.5,0.23,15.0,0.25,121.43,0.26,49.5,0.01,0.01,2332.02918,1776227845000
1776227847.261,147.261,0.75,121.43,0.74,49.5,0.76,15.5,0.77,15.0,0.24,15.5,0.23,15.0,0.25,121.43,0.26,49.5,0.01,0.01,2331.89693,1776227846000
1776227847.868,147.868,0.75,96.4,0.74,46.56,0.8,163.62,0.81,91.0,0.24,15.5,0.23,15.0,0.25,121.43,0.26,49.5,0.05,0.01,2331.89693,1776227846000
1776227848.326,148.326,0.75,96.4,0.74,46.56,0.8,163.62,0.81,91.0,0.2,163.62,0.19,91.0,0.25,96.4,0.26,46.56,0.05,0.05,2331.955995,1776227847000
1776227849.973,149.973,0.79,139.0,0.78,30.0,0.8,16.23,0.81,71.0,0.2,163.62,0.19,91.0,0.25,96.4,0.26,46.56,0.01,0.05,2331.955995,1776227847000
1776227850.232,150.232,0.79,139.0,0.78,30.0,0.8,16.23,0.81,71.0,0.2,16.23,0.19,71.0,0.21,139.0,0.22,30.0,0.01,0.01,2331.818339,1776227848000
1776227850.716,150.716,0.79,69.85,0.78,30.0,0.8,20.05,0.81,71.0,0.2,15.0,0.19,71.0,0.21,77.0,0.22,30.0,0.01,0.01,2331.818339,1776227848000
1776227851.105,151.105,0.79,69.85,0.78,30.0,0.8,20.05,0.81,71.0,0.2,20.05,0.19,71.0,0.21,69.85,0.22,30.0,0.01,0.01,2331.818539,1776227849000
1776227851.471,151.471,0.79,32.32,0.78,105.74,0.8,18.8,0.81,71.0,0.2,18.8,0.19,71.0,0.21,74.85,0.22,105.74,0.01,0.01,2331.818539,1776227849000
1776227851.891,151.891,0.79,32.32,0.78,105.74,0.8,18.8,0.81,71.0,0.2,18.8,0.19,71.0,0.21,32.32,0.22,105.74,0.01,0.01,2331.859959,1776227850000
1776227852.619,152.619,0.79,32.32,0.78,105.74,0.8,18.8,0.81,71.0,0.2,18.8,0.19,71.0,0.21,32.32,0.22,105.74,0.01,0.01,2331.85199,1776227851000
1776227853.444,153.444,0.79,93.76,0.78,25.0,0.8,16.09,0.81,15.0,0.2,18.8,0.19,71.0,0.21,32.32,0.22,105.74,0.01,0.01,2331.85199,1776227851000
1776227853.942,153.942,0.79,93.76,0.78,25.0,0.8,16.09,0.81,15.0,0.2,16.09,0.19,15.0,0.21,93.76,0.22,25.0,0.01,0.01,2331.86101,1776227853000
1776227854.242,154.242,0.79,88.76,0.78,25.0,0.81,28.76,0.82,175.99,0.2,16.09,0.19,15.0,0.21,93.76,0.22,25.0,0.02,0.01,2331.86101,1776227853000
1776227855.255,155.255,0.79,88.76,0.78,25.0,0.81,28.76,0.82,175.99,0.19,28.76,0.18,175.99,0.21,88.76,0.22,25.0,0.02,0.02,2331.87113,1776227854000
1776227856.651,156.651,0.79,88.76,0.78,25.0,0.81,28.76,0.82,175.99,0.19,28.76,0.18,175.99,0.21,88.76,0.22,25.0,0.02,0.02,2331.873,1776227855000
1776227857.22,157.22,0.79,88.76,0.78,25.0,0.81,28.76,0.82,175.99,0.19,28.76,0.18,175.99,0.21,88.76,0.22,25.0,0.02,0.02,2331.919497,1776227856000
1776227858.233,158.233,0.8,114.0,0.79,39.64,0.81,24.66,0.82,15.0,0.19,28.76,0.18,175.99,0.21,88.76,0.22,25.0,0.01,0.02,2331.919497,1776227856000
1776227858.503,158.503,0.8,114.0,0.79,39.64,0.81,24.66,0.82,15.0,0.19,24.66,0.18,15.0,0.2,114.0,0.21,39.64,0.01,0.01,2331.915405,1776227857000
1776227858.991,158.991,0.8,114.0,0.79,39.64,0.81,24.66,0.82,15.0,0.19,24.66,0.18,15.0,0.2,114.0,0.21,39.64,0.01,0.01,2332.026247,1776227858000
1776227860.248,160.248,0.8,114.0,0.79,39.64,0.81,24.66,0.82,15.0,0.19,24.66,0.18,15.0,0.2,114.0,0.21,39.64,0.01,0.01,2331.92891,1776227859000
1776227861.399,161.399,0.8,114.0,0.79,39.64,0.81,24.66,0.82,15.0,0.19,24.66,0.18,15.0,0.2,114.0,0.21,39.64,0.01,0.01,2331.96771,1776227860000
1776227861.948,161.948,0.8,114.0,0.79,39.64,0.81,24.66,0.82,15.0,0.19,24.66,0.18,15.0,0.2,114.0,0.21,39.64,0.01,0.01,2332.068926,1776227861000
1776227863.073,163.073,0.8,114.0,0.79,39.64,0.81,24.66,0.82,15.0,0.19,24.66,0.18,15.0,0.2,114.0,0.21,39.64,0.01,0.01,2332.03443,1776227862000
1776227864.298,164.298,0.8,114.0,0.79,39.64,0.81,24.66,0.82,15.0,0.19,24.66,0.18,15.0,0.2,114.0,0.21,39.64,0.01,0.01,2331.962215,1776227863000
1776227865.398,165.398,0.8,114.0,0.79,39.64,0.81,24.66,0.82,15.0,0.19,24.66,0.18,15.0,0.2,114.0,0.21,39.64,0.01,0.01,2331.963025,1776227864000
1776227866.387,166.387,0.8,114.0,0.79,39.64,0.81,24.66,0.82,15.0,0.19,24.66,0.18,15.0,0.2,114.0,0.21,39.64,0.01,0.01,2331.961585,1776227865000
1776227867.456,167.456,0.8,114.0,0.79,39.64,0.81,24.66,0.82,15.0,0.19,24.66,0.18,15.0,0.2,114.0,0.21,39.64,0.01,0.01,2331.961565,1776227866000
1776227867.926,167.926,0.8,114.0,0.79,39.64,0.81,24.66,0.82,15.0,0.19,24.66,0.18,15.0,0.2,114.0,0.21,39.64,0.01,0.01,2331.963415,1776227867000
1776227869.014,169.014,0.8,114.0,0.79,39.64,0.81,24.66,0.82,15.0,0.19,24.66,0.18,15.0,0.2,114.0,0.21,39.64,0.01,0.01,2331.96406,1776227868000
1776227870.055,170.055,0.8,114.0,0.79,39.64,0.81,24.66,0.82,15.0,0.19,24.66,0.18,15.0,0.2,114.0,0.21,39.64,0.01,0.01,2331.96838,1776227869000
1776227870.726,170.726,0.8,200.21,0.79,44.64,0.81,13.76,0.82,15.0,0.19,24.66,0.18,15.0,0.2,114.0,0.21,39.64,0.01,0.01,2331.96838,1776227869000
1776227871.095,171.095,0.78,25.42,0.77,10.5,0.8,9.79,0.81,244.06,0.19,13.76,0.18,15.0,0.2,200.21,0.21,44.64,0.02,0.01,2331.96838,1776227869000
1776227872.341,172.341,0.78,25.42,0.77,10.5,0.8,9.79,0.81,244.06,0.2,9.79,0.19,244.06,0.22,25.42,0.23,10.5,0.02,0.02,2332.028929,1776227871000
1776227872.857,172.857,0.78,45.87,0.77,39.5,0.79,73.0,0.8,24.79,0.2,9.79,0.19,244.06,0.22,25.42,0.23,10.5,0.01,0.02,2332.028929,1776227871000
1776227873.399,173.399,0.78,30.87,0.77,39.5,0.79,68.0,0.8,34.79,0.21,73.0,0.2,24.79,0.22,45.87,0.23,39.5,0.01,0.01,2332.028929,1776227871000
1776227873.89,173.89,0.78,30.87,0.77,39.5,0.79,68.0,0.8,34.79,0.21,68.0,0.2,34.79,0.22,30.87,0.23,39.5,0.01,0.01,2331.845981,1776227873000
1776227874.259,174.259,0.78,25.87,0.77,39.5,0.79,69.86,0.8,34.79,0.21,68.0,0.2,34.79,0.22,30.87,0.23,39.5,0.01,0.01,2331.845981,1776227873000
1776227875.034,175.034,0.76,34.5,0.75,25.5,0.79,71.4,0.8,34.79,0.21,66.4,0.2,34.79,0.22,25.87,0.23,34.5,0.03,0.01,2331.845981,1776227873000
1776227875.793,175.793,0.77,10.5,0.76,34.5,0.78,76.58,0.79,48.4,0.21,71.4,0.2,34.79,0.24,34.5,0.25,25.5,0.01,0.03,2331.822996,1776227874000
1776227876.069,176.069,0.77,10.5,0.76,34.5,0.78,76.58,0.79,48.4,0.22,76.58,0.21,48.4,0.23,10.5,0.24,34.5,0.01,0.01,2331.80211,1776227875000
1776227876.298,176.298,0.77,103.66,0.76,39.5,0.78,50.47,0.79,38.4,0.22,61.58,0.21,48.4,0.23,93.65,0.24,39.5,0.01,0.01,2331.80211,1776227875000
1776227878.458,178.458,0.77,107.66,0.76,30.5,0.78,58.89,0.79,38.4,0.22,50.47,0.21,38.4,0.23,103.66,0.24,39.5,0.01,0.01,2331.80211,1776227875000
1776227881.588,181.588,0.77,34.01,0.76,30.5,0.78,49.01,0.79,35.0,0.22,58.89,0.21,38.4,0.23,107.66,0.24,30.5,0.01,0.01,2331.80211,1776227875000
1776227882.09,182.09,0.77,49.51,0.76,30.5,0.78,3.91,0.79,15.0,0.22,49.01,0.21,35.0,0.23,34.01,0.24,30.5,0.01,0.01,2331.80211,1776227875000
1776227882.541,182.541,0.77,69.44,0.76,30.5,0.78,1.29,0.79,25.0,0.22,3.91,0.21,15.0,0.23,49.51,0.24,30.5,0.01,0.01,2331.80211,1776227875000
1776227884.098,184.098,0.77,43.66,0.76,30.5,0.78,11.29,0.79,15.0,0.22,1.29,0.21,25.0,0.23,69.44,0.24,30.5,0.01,0.01,2331.80211,1776227875000
1776227884.53,184.53,0.77,43.66,0.76,30.5,0.78,11.29,0.79,15.0,0.22,11.29,0.21,15.0,0.23,43.66,0.24,30.5,0.01,0.01,2331.78543,1776227883000
1776227885.304,185.304,0.77,43.66,0.76,30.5,0.78,11.29,0.79,15.0,0.22,11.29,0.21,15.0,0.23,43.66,0.24,30.5,0.01,0.01,2331.729269,1776227884000
1776227885.943,185.943,0.77,43.66,0.76,30.5,0.78,11.29,0.79,15.0,0.22,11.29,0.21,15.0,0.23,43.66,0.24,30.5,0.01,0.01,2331.807914,1776227885000
1776227886.973,186.973,0.77,43.66,0.76,30.5,0.78,11.29,0.79,15.0,0.22,11.29,0.21,15.0,0.23,43.66,0.24,30.5,0.01,0.01,2331.676617,1776227886000
1776227888.23,188.23,0.77,43.66,0.76,30.5,0.78,11.29,0.79,15.0,0.22,11.29,0.21,15.0,0.23,43.66,0.24,30.5,0.01,0.01,2331.676562,1776227887000
1776227889.363,189.363,0.77,43.66,0.76,30.5,0.78,11.29,0.79,15.0,0.22,11.29,0.21,15.0,0.23,43.66,0.24,30.5,0.01,0.01,2331.672985,1776227888000
1776227889.568,189.568,0.84,81.0,0.83,15.0,0.85,1.86,0.86,5.0,0.15,1.96,0.14,5.0,0.23,341.5,0.24,121.94,0.01,0.08,2331.672985,1776227888000
1776227889.966,189.966,0.84,81.0,0.83,15.0,0.85,1.86,0.86,5.0,0.15,1.86,0.14,5.0,0.16,81.0,0.17,15.0,0.01,0.01,2331.82138,1776227889000
1776227891.1,191.1,0.84,81.0,0.83,15.0,0.85,1.86,0.86,5.0,0.15,1.86,0.14,5.0,0.16,81.0,0.17,15.0,0.01,0.01,2331.687205,1776227890000
1776227892.339,192.339,0.84,81.0,0.83,15.0,0.85,1.86,0.86,5.0,0.15,1.86,0.14,5.0,0.16,81.0,0.17,15.0,0.01,0.01,2331.87197,1776227891000
1776227893.354,193.354,0.86,173.0,0.85,82.0,0.87,14.25,0.88,23.76,0.15,1.86,0.14,5.0,0.16,81.0,0.17,15.0,0.01,0.01,2331.87197,1776227891000
1776227894.043,194.043,0.86,178.0,0.85,82.0,0.87,0.71,0.88,33.76,0.13,14.25,0.12,23.76,0.14,173.0,0.15,82.0,0.01,0.01,2331.911665,1776227892000
1776227895.127,195.127,0.86,178.0,0.85,82.0,0.87,0.71,0.88,33.76,0.13,0.71,0.12,33.76,0.14,178.0,0.15,82.0,0.01,0.01,2332.01231,1776227894000
1776227895.645,195.645,0.87,153.0,0.86,90.5,0.88,23.76,0.89,15.0,0.13,0.71,0.12,33.76,0.14,178.0,0.15,82.0,0.01,0.01,2332.01231,1776227894000
1776227895.927,195.927,0.87,153.0,0.86,90.5,0.88,3.82,0.89,15.0,0.12,9.51,0.11,15.0,0.13,148.0,0.14,90.5,0.01,0.01,2332.01231,1776227894000
1776227896.195,196.195,0.87,153.0,0.86,90.5,0.88,3.82,0.89,15.0,0.12,3.82,0.11,15.0,0.13,153.0,0.14,90.5,0.01,0.01,2332.024695,1776227895000
1776227897.215,197.215,0.87,153.0,0.86,90.5,0.88,3.82,0.89,15.0,0.12,3.82,0.11,15.0,0.13,153.0,0.14,90.5,0.01,0.01,2332.071281,1776227896000
1776227898.266,198.266,0.87,153.0,0.86,90.5,0.88,3.82,0.89,15.0,0.12,3.82,0.11,15.0,0.13,153.0,0.14,90.5,0.01,0.01,2332.040555,1776227897000
1776227899.194,199.194,0.87,153.0,0.86,90.5,0.88,3.82,0.89,15.0,0.12,3.82,0.11,15.0,0.13,153.0,0.14,90.5,0.01,0.01,2332.04832,1776227898000
1776227899.766,199.766,0.89,212.0,0.88,121.5,0.91,115.0,0.92,10.0,0.12,3.82,0.11,15.0,0.13,153.0,0.14,90.5,0.02,0.01,2332.04832,1776227898000
1776227900.224,200.224,0.89,212.0,0.88,121.5,0.91,115.0,0.92,10.0,0.09,115.0,0.08,10.0,0.11,212.0,0.12,121.5,0.02,0.02,2332.083155,1776227899000
1776227901.019,201.019,0.9,139.0,0.89,83.0,0.91,118.08,0.92,5.0,0.09,115.0,0.08,10.0,0.11,212.0,0.12,121.5,0.01,0.02,2332.083155,1776227899000
1776227901.226,201.226,0.9,139.0,0.89,83.0,0.91,102.3,0.92,5.0,0.09,102.3,0.08,5.0,0.1,139.0,0.11,83.0,0.01,0.01,2332.189655,1776227900000
1776227902.214,202.214,0.9,139.0,0.89,83.0,0.91,102.3,0.92,5.0,0.09,102.3,0.08,5.0,0.1,139.0,0.11,83.0,0.01,0.01,2332.236015,1776227901000
1776227903.287,203.287,0.9,119.0,0.89,73.0,0.91,102.3,0.92,5.0,0.09,102.3,0.08,5.0,0.1,139.0,0.11,83.0,0.01,0.01,2332.236015,1776227901000
1776227904.396,204.396,0.9,119.0,0.89,73.0,0.91,97.02,0.92,5.0,0.09,97.02,0.08,5.0,0.1,119.0,0.11,73.0,0.01,0.01,2332.18111,1776227903000
1776227904.81,204.81,0.9,91.0,0.89,49.0,0.91,109.02,0.92,5.0,0.09,109.02,0.08,5.0,0.1,91.0,0.11,49.0,0.01,0.01,2332.175185,1776227904000
1776227905.981,205.981,0.9,91.0,0.89,49.0,0.91,109.02,0.92,5.0,0.09,109.02,0.08,5.0,0.1,91.0,0.11,49.0,0.01,0.01,2332.165185,1776227905000
1776227906.657,206.657,0.9,120.0,0.89,49.5,0.91,100.92,0.92,5.0,0.09,109.02,0.08,5.0,0.1,91.0,0.11,49.0,0.01,0.01,2332.165185,1776227905000
1776227906.939,206.939,0.9,110.0,0.89,49.5,0.91,100.92,0.92,5.0,0.09,100.92,0.08,5.0,0.1,120.0,0.11,49.5,0.01,0.01,2332.165185,1776227905000
1776227907.774,207.774,0.9,115.0,0.89,49.5,0.91,94.32,0.92,5.0,0.09,99.82,0.08,5.0,0.1,110.0,0.11,49.5,0.01,0.01,2332.160625,1776227906000
1776227908.017,208.017,0.9,99.6,0.89,49.5,0.91,94.32,0.92,5.0,0.09,94.32,0.08,5.0,0.1,115.0,0.11,49.5,0.01,0.01,2332.160625,1776227906000
1776227908.437,208.437,0.9,77.21,0.89,49.5,0.91,89.32,0.92,5.0,0.09,89.32,0.08,5.0,0.1,77.21,0.11,49.5,0.01,0.01,2332.152353,1776227907000
1776227909.11,209.11,0.9,77.21,0.89,49.5,0.91,82.72,0.92,5.0,0.09,89.32,0.08,5.0,0.1,77.21,0.11,49.5,0.01,0.01,2332.152353,1776227907000
1776227909.472,209.472,0.9,77.21,0.89,49.5,0.91,81.62,0.92,5.0,0.09,82.72,0.08,5.0,0.1,77.21,0.11,49.5,0.01,0.01,2332.208344,1776227908000
1776227910.331,210.331,0.9,77.21,0.89,49.5,0.91,81.62,0.92,5.0,0.09,81.62,0.08,5.0,0.1,77.21,0.11,49.5,0.01,0.01,2332.21516,1776227909000
1776227910.714,210.714,0.9,39.0,0.89,49.5,0.91,77.86,0.92,5.0,0.09,76.62,0.08,5.0,0.1,14.21,0.11,49.5,0.01,0.01,2332.21516,1776227909000
1776227910.947,210.947,0.9,39.0,0.89,49.5,0.91,61.87,0.92,5.0,0.09,77.86,0.08,5.0,0.1,39.0,0.11,49.5,0.01,0.01,2332.21516,1776227909000
1776227911.497,211.497,0.9,39.0,0.89,49.5,0.91,61.87,0.92,5.0,0.09,61.87,0.08,5.0,0.1,39.0,0.11,49.5,0.01,0.01,2332.210093,1776227910000
1776227912.049,212.049,0.9,39.0,0.89,49.5,0.91,61.87,0.92,5.0,0.09,61.87,0.08,5.0,0.1,39.0,0.11,49.5,0.01,0.01,2332.278039,1776227911000
1776227912.266,212.266,0.9,92.73,0.89,49.5,0.91,58.73,0.92,5.0,0.09,61.87,0.08,5.0,0.1,39.0,0.11,49.5,0.01,0.01,2332.278039,1776227911000
1776227913.4,213.4,0.9,92.73,0.89,49.5,0.91,58.73,0.92,5.0,0.09,58.73,0.08,5.0,0.1,92.73,0.11,49.5,0.01,0.01,2332.133495,1776227912000
1776227913.993,213.993,0.9,92.73,0.89,49.5,0.91,58.73,0.92,5.0,0.09,58.73,0.08,5.0,0.1,92.73,0.11,49.5,0.01,0.01,2332.13344,1776227913000
1776227915.163,215.163,0.89,32.49,0.88,19.0,0.9,48.0,0.91,85.73,0.09,58.73,0.08,5.0,0.1,92.73,0.11,49.5,0.01,0.01,2332.13344,1776227913000
1776227915.473,215.473,0.89,12.11,0.88,19.0,0.9,33.0,0.91,73.73,0.1,48.0,0.09,73.73,0.11,31.11,0.12,19.0,0.01,0.01,2332.133106,1776227914000
1776227916.281,216.281,0.89,12.11,0.88,19.0,0.9,33.0,0.91,73.73,0.1,33.0,0.09,73.73,0.11,12.11,0.12,19.0,0.01,0.01,2332.132294,1776227915000
1776227916.482,216.482,0.89,80.19,0.88,29.5,0.9,13.96,0.91,68.73,0.1,33.58,0.09,68.73,0.11,80.19,0.12,29.5,0.01,0.01,2332.132294,1776227915000
1776227917.521,217.521,0.89,80.19,0.88,29.5,0.9,13.96,0.91,68.73,0.1,13.96,0.09,68.73,0.11,80.19,0.12,29.5,0.01,0.01,2332.090383,1776227916000
1776227917.993,217.993,0.89,80.19,0.88,29.5,0.9,13.96,0.91,68.73,0.1,13.96,0.09,68.73,0.11,80.19,0.12,29.5,0.01,0.01,2332.092153,1776227917000
1776227918.656,218.656,0.89,106.01,0.88,29.5,0.9,13.96,0.91,68.73,0.1,13.96,0.09,68.73,0.11,80.19,0.12,29.5,0.01,0.01,2332.092153,1776227917000
1776227919.018,219.018,0.89,72.93,0.88,29.5,0.9,30.65,0.91,58.73,0.1,11.88,0.09,68.73,0.11,101.01,0.12,29.5,0.01,0.01,2332.092153,1776227917000
1776227919.443,219.443,0.89,100.43,0.88,25.5,0.9,25.65,0.91,58.73,0.1,30.65,0.09,58.73,0.11,72.93,0.12,29.5,0.01,0.01,2332.14134,1776227918000
1776227920.14,220.14,0.89,100.43,0.88,25.5,0.9,25.65,0.91,58.73,0.1,25.65,0.09,58.73,0.11,100.43,0.12,25.5,0.01,0.01,2332.07998,1776227919000
1776227921.245,221.245,0.89,100.43,0.88,25.5,0.9,25.65,0.91,58.73,0.1,25.65,0.09,58.73,0.11,100.43,0.12,25.5,0.01,0.01,2332.108212,1776227920000
1776227921.788,221.788,0.89,85.91,0.88,25.5,0.9,15.65,0.91,58.73,0.1,25.65,0.09,58.73,0.11,100.43,0.12,25.5,0.01,0.01,2332.108212,1776227920000
1776227922.018,222.018,0.89,90.91,0.88,25.5,0.9,25.65,0.91,58.73,0.1,15.65,0.09,58.73,0.11,85.91,0.12,25.5,0.01,0.01,2332.108212,1776227920000
1776227922.323,222.323,0.89,90.91,0.88,25.5,0.9,25.65,0.91,58.73,0.1,25.65,0.09,58.73,0.11,90.91,0.12,25.5,0.01,0.01,2331.990755,1776227921000
1776227923.494,223.494,0.89,96.41,0.88,25.5,0.9,15.65,0.91,58.73,0.1,15.65,0.09,58.73,0.11,96.41,0.12,25.5,0.01,0.01,2332.133454,1776227922000
1776227924.638,224.638,0.89,96.41,0.88,25.5,0.9,15.65,0.91,58.73,0.1,15.65,0.09,58.73,0.11,96.41,0.12,25.5,0.01,0.01,2331.9772,1776227923000
1776227925.287,225.287,0.89,96.41,0.88,25.5,0.9,15.65,0.91,58.73,0.1,15.65,0.09,58.73,0.11,96.41,0.12,25.5,0.01,0.01,2332.05589,1776227924000
1776227926.505,226.505,0.89,96.41,0.88,25.5,0.9,15.65,0.91,58.73,0.1,15.65,0.09,58.73,0.11,96.41,0.12,25.5,0.01,0.01,2331.977465,1776227925000
1776227927.32,227.32,0.89,96.41,0.88,25.5,0.9,15.65,0.91,58.73,0.1,15.65,0.09,58.73,0.11,96.41,0.12,25.5,0.01,0.01,2331.97805,1776227926000
1776227928.48,228.48,0.89,96.41,0.88,25.5,0.9,15.65,0.91,58.73,0.1,15.65,0.09,58.73,0.11,96.41,0.12,25.5,0.01,0.01,2331.975259,1776227927000
1776227929.455,229.455,0.89,96.41,0.88,25.5,0.9,15.65,0.91,58.73,0.1,15.65,0.09,58.73,0.11,96.41,0.12,25.5,0.01,0.01,2331.975308,1776227928000
1776227930.106,230.106,0.89,96.41,0.88,25.5,0.9,15.65,0.91,58.73,0.1,15.65,0.09,58.73,0.11,96.41,0.12,25.5,0.01,0.01,2331.974508,1776227929000
1776227931.517,231.517,0.89,96.41,0.88,25.5,0.9,15.65,0.91,58.73,0.1,15.65,0.09,58.73,0.11,96.41,0.12,25.5,0.01,0.01,2332.017349,1776227930000
1776227932.327,232.327,0.89,96.41,0.88,25.5,0.9,15.65,0.91,58.73,0.1,15.65,0.09,58.73,0.11,96.41,0.12,25.5,0.01,0.01,2331.976169,1776227931000
1776227933.024,233.024,0.89,96.41,0.88,25.5,0.9,15.65,0.91,58.73,0.1,15.65,0.09,58.73,0.11,96.41,0.12,25.5,0.01,0.01,2331.961372,1776227932000
1776227934.334,234.334,0.89,96.41,0.88,25.5,0.9,15.65,0.91,58.73,0.1,15.65,0.09,58.73,0.11,96.41,0.12,25.5,0.01,0.01,2331.969381,1776227933000
1776227935.64,235.64,0.89,96.41,0.88,25.5,0.9,15.65,0.91,58.73,0.1,15.65,0.09,58.73,0.11,96.41,0.12,25.5,0.01,0.01,2332.006941,1776227934000
1776227936.121,236.121,0.9,121.5,0.89,67.41,0.91,22.73,0.93,39.82,0.1,15.65,0.09,58.73,0.11,96.41,0.12,25.5,0.01,0.01,2332.006941,1776227934000
1776227936.453,236.453,0.9,116.5,0.89,104.2,0.91,0.96,0.92,5.0,0.09,6.01,0.07,39.82,0.1,116.5,0.11,104.2,0.01,0.01,2331.968775,1776227935000
1776227937.575,237.575,0.9,116.5,0.89,104.2,0.91,0.96,0.92,5.0,0.09,0.96,0.08,5.0,0.1,116.5,0.11,104.2,0.01,0.01,2332.091537,1776227936000
1776227938.185,238.185,0.9,116.5,0.89,104.2,0.91,0.96,0.92,5.0,0.09,0.96,0.08,5.0,0.1,116.5,0.11,104.2,0.01,0.01,2332.098355,1776227937000
1776227939.607,239.607,0.9,116.5,0.89,104.2,0.91,0.96,0.92,5.0,0.09,0.96,0.08,5.0,0.1,116.5,0.11,104.2,0.01,0.01,2332.147874,1776227938000
1776227940.216,240.216,0.9,116.5,0.89,104.2,0.91,0.96,0.92,5.0,0.09,0.96,0.08,5.0,0.1,116.5,0.11,104.2,0.01,0.01,2332.147994,1776227939000
1776227940.54,240.54,0.9,155.0,0.89,140.13,0.93,17.78,0.94,21.3,0.09,0.96,0.08,5.0,0.1,116.5,0.11,104.2,0.03,0.01,2332.147994,1776227939000
1776227940.859,240.859,0.92,53.0,0.91,39.0,0.93,20.2,0.94,21.3,0.07,17.78,0.06,21.3,0.1,155.0,0.11,140.13,0.01,0.03,2332.147994,1776227939000
1776227941.078,241.078,0.92,53.0,0.91,39.0,0.93,7.71,0.94,21.3,0.07,20.2,0.06,21.3,0.08,53.0,0.09,39.0,0.01,0.01,2332.147994,1776227939000
1776227941.482,241.482,0.92,53.0,0.91,39.0,0.93,7.71,0.94,21.3,0.07,7.71,0.06,21.3,0.08,53.0,0.09,39.0,0.01,0.01,2332.029495,1776227940000
1776227942.2,242.2,0.92,53.0,0.91,39.0,0.93,7.71,0.94,21.3,0.07,7.71,0.06,21.3,0.08,53.0,0.09,39.0,0.01,0.01,2332.03092,1776227941000
1776227943.245,243.245,0.92,53.0,0.91,39.0,0.93,7.71,0.94,21.3,0.07,7.71,0.06,21.3,0.08,53.0,0.09,39.0,0.01,0.01,2332.049752,1776227942000
1776227944.379,244.379,0.92,53.0,0.91,39.0,0.93,7.71,0.94,21.3,0.07,7.71,0.06,21.3,0.08,53.0,0.09,39.0,0.01,0.01,2332.00407,1776227943000
1776227945.031,245.031,0.92,63.0,0.91,123.0,0.94,27.48,0.95,70.17,0.06,27.48,0.05,70.17,0.08,63.0,0.09,123.0,0.02,0.02,2332.002085,1776227944000
1776227945.675,245.675,0.93,64.3,0.92,48.0,0.95,80.23,0.96,270.7,0.06,27.48,0.05,70.17,0.08,63.0,0.09,123.0,0.02,0.02,2332.002085,1776227944000
1776227946.32,246.32,0.93,64.3,0.92,48.0,0.95,80.23,0.96,270.7,0.05,80.23,0.04,270.7,0.07,64.3,0.08,48.0,0.02,0.02,2331.99689,1776227945000
1776227946.952,246.952,0.93,64.11,0.92,96.9,0.94,7.87,0.95,80.43,0.06,7.87,0.05,80.43,0.07,64.11,0.08,96.9,0.01,0.01,2331.996305,1776227946000
1776227947.626,247.626,0.93,59.11,0.92,114.9,0.94,6.8,0.95,80.43,0.06,7.87,0.05,80.43,0.07,64.11,0.08,96.9,0.01,0.01,2331.996305,1776227946000
1776227948.169,248.169,0.93,59.11,0.92,114.9,0.94,6.8,0.95,80.43,0.06,6.8,0.05,80.43,0.07,59.11,0.08,114.9,0.01,0.01,2331.990336,1776227947000
1776227948.424,248.424,0.93,64.11,0.92,114.9,0.94,0.8,0.95,80.43,0.06,6.8,0.05,80.43,0.07,59.11,0.08,114.9,0.01,0.01,2331.990336,1776227947000
1776227948.841,248.841,0.93,64.11,0.92,114.9,0.95,75.43,0.96,200.7,0.06,0.8,0.05,80.43,0.07,64.11,0.08,114.9,0.02,0.01,2331.990336,1776227947000
1776227949.422,249.422,0.94,69.04,0.93,28.0,0.95,71.43,0.96,232.7,0.05,75.43,0.04,200.7,0.07,64.11,0.08,114.9,0.01,0.02,2331.990336,1776227947000
1776227949.66,249.66,0.94,69.04,0.93,28.0,0.95,71.43,0.96,232.7,0.05,71.43,0.04,232.7,0.06,69.04,0.07,28.0,0.01,0.01,2331.986234,1776227948000
1776227950.363,250.363,0.94,69.04,0.93,28.0,0.95,71.43,0.96,232.7,0.05,71.43,0.04,232.7,0.06,69.04,0.07,28.0,0.01,0.01,2331.983325,1776227949000
1776227950.724,250.724,0.94,89.04,0.93,46.0,0.95,65.43,0.96,63.71,0.05,71.43,0.04,232.7,0.06,69.04,0.07,28.0,0.01,0.01,2331.983325,1776227949000
1776227951.011,251.011,0.94,89.04,0.93,46.0,0.95,65.43,0.96,63.71,0.05,65.43,0.04,63.71,0.06,89.04,0.07,46.0,0.01,0.01,2332.107981,1776227950000
1776227951.467,251.467,0.94,63.0,0.93,149.44,0.95,54.73,0.96,53.71,0.05,65.43,0.04,63.71,0.06,89.04,0.07,46.0,0.01,0.01,2332.107981,1776227950000
1776227951.893,251.893,0.94,63.0,0.93,149.44,0.95,44.15,0.96,53.71,0.05,54.73,0.04,53.71,0.06,63.0,0.07,149.44,0.01,0.01,2332.107981,1776227950000
1776227952.332,252.332,0.94,19.58,0.93,157.42,0.95,39.15,0.96,53.71,0.05,44.15,0.04,53.71,0.06,63.0,0.07,149.44,0.01,0.01,2332.107981,1776227950000
1776227953.027,253.027,0.94,19.58,0.93,157.42,0.95,37.57,0.96,53.71,0.05,37.57,0.04,53.71,0.06,19.58,0.07,157.42,0.01,0.01,2332.036876,1776227952000
1776227953.276,253.276,0.94,161.09,0.93,93.3,0.95,12.37,0.96,53.71,0.05,37.57,0.04,53.71,0.06,19.58,0.07,157.42,0.01,0.01,2332.036876,1776227952000
1776227954.293,254.293,0.94,161.09,0.93,93.3,0.95,12.37,0.96,53.71,0.05,12.37,0.04,53.71,0.06,161.09,0.07,93.3,0.01,0.01,2332.028135,1776227953000
1776227954.892,254.892,0.94,161.09,0.93,93.3,0.95,12.37,0.96,53.71,0.05,12.37,0.04,53.71,0.06,161.09,0.07,93.3,0.01,0.01,2332.03297,1776227954000
1776227956.141,256.141,0.94,161.09,0.93,93.3,0.95,12.37,0.96,53.71,0.05,12.37,0.04,53.71,0.06,161.09,0.07,93.3,0.01,0.01,2332.038235,1776227955000
1776227956.74,256.74,0.94,243.89,0.93,153.3,0.95,9.21,0.96,53.71,0.05,12.37,0.04,53.71,0.06,161.09,0.07,93.3,0.01,0.01,2332.038235,1776227955000
1776227957.266,257.266,0.94,238.89,0.93,153.3,0.97,103.92,0.98,617.0,0.05,9.21,0.04,53.71,0.06,243.89,0.07,153.3,0.03,0.01,2332.038235,1776227955000
1776227958.317,258.317,0.96,40.0,0.95,198.12,0.97,103.92,0.98,612.0,0.03,103.92,0.02,617.0,0.06,238.89,0.07,153.3,0.01,0.03,2332.038235,1776227955000
1776227958.975,258.975,0.96,40.0,0.95,198.12,0.97,103.92,0.98,612.0,0.03,103.92,0.02,612.0,0.04,40.0,0.05,198.12,0.01,0.01,2332.135978,1776227957000
1776227959.177,259.177,0.96,165.84,0.95,126.8,0.97,117.58,0.98,525.99,0.03,117.58,0.02,525.99,0.04,87.7,0.05,208.12,0.01,0.01,2332.135978,1776227957000
1776227959.424,259.424,0.96,170.84,0.95,126.8,0.97,90.42,0.98,525.99,0.03,112.42,0.02,525.99,0.04,170.84,0.05,126.8,0.01,0.01,2332.135978,1776227957000
1776227959.634,259.634,0.96,165.84,0.95,126.8,0.97,85.27,0.98,525.99,0.03,85.27,0.02,525.99,0.04,165.84,0.05,126.8,0.01,0.01,2332.09854,1776227958000
1776227960.21,260.21,0.96,170.84,0.95,126.8,0.97,43.07,0.98,525.99,0.03,43.07,0.02,525.99,0.04,170.84,0.05,126.8,0.01,0.01,2332.083105,1776227959000
1776227960.53,260.53,0.96,160.02,0.95,126.8,0.97,43.46,0.98,501.99,0.03,15.59,0.02,480.99,0.04,165.02,0.05,126.8,0.01,0.01,2332.083105,1776227959000
1776227961.151,261.151,0.96,160.02,0.95,126.8,0.97,31.59,0.98,496.99,0.03,43.46,0.02,501.99,0.04,160.02,0.05,126.8,0.01,0.01,2332.083105,1776227959000
1776227961.39,261.39,0.96,165.02,0.95,126.8,0.97,29.52,0.98,511.99,0.03,31.59,0.02,496.99,0.04,160.02,0.05,126.8,0.01,0.01,2332.07817,1776227960000
1776227962.02,262.02,0.96,165.02,0.95,126.8,0.97,29.52,0.98,511.99,0.03,29.52,0.02,511.99,0.04,165.02,0.05,126.8,0.01,0.01,2332.078075,1776227961000
1776227962.996,262.996,0.96,166.45,0.95,95.8,0.97,15.0,0.98,469.99,0.03,29.52,0.02,511.99,0.04,165.02,0.05,126.8,0.01,0.01,2332.078075,1776227961000
1776227963.704,263.704,0.96,166.45,0.95,95.8,0.97,8.0,0.98,479.99,0.03,17.58,0.02,474.99,0.04,166.45,0.05,95.8,0.01,0.01,2332.072805,1776227962000
1776227964.246,264.246,0.96,166.45,0.95,95.8,0.97,8.0,0.98,479.99,0.03,8.0,0.02,479.99,0.04,166.45,0.05,95.8,0.01,0.01,2332.110889,1776227963000
1776227964.467,264.467,0.96,176.45,0.95,95.8,0.97,0.23,0.98,448.99,0.03,1.27,0.02,448.99,0.04,166.45,0.05,95.8,0.01,0.01,2332.110889,1776227963000
1776227964.892,264.892,0.96,171.45,0.95,95.8,0.98,260.21,0.99,7229.45,0.03,0.23,0.02,448.99,0.04,176.45,0.05,95.8,0.02,0.01,2332.110889,1776227963000
1776227965.369,265.369,0.96,171.45,0.95,95.8,0.98,260.05,0.99,7229.45,0.02,260.21,0.01,7229.45,0.04,171.45,0.05,95.8,0.02,0.02,2332.110889,1776227963000
1776227965.687,265.687,0.97,123.7,0.96,176.45,0.98,255.05,0.99,7229.45,0.02,260.05,0.01,7229.45,0.04,171.45,0.05,95.8,0.01,0.02,2332.041676,1776227964000
1776227966.011,266.011,0.97,123.7,0.96,176.45,0.98,255.05,0.99,7229.45,0.02,255.05,0.01,7229.45,0.03,123.7,0.04,176.45,0.01,0.01,2332.041135,1776227965000
1776227966.393,266.393,0.97,247.01,0.96,71.75,0.98,240.05,0.99,7229.45,0.02,255.05,0.01,7229.45,0.03,123.7,0.04,176.45,0.01,0.01,2332.041135,1776227965000
1776227967.129,267.129,0.97,252.01,0.96,71.75,0.98,213.55,0.99,7229.45,0.02,213.55,0.01,7229.45,0.03,252.01,0.04,71.75,0.01,0.01,2332.039481,1776227966000
1776227967.97,267.97,0.97,262.32,0.96,102.75,0.98,187.55,0.99,7114.46,0.02,213.55,0.01,7229.45,0.03,252.01,0.04,71.75,0.01,0.01,2332.039481,1776227966000
1776227968.261,268.261,0.97,262.32,0.96,102.75,0.98,187.55,0.99,7114.46,0.02,187.55,0.01,7114.46,0.03,262.32,0.04,102.75,0.01,0.01,2332.058278,1776227967000
1776227969.358,269.358,0.97,262.32,0.96,102.75,0.98,187.55,0.99,7114.46,0.02,187.55,0.01,7114.46,0.03,262.32,0.04,102.75,0.01,0.01,2332.133359,1776227968000
1776227969.889,269.889,0.97,262.5,0.96,127.75,0.98,155.61,0.99,1990.46,0.02,155.61,0.01,1990.46,0.03,262.5,0.04,127.75,0.01,0.01,2332.1231,1776227969000
1776227971.06,271.06,0.97,262.5,0.96,127.75,0.98,155.61,0.99,1990.46,0.02,155.61,0.01,1990.46,0.03,262.5,0.04,127.75,0.01,0.01,2332.081682,1776227970000
1776227971.469,271.469,0.97,293.66,0.96,104.75,0.98,102.57,0.99,1990.46,0.02,155.61,0.01,1990.46,0.03,262.5,0.04,127.75,0.01,0.01,2332.081682,1776227970000
1776227971.93,271.93,0.97,298.66,0.96,104.75,0.98,96.54,0.99,1933.46,0.02,102.57,0.01,1990.46,0.03,293.66,0.04,104.75,0.01,0.01,2332.081682,1776227970000
1776227972.192,272.192,0.97,298.66,0.96,104.75,0.98,96.54,0.99,1933.46,0.02,96.54,0.01,1933.46,0.03,298.66,0.04,104.75,0.01,0.01,2332.061868,1776227971000
1776227972.432,272.432,0.82,16.7,0.81,38.4,0.84,10.0,0.85,10.0,0.15,10.0,0.14,10.0,0.17,12.3,0.18,34.4,0.02,0.02,2332.061868,1776227971000
1776227972.633,272.633,0.77,27.0,0.76,92.0,0.79,9.95,0.8,10.0,0.16,10.0,0.15,15.0,0.23,29.0,0.24,70.0,0.02,0.07,2332.061868,1776227971000
1776227972.921,272.921,0.78,0.95,0.77,10.0,0.81,63.23,0.82,10.54,0.19,63.23,0.18,10.54,0.24,10.0,0.25,24.0,0.03,0.05,2332.061868,1776227971000
1776227973.222,273.222,0.78,14.71,0.77,10.0,0.8,10.0,0.81,63.23,0.19,63.23,0.18,10.54,0.22,0.95,0.23,10.0,0.02,0.03,2332.061868,1776227971000
1776227974.014,274.014,0.8,30.99,0.79,10.0,0.81,0.24,0.82,10.54,0.19,0.24,0.18,10.54,0.2,30.99,0.21,10.0,0.01,0.01,2332.034987,1776227972000
1776227974.653,274.653,0.8,30.99,0.79,10.0,0.81,0.24,0.82,10.54,0.19,0.24,0.18,10.54,0.2,30.99,0.21,10.0,0.01,0.01,2331.75531,1776227973000
1776227975.295,275.295,0.86,5.0,0.85,39.0,0.91,12.0,0.96,93.8,0.19,0.24,0.18,10.54,0.2,30.99,0.21,10.0,0.05,0.01,2331.75531,1776227973000
1776227975.521,275.521,0.91,140.0,0.89,75.61,0.97,312.7,0.98,232.24,0.03,312.8,0.02,232.24,0.11,70.0,0.13,70.0,0.06,0.08,2331.262025,1776227974000
1776227975.878,275.878,0.91,140.0,0.89,75.61,0.97,56.02,0.98,48.54,0.03,56.02,0.02,48.54,0.09,140.0,0.11,75.61,0.06,0.06,2331.255325,1776227975000
1776227976.113,276.113,0.91,218.22,0.9,25.0,0.95,80.8,0.96,105.0,0.03,56.02,0.02,48.54,0.09,140.0,0.11,75.61,0.04,0.06,2331.255325,1776227975000
1776227976.856,276.856,0.94,15.0,0.93,184.2,0.97,109.58,0.98,63.54,0.05,75.8,0.04,105.0,0.09,202.55,0.1,25.0,0.03,0.04,2331.255325,1776227975000
1776227977.082,277.082,0.94,12.23,0.93,10.0,0.97,99.37,0.98,63.54,0.03,99.37,0.02,63.54,0.04,10.0,0.05,10.0,0.03,0.01,2331.255325,1776227975000
1776227977.444,277.444,0.94,159.17,0.93,15.0,0.96,9.79,0.97,109.37,0.04,10.0,0.03,109.37,0.09,200.31,0.1,15.0,0.02,0.05,2331.661935,1776227976000
1776227977.952,277.952,0.94,200.17,0.93,31.0,0.95,1.66,0.96,8.74,0.04,8.74,0.03,109.37,0.06,190.17,0.07,15.0,0.01,0.02,2331.661935,1776227976000
1776227978.347,278.347,0.94,200.17,0.93,31.0,0.95,1.66,0.96,8.74,0.05,1.66,0.04,8.74,0.06,200.17,0.07,31.0,0.01,0.01,2331.710255,1776227977000
1776227978.937,278.937,0.94,200.17,0.93,31.0,0.95,1.66,0.96,8.74,0.05,1.66,0.04,8.74,0.06,200.17,0.07,31.0,0.01,0.01,2331.725105,1776227978000
1776227979.905,279.905,0.94,195.17,0.93,49.0,0.95,0.6,0.96,8.74,0.05,1.66,0.04,8.74,0.06,200.17,0.07,31.0,0.01,0.01,2331.725105,1776227978000
1776227980.98,280.98,0.94,51.0,0.93,54.0,0.96,8.74,0.97,10.0,0.05,0.6,0.04,8.74,0.06,195.17,0.07,49.0,0.02,0.01,2331.71327,1776227979000
1776227981.263,281.263,0.94,64.0,0.93,44.0,0.96,5.64,0.97,10.0,0.04,8.74,0.03,10.0,0.06,51.0,0.07,54.0,0.02,0.02,2331.765277,1776227980000
1776227982.364,282.364,0.94,64.0,0.93,44.0,0.96,5.64,0.97,10.0,0.04,5.64,0.03,10.0,0.06,64.0,0.07,44.0,0.02,0.02,2331.71399,1776227981000
1776227982.883,282.883,0.94,64.0,0.93,44.0,0.96,5.64,0.97,10.0,0.04,5.64,0.03,10.0,0.06,64.0,0.07,44.0,0.02,0.02,2331.713765,1776227982000
1776227983.228,283.228,0.94,10.31,0.92,22.0,0.95,10.0,0.96,5.64,0.04,5.64,0.03,10.0,0.06,64.0,0.07,44.0,0.01,0.02,2331.713765,1776227982000
1776227984.19,284.19,0.93,15.0,0.92,24.9,0.95,9.68,0.96,5.64,0.06,13.93,0.05,10.0,0.08,19.9,0.09,31.0,0.02,0.02,2331.713765,1776227982000
1776227985.224,285.224,0.93,15.0,0.92,24.9,0.95,9.68,0.96,5.64,0.05,9.68,0.04,5.64,0.07,15.0,0.08,24.9,0.02,0.02,2331.566475,1776227984000
1776227986.41,286.41,0.93,15.0,0.92,24.9,0.95,9.68,0.96,5.64,0.05,9.68,0.04,5.64,0.07,15.0,0.08,24.9,0.02,0.02,2331.439405,1776227985000
1776227987.008,287.008,0.94,23.09,0.93,15.0,0.95,0.11,0.96,5.64,0.05,0.11,0.04,5.64,0.06,23.09,0.07,15.0,0.01,0.01,2331.502257,1776227986000
1776227988.127,288.127,0.94,23.09,0.93,20.0,0.98,169.53,0.99,1476.99,0.02,169.53,0.01,1476.99,0.06,23.09,0.07,20.0,0.04,0.04,2331.466622,1776227987000
1776227988.694,288.694,0.94,15.0,0.93,47.64,0.96,9.79,0.97,25.0,0.03,20.0,0.02,169.53,0.07,8.64,0.08,124.9,0.02,0.04,2331.466622,1776227987000
1776227989.117,289.117,0.94,15.0,0.93,47.64,0.96,13.74,0.97,25.0,0.04,13.74,0.03,25.0,0.06,15.0,0.07,47.64,0.02,0.02,2331.426655,1776227988000
1776227989.428,289.428,0.94,15.0,0.93,48.64,0.96,5.1,0.97,25.0,0.04,13.74,0.03,25.0,0.06,15.0,0.07,47.64,0.02,0.02,2331.426655,1776227988000
1776227989.908,289.908,0.94,10.0,0.93,59.0,0.95,4.73,0.96,5.1,0.04,5.1,0.03,25.0,0.08,131.96,0.09,130.0,0.01,0.04,2331.426655,1776227988000
1776227990.435,290.435,0.94,30.0,0.93,59.0,0.97,9.06,0.98,51.53,0.05,4.73,0.04,5.1,0.06,10.0,0.07,59.0,0.03,0.01,2331.42005,1776227989000
1776227990.702,290.702,0.95,14.02,0.94,40.0,0.96,5.0,0.97,19.06,0.04,5.0,0.03,19.06,0.06,40.0,0.07,55.0,0.01,0.02,2331.42005,1776227989000
1776227991.1,291.1,0.95,127.02,0.94,36.0,0.97,3.88,0.98,51.53,0.04,5.0,0.03,19.06,0.05,14.02,0.06,40.0,0.02,0.01,2331.42005,1776227989000
1776227991.363,291.363,0.96,75.0,0.95,57.02,0.98,29.81,0.99,1220.0,0.03,3.78,0.02,51.53,0.05,142.02,0.06,36.0,0.02,0.02,2331.421449,1776227990000
1776227991.567,291.567,0.97,95.0,0.96,110.0,0.99,214.94,,,0.01,244.94,,,0.03,95.0,0.04,110.0,0.02,0.02,2331.421449,1776227990000
1776227991.83,291.83,0.98,10.0,0.97,20.0,0.99,222.94,,,0.01,214.94,,,0.03,95.0,0.04,110.0,0.01,0.02,2331.421449,1776227990000
1776227992.039,292.039,0.99,303.06,0.98,48.0,,,,,0.01,218.94,,,0.02,31.0,0.03,68.0,,0.01,2331.421449,1776227990000
1776227992.859,292.859,0.99,876.15,0.98,43.0,,,,,,,,,0.01,303.06,0.02,48.0,,,2331.45647,1776227991000
1776227993.07,293.07,0.99,876.15,0.98,43.0,,,,,,,,,0.01,876.15,0.02,43.0,,,2331.549673,1776227992000
1776227993.354,293.354,0.99,931.25,0.98,38.0,,,,,,,,,0.01,876.15,0.02,43.0,,,2331.549673,1776227992000
1776227994.098,294.098,0.99,930.15,0.98,38.0,,,,,,,,,0.01,930.15,0.02,38.0,,,2331.95817,1776227993000
1776227995.146,295.146,0.99,930.15,0.98,38.0,,,,,,,,,0.01,930.15,0.02,38.0,,,2331.9644,1776227994000
1776227996.164,296.164,0.99,930.15,0.98,38.0,,,,,,,,,0.01,930.15,0.02,38.0,,,2332.089699,1776227995000
1776227997.121,297.121,0.99,930.15,0.98,38.0,,,,,,,,,0.01,930.15,0.02,38.0,,,2332.044265,1776227996000
1776227998.115,298.115,0.99,930.15,0.98,38.0,,,,,,,,,0.01,930.15,0.02,38.0,,,2332.039215,1776227997000
1776227999.148,299.148,0.99,930.15,0.98,38.0,,,,,,,,,0.01,930.15,0.02,38.0,,,2332.043055,1776227998000
1776228000.107,300.107,0.99,930.15,0.98,38.0,,,,,,,,,0.01,930.15,0.02,38.0,,,2332.020731,1776227999000
1776228001.0,301.0,0.99,151803.19,0.98,118.0,,,,,,,,,0.01,930.15,0.02,38.0,,,2332.020731,1776227999000

# RESULT,winner=Up,slug=eth-updown-5m-1776227700,ticks=492
