timestamp,elapsed_sec,up_bid_p1,up_bid_s1,up_bid_p2,up_bid_s2,up_ask_p1,up_ask_s1,up_ask_p2,up_ask_s2,down_bid_p1,down_bid_s1,down_bid_p2,down_bid_s2,down_ask_p1,down_ask_s1,down_ask_p2,down_ask_s2,up_spread,down_spread,eth_price,eth_oracle_ts
1776286200.755,0.755,0.51,5.0,0.5,10.0,0.54,152.0,0.55,5.0,0.48,2.59,0.46,155.0,0.49,5.0,0.5,10.0,0.03,0.01,2359.9262,1776286199000
1776286202.273,2.273,0.5,4.6,0.46,8.0,0.52,68.0,0.53,40.0,0.46,152.0,0.45,5.0,0.49,5.0,0.5,10.0,0.02,0.03,2359.976758,1776286201000
1776286202.806,2.806,0.46,8.0,0.39,5.0,0.48,5.0,0.49,5.0,0.48,68.0,0.47,40.0,0.54,8.0,0.56,13.0,0.02,0.06,2359.976758,1776286201000
1776286203.073,3.073,0.46,11.9,0.39,5.0,0.47,5.0,0.48,5.0,0.52,5.0,0.51,5.0,0.54,8.0,0.61,5.0,0.01,0.02,2359.974431,1776286202000
1776286204.077,4.077,0.39,36.0,0.38,16.0,0.4,10.0,0.41,10.0,0.54,38.1,0.53,5.0,0.61,5.0,0.62,16.0,0.01,0.07,2359.750065,1776286203000
1776286204.734,4.734,0.39,47.0,0.38,43.0,0.41,9.0,0.42,15.0,0.6,10.0,0.59,10.0,0.61,36.0,0.62,16.0,0.02,0.01,2359.750065,1776286203000
1776286205.252,5.252,0.42,7.0,0.41,15.0,0.43,10.0,0.44,12.54,0.56,2.54,0.55,39.0,0.58,7.0,0.6,48.0,0.01,0.02,2359.438639,1776286204000
1776286205.909,5.909,0.42,7.0,0.41,20.0,0.43,15.0,0.44,7.54,0.57,10.0,0.56,12.54,0.58,7.0,0.59,15.0,0.01,0.01,2359.438639,1776286204000
1776286207.515,7.515,0.37,14.51,0.35,10.0,0.39,25.0,0.4,20.0,0.57,15.0,0.56,7.54,0.58,7.0,0.59,20.0,0.02,0.01,2359.37087,1776286206000
1776286208.184,8.184,0.37,33.51,0.36,24.0,0.38,36.0,0.39,35.0,0.62,16.0,0.61,25.0,0.63,28.51,0.65,10.0,0.01,0.01,2359.37087,1776286206000
1776286209.152,9.152,0.37,5.0,0.36,24.0,0.38,63.0,0.39,35.0,0.62,36.0,0.61,35.0,0.63,33.51,0.64,24.0,0.01,0.01,2359.296455,1776286207000
1776286209.483,9.483,0.37,5.0,0.36,34.0,0.38,8.97,0.39,50.0,0.62,63.0,0.61,35.0,0.63,5.0,0.64,24.0,0.01,0.01,2359.226709,1776286208000
1776286210.416,10.416,0.36,24.0,0.35,5.0,0.38,23.97,0.39,35.0,0.62,8.97,0.61,50.0,0.63,5.0,0.64,34.0,0.02,0.01,2359.08425,1776286209000
1776286210.64,10.64,0.37,28.0,0.36,24.0,0.39,25.0,0.4,42.0,0.62,13.97,0.61,35.0,0.63,23.0,0.64,24.0,0.02,0.01,2359.08425,1776286209000
1776286210.975,10.975,0.37,23.16,0.36,24.0,0.38,10.0,0.39,30.0,0.61,25.0,0.6,47.0,0.63,23.0,0.64,24.0,0.01,0.02,2359.08425,1776286209000
1776286211.649,11.649,0.37,0.44,0.36,19.0,0.38,19.73,0.39,46.0,0.62,9.73,0.61,30.0,0.63,18.16,0.64,24.0,0.01,0.01,2359.069498,1776286210000
1776286212.24,12.24,0.37,5.84,0.36,15.0,0.38,20.73,0.39,36.0,0.62,24.73,0.61,46.0,0.63,0.44,0.64,5.0,0.01,0.01,2359.074523,1776286211000
1776286212.942,12.942,0.39,5.0,0.38,143.15,0.54,3.0,0.57,5.0,0.62,20.73,0.61,36.0,0.63,5.84,0.64,15.0,0.15,0.01,2359.074523,1776286211000
1776286213.252,13.252,0.64,15.0,0.63,10.0,0.66,59.51,0.71,60.0,0.35,5.19,0.34,79.86,0.37,20.5,0.38,10.0,0.02,0.02,2359.09812,1776286212000
1776286213.54,13.54,0.63,15.0,0.62,10.0,0.64,25.57,0.65,15.0,0.35,5.0,0.34,30.0,0.39,4.97,0.4,10.0,0.01,0.04,2359.09812,1776286212000
1776286214.226,14.226,0.56,60.0,0.53,45.0,0.57,10.0,0.58,10.0,0.36,30.57,0.35,15.0,0.39,0.83,0.4,10.0,0.01,0.03,2359.02521,1776286213000
1776286215.282,15.282,0.54,10.5,0.53,48.0,0.55,20.0,0.56,22.0,0.45,10.0,0.44,10.0,0.46,4.86,0.47,45.0,0.01,0.01,2359.916616,1776286214000
1776286216.376,16.376,0.54,54.5,0.53,15.0,0.55,174.0,0.56,158.0,0.45,20.0,0.44,22.0,0.46,10.5,0.47,48.0,0.01,0.01,2360.2566,1776286215000
1776286216.802,16.802,0.54,12.23,0.52,32.0,0.55,171.0,0.56,158.0,0.45,165.0,0.44,158.0,0.46,31.5,0.48,114.0,0.01,0.01,2360.2566,1776286215000
1776286218.308,18.308,0.54,10.5,0.53,10.0,0.55,161.94,0.56,158.0,0.45,171.0,0.44,158.0,0.46,12.23,0.48,32.0,0.01,0.01,2360.192664,1776286217000
1776286218.513,18.513,0.54,7.23,0.53,10.0,0.55,161.94,0.56,158.0,0.45,161.94,0.44,158.0,0.46,10.5,0.47,10.0,0.01,0.01,2360.192664,1776286217000
1776286219.597,19.597,0.52,20.5,0.51,137.0,0.54,151.74,0.55,156.94,0.45,161.94,0.44,158.0,0.46,7.23,0.47,10.0,0.02,0.01,2360.188693,1776286218000
1776286219.871,19.871,0.52,25.5,0.51,137.0,0.54,156.74,0.55,161.94,0.46,151.74,0.45,156.94,0.48,20.5,0.49,137.0,0.02,0.02,2360.188693,1776286218000
1776286221.756,21.756,0.51,99.71,0.5,10.0,0.52,81.5,0.53,189.5,0.46,156.74,0.45,161.94,0.48,25.5,0.49,137.0,0.01,0.02,2360.185792,1776286220000
1776286222.838,22.838,0.51,125.21,0.5,30.5,0.53,155.38,0.54,194.24,0.48,83.26,0.47,194.5,0.49,94.71,0.5,10.0,0.02,0.01,2360.181687,1776286221000
1776286225.967,25.967,0.52,35.64,0.51,65.0,0.53,187.5,0.54,234.2,0.47,155.38,0.46,194.24,0.49,125.21,0.5,30.5,0.01,0.02,2360.06959,1776286224000
1776286226.176,26.176,0.51,60.0,0.5,10.0,0.53,309.5,0.54,295.2,0.47,187.5,0.46,234.2,0.48,35.64,0.49,65.0,0.02,0.01,2360.085315,1776286225000
1776286227.701,27.701,0.46,169.64,0.45,124.5,0.47,26.0,0.48,36.0,0.47,309.5,0.46,295.2,0.49,60.0,0.5,10.0,0.01,0.02,2360.06529,1776286226000
1776286237.456,37.456,0.55,145.0,0.54,70.0,0.56,96.42,0.57,200.5,0.53,26.0,0.52,36.0,0.54,169.64,0.55,124.5,0.01,0.01,2359.954758,1776286236000
1776286241.734,41.734,0.58,84.0,0.57,105.0,0.59,123.3,0.6,136.5,0.44,96.42,0.43,200.5,0.45,145.0,0.46,70.0,0.01,0.01,2360.436264,1776286240000
1776286244.911,44.911,0.58,226.0,0.57,139.5,0.59,108.44,0.6,130.0,0.41,123.3,0.4,136.5,0.42,84.0,0.43,105.0,0.01,0.01,2360.6,1776286243000
1776286245.411,45.411,0.58,246.5,0.57,144.5,0.59,103.35,0.6,125.0,0.41,108.44,0.4,130.0,0.42,226.0,0.43,139.5,0.01,0.01,2360.65657,1776286244000
1776286245.738,45.738,0.58,75.0,0.57,73.0,0.59,93.57,0.6,120.0,0.41,10.0,0.4,25.0,0.42,249.11,0.43,144.5,0.01,0.01,2360.65657,1776286244000
1776286245.968,45.968,0.58,2.0,0.57,10.0,0.59,200.5,0.6,83.5,0.41,20.0,0.4,60.0,0.42,35.0,0.43,20.0,0.01,0.01,2360.65657,1776286244000
1776286246.257,46.257,0.54,25.0,0.53,50.0,0.55,27.72,0.56,45.5,0.41,230.5,0.4,83.5,0.44,4.22,0.46,66.0,0.01,0.03,2360.65657,1776286244000
1776286246.87,46.87,0.53,191.0,0.52,223.0,0.54,17.68,0.55,36.5,0.46,23.68,0.45,80.5,0.47,110.0,0.48,190.0,0.01,0.01,2360.65657,1776286244000
1776286250.996,50.996,0.56,173.0,0.55,120.0,0.57,10.58,0.58,35.5,0.45,36.5,0.44,98.5,0.47,196.0,0.48,223.0,0.01,0.02,2360.303802,1776286249000
1776286251.222,51.222,0.56,168.0,0.55,135.5,0.57,2.58,0.58,35.5,0.43,10.58,0.42,35.5,0.44,173.0,0.45,120.0,0.01,0.01,2360.303802,1776286249000
1776286251.974,51.974,0.57,100.0,0.56,120.0,0.58,95.32,0.59,128.5,0.43,2.58,0.42,35.5,0.44,168.0,0.45,135.5,0.01,0.01,2360.301673,1776286250000
1776286254.213,54.213,0.57,153.72,0.56,125.0,0.58,78.32,0.59,128.5,0.42,95.32,0.41,128.5,0.43,100.0,0.44,120.0,0.01,0.01,2360.43602,1776286252000
1776286254.697,54.697,0.57,153.72,0.56,125.0,0.58,67.23,0.59,118.5,0.42,78.32,0.41,128.5,0.43,153.72,0.44,125.0,0.01,0.01,2360.42892,1776286253000
1776286255.642,55.642,0.59,135.5,0.58,105.5,0.6,5.0,0.61,25.0,0.42,67.23,0.41,118.5,0.43,153.72,0.44,125.0,0.01,0.01,2360.428715,1776286254000
1776286256.838,56.838,0.59,22.42,0.58,80.5,0.6,162.5,0.61,129.5,0.4,5.0,0.39,25.0,0.41,135.5,0.42,105.5,0.01,0.01,2360.428695,1776286255000
1776286258.637,58.637,0.58,90.5,0.57,155.77,0.59,49.7,0.6,146.49,0.4,167.5,0.39,129.5,0.42,80.5,0.43,94.22,0.01,0.02,2360.65588,1776286257000
1776286259.032,59.032,0.58,110.5,0.57,150.77,0.59,47.7,0.6,96.49,0.41,49.7,0.4,146.49,0.42,90.5,0.43,155.77,0.01,0.01,2360.65588,1776286257000
1776286260.344,60.344,0.58,115.5,0.57,99.22,0.59,27.02,0.6,108.49,0.41,47.7,0.4,96.49,0.42,110.5,0.43,150.77,0.01,0.01,2360.541965,1776286258000
1776286260.765,60.765,0.58,230.5,0.57,226.22,0.62,32.0,0.63,109.77,0.41,9.57,0.4,108.49,0.42,115.5,0.43,99.22,0.04,0.01,2360.539395,1776286259000
1776286261.048,61.048,0.61,194.37,0.6,45.0,0.62,9.64,0.63,109.77,0.38,32.0,0.37,109.77,0.42,230.5,0.43,226.22,0.01,0.04,2360.539395,1776286259000
1776286261.646,61.646,0.61,209.37,0.6,100.0,0.62,9.75,0.63,84.77,0.38,9.64,0.37,109.77,0.39,194.37,0.4,45.0,0.01,0.01,2360.53621,1776286260000
1776286262.121,62.121,0.61,217.52,0.6,100.0,0.62,1.75,0.63,108.27,0.38,1.75,0.37,84.77,0.39,209.37,0.4,100.0,0.01,0.01,2360.53621,1776286260000
1776286262.525,62.525,0.61,217.52,0.6,100.0,0.62,0.46,0.63,103.27,0.38,1.75,0.37,108.27,0.39,217.52,0.4,100.0,0.01,0.01,2360.531179,1776286261000
1776286263.365,63.365,0.61,218.65,0.6,182.45,0.64,49.0,0.65,208.5,0.38,0.46,0.37,103.27,0.39,217.52,0.4,100.0,0.03,0.01,2360.728008,1776286262000
1776286263.809,63.809,0.63,152.0,0.62,20.0,0.64,14.0,0.65,68.5,0.36,49.0,0.35,208.5,0.39,218.65,0.4,182.45,0.01,0.03,2360.728008,1776286262000
1776286265.897,65.897,0.64,23.08,0.63,52.5,0.66,181.27,0.67,125.0,0.36,14.0,0.35,68.5,0.37,152.0,0.38,20.0,0.02,0.01,2360.80334,1776286263000
1776286266.252,66.252,0.65,48.0,0.64,34.08,0.66,145.27,0.67,130.0,0.34,181.27,0.33,125.0,0.36,23.08,0.37,52.5,0.01,0.02,2360.822704,1776286264000
1776286266.854,66.854,0.61,10.0,0.6,10.0,0.62,37.37,0.63,91.27,0.34,212.06,0.33,170.0,0.35,10.0,0.36,8.08,0.01,0.01,2360.909255,1776286265000
1776286267.396,67.396,0.59,113.15,0.58,170.5,0.61,191.49,0.62,130.37,0.38,32.37,0.37,91.27,0.4,9.15,0.41,115.0,0.02,0.02,2360.91812,1776286266000
1776286269.25,69.25,0.59,102.15,0.58,175.5,0.6,147.32,0.61,139.5,0.4,49.49,0.39,155.5,0.41,102.15,0.42,170.5,0.01,0.01,2360.877762,1776286267000
1776286269.63,69.63,0.58,140.0,0.57,154.22,0.59,154.42,0.6,157.55,0.4,147.32,0.39,139.5,0.41,102.15,0.42,175.5,0.01,0.01,2360.640733,1776286268000
1776286269.883,69.883,0.58,155.0,0.57,154.22,0.59,94.42,0.6,142.55,0.41,159.42,0.4,157.55,0.42,135.0,0.43,154.22,0.01,0.01,2360.640733,1776286268000
1776286270.13,70.13,0.58,152.36,0.57,164.22,0.59,87.55,0.6,152.55,0.41,92.55,0.4,152.55,0.42,155.0,0.43,164.22,0.01,0.01,2360.640733,1776286268000
1776286270.395,70.395,0.58,157.36,0.57,154.22,0.59,92.55,0.6,142.55,0.41,87.55,0.4,152.55,0.42,152.36,0.43,164.22,0.01,0.01,2360.595583,1776286269000
1776286272.264,72.264,0.58,95.0,0.57,155.0,0.59,39.96,0.6,87.97,0.4,42.7,0.39,140.5,0.42,95.0,0.43,154.22,0.01,0.02,2360.54733,1776286271000
1776286276.32,76.32,0.58,110.0,0.57,175.5,0.59,6.97,0.6,17.47,0.41,39.96,0.4,87.97,0.42,95.0,0.43,155.0,0.01,0.01,2360.421197,1776286273000
1776286278.039,78.039,0.58,199.5,0.57,175.5,0.59,12.13,0.6,17.47,0.41,6.97,0.4,17.47,0.42,110.0,0.43,175.5,0.01,0.01,2360.421197,1776286273000
1776286278.823,78.823,0.59,149.5,0.58,131.5,0.6,9.99,0.61,39.0,0.41,12.13,0.4,17.47,0.42,199.5,0.43,175.5,0.01,0.01,2360.421197,1776286273000
1776286282.502,82.502,0.64,229.5,0.63,105.0,0.65,22.0,0.66,120.0,0.4,9.99,0.39,39.0,0.41,149.5,0.42,131.5,0.01,0.01,2360.636878,1776286281000
1776286283.973,83.973,0.68,50.86,0.67,33.46,0.69,25.0,0.7,65.0,0.35,22.0,0.34,120.0,0.36,229.5,0.37,105.0,0.01,0.01,2360.805983,1776286282000
1776286285.617,85.617,0.7,32.66,0.69,80.5,0.71,51.0,0.72,141.5,0.31,25.0,0.3,65.0,0.32,199.49,0.33,46.0,0.01,0.01,2360.87805,1776286284000
1776286285.88,85.88,0.71,5.24,0.7,39.66,0.72,112.45,0.73,133.5,0.28,107.45,0.27,133.5,0.29,10.0,0.3,49.66,0.01,0.01,2360.87805,1776286284000
1776286286.354,86.354,0.71,87.34,0.7,80.5,0.72,55.0,0.73,122.5,0.28,112.45,0.27,133.5,0.29,5.24,0.3,39.66,0.01,0.01,2360.987567,1776286285000
1776286288.958,88.958,0.7,115.04,0.69,60.0,0.71,197.59,0.72,169.5,0.28,55.0,0.27,122.5,0.29,87.34,0.3,80.5,0.01,0.01,2361.175055,1776286287000
1776286289.304,89.304,0.7,115.04,0.69,60.0,0.71,199.18,0.72,169.5,0.29,197.59,0.28,169.5,0.3,115.04,0.31,60.0,0.01,0.01,2361.175055,1776286287000
1776286292.961,92.961,0.7,10.0,0.69,65.0,0.71,51.45,0.72,109.5,0.29,208.78,0.28,169.5,0.3,115.04,0.31,60.0,0.01,0.01,2361.109186,1776286291000
1776286294.038,94.038,0.7,10.0,0.69,60.0,0.71,60.11,0.72,135.5,0.29,51.45,0.28,109.5,0.3,10.0,0.31,65.0,0.01,0.01,2361.127208,1776286292000
1776286294.315,94.315,0.7,58.79,0.69,60.0,0.71,65.11,0.72,102.5,0.29,60.11,0.28,135.5,0.3,10.0,0.31,60.0,0.01,0.01,2361.104603,1776286293000
1776286295.88,95.88,0.7,57.12,0.69,127.9,0.71,48.0,0.72,99.0,0.29,65.11,0.28,102.5,0.3,58.79,0.31,60.0,0.01,0.01,2361.118314,1776286294000
1776286296.912,96.912,0.7,62.12,0.69,127.9,0.71,31.26,0.72,99.0,0.29,48.0,0.28,99.0,0.3,57.12,0.31,127.9,0.01,0.01,2361.112636,1776286295000
1776286301.807,101.807,0.7,19.04,0.69,10.0,0.71,245.5,0.72,118.5,0.29,31.26,0.28,99.0,0.3,62.12,0.31,127.9,0.01,0.01,2361.110049,1776286300000
1776286302.112,102.112,0.69,69.5,0.68,69.5,0.7,75.0,0.71,98.0,0.3,34.0,0.29,241.5,0.32,54.0,0.33,70.5,0.01,0.02,2361.110049,1776286300000
1776286302.363,102.363,0.69,88.5,0.68,74.5,0.7,10.0,0.71,107.0,0.3,75.0,0.29,98.0,0.31,69.5,0.32,69.5,0.01,0.01,2361.110049,1776286300000
1776286303.049,103.049,0.69,88.0,0.68,74.5,0.7,21.44,0.71,112.0,0.3,10.0,0.29,100.0,0.31,77.5,0.32,74.5,0.01,0.01,2361.111392,1776286302000
1776286303.371,103.371,0.69,88.0,0.68,79.5,0.71,50.0,0.72,116.0,0.3,21.44,0.29,112.0,0.31,88.0,0.32,74.5,0.02,0.01,2361.111392,1776286302000
1776286307.655,107.655,0.66,10.0,0.65,20.0,0.68,115.5,0.69,110.5,0.29,50.0,0.28,116.0,0.31,88.0,0.32,79.5,0.02,0.02,2360.995792,1776286306000
1776286308.415,108.415,0.65,106.5,0.64,159.5,0.66,55.0,0.67,101.0,0.32,115.5,0.31,110.5,0.34,10.0,0.35,20.0,0.01,0.02,2360.858117,1776286307000
1776286309.144,109.144,0.66,118.5,0.65,101.5,0.67,14.0,0.68,31.0,0.34,43.0,0.33,111.5,0.35,114.0,0.36,159.5,0.01,0.01,2360.858117,1776286307000
1776286309.647,109.647,0.67,13.28,0.66,162.5,0.68,10.0,0.69,96.0,0.33,14.0,0.32,31.0,0.34,118.5,0.35,101.5,0.01,0.01,2360.858117,1776286307000
1776286317.15,117.15,0.67,10.0,0.66,30.0,0.68,88.55,0.69,106.5,0.32,10.0,0.31,96.0,0.33,13.28,0.34,162.5,0.01,0.01,2360.81902,1776286315000
1776286319.074,119.074,0.67,36.0,0.66,30.0,0.68,87.07,0.69,106.5,0.32,88.55,0.31,106.5,0.33,6.0,0.34,30.0,0.01,0.01,2360.80889,1776286317000
1776286320.935,120.935,0.65,143.5,0.64,45.5,0.67,5.0,0.68,83.5,0.32,87.07,0.31,106.5,0.33,36.0,0.34,30.0,0.02,0.01,2360.791902,1776286319000
1776286328.617,128.617,0.72,23.0,0.71,85.5,0.73,110.0,0.74,171.5,0.33,5.0,0.32,83.5,0.35,143.5,0.36,45.5,0.01,0.02,2361.231795,1776286327000
1776286330.973,130.973,0.69,45.0,0.68,90.5,0.7,94.44,0.71,87.5,0.27,110.0,0.26,171.5,0.29,85.5,0.3,94.5,0.01,0.02,2361.235148,1776286329000
1776286331.427,131.427,0.69,45.0,0.68,90.5,0.7,87.29,0.71,147.5,0.3,94.44,0.29,87.5,0.31,45.0,0.32,90.5,0.01,0.01,2361.154407,1776286330000
1776286332.252,132.252,0.69,45.0,0.68,20.0,0.7,80.14,0.71,147.5,0.3,87.29,0.29,147.5,0.31,45.0,0.32,90.5,0.01,0.01,2361.154407,1776286330000
1776286332.929,132.929,0.69,45.0,0.68,70.0,0.7,83.71,0.71,147.5,0.3,80.14,0.29,147.5,0.31,45.0,0.32,20.0,0.01,0.01,2361.05111,1776286331000
1776286335.041,135.041,0.69,10.0,0.68,95.5,0.7,59.23,0.71,135.5,0.3,83.71,0.29,147.5,0.31,45.0,0.32,70.0,0.01,0.01,2360.89183,1776286333000
1776286336.071,136.071,0.69,61.46,0.68,100.5,0.7,51.63,0.71,135.5,0.3,59.23,0.29,135.5,0.31,10.0,0.32,95.5,0.01,0.01,2360.898011,1776286334000
1776286338.22,138.22,0.74,248.65,0.73,170.5,0.75,75.0,0.76,105.0,0.3,51.63,0.29,135.5,0.31,61.46,0.32,100.5,0.01,0.01,2360.910245,1776286336000
1776286342.852,142.852,0.74,257.65,0.73,170.5,0.75,80.0,0.76,111.0,0.25,75.0,0.24,105.0,0.26,248.65,0.27,170.5,0.01,0.01,2361.245525,1776286341000
1776286345.505,145.505,0.73,183.14,0.72,219.49,0.75,75.0,0.76,105.0,0.25,80.0,0.24,111.0,0.26,257.65,0.27,170.5,0.02,0.01,2361.236153,1776286344000
1776286350.547,150.547,0.75,155.07,0.74,178.44,0.76,55.0,0.77,125.5,0.25,75.0,0.24,105.0,0.27,183.14,0.28,219.49,0.01,0.02,2361.225077,1776286349000
1776286350.978,150.978,0.75,125.57,0.74,188.44,0.76,50.0,0.77,125.5,0.24,55.0,0.23,125.5,0.25,155.07,0.26,178.44,0.01,0.01,2361.225062,1776286350000
1776286353.981,153.981,0.76,134.0,0.75,52.57,0.77,65.5,0.78,132.5,0.24,50.0,0.23,125.5,0.25,125.57,0.26,188.44,0.01,0.01,2361.219419,1776286352000
1776286354.363,154.363,0.76,132.56,0.75,52.57,0.77,65.5,0.78,127.5,0.23,65.5,0.22,132.5,0.24,134.0,0.25,52.57,0.01,0.01,2361.224457,1776286353000
1776286354.583,154.583,0.76,127.56,0.75,62.57,0.77,64.2,0.78,127.5,0.23,65.5,0.22,127.5,0.24,132.56,0.25,52.57,0.01,0.01,2361.224457,1776286353000
1776286360.471,160.471,0.77,176.5,0.76,109.06,0.78,95.02,0.79,127.5,0.23,69.2,0.22,127.5,0.24,116.56,0.25,62.57,0.01,0.01,2361.248405,1776286359000
1776286365.221,165.221,0.75,27.1,0.73,10.0,0.76,228.5,0.77,32.5,0.22,95.02,0.21,127.5,0.23,176.5,0.24,109.06,0.01,0.01,2361.252909,1776286363000
1776286366.329,166.329,0.72,20.0,0.71,10.0,0.75,180.5,0.76,213.5,0.24,207.5,0.23,43.5,0.25,15.9,0.26,10.0,0.03,0.01,2361.23239,1776286365000
1776286368.776,168.776,0.72,51.84,0.71,25.5,0.73,66.64,0.74,70.5,0.25,180.5,0.24,213.5,0.28,20.0,0.29,10.0,0.01,0.03,2360.970504,1776286367000
1776286372.759,172.759,0.72,31.34,0.71,30.5,0.73,104.45,0.74,70.5,0.27,66.64,0.26,70.5,0.28,51.84,0.29,25.5,0.01,0.01,2360.92544,1776286371000
1776286374.953,174.953,0.72,36.34,0.71,25.5,0.73,97.58,0.74,70.5,0.27,104.45,0.26,70.5,0.28,31.34,0.29,30.5,0.01,0.01,2360.925029,1776286373000
1776286381.471,181.471,0.72,10.0,0.71,5.0,0.73,153.09,0.74,81.5,0.27,97.58,0.26,70.5,0.28,36.34,0.29,25.5,0.01,0.01,2360.872436,1776286380000
1776286381.681,181.681,0.65,8.19,0.6,65.0,0.71,36.3,0.72,25.0,0.29,50.0,0.28,25.0,0.35,8.19,0.38,85.0,0.06,0.06,2360.872436,1776286380000
1776286382.4,182.4,0.6,6.12,0.59,5.0,0.61,102.58,0.62,15.0,0.39,79.58,0.34,60.5,0.4,6.12,0.41,75.0,0.01,0.01,2360.845976,1776286381000
1776286382.608,182.608,0.59,15.5,0.58,20.5,0.6,23.88,0.61,16.17,0.39,26.17,0.38,5.0,0.4,6.12,0.41,5.0,0.01,0.01,2360.845976,1776286381000
1776286382.821,182.821,0.59,43.5,0.58,46.5,0.61,6.76,0.64,5.0,0.4,23.88,0.39,16.17,0.41,15.5,0.42,20.5,0.02,0.01,2360.845976,1776286381000
1776286383.03,183.03,0.6,43.5,0.59,30.5,0.62,2.07,0.63,10.0,0.39,8.7,0.38,10.0,0.4,43.5,0.41,30.5,0.02,0.01,2360.845976,1776286381000
1776286383.566,183.566,0.61,118.52,0.6,35.5,0.67,5.0,0.7,40.0,0.36,7.22,0.35,10.0,0.4,43.5,0.41,30.5,0.06,0.04,2360.159899,1776286382000
1776286383.797,183.797,0.66,37.5,0.65,15.5,0.67,20.0,0.68,10.0,0.33,5.0,0.3,40.0,0.39,118.52,0.4,35.5,0.01,0.06,2360.159899,1776286382000
1776286384.146,184.146,0.66,28.5,0.65,22.5,0.67,5.11,0.68,10.0,0.33,20.0,0.32,10.0,0.34,37.5,0.35,15.5,0.01,0.01,2360.159899,1776286382000
1776286384.459,184.459,0.66,48.5,0.65,22.5,0.67,3.61,0.68,10.0,0.33,5.11,0.32,10.0,0.34,28.5,0.35,22.5,0.01,0.01,2360.051099,1776286383000
1776286385.236,185.236,0.66,113.5,0.65,38.5,0.67,3.61,0.68,10.0,0.33,3.61,0.32,10.0,0.34,48.5,0.35,22.5,0.01,0.01,2360.351773,1776286384000
1776286385.734,185.734,0.66,113.5,0.65,38.5,0.67,0.22,0.68,10.0,0.33,1.72,0.32,10.0,0.34,108.5,0.35,38.5,0.01,0.01,2360.351773,1776286384000
1776286386.059,186.059,0.66,64.08,0.65,93.5,0.67,0.22,0.68,10.0,0.33,0.22,0.32,10.0,0.34,113.5,0.35,38.5,0.01,0.01,2360.351773,1776286384000
1776286386.339,186.339,0.66,17.1,0.65,82.5,0.67,0.22,0.68,10.0,0.33,0.22,0.32,10.0,0.34,17.6,0.35,82.5,0.01,0.01,2360.547946,1776286385000
1776286386.765,186.765,0.65,102.35,0.64,16.0,0.66,10.0,0.67,11.22,0.33,0.22,0.32,21.0,0.35,82.5,0.36,5.0,0.01,0.02,2360.547946,1776286385000
1776286387.762,187.762,0.65,107.85,0.64,26.0,0.67,11.22,0.68,21.0,0.34,10.0,0.33,11.22,0.35,102.35,0.36,16.0,0.02,0.01,2360.54713,1776286386000
1776286388.159,188.159,0.65,58.9,0.64,96.54,0.67,0.22,0.68,15.0,0.33,11.22,0.32,21.0,0.35,107.85,0.36,26.0,0.02,0.02,2360.54713,1776286386000
1776286388.549,188.549,0.65,63.68,0.64,96.54,0.66,10.0,0.67,0.22,0.33,0.22,0.32,15.0,0.35,58.9,0.36,96.54,0.01,0.02,2360.54713,1776286386000
1776286389.265,189.265,0.65,50.0,0.63,99.75,0.66,4.92,0.67,0.22,0.34,4.92,0.33,0.22,0.35,75.0,0.36,103.62,0.01,0.01,2360.576242,1776286388000
1776286390.429,190.429,0.65,54.0,0.64,71.0,0.66,4.92,0.67,0.22,0.34,4.92,0.33,0.22,0.35,50.0,0.37,49.75,0.01,0.01,2360.590824,1776286389000
1776286390.684,190.684,0.67,54.86,0.65,49.0,0.68,10.0,0.69,15.0,0.32,15.0,0.31,15.0,0.33,50.86,0.35,39.0,0.01,0.01,2360.590824,1776286389000
1776286390.893,190.893,0.67,33.86,0.65,60.0,0.68,21.0,0.69,26.0,0.32,21.0,0.31,26.0,0.33,40.86,0.35,60.0,0.01,0.01,2360.590824,1776286389000
1776286391.313,191.313,0.67,5.86,0.66,10.0,0.69,23.45,0.7,51.0,0.31,42.0,0.3,51.0,0.33,5.86,0.35,38.0,0.02,0.02,2360.634905,1776286390000
1776286391.554,191.554,0.67,49.86,0.66,60.0,0.68,10.0,0.69,7.45,0.31,23.45,0.3,51.0,0.33,5.86,0.34,10.0,0.01,0.02,2360.634905,1776286390000
1776286395.516,195.516,0.69,219.35,0.68,116.0,0.7,35.0,0.71,21.0,0.32,10.0,0.31,7.45,0.33,43.86,0.34,60.0,0.01,0.01,2360.620316,1776286394000
1776286396.065,196.065,0.69,209.35,0.68,116.0,0.7,0.1,0.71,11.0,0.3,4.96,0.29,11.0,0.31,224.35,0.32,116.0,0.01,0.01,2360.620316,1776286394000
1776286396.433,196.433,0.69,265.35,0.68,116.0,0.71,4.44,0.72,45.0,0.3,0.1,0.29,11.0,0.31,209.35,0.32,116.0,0.02,0.01,2360.711175,1776286395000
1776286396.805,196.805,0.7,138.0,0.69,149.26,0.72,20.0,0.73,18.3,0.29,4.44,0.28,45.0,0.31,265.35,0.32,116.0,0.02,0.02,2360.711175,1776286395000
1776286397.729,197.729,0.75,48.29,0.74,122.0,0.76,11.5,0.77,98.0,0.28,20.0,0.27,18.3,0.3,138.0,0.31,149.26,0.01,0.02,2360.70788,1776286396000
1776286398.618,198.618,0.76,94.0,0.75,104.29,0.79,75.0,0.81,25.0,0.24,11.5,0.23,98.0,0.25,48.29,0.26,122.0,0.03,0.01,2360.807555,1776286397000
1776286398.967,198.967,0.84,96.0,0.83,20.0,0.85,2.67,0.86,50.0,0.15,60.0,0.14,50.0,0.16,28.17,0.17,35.0,0.01,0.01,2360.807555,1776286397000
1776286399.733,199.733,0.91,28.33,0.9,38.0,0.93,53.0,0.94,15.0,0.09,14.9,0.07,110.0,0.14,47.33,0.16,96.0,0.02,0.05,2360.810338,1776286398000
1776286399.983,199.983,0.92,20.0,0.91,18.33,0.94,9.9,0.95,30.0,0.06,2.91,0.05,30.0,0.08,15.0,0.09,18.33,0.02,0.02,2360.810338,1776286398000
1776286400.417,200.417,0.93,5.0,0.92,20.0,0.94,15.02,0.95,30.0,0.06,8.83,0.05,30.0,0.07,5.0,0.08,20.0,0.01,0.01,2360.810338,1776286398000
1776286400.912,200.912,0.93,23.69,0.92,30.0,0.95,27.27,0.96,123.8,0.05,27.27,0.04,123.8,0.07,10.0,0.08,25.0,0.02,0.02,2361.237299,1776286399000
1776286401.24,201.24,0.93,33.4,0.92,25.0,0.95,27.27,0.96,30.0,0.05,27.27,0.04,123.8,0.07,23.69,0.08,30.0,0.02,0.02,2362.062195,1776286400000
1776286401.572,201.572,0.93,33.4,0.92,25.0,0.96,27.87,0.97,449.7,0.05,7.27,0.04,30.0,0.07,33.4,0.08,25.0,0.03,0.02,2362.062195,1776286400000
1776286401.819,201.819,0.93,43.4,0.92,20.0,0.95,4.73,0.96,21.87,0.04,21.87,0.03,326.0,0.07,38.4,0.08,20.0,0.02,0.03,2362.062195,1776286400000
1776286402.183,202.183,0.94,25.0,0.93,23.0,0.95,113.83,0.96,16.13,0.04,16.13,0.03,326.0,0.06,10.0,0.07,30.0,0.01,0.02,2362.062195,1776286400000
1776286402.452,202.452,0.94,14.85,0.93,10.0,0.95,83.61,0.96,16.13,0.05,173.61,0.04,16.13,0.06,19.9,0.07,10.0,0.01,0.01,2362.536532,1776286401000
1776286402.671,202.671,0.94,19.85,0.93,10.0,0.95,77.95,0.96,16.13,0.05,83.61,0.04,16.13,0.06,14.85,0.07,10.0,0.01,0.01,2362.536532,1776286401000
1776286403.005,203.005,0.94,19.85,0.93,10.0,0.95,71.89,0.96,16.13,0.05,77.95,0.04,16.13,0.06,19.85,0.07,10.0,0.01,0.01,2362.536532,1776286401000
1776286403.992,203.992,0.94,24.85,0.93,10.0,0.95,70.61,0.96,16.13,0.05,66.67,0.04,16.13,0.06,19.85,0.07,10.0,0.01,0.01,2362.846076,1776286402000
1776286404.218,204.218,0.94,19.85,0.93,16.0,0.95,55.13,0.96,16.13,0.05,60.35,0.04,16.13,0.06,19.85,0.07,10.0,0.01,0.01,2362.886896,1776286403000
1776286404.789,204.789,0.94,24.85,0.93,46.0,0.96,13.03,0.97,332.0,0.05,55.13,0.04,16.13,0.06,19.85,0.07,16.0,0.02,0.01,2362.886896,1776286403000
1776286404.996,204.996,0.96,13.02,0.94,24.85,0.97,332.0,0.98,443.7,0.04,11.98,0.03,332.0,0.06,29.85,0.07,46.0,0.01,0.02,2362.886896,1776286403000
1776286406.114,206.114,0.96,138.02,0.95,50.0,0.97,455.54,0.98,449.7,0.03,332.0,0.02,443.7,0.04,13.02,0.06,24.85,0.01,0.01,2362.786166,1776286404000
1776286406.515,206.515,0.96,113.02,0.95,50.0,0.97,442.48,0.98,460.7,0.03,438.52,0.02,449.7,0.04,138.02,0.05,50.0,0.01,0.01,2362.801765,1776286405000
1776286408.935,208.935,0.96,118.02,0.95,90.98,0.97,430.44,0.98,493.7,0.03,442.48,0.02,460.7,0.04,113.02,0.05,50.0,0.01,0.01,2362.98766,1776286407000
1776286409.161,209.161,0.96,108.02,0.95,50.0,0.97,422.34,0.98,516.7,0.03,429.4,0.02,493.7,0.04,118.02,0.05,90.98,0.01,0.01,2362.98766,1776286407000
1776286411.283,211.283,0.96,104.02,0.95,50.0,0.97,317.34,0.98,443.7,0.03,422.34,0.02,541.7,0.04,49.02,0.05,55.0,0.01,0.01,2362.843335,1776286410000
1776286412.987,212.987,0.96,223.01,0.95,125.71,0.97,207.34,0.98,260.0,0.03,317.34,0.02,443.7,0.04,104.02,0.05,50.0,0.01,0.01,2362.760363,1776286411000
1776286414.701,214.701,0.96,161.01,0.95,110.71,0.97,185.27,0.98,443.7,0.03,182.34,0.02,260.0,0.04,223.01,0.05,125.71,0.01,0.01,2362.783615,1776286413000
1776286415.508,215.508,0.96,66.02,0.95,61.0,0.97,337.97,0.98,547.7,0.03,185.27,0.02,443.7,0.04,161.01,0.05,110.71,0.01,0.01,2362.783615,1776286413000
1776286415.806,215.806,0.96,86.02,0.95,78.71,0.97,181.14,0.98,898.7,0.03,337.97,0.02,547.7,0.04,66.02,0.05,61.0,0.01,0.01,2363.025166,1776286414000
1776286416.967,216.967,0.96,96.02,0.95,188.51,0.97,173.03,0.98,572.7,0.03,179.07,0.02,1032.7,0.04,86.02,0.05,78.71,0.01,0.01,2362.914643,1776286416000
1776286419.256,219.256,0.96,194.0,0.95,177.51,0.97,153.03,0.98,443.7,0.03,173.03,0.02,572.7,0.04,96.02,0.05,188.51,0.01,0.01,2362.758689,1776286418000
1776286420.307,220.307,0.96,281.43,0.95,238.51,0.97,144.03,0.98,260.0,0.03,153.03,0.02,443.7,0.04,194.0,0.05,177.51,0.01,0.01,2362.760678,1776286419000
1776286421.192,221.192,0.96,152.52,0.95,244.51,0.97,144.03,0.98,266.0,0.03,144.03,0.02,260.0,0.04,281.43,0.05,238.51,0.01,0.01,2362.798288,1776286420000
1776286421.812,221.812,0.96,170.02,0.95,234.51,0.97,144.03,0.98,266.0,0.03,144.03,0.02,266.0,0.04,152.52,0.05,244.51,0.01,0.01,2362.798288,1776286420000
1776286422.219,222.219,0.96,170.02,0.95,234.51,0.97,129.02,0.98,266.0,0.03,144.03,0.02,266.0,0.04,170.02,0.05,234.51,0.01,0.01,2362.798288,1776286420000
1776286423.812,223.812,0.96,115.02,0.95,188.8,0.97,19.28,0.98,266.0,0.03,129.02,0.02,266.0,0.04,170.02,0.05,234.51,0.01,0.01,2363.059933,1776286422000
1776286425.388,225.388,0.97,5.92,0.96,120.02,0.98,266.0,0.99,2533.74,0.03,19.28,0.02,266.0,0.04,115.02,0.05,188.8,0.01,0.01,2363.114718,1776286424000
1776286426.183,226.183,0.97,202.47,0.96,126.02,0.98,271.0,0.99,2633.74,0.02,266.0,0.01,2533.74,0.03,5.92,0.04,120.02,0.01,0.01,2363.114718,1776286424000
1776286427.3,227.3,0.97,196.35,0.96,126.02,0.98,249.0,0.99,2833.74,0.02,268.96,0.01,2633.74,0.03,202.47,0.04,126.02,0.01,0.01,2362.817682,1776286426000
1776286429.562,229.562,0.97,211.66,0.96,137.02,0.98,247.97,0.99,2839.74,0.02,249.0,0.01,2833.74,0.03,196.35,0.04,126.02,0.01,0.01,2362.794852,1776286427000
1776286432.141,232.141,0.97,205.79,0.96,147.02,0.98,252.97,0.99,3058.74,0.02,247.97,0.01,2839.74,0.03,211.15,0.04,137.02,0.01,0.01,2362.821101,1776286431000
1776286433.242,233.242,0.97,216.79,0.96,197.02,0.98,236.31,0.99,3058.74,0.02,252.97,0.01,3058.74,0.03,205.79,0.04,147.02,0.01,0.01,2362.789667,1776286432000
1776286436.179,236.179,0.97,246.8,0.96,197.02,0.98,236.2,0.99,2998.74,0.02,236.31,0.01,3058.74,0.03,216.79,0.04,197.02,0.01,0.01,2362.802662,1776286434000
1776286437.924,237.924,0.97,270.8,0.96,197.02,0.98,102.49,0.99,2798.74,0.02,236.2,0.01,2998.74,0.03,246.8,0.04,197.02,0.01,0.01,2362.787969,1776286436000
1776286438.448,238.448,0.97,270.8,0.96,197.02,0.98,100.44,0.99,2798.74,0.02,102.49,0.01,2798.74,0.03,270.8,0.04,197.02,0.01,0.01,2362.787969,1776286436000
1776286439.106,239.106,0.97,266.03,0.96,197.02,0.98,100.44,0.99,2756.74,0.02,100.44,0.01,2798.74,0.03,270.8,0.04,197.02,0.01,0.01,2362.866175,1776286437000
1776286439.662,239.662,0.97,276.03,0.96,197.02,0.98,98.39,0.99,2756.74,0.02,100.44,0.01,2756.74,0.03,266.03,0.04,197.02,0.01,0.01,2362.794853,1776286438000
1776286440.308,240.308,0.97,276.03,0.96,202.02,0.98,96.56,0.99,2362.14,0.02,98.39,0.01,2756.74,0.03,276.03,0.04,197.02,0.01,0.01,2362.794853,1776286438000
1776286441.47,241.47,0.97,271.03,0.96,187.02,0.98,86.56,0.99,2398.14,0.02,91.56,0.01,2271.14,0.03,276.03,0.04,218.02,0.01,0.01,2362.81666,1776286440000
1776286441.815,241.815,0.97,266.03,0.96,187.02,0.98,84.51,0.99,2598.14,0.02,86.56,0.01,2398.14,0.03,271.03,0.04,187.02,0.01,0.01,2362.81666,1776286440000
1776286442.093,242.093,0.97,271.03,0.96,208.02,0.98,51.77,0.99,2598.14,0.02,84.51,0.01,2598.14,0.03,266.03,0.04,187.02,0.01,0.01,2362.81666,1776286440000
1776286442.495,242.495,0.97,261.24,0.96,208.02,0.98,51.77,0.99,2471.14,0.02,51.77,0.01,2598.14,0.03,271.03,0.04,208.02,0.01,0.01,2362.819005,1776286441000
1776286442.734,242.734,0.97,271.24,0.96,203.02,0.98,33.77,0.99,2471.14,0.02,51.77,0.01,2471.14,0.03,261.24,0.04,208.02,0.01,0.01,2362.819005,1776286441000
1776286443.394,243.394,0.97,192.53,0.96,203.02,0.98,32.1,0.99,2471.14,0.02,33.77,0.01,2471.14,0.03,266.24,0.04,203.02,0.01,0.01,2362.819005,1776286441000
1776286443.93,243.93,0.97,192.53,0.96,203.02,0.99,2402.24,,,0.02,32.1,0.01,2471.14,0.03,192.53,0.04,203.02,0.02,0.01,2362.961283,1776286442000
1776286444.225,244.225,0.97,192.53,0.96,213.02,0.98,6.91,0.99,2272.24,0.02,7.94,0.01,2272.24,0.03,197.53,0.04,203.02,0.01,0.01,2362.863725,1776286443000
1776286444.428,244.428,0.97,192.53,0.96,213.02,0.98,1.76,0.99,2272.24,0.02,2.79,0.01,2272.24,0.03,192.53,0.04,213.02,0.01,0.01,2362.863725,1776286443000
1776286445.279,245.279,0.98,303.93,0.97,280.96,0.99,2292.2,,,0.01,2261.22,,,0.02,100.24,0.03,286.24,0.01,0.01,2362.863725,1776286443000
1776286445.962,245.962,0.98,305.44,0.97,293.96,0.99,2271.08,,,0.01,2277.08,,,0.02,310.93,0.03,303.96,0.01,0.01,2362.866426,1776286444000
1776286446.622,246.622,0.98,317.14,0.97,293.96,0.99,2249.08,,,0.01,2271.08,,,0.02,305.44,0.03,293.96,0.01,0.01,2362.871603,1776286445000
1776286447.152,247.152,0.98,315.16,0.97,288.96,0.99,2198.58,,,0.01,2203.58,,,0.02,317.14,0.03,293.96,0.01,0.01,2362.849843,1776286446000
1776286449.606,249.606,0.98,252.69,0.97,289.96,0.99,2197.56,,,0.01,2198.58,,,0.02,315.16,0.03,288.96,0.01,0.01,2362.851846,1776286448000
1776286450.044,250.044,0.98,252.69,0.97,279.65,0.99,2082.56,,,0.01,2522.56,,,0.02,252.69,0.03,289.96,0.01,0.01,2362.851846,1776286448000
1776286451.265,251.265,0.98,278.88,0.97,279.65,0.99,1564.74,,,0.01,2085.56,,,0.02,252.69,0.03,279.65,0.01,0.01,2362.932239,1776286450000
1776286451.548,251.548,0.98,278.88,0.97,279.65,0.99,1558.74,,,0.01,1564.74,,,0.02,278.88,0.03,279.65,0.01,0.01,2362.932239,1776286450000
1776286451.877,251.877,0.98,278.88,0.97,279.65,0.99,1555.7,,,0.01,1557.72,,,0.02,278.88,0.03,279.65,0.01,0.01,2362.932239,1776286450000
1776286452.111,252.111,0.98,283.88,0.97,279.65,0.99,1551.48,,,0.01,1559.68,,,0.02,283.88,0.03,279.65,0.01,0.01,2362.932239,1776286450000
1776286452.396,252.396,0.98,258.88,0.97,279.65,0.99,1548.44,,,0.01,1544.46,,,0.02,258.88,0.03,279.65,0.01,0.01,2362.941414,1776286451000
1776286452.98,252.98,0.98,229.88,0.97,251.94,0.99,1539.3,,,0.01,1540.32,,,0.02,208.88,0.03,279.65,0.01,0.01,2362.941414,1776286451000
1776286453.232,253.232,0.98,229.88,0.97,251.94,0.99,1527.3,,,0.01,1539.3,,,0.02,229.88,0.03,251.94,0.01,0.01,2362.861037,1776286452000
1776286453.479,253.479,0.98,252.38,0.97,246.94,0.99,1517.19,,,0.01,1527.3,,,0.02,229.88,0.03,251.94,0.01,0.01,2362.861037,1776286452000
1776286454.703,254.703,0.98,252.38,0.97,245.94,0.99,1513.19,,,0.01,1517.19,,,0.02,252.38,0.03,246.94,0.01,0.01,2362.956844,1776286453000
1776286455.593,255.593,0.98,247.38,0.97,245.94,0.99,1503.19,,,0.01,1513.19,,,0.02,252.38,0.03,245.94,0.01,0.01,2362.867311,1776286454000
1776286456.252,256.252,0.98,284.38,0.97,245.94,0.99,1487.19,,,0.01,1503.19,,,0.02,247.38,0.03,245.94,0.01,0.01,2362.868668,1776286455000
1776286456.817,256.817,0.98,289.38,0.97,245.94,0.99,1479.19,,,0.01,1487.19,,,0.02,284.38,0.03,245.94,0.01,0.01,2362.868668,1776286455000
1776286457.025,257.025,0.98,289.38,0.97,245.94,0.99,1466.0,,,0.01,1479.19,,,0.02,289.38,0.03,245.94,0.01,0.01,2362.868668,1776286455000
1776286457.455,257.455,0.98,284.38,0.97,245.94,0.99,1303.0,,,0.01,1310.0,,,0.02,289.38,0.03,245.94,0.01,0.01,2362.869059,1776286456000
1776286459.235,259.235,0.98,217.38,0.97,240.94,0.99,1298.0,,,0.01,1303.0,,,0.02,284.38,0.03,245.94,0.01,0.01,2362.869705,1776286457000
1776286459.832,259.832,0.98,217.38,0.97,240.94,0.99,1197.0,,,0.01,1298.0,,,0.02,217.38,0.03,240.94,0.01,0.01,2362.8778,1776286458000
1776286460.517,260.517,0.98,212.38,0.97,240.94,0.99,1185.21,,,0.01,1197.0,,,0.02,217.38,0.03,240.94,0.01,0.01,2362.8778,1776286458000
1776286461.757,261.757,0.98,304.38,0.97,240.94,0.99,1178.19,,,0.01,1185.21,,,0.02,212.38,0.03,240.94,0.01,0.01,2362.615764,1776286460000
1776286462.239,262.239,0.98,304.38,0.97,240.94,0.99,1158.19,,,0.01,1178.19,,,0.02,304.38,0.03,240.94,0.01,0.01,2362.574857,1776286461000
1776286463.184,263.184,0.98,307.38,0.97,240.94,0.99,1128.19,,,0.01,1158.19,,,0.02,304.38,0.03,240.94,0.01,0.01,2362.64061,1776286462000
1776286463.479,263.479,0.98,307.38,0.97,229.94,0.99,1094.14,,,0.01,1123.14,,,0.02,369.38,0.03,229.94,0.01,0.01,2362.64061,1776286462000
1776286467.289,267.289,0.99,49.83,0.98,320.09,,,,,,,,,0.01,105.86,0.02,312.38,,,2362.79371,1776286466000
1776286480.869,280.869,0.99,7028.59,0.98,90.13,,,,,,,,,0.01,49.83,0.02,320.09,,,2362.83631,1776286479000
1776286488.078,288.078,0.99,7541.93,0.98,62.63,,,,,,,,,0.01,7028.59,0.02,90.13,,,2363.713171,1776286486000

# RESULT,winner=Up,slug=eth-updown-5m-1776286200,ticks=229
