timestamp,elapsed_sec,up_bid_p1,up_bid_s1,up_bid_p2,up_bid_s2,up_ask_p1,up_ask_s1,up_ask_p2,up_ask_s2,down_bid_p1,down_bid_s1,down_bid_p2,down_bid_s2,down_ask_p1,down_ask_s1,down_ask_p2,down_ask_s2,up_spread,down_spread,eth_price,eth_oracle_ts
1776209711.434,11.434,0.53,10.0,0.52,30.0,0.56,67.1,0.57,65.5,0.44,67.1,0.43,65.5,0.47,15.5,0.48,30.0,0.03,0.03,2323.62694,1776209710000
1776209711.74,11.74,0.53,20.5,0.52,40.5,0.55,8.0,0.56,52.1,0.44,67.1,0.43,65.5,0.47,15.5,0.48,30.0,0.02,0.03,2323.62694,1776209710000
1776209712.277,12.277,0.54,15.5,0.52,55.5,0.55,4.81,0.56,26.27,0.44,7.77,0.43,45.0,0.46,5.0,0.47,10.0,0.01,0.02,2323.66949,1776209711000
1776209712.631,12.631,0.52,45.5,0.51,50.96,0.53,39.08,0.54,15.0,0.47,10.97,0.45,10.0,0.48,40.5,0.49,50.96,0.01,0.01,2323.66949,1776209711000
1776209712.846,12.846,0.52,45.5,0.51,50.96,0.53,39.08,0.54,15.0,0.47,39.08,0.46,15.0,0.48,45.5,0.49,50.96,0.01,0.01,2323.643392,1776209712000
1776209713.749,13.749,0.52,30.65,0.51,63.96,0.53,54.08,0.54,25.0,0.47,34.08,0.46,25.0,0.48,15.9,0.49,55.96,0.01,0.01,2323.643392,1776209712000
1776209714.023,14.023,0.52,19.84,0.51,68.96,0.53,60.85,0.54,78.66,0.47,54.08,0.46,25.0,0.48,21.12,0.49,63.96,0.01,0.01,2323.56786,1776209713000
1776209714.354,14.354,0.51,63.96,0.5,141.0,0.52,11.2,0.53,50.85,0.48,11.4,0.47,65.85,0.49,63.96,0.5,141.0,0.01,0.01,2323.56786,1776209713000
1776209715.182,15.182,0.51,36.09,0.5,110.0,0.52,10.0,0.53,44.08,0.48,15.0,0.47,50.85,0.49,53.14,0.5,110.0,0.01,0.01,2323.56786,1776209713000
1776209715.595,15.595,0.49,45.0,0.48,55.48,0.51,27.5,0.52,68.5,0.48,10.0,0.47,44.08,0.49,36.09,0.5,110.0,0.02,0.01,2323.568417,1776209714000
1776209715.95,15.95,0.48,10.98,0.47,165.5,0.49,71.82,0.5,21.0,0.49,27.5,0.48,68.5,0.51,45.0,0.52,55.48,0.01,0.02,2323.568417,1776209714000
1776209716.18,16.18,0.48,25.0,0.47,175.5,0.49,33.24,0.5,26.0,0.51,61.2,0.5,26.0,0.52,0.98,0.53,165.5,0.01,0.01,2323.568417,1776209714000
1776209716.492,16.492,0.48,67.0,0.47,183.5,0.51,10.0,0.52,35.0,0.51,33.24,0.5,26.0,0.52,25.0,0.53,175.5,0.03,0.01,2323.568417,1776209714000
1776209716.833,16.833,0.5,12.44,0.49,15.0,0.51,15.0,0.52,35.0,0.49,10.0,0.48,35.0,0.52,67.0,0.53,183.5,0.01,0.03,2323.541096,1776209715000
1776209717.216,17.216,0.5,10.24,0.49,15.0,0.51,15.0,0.52,35.0,0.49,15.0,0.48,35.0,0.5,10.24,0.51,15.0,0.01,0.01,2323.465826,1776209716000
1776209717.823,17.823,0.5,28.02,0.49,25.0,0.51,10.0,0.52,40.0,0.49,20.0,0.48,35.0,0.5,45.84,0.51,20.0,0.01,0.01,2323.465826,1776209716000
1776209718.341,18.341,0.5,28.02,0.49,25.0,0.51,10.0,0.52,40.0,0.49,10.0,0.48,40.0,0.5,28.02,0.51,25.0,0.01,0.01,2323.391415,1776209717000
1776209718.649,18.649,0.49,2.96,0.47,102.0,0.51,15.0,0.52,50.0,0.49,10.0,0.48,40.0,0.5,28.02,0.51,25.0,0.02,0.01,2323.391415,1776209717000
1776209718.912,18.912,0.44,110.0,0.43,200.0,0.47,8.73,0.5,14.8,0.53,8.73,0.5,14.8,0.56,110.0,0.57,200.0,0.03,0.03,2323.581675,1776209718000
1776209719.355,19.355,0.44,10.0,0.43,200.0,0.45,21.55,0.46,28.0,0.53,8.73,0.5,14.8,0.56,110.0,0.57,200.0,0.01,0.03,2323.581675,1776209718000
1776209719.715,19.715,0.43,190.14,0.42,150.0,0.44,16.0,0.45,15.55,0.55,21.55,0.54,28.0,0.56,10.0,0.57,200.0,0.01,0.01,2323.581675,1776209718000
1776209720.001,20.001,0.43,190.14,0.42,150.0,0.44,16.0,0.45,15.55,0.56,16.0,0.55,15.55,0.57,190.14,0.58,150.0,0.01,0.01,2323.30338,1776209719000
1776209720.741,20.741,0.36,190.37,0.35,25.0,0.37,15.0,0.38,15.0,0.56,16.0,0.55,15.55,0.57,190.14,0.58,150.0,0.01,0.01,2323.30338,1776209719000
1776209721.003,21.003,0.36,184.56,0.35,25.0,0.37,15.0,0.38,15.0,0.63,15.0,0.62,15.0,0.64,190.37,0.65,25.0,0.01,0.01,2323.30338,1776209719000
1776209721.396,21.396,0.36,34.14,0.34,202.0,0.38,15.48,0.39,16.0,0.63,1.48,0.62,20.0,0.64,34.14,0.65,25.0,0.02,0.01,2322.85956,1776209720000
1776209721.71,21.71,0.37,5.0,0.36,70.0,0.38,2.66,0.39,10.0,0.62,15.48,0.61,16.0,0.64,34.14,0.66,202.0,0.01,0.02,2322.85956,1776209720000
1776209722.0,22.0,0.42,9.4,0.41,70.0,0.43,1.72,0.44,23.0,0.57,13.34,0.56,23.0,0.58,15.3,0.59,82.19,0.01,0.01,2322.85956,1776209720000
1776209722.304,22.304,0.42,2.12,0.41,70.0,0.43,11.72,0.44,23.0,0.57,11.72,0.56,23.0,0.58,2.12,0.59,70.0,0.01,0.01,2322.574773,1776209721000
1776209722.554,22.554,0.43,13.07,0.42,82.12,0.46,15.0,0.47,116.0,0.56,10.0,0.54,5.0,0.57,13.07,0.58,87.12,0.03,0.01,2322.574773,1776209721000
1776209723.441,23.441,0.44,10.0,0.43,13.07,0.45,1.59,0.46,5.0,0.55,1.59,0.54,5.0,0.56,10.0,0.57,13.07,0.01,0.01,2322.392574,1776209722000
1776209723.903,23.903,0.43,2.0,0.42,72.12,0.45,15.0,0.47,10.0,0.55,15.0,0.53,10.0,0.57,2.0,0.58,72.12,0.02,0.02,2322.78805,1776209723000
1776209724.189,24.189,0.47,7.88,0.46,15.0,0.48,5.0,0.5,142.98,0.55,15.0,0.53,10.0,0.57,2.0,0.58,72.12,0.01,0.02,2322.78805,1776209723000
1776209724.42,24.42,0.47,7.88,0.46,15.0,0.48,5.0,0.49,15.0,0.52,5.0,0.5,142.98,0.53,7.88,0.54,15.0,0.01,0.01,2322.78805,1776209723000
1776209724.989,24.989,0.47,7.88,0.46,15.0,0.48,5.0,0.49,15.0,0.52,5.0,0.51,15.0,0.53,7.88,0.54,15.0,0.01,0.01,2323.011489,1776209724000
1776209725.351,25.351,0.47,35.0,0.46,60.0,0.5,15.98,0.51,10.0,0.52,5.0,0.51,15.0,0.53,7.88,0.54,15.0,0.03,0.01,2323.011489,1776209724000
1776209725.592,25.592,0.47,40.0,0.46,60.0,0.53,13.61,0.54,116.0,0.47,20.97,0.46,116.0,0.53,35.0,0.54,60.0,0.06,0.06,2323.011489,1776209724000
1776209725.9,25.9,0.52,9.37,0.51,10.0,0.54,11.0,0.55,175.0,0.46,105.62,0.45,275.0,0.47,10.0,0.48,10.0,0.02,0.01,2323.011489,1776209724000
1776209726.128,26.128,0.52,9.37,0.51,10.0,0.54,11.0,0.55,175.0,0.46,11.0,0.45,175.0,0.48,9.37,0.49,10.0,0.02,0.02,2323.144712,1776209725000
1776209726.382,26.382,0.51,7.71,0.5,10.0,0.52,0.18,0.53,7.0,0.48,0.18,0.47,17.0,0.51,10.0,0.52,97.69,0.01,0.03,2323.144712,1776209725000
1776209726.736,26.736,0.51,7.71,0.5,10.0,0.53,7.0,0.54,20.0,0.48,0.18,0.47,7.0,0.49,7.71,0.5,10.0,0.02,0.01,2323.144712,1776209725000
1776209727.098,27.098,0.52,7.81,0.51,10.0,0.54,19.27,0.55,185.0,0.46,19.27,0.45,185.0,0.48,10.0,0.49,10.0,0.02,0.02,2323.144712,1776209725000
1776209727.928,27.928,0.52,7.81,0.51,10.0,0.53,17.0,0.54,14.27,0.46,19.27,0.45,185.0,0.5,10.0,0.51,15.0,0.01,0.04,2323.216696,1776209726000
1776209728.136,28.136,0.53,7.87,0.52,7.81,0.54,10.0,0.55,175.0,0.47,16.0,0.46,14.27,0.48,7.81,0.49,15.0,0.01,0.01,2323.216696,1776209726000
1776209728.45,28.45,0.54,4.78,0.53,7.87,0.55,175.0,0.56,35.0,0.46,10.0,0.45,175.0,0.47,7.87,0.48,7.81,0.01,0.01,2323.515664,1776209727000
1776209728.907,28.907,0.54,27.0,0.53,5.0,0.55,284.0,0.56,118.88,0.45,362.0,0.44,126.0,0.46,34.49,0.47,12.87,0.01,0.01,2323.515664,1776209727000
1776209729.19,29.19,0.54,29.0,0.53,15.0,0.55,279.0,0.56,108.88,0.45,264.0,0.44,113.88,0.46,27.0,0.47,15.0,0.01,0.01,2323.515664,1776209727000
1776209730.111,30.111,0.54,17.6,0.52,5.0,0.55,72.0,0.56,90.0,0.45,279.0,0.44,108.88,0.46,29.0,0.47,15.0,0.01,0.01,2323.443017,1776209728000
1776209730.344,30.344,0.47,3.96,0.46,10.73,0.49,8.57,0.5,18.0,0.45,72.0,0.44,100.0,0.53,3.96,0.54,10.73,0.02,0.08,2323.443017,1776209728000
1776209730.674,30.674,0.48,15.0,0.47,13.96,0.54,68.14,0.55,177.61,0.51,4.4,0.5,18.0,0.53,3.96,0.54,10.73,0.06,0.02,2323.443017,1776209728000
1776209731.038,31.038,0.52,10.0,0.51,10.0,0.53,22.62,0.54,76.14,0.46,68.14,0.45,177.61,0.52,14.06,0.53,13.96,0.01,0.06,2323.443017,1776209728000
1776209731.578,31.578,0.52,3.12,0.51,10.0,0.53,19.62,0.54,76.14,0.47,19.62,0.46,76.14,0.48,10.0,0.49,10.0,0.01,0.01,2323.443017,1776209728000
1776209732.204,32.204,0.52,9.0,0.51,7.24,0.54,98.14,0.55,167.61,0.47,19.62,0.46,76.14,0.49,2.24,0.5,10.0,0.02,0.02,2323.537442,1776209730000
1776209732.664,32.664,0.53,5.0,0.52,9.0,0.54,108.14,0.55,167.61,0.46,108.14,0.45,167.61,0.47,5.0,0.48,9.0,0.01,0.01,2323.226575,1776209731000
1776209732.865,32.865,0.53,6.17,0.52,9.0,0.54,10.0,0.55,92.0,0.46,108.14,0.45,167.61,0.47,5.0,0.48,9.0,0.01,0.01,2323.226575,1776209731000
1776209733.238,33.238,0.53,3.93,0.52,14.0,0.54,2.0,0.55,75.0,0.46,2.0,0.45,75.0,0.47,11.17,0.48,14.0,0.01,0.01,2323.226575,1776209731000
1776209733.514,33.514,0.53,70.43,0.52,38.5,0.57,95.0,0.58,180.0,0.46,2.0,0.45,75.0,0.47,3.93,0.48,14.0,0.04,0.01,2323.226575,1776209731000
1776209734.17,34.17,0.55,95.34,0.54,43.5,0.57,126.75,0.58,175.0,0.43,95.0,0.42,180.0,0.44,5.0,0.45,10.0,0.02,0.01,2323.35185,1776209732000
1776209734.558,34.558,0.55,136.88,0.54,30.5,0.58,201.0,0.59,135.0,0.42,175.0,0.41,125.0,0.44,9.77,0.45,149.88,0.03,0.02,2323.35185,1776209732000
1776209734.938,34.938,0.55,122.38,0.54,30.5,0.56,41.21,0.57,98.22,0.42,195.0,0.41,145.5,0.45,116.88,0.46,30.5,0.01,0.03,2323.44228,1776209733000
1776209735.218,35.218,0.55,109.59,0.54,30.5,0.56,65.0,0.57,123.22,0.44,31.21,0.43,98.22,0.45,122.38,0.46,30.5,0.01,0.01,2323.44228,1776209733000
1776209735.526,35.526,0.55,64.62,0.53,10.0,0.56,230.1,0.57,131.22,0.44,125.1,0.43,123.22,0.45,74.62,0.47,10.0,0.01,0.01,2323.44228,1776209733000
1776209736.071,36.071,0.49,50.0,0.48,5.0,0.5,28.8,0.51,40.0,0.44,205.1,0.43,131.22,0.47,9.54,0.5,70.0,0.01,0.03,2323.57202,1776209734000
1776209736.309,36.309,0.49,5.0,0.47,60.0,0.5,43.8,0.51,98.0,0.5,28.8,0.49,40.0,0.51,50.0,0.52,5.0,0.01,0.01,2323.57202,1776209734000
1776209736.602,36.602,0.47,60.0,0.46,10.88,0.5,73.9,0.51,98.0,0.5,95.9,0.49,98.0,0.53,60.0,0.54,10.88,0.03,0.03,2323.7976,1776209735000
1776209736.832,36.832,0.46,5.88,0.45,25.0,0.49,15.0,0.5,134.9,0.5,95.9,0.49,98.0,0.53,60.0,0.54,10.88,0.03,0.03,2323.7976,1776209735000
1776209737.301,37.301,0.46,3.84,0.44,25.0,0.47,20.65,0.48,91.68,0.51,108.0,0.5,43.0,0.54,3.84,0.56,50.0,0.01,0.03,2323.7976,1776209735000
1776209737.791,37.791,0.44,25.0,0.43,105.0,0.45,7.0,0.46,10.0,0.55,7.0,0.54,10.0,0.56,25.0,0.57,105.0,0.01,0.01,2323.712559,1776209736000
1776209738.237,38.237,0.44,50.0,0.43,122.0,0.48,8.85,0.49,45.0,0.55,7.0,0.54,10.0,0.56,25.0,0.57,105.0,0.04,0.01,2323.712559,1776209736000
1776209738.797,38.797,0.45,2.28,0.44,56.0,0.48,6.51,0.49,45.0,0.52,6.51,0.51,45.0,0.55,2.28,0.56,56.0,0.03,0.03,2323.040536,1776209737000
1776209739.044,39.044,0.45,37.28,0.44,35.0,0.46,14.89,0.47,45.94,0.52,6.51,0.51,45.0,0.55,2.28,0.56,56.0,0.01,0.03,2323.040536,1776209737000
1776209739.678,39.678,0.45,35.28,0.44,45.5,0.46,14.89,0.47,45.94,0.54,14.89,0.53,45.94,0.55,37.28,0.56,35.0,0.01,0.01,2323.040536,1776209737000
1776209740.076,40.076,0.45,55.28,0.44,45.5,0.46,4.02,0.47,45.94,0.54,14.89,0.53,45.94,0.55,35.28,0.56,45.5,0.01,0.01,2322.987295,1776209738000
1776209740.677,40.677,0.44,25.0,0.43,35.0,0.46,53.0,0.47,15.0,0.54,4.02,0.53,20.0,0.55,40.28,0.56,45.5,0.02,0.01,2322.987295,1776209738000
1776209741.046,41.046,0.39,13.0,0.38,25.0,0.4,155.53,0.41,38.5,0.58,7.88,0.57,8.77,0.59,50.0,0.6,100.0,0.01,0.01,2323.046353,1776209739000
1776209741.343,41.343,0.38,30.0,0.37,155.0,0.4,150.03,0.41,35.5,0.6,140.53,0.59,38.5,0.61,2.0,0.62,25.0,0.02,0.01,2323.046353,1776209739000
1776209741.883,41.883,0.37,145.0,0.36,213.0,0.39,20.0,0.4,125.53,0.61,20.0,0.6,125.53,0.63,145.0,0.64,213.0,0.02,0.02,2323.037249,1776209740000
1776209742.633,42.633,0.36,26.68,0.35,25.0,0.37,102.08,0.38,58.5,0.63,16.58,0.62,50.5,0.64,246.0,0.65,39.0,0.01,0.01,2323.037249,1776209740000
1776209742.928,42.928,0.36,1.28,0.35,25.0,0.37,81.13,0.38,48.5,0.63,111.13,0.62,58.5,0.64,26.68,0.65,25.0,0.01,0.01,2322.99636,1776209741000
1776209743.531,43.531,0.35,25.0,0.34,133.0,0.37,81.13,0.38,48.5,0.63,81.13,0.62,48.5,0.65,25.0,0.66,133.0,0.02,0.02,2322.512087,1776209742000
1776209744.209,44.209,0.35,25.0,0.34,133.0,0.37,81.13,0.38,48.5,0.63,81.13,0.62,48.5,0.65,25.0,0.66,133.0,0.02,0.02,2322.406866,1776209743000
1776209744.699,44.699,0.34,133.0,0.33,120.0,0.35,15.63,0.36,35.5,0.64,35.5,0.63,86.13,0.65,23.46,0.66,133.0,0.01,0.01,2322.406866,1776209743000
1776209745.063,45.063,0.34,5.96,0.33,95.0,0.35,15.63,0.36,40.5,0.65,15.63,0.64,35.5,0.66,115.0,0.67,120.0,0.01,0.01,2322.406866,1776209743000
1776209745.572,45.572,0.34,5.96,0.33,95.0,0.35,15.63,0.36,40.5,0.65,15.63,0.64,40.5,0.66,5.96,0.67,95.0,0.01,0.01,2322.302113,1776209744000
1776209746.128,46.128,0.34,4.44,0.33,60.0,0.35,65.13,0.36,40.5,0.65,15.63,0.64,40.5,0.66,5.96,0.67,95.0,0.01,0.01,2322.302113,1776209744000
1776209746.389,46.389,0.34,107.44,0.33,160.0,0.35,70.13,0.36,40.5,0.65,65.13,0.64,40.5,0.66,4.44,0.67,60.0,0.01,0.01,2322.302113,1776209744000
1776209746.984,46.984,0.34,107.44,0.33,160.0,0.35,70.13,0.36,40.5,0.65,70.13,0.64,40.5,0.66,107.44,0.67,160.0,0.01,0.01,2322.31345,1776209746000
1776209748.421,48.421,0.34,4.44,0.33,60.0,0.35,93.44,0.36,40.5,0.65,93.44,0.64,40.5,0.66,4.44,0.67,60.0,0.01,0.01,2322.239199,1776209747000
1776209749.07,49.07,0.34,239.28,0.33,113.5,0.37,66.58,0.38,15.0,0.65,93.44,0.64,40.5,0.66,4.44,0.67,60.0,0.03,0.01,2322.239199,1776209747000
1776209749.362,49.362,0.36,213.0,0.35,28.0,0.38,6.13,0.39,15.0,0.63,53.66,0.62,15.0,0.64,176.0,0.65,23.0,0.02,0.01,2322.236488,1776209748000
1776209749.681,49.681,0.37,137.0,0.36,86.0,0.4,10.04,0.41,150.0,0.62,2.57,0.61,15.0,0.64,190.0,0.65,60.0,0.03,0.02,2322.236488,1776209748000
1776209750.007,50.007,0.38,72.08,0.37,39.08,0.39,4.0,0.4,15.04,0.61,10.0,0.6,15.04,0.62,31.08,0.63,33.58,0.01,0.01,2322.236488,1776209748000
1776209750.637,50.637,0.38,82.08,0.37,39.08,0.4,9.04,0.41,160.5,0.61,4.0,0.6,15.04,0.62,72.08,0.63,39.08,0.02,0.01,2322.236488,1776209748000
1776209750.843,50.843,0.38,95.96,0.37,39.08,0.39,45.0,0.4,4.04,0.6,9.04,0.59,160.5,0.62,82.08,0.63,39.08,0.01,0.02,2322.233203,1776209749000
1776209751.219,51.219,0.38,85.96,0.37,39.08,0.39,55.0,0.4,4.04,0.61,45.0,0.6,4.04,0.62,95.96,0.63,39.08,0.01,0.01,2322.233203,1776209749000
1776209751.444,51.444,0.38,85.96,0.37,39.08,0.39,55.0,0.4,4.04,0.61,55.0,0.6,4.04,0.62,85.96,0.63,39.08,0.01,0.01,2322.6277,1776209750000
1776209751.702,51.702,0.38,49.88,0.37,31.5,0.39,9.41,0.4,4.04,0.61,14.41,0.6,4.04,0.62,80.96,0.63,39.08,0.01,0.01,2322.6277,1776209750000
1776209752.149,52.149,0.38,49.88,0.37,31.5,0.39,9.41,0.4,4.04,0.61,9.41,0.6,4.04,0.62,49.88,0.63,31.5,0.01,0.01,2322.694038,1776209751000
1776209752.591,52.591,0.38,39.88,0.37,41.5,0.39,9.41,0.4,9.04,0.61,9.41,0.6,4.04,0.62,49.88,0.63,31.5,0.01,0.01,2322.694038,1776209751000
1776209753.304,53.304,0.38,43.26,0.37,41.5,0.39,24.41,0.4,9.04,0.61,9.41,0.6,9.04,0.62,39.88,0.63,41.5,0.01,0.01,2322.694038,1776209751000
1776209753.747,53.747,0.38,10.0,0.37,20.0,0.39,98.67,0.4,19.54,0.61,24.41,0.6,9.04,0.62,43.26,0.63,41.5,0.01,0.01,2322.76051,1776209752000
1776209754.325,54.325,0.35,35.41,0.34,45.0,0.38,85.5,0.39,69.67,0.62,20.5,0.61,93.67,0.63,14.08,0.64,50.0,0.03,0.01,2322.75737,1776209753000
1776209754.774,54.774,0.35,45.41,0.34,45.0,0.36,67.72,0.37,30.5,0.62,85.5,0.61,69.67,0.65,35.41,0.66,45.0,0.01,0.03,2322.75737,1776209753000
1776209755.244,55.244,0.35,45.41,0.34,45.0,0.36,64.91,0.37,30.5,0.64,67.72,0.63,30.5,0.65,45.41,0.66,45.0,0.01,0.01,2322.75737,1776209753000
1776209755.602,55.602,0.35,9.41,0.34,45.0,0.36,64.91,0.37,30.5,0.64,64.91,0.63,30.5,0.65,9.41,0.66,45.0,0.01,0.01,2322.708632,1776209754000
1776209755.874,55.874,0.34,110.0,0.33,85.5,0.35,7.0,0.36,10.0,0.64,64.91,0.63,30.5,0.65,9.41,0.66,45.0,0.01,0.01,2322.708632,1776209754000
1776209756.204,56.204,0.36,55.0,0.35,6.0,0.37,33.9,0.38,10.0,0.63,20.0,0.62,10.0,0.64,44.0,0.66,70.0,0.01,0.01,2322.708632,1776209754000
1776209756.435,56.435,0.36,63.66,0.35,6.0,0.37,22.9,0.38,10.0,0.63,22.9,0.62,10.0,0.64,63.66,0.65,6.0,0.01,0.01,2322.481003,1776209755000
1776209756.762,56.762,0.36,33.84,0.34,16.0,0.37,89.0,0.38,15.0,0.63,22.9,0.62,10.0,0.64,63.66,0.65,6.0,0.01,0.01,2322.481003,1776209755000
1776209757.083,57.083,0.36,33.84,0.34,16.0,0.37,89.0,0.38,15.0,0.63,89.0,0.62,15.0,0.64,33.84,0.66,16.0,0.01,0.01,2322.363957,1776209756000
1776209758.186,58.186,0.34,8.08,0.33,50.0,0.35,84.5,0.36,88.55,0.65,59.0,0.64,73.05,0.66,4.29,0.67,56.0,0.01,0.01,2322.363957,1776209756000
1776209758.457,58.457,0.34,3.08,0.33,50.0,0.35,84.5,0.36,88.55,0.65,84.5,0.64,88.55,0.66,3.08,0.67,50.0,0.01,0.01,2322.418459,1776209757000
1776209758.948,58.948,0.34,0.91,0.33,25.0,0.35,73.07,0.36,88.55,0.65,84.5,0.64,88.55,0.66,0.91,0.67,50.0,0.01,0.01,2322.418459,1776209757000
1776209759.15,59.15,0.34,0.91,0.33,25.0,0.35,63.07,0.36,88.55,0.65,63.07,0.64,88.55,0.66,0.91,0.67,25.0,0.01,0.01,2322.422007,1776209758000
1776209760.442,60.442,0.34,0.91,0.33,25.0,0.35,63.07,0.36,88.55,0.65,63.07,0.64,88.55,0.66,0.91,0.67,25.0,0.01,0.01,2322.216755,1776209759000
1776209760.69,60.69,0.34,92.91,0.33,35.5,0.35,9.0,0.36,20.0,0.65,20.0,0.64,20.0,0.66,92.91,0.67,35.5,0.01,0.01,2322.216755,1776209759000
1776209761.076,61.076,0.34,28.61,0.33,35.5,0.36,7.0,0.37,31.0,0.64,7.0,0.63,31.0,0.66,28.61,0.67,35.5,0.02,0.02,2322.213901,1776209760000
1776209761.632,61.632,0.33,10.0,0.32,155.0,0.34,89.5,0.35,100.5,0.64,7.0,0.63,31.0,0.66,28.61,0.67,35.5,0.01,0.02,2322.213901,1776209760000
1776209762.307,62.307,0.33,15.0,0.32,155.0,0.34,96.41,0.35,105.5,0.66,96.41,0.65,105.5,0.67,15.0,0.68,155.0,0.01,0.01,2322.342133,1776209761000
1776209763.176,63.176,0.33,15.0,0.32,155.0,0.34,96.41,0.35,105.5,0.66,96.41,0.65,105.5,0.67,15.0,0.68,155.0,0.01,0.01,2322.336637,1776209762000
1776209764.482,64.482,0.33,15.0,0.32,155.0,0.34,96.41,0.35,105.5,0.66,96.41,0.65,105.5,0.67,15.0,0.68,155.0,0.01,0.01,2322.2066,1776209763000
1776209764.887,64.887,0.32,75.0,0.31,170.0,0.33,144.28,0.34,109.44,0.66,96.41,0.65,105.5,0.67,15.0,0.68,155.0,0.01,0.01,2322.2066,1776209763000
1776209765.152,65.152,0.32,3.5,0.3,60.0,0.33,234.28,0.34,109.44,0.67,144.28,0.66,109.44,0.68,75.0,0.69,170.0,0.01,0.01,2322.2066,1776209763000
1776209766.302,66.302,0.32,3.5,0.3,60.0,0.33,234.28,0.34,109.44,0.67,234.28,0.66,109.44,0.68,3.5,0.7,60.0,0.01,0.01,2322.00255,1776209765000
1776209766.953,66.953,0.32,3.5,0.3,60.0,0.33,234.28,0.34,109.44,0.67,234.28,0.66,109.44,0.68,3.5,0.7,60.0,0.01,0.01,2321.813937,1776209766000
1776209767.19,67.19,0.28,313.0,0.27,132.0,0.3,158.44,0.31,10.0,0.7,158.44,0.69,10.0,0.72,318.0,0.73,142.0,0.02,0.02,2321.813937,1776209766000
1776209767.886,67.886,0.28,258.5,0.27,172.5,0.29,24.7,0.3,178.44,0.71,28.15,0.7,168.44,0.72,328.0,0.73,142.0,0.01,0.01,2321.813937,1776209766000
1776209768.177,68.177,0.28,263.5,0.27,177.5,0.29,22.95,0.3,178.44,0.71,22.95,0.7,178.44,0.72,263.5,0.73,177.5,0.01,0.01,2321.850095,1776209767000
1776209768.394,68.394,0.29,62.35,0.28,220.5,0.3,168.44,0.32,5.0,0.7,173.44,0.69,10.0,0.71,8.5,0.72,278.5,0.01,0.01,2321.850095,1776209767000
1776209768.622,68.622,0.29,197.25,0.28,192.5,0.3,151.44,0.33,54.78,0.7,163.44,0.68,10.0,0.71,169.25,0.72,190.5,0.01,0.01,2321.850095,1776209767000
1776209768.844,68.844,0.29,214.85,0.28,217.5,0.3,112.44,0.32,10.0,0.7,130.44,0.68,10.0,0.71,214.85,0.72,192.5,0.01,0.01,2321.850095,1776209767000
1776209769.046,69.046,0.29,191.3,0.28,272.5,0.3,106.82,0.32,10.0,0.7,106.82,0.68,10.0,0.71,187.85,0.72,272.5,0.01,0.01,2321.850095,1776209767000
1776209769.345,69.345,0.29,215.62,0.28,267.5,0.3,116.82,0.31,5.0,0.7,106.82,0.69,5.0,0.71,188.03,0.72,272.5,0.01,0.01,2321.850095,1776209767000
1776209769.55,69.55,0.29,210.97,0.28,267.5,0.3,126.82,0.31,15.0,0.7,116.82,0.69,15.0,0.71,217.52,0.72,267.5,0.01,0.01,2322.054622,1776209768000
1776209769.795,69.795,0.29,190.5,0.28,312.5,0.3,119.82,0.31,15.0,0.7,119.82,0.69,15.0,0.71,168.5,0.72,317.5,0.01,0.01,2322.054622,1776209768000
1776209770.767,70.767,0.29,183.5,0.28,312.5,0.3,116.48,0.31,15.0,0.7,116.48,0.69,15.0,0.71,183.5,0.72,312.5,0.01,0.01,2322.145915,1776209769000
1776209771.281,71.281,0.29,183.5,0.28,312.5,0.3,116.48,0.31,15.0,0.7,116.48,0.69,15.0,0.71,183.5,0.72,312.5,0.01,0.01,2322.22588,1776209770000
1776209772.029,72.029,0.29,229.5,0.28,332.5,0.3,99.81,0.31,30.0,0.7,106.48,0.69,20.0,0.71,199.5,0.72,322.5,0.01,0.01,2322.22588,1776209770000
1776209772.385,72.385,0.29,220.49,0.28,332.5,0.3,99.81,0.31,30.0,0.7,99.81,0.69,30.0,0.71,220.49,0.72,332.5,0.01,0.01,2322.273075,1776209771000
1776209772.665,72.665,0.29,246.27,0.28,322.5,0.3,29.81,0.31,5.0,0.7,99.81,0.69,30.0,0.71,220.49,0.72,332.5,0.01,0.01,2322.273075,1776209771000
1776209772.874,72.874,0.32,237.14,0.31,113.0,0.33,9.4,0.34,60.0,0.67,30.01,0.66,60.0,0.68,135.14,0.69,97.0,0.01,0.01,2322.273075,1776209771000
1776209773.075,73.075,0.32,237.14,0.31,113.0,0.33,9.4,0.34,60.0,0.67,9.4,0.66,60.0,0.68,237.14,0.69,113.0,0.01,0.01,2322.27896,1776209772000
1776209773.434,73.434,0.33,156.5,0.32,121.5,0.34,65.0,0.35,55.0,0.66,60.0,0.65,50.0,0.67,20.6,0.68,243.71,0.01,0.01,2322.27896,1776209772000
1776209774.153,74.153,0.33,209.27,0.32,116.5,0.34,65.0,0.35,65.0,0.66,65.0,0.65,65.0,0.67,209.27,0.68,116.5,0.01,0.01,2322.289495,1776209773000
1776209774.922,74.922,0.33,199.27,0.32,116.5,0.34,65.0,0.35,70.0,0.66,65.0,0.65,65.0,0.67,209.27,0.68,116.5,0.01,0.01,2322.289495,1776209773000
1776209775.298,75.298,0.33,199.27,0.32,116.5,0.34,65.0,0.35,70.0,0.66,65.0,0.65,70.0,0.67,199.27,0.68,116.5,0.01,0.01,2322.46441,1776209774000
1776209775.59,75.59,0.33,139.34,0.32,116.5,0.34,65.0,0.35,60.0,0.66,65.0,0.65,70.0,0.67,199.27,0.68,116.5,0.01,0.01,2322.46441,1776209774000
1776209776.445,76.445,0.33,139.34,0.32,116.5,0.34,65.0,0.35,60.0,0.66,65.0,0.65,60.0,0.67,139.34,0.68,116.5,0.01,0.01,2322.55449,1776209775000
1776209776.931,76.931,0.33,129.34,0.32,109.5,0.34,65.0,0.35,60.0,0.66,65.0,0.65,60.0,0.67,139.34,0.68,116.5,0.01,0.01,2322.55449,1776209775000
1776209777.522,77.522,0.33,120.04,0.32,109.5,0.34,65.0,0.35,55.0,0.66,65.0,0.65,60.0,0.67,129.34,0.68,109.5,0.01,0.01,2322.561375,1776209776000
1776209778.13,78.13,0.33,120.04,0.32,109.5,0.34,65.0,0.35,55.0,0.66,65.0,0.65,55.0,0.67,120.04,0.68,109.5,0.01,0.01,2322.561315,1776209777000
1776209778.567,78.567,0.33,115.04,0.32,76.5,0.34,70.0,0.35,60.0,0.66,65.0,0.65,55.0,0.67,120.04,0.68,109.5,0.01,0.01,2322.561315,1776209777000
1776209779.223,79.223,0.33,115.04,0.32,76.5,0.34,70.0,0.35,60.0,0.66,70.0,0.65,60.0,0.67,115.04,0.68,76.5,0.01,0.01,2322.56639,1776209778000
1776209779.444,79.444,0.33,115.04,0.32,76.5,0.34,65.0,0.35,60.0,0.66,70.0,0.65,60.0,0.67,115.04,0.68,76.5,0.01,0.01,2322.56639,1776209778000
1776209780.243,80.243,0.33,63.5,0.32,76.5,0.34,45.0,0.35,60.0,0.66,65.0,0.65,60.0,0.67,115.04,0.68,76.5,0.01,0.01,2322.56639,1776209778000
1776209780.853,80.853,0.33,63.5,0.32,76.5,0.34,45.0,0.35,60.0,0.66,45.0,0.65,60.0,0.67,63.5,0.68,76.5,0.01,0.01,2322.59144,1776209780000
1776209781.931,81.931,0.33,25.21,0.32,76.5,0.34,20.0,0.35,60.0,0.66,45.0,0.65,60.0,0.67,63.5,0.68,76.5,0.01,0.01,2322.59144,1776209780000
1776209782.491,82.491,0.32,41.5,0.31,139.21,0.34,78.61,0.35,70.0,0.66,20.0,0.65,60.0,0.67,40.71,0.68,76.5,0.02,0.01,2322.617807,1776209781000
1776209783.085,83.085,0.32,41.5,0.31,139.21,0.34,78.61,0.35,70.0,0.66,78.61,0.65,70.0,0.68,41.5,0.69,139.21,0.02,0.02,2322.586975,1776209782000
1776209783.517,83.517,0.33,0.3,0.32,46.5,0.34,45.0,0.35,70.0,0.66,45.0,0.65,70.0,0.67,10.45,0.68,41.5,0.01,0.01,2322.586975,1776209782000
1776209784.206,84.206,0.33,0.3,0.32,46.5,0.34,45.0,0.35,70.0,0.66,45.0,0.65,70.0,0.67,0.3,0.68,46.5,0.01,0.01,2322.58757,1776209783000
1776209785.224,85.224,0.33,220.49,0.32,97.71,0.34,10.0,0.35,50.0,0.66,45.0,0.65,70.0,0.67,0.3,0.68,46.5,0.01,0.01,2322.58757,1776209783000
1776209785.56,85.56,0.34,149.5,0.33,119.5,0.37,140.0,0.38,40.0,0.66,10.0,0.65,50.0,0.67,220.49,0.68,97.71,0.03,0.01,2322.531963,1776209784000
1776209786.124,86.124,0.37,131.5,0.36,177.78,0.39,50.0,0.4,95.0,0.63,140.0,0.62,40.0,0.66,149.5,0.67,119.5,0.02,0.03,2322.531963,1776209784000
1776209786.408,86.408,0.37,131.5,0.36,177.78,0.39,50.0,0.4,95.0,0.61,50.0,0.6,95.0,0.63,131.5,0.64,177.78,0.02,0.02,2322.546561,1776209785000
1776209787.017,87.017,0.39,6.0,0.38,126.5,0.4,95.0,0.41,205.0,0.6,95.0,0.59,205.0,0.61,6.0,0.62,126.5,0.01,0.01,2322.57267,1776209786000
1776209788.201,88.201,0.39,142.11,0.38,83.5,0.4,100.0,0.41,230.0,0.6,100.0,0.59,230.0,0.61,142.11,0.62,83.5,0.01,0.01,2322.990827,1776209787000
1776209788.547,88.547,0.39,9.0,0.38,20.0,0.4,146.5,0.41,225.5,0.6,100.0,0.59,230.0,0.61,142.11,0.62,83.5,0.01,0.01,2322.990827,1776209787000
1776209788.759,88.759,0.38,15.0,0.37,45.66,0.4,121.5,0.41,235.5,0.6,146.5,0.59,225.5,0.63,45.66,0.64,41.5,0.02,0.03,2322.990827,1776209787000
1776209789.345,89.345,0.38,15.0,0.37,45.66,0.39,0.51,0.4,106.5,0.61,0.51,0.6,106.5,0.62,15.0,0.63,45.66,0.01,0.01,2323.059985,1776209788000
1776209789.89,89.89,0.38,15.0,0.37,45.66,0.39,0.51,0.4,106.5,0.61,0.51,0.6,106.5,0.62,15.0,0.63,45.66,0.01,0.01,2323.06001,1776209789000
1776209790.55,90.55,0.38,30.0,0.37,45.66,0.39,16.0,0.4,86.0,0.61,0.51,0.6,106.5,0.62,15.0,0.63,45.66,0.01,0.01,2323.06001,1776209789000
1776209790.967,90.967,0.38,35.0,0.37,45.66,0.39,16.0,0.4,101.0,0.61,16.0,0.6,86.0,0.62,30.0,0.63,45.66,0.01,0.01,2323.06001,1776209789000
1776209791.628,91.628,0.38,47.83,0.37,45.16,0.39,26.5,0.4,121.5,0.61,16.0,0.6,101.0,0.62,35.0,0.63,45.66,0.01,0.01,2323.037915,1776209790000
1776209792.136,92.136,0.38,47.83,0.37,45.16,0.39,26.5,0.4,121.5,0.61,26.5,0.6,121.5,0.62,47.83,0.63,45.16,0.01,0.01,2322.981272,1776209791000
1776209793.413,93.413,0.38,47.83,0.37,45.16,0.39,26.5,0.4,121.5,0.61,26.5,0.6,121.5,0.62,47.83,0.63,45.16,0.01,0.01,2322.972866,1776209792000
1776209793.621,93.621,0.38,31.2,0.37,35.0,0.4,40.5,0.41,127.5,0.6,30.5,0.59,127.5,0.62,31.3,0.63,35.0,0.02,0.02,2322.972866,1776209792000
1776209793.923,93.923,0.39,12.0,0.38,30.53,0.4,25.5,0.41,137.5,0.6,40.5,0.59,137.5,0.62,30.53,0.63,35.0,0.01,0.02,2322.972866,1776209792000
1776209795.006,95.006,0.39,6.91,0.38,30.53,0.4,30.5,0.41,137.5,0.6,30.5,0.59,137.5,0.61,6.91,0.62,30.53,0.01,0.01,2323.06401,1776209794000
1776209795.288,95.288,0.39,34.91,0.38,40.5,0.4,7.37,0.41,112.5,0.6,12.37,0.59,112.0,0.61,29.91,0.62,40.5,0.01,0.01,2323.06401,1776209794000
1776209796.17,96.17,0.39,34.91,0.38,40.5,0.4,7.37,0.41,112.5,0.6,7.37,0.59,112.5,0.61,34.91,0.62,40.5,0.01,0.01,2323.036587,1776209795000
1776209796.635,96.635,0.39,53.27,0.38,109.49,0.4,5.0,0.41,100.0,0.6,7.37,0.59,112.5,0.61,34.91,0.62,40.5,0.01,0.01,2323.036587,1776209795000
1776209797.442,97.442,0.39,51.07,0.38,109.49,0.4,5.0,0.41,100.0,0.6,5.0,0.59,100.0,0.61,51.07,0.62,109.49,0.01,0.01,2323.011062,1776209796000
1776209798.022,98.022,0.39,51.07,0.38,109.49,0.4,5.0,0.41,100.0,0.6,5.0,0.59,100.0,0.61,51.07,0.62,109.49,0.01,0.01,2323.005049,1776209797000
1776209798.675,98.675,0.4,33.25,0.39,97.85,0.41,105.0,0.42,215.5,0.6,5.0,0.59,100.0,0.61,51.07,0.62,109.49,0.01,0.01,2323.005049,1776209797000
1776209798.982,98.982,0.4,37.25,0.39,87.85,0.41,100.0,0.42,200.5,0.59,105.0,0.58,215.5,0.6,33.25,0.61,97.85,0.01,0.01,2323.005049,1776209797000
1776209800.056,100.056,0.4,208.07,0.39,69.57,0.41,90.0,0.42,185.0,0.59,100.0,0.58,200.5,0.6,37.25,0.61,87.85,0.01,0.01,2323.021374,1776209798000
1776209801.122,101.122,0.41,14.5,0.4,181.5,0.42,85.0,0.43,165.0,0.58,85.0,0.57,165.0,0.59,14.5,0.6,181.5,0.01,0.01,2323.031191,1776209800000
1776209801.758,101.758,0.42,144.99,0.41,49.5,0.43,2.48,0.44,475.0,0.58,85.0,0.57,165.0,0.59,14.5,0.6,181.5,0.01,0.01,2323.031191,1776209800000
1776209802.219,102.219,0.42,144.99,0.41,49.5,0.43,2.48,0.44,475.0,0.57,2.48,0.56,475.0,0.58,144.99,0.59,49.5,0.01,0.01,2323.148363,1776209801000
1776209803.25,103.25,0.42,135.99,0.41,49.5,0.44,475.0,0.45,170.5,0.56,475.0,0.55,170.5,0.58,135.99,0.59,49.5,0.02,0.02,2323.199295,1776209802000
1776209804.205,104.205,0.43,38.15,0.42,107.99,0.44,485.0,0.45,185.5,0.56,485.0,0.55,185.5,0.57,38.15,0.58,107.99,0.01,0.01,2323.222386,1776209803000
1776209805.211,105.211,0.43,38.15,0.42,107.99,0.44,485.0,0.45,185.5,0.56,485.0,0.55,185.5,0.57,38.15,0.58,107.99,0.01,0.01,2323.209715,1776209804000
1776209805.801,105.801,0.44,154.28,0.43,90.65,0.46,85.0,0.47,225.0,0.55,160.0,0.54,80.0,0.57,181.65,0.58,52.71,0.02,0.02,2323.209715,1776209804000
1776209806.224,106.224,0.44,251.28,0.43,90.65,0.47,225.0,0.48,100.0,0.53,225.0,0.52,100.0,0.56,251.28,0.57,90.65,0.03,0.03,2323.286355,1776209805000
1776209806.471,106.471,0.46,218.5,0.45,37.5,0.47,2.87,0.48,65.0,0.53,225.0,0.52,100.0,0.56,251.28,0.57,90.65,0.01,0.03,2323.286355,1776209805000
1776209806.772,106.772,0.47,60.5,0.46,47.5,0.48,15.0,0.49,55.0,0.52,65.0,0.51,50.0,0.54,218.5,0.55,72.5,0.01,0.02,2323.286355,1776209805000
1776209807.152,107.152,0.48,26.9,0.47,119.28,0.49,55.0,0.5,105.0,0.51,55.0,0.5,105.0,0.52,26.9,0.53,119.28,0.01,0.01,2323.482281,1776209806000
1776209807.77,107.77,0.48,10.0,0.47,20.0,0.5,73.5,0.51,80.5,0.51,55.0,0.5,105.0,0.52,26.9,0.53,119.28,0.02,0.01,2323.482281,1776209806000
1776209808.155,108.155,0.48,10.0,0.47,20.0,0.5,73.5,0.51,80.5,0.5,73.5,0.49,80.5,0.52,10.0,0.53,20.0,0.02,0.02,2323.68223,1776209807000
1776209808.722,108.722,0.48,10.38,0.47,20.0,0.49,32.5,0.5,32.5,0.5,73.5,0.49,80.5,0.52,10.0,0.53,20.0,0.01,0.02,2323.68223,1776209807000
1776209808.985,108.985,0.47,10.37,0.46,93.99,0.49,88.5,0.5,32.5,0.51,32.5,0.5,32.5,0.52,10.38,0.53,20.0,0.02,0.01,2323.68223,1776209807000
1776209809.194,109.194,0.47,10.37,0.46,93.99,0.49,88.5,0.5,32.5,0.51,88.5,0.5,32.5,0.53,10.37,0.54,93.99,0.02,0.02,2323.657995,1776209808000
1776209809.78,109.78,0.47,13.07,0.46,30.0,0.48,22.5,0.49,68.5,0.51,88.5,0.5,32.5,0.53,10.37,0.54,93.99,0.01,0.02,2323.657995,1776209808000
1776209810.196,110.196,0.46,30.0,0.45,135.78,0.48,22.5,0.49,68.5,0.52,22.5,0.51,68.5,0.54,30.0,0.55,135.78,0.02,0.02,2323.57629,1776209809000
1776209810.683,110.683,0.46,0.91,0.45,25.0,0.47,30.5,0.48,56.5,0.52,22.5,0.51,68.5,0.54,30.0,0.55,135.78,0.01,0.02,2323.57629,1776209809000
1776209811.165,111.165,0.44,32.22,0.43,50.0,0.47,91.5,0.48,84.5,0.53,91.5,0.52,84.5,0.56,32.22,0.57,50.0,0.03,0.03,2323.532323,1776209810000
1776209811.828,111.828,0.44,5.0,0.43,50.0,0.45,25.83,0.46,37.5,0.53,91.5,0.52,84.5,0.56,32.22,0.57,50.0,0.01,0.03,2323.532323,1776209810000
1776209812.136,112.136,0.44,5.0,0.43,50.0,0.45,25.83,0.46,37.5,0.55,25.83,0.54,37.5,0.56,5.0,0.57,50.0,0.01,0.01,2323.476541,1776209811000
1776209813.167,113.167,0.44,5.0,0.43,50.0,0.45,25.83,0.46,37.5,0.55,25.83,0.54,37.5,0.56,5.0,0.57,50.0,0.01,0.01,2323.284958,1776209812000
1776209814.183,114.183,0.48,52.98,0.47,15.0,0.49,10.5,0.5,20.5,0.55,25.83,0.54,37.5,0.56,5.0,0.57,50.0,0.01,0.01,2323.284958,1776209812000
1776209815.317,115.317,0.49,7.7,0.48,30.0,0.51,152.5,0.52,90.0,0.49,77.5,0.48,55.0,0.5,7.76,0.51,22.8,0.02,0.01,2323.272587,1776209813000
1776209815.924,115.924,0.49,7.7,0.48,30.0,0.51,152.5,0.52,90.0,0.49,152.5,0.48,90.0,0.51,7.7,0.52,30.0,0.02,0.02,2323.297175,1776209815000
1776209817.002,117.002,0.48,14.23,0.47,20.0,0.49,58.5,0.5,38.5,0.49,152.5,0.48,90.0,0.51,7.7,0.52,30.0,0.01,0.02,2323.297175,1776209815000
1776209817.781,117.781,0.48,2.21,0.47,25.0,0.49,68.5,0.5,46.5,0.51,58.5,0.5,38.5,0.52,14.23,0.53,20.0,0.01,0.01,2323.367843,1776209816000
1776209818.359,118.359,0.48,0.19,0.47,25.0,0.49,68.5,0.5,46.5,0.51,68.5,0.5,46.5,0.52,0.19,0.53,25.0,0.01,0.01,2323.363159,1776209817000
1776209819.288,119.288,0.48,0.19,0.47,5.0,0.49,98.41,0.5,46.5,0.51,68.5,0.5,46.5,0.52,0.19,0.53,25.0,0.01,0.01,2323.363159,1776209817000
1776209819.658,119.658,0.48,0.19,0.46,10.0,0.49,97.41,0.5,46.5,0.51,98.41,0.5,46.5,0.52,0.19,0.53,5.0,0.01,0.01,2323.354718,1776209818000
1776209820.396,120.396,0.48,0.19,0.46,10.0,0.49,97.41,0.5,46.5,0.51,97.41,0.5,46.5,0.52,0.19,0.54,10.0,0.01,0.01,2323.351161,1776209819000
1776209820.92,120.92,0.48,0.19,0.46,10.0,0.49,97.41,0.5,46.5,0.51,97.41,0.5,46.5,0.52,0.19,0.54,10.0,0.01,0.01,2323.339971,1776209820000
1776209822.021,122.021,0.47,5.0,0.45,15.0,0.48,23.29,0.49,95.41,0.51,97.41,0.5,46.5,0.52,0.19,0.54,10.0,0.01,0.01,2323.339971,1776209820000
1776209823.061,123.061,0.47,5.0,0.45,15.0,0.48,23.29,0.49,95.41,0.52,23.29,0.51,95.41,0.53,5.0,0.55,15.0,0.01,0.01,2323.339325,1776209822000
1776209824.217,124.217,0.39,85.72,0.38,30.0,0.4,27.5,0.41,76.5,0.58,30.07,0.57,72.5,0.59,5.0,0.6,30.0,0.01,0.01,2323.339325,1776209822000
1776209825.253,125.253,0.39,60.72,0.38,30.0,0.4,22.24,0.41,76.5,0.6,22.24,0.59,76.5,0.61,60.72,0.62,30.0,0.01,0.01,2322.952381,1776209824000
1776209826.332,126.332,0.39,12.3,0.38,30.0,0.4,90.24,0.41,84.5,0.6,22.24,0.59,76.5,0.61,60.72,0.62,30.0,0.01,0.01,2322.952381,1776209824000
1776209827.349,127.349,0.39,12.3,0.38,30.0,0.4,90.24,0.41,84.5,0.6,90.24,0.59,84.5,0.61,12.3,0.62,30.0,0.01,0.01,2322.933915,1776209826000
1776209828.014,128.014,0.38,10.0,0.37,45.0,0.39,94.5,0.4,80.24,0.6,90.24,0.59,84.5,0.61,12.3,0.62,30.0,0.01,0.01,2322.933915,1776209826000
1776209828.321,128.321,0.38,10.0,0.37,45.0,0.39,94.5,0.4,80.24,0.61,94.5,0.6,80.24,0.62,10.0,0.63,45.0,0.01,0.01,2322.934672,1776209827000
1776209829.013,129.013,0.38,10.0,0.37,45.0,0.39,91.88,0.4,80.24,0.61,91.88,0.6,80.24,0.62,10.0,0.63,45.0,0.01,0.01,2322.933341,1776209828000
1776209830.298,130.298,0.37,40.0,0.36,25.0,0.39,145.88,0.4,47.24,0.61,91.88,0.6,80.24,0.62,10.0,0.63,45.0,0.02,0.01,2322.933341,1776209828000
1776209830.766,130.766,0.34,70.0,0.33,75.0,0.39,150.88,0.4,76.32,0.61,150.88,0.6,76.32,0.66,70.0,0.67,75.0,0.05,0.05,2322.824229,1776209829000
1776209831.081,131.081,0.34,95.0,0.33,85.5,0.35,35.5,0.36,40.5,0.61,150.88,0.6,76.32,0.66,70.0,0.67,75.0,0.01,0.05,2322.824229,1776209829000
1776209831.317,131.317,0.34,95.0,0.33,85.5,0.35,35.5,0.36,40.5,0.65,35.5,0.64,40.5,0.66,95.0,0.67,85.5,0.01,0.01,2322.818217,1776209830000
1776209831.54,131.54,0.34,70.0,0.33,85.0,0.35,83.84,0.36,50.5,0.65,93.84,0.64,40.5,0.66,65.0,0.67,85.5,0.01,0.01,2322.818217,1776209830000
1776209832.199,132.199,0.34,70.0,0.33,85.0,0.35,83.84,0.36,50.5,0.65,83.84,0.64,50.5,0.66,70.0,0.67,85.0,0.01,0.01,2322.73025,1776209831000
1776209833.791,133.791,0.34,70.0,0.33,85.0,0.35,83.84,0.36,50.5,0.65,83.84,0.64,50.5,0.66,70.0,0.67,85.0,0.01,0.01,2322.65936,1776209832000
1776209834.337,134.337,0.34,80.5,0.33,100.5,0.35,42.63,0.36,46.5,0.65,83.84,0.64,50.5,0.66,70.0,0.67,85.0,0.01,0.01,2322.65936,1776209832000
1776209834.552,134.552,0.34,80.5,0.33,100.5,0.35,42.63,0.36,46.5,0.65,42.63,0.64,46.5,0.66,80.5,0.67,100.5,0.01,0.01,2322.640615,1776209833000
1776209835.249,135.249,0.34,72.46,0.33,100.5,0.35,47.63,0.36,36.0,0.65,47.63,0.64,36.0,0.66,72.46,0.67,100.5,0.01,0.01,2322.638251,1776209834000
1776209836.303,136.303,0.36,56.5,0.35,20.5,0.37,28.0,0.38,25.0,0.65,47.63,0.64,36.0,0.66,72.46,0.67,100.5,0.01,0.01,2322.638251,1776209834000
1776209836.591,136.591,0.36,68.43,0.35,20.5,0.37,28.0,0.38,20.0,0.63,28.0,0.62,25.0,0.64,56.5,0.65,20.5,0.01,0.01,2322.638251,1776209834000
1776209836.849,136.849,0.36,73.43,0.35,20.5,0.37,23.0,0.38,20.0,0.63,28.0,0.62,20.0,0.64,68.43,0.65,20.5,0.01,0.01,2322.638251,1776209834000
1776209837.771,137.771,0.36,73.43,0.35,30.5,0.37,8.0,0.38,30.0,0.63,8.0,0.62,30.0,0.64,73.43,0.65,30.5,0.01,0.01,2322.706865,1776209836000
1776209837.978,137.978,0.36,83.43,0.35,30.5,0.37,5.24,0.38,30.0,0.63,8.0,0.62,30.0,0.64,73.43,0.65,30.5,0.01,0.01,2322.706865,1776209836000
1776209838.657,138.657,0.36,83.43,0.35,30.5,0.37,5.24,0.38,30.0,0.63,5.24,0.62,30.0,0.64,83.43,0.65,30.5,0.01,0.01,2322.73019,1776209837000
1776209839.453,139.453,0.36,83.43,0.35,30.5,0.37,5.24,0.38,30.0,0.63,5.24,0.62,30.0,0.64,83.43,0.65,30.5,0.01,0.01,2322.83159,1776209838000
1776209840.3,140.3,0.36,83.43,0.35,30.5,0.37,5.24,0.38,30.0,0.63,5.24,0.62,30.0,0.64,83.43,0.65,30.5,0.01,0.01,2322.831915,1776209839000
1776209841.071,141.071,0.36,83.43,0.35,30.5,0.37,5.24,0.38,30.0,0.63,5.24,0.62,30.0,0.64,83.43,0.65,30.5,0.01,0.01,2322.84151,1776209840000
1776209842.816,142.816,0.36,83.43,0.35,30.5,0.37,5.24,0.38,30.0,0.63,5.24,0.62,30.0,0.64,83.43,0.65,30.5,0.01,0.01,2322.84219,1776209841000
1776209843.692,143.692,0.36,83.43,0.35,30.5,0.37,5.24,0.38,30.0,0.63,5.24,0.62,30.0,0.64,83.43,0.65,30.5,0.01,0.01,2322.84718,1776209842000
1776209844.499,144.499,0.36,83.43,0.35,30.5,0.37,5.24,0.38,30.0,0.63,5.24,0.62,30.0,0.64,83.43,0.65,30.5,0.01,0.01,2322.84439,1776209843000
1776209845.405,145.405,0.36,72.43,0.35,40.5,0.37,2.48,0.38,30.0,0.63,2.48,0.62,30.0,0.64,72.43,0.65,40.5,0.01,0.01,2322.841035,1776209844000
1776209846.208,146.208,0.36,54.93,0.35,40.5,0.37,7.48,0.38,40.0,0.63,7.48,0.62,40.0,0.64,54.93,0.65,40.5,0.01,0.01,2322.840365,1776209845000
1776209847.478,147.478,0.36,18.43,0.35,15.5,0.37,60.0,0.38,40.5,0.63,7.48,0.62,40.0,0.64,54.93,0.65,40.5,0.01,0.01,2322.840365,1776209845000
1776209848.01,148.01,0.33,65.0,0.32,110.78,0.37,112.24,0.38,45.5,0.63,57.24,0.62,40.5,0.64,23.43,0.65,15.5,0.04,0.01,2322.840365,1776209845000
1776209848.45,148.45,0.33,65.0,0.32,110.78,0.37,112.24,0.38,45.5,0.63,112.24,0.62,45.5,0.67,65.0,0.68,110.78,0.04,0.04,2322.84576,1776209847000
1776209848.709,148.709,0.33,1.97,0.32,45.0,0.34,95.5,0.35,38.0,0.66,57.5,0.65,38.0,0.67,3.47,0.68,65.5,0.01,0.01,2322.84576,1776209847000
1776209848.994,148.994,0.33,1.97,0.32,45.0,0.34,95.5,0.35,38.0,0.66,95.5,0.65,38.0,0.67,1.97,0.68,45.0,0.01,0.01,2322.862,1776209848000
1776209849.937,149.937,0.33,1.97,0.32,45.0,0.34,95.5,0.35,38.0,0.66,95.5,0.65,38.0,0.67,1.97,0.68,45.0,0.01,0.01,2322.807835,1776209849000
1776209850.208,150.208,0.32,45.0,0.31,10.5,0.34,125.5,0.35,48.5,0.66,95.5,0.65,38.0,0.67,1.97,0.68,45.0,0.02,0.01,2322.807835,1776209849000
1776209850.443,150.443,0.32,60.0,0.31,10.5,0.33,77.0,0.34,90.5,0.66,125.5,0.65,48.5,0.68,45.0,0.69,10.5,0.01,0.02,2322.807835,1776209849000
1776209850.953,150.953,0.32,25.0,0.31,10.5,0.33,67.0,0.34,80.5,0.67,77.0,0.66,90.5,0.68,60.0,0.69,10.5,0.01,0.01,2322.807835,1776209849000
1776209851.226,151.226,0.32,9.0,0.31,10.5,0.33,97.0,0.34,80.5,0.67,67.0,0.66,80.5,0.68,25.0,0.69,10.5,0.01,0.01,2322.807835,1776209849000
1776209851.429,151.429,0.31,19.05,0.3,185.0,0.32,55.0,0.33,57.0,0.67,97.0,0.66,80.5,0.68,9.0,0.69,10.5,0.01,0.01,2322.712212,1776209850000
1776209852.262,152.262,0.31,24.05,0.3,185.0,0.32,64.36,0.33,57.0,0.68,79.68,0.67,67.5,0.69,9.05,0.7,185.0,0.01,0.01,2322.712212,1776209850000
1776209852.465,152.465,0.31,24.05,0.3,185.0,0.32,64.36,0.33,57.0,0.68,64.36,0.67,57.0,0.69,24.05,0.7,185.0,0.01,0.01,2322.712284,1776209851000
1776209852.96,152.96,0.31,30.05,0.3,185.0,0.32,49.04,0.33,67.5,0.68,64.36,0.67,57.0,0.69,35.05,0.7,185.0,0.01,0.01,2322.712284,1776209851000
1776209853.611,153.611,0.31,55.5,0.3,298.49,0.32,21.68,0.33,25.0,0.68,49.04,0.67,67.5,0.69,30.05,0.7,185.0,0.01,0.01,2322.708401,1776209852000
1776209854.212,154.212,0.31,60.5,0.3,273.49,0.32,16.52,0.33,25.0,0.68,16.52,0.67,25.0,0.69,60.5,0.7,273.49,0.01,0.01,2322.674355,1776209853000
1776209855.331,155.331,0.31,50.5,0.3,136.28,0.33,21.16,0.34,27.0,0.67,21.16,0.66,27.0,0.69,50.5,0.7,136.28,0.02,0.02,2322.669944,1776209854000
1776209856.471,156.471,0.31,50.5,0.3,136.28,0.33,21.16,0.34,27.0,0.67,21.16,0.66,27.0,0.69,50.5,0.7,136.28,0.02,0.02,2322.69715,1776209855000
1776209857.158,157.158,0.31,50.5,0.3,136.28,0.33,21.16,0.34,27.0,0.67,21.16,0.66,27.0,0.69,50.5,0.7,136.28,0.02,0.02,2322.70568,1776209856000
1776209858.519,158.519,0.31,50.5,0.3,136.28,0.33,21.16,0.34,27.0,0.67,21.16,0.66,27.0,0.69,50.5,0.7,136.28,0.02,0.02,2322.700005,1776209857000
1776209859.062,159.062,0.34,21.0,0.33,46.5,0.38,25.0,0.39,15.0,0.67,21.16,0.66,27.0,0.69,50.5,0.7,136.28,0.04,0.02,2322.700005,1776209857000
1776209859.866,159.866,0.36,25.0,0.35,97.28,0.37,34.5,0.38,40.5,0.62,25.0,0.61,15.0,0.66,21.0,0.67,46.5,0.01,0.04,2322.700005,1776209858000
1776209860.11,160.11,0.36,31.98,0.35,102.28,0.37,24.5,0.38,35.5,0.63,34.5,0.62,40.5,0.64,25.0,0.65,97.28,0.01,0.01,2322.700005,1776209858000
1776209860.434,160.434,0.36,31.98,0.35,102.28,0.37,24.5,0.38,35.5,0.63,24.5,0.62,35.5,0.64,31.98,0.65,102.28,0.01,0.01,2322.694645,1776209859000
1776209860.984,160.984,0.36,31.98,0.35,102.28,0.37,24.5,0.38,35.5,0.63,24.5,0.62,35.5,0.64,31.98,0.65,102.28,0.01,0.01,2322.8972,1776209860000
1776209862.066,162.066,0.36,66.98,0.35,46.5,0.37,4.86,0.38,30.5,0.63,24.5,0.62,35.5,0.64,31.98,0.65,102.28,0.01,0.01,2322.8972,1776209860000
1776209863.767,163.767,0.36,66.98,0.35,46.5,0.37,4.86,0.38,30.5,0.63,4.86,0.62,30.5,0.64,66.98,0.65,46.5,0.01,0.01,2322.94568,1776209862000
1776209864.324,164.324,0.38,76.0,0.37,41.5,0.39,36.65,0.4,29.5,0.61,36.65,0.6,29.5,0.62,76.0,0.63,41.5,0.01,0.01,2322.94448,1776209863000
1776209864.816,164.816,0.38,76.0,0.37,41.5,0.39,36.65,0.4,29.5,0.61,36.65,0.6,29.5,0.62,76.0,0.63,41.5,0.01,0.01,2322.94448,1776209864000
1776209865.547,165.547,0.34,20.0,0.33,25.0,0.35,5.52,0.38,10.5,0.61,36.65,0.6,29.5,0.62,76.0,0.63,41.5,0.01,0.01,2322.94448,1776209864000
1776209865.755,165.755,0.34,20.0,0.33,25.0,0.35,5.52,0.38,10.5,0.65,5.52,0.62,10.5,0.66,20.0,0.67,25.0,0.01,0.01,2322.943685,1776209865000
1776209867.09,167.09,0.33,0.53,0.31,10.0,0.34,234.5,0.35,70.73,0.65,47.73,0.64,10.0,0.66,10.0,0.67,25.0,0.01,0.01,2322.943685,1776209865000
1776209868.165,168.165,0.33,0.53,0.31,10.0,0.34,234.5,0.35,70.73,0.66,234.5,0.65,70.73,0.67,0.53,0.69,10.0,0.01,0.01,2322.751451,1776209867000
1776209869.163,169.163,0.28,205.0,0.27,245.0,0.29,259.5,0.3,99.5,0.66,234.5,0.65,70.73,0.67,0.53,0.69,10.0,0.01,0.01,2322.751451,1776209867000
1776209869.837,169.837,0.27,90.0,0.26,491.14,0.28,218.14,0.29,64.5,0.71,259.5,0.7,99.5,0.72,205.0,0.73,245.0,0.01,0.01,2322.423788,1776209868000
1776209870.201,170.201,0.27,90.0,0.26,491.14,0.28,218.14,0.29,64.5,0.72,218.14,0.71,64.5,0.73,90.0,0.74,491.14,0.01,0.01,2322.387022,1776209869000
1776209871.302,171.302,0.27,90.0,0.26,491.14,0.28,218.14,0.29,64.5,0.72,218.14,0.71,64.5,0.73,90.0,0.74,491.14,0.01,0.01,2322.282392,1776209870000
1776209871.699,171.699,0.22,18.1,0.21,65.21,0.24,10.0,0.25,75.5,0.74,41.72,0.73,20.5,0.75,125.0,0.76,250.0,0.02,0.01,2322.282392,1776209870000
1776209872.231,172.231,0.19,2.28,0.16,100.0,0.2,269.5,0.21,75.5,0.78,296.5,0.77,31.95,0.81,103.91,0.82,160.0,0.01,0.03,2322.282392,1776209870000
1776209872.771,172.771,0.13,10.0,0.12,5.09,0.14,113.3,0.15,25.0,0.85,5.96,0.8,352.5,0.87,60.0,0.88,5.09,0.01,0.02,2322.282392,1776209870000
1776209873.465,173.465,0.13,10.0,0.12,5.09,0.14,113.3,0.15,25.0,0.86,113.3,0.85,20.0,0.87,10.0,0.88,5.09,0.01,0.01,2321.852407,1776209872000
1776209873.89,173.89,0.12,5.09,0.11,60.5,0.13,87.83,0.14,85.3,0.86,113.3,0.85,20.0,0.87,10.0,0.88,5.09,0.01,0.01,2321.852407,1776209872000
1776209874.152,174.152,0.11,60.5,0.1,7.0,0.12,9.91,0.13,82.83,0.88,9.91,0.87,82.83,0.89,60.5,0.9,7.0,0.01,0.01,2321.214955,1776209873000
1776209874.918,174.918,0.11,56.44,0.1,24.0,0.12,61.91,0.13,27.83,0.88,9.91,0.87,82.83,0.89,60.5,0.9,7.0,0.01,0.01,2321.214955,1776209873000
1776209875.155,175.155,0.11,59.19,0.09,10.12,0.12,5.0,0.13,7.49,0.88,5.0,0.87,7.49,0.89,59.19,0.91,10.12,0.01,0.01,2321.008296,1776209874000
1776209875.69,175.69,0.12,12.61,0.11,134.68,0.13,10.0,0.14,10.0,0.88,5.0,0.87,7.49,0.89,59.19,0.91,10.12,0.01,0.01,2321.008296,1776209874000
1776209875.904,175.904,0.14,94.58,0.13,28.5,0.15,15.0,0.16,15.98,0.85,15.0,0.84,10.0,0.86,99.99,0.87,28.5,0.01,0.01,2321.008296,1776209874000
1776209876.147,176.147,0.14,94.58,0.13,28.5,0.15,15.0,0.16,15.98,0.85,15.0,0.84,15.98,0.86,94.58,0.87,28.5,0.01,0.01,2321.028677,1776209875000
1776209876.814,176.814,0.14,86.18,0.13,10.5,0.15,10.0,0.16,35.0,0.85,15.0,0.84,15.98,0.86,94.58,0.87,28.5,0.01,0.01,2321.028677,1776209875000
1776209877.031,177.031,0.14,99.18,0.13,10.5,0.15,15.0,0.16,35.0,0.85,10.0,0.84,35.0,0.86,86.18,0.87,10.5,0.01,0.01,2321.028677,1776209875000
1776209877.41,177.41,0.14,93.18,0.13,32.5,0.15,4.0,0.16,45.0,0.85,110.0,0.84,35.0,0.86,72.18,0.87,10.5,0.01,0.01,2321.028677,1776209875000
1776209877.679,177.679,0.14,98.18,0.13,32.5,0.16,37.82,0.17,10.0,0.84,37.82,0.83,10.0,0.86,98.18,0.87,32.5,0.02,0.02,2321.251006,1776209876000
1776209878.252,178.252,0.14,98.18,0.13,32.5,0.16,4.82,0.17,15.0,0.84,4.82,0.83,15.0,0.86,98.18,0.87,32.5,0.02,0.02,2321.5144,1776209877000
1776209879.43,179.43,0.14,98.18,0.13,32.5,0.16,4.82,0.17,15.0,0.84,4.82,0.83,15.0,0.86,98.18,0.87,32.5,0.02,0.02,2321.572596,1776209878000
1776209879.918,179.918,0.14,98.18,0.13,32.5,0.16,4.82,0.17,15.0,0.84,4.82,0.83,15.0,0.86,98.18,0.87,32.5,0.02,0.02,2321.6032,1776209879000
1776209880.317,180.317,0.15,29.59,0.14,42.5,0.16,20.0,0.17,89.47,0.84,4.82,0.83,15.0,0.86,98.18,0.87,32.5,0.01,0.02,2321.6032,1776209879000
1776209881.126,181.126,0.15,6.06,0.14,42.5,0.16,30.0,0.17,99.97,0.84,20.0,0.83,89.47,0.85,29.59,0.86,42.5,0.01,0.01,2321.6032,1776209879000
1776209881.634,181.634,0.15,4.88,0.14,52.5,0.16,20.0,0.17,99.97,0.84,30.0,0.83,99.97,0.85,6.06,0.86,42.5,0.01,0.01,2321.5831,1776209880000
1776209882.221,182.221,0.15,4.88,0.14,52.5,0.16,20.0,0.17,99.97,0.84,20.0,0.83,99.97,0.85,4.88,0.86,52.5,0.01,0.01,2321.5881,1776209881000
1776209883.0,183.0,0.13,20.0,0.11,10.0,0.14,155.35,0.15,39.5,0.84,20.0,0.83,99.97,0.85,4.88,0.86,52.5,0.01,0.01,2321.5881,1776209881000
1776209883.236,183.236,0.11,29.0,0.1,25.0,0.14,205.35,0.15,36.5,0.86,205.35,0.85,36.5,0.89,29.0,0.9,25.0,0.03,0.03,2321.5457,1776209882000
1776209883.68,183.68,0.1,80.5,0.09,106.34,0.11,22.0,0.12,10.0,0.86,205.35,0.85,36.5,0.89,29.0,0.9,25.0,0.01,0.03,2321.5457,1776209882000
1776209884.0,184.0,0.1,14.0,0.09,106.34,0.12,10.0,0.13,10.0,0.89,7.75,0.88,10.0,0.9,80.5,0.91,106.34,0.02,0.01,2321.5457,1776209882000
1776209884.26,184.26,0.1,39.0,0.09,90.12,0.11,5.9,0.12,115.0,0.88,10.0,0.87,10.0,0.9,14.0,0.91,106.34,0.01,0.02,2321.5457,1776209882000
1776209884.753,184.753,0.1,39.0,0.09,90.12,0.11,5.9,0.12,115.0,0.89,5.9,0.88,115.0,0.9,39.0,0.91,90.12,0.01,0.01,2321.494122,1776209883000
1776209885.302,185.302,0.09,97.07,0.08,86.0,0.11,245.2,0.12,148.5,0.89,245.2,0.88,148.5,0.91,97.07,0.92,86.0,0.02,0.02,2321.319214,1776209884000
1776209885.775,185.775,0.09,113.29,0.08,86.0,0.1,6.0,0.11,137.4,0.89,245.2,0.88,148.5,0.91,97.07,0.92,86.0,0.01,0.02,2321.319214,1776209884000
1776209886.259,186.259,0.09,55.15,0.08,86.0,0.1,6.0,0.11,137.4,0.9,6.0,0.89,137.4,0.91,108.29,0.92,86.0,0.01,0.01,2321.295356,1776209885000
1776209887.025,187.025,0.09,52.01,0.08,86.0,0.1,6.0,0.11,137.4,0.9,6.0,0.89,137.4,0.91,52.01,0.92,86.0,0.01,0.01,2321.098555,1776209886000
1776209887.42,187.42,0.08,86.0,0.07,90.0,0.1,81.5,0.11,150.4,0.9,6.0,0.89,137.4,0.91,52.01,0.92,86.0,0.02,0.01,2321.098555,1776209886000
1776209888.151,188.151,0.08,97.53,0.07,85.0,0.09,145.5,0.1,67.5,0.9,81.5,0.89,150.4,0.92,86.0,0.93,90.0,0.01,0.02,2321.098555,1776209886000
1776209888.362,188.362,0.08,97.53,0.07,85.0,0.09,139.04,0.1,88.5,0.91,145.5,0.9,67.5,0.92,97.53,0.93,85.0,0.01,0.01,2321.0758,1776209887000
1776209889.356,189.356,0.08,31.18,0.07,85.0,0.09,144.04,0.1,179.5,0.91,139.04,0.9,88.5,0.92,97.53,0.93,85.0,0.01,0.01,2321.0758,1776209887000
1776209890.146,190.146,0.08,8.91,0.07,10.0,0.09,244.04,0.1,184.5,0.91,144.04,0.9,179.5,0.92,31.18,0.93,85.0,0.01,0.01,2320.976639,1776209888000
1776209890.36,190.36,0.06,173.0,0.05,161.01,0.07,28.0,0.09,254.04,0.91,244.04,0.9,184.5,0.94,141.0,0.95,161.01,0.01,0.03,2320.976639,1776209888000
1776209890.71,190.71,0.06,194.83,0.05,161.01,0.07,24.71,0.08,110.0,0.93,28.0,0.91,254.04,0.94,173.0,0.95,161.01,0.01,0.01,2320.962482,1776209889000
1776209891.077,191.077,0.06,192.69,0.05,156.01,0.07,34.71,0.08,110.0,0.93,24.71,0.92,110.0,0.94,188.76,0.95,161.01,0.01,0.01,2320.962482,1776209890000
1776209892.517,192.517,0.06,192.69,0.05,150.0,0.07,65.88,0.08,125.5,0.93,34.71,0.92,110.0,0.94,192.69,0.95,156.01,0.01,0.01,2320.962482,1776209890000
1776209892.915,192.915,0.06,183.19,0.05,150.0,0.07,65.88,0.08,125.5,0.93,65.88,0.92,125.5,0.94,192.69,0.95,150.0,0.01,0.01,2320.879712,1776209891000
1776209893.208,193.208,0.06,183.19,0.05,150.0,0.07,65.88,0.08,125.5,0.93,65.88,0.92,125.5,0.94,183.19,0.95,150.0,0.01,0.01,2320.811886,1776209892000
1776209894.325,194.325,0.06,214.19,0.05,150.0,0.1,3.62,0.11,5.9,0.93,65.88,0.92,125.5,0.94,183.19,0.95,150.0,0.04,0.01,2320.811886,1776209892000
1776209894.54,194.54,0.06,214.19,0.05,150.0,0.1,3.62,0.11,5.9,0.9,3.62,0.89,5.9,0.94,214.19,0.95,150.0,0.04,0.04,2320.734736,1776209893000
1776209895.163,195.163,0.07,31.0,0.06,112.19,0.08,3.4,0.1,3.62,0.9,3.62,0.89,5.9,0.94,214.19,0.95,150.0,0.01,0.04,2320.734736,1776209893000
1776209895.415,195.415,0.07,31.0,0.06,112.19,0.08,3.4,0.1,3.62,0.92,3.4,0.9,3.62,0.93,46.0,0.94,112.19,0.01,0.01,2320.783548,1776209894000
1776209895.714,195.714,0.08,25.6,0.07,233.78,0.1,8.62,0.11,44.25,0.92,3.4,0.9,3.62,0.93,46.0,0.94,112.19,0.02,0.01,2320.783548,1776209894000
1776209895.929,195.929,0.11,20.96,0.09,19.21,0.12,10.0,0.13,10.0,0.88,20.0,0.86,16.72,0.89,15.46,0.92,25.6,0.01,0.01,2320.783548,1776209894000
1776209896.139,196.139,0.11,61.96,0.09,19.21,0.12,15.0,0.13,10.0,0.88,10.0,0.87,10.0,0.89,20.96,0.91,19.21,0.01,0.01,2320.783548,1776209894000
1776209896.642,196.642,0.11,142.46,0.1,35.5,0.12,101.69,0.13,15.0,0.88,15.0,0.87,10.0,0.89,61.96,0.91,19.21,0.01,0.01,2320.783548,1776209894000
1776209897.132,197.132,0.11,124.53,0.1,35.5,0.12,118.59,0.13,15.0,0.88,118.59,0.87,15.0,0.89,126.88,0.9,35.5,0.01,0.01,2321.24372,1776209895000
1776209897.465,197.465,0.11,84.08,0.1,35.5,0.12,123.59,0.13,15.0,0.88,123.59,0.87,15.0,0.89,84.08,0.9,35.5,0.01,0.01,2321.452144,1776209896000
1776209897.807,197.807,0.11,75.86,0.1,81.13,0.12,128.59,0.13,15.0,0.88,118.59,0.87,15.0,0.89,76.99,0.9,44.71,0.01,0.01,2321.452144,1776209896000
1776209898.118,198.118,0.11,64.13,0.1,81.13,0.12,128.59,0.13,15.0,0.88,128.59,0.87,15.0,0.89,73.31,0.9,81.13,0.01,0.01,2321.452144,1776209896000
1776209898.37,198.37,0.11,64.13,0.1,81.13,0.12,128.59,0.13,15.0,0.88,128.59,0.87,15.0,0.89,64.13,0.9,81.13,0.01,0.01,2321.591242,1776209897000
1776209899.153,199.153,0.11,53.13,0.1,25.5,0.12,123.59,0.13,15.0,0.88,123.59,0.87,15.0,0.89,53.13,0.9,25.5,0.01,0.01,2321.59305,1776209898000
1776209900.559,200.559,0.11,50.45,0.1,10.0,0.12,128.59,0.13,15.0,0.88,128.59,0.87,15.0,0.89,50.45,0.9,10.0,0.01,0.01,2321.593685,1776209899000
1776209901.383,201.383,0.11,50.45,0.1,10.0,0.12,128.59,0.13,15.0,0.88,128.59,0.87,15.0,0.89,50.45,0.9,10.0,0.01,0.01,2321.592612,1776209900000
1776209902.137,202.137,0.11,46.0,0.1,10.0,0.12,133.59,0.13,15.0,0.88,133.59,0.87,15.0,0.89,46.0,0.9,10.0,0.01,0.01,2321.592598,1776209901000
1776209903.523,203.523,0.11,46.0,0.1,10.0,0.12,133.59,0.13,15.0,0.88,133.59,0.87,15.0,0.89,46.0,0.9,10.0,0.01,0.01,2321.598164,1776209902000
1776209903.757,203.757,0.09,21.0,0.08,60.0,0.1,70.4,0.11,106.31,0.88,133.59,0.87,15.0,0.89,46.0,0.9,10.0,0.01,0.01,2321.598164,1776209902000
1776209904.187,204.187,0.09,21.0,0.08,60.0,0.1,70.4,0.11,106.31,0.9,70.4,0.89,106.31,0.91,21.0,0.92,60.0,0.01,0.01,2321.599366,1776209903000
1776209905.627,205.627,0.09,21.0,0.08,60.0,0.1,70.4,0.11,106.31,0.9,70.4,0.89,106.31,0.91,21.0,0.92,60.0,0.01,0.01,2321.497635,1776209904000
1776209906.272,206.272,0.09,21.0,0.08,60.0,0.1,70.4,0.11,106.31,0.9,70.4,0.89,106.31,0.91,21.0,0.92,60.0,0.01,0.01,2321.427403,1776209905000
1776209907.287,207.287,0.09,10.0,0.08,90.62,0.1,10.9,0.11,10.0,0.9,70.4,0.89,106.31,0.91,21.0,0.92,60.0,0.01,0.01,2321.427403,1776209905000
1776209907.773,207.773,0.1,17.1,0.09,10.0,0.11,10.0,0.13,21.0,0.89,10.0,0.87,21.0,0.9,17.1,0.91,10.0,0.01,0.01,2321.425088,1776209906000
1776209908.509,208.509,0.11,6.0,0.1,64.98,0.12,15.0,0.13,20.5,0.88,15.0,0.87,20.5,0.89,6.0,0.9,64.98,0.01,0.01,2321.43916,1776209907000
1776209909.034,209.034,0.12,10.0,0.11,123.5,0.13,3.94,0.14,15.0,0.87,15.0,0.86,32.22,0.89,40.0,0.9,36.48,0.01,0.02,2321.43916,1776209907000
1776209909.514,209.514,0.13,70.91,0.12,10.0,0.14,35.0,0.15,20.0,0.86,15.0,0.85,20.0,0.87,18.06,0.88,36.5,0.01,0.01,2321.54202,1776209908000
1776209910.011,210.011,0.13,68.16,0.12,10.0,0.14,121.86,0.15,25.0,0.86,35.0,0.85,20.0,0.87,70.91,0.88,10.0,0.01,0.01,2321.54202,1776209908000
1776209910.361,210.361,0.12,12.0,0.11,39.5,0.13,10.38,0.14,101.86,0.87,10.0,0.86,126.86,0.88,18.55,0.89,39.5,0.01,0.01,2321.54202,1776209908000
1776209910.565,210.565,0.12,19.5,0.11,39.5,0.13,133.87,0.14,20.0,0.87,133.87,0.86,20.0,0.88,19.5,0.89,39.5,0.01,0.01,2321.662073,1776209909000
1776209911.019,211.019,0.09,35.0,0.08,65.0,0.1,17.0,0.12,83.5,0.87,133.87,0.86,20.0,0.88,19.5,0.89,39.5,0.01,0.01,2321.662073,1776209909000
1776209911.226,211.226,0.09,13.64,0.08,60.0,0.1,59.5,0.11,80.5,0.9,17.0,0.88,83.5,0.91,35.0,0.92,65.0,0.01,0.01,2321.662073,1776209909000
1776209911.683,211.683,0.08,68.33,0.07,110.0,0.1,181.33,0.11,80.5,0.9,59.5,0.89,80.5,0.91,13.64,0.92,60.0,0.02,0.01,2321.81664,1776209910000
1776209912.185,212.185,0.08,80.95,0.07,110.0,0.09,5.0,0.1,170.83,0.9,181.33,0.89,80.5,0.92,68.33,0.93,110.0,0.01,0.02,2321.81664,1776209910000
1776209912.46,212.46,0.08,80.95,0.07,110.0,0.09,5.0,0.1,170.83,0.91,5.0,0.9,170.83,0.92,75.95,0.93,110.0,0.01,0.01,2321.820087,1776209911000
1776209912.886,212.886,0.08,80.95,0.07,110.0,0.09,5.0,0.1,170.83,0.91,5.0,0.9,170.83,0.92,75.95,0.93,110.0,0.01,0.01,2321.5722,1776209912000
1776209913.876,213.876,0.08,80.95,0.07,110.0,0.09,5.0,0.1,170.83,0.91,5.0,0.9,170.83,0.92,75.95,0.93,110.0,0.01,0.01,2321.540762,1776209913000
1776209914.078,214.078,0.08,53.22,0.07,120.0,0.09,88.67,0.1,6.62,0.91,5.0,0.9,170.83,0.92,75.95,0.93,110.0,0.01,0.01,2321.540762,1776209913000
1776209914.335,214.335,0.08,51.99,0.07,120.0,0.09,60.41,0.1,6.62,0.91,60.67,0.9,6.62,0.92,56.99,0.93,120.0,0.01,0.01,2321.540762,1776209913000
1776209914.878,214.878,0.08,51.99,0.07,120.0,0.09,60.41,0.1,6.62,0.91,60.41,0.9,6.62,0.92,51.99,0.93,120.0,0.01,0.01,2321.540813,1776209914000
1776209915.18,215.18,0.08,48.26,0.07,207.0,0.09,11.74,0.1,16.62,0.91,11.74,0.9,16.62,0.92,49.46,0.93,207.0,0.01,0.01,2321.540813,1776209914000
1776209915.562,215.562,0.08,36.42,0.07,140.0,0.09,101.68,0.1,16.62,0.91,11.74,0.9,16.62,0.92,44.09,0.93,207.0,0.01,0.01,2321.540813,1776209914000
1776209915.886,215.886,0.08,30.22,0.07,140.0,0.09,118.41,0.1,16.62,0.91,118.41,0.9,16.62,0.92,30.22,0.93,140.0,0.01,0.01,2321.584945,1776209915000
1776209916.092,216.092,0.08,16.2,0.07,115.0,0.09,26.73,0.1,16.62,0.91,118.41,0.9,16.62,0.92,17.36,0.93,115.0,0.01,0.01,2321.584945,1776209915000
1776209916.418,216.418,0.08,1.77,0.07,120.0,0.09,21.73,0.1,21.62,0.91,21.73,0.9,21.62,0.92,24.83,0.93,120.0,0.01,0.01,2321.584945,1776209915000
1776209916.63,216.63,0.08,8.95,0.07,120.0,0.09,26.73,0.1,121.93,0.91,21.73,0.9,21.62,0.92,1.77,0.93,120.0,0.01,0.01,2321.584945,1776209915000
1776209916.856,216.856,0.08,8.95,0.07,120.0,0.09,26.73,0.1,121.93,0.91,26.73,0.9,121.93,0.92,8.95,0.93,120.0,0.01,0.01,2321.599204,1776209916000
1776209917.875,217.875,0.08,40.62,0.07,165.0,0.1,10.47,0.11,10.0,0.91,26.73,0.9,121.93,0.92,8.95,0.93,120.0,0.02,0.01,2321.599204,1776209916000
1776209918.205,218.205,0.1,34.24,0.09,10.0,0.11,7.11,0.12,10.0,0.89,7.11,0.88,10.0,0.9,33.03,0.91,15.0,0.01,0.01,2321.6245,1776209917000
1776209918.889,218.889,0.1,34.24,0.09,10.0,0.11,7.11,0.12,10.0,0.89,7.11,0.88,10.0,0.9,34.24,0.91,10.0,0.01,0.01,2321.62403,1776209918000
1776209919.61,219.61,0.1,31.41,0.09,15.0,0.11,23.11,0.12,136.29,0.89,7.11,0.88,10.0,0.9,34.24,0.91,10.0,0.01,0.01,2321.62403,1776209918000
1776209919.899,219.899,0.1,31.41,0.09,15.0,0.11,23.11,0.12,136.29,0.89,23.11,0.88,136.29,0.9,31.41,0.91,15.0,0.01,0.01,2321.703793,1776209919000
1776209920.992,220.992,0.1,31.41,0.09,15.0,0.11,23.11,0.12,136.29,0.89,23.11,0.88,136.29,0.9,31.41,0.91,15.0,0.01,0.01,2321.759756,1776209920000
1776209921.649,221.649,0.1,61.91,0.09,52.0,0.12,20.0,0.13,15.0,0.89,23.11,0.88,136.29,0.9,31.41,0.91,15.0,0.02,0.01,2321.759756,1776209920000
1776209922.003,222.003,0.1,61.91,0.09,52.0,0.13,2.61,0.14,10.0,0.87,2.61,0.86,10.0,0.9,61.91,0.91,52.0,0.03,0.03,2321.768543,1776209921000
1776209923.033,223.033,0.1,61.91,0.09,52.0,0.13,2.61,0.14,10.0,0.87,2.61,0.86,10.0,0.9,61.91,0.91,52.0,0.03,0.03,2321.794919,1776209922000
1776209924.139,224.139,0.1,61.91,0.09,52.0,0.13,2.61,0.14,10.0,0.87,2.61,0.86,10.0,0.9,61.91,0.91,52.0,0.03,0.03,2321.913895,1776209923000
1776209924.393,224.393,0.1,64.41,0.09,35.0,0.12,16.0,0.13,36.5,0.87,2.61,0.86,10.0,0.9,61.91,0.91,52.0,0.02,0.03,2321.913895,1776209923000
1776209924.831,224.831,0.1,54.41,0.09,35.0,0.11,42.19,0.12,16.0,0.88,16.0,0.87,36.5,0.9,64.41,0.91,35.0,0.01,0.02,2321.913895,1776209923000
1776209925.256,225.256,0.1,53.29,0.09,35.0,0.11,42.19,0.12,16.0,0.89,42.19,0.88,16.0,0.9,54.41,0.91,35.0,0.01,0.01,2321.913895,1776209923000
1776209925.636,225.636,0.1,40.29,0.09,35.0,0.11,47.19,0.12,16.0,0.89,42.19,0.88,16.0,0.9,39.29,0.91,35.0,0.01,0.01,2321.913895,1776209923000
1776209926.002,226.002,0.1,28.29,0.09,40.0,0.11,57.19,0.12,16.0,0.89,47.19,0.88,16.0,0.9,40.29,0.91,35.0,0.01,0.01,2321.906715,1776209924000
1776209926.404,226.404,0.1,28.29,0.09,40.0,0.11,48.09,0.12,16.0,0.89,57.19,0.88,16.0,0.9,28.29,0.91,40.0,0.01,0.01,2321.88279,1776209925000
1776209927.152,227.152,0.1,28.29,0.09,40.0,0.11,48.09,0.12,16.0,0.89,48.09,0.88,16.0,0.9,28.29,0.91,40.0,0.01,0.01,2321.87799,1776209926000
1776209928.129,228.129,0.1,20.99,0.09,40.0,0.11,43.09,0.12,26.5,0.89,43.09,0.88,26.5,0.9,20.99,0.91,40.0,0.01,0.01,2321.872011,1776209927000
1776209928.942,228.942,0.12,14.0,0.1,45.5,0.14,10.0,0.15,20.0,0.89,43.09,0.88,26.5,0.9,20.99,0.91,40.0,0.02,0.01,2321.872011,1776209927000
1776209929.146,229.146,0.16,45.71,0.15,10.0,0.17,40.0,0.18,20.0,0.86,10.0,0.85,20.0,0.88,14.0,0.9,45.5,0.01,0.02,2321.872011,1776209927000
1776209929.906,229.906,0.16,97.85,0.15,35.5,0.17,25.0,0.18,20.0,0.83,40.0,0.82,20.0,0.84,45.71,0.85,10.0,0.01,0.01,2321.870919,1776209928000
1776209930.246,230.246,0.16,97.85,0.15,35.5,0.17,25.0,0.18,20.0,0.83,25.0,0.82,20.0,0.84,97.85,0.85,35.5,0.01,0.01,2321.89805,1776209929000
1776209930.923,230.923,0.16,108.13,0.15,64.5,0.17,25.0,0.18,20.0,0.83,25.0,0.82,20.0,0.84,104.94,0.85,35.5,0.01,0.01,2321.89805,1776209929000
1776209931.283,231.283,0.16,102.61,0.15,64.5,0.17,25.0,0.18,20.0,0.83,25.0,0.82,20.0,0.84,102.61,0.85,64.5,0.01,0.01,2322.506745,1776209930000
1776209931.496,231.496,0.16,46.17,0.15,88.49,0.17,30.0,0.18,20.0,0.83,25.0,0.82,20.0,0.84,102.61,0.85,64.5,0.01,0.01,2322.506745,1776209930000
1776209932.331,232.331,0.16,38.28,0.15,88.49,0.17,25.0,0.18,20.0,0.83,25.0,0.82,20.0,0.84,38.28,0.85,88.49,0.01,0.01,2322.573405,1776209931000
1776209932.593,232.593,0.16,172.78,0.15,25.5,0.2,7.9,0.21,30.0,0.83,25.0,0.82,20.0,0.84,38.28,0.85,88.49,0.04,0.01,2322.573405,1776209931000
1776209933.368,233.368,0.19,96.0,0.18,15.0,0.22,25.0,0.23,110.0,0.78,25.0,0.77,110.0,0.81,96.0,0.82,15.0,0.03,0.03,2322.56399,1776209932000
1776209933.574,233.574,0.24,15.83,0.22,54.0,0.26,125.0,0.27,100.0,0.78,25.0,0.77,110.0,0.81,96.0,0.82,15.0,0.02,0.03,2322.56399,1776209932000
1776209934.313,234.313,0.24,15.83,0.22,54.0,0.26,125.0,0.27,100.0,0.74,125.0,0.73,100.0,0.76,15.83,0.78,54.0,0.02,0.02,2322.793978,1776209933000
1776209934.569,234.569,0.31,7.78,0.3,10.0,0.33,80.0,0.35,35.0,0.74,125.0,0.73,100.0,0.76,15.83,0.78,54.0,0.02,0.02,2322.793978,1776209933000
1776209934.926,234.926,0.32,10.0,0.31,17.78,0.33,30.0,0.35,35.0,0.67,80.0,0.65,35.0,0.69,7.78,0.7,10.0,0.01,0.02,2322.793978,1776209933000
1776209935.321,235.321,0.32,10.0,0.31,17.78,0.33,30.0,0.35,35.0,0.67,30.0,0.65,35.0,0.68,10.0,0.69,17.78,0.01,0.01,2323.173579,1776209934000
1776209935.528,235.528,0.34,44.0,0.33,65.78,0.35,4.05,0.36,60.0,0.67,30.0,0.65,35.0,0.68,10.0,0.69,17.78,0.01,0.01,2323.173579,1776209934000
1776209935.763,235.763,0.33,12.45,0.32,10.0,0.35,4.05,0.36,10.0,0.65,4.05,0.64,60.0,0.66,44.0,0.67,65.78,0.02,0.01,2323.173579,1776209934000
1776209936.043,236.043,0.33,54.0,0.32,10.0,0.35,3.56,0.36,10.0,0.65,4.05,0.64,10.0,0.67,12.45,0.68,10.0,0.02,0.02,2323.173579,1776209934000
1776209936.692,236.692,0.34,3.48,0.33,15.0,0.35,25.5,0.36,23.06,0.64,7.56,0.63,15.0,0.67,59.0,0.68,10.0,0.01,0.03,2323.18979,1776209935000
1776209937.221,237.221,0.34,1.96,0.33,15.0,0.35,25.5,0.36,23.06,0.65,25.5,0.64,23.06,0.66,1.96,0.67,15.0,0.01,0.01,2323.20502,1776209936000
1776209937.588,237.588,0.35,7.5,0.34,69.0,0.36,23.06,0.37,25.5,0.65,25.5,0.64,23.06,0.66,1.96,0.67,15.0,0.01,0.01,2323.20502,1776209936000
1776209938.144,238.144,0.35,9.68,0.34,10.0,0.36,28.06,0.37,25.5,0.64,33.06,0.63,25.5,0.65,17.88,0.66,10.0,0.01,0.01,2323.20502,1776209936000
1776209938.461,238.461,0.35,12.46,0.33,5.0,0.36,78.06,0.37,25.5,0.64,28.06,0.63,25.5,0.65,9.68,0.66,10.0,0.01,0.01,2323.20502,1776209936000
1776209938.88,238.88,0.35,12.46,0.33,5.0,0.36,78.06,0.37,25.5,0.64,78.06,0.63,25.5,0.65,12.46,0.67,5.0,0.01,0.01,2323.189187,1776209937000
1776209939.328,239.328,0.3,50.0,0.26,85.0,0.31,47.22,0.33,82.5,0.69,47.22,0.67,82.5,0.7,50.0,0.74,85.0,0.01,0.01,2323.190123,1776209938000
1776209939.97,239.97,0.21,90.0,0.2,10.05,0.22,5.5,0.23,10.0,0.69,47.22,0.67,82.5,0.7,50.0,0.74,85.0,0.01,0.01,2323.190123,1776209938000
1776209941.147,241.147,0.21,90.0,0.2,10.05,0.22,5.5,0.23,10.0,0.78,5.5,0.77,10.0,0.79,90.0,0.8,10.05,0.01,0.01,2322.855117,1776209940000
1776209942.026,242.026,0.21,13.67,0.2,15.0,0.22,5.0,0.24,10.0,0.78,5.5,0.77,10.0,0.79,90.0,0.8,10.05,0.01,0.01,2322.855117,1776209940000
1776209942.252,242.252,0.21,8.73,0.2,15.0,0.22,5.0,0.23,10.0,0.78,5.0,0.77,10.0,0.79,8.73,0.8,15.0,0.01,0.01,2322.785722,1776209941000
1776209942.724,242.724,0.21,5.19,0.2,20.05,0.22,15.0,0.23,15.0,0.78,20.0,0.77,15.0,0.79,7.73,0.8,20.05,0.01,0.01,2322.785722,1776209941000
1776209943.149,243.149,0.21,7.65,0.2,20.05,0.22,15.0,0.23,15.0,0.78,15.0,0.77,15.0,0.79,5.19,0.8,20.05,0.01,0.01,2322.785722,1776209941000
1776209943.39,243.39,0.21,7.65,0.2,20.05,0.22,15.0,0.23,15.0,0.78,15.0,0.77,15.0,0.79,7.65,0.8,20.05,0.01,0.01,2322.77259,1776209942000
1776209943.908,243.908,0.21,7.65,0.2,20.05,0.22,15.0,0.23,15.0,0.78,15.0,0.77,15.0,0.79,7.65,0.8,20.05,0.01,0.01,2322.77383,1776209943000
1776209944.18,244.18,0.21,10.0,0.2,30.05,0.23,13.0,0.24,20.0,0.78,15.0,0.77,15.0,0.79,7.65,0.8,20.05,0.02,0.01,2322.77383,1776209943000
1776209944.582,244.582,0.21,7.46,0.2,20.05,0.22,25.0,0.23,13.0,0.77,13.0,0.76,20.0,0.79,10.0,0.8,30.05,0.01,0.02,2322.77383,1776209943000
1776209945.051,245.051,0.2,15.51,0.19,70.0,0.22,25.0,0.23,13.0,0.78,25.0,0.77,13.0,0.8,15.51,0.81,70.0,0.02,0.02,2322.80729,1776209944000
1776209946.125,246.125,0.2,15.51,0.19,70.0,0.22,25.0,0.23,13.0,0.78,25.0,0.77,13.0,0.8,15.51,0.81,70.0,0.02,0.02,2322.805273,1776209945000
1776209947.248,247.248,0.2,15.51,0.19,70.0,0.22,25.0,0.23,13.0,0.78,25.0,0.77,13.0,0.8,15.51,0.81,70.0,0.02,0.02,2322.808225,1776209946000
1776209948.398,248.398,0.2,27.46,0.19,72.45,0.24,45.0,0.25,10.0,0.76,45.0,0.75,10.0,0.8,27.46,0.81,72.45,0.04,0.04,2322.807459,1776209947000
1776209949.04,249.04,0.31,44.03,0.3,15.0,0.32,50.0,0.33,105.0,0.72,35.0,0.71,55.0,0.73,77.42,0.74,15.0,0.01,0.01,2322.807459,1776209947000
1776209949.981,249.981,0.34,15.0,0.33,20.0,0.35,6.74,0.36,75.0,0.67,105.0,0.64,70.0,0.69,45.0,0.7,15.0,0.01,0.02,2322.819877,1776209948000
1776209951.295,251.295,0.34,15.0,0.33,20.0,0.35,6.74,0.36,75.0,0.65,6.74,0.64,75.0,0.66,15.0,0.67,20.0,0.01,0.01,2323.128915,1776209950000
1776209951.578,251.578,0.35,15.0,0.34,30.0,0.36,61.66,0.37,20.0,0.65,6.74,0.64,75.0,0.66,15.0,0.67,20.0,0.01,0.01,2323.128915,1776209950000
1776209951.881,251.881,0.35,15.0,0.34,30.0,0.36,61.66,0.37,20.0,0.64,61.66,0.63,20.0,0.65,15.0,0.66,30.0,0.01,0.01,2323.129395,1776209951000
1776209952.434,252.434,0.39,162.34,0.38,30.0,0.42,35.0,0.43,77.0,0.6,34.5,0.59,45.0,0.61,1.8,0.62,20.0,0.03,0.01,2323.129395,1776209951000
1776209952.661,252.661,0.42,10.0,0.41,60.0,0.49,5.4,0.5,75.0,0.51,9.89,0.5,75.0,0.58,10.0,0.59,60.0,0.07,0.07,2323.129395,1776209951000
1776209953.006,253.006,0.55,46.26,0.54,20.0,0.56,55.0,0.57,5.0,0.44,135.0,0.42,235.0,0.58,10.0,0.59,60.0,0.01,0.14,2323.129395,1776209951000
1776209953.469,253.469,0.55,54.26,0.54,20.0,0.56,3.2,0.57,5.0,0.44,4.35,0.43,5.0,0.45,53.26,0.46,20.0,0.01,0.01,2323.129395,1776209951000
1776209954.262,254.262,0.55,59.26,0.54,20.0,0.58,235.0,0.59,125.0,0.42,235.0,0.41,125.0,0.45,59.26,0.46,20.0,0.03,0.03,2323.22236,1776209953000
1776209954.677,254.677,0.6,57.4,0.59,15.0,0.61,75.0,0.62,125.0,0.41,50.0,0.4,110.0,0.42,15.0,0.43,20.0,0.01,0.01,2323.22236,1776209953000
1776209955.517,255.517,0.63,89.0,0.62,35.0,0.64,25.0,0.65,125.0,0.38,125.0,0.37,10.0,0.4,67.4,0.41,15.0,0.01,0.02,2323.22236,1776209953000
1776209955.763,255.763,0.65,163.99,0.64,48.0,0.66,70.0,0.67,75.0,0.36,25.0,0.35,125.0,0.37,89.0,0.38,35.0,0.01,0.01,2323.79532,1776209954000
1776209955.978,255.978,0.65,163.99,0.64,48.0,0.66,68.48,0.67,75.0,0.34,70.0,0.33,75.0,0.35,163.99,0.36,48.0,0.01,0.01,2323.79532,1776209954000
1776209956.302,256.302,0.65,163.99,0.64,48.0,0.66,68.48,0.67,75.0,0.34,68.48,0.33,75.0,0.35,163.99,0.36,48.0,0.01,0.01,2323.79822,1776209955000
1776209957.053,257.053,0.65,163.99,0.64,48.0,0.66,68.48,0.67,75.0,0.34,68.48,0.33,75.0,0.35,163.99,0.36,48.0,0.01,0.01,2323.912393,1776209956000
1776209957.698,257.698,0.85,53.45,0.84,15.0,0.86,46.16,0.87,30.0,0.34,68.48,0.33,75.0,0.35,163.99,0.36,48.0,0.01,0.01,2323.912393,1776209956000
1776209957.963,257.963,0.85,131.99,0.84,36.0,0.86,32.04,0.87,30.0,0.14,26.93,0.13,30.0,0.15,58.45,0.16,15.0,0.01,0.01,2323.912393,1776209956000
1776209958.288,258.288,0.85,10.0,0.84,5.0,0.86,172.12,0.87,70.0,0.14,32.04,0.13,30.0,0.15,131.99,0.16,36.0,0.01,0.01,2323.912393,1776209956000
1776209958.513,258.513,0.82,16.0,0.81,20.0,0.84,19.0,0.86,237.12,0.14,347.12,0.13,70.0,0.17,15.0,0.18,51.0,0.02,0.03,2323.98028,1776209957000
1776209958.845,258.845,0.8,31.75,0.77,12.45,0.82,70.0,0.83,10.0,0.18,11.77,0.16,39.0,0.19,20.0,0.2,54.05,0.02,0.01,2323.98028,1776209957000
1776209959.149,259.149,0.8,6.75,0.79,10.0,0.81,305.27,0.82,10.0,0.19,305.27,0.18,10.0,0.2,31.75,0.21,10.0,0.01,0.01,2324.213023,1776209958000
1776209959.475,259.475,0.78,10.0,0.77,22.45,0.8,194.0,0.81,81.0,0.19,315.96,0.18,27.0,0.2,1.75,0.21,10.0,0.02,0.01,2324.213023,1776209958000
1776209959.807,259.807,0.75,10.0,0.74,10.0,0.78,22.43,0.8,94.0,0.2,197.12,0.19,76.0,0.21,10.0,0.22,10.0,0.03,0.01,2324.213023,1776209958000
1776209960.067,260.067,0.74,19.45,0.73,20.0,0.76,11.36,0.77,14.0,0.24,10.83,0.23,14.0,0.26,7.0,0.27,20.0,0.02,0.02,2324.213023,1776209958000
1776209960.471,260.471,0.75,10.0,0.74,19.45,0.76,4.29,0.77,14.0,0.24,11.36,0.23,14.0,0.26,19.45,0.27,20.0,0.01,0.02,2324.466281,1776209959000
1776209960.976,260.976,0.77,2.82,0.76,10.0,0.79,60.0,0.8,10.0,0.2,10.0,0.19,97.0,0.25,10.0,0.26,19.45,0.02,0.05,2324.466281,1776209959000
1776209961.218,261.218,0.73,10.0,0.72,22.45,0.75,5.15,0.76,10.0,0.23,3.61,0.22,10.0,0.24,5.0,0.25,5.0,0.02,0.01,2324.466281,1776209959000
1776209962.005,262.005,0.73,10.0,0.72,22.45,0.75,5.15,0.76,10.0,0.25,5.15,0.24,10.0,0.27,10.0,0.28,22.45,0.02,0.02,2324.29719,1776209961000
1776209962.25,262.25,0.77,5.65,0.76,22.45,0.78,22.72,0.81,36.0,0.19,26.0,0.18,92.0,0.27,56.0,0.28,20.0,0.01,0.08,2324.29719,1776209961000
1776209963.359,263.359,0.77,5.65,0.76,22.45,0.78,22.72,0.81,36.0,0.22,22.72,0.19,36.0,0.23,5.65,0.24,22.45,0.01,0.01,2324.236316,1776209962000
1776209963.561,263.561,0.8,31.0,0.79,20.0,0.81,5.31,0.82,85.0,0.19,5.31,0.18,85.0,0.2,31.0,0.21,20.0,0.01,0.01,2324.236316,1776209962000
1776209964.004,264.004,0.8,31.0,0.79,20.0,0.81,5.31,0.82,85.0,0.19,5.31,0.18,85.0,0.2,31.0,0.21,20.0,0.01,0.01,2324.272757,1776209963000
1776209964.283,264.283,0.8,69.99,0.79,31.54,0.81,8.76,0.82,135.0,0.19,14.07,0.18,135.0,0.2,54.99,0.21,31.54,0.01,0.01,2324.272757,1776209963000
1776209964.805,264.805,0.8,91.45,0.79,36.54,0.82,25.0,0.83,10.0,0.19,8.76,0.18,135.0,0.2,69.99,0.21,31.54,0.02,0.01,2324.272757,1776209963000
1776209965.236,265.236,0.84,25.0,0.83,25.0,0.85,13.33,0.86,29.91,0.15,13.33,0.14,29.91,0.16,25.0,0.17,25.0,0.01,0.01,2324.27103,1776209964000
1776209965.509,265.509,0.78,15.0,0.74,10.0,0.8,4.68,0.81,60.0,0.15,13.33,0.14,29.91,0.16,25.0,0.17,25.0,0.02,0.01,2324.27103,1776209964000
1776209965.722,265.722,0.76,10.0,0.75,10.0,0.81,16.0,0.83,28.0,0.2,4.68,0.19,60.0,0.22,15.0,0.26,10.0,0.05,0.02,2324.27103,1776209964000
1776209966.16,266.16,0.8,15.0,0.79,20.0,0.81,1.63,0.83,18.0,0.19,3.49,0.17,18.0,0.2,15.0,0.21,15.0,0.01,0.01,2324.27103,1776209964000
1776209966.51,266.51,0.8,15.0,0.79,20.0,0.83,17.54,0.84,10.0,0.17,17.54,0.16,10.0,0.2,15.0,0.21,20.0,0.03,0.03,2324.26893,1776209965000
1776209967.0,267.0,0.8,92.83,0.78,5.0,0.81,15.0,0.82,10.0,0.17,17.54,0.16,10.0,0.2,15.0,0.21,20.0,0.01,0.03,2324.26893,1776209965000
1776209967.669,267.669,0.79,126.31,0.78,15.0,0.81,3.8,0.82,10.0,0.19,3.8,0.18,10.0,0.2,68.83,0.22,5.0,0.02,0.01,2324.404821,1776209966000
1776209968.185,268.185,0.82,15.0,0.81,10.0,0.85,23.33,0.86,148.91,0.19,3.8,0.18,10.0,0.21,126.31,0.22,15.0,0.03,0.02,2324.404821,1776209966000
1776209968.434,268.434,0.84,87.54,0.83,45.45,0.85,32.73,0.86,98.91,0.15,23.33,0.14,148.91,0.18,15.0,0.19,10.0,0.01,0.03,2324.321022,1776209967000
1776209968.774,268.774,0.84,134.84,0.83,15.0,0.85,19.71,0.86,39.91,0.15,130.48,0.14,123.91,0.16,147.29,0.17,15.0,0.01,0.01,2324.321022,1776209967000
1776209969.004,269.004,0.84,201.38,0.83,55.0,0.85,15.23,0.86,89.91,0.15,15.23,0.14,89.91,0.16,201.38,0.17,55.0,0.01,0.01,2324.318506,1776209968000
1776209969.412,269.412,0.85,63.45,0.84,24.57,0.91,10.0,0.92,10.0,0.15,8.76,0.14,39.91,0.16,196.38,0.17,35.0,0.06,0.01,2324.318506,1776209968000
1776209969.856,269.856,0.89,23.99,0.88,28.99,0.9,38.52,0.91,60.0,0.1,33.52,0.09,10.0,0.11,80.99,0.12,26.3,0.01,0.01,2324.318506,1776209968000
1776209970.09,270.09,0.89,23.99,0.88,28.99,0.9,40.17,0.91,60.0,0.1,169.22,0.09,60.0,0.11,23.99,0.12,28.99,0.01,0.01,2324.318506,1776209968000
1776209970.316,270.316,0.81,55.0,0.8,15.0,0.82,8.78,0.83,10.0,0.1,40.17,0.09,60.0,0.11,23.99,0.12,28.99,0.01,0.01,2324.317868,1776209969000
1776209970.581,270.581,0.84,101.68,0.83,10.0,0.85,10.0,0.86,10.0,0.18,3.17,0.16,4.64,0.19,143.54,0.2,31.0,0.01,0.01,2324.317868,1776209969000
1776209970.986,270.986,0.81,10.0,0.78,10.0,0.83,10.0,0.84,10.0,0.15,10.0,0.14,10.0,0.16,101.68,0.17,10.0,0.02,0.01,2324.317868,1776209969000
1776209971.206,271.206,0.79,4.95,0.78,10.0,0.81,10.0,0.82,45.0,0.18,35.0,0.17,28.0,0.2,5.0,0.21,5.0,0.02,0.02,2324.317868,1776209969000
1776209971.478,271.478,0.79,81.72,0.78,26.0,0.8,25.0,0.81,10.0,0.19,10.0,0.18,45.0,0.21,4.95,0.22,10.0,0.01,0.02,2324.317868,1776209969000
1776209971.732,271.732,0.79,206.52,0.78,36.0,0.8,7.73,0.81,2.97,0.2,8.1,0.19,2.97,0.21,191.52,0.22,26.0,0.01,0.01,2324.317868,1776209969000
1776209972.0,272.0,0.79,196.34,0.78,41.0,0.8,1.23,0.81,2.97,0.2,2.48,0.19,27.97,0.21,198.02,0.22,41.0,0.01,0.01,2324.317868,1776209969000
1776209972.338,272.338,0.79,221.34,0.78,41.0,0.81,15.0,0.82,10.0,0.18,10.0,0.17,28.0,0.21,211.34,0.22,41.0,0.02,0.03,2324.443053,1776209970000
1776209972.582,272.582,0.79,116.54,0.78,41.0,0.81,4.09,0.82,20.0,0.19,15.0,0.18,10.0,0.21,221.34,0.22,41.0,0.02,0.02,2324.443053,1776209970000
1776209972.936,272.936,0.82,10.0,0.81,45.54,0.83,133.0,0.84,10.0,0.19,4.09,0.18,20.0,0.21,116.54,0.22,41.0,0.01,0.02,2324.443053,1776209970000
1776209973.717,273.717,0.82,25.54,0.81,45.0,0.83,116.09,0.84,20.0,0.17,116.09,0.16,20.0,0.18,25.54,0.19,45.0,0.01,0.01,2324.232957,1776209972000
1776209973.976,273.976,0.82,179.1,0.81,45.0,0.85,10.0,0.86,10.0,0.17,116.09,0.16,20.0,0.18,25.54,0.19,45.0,0.03,0.01,2324.232957,1776209972000
1776209974.456,274.456,0.82,179.1,0.81,45.0,0.85,10.0,0.86,10.0,0.15,10.0,0.14,10.0,0.18,179.1,0.19,45.0,0.03,0.03,2324.233007,1776209973000
1776209975.128,275.128,0.82,179.1,0.81,45.0,0.85,10.0,0.86,10.0,0.15,10.0,0.14,10.0,0.18,179.1,0.19,45.0,0.03,0.03,2324.231276,1776209974000
1776209976.319,276.319,0.88,15.0,0.87,15.0,0.89,95.97,0.9,223.52,0.11,80.87,0.1,223.52,0.12,10.0,0.13,10.0,0.01,0.01,2324.231276,1776209974000
1776209977.222,277.222,0.88,15.0,0.87,15.0,0.89,95.97,0.9,223.52,0.11,95.97,0.1,223.52,0.12,15.0,0.13,15.0,0.01,0.01,2324.260555,1776209976000
1776209978.735,278.735,0.88,30.25,0.87,25.0,0.9,179.0,0.91,80.0,0.1,179.0,0.09,80.0,0.12,30.25,0.13,25.0,0.02,0.02,2324.270525,1776209977000
1776209979.363,279.363,0.88,30.25,0.87,25.0,0.9,179.0,0.91,80.0,0.1,179.0,0.09,80.0,0.12,30.25,0.13,25.0,0.02,0.02,2324.266555,1776209978000
1776209979.611,279.611,0.89,90.83,0.88,33.54,0.95,225.0,0.96,80.0,0.1,179.0,0.09,80.0,0.12,30.25,0.13,25.0,0.06,0.02,2324.266555,1776209978000
1776209980.247,280.247,0.89,90.83,0.88,33.54,0.95,225.0,0.96,80.0,0.05,225.0,0.04,80.0,0.11,90.83,0.12,33.54,0.06,0.06,2324.300501,1776209979000
1776209981.532,281.532,0.93,16.0,0.92,63.99,0.94,9.95,0.95,235.0,0.05,225.0,0.04,80.0,0.11,90.83,0.12,33.54,0.01,0.06,2324.300501,1776209979000
1776209982.248,282.248,0.92,35.99,0.91,55.0,0.94,4.95,0.95,245.0,0.06,4.95,0.05,245.0,0.08,35.99,0.09,55.0,0.02,0.02,2324.37955,1776209981000
1776209982.893,282.893,0.93,27.54,0.92,60.99,0.94,3.76,0.95,245.0,0.06,4.95,0.05,245.0,0.08,35.99,0.09,55.0,0.01,0.02,2324.37955,1776209981000
1776209983.586,283.586,0.94,47.54,0.93,56.99,0.95,228.77,0.96,20.0,0.05,238.77,0.04,187.0,0.07,22.54,0.08,60.99,0.01,0.02,2324.37955,1776209981000
1776209984.066,284.066,0.93,38.53,0.92,10.0,0.95,333.77,0.96,560.0,0.05,228.77,0.04,20.0,0.06,47.54,0.07,56.99,0.02,0.01,2324.37171,1776209982000
1776209984.306,284.306,0.92,83.54,0.91,48.0,0.94,9.73,0.95,238.77,0.06,9.73,0.05,238.77,0.08,83.54,0.09,48.0,0.02,0.02,2324.35789,1776209983000
1776209985.563,285.563,0.92,83.54,0.91,48.0,0.94,9.73,0.95,238.77,0.06,9.73,0.05,238.77,0.08,83.54,0.09,48.0,0.02,0.02,2324.38851,1776209984000
1776209986.081,286.081,0.94,178.52,0.93,52.0,0.95,28.77,0.96,20.0,0.06,9.73,0.05,238.77,0.08,83.54,0.09,48.0,0.01,0.02,2324.38851,1776209984000
1776209986.629,286.629,0.94,183.52,0.93,52.0,0.95,18.21,0.96,20.0,0.05,25.61,0.04,20.0,0.06,178.52,0.07,52.0,0.01,0.01,2324.38983,1776209985000
1776209986.894,286.894,0.94,183.52,0.93,52.0,0.95,3.21,0.96,20.0,0.05,18.21,0.04,20.0,0.06,183.52,0.07,52.0,0.01,0.01,2324.38983,1776209985000
1776209987.103,287.103,0.95,54.53,0.94,60.0,0.96,29.96,0.97,101.09,0.05,3.21,0.04,20.0,0.06,183.52,0.07,52.0,0.01,0.01,2324.38983,1776209985000
1776209987.545,287.545,0.95,43.54,0.94,60.0,0.96,28.61,0.97,640.09,0.04,28.61,0.03,640.09,0.05,43.54,0.06,60.0,0.01,0.01,2324.383244,1776209986000
1776209988.169,288.169,0.96,38.0,0.95,144.89,0.97,586.7,0.98,190.0,0.03,583.7,0.02,200.0,0.05,133.89,0.06,60.0,0.01,0.02,2324.383244,1776209986000
1776209988.402,288.402,0.96,63.0,0.95,90.36,0.98,175.24,0.99,7322.0,0.03,586.6,0.02,190.0,0.04,43.0,0.05,144.89,0.02,0.01,2324.383244,1776209986000
1776209988.603,288.603,0.97,112.54,0.96,115.0,0.98,150.13,0.99,7322.0,0.02,155.24,0.01,7322.0,0.03,112.54,0.04,120.0,0.01,0.01,2324.383244,1776209986000
1776209989.15,289.15,0.97,112.54,0.96,115.0,0.98,150.13,0.99,7322.0,0.02,150.13,0.01,7322.0,0.03,112.54,0.04,115.0,0.01,0.01,2324.387165,1776209988000
1776209989.805,289.805,0.97,273.35,0.96,97.0,0.98,127.86,0.99,2322.0,0.02,137.86,0.01,7322.0,0.03,171.54,0.04,97.0,0.01,0.01,2324.387165,1776209988000
1776209990.073,290.073,0.97,160.21,0.96,97.0,0.98,127.86,0.99,2322.0,0.02,127.86,0.01,2322.0,0.03,273.35,0.04,97.0,0.01,0.01,2324.387165,1776209988000
1776209990.576,290.576,0.97,160.21,0.96,102.0,0.98,91.37,0.99,2222.0,0.02,37.4,0.01,2322.0,0.03,160.21,0.04,97.0,0.01,0.01,2324.462237,1776209989000
1776209991.126,291.126,0.97,151.54,0.96,92.0,0.98,90.34,0.99,2232.0,0.02,91.37,0.01,2222.0,0.03,160.21,0.04,102.0,0.01,0.01,2324.462237,1776209989000
1776209991.593,291.593,0.97,156.54,0.96,92.0,0.98,84.34,0.99,2132.0,0.02,90.34,0.01,2232.0,0.03,151.54,0.04,92.0,0.01,0.01,2324.601064,1776209990000
1776209991.806,291.806,0.97,146.54,0.96,92.0,0.98,49.1,0.99,2132.0,0.02,59.31,0.01,2132.0,0.03,156.54,0.04,92.0,0.01,0.01,2324.601064,1776209990000
1776209992.14,292.14,0.97,196.54,0.96,80.0,0.98,36.87,0.99,2132.0,0.02,49.1,0.01,2132.0,0.03,146.54,0.04,92.0,0.01,0.01,2324.601064,1776209990000
1776209992.502,292.502,0.97,191.54,0.96,80.0,0.98,29.01,0.99,2132.0,0.02,36.87,0.01,2132.0,0.03,196.54,0.04,80.0,0.01,0.01,2324.616435,1776209991000
1776209992.974,292.974,0.98,102.03,0.97,94.0,0.99,2111.71,,,0.01,2116.71,,,0.03,196.54,0.04,80.0,0.01,0.02,2324.616435,1776209991000
1776209993.279,293.279,0.98,139.53,0.97,94.0,0.99,2096.55,,,0.01,2111.71,,,0.02,102.03,0.03,94.0,0.01,0.01,2324.616435,1776209991000
1776209993.507,293.507,0.98,144.53,0.97,94.0,0.99,1964.46,,,0.01,2096.55,,,0.02,139.53,0.03,94.0,0.01,0.01,2324.669555,1776209992000
1776209993.807,293.807,0.98,139.53,0.97,94.0,0.99,949.46,,,0.01,1964.46,,,0.02,144.53,0.03,94.0,0.01,0.01,2324.669555,1776209992000
1776209994.078,294.078,0.98,94.54,0.97,94.0,0.99,957.4,,,0.01,959.4,,,0.02,94.54,0.03,94.0,0.01,0.01,2324.669555,1776209992000
1776209994.554,294.554,0.98,99.54,0.97,89.0,0.99,935.19,,,0.01,950.4,,,0.02,94.54,0.03,94.0,0.01,0.01,2324.670265,1776209993000
1776209995.028,295.028,0.98,78.54,0.97,89.0,0.99,930.14,,,0.01,935.19,,,0.02,49.54,0.03,89.0,0.01,0.01,2324.670265,1776209993000
1776209995.327,295.327,0.98,78.54,0.97,89.0,0.99,930.14,,,0.01,930.14,,,0.02,78.54,0.03,89.0,0.01,0.01,2324.67511,1776209994000
1776209995.916,295.916,0.98,384.53,0.97,41.0,0.99,591.91,,,0.01,798.91,,,0.02,106.54,0.03,66.0,0.01,0.01,2324.67511,1776209994000
1776209996.208,296.208,0.98,384.53,0.97,41.0,0.99,473.7,,,0.01,478.79,,,0.02,379.53,0.03,41.0,0.01,0.01,2324.67511,1776209994000
1776209996.852,296.852,0.99,3670.14,0.98,229.0,,,,,,,,,0.01,631.37,0.02,384.53,,,2324.64211,1776209995000
1776209997.23,297.23,0.99,3670.14,0.98,229.0,,,,,,,,,0.01,3670.14,0.02,229.0,,,2324.63829,1776209996000
1776209998.292,298.292,0.99,3670.14,0.98,229.0,,,,,,,,,0.01,3670.14,0.02,229.0,,,2324.834918,1776209997000
1776209999.34,299.34,0.99,3670.14,0.98,229.0,,,,,,,,,0.01,3670.14,0.02,229.0,,,2325.215645,1776209998000
1776209999.777,299.777,0.99,3670.14,0.98,229.0,,,,,,,,,0.01,3670.14,0.02,229.0,,,2325.211355,1776209999000
1776210000.852,300.852,0.99,3670.14,0.98,229.0,,,,,,,,,0.01,3670.14,0.02,229.0,,,2325.07549,1776210000000
1776210002.371,302.371,0.99,3670.14,0.98,229.0,,,,,,,,,0.01,3670.14,0.02,229.0,,,2325.19872,1776210001000

# RESULT,winner=Up,slug=eth-updown-5m-1776209700,ticks=546
