timestamp,elapsed_sec,up_bid_p1,up_bid_s1,up_bid_p2,up_bid_s2,up_ask_p1,up_ask_s1,up_ask_p2,up_ask_s2,down_bid_p1,down_bid_s1,down_bid_p2,down_bid_s2,down_ask_p1,down_ask_s1,down_ask_p2,down_ask_s2,up_spread,down_spread,eth_price,eth_oracle_ts
1776295500.871,0.871,0.53,24.8,0.52,14.0,0.54,133.75,0.55,5.0,0.46,133.75,0.45,5.0,0.47,24.8,0.48,14.0,0.01,0.01,2353.723003,1776295500000
1776295501.365,1.365,0.53,19.16,0.52,14.0,0.54,5.0,0.55,5.0,0.46,133.75,0.45,5.0,0.47,24.8,0.48,14.0,0.01,0.01,2353.723003,1776295500000
1776295502.571,2.571,0.55,0.5,0.53,24.16,0.57,19.82,0.58,11.0,0.43,8.82,0.42,11.0,0.47,24.16,0.48,14.0,0.02,0.04,2353.647132,1776295501000
1776295503.182,3.182,0.55,0.5,0.53,24.16,0.56,9.6,0.57,19.82,0.43,19.82,0.42,11.0,0.45,0.5,0.47,24.16,0.01,0.02,2353.647132,1776295501000
1776295503.432,3.432,0.53,24.16,0.52,14.0,0.56,64.54,0.57,19.82,0.44,69.6,0.43,19.82,0.45,3.27,0.47,24.16,0.03,0.01,2353.735339,1776295502000
1776295505.154,5.154,0.53,7.88,0.52,22.13,0.54,25.0,0.55,10.0,0.44,64.54,0.43,19.82,0.47,24.16,0.48,14.0,0.01,0.03,2353.720259,1776295504000
1776295505.371,5.371,0.49,16.32,0.46,5.0,0.51,15.0,0.52,20.0,0.48,20.0,0.47,20.0,0.5,10.22,0.51,16.32,0.02,0.02,2353.720259,1776295504000
1776295505.62,5.62,0.49,16.32,0.46,5.0,0.5,9.6,0.51,15.0,0.49,15.0,0.48,20.0,0.51,16.32,0.54,5.0,0.01,0.02,2353.720259,1776295504000
1776295505.936,5.936,0.49,18.26,0.48,5.0,0.5,11.38,0.51,70.03,0.5,1.38,0.49,15.0,0.51,26.32,0.52,5.0,0.01,0.01,2353.720259,1776295504000
1776295507.191,7.191,0.49,15.2,0.48,5.0,0.5,31.38,0.51,15.0,0.5,11.38,0.49,70.03,0.51,18.26,0.52,5.0,0.01,0.01,2353.720561,1776295505000
1776295508.383,8.383,0.49,10.69,0.48,5.0,0.5,24.38,0.51,83.65,0.5,14.38,0.49,28.0,0.51,10.2,0.52,5.0,0.01,0.01,2353.484061,1776295507000
1776295509.6,9.6,0.5,5.0,0.49,15.69,0.53,15.0,0.54,10.0,0.5,24.38,0.49,83.65,0.51,10.69,0.52,5.0,0.03,0.01,2353.46509,1776295508000
1776295510.298,10.298,0.51,25.5,0.5,20.0,0.53,3.32,0.54,10.0,0.47,15.0,0.46,10.0,0.5,5.0,0.51,15.69,0.02,0.03,2353.471249,1776295509000
1776295510.676,10.676,0.5,20.0,0.49,88.19,0.51,0.65,0.52,25.5,0.47,3.32,0.46,10.0,0.49,25.5,0.5,20.0,0.01,0.02,2353.471249,1776295509000
1776295511.28,11.28,0.55,15.0,0.54,40.2,0.57,14.07,0.58,15.0,0.47,3.32,0.46,10.0,0.5,20.0,0.51,88.19,0.02,0.03,2353.471249,1776295509000
1776295511.957,11.957,0.56,20.0,0.55,25.0,0.57,118.24,0.58,79.5,0.43,14.07,0.42,15.0,0.45,15.0,0.46,40.2,0.01,0.02,2353.6114,1776295511000
1776295512.44,12.44,0.56,30.0,0.55,92.5,0.57,1.5,0.58,11.0,0.43,98.6,0.42,79.5,0.44,20.0,0.45,25.0,0.01,0.01,2353.6114,1776295511000
1776295512.702,12.702,0.56,50.0,0.55,35.5,0.58,11.0,0.59,58.38,0.43,3.36,0.42,11.0,0.44,45.0,0.45,92.5,0.02,0.01,2353.6114,1776295511000
1776295513.149,13.149,0.57,20.0,0.56,112.5,0.59,58.19,0.61,25.5,0.42,11.0,0.41,58.38,0.44,50.0,0.45,35.5,0.02,0.02,2353.88415,1776295512000
1776295513.806,13.806,0.58,20.61,0.57,20.0,0.6,94.16,0.61,25.5,0.41,18.19,0.4,11.0,0.42,15.61,0.43,20.0,0.02,0.01,2353.88415,1776295512000
1776295514.212,14.212,0.59,16.0,0.58,15.61,0.6,78.16,0.61,36.5,0.4,105.16,0.39,36.5,0.41,11.0,0.42,15.61,0.01,0.01,2353.92535,1776295513000
1776295514.663,14.663,0.59,16.0,0.58,15.61,0.6,73.16,0.61,58.5,0.4,78.16,0.39,36.5,0.41,16.0,0.42,15.61,0.01,0.01,2353.92535,1776295513000
1776295514.971,14.971,0.59,1.0,0.58,5.61,0.6,103.36,0.61,58.5,0.4,73.16,0.39,58.5,0.41,16.0,0.42,15.61,0.01,0.01,2353.92535,1776295513000
1776295516.476,16.476,0.59,6.0,0.58,16.61,0.6,114.86,0.61,93.5,0.4,103.36,0.39,58.5,0.41,1.0,0.42,5.61,0.01,0.01,2354.176614,1776295514000
1776295518.254,18.254,0.59,3.65,0.58,16.61,0.6,93.86,0.61,26.0,0.4,114.86,0.39,93.5,0.41,6.0,0.42,16.61,0.01,0.01,2354.111327,1776295517000
1776295518.517,18.517,0.59,3.65,0.58,16.61,0.6,29.66,0.61,26.0,0.4,93.86,0.39,26.0,0.41,3.65,0.42,16.61,0.01,0.01,2354.111327,1776295517000
1776295519.09,19.09,0.59,1.01,0.58,5.61,0.6,56.11,0.61,26.0,0.4,29.66,0.39,26.0,0.41,3.65,0.42,16.61,0.01,0.01,2354.111327,1776295517000
1776295520.149,20.149,0.59,3.66,0.58,5.61,0.6,41.0,0.61,37.0,0.4,56.11,0.39,26.0,0.41,1.01,0.42,5.61,0.01,0.01,2354.10394,1776295519000
1776295520.68,20.68,0.59,6.16,0.58,15.61,0.6,33.0,0.61,22.0,0.4,41.0,0.39,37.0,0.41,3.66,0.42,5.61,0.01,0.01,2354.10394,1776295519000
1776295520.923,20.923,0.59,73.16,0.58,113.11,0.6,7.0,0.61,26.0,0.4,33.0,0.39,22.0,0.41,6.16,0.42,15.61,0.01,0.01,2354.10394,1776295519000
1776295521.496,21.496,0.6,137.0,0.59,78.66,0.61,14.36,0.62,36.5,0.39,21.0,0.37,34.5,0.4,29.0,0.41,78.66,0.01,0.01,2354.11613,1776295520000
1776295521.852,21.852,0.6,142.0,0.59,78.66,0.62,36.5,0.63,24.0,0.39,12.72,0.38,36.5,0.4,137.0,0.41,68.16,0.02,0.01,2354.11613,1776295520000
1776295524.154,24.154,0.61,142.2,0.6,65.5,0.62,14.87,0.63,22.0,0.38,25.11,0.37,24.0,0.39,25.0,0.4,132.0,0.01,0.01,2354.24012,1776295523000
1776295524.561,24.561,0.61,135.78,0.6,65.5,0.62,14.87,0.63,52.15,0.38,14.87,0.37,22.0,0.39,142.2,0.4,65.5,0.01,0.01,2354.24012,1776295523000
1776295525.124,25.124,0.61,135.78,0.6,65.5,0.62,16.87,0.63,52.15,0.38,14.87,0.37,52.15,0.39,135.78,0.4,65.5,0.01,0.01,2354.263639,1776295524000
1776295525.637,25.637,0.61,137.75,0.6,65.5,0.62,16.87,0.63,52.15,0.38,16.87,0.37,52.15,0.39,135.78,0.4,65.5,0.01,0.01,2354.263639,1776295524000
1776295527.931,27.931,0.62,118.05,0.61,81.25,0.63,28.87,0.64,50.0,0.38,16.87,0.37,52.15,0.39,137.75,0.4,65.5,0.01,0.01,2354.332072,1776295527000
1776295529.032,29.032,0.62,118.05,0.61,81.25,0.63,24.98,0.64,60.0,0.37,28.87,0.36,50.0,0.38,118.05,0.39,81.25,0.01,0.01,2354.332072,1776295527000
1776295531.86,31.86,0.62,134.05,0.61,92.25,0.63,23.87,0.64,40.0,0.37,24.98,0.36,60.0,0.38,118.05,0.39,81.25,0.01,0.01,2354.302148,1776295530000
1776295532.263,32.263,0.63,20.0,0.62,124.05,0.64,36.41,0.65,98.0,0.37,12.87,0.36,40.0,0.38,129.05,0.39,92.25,0.01,0.01,2354.302148,1776295530000
1776295533.835,33.835,0.63,85.2,0.62,124.05,0.64,47.11,0.65,98.0,0.36,36.41,0.35,98.0,0.37,20.0,0.38,124.05,0.01,0.01,2354.299465,1776295533000
1776295537.163,37.163,0.63,88.9,0.62,72.05,0.64,25.59,0.65,87.0,0.36,47.11,0.35,98.0,0.37,85.2,0.38,124.05,0.01,0.01,2354.30853,1776295536000
1776295542.935,42.935,0.63,20.2,0.62,5.0,0.64,323.5,0.65,69.88,0.36,17.77,0.35,87.0,0.37,93.9,0.38,72.05,0.01,0.01,2354.254439,1776295541000
1776295543.158,43.158,0.48,6.75,0.47,90.0,0.59,20.5,0.6,156.5,0.4,126.5,0.39,71.0,0.52,15.0,0.53,90.0,0.11,0.12,2354.254439,1776295541000
1776295543.484,43.484,0.49,10.5,0.47,85.0,0.5,75.9,0.51,60.0,0.44,60.0,0.43,10.0,0.45,1.78,0.46,10.5,0.01,0.01,2354.31102,1776295542000
1776295543.694,43.694,0.47,50.0,0.46,15.0,0.48,28.37,0.49,10.0,0.5,105.9,0.49,60.0,0.53,75.0,0.54,15.0,0.01,0.03,2354.31102,1776295542000
1776295545.385,45.385,0.47,23.17,0.46,20.0,0.48,116.53,0.49,32.0,0.52,67.53,0.51,67.0,0.53,63.51,0.54,15.0,0.01,0.01,2353.6098,1776295544000
1776295545.815,45.815,0.47,24.01,0.46,33.0,0.48,27.91,0.49,32.0,0.52,119.44,0.51,32.0,0.53,23.17,0.54,20.0,0.01,0.01,2353.6098,1776295544000
1776295546.412,46.412,0.47,17.41,0.46,15.0,0.48,126.91,0.49,44.0,0.52,56.91,0.51,32.0,0.53,1.01,0.54,33.0,0.01,0.01,2353.301775,1776295545000
1776295546.741,46.741,0.47,28.41,0.46,26.0,0.48,90.91,0.49,58.0,0.52,126.91,0.51,44.0,0.53,17.41,0.54,15.0,0.01,0.01,2353.301775,1776295545000
1776295546.947,46.947,0.47,38.41,0.46,31.0,0.48,37.64,0.49,117.16,0.52,48.64,0.51,117.16,0.53,38.41,0.54,31.0,0.01,0.01,2353.301775,1776295545000
1776295547.147,47.147,0.48,20.5,0.47,33.41,0.49,45.64,0.5,150.9,0.51,45.64,0.5,150.9,0.52,20.5,0.53,33.41,0.01,0.01,2353.301775,1776295545000
1776295547.763,47.763,0.48,7.32,0.47,33.41,0.49,44.64,0.5,150.9,0.51,34.64,0.5,150.9,0.52,25.5,0.53,33.41,0.01,0.01,2353.281659,1776295546000
1776295548.78,48.78,0.47,33.51,0.46,44.18,0.55,24.1,0.56,50.0,0.51,44.64,0.5,150.9,0.52,7.32,0.53,33.41,0.08,0.01,2353.288382,1776295547000
1776295551.016,51.016,0.53,198.15,0.52,40.0,0.55,21.81,0.57,20.5,0.46,8.0,0.45,0.81,0.5,10.0,0.51,5.0,0.02,0.04,2353.660058,1776295550000
1776295551.45,51.45,0.54,148.5,0.53,121.15,0.55,16.71,0.56,10.0,0.45,6.81,0.44,5.0,0.46,20.5,0.47,208.15,0.01,0.01,2353.660058,1776295550000
1776295551.711,51.711,0.54,142.25,0.53,121.15,0.55,16.71,0.56,10.0,0.45,16.71,0.44,10.0,0.46,148.5,0.47,121.15,0.01,0.01,2353.660058,1776295550000
1776295555.742,55.742,0.55,148.5,0.54,60.25,0.56,42.04,0.57,10.0,0.45,0.71,0.44,10.0,0.46,142.25,0.47,121.15,0.01,0.01,2353.760927,1776295554000
1776295556.355,56.355,0.55,148.5,0.54,60.25,0.56,32.04,0.57,35.5,0.44,42.04,0.43,10.0,0.45,148.5,0.46,60.25,0.01,0.01,2353.783493,1776295555000
1776295557.422,57.422,0.56,150.0,0.55,75.31,0.59,10.5,0.64,60.0,0.44,32.04,0.43,35.5,0.45,148.5,0.46,60.25,0.03,0.01,2353.766566,1776295556000
1776295557.697,57.697,0.56,5.0,0.55,10.5,0.59,180.06,0.6,25.0,0.39,53.76,0.38,47.17,0.41,8.47,0.43,5.0,0.03,0.02,2353.766566,1776295556000
1776295557.966,57.966,0.55,6.7,0.54,30.5,0.56,42.0,0.57,30.0,0.41,180.06,0.4,25.0,0.44,5.0,0.45,10.5,0.01,0.03,2353.766566,1776295556000
1776295558.788,58.788,0.55,209.7,0.54,55.5,0.6,15.0,0.61,30.0,0.44,42.0,0.43,30.0,0.45,6.7,0.46,30.5,0.05,0.01,2353.767772,1776295557000
1776295560.014,60.014,0.59,118.1,0.58,35.5,0.6,72.28,0.61,109.5,0.4,15.0,0.39,30.0,0.45,209.7,0.46,55.5,0.01,0.05,2353.857851,1776295558000
1776295560.975,60.975,0.59,178.75,0.58,35.5,0.6,46.28,0.61,98.5,0.4,72.28,0.39,109.5,0.41,118.1,0.42,35.5,0.01,0.01,2353.883275,1776295559000
1776295561.3,61.3,0.6,127.0,0.59,131.15,0.62,11.5,0.63,10.0,0.4,46.28,0.39,98.5,0.41,178.75,0.42,35.5,0.02,0.01,2353.883275,1776295559000
1776295563.026,63.026,0.61,151.5,0.6,90.5,0.62,60.32,0.63,45.5,0.38,11.5,0.37,10.0,0.4,127.0,0.41,131.15,0.01,0.02,2354.135364,1776295561000
1776295563.643,63.643,0.61,116.5,0.6,90.5,0.63,30.0,0.64,80.5,0.38,50.32,0.37,45.5,0.39,101.5,0.4,90.5,0.02,0.01,2354.203962,1776295562000
1776295567.429,67.429,0.63,334.49,0.62,74.5,0.66,5.0,0.67,76.5,0.37,30.0,0.36,80.5,0.39,116.5,0.4,90.5,0.03,0.02,2354.362016,1776295566000
1776295568.441,68.441,0.66,102.0,0.65,165.99,0.67,15.5,0.68,5.0,0.34,5.0,0.33,76.5,0.37,334.49,0.38,74.5,0.01,0.03,2354.38816,1776295567000
1776295568.826,68.826,0.66,226.0,0.65,58.54,0.67,5.5,0.68,15.0,0.33,15.5,0.32,5.0,0.34,102.0,0.35,165.99,0.01,0.01,2354.38816,1776295567000
1776295569.029,69.029,0.66,106.0,0.65,175.99,0.67,5.5,0.68,15.0,0.33,5.5,0.32,15.0,0.34,226.0,0.35,58.54,0.01,0.01,2354.38816,1776295567000
1776295574.235,74.235,0.66,158.7,0.65,175.49,0.67,5.5,0.68,15.0,0.33,5.5,0.32,15.0,0.34,106.0,0.35,175.99,0.01,0.01,2354.612451,1776295572000
1776295577.176,77.176,0.67,30.0,0.66,148.7,0.68,34.02,0.69,62.0,0.33,5.5,0.32,15.0,0.34,158.7,0.35,175.49,0.01,0.01,2354.610718,1776295576000
1776295577.946,77.946,0.68,25.0,0.67,25.0,0.69,18.9,0.7,110.0,0.32,34.02,0.31,62.0,0.33,30.0,0.34,148.7,0.01,0.01,2354.610718,1776295576000
1776295579.808,79.808,0.67,10.0,0.66,70.65,0.69,131.9,0.7,135.0,0.31,18.9,0.3,110.0,0.32,25.0,0.33,25.0,0.02,0.01,2354.61402,1776295578000
1776295581.493,81.493,0.66,39.65,0.65,15.0,0.67,126.5,0.68,66.0,0.33,10.5,0.32,22.5,0.34,30.65,0.35,127.45,0.01,0.01,2354.59187,1776295580000
1776295582.386,82.386,0.66,3.47,0.65,15.0,0.67,131.5,0.68,66.0,0.33,126.5,0.32,66.0,0.34,6.65,0.35,15.0,0.01,0.01,2354.4922,1776295581000
1776295586.598,86.598,0.62,9.5,0.61,65.5,0.63,21.0,0.64,58.5,0.33,131.5,0.32,66.0,0.34,3.47,0.35,15.0,0.01,0.01,2354.452291,1776295585000
1776295587.04,87.04,0.61,332.56,0.6,71.0,0.67,15.0,0.7,100.0,0.37,91.73,0.36,58.5,0.39,55.5,0.4,45.0,0.06,0.02,2354.452291,1776295585000
1776295587.262,87.262,0.62,10.5,0.61,327.45,0.67,5.0,0.7,100.0,0.33,15.0,0.3,100.0,0.39,332.56,0.4,71.0,0.05,0.06,2354.452291,1776295585000
1776295587.484,87.484,0.71,48.1,0.65,7.69,0.75,28.07,0.76,69.7,0.26,4.9,0.25,30.0,0.29,48.1,0.35,7.69,0.04,0.03,2354.452291,1776295585000
1776295587.856,87.856,0.68,6.0,0.66,7.57,0.72,10.0,0.74,43.7,0.25,37.27,0.24,69.7,0.29,48.1,0.32,6.0,0.04,0.04,2354.452291,1776295585000
1776295588.314,88.314,0.71,47.0,0.7,37.0,0.72,15.31,0.73,15.5,0.28,10.0,0.26,49.7,0.32,0.37,0.34,7.57,0.01,0.04,2354.437246,1776295586000
1776295589.096,89.096,0.71,36.0,0.7,72.0,0.72,4.31,0.73,40.5,0.28,15.31,0.27,15.5,0.29,47.0,0.3,37.0,0.01,0.01,2354.482284,1776295588000
1776295590.57,90.57,0.71,31.0,0.7,72.0,0.73,140.76,0.74,83.2,0.28,4.31,0.27,40.5,0.29,36.0,0.3,72.0,0.02,0.01,2354.612111,1776295589000
1776295594.881,94.881,0.72,23.4,0.71,31.0,0.73,73.8,0.74,77.2,0.27,140.76,0.26,83.2,0.29,31.0,0.3,72.0,0.01,0.02,2354.74717,1776295593000
1776295598.582,98.582,0.72,218.9,0.71,114.04,0.74,10.26,0.76,74.7,0.27,73.8,0.26,77.2,0.28,23.4,0.29,31.0,0.02,0.01,2354.761318,1776295597000
1776295599.133,99.133,0.74,108.0,0.73,75.0,0.76,74.7,0.77,72.3,0.26,10.26,0.24,74.7,0.28,218.9,0.29,114.04,0.02,0.02,2354.761953,1776295598000
1776295599.622,99.622,0.75,132.0,0.74,66.0,0.76,83.41,0.77,72.3,0.24,74.7,0.23,72.3,0.26,108.0,0.27,75.0,0.01,0.02,2354.761953,1776295598000
1776295600.061,100.061,0.75,133.0,0.74,66.0,0.76,125.41,0.77,72.3,0.24,83.41,0.23,72.3,0.25,132.0,0.26,66.0,0.01,0.01,2354.775986,1776295599000
1776295600.329,100.329,0.75,124.0,0.74,66.0,0.76,88.41,0.77,72.3,0.24,125.41,0.23,72.3,0.25,133.0,0.26,66.0,0.01,0.01,2354.775986,1776295599000
1776295603.385,103.385,0.77,331.95,0.76,100.5,0.78,31.92,0.79,20.0,0.24,88.41,0.23,72.3,0.25,124.0,0.26,66.0,0.01,0.01,2354.923995,1776295601000
1776295603.877,103.877,0.78,35.0,0.77,57.0,0.79,10.5,0.8,75.55,0.21,10.5,0.2,70.5,0.23,295.99,0.24,54.5,0.01,0.02,2354.923995,1776295601000
1776295604.191,104.191,0.78,67.0,0.77,62.0,0.79,7.5,0.8,30.55,0.21,10.5,0.2,75.55,0.22,35.0,0.23,57.0,0.01,0.01,2354.923995,1776295601000
1776295604.543,104.543,0.79,28.57,0.78,22.0,0.8,20.5,0.81,48.9,0.2,30.55,0.19,43.9,0.22,67.0,0.23,62.0,0.01,0.02,2354.923995,1776295601000
1776295605.224,105.224,0.8,50.0,0.79,14.57,0.81,114.97,0.82,59.4,0.2,5.5,0.19,48.9,0.21,9.57,0.22,22.0,0.01,0.01,2355.158034,1776295603000
1776295605.729,105.729,0.8,44.0,0.79,14.57,0.81,136.73,0.82,81.4,0.19,103.73,0.18,59.4,0.2,50.0,0.21,14.57,0.01,0.01,2355.247486,1776295604000
1776295608.903,108.903,0.8,1.0,0.79,10.0,0.81,155.21,0.82,81.4,0.19,136.73,0.18,81.4,0.2,6.0,0.21,14.57,0.01,0.01,2355.29565,1776295607000
1776295609.513,109.513,0.77,58.37,0.76,25.0,0.79,30.5,0.8,15.5,0.2,15.5,0.19,145.21,0.22,17.0,0.23,65.37,0.02,0.02,2355.312057,1776295608000
1776295611.281,111.281,0.77,1.28,0.76,30.0,0.78,41.0,0.79,97.2,0.21,40.5,0.2,82.45,0.23,58.28,0.24,25.0,0.01,0.02,2355.270568,1776295609000
1776295611.688,111.688,0.77,5.65,0.76,30.0,0.78,146.0,0.79,58.2,0.22,41.0,0.21,97.2,0.23,1.28,0.24,30.0,0.01,0.01,2355.163514,1776295610000
1776295612.629,112.629,0.75,20.0,0.74,40.5,0.77,124.0,0.78,116.5,0.22,146.0,0.21,58.2,0.23,5.65,0.24,30.0,0.02,0.01,2355.00375,1776295611000
1776295613.822,113.822,0.73,50.5,0.72,70.5,0.75,30.0,0.76,72.7,0.23,124.0,0.22,116.5,0.25,20.0,0.26,40.5,0.02,0.02,2354.953821,1776295612000
1776295614.364,114.364,0.71,20.0,0.7,174.0,0.75,49.2,0.76,129.7,0.25,30.0,0.24,72.7,0.27,50.5,0.28,70.5,0.04,0.02,2354.953821,1776295612000
1776295620.472,120.472,0.71,10.0,0.7,25.0,0.75,299.34,0.76,153.87,0.25,51.34,0.24,140.2,0.26,20.5,0.27,20.5,0.04,0.01,2354.846563,1776295619000
1776295621.023,121.023,0.69,75.5,0.68,105.0,0.7,5.0,0.71,31.5,0.3,17.85,0.29,31.5,0.31,65.5,0.32,105.0,0.01,0.01,2354.846563,1776295619000
1776295621.948,121.948,0.71,136.5,0.7,183.5,0.72,113.0,0.74,97.2,0.29,14.59,0.28,118.0,0.3,25.5,0.31,80.5,0.01,0.01,2354.846563,1776295619000
1776295622.163,122.163,0.71,126.5,0.7,188.5,0.72,111.61,0.73,18.3,0.28,113.0,0.26,97.2,0.29,136.5,0.3,183.5,0.01,0.01,2354.839738,1776295621000
1776295623.791,123.791,0.71,534.49,0.7,65.5,0.72,70.66,0.76,10.0,0.28,111.61,0.27,18.3,0.29,126.5,0.3,188.5,0.01,0.01,2354.839738,1776295621000
1776295624.084,124.084,0.75,42.0,0.71,5.0,0.76,61.5,0.77,40.3,0.24,23.5,0.23,35.3,0.25,62.0,0.26,9.0,0.01,0.01,2354.658683,1776295622000
1776295624.426,124.426,0.7,32.5,0.69,65.0,0.71,72.0,0.72,100.73,0.25,10.5,0.24,121.2,0.31,55.0,0.32,130.0,0.01,0.06,2354.658683,1776295622000
1776295626.091,126.091,0.7,7.36,0.69,190.5,0.71,66.0,0.72,116.73,0.29,72.0,0.28,100.73,0.3,32.5,0.31,65.0,0.01,0.01,2354.674812,1776295624000
1776295626.386,126.386,0.7,69.36,0.69,190.5,0.71,60.0,0.72,121.73,0.29,66.0,0.28,116.73,0.3,7.36,0.31,190.5,0.01,0.01,2354.674812,1776295624000
1776295627.525,127.525,0.7,97.0,0.69,70.5,0.71,49.0,0.72,116.73,0.29,60.0,0.28,121.73,0.3,69.36,0.31,190.5,0.01,0.01,2354.596683,1776295626000
1776295628.591,128.591,0.7,137.5,0.69,70.5,0.71,66.5,0.72,172.62,0.29,49.0,0.28,116.73,0.3,97.0,0.31,70.5,0.01,0.01,2354.596683,1776295626000
1776295633.354,133.354,0.72,88.0,0.71,21.0,0.73,10.5,0.74,79.2,0.29,66.5,0.28,172.62,0.3,137.5,0.31,70.5,0.01,0.01,2354.707145,1776295632000
1776295637.465,137.465,0.72,15.0,0.71,20.0,0.73,51.5,0.74,85.2,0.27,10.5,0.26,79.2,0.28,88.0,0.29,21.0,0.01,0.01,2354.648974,1776295636000
1776295637.959,137.959,0.72,16.0,0.71,30.0,0.73,126.8,0.74,85.2,0.27,51.5,0.26,85.2,0.28,15.0,0.29,20.0,0.01,0.01,2354.648974,1776295636000
1776295644.107,144.107,0.65,90.5,0.64,222.5,0.66,62.26,0.67,67.3,0.27,69.8,0.26,142.2,0.29,30.0,0.3,40.5,0.01,0.02,2354.23844,1776295642000
1776295645.239,145.239,0.65,207.5,0.64,175.5,0.66,15.0,0.67,26.3,0.34,62.26,0.33,67.3,0.35,90.5,0.36,222.5,0.01,0.01,2354.22074,1776295644000
1776295648.038,148.038,0.65,249.5,0.64,175.5,0.7,5.0,0.71,6.0,0.34,9.0,0.33,26.3,0.35,207.5,0.36,175.5,0.05,0.01,2354.364704,1776295647000
1776295651.203,151.203,0.74,262.95,0.73,68.5,0.76,6.0,0.77,25.0,0.29,0.76,0.28,35.0,0.34,50.0,0.35,249.5,0.02,0.05,2354.59357,1776295649000
1776295652.176,152.176,0.77,145.5,0.76,68.5,0.79,75.0,0.8,125.66,0.22,81.0,0.21,80.5,0.24,44.0,0.25,20.5,0.02,0.02,2354.67364,1776295650000
1776295652.46,152.46,0.78,215.45,0.77,68.5,0.79,70.0,0.8,110.55,0.21,75.0,0.2,125.66,0.23,145.5,0.24,68.5,0.01,0.02,2354.67364,1776295650000
1776295652.759,152.759,0.78,137.08,0.77,68.5,0.79,81.0,0.8,100.05,0.21,70.0,0.2,110.55,0.22,209.17,0.23,68.5,0.01,0.01,2354.67364,1776295650000
1776295653.069,153.069,0.78,142.08,0.77,68.5,0.8,95.0,0.81,136.32,0.21,81.0,0.2,100.05,0.22,137.08,0.23,68.5,0.02,0.01,2354.83504,1776295651000
1776295654.658,154.658,0.81,204.0,0.8,89.0,0.83,81.44,0.84,36.8,0.2,95.0,0.19,136.32,0.22,142.08,0.23,68.5,0.02,0.02,2355.047998,1776295653000
1776295655.002,155.002,0.82,74.16,0.81,184.0,0.83,81.44,0.84,36.8,0.17,81.44,0.16,36.8,0.19,204.0,0.2,89.0,0.01,0.02,2355.047998,1776295653000
1776295655.784,155.784,0.83,10.0,0.82,84.16,0.84,80.12,0.85,74.2,0.17,81.44,0.16,36.8,0.18,74.16,0.19,184.0,0.01,0.01,2355.127139,1776295654000
1776295656.635,156.635,0.83,70.0,0.82,59.16,0.84,76.43,0.85,80.93,0.16,80.12,0.15,74.2,0.17,10.0,0.18,64.16,0.01,0.01,2355.17059,1776295655000
1776295657.262,157.262,0.83,93.0,0.82,57.16,0.85,46.82,0.86,49.9,0.16,76.43,0.15,80.93,0.17,70.0,0.18,59.16,0.02,0.01,2355.17059,1776295655000
1776295657.566,157.566,0.83,70.0,0.82,174.61,0.84,5.0,0.85,35.0,0.15,46.82,0.14,49.9,0.17,93.0,0.18,57.16,0.01,0.02,2355.18423,1776295656000
1776295658.316,158.316,0.83,62.0,0.82,57.16,0.85,41.73,0.86,49.9,0.16,5.0,0.15,35.0,0.17,70.0,0.18,174.61,0.02,0.01,2355.186115,1776295657000
1776295659.113,159.113,0.84,21.91,0.83,17.0,0.85,69.73,0.86,57.11,0.15,41.73,0.14,49.9,0.17,62.0,0.18,57.16,0.01,0.02,2355.27177,1776295658000
1776295663.045,163.045,0.84,185.36,0.83,17.0,0.86,2.58,0.87,20.0,0.15,69.73,0.14,57.11,0.16,21.91,0.17,17.0,0.02,0.01,2355.28279,1776295662000
1776295664.252,164.252,0.84,171.11,0.83,35.5,0.85,49.5,0.86,43.5,0.14,2.58,0.13,20.0,0.16,185.36,0.17,17.0,0.01,0.02,2355.28662,1776295663000
1776295665.326,165.326,0.84,81.91,0.83,35.5,0.85,50.73,0.86,50.71,0.15,49.5,0.14,43.5,0.16,164.86,0.17,35.5,0.01,0.01,2355.35043,1776295664000
1776295665.616,165.616,0.84,59.91,0.83,35.5,0.85,11.73,0.86,50.71,0.15,45.73,0.14,50.71,0.16,54.91,0.17,35.5,0.01,0.01,2355.35043,1776295664000
1776295666.091,166.091,0.84,86.5,0.83,35.5,0.85,5.0,0.86,50.71,0.15,11.73,0.14,50.71,0.16,59.91,0.17,35.5,0.01,0.01,2355.35043,1776295664000
1776295666.381,166.381,0.84,37.5,0.83,35.5,0.85,5.0,0.86,17.71,0.15,5.0,0.14,17.71,0.16,53.5,0.17,35.5,0.01,0.01,2355.3467,1776295665000
1776295666.73,166.73,0.84,26.5,0.83,35.5,0.85,5.0,0.86,17.71,0.15,5.0,0.14,17.71,0.16,37.5,0.17,35.5,0.01,0.01,2355.3467,1776295665000
1776295667.222,167.222,0.84,51.5,0.83,46.5,0.85,3.23,0.86,7.21,0.15,5.0,0.14,17.71,0.16,20.5,0.17,35.5,0.01,0.01,2355.3467,1776295665000
1776295667.955,167.955,0.84,70.75,0.83,35.5,0.85,3.23,0.86,7.21,0.15,3.23,0.14,7.21,0.16,51.5,0.17,46.5,0.01,0.01,2355.371577,1776295666000
1776295671.462,171.462,0.86,76.71,0.85,144.0,0.87,16.5,0.88,85.0,0.15,3.23,0.14,7.21,0.16,70.75,0.17,35.5,0.01,0.01,2355.452726,1776295670000
1776295671.783,171.783,0.86,66.71,0.85,145.0,0.87,16.44,0.88,91.0,0.13,16.5,0.12,85.0,0.14,76.71,0.15,144.0,0.01,0.01,2355.452726,1776295670000
1776295672.867,172.867,0.84,5.0,0.83,10.0,0.87,21.0,0.88,137.0,0.12,91.0,0.11,61.79,0.14,66.71,0.15,145.0,0.03,0.02,2355.450544,1776295671000
1776295673.12,173.12,0.84,3.12,0.83,10.0,0.86,20.0,0.87,21.0,0.13,21.0,0.12,137.0,0.16,5.0,0.17,10.0,0.02,0.03,2355.450544,1776295671000
1776295674.056,174.056,0.85,8.75,0.84,3.12,0.86,22.21,0.87,28.76,0.14,20.0,0.13,21.0,0.16,3.12,0.17,10.0,0.01,0.02,2355.454386,1776295672000
1776295674.756,174.756,0.84,3.12,0.83,10.0,0.85,6.25,0.86,27.71,0.14,22.21,0.13,28.76,0.15,8.75,0.16,3.12,0.01,0.01,2355.438739,1776295673000
1776295675.204,175.204,0.84,40.12,0.83,72.5,0.85,27.71,0.86,57.61,0.15,6.25,0.14,27.71,0.16,3.12,0.17,10.0,0.01,0.01,2355.301655,1776295674000
1776295678.563,178.563,0.84,65.62,0.83,180.5,0.85,5.0,0.86,57.61,0.15,27.71,0.14,57.61,0.16,40.12,0.17,72.5,0.01,0.01,2355.20229,1776295677000
1776295681.23,181.23,0.84,65.62,0.83,50.5,0.85,2.65,0.86,27.71,0.15,5.0,0.14,57.61,0.16,65.62,0.17,180.5,0.01,0.01,2355.250973,1776295679000
1776295681.927,181.927,0.84,308.58,0.83,50.5,0.85,1.39,0.86,27.71,0.15,2.65,0.14,27.71,0.16,65.62,0.17,50.5,0.01,0.01,2355.22022,1776295680000
1776295687.968,187.968,0.85,37.0,0.84,48.62,0.86,3.86,0.87,47.8,0.15,1.39,0.14,27.71,0.16,308.58,0.17,50.5,0.01,0.01,2355.212382,1776295687000
1776295690.141,190.141,0.89,5.0,0.87,126.5,0.9,80.5,0.91,293.16,0.14,3.86,0.13,47.8,0.15,37.0,0.16,48.62,0.01,0.01,2355.223631,1776295688000
1776295690.549,190.549,0.89,90.54,0.88,43.0,0.9,79.6,0.91,259.0,0.1,69.5,0.09,293.16,0.11,16.0,0.12,21.0,0.01,0.01,2355.223695,1776295689000
1776295690.833,190.833,0.89,85.54,0.88,43.0,0.9,69.6,0.91,445.24,0.1,79.6,0.09,259.0,0.11,90.54,0.12,43.0,0.01,0.01,2355.223695,1776295689000
1776295692.173,192.173,0.89,69.21,0.88,53.5,0.9,79.6,0.91,259.0,0.1,69.6,0.09,445.24,0.11,85.54,0.12,43.0,0.01,0.01,2355.236865,1776295690000
1776295692.842,192.842,0.89,64.21,0.88,53.5,0.9,72.37,0.91,286.48,0.1,79.6,0.09,259.0,0.11,69.21,0.12,53.5,0.01,0.01,2355.298755,1776295691000
1776295693.34,193.34,0.89,61.0,0.88,20.5,0.9,66.37,0.91,271.16,0.1,72.37,0.09,286.48,0.11,64.21,0.12,53.5,0.01,0.01,2355.298755,1776295691000
1776295695.349,195.349,0.89,67.89,0.88,20.5,0.9,55.87,0.91,326.16,0.1,55.87,0.09,271.16,0.11,61.0,0.12,20.5,0.01,0.01,2355.398345,1776295693000
1776295696.25,196.25,0.89,72.89,0.88,31.5,0.9,50.81,0.91,301.12,0.1,55.87,0.09,326.16,0.11,67.89,0.12,20.5,0.01,0.01,2355.404694,1776295694000
1776295697.279,197.279,0.89,30.22,0.88,35.0,0.9,14.8,0.91,210.0,0.1,50.81,0.09,301.12,0.11,72.89,0.12,31.5,0.01,0.01,2355.411638,1776295695000
1776295697.479,197.479,0.9,2.1,0.89,40.22,0.91,201.02,0.92,108.9,0.09,189.8,0.08,60.0,0.11,30.22,0.12,35.0,0.01,0.02,2355.417396,1776295696000
1776295697.683,197.683,0.88,72.29,0.87,167.11,0.89,20.0,0.9,10.0,0.1,10.0,0.09,201.02,0.12,44.16,0.13,167.11,0.01,0.02,2355.417396,1776295696000
1776295698.182,198.182,0.88,60.0,0.87,174.88,0.89,9.0,0.9,10.0,0.11,20.0,0.1,10.0,0.12,72.29,0.13,167.11,0.01,0.01,2355.417396,1776295697000
1776295698.426,198.426,0.89,36.0,0.88,50.0,0.9,4.0,0.91,250.02,0.1,57.0,0.09,250.02,0.12,55.0,0.13,174.88,0.01,0.02,2355.417396,1776295697000
1776295706.24,206.24,0.9,92.2,0.89,157.5,0.91,210.92,0.92,113.9,0.09,217.02,0.08,113.9,0.1,45.0,0.11,74.0,0.01,0.01,2355.462374,1776295705000
1776295708.327,208.327,0.9,2.2,0.89,155.99,0.91,241.92,0.92,113.9,0.09,210.92,0.08,113.9,0.1,92.2,0.11,157.5,0.01,0.01,2355.414606,1776295707000
1776295709.001,209.001,0.89,10.0,0.88,25.0,0.91,263.92,0.92,108.9,0.09,241.92,0.08,113.9,0.1,2.2,0.11,155.99,0.02,0.01,2355.414606,1776295707000
1776295709.293,209.293,0.9,9.3,0.89,10.0,0.91,313.92,0.92,108.9,0.09,263.92,0.08,108.9,0.11,10.0,0.12,25.0,0.01,0.02,2355.413673,1776295708000
1776295709.596,209.596,0.9,5.0,0.88,25.0,0.91,375.82,0.92,108.9,0.09,313.92,0.08,108.9,0.11,10.0,0.12,25.0,0.01,0.02,2355.413673,1776295708000
1776295710.733,210.733,0.88,30.0,0.86,105.0,0.9,16.0,0.91,215.82,0.09,375.82,0.08,108.9,0.1,5.0,0.12,25.0,0.02,0.01,2355.392072,1776295709000
1776295713.355,213.355,0.88,19.5,0.87,30.5,0.89,52.79,0.9,72.0,0.1,16.0,0.09,215.82,0.12,30.0,0.14,105.0,0.01,0.02,2355.127096,1776295711000
1776295715.01,215.01,0.88,29.5,0.87,35.5,0.89,9.79,0.9,40.0,0.11,52.79,0.1,72.0,0.12,19.5,0.13,30.5,0.01,0.01,2355.114851,1776295713000
1776295715.274,215.274,0.88,50.5,0.87,167.5,0.91,123.22,0.92,98.9,0.11,9.79,0.1,40.0,0.12,29.5,0.13,35.5,0.03,0.01,2355.150129,1776295714000
1776295715.908,215.908,0.9,29.0,0.89,156.61,0.91,113.11,0.92,50.0,0.09,123.22,0.08,98.9,0.12,50.5,0.13,167.5,0.01,0.03,2355.150129,1776295714000
1776295716.617,216.617,0.9,29.0,0.89,156.61,0.91,126.73,0.92,50.0,0.09,113.11,0.08,50.0,0.1,29.0,0.11,156.61,0.01,0.01,2355.266354,1776295715000
1776295719.654,219.654,0.9,30.0,0.89,43.0,0.91,59.1,0.92,50.0,0.09,116.51,0.08,50.0,0.1,29.0,0.11,156.61,0.01,0.01,2355.511433,1776295717000
1776295719.856,219.856,0.9,127.54,0.89,33.0,0.91,4.9,0.93,118.16,0.09,59.1,0.08,50.0,0.1,30.0,0.11,43.0,0.01,0.01,2355.569544,1776295718000
1776295720.074,220.074,0.92,148.61,0.91,70.0,0.93,114.16,0.94,15.09,0.09,4.9,0.07,118.16,0.1,127.54,0.11,33.0,0.01,0.01,2355.569544,1776295718000
1776295720.379,220.379,0.94,3.37,0.93,20.0,0.95,180.47,0.96,348.8,0.05,160.27,0.04,348.8,0.08,187.61,0.09,85.0,0.01,0.03,2355.569544,1776295718000
1776295722.086,222.086,0.94,21.5,0.93,73.5,0.95,95.67,0.96,348.8,0.05,180.47,0.04,348.8,0.06,3.37,0.07,20.0,0.01,0.01,2355.544414,1776295720000
1776295723.644,223.644,0.94,21.5,0.93,73.5,0.95,94.09,0.96,348.8,0.05,95.67,0.04,348.8,0.06,21.5,0.07,73.5,0.01,0.01,2355.84223,1776295721000
1776295724.331,224.331,0.94,24.95,0.93,73.5,0.95,99.09,0.96,348.8,0.05,94.09,0.04,348.8,0.06,21.5,0.07,73.5,0.01,0.01,2355.848255,1776295722000
1776295728.057,228.057,0.94,87.95,0.93,126.8,0.95,3.49,0.96,255.0,0.05,99.09,0.04,348.8,0.06,24.95,0.07,73.5,0.01,0.01,2355.88416,1776295726000
1776295728.712,228.712,0.94,94.17,0.93,177.02,0.95,2.43,0.96,255.0,0.05,3.49,0.04,255.0,0.06,87.95,0.07,126.8,0.01,0.01,2355.88416,1776295726000
1776295730.731,230.731,0.94,170.17,0.93,128.49,0.96,378.19,0.97,254.7,0.05,2.43,0.04,255.0,0.06,94.17,0.07,177.02,0.02,0.01,2356.023704,1776295729000
1776295731.533,231.533,0.95,179.11,0.94,82.95,0.96,357.19,0.97,244.0,0.04,378.19,0.03,254.7,0.06,170.17,0.07,128.49,0.01,0.02,2356.023704,1776295729000
1776295732.402,232.402,0.95,185.11,0.94,87.95,0.96,157.44,0.97,244.0,0.04,357.19,0.03,244.0,0.05,179.11,0.06,82.95,0.01,0.01,2355.980257,1776295730000
1776295732.682,232.682,0.95,61.0,0.94,87.95,0.97,244.0,0.98,948.7,0.04,157.44,0.03,244.0,0.05,185.11,0.06,87.95,0.02,0.01,2355.980257,1776295730000
1776295733.187,233.187,0.95,200.27,0.94,161.75,0.97,153.0,0.98,648.7,0.03,244.0,0.02,948.7,0.05,61.0,0.06,87.95,0.02,0.02,2356.025065,1776295731000
1776295733.932,233.932,0.95,73.0,0.94,161.75,0.96,5.83,0.97,153.0,0.03,153.0,0.02,648.7,0.05,200.27,0.06,161.75,0.01,0.02,2356.025065,1776295731000
1776295734.355,234.355,0.96,15.5,0.95,88.5,0.97,143.31,0.98,648.7,0.03,150.76,0.02,648.7,0.05,83.5,0.06,161.75,0.01,0.02,2356.131246,1776295732000
1776295734.709,234.709,0.96,33.5,0.95,76.5,0.98,648.01,0.99,2053.74,0.03,143.31,0.02,648.7,0.04,15.5,0.05,88.5,0.02,0.01,2356.131246,1776295732000
1776295735.166,235.166,0.97,20.5,0.96,24.85,0.98,636.65,0.99,2453.74,0.02,882.68,0.01,2053.74,0.03,20.5,0.04,51.85,0.01,0.01,2356.108645,1776295733000
1776295735.936,235.936,0.97,52.5,0.96,31.85,0.98,427.95,0.99,2461.57,0.02,636.65,0.01,2453.74,0.03,20.5,0.04,24.85,0.01,0.01,2356.108645,1776295734000
1776295736.281,236.281,0.97,31.0,0.96,73.85,0.98,427.95,0.99,2461.57,0.02,432.95,0.01,2461.57,0.03,10.5,0.04,43.85,0.01,0.01,2356.127795,1776295735000
1776295736.833,236.833,0.97,161.22,0.96,343.77,0.98,510.5,0.99,5608.1,0.02,427.95,0.01,2461.57,0.03,31.0,0.04,73.85,0.01,0.01,2356.127795,1776295735000
1776295742.705,242.705,0.97,55.81,0.96,232.7,0.98,320.74,0.99,2971.56,0.02,510.5,0.01,5608.1,0.03,161.22,0.04,343.77,0.01,0.01,2356.339419,1776295741000
1776295744.367,244.367,0.97,200.51,0.96,210.7,0.98,430.37,0.99,2963.73,0.02,440.37,0.01,2971.56,0.03,55.74,0.04,231.7,0.01,0.01,2356.339519,1776295742000
1776295745.099,245.099,0.97,234.88,0.96,210.7,0.98,420.16,0.99,2545.21,0.02,430.37,0.01,2963.73,0.03,200.51,0.04,210.7,0.01,0.01,2356.344684,1776295743000
1776295745.432,245.432,0.97,228.66,0.96,210.7,0.98,417.08,0.99,2474.89,0.02,420.16,0.01,2545.21,0.03,234.88,0.04,210.7,0.01,0.01,2356.344684,1776295743000
1776295745.961,245.961,0.97,226.2,0.96,210.7,0.98,415.03,0.99,2469.73,0.02,415.03,0.01,2474.89,0.03,228.66,0.04,210.7,0.01,0.01,2356.347731,1776295744000
1776295746.353,246.353,0.97,235.43,0.96,210.7,0.98,415.03,0.99,2463.73,0.02,415.03,0.01,2469.73,0.03,226.2,0.04,210.7,0.01,0.01,2356.347731,1776295744000
1776295746.751,246.751,0.97,235.43,0.96,210.7,0.98,360.03,0.99,2663.73,0.02,415.03,0.01,2463.73,0.03,235.43,0.04,210.7,0.01,0.01,2356.353823,1776295745000
1776295748.347,248.347,0.97,15.31,0.96,163.61,0.98,370.03,0.99,2071.56,0.02,360.03,0.01,2663.73,0.03,235.43,0.04,210.7,0.01,0.01,2356.378877,1776295746000
1776295751.738,251.738,0.97,56.31,0.96,40.0,0.98,317.98,0.99,2063.73,0.02,370.03,0.01,2071.56,0.03,15.31,0.04,163.61,0.01,0.01,2355.948931,1776295750000
1776295753.434,253.434,0.97,204.73,0.96,256.74,0.98,267.98,0.99,2263.73,0.02,317.98,0.01,2063.73,0.03,56.31,0.04,40.0,0.01,0.01,2356.007907,1776295752000
1776295755.383,255.383,0.97,204.73,0.96,256.74,0.98,216.95,0.99,2263.73,0.02,267.98,0.01,2263.73,0.03,204.73,0.04,256.74,0.01,0.01,2356.238031,1776295754000
1776295756.251,256.251,0.97,209.73,0.96,278.39,0.98,216.89,0.99,2263.73,0.02,216.95,0.01,2263.73,0.03,204.73,0.04,256.74,0.01,0.01,2356.243953,1776295755000
1776295758.399,258.399,0.97,233.73,0.96,288.59,0.98,206.63,0.99,2263.73,0.02,216.89,0.01,2263.73,0.03,209.73,0.04,278.39,0.01,0.01,2356.243116,1776295757000
1776295759.368,259.368,0.97,233.73,0.96,298.59,0.99,2261.47,,,0.02,206.63,0.01,2263.73,0.03,233.73,0.04,288.59,0.02,0.01,2356.246196,1776295758000
1776295759.732,259.732,0.98,15.16,0.97,204.42,0.99,2256.47,,,0.01,2261.47,,,0.02,15.16,0.03,204.42,0.01,0.01,2356.246196,1776295758000
1776295759.991,259.991,0.98,15.16,0.97,204.42,0.99,2346.47,,,0.01,2346.47,,,0.02,15.16,0.03,204.42,0.01,0.01,2356.246196,1776295758000
1776295760.856,260.856,0.98,15.16,0.97,204.42,0.99,2145.97,,,0.01,2295.97,,,0.02,15.16,0.03,204.42,0.01,0.01,2356.284297,1776295759000
1776295763.039,263.039,0.98,15.16,0.97,214.57,0.99,1480.97,,,0.01,2145.97,,,0.02,15.16,0.03,204.42,0.01,0.01,2356.060157,1776295762000
1776295763.273,263.273,0.98,15.16,0.97,233.22,0.99,1555.77,,,0.01,1480.97,,,0.02,15.16,0.03,214.57,0.01,0.01,2356.060157,1776295762000
1776295764.15,264.15,0.98,15.16,0.97,233.22,0.99,1448.72,,,0.01,1558.77,,,0.02,15.16,0.03,233.22,0.01,0.01,2356.056731,1776295763000
1776295764.41,264.41,0.98,15.16,0.97,233.22,0.99,1452.7,,,0.01,1448.72,,,0.02,15.16,0.03,233.22,0.01,0.01,2356.056731,1776295763000
1776295764.814,264.814,0.98,140.16,0.97,233.22,0.99,1437.59,,,0.01,1452.7,,,0.02,15.16,0.03,233.22,0.01,0.01,2356.056731,1776295763000
1776295765.516,265.516,0.98,143.77,0.97,233.22,0.99,1424.4,,,0.01,1437.59,,,0.02,140.16,0.03,233.22,0.01,0.01,2356.06794,1776295764000
1776295765.743,265.743,0.98,151.15,0.97,233.22,0.99,1369.4,,,0.01,1424.4,,,0.02,143.77,0.03,233.22,0.01,0.01,2356.06794,1776295764000
1776295767.962,267.962,0.98,391.47,0.97,213.07,0.99,990.8,,,0.01,1369.4,,,0.02,151.15,0.03,233.22,0.01,0.01,2356.030615,1776295766000
1776295768.175,268.175,0.98,454.19,0.97,218.07,0.99,968.8,,,0.01,970.8,,,0.02,396.47,0.03,218.07,0.01,0.01,2356.029507,1776295767000
1776295768.523,268.523,0.99,1556.2,0.98,485.19,,,,,0.01,968.8,,,0.02,454.19,0.03,218.07,,0.01,2356.029507,1776295767000
1776295771.034,271.034,0.99,1504.82,0.98,454.19,,,,,,,,,0.01,1556.2,0.02,485.19,,,2356.29942,1776295770000
1776295774.488,274.488,0.99,2086.4,0.98,347.58,,,,,,,,,0.01,1504.82,0.02,454.19,,,2356.277525,1776295772000
1776295785.441,285.441,0.99,7434.95,0.98,133.88,,,,,,,,,0.01,2086.4,0.02,347.58,,,2356.300347,1776295784000
1776295796.139,296.139,0.99,9353.3,0.98,50.16,,,,,,,,,0.01,7434.95,0.02,133.88,,,2356.342396,1776295794000

# RESULT,winner=Up,slug=eth-updown-5m-1776295500,ticks=231
