timestamp,elapsed_sec,up_bid_p1,up_bid_s1,up_bid_p2,up_bid_s2,up_ask_p1,up_ask_s1,up_ask_p2,up_ask_s2,down_bid_p1,down_bid_s1,down_bid_p2,down_bid_s2,down_ask_p1,down_ask_s1,down_ask_p2,down_ask_s2,up_spread,down_spread,eth_price,eth_oracle_ts
1776392700.513,0.513,0.52,107.66,0.51,5.0,0.53,5.0,0.6,5.0,0.47,44.3,0.46,456.0,0.48,101.83,0.49,20.0,0.01,0.01,2329.34361,1776392699000
1776392701.44,1.44,0.52,107.66,0.51,5.0,0.6,5.0,0.61,67.0,0.4,5.0,0.39,67.0,0.48,107.66,0.49,5.0,0.08,0.08,2329.519507,1776392700000
1776392702.424,2.424,0.52,107.66,0.51,5.0,0.6,5.0,0.61,67.0,0.4,5.0,0.39,67.0,0.48,107.66,0.49,5.0,0.08,0.08,2329.509466,1776392701000
1776392702.704,2.704,0.53,6.32,0.52,107.66,0.54,70.0,0.55,78.0,0.4,5.0,0.39,67.0,0.48,107.66,0.49,5.0,0.01,0.08,2329.509466,1776392701000
1776392702.996,2.996,0.5,26.98,0.45,8.88,0.54,70.0,0.55,78.0,0.46,70.0,0.45,78.0,0.5,26.98,0.55,8.88,0.04,0.04,2329.49498,1776392702000
1776392703.632,3.632,0.5,18.94,0.49,10.0,0.51,12.8,0.52,15.0,0.49,2.8,0.48,5.0,0.5,26.98,0.52,13.0,0.01,0.01,2329.49498,1776392702000
1776392704.005,4.005,0.5,13.94,0.49,10.0,0.51,88.8,0.52,28.0,0.49,12.8,0.48,15.0,0.5,18.94,0.51,10.0,0.01,0.01,2329.49498,1776392702000
1776392704.556,4.556,0.5,18.94,0.49,10.0,0.51,77.68,0.52,28.0,0.49,82.68,0.48,28.0,0.5,13.94,0.51,10.0,0.01,0.01,2329.512728,1776392703000
1776392705.099,5.099,0.5,18.94,0.49,10.0,0.51,77.68,0.52,28.0,0.49,77.68,0.48,28.0,0.5,18.94,0.51,10.0,0.01,0.01,2329.277448,1776392704000
1776392705.661,5.661,0.5,8.94,0.49,10.0,0.51,72.68,0.52,28.0,0.49,77.68,0.48,28.0,0.5,18.94,0.51,10.0,0.01,0.01,2329.277448,1776392704000
1776392706.154,6.154,0.5,8.94,0.49,10.0,0.51,72.68,0.52,28.0,0.49,72.68,0.48,28.0,0.5,8.94,0.51,10.0,0.01,0.01,2329.2819,1776392705000
1776392706.444,6.444,0.5,5.82,0.49,10.0,0.51,82.68,0.52,38.0,0.49,72.68,0.48,28.0,0.5,8.94,0.51,10.0,0.01,0.01,2329.2819,1776392705000
1776392706.899,6.899,0.41,13.0,0.4,13.0,0.45,55.3,0.51,184.68,0.49,82.68,0.48,38.0,0.5,5.82,0.51,10.0,0.04,0.01,2329.2819,1776392705000
1776392707.239,7.239,0.4,18.46,0.39,23.0,0.41,5.0,0.42,34.2,0.59,5.0,0.58,34.2,0.6,18.46,0.61,23.0,0.01,0.01,2329.308401,1776392706000
1776392707.633,7.633,0.41,10.0,0.4,33.46,0.42,10.0,0.43,10.0,0.58,20.0,0.57,10.0,0.6,33.46,0.61,28.0,0.01,0.02,2329.308401,1776392706000
1776392708.056,8.056,0.41,10.0,0.4,38.46,0.42,5.23,0.43,10.0,0.58,10.0,0.57,10.0,0.59,10.0,0.6,33.46,0.01,0.01,2329.308401,1776392706000
1776392708.312,8.312,0.41,10.0,0.4,33.46,0.44,69.23,0.45,153.3,0.58,5.23,0.57,10.0,0.59,10.0,0.6,38.46,0.03,0.01,2329.308401,1776392706000
1776392708.603,8.603,0.42,6.55,0.41,10.0,0.43,21.0,0.44,79.23,0.56,69.23,0.55,153.3,0.59,10.0,0.6,33.46,0.01,0.03,2329.255,1776392707000
1776392708.88,8.88,0.42,6.55,0.41,10.0,0.43,21.0,0.44,79.23,0.57,21.0,0.56,79.23,0.58,6.55,0.59,10.0,0.01,0.01,2329.108597,1776392708000
1776392710.002,10.002,0.42,6.55,0.41,19.0,0.44,76.23,0.45,140.3,0.56,76.23,0.55,140.3,0.58,6.55,0.59,19.0,0.02,0.02,2329.032332,1776392709000
1776392710.386,10.386,0.43,15.0,0.42,13.55,0.44,44.23,0.45,130.3,0.56,76.23,0.55,140.3,0.58,6.55,0.59,19.0,0.01,0.02,2329.032332,1776392709000
1776392710.998,10.998,0.43,15.0,0.42,13.55,0.44,44.23,0.45,130.3,0.56,44.23,0.55,130.3,0.57,15.0,0.58,13.55,0.01,0.01,2328.980961,1776392710000
1776392711.638,11.638,0.44,45.0,0.43,34.0,0.45,55.3,0.48,75.0,0.56,44.23,0.55,130.3,0.57,15.0,0.58,13.55,0.01,0.01,2328.980961,1776392710000
1776392711.943,11.943,0.44,104.0,0.43,39.0,0.45,40.16,0.49,70.0,0.55,50.3,0.52,75.0,0.56,55.0,0.57,34.0,0.01,0.01,2328.980961,1776392710000
1776392712.201,12.201,0.44,129.0,0.43,39.0,0.45,17.16,0.49,70.0,0.55,22.16,0.51,70.0,0.56,104.0,0.57,39.0,0.01,0.01,2329.060345,1776392711000
1776392712.512,12.512,0.48,34.57,0.47,28.0,0.49,60.0,0.51,70.0,0.51,60.0,0.49,70.0,0.52,20.0,0.53,15.0,0.01,0.01,2329.060345,1776392711000
1776392712.726,12.726,0.48,79.57,0.47,28.0,0.49,55.0,0.51,70.0,0.51,60.0,0.49,70.0,0.52,34.57,0.53,28.0,0.01,0.01,2329.060345,1776392711000
1776392716.598,16.598,0.5,20.0,0.49,13.15,0.51,15.0,0.52,102.0,0.51,55.0,0.49,70.0,0.52,79.57,0.53,28.0,0.01,0.01,2329.42088,1776392715000
1776392717.711,17.711,0.51,101.2,0.5,38.0,0.52,58.57,0.53,17.0,0.49,15.0,0.48,102.0,0.5,20.0,0.51,13.15,0.01,0.01,2329.428155,1776392716000
1776392718.322,18.322,0.55,24.2,0.54,10.0,0.56,10.67,0.57,20.0,0.48,58.57,0.47,17.0,0.49,101.2,0.5,38.0,0.01,0.01,2329.47453,1776392717000
1776392719.188,19.188,0.49,9.15,0.48,18.0,0.5,25.0,0.51,20.0,0.44,17.67,0.43,20.0,0.45,10.86,0.47,38.0,0.01,0.01,2329.47453,1776392717000
1776392722.343,22.343,0.49,24.15,0.48,23.0,0.5,2.0,0.51,90.0,0.5,25.0,0.49,20.0,0.51,9.15,0.52,18.0,0.01,0.01,2329.4379,1776392721000
1776392723.138,23.138,0.52,59.52,0.51,37.0,0.53,6.0,0.55,20.0,0.5,2.0,0.49,90.0,0.51,24.15,0.52,23.0,0.01,0.01,2329.4379,1776392721000
1776392725.092,25.092,0.55,104.0,0.54,42.0,0.57,70.0,0.58,5.0,0.47,6.0,0.46,5.0,0.48,41.29,0.49,37.0,0.02,0.01,2329.41815,1776392723000
1776392725.647,25.647,0.6,10.0,0.59,15.0,0.61,17.0,0.62,33.0,0.43,52.85,0.42,5.0,0.44,20.0,0.45,92.0,0.01,0.01,2329.57502,1776392724000
1776392726.388,26.388,0.61,54.2,0.6,10.0,0.62,34.38,0.63,104.0,0.38,33.0,0.37,94.0,0.4,10.0,0.41,15.0,0.01,0.02,2329.64352,1776392725000
1776392728.684,28.684,0.64,61.2,0.63,15.0,0.65,7.25,0.66,24.0,0.38,34.38,0.37,104.0,0.39,30.0,0.4,10.0,0.01,0.01,2329.89022,1776392727000
1776392728.974,28.974,0.65,10.0,0.64,55.0,0.66,27.62,0.67,20.0,0.34,24.0,0.33,20.0,0.36,66.2,0.37,15.0,0.01,0.02,2329.89022,1776392727000
1776392729.326,29.326,0.66,15.0,0.65,27.0,0.67,15.25,0.68,20.0,0.34,27.62,0.33,20.0,0.35,10.0,0.36,55.0,0.01,0.01,2329.940125,1776392728000
1776392730.198,30.198,0.66,5.0,0.65,10.0,0.67,35.25,0.68,30.0,0.33,15.25,0.32,20.0,0.34,15.0,0.35,20.0,0.01,0.01,2329.940125,1776392728000
1776392733.257,33.257,0.66,15.0,0.65,15.0,0.67,3.25,0.68,20.0,0.33,28.25,0.32,30.0,0.34,5.0,0.35,15.0,0.01,0.01,2330.256255,1776392731000
1776392733.502,33.502,0.66,15.0,0.65,15.0,0.67,3.02,0.68,20.0,0.33,3.25,0.32,20.0,0.34,15.0,0.35,15.0,0.01,0.01,2330.31787,1776392732000
1776392736.147,36.147,0.66,20.0,0.65,15.0,0.68,13.05,0.69,90.0,0.33,3.02,0.32,20.0,0.34,15.0,0.35,15.0,0.02,0.01,2330.319676,1776392735000
1776392737.173,37.173,0.67,15.0,0.66,25.0,0.68,25.0,0.69,106.0,0.32,13.05,0.31,90.0,0.34,20.0,0.35,15.0,0.01,0.02,2330.327765,1776392736000
1776392740.954,40.954,0.67,10.0,0.66,15.0,0.68,20.0,0.69,106.0,0.32,17.0,0.31,106.0,0.33,15.0,0.34,25.0,0.01,0.01,2330.31486,1776392739000
1776392741.722,41.722,0.59,5.0,0.58,5.0,0.67,241.0,0.68,76.0,0.32,20.0,0.31,106.0,0.33,10.0,0.34,15.0,0.08,0.01,2330.309755,1776392740000
1776392741.938,41.938,0.54,30.26,0.53,24.0,0.58,10.0,0.59,28.0,0.41,10.0,0.4,18.0,0.43,5.44,0.44,5.0,0.04,0.02,2330.309755,1776392740000
1776392742.342,42.342,0.51,15.0,0.5,44.61,0.52,55.01,0.53,86.0,0.42,10.0,0.41,28.0,0.46,30.26,0.47,24.0,0.01,0.04,2330.340695,1776392741000
1776392742.547,42.547,0.5,44.61,0.49,32.15,0.52,51.46,0.53,86.0,0.48,48.21,0.47,86.0,0.49,3.46,0.5,44.61,0.02,0.01,2330.340695,1776392741000
1776392742.794,42.794,0.5,44.61,0.49,37.15,0.52,24.14,0.53,86.0,0.48,46.46,0.47,86.0,0.5,44.61,0.51,32.15,0.02,0.02,2330.340695,1776392741000
1776392743.231,43.231,0.5,74.16,0.49,42.15,0.52,2.25,0.53,86.0,0.49,0.11,0.48,17.14,0.5,51.61,0.51,37.15,0.02,0.01,2330.30662,1776392742000
1776392743.819,43.819,0.51,99.99,0.5,39.55,0.52,7.0,0.53,6.0,0.48,2.25,0.47,86.0,0.5,74.16,0.51,42.15,0.01,0.02,2330.30662,1776392742000
1776392744.03,44.03,0.51,171.37,0.5,33.55,0.52,1.9,0.53,6.0,0.48,7.0,0.47,6.0,0.49,99.99,0.5,39.55,0.01,0.01,2330.102065,1776392743000
1776392747.341,47.341,0.61,27.0,0.6,56.0,0.62,4.29,0.63,5.0,0.43,5.0,0.42,10.0,0.45,20.0,0.46,22.0,0.01,0.02,2329.841508,1776392746000
1776392747.662,47.662,0.62,27.0,0.61,35.0,0.63,5.0,0.64,85.0,0.38,4.29,0.37,5.0,0.39,27.0,0.4,56.0,0.01,0.01,2329.841508,1776392746000
1776392748.809,48.809,0.62,47.0,0.61,76.99,0.64,85.0,0.65,5.0,0.37,5.0,0.36,85.0,0.41,6.82,0.42,112.94,0.02,0.04,2329.813115,1776392747000
1776392749.161,49.161,0.63,101.0,0.62,100.99,0.64,47.74,0.66,75.0,0.36,68.06,0.35,5.0,0.37,15.0,0.38,35.0,0.01,0.01,2329.882795,1776392748000
1776392749.886,49.886,0.68,15.0,0.67,10.0,0.69,99.25,0.7,15.0,0.36,42.99,0.34,75.0,0.37,101.0,0.38,100.99,0.01,0.01,2329.882795,1776392748000
1776392750.09,50.09,0.68,77.2,0.67,10.0,0.69,70.25,0.7,15.0,0.31,99.25,0.3,15.0,0.32,15.0,0.33,10.0,0.01,0.01,2329.882795,1776392748000
1776392750.679,50.679,0.68,53.0,0.67,10.0,0.69,80.25,0.7,15.0,0.31,70.25,0.3,15.0,0.32,77.2,0.33,10.0,0.01,0.01,2329.991745,1776392749000
1776392751.264,51.264,0.68,69.0,0.67,15.0,0.69,70.0,0.7,102.32,0.31,80.25,0.3,15.0,0.32,53.0,0.33,10.0,0.01,0.01,2330.154278,1776392750000
1776392751.687,51.687,0.68,82.0,0.67,15.0,0.69,65.86,0.7,87.32,0.31,70.0,0.3,102.32,0.32,69.0,0.33,15.0,0.01,0.01,2330.154278,1776392750000
1776392752.891,52.891,0.68,94.0,0.67,15.0,0.69,73.87,0.71,70.0,0.31,50.87,0.3,87.32,0.32,82.0,0.33,15.0,0.01,0.01,2330.309165,1776392751000
1776392757.398,57.398,0.68,94.0,0.67,68.99,0.69,37.87,0.71,70.0,0.31,73.87,0.29,70.0,0.32,94.0,0.33,15.0,0.01,0.01,2330.474105,1776392756000
1776392760.262,60.262,0.68,166.99,0.67,24.43,0.69,34.97,0.71,75.0,0.31,37.87,0.29,70.0,0.32,94.0,0.33,68.99,0.01,0.01,2330.511075,1776392759000
1776392761.185,61.185,0.7,84.0,0.69,109.99,0.71,48.98,0.72,5.0,0.29,53.98,0.28,5.0,0.32,166.99,0.33,24.43,0.01,0.03,2330.50925,1776392760000
1776392761.447,61.447,0.7,84.0,0.69,109.99,0.71,43.98,0.72,5.0,0.29,48.98,0.28,5.0,0.3,84.0,0.31,109.99,0.01,0.01,2330.50925,1776392760000
1776392761.839,61.839,0.7,84.0,0.69,109.99,0.71,42.57,0.72,5.0,0.29,43.98,0.28,5.0,0.3,84.0,0.31,109.99,0.01,0.01,2330.50925,1776392760000
1776392763.491,63.491,0.7,84.0,0.69,114.99,0.71,23.68,0.72,5.0,0.29,42.57,0.28,5.0,0.3,84.0,0.31,109.99,0.01,0.01,2330.517028,1776392761000
1776392764.592,64.592,0.7,219.71,0.69,70.43,0.71,18.6,0.73,5.0,0.29,23.68,0.28,5.0,0.3,84.0,0.31,114.99,0.01,0.01,2330.521225,1776392763000
1776392765.275,65.275,0.73,154.99,0.72,35.43,0.74,1.4,0.77,15.0,0.29,16.57,0.27,5.0,0.3,219.71,0.31,70.43,0.01,0.01,2330.521225,1776392763000
1776392765.67,65.67,0.76,52.0,0.75,10.0,0.78,85.0,0.79,5.0,0.23,5.0,0.22,85.0,0.26,10.23,0.27,158.19,0.02,0.03,2330.608725,1776392764000
1776392765.919,65.919,0.77,29.0,0.76,40.0,0.78,85.0,0.79,5.0,0.22,85.0,0.21,5.0,0.24,52.0,0.25,10.0,0.01,0.02,2330.608725,1776392764000
1776392766.348,66.348,0.79,54.0,0.78,15.0,0.8,3.75,0.82,8.0,0.22,78.3,0.21,5.0,0.23,22.17,0.24,40.0,0.01,0.01,2330.556385,1776392765000
1776392766.557,66.557,0.79,14.0,0.78,15.0,0.8,44.5,0.81,5.0,0.2,119.75,0.19,105.0,0.21,52.0,0.22,15.0,0.01,0.01,2330.556385,1776392765000
1776392767.501,67.501,0.79,5.0,0.78,15.0,0.8,28.5,0.81,30.0,0.2,28.5,0.19,30.0,0.21,10.0,0.22,15.0,0.01,0.01,2330.614932,1776392766000
1776392769.03,69.03,0.79,12.0,0.78,15.0,0.8,2.25,0.81,5.0,0.2,28.5,0.19,30.0,0.21,5.0,0.22,15.0,0.01,0.01,2330.83027,1776392767000
1776392773.013,73.013,0.82,26.0,0.81,20.0,0.83,35.0,0.84,153.8,0.2,2.25,0.19,5.0,0.21,12.0,0.22,15.0,0.01,0.01,2331.036193,1776392771000
1776392775.853,75.853,0.83,66.41,0.82,24.0,0.84,116.0,0.85,96.2,0.17,35.0,0.16,153.8,0.18,26.0,0.19,20.0,0.01,0.01,2331.105098,1776392774000
1776392776.728,76.728,0.83,15.93,0.82,9.0,0.84,137.8,0.85,102.2,0.16,116.0,0.15,112.2,0.17,5.93,0.18,24.0,0.01,0.01,2331.105098,1776392774000
1776392777.952,77.952,0.83,15.93,0.82,14.0,0.84,136.6,0.85,102.2,0.16,137.8,0.15,102.2,0.17,15.93,0.18,9.0,0.01,0.01,2331.125265,1776392776000
1776392779.077,79.077,0.83,20.93,0.82,14.0,0.84,89.8,0.85,86.2,0.16,136.6,0.15,102.2,0.17,15.93,0.18,14.0,0.01,0.01,2331.12869,1776392777000
1776392787.489,87.489,0.83,44.37,0.82,15.0,0.84,148.8,0.85,50.0,0.16,89.8,0.15,86.2,0.17,20.93,0.18,14.0,0.01,0.01,2331.28829,1776392785000
1776392790.831,90.831,0.83,33.0,0.82,12.0,0.84,67.84,0.85,78.2,0.16,167.8,0.15,50.0,0.18,7.0,0.19,15.0,0.01,0.02,2331.155755,1776392789000
1776392799.188,99.188,0.83,126.47,0.82,12.0,0.84,61.82,0.85,38.0,0.16,62.78,0.15,78.2,0.17,33.0,0.18,12.0,0.01,0.01,2331.11705,1776392798000
1776392812.884,112.884,0.84,85.0,0.83,94.47,0.87,32.0,0.88,40.0,0.16,61.82,0.15,38.0,0.17,126.47,0.18,12.0,0.03,0.01,2331.129132,1776392811000
1776392813.885,113.885,0.86,20.0,0.85,20.0,0.87,31.5,0.88,51.0,0.13,32.0,0.12,40.0,0.16,85.0,0.17,94.47,0.01,0.03,2331.131843,1776392812000
1776392814.604,114.604,0.87,20.0,0.86,25.0,0.88,21.0,0.89,95.79,0.13,31.5,0.12,51.0,0.14,20.0,0.15,20.0,0.01,0.01,2331.131843,1776392813000
1776392815.118,115.118,0.88,8.1,0.87,20.0,0.89,111.79,0.9,179.34,0.12,21.0,0.11,95.79,0.13,20.0,0.14,25.0,0.01,0.01,2331.131843,1776392813000
1776392816.43,116.43,0.86,30.0,0.85,23.0,0.89,87.0,0.9,169.0,0.11,111.79,0.1,179.34,0.12,8.1,0.13,20.0,0.03,0.01,2331.153468,1776392815000
1776392816.636,116.636,0.88,13.15,0.87,15.0,0.89,15.0,0.9,86.0,0.11,57.0,0.1,164.0,0.12,5.15,0.13,15.0,0.01,0.01,2331.153468,1776392815000
1776392816.85,116.85,0.89,23.0,0.88,8.0,0.9,46.0,0.91,119.0,0.11,15.0,0.1,86.0,0.12,13.15,0.13,15.0,0.01,0.01,2331.153468,1776392815000
1776392817.537,117.537,0.87,10.0,0.86,24.0,0.88,47.0,0.89,82.0,0.1,46.0,0.09,119.0,0.11,23.0,0.12,8.0,0.01,0.01,2331.153468,1776392816000
1776392819.803,119.803,0.86,10.0,0.85,15.0,0.87,1.96,0.88,48.0,0.12,47.0,0.11,82.0,0.13,10.0,0.14,24.0,0.01,0.01,2331.33783,1776392818000
1776392820.131,120.131,0.86,10.0,0.85,20.0,0.88,39.59,0.89,101.79,0.13,1.96,0.12,48.0,0.14,10.0,0.15,15.0,0.02,0.01,2331.33783,1776392818000
1776392823.692,123.692,0.87,51.37,0.86,81.99,0.89,70.79,0.9,121.0,0.12,39.59,0.11,101.79,0.14,10.0,0.15,20.0,0.02,0.02,2331.264,1776392822000
1776392825.14,125.14,0.88,10.0,0.87,56.37,0.89,61.17,0.9,137.0,0.11,70.79,0.1,121.0,0.13,51.37,0.14,81.99,0.01,0.02,2331.286815,1776392824000
1776392827.85,127.85,0.88,10.0,0.87,92.36,0.89,44.11,0.9,149.0,0.11,61.17,0.1,137.0,0.12,10.0,0.13,56.37,0.01,0.01,2331.283165,1776392826000
1776392828.489,128.489,0.89,4.33,0.88,10.0,0.9,41.01,0.91,70.0,0.1,97.01,0.09,70.0,0.12,10.0,0.13,92.36,0.01,0.02,2331.288135,1776392827000
1776392831.271,131.271,0.89,9.33,0.88,20.0,0.9,29.89,0.91,65.0,0.1,41.01,0.09,70.0,0.11,4.33,0.12,10.0,0.01,0.01,2331.278095,1776392829000
1776392832.266,132.266,0.88,20.0,0.87,163.98,0.89,12.67,0.9,81.89,0.1,29.89,0.09,65.0,0.11,9.33,0.12,20.0,0.01,0.01,2331.26858,1776392831000
1776392836.421,136.421,0.88,154.99,0.87,64.98,0.89,5.67,0.9,66.0,0.11,12.67,0.1,81.89,0.12,20.0,0.13,163.98,0.01,0.01,2331.289625,1776392835000
1776392840.82,140.82,0.89,14.47,0.88,60.9,0.9,64.91,0.91,26.0,0.1,57.91,0.09,11.0,0.11,17.33,0.12,147.99,0.01,0.01,2331.407515,1776392839000
1776392843.473,143.473,0.89,41.0,0.88,178.89,0.9,27.91,0.91,55.0,0.1,64.91,0.09,26.0,0.12,60.9,0.13,161.46,0.01,0.02,2331.318675,1776392842000
1776392847.568,147.568,0.89,143.89,0.88,61.53,0.9,27.91,0.91,55.0,0.1,27.91,0.09,55.0,0.11,41.0,0.12,178.89,0.01,0.01,2331.429795,1776392846000
1776392848.684,148.684,0.89,109.43,0.88,61.53,0.9,27.91,0.91,11.0,0.1,27.91,0.09,55.0,0.11,143.89,0.12,61.53,0.01,0.01,2331.42795,1776392847000
1776392849.843,149.843,0.89,182.87,0.88,112.63,0.9,16.79,0.91,11.0,0.1,27.91,0.09,11.0,0.11,109.43,0.12,61.53,0.01,0.01,2331.42909,1776392848000
1776392850.087,150.087,0.89,182.87,0.88,61.53,0.9,14.56,0.91,11.0,0.1,16.79,0.09,11.0,0.11,182.87,0.12,112.63,0.01,0.01,2331.42909,1776392848000
1776392851.593,151.593,0.89,198.87,0.88,61.53,0.9,13.34,0.91,27.0,0.1,14.56,0.09,11.0,0.11,182.87,0.12,61.53,0.01,0.01,2331.425095,1776392850000
1776392853.475,153.475,0.89,197.87,0.88,61.53,0.9,8.57,0.91,11.0,0.1,13.34,0.09,27.0,0.11,198.87,0.12,61.53,0.01,0.01,2331.422055,1776392852000
1776392855.064,155.064,0.89,118.87,0.88,61.53,0.9,23.57,0.91,47.0,0.1,8.57,0.09,11.0,0.11,197.87,0.12,61.53,0.01,0.01,2331.420725,1776392853000
1776392856.345,156.345,0.89,50.44,0.88,48.53,0.9,41.01,0.91,42.0,0.1,23.57,0.09,47.0,0.11,118.87,0.12,61.53,0.01,0.01,2331.4033,1776392855000
1776392857.488,157.488,0.89,129.36,0.88,48.53,0.9,16.89,0.91,32.0,0.1,41.01,0.09,42.0,0.11,50.44,0.12,48.53,0.01,0.01,2331.288538,1776392856000
1776392859.375,159.375,0.85,10.0,0.84,10.0,0.88,7.0,0.89,73.0,0.1,16.89,0.09,32.0,0.11,0.9,0.12,48.53,0.03,0.01,2331.27663,1776392858000
1776392859.7,159.7,0.83,15.0,0.82,29.21,0.84,109.35,0.85,21.0,0.16,106.0,0.13,10.0,0.18,37.21,0.19,86.0,0.01,0.02,2331.27663,1776392858000
1776392860.216,160.216,0.83,233.94,0.82,39.21,0.84,23.0,0.85,16.0,0.16,99.35,0.15,21.0,0.17,69.41,0.18,39.21,0.01,0.01,2331.195911,1776392859000
1776392860.504,160.504,0.83,238.94,0.82,39.21,0.84,17.84,0.85,16.0,0.16,22.9,0.15,16.0,0.17,233.94,0.18,39.21,0.01,0.01,2331.195911,1776392859000
1776392862.348,162.348,0.8,5.42,0.79,25.0,0.84,77.54,0.85,21.0,0.16,16.54,0.15,16.0,0.17,238.94,0.18,39.21,0.04,0.01,2331.04815,1776392861000
1776392862.678,162.678,0.7,79.05,0.68,7.0,0.75,30.0,0.76,102.0,0.19,58.0,0.16,153.54,0.3,115.72,0.33,7.0,0.05,0.11,2331.04815,1776392861000
1776392863.243,163.243,0.7,74.15,0.65,5.0,0.71,242.23,0.72,19.0,0.29,57.0,0.28,19.0,0.3,69.15,0.31,18.08,0.01,0.01,2331.067093,1776392862000
1776392863.474,163.474,0.62,15.0,0.61,5.0,0.66,15.0,0.67,15.0,0.31,5.57,0.3,10.0,0.35,5.0,0.36,18.08,0.04,0.04,2331.067093,1776392862000
1776392863.752,163.752,0.62,10.0,0.6,6.0,0.63,1.41,0.64,10.0,0.37,8.41,0.36,10.0,0.38,15.0,0.39,5.0,0.01,0.01,2331.067093,1776392862000
1776392863.976,163.976,0.58,45.48,0.57,29.0,0.59,10.0,0.6,10.0,0.4,10.0,0.39,10.0,0.42,131.52,0.43,29.0,0.01,0.02,2331.067093,1776392862000
1776392864.242,164.242,0.58,63.03,0.57,29.0,0.59,5.0,0.6,10.0,0.4,10.0,0.39,10.0,0.42,47.48,0.43,29.0,0.01,0.02,2330.392507,1776392863000
1776392864.93,164.93,0.59,39.28,0.58,46.03,0.6,15.49,0.61,35.0,0.4,7.33,0.39,25.0,0.41,20.08,0.42,56.03,0.01,0.01,2330.392507,1776392863000
1776392865.164,165.164,0.59,17.2,0.58,26.48,0.6,46.49,0.61,35.0,0.4,15.49,0.39,35.0,0.41,39.28,0.42,46.03,0.01,0.01,2330.392507,1776392863000
1776392865.397,165.397,0.58,8.33,0.56,22.08,0.6,24.87,0.61,19.0,0.41,6.62,0.39,35.0,0.42,3.33,0.44,22.08,0.02,0.01,2330.14235,1776392864000
1776392865.745,165.745,0.58,70.39,0.57,10.0,0.59,2.0,0.6,24.87,0.4,24.87,0.39,19.0,0.42,8.33,0.44,22.08,0.01,0.02,2330.14235,1776392864000
1776392866.154,166.154,0.59,7.0,0.58,179.55,0.6,8.55,0.61,35.0,0.4,24.55,0.39,24.0,0.42,186.55,0.43,10.0,0.01,0.02,2330.14235,1776392864000
1776392866.885,166.885,0.59,10.0,0.58,174.55,0.6,52.02,0.61,60.0,0.4,48.86,0.39,60.0,0.41,5.0,0.42,174.55,0.01,0.01,2330.077629,1776392865000
1776392867.349,167.349,0.59,10.0,0.58,184.55,0.6,62.68,0.61,60.0,0.4,52.02,0.39,60.0,0.41,10.0,0.42,174.55,0.01,0.01,2329.956758,1776392866000
1776392867.901,167.901,0.58,60.7,0.57,10.0,0.6,64.68,0.61,60.0,0.4,62.68,0.39,60.0,0.41,10.0,0.42,184.55,0.02,0.01,2329.956758,1776392866000
1776392868.262,168.262,0.58,57.7,0.56,17.0,0.59,22.06,0.6,55.36,0.4,40.68,0.39,60.0,0.42,50.7,0.43,10.0,0.01,0.02,2329.956758,1776392866000
1776392868.967,168.967,0.58,44.7,0.56,17.0,0.59,43.0,0.6,60.36,0.41,22.06,0.4,55.36,0.42,57.7,0.44,17.0,0.01,0.01,2329.858168,1776392867000
1776392870.514,170.514,0.58,44.7,0.57,5.0,0.59,9.77,0.6,60.36,0.41,43.0,0.4,60.36,0.42,44.7,0.44,17.0,0.01,0.01,2329.783101,1776392869000
1776392871.414,171.414,0.58,44.7,0.57,5.0,0.59,15.44,0.6,60.36,0.41,9.77,0.4,60.36,0.42,44.7,0.43,5.0,0.01,0.01,2329.784675,1776392870000
1776392874.14,174.14,0.56,17.0,0.54,80.99,0.57,21.0,0.58,32.0,0.41,15.44,0.4,60.36,0.42,44.7,0.43,5.0,0.01,0.01,2329.690153,1776392872000
1776392874.441,174.441,0.52,5.0,0.49,81.06,0.57,26.0,0.58,37.0,0.43,21.0,0.42,32.0,0.44,17.0,0.46,80.99,0.05,0.01,2329.691456,1776392873000
1776392874.752,174.752,0.49,3.15,0.48,5.0,0.51,6.66,0.52,16.0,0.46,5.0,0.45,10.0,0.51,17.15,0.52,19.0,0.02,0.05,2329.691456,1776392873000
1776392875.125,175.125,0.49,0.15,0.44,18.0,0.5,26.0,0.51,70.66,0.49,6.66,0.48,16.0,0.51,3.15,0.52,5.0,0.01,0.02,2329.749452,1776392874000
1776392875.34,175.34,0.38,11.46,0.36,55.18,0.47,9.43,0.48,9.61,0.5,10.0,0.49,70.66,0.64,45.18,0.68,70.0,0.09,0.14,2329.749452,1776392874000
1776392875.848,175.848,0.37,5.0,0.32,11.0,0.38,10.0,0.39,10.0,0.53,9.43,0.52,9.61,0.62,11.46,0.64,55.18,0.01,0.09,2329.749452,1776392874000
1776392876.068,176.068,0.32,3.05,0.31,50.0,0.33,11.0,0.34,10.0,0.67,11.0,0.66,10.0,0.68,6.0,0.69,50.0,0.01,0.01,2329.696367,1776392875000
1776392876.3,176.3,0.32,6.55,0.31,50.0,0.33,24.65,0.34,10.0,0.67,5.45,0.66,10.0,0.68,3.05,0.69,50.0,0.01,0.01,2329.696367,1776392875000
1776392876.731,176.731,0.32,1.0,0.31,50.0,0.33,12.91,0.34,10.0,0.67,24.65,0.66,10.0,0.68,6.55,0.69,50.0,0.01,0.01,2329.696367,1776392875000
1776392877.258,177.258,0.31,55.0,0.3,98.85,0.33,5.52,0.34,10.0,0.68,10.4,0.67,12.91,0.69,50.0,0.7,98.85,0.02,0.01,2329.336289,1776392876000
1776392877.6,177.6,0.3,47.39,0.27,12.0,0.32,10.0,0.33,15.52,0.67,15.52,0.66,21.0,0.69,3.6,0.7,98.85,0.02,0.02,2329.336289,1776392876000
1776392877.83,177.83,0.3,47.39,0.27,12.0,0.31,75.8,0.32,10.0,0.69,58.26,0.68,10.0,0.7,47.39,0.73,12.0,0.01,0.01,2329.336289,1776392876000
1776392878.039,178.039,0.3,47.39,0.27,12.0,0.31,72.25,0.32,10.0,0.69,75.8,0.68,10.0,0.7,47.39,0.73,12.0,0.01,0.01,2329.336289,1776392876000
1776392878.878,178.878,0.3,62.68,0.27,12.0,0.31,39.59,0.32,10.0,0.69,72.25,0.68,10.0,0.7,42.39,0.73,12.0,0.01,0.01,2328.943753,1776392877000
1776392879.168,179.168,0.3,62.68,0.27,12.0,0.31,21.1,0.32,10.0,0.69,36.04,0.68,10.0,0.7,62.68,0.73,12.0,0.01,0.01,2328.888877,1776392878000
1776392879.458,179.458,0.3,62.68,0.27,12.0,0.31,14.64,0.32,10.0,0.69,21.1,0.68,10.0,0.7,62.68,0.73,12.0,0.01,0.01,2328.888877,1776392878000
1776392879.823,179.823,0.3,144.73,0.29,10.0,0.31,6.57,0.32,10.0,0.69,14.64,0.68,10.0,0.7,62.68,0.73,12.0,0.01,0.01,2328.888877,1776392878000
1776392880.307,180.307,0.32,44.0,0.31,66.0,0.35,7.69,0.36,10.0,0.69,6.57,0.68,10.0,0.7,144.73,0.71,10.0,0.03,0.01,2328.831246,1776392879000
1776392880.912,180.912,0.34,35.91,0.33,101.02,0.35,7.69,0.38,5.0,0.65,7.69,0.64,10.0,0.68,44.0,0.69,66.0,0.01,0.03,2328.831246,1776392879000
1776392881.214,181.214,0.34,60.41,0.33,101.02,0.35,7.69,0.38,5.0,0.65,7.69,0.62,5.0,0.66,35.91,0.67,101.02,0.01,0.01,2328.812529,1776392880000
1776392882.543,182.543,0.33,101.02,0.32,16.0,0.34,5.0,0.35,17.69,0.65,7.69,0.62,5.0,0.66,20.62,0.67,101.02,0.01,0.01,2328.934256,1776392881000
1776392883.382,183.382,0.33,102.54,0.32,16.0,0.35,17.69,0.36,10.0,0.66,5.0,0.65,17.69,0.67,101.02,0.68,16.0,0.02,0.01,2328.946353,1776392882000
1776392883.95,183.95,0.33,5.0,0.32,73.77,0.35,43.69,0.36,15.0,0.65,17.69,0.64,10.0,0.67,102.54,0.68,16.0,0.02,0.02,2328.946353,1776392882000
1776392884.257,184.257,0.3,5.0,0.25,9.0,0.33,16.0,0.34,30.0,0.65,43.69,0.64,15.0,0.67,5.0,0.68,73.77,0.03,0.02,2328.9775,1776392883000
1776392884.558,184.558,0.21,42.57,0.18,30.0,0.22,30.0,0.23,10.0,0.75,20.0,0.74,15.0,0.79,37.67,0.81,9.0,0.01,0.04,2328.9775,1776392883000
1776392884.771,184.771,0.17,80.0,0.16,160.0,0.22,5.0,0.23,10.0,0.75,7.2,0.74,16.0,0.79,37.44,0.83,70.0,0.05,0.04,2328.9775,1776392883000
1776392885.088,185.088,0.19,54.0,0.18,10.0,0.21,8.35,0.22,5.0,0.8,3.35,0.79,10.0,0.81,17.0,0.82,10.0,0.02,0.01,2328.97497,1776392884000
1776392885.398,185.398,0.2,28.5,0.18,10.0,0.21,13.09,0.22,5.0,0.78,5.0,0.77,10.0,0.8,34.12,0.82,10.0,0.01,0.02,2328.97497,1776392884000
1776392886.338,186.338,0.21,30.0,0.2,87.5,0.28,50.82,0.29,21.0,0.79,13.09,0.78,5.0,0.8,28.5,0.82,10.0,0.07,0.01,2328.793649,1776392885000
1776392887.367,187.367,0.26,13.25,0.25,15.0,0.27,16.0,0.28,20.82,0.72,50.82,0.71,21.0,0.79,30.0,0.8,87.5,0.01,0.07,2328.532535,1776392886000
1776392887.958,187.958,0.28,10.0,0.27,70.0,0.29,3.03,0.3,16.0,0.73,5.14,0.72,20.82,0.74,13.25,0.75,15.0,0.01,0.01,2328.532535,1776392886000
1776392888.204,188.204,0.27,30.95,0.26,13.25,0.3,16.0,0.31,31.0,0.71,3.03,0.7,16.0,0.72,8.0,0.73,46.0,0.03,0.01,2328.532535,1776392886000
1776392888.438,188.438,0.28,8.01,0.27,28.18,0.3,16.0,0.31,31.0,0.7,16.0,0.69,31.0,0.73,28.18,0.74,13.25,0.02,0.03,2328.55506,1776392887000
1776392888.845,188.845,0.29,5.0,0.28,13.01,0.3,12.66,0.31,31.0,0.7,16.0,0.69,31.0,0.72,8.01,0.73,28.18,0.01,0.02,2328.55506,1776392887000
1776392889.884,189.884,0.3,57.0,0.29,15.0,0.32,15.0,0.33,21.0,0.7,12.66,0.69,31.0,0.71,5.0,0.72,13.01,0.02,0.01,2328.59483,1776392888000
1776392890.673,190.673,0.3,7.89,0.29,5.0,0.31,40.0,0.32,15.0,0.68,15.0,0.67,21.0,0.7,57.0,0.71,15.0,0.01,0.02,2328.674582,1776392889000
1776392895.328,195.328,0.3,17.89,0.29,15.0,0.31,10.54,0.32,5.0,0.69,40.0,0.68,15.0,0.7,7.89,0.71,5.0,0.01,0.01,2328.71752,1776392894000
1776392897.117,197.117,0.3,17.89,0.29,15.0,0.31,7.0,0.32,16.0,0.69,10.54,0.68,5.0,0.7,17.89,0.71,15.0,0.01,0.01,2328.73529,1776392895000
1776392897.666,197.666,0.3,17.89,0.29,15.0,0.31,7.0,0.32,16.0,0.69,7.0,0.68,16.0,0.7,17.89,0.71,15.0,0.01,0.01,2328.7413,1776392896000
1776392898.167,198.167,0.3,17.89,0.29,15.0,0.32,14.55,0.33,16.0,0.69,7.0,0.68,16.0,0.7,17.89,0.71,15.0,0.02,0.01,2328.7413,1776392896000
1776392898.687,198.687,0.31,51.0,0.3,17.89,0.32,14.55,0.33,30.0,0.68,14.55,0.67,16.0,0.7,17.89,0.71,15.0,0.01,0.02,2328.745695,1776392897000
1776392898.963,198.963,0.31,31.0,0.3,22.89,0.34,16.0,0.35,7.69,0.68,14.55,0.67,30.0,0.69,51.0,0.7,17.89,0.03,0.01,2328.745695,1776392897000
1776392899.646,199.646,0.33,21.0,0.32,16.0,0.34,22.05,0.35,22.69,0.66,10.0,0.65,7.69,0.67,6.0,0.68,16.0,0.01,0.01,2328.73836,1776392898000
1776392900.262,200.262,0.33,6.07,0.32,16.0,0.34,10.0,0.35,17.69,0.66,15.16,0.65,17.69,0.67,21.0,0.68,16.0,0.01,0.01,2328.73836,1776392899000
1776392900.775,200.775,0.33,6.07,0.32,16.0,0.34,5.0,0.35,30.69,0.66,10.0,0.65,17.69,0.67,6.07,0.68,16.0,0.01,0.01,2328.73836,1776392899000
1776392902.519,202.519,0.34,2.03,0.33,6.07,0.35,22.69,0.36,99.6,0.65,17.69,0.64,99.6,0.67,6.07,0.68,16.0,0.01,0.02,2328.778045,1776392901000
1776392904.813,204.813,0.34,9.96,0.33,6.07,0.35,42.69,0.36,79.6,0.65,22.69,0.64,99.6,0.66,2.03,0.67,6.07,0.01,0.01,2328.791068,1776392903000
1776392906.175,206.175,0.34,7.86,0.33,6.07,0.35,68.97,0.36,89.6,0.65,42.69,0.64,79.6,0.66,7.86,0.67,6.07,0.01,0.01,2328.790133,1776392904000
1776392907.684,207.684,0.32,10.0,0.31,20.0,0.33,5.93,0.35,68.97,0.65,68.97,0.64,89.6,0.66,7.86,0.67,6.07,0.01,0.01,2328.791145,1776392906000
1776392907.987,207.987,0.32,10.0,0.31,20.0,0.33,2.89,0.34,14.0,0.67,5.93,0.65,68.97,0.68,10.0,0.69,20.0,0.01,0.01,2328.791145,1776392906000
1776392908.49,208.49,0.2,9.9,0.19,15.0,0.32,5.0,0.33,149.89,0.67,12.89,0.66,14.0,0.68,5.58,0.69,20.0,0.12,0.01,2328.79166,1776392907000
1776392909.056,209.056,0.23,122.0,0.22,85.0,0.29,5.0,0.32,5.0,0.68,5.0,0.67,149.89,0.8,9.9,0.81,15.0,0.06,0.12,2328.79166,1776392907000
1776392910.392,210.392,0.28,10.0,0.27,10.0,0.29,32.55,0.3,10.0,0.71,5.0,0.68,5.0,0.77,122.0,0.78,85.0,0.01,0.06,2328.77668,1776392908000
1776392910.726,210.726,0.28,2.91,0.27,10.0,0.29,18.55,0.32,22.0,0.71,32.55,0.7,10.0,0.72,10.0,0.73,10.0,0.01,0.01,2328.738107,1776392909000
1776392911.191,211.191,0.27,6.06,0.26,10.0,0.29,17.0,0.32,22.0,0.71,18.55,0.68,22.0,0.72,2.91,0.73,10.0,0.02,0.01,2328.744857,1776392910000
1776392912.403,212.403,0.26,15.0,0.25,10.0,0.28,11.0,0.29,17.0,0.71,17.0,0.68,22.0,0.73,6.06,0.74,10.0,0.02,0.02,2328.722269,1776392911000
1776392912.746,212.746,0.26,15.0,0.25,10.0,0.27,12.29,0.28,11.0,0.72,11.0,0.71,17.0,0.74,15.0,0.75,10.0,0.01,0.02,2328.722269,1776392911000
1776392913.357,213.357,0.26,49.0,0.25,10.0,0.35,24.97,0.36,89.6,0.73,12.29,0.72,11.0,0.74,15.0,0.75,10.0,0.09,0.01,2328.722269,1776392911000
1776392914.407,214.407,0.33,15.0,0.32,10.0,0.34,18.05,0.35,24.97,0.65,24.97,0.64,89.6,0.74,49.0,0.75,10.0,0.01,0.09,2328.710975,1776392913000
1776392915.137,215.137,0.33,8.0,0.32,10.0,0.34,5.0,0.35,14.97,0.66,18.05,0.65,24.97,0.67,15.0,0.68,10.0,0.01,0.01,2328.710975,1776392913000
1776392915.447,215.447,0.32,5.51,0.31,10.0,0.34,10.0,0.35,24.97,0.66,5.0,0.65,14.97,0.68,10.0,0.69,10.0,0.02,0.02,2328.788235,1776392914000
1776392916.679,216.679,0.31,10.0,0.3,10.0,0.32,6.87,0.33,11.0,0.66,10.0,0.65,24.97,0.68,5.51,0.69,10.0,0.01,0.02,2328.855875,1776392915000
1776392918.484,218.484,0.31,10.0,0.3,10.0,0.34,18.53,0.35,24.97,0.68,6.87,0.67,11.0,0.69,10.0,0.7,10.0,0.03,0.01,2328.814601,1776392917000
1776392919.016,219.016,0.23,10.0,0.22,50.0,0.24,121.0,0.25,32.0,0.66,18.53,0.65,24.97,0.69,10.0,0.7,10.0,0.01,0.03,2328.814755,1776392918000
1776392919.554,219.554,0.23,10.0,0.22,10.0,0.25,5.0,0.27,6.0,0.76,59.0,0.75,30.0,0.8,6.21,0.81,15.0,0.02,0.04,2328.814755,1776392918000
1776392920.321,220.321,0.24,10.0,0.23,20.0,0.25,1.0,0.26,12.0,0.75,5.0,0.73,6.0,0.77,10.0,0.78,10.0,0.01,0.02,2328.825435,1776392919000
1776392921.784,221.784,0.24,5.0,0.23,20.0,0.25,1.0,0.27,19.0,0.75,1.0,0.74,12.0,0.76,10.0,0.77,20.0,0.01,0.01,2328.694258,1776392920000
1776392923.758,223.758,0.27,45.0,0.26,21.0,0.28,94.0,0.31,50.0,0.75,1.0,0.73,19.0,0.76,5.0,0.77,20.0,0.01,0.01,2328.678075,1776392922000
1776392924.06,224.06,0.27,66.0,0.26,216.0,0.28,38.74,0.35,1.97,0.72,88.74,0.67,16.3,0.73,41.0,0.74,146.0,0.01,0.01,2328.678075,1776392922000
1776392924.831,224.831,0.34,5.15,0.33,15.0,0.35,1.97,0.36,15.6,0.65,1.97,0.64,15.6,0.73,66.0,0.74,216.0,0.01,0.08,2328.685765,1776392923000
1776392925.405,225.405,0.34,2.01,0.33,15.0,0.35,1.97,0.36,15.6,0.65,1.97,0.64,15.6,0.66,5.15,0.67,15.0,0.01,0.01,2328.685765,1776392923000
1776392925.816,225.816,0.33,2.05,0.32,15.0,0.35,1.97,0.36,15.6,0.65,1.97,0.64,15.6,0.66,2.01,0.67,15.0,0.02,0.01,2328.685785,1776392924000
1776392926.445,226.445,0.34,10.12,0.33,15.0,0.35,6.97,0.36,15.6,0.65,1.97,0.64,15.6,0.68,2.31,0.69,15.0,0.01,0.03,2328.941407,1776392925000
1776392926.82,226.82,0.34,26.81,0.33,155.0,0.35,1.97,0.36,15.6,0.65,6.97,0.64,15.6,0.66,10.12,0.67,15.0,0.01,0.01,2328.941407,1776392925000
1776392928.172,228.172,0.34,33.0,0.33,155.0,0.41,10.0,0.42,15.0,0.65,1.97,0.64,15.6,0.66,26.81,0.67,155.0,0.07,0.01,2329.015785,1776392926000
1776392928.529,228.529,0.44,36.0,0.43,25.0,0.45,4.4,0.46,60.0,0.59,10.0,0.58,15.0,0.66,33.0,0.67,155.0,0.01,0.07,2329.03471,1776392927000
1776392928.846,228.846,0.44,6.42,0.43,25.0,0.45,10.0,0.46,65.0,0.55,10.0,0.54,60.0,0.57,25.0,0.58,25.0,0.01,0.02,2329.03471,1776392927000
1776392930.153,230.153,0.4,10.0,0.39,45.0,0.41,2.56,0.42,70.0,0.54,60.0,0.53,10.0,0.63,13.51,0.68,37.75,0.01,0.09,2329.120315,1776392929000
1776392930.562,230.562,0.45,15.0,0.44,10.0,0.47,76.12,0.48,80.0,0.59,2.56,0.58,70.0,0.6,10.0,0.61,45.0,0.02,0.01,2329.120315,1776392929000
1776392931.648,231.648,0.36,108.65,0.35,110.0,0.46,15.0,0.47,8.12,0.53,73.12,0.52,85.0,0.55,15.0,0.56,15.0,0.1,0.02,2329.23041,1776392930000
1776392931.925,231.925,0.36,70.0,0.35,110.0,0.38,7.81,0.39,10.0,0.54,15.0,0.53,8.12,0.64,108.65,0.65,110.0,0.02,0.1,2329.23808,1776392931000
1776392932.634,232.634,0.4,20.0,0.39,20.0,0.43,44.53,0.44,80.0,0.6,5.31,0.59,10.0,0.64,105.0,0.65,110.0,0.03,0.04,2329.23808,1776392931000
1776392932.916,232.916,0.45,10.0,0.44,20.0,0.46,42.39,0.49,155.0,0.57,44.53,0.56,80.0,0.6,20.0,0.61,20.0,0.01,0.03,2329.317016,1776392932000
1776392933.178,233.178,0.45,10.0,0.44,20.0,0.46,37.39,0.49,155.0,0.54,42.39,0.51,155.0,0.55,10.0,0.56,20.0,0.01,0.01,2329.317016,1776392932000
1776392935.502,235.502,0.41,15.0,0.4,22.0,0.42,45.0,0.48,15.0,0.54,37.39,0.51,155.0,0.55,10.0,0.56,20.0,0.01,0.01,2329.29762,1776392934000
1776392935.827,235.827,0.41,10.0,0.4,22.0,0.42,42.0,0.43,5.0,0.58,45.0,0.52,15.0,0.59,15.0,0.6,22.0,0.01,0.01,2329.29762,1776392934000
1776392936.622,236.622,0.4,7.0,0.37,20.0,0.41,2.8,0.42,57.0,0.58,42.0,0.57,5.0,0.59,10.0,0.6,22.0,0.01,0.01,2329.410435,1776392935000
1776392936.848,236.848,0.36,92.0,0.35,50.8,0.37,16.0,0.38,16.0,0.59,2.8,0.58,57.0,0.6,7.0,0.63,20.0,0.01,0.01,2329.410435,1776392935000
1776392938.352,238.352,0.36,89.9,0.35,25.8,0.37,16.0,0.38,16.0,0.63,16.0,0.62,16.0,0.64,131.9,0.65,25.8,0.01,0.01,2329.40172,1776392937000
1776392938.583,238.583,0.36,85.21,0.35,25.8,0.37,16.0,0.38,16.0,0.63,16.0,0.62,16.0,0.64,89.9,0.65,25.8,0.01,0.01,2329.40172,1776392937000
1776392941.688,241.688,0.36,63.0,0.35,25.8,0.37,7.48,0.38,21.0,0.63,16.0,0.62,16.0,0.64,85.21,0.65,25.8,0.01,0.01,2329.294264,1776392940000
1776392942.226,242.226,0.36,5.0,0.35,33.8,0.37,2.66,0.38,91.0,0.63,7.48,0.62,21.0,0.64,39.0,0.65,33.8,0.01,0.01,2329.294264,1776392940000
1776392942.641,242.641,0.31,10.0,0.3,27.1,0.33,5.0,0.34,22.0,0.63,2.66,0.62,91.0,0.64,5.0,0.65,33.8,0.02,0.01,2329.30342,1776392941000
1776392943.554,243.554,0.26,80.0,0.25,10.0,0.28,5.0,0.29,22.0,0.68,6.0,0.67,28.0,0.7,25.85,0.71,35.5,0.02,0.02,2329.30378,1776392942000
1776392943.819,243.819,0.27,7.26,0.26,79.9,0.28,5.0,0.29,22.0,0.72,5.0,0.71,22.0,0.74,79.9,0.75,10.0,0.01,0.02,2329.30378,1776392942000
1776392944.609,244.609,0.26,10.0,0.25,10.0,0.27,33.79,0.28,92.0,0.72,5.0,0.71,22.0,0.73,7.26,0.74,79.9,0.01,0.01,2329.287568,1776392943000
1776392944.871,244.871,0.25,10.0,0.24,40.7,0.26,33.3,0.27,32.59,0.73,33.79,0.72,92.0,0.74,10.0,0.75,10.0,0.01,0.01,2329.287568,1776392943000
1776392945.146,245.146,0.25,5.0,0.24,21.0,0.26,9.41,0.27,32.59,0.74,21.03,0.73,32.59,0.76,21.0,0.77,30.3,0.01,0.02,2329.287568,1776392943000
1776392945.796,245.796,0.19,68.45,0.18,10.0,0.2,29.0,0.21,15.0,0.74,9.41,0.73,32.59,0.75,5.0,0.76,21.0,0.01,0.01,2329.219698,1776392944000
1776392946.077,246.077,0.19,58.45,0.18,10.0,0.2,9.5,0.21,15.0,0.8,29.0,0.79,15.0,0.81,68.45,0.82,10.0,0.01,0.01,2329.219698,1776392944000
1776392949.441,249.441,0.21,40.0,0.2,15.0,0.22,131.21,0.23,17.0,0.79,15.0,0.78,22.0,0.81,31.02,0.82,10.0,0.01,0.02,2328.927972,1776392948000
1776392949.727,249.727,0.21,27.34,0.2,15.0,0.22,128.21,0.23,7.0,0.78,131.21,0.77,17.0,0.79,40.0,0.8,15.0,0.01,0.01,2328.927972,1776392948000
1776392950.163,250.163,0.22,12.37,0.21,2.34,0.23,28.0,0.24,5.0,0.78,121.21,0.77,7.0,0.79,27.34,0.8,15.0,0.01,0.01,2328.927972,1776392948000
1776392950.533,250.533,0.2,7.87,0.19,41.02,0.23,28.0,0.24,5.0,0.77,28.0,0.76,5.0,0.78,12.37,0.79,2.34,0.03,0.01,2328.946178,1776392949000
1776392951.186,251.186,0.22,25.0,0.21,52.0,0.24,5.0,0.25,5.0,0.77,28.0,0.76,5.0,0.8,7.87,0.81,41.02,0.02,0.03,2328.956128,1776392950000
1776392952.46,252.46,0.19,15.08,0.17,11.0,0.21,15.0,0.22,10.0,0.75,5.0,0.74,56.0,0.77,7.59,0.78,15.0,0.02,0.02,2328.9729,1776392951000
1776392952.778,252.778,0.19,13.98,0.17,11.0,0.2,13.0,0.21,15.0,0.79,15.0,0.78,10.0,0.81,13.98,0.83,11.0,0.01,0.02,2328.9729,1776392951000
1776392953.264,253.264,0.19,7.8,0.17,11.0,0.2,10.0,0.21,15.0,0.8,13.0,0.79,15.0,0.81,13.98,0.83,11.0,0.01,0.01,2328.9729,1776392952000
1776392953.472,253.472,0.16,175.26,0.15,75.2,0.2,10.0,0.21,15.0,0.8,10.0,0.79,15.0,0.81,7.8,0.83,11.0,0.04,0.01,2328.9729,1776392952000
1776392954.538,254.538,0.17,55.0,0.16,175.26,0.22,10.0,0.23,10.0,0.8,10.0,0.79,15.0,0.84,175.26,0.85,75.2,0.05,0.04,2328.98765,1776392953000
1776392955.055,255.055,0.21,90.0,0.19,70.0,0.22,10.0,0.23,10.0,0.78,10.0,0.77,10.0,0.83,24.15,0.84,175.26,0.01,0.05,2328.98765,1776392953000
1776392955.628,255.628,0.21,119.26,0.19,10.0,0.22,10.0,0.23,10.0,0.78,10.0,0.77,10.0,0.79,90.0,0.81,70.0,0.01,0.01,2328.94828,1776392954000
1776392956.307,256.307,0.25,3.87,0.24,40.0,0.26,10.0,0.27,10.0,0.78,10.0,0.77,10.0,0.79,114.19,0.81,10.0,0.01,0.01,2328.94828,1776392954000
1776392956.729,256.729,0.28,36.66,0.25,10.0,0.29,40.0,0.3,30.28,0.71,10.0,0.7,30.28,0.72,60.0,0.75,3.87,0.01,0.01,2328.96314,1776392955000
1776392957.122,257.122,0.28,36.66,0.25,10.0,0.29,6.55,0.3,30.28,0.71,40.0,0.7,30.28,0.72,36.66,0.75,10.0,0.01,0.01,2328.96314,1776392955000
1776392957.95,257.95,0.28,8.42,0.24,10.0,0.29,6.55,0.3,100.28,0.71,6.55,0.7,30.28,0.72,31.76,0.75,10.0,0.01,0.01,2329.010225,1776392956000
1776392958.367,258.367,0.29,90.0,0.28,93.42,0.35,6.0,0.36,50.0,0.71,6.55,0.7,100.28,0.72,8.42,0.76,10.0,0.06,0.01,2329.010225,1776392956000
1776392958.581,258.581,0.34,16.87,0.3,10.0,0.51,30.04,0.52,30.0,0.49,32.2,0.48,30.0,0.66,16.87,0.7,10.0,0.17,0.17,2329.010225,1776392956000
1776392958.795,258.795,0.42,41.0,0.41,10.0,0.48,12.66,0.52,10.0,0.57,1.34,0.52,14.0,0.58,20.0,0.59,20.0,0.06,0.01,2329.015701,1776392957000
1776392959.028,259.028,0.5,1.24,0.49,40.0,0.52,7.81,0.53,10.0,0.48,7.81,0.47,10.0,0.49,35.97,0.5,10.0,0.02,0.01,2329.015701,1776392957000
1776392959.264,259.264,0.49,31.21,0.48,10.0,0.52,7.81,0.53,10.0,0.48,7.81,0.47,10.0,0.5,1.24,0.51,40.0,0.03,0.02,2329.015701,1776392957000
1776392959.521,259.521,0.47,14.93,0.46,60.0,0.49,5.0,0.5,5.0,0.5,5.0,0.48,7.81,0.52,3.93,0.53,16.0,0.02,0.02,2329.015701,1776392957000
1776392959.744,259.744,0.48,9.42,0.47,10.0,0.49,5.0,0.5,5.0,0.51,5.0,0.5,5.0,0.53,14.93,0.54,60.0,0.01,0.02,2329.07748,1776392958000
1776392960.144,260.144,0.48,2.84,0.47,10.0,0.49,2.95,0.51,10.0,0.51,2.95,0.5,5.0,0.52,9.42,0.53,10.0,0.01,0.01,2329.07748,1776392958000
1776392960.459,260.459,0.47,6.33,0.46,60.0,0.49,2.95,0.5,10.0,0.51,2.95,0.49,10.0,0.52,2.84,0.53,10.0,0.02,0.01,2329.07748,1776392958000
1776392961.047,261.047,0.48,10.0,0.47,6.33,0.5,8.77,0.51,10.0,0.51,2.95,0.5,10.0,0.53,6.33,0.54,60.0,0.02,0.02,2329.121753,1776392959000
1776392961.345,261.345,0.48,2.46,0.47,6.33,0.5,8.77,0.51,10.0,0.5,8.77,0.49,10.0,0.52,10.0,0.53,6.33,0.02,0.02,2329.407085,1776392960000
1776392961.76,261.76,0.51,306.99,0.5,22.0,0.56,11.46,0.57,10.0,0.5,8.77,0.49,10.0,0.52,2.46,0.53,6.33,0.05,0.02,2329.407085,1776392960000
1776392962.045,262.045,0.6,10.0,0.59,108.99,0.63,4.0,0.64,9.31,0.36,9.31,0.35,10.0,0.39,30.0,0.44,40.0,0.03,0.03,2329.407085,1776392960000
1776392962.291,262.291,0.59,55.08,0.58,13.0,0.6,13.36,0.61,15.0,0.4,4.93,0.39,15.0,0.41,55.08,0.42,13.0,0.01,0.01,2329.407085,1776392960000
1776392962.521,262.521,0.58,5.12,0.54,16.0,0.59,15.0,0.6,8.21,0.4,8.21,0.39,15.0,0.42,10.12,0.45,10.0,0.01,0.02,2329.407085,1776392960000
1776392962.857,262.857,0.59,30.0,0.58,15.12,0.6,10.0,0.61,20.0,0.38,124.1,0.37,4.0,0.42,15.12,0.43,23.0,0.01,0.04,2329.44053,1776392961000
1776392963.803,263.803,0.41,4.96,0.4,10.0,0.42,21.0,0.43,15.0,0.4,10.0,0.39,20.0,0.41,30.0,0.42,15.12,0.01,0.01,2329.46345,1776392962000
1776392964.119,264.119,0.41,10.11,0.4,9.96,0.42,1.42,0.43,20.0,0.58,17.42,0.57,15.0,0.6,9.96,0.61,10.0,0.01,0.02,2329.565013,1776392963000
1776392964.889,264.889,0.41,206.99,0.4,18.59,0.44,4.83,0.48,5.0,0.58,1.42,0.57,20.0,0.6,9.96,0.61,10.0,0.03,0.02,2329.565013,1776392963000
1776392965.572,265.572,0.51,6.87,0.5,10.0,0.53,10.0,0.54,118.23,0.52,4.9,0.47,5.0,0.53,10.0,0.54,10.0,0.02,0.01,2329.565013,1776392963000
1776392965.837,265.837,0.51,4.82,0.5,10.0,0.52,10.0,0.53,10.0,0.47,10.0,0.46,118.23,0.49,6.87,0.5,10.0,0.01,0.02,2329.55,1776392964000
1776392966.52,266.52,0.44,25.0,0.43,6.0,0.46,15.0,0.47,15.0,0.48,10.0,0.47,10.0,0.5,4.72,0.51,10.0,0.02,0.02,2329.55,1776392964000
1776392966.759,266.759,0.33,5.0,0.32,10.0,0.35,5.0,0.36,10.0,0.54,15.0,0.53,15.0,0.56,25.0,0.57,6.0,0.02,0.02,2329.374485,1776392965000
1776392967.008,267.008,0.33,5.0,0.32,10.0,0.35,5.0,0.36,10.0,0.65,5.0,0.64,10.0,0.66,9.9,0.67,5.0,0.02,0.01,2329.374485,1776392965000
1776392967.375,267.375,0.34,10.0,0.33,10.0,0.35,0.71,0.36,10.0,0.65,5.0,0.64,10.0,0.69,29.84,0.7,10.0,0.01,0.04,2329.43348,1776392966000
1776392968.03,268.03,0.22,52.77,0.21,124.19,0.29,15.0,0.3,15.0,0.65,0.71,0.64,10.0,0.66,10.0,0.67,10.0,0.07,0.01,2329.43348,1776392966000
1776392968.235,268.235,0.22,28.94,0.21,74.19,0.23,15.0,0.24,15.0,0.77,10.0,0.76,20.0,0.78,30.27,0.79,124.19,0.01,0.01,2329.43348,1776392966000
1776392968.758,268.758,0.22,18.94,0.21,74.19,0.23,22.0,0.24,15.0,0.77,15.0,0.76,15.0,0.78,28.94,0.79,74.19,0.01,0.01,2329.373894,1776392967000
1776392969.075,269.075,0.21,45.52,0.2,10.0,0.22,15.0,0.23,15.0,0.77,25.0,0.76,15.0,0.79,55.52,0.8,10.0,0.01,0.02,2329.373894,1776392967000
1776392969.511,269.511,0.21,45.52,0.2,10.0,0.22,10.0,0.23,10.0,0.78,15.0,0.77,15.0,0.79,45.52,0.8,10.0,0.01,0.01,2329.373894,1776392967000
1776392970.517,270.517,0.21,44.25,0.2,15.0,0.22,5.0,0.23,10.0,0.78,10.0,0.77,10.0,0.79,44.25,0.8,15.0,0.01,0.01,2329.074019,1776392969000
1776392971.332,271.332,0.21,48.87,0.2,15.0,0.22,10.0,0.23,10.0,0.78,5.0,0.77,10.0,0.79,44.25,0.8,15.0,0.01,0.01,2329.074019,1776392969000
1776392971.575,271.575,0.21,35.73,0.2,15.0,0.22,10.0,0.23,10.0,0.78,10.0,0.77,10.0,0.79,42.06,0.8,15.0,0.01,0.01,2329.074019,1776392969000
1776392972.087,272.087,0.21,12.49,0.2,5.0,0.22,20.0,0.23,10.0,0.78,10.0,0.77,10.0,0.79,29.43,0.8,15.0,0.01,0.01,2328.930161,1776392970000
1776392972.312,272.312,0.15,2.49,0.14,10.0,0.22,128.0,0.23,10.0,0.78,20.0,0.77,10.0,0.79,12.49,0.8,5.0,0.07,0.01,2328.905495,1776392971000
1776392972.533,272.533,0.12,10.9,0.11,10.0,0.13,15.0,0.14,10.0,0.87,10.0,0.86,10.0,0.88,18.48,0.89,10.0,0.01,0.01,2328.905495,1776392971000
1776392972.754,272.754,0.12,18.85,0.11,10.0,0.14,10.0,0.15,5.0,0.87,15.0,0.86,10.0,0.88,8.85,0.89,10.0,0.02,0.01,2328.905495,1776392971000
1776392973.21,273.21,0.13,12.0,0.12,10.79,0.17,25.0,0.18,15.0,0.82,15.0,0.81,10.0,0.83,3.97,0.84,10.0,0.04,0.01,2328.905495,1776392971000
1776392974.064,274.064,0.13,10.0,0.12,15.79,0.16,14.97,0.17,15.0,0.83,25.0,0.82,15.0,0.87,12.0,0.88,10.79,0.03,0.04,2328.917927,1776392972000
1776392974.402,274.402,0.13,5.0,0.12,15.79,0.14,42.0,0.15,10.0,0.84,14.97,0.83,15.0,0.87,10.0,0.88,15.79,0.01,0.03,2328.917927,1776392972000
1776392974.619,274.619,0.12,15.79,0.11,15.0,0.15,10.0,0.16,14.97,0.85,10.0,0.84,14.97,0.87,5.0,0.88,15.79,0.03,0.02,2328.853234,1776392973000
1776392974.873,274.873,0.12,14.65,0.11,15.0,0.13,114.51,0.14,118.87,0.87,114.51,0.86,125.87,0.88,15.79,0.89,15.0,0.01,0.01,2328.853234,1776392973000
1776392975.155,275.155,0.12,14.65,0.11,15.0,0.13,91.51,0.14,118.87,0.87,114.51,0.86,118.87,0.88,14.65,0.89,15.0,0.01,0.01,2328.853234,1776392973000
1776392975.379,275.379,0.12,14.65,0.11,15.0,0.13,89.55,0.14,118.87,0.87,91.51,0.86,118.87,0.88,14.65,0.89,15.0,0.01,0.01,2328.853234,1776392973000
1776392975.644,275.644,0.11,20.0,0.1,20.0,0.13,82.3,0.14,118.87,0.87,82.3,0.86,118.87,0.88,14.65,0.89,15.0,0.02,0.01,2328.799056,1776392974000
1776392975.898,275.898,0.11,17.75,0.1,20.0,0.13,92.3,0.14,123.87,0.87,82.3,0.86,118.87,0.89,20.0,0.9,20.0,0.02,0.02,2328.799056,1776392974000
1776392976.4,276.4,0.11,12.75,0.1,20.0,0.13,54.99,0.14,108.87,0.87,62.74,0.86,123.87,0.89,17.75,0.9,20.0,0.02,0.02,2328.720343,1776392975000
1776392977.528,277.528,0.06,101.8,0.05,35.0,0.13,10.0,0.14,92.93,0.86,92.93,0.85,10.0,0.88,10.0,0.89,12.75,0.07,0.02,2328.71864,1776392976000
1776392977.864,277.864,0.08,10.0,0.07,10.0,0.1,11.66,0.11,15.0,0.87,10.0,0.86,92.93,0.94,101.8,0.95,35.0,0.02,0.07,2328.71864,1776392976000
1776392978.524,278.524,0.08,7.93,0.07,10.0,0.09,15.0,0.1,26.66,0.9,11.66,0.89,15.0,0.92,10.0,0.93,10.0,0.01,0.02,2328.73366,1776392977000
1776392978.994,278.994,0.06,75.05,0.05,63.0,0.09,15.0,0.1,26.66,0.91,15.0,0.9,26.66,0.92,7.93,0.93,10.0,0.03,0.01,2328.73366,1776392977000
1776392979.539,279.539,0.06,75.05,0.05,63.0,0.08,7.55,0.09,15.0,0.91,15.0,0.9,26.66,0.94,75.05,0.95,63.0,0.02,0.03,2328.75585,1776392978000
1776392980.045,280.045,0.06,75.05,0.05,63.0,0.08,1.4,0.09,15.0,0.92,7.55,0.91,15.0,0.94,75.05,0.95,63.0,0.02,0.02,2328.75585,1776392978000
1776392981.462,281.462,0.06,63.16,0.05,63.0,0.08,1.4,0.09,20.0,0.92,1.4,0.91,15.0,0.94,68.99,0.95,63.0,0.02,0.02,2328.752294,1776392980000
1776392982.457,282.457,0.06,12.09,0.05,35.0,0.07,15.0,0.08,1.4,0.92,1.4,0.91,20.0,0.94,63.16,0.95,63.0,0.01,0.02,2328.75085,1776392981000
1776392982.787,282.787,0.06,8.45,0.05,35.0,0.07,15.0,0.08,6.4,0.93,15.0,0.92,1.4,0.94,12.09,0.95,35.0,0.01,0.01,2328.75085,1776392981000
1776392983.041,283.041,0.05,31.84,0.04,112.0,0.07,15.0,0.08,6.4,0.93,15.0,0.92,6.4,0.94,8.45,0.95,35.0,0.02,0.01,2328.75085,1776392981000
1776392983.793,283.793,0.05,31.84,0.04,60.0,0.07,10.95,0.08,6.4,0.93,15.0,0.92,6.4,0.95,31.84,0.96,112.0,0.02,0.02,2328.7359,1776392982000
1776392985.274,285.274,0.06,5.0,0.05,16.06,0.08,15.0,0.09,33.0,0.9,0.44,0.89,33.0,0.95,16.06,0.96,60.0,0.02,0.05,2328.796235,1776392984000
1776392985.558,285.558,0.03,336.86,0.02,180.0,0.07,10.0,0.08,15.0,0.92,15.0,0.91,33.0,0.94,5.0,0.95,16.06,0.04,0.02,2328.796235,1776392984000
1776392986.388,286.388,0.03,112.86,0.02,392.0,0.05,86.18,0.06,15.0,0.93,10.0,0.92,15.0,0.97,336.86,0.98,180.0,0.02,0.04,2328.726069,1776392985000
1776392986.632,286.632,0.03,92.86,0.02,180.0,0.04,70.0,0.05,96.18,0.95,86.18,0.94,15.0,0.97,112.86,0.98,392.0,0.01,0.02,2328.726069,1776392985000
1776392986.835,286.835,0.03,37.73,0.02,180.0,0.04,77.02,0.05,146.18,0.96,77.02,0.95,146.18,0.97,42.73,0.98,180.0,0.01,0.01,2328.726069,1776392985000
1776392987.374,287.374,0.02,145.02,0.01,1394.0,0.03,53.0,0.04,55.02,0.97,43.0,0.96,72.02,0.98,146.05,0.99,1394.0,0.01,0.01,2328.73813,1776392986000
1776392987.718,287.718,0.02,132.75,0.01,1394.0,0.03,40.0,0.04,55.02,0.97,40.0,0.96,55.02,0.98,142.96,0.99,1394.0,0.01,0.01,2328.73813,1776392986000
1776392987.957,287.957,0.02,112.54,0.01,1394.0,0.03,35.35,0.04,55.02,0.97,37.29,0.96,55.02,0.98,112.54,0.99,1394.0,0.01,0.01,2328.73813,1776392986000
1776392988.423,288.423,0.02,106.45,0.01,1394.0,0.03,35.35,0.04,55.02,0.97,35.35,0.96,55.02,0.98,110.54,0.99,1394.0,0.01,0.01,2328.73813,1776392986000
1776392988.748,288.748,0.02,60.76,0.01,1394.0,0.03,40.35,0.04,55.02,0.97,35.35,0.96,55.02,0.98,65.87,0.99,1394.0,0.01,0.01,2328.73813,1776392986000
1776392989.125,289.125,0.02,58.72,0.01,1294.0,0.03,70.81,0.04,55.02,0.97,40.35,0.96,55.02,0.98,60.76,0.99,1394.0,0.01,0.01,2328.285174,1776392987000
1776392989.694,289.694,0.02,53.72,0.01,1294.0,0.03,60.81,0.04,33.02,0.97,70.81,0.96,55.02,0.98,58.72,0.99,1294.0,0.01,0.01,2328.285174,1776392987000
1776392989.944,289.944,0.02,36.48,0.01,1294.0,0.03,60.81,0.04,33.02,0.97,60.81,0.96,33.02,0.98,41.59,0.99,1294.0,0.01,0.01,2328.285174,1776392987000
1776392990.432,290.432,0.02,1.48,0.01,1294.0,0.03,60.81,0.04,33.02,0.97,60.81,0.96,33.02,0.98,36.48,0.99,1294.0,0.01,0.01,2328.251276,1776392988000
1776392991.039,291.039,0.01,1270.18,,,0.02,20.0,0.03,45.46,0.97,60.81,0.96,33.02,0.99,1280.29,,,0.01,0.02,2328.255794,1776392989000
1776392991.519,291.519,0.01,1175.14,,,0.02,78.0,0.03,45.46,0.98,27.0,0.97,45.46,0.99,1254.16,,,0.01,0.01,2328.255794,1776392989000
1776392991.984,291.984,0.01,1095.14,,,0.02,23.0,0.03,45.46,0.98,73.0,0.97,45.46,0.99,1095.14,,,0.01,0.01,2328.16953,1776392990000
1776392992.725,292.725,0.01,1073.09,,,0.02,54.0,0.03,45.46,0.98,3.0,0.97,45.46,0.99,1078.14,,,0.01,0.01,2328.205477,1776392991000
1776392993.128,293.128,0.01,1072.07,,,0.02,14.0,0.03,45.46,0.98,14.0,0.97,45.46,0.99,1073.09,,,0.01,0.01,2328.205477,1776392991000
1776392993.558,293.558,0.01,1072.07,,,0.03,21.46,0.04,15.0,0.98,14.0,0.97,45.46,0.99,1072.07,,,0.02,0.01,2328.172144,1776392992000
1776392993.78,293.78,0.01,772.94,,,0.03,11.46,0.04,15.0,0.97,1.46,0.96,15.0,0.99,1072.07,,,0.02,0.02,2328.172144,1776392992000
1776392994.025,294.025,0.01,719.81,,,0.03,10.0,0.04,6.46,0.97,10.0,0.96,6.46,0.99,720.83,,,0.02,0.02,2328.172144,1776392992000
1776392995.37,295.37,0.01,670.18,,,0.02,183.0,0.03,10.0,0.97,10.0,0.96,6.46,0.99,690.18,,,0.01,0.02,2328.466096,1776392994000
1776392995.935,295.935,0.01,703.39,,,0.02,183.0,0.03,10.0,0.98,183.0,0.97,10.0,0.99,670.18,,,0.01,0.01,2328.466096,1776392994000
1776392996.146,296.146,0.01,698.33,,,0.02,183.0,0.03,10.0,0.98,183.0,0.97,10.0,0.99,703.39,,,0.01,0.01,2328.559151,1776392995000
1776392996.371,296.371,0.01,571.12,,,0.02,183.0,0.03,10.0,0.98,183.0,0.97,10.0,0.99,621.62,,,0.01,0.01,2328.559151,1776392995000
1776392996.647,296.647,0.01,421.59,,,0.02,183.0,0.03,10.0,0.98,183.0,0.97,10.0,0.99,499.59,,,0.01,0.01,2328.559151,1776392995000
1776392996.969,296.969,0.01,318.49,,,0.02,200.0,0.03,16.0,0.98,183.0,0.97,10.0,0.99,340.88,,,0.01,0.01,2328.559151,1776392995000
1776392997.178,297.178,0.01,162.2,,,0.02,200.0,0.03,16.0,0.98,200.0,0.97,16.0,0.99,238.91,,,0.01,0.01,2328.559151,1776392995000
1776392997.707,297.707,,,,,0.01,1201.9,0.02,17.0,0.98,200.0,0.97,16.0,0.99,162.2,,,,0.01,2328.534468,1776392996000

# RESULT,winner=Down,slug=eth-updown-5m-1776392700,ticks=340
