timestamp,elapsed_sec,up_bid_p1,up_bid_s1,up_bid_p2,up_bid_s2,up_ask_p1,up_ask_s1,up_ask_p2,up_ask_s2,down_bid_p1,down_bid_s1,down_bid_p2,down_bid_s2,down_ask_p1,down_ask_s1,down_ask_p2,down_ask_s2,up_spread,down_spread,eth_price,eth_oracle_ts
1776306301.764,1.764,0.48,13.19,0.47,21.51,0.49,53.82,0.56,115.0,0.4,44.0,0.39,34.0,0.5,5.0,0.52,0.19,0.01,0.1,2354.380293,1776306300000
1776306302.394,2.394,0.48,0.19,0.47,8.51,0.49,63.82,0.5,85.0,0.51,53.82,0.44,115.0,0.52,13.19,0.53,21.51,0.01,0.01,2354.378343,1776306301000
1776306303.881,3.881,0.48,0.19,0.47,8.51,0.49,50.82,0.5,305.0,0.51,63.82,0.5,85.0,0.52,0.19,0.53,8.51,0.01,0.01,2354.4065,1776306302000
1776306304.417,4.417,0.47,5.63,0.46,5.0,0.49,50.82,0.5,310.0,0.51,50.82,0.5,305.0,0.52,0.19,0.53,8.51,0.02,0.01,2354.26129,1776306303000
1776306304.933,4.933,0.47,5.63,0.46,5.0,0.48,9.58,0.49,45.82,0.51,50.82,0.5,310.0,0.53,5.63,0.54,5.0,0.01,0.02,2354.26129,1776306303000
1776306305.411,5.411,0.49,80.21,0.48,15.0,0.5,225.0,0.51,28.0,0.52,9.58,0.51,45.82,0.53,5.63,0.54,5.0,0.01,0.01,2354.118347,1776306304000
1776306305.663,5.663,0.49,80.21,0.48,25.0,0.5,205.0,0.51,28.0,0.5,225.0,0.49,28.0,0.51,80.21,0.52,15.0,0.01,0.01,2354.118347,1776306304000
1776306306.331,6.331,0.49,100.21,0.48,25.0,0.5,185.0,0.51,10.0,0.5,205.0,0.49,28.0,0.51,80.21,0.52,25.0,0.01,0.01,2354.167341,1776306305000
1776306306.563,6.563,0.49,97.03,0.48,36.0,0.5,140.0,0.51,15.0,0.5,145.0,0.49,5.0,0.51,97.03,0.52,25.0,0.01,0.01,2354.167341,1776306305000
1776306307.77,7.77,0.49,16.82,0.48,36.0,0.5,143.0,0.51,75.75,0.5,140.0,0.49,15.0,0.51,97.03,0.52,36.0,0.01,0.01,2354.210547,1776306306000
1776306308.058,8.058,0.49,1.82,0.48,36.0,0.5,65.82,0.51,75.75,0.5,143.0,0.49,75.75,0.51,16.82,0.52,36.0,0.01,0.01,2354.210547,1776306306000
1776306313.043,13.043,0.47,29.14,0.46,5.0,0.5,10.82,0.51,22.0,0.5,65.82,0.49,75.75,0.51,1.82,0.52,36.0,0.03,0.01,2354.213844,1776306311000
1776306313.546,13.546,0.49,86.0,0.48,40.0,0.5,89.18,0.52,5.0,0.5,10.82,0.49,22.0,0.53,29.14,0.54,5.0,0.01,0.03,2354.219946,1776306312000
1776306313.979,13.979,0.49,29.85,0.48,32.09,0.5,50.34,0.51,5.0,0.5,50.34,0.48,5.0,0.52,35.09,0.53,135.14,0.01,0.02,2354.219946,1776306312000
1776306314.98,14.98,0.49,14.85,0.48,5.0,0.5,35.0,0.51,33.0,0.5,50.34,0.49,5.0,0.51,29.85,0.52,32.09,0.01,0.01,2354.214962,1776306313000
1776306315.932,15.932,0.47,14.14,0.46,5.0,0.48,5.0,0.49,20.0,0.51,15.0,0.5,30.0,0.53,14.14,0.54,5.0,0.01,0.02,2354.24526,1776306314000
1776306317.403,17.403,0.47,19.14,0.46,10.0,0.5,13.8,0.51,21.0,0.51,20.0,0.5,15.0,0.53,19.14,0.54,31.0,0.03,0.02,2354.287747,1776306316000
1776306317.613,17.613,0.46,9.14,0.45,45.0,0.48,20.0,0.49,10.0,0.52,25.0,0.51,10.0,0.53,4.14,0.54,10.0,0.02,0.01,2354.287747,1776306316000
1776306321.481,21.481,0.45,0.9,0.44,10.0,0.46,37.0,0.47,25.0,0.52,20.0,0.51,10.0,0.54,9.14,0.55,45.0,0.01,0.02,2354.16304,1776306320000
1776306323.034,23.034,0.44,11.07,0.43,43.0,0.45,29.0,0.46,25.0,0.54,37.0,0.53,25.0,0.55,0.9,0.56,10.0,0.01,0.01,2354.150002,1776306321000
1776306328.271,28.271,0.38,5.02,0.37,10.0,0.4,10.0,0.41,33.0,0.55,29.0,0.54,25.0,0.56,11.07,0.57,43.0,0.02,0.01,2354.153673,1776306327000
1776306328.998,28.998,0.36,20.91,0.35,31.0,0.37,20.0,0.38,15.0,0.62,22.0,0.61,15.0,0.64,11.91,0.65,10.0,0.01,0.02,2354.153673,1776306327000
1776306329.842,29.842,0.3,10.0,0.29,5.0,0.31,10.0,0.32,15.0,0.63,20.0,0.62,20.0,0.67,80.0,0.68,75.0,0.01,0.04,2354.10361,1776306328000
1776306330.058,30.058,0.3,8.42,0.29,5.0,0.31,10.0,0.32,20.0,0.69,10.0,0.68,15.0,0.7,8.42,0.71,5.0,0.01,0.01,2354.10361,1776306328000
1776306330.367,30.367,0.29,1.0,0.28,75.0,0.3,91.0,0.31,5.0,0.69,10.0,0.68,20.0,0.7,8.42,0.71,5.0,0.01,0.01,2354.10361,1776306328000
1776306330.693,30.693,0.28,4.94,0.26,21.0,0.29,10.0,0.3,121.0,0.7,91.0,0.69,5.0,0.71,1.0,0.72,75.0,0.01,0.01,2353.932457,1776306329000
1776306331.223,31.223,0.26,26.96,0.25,5.0,0.27,72.48,0.28,10.0,0.71,10.0,0.7,74.0,0.74,17.96,0.75,5.0,0.01,0.03,2353.784769,1776306330000
1776306331.451,31.451,0.26,7.96,0.25,5.0,0.27,79.48,0.28,26.0,0.73,72.48,0.72,10.0,0.74,26.96,0.75,5.0,0.01,0.01,2353.784769,1776306330000
1776306331.968,31.968,0.23,86.0,0.22,75.0,0.24,62.0,0.25,10.0,0.73,79.48,0.72,26.0,0.76,13.0,0.77,75.0,0.01,0.03,2353.784769,1776306330000
1776306333.397,33.397,0.23,92.0,0.22,154.31,0.24,82.83,0.25,15.0,0.76,62.0,0.75,10.0,0.77,86.0,0.78,75.0,0.01,0.01,2352.963771,1776306332000
1776306333.63,33.63,0.23,64.0,0.22,164.31,0.24,79.51,0.25,26.71,0.76,82.83,0.75,15.0,0.77,92.0,0.78,154.31,0.01,0.01,2352.963771,1776306332000
1776306334.515,34.515,0.22,165.0,0.21,152.0,0.23,62.0,0.24,56.25,0.77,20.0,0.76,44.51,0.78,157.0,0.79,132.0,0.01,0.01,2352.93109,1776306333000
1776306335.541,35.541,0.22,160.0,0.21,152.0,0.23,31.17,0.24,56.25,0.77,62.0,0.76,56.25,0.78,165.0,0.79,152.0,0.01,0.01,2352.873493,1776306334000
1776306335.941,35.941,0.22,75.69,0.21,217.13,0.23,21.71,0.24,56.25,0.77,31.17,0.76,56.25,0.78,160.0,0.79,152.0,0.01,0.01,2352.873493,1776306334000
1776306336.366,36.366,0.22,119.69,0.21,262.13,0.23,0.71,0.24,50.42,0.77,21.71,0.76,56.25,0.78,75.69,0.79,217.13,0.01,0.01,2352.766106,1776306335000
1776306338.36,38.36,0.23,61.41,0.22,50.0,0.24,55.42,0.25,21.71,0.76,50.42,0.75,21.71,0.78,119.69,0.79,262.13,0.01,0.02,2352.761254,1776306337000
1776306338.695,38.695,0.23,121.41,0.22,50.0,0.24,41.37,0.25,11.71,0.76,47.08,0.75,11.71,0.77,81.41,0.78,50.0,0.01,0.01,2352.761254,1776306337000
1776306338.895,38.895,0.24,6.0,0.23,121.41,0.3,15.19,0.31,15.0,0.75,10.64,0.74,11.71,0.77,121.41,0.78,50.0,0.06,0.02,2352.761254,1776306337000
1776306339.589,39.589,0.44,12.86,0.43,10.0,0.45,9.0,0.46,10.0,0.55,9.0,0.54,10.0,0.61,60.0,0.62,70.0,0.01,0.06,2353.763739,1776306338000
1776306341.359,41.359,0.44,42.0,0.43,24.86,0.45,2.64,0.46,5.0,0.55,9.0,0.54,10.0,0.57,14.86,0.58,10.0,0.01,0.02,2354.0389,1776306340000
1776306344.464,44.464,0.45,107.0,0.44,40.0,0.47,12.0,0.48,5.0,0.55,2.64,0.54,5.0,0.56,42.0,0.57,24.86,0.02,0.01,2354.044462,1776306342000
1776306346.293,46.293,0.47,254.0,0.46,218.94,0.55,7.0,0.56,18.0,0.53,0.31,0.52,5.0,0.54,6.94,0.55,102.0,0.08,0.01,2354.159435,1776306345000
1776306346.842,46.842,0.62,10.0,0.61,10.0,0.63,63.25,0.64,75.0,0.45,1.09,0.44,18.0,0.46,15.0,0.47,15.0,0.01,0.01,2354.159435,1776306345000
1776306347.054,47.054,0.62,31.0,0.61,15.0,0.63,55.32,0.64,75.0,0.37,63.25,0.36,75.0,0.38,21.0,0.39,15.0,0.01,0.01,2354.159435,1776306345000
1776306347.271,47.271,0.62,39.55,0.61,15.0,0.63,9.93,0.64,70.0,0.37,9.93,0.36,70.0,0.38,41.0,0.39,15.0,0.01,0.01,2354.24,1776306346000
1776306347.596,47.596,0.62,23.23,0.61,15.0,0.64,78.0,0.66,120.0,0.36,78.0,0.34,120.0,0.38,39.55,0.39,15.0,0.02,0.02,2354.24,1776306346000
1776306348.271,48.271,0.63,30.0,0.62,31.23,0.64,188.0,0.65,182.77,0.36,78.0,0.34,120.0,0.38,23.23,0.39,15.0,0.01,0.02,2354.365055,1776306347000
1776306350.671,50.671,0.63,28.0,0.62,16.23,0.64,307.59,0.65,125.0,0.36,188.0,0.35,182.77,0.37,30.0,0.38,31.23,0.01,0.01,2355.016028,1776306349000
1776306351.015,51.015,0.63,28.0,0.62,37.23,0.64,297.59,0.65,125.0,0.36,304.59,0.35,125.0,0.37,28.0,0.38,16.23,0.01,0.01,2355.016028,1776306349000
1776306351.794,51.794,0.58,59.61,0.57,205.0,0.64,287.59,0.65,125.0,0.36,297.59,0.35,125.0,0.37,28.0,0.38,37.23,0.06,0.01,2355.073562,1776306350000
1776306352.545,52.545,0.62,31.0,0.61,28.0,0.63,169.36,0.64,203.0,0.37,3.0,0.36,292.59,0.4,66.0,0.41,23.0,0.01,0.03,2355.078761,1776306351000
1776306352.858,52.858,0.62,46.0,0.61,28.0,0.63,164.36,0.64,203.0,0.37,169.36,0.36,203.0,0.38,31.0,0.39,28.0,0.01,0.01,2355.078761,1776306351000
1776306354.086,54.086,0.62,36.33,0.61,28.0,0.63,90.0,0.64,279.5,0.37,159.36,0.36,203.0,0.38,46.47,0.39,28.0,0.01,0.01,2355.126775,1776306353000
1776306355.621,55.621,0.62,82.33,0.61,23.0,0.63,94.92,0.64,279.5,0.37,90.0,0.36,279.5,0.38,36.33,0.39,28.0,0.01,0.01,2355.16275,1776306354000
1776306356.82,56.82,0.62,42.33,0.61,23.0,0.63,94.92,0.64,203.0,0.37,94.92,0.36,279.5,0.38,82.33,0.39,23.0,0.01,0.01,2355.19061,1776306355000
1776306357.763,57.763,0.62,6.33,0.61,10.0,0.63,132.92,0.64,195.0,0.37,94.92,0.36,203.0,0.38,42.33,0.39,23.0,0.01,0.01,2355.1977,1776306356000
1776306358.285,58.285,0.58,99.0,0.57,15.0,0.59,7.0,0.6,100.0,0.38,150.0,0.37,107.92,0.46,93.8,0.47,111.71,0.01,0.08,2355.1977,1776306356000
1776306358.638,58.638,0.59,87.63,0.58,43.0,0.6,95.0,0.61,105.0,0.4,105.0,0.39,105.0,0.41,78.63,0.42,20.0,0.01,0.01,2355.199125,1776306357000
1776306358.877,58.877,0.59,82.63,0.58,43.0,0.6,97.8,0.61,105.0,0.4,95.0,0.39,105.0,0.41,87.63,0.42,43.0,0.01,0.01,2355.199125,1776306357000
1776306359.114,59.114,0.59,112.63,0.58,43.0,0.6,91.06,0.61,105.0,0.4,97.8,0.39,105.0,0.41,82.63,0.42,43.0,0.01,0.01,2355.199125,1776306357000
1776306360.453,60.453,0.63,164.0,0.62,20.0,0.7,38.78,0.74,14.0,0.4,91.06,0.39,105.0,0.41,112.63,0.42,43.0,0.07,0.01,2355.100624,1776306359000
1776306360.668,60.668,0.69,171.0,0.68,25.0,0.7,1.67,0.74,14.0,0.3,4.5,0.26,14.0,0.31,171.0,0.32,32.35,0.01,0.01,2355.100624,1776306359000
1776306361.061,61.061,0.76,157.85,0.75,15.0,0.78,100.0,0.79,147.0,0.23,30.0,0.22,100.0,0.24,63.85,0.27,100.0,0.02,0.01,2355.100624,1776306359000
1776306361.379,61.379,0.77,82.0,0.76,88.85,0.78,60.88,0.79,147.0,0.22,73.06,0.21,147.0,0.23,77.0,0.24,88.85,0.01,0.01,2355.130665,1776306360000
1776306361.745,61.745,0.78,42.0,0.77,20.0,0.8,95.0,0.81,75.0,0.22,60.88,0.21,147.0,0.23,82.0,0.24,88.85,0.02,0.01,2355.130665,1776306360000
1776306362.287,62.287,0.79,10.23,0.78,20.0,0.8,109.0,0.81,75.0,0.2,95.0,0.19,75.0,0.22,42.0,0.23,20.0,0.01,0.02,2355.145775,1776306361000
1776306362.557,62.557,0.79,10.23,0.78,20.0,0.8,93.42,0.81,75.0,0.2,101.49,0.19,75.0,0.21,10.23,0.22,20.0,0.01,0.01,2355.145775,1776306361000
1776306363.515,63.515,0.79,195.94,0.78,25.0,0.8,1.82,0.81,25.0,0.2,93.42,0.19,75.0,0.21,10.23,0.22,20.0,0.01,0.01,2356.518612,1776306362000
1776306363.756,63.756,0.81,42.0,0.8,15.0,0.82,8.31,0.83,22.0,0.18,7.39,0.17,22.0,0.19,10.0,0.2,10.0,0.01,0.01,2356.518612,1776306362000
1776306364.134,64.134,0.83,15.0,0.82,10.0,0.84,59.87,0.86,248.0,0.16,79.8,0.14,231.0,0.17,10.0,0.18,210.0,0.01,0.01,2356.518612,1776306362000
1776306364.614,64.614,0.83,122.0,0.82,36.0,0.84,13.02,0.86,248.0,0.16,24.87,0.14,248.0,0.17,132.0,0.18,26.0,0.01,0.01,2356.620298,1776306363000
1776306364.957,64.957,0.83,118.17,0.82,36.0,0.84,13.02,0.86,248.0,0.16,13.02,0.14,248.0,0.17,122.0,0.18,36.0,0.01,0.01,2356.620298,1776306363000
1776306365.323,65.323,0.83,255.31,0.82,41.0,0.86,178.0,0.88,95.0,0.16,13.02,0.14,248.0,0.17,118.17,0.18,36.0,0.03,0.01,2356.620298,1776306363000
1776306366.023,66.023,0.85,199.0,0.84,29.0,0.86,175.93,0.87,25.0,0.14,178.0,0.12,95.0,0.17,255.31,0.18,41.0,0.01,0.03,2356.6995,1776306364000
1776306366.469,66.469,0.85,175.0,0.84,39.0,0.86,42.0,0.88,60.0,0.14,175.93,0.13,25.0,0.15,199.0,0.16,29.0,0.01,0.01,2357.123356,1776306365000
1776306366.817,66.817,0.85,175.0,0.84,39.0,0.86,41.18,0.88,60.0,0.14,42.0,0.12,60.0,0.15,175.0,0.16,39.0,0.01,0.01,2357.123356,1776306365000
1776306367.893,67.893,0.85,120.0,0.84,24.0,0.86,63.0,0.87,25.0,0.14,41.18,0.12,60.0,0.15,175.0,0.16,39.0,0.01,0.01,2357.420028,1776306367000
1776306368.112,68.112,0.85,53.0,0.84,24.0,0.86,84.0,0.87,59.0,0.14,63.0,0.13,25.0,0.15,120.0,0.16,24.0,0.01,0.01,2357.420028,1776306367000
1776306368.363,68.363,0.85,14.61,0.84,24.0,0.86,119.0,0.87,54.0,0.14,114.0,0.13,54.0,0.15,7.13,0.16,29.0,0.01,0.01,2357.420028,1776306367000
1776306369.296,69.296,0.84,69.0,0.83,59.31,0.85,98.82,0.86,82.0,0.14,112.0,0.13,54.0,0.16,24.0,0.17,42.31,0.01,0.02,2357.582981,1776306368000
1776306369.754,69.754,0.84,69.0,0.83,59.31,0.85,91.82,0.86,152.0,0.15,98.82,0.14,82.0,0.16,59.0,0.17,59.31,0.01,0.01,2357.582981,1776306368000
1776306370.491,70.491,0.84,61.5,0.83,377.02,0.85,91.82,0.86,152.0,0.15,91.82,0.14,152.0,0.16,69.0,0.17,59.31,0.01,0.01,2357.375967,1776306369000
1776306371.041,71.041,0.84,68.21,0.83,377.02,0.85,82.75,0.86,142.0,0.15,89.46,0.14,142.0,0.16,68.21,0.17,377.02,0.01,0.01,2357.375967,1776306369000
1776306371.457,71.457,0.84,75.21,0.83,377.02,0.85,48.02,0.86,137.0,0.15,82.75,0.14,142.0,0.16,68.21,0.17,377.02,0.01,0.01,2357.149674,1776306370000
1776306371.799,71.799,0.84,102.15,0.83,377.02,0.85,48.02,0.86,137.0,0.15,48.02,0.14,137.0,0.16,75.21,0.17,377.02,0.01,0.01,2357.149674,1776306370000
1776306372.362,72.362,0.84,176.71,0.83,81.02,0.86,120.0,0.88,42.0,0.15,48.02,0.14,137.0,0.16,102.15,0.17,377.02,0.02,0.01,2357.149445,1776306371000
1776306372.775,72.775,0.85,155.0,0.84,93.71,0.86,81.5,0.88,42.0,0.14,91.5,0.12,42.0,0.15,82.0,0.16,82.71,0.01,0.01,2357.149445,1776306371000
1776306374.282,74.282,0.85,160.0,0.84,88.71,0.86,8.5,0.88,42.0,0.14,81.5,0.12,42.0,0.15,155.0,0.16,93.71,0.01,0.01,2357.306475,1776306373000
1776306374.594,74.594,0.85,173.33,0.84,88.71,0.86,8.5,0.88,42.0,0.14,8.5,0.12,42.0,0.15,160.0,0.16,88.71,0.01,0.01,2357.306475,1776306373000
1776306376.827,76.827,0.85,120.0,0.84,52.71,0.86,76.5,0.87,25.0,0.14,8.5,0.12,42.0,0.15,173.33,0.16,88.71,0.01,0.01,2357.56715,1776306375000
1776306377.098,77.098,0.85,7.0,0.84,37.71,0.86,93.5,0.87,58.0,0.14,76.5,0.13,25.0,0.15,120.0,0.16,52.71,0.01,0.01,2357.557513,1776306376000
1776306377.46,77.46,0.83,63.81,0.82,37.71,0.84,52.0,0.85,25.0,0.14,98.5,0.13,58.0,0.17,46.73,0.18,26.71,0.01,0.03,2357.557513,1776306376000
1776306378.618,78.618,0.85,53.0,0.84,30.0,0.86,83.5,0.87,45.0,0.16,52.0,0.15,25.0,0.17,63.81,0.18,37.71,0.01,0.01,2357.5721,1776306377000
1776306379.148,79.148,0.85,143.48,0.84,30.0,0.86,68.5,0.87,45.0,0.14,83.5,0.13,45.0,0.15,53.0,0.16,30.0,0.01,0.01,2357.328978,1776306378000
1776306380.518,80.518,0.88,68.0,0.87,15.0,0.89,7.0,0.9,10.0,0.14,66.17,0.13,45.0,0.15,138.48,0.16,30.0,0.01,0.01,2357.266985,1776306379000
1776306380.927,80.927,0.89,10.0,0.88,27.0,0.9,42.16,0.91,85.0,0.1,31.26,0.09,90.0,0.12,47.0,0.13,20.0,0.01,0.02,2357.319019,1776306380000
1776306381.858,81.858,0.89,15.0,0.88,52.0,0.9,52.81,0.91,85.0,0.1,32.04,0.09,85.0,0.11,10.0,0.12,27.0,0.01,0.01,2357.319019,1776306380000
1776306382.65,82.65,0.88,30.0,0.87,40.0,0.9,52.82,0.91,90.0,0.1,52.81,0.09,85.0,0.11,15.0,0.12,52.0,0.02,0.01,2357.3923,1776306381000
1776306382.908,82.908,0.85,71.0,0.84,43.0,0.86,12.0,0.88,100.0,0.12,102.94,0.11,140.0,0.13,15.0,0.14,33.0,0.01,0.01,2357.3923,1776306381000
1776306383.383,83.383,0.85,81.0,0.84,55.0,0.88,49.02,0.89,168.0,0.14,12.0,0.12,100.0,0.15,71.0,0.16,43.0,0.03,0.01,2357.994896,1776306382000
1776306386.123,86.123,0.87,21.92,0.86,28.0,0.88,71.02,0.89,153.0,0.12,49.02,0.11,168.0,0.15,81.0,0.16,55.0,0.01,0.03,2357.678097,1776306385000
1776306386.597,86.597,0.87,16.92,0.86,28.0,0.88,59.71,0.89,153.0,0.12,71.02,0.11,153.0,0.13,21.92,0.14,28.0,0.01,0.01,2357.678097,1776306385000
1776306387.044,87.044,0.87,28.92,0.86,57.9,0.88,10.63,0.89,10.0,0.12,59.71,0.11,153.0,0.13,16.92,0.14,28.0,0.01,0.01,2357.678097,1776306385000
1776306387.99,87.99,0.88,167.1,0.87,74.8,0.9,80.0,0.91,15.0,0.12,10.63,0.11,10.0,0.13,28.92,0.14,57.9,0.02,0.01,2357.723161,1776306386000
1776306389.383,89.383,0.85,42.0,0.84,10.0,0.86,110.0,0.87,97.0,0.1,80.0,0.09,15.0,0.12,167.1,0.13,74.8,0.01,0.02,2357.756375,1776306388000
1776306391.182,91.182,0.83,26.81,0.82,11.71,0.84,109.0,0.85,131.0,0.14,110.0,0.13,97.0,0.17,46.81,0.18,26.71,0.01,0.03,2357.864574,1776306389000
1776306392.19,92.19,0.82,1.71,0.81,21.71,0.83,48.18,0.84,234.0,0.17,9.18,0.16,174.0,0.18,1.71,0.19,21.71,0.01,0.01,2357.247581,1776306391000
1776306394.115,94.115,0.81,11.71,0.8,26.71,0.82,6.29,0.83,90.18,0.17,48.18,0.16,234.0,0.18,1.71,0.19,21.71,0.01,0.01,2356.990258,1776306392000
1776306394.853,94.853,0.81,3.71,0.8,11.71,0.82,112.29,0.83,92.18,0.18,6.29,0.17,90.18,0.19,11.71,0.2,26.71,0.01,0.01,2356.846663,1776306393000
1776306395.433,95.433,0.8,2.42,0.79,123.91,0.81,21.0,0.82,90.29,0.18,117.29,0.17,92.18,0.2,7.42,0.21,128.91,0.01,0.02,2356.79825,1776306394000
1776306396.552,96.552,0.8,12.42,0.79,123.91,0.82,127.29,0.83,79.18,0.19,21.0,0.18,90.29,0.2,2.42,0.21,123.91,0.02,0.01,2356.760216,1776306395000
1776306397.921,97.921,0.8,83.4,0.79,137.91,0.82,13.22,0.83,9.18,0.19,45.0,0.18,102.29,0.2,4.48,0.21,128.91,0.02,0.01,2356.6591,1776306396000
1776306398.516,98.516,0.81,37.0,0.8,71.4,0.82,8.51,0.83,4.18,0.18,13.22,0.17,9.18,0.2,83.4,0.21,137.91,0.01,0.02,2356.646958,1776306397000
1776306402.234,102.234,0.81,110.8,0.8,19.48,0.82,8.51,0.83,4.18,0.18,8.51,0.17,4.18,0.19,37.0,0.2,71.4,0.01,0.01,2356.744239,1776306401000
1776306403.963,103.963,0.81,9.0,0.8,5.0,0.82,38.51,0.83,18.18,0.18,8.51,0.17,4.18,0.19,110.8,0.2,19.48,0.01,0.01,2356.758125,1776306402000
1776306411.122,111.122,0.81,67.0,0.8,57.69,0.84,150.0,0.85,15.0,0.18,38.51,0.17,18.18,0.2,25.14,0.21,118.91,0.03,0.02,2356.6728,1776306409000
1776306413.683,113.683,0.82,2.0,0.81,15.0,0.83,15.0,0.84,158.04,0.16,144.04,0.15,15.0,0.18,8.0,0.19,77.0,0.01,0.02,2356.753065,1776306412000
1776306414.581,114.581,0.81,7.0,0.8,42.13,0.83,0.59,0.84,149.04,0.18,6.0,0.17,20.0,0.19,7.0,0.2,42.13,0.02,0.01,2356.783745,1776306413000
1776306420.521,120.521,0.82,82.0,0.81,75.02,0.84,131.76,0.85,24.0,0.17,0.59,0.16,149.04,0.19,7.0,0.2,42.13,0.02,0.02,2356.659044,1776306419000
1776306420.759,120.759,0.83,80.0,0.82,45.0,0.84,120.8,0.85,24.0,0.16,131.76,0.15,24.0,0.18,82.0,0.19,75.02,0.01,0.02,2356.659044,1776306419000
1776306421.856,121.856,0.83,87.0,0.82,115.54,0.84,96.93,0.85,10.0,0.16,102.94,0.15,5.0,0.17,80.0,0.18,45.0,0.01,0.01,2356.6824,1776306420000
1776306423.015,123.015,0.83,77.0,0.82,126.64,0.84,94.93,0.85,15.0,0.16,96.93,0.15,10.0,0.17,87.0,0.18,115.54,0.01,0.01,2356.7355,1776306421000
1776306424.518,124.518,0.83,115.03,0.82,39.4,0.84,104.93,0.85,10.0,0.16,94.93,0.15,15.0,0.17,77.0,0.18,126.64,0.01,0.01,2356.830035,1776306423000
1776306426.333,126.333,0.83,135.53,0.82,39.4,0.84,77.97,0.85,10.0,0.16,83.93,0.15,10.0,0.17,115.03,0.18,39.4,0.01,0.01,2356.803101,1776306425000
1776306428.036,128.036,0.83,48.03,0.82,24.4,0.84,100.05,0.85,24.0,0.16,77.97,0.15,10.0,0.17,135.53,0.18,39.4,0.01,0.01,2356.79255,1776306426000
1776306428.306,128.306,0.83,30.14,0.82,5.0,0.84,89.05,0.85,24.0,0.16,149.05,0.15,24.0,0.19,128.4,0.2,144.5,0.01,0.03,2356.79255,1776306426000
1776306428.74,128.74,0.83,267.64,0.82,122.0,0.84,59.99,0.86,24.0,0.16,89.05,0.15,24.0,0.17,30.14,0.18,5.0,0.01,0.01,2356.7925,1776306427000
1776306429.302,129.302,0.87,208.76,0.86,65.0,0.88,14.88,0.89,24.0,0.16,59.99,0.14,24.0,0.17,267.64,0.18,122.0,0.01,0.01,2356.79245,1776306428000
1776306431.02,131.02,0.87,70.7,0.85,10.0,0.88,60.88,0.89,24.0,0.12,14.88,0.11,24.0,0.13,208.76,0.14,65.0,0.01,0.01,2356.74857,1776306429000
1776306431.565,131.565,0.85,104.17,0.84,35.8,0.86,10.0,0.87,24.0,0.12,60.88,0.11,24.0,0.15,10.0,0.16,35.8,0.01,0.03,2356.881995,1776306430000
1776306432.133,132.133,0.85,130.2,0.84,150.8,0.87,13.27,0.88,18.88,0.14,10.0,0.13,24.0,0.15,104.17,0.16,35.8,0.02,0.01,2356.899785,1776306431000
1776306432.382,132.382,0.86,126.98,0.85,154.23,0.88,9.88,0.89,15.0,0.13,13.27,0.12,18.88,0.15,130.2,0.16,150.8,0.02,0.02,2356.899785,1776306431000
1776306433.362,133.362,0.86,120.01,0.84,40.8,0.87,14.94,0.88,9.88,0.12,9.88,0.11,15.0,0.14,126.98,0.15,154.23,0.01,0.02,2356.867772,1776306432000
1776306434.358,134.358,0.86,120.01,0.84,40.8,0.87,6.83,0.88,9.88,0.13,14.94,0.12,9.88,0.14,120.01,0.16,40.8,0.01,0.01,2356.867772,1776306432000
1776306435.719,135.719,0.86,117.01,0.84,131.8,0.87,6.83,0.88,9.88,0.13,6.83,0.12,9.88,0.14,120.01,0.16,40.8,0.01,0.01,2356.896523,1776306434000
1776306436.249,136.249,0.84,110.0,0.83,28.0,0.87,11.83,0.88,9.88,0.13,6.83,0.12,9.88,0.14,117.01,0.16,131.8,0.03,0.01,2356.751484,1776306435000
1776306436.453,136.453,0.84,109.9,0.83,28.0,0.87,33.83,0.88,9.88,0.13,11.83,0.12,9.88,0.16,110.0,0.17,28.0,0.03,0.03,2356.751484,1776306435000
1776306436.918,136.918,0.85,60.93,0.84,9.9,0.86,49.39,0.87,103.83,0.13,33.83,0.12,9.88,0.16,109.9,0.17,28.0,0.01,0.03,2356.751484,1776306435000
1776306438.804,138.804,0.79,168.86,0.76,68.85,0.8,121.3,0.81,235.0,0.15,10.0,0.14,159.39,0.21,107.61,0.24,63.85,0.01,0.06,2356.137507,1776306437000
1776306439.621,139.621,0.79,133.86,0.78,106.11,0.8,104.21,0.81,235.0,0.2,121.3,0.19,235.0,0.21,168.86,0.24,68.85,0.01,0.01,2356.041798,1776306438000
1776306441.523,141.523,0.79,133.86,0.78,106.11,0.8,110.08,0.81,185.0,0.2,104.21,0.19,235.0,0.21,133.86,0.22,106.11,0.01,0.01,2356.03329,1776306440000
1776306442.724,142.724,0.79,128.86,0.78,50.5,0.81,80.0,0.82,15.0,0.2,97.78,0.19,185.0,0.21,133.86,0.22,106.11,0.02,0.01,2356.046015,1776306441000
1776306445.021,145.021,0.81,121.83,0.8,28.0,0.82,0.28,0.83,15.0,0.18,9.88,0.17,20.0,0.2,8.0,0.21,128.86,0.01,0.02,2356.113214,1776306443000
1776306447.681,147.681,0.81,116.83,0.8,33.0,0.82,12.84,0.83,15.0,0.18,0.28,0.17,15.0,0.19,121.83,0.2,28.0,0.01,0.01,2356.20335,1776306446000
1776306448.387,148.387,0.81,54.86,0.8,23.0,0.83,15.0,0.84,38.0,0.18,12.84,0.17,15.0,0.19,116.83,0.2,33.0,0.02,0.01,2356.1681,1776306447000
1776306449.26,149.26,0.81,19.86,0.79,107.61,0.82,106.0,0.83,45.0,0.17,15.0,0.16,38.0,0.19,54.86,0.2,23.0,0.01,0.02,2356.148,1776306448000
1776306449.762,149.762,0.79,112.61,0.77,12.0,0.8,55.5,0.81,15.0,0.18,111.0,0.17,45.0,0.21,107.61,0.23,12.0,0.01,0.03,2356.148,1776306448000
1776306451.335,151.335,0.79,162.61,0.78,53.22,0.81,15.0,0.82,32.0,0.2,55.5,0.19,15.0,0.21,112.61,0.23,12.0,0.02,0.01,2356.1017,1776306450000
1776306452.109,152.109,0.79,117.61,0.78,63.22,0.8,11.8,0.81,15.0,0.19,15.0,0.18,32.0,0.21,162.61,0.22,53.22,0.01,0.02,2356.1017,1776306450000
1776306454.636,154.636,0.81,46.63,0.8,37.0,0.84,33.0,0.85,38.0,0.2,11.8,0.19,15.0,0.21,117.61,0.22,63.22,0.03,0.01,2355.992883,1776306453000
1776306454.894,154.894,0.81,71.63,0.8,37.0,0.82,8.9,0.83,10.0,0.16,33.0,0.15,38.0,0.19,46.63,0.2,37.0,0.01,0.03,2355.992883,1776306453000
1776306455.567,155.567,0.81,106.63,0.8,42.0,0.82,7.07,0.83,10.0,0.18,8.9,0.17,10.0,0.19,71.63,0.2,37.0,0.01,0.01,2356.058146,1776306454000
1776306456.294,156.294,0.83,89.58,0.82,33.0,0.84,5.0,0.85,18.0,0.18,7.07,0.17,10.0,0.19,106.63,0.2,42.0,0.01,0.01,2356.056699,1776306455000
1776306456.834,156.834,0.83,89.58,0.82,33.0,0.84,2.55,0.85,28.0,0.16,5.0,0.15,18.0,0.17,89.58,0.18,33.0,0.01,0.01,2356.056699,1776306455000
1776306464.712,164.712,0.83,44.37,0.82,50.0,0.84,7.49,0.85,20.0,0.16,2.55,0.15,28.0,0.17,89.58,0.18,33.0,0.01,0.01,2356.1626,1776306463000
1776306465.929,165.929,0.83,9.95,0.82,50.0,0.84,7.49,0.85,15.0,0.16,7.49,0.15,20.0,0.17,44.37,0.18,50.0,0.01,0.01,2356.17,1776306464000
1776306468.279,168.279,0.83,12.29,0.82,10.0,0.84,50.49,0.85,15.0,0.16,7.49,0.15,15.0,0.17,9.95,0.18,50.0,0.01,0.01,2356.148,1776306467000
1776306468.687,168.687,0.83,44.73,0.82,10.0,0.84,108.12,0.85,21.66,0.16,50.49,0.15,21.66,0.17,12.29,0.18,10.0,0.01,0.01,2356.148,1776306467000
1776306470.28,170.28,0.83,22.73,0.82,10.0,0.84,58.12,0.85,21.66,0.16,108.12,0.15,21.66,0.17,44.73,0.18,10.0,0.01,0.01,2356.078788,1776306468000
1776306473.059,173.059,0.83,28.13,0.82,10.0,0.84,55.29,0.85,21.66,0.16,58.12,0.15,21.66,0.17,22.73,0.18,10.0,0.01,0.01,2355.895552,1776306471000
1776306474.167,174.167,0.83,28.13,0.82,10.0,0.84,49.29,0.85,21.66,0.16,55.29,0.15,21.66,0.17,28.13,0.18,10.0,0.01,0.01,2355.888821,1776306472000
1776306474.696,174.696,0.83,28.13,0.82,10.0,0.84,33.92,0.85,21.66,0.16,49.29,0.15,21.66,0.17,28.13,0.18,10.0,0.01,0.01,2355.878485,1776306473000
1776306475.069,175.069,0.82,10.0,0.81,7.0,0.84,55.92,0.85,21.66,0.16,33.92,0.15,21.66,0.17,28.13,0.18,10.0,0.02,0.01,2355.878485,1776306473000
1776306475.516,175.516,0.8,5.4,0.79,107.61,0.84,80.92,0.85,217.72,0.16,55.92,0.15,21.66,0.18,10.0,0.19,7.0,0.04,0.02,2355.891071,1776306474000
1776306475.9,175.9,0.79,103.01,0.78,7.0,0.83,15.0,0.84,69.92,0.16,87.92,0.15,217.72,0.2,5.4,0.21,107.61,0.04,0.04,2355.891071,1776306474000
1776306477.121,177.121,0.79,103.01,0.78,7.0,0.8,17.0,0.81,27.0,0.17,15.0,0.16,69.92,0.21,103.01,0.22,7.0,0.01,0.04,2355.861772,1776306475000
1776306478.385,178.385,0.79,108.01,0.78,17.0,0.8,14.62,0.81,27.0,0.2,17.0,0.19,27.0,0.21,103.01,0.22,7.0,0.01,0.01,2355.739516,1776306477000
1776306479.351,179.351,0.79,108.01,0.78,17.0,0.8,16.12,0.81,27.0,0.2,14.62,0.19,27.0,0.21,108.01,0.22,17.0,0.01,0.01,2355.739516,1776306477000
1776306479.57,179.57,0.79,113.01,0.78,17.0,0.8,11.85,0.81,27.0,0.2,16.12,0.19,27.0,0.21,108.01,0.22,17.0,0.01,0.01,2355.738386,1776306478000
1776306480.291,180.291,0.79,46.01,0.77,20.3,0.8,53.85,0.81,77.0,0.2,11.85,0.19,27.0,0.21,113.01,0.22,17.0,0.01,0.01,2355.668315,1776306479000
1776306480.524,180.524,0.77,20.3,0.76,63.85,0.78,27.99,0.8,281.91,0.2,281.91,0.19,84.0,0.21,2.01,0.23,20.3,0.01,0.01,2355.668315,1776306479000
1776306482.478,182.478,0.76,61.85,0.75,65.56,0.77,60.0,0.78,65.0,0.22,81.0,0.21,10.0,0.24,61.85,0.26,17.85,0.01,0.02,2355.633353,1776306481000
1776306483.398,183.398,0.76,39.17,0.74,17.85,0.77,118.0,0.78,34.0,0.23,60.0,0.22,65.0,0.24,61.85,0.25,65.56,0.01,0.01,2355.43902,1776306482000
1776306484.573,184.573,0.76,19.94,0.74,17.85,0.77,55.09,0.78,27.0,0.23,123.0,0.22,34.0,0.24,19.94,0.26,17.85,0.01,0.01,2355.340281,1776306483000
1776306485.192,185.192,0.76,12.85,0.74,17.85,0.77,55.09,0.78,32.0,0.23,55.09,0.22,27.0,0.24,19.94,0.26,17.85,0.01,0.01,2355.340281,1776306483000
1776306486.814,186.814,0.74,17.85,0.7,14.28,0.76,37.15,0.77,151.09,0.23,55.09,0.22,32.0,0.24,12.85,0.26,17.85,0.02,0.01,2355.300544,1776306485000
1776306487.287,187.287,0.75,9.8,0.74,27.85,0.76,74.57,0.77,38.39,0.24,30.57,0.23,151.09,0.26,17.85,0.3,14.28,0.01,0.02,2355.333887,1776306486000
1776306487.519,187.519,0.75,28.0,0.74,27.85,0.76,189.06,0.77,35.3,0.24,196.06,0.23,35.3,0.25,28.0,0.26,27.85,0.01,0.01,2355.333887,1776306486000
1776306487.822,187.822,0.76,44.77,0.75,9.8,0.77,6.0,0.78,21.0,0.23,1.0,0.22,21.0,0.24,45.0,0.25,9.8,0.01,0.01,2355.333887,1776306486000
1776306488.121,188.121,0.76,44.77,0.75,9.8,0.79,3.21,0.8,57.36,0.23,6.0,0.22,21.0,0.24,44.77,0.25,9.8,0.03,0.01,2355.319644,1776306487000
1776306488.414,188.414,0.78,5.0,0.77,15.0,0.8,33.93,0.81,90.4,0.21,3.21,0.2,57.36,0.24,44.77,0.25,9.8,0.02,0.03,2355.319644,1776306487000
1776306489.98,189.98,0.78,43.0,0.77,15.0,0.79,15.0,0.81,57.0,0.2,33.93,0.19,90.4,0.22,5.0,0.23,15.0,0.01,0.02,2355.318369,1776306488000
1776306490.35,190.35,0.78,58.0,0.77,15.0,0.81,5.0,0.83,10.0,0.21,15.0,0.19,57.0,0.22,43.0,0.23,15.0,0.03,0.01,2355.358329,1776306489000
1776306490.844,190.844,0.79,79.0,0.78,23.0,0.8,8.82,0.84,10.0,0.16,16.07,0.15,56.86,0.21,8.0,0.22,53.0,0.01,0.05,2355.358329,1776306489000
1776306491.049,191.049,0.79,65.0,0.78,23.0,0.84,10.0,0.85,51.86,0.16,10.0,0.15,51.86,0.21,79.0,0.22,23.0,0.05,0.05,2355.465944,1776306490000
1776306492.289,192.289,0.84,15.0,0.83,43.0,0.86,44.82,0.87,41.8,0.16,10.0,0.15,51.86,0.21,65.0,0.22,23.0,0.02,0.05,2355.508569,1776306491000
1776306494.745,194.745,0.85,62.33,0.84,32.0,0.86,5.0,0.87,54.8,0.14,44.82,0.13,41.8,0.16,15.0,0.17,43.0,0.01,0.02,2355.474623,1776306492000
1776306495.081,195.081,0.85,57.33,0.84,42.0,0.86,16.0,0.87,31.8,0.14,5.0,0.13,54.8,0.15,62.33,0.16,32.0,0.01,0.01,2355.702553,1776306493000
1776306495.823,195.823,0.86,52.0,0.85,49.33,0.88,19.86,0.89,10.0,0.14,16.0,0.13,31.8,0.15,57.33,0.16,42.0,0.02,0.01,2355.71109,1776306494000
1776306496.333,196.333,0.87,52.0,0.86,59.0,0.88,4.17,0.89,10.0,0.12,19.86,0.11,10.0,0.14,52.0,0.15,49.33,0.01,0.02,2355.71109,1776306494000
1776306497.293,197.293,0.88,47.0,0.87,61.0,0.9,27.44,0.91,110.0,0.12,4.17,0.11,10.0,0.13,52.0,0.14,59.0,0.02,0.01,2355.752898,1776306496000
1776306498.738,198.738,0.89,73.0,0.88,56.0,0.91,18.32,0.92,15.0,0.09,78.13,0.08,63.9,0.12,81.0,0.13,61.0,0.02,0.03,2355.878215,1776306497000
1776306502.134,202.134,0.9,35.0,0.89,20.0,0.91,0.01,0.92,22.0,0.09,18.32,0.08,15.0,0.11,73.0,0.12,56.0,0.01,0.02,2355.923387,1776306500000
1776306503.075,203.075,0.9,50.0,0.89,31.0,0.91,10.01,0.92,22.0,0.09,0.01,0.08,22.0,0.1,35.0,0.11,20.0,0.01,0.01,2355.923258,1776306501000
1776306507.581,207.581,0.9,82.0,0.89,31.0,0.92,10.0,0.93,20.0,0.09,10.01,0.08,22.0,0.1,50.0,0.11,31.0,0.02,0.01,2356.11355,1776306506000
1776306508.193,208.193,0.91,103.88,0.9,63.0,0.92,5.0,0.93,20.0,0.08,10.0,0.07,20.0,0.1,82.0,0.11,31.0,0.01,0.02,2356.11355,1776306507000
1776306509.241,209.241,0.92,10.0,0.91,93.88,0.93,16.64,0.94,6.0,0.08,5.0,0.07,20.0,0.09,103.88,0.1,63.0,0.01,0.01,2356.11355,1776306507000
1776306509.464,209.464,0.91,89.43,0.9,74.0,0.93,16.64,0.94,6.0,0.07,16.64,0.06,6.0,0.08,10.0,0.09,93.88,0.02,0.01,2356.11355,1776306507000
1776306510.415,210.415,0.92,27.0,0.91,100.43,0.95,70.0,0.96,128.8,0.07,16.64,0.06,6.0,0.09,89.43,0.1,74.0,0.03,0.02,2356.15753,1776306508000
1776306511.111,211.111,0.92,27.0,0.91,100.43,0.93,2.63,0.94,10.0,0.05,70.0,0.04,128.8,0.08,27.0,0.09,100.43,0.01,0.03,2356.224372,1776306509000
1776306511.437,211.437,0.92,27.0,0.91,100.43,0.94,7.38,0.95,70.0,0.07,2.63,0.06,10.0,0.08,27.0,0.09,100.43,0.02,0.01,2356.256583,1776306510000
1776306512.27,212.27,0.93,25.0,0.92,36.0,0.94,1.91,0.95,77.0,0.06,7.38,0.05,70.0,0.08,27.0,0.09,100.43,0.01,0.02,2356.256583,1776306510000
1776306513.451,213.451,0.94,15.0,0.93,34.0,0.95,58.53,0.96,133.8,0.06,1.91,0.05,77.0,0.07,25.0,0.08,36.0,0.01,0.01,2356.364965,1776306512000
1776306516.56,216.56,0.94,15.0,0.93,35.0,0.95,17.47,0.96,40.0,0.05,58.53,0.04,133.8,0.06,15.0,0.07,34.0,0.01,0.01,2356.542409,1776306515000
1776306517.963,217.963,0.95,35.16,0.94,20.0,0.96,74.0,0.97,237.7,0.05,17.47,0.04,40.0,0.06,15.0,0.07,35.0,0.01,0.01,2356.499544,1776306517000
1776306518.319,218.319,0.95,45.16,0.94,25.0,0.96,31.24,0.97,237.7,0.04,74.0,0.03,237.7,0.05,35.16,0.06,20.0,0.01,0.01,2356.499544,1776306517000
1776306519.324,219.324,0.95,19.16,0.94,25.0,0.96,21.24,0.97,232.7,0.04,26.24,0.03,232.7,0.05,65.16,0.06,25.0,0.01,0.01,2356.53315,1776306518000
1776306520.865,220.865,0.95,26.86,0.94,25.0,0.97,211.17,0.98,1684.7,0.04,21.24,0.03,232.7,0.05,16.86,0.06,25.0,0.02,0.01,2356.5234,1776306519000
1776306524.647,224.647,0.96,32.03,0.95,56.86,0.97,215.17,0.98,1143.7,0.03,211.17,0.02,1684.7,0.05,26.86,0.06,25.0,0.01,0.02,2356.4289,1776306523000
1776306531.371,231.371,0.96,82.71,0.95,61.86,0.97,204.79,0.98,1343.69,0.03,215.17,0.02,1143.7,0.04,32.03,0.05,56.86,0.01,0.01,2356.47105,1776306530000
1776306533.705,233.705,0.96,66.32,0.95,113.86,0.97,81.09,0.98,1136.7,0.03,204.79,0.02,1343.69,0.04,82.71,0.05,61.86,0.01,0.01,2356.572595,1776306532000
1776306538.254,238.254,0.96,127.94,0.95,58.86,0.97,63.85,0.98,436.7,0.03,69.85,0.02,1136.7,0.04,66.32,0.05,108.86,0.01,0.01,2356.63089,1776306537000
1776306538.935,238.935,0.96,155.94,0.95,117.66,0.97,45.36,0.98,253.0,0.03,63.85,0.02,436.7,0.04,127.94,0.05,58.86,0.01,0.01,2356.63089,1776306537000
1776306539.651,239.651,0.96,150.94,0.95,134.66,0.97,33.0,0.98,253.0,0.03,45.36,0.02,253.0,0.04,155.94,0.05,117.66,0.01,0.01,2356.63265,1776306538000
1776306541.136,241.136,0.97,13.0,0.96,150.94,0.98,253.0,0.99,7356.37,0.03,33.0,0.02,253.0,0.04,150.94,0.05,134.66,0.01,0.01,2356.758575,1776306540000
1776306541.676,241.676,0.97,43.18,0.96,165.94,0.98,253.0,0.99,7856.37,0.02,253.0,0.01,7356.37,0.03,13.0,0.04,150.94,0.01,0.01,2356.758575,1776306540000
1776306542.235,242.235,0.97,86.18,0.96,201.64,0.98,141.83,0.99,7556.37,0.02,146.94,0.01,7856.37,0.03,43.18,0.04,165.94,0.01,0.01,2356.758575,1776306540000
1776306542.491,242.491,0.97,96.18,0.96,206.64,0.98,131.61,0.99,7292.77,0.02,136.72,0.01,7656.37,0.03,96.18,0.04,201.64,0.01,0.01,2356.758575,1776306540000
1776306543.141,243.141,0.97,251.88,0.96,211.64,0.98,104.61,0.99,7292.77,0.02,131.61,0.01,7292.77,0.03,96.18,0.04,206.64,0.01,0.01,2356.758575,1776306540000
1776306543.446,243.446,0.97,266.88,0.96,211.64,0.98,99.55,0.99,7342.71,0.02,104.61,0.01,7292.77,0.03,251.88,0.04,211.64,0.01,0.01,2356.77299,1776306542000
1776306543.8,243.8,0.97,272.19,0.96,212.64,0.98,46.48,0.99,7342.71,0.02,97.5,0.01,7342.71,0.03,266.88,0.04,211.64,0.01,0.01,2356.77299,1776306542000
1776306544.242,244.242,0.98,75.24,0.97,248.19,0.99,7342.71,,,0.02,46.48,0.01,7342.71,0.03,272.19,0.04,212.64,0.01,0.01,2356.82508,1776306543000
1776306545.417,245.417,0.98,161.24,0.97,216.19,0.99,7639.63,,,0.01,7342.71,,,0.02,75.24,0.03,248.19,0.01,0.01,2356.82508,1776306543000
1776306546.705,246.705,0.98,842.54,0.97,221.19,0.99,7565.63,,,0.01,7605.63,,,0.02,153.84,0.03,216.19,0.01,0.01,2357.068055,1776306545000
1776306546.936,246.936,0.98,847.54,0.97,221.19,0.99,7568.6,,,0.01,7565.63,,,0.02,842.54,0.03,221.19,0.01,0.01,2357.068055,1776306545000
1776306547.35,247.35,0.98,952.54,0.97,235.19,0.99,1423.6,,,0.01,7568.6,,,0.02,847.54,0.03,221.19,0.01,0.01,2357.068055,1776306545000
1776306547.714,247.714,0.98,859.54,0.97,254.19,0.99,1418.58,,,0.01,1419.6,,,0.02,947.54,0.03,248.19,0.01,0.01,2357.076885,1776306546000
1776306548.081,248.081,0.98,847.54,0.97,254.19,0.99,1411.58,,,0.01,1413.58,,,0.02,852.54,0.03,254.19,0.01,0.01,2357.076885,1776306546000
1776306548.291,248.291,0.98,854.54,0.97,254.19,0.99,1406.58,,,0.01,1411.58,,,0.02,847.54,0.03,254.19,0.01,0.01,2357.076885,1776306546000
1776306551.054,251.054,0.99,528.82,0.98,807.54,,,,,,,,,0.02,854.54,0.03,254.19,,,2357.41585,1776306549000
1776306551.649,251.649,0.99,332.97,0.98,797.54,,,,,,,,,0.01,528.82,0.02,807.54,,,2357.419435,1776306550000
1776306552.307,252.307,0.99,132.97,0.98,797.54,,,,,,,,,0.01,332.97,0.02,797.54,,,2357.408333,1776306551000
1776306552.655,252.655,0.99,107.97,0.98,797.54,,,,,,,,,0.01,132.97,0.02,797.54,,,2357.408333,1776306551000
1776306555.699,255.699,0.99,329.74,0.98,814.54,,,,,,,,,0.01,107.97,0.02,797.54,,,2357.500608,1776306554000
1776306573.49,273.49,0.99,2677.96,0.98,888.54,,,,,,,,,0.01,329.74,0.02,814.54,,,2357.720414,1776306572000
1776306583.76,283.76,0.99,7086.96,0.98,101.99,,,,,,,,,0.01,2677.96,0.02,888.54,,,2357.77778,1776306582000

# RESULT,winner=Up,slug=eth-updown-5m-1776306300,ticks=236
