timestamp,elapsed_sec,up_bid_p1,up_bid_s1,up_bid_p2,up_bid_s2,up_ask_p1,up_ask_s1,up_ask_p2,up_ask_s2,down_bid_p1,down_bid_s1,down_bid_p2,down_bid_s2,down_ask_p1,down_ask_s1,down_ask_p2,down_ask_s2,up_spread,down_spread,eth_price,eth_oracle_ts
1776259200.554,0.554,0.51,10.0,0.5,3.0,0.54,120.0,0.6,38.0,0.46,130.0,0.4,38.0,0.49,10.0,0.5,3.0,0.03,0.03,2329.87122,1776259199000
1776259200.853,0.853,0.51,148.0,0.5,3.0,0.54,4.45,0.6,38.0,0.46,110.0,0.4,38.0,0.49,10.0,0.5,3.0,0.03,0.03,2329.87122,1776259199000
1776259201.097,1.097,0.51,148.0,0.5,3.0,0.54,4.45,0.6,38.0,0.46,4.45,0.4,38.0,0.49,148.0,0.5,3.0,0.03,0.03,2329.938946,1776259200000
1776259201.625,1.625,0.51,159.0,0.5,21.0,0.53,5.0,0.54,14.45,0.46,4.45,0.4,38.0,0.49,148.0,0.5,3.0,0.02,0.03,2329.938946,1776259200000
1776259201.855,1.855,0.52,7.91,0.51,159.0,0.54,17.59,0.55,20.0,0.47,5.0,0.46,14.45,0.48,2.91,0.49,159.0,0.02,0.01,2329.938946,1776259200000
1776259202.064,2.064,0.52,7.91,0.51,159.0,0.54,17.59,0.55,20.0,0.46,17.59,0.45,20.0,0.48,7.91,0.49,159.0,0.02,0.02,2329.895422,1776259201000
1776259203.813,3.813,0.52,7.91,0.51,159.0,0.54,17.59,0.55,20.0,0.46,17.59,0.45,20.0,0.48,7.91,0.49,159.0,0.02,0.02,2330.040478,1776259202000
1776259204.411,4.411,0.53,40.0,0.52,22.91,0.54,7.59,0.56,58.0,0.46,7.59,0.44,58.0,0.47,40.0,0.48,22.91,0.01,0.01,2330.05088,1776259203000
1776259204.683,4.683,0.53,111.0,0.52,32.0,0.58,15.0,0.61,55.0,0.46,7.59,0.44,58.0,0.47,40.0,0.48,22.91,0.05,0.01,2330.05088,1776259203000
1776259204.906,4.906,0.53,111.0,0.52,32.0,0.58,15.0,0.61,55.0,0.42,15.0,0.39,55.0,0.47,111.0,0.48,32.0,0.05,0.05,2330.01,1776259204000
1776259205.463,5.463,0.57,69.56,0.56,15.0,0.58,30.0,0.59,23.0,0.42,15.0,0.39,55.0,0.47,111.0,0.48,32.0,0.01,0.05,2330.01,1776259204000
1776259205.921,5.921,0.57,19.56,0.56,15.0,0.58,23.27,0.59,23.0,0.42,23.27,0.41,23.0,0.43,19.56,0.44,15.0,0.01,0.01,2330.038,1776259205000
1776259206.298,6.298,0.57,28.56,0.56,15.0,0.58,48.27,0.59,33.0,0.42,23.27,0.41,23.0,0.43,19.56,0.44,15.0,0.01,0.01,2330.038,1776259205000
1776259206.96,6.96,0.57,6.23,0.53,5.0,0.58,104.27,0.59,33.0,0.42,43.27,0.41,33.0,0.43,23.56,0.44,15.0,0.01,0.01,2330.038,1776259205000
1776259207.298,7.298,0.53,5.0,0.51,143.0,0.54,7.61,0.55,10.0,0.42,127.27,0.41,83.0,0.47,5.0,0.49,143.0,0.01,0.05,2330.12225,1776259206000
1776259207.936,7.936,0.51,117.32,0.5,8.0,0.52,10.0,0.53,20.0,0.46,18.47,0.45,10.0,0.49,137.73,0.5,13.0,0.01,0.03,2330.12225,1776259206000
1776259208.143,8.143,0.49,5.0,0.48,5.0,0.5,10.0,0.51,15.0,0.5,10.0,0.49,15.0,0.51,5.0,0.52,5.0,0.01,0.01,2330.131712,1776259207000
1776259209.026,9.026,0.49,5.1,0.48,5.0,0.5,14.5,0.51,75.1,0.48,21.0,0.47,20.0,0.51,5.0,0.52,5.0,0.01,0.03,2330.131712,1776259207000
1776259209.366,9.366,0.49,10.1,0.48,5.0,0.5,41.34,0.51,80.1,0.5,14.5,0.49,75.1,0.51,5.1,0.52,5.0,0.01,0.01,2330.060729,1776259208000
1776259209.587,9.587,0.48,5.0,0.47,25.0,0.49,74.58,0.5,80.34,0.51,71.79,0.5,80.34,0.52,10.0,0.53,25.0,0.01,0.01,2330.060729,1776259208000
1776259210.179,10.179,0.48,15.5,0.47,25.0,0.5,4.61,0.51,128.1,0.51,69.58,0.5,80.34,0.52,5.0,0.53,25.0,0.02,0.01,2330.060729,1776259208000
1776259210.96,10.96,0.48,18.83,0.47,75.0,0.49,8.0,0.5,92.11,0.51,10.0,0.5,26.61,0.52,18.83,0.53,25.0,0.01,0.01,2329.78,1776259209000
1776259213.354,13.354,0.46,65.0,0.45,71.15,0.47,20.5,0.48,50.5,0.51,8.0,0.5,92.11,0.52,18.83,0.53,75.0,0.01,0.01,2329.634168,1776259212000
1776259213.938,13.938,0.5,19.8,0.49,15.0,0.52,25.0,0.54,50.0,0.53,20.5,0.52,50.5,0.54,65.0,0.55,71.15,0.02,0.01,2329.634168,1776259212000
1776259214.159,14.159,0.55,10.0,0.54,15.0,0.56,19.9,0.57,10.0,0.44,20.0,0.43,5.0,0.46,5.0,0.47,15.0,0.01,0.02,2329.611374,1776259213000
1776259214.538,14.538,0.55,64.92,0.54,80.0,0.56,20.5,0.57,5.0,0.44,9.9,0.43,10.0,0.45,19.92,0.46,80.0,0.01,0.01,2329.611374,1776259213000
1776259215.106,15.106,0.57,10.0,0.56,15.0,0.58,0.77,0.59,5.0,0.44,17.65,0.43,5.0,0.45,64.92,0.46,75.0,0.01,0.01,2329.611374,1776259213000
1776259215.363,15.363,0.58,25.0,0.57,20.0,0.6,68.08,0.61,123.0,0.41,10.35,0.4,60.0,0.42,20.0,0.43,20.0,0.02,0.01,2329.58,1776259214000
1776259216.172,16.172,0.59,17.56,0.58,70.0,0.6,178.41,0.61,136.0,0.4,68.08,0.39,123.0,0.42,25.0,0.43,20.0,0.01,0.02,2329.58,1776259214000
1776259217.255,17.255,0.59,2.9,0.58,70.0,0.6,183.41,0.61,136.0,0.4,178.41,0.39,136.0,0.41,17.56,0.42,70.0,0.01,0.01,2329.98276,1776259215000
1776259217.498,17.498,0.58,44.02,0.57,70.0,0.6,202.83,0.61,146.0,0.4,192.91,0.39,136.0,0.41,2.9,0.42,20.0,0.02,0.01,2329.98276,1776259215000
1776259218.222,18.222,0.58,12.14,0.57,15.0,0.59,177.72,0.6,96.5,0.4,202.83,0.39,146.0,0.42,44.02,0.43,70.0,0.01,0.02,2330.234201,1776259217000
1776259218.812,18.812,0.57,25.0,0.56,65.0,0.58,81.06,0.59,154.72,0.41,172.72,0.4,91.5,0.43,15.0,0.44,75.5,0.01,0.02,2330.234201,1776259217000
1776259219.393,19.393,0.57,115.5,0.56,80.5,0.59,68.0,0.6,63.0,0.42,81.06,0.41,154.72,0.43,25.0,0.44,65.0,0.02,0.01,2330.162865,1776259218000
1776259220.416,20.416,0.58,17.3,0.57,95.5,0.59,43.0,0.6,76.0,0.41,68.0,0.4,63.0,0.43,115.5,0.44,80.5,0.01,0.02,2330.165145,1776259219000
1776259221.639,21.639,0.62,8.06,0.61,30.0,0.64,11.08,0.65,5.0,0.41,43.0,0.4,76.0,0.42,17.3,0.43,95.5,0.02,0.01,2330.13225,1776259220000
1776259222.135,22.135,0.65,4.85,0.64,10.0,0.66,113.5,0.67,150.84,0.34,80.0,0.33,70.5,0.37,25.5,0.38,40.5,0.01,0.03,2330.13225,1776259220000
1776259222.671,22.671,0.63,15.0,0.62,31.0,0.64,14.0,0.65,28.5,0.34,113.5,0.33,150.84,0.35,4.85,0.36,10.0,0.01,0.01,2330.16725,1776259221000
1776259222.951,22.951,0.63,15.0,0.62,41.5,0.64,27.0,0.65,111.27,0.36,14.0,0.35,28.5,0.37,15.0,0.38,31.0,0.01,0.01,2330.16725,1776259221000
1776259225.122,25.122,0.63,172.89,0.62,31.0,0.64,50.0,0.65,166.77,0.36,27.0,0.35,111.27,0.37,15.0,0.38,41.5,0.01,0.01,2330.41955,1776259224000
1776259226.037,26.037,0.63,172.39,0.62,91.5,0.64,48.43,0.65,167.27,0.36,50.0,0.35,166.77,0.37,172.89,0.38,31.0,0.01,0.01,2330.41955,1776259224000
1776259226.647,26.647,0.64,55.5,0.63,242.89,0.65,29.77,0.66,40.0,0.36,48.43,0.35,167.27,0.37,172.39,0.38,91.5,0.01,0.01,2330.43455,1776259225000
1776259227.008,27.008,0.64,111.5,0.63,267.89,0.65,8.77,0.66,5.0,0.35,18.77,0.34,40.0,0.36,76.5,0.37,267.89,0.01,0.01,2330.43455,1776259225000
1776259227.322,27.322,0.65,110.5,0.64,116.5,0.67,58.72,0.68,100.0,0.34,2.77,0.33,69.0,0.36,81.5,0.37,267.89,0.02,0.02,2330.43965,1776259226000
1776259228.356,28.356,0.66,95.32,0.65,110.5,0.67,152.41,0.68,92.0,0.33,58.72,0.32,100.0,0.35,110.5,0.36,116.5,0.01,0.02,2330.43965,1776259227000
1776259228.619,28.619,0.66,2.43,0.65,35.0,0.67,167.91,0.68,102.5,0.33,167.91,0.32,102.5,0.34,15.55,0.35,100.0,0.01,0.01,2330.43965,1776259227000
1776259229.126,29.126,0.63,207.39,0.62,25.5,0.65,56.5,0.66,149.87,0.33,188.91,0.32,113.5,0.35,35.0,0.36,25.0,0.02,0.02,2330.43965,1776259227000
1776259229.413,29.413,0.63,191.84,0.62,80.5,0.64,89.6,0.65,101.5,0.35,61.5,0.34,199.87,0.37,176.39,0.38,25.5,0.01,0.02,2330.55756,1776259228000
1776259230.952,30.952,0.63,360.34,0.62,80.5,0.64,48.6,0.65,70.01,0.36,89.6,0.35,101.5,0.37,191.84,0.38,80.5,0.01,0.01,2330.635344,1776259229000
1776259231.374,31.374,0.63,292.36,0.62,85.5,0.64,58.6,0.65,102.51,0.36,48.6,0.35,70.01,0.37,360.34,0.38,80.5,0.01,0.01,2330.635344,1776259229000
1776259231.954,31.954,0.63,272.88,0.62,90.5,0.64,63.6,0.65,175.27,0.36,58.6,0.35,102.51,0.37,292.36,0.38,85.5,0.01,0.01,2330.48515,1776259230000
1776259232.202,32.202,0.63,216.51,0.62,80.5,0.64,54.22,0.65,168.27,0.36,54.22,0.35,168.27,0.37,225.84,0.38,80.5,0.01,0.01,2330.5141,1776259231000
1776259232.471,32.471,0.63,232.01,0.62,85.5,0.64,12.76,0.65,152.77,0.36,51.98,0.35,162.77,0.37,237.01,0.38,85.5,0.01,0.01,2330.5141,1776259231000
1776259232.973,32.973,0.63,234.03,0.62,80.5,0.64,62.76,0.65,152.77,0.36,12.76,0.35,152.77,0.37,232.01,0.38,85.5,0.01,0.01,2330.5141,1776259231000
1776259233.289,33.289,0.63,225.54,0.62,80.5,0.64,62.76,0.65,152.77,0.36,62.76,0.35,152.77,0.37,234.03,0.38,80.5,0.01,0.01,2330.5141,1776259231000
1776259233.564,33.564,0.63,222.83,0.62,80.5,0.64,67.76,0.65,157.77,0.36,62.76,0.35,152.77,0.37,225.54,0.38,80.5,0.01,0.01,2330.46465,1776259232000
1776259233.913,33.913,0.63,214.85,0.62,80.5,0.64,62.76,0.65,85.01,0.36,67.76,0.35,157.77,0.37,222.83,0.38,80.5,0.01,0.01,2330.46465,1776259232000
1776259234.238,34.238,0.63,216.87,0.62,80.5,0.64,66.19,0.65,86.01,0.36,61.19,0.35,80.01,0.37,219.85,0.38,80.5,0.01,0.01,2330.45465,1776259233000
1776259234.758,34.758,0.63,213.89,0.62,80.5,0.64,16.19,0.65,87.01,0.36,66.19,0.35,86.01,0.37,216.87,0.38,80.5,0.01,0.01,2330.45465,1776259233000
1776259235.476,35.476,0.63,181.93,0.62,80.5,0.64,16.19,0.65,86.01,0.36,16.19,0.35,87.01,0.37,210.91,0.38,80.5,0.01,0.01,2330.46465,1776259234000
1776259235.695,35.695,0.63,190.97,0.62,80.5,0.64,16.19,0.65,86.01,0.36,16.19,0.35,86.01,0.37,193.95,0.38,80.5,0.01,0.01,2330.46465,1776259234000
1776259236.225,36.225,0.63,202.99,0.62,115.5,0.64,16.19,0.65,20.01,0.36,16.19,0.35,86.01,0.37,190.97,0.38,80.5,0.01,0.01,2330.46465,1776259235000
1776259236.955,36.955,0.63,192.57,0.62,115.5,0.64,16.19,0.65,20.01,0.36,16.19,0.35,20.01,0.37,190.55,0.38,115.5,0.01,0.01,2330.46465,1776259235000
1776259238.512,38.512,0.63,143.51,0.62,110.5,0.64,19.47,0.65,70.01,0.36,14.47,0.35,20.01,0.37,187.57,0.38,115.5,0.01,0.01,2330.511986,1776259237000
1776259238.869,38.869,0.63,138.51,0.62,115.5,0.64,15.04,0.65,70.01,0.36,17.28,0.35,70.01,0.37,143.51,0.38,110.5,0.01,0.01,2330.511986,1776259237000
1776259239.223,39.223,0.63,138.51,0.62,85.5,0.64,12.85,0.65,70.01,0.36,15.04,0.35,70.01,0.37,138.51,0.38,115.5,0.01,0.01,2330.61365,1776259238000
1776259239.564,39.564,0.63,138.51,0.62,90.5,0.64,66.1,0.65,70.01,0.36,12.85,0.35,70.01,0.37,138.51,0.38,85.5,0.01,0.01,2330.61365,1776259238000
1776259239.97,39.97,0.63,118.32,0.62,85.5,0.64,11.1,0.65,70.01,0.36,66.1,0.35,70.01,0.37,138.51,0.38,90.5,0.01,0.01,2330.61365,1776259238000
1776259242.969,42.969,0.62,5.0,0.61,135.5,0.64,126.6,0.65,95.51,0.36,11.1,0.35,70.01,0.37,118.32,0.38,85.5,0.02,0.01,2330.57395,1776259241000
1776259244.21,44.21,0.62,116.68,0.61,145.5,0.63,86.0,0.64,106.6,0.36,126.6,0.35,95.51,0.38,5.0,0.39,135.5,0.01,0.02,2330.5567,1776259243000
1776259245.049,45.049,0.62,119.04,0.61,150.5,0.63,75.0,0.64,90.5,0.37,86.0,0.36,106.6,0.38,116.68,0.39,145.5,0.01,0.01,2330.5567,1776259243000
1776259245.413,45.413,0.62,65.0,0.61,150.5,0.63,74.92,0.64,90.5,0.37,75.0,0.36,90.5,0.38,119.04,0.39,150.5,0.01,0.01,2330.441572,1776259244000
1776259247.408,47.408,0.62,60.0,0.61,150.5,0.63,79.92,0.64,100.5,0.37,74.92,0.36,90.5,0.38,65.0,0.39,150.5,0.01,0.01,2330.41035,1776259245000
1776259250.376,50.376,0.62,123.5,0.61,140.5,0.63,40.0,0.64,65.0,0.37,79.92,0.36,100.5,0.38,60.0,0.39,150.5,0.01,0.01,2330.588425,1776259249000
1776259250.936,50.936,0.62,168.0,0.61,145.5,0.63,88.21,0.64,85.5,0.37,40.0,0.36,65.0,0.38,123.5,0.39,140.5,0.01,0.01,2330.588425,1776259249000
1776259253.841,53.841,0.62,5.0,0.61,135.5,0.63,118.71,0.64,85.5,0.37,88.21,0.36,85.5,0.38,168.0,0.39,145.5,0.01,0.01,2330.40585,1776259252000
1776259254.253,54.253,0.62,45.0,0.61,135.5,0.63,111.62,0.64,95.5,0.37,118.71,0.36,85.5,0.38,5.0,0.39,135.5,0.01,0.01,2330.40585,1776259253000
1776259256.874,56.874,0.6,60.0,0.59,60.0,0.62,124.5,0.63,116.12,0.37,111.62,0.36,95.5,0.38,45.0,0.39,135.5,0.02,0.01,2330.488323,1776259255000
1776259259.672,59.672,0.57,15.0,0.56,95.5,0.58,119.0,0.59,82.0,0.39,20.25,0.38,127.5,0.41,60.0,0.42,5.0,0.01,0.02,2330.196492,1776259258000
1776259260.414,60.414,0.57,75.5,0.56,95.5,0.58,38.91,0.59,83.0,0.42,44.0,0.41,82.0,0.43,75.5,0.44,95.5,0.01,0.01,2330.158896,1776259259000
1776259261.224,61.224,0.57,75.5,0.56,95.5,0.58,98.91,0.59,83.0,0.42,38.91,0.41,83.0,0.43,75.5,0.44,95.5,0.01,0.01,2330.123033,1776259260000
1776259262.718,62.718,0.62,6.0,0.61,81.5,0.63,60.0,0.64,60.0,0.42,98.91,0.41,83.0,0.43,75.5,0.44,95.5,0.01,0.01,2330.11695,1776259261000
1776259264.76,64.76,0.62,89.0,0.61,101.5,0.63,73.71,0.64,109.5,0.37,60.0,0.36,60.0,0.38,6.0,0.39,81.5,0.01,0.01,2330.200112,1776259263000
1776259266.469,66.469,0.62,194.5,0.61,111.5,0.64,99.0,0.65,125.01,0.37,73.71,0.36,109.5,0.38,89.0,0.39,101.5,0.02,0.01,2330.3455,1776259265000
1776259268.38,68.38,0.63,204.5,0.62,116.5,0.64,69.37,0.65,125.01,0.36,99.0,0.35,125.01,0.38,194.5,0.39,111.5,0.01,0.02,2330.409055,1776259267000
1776259269.46,69.46,0.63,209.09,0.62,106.5,0.64,49.49,0.65,116.01,0.36,69.37,0.35,125.01,0.37,204.5,0.38,116.5,0.01,0.01,2330.42089,1776259268000
1776259269.758,69.758,0.63,280.47,0.62,111.5,0.65,5.01,0.66,10.0,0.36,13.03,0.35,40.01,0.37,219.09,0.38,111.5,0.02,0.01,2330.42089,1776259268000
1776259271.627,71.627,0.73,25.5,0.72,116.5,0.75,55.0,0.76,154.7,0.32,3.95,0.31,89.0,0.33,15.0,0.34,15.0,0.02,0.01,2330.495305,1776259270000
1776259272.306,72.306,0.73,146.5,0.72,111.5,0.74,3.64,0.75,55.0,0.25,55.0,0.24,154.7,0.27,25.5,0.28,116.5,0.01,0.02,2330.749804,1776259271000
1776259274.853,74.853,0.73,64.0,0.72,15.0,0.74,116.74,0.75,152.5,0.26,3.64,0.25,62.0,0.27,151.5,0.28,111.5,0.01,0.01,2331.01203,1776259273000
1776259278.319,78.319,0.74,204.5,0.73,106.5,0.75,3.66,0.76,80.0,0.26,94.64,0.25,152.5,0.27,91.0,0.28,20.0,0.01,0.01,2331.03661,1776259277000
1776259278.714,78.714,0.75,199.5,0.74,100.03,0.76,25.0,0.77,15.0,0.25,3.66,0.24,80.0,0.26,166.03,0.27,111.5,0.01,0.01,2331.03661,1776259277000
1776259279.333,79.333,0.76,115.28,0.75,106.5,0.77,80.0,0.78,80.0,0.24,25.0,0.23,15.0,0.25,199.5,0.26,100.03,0.01,0.01,2331.03661,1776259277000
1776259280.899,80.899,0.78,125.5,0.77,91.5,0.79,65.0,0.8,97.0,0.23,80.0,0.22,80.0,0.24,115.28,0.25,106.5,0.01,0.01,2331.07909,1776259279000
1776259282.995,82.995,0.78,82.68,0.77,36.5,0.79,81.0,0.8,98.0,0.21,65.0,0.2,97.0,0.22,125.5,0.23,91.5,0.01,0.01,2331.20675,1776259281000
1776259283.753,83.753,0.78,90.75,0.77,25.5,0.79,93.0,0.8,131.0,0.21,81.0,0.2,98.0,0.22,82.68,0.23,36.5,0.01,0.01,2331.222319,1776259282000
1776259284.187,84.187,0.75,20.0,0.74,10.0,0.79,340.2,0.8,137.0,0.21,93.0,0.2,131.0,0.22,90.75,0.23,25.5,0.04,0.01,2331.222319,1776259282000
1776259284.674,84.674,0.74,64.5,0.73,40.5,0.75,32.0,0.76,93.0,0.24,29.0,0.23,14.0,0.26,10.0,0.27,15.0,0.01,0.02,2331.2022,1776259283000
1776259286.09,86.09,0.74,59.5,0.73,90.5,0.75,69.0,0.76,93.0,0.25,32.0,0.24,93.0,0.26,64.5,0.27,40.5,0.01,0.01,2331.176554,1776259284000
1776259287.201,87.201,0.74,129.5,0.73,95.5,0.75,28.0,0.76,93.0,0.25,69.0,0.24,93.0,0.26,59.5,0.27,90.5,0.01,0.01,2331.004922,1776259285000
1776259288.085,88.085,0.74,125.26,0.73,95.5,0.75,28.0,0.76,93.0,0.25,28.0,0.24,93.0,0.26,129.5,0.27,95.5,0.01,0.01,2331.01962,1776259286000
1776259289.716,89.716,0.74,37.26,0.73,20.0,0.75,103.5,0.76,108.5,0.25,28.0,0.24,93.0,0.26,125.26,0.27,95.5,0.01,0.01,2331.003,1776259288000
1776259290.049,90.049,0.73,15.0,0.72,15.0,0.75,103.5,0.76,118.5,0.25,103.5,0.24,108.5,0.26,25.26,0.27,20.0,0.02,0.01,2331.003,1776259288000
1776259290.339,90.339,0.72,10.42,0.71,55.5,0.74,130.5,0.75,61.5,0.25,103.5,0.24,118.5,0.27,15.0,0.28,15.0,0.02,0.02,2331.00814,1776259289000
1776259291.869,91.869,0.7,15.0,0.69,52.5,0.72,140.5,0.73,131.5,0.26,130.5,0.25,61.5,0.28,10.42,0.29,55.5,0.02,0.02,2330.978147,1776259290000
1776259292.375,92.375,0.69,42.5,0.68,105.0,0.7,89.0,0.71,79.0,0.28,140.5,0.27,131.5,0.31,37.5,0.32,100.0,0.01,0.03,2330.9091,1776259291000
1776259297.015,97.015,0.71,37.0,0.7,10.0,0.72,85.5,0.73,59.5,0.3,89.0,0.29,79.0,0.31,42.5,0.32,105.0,0.01,0.01,2330.794738,1776259295000
1776259297.864,97.864,0.7,5.0,0.69,72.5,0.71,141.2,0.72,110.5,0.29,21.5,0.28,130.5,0.3,3.28,0.31,62.5,0.01,0.01,2330.81545,1776259296000
1776259302.638,102.638,0.7,110.5,0.69,132.5,0.71,68.59,0.72,72.0,0.29,141.2,0.28,110.5,0.3,5.0,0.31,72.5,0.01,0.01,2330.72295,1776259301000
1776259305.341,105.341,0.7,100.5,0.69,132.5,0.71,50.59,0.72,85.5,0.29,68.59,0.28,72.0,0.3,110.5,0.31,132.5,0.01,0.01,2330.734029,1776259304000
1776259310.013,110.013,0.72,7.0,0.71,157.5,0.73,67.0,0.74,107.2,0.29,50.59,0.28,85.5,0.3,100.5,0.31,132.5,0.01,0.01,2330.7282,1776259308000
1776259310.339,110.339,0.72,157.5,0.71,122.5,0.73,70.63,0.74,117.2,0.27,67.0,0.26,107.2,0.28,7.0,0.29,157.5,0.01,0.01,2330.7482,1776259309000
1776259310.775,110.775,0.72,123.02,0.71,112.5,0.73,23.63,0.74,117.2,0.27,70.63,0.26,117.2,0.28,157.5,0.29,122.5,0.01,0.01,2330.7482,1776259309000
1776259311.256,111.256,0.72,143.34,0.71,117.5,0.73,78.63,0.74,117.2,0.27,23.63,0.26,117.2,0.28,123.02,0.29,112.5,0.01,0.01,2330.801586,1776259310000
1776259313.1,113.1,0.72,162.5,0.71,117.5,0.73,51.78,0.74,99.2,0.27,78.63,0.26,117.2,0.28,143.34,0.29,117.5,0.01,0.01,2330.8047,1776259311000
1776259314.701,114.701,0.72,172.5,0.71,117.5,0.73,34.93,0.74,99.2,0.27,41.78,0.26,99.2,0.28,167.5,0.29,117.5,0.01,0.01,2330.8047,1776259313000
1776259315.025,115.025,0.73,85.0,0.72,112.5,0.74,72.2,0.75,108.7,0.27,34.93,0.26,99.2,0.28,172.5,0.29,117.5,0.01,0.01,2330.851158,1776259314000
1776259316.4,116.4,0.73,100.0,0.72,112.5,0.74,73.2,0.75,108.7,0.26,72.2,0.25,108.7,0.27,85.0,0.28,112.5,0.01,0.01,2330.8098,1776259315000
1776259316.929,116.929,0.73,90.5,0.72,122.5,0.74,70.84,0.75,84.7,0.26,73.2,0.25,108.7,0.27,100.0,0.28,112.5,0.01,0.01,2330.8098,1776259315000
1776259318.019,118.019,0.73,37.0,0.72,15.0,0.74,82.14,0.75,89.7,0.26,70.84,0.25,84.7,0.27,90.5,0.28,122.5,0.01,0.01,2330.8248,1776259316000
1776259319.356,119.356,0.71,19.82,0.7,90.5,0.73,129.5,0.74,82.14,0.26,87.14,0.25,89.7,0.28,15.0,0.29,30.0,0.02,0.02,2330.8098,1776259318000
1776259320.312,120.312,0.68,50.0,0.67,10.0,0.7,143.5,0.71,166.5,0.27,129.5,0.26,82.14,0.29,19.82,0.3,90.5,0.02,0.02,2330.7538,1776259319000
1776259320.607,120.607,0.64,25.0,0.63,60.0,0.66,7.01,0.67,42.5,0.3,143.5,0.29,166.5,0.32,50.0,0.33,10.0,0.02,0.02,2330.7538,1776259319000
1776259320.861,120.861,0.62,31.45,0.61,115.0,0.65,31.54,0.66,79.0,0.35,47.0,0.34,84.0,0.37,60.0,0.38,31.45,0.03,0.02,2330.7538,1776259319000
1776259321.498,121.498,0.62,6.45,0.61,5.0,0.63,114.5,0.64,75.0,0.35,31.54,0.34,79.0,0.38,31.45,0.39,115.0,0.01,0.03,2330.7538,1776259320000
1776259321.708,121.708,0.6,35.5,0.59,25.5,0.61,64.35,0.62,25.5,0.39,38.55,0.37,143.5,0.4,30.5,0.41,20.5,0.01,0.01,2330.7538,1776259320000
1776259322.73,122.73,0.6,74.21,0.59,85.5,0.61,69.35,0.62,76.0,0.39,64.35,0.38,25.5,0.4,35.5,0.41,25.5,0.01,0.01,2330.424896,1776259321000
1776259323.165,123.165,0.6,139.21,0.59,91.5,0.61,27.55,0.63,10.0,0.39,53.55,0.38,26.0,0.4,94.21,0.41,85.5,0.01,0.01,2330.330095,1776259322000
1776259323.643,123.643,0.66,25.5,0.65,130.5,0.67,73.76,0.68,90.0,0.37,10.0,0.34,115.0,0.4,139.21,0.41,91.5,0.01,0.03,2330.330095,1776259322000
1776259324.798,124.798,0.66,50.5,0.65,85.5,0.67,85.56,0.68,95.0,0.33,73.76,0.32,90.0,0.34,25.5,0.35,130.5,0.01,0.01,2330.1839,1776259323000
1776259325.085,125.085,0.66,80.91,0.65,90.5,0.67,92.56,0.68,95.0,0.33,85.56,0.32,95.0,0.34,50.5,0.35,85.5,0.01,0.01,2330.2802,1776259324000
1776259326.787,126.787,0.67,141.5,0.66,105.91,0.68,79.55,0.69,41.0,0.33,92.56,0.32,95.0,0.34,80.91,0.35,90.5,0.01,0.01,2330.308511,1776259325000
1776259328.341,128.341,0.66,20.0,0.65,80.5,0.68,157.05,0.69,118.3,0.32,79.55,0.31,41.0,0.33,141.5,0.34,105.91,0.02,0.01,2330.38905,1776259327000
1776259329.279,129.279,0.65,78.5,0.64,70.5,0.66,102.0,0.67,100.5,0.32,157.05,0.31,118.3,0.34,20.0,0.35,80.5,0.01,0.02,2330.38905,1776259327000
1776259332.293,132.293,0.65,78.5,0.64,85.5,0.67,80.59,0.68,111.75,0.34,102.0,0.33,100.5,0.35,78.5,0.36,70.5,0.02,0.01,2330.39365,1776259331000
1776259333.008,133.008,0.65,78.5,0.64,85.5,0.66,60.4,0.67,90.59,0.33,80.59,0.32,111.75,0.35,78.5,0.36,85.5,0.01,0.02,2330.39365,1776259331000
1776259334.6,134.6,0.59,3.24,0.58,130.0,0.64,166.55,0.65,111.5,0.34,60.4,0.33,90.59,0.35,78.5,0.36,85.5,0.05,0.01,2330.40395,1776259333000
1776259334.817,134.817,0.58,70.45,0.57,75.0,0.59,77.0,0.6,35.5,0.36,166.55,0.35,111.5,0.41,3.24,0.42,130.0,0.01,0.05,2330.40395,1776259333000
1776259335.764,135.764,0.58,93.83,0.57,85.0,0.59,25.0,0.6,25.0,0.41,77.0,0.4,25.0,0.42,73.83,0.43,85.0,0.01,0.01,2330.39875,1776259334000
1776259336.035,136.035,0.58,73.83,0.57,90.0,0.59,20.0,0.6,25.0,0.41,25.0,0.4,25.0,0.42,93.83,0.43,85.0,0.01,0.01,2330.39875,1776259334000
1776259336.49,136.49,0.58,68.23,0.57,100.0,0.59,25.0,0.6,25.0,0.41,15.0,0.4,25.0,0.42,78.83,0.43,90.0,0.01,0.01,2330.39875,1776259334000
1776259337.013,137.013,0.59,50.5,0.58,73.73,0.62,13.69,0.63,55.5,0.41,25.0,0.4,25.0,0.42,68.23,0.43,100.0,0.03,0.01,2330.417197,1776259335000
1776259338.426,138.426,0.61,105.5,0.6,105.5,0.62,80.27,0.63,59.4,0.38,13.69,0.37,55.5,0.41,50.5,0.42,73.73,0.01,0.03,2330.250121,1776259336000
1776259338.81,138.81,0.61,101.39,0.6,105.5,0.62,80.27,0.63,59.4,0.38,80.27,0.37,59.4,0.39,105.5,0.4,105.5,0.01,0.01,2330.250121,1776259336000
1776259339.549,139.549,0.58,58.73,0.57,80.0,0.62,146.99,0.63,109.9,0.38,80.27,0.37,59.4,0.39,102.28,0.4,105.5,0.04,0.01,2330.26715,1776259338000
1776259340.007,140.007,0.55,95.0,0.54,25.0,0.57,222.5,0.58,147.5,0.38,146.99,0.37,109.9,0.42,58.73,0.43,80.0,0.02,0.04,2330.26715,1776259338000
1776259340.975,140.975,0.49,91.0,0.48,5.0,0.52,25.41,0.53,22.0,0.44,274.14,0.43,57.5,0.45,65.0,0.46,25.0,0.03,0.01,2330.29715,1776259339000
1776259341.263,141.263,0.45,35.15,0.44,86.07,0.5,245.0,0.51,192.0,0.49,65.0,0.48,32.41,0.51,65.9,0.53,25.0,0.05,0.02,2330.29715,1776259339000
1776259341.472,141.472,0.41,25.0,0.4,25.0,0.46,125.0,0.47,15.0,0.54,74.25,0.53,15.0,0.55,21.38,0.56,81.07,0.05,0.01,2330.220013,1776259340000
1776259341.796,141.796,0.41,5.0,0.4,30.0,0.42,39.64,0.43,22.0,0.58,26.14,0.57,22.0,0.59,30.0,0.6,30.0,0.01,0.01,2330.220013,1776259340000
1776259342.061,142.061,0.39,2.7,0.38,10.0,0.4,20.4,0.41,27.5,0.6,15.0,0.59,32.5,0.61,2.7,0.62,55.0,0.01,0.01,2330.220013,1776259340000
1776259342.651,142.651,0.37,14.88,0.36,110.0,0.39,22.0,0.4,22.0,0.6,53.9,0.59,27.5,0.62,24.33,0.63,34.5,0.02,0.02,2329.911569,1776259341000
1776259343.0,143.0,0.37,24.88,0.36,120.0,0.38,10.17,0.39,15.0,0.61,22.0,0.6,22.0,0.63,14.88,0.64,110.0,0.01,0.02,2329.664502,1776259342000
1776259343.266,143.266,0.41,25.0,0.4,40.0,0.42,3.45,0.43,10.0,0.59,10.0,0.58,21.0,0.63,19.88,0.64,120.0,0.01,0.04,2329.664502,1776259342000
1776259343.51,143.51,0.41,44.64,0.4,50.0,0.43,4.74,0.44,10.0,0.58,36.9,0.57,5.5,0.59,34.64,0.6,45.0,0.02,0.01,2329.664502,1776259342000
1776259343.728,143.728,0.43,40.5,0.42,20.5,0.44,14.74,0.45,32.0,0.56,4.74,0.55,30.0,0.59,37.94,0.6,50.0,0.01,0.03,2329.664502,1776259342000
1776259343.966,143.966,0.42,157.16,0.41,92.94,0.43,10.0,0.44,14.74,0.57,10.0,0.56,14.74,0.58,78.89,0.59,37.94,0.01,0.01,2329.664502,1776259342000
1776259344.173,144.173,0.42,88.77,0.41,92.94,0.44,14.74,0.45,25.0,0.57,10.0,0.56,14.74,0.58,157.16,0.59,92.94,0.02,0.01,2329.418689,1776259343000
1776259344.464,144.464,0.42,83.59,0.41,92.94,0.43,9.64,0.44,10.0,0.57,4.88,0.56,10.0,0.58,78.59,0.59,92.94,0.01,0.01,2329.418689,1776259343000
1776259344.709,144.709,0.42,68.09,0.41,70.0,0.43,2.15,0.44,20.0,0.57,9.64,0.56,10.0,0.58,83.59,0.59,92.94,0.01,0.01,2329.418689,1776259343000
1776259345.307,145.307,0.42,71.19,0.41,85.5,0.43,12.15,0.44,20.0,0.57,2.15,0.56,20.0,0.58,68.09,0.59,70.0,0.01,0.01,2329.539048,1776259344000
1776259351.914,151.914,0.46,25.92,0.45,125.99,0.49,5.0,0.5,5.0,0.57,12.15,0.56,20.0,0.58,71.19,0.59,85.5,0.03,0.01,2329.69904,1776259350000
1776259352.594,152.594,0.49,86.0,0.48,70.0,0.5,30.0,0.51,45.5,0.51,5.0,0.5,5.0,0.54,25.92,0.55,125.99,0.01,0.03,2329.7038,1776259351000
1776259355.48,155.48,0.49,103.74,0.48,92.5,0.5,5.0,0.51,15.0,0.5,30.0,0.49,45.5,0.51,86.0,0.52,70.0,0.01,0.01,2329.816,1776259354000
1776259355.682,155.682,0.5,5.0,0.49,113.74,0.51,10.0,0.52,5.0,0.5,5.0,0.49,15.0,0.51,103.74,0.52,92.5,0.01,0.01,2329.816,1776259354000
1776259355.891,155.891,0.54,77.65,0.53,70.0,0.55,10.0,0.56,25.5,0.46,50.37,0.45,10.0,0.48,26.06,0.49,35.0,0.01,0.02,2329.816,1776259354000
1776259356.545,156.545,0.55,80.0,0.54,81.19,0.56,30.66,0.57,75.0,0.44,17.81,0.43,70.0,0.46,76.19,0.47,75.0,0.01,0.02,2329.868085,1776259355000
1776259359.453,159.453,0.54,10.0,0.53,5.0,0.56,118.83,0.57,80.0,0.44,28.83,0.43,75.0,0.45,85.0,0.46,81.19,0.02,0.01,2329.94745,1776259358000
1776259359.767,159.767,0.52,45.95,0.51,70.0,0.54,65.5,0.55,40.5,0.45,25.5,0.44,128.83,0.47,5.0,0.48,70.21,0.02,0.02,2329.94745,1776259358000
1776259360.501,160.501,0.52,55.95,0.51,70.0,0.53,21.13,0.54,35.5,0.46,65.5,0.45,40.5,0.48,45.95,0.49,70.0,0.01,0.02,2329.95245,1776259359000
1776259361.479,161.479,0.51,70.0,0.5,75.0,0.53,21.13,0.54,30.5,0.47,21.13,0.46,35.5,0.48,55.95,0.49,70.0,0.02,0.01,2329.9523,1776259360000
1776259362.454,162.454,0.5,60.0,0.49,70.0,0.52,105.5,0.53,81.63,0.47,21.13,0.46,30.5,0.49,70.0,0.5,75.0,0.02,0.02,2329.917212,1776259361000
1776259363.299,163.299,0.46,7.81,0.45,5.0,0.47,210.5,0.48,45.5,0.48,105.5,0.47,81.63,0.5,60.0,0.51,70.0,0.01,0.02,2329.917212,1776259361000
1776259364.094,164.094,0.46,17.15,0.45,5.0,0.47,295.5,0.48,95.5,0.53,210.5,0.52,45.5,0.54,7.81,0.55,5.0,0.01,0.01,2329.89725,1776259363000
1776259364.431,164.431,0.45,1.68,0.44,5.0,0.47,305.5,0.48,95.5,0.53,305.5,0.52,95.5,0.54,9.53,0.55,5.0,0.02,0.01,2329.89725,1776259363000
1776259364.84,164.84,0.44,5.0,0.43,5.0,0.45,98.76,0.46,100.5,0.53,305.5,0.52,95.5,0.55,1.68,0.56,5.0,0.01,0.02,2329.89725,1776259363000
1776259365.762,165.762,0.44,1.83,0.43,60.0,0.45,53.76,0.46,100.5,0.55,98.76,0.54,100.5,0.56,5.0,0.57,5.0,0.01,0.01,2329.779604,1776259364000
1776259366.044,166.044,0.43,59.79,0.42,181.19,0.45,97.38,0.46,100.5,0.55,52.38,0.54,100.5,0.56,1.83,0.57,60.0,0.02,0.01,2329.779604,1776259364000
1776259369.547,169.547,0.41,55.0,0.4,80.0,0.44,295.5,0.45,97.88,0.55,97.38,0.54,100.5,0.57,59.79,0.58,181.19,0.03,0.02,2329.60975,1776259368000
1776259371.234,171.234,0.41,5.0,0.4,5.0,0.42,307.59,0.43,130.5,0.56,295.5,0.55,97.88,0.59,55.0,0.6,80.0,0.01,0.03,2329.614729,1776259370000
1776259373.329,173.329,0.37,5.0,0.36,60.0,0.39,260.5,0.4,129.5,0.58,307.59,0.57,130.5,0.59,5.0,0.6,5.0,0.02,0.01,2329.5911,1776259372000
1776259373.568,173.568,0.36,27.06,0.35,81.0,0.37,220.0,0.38,69.5,0.63,71.0,0.62,64.5,0.64,49.0,0.65,71.0,0.01,0.01,2329.5911,1776259372000
1776259374.105,174.105,0.35,47.83,0.34,75.0,0.37,260.0,0.38,119.5,0.63,220.0,0.62,69.5,0.64,27.06,0.65,81.0,0.02,0.01,2329.5911,1776259372000
1776259374.418,174.418,0.35,110.5,0.34,75.0,0.36,39.0,0.37,44.0,0.63,260.0,0.62,119.5,0.65,47.83,0.66,75.0,0.01,0.02,2329.51275,1776259373000
1776259375.52,175.52,0.32,111.36,0.31,190.0,0.34,47.0,0.35,27.87,0.61,100.0,0.6,65.0,0.65,115.5,0.66,75.0,0.02,0.04,2329.5,1776259374000
1776259376.228,176.228,0.32,8.17,0.31,190.0,0.33,107.0,0.34,119.5,0.66,47.0,0.65,27.87,0.68,111.36,0.69,190.0,0.01,0.02,2329.5,1776259374000
1776259376.461,176.461,0.31,40.0,0.3,30.0,0.33,289.5,0.34,119.5,0.67,107.0,0.66,119.5,0.68,8.17,0.69,190.0,0.02,0.01,2329.382617,1776259375000
1776259378.689,178.689,0.3,5.0,0.29,45.0,0.31,5.0,0.32,280.5,0.67,289.5,0.66,119.5,0.69,40.0,0.7,30.0,0.01,0.02,2329.346899,1776259377000
1776259380.224,180.224,0.29,110.5,0.28,90.5,0.3,15.0,0.31,48.0,0.69,54.0,0.68,100.0,0.71,100.0,0.72,90.5,0.01,0.02,2329.212817,1776259379000
1776259380.661,180.661,0.29,103.45,0.28,115.5,0.3,5.0,0.31,33.0,0.7,15.0,0.69,48.0,0.71,110.5,0.72,90.5,0.01,0.01,2329.212817,1776259379000
1776259382.552,182.552,0.33,10.0,0.32,71.0,0.35,267.37,0.36,85.5,0.65,12.87,0.64,5.0,0.7,12.0,0.71,146.45,0.02,0.05,2329.212142,1776259380000
1776259382.847,182.847,0.28,55.0,0.27,50.0,0.31,7.0,0.32,56.85,0.65,267.37,0.64,85.5,0.67,10.0,0.68,71.0,0.03,0.02,2329.212142,1776259380000
1776259383.699,183.699,0.24,245.0,0.23,85.0,0.25,6.0,0.26,70.5,0.69,7.0,0.68,56.85,0.72,55.0,0.73,50.0,0.01,0.03,2329.3391,1776259382000
1776259383.933,183.933,0.23,85.0,0.22,85.0,0.25,144.0,0.26,70.5,0.75,71.0,0.74,70.5,0.76,8.0,0.77,85.0,0.02,0.01,2329.3391,1776259382000
1776259384.33,184.33,0.23,10.0,0.22,35.0,0.24,203.91,0.25,57.0,0.76,8.13,0.75,212.0,0.77,35.0,0.78,85.0,0.01,0.01,2329.3391,1776259382000
1776259385.302,185.302,0.16,11.0,0.13,56.8,0.17,20.0,0.18,151.0,0.78,10.0,0.77,25.0,0.79,157.99,0.8,39.07,0.01,0.01,2329.133242,1776259384000
1776259385.569,185.569,0.16,1.11,0.14,5.0,0.17,195.0,0.18,41.5,0.83,25.0,0.82,56.5,0.84,5.04,0.87,25.0,0.01,0.01,2329.133242,1776259384000
1776259385.785,185.785,0.14,4.92,0.13,30.0,0.17,205.0,0.18,41.5,0.83,195.0,0.82,41.5,0.84,1.11,0.86,5.0,0.03,0.01,2329.133242,1776259384000
1776259385.99,185.99,0.14,4.92,0.13,30.0,0.15,166.11,0.16,10.0,0.83,205.0,0.82,41.5,0.86,4.92,0.87,30.0,0.01,0.03,2329.133242,1776259384000
1776259386.407,186.407,0.12,10.09,0.11,41.79,0.14,15.0,0.15,15.0,0.85,166.11,0.84,10.0,0.86,4.92,0.87,30.0,0.02,0.01,2328.92808,1776259385000
1776259386.841,186.841,0.11,10.26,0.1,98.4,0.12,10.0,0.13,10.0,0.87,5.0,0.83,40.21,0.89,11.53,0.9,98.4,0.01,0.02,2328.92808,1776259385000
1776259387.568,187.568,0.1,98.4,0.09,99.0,0.12,61.0,0.13,31.5,0.88,10.0,0.87,10.0,0.89,10.26,0.9,98.4,0.02,0.01,2328.525053,1776259386000
1776259388.465,188.465,0.11,5.0,0.1,78.5,0.12,14.22,0.13,10.0,0.88,61.0,0.87,31.5,0.9,98.4,0.91,99.0,0.01,0.02,2328.525053,1776259386000
1776259389.544,189.544,0.1,117.27,0.09,71.0,0.12,4.22,0.13,20.5,0.88,14.22,0.87,10.0,0.89,5.0,0.9,78.5,0.02,0.01,2328.176408,1776259388000
1776259390.548,190.548,0.1,93.83,0.09,76.0,0.11,10.0,0.12,24.72,0.88,4.22,0.87,20.5,0.9,117.27,0.91,71.0,0.01,0.02,2328.168205,1776259389000
1776259390.984,190.984,0.1,236.38,0.09,176.0,0.11,86.0,0.12,84.72,0.89,10.0,0.88,24.72,0.9,93.83,0.91,76.0,0.01,0.01,2328.168205,1776259389000
1776259391.632,191.632,0.1,161.0,0.09,192.69,0.11,108.5,0.12,89.72,0.89,86.0,0.88,84.72,0.9,236.38,0.91,176.0,0.01,0.01,2328.180246,1776259390000
1776259392.841,192.841,0.1,159.6,0.09,165.0,0.11,213.5,0.12,89.72,0.89,108.5,0.88,89.72,0.9,161.0,0.91,192.69,0.01,0.01,2328.105297,1776259391000
1776259393.195,193.195,0.1,152.92,0.09,165.0,0.11,218.5,0.12,79.72,0.89,213.5,0.88,89.72,0.9,158.48,0.91,165.0,0.01,0.01,2328.105297,1776259391000
1776259393.774,193.774,0.09,9.0,0.08,163.9,0.11,252.5,0.12,79.72,0.89,223.5,0.88,79.72,0.9,141.8,0.91,165.0,0.02,0.01,2328.094345,1776259392000
1776259394.114,194.114,0.09,14.72,0.08,189.59,0.1,85.0,0.11,132.5,0.89,252.5,0.88,79.72,0.91,9.0,0.92,163.9,0.01,0.02,2328.094345,1776259392000
1776259395.421,195.421,0.09,75.66,0.08,218.9,0.1,67.0,0.11,54.0,0.9,85.0,0.89,132.5,0.91,14.72,0.92,189.59,0.01,0.01,2327.982062,1776259394000
1776259396.004,196.004,0.09,80.16,0.08,195.0,0.1,67.0,0.11,54.0,0.9,67.0,0.89,54.0,0.91,68.3,0.92,170.0,0.01,0.01,2327.982062,1776259394000
1776259396.349,196.349,0.09,177.16,0.08,262.5,0.1,29.0,0.11,5.0,0.9,67.0,0.89,54.0,0.91,80.16,0.92,195.0,0.01,0.01,2327.982062,1776259394000
1776259396.799,196.799,0.1,136.0,0.09,117.16,0.14,80.4,0.15,85.5,0.89,5.0,0.88,5.0,0.91,177.16,0.92,287.5,0.04,0.02,2327.989654,1776259395000
1776259397.154,197.154,0.11,62.25,0.1,103.5,0.12,10.0,0.13,25.5,0.86,80.4,0.85,85.5,0.9,136.0,0.91,117.16,0.01,0.04,2327.989654,1776259395000
1776259397.953,197.953,0.12,14.0,0.11,172.75,0.14,19.9,0.15,85.5,0.88,10.0,0.87,25.5,0.89,62.25,0.9,103.5,0.02,0.01,2327.992326,1776259396000
1776259400.024,200.024,0.13,103.0,0.12,89.5,0.14,7.76,0.15,25.5,0.86,19.9,0.85,85.5,0.88,14.0,0.89,172.75,0.01,0.02,2328.227649,1776259398000
1776259402.708,202.708,0.13,43.0,0.12,121.5,0.14,7.76,0.15,10.0,0.86,7.76,0.85,25.5,0.87,103.0,0.88,89.5,0.01,0.01,2328.331703,1776259400000
1776259403.22,203.22,0.17,32.0,0.16,65.0,0.18,25.0,0.19,25.0,0.85,10.0,0.84,10.0,0.86,13.24,0.87,70.0,0.01,0.01,2328.369836,1776259402000
1776259403.667,203.667,0.17,60.0,0.16,75.5,0.18,30.0,0.19,50.5,0.82,25.0,0.81,25.0,0.83,32.0,0.84,65.0,0.01,0.01,2328.369836,1776259402000
1776259403.996,203.996,0.15,29.07,0.14,88.74,0.18,30.0,0.19,40.0,0.82,30.0,0.81,40.0,0.83,86.15,0.84,75.5,0.03,0.01,2328.369836,1776259402000
1776259404.491,204.491,0.17,18.79,0.16,20.5,0.18,10.0,0.19,75.5,0.82,30.0,0.81,40.0,0.85,29.07,0.86,88.74,0.01,0.03,2328.420644,1776259403000
1776259405.161,205.161,0.17,28.79,0.16,15.0,0.18,13.62,0.19,70.5,0.82,10.0,0.81,75.5,0.83,18.79,0.84,20.5,0.01,0.01,2328.420644,1776259403000
1776259405.942,205.942,0.17,12.79,0.16,15.0,0.18,10.0,0.19,70.5,0.82,13.62,0.81,70.5,0.83,23.79,0.84,15.0,0.01,0.01,2328.601252,1776259404000
1776259406.516,206.516,0.17,6.79,0.16,15.0,0.18,10.0,0.19,55.0,0.82,10.0,0.81,60.0,0.83,6.79,0.84,15.0,0.01,0.01,2328.601252,1776259404000
1776259410.086,210.086,0.16,20.5,0.15,75.5,0.18,15.0,0.19,125.5,0.82,10.0,0.81,55.0,0.83,6.79,0.84,15.0,0.02,0.01,2328.63285,1776259408000
1776259410.51,210.51,0.17,9.39,0.16,25.5,0.18,15.0,0.19,125.5,0.82,15.0,0.81,125.5,0.84,20.5,0.85,75.5,0.01,0.02,2328.63285,1776259408000
1776259411.322,211.322,0.17,5.72,0.16,10.0,0.18,85.5,0.19,125.5,0.82,15.0,0.81,125.5,0.83,9.39,0.84,25.5,0.01,0.01,2328.63285,1776259408000
1776259411.776,211.776,0.16,10.0,0.15,45.5,0.17,54.11,0.18,75.5,0.82,85.5,0.81,125.5,0.85,35.5,0.86,88.74,0.01,0.03,2328.63285,1776259408000
1776259412.011,212.011,0.16,16.65,0.15,35.5,0.17,69.11,0.18,75.5,0.83,69.11,0.82,75.5,0.84,8.8,0.85,35.5,0.01,0.01,2328.63285,1776259408000
1776259412.895,212.895,0.16,2.16,0.15,20.0,0.17,19.11,0.18,75.5,0.83,69.11,0.82,75.5,0.84,16.65,0.85,35.5,0.01,0.01,2328.664899,1776259411000
1776259413.113,213.113,0.16,0.96,0.15,20.0,0.17,69.11,0.18,75.5,0.83,19.11,0.82,75.5,0.84,2.16,0.85,20.0,0.01,0.01,2328.664899,1776259411000
1776259413.658,213.658,0.16,7.97,0.15,10.0,0.17,70.0,0.18,75.5,0.83,149.11,0.82,75.5,0.85,10.0,0.86,23.24,0.01,0.02,2328.638395,1776259412000
1776259414.425,214.425,0.16,17.27,0.15,25.5,0.18,5.0,0.19,110.0,0.83,75.0,0.82,75.5,0.84,6.77,0.85,20.5,0.02,0.01,2328.638395,1776259413000
1776259414.979,214.979,0.16,13.89,0.15,75.5,0.18,5.0,0.19,50.0,0.82,5.0,0.81,100.0,0.84,20.92,0.85,75.5,0.02,0.02,2328.638395,1776259413000
1776259415.367,215.367,0.17,15.0,0.16,60.46,0.19,45.0,0.2,60.0,0.81,50.0,0.8,65.0,0.83,5.0,0.84,5.46,0.02,0.02,2328.638395,1776259413000
1776259415.71,215.71,0.17,47.0,0.16,60.46,0.22,90.0,0.23,20.0,0.81,45.0,0.8,60.0,0.83,10.0,0.84,60.46,0.05,0.02,2328.57,1776259414000
1776259416.03,216.03,0.18,13.8,0.17,52.0,0.22,80.0,0.23,20.0,0.78,90.0,0.77,20.0,0.83,57.0,0.84,60.46,0.04,0.05,2328.57,1776259414000
1776259416.708,216.708,0.21,112.15,0.2,20.05,0.23,20.0,0.24,10.0,0.78,5.0,0.77,20.0,0.82,25.0,0.83,62.0,0.02,0.04,2328.667885,1776259415000
1776259417.769,217.769,0.23,25.6,0.22,58.07,0.25,50.0,0.26,35.0,0.77,20.0,0.76,10.0,0.78,10.0,0.79,112.15,0.02,0.01,2328.78195,1776259416000
1776259418.485,218.485,0.24,88.92,0.23,75.6,0.25,55.0,0.26,35.0,0.75,50.0,0.74,35.0,0.77,25.6,0.78,58.07,0.01,0.02,2328.78195,1776259416000
1776259420.381,220.381,0.26,85.81,0.25,47.5,0.27,8.0,0.28,5.0,0.75,55.0,0.74,35.0,0.76,88.92,0.77,75.6,0.01,0.01,2329.12,1776259418000
1776259421.215,221.215,0.33,10.0,0.32,20.0,0.35,0.78,0.36,30.0,0.71,5.0,0.7,5.0,0.73,36.5,0.74,85.81,0.02,0.02,2329.12,1776259418000
1776259422.053,222.053,0.36,20.0,0.35,25.0,0.37,3.83,0.39,50.0,0.63,15.0,0.62,40.0,0.65,15.0,0.66,15.0,0.01,0.02,2329.3401,1776259420000
1776259423.07,223.07,0.33,5.0,0.32,15.0,0.34,13.91,0.35,15.0,0.59,75.0,0.57,30.0,0.64,30.0,0.65,25.0,0.01,0.05,2329.34594,1776259421000
1776259423.352,223.352,0.33,5.0,0.32,10.0,0.34,0.8,0.35,21.76,0.65,10.76,0.64,15.0,0.67,5.0,0.68,15.0,0.01,0.02,2329.34594,1776259421000
1776259423.554,223.554,0.29,5.95,0.28,15.0,0.32,20.0,0.33,10.0,0.66,15.8,0.65,21.76,0.71,10.0,0.72,15.0,0.03,0.05,2329.34594,1776259421000
1776259425.245,225.245,0.33,0.07,0.32,20.0,0.34,5.0,0.35,6.0,0.68,20.0,0.67,10.0,0.71,5.95,0.72,15.0,0.01,0.03,2329.4485,1776259423000
1776259425.821,225.821,0.34,9.0,0.33,25.57,0.36,21.0,0.37,10.0,0.64,10.0,0.63,10.0,0.66,10.0,0.67,20.57,0.02,0.02,2329.420157,1776259424000
1776259426.483,226.483,0.35,15.0,0.34,21.0,0.38,11.21,0.39,15.0,0.63,10.0,0.62,10.0,0.66,20.0,0.67,36.57,0.03,0.03,2329.420157,1776259424000
1776259426.899,226.899,0.35,10.0,0.34,31.0,0.36,5.0,0.37,9.59,0.63,4.59,0.62,10.0,0.64,5.0,0.65,15.0,0.01,0.01,2329.52553,1776259425000
1776259427.86,227.86,0.26,123.0,0.25,15.0,0.27,0.07,0.28,10.0,0.64,5.0,0.63,9.59,0.65,10.0,0.66,31.0,0.01,0.01,2329.56992,1776259426000
1776259428.419,228.419,0.27,13.01,0.26,128.0,0.3,27.7,0.31,27.0,0.72,10.0,0.71,54.0,0.73,8.01,0.74,128.0,0.03,0.01,2329.585416,1776259427000
1776259428.67,228.67,0.3,13.57,0.29,20.0,0.31,15.5,0.32,20.5,0.67,10.8,0.66,36.5,0.71,10.0,0.72,15.0,0.01,0.04,2329.585416,1776259427000
1776259429.613,229.613,0.15,25.5,0.14,25.0,0.19,52.5,0.2,30.5,0.69,15.5,0.68,20.5,0.7,13.57,0.71,20.0,0.04,0.01,2329.585416,1776259427000
1776259429.828,229.828,0.15,25.55,0.14,47.71,0.16,15.0,0.17,30.5,0.84,10.0,0.83,10.0,0.85,9.0,0.86,25.0,0.01,0.01,2329.39572,1776259428000
1776259430.057,230.057,0.15,22.48,0.14,56.71,0.16,54.25,0.17,70.5,0.84,54.25,0.83,70.5,0.85,26.73,0.86,56.71,0.01,0.01,2329.39572,1776259428000
1776259430.747,230.747,0.16,15.0,0.15,21.73,0.17,58.79,0.18,75.5,0.83,70.5,0.82,75.5,0.85,22.48,0.86,56.71,0.01,0.02,2329.291867,1776259429000
1776259431.245,231.245,0.16,9.05,0.15,26.73,0.17,91.79,0.18,75.5,0.83,58.79,0.82,75.5,0.84,15.0,0.85,21.73,0.01,0.01,2329.267295,1776259430000
1776259432.871,232.871,0.16,42.28,0.15,32.23,0.17,11.0,0.18,50.0,0.83,91.79,0.82,75.5,0.84,9.05,0.85,26.73,0.01,0.01,2328.89634,1776259431000
1776259433.463,233.463,0.16,37.28,0.15,32.23,0.17,3.13,0.18,55.0,0.83,11.0,0.82,50.0,0.84,42.28,0.85,32.23,0.01,0.01,2328.857876,1776259432000
1776259434.513,234.513,0.16,27.28,0.15,37.23,0.17,53.13,0.18,50.0,0.83,3.13,0.82,55.0,0.84,37.28,0.85,32.23,0.01,0.01,2328.857876,1776259432000
1776259435.52,235.52,0.16,19.78,0.15,37.23,0.17,53.13,0.18,55.0,0.83,53.13,0.82,50.0,0.84,27.28,0.85,37.23,0.01,0.01,2328.885487,1776259434000
1776259436.712,236.712,0.16,39.89,0.15,30.5,0.17,3.13,0.18,65.5,0.83,53.13,0.82,55.0,0.84,19.78,0.85,37.23,0.01,0.01,2328.884766,1776259435000
1776259437.568,237.568,0.16,26.79,0.15,80.5,0.17,3.13,0.18,5.0,0.83,3.13,0.82,65.5,0.84,39.89,0.85,30.5,0.01,0.01,2328.884434,1776259436000
1776259437.81,237.81,0.15,84.41,0.14,75.5,0.17,3.13,0.18,5.0,0.83,3.13,0.82,5.0,0.84,26.79,0.85,80.5,0.02,0.01,2328.884434,1776259436000
1776259438.336,238.336,0.16,5.5,0.15,84.41,0.17,3.13,0.18,15.5,0.83,3.13,0.82,5.0,0.85,84.41,0.86,75.5,0.01,0.02,2328.884434,1776259436000
1776259440.589,240.589,0.14,9.47,0.13,21.0,0.15,109.0,0.16,75.0,0.83,3.13,0.82,15.5,0.84,5.5,0.85,84.41,0.01,0.01,2328.980516,1776259439000
1776259440.909,240.909,0.14,10.86,0.13,21.0,0.15,15.0,0.16,75.0,0.85,37.33,0.84,75.0,0.86,9.47,0.87,21.0,0.01,0.01,2328.980516,1776259439000
1776259442.142,242.142,0.13,0.76,0.12,30.0,0.14,20.0,0.15,20.0,0.85,15.0,0.84,75.0,0.86,2.21,0.87,11.1,0.01,0.01,2328.894,1776259441000
1776259442.857,242.857,0.12,22.72,0.11,94.0,0.14,35.0,0.15,70.0,0.86,20.0,0.85,20.0,0.87,0.76,0.88,30.0,0.02,0.01,2328.894,1776259441000
1776259444.11,244.11,0.13,10.0,0.12,27.72,0.14,17.85,0.15,20.0,0.86,35.0,0.85,70.0,0.88,22.72,0.89,94.0,0.01,0.02,2328.866393,1776259442000
1776259444.317,244.317,0.13,9.0,0.12,27.72,0.14,27.85,0.15,15.0,0.86,17.85,0.85,20.0,0.87,10.0,0.88,27.72,0.01,0.01,2328.88,1776259443000
1776259445.673,245.673,0.12,12.42,0.11,75.0,0.14,32.85,0.15,20.0,0.86,27.85,0.85,15.0,0.87,9.0,0.88,27.72,0.02,0.01,2328.850685,1776259444000
1776259446.403,246.403,0.13,5.0,0.12,73.41,0.14,13.56,0.15,15.0,0.86,27.85,0.85,70.0,0.88,9.06,0.89,40.0,0.01,0.02,2328.84102,1776259445000
1776259449.652,249.652,0.14,12.44,0.13,5.0,0.15,20.0,0.16,89.0,0.85,1.0,0.84,29.0,0.86,27.44,0.87,55.0,0.01,0.01,2328.92,1776259448000
1776259451.742,251.742,0.09,210.86,0.08,105.0,0.1,121.71,0.11,100.0,0.85,20.0,0.84,89.0,0.86,12.44,0.87,5.0,0.01,0.01,2329.0,1776259449000
1776259453.726,253.726,0.08,105.0,0.07,155.0,0.1,181.71,0.11,95.0,0.9,121.71,0.89,100.0,0.91,210.86,0.92,105.0,0.02,0.01,2328.967812,1776259452000
1776259454.123,254.123,0.08,2.93,0.07,155.0,0.09,195.0,0.1,71.71,0.9,181.71,0.89,95.0,0.92,105.0,0.93,155.0,0.01,0.02,2328.967812,1776259452000
1776259454.745,254.745,0.07,152.52,0.06,220.0,0.09,195.0,0.1,76.71,0.91,195.0,0.9,71.71,0.92,2.93,0.93,155.0,0.02,0.01,2328.807769,1776259453000
1776259455.529,255.529,0.07,139.57,0.06,220.0,0.08,179.12,0.09,90.0,0.92,134.12,0.91,85.0,0.93,141.94,0.94,220.0,0.01,0.01,2328.756975,1776259454000
1776259456.685,256.685,0.06,190.15,0.05,167.8,0.08,184.12,0.09,95.0,0.92,179.12,0.91,90.0,0.93,139.57,0.94,220.0,0.02,0.01,2328.756975,1776259455000
1776259457.396,257.396,0.06,51.66,0.05,55.0,0.07,135.0,0.08,84.12,0.92,184.12,0.91,95.0,0.94,190.15,0.95,167.8,0.01,0.02,2328.756975,1776259455000
1776259457.943,257.943,0.06,46.34,0.05,55.0,0.07,190.0,0.08,84.12,0.93,135.0,0.92,84.12,0.94,51.66,0.95,55.0,0.01,0.01,2328.85748,1776259456000
1776259458.163,258.163,0.06,27.44,0.05,55.0,0.07,185.0,0.08,84.12,0.93,190.0,0.92,84.12,0.94,46.34,0.95,55.0,0.01,0.01,2328.85748,1776259456000
1776259458.876,258.876,0.06,1.37,0.05,155.0,0.07,195.0,0.08,84.12,0.93,185.0,0.92,84.12,0.94,27.44,0.95,55.0,0.01,0.01,2328.761013,1776259457000
1776259459.137,259.137,0.05,147.95,0.04,548.79,0.07,193.82,0.08,84.12,0.93,232.82,0.92,84.12,0.94,1.37,0.95,155.0,0.02,0.01,2328.761013,1776259457000
1776259460.005,260.005,0.04,169.73,0.03,737.69,0.06,239.0,0.07,78.82,0.93,193.82,0.92,84.12,0.95,157.88,0.96,548.79,0.02,0.02,2328.740024,1776259458000
1776259460.701,260.701,0.04,184.77,0.03,693.69,0.05,206.0,0.06,124.0,0.94,239.0,0.93,78.82,0.96,169.73,0.97,737.69,0.01,0.02,2328.736545,1776259459000
1776259461.059,261.059,0.04,159.42,0.03,361.7,0.05,215.0,0.06,117.0,0.95,206.0,0.94,124.0,0.96,184.77,0.97,693.69,0.01,0.01,2328.736545,1776259460000
1776259461.993,261.993,0.04,4.21,0.03,88.0,0.05,225.0,0.06,117.0,0.95,215.0,0.94,117.0,0.96,159.42,0.97,361.7,0.01,0.01,2328.736545,1776259460000
1776259462.36,262.36,0.04,4.21,0.03,88.0,0.05,223.71,0.06,180.8,0.95,225.0,0.94,117.0,0.96,4.21,0.97,88.0,0.01,0.01,2328.731785,1776259461000
1776259462.936,262.936,0.03,83.0,0.02,932.69,0.04,25.0,0.05,184.51,0.95,223.71,0.94,180.8,0.96,4.21,0.97,88.0,0.01,0.01,2328.731785,1776259461000
1776259463.64,263.64,0.03,81.45,0.02,505.99,0.04,173.7,0.05,207.51,0.96,25.0,0.95,184.51,0.97,83.0,0.98,932.69,0.01,0.01,2328.504418,1776259462000
1776259464.376,264.376,0.03,108.91,0.02,503.99,0.04,173.7,0.05,207.51,0.96,173.7,0.95,207.51,0.97,109.95,0.98,505.99,0.01,0.01,2328.49745,1776259463000
1776259464.689,264.689,0.03,103.75,0.02,490.99,0.04,168.7,0.05,207.51,0.96,173.7,0.95,207.51,0.97,108.91,0.98,503.99,0.01,0.01,2328.49745,1776259463000
1776259465.032,265.032,0.03,103.75,0.02,392.0,0.04,128.7,0.05,207.51,0.96,168.7,0.95,207.51,0.97,103.75,0.98,490.99,0.01,0.01,2328.49745,1776259463000
1776259465.365,265.365,0.03,77.97,0.02,392.0,0.04,128.7,0.05,202.51,0.96,128.7,0.95,202.51,0.97,103.59,0.98,392.0,0.01,0.01,2328.49745,1776259463000
1776259466.184,266.184,0.02,6.92,0.01,8162.82,0.03,83.83,0.04,143.7,0.96,128.7,0.95,202.51,0.98,106.92,0.99,7961.13,0.01,0.02,2328.47235,1776259465000
1776259466.535,266.535,0.02,52.31,0.01,8162.82,0.03,85.01,0.04,143.7,0.97,83.83,0.96,143.7,0.98,6.92,0.99,8162.82,0.01,0.01,2328.47235,1776259465000
1776259467.323,267.323,0.01,8260.56,,,0.02,78.23,0.03,85.01,0.97,90.01,0.96,143.7,0.99,8159.56,,,0.01,0.02,2328.47235,1776259465000
1776259467.638,267.638,0.01,8094.54,,,0.02,68.23,0.03,75.01,0.98,88.23,0.97,85.01,0.99,7993.54,,,0.01,0.01,2328.4822,1776259466000
1776259467.939,267.939,0.01,8079.48,,,0.02,56.51,0.03,70.01,0.98,56.51,0.97,75.01,0.99,8079.54,,,0.01,0.01,2328.4822,1776259466000
1776259468.899,268.899,0.01,8023.57,,,0.02,46.7,0.03,16.18,0.98,56.51,0.97,70.01,0.99,7983.57,,,0.01,0.01,2328.4823,1776259467000
1776259469.85,269.85,0.01,7844.57,,,0.02,52.82,0.03,15.0,0.98,46.7,0.97,16.18,0.99,8023.57,,,0.01,0.01,2328.479995,1776259468000
1776259470.183,270.183,0.01,7539.51,,,0.02,52.82,0.03,15.0,0.98,52.82,0.97,15.0,0.99,7844.57,,,0.01,0.01,2328.49,1776259469000
1776259471.464,271.464,0.01,7529.45,,,0.02,62.82,0.03,15.0,0.98,52.82,0.97,15.0,0.99,7539.51,,,0.01,0.01,2328.5083,1776259470000
1776259471.688,271.688,0.01,7528.37,,,0.02,62.82,0.03,15.0,0.98,62.82,0.97,15.0,0.99,7528.43,,,0.01,0.01,2328.5083,1776259470000
1776259472.058,272.058,0.01,7487.97,,,0.02,57.58,0.03,15.0,0.98,57.58,0.97,15.0,0.99,7528.37,,,0.01,0.01,2328.5083,1776259470000
1776259472.881,272.881,0.01,7389.97,,,0.02,57.7,0.03,15.0,0.98,57.58,0.97,15.0,0.99,7487.97,,,0.01,0.01,2328.51795,1776259471000
1776259473.552,273.552,0.01,7354.92,,,0.02,67.7,0.03,15.0,0.98,57.7,0.97,15.0,0.99,7389.97,,,0.01,0.01,2328.51295,1776259472000
1776259474.961,274.961,0.01,2250.81,,,0.02,72.7,0.03,138.7,0.98,67.7,0.97,15.0,0.99,7326.81,,,0.01,0.01,2328.576566,1776259473000
1776259475.38,275.38,0.01,1776.21,,,0.02,67.7,0.03,15.0,0.98,72.7,0.97,138.7,0.99,2248.81,,,0.01,0.01,2328.576566,1776259473000
1776259476.287,276.287,0.01,1927.22,,,0.02,62.7,0.03,15.0,0.98,67.7,0.97,15.0,0.99,1776.21,,,0.01,0.01,2328.4981,1776259474000
1776259477.762,277.762,0.01,1759.89,,,0.02,67.7,0.03,15.0,0.98,62.7,0.97,15.0,0.99,1927.22,,,0.01,0.01,2328.4879,1776259476000
1776259478.381,278.381,0.01,1658.87,,,0.02,67.7,0.03,20.0,0.98,67.7,0.97,15.0,0.99,1759.89,,,0.01,0.01,2328.459649,1776259477000
1776259479.526,279.526,0.01,1548.87,,,0.02,75.23,0.03,20.0,0.98,67.7,0.97,20.0,0.99,1658.87,,,0.01,0.01,2328.438918,1776259478000
1776259480.842,280.842,0.01,1442.87,,,0.02,80.23,0.03,15.0,0.98,75.23,0.97,20.0,0.99,1548.87,,,0.01,0.01,2328.432662,1776259479000
1776259483.609,283.609,0.01,1063.87,,,0.02,248.16,0.03,15.0,0.98,75.23,0.97,15.0,0.99,1001.87,,,0.01,0.01,2328.420515,1776259481000
1776259485.132,285.132,,,,,0.01,479.03,0.02,70.23,0.99,602.31,0.98,243.16,,,,,,,2328.39,1776259483000
1776259486.818,286.818,,,,,0.01,285.03,0.02,60.23,0.99,479.03,0.98,70.23,,,,,,,2328.31,1776259484000
1776259488.014,288.014,,,,,0.01,316.78,0.02,55.23,0.99,320.07,0.98,55.23,,,,,,,2328.4577,1776259486000
1776259488.91,288.91,,,,,0.01,126.88,0.02,55.23,0.99,316.78,0.98,55.23,,,,,,,2328.483749,1776259487000
1776259500.476,300.476,,,,,0.01,40718.3,0.02,128.15,0.99,126.88,0.98,55.23,,,,,,,2328.708994,1776259498000

# RESULT,winner=Down,slug=eth-updown-5m-1776259200,ticks=325
