timestamp,elapsed_sec,up_bid_p1,up_bid_s1,up_bid_p2,up_bid_s2,up_ask_p1,up_ask_s1,up_ask_p2,up_ask_s2,down_bid_p1,down_bid_s1,down_bid_p2,down_bid_s2,down_ask_p1,down_ask_s1,down_ask_p2,down_ask_s2,up_spread,down_spread,eth_price,eth_oracle_ts
1776368400.952,0.952,0.4,8.97,0.39,34.0,0.44,0.61,0.45,252.13,0.56,0.61,0.55,252.13,0.6,5.0,0.61,34.0,0.04,0.04,2352.991678,1776368399000
1776368401.152,1.152,0.44,68.21,0.4,8.97,0.47,15.09,0.48,190.92,0.53,15.09,0.52,190.92,0.56,68.21,0.6,8.97,0.03,0.03,2352.991678,1776368399000
1776368401.67,1.67,0.46,159.86,0.44,68.21,0.48,101.5,0.49,381.0,0.52,101.5,0.51,381.0,0.56,68.21,0.6,8.97,0.02,0.04,2353.053036,1776368400000
1776368402.012,2.012,0.47,23.0,0.46,159.86,0.48,99.2,0.49,381.0,0.52,101.5,0.51,381.0,0.54,159.86,0.56,68.21,0.01,0.02,2353.053036,1776368400000
1776368402.254,2.254,0.47,126.81,0.46,159.86,0.48,92.13,0.49,381.0,0.52,99.2,0.51,381.0,0.53,23.0,0.54,159.86,0.01,0.01,2353.046081,1776368401000
1776368402.557,2.557,0.47,111.52,0.46,159.86,0.48,87.13,0.49,381.0,0.52,92.13,0.51,381.0,0.53,111.52,0.54,159.86,0.01,0.01,2353.046081,1776368401000
1776368402.778,2.778,0.46,100.98,0.45,13.0,0.48,78.69,0.49,381.0,0.52,82.13,0.51,381.0,0.54,77.98,0.56,68.21,0.02,0.02,2353.046081,1776368401000
1776368403.028,3.028,0.46,91.98,0.45,13.0,0.48,80.31,0.49,381.0,0.52,80.31,0.51,381.0,0.53,1.0,0.54,102.98,0.02,0.01,2353.046081,1776368401000
1776368403.35,3.35,0.46,66.98,0.45,78.0,0.48,75.83,0.49,381.0,0.52,80.31,0.51,381.0,0.53,4.0,0.54,91.98,0.02,0.01,2353.046081,1776368401000
1776368403.959,3.959,0.47,36.79,0.46,130.98,0.48,69.4,0.49,381.0,0.52,69.4,0.51,381.0,0.54,116.98,0.55,78.0,0.01,0.02,2353.210258,1776368402000
1776368405.008,5.008,0.46,70.39,0.45,40.0,0.48,75.29,0.49,381.0,0.52,69.4,0.51,381.0,0.53,24.5,0.54,130.98,0.02,0.01,2353.216506,1776368403000
1776368405.454,5.454,0.46,95.66,0.45,10.0,0.47,2.0,0.48,80.29,0.52,75.29,0.51,381.0,0.54,70.39,0.55,40.0,0.01,0.02,2353.232695,1776368404000
1776368405.819,5.819,0.46,105.0,0.45,10.0,0.47,31.2,0.48,90.29,0.53,17.0,0.52,80.29,0.56,115.0,0.57,165.0,0.01,0.03,2353.232695,1776368404000
1776368406.262,6.262,0.45,9.95,0.44,20.0,0.46,180.73,0.47,22.0,0.53,31.2,0.52,90.29,0.56,14.9,0.57,35.0,0.01,0.03,2353.232695,1776368404000
1776368406.555,6.555,0.44,22.85,0.43,27.0,0.45,74.02,0.46,180.73,0.54,185.73,0.53,22.0,0.57,10.0,0.58,25.0,0.01,0.03,2353.231962,1776368405000
1776368406.837,6.837,0.44,26.06,0.43,22.0,0.45,79.02,0.46,190.73,0.55,74.02,0.54,180.73,0.56,22.85,0.57,27.0,0.01,0.01,2353.231962,1776368405000
1776368407.367,7.367,0.44,11.07,0.43,32.0,0.45,89.02,0.46,185.73,0.55,79.02,0.54,190.73,0.56,26.06,0.57,22.0,0.01,0.01,2353.196214,1776368406000
1776368407.955,7.955,0.43,37.0,0.42,22.0,0.44,0.11,0.45,84.02,0.55,89.02,0.54,185.73,0.56,2.14,0.57,32.0,0.01,0.01,2353.196214,1776368406000
1776368408.268,8.268,0.43,10.0,0.42,22.0,0.44,0.11,0.45,74.02,0.56,0.11,0.55,74.02,0.58,22.0,0.59,40.0,0.01,0.02,2353.196214,1776368406000
1776368408.692,8.692,0.43,28.95,0.42,22.0,0.44,0.11,0.45,69.02,0.56,0.11,0.55,74.02,0.57,10.0,0.58,22.0,0.01,0.01,2353.196214,1776368406000
1776368408.927,8.927,0.45,15.0,0.44,10.0,0.46,163.99,0.47,12.0,0.54,164.09,0.53,12.0,0.55,10.0,0.56,10.0,0.01,0.01,2353.196214,1776368406000
1776368409.472,9.472,0.45,137.0,0.44,47.0,0.46,109.68,0.47,10.0,0.54,159.68,0.53,12.0,0.55,15.0,0.56,10.0,0.01,0.01,2352.926491,1776368407000
1776368409.825,9.825,0.45,127.5,0.44,47.0,0.46,41.92,0.47,10.0,0.54,106.72,0.53,10.0,0.55,152.0,0.56,47.0,0.01,0.01,2352.882054,1776368408000
1776368410.221,10.221,0.45,157.5,0.44,52.0,0.46,14.45,0.47,10.0,0.54,41.92,0.53,10.0,0.55,127.5,0.56,47.0,0.01,0.01,2352.831498,1776368409000
1776368411.003,11.003,0.45,137.5,0.44,77.0,0.46,2.27,0.48,83.3,0.54,14.45,0.53,10.0,0.55,157.5,0.56,52.0,0.01,0.01,2352.831498,1776368409000
1776368412.197,12.197,0.47,108.5,0.46,170.56,0.48,34.8,0.49,381.0,0.52,33.39,0.51,381.0,0.55,137.5,0.56,77.0,0.01,0.03,2353.260517,1776368410000
1776368412.778,12.778,0.47,108.5,0.46,170.56,0.48,29.8,0.49,381.0,0.52,34.8,0.51,381.0,0.53,108.5,0.54,170.56,0.01,0.01,2353.358757,1776368411000
1776368413.313,13.313,0.47,98.5,0.46,165.56,0.48,26.67,0.49,381.0,0.52,29.8,0.51,381.0,0.53,108.5,0.54,170.56,0.01,0.01,2353.447368,1776368412000
1776368413.819,13.819,0.47,28.0,0.46,62.5,0.48,77.17,0.49,401.5,0.52,26.67,0.51,381.0,0.53,98.5,0.54,165.56,0.01,0.01,2353.447368,1776368412000
1776368414.133,14.133,0.46,53.91,0.45,62.5,0.47,10.5,0.48,32.17,0.52,32.17,0.51,401.5,0.53,5.0,0.54,79.0,0.01,0.01,2353.447368,1776368412000
1776368414.519,14.519,0.46,44.77,0.45,37.5,0.47,5.4,0.48,27.17,0.53,15.5,0.52,27.17,0.54,30.77,0.55,37.5,0.01,0.01,2353.542819,1776368413000
1776368414.757,14.757,0.47,40.5,0.46,44.27,0.48,19.58,0.49,401.5,0.53,5.4,0.52,27.17,0.54,44.77,0.55,37.5,0.01,0.01,2353.542819,1776368413000
1776368415.079,15.079,0.47,30.0,0.46,44.27,0.48,14.37,0.49,401.5,0.52,19.58,0.51,401.5,0.53,40.5,0.54,44.27,0.01,0.01,2353.542819,1776368413000
1776368416.332,16.332,0.47,24.45,0.46,27.0,0.48,44.87,0.49,401.5,0.52,14.37,0.51,401.5,0.53,30.0,0.54,44.27,0.01,0.01,2353.549196,1776368414000
1776368417.249,17.249,0.47,17.0,0.46,27.0,0.48,54.77,0.49,401.5,0.52,44.87,0.51,401.5,0.53,24.45,0.54,27.0,0.01,0.01,2353.366377,1776368416000
1776368418.9,18.9,0.47,55.5,0.46,50.5,0.48,16.97,0.49,381.0,0.52,54.77,0.51,401.5,0.53,17.0,0.54,27.0,0.01,0.01,2353.30279,1776368417000
1776368419.208,19.208,0.48,55.5,0.47,65.5,0.49,370.54,0.5,78.0,0.51,377.97,0.5,78.0,0.53,55.5,0.54,75.5,0.01,0.02,2353.294087,1776368418000
1776368419.815,19.815,0.48,73.5,0.47,140.5,0.49,368.49,0.5,78.0,0.51,370.54,0.5,78.0,0.52,55.5,0.53,65.5,0.01,0.01,2353.294087,1776368418000
1776368420.482,20.482,0.48,41.91,0.47,125.5,0.49,313.04,0.5,88.5,0.51,353.77,0.5,78.0,0.52,57.91,0.53,140.5,0.01,0.01,2353.294087,1776368418000
1776368422.708,22.708,0.47,20.46,0.46,15.0,0.49,330.04,0.5,98.5,0.51,313.04,0.5,88.5,0.52,41.91,0.53,125.5,0.02,0.01,2353.516212,1776368421000
1776368423.582,23.582,0.47,25.46,0.46,25.0,0.48,40.16,0.49,333.04,0.51,330.04,0.5,98.5,0.53,20.46,0.54,15.0,0.01,0.02,2353.547446,1776368422000
1776368427.428,27.428,0.47,3.57,0.46,5.0,0.48,86.26,0.49,323.04,0.52,51.81,0.51,333.04,0.53,25.46,0.54,35.5,0.01,0.01,2353.354458,1776368426000
1776368428.456,28.456,0.41,70.97,0.4,55.5,0.43,22.0,0.44,20.5,0.53,15.0,0.52,85.26,0.55,5.0,0.56,5.0,0.02,0.02,2353.309607,1776368427000
1776368429.265,29.265,0.41,15.71,0.4,25.5,0.43,20.0,0.44,20.5,0.57,22.0,0.56,20.5,0.58,6.66,0.59,54.97,0.02,0.01,2353.268816,1776368428000
1776368429.925,29.925,0.42,4.82,0.41,15.0,0.43,27.5,0.44,10.5,0.57,20.0,0.56,20.5,0.59,15.71,0.6,25.5,0.01,0.02,2353.268816,1776368428000
1776368430.336,30.336,0.42,210.41,0.41,30.0,0.43,5.0,0.46,22.28,0.57,14.23,0.56,10.5,0.58,10.0,0.59,10.0,0.01,0.01,2352.904288,1776368429000
1776368430.541,30.541,0.42,262.0,0.41,20.5,0.49,314.94,0.5,296.46,0.52,2.87,0.51,332.54,0.58,262.0,0.59,20.5,0.07,0.06,2352.904288,1776368429000
1776368430.791,30.791,0.46,10.0,0.45,10.0,0.49,103.66,0.5,291.46,0.52,3.34,0.51,126.25,0.55,10.0,0.56,10.0,0.03,0.03,2352.904288,1776368429000
1776368431.244,31.244,0.46,15.0,0.45,15.0,0.47,44.29,0.48,35.5,0.51,103.66,0.5,291.46,0.54,10.0,0.55,10.0,0.01,0.03,2352.774301,1776368430000
1776368431.974,31.974,0.46,10.0,0.45,15.0,0.47,36.59,0.48,35.5,0.53,55.79,0.52,35.5,0.54,10.0,0.55,15.0,0.01,0.01,2352.774301,1776368430000
1776368434.283,34.283,0.45,11.36,0.44,10.0,0.46,42.5,0.47,38.39,0.53,28.39,0.52,35.5,0.54,10.0,0.55,15.0,0.01,0.01,2352.979882,1776368432000
1776368434.492,34.492,0.44,10.0,0.43,35.5,0.46,42.5,0.47,38.39,0.54,42.5,0.53,38.39,0.55,11.36,0.56,10.0,0.02,0.01,2352.979581,1776368433000
1776368434.789,34.789,0.43,35.5,0.42,65.5,0.46,52.5,0.47,38.39,0.54,42.5,0.53,38.39,0.56,10.0,0.57,35.5,0.03,0.02,2352.979581,1776368433000
1776368435.112,35.112,0.44,0.34,0.43,40.5,0.45,15.0,0.46,40.5,0.54,52.5,0.53,38.39,0.57,35.5,0.58,65.5,0.01,0.03,2352.979581,1776368433000
1776368435.439,35.439,0.43,5.79,0.42,65.5,0.44,21.0,0.45,40.5,0.55,15.0,0.54,40.5,0.58,65.5,0.59,35.0,0.01,0.03,2352.951049,1776368434000
1776368435.765,35.765,0.42,36.97,0.41,35.0,0.43,21.0,0.44,16.0,0.56,21.0,0.55,40.5,0.58,51.63,0.59,35.0,0.01,0.02,2352.951049,1776368434000
1776368435.975,35.975,0.41,35.5,0.4,75.5,0.43,21.0,0.44,31.5,0.57,21.0,0.56,16.0,0.58,17.31,0.59,35.0,0.02,0.01,2352.951049,1776368434000
1776368436.348,36.348,0.41,2.84,0.4,145.5,0.42,16.0,0.43,16.0,0.57,21.0,0.56,31.5,0.59,35.5,0.6,75.5,0.01,0.02,2352.951049,1776368434000
1776368436.744,36.744,0.4,170.83,0.39,196.76,0.41,22.0,0.42,16.0,0.58,21.0,0.57,16.0,0.6,145.5,0.61,100.5,0.01,0.02,2352.915842,1776368435000
1776368436.961,36.961,0.4,122.0,0.39,191.76,0.41,71.87,0.42,26.0,0.59,22.0,0.58,16.0,0.6,170.83,0.61,196.76,0.01,0.01,2352.915842,1776368435000
1776368437.186,37.186,0.4,105.75,0.39,166.76,0.41,61.99,0.42,31.0,0.59,66.87,0.58,26.0,0.6,100.75,0.61,186.76,0.01,0.01,2352.915842,1776368435000
1776368437.497,37.497,0.4,160.05,0.39,166.76,0.41,10.87,0.42,21.0,0.59,16.0,0.58,16.0,0.6,148.05,0.61,166.76,0.01,0.01,2352.919131,1776368436000
1776368438.666,38.666,0.4,93.5,0.39,196.76,0.45,31.9,0.46,20.5,0.59,10.87,0.58,21.0,0.6,160.05,0.61,166.76,0.05,0.01,2352.919131,1776368436000
1776368439.001,39.001,0.43,10.0,0.42,51.0,0.45,31.9,0.46,20.5,0.55,31.9,0.54,20.5,0.6,93.5,0.61,196.76,0.02,0.05,2352.916396,1776368437000
1776368439.265,39.265,0.43,40.0,0.42,30.0,0.45,28.89,0.46,20.5,0.55,20.78,0.54,20.5,0.57,35.0,0.58,30.0,0.02,0.02,2352.916396,1776368437000
1776368439.979,39.979,0.44,218.5,0.43,40.5,0.47,15.0,0.48,30.5,0.55,28.89,0.54,20.5,0.57,40.0,0.58,30.0,0.03,0.02,2352.84437,1776368438000
1776368442.454,42.454,0.47,53.2,0.46,35.0,0.48,42.5,0.49,108.66,0.53,0.74,0.52,30.5,0.54,20.0,0.55,15.0,0.01,0.01,2353.120649,1776368441000
1776368443.041,43.041,0.48,94.0,0.47,70.2,0.49,100.79,0.5,113.0,0.52,42.5,0.51,108.66,0.53,53.2,0.54,35.0,0.01,0.01,2353.210937,1776368442000
1776368443.512,43.512,0.48,323.5,0.47,50.0,0.49,83.01,0.5,113.0,0.51,98.74,0.5,113.0,0.52,119.0,0.53,54.2,0.01,0.01,2353.210937,1776368442000
1776368443.877,43.877,0.48,376.5,0.47,45.0,0.49,23.21,0.5,113.0,0.51,58.01,0.5,113.0,0.52,321.7,0.53,45.0,0.01,0.01,2353.210937,1776368442000
1776368444.497,44.497,0.48,220.5,0.47,70.0,0.49,13.21,0.5,113.0,0.51,18.21,0.5,113.0,0.52,365.5,0.53,75.0,0.01,0.01,2353.236204,1776368443000
1776368444.7,44.7,0.48,220.5,0.47,70.0,0.5,106.56,0.51,56.34,0.51,13.21,0.5,113.0,0.52,220.5,0.53,70.0,0.02,0.01,2353.236204,1776368443000
1776368445.183,45.183,0.49,166.7,0.48,65.5,0.5,96.95,0.51,56.34,0.5,106.56,0.49,56.34,0.52,220.5,0.53,70.0,0.01,0.02,2353.236204,1776368443000
1776368445.474,45.474,0.49,137.5,0.48,50.5,0.5,96.95,0.51,56.34,0.5,96.95,0.49,56.34,0.51,166.7,0.52,65.5,0.01,0.01,2353.533681,1776368444000
1776368445.684,45.684,0.49,30.0,0.48,25.5,0.5,117.95,0.51,76.84,0.5,96.95,0.49,56.34,0.51,145.53,0.52,50.5,0.01,0.01,2353.533681,1776368444000
1776368445.915,45.915,0.49,40.0,0.48,15.0,0.5,162.87,0.51,76.84,0.5,117.95,0.49,76.84,0.51,30.0,0.52,25.5,0.01,0.01,2353.533681,1776368444000
1776368446.16,46.16,0.49,22.0,0.48,25.5,0.5,146.87,0.51,76.84,0.5,141.87,0.49,76.84,0.51,25.0,0.52,15.0,0.01,0.01,2353.613687,1776368445000
1776368446.37,46.37,0.49,22.0,0.48,25.5,0.5,71.83,0.51,56.34,0.5,146.87,0.49,76.84,0.51,22.0,0.52,25.5,0.01,0.01,2353.613687,1776368445000
1776368447.08,47.08,0.49,16.72,0.48,88.29,0.5,71.83,0.51,56.34,0.5,71.83,0.49,56.34,0.51,22.0,0.52,25.5,0.01,0.01,2353.613687,1776368445000
1776368447.643,47.643,0.49,23.72,0.48,88.29,0.5,29.83,0.51,66.84,0.5,71.83,0.49,56.34,0.51,16.72,0.52,88.29,0.01,0.01,2353.763158,1776368446000
1776368447.977,47.977,0.49,21.32,0.48,88.29,0.5,55.83,0.51,66.84,0.5,29.83,0.49,66.84,0.51,23.72,0.52,88.29,0.01,0.01,2353.763158,1776368446000
1776368448.236,48.236,0.49,15.0,0.48,15.0,0.5,45.83,0.51,76.84,0.5,55.83,0.49,66.84,0.54,150.49,0.55,55.5,0.01,0.04,2353.763158,1776368446000
1776368449.228,49.228,0.49,306.05,0.48,135.85,0.5,15.92,0.51,56.34,0.5,45.83,0.49,76.84,0.51,15.0,0.52,15.0,0.01,0.01,2353.778272,1776368447000
1776368449.438,49.438,0.49,372.05,0.48,135.85,0.5,0.92,0.51,56.34,0.5,5.92,0.49,56.34,0.51,447.05,0.52,135.85,0.01,0.01,2353.787463,1776368448000
1776368449.828,49.828,0.5,489.5,0.49,57.55,0.51,26.34,0.52,60.0,0.49,51.34,0.48,60.0,0.5,10.0,0.51,397.05,0.01,0.01,2353.787463,1776368448000
1776368450.046,50.046,0.5,345.67,0.49,47.55,0.51,6.14,0.52,10.0,0.49,14.14,0.48,60.0,0.5,329.67,0.51,47.55,0.01,0.01,2353.787463,1776368448000
1776368450.276,50.276,0.61,15.0,0.6,15.0,0.62,0.36,0.67,100.0,0.38,0.46,0.34,50.0,0.43,8.77,0.44,30.0,0.01,0.05,2353.787463,1776368448000
1776368450.64,50.64,0.61,170.0,0.6,10.0,0.64,10.0,0.65,20.5,0.38,0.36,0.33,100.0,0.39,15.0,0.4,15.0,0.03,0.01,2353.787429,1776368449000
1776368450.898,50.898,0.64,10.0,0.63,17.0,0.65,0.05,0.66,90.0,0.35,10.13,0.34,90.0,0.37,10.0,0.38,10.0,0.01,0.02,2353.787429,1776368449000
1776368451.125,51.125,0.62,3.0,0.61,160.0,0.65,10.0,0.66,90.0,0.34,90.0,0.33,110.0,0.37,7.0,0.38,10.0,0.03,0.03,2353.824804,1776368450000
1776368451.502,51.502,0.63,127.29,0.62,3.0,0.64,76.33,0.65,10.0,0.35,10.0,0.34,90.0,0.38,3.0,0.39,160.0,0.01,0.03,2353.824804,1776368450000
1776368451.89,51.89,0.62,2.6,0.61,90.0,0.64,154.83,0.65,16.0,0.36,76.33,0.35,10.0,0.37,127.29,0.38,3.0,0.02,0.01,2353.824804,1776368450000
1776368452.094,52.094,0.62,94.6,0.61,90.0,0.63,35.84,0.64,117.83,0.36,154.83,0.35,16.0,0.38,2.6,0.39,90.0,0.01,0.02,2353.824804,1776368450000
1776368452.353,52.353,0.62,2.6,0.61,90.0,0.63,5.79,0.64,117.83,0.37,8.84,0.36,117.83,0.38,124.6,0.39,90.0,0.01,0.01,2354.951734,1776368451000
1776368452.721,52.721,0.62,7.6,0.61,80.0,0.63,3.69,0.64,117.83,0.37,5.79,0.36,117.83,0.38,2.6,0.39,90.0,0.01,0.01,2354.951734,1776368451000
1776368453.587,53.587,0.62,28.46,0.61,80.0,0.63,6.0,0.64,110.01,0.36,110.01,0.35,26.5,0.38,7.6,0.39,80.0,0.01,0.02,2355.280178,1776368452000
1776368454.721,54.721,0.63,19.0,0.62,55.46,0.64,110.01,0.65,46.5,0.37,6.0,0.36,110.01,0.38,28.46,0.39,80.0,0.01,0.01,2355.285769,1776368453000
1776368454.922,54.922,0.63,62.93,0.62,33.46,0.64,56.33,0.65,20.5,0.36,67.33,0.35,36.5,0.37,21.34,0.38,43.46,0.01,0.01,2355.315057,1776368454000
1776368455.414,55.414,0.63,290.93,0.62,48.96,0.64,49.48,0.65,10.0,0.36,51.33,0.35,10.0,0.37,72.93,0.38,43.96,0.01,0.01,2355.315057,1776368454000
1776368455.677,55.677,0.63,261.52,0.62,48.96,0.64,49.48,0.65,10.0,0.36,49.48,0.35,10.0,0.37,290.93,0.38,48.96,0.01,0.01,2355.315057,1776368454000
1776368456.201,56.201,0.63,104.52,0.62,33.46,0.64,45.04,0.65,20.5,0.36,49.48,0.35,10.0,0.37,261.52,0.38,48.96,0.01,0.01,2355.316582,1776368455000
1776368457.14,57.14,0.63,34.82,0.61,40.0,0.64,102.54,0.65,30.5,0.36,45.04,0.35,20.5,0.37,150.7,0.38,33.46,0.01,0.01,2355.338907,1776368456000
1776368457.451,57.451,0.61,145.0,0.6,157.46,0.63,79.64,0.64,81.54,0.37,14.23,0.36,107.54,0.39,30.0,0.4,167.96,0.02,0.02,2355.338907,1776368456000
1776368457.847,57.847,0.62,97.77,0.61,135.0,0.63,39.64,0.64,76.54,0.37,79.64,0.36,81.54,0.39,145.0,0.4,157.46,0.01,0.02,2355.338907,1776368456000
1776368458.074,58.074,0.62,141.97,0.61,145.5,0.63,37.75,0.64,56.04,0.37,39.64,0.36,76.54,0.38,97.77,0.39,135.0,0.01,0.01,2355.338907,1776368456000
1776368459.392,59.392,0.62,431.27,0.61,145.5,0.64,45.04,0.65,10.0,0.37,5.0,0.36,45.04,0.38,367.47,0.39,170.5,0.02,0.01,2355.474809,1776368458000
1776368459.835,59.835,0.63,354.0,0.62,234.92,0.64,11.29,0.65,10.0,0.36,45.04,0.35,10.0,0.38,431.27,0.39,145.5,0.01,0.02,2355.474809,1776368458000
1776368460.396,60.396,0.63,359.0,0.62,234.92,0.64,0.97,0.66,30.5,0.36,11.29,0.35,10.0,0.37,354.0,0.38,234.92,0.01,0.01,2355.390955,1776368459000
1776368460.633,60.633,0.63,359.0,0.62,224.42,0.66,10.5,0.67,20.5,0.36,0.97,0.34,30.5,0.37,359.0,0.38,234.92,0.03,0.01,2355.390955,1776368459000
1776368460.894,60.894,0.65,130.0,0.64,45.0,0.66,42.46,0.67,30.5,0.34,23.48,0.33,30.5,0.35,273.0,0.36,35.0,0.01,0.01,2355.390955,1776368459000
1776368461.101,61.101,0.65,235.0,0.64,45.0,0.67,36.45,0.68,10.0,0.34,16.5,0.33,40.5,0.35,181.0,0.36,35.0,0.02,0.01,2355.390955,1776368459000
1776368461.398,61.398,0.66,275.05,0.65,15.0,0.67,36.45,0.68,10.0,0.33,36.45,0.32,10.0,0.35,235.0,0.36,45.0,0.01,0.02,2355.390955,1776368459000
1776368461.734,61.734,0.65,1.19,0.64,45.0,0.67,26.45,0.68,10.0,0.33,36.45,0.32,10.0,0.34,275.05,0.35,15.0,0.02,0.01,2355.52435,1776368460000
1776368462.042,62.042,0.65,238.52,0.64,35.0,0.66,16.3,0.67,14.95,0.34,20.5,0.33,24.95,0.35,108.04,0.36,45.0,0.01,0.01,2355.574872,1776368461000
1776368462.695,62.695,0.65,248.52,0.64,45.5,0.66,19.0,0.67,14.95,0.34,18.0,0.33,14.95,0.35,238.52,0.36,35.0,0.01,0.01,2355.574872,1776368461000
1776368463.113,63.113,0.65,333.52,0.64,45.5,0.66,4.5,0.67,14.95,0.34,19.0,0.33,14.95,0.35,248.52,0.36,45.5,0.01,0.01,2355.577667,1776368462000
1776368463.399,63.399,0.66,125.0,0.65,140.67,0.67,18.98,0.68,10.0,0.33,22.16,0.32,10.0,0.34,30.0,0.35,145.67,0.01,0.01,2355.577667,1776368462000
1776368463.613,63.613,0.66,195.0,0.65,140.67,0.68,20.0,0.69,55.0,0.33,3.9,0.32,20.0,0.34,125.0,0.35,140.67,0.02,0.01,2355.577667,1776368462000
1776368465.173,65.173,0.7,181.48,0.69,25.5,0.71,25.0,0.72,10.0,0.32,20.0,0.31,55.0,0.34,195.0,0.35,140.67,0.01,0.02,2355.504,1776368463000
1776368465.599,65.599,0.7,180.82,0.69,25.5,0.71,5.0,0.72,10.0,0.29,25.0,0.28,10.0,0.3,181.48,0.31,25.5,0.01,0.01,2355.50895,1776368464000
1776368465.959,65.959,0.7,132.48,0.69,10.0,0.71,45.0,0.72,20.5,0.29,5.0,0.28,10.0,0.3,180.82,0.31,25.5,0.01,0.01,2355.50895,1776368464000
1776368466.551,66.551,0.7,137.48,0.69,10.0,0.72,18.5,0.73,45.5,0.29,45.0,0.28,20.5,0.3,132.48,0.31,10.0,0.02,0.01,2355.943319,1776368465000
1776368466.771,66.771,0.7,142.48,0.69,10.0,0.71,8.59,0.72,18.5,0.28,18.5,0.27,45.5,0.3,137.48,0.31,10.0,0.01,0.02,2355.943319,1776368465000
1776368468.54,68.54,0.71,112.7,0.7,20.0,0.72,30.5,0.73,45.5,0.29,0.1,0.28,18.5,0.3,53.0,0.31,10.0,0.01,0.01,2356.11462,1776368467000
1776368469.517,69.517,0.71,176.15,0.7,20.0,0.72,5.58,0.73,45.5,0.28,30.5,0.27,45.5,0.29,112.7,0.3,20.0,0.01,0.01,2356.077165,1776368468000
1776368470.728,70.728,0.77,10.0,0.76,16.57,0.79,17.96,0.8,10.0,0.28,5.58,0.27,45.5,0.29,176.15,0.3,20.0,0.02,0.01,2356.082699,1776368469000
1776368471.01,71.01,0.77,58.72,0.76,17.0,0.78,18.32,0.79,17.96,0.22,20.5,0.21,17.96,0.23,56.72,0.24,17.0,0.01,0.01,2356.082699,1776368469000
1776368471.215,71.215,0.77,3.85,0.76,17.0,0.78,16.0,0.8,10.0,0.22,18.32,0.21,17.96,0.23,8.72,0.24,17.0,0.01,0.01,2356.082699,1776368469000
1776368472.159,72.159,0.81,22.6,0.79,63.29,0.82,70.07,0.83,110.0,0.19,10.0,0.18,10.0,0.21,66.0,0.22,66.0,0.01,0.02,2356.108572,1776368471000
1776368472.369,72.369,0.81,0.75,0.79,63.29,0.82,109.57,0.83,110.0,0.18,70.07,0.17,110.0,0.19,22.6,0.21,63.29,0.01,0.01,2356.108572,1776368471000
1776368472.696,72.696,0.81,107.75,0.8,10.0,0.82,61.87,0.83,110.0,0.18,109.57,0.17,110.0,0.19,0.75,0.21,63.29,0.01,0.01,2356.108572,1776368471000
1776368473.811,73.811,0.81,134.75,0.8,20.5,0.82,4.41,0.83,100.0,0.18,23.52,0.17,110.0,0.19,136.75,0.2,10.0,0.01,0.01,2357.024312,1776368472000
1776368474.48,74.48,0.79,79.04,0.78,10.0,0.82,95.0,0.83,120.5,0.17,120.5,0.16,95.5,0.19,66.75,0.2,10.0,0.03,0.02,2357.150072,1776368473000
1776368475.031,75.031,0.79,124.63,0.78,10.0,0.8,10.0,0.82,12.0,0.18,75.0,0.17,120.5,0.21,74.29,0.22,10.0,0.01,0.03,2357.198947,1776368474000
1776368475.266,75.266,0.81,65.73,0.8,10.0,0.82,16.0,0.83,110.0,0.18,12.0,0.17,110.0,0.21,110.63,0.22,10.0,0.01,0.03,2357.198947,1776368474000
1776368476.011,76.011,0.83,61.0,0.82,18.0,0.86,10.0,0.87,10.0,0.18,16.0,0.17,110.0,0.19,57.73,0.2,10.0,0.03,0.01,2357.198947,1776368474000
1776368476.448,76.448,0.85,123.64,0.84,26.0,0.87,15.0,0.88,15.0,0.14,10.0,0.13,10.0,0.17,61.0,0.18,18.0,0.02,0.03,2357.371421,1776368475000
1776368476.676,76.676,0.87,22.3,0.86,28.63,0.88,40.0,0.89,60.0,0.13,15.0,0.12,15.0,0.15,123.64,0.16,26.0,0.01,0.02,2357.371421,1776368475000
1776368476.877,76.877,0.87,90.0,0.86,51.63,0.89,20.5,0.9,109.33,0.1,84.33,0.09,71.0,0.13,62.0,0.14,41.63,0.02,0.03,2357.371421,1776368475000
1776368477.143,77.143,0.87,36.3,0.86,21.63,0.9,83.99,0.91,71.0,0.11,10.0,0.1,84.33,0.13,61.3,0.14,21.63,0.03,0.02,2357.371421,1776368475000
1776368477.353,77.353,0.86,21.63,0.85,60.0,0.89,10.0,0.9,83.99,0.1,83.99,0.09,71.0,0.13,36.3,0.14,21.63,0.03,0.03,2357.371421,1776368475000
1776368477.859,77.859,0.87,15.0,0.86,141.32,0.89,8.31,0.9,83.99,0.11,10.0,0.1,83.99,0.14,39.63,0.15,60.0,0.02,0.03,2357.372004,1776368476000
1776368478.27,78.27,0.88,54.0,0.87,10.0,0.89,4.94,0.9,88.99,0.11,8.31,0.1,83.99,0.13,15.0,0.14,141.32,0.01,0.02,2357.935695,1776368477000
1776368478.694,78.694,0.88,28.0,0.87,11.0,0.89,23.41,0.9,18.99,0.11,4.94,0.1,88.99,0.12,54.0,0.13,10.0,0.01,0.01,2357.935695,1776368477000
1776368480.036,80.036,0.87,6.0,0.86,26.63,0.9,70.49,0.91,267.35,0.1,18.99,0.09,237.35,0.11,23.28,0.12,28.0,0.03,0.01,2358.796205,1776368478000
1776368480.28,80.28,0.87,34.0,0.86,26.63,0.88,28.86,0.89,20.5,0.1,70.49,0.09,267.35,0.13,6.0,0.14,26.63,0.01,0.03,2358.796205,1776368478000
1776368480.634,80.634,0.87,33.87,0.86,26.63,0.88,7.0,0.89,20.5,0.12,28.86,0.11,20.5,0.13,33.87,0.14,26.63,0.01,0.01,2358.805788,1776368479000
1776368480.864,80.864,0.87,38.87,0.86,21.63,0.88,0.3,0.89,25.5,0.12,7.0,0.11,20.5,0.13,33.87,0.14,26.63,0.01,0.01,2358.805788,1776368479000
1776368481.473,81.473,0.87,0.87,0.86,16.63,0.88,97.36,0.89,30.5,0.12,7.61,0.11,35.5,0.13,73.87,0.14,21.63,0.01,0.01,2358.639031,1776368480000
1776368481.883,81.883,0.85,30.0,0.84,20.0,0.86,23.37,0.87,243.77,0.12,72.36,0.11,30.5,0.13,0.87,0.14,26.63,0.01,0.01,2358.639031,1776368480000
1776368482.131,82.131,0.85,42.0,0.84,20.0,0.86,135.6,0.87,334.77,0.14,23.37,0.13,243.77,0.15,30.0,0.16,20.0,0.01,0.01,2358.500265,1776368481000
1776368482.436,82.436,0.85,485.23,0.84,107.3,0.86,31.37,0.87,329.77,0.14,135.6,0.13,334.77,0.15,42.0,0.16,20.0,0.01,0.01,2358.500265,1776368481000
1776368483.383,83.383,0.85,75.2,0.84,46.8,0.86,25.67,0.87,334.77,0.14,31.37,0.13,329.77,0.15,485.23,0.16,107.3,0.01,0.01,2358.306872,1776368482000
1776368483.609,83.609,0.85,75.2,0.84,46.8,0.86,24.21,0.87,334.77,0.14,25.67,0.13,334.77,0.15,75.2,0.16,46.8,0.01,0.01,2358.306872,1776368482000
1776368485.159,85.159,0.85,91.2,0.84,46.8,0.86,108.8,0.87,334.77,0.14,24.21,0.13,334.77,0.15,75.2,0.16,46.8,0.01,0.01,2358.011479,1776368484000
1776368486.671,86.671,0.85,60.2,0.84,46.8,0.86,151.8,0.87,329.77,0.14,108.8,0.13,334.77,0.15,91.2,0.16,46.8,0.01,0.01,2358.000472,1776368485000
1776368487.029,87.029,0.85,388.36,0.84,112.3,0.86,117.76,0.87,334.77,0.14,151.8,0.13,329.77,0.15,39.86,0.16,46.8,0.01,0.01,2358.000472,1776368485000
1776368487.26,87.26,0.85,528.15,0.84,51.8,0.86,119.76,0.87,334.77,0.14,117.76,0.13,334.77,0.15,388.36,0.16,112.3,0.01,0.01,2358.097674,1776368486000
1776368487.607,87.607,0.85,521.98,0.84,112.3,0.86,118.01,0.87,334.77,0.14,119.76,0.13,334.77,0.15,528.15,0.16,51.8,0.01,0.01,2358.097674,1776368486000
1776368488.242,88.242,0.85,48.61,0.84,51.8,0.86,146.84,0.87,334.77,0.14,118.01,0.13,334.77,0.15,521.98,0.16,112.3,0.01,0.01,2357.847785,1776368487000
1776368488.534,88.534,0.85,48.61,0.84,51.8,0.86,109.09,0.87,334.77,0.14,146.84,0.13,334.77,0.15,48.61,0.16,51.8,0.01,0.01,2357.847785,1776368487000
1776368490.334,90.334,0.85,50.61,0.84,51.8,0.86,116.21,0.87,334.77,0.14,109.09,0.13,334.77,0.15,48.61,0.16,51.8,0.01,0.01,2357.669987,1776368489000
1776368490.596,90.596,0.85,93.61,0.84,51.8,0.86,10.67,0.87,229.77,0.14,116.21,0.13,334.77,0.15,50.61,0.16,51.8,0.01,0.01,2357.669987,1776368489000
1776368490.922,90.922,0.85,93.61,0.84,62.3,0.87,229.77,0.88,125.0,0.14,10.67,0.13,229.77,0.15,93.61,0.16,51.8,0.02,0.01,2357.669987,1776368489000
1776368491.791,91.791,0.86,582.75,0.85,116.17,0.87,249.77,0.88,125.0,0.13,229.77,0.12,125.0,0.15,79.94,0.16,62.3,0.01,0.02,2357.569275,1776368490000
1776368492.301,92.301,0.84,10.0,0.83,10.0,0.86,5.0,0.87,460.27,0.13,249.77,0.12,125.0,0.14,582.75,0.15,116.17,0.02,0.01,2357.592863,1776368491000
1776368493.01,93.01,0.81,28.0,0.8,60.0,0.82,110.0,0.83,363.0,0.14,5.0,0.13,460.27,0.16,10.0,0.17,10.0,0.01,0.02,2357.592863,1776368491000
1776368493.754,93.754,0.79,128.29,0.78,50.0,0.8,125.87,0.81,165.0,0.18,232.0,0.17,295.38,0.2,60.0,0.21,84.29,0.01,0.02,2357.916353,1776368492000
1776368494.047,94.047,0.79,100.29,0.78,50.0,0.8,70.5,0.81,35.0,0.2,117.09,0.19,135.0,0.21,153.29,0.22,50.0,0.01,0.01,2357.916353,1776368492000
1776368494.506,94.506,0.79,37.29,0.78,60.5,0.8,24.5,0.81,35.0,0.2,42.5,0.19,35.0,0.21,70.29,0.22,70.5,0.01,0.01,2357.916353,1776368492000
1776368495.411,95.411,0.79,9.29,0.78,55.0,0.8,63.1,0.81,40.0,0.2,18.3,0.19,35.0,0.21,37.29,0.22,60.5,0.01,0.01,2356.757912,1776368494000
1776368495.894,95.894,0.79,4.29,0.78,50.0,0.8,63.1,0.81,79.0,0.2,63.1,0.19,40.0,0.21,9.29,0.22,55.0,0.01,0.01,2356.757912,1776368494000
1776368496.841,96.841,0.78,50.0,0.77,195.0,0.8,127.1,0.81,75.5,0.2,63.1,0.19,79.0,0.21,4.29,0.22,50.0,0.02,0.01,2356.604692,1776368495000
1776368498.906,98.906,0.77,75.0,0.76,110.0,0.78,165.21,0.79,155.0,0.2,127.1,0.19,75.5,0.22,50.0,0.23,195.0,0.01,0.02,2356.500384,1776368497000
1776368499.414,99.414,0.75,37.0,0.74,95.5,0.77,55.0,0.78,40.0,0.22,165.21,0.21,155.0,0.23,75.0,0.24,110.0,0.02,0.01,2356.500384,1776368497000
1776368499.844,99.844,0.76,50.0,0.75,47.5,0.77,50.0,0.78,51.0,0.23,55.0,0.22,40.0,0.24,6.45,0.25,47.5,0.01,0.01,2356.083,1776368498000
1776368500.494,100.494,0.76,97.5,0.75,62.5,0.77,14.8,0.78,25.0,0.23,50.0,0.22,51.0,0.24,50.0,0.25,47.5,0.01,0.01,2356.01207,1776368499000
1776368500.852,100.852,0.77,87.5,0.76,30.5,0.79,35.0,0.8,38.1,0.22,25.0,0.21,35.0,0.24,97.5,0.25,62.5,0.02,0.02,2356.01207,1776368499000
1776368503.099,103.099,0.81,135.39,0.8,82.5,0.83,233.33,0.84,135.0,0.21,35.0,0.2,38.1,0.23,87.5,0.24,30.5,0.02,0.02,2356.128915,1776368501000
1776368504.493,104.493,0.82,32.44,0.81,23.5,0.83,309.0,0.84,45.0,0.17,233.33,0.16,135.0,0.19,135.39,0.2,82.5,0.01,0.02,2356.573411,1776368503000
1776368504.974,104.974,0.82,21.44,0.81,23.5,0.83,316.0,0.84,40.0,0.17,309.0,0.16,45.0,0.18,32.44,0.19,23.5,0.01,0.01,2356.573411,1776368503000
1776368505.704,105.704,0.79,22.5,0.78,43.23,0.83,311.0,0.84,40.0,0.17,316.0,0.16,40.0,0.18,21.44,0.19,23.5,0.04,0.01,2356.75365,1776368504000
1776368506.694,106.694,0.78,14.73,0.76,51.2,0.79,103.0,0.8,73.0,0.17,311.0,0.16,40.0,0.21,22.5,0.22,43.23,0.01,0.04,2356.973346,1776368505000
1776368507.165,107.165,0.78,1.09,0.76,31.5,0.79,113.0,0.8,73.0,0.21,103.0,0.2,73.0,0.22,14.73,0.24,51.2,0.01,0.01,2356.79289,1776368506000
1776368508.035,108.035,0.76,20.5,0.75,88.5,0.78,5.91,0.79,113.9,0.21,106.9,0.2,73.0,0.22,1.09,0.24,31.5,0.02,0.01,2356.79289,1776368506000
1776368510.484,110.484,0.76,59.12,0.75,88.5,0.77,56.0,0.78,45.91,0.22,5.91,0.21,113.9,0.24,20.5,0.25,88.5,0.01,0.02,2356.333837,1776368508000
1776368511.005,111.005,0.78,90.81,0.77,83.5,0.79,35.0,0.8,50.0,0.23,56.0,0.22,45.91,0.24,59.12,0.25,88.5,0.01,0.01,2356.177264,1776368509000
1776368512.912,112.912,0.78,87.5,0.77,176.86,0.79,7.0,0.8,25.0,0.21,35.0,0.2,50.0,0.22,90.81,0.23,83.5,0.01,0.01,2356.117672,1776368511000
1776368513.197,113.197,0.78,87.5,0.77,164.32,0.79,4.93,0.8,25.0,0.21,7.0,0.2,25.0,0.22,87.5,0.23,176.86,0.01,0.01,2356.231522,1776368512000
1776368514.088,114.088,0.78,197.4,0.77,209.62,0.8,10.0,0.81,8.0,0.21,4.93,0.2,25.0,0.22,78.4,0.23,164.32,0.02,0.01,2356.231522,1776368512000
1776368515.635,115.635,0.79,200.67,0.78,205.86,0.8,10.0,0.81,18.0,0.2,10.0,0.19,8.0,0.22,197.4,0.23,209.62,0.01,0.02,2356.347947,1776368514000
1776368519.401,119.401,0.82,186.9,0.81,156.9,0.84,0.92,0.85,150.0,0.2,10.0,0.19,18.0,0.21,200.67,0.22,205.86,0.02,0.01,2356.613472,1776368518000
1776368519.727,119.727,0.83,5.0,0.82,10.5,0.85,89.41,0.86,53.0,0.16,0.92,0.15,150.0,0.18,186.9,0.19,156.9,0.02,0.02,2356.613472,1776368518000
1776368520.107,120.107,0.82,10.0,0.81,163.9,0.85,27.16,0.86,33.0,0.15,89.41,0.14,53.0,0.17,5.0,0.18,10.5,0.03,0.02,2356.613472,1776368518000
1776368520.704,120.704,0.84,66.0,0.83,104.29,0.85,17.67,0.86,33.0,0.15,27.16,0.14,33.0,0.18,10.0,0.19,163.9,0.01,0.03,2356.924375,1776368519000
1776368521.596,121.596,0.84,108.5,0.83,257.29,0.86,13.0,0.87,102.0,0.15,17.67,0.14,43.0,0.16,63.0,0.17,99.29,0.02,0.01,2356.935101,1776368520000
1776368521.831,121.831,0.83,250.29,0.82,149.9,0.84,223.66,0.86,13.0,0.14,13.0,0.13,102.0,0.16,108.5,0.17,257.29,0.01,0.02,2356.935101,1776368520000
1776368522.113,122.113,0.83,320.29,0.82,149.9,0.84,207.44,0.85,5.0,0.16,212.62,0.14,13.0,0.17,320.29,0.18,149.9,0.01,0.01,2356.916875,1776368521000
1776368522.641,122.641,0.83,302.29,0.82,149.9,0.84,204.55,0.86,13.0,0.16,207.44,0.15,5.0,0.17,320.29,0.18,149.9,0.01,0.01,2356.916875,1776368521000
1776368523.016,123.016,0.83,328.29,0.82,149.9,0.84,182.55,0.86,8.0,0.16,204.55,0.14,13.0,0.17,302.29,0.18,149.9,0.01,0.01,2356.899046,1776368522000
1776368523.392,123.392,0.83,440.47,0.82,204.9,0.84,140.3,0.86,8.0,0.16,170.3,0.14,8.0,0.17,328.29,0.18,149.9,0.01,0.01,2356.899046,1776368522000
1776368523.718,123.718,0.83,467.47,0.82,199.9,0.84,109.35,0.87,60.0,0.16,111.3,0.13,60.0,0.17,440.47,0.18,204.9,0.01,0.01,2356.899046,1776368522000
1776368523.923,123.923,0.83,536.47,0.82,169.9,0.84,61.91,0.87,60.0,0.16,80.91,0.13,60.0,0.17,536.47,0.18,169.9,0.01,0.01,2356.899046,1776368522000
1776368524.299,124.299,0.86,93.0,0.85,115.49,0.87,60.0,0.88,10.0,0.13,60.0,0.12,10.0,0.15,5.49,0.17,633.47,0.01,0.02,2356.899046,1776368522000
1776368525.047,125.047,0.89,43.0,0.88,15.0,0.9,5.66,0.91,61.0,0.13,60.0,0.12,10.0,0.14,93.0,0.15,115.49,0.01,0.01,2357.130212,1776368523000
1776368525.289,125.289,0.89,148.5,0.88,155.5,0.9,14.55,0.91,61.0,0.1,5.66,0.09,61.0,0.11,43.0,0.12,15.0,0.01,0.01,2357.357648,1776368524000
1776368525.773,125.773,0.9,38.0,0.89,300.1,0.91,81.0,0.92,102.0,0.1,14.55,0.09,61.0,0.11,148.5,0.12,155.5,0.01,0.01,2357.357648,1776368524000
1776368526.586,126.586,0.9,225.66,0.89,133.1,0.91,8.8,0.92,102.0,0.09,45.9,0.08,102.0,0.1,165.11,0.11,293.1,0.01,0.01,2357.357648,1776368524000
1776368527.657,127.657,0.91,21.2,0.9,356.03,0.92,102.0,0.93,79.0,0.09,8.8,0.08,102.0,0.1,225.66,0.11,133.1,0.01,0.01,2358.803889,1776368526000
1776368527.962,127.962,0.91,191.51,0.9,337.65,0.92,102.0,0.93,79.0,0.08,102.0,0.07,79.0,0.09,21.2,0.1,356.03,0.01,0.01,2358.803889,1776368526000
1776368528.286,128.286,0.91,191.51,0.9,359.87,0.92,100.91,0.93,79.0,0.08,102.0,0.07,79.0,0.09,191.51,0.1,337.65,0.01,0.01,2358.796389,1776368527000
1776368529.151,129.151,0.91,201.51,0.9,382.09,0.92,95.91,0.93,74.0,0.08,100.91,0.07,79.0,0.09,191.51,0.1,359.87,0.01,0.01,2358.796389,1776368527000
1776368529.709,129.709,0.92,11.09,0.91,214.81,0.93,69.0,0.94,176.0,0.08,95.91,0.07,74.0,0.09,201.51,0.1,382.09,0.01,0.01,2358.752698,1776368528000
1776368529.957,129.957,0.92,169.69,0.91,170.21,0.93,61.21,0.94,166.0,0.07,57.83,0.06,166.0,0.08,139.09,0.09,177.81,0.01,0.01,2358.752698,1776368528000
1776368530.201,130.201,0.92,203.59,0.91,200.21,0.94,166.0,0.95,245.0,0.07,18.81,0.06,166.0,0.08,208.59,0.09,170.21,0.02,0.01,2358.768431,1776368529000
1776368530.717,130.717,0.93,18.33,0.92,190.59,0.94,171.0,0.95,245.0,0.06,166.0,0.05,245.0,0.08,203.59,0.09,200.21,0.01,0.02,2358.768431,1776368529000
1776368532.213,132.213,0.93,49.65,0.92,187.99,0.94,173.0,0.95,245.0,0.06,171.0,0.05,245.0,0.07,18.33,0.08,190.59,0.01,0.01,2358.7854,1776368530000
1776368532.631,132.631,0.92,152.99,0.91,174.5,0.93,37.0,0.94,151.0,0.06,173.0,0.05,245.0,0.07,49.65,0.08,187.99,0.01,0.01,2359.69598,1776368531000
1776368533.82,133.82,0.92,64.99,0.91,99.0,0.93,45.92,0.94,151.0,0.07,16.0,0.06,151.0,0.08,207.99,0.09,174.5,0.01,0.01,2359.69598,1776368531000
1776368534.038,134.038,0.92,69.99,0.91,99.0,0.93,41.6,0.94,151.0,0.07,42.68,0.06,151.0,0.08,69.99,0.09,99.0,0.01,0.01,2359.673292,1776368532000
1776368535.287,135.287,0.92,41.99,0.91,99.0,0.93,15.0,0.94,151.0,0.07,52.84,0.06,151.0,0.08,69.99,0.09,99.0,0.01,0.01,2359.384965,1776368534000
1776368536.088,136.088,0.92,16.09,0.91,99.0,0.93,10.0,0.94,203.0,0.07,15.0,0.06,151.0,0.08,41.99,0.09,99.0,0.01,0.01,2359.384965,1776368534000
1776368536.909,136.909,0.92,30.0,0.91,204.5,0.93,24.38,0.94,156.0,0.07,10.0,0.06,203.0,0.08,16.09,0.09,99.0,0.01,0.01,2359.091158,1776368535000
1776368539.426,139.426,0.93,228.78,0.92,209.4,0.94,115.65,0.95,250.0,0.07,24.38,0.06,156.0,0.08,30.0,0.09,204.5,0.01,0.01,2359.370344,1776368538000
1776368542.921,142.921,0.93,284.28,0.92,199.4,0.95,41.11,0.96,292.5,0.06,115.65,0.05,250.0,0.07,228.78,0.08,209.4,0.02,0.01,2359.841363,1776368541000
1776368543.458,143.458,0.94,228.8,0.93,244.28,0.95,10.11,0.96,292.5,0.05,41.11,0.04,292.5,0.07,284.28,0.08,199.4,0.01,0.02,2360.282241,1776368542000
1776368543.678,143.678,0.94,228.8,0.93,244.28,0.95,11.93,0.96,292.5,0.05,12.99,0.04,292.5,0.06,228.8,0.07,244.28,0.01,0.01,2360.282241,1776368542000
1776368544.099,144.099,0.95,121.0,0.94,198.8,0.96,272.3,0.97,438.0,0.04,278.3,0.03,438.0,0.06,233.8,0.07,244.28,0.01,0.02,2360.282241,1776368542000
1776368544.416,144.416,0.95,307.06,0.94,198.8,0.96,271.25,0.97,438.0,0.04,272.3,0.03,438.0,0.05,121.0,0.06,198.8,0.01,0.01,2360.251985,1776368543000
1776368544.834,144.834,0.95,374.06,0.94,208.8,0.96,120.2,0.97,438.0,0.04,271.25,0.03,438.0,0.05,307.06,0.06,198.8,0.01,0.01,2360.251985,1776368543000
1776368545.065,145.065,0.95,352.06,0.94,208.8,0.96,90.2,0.97,453.0,0.04,120.2,0.03,438.0,0.05,374.06,0.06,208.8,0.01,0.01,2360.251985,1776368543000
1776368549.254,149.254,0.95,296.06,0.94,188.8,0.96,39.15,0.97,453.0,0.04,90.2,0.03,453.0,0.05,352.06,0.06,208.8,0.01,0.01,2360.245669,1776368548000
1776368549.487,149.487,0.95,296.06,0.94,188.8,0.96,38.1,0.97,453.0,0.04,39.15,0.03,453.0,0.05,296.06,0.06,188.8,0.01,0.01,2360.245669,1776368548000
1776368550.037,150.037,0.96,24.25,0.95,331.06,0.97,459.0,0.98,248.0,0.04,30.75,0.03,453.0,0.05,301.06,0.06,188.8,0.01,0.01,2360.245669,1776368548000
1776368550.851,150.851,0.96,335.7,0.95,296.06,0.97,453.89,0.98,248.0,0.03,459.0,0.02,248.0,0.04,24.25,0.05,331.06,0.01,0.01,2360.241803,1776368549000
1776368551.435,151.435,0.96,353.7,0.95,301.06,0.97,431.89,0.98,248.0,0.03,453.89,0.02,248.0,0.04,335.7,0.05,296.06,0.01,0.01,2360.256329,1776368550000
1776368551.944,151.944,0.96,343.7,0.95,296.06,0.97,383.85,0.98,248.0,0.03,430.85,0.02,248.0,0.04,353.7,0.05,301.06,0.01,0.01,2360.256329,1776368550000
1776368552.274,152.274,0.96,343.7,0.95,296.06,0.97,314.49,0.98,248.0,0.03,338.74,0.02,248.0,0.04,343.7,0.05,296.06,0.01,0.01,2360.256329,1776368550000
1776368552.482,152.482,0.96,343.7,0.95,296.06,0.97,228.49,0.98,248.0,0.03,284.49,0.02,248.0,0.04,343.7,0.05,296.06,0.01,0.01,2360.267704,1776368551000
1776368553.009,153.009,0.96,343.7,0.95,296.06,0.97,217.29,0.98,248.0,0.03,228.49,0.02,248.0,0.04,343.7,0.05,296.06,0.01,0.01,2360.26852,1776368552000
1776368553.892,153.892,0.96,239.7,0.95,305.06,0.97,209.29,0.98,248.0,0.03,217.29,0.02,248.0,0.04,343.7,0.05,296.06,0.01,0.01,2360.26852,1776368552000
1776368554.398,154.398,0.96,239.7,0.95,330.06,0.97,179.29,0.98,248.0,0.03,209.29,0.02,248.0,0.04,239.7,0.05,305.06,0.01,0.01,2360.26852,1776368552000
1776368555.081,155.081,0.96,239.7,0.95,340.06,0.97,177.29,0.98,248.0,0.03,179.29,0.02,248.0,0.04,239.7,0.05,330.06,0.01,0.01,2360.261267,1776368554000
1776368555.482,155.482,0.96,239.7,0.95,345.06,0.97,127.29,0.98,248.0,0.03,177.29,0.02,248.0,0.04,239.7,0.05,340.06,0.01,0.01,2360.261267,1776368554000
1776368556.452,156.452,0.96,221.7,0.95,345.06,0.97,107.29,0.98,248.0,0.03,127.29,0.02,248.0,0.04,239.7,0.05,345.06,0.01,0.01,2360.231489,1776368555000
1776368557.664,157.664,0.96,221.7,0.95,340.06,0.97,77.77,0.98,248.0,0.03,107.77,0.02,248.0,0.04,221.7,0.05,345.06,0.01,0.01,2360.229071,1776368556000
1776368559.57,159.57,0.96,221.7,0.95,338.06,0.97,59.77,0.98,248.0,0.03,59.77,0.02,248.0,0.04,221.7,0.05,340.06,0.01,0.01,2360.075063,1776368558000
1776368560.245,160.245,0.96,221.7,0.95,338.06,0.97,107.0,0.98,548.0,0.03,59.77,0.02,248.0,0.04,221.7,0.05,338.06,0.01,0.01,2359.981395,1776368559000
1776368561.743,161.743,0.96,93.82,0.95,348.06,0.97,117.0,0.98,948.0,0.03,107.0,0.02,548.0,0.04,221.7,0.05,338.06,0.01,0.01,2359.9708,1776368560000
1776368562.012,162.012,0.95,293.06,0.94,164.3,0.97,99.0,0.98,248.0,0.03,117.0,0.02,948.0,0.04,93.82,0.05,348.06,0.02,0.01,2359.9708,1776368560000
1776368563.894,163.894,0.95,248.06,0.94,149.3,0.96,6.9,0.97,104.0,0.03,99.0,0.02,248.0,0.05,293.06,0.06,164.3,0.01,0.02,2359.888861,1776368562000
1776368564.645,164.645,0.95,130.26,0.94,135.3,0.96,76.29,0.97,15.0,0.04,6.9,0.03,104.0,0.05,248.06,0.06,149.3,0.01,0.01,2359.907297,1776368563000
1776368566.019,166.019,0.93,68.98,0.92,316.4,0.96,9.29,0.97,265.99,0.04,76.29,0.03,15.0,0.05,130.26,0.06,135.3,0.03,0.01,2359.880951,1776368564000
1776368568.838,168.838,0.94,85.0,0.93,138.28,0.95,17.88,0.96,11.21,0.04,1.21,0.03,265.99,0.07,68.98,0.08,316.4,0.01,0.03,2358.982457,1776368567000
1776368571.252,171.252,0.94,91.44,0.93,78.78,0.95,32.0,0.96,15.0,0.05,17.88,0.04,11.21,0.06,85.0,0.07,138.28,0.01,0.01,2358.91175,1776368570000
1776368572.542,172.542,0.94,36.44,0.93,63.78,0.95,56.73,0.96,209.99,0.05,26.73,0.04,15.0,0.06,91.44,0.07,79.28,0.01,0.01,2359.055512,1776368571000
1776368572.86,172.86,0.93,63.78,0.92,215.0,0.95,56.73,0.96,145.46,0.05,56.73,0.04,209.99,0.06,36.44,0.07,63.78,0.02,0.01,2359.055512,1776368571000
1776368574.496,174.496,0.93,78.78,0.92,259.5,0.94,17.0,0.95,66.3,0.05,31.73,0.04,145.46,0.07,63.78,0.08,215.0,0.01,0.02,2358.628834,1776368573000
1776368578.037,178.037,0.93,192.49,0.92,274.5,0.94,21.7,0.95,49.57,0.06,23.84,0.05,66.3,0.07,113.78,0.08,352.53,0.01,0.01,2358.237449,1776368576000
1776368580.339,180.339,0.93,68.78,0.92,310.17,0.94,29.61,0.95,49.57,0.06,21.7,0.05,49.57,0.07,192.49,0.08,250.5,0.01,0.01,2358.32276,1776368579000
1776368580.6,180.6,0.93,68.78,0.92,236.5,0.94,24.29,0.95,49.57,0.06,29.61,0.05,49.57,0.07,68.78,0.08,310.17,0.01,0.01,2358.32276,1776368579000
1776368581.016,181.016,0.93,63.78,0.92,208.0,0.94,48.97,0.95,144.57,0.06,37.97,0.05,144.57,0.07,68.78,0.08,200.0,0.01,0.01,2358.32276,1776368579000
1776368581.252,181.252,0.93,71.78,0.92,8.0,0.94,36.69,0.95,245.03,0.06,48.97,0.05,144.57,0.07,63.78,0.08,208.0,0.01,0.01,2358.278899,1776368580000
1776368581.454,181.454,0.93,71.78,0.92,8.0,0.94,105.36,0.95,121.2,0.06,89.36,0.05,221.66,0.07,71.78,0.08,8.0,0.01,0.01,2358.278899,1776368580000
1776368582.689,182.689,0.94,19.09,0.93,202.28,0.95,21.2,0.96,25.0,0.06,4.68,0.05,46.2,0.07,71.78,0.08,8.0,0.01,0.01,2358.173395,1776368581000
1776368583.553,183.553,0.94,115.21,0.93,212.28,0.95,5.51,0.96,40.0,0.05,10.66,0.04,35.0,0.06,34.09,0.07,202.28,0.01,0.01,2357.871659,1776368582000
1776368587.551,187.551,0.94,236.91,0.93,192.28,0.98,325.63,0.99,2571.03,0.05,5.51,0.04,40.0,0.06,115.21,0.07,212.28,0.04,0.01,2358.5843,1776368586000
1776368588.061,188.061,0.97,230.06,0.96,10.0,0.98,301.54,0.99,3434.03,0.02,325.63,0.01,2571.03,0.06,236.91,0.07,192.28,0.01,0.04,2358.706406,1776368587000
1776368588.318,188.318,0.97,128.0,0.96,20.0,0.98,265.63,0.99,3034.03,0.02,290.42,0.01,3434.03,0.03,230.06,0.04,10.0,0.01,0.01,2358.706406,1776368587000
1776368589.442,189.442,0.97,210.06,0.96,110.0,0.98,548.41,0.99,2839.03,0.02,235.52,0.01,3234.03,0.03,128.0,0.04,20.0,0.01,0.01,2358.653455,1776368588000
1776368591.275,191.275,0.97,81.97,0.96,110.0,0.98,448.41,0.99,2539.03,0.02,548.41,0.01,2839.03,0.03,210.06,0.04,110.0,0.01,0.01,2358.469212,1776368590000
1776368594.136,194.136,0.97,139.06,0.96,20.5,0.98,430.82,0.99,2305.02,0.02,448.41,0.01,2539.03,0.03,76.97,0.04,100.0,0.01,0.01,2358.151027,1776368592000
1776368594.588,194.588,0.97,20.0,0.96,20.5,0.98,380.77,0.99,2177.02,0.02,377.82,0.01,2255.02,0.03,20.0,0.04,20.5,0.01,0.01,2358.151027,1776368592000
1776368596.779,196.779,0.97,549.0,0.96,40.5,0.99,1591.12,,,0.02,380.77,0.01,2177.02,0.03,20.0,0.04,20.5,0.02,0.01,2358.768575,1776368595000
1776368598.799,198.799,0.98,117.0,0.97,661.06,0.99,1641.65,,,0.01,1591.12,,,0.03,549.0,0.04,40.5,0.01,0.02,2358.878682,1776368597000
1776368600.232,200.232,0.98,228.02,0.97,593.0,0.99,1456.19,,,0.01,1641.65,,,0.02,117.0,0.03,661.06,0.01,0.01,2359.245333,1776368598000
1776368600.881,200.881,0.98,309.72,0.97,727.2,0.99,1389.66,,,0.01,1454.19,,,0.02,228.02,0.03,593.0,0.01,0.01,2359.238197,1776368599000
1776368601.105,201.105,0.98,331.72,0.97,727.2,0.99,1388.64,,,0.01,1389.66,,,0.02,309.72,0.03,727.2,0.01,0.01,2359.242576,1776368600000
1776368601.382,201.382,0.98,300.01,0.97,727.2,0.99,1388.64,,,0.01,1388.64,,,0.02,331.72,0.03,727.2,0.01,0.01,2359.242576,1776368600000
1776368601.638,201.638,0.98,198.99,0.97,727.2,0.99,1367.41,,,0.01,1368.43,,,0.02,300.01,0.03,727.2,0.01,0.01,2359.242576,1776368600000
1776368604.871,204.871,0.98,350.01,0.97,707.2,0.99,1326.99,,,0.01,1362.35,,,0.02,311.01,0.03,727.2,0.01,0.01,2359.917433,1776368603000
1776368605.22,205.22,0.98,350.01,0.97,706.2,0.99,1306.88,,,0.01,1316.88,,,0.02,350.01,0.03,707.2,0.01,0.01,2359.917433,1776368603000
1776368606.854,206.854,0.98,340.01,0.97,706.2,0.99,1301.88,,,0.01,1306.88,,,0.02,350.01,0.03,706.2,0.01,0.01,2360.008336,1776368604000
1776368607.536,207.536,0.98,340.01,0.97,706.2,0.99,1666.52,,,0.01,1301.88,,,0.02,340.01,0.03,706.2,0.01,0.01,2360.026859,1776368606000
1776368608.074,208.074,0.98,335.75,0.97,706.2,0.99,1566.52,,,0.01,1566.52,,,0.02,340.01,0.03,706.2,0.01,0.01,2360.026859,1776368606000
1776368608.474,208.474,0.98,345.75,0.97,706.2,0.99,1445.52,,,0.01,1546.52,,,0.02,335.75,0.03,706.2,0.01,0.01,2359.923323,1776368607000
1776368608.712,208.712,0.98,345.75,0.97,706.2,0.99,1433.01,,,0.01,1445.52,,,0.02,345.75,0.03,706.2,0.01,0.01,2359.923323,1776368607000
1776368610.39,210.39,0.98,259.73,0.97,706.2,0.99,1312.01,,,0.01,1433.01,,,0.02,345.75,0.03,706.2,0.01,0.01,2359.848779,1776368609000
1776368611.511,211.511,0.98,324.72,0.97,706.2,0.99,1305.95,,,0.01,1312.01,,,0.02,259.73,0.03,706.2,0.01,0.01,2359.848779,1776368609000
1776368612.634,212.634,0.98,432.74,0.97,706.2,0.99,1402.93,,,0.01,1304.93,,,0.02,425.74,0.03,706.2,0.01,0.01,2359.881448,1776368611000
1776368612.904,212.904,0.98,332.33,0.97,706.2,0.99,788.6,,,0.01,1392.82,,,0.02,433.35,0.03,706.2,0.01,0.01,2359.881448,1776368611000
1776368613.614,213.614,0.98,433.35,0.97,706.2,0.99,783.55,,,0.01,788.6,,,0.02,332.33,0.03,706.2,0.01,0.01,2359.944529,1776368612000
1776368614.744,214.744,0.98,337.33,0.97,706.2,0.99,758.3,,,0.01,778.5,,,0.02,433.35,0.03,706.2,0.01,0.01,2359.781996,1776368613000
1776368615.395,215.395,0.98,445.35,0.97,704.2,0.99,737.3,,,0.01,758.3,,,0.02,337.33,0.03,706.2,0.01,0.01,2359.74185,1776368614000
1776368616.223,216.223,0.98,531.1,0.97,704.2,0.99,732.3,,,0.01,737.3,,,0.02,445.35,0.03,704.2,0.01,0.01,2359.74185,1776368614000
1776368618.19,218.19,0.98,516.1,0.97,704.2,0.99,1427.25,,,0.01,732.3,,,0.02,531.1,0.03,704.2,0.01,0.01,2359.753347,1776368616000
1776368620.292,220.292,0.98,430.08,0.97,705.2,0.99,1027.13,,,0.01,1362.49,,,0.02,516.1,0.03,704.2,0.01,0.01,2359.843375,1776368619000
1776368621.021,221.021,0.98,531.1,0.97,705.2,0.99,1325.11,,,0.01,1027.13,,,0.02,430.08,0.03,705.2,0.01,0.01,2359.843375,1776368619000
1776368621.355,221.355,0.98,514.1,0.97,705.2,0.99,1225.69,,,0.01,1000.69,,,0.02,514.1,0.03,705.2,0.01,0.01,2359.843375,1776368619000
1776368621.971,221.971,0.98,516.1,0.97,705.2,0.99,523.69,,,0.01,1225.69,,,0.02,514.1,0.03,705.2,0.01,0.01,2359.869794,1776368620000
1776368622.367,222.367,0.98,521.1,0.97,705.2,0.99,521.67,,,0.01,523.69,,,0.02,516.1,0.03,705.2,0.01,0.01,2359.873389,1776368621000
1776368623.601,223.601,0.98,415.08,0.97,705.2,0.99,516.67,,,0.01,521.67,,,0.02,521.1,0.03,705.2,0.01,0.01,2359.785016,1776368622000
1776368625.009,225.009,0.98,415.08,0.97,705.2,0.99,466.37,,,0.01,486.37,,,0.02,415.08,0.03,705.2,0.01,0.01,2359.586559,1776368624000
1776368626.146,226.146,0.98,516.1,0.97,703.2,0.99,760.92,,,0.01,466.37,,,0.02,415.08,0.03,705.2,0.01,0.01,2359.240231,1776368625000
1776368626.587,226.587,0.98,466.64,0.97,703.2,0.99,460.92,,,0.01,760.92,,,0.02,516.1,0.03,703.2,0.01,0.01,2359.240231,1776368625000
1776368627.574,227.574,0.98,490.64,0.97,703.2,0.99,731.68,,,0.01,443.8,,,0.02,365.62,0.03,703.2,0.01,0.01,2359.240231,1776368625000
1776368630.776,230.776,0.98,493.64,0.97,703.2,0.99,396.32,,,0.01,731.68,,,0.02,490.64,0.03,703.2,0.01,0.01,2359.187212,1776368629000
1776368632.519,232.519,0.98,481.64,0.97,703.2,0.99,355.96,,,0.01,391.32,,,0.02,493.64,0.03,703.2,0.01,0.01,2359.2612,1776368631000
1776368634.142,234.142,0.98,524.14,0.97,683.2,0.99,345.85,,,0.01,355.96,,,0.02,481.64,0.03,703.2,0.01,0.01,2359.343003,1776368632000
1776368634.446,234.446,0.98,423.12,0.97,683.2,0.99,445.85,,,0.01,345.85,,,0.02,524.14,0.03,683.2,0.01,0.01,2359.406399,1776368633000
1776368635.367,235.367,0.99,728.23,0.98,361.12,,,,,,,,,0.02,423.12,0.03,783.2,,,2359.429965,1776368634000
1776368636.915,236.915,0.99,785.99,0.98,439.12,,,,,,,,,0.01,726.97,0.02,361.12,,,2359.480917,1776368635000
1776368639.399,239.399,0.99,542.34,0.98,439.12,,,,,,,,,0.01,785.99,0.02,439.12,,,2359.675731,1776368637000
1776368641.062,241.062,0.99,742.48,0.98,428.62,,,,,,,,,0.01,542.34,0.02,439.12,,,2359.873736,1776368639000
1776368644.087,244.087,0.99,743.04,0.98,428.62,,,,,,,,,0.01,742.48,0.02,428.62,,,2359.792058,1776368642000

# RESULT,winner=Up,slug=eth-updown-5m-1776368400,ticks=315
