timestamp,elapsed_sec,up_bid_p1,up_bid_s1,up_bid_p2,up_bid_s2,up_ask_p1,up_ask_s1,up_ask_p2,up_ask_s2,down_bid_p1,down_bid_s1,down_bid_p2,down_bid_s2,down_ask_p1,down_ask_s1,down_ask_p2,down_ask_s2,up_spread,down_spread,eth_price,eth_oracle_ts
1776215401.386,1.386,,,,,,,,,,,,,,,,,,,2338.754922,1776215400000
1776215401.908,1.908,0.45,63.32,0.44,70.0,0.49,198.0,0.5,41.5,0.51,190.45,0.5,46.5,0.52,10.0,0.54,5.0,0.04,0.01,2338.754922,1776215400000
1776215402.522,2.522,0.45,54.86,0.44,70.0,0.49,190.45,0.5,46.5,0.51,190.45,0.5,46.5,0.55,54.86,0.56,70.0,0.04,0.04,2338.84428,1776215401000
1776215402.919,2.919,0.45,47.04,0.44,70.0,0.46,32.32,0.49,185.14,0.51,185.14,0.5,46.5,0.55,59.04,0.56,75.0,0.01,0.04,2338.84428,1776215401000
1776215403.269,3.269,0.45,47.04,0.44,70.0,0.46,32.32,0.49,185.14,0.54,32.32,0.51,185.14,0.55,47.04,0.56,70.0,0.01,0.01,2338.920155,1776215402000
1776215403.51,3.51,0.39,70.0,0.38,75.0,0.4,10.0,0.41,10.0,0.54,32.32,0.51,185.14,0.55,47.04,0.56,70.0,0.01,0.01,2338.920155,1776215402000
1776215404.061,4.061,0.39,70.59,0.38,93.0,0.4,15.0,0.41,10.0,0.6,10.0,0.59,10.0,0.61,65.59,0.62,70.0,0.01,0.01,2338.920155,1776215402000
1776215404.313,4.313,0.39,50.59,0.38,98.0,0.4,14.0,0.41,15.0,0.6,14.0,0.59,10.0,0.61,70.59,0.62,93.0,0.01,0.01,2338.920155,1776215402000
1776215404.578,4.578,0.39,36.31,0.38,93.0,0.4,9.0,0.41,10.0,0.6,14.0,0.59,15.0,0.61,50.59,0.62,98.0,0.01,0.01,2338.780466,1776215403000
1776215405.797,5.797,0.39,28.91,0.38,93.0,0.4,9.0,0.41,20.0,0.6,14.0,0.59,15.0,0.61,8.91,0.62,93.0,0.01,0.01,2338.780466,1776215403000
1776215406.28,6.28,0.39,22.23,0.38,109.0,0.4,4.0,0.41,20.0,0.6,9.0,0.59,20.0,0.61,28.91,0.62,93.0,0.01,0.01,2338.780466,1776215403000
1776215406.76,6.76,0.39,21.66,0.38,109.0,0.4,9.0,0.41,15.0,0.6,4.0,0.59,20.0,0.61,22.23,0.62,109.0,0.01,0.01,2338.780466,1776215403000
1776215407.416,7.416,0.39,0.08,0.38,88.0,0.4,19.0,0.41,15.0,0.6,9.0,0.59,15.0,0.61,21.66,0.62,109.0,0.01,0.01,2338.230563,1776215405000
1776215408.028,8.028,0.38,68.91,0.37,104.0,0.4,9.0,0.41,15.0,0.6,9.0,0.59,15.0,0.62,68.91,0.63,104.0,0.02,0.02,2338.219709,1776215407000
1776215408.333,8.333,0.38,169.07,0.37,234.0,0.39,10.0,0.4,14.0,0.61,10.0,0.6,14.0,0.62,173.91,0.63,224.0,0.01,0.01,2338.219709,1776215407000
1776215409.151,9.151,0.38,169.07,0.37,234.0,0.39,10.0,0.4,14.0,0.61,10.0,0.6,14.0,0.62,169.07,0.63,234.0,0.01,0.01,2338.217802,1776215408000
1776215410.079,10.079,0.38,16.07,0.37,85.0,0.39,35.0,0.4,14.0,0.61,15.0,0.6,9.0,0.62,49.07,0.63,109.0,0.01,0.01,2338.217802,1776215408000
1776215410.411,10.411,0.38,5.07,0.37,85.0,0.39,30.0,0.4,14.0,0.61,30.0,0.6,14.0,0.62,5.07,0.63,85.0,0.01,0.01,2338.247912,1776215409000
1776215410.634,10.634,0.38,5.15,0.37,93.0,0.39,30.0,0.4,9.0,0.61,30.0,0.6,14.0,0.62,5.07,0.63,85.0,0.01,0.01,2338.247912,1776215409000
1776215410.933,10.933,0.38,5.15,0.37,93.0,0.39,30.0,0.4,9.0,0.61,30.0,0.6,9.0,0.62,5.15,0.63,93.0,0.01,0.01,2338.246977,1776215410000
1776215411.189,11.189,0.37,182.32,0.36,24.0,0.39,45.0,0.4,9.0,0.61,30.0,0.6,9.0,0.62,5.15,0.63,93.0,0.02,0.01,2338.246977,1776215410000
1776215411.77,11.77,0.37,182.55,0.36,130.0,0.38,20.0,0.39,140.0,0.61,45.0,0.6,9.0,0.63,182.32,0.64,24.0,0.01,0.02,2338.246977,1776215410000
1776215412.224,12.224,0.37,182.55,0.36,130.0,0.38,20.0,0.39,140.0,0.62,20.0,0.61,140.0,0.63,182.55,0.64,130.0,0.01,0.01,2338.145877,1776215411000
1776215412.948,12.948,0.37,178.55,0.36,134.0,0.38,20.0,0.39,125.0,0.62,20.0,0.61,140.0,0.63,182.55,0.64,130.0,0.01,0.01,2338.145877,1776215411000
1776215413.309,13.309,0.37,178.55,0.36,134.0,0.38,20.0,0.39,125.0,0.62,20.0,0.61,125.0,0.63,178.55,0.64,134.0,0.01,0.01,2338.051198,1776215412000
1776215413.553,13.553,0.37,76.96,0.36,34.0,0.38,20.0,0.39,25.0,0.62,20.0,0.61,125.0,0.63,178.55,0.64,134.0,0.01,0.01,2338.051198,1776215412000
1776215413.843,13.843,0.37,79.8,0.36,19.0,0.38,15.0,0.39,25.0,0.62,15.0,0.61,25.0,0.63,76.96,0.64,19.0,0.01,0.01,2338.051198,1776215412000
1776215415.253,15.253,0.37,74.8,0.36,19.0,0.38,15.0,0.39,25.0,0.62,15.0,0.61,25.0,0.63,74.8,0.64,19.0,0.01,0.01,2338.050209,1776215414000
1776215416.152,16.152,0.4,70.0,0.39,83.0,0.41,10.0,0.42,6.43,0.6,8.0,0.59,25.0,0.63,87.8,0.64,34.0,0.01,0.03,2338.050209,1776215414000
1776215416.555,16.555,0.41,39.92,0.4,70.0,0.42,11.43,0.43,15.0,0.59,10.0,0.58,6.43,0.6,70.0,0.61,83.0,0.01,0.01,2338.050209,1776215414000
1776215417.124,17.124,0.41,39.92,0.4,70.0,0.42,11.43,0.43,15.0,0.58,11.43,0.57,15.0,0.59,39.92,0.6,70.0,0.01,0.01,2338.128292,1776215416000
1776215418.356,18.356,0.41,39.92,0.4,70.0,0.42,11.43,0.43,15.0,0.58,11.43,0.57,15.0,0.59,39.92,0.6,70.0,0.01,0.01,2338.249291,1776215417000
1776215418.92,18.92,0.41,39.92,0.4,70.0,0.42,11.43,0.43,15.0,0.58,11.43,0.57,15.0,0.59,39.92,0.6,70.0,0.01,0.01,2338.234713,1776215418000
1776215420.394,20.394,0.41,39.92,0.4,70.0,0.42,11.43,0.43,15.0,0.58,11.43,0.57,15.0,0.59,39.92,0.6,70.0,0.01,0.01,2338.107429,1776215419000
1776215420.919,20.919,0.41,39.92,0.4,70.0,0.42,11.43,0.43,15.0,0.58,11.43,0.57,15.0,0.59,39.92,0.6,70.0,0.01,0.01,2338.078407,1776215420000
1776215421.452,21.452,0.4,30.0,0.39,26.0,0.41,7.68,0.42,16.43,0.58,11.43,0.57,15.0,0.59,39.92,0.6,70.0,0.01,0.01,2338.078407,1776215420000
1776215421.655,21.655,0.4,30.0,0.39,26.0,0.41,2.55,0.42,16.43,0.59,7.68,0.58,16.43,0.6,30.0,0.61,26.0,0.01,0.01,2338.078407,1776215420000
1776215422.306,22.306,0.39,5.0,0.38,8.0,0.41,20.0,0.42,25.01,0.58,7.01,0.57,20.0,0.6,30.0,0.61,26.0,0.02,0.02,2338.078407,1776215420000
1776215422.571,22.571,0.38,8.0,0.37,32.0,0.39,6.0,0.4,15.0,0.61,6.0,0.6,15.0,0.62,8.0,0.63,32.0,0.01,0.01,2338.106791,1776215421000
1776215423.154,23.154,0.38,8.0,0.37,32.0,0.39,6.0,0.4,15.0,0.61,6.0,0.6,15.0,0.62,8.0,0.63,32.0,0.01,0.01,2338.133156,1776215422000
1776215424.529,24.529,0.38,8.0,0.37,32.0,0.39,6.0,0.4,15.0,0.61,6.0,0.6,15.0,0.62,8.0,0.63,32.0,0.01,0.01,2338.013774,1776215423000
1776215425.196,25.196,0.38,8.0,0.37,32.0,0.39,6.0,0.4,15.0,0.61,6.0,0.6,15.0,0.62,8.0,0.63,32.0,0.01,0.01,2337.989215,1776215424000
1776215425.448,25.448,0.38,17.38,0.37,28.0,0.39,26.0,0.4,15.0,0.61,6.0,0.6,15.0,0.62,8.0,0.63,32.0,0.01,0.01,2337.989215,1776215424000
1776215425.76,25.76,0.38,15.76,0.37,28.0,0.39,31.0,0.4,15.0,0.61,26.0,0.6,15.0,0.62,17.38,0.63,28.0,0.01,0.01,2337.989215,1776215424000
1776215425.992,25.992,0.38,21.82,0.37,28.0,0.39,26.0,0.4,15.0,0.61,31.0,0.6,15.0,0.62,15.76,0.63,28.0,0.01,0.01,2337.989215,1776215424000
1776215426.426,26.426,0.38,21.82,0.37,28.0,0.39,26.0,0.4,15.0,0.61,26.0,0.6,15.0,0.62,21.82,0.63,28.0,0.01,0.01,2337.976893,1776215425000
1776215426.973,26.973,0.38,21.82,0.37,28.0,0.39,26.0,0.4,15.0,0.61,26.0,0.6,15.0,0.62,21.82,0.63,28.0,0.01,0.01,2337.973279,1776215426000
1776215427.541,27.541,0.38,25.82,0.37,28.0,0.39,21.0,0.4,10.0,0.61,26.0,0.6,15.0,0.62,21.82,0.63,28.0,0.01,0.01,2337.973279,1776215426000
1776215428.196,28.196,0.38,25.82,0.37,28.0,0.39,21.0,0.4,10.0,0.61,21.0,0.6,10.0,0.62,25.82,0.63,28.0,0.01,0.01,2337.955342,1776215427000
1776215429.246,29.246,0.38,25.82,0.37,28.0,0.39,21.0,0.4,10.0,0.61,21.0,0.6,10.0,0.62,25.82,0.63,28.0,0.01,0.01,2338.013376,1776215428000
1776215430.423,30.423,0.38,25.82,0.37,28.0,0.39,2.67,0.4,15.0,0.61,21.0,0.6,10.0,0.62,25.82,0.63,28.0,0.01,0.01,2338.013376,1776215428000
1776215430.628,30.628,0.38,35.82,0.37,38.0,0.41,41.66,0.42,35.01,0.6,5.39,0.59,75.69,0.62,25.82,0.63,38.0,0.03,0.02,2338.033713,1776215429000
1776215430.841,30.841,0.39,20.0,0.38,35.82,0.41,9.02,0.42,35.01,0.59,28.27,0.58,35.01,0.61,20.0,0.62,35.82,0.02,0.02,2338.033713,1776215429000
1776215431.052,31.052,0.39,20.0,0.38,35.82,0.41,9.02,0.42,35.01,0.59,9.02,0.58,35.01,0.61,20.0,0.62,35.82,0.02,0.02,2338.030949,1776215430000
1776215432.183,32.183,0.39,8.0,0.38,43.82,0.42,74.01,0.43,115.0,0.58,74.01,0.57,115.0,0.61,8.0,0.62,43.82,0.03,0.03,2338.033394,1776215431000
1776215433.001,33.001,0.4,15.0,0.39,18.0,0.41,37.56,0.42,27.01,0.58,74.01,0.57,115.0,0.61,8.0,0.62,43.82,0.01,0.03,2338.033394,1776215431000
1776215433.245,33.245,0.4,15.0,0.39,18.0,0.41,37.56,0.42,27.01,0.59,37.56,0.58,27.01,0.6,15.0,0.61,18.0,0.01,0.01,2338.059363,1776215432000
1776215433.498,33.498,0.36,8.43,0.35,37.52,0.38,36.0,0.39,41.0,0.62,11.0,0.61,66.0,0.65,18.52,0.66,30.0,0.02,0.03,2338.059363,1776215432000
1776215434.347,34.347,0.36,8.43,0.35,37.52,0.38,36.0,0.39,41.0,0.62,36.0,0.61,41.0,0.64,8.43,0.65,37.52,0.02,0.02,2338.082151,1776215433000
1776215434.869,34.869,0.37,30.61,0.36,35.43,0.38,66.0,0.39,47.0,0.62,66.0,0.61,47.0,0.63,30.61,0.64,35.43,0.01,0.01,2338.055031,1776215434000
1776215436.053,36.053,0.37,30.61,0.36,35.43,0.38,66.0,0.39,47.0,0.62,66.0,0.61,47.0,0.63,30.61,0.64,35.43,0.01,0.01,2337.924336,1776215435000
1776215437.706,37.706,0.37,30.61,0.36,35.43,0.38,66.0,0.39,47.0,0.62,66.0,0.61,47.0,0.63,30.61,0.64,35.43,0.01,0.01,2337.889448,1776215436000
1776215438.251,38.251,0.37,20.61,0.33,10.0,0.38,147.06,0.39,117.0,0.62,66.0,0.61,47.0,0.63,30.61,0.64,35.43,0.01,0.01,2337.889448,1776215436000
1776215438.586,38.586,0.33,8.35,0.32,30.0,0.35,15.0,0.36,15.0,0.67,10.0,0.66,10.0,0.68,5.0,0.69,110.1,0.02,0.01,2337.877385,1776215437000
1776215438.93,38.93,0.34,25.0,0.33,18.35,0.35,2.85,0.36,15.0,0.65,15.0,0.64,15.0,0.67,8.35,0.68,30.0,0.01,0.02,2337.877385,1776215437000
1776215439.135,39.135,0.35,1.18,0.34,45.0,0.36,15.0,0.37,15.0,0.64,15.0,0.63,15.0,0.65,1.18,0.66,45.0,0.01,0.01,2337.877379,1776215438000
1776215440.508,40.508,0.35,4.64,0.34,51.0,0.36,20.0,0.37,15.0,0.64,20.0,0.63,15.0,0.65,4.64,0.66,51.0,0.01,0.01,2337.672286,1776215439000
1776215441.231,41.231,0.35,5.0,0.34,45.0,0.37,15.0,0.38,108.06,0.63,15.0,0.62,108.06,0.65,5.0,0.66,45.0,0.02,0.02,2337.730371,1776215440000
1776215441.552,41.552,0.35,8.46,0.34,51.0,0.36,42.32,0.37,20.0,0.63,15.0,0.62,108.06,0.65,5.0,0.66,45.0,0.01,0.02,2337.730371,1776215440000
1776215442.467,42.467,0.35,50.33,0.34,50.0,0.36,52.32,0.37,26.0,0.64,42.32,0.63,20.0,0.65,8.46,0.66,51.0,0.01,0.01,2337.730371,1776215440000
1776215443.341,43.341,0.35,50.33,0.34,50.0,0.36,52.32,0.37,26.0,0.64,52.32,0.63,26.0,0.65,50.33,0.66,50.0,0.01,0.01,2337.741813,1776215442000
1776215443.968,43.968,0.36,9.85,0.35,50.33,0.37,17.0,0.38,87.06,0.63,17.0,0.62,87.06,0.64,9.85,0.65,50.33,0.01,0.01,2337.742671,1776215443000
1776215444.392,44.392,0.36,78.85,0.35,48.33,0.37,8.9,0.38,87.06,0.63,17.0,0.62,87.06,0.64,9.85,0.65,50.33,0.01,0.01,2337.742671,1776215443000
1776215445.212,45.212,0.36,78.85,0.35,48.33,0.37,8.9,0.38,87.06,0.63,8.9,0.62,87.06,0.64,78.85,0.65,48.33,0.01,0.01,2337.743016,1776215444000
1776215446.119,46.119,0.36,164.85,0.35,56.33,0.38,71.06,0.39,20.52,0.63,8.9,0.62,87.06,0.64,78.85,0.65,48.33,0.02,0.01,2337.743016,1776215444000
1776215446.491,46.491,0.37,15.0,0.36,169.85,0.4,32.52,0.41,11.0,0.6,32.52,0.59,11.0,0.63,15.0,0.64,169.85,0.03,0.03,2337.80482,1776215445000
1776215447.102,47.102,0.37,15.0,0.36,169.85,0.4,32.52,0.41,11.0,0.6,32.52,0.59,11.0,0.63,15.0,0.64,169.85,0.03,0.03,2337.80482,1776215446000
1776215447.609,47.609,0.39,84.0,0.38,47.0,0.4,16.1,0.41,60.03,0.6,24.5,0.59,6.0,0.61,97.0,0.62,47.0,0.01,0.01,2337.80482,1776215446000
1776215448.33,48.33,0.39,84.0,0.38,47.0,0.4,16.1,0.41,60.03,0.6,16.1,0.59,60.03,0.61,84.0,0.62,47.0,0.01,0.01,2337.949804,1776215447000
1776215448.936,48.936,0.39,84.0,0.38,47.0,0.4,16.1,0.41,60.03,0.6,16.1,0.59,60.03,0.61,84.0,0.62,47.0,0.01,0.01,2338.01763,1776215448000
1776215450.271,50.271,0.39,6.43,0.38,25.0,0.4,9.5,0.41,6.0,0.6,9.5,0.59,16.0,0.61,65.36,0.62,25.0,0.01,0.01,2338.01763,1776215448000
1776215450.881,50.881,0.36,6.92,0.34,14.52,0.37,107.0,0.38,31.0,0.6,9.5,0.59,6.0,0.61,6.43,0.62,25.0,0.01,0.01,2338.024097,1776215449000
1776215451.356,51.356,0.33,18.0,0.32,5.0,0.35,104.0,0.36,58.0,0.63,123.0,0.62,42.0,0.66,14.52,0.67,10.0,0.02,0.03,2338.036458,1776215450000
1776215452.282,52.282,0.33,16.0,0.32,5.0,0.34,158.83,0.35,65.0,0.65,104.0,0.64,58.0,0.67,18.0,0.68,5.0,0.01,0.02,2338.036458,1776215450000
1776215453.042,53.042,0.33,14.5,0.32,5.0,0.34,114.0,0.35,65.0,0.66,158.83,0.65,65.0,0.67,16.0,0.68,5.0,0.01,0.01,2338.036289,1776215451000
1776215453.372,53.372,0.33,3.52,0.32,15.0,0.34,65.0,0.35,30.0,0.66,114.0,0.65,65.0,0.67,14.5,0.68,5.0,0.01,0.01,2337.875261,1776215452000
1776215453.879,53.879,0.33,82.52,0.32,50.0,0.35,5.0,0.37,16.0,0.66,65.0,0.65,30.0,0.67,3.52,0.68,15.0,0.02,0.01,2337.875261,1776215452000
1776215454.168,54.168,0.36,56.0,0.35,20.0,0.37,5.0,0.38,5.0,0.65,5.0,0.63,16.0,0.67,82.52,0.68,50.0,0.01,0.02,2337.875261,1776215452000
1776215455.015,55.015,0.37,54.0,0.36,10.0,0.38,2.36,0.39,91.0,0.63,32.0,0.62,10.0,0.64,20.92,0.65,20.0,0.01,0.01,2337.875261,1776215452000
1776215456.295,56.295,0.37,54.0,0.36,10.0,0.38,2.36,0.39,91.0,0.62,2.36,0.61,91.0,0.63,54.0,0.64,10.0,0.01,0.01,2337.828577,1776215455000
1776215456.601,56.601,0.37,28.29,0.36,10.0,0.38,37.36,0.39,106.0,0.62,2.36,0.61,91.0,0.63,54.0,0.64,10.0,0.01,0.01,2337.828577,1776215455000
1776215456.988,56.988,0.37,28.29,0.36,10.0,0.38,37.36,0.39,106.0,0.62,37.36,0.61,106.0,0.63,28.29,0.64,10.0,0.01,0.01,2337.936732,1776215456000
1776215457.801,57.801,0.38,44.0,0.37,34.29,0.39,105.0,0.4,99.5,0.62,37.36,0.61,106.0,0.63,28.29,0.64,10.0,0.01,0.01,2337.936732,1776215456000
1776215458.166,58.166,0.38,44.0,0.37,34.29,0.39,105.0,0.4,99.5,0.61,105.0,0.6,99.5,0.62,44.0,0.63,34.29,0.01,0.01,2337.979005,1776215457000
1776215459.317,59.317,0.38,44.0,0.37,34.29,0.39,105.0,0.4,99.5,0.61,105.0,0.6,99.5,0.62,44.0,0.63,34.29,0.01,0.01,2338.053342,1776215458000
1776215460.091,60.091,0.38,44.0,0.37,34.29,0.39,105.0,0.4,99.5,0.61,105.0,0.6,99.5,0.62,44.0,0.63,34.29,0.01,0.01,2337.993391,1776215459000
1776215460.378,60.378,0.38,42.43,0.37,34.29,0.39,35.0,0.4,19.5,0.61,105.0,0.6,99.5,0.62,44.0,0.63,34.29,0.01,0.01,2337.993391,1776215459000
1776215460.742,60.742,0.38,45.7,0.37,34.29,0.39,40.0,0.4,19.5,0.61,35.0,0.6,19.5,0.62,42.43,0.63,34.29,0.01,0.01,2337.993391,1776215459000
1776215461.201,61.201,0.38,23.6,0.37,34.29,0.39,40.0,0.4,19.5,0.61,40.0,0.6,19.5,0.62,23.6,0.63,34.29,0.01,0.01,2337.996036,1776215460000
1776215461.642,61.642,0.38,5.6,0.37,29.29,0.39,40.0,0.4,19.5,0.61,40.0,0.6,19.5,0.62,23.6,0.63,34.29,0.01,0.01,2337.996036,1776215460000
1776215461.933,61.933,0.38,8.87,0.37,29.29,0.39,35.0,0.4,19.5,0.61,40.0,0.6,19.5,0.62,5.6,0.63,29.29,0.01,0.01,2337.996036,1776215460000
1776215462.14,62.14,0.38,8.87,0.37,19.29,0.39,23.23,0.4,14.5,0.61,35.0,0.6,19.5,0.62,8.87,0.63,29.29,0.01,0.01,2337.996036,1776215460000
1776215462.396,62.396,0.38,8.87,0.37,19.29,0.39,23.23,0.4,14.5,0.61,23.23,0.6,14.5,0.62,8.87,0.63,19.29,0.01,0.01,2338.017826,1776215461000
1776215463.132,63.132,0.38,8.87,0.37,19.29,0.39,23.23,0.4,14.5,0.61,23.23,0.6,14.5,0.62,8.87,0.63,19.29,0.01,0.01,2338.017421,1776215462000
1776215463.677,63.677,0.39,64.0,0.38,13.87,0.4,5.5,0.41,21.0,0.61,23.23,0.6,14.5,0.62,8.87,0.63,19.29,0.01,0.01,2338.017421,1776215462000
1776215464.275,64.275,0.39,64.0,0.38,13.87,0.4,5.5,0.41,21.0,0.6,5.5,0.59,21.0,0.61,64.0,0.62,13.87,0.01,0.01,2338.08302,1776215463000
1776215464.77,64.77,0.39,82.0,0.38,23.87,0.4,3.0,0.41,21.0,0.6,5.5,0.59,21.0,0.61,64.0,0.62,13.87,0.01,0.01,2338.08302,1776215463000
1776215465.386,65.386,0.39,82.0,0.38,23.87,0.4,3.0,0.41,21.0,0.6,3.0,0.59,21.0,0.61,82.0,0.62,23.87,0.01,0.01,2338.07122,1776215464000
1776215465.804,65.804,0.39,2.0,0.38,5.0,0.4,107.0,0.41,54.0,0.6,3.0,0.59,21.0,0.61,82.0,0.62,23.87,0.01,0.01,2338.07122,1776215464000
1776215467.017,67.017,0.37,18.41,0.36,70.0,0.38,72.81,0.39,33.0,0.6,126.0,0.59,54.0,0.63,10.0,0.64,70.0,0.01,0.03,2338.112158,1776215465000
1776215468.035,68.035,0.36,7.9,0.35,5.0,0.37,123.0,0.38,80.81,0.62,67.81,0.61,33.0,0.63,16.82,0.64,70.0,0.01,0.01,2338.141181,1776215466000
1776215468.426,68.426,0.35,10.0,0.34,26.0,0.36,44.79,0.37,128.0,0.64,44.79,0.63,128.0,0.65,10.0,0.66,26.0,0.01,0.01,2338.089414,1776215467000
1776215469.141,69.141,0.35,10.0,0.34,26.0,0.36,44.79,0.37,128.0,0.64,44.79,0.63,128.0,0.65,10.0,0.66,26.0,0.01,0.01,2338.00977,1776215468000
1776215470.873,70.873,0.35,13.0,0.34,26.0,0.36,121.79,0.37,34.0,0.64,121.79,0.63,34.0,0.65,13.0,0.66,26.0,0.01,0.01,2337.988987,1776215469000
1776215471.402,71.402,0.35,13.0,0.34,26.0,0.36,121.79,0.37,34.0,0.64,121.79,0.63,34.0,0.65,13.0,0.66,26.0,0.01,0.01,2338.006517,1776215470000
1776215471.815,71.815,0.35,8.35,0.34,31.0,0.36,151.79,0.37,34.0,0.64,121.79,0.63,34.0,0.65,13.0,0.66,26.0,0.01,0.01,2338.006517,1776215470000
1776215472.959,72.959,0.35,8.35,0.34,31.0,0.36,151.79,0.37,34.0,0.64,151.79,0.63,34.0,0.65,8.35,0.66,31.0,0.01,0.01,2337.992594,1776215472000
1776215473.952,73.952,0.35,8.35,0.34,31.0,0.36,151.79,0.37,34.0,0.64,151.79,0.63,34.0,0.65,8.35,0.66,31.0,0.01,0.01,2337.992579,1776215473000
1776215474.976,74.976,0.35,8.35,0.34,31.0,0.36,151.79,0.37,34.0,0.64,151.79,0.63,34.0,0.65,8.35,0.66,31.0,0.01,0.01,2337.923822,1776215474000
1776215475.425,75.425,0.34,63.37,0.33,95.0,0.36,49.79,0.37,11.0,0.64,151.79,0.63,34.0,0.65,8.35,0.66,31.0,0.02,0.01,2337.923822,1776215474000
1776215475.937,75.937,0.34,63.37,0.33,95.0,0.36,49.79,0.37,11.0,0.64,49.79,0.63,11.0,0.66,63.37,0.67,95.0,0.02,0.02,2337.921335,1776215475000
1776215476.566,76.566,0.35,49.0,0.34,39.37,0.36,60.9,0.37,16.0,0.64,49.79,0.63,11.0,0.66,63.37,0.67,95.0,0.01,0.02,2337.921335,1776215475000
1776215476.811,76.811,0.35,36.3,0.34,39.37,0.36,60.9,0.37,16.0,0.64,60.9,0.63,16.0,0.65,49.0,0.66,39.37,0.01,0.01,2337.921335,1776215475000
1776215477.011,77.011,0.35,36.3,0.34,39.37,0.36,60.9,0.37,16.0,0.64,60.9,0.63,16.0,0.65,36.3,0.66,39.37,0.01,0.01,2337.988547,1776215476000
1776215478.086,78.086,0.35,46.3,0.34,39.37,0.36,33.12,0.37,16.0,0.64,33.12,0.63,16.0,0.65,46.3,0.66,39.37,0.01,0.01,2337.989508,1776215477000
1776215478.984,78.984,0.35,46.3,0.34,39.37,0.36,33.12,0.37,16.0,0.64,33.12,0.63,16.0,0.65,46.3,0.66,39.37,0.01,0.01,2338.017039,1776215478000
1776215479.943,79.943,0.35,46.3,0.34,39.37,0.36,33.12,0.37,16.0,0.64,33.12,0.63,16.0,0.65,46.3,0.66,39.37,0.01,0.01,2338.047854,1776215479000
1776215481.074,81.074,0.35,46.3,0.34,39.37,0.36,33.12,0.37,16.0,0.64,33.12,0.63,16.0,0.65,46.3,0.66,39.37,0.01,0.01,2338.069091,1776215480000
1776215481.973,81.973,0.35,36.3,0.34,72.37,0.36,30.14,0.37,5.0,0.64,33.12,0.63,16.0,0.65,46.3,0.66,39.37,0.01,0.01,2338.069091,1776215480000
1776215482.685,82.685,0.35,110.3,0.34,46.37,0.38,14.81,0.41,21.0,0.64,30.14,0.63,5.0,0.65,36.3,0.66,72.37,0.03,0.01,2338.092477,1776215481000
1776215483.156,83.156,0.39,10.0,0.38,24.34,0.41,13.53,0.42,11.0,0.59,13.53,0.58,11.0,0.61,10.0,0.62,24.34,0.02,0.02,2338.101109,1776215482000
1776215483.374,83.374,0.39,17.37,0.38,46.0,0.41,13.53,0.42,11.0,0.59,13.53,0.58,11.0,0.61,10.0,0.62,24.34,0.02,0.02,2338.101109,1776215482000
1776215484.146,84.146,0.39,17.37,0.38,46.0,0.41,13.53,0.42,11.0,0.59,13.53,0.58,11.0,0.61,17.37,0.62,46.0,0.02,0.02,2338.112821,1776215483000
1776215485.062,85.062,0.4,10.0,0.39,20.0,0.41,37.56,0.42,21.0,0.59,13.53,0.58,11.0,0.61,17.37,0.62,46.0,0.01,0.02,2338.112821,1776215483000
1776215486.096,86.096,0.4,10.0,0.39,20.0,0.41,37.56,0.42,21.0,0.59,37.56,0.58,21.0,0.6,10.0,0.61,20.0,0.01,0.01,2338.299235,1776215484000
1776215486.816,86.816,0.4,10.0,0.39,20.0,0.41,37.56,0.42,21.0,0.59,37.56,0.58,21.0,0.6,10.0,0.61,20.0,0.01,0.01,2338.317225,1776215485000
1776215487.803,87.803,0.4,2.3,0.39,15.0,0.41,20.0,0.42,16.0,0.59,20.0,0.58,16.0,0.6,2.3,0.61,15.0,0.01,0.01,2338.318408,1776215486000
1776215488.181,88.181,0.37,10.0,0.35,11.0,0.39,11.74,0.4,34.0,0.59,20.0,0.58,16.0,0.6,2.3,0.61,15.0,0.02,0.01,2338.318408,1776215486000
1776215488.596,88.596,0.34,106.12,0.33,90.0,0.36,10.0,0.37,15.0,0.64,10.0,0.63,15.0,0.66,106.12,0.67,90.0,0.02,0.02,2338.398735,1776215487000
1776215489.199,89.199,0.34,106.12,0.33,90.0,0.36,10.0,0.37,15.0,0.64,10.0,0.63,15.0,0.66,106.12,0.67,90.0,0.02,0.02,2338.323663,1776215488000
1776215489.78,89.78,0.34,113.12,0.33,85.0,0.35,11.94,0.36,15.0,0.64,15.0,0.63,20.0,0.66,111.12,0.67,90.0,0.01,0.02,2338.323663,1776215488000
1776215490.251,90.251,0.34,48.12,0.3,5.0,0.35,198.43,0.36,88.0,0.65,11.94,0.64,15.0,0.66,113.12,0.67,85.0,0.01,0.01,2338.323663,1776215488000
1776215490.585,90.585,0.3,5.0,0.29,5.0,0.35,203.43,0.36,95.0,0.65,203.43,0.64,95.0,0.7,5.0,0.71,5.0,0.05,0.05,2338.100855,1776215489000
1776215491.172,91.172,0.3,40.0,0.29,15.0,0.31,16.77,0.32,10.0,0.65,203.43,0.64,95.0,0.7,5.0,0.71,5.0,0.01,0.05,2338.100855,1776215489000
1776215491.413,91.413,0.3,1.68,0.29,15.0,0.31,11.77,0.32,15.0,0.69,16.77,0.68,10.0,0.7,40.0,0.71,15.0,0.01,0.01,2338.025298,1776215490000
1776215491.793,91.793,0.3,13.0,0.29,15.0,0.32,58.0,0.33,20.0,0.68,15.0,0.67,15.0,0.7,5.0,0.71,15.0,0.02,0.02,2338.025298,1776215490000
1776215492.683,92.683,0.3,13.0,0.29,15.0,0.32,58.0,0.33,20.0,0.68,58.0,0.67,20.0,0.7,13.0,0.71,15.0,0.02,0.02,2337.805046,1776215491000
1776215493.286,93.286,0.2,115.0,0.19,193.4,0.21,10.0,0.22,10.0,0.76,10.0,0.75,16.66,0.77,4.9,0.78,30.0,0.01,0.01,2337.805046,1776215491000
1776215493.604,93.604,0.19,92.03,0.18,24.4,0.2,10.0,0.21,1.09,0.79,1.09,0.78,10.0,0.8,95.05,0.81,193.4,0.01,0.01,2337.765362,1776215492000
1776215493.813,93.813,0.19,78.34,0.18,24.4,0.2,10.0,0.21,1.09,0.8,10.0,0.79,1.09,0.81,92.03,0.82,24.4,0.01,0.01,2337.765362,1776215492000
1776215494.087,94.087,0.19,77.1,0.18,24.4,0.2,20.0,0.21,1.09,0.8,20.0,0.79,1.09,0.81,77.1,0.82,24.4,0.01,0.01,2337.729964,1776215493000
1776215494.842,94.842,0.19,113.93,0.17,105.8,0.2,20.0,0.21,12.41,0.8,15.0,0.79,8.09,0.81,59.8,0.83,5.8,0.01,0.01,2337.729964,1776215493000
1776215495.676,95.676,0.19,83.93,0.17,30.8,0.2,12.0,0.21,7.41,0.8,20.0,0.79,12.41,0.81,113.93,0.83,105.8,0.01,0.01,2337.729964,1776215493000
1776215496.009,96.009,0.19,48.55,0.18,10.0,0.2,200.0,0.21,112.41,0.8,12.0,0.79,7.41,0.81,83.93,0.83,30.8,0.01,0.01,2336.989532,1776215494000
1776215496.271,96.271,0.18,10.0,0.17,28.8,0.2,207.0,0.21,119.41,0.8,200.0,0.79,112.41,0.81,48.55,0.82,10.0,0.02,0.01,2336.989532,1776215494000
1776215496.722,96.722,0.18,4.54,0.17,5.8,0.19,202.0,0.2,185.0,0.81,122.0,0.8,192.0,0.82,7.0,0.83,5.8,0.01,0.01,2336.751567,1776215495000
1776215497.733,97.733,0.18,4.54,0.17,5.8,0.19,202.0,0.2,185.0,0.81,202.0,0.8,185.0,0.82,4.54,0.83,5.8,0.01,0.01,2336.689369,1776215496000
1776215497.984,97.984,0.17,21.74,0.15,19.5,0.18,31.44,0.19,138.0,0.81,202.0,0.8,185.0,0.82,4.54,0.83,5.8,0.01,0.01,2336.689369,1776215496000
1776215498.445,98.445,0.17,21.74,0.15,19.5,0.18,31.44,0.19,138.0,0.82,31.44,0.81,138.0,0.83,21.74,0.85,19.5,0.01,0.01,2336.640571,1776215497000
1776215499.109,99.109,0.17,21.74,0.15,19.5,0.18,31.44,0.19,138.0,0.82,31.44,0.81,138.0,0.83,21.74,0.85,19.5,0.01,0.01,2336.608141,1776215498000
1776215499.446,99.446,0.17,8.75,0.16,10.0,0.18,131.44,0.19,138.0,0.82,31.44,0.81,138.0,0.83,21.74,0.85,19.5,0.01,0.01,2336.608141,1776215498000
1776215499.736,99.736,0.17,8.75,0.16,10.0,0.18,120.92,0.19,138.0,0.82,131.44,0.81,138.0,0.83,8.75,0.84,10.0,0.01,0.01,2336.608141,1776215498000
1776215500.466,100.466,0.17,12.54,0.16,18.5,0.18,125.0,0.19,138.0,0.82,120.92,0.81,138.0,0.83,8.75,0.84,10.0,0.01,0.01,2336.608141,1776215498000
1776215501.298,101.298,0.17,12.54,0.16,18.5,0.18,125.0,0.19,138.0,0.82,125.0,0.81,138.0,0.83,12.54,0.84,18.5,0.01,0.01,2336.604647,1776215500000
1776215501.929,101.929,0.17,9.83,0.16,22.0,0.18,137.0,0.19,138.0,0.82,125.0,0.81,138.0,0.83,12.54,0.84,18.5,0.01,0.01,2336.604647,1776215500000
1776215503.239,103.239,0.17,9.83,0.16,22.0,0.18,137.0,0.19,138.0,0.82,137.0,0.81,138.0,0.83,9.83,0.84,22.0,0.01,0.01,2336.580918,1776215502000
1776215503.483,103.483,0.16,10.0,0.12,5.09,0.18,293.57,0.19,327.99,0.82,137.0,0.81,138.0,0.83,9.83,0.84,22.0,0.02,0.01,2336.580918,1776215502000
1776215504.267,104.267,0.09,14.0,0.08,53.9,0.13,77.0,0.14,84.42,0.85,5.88,0.83,187.0,0.88,4.99,0.89,36.79,0.04,0.03,2336.580918,1776215502000
1776215504.748,104.748,0.1,49.93,0.09,25.0,0.11,10.0,0.12,10.0,0.87,85.0,0.86,52.42,0.9,13.0,0.92,53.9,0.01,0.03,2336.580918,1776215502000
1776215505.236,105.236,0.11,4.46,0.1,45.1,0.12,20.0,0.13,37.0,0.88,20.0,0.87,37.0,0.89,4.46,0.9,45.1,0.01,0.01,2336.541842,1776215504000
1776215505.544,105.544,0.1,27.1,0.09,44.0,0.11,37.0,0.12,15.0,0.88,20.0,0.87,37.0,0.89,4.46,0.9,45.1,0.01,0.01,2336.541842,1776215504000
1776215505.78,105.78,0.1,37.1,0.09,115.0,0.11,29.0,0.12,22.05,0.89,37.0,0.88,15.0,0.9,27.1,0.91,44.0,0.01,0.01,2336.541842,1776215504000
1776215505.98,105.98,0.1,25.98,0.09,44.0,0.11,68.99,0.12,38.99,0.89,29.0,0.88,22.05,0.9,37.1,0.91,115.0,0.01,0.01,2336.541842,1776215504000
1776215506.642,106.642,0.1,25.98,0.09,44.0,0.11,68.99,0.12,38.99,0.89,68.99,0.88,38.99,0.9,25.98,0.91,44.0,0.01,0.01,2335.723885,1776215505000
1776215507.067,107.067,0.1,3.88,0.08,109.9,0.11,73.99,0.12,43.99,0.89,68.99,0.88,38.99,0.9,25.98,0.91,44.0,0.01,0.01,2335.723885,1776215505000
1776215507.335,107.335,0.1,3.88,0.08,109.9,0.11,73.99,0.12,43.99,0.89,73.99,0.88,43.99,0.9,3.88,0.92,109.9,0.01,0.01,2335.596234,1776215506000
1776215508.133,108.133,0.1,2.75,0.08,97.9,0.11,73.99,0.12,43.99,0.89,73.99,0.88,43.99,0.9,2.75,0.92,97.9,0.01,0.01,2335.58956,1776215507000
1776215508.902,108.902,0.08,147.52,0.07,149.3,0.09,15.14,0.1,20.0,0.89,73.99,0.88,43.99,0.9,2.75,0.92,97.9,0.01,0.01,2335.58956,1776215507000
1776215509.269,109.269,0.08,131.52,0.07,117.3,0.09,149.02,0.1,36.0,0.91,15.14,0.9,20.0,0.92,147.52,0.93,149.3,0.01,0.01,2335.58956,1776215507000
1776215509.558,109.558,0.08,131.52,0.07,117.3,0.09,149.02,0.1,36.0,0.91,149.02,0.9,36.0,0.92,131.52,0.93,117.3,0.01,0.01,2335.554109,1776215508000
1776215510.17,110.17,0.08,131.52,0.07,117.3,0.09,149.02,0.1,36.0,0.91,149.02,0.9,36.0,0.92,131.52,0.93,117.3,0.01,0.01,2335.575714,1776215509000
1776215511.465,111.465,0.08,131.52,0.07,117.3,0.09,149.02,0.1,36.0,0.91,149.02,0.9,36.0,0.92,131.52,0.93,117.3,0.01,0.01,2335.637185,1776215510000
1776215512.172,112.172,0.08,131.52,0.07,117.3,0.09,149.02,0.1,36.0,0.91,149.02,0.9,36.0,0.92,131.52,0.93,117.3,0.01,0.01,2335.5967,1776215511000
1776215512.405,112.405,0.08,62.44,0.07,117.3,0.09,50.02,0.1,20.0,0.91,149.02,0.9,36.0,0.92,131.52,0.93,117.3,0.01,0.01,2335.5967,1776215511000
1776215512.863,112.863,0.08,84.44,0.07,117.3,0.09,4.35,0.1,20.0,0.91,50.02,0.9,20.0,0.92,62.44,0.93,117.3,0.01,0.01,2335.5967,1776215511000
1776215513.319,113.319,0.08,108.62,0.07,117.3,0.1,19.34,0.11,64.99,0.91,4.35,0.9,20.0,0.92,84.44,0.93,117.3,0.02,0.01,2335.5967,1776215511000
1776215513.662,113.662,0.08,56.09,0.07,117.3,0.09,10.0,0.1,24.34,0.91,10.0,0.9,24.34,0.92,56.09,0.93,117.3,0.01,0.01,2335.552545,1776215512000
1776215514.16,114.16,0.08,81.7,0.07,127.3,0.09,5.0,0.1,24.34,0.91,15.0,0.9,24.34,0.92,86.22,0.93,117.3,0.01,0.01,2335.552545,1776215512000
1776215514.387,114.387,0.09,94.0,0.08,149.9,0.1,7.34,0.11,30.0,0.91,5.0,0.9,24.34,0.92,81.7,0.93,127.3,0.01,0.01,2335.55143,1776215513000
1776215515.021,115.021,0.09,89.0,0.08,149.9,0.11,26.03,0.12,15.0,0.89,26.03,0.88,15.0,0.91,89.0,0.92,149.9,0.02,0.02,2335.60211,1776215514000
1776215515.398,115.398,0.1,74.0,0.09,164.0,0.11,31.03,0.12,20.0,0.89,26.03,0.88,15.0,0.91,89.0,0.92,149.9,0.01,0.02,2335.60211,1776215514000
1776215515.817,115.817,0.1,238.0,0.09,164.0,0.12,5.0,0.13,15.0,0.89,31.03,0.88,20.0,0.9,74.0,0.91,164.0,0.02,0.01,2335.60211,1776215514000
1776215516.342,116.342,0.12,9.0,0.11,26.0,0.13,15.0,0.14,36.0,0.87,15.0,0.86,36.0,0.88,9.0,0.89,26.0,0.01,0.01,2335.723545,1776215515000
1776215517.074,117.074,0.12,9.0,0.11,26.0,0.13,15.0,0.14,36.0,0.87,15.0,0.86,36.0,0.88,9.0,0.89,26.0,0.01,0.01,2335.897111,1776215516000
1776215517.354,117.354,0.12,9.0,0.11,26.0,0.13,23.42,0.14,49.57,0.87,15.0,0.86,36.0,0.88,9.0,0.89,26.0,0.01,0.01,2335.897111,1776215516000
1776215517.983,117.983,0.12,44.0,0.11,66.0,0.13,2.33,0.14,39.57,0.87,23.42,0.86,49.57,0.88,9.0,0.89,26.0,0.01,0.01,2335.897111,1776215516000
1776215518.238,118.238,0.15,10.0,0.14,19.76,0.16,4.88,0.17,17.02,0.87,2.33,0.86,39.57,0.88,44.0,0.89,66.0,0.01,0.01,2335.897111,1776215516000
1776215518.572,118.572,0.15,20.0,0.14,56.0,0.17,21.9,0.18,15.0,0.84,4.88,0.83,17.02,0.85,10.0,0.86,19.76,0.02,0.01,2336.017481,1776215517000
1776215519.081,119.081,0.15,20.0,0.14,56.0,0.17,21.9,0.18,15.0,0.83,21.9,0.82,15.0,0.85,20.0,0.86,56.0,0.02,0.02,2336.075884,1776215518000
1776215520.517,120.517,0.15,20.0,0.14,56.0,0.17,21.9,0.18,15.0,0.83,21.9,0.82,15.0,0.85,20.0,0.86,56.0,0.02,0.02,2336.193179,1776215519000
1776215521.616,121.616,0.15,20.0,0.14,56.0,0.17,21.9,0.18,15.0,0.83,21.9,0.82,15.0,0.85,20.0,0.86,56.0,0.02,0.02,2336.391629,1776215520000
1776215521.846,121.846,0.13,33.85,0.12,73.1,0.14,75.35,0.15,219.0,0.86,75.35,0.85,219.0,0.87,25.0,0.88,73.1,0.01,0.01,2336.391629,1776215520000
1776215522.215,122.215,0.13,33.85,0.12,73.1,0.14,75.35,0.15,219.0,0.86,75.35,0.85,219.0,0.87,33.85,0.88,73.1,0.01,0.01,2336.299025,1776215521000
1776215522.438,122.438,0.13,10.0,0.12,253.1,0.14,56.06,0.15,39.0,0.86,70.35,0.85,39.0,0.87,31.85,0.88,258.1,0.01,0.01,2336.299025,1776215521000
1776215522.814,122.814,0.12,257.42,0.11,142.79,0.14,71.06,0.15,39.0,0.86,56.06,0.85,39.0,0.87,10.0,0.88,253.1,0.02,0.01,2336.299025,1776215521000
1776215523.341,123.341,0.12,262.42,0.11,142.79,0.13,7.3,0.14,66.06,0.87,7.3,0.86,66.06,0.88,257.42,0.89,142.79,0.01,0.01,2336.299025,1776215521000
1776215523.955,123.955,0.12,262.42,0.11,142.79,0.13,7.3,0.14,66.06,0.87,7.3,0.86,66.06,0.88,262.42,0.89,142.79,0.01,0.01,2336.242624,1776215523000
1776215524.233,124.233,0.14,25.5,0.13,47.0,0.15,12.0,0.17,5.88,0.87,7.3,0.86,66.06,0.88,262.42,0.89,142.79,0.01,0.01,2336.242624,1776215523000
1776215524.689,124.689,0.19,76.19,0.16,81.25,0.23,20.74,0.24,10.0,0.79,6.32,0.78,10.0,0.81,54.19,0.86,46.5,0.04,0.02,2336.242624,1776215523000
1776215525.091,125.091,0.19,76.19,0.16,81.25,0.23,20.74,0.24,10.0,0.77,20.74,0.76,10.0,0.81,76.19,0.84,81.25,0.04,0.04,2336.244767,1776215524000
1776215525.416,125.416,0.21,40.0,0.2,20.0,0.22,7.44,0.23,23.32,0.77,20.74,0.76,10.0,0.81,76.19,0.84,81.25,0.01,0.04,2336.244767,1776215524000
1776215525.768,125.768,0.21,45.0,0.2,200.0,0.22,9.44,0.23,18.32,0.78,7.44,0.77,23.32,0.79,40.0,0.8,20.0,0.01,0.01,2336.244767,1776215524000
1776215526.181,126.181,0.21,40.0,0.2,200.0,0.23,17.34,0.24,10.0,0.77,17.34,0.76,10.0,0.79,40.0,0.8,200.0,0.02,0.02,2336.956449,1776215525000
1776215527.22,127.22,0.22,15.0,0.21,110.0,0.23,68.26,0.24,10.0,0.77,17.34,0.76,10.0,0.79,40.0,0.8,200.0,0.01,0.02,2336.956449,1776215525000
1776215527.914,127.914,0.22,50.0,0.21,110.0,0.24,10.0,0.25,10.0,0.76,10.0,0.75,10.0,0.78,50.0,0.79,110.0,0.02,0.02,2337.238389,1776215527000
1776215528.203,128.203,0.24,19.55,0.23,196.0,0.25,112.58,0.26,25.98,0.76,10.0,0.75,10.0,0.78,50.0,0.79,110.0,0.01,0.02,2337.238389,1776215527000
1776215528.414,128.414,0.24,0.6,0.23,196.0,0.25,29.86,0.26,10.0,0.75,23.21,0.74,15.0,0.76,4.55,0.77,196.0,0.01,0.01,2337.238389,1776215527000
1776215528.846,128.846,0.24,44.05,0.23,245.0,0.25,22.86,0.26,10.0,0.75,22.86,0.74,10.0,0.76,39.15,0.77,226.0,0.01,0.01,2337.238389,1776215527000
1776215529.502,129.502,0.24,236.0,0.23,49.17,0.27,10.0,0.28,10.0,0.75,27.86,0.74,15.0,0.77,216.87,0.78,50.0,0.03,0.02,2337.230461,1776215528000
1776215529.991,129.991,0.26,3.64,0.25,203.32,0.27,10.0,0.28,10.0,0.73,10.0,0.72,10.0,0.74,3.64,0.75,203.32,0.01,0.01,2337.327769,1776215529000
1776215531.056,131.056,0.26,53.64,0.25,228.32,0.27,9.81,0.28,15.0,0.73,9.81,0.72,15.0,0.74,53.64,0.75,228.32,0.01,0.01,2337.382846,1776215530000
1776215531.705,131.705,0.26,331.64,0.25,37.52,0.28,10.0,0.29,10.0,0.73,9.81,0.72,15.0,0.74,53.64,0.75,228.32,0.02,0.01,2337.382846,1776215530000
1776215532.102,132.102,0.26,331.64,0.25,37.52,0.28,10.0,0.29,10.0,0.72,10.0,0.71,10.0,0.74,331.64,0.75,37.52,0.02,0.02,2337.44226,1776215531000
1776215532.491,132.491,0.27,69.19,0.26,198.91,0.28,37.92,0.29,20.0,0.72,15.0,0.71,10.0,0.74,198.91,0.75,37.52,0.01,0.02,2337.44226,1776215531000
1776215532.741,132.741,0.27,37.17,0.26,208.67,0.28,37.92,0.29,20.0,0.72,37.92,0.71,20.0,0.73,13.96,0.74,208.67,0.01,0.01,2337.44226,1776215531000
1776215533.189,133.189,0.26,208.67,0.25,49.52,0.28,37.92,0.29,20.0,0.72,37.92,0.71,20.0,0.74,208.67,0.75,49.52,0.02,0.02,2337.492994,1776215532000
1776215534.231,134.231,0.26,100.55,0.25,229.52,0.27,133.42,0.28,15.0,0.73,133.42,0.72,15.0,0.74,100.55,0.75,229.52,0.01,0.01,2337.598636,1776215533000
1776215534.705,134.705,0.26,72.96,0.25,229.52,0.27,128.42,0.28,20.0,0.73,133.42,0.72,15.0,0.74,100.55,0.75,229.52,0.01,0.01,2337.598636,1776215533000
1776215535.113,135.113,0.26,117.96,0.25,229.52,0.27,117.42,0.28,20.0,0.73,128.42,0.72,20.0,0.74,72.96,0.75,229.52,0.01,0.01,2337.598636,1776215533000
1776215535.67,135.67,0.26,104.63,0.25,210.32,0.27,342.89,0.28,202.29,0.73,117.42,0.72,20.0,0.74,117.96,0.75,229.52,0.01,0.01,2337.598636,1776215533000
1776215536.335,136.335,0.26,104.63,0.25,210.32,0.27,342.89,0.28,202.29,0.73,342.89,0.72,202.29,0.74,104.63,0.75,210.32,0.01,0.01,2337.607213,1776215535000
1776215537.316,137.316,0.26,71.76,0.25,210.32,0.27,337.89,0.28,197.29,0.73,337.89,0.72,197.29,0.74,71.76,0.75,210.32,0.01,0.01,2337.607686,1776215536000
1776215537.526,137.526,0.26,230.76,0.25,60.32,0.27,214.4,0.28,182.29,0.73,209.5,0.72,182.29,0.74,225.76,0.75,60.32,0.01,0.01,2337.607686,1776215536000
1776215537.795,137.795,0.26,262.76,0.25,55.32,0.28,14.86,0.29,132.04,0.72,26.54,0.71,132.04,0.74,297.76,0.75,55.32,0.02,0.02,2337.607686,1776215536000
1776215538.056,138.056,0.28,4.24,0.27,15.0,0.29,128.31,0.31,60.0,0.71,128.31,0.69,5.0,0.73,5.0,0.74,75.0,0.01,0.02,2337.607686,1776215536000
1776215538.297,138.297,0.27,12.27,0.26,75.0,0.29,94.31,0.31,60.0,0.71,89.31,0.69,60.0,0.73,14.11,0.74,75.0,0.02,0.02,2337.607686,1776215536000
1776215538.986,138.986,0.28,10.0,0.27,10.0,0.29,100.12,0.3,10.0,0.71,89.31,0.7,10.0,0.74,48.23,0.75,45.0,0.01,0.03,2337.613826,1776215537000
1776215539.392,139.392,0.28,78.0,0.27,10.0,0.29,43.8,0.31,50.0,0.71,69.25,0.7,10.0,0.72,10.0,0.73,10.0,0.01,0.01,2337.61509,1776215538000
1776215539.633,139.633,0.28,254.96,0.27,10.0,0.29,1.9,0.33,33.89,0.71,10.35,0.69,50.0,0.72,227.96,0.73,10.0,0.01,0.01,2337.61509,1776215538000
1776215539.953,139.953,0.32,40.1,0.31,10.0,0.33,7.0,0.35,15.0,0.67,33.89,0.65,15.0,0.68,9.1,0.72,279.96,0.01,0.01,2337.61509,1776215538000
1776215541.135,141.135,0.32,9.1,0.31,181.0,0.35,15.0,0.36,50.0,0.65,15.0,0.64,50.0,0.68,9.1,0.69,181.0,0.03,0.03,2337.805841,1776215540000
1776215541.839,141.839,0.34,35.0,0.33,20.0,0.35,18.81,0.36,65.0,0.65,15.0,0.64,50.0,0.68,9.1,0.69,181.0,0.01,0.03,2337.805841,1776215540000
1776215542.136,142.136,0.34,35.0,0.33,20.0,0.35,18.81,0.36,65.0,0.65,18.81,0.64,65.0,0.66,35.0,0.67,20.0,0.01,0.01,2338.013819,1776215541000
1776215543.105,143.105,0.34,35.0,0.33,20.0,0.35,18.81,0.36,65.0,0.65,18.81,0.64,65.0,0.66,35.0,0.67,20.0,0.01,0.01,2338.055354,1776215542000
1776215543.732,143.732,0.34,33.48,0.33,20.0,0.35,18.81,0.36,50.0,0.65,18.81,0.64,65.0,0.66,35.0,0.67,20.0,0.01,0.01,2338.055354,1776215542000
1776215544.015,144.015,0.34,15.28,0.33,20.0,0.35,18.81,0.36,50.0,0.65,18.81,0.64,50.0,0.66,30.44,0.67,20.0,0.01,0.01,2338.055354,1776215542000
1776215544.491,144.491,0.34,20.24,0.33,20.0,0.35,18.81,0.36,50.0,0.65,18.81,0.64,50.0,0.66,20.24,0.67,20.0,0.01,0.01,2338.053046,1776215543000
1776215544.9,144.9,0.34,25.92,0.33,22.76,0.35,28.81,0.36,50.0,0.65,18.81,0.64,50.0,0.66,36.38,0.67,27.76,0.01,0.01,2338.053046,1776215543000
1776215546.116,146.116,0.34,25.92,0.33,22.76,0.35,28.81,0.36,50.0,0.65,28.81,0.64,50.0,0.66,25.92,0.67,22.76,0.01,0.01,2338.066164,1776215545000
1776215546.73,146.73,0.33,12.09,0.32,230.1,0.35,28.81,0.36,50.0,0.65,23.81,0.64,50.0,0.66,17.88,0.67,27.76,0.02,0.01,2338.066164,1776215545000
1776215547.291,147.291,0.33,12.09,0.32,230.1,0.35,28.81,0.36,50.0,0.65,28.81,0.64,50.0,0.67,12.09,0.68,230.1,0.02,0.02,2338.092047,1776215546000
1776215548.221,148.221,0.33,12.09,0.32,230.1,0.35,28.81,0.36,50.0,0.65,28.81,0.64,50.0,0.67,12.09,0.68,230.1,0.02,0.02,2338.093027,1776215547000
1776215549.094,149.094,0.34,7.42,0.33,12.09,0.35,23.81,0.36,50.0,0.65,28.81,0.64,50.0,0.67,12.09,0.68,230.1,0.01,0.02,2338.093027,1776215547000
1776215549.952,149.952,0.34,7.42,0.33,12.09,0.35,23.81,0.36,50.0,0.65,23.81,0.64,50.0,0.66,7.42,0.67,12.09,0.01,0.01,2338.09052,1776215548000
1776215550.503,150.503,0.34,7.42,0.33,12.09,0.35,23.81,0.36,50.0,0.65,23.81,0.64,50.0,0.66,7.42,0.67,12.09,0.01,0.01,2338.087415,1776215549000
1776215551.099,151.099,0.3,18.35,0.29,159.33,0.31,108.0,0.32,15.0,0.65,23.81,0.64,50.0,0.66,7.42,0.67,12.09,0.01,0.01,2338.087415,1776215549000
1776215552.096,152.096,0.3,9.26,0.29,159.33,0.31,113.0,0.32,15.0,0.69,113.0,0.68,15.0,0.7,9.26,0.71,159.33,0.01,0.01,2338.097548,1776215551000
1776215553.272,153.272,0.3,9.26,0.29,159.33,0.31,113.0,0.32,15.0,0.69,113.0,0.68,15.0,0.7,9.26,0.71,159.33,0.01,0.01,2337.853151,1776215552000
1776215554.285,154.285,0.3,9.26,0.29,159.33,0.31,113.0,0.32,15.0,0.69,113.0,0.68,15.0,0.7,9.26,0.71,159.33,0.01,0.01,2337.822304,1776215553000
1776215554.94,154.94,0.3,35.26,0.29,169.33,0.31,62.77,0.32,206.0,0.69,113.0,0.68,15.0,0.7,9.26,0.71,159.33,0.01,0.01,2337.822304,1776215553000
1776215555.403,155.403,0.3,35.26,0.29,169.33,0.31,62.77,0.32,206.0,0.69,62.77,0.68,206.0,0.7,35.26,0.71,169.33,0.01,0.01,2337.86861,1776215554000
1776215555.948,155.948,0.3,35.26,0.29,169.33,0.31,62.77,0.32,206.0,0.69,62.77,0.68,206.0,0.7,35.26,0.71,169.33,0.01,0.01,2337.868586,1776215555000
1776215557.056,157.056,0.3,35.26,0.29,169.33,0.31,62.77,0.32,206.0,0.69,62.77,0.68,206.0,0.7,35.26,0.71,169.33,0.01,0.01,2337.881866,1776215556000
1776215558.219,158.219,0.3,140.31,0.29,174.33,0.33,10.0,0.34,10.0,0.69,62.77,0.68,206.0,0.7,35.26,0.71,169.33,0.03,0.01,2337.881866,1776215556000
1776215558.582,158.582,0.33,15.0,0.32,56.0,0.34,0.41,0.35,23.81,0.66,10.0,0.65,23.81,0.68,42.76,0.69,22.99,0.01,0.02,2337.885359,1776215557000
1776215559.05,159.05,0.34,99.75,0.33,220.0,0.35,11.21,0.36,50.0,0.66,0.41,0.65,23.81,0.67,15.0,0.68,56.0,0.01,0.01,2337.885359,1776215557000
1776215559.31,159.31,0.35,50.0,0.34,245.0,0.41,60.0,0.42,87.65,0.64,42.7,0.6,10.0,0.65,50.0,0.66,65.0,0.06,0.01,2337.885359,1776215557000
1776215559.694,159.694,0.4,9.16,0.39,20.0,0.41,230.0,0.42,84.65,0.59,60.0,0.58,87.65,0.65,50.0,0.66,245.0,0.01,0.06,2337.885966,1776215558000
1776215559.905,159.905,0.4,9.16,0.39,20.0,0.41,228.79,0.42,84.65,0.59,228.79,0.58,84.65,0.6,9.16,0.61,20.0,0.01,0.01,2337.897701,1776215559000
1776215560.378,160.378,0.39,23.0,0.38,25.0,0.41,248.79,0.42,74.99,0.59,228.79,0.58,84.65,0.6,9.16,0.61,20.0,0.02,0.01,2337.897701,1776215559000
1776215560.709,160.709,0.4,9.91,0.39,23.0,0.41,253.79,0.42,84.99,0.59,248.79,0.58,74.99,0.61,23.0,0.62,25.0,0.01,0.02,2337.897701,1776215559000
1776215560.919,160.919,0.4,9.91,0.39,23.0,0.41,253.79,0.42,84.99,0.59,253.79,0.58,84.99,0.6,9.91,0.61,23.0,0.01,0.01,2338.030304,1776215560000
1776215561.869,161.869,0.33,4.55,0.32,20.0,0.35,20.0,0.36,20.0,0.59,248.79,0.58,84.99,0.6,8.17,0.61,23.0,0.02,0.01,2338.030304,1776215560000
1776215562.126,162.126,0.33,4.55,0.32,20.0,0.35,20.0,0.36,20.0,0.65,20.0,0.64,20.0,0.67,4.55,0.68,20.0,0.02,0.02,2338.197853,1776215561000
1776215562.574,162.574,0.29,213.88,0.28,133.52,0.3,20.0,0.31,15.0,0.65,20.0,0.64,20.0,0.67,4.55,0.68,20.0,0.01,0.02,2338.197853,1776215561000
1776215562.852,162.852,0.29,243.88,0.28,138.52,0.3,18.8,0.31,15.0,0.7,20.0,0.69,15.0,0.71,213.88,0.72,133.52,0.01,0.01,2338.197853,1776215561000
1776215563.124,163.124,0.29,243.88,0.28,138.52,0.3,18.8,0.31,15.0,0.7,18.8,0.69,15.0,0.71,243.88,0.72,138.52,0.01,0.01,2338.215912,1776215562000
1776215564.265,164.265,0.29,243.88,0.28,138.52,0.3,18.8,0.31,15.0,0.7,18.8,0.69,15.0,0.71,243.88,0.72,138.52,0.01,0.01,2338.066516,1776215563000
1776215564.805,164.805,0.29,124.88,0.28,102.87,0.3,235.0,0.31,83.0,0.7,18.8,0.69,15.0,0.71,243.88,0.72,138.52,0.01,0.01,2338.066516,1776215563000
1776215565.199,165.199,0.28,115.11,0.27,218.38,0.29,25.0,0.3,243.65,0.71,25.0,0.7,267.65,0.72,110.11,0.73,213.38,0.01,0.01,2338.066516,1776215563000
1776215565.748,165.748,0.27,218.38,0.26,8.42,0.29,216.0,0.3,30.0,0.71,25.0,0.7,243.65,0.72,115.11,0.73,218.38,0.02,0.01,2338.06329,1776215564000
1776215565.949,165.949,0.27,237.38,0.26,8.42,0.28,103.48,0.29,210.0,0.71,216.0,0.7,30.0,0.73,218.38,0.74,8.42,0.01,0.02,2337.997603,1776215565000
1776215566.983,166.983,0.27,237.38,0.26,8.42,0.28,103.48,0.29,210.0,0.72,103.48,0.71,210.0,0.73,237.38,0.74,8.42,0.01,0.01,2337.780516,1776215566000
1776215567.892,167.892,0.27,272.38,0.26,13.42,0.28,90.62,0.29,210.0,0.72,103.48,0.71,210.0,0.73,237.38,0.74,8.42,0.01,0.01,2337.780516,1776215566000
1776215568.878,168.878,0.27,212.96,0.26,8.42,0.28,302.62,0.29,35.0,0.72,90.62,0.71,210.0,0.73,272.38,0.74,13.42,0.01,0.01,2337.705262,1776215567000
1776215569.102,169.102,0.27,87.45,0.26,8.42,0.28,322.62,0.29,20.0,0.72,322.62,0.71,20.0,0.73,87.45,0.74,8.42,0.01,0.01,2337.708949,1776215568000
1776215569.664,169.664,0.25,7.03,0.2,185.0,0.27,202.0,0.28,85.0,0.73,22.0,0.72,311.62,0.74,2.06,0.75,10.0,0.02,0.01,2337.708949,1776215568000
1776215570.058,170.058,0.25,5.36,0.24,5.0,0.26,22.0,0.27,204.0,0.73,202.0,0.72,85.0,0.75,7.03,0.8,185.0,0.01,0.02,2337.708949,1776215568000
1776215571.104,171.104,0.24,4.03,0.21,5.0,0.26,35.0,0.27,209.0,0.74,22.0,0.73,204.0,0.75,5.36,0.76,5.0,0.02,0.01,2337.691187,1776215569000
1776215571.529,171.529,0.2,201.81,0.19,98.5,0.21,5.52,0.22,21.0,0.74,35.0,0.73,209.0,0.76,4.03,0.79,5.0,0.01,0.02,2337.598582,1776215570000
1776215572.089,172.089,0.2,187.68,0.19,85.26,0.21,5.52,0.22,21.0,0.79,5.52,0.78,21.0,0.8,201.81,0.81,98.5,0.01,0.01,2337.598582,1776215570000
1776215572.303,172.303,0.2,191.34,0.19,85.26,0.21,10.52,0.22,21.0,0.79,10.52,0.78,21.0,0.8,191.34,0.81,85.26,0.01,0.01,2337.563702,1776215571000
1776215572.844,172.844,0.2,191.34,0.19,85.26,0.21,10.52,0.22,21.0,0.79,10.52,0.78,21.0,0.8,191.34,0.81,85.26,0.01,0.01,2337.563567,1776215572000
1776215573.905,173.905,0.2,191.34,0.19,85.26,0.21,10.52,0.22,21.0,0.79,10.52,0.78,21.0,0.8,191.34,0.81,85.26,0.01,0.01,2337.464042,1776215573000
1776215574.908,174.908,0.2,191.34,0.19,85.26,0.21,10.52,0.22,21.0,0.79,10.52,0.78,21.0,0.8,191.34,0.81,85.26,0.01,0.01,2337.422397,1776215574000
1776215576.114,176.114,0.2,191.34,0.19,85.26,0.21,10.52,0.22,21.0,0.79,10.52,0.78,21.0,0.8,191.34,0.81,85.26,0.01,0.01,2337.421925,1776215575000
1776215576.471,176.471,0.2,212.56,0.19,93.5,0.21,5.52,0.22,10.0,0.79,10.52,0.78,21.0,0.8,191.34,0.81,85.26,0.01,0.01,2337.421925,1776215575000
1776215577.091,177.091,0.2,212.56,0.19,93.5,0.21,5.52,0.22,10.0,0.79,5.52,0.78,10.0,0.8,212.56,0.81,93.5,0.01,0.01,2337.456039,1776215576000
1776215578.214,178.214,0.2,212.56,0.19,93.5,0.21,5.52,0.22,10.0,0.79,5.52,0.78,10.0,0.8,212.56,0.81,93.5,0.01,0.01,2337.509844,1776215577000
1776215578.639,178.639,0.2,8.0,0.19,54.19,0.21,46.52,0.22,20.0,0.79,5.52,0.78,10.0,0.8,212.56,0.81,93.5,0.01,0.01,2337.509844,1776215577000
1776215579.23,179.23,0.19,20.86,0.15,29.0,0.2,21.0,0.21,40.97,0.8,10.0,0.79,15.52,0.81,16.79,0.86,5.0,0.01,0.01,2337.509844,1776215577000
1776215579.929,179.929,0.19,20.86,0.15,29.0,0.2,21.0,0.21,40.97,0.8,21.0,0.79,40.97,0.81,20.86,0.85,29.0,0.01,0.01,2337.507413,1776215579000
1776215580.727,180.727,0.15,75.0,0.14,5.0,0.16,10.0,0.17,15.0,0.8,21.0,0.79,10.52,0.81,3.86,0.85,29.0,0.01,0.01,2337.507413,1776215579000
1776215581.077,181.077,0.15,75.0,0.14,5.0,0.16,10.0,0.17,15.0,0.84,10.0,0.83,15.0,0.85,75.0,0.86,5.0,0.01,0.01,2337.272,1776215580000
1776215581.48,181.48,0.13,5.0,0.12,292.08,0.14,4.0,0.15,10.0,0.84,10.0,0.83,15.0,0.85,75.0,0.86,5.0,0.01,0.01,2337.272,1776215580000
1776215581.876,181.876,0.13,2.05,0.12,298.08,0.14,4.0,0.15,10.0,0.86,4.0,0.85,10.0,0.87,5.0,0.88,292.08,0.01,0.01,2337.272,1776215580000
1776215582.095,182.095,0.13,21.02,0.12,296.98,0.16,1.31,0.17,10.0,0.84,1.31,0.83,10.0,0.87,21.02,0.88,296.98,0.03,0.03,2337.217375,1776215581000
1776215583.187,183.187,0.13,21.02,0.12,296.98,0.16,1.31,0.17,10.0,0.84,1.31,0.83,10.0,0.87,21.02,0.88,296.98,0.03,0.03,2337.156182,1776215582000
1776215584.271,184.271,0.13,192.76,0.12,306.98,0.17,2.05,0.18,10.0,0.83,2.05,0.82,10.0,0.87,192.76,0.88,306.98,0.04,0.04,2337.100836,1776215583000
1776215585.383,185.383,0.13,192.76,0.12,306.98,0.17,2.05,0.18,10.0,0.83,2.05,0.82,10.0,0.87,192.76,0.88,306.98,0.04,0.04,2337.095903,1776215584000
1776215585.947,185.947,0.14,14.19,0.13,197.76,0.16,20.0,0.17,2.05,0.84,20.0,0.83,2.05,0.86,14.19,0.87,197.76,0.02,0.02,2337.15034,1776215585000
1776215586.166,186.166,0.14,15.0,0.13,197.76,0.16,1.06,0.17,2.05,0.84,20.0,0.83,2.05,0.86,14.19,0.87,197.76,0.02,0.02,2337.15034,1776215585000
1776215586.657,186.657,0.15,4.0,0.14,10.0,0.16,1.06,0.17,2.05,0.84,1.06,0.83,2.05,0.86,15.0,0.87,197.76,0.01,0.02,2337.15034,1776215585000
1776215587.039,187.039,0.15,4.0,0.14,10.0,0.16,1.06,0.17,2.05,0.84,1.06,0.83,2.05,0.85,4.0,0.86,10.0,0.01,0.01,2337.100381,1776215586000
1776215588.178,188.178,0.15,4.0,0.14,10.0,0.16,1.06,0.17,2.05,0.84,1.06,0.83,2.05,0.85,4.0,0.86,10.0,0.01,0.01,2337.106671,1776215587000
1776215589.262,189.262,0.15,4.0,0.14,10.0,0.16,1.06,0.17,2.05,0.84,1.06,0.83,2.05,0.85,4.0,0.86,10.0,0.01,0.01,2337.117823,1776215588000
1776215589.977,189.977,0.13,0.01,0.12,268.98,0.14,286.0,0.15,22.0,0.84,1.06,0.83,2.05,0.85,4.0,0.86,10.0,0.01,0.01,2337.117823,1776215588000
1776215591.008,191.008,0.13,0.01,0.12,268.98,0.14,286.0,0.15,22.0,0.86,286.0,0.85,22.0,0.87,0.01,0.88,268.98,0.01,0.01,2337.047603,1776215589000
1776215591.618,191.618,0.13,0.01,0.12,268.98,0.14,286.0,0.15,22.0,0.86,286.0,0.85,22.0,0.87,0.01,0.88,268.98,0.01,0.01,2336.951443,1776215590000
1776215592.315,192.315,0.13,0.01,0.12,268.98,0.14,286.0,0.15,22.0,0.86,286.0,0.85,22.0,0.87,0.01,0.88,268.98,0.01,0.01,2336.966232,1776215591000
1776215593.14,193.14,0.13,5.01,0.12,262.98,0.14,251.0,0.15,43.0,0.86,286.0,0.85,22.0,0.87,0.01,0.88,268.98,0.01,0.01,2336.966232,1776215591000
1776215593.963,193.963,0.13,5.01,0.12,262.98,0.14,251.0,0.15,43.0,0.86,251.0,0.85,43.0,0.87,5.01,0.88,262.98,0.01,0.01,2337.005063,1776215593000
1776215595.908,195.908,0.12,501.15,0.11,90.79,0.16,1.06,0.17,32.5,0.86,251.0,0.85,43.0,0.87,5.01,0.88,262.98,0.04,0.01,2337.005063,1776215593000
1776215596.803,196.803,0.18,53.37,0.17,52.94,0.21,10.52,0.22,15.0,0.82,173.11,0.81,20.0,0.88,501.15,0.89,90.79,0.03,0.06,2336.97732,1776215595000
1776215597.28,197.28,0.19,15.31,0.18,15.61,0.2,5.0,0.21,15.42,0.79,10.42,0.78,15.0,0.8,3.8,0.81,15.31,0.01,0.01,2336.97732,1776215595000
1776215598.379,198.379,0.19,15.31,0.18,15.61,0.2,5.0,0.21,15.42,0.8,5.0,0.79,15.42,0.81,15.31,0.82,15.61,0.01,0.01,2337.104897,1776215597000
1776215598.688,198.688,0.19,14.31,0.18,25.61,0.21,15.42,0.22,15.0,0.8,5.0,0.79,15.42,0.81,15.31,0.82,15.61,0.02,0.01,2337.104897,1776215597000
1776215599.231,199.231,0.2,15.0,0.19,19.31,0.25,17.74,0.28,10.0,0.79,15.42,0.78,15.0,0.81,14.31,0.82,25.61,0.05,0.02,2337.104897,1776215597000
1776215599.711,199.711,0.2,15.0,0.19,19.31,0.25,17.74,0.28,10.0,0.75,17.74,0.72,10.0,0.8,15.0,0.81,19.31,0.05,0.05,2337.353651,1776215598000
1776215600.44,200.44,0.2,15.0,0.19,19.31,0.25,17.74,0.28,10.0,0.75,17.74,0.72,10.0,0.8,15.0,0.81,19.31,0.05,0.05,2337.451919,1776215599000
1776215601.19,201.19,0.2,15.0,0.19,19.31,0.25,17.74,0.28,10.0,0.75,17.74,0.72,10.0,0.8,15.0,0.81,19.31,0.05,0.05,2337.58577,1776215600000
1776215602.116,202.116,0.17,21.39,0.16,26.8,0.18,10.0,0.19,10.0,0.75,17.74,0.72,10.0,0.8,15.0,0.81,19.31,0.01,0.05,2337.58577,1776215600000
1776215602.627,202.627,0.17,21.29,0.16,32.8,0.19,2.89,0.2,10.0,0.81,2.89,0.8,10.0,0.83,21.29,0.84,32.8,0.02,0.02,2337.652082,1776215601000
1776215603.048,203.048,0.17,47.23,0.16,36.8,0.22,11.13,0.23,56.0,0.81,2.89,0.8,10.0,0.83,21.29,0.84,32.8,0.05,0.02,2337.652082,1776215601000
1776215603.35,203.35,0.17,47.23,0.16,36.8,0.22,6.13,0.23,56.0,0.78,6.13,0.77,56.0,0.83,47.23,0.84,36.8,0.05,0.05,2337.81241,1776215602000
1776215603.583,203.583,0.18,39.4,0.17,57.23,0.2,16.0,0.21,190.0,0.78,6.13,0.77,56.0,0.83,47.23,0.84,36.8,0.02,0.05,2337.81241,1776215602000
1776215604.078,204.078,0.18,34.4,0.17,57.23,0.21,143.33,0.22,23.13,0.79,143.33,0.78,23.13,0.82,34.4,0.83,57.23,0.03,0.03,2337.61643,1776215603000
1776215604.343,204.343,0.18,15.61,0.17,30.79,0.2,5.0,0.21,199.33,0.79,143.33,0.78,23.13,0.82,34.4,0.83,57.23,0.02,0.03,2337.61643,1776215603000
1776215604.722,204.722,0.18,2.42,0.17,24.79,0.19,311.0,0.2,20.0,0.8,5.0,0.79,199.33,0.82,15.61,0.83,30.79,0.01,0.02,2337.61643,1776215603000
1776215605.042,205.042,0.16,5.16,0.15,21.0,0.17,31.48,0.18,20.0,0.81,311.0,0.8,20.0,0.84,5.16,0.85,21.0,0.01,0.03,2337.61643,1776215603000
1776215605.507,205.507,0.16,5.16,0.15,21.0,0.17,31.48,0.18,20.0,0.83,31.48,0.82,20.0,0.84,5.16,0.85,21.0,0.01,0.01,2337.518437,1776215604000
1776215606.034,206.034,0.16,11.47,0.15,21.0,0.18,27.0,0.19,74.42,0.81,233.42,0.8,10.0,0.84,5.16,0.85,21.0,0.02,0.03,2337.518437,1776215604000
1776215606.485,206.485,0.16,10.27,0.15,21.0,0.17,8.0,0.18,17.0,0.82,27.0,0.81,74.42,0.84,11.47,0.85,21.0,0.01,0.02,2337.517546,1776215605000
1776215607.592,207.592,0.16,10.27,0.15,21.0,0.17,8.0,0.18,17.0,0.83,8.0,0.82,17.0,0.84,10.27,0.85,21.0,0.01,0.01,2337.359333,1776215606000
1776215607.984,207.984,0.18,27.0,0.17,28.0,0.2,15.0,0.21,10.0,0.83,8.0,0.82,17.0,0.84,10.27,0.85,21.0,0.02,0.01,2337.359333,1776215606000
1776215608.273,208.273,0.18,7.0,0.17,28.0,0.19,17.0,0.2,15.0,0.8,15.0,0.79,10.0,0.82,27.0,0.83,28.0,0.01,0.02,2337.359333,1776215606000
1776215609.083,209.083,0.18,7.0,0.17,28.0,0.19,17.0,0.2,15.0,0.81,17.0,0.8,15.0,0.82,7.0,0.83,28.0,0.01,0.01,2337.324664,1776215608000
1776215609.669,209.669,0.17,29.81,0.16,10.27,0.19,102.0,0.2,20.0,0.81,17.0,0.8,15.0,0.82,7.0,0.83,28.0,0.02,0.01,2337.324664,1776215608000
1776215610.173,210.173,0.18,8.2,0.17,29.81,0.19,292.0,0.2,20.0,0.81,102.0,0.8,20.0,0.83,29.81,0.84,10.27,0.01,0.02,2337.324664,1776215608000
1776215610.403,210.403,0.18,8.2,0.17,29.81,0.19,292.0,0.2,20.0,0.81,292.0,0.8,20.0,0.82,8.2,0.83,29.81,0.01,0.01,2337.388489,1776215609000
1776215610.955,210.955,0.17,19.61,0.16,10.27,0.19,27.0,0.2,195.0,0.81,27.0,0.8,200.0,0.82,13.2,0.83,24.81,0.02,0.01,2337.388489,1776215609000
1776215612.117,212.117,0.17,19.61,0.16,10.27,0.19,27.0,0.2,195.0,0.81,27.0,0.8,195.0,0.83,19.61,0.84,10.27,0.02,0.02,2337.330015,1776215611000
1776215613.088,213.088,0.17,19.61,0.16,10.27,0.19,27.0,0.2,195.0,0.81,27.0,0.8,195.0,0.83,19.61,0.84,10.27,0.02,0.02,2337.360737,1776215612000
1776215614.286,214.286,0.17,19.61,0.16,10.27,0.19,27.0,0.2,195.0,0.81,27.0,0.8,195.0,0.83,19.61,0.84,10.27,0.02,0.02,2337.361025,1776215613000
1776215614.887,214.887,0.22,10.0,0.21,30.0,0.28,6.0,0.29,70.0,0.78,18.0,0.77,10.0,0.8,11.0,0.81,26.0,0.06,0.02,2337.361025,1776215613000
1776215615.38,215.38,0.3,10.0,0.27,10.0,0.31,63.84,0.32,10.0,0.69,63.84,0.68,10.0,0.7,10.0,0.73,10.0,0.01,0.01,2337.407068,1776215614000
1776215615.72,215.72,0.33,20.0,0.32,15.0,0.36,4.0,0.4,5.0,0.69,63.84,0.68,10.0,0.7,10.0,0.73,10.0,0.03,0.01,2337.407068,1776215614000
1776215616.011,216.011,0.38,4.55,0.37,10.0,0.4,5.0,0.41,58.79,0.6,5.0,0.59,58.79,0.62,4.55,0.63,10.0,0.02,0.02,2337.423423,1776215615000
1776215616.374,216.374,0.39,15.0,0.38,4.55,0.4,68.55,0.41,48.79,0.6,5.0,0.59,58.79,0.62,4.55,0.63,10.0,0.01,0.02,2337.423423,1776215615000
1776215616.978,216.978,0.41,4.74,0.4,10.0,0.42,76.0,0.43,82.0,0.6,3.97,0.59,48.79,0.61,9.91,0.62,4.55,0.01,0.01,2337.423423,1776215615000
1776215617.205,217.205,0.41,194.74,0.4,10.0,0.42,8.4,0.43,12.0,0.58,132.07,0.57,82.0,0.59,14.74,0.6,10.0,0.01,0.01,2337.753138,1776215616000
1776215617.44,217.44,0.42,20.0,0.41,27.74,0.44,2.72,0.45,7.85,0.58,8.4,0.57,12.0,0.59,194.74,0.6,10.0,0.02,0.01,2337.753138,1776215616000
1776215617.764,217.764,0.45,1.23,0.44,195.0,0.46,81.73,0.48,19.4,0.54,76.73,0.52,19.4,0.55,3.38,0.56,205.0,0.01,0.01,2337.753138,1776215616000
1776215617.994,217.994,0.45,5.77,0.44,216.0,0.46,81.73,0.48,19.4,0.54,81.73,0.52,19.4,0.55,1.23,0.56,195.0,0.01,0.01,2337.753138,1776215616000
1776215618.393,218.393,0.45,5.7,0.44,15.0,0.46,81.73,0.47,66.23,0.54,81.73,0.53,66.23,0.56,165.98,0.57,20.0,0.01,0.02,2337.753138,1776215616000
1776215618.626,218.626,0.45,223.7,0.44,15.0,0.48,19.4,0.49,89.6,0.54,81.73,0.52,19.4,0.55,5.7,0.56,15.0,0.03,0.01,2337.753138,1776215616000
1776215619.013,219.013,0.48,50.0,0.47,20.0,0.51,56.0,0.54,70.0,0.51,19.6,0.5,15.0,0.54,10.0,0.55,228.7,0.03,0.03,2337.753138,1776215616000
1776215619.26,219.26,0.5,194.2,0.49,10.0,0.54,70.0,0.55,70.0,0.46,70.0,0.45,70.0,0.5,200.0,0.51,10.0,0.04,0.04,2337.753138,1776215616000
1776215619.514,219.514,0.53,7.87,0.52,10.0,0.54,62.68,0.55,70.0,0.46,62.68,0.45,70.0,0.5,202.2,0.51,10.0,0.01,0.04,2337.753138,1776215616000
1776215619.73,219.73,0.52,8.61,0.51,10.0,0.54,62.68,0.55,70.0,0.46,62.68,0.45,70.0,0.47,3.61,0.48,10.0,0.02,0.01,2337.753138,1776215616000
1776215620.026,220.026,0.53,10.0,0.52,8.61,0.54,55.64,0.55,70.0,0.46,60.64,0.45,70.0,0.48,8.61,0.49,10.0,0.01,0.02,2337.753138,1776215616000
1776215621.176,221.176,0.52,4.61,0.51,10.0,0.53,95.0,0.54,134.94,0.46,119.94,0.45,70.0,0.47,4.25,0.48,8.61,0.01,0.01,2337.753138,1776215616000
1776215621.838,221.838,0.5,179.81,0.49,20.0,0.52,120.0,0.53,15.0,0.47,115.0,0.46,134.94,0.5,181.81,0.51,20.0,0.02,0.03,2337.753138,1776215616000
1776215622.132,222.132,0.5,175.75,0.49,20.0,0.52,115.0,0.53,15.0,0.48,120.0,0.47,15.0,0.5,179.81,0.51,20.0,0.02,0.02,2337.753138,1776215616000
1776215623.2,223.2,0.53,199.68,0.52,10.0,0.57,59.17,0.58,68.29,0.48,115.0,0.47,15.0,0.5,175.75,0.51,20.0,0.04,0.02,2337.753138,1776215616000
1776215623.705,223.705,0.57,20.0,0.56,204.0,0.58,66.97,0.6,8.0,0.43,44.32,0.42,68.29,0.44,195.0,0.45,10.0,0.01,0.01,2337.753138,1776215616000
1776215623.907,223.907,0.57,5.0,0.56,204.0,0.58,70.58,0.6,8.0,0.42,66.97,0.4,8.0,0.43,5.0,0.44,204.0,0.01,0.01,2337.753138,1776215616000
1776215624.284,224.284,0.49,10.0,0.41,50.0,0.5,50.0,0.57,151.0,0.42,70.58,0.4,8.0,0.43,5.0,0.44,204.0,0.01,0.01,2337.753138,1776215616000
1776215624.618,224.618,0.43,5.0,0.41,50.0,0.45,7.9,0.46,15.0,0.51,60.0,0.5,249.0,0.55,180.0,0.57,5.0,0.02,0.04,2337.753138,1776215616000
1776215624.908,224.908,0.43,5.0,0.41,230.0,0.44,4.97,0.45,12.9,0.56,10.09,0.55,12.9,0.57,5.0,0.59,50.0,0.01,0.01,2337.753138,1776215616000
1776215625.261,225.261,0.42,15.0,0.41,240.0,0.44,15.0,0.45,12.9,0.56,4.97,0.55,12.9,0.57,5.0,0.59,230.0,0.02,0.01,2337.753138,1776215616000
1776215625.742,225.742,0.42,15.0,0.41,240.0,0.44,15.0,0.45,12.9,0.56,15.0,0.55,12.9,0.58,15.0,0.59,240.0,0.02,0.02,2338.94482,1776215624000
1776215626.365,226.365,0.42,15.0,0.41,240.0,0.44,15.0,0.45,12.9,0.56,15.0,0.55,12.9,0.58,15.0,0.59,240.0,0.02,0.02,2338.803,1776215625000
1776215626.63,226.63,0.48,233.0,0.47,10.0,0.49,50.0,0.5,58.0,0.56,15.0,0.55,12.9,0.58,15.0,0.59,240.0,0.01,0.02,2338.803,1776215625000
1776215626.952,226.952,0.48,238.0,0.47,10.0,0.53,70.0,0.54,70.0,0.47,70.0,0.46,70.0,0.52,238.0,0.53,10.0,0.05,0.05,2338.736209,1776215626000
1776215627.496,227.496,0.55,17.48,0.54,30.0,0.6,2.66,0.62,70.0,0.47,90.0,0.46,70.0,0.49,10.0,0.5,10.0,0.05,0.02,2338.736209,1776215626000
1776215627.699,227.699,0.61,7.43,0.6,10.0,0.62,52.67,0.63,105.61,0.38,52.67,0.37,105.61,0.39,10.0,0.4,10.0,0.01,0.01,2338.736209,1776215626000
1776215627.972,227.972,0.61,10.0,0.6,20.0,0.62,46.79,0.63,105.61,0.38,52.67,0.37,105.61,0.41,10.9,0.42,10.0,0.01,0.03,2338.736209,1776215626000
1776215628.556,228.556,0.6,183.62,0.59,2.43,0.62,154.79,0.63,110.61,0.38,46.79,0.37,105.61,0.39,10.0,0.4,20.0,0.02,0.01,2338.736209,1776215626000
1776215628.848,228.848,0.58,180.0,0.57,5.0,0.62,69.0,0.63,110.61,0.38,154.79,0.37,110.61,0.4,183.62,0.41,2.43,0.04,0.02,2338.920601,1776215627000
1776215629.294,229.294,0.58,180.0,0.57,5.0,0.62,69.0,0.63,110.61,0.38,69.0,0.37,110.61,0.42,180.0,0.43,5.0,0.04,0.04,2339.0106,1776215628000
1776215629.57,229.57,0.5,180.0,0.49,10.0,0.54,59.0,0.58,228.0,0.38,69.0,0.37,110.61,0.42,180.0,0.43,5.0,0.04,0.04,2339.0106,1776215628000
1776215630.39,230.39,0.5,186.52,0.49,10.0,0.53,10.0,0.54,151.0,0.47,10.0,0.46,151.0,0.5,186.52,0.51,10.0,0.03,0.03,2339.105559,1776215629000
1776215630.612,230.612,0.48,10.0,0.47,15.0,0.5,15.0,0.51,10.0,0.49,10.0,0.48,155.0,0.53,15.0,0.54,15.0,0.02,0.04,2339.105559,1776215629000
1776215630.976,230.976,0.48,10.0,0.47,15.0,0.5,15.0,0.51,10.0,0.5,15.0,0.49,10.0,0.52,10.0,0.53,15.0,0.02,0.02,2339.103695,1776215630000
1776215631.233,231.233,0.49,200.0,0.48,10.0,0.5,8.0,0.51,15.0,0.5,15.0,0.49,10.0,0.52,10.0,0.53,15.0,0.01,0.02,2339.103695,1776215630000
1776215632.111,232.111,0.49,200.0,0.48,10.0,0.5,8.0,0.51,15.0,0.5,8.0,0.49,15.0,0.51,200.0,0.52,10.0,0.01,0.01,2338.967893,1776215631000
1776215632.462,232.462,0.5,20.0,0.49,277.48,0.54,49.0,0.56,70.0,0.5,8.0,0.49,15.0,0.51,200.0,0.52,10.0,0.04,0.01,2338.967893,1776215631000
1776215632.877,232.877,0.53,11.8,0.51,55.0,0.54,5.0,0.56,52.31,0.44,52.31,0.43,70.0,0.5,20.0,0.51,277.48,0.01,0.06,2338.967893,1776215631000
1776215633.289,233.289,0.53,11.8,0.51,55.0,0.54,5.0,0.56,52.31,0.46,5.0,0.44,52.31,0.47,11.8,0.49,55.0,0.01,0.01,2338.967893,1776215632000
1776215633.569,233.569,0.55,15.0,0.54,200.0,0.56,0.31,0.57,70.0,0.46,5.0,0.44,52.31,0.47,11.8,0.49,55.0,0.01,0.01,2338.967893,1776215632000
1776215633.963,233.963,0.55,184.59,0.54,15.0,0.56,0.31,0.57,75.0,0.44,0.31,0.43,70.0,0.45,15.0,0.46,200.0,0.01,0.01,2338.967893,1776215632000
1776215634.216,234.216,0.56,19.26,0.55,45.0,0.57,5.0,0.63,105.61,0.44,0.31,0.43,75.0,0.45,184.59,0.46,15.0,0.01,0.01,2338.967893,1776215632000
1776215634.681,234.681,0.62,15.0,0.61,10.0,0.63,110.61,0.64,250.0,0.37,105.61,0.36,70.0,0.44,204.26,0.45,45.0,0.01,0.07,2338.981409,1776215633000
1776215634.987,234.987,0.62,15.0,0.61,10.0,0.63,110.61,0.64,250.0,0.37,110.61,0.36,250.0,0.38,15.0,0.39,10.0,0.01,0.01,2339.010295,1776215634000
1776215636.251,236.251,0.62,9.73,0.61,10.0,0.63,120.61,0.64,70.0,0.37,120.61,0.36,70.0,0.38,9.73,0.39,10.0,0.01,0.01,2339.017026,1776215635000
1776215637.164,237.164,0.5,14.4,0.49,14.4,0.51,41.0,0.52,10.0,0.37,120.61,0.36,70.0,0.38,9.73,0.39,10.0,0.01,0.01,2339.017026,1776215635000
1776215637.413,237.413,0.5,14.4,0.49,14.4,0.51,41.0,0.52,10.0,0.49,41.0,0.48,10.0,0.5,14.4,0.51,14.4,0.01,0.01,2339.09905,1776215636000
1776215637.89,237.89,0.5,9.4,0.49,29.4,0.51,30.0,0.52,10.0,0.49,30.0,0.48,10.0,0.5,14.4,0.51,24.4,0.01,0.01,2339.09905,1776215636000
1776215638.166,238.166,0.5,9.4,0.49,29.4,0.51,6.0,0.52,10.0,0.49,30.0,0.48,10.0,0.5,9.4,0.51,29.4,0.01,0.01,2339.107029,1776215637000
1776215638.373,238.373,0.5,10.88,0.49,29.4,0.51,6.0,0.52,10.0,0.49,6.0,0.48,10.0,0.5,9.4,0.51,29.4,0.01,0.01,2339.107029,1776215637000
1776215639.599,239.599,0.5,10.88,0.49,29.4,0.52,10.0,0.53,10.0,0.48,10.0,0.47,10.0,0.5,10.88,0.51,29.4,0.02,0.02,2339.011059,1776215638000
1776215639.877,239.877,0.51,19.5,0.5,24.4,0.52,19.23,0.53,10.0,0.48,25.0,0.47,10.0,0.49,14.5,0.5,70.64,0.01,0.01,2339.011059,1776215638000
1776215640.166,240.166,0.5,23.51,0.49,24.4,0.52,19.23,0.53,10.0,0.48,19.23,0.47,10.0,0.5,23.51,0.51,24.4,0.02,0.02,2338.948544,1776215639000
1776215640.64,240.64,0.47,185.57,0.46,15.0,0.48,10.0,0.49,20.0,0.48,19.23,0.47,10.0,0.5,23.51,0.51,24.4,0.01,0.02,2338.948544,1776215639000
1776215641.472,241.472,0.54,15.0,0.53,15.0,0.55,9.9,0.57,5.0,0.52,3.77,0.51,20.0,0.53,146.22,0.54,15.0,0.01,0.01,2338.948544,1776215639000
1776215642.158,242.158,0.52,5.0,0.5,180.0,0.53,5.0,0.54,20.0,0.45,9.9,0.43,5.0,0.46,15.0,0.47,15.0,0.01,0.01,2338.950443,1776215640000
1776215642.551,242.551,0.45,10.0,0.44,180.0,0.53,25.0,0.54,15.0,0.46,24.92,0.45,20.0,0.48,5.0,0.53,180.0,0.08,0.02,2338.950443,1776215640000
1776215642.767,242.767,0.45,0.91,0.44,10.0,0.5,15.0,0.51,20.0,0.52,10.0,0.51,19.8,0.55,0.91,0.56,180.0,0.05,0.03,2338.90227,1776215641000
1776215643.04,243.04,0.41,70.0,0.4,10.0,0.46,15.0,0.47,10.0,0.54,10.0,0.53,15.0,0.57,5.65,0.58,15.0,0.05,0.03,2338.90227,1776215641000
1776215643.967,243.967,0.4,15.0,0.39,15.0,0.45,5.15,0.46,260.0,0.54,15.0,0.53,10.0,0.59,70.0,0.6,10.0,0.05,0.05,2338.981246,1776215642000
1776215644.198,244.198,0.42,15.0,0.41,15.0,0.43,0.52,0.44,10.0,0.57,4.0,0.56,10.0,0.58,10.0,0.59,15.0,0.01,0.01,2338.981246,1776215642000
1776215645.194,245.194,0.42,30.0,0.41,15.0,0.45,7.4,0.46,260.0,0.57,0.52,0.56,10.0,0.58,15.0,0.59,15.0,0.03,0.01,2338.936111,1776215643000
1776215645.63,245.63,0.46,10.0,0.45,15.0,0.48,26.95,0.49,86.32,0.55,7.4,0.54,260.0,0.58,30.0,0.59,15.0,0.02,0.03,2338.821684,1776215644000
1776215645.888,245.888,0.47,2.79,0.46,15.0,0.48,15.0,0.49,70.0,0.51,86.32,0.5,90.0,0.54,10.0,0.55,15.0,0.01,0.03,2338.821684,1776215644000
1776215646.129,246.129,0.47,192.79,0.46,15.0,0.5,70.0,0.51,70.0,0.51,70.0,0.5,70.0,0.53,187.79,0.54,15.0,0.03,0.02,2338.794092,1776215645000
1776215647.498,247.498,0.49,10.0,0.48,15.0,0.5,65.0,0.51,70.0,0.5,65.0,0.49,70.0,0.51,10.0,0.52,15.0,0.01,0.01,2338.799568,1776215646000
1776215647.982,247.982,0.49,10.0,0.48,15.0,0.5,65.0,0.51,70.0,0.5,65.0,0.49,70.0,0.51,10.0,0.52,15.0,0.01,0.01,2338.82299,1776215647000
1776215648.78,248.78,0.49,4.0,0.48,15.0,0.5,84.01,0.51,140.0,0.5,86.0,0.49,90.0,0.51,9.0,0.52,15.0,0.01,0.01,2338.82299,1776215647000
1776215649.12,249.12,0.49,4.0,0.48,15.0,0.5,84.01,0.51,140.0,0.5,84.01,0.49,140.0,0.51,4.0,0.52,15.0,0.01,0.01,2338.841014,1776215648000
1776215650.551,250.551,0.49,4.0,0.48,15.0,0.5,84.01,0.51,140.0,0.5,84.01,0.49,140.0,0.51,4.0,0.52,15.0,0.01,0.01,2338.825312,1776215649000
1776215650.78,250.78,0.49,10.0,0.48,10.0,0.5,282.97,0.51,130.0,0.5,84.01,0.49,140.0,0.51,4.0,0.52,15.0,0.01,0.01,2338.825312,1776215649000
1776215651.08,251.08,0.49,10.0,0.48,10.0,0.5,262.97,0.51,130.0,0.5,262.97,0.49,130.0,0.51,10.0,0.52,10.0,0.01,0.01,2338.825262,1776215650000
1776215651.62,251.62,0.49,15.0,0.48,15.0,0.5,14.64,0.51,60.0,0.5,262.97,0.49,130.0,0.51,10.0,0.52,10.0,0.01,0.01,2338.825262,1776215650000
1776215651.942,251.942,0.5,305.0,0.49,35.0,0.63,25.73,0.65,70.0,0.5,14.64,0.49,60.0,0.51,15.0,0.52,15.0,0.13,0.01,2338.825262,1776215650000
1776215652.254,252.254,0.62,228.0,0.61,72.43,0.65,70.0,0.67,15.99,0.37,5.84,0.35,70.0,0.38,10.0,0.39,10.0,0.03,0.01,2338.825262,1776215650000
1776215652.744,252.744,0.64,22.0,0.63,21.0,0.65,66.52,0.7,5.0,0.35,70.0,0.33,15.99,0.38,228.0,0.39,72.43,0.01,0.03,2338.822967,1776215651000
1776215653.019,253.019,0.64,22.0,0.63,21.0,0.65,20.35,0.66,70.0,0.35,66.15,0.34,70.0,0.36,22.0,0.37,21.0,0.01,0.01,2338.822967,1776215651000
1776215653.483,253.483,0.59,10.0,0.58,10.0,0.6,65.0,0.61,10.0,0.35,11.21,0.34,70.0,0.36,22.0,0.37,21.0,0.01,0.01,2338.822909,1776215652000
1776215654.28,254.28,0.6,207.0,0.59,8.29,0.64,40.28,0.66,70.0,0.4,65.0,0.39,15.0,0.41,3.29,0.42,10.0,0.04,0.01,2338.822909,1776215652000
1776215654.494,254.494,0.63,27.0,0.62,17.0,0.64,16.87,0.66,70.0,0.36,32.34,0.34,70.0,0.37,27.0,0.38,17.0,0.01,0.01,2338.822909,1776215652000
1776215654.979,254.979,0.63,32.0,0.62,22.0,0.64,8.61,0.66,70.0,0.36,16.87,0.34,70.0,0.37,27.0,0.38,17.0,0.01,0.01,2339.328226,1776215653000
1776215655.233,255.233,0.63,27.0,0.62,22.0,0.64,5.48,0.66,75.0,0.36,8.61,0.34,70.0,0.37,32.0,0.38,22.0,0.01,0.01,2339.328226,1776215653000
1776215655.438,255.438,0.62,12.0,0.61,7.0,0.64,5.48,0.65,10.0,0.36,5.48,0.34,75.0,0.37,27.0,0.38,22.0,0.02,0.01,2339.304551,1776215654000
1776215655.684,255.684,0.61,10.0,0.6,27.0,0.63,10.0,0.64,25.48,0.36,5.48,0.35,10.0,0.38,12.0,0.39,7.0,0.02,0.02,2339.304551,1776215654000
1776215655.967,255.967,0.6,27.0,0.59,10.0,0.63,10.0,0.64,25.48,0.37,10.0,0.36,25.48,0.39,10.0,0.4,27.0,0.03,0.02,2339.304551,1776215654000
1776215656.738,256.738,0.61,16.15,0.6,32.0,0.63,10.0,0.64,25.48,0.37,10.0,0.36,25.48,0.4,27.0,0.41,10.0,0.02,0.03,2339.263191,1776215655000
1776215657.028,257.028,0.61,16.15,0.6,32.0,0.63,9.83,0.64,25.48,0.37,10.0,0.36,25.48,0.39,16.15,0.4,32.0,0.02,0.02,2339.263191,1776215655000
1776215657.27,257.27,0.61,16.15,0.6,32.0,0.63,9.83,0.64,25.48,0.37,9.83,0.36,25.48,0.39,16.15,0.4,32.0,0.02,0.02,2339.248714,1776215656000
1776215657.714,257.714,0.61,16.15,0.6,32.0,0.63,6.14,0.64,25.48,0.37,8.08,0.36,25.48,0.39,11.15,0.4,32.0,0.02,0.02,2339.248714,1776215656000
1776215657.927,257.927,0.61,16.15,0.6,32.0,0.63,6.14,0.64,25.48,0.37,6.14,0.36,25.48,0.39,16.15,0.4,32.0,0.02,0.02,2339.247959,1776215657000
1776215658.989,258.989,0.49,33.0,0.48,19.4,0.5,15.0,0.51,15.0,0.37,4.55,0.36,20.48,0.39,11.15,0.4,32.0,0.01,0.02,2339.247959,1776215657000
1776215659.19,259.19,0.49,47.9,0.48,19.4,0.5,4.6,0.51,15.0,0.5,15.0,0.49,15.0,0.51,42.9,0.52,19.4,0.01,0.01,2339.247959,1776215657000
1776215659.539,259.539,0.49,47.9,0.48,24.4,0.51,9.7,0.52,10.0,0.49,9.7,0.48,10.0,0.51,47.9,0.52,24.4,0.02,0.02,2339.244662,1776215658000
1776215659.768,259.768,0.45,15.0,0.44,15.0,0.47,12.23,0.48,15.0,0.5,10.0,0.49,215.7,0.53,14.5,0.54,14.5,0.02,0.03,2339.244662,1776215658000
1776215660.092,260.092,0.45,14.74,0.44,20.0,0.46,15.0,0.47,12.23,0.54,15.0,0.53,12.23,0.55,14.74,0.56,20.0,0.01,0.01,2339.168592,1776215659000
1776215660.68,260.68,0.54,17.0,0.53,10.0,0.55,69.9,0.56,50.0,0.53,2.23,0.52,5.0,0.55,204.74,0.56,20.0,0.01,0.02,2339.168592,1776215659000
1776215661.187,261.187,0.54,17.0,0.53,10.0,0.55,69.9,0.56,50.0,0.45,69.9,0.44,50.0,0.46,17.0,0.47,10.0,0.01,0.01,2339.039304,1776215660000
1776215661.547,261.547,0.54,8.5,0.53,10.0,0.55,80.44,0.56,50.0,0.45,80.44,0.44,50.0,0.46,10.0,0.47,10.0,0.01,0.01,2339.039304,1776215660000
1776215662.16,262.16,0.54,8.5,0.53,10.0,0.55,80.44,0.56,50.0,0.45,80.44,0.44,50.0,0.46,8.5,0.47,10.0,0.01,0.01,2339.003784,1776215661000
1776215662.451,262.451,0.54,6.32,0.53,10.0,0.55,80.44,0.56,230.0,0.45,80.44,0.44,50.0,0.46,8.5,0.47,10.0,0.01,0.01,2339.003784,1776215661000
1776215663.235,263.235,0.54,6.32,0.53,10.0,0.55,80.44,0.56,230.0,0.45,80.44,0.44,230.0,0.46,6.32,0.47,10.0,0.01,0.01,2339.048532,1776215662000
1776215664.343,264.343,0.54,4.14,0.53,10.0,0.55,54.44,0.59,190.0,0.45,54.44,0.41,190.0,0.46,4.14,0.47,10.0,0.01,0.01,2339.057108,1776215663000
1776215664.706,264.706,0.59,16.52,0.58,15.0,0.6,10.0,0.61,60.0,0.45,0.44,0.39,60.0,0.46,216.14,0.47,15.0,0.01,0.01,2339.057108,1776215663000
1776215664.967,264.967,0.59,21.52,0.58,15.0,0.64,20.48,0.65,15.0,0.36,20.48,0.35,15.0,0.41,21.52,0.42,15.0,0.05,0.05,2339.056192,1776215664000
1776215665.249,265.249,0.63,57.0,0.62,27.0,0.76,55.0,0.77,10.0,0.36,20.48,0.35,15.0,0.41,21.52,0.42,15.0,0.13,0.05,2339.056192,1776215664000
1776215665.579,265.579,0.75,27.0,0.74,22.0,0.76,31.86,0.77,10.0,0.24,41.86,0.23,10.0,0.25,22.0,0.26,17.0,0.01,0.01,2339.056192,1776215664000
1776215665.788,265.788,0.75,0.64,0.74,22.0,0.76,1.11,0.77,10.0,0.24,1.11,0.23,10.0,0.25,5.04,0.26,22.0,0.01,0.01,2339.056192,1776215664000
1776215665.997,265.997,0.74,12.97,0.73,10.0,0.77,10.0,0.78,35.0,0.24,0.55,0.23,10.0,0.25,0.64,0.26,22.0,0.03,0.01,2339.056192,1776215664000
1776215666.562,266.562,0.76,17.0,0.75,10.0,0.77,15.53,0.78,45.0,0.23,15.53,0.22,45.0,0.24,18.0,0.25,10.0,0.01,0.01,2339.057994,1776215665000
1776215666.903,266.903,0.76,92.0,0.75,10.0,0.8,5.0,0.83,5.0,0.23,15.53,0.22,45.0,0.24,17.0,0.25,10.0,0.04,0.01,2339.057994,1776215665000
1776215667.113,267.113,0.79,28.0,0.78,18.0,0.8,19.9,0.81,5.0,0.2,4.9,0.17,5.0,0.21,18.0,0.22,18.0,0.01,0.01,2339.169848,1776215666000
1776215667.333,267.333,0.79,28.0,0.78,18.0,0.8,15.57,0.81,10.31,0.2,19.9,0.19,5.0,0.21,28.0,0.22,18.0,0.01,0.01,2339.169848,1776215666000
1776215667.641,267.641,0.8,13.28,0.79,28.0,0.81,5.0,0.83,5.0,0.2,11.72,0.19,10.31,0.21,23.0,0.22,28.0,0.01,0.01,2339.169848,1776215666000
1776215668.058,268.058,0.8,13.28,0.79,28.0,0.81,5.0,0.83,5.0,0.19,5.0,0.17,5.0,0.2,13.28,0.21,28.0,0.01,0.01,2339.287654,1776215667000
1776215668.958,268.958,0.87,13.0,0.86,18.0,0.88,15.0,0.89,210.0,0.16,5.0,0.14,30.0,0.2,81.28,0.21,23.0,0.01,0.04,2339.287654,1776215667000
1776215669.883,269.883,0.87,48.0,0.86,73.0,0.88,7.72,0.89,207.29,0.11,198.11,0.1,51.34,0.13,33.0,0.14,23.0,0.01,0.02,2339.4165,1776215668000
1776215670.235,270.235,0.87,39.15,0.86,68.0,0.89,214.73,0.9,40.0,0.11,214.73,0.1,40.0,0.13,39.15,0.14,68.0,0.02,0.02,2339.548294,1776215669000
1776215670.799,270.799,0.88,13.0,0.87,24.15,0.89,221.67,0.9,35.0,0.11,214.73,0.1,40.0,0.13,39.15,0.14,68.0,0.01,0.02,2339.548294,1776215669000
1776215671.281,271.281,0.88,13.0,0.87,24.15,0.89,219.64,0.9,35.0,0.11,214.64,0.1,35.0,0.12,13.0,0.13,24.15,0.01,0.01,2339.623118,1776215670000
1776215671.516,271.516,0.88,38.0,0.87,24.15,0.89,186.31,0.9,35.0,0.11,196.76,0.1,35.0,0.12,38.0,0.13,24.15,0.01,0.01,2339.623118,1776215670000
1776215671.779,271.779,0.88,15.0,0.87,24.15,0.89,178.82,0.9,35.0,0.11,179.71,0.1,35.0,0.12,21.33,0.13,24.15,0.01,0.01,2339.623118,1776215670000
1776215672.317,272.317,0.88,15.0,0.87,29.15,0.89,182.13,0.9,35.0,0.11,178.82,0.1,35.0,0.12,15.0,0.13,24.15,0.01,0.01,2339.664102,1776215671000
1776215672.588,272.588,0.88,15.0,0.87,29.15,0.89,167.13,0.9,35.0,0.11,182.13,0.1,35.0,0.12,15.0,0.13,29.15,0.01,0.01,2339.664102,1776215671000
1776215673.03,273.03,0.9,8.0,0.89,26.0,0.93,239.19,0.94,15.0,0.11,167.13,0.1,35.0,0.12,15.0,0.13,29.15,0.03,0.01,2339.664102,1776215671000
1776215673.557,273.557,0.92,16.0,0.91,66.0,0.93,231.2,0.94,15.0,0.07,231.2,0.06,15.0,0.08,16.0,0.09,66.0,0.01,0.01,2339.671755,1776215672000
1776215674.12,274.12,0.92,16.0,0.91,66.0,0.93,231.2,0.94,15.0,0.07,231.2,0.06,15.0,0.08,16.0,0.09,66.0,0.01,0.01,2339.704514,1776215673000
1776215674.453,274.453,0.92,26.0,0.91,75.0,0.93,250.24,0.94,10.0,0.07,231.2,0.06,15.0,0.08,16.0,0.09,66.0,0.01,0.01,2339.704514,1776215673000
1776215675.137,275.137,0.92,27.14,0.91,76.0,0.93,59.74,0.94,10.0,0.07,250.24,0.06,10.0,0.08,6.14,0.09,75.0,0.01,0.01,2339.704514,1776215673000
1776215675.457,275.457,0.92,27.14,0.91,76.0,0.93,9.74,0.94,10.0,0.07,9.74,0.06,10.0,0.08,27.14,0.09,76.0,0.01,0.01,2339.831383,1776215674000
1776215675.669,275.669,0.93,56.0,0.92,11.14,0.94,25.18,0.95,90.42,0.06,25.5,0.05,85.42,0.08,27.14,0.09,70.0,0.01,0.02,2339.831383,1776215674000
1776215675.978,275.978,0.93,72.0,0.92,21.14,0.95,90.42,0.96,30.0,0.06,25.18,0.05,90.42,0.07,56.0,0.08,11.14,0.02,0.01,2339.831383,1776215674000
1776215676.216,276.216,0.93,72.0,0.92,21.14,0.95,90.42,0.96,30.0,0.05,90.42,0.04,30.0,0.07,72.0,0.08,21.14,0.02,0.02,2339.884196,1776215675000
1776215676.984,276.984,0.94,31.0,0.93,64.0,0.95,270.42,0.96,35.0,0.05,90.42,0.04,30.0,0.07,72.0,0.08,21.14,0.01,0.02,2339.884196,1776215675000
1776215677.238,277.238,0.94,81.0,0.93,84.0,0.95,82.42,0.96,30.0,0.05,270.42,0.04,35.0,0.06,31.0,0.07,64.0,0.01,0.01,2339.884196,1776215675000
1776215677.451,277.451,0.94,297.52,0.93,74.0,0.95,12.32,0.96,30.0,0.05,12.42,0.04,30.0,0.06,242.52,0.07,74.0,0.01,0.01,2339.884196,1776215675000
1776215677.945,277.945,0.95,6.0,0.94,52.0,0.97,427.65,0.98,260.0,0.03,208.99,0.02,430.0,0.05,47.0,0.06,107.0,0.02,0.02,2339.9742,1776215676000
1776215678.154,278.154,0.95,6.0,0.94,52.0,0.96,197.9,0.97,247.65,0.04,197.9,0.03,247.65,0.05,6.0,0.06,52.0,0.01,0.01,2340.029944,1776215677000
1776215678.571,278.571,0.94,57.0,0.93,53.0,0.96,2.69,0.97,427.65,0.04,202.9,0.03,252.65,0.06,42.0,0.07,48.0,0.02,0.02,2340.029944,1776215677000
1776215678.844,278.844,0.92,17.0,0.91,10.0,0.95,245.0,0.96,65.0,0.04,2.69,0.03,427.65,0.06,57.0,0.07,53.0,0.03,0.02,2340.029944,1776215677000
1776215679.395,279.395,0.93,9.9,0.92,10.0,0.95,195.0,0.96,65.0,0.05,195.0,0.04,65.0,0.07,9.9,0.08,10.0,0.02,0.02,2340.19409,1776215678000
1776215679.725,279.725,0.92,30.0,0.91,10.0,0.93,23.1,0.94,70.83,0.05,195.0,0.04,65.0,0.07,9.9,0.08,10.0,0.01,0.02,2340.19409,1776215678000
1776215679.967,279.967,0.92,14.13,0.91,20.0,0.94,41.24,0.95,10.0,0.06,41.24,0.05,10.0,0.08,25.0,0.09,20.0,0.02,0.02,2340.19409,1776215678000
1776215680.473,280.473,0.92,34.13,0.91,10.0,0.94,29.24,0.95,15.0,0.06,41.24,0.05,10.0,0.08,14.13,0.09,20.0,0.02,0.02,2340.476296,1776215679000
1776215680.816,280.816,0.92,24.13,0.91,10.0,0.94,31.17,0.95,15.0,0.06,29.24,0.05,15.0,0.08,34.13,0.09,10.0,0.02,0.02,2340.476296,1776215679000
1776215681.231,281.231,0.92,24.13,0.91,10.0,0.94,31.17,0.95,15.0,0.06,31.17,0.05,15.0,0.08,24.13,0.09,10.0,0.02,0.02,2340.171014,1776215680000
1776215681.993,281.993,0.93,30.0,0.92,20.0,0.96,10.0,0.97,478.99,0.06,31.17,0.05,15.0,0.08,24.13,0.09,10.0,0.03,0.02,2340.171014,1776215680000
1776215682.596,282.596,0.94,142.0,0.93,30.0,0.96,4.94,0.97,483.99,0.04,4.94,0.03,483.99,0.06,142.0,0.07,30.0,0.02,0.02,2340.094128,1776215681000
1776215683.252,283.252,0.94,142.0,0.93,30.0,0.96,4.94,0.97,483.99,0.04,4.94,0.03,483.99,0.06,142.0,0.07,30.0,0.02,0.02,2340.088164,1776215682000
1776215683.833,283.833,0.95,25.0,0.94,127.0,0.97,658.99,0.98,492.0,0.04,4.94,0.03,483.99,0.06,142.0,0.07,30.0,0.02,0.02,2340.088164,1776215682000
1776215684.385,284.385,0.95,25.0,0.94,127.0,0.96,8.0,0.97,692.65,0.03,658.99,0.02,492.0,0.05,25.0,0.06,127.0,0.01,0.02,2340.088164,1776215682000
1776215684.869,284.869,0.94,43.0,0.93,15.0,0.96,188.0,0.97,517.65,0.04,8.0,0.03,692.65,0.05,25.0,0.06,127.0,0.02,0.01,2340.103401,1776215683000
1776215685.11,285.11,0.94,22.9,0.93,20.0,0.95,10.0,0.96,10.0,0.05,10.0,0.04,10.0,0.06,22.9,0.07,20.0,0.01,0.01,2340.184756,1776215684000
1776215685.316,285.316,0.93,5.0,0.87,15.0,0.95,190.0,0.96,65.0,0.05,10.0,0.04,10.0,0.06,22.9,0.07,20.0,0.02,0.01,2340.184756,1776215684000
1776215685.528,285.528,0.89,19.9,0.88,10.0,0.92,14.25,0.93,15.0,0.09,7.25,0.08,15.0,0.11,14.9,0.12,10.0,0.03,0.02,2340.184756,1776215684000
1776215686.028,286.028,0.94,20.0,0.93,20.0,0.97,628.88,0.98,755.0,0.07,9.25,0.06,15.0,0.09,10.0,0.1,10.0,0.03,0.02,2340.184756,1776215684000
1776215686.282,286.282,0.94,25.0,0.93,20.0,0.97,628.78,0.98,745.0,0.03,628.78,0.02,745.0,0.06,25.0,0.07,20.0,0.03,0.03,2340.1638,1776215685000
1776215686.856,286.856,0.95,20.0,0.94,20.0,0.97,647.44,0.98,750.0,0.03,662.44,0.02,745.0,0.05,20.0,0.06,20.0,0.02,0.02,2340.1638,1776215685000
1776215687.515,287.515,0.95,20.0,0.94,20.0,0.97,647.44,0.98,750.0,0.03,647.44,0.02,750.0,0.05,20.0,0.06,20.0,0.02,0.02,2339.882075,1776215686000
1776215688.076,288.076,0.95,15.0,0.94,20.0,0.97,639.33,0.98,750.0,0.03,639.33,0.02,750.0,0.05,15.0,0.06,20.0,0.02,0.02,2339.9335,1776215687000
1776215688.307,288.307,0.96,15.0,0.95,15.0,0.97,462.37,0.98,930.0,0.03,639.33,0.02,750.0,0.05,15.0,0.06,20.0,0.01,0.02,2339.9335,1776215687000
1776215688.562,288.562,0.96,3.54,0.95,15.0,0.97,423.71,0.98,925.0,0.03,462.37,0.02,930.0,0.04,15.0,0.05,15.0,0.01,0.01,2339.9335,1776215687000
1776215688.812,288.812,0.96,8.54,0.95,15.0,0.97,455.0,0.98,935.0,0.03,428.61,0.02,935.0,0.04,3.54,0.05,15.0,0.01,0.01,2339.9335,1776215687000
1776215689.756,289.756,0.96,78.54,0.95,25.0,0.97,416.18,0.98,755.0,0.03,416.18,0.02,755.0,0.04,78.54,0.05,25.0,0.01,0.01,2340.047175,1776215688000
1776215689.999,289.999,0.96,73.54,0.95,15.0,0.97,435.64,0.98,755.0,0.03,416.18,0.02,755.0,0.04,78.54,0.05,25.0,0.01,0.01,2340.047175,1776215688000
1776215690.235,290.235,0.96,53.54,0.95,15.0,0.97,430.48,0.98,745.0,0.03,425.48,0.02,745.0,0.04,78.54,0.05,15.0,0.01,0.01,2340.047175,1776215688000
1776215690.642,290.642,0.96,58.54,0.95,15.0,0.97,428.41,0.98,740.0,0.03,430.48,0.02,745.0,0.04,53.54,0.05,15.0,0.01,0.01,2340.075562,1776215689000
1776215690.87,290.87,0.96,63.54,0.95,15.0,0.97,423.42,0.98,740.0,0.03,428.41,0.02,740.0,0.04,58.54,0.05,15.0,0.01,0.01,2340.075562,1776215689000
1776215691.198,291.198,0.96,58.3,0.95,15.0,0.97,418.42,0.98,740.0,0.03,423.42,0.02,740.0,0.04,63.54,0.05,15.0,0.01,0.01,2340.1232,1776215690000
1776215691.409,291.409,0.96,58.3,0.95,10.0,0.97,365.69,0.98,740.0,0.03,382.69,0.02,740.0,0.04,58.3,0.05,10.0,0.01,0.01,2340.1232,1776215690000
1776215691.925,291.925,0.96,193.3,0.95,10.0,0.97,344.34,0.98,740.0,0.03,365.69,0.02,740.0,0.04,58.3,0.05,10.0,0.01,0.01,2340.1232,1776215690000
1776215692.439,292.439,0.96,198.3,0.95,15.0,0.97,334.03,0.98,740.0,0.03,344.34,0.02,740.0,0.04,193.3,0.05,10.0,0.01,0.01,2340.261265,1776215691000
1776215693.044,293.044,0.96,193.01,0.95,15.0,0.97,331.96,0.98,740.0,0.03,331.96,0.02,740.0,0.04,193.01,0.05,15.0,0.01,0.01,2340.27091,1776215692000
1776215693.334,293.334,0.96,193.01,0.95,15.0,0.97,326.91,0.98,740.0,0.03,331.96,0.02,740.0,0.04,193.01,0.05,15.0,0.01,0.01,2340.27091,1776215692000
1776215694.17,294.17,0.97,205.0,0.96,53.01,0.98,127.5,0.99,2024.86,0.02,125.36,0.01,2024.86,0.03,144.0,0.04,58.01,0.01,0.01,2340.27091,1776215692000
1776215694.448,294.448,0.97,411.0,0.96,58.01,0.98,6.73,0.99,1854.86,0.02,56.99,0.01,1854.86,0.03,401.0,0.04,53.01,0.01,0.01,2340.37085,1776215693000
1776215694.77,294.77,0.97,411.0,0.96,58.01,0.99,848.48,,,0.02,52.13,0.01,1854.86,0.03,406.0,0.04,58.01,0.02,0.01,2340.37085,1776215693000
1776215695.187,295.187,0.99,580.31,0.98,5.0,,,,,,,,,0.01,159.53,0.03,411.0,,,2340.37085,1776215693000
1776215696.354,296.354,0.99,525.56,0.98,5.0,,,,,,,,,0.01,525.56,0.02,5.0,,,2340.369112,1776215695000
1776215696.707,296.707,0.99,1198.47,0.98,5.0,,,,,,,,,0.01,525.56,0.02,5.0,,,2340.369112,1776215695000
1776215697.312,297.312,0.99,1458.1,0.98,5.0,,,,,,,,,0.01,1162.37,0.02,5.0,,,2340.350228,1776215696000
1776215698.006,298.006,0.99,1396.19,0.98,5.0,,,,,,,,,0.01,1396.19,0.02,5.0,,,2340.469089,1776215697000
1776215699.05,299.05,0.99,1396.19,0.98,5.0,,,,,,,,,0.01,1396.19,0.02,5.0,,,2340.514905,1776215698000
1776215699.566,299.566,0.99,20646.22,0.98,127.23,,,,,,,,,0.01,1396.19,0.02,5.0,,,2340.514905,1776215698000
1776215700.085,300.085,0.99,20646.22,0.98,127.23,,,,,,,,,0.01,20646.22,0.02,127.23,,,2340.616075,1776215699000

# RESULT,winner=Up,slug=eth-updown-5m-1776215400,ticks=545
