timestamp,elapsed_sec,up_bid_p1,up_bid_s1,up_bid_p2,up_bid_s2,up_ask_p1,up_ask_s1,up_ask_p2,up_ask_s2,down_bid_p1,down_bid_s1,down_bid_p2,down_bid_s2,down_ask_p1,down_ask_s1,down_ask_p2,down_ask_s2,up_spread,down_spread,eth_price,eth_oracle_ts
1776294301.764,1.764,0.53,5.0,0.52,15.57,0.54,18.29,0.56,11.0,0.4,38.0,0.39,34.0,0.47,20.25,0.48,207.87,0.01,0.07,2360.98006,1776294300000
1776294301.979,1.979,0.54,41.65,0.53,2.87,0.67,300.0,0.69,375.0,0.33,300.0,0.31,375.0,0.46,44.98,0.47,2.87,0.13,0.13,2360.952125,1776294301000
1776294302.825,2.825,0.54,16.25,0.53,2.87,0.61,45.0,0.67,385.0,0.33,300.0,0.31,375.0,0.46,16.25,0.47,2.87,0.07,0.13,2360.952125,1776294301000
1776294303.448,3.448,0.54,16.25,0.53,2.87,0.55,52.86,0.56,71.0,0.39,45.0,0.33,385.0,0.46,16.25,0.47,2.87,0.01,0.07,2360.991128,1776294302000
1776294303.729,3.729,0.52,18.11,0.51,31.46,0.55,48.57,0.56,71.0,0.45,52.86,0.44,71.0,0.46,16.25,0.47,2.87,0.03,0.01,2360.991128,1776294302000
1776294304.98,4.98,0.5,71.68,0.46,1.29,0.51,192.52,0.52,64.0,0.49,50.0,0.45,48.57,0.54,1.29,0.56,10.0,0.01,0.05,2360.932938,1776294304000
1776294305.2,5.2,0.44,10.0,0.41,10.0,0.46,48.71,0.47,10.0,0.49,171.52,0.48,109.0,0.54,1.29,0.56,10.0,0.02,0.05,2360.932938,1776294304000
1776294305.602,5.602,0.41,11.64,0.4,15.0,0.43,6.31,0.44,10.0,0.55,10.0,0.54,58.71,0.59,6.64,0.6,10.0,0.02,0.04,2360.932938,1776294304000
1776294305.882,5.882,0.41,11.64,0.4,20.0,0.43,6.31,0.44,10.0,0.57,6.31,0.56,10.0,0.59,11.64,0.6,15.0,0.02,0.02,2360.932938,1776294304000
1776294306.113,6.113,0.41,5.81,0.4,20.0,0.43,6.31,0.44,10.0,0.57,6.31,0.56,10.0,0.59,11.64,0.6,20.0,0.02,0.02,2360.733903,1776294305000
1776294306.627,6.627,0.41,8.3,0.4,28.0,0.42,25.0,0.43,6.31,0.57,6.31,0.56,10.0,0.59,5.81,0.6,20.0,0.01,0.02,2360.733903,1776294305000
1776294307.138,7.138,0.41,5.0,0.4,15.0,0.42,26.0,0.43,42.31,0.58,25.0,0.57,6.31,0.59,8.3,0.6,28.0,0.01,0.01,2360.3813,1776294306000
1776294307.35,7.35,0.4,20.0,0.39,30.0,0.43,33.31,0.44,21.0,0.58,21.0,0.57,42.31,0.59,5.0,0.6,15.0,0.03,0.01,2360.3813,1776294306000
1776294307.761,7.761,0.4,20.0,0.39,49.0,0.41,18.56,0.42,10.0,0.57,33.31,0.56,21.0,0.6,20.0,0.61,30.0,0.01,0.03,2360.3813,1776294306000
1776294308.71,8.71,0.39,15.0,0.38,20.0,0.41,12.0,0.42,21.0,0.59,12.29,0.58,10.0,0.6,20.0,0.61,49.0,0.02,0.01,2360.266765,1776294307000
1776294309.938,9.938,0.39,8.36,0.38,25.0,0.4,46.0,0.41,87.9,0.59,12.0,0.58,21.0,0.61,15.0,0.62,20.0,0.01,0.02,2360.119464,1776294308000
1776294311.932,11.932,0.38,1.76,0.37,20.0,0.39,63.0,0.4,283.42,0.6,46.0,0.59,87.9,0.61,8.36,0.62,25.0,0.01,0.01,2359.91857,1776294310000
1776294312.749,12.749,0.37,5.17,0.36,195.0,0.38,44.0,0.39,73.0,0.61,68.0,0.6,283.42,0.63,16.76,0.64,195.0,0.01,0.02,2359.849829,1776294311000
1776294313.591,13.591,0.37,15.17,0.36,195.0,0.38,21.0,0.39,23.0,0.62,44.0,0.61,73.0,0.63,5.17,0.64,195.0,0.01,0.01,2359.867775,1776294312000
1776294315.004,15.004,0.37,20.17,0.36,195.0,0.38,12.39,0.39,23.0,0.62,21.0,0.61,23.0,0.63,15.17,0.64,195.0,0.01,0.01,2359.689519,1776294314000
1776294316.031,16.031,0.37,10.17,0.36,195.0,0.38,47.74,0.39,28.0,0.62,12.39,0.61,23.0,0.63,20.17,0.64,195.0,0.01,0.01,2359.689519,1776294314000
1776294316.52,16.52,0.37,190.17,0.36,41.0,0.4,21.5,0.41,68.0,0.62,47.74,0.61,28.0,0.63,10.17,0.64,195.0,0.03,0.01,2359.735563,1776294315000
1776294317.01,17.01,0.39,57.24,0.38,250.63,0.4,33.13,0.41,78.0,0.6,11.15,0.59,78.0,0.61,10.0,0.62,5.0,0.01,0.01,2359.735563,1776294315000
1776294317.615,17.615,0.39,49.24,0.38,250.63,0.4,38.13,0.41,78.0,0.6,28.13,0.59,78.0,0.61,57.24,0.62,250.63,0.01,0.01,2359.735756,1776294316000
1776294320.494,20.494,0.39,249.24,0.38,75.63,0.4,33.76,0.41,78.0,0.6,38.13,0.59,78.0,0.61,49.24,0.62,250.63,0.01,0.01,2359.867592,1776294319000
1776294322.472,22.472,0.44,19.55,0.43,205.0,0.45,10.0,0.46,15.0,0.6,33.76,0.59,78.0,0.61,249.24,0.62,75.63,0.01,0.01,2359.862008,1776294321000
1776294322.728,22.728,0.44,3.18,0.43,205.0,0.45,10.0,0.46,27.0,0.55,10.0,0.54,15.0,0.56,19.55,0.57,205.0,0.01,0.01,2359.862008,1776294321000
1776294323.393,23.393,0.44,252.0,0.43,79.0,0.46,10.0,0.47,88.0,0.55,10.0,0.54,27.0,0.56,3.18,0.57,205.0,0.02,0.01,2359.91568,1776294322000
1776294324.407,24.407,0.45,246.0,0.44,63.0,0.47,70.0,0.48,15.0,0.55,4.88,0.54,10.0,0.56,247.0,0.57,79.0,0.02,0.01,2360.349273,1776294323000
1776294325.163,25.163,0.46,247.0,0.45,101.0,0.47,37.18,0.48,25.0,0.53,70.0,0.52,15.0,0.55,246.0,0.56,63.0,0.01,0.02,2360.36777,1776294324000
1776294325.727,25.727,0.46,211.0,0.45,36.0,0.47,45.05,0.48,31.0,0.53,37.18,0.52,25.0,0.54,247.0,0.55,101.0,0.01,0.01,2360.36777,1776294324000
1776294327.592,27.592,0.46,232.68,0.45,68.0,0.47,35.05,0.48,15.0,0.53,45.05,0.52,31.0,0.54,211.0,0.55,36.0,0.01,0.01,2360.50326,1776294326000
1776294331.567,31.567,0.48,261.0,0.47,64.0,0.51,60.0,0.52,25.0,0.53,35.05,0.52,15.0,0.54,232.68,0.55,68.0,0.03,0.01,2360.53189,1776294330000
1776294331.915,31.915,0.5,36.0,0.49,243.19,0.52,30.0,0.53,65.0,0.49,0.39,0.48,30.0,0.51,216.19,0.52,64.0,0.02,0.02,2360.53189,1776294330000
1776294332.269,32.269,0.5,36.0,0.49,236.19,0.52,30.0,0.53,70.0,0.48,30.0,0.47,65.0,0.5,36.0,0.51,243.19,0.02,0.02,2360.523495,1776294331000
1776294332.828,32.828,0.51,26.0,0.5,28.14,0.52,20.98,0.53,70.0,0.48,30.0,0.47,70.0,0.5,38.14,0.51,236.19,0.01,0.02,2360.523495,1776294331000
1776294333.836,33.836,0.51,25.79,0.5,38.14,0.52,20.98,0.53,70.0,0.48,20.98,0.47,70.0,0.49,26.0,0.5,28.14,0.01,0.01,2360.555864,1776294332000
1776294334.245,34.245,0.51,15.38,0.5,38.14,0.52,25.98,0.53,70.0,0.48,20.98,0.47,70.0,0.49,25.79,0.5,38.14,0.01,0.01,2360.836425,1776294333000
1776294336.068,36.068,0.51,10.0,0.5,27.14,0.52,25.22,0.53,70.0,0.48,25.98,0.47,70.0,0.49,15.38,0.5,38.14,0.01,0.01,2360.898255,1776294334000
1776294336.931,36.931,0.5,20.4,0.49,209.19,0.52,25.22,0.53,70.0,0.48,25.22,0.47,70.0,0.49,10.0,0.5,27.14,0.02,0.01,2360.898145,1776294335000
1776294341.023,41.023,0.51,44.98,0.5,301.84,0.52,30.22,0.53,65.0,0.48,25.22,0.47,70.0,0.5,20.4,0.51,209.19,0.01,0.02,2360.932155,1776294339000
1776294341.4,41.4,0.51,56.98,0.5,73.44,0.52,93.22,0.53,267.0,0.48,30.22,0.47,65.0,0.49,44.98,0.5,301.84,0.01,0.01,2360.92134,1776294340000
1776294344.414,44.414,0.53,9.21,0.51,110.0,0.55,10.0,0.56,10.0,0.49,83.0,0.48,73.22,0.5,79.44,0.51,180.0,0.02,0.01,2360.89094,1776294342000
1776294344.798,44.798,0.56,33.36,0.55,26.0,0.57,47.0,0.58,10.0,0.43,60.0,0.42,10.0,0.44,30.0,0.46,24.25,0.01,0.01,2360.89094,1776294342000
1776294345.208,45.208,0.56,11.36,0.55,206.0,0.57,44.89,0.58,10.0,0.43,47.0,0.42,10.0,0.44,33.36,0.45,26.0,0.01,0.01,2360.757407,1776294343000
1776294345.858,45.858,0.56,36.08,0.55,205.0,0.57,9.89,0.58,10.0,0.43,44.89,0.42,10.0,0.44,11.36,0.45,206.0,0.01,0.01,2360.749374,1776294344000
1776294346.56,46.56,0.56,26.08,0.55,205.0,0.57,9.89,0.58,10.0,0.43,9.89,0.42,10.0,0.44,36.08,0.45,205.0,0.01,0.01,2360.97846,1776294345000
1776294347.168,47.168,0.55,180.0,0.54,5.0,0.56,4.82,0.57,19.89,0.43,4.89,0.42,10.0,0.44,26.08,0.45,205.0,0.01,0.01,2361.511486,1776294346000
1776294347.671,47.671,0.56,217.0,0.55,20.0,0.57,1.71,0.59,16.0,0.43,19.71,0.42,10.0,0.45,185.0,0.46,59.1,0.01,0.02,2361.511486,1776294346000
1776294347.922,47.922,0.57,27.0,0.56,195.0,0.59,11.0,0.6,10.0,0.41,16.0,0.4,10.0,0.44,217.0,0.45,20.0,0.02,0.03,2361.511486,1776294346000
1776294348.711,48.711,0.57,202.34,0.56,31.0,0.6,10.0,0.61,15.0,0.41,1.0,0.4,10.0,0.43,40.51,0.44,205.0,0.03,0.02,2361.480722,1776294347000
1776294349.232,49.232,0.58,66.97,0.57,207.04,0.59,10.0,0.6,15.0,0.4,5.0,0.39,15.0,0.43,202.34,0.44,31.0,0.01,0.03,2361.468959,1776294348000
1776294349.682,49.682,0.58,277.97,0.57,27.04,0.59,8.46,0.6,15.0,0.41,10.0,0.4,15.0,0.42,66.97,0.43,207.04,0.01,0.01,2361.468959,1776294348000
1776294350.062,50.062,0.58,287.97,0.57,27.04,0.61,65.0,0.62,20.0,0.41,8.46,0.4,15.0,0.42,277.97,0.43,27.04,0.03,0.01,2361.468959,1776294348000
1776294350.91,50.91,0.6,69.0,0.59,253.99,0.61,37.0,0.62,116.34,0.4,4.74,0.39,65.0,0.42,287.97,0.43,27.04,0.01,0.02,2361.514879,1776294349000
1776294351.115,51.115,0.6,274.0,0.59,73.99,0.62,78.34,0.63,10.0,0.39,37.0,0.38,116.34,0.4,69.0,0.41,253.99,0.02,0.01,2361.578595,1776294350000
1776294351.415,51.415,0.61,264.0,0.6,67.0,0.62,88.34,0.63,10.0,0.38,78.34,0.37,10.0,0.4,274.0,0.41,73.99,0.01,0.02,2361.578595,1776294350000
1776294351.894,51.894,0.61,253.0,0.6,66.0,0.62,65.27,0.63,20.0,0.38,70.27,0.37,10.0,0.39,254.0,0.4,67.0,0.01,0.01,2361.578595,1776294350000
1776294352.738,52.738,0.61,309.0,0.6,89.69,0.63,7.76,0.64,35.0,0.38,28.82,0.37,20.0,0.39,248.0,0.4,66.0,0.02,0.01,2361.688381,1776294351000
1776294353.022,53.022,0.63,114.0,0.62,205.0,0.64,5.0,0.65,10.0,0.37,2.05,0.36,35.0,0.39,309.0,0.4,89.69,0.01,0.02,2361.688381,1776294351000
1776294353.472,53.472,0.63,119.0,0.62,205.0,0.64,1.87,0.65,20.0,0.36,5.0,0.35,10.0,0.37,114.0,0.38,205.0,0.01,0.01,2361.67085,1776294352000
1776294353.827,53.827,0.63,98.94,0.62,190.0,0.64,1.87,0.65,10.0,0.36,1.87,0.35,20.0,0.37,119.0,0.38,205.0,0.01,0.01,2361.67085,1776294352000
1776294355.283,55.283,0.63,94.43,0.62,221.3,0.65,8.22,0.66,95.0,0.36,1.87,0.35,10.0,0.37,98.94,0.38,190.0,0.02,0.01,2361.69747,1776294353000
1776294356.31,56.31,0.66,289.14,0.65,83.0,0.67,10.0,0.68,45.0,0.35,8.22,0.34,95.0,0.37,94.43,0.38,221.3,0.01,0.02,2361.879785,1776294354000
1776294357.558,57.558,0.67,90.0,0.66,206.0,0.68,2.76,0.69,110.0,0.33,4.92,0.32,35.0,0.34,294.14,0.35,83.0,0.01,0.01,2361.879785,1776294354000
1776294358.029,58.029,0.69,10.0,0.68,40.0,0.72,16.62,0.73,10.0,0.31,110.0,0.3,10.0,0.33,90.0,0.34,206.0,0.03,0.02,2361.879785,1776294354000
1776294358.842,58.842,0.71,98.0,0.7,216.0,0.73,10.0,0.74,49.0,0.28,16.62,0.27,10.0,0.31,10.0,0.32,40.0,0.02,0.03,2361.879785,1776294354000
1776294359.259,59.259,0.71,37.0,0.7,5.0,0.72,50.15,0.73,31.0,0.28,15.93,0.27,21.0,0.29,52.0,0.3,5.0,0.01,0.01,2362.30993,1776294357000
1776294359.56,59.56,0.67,16.33,0.65,68.69,0.68,16.0,0.69,21.0,0.31,10.0,0.3,21.0,0.33,16.0,0.35,64.3,0.01,0.02,2362.30993,1776294358000
1776294360.149,60.149,0.67,26.33,0.66,15.0,0.68,3.9,0.69,16.0,0.32,9.55,0.31,16.0,0.33,16.33,0.34,10.0,0.01,0.01,2362.337009,1776294359000
1776294360.368,60.368,0.67,26.33,0.66,15.0,0.68,1.84,0.69,16.0,0.32,3.9,0.31,16.0,0.33,26.33,0.34,15.0,0.01,0.01,2362.337009,1776294359000
1776294360.588,60.588,0.67,36.33,0.66,15.0,0.69,4.11,0.7,38.0,0.32,1.84,0.31,16.0,0.33,26.33,0.34,15.0,0.02,0.01,2362.337009,1776294359000
1776294360.934,60.934,0.67,1.33,0.65,52.69,0.68,362.79,0.69,25.11,0.32,5.27,0.31,15.11,0.33,21.33,0.34,5.0,0.01,0.01,2362.337009,1776294359000
1776294361.405,61.405,0.63,71.43,0.62,10.0,0.65,48.38,0.66,278.0,0.34,23.0,0.33,10.0,0.36,5.0,0.37,81.43,0.02,0.02,2362.49934,1776294360000
1776294361.834,61.834,0.63,21.43,0.62,20.0,0.64,7.0,0.65,20.38,0.36,37.0,0.35,53.38,0.37,58.43,0.38,10.0,0.01,0.01,2362.49934,1776294360000
1776294362.048,62.048,0.62,25.0,0.61,115.0,0.64,10.0,0.65,20.38,0.36,10.0,0.35,20.38,0.37,21.97,0.38,25.0,0.02,0.01,2362.40952,1776294361000
1776294362.359,62.359,0.62,25.0,0.61,120.0,0.64,71.0,0.65,20.38,0.36,31.0,0.35,20.38,0.38,25.0,0.39,115.0,0.02,0.02,2362.40952,1776294361000
1776294362.764,62.764,0.62,25.0,0.61,120.0,0.64,40.0,0.65,20.38,0.36,71.0,0.35,20.38,0.38,25.0,0.39,120.0,0.02,0.02,2362.40952,1776294361000
1776294363.063,63.063,0.62,25.0,0.61,120.0,0.63,6.57,0.64,40.0,0.36,40.0,0.35,20.38,0.38,25.0,0.39,120.0,0.01,0.02,2362.126578,1776294362000
1776294364.104,64.104,0.62,73.39,0.61,120.0,0.63,43.14,0.64,220.0,0.37,6.57,0.36,40.0,0.38,25.0,0.39,120.0,0.01,0.01,2361.757924,1776294363000
1776294364.834,64.834,0.62,63.39,0.61,130.0,0.63,211.57,0.64,40.0,0.37,43.14,0.36,220.0,0.38,73.39,0.39,120.0,0.01,0.01,2361.757924,1776294363000
1776294365.237,65.237,0.62,186.29,0.61,120.0,0.63,221.57,0.64,40.0,0.37,211.57,0.36,50.0,0.38,41.39,0.39,130.0,0.01,0.01,2361.69819,1776294364000
1776294365.671,65.671,0.62,218.71,0.61,120.0,0.63,169.57,0.64,40.0,0.37,209.55,0.36,40.0,0.38,191.29,0.39,120.0,0.01,0.01,2361.69819,1776294364000
1776294365.878,65.878,0.62,223.71,0.61,130.0,0.63,173.22,0.64,40.0,0.37,169.57,0.36,40.0,0.38,218.71,0.39,120.0,0.01,0.01,2361.69819,1776294364000
1776294366.339,66.339,0.62,215.81,0.61,130.0,0.63,171.22,0.64,40.0,0.37,178.22,0.36,40.0,0.38,210.81,0.39,130.0,0.01,0.01,2361.641747,1776294365000
1776294366.634,66.634,0.64,7.96,0.63,36.0,0.65,5.0,0.66,47.0,0.37,160.79,0.36,40.0,0.38,215.81,0.39,130.0,0.01,0.01,2361.641747,1776294365000
1776294366.835,66.835,0.64,53.96,0.63,36.0,0.65,14.58,0.66,5.0,0.35,5.0,0.34,47.0,0.36,7.96,0.37,36.0,0.01,0.01,2361.641747,1776294365000
1776294367.089,67.089,0.64,79.96,0.63,231.3,0.65,1.01,0.67,5.0,0.35,9.58,0.32,25.0,0.36,104.96,0.37,221.0,0.01,0.01,2361.61858,1776294366000
1776294367.426,67.426,0.66,4.11,0.65,15.0,0.67,10.0,0.68,5.0,0.33,5.0,0.32,30.0,0.36,43.96,0.37,236.3,0.01,0.03,2361.61858,1776294366000
1776294369.313,69.313,0.7,8.33,0.69,15.0,0.71,55.0,0.72,7.15,0.33,10.0,0.32,5.0,0.34,4.11,0.35,15.0,0.01,0.01,2361.950723,1776294368000
1776294370.898,70.898,0.7,10.99,0.69,25.0,0.72,325.0,0.73,149.86,0.27,19.86,0.26,58.7,0.3,6.66,0.31,15.0,0.02,0.03,2362.00697,1776294369000
1776294371.228,71.228,0.71,20.82,0.7,5.99,0.72,125.0,0.73,125.0,0.28,325.0,0.27,149.86,0.3,10.99,0.31,25.0,0.01,0.02,2362.075677,1776294370000
1776294371.512,71.512,0.71,51.82,0.7,5.99,0.72,115.0,0.73,125.0,0.28,125.0,0.27,125.0,0.29,20.82,0.3,5.99,0.01,0.01,2362.075677,1776294370000
1776294373.043,73.043,0.71,28.41,0.7,5.99,0.72,110.0,0.73,115.0,0.28,115.0,0.27,125.0,0.29,51.82,0.3,5.99,0.01,0.01,2362.309585,1776294371000
1776294373.279,73.279,0.7,5.99,0.69,15.0,0.72,184.0,0.73,15.0,0.28,189.0,0.27,10.0,0.3,5.99,0.31,15.0,0.02,0.02,2362.345989,1776294372000
1776294374.608,74.608,0.7,21.66,0.69,15.0,0.71,6.0,0.72,10.0,0.28,184.0,0.27,15.0,0.3,5.99,0.31,15.0,0.01,0.02,2362.481648,1776294373000
1776294375.873,75.873,0.7,92.66,0.69,215.99,0.74,30.0,0.75,30.0,0.29,6.0,0.28,10.0,0.3,21.66,0.31,15.0,0.04,0.01,2362.493849,1776294374000
1776294377.389,77.389,0.73,90.0,0.72,343.0,0.74,104.0,0.75,115.0,0.26,30.0,0.25,30.0,0.3,92.66,0.31,215.99,0.01,0.04,2362.355855,1776294376000
1776294378.355,78.355,0.76,241.0,0.75,300.0,0.8,14.83,0.81,10.43,0.25,15.0,0.24,190.0,0.26,6.0,0.27,90.0,0.04,0.01,2362.355855,1776294376000
1776294378.85,78.85,0.8,102.0,0.79,60.0,0.81,8.67,0.82,39.83,0.19,3.91,0.18,39.83,0.21,80.0,0.22,25.3,0.01,0.02,2362.512023,1776294377000
1776294379.178,79.178,0.8,83.9,0.79,251.0,0.82,10.43,0.83,35.93,0.19,8.67,0.18,39.83,0.2,83.9,0.21,71.0,0.02,0.01,2362.48674,1776294378000
1776294379.41,79.41,0.81,61.3,0.8,238.9,0.82,0.05,0.83,10.43,0.18,5.05,0.17,10.43,0.19,66.3,0.2,238.9,0.01,0.01,2362.48674,1776294378000
1776294379.629,79.629,0.82,16.0,0.81,76.3,0.83,3.11,0.84,10.43,0.17,4.43,0.16,10.43,0.19,96.3,0.2,338.9,0.01,0.02,2362.48674,1776294378000
1776294379.944,79.944,0.82,96.0,0.81,266.3,0.83,1.79,0.84,10.43,0.17,3.11,0.16,10.43,0.18,16.0,0.19,76.3,0.01,0.01,2362.48674,1776294378000
1776294380.643,80.643,0.82,93.33,0.81,266.3,0.84,10.43,0.85,59.63,0.17,1.79,0.16,10.43,0.18,83.33,0.19,266.3,0.02,0.01,2362.547675,1776294379000
1776294381.604,81.604,0.83,140.98,0.82,73.33,0.84,4.21,0.85,70.63,0.16,10.43,0.15,59.63,0.18,93.33,0.19,266.3,0.01,0.02,2363.442584,1776294380000
1776294382.283,82.283,0.83,140.68,0.82,73.33,0.84,4.21,0.85,70.63,0.16,4.21,0.15,70.63,0.17,140.98,0.18,73.33,0.01,0.01,2363.571625,1776294381000
1776294383.274,83.274,0.83,483.98,0.82,234.03,0.85,10.43,0.86,20.43,0.16,4.21,0.15,70.63,0.17,140.68,0.18,73.33,0.02,0.01,2363.62538,1776294382000
1776294383.782,83.782,0.84,17.0,0.83,59.98,0.86,37.64,0.87,60.8,0.14,20.43,0.13,50.8,0.16,96.0,0.17,438.68,0.02,0.02,2363.62538,1776294382000
1776294384.726,84.726,0.83,47.22,0.82,35.0,0.84,58.0,0.85,63.0,0.15,7.0,0.14,37.64,0.16,6.55,0.17,59.98,0.01,0.01,2363.639855,1776294383000
1776294385.23,85.23,0.83,42.22,0.82,40.0,0.84,217.17,0.85,91.2,0.16,37.17,0.15,243.0,0.17,47.22,0.18,35.0,0.01,0.01,2363.639855,1776294383000
1776294385.791,85.791,0.83,27.05,0.82,35.0,0.84,278.97,0.85,96.2,0.16,217.17,0.15,91.2,0.17,42.22,0.18,40.0,0.01,0.01,2363.777365,1776294384000
1776294386.875,86.875,0.81,25.0,0.8,25.0,0.82,201.92,0.83,77.5,0.16,288.97,0.15,96.2,0.18,35.0,0.19,15.0,0.01,0.02,2363.780801,1776294385000
1776294387.805,87.805,0.81,25.0,0.8,25.0,0.82,195.7,0.83,52.0,0.18,201.92,0.17,77.5,0.19,25.0,0.2,25.0,0.01,0.01,2363.616714,1776294386000
1776294388.423,88.423,0.81,25.0,0.8,25.0,0.82,192.53,0.83,52.0,0.18,195.7,0.17,52.0,0.19,25.0,0.2,25.0,0.01,0.01,2363.51756,1776294387000
1776294389.325,89.325,0.81,14.22,0.8,25.0,0.82,246.53,0.83,83.5,0.18,192.53,0.17,52.0,0.19,25.0,0.2,25.0,0.01,0.01,2363.51756,1776294387000
1776294391.196,91.196,0.81,389.54,0.8,89.74,0.82,210.14,0.83,50.5,0.18,246.53,0.17,83.5,0.19,5.37,0.2,25.0,0.01,0.01,2363.435859,1776294390000
1776294392.353,92.353,0.81,0.1,0.8,25.0,0.82,48.0,0.83,44.0,0.18,210.14,0.17,50.5,0.19,389.54,0.2,89.74,0.01,0.01,2363.34,1776294391000
1776294394.458,94.458,0.79,25.0,0.78,110.0,0.8,82.5,0.81,261.4,0.19,33.0,0.18,58.0,0.2,10.0,0.21,65.0,0.01,0.01,2363.433803,1776294393000
1776294396.752,96.752,0.79,50.0,0.78,120.0,0.8,235.5,0.81,66.4,0.2,82.5,0.19,261.4,0.21,25.0,0.22,110.0,0.01,0.01,2363.13873,1776294395000
1776294397.36,97.36,0.79,40.23,0.78,120.0,0.8,235.5,0.81,66.4,0.2,235.5,0.19,66.4,0.21,50.0,0.22,120.0,0.01,0.01,2363.090365,1776294396000
1776294401.465,101.465,0.79,51.34,0.78,136.0,0.8,5.0,0.81,223.0,0.2,235.5,0.19,66.4,0.21,40.23,0.22,120.0,0.01,0.01,2363.085758,1776294400000
1776294402.539,102.539,0.8,10.0,0.79,77.92,0.81,198.0,0.82,77.4,0.2,5.0,0.19,223.0,0.21,51.34,0.22,136.0,0.01,0.01,2363.108234,1776294401000
1776294404.202,104.202,0.8,114.0,0.79,243.92,0.81,18.0,0.82,18.0,0.19,198.0,0.18,77.4,0.2,10.0,0.21,77.92,0.01,0.01,2363.101713,1776294402000
1776294408.06,108.06,0.85,249.0,0.84,414.7,0.86,20.43,0.87,25.0,0.19,18.0,0.18,18.0,0.2,114.0,0.21,243.92,0.01,0.01,2363.347306,1776294407000
1776294409.779,109.779,0.85,174.0,0.84,164.0,0.87,20.0,0.88,30.0,0.14,0.71,0.13,20.0,0.15,229.0,0.16,430.0,0.02,0.01,2363.527831,1776294408000
1776294418.878,118.878,0.86,139.41,0.85,141.4,0.87,198.27,0.88,74.1,0.13,20.0,0.12,30.0,0.15,174.0,0.16,164.0,0.01,0.02,2363.64164,1776294417000
1776294420.356,120.356,0.85,5.0,0.84,15.0,0.87,223.27,0.88,100.1,0.13,198.27,0.12,74.1,0.14,139.41,0.15,141.4,0.02,0.01,2363.697502,1776294419000
1776294420.579,120.579,0.85,10.0,0.84,10.0,0.86,5.0,0.87,33.76,0.13,223.27,0.12,100.1,0.15,5.0,0.16,15.0,0.01,0.02,2363.697502,1776294419000
1776294421.022,121.022,0.86,29.98,0.85,0.66,0.87,74.56,0.88,289.1,0.14,10.0,0.13,33.76,0.15,0.66,0.16,10.0,0.01,0.01,2363.697502,1776294419000
1776294421.332,121.332,0.85,105.66,0.84,115.0,0.87,251.56,0.88,109.1,0.13,251.56,0.12,109.1,0.14,19.98,0.15,105.66,0.02,0.01,2363.697502,1776294419000
1776294421.775,121.775,0.85,98.99,0.84,120.0,0.86,20.0,0.87,251.56,0.13,251.56,0.12,109.1,0.15,105.66,0.16,115.0,0.01,0.02,2363.639367,1776294420000
1776294422.905,122.905,0.84,10.0,0.83,25.0,0.86,397.9,0.87,182.56,0.14,43.74,0.13,245.56,0.15,21.0,0.16,20.0,0.02,0.01,2363.573287,1776294421000
1776294425.069,125.069,0.83,25.0,0.82,15.0,0.84,361.8,0.85,162.93,0.14,397.9,0.13,182.56,0.16,4.83,0.17,25.0,0.01,0.02,2363.420846,1776294423000
1776294425.584,125.584,0.82,15.0,0.81,50.0,0.84,366.8,0.85,162.93,0.16,361.8,0.15,162.93,0.17,25.0,0.18,15.0,0.02,0.01,2363.420846,1776294423000
1776294425.876,125.876,0.83,157.3,0.82,59.0,0.84,62.8,0.85,47.93,0.16,366.8,0.15,162.93,0.18,15.0,0.19,50.0,0.01,0.02,2363.420846,1776294423000
1776294426.557,126.557,0.87,109.0,0.86,120.0,0.88,78.06,0.89,336.79,0.16,62.8,0.15,47.93,0.17,157.3,0.18,59.0,0.01,0.01,2363.3459,1776294424000
1776294428.27,128.27,0.88,87.0,0.87,189.0,0.89,243.58,0.9,71.0,0.11,335.53,0.1,171.0,0.13,109.0,0.14,120.0,0.01,0.02,2363.499764,1776294427000
1776294430.291,130.291,0.88,224.0,0.87,362.3,0.9,60.0,0.91,44.0,0.11,243.58,0.1,71.0,0.12,87.0,0.13,189.0,0.02,0.01,2363.737149,1776294429000
1776294431.379,131.379,0.89,23.0,0.88,349.0,0.9,48.1,0.91,224.0,0.1,60.0,0.09,44.0,0.12,224.0,0.13,362.3,0.01,0.02,2363.737149,1776294429000
1776294437.012,137.012,0.87,25.0,0.86,30.0,0.89,7.0,0.9,98.8,0.1,48.1,0.09,224.0,0.11,23.0,0.12,349.0,0.02,0.01,2364.154449,1776294435000
1776294437.467,137.467,0.85,30.0,0.84,15.1,0.87,17.7,0.88,30.0,0.12,43.7,0.11,25.0,0.13,7.0,0.14,40.0,0.02,0.01,2364.136961,1776294436000
1776294437.8,137.8,0.85,35.0,0.84,15.1,0.86,11.44,0.88,30.0,0.13,17.7,0.12,30.0,0.15,30.0,0.16,15.1,0.01,0.02,2364.136961,1776294436000
1776294440.167,140.167,0.85,51.24,0.84,20.1,0.86,5.7,0.87,11.0,0.14,11.44,0.12,30.0,0.15,35.0,0.16,15.1,0.01,0.01,2363.844096,1776294438000
1776294440.976,140.976,0.85,125.0,0.84,153.65,0.87,7.05,0.88,262.1,0.14,5.7,0.13,11.0,0.15,51.24,0.16,20.1,0.02,0.01,2363.494721,1776294439000
1776294441.598,141.598,0.86,112.85,0.85,115.0,0.87,196.0,0.88,72.1,0.13,7.05,0.12,262.1,0.15,125.0,0.16,153.65,0.01,0.02,2363.463038,1776294440000
1776294442.178,142.178,0.85,5.66,0.84,15.0,0.86,36.0,0.87,203.0,0.13,196.0,0.12,72.1,0.14,112.85,0.15,115.0,0.01,0.01,2363.463063,1776294441000
1776294442.544,142.544,0.83,175.5,0.82,140.0,0.85,53.0,0.86,25.0,0.14,36.0,0.13,203.0,0.15,5.66,0.16,15.0,0.02,0.01,2363.463063,1776294441000
1776294443.619,143.619,0.83,10.0,0.82,35.0,0.84,292.61,0.85,64.0,0.15,53.0,0.14,25.0,0.17,175.5,0.18,140.0,0.01,0.02,2363.457001,1776294442000
1776294444.826,144.826,0.82,135.0,0.81,145.0,0.84,327.41,0.85,92.2,0.16,292.61,0.15,64.0,0.17,10.0,0.18,35.0,0.02,0.01,2363.27804,1776294443000
1776294445.127,145.127,0.82,35.0,0.81,45.0,0.84,361.41,0.85,92.2,0.16,327.41,0.15,92.2,0.18,135.0,0.19,145.0,0.02,0.02,2363.27804,1776294443000
1776294449.335,149.335,0.84,41.3,0.83,57.79,0.85,239.93,0.86,109.9,0.16,361.41,0.15,92.2,0.18,35.0,0.19,45.0,0.01,0.02,2363.058493,1776294448000
1776294449.617,149.617,0.84,41.3,0.83,57.79,0.85,237.57,0.86,109.9,0.15,239.93,0.14,109.9,0.16,41.3,0.17,57.79,0.01,0.01,2363.058493,1776294448000
1776294450.94,150.94,0.84,41.3,0.83,130.0,0.85,225.47,0.86,109.9,0.15,230.47,0.14,109.9,0.16,41.3,0.17,57.79,0.01,0.01,2363.063201,1776294449000
1776294451.205,151.205,0.84,40.05,0.83,130.0,0.85,223.11,0.86,109.9,0.15,225.47,0.14,109.9,0.16,35.05,0.17,130.0,0.01,0.01,2363.074014,1776294450000
1776294454.269,154.269,0.84,65.52,0.83,130.0,0.85,206.56,0.86,59.9,0.15,223.11,0.14,109.9,0.16,40.05,0.17,130.0,0.01,0.01,2363.052784,1776294453000
1776294455.291,155.291,0.84,70.52,0.83,25.0,0.85,186.26,0.86,59.9,0.15,206.56,0.14,59.9,0.16,65.52,0.17,130.0,0.01,0.01,2363.052703,1776294454000
1776294458.046,158.046,0.82,25.0,0.81,55.0,0.85,353.93,0.86,120.9,0.15,168.26,0.14,59.9,0.16,65.52,0.17,30.0,0.03,0.01,2363.051022,1776294456000
1776294459.154,159.154,0.81,72.03,0.8,55.0,0.82,44.56,0.83,238.0,0.15,353.93,0.14,120.9,0.18,25.0,0.19,55.0,0.01,0.03,2363.050229,1776294457000
1776294460.575,160.575,0.8,40.05,0.79,55.0,0.82,49.56,0.83,292.5,0.18,44.56,0.17,238.0,0.19,72.03,0.2,55.0,0.02,0.01,2362.827005,1776294459000
1776294461.139,161.139,0.8,45.05,0.79,84.65,0.81,2.02,0.82,63.96,0.18,49.56,0.17,292.5,0.2,40.05,0.21,55.0,0.01,0.02,2362.818619,1776294460000
1776294461.478,161.478,0.8,20.05,0.79,84.65,0.82,76.02,0.83,273.5,0.19,2.02,0.18,63.96,0.2,45.05,0.21,84.65,0.02,0.01,2362.818619,1776294460000
1776294464.511,164.511,0.79,4.95,0.78,125.0,0.8,55.55,0.81,88.71,0.19,49.4,0.18,76.02,0.2,0.05,0.21,84.65,0.01,0.01,2362.653516,1776294463000
1776294465.147,165.147,0.79,42.73,0.78,120.0,0.8,34.88,0.81,88.71,0.2,55.55,0.19,88.71,0.21,4.95,0.22,125.0,0.01,0.01,2362.618714,1776294464000
1776294466.996,166.996,0.79,30.87,0.78,125.0,0.8,214.88,0.81,104.71,0.2,34.88,0.19,88.71,0.21,42.73,0.22,120.0,0.01,0.01,2362.577376,1776294465000
1776294469.375,169.375,0.79,30.87,0.78,125.0,0.8,213.88,0.81,54.71,0.2,214.88,0.19,104.71,0.21,30.87,0.22,125.0,0.01,0.01,2362.500713,1776294468000
1776294472.242,172.242,0.8,53.0,0.79,46.87,0.81,15.4,0.82,24.4,0.2,213.88,0.19,54.71,0.21,30.87,0.22,125.0,0.01,0.01,2362.489026,1776294471000
1776294472.786,172.786,0.82,97.0,0.81,15.0,0.83,4.12,0.84,63.05,0.19,15.4,0.18,24.4,0.2,53.0,0.21,46.87,0.01,0.01,2362.489026,1776294471000
1776294480.648,180.648,0.82,176.45,0.81,210.0,0.83,7.48,0.84,64.3,0.17,4.12,0.16,63.05,0.18,97.0,0.19,15.0,0.01,0.01,2362.671811,1776294479000
1776294481.358,181.358,0.82,175.45,0.81,217.0,0.83,2.48,0.84,69.3,0.17,7.48,0.16,64.3,0.18,176.45,0.19,210.0,0.01,0.01,2362.685035,1776294480000
1776294485.757,185.757,0.83,20.56,0.82,31.95,0.84,80.5,0.85,93.26,0.16,69.3,0.15,48.2,0.17,9.56,0.18,175.45,0.01,0.01,2362.776435,1776294484000
1776294486.874,186.874,0.82,10.0,0.81,20.0,0.84,123.61,0.85,93.26,0.16,80.5,0.15,93.26,0.17,20.56,0.18,31.95,0.02,0.01,2362.737398,1776294485000
1776294487.406,187.406,0.83,21.04,0.82,10.0,0.84,315.61,0.85,93.26,0.16,130.61,0.15,93.26,0.18,10.0,0.19,20.0,0.01,0.02,2362.629522,1776294486000
1776294488.242,188.242,0.83,0.04,0.82,10.0,0.84,303.61,0.85,100.26,0.16,315.61,0.15,93.26,0.17,21.04,0.18,10.0,0.01,0.01,2362.629522,1776294486000
1776294489.223,189.223,0.83,1.45,0.82,65.11,0.84,310.61,0.85,122.26,0.16,303.61,0.15,100.26,0.17,0.04,0.18,10.0,0.01,0.01,2362.408807,1776294487000
1776294489.9,189.9,0.82,65.11,0.81,20.0,0.84,361.61,0.85,128.26,0.16,310.61,0.15,122.26,0.17,1.45,0.18,65.11,0.02,0.01,2362.407936,1776294488000
1776294491.299,191.299,0.81,10.0,0.8,30.0,0.83,252.44,0.84,49.7,0.16,279.7,0.15,128.26,0.18,65.11,0.19,20.0,0.02,0.02,2362.404709,1776294489000
1776294491.82,191.82,0.81,11.02,0.8,40.0,0.82,38.97,0.83,231.44,0.17,252.44,0.16,49.7,0.19,10.0,0.2,30.0,0.01,0.02,2362.405304,1776294490000
1776294493.061,193.061,0.81,11.02,0.8,35.0,0.82,59.93,0.83,221.44,0.18,38.97,0.17,231.44,0.19,11.02,0.2,40.0,0.01,0.01,2362.412289,1776294491000
1776294493.81,193.81,0.78,130.0,0.77,247.0,0.81,38.98,0.82,269.93,0.18,59.93,0.17,221.44,0.19,11.02,0.2,35.0,0.03,0.01,2362.402011,1776294492000
1776294494.314,194.314,0.77,70.0,0.76,175.0,0.78,28.43,0.79,28.0,0.19,38.98,0.18,269.93,0.22,130.0,0.23,247.0,0.01,0.03,2362.402011,1776294492000
1776294494.643,194.643,0.77,25.0,0.76,175.0,0.78,137.41,0.79,25.0,0.22,28.43,0.21,28.0,0.23,70.0,0.24,175.0,0.01,0.01,2362.402011,1776294492000
1776294495.411,195.411,0.76,25.0,0.75,160.0,0.77,154.6,0.78,15.0,0.22,132.76,0.21,55.0,0.24,125.0,0.25,160.0,0.01,0.02,2362.098795,1776294494000
1776294496.498,196.498,0.75,110.0,0.74,220.0,0.76,238.5,0.77,15.0,0.23,154.6,0.22,15.0,0.24,25.0,0.25,160.0,0.01,0.01,2362.098795,1776294494000
1776294498.183,198.183,0.75,24.0,0.73,150.0,0.76,234.9,0.77,70.3,0.24,238.5,0.23,15.0,0.25,110.0,0.26,220.0,0.01,0.01,2361.867311,1776294496000
1776294498.468,198.468,0.75,24.0,0.73,100.0,0.76,167.86,0.77,70.3,0.24,234.9,0.23,70.3,0.25,24.0,0.27,150.0,0.01,0.01,2361.867311,1776294496000
1776294499.063,199.063,0.75,12.0,0.73,75.0,0.76,190.7,0.77,70.3,0.24,167.86,0.23,70.3,0.25,24.0,0.27,100.0,0.01,0.01,2361.843968,1776294497000
1776294499.488,199.488,0.75,0.8,0.71,100.0,0.76,203.7,0.77,70.3,0.24,190.7,0.23,70.3,0.25,12.0,0.27,75.0,0.01,0.01,2361.821409,1776294498000
1776294500.887,200.887,0.64,100.0,0.63,200.0,0.66,42.54,0.69,255.0,0.28,17.85,0.24,225.7,0.29,100.0,0.3,225.0,0.02,0.01,2361.817272,1776294499000
1776294501.158,201.158,0.64,100.0,0.63,200.0,0.66,35.54,0.69,120.0,0.34,42.54,0.31,255.0,0.36,100.0,0.37,200.0,0.02,0.02,2361.817272,1776294499000
1776294502.058,202.058,0.63,0.21,0.62,255.81,0.66,245.54,0.67,40.0,0.34,35.54,0.31,70.0,0.36,100.0,0.37,200.0,0.03,0.02,2361.4119,1776294500000
1776294502.983,202.983,0.62,250.02,0.61,215.0,0.64,149.25,0.65,16.0,0.34,245.54,0.33,40.0,0.38,250.02,0.39,215.0,0.02,0.04,2361.333321,1776294501000
1776294503.26,203.26,0.62,229.73,0.61,205.0,0.63,145.0,0.64,42.25,0.36,149.25,0.35,16.0,0.38,250.02,0.39,215.0,0.01,0.02,2361.333321,1776294501000
1776294503.474,203.474,0.62,3.38,0.61,135.0,0.63,121.0,0.64,42.25,0.37,121.0,0.36,42.25,0.38,13.38,0.39,135.0,0.01,0.01,2361.333321,1776294501000
1776294504.034,204.034,0.6,145.0,0.59,105.0,0.61,46.62,0.63,144.0,0.37,114.0,0.36,42.25,0.38,3.38,0.39,135.0,0.01,0.01,2361.266264,1776294502000
1776294505.031,205.031,0.6,140.0,0.59,105.0,0.61,110.62,0.62,15.0,0.39,46.62,0.37,144.0,0.4,145.0,0.41,105.0,0.01,0.01,2361.266428,1776294503000
1776294507.272,207.272,0.6,5.0,0.59,95.0,0.62,20.3,0.63,25.4,0.39,110.62,0.38,15.0,0.4,140.0,0.41,105.0,0.02,0.01,2361.235532,1776294505000
1776294507.545,207.545,0.6,18.0,0.59,95.0,0.63,25.4,0.64,15.6,0.38,20.3,0.37,25.4,0.4,5.0,0.41,95.0,0.03,0.02,2361.235532,1776294505000
1776294508.092,208.092,0.61,8.79,0.6,23.0,0.62,22.0,0.63,30.4,0.38,22.0,0.37,35.4,0.39,5.0,0.4,23.0,0.01,0.01,2361.204643,1776294506000
1776294508.47,208.47,0.61,8.79,0.6,23.0,0.62,20.38,0.63,35.4,0.38,22.0,0.37,30.4,0.39,8.79,0.4,23.0,0.01,0.01,2361.206731,1776294507000
1776294510.258,210.258,0.57,10.0,0.56,45.74,0.58,10.54,0.59,27.0,0.38,20.38,0.37,35.4,0.39,8.79,0.4,23.0,0.01,0.01,2361.24968,1776294508000
1776294512.251,212.251,0.56,10.74,0.55,30.0,0.57,61.0,0.58,26.54,0.42,10.54,0.41,27.0,0.43,10.0,0.44,45.74,0.01,0.01,2361.212756,1776294510000
1776294512.596,212.596,0.55,40.0,0.54,185.0,0.56,44.0,0.57,42.0,0.43,83.0,0.42,32.54,0.45,40.0,0.46,185.0,0.01,0.02,2361.089143,1776294511000
1776294512.967,212.967,0.55,50.0,0.54,210.0,0.56,85.0,0.57,42.0,0.44,44.0,0.43,42.0,0.45,40.0,0.46,185.0,0.01,0.01,2361.089143,1776294511000
1776294513.377,213.377,0.55,10.0,0.54,200.0,0.56,79.0,0.57,42.0,0.44,69.0,0.43,42.0,0.45,45.0,0.46,210.0,0.01,0.01,2361.048911,1776294512000
1776294513.735,213.735,0.55,35.0,0.54,200.0,0.56,52.0,0.57,37.0,0.44,68.0,0.43,42.0,0.45,15.0,0.46,200.0,0.01,0.01,2361.048911,1776294512000
1776294514.261,214.261,0.55,35.0,0.54,210.0,0.56,19.0,0.57,52.0,0.44,30.0,0.43,37.0,0.45,35.0,0.46,200.0,0.01,0.01,2361.048911,1776294512000
1776294514.646,214.646,0.55,35.0,0.54,210.0,0.56,24.0,0.57,52.0,0.44,19.0,0.43,52.0,0.45,35.0,0.46,210.0,0.01,0.01,2361.048911,1776294512000
1776294518.285,218.285,0.54,140.0,0.53,143.0,0.55,15.45,0.56,60.0,0.44,24.0,0.43,52.0,0.45,35.0,0.46,210.0,0.01,0.01,2360.96068,1776294517000
1776294520.402,220.402,0.54,15.0,0.53,130.0,0.55,15.43,0.56,65.0,0.45,15.45,0.44,60.0,0.46,140.0,0.47,143.0,0.01,0.01,2360.984043,1776294519000
1776294520.852,220.852,0.54,5.0,0.53,130.0,0.55,15.43,0.56,70.0,0.45,15.43,0.44,65.0,0.46,15.0,0.47,130.0,0.01,0.01,2360.984043,1776294519000
1776294521.598,221.598,0.53,150.0,0.52,130.04,0.55,15.43,0.56,85.0,0.45,15.43,0.44,70.0,0.46,5.0,0.47,130.0,0.02,0.01,2360.958991,1776294520000
1776294523.863,223.863,0.53,75.69,0.52,153.04,0.54,10.0,0.55,10.43,0.45,15.43,0.44,85.0,0.47,150.0,0.48,130.04,0.01,0.02,2360.963904,1776294522000
1776294524.853,224.853,0.53,55.0,0.52,140.04,0.54,8.09,0.55,10.43,0.46,10.0,0.45,10.43,0.47,75.69,0.48,153.04,0.01,0.01,2360.990473,1776294523000
1776294526.504,226.504,0.53,55.0,0.52,140.04,0.56,5.0,0.57,35.0,0.46,8.09,0.45,10.43,0.47,55.0,0.48,140.04,0.03,0.01,2360.963813,1776294525000
1776294530.091,230.091,0.54,6.73,0.53,65.0,0.55,35.0,0.56,20.0,0.44,5.0,0.43,35.0,0.47,55.0,0.48,140.04,0.01,0.03,2361.031388,1776294528000
1776294530.654,230.654,0.54,6.73,0.53,65.0,0.55,33.1,0.56,20.0,0.45,35.0,0.44,20.0,0.46,6.73,0.47,65.0,0.01,0.01,2361.025098,1776294529000
1776294531.691,231.691,0.54,6.73,0.53,45.0,0.55,14.9,0.56,10.0,0.45,33.1,0.44,20.0,0.46,6.73,0.47,65.0,0.01,0.01,2361.025143,1776294530000
1776294532.002,232.002,0.54,11.73,0.53,45.0,0.56,10.0,0.57,65.0,0.45,9.9,0.44,10.0,0.46,11.73,0.47,45.0,0.02,0.01,2361.040919,1776294531000
1776294533.253,233.253,0.55,16.0,0.54,6.73,0.56,13.21,0.57,65.0,0.44,10.0,0.43,65.0,0.46,11.73,0.47,45.0,0.01,0.02,2361.014754,1776294532000
1776294536.768,236.768,0.53,40.0,0.52,268.04,0.54,9.44,0.55,15.0,0.44,13.21,0.43,65.0,0.45,16.0,0.46,6.73,0.01,0.01,2361.009538,1776294535000
1776294539.482,239.482,0.53,30.0,0.52,210.04,0.54,17.58,0.55,73.0,0.46,9.44,0.45,15.0,0.47,40.0,0.48,268.04,0.01,0.01,2361.011797,1776294538000
1776294540.821,240.821,0.52,150.08,0.51,379.8,0.54,76.58,0.55,15.0,0.46,17.58,0.45,73.0,0.47,30.0,0.48,210.04,0.02,0.01,2361.005996,1776294539000
1776294541.423,241.423,0.52,134.03,0.51,379.8,0.54,76.58,0.55,15.0,0.46,71.58,0.45,15.0,0.48,144.03,0.49,379.8,0.02,0.02,2360.998503,1776294540000
1776294541.636,241.636,0.5,58.86,0.49,275.0,0.54,77.87,0.55,64.41,0.46,77.87,0.45,64.41,0.5,64.2,0.51,275.0,0.04,0.04,2360.998503,1776294540000
1776294541.841,241.841,0.5,58.86,0.49,275.0,0.54,72.87,0.55,64.41,0.46,77.87,0.45,64.41,0.5,58.86,0.51,275.0,0.04,0.04,2360.998503,1776294540000
1776294542.219,242.219,0.5,3.16,0.49,225.0,0.54,72.01,0.55,64.41,0.46,84.87,0.45,64.41,0.5,53.16,0.51,275.0,0.04,0.04,2360.998503,1776294540000
1776294542.555,242.555,0.48,189.4,0.47,190.8,0.51,50.0,0.54,72.01,0.46,72.01,0.45,64.41,0.5,3.16,0.51,225.0,0.03,0.04,2360.998503,1776294540000
1776294543.445,243.445,0.47,5.16,0.46,39.5,0.49,15.0,0.5,10.0,0.49,50.0,0.46,72.01,0.52,189.4,0.53,190.8,0.02,0.03,2360.733968,1776294542000
1776294543.832,243.832,0.45,100.0,0.44,50.0,0.46,49.84,0.48,73.36,0.51,39.3,0.5,28.0,0.53,5.16,0.55,250.0,0.01,0.02,2360.733968,1776294542000
1776294544.637,244.637,0.43,105.0,0.42,239.8,0.44,7.63,0.45,42.0,0.54,49.84,0.52,73.36,0.55,100.0,0.56,50.0,0.01,0.01,2360.402515,1776294543000
1776294545.068,245.068,0.39,60.0,0.38,370.0,0.4,39.36,0.41,65.0,0.56,12.63,0.55,42.0,0.57,105.0,0.58,239.8,0.01,0.01,2360.367636,1776294544000
1776294545.513,245.513,0.34,50.0,0.33,100.0,0.36,49.0,0.39,65.0,0.61,76.0,0.6,38.36,0.62,1.0,0.63,45.0,0.02,0.01,2360.367636,1776294544000
1776294546.276,246.276,0.24,19.7,0.23,20.3,0.25,76.2,0.26,65.0,0.64,49.0,0.61,65.0,0.66,50.0,0.67,100.0,0.01,0.02,2360.291013,1776294545000
1776294546.627,246.627,0.21,5.0,0.16,50.0,0.23,53.6,0.24,10.0,0.71,10.0,0.7,10.0,0.78,25.0,0.8,22.5,0.02,0.07,2360.291013,1776294545000
1776294546.928,246.928,0.17,6.02,0.16,10.0,0.18,30.0,0.19,15.0,0.77,53.6,0.76,10.0,0.79,5.0,0.84,50.0,0.01,0.02,2360.291013,1776294545000
1776294547.383,247.383,0.17,4.81,0.16,10.0,0.18,3.33,0.19,15.0,0.82,25.0,0.81,15.0,0.83,4.81,0.84,10.0,0.01,0.01,2360.128134,1776294546000
1776294548.044,248.044,0.18,3.43,0.17,1.19,0.19,15.0,0.2,10.0,0.81,15.0,0.8,10.0,0.83,1.19,0.84,10.0,0.01,0.02,2360.128134,1776294546000
1776294548.264,248.264,0.18,1.35,0.17,1.19,0.19,22.0,0.2,10.0,0.81,59.0,0.8,10.0,0.82,1.35,0.83,1.19,0.01,0.01,2360.128134,1776294546000
1776294548.493,248.493,0.16,8.97,0.15,10.0,0.19,54.0,0.2,10.0,0.81,22.0,0.8,10.0,0.82,1.35,0.83,1.19,0.03,0.01,2359.96,1776294547000
1776294549.573,249.573,0.12,5.09,0.11,10.0,0.18,2.55,0.19,54.0,0.81,54.0,0.8,10.0,0.84,3.79,0.85,10.0,0.06,0.03,2359.928738,1776294548000
1776294549.82,249.82,0.1,14.85,0.09,54.0,0.17,10.0,0.18,2.55,0.83,10.0,0.82,2.55,0.88,5.09,0.89,10.0,0.07,0.05,2359.928738,1776294548000
1776294550.08,250.08,0.1,10.2,0.07,5.0,0.15,5.88,0.16,50.0,0.83,10.0,0.82,2.55,0.9,14.85,0.91,44.0,0.05,0.07,2359.875391,1776294549000
1776294550.408,250.408,0.05,30.0,0.04,60.59,0.12,34.36,0.13,10.0,0.88,34.36,0.87,10.0,0.93,5.0,0.95,30.0,0.07,0.05,2359.875391,1776294549000
1776294551.445,251.445,0.06,69.46,0.05,166.0,0.09,1.74,0.1,5.0,0.88,34.36,0.87,10.0,0.95,30.0,0.96,60.59,0.03,0.07,2359.166512,1776294550000
1776294551.656,251.656,0.09,10.0,0.08,23.0,0.12,34.36,0.15,10.0,0.9,15.0,0.88,34.36,0.94,471.46,0.95,50.0,0.03,0.04,2359.166512,1776294550000
1776294551.986,251.986,0.11,49.32,0.1,10.0,0.12,24.36,0.15,10.0,0.88,24.36,0.85,10.0,0.91,10.0,0.92,10.0,0.01,0.03,2359.166512,1776294550000
1776294552.235,252.235,0.11,31.24,0.1,10.0,0.16,10.0,0.17,110.0,0.88,29.36,0.85,10.0,0.89,36.24,0.9,10.0,0.05,0.01,2358.943198,1776294551000
1776294552.509,252.509,0.14,7.88,0.13,10.0,0.15,10.0,0.16,10.0,0.84,10.0,0.83,110.0,0.89,31.24,0.9,10.0,0.01,0.05,2358.943198,1776294551000
1776294552.772,252.772,0.12,7.04,0.11,81.24,0.15,10.0,0.16,10.0,0.85,15.0,0.84,10.0,0.88,13.23,0.89,81.24,0.03,0.03,2358.943198,1776294551000
1776294553.19,253.19,0.12,9.31,0.11,73.81,0.13,5.0,0.14,10.0,0.86,10.0,0.85,10.0,0.89,78.81,0.9,10.0,0.01,0.03,2358.943198,1776294551000
1776294553.413,253.413,0.12,3.86,0.11,73.81,0.15,10.0,0.16,10.0,0.85,10.0,0.84,10.0,0.88,10.0,0.89,73.81,0.03,0.03,2358.943198,1776294551000
1776294553.618,253.618,0.11,78.81,0.1,10.0,0.14,10.0,0.15,10.0,0.85,10.0,0.84,10.0,0.88,3.86,0.89,73.81,0.03,0.03,2359.0159,1776294552000
1776294553.94,253.94,0.11,15.64,0.1,24.0,0.12,5.0,0.13,15.0,0.87,10.0,0.86,10.0,0.89,76.32,0.9,10.0,0.01,0.02,2359.0159,1776294552000
1776294554.316,254.316,0.12,8.86,0.11,15.0,0.13,15.0,0.14,10.0,0.87,15.0,0.86,10.0,0.9,12.97,0.91,25.0,0.01,0.03,2359.241161,1776294553000
1776294554.525,254.525,0.12,13.17,0.11,15.0,0.15,10.0,0.16,110.2,0.87,15.0,0.86,10.0,0.88,8.17,0.89,10.0,0.03,0.01,2359.241161,1776294553000
1776294554.96,254.96,0.12,13.17,0.11,20.0,0.15,9.33,0.16,115.2,0.85,10.0,0.84,110.2,0.88,13.17,0.89,15.0,0.03,0.03,2359.241161,1776294553000
1776294555.647,255.647,0.11,15.0,0.1,78.07,0.12,6.83,0.14,10.0,0.88,6.83,0.85,9.33,0.89,20.0,0.9,78.07,0.01,0.01,2359.356094,1776294554000
1776294556.614,256.614,0.11,10.0,0.1,78.07,0.16,100.2,0.17,15.1,0.88,6.83,0.86,10.0,0.89,15.0,0.9,78.07,0.05,0.01,2359.372798,1776294555000
1776294557.266,257.266,0.13,10.0,0.12,12.0,0.16,88.88,0.17,15.1,0.84,100.2,0.83,15.1,0.89,10.0,0.9,78.07,0.03,0.05,2359.379782,1776294556000
1776294557.936,257.936,0.15,10.0,0.14,10.0,0.2,30.0,0.21,50.0,0.84,73.38,0.79,50.0,0.87,4.88,0.88,22.0,0.05,0.03,2359.379782,1776294556000
1776294558.831,258.831,0.15,5.0,0.14,10.0,0.16,10.0,0.17,10.0,0.8,30.0,0.79,50.0,0.85,10.0,0.86,10.0,0.01,0.05,2359.436954,1776294557000
1776294559.716,259.716,0.14,10.0,0.13,4.88,0.16,3.75,0.17,10.0,0.84,10.0,0.83,10.0,0.85,5.0,0.86,10.0,0.02,0.01,2359.550272,1776294558000
1776294560.513,260.513,0.17,9.0,0.16,19.0,0.21,44.74,0.23,40.0,0.84,3.75,0.83,10.0,0.86,10.0,0.87,4.88,0.04,0.02,2359.575295,1776294559000
1776294561.217,261.217,0.26,0.39,0.25,10.0,0.28,50.0,0.34,85.0,0.79,34.74,0.77,40.0,0.83,9.0,0.84,19.0,0.02,0.04,2359.608554,1776294560000
1776294561.714,261.714,0.29,53.92,0.28,10.0,0.3,90.45,0.31,28.0,0.72,50.0,0.66,85.0,0.75,4.14,0.76,10.0,0.01,0.03,2359.608554,1776294560000
1776294561.97,261.97,0.29,63.92,0.28,10.0,0.3,49.91,0.31,28.0,0.7,90.45,0.69,28.0,0.71,53.92,0.72,10.0,0.01,0.01,2359.608554,1776294560000
1776294562.339,262.339,0.29,50.17,0.28,10.0,0.32,10.0,0.33,10.0,0.7,49.91,0.69,28.0,0.71,45.17,0.72,10.0,0.03,0.01,2359.627808,1776294561000
1776294563.118,263.118,0.29,69.63,0.28,10.0,0.3,11.66,0.31,10.0,0.68,10.0,0.67,10.0,0.71,50.17,0.72,10.0,0.01,0.03,2359.627808,1776294561000
1776294564.271,264.271,0.29,10.71,0.28,10.0,0.3,100.12,0.31,10.0,0.7,1.66,0.69,10.0,0.71,58.63,0.72,10.0,0.01,0.01,2360.033858,1776294562000
1776294564.779,264.779,0.29,5.49,0.27,10.0,0.3,100.12,0.31,10.0,0.7,100.12,0.69,10.0,0.71,10.71,0.72,10.0,0.01,0.01,2360.213105,1776294563000
1776294565.623,265.623,0.27,9.47,0.26,60.0,0.3,158.12,0.31,10.0,0.7,100.12,0.69,10.0,0.71,5.49,0.73,10.0,0.03,0.01,2360.25888,1776294564000
1776294565.94,265.94,0.27,7.41,0.26,60.0,0.28,15.0,0.29,10.0,0.7,158.12,0.69,10.0,0.71,2.18,0.73,9.47,0.01,0.01,2360.25888,1776294564000
1776294566.523,266.523,0.25,4.14,0.24,10.0,0.27,1.92,0.28,15.0,0.72,15.0,0.71,10.0,0.73,7.41,0.74,60.0,0.02,0.01,2360.268925,1776294565000
1776294567.24,267.24,0.25,5.38,0.24,10.0,0.27,1.92,0.28,10.0,0.73,1.92,0.72,15.0,0.75,4.14,0.76,10.0,0.02,0.02,2360.268925,1776294565000
1776294567.817,267.817,0.3,6.0,0.29,16.0,0.31,92.52,0.32,10.0,0.73,1.92,0.72,10.0,0.77,7.92,0.78,10.0,0.01,0.04,2360.27091,1776294566000
1776294568.302,268.302,0.3,42.0,0.29,16.0,0.34,85.0,0.36,5.0,0.69,92.52,0.68,10.0,0.7,6.0,0.71,16.0,0.04,0.01,2360.26757,1776294567000
1776294568.738,268.738,0.43,15.0,0.42,10.0,0.45,14.5,0.46,14.5,0.61,41.0,0.56,24.6,0.64,50.0,0.66,37.0,0.02,0.03,2360.26757,1776294567000
1776294568.971,268.971,0.44,10.0,0.43,10.0,0.47,24.74,0.48,24.4,0.55,14.5,0.54,14.5,0.58,12.86,0.59,82.0,0.03,0.03,2360.26757,1776294567000
1776294569.476,269.476,0.46,17.83,0.45,23.0,0.49,10.0,0.5,10.0,0.53,3.18,0.52,20.0,0.54,7.83,0.55,18.0,0.03,0.01,2360.266995,1776294568000
1776294569.717,269.717,0.48,23.0,0.47,23.0,0.5,58.35,0.51,50.0,0.52,10.0,0.51,15.0,0.53,5.0,0.54,2.84,0.02,0.01,2360.266995,1776294568000
1776294569.952,269.952,0.49,8.0,0.48,23.0,0.5,42.92,0.51,60.0,0.5,45.67,0.49,60.0,0.51,8.0,0.52,23.0,0.01,0.01,2360.266995,1776294568000
1776294570.203,270.203,0.48,23.0,0.47,97.0,0.49,1.68,0.5,15.0,0.51,1.68,0.49,50.0,0.52,33.0,0.53,34.0,0.01,0.01,2360.266995,1776294568000
1776294570.683,270.683,0.52,24.0,0.51,10.0,0.53,78.25,0.54,17.31,0.46,152.31,0.45,10.0,0.52,18.0,0.53,34.0,0.01,0.06,2360.266995,1776294568000
1776294570.933,270.933,0.52,24.0,0.51,10.0,0.54,3.43,0.55,10.0,0.47,4.15,0.46,17.31,0.48,19.0,0.49,10.0,0.02,0.01,2360.62039,1776294569000
1776294571.253,271.253,0.52,43.0,0.51,55.0,0.54,6.77,0.55,8.43,0.47,10.0,0.46,10.0,0.48,18.0,0.49,10.0,0.02,0.01,2360.62039,1776294569000
1776294571.509,271.509,0.55,14.0,0.54,9.56,0.56,25.0,0.57,50.0,0.45,5.0,0.44,30.0,0.46,1.56,0.47,18.0,0.01,0.01,2360.74835,1776294570000
1776294572.023,272.023,0.55,55.0,0.54,14.56,0.56,22.85,0.57,40.0,0.44,25.0,0.43,50.0,0.45,14.0,0.46,9.56,0.01,0.01,2360.74835,1776294570000
1776294572.379,272.379,0.56,14.0,0.55,39.0,0.57,35.0,0.58,34.8,0.43,40.0,0.42,34.8,0.45,60.0,0.46,14.56,0.01,0.02,2360.74835,1776294570000
1776294574.61,274.61,0.58,8.0,0.57,18.0,0.59,63.0,0.6,35.0,0.43,35.0,0.42,34.8,0.44,14.0,0.45,34.0,0.01,0.01,2360.965425,1776294573000
1776294574.902,274.902,0.56,11.0,0.55,21.0,0.59,63.0,0.6,35.0,0.41,63.0,0.4,35.0,0.42,8.0,0.43,18.0,0.03,0.01,2360.965425,1776294573000
1776294575.727,275.727,0.49,31.0,0.48,60.0,0.57,15.0,0.58,30.88,0.42,8.88,0.41,57.37,0.44,11.0,0.45,11.0,0.08,0.02,2361.02699,1776294574000
1776294577.447,277.447,0.37,4.09,0.36,10.0,0.42,10.0,0.43,10.0,0.46,5.0,0.42,30.85,0.51,5.17,0.52,60.0,0.05,0.05,2360.90272,1776294576000
1776294577.83,277.83,0.39,10.0,0.38,6.8,0.4,3.45,0.41,10.0,0.59,10.0,0.58,10.0,0.62,6.8,0.63,4.09,0.01,0.03,2360.90272,1776294576000
1776294578.287,278.287,0.39,11.0,0.38,11.0,0.4,11.0,0.41,15.95,0.6,0.95,0.59,10.0,0.61,10.0,0.62,6.8,0.01,0.01,2360.90272,1776294576000
1776294579.728,279.728,0.34,15.0,0.33,103.0,0.35,11.25,0.36,25.0,0.6,82.0,0.59,20.95,0.62,0.14,0.63,25.0,0.01,0.02,2360.669665,1776294578000
1776294580.532,280.532,0.34,20.0,0.33,103.0,0.35,1.25,0.36,25.0,0.65,11.25,0.64,25.0,0.66,15.0,0.67,103.0,0.01,0.01,2360.661885,1776294579000
1776294581.321,281.321,0.34,5.0,0.33,78.0,0.35,12.14,0.36,16.25,0.64,16.25,0.63,10.0,0.66,20.0,0.67,103.0,0.01,0.02,2360.638058,1776294580000
1776294582.724,282.724,0.34,8.98,0.33,10.0,0.35,17.14,0.36,16.25,0.65,12.14,0.64,16.25,0.66,5.0,0.67,78.0,0.01,0.01,2360.643197,1776294581000
1776294582.948,282.948,0.34,15.0,0.33,25.0,0.35,2.62,0.36,15.0,0.65,17.14,0.64,16.25,0.66,8.98,0.67,10.0,0.01,0.01,2360.649257,1776294582000
1776294583.287,283.287,0.38,4.82,0.37,15.0,0.4,24.0,0.41,91.0,0.53,18.53,0.52,40.82,0.61,12.82,0.66,15.0,0.02,0.08,2360.649257,1776294582000
1776294584.626,284.626,0.36,43.68,0.35,40.0,0.38,17.0,0.39,17.0,0.6,24.0,0.59,91.0,0.62,4.82,0.63,15.0,0.02,0.02,2360.646676,1776294583000
1776294585.339,285.339,0.36,0.86,0.35,15.0,0.37,16.59,0.38,22.0,0.63,22.0,0.62,22.0,0.64,5.86,0.65,45.0,0.01,0.01,2360.646676,1776294583000
1776294585.674,285.674,0.35,15.0,0.34,10.0,0.37,16.59,0.38,80.0,0.63,16.59,0.62,22.0,0.64,0.86,0.65,15.0,0.02,0.01,2360.663911,1776294584000
1776294587.201,287.201,0.31,65.0,0.3,180.0,0.33,21.0,0.34,16.0,0.63,16.59,0.62,80.0,0.65,15.0,0.66,10.0,0.02,0.02,2360.648761,1776294586000
1776294587.839,287.839,0.31,41.26,0.3,180.0,0.32,10.0,0.33,2.0,0.67,2.0,0.66,16.0,0.69,65.0,0.7,180.0,0.01,0.02,2360.648761,1776294586000
1776294588.553,288.553,0.3,175.0,0.29,70.0,0.35,8.38,0.36,10.0,0.68,10.0,0.67,2.0,0.7,180.0,0.71,70.0,0.05,0.02,2360.653302,1776294587000
1776294588.857,288.857,0.29,70.0,0.28,118.0,0.32,15.0,0.33,10.0,0.65,8.38,0.64,10.0,0.7,175.0,0.71,70.0,0.03,0.05,2360.653302,1776294587000
1776294589.141,289.141,0.29,75.0,0.28,123.0,0.31,10.0,0.32,15.0,0.68,15.0,0.67,10.0,0.71,70.0,0.72,118.0,0.02,0.03,2360.627767,1776294588000
1776294590.139,290.139,0.29,1.54,0.28,10.0,0.3,13.64,0.31,15.0,0.69,15.0,0.68,15.0,0.71,1.54,0.72,118.0,0.01,0.02,2360.608497,1776294589000
1776294590.582,290.582,0.27,5.0,0.26,118.0,0.28,20.0,0.29,15.0,0.7,13.64,0.69,15.0,0.71,1.54,0.72,10.0,0.01,0.01,2360.608497,1776294589000
1776294590.868,290.868,0.26,118.0,0.25,110.0,0.28,1.78,0.29,15.0,0.72,20.0,0.71,15.0,0.73,5.0,0.74,118.0,0.02,0.01,2360.608,1776294590000
1776294591.253,291.253,0.26,3.7,0.25,110.0,0.28,1.78,0.29,15.0,0.72,1.78,0.71,15.0,0.74,15.03,0.75,110.0,0.02,0.02,2360.608,1776294590000
1776294591.873,291.873,0.24,6.71,0.23,7.92,0.26,20.0,0.27,15.0,0.71,11.98,0.7,10.0,0.74,8.7,0.75,110.0,0.02,0.03,2360.608,1776294590000
1776294592.446,292.446,0.21,57.92,0.2,110.0,0.24,20.0,0.25,15.0,0.74,20.0,0.73,15.0,0.76,6.71,0.77,7.92,0.03,0.02,2360.615976,1776294591000
1776294594.022,294.022,0.18,100.0,0.17,40.0,0.2,9.51,0.21,10.0,0.76,20.0,0.75,15.0,0.79,57.92,0.8,110.0,0.02,0.03,2360.615823,1776294592000
1776294594.417,294.417,0.18,100.0,0.17,10.0,0.2,19.51,0.21,15.0,0.8,9.51,0.79,10.0,0.82,100.0,0.83,40.0,0.02,0.02,2360.598743,1776294593000
1776294594.801,294.801,0.16,55.73,0.15,173.0,0.18,20.0,0.19,15.0,0.81,10.0,0.8,19.51,0.82,3.12,0.83,10.0,0.02,0.01,2360.598743,1776294593000
1776294595.104,295.104,0.16,10.73,0.15,143.0,0.18,9.44,0.19,15.0,0.82,20.0,0.81,15.0,0.84,55.73,0.85,173.0,0.02,0.02,2360.598743,1776294593000
1776294595.447,295.447,0.17,8.79,0.16,5.73,0.18,14.44,0.19,15.0,0.82,9.44,0.81,15.0,0.84,10.73,0.85,143.0,0.01,0.02,2360.580711,1776294594000
1776294595.685,295.685,0.16,0.73,0.15,143.0,0.17,10.0,0.18,9.39,0.82,14.39,0.81,15.0,0.84,5.73,0.85,143.0,0.01,0.02,2360.580711,1776294594000
1776294596.191,296.191,0.15,110.51,0.14,10.0,0.16,10.0,0.17,10.0,0.83,15.0,0.82,14.39,0.85,141.01,0.86,20.0,0.01,0.02,2360.573238,1776294595000
1776294596.398,296.398,0.15,95.34,0.14,10.0,0.16,65.0,0.17,10.0,0.84,10.0,0.83,10.0,0.85,105.46,0.86,10.0,0.01,0.01,2360.573238,1776294595000
1776294596.724,296.724,0.15,44.29,0.08,85.0,0.16,70.0,0.17,15.0,0.84,75.0,0.83,15.0,0.85,61.59,0.92,85.0,0.01,0.01,2360.573238,1776294595000
1776294597.176,297.176,0.15,28.4,0.08,60.0,0.16,75.0,0.17,45.0,0.84,75.0,0.83,15.0,0.85,34.29,0.92,85.0,0.01,0.01,2360.581618,1776294596000
1776294597.454,297.454,0.07,10.0,0.06,10.0,0.09,8.88,0.1,22.0,0.91,10.0,0.9,17.0,0.92,56.73,0.93,10.0,0.02,0.01,2360.581618,1776294596000
1776294597.881,297.881,0.03,312.05,0.02,263.0,0.06,20.0,0.07,15.0,0.92,20.0,0.91,8.88,0.96,19.28,0.97,318.0,0.03,0.04,2360.581618,1776294596000
1776294598.354,298.354,0.03,312.05,0.02,263.0,0.06,31.0,0.07,15.0,0.93,15.0,0.92,31.0,0.96,10.0,0.97,312.05,0.03,0.03,2360.524659,1776294597000
1776294598.567,298.567,0.03,75.38,0.02,263.0,0.04,6.0,0.05,10.0,0.95,10.0,0.94,26.0,0.97,95.8,0.98,263.0,0.01,0.02,2360.524659,1776294597000
1776294598.787,298.787,0.02,249.15,0.01,1314.0,0.03,29.0,0.04,11.0,0.96,11.0,0.95,10.0,0.98,251.18,0.99,1314.0,0.01,0.02,2360.524659,1776294597000
1776294599.009,299.009,0.01,133.15,,,0.03,42.0,0.04,31.0,0.97,34.0,0.96,13.0,0.99,133.15,,,0.02,0.02,2360.524659,1776294597000
1776294599.314,299.314,,,,,0.01,2089.21,0.02,26.0,0.99,890.0,0.98,23.0,,,,,,,2360.524659,1776294597000
1776294599.573,299.573,,,,,0.01,2307.25,0.02,26.0,0.99,2150.94,0.98,26.0,,,,,,,2360.524659,1776294597000

# RESULT,winner=Down,slug=eth-updown-5m-1776294300,ticks=333
