timestamp,elapsed_sec,up_bid_p1,up_bid_s1,up_bid_p2,up_bid_s2,up_ask_p1,up_ask_s1,up_ask_p2,up_ask_s2,down_bid_p1,down_bid_s1,down_bid_p2,down_bid_s2,down_ask_p1,down_ask_s1,down_ask_p2,down_ask_s2,up_spread,down_spread,eth_price,eth_oracle_ts
1776348300.966,0.966,0.54,7.0,0.53,85.0,0.55,10.97,0.56,75.0,0.44,75.0,0.43,70.0,0.46,7.0,0.47,85.0,0.01,0.02,2302.197353,1776348299000
1776348301.193,1.193,0.51,123.74,0.5,40.78,0.53,3.11,0.54,5.0,0.47,5.0,0.46,5.0,0.49,123.74,0.5,40.78,0.02,0.02,2302.197353,1776348299000
1776348301.456,1.456,0.51,38.35,0.5,40.78,0.52,5.0,0.53,140.81,0.47,15.81,0.46,5.0,0.49,53.74,0.5,40.78,0.01,0.02,2301.92126,1776348300000
1776348301.773,1.773,0.51,26.35,0.5,40.78,0.53,144.81,0.54,130.0,0.47,139.81,0.46,130.0,0.49,33.35,0.5,40.78,0.02,0.02,2301.92126,1776348300000
1776348302.334,2.334,0.51,8.69,0.5,40.78,0.52,34.0,0.53,227.81,0.48,63.0,0.47,192.81,0.49,18.69,0.5,40.78,0.01,0.01,2301.935023,1776348301000
1776348303.006,3.006,0.51,8.69,0.5,50.78,0.52,3.07,0.53,227.81,0.48,34.0,0.47,227.81,0.49,8.69,0.5,40.78,0.01,0.01,2301.935023,1776348301000
1776348303.28,3.28,0.51,3.69,0.5,50.78,0.52,18.07,0.53,197.81,0.48,3.07,0.47,227.81,0.49,8.69,0.5,50.78,0.01,0.01,2301.416943,1776348302000
1776348303.856,3.856,0.5,45.78,0.49,48.06,0.51,102.36,0.52,83.07,0.49,46.31,0.48,23.07,0.5,45.78,0.51,48.06,0.01,0.01,2301.416943,1776348302000
1776348305.253,5.253,0.5,32.78,0.49,48.06,0.51,182.58,0.52,266.07,0.49,177.58,0.48,96.07,0.5,47.78,0.51,48.06,0.01,0.01,2301.248022,1776348303000
1776348306.145,6.145,0.5,12.78,0.49,48.06,0.51,359.58,0.52,456.07,0.49,182.58,0.48,266.07,0.5,22.78,0.51,48.06,0.01,0.01,2300.860206,1776348305000
1776348306.393,6.393,0.5,2.78,0.49,48.06,0.51,205.0,0.52,431.07,0.49,243.36,0.48,456.07,0.5,7.78,0.51,48.06,0.01,0.01,2300.860206,1776348305000
1776348306.974,6.974,0.5,7.78,0.49,48.06,0.51,197.82,0.52,431.07,0.49,186.18,0.48,431.07,0.5,7.78,0.51,48.06,0.01,0.01,2300.860206,1776348305000
1776348307.474,7.474,0.49,48.06,0.47,10.0,0.5,92.22,0.51,314.2,0.49,197.82,0.48,431.07,0.5,7.78,0.51,48.06,0.01,0.01,2300.860285,1776348306000
1776348307.836,7.836,0.49,23.06,0.47,10.0,0.5,142.22,0.51,240.0,0.5,142.22,0.49,254.2,0.51,33.06,0.53,10.0,0.01,0.01,2300.860285,1776348306000
1776348308.509,8.509,0.49,47.76,0.47,10.0,0.5,289.21,0.51,247.0,0.5,142.22,0.49,240.0,0.51,23.06,0.53,10.0,0.01,0.01,2300.904392,1776348307000
1776348309.228,9.228,0.47,10.0,0.45,30.0,0.49,11.59,0.5,289.21,0.5,289.21,0.49,247.0,0.51,40.29,0.53,10.0,0.02,0.01,2300.904392,1776348307000
1776348309.816,9.816,0.47,35.5,0.46,40.5,0.49,23.62,0.5,55.5,0.51,11.59,0.5,289.21,0.53,10.0,0.55,30.0,0.02,0.02,2300.970335,1776348308000
1776348310.042,10.042,0.48,34.0,0.47,45.5,0.49,15.5,0.5,25.5,0.51,23.62,0.5,55.5,0.53,35.5,0.54,40.5,0.01,0.02,2300.970335,1776348308000
1776348310.396,10.396,0.48,24.0,0.47,40.5,0.49,20.5,0.5,50.5,0.51,15.5,0.5,25.5,0.52,34.0,0.53,45.5,0.01,0.01,2300.919665,1776348309000
1776348311.767,11.767,0.48,8.07,0.47,55.5,0.49,3.75,0.5,50.5,0.51,3.75,0.5,50.5,0.52,24.0,0.53,45.5,0.01,0.01,2300.988999,1776348310000
1776348312.758,12.758,0.49,301.41,0.48,18.07,0.5,6.0,0.51,50.0,0.51,3.75,0.5,50.5,0.52,8.07,0.53,55.5,0.01,0.01,2301.233513,1776348311000
1776348313.372,13.372,0.49,315.71,0.48,120.0,0.51,10.0,0.52,80.42,0.48,70.42,0.47,83.34,0.51,315.52,0.52,23.07,0.02,0.03,2301.233513,1776348311000
1776348313.728,13.728,0.51,10.51,0.5,10.0,0.52,70.0,0.53,83.34,0.49,10.0,0.48,80.42,0.51,315.71,0.52,120.0,0.01,0.02,2301.233513,1776348311000
1776348314.15,14.15,0.5,63.94,0.49,295.71,0.51,12.15,0.52,125.5,0.48,70.0,0.47,83.34,0.49,10.51,0.5,10.0,0.01,0.01,2301.29632,1776348312000
1776348314.524,14.524,0.5,148.94,0.49,285.71,0.51,138.12,0.52,146.34,0.49,29.72,0.48,90.5,0.5,48.94,0.51,175.71,0.01,0.01,2301.72978,1776348313000
1776348314.768,14.768,0.49,147.6,0.48,5.0,0.5,25.0,0.51,193.71,0.5,10.0,0.49,219.76,0.51,157.6,0.52,5.0,0.01,0.01,2301.72978,1776348313000
1776348315.215,15.215,0.49,107.6,0.48,5.0,0.5,190.14,0.51,184.51,0.5,145.14,0.49,179.51,0.51,117.6,0.52,5.0,0.01,0.01,2301.81025,1776348314000
1776348315.481,15.481,0.44,5.0,0.43,65.0,0.49,50.0,0.5,185.14,0.5,201.14,0.49,179.51,0.52,10.0,0.55,20.0,0.05,0.02,2301.81025,1776348314000
1776348316.856,16.856,0.4,24.0,0.39,97.14,0.41,10.0,0.42,10.0,0.55,20.0,0.54,10.0,0.56,5.0,0.57,35.0,0.01,0.01,2301.296408,1776348315000
1776348317.056,17.056,0.39,97.14,0.38,93.0,0.41,4.0,0.42,30.0,0.59,15.0,0.58,30.0,0.6,9.0,0.61,97.14,0.02,0.01,2300.992856,1776348316000
1776348317.38,17.38,0.4,10.0,0.39,107.14,0.42,30.0,0.43,15.0,0.59,4.0,0.58,30.0,0.61,97.14,0.62,93.0,0.02,0.02,2300.992856,1776348316000
1776348317.61,17.61,0.4,10.0,0.39,19.43,0.42,20.0,0.43,20.0,0.58,25.0,0.57,20.0,0.61,19.43,0.62,85.0,0.02,0.03,2300.992856,1776348316000
1776348318.23,18.23,0.39,39.0,0.38,118.0,0.41,10.0,0.42,15.0,0.58,20.0,0.57,20.0,0.6,2.5,0.61,24.43,0.02,0.02,2300.447883,1776348317000
1776348318.554,18.554,0.44,851.75,0.41,10.0,0.45,115.5,0.46,215.5,0.59,10.0,0.58,15.0,0.61,39.0,0.62,118.0,0.01,0.02,2300.447883,1776348317000
1776348318.824,18.824,0.44,845.78,0.42,10.0,0.45,90.5,0.46,85.5,0.55,90.5,0.54,95.5,0.56,848.23,0.58,10.0,0.01,0.01,2300.447883,1776348317000
1776348319.249,19.249,0.44,787.26,0.43,10.0,0.45,99.6,0.46,194.76,0.55,90.5,0.54,185.5,0.56,840.78,0.57,10.0,0.01,0.01,2300.447883,1776348317000
1776348319.6,19.6,0.44,845.68,0.41,5.0,0.45,104.35,0.46,94.76,0.55,99.6,0.54,194.76,0.56,776.68,0.57,10.0,0.01,0.01,2300.019835,1776348318000
1776348319.8,19.8,0.44,10.68,0.43,10.0,0.45,106.25,0.46,85.5,0.55,104.35,0.54,94.76,0.56,845.68,0.59,5.0,0.01,0.01,2300.019835,1776348318000
1776348320.0,20.0,0.43,10.0,0.42,20.5,0.45,90.25,0.46,85.5,0.55,90.25,0.54,85.5,0.57,10.0,0.58,20.5,0.02,0.02,2300.06172,1776348319000
1776348320.705,20.705,0.41,8.63,0.4,20.5,0.43,84.2,0.44,45.5,0.56,17.72,0.55,85.25,0.58,20.5,0.59,25.5,0.02,0.02,2300.06172,1776348319000
1776348321.079,21.079,0.42,15.5,0.41,10.5,0.43,35.5,0.44,45.5,0.57,15.0,0.56,35.0,0.58,6.0,0.59,8.63,0.01,0.01,2300.105595,1776348320000
1776348321.31,21.31,0.41,17.48,0.4,20.5,0.42,5.0,0.43,15.0,0.57,35.5,0.56,45.5,0.58,15.5,0.59,10.5,0.01,0.01,2300.105595,1776348320000
1776348322.906,22.906,0.4,22.16,0.39,54.5,0.41,15.0,0.42,25.5,0.58,5.0,0.57,10.0,0.59,17.31,0.6,20.5,0.01,0.01,2300.128715,1776348321000
1776348323.591,23.591,0.4,12.17,0.39,40.5,0.41,55.0,0.42,51.07,0.59,15.0,0.58,25.5,0.6,22.16,0.61,54.5,0.01,0.01,2300.0958,1776348322000
1776348324.493,24.493,0.4,1.67,0.39,40.5,0.41,154.7,0.42,112.24,0.59,55.0,0.58,51.07,0.6,12.17,0.61,40.5,0.01,0.01,2300.161384,1776348323000
1776348326.641,26.641,0.39,2.0,0.38,130.0,0.4,135.0,0.41,95.5,0.59,154.7,0.58,112.24,0.6,1.67,0.61,40.5,0.01,0.01,2299.92491,1776348325000
1776348327.996,27.996,0.36,196.0,0.35,175.5,0.39,10.0,0.4,128.0,0.6,135.0,0.59,95.5,0.61,2.0,0.62,130.0,0.03,0.01,2299.903007,1776348327000
1776348328.217,28.217,0.37,15.0,0.36,166.0,0.39,6.66,0.4,30.0,0.61,10.0,0.6,128.0,0.64,196.0,0.65,175.5,0.02,0.03,2299.903007,1776348327000
1776348328.962,28.962,0.39,3.44,0.38,18.0,0.41,91.01,0.42,20.0,0.6,2.49,0.59,131.01,0.62,10.0,0.63,15.0,0.02,0.02,2299.903007,1776348327000
1776348329.919,29.919,0.37,30.5,0.36,263.5,0.39,149.0,0.4,25.5,0.59,81.01,0.58,26.0,0.62,2.24,0.63,20.0,0.02,0.03,2299.141763,1776348328000
1776348330.243,30.243,0.37,176.5,0.36,148.5,0.38,9.26,0.39,10.0,0.62,5.0,0.61,172.0,0.63,30.5,0.64,263.5,0.01,0.01,2299.141763,1776348328000
1776348330.542,30.542,0.37,22.06,0.36,110.5,0.38,57.26,0.39,131.0,0.62,9.26,0.61,10.0,0.63,176.5,0.64,148.5,0.01,0.01,2299.736801,1776348329000
1776348330.865,30.865,0.37,0.07,0.36,110.5,0.38,249.26,0.39,15.0,0.62,57.26,0.61,131.0,0.63,22.06,0.64,110.5,0.01,0.01,2299.736801,1776348329000
1776348332.201,32.201,0.35,70.0,0.34,269.5,0.36,5.0,0.37,44.11,0.63,56.0,0.62,172.0,0.64,92.75,0.65,280.0,0.01,0.01,2299.6631,1776348331000
1776348334.121,34.121,0.33,75.0,0.32,285.0,0.35,230.38,0.36,231.78,0.64,5.0,0.63,44.11,0.65,70.0,0.66,269.5,0.02,0.01,2299.147929,1776348333000
1776348335.446,35.446,0.3,65.5,0.29,24.0,0.33,191.5,0.34,124.71,0.65,230.38,0.64,231.78,0.67,75.0,0.68,285.0,0.03,0.02,2299.109599,1776348334000
1776348336.392,36.392,0.3,8.53,0.29,35.5,0.31,152.0,0.32,15.0,0.67,191.5,0.66,124.71,0.7,65.5,0.71,24.0,0.01,0.03,2298.405458,1776348335000
1776348337.883,37.883,0.3,80.5,0.29,161.5,0.31,63.7,0.32,233.0,0.69,100.18,0.68,15.0,0.7,18.53,0.71,35.5,0.01,0.01,2298.143711,1776348337000
1776348338.662,38.662,0.3,127.5,0.29,261.5,0.32,13.23,0.33,10.0,0.69,3.32,0.68,133.0,0.7,80.5,0.71,261.5,0.02,0.01,2298.143711,1776348337000
1776348339.051,39.051,0.31,94.5,0.3,265.5,0.32,37.23,0.33,10.0,0.68,13.23,0.67,10.0,0.7,127.5,0.71,261.5,0.01,0.02,2298.116908,1776348338000
1776348339.607,39.607,0.31,11.0,0.3,159.5,0.32,238.0,0.33,10.0,0.68,37.23,0.67,10.0,0.69,72.22,0.7,265.5,0.01,0.01,2298.116908,1776348338000
1776348340.653,40.653,0.31,17.0,0.3,655.5,0.32,81.94,0.33,10.0,0.68,238.0,0.67,10.0,0.69,11.0,0.7,159.5,0.01,0.01,2298.309774,1776348339000
1776348341.555,41.555,0.31,5.0,0.3,16.0,0.32,86.69,0.33,506.5,0.68,81.94,0.67,10.0,0.69,17.0,0.7,655.5,0.01,0.01,2298.4382,1776348340000
1776348341.906,41.906,0.31,33.14,0.3,36.5,0.32,86.69,0.33,506.5,0.68,86.69,0.67,506.5,0.69,5.0,0.7,16.0,0.01,0.01,2298.4382,1776348340000
1776348343.709,43.709,0.31,35.0,0.3,55.5,0.32,135.69,0.33,10.0,0.68,86.69,0.67,506.5,0.69,33.14,0.7,36.5,0.01,0.01,2298.390288,1776348342000
1776348345.641,45.641,0.31,674.0,0.3,165.5,0.32,51.69,0.33,15.0,0.68,135.69,0.67,10.0,0.69,35.0,0.7,55.5,0.01,0.01,2298.46794,1776348344000
1776348345.848,45.848,0.31,808.46,0.3,165.5,0.32,51.69,0.34,95.51,0.68,51.69,0.67,15.0,0.69,674.0,0.7,165.5,0.01,0.01,2298.46794,1776348344000
1776348346.084,46.084,0.31,842.21,0.3,181.5,0.32,45.69,0.33,10.0,0.68,45.69,0.66,95.51,0.69,849.46,0.7,181.5,0.01,0.01,2298.433224,1776348345000
1776348346.81,46.81,0.31,148.85,0.3,529.5,0.32,160.69,0.33,15.0,0.68,45.69,0.67,10.0,0.69,842.21,0.7,181.5,0.01,0.01,2298.433224,1776348345000
1776348347.08,47.08,0.31,23.85,0.3,644.5,0.32,165.69,0.33,140.5,0.68,160.69,0.67,15.0,0.69,148.85,0.7,529.5,0.01,0.01,2298.394455,1776348346000
1776348348.797,48.797,0.31,12.1,0.3,629.0,0.32,168.69,0.33,140.5,0.68,165.69,0.67,140.5,0.69,23.85,0.7,644.5,0.01,0.01,2298.63105,1776348347000
1776348349.477,49.477,0.3,34.0,0.29,756.5,0.32,160.69,0.33,146.5,0.68,168.69,0.67,140.5,0.69,10.28,0.7,39.0,0.02,0.01,2298.58022,1776348348000
1776348352.503,52.503,0.31,696.95,0.3,431.5,0.32,15.0,0.34,20.51,0.68,160.69,0.67,146.5,0.7,34.0,0.71,756.5,0.01,0.02,2298.525158,1776348351000
1776348353.096,53.096,0.34,625.5,0.33,28.1,0.35,30.38,0.36,12.81,0.65,40.38,0.64,12.81,0.67,10.0,0.68,10.0,0.01,0.02,2298.525158,1776348351000
1776348353.425,53.425,0.34,712.5,0.33,43.1,0.36,12.81,0.37,55.0,0.65,30.38,0.64,12.81,0.66,625.5,0.67,28.1,0.02,0.01,2298.518006,1776348352000
1776348353.754,53.754,0.35,690.0,0.34,185.5,0.36,2.81,0.37,55.0,0.64,12.81,0.63,55.0,0.66,712.5,0.67,43.1,0.01,0.02,2298.518006,1776348352000
1776348354.061,54.061,0.35,709.0,0.34,181.5,0.36,13.2,0.37,20.0,0.63,45.0,0.62,70.0,0.65,675.0,0.66,191.5,0.01,0.02,2298.518006,1776348352000
1776348354.859,54.859,0.35,10.0,0.34,10.0,0.36,610.2,0.37,25.0,0.63,20.0,0.62,80.0,0.64,109.92,0.65,504.0,0.01,0.01,2298.804438,1776348353000
1776348356.032,56.032,0.34,535.72,0.33,21.0,0.36,30.0,0.37,35.5,0.64,721.0,0.63,50.0,0.66,10.0,0.67,6.0,0.02,0.02,2299.505365,1776348354000
1776348356.826,56.826,0.34,584.0,0.33,21.0,0.35,15.0,0.36,76.25,0.64,30.0,0.63,35.5,0.66,535.72,0.67,21.0,0.01,0.02,2299.697711,1776348355000
1776348358.867,58.867,0.32,930.0,0.31,80.0,0.35,5.0,0.36,66.25,0.65,15.0,0.64,76.25,0.66,584.0,0.67,21.0,0.03,0.01,2299.344583,1776348357000
1776348359.675,59.675,0.35,20.0,0.34,115.0,0.36,18.6,0.37,45.0,0.64,44.44,0.63,45.0,0.65,10.0,0.66,15.0,0.01,0.01,2299.1051,1776348358000
1776348359.922,59.922,0.35,10.0,0.34,605.0,0.36,62.29,0.37,45.0,0.64,18.6,0.63,45.0,0.65,20.0,0.66,115.0,0.01,0.01,2299.1051,1776348358000
1776348360.319,60.319,0.35,624.38,0.34,121.0,0.36,46.0,0.37,45.5,0.64,62.29,0.63,45.0,0.65,10.0,0.66,605.0,0.01,0.01,2299.1051,1776348358000
1776348360.866,60.866,0.35,495.0,0.34,236.0,0.36,77.0,0.37,55.5,0.64,46.0,0.63,45.5,0.65,593.45,0.66,121.0,0.01,0.01,2299.1051,1776348359000
1776348361.26,61.26,0.35,623.46,0.34,121.0,0.36,20.0,0.37,45.0,0.64,77.0,0.63,55.5,0.65,495.0,0.66,236.0,0.01,0.01,2299.655712,1776348360000
1776348361.927,61.927,0.35,622.99,0.34,26.0,0.37,45.0,0.38,95.5,0.64,20.0,0.63,45.0,0.65,652.99,0.66,121.0,0.02,0.01,2299.655712,1776348360000
1776348363.151,63.151,0.3,74.9,0.29,55.0,0.35,5.0,0.36,141.0,0.63,70.0,0.62,95.5,0.65,19.53,0.66,36.5,0.05,0.02,2299.686289,1776348361000
1776348363.374,63.374,0.3,53.47,0.29,55.0,0.33,5.0,0.35,134.2,0.65,5.0,0.64,141.0,0.7,74.9,0.71,55.0,0.03,0.05,2299.744508,1776348362000
1776348363.763,63.763,0.3,1.38,0.28,140.0,0.31,73.0,0.32,15.0,0.67,5.0,0.65,144.2,0.7,53.47,0.71,55.0,0.01,0.03,2299.744508,1776348362000
1776348364.21,64.21,0.29,11.38,0.28,100.0,0.31,10.0,0.32,10.0,0.69,73.0,0.68,15.0,0.7,1.38,0.72,140.0,0.02,0.01,2299.77795,1776348363000
1776348364.515,64.515,0.3,15.0,0.29,16.38,0.31,615.0,0.32,20.5,0.69,16.77,0.68,10.0,0.7,5.0,0.71,11.38,0.01,0.01,2299.77795,1776348363000
1776348365.32,65.32,0.29,495.0,0.28,191.05,0.3,20.16,0.31,15.0,0.69,615.0,0.68,20.5,0.7,15.0,0.71,16.38,0.01,0.01,2299.77795,1776348363000
1776348365.836,65.836,0.38,2.59,0.37,145.29,0.4,15.0,0.42,95.0,0.61,35.0,0.6,10.0,0.63,65.29,0.64,50.0,0.02,0.02,2298.0754,1776348364000
1776348366.118,66.118,0.38,180.0,0.37,145.29,0.39,7.43,0.4,10.0,0.6,15.0,0.59,10.0,0.62,0.13,0.63,145.29,0.01,0.02,2298.0754,1776348364000
1776348366.51,66.51,0.4,35.0,0.39,10.0,0.41,10.0,0.42,95.0,0.59,18.87,0.58,95.0,0.62,180.0,0.63,150.29,0.01,0.03,2298.496645,1776348365000
1776348366.962,66.962,0.4,38.33,0.39,10.0,0.41,10.0,0.42,95.0,0.59,10.0,0.58,95.0,0.6,35.0,0.61,10.0,0.01,0.01,2298.496645,1776348365000
1776348367.743,67.743,0.4,608.33,0.39,10.0,0.41,32.0,0.42,108.0,0.59,10.0,0.58,95.0,0.6,38.33,0.61,10.0,0.01,0.01,2300.524359,1776348366000
1776348367.993,67.993,0.41,4.05,0.4,39.0,0.42,85.0,0.43,125.0,0.59,15.0,0.58,108.0,0.6,596.49,0.61,10.0,0.01,0.01,2300.524359,1776348366000
1776348368.194,68.194,0.41,608.6,0.4,15.0,0.42,95.0,0.43,125.0,0.58,95.0,0.57,125.0,0.59,616.6,0.6,15.0,0.01,0.01,2300.524359,1776348366000
1776348368.483,68.483,0.41,603.44,0.4,15.0,0.42,26.5,0.43,160.5,0.58,95.5,0.57,160.5,0.59,623.44,0.6,25.0,0.01,0.01,2300.524359,1776348366000
1776348368.958,68.958,0.42,629.65,0.41,45.0,0.43,120.0,0.44,185.0,0.58,26.5,0.57,160.5,0.59,603.44,0.6,15.0,0.01,0.01,2300.455754,1776348367000
1776348369.313,69.313,0.42,615.0,0.41,10.0,0.44,15.0,0.45,95.0,0.57,120.0,0.56,185.0,0.58,629.65,0.59,45.0,0.02,0.01,2300.505412,1776348368000
1776348369.712,69.712,0.43,642.0,0.42,140.0,0.45,95.0,0.46,310.0,0.56,15.0,0.55,95.0,0.58,615.0,0.59,10.0,0.02,0.02,2300.505412,1776348368000
1776348370.181,70.181,0.43,637.0,0.42,140.0,0.44,10.0,0.45,95.0,0.55,95.0,0.54,310.0,0.57,642.0,0.58,140.0,0.01,0.02,2300.549505,1776348369000
1776348370.408,70.408,0.43,628.54,0.42,140.0,0.44,10.0,0.45,95.0,0.56,26.0,0.55,95.0,0.57,632.0,0.58,140.0,0.01,0.01,2300.549505,1776348369000
1776348371.971,71.971,0.44,791.0,0.43,209.0,0.45,3.0,0.46,290.0,0.55,95.0,0.54,300.0,0.57,628.54,0.58,140.0,0.01,0.02,2300.974437,1776348370000
1776348372.378,72.378,0.45,752.0,0.44,159.0,0.48,13.0,0.49,275.0,0.54,290.0,0.53,50.0,0.56,791.0,0.57,234.0,0.03,0.02,2300.974437,1776348370000
1776348372.925,72.925,0.47,627.0,0.46,35.0,0.49,260.0,0.5,68.4,0.52,13.0,0.51,275.0,0.55,752.0,0.56,159.0,0.02,0.03,2301.016253,1776348371000
1776348373.201,73.201,0.48,604.8,0.47,27.0,0.49,250.0,0.5,65.0,0.51,260.0,0.5,68.4,0.53,627.0,0.54,35.0,0.01,0.02,2301.016253,1776348371000
1776348373.956,73.956,0.48,633.0,0.47,42.0,0.49,177.0,0.5,45.0,0.51,250.0,0.5,65.0,0.52,604.8,0.53,27.0,0.01,0.01,2301.048509,1776348372000
1776348374.316,74.316,0.49,719.0,0.48,82.0,0.51,85.0,0.52,69.0,0.51,177.0,0.5,45.0,0.52,633.0,0.53,42.0,0.02,0.01,2301.494999,1776348373000
1776348374.661,74.661,0.51,641.0,0.5,45.0,0.52,9.5,0.53,177.7,0.48,9.0,0.47,167.7,0.5,680.0,0.51,108.2,0.01,0.02,2301.494999,1776348373000
1776348375.517,75.517,0.52,625.0,0.51,25.0,0.54,70.97,0.55,187.0,0.47,177.7,0.46,41.0,0.49,630.0,0.5,45.0,0.02,0.02,2301.494999,1776348373000
1776348375.841,75.841,0.53,600.4,0.52,20.0,0.54,101.97,0.55,197.0,0.46,75.97,0.45,197.0,0.47,625.0,0.48,20.0,0.01,0.01,2301.621805,1776348374000
1776348376.059,76.059,0.53,605.4,0.52,20.0,0.54,100.47,0.55,197.0,0.46,31.97,0.45,197.0,0.47,600.4,0.48,20.0,0.01,0.01,2301.621805,1776348374000
1776348376.262,76.262,0.53,634.27,0.52,10.0,0.54,109.57,0.55,197.0,0.46,100.47,0.45,197.0,0.47,605.4,0.48,20.0,0.01,0.01,2301.621805,1776348374000
1776348376.506,76.506,0.53,618.27,0.51,45.0,0.54,11.03,0.55,207.0,0.46,97.53,0.45,197.0,0.47,613.27,0.48,10.0,0.01,0.01,2301.875305,1776348375000
1776348376.83,76.83,0.53,618.27,0.51,40.0,0.54,31.55,0.55,217.0,0.46,11.03,0.45,207.0,0.47,618.27,0.49,45.0,0.01,0.01,2301.875305,1776348375000
1776348377.242,77.242,0.53,490.0,0.52,115.0,0.54,168.49,0.55,200.0,0.46,42.69,0.45,207.0,0.47,603.27,0.49,10.0,0.01,0.01,2301.875305,1776348375000
1776348377.926,77.926,0.51,10.0,0.5,120.0,0.54,189.58,0.55,216.12,0.46,168.49,0.45,200.0,0.47,490.0,0.48,115.0,0.03,0.01,2302.253405,1776348376000
1776348378.263,78.263,0.49,485.0,0.48,105.0,0.51,17.0,0.52,93.7,0.48,105.7,0.47,141.5,0.5,490.0,0.52,120.0,0.02,0.02,2302.253405,1776348376000
1776348378.639,78.639,0.48,602.21,0.47,222.0,0.49,16.0,0.5,92.22,0.5,11.22,0.49,69.97,0.51,482.25,0.52,230.0,0.01,0.01,2302.284914,1776348377000
1776348378.85,78.85,0.48,597.09,0.47,202.0,0.49,34.45,0.5,219.72,0.51,16.0,0.5,104.72,0.52,592.09,0.53,232.0,0.01,0.01,2302.284914,1776348377000
1776348379.128,79.128,0.48,584.18,0.47,212.0,0.49,87.15,0.5,257.65,0.51,57.95,0.5,71.72,0.52,102.09,0.53,567.0,0.01,0.01,2302.309187,1776348378000
1776348379.43,79.43,0.48,577.88,0.47,225.0,0.49,44.98,0.5,226.65,0.51,36.95,0.5,226.65,0.52,595.88,0.53,225.0,0.01,0.01,2302.309187,1776348378000
1776348379.986,79.986,0.48,178.58,0.47,675.0,0.49,80.98,0.5,221.65,0.51,44.98,0.5,226.65,0.52,577.88,0.53,225.0,0.01,0.01,2302.309187,1776348378000
1776348380.348,80.348,0.48,663.58,0.47,315.0,0.49,80.98,0.5,150.72,0.51,80.98,0.5,221.65,0.52,178.58,0.53,675.0,0.01,0.01,2302.309187,1776348378000
1776348380.684,80.684,0.48,183.58,0.47,685.0,0.49,208.93,0.5,35.72,0.51,80.98,0.5,150.72,0.52,663.58,0.53,315.0,0.01,0.01,2302.309187,1776348378000
1776348381.181,81.181,0.48,181.46,0.47,672.0,0.49,203.93,0.5,35.72,0.51,208.93,0.5,35.72,0.52,183.58,0.53,685.0,0.01,0.01,2301.617325,1776348379000
1776348381.582,81.582,0.48,659.34,0.47,217.15,0.49,101.0,0.5,160.72,0.51,203.93,0.5,35.72,0.52,181.46,0.53,672.0,0.01,0.01,2301.547752,1776348380000
1776348381.917,81.917,0.48,656.18,0.47,332.15,0.49,52.24,0.5,160.72,0.51,83.24,0.5,45.72,0.52,654.34,0.53,332.15,0.01,0.01,2301.547752,1776348380000
1776348382.259,82.259,0.48,654.06,0.47,332.15,0.49,52.24,0.5,150.72,0.51,52.24,0.5,160.72,0.52,656.18,0.53,332.15,0.01,0.01,2301.569939,1776348381000
1776348382.672,82.672,0.47,92.0,0.46,125.0,0.49,713.93,0.5,217.72,0.51,52.24,0.5,150.72,0.52,654.06,0.53,332.15,0.02,0.01,2301.569939,1776348381000
1776348383.269,83.269,0.47,1.08,0.46,125.0,0.48,177.5,0.49,588.76,0.52,171.08,0.51,610.79,0.53,86.0,0.54,125.0,0.01,0.01,2301.569939,1776348381000
1776348383.49,83.49,0.47,104.24,0.46,720.0,0.48,65.74,0.49,103.76,0.52,159.69,0.51,588.76,0.53,1.08,0.54,125.0,0.01,0.01,2301.569939,1776348381000
1776348383.965,83.965,0.46,125.0,0.45,606.15,0.47,5.91,0.48,195.36,0.52,65.74,0.51,103.76,0.53,104.24,0.54,720.0,0.01,0.01,2301.436262,1776348382000
1776348384.503,84.503,0.46,117.61,0.45,596.15,0.47,46.44,0.48,156.52,0.53,5.91,0.52,195.36,0.54,125.0,0.55,606.15,0.01,0.01,2301.436262,1776348382000
1776348387.236,87.236,0.46,448.11,0.45,355.03,0.48,9.62,0.49,25.0,0.53,46.44,0.52,156.52,0.54,117.61,0.55,596.15,0.02,0.01,2301.098422,1776348385000
1776348387.452,87.452,0.68,140.0,0.66,50.0,0.72,65.9,0.73,87.0,0.31,21.55,0.3,6.0,0.41,8.89,0.5,11.77,0.04,0.1,2301.098422,1776348385000
1776348387.69,87.69,0.61,87.69,0.6,70.0,0.69,10.0,0.72,127.9,0.28,127.9,0.27,140.0,0.34,60.0,0.36,70.0,0.08,0.06,2301.095915,1776348386000
1776348387.945,87.945,0.7,490.0,0.69,5.0,0.72,107.0,0.73,158.0,0.27,148.0,0.26,118.7,0.33,5.0,0.35,6.0,0.02,0.06,2301.095915,1776348386000
1776348388.148,88.148,0.71,610.0,0.7,35.0,0.72,58.0,0.73,159.0,0.28,63.0,0.27,159.0,0.29,610.0,0.3,35.0,0.01,0.01,2301.095915,1776348386000
1776348388.419,88.419,0.71,634.82,0.7,55.0,0.72,44.8,0.73,149.0,0.28,58.0,0.27,149.0,0.29,604.82,0.3,35.0,0.01,0.01,2301.087059,1776348387000
1776348388.681,88.681,0.72,10.0,0.71,634.82,0.74,133.7,0.75,99.2,0.28,0.8,0.27,149.0,0.29,634.82,0.3,55.0,0.02,0.01,2301.087059,1776348387000
1776348388.9,88.9,0.71,626.57,0.7,76.15,0.74,148.7,0.75,147.2,0.26,148.7,0.25,99.2,0.27,15.0,0.28,10.0,0.03,0.01,2301.087059,1776348387000
1776348389.189,89.189,0.73,651.0,0.72,10.0,0.74,117.89,0.75,147.2,0.26,148.7,0.25,147.2,0.29,626.57,0.3,76.15,0.01,0.03,2301.087059,1776348387000
1776348389.395,89.395,0.73,515.59,0.72,125.0,0.74,310.07,0.75,127.2,0.26,290.78,0.25,127.2,0.27,515.59,0.28,125.0,0.01,0.01,2301.087059,1776348387000
1776348389.728,89.728,0.73,641.59,0.72,20.0,0.74,292.37,0.75,157.2,0.26,317.37,0.25,157.2,0.27,515.59,0.28,125.0,0.01,0.01,2304.83558,1776348388000
1776348389.967,89.967,0.73,621.88,0.72,25.0,0.75,135.2,0.76,109.7,0.26,206.72,0.25,157.2,0.27,626.88,0.28,20.0,0.02,0.01,2304.83558,1776348388000
1776348390.322,90.322,0.73,636.88,0.72,25.0,0.75,116.0,0.76,287.7,0.26,5.0,0.25,135.2,0.27,506.88,0.28,35.0,0.02,0.01,2304.83558,1776348388000
1776348391.287,91.287,0.73,606.84,0.72,43.15,0.74,32.84,0.75,150.0,0.26,5.0,0.25,116.0,0.27,631.88,0.28,35.0,0.01,0.01,2305.237994,1776348389000
1776348391.492,91.492,0.73,615.0,0.72,43.15,0.75,160.0,0.76,104.0,0.26,30.13,0.25,150.0,0.27,615.0,0.28,43.15,0.02,0.01,2305.259417,1776348390000
1776348391.832,91.832,0.74,130.0,0.73,15.0,0.75,130.49,0.76,106.0,0.25,115.77,0.24,96.0,0.26,125.0,0.27,490.92,0.01,0.01,2305.259417,1776348390000
1776348392.455,92.455,0.74,6.52,0.73,495.0,0.75,203.56,0.76,106.0,0.25,120.49,0.24,586.0,0.26,125.76,0.27,15.0,0.01,0.01,2305.302315,1776348391000
1776348392.809,92.809,0.74,2.28,0.73,505.0,0.75,208.56,0.76,106.0,0.25,203.56,0.24,106.0,0.26,6.52,0.27,505.0,0.01,0.01,2305.302315,1776348391000
1776348393.174,93.174,0.74,10.69,0.73,615.0,0.75,292.56,0.76,586.0,0.25,208.56,0.24,106.0,0.26,2.28,0.27,505.0,0.01,0.01,2305.302315,1776348391000
1776348393.521,93.521,0.74,149.69,0.73,500.0,0.75,244.74,0.76,586.0,0.25,281.77,0.24,586.0,0.26,18.69,0.27,615.0,0.01,0.01,2305.302315,1776348391000
1776348393.8,93.8,0.74,138.69,0.73,500.0,0.75,244.12,0.76,586.0,0.25,244.22,0.24,586.0,0.26,149.69,0.27,500.0,0.01,0.01,2305.420271,1776348392000
1776348394.415,94.415,0.74,4.15,0.73,125.0,0.75,336.12,0.76,611.0,0.25,244.12,0.24,586.0,0.26,138.69,0.27,500.0,0.01,0.01,2305.565141,1776348393000
1776348395.687,95.687,0.74,15.0,0.73,630.0,0.75,98.0,0.76,120.0,0.25,256.62,0.24,131.0,0.26,24.2,0.27,5.0,0.01,0.01,2305.544293,1776348394000
1776348395.935,95.935,0.74,177.19,0.73,535.0,0.75,208.94,0.76,138.0,0.25,194.94,0.24,120.0,0.26,46.04,0.27,650.0,0.01,0.01,2305.544293,1776348394000
1776348396.275,96.275,0.74,28.75,0.73,505.0,0.75,232.24,0.76,253.0,0.25,207.24,0.24,138.0,0.26,552.19,0.27,55.0,0.01,0.01,2305.544293,1776348394000
1776348396.724,96.724,0.74,24.9,0.73,525.0,0.75,261.24,0.76,253.0,0.25,232.24,0.24,253.0,0.26,28.75,0.27,505.0,0.01,0.01,2305.544293,1776348394000
1776348397.693,97.693,0.74,19.13,0.73,510.0,0.75,288.13,0.76,143.0,0.25,261.24,0.24,253.0,0.26,9.13,0.27,515.0,0.01,0.01,2305.376479,1776348396000
1776348398.204,98.204,0.73,15.0,0.72,33.15,0.74,177.5,0.75,103.63,0.25,288.13,0.24,143.0,0.26,19.13,0.27,510.0,0.01,0.01,2305.423036,1776348397000
1776348398.509,98.509,0.73,13.04,0.72,513.15,0.74,187.5,0.75,108.63,0.26,177.5,0.25,103.63,0.27,15.0,0.28,33.15,0.01,0.01,2305.423036,1776348397000
1776348401.543,101.543,0.73,648.04,0.72,33.15,0.75,81.57,0.76,263.0,0.26,187.5,0.25,108.63,0.27,13.04,0.28,513.15,0.02,0.01,2305.316252,1776348400000
1776348401.868,101.868,0.74,669.66,0.73,53.69,0.75,68.57,0.76,130.0,0.25,81.57,0.24,263.0,0.27,648.04,0.28,33.15,0.01,0.02,2305.316252,1776348400000
1776348402.074,102.074,0.74,659.2,0.73,53.69,0.75,51.57,0.76,130.0,0.25,61.57,0.24,130.0,0.26,659.2,0.27,53.69,0.01,0.01,2305.316252,1776348400000
1776348402.777,102.777,0.74,630.0,0.73,58.69,0.75,45.32,0.76,130.0,0.25,51.57,0.24,130.0,0.26,659.2,0.27,53.69,0.01,0.01,2305.456097,1776348401000
1776348403.241,103.241,0.74,683.65,0.73,61.69,0.75,22.15,0.76,130.0,0.25,32.82,0.24,130.0,0.26,630.0,0.27,58.69,0.01,0.01,2305.456097,1776348401000
1776348403.574,103.574,0.74,678.15,0.73,61.69,0.76,130.0,0.78,212.5,0.25,22.15,0.24,130.0,0.26,683.65,0.27,61.69,0.02,0.01,2305.559906,1776348402000
1776348405.247,105.247,0.75,693.5,0.74,48.65,0.78,65.0,0.79,120.0,0.24,130.0,0.22,212.5,0.26,678.15,0.27,61.69,0.03,0.02,2305.928138,1776348404000
1776348405.606,105.606,0.76,10.0,0.75,58.0,0.77,202.84,0.78,711.0,0.22,65.0,0.21,120.0,0.25,693.5,0.26,48.65,0.01,0.03,2305.928138,1776348404000
1776348405.88,105.88,0.76,35.0,0.75,53.0,0.77,137.7,0.78,675.5,0.23,180.84,0.22,711.0,0.24,10.0,0.25,58.0,0.01,0.01,2305.928138,1776348404000
1776348407.771,107.771,0.76,1.0,0.75,40.0,0.77,681.5,0.78,106.0,0.23,137.7,0.22,685.5,0.24,45.0,0.25,53.0,0.01,0.01,2306.036196,1776348406000
1776348408.14,108.14,0.75,35.0,0.74,30.0,0.76,292.0,0.77,566.5,0.23,711.5,0.22,106.0,0.25,40.0,0.26,30.0,0.01,0.02,2305.916247,1776348407000
1776348408.445,108.445,0.75,40.0,0.74,40.0,0.76,205.36,0.77,37.0,0.24,292.0,0.23,566.5,0.25,35.0,0.26,30.0,0.01,0.01,2305.916247,1776348407000
1776348408.93,108.93,0.75,30.0,0.74,30.0,0.76,224.0,0.77,639.69,0.24,205.36,0.23,37.0,0.25,40.0,0.26,40.0,0.01,0.01,2305.916247,1776348407000
1776348409.449,109.449,0.75,25.0,0.74,40.0,0.76,208.0,0.77,539.69,0.24,195.0,0.23,639.69,0.25,30.0,0.26,30.0,0.01,0.01,2305.928185,1776348408000
1776348409.809,109.809,0.75,25.0,0.74,30.0,0.76,201.68,0.77,649.69,0.24,208.0,0.23,539.69,0.25,25.0,0.26,40.0,0.01,0.01,2305.928185,1776348408000
1776348410.359,110.359,0.75,5.0,0.74,30.0,0.76,828.58,0.77,59.69,0.24,201.68,0.23,649.69,0.25,25.0,0.26,30.0,0.01,0.01,2305.928185,1776348408000
1776348411.421,111.421,0.73,20.0,0.72,35.15,0.74,205.64,0.75,53.0,0.25,534.0,0.24,233.58,0.27,18.04,0.28,40.15,0.01,0.02,2305.678006,1776348410000
1776348412.639,112.639,0.75,15.0,0.74,25.0,0.76,110.0,0.77,115.0,0.26,204.28,0.25,53.0,0.27,20.0,0.28,35.15,0.01,0.01,2305.49464,1776348411000
1776348413.504,113.504,0.75,4.56,0.74,41.0,0.76,185.0,0.77,514.0,0.24,110.0,0.23,115.0,0.25,15.0,0.26,25.0,0.01,0.01,2305.256379,1776348412000
1776348414.582,114.582,0.75,54.56,0.74,51.5,0.77,141.12,0.78,586.0,0.24,185.0,0.23,514.0,0.25,4.56,0.26,41.0,0.02,0.01,2305.298956,1776348413000
1776348416.114,116.114,0.74,29.84,0.73,45.0,0.75,200.0,0.76,605.0,0.23,141.12,0.22,586.0,0.25,54.56,0.26,51.5,0.01,0.02,2305.62613,1776348415000
1776348416.631,116.631,0.74,34.84,0.73,65.0,0.75,173.0,0.76,605.0,0.25,200.0,0.24,605.0,0.26,29.84,0.27,45.0,0.01,0.01,2305.62613,1776348415000
1776348417.991,117.991,0.75,50.0,0.74,39.84,0.76,194.37,0.77,514.12,0.25,173.0,0.24,605.0,0.26,34.84,0.27,65.0,0.01,0.01,2305.616184,1776348416000
1776348419.197,119.197,0.75,85.0,0.74,525.34,0.76,82.1,0.77,32.12,0.24,182.86,0.23,514.12,0.25,40.0,0.26,39.84,0.01,0.01,2305.401019,1776348418000
1776348419.678,119.678,0.76,62.0,0.75,55.0,0.77,32.12,0.78,181.5,0.24,16.31,0.23,32.12,0.25,85.0,0.26,525.34,0.01,0.01,2305.401019,1776348418000
1776348420.209,120.209,0.77,75.0,0.76,35.0,0.78,16.0,0.79,637.2,0.23,567.18,0.22,66.5,0.24,10.0,0.25,73.58,0.01,0.01,2305.489099,1776348419000
1776348420.846,120.846,0.78,795.46,0.77,86.65,0.79,110.0,0.8,25.0,0.22,16.0,0.21,637.2,0.23,75.0,0.24,35.0,0.01,0.01,2305.489099,1776348419000
1776348421.053,121.053,0.78,163.91,0.77,38.15,0.79,10.0,0.8,25.0,0.21,110.0,0.2,25.0,0.22,795.46,0.23,86.65,0.01,0.01,2305.489099,1776348419000
1776348421.877,121.877,0.78,20.0,0.77,623.15,0.8,26.0,0.81,688.4,0.21,10.0,0.2,25.0,0.22,163.91,0.23,38.15,0.02,0.01,2305.614238,1776348420000
1776348422.243,122.243,0.78,5.0,0.77,15.0,0.79,168.2,0.8,36.39,0.2,41.0,0.19,688.4,0.22,20.0,0.23,623.15,0.01,0.02,2305.614238,1776348420000
1776348422.515,122.515,0.78,5.0,0.77,15.0,0.79,604.93,0.8,52.89,0.21,168.2,0.2,36.39,0.22,5.0,0.23,15.0,0.01,0.01,2305.672133,1776348421000
1776348422.964,122.964,0.78,5.0,0.77,5.0,0.79,635.86,0.8,172.89,0.21,604.93,0.2,52.89,0.22,5.0,0.23,15.0,0.01,0.01,2305.672133,1776348421000
1776348424.051,124.051,0.76,15.0,0.75,40.0,0.79,738.86,0.8,167.89,0.21,635.86,0.2,172.89,0.22,5.0,0.23,5.0,0.03,0.01,2306.045513,1776348423000
1776348425.434,125.434,0.75,25.0,0.74,74.84,0.76,276.0,0.77,559.0,0.22,511.0,0.21,118.93,0.24,5.0,0.25,40.0,0.01,0.02,2305.85602,1776348424000
1776348425.681,125.681,0.75,6.0,0.74,74.84,0.76,732.0,0.77,79.0,0.24,276.0,0.23,559.0,0.25,25.0,0.26,74.84,0.01,0.01,2305.85602,1776348424000
1776348425.956,125.956,0.74,73.03,0.73,135.0,0.76,723.0,0.77,79.0,0.24,732.0,0.23,79.0,0.25,6.0,0.26,74.84,0.02,0.01,2305.85602,1776348424000
1776348426.19,126.19,0.74,70.85,0.73,135.0,0.75,24.0,0.76,723.0,0.24,723.0,0.23,79.0,0.26,73.03,0.27,135.0,0.01,0.02,2305.569408,1776348425000
1776348427.356,127.356,0.74,108.4,0.73,730.0,0.75,100.0,0.76,685.75,0.25,24.0,0.24,723.0,0.26,70.85,0.27,135.0,0.01,0.01,2305.378517,1776348426000
1776348429.299,129.299,0.74,50.0,0.73,115.0,0.76,780.09,0.77,85.8,0.25,95.0,0.24,701.75,0.26,108.4,0.27,730.0,0.02,0.01,2305.057055,1776348428000
1776348430.818,130.818,0.71,144.7,0.7,46.65,0.73,10.0,0.74,10.0,0.24,780.09,0.23,85.8,0.26,50.0,0.27,115.0,0.02,0.02,2305.059354,1776348429000
1776348431.337,131.337,0.72,50.0,0.71,40.5,0.73,8.63,0.74,15.0,0.27,10.0,0.26,10.0,0.29,144.7,0.3,46.65,0.01,0.02,2304.959656,1776348430000
1776348431.651,131.651,0.72,11.42,0.71,115.0,0.73,6.79,0.74,15.0,0.27,21.79,0.26,15.0,0.28,25.0,0.29,125.5,0.01,0.01,2304.959656,1776348430000
1776348432.202,132.202,0.71,5.0,0.7,35.5,0.73,651.83,0.74,38.0,0.27,15.83,0.26,25.5,0.28,5.0,0.3,25.5,0.02,0.01,2304.694688,1776348431000
1776348433.094,133.094,0.72,115.0,0.71,620.5,0.73,4.93,0.74,10.0,0.27,651.83,0.26,38.0,0.29,5.0,0.3,35.5,0.01,0.02,2304.753515,1776348432000
1776348436.461,136.461,0.75,768.49,0.74,91.64,0.78,25.0,0.79,10.0,0.27,4.93,0.26,10.0,0.28,115.0,0.29,620.5,0.03,0.01,2304.88319,1776348435000
1776348439.231,139.231,0.8,770.0,0.79,84.35,0.81,10.0,0.82,100.0,0.22,25.0,0.21,10.0,0.25,768.49,0.26,91.64,0.01,0.03,2305.612097,1776348438000
1776348444.664,144.664,0.87,125.0,0.86,147.5,0.88,31.0,0.89,751.79,0.19,10.0,0.18,100.0,0.2,770.0,0.21,84.35,0.01,0.01,2306.876684,1776348443000
1776348444.893,144.893,0.87,28.46,0.86,171.35,0.89,760.79,0.9,151.0,0.12,39.89,0.11,751.79,0.13,115.0,0.14,147.5,0.02,0.01,2306.876684,1776348443000
1776348445.128,145.128,0.88,40.0,0.87,156.96,0.89,43.55,0.9,710.0,0.11,54.66,0.1,746.0,0.12,15.0,0.13,28.96,0.01,0.01,2306.876684,1776348443000
1776348445.623,145.623,0.88,80.0,0.87,32.46,0.89,132.44,0.9,710.0,0.11,43.55,0.1,710.0,0.12,40.0,0.13,156.96,0.01,0.01,2307.068293,1776348444000
1776348445.86,145.86,0.88,80.0,0.87,38.46,0.89,145.44,0.9,730.0,0.11,132.44,0.1,710.0,0.12,80.0,0.13,32.46,0.01,0.01,2307.068293,1776348444000
1776348446.46,146.46,0.88,80.0,0.87,48.96,0.89,98.89,0.9,695.0,0.11,114.33,0.1,730.0,0.12,90.0,0.13,38.46,0.01,0.01,2307.33506,1776348445000
1776348446.876,146.876,0.88,135.0,0.87,635.96,0.89,3.89,0.9,690.0,0.11,98.89,0.1,695.0,0.12,80.0,0.13,48.96,0.01,0.01,2307.33506,1776348445000
1776348447.23,147.23,0.86,15.0,0.85,36.0,0.88,511.0,0.89,206.89,0.11,3.89,0.1,690.0,0.12,135.0,0.13,635.96,0.02,0.01,2307.608902,1776348446000
1776348447.562,147.562,0.85,16.5,0.84,25.5,0.86,10.0,0.87,26.0,0.12,700.66,0.11,176.39,0.14,15.0,0.15,161.0,0.01,0.02,2307.608902,1776348446000
1776348448.265,148.265,0.85,63.0,0.84,667.5,0.88,80.26,0.89,163.0,0.14,32.89,0.13,21.0,0.15,768.5,0.16,79.5,0.03,0.01,2307.652697,1776348447000
1776348448.747,148.747,0.87,132.0,0.86,135.0,0.88,689.01,0.89,217.29,0.12,78.12,0.11,170.0,0.15,63.0,0.16,667.5,0.01,0.03,2307.652697,1776348447000
1776348449.185,149.185,0.87,97.0,0.86,142.0,0.88,775.4,0.89,222.29,0.12,713.51,0.11,222.29,0.13,97.0,0.14,125.0,0.01,0.01,2307.348046,1776348448000
1776348449.663,149.663,0.86,42.0,0.85,36.0,0.88,660.9,0.89,222.29,0.12,775.4,0.11,222.29,0.13,97.0,0.14,142.0,0.02,0.01,2307.348046,1776348448000
1776348449.933,149.933,0.87,103.0,0.86,50.0,0.88,648.65,0.89,163.0,0.12,739.79,0.11,199.79,0.14,35.0,0.15,41.0,0.01,0.02,2307.348046,1776348448000
1776348450.471,150.471,0.87,39.03,0.86,35.0,0.88,637.54,0.89,199.79,0.12,662.54,0.11,173.0,0.13,53.03,0.14,25.0,0.01,0.01,2307.236208,1776348449000
1776348450.819,150.819,0.87,154.53,0.86,50.5,0.88,4.77,0.89,645.0,0.12,633.43,0.11,173.5,0.13,51.03,0.14,45.5,0.01,0.01,2307.236208,1776348449000
1776348451.171,151.171,0.87,11.03,0.86,25.0,0.88,610.7,0.89,33.0,0.12,478.89,0.11,33.0,0.13,144.03,0.14,50.5,0.01,0.01,2307.236208,1776348449000
1776348451.612,151.612,0.86,25.0,0.85,26.0,0.87,10.0,0.88,693.36,0.12,612.36,0.11,155.5,0.13,8.0,0.14,25.0,0.01,0.01,2307.088094,1776348450000
1776348452.2,152.2,0.86,155.5,0.85,531.5,0.88,7.71,0.89,25.0,0.14,483.89,0.13,51.71,0.15,16.0,0.16,78.5,0.02,0.01,2307.086604,1776348451000
1776348454.727,154.727,0.88,251.03,0.87,103.5,0.89,725.08,0.9,120.0,0.12,7.71,0.11,25.0,0.14,155.5,0.15,531.5,0.01,0.02,2306.986473,1776348453000
1776348455.075,155.075,0.88,324.03,0.87,85.5,0.89,663.73,0.9,120.0,0.11,725.08,0.1,120.0,0.12,251.03,0.13,103.5,0.01,0.01,2306.986473,1776348453000
1776348456.846,156.846,0.87,5.0,0.86,79.88,0.88,12.0,0.89,719.73,0.11,663.73,0.1,120.0,0.12,324.03,0.13,85.5,0.01,0.01,2307.200034,1776348455000
1776348457.338,157.338,0.86,29.38,0.85,54.0,0.88,749.0,0.89,150.0,0.12,122.0,0.11,804.73,0.14,94.88,0.15,177.14,0.02,0.02,2307.259782,1776348456000
1776348457.81,157.81,0.86,19.38,0.85,51.0,0.87,476.6,0.88,268.0,0.12,749.0,0.11,150.0,0.14,29.38,0.15,54.0,0.01,0.02,2307.259782,1776348456000
1776348458.024,158.024,0.85,31.0,0.84,57.5,0.87,622.16,0.88,268.0,0.13,460.16,0.12,268.0,0.14,19.38,0.15,51.0,0.02,0.01,2307.259782,1776348456000
1776348458.836,158.836,0.86,14.85,0.85,117.94,0.88,278.0,0.89,161.79,0.13,622.16,0.12,268.0,0.15,31.0,0.16,57.5,0.02,0.02,2307.21974,1776348457000
1776348461.469,161.469,0.89,68.0,0.88,25.5,0.9,619.8,0.91,178.0,0.12,278.0,0.11,161.79,0.14,14.85,0.15,117.94,0.01,0.02,2307.132802,1776348460000
1776348461.679,161.679,0.89,73.9,0.88,35.5,0.9,603.67,0.91,178.0,0.1,618.34,0.09,178.0,0.11,68.9,0.12,35.5,0.01,0.01,2307.132802,1776348460000
1776348461.906,161.906,0.89,164.4,0.88,140.5,0.9,447.23,0.91,141.0,0.1,475.86,0.09,141.0,0.11,169.4,0.12,140.5,0.01,0.01,2307.132802,1776348460000
1776348462.545,162.545,0.89,43.0,0.88,25.5,0.9,556.99,0.91,157.0,0.1,444.09,0.09,57.0,0.11,118.9,0.12,25.5,0.01,0.01,2307.31605,1776348461000
1776348462.982,162.982,0.89,43.0,0.88,35.5,0.9,655.32,0.91,57.0,0.1,556.99,0.09,157.0,0.11,43.0,0.12,25.5,0.01,0.01,2307.361161,1776348462000
1776348464.035,164.035,0.89,10.0,0.87,15.0,0.9,591.73,0.91,64.0,0.1,655.32,0.09,57.0,0.11,43.0,0.12,35.5,0.01,0.01,2307.361161,1776348462000
1776348464.435,164.435,0.87,20.0,0.86,25.0,0.89,111.82,0.9,37.5,0.1,591.73,0.09,64.0,0.11,10.0,0.13,15.0,0.02,0.01,2307.423863,1776348463000
1776348465.859,165.859,0.87,85.5,0.86,167.5,0.88,16.86,0.89,728.82,0.11,111.82,0.1,37.5,0.13,20.0,0.14,25.0,0.01,0.02,2307.374438,1776348464000
1776348466.65,166.65,0.88,70.0,0.87,126.13,0.89,705.13,0.9,62.0,0.12,16.86,0.11,728.82,0.13,85.5,0.14,167.5,0.01,0.01,2306.962036,1776348465000
1776348469.433,169.433,0.88,50.0,0.87,43.5,0.89,133.75,0.9,626.0,0.11,705.13,0.1,62.0,0.12,70.0,0.13,126.13,0.01,0.01,2307.082413,1776348468000
1776348471.544,171.544,0.88,22.82,0.87,35.0,0.89,127.57,0.9,146.0,0.11,133.75,0.1,626.0,0.12,50.0,0.13,43.5,0.01,0.01,2307.189798,1776348469000
1776348473.641,173.641,0.88,29.63,0.87,55.5,0.89,126.0,0.9,110.0,0.11,127.57,0.1,146.0,0.12,22.82,0.13,35.0,0.01,0.01,2306.96,1776348472000
1776348473.885,173.885,0.88,49.63,0.87,55.5,0.89,1.49,0.9,110.0,0.11,6.49,0.1,110.0,0.12,44.63,0.13,55.5,0.01,0.01,2306.96,1776348472000
1776348474.393,174.393,0.88,60.29,0.87,190.5,0.89,5.0,0.9,225.0,0.11,1.49,0.1,110.0,0.12,49.63,0.13,55.5,0.01,0.01,2306.9901,1776348473000
1776348478.216,178.216,0.88,34.13,0.87,105.5,0.89,3.82,0.9,110.0,0.11,5.0,0.1,225.0,0.12,60.29,0.13,190.5,0.01,0.01,2306.965726,1776348476000
1776348480.217,180.217,0.89,15.0,0.88,61.42,0.9,107.91,0.91,115.0,0.11,3.82,0.1,110.0,0.12,34.13,0.13,105.5,0.01,0.01,2306.974781,1776348478000
1776348480.448,180.448,0.89,174.57,0.88,160.5,0.91,60.0,0.92,172.0,0.1,107.91,0.09,115.0,0.11,15.0,0.12,61.42,0.02,0.01,2306.960486,1776348479000
1776348480.767,180.767,0.9,79.0,0.89,105.19,0.91,266.2,0.92,72.0,0.09,166.2,0.08,72.0,0.11,169.57,0.12,160.5,0.01,0.02,2306.960486,1776348479000
1776348481.276,181.276,0.9,118.5,0.89,72.19,0.91,217.2,0.92,72.0,0.09,266.2,0.08,72.0,0.1,79.0,0.11,105.19,0.01,0.01,2306.960486,1776348479000
1776348481.794,181.794,0.9,10.0,0.89,116.01,0.91,216.58,0.92,89.0,0.09,121.89,0.08,184.0,0.1,38.96,0.11,78.05,0.01,0.01,2306.98915,1776348480000
1776348482.079,182.079,0.89,97.01,0.88,38.0,0.9,167.51,0.91,15.0,0.09,216.58,0.08,89.0,0.1,10.0,0.11,116.01,0.01,0.01,2306.98915,1776348480000
1776348482.295,182.295,0.88,20.0,0.87,118.96,0.9,358.39,0.91,15.0,0.1,358.39,0.09,15.0,0.11,18.05,0.12,20.0,0.02,0.01,2306.98915,1776348480000
1776348482.658,182.658,0.87,111.26,0.86,55.0,0.88,254.0,0.89,120.0,0.1,358.39,0.09,15.0,0.12,20.0,0.13,118.96,0.01,0.02,2307.135341,1776348481000
1776348483.467,183.467,0.89,10.0,0.87,472.36,0.9,340.78,0.91,10.0,0.12,242.63,0.11,120.0,0.13,111.26,0.14,55.0,0.01,0.01,2307.135721,1776348482000
1776348483.906,183.906,0.89,110.0,0.88,10.0,0.9,110.54,0.91,10.0,0.1,340.78,0.09,10.0,0.11,10.0,0.13,472.36,0.01,0.01,2307.135721,1776348482000
1776348484.12,184.12,0.89,91.8,0.88,10.0,0.9,41.9,0.91,225.0,0.1,44.3,0.09,110.0,0.11,91.8,0.12,10.0,0.01,0.01,2307.135721,1776348482000
1776348484.392,184.392,0.89,86.31,0.88,10.0,0.9,31.9,0.91,225.0,0.1,41.9,0.09,225.0,0.11,91.8,0.12,10.0,0.01,0.01,2306.784321,1776348483000
1776348484.786,184.786,0.89,43.61,0.88,20.0,0.9,20.84,0.91,10.0,0.1,31.9,0.09,225.0,0.11,86.31,0.12,10.0,0.01,0.01,2306.784321,1776348483000
1776348486.087,186.087,0.89,0.34,0.88,179.89,0.9,39.51,0.91,10.0,0.1,20.84,0.09,10.0,0.11,43.61,0.12,20.0,0.01,0.01,2306.727911,1776348484000
1776348486.989,186.989,0.89,15.34,0.88,48.96,0.9,117.51,0.91,10.0,0.1,39.51,0.09,10.0,0.11,0.34,0.12,179.89,0.01,0.01,2306.913949,1776348485000
1776348487.321,187.321,0.89,116.55,0.88,76.96,0.9,102.51,0.91,10.0,0.1,117.51,0.09,10.0,0.11,15.34,0.12,48.96,0.01,0.01,2306.799731,1776348486000
1776348487.902,187.902,0.89,109.3,0.88,20.0,0.9,95.0,0.91,10.0,0.1,102.51,0.09,10.0,0.11,116.55,0.12,76.96,0.01,0.01,2306.799731,1776348486000
1776348488.465,188.465,0.89,188.35,0.88,30.5,0.9,10.0,0.91,230.0,0.1,95.0,0.09,10.0,0.11,109.3,0.12,20.0,0.01,0.01,2306.742976,1776348487000
1776348488.75,188.75,0.89,164.35,0.88,38.5,0.9,135.03,0.91,115.0,0.1,10.0,0.09,230.0,0.11,188.35,0.12,30.5,0.01,0.01,2306.742976,1776348487000
1776348489.745,189.745,0.9,287.7,0.89,198.96,0.91,16.0,0.92,384.8,0.1,135.03,0.09,115.0,0.11,164.35,0.12,38.5,0.01,0.01,2306.650694,1776348488000
1776348490.368,190.368,0.91,329.46,0.9,189.5,0.92,125.8,0.93,24.0,0.09,16.0,0.08,384.8,0.1,287.7,0.11,198.96,0.01,0.01,2306.735249,1776348489000
1776348490.954,190.954,0.91,400.46,0.9,205.5,0.93,24.0,0.94,246.0,0.08,125.8,0.07,24.0,0.09,329.46,0.1,189.5,0.02,0.01,2306.735249,1776348489000
1776348491.168,191.168,0.92,290.73,0.91,233.5,0.93,24.0,0.94,131.0,0.07,24.0,0.06,246.0,0.09,400.46,0.1,205.5,0.01,0.02,2306.735249,1776348489000
1776348491.444,191.444,0.92,334.69,0.91,221.5,0.94,124.12,0.95,191.3,0.07,3.12,0.06,131.0,0.08,334.69,0.09,221.5,0.02,0.01,2306.87809,1776348490000
1776348492.41,192.41,0.93,113.78,0.92,219.73,0.94,118.53,0.95,191.3,0.06,113.53,0.05,191.3,0.08,371.69,0.09,221.5,0.01,0.02,2307.151237,1776348491000
1776348493.012,193.012,0.93,248.78,0.92,104.73,0.94,103.29,0.95,61.3,0.06,118.53,0.05,191.3,0.07,118.78,0.08,219.73,0.01,0.01,2307.151237,1776348491000
1776348493.559,193.559,0.93,314.67,0.92,186.46,0.95,51.5,0.96,206.0,0.06,103.29,0.05,61.3,0.07,248.78,0.08,104.73,0.02,0.01,2307.899527,1776348492000
1776348494.157,194.157,0.93,396.67,0.92,75.73,0.95,33.31,0.96,206.0,0.05,51.5,0.04,206.0,0.07,314.67,0.08,186.46,0.02,0.02,2308.134665,1776348493000
1776348495.471,195.471,0.95,19.0,0.94,43.0,0.96,189.97,0.97,477.0,0.04,192.58,0.03,477.0,0.06,10.0,0.07,276.67,0.01,0.02,2309.592351,1776348494000
1776348495.945,195.945,0.95,22.18,0.94,41.0,0.96,295.14,0.97,461.0,0.04,185.35,0.03,361.0,0.05,36.18,0.06,41.0,0.01,0.01,2310.0411,1776348495000
1776348496.394,196.394,0.95,13.18,0.94,41.0,0.96,295.14,0.97,461.0,0.04,295.14,0.03,461.0,0.05,22.18,0.06,41.0,0.01,0.01,2310.0411,1776348495000
1776348496.61,196.61,0.96,77.0,0.95,13.18,0.97,461.0,0.98,545.0,0.03,461.0,0.02,545.0,0.05,13.18,0.06,20.0,0.01,0.02,2310.0411,1776348495000
1776348497.041,197.041,0.96,296.16,0.95,48.18,0.97,530.0,0.98,545.0,0.03,595.0,0.02,550.0,0.04,130.08,0.05,13.18,0.01,0.01,2310.0411,1776348495000
1776348497.652,197.652,0.96,353.24,0.95,58.18,0.97,425.43,0.98,650.0,0.03,530.0,0.02,545.0,0.04,296.16,0.05,48.18,0.01,0.01,2309.682859,1776348496000
1776348497.888,197.888,0.96,373.74,0.95,65.68,0.97,423.35,0.98,650.0,0.03,424.39,0.02,650.0,0.04,353.24,0.05,58.18,0.01,0.01,2309.682859,1776348496000
1776348498.23,198.23,0.96,544.74,0.95,53.68,0.97,383.35,0.98,650.0,0.03,423.35,0.02,650.0,0.04,373.74,0.05,65.68,0.01,0.01,2309.682859,1776348496000
1776348498.528,198.528,0.96,518.74,0.95,53.68,0.97,383.35,0.98,650.0,0.03,383.35,0.02,650.0,0.04,544.74,0.05,53.68,0.01,0.01,2308.812896,1776348497000
1776348498.754,198.754,0.96,585.74,0.95,83.68,0.97,373.78,0.98,650.0,0.03,378.35,0.02,650.0,0.04,518.74,0.05,53.68,0.01,0.01,2308.812896,1776348497000
1776348499.194,199.194,0.96,595.74,0.95,98.68,0.97,170.56,0.98,545.0,0.03,373.78,0.02,650.0,0.04,585.74,0.05,83.68,0.01,0.01,2308.812896,1776348497000
1776348499.417,199.417,0.96,624.74,0.95,108.68,0.97,174.52,0.98,545.0,0.03,170.56,0.02,545.0,0.04,595.74,0.05,98.68,0.01,0.01,2309.249487,1776348498000
1776348499.68,199.68,0.96,626.74,0.95,98.68,0.97,35.6,0.98,545.0,0.03,36.64,0.02,545.0,0.04,631.74,0.05,98.68,0.01,0.01,2309.249487,1776348498000
1776348499.909,199.909,0.96,638.74,0.95,98.68,0.97,31.82,0.98,545.0,0.03,35.6,0.02,545.0,0.04,626.74,0.05,98.68,0.01,0.01,2309.249487,1776348498000
1776348500.44,200.44,0.96,608.74,0.95,108.68,0.97,27.25,0.98,550.0,0.03,31.82,0.02,545.0,0.04,638.74,0.05,98.68,0.01,0.01,2309.311651,1776348499000
1776348501.33,201.33,0.96,581.74,0.95,73.68,0.97,15.68,0.98,550.0,0.03,25.25,0.02,550.0,0.04,597.74,0.05,108.68,0.01,0.01,2309.50986,1776348500000
1776348501.834,201.834,0.97,223.5,0.96,708.74,0.98,355.57,0.99,1988.7,0.02,365.68,0.01,7452.3,0.04,576.74,0.05,103.68,0.01,0.02,2309.50986,1776348500000
1776348502.208,202.208,0.97,317.12,0.96,983.74,0.98,671.04,0.99,1988.7,0.02,459.57,0.01,1988.7,0.03,307.85,0.04,987.74,0.01,0.01,2309.50986,1776348500000
1776348502.457,202.457,0.97,287.5,0.96,1025.74,0.98,426.71,0.99,1988.7,0.02,671.04,0.01,1988.7,0.03,317.12,0.04,983.74,0.01,0.01,2309.50986,1776348500000
1776348502.785,202.785,0.97,310.56,0.96,1025.74,0.98,401.74,0.99,1988.7,0.02,401.74,0.01,1988.7,0.03,317.5,0.04,1025.74,0.01,0.01,2309.50986,1776348500000
1776348503.156,203.156,0.97,329.56,0.96,931.74,0.98,279.21,0.99,2110.7,0.02,401.74,0.01,1988.7,0.03,310.56,0.04,1025.74,0.01,0.01,2309.834852,1776348501000
1776348503.504,203.504,0.97,352.56,0.96,598.74,0.98,86.76,0.99,2110.7,0.02,259.0,0.01,2110.7,0.03,335.56,0.04,631.74,0.01,0.01,2310.164296,1776348502000
1776348503.756,203.756,0.97,404.6,0.96,598.74,0.99,174.58,,,0.02,86.76,0.01,2110.7,0.03,352.56,0.04,598.74,0.02,0.01,2310.164296,1776348502000
1776348504.013,204.013,0.98,177.42,0.97,378.6,0.99,2.58,,,0.01,43.58,,,0.02,167.42,0.03,408.87,0.01,0.01,2310.164296,1776348502000
1776348504.308,204.308,0.98,191.6,0.97,283.6,,,,,0.01,2.58,,,0.02,177.42,0.03,378.6,,0.01,2310.491036,1776348503000
1776348504.584,204.584,0.99,565.87,0.98,172.42,,,,,,,,,0.01,421.0,0.02,181.6,,,2310.491036,1776348503000
1776348504.888,204.888,0.98,170.3,0.97,248.6,0.99,90.91,,,,,,,0.02,170.3,0.03,248.6,0.01,,2310.491036,1776348503000
1776348505.443,205.443,0.98,185.3,0.97,269.3,0.99,359.2,,,0.01,90.91,,,0.02,170.3,0.03,248.6,0.01,0.01,2310.428281,1776348504000
1776348505.751,205.751,0.98,175.3,0.97,269.3,0.99,1416.69,,,0.01,359.2,,,0.02,185.3,0.03,269.3,0.01,0.01,2310.428281,1776348504000
1776348506.037,206.037,0.98,126.3,0.97,221.24,0.99,1148.01,,,0.01,1143.01,,,0.02,135.8,0.03,145.6,0.01,0.01,2310.428281,1776348504000
1776348506.422,206.422,0.98,118.72,0.97,269.3,0.99,354.14,,,0.01,1146.01,,,0.02,124.22,0.03,226.82,0.01,0.01,2310.22849,1776348505000
1776348506.634,206.634,0.98,113.72,0.97,145.6,0.99,350.14,,,0.01,352.14,,,0.02,113.72,0.03,145.6,0.01,0.01,2310.22849,1776348505000
1776348507.215,207.215,0.98,127.46,0.97,305.94,0.99,351.17,,,0.01,346.17,,,0.02,113.72,0.03,174.06,0.01,0.01,2310.22849,1776348505000
1776348507.61,207.61,0.98,20.0,0.97,145.6,0.99,374.24,,,0.01,351.17,,,0.02,127.46,0.03,305.94,0.01,0.01,2310.102839,1776348506000
1776348508.024,208.024,0.98,5.0,0.97,145.6,0.99,547.62,,,0.01,569.24,,,0.02,10.0,0.03,145.6,0.01,0.01,2310.102839,1776348506000
1776348508.277,208.277,0.98,2.22,0.97,145.6,0.99,492.62,,,0.01,492.62,,,0.02,5.0,0.03,145.6,0.01,0.01,2310.102839,1776348506000
1776348509.004,209.004,0.98,127.72,0.97,276.65,0.99,339.98,,,0.01,455.21,,,0.02,27.72,0.03,269.3,0.01,0.01,2309.838443,1776348507000
1776348509.359,209.359,0.98,127.72,0.97,276.65,0.99,215.98,,,0.01,315.98,,,0.02,127.72,0.03,276.65,0.01,0.01,2309.838443,1776348507000
1776348509.563,209.563,0.98,107.92,0.97,276.65,0.99,85.98,,,0.01,85.98,,,0.02,110.0,0.03,276.65,0.01,0.01,2309.852087,1776348508000
1776348510.058,210.058,0.98,10.5,0.97,338.65,,,,,0.01,85.98,,,0.02,107.92,0.03,276.65,,0.01,2309.852087,1776348508000
1776348510.293,210.293,0.98,20.5,0.97,403.29,0.99,267.6,,,,,,,0.02,10.5,0.03,338.65,0.01,,2309.80825,1776348509000
1776348510.964,210.964,0.98,20.5,0.97,338.65,0.99,475.6,,,0.01,267.6,,,0.02,20.5,0.03,403.29,0.01,0.01,2309.80825,1776348509000
1776348511.169,211.169,0.98,15.5,0.97,381.29,0.99,422.63,,,0.01,484.0,,,0.02,8.81,0.03,338.65,0.01,0.01,2309.80825,1776348509000
1776348511.563,211.563,0.97,130.9,0.96,505.74,0.98,160.0,0.99,340.99,0.01,422.63,,,0.03,361.44,0.04,599.44,0.01,0.02,2309.96044,1776348510000
1776348511.814,211.814,0.96,449.26,0.95,144.48,0.98,405.45,0.99,535.99,0.02,400.45,0.01,535.99,0.04,459.26,0.05,144.48,0.02,0.02,2309.96044,1776348510000
1776348512.34,212.34,0.96,382.76,0.95,104.18,0.97,286.64,0.98,475.45,0.03,285.96,0.02,405.45,0.04,459.26,0.05,195.48,0.01,0.01,2309.979801,1776348511000
1776348512.544,212.544,0.96,210.85,0.95,173.53,0.97,432.64,0.98,496.08,0.03,286.64,0.02,475.45,0.04,240.85,0.05,104.18,0.01,0.01,2309.979801,1776348511000
1776348512.791,212.791,0.95,112.53,0.94,78.8,0.97,547.77,0.98,396.08,0.03,547.77,0.02,396.08,0.04,17.85,0.05,112.53,0.02,0.01,2309.979801,1776348511000
1776348513.387,213.387,0.95,18.18,0.94,124.8,0.96,326.5,0.97,463.7,0.03,547.77,0.02,396.08,0.05,112.53,0.06,78.8,0.01,0.02,2309.743934,1776348512000
1776348513.866,213.866,0.94,175.79,0.93,142.3,0.96,466.83,0.97,463.7,0.04,326.5,0.03,463.7,0.05,18.18,0.06,124.8,0.02,0.01,2309.743934,1776348512000
1776348514.066,214.066,0.94,116.94,0.93,120.8,0.95,6.0,0.96,167.94,0.04,167.94,0.03,358.7,0.05,15.5,0.06,116.94,0.01,0.01,2309.743934,1776348512000
1776348515.154,215.154,0.94,327.29,0.93,200.8,0.95,23.55,0.96,133.0,0.05,86.0,0.04,167.94,0.06,236.79,0.07,159.8,0.01,0.01,2309.00499,1776348513000
1776348516.349,216.349,0.96,30.5,0.95,295.49,0.97,105.0,0.98,110.0,0.04,133.0,0.03,210.0,0.06,383.29,0.07,190.8,0.01,0.02,2308.033921,1776348515000
1776348517.755,217.755,0.96,325.19,0.95,482.3,0.97,93.96,0.98,110.0,0.03,105.0,0.02,110.0,0.04,30.5,0.05,295.49,0.01,0.01,2308.554666,1776348516000
1776348519.233,219.233,0.96,581.67,0.95,175.3,0.99,150.96,,,0.03,93.96,0.02,110.0,0.04,325.19,0.05,482.3,0.03,0.01,2308.9547,1776348517000
1776348520.177,220.177,0.97,25.64,0.96,344.68,0.98,112.41,0.99,50.96,0.01,150.96,,,0.04,581.67,0.05,175.3,0.01,0.03,2309.489231,1776348518000
1776348521.079,221.079,0.97,39.98,0.96,344.68,0.98,111.38,0.99,55.96,0.02,112.41,0.01,50.96,0.03,25.64,0.04,344.68,0.01,0.01,2309.298998,1776348519000
1776348521.801,221.801,0.96,485.32,0.95,264.3,0.97,10.0,0.98,111.38,0.02,111.38,0.01,55.96,0.03,39.98,0.04,344.68,0.01,0.01,2309.298998,1776348519000
1776348522.155,222.155,0.96,269.18,0.95,254.3,0.97,5.0,0.98,111.38,0.03,10.0,0.02,111.38,0.04,485.32,0.05,264.3,0.01,0.01,2309.402034,1776348520000
1776348523.973,223.973,0.96,251.16,0.95,85.5,0.98,305.08,0.99,288.64,0.02,111.38,0.01,324.64,0.04,250.12,0.05,254.3,0.02,0.02,2309.284679,1776348522000
1776348524.848,224.848,0.96,218.47,0.95,66.0,0.97,4.84,0.98,375.08,0.02,305.08,0.01,288.64,0.04,251.16,0.05,85.5,0.01,0.02,2309.007095,1776348523000
1776348525.908,225.908,0.95,71.04,0.94,88.8,0.96,7.48,0.97,197.54,0.03,14.84,0.02,375.08,0.04,67.47,0.05,66.0,0.01,0.01,2308.878949,1776348524000
1776348526.605,226.605,0.95,61.04,0.94,128.8,0.96,13.89,0.97,34.84,0.04,12.48,0.03,192.54,0.05,51.04,0.06,249.3,0.01,0.01,2308.733933,1776348525000
1776348527.344,227.344,0.95,61.04,0.94,128.8,0.96,107.19,0.97,34.84,0.04,13.89,0.03,34.84,0.05,61.04,0.06,128.8,0.01,0.01,2308.408508,1776348526000
1776348527.622,227.622,0.95,56.04,0.94,128.8,0.96,104.11,0.97,34.84,0.04,107.19,0.03,34.84,0.05,61.04,0.06,128.8,0.01,0.01,2308.408508,1776348526000
1776348527.939,227.939,0.95,51.04,0.94,128.8,0.96,104.11,0.97,34.84,0.04,104.11,0.03,34.84,0.05,56.04,0.06,128.8,0.01,0.01,2308.408508,1776348526000
1776348528.232,228.232,0.95,77.99,0.94,128.8,0.96,91.03,0.97,34.84,0.04,104.11,0.03,34.84,0.05,51.04,0.06,128.8,0.01,0.01,2308.408508,1776348526000
1776348528.504,228.504,0.95,203.24,0.94,128.8,0.96,82.95,0.97,34.84,0.04,91.03,0.03,34.84,0.05,77.99,0.06,128.8,0.01,0.01,2308.408508,1776348526000
1776348530.155,230.155,0.95,203.59,0.94,128.8,0.96,101.86,0.97,34.84,0.04,80.86,0.03,34.84,0.05,203.24,0.06,128.8,0.01,0.01,2307.960851,1776348528000
1776348530.432,230.432,0.95,40.34,0.94,128.8,0.96,61.93,0.97,68.84,0.04,93.36,0.03,68.84,0.05,5.04,0.06,128.8,0.01,0.01,2307.960192,1776348529000
1776348531.516,231.516,0.95,150.19,0.94,128.8,0.96,41.09,0.97,158.54,0.04,61.93,0.03,68.84,0.05,30.34,0.06,128.8,0.01,0.01,2307.979589,1776348530000
1776348534.124,234.124,0.95,165.5,0.94,292.1,0.99,227.36,,,0.04,41.09,0.03,158.54,0.05,150.19,0.06,128.8,0.04,0.01,2307.832723,1776348532000
1776348536.991,236.991,0.97,402.54,0.96,193.5,0.98,6.38,0.99,76.73,0.01,227.36,,,0.05,165.5,0.06,292.1,0.01,0.04,2307.973529,1776348535000
1776348537.987,237.987,0.98,71.62,0.97,374.19,0.99,76.73,,,0.01,76.73,,,0.02,91.62,0.03,384.19,0.01,0.01,2308.058992,1776348536000
1776348540.535,240.535,0.99,423.27,0.98,398.66,,,,,0.01,76.73,,,0.02,71.62,0.03,374.19,,0.01,2308.81911,1776348538000
1776348541.054,241.054,0.99,792.01,0.98,259.97,,,,,,,,,0.01,423.27,0.02,398.66,,,2309.012902,1776348539000
1776348542.626,242.626,0.99,757.96,0.98,70.61,,,,,,,,,0.01,767.96,0.02,170.99,,,2309.386852,1776348541000
1776348543.298,243.298,0.99,843.01,0.98,164.99,,,,,,,,,0.01,757.96,0.02,70.61,,,2309.005893,1776348542000
1776348544.176,244.176,0.99,2348.44,0.98,342.69,,,,,,,,,0.01,843.01,0.02,164.99,,,2309.005893,1776348542000
1776348546.024,246.024,0.99,831.09,0.98,164.99,,,,,,,,,0.01,2348.44,0.02,342.69,,,2308.680232,1776348544000
1776348547.526,247.526,0.99,811.09,0.98,70.61,,,,,,,,,0.01,831.09,0.02,164.99,,,2308.647023,1776348546000
1776348549.195,249.195,0.99,790.43,0.98,129.99,,,,,,,,,0.01,811.09,0.02,70.61,,,2308.432692,1776348548000
1776348550.42,250.42,0.99,770.43,0.98,332.69,,,,,,,,,0.01,790.43,0.02,129.99,,,2308.417092,1776348549000
1776348552.654,252.654,0.99,755.48,0.98,345.69,,,,,,,,,0.01,750.43,0.02,332.69,,,2308.312919,1776348551000
1776348559.325,259.325,0.99,1355.03,0.98,316.08,,,,,,,,,0.01,755.48,0.02,345.69,,,2308.723043,1776348558000
1776348565.93,265.93,0.99,1303.08,0.98,316.08,,,,,,,,,0.01,1355.03,0.02,316.08,,,2308.453032,1776348564000
1776348578.75,278.75,0.99,9850.1,0.98,117.0,,,,,,,,,0.01,1303.08,0.02,316.08,,,2308.320352,1776348577000
1776348579.244,279.244,0.99,9845.64,0.98,117.0,,,,,,,,,0.01,9850.1,0.02,117.0,,,2308.2854,1776348578000
1776348579.706,279.706,0.99,9864.29,0.98,117.0,,,,,,,,,0.01,9845.64,0.02,117.0,,,2308.2854,1776348578000

# RESULT,winner=Up,slug=eth-updown-5m-1776348300,ticks=371
