timestamp,elapsed_sec,up_bid_p1,up_bid_s1,up_bid_p2,up_bid_s2,up_ask_p1,up_ask_s1,up_ask_p2,up_ask_s2,down_bid_p1,down_bid_s1,down_bid_p2,down_bid_s2,down_ask_p1,down_ask_s1,down_ask_p2,down_ask_s2,up_spread,down_spread,eth_price,eth_oracle_ts
1776224701.283,1.283,,,,,,,,,,,,,,,,,,,2324.644685,1776224700000
1776224701.499,1.499,0.49,32.0,0.48,23.0,0.51,5.0,0.52,10.0,0.49,10.0,0.48,5.0,0.51,22.0,0.52,23.0,0.02,0.02,2324.644685,1776224700000
1776224701.816,1.816,0.49,22.0,0.48,18.0,0.51,10.0,0.52,15.0,0.49,10.0,0.48,5.0,0.51,22.0,0.52,23.0,0.02,0.02,2324.644685,1776224700000
1776224702.227,2.227,0.49,22.0,0.48,18.0,0.51,10.0,0.52,15.0,0.49,10.0,0.48,15.0,0.51,22.0,0.52,18.0,0.02,0.02,2324.643603,1776224701000
1776224702.94,2.94,0.49,12.19,0.48,18.0,0.5,10.0,0.51,10.0,0.49,10.0,0.48,15.0,0.51,22.0,0.52,18.0,0.01,0.02,2324.643603,1776224701000
1776224703.282,3.282,0.49,12.19,0.48,18.0,0.5,10.0,0.51,10.0,0.5,10.0,0.49,10.0,0.51,12.19,0.52,18.0,0.01,0.01,2324.641953,1776224702000
1776224703.983,3.983,0.48,36.0,0.47,22.0,0.49,15.0,0.5,35.0,0.5,10.0,0.49,10.0,0.51,12.19,0.52,18.0,0.01,0.01,2324.641953,1776224702000
1776224704.279,4.279,0.48,36.0,0.47,22.0,0.49,15.0,0.5,35.0,0.51,15.0,0.5,35.0,0.52,36.0,0.53,22.0,0.01,0.01,2324.633708,1776224703000
1776224705.24,5.24,0.48,36.0,0.47,22.0,0.49,15.0,0.5,35.0,0.51,15.0,0.5,35.0,0.52,36.0,0.53,22.0,0.01,0.01,2324.619508,1776224704000
1776224706.263,6.263,0.48,36.0,0.47,22.0,0.49,15.0,0.5,35.0,0.51,15.0,0.5,35.0,0.52,36.0,0.53,22.0,0.01,0.01,2324.57673,1776224705000
1776224706.591,6.591,0.48,109.24,0.47,37.0,0.49,10.0,0.5,25.0,0.51,15.0,0.5,35.0,0.52,36.0,0.53,22.0,0.01,0.01,2324.57673,1776224705000
1776224707.254,7.254,0.48,109.24,0.47,37.0,0.49,10.0,0.5,25.0,0.51,10.0,0.5,25.0,0.52,109.24,0.53,37.0,0.01,0.01,2324.579602,1776224706000
1776224708.217,8.217,0.48,108.66,0.47,37.0,0.49,25.0,0.5,25.0,0.51,25.0,0.5,25.0,0.52,108.66,0.53,37.0,0.01,0.01,2324.58107,1776224707000
1776224708.618,8.618,0.48,117.41,0.47,37.0,0.49,15.0,0.5,25.0,0.51,25.0,0.5,25.0,0.52,108.66,0.53,37.0,0.01,0.01,2324.58107,1776224707000
1776224709.233,9.233,0.48,117.41,0.47,37.0,0.49,15.0,0.5,25.0,0.51,15.0,0.5,25.0,0.52,117.41,0.53,37.0,0.01,0.01,2324.579065,1776224708000
1776224711.121,11.121,0.48,117.41,0.47,37.0,0.49,15.0,0.5,25.0,0.51,15.0,0.5,25.0,0.52,117.41,0.53,37.0,0.01,0.01,2324.599151,1776224709000
1776224711.688,11.688,0.48,80.41,0.43,15.0,0.49,82.0,0.5,39.0,0.51,15.0,0.5,25.0,0.52,117.41,0.53,37.0,0.01,0.01,2324.599151,1776224709000
1776224712.17,12.17,0.43,15.0,0.42,13.0,0.44,25.0,0.45,15.0,0.51,65.0,0.5,39.0,0.57,15.0,0.58,13.0,0.01,0.06,2324.599151,1776224709000
1776224712.406,12.406,0.43,15.0,0.42,13.0,0.44,40.22,0.45,15.0,0.56,25.0,0.55,15.0,0.57,15.0,0.58,13.0,0.01,0.01,2324.567617,1776224710000
1776224712.873,12.873,0.43,15.0,0.42,13.0,0.44,33.94,0.45,32.0,0.56,31.24,0.55,22.0,0.57,15.0,0.58,13.0,0.01,0.01,2324.567617,1776224710000
1776224713.183,13.183,0.43,15.0,0.42,13.0,0.44,33.94,0.45,32.0,0.56,33.94,0.55,32.0,0.57,15.0,0.58,13.0,0.01,0.01,2324.588506,1776224711000
1776224713.562,13.562,0.43,10.0,0.42,23.5,0.44,57.16,0.45,32.0,0.56,33.94,0.55,32.0,0.57,15.0,0.58,13.0,0.01,0.01,2324.588506,1776224711000
1776224713.762,13.762,0.43,4.51,0.42,23.5,0.44,40.5,0.45,40.0,0.56,40.5,0.55,40.0,0.57,4.51,0.58,23.5,0.01,0.01,2324.588506,1776224711000
1776224714.18,14.18,0.42,32.5,0.41,23.5,0.43,45.0,0.44,30.5,0.56,30.5,0.55,40.0,0.58,5.5,0.59,13.0,0.01,0.02,2324.588506,1776224711000
1776224715.312,15.312,0.42,32.5,0.41,23.5,0.43,45.0,0.44,30.5,0.57,45.0,0.56,30.5,0.58,32.5,0.59,23.5,0.01,0.01,2324.34175,1776224714000
1776224715.519,15.519,0.42,25.5,0.41,23.5,0.43,45.0,0.44,36.5,0.57,45.0,0.56,30.5,0.58,32.5,0.59,23.5,0.01,0.01,2324.34175,1776224714000
1776224715.974,15.974,0.42,5.44,0.41,13.0,0.43,82.17,0.44,38.5,0.57,47.67,0.56,36.5,0.58,25.5,0.59,23.5,0.01,0.01,2324.34175,1776224714000
1776224716.33,16.33,0.41,11.06,0.4,13.0,0.42,55.5,0.43,82.17,0.58,25.5,0.57,82.17,0.59,13.0,0.6,13.0,0.01,0.01,2324.34175,1776224714000
1776224717.279,17.279,0.4,18.0,0.39,24.5,0.41,70.5,0.42,50.5,0.59,70.5,0.58,50.5,0.6,18.0,0.61,24.5,0.01,0.01,2324.347623,1776224716000
1776224717.704,17.704,0.4,23.0,0.39,29.5,0.41,73.06,0.42,50.5,0.59,70.5,0.58,50.5,0.6,18.0,0.61,24.5,0.01,0.01,2324.347623,1776224716000
1776224718.235,18.235,0.4,33.5,0.39,29.5,0.41,62.56,0.42,50.5,0.59,73.06,0.58,50.5,0.6,23.0,0.61,29.5,0.01,0.01,2324.347623,1776224716000
1776224718.731,18.731,0.4,33.5,0.39,29.5,0.41,62.56,0.42,50.5,0.59,62.56,0.58,50.5,0.6,33.5,0.61,29.5,0.01,0.01,2324.24633,1776224717000
1776224719.405,19.405,0.4,33.5,0.39,29.5,0.41,62.56,0.42,50.5,0.59,62.56,0.58,50.5,0.6,33.5,0.61,29.5,0.01,0.01,2324.213442,1776224718000
1776224719.906,19.906,0.39,24.16,0.38,29.5,0.4,75.0,0.41,70.5,0.59,62.56,0.58,50.5,0.6,33.5,0.61,29.5,0.01,0.01,2324.213442,1776224718000
1776224720.217,20.217,0.39,24.16,0.38,29.5,0.4,75.0,0.41,70.5,0.6,75.0,0.59,70.5,0.61,24.16,0.62,29.5,0.01,0.01,2324.200638,1776224719000
1776224720.451,20.451,0.39,38.02,0.38,34.5,0.4,65.0,0.41,65.5,0.6,75.0,0.59,70.5,0.61,24.16,0.62,29.5,0.01,0.01,2324.200638,1776224719000
1776224721.632,21.632,0.39,38.02,0.38,34.5,0.4,65.0,0.41,65.5,0.6,65.0,0.59,65.5,0.61,38.02,0.62,34.5,0.01,0.01,2324.192165,1776224720000
1776224722.213,22.213,0.39,38.02,0.38,34.5,0.4,65.0,0.41,65.5,0.6,65.0,0.59,65.5,0.61,38.02,0.62,34.5,0.01,0.01,2324.234891,1776224721000
1776224723.444,23.444,0.39,38.02,0.38,34.5,0.4,65.0,0.41,65.5,0.6,65.0,0.59,65.5,0.61,38.02,0.62,34.5,0.01,0.01,2324.216873,1776224722000
1776224724.24,24.24,0.39,35.99,0.38,34.5,0.4,80.0,0.41,65.5,0.6,80.0,0.59,65.5,0.61,35.99,0.62,34.5,0.01,0.01,2324.187708,1776224723000
1776224725.434,25.434,0.39,35.99,0.38,34.5,0.4,80.0,0.41,65.5,0.6,80.0,0.59,65.5,0.61,35.99,0.62,34.5,0.01,0.01,2324.19202,1776224724000
1776224726.361,26.361,0.39,35.99,0.38,34.5,0.4,80.0,0.41,65.5,0.6,80.0,0.59,65.5,0.61,35.99,0.62,34.5,0.01,0.01,2324.237232,1776224725000
1776224727.646,27.646,0.39,35.99,0.38,34.5,0.4,80.0,0.41,65.5,0.6,80.0,0.59,65.5,0.61,35.99,0.62,34.5,0.01,0.01,2324.18476,1776224726000
1776224727.864,27.864,0.46,20.0,0.45,27.0,0.47,16.24,0.48,25.32,0.52,15.32,0.51,21.0,0.54,27.0,0.55,15.0,0.01,0.02,2324.18476,1776224726000
1776224728.236,28.236,0.44,13.0,0.43,38.5,0.47,52.14,0.48,38.32,0.53,17.14,0.52,33.32,0.54,10.0,0.56,13.0,0.03,0.01,2324.18476,1776224726000
1776224728.455,28.455,0.44,15.0,0.43,30.5,0.45,39.77,0.46,35.5,0.55,39.77,0.54,35.5,0.56,15.0,0.57,30.5,0.01,0.01,2324.184775,1776224727000
1776224728.767,28.767,0.44,20.0,0.43,25.5,0.45,39.03,0.46,35.5,0.55,39.77,0.54,35.5,0.56,15.0,0.57,30.5,0.01,0.01,2324.184775,1776224727000
1776224729.134,29.134,0.44,20.0,0.43,25.5,0.45,39.03,0.46,35.5,0.55,39.03,0.54,35.5,0.56,20.0,0.57,25.5,0.01,0.01,2324.181755,1776224728000
1776224729.489,29.489,0.44,35.5,0.43,25.5,0.45,42.55,0.46,25.0,0.55,28.29,0.54,25.0,0.56,20.0,0.57,25.5,0.01,0.01,2324.181755,1776224728000
1776224729.878,29.878,0.44,30.5,0.43,25.5,0.45,41.92,0.46,25.0,0.55,42.55,0.54,25.0,0.56,35.5,0.57,25.5,0.01,0.01,2324.181755,1776224728000
1776224731.059,31.059,0.44,30.5,0.43,25.5,0.45,41.92,0.46,25.0,0.55,41.92,0.54,25.0,0.56,30.5,0.57,25.5,0.01,0.01,2324.384126,1776224729000
1776224731.45,31.45,0.44,28.71,0.43,30.5,0.45,26.92,0.46,25.0,0.55,41.92,0.54,25.0,0.56,30.5,0.57,25.5,0.01,0.01,2324.384126,1776224729000
1776224732.232,32.232,0.44,28.71,0.43,30.5,0.45,26.92,0.46,25.0,0.55,26.92,0.54,25.0,0.56,28.71,0.57,30.5,0.01,0.01,2324.3842,1776224731000
1776224733.278,33.278,0.44,30.5,0.43,25.5,0.45,24.69,0.46,25.0,0.55,26.92,0.54,25.0,0.56,28.71,0.57,30.5,0.01,0.01,2324.3842,1776224731000
1776224733.481,33.481,0.44,30.5,0.43,25.5,0.45,24.69,0.46,25.0,0.55,24.69,0.54,25.0,0.56,30.5,0.57,25.5,0.01,0.01,2324.41831,1776224732000
1776224733.963,33.963,0.44,28.5,0.43,25.5,0.45,24.69,0.46,25.0,0.55,24.69,0.54,25.0,0.56,30.5,0.57,25.5,0.01,0.01,2324.41831,1776224732000
1776224734.164,34.164,0.44,28.5,0.43,25.5,0.45,24.69,0.46,25.0,0.55,24.69,0.54,25.0,0.56,28.5,0.57,25.5,0.01,0.01,2324.389535,1776224733000
1776224734.475,34.475,0.44,26.71,0.43,25.5,0.45,24.69,0.46,25.0,0.55,24.69,0.54,25.0,0.56,28.5,0.57,25.5,0.01,0.01,2324.389535,1776224733000
1776224734.783,34.783,0.44,2.74,0.43,5.0,0.45,47.94,0.46,35.5,0.55,22.44,0.54,25.0,0.56,26.71,0.57,25.5,0.01,0.01,2324.389535,1776224733000
1776224735.317,35.317,0.42,10.56,0.41,22.0,0.45,47.94,0.46,35.5,0.55,47.94,0.54,35.5,0.58,10.56,0.59,22.0,0.03,0.03,2324.51771,1776224734000
1776224735.843,35.843,0.42,48.5,0.41,47.5,0.43,17.62,0.44,15.0,0.55,47.94,0.54,35.5,0.58,10.56,0.59,22.0,0.01,0.03,2324.51771,1776224734000
1776224736.282,36.282,0.42,48.5,0.41,47.5,0.43,27.62,0.44,10.0,0.57,17.62,0.56,15.0,0.58,48.5,0.59,47.5,0.01,0.01,2324.51771,1776224734000
1776224736.572,36.572,0.42,9.5,0.41,52.5,0.43,27.62,0.44,10.0,0.57,27.62,0.56,10.0,0.58,48.5,0.59,47.5,0.01,0.01,2324.51771,1776224734000
1776224737.365,37.365,0.42,9.5,0.41,52.5,0.43,27.62,0.44,10.0,0.57,27.62,0.56,10.0,0.58,9.5,0.59,52.5,0.01,0.01,2324.365,1776224736000
1776224738.251,38.251,0.42,9.5,0.41,52.5,0.43,27.62,0.44,10.0,0.57,27.62,0.56,10.0,0.58,9.5,0.59,52.5,0.01,0.01,2324.455045,1776224737000
1776224739.777,39.777,0.42,9.5,0.41,52.5,0.43,27.62,0.44,10.0,0.57,27.62,0.56,10.0,0.58,9.5,0.59,52.5,0.01,0.01,2324.339115,1776224738000
1776224740.533,40.533,0.42,9.5,0.41,52.5,0.43,27.62,0.44,10.0,0.57,27.62,0.56,10.0,0.58,9.5,0.59,52.5,0.01,0.01,2324.339735,1776224739000
1776224741.36,41.36,0.42,9.5,0.41,52.5,0.43,27.62,0.44,10.0,0.57,27.62,0.56,10.0,0.58,9.5,0.59,52.5,0.01,0.01,2324.45475,1776224740000
1776224741.988,41.988,0.42,9.5,0.41,52.5,0.43,27.62,0.44,10.0,0.57,27.62,0.56,10.0,0.58,9.5,0.59,52.5,0.01,0.01,2324.33154,1776224741000
1776224743.428,43.428,0.42,9.5,0.41,52.5,0.43,27.62,0.44,10.0,0.57,27.62,0.56,10.0,0.58,9.5,0.59,52.5,0.01,0.01,2324.333335,1776224742000
1776224744.102,44.102,0.42,9.5,0.41,52.5,0.43,27.62,0.44,10.0,0.57,27.62,0.56,10.0,0.58,9.5,0.59,52.5,0.01,0.01,2324.332285,1776224743000
1776224745.702,45.702,0.42,9.5,0.41,52.5,0.43,27.62,0.44,10.0,0.57,27.62,0.56,10.0,0.58,9.5,0.59,52.5,0.01,0.01,2324.338335,1776224744000
1776224746.396,46.396,0.42,9.5,0.41,52.5,0.43,27.62,0.44,10.0,0.57,27.62,0.56,10.0,0.58,9.5,0.59,52.5,0.01,0.01,2324.514835,1776224745000
1776224747.146,47.146,0.42,9.5,0.41,52.5,0.43,27.62,0.44,10.0,0.57,27.62,0.56,10.0,0.58,9.5,0.59,52.5,0.01,0.01,2324.51484,1776224746000
1776224748.631,48.631,0.42,50.5,0.41,40.5,0.43,10.0,0.44,20.5,0.57,27.62,0.56,10.0,0.58,9.5,0.59,52.5,0.01,0.01,2324.51484,1776224746000
1776224749.814,49.814,0.42,50.5,0.41,40.5,0.43,10.0,0.44,20.5,0.57,10.0,0.56,20.5,0.58,50.5,0.59,40.5,0.01,0.01,2324.485661,1776224748000
1776224750.417,50.417,0.42,50.5,0.41,40.5,0.43,10.0,0.44,20.5,0.57,10.0,0.56,20.5,0.58,50.5,0.59,40.5,0.01,0.01,2324.491287,1776224749000
1776224751.006,51.006,0.42,45.5,0.41,40.5,0.43,5.0,0.45,20.5,0.57,5.0,0.55,20.5,0.58,45.5,0.59,40.5,0.01,0.01,2324.356105,1776224750000
1776224752.276,52.276,0.42,45.5,0.41,40.5,0.43,5.0,0.45,20.5,0.57,5.0,0.55,20.5,0.58,45.5,0.59,40.5,0.01,0.01,2324.51713,1776224751000
1776224752.803,52.803,0.42,45.5,0.41,40.5,0.43,5.0,0.45,20.5,0.57,5.0,0.55,20.5,0.58,45.5,0.59,40.5,0.01,0.01,2324.356055,1776224752000
1776224754.01,54.01,0.42,45.5,0.41,40.5,0.43,5.0,0.45,20.5,0.57,5.0,0.55,20.5,0.58,45.5,0.59,40.5,0.01,0.01,2324.361045,1776224753000
1776224755.207,55.207,0.42,45.5,0.41,40.5,0.43,5.0,0.45,20.5,0.57,5.0,0.55,20.5,0.58,45.5,0.59,40.5,0.01,0.01,2324.36679,1776224754000
1776224756.304,56.304,0.42,45.5,0.41,40.5,0.43,5.0,0.45,20.5,0.57,5.0,0.55,20.5,0.58,45.5,0.59,40.5,0.01,0.01,2324.474764,1776224755000
1776224757.537,57.537,0.45,5.18,0.44,12.0,0.46,45.5,0.47,26.14,0.54,45.5,0.53,26.14,0.55,5.18,0.56,12.0,0.01,0.01,2324.526875,1776224756000
1776224758.073,58.073,0.45,5.18,0.44,12.0,0.46,45.5,0.47,26.14,0.54,45.5,0.53,26.14,0.55,5.18,0.56,12.0,0.01,0.01,2324.461566,1776224757000
1776224759.216,59.216,0.45,5.18,0.44,12.0,0.46,45.5,0.47,26.14,0.54,45.5,0.53,26.14,0.55,5.18,0.56,12.0,0.01,0.01,2324.370425,1776224758000
1776224760.112,60.112,0.42,5.0,0.36,24.0,0.45,206.49,0.46,160.5,0.54,45.5,0.53,26.14,0.55,5.18,0.56,12.0,0.03,0.01,2324.370425,1776224758000
1776224760.591,60.591,0.36,10.76,0.35,20.0,0.37,75.5,0.38,30.5,0.58,5.0,0.57,15.0,0.64,24.0,0.65,27.0,0.01,0.06,2324.370425,1776224759000
1776224760.854,60.854,0.36,10.76,0.35,20.0,0.37,75.5,0.38,30.5,0.63,75.5,0.62,30.5,0.64,10.76,0.65,20.0,0.01,0.01,2324.369735,1776224760000
1776224761.415,61.415,0.36,12.51,0.35,30.5,0.37,80.5,0.38,35.5,0.63,75.5,0.62,30.5,0.64,10.76,0.65,20.0,0.01,0.01,2324.369735,1776224760000
1776224762.062,62.062,0.36,12.51,0.35,30.5,0.37,80.5,0.38,35.5,0.63,80.5,0.62,35.5,0.64,12.51,0.65,30.5,0.01,0.01,2324.300925,1776224761000
1776224763.202,63.202,0.36,12.51,0.35,30.5,0.37,80.5,0.38,35.5,0.63,80.5,0.62,35.5,0.64,12.51,0.65,30.5,0.01,0.01,2324.107994,1776224762000
1776224764.606,64.606,0.36,12.51,0.35,30.5,0.37,80.5,0.38,35.5,0.63,80.5,0.62,35.5,0.64,12.51,0.65,30.5,0.01,0.01,2324.096735,1776224763000
1776224765.165,65.165,0.36,12.51,0.35,30.5,0.37,80.5,0.38,35.5,0.63,80.5,0.62,35.5,0.64,12.51,0.65,30.5,0.01,0.01,2324.1012,1776224764000
1776224766.258,66.258,0.36,12.51,0.35,30.5,0.37,80.5,0.38,35.5,0.63,80.5,0.62,35.5,0.64,12.51,0.65,30.5,0.01,0.01,2324.108968,1776224765000
1776224767.253,67.253,0.36,12.51,0.35,30.5,0.37,80.5,0.38,35.5,0.63,80.5,0.62,35.5,0.64,12.51,0.65,30.5,0.01,0.01,2324.105535,1776224766000
1776224768.34,68.34,0.36,28.51,0.35,30.5,0.37,85.5,0.38,35.5,0.63,85.5,0.62,35.5,0.64,28.51,0.65,30.5,0.01,0.01,2324.10061,1776224767000
1776224768.897,68.897,0.36,28.51,0.35,30.5,0.37,85.5,0.38,35.5,0.63,85.5,0.62,35.5,0.64,28.51,0.65,30.5,0.01,0.01,2324.10061,1776224768000
1776224769.971,69.971,0.36,28.51,0.35,30.5,0.37,85.5,0.38,35.5,0.63,85.5,0.62,35.5,0.64,28.51,0.65,30.5,0.01,0.01,2324.103015,1776224769000
1776224770.738,70.738,0.45,20.5,0.44,47.5,0.46,4.82,0.47,10.5,0.63,85.5,0.62,35.5,0.64,28.51,0.65,30.5,0.01,0.01,2324.103015,1776224769000
1776224771.146,71.146,0.45,50.12,0.44,54.0,0.46,20.5,0.47,10.5,0.54,20.5,0.53,10.5,0.55,50.12,0.56,54.0,0.01,0.01,2324.193248,1776224770000
1776224772.061,72.061,0.45,10.0,0.44,15.0,0.46,45.5,0.47,30.5,0.54,45.5,0.53,30.5,0.55,10.0,0.56,15.0,0.01,0.01,2324.16404,1776224771000
1776224772.29,72.29,0.37,5.0,0.36,44.5,0.38,43.34,0.39,30.5,0.54,45.5,0.53,30.5,0.55,10.0,0.56,15.0,0.01,0.01,2324.16404,1776224771000
1776224772.736,72.736,0.37,15.0,0.36,44.5,0.38,43.34,0.39,35.5,0.62,43.34,0.61,30.5,0.63,5.0,0.64,44.5,0.01,0.01,2324.16404,1776224771000
1776224773.083,73.083,0.37,15.0,0.36,44.5,0.38,38.34,0.39,35.5,0.62,38.34,0.61,35.5,0.63,15.0,0.64,44.5,0.01,0.01,2324.354975,1776224772000
1776224773.306,73.306,0.37,9.55,0.36,15.0,0.38,101.2,0.39,35.5,0.62,101.2,0.61,35.5,0.63,15.0,0.64,15.0,0.01,0.01,2324.354975,1776224772000
1776224774.17,74.17,0.37,9.55,0.36,15.0,0.38,101.2,0.39,35.5,0.62,101.2,0.61,35.5,0.63,9.55,0.64,15.0,0.01,0.01,2324.221355,1776224773000
1776224775.346,75.346,0.37,9.55,0.36,15.0,0.38,101.2,0.39,35.5,0.62,101.2,0.61,35.5,0.63,9.55,0.64,15.0,0.01,0.01,2324.155465,1776224774000
1776224776.335,76.335,0.37,9.55,0.36,15.0,0.38,101.2,0.39,35.5,0.62,101.2,0.61,35.5,0.63,9.55,0.64,15.0,0.01,0.01,2324.13649,1776224775000
1776224776.874,76.874,0.37,9.55,0.36,15.0,0.38,101.2,0.39,35.5,0.62,101.2,0.61,35.5,0.63,9.55,0.64,15.0,0.01,0.01,2324.294876,1776224776000
1776224777.17,77.17,0.37,35.0,0.36,40.5,0.38,21.72,0.39,30.5,0.62,101.2,0.61,35.5,0.63,9.55,0.64,15.0,0.01,0.01,2324.294876,1776224776000
1776224777.448,77.448,0.37,20.0,0.36,45.5,0.38,34.08,0.39,30.5,0.62,21.72,0.61,30.5,0.63,35.0,0.64,40.5,0.01,0.01,2324.294876,1776224776000
1776224778.399,78.399,0.37,20.0,0.36,45.5,0.38,34.08,0.39,30.5,0.62,34.08,0.61,30.5,0.63,20.0,0.64,45.5,0.01,0.01,2324.165445,1776224777000
1776224778.937,78.937,0.41,127.5,0.4,62.0,0.46,15.0,0.48,10.0,0.62,34.08,0.61,30.5,0.63,20.0,0.64,45.5,0.05,0.01,2324.165445,1776224777000
1776224779.201,79.201,0.45,58.5,0.44,20.0,0.48,5.0,0.5,5.0,0.54,6.83,0.52,5.0,0.55,30.5,0.56,15.0,0.03,0.01,2324.165485,1776224778000
1776224779.975,79.975,0.47,52.0,0.46,20.5,0.55,11.0,0.56,55.0,0.45,11.0,0.44,55.0,0.53,52.0,0.54,20.5,0.08,0.08,2324.174245,1776224779000
1776224780.384,80.384,0.53,86.5,0.52,35.5,0.55,17.37,0.56,65.0,0.46,5.72,0.45,23.5,0.47,76.5,0.48,30.5,0.02,0.01,2324.174245,1776224779000
1776224781.112,81.112,0.53,86.5,0.52,35.5,0.55,17.37,0.56,65.0,0.45,17.37,0.44,65.0,0.47,86.5,0.48,35.5,0.02,0.02,2324.465383,1776224780000
1776224781.852,81.852,0.54,33.0,0.53,43.5,0.55,20.0,0.56,70.5,0.45,17.37,0.44,65.0,0.47,86.5,0.48,35.5,0.01,0.02,2324.465383,1776224780000
1776224782.202,82.202,0.54,46.71,0.53,43.5,0.55,5.0,0.56,70.5,0.45,20.0,0.44,70.5,0.46,33.0,0.47,43.5,0.01,0.01,2324.465383,1776224780000
1776224782.582,82.582,0.56,56.0,0.55,56.5,0.58,4.87,0.59,5.0,0.45,5.0,0.44,70.5,0.46,46.71,0.47,43.5,0.02,0.01,2324.72013,1776224781000
1776224783.118,83.118,0.59,17.0,0.58,17.0,0.6,87.28,0.61,80.0,0.4,24.52,0.39,75.0,0.44,56.0,0.45,56.5,0.01,0.04,2324.72013,1776224781000
1776224784.43,84.43,0.59,10.41,0.58,17.0,0.6,82.28,0.61,80.0,0.4,82.28,0.39,80.0,0.41,10.41,0.42,17.0,0.01,0.01,2324.71885,1776224783000
1776224784.968,84.968,0.59,10.41,0.58,17.0,0.6,82.28,0.61,80.0,0.4,82.28,0.39,80.0,0.41,10.41,0.42,17.0,0.01,0.01,2324.854767,1776224784000
1776224785.518,85.518,0.59,8.91,0.58,17.0,0.6,103.01,0.61,80.0,0.4,82.28,0.39,80.0,0.41,10.41,0.42,17.0,0.01,0.01,2324.854767,1776224784000
1776224786.083,86.083,0.59,8.91,0.58,17.0,0.6,103.01,0.61,80.0,0.4,103.01,0.39,80.0,0.41,8.91,0.42,17.0,0.01,0.01,2324.824133,1776224785000
1776224787.088,87.088,0.59,8.91,0.58,17.0,0.6,103.01,0.61,80.0,0.4,103.01,0.39,80.0,0.41,8.91,0.42,17.0,0.01,0.01,2324.79995,1776224786000
1776224788.197,88.197,0.59,8.91,0.58,17.0,0.6,103.01,0.61,80.0,0.4,103.01,0.39,80.0,0.41,8.91,0.42,17.0,0.01,0.01,2324.79952,1776224787000
1776224789.209,89.209,0.59,8.91,0.58,17.0,0.6,103.01,0.61,80.0,0.4,103.01,0.39,80.0,0.41,8.91,0.42,17.0,0.01,0.01,2324.79951,1776224788000
1776224790.28,90.28,0.59,8.91,0.58,17.0,0.6,103.01,0.61,80.0,0.4,103.01,0.39,80.0,0.41,8.91,0.42,17.0,0.01,0.01,2324.960281,1776224789000
1776224790.819,90.819,0.65,35.0,0.64,89.5,0.66,104.73,0.67,5.0,0.4,103.01,0.39,80.0,0.41,8.91,0.42,17.0,0.01,0.01,2324.960281,1776224789000
1776224791.173,91.173,0.65,106.97,0.64,64.5,0.66,109.63,0.67,5.0,0.34,104.63,0.33,5.0,0.35,35.0,0.36,89.5,0.01,0.01,2325.008209,1776224790000
1776224791.636,91.636,0.65,68.97,0.64,36.5,0.66,112.63,0.67,35.0,0.34,109.63,0.33,5.0,0.35,106.97,0.36,64.5,0.01,0.01,2325.008209,1776224790000
1776224791.916,91.916,0.65,63.97,0.64,36.5,0.66,100.63,0.67,35.0,0.34,112.63,0.33,35.0,0.35,63.97,0.36,36.5,0.01,0.01,2325.008209,1776224790000
1776224792.431,92.431,0.65,63.97,0.64,36.5,0.66,100.63,0.67,35.0,0.34,100.63,0.33,35.0,0.35,63.97,0.36,36.5,0.01,0.01,2324.916034,1776224791000
1776224792.769,92.769,0.65,122.47,0.64,51.5,0.66,79.03,0.67,21.0,0.34,89.03,0.33,21.0,0.35,122.47,0.36,46.5,0.01,0.01,2324.916034,1776224791000
1776224792.975,92.975,0.66,54.5,0.65,87.47,0.67,14.5,0.68,25.0,0.33,21.0,0.32,10.0,0.35,122.47,0.36,51.5,0.01,0.02,2324.916034,1776224791000
1776224793.909,93.909,0.66,51.87,0.65,87.47,0.67,14.5,0.68,25.0,0.33,14.5,0.32,25.0,0.34,51.87,0.35,87.47,0.01,0.01,2325.223352,1776224793000
1776224794.208,94.208,0.66,81.37,0.65,82.47,0.67,28.73,0.68,20.0,0.33,14.5,0.32,25.0,0.34,51.87,0.35,87.47,0.01,0.01,2325.223352,1776224793000
1776224794.535,94.535,0.66,93.42,0.65,82.47,0.67,28.73,0.68,20.0,0.33,28.73,0.32,20.0,0.34,81.37,0.35,82.47,0.01,0.01,2325.223352,1776224793000
1776224794.917,94.917,0.66,93.42,0.65,82.47,0.67,28.73,0.68,20.0,0.33,28.73,0.32,20.0,0.34,93.42,0.35,82.47,0.01,0.01,2325.32415,1776224794000
1776224795.631,95.631,0.66,108.92,0.65,92.47,0.67,15.37,0.68,30.0,0.33,28.73,0.32,20.0,0.34,93.42,0.35,82.47,0.01,0.01,2325.32415,1776224794000
1776224795.921,95.921,0.66,108.92,0.65,92.47,0.67,13.01,0.68,30.0,0.33,13.01,0.32,30.0,0.34,108.92,0.35,92.47,0.01,0.01,2325.205405,1776224795000
1776224796.252,96.252,0.66,106.74,0.65,92.47,0.67,13.01,0.68,30.0,0.33,13.01,0.32,30.0,0.34,108.92,0.35,92.47,0.01,0.01,2325.205405,1776224795000
1776224796.951,96.951,0.66,106.74,0.65,92.47,0.67,13.01,0.68,30.0,0.33,13.01,0.32,30.0,0.34,106.74,0.35,92.47,0.01,0.01,2325.195425,1776224796000
1776224797.382,97.382,0.66,111.74,0.65,87.47,0.68,25.0,0.69,6.0,0.33,13.01,0.32,30.0,0.34,106.74,0.35,92.47,0.02,0.01,2325.195425,1776224796000
1776224797.722,97.722,0.67,145.5,0.66,116.74,0.7,2.73,0.72,5.0,0.32,9.0,0.31,22.0,0.33,31.5,0.34,76.74,0.03,0.01,2325.195425,1776224796000
1776224797.923,97.923,0.67,145.5,0.66,116.74,0.73,9.49,0.74,15.0,0.27,9.49,0.26,15.0,0.33,145.5,0.34,116.74,0.06,0.06,2325.219018,1776224797000
1776224798.364,98.364,0.72,16.0,0.71,32.5,0.73,7.56,0.74,20.0,0.27,12.98,0.26,30.5,0.28,16.0,0.29,22.0,0.01,0.01,2325.219018,1776224797000
1776224798.566,98.566,0.72,28.0,0.71,32.5,0.73,31.73,0.74,39.0,0.27,7.56,0.26,20.0,0.28,16.0,0.29,32.5,0.01,0.01,2325.219018,1776224797000
1776224798.842,98.842,0.72,51.0,0.71,32.5,0.73,38.09,0.74,39.0,0.27,38.09,0.26,39.0,0.28,51.0,0.29,32.5,0.01,0.01,2325.3492,1776224798000
1776224799.113,99.113,0.72,76.0,0.71,32.5,0.73,21.48,0.74,29.0,0.27,33.59,0.26,29.0,0.28,51.0,0.29,32.5,0.01,0.01,2325.3492,1776224798000
1776224799.567,99.567,0.72,76.0,0.71,32.5,0.73,8.05,0.74,29.0,0.27,15.19,0.26,29.0,0.28,71.0,0.29,32.5,0.01,0.01,2325.3492,1776224798000
1776224799.888,99.888,0.72,76.0,0.71,32.5,0.73,8.05,0.74,29.0,0.27,8.05,0.26,29.0,0.28,76.0,0.29,32.5,0.01,0.01,2325.313445,1776224799000
1776224800.86,100.86,0.72,76.0,0.71,32.5,0.73,8.05,0.74,29.0,0.27,8.05,0.26,29.0,0.28,76.0,0.29,32.5,0.01,0.01,2325.564715,1776224800000
1776224801.848,101.848,0.72,76.0,0.71,32.5,0.73,8.05,0.74,29.0,0.27,8.05,0.26,29.0,0.28,76.0,0.29,32.5,0.01,0.01,2325.408355,1776224801000
1776224802.328,102.328,0.72,104.5,0.71,32.5,0.73,44.38,0.74,39.0,0.27,46.11,0.26,39.0,0.28,99.5,0.29,32.5,0.01,0.01,2325.408355,1776224801000
1776224803.279,103.279,0.72,104.5,0.71,32.5,0.73,44.38,0.74,39.0,0.27,44.38,0.26,39.0,0.28,104.5,0.29,32.5,0.01,0.01,2325.42318,1776224802000
1776224803.759,103.759,0.72,104.5,0.71,37.5,0.73,12.63,0.74,39.0,0.27,44.38,0.26,39.0,0.28,104.5,0.29,32.5,0.01,0.01,2325.42318,1776224802000
1776224804.302,104.302,0.72,104.5,0.71,37.5,0.73,12.63,0.74,39.0,0.27,12.63,0.26,39.0,0.28,104.5,0.29,37.5,0.01,0.01,2325.428725,1776224803000
1776224805.271,105.271,0.72,104.5,0.71,37.5,0.73,12.63,0.74,39.0,0.27,12.63,0.26,39.0,0.28,104.5,0.29,37.5,0.01,0.01,2325.434755,1776224804000
1776224806.397,106.397,0.72,104.5,0.71,37.5,0.73,12.63,0.74,39.0,0.27,12.63,0.26,39.0,0.28,104.5,0.29,37.5,0.01,0.01,2325.434715,1776224805000
1776224806.801,106.801,0.72,104.5,0.71,37.5,0.73,12.63,0.74,39.0,0.27,12.63,0.26,39.0,0.28,104.5,0.29,37.5,0.01,0.01,2325.43471,1776224806000
1776224807.843,107.843,0.72,104.5,0.71,37.5,0.73,12.63,0.74,39.0,0.27,12.63,0.26,39.0,0.28,104.5,0.29,37.5,0.01,0.01,2325.428435,1776224807000
1776224808.917,108.917,0.72,104.5,0.71,37.5,0.73,12.63,0.74,39.0,0.27,12.63,0.26,39.0,0.28,104.5,0.29,37.5,0.01,0.01,2325.42264,1776224808000
1776224810.005,110.005,0.72,104.5,0.71,37.5,0.73,12.63,0.74,39.0,0.27,12.63,0.26,39.0,0.28,104.5,0.29,37.5,0.01,0.01,2325.507339,1776224809000
1776224810.396,110.396,0.71,20.0,0.7,30.5,0.73,53.63,0.74,55.5,0.27,12.63,0.26,39.0,0.28,104.5,0.29,37.5,0.02,0.01,2325.507339,1776224809000
1776224810.993,110.993,0.71,6.75,0.7,30.5,0.72,40.0,0.73,23.63,0.27,53.63,0.26,55.5,0.29,8.0,0.3,30.5,0.01,0.02,2325.507339,1776224809000
1776224811.529,111.529,0.71,0.16,0.7,35.5,0.72,40.0,0.73,28.63,0.28,40.0,0.27,23.63,0.29,6.75,0.3,30.5,0.01,0.01,2325.421785,1776224810000
1776224811.852,111.852,0.7,25.02,0.69,41.5,0.72,40.0,0.73,28.63,0.28,40.0,0.27,28.63,0.29,0.16,0.3,35.5,0.02,0.01,2325.421785,1776224810000
1776224812.12,112.12,0.7,25.02,0.69,41.5,0.72,40.0,0.73,28.63,0.28,40.0,0.27,28.63,0.3,25.02,0.31,41.5,0.02,0.02,2325.416625,1776224811000
1776224812.655,112.655,0.71,10.0,0.7,36.02,0.72,38.93,0.73,32.63,0.28,40.0,0.27,28.63,0.3,25.02,0.31,41.5,0.01,0.02,2325.416625,1776224811000
1776224813.103,113.103,0.71,10.0,0.7,36.02,0.72,38.93,0.73,32.63,0.28,38.93,0.27,32.63,0.29,10.0,0.3,36.02,0.01,0.01,2325.4174,1776224812000
1776224813.95,113.95,0.7,35.68,0.69,35.5,0.72,43.93,0.73,18.63,0.28,38.93,0.27,32.63,0.29,10.0,0.3,36.02,0.02,0.01,2325.4174,1776224812000
1776224814.192,114.192,0.7,35.68,0.69,35.5,0.72,43.93,0.73,18.63,0.28,43.93,0.27,18.63,0.3,35.68,0.31,35.5,0.02,0.02,2325.392785,1776224813000
1776224814.641,114.641,0.71,15.5,0.7,40.68,0.72,37.54,0.73,18.63,0.28,43.93,0.27,18.63,0.3,35.68,0.31,35.5,0.01,0.02,2325.392785,1776224813000
1776224814.923,114.923,0.71,20.5,0.7,40.68,0.72,21.75,0.73,18.63,0.28,22.54,0.27,18.63,0.29,15.5,0.3,40.68,0.01,0.01,2325.392785,1776224813000
1776224815.225,115.225,0.71,20.5,0.7,40.68,0.72,21.75,0.73,18.63,0.28,21.75,0.27,18.63,0.29,20.5,0.3,40.68,0.01,0.01,2325.4614,1776224814000
1776224816.287,116.287,0.71,20.5,0.7,40.68,0.72,21.75,0.73,18.63,0.28,21.75,0.27,18.63,0.29,20.5,0.3,40.68,0.01,0.01,2325.352995,1776224815000
1776224817.159,117.159,0.72,92.5,0.71,67.5,0.73,33.07,0.74,15.0,0.28,21.75,0.27,18.63,0.29,20.5,0.3,40.68,0.01,0.01,2325.352995,1776224815000
1776224817.735,117.735,0.68,9.5,0.67,22.96,0.69,20.0,0.7,30.0,0.27,33.07,0.26,15.0,0.28,92.5,0.29,67.5,0.01,0.01,2325.4613,1776224816000
1776224818.141,118.141,0.67,45.96,0.66,20.0,0.68,7.64,0.69,25.0,0.31,40.0,0.3,37.0,0.33,35.96,0.34,15.0,0.01,0.02,2325.4613,1776224816000
1776224818.489,118.489,0.67,45.96,0.66,20.0,0.68,2.64,0.69,30.0,0.32,7.64,0.31,25.0,0.33,45.96,0.34,20.0,0.01,0.01,2325.4613,1776224816000
1776224818.823,118.823,0.67,50.11,0.66,20.0,0.68,2.64,0.69,20.0,0.32,2.64,0.31,20.0,0.33,50.11,0.34,20.0,0.01,0.01,2325.543536,1776224817000
1776224819.101,119.101,0.67,44.23,0.66,73.73,0.68,2.64,0.69,15.0,0.32,2.64,0.31,20.0,0.33,50.11,0.34,20.0,0.01,0.01,2325.543536,1776224817000
1776224819.338,119.338,0.67,44.23,0.66,73.73,0.68,2.64,0.69,15.0,0.32,2.64,0.31,15.0,0.33,44.23,0.34,73.73,0.01,0.01,2325.390455,1776224818000
1776224819.892,119.892,0.67,42.04,0.66,68.73,0.68,2.13,0.69,15.0,0.32,2.13,0.31,15.0,0.33,43.38,0.34,73.73,0.01,0.01,2325.390455,1776224818000
1776224820.308,120.308,0.67,42.04,0.66,68.73,0.68,2.13,0.69,15.0,0.32,2.13,0.31,15.0,0.33,42.04,0.34,68.73,0.01,0.01,2325.275235,1776224819000
1776224820.825,120.825,0.67,42.04,0.66,68.73,0.68,2.13,0.69,15.0,0.32,2.13,0.31,15.0,0.33,42.04,0.34,68.73,0.01,0.01,2325.30116,1776224820000
1776224821.79,121.79,0.67,130.82,0.66,15.0,0.68,1.77,0.7,17.0,0.32,2.13,0.31,15.0,0.33,42.04,0.34,68.73,0.01,0.01,2325.30116,1776224820000
1776224822.429,122.429,0.7,10.23,0.67,275.81,0.74,5.0,0.75,26.0,0.32,1.77,0.3,17.0,0.33,130.82,0.34,15.0,0.04,0.01,2325.385923,1776224821000
1776224823.007,123.007,0.73,33.0,0.72,42.5,0.74,2.5,0.75,26.0,0.26,2.5,0.25,26.0,0.27,33.0,0.28,42.5,0.01,0.01,2325.295895,1776224822000
1776224823.446,123.446,0.73,100.0,0.72,42.5,0.74,1.01,0.75,26.0,0.26,2.5,0.25,26.0,0.27,33.0,0.28,42.5,0.01,0.01,2325.295895,1776224822000
1776224824.067,124.067,0.74,77.69,0.73,70.0,0.75,51.5,0.76,18.0,0.26,1.01,0.25,26.0,0.27,100.0,0.28,42.5,0.01,0.01,2325.295895,1776224822000
1776224824.487,124.487,0.74,77.69,0.73,70.0,0.75,51.5,0.76,18.0,0.25,51.5,0.24,18.0,0.26,77.69,0.27,70.0,0.01,0.01,2325.31101,1776224823000
1776224825.07,125.07,0.74,77.69,0.73,70.0,0.75,51.5,0.76,18.0,0.25,51.5,0.24,18.0,0.26,77.69,0.27,70.0,0.01,0.01,2325.571509,1776224824000
1776224825.358,125.358,0.74,72.69,0.73,65.0,0.75,34.83,0.76,18.0,0.25,51.5,0.24,18.0,0.26,77.69,0.27,70.0,0.01,0.01,2325.571509,1776224824000
1776224825.775,125.775,0.74,72.69,0.73,65.0,0.75,37.27,0.76,23.0,0.25,34.83,0.24,18.0,0.26,72.69,0.27,65.0,0.01,0.01,2325.571509,1776224824000
1776224826.328,126.328,0.74,72.69,0.73,65.0,0.75,37.27,0.76,23.0,0.25,37.27,0.24,23.0,0.26,72.69,0.27,65.0,0.01,0.01,2325.47312,1776224825000
1776224827.352,127.352,0.74,72.69,0.73,65.0,0.75,37.27,0.76,23.0,0.25,37.27,0.24,23.0,0.26,72.69,0.27,65.0,0.01,0.01,2325.47027,1776224826000
1776224828.082,128.082,0.74,72.69,0.73,65.0,0.75,37.27,0.76,23.0,0.25,37.27,0.24,23.0,0.26,72.69,0.27,65.0,0.01,0.01,2325.4704,1776224827000
1776224829.169,129.169,0.74,72.69,0.73,65.0,0.75,37.27,0.76,23.0,0.25,37.27,0.24,23.0,0.26,72.69,0.27,65.0,0.01,0.01,2325.43963,1776224828000
1776224829.547,129.547,0.74,91.0,0.73,35.5,0.76,41.11,0.77,21.0,0.25,37.27,0.24,23.0,0.26,72.69,0.27,65.0,0.02,0.01,2325.43963,1776224828000
1776224830.389,130.389,0.75,10.0,0.74,91.0,0.76,39.65,0.77,21.0,0.24,39.65,0.23,21.0,0.25,10.0,0.26,91.0,0.01,0.01,2325.510593,1776224829000
1776224830.872,130.872,0.75,10.0,0.74,91.0,0.76,39.65,0.77,21.0,0.24,39.65,0.23,21.0,0.25,10.0,0.26,91.0,0.01,0.01,2325.614579,1776224830000
1776224831.136,131.136,0.75,86.0,0.74,56.0,0.76,29.33,0.77,35.0,0.24,39.65,0.23,21.0,0.25,10.0,0.26,91.0,0.01,0.01,2325.614579,1776224830000
1776224831.986,131.986,0.75,86.0,0.74,56.0,0.76,29.33,0.77,35.0,0.24,29.33,0.23,35.0,0.25,86.0,0.26,56.0,0.01,0.01,2325.448305,1776224831000
1776224832.347,132.347,0.75,96.0,0.74,66.5,0.76,12.42,0.77,41.5,0.24,2.88,0.23,41.5,0.25,91.0,0.26,66.5,0.01,0.01,2325.448305,1776224831000
1776224833.032,133.032,0.75,91.0,0.74,66.5,0.76,8.43,0.77,53.5,0.24,12.42,0.23,41.5,0.25,96.0,0.26,66.5,0.01,0.01,2325.448305,1776224831000
1776224833.486,133.486,0.75,91.0,0.74,66.5,0.76,8.43,0.77,53.5,0.24,8.43,0.23,53.5,0.25,91.0,0.26,66.5,0.01,0.01,2325.442515,1776224832000
1776224834.047,134.047,0.75,91.0,0.74,66.5,0.76,8.43,0.77,53.5,0.24,8.43,0.23,53.5,0.25,91.0,0.26,66.5,0.01,0.01,2325.459198,1776224833000
1776224835.002,135.002,0.75,91.0,0.74,66.5,0.76,8.43,0.77,53.5,0.24,8.43,0.23,53.5,0.25,91.0,0.26,66.5,0.01,0.01,2325.443825,1776224834000
1776224835.966,135.966,0.75,91.0,0.74,66.5,0.76,8.43,0.77,53.5,0.24,8.43,0.23,53.5,0.25,91.0,0.26,66.5,0.01,0.01,2325.514709,1776224835000
1776224836.98,136.98,0.75,91.0,0.74,66.5,0.76,8.43,0.77,53.5,0.24,8.43,0.23,53.5,0.25,91.0,0.26,66.5,0.01,0.01,2325.44761,1776224836000
1776224837.305,137.305,0.77,70.5,0.76,51.5,0.8,21.0,0.81,20.5,0.22,0.41,0.2,15.0,0.23,55.5,0.24,51.5,0.03,0.01,2325.44761,1776224836000
1776224837.767,137.767,0.79,70.0,0.78,20.5,0.8,10.05,0.81,25.5,0.2,21.0,0.19,20.5,0.23,70.5,0.24,51.5,0.01,0.03,2325.44761,1776224836000
1776224838.145,138.145,0.83,91.0,0.82,15.0,0.84,18.72,0.85,37.2,0.2,10.05,0.19,25.5,0.21,70.0,0.22,20.5,0.01,0.01,2325.44791,1776224837000
1776224838.41,138.41,0.83,96.0,0.82,30.5,0.84,17.52,0.85,52.7,0.16,18.72,0.15,37.2,0.17,91.0,0.18,15.0,0.01,0.01,2325.44791,1776224837000
1776224838.684,138.684,0.85,15.0,0.84,20.5,0.86,12.9,0.87,47.3,0.16,17.52,0.15,52.7,0.17,96.0,0.18,30.5,0.01,0.01,2325.44791,1776224837000
1776224838.922,138.922,0.85,15.0,0.84,20.5,0.86,12.9,0.87,47.3,0.14,12.9,0.13,47.3,0.15,15.0,0.16,20.5,0.01,0.01,2325.549665,1776224838000
1776224839.612,139.612,0.85,102.0,0.84,30.5,0.87,37.29,0.88,89.6,0.14,12.9,0.13,47.3,0.15,15.0,0.16,20.5,0.02,0.01,2325.549665,1776224838000
1776224839.89,139.89,0.86,16.25,0.85,62.0,0.87,67.05,0.88,89.6,0.13,37.29,0.12,89.6,0.15,78.06,0.16,30.5,0.01,0.02,2325.549665,1776224838000
1776224840.863,140.863,0.86,16.25,0.85,62.0,0.87,67.05,0.88,89.6,0.13,67.05,0.12,89.6,0.14,16.25,0.15,62.0,0.01,0.01,2325.899125,1776224840000
1776224841.223,141.223,0.86,63.0,0.85,77.5,0.87,147.77,0.88,146.6,0.13,67.05,0.12,89.6,0.14,16.25,0.15,62.0,0.01,0.01,2325.899125,1776224840000
1776224841.97,141.97,0.86,63.0,0.85,77.5,0.87,147.77,0.88,146.6,0.13,147.77,0.12,146.6,0.14,63.0,0.15,77.5,0.01,0.01,2325.916715,1776224841000
1776224842.75,142.75,0.86,98.0,0.85,91.5,0.88,21.76,0.89,47.79,0.13,147.77,0.12,146.6,0.14,63.0,0.15,77.5,0.02,0.01,2325.916715,1776224841000
1776224843.859,143.859,0.87,35.0,0.86,73.0,0.88,23.68,0.89,47.79,0.12,23.68,0.11,47.79,0.13,35.0,0.14,73.0,0.01,0.01,2325.975945,1776224843000
1776224844.286,144.286,0.88,82.64,0.87,95.0,0.89,46.79,0.9,40.0,0.12,23.68,0.11,47.79,0.13,35.0,0.14,73.0,0.01,0.01,2325.975945,1776224843000
1776224844.501,144.501,0.88,117.64,0.87,90.0,0.9,5.0,0.91,200.0,0.11,4.62,0.09,200.0,0.12,125.64,0.13,90.0,0.02,0.01,2325.975945,1776224843000
1776224844.725,144.725,0.9,40.0,0.89,10.0,0.91,163.1,0.92,5.0,0.09,171.1,0.08,5.0,0.11,10.0,0.12,112.64,0.01,0.02,2325.975945,1776224843000
1776224844.95,144.95,0.9,40.0,0.89,10.0,0.91,163.1,0.92,5.0,0.09,163.1,0.08,5.0,0.1,40.0,0.11,10.0,0.01,0.01,2326.036085,1776224844000
1776224845.453,145.453,0.9,95.12,0.89,15.0,0.91,178.22,0.92,5.0,0.09,162.0,0.08,5.0,0.1,75.0,0.11,15.0,0.01,0.01,2326.036085,1776224844000
1776224846.375,146.375,0.9,100.12,0.89,15.0,0.91,140.02,0.92,5.0,0.09,178.22,0.08,5.0,0.1,95.12,0.11,15.0,0.01,0.01,2326.036085,1776224844000
1776224846.781,146.781,0.9,100.12,0.89,15.0,0.91,118.04,0.92,5.0,0.09,118.04,0.08,5.0,0.1,100.12,0.11,15.0,0.01,0.01,2326.15,1776224845000
1776224847.242,147.242,0.9,116.62,0.89,36.5,0.91,127.26,0.92,5.0,0.09,118.04,0.08,5.0,0.1,100.12,0.11,15.0,0.01,0.01,2326.15,1776224845000
1776224847.462,147.462,0.9,116.62,0.89,36.5,0.91,127.26,0.92,5.0,0.09,127.26,0.08,5.0,0.1,116.62,0.11,36.5,0.01,0.01,2326.383245,1776224846000
1776224848.284,148.284,0.9,116.62,0.89,36.5,0.91,127.26,0.92,5.0,0.09,127.26,0.08,5.0,0.1,116.62,0.11,36.5,0.01,0.01,2326.407285,1776224847000
1776224849.65,149.65,0.9,116.62,0.89,36.5,0.91,127.26,0.92,5.0,0.09,127.26,0.08,5.0,0.1,116.62,0.11,36.5,0.01,0.01,2326.44717,1776224848000
1776224850.205,150.205,0.9,160.62,0.89,36.5,0.91,118.19,0.92,71.0,0.09,127.26,0.08,5.0,0.1,116.62,0.11,36.5,0.01,0.01,2326.44717,1776224848000
1776224851.131,151.131,0.91,92.5,0.9,100.62,0.92,11.9,0.93,122.3,0.09,118.19,0.08,71.0,0.1,160.62,0.11,36.5,0.01,0.01,2326.609866,1776224849000
1776224851.591,151.591,0.91,92.5,0.9,100.62,0.92,3.58,0.93,122.3,0.08,3.58,0.07,122.3,0.09,92.5,0.1,100.62,0.01,0.01,2326.567216,1776224850000
1776224851.893,151.893,0.92,61.5,0.91,57.5,0.93,71.42,0.94,91.0,0.07,129.49,0.06,160.8,0.08,56.5,0.09,62.5,0.01,0.01,2326.567216,1776224850000
1776224852.243,152.243,0.92,61.5,0.91,57.5,0.93,71.42,0.94,91.0,0.07,71.42,0.06,91.0,0.08,61.5,0.09,57.5,0.01,0.01,2326.649754,1776224851000
1776224852.936,152.936,0.92,40.25,0.91,37.0,0.93,65.0,0.94,96.0,0.07,43.25,0.06,81.0,0.08,56.5,0.09,57.5,0.01,0.01,2326.649754,1776224851000
1776224853.15,153.15,0.92,0.66,0.91,5.0,0.93,306.0,0.94,165.8,0.07,65.0,0.06,96.0,0.08,40.25,0.09,37.0,0.01,0.01,2326.649754,1776224851000
1776224853.449,153.449,0.91,4.9,0.9,5.0,0.92,98.34,0.93,61.0,0.08,98.34,0.07,61.0,0.09,4.9,0.1,5.0,0.01,0.01,2326.459045,1776224852000
1776224853.803,153.803,0.88,20.5,0.87,62.5,0.91,80.0,0.92,64.34,0.08,98.34,0.07,61.0,0.09,4.9,0.1,5.0,0.03,0.01,2326.459045,1776224852000
1776224854.271,154.271,0.89,20.0,0.88,25.5,0.9,25.44,0.91,177.01,0.09,80.0,0.08,64.34,0.12,20.5,0.13,62.5,0.01,0.03,2326.459045,1776224852000
1776224855.044,155.044,0.89,20.0,0.88,25.5,0.9,25.44,0.91,177.01,0.1,25.44,0.09,177.01,0.11,20.0,0.12,25.5,0.01,0.01,2326.340918,1776224854000
1776224856.149,156.149,0.89,20.0,0.88,25.5,0.9,25.44,0.91,177.01,0.1,25.44,0.09,177.01,0.11,20.0,0.12,25.5,0.01,0.01,2326.226585,1776224855000
1776224856.385,156.385,0.9,30.5,0.89,25.5,0.91,76.9,0.92,140.24,0.1,25.44,0.09,177.01,0.11,20.0,0.12,25.5,0.01,0.01,2326.226585,1776224855000
1776224856.87,156.87,0.9,30.5,0.89,25.5,0.91,76.9,0.92,140.24,0.09,76.9,0.08,140.24,0.1,30.5,0.11,25.5,0.01,0.01,2326.158215,1776224856000
1776224857.686,157.686,0.9,35.5,0.89,30.5,0.91,187.8,0.92,140.24,0.09,76.9,0.08,140.24,0.1,30.5,0.11,25.5,0.01,0.01,2326.158215,1776224856000
1776224857.987,157.987,0.9,35.5,0.89,30.5,0.91,187.8,0.92,140.24,0.09,187.8,0.08,140.24,0.1,35.5,0.11,30.5,0.01,0.01,2326.358026,1776224857000
1776224859.221,159.221,0.9,35.5,0.89,30.5,0.91,187.8,0.92,140.24,0.09,187.8,0.08,140.24,0.1,35.5,0.11,30.5,0.01,0.01,2326.358641,1776224858000
1776224860.282,160.282,0.9,6.99,0.89,30.5,0.91,188.0,0.92,91.34,0.09,187.8,0.08,140.24,0.1,35.5,0.11,30.5,0.01,0.01,2326.358641,1776224858000
1776224860.484,160.484,0.9,1.99,0.89,30.5,0.91,228.0,0.92,106.34,0.09,170.0,0.08,96.34,0.1,6.99,0.11,30.5,0.01,0.01,2326.248755,1776224859000
1776224860.915,160.915,0.9,1.99,0.89,30.5,0.91,228.0,0.92,106.34,0.09,228.0,0.08,106.34,0.1,1.99,0.11,30.5,0.01,0.01,2326.364786,1776224860000
1776224861.835,161.835,0.89,0.15,0.88,25.5,0.9,90.0,0.91,232.0,0.09,228.0,0.08,106.34,0.1,1.99,0.11,30.5,0.01,0.01,2326.364786,1776224860000
1776224862.423,162.423,0.88,0.12,0.87,30.5,0.89,41.0,0.9,64.0,0.1,95.0,0.09,237.0,0.12,11.96,0.13,25.5,0.01,0.02,2326.364786,1776224860000
1776224862.739,162.739,0.88,10.62,0.87,30.5,0.89,37.76,0.9,64.0,0.11,37.76,0.1,64.0,0.12,10.62,0.13,30.5,0.01,0.01,2326.295201,1776224861000
1776224863.014,163.014,0.88,10.11,0.87,35.5,0.89,1.76,0.9,52.0,0.11,37.76,0.1,64.0,0.12,10.62,0.13,30.5,0.01,0.01,2326.295201,1776224861000
1776224863.347,163.347,0.88,10.11,0.87,35.5,0.89,1.76,0.9,52.0,0.11,1.76,0.1,52.0,0.12,10.11,0.13,35.5,0.01,0.01,2326.18294,1776224862000
1776224863.927,163.927,0.88,10.11,0.87,35.5,0.89,1.76,0.9,52.0,0.11,1.76,0.1,52.0,0.12,10.11,0.13,35.5,0.01,0.01,2326.1414,1776224863000
1776224864.153,164.153,0.88,31.11,0.87,49.5,0.89,9.96,0.91,153.0,0.11,1.76,0.1,52.0,0.12,10.11,0.13,35.5,0.01,0.01,2326.1414,1776224863000
1776224865.18,165.18,0.88,31.11,0.87,49.5,0.89,4.9,0.91,153.0,0.11,4.9,0.09,153.0,0.12,31.11,0.13,49.5,0.01,0.01,2326.187086,1776224864000
1776224866.315,166.315,0.88,31.11,0.87,49.5,0.89,4.9,0.91,153.0,0.11,4.9,0.09,153.0,0.12,31.11,0.13,49.5,0.01,0.01,2326.130305,1776224865000
1776224867.214,167.214,0.9,25.5,0.89,25.5,0.91,141.0,0.92,130.34,0.11,4.9,0.09,153.0,0.12,31.11,0.13,49.5,0.01,0.01,2326.130305,1776224865000
1776224867.475,167.475,0.9,25.5,0.89,25.5,0.91,141.0,0.92,130.34,0.09,141.0,0.08,130.34,0.1,25.5,0.11,25.5,0.01,0.01,2326.21347,1776224866000
1776224868.031,168.031,0.9,25.5,0.89,25.5,0.91,141.0,0.92,130.34,0.09,141.0,0.08,130.34,0.1,25.5,0.11,25.5,0.01,0.01,2326.22158,1776224867000
1776224869.252,169.252,0.9,25.5,0.89,25.5,0.91,141.0,0.92,130.34,0.09,141.0,0.08,130.34,0.1,25.5,0.11,25.5,0.01,0.01,2326.2217,1776224868000
1776224870.363,170.363,0.9,25.5,0.89,25.5,0.91,141.0,0.92,130.34,0.09,141.0,0.08,130.34,0.1,25.5,0.11,25.5,0.01,0.01,2326.20344,1776224869000
1776224870.968,170.968,0.9,25.5,0.89,25.5,0.91,141.0,0.92,130.34,0.09,141.0,0.08,130.34,0.1,25.5,0.11,25.5,0.01,0.01,2326.20045,1776224870000
1776224872.288,172.288,0.9,25.5,0.89,25.5,0.91,141.0,0.92,130.34,0.09,141.0,0.08,130.34,0.1,25.5,0.11,25.5,0.01,0.01,2326.19026,1776224871000
1776224872.823,172.823,0.9,20.0,0.89,25.5,0.91,124.28,0.92,104.34,0.09,141.0,0.08,130.34,0.1,25.5,0.11,25.5,0.01,0.01,2326.19026,1776224871000
1776224874.158,174.158,0.9,20.0,0.89,25.5,0.91,124.28,0.92,104.34,0.09,124.28,0.08,104.34,0.1,20.0,0.11,25.5,0.01,0.01,2326.17664,1776224873000
1776224875.298,175.298,0.9,20.0,0.89,25.5,0.91,124.28,0.92,104.34,0.09,124.28,0.08,104.34,0.1,20.0,0.11,25.5,0.01,0.01,2326.18265,1776224874000
1776224875.928,175.928,0.9,20.0,0.89,25.5,0.91,124.28,0.92,104.34,0.09,124.28,0.08,104.34,0.1,20.0,0.11,25.5,0.01,0.01,2326.293652,1776224875000
1776224876.141,176.141,0.86,11.53,0.85,25.0,0.91,230.28,0.92,109.34,0.09,230.28,0.08,109.34,0.13,5.5,0.14,25.5,0.05,0.04,2326.293652,1776224875000
1776224877.098,177.098,0.85,15.29,0.84,20.0,0.87,25.0,0.9,64.5,0.13,25.0,0.1,64.5,0.15,15.29,0.16,20.0,0.02,0.02,2326.18186,1776224876000
1776224878.934,178.934,0.85,4.95,0.84,5.0,0.86,20.5,0.87,42.5,0.13,25.0,0.1,64.5,0.15,15.29,0.16,20.0,0.01,0.02,2326.18186,1776224876000
1776224879.344,179.344,0.8,21.0,0.79,25.5,0.82,12.0,0.83,10.0,0.18,27.77,0.14,20.5,0.21,134.0,0.22,10.0,0.02,0.03,2326.10054,1776224877000
1776224880.101,180.101,0.8,21.0,0.79,25.5,0.82,12.0,0.83,10.0,0.18,12.0,0.17,10.0,0.2,21.0,0.21,25.5,0.02,0.02,2326.01245,1776224878000
1776224881.116,181.116,0.8,21.0,0.79,25.5,0.82,12.0,0.83,10.0,0.18,12.0,0.17,10.0,0.2,21.0,0.21,25.5,0.02,0.02,2325.94678,1776224879000
1776224881.994,181.994,0.8,21.0,0.79,25.5,0.82,12.0,0.83,10.0,0.18,12.0,0.17,10.0,0.2,21.0,0.21,25.5,0.02,0.02,2325.785118,1776224880000
1776224883.092,183.092,0.8,21.0,0.79,25.5,0.82,12.0,0.83,10.0,0.18,12.0,0.17,10.0,0.2,21.0,0.21,25.5,0.02,0.02,2325.780083,1776224881000
1776224883.919,183.919,0.82,30.0,0.81,32.0,0.83,5.0,0.84,20.5,0.17,5.0,0.16,20.5,0.18,30.0,0.19,32.0,0.01,0.01,2325.69229,1776224882000
1776224884.636,184.636,0.83,25.0,0.82,25.0,0.84,23.8,0.85,25.5,0.17,5.0,0.16,20.5,0.18,30.0,0.19,32.0,0.01,0.01,2325.69229,1776224882000
1776224885.025,185.025,0.83,25.0,0.82,25.0,0.84,23.8,0.85,25.5,0.16,23.8,0.15,25.5,0.17,25.0,0.18,25.0,0.01,0.01,2325.692045,1776224883000
1776224885.883,185.883,0.83,25.0,0.82,25.0,0.84,23.8,0.85,25.5,0.16,23.8,0.15,25.5,0.17,25.0,0.18,25.0,0.01,0.01,2325.71042,1776224884000
1776224886.774,186.774,0.83,25.0,0.82,25.0,0.84,23.8,0.85,25.5,0.16,23.8,0.15,25.5,0.17,25.0,0.18,25.0,0.01,0.01,2325.700315,1776224885000
1776224887.405,187.405,0.83,25.0,0.82,25.0,0.84,23.8,0.85,25.5,0.16,23.8,0.15,25.5,0.17,25.0,0.18,25.0,0.01,0.01,2325.70513,1776224886000
1776224888.047,188.047,0.83,25.0,0.82,25.0,0.84,23.8,0.85,25.5,0.16,23.8,0.15,25.5,0.17,25.0,0.18,25.0,0.01,0.01,2325.705375,1776224887000
1776224889.304,189.304,0.77,1.0,0.76,20.5,0.79,20.0,0.8,20.5,0.21,20.0,0.2,20.5,0.23,1.0,0.24,20.5,0.02,0.02,2325.70536,1776224888000
1776224889.962,189.962,0.8,101.5,0.79,40.5,0.81,5.74,0.82,17.0,0.21,20.0,0.2,20.5,0.23,1.0,0.24,20.5,0.01,0.02,2325.70536,1776224888000
1776224891.286,191.286,0.8,106.5,0.79,35.5,0.82,12.19,0.84,20.0,0.18,12.19,0.16,20.0,0.2,106.5,0.21,35.5,0.02,0.02,2325.627624,1776224890000
1776224892.626,192.626,0.8,106.5,0.79,35.5,0.82,12.19,0.84,20.0,0.18,12.19,0.16,20.0,0.2,106.5,0.21,35.5,0.02,0.02,2325.679575,1776224891000
1776224893.312,193.312,0.8,106.5,0.79,35.5,0.82,12.19,0.84,20.0,0.18,12.19,0.16,20.0,0.2,106.5,0.21,35.5,0.02,0.02,2325.678925,1776224892000
1776224894.028,194.028,0.8,106.5,0.79,35.5,0.82,12.19,0.84,20.0,0.18,12.19,0.16,20.0,0.2,106.5,0.21,35.5,0.02,0.02,2325.738644,1776224893000
1776224895.661,195.661,0.8,106.5,0.79,35.5,0.82,12.19,0.84,20.0,0.18,12.19,0.16,20.0,0.2,106.5,0.21,35.5,0.02,0.02,2325.636045,1776224894000
1776224896.467,196.467,0.8,106.5,0.79,35.5,0.82,12.19,0.84,20.0,0.18,12.19,0.16,20.0,0.2,106.5,0.21,35.5,0.02,0.02,2325.636025,1776224895000
1776224897.124,197.124,0.79,38.25,0.78,32.0,0.81,10.0,0.82,37.69,0.18,12.19,0.16,20.0,0.2,106.5,0.21,35.5,0.02,0.02,2325.636025,1776224895000
1776224898.93,198.93,0.79,38.25,0.78,32.0,0.81,10.0,0.82,37.69,0.19,10.0,0.18,37.69,0.21,38.25,0.22,32.0,0.02,0.02,2325.64226,1776224898000
1776224899.274,199.274,0.83,93.0,0.82,25.0,0.85,6.17,0.86,38.5,0.19,10.0,0.18,37.69,0.21,38.25,0.22,32.0,0.02,0.02,2325.64226,1776224898000
1776224900.387,200.387,0.83,93.0,0.82,25.0,0.85,6.17,0.86,38.5,0.15,6.17,0.14,38.5,0.17,93.0,0.18,25.0,0.02,0.02,2325.680374,1776224899000
1776224900.944,200.944,0.83,93.0,0.82,25.0,0.85,6.17,0.86,38.5,0.15,6.17,0.14,38.5,0.17,93.0,0.18,25.0,0.02,0.02,2325.630755,1776224900000
1776224902.045,202.045,0.83,98.0,0.82,40.5,0.84,3.8,0.85,20.5,0.15,6.17,0.14,38.5,0.17,93.0,0.18,25.0,0.01,0.02,2325.630755,1776224900000
1776224903.243,203.243,0.83,98.0,0.82,40.5,0.84,2.6,0.85,20.5,0.16,2.6,0.15,20.5,0.17,98.0,0.18,40.5,0.01,0.01,2325.64098,1776224902000
1776224904.33,204.33,0.83,103.0,0.82,40.5,0.88,36.25,0.89,52.79,0.12,36.25,0.11,52.79,0.17,103.0,0.18,40.5,0.05,0.05,2325.763971,1776224903000
1776224904.88,204.88,0.83,103.0,0.82,40.5,0.88,36.25,0.89,52.79,0.12,36.25,0.11,52.79,0.17,103.0,0.18,40.5,0.05,0.05,2325.635595,1776224904000
1776224906.02,206.02,0.83,103.0,0.82,40.5,0.88,36.25,0.89,52.79,0.12,36.25,0.11,52.79,0.17,103.0,0.18,40.5,0.05,0.05,2325.63593,1776224905000
1776224907.144,207.144,0.85,90.0,0.84,30.5,0.86,43.72,0.87,39.5,0.14,43.72,0.13,39.5,0.15,90.0,0.16,30.5,0.01,0.01,2325.704158,1776224906000
1776224908.26,208.26,0.85,90.0,0.84,30.5,0.86,43.72,0.87,39.5,0.14,43.72,0.13,39.5,0.15,90.0,0.16,30.5,0.01,0.01,2325.64839,1776224907000
1776224909.314,209.314,0.85,90.0,0.84,30.5,0.86,43.72,0.87,39.5,0.14,43.72,0.13,39.5,0.15,90.0,0.16,30.5,0.01,0.01,2325.663632,1776224908000
1776224910.314,210.314,0.85,90.0,0.84,30.5,0.86,42.55,0.87,20.5,0.14,42.55,0.13,20.5,0.15,90.0,0.16,30.5,0.01,0.01,2325.745545,1776224909000
1776224910.897,210.897,0.85,35.0,0.84,30.5,0.86,46.38,0.87,20.5,0.14,46.38,0.13,20.5,0.15,35.0,0.16,30.5,0.01,0.01,2325.627575,1776224910000
1776224911.437,211.437,0.85,40.0,0.84,35.5,0.86,44.38,0.87,20.5,0.14,46.38,0.13,20.5,0.15,35.0,0.16,30.5,0.01,0.01,2325.627575,1776224910000
1776224911.97,211.97,0.85,40.0,0.84,35.5,0.86,44.38,0.87,20.5,0.14,44.38,0.13,20.5,0.15,40.0,0.16,35.5,0.01,0.01,2325.72703,1776224911000
1776224913.61,213.61,0.85,40.0,0.84,35.5,0.86,44.38,0.87,20.5,0.14,44.38,0.13,20.5,0.15,40.0,0.16,35.5,0.01,0.01,2325.732808,1776224912000
1776224914.141,214.141,0.85,40.0,0.84,35.5,0.86,44.38,0.87,20.5,0.14,44.38,0.13,20.5,0.15,40.0,0.16,35.5,0.01,0.01,2325.711094,1776224913000
1776224915.135,215.135,0.85,40.0,0.84,35.5,0.86,44.38,0.87,20.5,0.14,44.38,0.13,20.5,0.15,40.0,0.16,35.5,0.01,0.01,2325.638385,1776224914000
1776224915.422,215.422,0.85,91.5,0.84,67.32,0.86,0.06,0.89,5.0,0.14,44.38,0.13,20.5,0.15,40.0,0.16,35.5,0.01,0.01,2325.638385,1776224914000
1776224916.248,216.248,0.86,20.94,0.85,86.5,0.89,15.0,0.9,11.0,0.11,15.0,0.1,11.0,0.14,20.94,0.15,86.5,0.03,0.03,2325.648475,1776224915000
1776224916.467,216.467,0.88,49.0,0.87,35.5,0.89,9.83,0.9,21.5,0.11,15.0,0.1,11.0,0.14,20.94,0.15,86.5,0.01,0.03,2325.648475,1776224915000
1776224917.172,217.172,0.88,49.0,0.87,35.5,0.89,9.83,0.9,21.5,0.11,9.83,0.1,21.5,0.12,49.0,0.13,35.5,0.01,0.01,2325.68701,1776224916000
1776224918.316,218.316,0.88,49.0,0.87,35.5,0.89,9.83,0.9,21.5,0.11,9.83,0.1,21.5,0.12,49.0,0.13,35.5,0.01,0.01,2325.782705,1776224917000
1776224918.885,218.885,0.88,59.5,0.87,35.5,0.91,73.43,0.92,89.91,0.11,9.83,0.1,21.5,0.12,49.0,0.13,35.5,0.03,0.01,2325.782705,1776224917000
1776224919.306,219.306,0.88,59.5,0.87,35.5,0.91,73.43,0.92,89.91,0.09,73.43,0.08,89.91,0.12,59.5,0.13,35.5,0.03,0.03,2325.829057,1776224918000
1776224920.367,220.367,0.88,59.5,0.87,35.5,0.91,73.43,0.92,89.91,0.09,73.43,0.08,89.91,0.12,59.5,0.13,35.5,0.03,0.03,2325.772585,1776224919000
1776224920.845,220.845,0.88,59.5,0.87,35.5,0.91,73.43,0.92,89.91,0.09,73.43,0.08,89.91,0.12,59.5,0.13,35.5,0.03,0.03,2325.767615,1776224920000
1776224921.912,221.912,0.88,59.5,0.87,35.5,0.91,73.43,0.92,89.91,0.09,73.43,0.08,89.91,0.12,59.5,0.13,35.5,0.03,0.03,2325.77769,1776224921000
1776224922.969,222.969,0.88,59.5,0.87,35.5,0.91,73.43,0.92,89.91,0.09,73.43,0.08,89.91,0.12,59.5,0.13,35.5,0.03,0.03,2325.75746,1776224922000
1776224923.989,223.989,0.88,59.5,0.87,35.5,0.91,73.43,0.92,89.91,0.09,73.43,0.08,89.91,0.12,59.5,0.13,35.5,0.03,0.03,2325.763405,1776224923000
1776224924.969,224.969,0.88,59.5,0.87,35.5,0.91,73.43,0.92,89.91,0.09,73.43,0.08,89.91,0.12,59.5,0.13,35.5,0.03,0.03,2325.770045,1776224924000
1776224926.024,226.024,0.88,59.5,0.87,35.5,0.91,73.43,0.92,89.91,0.09,73.43,0.08,89.91,0.12,59.5,0.13,35.5,0.03,0.03,2325.75363,1776224925000
1776224927.108,227.108,0.88,59.5,0.87,35.5,0.91,73.43,0.92,89.91,0.09,73.43,0.08,89.91,0.12,59.5,0.13,35.5,0.03,0.03,2325.75293,1776224926000
1776224927.944,227.944,0.9,58.5,0.89,30.5,0.91,39.84,0.92,74.0,0.09,73.43,0.08,89.91,0.12,59.5,0.13,35.5,0.01,0.03,2325.75293,1776224926000
1776224928.45,228.45,0.9,58.5,0.89,30.5,0.91,39.84,0.92,74.0,0.09,39.84,0.08,74.0,0.1,58.5,0.11,30.5,0.01,0.01,2325.74648,1776224927000
1776224929.047,229.047,0.9,58.5,0.89,30.5,0.91,39.84,0.92,74.0,0.09,39.84,0.08,74.0,0.1,58.5,0.11,30.5,0.01,0.01,2325.75319,1776224928000
1776224929.254,229.254,0.94,71.5,0.93,20.0,0.95,21.94,0.96,162.0,0.05,30.37,0.04,162.0,0.06,60.5,0.07,20.0,0.01,0.01,2325.75319,1776224928000
1776224929.566,229.566,0.94,87.5,0.93,25.0,0.95,23.6,0.96,127.0,0.05,21.94,0.04,162.0,0.06,71.5,0.07,20.0,0.01,0.01,2325.75319,1776224928000
1776224930.115,230.115,0.94,82.5,0.93,45.0,0.96,113.35,0.97,306.0,0.05,2.54,0.04,127.0,0.06,92.5,0.07,25.0,0.02,0.01,2325.75319,1776224928000
1776224930.539,230.539,0.95,66.5,0.94,65.5,0.96,120.22,0.97,606.0,0.04,113.35,0.03,306.0,0.06,82.5,0.07,45.0,0.01,0.02,2325.75875,1776224929000
1776224930.82,230.82,0.95,71.05,0.94,65.5,0.96,119.17,0.97,606.0,0.04,119.17,0.03,606.0,0.05,66.5,0.06,65.5,0.01,0.01,2325.75875,1776224929000
1776224931.083,231.083,0.95,69.05,0.94,65.5,0.96,119.17,0.97,606.0,0.04,119.17,0.03,606.0,0.05,71.05,0.06,65.5,0.01,0.01,2325.75875,1776224929000
1776224931.49,231.49,0.95,69.05,0.94,65.5,0.96,119.17,0.97,606.0,0.04,119.17,0.03,606.0,0.05,69.05,0.06,65.5,0.01,0.01,2325.96854,1776224930000
1776224932.106,232.106,0.95,69.05,0.94,65.5,0.96,119.17,0.97,606.0,0.04,119.17,0.03,606.0,0.05,69.05,0.06,65.5,0.01,0.01,2326.250441,1776224931000
1776224932.598,232.598,0.95,79.05,0.94,81.5,0.96,25.17,0.97,612.0,0.04,119.17,0.03,606.0,0.05,69.05,0.06,65.5,0.01,0.01,2326.250441,1776224931000
1776224933.072,233.072,0.95,79.05,0.94,81.5,0.96,8.96,0.97,612.0,0.04,25.17,0.03,612.0,0.05,79.05,0.06,81.5,0.01,0.01,2326.250441,1776224931000
1776224933.324,233.324,0.85,33.67,0.84,46.8,0.96,1.96,0.97,612.0,0.04,8.96,0.03,612.0,0.05,79.05,0.06,81.5,0.11,0.01,2326.250441,1776224931000
1776224933.6,233.6,0.91,26.0,0.9,39.49,0.93,3.19,0.94,22.76,0.04,1.96,0.03,612.0,0.15,33.67,0.16,46.8,0.02,0.11,2326.226488,1776224932000
1776224934.189,234.189,0.91,21.0,0.9,39.49,0.94,5.49,0.95,77.0,0.06,5.49,0.05,77.0,0.09,21.0,0.1,39.49,0.03,0.03,2326.22759,1776224933000
1776224935.592,235.592,0.93,109.1,0.92,174.04,0.96,27.91,0.97,514.0,0.06,5.49,0.05,77.0,0.09,21.0,0.1,39.49,0.03,0.03,2326.22759,1776224933000
1776224936.039,236.039,0.94,35.0,0.93,48.0,0.97,431.75,0.98,1155.0,0.04,27.91,0.03,514.0,0.07,109.1,0.08,174.04,0.03,0.03,2326.280673,1776224934000
1776224936.423,236.423,0.94,35.0,0.93,48.0,0.97,431.75,0.98,1155.0,0.03,431.75,0.02,1155.0,0.06,35.0,0.07,48.0,0.03,0.03,2326.322472,1776224935000
1776224936.978,236.978,0.94,35.0,0.93,48.0,0.97,431.75,0.98,1155.0,0.03,431.75,0.02,1155.0,0.06,35.0,0.07,48.0,0.03,0.03,2326.255325,1776224936000
1776224938.429,238.429,0.94,35.0,0.93,48.0,0.97,431.75,0.98,1155.0,0.03,431.75,0.02,1155.0,0.06,35.0,0.07,48.0,0.03,0.03,2326.255325,1776224937000
1776224938.996,238.996,0.94,35.0,0.93,48.0,0.97,431.75,0.98,1155.0,0.03,431.75,0.02,1155.0,0.06,35.0,0.07,48.0,0.03,0.03,2326.268967,1776224938000
1776224940.14,240.14,0.94,35.0,0.93,48.0,0.97,431.75,0.98,1155.0,0.03,431.75,0.02,1155.0,0.06,35.0,0.07,48.0,0.03,0.03,2326.324255,1776224939000
1776224940.827,240.827,0.94,185.72,0.93,56.25,0.95,7.89,0.96,10.0,0.03,431.75,0.02,1155.0,0.06,35.0,0.07,48.0,0.01,0.03,2326.324255,1776224939000
1776224941.102,241.102,0.95,36.0,0.94,15.0,0.97,31.25,0.98,1379.0,0.04,6.89,0.03,34.75,0.06,185.72,0.07,56.25,0.02,0.02,2326.324255,1776224939000
1776224941.461,241.461,0.96,3.06,0.95,31.0,0.97,25.25,0.98,1379.0,0.03,31.25,0.02,1379.0,0.05,36.0,0.06,15.0,0.01,0.02,2326.24672,1776224940000
1776224941.876,241.876,0.95,31.0,0.94,15.0,0.96,7.91,0.97,25.25,0.03,25.25,0.02,1379.0,0.04,3.06,0.05,31.0,0.01,0.01,2326.24672,1776224940000
1776224942.135,242.135,0.95,57.57,0.94,15.0,0.97,21.73,0.98,1379.0,0.04,1.66,0.03,25.25,0.05,57.57,0.06,15.0,0.02,0.01,2326.24672,1776224940000
1776224942.618,242.618,0.95,57.57,0.94,15.0,0.97,14.62,0.98,1379.0,0.03,21.73,0.02,1379.0,0.05,57.57,0.06,15.0,0.02,0.02,2326.23859,1776224941000
1776224943.365,243.365,0.95,67.57,0.94,15.0,0.97,12.55,0.98,1379.0,0.03,14.62,0.02,1379.0,0.05,57.57,0.06,15.0,0.02,0.02,2326.23859,1776224941000
1776224943.766,243.766,0.96,20.0,0.95,36.0,0.97,7.4,0.98,1379.0,0.03,12.55,0.02,1379.0,0.05,67.57,0.06,15.0,0.01,0.02,2326.23859,1776224941000
1776224944.047,244.047,0.96,153.38,0.95,26.25,0.98,277.4,0.99,1996.87,0.03,7.4,0.02,1379.0,0.04,20.0,0.05,36.0,0.02,0.01,2326.314108,1776224942000
1776224944.453,244.453,0.96,153.38,0.95,26.25,0.98,277.4,0.99,1996.87,0.02,277.4,0.01,1996.87,0.04,153.38,0.05,26.25,0.02,0.02,2326.305574,1776224943000
1776224945.067,245.067,0.97,191.59,0.96,40.0,0.98,265.28,0.99,2006.87,0.02,277.4,0.01,1996.87,0.04,153.38,0.05,26.25,0.01,0.02,2326.305574,1776224943000
1776224945.289,245.289,0.97,190.3,0.96,40.0,0.98,265.28,0.99,2006.87,0.02,265.28,0.01,2006.87,0.03,191.59,0.04,40.0,0.01,0.01,2326.2331,1776224944000
1776224945.697,245.697,0.97,185.3,0.96,40.0,0.98,234.22,0.99,2006.87,0.02,239.22,0.01,2006.87,0.03,190.3,0.04,40.0,0.01,0.01,2326.2331,1776224944000
1776224946.097,246.097,0.97,172.59,0.96,40.0,0.98,229.22,0.99,2407.87,0.02,234.22,0.01,2006.87,0.03,172.59,0.04,40.0,0.01,0.01,2326.2331,1776224944000
1776224947.003,247.003,0.97,154.59,0.96,30.0,0.98,419.21,0.99,2512.87,0.02,229.22,0.01,2407.87,0.03,172.59,0.04,40.0,0.01,0.01,2326.2331,1776224944000
1776224947.811,247.811,0.97,139.59,0.96,20.0,0.98,307.21,0.99,2912.87,0.02,419.21,0.01,2512.87,0.03,154.59,0.04,30.0,0.01,0.01,2326.433858,1776224946000
1776224948.308,248.308,0.97,139.59,0.96,20.0,0.98,307.21,0.99,2912.87,0.02,307.21,0.01,2912.87,0.03,139.59,0.04,20.0,0.01,0.01,2326.521415,1776224947000
1776224949.249,249.249,0.97,139.59,0.96,20.0,0.98,307.21,0.99,2912.87,0.02,307.21,0.01,2912.87,0.03,139.59,0.04,20.0,0.01,0.01,2326.53744,1776224948000
1776224949.778,249.778,0.97,165.59,0.96,25.0,0.98,276.21,0.99,3000.87,0.02,307.21,0.01,2912.87,0.03,139.59,0.04,20.0,0.01,0.01,2326.53744,1776224948000
1776224950.016,250.016,0.97,170.59,0.96,25.0,0.98,257.4,0.99,3000.87,0.02,272.4,0.01,3000.87,0.03,165.59,0.04,25.0,0.01,0.01,2326.53744,1776224948000
1776224950.478,250.478,0.97,170.59,0.96,25.0,0.98,170.38,0.99,2273.11,0.02,257.4,0.01,3000.87,0.03,170.59,0.04,25.0,0.01,0.01,2326.53744,1776224948000
1776224950.752,250.752,0.97,170.59,0.96,25.0,0.98,140.38,0.99,2065.11,0.02,170.38,0.01,2273.11,0.03,170.59,0.04,25.0,0.01,0.01,2326.75595,1776224949000
1776224951.14,251.14,0.97,170.59,0.96,25.0,0.98,140.38,0.99,2065.11,0.02,140.38,0.01,2065.11,0.03,170.59,0.04,25.0,0.01,0.01,2326.75595,1776224950000
1776224951.49,251.49,0.97,165.44,0.96,20.0,0.98,139.35,0.99,2062.11,0.02,145.38,0.01,2062.11,0.03,160.44,0.04,20.0,0.01,0.01,2326.75595,1776224950000
1776224951.89,251.89,0.97,170.44,0.96,20.0,0.98,124.09,0.99,2062.11,0.02,139.35,0.01,2062.11,0.03,170.44,0.04,20.0,0.01,0.01,2326.75595,1776224950000
1776224952.184,252.184,0.97,175.44,0.96,20.0,0.98,98.67,0.99,2062.11,0.02,103.67,0.01,2062.11,0.03,170.44,0.04,20.0,0.01,0.01,2326.75595,1776224950000
1776224952.443,252.443,0.97,170.26,0.96,20.0,0.98,97.54,0.99,2062.11,0.02,97.54,0.01,2062.11,0.03,175.44,0.04,20.0,0.01,0.01,2326.75595,1776224950000
1776224952.85,252.85,0.97,175.26,0.96,20.0,0.98,59.54,0.99,2062.11,0.02,89.54,0.01,2062.11,0.03,170.26,0.04,20.0,0.01,0.01,2326.629145,1776224951000
1776224953.252,253.252,0.97,170.26,0.96,20.0,0.98,58.51,0.99,2062.11,0.02,58.51,0.01,2062.11,0.03,170.26,0.04,20.0,0.01,0.01,2326.615225,1776224952000
1776224953.682,253.682,0.97,175.26,0.96,20.0,0.98,32.38,0.99,2062.11,0.02,33.51,0.01,2062.11,0.03,175.26,0.04,20.0,0.01,0.01,2326.615225,1776224952000
1776224954.648,254.648,0.97,175.26,0.96,20.0,0.98,32.38,0.99,2062.11,0.02,32.38,0.01,2062.11,0.03,175.26,0.04,20.0,0.01,0.01,2326.713536,1776224953000
1776224955.293,255.293,0.97,175.26,0.96,20.0,0.98,32.38,0.99,2062.11,0.02,32.38,0.01,2062.11,0.03,175.26,0.04,20.0,0.01,0.01,2326.595455,1776224954000
1776224956.062,256.062,0.97,175.26,0.96,20.0,0.98,32.38,0.99,2062.11,0.02,32.38,0.01,2062.11,0.03,175.26,0.04,20.0,0.01,0.01,2326.60035,1776224955000
1776224956.501,256.501,0.97,281.66,0.96,20.0,0.98,34.34,0.99,1970.86,0.02,32.38,0.01,2062.11,0.03,175.26,0.04,20.0,0.01,0.01,2326.60035,1776224955000
1776224957.083,257.083,0.97,253.32,0.96,20.0,0.98,29.34,0.99,1970.86,0.02,34.34,0.01,1970.86,0.03,281.66,0.04,20.0,0.01,0.01,2326.60035,1776224955000
1776224957.776,257.776,0.97,253.32,0.96,27.27,0.98,2.06,0.99,1808.86,0.02,29.34,0.01,1970.86,0.03,253.32,0.04,20.0,0.01,0.01,2326.612325,1776224956000
1776224958.075,258.075,0.98,27.94,0.97,253.32,0.99,1808.86,,,0.02,2.06,0.01,1808.86,0.03,253.32,0.04,27.27,0.01,0.01,2326.612325,1776224956000
1776224958.328,258.328,0.98,166.46,0.97,76.52,0.99,1808.8,,,0.01,1808.86,,,0.02,27.94,0.03,253.32,0.01,0.01,2326.612325,1776224956000
1776224958.696,258.696,0.98,156.46,0.97,66.52,0.99,1878.78,,,0.01,1808.8,,,0.02,166.46,0.03,76.52,0.01,0.01,2326.612325,1776224956000
1776224959.326,259.326,0.98,76.47,0.97,66.52,0.99,1883.78,,,0.01,1883.78,,,0.02,76.47,0.03,66.52,0.01,0.01,2326.61118,1776224958000
1776224959.606,259.606,0.98,170.68,0.97,67.52,0.99,808.7,,,0.01,1883.78,,,0.02,76.47,0.03,66.52,0.01,0.01,2326.61118,1776224958000
1776224959.973,259.973,0.98,181.09,0.97,67.52,0.99,801.54,,,0.01,808.54,,,0.02,170.68,0.03,67.52,0.01,0.01,2326.61118,1776224958000
1776224960.345,260.345,0.98,186.09,0.97,67.52,0.99,579.47,,,0.01,799.54,,,0.02,181.09,0.03,67.52,0.01,0.01,2326.720147,1776224959000
1776224960.697,260.697,0.98,186.09,0.97,67.52,0.99,562.47,,,0.01,569.43,,,0.02,186.09,0.03,67.52,0.01,0.01,2326.720147,1776224959000
1776224960.987,260.987,0.98,186.09,0.97,67.52,0.99,521.52,,,0.01,542.26,,,0.02,186.09,0.03,67.52,0.01,0.01,2326.720147,1776224959000
1776224961.488,261.488,0.98,191.09,0.97,67.52,0.99,432.52,,,0.01,521.52,,,0.02,186.09,0.03,67.52,0.01,0.01,2326.720147,1776224959000
1776224961.817,261.817,0.98,191.09,0.97,67.52,0.99,400.52,,,0.01,430.52,,,0.02,196.09,0.03,67.52,0.01,0.01,2326.720147,1776224959000
1776224962.102,262.102,0.98,201.09,0.97,77.52,0.99,345.52,,,0.01,400.52,,,0.02,191.09,0.03,67.52,0.01,0.01,2326.53528,1776224960000
1776224962.895,262.895,0.98,201.09,0.97,77.52,0.99,345.52,,,0.01,345.52,,,0.02,201.09,0.03,77.52,0.01,0.01,2326.53529,1776224961000
1776224963.642,263.642,0.98,201.09,0.97,77.52,0.99,345.52,,,0.01,345.52,,,0.02,201.09,0.03,77.52,0.01,0.01,2326.541578,1776224962000
1776224964.332,264.332,0.98,201.09,0.97,91.51,0.99,278.03,,,0.01,325.32,,,0.02,201.09,0.03,77.52,0.01,0.01,2326.541578,1776224962000
1776224964.69,264.69,0.98,206.09,0.97,116.51,0.99,245.23,,,0.01,277.01,,,0.02,201.09,0.03,91.51,0.01,0.01,2326.62777,1776224963000
1776224965.079,265.079,0.98,206.09,0.97,116.51,0.99,245.23,,,0.01,245.23,,,0.02,206.09,0.03,116.51,0.01,0.01,2326.62765,1776224964000
1776224966.638,266.638,0.98,206.09,0.97,116.51,0.99,245.23,,,0.01,245.23,,,0.02,206.09,0.03,116.51,0.01,0.01,2326.677258,1776224965000
1776224967.356,267.356,0.98,206.09,0.97,116.51,0.99,245.23,,,0.01,245.23,,,0.02,206.09,0.03,116.51,0.01,0.01,2326.64497,1776224966000
1776224968.061,268.061,0.98,201.09,0.97,124.51,0.99,176.76,,,0.01,176.76,,,0.02,201.09,0.03,124.51,0.01,0.01,2326.64554,1776224967000
1776224969.525,269.525,0.98,201.09,0.97,124.51,0.99,176.76,,,0.01,176.76,,,0.02,201.09,0.03,124.51,0.01,0.01,2326.639985,1776224968000
1776224969.834,269.834,0.98,206.09,0.97,138.51,0.99,171.97,,,0.01,176.76,,,0.02,201.09,0.03,124.51,0.01,0.01,2326.639985,1776224968000
1776224970.202,270.202,0.98,206.09,0.97,138.51,0.99,171.97,,,0.01,171.97,,,0.02,206.09,0.03,138.51,0.01,0.01,2326.64082,1776224969000
1776224970.971,270.971,0.98,162.5,0.97,274.94,0.99,175.97,,,0.01,171.97,,,0.02,206.09,0.03,138.51,0.01,0.01,2326.64082,1776224969000
1776224971.648,271.648,0.98,180.77,0.97,274.94,0.99,150.87,,,0.01,150.87,,,0.02,180.77,0.03,274.94,0.01,0.01,2326.63955,1776224970000
1776224971.915,271.915,0.99,10.15,0.98,82.4,,,,,0.01,150.87,,,0.02,180.77,0.03,274.94,,0.01,2326.63955,1776224970000
1776224972.325,272.325,0.99,9.12,0.98,96.4,,,,,,,,,0.01,9.12,0.02,96.4,,,2326.639525,1776224971000
1776224972.652,272.652,0.99,48.84,0.98,96.4,,,,,,,,,0.01,9.12,0.02,96.4,,,2326.639525,1776224971000
1776224973.104,273.104,0.99,48.84,0.98,96.4,,,,,,,,,0.01,48.84,0.02,96.4,,,2326.634846,1776224972000
1776224974.419,274.419,0.99,13.5,0.98,30.41,,,,,,,,,0.01,23.4,0.02,30.41,,,2326.634846,1776224972000
1776224975.201,275.201,0.98,23.91,0.97,107.2,,,,,,,,,0.01,13.5,0.02,30.41,,,2326.63472,1776224973000
1776224975.599,275.599,0.98,18.91,0.97,91.2,0.99,107.93,,,,,,,0.02,23.91,0.03,107.2,0.01,,2326.59973,1776224974000
1776224976.689,276.689,0.98,18.91,0.97,91.2,0.99,119.24,,,0.01,119.24,,,0.02,18.91,0.03,91.2,0.01,0.01,2326.271215,1776224975000
1776224977.411,277.411,0.98,91.7,0.97,84.2,0.99,134.74,,,0.01,134.74,,,0.02,91.7,0.03,84.2,0.01,0.01,2326.27474,1776224976000
1776224977.956,277.956,0.98,111.89,0.97,96.2,0.99,55.48,,,0.01,134.74,,,0.02,91.7,0.03,84.2,0.01,0.01,2326.27474,1776224976000
1776224978.257,278.257,0.99,244.52,0.98,111.89,,,,,0.01,55.48,,,0.02,111.89,0.03,96.2,,0.01,2326.264429,1776224977000
1776224979.66,279.66,0.99,244.52,0.98,111.89,,,,,,,,,0.01,244.52,0.02,111.89,,,2326.231062,1776224978000
1776224980.876,280.876,0.99,244.52,0.98,111.89,,,,,,,,,0.01,244.52,0.02,111.89,,,2326.097175,1776224979000
1776224981.396,281.396,0.99,244.52,0.98,111.89,,,,,,,,,0.01,244.52,0.02,111.89,,,2326.12929,1776224980000
1776224981.928,281.928,0.99,244.52,0.98,111.89,,,,,,,,,0.01,244.52,0.02,111.89,,,2326.210644,1776224981000
1776224983.1,283.1,0.99,244.52,0.98,111.89,,,,,,,,,0.01,244.52,0.02,111.89,,,2326.219872,1776224982000
1776224984.419,284.419,0.99,244.52,0.98,111.89,,,,,,,,,0.01,244.52,0.02,111.89,,,2326.09105,1776224983000
1776224985.01,285.01,0.99,244.52,0.98,111.89,,,,,,,,,0.01,244.52,0.02,111.89,,,2326.100855,1776224984000
1776224986.194,286.194,0.99,244.52,0.98,111.89,,,,,,,,,0.01,244.52,0.02,111.89,,,2326.14415,1776224985000
1776224987.422,287.422,0.99,374.52,0.98,29.1,,,,,,,,,0.01,244.52,0.02,111.89,,,2326.14415,1776224985000
1776224988.175,288.175,0.99,374.52,0.98,29.1,,,,,,,,,0.01,374.52,0.02,29.1,,,2326.128362,1776224987000
1776224989.314,289.314,0.99,374.52,0.98,29.1,,,,,,,,,0.01,374.52,0.02,29.1,,,2326.03585,1776224988000
1776224989.953,289.953,0.99,374.52,0.98,29.1,,,,,,,,,0.01,374.52,0.02,29.1,,,2325.895535,1776224989000
1776224991.189,291.189,0.99,374.52,0.98,29.1,,,,,,,,,0.01,374.52,0.02,29.1,,,2325.96345,1776224990000
1776224992.534,292.534,0.99,374.52,0.98,29.1,,,,,,,,,0.01,374.52,0.02,29.1,,,2326.02,1776224991000
1776224993.093,293.093,0.99,374.52,0.98,29.1,,,,,,,,,0.01,374.52,0.02,29.1,,,2326.021354,1776224992000
1776224994.441,294.441,0.99,374.52,0.98,29.1,,,,,,,,,0.01,374.52,0.02,29.1,,,2326.017075,1776224993000
1776224995.074,295.074,0.99,374.52,0.98,29.1,,,,,,,,,0.01,374.52,0.02,29.1,,,2326.056475,1776224994000
1776224996.853,296.853,0.99,3149.33,0.98,169.82,,,,,,,,,0.01,3149.33,0.02,169.82,,,2326.075565,1776224995000
1776224997.574,297.574,0.99,3149.33,0.98,169.82,,,,,,,,,0.01,3149.33,0.02,169.82,,,2326.07137,1776224996000
1776224998.3,298.3,0.99,3149.33,0.98,169.82,,,,,,,,,0.01,3149.33,0.02,169.82,,,2326.080884,1776224997000
1776224999.644,299.644,0.99,3149.33,0.98,169.82,,,,,,,,,0.01,3149.33,0.02,169.82,,,2326.111913,1776224998000
1776225000.248,300.248,0.99,3149.33,0.98,169.82,,,,,,,,,0.01,3149.33,0.02,169.82,,,2326.119666,1776224999000

# RESULT,winner=Up,slug=eth-updown-5m-1776224700,ticks=453
