timestamp,elapsed_sec,up_bid_p1,up_bid_s1,up_bid_p2,up_bid_s2,up_ask_p1,up_ask_s1,up_ask_p2,up_ask_s2,down_bid_p1,down_bid_s1,down_bid_p2,down_bid_s2,down_ask_p1,down_ask_s1,down_ask_p2,down_ask_s2,up_spread,down_spread,eth_price,eth_oracle_ts
1776314100.992,0.992,0.5,14.9,0.48,20.0,0.6,31.5,0.61,40.0,0.46,5.0,0.4,38.0,0.5,14.9,0.52,20.0,0.1,0.04,2358.338399,1776314099000
1776314102.232,2.232,0.5,19.9,0.48,35.0,0.51,8.03,0.52,16.0,0.4,31.5,0.39,40.0,0.5,14.9,0.52,20.0,0.01,0.1,2358.374757,1776314100000
1776314103.39,3.39,0.5,14.9,0.49,10.0,0.51,4.14,0.52,16.0,0.49,8.03,0.48,16.0,0.5,19.9,0.52,35.0,0.01,0.01,2358.341242,1776314101000
1776314104.903,4.903,0.5,29.9,0.49,10.0,0.52,11.25,0.53,28.0,0.49,0.25,0.48,16.0,0.5,14.9,0.51,10.0,0.02,0.01,2358.354649,1776314103000
1776314106.411,6.411,0.54,10.0,0.53,15.0,0.55,73.18,0.56,75.0,0.48,11.25,0.47,28.0,0.5,29.9,0.51,10.0,0.01,0.02,2358.334025,1776314104000
1776314106.707,6.707,0.54,10.0,0.53,20.0,0.56,5.0,0.57,5.0,0.45,73.18,0.44,75.0,0.46,10.0,0.47,15.0,0.02,0.01,2358.307145,1776314105000
1776314108.37,8.37,0.56,15.0,0.55,10.0,0.57,47.24,0.58,13.0,0.44,5.0,0.43,5.0,0.46,10.0,0.47,20.0,0.01,0.02,2358.4537,1776314106000
1776314110.661,10.661,0.57,20.0,0.56,5.0,0.58,113.82,0.59,104.0,0.42,13.0,0.41,70.0,0.44,10.0,0.45,10.0,0.01,0.02,2358.597762,1776314108000
1776314114.577,14.577,0.57,10.0,0.55,5.49,0.58,59.09,0.59,162.0,0.42,108.82,0.41,126.99,0.43,20.0,0.44,5.0,0.01,0.01,2358.514003,1776314113000
1776314116.086,16.086,0.57,15.0,0.55,5.49,0.58,61.09,0.59,162.0,0.42,59.09,0.41,162.0,0.43,10.0,0.45,5.49,0.01,0.01,2358.590497,1776314114000
1776314118.438,18.438,0.57,19.88,0.56,26.0,0.58,9.0,0.59,86.0,0.42,51.09,0.41,162.0,0.43,10.0,0.45,5.49,0.01,0.01,2358.53569,1776314117000
1776314118.642,18.642,0.58,20.0,0.57,24.88,0.59,2.43,0.6,11.0,0.41,71.0,0.4,27.0,0.42,15.0,0.43,24.88,0.01,0.01,2358.53569,1776314117000
1776314119.722,19.722,0.64,15.0,0.63,68.0,0.65,7.0,0.66,26.0,0.4,6.0,0.39,90.0,0.42,20.0,0.43,95.88,0.01,0.02,2358.537705,1776314118000
1776314119.941,19.941,0.65,10.0,0.64,15.0,0.66,3.28,0.67,5.0,0.35,2.0,0.34,26.0,0.36,15.0,0.37,73.0,0.01,0.01,2358.537705,1776314118000
1776314120.226,20.226,0.66,15.0,0.65,15.0,0.67,3.5,0.68,78.0,0.34,3.28,0.33,5.0,0.35,10.0,0.36,15.0,0.01,0.01,2358.542102,1776314119000
1776314120.599,20.599,0.67,39.9,0.66,15.0,0.68,83.0,0.69,133.0,0.33,3.5,0.32,78.0,0.34,15.0,0.35,15.0,0.01,0.01,2358.542102,1776314119000
1776314120.886,20.886,0.67,39.9,0.66,15.0,0.68,172.79,0.69,144.0,0.32,83.0,0.31,133.0,0.33,39.9,0.34,15.0,0.01,0.01,2358.542102,1776314119000
1776314121.546,21.546,0.67,39.9,0.66,15.0,0.68,224.79,0.69,159.0,0.32,172.79,0.31,144.0,0.33,39.9,0.34,15.0,0.01,0.01,2359.025874,1776314120000
1776314122.527,22.527,0.67,8.0,0.65,5.0,0.68,338.79,0.69,36.0,0.32,229.79,0.31,154.0,0.33,33.9,0.34,20.0,0.01,0.01,2359.102683,1776314121000
1776314122.789,22.789,0.59,10.0,0.58,84.0,0.62,86.74,0.63,26.0,0.38,50.0,0.32,331.0,0.39,5.0,0.42,21.0,0.03,0.01,2359.102683,1776314121000
1776314123.194,23.194,0.61,2.43,0.6,15.0,0.62,116.74,0.63,44.0,0.38,86.74,0.37,26.0,0.41,10.0,0.42,84.0,0.01,0.03,2359.102683,1776314121000
1776314124.158,24.158,0.6,20.0,0.59,10.0,0.61,12.08,0.62,73.0,0.38,116.74,0.37,44.0,0.4,15.0,0.41,10.0,0.01,0.02,2359.099023,1776314122000
1776314130.162,30.162,0.61,7.3,0.6,34.95,0.62,123.0,0.63,25.0,0.39,12.08,0.38,73.0,0.4,20.0,0.41,10.0,0.01,0.01,2358.86383,1776314128000
1776314130.893,30.893,0.61,7.3,0.6,34.95,0.62,121.19,0.63,30.0,0.38,123.0,0.37,25.0,0.39,7.3,0.4,34.95,0.01,0.01,2358.944055,1776314129000
1776314131.563,31.563,0.61,7.3,0.6,34.95,0.62,113.19,0.63,30.0,0.38,121.19,0.37,30.0,0.39,7.3,0.4,34.95,0.01,0.01,2358.931127,1776314130000
1776314132.374,32.374,0.61,37.3,0.6,39.95,0.62,23.19,0.63,93.0,0.38,113.19,0.37,30.0,0.39,7.3,0.4,34.95,0.01,0.01,2358.854442,1776314131000
1776314133.261,33.261,0.61,32.3,0.6,46.6,0.62,14.09,0.63,103.0,0.38,23.19,0.37,93.0,0.39,37.3,0.4,39.95,0.01,0.01,2358.854442,1776314131000
1776314137.189,37.189,0.61,25.0,0.6,44.9,0.62,38.09,0.63,141.0,0.38,14.09,0.37,103.0,0.39,32.3,0.4,46.6,0.01,0.01,2358.861325,1776314136000
1776314137.999,37.999,0.61,25.0,0.6,73.0,0.62,9.09,0.63,65.0,0.38,48.09,0.37,76.0,0.41,9.9,0.42,21.0,0.01,0.03,2358.861325,1776314136000
1776314138.266,38.266,0.61,25.0,0.6,20.0,0.63,65.0,0.64,83.0,0.38,9.09,0.37,65.0,0.39,25.0,0.4,73.0,0.02,0.01,2358.861325,1776314136000
1776314139.366,39.366,0.62,30.0,0.61,21.0,0.63,65.0,0.64,86.0,0.37,65.0,0.36,83.0,0.39,25.0,0.4,20.0,0.01,0.02,2358.896309,1776314138000
1776314139.958,39.958,0.62,98.0,0.61,21.0,0.63,55.0,0.64,16.0,0.37,65.0,0.36,86.0,0.38,30.0,0.39,21.0,0.01,0.01,2358.896309,1776314138000
1776314140.18,40.18,0.62,100.0,0.61,21.0,0.63,50.0,0.64,16.0,0.37,55.0,0.36,16.0,0.38,98.0,0.39,21.0,0.01,0.01,2358.896309,1776314138000
1776314143.536,43.536,0.62,142.54,0.61,46.0,0.63,40.0,0.64,22.0,0.37,45.0,0.36,16.0,0.38,100.0,0.39,21.0,0.01,0.01,2358.943265,1776314141000
1776314144.369,44.369,0.62,221.88,0.61,107.0,0.63,35.0,0.64,22.0,0.37,40.0,0.36,22.0,0.38,142.54,0.39,46.0,0.01,0.01,2358.99523,1776314142000
1776314144.827,44.827,0.62,216.88,0.61,107.0,0.63,24.84,0.64,22.0,0.37,29.92,0.36,22.0,0.38,221.88,0.39,107.0,0.01,0.01,2358.942682,1776314143000
1776314145.37,45.37,0.62,256.88,0.61,113.0,0.63,19.84,0.64,22.0,0.37,24.84,0.36,22.0,0.38,216.88,0.39,107.0,0.01,0.01,2358.942682,1776314143000
1776314145.749,45.749,0.67,119.0,0.66,36.0,0.68,50.67,0.69,5.0,0.32,52.29,0.31,5.0,0.33,10.0,0.34,10.0,0.01,0.01,2359.058353,1776314144000
1776314145.973,45.973,0.67,114.0,0.66,25.0,0.68,19.65,0.69,5.0,0.32,49.06,0.31,5.0,0.33,119.0,0.34,25.0,0.01,0.01,2358.969791,1776314145000
1776314146.258,46.258,0.67,107.92,0.66,25.0,0.68,19.65,0.69,5.0,0.32,19.65,0.31,5.0,0.33,115.96,0.34,25.0,0.01,0.01,2358.969791,1776314145000
1776314146.489,46.489,0.68,84.74,0.67,62.0,0.69,5.0,0.7,80.0,0.31,5.0,0.3,80.0,0.32,64.87,0.33,62.0,0.01,0.01,2358.969791,1776314145000
1776314146.823,46.823,0.68,84.74,0.67,62.0,0.7,138.0,0.71,99.0,0.31,5.0,0.3,80.0,0.32,84.74,0.33,62.0,0.02,0.01,2358.969791,1776314145000
1776314147.833,47.833,0.69,52.0,0.68,63.49,0.7,139.23,0.71,99.0,0.3,138.0,0.29,99.0,0.32,84.74,0.33,62.0,0.01,0.02,2359.060074,1776314146000
1776314149.036,49.036,0.73,16.44,0.72,15.0,0.74,48.0,0.75,5.0,0.3,139.23,0.29,99.0,0.31,52.0,0.32,63.49,0.01,0.01,2359.260566,1776314147000
1776314149.283,49.283,0.73,85.0,0.72,25.0,0.76,1.0,0.77,80.0,0.26,1.0,0.24,5.0,0.27,85.0,0.28,25.0,0.03,0.01,2359.280861,1776314148000
1776314149.764,49.764,0.77,43.39,0.76,117.0,0.78,61.22,0.79,36.0,0.22,61.22,0.21,41.0,0.24,47.0,0.25,16.0,0.01,0.02,2359.280861,1776314148000
1776314150.149,50.149,0.77,58.39,0.76,62.0,0.78,50.96,0.79,94.0,0.22,61.22,0.21,36.0,0.23,43.39,0.24,117.0,0.01,0.01,2359.20903,1776314149000
1776314150.409,50.409,0.77,54.39,0.76,42.0,0.78,82.96,0.79,46.0,0.22,50.96,0.21,94.0,0.23,58.39,0.24,62.0,0.01,0.01,2359.20903,1776314149000
1776314150.61,50.61,0.75,11.0,0.74,6.0,0.78,91.67,0.79,124.96,0.22,81.67,0.21,46.0,0.23,11.65,0.24,10.0,0.03,0.01,2359.20903,1776314149000
1776314151.142,51.142,0.75,32.0,0.74,21.0,0.76,91.0,0.77,10.0,0.22,91.67,0.21,124.96,0.25,11.0,0.26,6.0,0.01,0.03,2359.481919,1776314150000
1776314151.796,51.796,0.75,6.8,0.74,21.0,0.76,107.42,0.77,35.0,0.24,91.0,0.23,10.0,0.25,32.0,0.26,21.0,0.01,0.01,2359.481919,1776314150000
1776314152.835,52.835,0.75,2.8,0.74,21.0,0.76,107.42,0.77,35.0,0.24,107.42,0.23,35.0,0.25,6.8,0.26,21.0,0.01,0.01,2359.616225,1776314151000
1776314153.43,53.43,0.75,2.8,0.74,21.0,0.76,86.42,0.77,35.0,0.24,107.42,0.23,35.0,0.25,2.8,0.26,21.0,0.01,0.01,2359.574695,1776314152000
1776314154.244,54.244,0.75,32.8,0.74,31.0,0.76,81.42,0.77,35.0,0.24,86.42,0.23,35.0,0.25,2.8,0.26,21.0,0.01,0.01,2359.574695,1776314152000
1776314156.591,56.591,0.73,11.0,0.72,11.0,0.75,85.0,0.76,140.26,0.24,81.42,0.23,35.0,0.25,32.8,0.26,31.0,0.02,0.01,2359.502989,1776314155000
1776314158.42,58.42,0.73,17.0,0.72,84.5,0.74,53.0,0.75,87.0,0.25,113.0,0.24,110.26,0.27,1.0,0.28,21.0,0.01,0.02,2359.501771,1776314157000
1776314160.341,60.341,0.73,112.0,0.72,46.5,0.74,17.72,0.75,24.0,0.26,53.0,0.25,87.0,0.27,17.0,0.28,84.5,0.01,0.01,2359.429171,1776314159000
1776314160.693,60.693,0.74,110.0,0.73,15.0,0.75,3.0,0.76,94.26,0.25,21.21,0.24,106.26,0.27,107.0,0.28,46.5,0.01,0.02,2359.429171,1776314159000
1776314161.834,61.834,0.74,20.0,0.73,10.0,0.75,6.57,0.76,157.26,0.25,3.0,0.24,94.26,0.26,110.0,0.27,15.0,0.01,0.01,2359.465043,1776314160000
1776314162.307,62.307,0.65,5.0,0.64,10.0,0.68,7.25,0.73,48.0,0.25,6.57,0.24,157.26,0.26,20.0,0.27,10.0,0.03,0.01,2359.465043,1776314161000
1776314162.558,62.558,0.63,82.65,0.62,21.0,0.66,25.0,0.67,10.0,0.34,10.0,0.33,10.0,0.35,10.21,0.36,5.0,0.03,0.01,2359.465043,1776314161000
1776314164.414,64.414,0.61,305.72,0.6,15.0,0.62,1.91,0.63,7.0,0.34,25.0,0.33,10.0,0.37,82.65,0.38,21.0,0.01,0.03,2359.10239,1776314163000
1776314165.127,65.127,0.62,25.45,0.61,293.72,0.63,7.0,0.64,22.0,0.37,7.0,0.36,17.0,0.38,6.09,0.39,305.72,0.01,0.01,2359.10239,1776314163000
1776314166.951,66.951,0.62,22.0,0.61,235.72,0.63,10.41,0.64,91.66,0.37,7.0,0.36,22.0,0.38,25.45,0.39,293.72,0.01,0.01,2358.909481,1776314165000
1776314167.56,67.56,0.61,190.72,0.6,5.0,0.62,25.0,0.63,15.41,0.37,10.41,0.36,91.66,0.38,22.0,0.39,235.72,0.01,0.01,2358.899423,1776314166000
1776314168.133,68.133,0.61,161.72,0.59,16.0,0.62,8.87,0.63,15.41,0.38,20.0,0.37,15.41,0.39,161.72,0.41,16.0,0.01,0.01,2358.899423,1776314166000
1776314168.858,68.858,0.61,161.72,0.59,16.0,0.62,10.0,0.63,15.41,0.38,8.87,0.37,15.41,0.39,161.72,0.41,16.0,0.01,0.01,2358.922158,1776314167000
1776314169.681,69.681,0.62,22.0,0.61,229.72,0.63,0.41,0.64,23.66,0.38,10.0,0.37,15.41,0.39,161.72,0.41,16.0,0.01,0.01,2358.889845,1776314168000
1776314170.474,70.474,0.63,22.0,0.62,42.26,0.64,28.66,0.65,10.0,0.36,28.66,0.35,10.0,0.38,22.0,0.39,234.72,0.01,0.02,2358.889845,1776314168000
1776314171.334,71.334,0.61,159.98,0.57,14.88,0.63,91.0,0.64,70.66,0.36,28.66,0.35,10.0,0.37,22.0,0.38,42.26,0.02,0.01,2358.870017,1776314169000
1776314171.728,71.728,0.61,38.01,0.57,72.88,0.62,133.0,0.63,149.25,0.38,30.0,0.37,74.0,0.39,43.14,0.43,14.88,0.01,0.01,2358.926128,1776314170000
1776314172.049,72.049,0.61,32.88,0.58,73.0,0.62,103.0,0.63,119.25,0.38,133.0,0.37,149.25,0.39,38.01,0.43,72.88,0.01,0.01,2358.926128,1776314170000
1776314179.276,79.276,0.63,20.0,0.62,20.0,0.64,11.66,0.67,15.0,0.38,103.0,0.37,119.25,0.39,32.88,0.42,73.0,0.01,0.01,2358.718067,1776314178000
1776314180.216,80.216,0.67,27.0,0.66,126.0,0.7,5.0,0.71,43.5,0.33,19.0,0.32,91.75,0.34,21.0,0.35,15.0,0.03,0.01,2358.718067,1776314178000
1776314181.656,81.656,0.68,3.65,0.67,41.0,0.7,118.44,0.71,53.26,0.29,33.26,0.28,106.89,0.31,10.0,0.32,15.0,0.02,0.02,2358.794599,1776314180000
1776314182.898,82.898,0.68,127.0,0.67,41.0,0.7,5.0,0.71,26.0,0.3,118.44,0.29,53.26,0.32,3.65,0.33,41.0,0.02,0.02,2358.914975,1776314181000
1776314183.172,83.172,0.69,27.0,0.68,115.0,0.71,21.0,0.72,25.0,0.3,5.0,0.29,26.0,0.32,127.0,0.33,41.0,0.02,0.02,2358.98708,1776314182000
1776314183.461,83.461,0.7,53.0,0.69,73.0,0.71,14.59,0.72,91.89,0.29,21.0,0.28,25.0,0.31,27.0,0.32,115.0,0.01,0.02,2358.98708,1776314182000
1776314185.879,85.879,0.7,26.0,0.69,10.0,0.71,19.0,0.72,107.89,0.29,14.59,0.28,91.89,0.3,53.0,0.31,73.0,0.01,0.01,2359.06538,1776314184000
1776314186.277,86.277,0.7,3.33,0.68,10.0,0.71,31.0,0.72,107.89,0.29,24.0,0.28,107.89,0.3,9.33,0.32,42.0,0.01,0.01,2359.06538,1776314184000
1776314186.682,86.682,0.7,2.33,0.68,10.0,0.71,61.47,0.72,107.89,0.29,31.0,0.28,107.89,0.3,3.33,0.32,10.0,0.01,0.01,2359.066681,1776314185000
1776314187.108,87.108,0.66,6.0,0.65,10.0,0.71,173.5,0.72,89.89,0.29,61.47,0.28,107.89,0.3,2.33,0.32,10.0,0.05,0.01,2359.066681,1776314185000
1776314189.002,89.002,0.69,5.0,0.68,10.0,0.7,23.85,0.71,59.5,0.29,173.5,0.28,89.89,0.34,6.0,0.35,10.0,0.01,0.05,2358.9942,1776314187000
1776314192.582,92.582,0.66,42.7,0.65,15.0,0.7,20.0,0.71,90.0,0.3,23.85,0.29,59.5,0.31,5.0,0.32,10.0,0.04,0.01,2358.928073,1776314191000
1776314193.313,93.313,0.65,15.0,0.64,15.0,0.66,8.4,0.67,15.0,0.32,13.41,0.31,15.0,0.34,47.7,0.35,15.0,0.01,0.02,2359.016475,1776314192000
1776314194.957,94.957,0.65,10.0,0.64,10.0,0.66,15.0,0.67,15.0,0.34,8.4,0.33,15.0,0.35,15.0,0.36,15.0,0.01,0.01,2359.03347,1776314193000
1776314196.762,96.762,0.65,22.0,0.64,68.0,0.66,18.4,0.67,15.0,0.34,15.0,0.33,15.0,0.35,10.0,0.36,10.0,0.01,0.01,2358.956349,1776314195000
1776314201.59,101.59,0.61,131.19,0.6,5.0,0.63,17.0,0.64,22.0,0.34,8.24,0.33,15.0,0.35,22.0,0.36,68.0,0.02,0.01,2358.959039,1776314200000
1776314202.14,102.14,0.61,121.6,0.6,5.0,0.62,17.0,0.63,22.0,0.37,22.0,0.36,22.0,0.39,121.6,0.4,5.0,0.01,0.02,2358.959039,1776314200000
1776314202.949,102.949,0.61,114.71,0.6,5.0,0.62,12.0,0.63,22.0,0.38,17.0,0.37,22.0,0.39,119.71,0.4,5.0,0.01,0.01,2358.962223,1776314201000
1776314204.941,104.941,0.61,6.71,0.6,73.0,0.62,15.38,0.63,80.0,0.38,12.0,0.37,22.0,0.39,114.71,0.4,5.0,0.01,0.01,2358.842574,1776314203000
1776314212.998,112.998,0.61,131.71,0.6,15.0,0.67,30.0,0.68,55.5,0.38,15.38,0.37,80.0,0.39,6.71,0.4,73.0,0.06,0.01,2358.82706,1776314211000
1776314215.006,115.006,0.64,27.0,0.63,73.0,0.66,6.0,0.67,32.0,0.33,30.0,0.32,55.5,0.39,131.71,0.4,15.0,0.02,0.06,2358.754473,1776314213000
1776314217.117,117.117,0.65,20.0,0.64,15.0,0.66,6.84,0.67,103.0,0.33,32.0,0.32,40.5,0.35,10.0,0.36,15.0,0.01,0.02,2358.766553,1776314216000
1776314220.737,120.737,0.64,5.0,0.63,10.0,0.65,25.0,0.66,73.0,0.34,6.84,0.33,103.0,0.35,20.0,0.36,15.0,0.01,0.01,2358.760381,1776314219000
1776314223.649,123.649,0.63,9.35,0.62,15.0,0.64,10.0,0.65,83.0,0.35,25.0,0.34,73.0,0.36,5.0,0.37,10.0,0.01,0.01,2358.751197,1776314222000
1776314223.962,123.962,0.63,2.35,0.62,15.0,0.64,13.43,0.65,83.0,0.36,10.0,0.35,83.0,0.37,9.35,0.38,15.0,0.01,0.01,2358.751197,1776314222000
1776314226.785,126.785,0.61,1.71,0.6,5.0,0.62,10.0,0.63,15.0,0.36,13.43,0.35,83.0,0.37,2.35,0.38,15.0,0.01,0.01,2358.749057,1776314225000
1776314226.986,126.986,0.6,5.0,0.59,11.0,0.61,14.11,0.62,10.0,0.38,10.0,0.37,15.0,0.39,1.71,0.4,5.0,0.01,0.01,2358.749057,1776314225000
1776314228.629,128.629,0.59,5.0,0.58,15.0,0.61,15.0,0.62,15.0,0.39,14.11,0.38,10.0,0.4,5.0,0.41,11.0,0.02,0.01,2358.734968,1776314227000
1776314229.257,129.257,0.58,13.33,0.57,94.88,0.6,16.88,0.61,15.0,0.39,15.0,0.38,15.0,0.42,13.33,0.43,89.88,0.02,0.03,2358.694483,1776314228000
1776314230.818,130.818,0.55,5.0,0.53,5.0,0.58,22.0,0.59,29.0,0.4,13.76,0.39,15.0,0.42,20.33,0.43,94.88,0.03,0.02,2358.656103,1776314229000
1776314231.109,131.109,0.5,85.25,0.49,5.0,0.53,25.0,0.54,20.0,0.46,20.86,0.45,11.11,0.48,7.0,0.49,5.0,0.03,0.02,2358.688476,1776314230000
1776314231.514,131.514,0.49,5.0,0.48,20.0,0.51,15.0,0.52,67.44,0.47,25.0,0.46,20.0,0.5,75.21,0.51,5.0,0.02,0.03,2358.688476,1776314230000
1776314232.199,132.199,0.49,188.0,0.48,104.35,0.5,18.62,0.53,5.0,0.49,15.0,0.48,67.44,0.51,5.0,0.52,20.0,0.01,0.02,2358.663443,1776314231000
1776314232.679,132.679,0.6,7.0,0.59,88.0,0.65,2.0,0.68,21.5,0.42,5.0,0.4,5.0,0.44,40.0,0.48,5.0,0.05,0.02,2358.663443,1776314231000
1776314233.372,133.372,0.64,1.75,0.63,10.0,0.65,2.0,0.68,21.5,0.39,23.0,0.35,2.0,0.4,2.6,0.41,124.0,0.01,0.01,2358.514664,1776314232000
1776314233.647,133.647,0.64,10.97,0.63,10.0,0.65,2.0,0.68,21.5,0.35,2.0,0.32,21.5,0.36,1.75,0.37,10.0,0.01,0.01,2358.514664,1776314232000
1776314234.316,134.316,0.64,44.22,0.63,73.0,0.65,7.71,0.68,21.5,0.35,2.0,0.32,21.5,0.36,10.97,0.37,10.0,0.01,0.01,2358.570392,1776314233000
1776314234.9,134.9,0.64,65.22,0.63,15.0,0.65,4.68,0.68,21.5,0.35,7.71,0.32,21.5,0.36,44.22,0.37,73.0,0.01,0.01,2358.570392,1776314233000
1776314235.414,135.414,0.67,40.0,0.66,79.0,0.69,73.09,0.7,58.0,0.32,8.23,0.31,99.88,0.33,10.0,0.34,15.0,0.02,0.01,2358.739654,1776314234000
1776314235.73,135.73,0.69,56.0,0.68,15.0,0.7,8.3,0.71,36.0,0.31,0.66,0.3,58.0,0.33,40.0,0.34,79.0,0.01,0.02,2358.739654,1776314234000
1776314236.268,136.268,0.7,11.66,0.69,40.0,0.71,30.67,0.72,15.0,0.29,15.39,0.28,5.0,0.31,56.0,0.32,15.0,0.01,0.02,2358.739654,1776314234000
1776314236.625,136.625,0.69,15.0,0.68,5.0,0.71,243.95,0.72,20.0,0.29,30.67,0.28,15.0,0.3,11.66,0.31,40.0,0.02,0.01,2358.77745,1776314235000
1776314237.186,137.186,0.65,37.14,0.64,10.0,0.67,21.0,0.68,16.0,0.34,2.42,0.33,10.0,0.35,5.0,0.36,35.0,0.02,0.01,2358.79755,1776314236000
1776314237.62,137.62,0.66,40.0,0.65,10.0,0.67,15.89,0.68,98.28,0.33,21.0,0.32,16.0,0.35,21.86,0.36,10.0,0.01,0.02,2358.79755,1776314236000
1776314238.985,138.985,0.67,20.0,0.66,10.0,0.68,47.28,0.69,34.0,0.33,15.89,0.32,98.28,0.34,35.0,0.35,10.0,0.01,0.01,2358.847713,1776314237000
1776314239.276,139.276,0.67,5.18,0.66,10.0,0.68,83.28,0.69,5.0,0.32,47.28,0.31,34.0,0.33,20.0,0.34,10.0,0.01,0.01,2358.847713,1776314238000
1776314240.363,140.363,0.67,10.18,0.66,10.0,0.68,2.0,0.69,10.0,0.32,83.28,0.31,5.0,0.33,5.18,0.34,10.0,0.01,0.01,2358.846795,1776314239000
1776314240.758,140.758,0.67,10.18,0.66,10.0,0.69,6.75,0.7,103.09,0.32,2.0,0.31,10.0,0.33,10.18,0.34,10.0,0.02,0.01,2358.846795,1776314239000
1776314241.25,141.25,0.74,10.0,0.73,10.0,0.75,12.37,0.76,30.12,0.31,6.75,0.3,103.09,0.33,10.18,0.34,10.0,0.01,0.02,2358.846795,1776314239000
1776314242.028,142.028,0.75,110.0,0.74,15.0,0.78,14.16,0.79,51.7,0.25,12.37,0.24,30.12,0.26,10.0,0.27,10.0,0.03,0.01,2358.878,1776314240000
1776314242.4,142.4,0.77,82.0,0.76,10.0,0.78,0.53,0.79,51.0,0.22,9.16,0.21,51.7,0.23,5.0,0.25,147.0,0.01,0.01,2358.878,1776314240000
1776314242.686,142.686,0.78,76.0,0.77,46.0,0.79,5.74,0.81,73.4,0.21,50.28,0.2,5.0,0.23,87.0,0.24,10.0,0.01,0.02,2358.84503,1776314241000
1776314243.504,143.504,0.78,145.0,0.77,46.0,0.79,0.74,0.8,5.0,0.21,5.74,0.19,73.4,0.22,76.0,0.23,46.0,0.01,0.01,2358.84503,1776314242000
1776314246.564,146.564,0.78,64.67,0.77,109.0,0.79,0.74,0.8,5.0,0.21,0.74,0.2,5.0,0.22,140.45,0.23,46.0,0.01,0.01,2359.319833,1776314245000
1776314247.472,147.472,0.8,7.26,0.78,129.12,0.82,5.0,0.83,41.5,0.21,0.74,0.2,5.0,0.22,55.12,0.23,104.0,0.02,0.01,2359.323974,1776314246000
1776314247.824,147.824,0.81,71.0,0.8,17.26,0.82,3.78,0.83,99.5,0.18,5.0,0.17,41.5,0.2,7.26,0.22,129.12,0.01,0.02,2359.323974,1776314246000
1776314248.228,148.228,0.81,80.0,0.8,17.26,0.82,3.78,0.83,82.0,0.18,3.78,0.17,99.5,0.19,71.0,0.2,17.26,0.01,0.01,2359.367145,1776314247000
1776314249.745,149.745,0.84,76.0,0.83,34.0,0.85,149.63,0.86,5.0,0.18,3.78,0.17,107.5,0.19,62.21,0.2,17.26,0.01,0.01,2359.367145,1776314247000
1776314250.028,150.028,0.84,172.0,0.83,29.0,0.85,129.3,0.88,33.25,0.15,135.04,0.14,5.0,0.16,76.0,0.17,34.0,0.01,0.01,2359.488953,1776314248000
1776314250.242,150.242,0.87,10.0,0.86,17.0,0.88,5.25,0.9,45.0,0.12,10.25,0.1,45.0,0.16,177.0,0.17,29.0,0.01,0.04,2359.46452,1776314249000
1776314250.854,150.854,0.89,15.0,0.88,23.0,0.9,88.25,0.91,378.0,0.1,98.25,0.09,299.0,0.13,69.0,0.14,84.0,0.01,0.03,2359.46452,1776314249000
1776314251.601,151.601,0.89,55.0,0.88,28.0,0.9,133.36,0.91,345.0,0.1,88.25,0.09,378.0,0.11,15.0,0.12,23.0,0.01,0.01,2359.54101,1776314250000
1776314251.94,151.94,0.89,69.51,0.88,20.0,0.9,122.36,0.91,345.0,0.1,133.36,0.09,345.0,0.11,55.0,0.12,28.0,0.01,0.01,2359.54101,1776314250000
1776314252.63,152.63,0.89,49.51,0.88,20.0,0.9,106.36,0.91,346.0,0.1,122.36,0.09,345.0,0.11,69.51,0.12,20.0,0.01,0.01,2359.886955,1776314251000
1776314253.117,153.117,0.89,59.51,0.88,20.0,0.9,109.19,0.91,346.0,0.1,106.36,0.09,346.0,0.11,49.51,0.12,20.0,0.01,0.01,2359.886955,1776314251000
1776314254.122,154.122,0.89,70.0,0.88,28.0,0.9,31.19,0.91,296.0,0.1,119.19,0.09,346.0,0.11,41.87,0.12,20.0,0.01,0.01,2360.01364,1776314252000
1776314255.139,155.139,0.89,67.0,0.88,20.0,0.9,59.19,0.91,354.0,0.1,31.19,0.09,296.0,0.11,70.0,0.12,28.0,0.01,0.01,2360.039868,1776314253000
1776314256.369,156.369,0.89,70.66,0.88,20.0,0.9,20.6,0.91,354.0,0.1,59.19,0.09,354.0,0.11,67.0,0.12,20.0,0.01,0.01,2360.036363,1776314255000
1776314256.909,156.909,0.89,65.66,0.88,20.0,0.9,15.04,0.91,354.0,0.1,20.6,0.09,354.0,0.11,70.66,0.12,20.0,0.01,0.01,2360.036363,1776314255000
1776314257.231,157.231,0.89,70.66,0.88,20.0,0.9,9.04,0.91,349.0,0.1,15.04,0.09,354.0,0.11,65.66,0.12,20.0,0.01,0.01,2360.048428,1776314256000
1776314257.869,157.869,0.89,70.66,0.88,20.0,0.9,3.81,0.91,349.0,0.1,9.04,0.09,349.0,0.11,70.66,0.12,20.0,0.01,0.01,2360.048428,1776314256000
1776314258.211,158.211,0.87,10.0,0.86,16.0,0.89,17.16,0.9,114.81,0.1,3.81,0.09,349.0,0.11,70.66,0.12,20.0,0.02,0.01,2360.014752,1776314257000
1776314258.572,158.572,0.85,10.0,0.84,35.0,0.87,65.0,0.88,64.0,0.11,17.16,0.1,114.81,0.13,10.0,0.14,16.0,0.02,0.02,2360.014752,1776314257000
1776314259.254,159.254,0.84,32.0,0.83,10.0,0.85,151.0,0.86,83.0,0.13,65.0,0.12,64.0,0.15,10.0,0.16,35.0,0.01,0.02,2360.02392,1776314258000
1776314259.469,159.469,0.82,5.66,0.81,20.0,0.84,5.0,0.85,126.0,0.15,151.0,0.14,91.0,0.17,10.0,0.18,10.0,0.02,0.02,2360.02392,1776314258000
1776314260.669,160.669,0.86,94.0,0.85,83.0,0.88,5.16,0.89,30.0,0.16,5.0,0.15,126.0,0.18,5.66,0.19,20.0,0.02,0.02,2359.933637,1776314259000
1776314264.206,164.206,0.89,32.0,0.88,25.0,0.9,22.0,0.91,302.0,0.12,5.16,0.11,30.0,0.14,94.0,0.15,83.0,0.01,0.02,2359.974977,1776314263000
1776314267.089,167.089,0.87,15.0,0.86,15.0,0.88,30.29,0.89,63.0,0.1,22.0,0.09,302.0,0.11,32.0,0.12,25.0,0.01,0.01,2359.95776,1776314266000
1776314270.295,170.295,0.87,34.13,0.86,10.0,0.88,103.94,0.89,5.0,0.12,30.29,0.11,63.0,0.13,15.0,0.14,15.0,0.01,0.01,2359.830895,1776314269000
1776314272.1,172.1,0.86,10.0,0.85,10.0,0.88,108.94,0.89,84.79,0.12,103.94,0.11,5.0,0.13,34.13,0.14,10.0,0.02,0.01,2359.8235,1776314270000
1776314276.266,176.266,0.85,15.0,0.84,62.72,0.86,30.0,0.87,69.0,0.14,31.0,0.13,5.0,0.16,55.81,0.17,24.0,0.01,0.02,2359.75115,1776314274000
1776314278.162,178.162,0.85,15.0,0.84,78.0,0.86,9.0,0.87,92.69,0.14,30.0,0.13,69.0,0.15,15.0,0.16,62.72,0.01,0.01,2359.676965,1776314276000
1776314278.492,178.492,0.85,20.0,0.84,78.0,0.86,6.36,0.87,92.69,0.14,9.0,0.13,92.69,0.15,15.0,0.16,78.0,0.01,0.01,2359.712354,1776314277000
1776314280.748,180.748,0.86,126.0,0.85,80.0,0.88,23.0,0.9,40.0,0.14,6.36,0.13,92.69,0.15,20.0,0.16,78.0,0.02,0.01,2359.67765,1776314279000
1776314281.274,181.274,0.87,59.0,0.86,105.0,0.88,2.93,0.9,40.0,0.12,2.93,0.1,40.0,0.13,20.0,0.14,133.0,0.01,0.01,2359.679624,1776314280000
1776314281.768,181.768,0.89,88.0,0.88,15.0,0.9,108.74,0.91,251.0,0.1,37.86,0.09,256.0,0.13,51.0,0.14,105.0,0.01,0.03,2359.679624,1776314280000
1776314283.228,183.228,0.89,25.0,0.88,15.0,0.9,64.77,0.91,259.0,0.1,108.74,0.09,251.0,0.11,88.0,0.12,15.0,0.01,0.01,2359.785965,1776314282000
1776314283.86,183.86,0.89,10.0,0.88,15.0,0.9,72.23,0.91,259.0,0.1,64.77,0.09,259.0,0.11,25.0,0.12,15.0,0.01,0.01,2359.785965,1776314282000
1776314284.209,184.209,0.89,8.9,0.88,15.0,0.9,65.75,0.91,259.0,0.1,70.75,0.09,259.0,0.11,10.0,0.12,15.0,0.01,0.01,2359.785965,1776314282000
1776314284.821,184.821,0.89,47.9,0.88,15.0,0.91,220.9,0.92,123.9,0.1,65.75,0.09,259.0,0.11,8.9,0.12,15.0,0.02,0.01,2359.808435,1776314283000
1776314285.575,185.575,0.9,55.0,0.89,27.9,0.91,143.9,0.94,68.8,0.09,220.9,0.08,123.9,0.11,47.9,0.12,15.0,0.01,0.02,2359.801919,1776314284000
1776314286.119,186.119,0.9,150.0,0.89,32.9,0.91,83.9,0.92,11.0,0.09,143.9,0.06,68.8,0.1,55.0,0.11,27.9,0.01,0.01,2359.801919,1776314284000
1776314286.665,186.665,0.94,15.0,0.93,25.0,0.95,21.0,0.96,60.0,0.09,78.9,0.08,11.0,0.1,150.0,0.11,32.9,0.01,0.01,2359.780739,1776314285000
1776314286.957,186.957,0.93,30.0,0.92,107.0,0.94,10.0,0.95,21.0,0.05,21.0,0.04,60.0,0.06,15.0,0.07,25.0,0.01,0.01,2359.780739,1776314285000
1776314287.582,187.582,0.93,56.0,0.92,102.0,0.94,4.9,0.95,104.0,0.06,5.49,0.05,21.0,0.07,48.0,0.08,107.0,0.01,0.01,2360.006319,1776314286000
1776314288.199,188.199,0.92,93.5,0.91,65.0,0.94,100.0,0.95,204.0,0.06,4.9,0.05,104.0,0.07,56.0,0.08,102.0,0.02,0.01,2360.11192,1776314287000
1776314288.713,188.713,0.93,10.0,0.92,119.5,0.95,114.0,0.96,82.0,0.06,94.73,0.05,214.0,0.07,10.0,0.08,134.5,0.02,0.01,2360.11192,1776314287000
1776314289.025,189.025,0.93,10.0,0.92,93.5,0.94,6.87,0.95,237.0,0.05,114.0,0.04,82.0,0.07,10.0,0.08,119.5,0.01,0.02,2360.11192,1776314287000
1776314290.022,190.022,0.93,75.3,0.92,142.4,0.94,1.29,0.95,232.0,0.06,6.87,0.05,237.0,0.07,10.0,0.08,93.5,0.01,0.01,2360.331137,1776314288000
1776314291.989,191.989,0.94,74.5,0.93,148.3,0.95,17.35,0.96,167.0,0.05,228.9,0.04,71.0,0.07,80.3,0.08,142.4,0.01,0.02,2360.354314,1776314290000
1776314292.81,192.81,0.95,10.0,0.94,94.5,0.96,218.9,0.97,601.7,0.04,219.0,0.03,601.7,0.06,125.5,0.07,153.3,0.01,0.02,2360.354145,1776314291000
1776314294.673,194.673,0.95,10.0,0.94,194.5,0.96,217.85,0.97,576.7,0.04,218.9,0.03,601.7,0.05,10.0,0.06,94.5,0.01,0.01,2360.40003,1776314293000
1776314294.901,194.901,0.95,10.0,0.94,194.5,0.96,206.59,0.97,576.7,0.04,216.8,0.03,576.7,0.05,10.0,0.06,194.5,0.01,0.01,2360.40003,1776314293000
1776314299.296,199.296,0.95,115.0,0.94,204.5,0.96,80.76,0.97,419.0,0.04,206.59,0.03,576.7,0.05,10.0,0.06,194.5,0.01,0.01,2360.386786,1776314298000
1776314299.5,199.5,0.95,105.0,0.94,189.5,0.96,70.55,0.97,547.7,0.04,80.76,0.03,419.0,0.05,115.0,0.06,204.5,0.01,0.01,2360.386786,1776314298000
1776314300.645,200.645,0.94,89.5,0.93,139.3,0.95,6.87,0.96,170.55,0.04,75.55,0.03,547.7,0.05,65.0,0.06,184.5,0.01,0.01,2360.405987,1776314299000
1776314301.01,201.01,0.94,94.5,0.93,139.3,0.95,3.74,0.96,170.55,0.05,6.87,0.04,170.55,0.06,89.5,0.07,139.3,0.01,0.01,2360.405987,1776314299000
1776314303.453,203.453,0.94,49.5,0.93,145.04,0.95,3.74,0.96,170.55,0.05,3.74,0.04,170.55,0.06,94.5,0.07,139.3,0.01,0.01,2360.376402,1776314302000
1776314303.753,203.753,0.94,19.5,0.93,145.04,0.95,3.74,0.96,170.55,0.05,3.74,0.04,170.55,0.06,24.5,0.07,145.04,0.01,0.01,2360.376402,1776314302000
1776314305.872,205.872,0.94,90.97,0.93,31.0,0.95,3.74,0.96,175.55,0.05,3.74,0.04,170.55,0.06,19.5,0.07,145.04,0.01,0.01,2360.45311,1776314304000
1776314306.921,206.921,0.94,73.97,0.93,31.0,0.95,3.74,0.96,181.55,0.05,3.74,0.04,175.55,0.06,90.97,0.07,31.0,0.01,0.01,2360.314747,1776314305000
1776314309.386,209.386,0.94,49.36,0.93,60.77,0.95,2.68,0.96,182.55,0.05,3.74,0.04,181.55,0.06,73.97,0.07,31.0,0.01,0.01,2360.269042,1776314308000
1776314310.054,210.054,0.93,25.75,0.92,117.0,0.95,2.68,0.96,175.55,0.05,2.68,0.04,182.55,0.06,49.36,0.07,60.77,0.02,0.01,2360.269042,1776314308000
1776314310.703,210.703,0.94,16.83,0.93,25.75,0.95,1.64,0.96,75.55,0.05,2.68,0.04,175.55,0.07,25.75,0.08,117.0,0.01,0.02,2360.311744,1776314309000
1776314314.929,214.929,0.94,90.77,0.93,35.0,0.96,163.9,0.97,341.7,0.05,1.64,0.04,75.55,0.06,16.83,0.07,25.75,0.02,0.01,2360.107491,1776314313000
1776314315.239,215.239,0.94,78.94,0.93,40.0,0.96,163.9,0.97,341.7,0.04,163.9,0.03,341.7,0.06,90.77,0.07,35.0,0.02,0.02,2360.113391,1776314314000
1776314316.0,216.0,0.94,83.94,0.93,40.0,0.95,8.67,0.96,183.9,0.04,163.9,0.03,341.7,0.06,78.94,0.07,40.0,0.01,0.02,2360.182195,1776314315000
1776314317.291,217.291,0.95,43.96,0.94,93.94,0.96,75.1,0.97,341.7,0.05,8.67,0.04,183.9,0.06,83.94,0.07,40.0,0.01,0.01,2360.10874,1776314316000
1776314318.947,218.947,0.95,43.96,0.94,83.94,0.96,92.44,0.97,341.7,0.04,75.1,0.03,341.7,0.05,43.96,0.06,93.94,0.01,0.01,2360.125083,1776314317000
1776314319.23,219.23,0.95,13.96,0.94,78.94,0.96,274.0,0.97,379.7,0.04,92.44,0.03,341.7,0.05,43.96,0.06,83.94,0.01,0.01,2360.125083,1776314317000
1776314320.605,220.605,0.94,83.94,0.93,15.0,0.95,26.04,0.96,269.0,0.04,274.0,0.03,379.7,0.05,13.96,0.06,78.94,0.01,0.01,2360.103048,1776314319000
1776314324.719,224.719,0.94,151.94,0.93,35.0,0.95,29.98,0.96,103.24,0.05,26.04,0.04,269.0,0.06,83.94,0.07,15.0,0.01,0.01,2360.035252,1776314323000
1776314326.322,226.322,0.94,175.94,0.93,35.0,0.95,24.98,0.97,252.7,0.05,29.98,0.04,103.24,0.06,151.94,0.07,35.0,0.01,0.01,2360.020691,1776314325000
1776314327.268,227.268,0.94,175.94,0.93,35.0,0.95,19.98,0.97,240.7,0.05,24.98,0.03,252.7,0.06,175.94,0.07,35.0,0.01,0.01,2360.020691,1776314326000
1776314327.806,227.806,0.94,206.94,0.93,15.0,0.97,170.0,0.98,552.0,0.05,19.98,0.03,240.7,0.06,175.94,0.07,35.0,0.03,0.01,2360.020691,1776314326000
1776314328.315,228.315,0.96,83.89,0.95,37.0,0.97,139.0,0.98,552.0,0.03,139.0,0.02,552.0,0.04,50.0,0.06,211.94,0.01,0.01,2360.133121,1776314327000
1776314330.153,230.153,0.96,108.89,0.95,195.8,0.97,81.0,0.98,552.0,0.03,139.0,0.02,552.0,0.04,83.89,0.05,37.0,0.01,0.01,2360.248954,1776314329000
1776314331.525,231.525,0.96,281.59,0.95,130.8,0.97,71.0,0.98,252.0,0.03,81.0,0.02,552.0,0.04,108.89,0.05,195.8,0.01,0.01,2360.363515,1776314330000
1776314331.763,231.763,0.96,276.59,0.95,130.8,0.98,229.0,0.99,2598.6,0.03,52.0,0.02,252.0,0.04,276.59,0.05,130.8,0.02,0.01,2360.363515,1776314330000
1776314332.276,232.276,0.97,59.0,0.96,269.59,0.98,230.05,0.99,3098.6,0.02,229.0,0.01,2598.6,0.04,276.59,0.05,130.8,0.01,0.02,2360.363515,1776314330000
1776314334.197,234.197,0.97,59.0,0.96,243.59,0.98,209.91,0.99,3068.6,0.02,230.05,0.01,3098.6,0.03,59.0,0.04,269.59,0.01,0.01,2360.500193,1776314333000
1776314334.466,234.466,0.97,52.0,0.96,243.59,0.98,209.91,0.99,3068.6,0.02,209.91,0.01,3068.6,0.03,59.0,0.04,243.59,0.01,0.01,2360.500193,1776314333000
1776314335.273,235.273,0.97,52.0,0.96,243.59,0.98,184.91,0.99,3068.6,0.02,209.91,0.01,3068.6,0.03,52.0,0.04,243.59,0.01,0.01,2360.500193,1776314333000
1776314336.449,236.449,0.97,52.0,0.96,243.59,0.98,182.75,0.99,2944.6,0.02,182.86,0.01,3068.6,0.03,52.0,0.04,243.59,0.01,0.01,2360.498425,1776314335000
1776314336.815,236.815,0.97,52.0,0.96,243.59,0.98,167.65,0.99,2944.6,0.02,182.75,0.01,2944.6,0.03,52.0,0.04,243.59,0.01,0.01,2360.498425,1776314335000
1776314337.517,237.517,0.97,2.31,0.96,243.59,0.98,165.65,0.99,2044.6,0.02,167.65,0.01,2944.6,0.03,52.0,0.04,243.59,0.01,0.01,2360.494156,1776314336000
1776314337.849,237.849,0.97,2.31,0.96,243.59,0.98,155.65,0.99,2044.6,0.02,165.65,0.01,2044.6,0.03,2.31,0.04,243.59,0.01,0.01,2360.494156,1776314336000
1776314338.421,238.421,0.97,2.31,0.96,243.59,0.98,135.65,0.99,2050.6,0.02,155.65,0.01,2044.6,0.03,2.31,0.04,243.59,0.01,0.01,2360.47949,1776314337000
1776314338.687,238.687,0.97,2.31,0.96,243.59,0.98,17.65,0.99,2050.6,0.02,135.65,0.01,2050.6,0.03,2.31,0.04,243.59,0.01,0.01,2360.47949,1776314337000
1776314340.796,240.796,0.97,136.01,0.96,218.59,0.98,22.64,0.99,2707.6,0.02,17.65,0.01,2050.6,0.03,2.31,0.04,243.59,0.01,0.01,2360.483105,1776314339000
1776314341.066,241.066,0.97,141.01,0.96,218.59,0.98,2.23,0.99,2707.6,0.02,22.64,0.01,2707.6,0.03,136.01,0.04,218.59,0.01,0.01,2360.483105,1776314339000
1776314341.39,241.39,0.97,146.19,0.96,218.59,0.98,0.18,0.99,2344.0,0.02,0.18,0.01,2344.0,0.03,141.01,0.04,218.59,0.01,0.01,2360.483105,1776314340000
1776314342.815,242.815,0.97,256.11,0.96,218.59,0.99,2644.0,,,0.02,0.18,0.01,2344.0,0.03,146.19,0.04,218.59,0.02,0.01,2360.482903,1776314341000
1776314343.577,243.577,0.98,15.0,0.97,162.19,0.99,2641.98,,,0.01,2644.0,,,0.03,256.11,0.04,218.59,0.01,0.02,2360.485905,1776314342000
1776314344.487,244.487,0.98,20.0,0.97,159.7,0.99,2598.98,,,0.01,2641.98,,,0.02,15.0,0.03,162.19,0.01,0.01,2360.485905,1776314343000
1776314345.397,245.397,0.98,15.0,0.97,159.7,0.99,2590.9,,,0.01,2598.98,,,0.02,20.0,0.03,159.7,0.01,0.01,2360.485905,1776314343000
1776314345.829,245.829,0.98,15.0,0.97,217.7,0.99,2519.9,,,0.01,2590.9,,,0.02,15.0,0.03,159.7,0.01,0.01,2360.430179,1776314344000
1776314346.243,246.243,0.98,13.96,0.97,217.7,0.99,2524.9,,,0.01,2519.9,,,0.02,15.0,0.03,217.7,0.01,0.01,2360.430179,1776314344000
1776314346.89,246.89,0.98,13.96,0.97,221.7,0.99,2499.7,,,0.01,2524.9,,,0.02,13.96,0.03,217.7,0.01,0.01,2360.42809,1776314345000
1776314347.893,247.893,0.98,13.96,0.97,221.7,0.99,2494.6,,,0.01,2499.7,,,0.02,13.96,0.03,221.7,0.01,0.01,2360.42809,1776314346000
1776314348.865,248.865,0.98,212.66,0.97,231.7,0.99,2442.39,,,0.01,2494.6,,,0.02,13.96,0.03,221.7,0.01,0.01,2360.463824,1776314347000
1776314350.772,250.772,0.98,212.66,0.97,221.7,0.99,1521.39,,,0.01,2442.39,,,0.02,212.66,0.03,231.7,0.01,0.01,2360.49561,1776314349000
1776314351.068,251.068,0.98,8.96,0.97,158.7,0.99,1484.39,,,0.01,1521.39,,,0.02,212.66,0.03,221.7,0.01,0.01,2360.49561,1776314349000
1776314351.802,251.802,0.97,23.96,0.96,153.7,0.99,2133.99,,,0.01,1484.39,,,0.02,8.96,0.03,158.7,0.02,0.01,2360.506286,1776314350000
1776314352.412,252.412,0.97,50.53,0.96,82.0,0.98,161.0,0.99,2280.99,0.01,2133.99,,,0.03,23.96,0.04,153.7,0.01,0.02,2360.510436,1776314351000
1776314353.026,253.026,0.97,20.53,0.96,82.0,0.98,131.0,0.99,2180.99,0.02,166.0,0.01,2280.99,0.03,20.53,0.04,82.0,0.01,0.01,2360.510436,1776314351000
1776314353.706,253.706,0.97,76.75,0.96,82.0,0.98,18.0,0.99,2280.99,0.02,131.0,0.01,2180.99,0.03,20.53,0.04,82.0,0.01,0.01,2360.394198,1776314352000
1776314354.779,254.779,0.96,82.0,0.95,148.8,0.97,41.0,0.98,87.0,0.02,18.0,0.01,2280.99,0.03,76.75,0.04,82.0,0.01,0.01,2360.108051,1776314353000
1776314355.08,255.08,0.96,82.0,0.95,148.8,0.97,41.0,0.98,58.0,0.03,41.0,0.02,87.0,0.04,82.0,0.05,148.8,0.01,0.01,2360.108051,1776314353000
1776314355.988,255.988,0.97,5.0,0.96,309.12,0.98,248.66,0.99,2175.99,0.03,4.44,0.02,84.0,0.04,246.12,0.05,148.8,0.01,0.01,2360.072193,1776314354000
1776314357.173,257.173,0.97,87.74,0.96,140.0,0.98,57.83,0.99,2175.99,0.02,248.66,0.01,2175.99,0.03,5.0,0.04,309.12,0.01,0.01,2360.079886,1776314355000
1776314360.529,260.529,0.97,97.89,0.96,140.0,0.98,11.8,0.99,1829.99,0.02,57.83,0.01,2175.99,0.03,87.74,0.04,140.0,0.01,0.01,2360.089125,1776314358000
1776314361.207,261.207,0.97,97.89,0.96,233.7,0.98,1.74,0.99,1760.99,0.02,11.8,0.01,1829.99,0.03,97.89,0.04,140.0,0.01,0.01,2360.089224,1776314360000
1776314361.636,261.636,0.97,69.55,0.96,233.7,0.99,1855.12,,,0.01,1755.12,,,0.03,97.89,0.04,233.7,0.02,0.02,2360.089224,1776314360000
1776314362.205,262.205,0.97,203.25,0.96,233.7,0.98,54.93,0.99,1731.12,0.02,61.97,0.01,1855.12,0.03,74.55,0.04,233.7,0.01,0.01,2360.089224,1776314360000
1776314362.558,262.558,0.97,169.51,0.96,211.7,0.98,14.11,0.99,1731.12,0.02,54.93,0.01,1731.12,0.03,203.25,0.04,233.7,0.01,0.01,2360.089224,1776314360000
1776314364.347,264.347,0.97,227.51,0.96,153.7,0.98,62.08,0.99,1712.12,0.02,14.11,0.01,1731.12,0.03,169.51,0.04,211.7,0.01,0.01,2360.068014,1776314362000
1776314364.639,264.639,0.97,227.51,0.96,153.7,0.98,56.75,0.99,1705.12,0.02,62.08,0.01,1712.12,0.03,227.51,0.04,153.7,0.01,0.01,2359.991848,1776314363000
1776314365.058,265.058,0.97,232.51,0.96,153.7,0.99,1685.12,,,0.02,56.75,0.01,1705.12,0.03,227.51,0.04,153.7,0.02,0.01,2359.991587,1776314364000
1776314366.342,266.342,0.98,15.66,0.97,93.0,0.99,1733.12,,,0.01,1316.52,,,0.03,227.51,0.04,153.7,0.01,0.02,2359.991587,1776314364000
1776314367.072,267.072,0.98,15.66,0.97,88.0,0.99,1730.46,,,0.01,1733.12,,,0.02,15.66,0.03,93.0,0.01,0.01,2360.008979,1776314365000
1776314368.667,268.667,0.98,15.66,0.97,93.0,0.99,1726.23,,,0.01,1730.46,,,0.02,15.66,0.03,88.0,0.01,0.01,2359.950433,1776314367000
1776314369.03,269.03,0.98,15.66,0.97,103.0,0.99,1294.63,,,0.01,1726.23,,,0.02,15.66,0.03,93.0,0.01,0.01,2359.950433,1776314367000
1776314369.361,269.361,0.98,20.66,0.97,103.0,0.99,1321.0,,,0.01,1216.63,,,0.02,20.66,0.03,103.0,0.01,0.01,2359.955805,1776314368000
1776314369.776,269.776,0.98,20.66,0.97,226.7,0.99,1282.81,,,0.01,1301.0,,,0.02,15.66,0.03,226.7,0.01,0.01,2359.955805,1776314368000
1776314370.171,270.171,0.98,214.36,0.97,226.7,0.99,1292.4,,,0.01,1302.81,,,0.02,15.66,0.03,226.7,0.01,0.01,2359.955805,1776314368000
1776314370.84,270.84,0.98,219.36,0.97,216.7,0.99,1287.4,,,0.01,1292.4,,,0.02,214.36,0.03,226.7,0.01,0.01,2359.961179,1776314369000
1776314371.042,271.042,0.98,277.36,0.97,158.7,0.99,1265.4,,,0.01,1287.4,,,0.02,219.36,0.03,216.7,0.01,0.01,2359.961179,1776314369000
1776314371.279,271.279,0.98,277.36,0.97,158.7,0.99,1233.4,,,0.01,1247.4,,,0.02,282.36,0.03,158.7,0.01,0.01,2359.961179,1776314369000
1776314371.639,271.639,0.98,277.36,0.97,158.7,0.99,1128.4,,,0.01,1233.4,,,0.02,277.36,0.03,158.7,0.01,0.01,2360.110702,1776314370000
1776314372.415,272.415,0.98,277.36,0.97,156.7,0.99,1082.4,,,0.01,1112.4,,,0.02,282.36,0.03,158.7,0.01,0.01,2360.24558,1776314371000
1776314372.956,272.956,0.98,277.36,0.97,156.7,0.99,1052.4,,,0.01,1082.4,,,0.02,282.36,0.03,156.7,0.01,0.01,2360.24558,1776314371000
1776314373.612,273.612,0.98,237.36,0.97,156.7,0.99,1110.4,,,0.01,1052.4,,,0.02,277.36,0.03,156.7,0.01,0.01,2360.212927,1776314372000
1776314374.484,274.484,0.98,242.36,0.97,156.7,0.99,1075.4,,,0.01,1110.4,,,0.02,237.36,0.03,156.7,0.01,0.01,2360.217654,1776314373000
1776314375.496,275.496,0.98,68.0,0.97,33.0,0.99,1042.36,,,0.01,1077.36,,,0.02,242.36,0.03,156.7,0.01,0.01,2360.191592,1776314374000
1776314376.031,276.031,0.98,68.0,0.97,33.0,0.99,1241.34,,,0.01,1042.36,,,0.02,68.0,0.03,33.0,0.01,0.01,2360.191592,1776314374000
1776314376.984,276.984,0.98,43.0,0.97,33.0,0.99,1211.34,,,0.01,1246.34,,,0.02,43.0,0.03,33.0,0.01,0.01,2360.086097,1776314375000
1776314378.031,278.031,0.98,43.0,0.97,10.0,0.99,1215.32,,,0.01,1211.34,,,0.02,43.0,0.03,33.0,0.01,0.01,2359.981721,1776314376000
1776314378.889,278.889,0.98,43.0,0.97,10.0,0.99,1047.32,,,0.01,1215.32,,,0.02,43.0,0.03,10.0,0.01,0.01,2359.976954,1776314377000
1776314379.374,279.374,0.98,73.0,0.97,10.0,0.99,1006.91,,,0.01,1047.32,,,0.02,43.0,0.03,10.0,0.01,0.01,2359.976954,1776314377000
1776314379.986,279.986,0.98,63.0,0.97,10.0,0.99,506.85,,,0.01,1006.91,,,0.02,73.0,0.03,10.0,0.01,0.01,2359.97368,1776314378000
1776314380.245,280.245,0.98,63.0,0.97,10.0,0.99,496.85,,,0.01,506.85,,,0.02,63.0,0.03,10.0,0.01,0.01,2359.965903,1776314379000
1776314380.547,280.547,0.98,63.0,0.97,10.0,0.99,422.85,,,0.01,428.85,,,0.02,68.0,0.03,10.0,0.01,0.01,2359.965903,1776314379000
1776314381.074,281.074,0.98,63.0,0.97,10.0,0.99,415.85,,,0.01,420.85,,,0.02,68.0,0.03,10.0,0.01,0.01,2359.965903,1776314379000
1776314381.292,281.292,0.98,68.0,0.97,10.0,0.99,355.85,,,0.01,415.85,,,0.02,63.0,0.03,10.0,0.01,0.01,2360.053183,1776314380000
1776314381.785,281.785,0.98,63.0,0.97,10.0,0.99,340.85,,,0.01,345.85,,,0.02,68.0,0.03,10.0,0.01,0.01,2360.053183,1776314380000
1776314382.445,282.445,0.99,659.15,0.98,63.0,,,,,0.01,340.85,,,0.02,63.0,0.03,10.0,,0.01,2360.173826,1776314381000
1776314382.749,282.749,0.99,1271.07,0.98,68.0,,,,,,,,,0.01,659.15,0.02,63.0,,,2360.173826,1776314381000
1776314383.236,283.236,0.99,1158.3,0.98,68.0,,,,,,,,,0.01,1271.07,0.02,68.0,,,2360.173826,1776314381000
1776314390.84,290.84,0.99,2024.4,0.98,15.0,,,,,,,,,0.01,1158.3,0.02,68.0,,,2360.306065,1776314389000
1776314392.83,292.83,0.99,2108.07,0.98,15.0,,,,,,,,,0.01,2024.4,0.02,15.0,,,2360.30165,1776314391000

# RESULT,winner=Up,slug=eth-updown-5m-1776314100,ticks=273
