timestamp,elapsed_sec,up_bid_p1,up_bid_s1,up_bid_p2,up_bid_s2,up_ask_p1,up_ask_s1,up_ask_p2,up_ask_s2,down_bid_p1,down_bid_s1,down_bid_p2,down_bid_s2,down_ask_p1,down_ask_s1,down_ask_p2,down_ask_s2,up_spread,down_spread,eth_price,eth_oracle_ts
1776244201.468,1.468,0.51,24.0,0.5,84.01,0.53,10.52,0.54,5.0,0.47,0.52,0.46,5.0,0.49,30.0,0.5,89.01,0.02,0.02,2323.655281,1776244200000
1776244201.808,1.808,0.51,223.8,0.5,89.01,0.53,0.52,0.54,5.0,0.47,0.52,0.46,5.0,0.49,30.0,0.5,89.01,0.02,0.02,2323.655281,1776244200000
1776244202.028,2.028,0.51,223.8,0.5,89.01,0.53,0.52,0.54,5.0,0.47,0.52,0.46,5.0,0.49,223.8,0.5,89.01,0.02,0.02,2323.773126,1776244201000
1776244203.069,3.069,0.51,78.8,0.5,89.01,0.6,5.0,0.61,14.0,0.4,5.0,0.39,14.0,0.49,78.8,0.5,89.01,0.09,0.09,2323.804836,1776244202000
1776244203.712,3.712,0.59,91.0,0.58,30.13,0.6,5.0,0.61,10.0,0.4,5.0,0.39,14.0,0.49,78.8,0.5,89.01,0.01,0.09,2323.804836,1776244202000
1776244204.063,4.063,0.59,91.0,0.58,30.13,0.61,10.0,0.62,10.0,0.39,10.0,0.38,10.0,0.41,91.0,0.42,30.13,0.02,0.02,2323.992516,1776244203000
1776244205.137,5.137,0.59,91.0,0.58,30.13,0.61,10.0,0.62,10.0,0.39,10.0,0.38,10.0,0.41,91.0,0.42,30.13,0.02,0.02,2324.07076,1776244204000
1776244205.665,5.665,0.63,1.0,0.62,15.0,0.64,34.0,0.65,80.0,0.39,10.0,0.38,10.0,0.41,91.0,0.42,30.13,0.01,0.02,2324.07076,1776244204000
1776244206.094,6.094,0.63,1.0,0.62,15.0,0.64,34.0,0.65,80.0,0.36,34.0,0.35,80.0,0.37,1.0,0.38,15.0,0.01,0.01,2324.07252,1776244205000
1776244207.064,7.064,0.63,1.0,0.62,15.0,0.64,34.0,0.65,80.0,0.36,34.0,0.35,80.0,0.37,1.0,0.38,15.0,0.01,0.01,2324.239177,1776244206000
1776244207.995,7.995,0.63,1.0,0.62,15.0,0.64,34.0,0.65,80.0,0.36,34.0,0.35,80.0,0.37,1.0,0.38,15.0,0.01,0.01,2324.30045,1776244207000
1776244209.004,9.004,0.63,30.0,0.62,15.0,0.64,39.0,0.65,75.0,0.36,39.0,0.35,75.0,0.37,30.0,0.38,15.0,0.01,0.01,2324.30026,1776244208000
1776244209.679,9.679,0.63,40.0,0.62,15.0,0.66,82.68,0.67,94.0,0.36,39.0,0.35,75.0,0.37,30.0,0.38,15.0,0.03,0.01,2324.30026,1776244208000
1776244209.96,9.96,0.63,40.0,0.62,15.0,0.66,82.68,0.67,94.0,0.34,82.68,0.33,94.0,0.37,40.0,0.38,15.0,0.03,0.03,2324.299475,1776244209000
1776244210.431,10.431,0.64,18.5,0.63,35.0,0.65,10.0,0.66,82.68,0.35,5.0,0.34,82.68,0.36,15.0,0.37,35.0,0.01,0.01,2324.299475,1776244209000
1776244210.927,10.927,0.64,13.5,0.63,35.0,0.65,5.0,0.66,82.68,0.35,5.0,0.34,82.68,0.36,13.5,0.37,35.0,0.01,0.01,2324.302315,1776244210000
1776244211.696,11.696,0.64,54.5,0.63,40.5,0.65,29.43,0.66,82.68,0.35,5.0,0.34,82.68,0.36,13.5,0.37,35.0,0.01,0.01,2324.302315,1776244210000
1776244212.398,12.398,0.64,54.5,0.63,40.5,0.65,29.43,0.66,82.68,0.35,29.43,0.34,82.68,0.36,54.5,0.37,40.5,0.01,0.01,2324.36205,1776244211000
1776244212.949,12.949,0.64,54.5,0.63,40.5,0.65,29.43,0.66,82.68,0.35,29.43,0.34,82.68,0.36,54.5,0.37,40.5,0.01,0.01,2324.472548,1776244212000
1776244214.044,14.044,0.64,54.5,0.63,40.5,0.65,29.43,0.66,82.68,0.35,29.43,0.34,82.68,0.36,54.5,0.37,40.5,0.01,0.01,2324.337315,1776244213000
1776244215.153,15.153,0.64,54.5,0.63,40.5,0.65,29.43,0.66,82.68,0.35,29.43,0.34,82.68,0.36,54.5,0.37,40.5,0.01,0.01,2324.33822,1776244214000
1776244215.897,15.897,0.64,54.5,0.63,40.5,0.65,29.43,0.66,82.68,0.35,29.43,0.34,82.68,0.36,54.5,0.37,40.5,0.01,0.01,2324.335765,1776244215000
1776244216.238,16.238,0.64,97.0,0.63,374.5,0.65,17.93,0.66,5.0,0.35,29.43,0.34,82.68,0.36,54.5,0.37,40.5,0.01,0.01,2324.335765,1776244215000
1776244216.444,16.444,0.67,15.0,0.66,58.0,0.68,5.5,0.69,28.0,0.31,28.0,0.3,91.0,0.34,33.0,0.35,56.5,0.01,0.03,2324.335765,1776244215000
1776244216.68,16.68,0.68,25.0,0.67,40.0,0.69,23.32,0.7,91.0,0.31,19.92,0.3,91.0,0.32,15.0,0.33,45.0,0.01,0.01,2324.335765,1776244215000
1776244217.021,17.021,0.68,25.0,0.67,40.0,0.69,23.32,0.7,91.0,0.31,23.32,0.3,91.0,0.32,25.0,0.33,40.0,0.01,0.01,2324.33069,1776244216000
1776244218.17,18.17,0.68,25.0,0.67,40.0,0.69,23.32,0.7,91.0,0.31,23.32,0.3,91.0,0.32,25.0,0.33,40.0,0.01,0.01,2324.436121,1776244217000
1776244218.833,18.833,0.66,26.05,0.65,52.5,0.67,5.0,0.68,15.0,0.3,115.5,0.29,36.5,0.33,10.0,0.34,24.0,0.01,0.03,2324.436121,1776244217000
1776244219.164,19.164,0.66,26.0,0.65,52.5,0.67,1.26,0.68,15.0,0.33,5.0,0.32,15.0,0.34,26.05,0.35,52.5,0.01,0.01,2324.436121,1776244217000
1776244219.616,19.616,0.66,41.5,0.65,52.5,0.68,12.56,0.69,26.0,0.32,12.56,0.31,46.5,0.34,26.0,0.35,52.5,0.02,0.02,2324.691118,1776244218000
1776244220.016,20.016,0.68,89.0,0.67,62.5,0.69,3.92,0.7,80.0,0.31,9.0,0.3,85.0,0.32,13.5,0.33,56.5,0.01,0.01,2324.691118,1776244218000
1776244220.265,20.265,0.69,80.5,0.68,270.0,0.72,204.01,0.73,5.0,0.3,80.0,0.29,196.0,0.32,105.0,0.33,242.5,0.03,0.02,2324.691118,1776244218000
1776244221.342,21.342,0.71,15.0,0.7,15.0,0.72,202.02,0.73,32.5,0.28,202.02,0.27,32.5,0.29,15.0,0.3,15.0,0.01,0.01,2324.501177,1776244220000
1776244222.345,22.345,0.71,15.0,0.7,15.0,0.72,202.02,0.73,32.5,0.28,202.02,0.27,32.5,0.29,15.0,0.3,15.0,0.01,0.01,2324.588053,1776244221000
1776244222.666,22.666,0.71,4.65,0.7,20.0,0.72,215.5,0.73,32.5,0.28,202.02,0.27,32.5,0.29,15.0,0.3,15.0,0.01,0.01,2324.588053,1776244221000
1776244223.391,23.391,0.71,4.65,0.7,20.0,0.72,215.5,0.73,32.5,0.28,215.5,0.27,32.5,0.29,4.65,0.3,20.0,0.01,0.01,2324.66511,1776244222000
1776244223.603,23.603,0.71,20.15,0.7,30.5,0.72,185.0,0.73,5.0,0.28,215.5,0.27,32.5,0.29,4.65,0.3,20.0,0.01,0.01,2324.66511,1776244222000
1776244223.865,23.865,0.71,20.15,0.7,30.5,0.72,185.0,0.73,5.0,0.28,185.0,0.27,5.0,0.29,20.15,0.3,30.5,0.01,0.01,2324.66724,1776244223000
1776244225.351,25.351,0.71,20.15,0.7,30.5,0.72,185.0,0.73,5.0,0.28,185.0,0.27,5.0,0.29,20.15,0.3,30.5,0.01,0.01,2324.64083,1776244224000
1776244226.095,26.095,0.72,5.71,0.71,30.15,0.73,20.0,0.74,45.5,0.28,185.0,0.27,5.0,0.29,20.15,0.3,30.5,0.01,0.01,2324.64083,1776244224000
1776244226.365,26.365,0.72,0.71,0.71,30.15,0.73,18.63,0.74,24.0,0.27,18.63,0.26,24.0,0.28,0.71,0.29,30.15,0.01,0.01,2324.704725,1776244225000
1776244226.913,26.913,0.72,0.71,0.71,30.15,0.73,18.63,0.74,24.0,0.27,18.63,0.26,24.0,0.28,0.71,0.29,30.15,0.01,0.01,2324.79655,1776244226000
1776244227.13,27.13,0.72,4.89,0.71,30.15,0.73,13.63,0.74,24.0,0.27,18.63,0.26,24.0,0.28,0.71,0.29,30.15,0.01,0.01,2324.79655,1776244226000
1776244227.887,27.887,0.72,4.89,0.71,30.15,0.73,13.63,0.74,24.0,0.27,13.63,0.26,24.0,0.28,4.89,0.29,30.15,0.01,0.01,2324.75926,1776244227000
1776244228.677,28.677,0.73,58.5,0.72,35.5,0.74,11.0,0.76,265.5,0.27,13.63,0.26,24.0,0.28,4.89,0.29,30.15,0.01,0.01,2324.75926,1776244227000
1776244228.964,28.964,0.73,58.5,0.72,35.5,0.76,255.0,0.77,23.5,0.24,255.0,0.23,23.5,0.27,58.5,0.28,35.5,0.03,0.03,2324.73047,1776244228000
1776244229.314,29.314,0.75,7.0,0.74,15.0,0.76,282.5,0.77,28.5,0.24,255.0,0.23,23.5,0.27,58.5,0.28,35.5,0.01,0.03,2324.73047,1776244228000
1776244230.023,30.023,0.75,7.0,0.74,15.0,0.76,282.5,0.77,28.5,0.24,282.5,0.23,28.5,0.25,7.0,0.26,15.0,0.01,0.01,2324.76049,1776244229000
1776244230.777,30.777,0.75,66.0,0.74,15.0,0.76,270.0,0.77,43.5,0.24,282.5,0.23,28.5,0.25,7.0,0.26,15.0,0.01,0.01,2324.76049,1776244229000
1776244231.026,31.026,0.75,66.0,0.74,15.0,0.76,270.0,0.77,43.5,0.24,270.0,0.23,43.5,0.25,66.0,0.26,15.0,0.01,0.01,2325.000679,1776244230000
1776244231.451,31.451,0.75,26.0,0.74,10.0,0.76,287.21,0.77,53.5,0.24,270.0,0.23,43.5,0.25,66.0,0.26,15.0,0.01,0.01,2325.000679,1776244230000
1776244231.756,31.756,0.75,66.0,0.74,10.0,0.76,271.28,0.77,53.5,0.24,287.6,0.23,53.5,0.25,26.0,0.26,10.0,0.01,0.01,2325.000679,1776244230000
1776244232.025,32.025,0.75,66.0,0.74,10.0,0.76,271.28,0.77,53.5,0.24,271.28,0.23,53.5,0.25,66.0,0.26,10.0,0.01,0.01,2324.966385,1776244231000
1776244233.006,33.006,0.75,66.0,0.74,10.0,0.76,271.28,0.77,53.5,0.24,271.28,0.23,53.5,0.25,66.0,0.26,10.0,0.01,0.01,2324.96795,1776244232000
1776244233.877,33.877,0.68,7.75,0.66,10.0,0.69,272.5,0.7,27.5,0.24,259.61,0.23,53.5,0.25,66.0,0.26,10.0,0.01,0.01,2324.96795,1776244232000
1776244234.14,34.14,0.6,130.33,0.58,5.13,0.65,17.0,0.66,142.5,0.33,62.25,0.31,257.5,0.34,10.0,0.36,7.0,0.05,0.01,2324.968127,1776244233000
1776244234.374,34.374,0.58,3.32,0.57,5.0,0.59,224.5,0.6,10.0,0.41,211.2,0.4,10.0,0.42,3.32,0.43,5.0,0.01,0.01,2324.968127,1776244233000
1776244234.85,34.85,0.51,22.8,0.5,77.01,0.52,21.42,0.53,10.0,0.42,10.0,0.41,19.5,0.43,5.0,0.49,17.8,0.01,0.01,2324.968127,1776244233000
1776244235.057,35.057,0.44,5.0,0.43,33.0,0.49,10.0,0.5,10.0,0.49,58.01,0.48,91.42,0.52,10.0,0.53,5.0,0.05,0.03,2324.930605,1776244234000
1776244235.28,35.28,0.44,15.0,0.43,33.0,0.47,7.02,0.48,10.0,0.51,10.0,0.5,10.0,0.56,5.0,0.57,33.0,0.03,0.05,2324.930605,1776244234000
1776244235.62,35.62,0.5,10.0,0.49,10.0,0.51,28.82,0.52,106.42,0.53,10.0,0.52,6.61,0.54,2.68,0.55,10.0,0.01,0.01,2324.930605,1776244234000
1776244235.848,35.848,0.5,0.9,0.49,10.0,0.51,35.82,0.52,28.42,0.49,35.82,0.48,28.42,0.5,6.3,0.51,15.0,0.01,0.01,2324.930605,1776244234000
1776244236.064,36.064,0.5,8.9,0.49,10.0,0.51,11.32,0.52,13.42,0.49,35.82,0.48,28.42,0.5,0.9,0.51,10.0,0.01,0.01,2324.61613,1776244235000
1776244236.281,36.281,0.5,13.68,0.49,10.0,0.51,7.0,0.52,8.42,0.49,12.39,0.48,8.42,0.5,15.0,0.51,24.0,0.01,0.01,2324.61613,1776244235000
1776244236.929,36.929,0.51,10.0,0.5,18.0,0.54,5.14,0.55,10.0,0.46,5.14,0.45,10.0,0.49,10.0,0.5,18.0,0.03,0.03,2323.73538,1776244236000
1776244237.832,37.832,0.51,10.0,0.5,18.0,0.54,5.14,0.55,10.0,0.46,5.14,0.45,10.0,0.49,10.0,0.5,18.0,0.03,0.03,2323.764215,1776244237000
1776244238.4,38.4,0.57,25.5,0.56,20.5,0.58,65.0,0.59,70.0,0.46,5.14,0.45,10.0,0.49,10.0,0.5,18.0,0.01,0.03,2323.764215,1776244237000
1776244239.192,39.192,0.57,23.17,0.56,20.5,0.58,356.15,0.59,262.1,0.42,81.1,0.41,250.0,0.43,25.5,0.44,20.5,0.01,0.01,2323.764215,1776244237000
1776244239.392,39.392,0.57,23.17,0.56,20.5,0.58,356.15,0.59,262.1,0.42,356.15,0.41,262.1,0.43,23.17,0.44,20.5,0.01,0.01,2323.946794,1776244238000
1776244240.201,40.201,0.57,18.69,0.56,70.5,0.58,63.9,0.59,287.05,0.42,253.85,0.41,70.0,0.43,23.17,0.44,65.5,0.01,0.01,2323.946794,1776244238000
1776244240.414,40.414,0.57,18.69,0.56,70.5,0.58,63.9,0.59,287.05,0.42,63.9,0.41,287.05,0.43,18.69,0.44,70.5,0.01,0.01,2323.97562,1776244239000
1776244241.481,41.481,0.57,18.69,0.56,70.5,0.58,53.05,0.59,280.0,0.42,53.05,0.41,280.0,0.43,18.69,0.44,70.5,0.01,0.01,2323.856345,1776244240000
1776244241.971,41.971,0.49,9.48,0.48,29.0,0.56,30.5,0.57,253.5,0.42,53.05,0.41,280.0,0.43,18.69,0.44,70.5,0.07,0.01,2323.856345,1776244240000
1776244242.257,42.257,0.47,20.5,0.46,10.0,0.49,205.0,0.5,50.0,0.44,30.5,0.43,253.5,0.51,9.48,0.52,29.0,0.02,0.07,2323.85686,1776244241000
1776244243.032,43.032,0.47,25.5,0.46,38.5,0.49,214.8,0.5,50.0,0.51,214.8,0.5,50.0,0.53,25.5,0.54,38.5,0.02,0.02,2323.85686,1776244242000
1776244244.278,44.278,0.47,25.5,0.46,38.5,0.49,214.8,0.5,50.0,0.51,214.8,0.5,50.0,0.53,25.5,0.54,38.5,0.02,0.02,2323.80075,1776244243000
1776244244.643,44.643,0.48,30.5,0.47,30.5,0.5,144.7,0.52,126.63,0.51,214.8,0.5,50.0,0.53,25.5,0.54,38.5,0.02,0.02,2323.80075,1776244243000
1776244245.379,45.379,0.48,30.5,0.47,30.5,0.5,144.7,0.52,126.63,0.5,144.7,0.48,126.63,0.52,30.5,0.53,30.5,0.02,0.02,2323.681713,1776244244000
1776244245.849,45.849,0.54,86.0,0.53,70.5,0.55,13.66,0.56,51.75,0.45,110.4,0.44,240.5,0.47,90.5,0.48,210.5,0.01,0.02,2323.681713,1776244244000
1776244246.151,46.151,0.55,41.63,0.54,40.5,0.56,6.75,0.58,117.0,0.44,11.25,0.43,35.0,0.45,77.63,0.46,86.5,0.01,0.01,2323.681713,1776244245000
1776244246.39,46.39,0.57,10.44,0.56,25.5,0.58,290.0,0.59,30.5,0.44,1.75,0.42,285.0,0.45,26.78,0.46,40.5,0.01,0.01,2323.681713,1776244245000
1776244247.163,47.163,0.57,10.44,0.56,25.5,0.58,290.0,0.59,30.5,0.42,290.0,0.41,30.5,0.43,10.44,0.44,25.5,0.01,0.01,2323.59561,1776244246000
1776244247.504,47.504,0.56,5.23,0.55,65.5,0.58,75.0,0.59,233.5,0.42,290.0,0.41,30.5,0.43,10.44,0.44,25.5,0.02,0.01,2323.59561,1776244246000
1776244248.355,48.355,0.56,5.23,0.55,65.5,0.58,75.0,0.59,233.5,0.42,75.0,0.41,233.5,0.44,5.23,0.45,65.5,0.02,0.02,2323.85487,1776244247000
1776244248.559,48.559,0.6,20.0,0.59,30.5,0.61,263.67,0.62,22.5,0.42,75.0,0.41,233.5,0.44,5.23,0.45,65.5,0.01,0.02,2323.85487,1776244247000
1776244248.992,48.992,0.59,15.0,0.58,15.0,0.61,309.17,0.62,37.5,0.39,263.67,0.38,22.5,0.4,20.0,0.41,30.5,0.02,0.01,2323.85487,1776244247000
1776244249.613,49.613,0.59,15.0,0.58,15.0,0.6,38.83,0.61,294.17,0.4,38.83,0.39,294.17,0.41,15.0,0.42,15.0,0.01,0.01,2323.805338,1776244248000
1776244250.156,50.156,0.59,7.56,0.58,20.0,0.6,214.83,0.61,114.17,0.4,214.83,0.39,114.17,0.41,7.56,0.42,20.0,0.01,0.01,2323.843948,1776244249000
1776244250.804,50.804,0.59,7.56,0.58,30.5,0.6,231.99,0.61,114.17,0.4,214.83,0.39,114.17,0.41,7.56,0.42,20.0,0.01,0.01,2323.843948,1776244249000
1776244251.22,51.22,0.59,3.11,0.58,30.5,0.6,231.99,0.61,114.17,0.4,231.99,0.39,114.17,0.41,7.56,0.42,30.5,0.01,0.01,2323.843948,1776244249000
1776244251.472,51.472,0.59,3.11,0.58,30.5,0.6,231.99,0.61,114.17,0.4,231.99,0.39,114.17,0.41,3.11,0.42,30.5,0.01,0.01,2323.896888,1776244250000
1776244252.149,52.149,0.61,66.35,0.6,40.5,0.62,30.0,0.63,80.5,0.4,231.99,0.39,114.17,0.41,3.11,0.42,30.5,0.01,0.01,2323.896888,1776244250000
1776244252.501,52.501,0.62,42.23,0.61,15.35,0.63,126.55,0.64,292.0,0.38,30.0,0.37,80.5,0.39,66.35,0.4,40.5,0.01,0.01,2323.95227,1776244251000
1776244253.232,53.232,0.62,42.23,0.61,15.35,0.63,126.55,0.64,292.0,0.37,126.55,0.36,292.0,0.38,42.23,0.39,15.35,0.01,0.01,2323.900071,1776244252000
1776244254.34,54.34,0.61,2.01,0.6,25.0,0.63,290.5,0.64,144.5,0.37,126.55,0.36,292.0,0.38,42.23,0.39,15.35,0.02,0.01,2323.900071,1776244252000
1776244254.995,54.995,0.61,2.01,0.6,25.0,0.63,290.5,0.64,144.5,0.37,290.5,0.36,144.5,0.39,2.01,0.4,25.0,0.02,0.02,2324.006521,1776244253000
1776244255.354,55.354,0.61,22.01,0.6,35.5,0.62,214.84,0.63,105.55,0.38,216.46,0.37,100.5,0.39,2.01,0.4,35.5,0.01,0.01,2324.006521,1776244253000
1776244255.771,55.771,0.61,22.01,0.6,35.5,0.62,208.22,0.63,100.5,0.38,214.84,0.37,105.55,0.39,22.01,0.4,35.5,0.01,0.01,2324.006521,1776244253000
1776244256.858,56.858,0.61,22.01,0.6,35.5,0.62,208.22,0.63,100.5,0.38,208.22,0.37,100.5,0.39,22.01,0.4,35.5,0.01,0.01,2324.04617,1776244255000
1776244257.43,57.43,0.61,22.01,0.6,35.5,0.62,208.22,0.63,100.5,0.38,208.22,0.37,100.5,0.39,22.01,0.4,35.5,0.01,0.01,2324.03442,1776244256000
1776244258.17,58.17,0.61,22.01,0.6,35.5,0.62,208.22,0.63,100.5,0.38,208.22,0.37,100.5,0.39,22.01,0.4,35.5,0.01,0.01,2324.062692,1776244257000
1776244259.571,59.571,0.61,22.01,0.6,35.5,0.62,208.22,0.63,100.5,0.38,208.22,0.37,100.5,0.39,22.01,0.4,35.5,0.01,0.01,2323.956166,1776244258000
1776244260.238,60.238,0.58,35.5,0.57,25.21,0.59,30.0,0.6,30.5,0.38,208.22,0.37,100.5,0.39,22.01,0.4,35.5,0.01,0.01,2323.956166,1776244258000
1776244260.47,60.47,0.58,35.5,0.57,25.21,0.59,29.91,0.6,30.5,0.41,30.0,0.4,30.5,0.42,35.5,0.43,25.21,0.01,0.01,2324.105995,1776244259000
1776244260.814,60.814,0.57,0.21,0.47,5.0,0.58,235.5,0.59,51.5,0.41,29.91,0.4,30.5,0.42,35.5,0.43,25.21,0.01,0.01,2324.105995,1776244259000
1776244261.198,61.198,0.47,10.4,0.46,5.0,0.48,22.29,0.49,20.0,0.52,26.0,0.51,15.0,0.53,11.72,0.54,5.0,0.01,0.01,2324.105995,1776244259000
1776244261.774,61.774,0.47,10.4,0.46,5.0,0.48,22.29,0.49,20.0,0.52,22.29,0.51,20.0,0.53,10.4,0.54,5.0,0.01,0.01,2323.948145,1776244260000
1776244262.279,62.279,0.44,20.5,0.42,5.0,0.45,40.0,0.46,41.0,0.54,51.0,0.53,21.0,0.56,5.0,0.58,5.0,0.01,0.02,2323.948145,1776244260000
1776244262.521,62.521,0.44,20.5,0.42,5.0,0.45,40.0,0.46,41.0,0.55,40.0,0.54,41.0,0.56,20.5,0.58,5.0,0.01,0.01,2324.00444,1776244261000
1776244262.968,62.968,0.43,14.91,0.42,5.0,0.45,256.0,0.46,45.05,0.55,71.0,0.54,41.0,0.56,20.5,0.57,15.0,0.02,0.01,2324.00444,1776244261000
1776244263.178,63.178,0.43,14.91,0.42,5.0,0.45,251.0,0.46,45.05,0.55,251.0,0.54,45.05,0.57,14.91,0.58,5.0,0.02,0.02,2323.66195,1776244262000
1776244263.728,63.728,0.39,15.0,0.38,7.0,0.41,6.87,0.42,10.0,0.55,251.0,0.54,45.05,0.57,14.91,0.58,5.0,0.02,0.02,2323.66195,1776244262000
1776244264.24,64.24,0.32,37.58,0.31,40.5,0.33,28.0,0.34,17.0,0.67,5.0,0.64,10.0,0.68,5.0,0.69,8.0,0.01,0.01,2323.66195,1776244262000
1776244264.573,64.573,0.32,24.19,0.31,40.5,0.33,25.0,0.34,17.0,0.67,25.0,0.66,17.0,0.68,24.19,0.69,40.5,0.01,0.01,2323.360163,1776244263000
1776244264.812,64.812,0.32,39.19,0.31,40.5,0.33,76.83,0.34,35.0,0.67,25.0,0.66,17.0,0.68,24.19,0.69,40.5,0.01,0.01,2323.360163,1776244263000
1776244265.168,65.168,0.32,31.85,0.31,49.5,0.33,41.78,0.34,215.0,0.67,76.83,0.66,35.0,0.68,39.19,0.69,40.5,0.01,0.01,2323.360163,1776244263000
1776244265.521,65.521,0.32,27.76,0.31,49.5,0.33,62.83,0.34,215.0,0.67,46.78,0.66,215.0,0.68,29.76,0.69,49.5,0.01,0.01,2323.286736,1776244264000
1776244265.814,65.814,0.32,10.19,0.31,39.0,0.33,39.78,0.34,35.0,0.67,62.83,0.66,215.0,0.68,27.76,0.69,49.5,0.01,0.01,2323.286736,1776244264000
1776244266.02,66.02,0.32,10.19,0.31,39.0,0.33,39.78,0.34,35.0,0.67,39.78,0.66,35.0,0.68,10.19,0.69,39.0,0.01,0.01,2322.983965,1776244265000
1776244267.079,67.079,0.29,195.5,0.28,125.5,0.3,29.5,0.31,32.0,0.67,68.58,0.66,35.0,0.7,30.0,0.71,105.5,0.01,0.03,2322.983965,1776244265000
1776244267.414,67.414,0.29,195.5,0.28,125.5,0.3,29.5,0.31,32.0,0.7,29.5,0.69,32.0,0.71,195.5,0.72,125.5,0.01,0.01,2322.649715,1776244266000
1776244267.706,67.706,0.29,435.5,0.28,292.16,0.3,9.33,0.35,45.0,0.7,29.5,0.69,32.0,0.71,195.5,0.72,125.5,0.01,0.01,2322.649715,1776244266000
1776244268.126,68.126,0.29,455.5,0.28,292.16,0.35,30.0,0.36,10.0,0.65,30.0,0.64,10.0,0.71,455.5,0.72,292.16,0.06,0.06,2322.581285,1776244267000
1776244268.471,68.471,0.36,361.5,0.35,161.5,0.37,20.0,0.38,18.0,0.65,30.0,0.64,10.0,0.71,455.5,0.72,292.16,0.01,0.06,2322.581285,1776244267000
1776244269.123,69.123,0.38,25.0,0.37,140.0,0.39,37.45,0.4,30.5,0.61,7.58,0.6,5.0,0.64,364.5,0.65,161.5,0.01,0.03,2322.581285,1776244267000
1776244269.462,69.462,0.38,105.0,0.37,240.0,0.4,14.33,0.41,26.5,0.61,37.45,0.6,30.5,0.62,25.0,0.63,140.0,0.02,0.01,2322.581285,1776244267000
1776244269.726,69.726,0.39,7.67,0.38,10.0,0.4,10.0,0.41,15.0,0.61,0.76,0.58,25.5,0.62,77.56,0.63,240.0,0.01,0.01,2322.716385,1776244268000
1776244270.469,70.469,0.39,7.67,0.38,10.0,0.4,10.0,0.41,15.0,0.6,10.0,0.59,15.0,0.61,7.67,0.62,10.0,0.01,0.01,2322.7629,1776244269000
1776244271.178,71.178,0.39,7.67,0.38,10.0,0.4,10.0,0.41,15.0,0.6,10.0,0.59,15.0,0.61,7.67,0.62,10.0,0.01,0.01,2323.057825,1776244270000
1776244272.767,72.767,0.39,7.67,0.38,10.0,0.4,10.0,0.41,15.0,0.6,10.0,0.59,15.0,0.61,7.67,0.62,10.0,0.01,0.01,2322.98546,1776244271000
1776244273.314,73.314,0.41,76.5,0.4,231.5,0.43,1.88,0.46,20.0,0.6,10.0,0.59,15.0,0.61,7.67,0.62,10.0,0.02,0.01,2322.98546,1776244271000
1776244273.8,73.8,0.41,76.5,0.4,231.5,0.43,1.88,0.46,20.0,0.57,1.88,0.54,20.0,0.59,76.5,0.6,231.5,0.02,0.02,2323.044817,1776244272000
1776244274.214,74.214,0.48,50.5,0.47,205.5,0.51,113.14,0.52,122.5,0.57,1.88,0.54,20.0,0.59,76.5,0.6,231.5,0.03,0.02,2323.044817,1776244272000
1776244274.416,74.416,0.5,19.45,0.49,15.0,0.51,290.39,0.52,115.5,0.49,110.39,0.48,290.5,0.5,25.0,0.51,15.0,0.01,0.01,2323.050512,1776244273000
1776244275.368,75.368,0.5,19.45,0.49,15.0,0.51,290.39,0.52,115.5,0.49,290.39,0.48,115.5,0.5,19.45,0.51,15.0,0.01,0.01,2323.24554,1776244274000
1776244275.677,75.677,0.52,30.5,0.51,95.5,0.53,96.85,0.54,100.0,0.49,290.39,0.48,115.5,0.5,19.45,0.51,15.0,0.01,0.01,2323.24554,1776244274000
1776244275.886,75.886,0.52,30.5,0.51,95.5,0.53,96.85,0.54,100.0,0.47,96.85,0.46,100.0,0.48,30.5,0.49,95.5,0.01,0.01,2323.36027,1776244275000
1776244276.156,76.156,0.52,251.5,0.51,115.5,0.53,94.11,0.54,105.0,0.47,94.11,0.46,110.5,0.48,55.5,0.49,295.5,0.01,0.01,2323.36027,1776244275000
1776244276.783,76.783,0.53,15.0,0.52,220.5,0.54,13.0,0.55,42.5,0.47,89.11,0.46,105.0,0.48,251.5,0.49,115.5,0.01,0.01,2323.36027,1776244275000
1776244277.879,77.879,0.53,30.5,0.52,215.5,0.54,3.91,0.55,47.5,0.46,3.91,0.45,47.5,0.47,30.5,0.48,215.5,0.01,0.01,2323.676322,1776244277000
1776244278.441,78.441,0.54,67.73,0.53,25.5,0.55,2.0,0.56,25.0,0.45,2.0,0.44,25.0,0.46,40.5,0.47,25.5,0.01,0.01,2323.676322,1776244277000
1776244278.825,78.825,0.55,55.41,0.54,57.73,0.56,19.93,0.57,70.5,0.44,19.93,0.43,70.5,0.45,55.41,0.46,57.73,0.01,0.01,2323.816595,1776244278000
1776244279.322,79.322,0.56,76.5,0.55,61.41,0.57,6.0,0.58,25.0,0.44,19.93,0.43,70.5,0.45,55.41,0.46,57.73,0.01,0.01,2323.816595,1776244278000
1776244279.743,79.743,0.56,29.47,0.55,46.0,0.57,25.5,0.58,56.5,0.43,10.5,0.42,41.5,0.44,63.47,0.45,241.41,0.01,0.01,2323.816595,1776244278000
1776244279.977,79.977,0.54,5.0,0.53,5.0,0.56,114.08,0.57,70.5,0.44,54.08,0.43,70.5,0.45,5.0,0.46,5.0,0.02,0.01,2323.816595,1776244278000
1776244280.263,80.263,0.51,164.74,0.5,185.0,0.55,45.5,0.56,59.08,0.45,45.5,0.44,59.08,0.49,164.74,0.5,185.0,0.04,0.04,2323.75726,1776244279000
1776244281.176,81.176,0.51,164.74,0.5,185.0,0.55,45.5,0.56,59.08,0.45,45.5,0.44,59.08,0.49,164.74,0.5,185.0,0.04,0.04,2323.79834,1776244280000
1776244281.807,81.807,0.48,95.5,0.47,115.5,0.49,40.5,0.5,210.5,0.45,45.5,0.44,59.08,0.49,164.74,0.5,185.0,0.01,0.04,2323.79834,1776244280000
1776244282.298,82.298,0.48,95.5,0.47,115.5,0.49,43.45,0.5,210.5,0.51,43.45,0.5,210.5,0.52,95.5,0.53,115.5,0.01,0.01,2323.640565,1776244281000
1776244282.532,82.532,0.47,11.92,0.46,25.5,0.48,25.0,0.49,27.95,0.51,43.45,0.5,210.5,0.52,95.5,0.53,115.5,0.01,0.01,2323.640565,1776244281000
1776244282.754,82.754,0.47,16.92,0.46,25.5,0.49,23.9,0.5,305.5,0.52,9.58,0.51,27.95,0.53,16.92,0.54,25.5,0.02,0.01,2323.640565,1776244281000
1776244283.218,83.218,0.47,16.92,0.46,25.5,0.49,23.9,0.5,305.5,0.51,23.9,0.5,305.5,0.53,16.92,0.54,25.5,0.02,0.02,2323.592397,1776244282000
1776244283.958,83.958,0.47,11.92,0.46,25.5,0.48,14.89,0.49,214.4,0.51,23.9,0.5,305.5,0.53,16.92,0.54,25.5,0.01,0.02,2323.592397,1776244282000
1776244284.175,84.175,0.47,11.92,0.46,25.5,0.48,14.89,0.49,214.4,0.52,14.89,0.51,214.4,0.53,11.92,0.54,25.5,0.01,0.01,2323.595969,1776244283000
1776244284.413,84.413,0.45,66.98,0.44,70.0,0.46,25.0,0.47,20.0,0.52,14.89,0.51,214.4,0.53,11.92,0.54,25.5,0.01,0.01,2323.595969,1776244283000
1776244285.204,85.204,0.45,66.98,0.44,70.0,0.46,25.0,0.47,20.0,0.54,25.0,0.53,20.0,0.55,66.98,0.56,70.0,0.01,0.01,2323.596509,1776244284000
1776244286.703,86.703,0.42,13.08,0.39,170.67,0.43,25.0,0.44,15.0,0.57,25.0,0.56,15.0,0.58,13.08,0.61,170.67,0.01,0.01,2323.425753,1776244285000
1776244287.237,87.237,0.42,13.08,0.39,170.67,0.43,25.0,0.44,15.0,0.57,25.0,0.56,15.0,0.58,13.08,0.61,170.67,0.01,0.01,2323.32668,1776244286000
1776244287.759,87.759,0.39,7.67,0.36,10.0,0.43,298.5,0.44,108.5,0.57,25.0,0.56,15.0,0.58,13.08,0.61,170.67,0.04,0.01,2323.32668,1776244286000
1776244288.294,88.294,0.35,6.0,0.34,80.0,0.37,11.0,0.38,11.0,0.63,11.0,0.62,11.0,0.65,6.0,0.66,80.0,0.02,0.02,2323.32668,1776244287000
1776244289.061,89.061,0.35,136.37,0.34,9.0,0.36,251.5,0.37,62.5,0.63,11.0,0.62,11.0,0.65,6.0,0.66,80.0,0.01,0.02,2323.32668,1776244287000
1776244289.295,89.295,0.35,130.98,0.34,9.0,0.36,225.5,0.37,46.5,0.64,225.5,0.63,46.5,0.65,130.98,0.66,9.0,0.01,0.01,2323.084295,1776244288000
1776244289.992,89.992,0.34,32.33,0.33,30.5,0.35,20.0,0.36,205.0,0.64,215.0,0.63,46.5,0.65,3.98,0.66,29.5,0.01,0.01,2323.084295,1776244288000
1776244290.344,90.344,0.34,19.98,0.33,30.5,0.35,20.0,0.36,205.0,0.65,20.0,0.64,205.0,0.66,19.98,0.67,30.5,0.01,0.01,2323.06589,1776244289000
1776244290.886,90.886,0.34,19.98,0.33,30.5,0.35,20.0,0.36,205.0,0.65,20.0,0.64,205.0,0.66,19.98,0.67,30.5,0.01,0.01,2323.01658,1776244290000
1776244291.228,91.228,0.34,13.48,0.33,20.5,0.35,30.0,0.36,35.5,0.65,20.0,0.64,205.0,0.66,19.98,0.67,30.5,0.01,0.01,2323.01658,1776244290000
1776244291.461,91.461,0.34,5.48,0.33,5.0,0.35,24.85,0.36,35.5,0.65,30.0,0.64,35.5,0.66,10.48,0.67,10.0,0.01,0.01,2323.01658,1776244290000
1776244291.927,91.927,0.34,5.48,0.33,5.0,0.35,24.85,0.36,35.5,0.65,24.85,0.64,35.5,0.66,5.48,0.67,5.0,0.01,0.01,2322.839385,1776244291000
1776244292.743,92.743,0.34,13.96,0.33,20.5,0.35,19.85,0.36,25.0,0.65,24.85,0.64,35.5,0.66,5.48,0.67,5.0,0.01,0.01,2322.839385,1776244291000
1776244292.969,92.969,0.32,173.5,0.31,65.0,0.33,13.98,0.35,24.85,0.67,13.98,0.65,24.85,0.68,173.5,0.69,65.0,0.01,0.01,2322.82135,1776244292000
1776244293.834,93.834,0.32,356.17,0.31,70.0,0.33,18.98,0.34,10.0,0.67,13.98,0.65,24.85,0.68,173.5,0.69,65.0,0.01,0.01,2322.82135,1776244292000
1776244294.055,94.055,0.32,356.17,0.31,70.0,0.33,18.98,0.34,10.0,0.67,18.98,0.66,10.0,0.68,356.17,0.69,70.0,0.01,0.01,2322.80777,1776244293000
1776244295.136,95.136,0.32,356.17,0.31,70.0,0.33,18.98,0.34,10.0,0.67,18.98,0.66,10.0,0.68,356.17,0.69,70.0,0.01,0.01,2322.80777,1776244294000
1776244295.434,95.434,0.32,156.69,0.31,259.0,0.33,28.98,0.34,15.0,0.67,18.98,0.66,10.0,0.68,356.17,0.69,70.0,0.01,0.01,2322.80777,1776244294000
1776244296.219,96.219,0.32,156.69,0.31,259.0,0.33,28.98,0.34,15.0,0.67,28.98,0.66,15.0,0.68,156.69,0.69,259.0,0.01,0.01,2323.02314,1776244295000
1776244297.286,97.286,0.32,156.69,0.31,259.0,0.33,28.98,0.34,15.0,0.67,28.98,0.66,15.0,0.68,156.69,0.69,259.0,0.01,0.01,2322.809902,1776244296000
1776244297.522,97.522,0.3,9.16,0.29,5.0,0.31,9.85,0.32,36.5,0.69,4.85,0.68,36.5,0.7,19.0,0.71,5.0,0.01,0.01,2322.809902,1776244296000
1776244298.416,98.416,0.28,80.88,0.27,185.0,0.31,9.85,0.32,36.5,0.69,9.85,0.68,36.5,0.72,80.88,0.73,185.0,0.03,0.03,2322.806635,1776244297000
1776244298.92,98.92,0.28,80.88,0.27,185.0,0.31,9.85,0.32,36.5,0.69,9.85,0.68,36.5,0.72,80.88,0.73,185.0,0.03,0.03,2322.8015,1776244298000
1776244299.273,99.273,0.29,66.0,0.28,321.5,0.3,15.0,0.31,9.85,0.69,9.85,0.68,36.5,0.72,80.88,0.73,185.0,0.01,0.03,2322.8015,1776244298000
1776244300.519,100.519,0.29,66.0,0.28,321.5,0.3,15.0,0.31,9.85,0.7,15.0,0.69,9.85,0.71,66.0,0.72,321.5,0.01,0.01,2322.8637,1776244299000
1776244300.973,100.973,0.29,17.18,0.28,95.0,0.3,20.5,0.31,20.35,0.7,15.0,0.69,9.85,0.71,66.0,0.72,321.5,0.01,0.01,2322.8637,1776244299000
1776244301.188,101.188,0.28,90.0,0.27,10.0,0.3,20.5,0.31,20.35,0.7,20.5,0.69,20.35,0.72,90.0,0.73,10.0,0.02,0.02,2322.84499,1776244300000
1776244301.796,101.796,0.28,78.0,0.26,70.0,0.29,30.5,0.3,200.5,0.7,20.5,0.69,20.35,0.72,90.0,0.73,10.0,0.01,0.02,2322.84499,1776244300000
1776244302.196,102.196,0.26,66.55,0.25,80.0,0.29,45.5,0.3,200.5,0.71,45.5,0.7,200.5,0.74,66.55,0.75,80.0,0.03,0.03,2322.67314,1776244301000
1776244303.324,103.324,0.26,65.72,0.25,90.0,0.27,20.0,0.28,20.0,0.73,20.0,0.72,20.0,0.74,65.72,0.75,90.0,0.01,0.01,2322.624375,1776244302000
1776244303.629,103.629,0.26,71.55,0.25,280.0,0.27,20.0,0.28,20.0,0.73,20.0,0.72,20.0,0.74,73.0,0.75,280.0,0.01,0.01,2322.624375,1776244302000
1776244304.405,104.405,0.26,71.55,0.25,280.0,0.27,20.0,0.28,20.0,0.73,20.0,0.72,20.0,0.74,71.55,0.75,280.0,0.01,0.01,2322.524834,1776244303000
1776244304.757,104.757,0.22,73.79,0.21,76.7,0.23,10.0,0.24,10.0,0.73,20.0,0.72,20.0,0.74,71.55,0.75,280.0,0.01,0.01,2322.524834,1776244303000
1776244305.184,105.184,0.19,76.96,0.18,111.4,0.2,15.0,0.21,15.0,0.77,10.0,0.76,10.0,0.78,53.54,0.79,76.7,0.01,0.01,2322.524834,1776244303000
1776244305.391,105.391,0.19,66.96,0.18,284.4,0.21,6.46,0.22,20.5,0.79,6.46,0.78,20.5,0.81,76.96,0.82,284.4,0.02,0.02,2322.524834,1776244303000
1776244306.057,106.057,0.19,75.72,0.18,284.4,0.21,6.46,0.22,20.5,0.79,6.46,0.78,20.5,0.81,75.72,0.82,284.4,0.02,0.02,2322.708698,1776244305000
1776244306.678,106.678,0.21,99.58,0.2,40.05,0.23,25.5,0.24,205.5,0.79,6.46,0.78,20.5,0.81,75.72,0.82,284.4,0.02,0.02,2322.708698,1776244305000
1776244306.975,106.975,0.21,99.58,0.2,40.05,0.23,25.5,0.24,205.5,0.77,25.5,0.76,205.5,0.79,99.58,0.8,40.05,0.02,0.02,2322.305885,1776244306000
1776244307.277,107.277,0.21,84.49,0.2,40.05,0.22,25.5,0.23,20.5,0.77,25.5,0.76,205.5,0.79,99.58,0.8,40.05,0.01,0.02,2322.305885,1776244306000
1776244307.596,107.596,0.21,29.85,0.2,5.0,0.22,25.5,0.23,206.5,0.78,25.5,0.77,20.5,0.79,84.49,0.8,40.05,0.01,0.01,2322.305885,1776244306000
1776244307.833,107.833,0.15,11.24,0.13,31.8,0.16,30.5,0.17,25.5,0.78,105.5,0.77,97.5,0.85,19.0,0.87,31.8,0.01,0.07,2322.305885,1776244306000
1776244308.146,108.146,0.13,31.31,0.12,39.19,0.16,66.5,0.17,43.5,0.84,66.5,0.83,43.5,0.87,31.31,0.88,39.19,0.03,0.03,2322.200815,1776244307000
1776244308.763,108.763,0.16,310.5,0.15,90.5,0.17,17.62,0.18,27.0,0.84,66.5,0.83,43.5,0.87,31.31,0.88,39.19,0.01,0.03,2322.200815,1776244307000
1776244309.191,109.191,0.17,20.0,0.16,231.0,0.18,15.29,0.19,26.0,0.82,15.29,0.81,26.0,0.83,20.0,0.84,231.0,0.01,0.01,2322.180815,1776244308000
1776244309.424,109.424,0.16,424.31,0.15,152.23,0.19,10.0,0.2,48.5,0.82,15.29,0.81,26.0,0.83,20.0,0.84,231.0,0.03,0.01,2322.180815,1776244308000
1776244309.845,109.845,0.19,11.0,0.18,236.61,0.2,22.0,0.21,20.5,0.81,1.92,0.8,48.5,0.82,17.0,0.84,424.31,0.01,0.01,2322.180815,1776244308000
1776244310.187,110.187,0.19,13.38,0.18,221.61,0.2,43.0,0.21,20.5,0.8,22.0,0.79,20.5,0.81,11.0,0.82,236.61,0.01,0.01,2322.180815,1776244308000
1776244310.619,110.619,0.19,21.22,0.18,216.0,0.2,37.0,0.21,20.5,0.8,43.0,0.79,20.5,0.81,13.38,0.82,221.61,0.01,0.01,2321.735028,1776244309000
1776244311.26,111.26,0.19,19.89,0.18,106.0,0.2,47.5,0.21,20.5,0.8,47.5,0.79,20.5,0.81,19.89,0.82,106.0,0.01,0.01,2321.925455,1776244310000
1776244311.477,111.477,0.17,111.25,0.16,70.0,0.19,22.0,0.2,36.5,0.81,27.0,0.8,36.5,0.82,66.29,0.83,111.25,0.02,0.01,2321.925455,1776244310000
1776244311.729,111.729,0.16,61.49,0.14,29.9,0.17,101.61,0.18,61.69,0.83,46.61,0.82,44.69,0.84,64.94,0.86,47.9,0.01,0.01,2321.925455,1776244310000
1776244312.311,112.311,0.16,61.49,0.14,29.9,0.17,101.61,0.18,61.69,0.83,101.61,0.82,61.69,0.84,61.49,0.86,29.9,0.01,0.01,2322.080365,1776244311000
1776244313.243,113.243,0.16,113.4,0.15,295.95,0.17,49.11,0.18,49.69,0.83,101.61,0.82,61.69,0.84,61.49,0.86,29.9,0.01,0.01,2322.080365,1776244311000
1776244314.568,114.568,0.16,113.4,0.15,295.95,0.17,49.11,0.18,49.69,0.83,49.11,0.82,49.69,0.84,113.4,0.85,295.95,0.01,0.01,2321.739296,1776244313000
1776244314.828,114.828,0.16,298.4,0.15,56.2,0.17,38.58,0.18,49.69,0.83,49.11,0.82,49.69,0.84,113.4,0.85,295.95,0.01,0.01,2321.739296,1776244313000
1776244315.071,115.071,0.16,298.4,0.15,56.2,0.17,26.4,0.18,49.69,0.83,26.4,0.82,49.69,0.84,298.4,0.85,56.2,0.01,0.01,2321.67954,1776244314000
1776244315.405,115.405,0.16,287.44,0.15,56.2,0.17,36.4,0.18,49.69,0.83,26.4,0.82,49.69,0.84,298.4,0.85,56.2,0.01,0.01,2321.67954,1776244314000
1776244316.746,116.746,0.16,320.16,0.15,56.2,0.17,20.0,0.18,49.69,0.83,36.4,0.82,49.69,0.84,287.44,0.85,56.2,0.01,0.01,2321.67954,1776244314000
1776244317.192,117.192,0.16,383.16,0.15,63.2,0.18,49.69,0.19,36.5,0.83,20.0,0.82,49.69,0.84,320.16,0.85,56.2,0.02,0.01,2321.67954,1776244314000
1776244318.761,118.761,0.17,10.94,0.16,137.85,0.18,82.69,0.19,226.5,0.82,49.69,0.81,36.5,0.84,383.16,0.85,63.2,0.01,0.02,2321.67954,1776244314000
1776244320.04,120.04,0.16,366.36,0.15,53.7,0.17,19.11,0.18,17.19,0.82,82.69,0.81,226.5,0.83,10.94,0.84,137.85,0.01,0.01,2321.67954,1776244314000
1776244320.401,120.401,0.17,200.97,0.16,224.16,0.18,37.19,0.19,41.5,0.82,17.19,0.81,31.5,0.84,356.36,0.85,78.7,0.01,0.02,2321.67954,1776244314000
1776244321.176,121.176,0.17,337.97,0.16,227.61,0.23,5.0,0.24,5.0,0.82,37.19,0.81,41.5,0.83,200.97,0.84,224.16,0.06,0.01,2321.67954,1776244314000
1776244321.58,121.58,0.24,197.5,0.23,15.0,0.25,6.7,0.27,6.0,0.75,32.22,0.74,28.0,0.83,376.97,0.84,238.61,0.01,0.08,2321.67954,1776244314000
1776244321.78,121.78,0.24,212.5,0.23,15.0,0.28,5.0,0.29,28.0,0.75,6.7,0.72,5.0,0.76,233.5,0.77,15.0,0.04,0.01,2321.67954,1776244314000
1776244321.994,121.994,0.27,144.98,0.26,25.5,0.28,5.0,0.29,10.0,0.72,5.0,0.71,10.0,0.73,130.52,0.74,25.5,0.01,0.01,2321.67954,1776244314000
1776244322.605,122.605,0.27,144.98,0.26,25.5,0.28,5.0,0.29,5.0,0.72,5.0,0.71,10.0,0.73,144.98,0.74,25.5,0.01,0.01,2321.67954,1776244314000
1776244323.121,123.121,0.27,323.09,0.26,25.5,0.28,5.0,0.29,5.0,0.72,10.0,0.71,5.0,0.73,144.56,0.74,25.5,0.01,0.01,2321.67954,1776244314000
1776244323.347,123.347,0.27,323.09,0.26,25.5,0.28,5.0,0.29,5.0,0.72,5.0,0.71,5.0,0.73,323.09,0.74,25.5,0.01,0.01,2321.888595,1776244322000
1776244323.689,123.689,0.27,241.0,0.26,95.5,0.28,5.0,0.29,5.0,0.72,10.0,0.71,5.0,0.73,313.09,0.74,95.5,0.01,0.01,2321.888595,1776244322000
1776244323.981,123.981,0.27,251.5,0.26,145.5,0.28,2.0,0.33,24.98,0.72,5.0,0.71,5.0,0.73,241.0,0.74,95.5,0.01,0.01,2321.888595,1776244322000
1776244324.225,124.225,0.32,15.0,0.31,10.0,0.33,37.14,0.34,21.0,0.67,35.48,0.66,33.0,0.68,10.0,0.69,10.0,0.01,0.01,2322.259785,1776244323000
1776244324.429,124.429,0.32,27.64,0.31,65.0,0.33,9.33,0.34,11.0,0.67,33.8,0.66,11.0,0.68,2.64,0.69,10.0,0.01,0.01,2322.259785,1776244323000
1776244324.649,124.649,0.32,7.0,0.31,65.0,0.33,15.16,0.34,30.5,0.67,10.16,0.66,36.5,0.68,20.0,0.69,65.0,0.01,0.01,2322.259785,1776244323000
1776244324.893,124.893,0.32,7.0,0.31,65.0,0.33,16.49,0.34,30.5,0.67,15.16,0.66,30.5,0.68,7.0,0.69,65.0,0.01,0.01,2322.259785,1776244323000
1776244325.299,125.299,0.32,7.0,0.31,65.0,0.33,76.46,0.34,25.5,0.67,78.46,0.66,30.5,0.68,7.0,0.69,65.0,0.01,0.01,2322.40285,1776244324000
1776244326.006,126.006,0.32,242.07,0.31,166.42,0.33,71.3,0.34,5.0,0.67,71.46,0.66,25.5,0.69,55.42,0.7,195.0,0.01,0.02,2322.40285,1776244324000
1776244326.212,126.212,0.32,226.08,0.31,166.42,0.33,20.0,0.34,5.0,0.67,20.0,0.66,5.0,0.68,226.08,0.69,166.42,0.01,0.01,2322.648505,1776244325000
1776244326.454,126.454,0.33,18.9,0.32,210.5,0.35,11.12,0.36,21.0,0.65,6.12,0.64,21.0,0.67,20.5,0.68,215.5,0.02,0.02,2322.648505,1776244325000
1776244326.928,126.928,0.37,20.0,0.36,20.0,0.39,9.74,0.4,37.5,0.65,11.12,0.64,21.0,0.67,18.9,0.68,210.5,0.02,0.02,2322.648505,1776244325000
1776244327.411,127.411,0.37,40.0,0.36,20.0,0.38,71.25,0.39,21.74,0.62,71.25,0.61,21.74,0.63,40.0,0.64,20.0,0.01,0.01,2322.67584,1776244326000
1776244327.997,127.997,0.35,195.03,0.34,95.5,0.38,95.25,0.39,10.0,0.62,95.25,0.61,10.0,0.65,195.03,0.66,95.5,0.03,0.03,2322.745509,1776244327000
1776244328.283,128.283,0.39,18.18,0.38,200.5,0.4,10.0,0.41,17.0,0.59,18.12,0.58,15.0,0.61,15.0,0.62,10.0,0.01,0.02,2322.745509,1776244327000
1776244328.59,128.59,0.39,236.44,0.38,25.5,0.4,23.04,0.41,22.0,0.6,10.0,0.59,17.0,0.61,15.44,0.62,200.5,0.01,0.01,2322.745509,1776244327000
1776244328.829,128.829,0.39,229.63,0.38,25.5,0.41,22.0,0.42,10.0,0.6,23.04,0.59,22.0,0.61,229.63,0.62,25.5,0.02,0.01,2322.745509,1776244327000
1776244329.173,129.173,0.39,194.05,0.38,25.5,0.41,22.0,0.42,82.37,0.6,15.0,0.59,22.0,0.61,229.77,0.62,30.5,0.02,0.01,2322.745509,1776244327000
1776244329.637,129.637,0.39,190.8,0.38,25.5,0.41,22.0,0.42,82.37,0.59,22.0,0.58,82.37,0.61,190.8,0.62,25.5,0.02,0.02,2322.907545,1776244328000
1776244330.153,130.153,0.39,190.0,0.38,5.0,0.42,95.4,0.43,42.5,0.59,22.0,0.58,82.37,0.61,190.8,0.62,25.5,0.03,0.02,2322.907545,1776244328000
1776244330.357,130.357,0.4,3.16,0.39,190.0,0.41,30.5,0.42,95.4,0.59,30.5,0.58,95.4,0.6,3.16,0.61,190.0,0.01,0.01,2323.024699,1776244329000
1776244330.727,130.727,0.39,182.12,0.38,15.5,0.4,20.01,0.41,28.0,0.59,43.5,0.58,100.4,0.61,187.12,0.62,5.0,0.01,0.02,2323.024699,1776244329000
1776244331.305,131.305,0.39,175.02,0.38,5.0,0.4,97.39,0.41,33.0,0.6,10.9,0.59,28.0,0.61,182.12,0.62,15.5,0.01,0.01,2323.074045,1776244330000
1776244332.2,132.2,0.34,289.98,0.33,36.3,0.35,25.0,0.36,25.0,0.6,102.39,0.59,33.0,0.64,36.0,0.65,6.0,0.01,0.04,2323.074045,1776244330000
1776244332.543,132.543,0.34,86.0,0.33,16.3,0.36,35.5,0.37,20.0,0.65,25.0,0.64,25.0,0.66,289.98,0.67,36.3,0.02,0.01,2323.06853,1776244331000
1776244333.072,133.072,0.34,80.55,0.33,16.3,0.36,35.5,0.37,20.0,0.64,35.5,0.63,20.0,0.66,80.55,0.67,16.3,0.02,0.02,2323.06714,1776244332000
1776244333.657,133.657,0.3,195.58,0.29,97.5,0.31,7.0,0.32,41.5,0.64,35.5,0.63,20.0,0.66,80.55,0.67,16.3,0.01,0.02,2323.06714,1776244332000
1776244334.02,134.02,0.3,187.72,0.29,102.5,0.31,12.0,0.32,46.5,0.69,7.0,0.68,41.5,0.7,194.15,0.71,97.5,0.01,0.01,2323.06714,1776244332000
1776244334.297,134.297,0.3,191.14,0.29,102.5,0.31,12.0,0.32,46.5,0.69,12.0,0.68,46.5,0.7,191.14,0.71,102.5,0.01,0.01,2323.002976,1776244333000
1776244334.972,134.972,0.3,8.01,0.29,97.5,0.31,32.5,0.32,46.5,0.69,12.0,0.68,46.5,0.7,191.14,0.71,102.5,0.01,0.01,2323.002976,1776244333000
1776244336.481,136.481,0.3,8.01,0.29,97.5,0.31,32.5,0.32,46.5,0.69,32.5,0.68,46.5,0.7,8.01,0.71,97.5,0.01,0.01,2322.958393,1776244335000
1776244337.156,137.156,0.3,8.01,0.29,97.5,0.31,32.5,0.32,46.5,0.69,32.5,0.68,46.5,0.7,8.01,0.71,97.5,0.01,0.01,2322.785636,1776244336000
1776244337.8,137.8,0.32,14.63,0.31,200.0,0.33,10.0,0.34,47.51,0.69,32.5,0.68,46.5,0.7,8.01,0.71,97.5,0.01,0.01,2322.785636,1776244336000
1776244338.162,138.162,0.31,7.79,0.3,19.71,0.33,35.5,0.34,47.51,0.67,10.0,0.66,47.51,0.68,14.63,0.69,200.0,0.02,0.01,2322.785636,1776244336000
1776244338.47,138.47,0.3,19.71,0.29,80.0,0.31,17.64,0.32,55.79,0.67,35.5,0.66,47.51,0.69,7.79,0.7,19.71,0.01,0.02,2322.785636,1776244336000
1776244338.892,138.892,0.3,10.0,0.29,80.0,0.31,90.75,0.32,235.79,0.69,14.25,0.68,55.79,0.7,19.71,0.71,80.0,0.01,0.01,2322.781752,1776244337000
1776244339.257,139.257,0.3,10.0,0.29,80.0,0.31,90.75,0.32,235.79,0.69,90.75,0.68,235.79,0.7,10.0,0.71,80.0,0.01,0.01,2322.804961,1776244338000
1776244339.459,139.459,0.29,68.18,0.28,27.89,0.31,270.75,0.32,55.79,0.69,90.75,0.68,235.79,0.7,10.0,0.71,80.0,0.02,0.01,2322.804961,1776244338000
1776244340.248,140.248,0.29,76.77,0.28,27.89,0.3,93.0,0.31,248.75,0.69,270.75,0.68,55.79,0.71,68.18,0.72,27.89,0.01,0.02,2322.804961,1776244338000
1776244340.718,140.718,0.29,76.77,0.28,27.89,0.3,93.0,0.31,248.75,0.7,93.0,0.69,248.75,0.71,76.77,0.72,27.89,0.01,0.01,2322.848945,1776244339000
1776244341.365,141.365,0.29,76.77,0.28,27.89,0.3,93.0,0.31,248.75,0.7,93.0,0.69,248.75,0.71,76.77,0.72,27.89,0.01,0.01,2322.769267,1776244340000
1776244341.774,141.774,0.29,69.77,0.28,15.0,0.3,98.0,0.31,70.25,0.7,93.0,0.69,248.75,0.71,76.77,0.72,27.89,0.01,0.01,2322.769267,1776244340000
1776244342.031,142.031,0.29,12.78,0.28,30.5,0.31,31.25,0.32,41.79,0.69,31.25,0.68,41.79,0.71,12.78,0.72,30.5,0.02,0.02,2322.83431,1776244341000
1776244342.367,142.367,0.3,45.0,0.29,203.28,0.32,37.29,0.33,25.5,0.69,31.25,0.68,41.79,0.71,12.78,0.72,30.5,0.02,0.02,2322.83431,1776244341000
1776244343.398,143.398,0.3,40.0,0.29,203.28,0.33,25.5,0.34,30.51,0.67,25.5,0.66,30.51,0.7,40.0,0.71,203.28,0.03,0.03,2322.688232,1776244342000
1776244343.667,143.667,0.32,12.5,0.31,20.0,0.33,15.0,0.34,48.51,0.67,25.5,0.66,30.51,0.7,40.0,0.71,203.28,0.01,0.03,2322.688232,1776244342000
1776244343.993,143.993,0.32,4.32,0.31,10.0,0.33,25.5,0.34,53.51,0.67,15.0,0.66,48.51,0.68,12.5,0.69,20.0,0.01,0.01,2322.688232,1776244342000
1776244344.293,144.293,0.3,5.36,0.29,198.28,0.33,57.5,0.34,233.51,0.67,25.5,0.66,53.51,0.68,4.32,0.69,10.0,0.03,0.01,2322.682525,1776244343000
1776244345.223,145.223,0.31,55.5,0.3,205.86,0.32,4.0,0.33,27.0,0.67,57.5,0.66,233.51,0.7,5.36,0.71,198.28,0.01,0.03,2322.682525,1776244343000
1776244345.491,145.491,0.32,15.0,0.31,65.5,0.33,4.0,0.34,26.01,0.67,16.0,0.66,26.01,0.68,10.0,0.69,55.5,0.01,0.01,2322.682525,1776244343000
1776244346.032,146.032,0.33,212.96,0.32,25.5,0.34,16.01,0.35,5.0,0.67,4.0,0.66,26.01,0.68,15.0,0.69,65.5,0.01,0.01,2322.79505,1776244344000
1776244346.265,146.265,0.33,317.96,0.32,68.5,0.37,12.0,0.4,0.9,0.66,16.01,0.65,5.0,0.67,212.96,0.68,25.5,0.04,0.01,2322.79505,1776244344000
1776244346.593,146.593,0.39,10.0,0.38,10.0,0.41,7.62,0.42,16.0,0.59,7.62,0.58,16.0,0.61,10.0,0.62,10.0,0.02,0.02,2322.83781,1776244345000
1776244347.14,147.14,0.39,10.0,0.38,10.0,0.41,7.62,0.42,16.0,0.59,7.62,0.58,16.0,0.61,10.0,0.62,10.0,0.02,0.02,2322.8426,1776244346000
1776244348.232,148.232,0.39,10.0,0.38,10.0,0.41,7.62,0.42,16.0,0.59,7.62,0.58,16.0,0.61,10.0,0.62,10.0,0.02,0.02,2323.153044,1776244347000
1776244349.345,149.345,0.39,10.0,0.38,10.0,0.41,7.62,0.42,16.0,0.59,7.62,0.58,16.0,0.61,10.0,0.62,10.0,0.02,0.02,2323.0644,1776244348000
1776244350.453,150.453,0.4,10.0,0.39,10.0,0.42,36.5,0.43,44.0,0.58,36.5,0.57,44.0,0.6,10.0,0.61,10.0,0.02,0.02,2323.093395,1776244349000
1776244350.975,150.975,0.4,10.0,0.39,10.0,0.42,36.5,0.43,44.0,0.58,36.5,0.57,44.0,0.6,10.0,0.61,10.0,0.02,0.02,2323.094785,1776244350000
1776244352.0,152.0,0.4,10.0,0.39,10.0,0.42,36.5,0.43,44.0,0.58,36.5,0.57,44.0,0.6,10.0,0.61,10.0,0.02,0.02,2323.08911,1776244351000
1776244352.446,152.446,0.39,3.44,0.38,5.0,0.41,42.5,0.42,33.5,0.58,36.5,0.57,44.0,0.6,10.0,0.61,10.0,0.02,0.02,2323.08911,1776244351000
1776244352.984,152.984,0.39,228.44,0.38,5.0,0.4,23.93,0.41,25.5,0.59,42.5,0.58,33.5,0.61,3.44,0.62,5.0,0.01,0.02,2323.08911,1776244351000
1776244354.231,154.231,0.39,198.44,0.38,5.0,0.4,8.93,0.41,25.5,0.6,8.93,0.59,25.5,0.61,198.44,0.62,5.0,0.01,0.01,2323.085305,1776244353000
1776244354.799,154.799,0.41,245.92,0.4,25.5,0.43,18.88,0.44,32.5,0.58,22.0,0.57,49.5,0.59,15.42,0.6,25.5,0.02,0.01,2323.085305,1776244353000
1776244355.0,155.0,0.43,46.28,0.42,20.0,0.45,35.0,0.46,25.5,0.57,18.88,0.56,32.5,0.59,245.92,0.6,25.5,0.02,0.02,2323.085305,1776244353000
1776244355.566,155.566,0.45,268.5,0.44,30.0,0.49,20.5,0.5,43.0,0.55,10.75,0.54,37.5,0.56,30.0,0.57,35.5,0.04,0.01,2323.09189,1776244354000
1776244356.226,156.226,0.46,24.05,0.45,263.5,0.49,20.5,0.5,43.0,0.51,20.5,0.5,43.0,0.54,24.05,0.55,263.5,0.03,0.03,2323.179535,1776244355000
1776244356.483,156.483,0.47,7.83,0.46,29.05,0.49,30.5,0.5,48.0,0.51,20.5,0.5,43.0,0.54,24.05,0.55,263.5,0.02,0.03,2323.179535,1776244355000
1776244357.069,157.069,0.48,7.88,0.47,12.83,0.49,21.45,0.5,103.87,0.51,21.45,0.5,48.0,0.52,5.0,0.53,7.83,0.01,0.01,2323.179535,1776244355000
1776244357.542,157.542,0.47,217.92,0.46,29.05,0.48,10.0,0.49,30.5,0.51,21.45,0.5,103.87,0.52,7.88,0.53,12.83,0.01,0.01,2323.235205,1776244356000
1776244358.107,158.107,0.47,218.11,0.46,29.05,0.48,12.91,0.49,30.5,0.52,7.91,0.51,30.5,0.53,222.92,0.54,29.05,0.01,0.01,2323.235205,1776244356000
1776244358.991,158.991,0.47,211.22,0.46,29.05,0.48,17.92,0.49,30.5,0.52,12.91,0.51,30.5,0.53,218.11,0.54,29.05,0.01,0.01,2323.46536,1776244357000
1776244359.257,159.257,0.47,211.22,0.46,29.05,0.48,17.92,0.49,30.5,0.52,17.92,0.51,30.5,0.53,211.22,0.54,29.05,0.01,0.01,2323.68251,1776244358000
1776244359.834,159.834,0.47,236.72,0.46,42.05,0.5,58.5,0.51,15.0,0.51,20.51,0.5,58.5,0.53,216.22,0.54,24.05,0.03,0.02,2323.68251,1776244358000
1776244360.169,160.169,0.47,237.41,0.46,42.05,0.48,5.0,0.49,10.0,0.52,5.0,0.51,10.0,0.53,237.41,0.54,42.05,0.01,0.01,2323.51131,1776244359000
1776244360.591,160.591,0.49,66.5,0.48,263.5,0.5,12.0,0.51,5.0,0.51,9.89,0.5,48.0,0.53,237.41,0.54,42.05,0.01,0.02,2323.51131,1776244359000
1776244360.804,160.804,0.49,261.5,0.48,78.5,0.54,5.0,0.55,15.0,0.5,12.0,0.49,5.0,0.51,66.5,0.52,263.5,0.05,0.01,2323.51131,1776244359000
1776244361.116,161.116,0.53,27.56,0.52,25.5,0.55,17.5,0.56,83.66,0.44,83.66,0.43,91.0,0.51,261.5,0.52,78.5,0.02,0.07,2323.51131,1776244359000
1776244361.342,161.342,0.53,17.06,0.52,30.5,0.54,3.33,0.55,17.5,0.46,5.5,0.45,17.5,0.47,22.06,0.48,30.5,0.01,0.01,2323.50715,1776244360000
1776244362.245,162.245,0.53,15.0,0.52,40.5,0.55,15.48,0.56,83.66,0.46,3.33,0.45,17.5,0.48,30.5,0.49,25.5,0.02,0.02,2323.50715,1776244360000
1776244362.877,162.877,0.52,20.0,0.51,15.0,0.53,21.76,0.54,40.5,0.45,15.48,0.44,83.66,0.47,15.0,0.48,40.5,0.01,0.02,2323.535495,1776244361000
1776244363.359,163.359,0.52,20.0,0.51,15.0,0.53,21.76,0.54,40.5,0.47,21.76,0.46,40.5,0.48,20.0,0.49,15.0,0.01,0.01,2323.746473,1776244362000
1776244364.152,164.152,0.52,215.0,0.51,84.4,0.61,82.0,0.62,91.32,0.47,21.76,0.46,40.5,0.48,20.0,0.49,15.0,0.09,0.01,2323.746473,1776244362000
1776244364.903,164.903,0.56,8.92,0.54,10.0,0.61,48.78,0.62,91.32,0.39,48.78,0.38,91.32,0.44,8.92,0.46,10.0,0.05,0.05,2323.64315,1776244364000
1776244365.517,165.517,0.6,4.3,0.59,10.0,0.61,323.28,0.62,109.32,0.39,48.78,0.38,91.32,0.44,8.92,0.46,10.0,0.01,0.05,2323.64315,1776244364000
1776244365.903,165.903,0.57,13.23,0.56,58.5,0.6,10.5,0.61,279.28,0.4,10.5,0.39,279.28,0.43,13.23,0.44,58.5,0.03,0.03,2323.777039,1776244365000
1776244366.585,166.585,0.58,15.0,0.57,23.73,0.59,39.45,0.6,25.5,0.4,10.5,0.39,279.28,0.43,13.23,0.44,58.5,0.01,0.03,2323.777039,1776244365000
1776244367.016,167.016,0.58,15.0,0.57,23.73,0.59,39.45,0.6,25.5,0.41,39.45,0.4,25.5,0.42,15.0,0.43,23.73,0.01,0.01,2323.876479,1776244366000
1776244367.647,167.647,0.59,25.0,0.58,25.0,0.6,23.63,0.61,259.28,0.41,39.45,0.4,25.5,0.42,15.0,0.43,23.73,0.01,0.01,2323.876479,1776244366000
1776244367.994,167.994,0.59,28.0,0.58,20.0,0.6,13.63,0.61,264.28,0.4,13.63,0.39,264.28,0.41,28.0,0.42,20.0,0.01,0.01,2323.877298,1776244367000
1776244369.093,169.093,0.59,28.0,0.58,20.0,0.6,13.63,0.61,264.28,0.4,13.63,0.39,264.28,0.41,28.0,0.42,20.0,0.01,0.01,2323.882803,1776244368000
1776244370.05,170.05,0.59,28.0,0.58,20.0,0.6,13.63,0.61,264.28,0.4,13.63,0.39,264.28,0.41,28.0,0.42,20.0,0.01,0.01,2323.882085,1776244369000
1776244371.011,171.011,0.59,28.0,0.58,20.0,0.6,13.63,0.61,264.28,0.4,13.63,0.39,264.28,0.41,28.0,0.42,20.0,0.01,0.01,2323.882449,1776244370000
1776244371.473,171.473,0.59,158.5,0.58,35.5,0.62,176.64,0.65,7.0,0.4,13.63,0.39,264.28,0.41,28.0,0.42,20.0,0.03,0.01,2323.882449,1776244370000
1776244371.743,171.743,0.63,6.96,0.61,55.0,0.69,5.0,0.7,6.0,0.37,0.97,0.31,5.0,0.39,45.0,0.41,197.5,0.06,0.02,2323.882449,1776244370000
1776244372.116,172.116,0.63,6.96,0.61,55.0,0.69,5.0,0.7,6.0,0.31,5.0,0.3,6.0,0.37,6.96,0.39,55.0,0.06,0.06,2324.037975,1776244371000
1776244372.355,172.355,0.68,5.0,0.66,51.54,0.69,4.0,0.72,10.0,0.31,5.0,0.28,10.0,0.34,43.97,0.37,10.0,0.01,0.03,2324.037975,1776244371000
1776244372.769,172.769,0.71,26.0,0.7,20.0,0.72,13.61,0.74,148.0,0.31,4.0,0.28,10.0,0.32,5.0,0.34,51.54,0.01,0.01,2324.037975,1776244371000
1776244373.25,173.25,0.73,30.66,0.72,15.0,0.74,78.0,0.76,70.0,0.26,148.0,0.24,70.0,0.29,21.0,0.3,20.0,0.01,0.03,2324.037975,1776244371000
1776244373.581,173.581,0.72,8.42,0.71,31.0,0.74,78.0,0.76,70.0,0.26,78.0,0.24,70.0,0.28,8.42,0.29,31.0,0.02,0.02,2324.486968,1776244372000
1776244374.195,174.195,0.72,8.42,0.71,31.0,0.74,78.0,0.76,70.0,0.26,78.0,0.24,70.0,0.28,8.42,0.29,31.0,0.02,0.02,2324.586,1776244373000
1776244374.631,174.631,0.73,276.5,0.72,18.42,0.79,140.0,0.81,61.0,0.26,78.0,0.24,70.0,0.28,8.42,0.29,31.0,0.06,0.02,2324.586,1776244373000
1776244375.146,175.146,0.78,185.0,0.77,25.5,0.79,140.0,0.81,50.0,0.21,140.0,0.19,61.0,0.27,276.5,0.28,18.42,0.01,0.06,2324.586,1776244373000
1776244375.452,175.452,0.78,244.81,0.77,25.5,0.81,50.0,0.82,93.5,0.21,145.0,0.19,50.0,0.22,234.81,0.23,25.5,0.03,0.01,2324.749875,1776244374000
1776244375.74,175.74,0.81,30.0,0.8,14.25,0.82,58.16,0.84,15.0,0.18,70.0,0.15,5.0,0.2,14.25,0.21,10.0,0.01,0.02,2324.749875,1776244374000
1776244376.264,176.264,0.81,35.0,0.8,19.25,0.82,56.94,0.84,15.0,0.18,56.94,0.16,15.0,0.19,35.0,0.2,19.25,0.01,0.01,2324.75843,1776244375000
1776244376.883,176.883,0.81,134.5,0.8,229.75,0.82,62.48,0.87,15.0,0.18,56.94,0.16,15.0,0.19,35.0,0.2,19.25,0.01,0.01,2324.75843,1776244375000
1776244377.266,177.266,0.81,134.5,0.8,229.75,0.82,62.48,0.87,15.0,0.18,62.48,0.13,15.0,0.19,134.5,0.2,229.75,0.01,0.01,2324.900215,1776244376000
1776244377.659,177.659,0.81,134.5,0.8,229.75,0.82,53.33,0.86,50.0,0.18,62.48,0.13,15.0,0.19,134.5,0.2,229.75,0.01,0.01,2324.900215,1776244376000
1776244378.381,178.381,0.81,97.5,0.8,44.75,0.82,45.71,0.87,15.0,0.18,45.71,0.13,15.0,0.19,97.5,0.2,44.75,0.01,0.01,2325.04442,1776244377000
1776244378.828,178.828,0.81,116.5,0.8,44.75,0.87,20.0,0.88,39.1,0.18,45.71,0.13,15.0,0.19,97.5,0.2,44.75,0.06,0.01,2325.04442,1776244377000
1776244379.609,179.609,0.85,10.0,0.84,10.0,0.86,63.09,0.87,15.0,0.13,20.0,0.12,39.1,0.19,116.5,0.2,44.75,0.01,0.06,2325.081274,1776244378000
1776244380.037,180.037,0.85,10.0,0.84,10.0,0.86,63.09,0.87,15.0,0.14,63.09,0.13,15.0,0.15,10.0,0.16,10.0,0.01,0.01,2325.23277,1776244379000
1776244380.877,180.877,0.85,2.33,0.84,10.0,0.86,63.09,0.87,10.5,0.14,63.09,0.13,15.0,0.15,10.0,0.16,10.0,0.01,0.01,2325.23277,1776244379000
1776244381.185,181.185,0.85,10.0,0.84,10.0,0.86,54.6,0.88,205.0,0.14,58.09,0.12,205.0,0.15,10.0,0.16,10.0,0.01,0.01,2325.19107,1776244380000
1776244381.528,181.528,0.84,3.93,0.83,20.5,0.86,54.6,0.88,210.5,0.14,54.6,0.12,205.0,0.15,10.0,0.16,10.0,0.02,0.01,2325.19107,1776244380000
1776244381.854,181.854,0.84,10.0,0.83,10.0,0.87,20.0,0.88,5.0,0.14,54.6,0.12,210.5,0.16,3.93,0.17,20.5,0.03,0.02,2325.19107,1776244380000
1776244382.101,182.101,0.89,25.0,0.88,39.0,0.91,178.49,0.93,65.3,0.1,58.49,0.09,244.0,0.13,0.46,0.14,26.7,0.02,0.03,2325.19107,1776244380000
1776244382.682,182.682,0.89,13.75,0.88,49.0,0.93,55.3,0.94,104.89,0.09,157.01,0.07,65.3,0.11,11.54,0.12,54.0,0.04,0.02,2325.270979,1776244381000
1776244383.032,183.032,0.9,8.0,0.89,13.75,0.91,12.0,0.92,10.0,0.07,55.3,0.06,104.89,0.11,13.75,0.12,49.0,0.01,0.04,2325.270979,1776244381000
1776244383.362,183.362,0.9,8.0,0.89,13.75,0.91,12.0,0.92,10.0,0.09,12.0,0.08,10.0,0.1,8.0,0.11,13.75,0.01,0.01,2325.31371,1776244382000
1776244383.641,183.641,0.89,10.75,0.88,39.0,0.91,16.5,0.92,10.0,0.09,12.0,0.08,10.0,0.1,8.0,0.11,13.75,0.02,0.01,2325.31371,1776244382000
1776244384.352,184.352,0.89,10.75,0.88,39.0,0.91,16.5,0.92,10.0,0.09,16.5,0.08,10.0,0.11,10.75,0.12,39.0,0.02,0.02,2325.722678,1776244383000
1776244384.624,184.624,0.88,15.0,0.87,37.0,0.9,4.89,0.91,101.22,0.09,16.5,0.08,10.0,0.11,10.75,0.12,39.0,0.02,0.02,2325.722678,1776244383000
1776244384.948,184.948,0.88,15.0,0.87,37.0,0.9,4.89,0.91,101.22,0.1,4.89,0.09,101.22,0.12,15.0,0.13,37.0,0.02,0.02,2325.880626,1776244384000
1776244385.157,185.157,0.88,25.0,0.87,57.0,0.9,71.79,0.91,96.22,0.1,4.89,0.09,101.22,0.12,15.0,0.13,37.0,0.02,0.02,2325.880626,1776244384000
1776244385.425,185.425,0.88,25.0,0.87,57.0,0.9,65.62,0.91,96.22,0.1,66.62,0.09,96.22,0.12,30.0,0.13,57.0,0.02,0.02,2325.880626,1776244384000
1776244386.05,186.05,0.88,25.0,0.87,57.0,0.9,65.62,0.91,96.22,0.1,65.62,0.09,96.22,0.12,25.0,0.13,57.0,0.02,0.02,2325.77165,1776244385000
1776244386.27,186.27,0.91,8.0,0.9,28.0,0.93,4.31,0.94,162.22,0.1,65.62,0.09,96.22,0.12,25.0,0.13,57.0,0.02,0.02,2325.77165,1776244385000
1776244386.727,186.727,0.89,5.0,0.88,10.0,0.9,5.73,0.91,10.0,0.07,1.34,0.06,236.22,0.11,15.0,0.13,67.0,0.01,0.04,2325.77165,1776244385000
1776244387.035,187.035,0.89,35.0,0.88,10.0,0.9,4.73,0.91,37.0,0.1,5.73,0.09,10.0,0.11,5.0,0.12,10.0,0.01,0.01,2325.77165,1776244385000
1776244387.606,187.606,0.87,56.84,0.86,58.2,0.91,37.0,0.92,10.0,0.09,37.0,0.08,10.0,0.13,56.84,0.14,58.2,0.04,0.04,2325.668285,1776244386000
1776244387.99,187.99,0.87,10.0,0.86,36.93,0.89,49.0,0.9,10.0,0.11,49.0,0.1,10.0,0.13,10.0,0.14,36.93,0.02,0.02,2325.668285,1776244387000
1776244389.029,189.029,0.87,10.0,0.86,36.93,0.89,49.0,0.9,10.0,0.11,49.0,0.1,10.0,0.13,10.0,0.14,36.93,0.02,0.02,2325.68221,1776244388000
1776244389.473,189.473,0.85,16.38,0.84,10.0,0.87,35.0,0.88,44.5,0.11,37.67,0.1,10.0,0.13,5.0,0.14,56.93,0.02,0.02,2325.68221,1776244388000
1776244389.897,189.897,0.85,16.38,0.84,10.0,0.87,7.72,0.88,44.5,0.13,7.72,0.12,44.5,0.15,16.38,0.16,10.0,0.02,0.02,2325.619778,1776244389000
1776244390.815,190.815,0.85,21.35,0.84,15.0,0.87,22.72,0.88,44.5,0.13,22.72,0.12,44.5,0.15,21.35,0.16,15.0,0.02,0.02,2325.673778,1776244390000
1776244392.04,192.04,0.86,20.0,0.85,25.5,0.89,7.67,0.9,36.5,0.13,22.72,0.12,44.5,0.15,21.35,0.16,15.0,0.03,0.02,2325.673778,1776244390000
1776244392.257,192.257,0.89,12.33,0.87,15.0,0.9,49.5,0.91,60.0,0.1,49.5,0.09,60.0,0.11,12.33,0.13,15.0,0.01,0.01,2325.460146,1776244391000
1776244392.47,192.47,0.89,9.24,0.88,15.0,0.9,54.21,0.91,60.0,0.1,54.21,0.09,60.0,0.11,17.33,0.12,15.0,0.01,0.01,2325.460146,1776244391000
1776244392.757,192.757,0.87,37.0,0.86,15.0,0.9,64.31,0.91,60.0,0.1,54.21,0.09,60.0,0.11,9.24,0.12,15.0,0.03,0.01,2325.460146,1776244391000
1776244393.1,193.1,0.87,37.0,0.86,15.0,0.9,64.31,0.91,60.0,0.1,64.31,0.09,60.0,0.13,37.0,0.14,15.0,0.03,0.03,2325.40188,1776244392000
1776244394.053,194.053,0.87,37.0,0.86,15.0,0.88,7.49,0.89,10.0,0.12,7.49,0.11,10.0,0.13,37.0,0.14,15.0,0.01,0.01,2325.415086,1776244393000
1776244395.068,195.068,0.87,37.0,0.86,15.0,0.88,7.49,0.89,10.0,0.12,7.49,0.11,10.0,0.13,37.0,0.14,15.0,0.01,0.01,2325.471324,1776244394000
1776244395.455,195.455,0.89,5.9,0.88,32.5,0.9,10.0,0.91,10.0,0.12,7.49,0.11,10.0,0.13,37.0,0.14,15.0,0.01,0.01,2325.471324,1776244394000
1776244395.694,195.694,0.89,5.9,0.88,15.5,0.9,9.44,0.91,70.22,0.1,10.0,0.09,10.0,0.11,5.9,0.12,32.5,0.01,0.01,2325.471324,1776244394000
1776244395.921,195.921,0.88,20.5,0.87,77.5,0.9,34.44,0.91,70.22,0.1,9.44,0.09,70.22,0.11,5.9,0.12,15.5,0.02,0.01,2325.471324,1776244394000
1776244397.008,197.008,0.88,20.5,0.87,77.5,0.89,33.88,0.9,9.44,0.11,33.88,0.1,9.44,0.12,20.5,0.13,77.5,0.01,0.01,2325.539546,1776244396000
1776244397.976,197.976,0.88,20.5,0.87,77.5,0.89,33.88,0.9,9.44,0.11,33.88,0.1,9.44,0.12,20.5,0.13,77.5,0.01,0.01,2325.500335,1776244397000
1776244399.011,199.011,0.88,20.5,0.87,77.5,0.89,33.88,0.9,9.44,0.11,33.88,0.1,9.44,0.12,20.5,0.13,77.5,0.01,0.01,2325.533417,1776244398000
1776244399.853,199.853,0.89,123.48,0.88,233.6,0.9,119.44,0.91,209.22,0.11,33.88,0.1,9.44,0.12,20.5,0.13,77.5,0.01,0.01,2325.533417,1776244398000
1776244400.448,200.448,0.89,40.5,0.88,59.6,0.9,18.88,0.91,209.22,0.1,119.44,0.09,209.22,0.11,123.48,0.12,233.6,0.01,0.01,2325.533417,1776244398000
1776244401.095,201.095,0.89,40.5,0.88,59.6,0.9,18.88,0.91,209.22,0.1,18.88,0.09,209.22,0.11,40.5,0.12,59.6,0.01,0.01,2325.51717,1776244400000
1776244401.478,201.478,0.89,38.75,0.88,55.1,0.9,159.38,0.91,209.22,0.1,18.88,0.09,209.22,0.11,40.5,0.12,59.6,0.01,0.01,2325.51717,1776244400000
1776244401.916,201.916,0.89,160.91,0.88,26.0,0.9,159.38,0.91,264.22,0.1,154.38,0.09,209.22,0.11,13.0,0.12,34.1,0.01,0.01,2325.51717,1776244400000
1776244402.189,202.189,0.89,126.91,0.88,26.0,0.9,154.38,0.91,264.22,0.1,154.38,0.09,264.22,0.11,126.91,0.12,26.0,0.01,0.01,2325.532045,1776244401000
1776244403.369,203.369,0.87,332.88,0.86,40.4,0.9,179.38,0.91,264.22,0.1,179.38,0.09,264.22,0.13,332.88,0.14,40.4,0.03,0.03,2325.51202,1776244402000
1776244403.853,203.853,0.87,74.3,0.86,147.32,0.88,41.59,0.89,10.0,0.12,41.59,0.11,10.0,0.13,74.3,0.14,147.32,0.01,0.01,2325.49561,1776244403000
1776244404.981,204.981,0.87,74.3,0.86,147.32,0.88,41.59,0.89,10.0,0.12,41.59,0.11,10.0,0.13,74.3,0.14,147.32,0.01,0.01,2325.529045,1776244404000
1776244405.481,205.481,0.85,27.66,0.84,10.5,0.87,210.5,0.88,38.09,0.12,253.09,0.11,20.5,0.14,2.5,0.15,30.0,0.02,0.02,2325.529045,1776244404000
1776244405.998,205.998,0.85,27.66,0.84,10.5,0.87,210.5,0.88,38.09,0.13,210.5,0.12,38.09,0.15,27.66,0.16,10.5,0.02,0.02,2325.52597,1776244405000
1776244407.048,207.048,0.83,108.89,0.82,10.5,0.84,38.78,0.85,20.5,0.13,210.5,0.12,38.09,0.15,27.66,0.16,10.5,0.01,0.02,2325.52597,1776244405000
1776244408.168,208.168,0.83,108.89,0.82,10.5,0.84,38.78,0.85,20.5,0.16,38.78,0.15,20.5,0.17,108.89,0.18,10.5,0.01,0.01,2325.228215,1776244407000
1776244408.761,208.761,0.82,22.5,0.81,10.5,0.83,13.0,0.84,38.78,0.16,38.78,0.15,20.5,0.17,108.89,0.18,10.5,0.01,0.01,2325.228215,1776244407000
1776244409.283,209.283,0.82,22.5,0.81,10.5,0.83,13.0,0.84,38.78,0.17,13.0,0.16,38.78,0.18,22.5,0.19,10.5,0.01,0.01,2325.108375,1776244408000
1776244410.093,210.093,0.82,44.0,0.81,65.68,0.83,38.0,0.84,19.28,0.17,13.0,0.16,38.78,0.18,22.5,0.19,10.5,0.01,0.01,2325.108375,1776244408000
1776244410.705,210.705,0.81,12.0,0.8,10.5,0.83,44.96,0.84,19.28,0.17,18.46,0.16,19.28,0.18,74.93,0.19,27.5,0.02,0.01,2325.078171,1776244409000
1776244411.352,211.352,0.81,5.0,0.8,10.5,0.82,17.65,0.83,36.5,0.18,17.65,0.17,36.5,0.19,5.0,0.2,10.5,0.01,0.01,2325.01206,1776244410000
1776244412.2,212.2,0.81,133.21,0.8,43.0,0.84,5.16,0.85,200.5,0.18,17.65,0.17,36.5,0.19,5.0,0.2,10.5,0.03,0.01,2325.01206,1776244410000
1776244412.478,212.478,0.81,133.21,0.8,43.0,0.84,5.16,0.85,200.5,0.16,5.16,0.15,200.5,0.19,133.21,0.2,43.0,0.03,0.03,2325.055709,1776244411000
1776244413.004,213.004,0.81,133.21,0.8,43.0,0.84,5.16,0.85,200.5,0.16,5.16,0.15,200.5,0.19,133.21,0.2,43.0,0.03,0.03,2325.055564,1776244412000
1776244413.323,213.323,0.83,78.27,0.82,20.5,0.84,21.23,0.85,200.5,0.16,21.47,0.15,200.5,0.17,9.11,0.18,20.5,0.01,0.01,2325.055564,1776244412000
1776244413.761,213.761,0.83,89.95,0.82,20.5,0.84,12.63,0.85,190.0,0.16,21.23,0.15,200.5,0.17,78.27,0.18,20.5,0.01,0.01,2325.055564,1776244412000
1776244414.053,214.053,0.83,89.95,0.82,20.5,0.84,12.63,0.85,190.0,0.16,12.63,0.15,190.0,0.17,89.95,0.18,20.5,0.01,0.01,2325.106454,1776244413000
1776244415.079,215.079,0.83,89.95,0.82,20.5,0.84,12.63,0.85,190.0,0.16,12.63,0.15,190.0,0.17,89.95,0.18,20.5,0.01,0.01,2324.96952,1776244414000
1776244415.672,215.672,0.84,72.43,0.83,200.5,0.87,39.0,0.88,10.5,0.15,26.55,0.14,271.5,0.16,77.0,0.17,26.68,0.03,0.01,2324.96952,1776244414000
1776244416.324,216.324,0.85,20.0,0.84,82.93,0.87,45.26,0.88,20.5,0.13,39.0,0.12,10.5,0.16,72.43,0.17,200.5,0.02,0.03,2324.96952,1776244414000
1776244417.031,217.031,0.85,25.0,0.84,72.43,0.86,15.07,0.87,45.26,0.14,15.07,0.13,45.26,0.15,25.0,0.16,72.43,0.01,0.01,2325.076575,1776244416000
1776244417.427,217.427,0.85,8.2,0.84,89.23,0.86,16.05,0.87,45.26,0.14,11.05,0.13,45.26,0.15,30.0,0.16,99.23,0.01,0.01,2325.076575,1776244416000
1776244418.135,218.135,0.85,8.2,0.84,89.23,0.86,16.05,0.87,45.26,0.14,16.05,0.13,45.26,0.15,8.2,0.16,89.23,0.01,0.01,2325.140042,1776244417000
1776244419.439,219.439,0.86,11.0,0.85,435.98,0.87,7.76,0.91,288.0,0.14,16.05,0.13,45.26,0.15,8.2,0.16,89.23,0.01,0.01,2325.140042,1776244417000
1776244419.678,219.678,0.86,11.0,0.85,435.98,0.87,7.76,0.91,288.0,0.13,7.76,0.09,288.0,0.14,11.0,0.15,435.98,0.01,0.01,2325.085567,1776244418000
1776244420.042,220.042,0.9,25.5,0.89,35.5,0.91,208.01,0.93,30.0,0.09,193.0,0.07,35.0,0.1,25.5,0.11,25.5,0.01,0.01,2325.085567,1776244418000
1776244420.297,220.297,0.9,25.5,0.89,35.5,0.91,208.01,0.93,30.0,0.09,208.01,0.07,30.0,0.1,25.5,0.11,35.5,0.01,0.01,2324.999156,1776244419000
1776244421.458,221.458,0.9,72.81,0.89,234.22,0.91,197.52,0.92,10.0,0.09,203.01,0.07,10.0,0.11,48.22,0.12,39.0,0.01,0.02,2324.999156,1776244419000
1776244421.836,221.836,0.9,62.81,0.89,82.29,0.91,198.35,0.92,10.0,0.09,185.55,0.08,10.0,0.1,72.81,0.11,234.22,0.01,0.01,2325.290412,1776244420000
1776244422.206,222.206,0.9,62.81,0.89,82.29,0.91,198.35,0.92,10.0,0.09,198.35,0.08,10.0,0.1,62.81,0.11,82.29,0.01,0.01,2325.393098,1776244421000
1776244422.46,222.46,0.9,21.0,0.89,92.29,0.91,293.35,0.92,110.0,0.09,198.35,0.08,10.0,0.1,62.81,0.11,82.29,0.01,0.01,2325.393098,1776244421000
1776244423.391,223.391,0.9,21.0,0.89,92.29,0.91,293.35,0.92,110.0,0.09,293.35,0.08,110.0,0.1,21.0,0.11,92.29,0.01,0.01,2325.432156,1776244422000
1776244423.955,223.955,0.9,68.64,0.89,61.29,0.91,293.35,0.92,290.0,0.09,293.35,0.08,110.0,0.1,21.0,0.11,92.29,0.01,0.01,2325.432156,1776244422000
1776244424.577,224.577,0.9,68.64,0.89,61.29,0.91,293.35,0.92,290.0,0.09,293.35,0.08,290.0,0.1,68.64,0.11,61.29,0.01,0.01,2325.39739,1776244423000
1776244425.1,225.1,0.9,68.64,0.89,61.29,0.91,293.35,0.92,290.0,0.09,293.35,0.08,290.0,0.1,68.64,0.11,61.29,0.01,0.01,2325.432744,1776244424000
1776244426.319,226.319,0.9,68.64,0.89,61.29,0.91,293.35,0.92,290.0,0.09,293.35,0.08,290.0,0.1,68.64,0.11,61.29,0.01,0.01,2325.370295,1776244425000
1776244426.913,226.913,0.91,21.0,0.9,504.49,0.94,15.09,0.95,25.0,0.09,293.35,0.08,290.0,0.1,68.64,0.11,61.29,0.03,0.01,2325.370295,1776244425000
1776244427.327,227.327,0.93,79.0,0.92,224.5,0.94,104.68,0.95,125.0,0.05,25.0,0.04,239.0,0.07,5.0,0.08,27.0,0.01,0.02,2325.370295,1776244425000
1776244427.993,227.993,0.93,79.0,0.92,224.5,0.94,114.16,0.95,305.0,0.06,114.16,0.05,305.0,0.07,79.0,0.08,224.5,0.01,0.01,2325.35654,1776244427000
1776244428.242,228.242,0.93,49.0,0.92,278.4,0.94,122.98,0.95,305.0,0.06,114.16,0.05,305.0,0.07,79.0,0.08,224.5,0.01,0.01,2325.35654,1776244427000
1776244428.924,228.924,0.93,90.3,0.92,283.4,0.94,118.28,0.95,305.0,0.06,123.6,0.05,305.0,0.07,54.0,0.08,278.4,0.01,0.01,2325.35654,1776244427000
1776244429.878,229.878,0.93,90.3,0.92,283.4,0.94,118.28,0.95,305.0,0.06,118.28,0.05,305.0,0.07,90.3,0.08,283.4,0.01,0.01,2325.628725,1776244428000
1776244430.639,230.639,0.93,90.3,0.92,283.4,0.94,118.28,0.95,305.0,0.06,118.28,0.05,305.0,0.07,90.3,0.08,283.4,0.01,0.01,2325.655125,1776244429000
1776244431.31,231.31,0.93,90.3,0.92,283.4,0.94,118.28,0.95,305.0,0.06,118.28,0.05,305.0,0.07,90.3,0.08,283.4,0.01,0.01,2325.6614,1776244430000
1776244432.174,232.174,0.93,191.3,0.92,291.4,0.94,6.55,0.95,205.0,0.06,11.87,0.05,305.0,0.07,174.3,0.08,298.4,0.01,0.01,2325.6614,1776244430000
1776244432.621,232.621,0.93,191.3,0.92,291.4,0.94,6.55,0.95,205.0,0.06,6.55,0.05,205.0,0.07,191.3,0.08,291.4,0.01,0.01,2325.68956,1776244431000
1776244432.863,232.863,0.93,210.3,0.92,291.4,0.94,1.23,0.95,205.0,0.06,6.55,0.05,205.0,0.07,191.3,0.08,291.4,0.01,0.01,2325.68956,1776244431000
1776244433.166,233.166,0.93,210.3,0.92,296.4,0.95,200.95,0.96,30.0,0.05,200.95,0.04,30.0,0.07,210.3,0.08,296.4,0.02,0.02,2325.68947,1776244432000
1776244434.366,234.366,0.93,210.3,0.92,296.4,0.95,200.95,0.96,30.0,0.05,200.95,0.04,30.0,0.07,210.3,0.08,296.4,0.02,0.02,2325.772236,1776244433000
1776244434.616,234.616,0.94,112.0,0.93,322.3,0.95,10.42,0.96,25.0,0.05,200.95,0.04,30.0,0.07,210.3,0.08,296.4,0.01,0.02,2325.772236,1776244433000
1776244435.013,235.013,0.94,112.0,0.93,322.3,0.95,10.42,0.96,25.0,0.05,10.42,0.04,25.0,0.06,112.0,0.07,322.3,0.01,0.01,2325.674225,1776244434000
1776244436.317,236.317,0.94,112.0,0.93,322.3,0.95,10.42,0.96,25.0,0.05,10.42,0.04,25.0,0.06,112.0,0.07,322.3,0.01,0.01,2325.64714,1776244435000
1776244436.582,236.582,0.95,14.63,0.94,77.0,0.96,159.0,0.97,340.97,0.04,164.0,0.03,340.97,0.05,9.58,0.06,72.0,0.01,0.01,2325.64714,1776244435000
1776244436.833,236.833,0.95,45.63,0.94,45.0,0.96,139.0,0.97,340.97,0.04,159.0,0.03,340.97,0.05,14.63,0.06,77.0,0.01,0.01,2325.64714,1776244435000
1776244437.105,237.105,0.95,90.63,0.94,45.0,0.96,124.0,0.97,340.97,0.04,139.0,0.03,340.97,0.05,45.63,0.06,45.0,0.01,0.01,2325.778879,1776244436000
1776244437.38,237.38,0.95,140.63,0.94,45.0,0.96,118.79,0.97,117.27,0.04,124.0,0.03,340.97,0.05,90.63,0.06,45.0,0.01,0.01,2325.778879,1776244436000
1776244438.071,238.071,0.95,140.63,0.94,45.0,0.96,118.79,0.97,117.27,0.04,118.79,0.03,117.27,0.05,140.63,0.06,45.0,0.01,0.01,2325.65087,1776244437000
1776244439.135,239.135,0.95,140.63,0.94,45.0,0.96,118.79,0.97,117.27,0.04,118.79,0.03,117.27,0.05,140.63,0.06,45.0,0.01,0.01,2325.634038,1776244438000
1776244440.258,240.258,0.96,78.0,0.95,40.63,0.97,276.27,0.98,628.7,0.04,118.79,0.03,117.27,0.05,140.63,0.06,45.0,0.01,0.01,2325.634038,1776244438000
1776244440.957,240.957,0.96,78.0,0.95,40.63,0.97,276.27,0.98,628.7,0.03,276.27,0.02,628.7,0.04,78.0,0.05,40.63,0.01,0.01,2325.646717,1776244440000
1776244441.367,241.367,0.96,83.0,0.95,35.63,0.97,250.0,0.98,1328.7,0.03,271.27,0.02,628.7,0.04,83.0,0.05,35.63,0.01,0.01,2325.646717,1776244440000
1776244442.256,242.256,0.96,83.0,0.95,35.63,0.97,247.93,0.98,1328.7,0.03,247.93,0.02,1328.7,0.04,83.0,0.05,35.63,0.01,0.01,2325.6788,1776244441000
1776244442.877,242.877,0.95,14.63,0.94,5.0,0.97,257.93,0.98,1328.7,0.03,247.93,0.02,1328.7,0.04,83.0,0.05,35.63,0.02,0.01,2325.6788,1776244441000
1776244443.402,243.402,0.91,103.0,0.9,262.0,0.92,3.0,0.93,10.0,0.07,10.0,0.05,70.0,0.09,110.46,0.1,67.0,0.01,0.02,2325.6788,1776244441000
1776244443.642,243.642,0.92,9.86,0.91,144.65,0.94,7.0,0.95,128.0,0.06,7.0,0.05,128.0,0.09,149.65,0.1,262.0,0.02,0.03,2325.658975,1776244442000
1776244444.026,244.026,0.93,5.0,0.92,41.86,0.94,2.0,0.95,128.0,0.06,7.0,0.05,128.0,0.08,9.86,0.09,144.65,0.01,0.02,2325.658975,1776244442000
1776244444.318,244.318,0.93,135.08,0.92,41.86,0.94,187.0,0.95,128.0,0.06,2.0,0.05,128.0,0.07,5.0,0.08,41.86,0.01,0.01,2325.65673,1776244443000
1776244445.207,245.207,0.93,133.95,0.92,14.86,0.94,172.9,0.95,128.0,0.06,187.0,0.05,128.0,0.07,133.95,0.08,41.86,0.01,0.01,2325.65673,1776244443000
1776244445.586,245.586,0.92,10.0,0.91,105.65,0.94,176.84,0.95,133.0,0.06,176.84,0.05,128.0,0.07,133.95,0.08,5.0,0.02,0.01,2325.65673,1776244443000
1776244446.291,246.291,0.92,10.0,0.91,105.65,0.94,176.84,0.95,133.0,0.06,176.84,0.05,133.0,0.08,10.0,0.09,105.65,0.02,0.02,2325.358907,1776244445000
1776244446.523,246.523,0.92,150.41,0.91,61.65,0.93,48.0,0.94,240.84,0.06,176.84,0.05,133.0,0.08,10.0,0.09,105.65,0.01,0.02,2325.358907,1776244445000
1776244447.19,247.19,0.92,196.2,0.91,66.65,0.94,163.61,0.95,68.0,0.07,48.0,0.06,240.84,0.08,150.41,0.09,61.65,0.02,0.01,2325.358907,1776244445000
1776244447.577,247.577,0.93,162.78,0.92,67.79,0.94,161.06,0.95,68.0,0.06,163.61,0.05,68.0,0.07,162.78,0.08,67.79,0.01,0.01,2325.337981,1776244446000
1776244447.95,247.95,0.93,195.37,0.92,15.0,0.94,154.88,0.95,68.0,0.06,161.06,0.05,68.0,0.07,162.78,0.08,67.79,0.01,0.01,2325.337981,1776244446000
1776244448.251,248.251,0.93,195.37,0.92,15.0,0.94,112.1,0.95,73.0,0.06,147.05,0.05,68.0,0.07,195.37,0.08,15.0,0.01,0.01,2325.337981,1776244446000
1776244448.559,248.559,0.93,195.37,0.92,15.0,0.94,110.92,0.95,73.0,0.06,112.1,0.05,73.0,0.07,195.37,0.08,15.0,0.01,0.01,2325.313834,1776244447000
1776244449.0,249.0,0.93,205.38,0.92,15.0,0.94,41.89,0.95,73.0,0.06,109.82,0.05,73.0,0.07,195.37,0.08,15.0,0.01,0.01,2325.313834,1776244447000
1776244449.279,249.279,0.93,200.38,0.92,15.0,0.94,38.91,0.95,73.0,0.06,38.91,0.05,73.0,0.07,200.38,0.08,15.0,0.01,0.01,2325.210677,1776244448000
1776244449.534,249.534,0.93,186.09,0.92,15.0,0.94,33.2,0.95,73.0,0.06,33.2,0.05,73.0,0.07,205.38,0.08,15.0,0.01,0.01,2325.210677,1776244448000
1776244450.016,250.016,0.93,206.09,0.92,15.0,0.94,25.88,0.95,193.0,0.06,33.2,0.05,73.0,0.07,186.09,0.08,15.0,0.01,0.01,2325.210677,1776244448000
1776244450.265,250.265,0.93,206.09,0.92,15.0,0.94,25.88,0.95,193.0,0.06,25.88,0.05,193.0,0.07,206.09,0.08,15.0,0.01,0.01,2325.302146,1776244449000
1776244450.584,250.584,0.93,201.09,0.92,15.0,0.94,173.56,0.95,183.0,0.06,25.88,0.05,193.0,0.07,206.09,0.08,15.0,0.01,0.01,2325.302146,1776244449000
1776244451.134,251.134,0.93,211.09,0.92,195.0,0.94,149.1,0.95,183.0,0.06,173.56,0.05,183.0,0.07,201.09,0.08,15.0,0.01,0.01,2325.302146,1776244449000
1776244451.947,251.947,0.93,386.09,0.92,15.0,0.94,139.76,0.95,178.0,0.06,145.83,0.05,183.0,0.07,211.09,0.08,195.0,0.01,0.01,2325.273411,1776244450000
1776244452.361,252.361,0.93,248.23,0.92,15.0,0.94,139.76,0.95,178.0,0.06,139.76,0.05,178.0,0.07,248.23,0.08,15.0,0.01,0.01,2325.177325,1776244451000
1776244452.862,252.862,0.93,248.23,0.92,15.0,0.94,139.76,0.95,178.0,0.06,139.76,0.05,178.0,0.07,248.23,0.08,15.0,0.01,0.01,2325.188576,1776244452000
1776244453.098,253.098,0.93,96.81,0.92,243.9,0.94,138.01,0.95,178.0,0.06,139.76,0.05,178.0,0.07,248.23,0.08,15.0,0.01,0.01,2325.188576,1776244452000
1776244453.405,253.405,0.93,249.61,0.92,254.9,0.94,140.19,0.95,53.0,0.06,138.01,0.05,178.0,0.07,96.81,0.08,243.9,0.01,0.01,2325.188576,1776244452000
1776244453.984,253.984,0.93,249.61,0.92,254.9,0.94,12.98,0.95,53.0,0.06,12.98,0.05,53.0,0.07,249.61,0.08,254.9,0.01,0.01,2325.258414,1776244453000
1776244454.24,254.24,0.93,429.61,0.92,78.9,0.94,117.42,0.95,53.0,0.06,12.98,0.05,53.0,0.07,249.61,0.08,254.9,0.01,0.01,2325.258414,1776244453000
1776244454.858,254.858,0.94,10.0,0.93,434.61,0.95,51.84,0.96,70.0,0.05,51.84,0.04,70.0,0.06,10.0,0.07,434.61,0.01,0.01,2325.179552,1776244454000
1776244455.987,255.987,0.94,10.0,0.93,434.61,0.95,51.84,0.96,70.0,0.05,51.84,0.04,70.0,0.06,10.0,0.07,434.61,0.01,0.01,2325.219642,1776244455000
1776244456.605,256.605,0.95,240.21,0.94,15.0,0.96,153.7,0.97,196.63,0.05,51.84,0.04,70.0,0.06,10.0,0.07,434.61,0.01,0.01,2325.219642,1776244455000
1776244456.905,256.905,0.95,240.21,0.94,15.0,0.96,153.7,0.97,196.63,0.04,153.7,0.03,196.63,0.05,240.21,0.06,15.0,0.01,0.01,2325.14601,1776244456000
1776244457.955,257.955,0.95,172.47,0.94,10.0,0.96,169.02,0.97,196.63,0.04,154.02,0.03,196.63,0.05,240.47,0.06,15.0,0.01,0.01,2325.14601,1776244456000
1776244459.166,259.166,0.95,102.47,0.94,10.0,0.96,164.02,0.97,196.63,0.04,164.02,0.03,196.63,0.05,102.47,0.06,10.0,0.01,0.01,2325.14693,1776244458000
1776244459.636,259.636,0.95,9.31,0.93,10.02,0.96,218.21,0.97,196.63,0.04,127.54,0.03,196.63,0.05,173.67,0.06,15.0,0.01,0.01,2325.14693,1776244458000
1776244460.138,260.138,0.92,15.0,0.91,47.29,0.94,11.71,0.95,185.0,0.06,15.0,0.05,20.0,0.09,37.29,0.1,101.0,0.02,0.03,2325.14693,1776244458000
1776244460.343,260.343,0.92,14.91,0.91,42.29,0.94,16.71,0.95,190.0,0.06,11.71,0.05,185.0,0.08,15.0,0.09,47.29,0.02,0.02,2325.14693,1776244458000
1776244460.559,260.559,0.93,128.7,0.92,14.91,0.95,185.0,0.96,198.06,0.06,16.71,0.05,190.0,0.08,14.91,0.09,42.29,0.02,0.02,2325.15549,1776244459000
1776244460.82,260.82,0.93,63.7,0.92,10.0,0.94,25.0,0.95,148.8,0.05,185.0,0.04,198.06,0.07,128.7,0.08,14.91,0.01,0.02,2325.15549,1776244459000
1776244461.339,261.339,0.93,58.7,0.92,15.0,0.94,6.05,0.95,148.8,0.06,25.0,0.05,148.8,0.07,43.7,0.08,10.0,0.01,0.01,2325.199161,1776244460000
1776244462.053,262.053,0.93,58.7,0.92,15.0,0.94,6.05,0.95,148.8,0.06,6.05,0.05,148.8,0.07,58.7,0.08,15.0,0.01,0.01,2325.010694,1776244461000
1776244462.274,262.274,0.93,140.37,0.92,15.0,0.95,110.68,0.96,153.8,0.06,16.05,0.05,143.8,0.07,135.37,0.08,15.0,0.02,0.01,2325.010694,1776244461000
1776244462.634,262.634,0.93,135.08,0.92,15.0,0.94,180.0,0.95,113.25,0.05,113.25,0.04,153.8,0.07,140.37,0.08,15.0,0.01,0.02,2325.010694,1776244461000
1776244463.349,263.349,0.93,140.08,0.92,15.0,0.94,154.2,0.95,103.25,0.06,174.68,0.05,113.25,0.07,135.08,0.08,15.0,0.01,0.01,2325.010694,1776244461000
1776244463.574,263.574,0.93,140.08,0.92,15.0,0.94,154.2,0.95,103.25,0.06,154.2,0.05,103.25,0.07,140.08,0.08,15.0,0.01,0.01,2325.056219,1776244462000
1776244464.024,264.024,0.93,140.08,0.92,15.0,0.94,154.2,0.95,103.25,0.06,154.2,0.05,103.25,0.07,140.08,0.08,15.0,0.01,0.01,2325.035469,1776244463000
1776244464.661,264.661,0.93,25.0,0.92,10.0,0.95,103.25,0.96,108.8,0.06,140.59,0.05,98.25,0.07,145.08,0.08,15.0,0.02,0.01,2325.035469,1776244463000
1776244464.917,264.917,0.94,10.0,0.93,25.0,0.95,101.88,0.96,108.8,0.05,103.25,0.04,108.8,0.07,25.0,0.08,15.0,0.01,0.02,2325.035469,1776244463000
1776244465.185,265.185,0.94,15.0,0.93,25.0,0.95,93.88,0.96,108.8,0.05,101.88,0.04,108.8,0.06,10.0,0.07,25.0,0.01,0.01,2324.945916,1776244464000
1776244465.464,265.464,0.94,10.0,0.93,25.0,0.95,72.37,0.96,103.8,0.05,93.88,0.04,108.8,0.06,15.0,0.07,25.0,0.01,0.01,2324.945916,1776244464000
1776244465.884,265.884,0.94,10.0,0.93,25.0,0.95,68.69,0.96,103.8,0.05,75.26,0.04,103.8,0.06,10.0,0.07,25.0,0.01,0.01,2324.945916,1776244464000
1776244466.093,266.093,0.94,10.0,0.93,25.0,0.95,66.69,0.96,103.8,0.05,68.69,0.04,103.8,0.06,10.0,0.07,25.0,0.01,0.01,2324.945916,1776244464000
1776244466.359,266.359,0.94,10.0,0.93,25.0,0.95,60.53,0.96,103.8,0.05,66.69,0.04,103.8,0.06,10.0,0.07,25.0,0.01,0.01,2324.932827,1776244465000
1776244466.607,266.607,0.94,10.0,0.93,25.0,0.95,58.4,0.96,103.8,0.05,60.53,0.04,103.8,0.06,10.0,0.07,25.0,0.01,0.01,2324.932827,1776244465000
1776244467.041,267.041,0.94,4.69,0.93,25.0,0.95,53.4,0.96,103.8,0.05,58.4,0.04,103.8,0.06,10.0,0.07,25.0,0.01,0.01,2324.932827,1776244465000
1776244467.256,267.256,0.94,4.69,0.93,25.0,0.95,40.37,0.96,103.8,0.05,40.37,0.04,103.8,0.06,4.69,0.07,25.0,0.01,0.01,2324.850609,1776244466000
1776244467.467,267.467,0.94,4.69,0.93,25.0,0.95,30.37,0.96,103.8,0.05,40.37,0.04,103.8,0.06,4.69,0.07,25.0,0.01,0.01,2324.850609,1776244466000
1776244467.825,267.825,0.94,4.69,0.93,25.0,0.95,28.37,0.96,103.8,0.05,30.37,0.04,103.8,0.06,4.69,0.07,25.0,0.01,0.01,2324.850609,1776244466000
1776244468.518,268.518,0.94,10.0,0.93,27.65,0.96,82.96,0.97,186.63,0.05,28.37,0.04,103.8,0.07,22.65,0.08,15.0,0.02,0.02,2325.027373,1776244467000
1776244468.952,268.952,0.95,10.0,0.94,10.0,0.96,77.75,0.97,186.63,0.04,82.96,0.03,186.63,0.06,10.0,0.07,27.65,0.01,0.02,2325.027373,1776244467000
1776244469.517,269.517,0.95,19.05,0.94,10.0,0.96,77.75,0.97,186.63,0.04,77.75,0.03,186.63,0.05,4.05,0.06,10.0,0.01,0.01,2325.024708,1776244468000
1776244469.882,269.882,0.95,19.05,0.94,10.0,0.96,53.54,0.97,186.63,0.04,73.75,0.03,186.63,0.05,19.05,0.06,10.0,0.01,0.01,2325.024708,1776244468000
1776244470.644,270.644,0.95,10.01,0.94,15.0,0.96,97.8,0.97,186.63,0.04,48.54,0.03,186.63,0.05,8.44,0.06,10.0,0.01,0.01,2325.024708,1776244468000
1776244470.946,270.946,0.94,5.01,0.93,10.0,0.96,113.79,0.97,191.63,0.04,7.92,0.03,186.63,0.05,15.01,0.06,15.0,0.02,0.01,2325.024708,1776244468000
1776244472.426,272.426,0.95,40.95,0.94,10.01,0.96,108.79,0.97,186.63,0.04,113.79,0.03,191.63,0.06,5.01,0.07,10.0,0.01,0.02,2325.024708,1776244468000
1776244472.668,272.668,0.95,40.95,0.94,10.01,0.96,108.79,0.97,186.63,0.04,108.79,0.03,186.63,0.05,40.95,0.06,10.01,0.01,0.01,2324.883582,1776244470000
1776244473.224,273.224,0.95,49.55,0.94,5.0,0.96,70.49,0.97,186.63,0.04,108.79,0.03,186.63,0.05,40.95,0.06,10.01,0.01,0.01,2324.883582,1776244470000
1776244473.449,273.449,0.93,10.0,0.92,110.39,0.96,248.49,0.97,191.63,0.04,70.49,0.03,186.63,0.05,49.55,0.06,5.0,0.03,0.01,2324.804318,1776244472000
1776244473.793,273.793,0.92,5.83,0.91,35.26,0.94,54.0,0.95,15.0,0.05,15.0,0.04,158.42,0.09,30.26,0.1,29.0,0.02,0.04,2324.804318,1776244472000
1776244474.062,274.062,0.92,4.91,0.91,35.26,0.93,20.63,0.94,54.0,0.06,54.0,0.05,15.0,0.08,5.83,0.09,35.26,0.01,0.02,2324.804318,1776244472000
1776244474.38,274.38,0.92,4.91,0.91,35.26,0.93,20.63,0.94,54.0,0.07,20.63,0.06,54.0,0.08,4.91,0.09,35.26,0.01,0.01,2324.803858,1776244473000
1776244474.583,274.583,0.92,161.71,0.91,35.26,0.93,5.0,0.94,117.8,0.07,10.0,0.06,54.0,0.08,151.71,0.09,40.26,0.01,0.01,2324.803858,1776244473000
1776244474.994,274.994,0.92,166.71,0.91,35.26,0.94,126.57,0.95,136.8,0.07,5.0,0.06,117.8,0.08,161.71,0.09,35.26,0.02,0.01,2324.803858,1776244473000
1776244475.258,275.258,0.92,166.71,0.91,35.26,0.94,126.57,0.95,136.8,0.06,126.57,0.05,136.8,0.08,166.71,0.09,35.26,0.02,0.02,2324.817556,1776244474000
1776244475.845,275.845,0.93,20.0,0.92,166.71,0.94,46.68,0.95,56.0,0.06,55.68,0.05,56.0,0.07,10.0,0.08,166.71,0.01,0.01,2324.817556,1776244474000
1776244476.106,276.106,0.93,14.71,0.92,166.71,0.94,51.68,0.95,56.0,0.06,46.68,0.05,56.0,0.07,20.0,0.08,166.71,0.01,0.01,2324.817556,1776244474000
1776244476.759,276.759,0.93,4.71,0.92,166.71,0.95,56.0,0.96,15.0,0.05,56.0,0.04,15.0,0.07,4.71,0.08,166.71,0.02,0.02,2324.724857,1776244475000
1776244477.378,277.378,0.94,10.0,0.93,4.71,0.95,30.2,0.96,10.0,0.05,27.2,0.04,10.0,0.07,4.71,0.08,166.71,0.01,0.02,2324.724857,1776244475000
1776244477.86,277.86,0.94,174.32,0.93,9.71,0.97,62.1,0.98,290.0,0.05,30.2,0.04,10.0,0.06,10.0,0.07,4.71,0.03,0.01,2324.667898,1776244476000
1776244478.135,278.135,0.95,15.0,0.94,174.32,0.97,99.62,0.98,290.0,0.03,62.1,0.02,290.0,0.06,174.32,0.07,9.71,0.02,0.03,2324.667898,1776244476000
1776244478.815,278.815,0.91,12.68,0.9,11.0,0.92,10.0,0.93,10.0,0.03,99.62,0.02,290.0,0.05,15.0,0.06,174.32,0.01,0.02,2324.720793,1776244477000
1776244479.042,279.042,0.93,40.0,0.92,10.0,0.94,11.74,0.95,25.0,0.06,6.74,0.05,20.0,0.08,10.0,0.09,22.68,0.01,0.02,2324.720793,1776244477000
1776244479.386,279.386,0.95,19.95,0.94,10.0,0.96,55.0,0.97,50.96,0.06,11.74,0.05,25.0,0.07,40.0,0.08,10.0,0.01,0.01,2324.720793,1776244477000
1776244479.859,279.859,0.95,24.95,0.94,15.0,0.96,40.04,0.97,60.96,0.04,35.0,0.03,50.96,0.05,14.95,0.06,10.0,0.01,0.01,2324.617203,1776244478000
1776244480.171,280.171,0.95,24.95,0.94,15.0,0.96,40.04,0.97,60.96,0.04,40.04,0.03,60.96,0.05,24.95,0.06,15.0,0.01,0.01,2324.61421,1776244479000
1776244481.028,281.028,0.95,9.95,0.94,15.0,0.96,60.04,0.97,55.96,0.04,40.04,0.03,60.96,0.05,24.95,0.06,15.0,0.01,0.01,2324.61421,1776244479000
1776244481.514,281.514,0.95,9.95,0.94,15.0,0.96,60.04,0.97,55.96,0.04,60.04,0.03,55.96,0.05,9.95,0.06,15.0,0.01,0.01,2324.472733,1776244480000
1776244482.001,282.001,0.87,8.68,0.86,10.0,0.92,58.0,0.93,24.0,0.04,60.04,0.03,55.96,0.05,9.95,0.06,15.0,0.05,0.01,2324.472733,1776244480000
1776244482.215,282.215,0.88,2.42,0.87,10.0,0.89,20.0,0.9,10.0,0.11,20.0,0.1,10.0,0.12,2.42,0.13,10.0,0.01,0.01,2324.465803,1776244481000
1776244483.008,283.008,0.85,10.0,0.84,14.94,0.86,44.88,0.87,10.0,0.12,2.15,0.11,15.0,0.15,7.0,0.16,19.94,0.01,0.03,2324.465803,1776244481000
1776244483.44,283.44,0.79,0.4,0.78,10.0,0.81,60.0,0.82,20.0,0.14,49.88,0.13,10.0,0.16,7.94,0.17,10.0,0.02,0.02,2324.465803,1776244481000
1776244483.651,283.651,0.77,5.58,0.76,10.0,0.8,10.0,0.81,15.0,0.2,10.0,0.19,15.0,0.23,5.58,0.24,10.0,0.03,0.03,2324.46869,1776244482000
1776244483.948,283.948,0.81,3.94,0.8,10.0,0.83,30.0,0.86,44.88,0.21,2.55,0.2,10.0,0.23,15.0,0.24,15.0,0.02,0.02,2324.46869,1776244482000
1776244484.238,284.238,0.82,4.07,0.81,3.94,0.83,10.0,0.89,30.0,0.17,10.0,0.11,30.0,0.18,4.07,0.19,3.94,0.01,0.01,2324.430936,1776244483000
1776244484.496,284.496,0.93,10.0,0.92,10.0,0.94,58.56,0.95,10.0,0.11,29.9,0.09,74.0,0.12,25.0,0.13,15.0,0.01,0.01,2324.430936,1776244483000
1776244485.253,285.253,0.93,15.0,0.92,20.0,0.94,65.17,0.95,10.0,0.06,58.56,0.05,10.0,0.07,10.0,0.08,10.0,0.01,0.01,2324.430936,1776244483000
1776244485.627,285.627,0.93,4.19,0.92,20.0,0.94,65.17,0.95,10.0,0.06,65.17,0.05,10.0,0.07,4.19,0.08,20.0,0.01,0.01,2324.126257,1776244484000
1776244486.186,286.186,0.93,9.19,0.92,41.0,0.95,5.99,0.96,19.79,0.06,65.17,0.05,10.0,0.07,4.19,0.08,20.0,0.02,0.01,2324.126257,1776244484000
1776244487.063,287.063,0.95,15.0,0.94,30.29,0.96,35.15,0.97,10.0,0.04,9.9,0.03,10.0,0.05,10.0,0.06,25.29,0.01,0.01,2324.117573,1776244485000
1776244487.53,287.53,0.95,10.0,0.94,30.29,0.96,39.1,0.97,10.0,0.04,35.15,0.03,10.0,0.05,10.0,0.06,30.29,0.01,0.01,2324.319864,1776244486000
1776244487.897,287.897,0.95,15.0,0.94,30.29,0.96,26.05,0.97,10.0,0.04,33.05,0.03,10.0,0.05,10.0,0.06,30.29,0.01,0.01,2324.319864,1776244486000
1776244488.395,288.395,0.92,12.25,0.91,78.0,0.97,48.66,0.98,177.29,0.04,26.05,0.03,10.0,0.05,15.0,0.06,30.29,0.05,0.01,2324.319864,1776244486000
1776244488.598,288.598,0.92,6.25,0.91,78.0,0.96,10.0,0.97,43.66,0.03,48.66,0.02,177.29,0.08,12.25,0.09,78.0,0.04,0.05,2324.319864,1776244486000
1776244488.885,288.885,0.93,10.0,0.92,15.0,0.94,9.68,0.95,10.0,0.05,10.0,0.04,15.0,0.09,71.33,0.1,282.0,0.01,0.04,2324.351845,1776244487000
1776244489.303,289.303,0.93,34.0,0.92,15.0,0.95,4.38,0.96,10.0,0.05,4.38,0.04,10.0,0.07,34.0,0.08,15.0,0.02,0.02,2324.391593,1776244488000
1776244489.993,289.993,0.9,23.0,0.89,29.0,0.93,15.0,0.94,10.0,0.03,43.66,0.02,177.29,0.04,25.62,0.07,60.0,0.03,0.01,2324.391593,1776244488000
1776244490.322,290.322,0.91,15.0,0.9,18.0,0.92,8.47,0.93,10.0,0.08,4.56,0.07,10.0,0.09,10.0,0.1,13.0,0.01,0.01,2324.37208,1776244489000
1776244490.827,290.827,0.91,10.0,0.9,10.0,0.94,3.51,0.95,10.0,0.08,8.47,0.07,10.0,0.09,11.55,0.1,26.0,0.03,0.01,2324.37208,1776244489000
1776244491.055,291.055,0.92,20.0,0.91,15.0,0.95,8.51,0.96,10.0,0.06,3.51,0.05,10.0,0.09,10.0,0.1,10.0,0.03,0.03,2324.37208,1776244489000
1776244491.293,291.293,0.93,15.0,0.92,15.0,0.94,8.0,0.95,8.51,0.05,8.51,0.04,10.0,0.08,20.0,0.09,15.0,0.01,0.03,2324.37208,1776244489000
1776244491.583,291.583,0.94,15.0,0.93,15.0,0.96,8.43,0.97,43.66,0.06,8.0,0.05,8.51,0.07,15.0,0.08,15.0,0.02,0.01,2324.37208,1776244489000
1776244491.814,291.814,0.95,20.0,0.94,15.0,0.97,3.46,0.98,298.29,0.04,8.43,0.03,43.66,0.06,15.0,0.07,15.0,0.02,0.02,2324.37208,1776244489000
1776244492.162,292.162,0.95,13.94,0.94,15.0,0.97,3.46,0.98,172.29,0.03,3.46,0.02,298.29,0.05,20.0,0.06,15.0,0.02,0.02,2324.392829,1776244490000
1776244492.426,292.426,0.95,13.94,0.94,15.0,0.97,3.46,0.98,172.29,0.03,3.46,0.02,172.29,0.05,13.94,0.06,15.0,0.02,0.02,2324.243807,1776244491000
1776244492.992,292.992,0.95,18.94,0.94,10.0,0.98,167.75,0.99,1694.0,0.02,167.75,0.01,1694.0,0.05,18.94,0.06,10.0,0.03,0.03,2324.24235,1776244492000
1776244493.24,293.24,0.96,97.0,0.95,59.0,0.98,147.75,0.99,1694.0,0.02,167.75,0.01,1694.0,0.05,18.94,0.06,10.0,0.02,0.03,2324.24235,1776244492000
1776244493.659,293.659,0.96,107.0,0.95,64.0,0.98,117.36,0.99,1694.0,0.02,117.38,0.01,1694.0,0.04,107.0,0.05,64.0,0.02,0.02,2324.24235,1776244492000
1776244493.941,293.941,0.96,107.0,0.95,64.0,0.98,117.36,0.99,1694.0,0.02,117.36,0.01,1694.0,0.04,107.0,0.05,64.0,0.02,0.02,2324.275285,1776244493000
1776244494.554,294.554,0.96,102.0,0.95,64.0,0.98,114.8,0.99,1534.0,0.02,117.36,0.01,1694.0,0.04,107.0,0.05,64.0,0.02,0.02,2324.275285,1776244493000
1776244494.778,294.778,0.96,137.0,0.95,64.0,0.98,70.39,0.99,1534.0,0.02,75.39,0.01,1534.0,0.04,137.0,0.05,64.0,0.02,0.02,2324.275285,1776244493000
1776244495.369,295.369,0.96,137.0,0.95,64.0,0.98,65.28,0.99,1434.0,0.02,70.39,0.01,1534.0,0.04,137.0,0.05,64.0,0.02,0.02,2324.379327,1776244494000
1776244495.715,295.715,0.96,132.0,0.95,42.0,0.98,44.12,0.99,1434.0,0.02,48.12,0.01,1434.0,0.04,137.0,0.05,64.0,0.02,0.02,2324.379327,1776244494000
1776244495.924,295.924,0.96,137.0,0.95,31.0,0.99,469.02,,,0.01,469.02,,,0.04,137.0,0.05,31.0,0.03,0.03,2324.52196,1776244495000
1776244496.145,296.145,0.97,92.05,0.96,47.0,0.98,5.0,0.99,570.02,0.01,469.02,,,0.04,137.0,0.05,31.0,0.01,0.03,2324.52196,1776244495000
1776244496.417,296.417,0.97,87.05,0.96,47.0,0.99,570.02,,,0.02,5.0,0.01,570.02,0.03,92.05,0.04,47.0,0.02,0.01,2324.52196,1776244495000
1776244496.781,296.781,0.97,129.99,0.96,47.0,0.99,379.86,,,0.01,381.86,,,0.03,92.05,0.04,47.0,0.02,0.02,2324.52196,1776244495000
1776244497.09,297.09,0.97,134.99,0.96,47.0,0.99,285.25,,,0.01,286.77,,,0.03,129.99,0.04,47.0,0.02,0.02,2324.56675,1776244496000
1776244497.319,297.319,0.97,96.84,0.96,47.0,0.99,146.93,,,0.01,223.95,,,0.03,91.84,0.04,47.0,0.02,0.02,2324.56675,1776244496000
1776244497.875,297.875,0.98,111.04,0.97,91.84,,,,,,,,,0.02,111.04,0.03,91.84,,,2324.609107,1776244497000
1776244498.869,298.869,0.99,765.76,0.98,142.04,,,,,,,,,0.01,765.76,0.02,142.04,,,2324.61338,1776244498000
1776244499.653,299.653,0.99,14593.74,0.98,21.0,,,,,,,,,0.01,765.76,0.02,142.04,,,2324.61338,1776244498000
1776244499.923,299.923,0.99,14593.74,0.98,21.0,,,,,,,,,0.01,14593.74,0.02,21.0,,,2324.715347,1776244499000
1776244500.933,300.933,0.99,14593.74,0.98,21.0,,,,,,,,,0.01,14593.74,0.02,21.0,,,2324.639647,1776244500000
1776244501.944,301.944,0.99,14593.74,0.98,21.0,,,,,,,,,0.01,14593.74,0.02,21.0,,,2324.61527,1776244501000
1776244502.972,302.972,0.99,14593.74,0.98,21.0,,,,,,,,,0.01,14593.74,0.02,21.0,,,2324.68285,1776244502000
