timestamp,elapsed_sec,up_bid_p1,up_bid_s1,up_bid_p2,up_bid_s2,up_ask_p1,up_ask_s1,up_ask_p2,up_ask_s2,down_bid_p1,down_bid_s1,down_bid_p2,down_bid_s2,down_ask_p1,down_ask_s1,down_ask_p2,down_ask_s2,up_spread,down_spread,eth_price,eth_oracle_ts
1776193501.436,1.436,,,,,,,,,,,,,,,,,,,2319.229161,1776193500000
1776193501.714,1.714,0.52,15.0,0.51,33.52,0.53,13.0,0.54,115.38,0.47,27.97,0.46,100.0,0.48,15.0,0.49,33.52,0.01,0.01,2319.229161,1776193500000
1776193501.933,1.933,0.52,15.0,0.51,33.52,0.53,13.0,0.54,115.38,0.47,27.97,0.46,100.0,0.48,15.0,0.49,33.52,0.01,0.01,2319.227456,1776193501000
1776193502.185,2.185,0.52,15.0,0.51,33.52,0.53,44.97,0.54,95.0,0.47,27.97,0.46,100.0,0.48,15.0,0.49,33.52,0.01,0.01,2319.227456,1776193501000
1776193502.498,2.498,0.52,12.75,0.51,33.52,0.53,20.0,0.54,20.0,0.47,33.97,0.46,95.0,0.48,15.0,0.49,33.52,0.01,0.01,2319.227456,1776193501000
1776193502.758,2.758,0.53,70.0,0.52,17.75,0.55,4.1,0.58,10.0,0.47,20.0,0.46,20.0,0.48,12.75,0.49,33.52,0.02,0.01,2319.227456,1776193501000
1776193503.079,3.079,0.53,70.74,0.52,12.75,0.58,10.0,0.6,5.0,0.42,10.0,0.4,5.0,0.47,70.74,0.48,12.75,0.05,0.05,2319.22752,1776193502000
1776193503.435,3.435,0.52,12.75,0.51,33.52,0.53,5.49,0.54,10.0,0.41,5.0,0.4,85.0,0.46,15.0,0.48,27.75,0.01,0.05,2319.22752,1776193502000
1776193503.774,3.774,0.54,10.0,0.53,10.0,0.56,125.0,0.57,99.0,0.44,125.0,0.43,85.0,0.45,10.0,0.47,10.0,0.02,0.01,2319.22752,1776193502000
1776193503.983,3.983,0.54,2.82,0.53,15.0,0.56,106.99,0.57,85.0,0.44,106.99,0.43,85.0,0.46,5.0,0.47,15.0,0.02,0.02,2319.22752,1776193502000
1776193504.243,4.243,0.55,10.0,0.54,2.82,0.56,103.41,0.57,85.0,0.44,103.41,0.43,85.0,0.45,10.0,0.46,2.82,0.01,0.01,2319.231735,1776193503000
1776193504.494,4.494,0.55,34.0,0.54,2.82,0.56,108.41,0.57,90.0,0.44,103.41,0.43,85.0,0.45,10.0,0.46,2.82,0.01,0.01,2319.231735,1776193503000
1776193504.734,4.734,0.55,10.0,0.54,2.82,0.56,102.91,0.57,85.0,0.44,104.7,0.43,90.0,0.45,23.0,0.46,19.55,0.01,0.01,2319.231735,1776193503000
1776193505.014,5.014,0.55,10.0,0.54,2.82,0.56,101.12,0.57,90.0,0.44,102.91,0.43,85.0,0.45,10.0,0.46,2.82,0.01,0.01,2319.231735,1776193503000
1776193505.247,5.247,0.55,5.0,0.54,2.82,0.56,86.12,0.57,141.88,0.44,101.12,0.43,90.0,0.45,10.0,0.46,2.82,0.01,0.01,2319.231735,1776193503000
1776193505.456,5.456,0.55,15.0,0.54,7.82,0.56,93.12,0.57,141.88,0.44,90.12,0.43,141.88,0.45,15.0,0.46,7.82,0.01,0.01,2319.6622,1776193504000
1776193505.811,5.811,0.55,10.0,0.54,7.82,0.56,90.79,0.57,146.88,0.44,85.79,0.43,141.88,0.45,15.0,0.46,7.82,0.01,0.01,2319.6622,1776193504000
1776193506.155,6.155,0.55,20.0,0.54,12.82,0.56,164.0,0.57,159.88,0.44,129.79,0.43,159.88,0.45,10.0,0.46,7.82,0.01,0.01,2319.539605,1776193505000
1776193506.355,6.355,0.55,17.55,0.54,12.82,0.56,112.0,0.57,159.88,0.44,164.0,0.43,159.88,0.45,20.0,0.46,12.82,0.01,0.01,2319.539605,1776193505000
1776193506.646,6.646,0.55,20.1,0.54,12.82,0.56,14.86,0.57,76.88,0.44,156.0,0.43,146.88,0.45,15.1,0.46,12.82,0.01,0.01,2319.539605,1776193505000
1776193507.481,7.481,0.55,25.1,0.54,12.82,0.56,17.89,0.57,76.88,0.44,17.89,0.43,76.88,0.45,25.1,0.46,12.82,0.01,0.01,2319.438859,1776193506000
1776193507.72,7.72,0.56,20.0,0.55,15.0,0.57,124.59,0.58,60.0,0.44,17.89,0.43,76.88,0.45,25.1,0.46,12.82,0.01,0.01,2319.438859,1776193506000
1776193508.193,8.193,0.56,25.0,0.55,15.0,0.57,125.01,0.58,60.0,0.43,122.3,0.42,60.0,0.44,25.0,0.45,15.0,0.01,0.01,2319.438859,1776193506000
1776193508.422,8.422,0.56,4.31,0.55,15.0,0.57,119.1,0.58,60.0,0.43,119.1,0.42,60.0,0.44,4.31,0.45,15.0,0.01,0.01,2319.598616,1776193507000
1776193509.406,9.406,0.56,20.71,0.55,20.0,0.57,108.83,0.58,60.0,0.43,113.83,0.42,60.0,0.44,4.31,0.45,15.0,0.01,0.01,2319.598616,1776193507000
1776193509.986,9.986,0.56,120.71,0.55,157.0,0.57,42.93,0.58,55.0,0.43,108.83,0.42,60.0,0.44,20.71,0.45,20.0,0.01,0.01,2319.627513,1776193508000
1776193510.249,10.249,0.56,115.71,0.55,157.0,0.57,21.5,0.58,55.0,0.43,21.5,0.42,55.0,0.44,115.71,0.45,157.0,0.01,0.01,2319.622791,1776193509000
1776193510.633,10.633,0.56,120.71,0.55,167.5,0.57,25.24,0.58,65.0,0.43,27.0,0.42,65.0,0.44,126.21,0.45,157.0,0.01,0.01,2319.622791,1776193509000
1776193510.873,10.873,0.56,173.71,0.55,167.5,0.57,14.74,0.58,70.5,0.43,25.24,0.42,65.0,0.44,120.71,0.45,167.5,0.01,0.01,2319.622791,1776193509000
1776193511.339,11.339,0.58,62.38,0.57,33.0,0.6,50.0,0.61,55.0,0.4,50.0,0.39,55.0,0.42,62.38,0.43,33.0,0.02,0.02,2319.640006,1776193510000
1776193511.632,11.632,0.62,15.0,0.61,125.0,0.63,20.0,0.64,55.0,0.37,25.0,0.36,63.0,0.39,40.0,0.4,60.0,0.01,0.02,2319.640006,1776193510000
1776193511.91,11.91,0.62,15.0,0.61,125.0,0.63,20.0,0.64,55.0,0.37,20.0,0.36,55.0,0.38,15.0,0.39,125.0,0.01,0.01,2319.721243,1776193511000
1776193512.205,12.205,0.65,6.85,0.64,20.0,0.66,60.0,0.67,55.0,0.35,6.84,0.34,50.0,0.36,15.0,0.37,15.0,0.01,0.01,2319.721243,1776193511000
1776193512.474,12.474,0.65,6.85,0.64,20.0,0.66,50.0,0.67,55.0,0.34,55.0,0.33,55.0,0.35,8.7,0.36,20.0,0.01,0.01,2319.721243,1776193511000
1776193512.964,12.964,0.65,9.84,0.64,20.0,0.66,35.05,0.67,55.0,0.34,35.05,0.33,55.0,0.35,9.84,0.36,20.0,0.01,0.01,2319.91338,1776193512000
1776193513.335,13.335,0.65,3.54,0.64,20.0,0.66,20.05,0.67,123.83,0.34,25.05,0.33,123.83,0.35,3.54,0.36,20.0,0.01,0.01,2319.91338,1776193512000
1776193513.547,13.547,0.65,7.24,0.64,20.0,0.66,5.0,0.67,123.83,0.34,20.05,0.33,123.83,0.35,0.39,0.36,20.0,0.01,0.01,2319.91338,1776193512000
1776193513.816,13.816,0.67,6.57,0.66,10.0,0.68,10.0,0.71,50.0,0.34,15.0,0.33,123.83,0.35,15.0,0.36,20.0,0.01,0.01,2319.91338,1776193512000
1776193514.077,14.077,0.71,19.84,0.7,10.0,0.72,57.9,0.73,58.0,0.28,58.0,0.27,58.0,0.29,9.84,0.3,10.0,0.01,0.01,2319.91338,1776193512000
1776193514.29,14.29,0.71,43.84,0.7,10.0,0.72,71.37,0.73,58.0,0.28,71.37,0.27,58.0,0.29,43.84,0.3,10.0,0.01,0.01,2320.604835,1776193513000
1776193514.818,14.818,0.71,48.84,0.7,15.0,0.72,56.95,0.73,150.22,0.28,71.37,0.27,58.0,0.29,43.84,0.3,10.0,0.01,0.01,2320.604835,1776193513000
1776193515.071,15.071,0.71,43.84,0.7,15.0,0.72,92.45,0.73,150.22,0.28,56.95,0.27,150.22,0.29,48.84,0.3,15.0,0.01,0.01,2320.604835,1776193513000
1776193515.353,15.353,0.71,35.56,0.7,15.0,0.72,97.45,0.73,150.22,0.28,92.45,0.27,150.22,0.29,48.84,0.3,15.0,0.01,0.01,2320.604835,1776193513000
1776193515.633,15.633,0.71,40.56,0.7,15.0,0.72,87.45,0.73,150.22,0.28,97.45,0.27,150.22,0.29,30.56,0.3,15.0,0.01,0.01,2320.722665,1776193514000
1776193516.091,16.091,0.71,27.28,0.7,15.0,0.72,87.45,0.73,155.22,0.28,87.45,0.27,155.22,0.29,27.28,0.3,15.0,0.01,0.01,2321.058767,1776193515000
1776193517.203,17.203,0.71,82.28,0.7,65.0,0.72,41.5,0.73,171.22,0.28,70.83,0.27,155.22,0.29,37.28,0.3,65.0,0.01,0.01,2321.058767,1776193515000
1776193517.674,17.674,0.71,92.28,0.7,65.0,0.72,5.0,0.73,113.22,0.28,41.5,0.27,171.22,0.29,82.28,0.3,65.0,0.01,0.01,2321.058767,1776193515000
1776193518.041,18.041,0.72,40.0,0.71,97.28,0.74,4.39,0.76,58.0,0.27,31.81,0.26,19.0,0.28,40.0,0.29,127.28,0.02,0.01,2321.225857,1776193516000
1776193518.272,18.272,0.78,15.0,0.75,10.0,0.79,78.0,0.8,130.0,0.24,5.0,0.22,5.0,0.27,25.0,0.28,53.0,0.01,0.03,2321.225857,1776193516000
1776193518.496,18.496,0.78,25.0,0.77,10.0,0.79,67.87,0.8,130.0,0.21,67.87,0.2,130.0,0.22,25.0,0.23,10.0,0.01,0.01,2321.229719,1776193517000
1776193518.766,18.766,0.78,153.86,0.77,190.0,0.79,170.83,0.8,237.02,0.21,172.1,0.2,130.0,0.22,128.86,0.23,115.0,0.01,0.01,2321.229719,1776193517000
1776193519.08,19.08,0.78,153.86,0.77,190.0,0.79,167.92,0.8,237.02,0.21,167.92,0.2,237.02,0.22,153.86,0.23,190.0,0.01,0.01,2321.256277,1776193518000
1776193519.41,19.41,0.78,207.98,0.77,200.0,0.79,82.92,0.8,317.02,0.21,82.92,0.2,317.02,0.22,166.58,0.23,200.0,0.01,0.01,2321.256277,1776193518000
1776193519.625,19.625,0.78,117.06,0.77,175.0,0.79,72.92,0.8,322.07,0.21,77.92,0.2,317.02,0.22,137.06,0.23,200.0,0.01,0.01,2321.256277,1776193518000
1776193519.919,19.919,0.78,112.06,0.77,120.0,0.79,71.65,0.8,342.07,0.21,72.92,0.2,322.07,0.22,117.06,0.23,175.0,0.01,0.01,2321.256277,1776193518000
1776193520.298,20.298,0.77,20.0,0.76,10.0,0.78,46.07,0.79,193.99,0.21,198.99,0.2,422.07,0.23,20.0,0.24,10.0,0.01,0.02,2321.256277,1776193518000
1776193520.609,20.609,0.77,20.0,0.76,10.0,0.78,48.64,0.79,198.99,0.22,48.64,0.21,198.99,0.23,20.0,0.24,10.0,0.01,0.01,2321.727479,1776193519000
1776193520.815,20.815,0.77,73.5,0.76,60.0,0.78,216.98,0.79,153.99,0.22,48.64,0.21,198.99,0.23,20.0,0.24,10.0,0.01,0.01,2321.727479,1776193519000
1776193521.091,21.091,0.77,8.71,0.76,10.0,0.78,265.45,0.79,233.99,0.22,230.45,0.21,153.99,0.23,13.5,0.24,60.0,0.01,0.01,2321.727479,1776193519000
1776193521.391,21.391,0.76,54.6,0.75,85.0,0.78,173.78,0.79,223.99,0.22,258.92,0.21,233.99,0.23,1.1,0.24,10.0,0.02,0.01,2321.872797,1776193520000
1776193521.61,21.61,0.76,106.43,0.75,100.5,0.77,15.5,0.78,116.78,0.23,18.81,0.22,121.78,0.24,89.6,0.25,100.5,0.01,0.01,2321.872797,1776193520000
1776193521.865,21.865,0.76,100.0,0.75,85.0,0.77,14.48,0.78,111.78,0.23,16.94,0.22,111.78,0.24,100.42,0.25,85.0,0.01,0.01,2321.872797,1776193520000
1776193522.188,22.188,0.76,42.41,0.75,60.0,0.77,72.48,0.78,166.78,0.23,112.48,0.22,166.78,0.24,2.41,0.25,60.0,0.01,0.01,2321.872797,1776193520000
1776193522.453,22.453,0.76,42.41,0.75,60.0,0.77,70.93,0.78,166.78,0.23,70.93,0.22,166.78,0.24,42.41,0.25,60.0,0.01,0.01,2321.712918,1776193521000
1776193522.992,22.992,0.76,52.41,0.75,60.0,0.77,90.93,0.78,166.78,0.23,70.93,0.22,166.78,0.24,42.41,0.25,60.0,0.01,0.01,2321.712918,1776193521000
1776193523.23,23.23,0.76,42.02,0.75,60.0,0.77,120.93,0.78,266.78,0.23,90.93,0.22,166.78,0.24,46.61,0.25,60.0,0.01,0.01,2321.712918,1776193521000
1776193523.453,23.453,0.75,59.6,0.74,95.5,0.76,5.0,0.77,152.93,0.23,120.93,0.22,287.78,0.24,2.02,0.25,60.0,0.01,0.01,2321.712918,1776193521000
1776193523.682,23.682,0.75,48.7,0.74,95.5,0.76,20.5,0.77,82.93,0.24,20.5,0.23,82.93,0.25,48.7,0.26,95.5,0.01,0.01,2321.735656,1776193522000
1776193523.888,23.888,0.75,62.2,0.74,95.5,0.76,75.5,0.77,82.93,0.24,20.5,0.23,102.93,0.25,63.7,0.26,95.5,0.01,0.01,2321.735656,1776193522000
1776193524.293,24.293,0.75,62.2,0.74,95.5,0.76,75.5,0.77,82.93,0.24,75.5,0.23,82.93,0.25,62.2,0.26,95.5,0.01,0.01,2321.728565,1776193523000
1776193524.635,24.635,0.75,20.6,0.74,95.5,0.76,70.5,0.77,87.93,0.24,100.5,0.23,87.93,0.25,25.0,0.26,95.5,0.01,0.01,2321.728565,1776193523000
1776193524.902,24.902,0.75,51.2,0.74,100.5,0.76,66.5,0.77,87.93,0.24,5.0,0.23,87.93,0.25,61.7,0.26,95.5,0.01,0.01,2321.728565,1776193523000
1776193525.388,25.388,0.75,31.8,0.74,100.5,0.76,157.75,0.77,220.93,0.24,66.5,0.23,87.93,0.25,51.2,0.26,100.5,0.01,0.01,2321.728565,1776193523000
1776193525.6,25.6,0.75,41.8,0.74,100.5,0.76,74.17,0.77,111.93,0.24,79.17,0.23,111.93,0.25,41.8,0.26,100.5,0.01,0.01,2321.728565,1776193523000
1776193526.133,26.133,0.73,5.62,0.72,40.0,0.76,347.42,0.77,254.93,0.24,79.17,0.23,111.93,0.25,24.9,0.26,100.5,0.03,0.01,2321.701477,1776193524000
1776193526.535,26.535,0.72,3.0,0.71,32.78,0.73,16.51,0.74,134.5,0.27,16.51,0.26,134.5,0.28,3.0,0.29,32.78,0.01,0.01,2321.71208,1776193525000
1776193526.746,26.746,0.72,15.84,0.71,22.28,0.73,115.51,0.74,371.15,0.27,115.51,0.26,371.15,0.28,9.42,0.29,22.28,0.01,0.01,2321.71208,1776193525000
1776193526.999,26.999,0.72,12.26,0.71,22.28,0.73,110.51,0.74,371.15,0.27,110.51,0.26,371.15,0.28,12.26,0.29,22.28,0.01,0.01,2321.710241,1776193526000
1776193527.59,27.59,0.72,12.26,0.71,27.28,0.73,128.86,0.74,376.15,0.27,110.51,0.26,371.15,0.28,12.26,0.29,22.28,0.01,0.01,2321.710241,1776193526000
1776193528.17,28.17,0.72,12.26,0.71,27.28,0.73,128.86,0.74,376.15,0.27,128.86,0.26,376.15,0.28,12.26,0.29,27.28,0.01,0.01,2321.527564,1776193527000
1776193529.173,29.173,0.72,21.19,0.71,37.78,0.73,151.15,0.74,276.5,0.27,129.6,0.26,276.5,0.28,30.84,0.29,27.28,0.01,0.01,2321.527564,1776193527000
1776193529.887,29.887,0.72,17.24,0.71,37.78,0.73,135.04,0.74,281.5,0.27,135.04,0.26,281.5,0.28,17.24,0.29,37.78,0.01,0.01,2321.28672,1776193529000
1776193530.283,30.283,0.71,32.78,0.7,25.5,0.73,134.04,0.74,286.5,0.27,135.04,0.26,281.5,0.28,17.24,0.29,37.78,0.02,0.01,2321.28672,1776193529000
1776193530.503,30.503,0.71,47.78,0.7,30.5,0.72,16.41,0.73,125.15,0.27,134.04,0.26,286.5,0.29,32.78,0.3,25.5,0.01,0.02,2321.28672,1776193529000
1776193531.081,31.081,0.71,47.95,0.7,80.5,0.72,60.64,0.73,124.09,0.28,21.41,0.27,115.15,0.29,42.95,0.3,30.5,0.01,0.01,2321.28672,1776193529000
1776193532.205,32.205,0.71,47.95,0.7,80.5,0.72,71.14,0.73,124.09,0.28,71.14,0.27,124.09,0.29,47.95,0.3,80.5,0.01,0.01,2321.292791,1776193531000
1776193532.833,32.833,0.71,32.45,0.7,25.5,0.72,76.15,0.73,120.15,0.28,71.14,0.27,124.09,0.29,47.95,0.3,80.5,0.01,0.01,2321.292791,1776193531000
1776193533.176,33.176,0.71,33.37,0.7,30.5,0.72,75.5,0.73,120.15,0.28,76.15,0.27,120.15,0.29,32.45,0.3,25.5,0.01,0.01,2321.292791,1776193531000
1776193534.396,34.396,0.71,33.37,0.7,30.5,0.72,75.5,0.73,120.15,0.28,75.5,0.27,120.15,0.29,33.37,0.3,30.5,0.01,0.01,2321.294837,1776193533000
1776193534.606,34.606,0.71,34.92,0.7,35.5,0.72,26.53,0.73,115.15,0.28,55.01,0.27,115.15,0.29,45.42,0.3,35.5,0.01,0.01,2321.294837,1776193533000
1776193534.928,34.928,0.71,34.92,0.7,35.5,0.72,26.53,0.73,115.15,0.28,26.53,0.27,115.15,0.29,34.92,0.3,35.5,0.01,0.01,2321.292639,1776193534000
1776193535.816,35.816,0.71,34.92,0.7,30.5,0.72,57.36,0.73,210.15,0.28,26.53,0.27,115.15,0.29,34.92,0.3,35.5,0.01,0.01,2321.292639,1776193534000
1776193536.063,36.063,0.71,34.92,0.7,30.5,0.72,57.36,0.73,210.15,0.28,57.36,0.27,210.15,0.29,34.92,0.3,30.5,0.01,0.01,2321.286073,1776193535000
1776193536.29,36.29,0.72,45.5,0.71,95.42,0.73,82.23,0.74,178.5,0.28,57.36,0.27,210.15,0.29,34.92,0.3,30.5,0.01,0.01,2321.286073,1776193535000
1776193536.605,36.605,0.72,225.5,0.71,104.42,0.73,46.13,0.76,67.42,0.27,82.23,0.26,178.5,0.28,45.5,0.29,95.42,0.01,0.01,2321.286073,1776193535000
1776193536.841,36.841,0.75,51.0,0.74,10.0,0.76,69.8,0.77,240.5,0.24,64.8,0.23,245.5,0.25,10.0,0.26,10.0,0.01,0.01,2321.286073,1776193535000
1776193537.2,37.2,0.75,51.0,0.74,10.0,0.76,69.8,0.77,240.5,0.24,69.8,0.23,240.5,0.25,51.0,0.26,10.0,0.01,0.01,2321.27661,1776193536000
1776193537.453,37.453,0.77,10.0,0.76,10.0,0.78,84.99,0.79,165.49,0.22,54.84,0.21,165.49,0.25,100.0,0.26,52.0,0.01,0.03,2321.27661,1776193536000
1776193538.347,38.347,0.77,76.0,0.76,15.0,0.78,50.99,0.79,185.49,0.22,84.99,0.21,165.49,0.23,10.0,0.24,10.0,0.01,0.01,2321.27661,1776193536000
1776193538.676,38.676,0.77,6.0,0.76,29.0,0.78,138.06,0.79,208.49,0.22,50.99,0.21,185.49,0.23,76.0,0.24,15.0,0.01,0.01,2321.27661,1776193536000
1776193538.961,38.961,0.75,38.0,0.74,23.0,0.78,176.06,0.79,208.49,0.22,138.06,0.21,208.49,0.23,6.0,0.24,29.0,0.03,0.01,2321.27661,1776193536000
1776193539.429,39.429,0.77,15.0,0.76,10.0,0.78,143.06,0.79,193.49,0.22,176.06,0.21,208.49,0.25,38.0,0.26,23.0,0.01,0.03,2321.599306,1776193537000
1776193539.951,39.951,0.77,15.0,0.76,10.0,0.78,143.06,0.79,193.49,0.22,143.06,0.21,193.49,0.23,15.0,0.24,10.0,0.01,0.01,2321.784241,1776193538000
1776193540.287,40.287,0.77,76.5,0.76,35.5,0.78,101.34,0.79,232.2,0.22,101.34,0.21,232.2,0.23,76.5,0.24,30.5,0.01,0.01,2321.784241,1776193538000
1776193540.72,40.72,0.77,66.5,0.76,35.5,0.78,141.34,0.79,232.2,0.22,141.34,0.21,232.2,0.23,66.5,0.24,35.5,0.01,0.01,2321.786513,1776193539000
1776193541.1,41.1,0.77,131.5,0.76,90.5,0.78,13.29,0.79,105.0,0.22,72.4,0.21,105.0,0.23,136.5,0.24,90.5,0.01,0.01,2321.786513,1776193539000
1776193541.495,41.495,0.77,110.5,0.76,80.5,0.78,7.0,0.79,105.0,0.22,13.29,0.21,105.0,0.23,131.5,0.24,90.5,0.01,0.01,2321.786513,1776193539000
1776193542.306,42.306,0.77,110.5,0.76,80.5,0.78,7.0,0.79,105.0,0.22,7.0,0.21,105.0,0.23,110.5,0.24,80.5,0.01,0.01,2321.759185,1776193541000
1776193543.52,43.52,0.77,145.5,0.76,80.5,0.78,26.0,0.79,110.0,0.22,7.0,0.21,105.0,0.23,110.5,0.24,80.5,0.01,0.01,2321.759185,1776193541000
1776193543.808,43.808,0.77,136.54,0.76,80.5,0.78,21.0,0.79,170.5,0.22,21.0,0.21,170.5,0.23,136.54,0.24,80.5,0.01,0.01,2321.90417,1776193542000
1776193544.635,44.635,0.77,136.54,0.76,80.5,0.78,21.0,0.79,170.5,0.22,21.0,0.21,170.5,0.23,136.54,0.24,80.5,0.01,0.01,2321.841195,1776193543000
1776193545.068,45.068,0.77,21.0,0.76,60.0,0.78,196.44,0.79,225.5,0.22,21.0,0.21,170.5,0.23,136.54,0.24,80.5,0.01,0.01,2321.841195,1776193543000
1776193545.358,45.358,0.74,83.5,0.73,153.5,0.77,200.5,0.78,150.44,0.22,196.44,0.21,225.5,0.24,55.13,0.25,83.5,0.03,0.02,2321.841195,1776193543000
1776193545.563,45.563,0.74,73.5,0.73,158.5,0.76,200.45,0.77,202.5,0.24,183.42,0.23,202.5,0.26,73.5,0.27,158.5,0.02,0.02,2321.836196,1776193544000
1776193545.823,45.823,0.74,74.65,0.73,145.5,0.75,189.32,0.76,200.45,0.25,109.31,0.24,195.45,0.26,74.65,0.27,158.5,0.01,0.01,2321.836196,1776193544000
1776193546.033,46.033,0.74,74.65,0.73,145.5,0.75,217.78,0.76,186.45,0.25,189.32,0.24,200.45,0.26,74.65,0.27,145.5,0.01,0.01,2321.836196,1776193544000
1776193546.255,46.255,0.74,80.8,0.73,145.5,0.75,215.65,0.76,211.45,0.25,220.65,0.24,186.45,0.26,74.65,0.27,145.5,0.01,0.01,2321.836196,1776193544000
1776193547.038,47.038,0.7,69.65,0.69,172.0,0.75,133.66,0.76,140.0,0.25,215.65,0.24,211.45,0.26,80.8,0.27,145.5,0.05,0.01,2321.851884,1776193545000
1776193547.904,47.904,0.74,5.0,0.73,5.0,0.77,213.82,0.78,125.5,0.23,213.82,0.22,125.5,0.26,5.0,0.27,5.0,0.03,0.03,2321.661237,1776193546000
1776193548.768,48.768,0.74,5.0,0.73,5.0,0.77,213.82,0.78,125.5,0.23,213.82,0.22,125.5,0.26,5.0,0.27,5.0,0.03,0.03,2321.634217,1776193547000
1776193549.062,49.062,0.73,120.0,0.72,126.13,0.75,108.47,0.76,80.5,0.23,213.82,0.22,125.5,0.26,5.0,0.27,5.0,0.02,0.03,2321.634217,1776193547000
1776193549.583,49.583,0.73,120.0,0.72,126.13,0.75,108.47,0.76,80.5,0.25,108.47,0.24,80.5,0.27,120.0,0.28,126.13,0.02,0.02,2321.643632,1776193548000
1776193550.366,50.366,0.73,130.0,0.72,115.0,0.74,104.2,0.75,118.97,0.26,104.2,0.25,118.97,0.27,130.0,0.28,115.0,0.01,0.01,2321.645269,1776193549000
1776193550.801,50.801,0.73,105.0,0.72,115.0,0.74,148.88,0.75,113.97,0.26,104.2,0.25,118.97,0.27,130.0,0.28,115.0,0.01,0.01,2321.645269,1776193549000
1776193551.136,51.136,0.73,105.0,0.72,115.0,0.74,148.88,0.75,113.97,0.26,148.88,0.25,113.97,0.27,105.0,0.28,115.0,0.01,0.01,2321.629746,1776193550000
1776193551.608,51.608,0.73,96.11,0.72,120.0,0.74,148.88,0.75,118.97,0.26,148.88,0.25,113.97,0.27,105.0,0.28,115.0,0.01,0.01,2321.629746,1776193550000
1776193552.141,52.141,0.73,91.11,0.72,125.0,0.74,136.53,0.75,75.5,0.26,144.82,0.25,118.97,0.27,96.11,0.28,125.0,0.01,0.01,2321.629746,1776193550000
1776193552.454,52.454,0.73,101.11,0.72,120.0,0.74,131.42,0.75,75.5,0.26,128.42,0.25,75.5,0.27,91.11,0.28,125.0,0.01,0.01,2321.629746,1776193550000
1776193552.867,52.867,0.73,101.11,0.72,120.0,0.74,131.42,0.75,75.5,0.26,131.42,0.25,75.5,0.27,101.11,0.28,120.0,0.01,0.01,2321.537884,1776193551000
1776193553.593,53.593,0.73,101.11,0.72,120.0,0.74,131.42,0.75,75.5,0.26,131.42,0.25,75.5,0.27,101.11,0.28,120.0,0.01,0.01,2321.502877,1776193552000
1776193554.228,54.228,0.73,156.11,0.72,130.5,0.74,45.06,0.75,70.0,0.26,131.42,0.25,75.5,0.27,101.11,0.28,120.0,0.01,0.01,2321.502877,1776193552000
1776193555.152,55.152,0.73,156.11,0.72,130.5,0.74,45.06,0.75,70.0,0.26,45.06,0.25,70.0,0.27,156.11,0.28,130.5,0.01,0.01,2321.482834,1776193554000
1776193556.266,56.266,0.73,166.11,0.72,130.5,0.74,5.56,0.75,70.0,0.26,45.06,0.25,70.0,0.27,156.11,0.28,130.5,0.01,0.01,2321.482834,1776193554000
1776193556.591,56.591,0.73,166.11,0.72,130.5,0.74,5.56,0.75,70.0,0.26,5.56,0.25,70.0,0.27,166.11,0.28,130.5,0.01,0.01,2321.495215,1776193555000
1776193557.373,57.373,0.73,166.11,0.72,130.5,0.74,5.56,0.75,70.0,0.26,5.56,0.25,70.0,0.27,166.11,0.28,130.5,0.01,0.01,2321.495165,1776193556000
1776193558.193,58.193,0.73,166.11,0.72,130.5,0.74,5.56,0.75,70.0,0.26,5.56,0.25,70.0,0.27,166.11,0.28,130.5,0.01,0.01,2321.483028,1776193557000
1776193558.849,58.849,0.71,100.0,0.7,192.15,0.72,7.0,0.74,137.48,0.26,5.56,0.25,70.0,0.27,166.11,0.28,130.5,0.01,0.01,2321.483028,1776193557000
1776193559.188,59.188,0.71,170.15,0.7,192.15,0.72,132.0,0.73,67.63,0.28,15.61,0.27,60.0,0.29,100.0,0.3,192.15,0.01,0.01,2321.483028,1776193557000
1776193559.576,59.576,0.71,170.15,0.7,192.15,0.72,132.0,0.73,67.63,0.28,132.0,0.27,67.63,0.29,170.15,0.3,192.15,0.01,0.01,2321.482462,1776193558000
1776193560.051,60.051,0.71,101.2,0.7,197.15,0.72,138.07,0.73,67.63,0.28,142.0,0.27,67.63,0.29,101.2,0.3,197.15,0.01,0.01,2321.482462,1776193558000
1776193560.336,60.336,0.71,96.2,0.7,196.14,0.72,117.51,0.73,65.0,0.28,128.07,0.27,67.63,0.29,106.2,0.3,197.15,0.01,0.01,2321.529258,1776193559000
1776193560.793,60.793,0.71,91.2,0.7,133.25,0.72,103.74,0.73,88.13,0.28,112.44,0.27,88.13,0.29,91.2,0.3,189.64,0.01,0.01,2321.529258,1776193559000
1776193561.127,61.127,0.71,108.99,0.7,192.15,0.72,82.34,0.73,88.13,0.28,88.74,0.27,88.13,0.29,103.99,0.3,181.65,0.01,0.01,2321.529258,1776193559000
1776193561.418,61.418,0.71,108.99,0.7,192.15,0.72,82.34,0.73,88.13,0.28,82.34,0.27,88.13,0.29,108.99,0.3,192.15,0.01,0.01,2321.349223,1776193560000
1776193561.747,61.747,0.74,85.0,0.73,157.1,0.76,52.0,0.77,79.76,0.28,82.34,0.27,88.13,0.29,108.99,0.3,192.15,0.02,0.01,2321.349223,1776193560000
1776193562.559,62.559,0.75,10.0,0.74,120.0,0.76,40.89,0.77,92.39,0.24,40.89,0.23,92.39,0.25,10.0,0.26,120.0,0.01,0.01,2321.342517,1776193561000
1776193562.952,62.952,0.75,163.0,0.74,84.0,0.76,42.69,0.77,111.39,0.24,40.89,0.23,92.39,0.25,10.0,0.26,120.0,0.01,0.01,2321.342517,1776193561000
1776193563.958,63.958,0.75,196.58,0.74,146.0,0.76,42.69,0.77,92.39,0.24,42.69,0.23,111.39,0.25,163.0,0.26,84.0,0.01,0.01,2321.325092,1776193562000
1776193564.269,64.269,0.75,201.58,0.74,246.0,0.76,36.12,0.77,92.39,0.24,36.12,0.23,92.39,0.25,201.58,0.26,246.0,0.01,0.01,2321.64166,1776193563000
1776193565.014,65.014,0.75,201.58,0.74,246.0,0.76,36.12,0.77,92.39,0.24,36.12,0.23,92.39,0.25,201.58,0.26,246.0,0.01,0.01,2321.645448,1776193564000
1776193565.267,65.267,0.77,13.06,0.76,313.5,0.82,92.63,0.83,90.5,0.23,0.94,0.22,5.0,0.24,313.5,0.25,334.0,0.05,0.01,2321.645448,1776193564000
1776193565.632,65.632,0.81,65.0,0.8,20.0,0.82,66.5,0.83,20.5,0.18,92.63,0.17,90.5,0.23,13.06,0.24,313.5,0.01,0.05,2321.645448,1776193564000
1776193565.886,65.886,0.81,25.0,0.8,16.0,0.82,31.28,0.83,32.5,0.17,25.5,0.16,120.5,0.19,25.0,0.21,85.0,0.01,0.02,2321.645448,1776193564000
1776193566.147,66.147,0.8,10.5,0.79,27.0,0.81,45.47,0.82,35.67,0.19,8.47,0.18,80.06,0.2,16.0,0.21,27.0,0.01,0.01,2321.645448,1776193564000
1776193566.465,66.465,0.79,20.0,0.78,27.0,0.8,59.03,0.81,63.47,0.19,45.47,0.18,35.67,0.2,10.5,0.21,27.0,0.01,0.01,2321.67546,1776193565000
1776193566.716,66.716,0.79,25.0,0.78,32.0,0.8,53.45,0.81,48.47,0.2,59.03,0.19,63.47,0.21,20.0,0.22,27.0,0.01,0.01,2321.67546,1776193565000
1776193567.308,67.308,0.79,22.85,0.78,47.0,0.8,15.95,0.81,18.47,0.2,10.95,0.19,18.47,0.21,15.0,0.22,52.5,0.01,0.01,2321.67546,1776193565000
1776193567.555,67.555,0.79,12.85,0.78,74.5,0.8,43.75,0.81,23.47,0.2,43.75,0.19,23.47,0.21,12.85,0.22,74.5,0.01,0.01,2322.084288,1776193566000
1776193567.997,67.997,0.78,49.12,0.77,121.56,0.79,90.33,0.8,85.5,0.21,56.6,0.2,85.5,0.22,49.12,0.23,129.56,0.01,0.01,2322.084288,1776193566000
1776193568.236,68.236,0.78,49.12,0.77,121.56,0.79,94.06,0.8,85.5,0.21,94.06,0.2,85.5,0.22,49.12,0.23,121.56,0.01,0.01,2322.077913,1776193567000
1776193568.614,68.614,0.8,20.0,0.79,86.5,0.81,69.07,0.82,97.06,0.21,94.06,0.2,85.5,0.22,49.12,0.23,121.56,0.01,0.01,2322.077913,1776193567000
1776193569.468,69.468,0.8,698.09,0.79,68.5,0.81,58.23,0.82,102.06,0.19,58.23,0.18,102.06,0.2,698.09,0.21,68.5,0.01,0.01,2321.958235,1776193568000
1776193569.692,69.692,0.78,18.31,0.77,43.56,0.8,45.5,0.81,78.73,0.19,58.23,0.18,102.06,0.2,698.09,0.21,68.5,0.02,0.01,2321.958235,1776193568000
1776193569.954,69.954,0.77,43.56,0.76,212.5,0.78,0.51,0.79,80.5,0.2,45.5,0.19,78.73,0.22,18.31,0.23,43.56,0.01,0.02,2321.958235,1776193568000
1776193570.484,70.484,0.77,30.5,0.76,130.1,0.78,80.0,0.79,125.5,0.22,0.51,0.21,80.5,0.23,43.56,0.24,212.5,0.01,0.01,2322.002968,1776193569000
1776193571.053,71.053,0.77,35.5,0.76,125.1,0.78,128.44,0.79,130.5,0.22,80.0,0.21,125.5,0.23,30.5,0.24,130.1,0.01,0.01,2322.002968,1776193569000
1776193571.354,71.354,0.77,35.5,0.76,125.1,0.78,128.44,0.79,130.5,0.22,128.44,0.21,130.5,0.23,35.5,0.24,125.1,0.01,0.01,2322.109633,1776193570000
1776193571.64,71.64,0.77,30.5,0.76,217.5,0.78,128.44,0.79,120.5,0.22,128.44,0.21,130.5,0.23,35.5,0.24,125.1,0.01,0.01,2322.109633,1776193570000
1776193572.651,72.651,0.77,30.5,0.76,217.5,0.78,128.44,0.79,120.5,0.22,128.44,0.21,120.5,0.23,30.5,0.24,217.5,0.01,0.01,2321.989323,1776193571000
1776193573.169,73.169,0.77,195.5,0.76,228.49,0.78,70.0,0.79,90.5,0.22,128.44,0.21,120.5,0.23,30.5,0.24,217.5,0.01,0.01,2321.989323,1776193571000
1776193573.513,73.513,0.77,195.5,0.76,228.49,0.78,59.93,0.79,90.5,0.22,70.0,0.21,90.5,0.23,195.5,0.24,228.49,0.01,0.01,2321.960551,1776193572000
1776193574.466,74.466,0.77,195.5,0.76,228.49,0.78,59.93,0.79,90.5,0.22,59.93,0.21,90.5,0.23,195.5,0.24,228.49,0.01,0.01,2321.958728,1776193573000
1776193574.766,74.766,0.76,50.5,0.75,145.32,0.77,95.5,0.78,105.5,0.22,90.43,0.21,125.49,0.23,5.92,0.24,52.0,0.01,0.01,2321.958728,1776193573000
1776193575.268,75.268,0.76,26.5,0.75,209.82,0.77,115.5,0.78,81.86,0.23,70.5,0.22,81.86,0.24,24.5,0.25,142.82,0.01,0.01,2321.958728,1776193573000
1776193575.773,75.773,0.76,74.83,0.75,99.82,0.77,68.04,0.78,76.86,0.23,115.5,0.22,81.86,0.24,35.83,0.25,99.32,0.01,0.01,2321.957434,1776193574000
1776193576.016,76.016,0.76,55.66,0.75,99.82,0.77,68.04,0.78,76.86,0.23,68.04,0.22,76.86,0.24,55.66,0.25,99.82,0.01,0.01,2321.957177,1776193575000
1776193577.117,77.117,0.76,55.66,0.75,99.82,0.77,68.04,0.78,76.86,0.23,68.04,0.22,76.86,0.24,55.66,0.25,99.82,0.01,0.01,2321.7859,1776193576000
1776193577.331,77.331,0.78,218.0,0.77,228.5,0.79,47.0,0.8,65.5,0.23,68.04,0.22,76.86,0.24,55.66,0.25,99.82,0.01,0.01,2321.7859,1776193576000
1776193578.364,78.364,0.78,223.04,0.77,241.1,0.79,47.0,0.8,65.5,0.21,47.0,0.2,65.5,0.22,223.04,0.23,241.1,0.01,0.01,2321.723367,1776193577000
1776193579.278,79.278,0.78,223.04,0.77,241.1,0.79,47.0,0.8,65.5,0.21,47.0,0.2,65.5,0.22,223.04,0.23,241.1,0.01,0.01,2321.808762,1776193578000
1776193579.555,79.555,0.79,125.0,0.78,140.0,0.8,175.28,0.81,100.72,0.21,47.0,0.2,65.5,0.22,223.04,0.23,241.1,0.01,0.01,2321.808762,1776193578000
1776193579.999,79.999,0.8,293.0,0.79,261.0,0.81,62.73,0.82,107.06,0.2,50.28,0.19,105.72,0.21,135.0,0.22,152.0,0.01,0.01,2321.808762,1776193578000
1776193580.439,80.439,0.8,648.09,0.79,276.5,0.81,25.5,0.82,107.06,0.19,62.73,0.18,107.06,0.2,293.0,0.21,261.0,0.01,0.01,2321.808762,1776193578000
1776193580.962,80.962,0.8,648.09,0.79,276.5,0.81,25.5,0.82,107.06,0.19,25.5,0.18,107.06,0.2,648.09,0.21,276.5,0.01,0.01,2321.949389,1776193580000
1776193581.427,81.427,0.81,193.0,0.8,183.0,0.82,91.61,0.83,94.0,0.18,83.43,0.17,114.5,0.19,256.42,0.2,232.5,0.01,0.01,2321.949389,1776193580000
1776193581.826,81.826,0.81,618.45,0.8,244.74,0.82,86.6,0.83,99.0,0.18,90.26,0.17,94.0,0.19,188.0,0.2,195.0,0.01,0.01,2321.949389,1776193580000
1776193582.079,82.079,0.81,618.45,0.8,244.74,0.82,86.6,0.83,99.0,0.18,86.6,0.17,99.0,0.19,618.45,0.2,244.74,0.01,0.01,2321.964944,1776193581000
1776193582.3,82.3,0.81,222.47,0.8,183.0,0.82,86.6,0.83,99.0,0.18,86.6,0.17,99.0,0.19,618.45,0.2,244.74,0.01,0.01,2321.964944,1776193581000
1776193582.878,82.878,0.81,643.94,0.8,232.74,0.82,85.87,0.83,110.44,0.18,86.6,0.17,99.0,0.19,222.47,0.2,183.0,0.01,0.01,2321.964944,1776193581000
1776193583.12,83.12,0.81,599.82,0.8,183.0,0.82,83.87,0.83,110.44,0.18,83.87,0.17,110.44,0.19,599.82,0.2,183.0,0.01,0.01,2322.018639,1776193582000
1776193583.451,83.451,0.82,243.0,0.81,296.37,0.83,16.16,0.84,175.5,0.18,83.87,0.17,110.44,0.19,599.82,0.2,183.0,0.01,0.01,2322.018639,1776193582000
1776193583.733,83.733,0.82,243.0,0.81,291.37,0.83,28.66,0.84,120.5,0.17,16.16,0.16,175.5,0.18,243.0,0.19,296.37,0.01,0.01,2322.018639,1776193582000
1776193584.158,84.158,0.82,243.0,0.81,291.37,0.83,28.66,0.84,120.5,0.17,28.66,0.16,120.5,0.18,243.0,0.19,291.37,0.01,0.01,2322.041637,1776193583000
1776193585.264,85.264,0.82,243.0,0.81,291.37,0.83,28.66,0.84,120.5,0.17,28.66,0.16,120.5,0.18,243.0,0.19,291.37,0.01,0.01,2322.074703,1776193584000
1776193585.854,85.854,0.83,683.93,0.82,287.94,0.84,111.77,0.85,108.73,0.16,118.72,0.15,108.73,0.17,273.0,0.18,749.79,0.01,0.01,2322.074703,1776193584000
1776193586.171,86.171,0.83,273.0,0.82,253.5,0.84,105.46,0.85,108.73,0.16,111.77,0.15,108.73,0.17,683.93,0.18,287.94,0.01,0.01,2322.074703,1776193584000
1776193586.431,86.431,0.83,273.0,0.82,253.5,0.84,91.0,0.85,108.73,0.16,91.0,0.15,108.73,0.17,273.0,0.18,253.5,0.01,0.01,2322.180285,1776193585000
1776193586.683,86.683,0.83,301.0,0.82,307.94,0.84,30.0,0.85,109.23,0.16,91.0,0.15,108.73,0.17,273.0,0.18,253.5,0.01,0.01,2322.180285,1776193585000
1776193586.907,86.907,0.83,301.0,0.82,307.94,0.84,30.0,0.85,109.23,0.16,30.0,0.15,109.23,0.17,301.0,0.18,307.94,0.01,0.01,2322.315792,1776193586000
1776193587.246,87.246,0.83,311.0,0.82,253.5,0.84,23.64,0.85,109.23,0.16,30.0,0.15,109.23,0.17,301.0,0.18,307.94,0.01,0.01,2322.315792,1776193586000
1776193588.054,88.054,0.83,306.0,0.82,253.5,0.84,23.64,0.85,109.23,0.16,23.64,0.15,109.23,0.17,306.0,0.18,253.5,0.01,0.01,2322.255297,1776193587000
1776193588.837,88.837,0.85,161.0,0.84,175.0,0.86,40.78,0.87,91.5,0.16,23.64,0.15,109.23,0.17,306.0,0.18,253.5,0.01,0.01,2322.255297,1776193587000
1776193589.069,89.069,0.85,125.0,0.84,170.0,0.86,96.99,0.87,91.5,0.14,40.78,0.13,91.5,0.15,161.0,0.16,175.0,0.01,0.01,2322.255297,1776193587000
1776193589.432,89.432,0.85,541.66,0.84,170.0,0.86,135.99,0.87,97.5,0.14,96.99,0.13,101.5,0.15,95.0,0.16,195.0,0.01,0.01,2322.255297,1776193587000
1776193590.009,90.009,0.84,187.0,0.83,150.0,0.85,80.5,0.86,419.0,0.14,135.99,0.13,129.3,0.16,152.0,0.17,100.0,0.01,0.02,2322.273386,1776193588000
1776193590.535,90.535,0.85,172.5,0.84,276.5,0.86,47.0,0.87,35.5,0.15,80.5,0.14,419.0,0.16,187.0,0.17,150.0,0.01,0.01,2322.272731,1776193589000
1776193591.021,91.021,0.87,25.5,0.86,214.5,0.88,20.1,0.89,112.29,0.14,21.41,0.13,35.5,0.15,188.5,0.16,301.5,0.01,0.01,2322.272731,1776193589000
1776193591.25,91.25,0.88,212.5,0.87,706.59,0.89,30.77,0.9,71.0,0.11,41.79,0.1,133.5,0.13,209.5,0.14,254.5,0.01,0.02,2322.272731,1776193589000
1776193591.691,91.691,0.89,104.36,0.88,192.5,0.9,81.72,0.91,109.0,0.1,71.62,0.09,109.0,0.12,217.5,0.13,186.5,0.01,0.02,2322.369275,1776193590000
1776193591.985,91.985,0.89,126.81,0.88,187.5,0.9,81.72,0.91,115.0,0.1,81.72,0.09,115.0,0.11,126.81,0.12,187.5,0.01,0.01,2322.271835,1776193591000
1776193592.287,92.287,0.88,108.0,0.87,128.5,0.9,70.62,0.91,66.0,0.1,81.72,0.09,115.0,0.11,126.81,0.12,187.5,0.02,0.01,2322.271835,1776193591000
1776193592.497,92.497,0.88,125.0,0.87,125.5,0.89,49.7,0.9,51.22,0.11,10.94,0.1,64.62,0.12,125.0,0.13,115.5,0.01,0.01,2322.271835,1776193591000
1776193592.709,92.709,0.88,140.5,0.87,125.5,0.89,11.0,0.9,90.6,0.11,17.13,0.1,51.22,0.12,135.5,0.13,125.5,0.01,0.01,2322.271835,1776193591000
1776193593.199,93.199,0.88,195.5,0.87,175.5,0.89,20.5,0.9,90.6,0.11,20.5,0.1,90.6,0.12,195.5,0.13,175.5,0.01,0.01,2322.621515,1776193592000
1776193593.965,93.965,0.88,1028.21,0.87,249.19,0.89,98.49,0.9,121.6,0.11,29.37,0.1,368.71,0.12,195.5,0.13,175.5,0.01,0.01,2322.621515,1776193592000
1776193594.232,94.232,0.88,1033.71,0.87,249.19,0.89,93.74,0.9,121.6,0.11,93.74,0.1,121.6,0.12,1033.71,0.13,249.19,0.01,0.01,2322.97556,1776193593000
1776193594.91,94.91,0.88,215.5,0.87,190.5,0.89,48.17,0.9,61.0,0.11,85.74,0.1,121.6,0.12,200.5,0.13,175.5,0.01,0.01,2322.97556,1776193593000
1776193595.127,95.127,0.88,233.5,0.87,190.5,0.89,52.04,0.9,61.0,0.11,48.17,0.1,61.0,0.12,215.5,0.13,190.5,0.01,0.01,2322.97556,1776193593000
1776193595.444,95.444,0.88,233.5,0.87,190.5,0.89,50.91,0.9,61.0,0.11,50.91,0.1,61.0,0.12,233.5,0.13,190.5,0.01,0.01,2322.895865,1776193594000
1776193596.133,96.133,0.86,46.55,0.85,60.5,0.87,47.5,0.88,25.5,0.11,50.91,0.1,61.0,0.12,233.5,0.13,190.5,0.01,0.01,2322.895865,1776193594000
1776193596.518,96.518,0.86,744.79,0.85,203.96,0.87,145.22,0.88,68.5,0.13,145.72,0.12,68.5,0.14,25.55,0.15,60.5,0.01,0.01,2322.895555,1776193595000
1776193597.236,97.236,0.86,744.79,0.85,203.96,0.87,143.22,0.88,68.5,0.13,143.22,0.12,68.5,0.14,744.79,0.15,203.96,0.01,0.01,2322.968449,1776193596000
1776193597.55,97.55,0.86,1251.34,0.85,298.96,0.87,139.31,0.88,145.6,0.13,143.22,0.12,68.5,0.14,744.79,0.15,203.96,0.01,0.01,2322.968449,1776193596000
1776193598.011,98.011,0.85,1427.94,0.84,353.5,0.86,89.36,0.87,135.88,0.13,144.31,0.12,145.6,0.14,1245.09,0.15,298.96,0.01,0.01,2322.968449,1776193596000
1776193598.48,98.48,0.85,1427.94,0.84,353.5,0.86,89.36,0.87,135.88,0.14,89.36,0.13,135.88,0.15,1427.94,0.16,353.5,0.01,0.01,2322.675542,1776193597000
1776193599.066,99.066,0.85,1427.94,0.84,353.5,0.86,89.36,0.87,135.88,0.14,89.36,0.13,135.88,0.15,1427.94,0.16,353.5,0.01,0.01,2322.634621,1776193598000
1776193600.242,100.242,0.85,1427.94,0.84,353.5,0.86,89.36,0.87,135.88,0.14,89.36,0.13,135.88,0.15,1427.94,0.16,353.5,0.01,0.01,2322.594426,1776193599000
1776193601.338,101.338,0.85,1427.94,0.84,353.5,0.86,89.36,0.87,135.88,0.14,89.36,0.13,135.88,0.15,1427.94,0.16,353.5,0.01,0.01,2322.526774,1776193600000
1776193601.933,101.933,0.85,1427.94,0.84,353.5,0.86,89.36,0.87,135.88,0.14,89.36,0.13,135.88,0.15,1427.94,0.16,353.5,0.01,0.01,2322.490353,1776193601000
1776193602.159,102.159,0.82,107.66,0.81,139.87,0.83,20.5,0.84,25.5,0.16,10.0,0.15,190.59,0.18,117.0,0.19,194.87,0.01,0.02,2322.490353,1776193601000
1776193603.011,103.011,0.81,201.87,0.8,180.88,0.82,7.0,0.83,116.81,0.18,7.0,0.17,116.81,0.19,201.87,0.2,180.88,0.01,0.01,2322.38218,1776193602000
1776193604.811,104.811,0.81,232.98,0.8,180.88,0.82,122.61,0.83,126.81,0.18,122.61,0.17,126.81,0.19,232.98,0.2,180.88,0.01,0.01,2322.123686,1776193603000
1776193605.19,105.19,0.84,275.5,0.83,210.0,0.85,49.62,0.86,95.4,0.15,49.62,0.14,95.4,0.16,275.5,0.17,210.0,0.01,0.01,2322.011459,1776193604000
1776193605.71,105.71,0.84,561.29,0.83,216.5,0.85,50.0,0.86,117.61,0.15,49.62,0.14,95.4,0.16,275.5,0.17,210.0,0.01,0.01,2322.011459,1776193604000
1776193606.248,106.248,0.84,96.55,0.83,275.32,0.85,56.73,0.86,135.97,0.15,56.73,0.14,135.97,0.16,96.55,0.17,275.32,0.01,0.01,2322.057223,1776193605000
1776193606.491,106.491,0.82,3.0,0.81,63.0,0.85,179.23,0.86,247.61,0.15,56.73,0.14,135.97,0.16,96.55,0.17,275.32,0.03,0.01,2322.057223,1776193605000
1776193606.923,106.923,0.76,130.0,0.75,213.56,0.77,53.44,0.8,30.5,0.24,36.98,0.23,10.0,0.25,41.06,0.26,115.0,0.01,0.01,2322.057223,1776193605000
1776193607.148,107.148,0.76,195.0,0.75,257.56,0.8,35.5,0.81,91.5,0.23,5.68,0.2,35.5,0.24,190.0,0.25,257.56,0.04,0.01,2322.057223,1776193605000
1776193607.513,107.513,0.78,145.5,0.77,205.94,0.79,10.0,0.8,15.0,0.2,35.5,0.19,91.5,0.24,190.0,0.25,257.56,0.01,0.04,2322.335199,1776193606000
1776193607.818,107.818,0.78,150.5,0.77,232.49,0.79,15.0,0.8,15.0,0.21,10.0,0.2,15.0,0.22,145.5,0.23,205.94,0.01,0.01,2322.335199,1776193606000
1776193608.266,108.266,0.79,49.4,0.78,136.04,0.8,24.24,0.81,96.81,0.21,10.0,0.2,10.0,0.22,150.04,0.23,232.49,0.01,0.01,2322.332185,1776193607000
1776193608.724,108.724,0.79,100.16,0.78,138.04,0.8,24.24,0.81,86.31,0.2,24.24,0.19,86.31,0.21,110.4,0.22,148.04,0.01,0.01,2322.332185,1776193607000
1776193609.035,109.035,0.79,200.66,0.78,277.03,0.81,16.0,0.82,94.0,0.2,24.24,0.19,86.31,0.21,95.16,0.22,138.04,0.02,0.01,2321.861452,1776193608000
1776193609.261,109.261,0.81,10.0,0.8,241.5,0.82,78.99,0.83,69.0,0.19,14.76,0.18,94.0,0.2,20.5,0.21,200.66,0.01,0.01,2321.861452,1776193608000
1776193609.769,109.769,0.82,172.61,0.81,213.5,0.84,26.8,0.85,200.07,0.18,113.91,0.17,69.0,0.19,42.0,0.2,231.5,0.02,0.01,2321.861452,1776193608000
1776193609.975,109.975,0.83,391.14,0.82,172.61,0.84,44.3,0.85,200.07,0.16,26.8,0.15,200.07,0.18,172.61,0.19,213.5,0.01,0.02,2321.63362,1776193609000
1776193610.522,110.522,0.83,80.7,0.82,122.61,0.84,53.22,0.85,206.8,0.16,36.41,0.15,200.07,0.17,37.0,0.18,172.61,0.01,0.01,2321.63362,1776193609000
1776193610.726,110.726,0.83,51.62,0.82,122.61,0.84,73.22,0.85,206.8,0.16,53.22,0.15,206.8,0.17,72.74,0.18,122.61,0.01,0.01,2321.63362,1776193609000
1776193610.981,110.981,0.83,45.44,0.82,122.61,0.84,72.02,0.85,206.8,0.16,73.22,0.15,206.8,0.17,45.44,0.18,122.61,0.01,0.01,2321.63362,1776193609000
1776193611.458,111.458,0.83,45.44,0.82,122.61,0.84,72.02,0.85,206.8,0.16,72.02,0.15,206.8,0.17,45.44,0.18,122.61,0.01,0.01,2321.812477,1776193610000
1776193612.068,112.068,0.83,40.44,0.82,222.61,0.84,56.52,0.85,206.8,0.16,72.02,0.15,206.8,0.17,45.44,0.18,122.61,0.01,0.01,2321.812477,1776193610000
1776193613.305,113.305,0.83,40.44,0.82,222.61,0.84,56.52,0.85,206.8,0.16,56.52,0.15,206.8,0.17,40.44,0.18,222.61,0.01,0.01,2321.999951,1776193612000
1776193614.063,114.063,0.8,60.0,0.79,77.5,0.81,153.88,0.82,110.48,0.16,56.52,0.15,206.8,0.17,40.44,0.18,222.61,0.01,0.01,2321.999951,1776193612000
1776193614.395,114.395,0.8,70.5,0.79,77.5,0.81,197.47,0.82,128.11,0.19,153.88,0.18,110.48,0.2,60.0,0.21,77.5,0.01,0.01,2322.030885,1776193613000
1776193614.77,114.77,0.8,135.5,0.79,187.5,0.81,11.0,0.82,32.0,0.19,197.47,0.18,128.11,0.2,70.5,0.21,77.5,0.01,0.01,2322.030885,1776193613000
1776193615.264,115.264,0.8,145.5,0.79,87.5,0.81,6.0,0.82,32.0,0.19,11.0,0.18,32.0,0.2,135.5,0.21,187.5,0.01,0.01,2322.030885,1776193613000
1776193615.658,115.658,0.8,123.75,0.79,87.5,0.81,1.0,0.82,32.0,0.19,6.0,0.18,32.0,0.2,123.75,0.21,87.5,0.01,0.01,2322.027125,1776193614000
1776193616.347,116.347,0.8,123.75,0.79,87.5,0.81,1.0,0.82,32.0,0.19,1.0,0.18,32.0,0.2,123.75,0.21,87.5,0.01,0.01,2321.94586,1776193615000
1776193617.014,117.014,0.8,118.75,0.79,187.5,0.82,26.76,0.83,40.5,0.19,1.0,0.18,32.0,0.2,123.75,0.21,87.5,0.02,0.01,2321.94586,1776193615000
1776193617.305,117.305,0.7,77.26,0.69,211.8,0.82,32.37,0.83,46.44,0.18,26.76,0.17,40.5,0.2,118.75,0.21,187.5,0.12,0.02,2321.94586,1776193615000
1776193617.712,117.712,0.81,25.0,0.8,11.0,0.82,116.0,0.83,110.0,0.18,32.37,0.17,46.44,0.3,77.26,0.31,211.8,0.01,0.12,2321.94586,1776193615000
1776193617.943,117.943,0.81,15.0,0.8,18.0,0.82,137.0,0.83,165.0,0.18,140.0,0.17,165.0,0.19,15.0,0.2,23.0,0.01,0.01,2321.846908,1776193616000
1776193618.424,118.424,0.8,45.44,0.79,37.44,0.81,105.0,0.82,141.88,0.19,15.0,0.18,141.88,0.2,1.0,0.21,20.94,0.01,0.01,2321.846908,1776193616000
1776193618.653,118.653,0.8,40.0,0.79,30.5,0.82,146.88,0.83,165.0,0.18,146.88,0.17,165.0,0.2,40.0,0.21,30.5,0.02,0.02,2321.845378,1776193617000
1776193619.013,119.013,0.8,117.94,0.79,173.47,0.82,91.14,0.83,170.0,0.18,146.88,0.17,165.0,0.2,40.0,0.21,30.5,0.02,0.02,2321.845378,1776193617000
1776193619.371,119.371,0.81,52.44,0.8,79.94,0.82,5.75,0.83,175.94,0.18,91.14,0.17,170.0,0.2,117.94,0.21,173.47,0.01,0.02,2321.845378,1776193617000
1776193619.794,119.794,0.82,88.44,0.81,55.5,0.83,48.57,0.84,165.0,0.18,4.37,0.17,165.94,0.19,76.44,0.2,85.94,0.01,0.01,2321.842117,1776193618000
1776193620.005,120.005,0.82,128.94,0.81,95.0,0.83,39.6,0.84,170.0,0.17,39.6,0.16,170.0,0.18,128.94,0.19,95.0,0.01,0.01,2322.001582,1776193619000
1776193620.725,120.725,0.83,211.7,0.82,145.5,0.84,164.1,0.85,165.0,0.16,167.82,0.15,165.0,0.18,128.94,0.19,100.0,0.01,0.02,2322.001582,1776193619000
1776193621.323,121.323,0.83,211.7,0.82,145.5,0.84,164.1,0.85,165.0,0.16,164.1,0.15,165.0,0.17,211.7,0.18,145.5,0.01,0.01,2322.199214,1776193620000
1776193621.629,121.629,0.84,198.44,0.83,280.76,0.85,55.75,0.86,71.0,0.16,164.1,0.15,165.0,0.17,211.7,0.18,145.5,0.01,0.01,2322.199214,1776193620000
1776193621.901,121.901,0.84,208.44,0.83,280.76,0.86,76.0,0.87,165.0,0.15,14.75,0.14,71.0,0.16,203.44,0.17,280.76,0.02,0.01,2322.199214,1776193620000
1776193622.405,122.405,0.85,54.85,0.84,147.0,0.86,86.29,0.87,165.0,0.14,76.0,0.13,165.0,0.16,208.44,0.17,280.76,0.01,0.02,2322.199214,1776193620000
1776193623.136,123.136,0.85,54.85,0.84,147.0,0.86,86.29,0.87,165.0,0.14,86.29,0.13,165.0,0.15,54.85,0.16,147.0,0.01,0.01,2322.456012,1776193622000
1776193624.316,124.316,0.85,153.65,0.84,92.0,0.86,172.79,0.87,178.76,0.14,172.79,0.13,178.76,0.15,153.65,0.16,92.0,0.01,0.01,2322.716955,1776193623000
1776193624.607,124.607,0.82,60.0,0.81,103.5,0.84,16.77,0.85,110.0,0.14,170.32,0.13,172.76,0.18,60.0,0.19,88.0,0.02,0.04,2322.716955,1776193623000
1776193624.882,124.882,0.83,228.62,0.82,97.0,0.84,70.66,0.85,120.0,0.16,15.8,0.15,120.0,0.17,60.0,0.18,72.0,0.01,0.01,2322.716955,1776193623000
1776193625.324,125.324,0.83,238.62,0.82,97.0,0.84,59.66,0.85,70.0,0.16,70.66,0.15,120.0,0.17,228.62,0.18,97.0,0.01,0.01,2322.701329,1776193624000
1776193625.682,125.682,0.83,238.62,0.82,112.5,0.85,67.15,0.86,160.32,0.15,70.0,0.14,153.11,0.17,243.62,0.18,102.0,0.02,0.02,2322.701329,1776193624000
1776193625.907,125.907,0.84,135.24,0.83,102.0,0.85,49.59,0.86,160.32,0.15,55.45,0.14,160.32,0.16,140.24,0.17,141.44,0.01,0.01,2322.701329,1776193624000
1776193626.143,126.143,0.84,135.24,0.83,92.0,0.85,49.72,0.86,160.32,0.15,49.72,0.14,160.32,0.16,135.24,0.17,92.0,0.01,0.01,2322.631,1776193625000
1776193626.41,126.41,0.84,235.04,0.83,119.0,0.85,30.65,0.86,166.32,0.15,31.95,0.14,166.32,0.16,235.04,0.17,119.0,0.01,0.01,2322.631,1776193625000
1776193626.975,126.975,0.85,159.31,0.84,120.36,0.86,64.32,0.87,172.76,0.14,166.32,0.13,165.0,0.16,240.04,0.17,119.0,0.01,0.02,2322.631,1776193625000
1776193627.343,127.343,0.85,159.31,0.84,120.36,0.86,64.32,0.87,172.76,0.14,64.32,0.13,172.76,0.15,159.31,0.16,120.36,0.01,0.01,2322.525709,1776193626000
1776193627.697,127.697,0.84,2.36,0.83,12.0,0.86,248.82,0.87,183.26,0.14,64.32,0.13,172.76,0.15,159.31,0.16,120.36,0.02,0.01,2322.525709,1776193626000
1776193628.09,128.09,0.81,2.0,0.8,12.0,0.82,250.85,0.83,183.94,0.18,118.0,0.17,120.5,0.19,2.0,0.21,50.0,0.01,0.01,2322.525709,1776193626000
1776193628.29,128.29,0.79,90.0,0.78,71.0,0.81,129.81,0.82,198.85,0.19,129.81,0.18,198.85,0.21,90.0,0.22,71.0,0.02,0.02,2322.520304,1776193627000
1776193628.704,128.704,0.8,84.0,0.79,97.0,0.81,90.03,0.82,133.24,0.19,113.43,0.18,198.85,0.21,90.0,0.22,71.0,0.01,0.02,2322.520304,1776193627000
1776193629.017,129.017,0.8,195.59,0.79,102.0,0.81,86.71,0.82,143.85,0.19,86.4,0.18,138.24,0.2,195.59,0.21,102.0,0.01,0.01,2322.520304,1776193627000
1776193629.249,129.249,0.8,205.59,0.79,107.0,0.81,84.67,0.82,138.24,0.19,84.67,0.18,138.24,0.2,205.59,0.21,107.0,0.01,0.01,2322.524715,1776193628000
1776193629.467,129.467,0.81,61.0,0.8,264.59,0.83,111.66,0.84,155.0,0.18,6.1,0.17,123.0,0.19,16.0,0.2,227.59,0.02,0.01,2322.524715,1776193628000
1776193629.824,129.824,0.82,255.12,0.81,136.0,0.83,85.33,0.84,155.0,0.17,106.53,0.16,155.0,0.18,10.0,0.19,71.0,0.01,0.01,2322.524715,1776193628000
1776193630.147,130.147,0.85,15.0,0.84,82.0,0.86,167.0,0.87,165.0,0.17,59.0,0.16,155.0,0.18,250.12,0.19,136.0,0.01,0.01,2322.524715,1776193628000
1776193630.474,130.474,0.85,15.0,0.84,82.0,0.86,167.0,0.87,165.0,0.14,167.0,0.13,165.0,0.15,15.0,0.16,82.0,0.01,0.01,2322.245045,1776193629000
1776193631.108,131.108,0.85,15.0,0.84,82.0,0.86,167.0,0.87,165.0,0.14,167.0,0.13,165.0,0.15,15.0,0.16,82.0,0.01,0.01,2322.084802,1776193630000
1776193631.346,131.346,0.85,58.3,0.84,111.0,0.86,179.21,0.87,185.5,0.14,167.0,0.13,165.0,0.15,15.0,0.16,82.0,0.01,0.01,2322.084802,1776193630000
1776193632.403,132.403,0.85,58.3,0.84,111.0,0.86,179.21,0.87,185.5,0.14,179.21,0.13,185.5,0.15,58.3,0.16,111.0,0.01,0.01,2322.324502,1776193631000
1776193632.615,132.615,0.85,210.45,0.84,111.0,0.86,74.01,0.87,165.0,0.14,74.01,0.13,165.0,0.15,212.59,0.16,111.0,0.01,0.01,2322.324502,1776193631000
1776193633.029,133.029,0.85,203.31,0.84,111.0,0.86,74.01,0.87,165.0,0.14,74.01,0.13,165.0,0.15,203.31,0.16,111.0,0.01,0.01,2322.492115,1776193632000
1776193633.398,133.398,0.85,204.31,0.84,111.0,0.86,74.01,0.87,122.76,0.14,74.01,0.13,165.0,0.15,203.31,0.16,111.0,0.01,0.01,2322.492115,1776193632000
1776193634.01,134.01,0.85,204.31,0.84,111.0,0.86,0.01,0.87,122.76,0.14,0.01,0.13,122.76,0.15,204.31,0.16,111.0,0.01,0.01,2322.570547,1776193633000
1776193634.228,134.228,0.85,105.31,0.82,12.0,0.86,225.45,0.87,223.31,0.14,256.01,0.13,223.31,0.15,127.31,0.18,12.0,0.01,0.01,2322.570547,1776193633000
1776193634.513,134.513,0.81,62.0,0.8,83.0,0.86,235.45,0.87,245.31,0.14,225.45,0.13,223.31,0.15,105.31,0.18,12.0,0.05,0.01,2322.570547,1776193633000
1776193634.728,134.728,0.81,55.0,0.8,100.0,0.82,153.66,0.83,110.0,0.18,161.76,0.17,110.0,0.19,55.0,0.2,95.0,0.01,0.01,2322.570547,1776193633000
1776193634.989,134.989,0.82,15.0,0.81,251.55,0.83,96.42,0.84,120.5,0.18,153.66,0.17,110.0,0.19,55.0,0.2,100.0,0.01,0.01,2322.570547,1776193633000
1776193635.225,135.225,0.82,59.0,0.81,178.55,0.83,159.42,0.84,125.5,0.17,96.42,0.16,120.5,0.18,15.0,0.19,251.55,0.01,0.01,2322.616945,1776193634000
1776193635.435,135.435,0.82,49.0,0.81,168.55,0.83,151.96,0.84,175.5,0.17,159.42,0.16,125.5,0.18,59.0,0.19,178.55,0.01,0.01,2322.616945,1776193634000
1776193635.722,135.722,0.82,49.0,0.81,178.55,0.83,139.75,0.84,175.5,0.17,160.42,0.16,175.5,0.18,49.0,0.19,178.55,0.01,0.01,2322.616945,1776193634000
1776193636.016,136.016,0.82,184.87,0.81,70.0,0.83,108.32,0.84,175.5,0.17,115.51,0.16,175.5,0.18,169.87,0.19,65.0,0.01,0.01,2322.616945,1776193634000
1776193636.704,136.704,0.82,119.92,0.81,76.0,0.83,125.2,0.84,175.5,0.17,64.7,0.16,175.5,0.18,184.87,0.19,70.0,0.01,0.01,2322.40473,1776193635000
1776193637.134,137.134,0.82,108.02,0.81,76.0,0.83,142.56,0.84,175.5,0.17,142.56,0.16,175.5,0.18,108.02,0.19,76.0,0.01,0.01,2322.20387,1776193636000
1776193637.636,137.636,0.82,113.02,0.81,71.0,0.83,238.45,0.84,175.5,0.17,142.56,0.16,175.5,0.18,108.02,0.19,76.0,0.01,0.01,2322.20387,1776193636000
1776193638.147,138.147,0.82,113.02,0.81,71.0,0.83,229.34,0.84,175.5,0.17,229.34,0.16,175.5,0.18,113.02,0.19,71.0,0.01,0.01,2322.09834,1776193637000
1776193638.828,138.828,0.82,103.02,0.81,56.0,0.83,219.34,0.84,200.5,0.17,229.34,0.16,175.5,0.18,113.02,0.19,71.0,0.01,0.01,2322.09834,1776193637000
1776193639.084,139.084,0.82,108.3,0.81,6.0,0.83,215.84,0.84,200.5,0.17,219.34,0.16,200.5,0.18,103.02,0.19,56.0,0.01,0.01,2322.09834,1776193637000
1776193639.315,139.315,0.83,10.0,0.82,234.3,0.84,98.28,0.85,100.0,0.17,215.84,0.16,200.5,0.18,108.3,0.19,6.0,0.01,0.01,2322.042262,1776193638000
1776193639.655,139.655,0.83,127.0,0.82,215.3,0.84,73.42,0.85,100.0,0.16,79.28,0.15,100.0,0.17,90.0,0.18,231.3,0.01,0.01,2322.042262,1776193638000
1776193639.89,139.89,0.83,249.08,0.82,160.28,0.84,48.73,0.85,100.0,0.16,48.73,0.15,100.0,0.17,122.0,0.18,215.3,0.01,0.01,2322.042262,1776193638000
1776193640.171,140.171,0.83,204.03,0.82,97.28,0.84,46.38,0.85,100.0,0.16,47.52,0.15,100.0,0.17,244.03,0.18,97.28,0.01,0.01,2322.042262,1776193638000
1776193641.262,141.262,0.83,204.03,0.82,97.28,0.85,160.5,0.86,175.5,0.15,160.5,0.14,175.5,0.17,204.03,0.18,97.28,0.02,0.02,2322.047522,1776193640000
1776193642.234,142.234,0.83,204.03,0.82,97.28,0.85,160.5,0.86,175.5,0.15,160.5,0.14,175.5,0.17,204.03,0.18,97.28,0.02,0.02,2322.26516,1776193641000
1776193642.929,142.929,0.84,195.17,0.83,55.0,0.85,109.31,0.86,175.5,0.15,160.5,0.14,175.5,0.17,204.03,0.18,97.28,0.01,0.02,2322.26516,1776193641000
1776193643.273,143.273,0.84,140.17,0.83,55.0,0.85,12.13,0.87,10.0,0.15,105.55,0.14,165.5,0.16,135.17,0.17,55.0,0.01,0.01,2322.26516,1776193641000
1776193643.726,143.726,0.87,15.0,0.86,65.99,0.89,13.89,0.9,185.0,0.13,6.8,0.1,185.0,0.14,42.99,0.16,232.17,0.02,0.01,2322.215031,1776193642000
1776193644.048,144.048,0.87,139.64,0.86,65.99,0.88,7.7,0.89,38.0,0.11,13.89,0.1,185.0,0.13,15.0,0.14,65.99,0.01,0.02,2322.215031,1776193642000
1776193644.294,144.294,0.87,139.64,0.86,65.99,0.88,7.7,0.89,38.0,0.12,7.7,0.11,38.0,0.13,139.64,0.14,65.99,0.01,0.01,2322.253815,1776193643000
1776193644.499,144.499,0.87,156.64,0.86,73.99,0.88,98.33,0.89,130.0,0.12,12.33,0.11,30.0,0.13,151.64,0.14,73.99,0.01,0.01,2322.253815,1776193643000
1776193644.787,144.787,0.87,161.64,0.86,78.99,0.88,92.08,0.89,140.5,0.12,102.08,0.11,140.5,0.13,161.64,0.14,73.99,0.01,0.01,2322.253815,1776193643000
1776193645.362,145.362,0.87,92.0,0.86,128.99,0.88,85.5,0.89,120.5,0.12,92.08,0.11,140.5,0.13,161.64,0.14,78.99,0.01,0.01,2322.253815,1776193643000
1776193645.873,145.873,0.87,138.0,0.86,128.99,0.88,84.25,0.89,120.5,0.12,85.5,0.11,120.5,0.13,92.0,0.14,128.99,0.01,0.01,2322.6547,1776193644000
1776193646.337,146.337,0.88,23.0,0.87,169.76,0.89,98.76,0.9,127.0,0.12,84.25,0.11,120.5,0.13,134.76,0.14,164.99,0.01,0.01,2322.6547,1776193644000
1776193646.565,146.565,0.88,58.0,0.87,171.76,0.89,72.76,0.9,127.0,0.11,98.76,0.1,127.0,0.12,23.0,0.13,169.76,0.01,0.01,2322.66772,1776193645000
1776193647.268,147.268,0.88,58.0,0.87,171.76,0.89,72.76,0.9,127.0,0.11,72.76,0.1,127.0,0.12,58.0,0.13,171.76,0.01,0.01,2322.66812,1776193646000
1776193647.964,147.964,0.88,174.75,0.87,98.76,0.89,27.76,0.9,127.0,0.11,72.76,0.1,127.0,0.12,58.0,0.13,171.76,0.01,0.01,2322.66812,1776193646000
1776193648.366,148.366,0.88,174.75,0.87,98.76,0.89,27.76,0.9,127.0,0.11,27.76,0.1,127.0,0.12,174.75,0.13,98.76,0.01,0.01,2322.778745,1776193647000
1776193649.033,149.033,0.88,136.75,0.87,81.76,0.89,65.63,0.9,120.0,0.11,65.63,0.1,120.0,0.12,136.75,0.13,81.76,0.01,0.01,2322.95924,1776193648000
1776193649.378,149.378,0.88,136.75,0.87,65.0,0.89,41.68,0.9,155.5,0.11,65.63,0.1,120.0,0.12,136.75,0.13,81.76,0.01,0.01,2322.95924,1776193648000
1776193649.874,149.874,0.88,136.75,0.87,65.0,0.89,51.47,0.9,155.5,0.11,41.68,0.1,155.5,0.12,136.75,0.13,65.0,0.01,0.01,2322.95924,1776193648000
1776193650.364,150.364,0.88,136.75,0.87,65.0,0.89,51.47,0.9,155.5,0.11,51.47,0.1,155.5,0.12,136.75,0.13,65.0,0.01,0.01,2322.87856,1776193649000
1776193650.687,150.687,0.88,174.56,0.87,87.25,0.89,47.24,0.9,155.5,0.11,51.47,0.1,155.5,0.12,136.75,0.13,65.0,0.01,0.01,2322.87856,1776193649000
1776193651.15,151.15,0.88,147.56,0.87,96.25,0.89,42.01,0.9,155.5,0.11,47.24,0.1,155.5,0.12,174.56,0.13,87.25,0.01,0.01,2322.87856,1776193649000
1776193651.362,151.362,0.88,147.56,0.87,74.0,0.89,47.53,0.9,130.5,0.11,37.74,0.1,130.5,0.12,147.56,0.13,96.25,0.01,0.01,2322.87856,1776193649000
1776193651.563,151.563,0.88,147.56,0.87,74.0,0.89,47.53,0.9,130.5,0.11,47.53,0.1,130.5,0.12,147.56,0.13,74.0,0.01,0.01,2322.731168,1776193650000
1776193652.021,152.021,0.88,223.56,0.87,103.0,0.9,115.0,0.91,120.0,0.11,47.53,0.1,130.5,0.12,147.56,0.13,74.0,0.02,0.01,2322.731168,1776193650000
1776193652.658,152.658,0.88,72.27,0.87,72.0,0.9,221.5,0.91,228.99,0.1,115.0,0.09,120.0,0.12,223.56,0.13,103.0,0.02,0.02,2322.693126,1776193651000
1776193652.895,152.895,0.88,127.27,0.87,77.0,0.89,124.37,0.9,190.5,0.1,221.5,0.09,228.99,0.12,72.27,0.13,72.0,0.01,0.02,2322.693126,1776193651000
1776193653.35,153.35,0.88,132.27,0.87,77.0,0.89,8.14,0.9,190.5,0.11,8.14,0.1,190.5,0.12,132.27,0.13,77.0,0.01,0.01,2322.690144,1776193652000
1776193653.615,153.615,0.88,183.27,0.87,91.0,0.89,5.05,0.9,110.0,0.11,8.14,0.1,190.5,0.12,132.27,0.13,77.0,0.01,0.01,2322.690144,1776193652000
1776193653.983,153.983,0.88,177.27,0.87,91.0,0.9,103.91,0.91,158.0,0.11,3.91,0.1,110.0,0.12,182.27,0.13,91.0,0.02,0.01,2322.690144,1776193652000
1776193654.921,154.921,0.89,109.0,0.88,203.77,0.92,105.0,0.93,138.95,0.1,92.85,0.09,158.0,0.12,177.27,0.13,91.0,0.03,0.02,2322.76556,1776193653000
1776193655.212,155.212,0.89,109.0,0.88,203.77,0.92,105.0,0.93,138.95,0.08,105.0,0.07,138.95,0.11,109.0,0.12,203.77,0.03,0.03,2322.738045,1776193654000
1776193655.412,155.412,0.91,177.0,0.9,79.0,0.92,123.37,0.93,115.0,0.08,124.46,0.07,115.0,0.09,177.0,0.1,79.0,0.01,0.01,2322.738045,1776193654000
1776193656.05,156.05,0.91,358.57,0.9,113.0,0.92,122.17,0.93,115.0,0.08,122.17,0.07,110.0,0.09,207.0,0.1,85.0,0.01,0.01,2322.738045,1776193654000
1776193656.325,156.325,0.91,364.57,0.9,113.0,0.92,26.57,0.93,110.0,0.08,122.17,0.07,115.0,0.09,358.57,0.1,113.0,0.01,0.01,2322.738045,1776193654000
1776193656.807,156.807,0.92,117.0,0.91,364.57,0.93,139.48,0.94,560.01,0.08,26.57,0.07,110.0,0.09,364.57,0.1,113.0,0.01,0.01,2322.836362,1776193655000
1776193657.098,157.098,0.92,117.0,0.91,364.57,0.93,139.48,0.94,560.01,0.07,139.48,0.06,560.01,0.08,117.0,0.09,364.57,0.01,0.01,2323.077832,1776193656000
1776193657.769,157.769,0.92,92.0,0.91,178.0,0.93,144.26,0.94,542.01,0.07,149.26,0.06,548.01,0.08,69.5,0.09,334.57,0.01,0.01,2323.077832,1776193656000
1776193658.263,158.263,0.92,92.0,0.91,178.0,0.93,144.26,0.94,542.01,0.07,144.26,0.06,542.01,0.08,92.0,0.09,178.0,0.01,0.01,2323.282015,1776193657000
1776193658.622,158.622,0.92,87.0,0.91,178.0,0.93,133.88,0.94,542.01,0.07,144.26,0.06,542.01,0.08,92.0,0.09,178.0,0.01,0.01,2323.282015,1776193657000
1776193659.546,159.546,0.92,92.0,0.91,178.0,0.93,132.72,0.94,542.01,0.07,132.72,0.06,542.01,0.08,92.0,0.09,178.0,0.01,0.01,2323.290888,1776193658000
1776193660.141,160.141,0.92,92.0,0.91,178.0,0.93,132.72,0.94,542.01,0.07,132.72,0.06,542.01,0.08,92.0,0.09,178.0,0.01,0.01,2323.305277,1776193659000
1776193660.567,160.567,0.92,97.0,0.91,212.0,0.93,32.22,0.94,504.01,0.07,33.3,0.06,504.01,0.08,97.0,0.09,207.0,0.01,0.01,2323.305277,1776193659000
1776193661.01,161.01,0.92,83.0,0.91,185.0,0.94,422.1,0.95,153.95,0.07,32.22,0.06,504.01,0.08,97.0,0.09,212.0,0.02,0.01,2323.305277,1776193659000
1776193661.378,161.378,0.92,83.0,0.91,185.0,0.94,422.1,0.95,153.95,0.06,422.1,0.05,153.95,0.08,83.0,0.09,185.0,0.02,0.02,2323.332043,1776193660000
1776193662.063,162.063,0.92,83.0,0.91,185.0,0.94,422.1,0.95,153.95,0.06,422.1,0.05,153.95,0.08,83.0,0.09,185.0,0.02,0.02,2323.354612,1776193661000
1776193662.705,162.705,0.93,135.66,0.92,124.0,0.94,427.65,0.95,163.0,0.06,432.97,0.05,163.0,0.07,149.66,0.08,125.0,0.01,0.01,2323.354612,1776193661000
1776193663.044,163.044,0.92,117.7,0.91,238.0,0.94,422.65,0.95,163.0,0.06,422.65,0.05,163.0,0.08,117.7,0.09,238.0,0.02,0.02,2323.534277,1776193662000
1776193663.782,163.782,0.93,85.0,0.92,117.7,0.94,421.75,0.95,74.0,0.06,422.65,0.05,163.0,0.08,117.7,0.09,238.0,0.01,0.02,2323.534277,1776193662000
1776193664.127,164.127,0.93,85.0,0.92,214.16,0.94,420.85,0.95,74.0,0.06,420.85,0.05,74.0,0.07,85.0,0.08,214.16,0.01,0.01,2323.578227,1776193663000
1776193664.352,164.352,0.93,15.0,0.92,193.09,0.94,407.78,0.95,226.0,0.06,420.85,0.05,74.0,0.07,85.0,0.08,214.16,0.01,0.01,2323.578227,1776193663000
1776193664.979,164.979,0.93,104.0,0.92,118.63,0.94,374.92,0.95,187.0,0.06,407.78,0.05,226.0,0.07,15.0,0.08,193.09,0.01,0.01,2323.578227,1776193663000
1776193665.272,165.272,0.93,261.2,0.92,156.53,0.94,366.82,0.95,187.0,0.06,366.82,0.05,187.0,0.07,261.2,0.08,156.53,0.01,0.01,2323.577258,1776193664000
1776193665.971,165.971,0.93,284.13,0.92,150.6,0.94,350.75,0.95,140.0,0.06,360.75,0.05,187.0,0.07,257.13,0.08,150.6,0.01,0.01,2323.577258,1776193664000
1776193666.241,166.241,0.93,304.13,0.92,177.93,0.94,348.92,0.95,140.0,0.06,350.75,0.05,140.0,0.07,284.13,0.08,150.6,0.01,0.01,2323.577258,1776193664000
1776193666.539,166.539,0.93,363.13,0.92,183.93,0.94,327.26,0.95,25.0,0.06,337.85,0.05,140.0,0.07,338.13,0.08,188.93,0.01,0.01,2323.542992,1776193665000
1776193666.87,166.87,0.93,363.13,0.92,183.93,0.94,327.26,0.95,25.0,0.06,327.26,0.05,25.0,0.07,363.13,0.08,183.93,0.01,0.01,2323.580085,1776193666000
1776193667.336,167.336,0.93,281.13,0.92,182.93,0.94,262.42,0.95,25.0,0.06,265.62,0.05,25.0,0.07,293.43,0.08,177.93,0.01,0.01,2323.580085,1776193666000
1776193667.994,167.994,0.93,281.13,0.92,182.93,0.94,262.42,0.95,25.0,0.06,262.42,0.05,25.0,0.07,281.13,0.08,182.93,0.01,0.01,2323.832635,1776193667000
1776193669.109,169.109,0.93,281.13,0.92,182.93,0.94,262.42,0.95,25.0,0.06,262.42,0.05,25.0,0.07,281.13,0.08,182.93,0.01,0.01,2323.82738,1776193668000
1776193669.569,169.569,0.93,224.02,0.92,134.03,0.94,258.42,0.95,62.0,0.06,262.42,0.05,25.0,0.07,281.13,0.08,182.93,0.01,0.01,2323.82738,1776193668000
1776193670.272,170.272,0.93,224.02,0.92,134.03,0.94,258.42,0.95,62.0,0.06,258.42,0.05,62.0,0.07,224.02,0.08,134.03,0.01,0.01,2323.807194,1776193669000
1776193670.744,170.744,0.93,106.82,0.92,187.93,0.94,253.1,0.95,30.0,0.06,258.42,0.05,62.0,0.07,224.02,0.08,134.03,0.01,0.01,2323.807194,1776193669000
1776193671.375,171.375,0.93,106.82,0.92,187.93,0.94,253.1,0.95,30.0,0.06,253.1,0.05,30.0,0.07,106.82,0.08,187.93,0.01,0.01,2323.718845,1776193670000
1776193672.064,172.064,0.93,106.82,0.92,187.93,0.94,253.1,0.95,30.0,0.06,253.1,0.05,30.0,0.07,106.82,0.08,187.93,0.01,0.01,2323.68357,1776193671000
1776193673.084,173.084,0.93,196.52,0.92,192.93,0.94,244.9,0.95,43.0,0.06,244.9,0.05,43.0,0.07,196.52,0.08,192.93,0.01,0.01,2323.658021,1776193672000
1776193673.353,173.353,0.93,14.17,0.92,102.33,0.94,376.9,0.95,214.0,0.06,244.9,0.05,43.0,0.07,196.52,0.08,192.93,0.01,0.01,2323.658021,1776193672000
1776193674.177,174.177,0.93,36.3,0.92,142.33,0.94,336.82,0.95,161.0,0.06,376.9,0.05,214.0,0.07,14.17,0.08,102.33,0.01,0.01,2323.658021,1776193672000
1776193674.489,174.489,0.93,45.18,0.92,167.33,0.94,243.82,0.95,148.0,0.06,336.82,0.05,161.0,0.07,36.3,0.08,142.33,0.01,0.01,2323.649516,1776193673000
1776193675.426,175.426,0.93,45.18,0.92,167.33,0.94,243.82,0.95,148.0,0.06,243.82,0.05,148.0,0.07,45.18,0.08,167.33,0.01,0.01,2323.4883,1776193674000
1776193675.848,175.848,0.93,225.89,0.92,103.33,0.94,318.99,0.95,148.0,0.06,309.27,0.05,148.0,0.07,225.89,0.08,153.33,0.01,0.01,2323.4883,1776193674000
1776193676.369,176.369,0.93,225.89,0.92,103.33,0.94,318.99,0.95,148.0,0.06,318.99,0.05,148.0,0.07,225.89,0.08,103.33,0.01,0.01,2323.424425,1776193675000
1776193676.595,176.595,0.93,256.16,0.92,143.33,0.94,258.99,0.95,121.0,0.06,318.99,0.05,148.0,0.07,225.89,0.08,103.33,0.01,0.01,2323.424425,1776193675000
1776193677.526,177.526,0.93,268.16,0.92,138.33,0.94,241.81,0.95,89.0,0.06,247.13,0.05,121.0,0.07,251.16,0.08,143.33,0.01,0.01,2323.424425,1776193675000
1776193677.933,177.933,0.93,263.16,0.92,146.89,0.94,164.98,0.95,34.0,0.06,241.81,0.05,89.0,0.07,268.16,0.08,138.33,0.01,0.01,2323.424425,1776193675000
1776193678.436,178.436,0.93,161.98,0.92,91.89,0.94,168.24,0.95,62.0,0.06,159.98,0.05,39.0,0.07,248.16,0.08,146.89,0.01,0.01,2323.441039,1776193676000
1776193678.673,178.673,0.93,166.98,0.92,91.89,0.94,150.66,0.95,62.0,0.06,157.65,0.05,62.0,0.07,166.98,0.08,91.89,0.01,0.01,2323.441039,1776193676000
1776193679.08,179.08,0.93,156.98,0.92,105.89,0.94,160.07,0.95,62.95,0.06,143.34,0.05,62.0,0.07,166.98,0.08,91.89,0.01,0.01,2323.447905,1776193677000
1776193679.288,179.288,0.93,156.98,0.92,105.89,0.94,237.61,0.95,53.95,0.06,237.61,0.05,53.95,0.07,156.98,0.08,105.89,0.01,0.01,2323.447905,1776193677000
1776193679.707,179.707,0.93,156.98,0.92,105.89,0.94,237.61,0.95,53.95,0.06,237.61,0.05,53.95,0.07,156.98,0.08,105.89,0.01,0.01,2323.482358,1776193678000
1776193679.924,179.924,0.93,112.55,0.92,159.79,0.94,248.26,0.95,53.95,0.06,237.61,0.05,53.95,0.07,156.98,0.08,105.89,0.01,0.01,2323.482358,1776193678000
1776193680.379,180.379,0.93,107.55,0.92,159.79,0.94,136.61,0.95,39.0,0.06,245.93,0.05,53.95,0.07,112.55,0.08,159.79,0.01,0.01,2323.482358,1776193678000
1776193680.662,180.662,0.93,107.55,0.92,159.79,0.94,136.61,0.95,39.0,0.06,136.61,0.05,39.0,0.07,107.55,0.08,159.79,0.01,0.01,2323.45115,1776193679000
1776193681.064,181.064,0.93,148.55,0.92,174.79,0.94,204.49,0.95,89.0,0.06,214.49,0.05,100.0,0.07,143.55,0.08,159.79,0.01,0.01,2323.45115,1776193679000
1776193681.282,181.282,0.93,148.55,0.92,174.79,0.94,168.12,0.95,89.0,0.06,206.83,0.05,89.0,0.07,148.55,0.08,174.79,0.01,0.01,2323.45115,1776193679000
1776193681.56,181.56,0.93,136.55,0.92,174.79,0.94,123.77,0.95,89.0,0.06,123.77,0.05,89.0,0.07,136.55,0.08,174.79,0.01,0.01,2323.373104,1776193680000
1776193682.307,182.307,0.93,136.55,0.92,174.79,0.94,123.77,0.95,89.0,0.06,123.77,0.05,89.0,0.07,136.55,0.08,174.79,0.01,0.01,2323.368768,1776193681000
1776193682.654,182.654,0.93,13.55,0.92,104.79,0.94,286.52,0.95,265.8,0.06,306.72,0.05,270.8,0.07,48.55,0.08,134.79,0.01,0.01,2323.368768,1776193681000
1776193682.896,182.896,0.93,5.0,0.92,104.79,0.94,394.38,0.95,265.8,0.06,286.52,0.05,265.8,0.07,13.55,0.08,104.79,0.01,0.01,2323.368768,1776193681000
1776193683.273,183.273,0.93,131.43,0.92,104.79,0.94,414.38,0.95,265.8,0.06,394.38,0.05,265.8,0.07,5.0,0.08,104.79,0.01,0.01,2323.368768,1776193681000
1776193683.891,183.891,0.93,14.38,0.92,99.79,0.94,300.29,0.95,285.8,0.06,414.38,0.05,265.8,0.07,131.43,0.08,104.79,0.01,0.01,2323.368768,1776193681000
1776193684.108,184.108,0.93,14.38,0.92,99.79,0.94,311.33,0.95,260.8,0.06,318.26,0.05,260.8,0.07,14.38,0.08,99.79,0.01,0.01,2323.179729,1776193682000
1776193684.408,184.408,0.92,40.27,0.9,5.0,0.94,298.62,0.95,313.85,0.06,283.62,0.05,285.8,0.08,84.17,0.09,44.0,0.02,0.02,2323.179729,1776193682000
1776193684.686,184.686,0.92,4.89,0.9,5.0,0.93,217.0,0.94,239.62,0.06,298.62,0.05,313.85,0.08,40.27,0.1,5.0,0.01,0.02,2323.179729,1776193682000
1776193685.083,185.083,0.92,4.89,0.9,5.0,0.93,219.2,0.94,239.62,0.07,219.2,0.06,239.62,0.08,4.89,0.1,5.0,0.01,0.01,2322.894937,1776193683000
1776193686.006,186.006,0.9,246.79,0.89,94.0,0.91,36.0,0.92,203.9,0.07,326.25,0.06,260.72,0.1,173.8,0.11,10.0,0.01,0.03,2322.894937,1776193683000
1776193686.39,186.39,0.9,246.79,0.89,94.0,0.92,203.9,0.93,249.25,0.08,203.9,0.07,249.25,0.1,246.79,0.11,94.0,0.02,0.02,2322.797444,1776193684000
1776193686.679,186.679,0.91,15.0,0.9,44.88,0.92,192.95,0.93,270.3,0.08,203.9,0.07,249.25,0.1,246.79,0.11,94.0,0.01,0.02,2322.797444,1776193684000
1776193686.893,186.893,0.91,181.14,0.9,44.88,0.92,65.43,0.93,260.3,0.08,171.64,0.07,270.3,0.09,181.14,0.1,44.88,0.01,0.01,2322.797444,1776193684000
1776193687.174,187.174,0.91,181.14,0.9,39.88,0.92,62.21,0.93,260.3,0.08,62.21,0.07,260.3,0.09,181.14,0.1,39.88,0.01,0.01,2322.428984,1776193686000
1776193687.457,187.457,0.92,15.0,0.91,191.14,0.93,101.0,0.94,210.67,0.07,62.0,0.06,210.67,0.08,10.0,0.09,231.14,0.01,0.01,2322.428984,1776193686000
1776193687.798,187.798,0.92,10.0,0.91,191.14,0.93,12.27,0.94,215.67,0.07,19.05,0.06,210.67,0.08,25.0,0.09,191.14,0.01,0.01,2322.428984,1776193686000
1776193688.179,188.179,0.92,10.0,0.91,181.14,0.93,110.0,0.94,220.67,0.07,12.27,0.06,215.67,0.08,10.0,0.09,191.14,0.01,0.01,2322.428984,1776193686000
1776193688.876,188.876,0.92,40.0,0.91,166.14,0.93,152.81,0.94,269.62,0.07,88.81,0.06,244.62,0.08,45.0,0.09,181.14,0.01,0.01,2322.428984,1776193686000
1776193689.343,189.343,0.92,50.0,0.91,219.14,0.93,146.24,0.94,239.62,0.07,151.62,0.06,264.62,0.08,40.0,0.09,166.14,0.01,0.01,2322.525663,1776193687000
1776193689.56,189.56,0.92,60.0,0.91,166.14,0.93,146.4,0.94,239.62,0.07,146.24,0.06,239.62,0.08,50.0,0.09,219.14,0.01,0.01,2322.525663,1776193687000
1776193690.28,190.28,0.92,60.0,0.91,171.14,0.93,134.51,0.94,239.62,0.07,134.51,0.06,239.62,0.08,60.0,0.09,171.14,0.01,0.01,2322.6481,1776193689000
1776193690.513,190.513,0.92,46.62,0.91,171.14,0.93,100.3,0.94,234.62,0.07,134.51,0.06,239.62,0.08,60.0,0.09,171.14,0.01,0.01,2322.6481,1776193689000
1776193691.125,191.125,0.93,5.0,0.92,73.33,0.94,128.67,0.95,279.75,0.07,100.3,0.06,234.62,0.08,46.62,0.09,171.14,0.01,0.01,2322.6481,1776193689000
1776193691.722,191.722,0.92,115.2,0.91,171.14,0.93,18.64,0.94,100.67,0.06,128.67,0.05,284.75,0.08,70.2,0.09,171.14,0.01,0.02,2322.6481,1776193689000
1776193692.0,192.0,0.92,115.2,0.91,171.14,0.93,18.64,0.94,100.67,0.07,18.64,0.06,100.67,0.08,115.2,0.09,171.14,0.01,0.01,2322.504232,1776193690000
1776193692.776,192.776,0.92,115.2,0.91,171.14,0.93,18.64,0.94,100.67,0.07,18.64,0.06,100.67,0.08,115.2,0.09,171.14,0.01,0.01,2322.524895,1776193691000
1776193693.323,193.323,0.92,117.2,0.91,240.14,0.93,37.48,0.94,5.0,0.07,18.64,0.06,100.67,0.08,115.2,0.09,171.14,0.01,0.01,2322.524895,1776193691000
1776193693.541,193.541,0.92,122.2,0.91,240.14,0.93,32.1,0.94,5.0,0.07,37.48,0.06,5.0,0.08,117.2,0.09,240.14,0.01,0.01,2322.614036,1776193692000
1776193693.827,193.827,0.92,250.82,0.91,75.0,0.93,9.0,0.94,18.0,0.07,23.1,0.05,224.8,0.08,122.2,0.09,250.64,0.01,0.01,2322.614036,1776193692000
1776193694.547,194.547,0.94,171.0,0.93,96.0,0.95,36.73,0.96,30.0,0.05,25.0,0.04,202.75,0.06,17.0,0.08,245.82,0.01,0.01,2322.614036,1776193692000
1776193694.79,194.79,0.94,171.0,0.93,96.0,0.95,31.46,0.96,30.0,0.05,31.46,0.04,30.0,0.06,171.0,0.07,96.0,0.01,0.01,2322.75032,1776193693000
1776193695.566,195.566,0.94,171.0,0.93,96.0,0.95,31.46,0.96,30.0,0.05,31.46,0.04,30.0,0.06,171.0,0.07,96.0,0.01,0.01,2322.767104,1776193694000
1776193695.835,195.835,0.94,298.24,0.93,148.0,0.95,19.64,0.96,30.0,0.05,31.46,0.04,30.0,0.06,171.0,0.07,96.0,0.01,0.01,2322.767104,1776193694000
1776193696.436,196.436,0.94,298.24,0.93,148.0,0.95,6.52,0.96,30.0,0.05,6.52,0.04,30.0,0.06,298.24,0.07,148.0,0.01,0.01,2322.973186,1776193695000
1776193696.762,196.762,0.94,89.0,0.93,96.0,0.97,622.85,0.98,810.99,0.05,6.52,0.04,30.0,0.06,227.0,0.07,143.0,0.03,0.01,2322.973186,1776193695000
1776193697.094,197.094,0.94,89.0,0.93,96.0,0.97,622.85,0.98,810.99,0.03,622.85,0.02,810.99,0.06,89.0,0.07,96.0,0.03,0.03,2323.136406,1776193696000
1776193697.71,197.71,0.95,15.0,0.94,80.0,0.96,35.0,0.97,711.09,0.03,622.85,0.02,810.99,0.06,89.0,0.07,96.0,0.01,0.03,2323.136406,1776193696000
1776193698.143,198.143,0.95,23.66,0.94,85.0,0.96,30.0,0.97,601.89,0.04,35.0,0.03,711.09,0.05,15.0,0.06,80.0,0.01,0.01,2323.136406,1776193696000
1776193698.492,198.492,0.95,18.66,0.94,85.0,0.96,28.0,0.97,701.89,0.04,30.0,0.03,601.89,0.05,23.66,0.06,85.0,0.01,0.01,2323.136406,1776193696000
1776193699.016,199.016,0.95,18.66,0.94,85.0,0.96,28.0,0.97,701.89,0.04,28.0,0.03,701.89,0.05,18.66,0.06,85.0,0.01,0.01,2323.157617,1776193697000
1776193699.486,199.486,0.95,49.66,0.94,90.0,0.96,25.91,0.97,710.89,0.04,28.0,0.03,701.89,0.05,18.66,0.06,85.0,0.01,0.01,2323.157617,1776193697000
1776193699.983,199.983,0.94,5.0,0.93,25.0,0.96,390.79,0.97,671.83,0.04,25.91,0.03,710.89,0.05,49.66,0.06,90.0,0.02,0.01,2323.157617,1776193697000
1776193700.962,200.962,0.94,5.0,0.93,25.0,0.96,379.48,0.97,671.83,0.04,379.48,0.03,671.83,0.06,5.0,0.07,25.0,0.02,0.02,2323.030636,1776193699000
1776193701.681,201.681,0.94,5.0,0.93,25.0,0.96,379.48,0.97,671.83,0.04,379.48,0.03,671.83,0.06,5.0,0.07,25.0,0.02,0.02,2323.032968,1776193700000
1776193702.295,202.295,0.94,153.87,0.93,34.96,0.95,43.52,0.96,280.68,0.04,379.48,0.03,671.83,0.06,5.0,0.07,25.0,0.01,0.02,2323.032968,1776193700000
1776193702.501,202.501,0.94,153.87,0.93,34.96,0.95,43.52,0.96,280.68,0.05,43.52,0.04,280.68,0.06,153.87,0.07,34.96,0.01,0.01,2322.865105,1776193701000
1776193702.868,202.868,0.94,164.67,0.93,34.96,0.95,42.39,0.96,280.68,0.05,43.52,0.04,280.68,0.06,153.87,0.07,34.96,0.01,0.01,2322.865105,1776193701000
1776193703.22,203.22,0.94,164.67,0.93,34.96,0.95,42.39,0.96,280.68,0.05,42.39,0.04,280.68,0.06,164.67,0.07,34.96,0.01,0.01,2322.761579,1776193702000
1776193704.743,204.743,0.94,90.74,0.93,117.96,0.95,37.04,0.96,252.49,0.05,42.39,0.04,280.68,0.06,151.94,0.07,84.96,0.01,0.01,2322.761579,1776193702000
1776193704.96,204.96,0.94,90.74,0.93,117.96,0.95,37.04,0.96,252.49,0.05,37.04,0.04,252.49,0.06,90.74,0.07,117.96,0.01,0.01,2322.758324,1776193703000
1776193705.319,205.319,0.94,95.74,0.93,117.96,0.95,35.91,0.96,252.49,0.05,37.04,0.04,252.49,0.06,90.74,0.07,117.96,0.01,0.01,2322.758324,1776193703000
1776193705.727,205.727,0.94,90.74,0.93,117.96,0.95,25.81,0.96,252.49,0.05,25.81,0.04,252.49,0.06,90.74,0.07,117.96,0.01,0.01,2322.758378,1776193704000
1776193706.435,206.435,0.94,90.74,0.93,117.96,0.95,25.81,0.96,252.49,0.05,25.81,0.04,252.49,0.06,90.74,0.07,117.96,0.01,0.01,2322.758418,1776193705000
1776193707.212,207.212,0.94,90.74,0.93,117.96,0.95,25.81,0.96,252.49,0.05,25.81,0.04,252.49,0.06,90.74,0.07,117.96,0.01,0.01,2322.760844,1776193706000
1776193707.475,207.475,0.94,90.74,0.93,117.96,0.95,24.65,0.96,261.69,0.05,25.81,0.04,252.49,0.06,90.74,0.07,117.96,0.01,0.01,2322.760844,1776193706000
1776193707.834,207.834,0.94,90.74,0.93,117.96,0.95,20.82,0.96,261.69,0.05,24.65,0.04,261.69,0.06,90.74,0.07,117.96,0.01,0.01,2322.760844,1776193706000
1776193708.539,208.539,0.94,66.53,0.93,128.82,0.95,10.34,0.96,102.75,0.05,20.82,0.04,261.69,0.06,90.74,0.07,117.96,0.01,0.01,2322.760844,1776193706000
1776193708.831,208.831,0.94,66.53,0.93,128.82,0.95,10.34,0.96,102.75,0.05,10.34,0.04,102.75,0.06,66.53,0.07,128.82,0.01,0.01,2322.743954,1776193707000
1776193709.436,209.436,0.94,103.53,0.93,106.82,0.96,63.78,0.97,534.5,0.05,10.34,0.04,102.75,0.06,66.53,0.07,128.82,0.02,0.01,2322.743954,1776193707000
1776193710.335,210.335,0.94,103.53,0.93,106.82,0.96,63.78,0.97,534.5,0.04,63.78,0.03,534.5,0.06,103.53,0.07,106.82,0.02,0.02,2322.735475,1776193709000
1776193710.958,210.958,0.95,92.8,0.94,73.75,0.96,95.78,0.97,543.7,0.04,90.78,0.03,543.7,0.05,87.8,0.06,68.75,0.01,0.01,2322.735475,1776193709000
1776193711.471,211.471,0.95,87.8,0.94,73.75,0.97,528.48,0.98,604.99,0.04,79.42,0.03,543.7,0.05,87.8,0.06,73.75,0.02,0.01,2322.73253,1776193710000
1776193711.782,211.782,0.95,87.8,0.94,73.75,0.97,437.48,0.98,862.99,0.03,528.48,0.02,604.99,0.05,87.8,0.06,73.75,0.02,0.02,2322.73253,1776193710000
1776193712.115,212.115,0.95,87.8,0.94,73.75,0.97,410.88,0.98,867.99,0.03,419.88,0.02,862.99,0.05,87.8,0.06,73.75,0.02,0.02,2322.73253,1776193710000
1776193712.516,212.516,0.95,87.8,0.94,73.75,0.97,403.88,0.98,857.99,0.03,403.88,0.02,857.99,0.05,87.8,0.06,73.75,0.02,0.02,2322.731857,1776193711000
1776193712.751,212.751,0.95,87.8,0.94,123.75,0.97,393.68,0.98,757.99,0.03,403.88,0.02,857.99,0.05,87.8,0.06,73.75,0.02,0.02,2322.731857,1776193711000
1776193713.108,213.108,0.96,26.04,0.95,20.0,0.97,391.68,0.98,757.99,0.03,391.68,0.02,757.99,0.05,87.8,0.06,123.75,0.01,0.02,2322.731857,1776193711000
1776193713.874,213.874,0.96,20.7,0.95,183.93,0.97,362.21,0.98,767.99,0.03,391.68,0.02,757.99,0.04,26.04,0.05,20.0,0.01,0.01,2322.738344,1776193712000
1776193714.095,214.095,0.96,20.7,0.95,183.93,0.97,362.21,0.98,767.99,0.03,362.21,0.02,767.99,0.04,20.7,0.05,183.93,0.01,0.01,2322.740258,1776193713000
1776193714.411,214.411,0.96,38.73,0.95,183.93,0.97,308.21,0.98,767.99,0.03,312.21,0.02,767.99,0.04,20.7,0.05,183.93,0.01,0.01,2322.740258,1776193713000
1776193714.731,214.731,0.96,27.41,0.95,183.93,0.97,309.73,0.98,767.99,0.03,308.21,0.02,767.99,0.04,32.43,0.05,183.93,0.01,0.01,2322.740258,1776193713000
1776193715.019,215.019,0.96,27.41,0.95,183.93,0.97,189.7,0.98,767.99,0.03,243.7,0.02,767.99,0.04,27.41,0.05,183.93,0.01,0.01,2322.740258,1776193713000
1776193715.278,215.278,0.96,27.41,0.95,183.93,0.97,154.72,0.98,574.29,0.03,189.7,0.02,767.99,0.04,27.41,0.05,183.93,0.01,0.01,2322.740258,1776193713000
1776193715.538,215.538,0.96,27.41,0.95,183.93,0.97,145.72,0.98,574.29,0.03,145.72,0.02,574.29,0.04,27.41,0.05,183.93,0.01,0.01,2322.737636,1776193714000
1776193715.746,215.746,0.96,93.19,0.95,183.93,0.97,136.72,0.98,574.29,0.03,126.72,0.02,574.29,0.04,48.11,0.05,183.93,0.01,0.01,2322.737636,1776193714000
1776193716.269,216.269,0.96,50.19,0.95,183.93,0.97,136.72,0.98,574.29,0.03,136.72,0.02,574.29,0.04,50.19,0.05,183.93,0.01,0.01,2322.739344,1776193715000
1776193716.533,216.533,0.96,55.08,0.95,10.0,0.97,337.14,0.98,767.99,0.03,136.72,0.02,574.29,0.04,50.19,0.05,183.93,0.01,0.01,2322.739344,1776193715000
1776193717.056,217.056,0.95,168.42,0.94,35.95,0.96,99.73,0.97,221.1,0.03,323.22,0.02,773.99,0.05,10.0,0.06,25.95,0.01,0.02,2322.739344,1776193715000
1776193717.473,217.473,0.95,163.42,0.94,35.95,0.96,123.53,0.97,221.1,0.04,99.73,0.03,221.1,0.05,168.42,0.06,35.95,0.01,0.01,2322.739344,1776193715000
1776193717.731,217.731,0.95,173.42,0.94,35.95,0.96,73.53,0.97,221.1,0.04,123.53,0.03,221.1,0.05,163.42,0.06,35.95,0.01,0.01,2322.739344,1776193715000
1776193718.705,218.705,0.95,304.42,0.94,128.74,0.96,9.8,0.97,98.0,0.04,73.53,0.03,221.1,0.05,173.42,0.06,35.95,0.01,0.01,2322.818914,1776193716000
1776193719.01,219.01,0.95,304.42,0.94,128.74,0.96,4.8,0.97,98.0,0.04,4.8,0.03,98.0,0.05,304.42,0.06,128.74,0.01,0.01,2322.61749,1776193718000
1776193719.814,219.814,0.95,228.42,0.94,163.95,0.97,107.0,0.98,517.29,0.04,4.8,0.03,98.0,0.05,304.42,0.06,128.74,0.02,0.01,2322.61749,1776193718000
1776193720.225,220.225,0.96,131.29,0.95,80.0,0.97,113.1,0.98,472.29,0.03,107.0,0.02,517.29,0.05,228.42,0.06,163.95,0.01,0.02,2322.61749,1776193718000
1776193720.557,220.557,0.96,75.0,0.95,155.0,0.97,14.1,0.98,467.29,0.03,113.1,0.02,472.29,0.04,131.29,0.05,80.0,0.01,0.01,2322.611753,1776193719000
1776193721.552,221.552,0.96,75.0,0.95,155.0,0.97,14.1,0.98,467.29,0.03,14.1,0.02,467.29,0.04,75.0,0.05,155.0,0.01,0.01,2322.707616,1776193720000
1776193722.058,222.058,0.96,75.0,0.95,155.0,0.97,14.1,0.98,467.29,0.03,14.1,0.02,467.29,0.04,75.0,0.05,155.0,0.01,0.01,2322.729235,1776193721000
1776193722.404,222.404,0.97,25.0,0.96,156.99,0.98,311.17,0.99,2155.79,0.02,311.29,0.01,2155.79,0.03,25.0,0.04,151.0,0.01,0.01,2322.729235,1776193721000
1776193722.822,222.822,0.97,15.0,0.96,97.99,0.98,352.14,0.99,2529.39,0.02,311.17,0.01,2155.79,0.03,25.0,0.04,156.99,0.01,0.01,2322.729235,1776193721000
1776193723.183,223.183,0.97,15.0,0.96,97.99,0.98,352.14,0.99,2529.39,0.02,352.14,0.01,2529.39,0.03,15.0,0.04,97.99,0.01,0.01,2322.862074,1776193722000
1776193723.483,223.483,0.97,15.0,0.96,75.99,0.98,356.67,0.99,2529.39,0.02,352.14,0.01,2529.39,0.03,15.0,0.04,97.99,0.01,0.01,2322.862074,1776193722000
1776193723.824,223.824,0.97,39.0,0.96,289.45,0.98,208.67,0.99,2034.79,0.02,356.67,0.01,2529.39,0.03,15.0,0.04,75.99,0.01,0.01,2322.862074,1776193722000
1776193724.396,224.396,0.97,39.0,0.96,289.45,0.98,208.67,0.99,2034.79,0.02,208.67,0.01,2034.79,0.03,39.0,0.04,289.45,0.01,0.01,2323.003175,1776193723000
1776193724.709,224.709,0.97,44.0,0.96,292.68,0.98,198.46,0.99,2343.79,0.02,208.67,0.01,2034.79,0.03,39.0,0.04,289.45,0.01,0.01,2323.003175,1776193723000
1776193725.169,225.169,0.97,94.0,0.96,292.68,0.98,193.46,0.99,2743.79,0.02,198.46,0.01,2343.79,0.03,44.0,0.04,292.68,0.01,0.01,2323.003175,1776193723000
1776193725.404,225.404,0.97,94.0,0.96,292.68,0.98,193.46,0.99,2743.79,0.02,193.46,0.01,2743.79,0.03,94.0,0.04,292.68,0.01,0.01,2322.990687,1776193724000
1776193725.94,225.94,0.97,118.0,0.96,292.68,0.98,188.46,0.99,2943.79,0.02,188.46,0.01,2943.79,0.03,118.0,0.04,292.68,0.01,0.01,2323.016955,1776193725000
1776193727.029,227.029,0.97,118.0,0.96,292.68,0.98,188.46,0.99,2943.79,0.02,188.46,0.01,2943.79,0.03,118.0,0.04,292.68,0.01,0.01,2323.072275,1776193726000
1776193727.757,227.757,0.97,15.0,0.96,20.0,0.98,234.41,0.99,2549.39,0.02,188.46,0.01,2943.79,0.03,118.0,0.04,292.68,0.01,0.01,2323.072275,1776193726000
1776193728.206,228.206,0.97,15.0,0.96,20.0,0.98,310.59,0.99,2649.39,0.02,234.41,0.01,2549.39,0.03,15.0,0.04,20.0,0.01,0.01,2323.072275,1776193726000
1776193728.449,228.449,0.97,15.0,0.96,20.0,0.98,310.59,0.99,2649.39,0.02,310.59,0.01,2649.39,0.03,15.0,0.04,20.0,0.01,0.01,2323.129868,1776193727000
1776193729.05,229.05,0.97,15.0,0.96,15.0,0.98,312.55,0.99,2649.39,0.02,312.55,0.01,2649.39,0.03,15.0,0.04,15.0,0.01,0.01,2323.13906,1776193728000
1776193730.208,230.208,0.97,15.0,0.96,93.0,0.98,292.34,0.99,2584.39,0.02,312.55,0.01,2649.39,0.03,15.0,0.04,15.0,0.01,0.01,2323.13906,1776193728000
1776193730.434,230.434,0.96,20.0,0.95,168.99,0.98,204.13,0.99,2599.39,0.02,209.13,0.01,2599.39,0.03,20.0,0.04,20.0,0.02,0.01,2322.895626,1776193729000
1776193731.316,231.316,0.96,20.0,0.95,168.99,0.98,204.13,0.99,2599.39,0.02,204.13,0.01,2599.39,0.04,20.0,0.05,168.99,0.02,0.02,2322.66312,1776193730000
1776193731.924,231.924,0.96,20.0,0.95,168.99,0.98,204.13,0.99,2599.39,0.02,204.13,0.01,2599.39,0.04,20.0,0.05,168.99,0.02,0.02,2322.660123,1776193731000
1776193733.116,233.116,0.96,20.0,0.95,168.99,0.98,204.13,0.99,2599.39,0.02,204.13,0.01,2599.39,0.04,20.0,0.05,168.99,0.02,0.02,2322.665523,1776193732000
1776193733.694,233.694,0.97,48.0,0.96,25.0,0.98,155.09,0.99,3509.38,0.02,204.13,0.01,2599.39,0.04,20.0,0.05,168.99,0.01,0.02,2322.665523,1776193732000
1776193734.076,234.076,0.97,48.0,0.96,25.0,0.98,155.09,0.99,3509.38,0.02,155.09,0.01,3509.38,0.03,48.0,0.04,25.0,0.01,0.01,2322.663453,1776193733000
1776193734.925,234.925,0.97,48.0,0.96,75.0,0.98,131.99,0.99,3504.38,0.02,155.09,0.01,3509.38,0.03,48.0,0.04,25.0,0.01,0.01,2322.663453,1776193733000
1776193735.19,235.19,0.97,48.0,0.96,75.0,0.98,131.99,0.99,3504.38,0.02,131.99,0.01,3504.38,0.03,48.0,0.04,75.0,0.01,0.01,2322.689667,1776193734000
1776193736.652,236.652,0.97,21.51,0.96,75.0,0.98,130.96,0.99,3494.38,0.02,131.99,0.01,3504.38,0.03,48.0,0.04,75.0,0.01,0.01,2322.689667,1776193734000
1776193736.945,236.945,0.97,21.51,0.96,75.0,0.98,130.96,0.99,3494.38,0.02,130.96,0.01,3494.38,0.03,21.51,0.04,75.0,0.01,0.01,2322.678415,1776193736000
1776193738.14,238.14,0.97,5.0,0.96,211.99,0.98,126.5,0.99,2894.38,0.02,130.96,0.01,3494.38,0.03,21.51,0.04,75.0,0.01,0.01,2322.678415,1776193736000
1776193738.677,238.677,0.97,5.0,0.96,222.99,0.98,115.5,0.99,2794.38,0.02,126.5,0.01,2894.38,0.03,5.0,0.04,211.99,0.01,0.01,2322.621779,1776193737000
1776193738.974,238.974,0.97,10.0,0.96,222.99,0.98,109.5,0.99,2794.38,0.02,115.5,0.01,2794.38,0.03,5.0,0.04,222.99,0.01,0.01,2322.621779,1776193737000
1776193739.254,239.254,0.97,10.0,0.96,222.99,0.98,109.5,0.99,2794.38,0.02,109.5,0.01,2794.38,0.03,10.0,0.04,222.99,0.01,0.01,2322.620809,1776193738000
1776193739.487,239.487,0.97,5.0,0.96,222.99,0.98,110.5,0.99,3194.38,0.02,109.5,0.01,2794.38,0.03,10.0,0.04,222.99,0.01,0.01,2322.620809,1776193738000
1776193740.636,240.636,0.97,130.99,0.96,182.99,0.98,101.4,0.99,2912.38,0.02,110.5,0.01,3194.38,0.03,5.0,0.04,222.99,0.01,0.01,2322.620809,1776193738000
1776193740.881,240.881,0.97,135.99,0.96,182.99,0.98,96.4,0.99,2912.38,0.02,101.4,0.01,2912.38,0.03,130.99,0.04,182.99,0.01,0.01,2322.629955,1776193739000
1776193741.156,241.156,0.97,146.99,0.96,177.0,0.98,80.21,0.99,2912.38,0.02,96.4,0.01,2912.38,0.03,135.99,0.04,182.99,0.01,0.01,2322.629955,1776193739000
1776193741.426,241.426,0.97,146.99,0.96,177.0,0.98,80.21,0.99,2912.38,0.02,80.21,0.01,2912.38,0.03,146.99,0.04,177.0,0.01,0.01,2322.636698,1776193740000
1776193741.724,241.724,0.97,145.54,0.96,172.0,0.98,78.21,0.99,3112.38,0.02,85.21,0.01,3112.38,0.03,140.54,0.04,177.0,0.01,0.01,2322.636698,1776193740000
1776193742.001,242.001,0.97,140.54,0.96,172.0,0.98,75.21,0.99,3112.38,0.02,78.21,0.01,3112.38,0.03,145.54,0.04,172.0,0.01,0.01,2322.636698,1776193740000
1776193742.343,242.343,0.97,138.99,0.96,270.7,0.98,74.18,0.99,2748.78,0.02,75.21,0.01,3112.38,0.03,140.12,0.04,172.0,0.01,0.01,2322.636644,1776193741000
1776193743.219,243.219,0.97,132.99,0.96,269.7,0.98,64.18,0.99,2655.78,0.02,74.18,0.01,2748.78,0.03,138.99,0.04,270.7,0.01,0.01,2322.636644,1776193741000
1776193743.517,243.517,0.97,132.99,0.96,269.7,0.98,64.18,0.99,2655.78,0.02,64.18,0.01,2655.78,0.03,132.99,0.04,269.7,0.01,0.01,2322.637996,1776193742000
1776193744.171,244.171,0.98,15.0,0.97,149.42,0.99,2680.12,,,0.01,2680.12,,,0.03,149.42,0.04,269.7,0.01,0.02,2322.637996,1776193742000
1776193744.498,244.498,0.98,15.0,0.97,148.43,0.99,2483.7,,,0.01,2680.12,,,0.02,20.0,0.03,164.42,0.01,0.01,2322.64102,1776193743000
1776193744.725,244.725,0.98,15.0,0.97,30.31,0.99,2616.68,,,0.01,2323.68,,,0.02,15.0,0.03,30.31,0.01,0.01,2322.64102,1776193743000
1776193745.031,245.031,0.98,15.0,0.97,30.31,0.99,2616.68,,,0.01,2616.68,,,0.02,15.0,0.03,30.31,0.01,0.01,2322.637252,1776193744000
1776193745.5,245.5,0.98,35.4,0.97,30.31,0.99,2613.63,,,0.01,2609.65,,,0.02,15.0,0.03,30.31,0.01,0.01,2322.637252,1776193744000
1776193745.707,245.707,0.98,35.4,0.97,30.31,0.99,2608.58,,,0.01,2613.63,,,0.02,35.4,0.03,30.31,0.01,0.01,2322.637252,1776193744000
1776193746.352,246.352,0.98,35.4,0.97,30.31,0.99,2608.58,,,0.01,2608.58,,,0.02,35.4,0.03,30.31,0.01,0.01,2322.597818,1776193745000
1776193747.299,247.299,0.98,35.4,0.97,30.31,0.99,2608.58,,,0.01,2608.58,,,0.02,35.4,0.03,30.31,0.01,0.01,2322.436385,1776193746000
1776193747.62,247.62,0.98,35.4,0.97,30.31,0.99,2843.58,,,0.01,2608.58,,,0.02,35.4,0.03,30.31,0.01,0.01,2322.436385,1776193746000
1776193748.028,248.028,0.98,20.4,0.97,30.31,0.99,2443.58,,,0.01,2843.58,,,0.02,35.4,0.03,30.31,0.01,0.01,2322.436385,1776193746000
1776193748.688,248.688,0.98,20.4,0.97,30.31,0.99,2443.58,,,0.01,2443.58,,,0.02,20.4,0.03,30.31,0.01,0.01,2322.349481,1776193747000
1776193749.431,249.431,0.98,20.4,0.97,30.31,0.99,2138.22,,,0.01,2138.22,,,0.02,20.4,0.03,30.31,0.01,0.01,2322.343999,1776193748000
1776193749.775,249.775,0.98,20.4,0.97,30.31,0.99,2106.03,,,0.01,2138.22,,,0.02,20.4,0.03,30.31,0.01,0.01,2322.343999,1776193748000
1776193750.216,250.216,0.98,20.4,0.97,30.31,0.99,2106.03,,,0.01,2106.03,,,0.02,20.4,0.03,30.31,0.01,0.01,2322.308259,1776193749000
1776193750.967,250.967,0.98,13.14,0.97,30.31,0.99,1977.03,,,0.01,2106.03,,,0.02,20.4,0.03,30.31,0.01,0.01,2322.308259,1776193749000
1776193751.521,251.521,0.98,13.14,0.97,30.31,0.99,1966.92,,,0.01,1977.03,,,0.02,13.14,0.03,30.31,0.01,0.01,2322.308259,1776193749000
1776193751.956,251.956,0.98,13.14,0.97,30.31,0.99,1961.77,,,0.01,1966.92,,,0.02,13.14,0.03,30.31,0.01,0.01,2322.257406,1776193750000
1776193752.801,252.801,0.98,13.14,0.97,38.33,0.99,1936.56,,,0.01,1961.77,,,0.02,13.14,0.03,30.31,0.01,0.01,2322.257406,1776193750000
1776193753.318,253.318,0.98,13.14,0.97,38.33,0.99,1936.56,,,0.01,1936.56,,,0.02,13.14,0.03,38.33,0.01,0.01,2322.257237,1776193752000
1776193753.619,253.619,0.98,13.14,0.97,30.31,0.99,1837.56,,,0.01,1936.56,,,0.02,13.14,0.03,38.33,0.01,0.01,2322.257237,1776193752000
1776193754.053,254.053,0.97,23.45,0.96,214.12,0.99,1874.5,,,0.01,1879.56,,,0.03,28.47,0.04,120.02,0.02,0.02,2322.257237,1776193752000
1776193754.39,254.39,0.97,23.45,0.96,214.12,0.99,1874.5,,,0.01,1874.5,,,0.03,23.45,0.04,214.12,0.02,0.02,2322.257868,1776193753000
1776193754.978,254.978,0.97,23.45,0.96,214.12,0.99,1874.5,,,0.01,1874.5,,,0.03,23.45,0.04,214.12,0.02,0.02,2322.257868,1776193754000
1776193755.293,255.293,0.97,83.91,0.96,119.02,0.99,1791.26,,,0.01,1874.5,,,0.03,23.45,0.04,214.12,0.02,0.02,2322.257868,1776193754000
1776193756.041,256.041,0.97,83.91,0.96,119.02,0.99,1791.26,,,0.01,1791.26,,,0.03,83.91,0.04,119.02,0.02,0.02,2322.141837,1776193755000
1776193756.925,256.925,0.97,3.45,0.96,213.12,0.99,1861.26,,,0.01,1791.26,,,0.03,83.91,0.04,119.02,0.02,0.02,2322.141837,1776193755000
1776193757.818,257.818,0.98,101.32,0.97,10.0,0.99,1856.26,,,0.01,1861.26,,,0.03,3.45,0.04,213.12,0.01,0.02,2322.033333,1776193756000
1776193758.218,258.218,0.98,101.32,0.97,25.0,0.99,1846.26,,,0.01,1856.26,,,0.02,101.32,0.03,10.0,0.01,0.01,2322.033333,1776193756000
1776193758.566,258.566,0.98,0.32,0.97,20.0,0.99,1851.26,,,0.01,1846.26,,,0.02,101.32,0.03,25.0,0.01,0.01,2322.033333,1776193756000
1776193760.903,260.903,0.98,0.32,0.97,20.0,0.99,1851.26,,,0.01,1851.26,,,0.02,0.32,0.03,20.0,0.01,0.01,2322.024832,1776193757000
1776193761.606,261.606,0.98,0.32,0.97,20.0,0.99,1851.26,,,0.01,1851.26,,,0.02,0.32,0.03,20.0,0.01,0.01,2321.87652,1776193759000
1776193762.34,262.34,0.98,0.32,0.97,20.0,0.99,1851.26,,,0.01,1851.26,,,0.02,0.32,0.03,20.0,0.01,0.01,2321.792964,1776193761000
1776193763.332,263.332,0.98,0.32,0.97,20.0,0.99,1851.26,,,0.01,1851.26,,,0.02,0.32,0.03,20.0,0.01,0.01,2321.782055,1776193762000
1776193763.847,263.847,0.98,0.32,0.97,20.0,0.99,1851.26,,,0.01,1851.26,,,0.02,0.32,0.03,20.0,0.01,0.01,2321.780635,1776193763000
1776193764.396,264.396,0.98,15.79,0.97,20.0,0.99,1685.24,,,0.01,1851.26,,,0.02,0.32,0.03,20.0,0.01,0.01,2321.780635,1776193763000
1776193764.702,264.702,0.98,10.5,0.97,119.99,0.99,1641.24,,,0.01,1685.24,,,0.02,15.79,0.03,20.0,0.01,0.01,2321.780635,1776193763000
1776193764.942,264.942,0.98,10.5,0.97,119.99,0.99,1641.24,,,0.01,1641.24,,,0.02,10.5,0.03,119.99,0.01,0.01,2321.776646,1776193764000
1776193765.793,265.793,0.98,15.5,0.97,148.99,0.99,1608.8,,,0.01,1641.24,,,0.02,10.5,0.03,119.99,0.01,0.01,2321.776646,1776193764000
1776193766.189,266.189,0.98,15.5,0.97,163.99,0.99,1437.8,,,0.01,1608.8,,,0.02,15.5,0.03,148.99,0.01,0.01,2321.776646,1776193764000
1776193767.289,267.289,0.98,15.5,0.97,163.99,0.99,1437.8,,,0.01,1437.8,,,0.02,15.5,0.03,163.99,0.01,0.01,2321.777039,1776193766000
1776193767.871,267.871,0.98,130.7,0.97,186.99,0.99,1382.68,,,0.01,1437.8,,,0.02,15.5,0.03,163.99,0.01,0.01,2321.777039,1776193766000
1776193768.175,268.175,0.98,130.7,0.97,186.99,0.99,1345.04,,,0.01,1384.2,,,0.02,130.7,0.03,186.99,0.01,0.01,2321.777039,1776193766000
1776193768.499,268.499,0.98,130.7,0.97,186.99,0.99,1331.6,,,0.01,1334.93,,,0.02,130.7,0.03,186.99,0.01,0.01,2321.779811,1776193767000
1776193768.726,268.726,0.98,130.7,0.97,186.99,0.99,1339.58,,,0.01,1331.6,,,0.02,130.7,0.03,186.99,0.01,0.01,2321.779811,1776193767000
1776193769.227,269.227,0.98,181.54,0.97,202.99,0.99,820.98,,,0.01,1339.58,,,0.02,130.7,0.03,186.99,0.01,0.01,2321.779811,1776193767000
1776193769.427,269.427,0.98,181.54,0.97,202.99,0.99,820.98,,,0.01,820.98,,,0.02,181.54,0.03,202.99,0.01,0.01,2321.766368,1776193768000
1776193769.966,269.966,0.98,181.54,0.97,202.99,0.99,802.98,,,0.01,802.98,,,0.02,181.54,0.03,202.99,0.01,0.01,2321.765884,1776193769000
1776193770.435,270.435,0.98,174.12,0.97,224.99,0.99,786.98,,,0.01,802.98,,,0.02,181.54,0.03,202.99,0.01,0.01,2321.765884,1776193769000
1776193770.898,270.898,0.98,174.12,0.97,227.99,0.99,479.85,,,0.01,386.98,,,0.02,169.12,0.03,222.99,0.01,0.01,2321.765884,1776193769000
1776193771.306,271.306,0.98,123.12,0.97,227.99,0.99,484.85,,,0.01,479.85,,,0.02,174.12,0.03,227.99,0.01,0.01,2321.768559,1776193770000
1776193771.615,271.615,0.98,128.12,0.97,227.99,0.99,478.83,,,0.01,484.85,,,0.02,123.12,0.03,227.99,0.01,0.01,2321.768559,1776193770000
1776193771.82,271.82,0.98,123.12,0.97,222.99,0.99,843.68,,,0.01,478.83,,,0.02,128.12,0.03,227.99,0.01,0.01,2321.768559,1776193770000
1776193772.138,272.138,0.98,17.12,0.97,195.99,0.99,913.68,,,0.01,908.68,,,0.02,103.12,0.03,195.99,0.01,0.01,2321.768559,1776193770000
1776193772.416,272.416,0.98,22.31,0.97,190.99,0.99,777.55,,,0.01,903.57,,,0.02,7.12,0.03,195.99,0.01,0.01,2321.775554,1776193771000
1776193772.628,272.628,0.98,2.31,0.97,15.0,0.99,895.55,,,0.01,777.55,,,0.02,22.31,0.03,190.99,0.01,0.01,2321.775554,1776193771000
1776193772.829,272.829,0.97,10.0,0.96,187.3,0.98,12.96,0.99,1013.55,0.01,895.55,,,0.04,113.2,0.05,66.0,0.01,0.03,2321.775554,1776193771000
1776193773.095,273.095,0.97,195.48,0.96,193.3,0.99,979.6,,,0.01,980.62,,,0.03,45.0,0.04,167.3,0.02,0.02,2321.775554,1776193771000
1776193773.404,273.404,0.97,97.68,0.96,190.99,0.98,5.0,0.99,974.6,0.01,979.6,,,0.03,145.48,0.04,190.99,0.01,0.02,2321.763473,1776193772000
1776193773.709,273.709,0.97,112.68,0.96,195.99,0.98,2.12,0.99,974.6,0.02,5.0,0.01,974.6,0.03,97.68,0.04,190.99,0.01,0.01,2321.763473,1776193772000
1776193773.911,273.911,0.98,30.5,0.97,47.2,0.99,900.95,,,0.01,915.01,,,0.03,112.68,0.04,195.99,0.01,0.02,2321.763473,1776193772000
1776193774.212,274.212,0.98,45.5,0.97,37.2,0.99,905.42,,,0.01,903.97,,,0.02,40.5,0.03,47.2,0.01,0.01,2321.763473,1776193772000
1776193774.425,274.425,0.98,66.5,0.97,37.2,0.99,837.91,,,0.01,905.42,,,0.02,45.5,0.03,37.2,0.01,0.01,2321.5211,1776193773000
1776193774.675,274.675,0.98,83.7,0.97,20.0,0.99,830.18,,,0.01,832.86,,,0.02,66.5,0.03,37.2,0.01,0.01,2321.5211,1776193773000
1776193774.895,274.895,0.98,83.7,0.97,20.0,0.99,792.11,,,0.01,794.02,,,0.02,83.7,0.03,20.0,0.01,0.01,2321.5211,1776193773000
1776193775.186,275.186,0.98,88.7,0.97,20.0,0.99,379.72,,,0.01,749.84,,,0.02,88.7,0.03,20.0,0.01,0.01,2321.5211,1776193773000
1776193775.728,275.728,0.98,88.7,0.97,20.0,0.99,316.57,,,0.01,379.72,,,0.02,88.7,0.03,20.0,0.01,0.01,2321.245228,1776193774000
1776193776.147,276.147,0.98,88.7,0.97,47.0,0.99,314.66,,,0.01,316.57,,,0.02,88.7,0.03,20.0,0.01,0.01,2321.245228,1776193774000
1776193776.38,276.38,0.98,131.7,0.97,47.0,0.99,306.15,,,0.01,306.15,,,0.02,131.7,0.03,47.0,0.01,0.01,2321.237125,1776193775000
1776193776.813,276.813,0.98,136.7,0.97,260.49,0.99,136.6,,,0.01,306.15,,,0.02,131.7,0.03,47.0,0.01,0.01,2321.237125,1776193775000
1776193777.039,277.039,0.98,337.69,0.97,174.49,0.99,73.96,,,0.01,93.96,,,0.02,337.69,0.03,174.49,0.01,0.01,2321.237125,1776193775000
1776193777.273,277.273,0.98,337.69,0.97,174.49,,,,,0.01,28.86,,,0.02,332.69,0.03,174.49,,0.01,2321.237125,1776193775000
1776193777.628,277.628,0.99,458.8,0.98,332.69,,,,,,,,,0.02,337.69,0.03,174.49,,,2321.224241,1776193776000
1776193777.975,277.975,0.99,458.8,0.98,332.69,,,,,,,,,0.01,458.8,0.02,332.69,,,2321.230228,1776193777000
1776193778.575,278.575,0.99,475.43,0.98,337.69,,,,,,,,,0.01,458.8,0.02,332.69,,,2321.230228,1776193777000
1776193778.981,278.981,0.99,422.7,0.98,363.69,,,,,,,,,0.01,472.7,0.02,337.69,,,2321.230228,1776193777000
1776193779.358,279.358,0.99,462.8,0.98,309.69,,,,,,,,,0.01,422.7,0.02,363.69,,,2321.460948,1776193778000
1776193780.433,280.433,0.99,462.8,0.98,309.69,,,,,,,,,0.01,462.8,0.02,309.69,,,2321.588735,1776193779000
1776193780.933,280.933,0.99,395.8,0.98,324.69,,,,,,,,,0.01,462.8,0.02,309.69,,,2321.588735,1776193779000
1776193781.273,281.273,0.99,337.25,0.98,324.69,,,,,,,,,0.01,288.8,0.02,324.69,,,2321.648082,1776193780000
1776193782.176,282.176,0.99,333.42,0.98,324.69,,,,,,,,,0.01,333.42,0.02,324.69,,,2321.646837,1776193781000
1776193782.874,282.874,0.99,318.42,0.98,301.69,,,,,,,,,0.01,333.42,0.02,324.69,,,2321.646837,1776193781000
1776193783.479,283.479,0.99,293.34,0.98,301.69,,,,,,,,,0.01,298.42,0.02,301.69,,,2321.646837,1776193781000
1776193784.13,284.13,0.99,293.34,0.98,301.69,,,,,,,,,0.01,293.34,0.02,301.69,,,2321.620632,1776193783000
1776193785.233,285.233,0.99,293.34,0.98,301.69,,,,,,,,,0.01,293.34,0.02,301.69,,,2321.56967,1776193784000
1776193785.979,285.979,0.99,331.92,0.98,334.69,,,,,,,,,0.01,293.34,0.02,301.69,,,2321.56967,1776193784000
1776193786.358,286.358,0.99,326.92,0.98,334.69,,,,,,,,,0.01,326.92,0.02,334.69,,,2321.525465,1776193785000
1776193786.973,286.973,0.99,326.92,0.98,334.69,,,,,,,,,0.01,326.92,0.02,334.69,,,2321.516834,1776193786000
1776193787.272,287.272,0.99,216.92,0.98,295.69,,,,,,,,,0.01,236.92,0.02,314.69,,,2321.516834,1776193786000
1776193788.351,288.351,0.99,216.92,0.98,295.69,,,,,,,,,0.01,216.92,0.02,295.69,,,2321.514977,1776193787000
1776193789.335,289.335,0.99,216.92,0.98,295.69,,,,,,,,,0.01,216.92,0.02,295.69,,,2321.34853,1776193788000
1776193790.17,290.17,0.99,216.92,0.98,295.69,,,,,,,,,0.01,216.92,0.02,295.69,,,2321.287625,1776193789000
1776193791.134,291.134,0.99,216.92,0.98,295.69,,,,,,,,,0.01,216.92,0.02,295.69,,,2321.130619,1776193790000
1776193792.293,292.293,0.99,2821.93,0.98,234.75,,,,,,,,,0.01,2821.93,0.02,234.75,,,2321.122044,1776193791000
1776193793.609,293.609,0.99,2847.38,0.98,229.69,,,,,,,,,0.01,2847.38,0.02,229.69,,,2321.58565,1776193792000
1776193794.097,294.097,0.99,2847.38,0.98,229.69,,,,,,,,,0.01,2847.38,0.02,229.69,,,2321.53982,1776193793000
1776193795.832,295.832,0.99,2847.38,0.98,229.69,,,,,,,,,0.01,2847.38,0.02,229.69,,,2321.753275,1776193794000
1776193796.545,296.545,0.99,2847.38,0.98,229.69,,,,,,,,,0.01,2847.38,0.02,229.69,,,2321.795,1776193795000
1776193797.134,297.134,0.99,2847.38,0.98,229.69,,,,,,,,,0.01,2847.38,0.02,229.69,,,2322.091467,1776193796000
1776193798.195,298.195,0.99,2847.38,0.98,229.69,,,,,,,,,0.01,2847.38,0.02,229.69,,,2322.654057,1776193797000
1776193799.352,299.352,0.99,8368.68,0.98,228.7,,,,,,,,,0.01,8368.68,0.02,228.7,,,2322.896857,1776193798000
1776193799.865,299.865,0.99,8368.68,0.98,228.7,,,,,,,,,0.01,8368.68,0.02,228.7,,,2322.897306,1776193799000
1776193800.833,300.833,0.99,65929.7,0.98,248.7,,,,,,,,,0.01,59794.94,0.02,258.7,,,2322.897306,1776193799000
1776193801.114,301.114,0.99,65929.7,0.98,248.7,,,,,,,,,0.01,65929.7,0.02,248.7,,,2322.742985,1776193800000
1776193802.367,302.367,0.99,65929.7,0.98,248.7,,,,,,,,,0.01,65929.7,0.02,248.7,,,2322.703381,1776193801000

# RESULT,winner=Up,slug=eth-updown-5m-1776193500,ticks=636
