timestamp,elapsed_sec,up_bid_p1,up_bid_s1,up_bid_p2,up_bid_s2,up_ask_p1,up_ask_s1,up_ask_p2,up_ask_s2,down_bid_p1,down_bid_s1,down_bid_p2,down_bid_s2,down_ask_p1,down_ask_s1,down_ask_p2,down_ask_s2,up_spread,down_spread,eth_price,eth_oracle_ts
1776245401.593,1.593,0.52,38.0,0.51,88.45,0.54,82.0,0.57,13.0,0.46,152.0,0.43,13.0,0.48,30.0,0.49,88.45,0.02,0.02,2324.874295,1776244517000
1776245401.921,1.921,0.53,5.0,0.52,35.0,0.54,172.0,0.55,5.0,0.46,152.0,0.43,13.0,0.48,30.0,0.49,88.45,0.01,0.02,2324.874295,1776244517000
1776245402.229,2.229,0.52,30.91,0.51,93.45,0.54,172.0,0.55,5.0,0.46,172.0,0.45,5.0,0.47,5.0,0.48,35.0,0.02,0.01,2324.874295,1776244517000
1776245403.472,3.472,0.53,18.0,0.52,23.91,0.54,90.37,0.55,15.0,0.46,172.0,0.45,5.0,0.48,30.91,0.49,93.45,0.01,0.02,2324.874295,1776244517000
1776245404.273,4.273,0.53,12.8,0.52,31.91,0.54,64.13,0.55,20.0,0.46,54.13,0.45,15.0,0.47,18.0,0.48,23.91,0.01,0.01,2324.874295,1776244517000
1776245405.526,5.526,0.54,5.63,0.53,12.8,0.55,20.0,0.56,15.0,0.46,64.13,0.45,20.0,0.47,12.8,0.48,31.91,0.01,0.01,2324.874295,1776244517000
1776245405.778,5.778,0.52,8.91,0.51,6.45,0.55,60.0,0.56,76.0,0.45,20.0,0.44,15.0,0.46,5.63,0.47,12.8,0.03,0.01,2324.874295,1776244517000
1776245406.058,6.058,0.49,5.68,0.48,22.0,0.5,30.0,0.51,20.0,0.49,5.0,0.48,10.0,0.51,8.86,0.52,10.0,0.01,0.02,2324.874295,1776244517000
1776245406.429,6.429,0.48,22.0,0.47,18.0,0.49,10.0,0.5,25.0,0.5,30.0,0.49,20.0,0.51,5.68,0.52,22.0,0.01,0.01,2324.874295,1776244517000
1776245406.642,6.642,0.48,22.0,0.47,18.0,0.49,5.0,0.5,25.0,0.51,10.0,0.5,25.0,0.52,22.0,0.53,18.0,0.01,0.01,2324.874295,1776244517000
1776245406.928,6.928,0.48,27.0,0.47,18.0,0.49,3.88,0.5,25.0,0.5,25.0,0.49,25.0,0.52,22.0,0.53,18.0,0.01,0.02,2324.874295,1776244517000
1776245407.275,7.275,0.48,30.0,0.47,23.0,0.49,3.88,0.5,25.0,0.51,3.88,0.5,25.0,0.52,27.0,0.53,18.0,0.01,0.01,2324.874295,1776244517000
1776245407.5,7.5,0.48,23.26,0.47,23.0,0.5,23.88,0.51,25.0,0.51,3.88,0.5,25.0,0.52,18.26,0.53,23.0,0.02,0.01,2324.874295,1776244517000
1776245407.868,7.868,0.48,18.26,0.47,33.0,0.49,5.91,0.5,23.88,0.5,23.88,0.49,25.0,0.52,23.26,0.53,23.0,0.01,0.02,2324.874295,1776244517000
1776245408.502,8.502,0.48,5.77,0.47,33.0,0.49,5.91,0.5,23.88,0.51,5.91,0.5,23.88,0.52,18.26,0.53,33.0,0.01,0.01,2324.874295,1776244517000
1776245408.854,8.854,0.48,18.28,0.47,33.0,0.49,5.91,0.5,23.88,0.51,5.91,0.5,23.88,0.52,5.77,0.53,33.0,0.01,0.01,2324.874295,1776244517000
1776245409.544,9.544,0.48,16.35,0.47,28.0,0.49,10.91,0.5,23.88,0.51,5.91,0.5,23.88,0.52,18.28,0.53,33.0,0.01,0.01,2324.874295,1776244517000
1776245410.325,10.325,0.48,31.38,0.47,33.0,0.49,20.5,0.5,13.88,0.51,10.91,0.5,23.88,0.52,16.35,0.53,28.0,0.01,0.01,2324.874295,1776244517000
1776245410.532,10.532,0.49,139.5,0.48,31.38,0.5,8.88,0.51,20.0,0.51,15.5,0.5,13.88,0.52,36.38,0.53,33.0,0.01,0.01,2324.874295,1776244517000
1776245410.87,10.87,0.5,25.0,0.49,185.0,0.51,25.81,0.52,90.5,0.5,8.88,0.49,20.0,0.51,139.5,0.52,31.38,0.01,0.01,2324.874295,1776244517000
1776245411.102,11.102,0.5,25.0,0.49,185.0,0.51,20.31,0.52,90.5,0.49,25.81,0.48,90.5,0.5,25.0,0.51,185.0,0.01,0.01,2324.874295,1776244517000
1776245411.671,11.671,0.49,159.5,0.48,26.49,0.52,48.12,0.53,113.5,0.49,20.31,0.48,90.5,0.5,25.0,0.51,185.0,0.03,0.01,2324.874295,1776244517000
1776245412.724,12.724,0.5,15.0,0.49,30.0,0.51,10.0,0.52,48.12,0.48,48.12,0.47,113.5,0.51,159.5,0.52,26.49,0.01,0.03,2324.874295,1776244517000
1776245415.967,15.967,0.51,107.5,0.5,25.0,0.52,63.63,0.53,113.5,0.49,10.0,0.48,48.12,0.5,15.0,0.51,30.0,0.01,0.01,2324.874295,1776244517000
1776245418.471,18.471,0.5,23.0,0.49,50.5,0.51,10.0,0.52,55.12,0.48,63.63,0.47,113.5,0.49,107.5,0.5,25.0,0.01,0.01,2324.874295,1776244517000
1776245418.86,18.86,0.51,132.59,0.5,38.5,0.52,12.62,0.53,80.0,0.49,10.0,0.48,55.12,0.5,23.0,0.51,50.5,0.01,0.01,2324.874295,1776244517000
1776245419.437,19.437,0.52,58.61,0.51,142.59,0.53,55.47,0.54,35.0,0.47,65.47,0.46,50.99,0.48,39.0,0.49,142.59,0.01,0.01,2324.874295,1776244517000
1776245420.014,20.014,0.52,49.0,0.51,142.59,0.53,31.28,0.54,55.99,0.47,41.28,0.46,56.99,0.48,53.61,0.49,142.59,0.01,0.01,2324.874295,1776244517000
1776245420.784,20.784,0.52,49.0,0.51,142.59,0.53,26.28,0.54,56.99,0.47,31.28,0.46,55.99,0.48,49.0,0.49,142.59,0.01,0.01,2324.874295,1776244517000
1776245421.118,21.118,0.53,60.5,0.52,54.0,0.54,19.62,0.56,10.1,0.47,26.28,0.46,56.99,0.48,49.0,0.49,142.59,0.01,0.01,2324.874295,1776244517000
1776245421.427,21.427,0.53,65.5,0.52,54.0,0.54,14.52,0.56,10.1,0.46,9.62,0.44,10.1,0.47,60.5,0.48,54.0,0.01,0.01,2324.874295,1776244517000
1776245422.044,22.044,0.53,82.5,0.52,124.0,0.54,12.55,0.56,10.1,0.46,14.52,0.44,10.1,0.47,65.5,0.48,54.0,0.01,0.01,2324.874295,1776244517000
1776245423.007,23.007,0.6,16.0,0.59,25.5,0.61,27.51,0.64,18.89,0.41,5.0,0.4,31.0,0.47,90.5,0.48,132.0,0.01,0.06,2324.874295,1776244517000
1776245423.248,23.248,0.6,16.0,0.59,25.5,0.61,14.7,0.64,13.89,0.39,22.51,0.36,13.89,0.4,16.0,0.41,25.5,0.01,0.01,2324.874295,1776244517000
1776245423.67,23.67,0.63,4.87,0.62,10.0,0.64,10.16,0.65,5.0,0.36,5.16,0.34,6.0,0.37,10.0,0.4,16.0,0.01,0.01,2324.874295,1776244517000
1776245424.518,24.518,0.66,15.0,0.65,10.0,0.67,4.88,0.68,70.0,0.34,4.83,0.33,13.88,0.37,9.87,0.38,10.0,0.01,0.03,2324.874295,1776244517000
1776245425.232,25.232,0.66,15.0,0.65,15.0,0.67,3.1,0.68,70.0,0.33,4.88,0.32,70.0,0.34,15.0,0.35,10.0,0.01,0.01,2324.874295,1776244517000
1776245426.394,26.394,0.67,9.0,0.66,45.5,0.68,79.0,0.69,10.0,0.33,3.1,0.32,70.0,0.34,15.0,0.35,15.0,0.01,0.01,2324.874295,1776244517000
1776245428.114,28.114,0.67,24.0,0.66,45.5,0.7,79.0,0.71,10.0,0.32,79.0,0.31,10.0,0.33,9.0,0.34,40.5,0.03,0.01,2324.874295,1776244517000
1776245428.419,28.419,0.69,15.5,0.68,25.5,0.7,69.85,0.71,15.0,0.3,71.43,0.29,10.0,0.31,5.0,0.32,15.0,0.01,0.01,2324.874295,1776244517000
1776245428.878,28.878,0.69,20.5,0.68,25.5,0.7,64.8,0.71,20.0,0.3,69.85,0.29,15.0,0.31,15.5,0.32,25.5,0.01,0.01,2324.874295,1776244517000
1776245429.321,29.321,0.69,20.5,0.68,15.5,0.7,62.71,0.71,20.0,0.3,64.8,0.29,20.0,0.31,20.5,0.32,25.5,0.01,0.01,2324.874295,1776244517000
1776245429.788,29.788,0.64,10.5,0.61,11.0,0.68,82.5,0.69,37.5,0.3,62.71,0.29,20.0,0.31,20.5,0.32,15.5,0.04,0.01,2324.874295,1776244517000
1776245430.211,30.211,0.64,17.5,0.61,21.0,0.65,20.0,0.66,20.0,0.32,82.5,0.31,37.5,0.36,10.5,0.39,11.0,0.01,0.04,2324.874295,1776244517000
1776245430.662,30.662,0.64,17.5,0.61,29.0,0.65,49.46,0.66,20.0,0.35,20.0,0.34,20.0,0.36,17.5,0.39,21.0,0.01,0.01,2324.874295,1776244517000
1776245432.157,32.157,0.64,27.5,0.63,10.0,0.66,5.0,0.67,70.0,0.35,49.46,0.34,20.0,0.36,17.5,0.39,29.0,0.02,0.01,2324.874295,1776244517000
1776245432.36,32.36,0.65,25.5,0.64,42.5,0.66,8.48,0.67,70.0,0.34,5.0,0.33,70.0,0.36,27.5,0.37,10.0,0.01,0.02,2324.874295,1776244517000
1776245434.595,34.595,0.65,50.5,0.64,28.5,0.67,85.0,0.68,36.64,0.34,8.48,0.33,70.0,0.35,25.5,0.36,42.5,0.02,0.01,2324.874295,1776244517000
1776245439.291,39.291,0.64,12.5,0.63,25.0,0.65,6.0,0.66,51.0,0.33,85.0,0.32,36.64,0.35,50.5,0.36,28.5,0.01,0.02,2324.874295,1776244517000
1776245443.464,43.464,0.61,7.76,0.6,24.0,0.62,40.0,0.63,56.0,0.35,6.0,0.34,51.0,0.36,12.5,0.37,25.0,0.01,0.01,2324.874295,1776244517000
1776245443.922,43.922,0.6,13.87,0.59,18.0,0.61,75.5,0.62,88.65,0.38,40.0,0.37,56.0,0.39,7.76,0.4,24.0,0.01,0.01,2324.874295,1776244517000
1776245444.293,44.293,0.59,13.0,0.58,34.5,0.6,68.0,0.61,75.5,0.39,75.5,0.38,88.65,0.4,3.77,0.41,18.0,0.01,0.01,2324.874295,1776244517000
1776245445.255,45.255,0.59,26.39,0.58,44.5,0.6,73.0,0.61,70.5,0.4,73.0,0.39,70.5,0.41,13.0,0.42,34.5,0.01,0.01,2324.874295,1776244517000
1776245446.649,46.649,0.59,101.89,0.58,44.5,0.61,5.0,0.63,81.0,0.4,62.91,0.39,70.5,0.41,26.39,0.42,44.5,0.02,0.01,2324.874295,1776244517000
1776245447.975,47.975,0.63,45.0,0.62,40.5,0.64,35.93,0.65,54.14,0.39,5.0,0.37,81.0,0.41,101.89,0.42,44.5,0.01,0.02,2324.874295,1776244517000
1776245448.214,48.214,0.63,45.0,0.62,30.0,0.64,37.83,0.65,54.14,0.36,35.93,0.35,54.14,0.37,45.0,0.38,40.5,0.01,0.01,2324.874295,1776244517000
1776245454.264,54.264,0.63,30.0,0.62,30.5,0.64,41.26,0.65,76.56,0.36,37.83,0.35,54.14,0.37,45.0,0.38,30.0,0.01,0.01,2324.874295,1776244517000
1776245459.283,59.283,0.66,76.0,0.65,61.0,0.67,117.85,0.68,72.92,0.36,41.26,0.35,76.56,0.37,30.0,0.38,30.5,0.01,0.01,2324.874295,1776244517000
1776245459.734,59.734,0.66,9.0,0.65,5.0,0.67,127.85,0.68,72.92,0.33,117.85,0.32,72.92,0.34,76.0,0.35,61.0,0.01,0.01,2324.874295,1776244517000
1776245460.434,60.434,0.66,3.85,0.65,5.0,0.67,152.76,0.68,45.5,0.33,127.85,0.32,67.92,0.34,3.85,0.35,5.0,0.01,0.01,2324.874295,1776244517000
1776245461.028,61.028,0.66,16.9,0.65,30.5,0.67,132.26,0.68,45.5,0.33,152.76,0.32,45.5,0.34,3.85,0.35,5.0,0.01,0.01,2324.874295,1776244517000
1776245463.309,63.309,0.66,64.4,0.65,30.5,0.67,59.99,0.68,15.0,0.33,132.26,0.32,45.5,0.34,16.9,0.35,30.5,0.01,0.01,2324.874295,1776244517000
1776245463.691,63.691,0.66,54.69,0.65,30.5,0.67,25.0,0.69,187.92,0.33,59.99,0.32,15.0,0.34,64.4,0.35,30.5,0.01,0.01,2324.874295,1776244517000
1776245464.888,64.888,0.67,94.93,0.66,49.69,0.68,34.99,0.69,180.5,0.33,25.0,0.31,187.92,0.34,54.69,0.35,30.5,0.01,0.01,2324.874295,1776244517000
1776245468.178,68.178,0.68,181.5,0.67,83.43,0.69,10.0,0.72,28.99,0.32,34.99,0.31,180.5,0.33,94.93,0.34,49.69,0.01,0.01,2324.874295,1776244517000
1776245468.425,68.425,0.72,52.67,0.71,83.5,0.73,8.82,0.74,18.0,0.27,8.82,0.25,30.5,0.29,108.5,0.3,26.0,0.01,0.02,2324.874295,1776244517000
1776245470.164,70.164,0.72,102.67,0.71,89.5,0.74,18.0,0.75,10.0,0.27,8.82,0.26,18.0,0.28,52.67,0.29,83.5,0.02,0.01,2324.874295,1776244517000
1776245471.086,71.086,0.73,100.5,0.72,82.67,0.74,15.28,0.75,28.0,0.26,16.64,0.25,28.0,0.27,100.5,0.28,87.67,0.01,0.01,2324.874295,1776244517000
1776245471.464,71.464,0.73,85.0,0.72,82.67,0.74,11.59,0.75,43.0,0.26,13.92,0.25,53.5,0.27,90.0,0.28,82.67,0.01,0.01,2324.874295,1776244517000
1776245471.681,71.681,0.73,100.5,0.72,82.67,0.74,3.63,0.75,38.0,0.26,9.72,0.25,38.0,0.27,100.5,0.28,82.67,0.01,0.01,2324.874295,1776244517000
1776245472.571,72.571,0.73,125.5,0.72,67.67,0.74,14.09,0.75,38.0,0.26,3.63,0.25,38.0,0.27,100.5,0.28,82.67,0.01,0.01,2324.874295,1776244517000
1776245473.873,73.873,0.74,109.5,0.73,47.34,0.75,3.41,0.76,18.0,0.26,14.09,0.25,38.0,0.27,125.5,0.28,67.67,0.01,0.01,2324.874295,1776244517000
1776245474.115,74.115,0.75,92.1,0.74,48.5,0.77,17.41,0.78,5.0,0.24,8.51,0.22,5.0,0.25,42.1,0.26,58.5,0.02,0.01,2324.874295,1776244517000
1776245474.531,74.531,0.76,85.5,0.75,46.5,0.77,18.72,0.78,30.0,0.23,17.41,0.22,5.0,0.25,92.1,0.26,48.5,0.01,0.02,2324.874295,1776244517000
1776245475.424,75.424,0.76,80.5,0.75,46.5,0.77,0.57,0.78,30.0,0.23,18.72,0.22,30.0,0.24,85.5,0.25,46.5,0.01,0.01,2324.874295,1776244517000
1776245475.83,75.83,0.77,6.0,0.76,6.0,0.78,136.07,0.79,53.5,0.23,0.57,0.22,30.0,0.24,80.5,0.25,46.5,0.01,0.01,2324.874295,1776244517000
1776245477.05,77.05,0.75,24.83,0.74,13.0,0.76,102.46,0.77,118.5,0.24,30.5,0.23,100.5,0.25,4.83,0.26,13.0,0.01,0.01,2324.874295,1776244517000
1776245478.567,78.567,0.75,6.83,0.74,23.5,0.76,85.64,0.77,130.5,0.24,101.14,0.23,118.5,0.25,16.83,0.26,13.0,0.01,0.01,2324.874295,1776244517000
1776245480.063,80.063,0.74,45.33,0.73,15.5,0.75,72.14,0.76,38.07,0.24,85.64,0.23,130.5,0.26,20.33,0.27,10.5,0.01,0.02,2324.874295,1776244517000
1776245480.985,80.985,0.74,45.33,0.73,30.5,0.75,47.23,0.76,21.07,0.25,72.14,0.24,38.07,0.26,45.33,0.27,15.5,0.01,0.01,2324.874295,1776244517000
1776245482.673,82.673,0.74,20.88,0.73,30.5,0.75,78.23,0.76,31.57,0.25,47.23,0.24,21.07,0.26,45.33,0.27,30.5,0.01,0.01,2324.874295,1776244517000
1776245484.606,84.606,0.72,25.5,0.71,37.5,0.75,57.73,0.76,31.57,0.25,78.23,0.24,31.57,0.26,20.88,0.27,30.5,0.03,0.01,2324.874295,1776244517000
1776245485.566,85.566,0.73,46.29,0.72,36.5,0.74,151.0,0.75,115.5,0.25,57.73,0.24,31.57,0.28,25.5,0.29,37.5,0.01,0.03,2324.874295,1776244517000
1776245486.768,86.768,0.73,52.29,0.72,30.5,0.74,149.55,0.75,115.5,0.26,151.0,0.25,115.5,0.27,46.29,0.28,36.5,0.01,0.01,2324.874295,1776244517000
1776245488.247,88.247,0.74,8.0,0.73,117.79,0.75,5.0,0.77,20.3,0.26,149.55,0.25,115.5,0.27,52.29,0.28,30.5,0.01,0.01,2324.874295,1776244517000
1776245488.472,88.472,0.79,110.0,0.78,35.5,0.8,10.26,0.81,96.46,0.25,5.0,0.23,20.3,0.26,8.0,0.27,117.79,0.01,0.01,2324.874295,1776244517000
1776245488.799,88.799,0.78,20.0,0.77,14.0,0.8,48.81,0.81,111.46,0.2,19.26,0.19,101.46,0.21,95.0,0.22,40.0,0.02,0.01,2324.874295,1776244517000
1776245491.046,91.046,0.78,25.0,0.77,14.0,0.79,74.96,0.8,43.81,0.21,27.23,0.2,43.81,0.22,45.0,0.23,14.0,0.01,0.01,2324.874295,1776244517000
1776245494.157,94.157,0.78,26.0,0.77,24.0,0.79,60.6,0.8,41.81,0.21,74.96,0.2,43.81,0.22,25.0,0.23,14.0,0.01,0.01,2324.874295,1776244517000
1776245494.865,94.865,0.78,3.27,0.77,24.0,0.79,65.6,0.8,52.31,0.21,60.6,0.2,41.81,0.22,26.0,0.23,24.0,0.01,0.01,2324.874295,1776244517000
1776245496.389,96.389,0.77,64.0,0.76,45.5,0.78,27.46,0.79,131.3,0.21,65.6,0.2,52.31,0.22,3.27,0.23,24.0,0.01,0.01,2324.874295,1776244517000
1776245496.934,96.934,0.77,64.0,0.76,50.5,0.78,26.17,0.79,126.3,0.22,27.46,0.21,131.3,0.23,64.0,0.24,45.5,0.01,0.01,2324.874295,1776244517000
1776245498.576,98.576,0.68,15.5,0.67,21.0,0.7,53.0,0.71,61.5,0.22,26.17,0.21,126.3,0.23,64.0,0.24,50.5,0.02,0.01,2324.874295,1776244517000
1776245499.821,99.821,0.69,55.5,0.68,166.22,0.7,42.85,0.73,15.0,0.3,143.0,0.29,71.5,0.31,4.84,0.32,15.5,0.01,0.01,2324.874295,1776244517000
1776245500.399,100.399,0.69,283.49,0.68,81.18,0.73,10.14,0.75,17.0,0.3,42.85,0.27,15.0,0.31,55.5,0.32,166.22,0.04,0.01,2324.874295,1776244517000
1776245502.606,102.606,0.71,10.0,0.7,37.5,0.72,74.25,0.73,74.56,0.27,2.06,0.25,17.0,0.28,6.42,0.29,10.0,0.01,0.01,2324.874295,1776244517000
1776245503.966,103.966,0.71,10.0,0.7,37.5,0.72,77.76,0.73,64.56,0.28,74.25,0.27,74.56,0.29,10.0,0.3,37.5,0.01,0.01,2324.874295,1776244517000
1776245505.732,105.732,0.71,10.0,0.7,42.5,0.72,76.2,0.73,64.56,0.28,77.76,0.27,64.56,0.29,10.0,0.3,37.5,0.01,0.01,2324.874295,1776244517000
1776245506.344,106.344,0.7,25.0,0.69,31.5,0.72,71.2,0.73,64.56,0.28,76.2,0.27,64.56,0.29,10.0,0.3,42.5,0.02,0.01,2324.874295,1776244517000
1776245507.341,107.341,0.71,50.5,0.7,35.5,0.73,25.36,0.74,18.7,0.28,71.2,0.27,64.56,0.3,25.0,0.31,31.5,0.02,0.02,2324.874295,1776244517000
1776245507.717,107.717,0.72,25.0,0.71,40.5,0.73,62.64,0.74,34.2,0.27,25.36,0.26,18.7,0.29,50.5,0.3,35.5,0.01,0.02,2324.874295,1776244517000
1776245508.886,108.886,0.72,70.5,0.71,46.5,0.73,20.0,0.75,34.7,0.27,62.64,0.26,34.2,0.28,25.0,0.29,40.5,0.01,0.01,2324.874295,1776244517000
1776245509.545,109.545,0.74,20.0,0.73,25.0,0.75,68.35,0.76,69.2,0.25,34.7,0.24,69.2,0.28,70.5,0.29,46.5,0.01,0.03,2324.874295,1776244517000
1776245516.97,116.97,0.77,115.0,0.76,70.5,0.78,45.62,0.79,37.2,0.25,68.35,0.24,69.2,0.26,20.0,0.27,25.0,0.01,0.01,2324.874295,1776244517000
1776245520.156,120.156,0.75,58.04,0.74,40.5,0.76,25.0,0.77,5.0,0.22,45.62,0.21,37.2,0.23,115.0,0.24,70.5,0.01,0.01,2324.874295,1776244517000
1776245521.552,121.552,0.77,115.5,0.76,69.5,0.8,38.0,0.81,96.36,0.24,25.0,0.23,5.0,0.25,58.04,0.26,40.5,0.03,0.01,2324.874295,1776244517000
1776245522.726,122.726,0.78,22.5,0.77,85.5,0.8,42.14,0.81,96.36,0.2,38.0,0.19,96.36,0.23,115.5,0.24,69.5,0.02,0.03,2324.874295,1776244517000
1776245523.184,123.184,0.78,27.5,0.77,90.5,0.79,4.41,0.8,31.55,0.2,42.14,0.19,96.36,0.22,22.5,0.23,85.5,0.01,0.02,2324.874295,1776244517000
1776245524.463,124.463,0.78,22.5,0.77,90.5,0.8,28.84,0.81,46.36,0.21,4.41,0.2,31.55,0.22,27.5,0.23,90.5,0.02,0.01,2324.874295,1776244517000
1776245525.966,125.966,0.79,61.57,0.78,22.5,0.8,28.84,0.81,51.67,0.2,28.84,0.19,46.36,0.22,22.5,0.23,90.5,0.01,0.02,2324.874295,1776244517000
1776245526.554,126.554,0.79,61.57,0.78,28.5,0.8,13.75,0.81,43.46,0.2,28.84,0.19,51.67,0.21,61.57,0.22,22.5,0.01,0.01,2324.874295,1776244517000
1776245530.595,130.595,0.8,125.5,0.79,116.5,0.81,0.46,0.82,12.0,0.2,13.75,0.19,43.46,0.21,61.57,0.22,28.5,0.01,0.01,2324.874295,1776244517000
1776245530.832,130.832,0.89,45.0,0.88,25.5,0.9,13.89,0.91,287.0,0.1,13.99,0.09,287.0,0.11,35.0,0.12,25.5,0.01,0.01,2324.874295,1776244517000
1776245531.049,131.049,0.88,25.5,0.87,42.0,0.9,23.99,0.91,287.0,0.1,23.99,0.09,287.0,0.11,5.0,0.12,25.5,0.02,0.01,2324.874295,1776244517000
1776245531.928,131.928,0.89,10.0,0.88,30.5,0.9,166.24,0.91,271.0,0.1,23.99,0.09,287.0,0.12,25.5,0.13,42.0,0.01,0.02,2324.874295,1776244517000
1776245532.384,132.384,0.89,4.53,0.88,30.5,0.9,179.1,0.91,271.0,0.1,166.24,0.09,271.0,0.11,4.53,0.12,30.5,0.01,0.01,2324.874295,1776244517000
1776245533.151,133.151,0.87,35.5,0.86,91.0,0.9,193.0,0.91,259.0,0.1,179.1,0.09,271.0,0.11,4.53,0.12,30.5,0.03,0.01,2324.874295,1776244517000
1776245533.394,133.394,0.88,20.0,0.87,40.5,0.89,24.38,0.9,129.52,0.1,193.0,0.09,259.0,0.13,35.5,0.14,91.0,0.01,0.03,2324.874295,1776244517000
1776245534.358,134.358,0.87,40.5,0.86,99.0,0.89,28.36,0.9,136.52,0.11,24.38,0.1,129.52,0.12,20.0,0.13,40.5,0.02,0.01,2324.874295,1776244517000
1776245535.166,135.166,0.88,25.5,0.87,40.5,0.89,27.23,0.9,147.02,0.11,28.36,0.1,136.52,0.13,40.5,0.14,99.0,0.01,0.02,2324.874295,1776244517000
1776245537.687,137.687,0.88,22.16,0.87,40.5,0.89,70.35,0.9,73.12,0.11,27.23,0.1,147.02,0.12,6.66,0.13,40.5,0.01,0.01,2324.874295,1776244517000
1776245539.081,139.081,0.88,17.16,0.87,43.5,0.89,123.49,0.9,55.14,0.11,70.35,0.1,73.12,0.12,22.16,0.13,40.5,0.01,0.01,2324.874295,1776244517000
1776245540.203,140.203,0.88,86.16,0.87,43.5,0.89,118.29,0.9,55.12,0.11,123.49,0.1,55.14,0.12,17.16,0.13,43.5,0.01,0.01,2324.874295,1776244517000
1776245541.122,141.122,0.87,3.5,0.86,26.0,0.88,34.0,0.89,177.29,0.11,118.29,0.1,55.12,0.12,86.16,0.13,43.5,0.01,0.01,2324.874295,1776244517000
1776245541.372,141.372,0.87,19.0,0.86,26.0,0.88,23.0,0.89,177.29,0.12,34.0,0.11,177.29,0.13,3.5,0.14,26.0,0.01,0.01,2324.874295,1776244517000
1776245542.204,142.204,0.86,13.0,0.85,15.0,0.88,53.62,0.89,198.67,0.12,23.0,0.11,177.29,0.13,19.0,0.14,26.0,0.02,0.01,2324.874295,1776244517000
1776245543.038,143.038,0.86,4.42,0.85,25.5,0.88,140.12,0.89,145.67,0.12,53.62,0.11,198.67,0.14,13.0,0.15,15.0,0.02,0.02,2324.874295,1776244517000
1776245545.022,145.022,0.81,1.16,0.8,10.5,0.82,26.0,0.83,10.0,0.12,140.12,0.11,145.67,0.15,12.95,0.16,48.0,0.01,0.03,2324.874295,1776244517000
1776245547.913,147.913,0.8,60.5,0.79,72.58,0.82,41.0,0.84,11.0,0.18,26.0,0.17,10.0,0.19,1.16,0.2,10.5,0.02,0.01,2324.874295,1776244517000
1776245548.444,148.444,0.81,55.5,0.8,30.5,0.83,12.0,0.84,25.0,0.18,41.0,0.16,11.0,0.2,60.5,0.21,72.58,0.02,0.02,2324.874295,1776244517000
1776245549.456,149.456,0.82,56.99,0.81,30.5,0.83,15.61,0.84,5.0,0.17,12.0,0.16,25.0,0.19,55.5,0.2,30.5,0.01,0.02,2324.874295,1776244517000
1776245549.711,149.711,0.82,56.99,0.81,30.5,0.83,3.61,0.84,27.5,0.17,15.61,0.16,5.0,0.18,56.99,0.19,30.5,0.01,0.01,2324.874295,1776244517000
1776245550.941,150.941,0.82,51.99,0.81,20.0,0.83,78.59,0.84,27.5,0.17,3.61,0.16,27.5,0.18,56.99,0.19,30.5,0.01,0.01,2324.874295,1776244517000
1776245551.222,151.222,0.82,51.99,0.81,20.0,0.83,70.83,0.84,10.5,0.17,78.59,0.16,27.5,0.18,51.99,0.19,20.0,0.01,0.01,2324.874295,1776244517000
1776245553.895,153.895,0.82,34.99,0.81,37.5,0.83,39.83,0.84,22.5,0.17,68.83,0.16,27.5,0.18,51.99,0.19,20.0,0.01,0.01,2324.874295,1776244517000
1776245554.595,154.595,0.82,65.71,0.81,27.0,0.83,33.62,0.84,22.5,0.17,39.83,0.16,22.5,0.18,34.99,0.19,37.5,0.01,0.01,2324.874295,1776244517000
1776245554.915,154.915,0.82,70.71,0.81,27.0,0.83,23.49,0.84,22.5,0.17,33.62,0.16,22.5,0.18,65.71,0.19,27.0,0.01,0.01,2324.874295,1776244517000
1776245555.169,155.169,0.82,79.71,0.81,33.0,0.83,8.39,0.84,22.5,0.17,23.49,0.16,22.5,0.18,70.71,0.19,27.0,0.01,0.01,2324.874295,1776244517000
1776245556.245,156.245,0.82,79.71,0.81,43.5,0.83,7.18,0.84,22.5,0.17,8.39,0.16,22.5,0.18,79.71,0.19,33.0,0.01,0.01,2324.874295,1776244517000
1776245556.666,156.666,0.82,85.79,0.81,43.5,0.83,2.65,0.84,22.5,0.17,5.85,0.16,22.5,0.18,90.79,0.19,43.5,0.01,0.01,2324.874295,1776244517000
1776245556.936,156.936,0.82,95.8,0.81,43.5,0.83,1.44,0.84,22.5,0.17,2.65,0.16,22.5,0.18,85.79,0.19,43.5,0.01,0.01,2324.874295,1776244517000
1776245557.769,157.769,0.82,45.09,0.81,27.0,0.83,24.39,0.84,27.5,0.17,1.44,0.16,22.5,0.18,95.8,0.19,43.5,0.01,0.01,2324.874295,1776244517000
1776245560.977,160.977,0.82,101.0,0.81,26.59,0.83,5.0,0.84,10.5,0.17,24.39,0.16,27.5,0.19,23.09,0.2,20.0,0.01,0.02,2324.874295,1776244517000
1776245561.18,161.18,0.82,56.0,0.81,26.59,0.83,3.79,0.84,10.5,0.17,5.0,0.16,10.5,0.18,101.0,0.19,26.59,0.01,0.01,2324.874295,1776244517000
1776245561.517,161.517,0.82,51.0,0.81,16.09,0.83,8.29,0.84,10.5,0.17,3.79,0.16,10.5,0.18,56.0,0.19,26.59,0.01,0.01,2324.874295,1776244517000
1776245562.753,162.753,0.8,7.0,0.79,5.0,0.81,11.0,0.82,80.5,0.17,8.29,0.16,10.5,0.18,51.0,0.19,16.09,0.01,0.01,2324.874295,1776244517000
1776245563.077,163.077,0.78,6.0,0.77,30.5,0.8,75.5,0.81,61.5,0.19,11.0,0.18,75.5,0.22,15.0,0.23,15.0,0.02,0.03,2324.874295,1776244517000
1776245563.415,163.415,0.79,16.0,0.78,6.0,0.8,70.5,0.81,61.5,0.2,75.5,0.19,61.5,0.22,6.0,0.23,30.5,0.01,0.02,2324.874295,1776244517000
1776245564.823,164.823,0.79,11.0,0.78,37.95,0.8,60.5,0.81,56.5,0.2,70.5,0.19,61.5,0.21,16.0,0.22,6.0,0.01,0.01,2324.874295,1776244517000
1776245565.365,165.365,0.79,6.38,0.78,43.95,0.8,55.5,0.81,51.5,0.2,65.5,0.19,56.5,0.21,1.38,0.22,37.95,0.01,0.01,2324.874295,1776244517000
1776245568.495,168.495,0.79,32.88,0.78,21.5,0.8,15.0,0.81,10.0,0.2,55.5,0.19,51.5,0.21,6.38,0.22,43.95,0.01,0.01,2324.874295,1776244517000
1776245568.868,168.868,0.82,82.0,0.81,36.0,0.83,7.29,0.84,15.5,0.19,10.0,0.18,32.5,0.21,32.88,0.22,21.5,0.01,0.02,2324.874295,1776244517000
1776245569.517,169.517,0.86,129.0,0.85,10.0,0.87,34.75,0.88,70.5,0.16,3.79,0.15,33.5,0.18,107.0,0.19,36.0,0.01,0.02,2324.874295,1776244517000
1776245570.366,170.366,0.86,144.0,0.85,25.5,0.87,42.97,0.88,75.5,0.13,34.75,0.12,70.5,0.14,129.0,0.15,10.0,0.01,0.01,2324.874295,1776244517000
1776245570.834,170.834,0.86,144.0,0.85,25.5,0.87,40.97,0.88,75.5,0.13,42.97,0.12,75.5,0.14,144.0,0.15,25.5,0.01,0.01,2324.874295,1776244517000
1776245571.669,171.669,0.86,149.0,0.85,25.5,0.87,38.21,0.88,75.5,0.13,40.97,0.12,75.5,0.14,144.0,0.15,25.5,0.01,0.01,2324.874295,1776244517000
1776245572.458,172.458,0.86,173.5,0.85,25.5,0.87,48.13,0.88,59.0,0.13,31.13,0.12,70.5,0.14,149.0,0.15,25.5,0.01,0.01,2324.874295,1776244517000
1776245573.74,173.74,0.86,147.78,0.85,25.5,0.87,20.63,0.88,59.0,0.13,48.13,0.12,59.0,0.14,173.5,0.15,25.5,0.01,0.01,2324.874295,1776244517000
1776245574.817,174.817,0.86,134.78,0.85,32.5,0.87,20.63,0.88,64.0,0.13,20.63,0.12,59.0,0.14,147.78,0.15,25.5,0.01,0.01,2324.874295,1776244517000
1776245575.666,175.666,0.86,139.78,0.85,32.5,0.87,20.63,0.88,55.5,0.13,20.63,0.12,64.0,0.14,134.78,0.15,32.5,0.01,0.01,2324.874295,1776244517000
1776245577.223,177.223,0.86,129.78,0.85,32.5,0.88,51.16,0.89,55.49,0.13,20.63,0.12,55.5,0.14,139.78,0.15,32.5,0.02,0.01,2324.874295,1776244517000
1776245581.432,181.432,0.87,174.5,0.86,43.78,0.88,43.89,0.89,44.99,0.12,51.16,0.11,55.49,0.14,129.78,0.15,32.5,0.01,0.02,2324.874295,1776244517000
1776245582.568,182.568,0.87,192.5,0.86,155.78,0.88,0.89,0.89,44.99,0.12,43.89,0.11,44.99,0.13,174.5,0.14,43.78,0.01,0.01,2324.874295,1776244517000
1776245582.809,182.809,0.88,299.54,0.87,98.5,0.89,16.75,0.93,10.0,0.11,26.75,0.07,5.0,0.12,275.54,0.13,98.5,0.01,0.01,2324.874295,1776244517000
1776245583.02,183.02,0.88,307.7,0.87,282.68,0.89,16.75,0.91,40.0,0.11,16.75,0.07,10.0,0.12,299.54,0.13,98.5,0.01,0.01,2324.874295,1776244517000
1776245583.226,183.226,0.89,14.31,0.88,317.7,0.94,35.09,0.95,31.0,0.11,11.69,0.06,30.09,0.12,322.7,0.13,314.48,0.05,0.01,2324.874295,1776244517000
1776245583.507,183.507,0.93,116.0,0.92,45.5,0.95,18.2,0.96,186.0,0.06,35.09,0.05,31.0,0.11,14.31,0.12,317.7,0.02,0.05,2324.874295,1776244517000
1776245584.364,184.364,0.94,233.0,0.93,161.0,0.95,5.63,0.96,181.0,0.05,10.9,0.04,186.0,0.07,116.0,0.08,45.5,0.01,0.02,2324.874295,1776244517000
1776245584.663,184.663,0.94,203.0,0.93,161.0,0.95,5.63,0.96,181.0,0.05,5.63,0.04,181.0,0.06,233.0,0.07,161.0,0.01,0.01,2324.874295,1776244517000
1776245585.41,185.41,0.94,172.33,0.93,132.0,0.95,5.63,0.96,181.0,0.05,5.63,0.04,181.0,0.06,203.0,0.07,161.0,0.01,0.01,2324.874295,1776244517000
1776245586.476,186.476,0.94,172.33,0.93,132.0,0.95,7.81,0.96,201.4,0.04,176.15,0.03,534.7,0.06,177.33,0.07,132.0,0.01,0.02,2324.874295,1776244517000
1776245586.883,186.883,0.94,169.33,0.93,146.0,0.96,183.36,0.97,434.7,0.05,7.81,0.04,201.4,0.06,169.33,0.07,146.0,0.02,0.01,2324.874295,1776244517000
1776245587.664,187.664,0.95,150.1,0.94,138.0,0.96,2.11,0.97,442.0,0.04,183.36,0.03,434.7,0.06,169.33,0.07,146.0,0.01,0.02,2324.874295,1776244517000
1776245588.574,188.574,0.95,209.1,0.94,165.0,0.96,133.84,0.97,472.64,0.03,438.98,0.02,797.9,0.05,150.1,0.06,138.0,0.01,0.02,2324.874295,1776244517000
1776245589.137,189.137,0.95,187.1,0.94,138.0,0.96,15.25,0.97,506.64,0.04,133.84,0.03,472.64,0.05,209.1,0.06,165.0,0.01,0.01,2324.874295,1776244517000
1776245590.679,190.679,0.95,219.1,0.94,138.0,0.96,9.25,0.97,477.64,0.04,15.25,0.03,506.64,0.05,187.1,0.06,138.0,0.01,0.01,2324.874295,1776244517000
1776245592.492,192.492,0.95,258.1,0.94,150.5,0.96,4.04,0.97,341.64,0.04,9.25,0.03,477.64,0.05,219.1,0.06,138.0,0.01,0.01,2324.874295,1776244517000
1776245592.801,192.801,0.95,258.1,0.94,150.5,0.96,150.04,0.97,542.64,0.04,4.04,0.03,341.64,0.05,258.1,0.06,150.5,0.01,0.01,2324.874295,1776244517000
1776245595.369,195.369,0.95,273.1,0.94,140.0,0.96,5.94,0.97,336.64,0.04,150.04,0.03,542.64,0.05,258.1,0.06,150.5,0.01,0.01,2324.874295,1776244517000
1776245595.664,195.664,0.95,273.1,0.94,145.0,0.97,333.05,0.98,1048.9,0.04,5.94,0.03,336.64,0.05,273.1,0.06,140.0,0.02,0.01,2324.874295,1776244517000
1776245596.362,196.362,0.95,273.1,0.94,155.5,0.96,121.55,0.97,333.05,0.03,333.05,0.02,1048.9,0.05,273.1,0.06,145.0,0.01,0.02,2324.874295,1776244517000
1776245598.841,198.841,0.95,224.1,0.94,219.3,0.96,85.0,0.97,509.05,0.04,121.55,0.03,333.05,0.05,273.1,0.06,155.5,0.01,0.01,2324.874295,1776244517000
1776245600.785,200.785,0.96,13.41,0.95,90.5,0.97,293.39,0.98,650.9,0.04,85.0,0.03,509.05,0.05,224.1,0.06,219.3,0.01,0.01,2324.874295,1776244517000
1776245601.338,201.338,0.96,40.41,0.95,90.5,0.97,273.39,0.98,502.9,0.03,293.39,0.02,650.9,0.04,18.41,0.05,90.5,0.01,0.01,2324.874295,1776244517000
1776245601.741,201.741,0.96,0.41,0.95,190.5,0.97,307.05,0.98,497.9,0.03,273.39,0.02,502.9,0.04,40.41,0.05,90.5,0.01,0.01,2324.874295,1776244517000
1776245602.648,202.648,0.96,51.32,0.95,215.5,0.97,307.05,0.98,497.9,0.03,307.05,0.02,497.9,0.04,0.41,0.05,190.5,0.01,0.01,2324.874295,1776244517000
1776245603.112,203.112,0.96,78.32,0.95,220.5,0.97,267.39,0.98,314.2,0.03,307.05,0.02,497.9,0.04,51.32,0.05,215.5,0.01,0.01,2324.874295,1776244517000
1776245603.915,203.915,0.96,83.32,0.95,215.5,0.97,199.01,0.98,314.2,0.03,166.39,0.02,314.2,0.04,78.32,0.05,215.5,0.01,0.01,2324.874295,1776244517000
1776245604.296,204.296,0.96,271.2,0.95,192.5,0.97,193.85,0.98,580.2,0.03,199.01,0.02,314.2,0.04,83.32,0.05,215.5,0.01,0.01,2324.874295,1776244517000
1776245605.099,205.099,0.96,380.08,0.95,268.3,0.97,922.85,0.98,580.2,0.03,193.85,0.02,580.2,0.04,271.2,0.05,192.5,0.01,0.01,2324.874295,1776244517000
1776245605.455,205.455,0.96,232.57,0.95,143.3,0.97,158.81,0.98,580.2,0.03,250.85,0.02,580.2,0.04,232.57,0.05,143.3,0.01,0.01,2324.874295,1776244517000
1776245606.083,206.083,0.96,239.08,0.95,143.3,0.97,186.77,0.98,580.2,0.03,158.81,0.02,580.2,0.04,232.57,0.05,143.3,0.01,0.01,2324.874295,1776244517000
1776245608.715,208.715,0.96,221.08,0.95,143.3,0.97,337.77,0.98,580.2,0.03,186.77,0.02,580.2,0.04,239.08,0.05,143.3,0.01,0.01,2324.874295,1776244517000
1776245611.14,211.14,0.96,28.0,0.95,116.3,0.97,277.31,0.98,591.2,0.03,337.77,0.02,580.2,0.04,221.08,0.05,143.3,0.01,0.01,2324.874295,1776244517000
1776245612.583,212.583,0.96,22.0,0.95,40.5,0.98,685.21,0.99,2387.6,0.03,277.31,0.02,591.2,0.04,28.0,0.05,116.3,0.02,0.01,2324.874295,1776244517000
1776245613.643,213.643,0.94,49.5,0.93,30.5,0.97,323.7,0.98,801.21,0.02,685.21,0.01,2387.6,0.04,22.0,0.05,40.5,0.03,0.02,2324.874295,1776244517000
1776245614.121,214.121,0.95,128.5,0.94,238.5,0.98,599.21,0.99,2176.6,0.03,318.7,0.02,801.21,0.06,29.5,0.07,30.5,0.03,0.03,2324.874295,1776244517000
1776245614.496,214.496,0.96,49.0,0.95,270.5,0.97,6.93,0.98,599.21,0.02,599.21,0.01,2176.6,0.05,128.5,0.06,238.5,0.01,0.03,2324.874295,1776244517000
1776245615.178,215.178,0.96,14.5,0.95,270.5,0.97,6.93,0.98,415.51,0.03,6.93,0.02,599.21,0.04,49.0,0.05,270.5,0.01,0.01,2324.874295,1776244517000
1776245615.829,215.829,0.96,38.5,0.95,336.3,0.97,4.86,0.98,415.51,0.03,6.93,0.02,415.51,0.04,14.5,0.05,270.5,0.01,0.01,2324.874295,1776244517000
1776245617.481,217.481,0.96,34.0,0.95,346.3,0.97,2.79,0.98,721.51,0.03,4.86,0.02,415.51,0.04,38.5,0.05,336.3,0.01,0.01,2324.874295,1776244517000
1776245619.168,219.168,0.96,235.68,0.95,336.3,0.97,0.72,0.98,572.51,0.03,2.79,0.02,721.51,0.04,34.0,0.05,346.3,0.01,0.01,2324.874295,1776244517000
1776245620.292,220.292,0.97,285.7,0.96,448.2,0.98,281.51,0.99,2949.59,0.03,0.72,0.02,572.51,0.04,235.68,0.05,336.3,0.01,0.01,2324.874295,1776244517000
1776245620.494,220.494,0.97,289.41,0.96,448.2,0.98,287.51,0.99,2949.59,0.02,281.51,0.01,2949.59,0.03,285.7,0.04,448.2,0.01,0.01,2324.874295,1776244517000
1776245621.518,221.518,0.97,289.41,0.96,448.2,0.98,285.46,0.99,2949.59,0.02,287.51,0.01,2949.59,0.03,289.41,0.04,448.2,0.01,0.01,2324.874295,1776244517000
1776245622.002,222.002,0.97,289.41,0.96,448.2,0.98,168.15,0.99,2949.59,0.02,285.46,0.01,2949.59,0.03,289.41,0.04,448.2,0.01,0.01,2324.874295,1776244517000
1776245622.56,222.56,0.97,289.41,0.96,448.2,0.98,166.09,0.99,2585.99,0.02,172.12,0.01,3249.59,0.03,294.41,0.04,448.2,0.01,0.01,2324.874295,1776244517000
1776245623.838,223.838,0.97,290.09,0.96,443.2,0.98,96.16,0.99,2428.0,0.02,152.16,0.01,2004.0,0.03,279.78,0.04,448.2,0.01,0.01,2324.874295,1776244517000
1776245625.344,225.344,0.97,290.09,0.96,443.2,0.98,91.05,0.99,2629.0,0.02,96.16,0.01,2428.0,0.03,290.09,0.04,443.2,0.01,0.01,2324.874295,1776244517000
1776245625.916,225.916,0.97,295.09,0.96,443.2,0.98,70.62,0.99,2529.0,0.02,80.83,0.01,2629.0,0.03,300.09,0.04,443.2,0.01,0.01,2324.874295,1776244517000
1776245628.252,228.252,0.97,450.39,0.96,695.19,0.98,69.08,0.99,3135.0,0.02,70.62,0.01,2529.0,0.03,295.09,0.04,443.2,0.01,0.01,2324.874295,1776244517000
1776245629.714,229.714,0.98,663.78,0.97,345.09,0.99,3030.0,,,0.02,69.08,0.01,3135.0,0.03,450.39,0.04,695.19,0.01,0.01,2324.874295,1776244517000
1776245630.119,230.119,0.98,900.78,0.97,541.09,0.99,2032.0,,,0.01,3030.0,,,0.02,663.78,0.03,345.09,0.01,0.01,2324.874295,1776244517000
1776245632.184,232.184,0.99,364.34,0.98,1077.48,,,,,,,,,0.01,493.0,0.02,1084.48,,,2324.874295,1776244517000
1776245632.654,232.654,0.99,369.23,0.98,1077.48,,,,,,,,,0.01,364.34,0.02,1077.48,,,2324.874295,1776244517000
1776245633.293,233.293,0.99,249.23,0.98,967.48,,,,,,,,,0.01,269.23,0.02,1077.48,,,2324.874295,1776244517000
1776245635.313,235.313,0.99,225.28,0.98,967.48,,,,,,,,,0.01,249.23,0.02,967.48,,,2324.874295,1776244517000
1776245637.081,237.081,0.99,29.28,0.98,967.48,,,,,,,,,0.01,225.28,0.02,967.48,,,2324.874295,1776244517000
1776245639.079,239.079,0.98,862.48,0.97,635.99,0.99,270.72,,,,,,,0.01,29.28,0.02,967.48,0.01,,2324.874295,1776244517000
1776245639.407,239.407,0.98,867.48,0.97,654.99,0.99,174.25,,,0.01,270.72,,,0.02,862.48,0.03,635.99,0.01,0.01,2324.874295,1776244517000
1776245639.712,239.712,0.99,26.75,0.98,872.48,,,,,0.01,123.25,,,0.02,862.48,0.03,654.99,,0.01,2324.874295,1776244517000
1776245641.457,241.457,0.98,862.48,0.97,300.2,0.99,81.83,,,,,,,0.01,26.75,0.02,872.48,0.01,,2324.874295,1776244517000
1776245641.721,241.721,0.98,653.78,0.97,444.01,0.99,438.0,,,0.01,304.0,,,0.02,857.48,0.03,444.01,0.01,0.01,2324.874295,1776244517000
1776245642.138,242.138,0.98,638.78,0.97,449.01,0.99,271.51,,,0.01,395.0,,,0.02,633.78,0.03,444.01,0.01,0.01,2324.874295,1776244517000
1776245642.975,242.975,0.98,827.48,0.97,449.01,0.99,271.48,,,0.01,271.51,,,0.02,638.78,0.03,449.01,0.01,0.01,2324.874295,1776244517000
1776245644.082,244.082,0.98,638.78,0.97,145.31,0.99,768.34,,,0.01,251.27,,,0.02,822.48,0.03,449.01,0.01,0.01,2324.874295,1776244517000
1776245645.143,245.143,0.98,613.78,0.97,136.31,0.99,773.34,,,0.01,768.34,,,0.02,638.78,0.03,145.31,0.01,0.01,2324.874295,1776244517000
1776245646.068,246.068,0.98,540.78,0.97,141.31,0.99,762.28,,,0.01,767.28,,,0.02,585.78,0.03,136.31,0.01,0.01,2324.874295,1776244517000
1776245646.503,246.503,0.98,540.78,0.97,141.31,0.99,747.08,,,0.01,762.28,,,0.02,540.78,0.03,141.31,0.01,0.01,2324.874295,1776244517000
1776245648.6,248.6,0.98,540.78,0.97,131.0,0.99,51.08,,,0.01,747.08,,,0.02,540.78,0.03,141.31,0.01,0.01,2324.874295,1776244517000
1776245648.873,248.873,0.98,540.78,0.97,131.0,0.99,154.08,,,0.01,51.08,,,0.02,540.78,0.03,131.0,0.01,0.01,2324.874295,1776244517000
1776245649.977,249.977,0.98,445.34,0.97,309.0,0.99,181.34,,,0.01,154.08,,,0.02,540.78,0.03,131.0,0.01,0.01,2324.874295,1776244517000
1776245651.875,251.875,0.97,304.0,0.96,10.0,0.99,478.34,,,0.01,181.34,,,0.02,445.34,0.03,309.0,0.02,0.01,2324.874295,1776244517000
1776245654.068,254.068,0.97,95.19,0.96,215.0,0.99,681.26,,,0.01,478.34,,,0.03,304.0,0.04,10.0,0.02,0.02,2324.874295,1776244517000
1776245654.279,254.279,0.97,94.94,0.96,215.0,0.98,5.0,0.99,644.0,0.01,681.26,,,0.03,95.19,0.04,215.0,0.01,0.02,2324.874295,1776244517000
1776245654.68,254.68,0.97,94.94,0.96,220.0,0.98,310.21,0.99,464.0,0.02,5.0,0.01,644.0,0.03,94.94,0.04,215.0,0.01,0.01,2324.874295,1776244517000
1776245656.236,256.236,0.97,72.2,0.96,220.0,0.98,312.26,0.99,298.0,0.02,310.21,0.01,464.0,0.03,94.94,0.04,220.0,0.01,0.01,2324.874295,1776244517000
1776245656.905,256.905,0.97,72.2,0.96,220.0,0.98,287.05,0.99,228.0,0.02,312.26,0.01,298.0,0.03,72.2,0.04,220.0,0.01,0.01,2324.874295,1776244517000
1776245657.397,257.397,0.97,72.2,0.96,220.0,0.98,334.01,0.99,147.0,0.02,287.05,0.01,228.0,0.03,72.2,0.04,220.0,0.01,0.01,2324.874295,1776244517000
1776245657.621,257.621,0.97,68.03,0.96,220.0,0.98,339.01,0.99,147.0,0.02,334.01,0.01,147.0,0.03,72.2,0.04,220.0,0.01,0.01,2324.874295,1776244517000
1776245657.822,257.822,0.97,68.03,0.96,220.0,0.98,323.7,0.99,147.0,0.02,339.01,0.01,147.0,0.03,68.03,0.04,220.0,0.01,0.01,2324.874295,1776244517000
1776245658.729,258.729,0.97,68.03,0.96,220.0,0.98,256.52,0.99,47.0,0.02,323.7,0.01,147.0,0.03,68.03,0.04,220.0,0.01,0.01,2324.874295,1776244517000
1776245659.171,259.171,0.97,78.03,0.96,210.0,0.98,244.46,0.99,47.0,0.02,250.49,0.01,47.0,0.03,68.03,0.04,220.0,0.01,0.01,2324.874295,1776244517000
1776245659.479,259.479,0.97,78.03,0.96,210.0,0.98,239.46,0.99,47.0,0.02,244.46,0.01,47.0,0.03,78.03,0.04,210.0,0.01,0.01,2324.874295,1776244517000
1776245664.417,264.417,0.97,278.03,0.96,108.7,0.98,213.63,0.99,77.0,0.02,233.43,0.01,47.0,0.03,78.03,0.04,210.0,0.01,0.01,2324.874295,1776244517000
1776245664.666,264.666,0.97,283.03,0.96,108.7,0.98,32.6,0.99,77.0,0.02,213.63,0.01,77.0,0.03,278.03,0.04,108.7,0.01,0.01,2324.874295,1776244517000
1776245666.694,266.694,0.97,400.73,0.96,113.7,0.98,13.6,0.99,110.0,0.02,32.6,0.01,77.0,0.03,283.03,0.04,108.7,0.01,0.01,2324.874295,1776244517000
1776245669.147,269.147,0.97,11.03,0.96,25.0,0.98,13.6,0.99,133.0,0.02,13.6,0.01,110.0,0.03,400.73,0.04,113.7,0.01,0.01,2324.874295,1776244517000
1776245670.005,270.005,0.97,16.03,0.96,30.0,0.98,11.6,0.99,108.0,0.02,13.6,0.01,133.0,0.03,11.03,0.04,25.0,0.01,0.01,2324.874295,1776244517000
1776245670.268,270.268,0.95,21.0,0.94,15.0,0.98,21.6,0.99,308.0,0.02,11.6,0.01,108.0,0.03,16.03,0.04,30.0,0.03,0.01,2324.874295,1776244517000
1776245670.493,270.493,0.96,7.0,0.95,1.0,0.97,96.0,0.98,20.0,0.02,16.34,0.01,208.0,0.04,18.0,0.05,1.0,0.01,0.02,2324.874295,1776244517000
1776245671.139,271.139,0.95,12.0,0.94,15.0,0.96,43.9,0.97,96.0,0.04,54.9,0.03,96.0,0.05,12.0,0.06,15.0,0.01,0.01,2324.874295,1776244517000
1776245671.578,271.578,0.95,133.94,0.94,20.0,0.96,43.9,0.97,96.0,0.04,43.9,0.03,96.0,0.05,12.0,0.06,15.0,0.01,0.01,2324.874295,1776244517000
1776245672.549,272.549,0.95,339.06,0.94,20.0,0.96,37.77,0.97,96.0,0.04,48.9,0.03,96.0,0.05,149.06,0.06,20.0,0.01,0.01,2324.874295,1776244517000
1776245673.403,273.403,0.95,339.06,0.94,20.0,0.96,20.42,0.97,96.0,0.04,27.42,0.03,96.0,0.05,344.06,0.06,20.0,0.01,0.01,2324.874295,1776244517000
1776245673.845,273.845,0.95,344.06,0.94,20.0,0.96,17.29,0.97,96.0,0.04,20.42,0.03,96.0,0.05,339.06,0.06,20.0,0.01,0.01,2324.874295,1776244517000
1776245674.062,274.062,0.95,51.06,0.94,20.0,0.96,12.29,0.97,96.0,0.04,17.29,0.03,96.0,0.05,36.06,0.06,20.0,0.01,0.01,2324.874295,1776244517000
1776245674.492,274.492,0.95,192.7,0.94,20.0,0.97,94.86,0.98,10.0,0.04,12.29,0.03,96.0,0.05,51.06,0.06,20.0,0.02,0.01,2324.874295,1776244517000
1776245674.86,274.86,0.96,17.0,0.95,181.7,0.97,93.72,0.98,10.0,0.03,94.86,0.02,10.0,0.05,192.7,0.06,20.0,0.01,0.02,2324.874295,1776244517000
1776245675.802,275.802,0.96,0.23,0.95,181.7,0.97,127.72,0.98,10.0,0.03,93.72,0.02,10.0,0.04,17.0,0.05,181.7,0.01,0.01,2324.874295,1776244517000
1776245676.115,276.115,0.96,45.64,0.95,181.7,0.97,90.88,0.98,10.0,0.03,127.92,0.02,10.0,0.04,0.23,0.05,181.7,0.01,0.01,2324.874295,1776244517000
1776245676.473,276.473,0.96,103.06,0.95,20.0,0.98,7.38,0.99,264.85,0.02,10.0,0.01,264.85,0.04,45.64,0.05,181.7,0.02,0.02,2324.874295,1776244517000
1776245676.706,276.706,0.96,108.06,0.95,20.0,0.98,4.92,0.99,264.85,0.02,7.38,0.01,264.85,0.04,103.06,0.05,20.0,0.02,0.02,2324.874295,1776244517000
1776245677.209,277.209,0.96,108.06,0.95,20.0,0.98,3.38,0.99,227.85,0.02,4.92,0.01,264.85,0.04,108.06,0.05,20.0,0.02,0.02,2324.874295,1776244517000
1776245677.648,277.648,0.97,111.2,0.96,55.64,0.99,220.32,,,0.02,1.01,0.01,227.85,0.04,108.06,0.05,20.0,0.02,0.02,2324.874295,1776244517000
1776245678.031,278.031,0.96,22.64,0.88,14.0,0.97,83.0,0.98,253.0,0.01,220.32,,,0.03,111.2,0.04,55.64,0.01,0.02,2324.874295,1776244517000
1776245678.301,278.301,0.78,6.0,0.77,10.0,0.85,20.0,0.86,30.0,0.15,20.0,0.14,20.0,0.16,357.31,0.18,5.0,0.07,0.01,2324.874295,1776244517000
1776245678.608,278.608,0.75,439.7,0.7,7.1,0.76,12.76,0.77,58.0,0.23,48.0,0.16,20.0,0.25,6.7,0.27,10.0,0.01,0.02,2324.874295,1776244517000
1776245678.876,278.876,0.7,7.1,0.69,10.0,0.71,54.8,0.72,10.0,0.24,51.2,0.23,58.0,0.26,433.9,0.3,7.1,0.01,0.02,2324.874295,1776244517000
1776245679.095,279.095,0.68,11.34,0.67,10.0,0.74,8.12,0.75,40.0,0.29,4.95,0.28,10.0,0.32,11.34,0.33,10.0,0.06,0.03,2324.874295,1776244517000
1776245679.346,279.346,0.69,4.04,0.68,10.0,0.7,10.0,0.71,57.49,0.29,57.49,0.28,10.0,0.3,0.1,0.31,10.0,0.01,0.01,2324.874295,1776244517000
1776245679.865,279.865,0.71,468.28,0.7,11.36,0.72,10.0,0.73,10.0,0.28,10.0,0.27,5.0,0.3,6.36,0.31,10.04,0.01,0.02,2324.874295,1776244517000
1776245680.413,280.413,0.72,446.0,0.7,11.36,0.73,10.0,0.74,27.5,0.27,5.0,0.26,27.5,0.29,458.28,0.3,11.36,0.01,0.02,2324.874295,1776244517000
1776245680.647,280.647,0.72,446.0,0.71,10.0,0.73,9.93,0.74,27.5,0.27,10.0,0.26,27.5,0.28,446.0,0.3,11.36,0.01,0.01,2324.874295,1776244517000
1776245680.86,280.86,0.73,427.4,0.72,10.0,0.74,10.0,0.75,10.0,0.25,23.03,0.24,51.2,0.28,451.0,0.29,10.0,0.01,0.03,2324.874295,1776244517000
1776245681.553,281.553,0.73,10.0,0.72,10.0,0.74,2.71,0.75,15.0,0.26,10.0,0.25,10.0,0.27,427.4,0.28,10.0,0.01,0.01,2324.874295,1776244517000
1776245681.874,281.874,0.71,5.0,0.7,5.76,0.72,5.0,0.73,7.61,0.28,15.0,0.27,7.61,0.3,5.76,0.31,4.04,0.01,0.02,2324.874295,1776244517000
1776245682.752,282.752,0.66,10.0,0.65,10.0,0.67,59.0,0.68,25.0,0.28,5.0,0.27,7.61,0.29,5.0,0.3,5.76,0.01,0.01,2324.874295,1776244517000
1776245682.988,282.988,0.61,10.0,0.6,10.0,0.65,6.61,0.66,15.0,0.35,6.61,0.34,10.0,0.38,6.85,0.39,10.0,0.04,0.03,2324.874295,1776244517000
1776245683.584,283.584,0.58,15.0,0.57,15.0,0.6,14.91,0.61,10.0,0.35,6.61,0.34,15.0,0.39,10.0,0.4,10.0,0.02,0.04,2324.874295,1776244517000
1776245683.867,283.867,0.6,10.0,0.59,10.0,0.62,8.9,0.63,15.0,0.4,4.91,0.39,10.0,0.42,13.77,0.43,15.0,0.02,0.02,2324.874295,1776244517000
1776245684.246,284.246,0.61,10.0,0.6,10.0,0.63,13.33,0.64,15.0,0.38,3.9,0.37,15.0,0.42,13.77,0.43,15.0,0.02,0.04,2324.874295,1776244517000
1776245684.675,284.675,0.6,8.79,0.59,10.0,0.62,18.32,0.63,10.0,0.38,13.32,0.37,13.33,0.4,10.16,0.41,10.0,0.02,0.02,2324.874295,1776244517000
1776245686.215,286.215,0.56,7.14,0.53,10.0,0.59,27.0,0.6,10.0,0.33,7.69,0.32,40.0,0.4,10.0,0.41,12.94,0.03,0.07,2324.874295,1776244517000
1776245686.555,286.555,0.5,28.0,0.49,115.0,0.51,47.96,0.53,10.0,0.45,10.0,0.44,49.71,0.5,23.0,0.51,110.0,0.01,0.05,2324.874295,1776244517000
1776245687.329,287.329,0.49,93.0,0.48,10.0,0.61,50.0,0.66,50.0,0.49,47.96,0.47,10.0,0.5,28.0,0.51,115.0,0.12,0.01,2324.874295,1776244517000
1776245687.569,287.569,0.6,75.0,0.59,5.0,0.61,5.13,0.62,10.0,0.38,10.0,0.37,10.0,0.4,15.0,0.41,10.0,0.01,0.02,2324.874295,1776244517000
1776245688.147,288.147,0.49,70.7,0.48,10.0,0.5,44.0,0.51,10.0,0.39,5.13,0.38,10.0,0.46,10.0,0.47,10.0,0.01,0.07,2324.874295,1776244517000
1776245688.552,288.552,0.47,6.45,0.46,60.0,0.49,22.0,0.5,29.0,0.5,39.0,0.49,10.0,0.53,1.45,0.54,60.0,0.02,0.03,2324.874295,1776244517000
1776245689.006,289.006,0.49,23.0,0.48,15.0,0.58,10.0,0.59,10.0,0.5,29.0,0.49,10.0,0.51,13.0,0.53,1.45,0.09,0.01,2324.874295,1776244517000
1776245689.347,289.347,0.56,6.67,0.55,10.0,0.57,10.0,0.58,15.0,0.42,10.0,0.41,10.0,0.44,2.04,0.45,10.0,0.01,0.02,2324.874295,1776244517000
1776245689.982,289.982,0.55,15.05,0.54,11.33,0.56,10.0,0.57,15.0,0.44,10.0,0.43,10.0,0.46,6.33,0.47,10.0,0.01,0.02,2324.874295,1776244517000
1776245690.45,290.45,0.46,6.94,0.45,60.0,0.5,15.0,0.51,10.0,0.41,9.32,0.4,10.0,0.44,5.0,0.51,13.0,0.04,0.03,2324.874295,1776244517000
1776245690.85,290.85,0.45,49.6,0.44,13.87,0.46,10.0,0.47,10.0,0.51,10.0,0.5,15.0,0.54,5.0,0.55,60.0,0.01,0.03,2324.874295,1776244517000
1776245691.261,291.261,0.35,119.5,0.34,10.0,0.4,10.0,0.41,10.0,0.58,10.0,0.57,6.58,0.59,11.66,0.6,15.0,0.05,0.01,2324.874295,1776244517000
1776245691.509,291.509,0.36,2.22,0.35,10.0,0.42,10.0,0.43,6.58,0.63,10.0,0.62,2.7,0.64,4.85,0.65,110.0,0.06,0.01,2324.874295,1776244517000
1776245691.918,291.918,0.42,4.99,0.41,20.0,0.43,6.58,0.44,40.0,0.57,6.58,0.56,40.0,0.6,7.72,0.61,10.0,0.01,0.03,2324.874295,1776244517000
1776245692.398,292.398,0.36,2.22,0.35,10.0,0.42,10.0,0.43,15.0,0.57,6.58,0.56,40.0,0.58,4.99,0.59,20.0,0.06,0.01,2324.874295,1776244517000
1776245692.674,292.674,0.37,10.0,0.36,20.0,0.41,4.87,0.42,10.0,0.62,5.55,0.61,10.0,0.64,15.0,0.65,10.0,0.04,0.02,2324.874295,1776244517000
1776245692.951,292.951,0.42,16.1,0.41,10.0,0.43,10.0,0.44,40.0,0.59,4.87,0.58,10.0,0.63,10.0,0.64,20.0,0.01,0.04,2324.874295,1776244517000
1776245693.457,293.457,0.4,9.0,0.39,10.0,0.41,70.0,0.42,40.0,0.58,10.0,0.57,10.0,0.6,5.0,0.61,10.0,0.01,0.02,2324.874295,1776244517000
1776245693.728,293.728,0.4,9.0,0.39,10.0,0.43,5.51,0.44,10.0,0.59,70.0,0.58,40.0,0.6,9.0,0.61,10.0,0.03,0.01,2324.874295,1776244517000
1776245694.501,294.501,0.42,13.89,0.41,15.0,0.43,10.0,0.44,10.0,0.58,10.0,0.57,10.51,0.59,13.34,0.6,17.34,0.01,0.01,2324.874295,1776244517000
1776245694.853,294.853,0.39,3.04,0.38,3.89,0.4,15.0,0.41,15.0,0.57,10.0,0.56,10.0,0.62,3.89,0.63,10.0,0.01,0.05,2324.874295,1776244517000
1776245695.064,295.064,0.31,48.69,0.3,40.0,0.37,15.0,0.38,15.0,0.6,15.0,0.59,15.0,0.61,3.04,0.62,3.89,0.06,0.01,2324.874295,1776244517000
1776245695.306,295.306,0.27,17.0,0.26,50.0,0.28,10.0,0.29,10.0,0.68,10.0,0.67,10.0,0.69,46.96,0.71,30.0,0.01,0.01,2324.874295,1776244517000
1776245695.533,295.533,0.24,8.67,0.23,10.0,0.27,10.0,0.28,15.0,0.72,15.0,0.71,15.0,0.78,10.0,0.79,60.0,0.03,0.06,2324.874295,1776244517000
1776245696.31,296.31,0.24,10.0,0.23,10.0,0.25,7.8,0.26,15.0,0.72,15.0,0.71,15.0,0.73,8.17,0.74,15.0,0.01,0.01,2324.874295,1776244517000
1776245696.712,296.712,0.1,19.48,0.07,10.0,0.21,75.0,0.22,15.0,0.77,10.0,0.76,15.0,0.79,1.81,0.8,15.0,0.11,0.02,2324.874295,1776244517000
1776245697.099,297.099,0.1,1.08,0.05,15.0,0.11,92.0,0.12,45.0,0.89,20.0,0.88,10.0,0.9,16.08,0.93,10.0,0.01,0.01,2324.874295,1776244517000
1776245697.319,297.319,0.03,247.31,0.02,220.5,0.04,10.0,0.05,10.0,0.94,10.0,0.92,10.0,0.97,255.72,0.98,220.5,0.01,0.03,2324.874295,1776244517000
1776245697.584,297.584,0.03,165.49,0.02,215.5,0.04,10.0,0.05,10.0,0.96,10.0,0.95,10.0,0.97,181.11,0.98,215.5,0.01,0.01,2324.874295,1776244517000
1776245697.903,297.903,0.01,1186.36,,,0.02,10.0,0.03,10.0,0.97,15.0,0.96,15.0,0.98,40.5,0.99,1198.36,0.01,0.01,2324.874295,1776244517000
1776245698.139,298.139,0.01,972.35,,,0.03,10.0,0.04,10.0,0.98,10.0,0.97,10.0,0.99,1078.37,,,0.02,0.01,2324.874295,1776244517000
1776245698.342,298.342,0.01,940.59,,,0.02,10.0,0.03,10.0,0.98,10.0,0.97,10.0,0.99,947.46,,,0.01,0.01,2324.874295,1776244517000
1776245698.548,298.548,0.01,317.95,,,0.02,15.0,0.03,10.0,0.98,15.0,0.97,10.0,0.99,375.45,,,0.01,0.01,2324.874295,1776244517000
1776245698.805,298.805,0.01,107.05,,,0.02,15.0,0.03,10.0,0.98,15.0,0.97,10.0,0.99,117.05,,,0.01,0.01,2324.874295,1776244517000
1776245699.012,299.012,0.01,57.43,,,0.02,31.0,0.03,26.0,0.98,15.0,0.97,18.0,0.99,53.55,,,0.01,0.01,2324.874295,1776244517000
1776245699.234,299.234,,,,,0.01,23.12,0.02,46.0,0.98,36.0,0.97,31.0,0.99,32.43,,,,0.01,2324.874295,1776244517000
1776245699.49,299.49,,,,,0.01,634.12,0.02,41.0,0.99,23.12,0.98,46.0,,,,,,,2324.874295,1776244517000
1776245699.703,299.703,,,,,0.01,684.12,0.02,41.0,0.99,634.12,0.98,41.0,,,,,,,2324.874295,1776244517000
1776245700.02,300.02,,,,,0.01,4440.32,0.02,41.0,0.99,1252.12,0.98,41.0,,,,,,,2324.874295,1776244517000
