timestamp,elapsed_sec,up_bid_p1,up_bid_s1,up_bid_p2,up_bid_s2,up_ask_p1,up_ask_s1,up_ask_p2,up_ask_s2,down_bid_p1,down_bid_s1,down_bid_p2,down_bid_s2,down_ask_p1,down_ask_s1,down_ask_p2,down_ask_s2,up_spread,down_spread,eth_price,eth_oracle_ts
1776292200.629,0.629,0.48,0.09,0.47,18.75,0.49,10.0,0.54,5.27,0.51,10.0,0.46,5.27,0.52,5.09,0.53,18.75,0.01,0.01,2369.766326,1776292199000
1776292201.517,1.517,0.47,11.95,0.46,5.6,0.49,10.0,0.54,5.27,0.51,10.0,0.46,5.27,0.53,13.84,0.54,5.6,0.02,0.02,2369.630275,1776292200000
1776292201.918,1.918,0.47,5.06,0.46,5.6,0.48,28.0,0.49,15.0,0.52,5.0,0.51,15.0,0.53,10.06,0.54,5.6,0.01,0.01,2369.630275,1776292200000
1776292202.766,2.766,0.46,5.6,0.41,50.0,0.48,30.75,0.49,15.0,0.52,28.0,0.51,15.0,0.54,5.6,0.67,300.0,0.02,0.02,2369.609707,1776292201000
1776292203.404,3.404,0.31,425.0,0.3,10.0,0.46,44.4,0.47,15.0,0.52,30.75,0.51,15.0,0.54,5.6,0.59,50.0,0.15,0.02,2369.269417,1776292202000
1776292204.324,4.324,0.31,414.15,0.29,30.0,0.32,10.0,0.33,10.0,0.54,44.4,0.53,15.0,0.69,425.0,0.7,10.0,0.01,0.15,2369.131674,1776292203000
1776292204.659,4.659,0.31,307.74,0.27,485.0,0.32,10.0,0.33,10.0,0.68,10.0,0.67,10.0,0.69,412.7,0.71,30.0,0.01,0.01,2369.131674,1776292203000
1776292205.403,5.403,0.27,455.0,0.26,94.0,0.29,7.31,0.3,10.0,0.68,10.0,0.67,10.0,0.69,307.74,0.73,485.0,0.02,0.01,2369.131674,1776292203000
1776292206.098,6.098,0.27,460.0,0.26,69.0,0.28,5.0,0.29,7.31,0.71,7.31,0.7,10.0,0.73,455.0,0.74,94.0,0.01,0.02,2368.631685,1776292205000
1776292206.872,6.872,0.27,459.0,0.26,89.5,0.29,11.81,0.3,10.0,0.72,5.0,0.71,7.31,0.73,459.0,0.74,79.0,0.02,0.01,2368.631685,1776292205000
1776292207.18,7.18,0.28,9.81,0.27,20.5,0.29,1.31,0.3,20.5,0.71,11.81,0.7,10.0,0.73,459.0,0.74,89.5,0.01,0.02,2368.400545,1776292206000
1776292207.514,7.514,0.34,26.0,0.33,20.0,0.36,8.75,0.37,20.0,0.71,1.31,0.7,20.5,0.72,9.81,0.73,20.5,0.02,0.01,2368.400545,1776292206000
1776292208.879,8.879,0.36,59.6,0.35,35.5,0.39,10.0,0.4,10.0,0.64,8.75,0.63,20.0,0.66,26.0,0.67,20.0,0.03,0.02,2368.366848,1776292207000
1776292209.77,9.77,0.42,4.74,0.41,60.0,0.43,25.0,0.46,50.0,0.61,1.84,0.57,25.0,0.64,54.6,0.65,35.5,0.01,0.03,2368.451033,1776292208000
1776292210.147,10.147,0.42,5.74,0.41,60.0,0.43,30.0,0.44,5.0,0.57,25.0,0.54,50.0,0.58,4.74,0.59,60.0,0.01,0.01,2368.612385,1776292209000
1776292210.549,10.549,0.42,10.74,0.41,60.0,0.44,4.75,0.46,50.0,0.57,30.0,0.56,5.0,0.58,5.74,0.59,60.0,0.02,0.01,2368.612385,1776292209000
1776292211.128,11.128,0.45,9.54,0.44,15.0,0.46,55.0,0.47,25.0,0.56,4.75,0.54,50.0,0.58,10.74,0.59,60.0,0.01,0.02,2368.612385,1776292209000
1776292211.866,11.866,0.45,19.54,0.44,36.81,0.47,50.0,0.48,30.24,0.54,55.0,0.53,25.0,0.55,9.54,0.56,15.0,0.02,0.01,2368.920808,1776292210000
1776292212.481,12.481,0.45,50.54,0.44,36.81,0.47,14.86,0.48,37.0,0.53,76.5,0.52,40.24,0.55,10.54,0.56,26.81,0.02,0.02,2369.102593,1776292211000
1776292212.684,12.684,0.46,16.55,0.45,40.54,0.47,26.86,0.48,47.0,0.53,14.86,0.52,37.0,0.55,50.54,0.56,36.81,0.01,0.02,2369.102593,1776292211000
1776292213.291,13.291,0.46,15.0,0.45,40.54,0.47,74.66,0.48,64.0,0.53,26.86,0.52,47.0,0.54,16.55,0.55,40.54,0.01,0.01,2369.137925,1776292212000
1776292213.615,13.615,0.46,10.0,0.45,40.54,0.47,28.66,0.48,69.0,0.53,79.66,0.52,64.0,0.54,10.0,0.55,40.54,0.01,0.01,2369.137925,1776292212000
1776292214.388,14.388,0.45,8.0,0.44,16.81,0.46,105.51,0.47,26.0,0.53,28.66,0.52,69.0,0.54,10.0,0.55,40.54,0.01,0.01,2369.183869,1776292213000
1776292215.746,15.746,0.45,8.0,0.44,6.81,0.46,129.73,0.47,32.0,0.54,105.51,0.53,26.0,0.55,8.0,0.56,16.81,0.01,0.01,2369.244055,1776292214000
1776292216.261,16.261,0.46,42.78,0.45,90.5,0.49,40.0,0.5,5.0,0.54,129.73,0.53,32.0,0.55,8.0,0.56,6.81,0.03,0.01,2369.244055,1776292214000
1776292216.486,16.486,0.48,57.5,0.47,20.5,0.49,4.8,0.51,25.0,0.51,40.0,0.5,5.0,0.54,42.78,0.55,90.5,0.01,0.03,2369.18003,1776292215000
1776292216.783,16.783,0.51,45.2,0.48,58.5,0.52,10.5,0.53,16.64,0.51,4.8,0.49,25.0,0.52,57.5,0.53,20.5,0.01,0.01,2369.18003,1776292215000
1776292217.693,17.693,0.52,25.0,0.51,75.2,0.53,85.21,0.54,37.51,0.48,10.5,0.47,16.64,0.49,45.2,0.52,58.5,0.01,0.01,2369.178347,1776292216000
1776292229.313,29.313,0.5,10.0,0.49,15.0,0.51,30.0,0.52,35.21,0.47,79.54,0.46,42.51,0.48,25.0,0.49,75.2,0.01,0.01,2369.607864,1776292228000
1776292229.849,29.849,0.5,20.0,0.49,25.5,0.51,19.0,0.52,35.21,0.49,30.0,0.48,35.21,0.5,10.0,0.51,15.0,0.01,0.01,2369.607864,1776292228000
1776292232.285,32.285,0.48,10.0,0.47,40.5,0.5,108.0,0.51,53.0,0.49,19.0,0.48,35.21,0.5,20.0,0.51,25.5,0.02,0.01,2369.605113,1776292230000
1776292232.93,32.93,0.47,40.5,0.46,30.0,0.48,77.87,0.49,36.0,0.5,108.0,0.49,53.0,0.52,10.0,0.53,40.5,0.01,0.02,2369.605725,1776292231000
1776292236.496,36.496,0.47,35.5,0.46,35.0,0.48,69.68,0.49,31.0,0.52,74.68,0.51,36.0,0.53,40.5,0.54,30.0,0.01,0.01,2369.52263,1776292234000
1776292237.207,37.207,0.47,35.5,0.46,35.0,0.48,79.68,0.49,31.0,0.52,69.68,0.51,31.0,0.53,35.5,0.54,35.0,0.01,0.01,2369.518099,1776292235000
1776292238.472,38.472,0.47,35.5,0.46,35.0,0.48,82.59,0.49,31.0,0.52,79.68,0.51,31.0,0.53,35.5,0.54,35.0,0.01,0.01,2369.501762,1776292236000
1776292241.204,41.204,0.47,96.82,0.46,50.0,0.48,10.0,0.49,10.0,0.52,82.59,0.51,31.0,0.53,35.5,0.54,35.0,0.01,0.01,2369.535369,1776292239000
1776292241.688,41.688,0.47,321.1,0.46,129.87,0.52,5.21,0.53,10.0,0.52,5.0,0.51,10.0,0.53,96.82,0.54,50.0,0.05,0.01,2369.535645,1776292240000
1776292242.194,42.194,0.52,10.0,0.51,20.0,0.54,88.99,0.55,37.24,0.46,10.38,0.45,10.0,0.48,10.0,0.49,22.0,0.02,0.02,2369.53474,1776292241000
1776292242.605,42.605,0.51,19.51,0.5,30.5,0.53,30.0,0.54,83.99,0.46,88.99,0.45,37.24,0.48,10.0,0.49,20.0,0.02,0.02,2369.53474,1776292241000
1776292244.31,44.31,0.51,16.0,0.5,10.0,0.52,85.0,0.53,92.14,0.47,30.0,0.46,83.99,0.49,19.51,0.5,30.5,0.01,0.02,2369.5754,1776292242000
1776292245.476,45.476,0.51,22.0,0.5,32.0,0.52,120.07,0.53,76.5,0.48,85.0,0.47,92.14,0.49,11.0,0.5,10.0,0.01,0.01,2369.679017,1776292244000
1776292246.135,46.135,0.51,33.0,0.5,32.0,0.52,131.07,0.53,87.5,0.48,120.07,0.47,76.5,0.49,22.0,0.5,32.0,0.01,0.01,2369.679017,1776292244000
1776292246.412,46.412,0.51,33.0,0.5,32.0,0.52,96.14,0.53,87.5,0.48,102.14,0.47,87.5,0.49,33.0,0.5,32.0,0.01,0.01,2369.679017,1776292244000
1776292247.664,47.664,0.51,25.0,0.5,35.5,0.52,77.58,0.53,21.0,0.48,52.14,0.47,87.5,0.49,33.0,0.5,32.0,0.01,0.01,2369.605806,1776292246000
1776292248.441,48.441,0.51,50.5,0.5,35.5,0.52,62.58,0.53,21.0,0.48,67.58,0.47,21.0,0.49,30.0,0.5,35.5,0.01,0.01,2369.605806,1776292246000
1776292249.455,49.455,0.53,130.5,0.52,108.5,0.56,30.0,0.57,15.0,0.48,57.58,0.47,21.0,0.49,45.5,0.5,35.5,0.03,0.01,2369.586224,1776292248000
1776292249.802,49.802,0.53,36.58,0.52,88.5,0.56,40.0,0.57,20.0,0.44,30.0,0.43,15.0,0.47,130.5,0.48,108.5,0.03,0.03,2369.586224,1776292248000
1776292252.858,52.858,0.54,20.5,0.53,20.5,0.56,16.0,0.57,41.5,0.44,40.0,0.43,20.0,0.47,36.58,0.48,88.5,0.02,0.03,2369.793251,1776292251000
1776292253.53,53.53,0.55,40.5,0.54,40.5,0.57,26.14,0.58,56.5,0.45,27.0,0.44,26.0,0.47,20.5,0.48,50.5,0.02,0.02,2369.788427,1776292252000
1776292254.823,54.823,0.56,30.0,0.55,40.5,0.57,15.37,0.58,122.27,0.43,26.14,0.42,56.5,0.45,40.5,0.46,40.5,0.01,0.02,2369.812431,1776292253000
1776292255.204,55.204,0.56,110.5,0.55,66.5,0.57,25.93,0.58,40.5,0.43,15.37,0.42,122.27,0.44,30.0,0.45,40.5,0.01,0.01,2369.898015,1776292254000
1776292256.812,56.812,0.57,85.0,0.56,35.5,0.58,15.5,0.59,75.5,0.42,40.5,0.41,70.5,0.44,90.0,0.45,66.5,0.01,0.02,2369.923519,1776292255000
1776292257.894,57.894,0.57,120.73,0.56,96.5,0.59,55.0,0.6,36.0,0.42,15.5,0.41,75.5,0.43,80.23,0.44,40.5,0.02,0.01,2369.986405,1776292256000
1776292258.713,58.713,0.61,59.0,0.6,68.5,0.62,35.38,0.63,42.5,0.41,55.0,0.4,36.0,0.43,120.73,0.44,96.5,0.01,0.02,2369.986405,1776292256000
1776292259.145,59.145,0.61,88.05,0.6,73.5,0.62,20.5,0.63,20.5,0.38,25.38,0.37,42.5,0.39,141.0,0.4,68.5,0.01,0.01,2370.012983,1776292257000
1776292260.185,60.185,0.61,124.05,0.6,84.5,0.62,16.5,0.63,20.5,0.38,15.5,0.37,20.5,0.39,88.05,0.4,73.5,0.01,0.01,2370.244312,1776292259000
1776292260.393,60.393,0.61,128.55,0.6,84.5,0.63,6.08,0.64,25.0,0.38,16.5,0.37,20.5,0.39,124.05,0.4,84.5,0.02,0.01,2370.244312,1776292259000
1776292260.911,60.911,0.62,75.0,0.61,61.05,0.63,4.2,0.64,15.0,0.37,6.08,0.36,25.0,0.39,128.55,0.4,84.5,0.01,0.02,2370.244312,1776292259000
1776292261.977,61.977,0.62,42.0,0.61,73.05,0.63,8.2,0.64,15.0,0.37,4.2,0.36,15.0,0.38,75.0,0.39,61.05,0.01,0.01,2370.417875,1776292260000
1776292262.958,62.958,0.63,170.24,0.62,68.39,0.64,14.07,0.65,36.0,0.37,1.77,0.36,15.0,0.38,42.0,0.39,73.05,0.01,0.01,2370.322965,1776292262000
1776292263.404,63.404,0.63,186.88,0.62,68.39,0.64,21.5,0.65,39.0,0.36,10.5,0.35,36.0,0.37,209.88,0.38,68.39,0.01,0.01,2370.322965,1776292262000
1776292263.714,63.714,0.63,186.88,0.62,68.39,0.64,10.07,0.65,39.0,0.36,21.5,0.35,39.0,0.37,186.88,0.38,68.39,0.01,0.01,2370.322965,1776292262000
1776292263.992,63.992,0.63,196.88,0.62,68.39,0.65,41.5,0.66,31.0,0.36,10.07,0.35,39.0,0.37,186.88,0.38,68.39,0.02,0.01,2370.322965,1776292262000
1776292264.605,64.605,0.64,115.0,0.63,181.38,0.65,3.24,0.66,15.0,0.35,41.5,0.34,31.0,0.37,196.88,0.38,68.39,0.01,0.02,2370.314205,1776292263000
1776292265.028,65.028,0.64,115.0,0.63,186.38,0.66,15.0,0.67,40.5,0.35,3.24,0.34,15.0,0.36,115.0,0.37,181.38,0.02,0.01,2370.314205,1776292263000
1776292266.449,66.449,0.67,105.0,0.66,123.5,0.69,4.0,0.7,25.5,0.34,15.0,0.33,40.5,0.36,115.0,0.37,186.38,0.02,0.02,2370.309228,1776292264000
1776292266.87,66.87,0.69,93.0,0.68,72.0,0.7,10.5,0.71,68.0,0.3,25.5,0.29,68.0,0.31,32.0,0.32,99.0,0.01,0.01,2370.309228,1776292264000
1776292267.837,67.837,0.71,78.0,0.7,15.0,0.72,14.07,0.73,19.0,0.28,15.0,0.27,5.0,0.31,78.0,0.32,77.0,0.01,0.03,2370.463947,1776292266000
1776292268.335,68.335,0.71,25.51,0.7,15.0,0.72,10.5,0.73,19.0,0.28,14.07,0.27,19.0,0.29,43.51,0.3,15.0,0.01,0.01,2370.463947,1776292266000
1776292268.593,68.593,0.71,35.51,0.7,15.0,0.73,8.07,0.74,29.0,0.28,0.5,0.27,19.0,0.29,30.51,0.3,15.0,0.02,0.01,2370.542444,1776292267000
1776292268.837,68.837,0.73,41.0,0.72,48.0,0.74,7.1,0.75,24.5,0.27,8.07,0.26,29.0,0.29,35.51,0.3,15.0,0.01,0.02,2370.542444,1776292267000
1776292269.067,69.067,0.73,63.0,0.72,31.0,0.75,4.5,0.76,15.5,0.25,4.5,0.24,15.5,0.27,63.0,0.28,31.0,0.02,0.02,2370.542444,1776292267000
1776292270.118,70.118,0.74,31.15,0.73,25.0,0.75,79.0,0.76,10.0,0.25,4.5,0.24,15.5,0.27,63.0,0.28,31.0,0.01,0.02,2370.714484,1776292268000
1776292270.554,70.554,0.74,31.15,0.73,25.0,0.75,61.08,0.76,20.5,0.25,79.0,0.24,10.0,0.26,31.15,0.27,25.0,0.01,0.01,2370.723995,1776292269000
1776292271.451,71.451,0.74,161.15,0.73,20.0,0.76,5.0,0.79,45.0,0.25,61.08,0.24,20.5,0.26,31.15,0.27,25.0,0.02,0.01,2370.848475,1776292270000
1776292271.727,71.727,0.74,190.15,0.73,20.0,0.79,42.49,0.8,20.0,0.24,1.9,0.21,45.0,0.26,190.15,0.27,20.0,0.05,0.02,2370.848475,1776292270000
1776292272.537,72.537,0.78,26.41,0.76,5.0,0.79,20.0,0.8,10.0,0.21,33.52,0.2,20.0,0.26,190.15,0.27,20.0,0.01,0.05,2370.973428,1776292271000
1776292272.889,72.889,0.77,10.0,0.76,10.0,0.79,89.68,0.8,10.0,0.21,20.0,0.2,10.0,0.22,23.41,0.24,11.0,0.02,0.01,2370.973428,1776292271000
1776292273.326,73.326,0.76,10.0,0.75,10.0,0.79,78.43,0.8,10.0,0.21,53.43,0.2,10.0,0.22,4.31,0.23,10.0,0.03,0.01,2371.634361,1776292272000
1776292273.574,73.574,0.78,10.0,0.77,10.0,0.79,47.43,0.8,10.0,0.21,59.43,0.2,10.0,0.22,10.0,0.23,10.0,0.01,0.01,2371.634361,1776292272000
1776292274.097,74.097,0.75,10.0,0.74,96.15,0.76,137.0,0.78,10.0,0.21,34.43,0.2,10.0,0.22,3.18,0.23,10.0,0.01,0.01,2371.634361,1776292272000
1776292274.311,74.311,0.75,9.0,0.74,15.0,0.76,154.0,0.77,15.0,0.24,164.0,0.23,10.0,0.25,4.0,0.26,10.0,0.01,0.01,2371.3229,1776292273000
1776292274.663,74.663,0.71,25.35,0.7,67.0,0.74,25.0,0.75,15.0,0.24,184.0,0.23,15.0,0.26,3.84,0.27,21.0,0.03,0.02,2371.3229,1776292273000
1776292275.169,75.169,0.77,3.91,0.76,27.0,0.78,7.0,0.79,14.93,0.26,25.0,0.24,101.0,0.29,7.35,0.3,67.0,0.01,0.03,2371.3229,1776292273000
1776292276.045,76.045,0.78,16.0,0.77,20.0,0.79,115.0,0.8,220.69,0.21,14.93,0.2,130.69,0.24,71.45,0.25,10.0,0.01,0.03,2371.297173,1776292274000
1776292276.452,76.452,0.78,13.0,0.77,22.0,0.79,110.0,0.8,220.69,0.21,115.0,0.2,220.69,0.22,9.0,0.23,25.0,0.01,0.01,2371.010237,1776292275000
1776292276.756,76.756,0.78,18.0,0.77,22.0,0.79,113.7,0.8,243.19,0.21,110.0,0.2,220.69,0.22,13.0,0.23,22.0,0.01,0.01,2371.010237,1776292275000
1776292277.024,77.024,0.78,7.54,0.77,22.0,0.79,158.7,0.8,284.69,0.21,113.7,0.2,243.19,0.22,18.0,0.23,22.0,0.01,0.01,2371.010237,1776292275000
1776292277.322,77.322,0.78,10.0,0.77,22.0,0.79,141.67,0.8,284.69,0.21,163.7,0.2,284.69,0.23,22.0,0.24,27.0,0.01,0.02,2371.213355,1776292276000
1776292277.684,77.684,0.78,11.45,0.77,33.0,0.79,176.67,0.8,284.69,0.21,141.67,0.2,284.69,0.22,10.0,0.23,22.0,0.01,0.01,2371.213355,1776292276000
1776292278.04,78.04,0.76,10.0,0.75,10.0,0.79,182.17,0.8,283.19,0.21,176.67,0.2,284.69,0.22,11.45,0.23,33.0,0.03,0.01,2371.213355,1776292276000
1776292278.468,78.468,0.74,12.3,0.73,75.0,0.75,12.0,0.76,37.0,0.23,12.0,0.22,17.0,0.26,7.0,0.27,70.0,0.01,0.03,2371.240813,1776292277000
1776292278.735,78.735,0.74,44.3,0.73,107.5,0.75,6.0,0.76,32.0,0.25,12.0,0.24,37.0,0.26,12.3,0.27,75.0,0.01,0.01,2371.240813,1776292277000
1776292279.158,79.158,0.74,51.8,0.73,173.5,0.77,32.0,0.78,132.9,0.25,1.0,0.24,7.0,0.26,21.8,0.27,140.5,0.03,0.01,2371.240813,1776292277000
1776292279.55,79.55,0.77,20.5,0.76,57.5,0.78,21.41,0.79,103.22,0.23,32.0,0.22,132.9,0.26,51.8,0.27,173.5,0.01,0.03,2371.240813,1776292277000
1776292280.36,80.36,0.77,32.02,0.76,32.5,0.79,103.22,0.8,146.42,0.22,4.0,0.21,103.22,0.23,45.5,0.24,32.5,0.02,0.01,2371.13221,1776292279000
1776292280.786,80.786,0.78,20.0,0.77,37.02,0.79,110.22,0.8,172.47,0.21,103.22,0.2,146.42,0.23,32.02,0.24,32.5,0.01,0.02,2371.13221,1776292279000
1776292282.261,82.261,0.78,50.5,0.77,57.52,0.79,48.73,0.8,71.47,0.21,110.22,0.2,172.47,0.22,20.0,0.23,37.02,0.01,0.01,2371.396351,1776292281000
1776292282.999,82.999,0.78,106.5,0.77,57.52,0.79,43.73,0.8,61.47,0.21,48.73,0.2,71.47,0.22,50.5,0.23,57.52,0.01,0.01,2371.396351,1776292281000
1776292283.241,83.241,0.78,81.95,0.77,35.5,0.79,20.0,0.8,31.42,0.21,43.73,0.2,61.47,0.22,97.5,0.23,57.52,0.01,0.01,2371.396351,1776292281000
1776292283.486,83.486,0.79,89.5,0.78,62.95,0.81,121.43,0.82,81.43,0.2,13.42,0.19,121.43,0.21,18.0,0.22,81.95,0.02,0.01,2371.490133,1776292282000
1776292283.853,83.853,0.8,69.5,0.79,38.5,0.81,20.19,0.82,81.43,0.19,121.43,0.18,81.43,0.21,89.5,0.22,62.95,0.01,0.02,2371.490133,1776292282000
1776292284.163,84.163,0.8,59.5,0.79,28.5,0.81,14.01,0.82,81.43,0.19,20.19,0.18,81.43,0.2,69.5,0.21,38.5,0.01,0.01,2371.455507,1776292283000
1776292284.778,84.778,0.8,74.5,0.79,40.5,0.82,81.43,0.83,21.43,0.19,14.01,0.18,81.43,0.2,59.5,0.21,28.5,0.02,0.01,2371.455507,1776292283000
1776292286.041,86.041,0.81,205.5,0.8,47.5,0.82,36.79,0.83,21.43,0.18,81.43,0.17,21.43,0.2,74.5,0.21,40.5,0.01,0.02,2371.706182,1776292284000
1776292286.348,86.348,0.81,47.5,0.8,30.5,0.82,77.79,0.83,31.43,0.18,36.79,0.17,21.43,0.19,205.5,0.2,47.5,0.01,0.01,2371.85394,1776292285000
1776292286.848,86.848,0.78,48.07,0.77,97.5,0.79,24.0,0.8,24.0,0.18,86.79,0.17,31.43,0.2,12.0,0.21,33.5,0.01,0.02,2371.85394,1776292285000
1776292287.072,87.072,0.78,35.07,0.77,97.5,0.79,111.0,0.8,67.05,0.21,24.0,0.2,32.0,0.22,37.07,0.23,97.5,0.01,0.01,2371.85394,1776292285000
1776292287.642,87.642,0.78,19.07,0.77,87.0,0.79,161.0,0.8,62.05,0.21,111.0,0.2,67.05,0.22,35.07,0.23,97.5,0.01,0.01,2371.840081,1776292286000
1776292288.672,88.672,0.77,77.0,0.76,124.0,0.78,174.0,0.79,214.02,0.21,160.9,0.2,62.05,0.23,87.0,0.24,190.0,0.01,0.02,2371.89285,1776292287000
1776292289.405,89.405,0.76,62.0,0.75,75.5,0.77,139.0,0.78,152.0,0.22,169.0,0.21,214.02,0.23,77.0,0.24,113.0,0.01,0.01,2371.89285,1776292287000
1776292290.246,90.246,0.76,87.5,0.75,75.5,0.77,144.0,0.78,147.0,0.23,139.0,0.22,152.0,0.24,62.0,0.25,75.5,0.01,0.01,2371.30845,1776292289000
1776292290.812,90.812,0.76,61.03,0.75,70.5,0.78,108.84,0.79,109.4,0.22,96.84,0.21,154.4,0.24,66.7,0.25,75.5,0.02,0.02,2371.30845,1776292289000
1776292291.111,91.111,0.76,3.8,0.75,65.0,0.77,30.0,0.78,80.5,0.22,80.5,0.21,63.5,0.24,39.8,0.25,60.0,0.01,0.02,2371.308042,1776292290000
1776292291.763,91.763,0.76,76.5,0.75,80.5,0.77,6.92,0.78,50.0,0.23,30.0,0.22,80.5,0.24,3.8,0.25,65.0,0.01,0.01,2371.308042,1776292290000
1776292292.076,92.076,0.76,25.5,0.75,80.5,0.77,34.81,0.78,66.0,0.23,6.92,0.22,50.0,0.24,76.5,0.25,80.5,0.01,0.01,2371.308042,1776292290000
1776292294.853,94.853,0.75,55.0,0.74,60.5,0.77,144.0,0.78,80.5,0.23,34.81,0.22,66.0,0.24,25.5,0.25,80.5,0.02,0.01,2371.32226,1776292293000
1776292295.495,95.495,0.75,25.0,0.74,40.0,0.76,60.54,0.77,112.0,0.23,144.0,0.22,80.5,0.25,55.0,0.26,60.5,0.01,0.02,2371.328297,1776292294000
1776292297.499,97.499,0.75,45.0,0.74,60.5,0.76,46.06,0.77,138.5,0.24,60.54,0.23,112.0,0.25,25.0,0.26,40.0,0.01,0.01,2371.302258,1776292296000
1776292299.15,99.15,0.75,74.0,0.74,65.5,0.76,54.0,0.77,128.0,0.24,46.06,0.23,138.5,0.25,45.0,0.26,60.5,0.01,0.01,2371.190806,1776292298000
1776292299.524,99.524,0.75,69.0,0.74,65.5,0.76,44.0,0.77,128.0,0.24,54.0,0.23,128.0,0.25,74.0,0.26,65.5,0.01,0.01,2371.190806,1776292298000
1776292300.027,100.027,0.75,44.0,0.74,65.5,0.76,29.0,0.77,128.0,0.24,44.0,0.23,128.0,0.25,69.0,0.26,65.5,0.01,0.01,2371.19692,1776292299000
1776292301.255,101.255,0.75,42.44,0.74,65.5,0.76,39.0,0.77,128.0,0.24,29.0,0.23,128.0,0.25,44.0,0.26,65.5,0.01,0.01,2371.197172,1776292300000
1776292302.851,102.851,0.75,18.0,0.74,35.0,0.76,186.5,0.77,172.5,0.24,39.0,0.23,128.0,0.25,42.44,0.26,65.5,0.01,0.01,2371.197175,1776292301000
1776292303.118,103.118,0.74,114.5,0.73,141.5,0.78,102.5,0.79,125.7,0.24,181.5,0.23,172.5,0.26,40.0,0.27,110.0,0.04,0.02,2371.195957,1776292302000
1776292304.34,104.34,0.76,36.75,0.75,35.5,0.77,20.0,0.78,71.0,0.22,102.5,0.21,125.7,0.26,114.5,0.27,141.5,0.01,0.04,2371.184417,1776292303000
1776292305.737,105.737,0.77,25.5,0.76,26.75,0.78,28.07,0.79,68.0,0.23,13.0,0.22,71.0,0.24,26.75,0.25,40.5,0.01,0.01,2371.072583,1776292304000
1776292309.165,109.165,0.78,127.5,0.77,90.5,0.79,2.0,0.8,10.0,0.22,28.07,0.21,68.0,0.23,25.5,0.24,26.75,0.01,0.01,2371.314289,1776292307000
1776292310.719,110.719,0.74,50.5,0.73,110.0,0.76,69.0,0.77,65.0,0.21,2.0,0.2,10.0,0.22,127.5,0.23,90.5,0.02,0.01,2371.331095,1776292309000
1776292311.328,111.328,0.74,55.5,0.73,115.0,0.75,22.46,0.76,96.0,0.25,12.8,0.24,71.0,0.26,55.5,0.27,115.0,0.01,0.01,2371.373794,1776292310000
1776292316.308,116.308,0.78,40.5,0.77,58.5,0.79,10.0,0.8,10.0,0.25,22.46,0.24,96.0,0.26,55.5,0.27,115.0,0.01,0.01,2371.263648,1776292315000
1776292320.449,120.449,0.73,189.0,0.72,145.5,0.74,13.24,0.75,10.0,0.21,5.0,0.2,10.0,0.22,26.5,0.23,58.5,0.01,0.01,2371.348607,1776292318000
1776292321.363,121.363,0.74,64.5,0.73,154.5,0.75,15.0,0.76,54.7,0.25,10.0,0.24,75.5,0.26,5.0,0.27,139.0,0.01,0.01,2371.029624,1776292320000
1776292322.073,122.073,0.74,73.5,0.73,165.5,0.75,5.0,0.76,54.7,0.25,15.0,0.24,54.7,0.26,64.5,0.27,154.5,0.01,0.01,2371.029624,1776292320000
1776292322.36,122.36,0.74,109.5,0.73,174.5,0.78,27.0,0.79,28.0,0.25,5.0,0.24,54.7,0.26,73.5,0.27,165.5,0.04,0.01,2370.971114,1776292321000
1776292323.772,123.772,0.75,20.5,0.74,94.5,0.76,2.21,0.77,20.0,0.22,17.0,0.21,43.5,0.25,17.5,0.26,89.5,0.01,0.03,2371.03309,1776292322000
1776292324.816,124.816,0.75,56.5,0.74,94.5,0.76,10.0,0.77,15.0,0.24,13.0,0.23,20.0,0.25,79.5,0.26,94.5,0.01,0.01,2371.114957,1776292323000
1776292325.186,125.186,0.75,61.5,0.74,94.5,0.76,5.0,0.77,15.0,0.24,10.0,0.23,15.0,0.25,56.5,0.26,94.5,0.01,0.01,2371.060419,1776292324000
1776292329.854,129.854,0.81,6.17,0.8,41.5,0.82,162.07,0.83,36.43,0.24,5.0,0.23,15.0,0.25,61.5,0.26,94.5,0.01,0.01,2371.107469,1776292328000
1776292332.554,132.554,0.81,2.0,0.79,5.0,0.82,203.11,0.83,36.93,0.18,162.07,0.17,36.43,0.19,6.17,0.2,41.5,0.01,0.01,2371.528624,1776292331000
1776292332.779,132.779,0.79,35.5,0.78,15.5,0.8,97.75,0.81,20.5,0.18,193.11,0.17,36.93,0.21,5.0,0.22,22.5,0.01,0.03,2371.528624,1776292331000
1776292333.54,133.54,0.79,35.5,0.78,25.5,0.8,82.75,0.81,30.5,0.2,97.75,0.19,20.5,0.21,35.5,0.22,15.5,0.01,0.01,2371.565249,1776292332000
1776292334.175,134.175,0.77,8.5,0.76,38.5,0.78,46.0,0.79,15.0,0.2,82.75,0.19,30.5,0.21,35.5,0.22,25.5,0.01,0.01,2371.547915,1776292333000
1776292335.271,135.271,0.76,7.0,0.75,5.0,0.77,182.5,0.78,76.5,0.22,46.0,0.21,15.0,0.23,8.5,0.24,38.5,0.01,0.01,2371.547915,1776292333000
1776292338.36,138.36,0.75,5.0,0.74,29.5,0.78,254.5,0.79,46.5,0.23,182.5,0.22,76.5,0.24,7.0,0.25,5.0,0.03,0.01,2371.177934,1776292336000
1776292339.852,139.852,0.74,49.5,0.73,172.03,0.75,44.0,0.76,69.5,0.22,254.5,0.21,46.5,0.25,5.0,0.26,29.5,0.01,0.03,2371.219233,1776292338000
1776292341.151,141.151,0.74,43.5,0.73,177.03,0.75,39.0,0.76,69.5,0.25,44.0,0.24,69.5,0.26,49.5,0.27,172.03,0.01,0.01,2371.159475,1776292339000
1776292342.325,142.325,0.74,48.5,0.73,195.63,0.75,37.66,0.76,69.5,0.25,39.0,0.24,69.5,0.26,43.5,0.27,177.03,0.01,0.01,2371.086664,1776292340000
1776292345.206,145.206,0.73,119.65,0.72,160.0,0.75,73.16,0.76,77.5,0.25,37.66,0.24,69.5,0.26,48.5,0.27,195.63,0.02,0.01,2371.046364,1776292343000
1776292351.117,151.117,0.73,85.0,0.72,165.0,0.74,86.79,0.75,92.36,0.25,73.16,0.24,77.5,0.27,119.65,0.28,160.0,0.01,0.02,2370.679845,1776292350000
1776292356.06,156.06,0.73,75.0,0.72,155.0,0.74,139.46,0.75,93.36,0.26,86.79,0.25,92.36,0.27,85.0,0.28,165.0,0.01,0.01,2370.642349,1776292354000
1776292361.4,161.4,0.72,20.0,0.71,60.0,0.73,127.29,0.74,204.46,0.26,139.46,0.25,93.36,0.27,75.0,0.28,155.0,0.01,0.01,2370.554113,1776292360000
1776292362.019,162.019,0.7,183.0,0.69,210.0,0.71,100.0,0.72,55.5,0.27,127.29,0.26,204.46,0.28,20.0,0.29,60.0,0.01,0.01,2370.554113,1776292360000
1776292362.92,162.92,0.7,148.5,0.69,220.5,0.71,4.5,0.72,83.39,0.29,100.0,0.28,55.5,0.3,183.0,0.31,210.0,0.01,0.01,2370.56683,1776292361000
1776292365.747,165.747,0.7,245.5,0.69,278.5,0.73,15.0,0.74,25.5,0.29,4.5,0.28,83.39,0.3,148.5,0.31,220.5,0.03,0.01,2370.430505,1776292364000
1776292366.214,166.214,0.72,110.5,0.71,91.5,0.74,23.94,0.75,44.7,0.27,9.0,0.26,59.5,0.28,26.5,0.29,91.5,0.02,0.01,2370.428707,1776292365000
1776292366.483,166.483,0.73,115.5,0.72,93.5,0.76,24.51,0.77,22.0,0.26,23.94,0.25,44.7,0.28,110.5,0.29,91.5,0.03,0.02,2370.428707,1776292365000
1776292368.184,168.184,0.74,144.5,0.73,79.5,0.76,2.53,0.77,25.5,0.24,6.47,0.23,22.0,0.27,115.5,0.28,93.5,0.02,0.03,2370.443986,1776292366000
1776292372.348,172.348,0.76,87.1,0.75,42.5,0.77,5.0,0.78,75.5,0.24,2.53,0.23,25.5,0.26,144.5,0.27,79.5,0.01,0.02,2370.70025,1776292371000
1776292372.747,172.747,0.76,63.0,0.75,10.0,0.77,50.5,0.78,75.5,0.23,5.0,0.22,75.5,0.24,87.1,0.25,42.5,0.01,0.01,2370.70025,1776292371000
1776292374.236,174.236,0.76,181.97,0.75,46.5,0.77,5.0,0.78,65.0,0.23,50.5,0.22,75.5,0.24,63.0,0.25,10.0,0.01,0.01,2370.70035,1776292372000
1776292375.027,175.027,0.76,158.18,0.75,46.5,0.77,10.0,0.78,65.0,0.23,5.0,0.22,65.0,0.24,181.97,0.25,46.5,0.01,0.01,2370.620605,1776292374000
1776292375.343,175.343,0.77,5.0,0.76,153.18,0.78,65.0,0.79,63.2,0.23,10.0,0.22,65.0,0.24,158.18,0.25,46.5,0.01,0.01,2370.620605,1776292374000
1776292379.751,179.751,0.77,118.0,0.76,173.65,0.78,4.0,0.79,31.5,0.22,65.0,0.21,63.2,0.23,5.0,0.24,153.18,0.01,0.01,2370.701367,1776292378000
1776292379.98,179.98,0.77,5.0,0.76,142.65,0.78,13.93,0.79,31.5,0.22,11.87,0.21,31.5,0.23,116.0,0.24,173.65,0.01,0.01,2370.701367,1776292378000
1776292380.318,180.318,0.77,5.0,0.76,144.65,0.78,19.86,0.79,31.5,0.22,13.93,0.21,31.5,0.23,5.0,0.24,142.65,0.01,0.01,2370.702233,1776292379000
1776292380.803,180.803,0.77,129.5,0.76,159.65,0.78,5.0,0.79,21.0,0.22,19.86,0.21,31.5,0.23,5.0,0.24,144.65,0.01,0.01,2370.702233,1776292379000
1776292385.306,185.306,0.77,124.5,0.76,160.65,0.78,6.01,0.79,21.0,0.22,5.0,0.21,21.0,0.23,129.5,0.24,159.65,0.01,0.01,2370.790221,1776292384000
1776292386.36,186.36,0.78,120.5,0.77,54.5,0.79,17.83,0.8,60.0,0.22,6.01,0.21,21.0,0.23,124.5,0.24,160.65,0.01,0.01,2370.791076,1776292385000
1776292390.57,190.57,0.78,120.5,0.77,41.5,0.79,12.83,0.8,15.0,0.21,17.83,0.2,60.0,0.22,120.5,0.23,54.5,0.01,0.01,2370.746499,1776292389000
1776292392.411,192.411,0.78,85.07,0.77,34.5,0.79,6.91,0.8,25.5,0.21,12.83,0.2,15.0,0.22,120.5,0.23,41.5,0.01,0.01,2370.786637,1776292391000
1776292393.217,193.217,0.78,90.07,0.77,44.5,0.79,0.58,0.8,25.5,0.21,6.91,0.2,25.5,0.22,85.07,0.23,34.5,0.01,0.01,2370.786637,1776292391000
1776292394.901,194.901,0.78,44.07,0.77,25.0,0.79,35.5,0.8,35.5,0.21,0.58,0.2,25.5,0.22,90.07,0.23,44.5,0.01,0.01,2370.748149,1776292393000
1776292397.605,197.605,0.78,38.07,0.77,50.05,0.79,7.46,0.8,35.5,0.21,35.5,0.2,35.5,0.22,44.07,0.23,25.0,0.01,0.01,2370.705017,1776292396000
1776292399.549,199.549,0.78,43.92,0.77,45.5,0.79,0.28,0.8,30.5,0.21,7.46,0.2,35.5,0.22,38.07,0.23,50.05,0.01,0.01,2370.747194,1776292398000
1776292399.931,199.931,0.78,53.92,0.77,45.5,0.8,24.7,0.81,95.5,0.21,0.28,0.2,30.5,0.22,43.92,0.23,45.5,0.02,0.01,2370.749596,1776292399000
1776292400.922,200.922,0.79,34.27,0.78,30.0,0.8,8.25,0.81,95.5,0.2,24.7,0.19,95.5,0.22,53.92,0.23,45.5,0.01,0.02,2370.749596,1776292399000
1776292401.765,201.765,0.79,34.27,0.78,30.0,0.8,8.8,0.81,95.5,0.2,8.25,0.19,95.5,0.21,34.27,0.22,30.0,0.01,0.01,2370.767705,1776292400000
1776292402.87,202.87,0.79,6.65,0.78,40.5,0.8,3.75,0.81,95.5,0.2,8.8,0.19,95.5,0.21,34.27,0.22,30.0,0.01,0.01,2370.772278,1776292401000
1776292403.574,203.574,0.76,23.05,0.75,10.0,0.78,76.5,0.79,28.5,0.2,3.75,0.19,95.5,0.21,6.65,0.22,40.5,0.02,0.01,2370.717756,1776292402000
1776292403.834,203.834,0.76,21.05,0.75,10.0,0.77,72.5,0.78,45.5,0.22,76.5,0.21,28.5,0.24,23.05,0.25,10.0,0.01,0.02,2370.717756,1776292402000
1776292404.109,204.109,0.72,25.0,0.71,100.0,0.73,12.33,0.74,10.0,0.23,67.5,0.22,45.5,0.25,10.0,0.26,20.0,0.01,0.02,2370.771159,1776292403000
1776292405.484,205.484,0.71,182.27,0.7,104.5,0.72,17.97,0.73,25.0,0.27,11.02,0.26,10.0,0.28,91.51,0.29,100.0,0.01,0.01,2370.689059,1776292404000
1776292405.966,205.966,0.71,163.27,0.7,99.5,0.72,17.97,0.73,25.0,0.28,17.97,0.27,25.0,0.29,182.27,0.3,104.5,0.01,0.01,2370.689059,1776292404000
1776292410.053,210.053,0.7,87.71,0.69,230.0,0.71,6.0,0.72,43.47,0.28,17.97,0.27,25.0,0.29,163.27,0.3,99.5,0.01,0.01,2370.287163,1776292408000
1776292410.317,210.317,0.69,230.0,0.68,255.0,0.71,188.5,0.72,52.82,0.29,6.0,0.28,43.47,0.3,87.71,0.31,230.0,0.02,0.01,2370.287262,1776292409000
1776292413.148,213.148,0.63,236.86,0.62,198.39,0.65,113.5,0.66,106.5,0.29,188.5,0.28,52.82,0.31,230.0,0.32,255.0,0.02,0.02,2370.310665,1776292411000
1776292413.623,213.623,0.63,225.86,0.62,203.39,0.64,109.5,0.65,91.5,0.35,119.5,0.34,106.5,0.37,225.86,0.38,198.39,0.01,0.02,2370.079667,1776292412000
1776292415.024,215.024,0.63,81.93,0.62,153.39,0.64,106.18,0.65,91.5,0.36,109.5,0.35,91.5,0.37,81.93,0.38,203.39,0.01,0.01,2370.079667,1776292413000
1776292416.384,216.384,0.63,65.93,0.62,148.39,0.64,217.12,0.65,172.08,0.36,102.43,0.35,91.5,0.37,81.93,0.38,153.39,0.01,0.01,2369.909651,1776292415000
1776292416.588,216.588,0.6,1.02,0.59,50.0,0.61,194.64,0.62,40.0,0.39,99.64,0.38,10.0,0.4,3.52,0.41,125.0,0.01,0.01,2369.909651,1776292415000
1776292416.804,216.804,0.55,50.0,0.53,5.0,0.56,204.0,0.57,10.0,0.39,211.14,0.38,40.0,0.42,125.0,0.43,75.0,0.01,0.03,2369.909651,1776292415000
1776292417.012,217.012,0.53,3.79,0.52,100.0,0.54,131.0,0.55,10.0,0.44,204.0,0.43,10.0,0.45,50.0,0.47,5.0,0.01,0.01,2369.909651,1776292415000
1776292417.488,217.488,0.48,165.0,0.47,130.32,0.52,117.0,0.53,56.0,0.46,144.0,0.45,10.0,0.48,100.0,0.49,10.0,0.04,0.02,2369.896213,1776292416000
1776292417.888,217.888,0.47,130.32,0.46,95.87,0.49,98.0,0.5,21.0,0.48,117.0,0.47,56.0,0.52,165.0,0.53,130.32,0.02,0.04,2369.896213,1776292416000
1776292418.446,218.446,0.47,40.82,0.46,105.87,0.48,102.02,0.49,39.0,0.51,98.0,0.5,21.0,0.53,130.32,0.54,95.87,0.01,0.02,2369.753722,1776292417000
1776292418.805,218.805,0.46,80.87,0.45,16.0,0.48,101.0,0.49,39.0,0.52,102.02,0.51,39.0,0.53,13.78,0.54,105.87,0.02,0.01,2369.753722,1776292417000
1776292419.32,219.32,0.44,85.0,0.43,75.0,0.47,195.0,0.48,38.5,0.52,101.0,0.51,39.0,0.54,80.87,0.55,16.0,0.03,0.02,2369.42747,1776292418000
1776292419.701,219.701,0.42,5.0,0.41,5.0,0.44,192.0,0.45,22.0,0.53,195.0,0.52,38.5,0.56,85.0,0.57,75.0,0.02,0.03,2369.42747,1776292418000
1776292419.918,219.918,0.41,0.73,0.4,3.65,0.43,121.0,0.44,134.0,0.57,20.0,0.56,198.02,0.6,3.65,0.61,40.0,0.02,0.03,2369.42747,1776292418000
1776292420.215,220.215,0.4,3.31,0.39,40.0,0.41,115.0,0.42,56.0,0.57,121.0,0.56,129.0,0.6,3.65,0.61,40.0,0.01,0.03,2369.320763,1776292419000
1776292420.426,220.426,0.38,5.0,0.37,5.0,0.41,131.0,0.42,112.0,0.59,126.0,0.58,112.0,0.61,5.0,0.62,5.0,0.03,0.02,2369.320763,1776292419000
1776292420.721,220.721,0.39,2.24,0.38,5.0,0.4,105.0,0.41,53.0,0.6,105.0,0.59,53.0,0.61,12.85,0.62,5.0,0.01,0.01,2369.320763,1776292419000
1776292421.074,221.074,0.39,35.0,0.38,20.0,0.4,6.0,0.41,11.0,0.6,95.0,0.59,43.0,0.64,67.29,0.65,50.0,0.01,0.04,2369.320763,1776292419000
1776292421.619,221.619,0.41,263.07,0.4,20.0,0.42,36.0,0.43,32.0,0.58,10.0,0.57,17.0,0.61,30.0,0.62,20.0,0.01,0.03,2369.234569,1776292420000
1776292422.849,222.849,0.42,28.4,0.41,264.2,0.43,21.0,0.44,26.0,0.58,11.35,0.57,26.0,0.59,263.07,0.6,10.0,0.01,0.01,2369.155291,1776292421000
1776292424.659,224.659,0.49,30.0,0.48,45.13,0.5,0.4,0.51,5.0,0.57,21.0,0.56,26.0,0.58,28.4,0.59,264.2,0.01,0.01,2369.212143,1776292423000
1776292424.969,224.969,0.49,40.0,0.48,45.13,0.51,11.8,0.52,54.4,0.5,0.4,0.49,5.0,0.51,30.0,0.52,45.13,0.02,0.01,2369.212143,1776292423000
1776292425.723,225.723,0.5,3.8,0.49,40.0,0.51,16.8,0.52,111.01,0.49,11.8,0.48,54.4,0.51,40.0,0.52,45.13,0.01,0.02,2369.203613,1776292424000
1776292427.373,227.373,0.51,60.0,0.5,34.93,0.52,21.61,0.53,18.0,0.49,16.8,0.48,111.01,0.5,3.8,0.51,40.0,0.01,0.01,2369.213896,1776292425000
1776292428.425,228.425,0.51,51.18,0.5,24.93,0.52,42.73,0.53,15.0,0.48,21.61,0.47,18.0,0.49,60.0,0.5,39.93,0.01,0.01,2369.213896,1776292425000
1776292429.22,229.22,0.51,78.31,0.5,24.8,0.54,50.0,0.58,17.14,0.48,42.73,0.47,15.0,0.49,51.18,0.5,24.93,0.03,0.01,2369.401893,1776292427000
1776292429.592,229.592,0.52,27.13,0.51,66.18,0.57,10.0,0.58,42.14,0.47,26.24,0.46,10.0,0.48,27.13,0.49,61.18,0.05,0.01,2369.48965,1776292428000
1776292429.807,229.807,0.56,72.72,0.55,10.0,0.58,63.14,0.59,20.5,0.43,10.0,0.42,42.14,0.48,27.13,0.49,66.18,0.02,0.05,2369.48965,1776292428000
1776292430.618,230.618,0.57,10.0,0.56,97.72,0.58,101.83,0.59,30.5,0.42,63.14,0.41,20.5,0.44,72.72,0.45,10.0,0.01,0.02,2369.48495,1776292429000
1776292431.11,231.11,0.56,84.88,0.53,21.0,0.58,22.38,0.59,25.5,0.42,101.83,0.41,30.5,0.43,10.0,0.44,97.72,0.02,0.01,2369.48495,1776292429000
1776292431.513,231.513,0.56,1.61,0.55,5.0,0.57,175.5,0.58,151.88,0.42,22.38,0.41,25.5,0.44,84.88,0.47,21.0,0.01,0.02,2369.52365,1776292430000
1776292431.738,231.738,0.47,10.0,0.45,25.0,0.48,91.22,0.49,20.5,0.43,181.5,0.42,151.88,0.51,10.0,0.53,10.0,0.01,0.08,2369.52365,1776292430000
1776292432.148,232.148,0.41,239.2,0.4,15.13,0.43,79.67,0.44,10.0,0.52,91.22,0.51,20.5,0.53,10.0,0.55,25.0,0.02,0.01,2369.52365,1776292430000
1776292432.431,232.431,0.41,238.96,0.4,15.13,0.42,87.0,0.43,34.67,0.57,79.67,0.56,10.0,0.59,239.2,0.6,15.13,0.01,0.02,2369.52365,1776292430000
1776292432.689,232.689,0.41,218.46,0.4,15.13,0.42,87.0,0.43,34.67,0.58,87.0,0.57,34.67,0.59,238.96,0.6,15.13,0.01,0.01,2369.52365,1776292430000
1776292432.921,232.921,0.41,202.2,0.4,15.13,0.42,82.0,0.43,34.67,0.58,87.0,0.57,34.67,0.59,218.46,0.6,15.13,0.01,0.01,2369.561781,1776292431000
1776292433.267,233.267,0.41,186.82,0.4,5.0,0.42,80.0,0.43,22.67,0.58,82.0,0.57,34.67,0.59,202.2,0.6,15.13,0.01,0.01,2369.561781,1776292431000
1776292435.363,235.363,0.41,196.95,0.4,5.0,0.42,60.61,0.43,22.67,0.58,77.61,0.57,22.67,0.59,186.82,0.6,15.13,0.01,0.01,2369.336724,1776292433000
1776292436.302,236.302,0.41,146.82,0.4,5.0,0.42,102.61,0.43,22.67,0.58,60.61,0.57,22.67,0.59,196.95,0.6,5.0,0.01,0.01,2369.235174,1776292435000
1776292436.6,236.6,0.41,55.43,0.4,5.0,0.42,102.61,0.43,22.67,0.58,102.61,0.57,22.67,0.59,75.43,0.6,5.0,0.01,0.01,2369.235174,1776292435000
1776292436.841,236.841,0.41,38.63,0.4,5.0,0.42,115.61,0.43,104.28,0.58,102.61,0.57,104.28,0.59,50.43,0.6,5.0,0.01,0.01,2369.235174,1776292435000
1776292437.046,237.046,0.38,2.19,0.36,32.29,0.4,97.5,0.41,90.5,0.58,175.11,0.57,104.28,0.61,55.0,0.62,5.0,0.02,0.03,2369.235174,1776292435000
1776292437.402,237.402,0.35,35.0,0.34,185.0,0.39,20.5,0.4,174.5,0.6,97.5,0.59,90.5,0.62,2.19,0.64,32.29,0.04,0.02,2369.235174,1776292435000
1776292438.061,238.061,0.35,5.0,0.34,160.0,0.42,30.0,0.43,71.11,0.61,20.5,0.6,174.5,0.65,35.0,0.66,185.0,0.07,0.04,2369.220519,1776292436000
1776292438.504,238.504,0.37,5.08,0.34,170.13,0.38,11.81,0.39,10.0,0.58,19.64,0.57,71.11,0.65,15.13,0.66,165.0,0.01,0.07,2369.220519,1776292436000
1776292439.241,239.241,0.38,10.0,0.37,15.08,0.4,10.0,0.41,15.0,0.62,11.81,0.61,10.0,0.63,5.08,0.66,170.13,0.02,0.01,2369.034308,1776292437000
1776292439.631,239.631,0.38,10.0,0.36,10.0,0.4,95.52,0.41,15.0,0.6,95.52,0.59,15.0,0.61,5.0,0.62,10.0,0.02,0.01,2368.800673,1776292438000
1776292439.941,239.941,0.39,5.0,0.38,20.0,0.42,10.0,0.43,21.0,0.6,86.26,0.59,10.0,0.62,10.0,0.63,15.0,0.03,0.02,2368.800673,1776292438000
1776292440.153,240.153,0.41,4.0,0.4,10.0,0.43,21.0,0.44,10.0,0.57,21.0,0.56,10.0,0.59,4.0,0.6,10.0,0.02,0.02,2368.800673,1776292438000
1776292440.42,240.42,0.44,5.03,0.43,15.0,0.45,11.0,0.46,11.0,0.55,111.0,0.54,21.0,0.57,8.81,0.58,21.0,0.01,0.02,2368.876532,1776292439000
1776292440.839,240.839,0.47,5.18,0.46,15.0,0.49,26.0,0.5,26.0,0.52,10.0,0.51,21.0,0.56,8.5,0.57,20.0,0.02,0.04,2368.876532,1776292439000
1776292441.188,241.188,0.47,4.33,0.46,16.35,0.48,15.0,0.49,26.0,0.52,10.0,0.51,26.0,0.54,11.35,0.55,15.0,0.01,0.02,2368.876532,1776292439000
1776292441.647,241.647,0.43,6.37,0.42,10.0,0.46,10.0,0.47,15.0,0.53,10.0,0.52,15.0,0.55,9.82,0.56,17.5,0.03,0.02,2369.056589,1776292440000
1776292441.847,241.847,0.46,8.12,0.45,10.0,0.47,5.0,0.48,74.13,0.54,10.0,0.53,15.0,0.57,6.37,0.58,10.0,0.01,0.03,2369.056589,1776292440000
1776292442.059,242.059,0.44,3.47,0.43,6.37,0.45,10.0,0.46,10.0,0.53,5.0,0.52,74.13,0.54,8.12,0.55,10.0,0.01,0.01,2369.056589,1776292440000
1776292442.336,242.336,0.43,4.84,0.42,17.0,0.45,10.0,0.46,23.0,0.55,10.0,0.54,10.0,0.56,3.47,0.57,6.37,0.02,0.01,2369.056589,1776292440000
1776292442.792,242.792,0.42,17.0,0.41,15.0,0.45,10.0,0.46,13.04,0.54,8.04,0.53,15.0,0.58,17.0,0.59,15.0,0.03,0.04,2369.056589,1776292440000
1776292443.151,243.151,0.42,10.47,0.41,15.0,0.45,8.88,0.46,13.04,0.56,10.0,0.55,10.0,0.58,10.47,0.59,15.0,0.03,0.02,2369.262291,1776292441000
1776292443.566,243.566,0.41,15.0,0.4,10.0,0.42,6.53,0.44,10.0,0.55,8.88,0.54,13.04,0.58,10.47,0.59,15.0,0.01,0.03,2369.262291,1776292441000
1776292443.785,243.785,0.41,3.47,0.4,10.0,0.42,11.53,0.43,10.0,0.58,6.53,0.56,10.0,0.59,15.0,0.6,10.0,0.01,0.01,2369.318679,1776292442000
1776292444.632,244.632,0.4,3.47,0.39,15.0,0.42,16.53,0.43,10.0,0.58,11.53,0.57,10.0,0.59,3.47,0.6,10.0,0.02,0.01,2369.336999,1776292443000
1776292445.759,245.759,0.41,84.0,0.4,11.47,0.49,50.0,0.52,14.4,0.58,16.53,0.57,10.0,0.6,3.47,0.61,15.0,0.08,0.02,2369.337053,1776292444000
1776292446.162,246.162,0.49,17.0,0.48,21.0,0.5,8.2,0.53,85.0,0.5,57.2,0.48,10.0,0.54,40.75,0.59,72.44,0.01,0.04,2369.337053,1776292444000
1776292447.417,247.417,0.41,8.0,0.39,10.0,0.52,219.23,0.53,33.8,0.47,85.0,0.42,131.14,0.51,17.0,0.52,21.0,0.11,0.04,2369.391028,1776292445000
1776292448.426,248.426,0.34,185.0,0.33,131.0,0.36,23.27,0.37,17.0,0.58,21.42,0.57,10.0,0.59,7.9,0.63,10.0,0.02,0.01,2369.414726,1776292446000
1776292449.159,249.159,0.34,140.0,0.33,125.0,0.36,6.2,0.37,17.0,0.64,23.27,0.63,17.0,0.66,185.0,0.67,131.0,0.02,0.02,2369.495546,1776292448000
1776292450.181,250.181,0.28,50.0,0.27,25.0,0.3,7.5,0.31,10.0,0.64,6.2,0.63,17.0,0.66,140.0,0.67,125.0,0.02,0.02,2369.495546,1776292448000
1776292450.645,250.645,0.26,43.0,0.25,195.0,0.3,5.0,0.31,10.0,0.7,5.0,0.69,10.0,0.72,5.0,0.73,25.0,0.04,0.02,2369.125078,1776292449000
1776292450.894,250.894,0.27,40.0,0.26,43.0,0.28,5.0,0.29,10.0,0.69,10.0,0.68,10.0,0.73,5.0,0.74,103.0,0.01,0.04,2369.125078,1776292449000
1776292451.186,251.186,0.27,55.0,0.26,43.0,0.3,3.8,0.31,10.0,0.71,10.0,0.7,10.0,0.73,55.0,0.74,43.0,0.03,0.02,2369.125078,1776292449000
1776292452.725,252.725,0.26,49.22,0.25,185.0,0.28,87.85,0.29,10.0,0.7,3.8,0.69,10.0,0.73,55.0,0.74,43.0,0.02,0.03,2368.991624,1776292451000
1776292453.961,253.961,0.27,60.0,0.26,54.22,0.3,1.46,0.31,10.0,0.72,87.85,0.71,10.0,0.74,49.22,0.75,185.0,0.03,0.02,2368.963775,1776292452000
1776292454.176,254.176,0.28,10.0,0.27,30.0,0.31,5.0,0.32,10.0,0.64,3.99,0.63,10.0,0.73,7.77,0.74,54.22,0.03,0.09,2368.963775,1776292452000
1776292455.221,255.221,0.28,10.0,0.27,23.78,0.3,11.66,0.31,10.0,0.69,5.0,0.68,10.0,0.73,8.78,0.74,44.22,0.02,0.04,2368.987539,1776292453000
1776292455.506,255.506,0.3,15.0,0.29,35.0,0.32,19.06,0.33,10.0,0.7,11.66,0.69,10.0,0.72,10.0,0.73,23.78,0.02,0.02,2369.003389,1776292454000
1776292456.253,256.253,0.33,10.0,0.32,25.0,0.35,29.0,0.36,10.0,0.62,10.0,0.61,10.0,0.7,15.0,0.71,35.0,0.02,0.08,2369.003389,1776292454000
1776292457.005,257.005,0.34,7.42,0.33,36.0,0.35,8.0,0.41,14.9,0.65,18.0,0.64,10.0,0.67,15.0,0.68,20.0,0.01,0.02,2369.091013,1776292455000
1776292457.308,257.308,0.4,11.0,0.38,11.0,0.41,76.0,0.42,50.8,0.58,24.8,0.57,10.0,0.59,25.79,0.64,40.0,0.01,0.01,2369.055106,1776292456000
1776292458.51,258.51,0.3,3.57,0.29,57.88,0.31,16.0,0.32,16.0,0.59,86.0,0.58,45.8,0.71,57.88,0.72,21.0,0.01,0.12,2369.077538,1776292457000
1776292459.002,259.002,0.29,8.39,0.28,11.0,0.3,10.0,0.31,1.0,0.69,11.0,0.68,16.0,0.7,3.57,0.71,47.88,0.01,0.01,2369.077538,1776292457000
1776292460.064,260.064,0.3,8.57,0.29,4.0,0.31,1.0,0.32,6.0,0.7,10.0,0.69,1.0,0.71,4.0,0.72,21.0,0.01,0.01,2369.099498,1776292459000
1776292460.389,260.389,0.3,7.14,0.29,4.0,0.31,1.0,0.32,6.0,0.69,1.0,0.68,6.0,0.7,8.57,0.71,4.0,0.01,0.01,2369.099498,1776292459000
1776292460.899,260.899,0.3,10.71,0.29,9.0,0.31,1.0,0.32,6.0,0.69,1.0,0.68,6.0,0.7,7.14,0.71,4.0,0.01,0.01,2369.099498,1776292459000
1776292461.456,261.456,0.3,15.0,0.29,15.0,0.31,0.83,0.32,16.0,0.69,1.0,0.68,6.0,0.72,21.0,0.73,21.0,0.01,0.03,2369.04859,1776292460000
1776292463.746,263.746,0.3,8.11,0.29,32.0,0.31,62.83,0.32,16.0,0.69,0.83,0.68,16.0,0.7,15.0,0.71,15.0,0.01,0.01,2369.046217,1776292462000
1776292464.443,264.443,0.28,20.0,0.27,10.0,0.3,9.0,0.31,29.08,0.69,60.91,0.68,89.0,0.71,5.06,0.72,27.0,0.02,0.02,2369.017093,1776292463000
1776292465.497,265.497,0.28,10.0,0.27,10.0,0.29,41.18,0.3,13.18,0.7,8.18,0.69,29.08,0.72,30.0,0.73,10.0,0.01,0.02,2369.010347,1776292464000
1776292465.859,265.859,0.27,12.94,0.26,30.0,0.28,5.0,0.29,46.18,0.72,4.0,0.71,52.19,0.73,10.0,0.74,25.0,0.01,0.01,2369.010347,1776292464000
1776292466.127,266.127,0.27,17.94,0.26,30.0,0.29,46.18,0.3,13.18,0.72,5.0,0.71,46.18,0.73,12.94,0.74,30.0,0.02,0.01,2369.010347,1776292464000
1776292470.49,270.49,0.26,13.64,0.25,90.0,0.27,5.0,0.29,43.91,0.71,43.91,0.7,13.18,0.73,12.94,0.74,30.0,0.01,0.02,2368.984188,1776292469000
1776292470.842,270.842,0.26,63.64,0.25,90.0,0.28,10.0,0.29,33.91,0.73,5.0,0.71,43.91,0.74,13.64,0.75,90.0,0.02,0.01,2368.984188,1776292469000
1776292471.996,271.996,0.31,2.97,0.25,50.0,0.32,21.5,0.33,51.3,0.69,20.0,0.67,51.3,0.74,89.64,0.75,90.0,0.01,0.05,2369.015593,1776292471000
1776292472.271,272.271,0.24,25.0,0.23,85.3,0.27,10.0,0.28,10.0,0.68,21.5,0.67,51.3,0.69,2.97,0.75,50.0,0.03,0.01,2369.015593,1776292471000
1776292472.71,272.71,0.23,12.32,0.22,15.0,0.24,20.0,0.25,20.0,0.76,4.0,0.75,25.0,0.77,60.3,0.78,10.0,0.01,0.01,2369.015593,1776292471000
1776292473.412,273.412,0.21,159.62,0.2,110.0,0.22,147.4,0.23,10.05,0.77,5.05,0.76,15.0,0.79,166.32,0.8,100.0,0.01,0.02,2369.092379,1776292472000
1776292473.691,273.691,0.21,198.98,0.2,110.0,0.22,142.4,0.23,10.05,0.78,142.4,0.77,10.05,0.79,209.62,0.8,110.0,0.01,0.01,2369.092379,1776292472000
1776292474.13,274.13,0.21,151.98,0.2,131.0,0.22,37.4,0.29,20.0,0.78,142.4,0.77,10.05,0.79,198.98,0.8,110.0,0.01,0.01,2369.092379,1776292472000
1776292474.338,274.338,0.25,17.0,0.24,20.0,0.27,7.67,0.28,10.0,0.71,20.0,0.7,17.1,0.79,156.98,0.8,131.0,0.02,0.08,2369.078227,1776292473000
1776292474.611,274.611,0.24,0.33,0.23,29.0,0.26,116.77,0.27,12.67,0.74,105.96,0.73,12.67,0.75,0.34,0.76,20.0,0.02,0.01,2369.078227,1776292473000
1776292475.285,275.285,0.23,27.0,0.22,10.0,0.25,16.41,0.26,101.77,0.74,116.77,0.73,12.67,0.76,0.33,0.77,29.0,0.02,0.02,2369.039072,1776292474000
1776292475.537,275.537,0.24,5.0,0.23,27.0,0.25,16.41,0.26,106.77,0.75,16.41,0.74,106.77,0.77,27.0,0.78,10.0,0.01,0.02,2369.039072,1776292474000
1776292478.385,278.385,0.23,2.5,0.22,10.0,0.24,5.0,0.25,36.41,0.75,31.41,0.74,116.77,0.77,14.71,0.78,10.0,0.01,0.02,2368.998202,1776292477000
1776292479.01,279.01,0.22,4.95,0.21,170.98,0.24,132.02,0.25,31.41,0.76,107.02,0.75,36.41,0.78,6.25,0.79,170.98,0.02,0.02,2368.998202,1776292477000
1776292480.405,280.405,0.21,58.15,0.2,10.0,0.22,102.86,0.23,25.0,0.76,132.02,0.75,31.41,0.78,4.95,0.79,170.98,0.01,0.02,2368.992682,1776292479000
1776292480.646,280.646,0.21,68.15,0.2,10.0,0.22,52.59,0.23,25.0,0.78,56.16,0.77,25.0,0.79,58.15,0.8,10.0,0.01,0.01,2368.992682,1776292479000
1776292481.088,281.088,0.21,73.15,0.2,10.0,0.22,18.59,0.23,35.0,0.78,19.59,0.77,25.0,0.79,73.15,0.8,10.0,0.01,0.01,2368.99168,1776292480000
1776292481.909,281.909,0.21,55.01,0.2,10.0,0.22,105.68,0.23,35.0,0.78,1.59,0.77,35.0,0.79,73.15,0.8,10.0,0.01,0.01,2368.99168,1776292480000
1776292482.602,282.602,0.21,32.43,0.19,60.0,0.22,95.68,0.23,35.0,0.78,107.45,0.77,35.0,0.79,33.7,0.8,10.0,0.01,0.01,2368.977198,1776292481000
1776292483.312,283.312,0.21,0.56,0.19,50.0,0.22,105.68,0.23,35.0,0.78,95.68,0.77,35.0,0.79,27.56,0.81,60.0,0.01,0.01,2368.970643,1776292482000
1776292483.882,283.882,0.19,30.0,0.18,185.0,0.22,105.68,0.23,35.0,0.78,105.68,0.77,35.0,0.79,0.56,0.81,50.0,0.03,0.01,2368.970643,1776292482000
1776292484.942,284.942,0.19,15.31,0.18,40.0,0.2,29.89,0.21,10.0,0.78,105.68,0.77,35.0,0.81,30.0,0.82,185.0,0.01,0.03,2368.97455,1776292483000
1776292485.782,285.782,0.18,35.61,0.17,185.0,0.2,19.89,0.21,15.0,0.8,29.89,0.79,10.0,0.81,12.81,0.82,40.0,0.02,0.01,2368.975773,1776292484000
1776292488.137,288.137,0.17,34.73,0.16,135.0,0.18,10.0,0.19,81.0,0.8,19.89,0.79,15.0,0.82,35.61,0.83,185.0,0.01,0.02,2368.982761,1776292486000
1776292488.744,288.744,0.17,37.32,0.16,176.0,0.18,15.0,0.19,81.0,0.82,10.0,0.81,81.0,0.83,34.73,0.84,135.0,0.01,0.01,2369.040155,1776292487000
1776292489.21,289.21,0.17,45.09,0.16,193.0,0.18,15.0,0.19,81.0,0.82,15.0,0.81,81.0,0.83,37.32,0.84,176.0,0.01,0.01,2369.040155,1776292487000
1776292489.988,289.988,0.17,40.09,0.16,135.0,0.18,0.2,0.19,80.9,0.81,80.9,0.8,14.89,0.83,40.09,0.84,193.0,0.01,0.02,2368.987659,1776292488000
1776292490.758,290.758,0.18,5.0,0.17,15.94,0.19,70.9,0.2,14.89,0.82,0.2,0.81,80.9,0.83,40.09,0.84,135.0,0.01,0.01,2368.98557,1776292489000
1776292491.616,291.616,0.17,5.94,0.16,165.0,0.18,0.2,0.19,71.0,0.8,0.1,0.79,60.0,0.82,5.0,0.83,15.94,0.01,0.02,2368.98557,1776292489000
1776292492.888,292.888,0.12,14.99,0.11,20.0,0.17,32.0,0.18,0.2,0.82,0.2,0.81,71.0,0.83,5.94,0.84,165.0,0.05,0.01,2369.02584,1776292491000
1776292493.121,293.121,0.09,107.02,0.08,20.68,0.16,10.0,0.17,22.2,0.83,22.2,0.82,0.2,0.89,20.0,0.9,10.0,0.07,0.06,2369.02584,1776292491000
1776292493.362,293.362,0.09,104.82,0.08,20.68,0.12,3.62,0.13,5.74,0.88,6.0,0.87,5.74,0.91,104.82,0.92,20.68,0.03,0.03,2369.0975,1776292492000
1776292493.673,293.673,0.1,7.97,0.08,18.26,0.11,50.0,0.12,3.62,0.88,25.62,0.86,10.0,0.92,8.26,0.93,10.0,0.01,0.04,2369.0975,1776292492000
1776292493.899,293.899,0.09,3.9,0.07,10.0,0.11,77.0,0.12,13.62,0.89,77.0,0.88,13.62,0.91,2.61,0.94,0.87,0.02,0.02,2368.998114,1776292493000
1776292494.107,294.107,0.05,25.0,0.04,35.0,0.06,25.43,0.1,10.0,0.94,25.43,0.9,10.0,0.95,25.0,0.96,35.0,0.01,0.01,2368.998114,1776292493000
1776292494.32,294.32,0.03,135.57,0.02,340.7,0.06,35.43,0.09,10.0,0.94,35.43,0.91,10.0,0.96,5.1,0.97,180.47,0.03,0.02,2368.998114,1776292493000
1776292494.52,294.52,0.04,7.76,0.03,119.27,0.06,30.43,0.09,10.0,0.94,35.43,0.91,10.0,0.97,119.27,0.98,340.7,0.02,0.03,2368.998114,1776292493000
1776292494.822,294.822,0.04,10.0,0.03,67.02,0.05,19.2,0.06,35.43,0.95,29.0,0.94,30.43,0.97,67.02,0.98,340.7,0.01,0.02,2368.998114,1776292493000
1776292495.148,295.148,0.02,340.7,0.01,1177.0,0.03,7.47,0.05,34.2,0.95,24.2,0.94,35.43,0.96,1.75,0.97,17.02,0.01,0.01,2368.998114,1776292493000
1776292495.599,295.599,0.02,277.67,0.01,1277.0,0.03,17.47,0.05,34.2,0.97,17.47,0.95,34.2,0.98,290.7,0.99,1177.0,0.01,0.01,2368.734223,1776292494000
1776292496.351,296.351,0.02,275.62,0.01,1277.0,0.03,7.7,0.05,34.2,0.97,7.7,0.95,34.2,0.98,277.67,0.99,1277.0,0.01,0.01,2368.734223,1776292494000
1776292496.562,296.562,0.02,273.59,0.01,1277.0,0.03,7.7,0.05,34.2,0.97,7.7,0.95,34.2,0.98,275.62,0.99,1277.0,0.01,0.01,2368.734223,1776292494000
1776292496.875,296.875,0.02,265.42,0.01,1277.0,0.03,25.7,0.04,6.0,0.97,7.7,0.95,34.2,0.98,270.42,0.99,1277.0,0.01,0.01,2368.734223,1776292494000
1776292497.082,297.082,0.02,260.31,0.01,1277.0,0.03,25.7,0.04,6.0,0.97,25.7,0.96,6.0,0.98,265.42,0.99,1277.0,0.01,0.01,2368.670541,1776292495000
1776292497.316,297.316,0.02,215.31,0.01,1277.0,0.03,25.7,0.04,6.0,0.97,25.7,0.96,6.0,0.98,260.31,0.99,1277.0,0.01,0.01,2368.670541,1776292495000
1776292497.524,297.524,0.01,788.68,,,0.03,37.7,0.04,6.0,0.97,25.7,0.96,6.0,0.99,798.79,,,0.02,0.02,2368.670541,1776292495000
1776292498.154,298.154,,,,,0.01,292.42,0.02,30.0,0.99,6.29,0.97,37.7,,,,,,,2368.670541,1776292496000

# RESULT,winner=Down,slug=eth-updown-5m-1776292200,ticks=322
