timestamp,elapsed_sec,up_bid_p1,up_bid_s1,up_bid_p2,up_bid_s2,up_ask_p1,up_ask_s1,up_ask_p2,up_ask_s2,down_bid_p1,down_bid_s1,down_bid_p2,down_bid_s2,down_ask_p1,down_ask_s1,down_ask_p2,down_ask_s2,up_spread,down_spread,eth_price,eth_oracle_ts
1776278700.987,0.987,0.47,8.11,0.46,15.0,0.48,10.0,0.49,10.0,0.52,10.0,0.51,10.0,0.53,10.0,0.54,15.0,0.01,0.01,2354.514266,1776278699000
1776278701.333,1.333,0.47,8.11,0.46,15.0,0.5,5.4,0.52,10.0,0.52,10.0,0.51,10.0,0.53,8.11,0.54,15.0,0.03,0.01,2354.514785,1776278700000
1776278701.844,1.844,0.49,5.0,0.47,65.11,0.52,10.0,0.53,25.0,0.48,10.0,0.47,15.0,0.53,8.11,0.54,15.0,0.03,0.05,2354.514785,1776278700000
1776278702.24,2.24,0.5,5.0,0.49,5.0,0.53,18.6,0.54,23.0,0.48,10.0,0.47,25.0,0.51,5.0,0.53,65.11,0.03,0.03,2354.51671,1776278701000
1776278702.478,2.478,0.51,12.79,0.5,5.0,0.53,18.6,0.54,23.0,0.47,18.6,0.46,23.0,0.5,5.0,0.51,5.0,0.02,0.03,2354.51671,1776278701000
1776278702.891,2.891,0.51,7.79,0.5,20.0,0.53,18.6,0.54,38.0,0.47,18.6,0.46,23.0,0.49,12.79,0.5,5.0,0.02,0.02,2354.51671,1776278701000
1776278703.268,3.268,0.51,10.0,0.5,5.0,0.52,8.07,0.53,23.6,0.47,18.6,0.46,38.0,0.49,2.79,0.5,20.0,0.01,0.02,2354.612742,1776278702000
1776278704.538,4.538,0.52,23.99,0.51,15.0,0.53,18.6,0.54,38.0,0.48,23.07,0.47,33.6,0.49,5.0,0.5,15.0,0.01,0.01,2354.70297,1776278703000
1776278704.759,4.759,0.52,23.99,0.51,15.0,0.53,18.41,0.54,38.0,0.47,18.6,0.46,38.0,0.48,23.99,0.49,15.0,0.01,0.01,2354.70297,1776278703000
1776278705.03,5.03,0.52,16.79,0.51,15.0,0.53,23.41,0.54,38.0,0.47,18.41,0.46,38.0,0.48,26.9,0.49,15.0,0.01,0.01,2354.70297,1776278703000
1776278705.616,5.616,0.52,21.79,0.51,15.0,0.53,3.41,0.54,38.0,0.47,23.41,0.46,38.0,0.48,16.79,0.49,15.0,0.01,0.01,2354.638838,1776278704000
1776278706.15,6.15,0.52,16.79,0.51,15.0,0.53,12.41,0.54,38.0,0.47,3.41,0.46,38.0,0.48,21.79,0.49,15.0,0.01,0.01,2354.638838,1776278704000
1776278707.006,7.006,0.52,11.79,0.51,15.0,0.54,40.43,0.55,20.0,0.47,10.59,0.46,38.0,0.48,11.79,0.49,15.0,0.02,0.01,2354.63536,1776278705000
1776278707.502,7.502,0.52,11.79,0.51,15.0,0.53,5.0,0.54,40.43,0.46,40.43,0.45,20.0,0.48,11.79,0.49,15.0,0.01,0.02,2354.597582,1776278706000
1776278710.139,10.139,0.53,11.8,0.52,37.29,0.54,45.93,0.55,25.0,0.46,40.43,0.45,20.0,0.48,11.79,0.49,15.0,0.01,0.02,2354.58055,1776278709000
1776278710.382,10.382,0.53,4.3,0.52,37.29,0.54,51.93,0.55,36.0,0.46,40.93,0.45,25.0,0.47,11.8,0.48,37.29,0.01,0.01,2354.58055,1776278709000
1776278710.98,10.98,0.53,14.8,0.52,37.29,0.54,0.93,0.55,31.0,0.46,51.93,0.45,36.0,0.47,4.3,0.48,37.29,0.01,0.01,2354.58055,1776278709000
1776278712.194,12.194,0.52,20.96,0.51,20.5,0.54,5.93,0.55,31.0,0.46,0.93,0.45,31.0,0.47,4.3,0.48,37.29,0.02,0.01,2354.607506,1776278711000
1776278713.588,13.588,0.53,10.0,0.52,20.96,0.57,8.85,0.58,16.0,0.46,5.93,0.45,31.0,0.48,20.96,0.49,20.5,0.04,0.02,2354.607591,1776278712000
1776278714.051,14.051,0.53,10.0,0.52,20.96,0.57,0.07,0.58,21.0,0.43,8.85,0.42,16.0,0.47,10.0,0.48,20.96,0.04,0.04,2354.607591,1776278712000
1776278714.61,14.61,0.56,50.0,0.55,10.0,0.59,46.0,0.6,11.0,0.43,0.07,0.42,21.0,0.47,10.0,0.48,20.96,0.03,0.04,2354.693411,1776278713000
1776278715.51,15.51,0.58,10.0,0.57,16.0,0.59,39.3,0.6,11.0,0.41,46.0,0.4,11.0,0.44,50.0,0.45,10.0,0.01,0.03,2354.917633,1776278714000
1776278715.969,15.969,0.58,10.0,0.57,16.0,0.59,28.11,0.6,11.0,0.41,39.3,0.4,11.0,0.42,10.0,0.43,16.0,0.01,0.01,2355.053893,1776278715000
1776278716.61,16.61,0.58,10.0,0.57,10.0,0.6,7.85,0.62,50.0,0.41,28.11,0.4,11.0,0.42,10.0,0.43,16.0,0.02,0.01,2355.053893,1776278715000
1776278716.839,16.839,0.58,10.0,0.57,10.0,0.67,3.84,0.69,6.0,0.4,2.85,0.36,5.0,0.42,10.0,0.43,10.0,0.09,0.02,2355.053893,1776278715000
1776278717.21,17.21,0.66,10.0,0.65,10.0,0.68,10.0,0.69,6.0,0.33,3.84,0.31,6.0,0.42,10.0,0.43,10.0,0.02,0.09,2355.073587,1776278716000
1776278717.958,17.958,0.66,10.0,0.65,10.0,0.68,19.0,0.69,6.0,0.32,10.0,0.31,6.0,0.34,10.0,0.35,10.0,0.02,0.02,2355.073587,1776278716000
1776278718.499,18.499,0.66,10.0,0.65,10.0,0.67,4.0,0.68,10.0,0.32,10.0,0.31,6.0,0.34,10.0,0.35,10.0,0.01,0.02,2355.149515,1776278717000
1776278721.412,21.412,0.66,7.05,0.65,21.0,0.69,60.0,0.72,50.0,0.33,4.0,0.32,10.0,0.34,10.0,0.35,10.0,0.03,0.01,2355.407774,1776278720000
1776278721.717,21.717,0.68,10.0,0.67,16.0,0.7,8.42,0.71,9.0,0.31,60.0,0.28,50.0,0.34,7.05,0.35,21.0,0.02,0.03,2355.407774,1776278720000
1776278723.103,23.103,0.69,10.0,0.68,15.5,0.7,4.0,0.71,9.0,0.3,8.42,0.29,9.0,0.32,10.0,0.33,16.0,0.01,0.02,2355.404289,1776278721000
1776278723.918,23.918,0.7,10.0,0.69,10.0,0.72,5.43,0.74,14.0,0.28,59.0,0.26,14.0,0.31,10.0,0.32,21.5,0.02,0.03,2355.419246,1776278722000
1776278724.212,24.212,0.7,10.0,0.69,10.0,0.72,5.0,0.74,14.0,0.28,5.43,0.26,14.0,0.3,10.0,0.31,10.0,0.02,0.02,2355.568353,1776278723000
1776278724.491,24.491,0.71,10.0,0.7,10.0,0.72,0.13,0.74,14.0,0.28,5.0,0.26,14.0,0.3,10.0,0.31,10.0,0.01,0.02,2355.568353,1776278723000
1776278724.747,24.747,0.72,8.92,0.71,10.0,0.74,14.0,0.77,5.0,0.28,0.13,0.26,14.0,0.29,10.0,0.3,10.0,0.02,0.01,2355.568353,1776278723000
1776278725.259,25.259,0.72,7.84,0.71,10.0,0.74,14.0,0.77,5.0,0.26,14.0,0.23,5.0,0.28,8.92,0.29,10.0,0.02,0.02,2355.787009,1776278724000
1776278725.502,25.502,0.71,2.74,0.7,10.0,0.74,14.0,0.79,35.0,0.26,14.0,0.23,5.0,0.28,7.84,0.29,10.0,0.03,0.02,2355.787009,1776278724000
1776278726.022,26.022,0.71,2.74,0.7,10.0,0.72,14.11,0.73,5.0,0.28,4.09,0.26,14.0,0.29,7.74,0.3,10.0,0.01,0.01,2355.787009,1776278724000
1776278726.267,26.267,0.71,2.74,0.7,10.0,0.72,12.53,0.73,5.0,0.28,14.11,0.27,5.0,0.29,2.74,0.3,10.0,0.01,0.01,2355.787009,1776278724000
1776278727.186,27.186,0.7,7.74,0.69,10.0,0.72,22.53,0.73,80.25,0.28,12.53,0.27,5.0,0.29,2.74,0.3,10.0,0.02,0.01,2355.72159,1776278725000
1776278728.834,28.834,0.69,0.85,0.68,31.5,0.71,5.0,0.72,12.53,0.29,5.0,0.28,22.53,0.31,6.63,0.32,32.5,0.02,0.02,2355.741184,1776278727000
1776278730.155,30.155,0.7,23.13,0.69,15.0,0.71,20.0,0.72,28.53,0.29,5.0,0.28,12.53,0.3,5.33,0.31,10.0,0.01,0.01,2355.721034,1776278728000
1776278731.439,31.439,0.69,70.25,0.68,20.5,0.7,16.0,0.71,6.0,0.29,25.0,0.28,23.53,0.31,10.25,0.32,15.5,0.01,0.02,2355.782445,1776278730000
1776278731.975,31.975,0.69,100.25,0.68,20.5,0.7,8.98,0.71,6.0,0.3,13.98,0.29,6.0,0.31,70.25,0.32,20.5,0.01,0.01,2355.782445,1776278730000
1776278732.517,32.517,0.69,100.25,0.68,20.5,0.7,6.83,0.72,17.53,0.3,8.98,0.29,6.0,0.31,100.25,0.32,20.5,0.01,0.01,2355.825025,1776278731000
1776278732.97,32.97,0.69,105.25,0.68,25.5,0.7,5.4,0.71,5.0,0.3,6.83,0.28,17.53,0.31,100.25,0.32,20.5,0.01,0.01,2355.825025,1776278731000
1776278733.357,33.357,0.69,109.12,0.68,41.5,0.7,8.97,0.71,5.0,0.3,5.4,0.29,5.0,0.31,89.12,0.32,31.5,0.01,0.01,2355.73183,1776278732000
1776278733.948,33.948,0.69,110.12,0.68,35.5,0.71,5.0,0.72,37.53,0.3,8.97,0.29,5.0,0.31,109.12,0.32,41.5,0.02,0.01,2355.73183,1776278732000
1776278736.595,36.595,0.7,21.0,0.69,102.0,0.71,13.0,0.72,71.53,0.29,5.0,0.28,37.53,0.31,110.12,0.32,35.5,0.01,0.02,2355.72771,1776278735000
1776278738.403,38.403,0.7,50.0,0.69,57.08,0.71,26.71,0.72,47.33,0.29,13.0,0.28,71.53,0.3,21.0,0.31,102.0,0.01,0.01,2355.805857,1776278737000
1776278738.66,38.66,0.7,97.66,0.69,57.08,0.71,10.71,0.72,47.33,0.29,26.71,0.28,47.33,0.3,46.66,0.31,57.08,0.01,0.01,2355.805857,1776278737000
1776278739.592,39.592,0.7,92.66,0.69,57.08,0.71,50.51,0.72,47.33,0.29,10.71,0.28,47.33,0.3,97.66,0.31,57.08,0.01,0.01,2355.7414,1776278738000
1776278739.875,39.875,0.7,27.66,0.69,52.08,0.71,80.51,0.72,57.33,0.29,50.51,0.28,47.33,0.3,92.66,0.31,57.08,0.01,0.01,2355.7414,1776278738000
1776278742.226,42.226,0.7,121.0,0.69,47.08,0.71,34.0,0.72,64.33,0.29,80.51,0.28,57.33,0.3,27.66,0.31,52.08,0.01,0.01,2355.76193,1776278741000
1776278742.761,42.761,0.7,105.03,0.69,52.08,0.71,34.0,0.72,165.33,0.29,34.0,0.28,64.33,0.3,121.0,0.31,47.08,0.01,0.01,2355.76193,1776278741000
1776278743.005,43.005,0.7,105.03,0.69,47.08,0.71,24.0,0.72,113.33,0.29,34.0,0.28,165.33,0.3,105.03,0.31,52.08,0.01,0.01,2355.813498,1776278742000
1776278743.963,43.963,0.7,70.03,0.69,47.08,0.72,6.25,0.73,10.0,0.29,29.8,0.28,113.33,0.3,105.03,0.31,47.08,0.02,0.01,2355.835013,1776278743000
1776278745.192,45.192,0.71,95.0,0.7,28.03,0.72,43.86,0.73,31.0,0.28,6.25,0.27,10.0,0.29,4.0,0.3,23.03,0.01,0.01,2355.866209,1776278744000
1776278745.412,45.412,0.71,95.0,0.7,23.03,0.72,33.72,0.73,31.0,0.28,43.86,0.27,31.0,0.29,95.0,0.3,28.03,0.01,0.01,2355.866209,1776278744000
1776278745.797,45.797,0.71,75.0,0.7,23.03,0.72,11.26,0.73,97.84,0.28,14.83,0.27,31.0,0.29,80.0,0.3,33.03,0.01,0.01,2355.866209,1776278744000
1776278746.379,46.379,0.71,71.55,0.7,38.03,0.72,38.99,0.73,97.84,0.28,11.26,0.27,97.84,0.29,75.0,0.3,23.03,0.01,0.01,2355.866209,1776278744000
1776278746.824,46.824,0.71,36.55,0.7,23.03,0.72,37.6,0.73,101.84,0.28,38.99,0.27,97.84,0.29,71.55,0.3,38.03,0.01,0.01,2355.799217,1776278745000
1776278747.204,47.204,0.71,36.55,0.7,23.03,0.72,42.6,0.73,101.84,0.28,37.6,0.27,101.84,0.29,36.55,0.3,23.03,0.01,0.01,2355.799217,1776278745000
1776278748.404,48.404,0.71,76.55,0.7,44.03,0.72,33.98,0.73,111.84,0.28,42.6,0.27,101.84,0.29,36.55,0.3,23.03,0.01,0.01,2355.823806,1776278746000
1776278749.742,49.742,0.71,0.55,0.7,28.03,0.73,98.72,0.74,172.35,0.27,8.36,0.26,55.0,0.29,81.55,0.3,44.03,0.02,0.02,2355.823806,1776278746000
1776278750.363,50.363,0.72,39.82,0.71,30.9,0.73,66.87,0.74,147.46,0.27,93.72,0.26,67.0,0.28,24.82,0.29,0.55,0.01,0.01,2355.823806,1776278746000
1776278751.307,51.307,0.72,36.24,0.71,25.9,0.73,66.87,0.74,147.46,0.27,66.87,0.26,147.46,0.28,39.82,0.29,30.9,0.01,0.01,2355.706125,1776278750000
1776278752.162,52.162,0.72,6.82,0.71,25.9,0.73,72.76,0.74,69.0,0.27,62.76,0.26,147.46,0.28,36.24,0.29,25.9,0.01,0.01,2355.829658,1776278751000
1776278753.103,53.103,0.71,65.07,0.7,23.03,0.72,41.0,0.73,56.76,0.27,72.76,0.26,69.0,0.28,6.82,0.29,25.9,0.01,0.01,2355.829658,1776278751000
1776278753.399,53.399,0.71,95.07,0.7,16.0,0.72,56.0,0.73,67.76,0.28,41.0,0.27,56.76,0.29,65.07,0.3,23.03,0.01,0.01,2355.73152,1776278752000
1776278753.649,53.649,0.71,35.07,0.7,10.0,0.72,89.35,0.73,54.4,0.28,60.61,0.27,67.76,0.29,65.07,0.3,20.0,0.01,0.01,2355.73152,1776278752000
1776278754.264,54.264,0.68,0.34,0.65,50.0,0.69,17.0,0.7,17.0,0.28,89.35,0.27,54.4,0.29,35.07,0.3,10.0,0.01,0.01,2355.73152,1776278752000
1776278755.495,55.495,0.64,10.0,0.63,65.0,0.65,17.0,0.66,92.84,0.31,17.0,0.3,23.0,0.35,50.0,0.36,5.0,0.01,0.04,2355.693126,1776278754000
1776278756.061,56.061,0.64,5.0,0.63,35.0,0.65,44.0,0.66,99.84,0.35,12.0,0.34,92.84,0.36,5.0,0.37,75.0,0.01,0.01,2355.693126,1776278754000
1776278756.798,56.798,0.64,5.0,0.63,10.0,0.65,69.0,0.66,48.0,0.35,44.0,0.34,99.84,0.36,5.0,0.37,35.0,0.01,0.01,2355.489203,1776278755000
1776278757.318,57.318,0.62,55.0,0.61,75.0,0.65,75.0,0.66,84.0,0.35,69.0,0.34,48.0,0.36,5.0,0.37,10.0,0.03,0.01,2355.415311,1776278756000
1776278758.948,58.948,0.6,31.0,0.59,22.0,0.61,53.36,0.62,18.0,0.35,75.0,0.34,84.0,0.38,55.0,0.39,75.0,0.01,0.03,2355.393243,1776278757000
1776278759.457,59.457,0.58,35.0,0.57,45.5,0.61,73.36,0.62,28.0,0.39,53.36,0.38,18.0,0.4,31.0,0.41,22.0,0.03,0.01,2355.399993,1776278758000
1776278760.2,60.2,0.58,20.0,0.57,45.5,0.59,41.31,0.6,23.0,0.39,73.36,0.38,28.0,0.42,35.0,0.43,45.5,0.01,0.03,2355.399993,1776278758000
1776278760.571,60.571,0.58,15.0,0.57,45.5,0.59,37.14,0.6,44.0,0.41,41.31,0.4,23.0,0.42,20.0,0.43,45.5,0.01,0.01,2355.212755,1776278759000
1776278761.453,61.453,0.57,48.88,0.56,130.5,0.58,44.0,0.59,42.14,0.41,37.14,0.4,44.0,0.42,15.0,0.43,45.5,0.01,0.01,2355.124209,1776278760000
1776278761.912,61.912,0.56,110.5,0.55,100.0,0.58,110.0,0.59,37.14,0.42,44.0,0.41,42.14,0.43,48.88,0.44,130.5,0.02,0.01,2355.124209,1776278760000
1776278762.245,62.245,0.55,100.0,0.54,50.5,0.57,131.01,0.58,51.0,0.42,110.0,0.41,37.14,0.44,110.5,0.45,100.0,0.02,0.02,2355.124209,1776278760000
1776278762.572,62.572,0.53,85.5,0.52,35.5,0.55,86.0,0.56,106.0,0.44,143.0,0.43,92.01,0.46,4.78,0.47,85.5,0.02,0.02,2355.055156,1776278761000
1776278763.114,63.114,0.52,15.5,0.5,65.0,0.54,159.0,0.55,63.0,0.45,18.87,0.44,111.0,0.47,90.5,0.48,35.5,0.02,0.02,2355.055156,1776278761000
1776278763.471,63.471,0.47,130.0,0.46,78.0,0.51,172.0,0.52,15.0,0.47,116.0,0.46,126.0,0.5,5.0,0.53,135.0,0.04,0.03,2355.010921,1776278762000
1776278763.867,63.867,0.46,78.0,0.45,180.0,0.48,99.0,0.49,17.0,0.49,172.0,0.48,15.0,0.53,130.0,0.54,78.0,0.02,0.04,2355.010921,1776278762000
1776278764.08,64.08,0.46,75.31,0.45,185.0,0.47,31.78,0.48,6.54,0.52,1.54,0.51,17.0,0.54,70.31,0.55,185.0,0.01,0.02,2354.931277,1776278763000
1776278764.716,64.716,0.46,55.31,0.45,195.0,0.47,16.23,0.48,1.54,0.53,25.0,0.52,1.54,0.54,85.31,0.55,185.0,0.01,0.01,2354.931277,1776278763000
1776278765.007,65.007,0.46,60.31,0.45,195.0,0.47,11.12,0.48,1.54,0.53,16.23,0.52,1.54,0.54,55.31,0.55,195.0,0.01,0.01,2354.931277,1776278763000
1776278765.242,65.242,0.46,60.31,0.45,195.0,0.47,2.03,0.48,1.54,0.53,11.12,0.52,1.54,0.54,60.31,0.55,195.0,0.01,0.01,2354.931277,1776278763000
1776278765.549,65.549,0.46,60.31,0.45,195.0,0.47,12.03,0.48,1.54,0.53,2.03,0.52,1.54,0.54,60.31,0.55,195.0,0.01,0.01,2354.931277,1776278763000
1776278765.862,65.862,0.46,25.27,0.45,190.0,0.47,182.03,0.48,17.54,0.53,12.03,0.52,1.54,0.54,60.31,0.55,195.0,0.01,0.01,2354.334411,1776278764000
1776278766.219,66.219,0.43,130.0,0.42,74.66,0.46,194.0,0.47,56.03,0.53,182.03,0.52,17.54,0.55,190.0,0.56,30.0,0.03,0.02,2354.334411,1776278764000
1776278766.54,66.54,0.42,29.66,0.41,5.0,0.44,75.63,0.45,16.0,0.56,40.63,0.55,16.0,0.57,126.94,0.58,84.66,0.02,0.01,2354.281758,1776278765000
1776278766.872,66.872,0.4,190.49,0.39,41.0,0.43,57.0,0.44,20.0,0.57,10.0,0.56,80.63,0.58,18.66,0.59,5.0,0.03,0.01,2354.281758,1776278765000
1776278767.467,67.467,0.4,157.64,0.39,16.0,0.41,15.18,0.42,27.0,0.59,0.18,0.58,27.0,0.6,205.49,0.61,41.0,0.01,0.01,2354.200645,1776278766000
1776278767.814,67.814,0.37,60.0,0.34,9.0,0.4,46.0,0.41,21.18,0.59,12.02,0.58,32.0,0.6,157.64,0.61,16.0,0.03,0.01,2354.200645,1776278766000
1776278768.093,68.093,0.37,97.25,0.36,17.0,0.38,46.0,0.39,10.0,0.62,10.0,0.6,46.0,0.63,1.76,0.66,9.0,0.01,0.01,2354.200645,1776278766000
1776278768.888,68.888,0.35,5.0,0.34,113.38,0.37,56.0,0.38,31.0,0.62,51.0,0.61,10.0,0.63,114.12,0.64,22.0,0.02,0.01,2354.075018,1776278767000
1776278769.255,69.255,0.34,93.34,0.33,32.0,0.35,31.0,0.36,57.0,0.64,16.0,0.63,51.0,0.66,93.78,0.67,27.0,0.01,0.02,2353.976256,1776278768000
1776278769.687,69.687,0.34,99.53,0.33,112.86,0.35,77.0,0.36,57.0,0.65,31.0,0.64,57.0,0.66,93.34,0.67,32.0,0.01,0.01,2353.976256,1776278768000
1776278770.501,70.501,0.35,14.92,0.34,25.0,0.36,10.0,0.37,10.0,0.65,72.0,0.64,57.0,0.66,94.3,0.67,112.86,0.01,0.01,2353.831757,1776278769000
1776278770.78,70.78,0.35,113.42,0.34,54.0,0.36,5.0,0.37,10.0,0.64,10.0,0.63,10.0,0.65,14.92,0.66,25.0,0.01,0.01,2353.831757,1776278769000
1776278771.017,71.017,0.36,89.5,0.35,90.0,0.38,10.0,0.39,60.0,0.63,5.0,0.62,10.0,0.64,89.5,0.65,75.0,0.02,0.01,2353.831757,1776278769000
1776278771.386,71.386,0.37,20.0,0.36,142.57,0.38,9.07,0.39,60.0,0.62,10.0,0.61,60.0,0.64,89.5,0.65,90.0,0.01,0.02,2353.650514,1776278770000
1776278772.283,72.283,0.4,40.0,0.39,91.0,0.41,9.92,0.42,10.0,0.61,55.0,0.59,10.0,0.63,33.96,0.64,137.57,0.01,0.02,2353.650514,1776278770000
1776278772.759,72.759,0.4,21.66,0.39,19.0,0.41,9.92,0.42,10.0,0.59,9.92,0.58,10.0,0.6,34.58,0.61,91.0,0.01,0.01,2353.605702,1776278771000
1776278773.231,73.231,0.4,59.16,0.39,37.0,0.41,11.65,0.42,20.0,0.59,9.92,0.58,10.0,0.6,21.66,0.61,19.0,0.01,0.01,2353.822604,1776278772000
1776278774.697,74.697,0.4,64.47,0.39,87.76,0.41,11.65,0.42,10.0,0.59,11.65,0.58,10.0,0.6,57.14,0.61,27.0,0.01,0.01,2353.890504,1776278773000
1776278775.067,75.067,0.4,54.47,0.39,38.0,0.42,6.25,0.43,10.0,0.59,11.65,0.58,10.0,0.6,64.47,0.61,87.76,0.02,0.01,2353.890504,1776278773000
1776278775.733,75.733,0.41,50.0,0.4,40.0,0.42,13.86,0.43,15.0,0.58,6.25,0.57,10.0,0.6,54.47,0.61,38.0,0.01,0.02,2353.901903,1776278774000
1776278776.253,76.253,0.41,15.0,0.4,15.0,0.42,34.86,0.43,31.0,0.58,13.86,0.57,15.0,0.59,50.0,0.6,40.0,0.01,0.01,2353.901903,1776278774000
1776278777.808,77.808,0.39,10.0,0.38,37.0,0.41,30.0,0.42,24.86,0.58,34.86,0.57,31.0,0.59,10.0,0.6,15.0,0.02,0.01,2353.902778,1776278776000
1776278778.235,78.235,0.39,18.86,0.38,42.0,0.4,10.0,0.41,20.0,0.59,30.0,0.58,24.86,0.61,10.0,0.62,37.0,0.01,0.02,2353.964069,1776278777000
1776278778.787,78.787,0.39,23.86,0.38,75.15,0.4,10.0,0.41,20.0,0.6,10.0,0.59,20.0,0.61,18.86,0.62,42.0,0.01,0.01,2353.964069,1776278777000
1776278779.012,79.012,0.39,13.36,0.38,75.15,0.4,12.5,0.41,20.0,0.6,10.0,0.59,20.0,0.61,23.86,0.62,75.15,0.01,0.01,2353.964069,1776278777000
1776278780.017,80.017,0.39,13.36,0.38,65.15,0.4,0.5,0.41,20.0,0.6,12.5,0.59,20.0,0.61,13.36,0.62,75.15,0.01,0.01,2353.901422,1776278778000
1776278781.414,81.414,0.39,93.36,0.38,69.15,0.41,28.67,0.42,24.86,0.6,0.5,0.59,20.0,0.61,13.36,0.62,65.15,0.02,0.01,2353.909327,1776278779000
1776278783.028,83.028,0.42,71.0,0.41,110.0,0.43,8.25,0.44,25.0,0.59,28.67,0.58,24.86,0.61,95.47,0.62,69.15,0.01,0.02,2353.968333,1776278781000
1776278783.65,83.65,0.42,28.27,0.41,83.0,0.43,18.25,0.44,25.0,0.57,8.25,0.56,25.0,0.58,71.0,0.59,110.0,0.01,0.01,2353.959087,1776278782000
1776278784.321,84.321,0.42,31.54,0.41,83.0,0.43,8.25,0.44,35.0,0.57,18.25,0.56,25.0,0.58,28.27,0.59,83.0,0.01,0.01,2353.942933,1776278783000
1776278785.812,85.812,0.42,9.81,0.41,78.0,0.43,38.75,0.44,25.0,0.57,8.25,0.56,35.0,0.58,31.54,0.59,83.0,0.01,0.01,2353.97443,1776278784000
1776278786.193,86.193,0.42,8.08,0.41,26.0,0.43,41.79,0.44,25.0,0.57,43.75,0.56,25.0,0.58,8.08,0.59,15.0,0.01,0.01,2353.97443,1776278784000
1776278786.85,86.85,0.42,14.08,0.41,36.0,0.43,24.46,0.44,25.0,0.57,41.79,0.56,25.0,0.58,8.08,0.59,26.0,0.01,0.01,2353.945915,1776278785000
1776278787.589,87.589,0.42,17.35,0.41,31.0,0.43,24.46,0.44,35.0,0.57,24.46,0.56,25.0,0.58,14.08,0.59,36.0,0.01,0.01,2353.982251,1776278786000
1776278794.43,94.43,0.42,25.0,0.41,21.0,0.43,21.63,0.44,25.0,0.57,24.46,0.56,35.0,0.58,17.35,0.59,31.0,0.01,0.01,2354.015876,1776278792000
1776278797.213,97.213,0.42,66.17,0.41,125.0,0.47,40.0,0.48,5.0,0.57,21.63,0.56,25.0,0.58,25.0,0.59,21.0,0.05,0.01,2353.983885,1776278795000
1776278797.743,97.743,0.45,15.0,0.44,20.0,0.47,24.5,0.48,30.5,0.53,40.0,0.52,5.0,0.58,66.17,0.59,125.0,0.02,0.05,2353.974988,1776278796000
1776278798.0,98.0,0.45,15.0,0.44,25.69,0.46,7.82,0.47,5.0,0.53,24.5,0.52,30.5,0.55,15.0,0.56,20.0,0.01,0.02,2353.974988,1776278796000
1776278798.899,98.899,0.49,100.0,0.48,73.69,0.53,20.5,0.54,10.0,0.54,7.82,0.53,5.0,0.55,15.0,0.56,25.69,0.04,0.01,2353.983913,1776278797000
1776278799.106,99.106,0.52,15.0,0.51,10.0,0.53,14.5,0.54,15.0,0.47,20.5,0.46,10.0,0.51,100.0,0.52,73.69,0.01,0.04,2353.983913,1776278797000
1776278799.924,99.924,0.53,12.87,0.52,31.0,0.54,25.5,0.55,76.67,0.46,7.34,0.45,71.67,0.48,15.0,0.49,10.0,0.01,0.02,2353.983913,1776278797000
1776278800.349,100.349,0.53,12.87,0.52,31.0,0.55,76.67,0.56,40.0,0.46,25.5,0.45,76.67,0.47,12.87,0.48,31.0,0.02,0.01,2354.26296,1776278799000
1776278800.915,100.915,0.54,5.0,0.53,12.87,0.55,50.13,0.56,50.0,0.45,76.67,0.44,40.0,0.47,12.87,0.48,31.0,0.01,0.02,2354.26296,1776278799000
1776278801.138,101.138,0.53,12.87,0.52,26.0,0.54,27.72,0.55,65.13,0.45,60.13,0.44,114.65,0.47,12.87,0.48,26.0,0.01,0.02,2354.26296,1776278799000
1776278801.835,101.835,0.49,5.0,0.47,53.0,0.54,49.51,0.55,56.13,0.46,27.72,0.45,65.13,0.47,12.87,0.48,26.0,0.05,0.01,2354.537092,1776278800000
1776278805.871,105.871,0.49,55.5,0.48,30.5,0.53,11.93,0.54,36.0,0.46,49.51,0.45,56.13,0.51,5.0,0.53,53.0,0.04,0.05,2354.396475,1776278804000
1776278807.05,107.05,0.54,126.5,0.53,35.5,0.57,12.01,0.59,5.0,0.47,11.93,0.46,36.0,0.51,55.5,0.52,30.5,0.03,0.04,2354.490084,1776278805000
1776278807.353,107.353,0.59,20.0,0.58,25.0,0.61,78.0,0.62,5.0,0.4,2.47,0.39,55.0,0.42,15.0,0.43,10.0,0.02,0.02,2354.43724,1776278806000
1776278807.608,107.608,0.6,15.0,0.59,20.0,0.64,30.0,0.65,5.0,0.39,78.0,0.38,5.0,0.41,20.0,0.42,25.0,0.04,0.02,2354.43724,1776278806000
1776278808.061,108.061,0.63,20.0,0.62,15.0,0.65,8.99,0.66,15.0,0.36,30.0,0.35,5.0,0.4,15.0,0.41,20.0,0.02,0.04,2354.43724,1776278806000
1776278808.717,108.717,0.63,38.91,0.62,25.5,0.64,1.82,0.65,78.24,0.36,15.0,0.35,10.0,0.37,13.91,0.38,15.0,0.01,0.01,2354.47173,1776278807000
1776278809.175,109.175,0.64,30.0,0.63,59.41,0.65,36.45,0.66,16.0,0.35,28.33,0.34,11.0,0.37,33.91,0.38,25.5,0.01,0.02,2354.47173,1776278807000
1776278809.643,109.643,0.65,55.0,0.64,65.5,0.66,4.7,0.67,36.5,0.35,36.45,0.34,16.0,0.36,30.0,0.37,59.41,0.01,0.01,2354.803785,1776278808000
1776278810.355,110.355,0.65,96.5,0.64,76.5,0.66,86.21,0.67,15.0,0.34,4.7,0.33,36.5,0.35,55.0,0.36,65.5,0.01,0.01,2354.803785,1776278808000
1776278810.745,110.745,0.65,191.5,0.64,111.5,0.66,3.15,0.67,15.0,0.34,86.21,0.33,15.0,0.35,86.5,0.36,76.5,0.01,0.01,2354.803785,1776278808000
1776278811.104,111.104,0.7,19.83,0.69,20.5,0.71,25.0,0.72,107.0,0.32,10.0,0.31,25.0,0.34,85.5,0.35,166.5,0.01,0.02,2355.008186,1776278809000
1776278811.612,111.612,0.71,30.5,0.7,44.83,0.72,6.65,0.73,25.0,0.29,25.0,0.28,107.0,0.3,19.83,0.31,20.5,0.01,0.01,2355.124675,1776278810000
1776278812.162,112.162,0.73,8.04,0.72,10.0,0.74,66.0,0.75,75.0,0.28,6.65,0.27,25.0,0.29,30.5,0.3,44.83,0.01,0.01,2355.124675,1776278810000
1776278812.373,112.373,0.72,13.25,0.71,45.5,0.74,156.73,0.75,85.5,0.26,66.0,0.25,75.0,0.27,8.04,0.28,10.0,0.02,0.01,2355.124675,1776278810000
1776278813.741,113.741,0.72,24.25,0.71,45.5,0.73,20.19,0.74,161.23,0.27,16.19,0.26,146.23,0.28,8.25,0.29,45.5,0.01,0.01,2355.692675,1776278812000
1776278814.51,114.51,0.71,37.84,0.7,55.83,0.73,98.43,0.74,65.5,0.27,98.5,0.26,65.5,0.29,37.84,0.3,40.83,0.02,0.02,2355.716258,1776278813000
1776278814.996,114.996,0.72,15.0,0.71,27.84,0.73,48.63,0.74,60.5,0.27,98.43,0.26,65.5,0.29,37.84,0.3,55.83,0.01,0.02,2355.716258,1776278813000
1776278815.646,115.646,0.72,15.0,0.71,27.84,0.73,61.6,0.74,60.5,0.27,48.63,0.26,60.5,0.28,15.0,0.29,27.84,0.01,0.01,2355.716258,1776278813000
1776278816.014,116.014,0.72,15.0,0.71,27.84,0.73,55.6,0.74,60.5,0.27,61.6,0.26,60.5,0.28,15.0,0.29,27.84,0.01,0.01,2355.66151,1776278814000
1776278816.467,116.467,0.72,7.3,0.71,27.84,0.73,65.6,0.74,50.5,0.27,55.6,0.26,60.5,0.28,15.0,0.29,27.84,0.01,0.01,2355.66151,1776278814000
1776278817.899,117.899,0.71,29.54,0.7,44.83,0.73,45.6,0.74,30.5,0.27,65.6,0.26,50.5,0.28,7.3,0.29,27.84,0.02,0.01,2355.705165,1776278816000
1776278818.601,118.601,0.71,39.54,0.7,44.83,0.72,10.13,0.74,25.5,0.27,45.6,0.26,30.5,0.29,29.54,0.3,44.83,0.01,0.02,2355.656395,1776278817000
1776278819.017,119.017,0.71,30.19,0.7,40.83,0.72,5.13,0.74,25.5,0.28,10.13,0.26,25.5,0.29,39.54,0.3,44.83,0.01,0.01,2355.656395,1776278817000
1776278819.654,119.654,0.73,4.0,0.72,20.0,0.74,48.81,0.75,147.08,0.26,23.81,0.25,147.08,0.29,50.19,0.3,40.83,0.01,0.03,2355.725235,1776278818000
1776278819.991,119.991,0.73,4.0,0.72,20.0,0.74,130.86,0.75,100.5,0.26,48.81,0.25,147.08,0.27,4.0,0.28,20.0,0.01,0.01,2355.725235,1776278818000
1776278821.175,121.175,0.73,1.48,0.72,41.5,0.74,52.45,0.75,100.5,0.26,130.86,0.25,100.5,0.27,4.0,0.28,20.0,0.01,0.01,2355.713548,1776278819000
1776278821.401,121.401,0.73,1.99,0.72,20.0,0.74,52.45,0.75,100.5,0.26,52.45,0.25,100.5,0.27,7.48,0.28,31.0,0.01,0.01,2355.661855,1776278820000
1776278821.958,121.958,0.73,27.49,0.72,30.5,0.74,9.0,0.75,85.0,0.26,52.45,0.25,100.5,0.27,1.99,0.28,20.0,0.01,0.01,2355.661855,1776278820000
1776278824.113,124.113,0.72,28.99,0.71,41.19,0.74,39.5,0.75,110.5,0.26,9.0,0.25,85.0,0.27,27.49,0.28,30.5,0.02,0.01,2355.625042,1776278822000
1776278825.599,125.599,0.73,6.0,0.72,44.49,0.74,39.5,0.75,110.5,0.26,39.5,0.25,110.5,0.28,28.99,0.29,41.19,0.01,0.02,2355.752696,1776278824000
1776278827.77,127.77,0.73,25.09,0.72,34.49,0.74,29.5,0.75,121.5,0.26,39.5,0.25,110.5,0.27,6.0,0.28,44.49,0.01,0.01,2355.707033,1776278826000
1776278828.039,128.039,0.71,11.88,0.7,25.5,0.74,45.5,0.75,121.5,0.26,39.5,0.25,131.5,0.27,36.38,0.28,10.0,0.03,0.01,2355.707033,1776278826000
1776278829.617,129.617,0.73,26.0,0.72,36.5,0.74,37.47,0.75,85.5,0.27,15.5,0.26,35.5,0.28,5.0,0.29,25.5,0.01,0.01,2355.694213,1776278828000
1776278830.258,130.258,0.73,22.29,0.72,36.5,0.74,31.22,0.75,85.5,0.26,26.22,0.25,85.5,0.27,26.0,0.28,36.5,0.01,0.01,2355.629406,1776278829000
1776278831.405,131.405,0.73,22.29,0.72,36.5,0.74,17.7,0.75,85.5,0.26,31.22,0.25,85.5,0.27,22.29,0.28,36.5,0.01,0.01,2355.718943,1776278830000
1776278832.118,132.118,0.79,16.0,0.78,20.5,0.8,105.0,0.82,50.0,0.23,38.9,0.22,150.0,0.24,27.0,0.25,49.0,0.01,0.01,2355.718943,1776278830000
1776278832.385,132.385,0.79,122.5,0.78,57.5,0.82,50.0,0.83,10.0,0.2,105.0,0.18,50.0,0.21,16.0,0.22,20.5,0.03,0.01,2355.602145,1776278831000
1776278832.813,132.813,0.82,40.5,0.81,30.5,0.84,35.15,0.85,48.2,0.18,50.0,0.17,10.0,0.21,122.5,0.22,57.5,0.02,0.03,2355.602145,1776278831000
1776278833.142,133.142,0.83,2.81,0.82,50.5,0.84,25.81,0.85,43.2,0.16,41.46,0.15,48.2,0.17,4.11,0.18,30.5,0.01,0.01,2355.602145,1776278831000
1776278834.047,134.047,0.83,7.81,0.82,45.0,0.84,44.48,0.85,56.2,0.16,25.81,0.15,43.2,0.17,2.81,0.18,50.5,0.01,0.01,2355.766643,1776278832000
1776278834.326,134.326,0.83,7.81,0.82,45.0,0.84,29.48,0.85,66.2,0.16,44.48,0.15,56.2,0.17,7.81,0.18,45.0,0.01,0.01,2355.766643,1776278832000
1776278836.132,136.132,0.83,10.0,0.82,25.0,0.84,72.78,0.85,40.5,0.16,29.48,0.15,66.2,0.17,7.81,0.18,45.0,0.01,0.01,2356.318717,1776278834000
1776278837.34,137.34,0.8,6.5,0.79,10.0,0.81,65.5,0.82,44.5,0.16,62.78,0.15,40.5,0.18,25.0,0.19,30.5,0.01,0.02,2356.340178,1776278836000
1776278837.569,137.569,0.8,6.5,0.79,10.0,0.81,129.07,0.82,44.5,0.19,55.25,0.18,44.5,0.2,6.5,0.21,10.0,0.01,0.01,2356.340178,1776278836000
1776278838.868,138.868,0.79,13.61,0.78,92.78,0.8,24.5,0.81,71.5,0.19,129.07,0.18,44.5,0.2,6.5,0.21,10.0,0.01,0.01,2356.282279,1776278837000
1776278839.976,139.976,0.78,77.28,0.77,81.4,0.8,116.5,0.81,45.5,0.2,24.5,0.19,71.5,0.21,13.61,0.22,92.78,0.02,0.01,2356.122059,1776278838000
1776278840.27,140.27,0.78,53.28,0.77,55.9,0.79,117.5,0.8,88.82,0.2,105.82,0.19,45.5,0.22,77.28,0.23,81.4,0.01,0.02,2356.122059,1776278838000
1776278840.895,140.895,0.77,10.9,0.76,20.98,0.78,57.5,0.79,53.5,0.21,117.5,0.2,88.82,0.23,55.9,0.24,20.98,0.01,0.02,2355.926815,1776278839000
1776278841.829,141.829,0.77,10.9,0.76,20.98,0.78,41.35,0.79,53.5,0.22,46.89,0.21,53.5,0.23,10.9,0.24,20.98,0.01,0.01,2355.927595,1776278840000
1776278842.698,142.698,0.77,3.73,0.76,31.48,0.78,26.35,0.79,53.5,0.22,41.35,0.21,53.5,0.23,10.9,0.24,20.98,0.01,0.01,2356.019551,1776278841000
1776278843.007,143.007,0.77,46.0,0.76,36.48,0.78,10.37,0.79,53.5,0.22,26.35,0.21,53.5,0.23,3.73,0.24,31.48,0.01,0.01,2356.019551,1776278841000
1776278843.807,143.807,0.77,112.5,0.76,52.48,0.78,3.68,0.8,58.0,0.22,10.37,0.21,53.5,0.23,46.0,0.24,36.48,0.01,0.01,2355.875408,1776278842000
1776278844.089,144.089,0.77,117.5,0.76,52.48,0.79,10.0,0.8,57.5,0.22,3.68,0.2,58.0,0.23,112.5,0.24,52.48,0.02,0.01,2355.875408,1776278842000
1776278845.021,145.021,0.79,29.19,0.78,35.5,0.8,57.5,0.81,104.9,0.21,10.0,0.2,57.5,0.23,117.5,0.24,52.48,0.01,0.02,2355.818596,1776278843000
1776278845.599,145.599,0.79,5.0,0.78,20.0,0.8,73.0,0.81,104.9,0.2,57.5,0.19,104.9,0.21,23.37,0.22,35.5,0.01,0.01,2355.839333,1776278844000
1776278846.181,146.181,0.78,55.9,0.77,66.5,0.79,5.0,0.8,58.0,0.2,68.0,0.19,54.9,0.22,20.0,0.23,77.5,0.01,0.02,2355.897812,1776278845000
1776278846.43,146.43,0.78,39.15,0.77,72.5,0.79,5.0,0.8,63.05,0.21,5.0,0.2,58.0,0.22,55.9,0.23,66.5,0.01,0.01,2355.897812,1776278845000
1776278849.858,149.858,0.81,6.14,0.8,58.5,0.82,44.71,0.83,75.8,0.21,5.0,0.2,63.05,0.22,39.15,0.23,72.5,0.01,0.01,2355.875424,1776278848000
1776278850.501,150.501,0.81,5.0,0.8,58.5,0.82,44.71,0.83,65.8,0.18,44.71,0.17,75.8,0.19,6.14,0.2,58.5,0.01,0.01,2355.879779,1776278849000
1776278850.921,150.921,0.8,54.64,0.79,63.5,0.82,24.71,0.83,75.8,0.18,39.71,0.17,65.8,0.19,5.0,0.2,58.5,0.02,0.01,2355.879779,1776278849000
1776278851.266,151.266,0.8,84.64,0.79,73.5,0.82,23.97,0.83,50.3,0.18,24.71,0.17,75.8,0.2,54.64,0.21,63.5,0.02,0.02,2355.879779,1776278849000
1776278851.908,151.908,0.8,53.5,0.79,43.5,0.81,8.82,0.82,33.97,0.18,23.97,0.17,50.3,0.2,84.64,0.21,73.5,0.01,0.02,2355.971835,1776278850000
1776278853.525,153.525,0.8,53.5,0.79,43.5,0.81,7.58,0.82,23.97,0.19,8.82,0.18,33.97,0.2,13.5,0.21,43.5,0.01,0.01,2355.98421,1776278852000
1776278854.12,154.12,0.81,46.98,0.8,54.5,0.82,8.97,0.83,40.36,0.19,7.58,0.18,23.97,0.2,53.5,0.21,43.5,0.01,0.01,2355.964165,1776278853000
1776278854.472,154.472,0.81,46.98,0.8,59.5,0.82,13.97,0.83,40.36,0.18,8.97,0.17,40.36,0.19,46.98,0.2,54.5,0.01,0.01,2355.964165,1776278853000
1776278854.707,154.707,0.81,46.98,0.8,59.5,0.82,3.97,0.83,40.36,0.18,13.97,0.17,40.36,0.19,46.98,0.2,59.5,0.01,0.01,2355.964165,1776278853000
1776278855.365,155.365,0.82,178.08,0.81,62.98,0.83,9.86,0.84,8.86,0.18,3.97,0.17,40.36,0.19,46.98,0.2,59.5,0.01,0.01,2355.964165,1776278853000
1776278856.066,156.066,0.84,55.0,0.83,82.5,0.85,37.47,0.86,44.36,0.15,28.47,0.14,18.86,0.17,77.5,0.18,150.08,0.01,0.02,2355.953105,1776278855000
1776278856.488,156.488,0.83,70.61,0.82,121.08,0.85,35.39,0.86,44.36,0.15,30.39,0.14,44.36,0.16,55.0,0.17,82.5,0.02,0.01,2355.953105,1776278855000
1776278857.012,157.012,0.83,58.61,0.82,127.08,0.85,47.5,0.86,44.36,0.15,35.39,0.14,44.36,0.17,70.61,0.18,121.08,0.02,0.02,2355.953105,1776278855000
1776278857.788,157.788,0.84,11.0,0.83,58.61,0.85,40.74,0.86,69.47,0.15,47.5,0.14,44.36,0.17,58.61,0.18,127.08,0.01,0.02,2356.278037,1776278856000
1776278858.006,158.006,0.84,6.0,0.83,28.11,0.85,36.74,0.86,54.47,0.15,40.74,0.14,69.47,0.16,11.0,0.17,58.61,0.01,0.01,2356.319122,1776278857000
1776278858.407,158.407,0.82,77.08,0.81,30.5,0.83,4.75,0.84,25.5,0.15,46.74,0.14,54.47,0.18,80.08,0.19,25.5,0.01,0.03,2356.319122,1776278857000
1776278859.194,159.194,0.82,72.08,0.81,35.5,0.83,6.13,0.84,35.74,0.17,2.94,0.16,25.5,0.18,82.08,0.19,35.5,0.01,0.01,2356.319122,1776278857000
1776278859.994,159.994,0.82,41.58,0.81,30.5,0.83,76.63,0.84,45.74,0.17,6.13,0.16,35.74,0.18,72.08,0.19,35.5,0.01,0.01,2356.313763,1776278858000
1776278860.924,160.924,0.82,56.58,0.81,30.5,0.83,31.78,0.84,65.74,0.17,33.59,0.16,45.74,0.18,41.58,0.19,30.5,0.01,0.01,2356.245213,1776278859000
1776278862.55,162.55,0.83,123.5,0.82,93.08,0.84,20.24,0.86,34.97,0.17,31.78,0.16,65.74,0.18,56.58,0.19,30.5,0.01,0.01,2356.20853,1776278860000
1776278863.062,163.062,0.85,97.5,0.84,30.5,0.88,8.0,0.89,110.5,0.14,28.97,0.12,44.1,0.17,118.5,0.18,93.08,0.03,0.03,2356.101256,1776278861000
1776278865.082,165.082,0.87,190.8,0.86,135.5,0.88,100.0,0.89,200.0,0.12,2.31,0.11,110.5,0.13,10.0,0.14,20.5,0.01,0.01,2356.164263,1776278863000
1776278866.104,166.104,0.87,90.8,0.86,135.5,0.88,111.5,0.89,210.5,0.12,100.0,0.11,200.0,0.13,190.8,0.14,135.5,0.01,0.01,2356.389385,1776278865000
1776278868.585,168.585,0.88,170.66,0.87,221.93,0.9,20.5,0.91,103.0,0.12,111.5,0.11,210.5,0.13,90.8,0.14,135.5,0.02,0.01,2356.502948,1776278867000
1776278869.214,169.214,0.89,145.9,0.88,165.66,0.9,10.0,0.91,59.0,0.1,20.5,0.09,103.0,0.12,170.66,0.13,221.93,0.01,0.02,2356.49083,1776278868000
1776278870.414,170.414,0.89,150.0,0.88,165.66,0.91,56.18,0.92,63.9,0.1,8.88,0.09,65.0,0.11,145.0,0.12,165.66,0.02,0.01,2356.48467,1776278869000
1776278873.331,173.331,0.89,53.5,0.88,40.66,0.9,6.0,0.91,54.4,0.09,56.18,0.08,63.9,0.11,150.0,0.12,165.66,0.01,0.02,2356.60036,1776278872000
1776278875.344,175.344,0.89,53.0,0.88,40.66,0.9,13.77,0.91,54.4,0.1,6.0,0.09,54.4,0.11,53.5,0.12,40.66,0.01,0.01,2356.57848,1776278874000
1776278875.824,175.824,0.88,0.16,0.87,40.0,0.89,55.37,0.9,25.5,0.1,13.77,0.09,54.4,0.11,53.0,0.12,40.66,0.01,0.01,2356.57848,1776278874000
1776278876.325,176.325,0.86,10.0,0.85,20.5,0.87,30.5,0.88,67.5,0.11,94.37,0.1,25.5,0.13,40.0,0.14,20.0,0.01,0.02,2356.641654,1776278875000
1776278876.924,176.924,0.85,21.83,0.84,33.5,0.87,30.5,0.88,61.5,0.13,30.5,0.12,67.5,0.14,10.0,0.15,20.5,0.02,0.01,2356.641654,1776278875000
1776278880.355,180.355,0.9,6.0,0.89,204.5,0.91,49.4,0.92,131.9,0.13,30.5,0.12,61.5,0.15,21.83,0.16,33.5,0.01,0.02,2356.39219,1776278879000
1776278880.687,180.687,0.89,173.86,0.88,207.5,0.91,43.18,0.92,131.9,0.09,49.4,0.08,131.9,0.1,6.0,0.11,204.5,0.02,0.01,2356.39219,1776278879000
1776278880.938,180.938,0.9,10.5,0.89,65.86,0.91,47.18,0.92,236.9,0.09,43.18,0.08,131.9,0.11,173.86,0.12,207.5,0.01,0.02,2356.39219,1776278879000
1776278881.488,181.488,0.9,59.5,0.89,85.86,0.91,3.8,0.92,60.0,0.09,47.18,0.08,236.9,0.1,10.5,0.11,65.86,0.01,0.01,2356.588482,1776278880000
1776278882.221,182.221,0.9,10.0,0.89,34.5,0.91,98.03,0.92,299.07,0.08,65.08,0.07,110.0,0.09,15.0,0.1,15.5,0.01,0.01,2356.588482,1776278880000
1776278884.891,184.891,0.9,34.5,0.89,40.5,0.91,15.0,0.92,170.08,0.09,87.04,0.08,299.07,0.1,10.0,0.11,34.5,0.01,0.01,2356.716818,1776278883000
1776278886.406,186.406,0.9,59.5,0.89,35.5,0.91,3.9,0.92,175.08,0.09,15.0,0.08,170.08,0.1,34.5,0.11,40.5,0.01,0.01,2356.66797,1776278885000
1776278888.885,188.885,0.91,65.5,0.9,60.5,0.92,118.99,0.93,203.3,0.09,3.9,0.08,175.08,0.1,59.5,0.11,35.5,0.01,0.01,2356.583646,1776278887000
1776278891.12,191.12,0.92,28.63,0.91,52.5,0.93,209.3,0.94,298.8,0.08,118.99,0.07,203.3,0.09,65.5,0.1,60.5,0.01,0.01,2356.61826,1776278889000
1776278891.887,191.887,0.92,23.63,0.91,17.0,0.93,408.72,0.94,298.8,0.07,209.3,0.06,298.8,0.08,28.63,0.09,52.5,0.01,0.01,2356.648551,1776278890000
1776278892.547,192.547,0.91,24.39,0.9,25.5,0.93,319.42,0.94,340.8,0.07,408.72,0.06,298.8,0.08,23.63,0.09,17.0,0.02,0.01,2356.648551,1776278890000
1776278894.722,194.722,0.91,82.46,0.9,30.5,0.93,34.38,0.94,415.8,0.08,10.4,0.07,309.42,0.09,29.39,0.1,25.5,0.02,0.01,2356.599555,1776278893000
1776278895.086,195.086,0.91,16.04,0.9,30.5,0.92,15.0,0.93,34.38,0.07,34.38,0.06,415.8,0.09,82.46,0.1,30.5,0.01,0.02,2356.599555,1776278893000
1776278896.54,196.54,0.91,56.54,0.9,30.5,0.92,8.0,0.93,34.38,0.08,10.0,0.07,34.38,0.09,21.04,0.1,30.5,0.01,0.01,2356.60404,1776278895000
1776278898.083,198.083,0.91,21.04,0.9,25.5,0.92,32.49,0.93,29.38,0.08,8.0,0.07,34.38,0.09,56.54,0.1,30.5,0.01,0.01,2356.653989,1776278896000
1776278898.288,198.288,0.91,11.04,0.9,10.0,0.92,52.49,0.93,264.68,0.08,32.49,0.07,29.38,0.09,21.04,0.1,25.5,0.01,0.01,2356.571092,1776278897000
1776278900.421,200.421,0.9,15.5,0.89,25.5,0.91,189.02,0.92,99.9,0.08,52.49,0.07,264.68,0.1,1.04,0.11,20.5,0.01,0.02,2356.535519,1776278899000
1776278901.865,201.865,0.9,41.5,0.89,39.5,0.91,178.9,0.92,99.9,0.09,189.02,0.08,99.9,0.1,15.5,0.11,25.5,0.01,0.01,2356.400784,1776278900000
1776278902.554,202.554,0.9,41.5,0.89,34.5,0.91,176.7,0.92,99.9,0.09,178.9,0.08,99.9,0.1,41.5,0.11,39.5,0.01,0.01,2356.40745,1776278901000
1776278903.933,203.933,0.9,36.5,0.89,39.5,0.91,181.7,0.92,99.9,0.09,176.7,0.08,99.9,0.1,41.5,0.11,34.5,0.01,0.01,2356.385767,1776278902000
1776278906.227,206.227,0.9,30.5,0.89,30.5,0.91,190.6,0.92,20.0,0.09,181.7,0.08,99.9,0.1,36.5,0.11,39.5,0.01,0.01,2356.37311,1776278904000
1776278907.24,207.24,0.85,20.5,0.84,95.5,0.86,14.93,0.87,25.5,0.09,190.6,0.08,20.0,0.1,30.5,0.11,30.5,0.01,0.01,2356.37592,1776278905000
1776278907.784,207.784,0.89,60.5,0.88,38.5,0.91,261.62,0.92,63.9,0.14,14.93,0.13,25.5,0.15,20.5,0.16,95.5,0.02,0.01,2356.416886,1776278906000
1776278909.543,209.543,0.9,83.33,0.89,70.5,0.91,71.74,0.92,248.9,0.09,261.62,0.08,63.9,0.11,60.5,0.12,38.5,0.01,0.02,2356.065768,1776278908000
1776278910.357,210.357,0.9,98.83,0.89,240.5,0.91,9.0,0.92,53.9,0.09,71.74,0.08,248.9,0.1,83.33,0.11,70.5,0.01,0.01,2356.065768,1776278908000
1776278910.565,210.565,0.9,283.83,0.89,60.5,0.91,3.5,0.92,53.9,0.09,9.0,0.08,53.9,0.1,98.83,0.11,240.5,0.01,0.01,2356.065768,1776278908000
1776278911.536,211.536,0.91,13.48,0.9,283.83,0.92,53.9,0.93,75.17,0.09,3.5,0.08,53.9,0.1,283.83,0.11,60.5,0.01,0.01,2356.316219,1776278910000
1776278911.968,211.968,0.89,218.86,0.88,45.5,0.92,85.42,0.93,80.17,0.08,80.42,0.07,80.17,0.09,62.48,0.1,103.83,0.03,0.01,2356.316219,1776278910000
1776278912.583,212.583,0.89,43.86,0.88,45.5,0.91,4.72,0.92,275.42,0.08,85.42,0.07,80.17,0.11,218.86,0.12,45.5,0.02,0.03,2356.27015,1776278911000
1776278914.63,214.63,0.89,52.86,0.88,36.5,0.91,10.0,0.92,242.03,0.08,247.03,0.07,80.17,0.11,43.86,0.12,50.5,0.02,0.03,2356.296715,1776278913000
1776278917.353,217.353,0.91,8.88,0.9,40.5,0.92,34.62,0.93,260.17,0.09,10.0,0.08,242.03,0.11,52.86,0.12,36.5,0.01,0.02,2356.22875,1776278915000
1776278918.643,218.643,0.9,20.0,0.89,39.5,0.92,207.62,0.93,99.17,0.08,39.62,0.07,260.17,0.1,38.49,0.11,37.86,0.02,0.02,2356.2297,1776278917000
1776278923.347,223.347,0.89,35.0,0.88,43.5,0.9,11.69,0.91,20.0,0.08,207.62,0.07,99.17,0.1,20.0,0.11,39.5,0.01,0.02,2356.200866,1776278921000
1776278926.53,226.53,0.9,45.0,0.89,45.5,0.91,8.0,0.92,275.39,0.1,11.69,0.09,20.0,0.11,35.0,0.12,43.5,0.01,0.01,2356.09121,1776278925000
1776278931.691,231.691,0.91,10.13,0.9,55.0,0.92,26.62,0.93,245.3,0.09,8.0,0.08,275.39,0.1,45.0,0.11,45.5,0.01,0.01,2356.192786,1776278930000
1776278934.405,234.405,0.87,6.31,0.86,65.0,0.88,15.5,0.89,27.5,0.08,26.62,0.07,245.3,0.09,10.13,0.1,55.0,0.01,0.01,2356.083597,1776278933000
1776278934.706,234.706,0.87,1.0,0.86,70.0,0.88,15.5,0.89,15.5,0.12,15.5,0.11,27.5,0.13,6.31,0.14,65.0,0.01,0.01,2356.083597,1776278933000
1776278935.064,235.064,0.9,15.0,0.89,10.0,0.91,80.0,0.92,17.0,0.12,15.5,0.11,15.5,0.13,1.0,0.14,70.0,0.01,0.01,2356.083597,1776278933000
1776278935.354,235.354,0.9,39.0,0.89,23.0,0.91,76.22,0.93,32.0,0.09,80.0,0.08,17.0,0.1,15.0,0.11,10.0,0.01,0.01,2356.237364,1776278934000
1776278936.729,236.729,0.92,40.0,0.91,34.54,0.94,366.75,0.95,140.8,0.09,76.22,0.07,32.0,0.1,39.0,0.11,23.0,0.02,0.01,2355.97763,1776278935000
1776278938.58,238.58,0.92,40.0,0.91,37.5,0.94,368.55,0.95,145.8,0.06,366.75,0.05,140.8,0.08,40.0,0.09,34.54,0.02,0.02,2356.137245,1776278937000
1776278939.849,239.849,0.93,23.52,0.92,40.0,0.94,207.55,0.95,134.8,0.06,368.55,0.05,145.8,0.08,40.0,0.09,37.5,0.01,0.02,2356.14,1776278938000
1776278940.518,240.518,0.93,23.52,0.92,63.0,0.94,202.55,0.95,134.8,0.06,207.55,0.05,134.8,0.07,23.52,0.08,40.0,0.01,0.01,2356.132515,1776278939000
1776278940.768,240.768,0.93,38.52,0.92,58.0,0.94,197.55,0.95,134.8,0.06,202.55,0.05,134.8,0.07,23.52,0.08,63.0,0.01,0.01,2356.132515,1776278939000
1776278941.863,241.863,0.93,63.52,0.92,233.0,0.94,4.69,0.95,335.0,0.06,191.23,0.05,134.8,0.07,33.52,0.08,58.0,0.01,0.01,2356.13255,1776278940000
1776278942.443,242.443,0.94,66.0,0.93,58.52,0.95,23.05,0.96,280.0,0.06,4.69,0.05,335.0,0.07,63.52,0.08,233.0,0.01,0.01,2356.13255,1776278940000
1776278942.737,242.737,0.94,86.0,0.93,233.52,0.96,100.0,0.97,229.7,0.05,5.79,0.04,280.0,0.06,78.0,0.07,238.52,0.02,0.01,2356.13255,1776278940000
1776278942.988,242.988,0.95,41.0,0.94,242.0,0.96,80.0,0.97,106.0,0.04,100.0,0.03,229.7,0.06,86.0,0.07,233.52,0.01,0.02,2356.13255,1776278940000
1776278943.4,243.4,0.95,56.0,0.94,232.0,0.97,106.0,0.98,211.78,0.04,80.0,0.03,106.0,0.05,41.0,0.06,242.0,0.02,0.01,2356.13109,1776278942000
1776278943.655,243.655,0.96,20.0,0.95,253.0,0.97,137.01,0.98,391.78,0.03,134.08,0.02,211.78,0.05,61.0,0.06,82.0,0.01,0.02,2356.13109,1776278942000
1776278944.18,244.18,0.96,20.0,0.95,253.0,0.97,120.61,0.98,391.78,0.03,137.01,0.02,391.78,0.04,20.0,0.05,253.0,0.01,0.01,2356.13109,1776278942000
1776278944.538,244.538,0.96,25.0,0.95,243.0,0.98,392.94,0.99,7943.6,0.03,120.61,0.02,391.78,0.04,20.0,0.05,253.0,0.02,0.01,2356.13109,1776278942000
1776278944.841,244.841,0.96,247.2,0.95,117.8,0.97,4.84,0.98,153.44,0.02,392.94,0.01,7943.6,0.04,25.0,0.05,243.0,0.01,0.02,2356.28782,1776278943000
1776278945.383,245.383,0.97,10.0,0.96,364.02,0.98,145.36,0.99,7843.6,0.02,153.44,0.01,7743.6,0.04,280.32,0.05,117.8,0.01,0.02,2356.658785,1776278944000
1776278945.773,245.773,0.97,159.7,0.96,364.02,0.98,140.25,0.99,7843.6,0.02,145.36,0.01,7843.6,0.03,10.0,0.04,364.02,0.01,0.01,2356.658785,1776278944000
1776278946.778,246.778,0.97,314.7,0.96,194.02,0.98,312.95,0.99,8319.6,0.02,15.03,0.01,7843.6,0.03,124.7,0.04,364.02,0.01,0.01,2356.72898,1776278945000
1776278947.858,247.858,0.97,330.01,0.96,194.02,0.98,489.79,0.99,8319.6,0.02,312.95,0.01,8319.6,0.03,314.7,0.04,194.02,0.01,0.01,2356.72132,1776278946000
1776278948.119,248.119,0.97,335.01,0.96,194.02,0.98,178.37,0.99,8319.6,0.02,489.79,0.01,8319.6,0.03,330.01,0.04,194.02,0.01,0.01,2356.72132,1776278946000
1776278948.993,248.993,0.98,15.0,0.97,382.01,0.99,2679.6,,,0.02,178.37,0.01,8319.6,0.03,335.01,0.04,194.02,0.01,0.01,2356.788056,1776278947000
1776278950.055,250.055,0.98,247.97,0.97,202.01,0.99,2578.6,,,0.01,2578.6,,,0.02,40.0,0.03,382.01,0.01,0.01,2356.7214,1776278948000
1776278950.405,250.405,0.98,245.18,0.97,202.01,0.99,3178.6,,,0.01,2578.6,,,0.02,247.97,0.03,202.01,0.01,0.01,2356.71464,1776278949000
1776278952.36,252.36,0.98,443.88,0.97,197.01,0.99,2363.1,,,0.01,3178.6,,,0.02,245.18,0.03,202.01,0.01,0.01,2356.89023,1776278951000
1776278952.627,252.627,0.98,438.88,0.97,197.01,0.99,2356.1,,,0.01,2353.1,,,0.02,443.88,0.03,197.01,0.01,0.01,2356.89023,1776278951000
1776278953.06,253.06,0.98,443.88,0.97,197.01,0.99,2336.1,,,0.01,2356.1,,,0.02,438.88,0.03,197.01,0.01,0.01,2356.89023,1776278951000
1776278953.684,253.684,0.98,443.88,0.97,197.01,0.99,2329.07,,,0.01,2336.1,,,0.02,443.88,0.03,197.01,0.01,0.01,2356.89023,1776278951000
1776278954.359,254.359,0.98,438.25,0.97,197.01,0.99,2318.92,,,0.01,2318.92,,,0.02,433.88,0.03,197.01,0.01,0.01,2356.911245,1776278953000
1776278955.191,255.191,0.98,452.33,0.97,264.01,0.99,1775.32,,,0.01,2318.92,,,0.02,438.25,0.03,197.01,0.01,0.01,2356.911245,1776278953000
1776278955.696,255.696,0.98,464.33,0.97,264.01,0.99,1770.32,,,0.01,1775.32,,,0.02,452.33,0.03,264.01,0.01,0.01,2356.929115,1776278954000
1776278955.999,255.999,0.98,459.33,0.97,264.01,0.99,1766.3,,,0.01,1774.3,,,0.02,464.33,0.03,264.01,0.01,0.01,2356.929115,1776278954000
1776278956.365,256.365,0.98,464.33,0.97,264.01,0.99,1769.28,,,0.01,1766.3,,,0.02,459.33,0.03,264.01,0.01,0.01,2356.929115,1776278954000
1776278956.57,256.57,0.98,462.95,0.97,264.01,0.99,1764.28,,,0.01,1769.28,,,0.02,464.33,0.03,264.01,0.01,0.01,2356.92458,1776278955000
1776278956.974,256.974,0.98,456.74,0.97,264.01,0.99,1755.28,,,0.01,1764.28,,,0.02,456.74,0.03,264.01,0.01,0.01,2356.92458,1776278955000
1776278957.477,257.477,0.98,455.74,0.97,264.01,0.99,1740.28,,,0.01,1755.28,,,0.02,456.74,0.03,264.01,0.01,0.01,2356.92458,1776278955000
1776278958.042,258.042,0.98,428.88,0.97,254.01,0.99,1763.26,,,0.01,1734.28,,,0.02,455.74,0.03,264.01,0.01,0.01,2357.151657,1776278956000
1776278958.322,258.322,0.98,428.88,0.97,254.01,0.99,1656.19,,,0.01,1657.21,,,0.02,428.88,0.03,254.01,0.01,0.01,2357.244051,1776278957000
1776278958.533,258.533,0.98,542.88,0.97,254.01,0.99,1652.11,,,0.01,1658.13,,,0.02,428.88,0.03,254.01,0.01,0.01,2357.244051,1776278957000
1776278958.894,258.894,0.98,586.88,0.97,254.01,0.99,1633.63,,,0.01,1634.65,,,0.02,586.88,0.03,254.01,0.01,0.01,2357.244051,1776278957000
1776278959.124,259.124,0.98,586.88,0.97,254.01,0.99,928.18,,,0.01,953.18,,,0.02,581.88,0.03,254.01,0.01,0.01,2357.244051,1776278957000
1776278959.326,259.326,0.98,581.88,0.97,254.01,0.99,916.1,,,0.01,921.1,,,0.02,581.88,0.03,254.01,0.01,0.01,2357.244051,1776278957000
1776278959.579,259.579,0.98,579.88,0.97,254.01,0.99,795.08,,,0.01,815.08,,,0.02,581.88,0.03,254.01,0.01,0.01,2357.321725,1776278958000
1776278959.848,259.848,0.98,579.88,0.97,254.01,0.99,770.08,,,0.01,767.08,,,0.02,579.88,0.03,254.01,0.01,0.01,2357.321725,1776278958000
1776278960.053,260.053,0.98,569.88,0.97,254.01,0.99,740.77,,,0.01,769.06,,,0.02,569.88,0.03,254.01,0.01,0.01,2357.321725,1776278958000
1776278960.588,260.588,0.98,599.79,0.97,254.01,0.99,721.56,,,0.01,722.58,,,0.02,568.79,0.03,254.01,0.01,0.01,2357.244891,1776278959000
1776278961.263,261.263,0.98,610.91,0.97,254.01,0.99,715.54,,,0.01,721.56,,,0.02,599.79,0.03,254.01,0.01,0.01,2357.244891,1776278959000
1776278961.825,261.825,0.98,605.91,0.97,254.01,0.99,706.54,,,0.01,715.54,,,0.02,610.91,0.03,254.01,0.01,0.01,2357.331745,1776278960000
1776278962.827,262.827,0.98,812.91,0.97,371.01,0.99,606.54,,,0.01,706.54,,,0.02,605.91,0.03,254.01,0.01,0.01,2357.34102,1776278961000
1776278964.042,264.042,0.99,592.49,0.98,480.9,,,,,,,,,0.01,165.48,0.02,812.91,,,2357.30954,1776278962000
1776278965.049,265.049,0.99,646.92,0.98,474.78,,,,,,,,,0.01,592.49,0.02,480.9,,,2357.30954,1776278963000
1776278970.897,270.897,0.99,403.07,0.98,296.79,,,,,,,,,0.01,646.92,0.02,474.78,,,2357.587096,1776278969000
1776278972.861,272.861,0.99,398.12,0.98,347.79,,,,,,,,,0.01,403.07,0.02,296.79,,,2357.3754,1776278971000
1776278986.538,286.538,0.99,7217.8,0.98,116.09,,,,,,,,,0.01,398.12,0.02,347.79,,,2357.3888,1776278985000

# RESULT,winner=Up,slug=eth-updown-5m-1776278700,ticks=316
