timestamp,elapsed_sec,up_bid_p1,up_bid_s1,up_bid_p2,up_bid_s2,up_ask_p1,up_ask_s1,up_ask_p2,up_ask_s2,down_bid_p1,down_bid_s1,down_bid_p2,down_bid_s2,down_ask_p1,down_ask_s1,down_ask_p2,down_ask_s2,up_spread,down_spread,eth_price,eth_oracle_ts
1776382800.54,0.54,0.43,20.0,0.42,105.0,0.45,83.67,0.46,35.0,0.56,50.0,0.55,81.67,0.6,5.0,0.61,67.0,0.02,0.04,2354.267526,1776382799000
1776382800.846,0.846,0.42,20.0,0.4,5.0,0.44,22.27,0.45,81.67,0.56,50.0,0.55,81.67,0.6,5.0,0.61,67.0,0.02,0.04,2354.267526,1776382799000
1776382801.079,1.079,0.4,5.0,0.39,67.0,0.48,39.89,0.49,11.0,0.52,60.73,0.51,11.0,0.6,5.0,0.61,67.0,0.08,0.08,2354.267526,1776382799000
1776382801.507,1.507,0.44,141.0,0.43,14.0,0.49,28.62,0.5,48.06,0.5,48.06,0.49,6.12,0.6,5.0,0.61,67.0,0.05,0.1,2354.235178,1776382800000
1776382801.917,1.917,0.44,141.0,0.43,14.0,0.49,28.62,0.5,48.06,0.51,28.62,0.5,48.06,0.56,141.0,0.57,14.0,0.05,0.05,2354.197018,1776382801000
1776382802.675,2.675,0.48,67.23,0.47,18.0,0.49,131.62,0.5,48.06,0.51,28.62,0.5,48.06,0.56,141.0,0.57,14.0,0.01,0.05,2354.197018,1776382801000
1776382802.911,2.911,0.48,18.43,0.47,18.0,0.49,121.62,0.5,48.06,0.51,121.62,0.5,48.06,0.52,67.23,0.53,18.0,0.01,0.01,2354.197018,1776382801000
1776382803.209,3.209,0.48,2.85,0.47,18.0,0.5,29.68,0.51,6.12,0.5,29.68,0.49,6.12,0.52,18.43,0.53,18.0,0.02,0.02,2354.258258,1776382802000
1776382803.479,3.479,0.48,57.32,0.47,18.0,0.5,25.68,0.51,6.12,0.5,25.68,0.49,6.12,0.52,2.85,0.53,18.0,0.02,0.02,2354.258258,1776382802000
1776382804.317,4.317,0.52,7.5,0.51,88.2,0.57,13.0,0.58,14.0,0.43,13.0,0.42,14.0,0.49,18.2,0.52,57.32,0.05,0.06,2354.258258,1776382802000
1776382804.544,4.544,0.52,2.5,0.51,88.2,0.57,13.0,0.58,14.0,0.43,13.0,0.42,14.0,0.48,2.5,0.49,88.2,0.05,0.05,2354.740834,1776382803000
1776382804.958,4.958,0.52,1.0,0.51,92.09,0.57,13.0,0.58,14.0,0.43,13.0,0.42,14.0,0.49,81.09,0.5,70.0,0.05,0.06,2354.740834,1776382803000
1776382805.392,5.392,0.51,92.09,0.5,82.0,0.52,3.0,0.57,13.0,0.43,13.0,0.42,14.0,0.48,1.0,0.49,92.09,0.01,0.05,2354.740834,1776382804000
1776382805.678,5.678,0.51,102.09,0.5,82.0,0.52,3.0,0.57,13.0,0.48,3.0,0.43,13.0,0.49,92.09,0.5,82.0,0.01,0.01,2354.740834,1776382804000
1776382806.036,6.036,0.51,97.09,0.5,82.0,0.57,13.0,0.58,121.72,0.43,13.0,0.42,121.72,0.49,97.09,0.5,82.0,0.06,0.06,2354.744705,1776382805000
1776382807.06,7.06,0.51,97.09,0.5,82.0,0.57,13.0,0.58,121.72,0.43,13.0,0.42,121.72,0.49,97.09,0.5,82.0,0.06,0.06,2354.742814,1776382806000
1776382807.338,7.338,0.51,6.09,0.5,81.0,0.56,19.0,0.57,13.0,0.44,5.0,0.43,18.0,0.49,41.09,0.5,70.0,0.05,0.05,2354.742814,1776382806000
1776382808.09,8.09,0.52,5.0,0.51,44.0,0.55,395.63,0.56,24.0,0.44,19.0,0.43,13.0,0.49,6.09,0.5,81.0,0.03,0.05,2354.742814,1776382806000
1776382808.561,8.561,0.53,12.0,0.52,25.0,0.55,395.63,0.58,22.0,0.45,395.63,0.44,24.0,0.48,5.0,0.49,44.0,0.02,0.03,2354.706046,1776382807000
1776382808.854,8.854,0.54,21.0,0.53,12.0,0.55,365.34,0.58,31.0,0.45,369.2,0.42,31.0,0.46,16.0,0.47,12.0,0.01,0.01,2354.706046,1776382807000
1776382809.106,9.106,0.54,22.82,0.53,12.0,0.55,365.34,0.58,31.0,0.45,365.34,0.42,31.0,0.46,22.82,0.47,12.0,0.01,0.01,2354.743685,1776382808000
1776382809.403,9.403,0.54,17.0,0.53,12.0,0.55,360.34,0.58,10.0,0.45,365.34,0.42,19.0,0.46,33.82,0.47,12.0,0.01,0.01,2354.743685,1776382808000
1776382810.026,10.026,0.54,17.0,0.53,12.0,0.55,271.06,0.58,10.0,0.45,355.06,0.42,10.0,0.46,17.0,0.47,12.0,0.01,0.01,2354.743685,1776382808000
1776382810.531,10.531,0.54,17.0,0.53,12.0,0.55,269.24,0.58,10.0,0.45,271.06,0.42,10.0,0.46,17.0,0.47,12.0,0.01,0.01,2354.744807,1776382809000
1776382811.126,11.126,0.54,17.0,0.53,12.0,0.55,269.24,0.58,10.0,0.45,269.24,0.42,10.0,0.46,17.0,0.47,12.0,0.01,0.01,2354.839218,1776382810000
1776382812.168,12.168,0.54,17.0,0.53,12.0,0.55,269.24,0.58,10.0,0.45,269.24,0.42,10.0,0.46,17.0,0.47,12.0,0.01,0.01,2354.84633,1776382811000
1776382813.132,13.132,0.54,17.0,0.53,12.0,0.55,269.24,0.58,10.0,0.45,269.24,0.42,10.0,0.46,17.0,0.47,12.0,0.01,0.01,2354.784682,1776382812000
1776382813.36,13.36,0.52,4.8,0.51,25.0,0.53,5.0,0.54,89.81,0.45,269.24,0.42,10.0,0.46,17.0,0.47,12.0,0.01,0.01,2354.784682,1776382812000
1776382813.827,13.827,0.5,6.0,0.48,5.0,0.53,97.89,0.54,19.18,0.47,3.71,0.46,19.18,0.48,1.98,0.5,6.0,0.03,0.01,2354.784682,1776382812000
1776382814.156,14.156,0.5,6.0,0.48,5.0,0.51,175.13,0.52,12.0,0.49,147.1,0.48,12.0,0.5,6.0,0.52,5.0,0.01,0.01,2354.784682,1776382812000
1776382814.469,14.469,0.48,5.0,0.47,50.0,0.51,176.13,0.52,22.0,0.49,175.13,0.48,12.0,0.52,5.0,0.53,50.0,0.03,0.03,2354.704705,1776382813000
1776382815.119,15.119,0.47,50.0,0.44,70.0,0.51,176.13,0.52,22.0,0.49,176.13,0.48,22.0,0.53,50.0,0.56,70.0,0.04,0.04,2354.599588,1776382814000
1776382815.681,15.681,0.48,12.0,0.47,50.0,0.49,136.99,0.5,57.0,0.49,176.13,0.48,22.0,0.53,50.0,0.56,70.0,0.01,0.04,2354.599588,1776382814000
1776382816.025,16.025,0.48,27.35,0.47,50.0,0.49,79.81,0.5,22.0,0.51,136.99,0.5,57.0,0.52,12.0,0.53,50.0,0.01,0.01,2354.599588,1776382814000
1776382816.441,16.441,0.5,11.0,0.49,5.0,0.53,65.81,0.54,33.5,0.51,79.81,0.5,22.0,0.52,27.35,0.53,50.0,0.03,0.01,2354.410771,1776382815000
1776382817.853,17.853,0.5,11.0,0.49,5.0,0.53,65.81,0.54,33.5,0.47,65.81,0.46,33.5,0.5,11.0,0.51,5.0,0.03,0.03,2354.402342,1776382816000
1776382818.454,18.454,0.5,11.0,0.49,5.0,0.53,65.81,0.54,33.5,0.47,65.81,0.46,33.5,0.5,11.0,0.51,5.0,0.03,0.03,2354.479782,1776382817000
1776382818.661,18.661,0.51,5.0,0.5,16.0,0.52,228.83,0.53,10.0,0.47,65.81,0.46,33.5,0.5,11.0,0.51,5.0,0.01,0.03,2354.479782,1776382817000
1776382819.272,19.272,0.51,5.0,0.5,16.0,0.52,228.83,0.53,10.0,0.48,228.83,0.47,10.0,0.49,5.0,0.5,16.0,0.01,0.01,2354.511337,1776382818000
1776382820.85,20.85,0.48,42.0,0.47,60.0,0.5,25.27,0.51,18.0,0.48,228.83,0.47,10.0,0.49,5.0,0.5,16.0,0.02,0.01,2354.511337,1776382818000
1776382821.137,21.137,0.49,1.07,0.48,52.5,0.5,80.77,0.51,33.5,0.5,25.27,0.49,18.0,0.52,42.0,0.53,60.0,0.01,0.02,2354.522894,1776382820000
1776382821.445,21.445,0.48,57.5,0.47,70.5,0.49,1.16,0.5,87.77,0.5,80.77,0.49,33.5,0.51,1.07,0.52,52.5,0.01,0.01,2354.522894,1776382820000
1776382822.791,22.791,0.48,57.5,0.47,70.5,0.49,1.16,0.5,87.77,0.51,1.16,0.5,87.77,0.52,57.5,0.53,70.5,0.01,0.01,2354.337563,1776382821000
1776382823.221,23.221,0.47,5.11,0.45,10.5,0.49,55.57,0.5,45.77,0.51,1.16,0.5,87.77,0.52,57.5,0.53,70.5,0.02,0.01,2354.337563,1776382821000
1776382823.813,23.813,0.47,5.11,0.45,10.5,0.49,55.57,0.5,45.77,0.51,55.57,0.5,45.77,0.53,5.11,0.55,10.5,0.02,0.02,2354.335953,1776382822000
1776382824.382,24.382,0.47,5.11,0.45,10.5,0.49,55.57,0.5,45.77,0.51,55.57,0.5,45.77,0.53,5.11,0.55,10.5,0.02,0.02,2354.253012,1776382823000
1776382825.025,25.025,0.47,5.11,0.45,10.5,0.49,55.57,0.5,45.77,0.51,55.57,0.5,45.77,0.53,5.11,0.55,10.5,0.02,0.02,2354.236754,1776382824000
1776382825.567,25.567,0.47,3.22,0.46,10.0,0.48,22.5,0.49,174.02,0.51,55.57,0.5,45.77,0.53,5.11,0.55,10.5,0.01,0.02,2354.236754,1776382824000
1776382826.269,26.269,0.46,10.0,0.45,20.5,0.48,22.5,0.49,174.02,0.52,22.5,0.51,174.02,0.54,10.0,0.55,20.5,0.02,0.02,2354.241821,1776382825000
1776382827.487,27.487,0.46,10.0,0.45,20.5,0.48,22.5,0.49,174.02,0.52,22.5,0.51,174.02,0.54,10.0,0.55,20.5,0.02,0.02,2354.143001,1776382826000
1776382828.026,28.026,0.46,10.0,0.45,20.5,0.48,22.5,0.49,174.02,0.52,22.5,0.51,174.02,0.54,10.0,0.55,20.5,0.02,0.02,2354.1152,1776382827000
1776382828.707,28.707,0.43,2.0,0.41,55.0,0.46,144.49,0.47,30.77,0.52,22.5,0.51,174.02,0.54,10.0,0.55,20.5,0.03,0.02,2354.1152,1776382827000
1776382829.311,29.311,0.43,2.0,0.41,55.0,0.46,144.49,0.47,30.77,0.54,144.49,0.53,30.77,0.57,2.0,0.59,55.0,0.03,0.03,2354.046007,1776382828000
1776382829.562,29.562,0.38,72.83,0.37,100.0,0.41,151.0,0.42,28.27,0.54,144.49,0.53,30.77,0.57,2.0,0.59,55.0,0.03,0.03,2354.046007,1776382828000
1776382830.01,30.01,0.38,69.13,0.37,100.0,0.39,84.49,0.41,149.0,0.61,89.49,0.59,149.0,0.62,69.13,0.63,100.0,0.01,0.01,2353.944675,1776382829000
1776382830.488,30.488,0.38,81.9,0.37,100.0,0.39,304.18,0.41,149.0,0.61,89.49,0.59,149.0,0.62,69.13,0.63,100.0,0.01,0.01,2353.944675,1776382829000
1776382830.725,30.725,0.38,76.4,0.37,100.0,0.39,304.18,0.41,144.0,0.61,304.18,0.59,149.0,0.62,81.9,0.63,100.0,0.01,0.01,2353.944675,1776382829000
1776382831.08,31.08,0.38,76.4,0.37,100.0,0.39,304.18,0.41,144.0,0.61,304.18,0.59,144.0,0.62,76.4,0.63,100.0,0.01,0.01,2353.796759,1776382830000
1776382832.164,32.164,0.34,3.0,0.33,70.0,0.36,103.0,0.37,22.72,0.61,304.18,0.59,144.0,0.62,76.4,0.63,100.0,0.02,0.01,2353.796759,1776382830000
1776382832.59,32.59,0.33,58.52,0.32,5.0,0.36,113.0,0.37,27.27,0.64,103.0,0.63,22.72,0.67,65.99,0.68,5.0,0.03,0.03,2353.736657,1776382831000
1776382833.418,33.418,0.33,54.78,0.32,5.0,0.36,113.0,0.37,27.27,0.64,113.0,0.63,27.27,0.67,54.78,0.68,5.0,0.03,0.03,2353.551829,1776382832000
1776382834.01,34.01,0.33,54.78,0.32,5.0,0.36,113.0,0.37,27.27,0.64,113.0,0.63,27.27,0.67,54.78,0.68,5.0,0.03,0.03,2353.37655,1776382833000
1776382834.543,34.543,0.3,305.0,0.29,15.0,0.34,107.5,0.35,40.99,0.64,113.0,0.63,27.27,0.67,54.78,0.68,5.0,0.04,0.03,2353.37655,1776382833000
1776382834.919,34.919,0.31,5.42,0.3,305.0,0.33,15.5,0.34,57.0,0.66,107.5,0.65,40.99,0.7,305.0,0.71,15.0,0.02,0.04,2353.37655,1776382833000
1776382835.807,35.807,0.3,298.57,0.29,5.0,0.32,5.0,0.33,117.5,0.67,15.5,0.66,57.0,0.69,5.42,0.7,305.0,0.02,0.02,2353.279059,1776382834000
1776382836.027,36.027,0.3,294.01,0.29,15.5,0.31,25.49,0.32,10.5,0.69,14.99,0.68,10.5,0.7,298.57,0.71,15.5,0.01,0.01,2353.279059,1776382834000
1776382836.247,36.247,0.3,287.7,0.29,15.5,0.33,112.5,0.34,27.77,0.69,10.5,0.68,10.5,0.7,281.15,0.71,15.5,0.03,0.01,2353.169765,1776382835000
1776382836.588,36.588,0.31,27.0,0.3,277.2,0.32,82.5,0.33,24.49,0.68,5.5,0.67,102.5,0.69,27.0,0.7,318.2,0.01,0.01,2353.169765,1776382835000
1776382837.082,37.082,0.3,287.2,0.29,15.5,0.32,17.37,0.33,34.49,0.68,17.37,0.67,34.49,0.7,287.2,0.71,15.5,0.02,0.02,2353.121581,1776382836000
1776382838.02,38.02,0.3,379.45,0.29,10.5,0.33,41.07,0.34,10.0,0.69,5.0,0.68,17.37,0.7,280.95,0.71,15.5,0.03,0.01,2353.121581,1776382836000
1776382838.6,38.6,0.32,50.5,0.31,10.5,0.33,31.07,0.34,10.0,0.67,36.07,0.66,10.0,0.69,5.0,0.7,419.45,0.01,0.02,2352.978962,1776382837000
1776382839.02,39.02,0.32,71.88,0.31,15.5,0.33,36.07,0.34,10.0,0.67,31.07,0.66,10.0,0.68,50.5,0.69,10.5,0.01,0.01,2352.978962,1776382837000
1776382839.347,39.347,0.32,61.73,0.31,15.5,0.33,36.07,0.34,10.0,0.67,36.07,0.66,10.0,0.68,71.88,0.69,15.5,0.01,0.01,2352.972507,1776382838000
1776382839.68,39.68,0.32,57.15,0.31,15.5,0.33,32.31,0.34,10.0,0.67,36.07,0.66,10.0,0.68,57.15,0.69,15.5,0.01,0.01,2352.972507,1776382838000
1776382840.096,40.096,0.32,55.53,0.31,15.5,0.33,32.31,0.34,10.0,0.67,32.31,0.66,10.0,0.68,55.53,0.69,15.5,0.01,0.01,2353.25548,1776382839000
1776382840.908,40.908,0.32,42.1,0.31,15.5,0.33,80.76,0.34,10.0,0.67,80.76,0.66,10.0,0.68,63.91,0.69,15.5,0.01,0.01,2353.25548,1776382839000
1776382841.24,41.24,0.3,392.45,0.29,35.5,0.33,80.76,0.34,10.0,0.67,80.76,0.66,10.0,0.69,15.5,0.7,392.45,0.03,0.02,2353.233357,1776382840000
1776382841.459,41.459,0.32,5.0,0.31,15.5,0.33,74.69,0.34,10.0,0.67,80.76,0.66,10.0,0.7,392.45,0.71,10.5,0.01,0.03,2353.233357,1776382840000
1776382841.95,41.95,0.32,13.2,0.3,392.45,0.33,74.69,0.34,20.5,0.67,74.69,0.66,10.0,0.68,5.0,0.69,15.5,0.01,0.01,2353.233357,1776382840000
1776382842.164,42.164,0.3,392.45,0.29,10.5,0.33,74.69,0.34,20.5,0.67,74.69,0.66,20.5,0.7,392.45,0.71,10.5,0.03,0.03,2353.253173,1776382841000
1776382842.377,42.377,0.3,295.82,0.27,25.0,0.31,16.5,0.32,78.5,0.68,48.8,0.67,90.19,0.7,327.4,0.71,10.5,0.01,0.02,2353.253173,1776382841000
1776382842.616,42.616,0.3,145.82,0.29,5.0,0.31,100.7,0.32,59.3,0.69,41.5,0.68,59.3,0.7,208.82,0.71,5.0,0.01,0.01,2353.253173,1776382841000
1776382843.195,43.195,0.3,135.87,0.29,5.0,0.31,107.7,0.32,59.3,0.69,107.7,0.68,59.3,0.7,135.87,0.71,5.0,0.01,0.01,2353.265473,1776382842000
1776382843.619,43.619,0.3,107.95,0.27,30.0,0.31,88.5,0.32,73.29,0.69,232.12,0.68,73.29,0.7,110.87,0.73,30.0,0.01,0.01,2353.265473,1776382842000
1776382844.218,44.218,0.3,107.95,0.27,30.0,0.31,88.5,0.32,73.29,0.69,88.5,0.68,73.29,0.7,107.95,0.73,30.0,0.01,0.01,2353.237608,1776382843000
1776382845.055,45.055,0.3,117.45,0.29,10.5,0.31,5.0,0.32,53.8,0.69,88.5,0.68,73.29,0.7,107.95,0.73,30.0,0.01,0.01,2353.237608,1776382843000
1776382845.41,45.41,0.3,117.45,0.29,10.5,0.31,5.0,0.32,53.8,0.69,5.0,0.68,53.8,0.7,117.45,0.71,10.5,0.01,0.01,2353.111926,1776382844000
1776382845.737,45.737,0.31,21.0,0.3,176.95,0.32,48.8,0.34,10.0,0.69,5.0,0.68,53.8,0.7,117.45,0.71,10.5,0.01,0.01,2353.111926,1776382844000
1776382845.948,45.948,0.31,21.0,0.3,206.95,0.32,33.98,0.34,10.0,0.68,42.8,0.66,10.0,0.69,21.0,0.7,176.95,0.01,0.01,2353.111926,1776382844000
1776382846.323,46.323,0.31,21.0,0.3,206.95,0.34,10.0,0.36,5.0,0.66,10.0,0.64,5.0,0.69,21.0,0.7,206.95,0.03,0.03,2353.038017,1776382845000
1776382846.958,46.958,0.31,21.0,0.3,206.95,0.34,10.0,0.36,5.0,0.66,10.0,0.64,5.0,0.69,21.0,0.7,206.95,0.03,0.03,2353.048634,1776382846000
1776382847.453,47.453,0.32,10.0,0.3,212.45,0.33,11.96,0.34,35.5,0.67,15.0,0.66,45.5,0.69,8.63,0.7,207.45,0.01,0.02,2353.048634,1776382846000
1776382848.487,48.487,0.31,2.22,0.3,207.45,0.32,5.0,0.33,11.96,0.67,11.96,0.66,35.5,0.68,10.0,0.7,212.45,0.01,0.01,2353.048634,1776382846000
1776382849.144,49.144,0.31,2.22,0.3,207.45,0.32,5.0,0.33,11.96,0.68,5.0,0.67,11.96,0.69,2.22,0.7,207.45,0.01,0.01,2353.206731,1776382848000
1776382850.056,50.056,0.32,15.0,0.31,15.0,0.33,10.0,0.34,15.0,0.68,5.0,0.67,11.96,0.69,2.22,0.7,207.45,0.01,0.01,2353.206731,1776382848000
1776382851.149,51.149,0.32,15.0,0.31,15.0,0.33,10.0,0.34,15.0,0.67,10.0,0.66,15.0,0.68,15.0,0.69,15.0,0.01,0.01,2353.261461,1776382850000
1776382851.489,51.489,0.32,9.43,0.31,20.0,0.33,50.23,0.34,35.5,0.67,10.0,0.66,15.0,0.68,15.0,0.69,15.0,0.01,0.01,2353.261461,1776382850000
1776382851.864,51.864,0.32,6.43,0.31,20.0,0.33,17.0,0.34,35.5,0.67,50.23,0.66,35.5,0.68,9.43,0.69,20.0,0.01,0.01,2353.261461,1776382850000
1776382852.224,52.224,0.32,6.43,0.31,20.0,0.33,17.0,0.34,35.5,0.67,17.0,0.66,35.5,0.68,6.43,0.69,20.0,0.01,0.01,2353.2731,1776382851000
1776382852.507,52.507,0.32,1.92,0.31,20.0,0.34,35.5,0.35,159.5,0.67,17.0,0.66,35.5,0.68,6.43,0.69,20.0,0.02,0.01,2353.2731,1776382851000
1776382852.871,52.871,0.31,2.02,0.3,207.45,0.34,15.0,0.35,159.5,0.66,35.5,0.65,159.5,0.69,20.0,0.7,207.45,0.03,0.03,2353.2731,1776382851000
1776382853.192,53.192,0.33,10.45,0.32,15.0,0.34,10.0,0.35,159.5,0.66,15.0,0.65,159.5,0.7,207.45,0.71,33.0,0.01,0.04,2353.2731,1776382851000
1776382854.272,54.272,0.33,10.45,0.32,15.0,0.34,10.0,0.35,159.5,0.66,10.0,0.65,159.5,0.67,10.45,0.68,15.0,0.01,0.01,2353.28016,1776382853000
1776382855.313,55.313,0.33,10.45,0.32,15.0,0.34,10.0,0.35,159.5,0.66,10.0,0.65,159.5,0.67,10.45,0.68,15.0,0.01,0.01,2353.300565,1776382854000
1776382856.257,56.257,0.33,10.45,0.32,15.0,0.34,10.0,0.35,159.5,0.66,10.0,0.65,159.5,0.67,10.45,0.68,15.0,0.01,0.01,2353.308641,1776382855000
1776382857.224,57.224,0.33,10.45,0.32,15.0,0.34,10.0,0.35,159.5,0.66,10.0,0.65,159.5,0.67,10.45,0.68,15.0,0.01,0.01,2353.400697,1776382856000
1776382858.29,58.29,0.33,10.45,0.32,15.0,0.34,10.0,0.35,159.5,0.66,10.0,0.65,159.5,0.67,10.45,0.68,15.0,0.01,0.01,2353.398252,1776382857000
1776382859.254,59.254,0.33,10.45,0.32,15.0,0.34,10.0,0.35,159.5,0.66,10.0,0.65,159.5,0.67,10.45,0.68,15.0,0.01,0.01,2353.391384,1776382858000
1776382860.283,60.283,0.33,10.45,0.32,15.0,0.34,10.0,0.35,159.5,0.66,10.0,0.65,159.5,0.67,10.45,0.68,15.0,0.01,0.01,2353.33089,1776382859000
1776382860.823,60.823,0.33,50.0,0.32,49.18,0.34,15.0,0.35,102.0,0.66,10.0,0.65,159.5,0.67,10.45,0.68,15.0,0.01,0.01,2353.33089,1776382859000
1776382862.09,62.09,0.33,50.0,0.32,49.18,0.34,15.0,0.35,102.0,0.66,15.0,0.65,102.0,0.67,50.0,0.68,49.18,0.01,0.01,2353.342485,1776382861000
1776382862.856,62.856,0.33,5.0,0.32,31.5,0.34,74.67,0.35,43.49,0.66,15.0,0.65,102.0,0.67,50.0,0.68,49.18,0.01,0.01,2353.342485,1776382861000
1776382863.154,63.154,0.32,31.5,0.31,46.8,0.33,1.12,0.34,67.67,0.66,74.67,0.65,43.49,0.68,31.5,0.69,46.8,0.01,0.02,2353.342485,1776382861000
1776382863.542,63.542,0.32,31.5,0.31,56.8,0.34,67.67,0.35,43.49,0.67,1.12,0.66,67.67,0.68,31.5,0.69,46.8,0.02,0.01,2353.342485,1776382861000
1776382864.59,64.59,0.32,13.97,0.31,56.8,0.34,67.67,0.35,43.49,0.66,67.67,0.65,43.49,0.68,31.5,0.69,56.8,0.02,0.02,2353.37241,1776382862000
1776382864.993,64.993,0.32,4.18,0.31,56.8,0.34,67.67,0.35,43.49,0.66,67.67,0.65,43.49,0.68,13.97,0.69,56.8,0.02,0.02,2353.304885,1776382863000
1776382865.298,65.298,0.32,4.18,0.31,46.8,0.34,65.44,0.35,38.27,0.66,67.67,0.65,43.49,0.68,4.18,0.69,56.8,0.02,0.02,2353.304885,1776382863000
1776382865.518,65.518,0.32,4.18,0.31,46.8,0.34,65.44,0.35,38.27,0.66,65.44,0.65,38.27,0.68,4.18,0.69,46.8,0.02,0.02,2353.305087,1776382864000
1776382866.131,66.131,0.32,12.7,0.31,46.8,0.34,49.94,0.35,58.27,0.66,65.44,0.65,38.27,0.68,4.18,0.69,46.8,0.02,0.02,2353.305087,1776382864000
1776382866.531,66.531,0.32,12.7,0.31,46.8,0.34,49.94,0.35,58.27,0.66,49.94,0.65,58.27,0.68,12.7,0.69,46.8,0.02,0.02,2353.308963,1776382865000
1776382867.182,67.182,0.32,12.7,0.31,46.8,0.34,49.94,0.35,58.27,0.66,49.94,0.65,58.27,0.68,12.7,0.69,46.8,0.02,0.02,2353.308963,1776382866000
1776382867.563,67.563,0.33,10.52,0.32,16.5,0.34,39.17,0.35,48.27,0.66,44.94,0.65,48.27,0.67,15.52,0.69,57.3,0.01,0.01,2353.308963,1776382866000
1776382868.657,68.657,0.33,10.52,0.32,16.5,0.34,39.17,0.35,48.27,0.66,39.17,0.65,48.27,0.67,10.52,0.68,16.5,0.01,0.01,2353.346545,1776382867000
1776382869.156,69.156,0.33,5.0,0.32,5.0,0.34,51.32,0.35,58.27,0.66,39.17,0.65,48.27,0.67,10.52,0.68,16.5,0.01,0.01,2353.346545,1776382867000
1776382870.676,70.676,0.33,5.0,0.32,5.0,0.34,51.32,0.35,58.27,0.66,51.32,0.65,58.27,0.67,5.0,0.68,5.0,0.01,0.01,2353.425125,1776382869000
1776382871.047,71.047,0.33,5.0,0.32,15.0,0.35,63.49,0.36,29.5,0.66,51.32,0.65,58.27,0.67,5.0,0.68,5.0,0.02,0.01,2353.425125,1776382869000
1776382871.33,71.33,0.32,15.0,0.31,57.3,0.35,63.49,0.36,29.5,0.65,63.49,0.64,29.5,0.68,15.0,0.69,57.3,0.03,0.03,2353.391823,1776382870000
1776382871.809,71.809,0.33,3.0,0.32,15.0,0.35,63.49,0.36,29.5,0.65,63.49,0.64,29.5,0.68,15.0,0.69,57.3,0.02,0.03,2353.391823,1776382870000
1776382872.141,72.141,0.33,3.0,0.32,15.0,0.35,63.49,0.36,29.5,0.65,63.49,0.64,29.5,0.67,3.0,0.68,15.0,0.02,0.02,2353.41056,1776382871000
1776382873.354,73.354,0.31,46.8,0.3,269.55,0.33,5.0,0.34,25.5,0.65,63.49,0.64,29.5,0.67,3.0,0.68,15.0,0.02,0.02,2353.41056,1776382871000
1776382873.651,73.651,0.31,52.91,0.3,269.55,0.33,5.0,0.34,25.5,0.67,5.0,0.66,25.5,0.69,46.8,0.7,269.55,0.02,0.02,2353.392316,1776382872000
1776382874.225,74.225,0.31,52.91,0.3,269.55,0.33,5.0,0.34,25.5,0.67,5.0,0.66,25.5,0.69,52.91,0.7,269.55,0.02,0.02,2353.412324,1776382873000
1776382875.6,75.6,0.31,47.91,0.3,269.05,0.33,27.88,0.34,25.5,0.67,27.88,0.66,25.5,0.69,47.91,0.7,269.05,0.02,0.02,2353.336588,1776382874000
1776382876.264,76.264,0.31,47.91,0.3,269.05,0.33,27.88,0.34,25.5,0.67,27.88,0.66,25.5,0.69,47.91,0.7,269.05,0.02,0.02,2353.318393,1776382875000
1776382876.501,76.501,0.31,57.91,0.3,269.55,0.32,65.69,0.33,12.0,0.67,27.88,0.66,25.5,0.69,47.91,0.7,269.05,0.01,0.02,2353.318393,1776382875000
1776382877.08,77.08,0.31,28.96,0.3,259.05,0.32,60.69,0.33,12.0,0.68,60.69,0.67,12.0,0.69,57.91,0.7,269.55,0.01,0.01,2353.318393,1776382875000
1776382877.399,77.399,0.31,23.56,0.3,259.05,0.32,60.69,0.33,12.0,0.68,60.69,0.67,12.0,0.69,27.51,0.7,259.05,0.01,0.01,2353.318393,1776382875000
1776382877.695,77.695,0.31,22.11,0.3,259.05,0.32,60.69,0.33,12.0,0.68,60.69,0.67,12.0,0.69,22.11,0.7,259.05,0.01,0.01,2353.3855,1776382876000
1776382878.335,78.335,0.31,22.11,0.3,259.05,0.32,60.69,0.33,12.0,0.68,60.69,0.67,12.0,0.69,22.11,0.7,259.05,0.01,0.01,2353.351576,1776382877000
1776382878.639,78.639,0.3,160.95,0.29,25.0,0.31,142.49,0.32,126.19,0.68,60.69,0.67,12.0,0.69,22.11,0.7,259.05,0.01,0.01,2353.351576,1776382877000
1776382878.955,78.955,0.3,91.1,0.29,25.0,0.31,146.49,0.32,236.79,0.69,146.49,0.68,137.19,0.7,97.1,0.71,25.0,0.01,0.01,2353.351576,1776382877000
1776382881.003,81.003,0.3,91.1,0.29,25.0,0.31,146.49,0.32,236.79,0.69,146.49,0.68,236.79,0.7,91.1,0.71,25.0,0.01,0.01,2353.21391,1776382879000
1776382882.172,82.172,0.3,19.7,0.29,25.0,0.31,222.31,0.32,137.19,0.69,146.49,0.68,236.79,0.7,91.1,0.71,25.0,0.01,0.01,2353.21391,1776382879000
1776382883.109,83.109,0.3,19.7,0.29,25.0,0.31,222.31,0.32,137.19,0.69,222.31,0.68,137.19,0.7,19.7,0.71,25.0,0.01,0.01,2353.076619,1776382882000
1776382883.481,83.481,0.3,5.41,0.29,25.0,0.31,222.31,0.32,137.19,0.69,222.31,0.68,137.19,0.7,19.7,0.71,25.0,0.01,0.01,2353.076619,1776382882000
1776382883.682,83.682,0.3,5.41,0.29,25.0,0.32,40.05,0.33,47.5,0.69,222.31,0.68,137.19,0.7,5.41,0.71,25.0,0.02,0.01,2353.076619,1776382882000
1776382883.93,83.93,0.3,9.28,0.29,25.0,0.31,10.5,0.32,37.04,0.68,40.05,0.67,47.5,0.7,5.41,0.71,25.0,0.01,0.02,2353.076619,1776382882000
1776382884.408,84.408,0.3,9.28,0.29,25.0,0.31,10.5,0.32,37.04,0.69,10.5,0.68,37.04,0.7,9.28,0.71,25.0,0.01,0.01,2353.0851,1776382883000
1776382885.279,85.279,0.3,9.28,0.29,25.0,0.31,10.5,0.32,37.04,0.69,10.5,0.68,37.04,0.7,9.28,0.71,25.0,0.01,0.01,2353.085674,1776382884000
1776382885.51,85.51,0.3,2.28,0.28,50.0,0.31,235.38,0.32,37.04,0.69,10.5,0.68,37.04,0.7,9.28,0.71,25.0,0.01,0.01,2353.085674,1776382884000
1776382886.045,86.045,0.28,25.0,0.27,85.0,0.31,246.15,0.32,37.04,0.69,230.15,0.68,37.04,0.7,2.28,0.72,50.0,0.03,0.01,2353.085674,1776382884000
1776382886.454,86.454,0.28,25.0,0.27,85.0,0.31,246.15,0.32,37.04,0.69,246.15,0.68,37.04,0.72,25.0,0.73,85.0,0.03,0.03,2353.077919,1776382885000
1776382887.753,87.753,0.28,25.0,0.27,85.0,0.31,246.15,0.32,37.04,0.69,246.15,0.68,37.04,0.72,25.0,0.73,85.0,0.03,0.03,2353.077545,1776382886000
1776382888.339,88.339,0.28,25.0,0.27,85.0,0.31,246.15,0.32,37.04,0.69,246.15,0.68,37.04,0.72,25.0,0.73,85.0,0.03,0.03,2353.036839,1776382887000
1776382889.214,89.214,0.28,25.0,0.27,85.0,0.31,246.15,0.32,37.04,0.69,246.15,0.68,37.04,0.72,25.0,0.73,85.0,0.03,0.03,2353.031388,1776382888000
1776382890.25,90.25,0.26,60.0,0.25,40.0,0.27,31.57,0.28,83.36,0.69,246.15,0.68,37.04,0.72,25.0,0.73,85.0,0.01,0.03,2353.031388,1776382888000
1776382890.587,90.587,0.26,35.0,0.25,40.0,0.27,30.55,0.28,73.63,0.73,31.57,0.72,83.36,0.74,60.0,0.75,40.0,0.01,0.01,2353.031388,1776382888000
1776382890.949,90.949,0.26,13.51,0.25,40.0,0.27,76.5,0.28,73.63,0.73,30.55,0.72,73.63,0.74,35.0,0.75,40.0,0.01,0.01,2353.024649,1776382889000
1776382891.275,91.275,0.26,9.56,0.25,50.0,0.27,77.79,0.28,73.63,0.73,77.79,0.72,73.63,0.74,9.56,0.75,50.0,0.01,0.01,2353.02279,1776382890000
1776382891.755,91.755,0.26,12.99,0.25,40.0,0.27,77.79,0.28,73.63,0.73,77.79,0.72,73.63,0.74,14.35,0.75,40.0,0.01,0.01,2353.02279,1776382890000
1776382892.029,92.029,0.26,9.09,0.25,50.5,0.27,56.68,0.28,41.63,0.73,77.79,0.72,73.63,0.74,12.99,0.75,40.0,0.01,0.01,2353.02279,1776382890000
1776382892.434,92.434,0.26,126.5,0.25,97.5,0.27,13.73,0.28,11.13,0.73,56.68,0.72,41.63,0.74,9.09,0.75,50.5,0.01,0.01,2353.02279,1776382890000
1776382892.87,92.87,0.26,96.13,0.25,97.5,0.32,2.69,0.33,10.0,0.68,2.69,0.67,10.0,0.74,96.13,0.75,97.5,0.06,0.06,2353.046527,1776382891000
1776382893.443,93.443,0.31,10.0,0.3,47.5,0.32,80.79,0.33,5.0,0.68,2.69,0.67,10.0,0.74,96.13,0.75,97.5,0.01,0.06,2353.046527,1776382891000
1776382893.651,93.651,0.31,10.0,0.3,47.5,0.32,80.79,0.33,5.0,0.68,80.79,0.67,5.0,0.69,10.0,0.7,47.5,0.01,0.01,2353.045283,1776382892000
1776382893.995,93.995,0.29,8.78,0.28,81.0,0.3,10.0,0.31,66.59,0.68,80.79,0.67,5.0,0.69,10.0,0.7,47.5,0.01,0.01,2353.045283,1776382892000
1776382894.402,94.402,0.29,8.78,0.28,81.0,0.3,10.0,0.31,66.59,0.7,10.0,0.69,66.59,0.71,8.78,0.72,81.0,0.01,0.01,2353.080156,1776382893000
1776382894.83,94.83,0.29,3.73,0.28,81.0,0.3,20.5,0.31,76.59,0.7,10.0,0.69,76.59,0.71,12.33,0.72,81.0,0.01,0.01,2353.080156,1776382893000
1776382895.048,95.048,0.29,0.46,0.28,11.0,0.3,20.5,0.31,76.59,0.7,20.5,0.69,76.59,0.71,3.73,0.72,81.0,0.01,0.01,2353.080156,1776382893000
1776382895.335,95.335,0.29,0.46,0.28,11.0,0.3,20.5,0.31,76.59,0.7,20.5,0.69,76.59,0.71,0.46,0.72,11.0,0.01,0.01,2353.238148,1776382894000
1776382896.702,96.702,0.28,28.89,0.27,130.8,0.29,72.78,0.3,10.0,0.7,20.5,0.69,76.59,0.71,0.46,0.72,11.0,0.01,0.01,2353.238148,1776382894000
1776382897.561,97.561,0.28,28.89,0.27,130.8,0.29,72.78,0.3,10.0,0.71,72.78,0.7,10.0,0.72,28.89,0.73,130.8,0.01,0.01,2353.240751,1776382896000
1776382898.067,98.067,0.3,3.71,0.29,95.5,0.31,19.52,0.32,15.0,0.71,37.6,0.7,5.0,0.72,96.5,0.73,143.59,0.01,0.01,2353.240751,1776382896000
1776382898.28,98.28,0.3,3.71,0.29,95.5,0.31,19.52,0.32,15.0,0.69,19.52,0.68,15.0,0.7,3.71,0.71,95.5,0.01,0.01,2353.258513,1776382897000
1776382899.077,99.077,0.29,110.38,0.28,77.18,0.31,19.52,0.32,15.0,0.69,19.52,0.68,15.0,0.7,3.71,0.71,95.5,0.02,0.01,2353.258513,1776382897000
1776382899.606,99.606,0.29,110.38,0.28,77.18,0.31,19.52,0.32,15.0,0.69,19.52,0.68,15.0,0.71,110.38,0.72,77.18,0.02,0.02,2353.314404,1776382898000
1776382900.816,100.816,0.29,110.38,0.28,77.18,0.31,19.52,0.32,15.0,0.69,19.52,0.68,15.0,0.71,110.38,0.72,77.18,0.02,0.02,2353.345819,1776382899000
1776382901.513,101.513,0.29,110.38,0.28,77.18,0.31,19.52,0.32,15.0,0.69,19.52,0.68,15.0,0.71,110.38,0.72,77.18,0.02,0.02,2353.351762,1776382900000
1776382902.14,102.14,0.31,38.8,0.3,32.6,0.32,20.98,0.33,15.0,0.69,19.52,0.68,15.0,0.71,110.38,0.72,77.18,0.01,0.02,2353.351762,1776382900000
1776382902.91,102.91,0.31,47.7,0.3,32.6,0.32,15.98,0.33,15.0,0.68,20.98,0.67,15.0,0.69,38.8,0.7,32.6,0.01,0.01,2353.36841,1776382901000
1776382903.256,103.256,0.31,47.7,0.3,32.6,0.32,15.98,0.33,15.0,0.68,15.98,0.67,15.0,0.69,47.7,0.7,32.6,0.01,0.01,2353.384287,1776382902000
1776382904.13,104.13,0.31,37.2,0.3,32.6,0.32,8.98,0.33,15.0,0.68,15.98,0.67,15.0,0.69,47.7,0.7,32.6,0.01,0.01,2353.384287,1776382902000
1776382904.496,104.496,0.31,37.2,0.3,32.6,0.32,8.98,0.33,15.0,0.68,8.98,0.67,15.0,0.69,37.2,0.7,32.6,0.01,0.01,2353.395748,1776382903000
1776382905.154,105.154,0.31,35.6,0.3,32.6,0.32,15.0,0.33,34.43,0.68,8.98,0.67,15.0,0.69,37.2,0.7,32.6,0.01,0.01,2353.395748,1776382903000
1776382905.472,105.472,0.31,33.54,0.3,32.6,0.32,15.0,0.33,34.43,0.68,15.0,0.67,34.43,0.69,35.6,0.7,32.6,0.01,0.01,2353.396528,1776382904000
1776382906.462,106.462,0.31,33.54,0.3,32.6,0.32,15.0,0.33,34.43,0.68,15.0,0.67,34.43,0.69,33.54,0.7,32.6,0.01,0.01,2353.39834,1776382905000
1776382907.115,107.115,0.31,33.54,0.3,32.6,0.32,15.0,0.33,34.43,0.68,15.0,0.67,34.43,0.69,33.54,0.7,32.6,0.01,0.01,2353.39834,1776382906000
1776382908.098,108.098,0.31,3.55,0.3,42.6,0.32,22.97,0.33,24.38,0.67,33.81,0.66,25.5,0.7,42.6,0.71,100.0,0.01,0.03,2353.39834,1776382906000
1776382908.461,108.461,0.31,3.55,0.3,42.6,0.32,22.97,0.33,24.38,0.68,22.97,0.67,24.38,0.69,3.55,0.7,42.6,0.01,0.01,2353.400143,1776382907000
1776382908.753,108.753,0.31,3.55,0.3,42.6,0.32,21.54,0.33,24.38,0.68,22.97,0.67,24.38,0.69,3.55,0.7,42.6,0.01,0.01,2353.400143,1776382907000
1776382909.114,109.114,0.31,3.55,0.3,42.6,0.32,21.54,0.33,24.38,0.68,21.54,0.67,24.38,0.69,3.55,0.7,42.6,0.01,0.01,2353.400143,1776382908000
1776382909.692,109.692,0.31,8.95,0.3,42.6,0.32,26.54,0.33,24.38,0.68,21.54,0.67,24.38,0.69,3.55,0.7,42.6,0.01,0.01,2353.400143,1776382908000
1776382910.325,110.325,0.31,8.95,0.3,42.6,0.32,26.54,0.33,24.38,0.68,26.54,0.67,24.38,0.69,8.95,0.7,42.6,0.01,0.01,2353.39641,1776382909000
1776382911.06,111.06,0.31,8.95,0.3,42.6,0.32,26.54,0.33,24.38,0.68,26.54,0.67,24.38,0.69,8.95,0.7,42.6,0.01,0.01,2353.39641,1776382910000
1776382911.698,111.698,0.3,41.17,0.29,97.0,0.32,26.54,0.33,24.38,0.68,26.54,0.67,24.38,0.69,8.95,0.7,42.6,0.02,0.01,2353.39641,1776382910000
1776382912.451,112.451,0.3,41.17,0.29,97.0,0.32,26.54,0.33,24.38,0.68,26.54,0.67,24.38,0.7,41.17,0.71,97.0,0.02,0.02,2353.396255,1776382911000
1776382913.258,113.258,0.3,41.17,0.29,97.0,0.32,26.54,0.33,24.38,0.68,26.54,0.67,24.38,0.7,41.17,0.71,97.0,0.02,0.02,2353.396245,1776382912000
1776382914.582,114.582,0.3,41.17,0.29,97.0,0.32,26.54,0.33,24.38,0.68,26.54,0.67,24.38,0.7,41.17,0.71,97.0,0.02,0.02,2353.397981,1776382913000
1776382915.312,115.312,0.3,41.17,0.29,97.0,0.32,26.54,0.33,24.38,0.68,26.54,0.67,24.38,0.7,41.17,0.71,97.0,0.02,0.02,2353.395761,1776382914000
1776382916.009,116.009,0.3,41.17,0.29,97.0,0.32,26.54,0.33,24.38,0.68,26.54,0.67,24.38,0.7,41.17,0.71,97.0,0.02,0.02,2353.395541,1776382915000
1776382916.269,116.269,0.29,101.0,0.28,53.68,0.31,19.44,0.32,15.5,0.68,26.54,0.67,24.38,0.7,41.17,0.71,97.0,0.02,0.02,2353.395541,1776382915000
1776382917.317,117.317,0.29,101.0,0.28,53.68,0.31,19.44,0.32,15.5,0.69,19.44,0.68,15.5,0.71,101.0,0.72,53.68,0.02,0.02,2353.395235,1776382916000
1776382918.42,118.42,0.29,101.0,0.28,53.68,0.31,19.44,0.32,15.5,0.69,19.44,0.68,15.5,0.71,101.0,0.72,53.68,0.02,0.02,2353.37612,1776382917000
1776382918.904,118.904,0.29,22.5,0.28,89.89,0.3,24.81,0.31,40.5,0.69,19.44,0.68,15.5,0.71,101.0,0.72,53.68,0.01,0.02,2353.37612,1776382917000
1776382919.186,119.186,0.27,5.0,0.26,79.21,0.28,22.35,0.29,26.5,0.7,24.81,0.69,40.5,0.71,22.5,0.72,89.89,0.01,0.01,2353.37122,1776382918000
1776382919.818,119.818,0.27,3.49,0.26,113.21,0.28,17.35,0.29,30.5,0.72,22.35,0.71,26.5,0.73,5.0,0.74,79.21,0.01,0.01,2353.37122,1776382918000
1776382920.05,120.05,0.27,3.49,0.26,113.21,0.28,17.35,0.29,30.5,0.72,17.35,0.71,30.5,0.73,3.49,0.74,113.21,0.01,0.01,2353.370255,1776382919000
1776382920.494,120.494,0.26,15.0,0.25,174.71,0.28,52.4,0.29,30.5,0.72,17.35,0.71,30.5,0.73,3.49,0.74,113.21,0.02,0.01,2353.370255,1776382919000
1776382921.108,121.108,0.26,15.0,0.25,174.71,0.28,52.4,0.29,30.5,0.72,52.4,0.71,30.5,0.74,15.0,0.75,174.71,0.02,0.02,2353.356395,1776382920000
1776382922.07,122.07,0.26,90.5,0.25,187.5,0.27,75.6,0.28,5.0,0.72,52.4,0.71,30.5,0.74,15.0,0.75,174.71,0.01,0.02,2353.356395,1776382920000
1776382922.518,122.518,0.26,90.5,0.25,187.5,0.27,75.6,0.28,5.0,0.73,75.6,0.72,5.0,0.74,90.5,0.75,187.5,0.01,0.01,2353.319132,1776382921000
1776382923.02,123.02,0.26,90.5,0.25,187.5,0.27,75.6,0.28,5.0,0.73,75.6,0.72,5.0,0.74,90.5,0.75,187.5,0.01,0.01,2353.319132,1776382922000
1776382924.738,124.738,0.26,90.5,0.25,187.5,0.27,75.6,0.28,5.0,0.73,75.6,0.72,5.0,0.74,90.5,0.75,187.5,0.01,0.01,2353.322823,1776382923000
1776382925.447,125.447,0.26,90.5,0.25,187.5,0.27,75.6,0.28,5.0,0.73,75.6,0.72,5.0,0.74,90.5,0.75,187.5,0.01,0.01,2353.282608,1776382924000
1776382925.914,125.914,0.26,90.5,0.25,187.5,0.27,75.6,0.28,5.0,0.73,75.6,0.72,5.0,0.74,90.5,0.75,187.5,0.01,0.01,2353.282608,1776382925000
1776382926.47,126.47,0.25,8.51,0.24,100.0,0.26,67.64,0.27,96.1,0.73,75.6,0.72,5.0,0.74,90.5,0.75,187.5,0.01,0.01,2353.282608,1776382925000
1776382927.081,127.081,0.24,100.0,0.23,25.0,0.26,67.64,0.27,96.1,0.74,67.64,0.73,96.1,0.76,100.0,0.77,25.0,0.02,0.02,2353.2234,1776382926000
1776382927.344,127.344,0.2,110.0,0.18,209.0,0.21,17.0,0.22,22.5,0.74,67.64,0.73,96.1,0.76,100.0,0.77,25.0,0.01,0.02,2353.2234,1776382926000
1776382927.637,127.637,0.2,61.05,0.18,209.0,0.21,17.0,0.22,22.5,0.79,17.0,0.78,22.5,0.8,110.0,0.82,209.0,0.01,0.01,2353.2234,1776382926000
1776382928.195,128.195,0.2,28.05,0.18,209.0,0.21,52.0,0.22,22.5,0.79,52.0,0.78,22.5,0.8,28.05,0.82,209.0,0.01,0.01,2352.9971,1776382927000
1776382928.656,128.656,0.2,18.05,0.18,150.0,0.21,101.36,0.22,22.5,0.79,52.0,0.78,22.5,0.8,28.05,0.82,209.0,0.01,0.01,2352.9971,1776382927000
1776382929.414,129.414,0.2,18.05,0.18,150.0,0.21,101.36,0.22,22.5,0.79,101.36,0.78,22.5,0.8,18.05,0.82,150.0,0.01,0.01,2352.7023,1776382928000
1776382929.871,129.871,0.2,18.05,0.18,150.0,0.21,101.36,0.22,22.5,0.79,101.36,0.78,22.5,0.8,18.05,0.82,150.0,0.01,0.01,2352.7023,1776382929000
1776382931.058,131.058,0.2,11.6,0.18,150.0,0.21,86.36,0.22,22.5,0.79,86.36,0.78,22.5,0.8,11.6,0.82,150.0,0.01,0.01,2352.742865,1776382930000
1776382931.463,131.463,0.2,10.01,0.18,150.0,0.21,86.36,0.22,22.5,0.79,86.36,0.78,22.5,0.8,11.6,0.82,150.0,0.01,0.01,2352.742865,1776382930000
1776382931.759,131.759,0.2,10.01,0.18,150.0,0.21,27.54,0.22,22.5,0.79,86.36,0.78,22.5,0.8,10.01,0.82,150.0,0.01,0.01,2352.742865,1776382930000
1776382932.168,132.168,0.2,10.01,0.18,150.0,0.21,27.54,0.22,22.5,0.79,27.54,0.78,22.5,0.8,10.01,0.82,150.0,0.01,0.01,2352.753457,1776382931000
1776382933.625,133.625,0.18,9.16,0.17,90.5,0.21,49.5,0.22,22.5,0.79,27.54,0.78,22.5,0.8,10.01,0.82,150.0,0.03,0.01,2352.753457,1776382931000
1776382934.002,134.002,0.18,7.94,0.17,90.5,0.19,5.0,0.2,22.0,0.79,41.16,0.78,22.5,0.82,9.16,0.83,90.5,0.01,0.03,2352.768761,1776382932000
1776382934.289,134.289,0.18,4.03,0.17,90.5,0.19,67.7,0.2,22.0,0.81,5.0,0.8,22.0,0.82,7.94,0.83,90.5,0.01,0.01,2352.768761,1776382932000
1776382935.412,135.412,0.18,4.03,0.17,90.5,0.19,67.7,0.2,22.0,0.81,67.7,0.8,22.0,0.82,4.03,0.83,90.5,0.01,0.01,2352.769431,1776382934000
1776382935.948,135.948,0.18,4.03,0.17,90.5,0.19,67.7,0.2,22.0,0.81,67.7,0.8,22.0,0.82,4.03,0.83,90.5,0.01,0.01,2352.769431,1776382935000
1776382936.202,136.202,0.18,234.5,0.17,170.5,0.19,19.95,0.25,65.0,0.81,67.7,0.8,22.0,0.82,4.03,0.83,90.5,0.01,0.01,2352.769431,1776382935000
1776382936.642,136.642,0.24,8.55,0.22,202.0,0.25,60.0,0.26,5.0,0.75,60.0,0.74,5.0,0.8,28.79,0.82,243.59,0.01,0.05,2352.769431,1776382935000
1776382936.864,136.864,0.24,121.68,0.23,17.99,0.25,60.0,0.27,85.6,0.75,60.0,0.74,5.0,0.76,8.55,0.78,202.0,0.01,0.01,2352.769431,1776382935000
1776382937.129,137.129,0.25,63.99,0.24,98.79,0.26,23.42,0.27,85.6,0.75,60.0,0.73,85.6,0.76,147.49,0.77,17.99,0.01,0.01,2352.769431,1776382936000
1776382937.352,137.352,0.25,85.99,0.24,99.29,0.26,23.42,0.27,85.6,0.74,23.42,0.73,85.6,0.75,63.99,0.76,98.79,0.01,0.01,2352.769431,1776382936000
1776382937.555,137.555,0.25,40.44,0.24,79.29,0.26,28.42,0.27,85.6,0.74,23.42,0.73,85.6,0.75,100.02,0.76,79.29,0.01,0.01,2352.769431,1776382936000
1776382937.778,137.778,0.25,81.39,0.24,79.29,0.26,21.14,0.27,85.6,0.74,21.14,0.73,85.6,0.75,28.87,0.76,126.5,0.01,0.01,2352.769431,1776382936000
1776382938.111,138.111,0.25,81.39,0.24,79.29,0.26,21.14,0.27,85.6,0.74,21.14,0.73,85.6,0.75,81.39,0.76,79.29,0.01,0.01,2352.82583,1776382937000
1776382938.464,138.464,0.25,10.83,0.24,47.5,0.26,57.86,0.27,85.6,0.74,57.86,0.73,85.6,0.75,12.3,0.76,47.5,0.01,0.01,2352.82583,1776382937000
1776382939.166,139.166,0.25,22.06,0.24,52.5,0.26,57.86,0.27,85.6,0.74,57.86,0.73,85.6,0.75,8.56,0.76,47.5,0.01,0.01,2352.82583,1776382937000
1776382939.504,139.504,0.25,51.5,0.24,22.5,0.26,50.86,0.27,85.6,0.74,57.86,0.73,85.6,0.75,15.06,0.76,52.5,0.01,0.01,2353.145638,1776382938000
1776382939.762,139.762,0.25,44.5,0.24,22.5,0.26,44.86,0.27,85.6,0.74,50.86,0.73,85.6,0.75,44.5,0.76,22.5,0.01,0.01,2353.145638,1776382938000
1776382940.229,140.229,0.25,44.5,0.24,22.5,0.26,44.86,0.27,85.6,0.74,44.86,0.73,85.6,0.75,44.5,0.76,22.5,0.01,0.01,2353.241085,1776382939000
1776382941.119,141.119,0.25,57.71,0.24,22.5,0.26,44.86,0.27,85.6,0.74,44.86,0.73,85.6,0.75,68.81,0.76,22.5,0.01,0.01,2353.241085,1776382939000
1776382941.411,141.411,0.25,55.71,0.24,22.5,0.26,44.86,0.27,85.6,0.74,44.86,0.73,85.6,0.75,55.71,0.76,22.5,0.01,0.01,2353.25105,1776382940000
1776382941.648,141.648,0.26,70.5,0.25,57.71,0.27,84.04,0.29,35.0,0.74,44.86,0.73,85.6,0.75,55.71,0.76,22.5,0.01,0.01,2353.25105,1776382940000
1776382941.923,141.923,0.26,67.04,0.25,63.71,0.27,84.04,0.29,35.0,0.73,84.04,0.71,35.0,0.74,67.04,0.75,63.71,0.01,0.01,2353.285919,1776382941000
1776382942.19,142.19,0.26,279.03,0.25,46.49,0.27,71.04,0.29,35.0,0.73,77.04,0.71,35.0,0.74,87.04,0.75,35.7,0.01,0.01,2353.285919,1776382941000
1776382942.412,142.412,0.31,48.55,0.3,16.79,0.32,20.0,0.33,10.0,0.71,35.0,0.7,10.0,0.74,275.03,0.75,46.49,0.01,0.03,2353.285919,1776382941000
1776382943.011,143.011,0.31,84.37,0.3,64.0,0.33,10.0,0.34,10.5,0.67,10.0,0.66,10.5,0.69,84.37,0.7,64.0,0.02,0.02,2353.344625,1776382942000
1776382943.377,143.377,0.31,373.86,0.3,57.29,0.32,2.63,0.35,5.0,0.67,10.0,0.66,10.5,0.69,84.37,0.7,64.0,0.01,0.02,2353.344625,1776382942000
1776382943.708,143.708,0.41,33.05,0.38,29.22,0.42,50.0,0.44,100.0,0.62,10.0,0.61,25.0,0.64,42.37,0.69,423.86,0.01,0.02,2353.344625,1776382942000
1776382944.089,144.089,0.41,139.26,0.4,25.79,0.42,3.11,0.44,50.0,0.58,50.0,0.56,100.0,0.59,33.05,0.62,29.22,0.01,0.01,2353.344625,1776382942000
1776382944.728,144.728,0.41,80.76,0.4,10.0,0.42,1.91,0.43,86.36,0.58,1.91,0.57,86.36,0.59,92.05,0.6,10.0,0.01,0.01,2353.412105,1776382943000
1776382944.998,144.998,0.41,80.76,0.4,10.0,0.43,79.85,0.44,10.0,0.58,1.91,0.57,86.36,0.59,80.76,0.6,10.0,0.02,0.01,2353.412105,1776382943000
1776382945.911,145.911,0.41,78.89,0.4,5.0,0.43,79.85,0.44,10.0,0.57,79.85,0.56,10.0,0.59,80.76,0.6,10.0,0.02,0.02,2353.654885,1776382944000
1776382946.329,146.329,0.41,78.89,0.4,5.0,0.43,79.85,0.44,10.0,0.57,79.85,0.56,10.0,0.59,78.89,0.6,5.0,0.02,0.02,2354.018048,1776382945000
1776382946.69,146.69,0.41,78.89,0.4,5.0,0.43,79.85,0.44,10.0,0.58,5.0,0.57,79.85,0.59,73.89,0.6,5.0,0.02,0.01,2354.018048,1776382945000
1776382946.918,146.918,0.41,72.24,0.4,5.0,0.43,79.85,0.44,10.0,0.57,79.85,0.56,10.0,0.59,72.24,0.6,5.0,0.02,0.02,2354.08697,1776382946000
1776382947.151,147.151,0.41,53.54,0.4,53.99,0.48,36.19,0.49,25.0,0.55,33.77,0.52,39.4,0.59,100.75,0.6,6.78,0.07,0.04,2354.08697,1776382946000
1776382948.347,148.347,0.43,17.5,0.42,27.5,0.47,22.5,0.48,72.28,0.49,77.0,0.48,97.0,0.59,53.54,0.6,53.99,0.04,0.1,2354.08697,1776382946000
1776382949.114,149.114,0.43,17.5,0.42,27.5,0.47,22.5,0.48,72.28,0.53,22.5,0.52,72.28,0.57,17.5,0.58,27.5,0.04,0.04,2354.12228,1776382947000
1776382949.533,149.533,0.44,19.21,0.43,17.0,0.45,10.5,0.46,10.5,0.53,22.5,0.52,72.28,0.57,17.5,0.58,27.5,0.01,0.04,2354.12228,1776382947000
1776382949.804,149.804,0.44,10.28,0.43,17.0,0.45,10.5,0.46,10.5,0.55,10.5,0.54,10.5,0.56,10.28,0.57,17.0,0.01,0.01,2354.23383,1776382948000
1776382950.153,150.153,0.43,10.0,0.42,45.0,0.44,21.36,0.45,25.5,0.55,10.5,0.54,10.5,0.56,10.28,0.57,17.0,0.01,0.01,2354.23383,1776382948000
1776382950.545,150.545,0.42,35.0,0.41,75.0,0.43,10.03,0.44,63.36,0.57,10.03,0.56,63.36,0.58,35.0,0.59,75.0,0.01,0.01,2354.23787,1776382949000
1776382951.322,151.322,0.39,50.0,0.38,35.0,0.42,47.5,0.43,23.03,0.58,47.5,0.57,23.03,0.61,50.0,0.62,35.0,0.03,0.03,2354.193174,1776382950000
1776382951.751,151.751,0.35,70.0,0.34,26.0,0.37,25.5,0.38,15.5,0.58,47.5,0.57,23.03,0.61,50.0,0.62,35.0,0.02,0.03,2354.193174,1776382950000
1776382952.097,152.097,0.35,42.84,0.34,31.0,0.36,25.5,0.37,15.5,0.64,15.5,0.63,15.5,0.65,62.8,0.66,26.0,0.01,0.01,2354.193174,1776382950000
1776382952.692,152.692,0.35,42.84,0.34,31.0,0.36,25.5,0.37,15.5,0.64,25.5,0.63,15.5,0.65,42.84,0.66,31.0,0.01,0.01,2354.011825,1776382951000
1776382953.114,153.114,0.35,41.3,0.34,31.0,0.36,77.5,0.37,15.5,0.64,25.5,0.63,15.5,0.65,42.84,0.66,31.0,0.01,0.01,2354.011825,1776382951000
1776382953.356,153.356,0.35,27.4,0.34,31.0,0.36,70.5,0.37,15.5,0.64,70.5,0.63,15.5,0.65,27.4,0.66,31.0,0.01,0.01,2353.943387,1776382952000
1776382954.099,154.099,0.35,27.4,0.34,31.0,0.36,70.5,0.37,15.5,0.64,70.5,0.63,15.5,0.65,27.4,0.66,31.0,0.01,0.01,2353.917633,1776382953000
1776382955.68,155.68,0.35,27.4,0.34,31.0,0.36,70.5,0.37,15.5,0.64,70.5,0.63,15.5,0.65,27.4,0.66,31.0,0.01,0.01,2353.876956,1776382954000
1776382956.152,156.152,0.35,28.86,0.34,10.0,0.36,55.5,0.37,15.5,0.64,70.5,0.63,15.5,0.65,27.4,0.66,31.0,0.01,0.01,2353.876956,1776382954000
1776382956.425,156.425,0.35,23.86,0.34,10.0,0.36,55.5,0.37,15.5,0.64,55.5,0.63,15.5,0.65,23.86,0.66,10.0,0.01,0.01,2353.862905,1776382955000
1776382957.224,157.224,0.35,23.86,0.34,10.0,0.36,55.5,0.37,15.5,0.64,55.5,0.63,15.5,0.65,23.86,0.66,10.0,0.01,0.01,2353.878044,1776382956000
1776382958.812,158.812,0.35,23.86,0.34,10.0,0.36,55.5,0.37,15.5,0.64,55.5,0.63,15.5,0.65,23.86,0.66,10.0,0.01,0.01,2353.811634,1776382957000
1776382959.274,159.274,0.32,10.0,0.31,35.0,0.33,123.66,0.34,37.5,0.64,55.5,0.63,15.5,0.65,23.86,0.66,10.0,0.01,0.01,2353.811634,1776382957000
1776382960.235,160.235,0.32,10.0,0.31,35.0,0.33,123.66,0.34,37.5,0.67,123.66,0.66,37.5,0.68,10.0,0.69,35.0,0.01,0.01,2353.747005,1776382959000
1776382961.542,161.542,0.32,10.0,0.31,35.0,0.33,123.66,0.34,37.5,0.67,123.66,0.66,37.5,0.68,10.0,0.69,35.0,0.01,0.01,2353.585011,1776382960000
1776382962.168,162.168,0.26,55.0,0.25,15.5,0.28,76.3,0.29,25.5,0.67,123.66,0.66,37.5,0.68,10.0,0.69,35.0,0.02,0.01,2353.585011,1776382960000
1776382962.972,162.972,0.26,55.0,0.25,15.5,0.28,76.3,0.29,25.5,0.72,76.3,0.71,25.5,0.74,55.0,0.75,15.5,0.02,0.02,2353.476758,1776382962000
1776382963.479,163.479,0.26,4.75,0.25,25.5,0.28,86.3,0.29,35.5,0.72,76.3,0.71,25.5,0.74,55.0,0.75,15.5,0.02,0.02,2353.476758,1776382962000
1776382964.396,164.396,0.26,4.75,0.25,25.5,0.28,77.66,0.29,35.5,0.72,77.66,0.71,35.5,0.74,4.75,0.75,25.5,0.02,0.02,2353.501515,1776382963000
1776382965.146,165.146,0.26,4.75,0.25,25.5,0.28,77.66,0.29,35.5,0.72,77.66,0.71,35.5,0.74,4.75,0.75,25.5,0.02,0.02,2353.450768,1776382964000
1776382967.217,167.217,0.26,4.75,0.25,25.5,0.28,77.66,0.29,35.5,0.72,77.66,0.71,35.5,0.74,4.75,0.75,25.5,0.02,0.02,2353.448763,1776382966000
1776382968.233,168.233,0.26,4.75,0.25,25.5,0.28,77.66,0.29,35.5,0.72,77.66,0.71,35.5,0.74,4.75,0.75,25.5,0.02,0.02,2353.470472,1776382967000
1776382969.23,169.23,0.26,4.75,0.25,25.5,0.28,77.66,0.29,35.5,0.72,77.66,0.71,35.5,0.74,4.75,0.75,25.5,0.02,0.02,2353.482705,1776382968000
1776382970.202,170.202,0.26,4.75,0.25,25.5,0.28,77.66,0.29,35.5,0.72,77.66,0.71,35.5,0.74,4.75,0.75,25.5,0.02,0.02,2353.463454,1776382969000
1776382970.516,170.516,0.27,210.49,0.26,97.28,0.28,42.8,0.3,10.0,0.72,77.66,0.71,35.5,0.74,4.75,0.75,25.5,0.01,0.02,2353.463454,1776382969000
1776382971.199,171.199,0.27,234.49,0.26,92.28,0.3,10.0,0.35,55.0,0.7,10.0,0.65,55.0,0.73,234.49,0.74,92.28,0.03,0.03,2353.449651,1776382970000
1776382972.199,172.199,0.27,234.49,0.26,92.28,0.3,10.0,0.35,55.0,0.7,10.0,0.65,55.0,0.73,234.49,0.74,92.28,0.03,0.03,2353.49475,1776382971000
1776382972.639,172.639,0.37,82.5,0.36,21.5,0.38,128.82,0.39,10.5,0.7,10.0,0.65,55.0,0.73,234.49,0.74,92.28,0.01,0.03,2353.49475,1776382971000
1776382973.244,173.244,0.37,86.86,0.36,21.5,0.38,128.82,0.39,10.5,0.62,128.82,0.61,10.5,0.63,86.86,0.64,21.5,0.01,0.01,2353.69221,1776382972000
1776382973.572,173.572,0.37,106.86,0.36,35.5,0.38,115.66,0.41,15.5,0.62,128.82,0.61,10.5,0.63,86.86,0.64,21.5,0.01,0.01,2353.69221,1776382972000
1776382974.27,174.27,0.37,106.86,0.36,35.5,0.38,115.66,0.41,15.5,0.62,115.66,0.59,15.5,0.63,106.86,0.64,35.5,0.01,0.01,2353.723735,1776382973000
1776382975.301,175.301,0.37,78.85,0.36,35.5,0.38,115.66,0.39,5.0,0.62,115.66,0.61,5.0,0.63,78.85,0.64,35.5,0.01,0.01,2353.874508,1776382974000
1776382976.238,176.238,0.37,78.85,0.36,35.5,0.38,115.66,0.39,5.0,0.62,115.66,0.61,5.0,0.63,78.85,0.64,35.5,0.01,0.01,2353.924425,1776382975000
1776382977.216,177.216,0.37,78.85,0.36,35.5,0.38,115.66,0.39,5.0,0.62,115.66,0.61,5.0,0.63,78.85,0.64,35.5,0.01,0.01,2353.93125,1776382976000
1776382978.202,178.202,0.37,78.85,0.36,35.5,0.38,115.66,0.39,5.0,0.62,115.66,0.61,5.0,0.63,78.85,0.64,35.5,0.01,0.01,2353.944739,1776382977000
1776382978.819,178.819,0.38,19.74,0.37,32.26,0.39,159.87,0.4,35.5,0.62,115.66,0.61,5.0,0.63,78.85,0.64,35.5,0.01,0.01,2353.944739,1776382977000
1776382979.189,179.189,0.38,19.74,0.37,32.26,0.39,159.87,0.4,35.5,0.61,159.87,0.6,35.5,0.62,19.74,0.63,32.26,0.01,0.01,2353.967255,1776382978000
1776382980.572,180.572,0.38,10.0,0.36,30.6,0.39,223.37,0.4,25.5,0.61,159.87,0.6,35.5,0.62,19.74,0.63,32.26,0.01,0.01,2353.967255,1776382978000
1776382981.249,181.249,0.38,10.0,0.36,30.6,0.39,223.37,0.4,25.5,0.61,223.37,0.6,25.5,0.62,10.0,0.64,30.6,0.01,0.01,2353.983011,1776382980000
1776382981.451,181.451,0.38,150.5,0.37,69.5,0.39,22.87,0.4,10.0,0.61,72.87,0.6,10.0,0.62,130.5,0.63,69.5,0.01,0.01,2353.983011,1776382980000
1776382981.807,181.807,0.38,162.88,0.37,84.9,0.39,17.87,0.4,10.0,0.61,22.87,0.6,10.0,0.62,162.88,0.63,69.5,0.01,0.01,2353.983011,1776382980000
1776382982.24,182.24,0.38,178.18,0.37,84.9,0.42,10.0,0.44,35.0,0.61,7.87,0.6,10.0,0.62,162.88,0.63,84.9,0.04,0.01,2353.983011,1776382980000
1776382982.526,182.526,0.38,178.18,0.37,84.9,0.42,10.0,0.44,35.0,0.58,10.0,0.56,35.0,0.62,178.18,0.63,84.9,0.04,0.04,2353.910931,1776382981000
1776382983.238,183.238,0.38,178.18,0.37,84.9,0.42,10.0,0.44,35.0,0.58,10.0,0.56,35.0,0.62,178.18,0.63,84.9,0.04,0.04,2353.949749,1776382982000
1776382983.568,183.568,0.41,135.09,0.4,83.5,0.42,10.0,0.44,45.5,0.58,10.0,0.56,35.0,0.62,178.18,0.63,84.9,0.01,0.04,2353.949749,1776382982000
1776382984.032,184.032,0.41,135.09,0.4,83.5,0.42,10.0,0.44,45.5,0.58,10.0,0.56,45.5,0.59,135.09,0.6,83.5,0.01,0.01,2354.053339,1776382983000
1776382984.737,184.737,0.41,83.05,0.4,212.77,0.42,20.5,0.43,10.5,0.58,10.0,0.56,45.5,0.59,135.09,0.6,83.5,0.01,0.01,2354.053339,1776382983000
1776382985.387,185.387,0.41,83.05,0.4,212.77,0.42,20.5,0.43,10.5,0.58,20.5,0.57,10.5,0.59,83.05,0.6,212.77,0.01,0.01,2354.097453,1776382984000
1776382986.169,186.169,0.42,5.0,0.41,23.05,0.43,12.5,0.44,177.93,0.58,20.5,0.57,10.5,0.59,83.05,0.6,212.77,0.01,0.01,2354.097453,1776382984000
1776382986.411,186.411,0.42,5.0,0.41,23.05,0.43,12.5,0.44,177.93,0.57,12.5,0.56,177.93,0.58,5.0,0.59,23.05,0.01,0.01,2354.13059,1776382985000
1776382987.082,187.082,0.42,5.0,0.41,23.05,0.43,12.5,0.44,177.93,0.57,12.5,0.56,177.93,0.58,5.0,0.59,23.05,0.01,0.01,2354.116477,1776382986000
1776382987.501,187.501,0.41,151.09,0.4,179.27,0.43,15.5,0.44,50.5,0.57,12.5,0.56,177.93,0.58,5.0,0.59,23.05,0.02,0.01,2354.116477,1776382986000
1776382988.259,188.259,0.41,151.09,0.4,179.27,0.43,15.5,0.44,50.5,0.57,15.5,0.56,50.5,0.59,151.09,0.6,179.27,0.02,0.02,2354.113628,1776382987000
1776382988.655,188.655,0.41,8.15,0.4,322.2,0.42,15.83,0.43,10.5,0.57,15.5,0.56,50.5,0.59,151.09,0.6,179.27,0.01,0.02,2354.113628,1776382987000
1776382989.486,189.486,0.41,8.15,0.4,322.2,0.42,15.83,0.43,10.5,0.58,15.83,0.57,10.5,0.59,8.15,0.6,322.2,0.01,0.01,2354.118751,1776382988000
1776382990.083,190.083,0.41,8.15,0.4,322.2,0.42,15.83,0.43,10.5,0.58,15.83,0.57,10.5,0.59,8.15,0.6,322.2,0.01,0.01,2354.102043,1776382989000
1776382991.316,191.316,0.41,8.15,0.4,322.2,0.42,15.83,0.43,10.5,0.58,15.83,0.57,10.5,0.59,8.15,0.6,322.2,0.01,0.01,2354.092918,1776382990000
1776382991.956,191.956,0.41,8.15,0.4,322.2,0.42,15.83,0.43,10.5,0.58,15.83,0.57,10.5,0.59,8.15,0.6,322.2,0.01,0.01,2354.08751,1776382991000
1776382992.3,192.3,0.4,265.95,0.38,15.0,0.41,15.5,0.42,10.83,0.58,20.83,0.57,15.5,0.6,300.35,0.61,11.0,0.01,0.02,2354.08751,1776382991000
1776382992.599,192.599,0.4,176.95,0.38,10.0,0.41,15.5,0.42,15.83,0.59,15.5,0.58,10.83,0.6,181.95,0.62,15.0,0.01,0.01,2354.08751,1776382991000
1776382993.078,193.078,0.4,171.95,0.38,10.0,0.41,209.7,0.42,21.83,0.59,15.5,0.58,15.83,0.6,176.95,0.62,10.0,0.01,0.01,2354.08751,1776382991000
1776382994.267,194.267,0.36,45.5,0.35,10.5,0.37,12.29,0.38,5.0,0.59,190.5,0.58,161.83,0.64,25.0,0.66,6.0,0.01,0.05,2354.075085,1776382992000
1776382995.066,195.066,0.36,45.5,0.35,10.5,0.37,12.29,0.38,5.0,0.63,12.29,0.62,5.0,0.64,45.5,0.65,10.5,0.01,0.01,2353.954416,1776382994000
1776382996.694,196.694,0.36,45.5,0.35,10.5,0.37,12.29,0.38,5.0,0.63,12.29,0.62,5.0,0.64,45.5,0.65,10.5,0.01,0.01,2353.96746,1776382995000
1776382997.227,197.227,0.36,45.5,0.35,10.5,0.37,12.29,0.38,5.0,0.63,12.29,0.62,5.0,0.64,45.5,0.65,10.5,0.01,0.01,2353.943912,1776382996000
1776382998.385,198.385,0.36,45.5,0.35,10.5,0.37,12.29,0.38,5.0,0.63,12.29,0.62,5.0,0.64,45.5,0.65,10.5,0.01,0.01,2353.935138,1776382997000
1776382998.648,198.648,0.36,35.0,0.34,80.5,0.37,29.46,0.38,21.5,0.63,12.29,0.62,5.0,0.64,45.5,0.65,10.5,0.01,0.01,2353.935138,1776382997000
1776382999.392,199.392,0.36,35.0,0.34,80.5,0.37,29.46,0.38,21.5,0.63,29.46,0.62,21.5,0.64,35.0,0.66,80.5,0.01,0.01,2353.929177,1776382998000
1776382999.91,199.91,0.36,35.0,0.34,80.5,0.37,29.46,0.38,21.5,0.63,29.46,0.62,21.5,0.64,35.0,0.66,80.5,0.01,0.01,2353.929177,1776382999000
1776383001.054,201.054,0.36,35.0,0.34,80.5,0.37,29.46,0.38,21.5,0.63,29.46,0.62,21.5,0.64,35.0,0.66,80.5,0.01,0.01,2353.929201,1776383000000
1776383001.309,201.309,0.36,246.56,0.35,25.5,0.38,5.0,0.39,160.15,0.63,29.46,0.62,21.5,0.64,35.0,0.66,80.5,0.02,0.01,2353.929201,1776383000000
1776383002.023,202.023,0.36,246.56,0.35,25.5,0.39,155.15,0.4,159.22,0.61,155.15,0.6,159.22,0.64,246.56,0.65,25.5,0.03,0.03,2353.937876,1776383001000
1776383003.145,203.145,0.36,246.56,0.35,25.5,0.39,155.15,0.4,159.22,0.61,155.15,0.6,159.22,0.64,246.56,0.65,25.5,0.03,0.03,2353.9576,1776383002000
1776383004.27,204.27,0.36,246.56,0.35,25.5,0.39,155.15,0.4,159.22,0.61,155.15,0.6,159.22,0.64,246.56,0.65,25.5,0.03,0.03,2353.974499,1776383003000
1776383004.55,204.55,0.38,130.5,0.37,83.5,0.39,174.84,0.4,10.0,0.61,190.77,0.6,10.0,0.62,130.5,0.63,83.5,0.01,0.01,2353.974499,1776383003000
1776383004.847,204.847,0.38,263.5,0.37,53.5,0.39,104.84,0.4,10.0,0.61,174.84,0.6,10.0,0.62,130.5,0.63,83.5,0.01,0.01,2353.974499,1776383003000
1776383005.17,205.17,0.41,39.86,0.38,266.5,0.43,35.0,0.44,35.0,0.61,10.14,0.57,35.0,0.62,243.5,0.63,53.5,0.02,0.01,2353.974499,1776383003000
1776383006.491,206.491,0.41,39.86,0.38,266.5,0.43,35.0,0.44,35.0,0.57,35.0,0.56,35.0,0.59,39.86,0.62,266.5,0.02,0.02,2354.038898,1776383005000
1776383007.027,207.027,0.41,39.86,0.38,266.5,0.43,35.0,0.44,35.0,0.57,35.0,0.56,35.0,0.59,39.86,0.62,266.5,0.02,0.02,2354.095879,1776383006000
1776383008.183,208.183,0.41,39.86,0.38,266.5,0.43,35.0,0.44,35.0,0.57,35.0,0.56,35.0,0.59,39.86,0.62,266.5,0.02,0.02,2354.244471,1776383007000
1776383009.249,209.249,0.41,39.86,0.38,266.5,0.43,35.0,0.44,35.0,0.57,35.0,0.56,35.0,0.59,39.86,0.62,266.5,0.02,0.02,2354.250462,1776383008000
1776383009.96,209.96,0.43,10.0,0.42,15.0,0.44,42.5,0.45,40.5,0.57,35.0,0.56,35.0,0.59,39.86,0.62,266.5,0.01,0.02,2354.250462,1776383008000
1776383010.451,210.451,0.42,5.0,0.41,75.26,0.44,30.5,0.45,40.5,0.56,42.5,0.55,40.5,0.58,10.0,0.59,101.26,0.02,0.02,2354.250462,1776383008000
1776383010.827,210.827,0.42,5.0,0.41,75.26,0.44,30.5,0.45,40.5,0.56,30.5,0.55,40.5,0.58,5.0,0.59,75.26,0.02,0.02,2354.2574,1776383009000
1776383011.156,211.156,0.43,15.0,0.41,85.26,0.44,12.5,0.45,50.5,0.56,30.5,0.55,40.5,0.58,5.0,0.59,75.26,0.01,0.02,2354.2574,1776383009000
1776383011.906,211.906,0.43,15.0,0.41,85.26,0.44,12.5,0.45,50.5,0.56,12.5,0.55,50.5,0.57,15.0,0.59,85.26,0.01,0.01,2354.17341,1776383011000
1776383013.004,213.004,0.43,15.0,0.41,85.26,0.44,12.5,0.45,50.5,0.56,12.5,0.55,50.5,0.57,15.0,0.59,85.26,0.01,0.01,2354.156235,1776383012000
1776383013.255,213.255,0.44,100.5,0.43,47.5,0.5,2.08,0.51,71.0,0.56,12.5,0.55,50.5,0.57,15.0,0.59,85.26,0.06,0.01,2354.156235,1776383012000
1776383013.505,213.505,0.51,11.0,0.5,10.0,0.52,80.5,0.53,22.5,0.49,4.13,0.48,70.0,0.56,100.5,0.57,47.5,0.01,0.07,2354.156235,1776383012000
1776383013.876,213.876,0.51,10.89,0.5,10.0,0.52,80.5,0.53,22.5,0.48,80.5,0.47,22.5,0.49,11.0,0.5,10.0,0.01,0.01,2354.156235,1776383012000
1776383014.112,214.112,0.49,67.49,0.48,27.5,0.51,1.15,0.52,80.5,0.49,5.0,0.48,80.5,0.5,5.0,0.51,67.49,0.02,0.01,2354.176905,1776383013000
1776383014.896,214.896,0.49,67.49,0.48,27.5,0.51,1.15,0.52,80.5,0.49,1.15,0.48,80.5,0.51,67.49,0.52,27.5,0.02,0.02,2354.21195,1776383014000
1776383015.727,215.727,0.53,43.37,0.52,20.5,0.54,140.0,0.55,189.5,0.49,1.15,0.48,80.5,0.51,67.49,0.52,27.5,0.01,0.02,2354.21195,1776383014000
1776383015.968,215.968,0.53,43.37,0.52,20.5,0.54,140.0,0.55,189.5,0.46,140.0,0.45,189.5,0.47,43.37,0.48,20.5,0.01,0.01,2354.303998,1776383015000
1776383016.944,216.944,0.53,41.24,0.52,20.5,0.54,136.07,0.55,189.5,0.46,136.07,0.45,189.5,0.47,41.24,0.48,20.5,0.01,0.01,2354.412304,1776383016000
1776383018.13,218.13,0.53,41.24,0.52,20.5,0.54,136.07,0.55,189.5,0.46,136.07,0.45,189.5,0.47,41.24,0.48,20.5,0.01,0.01,2354.463942,1776383017000
1776383019.168,219.168,0.53,41.24,0.52,20.5,0.54,136.07,0.55,189.5,0.46,136.07,0.45,189.5,0.47,41.24,0.48,20.5,0.01,0.01,2354.542635,1776383018000
1776383019.417,219.417,0.53,270.74,0.52,72.18,0.55,89.5,0.56,35.0,0.46,136.07,0.45,189.5,0.47,41.24,0.48,20.5,0.02,0.01,2354.542635,1776383018000
1776383020.075,220.075,0.53,270.74,0.52,72.18,0.55,89.5,0.56,35.0,0.45,89.5,0.44,35.0,0.47,270.74,0.48,72.18,0.02,0.02,2354.497896,1776383019000
1776383020.898,220.898,0.58,155.0,0.57,21.0,0.6,4.0,0.61,10.5,0.45,89.5,0.44,35.0,0.47,270.74,0.48,72.18,0.02,0.02,2354.497896,1776383019000
1776383021.209,221.209,0.59,111.0,0.58,53.0,0.61,10.5,0.63,20.0,0.4,4.0,0.39,10.5,0.42,155.0,0.43,21.0,0.02,0.02,2354.552895,1776383020000
1776383021.531,221.531,0.59,149.99,0.58,57.8,0.61,2.3,0.63,15.0,0.39,10.5,0.37,20.0,0.41,111.0,0.42,53.0,0.02,0.02,2354.552895,1776383020000
1776383021.988,221.988,0.6,137.0,0.59,26.0,0.66,18.4,0.67,75.0,0.38,1.0,0.37,15.0,0.4,130.0,0.41,26.0,0.06,0.02,2354.552895,1776383020000
1776383022.932,222.932,0.63,28.21,0.62,22.34,0.64,15.0,0.65,3.0,0.35,3.0,0.34,18.4,0.38,5.0,0.39,65.79,0.01,0.03,2354.681343,1776383021000
1776383023.178,223.178,0.62,5.34,0.61,10.0,0.63,49.0,0.64,105.0,0.36,15.0,0.35,3.0,0.37,28.21,0.38,22.34,0.01,0.01,2354.689508,1776383022000
1776383023.401,223.401,0.61,0.34,0.6,20.0,0.62,10.0,0.63,95.0,0.37,25.0,0.36,105.0,0.39,5.34,0.4,20.0,0.01,0.02,2354.689508,1776383022000
1776383023.719,223.719,0.57,22.37,0.56,32.39,0.62,76.14,0.63,80.0,0.38,10.0,0.37,95.0,0.39,0.34,0.4,20.0,0.05,0.01,2354.689508,1776383022000
1776383024.123,224.123,0.58,15.5,0.57,132.85,0.62,20.14,0.63,10.0,0.42,30.0,0.41,10.0,0.43,19.15,0.44,32.39,0.04,0.01,2354.689508,1776383022000
1776383024.457,224.457,0.61,8.0,0.6,17.78,0.62,20.14,0.63,20.0,0.38,20.14,0.37,20.0,0.39,8.0,0.4,17.78,0.01,0.01,2354.690251,1776383023000
1776383025.212,225.212,0.61,17.0,0.6,5.0,0.62,7.14,0.63,10.0,0.38,7.14,0.37,10.0,0.39,17.0,0.4,5.0,0.01,0.01,2354.619669,1776383024000
1776383025.412,225.412,0.61,17.0,0.6,20.0,0.62,3.99,0.63,10.0,0.38,3.99,0.37,10.0,0.39,17.0,0.4,20.0,0.01,0.01,2354.619669,1776383024000
1776383026.697,226.697,0.61,17.0,0.6,20.0,0.62,3.99,0.63,10.0,0.38,3.99,0.37,10.0,0.39,17.0,0.4,20.0,0.01,0.01,2354.602519,1776383025000
1776383027.135,227.135,0.46,42.19,0.45,25.0,0.48,20.0,0.49,35.0,0.38,3.99,0.37,10.0,0.39,17.0,0.4,20.0,0.02,0.01,2354.602519,1776383025000
1776383027.524,227.524,0.46,22.0,0.45,213.23,0.48,28.91,0.49,31.0,0.52,22.91,0.51,30.0,0.54,52.69,0.55,213.23,0.02,0.02,2354.617937,1776383026000
1776383027.863,227.863,0.47,107.53,0.46,10.5,0.48,31.82,0.49,36.0,0.52,28.91,0.51,36.0,0.55,213.23,0.56,20.6,0.01,0.03,2354.617937,1776383026000
1776383028.194,228.194,0.47,87.81,0.45,85.5,0.48,31.82,0.49,41.0,0.52,31.82,0.51,36.0,0.53,107.53,0.54,10.5,0.01,0.01,2354.617937,1776383026000
1776383028.641,228.641,0.47,87.81,0.45,85.5,0.48,31.82,0.49,41.0,0.52,31.82,0.51,41.0,0.53,87.81,0.55,85.5,0.01,0.01,2354.579917,1776383027000
1776383029.224,229.224,0.46,110.16,0.45,80.5,0.47,16.0,0.48,31.82,0.52,31.82,0.51,41.0,0.53,87.81,0.55,85.5,0.01,0.01,2354.579917,1776383027000
1776383029.672,229.672,0.42,25.0,0.41,25.0,0.47,159.5,0.48,101.82,0.53,13.87,0.52,31.82,0.54,115.63,0.55,80.5,0.05,0.01,2354.353967,1776383028000
1776383029.948,229.948,0.43,10.5,0.42,35.5,0.45,47.85,0.46,96.0,0.54,166.5,0.53,91.0,0.55,22.15,0.58,25.0,0.02,0.01,2354.353967,1776383028000
1776383030.416,230.416,0.42,35.5,0.41,95.0,0.43,10.67,0.44,19.0,0.55,47.85,0.54,96.0,0.57,10.5,0.58,35.5,0.01,0.02,2354.353967,1776383028000
1776383030.645,230.645,0.42,35.5,0.41,95.0,0.44,29.0,0.45,19.0,0.57,10.67,0.56,19.0,0.58,35.5,0.59,95.0,0.02,0.01,2354.251339,1776383029000
1776383031.023,231.023,0.42,35.5,0.41,95.0,0.44,29.0,0.45,19.0,0.56,29.0,0.55,19.0,0.58,35.5,0.59,95.0,0.02,0.02,2354.249939,1776383030000
1776383031.436,231.436,0.42,35.5,0.41,95.0,0.43,18.67,0.44,19.0,0.56,29.0,0.55,19.0,0.58,35.5,0.59,95.0,0.01,0.02,2354.249939,1776383030000
1776383032.322,232.322,0.42,35.5,0.41,95.0,0.43,18.67,0.44,19.0,0.57,18.67,0.56,19.0,0.58,35.5,0.59,95.0,0.01,0.01,2354.15834,1776383031000
1776383033.462,233.462,0.42,35.5,0.41,95.0,0.43,13.67,0.44,19.0,0.57,13.67,0.56,19.0,0.58,35.5,0.59,95.0,0.01,0.01,2354.13375,1776383032000
1776383034.0,234.0,0.42,35.5,0.41,95.0,0.43,13.67,0.44,19.0,0.57,13.67,0.56,19.0,0.58,35.5,0.59,95.0,0.01,0.01,2354.133103,1776383033000
1776383035.052,235.052,0.42,35.5,0.41,95.0,0.43,13.67,0.44,19.0,0.57,13.67,0.56,19.0,0.58,35.5,0.59,95.0,0.01,0.01,2354.115332,1776383034000
1776383035.715,235.715,0.42,1.33,0.41,95.0,0.43,22.0,0.44,25.0,0.57,22.0,0.56,25.0,0.58,6.51,0.59,95.0,0.01,0.01,2354.115332,1776383034000
1776383036.215,236.215,0.42,1.33,0.41,95.0,0.43,22.0,0.44,25.0,0.57,22.0,0.56,25.0,0.58,1.33,0.59,95.0,0.01,0.01,2354.080111,1776383035000
1776383036.666,236.666,0.41,10.0,0.38,58.65,0.42,78.61,0.43,82.0,0.57,22.0,0.56,25.0,0.58,1.33,0.59,95.0,0.01,0.01,2354.080111,1776383035000
1776383037.238,237.238,0.41,4.91,0.38,58.65,0.42,78.61,0.43,82.0,0.58,78.61,0.57,82.0,0.59,4.91,0.62,58.65,0.01,0.01,2354.077475,1776383036000
1776383037.609,237.609,0.38,2.4,0.33,50.0,0.39,253.7,0.4,42.0,0.58,78.61,0.57,82.0,0.59,4.91,0.62,58.65,0.01,0.01,2354.077475,1776383036000
1776383037.884,237.884,0.29,10.5,0.28,75.0,0.3,41.0,0.33,284.2,0.61,248.7,0.6,42.0,0.68,10.0,0.7,25.0,0.01,0.07,2354.077475,1776383036000
1776383038.307,238.307,0.29,10.5,0.28,75.0,0.3,41.0,0.33,284.2,0.7,41.0,0.67,284.2,0.71,10.5,0.72,75.0,0.01,0.01,2354.034701,1776383037000
1776383038.858,238.858,0.16,35.5,0.15,42.5,0.17,184.23,0.18,75.0,0.7,41.0,0.67,284.2,0.71,10.5,0.72,75.0,0.01,0.01,2354.034701,1776383037000
1776383039.208,239.208,0.16,10.5,0.15,42.5,0.17,186.23,0.18,85.0,0.83,184.23,0.82,75.0,0.84,35.5,0.85,42.5,0.01,0.01,2354.033136,1776383038000
1776383040.554,240.554,0.16,4.75,0.15,42.5,0.17,186.23,0.18,85.0,0.83,186.23,0.82,85.0,0.84,4.75,0.85,42.5,0.01,0.01,2353.245555,1776383039000
1776383040.972,240.972,0.15,15.64,0.14,145.0,0.16,14.0,0.17,11.23,0.84,64.0,0.83,97.23,0.85,2.64,0.86,75.0,0.01,0.01,2353.245555,1776383039000
1776383041.328,241.328,0.15,13.52,0.14,145.0,0.17,15.64,0.18,23.0,0.83,6.23,0.82,28.0,0.85,13.52,0.86,145.0,0.02,0.02,2353.223958,1776383040000
1776383041.78,241.78,0.14,70.0,0.13,80.0,0.16,15.0,0.17,20.64,0.83,15.64,0.82,23.0,0.85,13.52,0.86,145.0,0.02,0.02,2353.223958,1776383040000
1776383042.023,242.023,0.14,67.67,0.13,60.0,0.15,5.0,0.16,10.0,0.84,15.0,0.83,20.64,0.86,70.0,0.87,80.0,0.01,0.02,2353.223958,1776383040000
1776383042.362,242.362,0.14,48.67,0.13,60.0,0.15,21.0,0.16,14.0,0.85,21.0,0.84,10.0,0.86,53.67,0.87,60.0,0.01,0.01,2353.114795,1776383041000
1776383042.66,242.66,0.13,60.0,0.11,80.0,0.14,2.28,0.15,81.0,0.85,21.0,0.84,14.0,0.86,48.67,0.87,60.0,0.01,0.01,2353.114795,1776383041000
1776383043.036,243.036,0.13,60.0,0.11,80.0,0.14,2.28,0.15,81.0,0.86,2.28,0.85,81.0,0.87,60.0,0.89,80.0,0.01,0.01,2353.194877,1776383042000
1776383043.261,243.261,0.13,10.0,0.11,80.0,0.15,72.85,0.16,33.0,0.86,2.28,0.85,81.0,0.87,60.0,0.89,80.0,0.02,0.01,2353.194877,1776383042000
1776383044.063,244.063,0.13,10.0,0.11,80.0,0.15,72.85,0.16,33.0,0.85,72.85,0.84,33.0,0.87,10.0,0.89,80.0,0.02,0.02,2353.180011,1776383043000
1776383044.529,244.529,0.11,65.52,0.1,125.0,0.14,5.0,0.15,115.85,0.85,72.85,0.84,33.0,0.87,10.0,0.89,80.0,0.03,0.02,2353.180011,1776383043000
1776383044.927,244.927,0.11,65.52,0.1,125.0,0.15,119.18,0.16,33.0,0.86,5.0,0.85,115.85,0.89,65.52,0.9,125.0,0.04,0.03,2353.180011,1776383043000
1776383045.196,245.196,0.11,65.52,0.1,125.0,0.15,119.18,0.16,33.0,0.85,119.18,0.84,33.0,0.89,65.52,0.9,125.0,0.04,0.04,2353.149953,1776383044000
1776383045.725,245.725,0.11,40.95,0.1,125.0,0.13,20.0,0.14,5.0,0.87,5.0,0.86,15.0,0.89,47.02,0.9,125.0,0.02,0.02,2353.149953,1776383044000
1776383046.155,246.155,0.11,40.95,0.1,125.0,0.13,20.0,0.14,5.0,0.87,20.0,0.86,5.0,0.89,40.95,0.9,125.0,0.02,0.02,2353.137464,1776383045000
1776383046.461,246.461,0.11,24.26,0.1,125.0,0.12,5.0,0.13,20.0,0.87,20.0,0.86,5.0,0.89,40.95,0.9,125.0,0.01,0.02,2353.137464,1776383045000
1776383046.872,246.872,0.11,3.2,0.1,100.0,0.12,5.0,0.13,20.0,0.88,5.0,0.87,20.0,0.89,9.2,0.9,100.0,0.01,0.01,2353.137464,1776383045000
1776383047.174,247.174,0.12,7.0,0.1,100.0,0.13,20.0,0.14,15.0,0.87,20.0,0.86,15.0,0.88,7.0,0.9,100.0,0.01,0.01,2353.145708,1776383046000
1776383047.836,247.836,0.1,59.46,0.09,86.0,0.11,107.0,0.12,113.0,0.87,20.0,0.86,15.0,0.88,7.0,0.9,100.0,0.01,0.01,2353.145708,1776383046000
1776383048.107,248.107,0.1,53.9,0.09,86.0,0.11,216.0,0.12,118.0,0.89,107.0,0.88,113.0,0.9,59.46,0.91,86.0,0.01,0.01,2353.145708,1776383046000
1776383048.557,248.557,0.1,11.9,0.09,86.0,0.11,245.0,0.12,188.0,0.89,204.0,0.88,118.0,0.9,36.9,0.91,86.0,0.01,0.01,2353.143451,1776383047000
1776383048.888,248.888,0.08,12.0,0.07,64.0,0.1,148.0,0.11,265.0,0.9,125.0,0.89,235.0,0.91,81.0,0.92,12.0,0.02,0.01,2353.143451,1776383047000
1776383049.189,249.189,0.07,3.21,0.06,21.0,0.08,29.0,0.09,83.15,0.91,62.15,0.9,148.0,0.93,5.21,0.94,21.0,0.01,0.02,2353.14127,1776383048000
1776383049.976,249.976,0.07,0.55,0.06,21.0,0.08,194.64,0.09,74.15,0.92,29.0,0.91,83.15,0.93,3.21,0.94,21.0,0.01,0.01,2353.14127,1776383048000
1776383050.233,250.233,0.06,21.0,0.05,56.35,0.08,194.64,0.09,74.15,0.92,194.64,0.91,74.15,0.94,21.0,0.95,56.35,0.02,0.02,2352.929675,1776383049000
1776383050.588,250.588,0.05,56.35,0.04,50.0,0.06,29.0,0.07,178.54,0.92,194.64,0.91,74.15,0.94,21.0,0.95,56.35,0.01,0.02,2352.929675,1776383049000
1776383051.198,251.198,0.05,56.35,0.04,50.0,0.06,29.0,0.07,178.54,0.94,29.0,0.93,178.54,0.95,56.35,0.96,50.0,0.01,0.01,2352.68804,1776383050000
1776383051.459,251.459,0.05,54.23,0.04,50.0,0.06,103.0,0.07,200.0,0.94,103.0,0.93,200.0,0.95,55.29,0.96,50.0,0.01,0.01,2352.68804,1776383050000
1776383052.258,252.258,0.05,46.15,0.04,50.0,0.06,103.0,0.07,200.0,0.94,103.0,0.93,200.0,0.95,46.15,0.96,50.0,0.01,0.01,2352.570711,1776383051000
1776383053.077,253.077,0.05,40.75,0.04,50.0,0.06,128.0,0.07,192.0,0.94,103.0,0.93,200.0,0.95,46.15,0.96,50.0,0.01,0.01,2352.570711,1776383051000
1776383053.767,253.767,0.05,8.03,0.04,25.0,0.06,177.0,0.07,171.0,0.94,128.0,0.93,192.0,0.95,35.15,0.96,50.0,0.01,0.01,2352.495938,1776383052000
1776383054.055,254.055,0.05,20.8,0.04,25.0,0.06,213.0,0.07,139.0,0.94,177.0,0.93,171.0,0.95,8.03,0.96,25.0,0.01,0.01,2352.495938,1776383052000
1776383054.335,254.335,0.03,136.0,0.02,505.0,0.06,173.0,0.07,139.0,0.94,183.0,0.93,139.0,0.95,4.99,0.96,25.0,0.03,0.01,2352.495938,1776383052000
1776383054.561,254.561,0.03,133.93,0.02,458.0,0.04,15.0,0.05,11.0,0.94,173.0,0.93,139.0,0.97,136.0,0.98,505.0,0.01,0.03,2352.459187,1776383053000
1776383054.806,254.806,0.03,133.93,0.02,458.0,0.04,6.54,0.05,10.0,0.96,15.0,0.95,11.0,0.97,133.93,0.98,458.0,0.01,0.01,2352.459187,1776383053000
1776383055.043,255.043,0.03,36.93,0.02,458.0,0.05,236.05,0.06,118.0,0.95,236.05,0.94,118.0,0.97,36.93,0.98,458.0,0.02,0.02,2352.456428,1776383054000
1776383055.524,255.524,0.03,2.39,0.02,320.0,0.04,272.0,0.05,286.05,0.96,15.0,0.95,251.05,0.97,22.39,0.98,458.0,0.01,0.01,2352.456428,1776383054000
1776383055.739,255.739,0.02,103.64,0.01,1520.0,0.03,88.15,0.04,285.0,0.97,88.15,0.96,295.0,0.98,204.64,0.99,1520.0,0.01,0.01,2352.456428,1776383054000
1776383055.983,255.983,0.02,98.64,0.01,1520.0,0.03,108.15,0.04,275.0,0.97,108.15,0.96,275.0,0.98,98.64,0.99,1520.0,0.01,0.01,2352.393855,1776383055000
1776383056.391,256.391,0.02,97.61,0.01,1505.01,0.03,95.15,0.04,285.0,0.97,108.15,0.96,275.0,0.98,98.64,0.99,1520.0,0.01,0.01,2352.393855,1776383055000
1776383057.856,257.856,0.02,92.55,0.01,1519.01,0.03,89.46,0.04,132.0,0.97,95.15,0.96,285.0,0.98,97.61,0.99,1505.01,0.01,0.01,2352.393855,1776383055000
1776383058.078,258.078,0.02,90.5,0.01,1502.01,0.03,140.46,0.04,132.0,0.97,140.46,0.96,132.0,0.98,90.5,0.99,1502.01,0.01,0.01,2351.559985,1776383057000
1776383058.84,258.84,0.01,1308.64,,,0.03,83.46,0.04,121.0,0.97,134.46,0.96,121.0,0.98,75.34,0.99,1402.01,0.02,0.01,2351.559985,1776383057000
1776383059.165,259.165,0.01,1286.63,,,0.02,151.14,0.03,73.46,0.97,83.46,0.96,121.0,0.99,1308.64,,,0.01,0.02,2351.559985,1776383057000
1776383059.527,259.527,0.01,1157.21,,,0.02,151.14,0.03,109.46,0.98,151.14,0.97,97.46,0.99,1258.79,,,0.01,0.01,2351.504595,1776383058000
1776383059.766,259.766,0.01,1145.0,,,0.02,202.05,0.03,109.46,0.98,151.14,0.97,109.46,0.99,1157.21,,,0.01,0.01,2351.504595,1776383058000
1776383059.984,259.984,0.01,1143.93,,,0.02,202.14,0.03,109.46,0.98,202.05,0.97,109.46,0.99,1145.0,,,0.01,0.01,2351.504595,1776383058000
1776383060.184,260.184,0.01,1138.88,,,0.02,152.14,0.03,109.46,0.98,152.14,0.97,109.46,0.99,1143.93,,,0.01,0.01,2351.504595,1776383058000
1776383060.402,260.402,0.01,1138.88,,,0.02,152.14,0.03,109.46,0.98,152.14,0.97,109.46,0.99,1138.88,,,0.01,0.01,2351.555853,1776383059000
1776383060.953,260.953,0.01,1101.86,,,0.02,87.14,0.03,109.46,0.98,87.14,0.97,109.46,0.99,1101.86,,,0.01,0.01,2351.556535,1776383060000
1776383061.309,261.309,0.01,1251.86,,,0.02,46.0,0.03,45.46,0.98,87.14,0.97,109.46,0.99,1101.86,,,0.01,0.01,2351.556535,1776383060000
1776383061.964,261.964,0.01,1251.86,,,0.02,46.0,0.03,45.46,0.98,46.0,0.97,45.46,0.99,1251.86,,,0.01,0.01,2351.57383,1776383061000
1776383062.827,262.827,0.01,1250.84,,,0.02,166.0,0.03,35.46,0.98,46.0,0.97,45.46,0.99,1251.86,,,0.01,0.01,2351.57383,1776383061000
1776383063.449,263.449,0.01,1184.75,,,0.02,152.0,0.03,35.46,0.98,166.0,0.97,35.46,0.99,1250.84,,,0.01,0.01,2351.677614,1776383062000
1776383063.948,263.948,0.01,1164.7,,,0.02,146.49,0.03,35.46,0.98,146.49,0.97,35.46,0.99,1164.7,,,0.01,0.01,2351.892213,1776383063000
1776383064.504,264.504,0.01,1253.7,,,0.02,121.49,0.03,30.46,0.98,146.49,0.97,35.46,0.99,1164.7,,,0.01,0.01,2351.892213,1776383063000
1776383064.885,264.885,0.01,1248.65,,,0.02,121.49,0.03,30.46,0.98,121.49,0.97,30.46,0.99,1253.7,,,0.01,0.01,2351.892213,1776383063000
1776383065.909,265.909,0.01,1141.09,,,0.02,121.49,0.03,30.46,0.98,121.49,0.97,30.46,0.99,1220.17,,,0.01,0.01,2351.944597,1776383064000
1776383066.179,266.179,0.01,1141.09,,,0.02,121.49,0.03,30.46,0.98,121.49,0.97,30.46,0.99,1141.09,,,0.01,0.01,2351.993051,1776383065000
1776383067.266,267.266,0.01,1141.09,,,0.02,121.49,0.03,30.46,0.98,121.49,0.97,30.46,0.99,1141.09,,,0.01,0.01,2352.067605,1776383066000
1776383067.495,267.495,0.01,1084.85,,,0.02,382.19,0.03,160.16,0.98,121.49,0.97,30.46,0.99,1141.09,,,0.01,0.01,2352.067605,1776383066000
1776383068.496,268.496,0.01,1084.85,,,0.02,382.19,0.03,160.16,0.98,382.19,0.97,160.16,0.99,1084.85,,,0.01,0.01,2352.038454,1776383067000
1776383069.183,269.183,0.01,1084.85,,,0.02,382.19,0.03,160.16,0.98,382.19,0.97,160.16,0.99,1084.85,,,0.01,0.01,2352.027359,1776383068000
1776383070.415,270.415,0.01,1084.85,,,0.02,382.19,0.03,160.16,0.98,382.19,0.97,160.16,0.99,1084.85,,,0.01,0.01,2352.003172,1776383069000
1776383071.057,271.057,0.01,1085.79,,,0.02,260.19,0.03,160.34,0.98,260.19,0.97,160.34,0.99,1085.79,,,0.01,0.01,2352.004311,1776383070000
1776383071.81,271.81,0.01,1180.76,,,0.02,260.19,0.03,160.34,0.98,260.19,0.97,160.34,0.99,1064.8,,,0.01,0.01,2352.004311,1776383070000
1776383072.253,272.253,0.01,1180.76,,,0.02,240.19,0.03,160.34,0.98,240.19,0.97,160.34,0.99,1180.76,,,0.01,0.01,2352.07455,1776383071000
1776383072.954,272.954,0.01,1660.36,,,0.02,36.49,0.03,160.34,0.98,240.19,0.97,160.34,0.99,1180.76,,,0.01,0.01,2352.07455,1776383071000
1776383073.32,273.32,0.01,1660.36,,,0.02,36.49,0.03,160.34,0.98,36.49,0.97,160.34,0.99,1660.36,,,0.01,0.01,2352.187245,1776383072000
1776383073.633,273.633,0.01,1649.36,,,0.02,16.49,0.03,155.34,0.98,36.49,0.97,160.34,0.99,1660.36,,,0.01,0.01,2352.187245,1776383072000
1776383074.0,274.0,0.01,1649.36,,,0.03,151.83,0.04,98.7,0.97,151.83,0.96,98.7,0.99,1649.36,,,0.02,0.02,2352.257706,1776383073000
1776383074.407,274.407,0.01,1527.36,,,0.03,151.83,0.04,98.7,0.97,151.83,0.96,98.7,0.99,1649.36,,,0.02,0.02,2352.257706,1776383073000
1776383074.882,274.882,0.01,1518.36,,,0.03,151.83,0.04,98.7,0.97,151.83,0.96,98.7,0.99,1523.36,,,0.02,0.02,2352.257706,1776383073000
1776383075.282,275.282,0.01,1098.69,,,0.03,28.13,0.04,5.0,0.97,151.83,0.96,98.7,0.99,1512.29,,,0.02,0.02,2352.257706,1776383073000
1776383075.729,275.729,0.01,1051.69,,,0.03,28.13,0.04,5.0,0.97,28.13,0.96,5.0,0.99,1051.69,,,0.02,0.02,2352.619879,1776383074000
1776383076.336,276.336,0.01,1051.69,,,0.03,28.13,0.04,5.0,0.97,28.13,0.96,5.0,0.99,1051.69,,,0.02,0.02,2352.663387,1776383075000
1776383076.6,276.6,0.01,1048.69,,,0.03,28.13,0.04,5.0,0.97,28.13,0.96,5.0,0.99,1051.69,,,0.02,0.02,2352.663387,1776383075000
1776383077.063,277.063,0.01,1048.69,,,0.03,28.13,0.04,5.0,0.97,28.13,0.96,5.0,0.99,1048.69,,,0.02,0.02,2352.663029,1776383076000
1776383077.729,277.729,0.01,1024.68,,,0.02,7.16,0.03,28.13,0.97,28.13,0.96,5.0,0.99,1048.69,,,0.01,0.02,2352.663029,1776383076000
1776383078.17,278.17,0.01,1024.68,,,0.02,7.16,0.03,28.13,0.98,7.16,0.97,28.13,0.99,1024.68,,,0.01,0.01,2352.631533,1776383077000
1776383078.526,278.526,0.01,885.69,,,0.03,28.13,0.04,21.0,0.98,7.16,0.97,28.13,0.99,1024.68,,,0.02,0.01,2352.631533,1776383077000
1776383079.374,279.374,0.01,885.69,,,0.04,17.09,0.05,317.05,0.96,17.09,0.95,317.05,0.99,885.69,,,0.03,0.03,2352.613541,1776383078000
1776383080.034,280.034,0.01,885.69,,,0.04,17.09,0.05,317.05,0.96,17.09,0.95,317.05,0.99,885.69,,,0.03,0.03,2352.611111,1776383079000
1776383080.603,280.603,0.01,811.85,,,0.02,10.0,0.04,48.09,0.96,17.09,0.95,317.05,0.99,885.69,,,0.01,0.03,2352.611111,1776383079000
1776383080.871,280.871,0.01,821.85,,,0.02,10.0,0.04,48.09,0.98,10.0,0.96,48.09,0.99,811.85,,,0.01,0.01,2352.611111,1776383079000
1776383081.247,281.247,0.01,821.85,,,0.02,10.0,0.04,48.09,0.98,10.0,0.96,48.09,0.99,821.85,,,0.01,0.01,2352.608778,1776383080000
1776383082.41,282.41,0.01,821.85,,,0.02,10.0,0.04,48.09,0.98,10.0,0.96,48.09,0.99,821.85,,,0.01,0.01,2352.60841,1776383081000
1776383082.647,282.647,0.01,805.63,,,0.03,19.0,0.04,64.09,0.98,10.0,0.97,5.0,0.99,806.65,,,0.02,0.01,2352.60841,1776383081000
1776383083.115,283.115,0.01,795.63,,,0.04,71.09,0.05,303.05,0.96,71.09,0.95,303.05,0.99,795.63,,,0.03,0.03,2352.600642,1776383082000
1776383083.325,283.325,0.01,798.82,,,0.04,50.09,0.05,303.05,0.96,50.09,0.95,259.05,0.99,811.63,,,0.03,0.03,2352.600642,1776383082000
1776383084.14,284.14,0.01,757.76,,,0.03,16.0,0.04,91.99,0.96,50.09,0.95,303.05,0.99,1078.82,,,0.02,0.03,2352.600642,1776383082000
1776383084.646,284.646,0.01,866.75,,,0.04,6.0,0.05,300.05,0.97,16.0,0.96,91.99,0.99,757.76,,,0.03,0.02,2352.600642,1776383082000
1776383085.381,285.381,0.01,866.75,,,0.04,6.0,0.05,300.05,0.96,6.0,0.95,300.05,0.99,866.75,,,0.03,0.03,2352.706588,1776383084000
1776383085.995,285.995,0.01,842.75,,,0.04,15.0,0.05,314.05,0.96,15.0,0.95,314.05,0.99,842.75,,,0.03,0.03,2352.707563,1776383085000
1776383086.535,286.535,0.01,797.76,,,0.04,32.0,0.05,314.05,0.96,15.0,0.95,314.05,0.99,928.76,,,0.03,0.03,2352.707563,1776383085000
1776383086.955,286.955,0.01,769.71,,,0.04,32.0,0.05,314.05,0.96,32.0,0.95,314.05,0.99,797.76,,,0.03,0.03,2352.707563,1776383085000
1776383087.202,287.202,0.01,759.71,,,0.04,43.0,0.05,314.05,0.96,43.0,0.95,314.05,0.99,759.71,,,0.03,0.03,2352.866415,1776383086000
1776383087.996,287.996,0.01,812.71,,,0.04,23.0,0.05,275.05,0.96,43.0,0.95,314.05,0.99,759.71,,,0.03,0.03,2352.866415,1776383086000
1776383088.21,288.21,0.01,797.86,,,0.04,23.0,0.05,275.05,0.96,23.0,0.95,275.05,0.99,812.71,,,0.03,0.03,2352.866415,1776383086000
1776383088.848,288.848,0.01,796.84,,,0.04,37.0,0.05,299.05,0.96,23.0,0.95,275.05,0.99,797.86,,,0.03,0.03,2352.94419,1776383087000
1776383090.356,290.356,0.01,696.84,,,0.04,35.0,0.05,24.0,0.95,25.65,0.94,13.0,0.99,796.84,,,0.03,0.04,2353.01002,1776383089000
1776383090.581,290.581,0.01,676.84,,,0.02,5.0,0.04,35.0,0.96,35.0,0.95,24.0,0.99,696.84,,,0.01,0.03,2353.01002,1776383089000
1776383090.965,290.965,0.01,673.8,,,0.04,35.0,0.05,47.0,0.96,35.0,0.95,49.0,0.99,676.84,,,0.03,0.03,2353.01002,1776383089000
1776383091.181,291.181,0.01,638.58,,,0.03,11.0,0.04,35.0,0.97,6.0,0.96,35.0,0.99,648.69,,,0.02,0.02,2353.01002,1776383089000
1776383091.465,291.465,0.01,623.58,,,0.03,10.0,0.04,60.0,0.97,11.0,0.96,35.0,0.99,638.58,,,0.02,0.02,2353.062865,1776383090000
1776383092.082,292.082,0.01,607.56,,,0.03,16.0,0.04,60.0,0.97,10.0,0.96,60.0,0.99,622.56,,,0.02,0.02,2353.037315,1776383091000
1776383092.709,292.709,0.01,602.5,,,0.03,35.0,0.04,60.0,0.97,16.0,0.96,60.0,0.99,607.56,,,0.02,0.02,2353.037315,1776383091000
1776383093.507,293.507,0.01,597.45,,,0.04,25.75,0.05,24.0,0.97,35.0,0.96,60.0,0.99,597.45,,,0.03,0.02,2353.037315,1776383092000
1776383093.894,293.894,0.01,592.39,,,0.04,25.75,0.05,45.0,0.96,25.75,0.95,24.0,0.99,597.45,,,0.03,0.03,2353.037315,1776383092000
1776383094.215,294.215,0.01,542.39,,,0.04,25.75,0.05,45.0,0.96,25.75,0.95,45.0,0.99,592.39,,,0.03,0.03,2353.037315,1776383092000
1776383094.56,294.56,0.01,489.56,,,0.04,25.75,0.05,45.0,0.96,25.75,0.95,45.0,0.99,539.56,,,0.03,0.03,2353.034604,1776383093000
1776383094.913,294.913,0.01,469.35,,,0.04,25.75,0.05,24.0,0.96,25.75,0.95,45.0,0.99,489.56,,,0.03,0.03,2353.034604,1776383093000
1776383095.267,295.267,0.01,348.35,,,0.03,5.0,0.04,25.75,0.96,25.75,0.95,24.0,0.99,469.35,,,0.02,0.03,2353.094272,1776383094000
1776383095.565,295.565,0.01,290.35,,,0.03,155.0,0.04,36.0,0.97,5.0,0.96,25.75,0.99,348.35,,,0.02,0.02,2353.094272,1776383094000
1776383095.965,295.965,0.01,262.06,,,0.03,155.0,0.04,25.0,0.97,155.0,0.96,36.0,0.99,290.35,,,0.02,0.02,2353.094272,1776383094000
1776383096.236,296.236,0.01,235.01,,,0.03,171.0,0.04,25.0,0.97,166.0,0.96,25.0,0.99,237.01,,,0.02,0.02,2353.094272,1776383094000
1776383096.439,296.439,0.01,133.9,,,0.03,150.0,0.04,25.0,0.97,171.0,0.96,25.0,0.99,235.01,,,0.02,0.02,2353.205815,1776383095000
1776383096.947,296.947,0.01,131.87,,,0.03,174.0,0.04,25.0,0.97,150.0,0.96,25.0,0.99,133.9,,,0.02,0.02,2353.205815,1776383095000
1776383097.363,297.363,0.01,96.28,,,0.02,149.0,0.03,46.0,0.97,174.0,0.96,25.0,0.99,121.54,,,0.01,0.02,2353.176759,1776383096000
1776383097.824,297.824,,,,,0.01,1434.0,0.02,17.0,0.98,149.0,0.97,46.0,,,,,,,2353.176759,1776383096000
1776383098.116,298.116,,,,,0.01,5947.19,0.02,24.0,0.99,1436.68,0.98,17.0,,,,,,,2353.190278,1776383097000
1776383098.755,298.755,,,,,0.01,8709.2,0.02,17.0,0.99,5933.19,0.98,24.0,,,,,,,2353.190278,1776383097000
1776383099.653,299.653,,,,,0.01,21341.33,0.02,17.0,0.99,8709.2,0.98,17.0,,,,,,,2353.186336,1776383098000
1776383100.763,300.763,,,,,0.01,51640.07,0.02,17.0,0.99,21341.33,0.98,17.0,,,,,,,2353.151336,1776383099000

# RESULT,winner=Down,slug=eth-updown-5m-1776382800,ticks=529
