timestamp,elapsed_sec,up_bid_p1,up_bid_s1,up_bid_p2,up_bid_s2,up_ask_p1,up_ask_s1,up_ask_p2,up_ask_s2,down_bid_p1,down_bid_s1,down_bid_p2,down_bid_s2,down_ask_p1,down_ask_s1,down_ask_p2,down_ask_s2,up_spread,down_spread,eth_price,eth_oracle_ts
1776235201.364,1.364,,,,,,,,,,,,,,,,,,,2317.067025,1776235200000
1776235201.875,1.875,0.52,15.0,0.51,221.84,0.54,68.0,0.55,70.0,0.46,66.0,0.45,83.0,0.48,10.0,0.49,209.84,0.02,0.02,2317.067025,1776235200000
1776235202.181,2.181,0.52,14.98,0.51,221.84,0.54,73.0,0.55,75.0,0.46,68.0,0.45,70.0,0.48,15.0,0.49,221.84,0.02,0.02,2317.065789,1776235201000
1776235202.829,2.829,0.52,220.98,0.51,286.84,0.54,3.88,0.58,10.0,0.46,73.0,0.45,75.0,0.48,14.98,0.49,221.84,0.02,0.02,2317.065789,1776235201000
1776235203.036,3.036,0.54,42.1,0.53,46.0,0.58,10.0,0.59,70.0,0.42,10.0,0.41,70.0,0.46,42.1,0.47,46.0,0.04,0.04,2317.066404,1776235202000
1776235204.033,4.033,0.54,42.1,0.53,46.0,0.58,10.0,0.59,70.0,0.42,10.0,0.41,70.0,0.46,42.1,0.47,46.0,0.04,0.04,2317.157,1776235203000
1776235204.469,4.469,0.58,5.9,0.57,15.0,0.63,123.09,0.64,18.89,0.42,10.0,0.41,70.0,0.46,42.1,0.47,46.0,0.05,0.04,2317.157,1776235203000
1776235204.683,4.683,0.58,5.9,0.57,15.0,0.63,100.05,0.64,18.89,0.37,123.09,0.36,18.89,0.42,5.9,0.43,15.0,0.05,0.05,2317.157,1776235203000
1776235205.114,5.114,0.58,5.9,0.57,15.0,0.63,100.05,0.64,18.89,0.37,100.05,0.36,18.89,0.42,5.9,0.43,15.0,0.05,0.05,2317.393715,1776235204000
1776235205.391,5.391,0.62,10.0,0.61,15.0,0.63,46.55,0.64,18.89,0.37,100.05,0.36,18.89,0.42,5.9,0.43,15.0,0.01,0.05,2317.393715,1776235204000
1776235205.851,5.851,0.6,10.0,0.59,20.0,0.61,10.0,0.62,15.0,0.37,46.55,0.36,18.89,0.38,10.0,0.39,15.0,0.01,0.01,2317.393715,1776235204000
1776235206.171,6.171,0.59,19.04,0.58,20.9,0.61,30.0,0.62,49.93,0.39,10.0,0.38,15.0,0.4,10.0,0.41,20.0,0.02,0.01,2317.393715,1776235204000
1776235206.681,6.681,0.59,15.0,0.58,25.9,0.6,10.0,0.61,20.0,0.39,30.0,0.38,49.93,0.41,19.04,0.42,20.9,0.01,0.02,2317.425026,1776235205000
1776235207.464,7.464,0.59,10.0,0.58,37.9,0.6,15.0,0.61,15.0,0.4,10.0,0.39,20.0,0.41,15.0,0.42,25.9,0.01,0.01,2317.425026,1776235205000
1776235207.801,7.801,0.59,10.0,0.58,37.9,0.6,15.0,0.61,15.0,0.4,15.0,0.39,15.0,0.41,10.0,0.42,37.9,0.01,0.01,2317.421382,1776235206000
1776235208.291,8.291,0.59,10.0,0.58,37.9,0.6,15.0,0.61,15.0,0.4,15.0,0.39,15.0,0.41,10.0,0.42,37.9,0.01,0.01,2317.408063,1776235207000
1776235208.823,8.823,0.59,10.0,0.58,37.9,0.6,10.0,0.61,15.0,0.4,15.0,0.39,15.0,0.41,15.0,0.42,37.9,0.01,0.01,2317.408063,1776235207000
1776235209.382,9.382,0.59,10.0,0.58,37.9,0.6,5.0,0.61,15.0,0.4,5.0,0.39,15.0,0.41,10.0,0.42,37.9,0.01,0.01,2317.408544,1776235208000
1776235210.354,10.354,0.59,15.0,0.58,25.9,0.61,5.0,0.62,34.0,0.39,5.0,0.38,34.0,0.41,15.0,0.42,25.9,0.02,0.02,2317.409595,1776235209000
1776235210.761,10.761,0.6,45.0,0.59,20.0,0.62,27.71,0.63,64.55,0.39,5.0,0.38,34.0,0.41,15.0,0.42,25.9,0.02,0.02,2317.409595,1776235209000
1776235211.169,11.169,0.61,9.87,0.6,45.0,0.62,22.71,0.63,64.55,0.38,27.71,0.37,64.55,0.4,45.0,0.41,20.0,0.01,0.02,2317.409595,1776235209000
1776235211.377,11.377,0.61,9.87,0.6,45.0,0.62,22.71,0.63,64.55,0.38,32.99,0.37,64.55,0.39,9.87,0.4,45.0,0.01,0.01,2317.40959,1776235210000
1776235211.692,11.692,0.61,19.87,0.6,45.0,0.62,42.99,0.63,74.55,0.38,32.99,0.37,64.55,0.39,9.87,0.4,45.0,0.01,0.01,2317.40959,1776235210000
1776235212.743,12.743,0.58,5.9,0.56,15.0,0.62,8.48,0.63,79.55,0.38,39.76,0.37,74.55,0.39,19.87,0.4,45.0,0.04,0.01,2317.404574,1776235211000
1776235212.977,12.977,0.58,5.9,0.56,15.0,0.62,8.48,0.63,79.55,0.38,8.48,0.37,79.55,0.42,5.9,0.44,15.0,0.04,0.04,2317.399739,1776235212000
1776235213.185,13.185,0.54,73.92,0.53,13.0,0.59,89.87,0.6,50.0,0.41,69.87,0.4,10.0,0.45,4.33,0.46,79.6,0.05,0.04,2317.399739,1776235212000
1776235213.93,13.93,0.56,10.0,0.55,20.0,0.57,34.0,0.58,113.0,0.41,89.87,0.4,50.0,0.46,73.92,0.47,13.0,0.01,0.05,2317.399739,1776235212000
1776235215.04,15.04,0.56,10.0,0.55,20.0,0.57,34.0,0.58,113.0,0.43,34.0,0.42,113.0,0.44,10.0,0.45,20.0,0.01,0.01,2317.278563,1776235214000
1776235215.423,15.423,0.56,4.79,0.55,20.0,0.57,19.0,0.58,113.0,0.43,14.0,0.42,113.0,0.44,5.0,0.45,20.0,0.01,0.01,2317.278563,1776235214000
1776235216.067,16.067,0.55,10.0,0.54,81.92,0.57,19.0,0.58,113.0,0.43,19.0,0.42,113.0,0.45,10.0,0.46,81.92,0.02,0.02,2317.19815,1776235215000
1776235217.073,17.073,0.55,2.93,0.54,86.92,0.56,10.0,0.57,24.0,0.43,19.0,0.42,113.0,0.45,10.0,0.46,81.92,0.01,0.02,2317.19815,1776235215000
1776235217.605,17.605,0.54,86.92,0.53,15.0,0.55,1.38,0.56,15.0,0.44,10.0,0.43,24.0,0.45,2.93,0.46,86.92,0.01,0.01,2317.20315,1776235216000
1776235218.078,18.078,0.54,86.92,0.53,15.0,0.56,10.0,0.57,24.0,0.45,1.38,0.44,15.0,0.46,86.92,0.47,15.0,0.02,0.01,2317.20315,1776235216000
1776235218.475,18.475,0.54,76.05,0.53,20.0,0.56,10.0,0.57,24.0,0.44,10.0,0.43,24.0,0.46,86.92,0.47,15.0,0.02,0.02,2317.20315,1776235217000
1776235218.918,18.918,0.54,63.87,0.53,5.0,0.55,15.0,0.56,10.0,0.44,10.0,0.43,24.0,0.46,76.05,0.47,20.0,0.01,0.02,2317.20315,1776235217000
1776235219.197,19.197,0.54,58.87,0.53,5.0,0.55,17.81,0.56,10.0,0.45,17.81,0.44,10.0,0.46,58.87,0.47,5.0,0.01,0.01,2317.19815,1776235218000
1776235219.406,19.406,0.54,58.87,0.53,5.0,0.55,15.91,0.56,10.0,0.45,17.81,0.44,10.0,0.46,58.87,0.47,5.0,0.01,0.01,2317.19815,1776235218000
1776235220.045,20.045,0.54,58.87,0.53,5.0,0.55,15.91,0.56,10.0,0.45,15.91,0.44,10.0,0.46,58.87,0.47,5.0,0.01,0.01,2317.20815,1776235219000
1776235221.152,21.152,0.54,63.87,0.52,24.98,0.55,5.91,0.56,10.0,0.45,5.91,0.44,10.0,0.46,63.87,0.48,24.98,0.01,0.01,2317.1227,1776235220000
1776235223.317,23.317,0.54,90.87,0.53,15.0,0.55,5.0,0.56,10.0,0.45,5.0,0.44,10.0,0.46,90.87,0.47,15.0,0.01,0.01,2317.110001,1776235222000
1776235224.172,24.172,0.54,90.87,0.53,15.0,0.55,5.0,0.56,10.0,0.45,5.0,0.44,10.0,0.46,90.87,0.47,15.0,0.01,0.01,2317.110001,1776235223000
1776235225.595,25.595,0.54,90.87,0.53,15.0,0.55,5.0,0.56,10.0,0.45,5.0,0.44,10.0,0.46,90.87,0.47,15.0,0.01,0.01,2317.110816,1776235224000
1776235226.302,26.302,0.54,90.87,0.53,15.0,0.55,5.0,0.56,10.0,0.45,5.0,0.44,10.0,0.46,90.87,0.47,15.0,0.01,0.01,2317.111981,1776235225000
1776235227.059,27.059,0.54,90.87,0.53,15.0,0.55,5.0,0.56,10.0,0.45,5.0,0.44,10.0,0.46,90.87,0.47,15.0,0.01,0.01,2317.160098,1776235226000
1776235228.415,28.415,0.54,90.87,0.53,15.0,0.55,5.0,0.56,10.0,0.45,5.0,0.44,10.0,0.46,90.87,0.47,15.0,0.01,0.01,2317.199041,1776235227000
1776235229.182,29.182,0.54,85.87,0.53,20.0,0.55,2.0,0.56,10.0,0.45,2.0,0.44,10.0,0.46,85.87,0.47,20.0,0.01,0.01,2317.155042,1776235228000
1776235230.2,30.2,0.54,96.12,0.53,15.0,0.55,15.0,0.56,10.0,0.45,2.0,0.44,10.0,0.46,85.87,0.47,20.0,0.01,0.01,2317.155042,1776235228000
1776235230.675,30.675,0.54,96.12,0.53,15.0,0.55,15.0,0.56,10.0,0.45,15.0,0.44,10.0,0.46,96.12,0.47,15.0,0.01,0.01,2317.154996,1776235229000
1776235231.334,31.334,0.54,96.12,0.53,15.0,0.55,15.0,0.56,10.0,0.45,15.0,0.44,10.0,0.46,96.12,0.47,15.0,0.01,0.01,2317.157658,1776235230000
1776235232.145,32.145,0.54,96.12,0.53,15.0,0.55,15.0,0.56,10.0,0.45,15.0,0.44,10.0,0.46,96.12,0.47,15.0,0.01,0.01,2317.124061,1776235231000
1776235233.454,33.454,0.54,96.12,0.53,15.0,0.55,15.0,0.56,10.0,0.45,15.0,0.44,10.0,0.46,96.12,0.47,15.0,0.01,0.01,2317.122181,1776235232000
1776235234.245,34.245,0.54,96.12,0.53,15.0,0.55,15.0,0.56,10.0,0.45,15.0,0.44,10.0,0.46,96.12,0.47,15.0,0.01,0.01,2317.121718,1776235233000
1776235235.566,35.566,0.54,96.12,0.53,15.0,0.55,15.0,0.56,10.0,0.45,15.0,0.44,10.0,0.46,96.12,0.47,15.0,0.01,0.01,2317.168294,1776235234000
1776235236.32,36.32,0.54,96.12,0.53,15.0,0.55,15.0,0.56,10.0,0.45,15.0,0.44,10.0,0.46,96.12,0.47,15.0,0.01,0.01,2317.122862,1776235235000
1776235237.126,37.126,0.54,96.12,0.53,15.0,0.55,15.0,0.56,10.0,0.45,15.0,0.44,10.0,0.46,96.12,0.47,15.0,0.01,0.01,2317.13324,1776235236000
1776235238.489,38.489,0.54,100.07,0.53,20.0,0.55,5.0,0.56,15.0,0.45,5.0,0.44,15.0,0.46,100.07,0.47,20.0,0.01,0.01,2317.137108,1776235237000
1776235239.216,39.216,0.54,100.07,0.53,20.0,0.55,5.0,0.56,15.0,0.45,5.0,0.44,15.0,0.46,100.07,0.47,20.0,0.01,0.01,2317.182251,1776235238000
1776235240.314,40.314,0.54,100.07,0.53,20.0,0.55,5.0,0.56,15.0,0.45,5.0,0.44,15.0,0.46,100.07,0.47,20.0,0.01,0.01,2317.133727,1776235239000
1776235240.831,40.831,0.54,100.07,0.53,20.0,0.55,5.0,0.56,15.0,0.45,5.0,0.44,15.0,0.46,100.07,0.47,20.0,0.01,0.01,2317.132897,1776235240000
1776235241.917,41.917,0.54,100.07,0.53,20.0,0.55,5.0,0.56,15.0,0.45,5.0,0.44,15.0,0.46,100.07,0.47,20.0,0.01,0.01,2317.132897,1776235241000
1776235242.197,42.197,0.55,39.87,0.54,90.07,0.56,15.0,0.57,17.0,0.45,5.0,0.44,15.0,0.46,100.07,0.47,20.0,0.01,0.01,2317.132897,1776235241000
1776235242.872,42.872,0.55,115.87,0.54,69.07,0.56,6.42,0.57,27.0,0.44,15.0,0.43,17.0,0.45,39.87,0.46,90.07,0.01,0.01,2317.132897,1776235241000
1776235244.101,44.101,0.55,115.87,0.54,64.07,0.57,11.83,0.58,121.0,0.43,11.83,0.42,121.0,0.45,115.87,0.46,64.07,0.02,0.02,2317.147076,1776235243000
1776235244.846,44.846,0.55,47.87,0.54,64.07,0.56,20.0,0.57,36.83,0.43,11.83,0.42,121.0,0.45,115.87,0.46,64.07,0.01,0.02,2317.147076,1776235243000
1776235245.086,45.086,0.55,37.87,0.54,64.07,0.56,15.0,0.57,36.83,0.44,15.0,0.43,36.83,0.45,37.87,0.46,64.07,0.01,0.01,2317.151412,1776235244000
1776235246.115,46.115,0.55,37.87,0.54,64.07,0.56,15.0,0.57,36.83,0.44,15.0,0.43,36.83,0.45,37.87,0.46,64.07,0.01,0.01,2317.150854,1776235245000
1776235247.103,47.103,0.55,37.87,0.54,64.07,0.56,15.0,0.57,36.83,0.44,15.0,0.43,36.83,0.45,37.87,0.46,64.07,0.01,0.01,2317.12555,1776235246000
1776235247.534,47.534,0.54,49.82,0.52,14.98,0.56,24.0,0.57,44.83,0.44,15.0,0.43,36.83,0.45,37.87,0.46,64.07,0.02,0.01,2317.12555,1776235246000
1776235248.102,48.102,0.54,29.82,0.52,14.98,0.55,10.0,0.56,29.0,0.45,10.0,0.44,29.0,0.46,29.82,0.48,14.98,0.01,0.01,2317.118262,1776235247000
1776235249.073,49.073,0.54,29.82,0.52,14.98,0.55,10.0,0.56,29.0,0.45,10.0,0.44,29.0,0.46,29.82,0.48,14.98,0.01,0.01,2317.118066,1776235248000
1776235250.111,50.111,0.54,29.82,0.52,14.98,0.55,10.0,0.56,29.0,0.45,10.0,0.44,29.0,0.46,29.82,0.48,14.98,0.01,0.01,2317.049969,1776235249000
1776235251.113,51.113,0.54,29.82,0.52,14.98,0.55,10.0,0.56,29.0,0.45,10.0,0.44,29.0,0.46,29.82,0.48,14.98,0.01,0.01,2317.049982,1776235250000
1776235252.07,52.07,0.54,44.07,0.53,5.0,0.55,26.54,0.56,15.0,0.45,42.0,0.44,15.0,0.46,39.82,0.47,5.0,0.01,0.01,2317.049982,1776235250000
1776235252.689,52.689,0.54,41.11,0.53,5.0,0.55,26.54,0.56,15.0,0.45,26.54,0.44,15.0,0.46,44.07,0.47,5.0,0.01,0.01,2317.050014,1776235251000
1776235252.934,52.934,0.54,16.78,0.53,5.0,0.55,31.54,0.56,15.0,0.45,26.54,0.44,15.0,0.46,19.11,0.47,5.0,0.01,0.01,2317.050014,1776235251000
1776235253.287,53.287,0.54,5.71,0.53,5.0,0.55,31.54,0.56,15.0,0.45,31.54,0.44,15.0,0.46,16.78,0.47,5.0,0.01,0.01,2317.050014,1776235251000
1776235253.998,53.998,0.54,5.71,0.53,5.0,0.55,31.54,0.56,15.0,0.45,31.54,0.44,15.0,0.46,5.71,0.47,5.0,0.01,0.01,2317.043915,1776235252000
1776235254.807,54.807,0.54,5.71,0.53,5.0,0.55,31.54,0.56,15.0,0.45,31.54,0.44,15.0,0.46,5.71,0.47,5.0,0.01,0.01,2317.033194,1776235253000
1776235255.411,55.411,0.56,72.65,0.55,25.0,0.57,18.0,0.58,95.0,0.44,0.26,0.43,11.83,0.46,46.71,0.47,15.0,0.01,0.02,2317.033194,1776235253000
1776235255.685,55.685,0.56,67.65,0.55,25.0,0.58,95.0,0.59,40.0,0.43,18.0,0.42,95.0,0.44,72.65,0.45,25.0,0.02,0.01,2317.039006,1776235254000
1776235255.995,55.995,0.56,67.65,0.55,25.0,0.58,95.0,0.59,40.0,0.42,95.0,0.41,40.0,0.44,67.65,0.45,25.0,0.02,0.02,2317.039006,1776235255000
1776235256.39,56.39,0.56,46.65,0.55,15.0,0.57,37.15,0.58,95.0,0.42,95.0,0.41,40.0,0.44,67.65,0.45,25.0,0.01,0.02,2317.039006,1776235255000
1776235256.633,56.633,0.56,51.65,0.55,15.0,0.57,23.37,0.58,95.0,0.43,37.15,0.42,95.0,0.44,46.65,0.45,15.0,0.01,0.01,2317.039006,1776235255000
1776235257.145,57.145,0.56,49.37,0.55,15.0,0.57,38.37,0.58,95.0,0.43,23.37,0.42,95.0,0.44,51.65,0.45,15.0,0.01,0.01,2317.039006,1776235255000
1776235257.528,57.528,0.56,49.37,0.55,15.0,0.57,38.37,0.58,95.0,0.43,38.37,0.42,95.0,0.44,49.37,0.45,15.0,0.01,0.01,2317.09995,1776235256000
1776235258.477,58.477,0.56,49.37,0.55,15.0,0.57,38.37,0.58,95.0,0.43,38.37,0.42,95.0,0.44,49.37,0.45,15.0,0.01,0.01,2317.081258,1776235257000
1776235259.038,59.038,0.56,49.37,0.55,15.0,0.57,38.37,0.58,95.0,0.43,38.37,0.42,95.0,0.44,49.37,0.45,15.0,0.01,0.01,2317.080041,1776235258000
1776235260.076,60.076,0.56,46.93,0.55,15.0,0.57,26.37,0.58,103.0,0.43,38.37,0.42,95.0,0.44,49.37,0.45,15.0,0.01,0.01,2317.080041,1776235258000
1776235260.313,60.313,0.56,46.93,0.55,15.0,0.57,26.37,0.58,103.0,0.43,26.37,0.42,103.0,0.44,46.93,0.45,15.0,0.01,0.01,2317.080831,1776235259000
1776235261.703,61.703,0.56,92.93,0.55,25.0,0.61,86.0,0.63,5.4,0.43,26.37,0.42,103.0,0.44,46.93,0.45,15.0,0.05,0.01,2317.080831,1776235259000
1776235261.919,61.919,0.56,141.93,0.55,30.0,0.61,82.68,0.63,20.4,0.39,52.68,0.37,10.4,0.44,136.93,0.45,30.0,0.05,0.05,2317.086853,1776235260000
1776235262.404,62.404,0.56,141.93,0.55,30.0,0.61,82.68,0.63,20.4,0.39,82.68,0.37,20.4,0.44,141.93,0.45,30.0,0.05,0.05,2317.083162,1776235261000
1776235263.02,63.02,0.6,110.99,0.59,15.0,0.61,46.68,0.62,5.0,0.39,82.68,0.37,20.4,0.44,141.93,0.45,30.0,0.01,0.05,2317.083162,1776235261000
1776235264.406,64.406,0.6,115.99,0.59,25.0,0.61,15.53,0.62,10.0,0.39,15.53,0.38,10.0,0.4,115.99,0.41,25.0,0.01,0.01,2317.399993,1776235263000
1776235265.159,65.159,0.62,52.37,0.61,43.0,0.65,61.95,0.66,35.0,0.35,61.95,0.34,35.0,0.38,52.37,0.39,43.0,0.03,0.03,2317.409284,1776235264000
1776235265.453,65.453,0.64,15.0,0.63,15.0,0.65,118.99,0.66,30.0,0.35,61.95,0.34,35.0,0.38,52.37,0.39,43.0,0.01,0.03,2317.409284,1776235264000
1776235266.072,66.072,0.64,10.0,0.63,15.0,0.65,108.99,0.66,30.0,0.35,113.99,0.34,30.0,0.36,15.0,0.37,15.0,0.01,0.01,2317.409284,1776235264000
1776235266.357,66.357,0.64,10.0,0.63,20.0,0.65,111.92,0.66,30.0,0.35,108.99,0.34,30.0,0.36,10.0,0.37,15.0,0.01,0.01,2317.409284,1776235264000
1776235266.625,66.625,0.64,10.0,0.63,20.0,0.65,109.85,0.66,30.0,0.35,109.85,0.34,30.0,0.36,10.0,0.37,20.0,0.01,0.01,2317.451792,1776235265000
1776235267.222,67.222,0.65,14.85,0.64,20.0,0.66,53.0,0.67,85.0,0.34,53.0,0.33,85.0,0.35,14.85,0.36,20.0,0.01,0.01,2317.461227,1776235266000
1776235268.528,68.528,0.66,35.0,0.65,15.0,0.67,20.7,0.68,5.0,0.33,20.7,0.32,5.0,0.34,35.0,0.35,15.0,0.01,0.01,2317.456126,1776235267000
1776235268.794,68.794,0.66,52.05,0.65,10.0,0.67,10.4,0.69,30.0,0.33,20.7,0.31,35.0,0.34,37.05,0.35,15.0,0.01,0.01,2317.456126,1776235267000
1776235269.09,69.09,0.68,61.0,0.67,15.0,0.69,27.1,0.7,13.66,0.31,30.0,0.3,18.66,0.34,92.05,0.35,10.0,0.01,0.03,2317.456126,1776235267000
1776235269.39,69.39,0.69,9.83,0.68,91.0,0.72,104.37,0.73,7.0,0.28,104.37,0.27,7.0,0.31,9.83,0.32,91.0,0.03,0.03,2317.48293,1776235268000
1776235270.172,70.172,0.71,54.54,0.7,15.0,0.72,79.37,0.74,30.0,0.28,104.37,0.27,7.0,0.31,9.83,0.32,91.0,0.01,0.03,2317.48293,1776235268000
1776235270.526,70.526,0.71,46.09,0.7,15.0,0.72,79.37,0.74,30.0,0.28,79.37,0.26,30.0,0.29,54.54,0.3,15.0,0.01,0.01,2317.48293,1776235268000
1776235270.931,70.931,0.71,102.09,0.7,15.0,0.75,40.0,0.76,146.0,0.28,8.48,0.25,40.0,0.29,91.09,0.3,15.0,0.04,0.01,2317.503043,1776235269000
1776235271.21,71.21,0.74,89.0,0.73,15.0,0.75,50.0,0.76,146.0,0.25,40.0,0.24,146.0,0.29,102.09,0.3,15.0,0.01,0.04,2317.503043,1776235269000
1776235271.732,71.732,0.74,82.46,0.73,15.0,0.75,40.39,0.76,146.0,0.25,40.39,0.24,146.0,0.26,82.46,0.27,15.0,0.01,0.01,2317.678646,1776235270000
1776235272.23,72.23,0.74,82.46,0.73,15.0,0.75,19.75,0.76,141.0,0.25,40.39,0.24,146.0,0.26,82.46,0.27,15.0,0.01,0.01,2317.678646,1776235270000
1776235272.477,72.477,0.75,85.0,0.74,21.46,0.76,141.0,0.77,31.3,0.25,19.75,0.24,141.0,0.26,82.46,0.27,15.0,0.01,0.01,2317.790686,1776235271000
1776235272.907,72.907,0.75,90.0,0.74,21.46,0.76,138.27,0.77,31.3,0.24,141.0,0.23,31.3,0.25,85.0,0.26,21.46,0.01,0.01,2317.790686,1776235271000
1776235273.371,73.371,0.75,80.6,0.74,21.46,0.76,136.0,0.77,31.3,0.24,136.0,0.23,31.3,0.25,80.6,0.26,21.46,0.01,0.01,2317.87552,1776235272000
1776235273.998,73.998,0.75,80.6,0.74,21.46,0.76,136.0,0.77,31.3,0.24,136.0,0.23,31.3,0.25,80.6,0.26,21.46,0.01,0.01,2317.905388,1776235273000
1776235274.951,74.951,0.75,81.6,0.74,16.46,0.76,146.0,0.77,31.3,0.24,146.0,0.23,31.3,0.25,81.6,0.26,16.46,0.01,0.01,2317.898126,1776235274000
1776235275.663,75.663,0.75,81.6,0.74,21.46,0.76,146.0,0.77,26.3,0.24,146.0,0.23,31.3,0.25,81.6,0.26,16.46,0.01,0.01,2317.898126,1776235274000
1776235276.064,76.064,0.75,81.6,0.74,21.46,0.76,146.0,0.77,26.3,0.24,146.0,0.23,26.3,0.25,81.6,0.26,21.46,0.01,0.01,2317.901804,1776235275000
1776235276.428,76.428,0.75,86.6,0.74,21.46,0.76,99.0,0.77,26.3,0.24,146.0,0.23,26.3,0.25,81.6,0.26,21.46,0.01,0.01,2317.901804,1776235275000
1776235276.946,76.946,0.75,102.6,0.74,21.46,0.76,69.76,0.8,26.0,0.24,99.0,0.23,26.3,0.25,86.6,0.26,21.46,0.01,0.01,2317.901804,1776235275000
1776235277.245,77.245,0.75,125.2,0.74,26.46,0.76,72.84,0.8,26.0,0.24,63.44,0.2,26.0,0.25,129.2,0.26,26.46,0.01,0.01,2318.000942,1776235276000
1776235277.56,77.56,0.75,120.8,0.74,26.46,0.76,79.09,0.8,26.0,0.24,72.84,0.2,26.0,0.25,125.2,0.26,26.46,0.01,0.01,2318.000942,1776235276000
1776235278.108,78.108,0.75,94.24,0.74,26.46,0.76,77.7,0.78,10.0,0.24,77.76,0.2,26.0,0.25,89.24,0.26,26.46,0.01,0.01,2318.000942,1776235276000
1776235278.446,78.446,0.75,73.33,0.74,26.46,0.76,77.7,0.78,10.0,0.24,77.7,0.22,10.0,0.25,94.24,0.26,26.46,0.01,0.01,2318.044656,1776235277000
1776235278.783,78.783,0.75,82.0,0.74,26.46,0.76,72.7,0.77,5.0,0.24,77.7,0.22,10.0,0.25,73.33,0.26,26.46,0.01,0.01,2318.044656,1776235277000
1776235279.254,79.254,0.75,82.0,0.74,26.46,0.76,72.7,0.77,5.0,0.24,72.7,0.23,5.0,0.25,82.0,0.26,26.46,0.01,0.01,2318.116646,1776235278000
1776235280.256,80.256,0.75,82.0,0.74,26.46,0.76,72.7,0.77,5.0,0.24,72.7,0.23,5.0,0.25,82.0,0.26,26.46,0.01,0.01,2318.125121,1776235279000
1776235280.458,80.458,0.75,26.0,0.74,20.0,0.76,87.7,0.77,5.0,0.24,72.7,0.23,5.0,0.25,82.0,0.26,26.46,0.01,0.01,2318.125121,1776235279000
1776235280.759,80.759,0.75,27.0,0.74,20.0,0.76,108.7,0.77,5.0,0.24,87.7,0.23,5.0,0.25,26.0,0.26,20.0,0.01,0.01,2318.125121,1776235279000
1776235281.344,81.344,0.75,18.44,0.74,20.0,0.76,92.7,0.77,5.0,0.24,92.7,0.23,5.0,0.25,18.44,0.26,20.0,0.01,0.01,2318.133909,1776235280000
1776235282.282,82.282,0.75,18.44,0.74,20.0,0.76,59.75,0.77,5.0,0.24,100.73,0.23,5.0,0.25,18.44,0.26,20.0,0.01,0.01,2318.133909,1776235280000
1776235283.423,83.423,0.75,18.44,0.74,20.0,0.76,59.75,0.77,5.0,0.24,59.75,0.23,5.0,0.25,18.44,0.26,20.0,0.01,0.01,2318.119529,1776235282000
1776235283.636,83.636,0.75,7.44,0.74,60.99,0.76,59.75,0.77,5.0,0.24,59.75,0.23,5.0,0.25,18.44,0.26,20.0,0.01,0.01,2318.119529,1776235282000
1776235283.872,83.872,0.75,7.44,0.74,60.99,0.76,59.75,0.77,5.0,0.24,59.75,0.23,5.0,0.25,7.44,0.26,60.99,0.01,0.01,2318.119529,1776235283000
1776235284.605,84.605,0.75,3.84,0.74,60.99,0.76,54.75,0.77,5.0,0.24,59.75,0.23,5.0,0.25,7.44,0.26,60.99,0.01,0.01,2318.119529,1776235283000
1776235285.672,85.672,0.75,3.84,0.74,60.99,0.76,54.75,0.77,5.0,0.24,54.75,0.23,5.0,0.25,3.84,0.26,60.99,0.01,0.01,2318.109254,1776235284000
1776235286.286,86.286,0.75,3.84,0.74,60.99,0.76,54.75,0.77,5.0,0.24,54.75,0.23,5.0,0.25,3.84,0.26,60.99,0.01,0.01,2318.157729,1776235285000
1776235287.294,87.294,0.75,3.84,0.74,60.99,0.76,54.75,0.77,5.0,0.24,54.75,0.23,5.0,0.25,3.84,0.26,60.99,0.01,0.01,2318.108592,1776235286000
1776235287.655,87.655,0.74,18.07,0.73,56.99,0.76,59.75,0.77,5.0,0.24,54.75,0.23,5.0,0.25,3.84,0.26,60.99,0.02,0.01,2318.108592,1776235286000
1776235287.931,87.931,0.74,18.07,0.73,56.99,0.76,59.75,0.77,5.0,0.24,59.75,0.23,5.0,0.26,18.07,0.27,56.99,0.02,0.02,2318.108512,1776235287000
1776235289.13,89.13,0.74,18.07,0.73,56.99,0.76,59.75,0.77,5.0,0.24,59.75,0.23,5.0,0.26,18.07,0.27,56.99,0.02,0.02,2318.108395,1776235288000
1776235290.205,90.205,0.74,18.07,0.73,56.99,0.76,59.75,0.77,5.0,0.24,59.75,0.23,5.0,0.26,18.07,0.27,56.99,0.02,0.02,2318.110009,1776235289000
1776235291.285,91.285,0.74,18.07,0.73,56.99,0.76,59.75,0.77,5.0,0.24,59.75,0.23,5.0,0.26,18.07,0.27,56.99,0.02,0.02,2318.126218,1776235290000
1776235294.158,94.158,0.75,26.0,0.74,60.06,0.77,5.0,0.79,15.0,0.24,59.75,0.23,5.0,0.26,18.07,0.27,56.99,0.02,0.02,2318.126218,1776235290000
1776235295.341,95.341,0.78,25.9,0.77,15.0,0.79,55.49,0.8,31.05,0.21,5.0,0.2,26.0,0.22,0.9,0.24,15.0,0.01,0.01,2318.126218,1776235290000
1776235299.301,99.301,0.79,10.0,0.78,132.9,0.8,21.0,0.83,30.5,0.21,55.49,0.2,31.05,0.22,25.9,0.23,15.0,0.01,0.01,2318.126218,1776235290000
1776235299.573,99.573,0.79,162.0,0.78,104.89,0.84,22.08,0.85,52.2,0.2,5.0,0.17,25.5,0.21,10.0,0.22,137.9,0.05,0.01,2318.126218,1776235290000
1776235299.941,99.941,0.84,25.0,0.83,61.0,0.85,17.82,0.86,46.9,0.16,22.08,0.15,52.2,0.21,162.0,0.22,104.89,0.01,0.05,2318.124683,1776235298000
1776235300.195,100.195,0.84,60.62,0.83,46.0,0.85,17.82,0.86,41.9,0.15,17.82,0.14,41.9,0.16,60.62,0.17,46.0,0.01,0.01,2318.152463,1776235299000
1776235300.954,100.954,0.84,51.53,0.83,25.0,0.85,41.6,0.86,34.9,0.15,28.55,0.14,34.9,0.16,60.62,0.17,30.0,0.01,0.01,2318.152463,1776235299000
1776235301.522,101.522,0.84,51.53,0.83,25.0,0.85,38.65,0.86,34.9,0.15,38.65,0.14,34.9,0.16,51.53,0.17,25.0,0.01,0.01,2318.169121,1776235300000
1776235301.722,101.722,0.84,56.53,0.83,25.0,0.85,20.65,0.86,40.9,0.15,20.65,0.14,40.9,0.16,56.53,0.17,25.0,0.01,0.01,2318.169121,1776235300000
1776235302.315,102.315,0.84,56.53,0.83,25.0,0.85,17.63,0.86,40.9,0.15,17.63,0.14,40.9,0.16,56.53,0.17,25.0,0.01,0.01,2318.314379,1776235301000
1776235302.804,102.804,0.84,13.34,0.81,17.0,0.85,66.63,0.86,49.9,0.15,17.63,0.14,40.9,0.16,56.53,0.17,25.0,0.01,0.01,2318.314379,1776235301000
1776235303.056,103.056,0.79,23.0,0.78,5.9,0.84,83.97,0.85,111.83,0.16,10.66,0.15,114.63,0.18,10.0,0.19,10.0,0.05,0.02,2318.314379,1776235301000
1776235303.577,103.577,0.8,8.5,0.79,17.83,0.83,45.94,0.84,77.97,0.17,45.94,0.16,77.97,0.2,8.5,0.21,17.83,0.03,0.03,2318.347435,1776235302000
1776235303.907,103.907,0.81,4.07,0.8,18.5,0.82,44.61,0.83,124.73,0.17,45.94,0.16,77.97,0.2,8.5,0.21,17.83,0.01,0.03,2318.347435,1776235302000
1776235305.272,105.272,0.81,4.07,0.8,18.5,0.82,44.61,0.83,124.73,0.18,44.61,0.17,124.73,0.19,4.07,0.2,18.5,0.01,0.01,2318.392363,1776235304000
1776235306.816,106.816,0.81,4.07,0.8,18.5,0.82,44.61,0.83,124.73,0.18,44.61,0.17,124.73,0.19,4.07,0.2,18.5,0.01,0.01,2318.25243,1776235305000
1776235307.464,107.464,0.81,4.07,0.8,18.5,0.82,44.61,0.83,124.73,0.18,44.61,0.17,124.73,0.19,4.07,0.2,18.5,0.01,0.01,2318.25243,1776235306000
1776235308.082,108.082,0.81,4.07,0.8,18.5,0.82,44.61,0.83,124.73,0.18,44.61,0.17,124.73,0.19,4.07,0.2,18.5,0.01,0.01,2318.255046,1776235307000
1776235309.388,109.388,0.81,4.07,0.8,18.5,0.82,44.61,0.83,124.73,0.18,44.61,0.17,124.73,0.19,4.07,0.2,18.5,0.01,0.01,2318.245126,1776235308000
1776235309.992,109.992,0.79,5.0,0.78,12.9,0.8,6.0,0.81,103.31,0.2,6.0,0.19,103.31,0.21,5.0,0.22,12.9,0.01,0.01,2318.245408,1776235309000
1776235310.557,110.557,0.78,2.4,0.77,22.0,0.8,94.05,0.81,82.31,0.2,6.0,0.19,103.31,0.21,5.0,0.22,12.9,0.02,0.01,2318.245408,1776235309000
1776235311.155,111.155,0.78,8.08,0.77,22.0,0.8,94.05,0.81,87.31,0.2,94.05,0.19,87.31,0.22,8.08,0.23,22.0,0.02,0.02,2318.240354,1776235310000
1776235312.378,112.378,0.78,8.08,0.77,22.0,0.8,94.05,0.81,87.31,0.2,94.05,0.19,87.31,0.22,8.08,0.23,22.0,0.02,0.02,2318.0819,1776235311000
1776235312.641,112.641,0.73,3.03,0.72,78.0,0.76,93.0,0.77,28.0,0.2,94.05,0.19,87.31,0.22,8.08,0.23,22.0,0.03,0.02,2318.0819,1776235311000
1776235312.986,112.986,0.73,2.93,0.72,28.0,0.74,50.0,0.75,10.0,0.26,50.0,0.25,10.0,0.27,2.93,0.28,28.0,0.01,0.01,2318.0819,1776235312000
1776235314.208,114.208,0.73,2.93,0.72,28.0,0.74,50.0,0.75,10.0,0.26,50.0,0.25,10.0,0.27,2.93,0.28,28.0,0.01,0.01,2318.081869,1776235313000
1776235314.794,114.794,0.73,67.93,0.72,77.67,0.74,60.0,0.75,15.0,0.26,50.0,0.25,10.0,0.27,2.93,0.28,28.0,0.01,0.01,2318.081869,1776235313000
1776235315.47,115.47,0.73,67.93,0.72,77.67,0.74,60.0,0.75,15.0,0.26,60.0,0.25,15.0,0.27,67.93,0.28,77.67,0.01,0.01,2317.985503,1776235314000
1776235316.726,116.726,0.73,67.93,0.72,77.67,0.74,60.0,0.75,15.0,0.26,60.0,0.25,15.0,0.27,67.93,0.28,77.67,0.01,0.01,2317.98569,1776235315000
1776235317.288,117.288,0.73,67.93,0.72,77.67,0.74,60.0,0.75,15.0,0.26,60.0,0.25,15.0,0.27,67.93,0.28,77.67,0.01,0.01,2317.985705,1776235316000
1776235318.441,118.441,0.73,16.03,0.72,38.0,0.74,70.0,0.75,25.0,0.26,70.0,0.25,25.0,0.27,16.03,0.28,38.0,0.01,0.01,2318.075297,1776235317000
1776235319.124,119.124,0.73,62.13,0.72,83.99,0.74,54.45,0.75,25.0,0.26,54.45,0.25,25.0,0.27,62.13,0.28,83.99,0.01,0.01,2317.976249,1776235318000
1776235319.676,119.676,0.73,56.01,0.72,83.99,0.74,54.45,0.75,10.0,0.26,54.45,0.25,25.0,0.27,62.13,0.28,83.99,0.01,0.01,2317.976249,1776235318000
1776235320.076,120.076,0.73,56.01,0.72,83.99,0.74,54.45,0.75,10.0,0.26,54.45,0.25,10.0,0.27,56.01,0.28,83.99,0.01,0.01,2317.943813,1776235319000
1776235320.61,120.61,0.73,132.0,0.72,43.99,0.74,20.51,0.75,5.0,0.26,53.09,0.25,10.0,0.27,105.0,0.28,38.0,0.01,0.01,2317.943813,1776235319000
1776235321.252,121.252,0.75,8.0,0.73,162.0,0.76,14.0,0.77,8.0,0.24,14.0,0.23,8.0,0.25,8.0,0.27,162.0,0.01,0.01,2318.013892,1776235320000
1776235321.78,121.78,0.79,140.0,0.78,72.99,0.8,5.0,0.81,5.0,0.24,14.0,0.23,8.0,0.25,8.0,0.27,162.0,0.01,0.01,2318.013892,1776235320000
1776235322.431,122.431,0.79,140.0,0.78,72.99,0.8,5.0,0.81,5.0,0.2,5.0,0.19,5.0,0.21,140.0,0.22,72.99,0.01,0.01,2318.068223,1776235321000
1776235322.733,122.733,0.81,85.0,0.8,70.98,0.82,13.12,0.83,42.44,0.2,5.0,0.19,5.0,0.21,140.0,0.22,72.99,0.01,0.01,2318.068223,1776235321000
1776235323.038,123.038,0.81,85.0,0.8,70.98,0.82,13.12,0.83,42.44,0.18,13.12,0.17,42.44,0.19,85.0,0.2,70.98,0.01,0.01,2318.155873,1776235322000
1776235324.114,124.114,0.81,85.0,0.8,70.98,0.82,13.12,0.83,42.44,0.18,13.12,0.17,42.44,0.19,85.0,0.2,70.98,0.01,0.01,2318.168384,1776235323000
1776235325.296,125.296,0.81,123.69,0.8,70.98,0.82,10.0,0.83,42.44,0.18,13.12,0.17,42.44,0.19,85.0,0.2,70.98,0.01,0.01,2318.168384,1776235323000
1776235326.327,126.327,0.81,123.69,0.8,70.98,0.82,10.0,0.83,42.44,0.18,10.0,0.17,42.44,0.19,123.69,0.2,70.98,0.01,0.01,2318.210555,1776235325000
1776235326.964,126.964,0.81,123.69,0.8,70.98,0.82,10.0,0.83,42.44,0.18,10.0,0.17,42.44,0.19,123.69,0.2,70.98,0.01,0.01,2318.222283,1776235326000
1776235327.57,127.57,0.84,172.0,0.83,60.99,0.88,1.18,0.9,50.0,0.18,10.0,0.17,42.44,0.19,123.69,0.2,70.98,0.04,0.01,2318.222283,1776235326000
1776235327.814,127.814,0.87,41.0,0.86,42.0,0.9,6.45,0.91,254.0,0.12,5.47,0.1,10.0,0.13,51.0,0.14,21.0,0.03,0.01,2318.222283,1776235326000
1776235328.069,128.069,0.88,10.0,0.87,46.0,0.9,0.9,0.91,254.0,0.1,0.9,0.09,254.0,0.12,10.0,0.13,46.0,0.02,0.02,2318.222295,1776235327000
1776235328.693,128.693,0.9,86.0,0.89,26.0,0.91,189.56,0.92,48.9,0.1,0.9,0.09,254.0,0.12,10.0,0.13,46.0,0.01,0.02,2318.222295,1776235327000
1776235329.059,129.059,0.9,86.0,0.89,26.0,0.91,185.17,0.92,48.9,0.09,185.17,0.08,48.9,0.1,86.0,0.11,26.0,0.01,0.01,2318.238085,1776235328000
1776235330.185,130.185,0.9,61.0,0.89,26.0,0.91,192.06,0.92,48.9,0.09,192.06,0.08,48.9,0.1,61.0,0.11,26.0,0.01,0.01,2318.494749,1776235329000
1776235331.463,131.463,0.9,61.0,0.89,26.0,0.91,192.06,0.92,48.9,0.09,192.06,0.08,48.9,0.1,61.0,0.11,26.0,0.01,0.01,2318.823495,1776235330000
1776235332.49,132.49,0.9,61.0,0.89,26.0,0.91,192.06,0.92,48.9,0.09,192.06,0.08,48.9,0.1,61.0,0.11,26.0,0.01,0.01,2318.873656,1776235331000
1776235332.711,132.711,0.86,66.99,0.85,64.0,0.91,225.06,0.92,69.9,0.09,192.06,0.08,58.9,0.1,35.0,0.11,15.0,0.05,0.01,2318.873656,1776235331000
1776235333.114,133.114,0.88,45.0,0.87,20.0,0.9,9.06,0.91,241.06,0.09,225.06,0.08,69.9,0.14,66.99,0.15,64.0,0.02,0.05,2318.873656,1776235331000
1776235333.516,133.516,0.88,55.0,0.87,20.0,0.9,12.94,0.91,247.06,0.1,9.06,0.09,241.06,0.12,45.0,0.13,20.0,0.02,0.02,2318.873064,1776235332000
1776235334.305,134.305,0.88,35.0,0.87,20.0,0.9,20.94,0.91,247.06,0.1,12.94,0.09,247.06,0.12,55.0,0.13,20.0,0.02,0.02,2318.873064,1776235332000
1776235335.485,135.485,0.88,35.0,0.87,20.0,0.9,20.94,0.91,247.06,0.1,20.94,0.09,247.06,0.12,35.0,0.13,20.0,0.02,0.02,2318.778194,1776235334000
1776235336.159,136.159,0.88,35.0,0.87,20.0,0.9,20.94,0.91,247.06,0.1,20.94,0.09,247.06,0.12,35.0,0.13,20.0,0.02,0.02,2318.760772,1776235335000
1776235337.865,137.865,0.88,35.0,0.87,20.0,0.9,20.94,0.91,247.06,0.1,20.94,0.09,247.06,0.12,35.0,0.13,20.0,0.02,0.02,2318.757897,1776235336000
1776235338.69,138.69,0.88,35.0,0.87,20.0,0.9,20.94,0.91,247.06,0.1,20.94,0.09,247.06,0.12,35.0,0.13,20.0,0.02,0.02,2318.757698,1776235337000
1776235339.547,139.547,0.88,35.0,0.87,20.0,0.9,20.94,0.91,247.06,0.1,20.94,0.09,247.06,0.12,35.0,0.13,20.0,0.02,0.02,2318.751376,1776235338000
1776235340.263,140.263,0.83,35.99,0.82,24.4,0.87,25.0,0.88,45.0,0.1,20.94,0.09,247.06,0.12,35.0,0.13,20.0,0.04,0.02,2318.751376,1776235338000
1776235340.586,140.586,0.8,101.33,0.79,33.0,0.81,11.3,0.83,23.0,0.16,19.0,0.15,10.0,0.17,22.34,0.18,34.4,0.01,0.01,2318.687957,1776235339000
1776235341.119,141.119,0.8,101.33,0.79,33.0,0.81,11.3,0.83,23.0,0.19,11.3,0.17,23.0,0.2,101.33,0.21,33.0,0.01,0.01,2318.669837,1776235340000
1776235341.549,141.549,0.8,115.33,0.79,38.0,0.81,13.0,0.82,5.0,0.19,11.3,0.17,23.0,0.2,101.33,0.21,33.0,0.01,0.01,2318.669837,1776235340000
1776235342.702,142.702,0.8,107.58,0.79,38.0,0.81,13.0,0.82,5.0,0.19,13.0,0.18,5.0,0.2,107.58,0.21,38.0,0.01,0.01,2318.416835,1776235341000
1776235343.54,143.54,0.8,107.23,0.79,38.0,0.81,1.99,0.82,5.0,0.19,13.0,0.18,5.0,0.2,107.58,0.21,38.0,0.01,0.01,2318.416835,1776235341000
1776235344.294,144.294,0.8,107.23,0.79,38.0,0.81,1.99,0.82,5.0,0.19,1.99,0.18,5.0,0.2,107.23,0.21,38.0,0.01,0.01,2318.338245,1776235343000
1776235345.797,145.797,0.8,107.23,0.79,38.0,0.81,1.99,0.82,5.0,0.19,1.99,0.18,5.0,0.2,107.23,0.21,38.0,0.01,0.01,2318.311822,1776235344000
1776235346.554,146.554,0.8,107.23,0.79,38.0,0.81,1.99,0.82,5.0,0.19,1.99,0.18,5.0,0.2,107.23,0.21,38.0,0.01,0.01,2318.315297,1776235345000
1776235347.425,147.425,0.8,107.23,0.79,38.0,0.81,1.99,0.82,5.0,0.19,1.99,0.18,5.0,0.2,107.23,0.21,38.0,0.01,0.01,2318.315286,1776235346000
1776235348.167,148.167,0.8,107.23,0.79,38.0,0.81,1.99,0.82,5.0,0.19,1.99,0.18,5.0,0.2,107.23,0.21,38.0,0.01,0.01,2318.315286,1776235347000
1776235349.61,149.61,0.81,83.0,0.8,70.23,0.82,10.07,0.83,13.0,0.18,10.07,0.17,13.0,0.19,83.0,0.2,70.23,0.01,0.01,2318.321144,1776235348000
1776235350.02,150.02,0.81,7.83,0.8,87.58,0.82,15.07,0.83,23.0,0.18,10.07,0.17,13.0,0.19,83.0,0.2,70.23,0.01,0.01,2318.321144,1776235348000
1776235350.396,150.396,0.81,7.83,0.8,87.58,0.82,15.07,0.83,23.0,0.18,15.07,0.17,23.0,0.19,7.83,0.2,87.58,0.01,0.01,2318.314045,1776235349000
1776235350.714,150.714,0.81,41.82,0.8,70.23,0.82,8.85,0.83,13.0,0.18,15.07,0.17,23.0,0.19,7.83,0.2,87.58,0.01,0.01,2318.314045,1776235349000
1776235351.066,151.066,0.81,41.82,0.8,70.23,0.82,7.63,0.83,13.0,0.18,8.85,0.17,13.0,0.19,41.82,0.2,70.23,0.01,0.01,2318.314045,1776235349000
1776235351.808,151.808,0.81,51.82,0.8,65.23,0.82,11.41,0.83,13.0,0.18,7.63,0.17,13.0,0.19,41.82,0.2,70.23,0.01,0.01,2318.303079,1776235350000
1776235352.231,152.231,0.81,25.5,0.8,65.23,0.82,6.41,0.83,13.0,0.18,6.41,0.17,13.0,0.19,25.5,0.2,65.23,0.01,0.01,2318.299665,1776235351000
1776235352.457,152.457,0.81,51.98,0.8,38.0,0.83,4.41,0.84,31.0,0.18,6.41,0.17,13.0,0.19,25.5,0.2,65.23,0.02,0.01,2318.299665,1776235351000
1776235352.893,152.893,0.84,14.0,0.83,83.0,0.85,15.0,0.86,60.9,0.17,4.41,0.16,31.0,0.19,51.98,0.2,38.0,0.01,0.02,2318.299665,1776235351000
1776235353.347,153.347,0.84,14.0,0.83,83.0,0.85,15.0,0.86,60.9,0.15,15.0,0.14,60.9,0.16,14.0,0.17,83.0,0.01,0.01,2318.271459,1776235352000
1776235353.999,153.999,0.84,14.0,0.83,83.0,0.85,15.0,0.86,60.9,0.15,15.0,0.14,60.9,0.16,14.0,0.17,83.0,0.01,0.01,2318.272381,1776235353000
1776235355.154,155.154,0.84,14.0,0.83,83.0,0.85,15.0,0.86,60.9,0.15,15.0,0.14,60.9,0.16,14.0,0.17,83.0,0.01,0.01,2318.273411,1776235354000
1776235355.359,155.359,0.84,1.0,0.83,30.0,0.85,15.0,0.86,60.9,0.15,15.0,0.14,60.9,0.16,14.0,0.17,83.0,0.01,0.01,2318.273411,1776235354000
1776235356.292,156.292,0.84,1.0,0.83,30.0,0.85,15.0,0.86,60.9,0.15,15.0,0.14,60.9,0.16,1.0,0.17,30.0,0.01,0.01,2318.347402,1776235355000
1776235357.403,157.403,0.84,1.0,0.83,30.0,0.85,15.0,0.86,60.9,0.15,15.0,0.14,60.9,0.16,1.0,0.17,30.0,0.01,0.01,2318.37656,1776235356000
1776235357.935,157.935,0.84,1.0,0.83,30.0,0.85,15.0,0.86,60.9,0.15,15.0,0.14,60.9,0.16,1.0,0.17,30.0,0.01,0.01,2318.346386,1776235357000
1776235358.407,158.407,0.82,20.64,0.81,38.12,0.83,89.79,0.84,22.0,0.15,15.0,0.14,60.9,0.16,1.0,0.17,30.0,0.01,0.01,2318.346386,1776235357000
1776235358.852,158.852,0.82,14.64,0.81,43.12,0.83,79.72,0.84,22.0,0.17,89.79,0.16,22.0,0.18,20.64,0.19,38.12,0.01,0.01,2318.346386,1776235357000
1776235359.07,159.07,0.82,14.64,0.81,43.12,0.83,79.72,0.84,22.0,0.17,79.72,0.16,22.0,0.18,14.64,0.19,43.12,0.01,0.01,2318.322076,1776235358000
1776235360.271,160.271,0.82,14.64,0.81,43.12,0.83,79.72,0.84,22.0,0.17,79.72,0.16,22.0,0.18,14.64,0.19,43.12,0.01,0.01,2318.249184,1776235359000
1776235361.432,161.432,0.82,14.64,0.81,43.12,0.83,79.72,0.84,22.0,0.17,79.72,0.16,22.0,0.18,14.64,0.19,43.12,0.01,0.01,2318.248805,1776235360000
1776235361.942,161.942,0.82,14.64,0.81,43.12,0.83,79.72,0.84,22.0,0.17,79.72,0.16,22.0,0.18,14.64,0.19,43.12,0.01,0.01,2318.24413,1776235361000
1776235362.204,162.204,0.83,21.5,0.82,23.13,0.84,22.0,0.85,15.0,0.17,79.72,0.16,22.0,0.18,14.64,0.19,43.12,0.01,0.01,2318.24413,1776235361000
1776235363.197,163.197,0.83,21.5,0.82,28.13,0.84,17.0,0.85,15.0,0.16,17.0,0.15,15.0,0.17,21.5,0.18,28.13,0.01,0.01,2318.25388,1776235362000
1776235364.248,164.248,0.83,21.5,0.82,28.13,0.84,17.0,0.85,15.0,0.16,17.0,0.15,15.0,0.17,21.5,0.18,28.13,0.01,0.01,2318.242195,1776235363000
1776235364.478,164.478,0.83,17.08,0.82,28.13,0.84,12.0,0.85,15.0,0.16,17.0,0.15,15.0,0.17,21.5,0.18,28.13,0.01,0.01,2318.242195,1776235363000
1776235365.34,165.34,0.83,17.08,0.82,28.13,0.84,12.0,0.85,15.0,0.16,12.0,0.15,15.0,0.17,17.08,0.18,28.13,0.01,0.01,2318.242234,1776235364000
1776235365.96,165.96,0.84,15.0,0.83,22.08,0.85,23.58,0.86,15.0,0.16,12.0,0.15,15.0,0.17,17.08,0.18,28.13,0.01,0.01,2318.242234,1776235364000
1776235366.94,166.94,0.84,15.0,0.83,22.08,0.85,23.58,0.86,15.0,0.15,23.58,0.14,15.0,0.16,15.0,0.17,22.08,0.01,0.01,2318.241517,1776235366000
1776235368.104,168.104,0.84,15.0,0.83,22.08,0.85,23.58,0.86,15.0,0.15,23.58,0.14,15.0,0.16,15.0,0.17,22.08,0.01,0.01,2318.357075,1776235367000
1776235369.083,169.083,0.84,15.0,0.83,22.08,0.85,23.58,0.86,15.0,0.15,23.58,0.14,15.0,0.16,15.0,0.17,22.08,0.01,0.01,2318.297753,1776235368000
1776235370.223,170.223,0.84,15.0,0.83,22.08,0.85,23.58,0.86,15.0,0.15,23.58,0.14,15.0,0.16,15.0,0.17,22.08,0.01,0.01,2318.296474,1776235369000
1776235371.258,171.258,0.84,15.0,0.83,22.08,0.85,23.58,0.86,15.0,0.15,23.58,0.14,15.0,0.16,15.0,0.17,22.08,0.01,0.01,2318.345726,1776235370000
1776235372.047,172.047,0.85,43.46,0.84,47.13,0.86,19.0,0.87,62.8,0.15,23.58,0.14,15.0,0.16,15.0,0.17,22.08,0.01,0.01,2318.345726,1776235370000
1776235372.382,172.382,0.85,43.46,0.84,47.13,0.86,19.0,0.87,62.8,0.14,19.0,0.13,62.8,0.15,43.46,0.16,47.13,0.01,0.01,2318.34739,1776235371000
1776235373.023,173.023,0.85,43.46,0.84,47.13,0.86,19.0,0.87,62.8,0.14,19.0,0.13,62.8,0.15,43.46,0.16,47.13,0.01,0.01,2318.371495,1776235372000
1776235373.999,173.999,0.85,43.46,0.84,47.13,0.86,19.0,0.87,62.8,0.14,19.0,0.13,62.8,0.15,43.46,0.16,47.13,0.01,0.01,2318.34491,1776235373000
1776235375.152,175.152,0.85,43.46,0.84,47.13,0.86,19.0,0.87,62.8,0.14,19.0,0.13,62.8,0.15,43.46,0.16,47.13,0.01,0.01,2318.377616,1776235374000
1776235376.231,176.231,0.85,43.46,0.84,47.13,0.86,19.0,0.87,62.8,0.14,19.0,0.13,62.8,0.15,43.46,0.16,47.13,0.01,0.01,2318.377423,1776235375000
1776235377.34,177.34,0.85,43.46,0.84,47.13,0.86,19.0,0.87,62.8,0.14,19.0,0.13,62.8,0.15,43.46,0.16,47.13,0.01,0.01,2318.382234,1776235376000
1776235378.359,178.359,0.85,43.46,0.84,47.13,0.86,19.0,0.87,62.8,0.14,19.0,0.13,62.8,0.15,43.46,0.16,47.13,0.01,0.01,2318.380781,1776235377000
1776235378.918,178.918,0.85,43.46,0.84,47.13,0.86,19.0,0.87,62.8,0.14,19.0,0.13,62.8,0.15,43.46,0.16,47.13,0.01,0.01,2318.380781,1776235378000
1776235379.141,179.141,0.87,180.0,0.86,109.0,0.9,0.3,0.91,170.84,0.12,16.68,0.1,5.0,0.13,205.13,0.14,144.0,0.03,0.01,2318.380781,1776235378000
1776235379.989,179.989,0.9,55.0,0.89,166.0,0.91,155.65,0.94,20.09,0.09,155.65,0.06,20.09,0.1,55.0,0.11,166.0,0.01,0.01,2318.380852,1776235379000
1776235380.392,180.392,0.9,115.0,0.89,126.0,0.91,161.26,0.94,20.09,0.09,155.65,0.06,20.09,0.1,55.0,0.11,166.0,0.01,0.01,2318.380852,1776235379000
1776235380.946,180.946,0.9,115.0,0.89,126.0,0.91,161.26,0.94,20.09,0.09,161.26,0.06,20.09,0.1,115.0,0.11,126.0,0.01,0.01,2318.419187,1776235380000
1776235381.416,181.416,0.86,5.0,0.85,113.2,0.88,10.0,0.89,10.0,0.09,161.26,0.06,20.09,0.1,115.0,0.11,126.0,0.02,0.01,2318.419187,1776235380000
1776235381.66,181.66,0.85,35.62,0.84,41.8,0.87,10.0,0.88,15.0,0.12,10.0,0.11,10.0,0.14,5.0,0.15,113.2,0.02,0.02,2318.419187,1776235380000
1776235381.981,181.981,0.85,5.0,0.84,10.0,0.86,7.92,0.87,8.0,0.13,8.0,0.12,10.0,0.17,143.17,0.18,44.4,0.01,0.04,2318.419187,1776235380000
1776235382.302,182.302,0.85,5.0,0.84,10.0,0.86,7.92,0.87,8.0,0.14,7.92,0.13,8.0,0.15,5.0,0.16,10.0,0.01,0.01,2318.718158,1776235381000
1776235382.913,182.913,0.85,5.0,0.84,10.0,0.86,7.92,0.87,8.0,0.14,7.92,0.13,8.0,0.15,5.0,0.16,10.0,0.01,0.01,2318.63019,1776235382000
1776235383.981,183.981,0.86,40.0,0.85,10.0,0.87,4.71,0.88,39.0,0.13,4.71,0.12,39.0,0.14,40.0,0.15,10.0,0.01,0.01,2318.533814,1776235383000
1776235385.047,185.047,0.86,40.0,0.85,10.0,0.87,4.71,0.88,39.0,0.13,4.71,0.12,39.0,0.14,40.0,0.15,10.0,0.01,0.01,2318.477932,1776235384000
1776235386.016,186.016,0.86,40.0,0.85,10.0,0.87,4.71,0.88,39.0,0.13,4.71,0.12,39.0,0.14,40.0,0.15,10.0,0.01,0.01,2318.478441,1776235385000
1776235387.162,187.162,0.86,40.0,0.85,10.0,0.87,4.71,0.88,39.0,0.13,4.71,0.12,39.0,0.14,40.0,0.15,10.0,0.01,0.01,2318.478933,1776235386000
1776235388.413,188.413,0.86,40.0,0.85,10.0,0.87,4.71,0.88,39.0,0.13,4.71,0.12,39.0,0.14,40.0,0.15,10.0,0.01,0.01,2318.479961,1776235387000
1776235389.017,189.017,0.85,33.0,0.84,5.0,0.86,5.87,0.87,15.0,0.13,4.71,0.12,39.0,0.14,40.0,0.15,10.0,0.01,0.01,2318.479961,1776235387000
1776235389.375,189.375,0.84,36.0,0.83,131.5,0.85,10.0,0.86,25.87,0.14,5.87,0.13,15.0,0.15,33.0,0.16,5.0,0.01,0.01,2318.481651,1776235388000
1776235390.292,190.292,0.84,41.0,0.83,111.0,0.89,57.0,0.9,53.0,0.11,57.0,0.1,53.0,0.16,41.0,0.17,111.0,0.05,0.05,2318.526934,1776235389000
1776235391.348,191.348,0.85,28.13,0.84,46.0,0.87,9.19,0.88,15.0,0.13,9.19,0.12,15.0,0.15,28.13,0.16,46.0,0.02,0.02,2318.36208,1776235390000
1776235392.198,192.198,0.86,20.0,0.85,35.12,0.88,8.57,0.89,46.0,0.13,9.19,0.12,15.0,0.15,28.13,0.16,46.0,0.02,0.02,2318.36208,1776235390000
1776235392.5,192.5,0.86,20.0,0.85,35.12,0.88,8.57,0.89,46.0,0.12,8.57,0.11,46.0,0.14,20.0,0.15,35.12,0.02,0.02,2318.3147,1776235391000
1776235392.763,192.763,0.86,26.13,0.85,30.12,0.87,4.25,0.88,13.57,0.12,8.57,0.11,46.0,0.14,20.0,0.15,35.12,0.01,0.02,2318.3147,1776235391000
1776235393.058,193.058,0.86,26.13,0.85,30.12,0.87,4.25,0.88,13.57,0.13,4.25,0.12,13.57,0.14,26.13,0.15,30.12,0.01,0.01,2318.305047,1776235392000
1776235393.324,193.324,0.86,18.98,0.85,35.12,0.88,13.57,0.89,51.0,0.13,4.25,0.12,13.57,0.14,26.13,0.15,30.12,0.02,0.01,2318.305047,1776235392000
1776235394.361,194.361,0.86,18.98,0.85,35.12,0.88,13.57,0.89,51.0,0.12,13.57,0.11,51.0,0.14,18.98,0.15,35.12,0.02,0.02,2318.290751,1776235393000
1776235395.028,195.028,0.86,18.98,0.85,35.12,0.88,13.57,0.89,51.0,0.12,13.57,0.11,51.0,0.14,18.98,0.15,35.12,0.02,0.02,2318.25792,1776235394000
1776235396.144,196.144,0.86,18.98,0.85,35.12,0.88,13.57,0.89,51.0,0.12,13.57,0.11,51.0,0.14,18.98,0.15,35.12,0.02,0.02,2318.25792,1776235395000
1776235396.971,196.971,0.87,9.99,0.86,34.97,0.88,24.0,0.89,52.0,0.12,13.57,0.11,51.0,0.14,18.98,0.15,35.12,0.01,0.02,2318.25792,1776235395000
1776235397.464,197.464,0.87,9.99,0.86,34.97,0.88,24.0,0.89,52.0,0.12,24.0,0.11,52.0,0.13,9.99,0.14,34.97,0.01,0.01,2318.337066,1776235396000
1776235397.904,197.904,0.87,9.99,0.86,34.97,0.88,24.0,0.89,52.0,0.12,24.0,0.11,52.0,0.13,9.99,0.14,34.97,0.01,0.01,2318.286275,1776235397000
1776235398.869,198.869,0.87,9.99,0.86,34.97,0.88,24.0,0.89,52.0,0.12,24.0,0.11,52.0,0.13,9.99,0.14,34.97,0.01,0.01,2318.287594,1776235398000
1776235399.267,199.267,0.87,18.04,0.86,40.97,0.88,19.0,0.89,52.0,0.12,24.0,0.11,52.0,0.13,9.99,0.14,34.97,0.01,0.01,2318.287594,1776235398000
1776235399.982,199.982,0.87,18.04,0.86,40.97,0.88,19.0,0.89,52.0,0.12,19.0,0.11,52.0,0.13,18.04,0.14,40.97,0.01,0.01,2318.287687,1776235399000
1776235400.904,200.904,0.87,18.04,0.86,40.97,0.88,19.0,0.89,52.0,0.12,19.0,0.11,52.0,0.13,18.04,0.14,40.97,0.01,0.01,2318.285703,1776235400000
1776235401.919,201.919,0.87,18.04,0.86,40.97,0.88,19.0,0.89,52.0,0.12,19.0,0.11,52.0,0.13,18.04,0.14,40.97,0.01,0.01,2318.2854,1776235401000
1776235402.887,202.887,0.87,18.04,0.86,40.97,0.88,19.0,0.89,52.0,0.12,19.0,0.11,52.0,0.13,18.04,0.14,40.97,0.01,0.01,2318.28008,1776235402000
1776235403.924,203.924,0.87,18.04,0.86,40.97,0.88,19.0,0.89,52.0,0.12,19.0,0.11,52.0,0.13,18.04,0.14,40.97,0.01,0.01,2318.282051,1776235403000
1776235404.843,204.843,0.87,18.04,0.86,40.97,0.88,19.0,0.89,52.0,0.12,19.0,0.11,52.0,0.13,18.04,0.14,40.97,0.01,0.01,2318.283925,1776235404000
1776235405.401,205.401,0.87,20.13,0.86,43.12,0.88,34.0,0.89,52.0,0.12,19.0,0.11,52.0,0.13,18.04,0.14,40.97,0.01,0.01,2318.283925,1776235404000
1776235405.885,205.885,0.87,20.13,0.86,43.12,0.88,34.0,0.89,52.0,0.12,34.0,0.11,52.0,0.13,20.13,0.14,43.12,0.01,0.01,2318.279527,1776235405000
1776235406.884,206.884,0.87,20.13,0.86,43.12,0.88,34.0,0.89,52.0,0.12,34.0,0.11,52.0,0.13,20.13,0.14,43.12,0.01,0.01,2318.251918,1776235406000
1776235408.498,208.498,0.87,20.13,0.86,43.12,0.88,34.0,0.89,52.0,0.12,34.0,0.11,52.0,0.13,20.13,0.14,43.12,0.01,0.01,2318.271215,1776235407000
1776235409.026,209.026,0.87,20.13,0.86,43.12,0.88,34.0,0.89,52.0,0.12,34.0,0.11,52.0,0.13,20.13,0.14,43.12,0.01,0.01,2318.278952,1776235408000
1776235409.444,209.444,0.87,58.13,0.86,43.12,0.88,3.86,0.89,51.0,0.12,34.0,0.11,52.0,0.13,20.13,0.14,43.12,0.01,0.01,2318.278952,1776235408000
1776235410.26,210.26,0.87,58.13,0.86,43.12,0.88,3.86,0.89,51.0,0.12,3.86,0.11,51.0,0.13,58.13,0.14,43.12,0.01,0.01,2318.324977,1776235409000
1776235410.92,210.92,0.88,18.79,0.87,46.0,0.89,31.0,0.9,49.0,0.12,3.86,0.11,51.0,0.13,58.13,0.14,43.12,0.01,0.01,2318.324977,1776235409000
1776235411.535,211.535,0.89,41.0,0.88,99.78,0.9,5.44,0.91,231.48,0.11,29.0,0.1,49.0,0.12,18.79,0.13,46.0,0.01,0.01,2318.324977,1776235409000
1776235412.099,212.099,0.89,41.0,0.88,99.78,0.9,19.21,0.91,226.48,0.1,5.44,0.09,231.48,0.11,41.0,0.12,99.78,0.01,0.01,2318.258099,1776235410000
1776235412.433,212.433,0.89,41.0,0.88,99.78,0.9,19.21,0.91,226.48,0.1,19.21,0.09,226.48,0.11,41.0,0.12,99.78,0.01,0.01,2318.268872,1776235411000
1776235413.19,213.19,0.89,41.0,0.88,99.78,0.9,19.21,0.91,226.48,0.1,19.21,0.09,226.48,0.11,41.0,0.12,99.78,0.01,0.01,2318.289076,1776235412000
1776235414.415,214.415,0.89,103.33,0.88,105.41,0.9,0.11,0.91,192.48,0.1,19.21,0.09,226.48,0.11,41.0,0.12,99.78,0.01,0.01,2318.289076,1776235412000
1776235415.101,215.101,0.89,103.33,0.88,105.41,0.9,0.11,0.91,192.48,0.1,0.11,0.09,192.48,0.11,103.33,0.12,105.41,0.01,0.01,2318.291354,1776235414000
1776235415.407,215.407,0.89,119.09,0.88,99.78,0.91,187.48,0.92,63.9,0.1,0.11,0.09,192.48,0.11,103.33,0.12,105.41,0.02,0.01,2318.291354,1776235414000
1776235415.786,215.786,0.9,5.0,0.89,125.08,0.91,187.48,0.92,68.9,0.09,187.48,0.08,63.9,0.11,119.09,0.12,99.78,0.01,0.02,2318.291354,1776235414000
1776235416.373,216.373,0.9,5.0,0.89,125.08,0.91,187.48,0.92,68.9,0.09,187.48,0.08,68.9,0.1,5.0,0.11,125.08,0.01,0.01,2318.292608,1776235415000
1776235416.726,216.726,0.9,25.63,0.89,114.45,0.91,134.51,0.92,68.9,0.09,165.51,0.08,68.9,0.1,20.63,0.11,114.45,0.01,0.01,2318.292608,1776235415000
1776235416.998,216.998,0.9,25.63,0.89,114.45,0.91,134.51,0.92,68.9,0.09,134.51,0.08,68.9,0.1,25.63,0.11,114.45,0.01,0.01,2318.292681,1776235416000
1776235418.173,218.173,0.9,25.63,0.89,114.45,0.91,134.51,0.92,68.9,0.09,134.51,0.08,68.9,0.1,25.63,0.11,114.45,0.01,0.01,2318.306111,1776235417000
1776235418.712,218.712,0.9,25.63,0.89,125.45,0.91,52.51,0.92,20.0,0.09,134.51,0.08,68.9,0.1,25.63,0.11,114.45,0.01,0.01,2318.306111,1776235417000
1776235418.994,218.994,0.9,69.2,0.89,125.45,0.91,52.51,0.92,20.0,0.09,52.51,0.08,20.0,0.1,25.63,0.11,125.45,0.01,0.01,2318.306111,1776235417000
1776235419.305,219.305,0.9,69.2,0.89,125.45,0.91,52.51,0.92,20.0,0.09,52.51,0.08,20.0,0.1,69.2,0.11,125.45,0.01,0.01,2318.332616,1776235418000
1776235420.477,220.477,0.9,69.2,0.89,125.45,0.91,52.51,0.92,20.0,0.09,52.51,0.08,20.0,0.1,69.2,0.11,125.45,0.01,0.01,2318.329992,1776235419000
1776235421.043,221.043,0.9,69.2,0.89,125.45,0.91,52.51,0.92,20.0,0.09,52.51,0.08,20.0,0.1,69.2,0.11,125.45,0.01,0.01,2318.329992,1776235420000
1776235421.262,221.262,0.9,101.32,0.89,125.45,0.92,15.0,0.93,81.31,0.09,52.51,0.08,20.0,0.1,69.2,0.11,125.45,0.02,0.01,2318.329992,1776235420000
1776235422.265,222.265,0.9,101.32,0.89,125.45,0.92,15.0,0.93,81.31,0.08,15.0,0.07,81.31,0.1,101.32,0.11,125.45,0.02,0.02,2318.352343,1776235421000
1776235423.326,223.326,0.9,101.32,0.89,125.45,0.92,15.0,0.93,81.31,0.08,15.0,0.07,81.31,0.1,101.32,0.11,125.45,0.02,0.02,2318.363389,1776235422000
1776235424.442,224.442,0.91,163.13,0.9,148.18,0.94,48.71,0.95,421.35,0.08,15.0,0.07,81.31,0.1,101.32,0.11,125.45,0.03,0.02,2318.363389,1776235422000
1776235425.202,225.202,0.91,163.13,0.9,148.18,0.94,48.71,0.95,421.35,0.06,48.71,0.05,421.35,0.09,163.13,0.1,148.18,0.03,0.03,2318.380277,1776235424000
1776235426.417,226.417,0.91,163.13,0.9,148.18,0.94,48.71,0.95,421.35,0.06,48.71,0.05,421.35,0.09,163.13,0.1,148.18,0.03,0.03,2318.4601,1776235425000
1776235427.979,227.979,0.91,163.13,0.9,148.18,0.94,48.71,0.95,421.35,0.06,48.71,0.05,421.35,0.09,163.13,0.1,148.18,0.03,0.03,2318.48515,1776235426000
1776235428.483,228.483,0.93,266.93,0.92,254.9,0.94,43.21,0.95,421.35,0.06,48.71,0.05,421.35,0.09,163.13,0.1,148.18,0.01,0.03,2318.48515,1776235426000
1776235429.161,229.161,0.93,266.93,0.92,254.9,0.94,43.21,0.95,421.35,0.06,43.21,0.05,421.35,0.07,266.93,0.08,254.9,0.01,0.01,2318.48995,1776235428000
1776235430.556,230.556,0.93,285.93,0.92,240.9,0.94,38.21,0.95,421.35,0.06,43.21,0.05,421.35,0.07,266.93,0.08,254.9,0.01,0.01,2318.48995,1776235428000
1776235430.859,230.859,0.93,285.93,0.92,240.9,0.94,38.21,0.95,421.35,0.06,38.21,0.05,421.35,0.07,285.93,0.08,240.9,0.01,0.01,2318.50682,1776235429000
1776235431.506,231.506,0.93,285.93,0.92,240.9,0.94,38.21,0.95,421.35,0.06,38.21,0.05,421.35,0.07,285.93,0.08,240.9,0.01,0.01,2318.529777,1776235430000
1776235432.372,232.372,0.93,285.93,0.92,240.9,0.94,38.21,0.95,421.35,0.06,38.21,0.05,421.35,0.07,285.93,0.08,240.9,0.01,0.01,2318.532685,1776235431000
1776235433.637,233.637,0.93,308.93,0.92,206.9,0.94,0.21,0.95,421.35,0.06,38.21,0.05,421.35,0.07,285.93,0.08,240.9,0.01,0.01,2318.532685,1776235431000
1776235433.881,233.881,0.93,308.93,0.92,206.9,0.94,0.21,0.95,421.35,0.06,0.21,0.05,421.35,0.07,308.93,0.08,206.9,0.01,0.01,2318.542162,1776235432000
1776235434.407,234.407,0.94,96.8,0.93,279.93,0.95,432.49,0.96,140.69,0.05,416.29,0.04,140.69,0.07,294.93,0.08,206.9,0.01,0.02,2318.542162,1776235432000
1776235434.782,234.782,0.94,88.25,0.93,279.93,0.95,432.49,0.96,134.68,0.05,432.49,0.04,134.68,0.06,88.25,0.07,279.93,0.01,0.01,2318.547197,1776235433000
1776235434.983,234.983,0.94,88.25,0.93,274.93,0.95,427.49,0.96,140.69,0.05,432.49,0.04,134.68,0.06,88.25,0.07,279.93,0.01,0.01,2318.547197,1776235433000
1776235435.447,235.447,0.94,88.25,0.93,274.93,0.95,422.49,0.96,140.69,0.05,422.49,0.04,140.69,0.06,88.25,0.07,274.93,0.01,0.01,2318.527533,1776235434000
1776235435.713,235.713,0.94,85.89,0.93,269.93,0.95,422.49,0.96,140.69,0.05,422.49,0.04,140.69,0.06,88.25,0.07,274.93,0.01,0.01,2318.527533,1776235434000
1776235435.941,235.941,0.94,79.22,0.93,269.93,0.95,422.49,0.96,140.69,0.05,422.49,0.04,140.69,0.06,85.89,0.07,269.93,0.01,0.01,2318.527533,1776235434000
1776235436.231,236.231,0.94,79.22,0.93,269.93,0.95,422.49,0.96,140.69,0.05,422.49,0.04,140.69,0.06,79.22,0.07,269.93,0.01,0.01,2318.527281,1776235435000
1776235436.665,236.665,0.94,84.22,0.93,280.93,0.95,418.27,0.96,140.69,0.05,422.49,0.04,140.69,0.06,79.22,0.07,269.93,0.01,0.01,2318.527281,1776235435000
1776235437.047,237.047,0.94,84.22,0.93,280.93,0.95,418.27,0.96,140.69,0.05,418.27,0.04,140.69,0.06,84.22,0.07,280.93,0.01,0.01,2318.54397,1776235436000
1776235438.276,238.276,0.94,106.34,0.93,280.93,0.95,417.21,0.96,140.69,0.05,418.27,0.04,140.69,0.06,84.22,0.07,280.93,0.01,0.01,2318.54397,1776235436000
1776235438.521,238.521,0.94,106.34,0.93,280.93,0.95,417.21,0.96,140.69,0.05,417.21,0.04,140.69,0.06,106.34,0.07,280.93,0.01,0.01,2318.563376,1776235437000
1776235438.898,238.898,0.94,201.35,0.93,255.93,0.95,361.35,0.96,140.69,0.05,391.35,0.04,140.69,0.06,146.34,0.07,250.93,0.01,0.01,2318.563376,1776235437000
1776235439.231,239.231,0.94,201.35,0.93,255.93,0.95,271.15,0.96,140.69,0.05,271.15,0.04,140.69,0.06,201.35,0.07,255.93,0.01,0.01,2318.572481,1776235438000
1776235440.52,240.52,0.94,209.35,0.93,255.93,0.95,287.13,0.96,134.68,0.05,271.15,0.04,140.69,0.06,201.35,0.07,255.93,0.01,0.01,2318.572481,1776235438000
1776235440.882,240.882,0.94,221.35,0.93,265.93,0.95,255.93,0.96,134.68,0.05,287.13,0.04,134.68,0.06,209.35,0.07,255.93,0.01,0.01,2318.572481,1776235438000
1776235441.305,241.305,0.94,216.35,0.93,255.93,0.95,266.13,0.96,134.68,0.05,250.93,0.04,134.68,0.06,216.35,0.07,265.93,0.01,0.01,2318.646215,1776235439000
1776235441.509,241.509,0.94,216.35,0.93,255.93,0.95,266.13,0.96,134.68,0.05,266.13,0.04,134.68,0.06,216.35,0.07,255.93,0.01,0.01,2318.66586,1776235440000
1776235441.88,241.88,0.94,244.35,0.93,244.8,0.95,182.31,0.96,134.68,0.05,266.13,0.04,134.68,0.06,216.35,0.07,255.93,0.01,0.01,2318.66586,1776235440000
1776235442.323,242.323,0.94,249.35,0.93,244.8,0.95,201.45,0.96,134.68,0.05,182.31,0.04,134.68,0.06,244.35,0.07,244.8,0.01,0.01,2318.66586,1776235440000
1776235442.618,242.618,0.94,244.35,0.93,244.8,0.95,181.45,0.96,134.68,0.05,201.45,0.04,134.68,0.06,249.35,0.07,244.8,0.01,0.01,2318.672177,1776235441000
1776235442.881,242.881,0.94,244.35,0.93,244.8,0.95,161.23,0.96,134.68,0.05,181.45,0.04,134.68,0.06,244.35,0.07,244.8,0.01,0.01,2318.672177,1776235441000
1776235443.171,243.171,0.94,244.35,0.93,244.8,0.95,150.1,0.96,134.68,0.05,153.23,0.04,134.68,0.06,249.35,0.07,244.8,0.01,0.01,2318.672177,1776235441000
1776235443.373,243.373,0.94,244.35,0.93,244.8,0.95,150.1,0.96,134.68,0.05,150.1,0.04,134.68,0.06,244.35,0.07,244.8,0.01,0.01,2318.714735,1776235442000
1776235443.944,243.944,0.94,264.35,0.93,244.8,0.95,132.54,0.96,134.68,0.05,135.1,0.04,134.68,0.06,293.35,0.07,244.8,0.01,0.01,2318.714735,1776235442000
1776235444.149,244.149,0.94,269.35,0.93,244.8,0.95,110.21,0.96,134.68,0.05,110.21,0.04,134.68,0.06,269.35,0.07,244.8,0.01,0.01,2318.797915,1776235443000
1776235444.593,244.593,0.94,249.35,0.93,244.8,0.95,104.81,0.96,134.68,0.05,110.21,0.04,134.68,0.06,269.35,0.07,244.8,0.01,0.01,2318.797915,1776235443000
1776235445.316,245.316,0.94,229.29,0.93,239.8,0.95,103.75,0.96,134.68,0.05,104.81,0.04,134.68,0.06,249.35,0.07,244.8,0.01,0.01,2318.797915,1776235443000
1776235445.611,245.611,0.94,185.29,0.93,203.8,0.95,113.75,0.96,134.68,0.05,103.75,0.04,134.68,0.06,229.29,0.07,239.8,0.01,0.01,2318.797915,1776235443000
1776235446.042,246.042,0.93,218.8,0.92,205.9,0.95,61.67,0.96,134.68,0.05,113.75,0.04,134.68,0.07,203.8,0.08,172.9,0.02,0.02,2318.797915,1776235443000
1776235446.296,246.296,0.94,5.0,0.93,218.8,0.95,51.14,0.96,134.68,0.05,61.67,0.04,134.68,0.07,218.8,0.08,205.9,0.01,0.02,2318.849874,1776235444000
1776235446.61,246.61,0.94,5.0,0.93,218.8,0.95,51.14,0.96,134.68,0.05,51.14,0.04,134.68,0.06,5.0,0.07,218.8,0.01,0.01,2318.787915,1776235445000
1776235447.123,247.123,0.94,7.0,0.93,218.8,0.95,40.61,0.96,134.68,0.05,40.61,0.04,134.68,0.06,7.0,0.07,218.8,0.01,0.01,2318.681536,1776235446000
1776235448.151,248.151,0.94,7.0,0.93,218.8,0.95,40.61,0.96,134.68,0.05,40.61,0.04,134.68,0.06,7.0,0.07,218.8,0.01,0.01,2318.578669,1776235447000
1776235448.978,248.978,0.94,278.58,0.93,208.8,0.96,134.04,0.97,96.0,0.05,40.61,0.04,134.68,0.06,7.0,0.07,218.8,0.02,0.01,2318.578669,1776235447000
1776235449.215,249.215,0.94,278.58,0.93,208.8,0.96,134.04,0.97,96.0,0.04,134.04,0.03,96.0,0.06,278.58,0.07,208.8,0.02,0.02,2318.578742,1776235448000
1776235450.245,250.245,0.95,280.94,0.94,181.93,0.96,158.24,0.97,96.0,0.04,134.04,0.03,96.0,0.06,278.58,0.07,208.8,0.01,0.02,2318.578742,1776235448000
1776235451.447,251.447,0.95,280.94,0.94,181.93,0.96,158.24,0.97,96.0,0.04,158.24,0.03,96.0,0.05,280.94,0.06,181.93,0.01,0.01,2318.603694,1776235450000
1776235451.877,251.877,0.95,280.94,0.94,181.93,0.96,158.24,0.97,96.0,0.04,158.24,0.03,96.0,0.05,280.94,0.06,181.93,0.01,0.01,2318.5888,1776235451000
1776235453.006,253.006,0.95,280.94,0.94,181.93,0.96,158.24,0.97,96.0,0.04,158.24,0.03,96.0,0.05,280.94,0.06,181.93,0.01,0.01,2318.591381,1776235452000
1776235453.93,253.93,0.95,280.94,0.94,181.93,0.96,158.24,0.97,96.0,0.04,158.24,0.03,96.0,0.05,280.94,0.06,181.93,0.01,0.01,2318.600418,1776235453000
1776235454.984,254.984,0.95,280.94,0.94,181.93,0.96,158.24,0.97,96.0,0.04,158.24,0.03,96.0,0.05,280.94,0.06,181.93,0.01,0.01,2318.627212,1776235454000
1776235455.554,255.554,0.95,192.9,0.94,228.68,0.96,155.17,0.97,96.0,0.04,158.24,0.03,96.0,0.05,280.94,0.06,181.93,0.01,0.01,2318.627212,1776235454000
1776235456.002,256.002,0.95,192.9,0.94,228.68,0.96,155.17,0.97,96.0,0.04,155.17,0.03,96.0,0.05,192.9,0.06,228.68,0.01,0.01,2318.591039,1776235455000
1776235456.365,256.365,0.95,202.9,0.94,228.68,0.96,144.75,0.97,96.0,0.04,155.17,0.03,96.0,0.05,192.9,0.06,228.68,0.01,0.01,2318.591039,1776235455000
1776235456.578,256.578,0.95,202.9,0.94,228.68,0.96,142.22,0.97,96.0,0.04,144.75,0.03,96.0,0.05,202.9,0.06,228.68,0.01,0.01,2318.591039,1776235455000
1776235456.942,256.942,0.95,202.9,0.94,228.68,0.96,142.22,0.97,96.0,0.04,142.22,0.03,96.0,0.05,202.9,0.06,228.68,0.01,0.01,2318.615079,1776235456000
1776235458.014,258.014,0.95,202.9,0.94,228.68,0.96,142.22,0.97,96.0,0.04,142.22,0.03,96.0,0.05,202.9,0.06,228.68,0.01,0.01,2318.610046,1776235457000
1776235459.806,259.806,0.95,202.9,0.94,228.68,0.96,142.22,0.97,96.0,0.04,142.22,0.03,96.0,0.05,202.9,0.06,228.68,0.01,0.01,2318.621886,1776235458000
1776235460.361,260.361,0.95,181.81,0.94,228.68,0.96,23.17,0.97,96.0,0.04,23.17,0.03,96.0,0.05,181.81,0.06,228.68,0.01,0.01,2318.62585,1776235459000
1776235461.017,261.017,0.95,181.81,0.94,228.68,0.96,23.17,0.97,96.0,0.04,23.17,0.03,96.0,0.05,181.81,0.06,228.68,0.01,0.01,2318.584465,1776235460000
1776235462.097,262.097,0.95,191.36,0.94,236.44,0.96,23.17,0.97,96.0,0.04,23.17,0.03,96.0,0.05,181.81,0.06,228.68,0.01,0.01,2318.584465,1776235460000
1776235462.897,262.897,0.95,191.36,0.94,236.44,0.96,23.17,0.97,96.0,0.04,23.17,0.03,96.0,0.05,191.36,0.06,236.44,0.01,0.01,2318.584998,1776235462000
1776235464.069,264.069,0.95,191.36,0.94,236.44,0.96,23.17,0.97,96.0,0.04,23.17,0.03,96.0,0.05,191.36,0.06,236.44,0.01,0.01,2318.587933,1776235463000
1776235465.144,265.144,0.95,191.36,0.94,236.44,0.96,23.17,0.97,96.0,0.04,23.17,0.03,96.0,0.05,191.36,0.06,236.44,0.01,0.01,2318.585807,1776235464000
1776235466.418,266.418,0.95,191.36,0.94,236.44,0.96,23.17,0.97,96.0,0.04,23.17,0.03,96.0,0.05,191.36,0.06,236.44,0.01,0.01,2318.585461,1776235465000
1776235466.924,266.924,0.95,191.36,0.94,236.44,0.96,23.17,0.97,96.0,0.04,23.17,0.03,96.0,0.05,191.36,0.06,236.44,0.01,0.01,2318.585461,1776235466000
1776235467.982,267.982,0.95,191.36,0.94,236.44,0.96,23.17,0.97,96.0,0.04,23.17,0.03,96.0,0.05,191.36,0.06,236.44,0.01,0.01,2318.582982,1776235467000
1776235468.477,268.477,0.95,222.9,0.94,229.31,0.96,0.17,0.97,96.0,0.04,23.17,0.03,96.0,0.05,191.36,0.06,236.44,0.01,0.01,2318.582982,1776235467000
1776235469.067,269.067,0.95,222.9,0.94,229.31,0.96,0.17,0.97,96.0,0.04,0.17,0.03,96.0,0.05,222.9,0.06,229.31,0.01,0.01,2318.582932,1776235468000
1776235470.167,270.167,0.95,222.9,0.94,229.31,0.96,0.17,0.97,96.0,0.04,0.17,0.03,96.0,0.05,222.9,0.06,229.31,0.01,0.01,2318.583442,1776235469000
1776235471.213,271.213,0.95,222.9,0.94,229.31,0.96,0.17,0.97,96.0,0.04,0.17,0.03,96.0,0.05,222.9,0.06,229.31,0.01,0.01,2318.632197,1776235470000
1776235471.562,271.562,0.96,137.97,0.95,156.8,0.97,120.54,0.98,251.0,0.03,120.54,0.02,251.0,0.04,146.83,0.05,156.8,0.01,0.01,2318.632197,1776235470000
1776235472.404,272.404,0.96,127.5,0.95,156.8,0.97,120.54,0.98,251.0,0.03,120.54,0.02,251.0,0.04,127.5,0.05,156.8,0.01,0.01,2318.59516,1776235471000
1776235472.97,272.97,0.96,127.5,0.95,156.8,0.97,120.54,0.98,251.0,0.03,120.54,0.02,251.0,0.04,127.5,0.05,156.8,0.01,0.01,2318.59516,1776235472000
1776235473.338,273.338,0.96,330.4,0.95,146.8,0.97,62.54,0.98,251.0,0.03,120.54,0.02,251.0,0.04,127.5,0.05,156.8,0.01,0.01,2318.59516,1776235472000
1776235473.92,273.92,0.96,330.4,0.95,146.8,0.97,8.25,0.98,251.0,0.03,23.72,0.02,251.0,0.04,325.4,0.05,146.8,0.01,0.01,2318.59516,1776235472000
1776235474.69,274.69,0.96,340.4,0.95,146.8,0.97,0.25,0.98,251.0,0.03,8.25,0.02,251.0,0.04,330.4,0.05,146.8,0.01,0.01,2318.59516,1776235472000
1776235474.912,274.912,0.96,340.4,0.95,146.8,0.98,236.09,0.99,1361.87,0.03,0.25,0.02,251.0,0.04,340.4,0.05,146.8,0.02,0.01,2318.59334,1776235473000
1776235475.283,275.283,0.96,340.4,0.95,146.8,0.98,236.09,0.99,1361.87,0.02,236.09,0.01,1361.87,0.04,340.4,0.05,146.8,0.02,0.02,2318.583304,1776235474000
1776235476.197,276.197,0.96,340.4,0.95,146.8,0.98,236.09,0.99,1361.87,0.02,236.09,0.01,1361.87,0.04,340.4,0.05,146.8,0.02,0.02,2318.583037,1776235475000
1776235476.865,276.865,0.97,307.44,0.96,67.87,0.98,276.38,0.99,1461.87,0.02,276.38,0.01,1461.87,0.03,302.96,0.04,67.87,0.01,0.01,2318.583037,1776235475000
1776235477.177,277.177,0.97,307.44,0.96,67.87,0.98,262.73,0.99,1461.87,0.02,262.73,0.01,1461.87,0.03,307.44,0.04,67.87,0.01,0.01,2318.583491,1776235476000
1776235477.529,277.529,0.97,312.44,0.96,67.87,0.98,251.7,0.99,1361.87,0.02,252.73,0.01,1361.87,0.03,312.44,0.04,67.87,0.01,0.01,2318.583491,1776235476000
1776235477.781,277.781,0.97,312.44,0.96,67.87,0.98,250.16,0.99,1261.87,0.02,251.7,0.01,1361.87,0.03,312.44,0.04,67.87,0.01,0.01,2318.583491,1776235476000
1776235478.265,278.265,0.97,317.44,0.96,67.87,0.98,247.9,0.99,1261.87,0.02,247.9,0.01,1261.87,0.03,317.44,0.04,67.87,0.01,0.01,2318.586106,1776235477000
1776235478.98,278.98,0.97,313.34,0.96,77.87,0.98,252.9,0.99,1256.87,0.02,247.9,0.01,1261.87,0.03,317.44,0.04,67.87,0.01,0.01,2318.586106,1776235477000
1776235479.255,279.255,0.97,318.34,0.96,67.87,0.98,247.9,0.99,1256.87,0.02,247.9,0.01,1256.87,0.03,318.34,0.04,67.87,0.01,0.01,2318.585959,1776235478000
1776235479.636,279.636,0.97,318.34,0.96,67.87,0.98,137.73,0.99,1256.87,0.02,247.9,0.01,1256.87,0.03,318.34,0.04,67.87,0.01,0.01,2318.585959,1776235478000
1776235480.017,280.017,0.97,290.0,0.96,67.87,0.98,136.7,0.99,1256.87,0.02,136.7,0.01,1256.87,0.03,318.34,0.04,67.87,0.01,0.01,2318.585959,1776235478000
1776235480.239,280.239,0.97,290.0,0.96,67.87,0.98,133.86,0.99,1256.87,0.02,133.86,0.01,1256.87,0.03,290.0,0.04,67.87,0.01,0.01,2318.598057,1776235479000
1776235480.533,280.533,0.97,337.24,0.96,48.0,0.98,27.1,0.99,1256.87,0.02,28.23,0.01,1256.87,0.03,342.24,0.04,48.0,0.01,0.01,2318.598057,1776235479000
1776235480.832,280.832,0.97,348.9,0.96,48.0,0.98,3.15,0.99,1256.87,0.02,8.15,0.01,1256.87,0.03,348.9,0.04,48.0,0.01,0.01,2318.598057,1776235479000
1776235481.047,281.047,0.97,348.9,0.96,48.0,0.99,1256.87,,,0.02,3.15,0.01,1256.87,0.03,348.9,0.04,48.0,0.02,0.01,2318.598057,1776235479000
1776235481.439,281.439,0.97,343.9,0.96,48.0,0.99,1316.62,,,0.01,1234.01,,,0.03,343.9,0.04,48.0,0.02,0.02,2318.629432,1776235480000
1776235481.778,281.778,0.97,309.18,0.96,48.0,0.99,1312.09,,,0.01,1313.21,,,0.03,343.9,0.04,48.0,0.02,0.02,2318.629432,1776235480000
1776235482.206,282.206,0.98,340.31,0.97,44.47,0.99,1311.07,,,0.01,1311.07,,,0.02,340.31,0.03,44.47,0.01,0.01,2318.693808,1776235481000
1776235482.454,282.454,0.98,340.31,0.97,88.96,0.99,205.07,,,0.01,1205.07,,,0.02,340.31,0.03,88.96,0.01,0.01,2318.693808,1776235481000
1776235482.678,282.678,0.98,351.97,0.97,82.3,0.99,301.26,,,0.01,205.07,,,0.02,340.31,0.03,88.96,0.01,0.01,2318.693808,1776235481000
1776235483.089,283.089,0.98,378.96,0.97,66.31,0.99,295.26,,,0.01,295.26,,,0.02,351.97,0.03,82.3,0.01,0.01,2318.693808,1776235481000
1776235483.359,283.359,0.98,378.96,0.97,76.31,0.99,38.26,,,0.01,145.26,,,0.02,378.96,0.03,66.31,0.01,0.01,2318.8399,1776235482000
1776235483.594,283.594,0.99,1989.76,0.98,373.96,,,,,0.01,10.24,,,0.02,373.96,0.03,66.31,,0.01,2318.8399,1776235482000
1776235484.155,284.155,0.99,1989.76,0.98,373.96,,,,,,,,,0.01,1989.76,0.02,373.96,,,2318.89286,1776235483000
1776235484.774,284.774,0.99,2068.0,0.98,207.5,,,,,,,,,0.01,1989.76,0.02,373.96,,,2318.89286,1776235483000
1776235485.197,285.197,0.99,2068.0,0.98,207.5,,,,,,,,,0.01,2068.0,0.02,207.5,,,2319.030835,1776235484000
1776235486.096,286.096,0.99,2053.01,0.98,207.5,,,,,,,,,0.01,2053.01,0.02,207.5,,,2319.074214,1776235485000
1776235487.649,287.649,0.99,2053.01,0.98,207.5,,,,,,,,,0.01,2053.01,0.02,207.5,,,2319.118037,1776235486000
1776235488.278,288.278,0.99,2053.01,0.98,207.5,,,,,,,,,0.01,2053.01,0.02,207.5,,,2319.119395,1776235487000
1776235489.427,289.427,0.99,2053.01,0.98,207.5,,,,,,,,,0.01,2053.01,0.02,207.5,,,2319.143379,1776235488000
1776235489.99,289.99,0.99,2053.01,0.98,207.5,,,,,,,,,0.01,2053.01,0.02,207.5,,,2319.143377,1776235489000
1776235491.025,291.025,0.99,2053.01,0.98,207.5,,,,,,,,,0.01,2053.01,0.02,207.5,,,2319.143398,1776235490000
1776235492.235,292.235,0.99,2053.01,0.98,207.5,,,,,,,,,0.01,2053.01,0.02,207.5,,,2319.149526,1776235491000
1776235493.241,293.241,0.99,2053.01,0.98,207.5,,,,,,,,,0.01,2053.01,0.02,207.5,,,2319.148755,1776235492000
1776235494.578,294.578,0.99,2053.01,0.98,207.5,,,,,,,,,0.01,2053.01,0.02,207.5,,,2319.149168,1776235493000
1776235495.136,295.136,0.99,2053.01,0.98,207.5,,,,,,,,,0.01,2053.01,0.02,207.5,,,2319.14943,1776235494000
1776235496.2,296.2,0.99,2053.01,0.98,207.5,,,,,,,,,0.01,2053.01,0.02,207.5,,,2319.149542,1776235495000
1776235497.359,297.359,0.99,2053.01,0.98,207.5,,,,,,,,,0.01,2053.01,0.02,207.5,,,2319.182718,1776235496000
1776235498.399,298.399,0.99,2053.01,0.98,207.5,,,,,,,,,0.01,2053.01,0.02,207.5,,,2319.186203,1776235497000
1776235498.952,298.952,0.99,2053.01,0.98,207.5,,,,,,,,,0.01,2053.01,0.02,207.5,,,2319.185828,1776235498000
1776235500.037,300.037,0.99,2053.01,0.98,207.5,,,,,,,,,0.01,2053.01,0.02,207.5,,,2319.189659,1776235499000

# RESULT,winner=Up,slug=eth-updown-5m-1776235200,ticks=442
