timestamp,elapsed_sec,up_bid_p1,up_bid_s1,up_bid_p2,up_bid_s2,up_ask_p1,up_ask_s1,up_ask_p2,up_ask_s2,down_bid_p1,down_bid_s1,down_bid_p2,down_bid_s2,down_ask_p1,down_ask_s1,down_ask_p2,down_ask_s2,up_spread,down_spread,eth_price,eth_oracle_ts
1776183601.63,1.63,0.49,0.19,0.48,5.0,0.53,85.0,0.54,70.0,0.47,85.0,0.46,70.0,0.51,0.19,0.52,5.0,0.04,0.04,2356.24207,1776183599000
1776183601.923,1.923,0.49,0.19,0.48,5.0,0.53,85.0,0.54,70.0,0.47,85.0,0.46,70.0,0.51,0.19,0.52,5.0,0.04,0.04,2356.361955,1776183600000
1776183602.261,2.261,0.49,43.19,0.48,35.0,0.53,54.0,0.54,99.0,0.48,5.0,0.47,61.0,0.51,43.19,0.52,35.0,0.04,0.03,2356.361955,1776183600000
1776183602.467,2.467,0.49,37.19,0.48,35.0,0.53,59.0,0.54,99.0,0.47,54.0,0.46,99.0,0.51,43.19,0.52,35.0,0.04,0.04,2356.40731,1776183601000
1776183602.974,2.974,0.49,37.19,0.48,35.0,0.53,59.0,0.54,99.0,0.47,59.0,0.46,99.0,0.51,37.19,0.52,35.0,0.04,0.04,2356.414425,1776183602000
1776183603.568,3.568,0.51,12.83,0.5,20.5,0.52,15.0,0.53,74.0,0.47,59.0,0.46,99.0,0.51,37.19,0.52,35.0,0.01,0.04,2356.414425,1776183602000
1776183603.98,3.98,0.51,17.83,0.5,20.5,0.52,18.07,0.53,74.0,0.48,18.07,0.47,74.0,0.49,12.83,0.5,20.5,0.01,0.01,2356.414425,1776183602000
1776183604.217,4.217,0.51,15.78,0.5,30.5,0.52,27.32,0.53,94.0,0.48,38.07,0.47,79.0,0.49,15.78,0.5,20.5,0.01,0.01,2356.336914,1776183603000
1776183605.153,5.153,0.51,3.45,0.5,30.5,0.52,27.32,0.53,94.0,0.48,27.32,0.47,94.0,0.49,3.45,0.5,30.5,0.01,0.01,2356.319046,1776183604000
1776183605.968,5.968,0.5,20.5,0.49,45.0,0.53,45.0,0.54,124.0,0.48,27.32,0.47,94.0,0.49,3.45,0.5,30.5,0.03,0.01,2356.319046,1776183604000
1776183606.403,6.403,0.5,20.5,0.49,45.0,0.53,45.0,0.54,124.0,0.47,45.0,0.46,124.0,0.5,20.5,0.51,45.0,0.03,0.03,2356.288452,1776183605000
1776183606.978,6.978,0.5,20.5,0.49,45.0,0.53,45.0,0.54,124.0,0.47,45.0,0.46,124.0,0.5,20.5,0.51,45.0,0.03,0.03,2356.289072,1776183606000
1776183607.576,7.576,0.5,5.5,0.48,24.0,0.51,29.0,0.52,31.0,0.47,45.0,0.46,124.0,0.5,20.5,0.51,45.0,0.01,0.03,2356.289072,1776183606000
1776183607.885,7.885,0.48,14.5,0.47,40.0,0.51,39.0,0.52,31.0,0.49,39.0,0.48,31.0,0.52,14.5,0.53,40.0,0.03,0.03,2356.300657,1776183607000
1776183608.531,8.531,0.46,33.0,0.45,50.0,0.47,5.0,0.48,5.0,0.51,15.0,0.5,15.0,0.52,11.22,0.53,50.0,0.01,0.01,2356.300657,1776183607000
1776183609.006,9.006,0.45,30.0,0.44,41.0,0.47,10.0,0.48,15.0,0.53,5.0,0.52,5.0,0.54,3.0,0.55,50.0,0.02,0.01,2356.300657,1776183607000
1776183609.532,9.532,0.45,16.0,0.44,51.0,0.46,40.0,0.47,25.6,0.53,10.0,0.52,15.0,0.55,30.0,0.56,41.0,0.01,0.02,2356.352576,1776183608000
1776183609.938,9.938,0.45,3.6,0.44,31.0,0.46,29.78,0.47,25.6,0.54,29.78,0.53,25.6,0.55,8.6,0.56,41.0,0.01,0.01,2356.352576,1776183608000
1776183610.143,10.143,0.45,3.6,0.44,31.0,0.46,29.78,0.47,25.6,0.54,29.78,0.53,25.6,0.55,3.6,0.56,31.0,0.01,0.01,2356.215234,1776183609000
1776183610.401,10.401,0.44,501.0,0.43,107.0,0.45,20.0,0.46,24.78,0.55,20.0,0.54,24.78,0.56,51.07,0.57,601.0,0.01,0.01,2356.215234,1776183609000
1776183610.942,10.942,0.43,523.0,0.42,73.0,0.44,2.72,0.45,15.0,0.55,5.0,0.54,24.78,0.56,480.0,0.57,107.0,0.01,0.01,2356.215234,1776183609000
1776183611.213,11.213,0.43,528.0,0.42,78.0,0.45,11.34,0.46,19.78,0.56,2.72,0.55,15.0,0.57,523.0,0.58,73.0,0.02,0.01,2356.215234,1776183609000
1776183611.603,11.603,0.45,5.0,0.43,682.0,0.47,5.6,0.49,5.0,0.55,11.34,0.54,19.78,0.57,528.0,0.58,78.0,0.02,0.02,2355.900249,1776183610000
1776183612.143,12.143,0.46,619.66,0.45,115.0,0.47,2.6,0.51,15.0,0.53,5.6,0.51,5.0,0.55,5.0,0.57,682.0,0.01,0.02,2355.900249,1776183610000
1776183612.416,12.416,0.46,619.66,0.45,115.0,0.51,15.0,0.52,35.8,0.49,15.0,0.48,35.8,0.54,619.66,0.55,115.0,0.05,0.05,2355.848925,1776183611000
1776183612.871,12.871,0.46,619.66,0.45,115.0,0.51,15.0,0.52,35.8,0.49,15.0,0.48,35.8,0.54,619.66,0.55,115.0,0.05,0.05,2355.803582,1776183612000
1776183613.187,13.187,0.5,75.46,0.49,40.0,0.51,5.0,0.52,25.0,0.49,5.0,0.48,30.0,0.5,42.46,0.51,15.0,0.01,0.01,2355.803582,1776183612000
1776183613.436,13.436,0.5,538.46,0.49,50.0,0.53,10.0,0.55,10.0,0.49,2.0,0.48,25.0,0.5,535.46,0.51,50.0,0.03,0.01,2355.803582,1776183612000
1776183613.909,13.909,0.5,538.46,0.49,50.0,0.53,10.0,0.55,10.0,0.47,10.0,0.45,10.0,0.5,538.46,0.51,50.0,0.03,0.03,2355.919162,1776183613000
1776183614.148,14.148,0.52,532.7,0.51,147.0,0.53,10.0,0.54,5.0,0.47,10.0,0.45,10.0,0.5,538.46,0.51,50.0,0.01,0.03,2355.919162,1776183613000
1776183615.045,15.045,0.52,532.7,0.51,147.0,0.53,10.0,0.54,5.0,0.47,10.0,0.46,5.0,0.48,532.7,0.49,147.0,0.01,0.01,2356.55166,1776183614000
1776183615.565,15.565,0.55,6.0,0.54,30.0,0.56,30.0,0.57,42.0,0.47,10.0,0.46,5.0,0.48,532.7,0.49,147.0,0.01,0.01,2356.55166,1776183614000
1776183616.064,16.064,0.55,11.0,0.54,25.0,0.56,35.0,0.57,47.0,0.44,30.0,0.43,42.0,0.45,6.0,0.46,30.0,0.01,0.01,2356.55166,1776183614000
1776183616.334,16.334,0.55,11.0,0.54,20.0,0.56,30.0,0.57,47.0,0.44,35.0,0.43,47.0,0.45,11.0,0.46,25.0,0.01,0.01,2356.55166,1776183614000
1776183616.652,16.652,0.55,16.0,0.54,20.0,0.56,14.22,0.57,47.0,0.44,30.0,0.43,47.0,0.45,11.0,0.46,20.0,0.01,0.01,2356.55166,1776183614000
1776183616.862,16.862,0.55,10.74,0.54,20.0,0.56,19.22,0.57,47.0,0.44,14.22,0.43,47.0,0.45,16.0,0.46,20.0,0.01,0.01,2356.55166,1776183614000
1776183617.606,17.606,0.55,15.74,0.54,70.0,0.56,3.22,0.57,47.0,0.44,19.22,0.43,47.0,0.45,10.74,0.46,20.0,0.01,0.01,2356.55166,1776183614000
1776183618.541,18.541,0.55,10.74,0.54,70.0,0.56,75.22,0.57,101.0,0.44,3.22,0.43,47.0,0.45,15.74,0.46,70.0,0.01,0.01,2356.55166,1776183614000
1776183618.865,18.865,0.55,10.74,0.54,70.0,0.56,75.22,0.57,101.0,0.44,75.22,0.43,101.0,0.45,10.74,0.46,70.0,0.01,0.01,2356.638223,1776183615000
1776183619.267,19.267,0.55,595.74,0.54,70.0,0.56,2.17,0.57,65.0,0.44,2.17,0.43,65.0,0.45,595.74,0.46,70.0,0.01,0.01,2356.780385,1776183617000
1776183620.348,20.348,0.55,595.74,0.54,70.0,0.56,2.17,0.57,65.0,0.44,2.17,0.43,65.0,0.45,595.74,0.46,70.0,0.01,0.01,2356.799723,1776183619000
1776183620.933,20.933,0.55,595.74,0.54,70.0,0.56,2.17,0.57,65.0,0.44,2.17,0.43,65.0,0.45,595.74,0.46,70.0,0.01,0.01,2356.809245,1776183620000
1776183621.169,21.169,0.56,25.0,0.55,510.74,0.57,79.24,0.58,687.0,0.44,2.17,0.43,65.0,0.45,595.74,0.46,70.0,0.01,0.01,2356.809245,1776183620000
1776183621.578,21.578,0.56,25.0,0.55,510.74,0.57,74.24,0.58,687.0,0.43,79.24,0.42,687.0,0.44,25.0,0.45,510.74,0.01,0.01,2356.809245,1776183620000
1776183621.92,21.92,0.56,20.0,0.55,510.74,0.57,71.95,0.58,687.0,0.43,71.95,0.42,687.0,0.44,20.0,0.45,510.74,0.01,0.01,2356.838965,1776183621000
1776183622.925,22.925,0.56,20.0,0.55,510.74,0.57,71.95,0.58,687.0,0.43,71.95,0.42,687.0,0.44,20.0,0.45,510.74,0.01,0.01,2356.82803,1776183622000
1776183624.142,24.142,0.56,20.0,0.55,510.74,0.57,71.95,0.58,687.0,0.43,71.95,0.42,687.0,0.44,20.0,0.45,510.74,0.01,0.01,2356.81236,1776183623000
1776183624.634,24.634,0.56,36.66,0.55,22.74,0.57,618.94,0.58,188.41,0.43,71.95,0.42,687.0,0.44,20.0,0.45,510.74,0.01,0.01,2356.81236,1776183623000
1776183625.061,25.061,0.56,36.66,0.55,22.74,0.57,618.94,0.58,188.41,0.43,618.94,0.42,188.41,0.44,36.66,0.45,22.74,0.01,0.01,2356.818375,1776183624000
1776183625.367,25.367,0.55,2.28,0.53,10.0,0.56,549.91,0.57,75.95,0.43,617.94,0.42,188.41,0.45,6.22,0.47,10.0,0.01,0.02,2356.818375,1776183624000
1776183626.176,26.176,0.53,10.0,0.52,40.0,0.55,7.72,0.56,522.0,0.45,7.72,0.44,522.0,0.47,10.0,0.48,40.0,0.02,0.02,2356.82992,1776183625000
1776183626.603,26.603,0.52,6.25,0.51,15.0,0.53,85.0,0.54,525.0,0.45,7.72,0.44,522.0,0.47,10.0,0.48,40.0,0.01,0.02,2356.82992,1776183625000
1776183627.232,27.232,0.52,6.25,0.51,15.0,0.53,85.0,0.54,525.0,0.47,85.0,0.46,525.0,0.48,6.25,0.49,15.0,0.01,0.01,2356.666795,1776183626000
1776183628.206,28.206,0.51,10.0,0.5,127.0,0.52,9.0,0.53,80.0,0.48,9.0,0.47,80.0,0.49,10.0,0.5,127.0,0.01,0.01,2356.492252,1776183627000
1776183629.989,29.989,0.51,10.0,0.5,127.0,0.52,9.0,0.53,80.0,0.48,9.0,0.47,80.0,0.49,10.0,0.5,127.0,0.01,0.01,2356.439851,1776183628000
1776183630.548,30.548,0.51,80.0,0.5,612.0,0.52,0.39,0.53,60.0,0.48,0.39,0.47,60.0,0.49,80.0,0.5,612.0,0.01,0.01,2356.448776,1776183629000
1776183630.851,30.851,0.51,82.95,0.5,612.0,0.52,60.0,0.53,60.0,0.48,0.39,0.47,60.0,0.49,80.0,0.5,612.0,0.01,0.01,2356.448776,1776183629000
1776183631.084,31.084,0.51,82.95,0.5,612.0,0.52,60.0,0.53,60.0,0.48,60.0,0.47,60.0,0.49,82.95,0.5,612.0,0.01,0.01,2356.468787,1776183630000
1776183631.416,31.416,0.51,77.95,0.5,612.0,0.52,65.0,0.53,70.0,0.48,60.0,0.47,60.0,0.49,82.95,0.5,612.0,0.01,0.01,2356.468787,1776183630000
1776183632.257,32.257,0.51,77.95,0.5,612.0,0.52,65.0,0.53,70.0,0.48,65.0,0.47,70.0,0.49,77.95,0.5,612.0,0.01,0.01,2356.4749,1776183631000
1776183633.392,33.392,0.51,77.95,0.5,612.0,0.52,65.0,0.53,70.0,0.48,65.0,0.47,70.0,0.49,77.95,0.5,612.0,0.01,0.01,2356.474761,1776183632000
1776183634.133,34.133,0.51,77.95,0.5,612.0,0.52,65.0,0.53,70.0,0.48,65.0,0.47,70.0,0.49,77.95,0.5,612.0,0.01,0.01,2356.476555,1776183633000
1776183634.819,34.819,0.53,5.0,0.51,670.95,0.54,10.0,0.55,72.72,0.48,65.0,0.47,70.0,0.49,77.95,0.5,612.0,0.01,0.01,2356.476555,1776183633000
1776183635.198,35.198,0.54,50.0,0.53,100.0,0.55,81.52,0.56,134.91,0.45,82.72,0.44,134.91,0.47,20.0,0.48,10.0,0.01,0.02,2356.476555,1776183633000
1776183635.537,35.537,0.53,7.87,0.52,20.0,0.54,15.0,0.55,127.52,0.45,81.52,0.44,134.91,0.46,50.0,0.47,100.0,0.01,0.01,2356.466717,1776183634000
1776183636.241,36.241,0.53,7.87,0.52,20.0,0.54,77.59,0.55,587.52,0.46,15.0,0.45,127.52,0.47,7.87,0.48,20.0,0.01,0.01,2356.466717,1776183634000
1776183636.948,36.948,0.53,7.87,0.52,20.0,0.54,77.59,0.55,587.52,0.46,77.59,0.45,587.52,0.47,7.87,0.48,20.0,0.01,0.01,2356.545317,1776183636000
1776183638.056,38.056,0.53,7.87,0.52,20.0,0.54,77.59,0.55,587.52,0.46,77.59,0.45,587.52,0.47,7.87,0.48,20.0,0.01,0.01,2356.550282,1776183637000
1776183639.098,39.098,0.53,12.87,0.52,20.0,0.54,544.5,0.55,136.51,0.46,77.59,0.45,587.52,0.47,7.87,0.48,20.0,0.01,0.01,2356.550282,1776183637000
1776183640.278,40.278,0.54,55.0,0.53,128.87,0.56,26.0,0.57,113.88,0.46,544.5,0.45,136.51,0.47,12.87,0.48,20.0,0.02,0.01,2356.519437,1776183638000
1776183641.332,41.332,0.54,70.0,0.53,133.87,0.56,22.59,0.57,113.88,0.44,22.59,0.43,113.88,0.46,70.0,0.47,133.87,0.02,0.02,2356.544605,1776183640000
1776183642.401,42.401,0.57,10.0,0.56,20.0,0.58,172.81,0.59,187.0,0.42,172.81,0.41,187.0,0.43,10.0,0.44,20.0,0.01,0.01,2356.715074,1776183641000
1776183642.605,42.605,0.57,5.0,0.56,75.0,0.58,110.0,0.59,644.91,0.42,172.81,0.41,187.0,0.43,10.0,0.44,20.0,0.01,0.01,2356.715074,1776183641000
1776183642.999,42.999,0.57,5.0,0.56,75.0,0.58,110.0,0.59,644.91,0.42,110.0,0.41,644.91,0.43,5.0,0.44,75.0,0.01,0.01,2356.84337,1776183642000
1776183643.52,43.52,0.57,17.67,0.56,75.0,0.58,110.0,0.59,644.91,0.42,110.0,0.41,644.91,0.43,5.0,0.44,75.0,0.01,0.01,2356.84337,1776183642000
1776183644.797,44.797,0.54,12.0,0.53,5.0,0.58,668.91,0.59,187.0,0.42,110.0,0.41,644.91,0.43,17.67,0.44,75.0,0.04,0.01,2356.84337,1776183642000
1776183645.344,45.344,0.52,105.0,0.51,83.95,0.53,5.0,0.54,10.0,0.47,5.0,0.46,10.0,0.48,105.0,0.49,83.95,0.01,0.01,2356.89194,1776183644000
1776183645.974,45.974,0.52,16.0,0.51,27.0,0.53,24.9,0.54,40.0,0.47,24.9,0.46,40.0,0.48,16.0,0.49,27.0,0.01,0.01,2356.89194,1776183645000
1776183646.578,46.578,0.53,115.0,0.52,606.0,0.54,55.0,0.55,75.0,0.47,24.9,0.46,40.0,0.48,16.0,0.49,27.0,0.01,0.01,2356.89194,1776183645000
1776183646.847,46.847,0.53,80.0,0.52,581.0,0.54,57.0,0.55,85.0,0.46,52.0,0.45,85.0,0.47,35.0,0.48,576.0,0.01,0.01,2356.89194,1776183645000
1776183647.166,47.166,0.53,80.0,0.52,581.0,0.54,57.0,0.55,85.0,0.46,57.0,0.45,85.0,0.47,80.0,0.48,581.0,0.01,0.01,2356.62086,1776183646000
1776183648.177,48.177,0.53,80.0,0.52,581.0,0.54,57.0,0.55,85.0,0.46,57.0,0.45,85.0,0.47,80.0,0.48,581.0,0.01,0.01,2356.535885,1776183647000
1776183649.343,49.343,0.53,80.0,0.52,581.0,0.54,57.0,0.55,85.0,0.46,57.0,0.45,85.0,0.47,80.0,0.48,581.0,0.01,0.01,2356.58864,1776183648000
1776183650.413,50.413,0.53,80.0,0.52,581.0,0.54,57.0,0.55,85.0,0.46,57.0,0.45,85.0,0.47,80.0,0.48,581.0,0.01,0.01,2356.69205,1776183649000
1776183650.864,50.864,0.53,80.0,0.52,581.0,0.54,57.0,0.55,85.0,0.46,57.0,0.45,85.0,0.47,80.0,0.48,581.0,0.01,0.01,2356.688135,1776183650000
1776183651.225,51.225,0.55,32.0,0.54,20.0,0.56,640.0,0.57,135.99,0.46,57.0,0.45,85.0,0.47,80.0,0.48,581.0,0.01,0.01,2356.688135,1776183650000
1776183651.725,51.725,0.55,27.0,0.54,20.0,0.56,640.0,0.57,145.99,0.44,640.0,0.43,135.99,0.45,32.0,0.46,20.0,0.01,0.01,2356.688135,1776183650000
1776183652.071,52.071,0.55,27.0,0.54,20.0,0.56,640.0,0.57,145.99,0.44,640.0,0.43,145.99,0.45,27.0,0.46,20.0,0.01,0.01,2356.67827,1776183651000
1776183652.357,52.357,0.55,27.0,0.54,20.0,0.56,632.85,0.57,145.99,0.44,629.64,0.43,145.99,0.45,27.0,0.46,20.0,0.01,0.01,2356.67827,1776183651000
1776183653.144,53.144,0.55,27.0,0.54,20.0,0.56,632.85,0.57,145.99,0.44,632.85,0.43,145.99,0.45,27.0,0.46,20.0,0.01,0.01,2356.67433,1776183652000
1776183654.263,54.263,0.55,27.0,0.54,20.0,0.56,632.85,0.57,145.99,0.44,632.85,0.43,145.99,0.45,27.0,0.46,20.0,0.01,0.01,2356.750441,1776183653000
1776183654.953,54.953,0.53,9.04,0.52,92.0,0.56,627.85,0.57,135.99,0.44,632.85,0.43,145.99,0.45,27.0,0.46,20.0,0.03,0.01,2356.750441,1776183653000
1776183655.472,55.472,0.53,27.65,0.52,97.0,0.55,65.0,0.56,679.84,0.45,65.0,0.44,679.84,0.47,27.65,0.48,97.0,0.02,0.02,2356.662445,1776183654000
1776183656.479,56.479,0.53,27.65,0.52,97.0,0.55,65.0,0.56,679.84,0.45,65.0,0.44,679.84,0.47,27.65,0.48,97.0,0.02,0.02,2356.624945,1776183655000
1776183657.085,57.085,0.53,27.65,0.52,97.0,0.55,65.0,0.56,679.84,0.45,65.0,0.44,679.84,0.47,27.65,0.48,97.0,0.02,0.02,2356.624945,1776183656000
1776183658.163,58.163,0.53,27.65,0.52,97.0,0.55,65.0,0.56,679.84,0.45,65.0,0.44,679.84,0.47,27.65,0.48,97.0,0.02,0.02,2356.762723,1776183657000
1776183659.213,59.213,0.53,27.65,0.52,97.0,0.55,65.0,0.56,679.84,0.45,65.0,0.44,679.84,0.47,27.65,0.48,97.0,0.02,0.02,2356.725925,1776183658000
1776183660.272,60.272,0.55,41.1,0.54,21.0,0.56,577.0,0.57,85.0,0.45,65.0,0.44,679.84,0.47,27.65,0.48,97.0,0.01,0.02,2356.725925,1776183658000
1776183660.573,60.573,0.55,25.1,0.53,12.0,0.56,611.91,0.57,65.0,0.44,577.0,0.43,85.0,0.45,41.1,0.46,21.0,0.01,0.01,2356.725925,1776183658000
1776183660.941,60.941,0.52,26.12,0.51,68.0,0.53,25.0,0.54,20.0,0.44,611.91,0.43,65.0,0.47,12.0,0.48,41.0,0.01,0.03,2356.785955,1776183659000
1776183661.18,61.18,0.52,6.12,0.51,62.0,0.53,547.0,0.54,20.0,0.47,25.0,0.46,20.0,0.48,26.12,0.49,68.0,0.01,0.01,2356.785955,1776183659000
1776183661.557,61.557,0.5,40.0,0.49,175.0,0.51,38.0,0.52,58.91,0.49,38.0,0.48,58.91,0.5,40.0,0.51,175.0,0.01,0.01,2356.795955,1776183660000
1776183661.758,61.758,0.5,4.34,0.49,180.0,0.51,48.0,0.52,127.91,0.49,53.0,0.48,127.91,0.5,4.34,0.51,180.0,0.01,0.01,2356.795955,1776183660000
1776183662.156,62.156,0.5,7.34,0.49,165.0,0.51,10.0,0.52,570.0,0.49,10.0,0.48,115.0,0.5,4.34,0.51,170.0,0.01,0.01,2356.795955,1776183660000
1776183662.44,62.44,0.5,0.2,0.49,174.0,0.51,508.0,0.52,90.0,0.49,10.0,0.48,570.0,0.5,7.34,0.51,165.0,0.01,0.01,2356.785655,1776183661000
1776183662.845,62.845,0.49,156.0,0.48,200.0,0.5,65.91,0.51,503.0,0.49,508.0,0.48,90.0,0.51,165.0,0.52,195.0,0.01,0.02,2356.785655,1776183661000
1776183663.856,63.856,0.49,156.0,0.48,200.0,0.5,65.91,0.51,503.0,0.5,65.91,0.49,503.0,0.51,156.0,0.52,200.0,0.01,0.01,2356.252907,1776183662000
1776183664.474,64.474,0.49,55.0,0.48,200.0,0.5,557.0,0.51,125.91,0.5,557.0,0.49,125.91,0.51,55.0,0.52,200.0,0.01,0.01,2356.118866,1776183663000
1776183665.29,65.29,0.48,185.0,0.47,110.0,0.49,10.0,0.5,557.0,0.51,10.0,0.5,557.0,0.52,185.0,0.53,110.0,0.01,0.01,2356.03171,1776183664000
1776183666.668,66.668,0.48,140.0,0.47,115.0,0.49,605.0,0.5,87.0,0.51,605.0,0.5,87.0,0.52,140.0,0.53,115.0,0.01,0.01,2356.012171,1776183665000
1776183666.901,66.901,0.44,21.0,0.41,75.0,0.45,542.91,0.46,227.85,0.51,605.0,0.5,87.0,0.52,140.0,0.53,115.0,0.01,0.01,2356.012171,1776183665000
1776183667.115,67.115,0.44,20.91,0.41,75.0,0.45,546.91,0.46,177.85,0.55,542.91,0.54,227.85,0.56,26.0,0.59,75.0,0.01,0.01,2356.012171,1776183665000
1776183667.345,67.345,0.44,26.0,0.43,26.0,0.45,643.91,0.46,177.85,0.55,556.91,0.54,177.85,0.56,24.91,0.57,26.0,0.01,0.01,2356.012171,1776183665000
1776183667.587,67.587,0.44,77.21,0.43,53.0,0.45,676.91,0.46,177.85,0.55,666.91,0.54,177.85,0.56,49.89,0.57,26.0,0.01,0.01,2355.95625,1776183666000
1776183667.827,67.827,0.43,11.65,0.4,25.0,0.44,544.0,0.45,211.91,0.56,513.0,0.55,211.91,0.57,15.65,0.6,25.0,0.01,0.01,2355.95625,1776183666000
1776183668.103,68.103,0.43,19.0,0.39,195.0,0.44,581.0,0.45,136.91,0.56,581.0,0.55,136.91,0.57,19.0,0.61,195.0,0.01,0.01,2355.868283,1776183667000
1776183668.782,68.782,0.39,52.0,0.38,65.0,0.4,3.0,0.41,237.91,0.56,581.0,0.55,136.91,0.57,19.0,0.61,195.0,0.01,0.01,2355.868283,1776183667000
1776183669.45,69.45,0.39,47.91,0.38,65.0,0.41,200.0,0.42,60.0,0.59,200.0,0.58,60.0,0.61,47.91,0.62,65.0,0.02,0.02,2355.212669,1776183668000
1776183669.964,69.964,0.38,50.0,0.37,10.0,0.4,643.0,0.41,253.11,0.59,200.0,0.58,60.0,0.61,47.91,0.62,65.0,0.02,0.02,2355.212669,1776183668000
1776183671.003,71.003,0.36,85.0,0.35,25.0,0.37,584.4,0.38,73.0,0.6,643.0,0.59,253.11,0.62,50.0,0.63,10.0,0.01,0.02,2355.14753,1776183669000
1776183671.374,71.374,0.36,85.0,0.35,25.0,0.37,584.4,0.38,73.0,0.63,584.4,0.62,73.0,0.64,85.0,0.65,25.0,0.01,0.01,2355.07538,1776183670000
1776183671.764,71.764,0.36,8.43,0.35,10.0,0.37,739.0,0.38,198.0,0.63,584.4,0.62,73.0,0.64,85.0,0.65,25.0,0.01,0.01,2355.07538,1776183670000
1776183672.131,72.131,0.35,1.43,0.34,25.0,0.37,734.0,0.38,207.08,0.63,739.0,0.62,198.0,0.64,8.43,0.65,10.0,0.02,0.01,2355.07538,1776183670000
1776183672.397,72.397,0.34,19.43,0.33,30.0,0.37,604.0,0.38,82.08,0.63,734.0,0.62,207.08,0.65,1.43,0.66,25.0,0.03,0.02,2355.07538,1776183670000
1776183672.728,72.728,0.34,19.43,0.33,30.0,0.37,604.0,0.38,82.08,0.63,604.0,0.62,82.08,0.66,19.43,0.67,30.0,0.03,0.03,2355.039461,1776183671000
1776183672.929,72.929,0.34,19.43,0.33,577.0,0.35,15.0,0.36,61.0,0.63,604.0,0.62,82.08,0.66,19.43,0.67,30.0,0.01,0.03,2355.039461,1776183671000
1776183673.366,73.366,0.34,5.0,0.33,47.0,0.35,522.0,0.36,76.0,0.65,522.0,0.64,76.0,0.66,5.0,0.67,47.0,0.01,0.01,2355.032605,1776183672000
1776183674.004,74.004,0.33,35.0,0.32,42.0,0.34,108.0,0.35,610.0,0.65,522.0,0.64,76.0,0.66,5.0,0.67,47.0,0.01,0.01,2355.032605,1776183672000
1776183674.514,74.514,0.33,3.5,0.32,22.0,0.34,825.91,0.35,122.08,0.66,108.0,0.65,610.0,0.67,35.0,0.68,42.0,0.01,0.01,2354.98398,1776183673000
1776183674.91,74.91,0.31,88.4,0.3,96.0,0.32,30.0,0.33,60.0,0.67,75.0,0.66,214.91,0.7,5.0,0.71,30.0,0.01,0.03,2354.98398,1776183673000
1776183675.166,75.166,0.31,33.4,0.3,113.0,0.32,49.71,0.33,60.0,0.68,55.59,0.67,60.0,0.69,33.4,0.7,113.0,0.01,0.01,2354.98398,1776183673000
1776183675.38,75.38,0.31,5.0,0.3,12.0,0.32,640.71,0.33,75.0,0.68,64.71,0.67,545.0,0.69,19.92,0.7,27.0,0.01,0.01,2354.98398,1776183673000
1776183675.665,75.665,0.31,10.1,0.3,72.0,0.32,49.71,0.33,75.0,0.68,549.71,0.67,75.0,0.69,3.0,0.7,22.0,0.01,0.01,2354.892114,1776183674000
1776183676.391,76.391,0.32,25.0,0.31,572.0,0.33,112.0,0.34,135.0,0.68,38.71,0.67,65.0,0.69,11.75,0.7,72.0,0.01,0.01,2354.892114,1776183674000
1776183676.701,76.701,0.32,573.52,0.31,103.0,0.33,65.0,0.34,135.0,0.67,112.0,0.66,135.0,0.68,25.0,0.69,572.0,0.01,0.01,2354.621017,1776183675000
1776183677.278,77.278,0.29,10.0,0.28,75.0,0.32,492.97,0.33,174.08,0.67,65.0,0.66,135.0,0.68,573.52,0.69,103.0,0.03,0.01,2354.621017,1776183675000
1776183677.484,77.484,0.25,7.33,0.24,35.0,0.28,16.94,0.29,145.0,0.68,492.97,0.67,174.08,0.71,10.0,0.72,75.0,0.03,0.03,2354.621017,1776183675000
1776183677.709,77.709,0.25,0.29,0.24,25.0,0.26,53.75,0.27,21.84,0.72,16.94,0.71,145.0,0.75,7.33,0.76,35.0,0.01,0.03,2354.48157,1776183676000
1776183677.985,77.985,0.2,51.05,0.19,15.0,0.21,60.23,0.22,40.0,0.75,6.37,0.74,93.75,0.76,25.0,0.77,25.0,0.01,0.01,2354.48157,1776183676000
1776183678.224,78.224,0.2,51.05,0.19,15.0,0.21,60.23,0.22,40.0,0.79,60.23,0.78,40.0,0.8,51.05,0.81,15.0,0.01,0.01,2354.484395,1776183677000
1776183678.571,78.571,0.2,28.11,0.19,77.0,0.21,147.0,0.22,140.0,0.79,147.0,0.78,140.0,0.8,20.24,0.81,27.0,0.01,0.01,2354.484395,1776183677000
1776183679.015,79.015,0.2,21.16,0.19,580.4,0.21,66.0,0.22,75.0,0.78,40.0,0.77,515.0,0.8,43.16,0.81,557.0,0.01,0.02,2354.484395,1776183677000
1776183679.252,79.252,0.2,20.05,0.19,580.4,0.21,29.57,0.22,75.0,0.79,29.57,0.78,75.0,0.8,20.05,0.81,580.4,0.01,0.01,2353.86826,1776183678000
1776183679.95,79.95,0.19,80.31,0.18,676.0,0.2,139.0,0.21,60.0,0.79,63.0,0.78,560.0,0.81,12.0,0.82,129.4,0.01,0.02,2353.86826,1776183678000
1776183680.464,80.464,0.19,80.31,0.18,676.0,0.2,139.0,0.21,60.0,0.8,139.0,0.79,60.0,0.81,80.31,0.82,676.0,0.01,0.01,2353.31761,1776183679000
1776183680.94,80.94,0.18,585.61,0.17,77.0,0.19,21.04,0.2,187.5,0.8,139.0,0.79,60.0,0.81,80.31,0.82,676.0,0.01,0.01,2353.31761,1776183679000
1776183681.618,81.618,0.17,14.0,0.16,30.0,0.18,198.0,0.19,187.04,0.81,21.04,0.8,187.5,0.82,585.61,0.83,77.0,0.01,0.01,2353.130718,1776183680000
1776183682.277,82.277,0.13,109.9,0.12,214.19,0.14,10.0,0.15,10.0,0.86,10.0,0.85,10.0,0.87,109.9,0.88,214.19,0.01,0.01,2352.99226,1776183681000
1776183682.685,82.685,0.13,127.51,0.12,299.19,0.14,12.0,0.15,50.0,0.86,10.0,0.85,10.0,0.87,109.9,0.88,214.19,0.01,0.01,2352.99226,1776183681000
1776183683.129,83.129,0.13,517.51,0.12,369.19,0.15,2.33,0.16,465.52,0.84,465.52,0.83,85.02,0.86,4.76,0.87,101.27,0.02,0.02,2352.99226,1776183681000
1776183683.473,83.473,0.12,265.04,0.11,136.79,0.14,20.0,0.15,2.33,0.85,2.33,0.84,465.52,0.87,517.51,0.88,369.19,0.02,0.02,2352.99226,1776183681000
1776183683.992,83.992,0.12,265.04,0.11,136.79,0.14,20.0,0.15,2.33,0.86,20.0,0.85,2.33,0.88,265.04,0.89,136.79,0.02,0.02,2351.97815,1776183683000
1776183684.21,84.21,0.12,209.35,0.11,141.79,0.13,81.0,0.14,517.0,0.86,20.0,0.85,2.33,0.88,265.04,0.89,136.79,0.01,0.02,2351.97815,1776183683000
1776183685.053,85.053,0.12,209.35,0.11,141.79,0.13,81.0,0.14,517.0,0.87,81.0,0.86,517.0,0.88,209.35,0.89,141.79,0.01,0.01,2351.87,1776183684000
1776183685.473,85.473,0.1,61.0,0.09,599.0,0.13,544.0,0.14,172.0,0.87,81.0,0.86,517.0,0.88,209.35,0.89,141.79,0.03,0.01,2351.87,1776183684000
1776183685.674,85.674,0.1,537.66,0.09,119.0,0.11,299.89,0.12,10.0,0.89,294.89,0.88,10.0,0.9,153.33,0.91,119.0,0.01,0.01,2351.87,1776183684000
1776183685.905,85.905,0.1,547.66,0.09,134.0,0.12,10.0,0.13,45.0,0.89,299.89,0.88,10.0,0.9,537.66,0.91,119.0,0.02,0.01,2351.87,1776183684000
1776183686.466,86.466,0.1,535.99,0.09,124.0,0.11,289.89,0.12,10.0,0.88,60.0,0.87,800.62,0.9,557.76,0.91,134.0,0.01,0.02,2351.477945,1776183685000
1776183686.679,86.679,0.1,521.09,0.09,133.32,0.11,40.0,0.12,10.0,0.89,45.0,0.88,10.0,0.9,42.76,0.91,613.32,0.01,0.01,2351.477945,1776183685000
1776183686.891,86.891,0.1,506.75,0.09,133.32,0.11,17.0,0.12,10.0,0.89,17.0,0.88,10.0,0.9,517.75,0.91,133.32,0.01,0.01,2351.477945,1776183685000
1776183687.133,87.133,0.1,136.85,0.09,713.32,0.11,5.2,0.12,10.0,0.89,17.0,0.88,10.0,0.9,506.75,0.91,133.32,0.01,0.01,2351.477945,1776183685000
1776183687.915,87.915,0.1,136.85,0.09,713.32,0.11,5.2,0.12,10.0,0.89,5.2,0.88,10.0,0.9,136.85,0.91,713.32,0.01,0.01,2351.2159,1776183687000
1776183688.229,88.229,0.1,58.1,0.09,268.32,0.11,73.56,0.12,586.81,0.89,63.56,0.88,586.81,0.9,26.85,0.91,218.32,0.01,0.01,2351.2159,1776183687000
1776183688.572,88.572,0.1,121.98,0.09,748.32,0.11,65.16,0.12,567.0,0.89,62.16,0.88,586.81,0.9,58.1,0.91,268.32,0.01,0.01,2351.2159,1776183687000
1776183688.969,88.969,0.1,121.98,0.09,748.32,0.11,65.16,0.12,567.0,0.89,65.16,0.88,567.0,0.9,121.98,0.91,748.32,0.01,0.01,2351.13245,1776183688000
1776183689.667,89.667,0.1,282.53,0.09,848.32,0.11,70.16,0.12,507.0,0.89,65.16,0.88,567.0,0.9,121.98,0.91,748.32,0.01,0.01,2351.13245,1776183688000
1776183689.871,89.871,0.1,194.34,0.09,848.32,0.11,745.88,0.12,586.81,0.89,70.16,0.88,507.0,0.9,282.53,0.91,848.32,0.01,0.01,2351.13245,1776183688000
1776183690.187,90.187,0.1,194.34,0.09,848.32,0.11,745.88,0.12,586.81,0.89,745.88,0.88,586.81,0.9,194.34,0.91,848.32,0.01,0.01,2351.043335,1776183689000
1776183690.613,90.613,0.1,86.98,0.09,748.32,0.11,43.16,0.12,57.0,0.89,745.88,0.88,586.81,0.9,194.34,0.91,848.32,0.01,0.01,2351.043335,1776183689000
1776183690.892,90.892,0.1,45.76,0.09,748.32,0.11,835.61,0.12,136.81,0.89,18.61,0.88,57.0,0.9,86.98,0.91,748.32,0.01,0.01,2351.043335,1776183689000
1776183691.251,91.251,0.1,44.64,0.09,748.32,0.11,1548.04,0.12,370.87,0.89,1548.04,0.88,370.87,0.9,44.64,0.91,748.32,0.01,0.01,2350.915839,1776183690000
1776183691.71,91.71,0.1,52.74,0.09,648.32,0.11,150.0,0.12,211.25,0.89,108.61,0.88,211.25,0.9,54.74,0.91,748.32,0.01,0.01,2350.915839,1776183690000
1776183692.11,92.11,0.1,41.52,0.09,168.32,0.11,160.0,0.12,766.25,0.89,150.0,0.88,211.25,0.9,52.74,0.91,648.32,0.01,0.01,2350.915839,1776183690000
1776183692.311,92.311,0.1,41.52,0.09,168.32,0.11,160.0,0.12,766.25,0.89,160.0,0.88,766.25,0.9,41.52,0.91,168.32,0.01,0.01,2350.978625,1776183691000
1776183692.513,92.513,0.09,142.08,0.08,655.0,0.1,40.0,0.11,100.0,0.9,40.0,0.89,100.0,0.91,156.22,0.92,655.0,0.01,0.01,2350.978625,1776183691000
1776183692.798,92.798,0.09,610.05,0.08,228.9,0.1,5.0,0.11,80.0,0.9,40.0,0.89,100.0,0.91,117.08,0.92,655.0,0.01,0.01,2350.978625,1776183691000
1776183693.235,93.235,0.09,610.05,0.08,228.9,0.1,5.0,0.11,80.0,0.9,5.0,0.89,80.0,0.91,605.05,0.92,228.9,0.01,0.01,2350.854475,1776183692000
1776183693.599,93.599,0.09,645.05,0.08,248.9,0.1,10.0,0.11,165.1,0.9,5.0,0.89,80.0,0.91,605.05,0.92,228.9,0.01,0.01,2350.854475,1776183692000
1776183694.251,94.251,0.09,645.05,0.08,248.9,0.1,10.0,0.11,165.1,0.9,10.0,0.89,165.1,0.91,645.05,0.92,248.9,0.01,0.01,2350.60875,1776183693000
1776183694.519,94.519,0.09,650.05,0.08,248.9,0.1,30.0,0.11,167.23,0.9,10.0,0.89,165.1,0.91,645.05,0.92,248.9,0.01,0.01,2350.60875,1776183693000
1776183695.103,95.103,0.09,640.0,0.08,223.9,0.1,148.2,0.11,142.0,0.9,30.0,0.89,167.23,0.91,650.05,0.92,248.9,0.01,0.01,2350.60875,1776183693000
1776183695.353,95.353,0.09,155.0,0.08,703.9,0.1,1002.89,0.11,215.0,0.9,148.2,0.89,177.0,0.91,635.0,0.92,223.9,0.01,0.01,2350.670345,1776183694000
1776183696.02,96.02,0.09,646.22,0.08,223.9,0.1,740.0,0.11,371.08,0.9,1002.89,0.89,215.0,0.91,155.0,0.92,703.9,0.01,0.01,2350.670345,1776183694000
1776183696.31,96.31,0.09,646.22,0.08,223.9,0.1,740.0,0.11,371.08,0.9,740.0,0.89,371.08,0.91,646.22,0.92,223.9,0.01,0.01,2350.68957,1776183695000
1776183697.231,97.231,0.09,646.22,0.08,223.9,0.1,740.0,0.11,371.08,0.9,740.0,0.89,371.08,0.91,646.22,0.92,223.9,0.01,0.01,2350.61957,1776183696000
1776183697.84,97.84,0.1,79.77,0.09,669.0,0.11,543.17,0.12,713.0,0.9,740.0,0.89,371.08,0.91,646.22,0.92,223.9,0.01,0.01,2350.61957,1776183696000
1776183698.233,98.233,0.1,79.77,0.09,669.0,0.11,543.17,0.12,713.0,0.89,543.17,0.88,713.0,0.9,79.77,0.91,669.0,0.01,0.01,2350.59173,1776183697000
1776183699.19,99.19,0.1,79.77,0.09,669.0,0.11,543.17,0.12,713.0,0.89,543.17,0.88,713.0,0.9,79.77,0.91,669.0,0.01,0.01,2350.522655,1776183698000
1776183699.922,99.922,0.09,550.01,0.08,129.9,0.1,529.99,0.11,334.3,0.89,543.17,0.88,713.0,0.9,79.77,0.91,669.0,0.01,0.01,2350.522655,1776183698000
1776183700.208,100.208,0.09,550.01,0.08,129.9,0.1,529.99,0.11,334.3,0.9,529.99,0.89,334.3,0.91,550.01,0.92,129.9,0.01,0.01,2350.457405,1776183699000
1776183700.768,100.768,0.09,4.5,0.08,609.9,0.1,689.99,0.11,403.0,0.9,589.99,0.89,374.3,0.91,450.01,0.92,129.9,0.01,0.01,2350.457405,1776183699000
1776183701.235,101.235,0.09,4.5,0.08,609.9,0.1,689.99,0.11,403.0,0.9,689.99,0.89,403.0,0.91,4.5,0.92,609.9,0.01,0.01,2350.381609,1776183700000
1776183701.546,101.546,0.08,10.0,0.07,605.0,0.09,747.99,0.1,869.43,0.9,689.99,0.89,403.0,0.91,4.5,0.92,609.9,0.01,0.01,2350.381609,1776183700000
1776183701.857,101.857,0.07,615.0,0.06,178.8,0.09,782.99,0.1,918.33,0.91,851.99,0.9,869.43,0.92,5.0,0.93,605.0,0.02,0.01,2350.381609,1776183700000
1776183702.201,102.201,0.07,615.0,0.06,178.8,0.09,782.99,0.1,918.33,0.91,782.99,0.9,918.33,0.93,615.0,0.94,178.8,0.02,0.02,2350.392165,1776183701000
1776183703.238,103.238,0.07,615.0,0.06,178.8,0.09,782.99,0.1,918.33,0.91,782.99,0.9,918.33,0.93,615.0,0.94,178.8,0.02,0.02,2350.306636,1776183702000
1776183703.887,103.887,0.06,596.89,0.05,270.8,0.07,103.75,0.08,85.0,0.92,471.25,0.91,841.0,0.94,575.03,0.95,245.8,0.01,0.02,2350.306636,1776183702000
1776183704.241,104.241,0.06,596.89,0.05,270.8,0.07,103.75,0.08,85.0,0.93,103.75,0.92,85.0,0.94,596.89,0.95,270.8,0.01,0.01,2350.17236,1776183703000
1776183705.4,105.4,0.06,596.89,0.05,270.8,0.07,103.75,0.08,85.0,0.93,103.75,0.92,85.0,0.94,596.89,0.95,270.8,0.01,0.01,2349.922381,1776183704000
1776183705.996,105.996,0.06,600.27,0.05,282.8,0.07,957.25,0.08,92.61,0.93,1226.17,0.92,227.4,0.94,536.47,0.95,275.8,0.01,0.01,2349.922381,1776183704000
1776183706.435,106.435,0.06,594.2,0.05,282.8,0.07,957.25,0.08,92.61,0.93,957.25,0.92,92.61,0.94,594.2,0.95,282.8,0.01,0.01,2349.852088,1776183705000
1776183706.832,106.832,0.06,509.7,0.05,270.8,0.07,254.25,0.08,108.99,0.93,957.25,0.92,92.61,0.94,594.2,0.95,282.8,0.01,0.01,2349.852088,1776183705000
1776183707.177,107.177,0.06,493.87,0.05,270.8,0.07,446.99,0.08,203.64,0.93,254.25,0.92,108.99,0.94,509.7,0.95,270.8,0.01,0.01,2349.852088,1776183705000
1776183707.793,107.793,0.06,493.87,0.05,270.8,0.07,446.99,0.08,203.64,0.93,446.99,0.92,203.64,0.94,493.87,0.95,270.8,0.01,0.01,2349.760884,1776183706000
1776183708.446,108.446,0.06,493.87,0.05,270.8,0.07,446.99,0.08,203.64,0.93,446.99,0.92,203.64,0.94,493.87,0.95,270.8,0.01,0.01,2349.871625,1776183707000
1776183709.169,109.169,0.05,643.72,0.04,333.8,0.07,693.77,0.08,375.64,0.93,446.99,0.92,203.64,0.94,493.87,0.95,270.8,0.02,0.01,2349.871625,1776183707000
1776183709.672,109.672,0.05,658.92,0.04,328.8,0.06,1054.74,0.07,450.08,0.93,693.77,0.92,375.64,0.95,643.72,0.96,333.8,0.01,0.02,2349.738755,1776183708000
1776183710.613,110.613,0.05,658.92,0.04,328.8,0.06,1054.74,0.07,450.08,0.94,1054.74,0.93,450.08,0.95,658.92,0.96,328.8,0.01,0.01,2349.632008,1776183709000
1776183711.285,111.285,0.05,658.92,0.04,328.8,0.06,1054.74,0.07,450.08,0.94,1054.74,0.93,450.08,0.95,658.92,0.96,328.8,0.01,0.01,2349.499283,1776183710000
1776183711.756,111.756,0.05,603.92,0.04,235.0,0.06,299.74,0.07,398.5,0.94,1054.74,0.93,450.08,0.95,658.92,0.96,328.8,0.01,0.01,2349.499283,1776183710000
1776183712.678,112.678,0.05,603.92,0.04,235.0,0.06,299.74,0.07,398.5,0.94,299.74,0.93,398.5,0.95,603.92,0.96,235.0,0.01,0.01,2349.396729,1776183711000
1776183713.237,113.237,0.05,598.65,0.04,333.8,0.06,289.74,0.07,243.2,0.94,299.74,0.93,398.5,0.95,603.92,0.96,235.0,0.01,0.01,2349.396729,1776183711000
1776183713.882,113.882,0.05,521.02,0.04,333.8,0.06,294.74,0.07,238.2,0.94,289.74,0.93,243.2,0.95,598.65,0.96,333.8,0.01,0.01,2349.210192,1776183712000
1776183714.386,114.386,0.05,433.39,0.04,333.8,0.06,304.74,0.07,258.2,0.94,294.74,0.93,238.2,0.95,521.02,0.96,333.8,0.01,0.01,2349.210192,1776183712000
1776183714.596,114.596,0.05,434.92,0.04,340.8,0.06,239.74,0.07,228.2,0.94,304.74,0.93,258.2,0.95,433.39,0.96,333.8,0.01,0.01,2349.210192,1776183712000
1776183715.085,115.085,0.05,714.59,0.04,350.8,0.06,121.38,0.07,140.78,0.94,204.74,0.93,185.78,0.95,502.59,0.96,340.8,0.01,0.01,2349.20386,1776183713000
1776183715.301,115.301,0.05,714.59,0.04,350.8,0.07,140.78,0.08,65.0,0.94,121.38,0.93,140.78,0.95,714.59,0.96,350.8,0.02,0.01,2349.20386,1776183713000
1776183715.637,115.637,0.06,487.37,0.05,368.0,0.07,140.78,0.08,85.0,0.93,140.78,0.92,65.0,0.95,714.59,0.96,350.8,0.01,0.02,2349.33648,1776183714000
1776183716.102,116.102,0.06,551.17,0.05,368.0,0.07,364.81,0.08,136.0,0.93,140.78,0.92,85.0,0.94,487.37,0.95,368.0,0.01,0.01,2349.33648,1776183714000
1776183716.723,116.723,0.06,534.57,0.05,368.0,0.07,451.68,0.08,136.0,0.93,364.81,0.92,136.0,0.94,551.17,0.95,368.0,0.01,0.01,2349.526586,1776183715000
1776183717.245,117.245,0.06,688.97,0.05,178.0,0.07,264.68,0.08,136.0,0.93,551.68,0.92,136.0,0.94,440.97,0.95,368.0,0.01,0.01,2349.526586,1776183715000
1776183717.691,117.691,0.06,688.97,0.05,178.0,0.07,264.68,0.08,136.0,0.93,264.68,0.92,136.0,0.94,688.97,0.95,178.0,0.01,0.01,2349.979146,1776183716000
1776183718.099,118.099,0.06,723.97,0.05,193.0,0.08,136.0,0.09,75.0,0.93,264.68,0.92,136.0,0.94,688.97,0.95,178.0,0.02,0.01,2349.979146,1776183716000
1776183718.362,118.362,0.07,7.31,0.06,733.27,0.08,136.0,0.09,75.0,0.92,136.0,0.91,75.0,0.93,7.31,0.94,733.27,0.01,0.01,2350.068965,1776183717000
1776183718.685,118.685,0.07,539.78,0.06,298.0,0.08,316.04,0.09,125.0,0.92,136.0,0.91,75.0,0.93,7.31,0.94,733.27,0.01,0.01,2350.068965,1776183717000
1776183718.969,118.969,0.07,567.93,0.06,298.0,0.08,316.04,0.09,125.0,0.92,316.04,0.91,125.0,0.93,574.55,0.94,298.0,0.01,0.01,2350.068965,1776183717000
1776183719.21,119.21,0.07,460.55,0.06,298.0,0.08,327.69,0.09,125.0,0.92,327.69,0.91,125.0,0.93,504.32,0.94,298.0,0.01,0.01,2350.11098,1776183718000
1776183719.46,119.46,0.07,465.16,0.06,298.0,0.08,536.15,0.09,125.0,0.92,327.69,0.91,125.0,0.93,411.78,0.94,298.0,0.01,0.01,2350.11098,1776183718000
1776183719.733,119.733,0.07,369.91,0.06,298.0,0.08,531.15,0.09,125.0,0.92,536.15,0.91,125.0,0.93,465.16,0.94,298.0,0.01,0.01,2350.11098,1776183718000
1776183720.023,120.023,0.07,329.04,0.06,298.0,0.08,536.15,0.09,125.0,0.92,531.15,0.91,125.0,0.93,365.83,0.94,298.0,0.01,0.01,2350.11098,1776183718000
1776183720.294,120.294,0.07,329.04,0.06,298.0,0.08,536.15,0.09,125.0,0.92,536.15,0.91,125.0,0.93,329.04,0.94,298.0,0.01,0.01,2350.444387,1776183719000
1776183720.56,120.56,0.06,35.0,0.05,268.0,0.08,674.29,0.09,120.0,0.92,129.29,0.91,85.0,0.93,3.84,0.94,233.0,0.02,0.01,2350.444387,1776183719000
1776183720.83,120.83,0.06,32.87,0.05,318.0,0.07,139.72,0.08,572.08,0.93,214.8,0.92,626.08,0.94,22.87,0.95,318.0,0.01,0.01,2350.444387,1776183719000
1776183721.088,121.088,0.06,46.06,0.05,803.0,0.07,51.92,0.08,93.81,0.93,139.72,0.92,567.08,0.94,29.23,0.95,318.0,0.01,0.01,2350.516549,1776183720000
1776183721.494,121.494,0.06,110.22,0.05,878.8,0.07,19.74,0.08,93.81,0.93,42.46,0.92,93.81,0.94,38.22,0.95,803.0,0.01,0.01,2350.516549,1776183720000
1776183721.887,121.887,0.06,778.04,0.05,309.0,0.07,19.74,0.08,78.81,0.93,29.74,0.92,88.81,0.94,72.5,0.95,803.0,0.01,0.01,2350.516549,1776183720000
1776183722.242,122.242,0.06,656.04,0.05,310.8,0.09,75.0,0.1,725.0,0.93,19.74,0.92,78.81,0.94,778.04,0.95,309.0,0.03,0.01,2350.516549,1776183720000
1776183722.455,122.455,0.06,656.04,0.05,310.8,0.09,75.0,0.1,725.0,0.91,75.0,0.9,725.0,0.94,656.04,0.95,310.8,0.03,0.03,2350.580555,1776183721000
1776183723.404,123.404,0.06,656.04,0.05,310.8,0.09,75.0,0.1,725.0,0.91,75.0,0.9,725.0,0.94,656.04,0.95,310.8,0.03,0.03,2350.367755,1776183722000
1776183723.635,123.635,0.08,581.88,0.07,204.0,0.1,165.0,0.11,620.0,0.91,30.72,0.9,165.0,0.92,586.88,0.93,204.0,0.02,0.01,2350.367755,1776183722000
1776183723.899,123.899,0.09,33.35,0.08,595.88,0.1,262.41,0.11,620.0,0.9,165.0,0.89,620.0,0.92,581.88,0.93,204.0,0.01,0.02,2350.367755,1776183722000
1776183724.766,124.766,0.09,33.35,0.08,595.88,0.1,262.41,0.11,620.0,0.9,262.41,0.89,620.0,0.91,33.35,0.92,595.88,0.01,0.01,2350.70357,1776183723000
1776183725.378,125.378,0.08,570.88,0.07,199.0,0.09,104.01,0.1,562.14,0.91,104.01,0.9,562.14,0.92,570.88,0.93,199.0,0.01,0.01,2351.16027,1776183724000
1776183725.66,125.66,0.08,582.88,0.07,169.0,0.09,83.01,0.1,351.29,0.91,104.01,0.9,562.14,0.92,570.88,0.93,199.0,0.01,0.01,2351.16027,1776183724000
1776183725.959,125.959,0.08,626.88,0.07,169.0,0.09,123.37,0.1,336.29,0.91,83.01,0.9,351.29,0.92,582.88,0.93,169.0,0.01,0.01,2351.16027,1776183724000
1776183726.166,126.166,0.08,618.88,0.07,169.0,0.09,33.03,0.1,336.29,0.91,110.03,0.9,336.29,0.92,618.88,0.93,169.0,0.01,0.01,2351.16027,1776183724000
1776183726.397,126.397,0.08,618.88,0.07,169.0,0.09,19.69,0.1,336.29,0.91,19.69,0.9,336.29,0.92,618.88,0.93,169.0,0.01,0.01,2351.21189,1776183725000
1776183726.839,126.839,0.09,426.16,0.08,164.88,0.1,403.55,0.11,146.17,0.91,19.69,0.9,336.29,0.92,618.88,0.93,169.0,0.01,0.01,2351.21189,1776183725000
1776183728.09,128.09,0.09,426.16,0.08,164.88,0.1,403.55,0.11,146.17,0.9,403.55,0.89,146.17,0.91,426.16,0.92,164.88,0.01,0.01,2351.21639,1776183727000
1776183728.416,128.416,0.09,5.0,0.08,592.26,0.1,346.29,0.11,211.17,0.9,403.55,0.89,146.17,0.91,426.16,0.92,164.88,0.01,0.01,2351.21639,1776183727000
1776183729.267,129.267,0.09,5.0,0.08,592.26,0.1,346.29,0.11,211.17,0.9,346.29,0.89,211.17,0.91,5.0,0.92,592.26,0.01,0.01,2351.353115,1776183728000
1776183730.445,130.445,0.09,5.0,0.08,592.26,0.1,346.29,0.11,211.17,0.9,346.29,0.89,211.17,0.91,5.0,0.92,592.26,0.01,0.01,2351.50255,1776183729000
1776183730.91,130.91,0.05,590.0,0.04,307.5,0.07,155.0,0.08,530.0,0.93,155.0,0.92,530.0,0.95,590.0,0.96,307.5,0.02,0.02,2351.272945,1776183730000
1776183731.792,131.792,0.05,660.2,0.04,461.9,0.06,78.47,0.07,43.0,0.93,155.0,0.92,530.0,0.95,590.0,0.96,307.5,0.01,0.02,2351.272945,1776183730000
1776183732.049,132.049,0.05,660.2,0.04,461.9,0.07,43.0,0.08,10.0,0.93,43.0,0.92,10.0,0.95,660.2,0.96,461.9,0.02,0.02,2350.37093,1776183731000
1776183733.213,133.213,0.05,660.2,0.04,461.9,0.07,43.0,0.08,10.0,0.93,43.0,0.92,10.0,0.95,660.2,0.96,461.9,0.02,0.02,2350.30092,1776183732000
1776183734.394,134.394,0.05,660.2,0.04,461.9,0.07,43.0,0.08,10.0,0.93,43.0,0.92,10.0,0.95,660.2,0.96,461.9,0.02,0.02,2350.5775,1776183733000
1776183734.881,134.881,0.06,617.59,0.05,185.72,0.07,58.0,0.08,60.0,0.93,88.0,0.92,70.0,0.94,137.59,0.95,665.72,0.01,0.01,2350.5775,1776183733000
1776183735.177,135.177,0.06,640.42,0.05,195.72,0.07,58.0,0.08,10.0,0.93,58.0,0.92,60.0,0.94,617.59,0.95,185.72,0.01,0.01,2350.5775,1776183733000
1776183735.412,135.412,0.06,635.1,0.05,185.72,0.07,58.0,0.08,10.0,0.93,58.0,0.92,10.0,0.94,635.1,0.95,185.72,0.01,0.01,2350.770277,1776183734000
1776183735.897,135.897,0.06,816.81,0.05,667.72,0.07,53.0,0.08,60.0,0.93,58.0,0.92,10.0,0.94,635.1,0.95,185.72,0.01,0.01,2350.770277,1776183734000
1776183736.332,136.332,0.06,682.67,0.05,345.72,0.07,58.0,0.08,60.0,0.93,53.0,0.92,60.0,0.94,816.81,0.95,667.72,0.01,0.01,2350.78772,1776183735000
1776183736.926,136.926,0.06,682.67,0.05,345.72,0.07,38.71,0.08,60.0,0.93,53.0,0.92,60.0,0.94,677.67,0.95,345.72,0.01,0.01,2350.78772,1776183735000
1776183737.212,137.212,0.06,677.67,0.05,345.72,0.07,38.71,0.08,60.0,0.93,38.71,0.92,60.0,0.94,682.67,0.95,345.72,0.01,0.01,2350.65917,1776183736000
1776183737.749,137.749,0.06,660.26,0.05,345.72,0.07,77.63,0.08,60.0,0.93,38.71,0.92,60.0,0.94,656.67,0.95,445.72,0.01,0.01,2350.65917,1776183736000
1776183738.235,138.235,0.06,660.26,0.05,345.72,0.07,77.63,0.08,60.0,0.93,77.63,0.92,60.0,0.94,660.26,0.95,345.72,0.01,0.01,2350.634555,1776183737000
1776183738.623,138.623,0.06,637.26,0.05,345.72,0.07,77.63,0.08,60.0,0.93,77.63,0.92,60.0,0.94,647.26,0.95,345.72,0.01,0.01,2350.634555,1776183737000
1776183739.317,139.317,0.06,637.26,0.05,345.72,0.07,77.63,0.08,60.0,0.93,77.63,0.92,60.0,0.94,637.26,0.95,345.72,0.01,0.01,2350.63332,1776183738000
1776183740.075,140.075,0.06,738.95,0.05,345.72,0.07,157.41,0.08,80.0,0.93,77.63,0.92,60.0,0.94,637.26,0.95,345.72,0.01,0.01,2350.63332,1776183738000
1776183740.35,140.35,0.06,738.95,0.05,345.72,0.07,157.41,0.08,80.0,0.93,157.41,0.92,80.0,0.94,738.95,0.95,345.72,0.01,0.01,2350.62283,1776183739000
1776183740.556,140.556,0.06,743.95,0.05,345.72,0.07,151.63,0.08,80.0,0.93,157.41,0.92,80.0,0.94,738.95,0.95,345.72,0.01,0.01,2350.62283,1776183739000
1776183741.41,141.41,0.06,743.95,0.05,345.72,0.07,151.63,0.08,80.0,0.93,151.63,0.92,80.0,0.94,743.95,0.95,345.72,0.01,0.01,2350.610935,1776183740000
1776183741.982,141.982,0.06,743.95,0.05,345.72,0.07,151.63,0.08,80.0,0.93,151.63,0.92,80.0,0.94,743.95,0.95,345.72,0.01,0.01,2350.61474,1776183741000
1776183742.657,142.657,0.06,741.94,0.05,442.52,0.08,5.0,0.09,73.0,0.93,151.63,0.92,80.0,0.94,743.95,0.95,345.72,0.02,0.01,2350.61474,1776183741000
1776183743.166,143.166,0.08,29.0,0.06,741.94,0.09,73.0,0.1,396.29,0.91,73.0,0.9,396.29,0.92,29.0,0.94,741.94,0.01,0.01,2350.6615,1776183742000
1776183744.14,144.14,0.08,29.0,0.06,741.94,0.09,73.0,0.1,396.29,0.91,73.0,0.9,396.29,0.92,29.0,0.94,741.94,0.01,0.01,2350.70849,1776183743000
1776183745.227,145.227,0.08,29.0,0.06,741.94,0.09,73.0,0.1,396.29,0.91,73.0,0.9,396.29,0.92,29.0,0.94,741.94,0.01,0.01,2350.929015,1776183744000
1776183746.329,146.329,0.06,146.83,0.05,356.72,0.07,156.15,0.08,667.0,0.93,156.15,0.92,667.0,0.94,146.83,0.95,356.72,0.01,0.01,2350.936978,1776183745000
1776183747.417,147.417,0.06,146.83,0.05,356.72,0.07,156.15,0.08,667.0,0.93,156.15,0.92,667.0,0.94,146.83,0.95,356.72,0.01,0.01,2350.711005,1776183746000
1776183748.059,148.059,0.06,146.83,0.05,356.72,0.07,156.15,0.08,667.0,0.93,156.15,0.92,667.0,0.94,146.83,0.95,356.72,0.01,0.01,2350.50265,1776183747000
1776183748.366,148.366,0.05,115.92,0.04,468.75,0.06,59.0,0.07,650.0,0.93,156.15,0.92,667.0,0.94,146.83,0.95,356.72,0.01,0.01,2350.50265,1776183747000
1776183749.155,149.155,0.05,119.86,0.04,468.75,0.06,104.0,0.07,550.0,0.94,104.0,0.93,550.0,0.95,119.86,0.96,468.75,0.01,0.01,2350.251278,1776183748000
1776183749.505,149.505,0.05,323.83,0.04,1194.75,0.06,138.91,0.07,60.0,0.94,104.0,0.93,550.0,0.95,119.86,0.96,468.75,0.01,0.01,2350.251278,1776183748000
1776183750.213,150.213,0.05,323.83,0.04,1194.75,0.06,138.91,0.07,60.0,0.94,138.91,0.93,60.0,0.95,323.83,0.96,1194.75,0.01,0.01,2350.227695,1776183749000
1776183750.69,150.69,0.07,21.39,0.05,774.7,0.09,20.0,0.1,296.29,0.94,138.91,0.93,60.0,0.95,323.83,0.96,1194.75,0.02,0.01,2350.227695,1776183749000
1776183751.035,151.035,0.09,6.73,0.08,115.0,0.1,246.29,0.11,216.17,0.91,20.0,0.9,296.29,0.93,21.39,0.95,774.7,0.01,0.02,2350.227695,1776183749000
1776183751.331,151.331,0.09,8.42,0.08,113.04,0.1,250.29,0.11,166.17,0.9,255.29,0.89,216.17,0.92,118.04,0.93,173.39,0.01,0.02,2350.227695,1776183749000
1776183752.215,152.215,0.09,8.42,0.08,113.04,0.1,250.29,0.11,166.17,0.9,250.29,0.89,166.17,0.91,8.42,0.92,113.04,0.01,0.01,2350.568053,1776183751000
1776183752.574,152.574,0.09,93.9,0.08,65.72,0.1,27.53,0.11,91.17,0.9,231.29,0.89,194.15,0.91,10.9,0.92,65.72,0.01,0.01,2350.568053,1776183751000
1776183752.875,152.875,0.1,10.0,0.09,98.9,0.11,35.42,0.12,84.51,0.89,78.7,0.88,84.51,0.91,198.9,0.92,75.72,0.01,0.02,2350.568053,1776183751000
1776183753.187,153.187,0.11,34.58,0.1,544.0,0.12,84.51,0.13,185.0,0.89,35.42,0.88,84.51,0.9,10.0,0.91,98.9,0.01,0.01,2350.568053,1776183751000
1776183753.518,153.518,0.11,630.58,0.1,43.0,0.12,24.5,0.13,45.0,0.88,32.84,0.87,135.0,0.89,44.58,0.9,518.0,0.01,0.01,2351.349224,1776183752000
1776183753.75,153.75,0.13,78.73,0.12,60.0,0.14,135.0,0.15,25.0,0.86,135.0,0.85,25.0,0.87,80.78,0.88,65.0,0.01,0.01,2351.349224,1776183752000
1776183754.421,154.421,0.13,78.73,0.12,60.0,0.14,135.0,0.15,25.0,0.86,135.0,0.85,25.0,0.87,78.73,0.88,60.0,0.01,0.01,2352.417995,1776183753000
1776183754.934,154.934,0.13,701.73,0.12,166.0,0.14,20.0,0.15,25.0,0.86,20.0,0.85,25.0,0.87,701.73,0.88,166.0,0.01,0.01,2352.874061,1776183754000
1776183755.416,155.416,0.13,719.59,0.12,196.0,0.14,129.11,0.15,25.0,0.86,20.0,0.85,25.0,0.87,701.73,0.88,166.0,0.01,0.01,2352.874061,1776183754000
1776183756.026,156.026,0.13,719.59,0.12,196.0,0.14,129.11,0.15,25.0,0.86,129.11,0.85,25.0,0.87,719.59,0.88,196.0,0.01,0.01,2352.81561,1776183755000
1776183756.535,156.535,0.13,803.73,0.12,221.0,0.14,110.11,0.15,25.0,0.86,129.11,0.85,25.0,0.87,719.59,0.88,196.0,0.01,0.01,2352.81561,1776183755000
1776183757.106,157.106,0.13,827.59,0.12,221.0,0.14,79.11,0.15,25.0,0.86,79.11,0.85,25.0,0.87,827.59,0.88,221.0,0.01,0.01,2352.863135,1776183756000
1776183757.823,157.823,0.13,276.21,0.12,274.1,0.14,10.0,0.15,25.0,0.86,79.11,0.85,25.0,0.87,827.59,0.88,221.0,0.01,0.01,2352.863135,1776183756000
1776183758.298,158.298,0.13,346.95,0.12,279.1,0.14,2.71,0.15,25.0,0.86,2.71,0.85,25.0,0.87,346.95,0.88,279.1,0.01,0.01,2352.988285,1776183757000
1776183758.967,158.967,0.15,634.31,0.14,179.9,0.16,65.0,0.17,79.73,0.84,65.0,0.83,6.02,0.87,424.95,0.88,274.1,0.01,0.03,2352.988285,1776183757000
1776183759.294,159.294,0.15,634.31,0.14,179.9,0.16,65.0,0.17,79.73,0.84,65.0,0.83,79.73,0.85,634.31,0.86,179.9,0.01,0.01,2353.170549,1776183758000
1776183759.528,159.528,0.15,722.71,0.14,179.9,0.16,20.0,0.17,79.73,0.84,65.0,0.83,79.73,0.85,634.31,0.86,179.9,0.01,0.01,2353.170549,1776183758000
1776183759.976,159.976,0.16,178.86,0.15,414.33,0.17,83.84,0.18,60.0,0.84,20.0,0.83,79.73,0.85,711.33,0.86,249.9,0.01,0.01,2353.170549,1776183758000
1776183760.218,160.218,0.16,258.86,0.15,259.33,0.17,39.84,0.19,85.0,0.83,54.84,0.82,60.0,0.84,203.86,0.85,259.33,0.01,0.01,2353.170549,1776183758000
1776183760.437,160.437,0.16,258.86,0.15,259.33,0.17,5.21,0.18,5.0,0.83,28.21,0.81,85.0,0.84,258.86,0.85,259.33,0.01,0.01,2353.562355,1776183759000
1776183760.929,160.929,0.16,258.86,0.15,259.33,0.17,4.12,0.19,90.0,0.83,4.12,0.81,90.0,0.84,258.86,0.85,259.33,0.01,0.01,2353.64733,1776183760000
1776183761.18,161.18,0.18,538.51,0.17,10.0,0.19,10.0,0.2,286.25,0.8,281.25,0.79,75.0,0.82,650.86,0.83,10.0,0.01,0.02,2353.64733,1776183760000
1776183761.501,161.501,0.18,642.79,0.17,115.0,0.19,20.77,0.2,286.25,0.81,10.0,0.8,286.25,0.82,538.51,0.83,10.0,0.01,0.01,2353.64733,1776183760000
1776183761.784,161.784,0.18,583.09,0.17,120.94,0.19,128.72,0.2,276.25,0.81,15.77,0.8,276.25,0.82,640.84,0.83,115.0,0.01,0.01,2353.64733,1776183760000
1776183762.121,162.121,0.18,138.91,0.17,105.94,0.19,88.72,0.2,286.25,0.81,88.72,0.8,286.25,0.82,138.91,0.83,105.94,0.01,0.01,2353.7851,1776183761000
1776183762.616,162.616,0.18,115.78,0.17,100.0,0.19,148.72,0.2,286.25,0.81,132.72,0.8,777.25,0.82,117.0,0.83,100.0,0.01,0.01,2353.7851,1776183761000
1776183762.834,162.834,0.18,35.78,0.17,100.0,0.19,179.1,0.2,296.25,0.81,148.72,0.8,286.25,0.82,80.78,0.83,100.0,0.01,0.01,2353.7851,1776183761000
1776183763.099,163.099,0.18,0.27,0.17,5.94,0.19,192.97,0.2,776.25,0.81,192.97,0.8,776.25,0.82,0.27,0.83,5.94,0.01,0.01,2353.780515,1776183762000
1776183763.643,163.643,0.16,53.57,0.15,656.73,0.17,15.0,0.18,10.0,0.81,192.97,0.8,776.25,0.83,5.94,0.85,595.0,0.01,0.02,2353.780515,1776183762000
1776183763.893,163.893,0.16,568.09,0.15,156.73,0.17,10.0,0.18,10.0,0.83,10.0,0.82,10.0,0.84,535.94,0.85,161.73,0.01,0.01,2353.780515,1776183762000
1776183764.238,164.238,0.16,568.09,0.15,156.73,0.17,10.0,0.18,10.0,0.83,10.0,0.82,10.0,0.84,568.09,0.85,156.73,0.01,0.01,2353.48725,1776183763000
1776183764.633,164.633,0.15,85.0,0.14,50.0,0.16,2.0,0.17,25.0,0.83,15.0,0.82,10.0,0.84,22.78,0.85,161.73,0.01,0.01,2353.48725,1776183763000
1776183765.216,165.216,0.15,53.7,0.13,35.0,0.16,213.81,0.17,90.0,0.83,10.0,0.82,138.06,0.85,85.0,0.86,50.0,0.01,0.02,2353.48725,1776183763000
1776183765.547,165.547,0.14,10.0,0.13,48.86,0.16,183.81,0.17,90.0,0.84,198.81,0.83,90.0,0.85,45.22,0.86,10.0,0.02,0.01,2353.29891,1776183764000
1776183765.819,165.819,0.14,50.41,0.13,45.0,0.16,70.0,0.17,570.0,0.84,65.0,0.83,570.0,0.86,37.26,0.87,45.0,0.02,0.02,2353.29891,1776183764000
1776183766.272,166.272,0.14,42.85,0.13,52.76,0.15,137.69,0.16,65.0,0.85,10.0,0.84,70.0,0.86,49.13,0.87,45.0,0.01,0.01,2353.29891,1776183764000
1776183766.589,166.589,0.14,17.23,0.13,58.76,0.15,147.69,0.16,65.0,0.85,142.69,0.84,65.0,0.86,36.18,0.87,52.76,0.01,0.01,2353.274135,1776183765000
1776183766.872,166.872,0.14,18.07,0.13,52.76,0.15,147.69,0.16,65.0,0.85,147.69,0.84,65.0,0.86,14.17,0.87,52.76,0.01,0.01,2353.274135,1776183765000
1776183767.11,167.11,0.14,14.36,0.13,52.76,0.15,142.69,0.16,65.0,0.85,142.69,0.84,65.0,0.86,14.36,0.87,52.76,0.01,0.01,2353.124842,1776183766000
1776183767.403,167.403,0.14,104.22,0.13,42.76,0.17,70.0,0.18,9.0,0.85,142.69,0.84,65.0,0.86,14.36,0.87,52.76,0.03,0.01,2353.124842,1776183766000
1776183768.136,168.136,0.14,104.22,0.13,42.76,0.17,70.0,0.18,9.0,0.83,70.0,0.82,9.0,0.86,104.22,0.87,42.76,0.03,0.03,2352.91307,1776183767000
1776183768.521,168.521,0.13,45.0,0.12,165.0,0.16,19.37,0.17,125.0,0.83,70.0,0.82,9.0,0.86,104.22,0.87,42.76,0.03,0.03,2352.91307,1776183767000
1776183768.747,168.747,0.15,2.57,0.14,26.0,0.17,68.23,0.18,139.08,0.84,19.37,0.83,125.0,0.85,2.57,0.86,26.0,0.02,0.01,2352.91307,1776183767000
1776183769.008,169.008,0.15,8.7,0.14,10.0,0.16,80.57,0.17,63.23,0.84,80.57,0.83,88.23,0.85,10.75,0.86,35.0,0.01,0.01,2352.91307,1776183767000
1776183769.351,169.351,0.14,7.59,0.13,92.36,0.16,85.57,0.17,543.23,0.84,85.57,0.83,543.23,0.86,7.59,0.87,92.36,0.02,0.02,2353.010515,1776183768000
1776183769.575,169.575,0.14,23.59,0.13,92.36,0.15,24.46,0.16,80.57,0.84,85.57,0.83,543.23,0.86,7.59,0.87,92.36,0.01,0.02,2353.010515,1776183768000
1776183770.019,170.019,0.14,23.59,0.13,92.36,0.15,1.46,0.16,80.57,0.85,1.46,0.84,80.57,0.86,23.59,0.87,92.36,0.01,0.01,2353.039001,1776183769000
1776183771.04,171.04,0.14,5.2,0.13,75.76,0.16,75.68,0.17,543.23,0.84,75.68,0.83,543.23,0.86,5.2,0.87,75.76,0.02,0.02,2352.982165,1776183770000
1776183771.477,171.477,0.13,122.49,0.12,670.0,0.14,10.25,0.15,125.21,0.85,140.21,0.84,34.36,0.86,5.99,0.87,112.89,0.01,0.01,2352.982165,1776183770000
1776183771.746,171.746,0.13,595.81,0.12,185.0,0.14,10.25,0.16,15.36,0.86,10.25,0.85,125.21,0.87,122.49,0.88,670.0,0.01,0.01,2352.982165,1776183770000
1776183772.109,172.109,0.13,660.94,0.12,185.0,0.14,30.5,0.16,15.36,0.86,10.25,0.84,15.36,0.87,595.81,0.88,185.0,0.01,0.01,2352.982165,1776183770000
1776183772.956,172.956,0.13,538.81,0.12,185.0,0.14,0.5,0.16,15.36,0.86,30.5,0.84,15.36,0.87,660.94,0.88,185.0,0.01,0.01,2353.052221,1776183771000
1776183773.792,173.792,0.13,533.81,0.12,185.0,0.16,15.36,0.19,71.65,0.84,15.36,0.81,71.65,0.87,533.81,0.88,185.0,0.03,0.03,2352.98984,1776183772000
1776183774.098,174.098,0.15,138.82,0.14,490.0,0.16,15.36,0.19,72.65,0.84,15.36,0.81,71.65,0.87,533.81,0.88,185.0,0.01,0.03,2352.98984,1776183772000
1776183774.413,174.413,0.15,63.37,0.14,490.0,0.16,15.36,0.19,72.65,0.84,15.36,0.81,72.65,0.85,63.37,0.86,490.0,0.01,0.01,2353.169135,1776183773000
1776183774.865,174.865,0.18,20.78,0.17,25.0,0.19,72.65,0.2,287.5,0.81,62.65,0.8,287.5,0.85,569.37,0.86,10.0,0.01,0.04,2353.169135,1776183773000
1776183775.088,175.088,0.18,20.78,0.17,25.0,0.19,72.65,0.2,287.5,0.81,72.65,0.8,287.5,0.82,20.78,0.83,25.0,0.01,0.01,2353.275979,1776183774000
1776183775.466,175.466,0.18,37.65,0.17,23.0,0.19,72.65,0.2,767.5,0.81,72.65,0.8,287.5,0.82,20.78,0.83,25.0,0.01,0.01,2353.275979,1776183774000
1776183776.06,176.06,0.15,321.47,0.14,65.0,0.18,125.67,0.19,567.65,0.81,72.65,0.8,778.5,0.83,18.0,0.84,49.6,0.03,0.02,2353.275979,1776183774000
1776183776.336,176.336,0.15,318.7,0.14,65.0,0.18,125.67,0.19,567.65,0.82,125.67,0.81,567.65,0.85,318.7,0.86,65.0,0.03,0.03,2353.40875,1776183775000
1776183777.163,177.163,0.17,94.94,0.16,36.6,0.18,116.4,0.19,62.65,0.83,21.0,0.82,615.67,0.86,31.0,0.87,65.0,0.01,0.03,2353.40875,1776183775000
1776183777.6,177.6,0.17,569.94,0.16,22.0,0.18,84.4,0.19,62.65,0.82,116.4,0.81,62.65,0.83,94.94,0.84,36.6,0.01,0.01,2353.51375,1776183776000
1776183778.552,178.552,0.17,574.94,0.16,22.0,0.18,103.63,0.19,62.65,0.82,103.63,0.81,62.65,0.83,574.94,0.84,22.0,0.01,0.01,2353.443483,1776183777000
1776183778.959,178.959,0.17,94.94,0.16,508.31,0.18,87.63,0.19,62.65,0.82,103.63,0.81,62.65,0.83,574.94,0.84,22.0,0.01,0.01,2353.443483,1776183777000
1776183779.468,179.468,0.17,89.94,0.16,508.31,0.18,87.63,0.19,62.65,0.82,87.63,0.81,62.65,0.83,94.94,0.84,508.31,0.01,0.01,2353.458745,1776183778000
1776183780.252,180.252,0.17,89.94,0.16,508.31,0.18,87.63,0.19,62.65,0.82,87.63,0.81,62.65,0.83,89.94,0.84,508.31,0.01,0.01,2353.66209,1776183779000
1776183780.882,180.882,0.17,37.97,0.16,22.0,0.18,87.63,0.19,72.65,0.82,87.63,0.81,62.65,0.83,89.94,0.84,508.31,0.01,0.01,2353.66209,1776183779000
1776183781.185,181.185,0.17,62.97,0.16,83.0,0.18,52.63,0.19,72.65,0.82,87.63,0.81,72.65,0.83,37.97,0.84,22.0,0.01,0.01,2353.66209,1776183779000
1776183781.693,181.693,0.18,1.91,0.17,107.97,0.19,46.65,0.2,282.5,0.81,62.65,0.8,282.5,0.82,1.91,0.83,72.97,0.01,0.01,2353.66209,1776183779000
1776183782.014,182.014,0.18,10.0,0.17,122.14,0.19,13.25,0.2,282.5,0.81,46.65,0.8,282.5,0.83,71.2,0.84,572.0,0.01,0.02,2353.63274,1776183780000
1776183782.299,182.299,0.18,65.0,0.17,77.14,0.2,254.96,0.21,85.0,0.81,115.04,0.8,282.5,0.82,0.19,0.83,117.14,0.02,0.01,2353.63274,1776183780000
1776183782.619,182.619,0.19,573.95,0.18,15.61,0.2,119.96,0.21,85.0,0.8,204.96,0.79,85.0,0.81,62.0,0.82,500.61,0.01,0.01,2353.63274,1776183780000
1776183782.83,182.83,0.2,511.98,0.19,90.31,0.21,85.0,0.22,80.0,0.79,85.0,0.78,80.0,0.81,573.95,0.82,15.61,0.01,0.02,2353.63274,1776183780000
1776183783.233,183.233,0.21,30.0,0.2,530.05,0.23,245.0,0.24,11.56,0.79,85.0,0.78,80.0,0.8,511.98,0.81,90.31,0.02,0.01,2353.652112,1776183781000
1776183783.527,183.527,0.22,555.0,0.21,91.21,0.23,245.0,0.24,11.56,0.77,245.0,0.76,11.56,0.79,30.0,0.8,530.05,0.01,0.02,2353.652112,1776183781000
1776183783.759,183.759,0.22,617.65,0.21,91.21,0.24,11.56,0.25,190.0,0.76,11.56,0.75,190.0,0.77,2.55,0.78,635.0,0.02,0.01,2353.652112,1776183781000
1776183784.111,184.111,0.23,491.0,0.22,37.65,0.24,12.56,0.25,190.0,0.76,11.56,0.75,190.0,0.78,617.65,0.79,91.21,0.01,0.02,2354.068303,1776183782000
1776183784.447,184.447,0.23,462.38,0.22,50.0,0.24,12.56,0.25,190.0,0.76,12.56,0.75,190.0,0.77,478.58,0.78,20.0,0.01,0.01,2354.068303,1776183782000
1776183785.027,185.027,0.23,604.47,0.22,15.0,0.24,12.83,0.26,121.4,0.76,2.83,0.74,23.7,0.77,505.57,0.78,40.0,0.01,0.01,2354.187006,1776183783000
1776183785.263,185.263,0.23,604.47,0.22,15.0,0.24,12.83,0.26,121.4,0.76,12.83,0.74,121.4,0.77,604.47,0.78,15.0,0.01,0.01,2354.57242,1776183784000
1776183785.625,185.625,0.23,599.47,0.22,30.0,0.24,8.32,0.27,266.6,0.73,291.6,0.72,65.0,0.77,599.47,0.78,15.0,0.01,0.04,2354.57242,1776183784000
1776183785.891,185.891,0.26,36.68,0.23,185.21,0.27,266.6,0.28,65.0,0.76,8.32,0.74,5.0,0.77,629.23,0.78,30.0,0.01,0.01,2354.57242,1776183784000
1776183786.426,186.426,0.26,29.0,0.25,70.0,0.27,1.06,0.28,17.0,0.73,191.6,0.72,65.0,0.74,36.68,0.77,185.21,0.01,0.01,2354.57242,1776183784000
1776183786.681,186.681,0.25,80.0,0.24,115.0,0.29,60.0,0.3,210.0,0.71,60.0,0.7,210.0,0.74,15.0,0.75,80.0,0.04,0.03,2354.773645,1776183785000
1776183786.984,186.984,0.25,77.0,0.24,110.0,0.28,106.25,0.29,65.0,0.71,60.0,0.7,210.0,0.75,80.0,0.76,115.0,0.03,0.04,2354.773645,1776183785000
1776183787.216,187.216,0.25,77.0,0.24,110.0,0.28,106.25,0.29,65.0,0.72,106.25,0.71,65.0,0.75,77.0,0.76,110.0,0.03,0.03,2354.89934,1776183786000
1776183787.547,187.547,0.27,11.75,0.26,10.0,0.28,96.25,0.29,60.0,0.72,96.25,0.71,60.0,0.73,16.96,0.74,10.0,0.01,0.01,2354.89934,1776183786000
1776183787.749,187.749,0.27,4.75,0.26,10.0,0.28,96.25,0.29,60.0,0.72,96.25,0.71,60.0,0.73,11.75,0.74,10.0,0.01,0.01,2354.89934,1776183786000
1776183788.015,188.015,0.27,29.15,0.26,19.0,0.28,96.25,0.29,60.0,0.72,96.25,0.71,60.0,0.75,552.4,0.76,110.0,0.01,0.03,2354.89934,1776183786000
1776183788.407,188.407,0.25,68.25,0.24,110.0,0.26,10.0,0.27,10.0,0.72,96.25,0.71,60.0,0.73,29.15,0.74,19.0,0.01,0.01,2354.89934,1776183786000
1776183788.709,188.709,0.25,86.25,0.24,70.0,0.26,21.11,0.27,10.0,0.74,10.0,0.73,10.0,0.75,68.25,0.76,110.0,0.01,0.01,2355.02776,1776183787000
1776183789.034,189.034,0.21,15.48,0.2,5.0,0.22,40.0,0.23,10.0,0.74,21.11,0.73,10.0,0.75,0.65,0.76,70.0,0.01,0.01,2355.02776,1776183787000
1776183789.254,189.254,0.21,4.75,0.2,5.0,0.22,55.0,0.23,10.0,0.78,55.0,0.77,10.0,0.79,4.75,0.8,5.0,0.01,0.01,2354.91184,1776183788000
1776183789.731,189.731,0.21,10.0,0.2,521.05,0.24,6.12,0.25,36.0,0.78,55.0,0.77,10.0,0.79,4.75,0.8,5.0,0.03,0.01,2354.91184,1776183788000
1776183790.16,190.16,0.24,1.22,0.23,80.0,0.25,26.0,0.26,31.11,0.76,6.12,0.75,36.0,0.79,10.0,0.8,521.05,0.01,0.03,2354.91184,1776183788000
1776183790.379,190.379,0.24,6.22,0.23,150.0,0.25,33.0,0.26,31.11,0.75,26.0,0.74,31.11,0.76,1.22,0.77,80.0,0.01,0.01,2354.91184,1776183788000
1776183790.694,190.694,0.24,66.27,0.23,667.22,0.25,11.0,0.26,31.11,0.75,34.0,0.74,21.11,0.76,43.0,0.77,627.22,0.01,0.01,2354.94083,1776183789000
1776183790.941,190.941,0.24,411.04,0.23,147.22,0.25,14.8,0.26,31.11,0.75,14.8,0.74,31.11,0.76,476.35,0.77,147.22,0.01,0.01,2354.94083,1776183789000
1776183791.164,191.164,0.24,411.04,0.23,147.22,0.26,31.11,0.27,10.0,0.75,14.8,0.74,31.11,0.76,411.04,0.77,147.22,0.02,0.01,2354.8046,1776183790000
1776183791.963,191.963,0.24,427.69,0.23,147.22,0.25,10.0,0.26,31.11,0.74,31.11,0.73,10.0,0.76,411.04,0.77,147.22,0.01,0.02,2354.8046,1776183790000
1776183792.37,192.37,0.23,626.06,0.22,80.0,0.25,10.0,0.26,31.11,0.75,10.0,0.74,31.11,0.76,424.88,0.77,147.22,0.02,0.01,2354.8046,1776183790000
1776183793.021,193.021,0.23,615.47,0.22,80.0,0.25,10.0,0.26,31.11,0.75,10.0,0.74,31.11,0.77,615.47,0.78,80.0,0.02,0.02,2354.66585,1776183792000
1776183793.3,193.3,0.22,70.0,0.21,22.21,0.24,148.25,0.25,10.0,0.76,114.25,0.75,10.0,0.77,127.47,0.78,70.0,0.02,0.01,2354.66585,1776183792000
1776183793.823,193.823,0.22,638.53,0.21,107.21,0.25,15.0,0.26,21.11,0.76,148.25,0.75,10.0,0.78,70.0,0.79,22.21,0.03,0.02,2354.66585,1776183792000
1776183794.119,194.119,0.23,582.73,0.22,85.81,0.24,15.0,0.25,112.0,0.76,15.0,0.75,12.0,0.77,2.22,0.78,565.81,0.01,0.01,2354.66585,1776183792000
1776183794.426,194.426,0.23,582.73,0.22,85.81,0.24,15.0,0.25,112.0,0.76,15.0,0.75,112.0,0.77,582.73,0.78,85.81,0.01,0.01,2354.684485,1776183793000
1776183794.843,194.843,0.23,638.23,0.22,135.81,0.24,10.0,0.25,12.0,0.76,15.0,0.75,112.0,0.77,582.73,0.78,85.81,0.01,0.01,2354.684485,1776183793000
1776183795.128,195.128,0.23,599.23,0.22,135.81,0.24,1.66,0.25,12.0,0.76,1.66,0.75,12.0,0.77,599.23,0.78,135.81,0.01,0.01,2354.647925,1776183794000
1776183795.731,195.731,0.24,583.48,0.23,17.45,0.25,12.0,0.26,31.11,0.75,12.0,0.74,31.11,0.77,594.96,0.78,135.81,0.01,0.02,2354.647925,1776183794000
1776183796.134,196.134,0.24,575.15,0.23,7.45,0.25,5.0,0.26,21.11,0.75,5.0,0.74,31.11,0.76,576.96,0.77,7.45,0.01,0.01,2354.647925,1776183794000
1776183796.793,196.793,0.24,570.15,0.23,7.45,0.28,10.0,0.29,85.0,0.72,10.0,0.71,85.0,0.76,570.15,0.77,7.45,0.04,0.04,2354.6801,1776183795000
1776183797.001,197.001,0.26,67.29,0.25,10.0,0.27,10.0,0.28,105.81,0.73,10.0,0.72,105.81,0.74,80.42,0.75,10.0,0.01,0.01,2354.6801,1776183795000
1776183797.237,197.237,0.26,57.5,0.25,10.0,0.27,10.0,0.28,105.81,0.73,10.0,0.72,105.81,0.74,58.86,0.75,10.0,0.01,0.01,2354.6801,1776183795000
1776183797.48,197.48,0.26,57.5,0.25,10.0,0.27,10.0,0.28,105.81,0.73,10.0,0.72,105.81,0.74,57.5,0.75,10.0,0.01,0.01,2354.70835,1776183796000
1776183797.752,197.752,0.26,38.18,0.25,15.0,0.27,10.0,0.28,105.81,0.73,10.0,0.72,105.81,0.74,40.17,0.75,15.0,0.01,0.01,2354.70835,1776183796000
1776183798.022,198.022,0.26,36.16,0.25,15.0,0.27,10.0,0.28,105.81,0.73,10.0,0.72,105.81,0.74,38.18,0.75,15.0,0.01,0.01,2354.70835,1776183796000
1776183798.227,198.227,0.26,44.14,0.25,20.0,0.27,10.0,0.28,105.81,0.73,10.0,0.72,105.81,0.74,36.16,0.75,15.0,0.01,0.01,2354.70835,1776183796000
1776183798.699,198.699,0.26,39.74,0.25,10.0,0.27,15.0,0.28,105.81,0.73,10.0,0.72,105.81,0.74,42.12,0.75,20.0,0.01,0.01,2354.868005,1776183797000
1776183799.079,199.079,0.26,28.86,0.25,10.0,0.27,24.74,0.28,105.81,0.73,15.0,0.72,105.81,0.74,39.74,0.75,10.0,0.01,0.01,2354.868005,1776183797000
1776183799.847,199.847,0.24,115.0,0.23,37.45,0.27,111.15,0.28,490.0,0.73,24.74,0.72,105.81,0.74,28.86,0.75,10.0,0.03,0.01,2354.868005,1776183797000
1776183800.442,200.442,0.24,115.0,0.23,37.45,0.27,111.15,0.28,490.0,0.73,111.15,0.72,490.0,0.76,115.0,0.77,37.45,0.03,0.03,2354.749825,1776183799000
1776183800.781,200.781,0.24,110.0,0.23,35.0,0.25,85.9,0.26,10.0,0.73,111.15,0.72,490.0,0.76,115.0,0.77,37.45,0.01,0.03,2354.749825,1776183799000
1776183801.045,201.045,0.24,68.76,0.23,35.0,0.25,126.9,0.26,501.74,0.75,126.9,0.74,501.74,0.76,68.76,0.77,35.0,0.01,0.01,2354.74099,1776183800000
1776183801.88,201.88,0.23,100.0,0.22,60.0,0.25,584.0,0.26,119.67,0.75,126.9,0.74,501.74,0.76,68.76,0.77,35.0,0.02,0.01,2354.74099,1776183800000
1776183803.048,203.048,0.23,100.0,0.22,60.0,0.25,584.0,0.26,119.67,0.75,584.0,0.74,119.67,0.77,100.0,0.78,60.0,0.02,0.02,2354.611885,1776183802000
1776183804.104,204.104,0.23,100.0,0.22,60.0,0.25,584.0,0.26,119.67,0.75,584.0,0.74,119.67,0.77,100.0,0.78,60.0,0.02,0.02,2354.55682,1776183803000
1776183805.018,205.018,0.23,55.48,0.22,55.0,0.24,110.9,0.25,554.74,0.75,584.0,0.74,119.67,0.77,100.0,0.78,60.0,0.01,0.02,2354.55682,1776183803000
1776183805.62,205.62,0.23,50.7,0.22,50.0,0.24,550.0,0.25,60.0,0.76,110.9,0.75,554.74,0.77,55.48,0.78,55.0,0.01,0.01,2354.556155,1776183804000
1776183805.927,205.927,0.22,55.0,0.21,191.78,0.24,75.0,0.25,568.31,0.76,75.0,0.75,88.31,0.77,35.25,0.78,50.0,0.02,0.01,2354.556155,1776183804000
1776183806.15,206.15,0.22,97.78,0.21,676.78,0.24,58.33,0.25,580.31,0.77,5.65,0.76,65.0,0.78,102.78,0.79,676.78,0.02,0.01,2354.62488,1776183805000
1776183807.098,207.098,0.23,999.46,0.22,595.0,0.24,29.42,0.26,23.0,0.76,58.33,0.75,585.31,0.77,14.18,0.78,116.99,0.01,0.01,2354.62488,1776183805000
1776183807.77,207.77,0.23,582.0,0.22,115.0,0.26,55.21,0.27,73.0,0.76,29.42,0.74,23.0,0.77,999.46,0.78,595.0,0.03,0.01,2354.590285,1776183806000
1776183808.295,208.295,0.23,553.02,0.22,115.0,0.25,10.0,0.26,105.21,0.75,10.0,0.74,105.21,0.77,553.02,0.78,115.0,0.02,0.02,2354.581115,1776183807000
1776183809.163,209.163,0.25,3.8,0.24,552.0,0.27,13.0,0.28,50.0,0.75,10.0,0.74,105.21,0.77,553.02,0.78,115.0,0.02,0.02,2354.581115,1776183807000
1776183810.039,210.039,0.26,17.99,0.25,75.0,0.27,83.31,0.28,60.0,0.73,23.0,0.72,50.0,0.74,2.48,0.75,3.8,0.01,0.01,2354.683605,1776183808000
1776183810.438,210.438,0.28,57.96,0.27,70.0,0.29,45.0,0.3,250.0,0.73,83.31,0.72,60.0,0.74,17.99,0.75,75.0,0.01,0.01,2354.699615,1776183809000
1776183810.851,210.851,0.26,183.55,0.25,565.0,0.29,93.58,0.3,250.0,0.71,45.0,0.7,250.0,0.72,57.96,0.73,70.0,0.03,0.01,2354.699615,1776183809000
1776183811.053,211.053,0.26,183.55,0.25,565.0,0.29,93.58,0.3,250.0,0.71,93.58,0.7,250.0,0.74,183.55,0.75,565.0,0.03,0.03,2354.758835,1776183810000
1776183811.743,211.743,0.25,41.15,0.24,10.0,0.26,164.29,0.27,75.0,0.71,93.58,0.7,250.0,0.74,183.55,0.75,565.0,0.01,0.03,2354.758835,1776183810000
1776183812.08,212.08,0.25,41.15,0.24,10.0,0.26,164.29,0.27,75.0,0.74,164.29,0.73,75.0,0.75,41.15,0.76,10.0,0.01,0.01,2354.838165,1776183811000
1776183812.499,212.499,0.24,45.05,0.23,605.78,0.25,15.0,0.26,169.29,0.74,79.29,0.73,10.0,0.76,40.05,0.77,95.0,0.01,0.02,2354.838165,1776183811000
1776183813.024,213.024,0.25,540.0,0.24,175.0,0.26,20.0,0.28,15.0,0.75,15.0,0.74,169.29,0.76,45.05,0.77,605.78,0.01,0.01,2354.838165,1776183811000
1776183813.677,213.677,0.25,540.0,0.24,175.0,0.26,20.0,0.28,15.0,0.74,20.0,0.72,15.0,0.75,540.0,0.76,175.0,0.01,0.01,2355.03456,1776183812000
1776183814.25,214.25,0.25,575.0,0.24,165.0,0.26,9.0,0.27,52.16,0.74,14.0,0.73,52.16,0.75,585.0,0.76,155.0,0.01,0.01,2355.03456,1776183812000
1776183814.722,214.722,0.24,10.0,0.23,35.0,0.26,67.0,0.27,580.16,0.73,52.16,0.71,45.0,0.75,575.0,0.76,165.0,0.02,0.02,2355.03456,1776183812000
1776183814.945,214.945,0.23,35.0,0.22,180.0,0.24,14.58,0.25,33.0,0.74,67.0,0.73,580.16,0.76,10.0,0.77,35.0,0.01,0.02,2355.03456,1776183812000
1776183815.883,215.883,0.23,35.0,0.22,180.0,0.24,14.58,0.25,33.0,0.76,14.58,0.75,33.0,0.77,35.0,0.78,180.0,0.01,0.01,2355.016596,1776183814000
1776183816.127,216.127,0.23,515.0,0.22,190.0,0.25,7.15,0.27,10.0,0.76,14.58,0.75,33.0,0.77,35.0,0.78,180.0,0.02,0.01,2355.016596,1776183814000
1776183816.36,216.36,0.24,78.55,0.23,540.0,0.25,2.3,0.27,10.0,0.75,2.3,0.73,10.0,0.76,80.0,0.77,540.0,0.01,0.01,2355.016596,1776183814000
1776183817.222,217.222,0.24,78.55,0.23,540.0,0.25,2.3,0.27,10.0,0.75,2.3,0.73,10.0,0.76,78.55,0.77,540.0,0.01,0.01,2355.02996,1776183816000
1776183818.176,218.176,0.28,9.7,0.24,591.3,0.29,58.0,0.3,250.0,0.75,2.3,0.73,10.0,0.76,78.55,0.77,540.0,0.01,0.01,2355.02996,1776183816000
1776183818.504,218.504,0.28,9.7,0.24,613.3,0.29,2.65,0.3,250.0,0.71,2.65,0.7,250.0,0.72,9.7,0.76,613.3,0.01,0.01,2354.900445,1776183817000
1776183818.871,218.871,0.27,5.0,0.26,13.0,0.29,53.0,0.3,165.0,0.71,21.0,0.7,160.0,0.72,0.81,0.74,13.0,0.02,0.01,2354.900445,1776183817000
1776183819.159,219.159,0.27,5.0,0.26,13.0,0.29,53.0,0.3,165.0,0.71,53.0,0.7,165.0,0.73,5.0,0.74,13.0,0.02,0.02,2355.045662,1776183818000
1776183819.599,219.599,0.26,13.0,0.25,70.0,0.28,38.88,0.29,10.0,0.71,53.0,0.7,165.0,0.73,5.0,0.74,13.0,0.02,0.02,2355.045662,1776183818000
1776183820.499,220.499,0.25,57.0,0.24,30.0,0.26,20.0,0.27,59.0,0.72,14.88,0.71,10.0,0.74,13.0,0.75,70.0,0.01,0.02,2355.045662,1776183818000
1776183821.308,221.308,0.25,43.0,0.24,30.0,0.27,54.92,0.28,15.0,0.73,54.92,0.72,15.0,0.75,43.0,0.76,30.0,0.02,0.02,2355.10141,1776183820000
1776183821.683,221.683,0.25,35.98,0.24,84.24,0.26,16.15,0.27,83.92,0.74,25.0,0.73,83.92,0.75,40.98,0.76,55.0,0.01,0.01,2355.10141,1776183820000
1776183821.932,221.932,0.25,39.58,0.24,94.24,0.26,16.15,0.27,83.92,0.74,16.15,0.73,83.92,0.75,35.98,0.76,84.24,0.01,0.01,2355.10141,1776183820000
1776183823.394,223.394,0.25,39.58,0.24,94.24,0.26,16.15,0.27,83.92,0.74,16.15,0.73,83.92,0.75,39.58,0.76,94.24,0.01,0.01,2355.010366,1776183822000
1776183823.735,223.735,0.25,42.78,0.24,40.0,0.26,108.0,0.27,540.0,0.74,16.15,0.73,83.92,0.75,39.58,0.76,94.24,0.01,0.01,2355.010366,1776183822000
1776183823.96,223.96,0.25,36.11,0.24,40.0,0.26,588.0,0.27,65.0,0.74,108.0,0.73,540.0,0.75,42.78,0.76,40.0,0.01,0.01,2355.010366,1776183822000
1776183825.656,225.656,0.25,36.11,0.24,35.0,0.26,556.07,0.27,65.0,0.74,556.07,0.73,65.0,0.75,36.11,0.76,35.0,0.01,0.01,2354.980605,1776183824000
1776183826.051,226.051,0.25,3.65,0.23,10.0,0.26,559.0,0.27,60.0,0.74,556.07,0.73,65.0,0.75,36.11,0.76,35.0,0.01,0.01,2354.980605,1776183824000
1776183826.312,226.312,0.25,3.65,0.23,10.0,0.26,559.0,0.27,60.0,0.74,559.0,0.73,60.0,0.75,3.65,0.77,10.0,0.01,0.01,2354.9637,1776183825000
1776183826.75,226.75,0.23,60.0,0.22,620.0,0.24,9.0,0.25,31.15,0.74,559.0,0.73,60.0,0.75,3.65,0.77,10.0,0.01,0.01,2354.9637,1776183825000
1776183827.031,227.031,0.23,60.0,0.22,620.0,0.24,9.0,0.25,31.15,0.76,9.0,0.75,31.15,0.77,60.0,0.78,620.0,0.01,0.01,2354.84359,1776183826000
1776183827.45,227.45,0.23,495.0,0.22,135.0,0.25,29.79,0.26,60.0,0.76,9.0,0.75,31.15,0.77,498.34,0.78,135.0,0.02,0.01,2354.84359,1776183826000
1776183828.193,228.193,0.22,70.0,0.21,280.0,0.25,181.88,0.26,141.0,0.75,29.79,0.74,60.0,0.77,495.0,0.78,135.0,0.03,0.02,2354.84359,1776183826000
1776183828.568,228.568,0.22,70.0,0.21,280.0,0.25,181.88,0.26,141.0,0.75,181.88,0.74,141.0,0.78,70.0,0.79,280.0,0.03,0.03,2354.882205,1776183827000
1776183829.393,229.393,0.22,70.0,0.21,280.0,0.25,181.88,0.26,141.0,0.75,181.88,0.74,141.0,0.78,70.0,0.79,280.0,0.03,0.03,2354.9082,1776183828000
1776183829.709,229.709,0.22,45.0,0.21,275.0,0.23,178.55,0.24,550.0,0.75,181.88,0.74,141.0,0.78,70.0,0.79,280.0,0.01,0.03,2354.9082,1776183828000
1776183830.963,230.963,0.22,45.0,0.21,275.0,0.23,178.55,0.24,550.0,0.77,178.55,0.76,550.0,0.78,45.0,0.79,275.0,0.01,0.01,2354.876075,1776183829000
1776183831.345,231.345,0.22,2.82,0.21,280.0,0.23,151.55,0.24,555.0,0.77,178.55,0.76,550.0,0.78,45.0,0.79,275.0,0.01,0.01,2354.876075,1776183829000
1776183831.704,231.704,0.22,1.4,0.21,280.0,0.23,151.55,0.24,555.0,0.77,151.55,0.76,555.0,0.78,1.4,0.79,280.0,0.01,0.01,2354.80978,1776183830000
1776183832.817,232.817,0.22,1.4,0.21,280.0,0.23,151.55,0.24,555.0,0.77,151.55,0.76,555.0,0.78,1.4,0.79,280.0,0.01,0.01,2354.79363,1776183831000
1776183833.179,233.179,0.2,4.21,0.19,370.2,0.21,21.0,0.22,545.0,0.78,581.0,0.77,99.84,0.8,232.5,0.81,370.2,0.01,0.02,2354.79363,1776183831000
1776183833.862,233.862,0.2,4.21,0.19,370.2,0.21,21.0,0.22,545.0,0.79,21.0,0.78,545.0,0.8,4.21,0.81,370.2,0.01,0.01,2354.79363,1776183833000
1776183835.266,235.266,0.2,4.21,0.19,370.2,0.21,21.0,0.22,545.0,0.79,21.0,0.78,545.0,0.8,4.21,0.81,370.2,0.01,0.01,2354.71668,1776183834000
1776183835.833,235.833,0.17,5.94,0.16,205.0,0.18,590.44,0.19,193.0,0.79,21.0,0.78,545.0,0.8,4.21,0.81,370.2,0.01,0.01,2354.71668,1776183834000
1776183836.291,236.291,0.17,5.94,0.16,205.0,0.18,590.44,0.19,193.0,0.82,590.44,0.81,193.0,0.83,5.94,0.84,205.0,0.01,0.01,2354.54954,1776183835000
1776183836.637,236.637,0.14,54.83,0.13,190.0,0.15,73.0,0.16,302.0,0.85,15.0,0.84,568.0,0.86,62.0,0.87,190.0,0.01,0.01,2354.54954,1776183835000
1776183837.302,237.302,0.14,45.62,0.13,190.0,0.15,598.0,0.16,352.0,0.85,598.0,0.84,352.0,0.86,45.62,0.87,190.0,0.01,0.01,2354.502557,1776183836000
1776183837.547,237.547,0.13,77.29,0.12,539.1,0.14,35.0,0.15,588.0,0.85,603.0,0.84,183.0,0.87,76.62,0.88,539.1,0.01,0.02,2354.502557,1776183836000
1776183837.758,237.758,0.13,66.14,0.12,539.1,0.14,77.0,0.15,588.0,0.86,72.0,0.85,588.0,0.87,67.29,0.88,539.1,0.01,0.01,2354.502557,1776183836000
1776183838.217,238.217,0.13,56.66,0.12,539.1,0.14,605.0,0.15,95.0,0.86,77.0,0.85,588.0,0.87,66.14,0.88,539.1,0.01,0.01,2354.502557,1776183836000
1776183838.802,238.802,0.11,325.44,0.1,150.0,0.13,1149.99,0.14,154.99,0.86,605.0,0.85,95.0,0.87,56.66,0.88,539.1,0.02,0.01,2354.33115,1776183837000
1776183839.253,239.253,0.11,325.44,0.1,150.0,0.13,1149.99,0.14,154.99,0.87,1149.99,0.86,154.99,0.89,325.44,0.9,150.0,0.02,0.02,2354.193724,1776183838000
1776183840.26,240.26,0.1,120.1,0.09,244.0,0.11,98.0,0.12,898.85,0.89,98.0,0.88,898.85,0.9,120.1,0.91,244.0,0.01,0.01,2354.03835,1776183839000
1776183841.229,241.229,0.1,120.1,0.09,244.0,0.11,98.0,0.12,898.85,0.89,98.0,0.88,898.85,0.9,120.1,0.91,244.0,0.01,0.01,2353.761041,1776183840000
1776183841.726,241.726,0.05,100.5,0.04,962.0,0.06,70.0,0.07,281.0,0.89,98.0,0.88,898.85,0.9,120.1,0.91,244.0,0.01,0.01,2353.761041,1776183840000
1776183841.983,241.983,0.05,114.64,0.04,962.0,0.06,143.0,0.07,286.0,0.94,143.0,0.93,286.0,0.95,95.5,0.96,962.0,0.01,0.01,2353.761041,1776183840000
1776183842.246,242.246,0.05,106.48,0.04,962.0,0.06,148.0,0.07,286.0,0.94,148.0,0.93,286.0,0.95,106.48,0.96,962.0,0.01,0.01,2353.69017,1776183841000
1776183842.537,242.537,0.05,566.37,0.04,487.0,0.06,15.0,0.07,85.0,0.94,139.0,0.93,286.0,0.95,94.37,0.96,962.0,0.01,0.01,2353.69017,1776183841000
1776183842.752,242.752,0.05,564.26,0.04,550.0,0.07,95.0,0.08,145.14,0.94,60.0,0.93,85.0,0.95,569.26,0.96,425.0,0.02,0.01,2353.69017,1776183841000
1776183843.176,243.176,0.05,550.72,0.04,550.0,0.06,10.0,0.07,95.0,0.94,10.0,0.93,95.0,0.95,550.72,0.96,550.0,0.01,0.01,2353.63625,1776183842000
1776183843.729,243.729,0.05,52.66,0.04,1005.0,0.06,15.0,0.07,241.0,0.94,10.0,0.93,95.0,0.95,550.72,0.96,550.0,0.01,0.01,2353.63625,1776183842000
1776183843.943,243.943,0.05,147.39,0.04,1005.0,0.06,10.0,0.07,247.14,0.94,15.0,0.93,241.0,0.95,52.66,0.96,1005.0,0.01,0.01,2353.63625,1776183842000
1776183844.163,244.163,0.05,147.39,0.04,1005.0,0.06,10.0,0.07,247.14,0.94,10.0,0.93,247.14,0.95,147.39,0.96,1005.0,0.01,0.01,2353.43866,1776183843000
1776183845.12,245.12,0.05,147.13,0.04,1005.0,0.06,65.0,0.07,308.14,0.94,10.0,0.93,247.14,0.95,147.39,0.96,1005.0,0.01,0.01,2353.43866,1776183843000
1776183845.355,245.355,0.05,140.02,0.04,1005.0,0.06,84.0,0.07,288.14,0.94,65.0,0.93,308.14,0.95,147.13,0.96,1005.0,0.01,0.01,2353.43866,1776183843000
1776183845.568,245.568,0.04,1005.0,0.03,769.94,0.06,89.0,0.07,288.14,0.94,84.0,0.93,288.14,0.95,128.96,0.96,1005.0,0.02,0.01,2353.43866,1776183843000
1776183845.987,245.987,0.04,689.05,0.03,715.7,0.05,65.0,0.06,414.13,0.94,89.0,0.93,288.14,0.96,1005.0,0.97,769.94,0.01,0.02,2353.54176,1776183844000
1776183846.294,246.294,0.04,689.05,0.03,715.7,0.05,65.0,0.06,414.13,0.95,65.0,0.94,414.13,0.96,689.05,0.97,715.7,0.01,0.01,2353.505935,1776183845000
1776183846.535,246.535,0.04,569.2,0.03,315.7,0.05,103.0,0.06,419.99,0.95,108.0,0.94,419.99,0.96,574.1,0.97,315.7,0.01,0.01,2353.505935,1776183845000
1776183847.015,247.015,0.04,553.95,0.03,315.7,0.05,148.48,0.06,880.99,0.95,103.0,0.94,419.99,0.96,569.2,0.97,315.7,0.01,0.01,2353.505935,1776183845000
1776183847.332,247.332,0.04,387.8,0.03,492.0,0.05,305.14,0.06,713.14,0.95,90.27,0.94,880.99,0.96,548.95,0.97,315.7,0.01,0.01,2353.505935,1776183845000
1776183848.031,248.031,0.04,387.8,0.03,492.0,0.05,305.14,0.06,713.14,0.95,305.14,0.94,713.14,0.96,387.8,0.97,492.0,0.01,0.01,2353.45895,1776183847000
1776183848.335,248.335,0.04,363.05,0.03,92.0,0.05,293.14,0.06,781.94,0.95,305.14,0.94,713.14,0.96,387.8,0.97,492.0,0.01,0.01,2353.45895,1776183847000
1776183848.633,248.633,0.04,335.71,0.03,92.0,0.05,944.94,0.06,301.94,0.95,293.14,0.94,781.94,0.96,363.05,0.97,92.0,0.01,0.01,2353.45895,1776183847000
1776183849.165,249.165,0.04,75.41,0.03,92.0,0.05,835.59,0.06,301.94,0.95,924.94,0.94,301.94,0.96,225.41,0.97,92.0,0.01,0.01,2353.45895,1776183847000
1776183849.779,249.779,0.04,9.2,0.03,92.0,0.05,848.98,0.06,296.94,0.95,860.59,0.94,301.94,0.96,9.2,0.97,92.0,0.01,0.01,2353.31448,1776183848000
1776183850.257,250.257,0.04,9.2,0.03,92.0,0.05,838.32,0.06,296.94,0.95,838.32,0.94,296.94,0.96,9.2,0.97,92.0,0.01,0.01,2353.256016,1776183849000
1776183850.57,250.57,0.03,92.0,0.02,685.0,0.05,951.31,0.06,265.8,0.95,838.32,0.94,296.94,0.96,9.2,0.97,92.0,0.02,0.01,2353.256016,1776183849000
1776183850.939,250.939,0.02,735.5,0.01,7884.57,0.03,86.66,0.04,878.7,0.96,521.0,0.95,445.31,0.98,685.0,0.99,7943.81,0.01,0.02,2353.256016,1776183849000
1776183851.16,251.16,0.02,738.46,0.01,7906.81,0.03,151.14,0.04,778.7,0.97,86.66,0.96,878.7,0.98,735.5,0.99,7884.57,0.01,0.01,2353.256016,1776183849000
1776183851.384,251.384,0.02,733.46,0.01,7906.81,0.03,263.5,0.04,778.7,0.97,151.14,0.96,778.7,0.98,738.46,0.99,7906.81,0.01,0.01,2352.988325,1776183850000
1776183851.741,251.741,0.02,732.43,0.01,7861.82,0.03,263.5,0.04,783.7,0.97,263.5,0.96,778.7,0.98,733.46,0.99,7906.81,0.01,0.01,2352.988325,1776183850000
1776183852.12,252.12,0.02,707.07,0.01,7498.22,0.03,263.5,0.04,783.7,0.97,268.5,0.96,303.7,0.98,712.17,0.99,7498.22,0.01,0.01,2352.988325,1776183850000
1776183852.407,252.407,0.02,707.07,0.01,7498.22,0.03,263.5,0.04,783.7,0.97,263.5,0.96,783.7,0.98,707.07,0.99,7498.22,0.01,0.01,2352.865625,1776183851000
1776183852.952,252.952,0.02,611.04,0.01,7498.22,0.03,364.5,0.04,751.7,0.97,294.5,0.96,793.7,0.98,701.04,0.99,7498.22,0.01,0.01,2352.865625,1776183851000
1776183853.32,253.32,0.02,611.04,0.01,7498.22,0.03,398.45,0.04,751.7,0.97,364.5,0.96,751.7,0.98,611.04,0.99,7498.22,0.01,0.01,2352.754189,1776183852000
1776183853.615,253.615,0.02,561.04,0.01,7503.22,0.03,517.45,0.04,751.7,0.97,398.45,0.96,751.7,0.98,611.04,0.99,7498.22,0.01,0.01,2352.754189,1776183852000
1776183853.895,253.895,0.02,389.83,0.01,7503.22,0.03,571.76,0.04,751.7,0.97,563.45,0.96,751.7,0.98,389.83,0.99,7503.22,0.01,0.01,2352.754189,1776183852000
1776183854.117,254.117,0.02,389.83,0.01,7503.22,0.03,571.76,0.04,751.7,0.97,571.76,0.96,751.7,0.98,389.83,0.99,7503.22,0.01,0.01,2352.688157,1776183853000
1776183855.243,255.243,0.02,389.83,0.01,7503.22,0.03,571.76,0.04,751.7,0.97,571.76,0.96,751.7,0.98,389.83,0.99,7503.22,0.01,0.01,2352.56809,1776183854000
1776183855.648,255.648,0.01,7403.05,,,0.02,206.14,0.03,952.46,0.98,10.0,0.97,1103.6,0.99,7408.05,,,0.01,0.01,2352.56809,1776183854000
1776183855.98,255.98,0.01,7372.05,,,0.02,375.63,0.03,952.46,0.98,375.63,0.97,952.46,0.99,7291.05,,,0.01,0.01,2352.56809,1776183854000
1776183856.257,256.257,0.01,7372.05,,,0.02,357.92,0.03,993.46,0.98,368.72,0.97,993.46,0.99,7377.05,,,0.01,0.01,2352.56809,1776183854000
1776183856.876,256.876,0.01,7334.04,,,0.02,373.92,0.03,999.46,0.98,373.92,0.97,993.46,0.99,7331.41,,,0.01,0.01,2352.40682,1776183855000
1776183857.189,257.189,0.01,7277.99,,,0.02,409.92,0.03,1014.88,0.98,409.92,0.97,999.46,0.99,7280.99,,,0.01,0.01,2352.368375,1776183856000
1776183857.922,257.922,0.01,7139.85,,,0.02,519.79,0.03,1021.88,0.98,519.79,0.97,1014.88,0.99,7146.78,,,0.01,0.01,2352.368375,1776183856000
1776183858.164,258.164,0.01,7142.85,,,0.02,519.79,0.03,1034.88,0.98,519.79,0.97,1034.88,0.99,7142.85,,,0.01,0.01,2352.31827,1776183857000
1776183859.119,259.119,0.01,6977.85,,,0.02,607.46,0.03,1039.88,0.98,519.79,0.97,1034.88,0.99,7142.85,,,0.01,0.01,2352.31827,1776183857000
1776183859.35,259.35,0.01,6962.69,,,0.02,1087.46,0.03,656.88,0.98,607.46,0.97,1039.88,0.99,6977.85,,,0.01,0.01,2352.31827,1776183857000
1776183860.355,260.355,0.01,6959.69,,,0.02,1092.46,0.03,524.88,0.98,1092.46,0.97,524.88,0.99,6959.69,,,0.01,0.01,2352.328248,1776183859000
1776183860.756,260.756,0.01,6952.33,,,0.02,672.07,0.03,1011.88,0.98,1092.46,0.97,524.88,0.99,6959.69,,,0.01,0.01,2352.328248,1776183859000
1776183861.449,261.449,0.01,6947.27,,,0.02,646.55,0.03,926.88,0.98,672.07,0.97,1011.88,0.99,6952.33,,,0.01,0.01,2352.328248,1776183860000
1776183861.695,261.695,0.01,6938.17,,,0.02,646.55,0.03,926.88,0.98,646.55,0.97,926.88,0.99,6947.27,,,0.01,0.01,2352.328248,1776183860000
1776183862.265,262.265,0.01,6841.15,,,0.02,646.55,0.03,926.88,0.98,646.55,0.97,926.88,0.99,6842.17,,,0.01,0.01,2352.15613,1776183861000
1776183862.684,262.684,0.01,6836.15,,,0.02,646.55,0.03,926.88,0.98,646.55,0.97,926.88,0.99,6841.15,,,0.01,0.01,2352.15613,1776183861000
1776183862.897,262.897,0.01,6722.21,,,0.02,646.55,0.03,926.88,0.98,646.55,0.97,926.88,0.99,6722.21,,,0.01,0.01,2352.14393,1776183862000
1776183863.304,263.304,0.01,6697.21,,,0.02,646.55,0.03,926.88,0.98,646.55,0.97,926.88,0.99,6722.21,,,0.01,0.01,2352.14393,1776183862000
1776183863.724,263.724,0.01,6672.21,,,0.02,646.55,0.03,938.88,0.98,646.55,0.97,926.88,0.99,6697.21,,,0.01,0.01,2352.14393,1776183862000
1776183864.1,264.1,0.01,6646.9,,,0.02,746.55,0.03,938.88,0.98,646.55,0.97,938.88,0.99,6672.21,,,0.01,0.01,2352.23139,1776183863000
1776183864.703,264.703,0.01,6020.79,,,0.02,647.09,0.03,938.88,0.98,746.55,0.97,938.88,0.99,6606.79,,,0.01,0.01,2352.23139,1776183863000
1776183865.326,265.326,0.01,6111.79,,,0.02,1127.09,0.03,458.88,0.98,647.09,0.97,938.88,0.99,6020.79,,,0.01,0.01,2352.240325,1776183864000
1776183865.73,265.73,0.01,5913.5,,,0.02,1121.09,0.03,470.88,0.98,1132.09,0.97,458.88,0.99,5913.91,,,0.01,0.01,2352.240325,1776183864000
1776183866.234,266.234,0.01,5883.5,,,0.02,1121.09,0.03,470.88,0.98,1121.09,0.97,470.88,0.99,5883.5,,,0.01,0.01,2352.33682,1776183865000
1776183866.725,266.725,0.01,5838.5,,,0.02,1132.09,0.03,470.88,0.98,1132.09,0.97,470.88,0.99,5868.5,,,0.01,0.01,2352.33682,1776183865000
1776183867.241,267.241,0.01,5838.5,,,0.02,1132.09,0.03,470.88,0.98,1132.09,0.97,470.88,0.99,5838.5,,,0.01,0.01,2352.251355,1776183866000
1776183867.519,267.519,0.01,5808.5,,,0.02,1121.09,0.03,470.88,0.98,1132.09,0.97,470.88,0.99,5838.5,,,0.01,0.01,2352.251355,1776183866000
1776183867.794,267.794,0.01,5783.19,,,0.02,631.09,0.03,950.88,0.98,1121.09,0.97,470.88,0.99,5808.5,,,0.01,0.01,2352.251355,1776183866000
1776183868.183,268.183,0.01,5783.19,,,0.02,631.09,0.03,950.88,0.98,631.09,0.97,950.88,0.99,5783.19,,,0.01,0.01,2352.256625,1776183867000
1776183869.163,269.163,0.01,5783.19,,,0.02,631.09,0.03,950.88,0.98,631.09,0.97,950.88,0.99,5783.19,,,0.01,0.01,2352.29738,1776183868000
1776183869.484,269.484,0.01,5602.19,,,0.02,1116.44,0.03,395.88,0.98,1116.44,0.97,395.88,0.99,5753.19,,,0.01,0.01,2352.29738,1776183868000
1776183869.758,269.758,0.01,5565.19,,,0.02,1116.44,0.03,395.88,0.98,1116.44,0.97,395.88,0.99,5572.19,,,0.01,0.01,2352.29738,1776183868000
1776183870.101,270.101,0.01,5509.64,,,0.02,1116.44,0.03,395.88,0.98,1116.44,0.97,395.88,0.99,5509.64,,,0.01,0.01,2352.355725,1776183869000
1776183870.503,270.503,0.01,5499.57,,,0.02,1225.45,0.03,385.88,0.98,1116.44,0.97,395.88,0.99,5509.59,,,0.01,0.01,2352.355725,1776183869000
1776183870.794,270.794,0.01,5398.56,,,0.02,1225.45,0.03,373.88,0.98,1225.45,0.97,385.88,0.99,5499.57,,,0.01,0.01,2352.355725,1776183869000
1776183871.103,271.103,0.01,1256.22,,,0.02,1230.45,0.03,378.88,0.98,1225.45,0.97,373.88,0.99,5398.56,,,0.01,0.01,2352.355725,1776183869000
1776183871.636,271.636,,,,,0.02,1230.45,0.03,378.88,0.98,1225.45,0.97,378.88,0.99,852.22,,,,0.01,2352.34365,1776183870000
1776183871.988,271.988,,,,,0.01,776.01,0.02,981.46,0.98,1230.45,0.97,378.88,,,,,,,2352.34365,1776183870000
1776183872.633,272.633,,,,,0.01,1739.82,0.02,525.32,0.99,789.34,0.98,981.46,,,,,,,2352.342385,1776183871000
1776183872.969,272.969,,,,,0.01,1426.2,0.02,425.32,0.99,1739.79,0.98,425.32,,,,,,,2352.342385,1776183871000
1776183873.471,273.471,,,,,0.01,1445.24,0.02,425.32,0.99,1426.2,0.98,425.32,,,,,,,2352.345495,1776183872000
1776183873.803,273.803,,,,,0.01,1118.35,0.02,425.32,0.99,1445.24,0.98,425.32,,,,,,,2352.345495,1776183872000
1776183874.223,274.223,,,,,0.01,1118.35,0.02,425.32,0.99,1118.35,0.98,425.32,,,,,,,2352.25709,1776183873000
1776183875.23,275.23,,,,,0.01,1118.35,0.02,425.32,0.99,1118.35,0.98,425.32,,,,,,,2351.3695,1776183874000
1776183876.276,276.276,,,,,0.01,1118.35,0.02,425.32,0.99,1118.35,0.98,425.32,,,,,,,2351.247165,1776183875000
1776183877.282,277.282,,,,,0.01,1118.35,0.02,425.32,0.99,1118.35,0.98,425.32,,,,,,,2351.10245,1776183876000
1776183877.874,277.874,,,,,0.01,1430.83,0.02,230.22,0.99,1118.35,0.98,425.32,,,,,,,2351.10245,1776183876000
1776183878.483,278.483,,,,,0.01,1430.83,0.02,230.22,0.99,1430.83,0.98,230.22,,,,,,,2351.270243,1776183877000
1776183878.969,278.969,,,,,0.01,1430.83,0.02,230.22,0.99,1430.83,0.98,230.22,,,,,,,2351.455595,1776183878000
1776183880.04,280.04,,,,,0.01,1430.83,0.02,230.22,0.99,1430.83,0.98,230.22,,,,,,,2351.41183,1776183879000
1776183881.218,281.218,,,,,0.01,1430.83,0.02,230.22,0.99,1430.83,0.98,230.22,,,,,,,2351.405755,1776183880000
1776183882.238,282.238,,,,,0.01,1430.83,0.02,230.22,0.99,1430.83,0.98,230.22,,,,,,,2351.466139,1776183881000
1776183883.266,283.266,,,,,0.01,1430.83,0.02,230.22,0.99,1430.83,0.98,230.22,,,,,,,2351.350935,1776183882000
1776183884.404,284.404,,,,,0.01,1430.83,0.02,230.22,0.99,1430.83,0.98,230.22,,,,,,,2351.294935,1776183883000
1776183884.948,284.948,,,,,0.01,1430.83,0.02,230.22,0.99,1430.83,0.98,230.22,,,,,,,2351.288115,1776183884000
1776183885.969,285.969,,,,,0.01,1430.83,0.02,230.22,0.99,1430.83,0.98,230.22,,,,,,,2351.198905,1776183885000
1776183887.52,287.52,,,,,0.01,1430.83,0.02,230.22,0.99,1430.83,0.98,230.22,,,,,,,2350.979577,1776183886000
1776183888.656,288.656,,,,,0.01,1430.83,0.02,230.22,0.99,1430.83,0.98,230.22,,,,,,,2350.981343,1776183887000
1776183889.517,289.517,,,,,0.01,1430.83,0.02,230.22,0.99,1430.83,0.98,230.22,,,,,,,2350.937298,1776183888000
1776183890.257,290.257,,,,,0.01,11769.19,0.02,105.0,0.99,1430.83,0.98,230.22,,,,,,,2350.937298,1776183888000
1776183890.46,290.46,,,,,0.01,11769.19,0.02,105.0,0.99,11769.19,0.98,105.0,,,,,,,2350.951306,1776183889000
1776183891.149,291.149,,,,,0.01,11769.19,0.02,105.0,0.99,11769.19,0.98,105.0,,,,,,,2350.942456,1776183890000
1776183891.428,291.428,,,,,0.01,11766.8,0.02,105.0,0.99,11769.19,0.98,105.0,,,,,,,2350.942456,1776183890000
1776183891.81,291.81,,,,,0.01,11761.02,0.02,105.0,0.99,11766.8,0.98,105.0,,,,,,,2350.942456,1776183890000
1776183892.458,292.458,,,,,0.01,11761.02,0.02,105.0,0.99,11761.02,0.98,105.0,,,,,,,2351.095068,1776183891000
1776183893.303,293.303,,,,,0.01,11761.02,0.02,105.0,0.99,11761.02,0.98,105.0,,,,,,,2351.269385,1776183892000
1776183894.597,294.597,,,,,0.01,11761.02,0.02,105.0,0.99,11761.02,0.98,105.0,,,,,,,2351.294455,1776183893000
1776183895.288,295.288,,,,,0.01,11761.02,0.02,105.0,0.99,11761.02,0.98,105.0,,,,,,,2351.428789,1776183894000
1776183896.531,296.531,,,,,0.01,11761.02,0.02,105.0,0.99,11761.02,0.98,105.0,,,,,,,2351.48128,1776183895000
1776183897.214,297.214,,,,,0.01,11761.02,0.02,105.0,0.99,11761.02,0.98,105.0,,,,,,,2351.813814,1776183896000
1776183898.79,298.79,,,,,0.01,11761.02,0.02,105.0,0.99,11761.02,0.98,105.0,,,,,,,2352.059365,1776183897000
1776183899.558,299.558,,,,,0.01,11761.02,0.02,105.0,0.99,11761.02,0.98,105.0,,,,,,,2352.21636,1776183898000
1776183900.266,300.266,,,,,0.01,11761.02,0.02,105.0,0.99,11761.02,0.98,105.0,,,,,,,2352.287705,1776183899000

# RESULT,winner=Down,slug=eth-updown-5m-1776183600,ticks=585
