timestamp,elapsed_sec,up_bid_p1,up_bid_s1,up_bid_p2,up_bid_s2,up_ask_p1,up_ask_s1,up_ask_p2,up_ask_s2,down_bid_p1,down_bid_s1,down_bid_p2,down_bid_s2,down_ask_p1,down_ask_s1,down_ask_p2,down_ask_s2,up_spread,down_spread,eth_price,eth_oracle_ts
1776352200.981,0.981,0.48,0.78,0.45,8.88,0.49,195.0,0.5,105.0,0.51,195.0,0.5,105.0,0.52,0.78,0.55,8.88,0.01,0.01,2324.730995,1776352200000
1776352201.321,1.321,0.47,37.93,0.46,187.0,0.49,195.0,0.5,105.0,0.51,195.0,0.5,105.0,0.52,0.78,0.55,8.88,0.02,0.01,2324.730995,1776352200000
1776352201.759,1.759,0.48,5.0,0.47,42.93,0.49,174.07,0.5,105.0,0.51,186.08,0.5,105.0,0.53,42.93,0.54,187.0,0.01,0.02,2324.730995,1776352200000
1776352202.013,2.013,0.48,5.0,0.47,42.93,0.49,169.07,0.5,105.0,0.51,174.07,0.5,105.0,0.52,5.0,0.53,42.93,0.01,0.01,2324.730995,1776352200000
1776352202.32,2.32,0.48,5.0,0.47,42.93,0.49,169.07,0.5,105.0,0.51,169.07,0.5,105.0,0.52,5.0,0.53,42.93,0.01,0.01,2324.661542,1776352201000
1776352202.532,2.532,0.49,2.23,0.48,10.0,0.51,6.03,0.52,135.0,0.5,4.95,0.49,10.18,0.51,2.23,0.52,10.0,0.02,0.01,2324.661542,1776352201000
1776352202.996,2.996,0.46,144.75,0.45,208.88,0.51,6.03,0.52,135.0,0.49,6.03,0.48,135.0,0.54,144.75,0.55,208.88,0.05,0.05,2324.765468,1776352202000
1776352203.315,3.315,0.49,97.84,0.48,110.0,0.51,6.03,0.52,130.0,0.49,6.03,0.48,135.0,0.54,144.75,0.55,208.88,0.02,0.05,2324.765468,1776352202000
1776352203.671,3.671,0.5,26.0,0.49,94.46,0.51,1.03,0.52,130.0,0.49,6.03,0.48,130.0,0.51,81.46,0.52,110.0,0.01,0.02,2324.765468,1776352202000
1776352203.909,3.909,0.51,61.74,0.5,96.0,0.52,125.39,0.56,10.0,0.48,120.39,0.44,10.0,0.49,61.74,0.5,96.0,0.01,0.01,2324.765468,1776352202000
1776352204.341,4.341,0.51,96.74,0.5,91.0,0.52,95.25,0.56,110.0,0.48,125.39,0.44,10.0,0.49,61.74,0.5,96.0,0.01,0.01,2324.948962,1776352203000
1776352205.147,5.147,0.51,115.74,0.5,91.0,0.52,95.25,0.56,110.0,0.48,95.25,0.44,110.0,0.49,115.74,0.5,91.0,0.01,0.01,2325.512675,1776352204000
1776352206.132,6.132,0.51,40.0,0.5,220.0,0.52,110.25,0.53,10.0,0.48,110.25,0.47,10.0,0.49,40.0,0.5,220.0,0.01,0.01,2325.620008,1776352205000
1776352206.488,6.488,0.51,263.0,0.5,261.0,0.52,68.32,0.54,10.0,0.48,78.32,0.46,10.0,0.49,233.0,0.5,261.0,0.01,0.01,2325.620008,1776352205000
1776352206.984,6.984,0.51,288.0,0.5,221.0,0.52,0.55,0.54,10.0,0.48,5.55,0.46,10.0,0.49,272.0,0.5,261.0,0.01,0.01,2325.620008,1776352205000
1776352207.2,7.2,0.51,288.0,0.5,221.0,0.52,0.55,0.54,10.0,0.48,0.55,0.46,10.0,0.49,288.0,0.5,221.0,0.01,0.01,2325.377695,1776352206000
1776352207.489,7.489,0.55,9.45,0.51,293.0,0.58,10.0,0.59,120.0,0.48,0.55,0.46,10.0,0.49,288.0,0.5,221.0,0.03,0.01,2325.377695,1776352206000
1776352207.768,7.768,0.57,170.0,0.56,115.0,0.58,10.0,0.59,120.0,0.42,10.0,0.41,120.0,0.45,9.45,0.49,293.0,0.01,0.03,2325.377695,1776352206000
1776352208.253,8.253,0.57,170.0,0.56,115.0,0.58,10.0,0.59,120.0,0.42,10.0,0.41,120.0,0.43,170.0,0.44,115.0,0.01,0.01,2325.726622,1776352207000
1776352208.907,8.907,0.57,169.5,0.56,176.0,0.58,135.5,0.59,120.0,0.42,10.0,0.41,120.0,0.43,170.0,0.44,115.0,0.01,0.01,2325.726622,1776352207000
1776352209.296,9.296,0.57,164.5,0.56,176.0,0.58,135.5,0.59,120.0,0.42,135.5,0.41,120.0,0.43,164.5,0.44,176.0,0.01,0.01,2325.975612,1776352208000
1776352209.966,9.966,0.61,13.27,0.6,60.05,0.62,185.0,0.63,120.5,0.42,135.5,0.41,120.0,0.43,164.5,0.44,176.0,0.01,0.01,2325.975612,1776352208000
1776352210.341,10.341,0.61,13.27,0.6,60.05,0.62,185.0,0.63,120.5,0.38,185.0,0.37,120.5,0.39,13.27,0.4,60.05,0.01,0.01,2326.1323,1776352209000
1776352211.194,11.194,0.6,10.0,0.58,20.5,0.61,77.02,0.62,105.5,0.38,300.0,0.37,198.64,0.39,63.27,0.4,74.05,0.01,0.01,2326.1323,1776352209000
1776352211.592,11.592,0.58,150.05,0.57,197.5,0.6,215.24,0.61,28.02,0.39,77.02,0.38,105.5,0.4,10.0,0.42,20.5,0.02,0.01,2326.459102,1776352210000
1776352211.894,11.894,0.59,305.05,0.58,135.5,0.6,195.33,0.61,14.0,0.4,215.24,0.39,28.02,0.42,150.05,0.43,197.5,0.01,0.02,2326.459102,1776352210000
1776352212.113,12.113,0.59,290.5,0.58,264.5,0.6,165.59,0.61,9.0,0.4,170.66,0.39,9.0,0.41,224.7,0.42,259.5,0.01,0.01,2326.459102,1776352210000
1776352213.38,13.38,0.63,91.05,0.62,167.5,0.65,254.8,0.66,80.5,0.38,60.0,0.36,30.5,0.41,290.5,0.42,264.5,0.02,0.03,2326.511359,1776352212000
1776352214.155,14.155,0.64,187.16,0.63,66.05,0.65,74.28,0.66,169.92,0.35,254.8,0.34,80.5,0.37,91.05,0.38,167.5,0.01,0.02,2326.511359,1776352212000
1776352215.538,15.538,0.64,86.5,0.63,160.05,0.65,17.28,0.66,159.42,0.35,74.28,0.34,169.92,0.36,187.16,0.37,66.05,0.01,0.01,2326.948802,1776352214000
1776352215.819,15.819,0.64,201.5,0.63,45.05,0.65,12.28,0.66,149.42,0.35,17.28,0.34,159.42,0.36,86.5,0.37,160.05,0.01,0.01,2326.948802,1776352214000
1776352216.039,16.039,0.64,201.5,0.63,45.05,0.65,7.12,0.66,159.42,0.35,12.28,0.34,149.42,0.36,201.5,0.37,45.05,0.01,0.01,2326.948802,1776352214000
1776352216.333,16.333,0.64,188.12,0.63,35.5,0.66,88.0,0.67,154.5,0.35,5.58,0.34,80.0,0.36,222.5,0.37,35.5,0.02,0.01,2327.04333,1776352215000
1776352217.293,17.293,0.65,145.05,0.64,52.12,0.66,90.0,0.67,154.5,0.34,88.0,0.33,154.5,0.36,188.12,0.37,35.5,0.01,0.02,2327.069275,1776352216000
1776352217.702,17.702,0.65,151.05,0.64,46.12,0.66,78.0,0.67,154.5,0.34,90.0,0.33,154.5,0.35,145.05,0.36,52.12,0.01,0.01,2327.069275,1776352216000
1776352218.209,18.209,0.65,424.19,0.64,249.5,0.68,10.0,0.69,10.0,0.34,78.0,0.33,154.5,0.35,151.05,0.36,46.12,0.03,0.01,2327.069275,1776352216000
1776352218.49,18.49,0.68,151.5,0.67,26.5,0.72,36.47,0.74,32.0,0.31,58.95,0.3,78.07,0.32,26.5,0.33,156.5,0.04,0.01,2327.069275,1776352216000
1776352218.799,18.799,0.73,10.0,0.72,15.0,0.74,35.34,0.75,85.0,0.28,36.47,0.26,32.0,0.32,151.5,0.33,26.5,0.01,0.04,2327.17943,1776352217000
1776352219.081,19.081,0.73,283.37,0.72,15.0,0.75,10.0,0.76,9.0,0.25,6.24,0.24,10.0,0.26,20.0,0.27,35.0,0.02,0.01,2327.17943,1776352217000
1776352219.305,19.305,0.75,15.0,0.74,145.0,0.77,26.0,0.78,25.0,0.23,8.0,0.22,34.0,0.25,10.0,0.26,130.0,0.02,0.02,2327.17943,1776352217000
1776352219.549,19.549,0.76,58.0,0.75,53.2,0.79,141.0,0.8,15.0,0.23,26.0,0.22,25.0,0.25,8.2,0.26,30.0,0.03,0.02,2327.191475,1776352218000
1776352219.939,19.939,0.78,130.0,0.77,16.65,0.79,11.7,0.8,60.0,0.21,107.0,0.2,39.0,0.23,5.65,0.24,180.16,0.01,0.02,2327.191475,1776352218000
1776352220.23,20.23,0.78,125.0,0.76,15.0,0.79,33.16,0.8,84.0,0.21,10.43,0.2,60.0,0.22,150.0,0.23,11.0,0.01,0.01,2327.191475,1776352218000
1776352220.668,20.668,0.78,125.0,0.76,25.0,0.81,10.0,0.82,265.0,0.19,10.0,0.18,175.0,0.22,125.0,0.24,15.0,0.03,0.03,2328.048871,1776352219000
1776352222.04,22.04,0.8,25.0,0.79,17.0,0.82,148.78,0.83,18.0,0.19,10.0,0.18,265.0,0.22,125.0,0.24,25.0,0.02,0.03,2328.324231,1776352220000
1776352222.556,22.556,0.8,10.0,0.79,17.0,0.81,10.0,0.82,148.78,0.18,148.78,0.17,18.0,0.21,17.0,0.22,35.0,0.01,0.03,2329.14352,1776352221000
1776352222.78,22.78,0.8,18.61,0.79,20.0,0.81,10.0,0.82,148.78,0.19,10.0,0.18,148.78,0.2,10.0,0.21,17.0,0.01,0.01,2329.14352,1776352221000
1776352223.263,23.263,0.79,22.0,0.78,55.0,0.81,10.0,0.82,148.78,0.19,10.0,0.18,148.78,0.2,18.61,0.21,20.0,0.02,0.01,2329.14352,1776352221000
1776352223.922,23.922,0.81,20.0,0.8,27.0,0.82,71.0,0.83,48.0,0.18,100.42,0.17,62.0,0.2,10.0,0.21,22.0,0.01,0.02,2329.234145,1776352222000
1776352224.157,24.157,0.81,59.0,0.8,30.0,0.82,37.86,0.83,48.0,0.18,40.0,0.17,48.0,0.19,52.0,0.2,37.0,0.01,0.01,2329.234145,1776352222000
1776352224.378,24.378,0.81,57.0,0.8,145.0,0.82,11.86,0.83,38.0,0.18,37.86,0.17,48.0,0.19,59.0,0.2,30.0,0.01,0.01,2329.234145,1776352222000
1776352224.762,24.762,0.82,145.0,0.81,77.0,0.83,16.92,0.84,70.0,0.17,38.0,0.16,70.0,0.19,212.0,0.2,35.0,0.01,0.02,2329.529585,1776352223000
1776352225.446,25.446,0.83,44.0,0.82,63.0,0.85,10.06,0.86,34.0,0.16,70.0,0.15,44.48,0.18,147.0,0.19,65.0,0.02,0.02,2329.565059,1776352224000
1776352225.652,25.652,0.84,37.0,0.83,25.0,0.86,37.0,0.87,25.38,0.14,44.0,0.13,25.38,0.16,37.0,0.17,25.0,0.02,0.02,2329.565059,1776352224000
1776352226.097,26.097,0.84,139.0,0.83,20.0,0.85,14.11,0.86,37.0,0.14,37.0,0.13,25.38,0.16,37.0,0.17,25.0,0.01,0.02,2329.565059,1776352224000
1776352226.344,26.344,0.84,129.0,0.82,38.0,0.85,7.97,0.86,25.11,0.14,35.11,0.13,140.38,0.16,139.0,0.17,20.0,0.01,0.02,2329.976993,1776352225000
1776352226.82,26.82,0.82,135.0,0.81,57.0,0.83,4.5,0.84,24.0,0.15,7.97,0.14,25.11,0.16,129.0,0.18,38.0,0.01,0.01,2329.976993,1776352225000
1776352228.168,28.168,0.81,145.0,0.8,42.5,0.82,15.5,0.83,65.5,0.17,4.5,0.16,24.0,0.18,135.0,0.19,57.0,0.01,0.01,2330.462961,1776352227000
1776352228.422,28.422,0.81,1039.15,0.8,146.98,0.83,46.5,0.84,20.5,0.18,23.0,0.17,72.5,0.19,184.5,0.2,49.5,0.02,0.01,2330.462961,1776352227000
1776352229.061,29.061,0.84,10.0,0.83,137.0,0.85,59.15,0.86,28.61,0.16,10.0,0.15,31.47,0.18,169.5,0.19,50.5,0.01,0.02,2330.462961,1776352227000
1776352229.313,29.313,0.83,14.11,0.82,32.5,0.84,19.0,0.85,82.15,0.16,15.0,0.15,54.15,0.17,4.11,0.18,27.5,0.01,0.01,2329.990113,1776352228000
1776352230.437,30.437,0.83,148.64,0.82,15.5,0.84,18.5,0.85,49.15,0.16,19.0,0.15,82.15,0.17,14.11,0.18,32.5,0.01,0.01,2329.901235,1776352229000
1776352233.597,33.597,0.84,20.52,0.83,73.37,0.85,158.5,0.86,76.61,0.15,49.15,0.14,160.61,0.16,6.5,0.17,153.64,0.01,0.01,2330.05081,1776352232000
1776352234.545,34.545,0.84,0.52,0.83,78.37,0.85,138.51,0.86,49.5,0.15,208.5,0.14,106.61,0.16,0.52,0.17,73.37,0.01,0.01,2330.100164,1776352233000
1776352235.247,35.247,0.83,39.36,0.81,20.0,0.84,128.61,0.85,57.5,0.16,25.11,0.15,126.51,0.17,418.7,0.18,65.8,0.01,0.01,2330.100164,1776352233000
1776352235.46,35.46,0.83,30.36,0.81,20.0,0.84,254.61,0.85,196.5,0.16,128.61,0.15,57.5,0.17,39.36,0.19,20.0,0.01,0.01,2330.001798,1776352234000
1776352236.689,36.689,0.8,20.0,0.79,47.0,0.82,172.5,0.83,95.5,0.16,274.61,0.15,196.5,0.17,316.73,0.18,54.44,0.02,0.01,2329.756938,1776352235000
1776352238.705,38.705,0.79,24.0,0.78,60.0,0.8,282.5,0.81,98.5,0.18,172.5,0.17,95.5,0.2,20.0,0.21,47.0,0.01,0.02,2329.33014,1776352237000
1776352238.991,38.991,0.78,60.0,0.77,65.0,0.8,258.5,0.81,53.5,0.2,282.5,0.19,98.5,0.21,24.0,0.22,60.0,0.02,0.01,2329.33014,1776352237000
1776352239.495,39.495,0.78,40.0,0.77,65.0,0.79,202.9,0.8,161.5,0.21,45.5,0.2,138.5,0.22,50.0,0.23,65.0,0.01,0.01,2329.24803,1776352238000
1776352241.413,41.413,0.75,10.0,0.74,5.0,0.76,208.5,0.77,122.5,0.21,202.9,0.2,161.5,0.22,40.0,0.23,65.0,0.01,0.01,2328.677325,1776352240000
1776352241.753,41.753,0.74,5.0,0.73,15.0,0.75,42.48,0.76,213.5,0.24,208.5,0.23,122.5,0.25,10.0,0.26,5.0,0.01,0.01,2328.677325,1776352240000
1776352242.277,42.277,0.72,25.0,0.71,5.0,0.73,181.11,0.74,25.5,0.27,4.98,0.26,10.0,0.28,45.0,0.29,5.0,0.01,0.01,2328.471624,1776352241000
1776352242.78,42.78,0.72,41.5,0.71,35.5,0.74,68.78,0.75,142.98,0.27,222.26,0.26,30.5,0.28,25.0,0.29,5.0,0.02,0.01,2328.471624,1776352241000
1776352243.616,43.616,0.73,208.18,0.72,40.5,0.74,61.78,0.75,122.48,0.26,68.78,0.25,142.98,0.28,41.5,0.29,35.5,0.01,0.02,2328.225348,1776352242000
1776352243.825,43.825,0.73,223.67,0.72,35.5,0.74,61.78,0.75,122.48,0.26,61.78,0.25,122.48,0.27,208.18,0.28,40.5,0.01,0.01,2328.225348,1776352242000
1776352244.88,44.88,0.74,295.5,0.73,118.37,0.75,42.48,0.76,25.09,0.26,61.78,0.25,122.48,0.27,197.37,0.28,35.5,0.01,0.01,2327.7975,1776352243000
1776352245.341,45.341,0.75,289.21,0.74,114.5,0.77,54.97,0.78,30.0,0.24,19.09,0.23,70.0,0.26,280.5,0.27,122.37,0.02,0.02,2328.023085,1776352244000
1776352246.036,46.036,0.77,302.5,0.76,57.5,0.8,35.0,0.81,18.0,0.23,54.97,0.22,30.0,0.25,289.21,0.26,114.5,0.03,0.02,2328.023085,1776352244000
1776352246.674,46.674,0.79,194.5,0.78,95.5,0.8,5.0,0.81,18.0,0.2,35.0,0.19,18.0,0.23,302.5,0.24,57.5,0.01,0.03,2328.061015,1776352245000
1776352247.361,47.361,0.79,10.0,0.78,20.0,0.8,28.0,0.81,43.9,0.2,33.75,0.19,18.0,0.21,142.0,0.22,44.5,0.01,0.01,2328.061015,1776352245000
1776352247.714,47.714,0.79,5.0,0.78,10.0,0.8,196.3,0.81,117.9,0.2,28.0,0.19,43.9,0.21,10.0,0.22,20.0,0.01,0.01,2328.55786,1776352246000
1776352248.014,48.014,0.77,84.94,0.76,5.0,0.8,225.3,0.81,126.9,0.2,196.3,0.19,117.9,0.21,5.0,0.22,10.0,0.03,0.01,2328.55786,1776352246000
1776352248.564,48.564,0.77,219.09,0.76,32.5,0.79,20.0,0.8,32.5,0.2,225.3,0.19,126.9,0.23,76.59,0.24,5.0,0.02,0.03,2328.82272,1776352247000
1776352249.106,49.106,0.78,70.0,0.77,87.09,0.79,107.7,0.8,49.5,0.21,20.0,0.2,32.5,0.23,219.09,0.24,32.5,0.01,0.02,2328.82272,1776352247000
1776352249.642,49.642,0.78,152.5,0.77,85.44,0.8,49.87,0.81,51.4,0.21,107.7,0.2,49.5,0.22,70.0,0.23,87.09,0.02,0.01,2328.826427,1776352248000
1776352250.415,50.415,0.78,165.5,0.77,85.44,0.8,29.87,0.81,51.4,0.2,39.87,0.19,51.4,0.21,5.0,0.22,152.5,0.02,0.01,2328.522401,1776352249000
1776352250.667,50.667,0.79,5.0,0.78,140.5,0.8,49.87,0.81,51.4,0.2,29.87,0.19,51.4,0.22,165.5,0.23,85.44,0.01,0.02,2328.522401,1776352249000
1776352250.968,50.968,0.79,17.0,0.78,25.5,0.8,37.73,0.81,48.9,0.2,49.87,0.19,51.4,0.21,5.0,0.22,140.5,0.01,0.01,2328.522401,1776352249000
1776352251.495,51.495,0.79,226.5,0.78,40.5,0.81,23.4,0.82,184.4,0.2,37.73,0.19,48.9,0.21,17.0,0.22,25.5,0.02,0.01,2328.68597,1776352250000
1776352252.445,52.445,0.8,145.5,0.79,130.5,0.81,21.0,0.82,174.4,0.19,23.4,0.18,184.4,0.21,226.5,0.22,40.5,0.01,0.02,2328.74893,1776352251000
1776352252.646,52.646,0.81,32.5,0.8,470.32,0.82,135.0,0.83,46.5,0.19,21.0,0.18,174.4,0.2,145.5,0.21,130.5,0.01,0.01,2328.74893,1776352251000
1776352253.138,53.138,0.8,125.0,0.79,25.5,0.82,186.84,0.83,59.0,0.18,135.0,0.17,46.5,0.19,32.5,0.2,470.32,0.02,0.01,2328.74893,1776352251000
1776352253.97,53.97,0.8,5.0,0.79,25.5,0.81,35.0,0.82,230.3,0.19,34.93,0.18,156.84,0.2,5.0,0.21,25.5,0.01,0.01,2328.820139,1776352252000
1776352254.287,54.287,0.79,25.5,0.78,35.5,0.81,1.8,0.82,230.3,0.19,50.0,0.18,230.3,0.2,120.0,0.21,25.5,0.02,0.01,2328.820139,1776352252000
1776352254.659,54.659,0.79,145.5,0.78,40.5,0.81,33.4,0.82,230.3,0.19,1.8,0.18,230.3,0.21,25.5,0.22,35.5,0.02,0.02,2329.033962,1776352253000
1776352255.321,55.321,0.79,132.0,0.78,40.5,0.8,30.78,0.81,76.9,0.19,33.4,0.18,230.3,0.21,145.5,0.22,40.5,0.01,0.02,2329.033962,1776352253000
1776352256.97,56.97,0.79,5.0,0.78,135.0,0.8,48.03,0.81,191.9,0.2,30.78,0.19,76.9,0.21,132.0,0.22,40.5,0.01,0.01,2328.892352,1776352255000
1776352257.948,57.948,0.78,10.0,0.77,74.94,0.79,320.68,0.8,221.53,0.2,48.03,0.19,191.9,0.21,5.0,0.22,135.0,0.01,0.01,2328.745123,1776352256000
1776352258.231,58.231,0.75,10.0,0.74,35.0,0.78,364.5,0.79,106.68,0.22,95.5,0.21,257.68,0.23,16.94,0.25,10.0,0.03,0.01,2328.58978,1776352257000
1776352258.929,58.929,0.71,80.0,0.7,80.5,0.72,28.64,0.73,37.0,0.22,364.5,0.21,106.68,0.25,10.0,0.26,35.0,0.01,0.03,2328.58978,1776352257000
1776352259.329,59.329,0.69,35.0,0.68,95.0,0.71,135.0,0.72,50.5,0.28,28.64,0.27,37.0,0.29,80.0,0.3,80.5,0.02,0.01,2328.467958,1776352258000
1776352259.771,59.771,0.69,25.0,0.68,95.0,0.7,231.35,0.71,120.5,0.3,5.0,0.29,91.0,0.31,26.0,0.32,105.0,0.01,0.01,2328.467958,1776352258000
1776352259.998,59.998,0.68,70.0,0.67,135.0,0.7,320.5,0.71,110.5,0.3,231.35,0.29,120.5,0.31,25.0,0.32,95.0,0.02,0.01,2328.467958,1776352258000
1776352260.265,60.265,0.67,145.0,0.66,60.0,0.69,207.05,0.7,72.5,0.31,49.05,0.3,170.5,0.32,10.0,0.33,145.0,0.02,0.01,2328.467958,1776352258000
1776352261.026,61.026,0.67,25.0,0.66,70.0,0.68,196.29,0.69,24.72,0.31,139.72,0.3,62.5,0.33,45.0,0.34,65.0,0.01,0.02,2327.912437,1776352259000
1776352261.258,61.258,0.67,79.16,0.66,80.0,0.68,10.0,0.69,17.0,0.32,196.29,0.31,24.72,0.33,25.0,0.34,70.0,0.01,0.01,2327.912437,1776352259000
1776352261.527,61.527,0.68,18.0,0.67,152.89,0.69,66.71,0.7,117.0,0.31,71.71,0.3,117.0,0.32,18.0,0.33,152.89,0.01,0.01,2327.210487,1776352260000
1776352261.869,61.869,0.68,50.0,0.67,152.89,0.69,174.38,0.7,122.0,0.31,61.63,0.3,117.0,0.32,18.0,0.33,152.89,0.01,0.01,2327.210487,1776352260000
1776352262.211,62.211,0.68,1.0,0.67,152.89,0.69,237.66,0.7,121.5,0.31,159.66,0.3,105.5,0.32,25.0,0.33,152.89,0.01,0.01,2327.106964,1776352261000
1776352262.593,62.593,0.67,136.89,0.66,75.0,0.68,140.0,0.69,99.13,0.32,15.0,0.31,135.13,0.33,125.89,0.34,70.0,0.01,0.01,2327.106964,1776352261000
1776352262.844,62.844,0.67,125.89,0.66,75.0,0.68,123.38,0.69,109.13,0.32,131.9,0.31,109.13,0.33,125.89,0.34,75.0,0.01,0.01,2327.106964,1776352261000
1776352263.173,63.173,0.67,120.82,0.66,75.0,0.68,116.9,0.69,88.63,0.32,121.9,0.31,109.13,0.33,125.89,0.34,75.0,0.01,0.01,2326.845025,1776352262000
1776352263.483,63.483,0.67,161.25,0.66,90.5,0.68,116.9,0.69,83.63,0.32,116.9,0.31,88.63,0.33,120.82,0.34,75.0,0.01,0.01,2326.845025,1776352262000
1776352263.736,63.736,0.67,302.09,0.66,94.5,0.68,6.76,0.69,61.63,0.32,8.38,0.31,61.63,0.33,302.09,0.34,119.5,0.01,0.01,2326.845025,1776352262000
1776352264.067,64.067,0.67,298.29,0.66,210.5,0.68,1.76,0.69,61.63,0.32,1.76,0.31,66.63,0.33,312.09,0.34,94.5,0.01,0.01,2326.845025,1776352262000
1776352264.272,64.272,0.67,150.09,0.66,85.5,0.69,6.91,0.7,85.0,0.31,11.91,0.3,80.0,0.33,298.29,0.34,210.5,0.02,0.02,2326.768786,1776352263000
1776352264.572,64.572,0.68,6.0,0.67,110.49,0.7,326.0,0.71,47.64,0.3,91.0,0.29,20.14,0.32,16.0,0.33,105.49,0.02,0.02,2326.768786,1776352263000
1776352264.853,64.853,0.68,24.0,0.67,115.99,0.69,3.4,0.7,181.0,0.31,40.43,0.3,178.0,0.32,6.0,0.33,100.49,0.01,0.01,2326.768786,1776352263000
1776352265.404,65.404,0.68,11.0,0.67,94.23,0.7,306.57,0.71,37.14,0.3,165.0,0.29,37.14,0.32,40.07,0.33,225.99,0.02,0.02,2326.75858,1776352264000
1776352265.898,65.898,0.67,67.73,0.66,70.5,0.69,40.0,0.7,206.07,0.3,306.57,0.29,37.14,0.32,11.0,0.33,94.23,0.02,0.02,2326.75858,1776352264000
1776352266.218,66.218,0.67,62.73,0.66,60.0,0.69,55.0,0.7,266.07,0.31,40.0,0.3,206.07,0.33,67.73,0.34,70.5,0.02,0.02,2327.044369,1776352265000
1776352266.478,66.478,0.69,20.77,0.68,112.67,0.7,236.99,0.71,90.0,0.3,236.99,0.29,83.48,0.31,14.0,0.32,107.67,0.01,0.01,2327.044369,1776352265000
1776352267.005,67.005,0.68,55.72,0.67,209.69,0.7,400.41,0.71,112.5,0.3,245.41,0.29,85.0,0.31,20.77,0.32,117.67,0.02,0.01,2327.044369,1776352265000
1776352267.368,67.368,0.68,48.72,0.67,83.69,0.69,5.0,0.7,260.41,0.3,400.41,0.29,112.5,0.32,55.72,0.33,209.69,0.01,0.02,2326.969714,1776352266000
1776352267.593,67.593,0.68,3.0,0.67,83.69,0.69,46.4,0.7,277.51,0.31,46.4,0.3,285.41,0.32,18.0,0.33,83.69,0.01,0.01,2326.969714,1776352266000
1776352267.893,67.893,0.68,3.0,0.67,77.69,0.69,109.78,0.7,282.51,0.31,89.58,0.3,312.51,0.32,3.0,0.33,77.69,0.01,0.01,2326.969714,1776352266000
1776352268.342,68.342,0.66,119.34,0.65,22.69,0.68,316.5,0.69,96.3,0.31,148.78,0.3,282.51,0.33,77.56,0.34,60.0,0.02,0.02,2326.89948,1776352267000
1776352268.569,68.569,0.67,12.0,0.66,329.34,0.68,21.0,0.69,36.8,0.32,316.5,0.31,96.3,0.34,119.34,0.35,22.69,0.01,0.02,2326.89948,1776352267000
1776352269.127,69.127,0.67,191.0,0.66,198.84,0.68,20.02,0.69,63.8,0.32,29.8,0.31,53.8,0.33,186.0,0.34,214.84,0.01,0.01,2326.89948,1776352267000
1776352269.371,69.371,0.67,71.0,0.66,313.84,0.68,10.02,0.69,41.8,0.32,20.02,0.31,63.8,0.33,191.0,0.34,198.84,0.01,0.01,2326.817477,1776352268000
1776352269.934,69.934,0.67,222.5,0.66,202.84,0.68,14.02,0.69,26.8,0.32,10.02,0.31,41.8,0.33,71.0,0.34,313.84,0.01,0.01,2326.817477,1776352268000
1776352270.291,70.291,0.67,222.5,0.66,202.84,0.68,11.38,0.69,26.8,0.32,14.02,0.31,26.8,0.33,222.5,0.34,202.84,0.01,0.01,2326.817477,1776352268000
1776352271.307,71.307,0.67,284.15,0.66,69.5,0.68,1.6,0.69,31.8,0.32,11.38,0.31,26.8,0.33,222.5,0.34,202.84,0.01,0.01,2326.72758,1776352270000
1776352271.758,71.758,0.67,241.15,0.66,74.5,0.68,3.65,0.69,25.0,0.32,1.6,0.31,31.8,0.33,284.15,0.34,69.5,0.01,0.01,2326.72758,1776352270000
1776352273.666,73.666,0.67,193.73,0.66,128.62,0.68,4.41,0.69,35.0,0.32,21.4,0.31,25.0,0.33,251.65,0.34,74.5,0.01,0.01,2326.9137,1776352272000
1776352274.373,74.373,0.67,168.73,0.66,71.99,0.68,10.29,0.69,44.8,0.32,4.41,0.31,35.0,0.33,193.73,0.34,128.62,0.01,0.01,2326.90184,1776352273000
1776352275.307,75.307,0.67,113.43,0.66,35.0,0.68,200.29,0.69,66.28,0.32,10.29,0.31,44.8,0.33,168.73,0.34,71.99,0.01,0.01,2326.90184,1776352273000
1776352275.849,75.849,0.67,34.43,0.66,45.0,0.68,244.0,0.69,66.28,0.32,200.36,0.31,66.28,0.33,84.43,0.34,35.0,0.01,0.01,2326.836302,1776352274000
1776352276.09,76.09,0.65,30.34,0.64,105.0,0.67,24.0,0.68,67.0,0.33,4.0,0.32,196.5,0.34,45.0,0.35,32.69,0.02,0.01,2326.836302,1776352274000
1776352277.38,77.38,0.66,207.32,0.65,183.35,0.67,85.0,0.68,10.0,0.33,24.0,0.32,67.0,0.35,30.34,0.36,105.0,0.01,0.02,2326.73131,1776352276000
1776352277.696,77.696,0.66,291.52,0.65,218.35,0.67,69.0,0.68,10.0,0.33,85.0,0.32,10.0,0.34,207.32,0.35,183.35,0.01,0.01,2326.73131,1776352276000
1776352277.951,77.951,0.69,10.0,0.68,140.5,0.7,155.41,0.71,107.0,0.31,10.0,0.3,145.41,0.32,25.5,0.33,149.5,0.01,0.01,2326.73131,1776352276000
1776352278.612,78.612,0.68,86.88,0.67,145.5,0.69,30.78,0.7,169.41,0.31,10.0,0.3,204.41,0.32,25.5,0.33,130.0,0.01,0.01,2326.475148,1776352277000
1776352279.748,79.748,0.66,107.6,0.65,165.34,0.67,39.68,0.68,40.0,0.31,13.55,0.3,169.41,0.32,86.88,0.33,145.5,0.01,0.01,2326.5001,1776352278000
1776352280.638,80.638,0.66,76.6,0.65,55.34,0.67,74.0,0.68,60.5,0.33,39.68,0.32,40.0,0.34,107.6,0.35,165.34,0.01,0.01,2326.84491,1776352279000
1776352281.152,81.152,0.65,55.34,0.64,100.0,0.66,164.93,0.67,74.0,0.33,79.0,0.32,60.5,0.35,45.34,0.36,100.0,0.01,0.02,2326.74715,1776352280000
1776352281.623,81.623,0.65,135.93,0.64,100.0,0.66,154.72,0.67,94.5,0.34,164.93,0.33,74.0,0.35,55.34,0.36,100.0,0.01,0.01,2326.74715,1776352280000
1776352281.93,81.93,0.65,131.25,0.64,100.0,0.66,158.05,0.67,94.5,0.34,149.72,0.33,94.5,0.35,110.93,0.36,100.0,0.01,0.01,2326.74715,1776352280000
1776352282.318,82.318,0.65,111.25,0.64,100.0,0.66,142.56,0.67,94.5,0.34,141.38,0.33,94.5,0.35,121.25,0.36,100.0,0.01,0.01,2326.74715,1776352280000
1776352284.249,84.249,0.65,107.25,0.64,225.5,0.66,15.0,0.67,21.0,0.34,158.9,0.33,94.5,0.35,72.25,0.36,100.0,0.01,0.01,2326.43236,1776352282000
1776352284.898,84.898,0.64,90.0,0.63,175.0,0.65,23.8,0.66,334.5,0.34,15.0,0.33,21.0,0.35,107.25,0.36,225.5,0.01,0.01,2326.451785,1776352283000
1776352285.423,85.423,0.62,35.0,0.61,70.0,0.63,18.91,0.64,40.5,0.35,217.1,0.34,246.5,0.36,50.0,0.37,175.0,0.01,0.01,2326.32175,1776352284000
1776352285.701,85.701,0.62,20.0,0.61,70.0,0.63,30.05,0.64,40.5,0.37,25.5,0.36,50.5,0.38,4.73,0.39,70.0,0.01,0.01,2326.32175,1776352284000
1776352286.096,86.096,0.62,18.8,0.61,20.0,0.63,114.84,0.64,40.5,0.37,124.84,0.36,40.5,0.38,36.0,0.39,20.0,0.01,0.01,2326.32175,1776352284000
1776352286.522,86.522,0.62,10.0,0.61,65.57,0.63,180.52,0.64,45.6,0.37,109.84,0.36,40.5,0.38,20.0,0.39,20.0,0.01,0.01,2326.3771,1776352285000
1776352286.794,86.794,0.61,55.57,0.6,110.0,0.62,57.22,0.63,64.68,0.37,180.52,0.36,50.75,0.39,65.57,0.4,110.0,0.01,0.02,2326.3771,1776352285000
1776352287.397,87.397,0.61,114.58,0.6,110.0,0.62,128.23,0.63,35.9,0.38,150.44,0.37,25.4,0.39,65.57,0.4,110.0,0.01,0.01,2326.117348,1776352286000
1776352288.788,88.788,0.61,59.01,0.6,100.0,0.62,222.54,0.63,40.9,0.38,126.56,0.37,25.4,0.39,114.58,0.4,110.0,0.01,0.01,2325.89334,1776352287000
1776352289.351,89.351,0.57,35.0,0.56,35.0,0.61,293.1,0.62,49.86,0.38,261.54,0.37,35.9,0.4,100.0,0.42,145.0,0.04,0.02,2325.859785,1776352288000
1776352289.892,89.892,0.56,10.0,0.55,10.0,0.57,160.45,0.58,38.68,0.39,293.1,0.38,49.86,0.43,35.0,0.44,35.0,0.01,0.04,2325.859785,1776352288000
1776352290.166,90.166,0.55,5.77,0.54,16.57,0.56,10.0,0.57,129.83,0.43,149.83,0.42,20.68,0.46,8.57,0.47,144.44,0.01,0.03,2325.859785,1776352288000
1776352290.376,90.376,0.53,257.5,0.52,159.52,0.55,5.0,0.56,120.0,0.44,115.0,0.43,25.0,0.46,16.57,0.47,247.0,0.02,0.02,2325.859785,1776352288000
1776352290.923,90.923,0.56,27.0,0.55,20.0,0.58,10.56,0.59,100.0,0.45,5.0,0.44,120.0,0.47,257.5,0.48,159.52,0.02,0.02,2325.850428,1776352289000
1776352291.422,91.422,0.57,131.45,0.56,169.5,0.59,95.0,0.6,215.0,0.41,95.0,0.4,215.0,0.43,52.2,0.44,159.0,0.02,0.02,2325.685551,1776352290000
1776352291.701,91.701,0.57,5.0,0.56,170.5,0.58,8.27,0.59,210.0,0.41,95.0,0.4,215.0,0.43,131.45,0.44,169.5,0.01,0.02,2325.685551,1776352290000
1776352292.124,92.124,0.57,5.0,0.56,145.5,0.58,135.68,0.59,85.0,0.42,8.27,0.41,210.0,0.43,5.0,0.44,170.5,0.01,0.01,2325.685551,1776352290000
1776352292.473,92.473,0.56,122.92,0.55,148.7,0.58,185.68,0.59,100.5,0.42,135.68,0.41,85.0,0.43,5.0,0.44,145.5,0.02,0.01,2325.37598,1776352291000
1776352292.835,92.835,0.55,23.2,0.54,145.52,0.57,174.0,0.58,31.18,0.42,185.68,0.41,100.5,0.44,122.92,0.45,148.7,0.02,0.02,2325.37598,1776352291000
1776352293.641,93.641,0.54,136.31,0.53,144.38,0.56,60.0,0.57,45.5,0.44,15.0,0.43,145.0,0.45,13.2,0.46,145.52,0.02,0.01,2325.362261,1776352292000
1776352294.217,94.217,0.54,4.57,0.53,138.5,0.55,175.0,0.56,35.0,0.44,60.0,0.43,45.5,0.46,136.31,0.47,144.38,0.01,0.02,2325.362261,1776352292000
1776352295.044,95.044,0.53,128.0,0.52,139.4,0.55,170.0,0.56,44.0,0.45,175.0,0.44,35.0,0.46,4.57,0.47,138.5,0.02,0.01,2325.390937,1776352293000
1776352296.125,96.125,0.53,130.55,0.52,149.9,0.54,5.0,0.55,15.0,0.45,124.36,0.44,34.0,0.47,120.55,0.48,139.4,0.01,0.02,2325.227518,1776352294000
1776352296.765,96.765,0.53,46.0,0.52,49.9,0.55,25.0,0.56,34.5,0.46,5.0,0.45,15.0,0.47,130.55,0.48,149.9,0.02,0.01,2325.227518,1776352295000
1776352297.37,97.37,0.53,111.87,0.52,49.9,0.54,10.0,0.55,240.0,0.45,25.0,0.44,34.5,0.47,46.0,0.48,49.9,0.01,0.02,2325.227518,1776352295000
1776352298.061,98.061,0.53,43.19,0.52,189.9,0.54,5.0,0.55,10.0,0.46,10.0,0.45,240.0,0.47,111.87,0.48,49.9,0.01,0.01,2325.198022,1776352296000
1776352298.32,98.32,0.53,177.39,0.52,74.9,0.54,4.99,0.55,10.0,0.46,5.0,0.45,10.0,0.47,43.19,0.48,189.9,0.01,0.01,2325.198022,1776352296000
1776352299.829,99.829,0.53,11.0,0.52,39.4,0.55,175.0,0.56,174.5,0.44,24.0,0.43,120.0,0.47,172.39,0.48,74.9,0.02,0.03,2325.119764,1776352298000
1776352301.493,101.493,0.52,33.98,0.51,59.22,0.54,140.0,0.55,140.5,0.45,175.0,0.44,174.5,0.47,11.0,0.48,39.4,0.02,0.02,2325.216241,1776352300000
1776352301.922,101.922,0.51,54.22,0.5,120.5,0.53,75.0,0.54,173.0,0.46,140.0,0.45,140.5,0.48,33.98,0.49,59.22,0.02,0.02,2325.216241,1776352300000
1776352302.404,102.404,0.51,59.22,0.5,120.5,0.52,10.0,0.53,185.0,0.47,75.0,0.46,173.0,0.49,54.22,0.5,120.5,0.01,0.02,2325.216241,1776352300000
1776352302.734,102.734,0.51,48.22,0.5,96.5,0.52,186.0,0.53,175.0,0.48,10.0,0.47,185.0,0.49,59.22,0.5,120.5,0.01,0.01,2325.202124,1776352301000
1776352302.976,102.976,0.5,86.0,0.49,90.5,0.52,170.0,0.53,175.0,0.48,186.0,0.47,175.0,0.49,48.22,0.5,86.0,0.02,0.01,2325.202124,1776352301000
1776352303.287,103.287,0.49,17.0,0.48,50.5,0.51,175.0,0.52,150.0,0.48,170.0,0.47,175.0,0.5,86.0,0.51,90.5,0.02,0.02,2325.096972,1776352302000
1776352305.326,105.326,0.46,25.0,0.45,75.5,0.49,45.0,0.5,145.5,0.5,7.83,0.49,25.0,0.51,13.94,0.52,50.5,0.03,0.01,2324.893425,1776352304000
1776352305.684,105.684,0.46,7.0,0.45,50.5,0.47,16.46,0.48,15.0,0.53,17.46,0.52,15.0,0.54,7.0,0.55,75.5,0.01,0.01,2324.893425,1776352304000
1776352306.4,106.4,0.46,5.14,0.45,40.0,0.47,34.2,0.48,25.0,0.53,10.0,0.52,15.0,0.54,7.0,0.55,50.5,0.01,0.01,2324.893425,1776352304000
1776352306.889,106.889,0.44,117.5,0.43,120.5,0.47,276.0,0.48,125.5,0.53,10.0,0.52,25.0,0.55,35.14,0.56,151.0,0.03,0.02,2324.787896,1776352305000
1776352307.336,107.336,0.43,2.45,0.42,10.0,0.44,255.2,0.45,153.5,0.55,25.0,0.54,20.0,0.56,110.0,0.57,95.5,0.01,0.01,2324.666795,1776352306000
1776352307.753,107.753,0.44,10.0,0.43,33.63,0.47,110.0,0.48,190.0,0.57,115.0,0.56,190.7,0.59,26.0,0.6,27.5,0.03,0.02,2324.666795,1776352306000
1776352308.268,108.268,0.44,21.37,0.43,36.63,0.45,173.25,0.46,116.0,0.55,5.48,0.54,225.0,0.56,67.87,0.57,43.13,0.01,0.01,2324.666795,1776352306000
1776352308.645,108.645,0.43,10.0,0.42,55.0,0.44,150.0,0.45,120.0,0.56,10.0,0.55,135.0,0.57,38.63,0.58,90.5,0.01,0.01,2324.483806,1776352307000
1776352309.129,109.129,0.4,98.5,0.39,50.5,0.42,194.2,0.43,55.0,0.56,150.0,0.55,120.0,0.57,10.0,0.58,55.0,0.02,0.01,2324.351025,1776352308000
1776352309.826,109.826,0.41,92.5,0.4,100.5,0.42,7.61,0.43,10.0,0.58,194.2,0.57,55.0,0.6,98.5,0.61,50.5,0.01,0.02,2324.351025,1776352308000
1776352310.41,110.41,0.43,5.0,0.42,25.0,0.45,276.0,0.46,131.5,0.58,7.61,0.57,10.0,0.59,92.5,0.6,100.5,0.02,0.01,2324.239898,1776352309000
1776352310.889,110.889,0.42,5.0,0.41,10.0,0.43,165.0,0.44,136.0,0.56,10.0,0.55,281.0,0.58,25.0,0.59,37.5,0.01,0.02,2324.239898,1776352309000
1776352312.61,112.61,0.38,84.5,0.37,189.5,0.39,135.0,0.4,125.0,0.57,165.0,0.56,136.0,0.58,5.0,0.59,10.0,0.01,0.01,2324.121076,1776352311000
1776352312.924,112.924,0.37,151.5,0.36,228.5,0.39,251.0,0.4,125.0,0.61,235.0,0.6,121.0,0.63,194.5,0.64,190.5,0.02,0.02,2324.121076,1776352311000
1776352313.153,113.153,0.37,118.86,0.36,244.5,0.38,140.0,0.39,125.0,0.62,135.0,0.61,125.0,0.63,134.5,0.64,244.5,0.01,0.01,2324.121076,1776352311000
1776352313.743,113.743,0.37,128.86,0.36,244.5,0.38,169.73,0.39,125.0,0.62,140.0,0.61,125.0,0.63,118.86,0.64,244.5,0.01,0.01,2324.039545,1776352312000
1776352314.413,114.413,0.37,135.12,0.36,244.5,0.38,169.73,0.39,125.0,0.62,169.73,0.61,125.0,0.63,127.12,0.64,244.5,0.01,0.01,2323.970669,1776352313000
1776352314.755,114.755,0.39,20.12,0.38,30.5,0.4,15.0,0.41,145.0,0.62,169.73,0.61,125.0,0.63,135.12,0.64,244.5,0.01,0.01,2323.970669,1776352313000
1776352315.276,115.276,0.38,38.5,0.37,130.12,0.4,137.5,0.41,145.0,0.6,15.0,0.59,145.0,0.61,20.12,0.62,30.5,0.02,0.01,2323.718645,1776352314000
1776352315.622,115.622,0.39,75.0,0.38,170.5,0.41,227.14,0.42,135.0,0.6,20.0,0.59,40.0,0.61,12.5,0.62,30.5,0.02,0.01,2323.718645,1776352314000
1776352316.379,116.379,0.39,73.36,0.38,80.5,0.41,112.14,0.42,135.0,0.59,227.14,0.58,135.0,0.61,75.0,0.62,195.5,0.02,0.02,2323.68162,1776352315000
1776352316.63,116.63,0.4,53.64,0.39,245.36,0.42,20.0,0.43,165.0,0.59,112.14,0.58,135.0,0.61,73.36,0.62,80.5,0.02,0.02,2323.68162,1776352315000
1776352317.141,117.141,0.41,107.5,0.4,66.64,0.42,36.0,0.43,50.0,0.58,20.0,0.57,165.0,0.6,53.64,0.61,245.36,0.01,0.02,2323.68162,1776352315000
1776352317.721,117.721,0.38,68.5,0.37,180.12,0.41,160.0,0.42,161.5,0.58,41.0,0.57,50.0,0.59,53.5,0.6,66.64,0.03,0.01,2323.81758,1776352316000
1776352318.494,118.494,0.41,23.0,0.4,54.5,0.42,140.0,0.43,80.5,0.59,160.0,0.58,161.5,0.62,68.5,0.63,180.12,0.01,0.03,2323.822765,1776352317000
1776352320.295,120.295,0.39,8.0,0.38,96.5,0.4,15.0,0.41,50.5,0.58,140.0,0.57,80.5,0.59,23.0,0.6,54.5,0.01,0.01,2323.921839,1776352319000
1776352320.69,120.69,0.39,8.0,0.38,86.5,0.4,34.62,0.41,35.5,0.6,15.0,0.59,50.5,0.61,8.0,0.62,96.5,0.01,0.01,2323.921839,1776352319000
1776352321.044,121.044,0.37,170.62,0.36,295.0,0.39,89.7,0.4,164.81,0.6,63.01,0.59,43.97,0.61,8.0,0.62,56.0,0.02,0.01,2323.921839,1776352319000
1776352321.257,121.257,0.37,171.12,0.36,331.5,0.38,110.0,0.39,15.0,0.61,73.3,0.6,179.81,0.63,144.62,0.64,305.0,0.01,0.02,2323.921839,1776352319000
1776352322.457,122.457,0.36,1.95,0.35,130.0,0.37,316.96,0.38,20.0,0.62,115.0,0.61,93.29,0.64,331.5,0.65,145.5,0.01,0.02,2323.94884,1776352321000
1776352322.993,122.993,0.35,68.46,0.34,300.0,0.36,90.2,0.37,176.46,0.63,316.96,0.62,20.0,0.64,1.95,0.65,130.0,0.01,0.01,2323.711866,1776352322000
1776352323.302,123.302,0.35,50.2,0.32,10.0,0.36,151.0,0.37,146.46,0.64,201.0,0.63,176.46,0.65,54.36,0.66,300.0,0.01,0.01,2323.711866,1776352322000
1776352323.558,123.558,0.34,15.0,0.33,35.0,0.35,231.91,0.36,46.5,0.64,151.0,0.63,146.46,0.67,10.0,0.68,10.0,0.01,0.03,2323.711866,1776352322000
1776352323.892,123.892,0.34,110.0,0.33,105.0,0.35,7.04,0.36,16.0,0.65,228.95,0.64,52.5,0.66,25.0,0.67,35.0,0.01,0.01,2323.711866,1776352322000
1776352324.398,124.398,0.35,208.03,0.34,32.5,0.36,6.0,0.37,104.96,0.64,14.25,0.63,119.96,0.65,39.53,0.66,180.0,0.01,0.01,2323.43209,1776352323000
1776352325.55,125.55,0.36,131.21,0.35,41.5,0.37,118.79,0.38,21.0,0.63,34.93,0.62,65.59,0.65,170.5,0.66,32.5,0.01,0.02,2323.13058,1776352324000
1776352326.206,126.206,0.33,62.65,0.32,45.0,0.34,10.0,0.35,80.7,0.63,118.79,0.62,21.0,0.64,117.61,0.65,41.5,0.01,0.01,2323.13058,1776352324000
1776352328.149,128.149,0.24,77.92,0.23,180.0,0.25,6.0,0.26,15.0,0.66,10.0,0.65,80.7,0.67,42.65,0.68,45.0,0.01,0.01,2323.564981,1776352326000
1776352328.407,128.407,0.24,67.92,0.23,80.0,0.25,131.0,0.26,125.5,0.75,1.0,0.74,115.0,0.76,88.42,0.77,90.5,0.01,0.01,2323.081581,1776352327000
1776352328.717,128.717,0.24,18.13,0.23,80.0,0.25,286.9,0.26,125.5,0.75,291.9,0.74,125.5,0.76,52.13,0.77,80.0,0.01,0.01,2323.081581,1776352327000
1776352329.014,129.014,0.23,10.0,0.22,88.0,0.25,256.9,0.26,125.5,0.75,286.9,0.74,125.5,0.78,88.0,0.79,10.0,0.02,0.03,2323.081581,1776352327000
1776352329.51,129.51,0.23,10.0,0.22,80.0,0.25,320.4,0.26,126.5,0.75,251.9,0.74,125.5,0.77,5.0,0.78,88.0,0.02,0.02,2322.509677,1776352328000
1776352330.612,130.612,0.23,57.0,0.22,115.5,0.24,111.0,0.25,200.4,0.75,320.4,0.74,126.5,0.77,10.0,0.78,80.0,0.01,0.02,2322.2072,1776352329000
1776352331.106,131.106,0.22,105.0,0.21,156.5,0.24,266.0,0.25,226.4,0.76,111.0,0.75,200.4,0.77,57.0,0.78,115.5,0.02,0.01,2322.2072,1776352329000
1776352331.512,131.512,0.22,115.5,0.21,150.5,0.23,225.07,0.24,126.0,0.76,266.0,0.75,226.4,0.78,105.0,0.79,156.5,0.01,0.02,2322.064543,1776352330000
1776352331.976,131.976,0.22,347.5,0.21,80.5,0.23,105.1,0.24,106.0,0.77,225.07,0.76,126.0,0.78,115.5,0.79,150.5,0.01,0.01,2322.064543,1776352330000
1776352332.429,132.429,0.23,187.0,0.22,99.5,0.24,62.0,0.25,120.0,0.76,116.0,0.75,120.0,0.78,288.5,0.79,80.5,0.01,0.02,2322.181135,1776352331000
1776352332.905,132.905,0.25,271.8,0.24,78.0,0.27,30.0,0.28,130.0,0.76,62.0,0.75,120.0,0.77,187.0,0.78,99.5,0.02,0.01,2322.18707,1776352332000
1776352333.14,133.14,0.26,44.41,0.25,292.8,0.27,29.0,0.28,15.0,0.73,29.0,0.72,130.0,0.74,11.0,0.75,287.8,0.01,0.01,2322.18707,1776352332000
1776352333.364,133.364,0.26,165.0,0.25,177.8,0.27,44.93,0.28,20.0,0.73,44.93,0.72,20.0,0.74,174.58,0.75,177.8,0.01,0.01,2322.18707,1776352332000
1776352333.576,133.576,0.26,190.03,0.25,183.3,0.27,115.29,0.28,20.0,0.73,120.48,0.72,20.0,0.74,185.03,0.75,183.3,0.01,0.01,2322.18707,1776352332000
1776352334.101,134.101,0.26,309.53,0.25,139.5,0.27,48.29,0.28,5.0,0.73,78.29,0.72,20.0,0.74,166.03,0.75,183.3,0.01,0.01,2322.24073,1776352333000
1776352334.52,134.52,0.27,42.5,0.26,165.53,0.28,104.8,0.29,51.0,0.72,5.0,0.71,48.0,0.74,279.53,0.75,139.5,0.01,0.02,2322.24073,1776352333000
1776352335.737,135.737,0.27,158.99,0.26,139.5,0.28,135.8,0.29,35.0,0.72,104.8,0.71,35.0,0.73,32.5,0.74,165.53,0.01,0.01,2322.521124,1776352334000
1776352335.961,135.961,0.27,257.48,0.26,239.5,0.28,120.35,0.29,35.0,0.72,135.8,0.71,35.0,0.73,157.48,0.74,139.5,0.01,0.01,2322.704071,1776352335000
1776352336.408,136.408,0.27,137.96,0.26,339.5,0.28,150.35,0.29,40.0,0.72,115.35,0.71,35.0,0.73,254.47,0.74,264.5,0.01,0.01,2322.704071,1776352335000
1776352336.77,136.77,0.27,281.45,0.26,239.5,0.28,113.6,0.29,35.0,0.72,150.35,0.71,155.0,0.73,136.45,0.74,339.5,0.01,0.01,2322.704071,1776352335000
1776352337.086,137.086,0.27,388.98,0.26,284.5,0.28,93.6,0.29,25.0,0.72,113.6,0.71,35.0,0.73,271.94,0.74,234.5,0.01,0.01,2322.886925,1776352336000
1776352337.405,137.405,0.28,345.72,0.27,234.47,0.29,35.0,0.3,15.0,0.71,25.0,0.7,15.0,0.73,434.47,0.74,284.5,0.01,0.02,2322.886925,1776352336000
1776352337.691,137.691,0.28,342.51,0.27,184.47,0.29,103.27,0.3,10.0,0.71,15.0,0.7,10.0,0.72,337.51,0.73,214.47,0.01,0.01,2322.886925,1776352336000
1776352338.354,138.354,0.28,227.28,0.27,130.47,0.29,120.27,0.3,10.0,0.71,103.27,0.7,10.0,0.72,342.51,0.73,184.47,0.01,0.01,2322.886925,1776352336000
1776352338.771,138.771,0.28,13.47,0.27,93.47,0.29,194.97,0.3,20.5,0.71,120.27,0.7,10.0,0.72,227.28,0.73,130.47,0.01,0.01,2322.888854,1776352337000
1776352339.119,139.119,0.28,3.47,0.27,93.47,0.29,295.77,0.3,25.5,0.71,170.77,0.7,135.5,0.72,5.0,0.73,93.47,0.01,0.01,2322.888854,1776352337000
1776352339.449,139.449,0.28,10.17,0.27,208.47,0.29,170.77,0.3,140.5,0.71,295.77,0.7,25.5,0.72,1.92,0.73,93.47,0.01,0.01,2323.00531,1776352338000
1776352339.753,139.753,0.27,213.47,0.26,210.5,0.28,14.82,0.29,155.27,0.71,170.77,0.7,140.5,0.72,8.64,0.73,208.47,0.01,0.01,2323.00531,1776352338000
1776352340.241,140.241,0.27,112.57,0.26,205.5,0.28,10.0,0.29,175.77,0.72,10.0,0.71,165.77,0.73,210.45,0.74,210.5,0.01,0.01,2323.00531,1776352338000
1776352340.572,140.572,0.26,327.09,0.25,182.5,0.27,22.0,0.28,138.63,0.72,128.63,0.71,74.05,0.73,92.9,0.74,205.5,0.01,0.01,2323.00347,1776352339000
1776352342.033,142.033,0.26,54.0,0.25,60.5,0.27,272.45,0.28,25.5,0.73,22.0,0.72,138.63,0.74,325.6,0.75,182.5,0.01,0.01,2322.84743,1776352340000
1776352342.851,142.851,0.26,23.0,0.25,35.0,0.27,307.95,0.28,41.5,0.73,272.45,0.72,25.5,0.74,48.0,0.75,60.5,0.01,0.01,2322.817775,1776352341000
1776352343.945,143.945,0.24,373.5,0.23,120.5,0.25,103.19,0.26,30.0,0.73,307.15,0.72,31.5,0.75,10.0,0.76,117.0,0.01,0.02,2322.82521,1776352342000
1776352344.718,144.718,0.24,340.5,0.23,195.5,0.26,20.0,0.27,35.0,0.75,103.19,0.74,30.0,0.76,373.5,0.77,120.5,0.02,0.01,2322.780072,1776352343000
1776352345.114,145.114,0.25,485.5,0.24,187.5,0.26,9.0,0.27,30.0,0.74,20.0,0.73,35.0,0.76,340.5,0.77,195.5,0.01,0.02,2322.780072,1776352343000
1776352345.421,145.421,0.27,241.99,0.26,325.0,0.28,10.0,0.29,78.7,0.72,10.0,0.71,10.0,0.74,47.0,0.75,464.5,0.01,0.02,2322.591595,1776352344000
1776352345.909,145.909,0.28,308.5,0.27,200.48,0.29,13.7,0.3,40.0,0.72,10.0,0.71,78.7,0.73,240.48,0.74,325.0,0.01,0.01,2322.591595,1776352344000
1776352346.12,146.12,0.28,323.21,0.27,200.48,0.29,13.7,0.3,25.0,0.71,13.7,0.7,40.0,0.72,308.5,0.73,200.48,0.01,0.01,2322.591595,1776352344000
1776352346.705,146.705,0.29,278.57,0.28,150.5,0.3,5.0,0.31,95.0,0.71,3.7,0.7,25.0,0.72,338.21,0.73,225.48,0.01,0.01,2322.75276,1776352345000
1776352347.136,147.136,0.29,232.97,0.28,145.5,0.3,16.0,0.31,95.0,0.7,16.0,0.69,95.0,0.71,298.27,0.72,145.5,0.01,0.01,2322.75276,1776352345000
1776352347.473,147.473,0.29,220.63,0.28,150.5,0.3,104.89,0.31,65.0,0.7,6.0,0.69,95.0,0.71,245.99,0.72,145.5,0.01,0.01,2322.997985,1776352346000
1776352347.786,147.786,0.28,5.0,0.27,30.0,0.3,189.59,0.31,90.5,0.7,104.89,0.69,65.0,0.71,214.55,0.72,150.5,0.02,0.01,2322.997985,1776352346000
1776352348.027,148.027,0.27,94.86,0.26,110.5,0.28,20.0,0.29,46.5,0.71,66.5,0.7,160.39,0.73,105.0,0.74,110.5,0.01,0.02,2322.997985,1776352346000
1776352348.371,148.371,0.27,104.0,0.26,120.5,0.28,109.8,0.29,156.5,0.72,21.0,0.71,46.5,0.73,94.86,0.74,110.5,0.01,0.01,2323.18083,1776352347000
1776352348.762,148.762,0.27,295.89,0.26,115.5,0.28,114.8,0.29,26.5,0.72,109.8,0.71,156.5,0.73,104.0,0.74,120.5,0.01,0.01,2323.18083,1776352347000
1776352349.296,149.296,0.27,107.15,0.26,225.5,0.28,114.8,0.29,146.5,0.72,114.8,0.71,26.5,0.73,295.89,0.74,115.5,0.01,0.01,2323.21397,1776352348000
1776352349.98,149.98,0.27,316.13,0.26,200.5,0.28,114.8,0.29,16.0,0.72,114.8,0.71,146.5,0.73,107.15,0.74,225.5,0.01,0.01,2323.21397,1776352348000
1776352350.628,150.628,0.27,238.89,0.26,175.5,0.28,120.3,0.29,41.5,0.72,105.3,0.71,16.0,0.73,287.13,0.74,200.5,0.01,0.01,2322.91065,1776352349000
1776352351.353,151.353,0.27,230.5,0.26,95.5,0.29,62.17,0.3,15.0,0.72,120.3,0.71,41.5,0.73,238.89,0.74,175.5,0.02,0.01,2322.920091,1776352350000
1776352351.765,151.765,0.28,228.5,0.27,55.5,0.29,9.8,0.3,10.0,0.71,62.17,0.7,15.0,0.73,230.5,0.74,95.5,0.01,0.02,2322.920091,1776352350000
1776352352.317,152.317,0.3,259.5,0.29,75.58,0.31,4.0,0.32,50.0,0.7,10.0,0.69,65.0,0.72,207.97,0.73,55.5,0.01,0.02,2322.920091,1776352350000
1776352352.61,152.61,0.3,270.1,0.29,32.58,0.31,58.7,0.32,50.0,0.69,68.7,0.68,50.0,0.7,210.07,0.71,32.58,0.01,0.01,2323.01726,1776352351000
1776352352.827,152.827,0.3,268.18,0.29,57.58,0.32,50.0,0.33,65.0,0.69,58.7,0.68,50.0,0.7,263.18,0.71,32.58,0.02,0.01,2323.01726,1776352351000
1776352353.07,153.07,0.3,203.33,0.29,57.58,0.31,17.6,0.32,55.0,0.68,50.0,0.67,65.0,0.7,264.33,0.71,57.58,0.01,0.02,2323.01726,1776352351000
1776352353.902,153.902,0.3,149.71,0.29,62.58,0.31,127.28,0.32,60.0,0.69,22.6,0.68,55.0,0.7,190.17,0.71,57.58,0.01,0.01,2323.053299,1776352352000
1776352354.488,154.488,0.3,160.5,0.29,52.58,0.31,122.28,0.32,60.0,0.69,122.28,0.68,60.0,0.7,146.82,0.71,62.58,0.01,0.01,2323.290895,1776352353000
1776352356.174,156.174,0.3,61.11,0.29,37.58,0.31,137.28,0.32,65.0,0.69,122.28,0.68,60.0,0.7,160.5,0.71,52.58,0.01,0.01,2323.461055,1776352355000
1776352356.399,156.399,0.3,51.11,0.29,37.58,0.31,283.28,0.32,75.5,0.69,137.28,0.68,65.0,0.7,61.11,0.71,37.58,0.01,0.01,2323.461055,1776352355000
1776352357.166,157.166,0.3,314.26,0.29,90.08,0.31,25.8,0.32,50.0,0.69,160.28,0.68,65.0,0.7,52.26,0.71,162.58,0.01,0.01,2323.431363,1776352356000
1776352357.537,157.537,0.32,1.0,0.31,15.5,0.33,173.24,0.34,35.0,0.67,65.0,0.66,30.0,0.69,20.5,0.7,93.26,0.01,0.02,2323.431363,1776352356000
1776352358.028,158.028,0.32,64.5,0.31,15.5,0.33,147.2,0.34,35.0,0.67,173.24,0.66,35.0,0.68,1.0,0.69,15.5,0.01,0.01,2323.431363,1776352356000
1776352358.98,158.98,0.32,257.84,0.31,47.3,0.33,64.59,0.34,30.0,0.67,147.2,0.66,35.0,0.68,64.5,0.69,15.5,0.01,0.01,2323.458459,1776352357000
1776352359.372,159.372,0.32,257.84,0.31,47.3,0.33,62.57,0.34,30.0,0.67,64.59,0.66,30.0,0.68,257.84,0.69,47.3,0.01,0.01,2323.458459,1776352357000
1776352359.882,159.882,0.32,48.0,0.31,152.3,0.33,36.57,0.34,45.5,0.67,62.57,0.66,30.0,0.68,257.84,0.69,47.3,0.01,0.01,2323.575385,1776352358000
1776352360.155,160.155,0.32,38.0,0.31,30.5,0.33,36.57,0.34,45.0,0.67,36.57,0.66,45.5,0.68,48.0,0.69,152.3,0.01,0.01,2323.60663,1776352359000
1776352360.927,160.927,0.32,178.5,0.31,15.5,0.33,17.57,0.34,35.0,0.67,36.57,0.66,45.0,0.68,38.0,0.69,30.5,0.01,0.01,2323.60663,1776352359000
1776352361.372,161.372,0.32,42.74,0.31,140.5,0.33,17.57,0.34,55.5,0.67,17.57,0.66,35.0,0.68,174.8,0.69,15.5,0.01,0.01,2323.732025,1776352360000
1776352361.724,161.724,0.3,18.76,0.29,55.08,0.32,57.42,0.33,224.49,0.67,17.57,0.66,55.5,0.68,42.74,0.69,140.5,0.02,0.01,2323.732025,1776352360000
1776352362.006,162.006,0.3,3.76,0.29,176.0,0.31,99.2,0.32,132.92,0.68,57.42,0.67,224.49,0.7,18.76,0.71,55.08,0.01,0.02,2323.732025,1776352360000
1776352362.534,162.534,0.29,29.56,0.28,68.39,0.31,245.05,0.32,102.92,0.69,85.0,0.68,132.92,0.7,0.6,0.71,176.0,0.02,0.01,2323.732025,1776352360000
1776352362.977,162.977,0.29,13.95,0.28,165.5,0.3,59.0,0.31,245.05,0.7,10.0,0.69,130.05,0.71,41.28,0.72,50.5,0.01,0.01,2323.66473,1776352361000
1776352363.683,163.683,0.27,60.5,0.26,230.0,0.29,226.38,0.3,49.5,0.7,59.0,0.69,245.05,0.71,13.95,0.72,165.5,0.02,0.01,2323.655597,1776352362000
1776352365.655,165.655,0.28,15.0,0.27,180.0,0.29,122.9,0.3,154.5,0.71,226.38,0.7,49.5,0.73,60.5,0.74,230.0,0.01,0.02,2323.398625,1776352364000
1776352366.51,166.51,0.27,189.14,0.26,135.5,0.29,76.76,0.3,154.5,0.71,122.9,0.7,154.5,0.72,15.0,0.73,180.0,0.02,0.01,2323.322508,1776352365000
1776352367.39,167.39,0.27,93.7,0.26,250.5,0.28,79.0,0.29,81.4,0.71,76.76,0.7,154.5,0.73,189.14,0.74,135.5,0.01,0.02,2323.3607,1776352366000
1776352371.92,171.92,0.25,40.66,0.24,185.0,0.26,20.5,0.27,185.5,0.72,79.0,0.71,81.4,0.73,93.7,0.74,250.5,0.01,0.01,2323.248932,1776352370000
1776352373.842,173.842,0.25,1.64,0.24,60.0,0.26,189.5,0.27,69.81,0.74,20.5,0.73,185.5,0.75,40.66,0.76,185.0,0.01,0.01,2323.242874,1776352372000
1776352375.255,175.255,0.24,70.0,0.23,125.0,0.26,199.5,0.27,69.81,0.74,189.5,0.73,69.81,0.75,1.64,0.76,60.0,0.02,0.01,2323.12764,1776352373000
1776352377.183,177.183,0.24,90.0,0.23,110.0,0.25,258.81,0.26,159.5,0.74,199.5,0.73,69.81,0.76,70.0,0.77,125.0,0.01,0.02,2322.99136,1776352375000
1776352377.509,177.509,0.23,100.0,0.22,460.0,0.24,33.12,0.25,249.33,0.75,258.81,0.74,159.5,0.76,90.0,0.77,110.0,0.01,0.01,2322.972375,1776352376000
1776352378.647,178.647,0.23,120.5,0.22,480.5,0.24,21.12,0.25,96.83,0.76,33.12,0.75,249.33,0.77,100.0,0.78,460.0,0.01,0.01,2322.97028,1776352377000
1776352379.377,179.377,0.23,306.5,0.22,386.5,0.24,19.12,0.25,96.83,0.76,21.12,0.75,96.83,0.77,120.5,0.78,480.5,0.01,0.01,2322.92659,1776352378000
1776352379.738,179.738,0.23,267.0,0.22,411.5,0.24,7.95,0.25,96.83,0.76,12.95,0.75,96.83,0.77,277.5,0.78,411.5,0.01,0.01,2322.92659,1776352378000
1776352380.468,180.468,0.23,240.21,0.22,411.5,0.24,49.45,0.25,96.83,0.76,7.95,0.75,96.83,0.77,249.14,0.78,411.5,0.01,0.01,2322.890825,1776352379000
1776352380.68,180.68,0.23,279.08,0.22,411.5,0.24,46.45,0.25,96.83,0.76,49.45,0.75,96.83,0.77,238.78,0.78,411.5,0.01,0.01,2322.890825,1776352379000
1776352380.898,180.898,0.23,262.75,0.22,411.5,0.24,46.45,0.25,96.83,0.76,46.45,0.75,96.83,0.77,269.18,0.78,411.5,0.01,0.01,2322.890825,1776352379000
1776352381.442,181.442,0.23,237.35,0.22,411.5,0.24,46.45,0.25,96.83,0.76,46.45,0.75,96.83,0.77,256.32,0.78,411.5,0.01,0.01,2323.039215,1776352380000
1776352381.802,181.802,0.23,212.05,0.22,411.5,0.24,9.95,0.25,96.83,0.76,46.45,0.75,96.83,0.77,237.35,0.78,411.5,0.01,0.01,2323.039215,1776352380000
1776352382.613,182.613,0.24,290.2,0.23,139.8,0.25,79.83,0.28,10.0,0.75,96.83,0.74,40.0,0.77,273.05,0.78,411.5,0.01,0.02,2323.039215,1776352380000
1776352383.08,183.08,0.28,135.0,0.27,10.0,0.32,128.42,0.33,57.57,0.72,10.0,0.71,45.0,0.76,290.2,0.77,139.8,0.04,0.04,2323.07921,1776352381000
1776352383.436,183.436,0.31,39.0,0.28,108.0,0.32,199.66,0.33,172.57,0.68,128.42,0.67,57.57,0.72,135.0,0.73,10.0,0.01,0.04,2323.173715,1776352382000
1776352383.76,183.76,0.31,36.55,0.29,125.5,0.32,215.16,0.33,183.07,0.68,199.66,0.67,172.57,0.69,42.0,0.71,115.0,0.01,0.01,2323.173715,1776352382000
1776352384.216,184.216,0.31,16.55,0.29,143.0,0.32,210.16,0.33,183.07,0.68,215.16,0.67,183.07,0.69,36.55,0.71,125.5,0.01,0.01,2323.173715,1776352382000
1776352384.505,184.505,0.31,14.55,0.3,17.1,0.32,210.16,0.33,183.07,0.68,210.16,0.67,183.07,0.69,16.55,0.71,143.0,0.01,0.01,2323.173715,1776352382000
1776352385.049,185.049,0.31,77.55,0.3,27.1,0.32,98.7,0.33,50.0,0.68,210.16,0.67,183.07,0.69,14.55,0.7,17.1,0.01,0.01,2323.56556,1776352383000
1776352385.253,185.253,0.31,293.35,0.3,37.1,0.32,84.0,0.33,50.0,0.68,98.7,0.67,50.0,0.69,77.55,0.7,27.1,0.01,0.01,2323.56556,1776352383000
1776352385.504,185.504,0.31,186.35,0.3,37.1,0.32,28.12,0.33,60.0,0.68,76.59,0.67,60.0,0.69,208.35,0.7,37.1,0.01,0.01,2323.67693,1776352384000
1776352386.52,186.52,0.34,93.0,0.33,155.0,0.36,1.25,0.37,333.0,0.67,60.0,0.66,30.0,0.69,181.35,0.7,37.1,0.02,0.02,2323.694755,1776352385000
1776352387.261,187.261,0.36,198.0,0.35,35.5,0.38,226.5,0.39,55.0,0.63,308.0,0.62,216.0,0.66,93.0,0.67,20.0,0.02,0.03,2323.730592,1776352386000
1776352388.991,188.991,0.37,165.0,0.36,35.6,0.39,143.91,0.4,230.5,0.62,226.5,0.61,55.0,0.64,198.0,0.65,35.5,0.02,0.02,2323.90601,1776352387000
1776352390.607,190.607,0.38,43.0,0.37,55.0,0.39,99.26,0.4,170.5,0.61,143.91,0.6,230.5,0.63,165.0,0.64,35.6,0.01,0.02,2324.002547,1776352388000
1776352390.843,190.843,0.37,20.0,0.36,10.0,0.39,99.26,0.4,175.5,0.61,99.26,0.6,170.5,0.62,43.0,0.63,55.0,0.02,0.01,2324.16358,1776352389000
1776352392.693,192.693,0.37,177.0,0.36,50.5,0.39,42.44,0.4,175.5,0.62,5.0,0.61,94.26,0.63,15.0,0.64,10.0,0.02,0.01,2324.12396,1776352391000
1776352393.085,193.085,0.37,195.5,0.36,92.1,0.39,8.97,0.4,175.5,0.61,42.44,0.6,175.5,0.63,177.0,0.64,50.5,0.02,0.02,2324.12396,1776352391000
1776352393.573,193.573,0.39,121.0,0.38,5.0,0.4,165.0,0.41,178.47,0.61,8.97,0.6,175.5,0.63,195.5,0.64,92.1,0.01,0.02,2324.12396,1776352391000
1776352396.038,196.038,0.39,262.0,0.38,25.5,0.41,83.47,0.42,70.0,0.6,165.0,0.59,178.47,0.61,121.0,0.62,5.0,0.02,0.01,2324.136158,1776352394000
1776352396.485,196.485,0.39,87.0,0.37,60.5,0.4,5.0,0.41,83.47,0.59,83.47,0.58,70.0,0.61,262.0,0.62,25.5,0.01,0.02,2324.136158,1776352394000
1776352396.723,196.723,0.39,87.0,0.37,50.0,0.4,31.11,0.41,133.47,0.6,5.0,0.59,83.47,0.61,87.0,0.63,60.5,0.01,0.01,2324.245175,1776352395000
1776352396.937,196.937,0.39,22.38,0.38,10.0,0.41,283.47,0.42,155.0,0.6,46.11,0.59,283.47,0.61,22.38,0.63,50.0,0.02,0.01,2324.245175,1776352395000
1776352397.506,197.506,0.34,13.48,0.33,163.66,0.35,5.0,0.37,10.0,0.64,4.72,0.63,21.0,0.66,41.0,0.67,38.66,0.01,0.02,2324.29061,1776352396000
1776352397.989,197.989,0.37,34.0,0.36,76.0,0.39,95.0,0.4,6.0,0.61,11.0,0.6,16.0,0.66,13.48,0.67,163.66,0.02,0.05,2324.29061,1776352396000
1776352398.594,198.594,0.39,63.78,0.37,31.0,0.41,83.47,0.42,70.0,0.6,11.0,0.59,88.47,0.61,13.78,0.63,15.0,0.02,0.01,2324.29061,1776352396000
1776352398.903,198.903,0.42,10.0,0.41,166.53,0.43,126.86,0.44,260.0,0.58,70.0,0.57,135.0,0.59,41.53,0.61,58.92,0.01,0.01,2324.129931,1776352397000
1776352399.112,199.112,0.43,10.4,0.42,164.28,0.44,75.0,0.45,100.0,0.57,1.23,0.56,220.0,0.58,86.82,0.59,149.13,0.01,0.01,2324.129931,1776352397000
1776352399.372,199.372,0.44,53.9,0.43,42.63,0.45,10.0,0.46,25.0,0.56,75.0,0.55,100.0,0.57,10.4,0.58,164.28,0.01,0.01,2323.937915,1776352398000
1776352399.717,199.717,0.46,5.0,0.45,10.0,0.47,342.0,0.48,120.0,0.53,395.0,0.52,130.0,0.54,29.0,0.56,125.0,0.01,0.01,2323.937915,1776352398000
1776352400.078,200.078,0.46,10.77,0.45,32.24,0.47,210.0,0.48,120.0,0.53,342.0,0.52,120.0,0.54,5.0,0.55,10.0,0.01,0.01,2323.937915,1776352398000
1776352400.332,200.332,0.46,68.0,0.45,125.0,0.47,201.8,0.48,120.0,0.53,201.8,0.52,120.0,0.54,5.0,0.55,32.24,0.01,0.01,2324.2967,1776352399000
1776352400.549,200.549,0.46,214.0,0.45,10.0,0.48,50.0,0.49,196.0,0.53,201.8,0.52,120.0,0.54,68.0,0.55,125.0,0.02,0.01,2324.2967,1776352399000
1776352401.139,201.139,0.47,157.11,0.46,76.0,0.49,196.0,0.5,90.0,0.52,50.0,0.51,196.0,0.54,214.0,0.55,10.0,0.02,0.02,2324.2967,1776352399000
1776352402.204,202.204,0.46,10.0,0.45,10.0,0.48,3.75,0.49,190.81,0.51,196.0,0.5,90.0,0.53,157.11,0.54,76.0,0.02,0.02,2324.899523,1776352401000
1776352402.433,202.433,0.45,10.0,0.44,31.0,0.49,188.82,0.5,100.0,0.52,1.66,0.51,190.81,0.55,10.0,0.56,31.0,0.04,0.03,2324.899523,1776352401000
1776352402.957,202.957,0.46,10.0,0.45,10.0,0.49,175.02,0.5,100.0,0.51,188.82,0.5,100.0,0.55,10.0,0.56,31.0,0.03,0.04,2324.858075,1776352402000
1776352404.182,204.182,0.42,5.24,0.41,71.53,0.46,9.25,0.49,140.21,0.51,165.21,0.5,100.0,0.54,10.0,0.55,10.0,0.04,0.03,2324.850246,1776352403000
1776352405.213,205.213,0.43,3.24,0.42,15.0,0.44,10.0,0.45,10.0,0.51,146.77,0.5,80.0,0.56,7.08,0.59,71.53,0.01,0.05,2324.795305,1776352404000
1776352405.729,205.729,0.43,3.24,0.42,15.0,0.45,6.25,0.46,35.0,0.56,10.0,0.55,10.0,0.57,3.24,0.58,15.0,0.02,0.01,2324.795305,1776352404000
1776352406.065,206.065,0.42,8.24,0.41,56.53,0.44,10.0,0.45,6.25,0.55,6.25,0.54,35.0,0.57,3.24,0.58,15.0,0.02,0.02,2324.795305,1776352404000
1776352406.299,206.299,0.4,10.0,0.39,15.0,0.42,7.0,0.43,26.0,0.57,19.2,0.56,15.0,0.58,2.51,0.62,20.3,0.02,0.01,2324.637365,1776352405000
1776352406.824,206.824,0.4,6.83,0.39,48.1,0.44,10.0,0.45,76.25,0.59,24.2,0.57,10.0,0.6,6.83,0.61,49.0,0.04,0.01,2324.637365,1776352405000
1776352407.318,207.318,0.4,11.41,0.39,25.1,0.42,15.0,0.43,15.0,0.56,10.0,0.55,76.25,0.6,6.83,0.61,48.1,0.02,0.04,2324.637365,1776352405000
1776352408.412,208.412,0.41,19.52,0.4,1.41,0.42,5.0,0.43,15.0,0.58,15.0,0.57,15.0,0.6,11.41,0.61,25.1,0.01,0.02,2324.600925,1776352407000
1776352410.283,210.283,0.4,17.41,0.39,25.1,0.42,7.0,0.43,10.0,0.58,5.0,0.57,15.0,0.59,19.52,0.6,1.41,0.02,0.01,2324.365595,1776352408000
1776352410.873,210.873,0.41,10.0,0.4,10.0,0.44,3.89,0.45,76.25,0.58,7.0,0.57,10.0,0.6,17.41,0.61,25.1,0.03,0.02,2324.3887,1776352410000
1776352411.508,211.508,0.42,10.0,0.41,26.0,0.45,74.82,0.46,16.0,0.56,3.89,0.55,76.25,0.59,10.0,0.6,10.0,0.03,0.03,2324.3887,1776352410000
1776352412.41,212.41,0.41,10.0,0.4,36.0,0.43,8.64,0.44,10.0,0.57,10.0,0.55,74.82,0.59,18.52,0.6,10.0,0.02,0.02,2324.37612,1776352411000
1776352412.659,212.659,0.39,15.1,0.38,30.6,0.42,169.2,0.43,8.64,0.57,8.64,0.56,10.0,0.59,10.0,0.6,36.0,0.03,0.02,2324.37612,1776352411000
1776352414.463,214.463,0.34,90.0,0.33,48.66,0.35,12.14,0.36,10.0,0.58,169.2,0.57,8.64,0.61,15.1,0.62,30.6,0.01,0.03,2324.355625,1776352413000
1776352415.163,215.163,0.33,59.96,0.32,176.5,0.35,52.2,0.36,16.0,0.65,12.14,0.64,10.0,0.66,90.0,0.67,48.66,0.02,0.01,2324.355625,1776352413000
1776352416.631,216.631,0.33,49.96,0.32,176.5,0.35,26.88,0.36,26.0,0.65,52.2,0.64,16.0,0.67,59.96,0.68,176.5,0.02,0.02,2323.895775,1776352415000
1776352417.46,217.46,0.33,18.96,0.32,176.5,0.34,10.0,0.35,36.88,0.65,26.88,0.64,26.0,0.67,49.96,0.68,176.5,0.01,0.02,2323.827851,1776352416000
1776352419.5,219.5,0.33,16.96,0.32,166.5,0.34,21.0,0.35,26.88,0.66,10.0,0.65,36.88,0.67,18.96,0.68,176.5,0.01,0.01,2323.752259,1776352418000
1776352421.084,221.084,0.32,141.5,0.31,126.8,0.34,71.37,0.35,36.88,0.66,21.0,0.65,26.88,0.67,16.96,0.68,166.5,0.02,0.01,2323.73789,1776352420000
1776352422.455,222.455,0.23,95.0,0.22,375.0,0.24,1.66,0.25,10.0,0.66,71.37,0.65,36.88,0.68,141.5,0.69,126.8,0.01,0.02,2323.580472,1776352421000
1776352422.841,222.841,0.23,10.0,0.22,375.0,0.28,2.28,0.29,30.24,0.76,1.66,0.75,10.0,0.77,95.0,0.78,375.0,0.05,0.01,2323.580472,1776352421000
1776352423.196,223.196,0.24,8.68,0.23,10.0,0.25,20.0,0.26,16.0,0.72,2.28,0.71,30.24,0.77,10.0,0.78,375.0,0.01,0.05,2323.339285,1776352422000
1776352423.422,223.422,0.23,10.0,0.22,205.0,0.25,58.25,0.26,16.0,0.75,20.0,0.74,16.0,0.76,8.68,0.77,10.0,0.02,0.01,2323.339285,1776352422000
1776352423.729,223.729,0.22,155.0,0.21,112.0,0.25,53.25,0.26,16.0,0.75,63.25,0.74,16.0,0.76,2.0,0.77,10.0,0.03,0.01,2323.339285,1776352422000
1776352424.502,224.502,0.22,7.92,0.21,112.0,0.23,48.88,0.24,21.58,0.75,53.25,0.74,16.0,0.78,155.0,0.79,112.0,0.01,0.03,2323.30247,1776352423000
1776352424.837,224.837,0.21,52.0,0.2,305.0,0.24,19.67,0.25,21.0,0.77,48.88,0.76,21.58,0.78,7.92,0.79,112.0,0.03,0.01,2323.30247,1776352423000
1776352425.66,225.66,0.21,3.81,0.2,205.0,0.22,78.44,0.23,11.0,0.76,19.67,0.75,21.0,0.79,52.0,0.8,305.0,0.01,0.03,2323.203003,1776352424000
1776352427.858,227.858,0.17,100.0,0.16,211.0,0.2,168.86,0.21,28.0,0.78,78.44,0.77,16.0,0.79,7.83,0.8,205.0,0.03,0.01,2323.201216,1776352426000
1776352428.125,228.125,0.16,161.0,0.15,225.0,0.17,14.99,0.18,15.0,0.8,168.86,0.79,28.0,0.83,100.0,0.84,211.0,0.01,0.03,2323.148304,1776352427000
1776352428.705,228.705,0.16,41.0,0.15,235.0,0.17,38.92,0.18,10.0,0.83,14.99,0.82,15.0,0.84,161.0,0.85,225.0,0.01,0.01,2323.148304,1776352427000
1776352429.698,229.698,0.16,8.92,0.15,185.0,0.17,31.8,0.18,121.71,0.83,28.92,0.82,10.0,0.84,8.76,0.85,235.0,0.01,0.01,2322.974929,1776352428000
1776352430.13,230.13,0.16,19.31,0.15,135.0,0.17,31.8,0.18,121.71,0.83,31.8,0.82,121.71,0.84,0.62,0.85,185.0,0.01,0.01,2322.974929,1776352428000
1776352430.457,230.457,0.16,8.8,0.15,85.0,0.17,31.8,0.18,121.71,0.83,31.8,0.82,121.71,0.84,15.04,0.85,85.0,0.01,0.01,2322.908271,1776352429000
1776352430.684,230.684,0.16,30.52,0.15,85.0,0.17,31.8,0.18,10.0,0.83,31.8,0.82,10.0,0.84,26.83,0.85,85.0,0.01,0.01,2322.908271,1776352429000
1776352431.158,231.158,0.16,13.8,0.15,85.0,0.17,9.3,0.18,10.0,0.83,31.8,0.82,10.0,0.84,30.52,0.85,85.0,0.01,0.01,2322.908271,1776352429000
1776352431.598,231.598,0.16,3.8,0.15,85.0,0.17,4.3,0.18,10.0,0.83,9.3,0.82,10.0,0.84,13.8,0.85,85.0,0.01,0.01,2322.95059,1776352430000
1776352431.988,231.988,0.16,13.8,0.15,123.2,0.17,5.29,0.18,10.0,0.82,10.0,0.81,72.08,0.84,3.8,0.85,85.0,0.01,0.02,2322.946455,1776352431000
1776352433.464,233.464,0.15,91.08,0.14,407.9,0.16,21.0,0.17,10.29,0.83,5.29,0.82,10.0,0.84,13.8,0.85,123.2,0.01,0.01,2323.13745,1776352432000
1776352433.688,233.688,0.15,25.2,0.14,407.9,0.16,21.0,0.17,10.29,0.84,21.0,0.83,10.29,0.85,91.08,0.86,407.9,0.01,0.01,2323.13745,1776352432000
1776352434.485,234.485,0.15,34.02,0.14,407.9,0.16,2.75,0.17,10.29,0.84,2.75,0.83,10.29,0.85,20.2,0.86,407.9,0.01,0.01,2323.06216,1776352433000
1776352435.05,235.05,0.15,5.0,0.14,407.9,0.16,12.75,0.17,10.29,0.84,14.75,0.83,20.29,0.85,28.02,0.86,407.9,0.01,0.01,2323.038387,1776352434000
1776352435.751,235.751,0.15,6.47,0.14,357.9,0.16,22.75,0.17,66.43,0.84,12.75,0.83,10.29,0.85,5.0,0.86,407.9,0.01,0.01,2323.038387,1776352434000
1776352438.023,238.023,0.18,9.81,0.17,19.0,0.19,10.0,0.2,40.0,0.84,22.75,0.83,66.43,0.85,6.47,0.86,357.9,0.01,0.01,2322.927415,1776352436000
1776352438.804,238.804,0.17,9.0,0.16,76.8,0.18,6.78,0.19,57.49,0.81,10.0,0.8,40.0,0.82,9.81,0.83,19.0,0.01,0.01,2322.989466,1776352437000
1776352439.9,239.9,0.17,34.5,0.16,82.8,0.18,9.53,0.19,20.0,0.82,6.78,0.81,57.49,0.83,9.0,0.84,76.8,0.01,0.01,2323.116283,1776352438000
1776352440.19,240.19,0.17,13.22,0.16,82.8,0.18,19.53,0.19,20.0,0.82,9.53,0.81,20.0,0.83,34.5,0.84,82.8,0.01,0.01,2323.116283,1776352438000
1776352440.544,240.544,0.16,8.94,0.15,48.2,0.17,10.0,0.18,53.55,0.82,68.55,0.81,20.0,0.84,26.8,0.85,48.2,0.01,0.02,2323.246237,1776352439000
1776352440.832,240.832,0.16,38.94,0.15,58.2,0.18,47.77,0.19,30.0,0.83,10.0,0.82,53.55,0.84,8.94,0.85,48.2,0.02,0.01,2323.246237,1776352439000
1776352441.232,241.232,0.18,38.66,0.17,3.57,0.19,30.0,0.2,50.0,0.81,30.0,0.8,50.0,0.83,3.57,0.84,15.0,0.01,0.02,2323.20662,1776352440000
1776352441.627,241.627,0.18,37.58,0.17,13.57,0.19,123.86,0.2,40.0,0.81,30.0,0.8,50.0,0.82,38.66,0.83,3.57,0.01,0.01,2323.20662,1776352440000
1776352441.935,241.935,0.18,27.14,0.17,13.57,0.19,8.86,0.21,20.0,0.81,113.86,0.79,20.0,0.82,31.44,0.83,13.57,0.01,0.01,2323.20662,1776352440000
1776352442.243,242.243,0.19,4.53,0.18,56.14,0.2,4.5,0.21,30.0,0.79,30.0,0.78,30.0,0.81,14.53,0.82,66.14,0.01,0.02,2323.208666,1776352441000
1776352442.549,242.549,0.2,1.85,0.19,51.53,0.22,30.0,0.23,105.0,0.79,4.5,0.78,30.0,0.8,1.85,0.81,4.53,0.02,0.01,2323.208666,1776352441000
1776352442.826,242.826,0.2,18.16,0.19,71.53,0.21,15.0,0.22,15.0,0.78,30.0,0.77,105.0,0.8,1.85,0.81,51.53,0.01,0.02,2323.208666,1776352441000
1776352443.109,243.109,0.22,3.0,0.21,60.0,0.23,95.0,0.24,20.0,0.79,15.0,0.78,15.0,0.8,18.16,0.81,71.53,0.01,0.01,2323.208666,1776352441000
1776352444.29,244.29,0.23,8.96,0.22,45.0,0.24,21.0,0.25,164.0,0.77,95.0,0.76,20.0,0.78,6.0,0.79,60.0,0.01,0.01,2323.469915,1776352443000
1776352444.626,244.626,0.24,8.55,0.23,7.53,0.25,169.0,0.26,10.0,0.75,164.0,0.74,10.0,0.77,12.53,0.78,45.0,0.01,0.02,2323.469915,1776352443000
1776352445.183,245.183,0.24,4.07,0.23,7.53,0.25,163.11,0.26,20.0,0.75,169.0,0.74,10.0,0.76,4.07,0.77,7.53,0.01,0.01,2323.469915,1776352443000
1776352445.994,245.994,0.24,0.12,0.23,46.53,0.25,163.11,0.26,20.0,0.75,163.11,0.74,20.0,0.76,4.07,0.77,7.53,0.01,0.01,2323.61681,1776352444000
1776352446.555,246.555,0.24,15.12,0.23,27.83,0.25,151.11,0.26,10.0,0.75,163.11,0.74,20.0,0.76,0.12,0.77,46.53,0.01,0.01,2323.61681,1776352444000
1776352447.526,247.526,0.24,34.82,0.23,52.83,0.25,30.11,0.26,57.67,0.75,151.11,0.74,10.0,0.76,15.12,0.77,27.83,0.01,0.01,2323.72753,1776352446000
1776352447.845,247.845,0.26,115.38,0.25,25.0,0.28,60.0,0.29,35.0,0.73,55.0,0.72,60.0,0.74,29.38,0.76,59.82,0.02,0.01,2323.72753,1776352446000
1776352448.418,248.418,0.31,10.0,0.3,10.0,0.34,20.0,0.35,45.0,0.66,10.0,0.65,40.0,0.67,10.0,0.68,10.0,0.03,0.01,2323.726525,1776352447000
1776352448.65,248.65,0.31,8.34,0.3,30.0,0.33,10.0,0.34,15.0,0.66,20.0,0.65,45.0,0.69,10.0,0.7,10.0,0.02,0.03,2323.726525,1776352447000
1776352449.251,249.251,0.32,32.76,0.31,1.74,0.33,12.4,0.35,40.0,0.67,15.0,0.66,25.0,0.69,1.74,0.7,40.0,0.01,0.02,2323.726525,1776352447000
1776352449.577,249.577,0.32,59.15,0.31,1.74,0.33,0.03,0.35,25.0,0.67,12.4,0.65,35.0,0.68,31.15,0.69,1.74,0.01,0.01,2323.791096,1776352448000
1776352451.375,251.375,0.22,66.0,0.21,46.7,0.26,4.0,0.27,15.0,0.65,25.0,0.64,10.0,0.68,55.12,0.69,1.74,0.04,0.03,2323.968816,1776352449000
1776352451.769,251.769,0.22,23.6,0.21,56.7,0.23,10.0,0.24,10.0,0.74,4.0,0.73,15.0,0.78,66.0,0.79,46.7,0.01,0.04,2324.168135,1776352450000
1776352451.982,251.982,0.22,11.36,0.21,46.7,0.23,5.0,0.25,15.0,0.75,15.0,0.74,25.0,0.78,23.6,0.79,46.7,0.01,0.03,2324.168135,1776352450000
1776352452.238,252.238,0.22,61.07,0.21,56.7,0.24,10.0,0.25,10.0,0.74,23.0,0.73,25.0,0.78,11.36,0.79,46.7,0.02,0.04,2324.168135,1776352450000
1776352452.898,252.898,0.22,34.65,0.21,56.7,0.23,25.0,0.24,10.0,0.75,10.0,0.74,10.0,0.77,5.0,0.78,71.07,0.01,0.02,2324.197155,1776352451000
1776352453.231,253.231,0.26,22.6,0.25,15.0,0.27,20.0,0.28,16.0,0.77,25.0,0.76,10.0,0.78,34.65,0.79,56.7,0.01,0.01,2324.197155,1776352451000
1776352454.331,254.331,0.26,8.64,0.25,15.0,0.27,16.0,0.28,16.0,0.73,20.0,0.72,16.0,0.74,11.89,0.75,15.0,0.01,0.01,2323.860545,1776352452000
1776352454.753,254.753,0.25,12.6,0.24,20.0,0.26,10.0,0.27,16.0,0.73,16.0,0.72,16.0,0.74,8.64,0.75,15.0,0.01,0.01,2323.860865,1776352453000
1776352455.373,255.373,0.26,4.66,0.25,7.6,0.27,10.0,0.28,16.0,0.73,9.62,0.72,16.0,0.75,12.6,0.76,20.0,0.01,0.02,2323.89391,1776352454000
1776352455.757,255.757,0.25,0.14,0.24,30.0,0.28,26.0,0.29,27.0,0.72,16.0,0.71,27.0,0.76,20.0,0.77,10.0,0.03,0.04,2323.89391,1776352454000
1776352456.118,256.118,0.26,7.6,0.25,46.14,0.28,26.0,0.29,32.0,0.72,26.0,0.71,27.0,0.75,0.14,0.76,30.0,0.02,0.03,2323.89391,1776352454000
1776352456.478,256.478,0.26,32.64,0.25,10.14,0.27,10.0,0.28,20.0,0.72,26.0,0.71,32.0,0.74,2.6,0.75,46.14,0.01,0.02,2323.868687,1776352455000
1776352456.842,256.842,0.29,5.0,0.28,16.0,0.3,22.14,0.31,15.0,0.73,10.0,0.72,20.0,0.74,32.64,0.75,10.14,0.01,0.01,2323.868687,1776352455000
1776352457.108,257.108,0.28,11.47,0.27,10.0,0.3,32.14,0.31,15.0,0.7,22.14,0.69,15.0,0.71,5.0,0.72,16.0,0.02,0.01,2323.868687,1776352455000
1776352457.338,257.338,0.28,6.47,0.27,10.0,0.29,10.0,0.3,44.54,0.7,32.14,0.69,15.0,0.72,11.47,0.73,10.0,0.01,0.02,2323.875009,1776352456000
1776352457.719,257.719,0.27,4.68,0.26,10.0,0.29,15.0,0.3,29.54,0.71,10.0,0.7,44.54,0.72,6.47,0.73,10.0,0.02,0.01,2323.875009,1776352456000
1776352458.046,258.046,0.28,10.0,0.27,4.68,0.3,24.54,0.31,10.0,0.71,15.0,0.7,29.54,0.73,4.68,0.74,10.0,0.02,0.02,2323.875009,1776352456000
1776352458.398,258.398,0.27,14.68,0.26,10.0,0.3,7.14,0.32,15.0,0.7,24.54,0.69,10.0,0.72,10.0,0.73,4.68,0.03,0.02,2323.875009,1776352456000
1776352458.622,258.622,0.27,14.68,0.26,10.0,0.3,6.96,0.31,10.0,0.7,7.14,0.68,15.0,0.73,14.68,0.74,10.0,0.03,0.03,2323.933945,1776352457000
1776352459.353,259.353,0.26,18.64,0.25,0.14,0.28,10.0,0.29,10.0,0.7,6.96,0.69,10.0,0.73,14.68,0.74,10.0,0.02,0.03,2323.94949,1776352458000
1776352460.019,260.019,0.24,20.0,0.23,35.0,0.26,9.61,0.27,10.0,0.72,10.0,0.71,10.0,0.74,18.64,0.75,0.14,0.02,0.02,2323.94949,1776352458000
1776352460.687,260.687,0.25,10.0,0.24,20.0,0.27,10.0,0.28,20.0,0.74,9.61,0.73,10.0,0.77,34.93,0.78,10.0,0.02,0.03,2323.94949,1776352458000
1776352461.207,261.207,0.27,9.26,0.26,10.0,0.29,10.0,0.3,15.0,0.73,10.0,0.72,20.0,0.75,10.0,0.76,20.0,0.02,0.02,2323.94949,1776352458000
1776352461.524,261.524,0.26,10.0,0.25,10.0,0.3,9.0,0.31,15.0,0.71,10.0,0.7,15.0,0.73,9.26,0.74,10.0,0.04,0.02,2324.05959,1776352460000
1776352462.043,262.043,0.28,8.76,0.27,10.0,0.29,10.0,0.3,9.0,0.7,9.0,0.69,15.0,0.74,10.0,0.75,10.0,0.01,0.04,2324.05959,1776352460000
1776352462.885,262.885,0.36,6.0,0.33,10.0,0.38,50.0,0.39,131.0,0.71,10.0,0.7,9.0,0.73,7.4,0.74,10.0,0.02,0.02,2324.048505,1776352461000
1776352463.626,263.626,0.31,10.0,0.3,40.0,0.32,11.87,0.33,10.0,0.62,50.0,0.61,131.0,0.64,6.0,0.67,10.0,0.01,0.02,2324.066009,1776352462000
1776352463.946,263.946,0.3,10.0,0.29,10.0,0.31,10.0,0.32,10.0,0.64,127.24,0.63,150.0,0.7,30.0,0.75,5.0,0.01,0.06,2324.066009,1776352462000
1776352464.529,264.529,0.29,25.0,0.28,10.0,0.3,0.66,0.31,26.0,0.69,34.2,0.68,15.0,0.73,9.65,0.74,10.0,0.01,0.04,2324.056982,1776352463000
1776352465.963,265.963,0.28,12.91,0.27,9.65,0.29,10.0,0.3,20.66,0.7,0.66,0.69,26.0,0.71,25.0,0.72,10.0,0.01,0.01,2324.261324,1776352464000
1776352466.754,266.754,0.29,10.0,0.28,10.0,0.3,5.0,0.31,20.0,0.71,10.0,0.7,20.66,0.73,8.14,0.74,10.0,0.01,0.02,2324.180463,1776352465000
1776352467.007,267.007,0.29,8.45,0.28,15.0,0.31,20.0,0.32,10.0,0.7,5.0,0.69,20.0,0.71,10.0,0.72,10.0,0.02,0.01,2324.180463,1776352465000
1776352467.604,267.604,0.3,15.71,0.29,8.45,0.31,10.0,0.32,10.0,0.69,20.0,0.68,10.0,0.71,8.45,0.72,15.0,0.01,0.02,2324.14474,1776352466000
1776352468.014,268.014,0.3,22.63,0.29,8.45,0.32,10.0,0.33,10.0,0.69,10.0,0.68,10.0,0.7,15.71,0.71,8.45,0.02,0.01,2324.14474,1776352466000
1776352469.097,269.097,0.33,16.7,0.32,10.0,0.34,20.0,0.35,10.0,0.68,10.0,0.67,10.0,0.7,22.63,0.71,8.45,0.01,0.02,2324.1944,1776352467000
1776352470.642,270.642,0.38,10.0,0.37,10.0,0.42,50.0,0.43,25.0,0.66,20.0,0.65,10.0,0.67,16.7,0.68,10.0,0.04,0.01,2324.303517,1776352469000
1776352471.494,271.494,0.43,12.92,0.42,64.0,0.45,175.0,0.47,35.0,0.58,50.0,0.57,25.0,0.62,10.0,0.63,10.0,0.02,0.04,2324.2904,1776352470000
1776352471.762,271.762,0.48,26.0,0.47,10.0,0.49,51.77,0.5,105.0,0.51,151.77,0.5,105.0,0.52,10.0,0.53,10.0,0.01,0.01,2324.2904,1776352470000
1776352472.256,272.256,0.49,10.0,0.48,62.1,0.5,7.35,0.51,74.4,0.5,96.97,0.49,74.4,0.52,62.1,0.53,20.64,0.01,0.02,2324.359836,1776352471000
1776352472.495,272.495,0.49,0.29,0.48,10.0,0.5,7.35,0.51,10.0,0.5,7.35,0.49,74.4,0.51,10.0,0.52,62.1,0.01,0.01,2324.359836,1776352471000
1776352472.844,272.844,0.5,10.0,0.49,0.29,0.53,110.0,0.54,14.5,0.49,2.35,0.48,160.0,0.51,0.29,0.52,10.0,0.03,0.02,2324.359836,1776352471000
1776352473.513,273.513,0.59,10.0,0.58,10.0,0.6,32.2,0.61,110.0,0.47,110.0,0.46,14.5,0.5,10.0,0.51,0.29,0.01,0.03,2324.49568,1776352472000
1776352473.944,273.944,0.6,15.0,0.59,15.0,0.63,50.0,0.65,5.0,0.39,109.2,0.38,50.0,0.41,15.0,0.42,15.0,0.03,0.02,2324.49568,1776352472000
1776352474.433,274.433,0.69,10.0,0.68,10.0,0.71,70.0,0.72,70.0,0.29,117.0,0.28,75.0,0.37,10.0,0.38,10.0,0.02,0.08,2324.778911,1776352473000
1776352474.703,274.703,0.68,4.37,0.67,10.0,0.69,0.1,0.71,70.0,0.29,75.0,0.28,70.0,0.32,4.37,0.33,10.0,0.01,0.03,2324.778911,1776352473000
1776352474.991,274.991,0.7,10.0,0.69,10.0,0.71,50.03,0.72,70.0,0.29,52.12,0.28,70.0,0.32,4.37,0.33,10.0,0.01,0.03,2324.778911,1776352473000
1776352475.193,275.193,0.7,5.0,0.69,10.0,0.71,12.33,0.72,70.0,0.29,12.33,0.28,70.0,0.3,10.0,0.31,10.0,0.01,0.01,2324.778911,1776352473000
1776352475.54,275.54,0.68,4.37,0.67,15.0,0.74,10.0,0.77,10.0,0.3,2.51,0.27,50.0,0.32,4.37,0.33,10.0,0.06,0.02,2325.148166,1776352474000
1776352476.106,276.106,0.76,22.0,0.75,20.0,0.77,14.48,0.79,105.0,0.26,10.0,0.23,10.0,0.32,4.37,0.33,15.0,0.01,0.06,2325.148166,1776352474000
1776352476.637,276.637,0.78,10.0,0.77,10.0,0.79,63.98,0.8,80.0,0.23,9.48,0.21,105.0,0.24,22.0,0.25,20.0,0.01,0.01,2325.203305,1776352475000
1776352476.966,276.966,0.78,10.0,0.77,10.0,0.79,37.34,0.8,10.0,0.21,47.34,0.2,80.0,0.22,10.0,0.23,10.0,0.01,0.01,2325.203305,1776352475000
1776352477.238,277.238,0.78,44.0,0.77,10.0,0.79,4.2,0.8,10.0,0.21,31.38,0.2,10.0,0.22,10.0,0.23,10.0,0.01,0.01,2325.233225,1776352476000
1776352477.441,277.441,0.78,22.0,0.72,21.81,0.8,8.18,0.81,15.0,0.21,4.2,0.2,10.0,0.22,44.0,0.23,10.0,0.02,0.01,2325.233225,1776352476000
1776352477.697,277.697,0.72,21.81,0.68,10.0,0.73,83.51,0.74,16.0,0.19,140.0,0.18,10.0,0.28,21.81,0.32,10.0,0.01,0.09,2325.233225,1776352476000
1776352477.922,277.922,0.66,50.0,0.65,25.0,0.67,5.5,0.68,10.0,0.29,48.19,0.27,148.51,0.32,10.0,0.34,50.0,0.01,0.03,2325.233225,1776352476000
1776352478.238,278.238,0.66,4.58,0.65,35.0,0.67,5.5,0.68,10.0,0.33,14.19,0.32,10.0,0.35,25.0,0.36,15.0,0.01,0.02,2325.233225,1776352476000
1776352479.636,279.636,0.57,7.16,0.55,8.15,0.61,59.66,0.64,90.0,0.32,10.0,0.31,10.0,0.35,35.0,0.36,15.0,0.04,0.03,2325.441274,1776352478000
1776352480.05,280.05,0.57,10.0,0.56,10.0,0.59,10.0,0.6,150.0,0.4,150.0,0.39,139.66,0.44,10.0,0.45,10.0,0.02,0.04,2325.441274,1776352478000
1776352480.275,280.275,0.58,10.0,0.57,10.0,0.6,150.0,0.61,139.66,0.41,10.0,0.4,150.0,0.43,10.0,0.44,10.0,0.02,0.02,2325.441274,1776352478000
1776352480.723,280.723,0.6,58.2,0.59,10.0,0.61,34.66,0.63,5.0,0.4,150.0,0.39,139.66,0.41,10.0,0.42,10.0,0.01,0.01,2325.30393,1776352479000
1776352480.964,280.964,0.64,20.0,0.63,10.0,0.65,8.46,0.66,13.18,0.34,13.18,0.33,10.0,0.4,58.2,0.41,10.0,0.01,0.06,2325.30393,1776352479000
1776352481.195,281.195,0.64,10.0,0.63,10.0,0.65,10.0,0.67,0.43,0.33,0.43,0.32,98.0,0.36,20.0,0.37,10.0,0.01,0.03,2325.30393,1776352479000
1776352481.714,281.714,0.68,116.0,0.67,227.0,0.71,22.59,0.74,10.0,0.35,15.0,0.33,0.43,0.36,4.58,0.37,10.0,0.03,0.01,2325.130207,1776352480000
1776352481.92,281.92,0.95,21.0,0.94,20.0,0.97,183.38,0.98,323.63,0.04,3.64,0.03,184.94,0.05,16.0,0.06,20.0,0.02,0.01,2325.130207,1776352480000
1776352482.137,282.137,0.96,17.2,0.95,21.0,0.97,145.99,0.98,323.63,0.03,116.99,0.02,323.63,0.04,20.0,0.05,21.0,0.01,0.01,2325.059732,1776352481000
1776352482.42,282.42,0.96,50.39,0.95,18.2,0.97,31.84,0.98,323.63,0.03,34.91,0.02,323.63,0.04,45.39,0.05,18.2,0.01,0.01,2325.059732,1776352481000
1776352482.652,282.652,0.96,36.39,0.95,24.2,0.97,28.77,0.98,589.63,0.03,28.77,0.02,323.63,0.04,50.39,0.05,18.2,0.01,0.01,2325.059732,1776352481000
1776352482.857,282.857,0.96,10.0,0.95,22.0,0.98,589.63,0.99,7842.66,0.03,2.17,0.02,594.63,0.06,30.0,0.07,10.0,0.02,0.03,2325.059732,1776352481000
1776352483.099,283.099,0.97,1.0,0.96,10.0,0.98,591.56,0.99,8137.66,0.02,594.63,0.01,7847.66,0.03,1.0,0.04,10.0,0.01,0.01,2325.059732,1776352481000
1776352483.307,283.307,0.96,10.0,0.95,15.0,0.97,1.87,0.98,597.46,0.03,9.0,0.02,582.46,0.04,10.0,0.05,15.0,0.01,0.01,2325.193077,1776352482000
1776352483.543,283.543,0.95,10.0,0.94,10.0,0.96,275.0,0.97,15.83,0.03,268.83,0.02,326.46,0.04,10.0,0.05,15.0,0.01,0.01,2325.193077,1776352482000
1776352483.745,283.745,0.93,10.0,0.92,10.0,0.94,38.32,0.95,10.0,0.04,350.95,0.03,15.83,0.09,17.0,0.1,15.0,0.01,0.05,2325.193077,1776352482000
1776352483.997,283.997,0.93,10.0,0.92,10.0,0.94,113.06,0.95,10.0,0.06,38.32,0.05,10.0,0.07,10.0,0.08,10.0,0.01,0.01,2325.193077,1776352482000
1776352484.675,284.675,0.93,5.38,0.92,6.0,0.97,296.83,0.98,321.46,0.06,103.89,0.05,10.0,0.07,10.0,0.08,10.0,0.04,0.01,2326.726079,1776352483000
1776352484.908,284.908,0.93,5.0,0.92,10.0,0.96,292.94,0.97,10.0,0.04,287.94,0.03,10.0,0.06,10.0,0.07,15.38,0.03,0.02,2326.726079,1776352483000
1776352485.179,285.179,0.91,15.49,0.9,11.0,0.97,5.41,0.98,321.46,0.08,15.0,0.07,4.62,0.09,15.49,0.1,11.0,0.06,0.01,2326.726079,1776352483000
1776352485.414,285.414,0.94,34.49,0.93,10.0,0.95,84.0,0.96,40.0,0.03,5.41,0.02,321.46,0.09,15.49,0.1,11.0,0.01,0.06,2326.594017,1776352484000
1776352485.694,285.694,0.93,15.0,0.92,33.0,0.95,65.0,0.96,40.0,0.05,84.0,0.04,40.0,0.06,34.49,0.07,10.0,0.02,0.01,2326.594017,1776352484000
1776352485.919,285.919,0.93,15.0,0.92,33.0,0.94,43.72,0.95,15.0,0.05,70.0,0.04,40.0,0.07,5.0,0.08,33.0,0.01,0.02,2326.594017,1776352484000
1776352486.294,286.294,0.95,46.28,0.94,10.0,0.96,29.37,0.97,5.41,0.04,40.0,0.03,5.41,0.05,46.28,0.07,15.0,0.01,0.01,2326.594017,1776352484000
1776352486.65,286.65,0.95,45.25,0.94,10.0,0.96,15.79,0.97,5.41,0.04,29.37,0.03,5.41,0.05,45.25,0.06,10.0,0.01,0.01,2326.594017,1776352484000
1776352486.964,286.964,0.95,38.03,0.93,5.0,0.96,139.7,0.97,5.41,0.04,4.7,0.03,5.41,0.05,58.03,0.07,5.0,0.01,0.01,2326.594017,1776352484000
1776352487.195,287.195,0.86,35.0,0.85,10.0,0.87,60.0,0.88,5.25,0.11,64.38,0.1,80.0,0.14,35.0,0.15,10.0,0.01,0.03,2326.249314,1776352486000
1776352487.433,287.433,0.84,17.9,0.83,10.0,0.85,13.23,0.86,50.0,0.13,4.25,0.12,160.25,0.16,17.9,0.17,10.0,0.01,0.03,2326.249314,1776352486000
1776352487.701,287.701,0.87,10.0,0.86,10.0,0.89,72.91,0.9,40.0,0.11,67.91,0.1,40.0,0.16,11.9,0.17,10.0,0.02,0.05,2326.249314,1776352486000
1776352487.906,287.906,0.86,35.0,0.85,10.0,0.87,60.0,0.88,15.0,0.11,72.91,0.1,40.0,0.13,10.0,0.14,10.0,0.01,0.02,2326.249314,1776352486000
1776352488.348,288.348,0.86,19.87,0.85,18.0,0.87,54.39,0.89,72.91,0.13,49.39,0.12,5.0,0.14,24.28,0.15,10.0,0.01,0.01,2326.095315,1776352487000
1776352488.621,288.621,0.86,29.87,0.85,18.0,0.87,72.22,0.89,67.91,0.13,51.67,0.11,72.91,0.14,29.87,0.15,18.0,0.01,0.01,2326.095315,1776352487000
1776352488.999,288.999,0.86,19.87,0.85,18.0,0.87,45.11,0.9,40.0,0.13,72.22,0.11,67.91,0.14,29.87,0.15,18.0,0.01,0.01,2326.095315,1776352487000
1776352489.257,289.257,0.81,57.87,0.8,10.0,0.87,45.11,0.91,10.0,0.13,45.11,0.1,40.0,0.14,19.87,0.15,18.0,0.06,0.01,2326.095315,1776352487000
1776352489.542,289.542,0.8,15.0,0.79,25.0,0.86,65.11,0.87,110.11,0.19,7.25,0.14,70.0,0.2,10.0,0.21,20.0,0.06,0.01,2325.812109,1776352488000
1776352489.933,289.933,0.85,13.46,0.84,10.0,0.86,57.19,0.87,110.11,0.14,59.29,0.13,110.11,0.15,6.46,0.16,10.0,0.01,0.01,2325.812109,1776352488000
1776352490.141,290.141,0.85,8.46,0.84,10.0,0.86,57.19,0.87,110.11,0.14,57.19,0.13,110.11,0.15,13.46,0.16,10.0,0.01,0.01,2325.600595,1776352489000
1776352490.352,290.352,0.86,15.0,0.85,18.46,0.87,28.21,0.91,60.0,0.13,33.21,0.09,60.0,0.15,8.46,0.16,10.0,0.01,0.02,2325.600595,1776352489000
1776352490.637,290.637,0.88,18.9,0.87,10.0,0.9,79.9,0.91,60.0,0.1,79.9,0.09,60.0,0.12,19.0,0.13,10.0,0.02,0.02,2325.600595,1776352489000
1776352490.843,290.843,0.89,10.0,0.88,18.9,0.9,51.0,0.91,60.0,0.1,51.56,0.09,60.0,0.11,10.0,0.12,18.9,0.01,0.01,2325.600595,1776352489000
1776352491.381,291.381,0.89,10.0,0.88,18.9,0.9,53.6,0.91,10.0,0.1,51.0,0.09,60.0,0.11,10.0,0.12,18.9,0.01,0.01,2325.525335,1776352490000
1776352491.734,291.734,0.89,10.0,0.88,19.0,0.9,48.32,0.91,10.0,0.1,53.6,0.09,10.0,0.11,10.0,0.12,18.9,0.01,0.01,2325.525335,1776352490000
1776352492.193,292.193,0.89,19.0,0.88,10.0,0.9,42.2,0.91,10.0,0.1,47.2,0.09,10.0,0.11,10.0,0.12,19.0,0.01,0.01,2325.525335,1776352490000
1776352492.513,292.513,0.88,9.9,0.87,10.0,0.9,33.86,0.91,10.0,0.1,62.86,0.09,10.0,0.11,9.9,0.12,10.0,0.02,0.01,2325.525916,1776352491000
1776352493.077,293.077,0.84,9.88,0.83,80.0,0.9,27.31,0.91,10.0,0.1,27.31,0.09,10.0,0.11,1.0,0.12,10.0,0.06,0.01,2325.525916,1776352491000
1776352493.952,293.952,0.87,10.0,0.86,10.0,0.9,3.34,0.91,10.0,0.1,27.31,0.09,10.0,0.16,9.88,0.17,80.0,0.03,0.06,2325.6061,1776352492000
1776352494.312,294.312,0.88,10.0,0.87,15.0,0.92,0.32,0.93,10.0,0.09,2.31,0.08,10.0,0.11,10.0,0.12,15.0,0.04,0.02,2325.569622,1776352493000
1776352494.555,294.555,0.9,10.0,0.89,10.0,0.91,7.8,0.92,0.32,0.08,0.32,0.07,10.0,0.12,10.0,0.13,15.0,0.01,0.04,2325.569622,1776352493000
1776352494.935,294.935,0.9,62.02,0.89,15.0,0.93,10.0,0.94,10.0,0.09,7.8,0.08,0.32,0.1,10.0,0.11,10.0,0.03,0.01,2325.569622,1776352493000
1776352495.543,295.543,0.83,10.0,0.82,150.0,0.86,10.0,0.87,10.0,0.07,0.31,0.06,10.0,0.09,15.0,0.1,72.02,0.03,0.02,2325.550035,1776352494000
1776352496.11,296.11,0.84,11.06,0.83,10.0,0.86,8.2,0.87,10.0,0.14,10.0,0.13,10.0,0.16,1.06,0.17,10.0,0.02,0.02,2325.550035,1776352494000
1776352496.4,296.4,0.86,60.0,0.85,10.0,0.89,15.58,0.9,150.0,0.14,8.2,0.13,10.0,0.16,11.06,0.17,10.0,0.03,0.02,2325.559427,1776352495000
1776352496.64,296.64,0.88,27.09,0.87,15.0,0.9,100.46,0.91,15.0,0.1,109.35,0.09,15.0,0.12,10.0,0.13,15.0,0.02,0.02,2325.559427,1776352495000
1776352497.315,297.315,0.89,161.0,0.88,32.09,0.96,9.07,0.97,5.41,0.1,100.46,0.09,15.0,0.12,27.09,0.13,15.0,0.07,0.02,2325.565172,1776352496000
1776352497.579,297.579,0.95,146.0,0.94,10.0,0.97,6.0,0.98,154.25,0.02,177.25,0.01,1578.88,0.07,149.0,0.08,10.0,0.02,0.05,2325.565172,1776352496000
1776352497.907,297.907,0.98,19.35,0.97,144.0,0.99,1694.7,,,0.01,1694.7,,,0.04,145.0,0.05,10.0,0.01,0.03,2325.565172,1776352496000
1776352498.154,298.154,0.98,151.35,0.97,10.0,0.99,1609.11,,,0.01,1614.11,,,0.02,151.35,0.03,10.0,0.01,0.01,2325.49421,1776352497000
1776352498.356,298.356,0.98,151.35,0.97,10.0,0.99,1436.23,,,0.01,1451.23,,,0.02,151.35,0.03,10.0,0.01,0.01,2325.49421,1776352497000
1776352498.567,298.567,0.98,151.35,0.97,10.0,0.99,410.99,,,0.01,450.35,,,0.02,151.35,0.03,10.0,0.01,0.01,2325.49421,1776352497000
1776352498.894,298.894,0.99,4433.88,0.98,34.35,,,,,,,,,0.02,151.35,0.03,10.0,,,2325.49421,1776352497000
1776352500.658,300.658,0.99,55907.11,0.98,42.35,,,,,,,,,0.01,4433.88,0.02,34.35,,,2325.354965,1776352499000

# RESULT,winner=Up,slug=eth-updown-5m-1776352200,ticks=527
