timestamp,elapsed_sec,up_bid_p1,up_bid_s1,up_bid_p2,up_bid_s2,up_ask_p1,up_ask_s1,up_ask_p2,up_ask_s2,down_bid_p1,down_bid_s1,down_bid_p2,down_bid_s2,down_ask_p1,down_ask_s1,down_ask_p2,down_ask_s2,up_spread,down_spread,eth_price,eth_oracle_ts
1776312300.537,0.537,0.52,5.0,0.51,14.84,0.54,70.0,0.55,70.0,0.48,13.68,0.47,40.0,0.49,19.84,0.5,20.0,0.02,0.01,2357.190123,1776312299000
1776312301.196,1.196,0.52,5.0,0.51,14.84,0.54,70.0,0.55,70.0,0.46,70.0,0.45,70.0,0.48,5.0,0.49,14.84,0.02,0.02,2357.182929,1776312300000
1776312301.523,1.523,0.52,1.16,0.51,19.84,0.53,5.0,0.54,89.0,0.46,70.0,0.45,70.0,0.48,5.0,0.49,14.84,0.01,0.02,2357.182929,1776312300000
1776312302.302,2.302,0.52,1.16,0.51,19.84,0.54,40.88,0.55,70.0,0.46,89.0,0.45,70.0,0.48,1.16,0.49,19.84,0.02,0.02,2357.155025,1776312301000
1776312302.919,2.919,0.45,4.6,0.44,70.0,0.53,5.0,0.54,40.88,0.46,40.88,0.45,70.0,0.48,1.16,0.49,19.84,0.08,0.02,2357.155025,1776312301000
1776312303.662,3.662,0.49,15.0,0.48,10.0,0.52,12.88,0.53,5.0,0.47,5.0,0.46,40.88,0.55,4.6,0.56,70.0,0.03,0.08,2357.1559,1776312302000
1776312304.135,4.135,0.5,10.0,0.49,15.0,0.52,10.95,0.53,10.0,0.48,12.88,0.47,5.0,0.51,15.0,0.52,10.0,0.02,0.03,2357.1559,1776312302000
1776312305.487,5.487,0.48,14.0,0.32,140.0,0.5,5.0,0.51,60.0,0.48,10.95,0.47,10.0,0.5,3.7,0.51,15.0,0.02,0.02,2357.16026,1776312304000
1776312305.878,5.878,0.33,72.04,0.32,140.0,0.35,14.74,0.36,15.0,0.64,10.0,0.61,15.0,0.67,67.04,0.68,140.0,0.02,0.03,2357.16026,1776312304000
1776312306.125,6.125,0.36,25.26,0.33,67.04,0.37,10.0,0.38,10.0,0.65,4.74,0.64,10.0,0.67,67.04,0.68,140.0,0.01,0.02,2357.16026,1776312304000
1776312306.579,6.579,0.33,67.04,0.32,140.0,0.34,10.0,0.35,10.0,0.63,10.0,0.62,10.0,0.64,25.26,0.67,67.04,0.01,0.01,2357.156139,1776312305000
1776312307.012,7.012,0.33,56.06,0.32,140.0,0.34,6.17,0.35,10.0,0.66,10.0,0.65,10.0,0.67,56.06,0.68,140.0,0.01,0.01,2357.156139,1776312305000
1776312307.56,7.56,0.33,58.02,0.32,140.0,0.34,6.17,0.35,10.0,0.66,6.17,0.65,10.0,0.67,61.06,0.68,140.0,0.01,0.01,2357.015306,1776312306000
1776312308.374,8.374,0.33,61.52,0.32,140.0,0.35,1.19,0.36,10.0,0.66,6.17,0.65,10.0,0.67,71.52,0.68,140.0,0.02,0.01,2357.015306,1776312306000
1776312309.94,9.94,0.41,6.94,0.4,5.0,0.42,15.0,0.43,80.0,0.65,1.19,0.64,10.0,0.67,61.52,0.68,140.0,0.01,0.02,2356.378215,1776312308000
1776312310.274,10.274,0.41,98.94,0.4,195.0,0.42,12.0,0.43,10.0,0.55,11.44,0.54,15.0,0.59,98.94,0.6,185.0,0.01,0.04,2356.378215,1776312308000
1776312310.667,10.667,0.41,236.94,0.4,15.0,0.42,2.61,0.43,10.0,0.57,10.0,0.56,10.0,0.59,103.94,0.6,195.0,0.01,0.02,2356.36463,1776312309000
1776312311.095,11.095,0.43,16.97,0.42,55.0,0.44,0.41,0.45,90.67,0.56,0.44,0.55,6.44,0.59,236.94,0.6,15.0,0.01,0.03,2356.36507,1776312310000
1776312311.731,11.731,0.43,108.97,0.42,55.0,0.45,0.07,0.46,96.0,0.56,0.41,0.55,90.67,0.57,16.97,0.58,55.0,0.02,0.01,2356.36507,1776312310000
1776312312.053,12.053,0.43,114.66,0.42,55.0,0.44,15.0,0.45,22.07,0.55,0.07,0.54,96.0,0.57,108.97,0.58,55.0,0.01,0.02,2356.36507,1776312310000
1776312312.287,12.287,0.43,294.66,0.42,55.0,0.44,10.0,0.45,22.0,0.56,15.0,0.55,22.07,0.57,114.66,0.58,55.0,0.01,0.01,2356.543368,1776312311000
1776312312.944,12.944,0.43,305.16,0.42,55.0,0.44,14.14,0.45,90.27,0.56,10.0,0.55,22.0,0.57,294.66,0.58,55.0,0.01,0.01,2356.543368,1776312311000
1776312314.543,14.543,0.43,292.44,0.42,50.0,0.44,31.14,0.45,111.77,0.56,14.14,0.55,90.27,0.57,305.16,0.58,55.0,0.01,0.01,2356.573596,1776312312000
1776312315.52,15.52,0.43,282.44,0.42,50.0,0.44,36.14,0.45,117.77,0.56,31.14,0.55,111.77,0.57,292.44,0.58,50.0,0.01,0.01,2356.570227,1776312314000
1776312316.282,16.282,0.43,282.92,0.42,50.0,0.44,115.39,0.45,49.5,0.56,36.14,0.55,117.77,0.57,282.44,0.58,50.0,0.01,0.01,2356.570227,1776312314000
1776312316.619,16.619,0.43,284.62,0.42,50.0,0.44,115.39,0.45,49.5,0.56,115.39,0.55,49.5,0.57,282.92,0.58,50.0,0.01,0.01,2356.575102,1776312315000
1776312316.994,16.994,0.43,279.12,0.42,55.0,0.45,54.5,0.46,151.0,0.56,115.39,0.55,49.5,0.57,284.62,0.58,50.0,0.02,0.01,2356.575102,1776312315000
1776312317.359,17.359,0.44,11.07,0.43,279.12,0.45,51.5,0.46,164.0,0.55,54.5,0.54,151.0,0.57,279.12,0.58,55.0,0.01,0.02,2356.598416,1776312316000
1776312318.647,18.647,0.52,195.0,0.51,25.0,0.54,65.77,0.56,120.0,0.55,51.5,0.54,164.0,0.56,11.07,0.57,279.12,0.02,0.01,2356.589514,1776312317000
1776312318.86,18.86,0.52,242.0,0.51,25.0,0.54,72.51,0.55,5.0,0.47,22.16,0.46,81.77,0.48,242.0,0.49,25.0,0.02,0.01,2356.589514,1776312317000
1776312319.278,19.278,0.55,15.0,0.54,10.0,0.56,68.08,0.57,82.0,0.46,84.51,0.45,16.0,0.47,5.0,0.48,237.0,0.01,0.01,2356.59199,1776312318000
1776312320.337,20.337,0.55,288.2,0.54,25.5,0.56,73.5,0.57,100.0,0.44,64.5,0.43,82.0,0.45,15.0,0.46,10.0,0.01,0.01,2356.59199,1776312318000
1776312320.897,20.897,0.56,299.0,0.55,54.2,0.57,107.83,0.58,168.5,0.43,100.0,0.42,155.5,0.45,303.2,0.46,25.5,0.01,0.02,2356.681261,1776312319000
1776312321.371,21.371,0.56,294.0,0.55,54.2,0.57,189.8,0.58,179.5,0.43,107.83,0.42,168.5,0.44,299.0,0.45,54.2,0.01,0.01,2356.681261,1776312319000
1776312323.099,23.099,0.55,9.2,0.54,190.0,0.56,40.0,0.57,287.8,0.43,189.8,0.42,179.5,0.44,294.0,0.45,54.2,0.01,0.01,2357.295787,1776312321000
1776312324.477,24.477,0.55,9.2,0.54,197.0,0.56,134.0,0.57,129.9,0.44,40.0,0.43,287.8,0.45,9.2,0.46,190.0,0.01,0.01,2357.323581,1776312323000
1776312324.707,24.707,0.55,5.0,0.54,226.2,0.56,126.01,0.57,124.9,0.44,111.01,0.43,124.9,0.46,216.2,0.47,20.5,0.01,0.02,2357.323581,1776312323000
1776312325.253,25.253,0.51,25.5,0.5,210.5,0.55,302.99,0.56,67.51,0.44,126.01,0.43,124.9,0.45,5.0,0.46,226.2,0.04,0.01,2357.26476,1776312324000
1776312326.238,26.238,0.52,302.5,0.51,37.5,0.53,65.0,0.56,29.0,0.45,302.99,0.44,67.51,0.49,25.5,0.5,210.5,0.01,0.04,2357.26476,1776312324000
1776312327.007,27.007,0.55,1.5,0.54,62.0,0.56,105.93,0.57,112.9,0.44,13.58,0.43,80.4,0.45,20.5,0.46,10.0,0.01,0.01,2357.347041,1776312325000
1776312327.622,27.622,0.54,1.46,0.53,10.5,0.56,353.93,0.57,112.9,0.44,105.93,0.43,112.9,0.45,1.5,0.46,62.0,0.02,0.01,2357.22248,1776312326000
1776312329.094,29.094,0.53,5.0,0.52,33.0,0.54,95.0,0.55,66.3,0.44,353.93,0.43,112.9,0.47,11.96,0.48,30.5,0.01,0.03,2357.256783,1776312327000
1776312330.215,30.215,0.54,62.5,0.53,210.5,0.55,3.8,0.56,33.0,0.46,95.0,0.45,66.3,0.47,5.0,0.48,33.0,0.01,0.01,2357.282373,1776312328000
1776312330.896,30.896,0.55,40.5,0.54,252.5,0.56,14.0,0.57,102.4,0.44,23.0,0.43,99.4,0.45,30.5,0.46,65.5,0.01,0.01,2357.256415,1776312329000
1776312331.47,31.47,0.54,12.0,0.53,25.5,0.58,283.65,0.59,42.5,0.42,73.65,0.41,15.5,0.45,42.5,0.46,252.5,0.04,0.03,2357.21015,1776312330000
1776312332.921,32.921,0.54,2.0,0.53,12.0,0.55,99.5,0.56,100.5,0.42,283.65,0.41,42.5,0.46,12.0,0.47,25.5,0.01,0.04,2357.271147,1776312331000
1776312334.014,34.014,0.51,12.75,0.5,23.78,0.52,12.0,0.53,31.0,0.48,5.0,0.47,5.0,0.5,23.78,0.51,42.0,0.01,0.02,2357.282327,1776312332000
1776312334.693,34.693,0.52,18.41,0.51,15.0,0.53,16.0,0.54,16.0,0.48,12.0,0.47,31.0,0.49,12.75,0.5,23.78,0.01,0.01,2357.274422,1776312333000
1776312335.687,35.687,0.52,18.41,0.51,22.0,0.54,36.0,0.55,98.5,0.47,16.0,0.46,16.0,0.48,18.41,0.49,15.0,0.02,0.01,2357.195811,1776312334000
1776312337.111,37.111,0.5,5.0,0.49,15.5,0.52,144.5,0.53,25.5,0.46,36.0,0.45,98.5,0.48,18.41,0.49,22.0,0.02,0.02,2357.173515,1776312335000
1776312337.509,37.509,0.49,15.5,0.48,20.0,0.5,16.0,0.51,34.5,0.49,20.5,0.48,139.5,0.51,15.5,0.52,20.0,0.01,0.02,2357.149107,1776312336000
1776312338.201,38.201,0.51,45.5,0.5,20.5,0.53,8.0,0.54,8.5,0.5,16.0,0.49,34.5,0.51,15.5,0.52,20.0,0.02,0.01,2357.149107,1776312336000
1776312340.311,40.311,0.53,72.5,0.52,223.0,0.54,3.4,0.55,13.8,0.46,8.5,0.45,10.0,0.48,15.0,0.49,57.5,0.01,0.02,2357.154404,1776312339000
1776312340.628,40.628,0.53,47.5,0.52,223.0,0.55,22.63,0.56,80.5,0.46,3.4,0.45,13.8,0.47,72.5,0.48,223.0,0.02,0.01,2357.154404,1776312339000
1776312341.379,41.379,0.55,25.49,0.54,20.0,0.56,90.5,0.57,26.0,0.45,22.63,0.44,80.5,0.47,47.5,0.48,223.0,0.01,0.02,2357.154404,1776312339000
1776312341.919,41.919,0.55,10.91,0.54,20.0,0.56,100.5,0.57,69.86,0.44,90.5,0.43,26.0,0.45,25.49,0.46,20.0,0.01,0.01,2357.305413,1776312340000
1776312343.016,43.016,0.55,0.91,0.53,7.0,0.56,341.5,0.57,26.0,0.44,100.5,0.43,69.86,0.45,10.91,0.46,20.0,0.01,0.01,2357.301568,1776312341000
1776312344.786,44.786,0.52,8.39,0.51,32.5,0.53,72.0,0.54,213.5,0.44,346.5,0.43,26.0,0.48,12.5,0.49,5.0,0.01,0.04,2357.23299,1776312343000
1776312345.166,45.166,0.5,10.26,0.49,25.5,0.52,72.0,0.53,216.5,0.47,72.0,0.46,213.5,0.48,8.39,0.49,32.5,0.02,0.01,2357.23299,1776312343000
1776312345.995,45.995,0.51,12.95,0.5,28.26,0.52,77.5,0.53,216.5,0.48,72.0,0.47,216.5,0.5,10.26,0.51,25.5,0.01,0.02,2357.246204,1776312344000
1776312346.421,46.421,0.5,10.89,0.49,25.5,0.52,82.5,0.53,216.5,0.48,77.5,0.47,216.5,0.49,12.95,0.5,28.26,0.02,0.01,2357.246204,1776312344000
1776312347.138,47.138,0.47,11.61,0.46,5.0,0.51,189.5,0.52,36.5,0.48,82.5,0.47,216.5,0.5,10.89,0.51,25.5,0.04,0.02,2357.246204,1776312344000
1776312347.795,47.795,0.46,10.0,0.45,85.5,0.47,12.46,0.48,128.5,0.49,189.5,0.48,36.5,0.53,11.61,0.54,5.0,0.01,0.04,2357.246204,1776312344000
1776312349.141,49.141,0.44,0.95,0.42,5.0,0.45,256.5,0.46,25.5,0.53,14.47,0.52,128.5,0.54,10.0,0.55,90.5,0.01,0.01,2357.246204,1776312344000
1776312349.482,49.482,0.41,17.68,0.4,74.0,0.42,41.0,0.43,18.0,0.57,10.0,0.56,33.5,0.59,76.68,0.6,29.0,0.01,0.02,2357.246204,1776312344000
1776312349.991,49.991,0.41,0.68,0.4,74.0,0.42,36.0,0.43,18.0,0.58,41.0,0.57,18.0,0.59,17.68,0.6,74.0,0.01,0.01,2357.246204,1776312344000
1776312350.315,50.315,0.41,304.68,0.4,47.0,0.42,21.2,0.43,15.0,0.58,36.0,0.57,18.0,0.59,0.68,0.6,74.0,0.01,0.01,2357.246204,1776312344000
1776312350.867,50.867,0.42,357.5,0.41,95.68,0.45,7.0,0.47,7.0,0.57,15.0,0.56,8.0,0.59,332.68,0.6,107.0,0.03,0.02,2357.246204,1776312344000
1776312352.177,52.177,0.46,15.0,0.45,25.5,0.47,2.0,0.48,23.5,0.54,10.0,0.53,37.5,0.55,10.9,0.56,20.0,0.01,0.01,2357.246204,1776312344000
1776312354.655,54.655,0.43,110.91,0.42,99.0,0.45,263.5,0.46,32.5,0.53,2.0,0.52,23.5,0.54,15.0,0.55,25.5,0.02,0.01,2356.972786,1776312352000
1776312355.132,55.132,0.37,12.0,0.36,85.0,0.39,21.23,0.4,23.0,0.55,263.5,0.54,32.5,0.57,110.91,0.58,99.0,0.02,0.02,2356.956989,1776312354000
1776312355.536,55.536,0.35,70.0,0.33,50.51,0.37,48.5,0.38,73.5,0.62,10.0,0.61,16.23,0.63,40.52,0.64,85.0,0.02,0.01,2356.956989,1776312354000
1776312355.737,55.737,0.33,15.0,0.32,34.0,0.36,260.5,0.37,53.5,0.64,20.5,0.63,55.5,0.65,65.0,0.67,40.51,0.03,0.01,2356.956989,1776312354000
1776312355.959,55.959,0.32,132.0,0.31,85.0,0.34,279.5,0.35,114.83,0.64,260.5,0.63,53.5,0.67,15.0,0.68,34.0,0.02,0.03,2356.956989,1776312354000
1776312356.537,56.537,0.32,375.0,0.31,121.5,0.35,16.0,0.36,26.5,0.66,279.5,0.65,114.83,0.68,132.0,0.69,85.0,0.03,0.02,2356.948121,1776312355000
1776312357.168,57.168,0.33,82.5,0.32,103.5,0.35,130.59,0.36,37.75,0.65,16.0,0.64,26.5,0.68,375.0,0.69,121.5,0.02,0.03,2356.948121,1776312355000
1776312358.464,58.464,0.33,350.99,0.32,129.5,0.35,93.53,0.36,37.75,0.65,130.59,0.64,37.75,0.67,82.5,0.68,103.5,0.02,0.02,2356.557264,1776312357000
1776312359.163,59.163,0.33,507.5,0.32,51.5,0.35,11.0,0.36,6.25,0.65,93.53,0.64,37.75,0.67,350.99,0.68,129.5,0.02,0.02,2356.557264,1776312357000
1776312359.872,59.872,0.35,407.5,0.34,51.5,0.36,0.59,0.37,37.81,0.64,3.09,0.63,37.81,0.65,165.5,0.66,51.5,0.01,0.01,2356.471911,1776312358000
1776312360.279,60.279,0.35,406.07,0.34,51.5,0.36,0.59,0.4,5.0,0.64,0.59,0.63,37.81,0.65,407.5,0.66,51.5,0.01,0.01,2356.471911,1776312358000
1776312361.602,61.602,0.35,430.5,0.34,51.5,0.41,10.0,0.42,10.0,0.64,0.59,0.6,5.0,0.65,406.07,0.66,51.5,0.06,0.01,2356.583462,1776312360000
1776312362.329,62.329,0.4,90.7,0.39,37.0,0.41,23.85,0.42,20.5,0.59,23.85,0.58,20.5,0.6,15.0,0.61,10.0,0.01,0.01,2356.592392,1776312361000
1776312363.388,63.388,0.41,64.0,0.4,148.2,0.43,2.84,0.44,10.0,0.59,23.85,0.58,20.5,0.6,90.7,0.61,37.0,0.02,0.01,2356.626437,1776312362000
1776312363.669,63.669,0.42,66.75,0.41,306.0,0.43,12.84,0.44,20.0,0.57,2.84,0.56,10.0,0.59,64.0,0.6,148.2,0.01,0.02,2356.626437,1776312362000
1776312364.239,64.239,0.45,80.5,0.44,33.18,0.47,3.59,0.48,30.5,0.57,12.84,0.56,20.0,0.58,66.75,0.59,306.0,0.02,0.01,2356.626437,1776312362000
1776312366.264,66.264,0.47,45.0,0.46,55.0,0.49,144.89,0.5,85.0,0.53,3.59,0.52,30.5,0.55,80.5,0.56,33.18,0.02,0.02,2356.821923,1776312365000
1776312366.994,66.994,0.46,15.0,0.45,35.5,0.48,159.32,0.49,160.89,0.51,144.89,0.5,85.0,0.53,45.0,0.54,55.0,0.02,0.02,2356.821923,1776312365000
1776312369.096,69.096,0.46,317.5,0.45,40.5,0.47,3.31,0.48,63.51,0.53,20.5,0.52,97.32,0.54,15.0,0.55,35.5,0.01,0.01,2356.885033,1776312368000
1776312370.796,70.796,0.49,133.5,0.48,205.5,0.5,75.31,0.51,136.71,0.5,63.01,0.49,86.5,0.53,30.5,0.54,307.5,0.01,0.03,2356.861223,1776312369000
1776312371.308,71.308,0.49,318.5,0.48,30.5,0.5,22.35,0.51,70.0,0.5,34.31,0.49,136.71,0.51,133.5,0.52,210.5,0.01,0.01,2356.977607,1776312370000
1776312371.706,71.706,0.51,80.5,0.5,82.5,0.53,6.21,0.54,81.0,0.48,5.0,0.47,10.0,0.51,318.5,0.52,30.5,0.02,0.03,2356.977607,1776312370000
1776312372.487,72.487,0.52,30.5,0.51,35.5,0.53,4.17,0.54,81.0,0.47,6.21,0.46,81.0,0.49,80.5,0.5,82.5,0.01,0.02,2357.034936,1776312371000
1776312373.819,73.819,0.52,21.31,0.51,30.5,0.53,241.17,0.54,101.5,0.47,4.17,0.46,81.0,0.48,30.5,0.49,35.5,0.01,0.01,2357.092382,1776312372000
1776312374.934,74.934,0.52,61.2,0.51,30.5,0.53,5.0,0.54,81.0,0.47,241.17,0.46,101.5,0.48,21.31,0.49,30.5,0.01,0.01,2357.137519,1776312373000
1776312376.184,76.184,0.52,46.32,0.51,30.5,0.53,74.0,0.54,85.0,0.47,5.0,0.46,81.0,0.48,61.2,0.49,30.5,0.01,0.01,2357.143572,1776312375000
1776312381.343,81.343,0.51,20.5,0.5,25.5,0.52,228.88,0.53,32.5,0.47,74.0,0.46,85.0,0.48,46.32,0.49,30.5,0.01,0.01,2357.151087,1776312380000
1776312382.189,82.189,0.51,25.5,0.5,25.5,0.52,228.88,0.53,32.5,0.48,228.88,0.47,32.5,0.49,20.5,0.5,25.5,0.01,0.01,2357.103185,1776312381000
1776312382.763,82.763,0.5,15.5,0.49,30.5,0.52,243.88,0.53,32.5,0.48,228.88,0.47,32.5,0.49,25.5,0.5,25.5,0.02,0.01,2357.103185,1776312381000
1776312383.541,83.541,0.48,5.5,0.47,15.5,0.49,15.0,0.5,51.0,0.48,243.88,0.47,32.5,0.5,15.5,0.51,30.5,0.01,0.02,2357.103158,1776312382000
1776312385.184,85.184,0.47,26.83,0.46,15.0,0.49,25.0,0.5,15.0,0.51,15.0,0.5,51.0,0.52,5.5,0.53,15.5,0.02,0.01,2357.105601,1776312383000
1776312386.011,86.011,0.53,70.5,0.52,72.0,0.54,57.85,0.56,78.0,0.51,25.0,0.5,15.0,0.53,26.83,0.54,15.0,0.01,0.02,2357.107872,1776312384000
1776312386.594,86.594,0.53,260.5,0.52,77.0,0.54,42.56,0.55,5.0,0.46,47.66,0.45,5.0,0.47,85.5,0.48,77.0,0.01,0.01,2357.134418,1776312385000
1776312386.962,86.962,0.53,322.5,0.52,20.0,0.54,37.46,0.56,16.0,0.46,42.56,0.45,5.0,0.47,260.5,0.48,77.0,0.01,0.01,2357.099664,1776312386000
1776312388.967,88.967,0.54,5.0,0.53,35.5,0.56,41.5,0.57,262.5,0.44,16.0,0.43,15.0,0.47,322.5,0.48,20.0,0.02,0.03,2357.224397,1776312387000
1776312393.617,93.617,0.55,70.5,0.54,302.5,0.57,12.0,0.58,25.5,0.44,41.5,0.43,262.5,0.46,5.0,0.47,35.5,0.02,0.02,2357.346649,1776312392000
1776312394.17,94.17,0.56,75.5,0.55,55.5,0.57,10.24,0.58,25.5,0.43,12.0,0.42,25.5,0.45,70.5,0.46,302.5,0.01,0.02,2357.346649,1776312392000
1776312398.163,98.163,0.56,65.0,0.55,235.5,0.58,23.49,0.59,34.5,0.43,10.24,0.42,25.5,0.44,75.5,0.45,55.5,0.02,0.01,2357.360749,1776312396000
1776312399.263,99.263,0.58,25.5,0.57,307.5,0.6,10.47,0.61,79.5,0.42,23.49,0.41,34.5,0.44,65.0,0.45,235.5,0.02,0.02,2357.36455,1776312398000
1776312400.098,100.098,0.55,48.13,0.54,25.5,0.6,82.97,0.61,79.5,0.4,10.47,0.39,79.5,0.42,25.5,0.43,307.5,0.05,0.02,2357.393818,1776312399000
1776312401.008,101.008,0.59,14.87,0.58,10.0,0.6,72.47,0.61,79.5,0.4,82.97,0.39,79.5,0.45,48.13,0.46,25.5,0.01,0.05,2357.393818,1776312399000
1776312401.545,101.545,0.59,14.87,0.58,15.0,0.6,9.0,0.61,79.5,0.4,72.47,0.39,79.5,0.41,14.87,0.42,10.0,0.01,0.01,2357.396816,1776312400000
1776312401.866,101.866,0.6,50.0,0.59,19.87,0.62,80.17,0.63,10.5,0.4,9.0,0.39,79.5,0.41,14.87,0.42,15.0,0.02,0.01,2357.396816,1776312400000
1776312402.196,102.196,0.63,10.0,0.62,20.0,0.64,49.95,0.65,5.0,0.36,29.45,0.35,5.0,0.4,55.0,0.41,19.87,0.01,0.04,2357.404178,1776312401000
1776312403.406,103.406,0.63,20.0,0.62,20.0,0.64,34.45,0.65,10.5,0.36,49.95,0.35,5.0,0.37,10.0,0.38,20.0,0.01,0.01,2357.456644,1776312402000
1776312403.654,103.654,0.66,45.5,0.65,25.5,0.67,30.33,0.68,9.0,0.36,34.45,0.35,10.5,0.37,20.0,0.38,20.0,0.01,0.01,2357.456644,1776312402000
1776312403.974,103.974,0.66,332.5,0.65,120.05,0.67,12.37,0.74,5.0,0.33,30.33,0.32,9.0,0.34,75.5,0.35,87.5,0.01,0.01,2357.541265,1776312403000
1776312404.296,104.296,0.7,25.0,0.69,10.0,0.72,15.45,0.74,5.0,0.29,1.0,0.26,5.0,0.3,10.0,0.31,10.0,0.02,0.01,2357.541265,1776312403000
1776312404.757,104.757,0.71,20.0,0.7,50.5,0.72,9.45,0.74,5.0,0.28,15.45,0.26,5.0,0.3,25.0,0.31,10.0,0.01,0.02,2357.541265,1776312403000
1776312405.195,105.195,0.71,220.5,0.7,45.5,0.72,1.07,0.73,5.0,0.28,4.76,0.26,5.0,0.29,25.0,0.3,50.5,0.01,0.01,2357.57072,1776312404000
1776312405.56,105.56,0.73,30.0,0.72,267.0,0.76,50.0,0.77,25.3,0.28,1.07,0.27,5.0,0.29,220.5,0.3,45.5,0.03,0.01,2357.57072,1776312404000
1776312405.969,105.969,0.75,5.0,0.74,10.0,0.76,41.92,0.77,25.3,0.24,41.92,0.23,25.3,0.25,5.0,0.26,10.0,0.01,0.01,2357.855485,1776312405000
1776312406.201,106.201,0.76,13.04,0.75,25.0,0.77,25.3,0.78,21.0,0.24,35.13,0.23,25.3,0.27,25.48,0.28,287.0,0.01,0.03,2357.855485,1776312405000
1776312406.939,106.939,0.77,35.0,0.76,48.54,0.78,17.92,0.79,94.2,0.23,25.3,0.22,21.0,0.24,13.04,0.25,25.0,0.01,0.01,2357.855485,1776312405000
1776312407.296,107.296,0.77,76.15,0.76,100.54,0.78,9.0,0.79,9.0,0.22,26.92,0.21,35.7,0.23,51.15,0.24,105.54,0.01,0.01,2358.05748,1776312406000
1776312407.5,107.5,0.77,66.15,0.76,100.54,0.79,14.0,0.8,41.5,0.22,2.75,0.21,14.0,0.23,76.15,0.24,100.54,0.02,0.01,2358.05748,1776312406000
1776312408.105,108.105,0.78,80.5,0.77,236.15,0.8,23.93,0.81,68.9,0.21,4.0,0.2,41.5,0.22,20.0,0.23,56.15,0.02,0.01,2358.108759,1776312407000
1776312408.673,108.673,0.79,250.5,0.78,117.5,0.8,4.55,0.83,82.5,0.2,23.93,0.19,68.9,0.22,80.5,0.23,236.15,0.01,0.02,2358.108759,1776312407000
1776312409.529,109.529,0.79,327.5,0.78,60.5,0.83,59.11,0.84,26.8,0.2,4.55,0.17,82.5,0.21,250.5,0.22,117.5,0.04,0.01,2358.28778,1776312408000
1776312409.834,109.834,0.82,20.0,0.81,10.0,0.83,70.11,0.84,35.8,0.17,59.11,0.16,26.8,0.21,327.5,0.22,60.5,0.01,0.04,2358.28778,1776312408000
1776312410.503,110.503,0.82,73.8,0.81,10.0,0.83,86.43,0.84,9.0,0.17,77.08,0.16,35.8,0.18,20.0,0.19,10.0,0.01,0.01,2358.321018,1776312409000
1776312410.717,110.717,0.8,23.37,0.79,297.5,0.83,86.43,0.84,9.0,0.17,86.43,0.16,9.0,0.18,73.8,0.19,10.0,0.03,0.01,2358.321018,1776312409000
1776312411.009,111.009,0.82,6.82,0.81,20.5,0.83,78.25,0.84,9.0,0.17,86.43,0.16,9.0,0.2,23.37,0.21,297.5,0.01,0.03,2358.321018,1776312409000
1776312411.469,111.469,0.82,18.82,0.81,20.5,0.83,73.45,0.84,9.0,0.17,78.25,0.16,9.0,0.18,6.82,0.19,20.5,0.01,0.01,2358.619957,1776312410000
1776312412.07,112.07,0.82,58.2,0.81,257.5,0.83,8.97,0.84,7.0,0.17,73.45,0.16,9.0,0.18,2.7,0.19,20.5,0.01,0.01,2358.619957,1776312410000
1776312412.442,112.442,0.85,15.0,0.84,79.5,0.87,14.12,0.88,229.6,0.14,3.12,0.13,9.0,0.16,94.5,0.17,25.5,0.02,0.02,2358.690293,1776312411000
1776312413.744,113.744,0.86,50.5,0.85,25.5,0.87,64.0,0.89,216.79,0.13,14.12,0.12,229.6,0.14,9.0,0.15,20.0,0.01,0.01,2358.698192,1776312412000
1776312414.358,114.358,0.93,10.0,0.92,10.0,0.95,69.43,0.96,156.3,0.13,50.42,0.11,216.79,0.14,55.5,0.15,25.5,0.02,0.01,2358.698192,1776312412000
1776312414.822,114.822,0.94,15.0,0.93,45.0,0.95,12.27,0.96,156.3,0.05,19.33,0.04,156.3,0.07,15.0,0.08,36.0,0.01,0.02,2358.801851,1776312413000
1776312415.027,115.027,0.92,21.25,0.91,20.5,0.95,52.27,0.96,156.3,0.05,12.27,0.04,156.3,0.06,15.0,0.07,45.0,0.03,0.01,2358.829594,1776312414000
1776312415.618,115.618,0.93,14.38,0.92,0.25,0.95,52.27,0.96,166.3,0.05,52.27,0.04,166.3,0.06,0.88,0.07,15.0,0.02,0.01,2358.829594,1776312414000
1776312415.965,115.965,0.94,20.0,0.93,15.0,0.95,12.27,0.96,166.3,0.05,52.27,0.04,166.3,0.07,14.38,0.08,0.25,0.01,0.02,2358.829594,1776312414000
1776312416.456,116.456,0.92,10.75,0.91,39.5,0.94,30.0,0.95,26.83,0.05,12.27,0.04,166.3,0.07,15.0,0.08,21.25,0.02,0.02,2359.726994,1776312415000
1776312416.983,116.983,0.92,10.25,0.91,48.5,0.93,36.78,0.94,311.0,0.06,30.0,0.05,26.83,0.08,10.75,0.09,39.5,0.01,0.02,2359.726994,1776312415000
1776312417.953,117.953,0.92,14.25,0.91,228.5,0.93,190.9,0.94,436.0,0.07,31.78,0.06,311.0,0.08,10.25,0.09,48.5,0.01,0.01,2360.121679,1776312416000
1776312418.343,118.343,0.92,5.25,0.91,48.5,0.93,89.18,0.94,336.0,0.07,190.9,0.06,436.0,0.08,14.25,0.09,228.5,0.01,0.01,2360.165262,1776312417000
1776312418.716,118.716,0.92,20.0,0.91,20.5,0.93,99.18,0.94,336.0,0.07,89.18,0.06,336.0,0.1,279.5,0.11,345.0,0.01,0.03,2360.165262,1776312417000
1776312419.162,119.162,0.92,15.0,0.91,30.5,0.93,99.18,0.94,336.0,0.07,99.18,0.06,336.0,0.08,20.0,0.09,20.5,0.01,0.01,2360.165262,1776312417000
1776312419.704,119.704,0.92,10.0,0.91,30.5,0.93,50.64,0.94,336.0,0.07,99.18,0.06,336.0,0.08,15.0,0.09,30.5,0.01,0.01,2360.131565,1776312418000
1776312420.14,120.14,0.91,3.88,0.9,222.5,0.93,86.64,0.94,336.0,0.07,50.64,0.06,336.0,0.08,10.0,0.09,30.5,0.02,0.01,2360.131565,1776312418000
1776312420.772,120.772,0.92,5.0,0.91,22.88,0.93,273.57,0.94,156.0,0.07,86.64,0.06,336.0,0.09,3.88,0.1,222.5,0.01,0.02,2360.083141,1776312419000
1776312421.236,121.236,0.92,5.0,0.91,109.28,0.93,225.45,0.94,156.0,0.07,273.57,0.06,156.0,0.08,5.0,0.09,22.88,0.01,0.01,2360.089893,1776312420000
1776312421.456,121.456,0.92,15.0,0.91,165.9,0.93,224.37,0.94,131.0,0.07,225.45,0.06,156.0,0.08,5.0,0.09,109.28,0.01,0.01,2360.089893,1776312420000
1776312421.671,121.671,0.92,54.0,0.91,172.9,0.93,189.15,0.94,46.0,0.07,224.37,0.06,131.0,0.08,15.0,0.09,165.9,0.01,0.01,2360.089893,1776312420000
1776312422.186,122.186,0.92,20.0,0.91,115.4,0.93,250.38,0.94,46.0,0.07,184.15,0.06,46.0,0.08,54.0,0.09,172.9,0.01,0.01,2360.071685,1776312421000
1776312422.717,122.717,0.92,11.0,0.91,159.4,0.93,250.01,0.94,46.0,0.07,250.38,0.06,46.0,0.08,20.0,0.09,115.4,0.01,0.01,2360.071685,1776312421000
1776312425.167,125.167,0.92,123.52,0.91,63.0,0.93,274.93,0.94,35.0,0.07,248.93,0.06,71.0,0.08,11.0,0.09,159.4,0.01,0.01,2360.093212,1776312424000
1776312425.938,125.938,0.9,23.5,0.89,69.5,0.92,138.0,0.93,215.0,0.07,274.93,0.06,35.0,0.08,123.52,0.09,63.0,0.02,0.01,2360.093212,1776312424000
1776312427.152,127.152,0.91,306.72,0.9,163.5,0.92,5.0,0.93,190.0,0.08,92.56,0.07,215.0,0.1,23.5,0.11,69.5,0.01,0.02,2360.092546,1776312426000
1776312427.527,127.527,0.91,189.72,0.9,160.5,0.93,247.0,0.94,10.0,0.08,5.0,0.07,190.0,0.09,306.72,0.1,163.5,0.02,0.01,2360.092546,1776312426000
1776312427.729,127.729,0.91,176.38,0.9,160.5,0.93,252.0,0.94,10.0,0.07,247.0,0.06,10.0,0.09,189.72,0.1,160.5,0.02,0.02,2360.092546,1776312426000
1776312428.702,128.702,0.92,215.72,0.91,208.66,0.93,171.0,0.94,10.0,0.07,252.0,0.06,10.0,0.09,176.38,0.1,160.5,0.01,0.02,2360.012876,1776312427000
1776312430.36,130.36,0.93,436.0,0.92,432.9,0.94,5.0,0.95,17.27,0.07,171.0,0.06,10.0,0.08,215.72,0.09,208.66,0.01,0.01,2360.090626,1776312429000
1776312430.567,130.567,0.94,257.0,0.93,696.3,0.96,2.27,0.97,314.0,0.05,17.27,0.04,35.0,0.07,818.0,0.08,405.9,0.02,0.02,2360.090626,1776312429000
1776312431.445,131.445,0.96,618.0,0.95,56.0,0.97,575.0,0.98,270.0,0.03,309.0,0.02,325.0,0.04,5.0,0.05,114.0,0.01,0.01,2360.230563,1776312430000
1776312431.758,131.758,0.96,733.0,0.95,171.8,0.97,546.23,0.98,270.0,0.03,575.0,0.02,270.0,0.04,618.0,0.05,56.0,0.01,0.01,2360.230563,1776312430000
1776312433.107,133.107,0.96,808.7,0.95,139.8,0.97,129.23,0.98,347.0,0.03,546.23,0.02,270.0,0.04,733.0,0.05,171.8,0.01,0.01,2360.537559,1776312431000
1776312434.49,134.49,0.96,241.7,0.95,212.8,0.97,267.23,0.98,327.0,0.03,129.23,0.02,347.0,0.04,808.7,0.05,139.8,0.01,0.01,2361.728877,1776312433000
1776312434.72,134.72,0.96,241.7,0.95,212.8,0.97,222.87,0.98,327.0,0.03,248.64,0.02,327.0,0.04,241.7,0.05,212.8,0.01,0.01,2361.728877,1776312433000
1776312439.355,139.355,0.96,42.27,0.95,133.8,0.97,181.87,0.98,453.7,0.03,212.87,0.02,327.0,0.04,241.7,0.05,212.8,0.01,0.01,2361.361802,1776312438000
1776312439.789,139.789,0.96,8.0,0.95,10.0,0.97,181.87,0.98,453.7,0.03,181.87,0.02,453.7,0.04,42.27,0.05,133.8,0.01,0.01,2361.361802,1776312438000
1776312441.428,141.428,0.94,19.98,0.93,58.0,0.95,297.0,0.96,85.0,0.04,35.0,0.03,300.57,0.06,27.0,0.07,116.3,0.01,0.02,2361.148058,1776312440000
1776312441.788,141.788,0.92,125.08,0.91,111.5,0.94,114.0,0.95,215.0,0.05,292.0,0.04,85.0,0.08,217.9,0.09,134.5,0.02,0.03,2361.148058,1776312440000
1776312442.0,142.0,0.92,94.0,0.91,457.0,0.93,112.0,0.94,220.0,0.07,35.0,0.06,299.0,0.08,110.0,0.09,111.5,0.01,0.01,2361.148058,1776312440000
1776312446.071,146.071,0.92,630.32,0.91,526.5,0.93,25.0,0.94,25.0,0.07,77.0,0.06,220.0,0.08,94.0,0.09,457.0,0.01,0.01,2360.34412,1776312444000
1776312446.421,146.421,0.92,705.32,0.91,116.5,0.93,6.0,0.94,25.0,0.07,25.0,0.06,25.0,0.08,630.32,0.09,526.5,0.01,0.01,2360.34694,1776312445000
1776312446.878,146.878,0.94,15.0,0.93,118.3,0.95,13.0,0.96,272.0,0.07,1.0,0.06,25.0,0.08,710.32,0.09,116.5,0.01,0.01,2360.34694,1776312445000
1776312448.671,148.671,0.94,131.0,0.93,281.7,0.96,265.0,0.97,158.7,0.05,13.0,0.04,272.0,0.06,15.0,0.07,118.3,0.02,0.01,2360.44096,1776312447000
1776312450.678,150.678,0.95,394.5,0.94,301.8,0.97,201.96,0.98,307.0,0.04,265.0,0.03,158.7,0.06,131.0,0.07,281.7,0.02,0.02,2360.721282,1776312449000
1776312451.011,151.011,0.96,209.7,0.95,334.5,0.97,201.85,0.98,307.0,0.03,201.96,0.02,307.0,0.05,394.5,0.06,301.8,0.01,0.02,2360.721282,1776312449000
1776312452.574,152.574,0.96,214.7,0.95,246.8,0.97,203.62,0.98,605.35,0.03,198.78,0.02,307.0,0.04,209.7,0.05,334.5,0.01,0.01,2360.863496,1776312451000
1776312454.85,154.85,0.96,354.01,0.95,636.8,0.97,19.0,0.98,785.35,0.03,196.51,0.02,605.35,0.04,214.7,0.05,246.8,0.01,0.01,2361.038874,1776312453000
1776312457.755,157.755,0.96,334.01,0.95,374.8,0.97,46.0,0.98,527.0,0.03,19.0,0.02,785.35,0.04,354.01,0.05,636.8,0.01,0.01,2361.145913,1776312456000
1776312457.98,157.98,0.96,334.01,0.95,374.8,0.97,37.83,0.98,527.0,0.03,46.0,0.02,527.0,0.04,334.01,0.05,374.8,0.01,0.01,2361.145913,1776312456000
1776312458.495,158.495,0.96,339.01,0.95,374.8,0.97,36.6,0.98,527.0,0.03,37.83,0.02,527.0,0.04,334.01,0.05,374.8,0.01,0.01,2361.13192,1776312457000
1776312461.263,161.263,0.97,26.12,0.96,734.01,0.98,527.0,0.99,2442.08,0.03,36.6,0.02,527.0,0.04,339.01,0.05,374.8,0.01,0.01,2361.311581,1776312460000
1776312461.541,161.541,0.97,110.45,0.96,726.01,0.98,532.0,0.99,2252.77,0.02,527.0,0.01,2442.08,0.03,26.12,0.04,734.01,0.01,0.01,2361.311581,1776312460000
1776312461.881,161.881,0.97,249.15,0.96,726.01,0.98,521.94,0.99,2551.12,0.02,532.0,0.01,2252.77,0.03,110.45,0.04,726.01,0.01,0.01,2361.311581,1776312460000
1776312462.311,162.311,0.97,249.15,0.96,321.01,0.98,526.94,0.99,2252.77,0.02,521.94,0.01,2551.12,0.03,249.15,0.04,726.01,0.01,0.01,2361.311581,1776312460000
1776312464.06,164.06,0.97,111.45,0.96,664.01,0.98,521.94,0.99,2470.99,0.02,526.94,0.01,2252.77,0.03,249.15,0.04,321.01,0.01,0.01,2361.2501,1776312462000
1776312468.231,168.231,0.97,25.31,0.96,254.01,0.98,486.94,0.99,2717.3,0.02,521.94,0.01,2470.99,0.03,111.45,0.04,664.01,0.01,0.01,2361.11772,1776312467000
1776312469.633,169.633,0.97,25.31,0.96,254.01,0.98,461.94,0.99,2735.3,0.02,486.94,0.01,2717.3,0.03,25.31,0.04,254.01,0.01,0.01,2361.078056,1776312468000
1776312471.338,171.338,0.96,103.31,0.95,149.8,0.98,670.64,0.99,2470.99,0.02,461.94,0.01,2735.3,0.03,25.31,0.04,254.01,0.02,0.01,2360.964723,1776312470000
1776312472.177,172.177,0.96,217.52,0.95,149.8,0.97,315.0,0.98,721.99,0.02,670.64,0.01,2470.99,0.04,103.31,0.05,149.8,0.01,0.02,2360.964723,1776312470000
1776312474.454,174.454,0.96,282.52,0.95,206.8,0.97,242.69,0.98,763.99,0.03,315.0,0.02,721.99,0.04,217.52,0.05,149.8,0.01,0.01,2360.680764,1776312473000
1776312477.172,177.172,0.96,61.06,0.95,230.14,0.97,252.0,0.98,706.99,0.03,242.69,0.02,763.99,0.04,282.52,0.05,206.8,0.01,0.01,2360.719718,1776312476000
1776312479.481,179.481,0.96,66.06,0.95,222.47,0.97,274.0,0.98,706.99,0.03,252.0,0.02,706.99,0.04,61.06,0.05,230.14,0.01,0.01,2360.602318,1776312478000
1776312480.356,180.356,0.96,90.06,0.95,206.32,0.97,268.84,0.98,224.94,0.03,274.0,0.02,706.99,0.04,66.06,0.05,222.47,0.01,0.01,2360.602318,1776312478000
1776312480.984,180.984,0.96,102.06,0.95,226.89,0.97,257.64,0.98,224.94,0.03,267.8,0.02,224.94,0.04,90.06,0.05,211.32,0.01,0.01,2360.505434,1776312479000
1776312482.4,182.4,0.96,35.06,0.95,172.8,0.97,257.64,0.98,408.64,0.03,257.64,0.02,224.94,0.04,102.06,0.05,226.89,0.01,0.01,2360.504714,1776312480000
1776312486.105,186.105,0.96,230.07,0.95,172.8,0.97,240.64,0.98,523.29,0.03,257.64,0.02,408.64,0.04,35.06,0.05,172.8,0.01,0.01,2360.366125,1776312484000
1776312488.94,188.94,0.96,170.07,0.95,172.8,0.97,238.68,0.98,706.99,0.03,235.64,0.02,523.29,0.04,205.07,0.05,172.8,0.01,0.01,2360.302899,1776312487000
1776312489.874,189.874,0.96,157.07,0.95,172.8,0.97,179.68,0.98,706.99,0.03,238.68,0.02,706.99,0.04,170.07,0.05,172.8,0.01,0.01,2360.296488,1776312488000
1776312490.937,190.937,0.96,66.37,0.95,30.0,0.97,603.73,0.98,465.64,0.03,179.68,0.02,706.99,0.04,157.07,0.05,172.8,0.01,0.01,2360.293403,1776312489000
1776312491.838,191.838,0.94,52.0,0.93,188.3,0.95,6.87,0.96,72.0,0.04,67.0,0.03,551.73,0.06,37.0,0.07,122.3,0.01,0.02,2360.279861,1776312490000
1776312492.216,192.216,0.94,748.78,0.93,245.3,0.95,1.65,0.96,10.0,0.05,3.74,0.04,72.0,0.06,57.0,0.07,188.3,0.01,0.01,2360.279861,1776312490000
1776312492.648,192.648,0.94,732.78,0.93,245.3,0.96,9.02,0.97,117.68,0.05,1.65,0.04,10.0,0.06,748.78,0.07,245.3,0.02,0.01,2360.266223,1776312491000
1776312493.066,193.066,0.95,352.18,0.94,500.8,0.96,7.97,0.97,117.68,0.04,9.02,0.03,117.68,0.06,732.78,0.07,245.3,0.01,0.02,2360.266223,1776312491000
1776312494.109,194.109,0.95,446.98,0.94,498.8,0.96,2.76,0.97,174.68,0.04,7.97,0.03,117.68,0.05,352.18,0.06,500.8,0.01,0.01,2360.078216,1776312492000
1776312494.848,194.848,0.95,137.18,0.94,126.0,0.96,245.0,0.97,478.05,0.03,174.68,0.02,458.64,0.05,451.98,0.06,493.8,0.01,0.02,2360.097393,1776312493000
1776312495.27,195.27,0.95,47.18,0.94,15.0,0.96,314.0,0.97,444.05,0.04,245.0,0.03,179.7,0.05,97.18,0.06,126.0,0.01,0.01,2360.144917,1776312494000
1776312495.565,195.565,0.95,27.18,0.94,15.0,0.96,309.0,0.97,444.05,0.04,314.0,0.03,444.05,0.05,47.18,0.06,15.0,0.01,0.01,2360.144917,1776312494000
1776312501.213,201.213,0.95,502.94,0.94,443.49,0.96,5.0,0.97,550.35,0.04,309.0,0.03,444.05,0.05,27.18,0.06,15.0,0.01,0.01,2359.780169,1776312500000
1776312501.588,201.588,0.96,5.0,0.95,421.94,0.97,550.35,0.98,417.68,0.04,5.0,0.03,550.35,0.05,502.94,0.06,443.49,0.01,0.01,2359.780169,1776312500000
1776312506.176,206.176,0.96,135.2,0.95,317.74,0.97,563.35,0.98,408.64,0.03,550.35,0.02,417.68,0.04,5.0,0.05,421.94,0.01,0.01,2360.067374,1776312504000
1776312511.039,211.039,0.96,18.67,0.94,137.8,0.97,285.0,0.98,514.64,0.03,563.35,0.02,408.64,0.04,135.2,0.05,317.74,0.01,0.01,2360.021842,1776312509000
1776312511.604,211.604,0.94,70.0,0.93,182.3,0.95,10.0,0.96,10.0,0.03,583.35,0.02,514.64,0.06,137.8,0.07,182.3,0.01,0.03,2359.990129,1776312510000
1776312511.899,211.899,0.94,70.0,0.93,177.3,0.95,6.87,0.96,308.35,0.05,10.0,0.04,10.0,0.06,70.0,0.07,182.3,0.01,0.01,2359.990129,1776312510000
1776312513.43,213.43,0.94,158.87,0.93,177.3,0.95,1.87,0.96,370.35,0.05,6.87,0.04,308.35,0.06,70.0,0.07,177.3,0.01,0.01,2359.983959,1776312511000
1776312514.503,214.503,0.94,55.87,0.92,94.87,0.95,206.0,0.96,196.0,0.05,1.87,0.04,370.35,0.06,158.87,0.07,177.3,0.01,0.01,2359.751513,1776312512000
1776312514.961,214.961,0.92,6.87,0.91,77.0,0.93,78.0,0.94,201.0,0.05,201.0,0.04,196.0,0.08,79.87,0.09,88.0,0.01,0.03,2359.664938,1776312513000
1776312516.205,216.205,0.93,178.58,0.92,146.47,0.95,351.4,0.96,264.8,0.07,7.84,0.06,201.0,0.08,169.32,0.09,77.0,0.02,0.01,2359.584831,1776312514000
1776312517.739,217.739,0.94,165.79,0.93,32.6,0.95,648.69,0.96,267.84,0.05,351.4,0.04,264.8,0.07,178.58,0.08,146.47,0.01,0.02,2359.251202,1776312516000
1776312519.002,219.002,0.94,149.79,0.93,32.6,0.95,630.06,0.96,258.8,0.05,648.69,0.04,267.84,0.06,165.79,0.07,32.6,0.01,0.01,2359.279775,1776312517000
1776312520.937,220.937,0.94,232.79,0.93,105.6,0.95,293.35,0.96,392.0,0.05,630.06,0.04,258.8,0.06,149.79,0.07,32.6,0.01,0.01,2359.314879,1776312519000
1776312522.436,222.436,0.93,43.16,0.92,32.87,0.95,357.0,0.96,552.15,0.05,293.35,0.04,392.0,0.06,232.79,0.07,105.6,0.02,0.01,2359.314292,1776312520000
1776312523.739,223.739,0.94,0.2,0.93,11.74,0.95,447.8,0.96,273.84,0.05,357.0,0.04,552.15,0.07,43.16,0.08,32.87,0.01,0.02,2359.306824,1776312522000
1776312526.146,226.146,0.91,81.91,0.9,95.07,0.93,266.0,0.94,136.8,0.06,141.8,0.05,447.8,0.1,78.07,0.11,69.0,0.02,0.04,2359.170278,1776312524000
1776312529.791,229.791,0.92,158.8,0.91,248.0,0.93,15.0,0.94,301.8,0.07,266.0,0.06,136.8,0.09,81.91,0.1,95.07,0.01,0.02,2359.007334,1776312528000
1776312530.061,230.061,0.92,90.19,0.91,305.11,0.93,10.0,0.94,301.8,0.07,15.0,0.06,301.8,0.08,158.8,0.09,248.0,0.01,0.01,2359.007334,1776312528000
1776312530.888,230.888,0.93,20.0,0.92,105.19,0.94,16.8,0.95,635.35,0.07,10.0,0.06,301.8,0.08,90.19,0.09,305.11,0.01,0.01,2359.001798,1776312529000
1776312531.1,231.1,0.94,15.0,0.93,61.5,0.95,576.04,0.96,282.84,0.05,605.35,0.04,282.84,0.06,10.0,0.07,66.5,0.01,0.01,2359.001798,1776312529000
1776312531.725,231.725,0.94,33.19,0.93,51.5,0.95,571.04,0.96,257.84,0.05,576.04,0.04,282.84,0.06,15.0,0.07,61.5,0.01,0.01,2359.001798,1776312529000
1776312532.533,232.533,0.94,44.19,0.93,87.89,0.95,471.04,0.96,257.84,0.05,571.04,0.04,257.84,0.06,33.19,0.07,51.5,0.01,0.01,2359.022032,1776312531000
1776312535.148,235.148,0.94,120.88,0.93,25.0,0.95,465.77,0.96,267.84,0.05,471.04,0.04,257.84,0.06,44.19,0.07,87.89,0.01,0.01,2359.015074,1776312534000
1776312536.317,236.317,0.94,125.88,0.93,30.0,0.95,464.71,0.96,267.84,0.05,465.77,0.04,267.84,0.06,120.88,0.07,25.0,0.01,0.01,2359.015074,1776312535000
1776312541.535,241.535,0.92,49.0,0.91,15.0,0.94,177.0,0.95,237.73,0.05,464.71,0.04,267.84,0.06,97.88,0.07,60.0,0.02,0.01,2359.015404,1776312540000
1776312541.829,241.829,0.87,28.38,0.86,34.0,0.91,50.0,0.92,20.0,0.07,10.0,0.06,182.0,0.08,39.0,0.09,5.0,0.04,0.01,2359.015404,1776312540000
1776312542.195,242.195,0.86,6.0,0.84,34.0,0.87,246.65,0.88,15.0,0.12,15.0,0.11,15.0,0.13,4.53,0.14,6.0,0.01,0.01,2359.015404,1776312540000
1776312542.48,242.48,0.85,70.97,0.83,66.0,0.87,1.75,0.88,15.0,0.14,48.0,0.13,251.65,0.15,60.97,0.16,34.0,0.02,0.01,2359.01772,1776312541000
1776312542.834,242.834,0.85,20.0,0.84,20.0,0.86,3.38,0.87,10.0,0.14,10.0,0.13,10.0,0.15,4.97,0.16,10.0,0.01,0.01,2359.01772,1776312541000
1776312543.32,243.32,0.86,15.18,0.85,148.14,0.87,15.0,0.88,195.0,0.14,3.38,0.13,10.0,0.15,20.0,0.16,20.0,0.01,0.01,2358.852295,1776312542000
1776312544.265,244.265,0.87,19.19,0.86,10.0,0.88,13.86,0.89,15.0,0.13,15.0,0.12,195.0,0.14,15.18,0.15,148.14,0.01,0.01,2358.444225,1776312543000
1776312545.813,245.813,0.87,10.0,0.86,10.0,0.88,459.73,0.89,41.79,0.12,197.72,0.11,15.0,0.15,137.33,0.16,31.0,0.01,0.03,2358.353265,1776312544000
1776312546.22,246.22,0.85,150.66,0.84,10.0,0.88,459.73,0.89,41.79,0.12,459.73,0.11,41.79,0.13,10.0,0.14,10.0,0.03,0.01,2358.301987,1776312545000
1776312546.55,246.55,0.86,145.63,0.85,27.86,0.88,459.73,0.89,41.79,0.12,459.73,0.11,41.79,0.15,150.66,0.16,10.0,0.02,0.03,2358.301987,1776312545000
1776312547.262,247.262,0.87,309.0,0.86,177.63,0.88,208.64,0.91,281.0,0.12,459.73,0.11,41.79,0.14,145.63,0.15,27.86,0.01,0.02,2358.301987,1776312545000
1776312547.738,247.738,0.9,30.0,0.89,15.0,0.91,90.66,0.92,243.9,0.09,276.0,0.08,63.9,0.13,321.0,0.14,185.63,0.01,0.04,2358.274494,1776312546000
1776312548.765,248.765,0.9,25.0,0.89,20.0,0.91,80.0,0.92,243.9,0.09,89.56,0.08,243.9,0.1,20.0,0.11,15.0,0.01,0.01,2358.231584,1776312547000
1776312549.553,249.553,0.9,30.0,0.89,20.0,0.91,60.0,0.92,243.9,0.09,80.0,0.08,243.9,0.1,25.0,0.11,20.0,0.01,0.01,2358.277364,1776312548000
1776312549.878,249.878,0.9,30.0,0.89,20.0,0.91,63.81,0.92,243.9,0.09,58.9,0.08,243.9,0.1,25.0,0.11,20.0,0.01,0.01,2358.277364,1776312548000
1776312550.546,250.546,0.9,50.0,0.89,20.0,0.91,53.7,0.92,243.9,0.09,63.81,0.08,243.9,0.1,30.0,0.11,20.0,0.01,0.01,2358.389069,1776312549000
1776312550.924,250.924,0.9,40.0,0.89,20.0,0.91,48.7,0.92,238.9,0.09,53.7,0.08,243.9,0.1,50.0,0.11,20.0,0.01,0.01,2358.389069,1776312549000
1776312551.747,251.747,0.9,40.0,0.89,167.05,0.91,48.7,0.92,238.9,0.09,48.7,0.08,238.9,0.1,40.0,0.11,20.0,0.01,0.01,2358.384259,1776312550000
1776312552.124,252.124,0.91,5.0,0.9,293.52,0.93,14.28,0.95,10.93,0.09,48.7,0.08,238.9,0.1,29.52,0.11,167.05,0.02,0.01,2358.384259,1776312550000
1776312552.538,252.538,0.93,20.0,0.92,20.0,0.95,323.73,0.96,208.8,0.05,128.73,0.04,208.8,0.06,20.0,0.07,20.0,0.02,0.01,2358.383044,1776312551000
1776312552.896,252.896,0.93,20.0,0.92,51.0,0.95,318.73,0.96,208.8,0.05,323.73,0.04,208.8,0.07,20.0,0.08,20.0,0.02,0.02,2358.383044,1776312551000
1776312556.593,256.593,0.94,63.72,0.93,55.71,0.95,284.0,0.96,208.8,0.05,314.0,0.04,208.8,0.07,5.71,0.08,51.0,0.01,0.02,2358.5268,1776312555000
1776312557.669,257.669,0.94,19.89,0.93,55.71,0.95,241.0,0.96,15.0,0.05,284.0,0.04,208.8,0.06,63.72,0.07,55.71,0.01,0.01,2358.5272,1776312556000
1776312558.337,258.337,0.92,49.8,0.91,306.0,0.95,241.0,0.96,15.0,0.05,241.0,0.04,15.0,0.06,19.89,0.07,55.71,0.03,0.01,2358.5272,1776312556000
1776312559.24,259.24,0.92,51.56,0.91,318.0,0.94,10.0,0.95,241.0,0.05,241.0,0.04,15.0,0.08,49.8,0.09,306.0,0.02,0.03,2358.550839,1776312557000
1776312559.819,259.819,0.93,177.97,0.92,5.0,0.94,66.68,0.95,184.0,0.06,10.0,0.05,241.0,0.08,51.56,0.09,318.0,0.01,0.02,2358.539774,1776312558000
1776312560.138,260.138,0.93,97.71,0.92,5.0,0.94,66.68,0.95,189.0,0.06,66.68,0.05,184.0,0.07,177.97,0.08,5.0,0.01,0.01,2358.539774,1776312558000
1776312560.423,260.423,0.93,166.47,0.92,5.0,0.94,76.68,0.95,215.0,0.06,66.68,0.05,189.0,0.07,97.71,0.08,5.0,0.01,0.01,2358.541022,1776312559000
1776312561.09,261.09,0.92,28.37,0.91,5.0,0.93,20.0,0.94,66.68,0.06,76.68,0.05,215.0,0.08,5.0,0.09,26.0,0.01,0.02,2358.546265,1776312560000
1776312561.888,261.888,0.92,58.03,0.91,162.65,0.93,21.77,0.94,66.68,0.07,20.0,0.06,66.68,0.08,43.03,0.09,5.0,0.01,0.01,2358.546265,1776312560000
1776312562.499,262.499,0.91,146.45,0.89,5.0,0.93,16.77,0.94,66.68,0.07,21.77,0.06,66.68,0.08,58.03,0.09,162.65,0.02,0.01,2358.546265,1776312560000
1776312562.927,262.927,0.91,133.45,0.88,16.0,0.92,195.16,0.93,21.77,0.07,16.77,0.06,66.68,0.09,146.45,0.11,5.0,0.01,0.02,2358.42175,1776312561000
1776312563.552,263.552,0.88,28.0,0.87,150.54,0.89,5.72,0.9,15.0,0.08,195.16,0.07,21.77,0.12,16.0,0.14,20.0,0.01,0.04,2358.42175,1776312562000
1776312563.753,263.753,0.88,28.0,0.87,150.54,0.89,9.71,0.9,15.0,0.11,9.71,0.1,15.0,0.12,28.0,0.13,150.54,0.01,0.01,2358.42175,1776312562000
1776312564.296,264.296,0.87,161.54,0.86,5.0,0.89,14.71,0.9,15.0,0.11,9.71,0.1,15.0,0.12,5.0,0.13,160.54,0.02,0.01,2358.377979,1776312563000
1776312564.534,264.534,0.86,9.63,0.85,17.86,0.87,15.0,0.88,20.0,0.11,14.71,0.1,15.0,0.13,54.54,0.14,5.0,0.01,0.02,2358.377979,1776312563000
1776312564.749,264.749,0.86,5.0,0.85,17.86,0.87,1.05,0.88,20.0,0.13,1.05,0.12,15.0,0.15,17.86,0.16,138.06,0.01,0.02,2358.377979,1776312563000
1776312565.516,265.516,0.84,161.32,0.82,18.0,0.85,8.82,0.86,60.0,0.15,10.0,0.14,60.0,0.16,74.24,0.18,18.0,0.01,0.01,2358.377979,1776312563000
1776312565.772,265.772,0.84,156.32,0.82,18.0,0.85,6.82,0.86,65.0,0.15,3.82,0.14,60.0,0.16,161.32,0.18,18.0,0.01,0.01,2358.335392,1776312564000
1776312566.54,266.54,0.85,231.97,0.84,190.0,0.86,50.0,0.88,15.0,0.15,6.82,0.14,65.0,0.16,156.32,0.18,18.0,0.01,0.01,2358.154308,1776312565000
1776312566.867,266.867,0.85,417.25,0.84,10.0,0.86,40.0,0.88,15.0,0.14,45.0,0.12,15.0,0.15,425.52,0.16,10.0,0.01,0.01,2358.154308,1776312565000
1776312568.177,268.177,0.87,207.15,0.86,15.0,0.88,15.0,0.89,46.5,0.12,15.0,0.11,14.71,0.15,410.68,0.16,10.0,0.01,0.03,2357.961179,1776312567000
1776312568.804,268.804,0.87,227.15,0.86,72.0,0.88,34.1,0.89,46.5,0.12,15.0,0.11,46.5,0.13,207.15,0.14,15.0,0.01,0.01,2357.961179,1776312567000
1776312569.461,269.461,0.91,65.0,0.9,15.0,0.93,1.28,0.95,85.8,0.12,34.1,0.11,46.5,0.13,227.15,0.14,72.0,0.02,0.01,2358.008744,1776312568000
1776312569.667,269.667,0.94,20.0,0.93,15.0,0.95,189.02,0.96,233.8,0.05,194.02,0.04,233.8,0.06,15.0,0.07,15.0,0.01,0.01,2358.008744,1776312568000
1776312570.03,270.03,0.92,25.0,0.91,104.0,0.94,79.03,0.95,20.0,0.07,16.43,0.05,194.02,0.08,20.0,0.09,100.0,0.02,0.01,2358.008744,1776312568000
1776312570.35,270.35,0.93,7.24,0.92,46.0,0.94,89.03,0.95,5.0,0.06,79.03,0.05,20.0,0.08,25.0,0.09,104.0,0.01,0.02,2358.008744,1776312568000
1776312570.573,270.573,0.93,27.24,0.92,36.0,0.95,5.0,0.96,191.8,0.06,73.92,0.05,5.0,0.07,17.24,0.08,46.0,0.02,0.01,2357.981658,1776312569000
1776312571.346,271.346,0.94,10.26,0.93,12.24,0.95,5.0,0.96,98.0,0.04,183.25,0.03,138.7,0.06,11.9,0.07,22.24,0.01,0.02,2357.981658,1776312570000
1776312571.611,271.611,0.97,15.0,0.96,59.0,0.98,99.94,0.99,2633.53,0.02,119.94,0.01,2533.53,0.06,86.26,0.07,235.24,0.01,0.04,2357.981658,1776312570000
1776312573.833,273.833,0.97,5.0,0.96,65.0,0.98,179.44,0.99,2517.53,0.02,94.84,0.01,2633.53,0.03,15.0,0.04,120.0,0.01,0.01,2358.242291,1776312572000
1776312574.04,274.04,0.96,41.5,0.95,10.0,0.98,184.44,0.99,2517.53,0.02,179.44,0.01,2517.53,0.03,5.0,0.04,65.0,0.02,0.01,2358.242291,1776312572000
1776312574.369,274.369,0.96,15.0,0.95,10.0,0.97,4.41,0.98,363.14,0.02,184.44,0.01,2517.53,0.04,41.5,0.05,10.0,0.01,0.02,2358.242291,1776312572000
1776312574.7,274.7,0.95,33.0,0.94,101.0,0.97,9.84,0.98,262.4,0.03,4.84,0.02,267.4,0.04,15.0,0.05,20.0,0.02,0.01,2358.4934,1776312573000
1776312576.477,276.477,0.97,15.0,0.96,10.0,0.98,2.47,0.99,2035.93,0.03,9.84,0.02,262.4,0.05,33.0,0.06,101.0,0.01,0.02,2358.473935,1776312575000
1776312577.486,277.486,0.98,25.0,0.97,10.0,0.99,2033.4,,,0.01,2033.4,,,0.03,15.0,0.04,10.0,0.01,0.02,2358.46217,1776312576000
1776312578.805,278.805,0.98,20.0,0.97,10.0,0.99,1862.69,,,0.01,1982.89,,,0.02,20.0,0.03,10.0,0.01,0.01,2358.481287,1776312577000
1776312580.395,280.395,0.98,20.0,0.97,10.0,0.99,1710.58,,,0.01,1862.69,,,0.02,20.0,0.03,10.0,0.01,0.01,2358.507835,1776312579000
1776312580.673,280.673,0.98,20.0,0.97,20.0,0.99,1705.58,,,0.01,1710.58,,,0.02,20.0,0.03,10.0,0.01,0.01,2358.507835,1776312579000
1776312581.32,281.32,0.98,20.0,0.97,10.0,0.99,1630.58,,,0.01,1705.58,,,0.02,20.0,0.03,20.0,0.01,0.01,2358.4896,1776312580000
1776312582.005,282.005,0.97,10.0,0.96,35.0,0.98,44.0,0.99,1535.58,0.01,1630.58,,,0.02,20.0,0.03,10.0,0.01,0.01,2358.4896,1776312580000
1776312585.162,285.162,0.97,97.0,0.96,314.0,0.98,33.9,0.99,1535.58,0.02,49.0,0.01,1535.58,0.04,25.0,0.05,292.0,0.01,0.02,2358.390925,1776312584000
1776312585.631,285.631,0.97,282.0,0.96,157.0,0.98,23.9,0.99,1535.58,0.02,33.9,0.01,1535.58,0.03,97.0,0.04,314.0,0.01,0.01,2358.390925,1776312584000
1776312586.094,286.094,0.97,282.0,0.96,157.0,0.98,13.9,0.99,1535.58,0.02,23.9,0.01,1535.58,0.03,282.0,0.04,157.0,0.01,0.01,2358.415986,1776312585000
1776312586.761,286.761,0.98,35.0,0.97,319.0,0.99,1510.58,,,0.02,13.9,0.01,1535.58,0.03,282.0,0.04,157.0,0.01,0.01,2358.415986,1776312585000
1776312587.297,287.297,0.98,267.0,0.97,108.0,0.99,1505.58,,,0.01,1510.58,,,0.02,20.0,0.03,319.0,0.01,0.01,2358.359625,1776312586000
1776312588.435,288.435,0.98,223.0,0.97,108.0,0.99,1433.55,,,0.01,1435.58,,,0.02,267.0,0.03,108.0,0.01,0.01,2358.371955,1776312587000
1776312588.996,288.996,0.98,237.0,0.97,108.0,0.99,1429.55,,,0.01,1433.55,,,0.02,223.0,0.03,108.0,0.01,0.01,2358.371955,1776312587000
1776312589.459,289.459,0.98,245.0,0.97,108.0,0.99,1427.52,,,0.01,1429.55,,,0.02,237.0,0.03,108.0,0.01,0.01,2358.47156,1776312588000
1776312590.271,290.271,0.98,267.0,0.97,108.0,0.99,1187.11,,,0.01,1427.52,,,0.02,245.0,0.03,108.0,0.01,0.01,2358.47156,1776312588000
1776312590.478,290.478,0.98,267.0,0.97,108.0,0.99,1172.01,,,0.01,1187.11,,,0.02,267.0,0.03,108.0,0.01,0.01,2358.47156,1776312588000
1776312590.896,290.896,0.98,267.0,0.97,103.0,0.99,151.99,,,0.01,1161.99,,,0.02,267.0,0.03,103.0,0.01,0.01,2358.538355,1776312589000
1776312591.166,291.166,0.98,296.0,0.97,98.0,0.99,149.99,,,0.01,151.99,,,0.02,267.0,0.03,103.0,0.01,0.01,2358.502315,1776312590000
1776312591.785,291.785,0.99,351.85,0.98,111.0,,,,,,,,,0.01,149.01,0.02,291.0,,,2358.502315,1776312590000
1776312592.948,292.948,0.99,341.94,0.98,142.0,,,,,,,,,0.01,349.98,0.02,111.0,,,2358.47348,1776312591000
1776312595.987,295.987,0.99,2542.7,0.98,109.99,,,,,,,,,0.01,341.94,0.02,142.0,,,2358.462745,1776312594000
1776312597.416,297.416,0.99,3269.63,0.98,109.99,,,,,,,,,0.01,2542.7,0.02,109.99,,,2358.621553,1776312596000
1776312600.952,300.952,0.99,61028.39,0.98,117.0,,,,,,,,,0.01,3269.63,0.02,109.99,,,2358.587693,1776312599000

# RESULT,winner=Up,slug=eth-updown-5m-1776312300,ticks=313
