timestamp,elapsed_sec,up_bid_p1,up_bid_s1,up_bid_p2,up_bid_s2,up_ask_p1,up_ask_s1,up_ask_p2,up_ask_s2,down_bid_p1,down_bid_s1,down_bid_p2,down_bid_s2,down_ask_p1,down_ask_s1,down_ask_p2,down_ask_s2,up_spread,down_spread,eth_price,eth_oracle_ts
1776348001.083,1.083,0.54,115.54,0.53,20.0,0.6,38.0,0.61,34.0,0.4,38.0,0.39,34.0,0.46,115.54,0.47,20.0,0.06,0.06,2308.502887,1776348000000
1776348001.331,1.331,0.51,15.03,0.5,35.72,0.56,140.0,0.57,70.0,0.44,140.0,0.43,70.0,0.48,2.49,0.49,33.0,0.05,0.04,2308.502887,1776348000000
1776348001.545,1.545,0.49,6.0,0.46,70.0,0.51,5.0,0.52,75.0,0.44,140.0,0.43,70.0,0.5,10.44,0.51,6.0,0.02,0.06,2308.502887,1776348000000
1776348002.156,2.156,0.49,6.0,0.45,78.88,0.5,21.8,0.51,5.0,0.49,5.0,0.48,75.0,0.51,6.0,0.54,70.0,0.01,0.02,2308.502887,1776348000000
1776348002.466,2.466,0.41,66.07,0.39,70.0,0.46,5.0,0.48,70.0,0.5,26.8,0.49,75.0,0.55,4.88,0.59,70.0,0.05,0.05,2308.329827,1776348001000
1776348002.715,2.715,0.41,61.07,0.39,70.0,0.46,10.0,0.47,5.0,0.54,5.0,0.52,70.0,0.59,66.07,0.61,70.0,0.05,0.05,2308.329827,1776348001000
1776348003.434,3.434,0.41,31.54,0.39,70.0,0.42,6.5,0.46,5.0,0.54,5.0,0.53,5.0,0.59,59.54,0.61,70.0,0.01,0.05,2308.329827,1776348001000
1776348003.778,3.778,0.48,654.81,0.45,5.0,0.49,75.0,0.5,125.0,0.51,70.0,0.5,125.0,0.52,664.81,0.59,31.54,0.01,0.01,2308.329827,1776348001000
1776348004.92,4.92,0.48,644.81,0.43,13.0,0.49,55.0,0.5,120.0,0.51,60.0,0.5,125.0,0.52,654.81,0.55,5.0,0.01,0.01,2308.329827,1776348001000
1776348005.247,5.247,0.48,639.81,0.41,26.54,0.49,65.0,0.5,100.0,0.51,55.0,0.5,120.0,0.52,644.81,0.57,13.0,0.01,0.01,2308.329827,1776348001000
1776348005.492,5.492,0.48,579.81,0.41,26.54,0.49,33.49,0.5,100.0,0.51,42.86,0.5,100.0,0.52,579.81,0.59,26.54,0.01,0.01,2307.048843,1776348004000
1776348005.821,5.821,0.48,550.58,0.41,76.54,0.49,20.02,0.5,100.0,0.51,20.02,0.5,100.0,0.52,555.58,0.59,76.54,0.01,0.01,2307.048843,1776348004000
1776348006.031,6.031,0.48,531.58,0.41,76.54,0.49,20.02,0.5,100.0,0.51,20.02,0.5,100.0,0.52,550.58,0.59,76.54,0.01,0.01,2307.275818,1776348005000
1776348006.388,6.388,0.48,526.58,0.41,26.54,0.49,20.02,0.5,100.0,0.51,20.02,0.5,100.0,0.52,531.58,0.59,76.54,0.01,0.01,2307.275818,1776348005000
1776348006.754,6.754,0.48,506.58,0.41,26.54,0.5,36.04,0.51,130.0,0.51,20.02,0.5,130.0,0.52,506.58,0.59,26.54,0.02,0.01,2307.275818,1776348005000
1776348007.01,7.01,0.48,501.58,0.41,26.54,0.49,10.0,0.5,36.04,0.51,10.0,0.5,36.04,0.52,501.58,0.59,26.54,0.01,0.01,2306.596885,1776348006000
1776348007.223,7.223,0.48,501.58,0.41,26.54,0.49,15.0,0.5,36.04,0.51,10.0,0.5,36.04,0.52,501.58,0.59,26.54,0.01,0.01,2306.596885,1776348006000
1776348007.495,7.495,0.48,487.08,0.41,26.54,0.49,10.0,0.5,36.04,0.51,15.0,0.5,36.04,0.52,501.58,0.59,26.54,0.01,0.01,2306.596885,1776348006000
1776348007.71,7.71,0.48,472.58,0.41,26.54,0.49,15.0,0.5,36.04,0.51,10.0,0.5,36.04,0.52,472.58,0.59,26.54,0.01,0.01,2306.596885,1776348006000
1776348008.029,8.029,0.48,460.65,0.41,26.54,0.49,129.97,0.5,6.04,0.51,129.97,0.5,6.04,0.52,460.65,0.59,26.54,0.01,0.01,2306.586669,1776348007000
1776348008.417,8.417,0.48,425.65,0.45,10.0,0.49,151.97,0.5,6.04,0.51,146.97,0.5,6.04,0.52,430.65,0.59,26.54,0.01,0.01,2306.586669,1776348007000
1776348008.696,8.696,0.48,377.4,0.45,10.0,0.49,107.77,0.5,6.04,0.51,137.77,0.5,6.04,0.52,415.65,0.55,10.0,0.01,0.01,2306.586669,1776348007000
1776348008.905,8.905,0.45,10.0,0.41,26.54,0.49,102.77,0.5,6.04,0.51,102.77,0.5,6.04,0.52,365.47,0.55,10.0,0.04,0.01,2306.586669,1776348007000
1776348009.114,9.114,0.45,10.0,0.41,26.54,0.49,102.77,0.5,6.04,0.51,102.77,0.5,6.04,0.55,10.0,0.59,26.54,0.04,0.04,2306.240173,1776348008000
1776348009.504,9.504,0.41,26.54,0.4,10.0,0.46,509.2,0.47,10.0,0.54,15.0,0.53,10.0,0.55,5.0,0.59,26.54,0.05,0.01,2306.240173,1776348008000
1776348009.952,9.952,0.41,16.54,0.4,10.0,0.42,15.0,0.43,10.0,0.54,509.2,0.53,10.0,0.59,26.54,0.6,10.0,0.01,0.05,2306.240173,1776348008000
1776348010.22,10.22,0.39,65.0,0.37,140.0,0.41,10.0,0.42,20.0,0.58,15.0,0.57,10.0,0.6,5.0,0.61,70.0,0.02,0.02,2306.010394,1776348009000
1776348010.624,10.624,0.39,57.7,0.37,140.0,0.4,10.0,0.41,10.0,0.59,10.0,0.58,15.0,0.61,65.0,0.63,140.0,0.01,0.02,2306.010394,1776348009000
1776348011.903,11.903,0.35,71.29,0.33,70.0,0.4,10.0,0.41,25.0,0.6,10.0,0.59,30.0,0.61,131.84,0.63,140.0,0.05,0.01,2305.828559,1776348010000
1776348012.196,12.196,0.35,45.78,0.33,70.0,0.36,10.0,0.37,10.0,0.62,8.06,0.61,10.0,0.65,47.89,0.67,70.0,0.01,0.03,2305.362308,1776348011000
1776348012.612,12.612,0.32,64.51,0.31,200.0,0.37,44.0,0.38,18.06,0.64,10.0,0.63,10.0,0.65,45.78,0.67,70.0,0.05,0.01,2305.362308,1776348011000
1776348012.948,12.948,0.36,95.0,0.35,10.0,0.37,36.05,0.38,18.06,0.63,36.05,0.62,18.06,0.64,100.0,0.68,64.51,0.01,0.01,2305.362308,1776348011000
1776348013.302,13.302,0.3,15.76,0.29,10.0,0.32,10.0,0.33,10.0,0.64,10.0,0.63,41.05,0.69,116.78,0.7,20.0,0.02,0.05,2305.096725,1776348012000
1776348013.877,13.877,0.25,97.44,0.24,10.0,0.32,10.0,0.33,10.0,0.68,10.0,0.67,10.0,0.75,97.44,0.76,20.0,0.07,0.07,2305.096725,1776348012000
1776348014.28,14.28,0.26,20.0,0.25,97.44,0.29,6.0,0.3,10.0,0.68,10.0,0.67,10.0,0.75,97.44,0.76,10.0,0.03,0.07,2304.941502,1776348013000
1776348014.523,14.523,0.33,123.46,0.29,10.0,0.36,58.61,0.37,7.05,0.66,10.0,0.65,10.0,0.67,14.0,0.74,10.0,0.03,0.01,2304.941502,1776348013000
1776348015.856,15.856,0.33,70.22,0.3,9.0,0.34,52.0,0.35,10.0,0.66,10.0,0.65,10.0,0.67,75.22,0.71,10.0,0.01,0.01,2304.810977,1776348014000
1776348016.209,16.209,0.33,60.07,0.3,9.0,0.34,50.0,0.35,10.0,0.66,29.0,0.65,10.0,0.67,65.07,0.7,9.0,0.01,0.01,2304.810977,1776348014000
1776348016.493,16.493,0.33,49.07,0.32,10.0,0.34,50.0,0.35,15.0,0.66,50.0,0.65,10.0,0.67,45.07,0.7,9.0,0.01,0.01,2304.875512,1776348015000
1776348017.558,17.558,0.33,42.94,0.31,19.0,0.34,49.0,0.35,26.0,0.66,44.0,0.65,15.0,0.67,59.44,0.69,19.0,0.01,0.01,2304.681959,1776348016000
1776348018.986,18.986,0.3,124.0,0.29,15.0,0.31,8.71,0.34,60.0,0.66,49.0,0.65,26.0,0.67,36.29,0.69,19.0,0.01,0.01,2304.385485,1776348017000
1776348019.329,19.329,0.3,118.83,0.29,15.0,0.31,8.71,0.34,54.0,0.69,8.71,0.66,60.0,0.7,124.0,0.71,15.0,0.01,0.01,2304.385485,1776348017000
1776348019.53,19.53,0.3,10.0,0.29,15.0,0.34,47.71,0.35,10.0,0.69,8.71,0.66,54.0,0.7,118.83,0.71,15.0,0.04,0.01,2304.494693,1776348018000
1776348021.112,21.112,0.34,52.29,0.33,10.0,0.36,10.0,0.37,2.05,0.65,10.0,0.64,10.0,0.66,52.29,0.7,10.0,0.02,0.01,2304.602073,1776348019000
1776348021.458,21.458,0.34,54.86,0.33,10.0,0.35,5.0,0.41,10.0,0.65,5.0,0.61,16.0,0.66,44.86,0.67,10.0,0.01,0.01,2304.602073,1776348019000
1776348021.742,21.742,0.34,49.78,0.33,25.0,0.35,35.69,0.39,5.0,0.65,36.69,0.59,10.0,0.66,44.78,0.67,10.0,0.01,0.01,2305.228789,1776348020000
1776348022.276,22.276,0.34,44.78,0.33,25.0,0.35,12.77,0.4,16.0,0.65,21.77,0.59,10.0,0.66,49.78,0.67,25.0,0.01,0.01,2305.308753,1776348021000
1776348023.525,23.525,0.34,155.78,0.33,15.0,0.35,4.08,0.39,10.0,0.65,4.08,0.6,16.0,0.66,44.78,0.67,25.0,0.01,0.01,2306.303086,1776348022000
1776348023.769,23.769,0.34,173.2,0.33,20.0,0.4,15.08,0.41,10.0,0.65,4.08,0.61,10.0,0.66,148.2,0.67,15.0,0.06,0.01,2306.303086,1776348022000
1776348024.276,24.276,0.38,10.5,0.36,25.5,0.39,6.57,0.4,20.08,0.6,15.08,0.59,10.0,0.61,4.43,0.62,20.5,0.01,0.01,2306.29911,1776348023000
1776348024.575,24.575,0.38,30.0,0.37,1.81,0.39,2.0,0.4,92.89,0.61,16.0,0.6,9.08,0.63,1.81,0.64,25.5,0.01,0.02,2306.29911,1776348023000
1776348024.877,24.877,0.38,9.67,0.37,1.81,0.4,92.89,0.41,10.0,0.61,2.0,0.6,92.89,0.62,30.0,0.63,1.81,0.02,0.01,2306.29911,1776348023000
1776348025.23,25.23,0.39,15.8,0.38,9.67,0.4,98.81,0.41,10.0,0.6,92.89,0.59,10.0,0.62,9.67,0.63,1.81,0.01,0.02,2306.29911,1776348023000
1776348025.78,25.78,0.36,30.5,0.35,10.0,0.37,8.0,0.38,94.11,0.6,98.81,0.59,10.0,0.61,15.8,0.62,9.67,0.01,0.01,2306.03125,1776348024000
1776348026.051,26.051,0.36,8.5,0.34,121.0,0.37,21.0,0.38,88.11,0.63,8.0,0.62,94.11,0.64,30.5,0.65,10.0,0.01,0.01,2306.03125,1776348024000
1776348027.07,27.07,0.37,15.0,0.36,25.5,0.38,88.11,0.39,31.0,0.63,30.29,0.62,88.11,0.64,3.5,0.65,10.0,0.01,0.01,2306.057398,1776348026000
1776348027.674,27.674,0.36,15.5,0.35,10.0,0.37,2.0,0.38,107.47,0.62,91.47,0.61,31.0,0.63,10.0,0.64,25.5,0.01,0.01,2306.057398,1776348026000
1776348028.218,28.218,0.36,45.5,0.35,10.0,0.37,16.0,0.38,75.47,0.63,16.38,0.62,85.47,0.64,15.5,0.65,10.0,0.01,0.01,2305.826053,1776348027000
1776348028.464,28.464,0.36,61.5,0.35,10.0,0.37,11.0,0.38,81.47,0.63,16.0,0.62,75.47,0.64,45.5,0.65,10.0,0.01,0.01,2305.826053,1776348027000
1776348029.127,29.127,0.36,199.93,0.35,10.0,0.37,5.0,0.38,81.47,0.63,11.0,0.62,81.47,0.64,61.5,0.65,10.0,0.01,0.01,2305.826053,1776348027000
1776348029.831,29.831,0.36,137.5,0.35,15.0,0.37,44.2,0.38,95.47,0.63,5.0,0.62,81.47,0.64,199.93,0.65,10.0,0.01,0.01,2305.708538,1776348028000
1776348030.784,30.784,0.36,3.58,0.35,27.85,0.37,234.78,0.38,324.25,0.63,56.28,0.62,95.47,0.64,131.4,0.65,15.0,0.01,0.01,2305.708538,1776348029000
1776348031.163,31.163,0.35,26.37,0.34,30.0,0.37,854.9,0.38,319.25,0.63,841.7,0.62,324.25,0.64,3.58,0.65,27.85,0.02,0.01,2305.708538,1776348029000
1776348031.537,31.537,0.35,5.0,0.34,15.0,0.36,608.11,0.37,291.0,0.63,854.9,0.62,319.25,0.65,16.37,0.66,30.0,0.01,0.02,2305.710029,1776348030000
1776348031.979,31.979,0.33,10.5,0.32,10.5,0.35,682.0,0.36,111.11,0.64,613.11,0.63,296.0,0.66,15.0,0.67,20.5,0.02,0.02,2305.710029,1776348030000
1776348032.642,32.642,0.32,36.0,0.31,10.0,0.33,568.5,0.34,10.0,0.66,552.0,0.65,166.0,0.68,1.0,0.69,10.0,0.01,0.02,2305.4154,1776348031000
1776348032.937,32.937,0.32,21.52,0.31,10.0,0.33,584.95,0.34,10.0,0.67,568.5,0.66,10.0,0.68,36.0,0.69,10.0,0.01,0.01,2305.4154,1776348031000
1776348033.788,33.788,0.31,8.4,0.3,10.0,0.32,55.0,0.33,36.94,0.67,584.95,0.66,10.0,0.68,21.52,0.69,10.0,0.01,0.01,2305.261658,1776348032000
1776348034.161,34.161,0.31,3.4,0.3,26.0,0.32,540.0,0.33,20.0,0.68,55.0,0.67,36.94,0.69,8.4,0.7,10.0,0.01,0.01,2305.261658,1776348032000
1776348034.849,34.849,0.31,3.4,0.3,18.0,0.33,6.0,0.34,85.6,0.68,540.0,0.67,20.0,0.69,3.4,0.7,26.0,0.02,0.01,2304.832771,1776348033000
1776348035.795,35.795,0.28,7.61,0.27,10.5,0.3,30.28,0.31,36.78,0.67,16.0,0.66,565.6,0.69,2.38,0.7,18.0,0.02,0.02,2304.69312,1776348034000
1776348036.029,36.029,0.26,105.0,0.25,87.94,0.27,16.0,0.28,10.0,0.71,16.0,0.7,36.28,0.75,87.94,0.76,15.0,0.01,0.04,2304.697571,1776348035000
1776348036.41,36.41,0.25,86.54,0.24,110.0,0.26,19.2,0.27,16.0,0.73,16.0,0.72,10.0,0.74,105.0,0.75,87.94,0.01,0.01,2304.697571,1776348035000
1776348036.856,36.856,0.26,37.64,0.25,86.54,0.27,10.0,0.29,507.0,0.74,19.2,0.73,16.0,0.75,86.54,0.76,110.0,0.01,0.01,2304.697571,1776348035000
1776348037.618,37.618,0.26,174.0,0.25,101.54,0.27,13.44,0.28,10.0,0.73,10.0,0.71,507.0,0.74,19.0,0.75,86.54,0.01,0.01,2304.462368,1776348036000
1776348038.085,38.085,0.26,129.44,0.25,211.54,0.27,29.44,0.28,16.0,0.73,34.06,0.72,16.0,0.74,135.0,0.75,211.54,0.01,0.01,2304.462368,1776348036000
1776348038.38,38.38,0.26,114.44,0.25,196.54,0.27,80.25,0.28,6.0,0.73,29.44,0.72,16.0,0.74,129.44,0.75,211.54,0.01,0.01,2303.58644,1776348037000
1776348039.417,39.417,0.27,131.0,0.26,26.0,0.28,27.96,0.29,22.0,0.73,80.25,0.72,6.0,0.74,114.44,0.75,196.54,0.01,0.01,2303.767515,1776348038000
1776348040.213,40.213,0.26,17.0,0.25,196.54,0.27,15.0,0.28,541.99,0.72,27.96,0.71,22.0,0.73,131.0,0.74,26.0,0.01,0.01,2303.767515,1776348038000
1776348040.574,40.574,0.26,156.0,0.25,186.54,0.27,25.0,0.28,18.96,0.73,15.0,0.72,541.99,0.74,17.0,0.75,196.54,0.01,0.01,2303.709142,1776348039000
1776348041.805,41.805,0.25,191.54,0.24,21.0,0.26,547.5,0.27,116.96,0.73,34.03,0.72,12.96,0.74,125.74,0.75,86.54,0.01,0.01,2303.743017,1776348040000
1776348042.357,42.357,0.25,201.54,0.24,21.0,0.26,483.96,0.27,116.96,0.74,478.96,0.73,116.96,0.75,222.54,0.76,21.0,0.01,0.01,2303.626009,1776348041000
1776348042.598,42.598,0.25,176.54,0.24,21.0,0.26,488.96,0.27,116.96,0.74,483.96,0.73,116.96,0.75,201.54,0.76,21.0,0.01,0.01,2303.626009,1776348041000
1776348043.685,43.685,0.25,11.54,0.23,10.0,0.26,717.8,0.27,140.0,0.74,496.96,0.73,116.96,0.75,176.54,0.76,21.0,0.01,0.01,2303.577122,1776348042000
1776348043.939,43.939,0.25,1.54,0.23,115.0,0.26,892.8,0.27,135.0,0.74,717.8,0.73,140.0,0.75,11.54,0.77,10.0,0.01,0.01,2303.577122,1776348042000
1776348044.167,44.167,0.23,107.7,0.22,10.0,0.24,10.0,0.25,20.0,0.74,962.8,0.73,135.0,0.77,109.0,0.78,10.0,0.01,0.03,2303.347842,1776348043000
1776348044.671,44.671,0.21,132.0,0.2,10.0,0.22,56.07,0.23,20.0,0.76,10.0,0.75,20.0,0.77,107.7,0.78,10.0,0.01,0.01,2303.347842,1776348043000
1776348045.966,45.966,0.21,163.0,0.2,525.5,0.22,52.42,0.23,31.0,0.78,56.07,0.77,20.0,0.79,132.0,0.8,10.0,0.01,0.01,2303.35293,1776348044000
1776348046.477,46.477,0.21,107.0,0.2,32.5,0.22,16.0,0.23,721.43,0.78,52.42,0.77,31.0,0.79,163.0,0.8,525.5,0.01,0.01,2302.846619,1776348045000
1776348046.898,46.898,0.21,104.5,0.2,32.5,0.22,171.23,0.23,614.4,0.78,16.0,0.77,721.43,0.79,107.0,0.8,32.5,0.01,0.01,2302.846619,1776348045000
1776348047.78,47.78,0.2,128.43,0.19,33.4,0.21,161.02,0.22,575.29,0.78,171.23,0.77,614.4,0.79,104.5,0.8,32.5,0.01,0.01,2302.636005,1776348046000
1776348048.976,48.976,0.2,633.43,0.19,33.4,0.21,93.22,0.22,79.09,0.79,161.02,0.78,575.29,0.8,128.43,0.81,33.4,0.01,0.01,2302.542101,1776348047000
1776348049.24,49.24,0.2,656.93,0.19,33.4,0.21,93.22,0.22,85.48,0.79,93.22,0.78,79.09,0.8,633.43,0.81,33.4,0.01,0.01,2302.542101,1776348047000
1776348050.393,50.393,0.2,8.19,0.19,150.4,0.21,53.2,0.22,675.83,0.79,93.22,0.78,85.48,0.8,656.93,0.81,33.4,0.01,0.01,2302.249183,1776348049000
1776348050.793,50.793,0.2,517.45,0.19,33.4,0.21,15.43,0.22,312.83,0.79,38.43,0.78,675.83,0.8,28.19,0.81,150.4,0.01,0.01,2302.249183,1776348049000
1776348051.151,51.151,0.2,165.51,0.19,630.4,0.21,25.43,0.22,320.83,0.79,15.43,0.78,312.83,0.8,632.45,0.81,33.4,0.01,0.01,2302.324862,1776348050000
1776348051.506,51.506,0.2,747.51,0.19,33.4,0.21,104.61,0.22,93.48,0.79,25.43,0.78,320.83,0.8,165.51,0.81,630.4,0.01,0.01,2302.324862,1776348050000
1776348051.758,51.758,0.2,740.51,0.19,133.4,0.21,104.61,0.22,93.48,0.79,104.61,0.78,93.48,0.8,747.51,0.81,33.4,0.01,0.01,2302.324862,1776348050000
1776348052.469,52.469,0.2,145.93,0.19,613.4,0.21,104.61,0.22,690.48,0.79,104.61,0.78,93.48,0.8,740.51,0.81,133.4,0.01,0.01,2302.127679,1776348051000
1776348053.617,53.617,0.2,10.93,0.19,138.4,0.21,904.18,0.22,190.48,0.79,104.61,0.78,690.48,0.8,145.93,0.81,613.4,0.01,0.01,2302.292176,1776348052000
1776348054.001,54.001,0.2,3.93,0.19,138.4,0.21,805.61,0.22,90.48,0.79,904.18,0.78,190.48,0.8,10.93,0.81,138.4,0.01,0.01,2302.292176,1776348052000
1776348055.151,55.151,0.2,189.25,0.19,77.4,0.21,287.64,0.22,565.48,0.79,805.61,0.78,90.48,0.8,3.93,0.81,138.4,0.01,0.01,2302.327451,1776348054000
1776348055.561,55.561,0.2,153.43,0.19,33.4,0.21,28.37,0.22,565.48,0.79,135.37,0.78,622.44,0.8,189.25,0.81,77.4,0.01,0.01,2302.327451,1776348054000
1776348056.242,56.242,0.2,11.66,0.19,148.4,0.21,715.76,0.22,210.48,0.79,28.37,0.78,565.48,0.8,153.84,0.81,150.4,0.01,0.01,2302.20681,1776348055000
1776348056.562,56.562,0.19,134.06,0.18,151.4,0.21,720.76,0.22,391.77,0.79,715.76,0.78,391.77,0.81,141.24,0.82,151.4,0.02,0.02,2302.20681,1776348055000
1776348056.831,56.831,0.19,142.82,0.18,631.4,0.2,96.03,0.21,715.76,0.79,720.76,0.78,391.77,0.81,134.06,0.82,151.4,0.01,0.02,2302.20681,1776348055000
1776348057.785,57.785,0.19,157.82,0.18,151.4,0.21,167.52,0.22,249.81,0.8,96.03,0.79,715.76,0.81,142.82,0.82,631.4,0.02,0.01,2302.134354,1776348056000
1776348058.693,58.693,0.19,276.7,0.18,514.4,0.2,2563.01,0.21,133.52,0.79,167.52,0.78,249.81,0.81,157.82,0.82,151.4,0.01,0.02,2302.019191,1776348057000
1776348059.296,59.296,0.19,1026.7,0.18,49.4,0.2,99.16,0.21,50.56,0.8,2563.01,0.79,133.52,0.81,276.7,0.82,514.4,0.01,0.01,2302.048431,1776348058000
1776348059.507,59.507,0.19,987.7,0.18,34.4,0.2,19.16,0.21,60.56,0.8,99.16,0.79,50.56,0.81,1026.7,0.82,49.4,0.01,0.01,2302.048431,1776348058000
1776348060.128,60.128,0.2,118.02,0.19,742.7,0.21,96.45,0.22,85.48,0.78,202.48,0.77,490.0,0.81,987.7,0.82,34.4,0.01,0.03,2302.048431,1776348058000
1776348060.581,60.581,0.2,334.38,0.19,524.12,0.21,156.28,0.22,85.48,0.79,96.45,0.78,85.48,0.8,118.02,0.81,742.7,0.01,0.01,2302.101392,1776348059000
1776348060.794,60.794,0.2,180.86,0.19,641.12,0.21,156.28,0.22,202.48,0.79,156.28,0.78,85.48,0.8,322.68,0.81,524.12,0.01,0.01,2302.101392,1776348059000
1776348061.036,61.036,0.2,7.95,0.19,128.42,0.21,223.28,0.22,85.48,0.79,171.28,0.78,202.48,0.8,174.61,0.81,641.12,0.01,0.01,2302.101392,1776348059000
1776348061.391,61.391,0.18,139.17,0.17,655.5,0.2,7.05,0.21,1070.28,0.79,380.28,0.78,680.48,0.8,0.95,0.81,128.42,0.02,0.01,2302.332416,1776348060000
1776348061.652,61.652,0.18,145.95,0.17,655.5,0.2,640.05,0.21,456.28,0.8,7.05,0.79,1070.28,0.82,139.17,0.83,655.5,0.02,0.02,2302.332416,1776348060000
1776348062.571,62.571,0.19,758.4,0.18,90.0,0.2,85.74,0.21,181.28,0.81,10.0,0.8,762.05,0.82,104.6,0.83,655.5,0.01,0.01,2302.387258,1776348061000
1776348062.839,62.839,0.19,757.23,0.18,74.0,0.2,31.0,0.21,163.48,0.8,85.74,0.79,181.28,0.81,772.27,0.82,90.0,0.01,0.01,2302.387258,1776348061000
1776348063.103,63.103,0.19,769.43,0.18,44.0,0.2,2.0,0.21,138.48,0.8,23.0,0.79,138.48,0.81,789.43,0.82,44.0,0.01,0.01,2302.387258,1776348061000
1776348063.513,63.513,0.19,561.5,0.18,50.0,0.2,60.0,0.21,20.0,0.8,2.0,0.79,148.48,0.81,796.5,0.82,44.0,0.01,0.01,2302.387258,1776348061000
1776348064.381,64.381,0.16,65.39,0.15,38.2,0.18,18.0,0.19,146.0,0.8,60.0,0.79,20.0,0.81,561.5,0.82,50.0,0.02,0.01,2302.022478,1776348063000
1776348064.582,64.582,0.16,172.03,0.15,625.2,0.17,44.0,0.18,118.0,0.82,18.0,0.81,146.0,0.84,65.39,0.85,38.2,0.01,0.02,2302.022478,1776348063000
1776348064.847,64.847,0.16,28.28,0.14,509.0,0.17,66.0,0.18,598.0,0.83,44.0,0.82,118.0,0.84,172.03,0.85,625.2,0.01,0.01,2302.022478,1776348063000
1776348065.058,65.058,0.14,493.08,0.13,41.8,0.17,558.0,0.18,283.51,0.83,541.0,0.82,240.51,0.84,27.08,0.86,509.0,0.03,0.01,2302.022478,1776348063000
1776348065.485,65.485,0.15,147.97,0.14,648.08,0.16,30.0,0.17,36.0,0.83,558.0,0.82,283.51,0.86,493.08,0.87,41.8,0.01,0.03,2302.36076,1776348064000
1776348066.123,66.123,0.15,817.95,0.14,180.98,0.16,10.0,0.17,9.0,0.84,30.0,0.83,36.0,0.85,147.97,0.86,648.08,0.01,0.01,2302.36076,1776348064000
1776348066.81,66.81,0.15,647.2,0.14,297.98,0.16,147.0,0.17,29.0,0.84,10.0,0.83,19.0,0.85,783.39,0.86,185.98,0.01,0.01,2302.36076,1776348064000
1776348067.347,67.347,0.15,815.31,0.14,180.98,0.16,10.0,0.17,29.0,0.84,147.0,0.83,29.0,0.85,647.2,0.86,297.98,0.01,0.01,2301.094991,1776348065000
1776348067.565,67.565,0.15,775.88,0.14,180.98,0.16,15.0,0.17,29.0,0.84,10.0,0.83,29.0,0.85,815.31,0.86,180.98,0.01,0.01,2301.094991,1776348065000
1776348068.082,68.082,0.15,951.99,0.14,80.98,0.16,628.77,0.17,29.0,0.84,1642.26,0.83,200.78,0.85,829.99,0.86,180.98,0.01,0.01,2301.094991,1776348066000
1776348068.593,68.593,0.14,632.08,0.13,275.8,0.16,273.0,0.17,624.0,0.84,628.77,0.83,29.0,0.85,950.99,0.86,80.98,0.02,0.01,2301.19137,1776348067000
1776348069.561,69.561,0.14,150.08,0.13,755.8,0.15,814.48,0.16,330.35,0.84,273.0,0.83,624.0,0.86,632.08,0.87,275.8,0.01,0.02,2301.264968,1776348068000
1776348071.583,71.583,0.14,914.27,0.13,87.8,0.15,46.0,0.16,47.85,0.85,814.48,0.84,330.35,0.86,150.08,0.87,755.8,0.01,0.01,2300.923012,1776348070000
1776348072.121,72.121,0.15,610.8,0.14,144.9,0.16,705.18,0.17,96.76,0.84,47.85,0.83,39.0,0.86,868.17,0.87,187.8,0.01,0.02,2300.923012,1776348070000
1776348072.564,72.564,0.15,58.0,0.14,864.9,0.16,183.35,0.17,39.5,0.84,705.18,0.83,96.76,0.85,610.8,0.86,144.9,0.01,0.01,2300.872025,1776348071000
1776348072.975,72.975,0.15,10.0,0.14,734.9,0.16,298.0,0.17,154.5,0.84,183.35,0.83,39.5,0.85,58.0,0.86,864.9,0.01,0.01,2300.872025,1776348071000
1776348073.583,73.583,0.15,646.0,0.14,184.9,0.16,784.71,0.17,276.02,0.84,298.0,0.83,154.5,0.85,10.0,0.86,734.9,0.01,0.01,2300.912864,1776348072000
1776348074.449,74.449,0.15,860.12,0.14,90.9,0.16,56.0,0.17,29.0,0.84,784.71,0.83,276.02,0.85,646.0,0.86,184.9,0.01,0.01,2301.305357,1776348073000
1776348075.296,75.296,0.15,652.88,0.14,307.9,0.16,72.0,0.17,213.76,0.84,56.0,0.83,29.0,0.85,862.21,0.86,72.9,0.01,0.01,2301.148562,1776348074000
1776348077.918,77.918,0.15,0.12,0.13,625.36,0.16,392.5,0.17,631.57,0.84,92.0,0.83,156.5,0.85,714.99,0.86,307.9,0.01,0.01,2301.392826,1776348076000
1776348078.252,78.252,0.15,0.12,0.13,643.36,0.16,891.25,0.17,121.57,0.84,392.5,0.83,631.57,0.85,0.12,0.87,625.36,0.01,0.01,2301.392826,1776348076000
1776348078.471,78.471,0.16,49.5,0.15,100.12,0.17,688.12,0.18,53.5,0.84,891.25,0.83,121.57,0.85,0.12,0.87,643.36,0.01,0.01,2301.392826,1776348076000
1776348079.007,79.007,0.13,30.36,0.12,21.0,0.16,260.5,0.17,391.12,0.83,688.12,0.82,53.5,0.84,49.5,0.85,100.12,0.03,0.01,2301.3794,1776348077000
1776348079.255,79.255,0.13,24.38,0.12,21.0,0.14,5.0,0.15,247.0,0.84,892.5,0.83,278.12,0.87,24.38,0.88,21.0,0.01,0.03,2301.3794,1776348077000
1776348080.448,80.448,0.13,54.38,0.12,733.0,0.14,27.5,0.15,745.5,0.86,5.0,0.85,247.0,0.87,24.38,0.88,21.0,0.01,0.01,2300.986475,1776348079000
1776348080.979,80.979,0.13,200.38,0.12,511.0,0.14,272.54,0.15,159.96,0.86,27.5,0.85,745.5,0.87,54.38,0.88,733.0,0.01,0.01,2300.570781,1776348080000
1776348081.233,81.233,0.13,782.1,0.12,182.1,0.15,90.23,0.16,200.31,0.86,10.0,0.85,31.5,0.87,196.1,0.88,677.1,0.02,0.01,2300.570781,1776348080000
1776348081.549,81.549,0.13,772.1,0.12,65.1,0.15,11.0,0.16,302.5,0.85,90.23,0.84,200.31,0.87,782.1,0.88,182.1,0.02,0.02,2300.570781,1776348080000
1776348081.893,81.893,0.14,19.0,0.13,801.1,0.15,159.96,0.16,782.5,0.85,11.0,0.84,302.5,0.87,772.1,0.88,65.1,0.01,0.02,2300.570781,1776348080000
1776348084.033,84.033,0.12,21.0,0.11,127.0,0.14,749.68,0.15,49.31,0.85,159.96,0.84,782.5,0.86,19.0,0.87,801.1,0.02,0.01,2300.491594,1776348083000
1776348087.603,87.603,0.12,21.0,0.1,271.0,0.13,368.05,0.14,97.5,0.86,749.68,0.85,49.31,0.88,21.0,0.89,127.0,0.01,0.02,2299.945596,1776348086000
1776348088.221,88.221,0.12,1091.5,0.11,170.5,0.14,15.0,0.15,26.0,0.87,368.05,0.86,97.5,0.88,21.0,0.9,271.0,0.02,0.01,2299.945596,1776348086000
1776348088.449,88.449,0.14,739.15,0.13,245.34,0.16,12.58,0.17,15.0,0.85,1.0,0.84,12.58,0.86,729.15,0.87,234.34,0.02,0.01,2299.804577,1776348087000
1776348088.662,88.662,0.16,271.68,0.15,134.0,0.2,51.38,0.21,60.0,0.8,51.38,0.79,60.0,0.84,271.8,0.85,134.0,0.04,0.04,2299.804577,1776348087000
1776348088.996,88.996,0.19,213.0,0.18,110.0,0.2,1.88,0.21,10.0,0.8,1.88,0.79,10.0,0.81,225.0,0.82,110.0,0.01,0.01,2299.713706,1776348088000
1776348089.484,89.484,0.21,115.0,0.2,142.0,0.22,106.98,0.23,10.0,0.78,95.98,0.77,10.0,0.79,95.0,0.8,125.0,0.01,0.01,2299.713706,1776348088000
1776348090.338,90.338,0.21,83.73,0.2,100.0,0.22,156.98,0.23,10.0,0.78,106.98,0.77,10.0,0.79,115.0,0.8,142.0,0.01,0.01,2299.931229,1776348089000
1776348090.675,90.675,0.21,83.73,0.2,100.0,0.22,75.52,0.23,15.0,0.78,156.98,0.77,10.0,0.79,83.73,0.8,100.0,0.01,0.01,2299.931229,1776348089000
1776348090.899,90.899,0.21,148.73,0.2,115.0,0.22,35.06,0.23,15.0,0.78,75.52,0.77,15.0,0.79,83.73,0.8,100.0,0.01,0.01,2299.931229,1776348089000
1776348091.87,91.87,0.2,4.27,0.19,14.0,0.22,397.13,0.23,110.0,0.78,35.06,0.77,15.0,0.79,141.67,0.8,148.0,0.02,0.01,2302.803165,1776348090000
1776348092.138,92.138,0.19,9.52,0.18,35.0,0.21,152.5,0.22,237.13,0.79,135.5,0.78,255.13,0.8,20.52,0.81,14.0,0.02,0.01,2302.651312,1776348091000
1776348095.192,95.192,0.19,102.0,0.18,192.0,0.21,10.5,0.22,88.9,0.79,152.5,0.78,237.13,0.81,9.52,0.82,35.0,0.02,0.02,2302.27369,1776348093000
1776348095.549,95.549,0.2,118.0,0.19,171.0,0.21,5.83,0.22,203.9,0.79,1.5,0.78,93.9,0.8,10.0,0.81,127.0,0.01,0.01,2302.27369,1776348093000
1776348095.966,95.966,0.2,52.0,0.19,50.0,0.21,141.56,0.22,88.9,0.79,5.83,0.78,203.9,0.8,118.0,0.81,171.0,0.01,0.01,2302.375696,1776348094000
1776348097.243,97.243,0.21,201.0,0.2,112.5,0.22,58.4,0.23,18.5,0.79,141.56,0.78,88.9,0.8,52.0,0.81,50.0,0.01,0.01,2302.61787,1776348096000
1776348097.519,97.519,0.21,239.5,0.2,112.5,0.23,8.0,0.24,145.0,0.78,58.4,0.77,18.5,0.79,201.0,0.8,112.5,0.02,0.01,2302.61787,1776348096000
1776348098.083,98.083,0.23,357.11,0.22,89.5,0.24,98.0,0.25,25.0,0.76,143.0,0.75,40.5,0.78,20.5,0.79,259.5,0.01,0.02,2302.61787,1776348096000
1776348099.198,99.198,0.26,40.0,0.25,137.0,0.27,55.0,0.28,5.0,0.76,3.0,0.75,25.0,0.77,357.11,0.78,89.5,0.01,0.01,2302.778493,1776348097000
1776348100.044,100.044,0.29,68.45,0.28,10.0,0.3,144.28,0.31,5.0,0.73,10.0,0.72,15.0,0.74,29.72,0.75,110.0,0.01,0.01,2303.146002,1776348098000
1776348100.748,100.748,0.29,29.04,0.28,10.0,0.3,74.48,0.31,25.0,0.7,134.28,0.69,5.0,0.71,112.45,0.72,10.0,0.01,0.01,2304.498786,1776348099000
1776348100.981,100.981,0.29,22.78,0.28,27.0,0.3,91.78,0.31,35.5,0.7,74.48,0.69,25.0,0.71,29.04,0.72,10.0,0.01,0.01,2304.498786,1776348099000
1776348101.487,101.487,0.29,12.78,0.28,27.0,0.31,30.5,0.32,20.5,0.7,81.68,0.69,35.5,0.71,22.78,0.72,27.0,0.02,0.01,2304.742101,1776348100000
1776348101.722,101.722,0.29,22.78,0.28,42.0,0.3,10.5,0.31,30.5,0.69,30.5,0.68,20.5,0.71,7.78,0.72,27.0,0.01,0.02,2304.742101,1776348100000
1776348102.012,102.012,0.29,25.0,0.27,25.0,0.3,33.5,0.31,70.5,0.7,10.5,0.69,70.5,0.71,7.78,0.72,42.0,0.01,0.01,2304.742101,1776348100000
1776348102.222,102.222,0.27,25.0,0.26,77.0,0.3,96.0,0.31,76.5,0.7,33.5,0.69,70.5,0.71,25.0,0.73,25.0,0.03,0.01,2304.992285,1776348101000
1776348102.505,102.505,0.26,21.0,0.25,97.27,0.27,134.53,0.28,15.0,0.7,96.0,0.69,76.5,0.73,25.0,0.74,77.0,0.01,0.03,2304.992285,1776348101000
1776348103.265,103.265,0.25,106.4,0.24,283.7,0.27,115.33,0.28,20.0,0.73,134.53,0.72,15.0,0.74,21.0,0.75,97.27,0.02,0.01,2304.992285,1776348101000
1776348103.629,103.629,0.25,53.4,0.24,247.0,0.26,20.0,0.27,150.33,0.74,9.0,0.73,115.33,0.75,88.4,0.76,247.0,0.01,0.01,2304.992285,1776348101000
1776348105.086,105.086,0.24,25.0,0.23,35.0,0.25,95.0,0.26,209.5,0.74,50.0,0.73,150.33,0.76,247.0,0.77,70.0,0.01,0.02,2304.616246,1776348103000
1776348106.536,106.536,0.2,8.8,0.19,35.0,0.21,20.0,0.22,21.0,0.75,95.0,0.74,209.5,0.76,25.0,0.77,35.0,0.01,0.01,2304.284233,1776348104000
1776348108.305,108.305,0.2,51.46,0.19,20.0,0.21,21.0,0.22,51.0,0.79,20.0,0.78,21.0,0.8,8.8,0.81,35.0,0.01,0.01,2302.898126,1776348107000
1776348108.821,108.821,0.22,28.98,0.21,5.0,0.23,50.0,0.24,53.0,0.79,21.0,0.78,51.0,0.8,46.36,0.81,20.0,0.01,0.01,2302.898126,1776348107000
1776348110.629,110.629,0.22,40.0,0.21,20.0,0.23,40.0,0.24,538.0,0.77,50.0,0.76,53.0,0.78,28.98,0.79,5.0,0.01,0.01,2302.86587,1776348109000
1776348111.089,111.089,0.2,20.0,0.19,45.0,0.21,4.04,0.22,10.0,0.77,40.0,0.76,538.0,0.78,32.17,0.79,20.0,0.01,0.01,2302.86587,1776348109000
1776348111.938,111.938,0.2,94.0,0.19,525.0,0.23,40.0,0.24,59.0,0.79,4.04,0.78,10.0,0.8,20.0,0.81,45.0,0.03,0.01,2302.972262,1776348110000
1776348112.274,112.274,0.22,56.17,0.21,15.0,0.24,30.0,0.25,53.0,0.77,40.0,0.76,59.0,0.8,94.0,0.81,525.0,0.02,0.03,2302.972262,1776348110000
1776348112.572,112.572,0.23,160.49,0.22,36.17,0.24,30.0,0.25,40.0,0.76,30.0,0.75,53.0,0.78,56.17,0.79,15.0,0.01,0.02,2302.972262,1776348110000
1776348115.816,115.816,0.25,8.0,0.24,95.0,0.26,90.14,0.27,80.0,0.76,30.0,0.75,40.0,0.77,160.49,0.78,36.17,0.01,0.01,2303.527615,1776348114000
1776348116.17,116.17,0.24,102.0,0.23,177.0,0.26,70.14,0.27,80.0,0.74,85.14,0.73,80.0,0.75,18.0,0.76,95.0,0.02,0.01,2303.527615,1776348114000
1776348117.214,117.214,0.24,80.0,0.23,152.0,0.26,50.14,0.27,50.0,0.74,70.14,0.73,80.0,0.76,102.0,0.77,177.0,0.02,0.02,2304.076097,1776348115000
1776348117.633,117.633,0.25,59.0,0.24,95.0,0.26,44.14,0.27,40.0,0.74,50.14,0.73,50.0,0.75,8.0,0.76,70.0,0.01,0.01,2304.264165,1776348116000
1776348118.097,118.097,0.25,164.0,0.24,220.0,0.26,39.14,0.27,40.0,0.74,44.14,0.73,40.0,0.75,59.0,0.76,95.0,0.01,0.01,2304.264165,1776348116000
1776348118.614,118.614,0.25,191.54,0.24,264.91,0.26,39.14,0.27,40.0,0.74,39.14,0.73,40.0,0.75,164.0,0.76,220.0,0.01,0.01,2304.144184,1776348117000
1776348118.953,118.953,0.25,207.05,0.24,264.91,0.26,39.14,0.27,40.0,0.74,39.14,0.73,40.0,0.75,191.54,0.76,264.91,0.01,0.01,2304.144184,1776348117000
1776348119.256,119.256,0.25,183.05,0.24,264.91,0.26,27.14,0.27,40.0,0.74,39.14,0.73,40.0,0.75,207.05,0.76,264.91,0.01,0.01,2304.27361,1776348118000
1776348120.52,120.52,0.25,143.57,0.24,264.91,0.26,27.14,0.27,20.0,0.74,27.14,0.73,40.0,0.75,183.05,0.76,264.91,0.01,0.01,2304.677339,1776348119000
1776348120.836,120.836,0.25,139.17,0.24,264.91,0.26,22.14,0.27,20.0,0.74,27.14,0.73,20.0,0.75,143.57,0.76,264.91,0.01,0.01,2304.677339,1776348119000
1776348121.095,121.095,0.25,159.17,0.24,264.91,0.26,12.14,0.27,25.0,0.74,22.14,0.73,20.0,0.75,139.17,0.76,264.91,0.01,0.01,2304.677339,1776348119000
1776348121.664,121.664,0.28,39.0,0.27,123.0,0.29,5.0,0.31,15.5,0.73,25.0,0.72,40.0,0.75,121.42,0.76,264.91,0.01,0.02,2304.737007,1776348120000
1776348122.022,122.022,0.3,34.0,0.29,10.0,0.34,115.0,0.35,86.0,0.69,9.17,0.68,65.5,0.72,84.0,0.73,123.0,0.04,0.03,2304.843915,1776348121000
1776348123.64,123.64,0.33,236.68,0.32,168.0,0.34,95.0,0.35,80.0,0.66,115.0,0.65,86.0,0.7,34.0,0.71,10.0,0.01,0.04,2305.474239,1776348122000
1776348124.296,124.296,0.33,220.5,0.32,155.0,0.34,70.0,0.35,90.0,0.66,95.0,0.65,80.0,0.67,160.55,0.68,168.0,0.01,0.01,2305.598357,1776348123000
1776348125.705,125.705,0.33,260.84,0.32,171.0,0.34,47.0,0.35,90.0,0.66,82.0,0.65,95.0,0.67,182.13,0.68,155.0,0.01,0.01,2306.167209,1776348124000
1776348126.093,126.093,0.33,352.21,0.32,183.0,0.34,11.78,0.35,90.0,0.66,47.0,0.65,90.0,0.67,260.84,0.68,171.0,0.01,0.01,2306.167209,1776348124000
1776348126.633,126.633,0.34,147.01,0.33,155.92,0.35,10.0,0.36,86.2,0.65,95.0,0.64,105.0,0.67,292.13,0.68,183.0,0.01,0.02,2306.455363,1776348125000
1776348127.154,127.154,0.35,64.27,0.34,45.0,0.38,30.0,0.39,45.0,0.62,110.0,0.61,15.0,0.66,157.01,0.67,155.92,0.03,0.04,2306.455363,1776348125000
1776348128.084,128.084,0.36,10.0,0.35,10.0,0.37,27.94,0.38,15.0,0.62,30.0,0.61,45.0,0.65,64.27,0.66,45.0,0.01,0.03,2306.468774,1776348126000
1776348128.295,128.295,0.35,10.0,0.34,24.0,0.36,35.0,0.37,16.04,0.63,16.04,0.62,21.0,0.64,15.0,0.65,10.0,0.01,0.01,2306.468774,1776348126000
1776348128.506,128.506,0.35,5.0,0.34,10.0,0.36,35.0,0.37,26.04,0.64,35.0,0.63,16.04,0.65,10.0,0.66,24.0,0.01,0.01,2306.568034,1776348127000
1776348128.798,128.798,0.33,60.0,0.32,55.0,0.36,36.0,0.37,15.0,0.64,35.0,0.63,26.04,0.65,5.0,0.66,10.0,0.03,0.01,2306.568034,1776348127000
1776348129.171,129.171,0.33,4.85,0.32,35.0,0.34,44.0,0.35,43.23,0.66,46.0,0.65,26.23,0.67,4.85,0.68,45.0,0.01,0.01,2306.591088,1776348128000
1776348129.731,129.731,0.33,4.85,0.32,30.0,0.34,88.71,0.35,32.23,0.66,44.0,0.65,43.23,0.67,4.85,0.68,35.0,0.01,0.01,2306.591088,1776348128000
1776348130.075,130.075,0.33,24.85,0.32,50.21,0.34,79.01,0.35,15.0,0.66,68.71,0.65,21.23,0.67,24.85,0.68,40.21,0.01,0.01,2306.376799,1776348129000
1776348130.393,130.393,0.33,77.06,0.32,65.68,0.34,49.59,0.35,15.0,0.66,79.01,0.65,15.0,0.67,24.85,0.68,50.21,0.01,0.01,2306.376799,1776348129000
1776348132.37,132.37,0.32,4.24,0.31,105.0,0.33,6.0,0.34,32.0,0.66,49.59,0.65,15.0,0.67,77.06,0.68,65.68,0.01,0.01,2305.980489,1776348130000
1776348135.158,135.158,0.33,127.21,0.32,70.21,0.35,66.58,0.36,35.0,0.67,6.0,0.66,32.0,0.68,4.24,0.69,105.0,0.02,0.01,2306.066422,1776348133000
1776348135.699,135.699,0.34,15.0,0.33,78.21,0.35,51.58,0.36,55.0,0.65,66.58,0.64,35.0,0.67,127.21,0.68,70.21,0.01,0.02,2306.110881,1776348134000
1776348136.402,136.402,0.34,11.07,0.33,78.21,0.35,51.58,0.36,45.0,0.65,51.58,0.64,55.0,0.66,15.0,0.67,78.21,0.01,0.01,2306.106983,1776348135000
1776348136.812,136.812,0.34,41.07,0.33,88.21,0.35,51.64,0.36,45.0,0.65,51.58,0.64,45.0,0.66,11.07,0.67,78.21,0.01,0.01,2306.106983,1776348135000
1776348137.272,137.272,0.34,205.28,0.33,83.21,0.35,19.64,0.36,40.0,0.65,46.64,0.64,45.0,0.66,71.07,0.67,88.21,0.01,0.01,2306.278862,1776348136000
1776348137.606,137.606,0.35,202.02,0.34,56.07,0.37,10.0,0.39,110.0,0.65,19.64,0.64,40.0,0.66,205.28,0.67,83.21,0.02,0.01,2306.278862,1776348136000
1776348137.852,137.852,0.38,9.0,0.37,10.0,0.39,120.0,0.4,160.0,0.63,10.0,0.61,110.0,0.65,202.02,0.66,56.07,0.01,0.02,2306.278862,1776348136000
1776348138.146,138.146,0.38,110.72,0.37,29.0,0.39,120.0,0.4,155.0,0.61,120.0,0.6,160.0,0.62,9.0,0.63,10.0,0.01,0.01,2306.278862,1776348136000
1776348138.828,138.828,0.39,10.0,0.38,21.21,0.4,215.0,0.41,206.0,0.61,120.0,0.6,155.0,0.62,109.1,0.63,29.0,0.01,0.01,2306.383313,1776348137000
1776348139.318,139.318,0.35,15.0,0.34,75.07,0.38,95.92,0.39,76.79,0.61,25.79,0.6,228.0,0.62,10.0,0.63,10.0,0.03,0.01,2306.470534,1776348138000
1776348140.831,140.831,0.37,15.0,0.36,27.21,0.38,126.5,0.39,16.0,0.62,95.92,0.61,76.79,0.65,15.0,0.66,75.07,0.01,0.03,2306.962411,1776348139000
1776348142.596,142.596,0.36,37.21,0.35,70.0,0.37,13.93,0.38,103.28,0.62,126.5,0.61,16.0,0.63,15.0,0.64,27.21,0.01,0.01,2306.748089,1776348141000
1776348143.015,143.015,0.36,35.49,0.35,59.0,0.38,81.23,0.39,46.0,0.63,29.93,0.62,108.28,0.64,40.49,0.65,70.0,0.02,0.01,2306.753685,1776348142000
1776348143.331,143.331,0.37,5.48,0.36,15.0,0.38,99.59,0.39,145.0,0.62,84.59,0.61,145.0,0.63,10.48,0.64,22.21,0.01,0.01,2306.753685,1776348142000
1776348143.692,143.692,0.37,5.48,0.36,10.0,0.38,326.98,0.39,135.0,0.62,99.59,0.61,145.0,0.63,5.48,0.64,15.0,0.01,0.01,2306.753685,1776348142000
1776348145.496,145.496,0.31,75.0,0.3,97.1,0.32,11.4,0.33,107.64,0.62,338.38,0.61,148.0,0.64,10.0,0.65,25.0,0.01,0.02,2306.630523,1776348144000
1776348150.209,150.209,0.28,3.61,0.26,25.0,0.29,135.0,0.3,182.28,0.68,11.4,0.67,107.64,0.69,75.0,0.7,97.1,0.01,0.01,2305.21393,1776348148000
1776348150.486,150.486,0.28,2.08,0.26,25.0,0.29,166.0,0.3,170.49,0.71,135.0,0.7,182.28,0.72,3.61,0.74,25.0,0.01,0.01,2305.062455,1776348149000
1776348152.433,152.433,0.25,125.0,0.24,220.0,0.26,129.53,0.27,115.0,0.71,185.2,0.7,165.49,0.75,252.99,0.76,220.0,0.01,0.04,2304.97666,1776348151000
1776348153.085,153.085,0.25,160.0,0.24,236.0,0.27,132.39,0.28,122.0,0.74,129.53,0.73,115.0,0.75,125.0,0.76,220.0,0.02,0.01,2304.661747,1776348152000
1776348153.42,153.42,0.26,35.0,0.25,125.0,0.27,110.0,0.28,122.0,0.73,132.39,0.72,122.0,0.75,130.5,0.76,236.0,0.01,0.02,2304.661747,1776348152000
1776348154.938,154.938,0.25,93.84,0.24,230.5,0.26,247.39,0.27,135.0,0.73,110.0,0.72,122.0,0.74,35.0,0.75,125.0,0.01,0.01,2304.634638,1776348153000
1776348155.583,155.583,0.25,63.84,0.24,220.0,0.26,387.21,0.27,145.5,0.74,247.39,0.73,135.0,0.75,93.84,0.76,230.5,0.01,0.01,2304.634638,1776348153000
1776348155.816,155.816,0.24,235.5,0.23,155.5,0.25,190.11,0.26,168.0,0.75,6.43,0.74,317.21,0.76,220.0,0.77,155.5,0.01,0.01,2304.634638,1776348153000
1776348156.446,156.446,0.24,287.71,0.23,173.5,0.25,180.48,0.26,155.0,0.75,190.11,0.74,168.0,0.76,235.5,0.77,155.5,0.01,0.01,2304.99872,1776348154000
1776348157.503,157.503,0.24,15.0,0.23,155.5,0.25,181.28,0.26,45.0,0.75,180.48,0.74,155.0,0.76,287.71,0.77,173.5,0.01,0.01,2304.507019,1776348156000
1776348158.429,158.429,0.22,170.5,0.21,70.0,0.25,310.67,0.26,55.0,0.75,181.28,0.74,45.0,0.76,15.0,0.77,155.5,0.03,0.01,2304.221589,1776348157000
1776348159.099,159.099,0.22,75.5,0.21,70.0,0.23,68.6,0.24,52.0,0.77,5.0,0.76,10.0,0.78,170.5,0.79,70.0,0.01,0.01,2304.221589,1776348157000
1776348160.252,160.252,0.21,70.0,0.2,255.0,0.23,202.38,0.24,59.0,0.77,68.6,0.76,52.0,0.78,75.5,0.79,70.0,0.02,0.01,2304.24783,1776348158000
1776348160.574,160.574,0.21,60.5,0.2,255.0,0.22,11.8,0.23,35.0,0.77,202.38,0.76,59.0,0.79,70.0,0.8,255.0,0.01,0.02,2304.24783,1776348158000
1776348160.96,160.96,0.21,70.5,0.2,284.21,0.23,47.0,0.24,42.0,0.78,11.8,0.77,35.0,0.79,60.5,0.8,255.0,0.02,0.01,2304.246122,1776348159000
1776348161.53,161.53,0.22,76.0,0.21,32.23,0.23,28.0,0.24,40.0,0.77,47.0,0.76,42.0,0.79,58.23,0.8,269.0,0.01,0.02,2304.236964,1776348160000
1776348162.071,162.071,0.22,32.3,0.21,85.44,0.23,28.0,0.24,35.0,0.77,28.0,0.76,40.0,0.78,35.0,0.79,32.23,0.01,0.01,2304.236964,1776348160000
1776348164.289,164.289,0.21,19.23,0.2,255.0,0.23,36.0,0.24,10.0,0.77,28.0,0.76,35.0,0.78,32.3,0.79,85.44,0.02,0.01,2304.38891,1776348162000
1776348164.789,164.789,0.2,249.0,0.19,35.21,0.22,10.0,0.23,234.6,0.77,36.0,0.76,10.0,0.79,19.23,0.8,255.0,0.02,0.02,2304.642854,1776348163000
1776348165.321,165.321,0.2,252.0,0.19,25.0,0.21,110.0,0.22,70.9,0.78,5.45,0.77,234.6,0.8,249.0,0.81,35.21,0.01,0.02,2304.642854,1776348163000
1776348166.398,166.398,0.19,35.5,0.18,169.4,0.21,345.52,0.22,37.45,0.79,137.0,0.78,70.9,0.8,245.62,0.81,25.0,0.02,0.01,2304.655218,1776348164000
1776348166.918,166.918,0.19,14.26,0.18,179.9,0.2,252.32,0.21,122.86,0.79,345.52,0.78,37.45,0.81,35.5,0.82,169.4,0.01,0.02,2303.970884,1776348165000
1776348167.17,167.17,0.19,18.15,0.18,179.9,0.2,126.32,0.21,60.5,0.8,232.32,0.79,127.86,0.81,9.26,0.82,179.9,0.01,0.01,2303.970884,1776348165000
1776348168.999,168.999,0.18,8.32,0.17,230.5,0.19,225.5,0.2,250.68,0.8,126.32,0.79,60.5,0.81,18.15,0.82,179.9,0.01,0.01,2303.458238,1776348167000
1776348170.006,170.006,0.18,12.1,0.17,5.0,0.19,185.4,0.2,102.0,0.81,225.5,0.8,250.68,0.82,8.32,0.83,230.5,0.01,0.01,2303.450662,1776348168000
1776348170.971,170.971,0.18,10.75,0.16,200.0,0.19,155.09,0.2,174.4,0.81,185.4,0.8,102.0,0.82,12.1,0.83,5.0,0.01,0.01,2303.244117,1776348170000
1776348171.306,171.306,0.16,50.0,0.15,125.0,0.19,176.09,0.2,158.4,0.81,176.09,0.8,174.4,0.82,5.25,0.84,175.0,0.03,0.01,2303.244117,1776348170000
1776348171.549,171.549,0.16,7.36,0.15,125.0,0.17,29.66,0.18,15.0,0.81,176.09,0.8,158.4,0.84,50.0,0.85,125.0,0.01,0.03,2303.244117,1776348170000
1776348173.562,173.562,0.13,387.69,0.12,305.0,0.14,15.0,0.15,287.31,0.83,29.66,0.82,15.0,0.84,5.27,0.85,125.0,0.01,0.01,2302.890984,1776348172000
1776348173.765,173.765,0.13,375.43,0.12,305.0,0.14,197.6,0.15,257.31,0.86,101.6,0.85,282.31,0.87,386.54,0.88,305.0,0.01,0.01,2302.890984,1776348172000
1776348174.01,174.01,0.13,350.43,0.12,305.0,0.14,242.31,0.15,224.31,0.86,197.6,0.85,257.31,0.87,375.43,0.88,305.0,0.01,0.01,2302.848995,1776348173000
1776348174.372,174.372,0.12,270.0,0.11,25.0,0.13,166.0,0.14,235.03,0.86,282.31,0.85,224.31,0.88,305.0,0.89,25.0,0.01,0.02,2302.848995,1776348173000
1776348175.432,175.432,0.1,180.0,0.09,136.0,0.11,145.0,0.12,81.1,0.87,166.0,0.86,235.03,0.88,270.0,0.89,25.0,0.01,0.01,2302.222639,1776348174000
1776348175.717,175.717,0.1,162.76,0.09,136.0,0.11,145.0,0.12,107.54,0.89,145.0,0.88,81.1,0.9,163.88,0.91,136.0,0.01,0.01,2302.222639,1776348174000
1776348176.684,176.684,0.1,143.28,0.09,136.0,0.11,283.39,0.12,166.11,0.89,145.0,0.88,107.54,0.9,158.28,0.91,136.0,0.01,0.01,2301.62562,1776348175000
1776348177.008,177.008,0.1,105.16,0.09,136.0,0.11,403.39,0.12,166.11,0.89,283.39,0.88,166.11,0.9,141.28,0.91,136.0,0.01,0.01,2301.62562,1776348175000
1776348177.323,177.323,0.09,103.65,0.08,112.0,0.1,204.71,0.11,122.01,0.89,387.39,0.88,161.11,0.91,135.05,0.92,112.0,0.01,0.02,2301.62562,1776348175000
1776348177.629,177.629,0.09,70.35,0.08,117.0,0.1,84.33,0.11,25.01,0.9,73.22,0.89,30.01,0.91,101.45,0.92,112.0,0.01,0.01,2301.482022,1776348176000
1776348177.892,177.892,0.09,2.43,0.08,117.0,0.1,85.44,0.11,25.01,0.9,84.33,0.89,25.01,0.91,70.35,0.92,117.0,0.01,0.01,2301.482022,1776348176000
1776348178.209,178.209,0.08,115.91,0.07,225.0,0.09,10.0,0.1,96.55,0.9,85.44,0.89,25.01,0.91,2.43,0.92,117.0,0.01,0.01,2301.45827,1776348177000
1776348178.686,178.686,0.07,244.21,0.06,501.0,0.08,15.0,0.09,132.81,0.91,155.6,0.9,115.57,0.93,224.21,0.94,401.0,0.01,0.02,2301.45827,1776348177000
1776348179.211,179.211,0.08,19.0,0.07,215.97,0.09,132.81,0.1,173.21,0.92,10.0,0.91,132.81,0.93,240.97,0.94,501.0,0.01,0.01,2300.860315,1776348178000
1776348179.81,179.81,0.08,144.0,0.07,363.97,0.09,107.81,0.1,205.92,0.91,132.81,0.9,173.21,0.92,19.0,0.93,215.97,0.01,0.01,2300.860315,1776348178000
1776348180.022,180.022,0.08,149.0,0.07,363.97,0.09,7.81,0.1,240.31,0.91,107.81,0.9,205.92,0.92,144.0,0.93,363.97,0.01,0.01,2300.860315,1776348178000
1776348180.37,180.37,0.08,144.0,0.07,363.97,0.09,12.81,0.1,169.32,0.91,7.81,0.9,240.31,0.92,149.0,0.93,363.97,0.01,0.01,2301.045226,1776348179000
1776348180.588,180.588,0.08,82.62,0.07,310.97,0.09,10.0,0.1,169.32,0.91,10.0,0.9,179.32,0.92,88.71,0.93,357.97,0.01,0.01,2301.045226,1776348179000
1776348180.814,180.814,0.08,27.63,0.07,210.97,0.09,10.0,0.1,158.32,0.91,10.0,0.9,158.32,0.92,33.06,0.93,210.97,0.01,0.01,2301.045226,1776348179000
1776348181.551,181.551,0.07,205.66,0.06,429.0,0.09,49.0,0.1,158.32,0.91,10.0,0.9,158.32,0.92,27.63,0.93,210.97,0.02,0.01,2301.045226,1776348179000
1776348183.884,183.884,0.08,248.13,0.07,215.66,0.09,5.0,0.1,153.32,0.91,22.0,0.9,163.32,0.92,130.42,0.93,263.66,0.01,0.01,2301.180182,1776348182000
1776348184.187,184.187,0.09,127.0,0.08,210.0,0.1,123.32,0.11,40.0,0.91,5.0,0.9,153.32,0.92,248.13,0.93,215.66,0.01,0.01,2301.180182,1776348182000
1776348184.447,184.447,0.09,279.0,0.08,227.0,0.11,39.38,0.12,94.0,0.9,43.32,0.89,40.0,0.91,279.0,0.92,227.0,0.02,0.01,2301.168564,1776348183000
1776348184.654,184.654,0.09,147.0,0.08,227.0,0.1,12.31,0.11,29.38,0.89,39.38,0.88,94.0,0.91,279.0,0.92,227.0,0.01,0.02,2301.168564,1776348183000
1776348185.404,185.404,0.08,18.5,0.07,210.66,0.11,20.0,0.12,94.0,0.9,12.31,0.89,29.38,0.91,147.0,0.92,227.0,0.03,0.01,2301.138824,1776348184000
1776348186.053,186.053,0.11,20.0,0.1,120.0,0.13,25.0,0.14,10.0,0.88,19.9,0.87,60.0,0.92,5.75,0.93,210.66,0.02,0.04,2301.138824,1776348184000
1776348186.272,186.272,0.12,20.0,0.11,70.0,0.13,5.0,0.14,10.0,0.87,25.0,0.86,10.0,0.89,20.0,0.9,120.0,0.01,0.02,2301.138824,1776348184000
1776348186.668,186.668,0.13,93.5,0.11,50.0,0.2,32.86,0.21,45.5,0.8,59.0,0.79,115.5,0.88,20.0,0.89,75.0,0.07,0.08,2302.607074,1776348185000
1776348186.877,186.877,0.11,80.0,0.1,110.0,0.12,15.0,0.13,10.0,0.8,32.86,0.79,45.5,0.87,93.5,0.89,50.0,0.01,0.07,2302.607074,1776348185000
1776348187.279,187.279,0.11,73.66,0.1,116.0,0.12,31.0,0.13,10.0,0.88,39.0,0.87,10.0,0.89,72.97,0.9,110.0,0.01,0.01,2302.918392,1776348186000
1776348187.604,187.604,0.1,100.0,0.09,54.0,0.12,57.0,0.13,25.0,0.88,31.0,0.87,10.0,0.89,73.66,0.9,116.0,0.02,0.01,2302.918392,1776348186000
1776348188.002,188.002,0.1,10.0,0.09,54.0,0.11,14.5,0.12,10.0,0.88,15.0,0.87,25.0,0.9,100.0,0.91,54.0,0.01,0.02,2302.918392,1776348186000
1776348188.275,188.275,0.1,62.85,0.09,54.0,0.13,24.0,0.14,10.0,0.89,15.0,0.87,29.39,0.9,42.85,0.91,54.0,0.03,0.01,2302.918392,1776348186000
1776348188.977,188.977,0.12,10.0,0.11,10.0,0.14,19.39,0.15,7.0,0.82,10.0,0.81,35.0,0.9,42.85,0.91,54.0,0.02,0.08,2303.558858,1776348187000
1776348189.278,189.278,0.13,5.85,0.12,10.0,0.14,77.0,0.15,10.0,0.86,19.39,0.85,7.0,0.88,10.0,0.89,10.0,0.01,0.02,2303.43455,1776348188000
1776348189.879,189.879,0.13,0.89,0.12,10.0,0.14,80.57,0.15,15.0,0.86,60.57,0.85,10.0,0.87,5.85,0.88,10.0,0.01,0.01,2303.43455,1776348188000
1776348190.916,190.916,0.12,20.0,0.11,10.0,0.13,276.94,0.14,120.81,0.87,173.8,0.86,160.57,0.88,10.0,0.89,10.0,0.01,0.01,2303.055802,1776348189000
1776348191.124,191.124,0.12,15.0,0.11,10.0,0.13,276.94,0.14,120.81,0.87,276.94,0.86,120.81,0.88,20.0,0.89,10.0,0.01,0.01,2303.055802,1776348189000
1776348191.643,191.643,0.11,5.0,0.1,32.0,0.12,147.0,0.13,332.94,0.87,276.94,0.86,120.81,0.88,15.0,0.89,10.0,0.01,0.01,2303.080538,1776348190000
1776348191.989,191.989,0.11,35.0,0.1,20.0,0.13,161.14,0.14,118.81,0.87,259.94,0.86,128.81,0.88,5.0,0.89,59.0,0.02,0.01,2303.080538,1776348190000
1776348192.958,192.958,0.11,30.0,0.1,125.0,0.12,152.0,0.13,320.14,0.87,161.14,0.86,118.81,0.89,35.0,0.9,20.0,0.01,0.02,2302.887144,1776348191000
1776348193.521,193.521,0.1,34.0,0.09,54.0,0.11,7.0,0.12,133.0,0.88,152.0,0.87,320.14,0.89,30.0,0.9,125.0,0.01,0.01,2302.717917,1776348192000
1776348195.077,195.077,0.1,67.21,0.09,45.0,0.11,91.81,0.12,131.0,0.89,7.0,0.88,133.0,0.9,34.0,0.91,54.0,0.01,0.01,2302.971416,1776348193000
1776348195.328,195.328,0.1,116.21,0.09,45.0,0.11,95.81,0.12,122.0,0.89,91.81,0.88,131.0,0.9,67.21,0.91,45.0,0.01,0.01,2302.971416,1776348193000
1776348196.082,196.082,0.1,40.0,0.09,45.0,0.11,119.81,0.12,110.0,0.89,95.81,0.88,122.0,0.9,116.21,0.91,45.0,0.01,0.01,2302.915427,1776348194000
1776348199.787,199.787,0.1,79.0,0.09,156.0,0.11,69.63,0.12,120.0,0.89,119.81,0.88,110.0,0.9,40.0,0.91,45.0,0.01,0.01,2302.765786,1776348198000
1776348200.043,200.043,0.1,114.93,0.09,200.0,0.11,69.63,0.12,130.0,0.89,69.63,0.88,120.0,0.9,79.0,0.91,156.0,0.01,0.01,2302.765786,1776348198000
1776348200.748,200.748,0.09,95.83,0.08,108.9,0.11,222.99,0.12,130.0,0.89,69.63,0.88,130.0,0.9,114.93,0.91,200.0,0.02,0.01,2302.762942,1776348199000
1776348201.17,201.17,0.09,135.0,0.08,65.0,0.1,157.0,0.11,222.99,0.89,222.99,0.88,130.0,0.91,95.83,0.92,108.9,0.01,0.02,2302.762942,1776348199000
1776348204.245,204.245,0.1,197.0,0.09,32.78,0.12,40.0,0.13,30.0,0.9,157.0,0.89,222.99,0.91,135.0,0.92,65.0,0.02,0.01,2302.827638,1776348202000
1776348207.724,207.724,0.13,20.5,0.12,125.5,0.15,15.0,0.16,15.0,0.88,40.0,0.87,30.0,0.9,197.0,0.91,32.78,0.02,0.02,2303.921977,1776348206000
1776348209.29,209.29,0.16,20.0,0.14,10.0,0.17,70.5,0.18,20.5,0.85,15.0,0.84,15.0,0.87,20.5,0.88,125.5,0.01,0.02,2304.151745,1776348208000
1776348209.726,209.726,0.16,19.76,0.13,130.5,0.17,70.5,0.18,75.71,0.83,70.5,0.82,20.5,0.84,20.0,0.86,10.0,0.01,0.01,2304.151745,1776348208000
1776348210.482,210.482,0.16,139.76,0.15,20.5,0.17,92.0,0.18,99.39,0.83,70.5,0.82,75.71,0.84,19.76,0.87,130.5,0.01,0.01,2304.653302,1776348209000
1776348210.751,210.751,0.17,7.61,0.16,113.8,0.18,109.89,0.19,195.5,0.82,99.39,0.81,195.5,0.84,108.8,0.85,20.5,0.01,0.02,2304.653302,1776348209000
1776348210.98,210.98,0.16,94.52,0.15,10.23,0.17,15.5,0.18,109.89,0.82,109.89,0.81,195.5,0.83,7.61,0.84,113.8,0.01,0.01,2304.653302,1776348209000
1776348211.821,211.821,0.15,10.23,0.14,129.9,0.17,285.62,0.18,25.5,0.83,15.5,0.82,109.89,0.84,93.18,0.85,10.23,0.02,0.01,2304.816118,1776348210000
1776348212.25,212.25,0.15,8.11,0.14,129.9,0.16,191.5,0.17,282.62,0.83,285.62,0.82,25.5,0.85,10.23,0.86,129.9,0.01,0.02,2304.896741,1776348211000
1776348212.854,212.854,0.15,18.11,0.14,39.9,0.17,81.09,0.18,20.5,0.84,191.5,0.83,282.62,0.85,8.11,0.86,129.9,0.02,0.01,2304.896741,1776348211000
1776348213.395,213.395,0.16,21.41,0.15,2.22,0.17,86.09,0.18,20.5,0.83,108.09,0.82,20.5,0.85,2.22,0.86,39.9,0.01,0.02,2304.734332,1776348212000
1776348214.285,214.285,0.16,35.5,0.15,22.72,0.18,10.0,0.19,195.5,0.83,86.09,0.82,20.5,0.84,21.41,0.85,2.22,0.02,0.01,2304.568507,1776348213000
1776348217.174,217.174,0.12,86.0,0.11,70.29,0.14,15.0,0.15,46.3,0.82,10.0,0.81,195.5,0.84,30.38,0.85,22.72,0.02,0.02,2304.945278,1776348215000
1776348217.492,217.492,0.12,105.0,0.11,57.29,0.13,57.61,0.14,103.71,0.86,15.0,0.85,46.3,0.88,86.0,0.89,70.29,0.01,0.02,2305.090495,1776348216000
1776348218.038,218.038,0.12,154.21,0.11,165.5,0.13,77.61,0.14,216.71,0.87,57.61,0.86,103.71,0.88,105.0,0.89,57.29,0.01,0.01,2305.090495,1776348216000
1776348218.372,218.372,0.12,5.0,0.11,20.5,0.13,82.07,0.14,120.0,0.87,85.61,0.86,208.71,0.88,99.0,0.89,65.5,0.01,0.01,2304.793449,1776348217000
1776348218.607,218.607,0.11,2.99,0.1,20.0,0.13,99.07,0.14,120.0,0.87,94.07,0.86,120.0,0.88,110.2,0.89,69.5,0.02,0.01,2304.793449,1776348217000
1776348218.835,218.835,0.11,1.64,0.1,20.0,0.12,28.0,0.13,82.07,0.87,99.07,0.86,120.0,0.89,2.99,0.9,20.0,0.01,0.02,2304.793449,1776348217000
1776348219.653,219.653,0.1,20.0,0.09,15.0,0.11,48.36,0.12,239.0,0.88,28.0,0.87,82.07,0.89,1.64,0.9,20.0,0.01,0.01,2304.624304,1776348218000
1776348219.917,219.917,0.1,15.0,0.09,20.0,0.11,211.36,0.12,236.0,0.89,48.36,0.88,239.0,0.9,20.0,0.91,15.0,0.01,0.01,2304.624304,1776348218000
1776348220.425,220.425,0.1,15.0,0.09,20.0,0.11,310.43,0.12,130.0,0.89,211.36,0.88,236.0,0.9,15.0,0.91,20.0,0.01,0.01,2304.126497,1776348219000
1776348223.421,223.421,0.1,10.0,0.09,15.0,0.12,25.0,0.13,10.0,0.89,310.43,0.88,130.0,0.9,15.0,0.91,20.0,0.02,0.01,2303.510788,1776348222000
1776348223.901,223.901,0.11,10.0,0.1,10.0,0.12,14.0,0.13,10.0,0.88,25.0,0.87,10.0,0.9,10.0,0.91,15.0,0.01,0.02,2303.510788,1776348222000
1776348224.466,224.466,0.09,159.0,0.08,183.9,0.12,25.0,0.13,10.0,0.89,64.0,0.88,20.0,0.91,15.0,0.92,183.9,0.03,0.02,2303.495659,1776348223000
1776348225.067,225.067,0.1,10.0,0.09,64.0,0.12,39.0,0.13,15.0,0.88,25.0,0.87,10.0,0.91,159.0,0.92,183.9,0.02,0.03,2304.115865,1776348224000
1776348225.958,225.958,0.1,60.0,0.09,26.0,0.14,10.0,0.15,20.5,0.88,39.0,0.87,15.0,0.9,10.0,0.91,64.0,0.04,0.02,2304.115865,1776348224000
1776348226.19,226.19,0.11,5.0,0.1,60.0,0.14,10.0,0.15,20.5,0.86,10.0,0.85,20.5,0.9,60.0,0.91,26.0,0.03,0.04,2304.115865,1776348224000
1776348227.491,227.491,0.1,6.74,0.09,15.0,0.12,296.62,0.13,30.0,0.88,5.0,0.87,10.0,0.89,1.74,0.9,60.0,0.02,0.01,2303.892397,1776348226000
1776348227.741,227.741,0.09,15.0,0.08,257.8,0.11,18.0,0.12,188.62,0.88,296.62,0.87,30.0,0.9,6.74,0.91,15.0,0.02,0.02,2303.892397,1776348226000
1776348228.51,228.51,0.09,20.0,0.08,257.8,0.1,29.0,0.11,110.0,0.89,18.0,0.88,188.62,0.91,15.0,0.92,257.8,0.01,0.02,2303.909939,1776348227000
1776348229.183,229.183,0.1,3.94,0.09,10.97,0.11,20.0,0.12,258.62,0.9,5.0,0.89,15.0,0.91,20.97,0.92,295.8,0.01,0.01,2303.909939,1776348227000
1776348229.399,229.399,0.09,10.97,0.08,295.8,0.11,159.85,0.12,110.0,0.89,20.0,0.88,258.62,0.9,3.94,0.91,10.97,0.02,0.01,2303.802911,1776348228000
1776348229.761,229.761,0.1,29.0,0.09,37.97,0.11,2.0,0.12,19.0,0.89,159.85,0.88,110.0,0.91,10.97,0.92,295.8,0.01,0.02,2303.802911,1776348228000
1776348230.483,230.483,0.09,6.97,0.08,257.8,0.11,170.0,0.12,149.34,0.89,2.0,0.88,19.0,0.9,29.0,0.91,37.97,0.02,0.01,2303.802911,1776348228000
1776348231.673,231.673,0.09,32.18,0.08,361.8,0.1,12.0,0.11,2.0,0.89,170.0,0.88,149.34,0.91,6.97,0.92,257.8,0.01,0.02,2303.662989,1776348230000
1776348232.057,232.057,0.09,176.59,0.08,440.22,0.1,133.0,0.11,107.0,0.9,12.0,0.89,2.0,0.91,32.18,0.92,361.8,0.01,0.01,2303.662989,1776348230000
1776348232.39,232.39,0.09,236.65,0.08,297.01,0.1,133.0,0.11,117.0,0.9,133.0,0.89,107.0,0.91,176.59,0.92,440.22,0.01,0.01,2303.662989,1776348230000
1776348232.771,232.771,0.09,12.81,0.08,257.8,0.1,10.0,0.11,107.0,0.9,133.0,0.89,117.0,0.91,236.65,0.92,297.01,0.01,0.01,2303.698584,1776348231000
1776348233.005,233.005,0.09,12.81,0.08,269.01,0.1,100.0,0.11,117.0,0.9,10.0,0.89,107.0,0.91,12.81,0.92,257.8,0.01,0.01,2303.698584,1776348231000
1776348233.564,233.564,0.09,7.81,0.08,257.8,0.1,306.84,0.11,107.0,0.9,100.0,0.89,117.0,0.91,12.81,0.92,269.01,0.01,0.01,2303.515884,1776348232000
1776348236.366,236.366,0.09,12.81,0.08,158.9,0.1,125.57,0.11,237.14,0.9,306.84,0.89,107.0,0.91,7.81,0.92,257.8,0.01,0.01,2303.479232,1776348234000
1776348236.657,236.657,0.09,7.75,0.08,163.9,0.1,101.0,0.11,230.75,0.9,125.57,0.89,237.14,0.91,12.81,0.92,158.9,0.01,0.01,2303.453734,1776348235000
1776348237.766,237.766,0.09,7.69,0.08,163.9,0.1,225.57,0.11,262.6,0.9,101.0,0.89,230.75,0.91,7.75,0.92,163.9,0.01,0.01,2303.462681,1776348236000
1776348239.14,239.14,0.08,91.73,0.07,20.66,0.09,220.0,0.1,256.6,0.9,225.57,0.89,262.6,0.91,7.69,0.92,163.9,0.01,0.01,2303.485472,1776348238000
1776348240.317,240.317,0.08,2.83,0.07,20.66,0.09,280.6,0.1,30.39,0.91,220.0,0.9,256.6,0.92,91.73,0.93,20.66,0.01,0.01,2303.537681,1776348239000
1776348240.727,240.727,0.07,35.28,0.06,306.0,0.08,385.43,0.09,15.0,0.92,98.26,0.91,137.0,0.93,20.66,0.94,356.0,0.01,0.01,2303.537681,1776348239000
1776348241.42,241.42,0.07,22.37,0.06,353.0,0.08,98.26,0.09,16.0,0.92,385.43,0.91,15.0,0.93,24.58,0.94,306.0,0.01,0.01,2303.49286,1776348240000
1776348241.689,241.689,0.06,349.96,0.05,789.24,0.08,209.85,0.09,26.0,0.92,48.26,0.91,26.0,0.94,353.0,0.95,789.24,0.02,0.02,2303.49286,1776348240000
1776348242.184,242.184,0.07,9.63,0.06,344.64,0.08,214.85,0.09,123.31,0.92,209.85,0.91,26.0,0.94,349.64,0.95,789.24,0.01,0.02,2303.47851,1776348241000
1776348242.436,242.436,0.06,343.75,0.05,789.24,0.08,54.25,0.09,26.0,0.92,59.25,0.91,26.0,0.94,344.07,0.95,789.24,0.02,0.02,2303.47851,1776348241000
1776348243.2,243.2,0.06,341.43,0.05,789.24,0.07,84.91,0.08,84.64,0.93,79.78,0.92,54.25,0.94,342.43,0.95,789.24,0.01,0.01,2303.47851,1776348241000
1776348243.654,243.654,0.06,85.11,0.05,946.24,0.07,223.53,0.08,120.64,0.93,84.91,0.92,84.64,0.94,341.43,0.95,789.24,0.01,0.01,2303.569541,1776348242000
1776348244.222,244.222,0.05,943.63,0.04,430.0,0.07,374.52,0.08,120.64,0.93,403.52,0.92,120.64,0.94,55.62,0.95,946.24,0.02,0.01,2303.569541,1776348242000
1776348244.438,244.438,0.06,8.82,0.05,938.1,0.07,89.53,0.08,120.64,0.93,358.52,0.92,120.64,0.95,933.1,0.96,430.0,0.01,0.02,2303.569541,1776348242000
1776348245.448,245.448,0.05,774.31,0.04,484.0,0.06,84.59,0.07,305.49,0.93,89.53,0.92,120.64,0.95,936.31,0.96,430.0,0.01,0.02,2303.584254,1776348244000
1776348245.672,245.672,0.05,708.23,0.04,330.0,0.06,527.9,0.07,225.44,0.94,534.9,0.93,145.52,0.95,766.23,0.96,484.0,0.01,0.01,2303.584254,1776348244000
1776348246.157,246.157,0.05,225.05,0.04,335.0,0.06,649.9,0.07,261.75,0.94,579.9,0.93,225.44,0.95,601.91,0.96,335.0,0.01,0.01,2303.584254,1776348244000
1776348246.556,246.556,0.04,329.25,0.03,729.0,0.06,698.7,0.07,112.3,0.94,649.9,0.93,261.75,0.95,225.05,0.96,335.0,0.02,0.01,2303.584254,1776348244000
1776348246.96,246.96,0.04,207.75,0.03,734.0,0.05,481.99,0.06,296.71,0.95,491.56,0.94,296.71,0.96,323.25,0.97,734.0,0.01,0.01,2303.4632,1776348245000
1776348247.32,247.32,0.04,4.65,0.03,734.0,0.05,417.79,0.06,270.71,0.95,557.79,0.94,296.71,0.96,180.7,0.97,734.0,0.01,0.01,2303.437706,1776348246000
1776348247.531,247.531,0.03,643.77,0.02,1345.0,0.04,25.4,0.05,215.8,0.96,6.4,0.95,225.8,0.97,726.77,0.98,1345.0,0.01,0.01,2303.437706,1776348246000
1776348247.739,247.739,0.03,434.84,0.02,1089.0,0.04,481.84,0.05,243.8,0.96,481.09,0.95,263.8,0.97,434.84,0.98,1089.0,0.01,0.01,2303.437706,1776348246000
1776348247.956,247.956,0.03,359.4,0.02,1094.0,0.04,587.84,0.05,200.8,0.96,587.84,0.95,190.8,0.97,377.78,0.98,1089.0,0.01,0.01,2303.437706,1776348246000
1776348248.314,248.314,0.03,14.34,0.02,949.0,0.04,582.84,0.05,200.8,0.96,587.84,0.95,200.8,0.97,359.4,0.98,1094.0,0.01,0.01,2303.437706,1776348246000
1776348248.559,248.559,0.02,908.5,0.01,1842.03,0.04,577.84,0.05,200.8,0.96,577.84,0.95,200.8,0.98,949.0,0.99,1842.03,0.02,0.02,2302.744566,1776348247000
1776348248.857,248.857,0.02,648.39,0.01,1842.03,0.03,526.96,0.04,283.85,0.96,577.84,0.95,200.8,0.98,908.5,0.99,1842.03,0.01,0.02,2302.744566,1776348247000
1776348249.096,249.096,0.02,546.36,0.01,1842.03,0.03,522.69,0.04,283.85,0.97,522.69,0.96,283.85,0.98,647.36,0.99,1842.03,0.01,0.01,2302.368046,1776348248000
1776348249.336,249.336,0.02,225.91,0.01,1842.03,0.03,486.69,0.04,283.85,0.97,440.69,0.96,283.85,0.98,505.91,0.99,1842.03,0.01,0.01,2302.368046,1776348248000
1776348249.545,249.545,0.02,3.97,0.01,2016.03,0.03,486.79,0.04,252.85,0.97,486.79,0.96,283.85,0.98,108.55,0.99,1842.03,0.01,0.01,2302.368046,1776348248000
1776348249.763,249.763,0.01,1437.3,,,0.02,309.7,0.03,486.79,0.98,126.0,0.97,486.79,0.99,1960.59,,,0.01,0.01,2302.368046,1776348248000
1776348249.97,249.97,0.01,1378.21,,,0.02,520.76,0.03,285.16,0.98,520.76,0.97,285.16,0.99,1435.21,,,0.01,0.01,2302.368046,1776348248000
1776348250.393,250.393,0.01,1578.17,,,0.02,337.06,0.03,290.16,0.98,520.76,0.97,285.16,0.99,1324.19,,,0.01,0.01,2302.368046,1776348248000
1776348250.682,250.682,0.01,1172.09,,,0.02,601.12,0.03,290.16,0.98,411.06,0.97,290.16,0.99,1573.11,,,0.01,0.01,2302.368046,1776348248000
1776348250.89,250.89,0.01,1155.88,,,0.02,547.12,0.03,285.16,0.98,537.12,0.97,290.16,0.99,1167.09,,,0.01,0.01,2301.536687,1776348249000
1776348251.195,251.195,0.01,1136.08,,,0.02,552.12,0.03,295.52,0.98,547.12,0.97,285.16,0.99,1155.88,,,0.01,0.01,2301.536687,1776348249000
1776348251.478,251.478,0.01,1137.04,,,0.02,152.0,0.03,341.69,0.98,340.7,0.97,471.05,0.99,1134.06,,,0.01,0.01,2301.536687,1776348249000
1776348251.859,251.859,0.01,1088.6,,,0.02,192.0,0.03,386.05,0.98,152.0,0.97,404.05,0.99,1090.62,,,0.01,0.01,2301.463342,1776348250000
1776348252.091,252.091,0.01,1294.63,,,0.02,192.0,0.03,350.05,0.98,192.0,0.97,350.05,0.99,1302.71,,,0.01,0.01,2301.463342,1776348250000
1776348252.556,252.556,0.01,900.8,,,0.02,202.0,0.03,350.05,0.98,192.0,0.97,350.05,0.99,1271.4,,,0.01,0.01,2301.369584,1776348251000
1776348252.775,252.775,0.01,881.6,,,0.02,207.0,0.03,410.05,0.98,202.0,0.97,350.05,0.99,888.62,,,0.01,0.01,2301.369584,1776348251000
1776348253.32,253.32,,,,,0.01,149.65,0.02,60.19,0.98,484.7,0.97,225.42,,,,,,,2301.369584,1776348251000
1776348253.714,253.714,,,,,0.01,143.14,0.02,238.89,0.99,144.34,0.98,238.89,,,,,,,2301.369584,1776348251000
1776348254.642,254.642,,,,,0.01,188.39,0.02,55.19,0.99,143.14,0.98,238.89,,,,,,,2301.837716,1776348252000
1776348254.902,254.902,,,,,0.01,146.39,0.02,55.19,0.99,166.39,0.98,55.19,,,,,,,2301.837716,1776348252000
1776348255.233,255.233,,,,,0.01,207.08,0.02,55.19,0.99,146.39,0.98,55.19,,,,,,,2301.776045,1776348253000
1776348255.906,255.906,,,,,0.01,227.88,0.02,55.19,0.99,207.08,0.98,55.19,,,,,,,2301.801762,1776348254000
1776348256.261,256.261,,,,,0.01,0.88,0.02,55.19,0.99,227.88,0.98,55.19,,,,,,,2301.801762,1776348254000
1776348256.508,256.508,0.01,15.0,,,0.02,40.19,0.03,156.06,0.98,55.19,0.97,190.42,,,,,0.01,,2301.801762,1776348254000
1776348256.853,256.853,0.01,18.98,,,0.02,80.19,0.03,32.36,0.98,40.19,0.97,156.06,0.99,15.0,,,0.01,0.01,2301.951325,1776348255000
1776348257.093,257.093,,,,,0.01,391.7,0.02,85.32,0.99,401.7,0.98,85.32,,,,,,,2301.951325,1776348255000
1776348257.365,257.365,,,,,0.01,298.7,0.02,45.32,0.99,381.7,0.98,85.32,,,,,,,2301.951325,1776348255000
1776348257.594,257.594,,,,,0.02,45.32,0.03,32.36,0.99,166.7,0.98,45.32,,,,,,,2301.951325,1776348256000
1776348257.982,257.982,0.01,7.98,,,0.02,50.41,0.03,32.36,0.98,45.32,0.97,32.36,,,,,0.01,,2301.951325,1776348256000
1776348258.722,258.722,0.01,423.77,,,0.02,50.41,0.03,32.36,0.98,50.41,0.97,32.36,0.99,37.19,,,0.01,0.01,2301.951325,1776348256000
1776348258.964,258.964,0.01,356.49,,,0.02,40.41,0.03,32.36,0.98,40.41,0.97,32.36,0.99,365.56,,,0.01,0.01,2301.951325,1776348256000
1776348259.497,259.497,0.01,353.81,,,0.03,203.87,0.04,250.46,0.98,75.32,0.97,32.36,0.99,353.81,,,0.02,0.01,2302.41452,1776348257000
1776348260.715,260.715,0.01,346.81,,,0.03,19.24,0.04,285.03,0.97,203.87,0.96,250.46,0.99,353.81,,,0.02,0.02,2302.708737,1776348259000
1776348260.95,260.95,0.01,294.81,,,0.03,220.87,0.04,173.76,0.97,24.24,0.96,173.76,0.99,319.81,,,0.02,0.02,2302.708737,1776348259000
1776348261.424,261.424,0.02,3.97,0.01,10.0,0.03,173.39,0.04,243.46,0.97,220.87,0.96,173.76,0.99,294.81,,,0.01,0.02,2302.708737,1776348259000
1776348262.057,262.057,,,,,0.02,488.33,0.03,269.94,0.97,333.94,0.96,189.1,0.99,8.87,,,,0.02,2302.883043,1776348260000
1776348262.473,262.473,0.01,16.0,,,0.02,471.33,0.03,269.94,0.98,488.33,0.97,269.94,,,,,0.01,,2302.937264,1776348261000
1776348263.822,263.822,,,,,0.01,2497.0,0.02,601.33,0.98,471.33,0.97,269.94,0.99,16.0,,,,0.01,2302.875197,1776348262000
1776348265.69,265.69,,,,,0.01,2945.7,0.02,618.68,0.99,2497.0,0.98,601.33,,,,,,,2301.855284,1776348264000
1776348266.783,266.783,,,,,0.01,3146.7,0.02,508.68,0.99,2945.7,0.98,618.68,,,,,,,2301.617049,1776348265000
1776348268.609,268.609,,,,,0.01,3155.79,0.02,518.68,0.99,3146.7,0.98,508.68,,,,,,,2301.683089,1776348267000
1776348269.122,269.122,,,,,0.01,19189.83,0.02,528.68,0.99,3155.79,0.98,518.68,,,,,,,2301.683089,1776348267000
1776348269.989,269.989,,,,,0.01,19172.58,0.02,518.68,0.99,19189.83,0.98,528.68,,,,,,,2301.756925,1776348268000
1776348274.951,274.951,,,,,0.01,19470.88,0.02,518.68,0.99,19172.58,0.98,518.68,,,,,,,2301.699426,1776348273000
1776348281.628,281.628,,,,,0.01,19012.8,0.02,334.98,0.99,19470.88,0.98,518.68,,,,,,,2302.460951,1776348280000
1776348292.445,292.445,,,,,0.01,18985.17,0.02,324.98,0.99,19012.8,0.98,334.98,,,,,,,2302.416473,1776348291000
1776348298.537,298.537,,,,,0.01,24624.5,0.02,324.98,0.99,18985.17,0.98,324.98,,,,,,,2303.231122,1776348297000

# RESULT,winner=Down,slug=eth-updown-5m-1776348000,ticks=419
