timestamp,elapsed_sec,up_bid_p1,up_bid_s1,up_bid_p2,up_bid_s2,up_ask_p1,up_ask_s1,up_ask_p2,up_ask_s2,down_bid_p1,down_bid_s1,down_bid_p2,down_bid_s2,down_ask_p1,down_ask_s1,down_ask_p2,down_ask_s2,up_spread,down_spread,eth_price,eth_oracle_ts
1776313800.711,0.711,0.4,44.0,0.39,34.0,0.52,7.9,0.55,8.88,0.48,20.0,0.45,8.88,0.6,38.0,0.61,34.0,0.12,0.12,2359.006757,1776313799000
1776313800.955,0.955,0.4,44.0,0.39,34.0,0.52,7.9,0.55,8.88,0.48,7.9,0.45,8.88,0.6,44.0,0.61,34.0,0.12,0.12,2358.99686,1776313800000
1776313801.932,1.932,0.4,44.0,0.39,34.0,0.52,7.9,0.55,8.88,0.48,7.9,0.45,8.88,0.6,44.0,0.61,34.0,0.12,0.12,2359.00386,1776313801000
1776313802.894,2.894,0.4,44.0,0.39,34.0,0.52,7.9,0.55,8.88,0.48,7.9,0.45,8.88,0.6,44.0,0.61,34.0,0.12,0.12,2358.969125,1776313802000
1776313803.857,3.857,0.4,44.0,0.39,34.0,0.52,7.9,0.55,8.88,0.48,7.9,0.45,8.88,0.6,44.0,0.61,34.0,0.12,0.12,2358.982691,1776313803000
1776313804.149,4.149,0.48,15.0,0.47,32.0,0.5,15.0,0.51,34.0,0.48,7.9,0.45,8.88,0.6,44.0,0.61,34.0,0.02,0.12,2358.982691,1776313803000
1776313804.856,4.856,0.48,16.38,0.47,32.0,0.5,11.24,0.51,34.0,0.5,11.24,0.49,34.0,0.52,15.0,0.53,32.0,0.02,0.02,2358.982691,1776313803000
1776313805.088,5.088,0.48,16.38,0.47,32.0,0.5,1.24,0.51,34.0,0.5,11.24,0.49,34.0,0.52,16.38,0.53,32.0,0.02,0.02,2358.982691,1776313803000
1776313805.31,5.31,0.48,16.38,0.47,32.0,0.5,1.24,0.51,34.0,0.5,1.24,0.49,34.0,0.52,16.38,0.53,32.0,0.02,0.02,2358.961031,1776313804000
1776313806.266,6.266,0.48,16.38,0.47,32.0,0.5,1.24,0.51,34.0,0.5,1.24,0.49,34.0,0.52,16.38,0.53,32.0,0.02,0.02,2358.958916,1776313805000
1776313806.558,6.558,0.49,5.0,0.48,16.38,0.5,3.24,0.51,34.0,0.5,1.24,0.49,34.0,0.52,16.38,0.53,32.0,0.01,0.02,2358.958916,1776313805000
1776313806.937,6.937,0.51,30.0,0.5,31.24,0.52,2.9,0.53,12.0,0.5,3.24,0.49,34.0,0.51,5.0,0.52,16.38,0.01,0.01,2358.958916,1776313805000
1776313807.279,7.279,0.52,18.43,0.51,25.0,0.54,13.0,0.55,31.88,0.46,13.0,0.45,31.88,0.48,18.43,0.49,25.0,0.02,0.02,2358.956711,1776313806000
1776313808.08,8.08,0.43,20.87,0.42,75.0,0.5,34.0,0.51,97.0,0.46,13.0,0.45,31.88,0.48,18.43,0.49,25.0,0.07,0.02,2358.956711,1776313806000
1776313808.318,8.318,0.43,20.87,0.42,75.0,0.5,34.0,0.51,97.0,0.5,34.0,0.49,97.0,0.57,20.87,0.58,75.0,0.07,0.07,2358.963592,1776313807000
1776313810.09,10.09,0.44,10.0,0.43,44.87,0.46,5.0,0.47,15.0,0.54,5.0,0.53,15.0,0.56,10.0,0.57,44.87,0.02,0.02,2359.060762,1776313808000
1776313810.318,10.318,0.46,90.2,0.45,31.0,0.47,24.87,0.48,31.0,0.54,5.0,0.53,15.0,0.56,10.0,0.57,44.87,0.01,0.02,2359.060762,1776313808000
1776313810.792,10.792,0.46,90.2,0.45,31.0,0.47,24.87,0.48,31.0,0.53,24.87,0.52,31.0,0.54,90.2,0.55,31.0,0.01,0.01,2358.86574,1776313809000
1776313813.149,13.149,0.46,15.0,0.45,89.0,0.47,23.85,0.48,94.0,0.53,24.87,0.52,31.0,0.54,90.2,0.55,31.0,0.01,0.01,2358.856057,1776313811000
1776313814.012,14.012,0.46,10.0,0.45,89.0,0.47,18.36,0.48,94.0,0.53,23.85,0.52,94.0,0.54,15.0,0.55,89.0,0.01,0.01,2358.866735,1776313812000
1776313817.207,17.207,0.41,15.52,0.4,69.0,0.43,15.0,0.44,90.0,0.53,18.36,0.52,94.0,0.54,10.0,0.55,89.0,0.02,0.01,2358.859028,1776313816000
1776313817.614,17.614,0.38,21.8,0.37,28.0,0.39,20.0,0.4,20.0,0.58,25.0,0.57,130.0,0.59,12.52,0.6,82.0,0.01,0.01,2358.859028,1776313816000
1776313817.894,17.894,0.38,23.6,0.37,28.0,0.39,10.0,0.4,20.0,0.61,20.0,0.6,20.0,0.62,18.6,0.63,28.0,0.01,0.01,2358.859028,1776313816000
1776313818.265,18.265,0.39,19.91,0.38,97.46,0.4,5.0,0.41,20.0,0.6,10.0,0.59,20.0,0.62,34.46,0.63,28.0,0.01,0.02,2358.859028,1776313816000
1776313818.504,18.504,0.39,19.91,0.38,97.46,0.41,12.68,0.42,73.0,0.6,5.0,0.59,20.0,0.61,19.91,0.62,97.46,0.02,0.01,2358.871327,1776313817000
1776313818.989,18.989,0.4,3.33,0.39,10.0,0.41,22.68,0.42,73.0,0.59,12.68,0.58,73.0,0.61,19.91,0.62,97.46,0.01,0.02,2358.871327,1776313817000
1776313819.798,19.798,0.37,1.96,0.35,80.86,0.38,25.0,0.39,31.0,0.59,22.68,0.58,73.0,0.6,3.33,0.61,10.0,0.01,0.01,2358.710648,1776313818000
1776313821.556,21.556,0.35,94.0,0.34,19.0,0.36,12.86,0.37,78.0,0.64,10.0,0.63,10.0,0.65,75.86,0.66,5.0,0.01,0.01,2358.587341,1776313820000
1776313827.223,27.223,0.34,17.0,0.33,10.86,0.35,52.0,0.36,79.52,0.64,4.52,0.63,78.0,0.65,94.0,0.66,19.0,0.01,0.01,2358.424083,1776313826000
1776313828.446,28.446,0.32,32.76,0.31,70.0,0.34,87.23,0.35,135.0,0.66,15.0,0.65,135.0,0.67,5.76,0.68,27.0,0.02,0.01,2358.403854,1776313827000
1776313829.216,29.216,0.32,10.52,0.31,70.0,0.33,9.06,0.34,96.0,0.67,10.0,0.66,92.23,0.68,31.28,0.69,70.0,0.01,0.01,2358.403854,1776313827000
1776313829.44,29.44,0.32,10.52,0.31,70.0,0.34,96.0,0.35,105.0,0.67,9.06,0.66,96.0,0.68,10.52,0.69,70.0,0.02,0.01,2358.183556,1776313828000
1776313830.191,30.191,0.32,10.5,0.31,138.86,0.33,50.0,0.34,91.0,0.66,96.0,0.65,105.0,0.68,10.52,0.69,70.0,0.01,0.02,2358.183556,1776313828000
1776313831.231,31.231,0.32,5.5,0.31,119.0,0.34,21.88,0.35,163.0,0.67,55.0,0.66,91.0,0.68,5.5,0.69,138.86,0.02,0.01,2358.082593,1776313830000
1776313833.458,33.458,0.32,5.5,0.31,16.0,0.33,112.33,0.34,42.38,0.66,16.38,0.65,163.0,0.68,5.5,0.69,119.0,0.01,0.02,2358.111374,1776313832000
1776313834.006,34.006,0.32,37.5,0.31,26.0,0.33,40.9,0.34,18.0,0.67,112.33,0.66,42.38,0.68,5.5,0.69,16.0,0.01,0.01,2358.111374,1776313832000
1776313835.457,35.457,0.23,10.0,0.21,36.0,0.27,131.0,0.28,40.0,0.66,18.0,0.65,20.0,0.68,84.02,0.69,21.0,0.04,0.02,2358.008931,1776313834000
1776313835.769,35.769,0.16,94.0,0.15,32.63,0.17,97.2,0.18,85.0,0.83,127.2,0.82,85.0,0.84,78.0,0.85,32.63,0.01,0.01,2358.008931,1776313834000
1776313836.068,36.068,0.16,44.84,0.15,32.63,0.17,132.2,0.18,85.0,0.83,122.2,0.82,85.0,0.84,34.84,0.85,32.63,0.01,0.01,2358.008931,1776313834000
1776313836.361,36.361,0.16,111.84,0.15,132.63,0.17,86.73,0.18,15.0,0.83,137.2,0.82,85.0,0.84,11.84,0.85,32.63,0.01,0.01,2358.127337,1776313835000
1776313836.603,36.603,0.16,97.31,0.15,132.63,0.17,128.73,0.18,33.0,0.83,86.73,0.82,15.0,0.84,111.84,0.85,132.63,0.01,0.01,2358.127337,1776313835000
1776313837.022,37.022,0.15,7.97,0.14,47.0,0.16,70.47,0.17,637.94,0.84,47.53,0.83,128.73,0.85,45.63,0.86,41.0,0.01,0.01,2358.127337,1776313835000
1776313837.451,37.451,0.14,76.0,0.13,191.8,0.15,31.0,0.16,31.0,0.84,86.47,0.83,186.6,0.85,2.97,0.86,47.0,0.01,0.01,2357.615327,1776313836000
1776313837.752,37.752,0.14,67.51,0.13,184.8,0.15,24.33,0.16,59.52,0.85,24.33,0.84,36.0,0.86,71.0,0.87,191.8,0.01,0.01,2357.615327,1776313836000
1776313839.518,39.518,0.14,56.69,0.13,184.8,0.15,29.33,0.16,160.33,0.85,24.33,0.84,59.52,0.86,67.51,0.87,184.8,0.01,0.01,2356.493656,1776313838000
1776313839.858,39.858,0.14,64.69,0.13,184.8,0.15,26.0,0.16,155.33,0.85,29.33,0.84,160.33,0.86,54.69,0.87,184.8,0.01,0.01,2356.493656,1776313838000
1776313840.111,40.111,0.14,155.69,0.13,133.8,0.15,16.0,0.16,155.33,0.85,26.0,0.84,155.33,0.86,64.69,0.87,184.8,0.01,0.01,2356.493656,1776313838000
1776313840.584,40.584,0.15,126.37,0.14,130.59,0.16,156.33,0.17,118.2,0.84,146.33,0.83,123.2,0.86,150.69,0.87,133.8,0.01,0.02,2356.410474,1776313839000
1776313841.453,41.453,0.15,106.37,0.14,130.59,0.16,25.0,0.17,74.73,0.84,156.33,0.83,118.2,0.85,126.37,0.86,130.59,0.01,0.01,2356.410474,1776313839000
1776313841.916,41.916,0.15,86.38,0.14,130.59,0.16,35.0,0.17,79.73,0.84,25.0,0.83,74.73,0.85,106.37,0.86,130.59,0.01,0.01,2356.410474,1776313839000
1776313842.295,42.295,0.15,144.38,0.14,72.59,0.16,21.98,0.17,79.73,0.84,35.0,0.83,79.73,0.85,86.38,0.86,130.59,0.01,0.01,2356.410474,1776313839000
1776313842.638,42.638,0.15,164.38,0.14,172.59,0.16,6.35,0.17,79.73,0.84,21.98,0.83,79.73,0.85,144.38,0.86,72.59,0.01,0.01,2356.674216,1776313841000
1776313843.835,43.835,0.16,208.45,0.15,130.38,0.17,21.91,0.18,127.78,0.83,15.0,0.82,10.0,0.84,151.38,0.85,193.38,0.01,0.01,2356.722299,1776313842000
1776313844.172,44.172,0.16,213.45,0.15,130.38,0.17,16.91,0.18,132.78,0.83,21.91,0.82,127.78,0.84,208.45,0.85,130.38,0.01,0.01,2356.722424,1776313843000
1776313845.317,45.317,0.16,169.45,0.15,188.38,0.17,16.91,0.18,143.78,0.83,16.91,0.82,132.78,0.84,213.45,0.85,130.38,0.01,0.01,2356.873805,1776313844000
1776313845.735,45.735,0.16,163.45,0.15,188.38,0.17,5.91,0.18,143.78,0.83,16.91,0.82,143.78,0.84,163.45,0.85,188.38,0.01,0.01,2356.873805,1776313844000
1776313846.037,46.037,0.16,162.15,0.15,188.38,0.17,15.91,0.18,143.78,0.83,5.91,0.82,143.78,0.84,163.45,0.85,188.38,0.01,0.01,2356.873805,1776313844000
1776313846.582,46.582,0.16,281.35,0.15,162.38,0.17,5.91,0.18,10.0,0.83,15.91,0.82,137.78,0.84,138.35,0.85,188.38,0.01,0.01,2356.876305,1776313845000
1776313846.785,46.785,0.16,257.35,0.15,216.58,0.18,10.0,0.19,10.0,0.83,5.91,0.82,10.0,0.84,281.35,0.85,162.38,0.02,0.01,2356.876305,1776313845000
1776313847.322,47.322,0.17,138.0,0.16,229.76,0.18,10.07,0.19,10.0,0.81,10.0,0.8,10.0,0.83,10.0,0.84,262.35,0.01,0.02,2356.876305,1776313845000
1776313848.352,48.352,0.17,98.34,0.16,250.8,0.18,10.07,0.19,20.0,0.82,10.07,0.81,10.0,0.83,138.0,0.84,229.76,0.01,0.01,2356.896816,1776313846000
1776313853.236,53.236,0.17,104.39,0.16,299.8,0.18,33.96,0.19,88.0,0.82,10.07,0.81,20.0,0.83,98.34,0.84,250.8,0.01,0.01,2357.060731,1776313851000
1776313853.601,53.601,0.17,135.39,0.16,309.8,0.18,25.96,0.19,30.0,0.82,33.96,0.81,88.0,0.83,104.39,0.84,299.8,0.01,0.01,2357.014645,1776313852000
1776313857.55,57.55,0.17,91.39,0.16,301.8,0.18,30.68,0.19,98.0,0.82,25.96,0.81,30.0,0.83,135.39,0.84,309.8,0.01,0.01,2357.11895,1776313856000
1776313859.459,59.459,0.17,55.39,0.16,251.8,0.19,32.63,0.2,30.0,0.82,30.68,0.81,98.0,0.83,91.39,0.84,301.8,0.02,0.01,2357.125497,1776313858000
1776313861.374,61.374,0.16,165.0,0.15,123.2,0.18,174.73,0.19,59.63,0.81,32.63,0.8,30.0,0.83,55.39,0.84,251.8,0.02,0.02,2357.171806,1776313860000
1776313862.152,62.152,0.16,128.37,0.15,128.2,0.17,96.0,0.18,134.88,0.83,40.0,0.82,137.89,0.84,133.37,0.85,128.2,0.01,0.01,2357.171806,1776313860000
1776313862.534,62.534,0.16,128.37,0.15,128.2,0.17,185.43,0.18,70.15,0.83,96.0,0.82,134.88,0.84,128.37,0.85,128.2,0.01,0.01,2357.140314,1776313861000
1776313862.985,62.985,0.16,118.37,0.15,128.2,0.17,242.54,0.18,75.15,0.83,179.54,0.82,70.15,0.84,123.37,0.85,128.2,0.01,0.01,2357.140314,1776313861000
1776313863.344,63.344,0.16,115.37,0.15,100.0,0.17,268.54,0.18,75.15,0.83,242.54,0.82,75.15,0.84,118.37,0.85,128.2,0.01,0.01,2357.140314,1776313861000
1776313863.783,63.783,0.16,65.0,0.15,5.0,0.17,273.54,0.18,122.54,0.83,268.54,0.82,99.54,0.84,78.41,0.85,100.0,0.01,0.01,2356.903341,1776313862000
1776313864.029,64.029,0.16,60.0,0.15,5.0,0.17,273.54,0.18,122.54,0.83,273.54,0.82,122.54,0.84,65.0,0.85,5.0,0.01,0.01,2356.888859,1776313863000
1776313864.601,64.601,0.16,55.0,0.15,5.0,0.17,345.54,0.18,122.54,0.83,273.54,0.82,122.54,0.84,60.0,0.85,5.0,0.01,0.01,2356.888859,1776313863000
1776313865.379,65.379,0.16,46.0,0.15,5.0,0.17,350.54,0.18,122.54,0.83,345.54,0.82,122.54,0.84,55.0,0.85,5.0,0.01,0.01,2356.825611,1776313864000
1776313866.291,66.291,0.16,36.0,0.15,5.0,0.17,350.54,0.18,103.02,0.83,350.54,0.82,115.54,0.84,41.0,0.85,5.0,0.01,0.01,2356.798051,1776313865000
1776313866.857,66.857,0.16,33.97,0.15,5.0,0.17,375.84,0.18,108.54,0.83,350.54,0.82,103.02,0.84,36.0,0.85,5.0,0.01,0.01,2356.798051,1776313865000
1776313868.045,68.045,0.16,28.97,0.15,5.0,0.17,778.73,0.18,167.98,0.83,375.84,0.82,108.54,0.84,33.97,0.85,5.0,0.01,0.01,2356.771067,1776313867000
1776313868.857,68.857,0.16,23.97,0.15,5.0,0.17,686.24,0.18,275.49,0.83,778.73,0.82,167.98,0.84,28.97,0.85,5.0,0.01,0.01,2356.771067,1776313867000
1776313869.659,69.659,0.16,18.97,0.15,5.0,0.17,725.8,0.18,126.53,0.83,686.24,0.82,275.49,0.84,23.97,0.85,5.0,0.01,0.01,2356.781705,1776313868000
1776313870.463,70.463,0.16,13.97,0.15,5.0,0.17,722.48,0.18,185.97,0.83,725.8,0.82,126.53,0.84,18.97,0.85,5.0,0.01,0.01,2356.758585,1776313869000
1776313871.173,71.173,0.13,31.83,0.12,79.09,0.14,177.0,0.15,78.0,0.83,722.48,0.82,185.97,0.84,13.97,0.85,5.0,0.01,0.01,2356.750901,1776313870000
1776313872.162,72.162,0.13,21.83,0.12,79.09,0.14,142.0,0.15,126.47,0.86,603.94,0.85,190.7,0.87,26.83,0.88,79.09,0.01,0.01,2356.750241,1776313871000
1776313872.982,72.982,0.13,16.83,0.12,15.09,0.14,693.87,0.15,128.22,0.86,142.0,0.85,126.47,0.87,21.83,0.88,79.09,0.01,0.01,2356.750241,1776313871000
1776313873.188,73.188,0.13,6.66,0.12,5.09,0.14,296.99,0.15,63.99,0.86,281.99,0.85,63.99,0.87,11.66,0.88,5.09,0.01,0.01,2356.750241,1776313871000
1776313873.404,73.404,0.12,5.09,0.11,10.0,0.14,314.99,0.15,133.8,0.86,296.99,0.85,63.99,0.87,6.66,0.88,5.09,0.02,0.01,2356.563309,1776313872000
1776313873.788,73.788,0.12,0.09,0.11,10.0,0.13,210.99,0.14,703.71,0.86,314.99,0.85,133.8,0.88,5.09,0.89,10.0,0.01,0.02,2356.563309,1776313872000
1776313874.521,74.521,0.12,0.09,0.11,10.0,0.13,282.56,0.14,183.41,0.87,210.99,0.86,703.71,0.88,0.09,0.89,10.0,0.01,0.01,2356.51047,1776313873000
1776313874.722,74.722,0.1,79.92,0.09,32.0,0.12,23.0,0.13,174.57,0.87,312.56,0.86,198.41,0.89,5.09,0.9,80.0,0.02,0.02,2356.51047,1776313873000
1776313875.281,75.281,0.1,0.92,0.09,90.0,0.11,72.0,0.12,149.47,0.88,23.0,0.87,174.57,0.9,79.92,0.91,32.0,0.01,0.02,2356.412737,1776313874000
1776313876.051,76.051,0.1,8.69,0.09,101.0,0.11,186.17,0.12,130.52,0.89,72.0,0.88,149.47,0.9,0.92,0.91,90.0,0.01,0.01,2356.412737,1776313874000
1776313877.793,77.793,0.1,90.69,0.09,107.0,0.11,59.17,0.12,10.0,0.89,186.17,0.88,130.52,0.9,8.69,0.91,101.0,0.01,0.01,2356.101637,1776313876000
1776313878.345,78.345,0.1,75.69,0.09,107.0,0.12,11.66,0.13,91.99,0.89,41.17,0.88,20.0,0.9,85.69,0.91,107.0,0.02,0.01,2356.101637,1776313877000
1776313880.297,80.297,0.1,9.27,0.09,82.76,0.11,339.34,0.12,16.66,0.88,11.66,0.87,91.99,0.9,75.69,0.91,107.0,0.01,0.02,2356.189919,1776313879000
1776313880.523,80.523,0.1,4.27,0.09,95.0,0.11,188.47,0.12,16.66,0.89,339.34,0.88,16.66,0.9,9.27,0.91,82.76,0.01,0.01,2356.189919,1776313879000
1776313881.344,81.344,0.09,82.03,0.08,210.9,0.11,93.47,0.12,87.66,0.89,188.47,0.88,16.66,0.9,4.27,0.91,95.0,0.02,0.01,2356.245346,1776313880000
1776313883.369,83.369,0.09,100.19,0.08,152.9,0.1,56.36,0.11,66.47,0.9,25.0,0.89,136.35,0.91,72.19,0.92,210.9,0.01,0.01,2356.228718,1776313881000
1776313884.45,84.45,0.09,169.56,0.08,157.9,0.1,41.29,0.11,66.47,0.9,56.36,0.89,66.47,0.91,100.19,0.92,152.9,0.01,0.01,2356.201114,1776313883000
1776313885.061,85.061,0.09,221.56,0.08,157.9,0.1,17.29,0.11,51.47,0.9,31.29,0.89,66.47,0.91,169.56,0.92,157.9,0.01,0.01,2356.201114,1776313883000
1776313886.056,86.056,0.1,133.0,0.09,215.8,0.11,120.96,0.12,89.66,0.89,41.92,0.88,26.66,0.91,226.56,0.92,157.9,0.01,0.02,2356.210427,1776313884000
1776313887.714,87.714,0.1,52.0,0.09,111.56,0.11,194.66,0.12,36.66,0.89,120.96,0.88,89.66,0.9,133.0,0.91,215.8,0.01,0.01,2356.3974,1776313886000
1776313888.52,88.52,0.1,17.0,0.09,96.56,0.11,233.66,0.12,95.65,0.89,194.66,0.88,36.66,0.9,52.0,0.91,111.56,0.01,0.01,2356.437598,1776313887000
1776313889.335,89.335,0.1,7.0,0.09,22.56,0.11,804.76,0.12,153.99,0.89,233.66,0.88,95.65,0.9,17.0,0.91,96.56,0.01,0.01,2356.437598,1776313887000
1776313890.181,90.181,0.09,17.56,0.08,20.0,0.1,226.22,0.11,228.44,0.89,804.76,0.88,153.99,0.9,7.0,0.91,22.56,0.01,0.01,2356.347328,1776313889000
1776313890.947,90.947,0.08,15.0,0.07,85.3,0.09,162.47,0.1,168.75,0.9,232.22,0.89,228.44,0.91,2.56,0.92,20.0,0.01,0.01,2356.347328,1776313889000
1776313891.308,91.308,0.08,10.1,0.07,85.3,0.09,276.47,0.1,163.75,0.91,162.47,0.9,168.75,0.92,15.0,0.93,85.3,0.01,0.01,2356.233874,1776313890000
1776313891.746,91.746,0.08,5.1,0.07,85.3,0.09,281.47,0.1,219.58,0.91,276.47,0.9,163.75,0.92,10.1,0.93,85.3,0.01,0.01,2356.233874,1776313890000
1776313892.509,92.509,0.08,5.1,0.07,143.3,0.09,155.0,0.1,252.97,0.91,281.47,0.9,219.58,0.92,5.1,0.93,85.3,0.01,0.01,2356.073872,1776313891000
1776313894.457,94.457,0.08,52.55,0.07,65.98,0.09,212.88,0.1,164.23,0.91,160.0,0.9,310.97,0.93,34.98,0.94,143.32,0.01,0.02,2356.038097,1776313893000
1776313894.918,94.918,0.08,167.55,0.07,104.0,0.09,151.88,0.1,37.23,0.91,212.88,0.9,164.23,0.92,52.55,0.93,65.98,0.01,0.01,2356.038097,1776313893000
1776313895.52,95.52,0.09,20.35,0.08,165.2,0.1,37.23,0.11,68.51,0.91,151.88,0.9,37.23,0.92,167.55,0.93,104.0,0.01,0.01,2356.038747,1776313894000
1776313906.176,106.176,0.08,8.2,0.07,78.76,0.1,782.81,0.11,331.49,0.9,37.23,0.89,68.51,0.91,20.35,0.92,165.2,0.02,0.01,2356.418088,1776313904000
1776313907.093,107.093,0.07,49.0,0.06,166.32,0.08,135.0,0.09,222.12,0.92,115.0,0.91,150.0,0.93,60.96,0.94,166.32,0.01,0.01,2356.417901,1776313905000
1776313907.901,107.901,0.07,44.0,0.06,166.32,0.08,213.0,0.09,232.12,0.92,135.0,0.91,222.12,0.93,49.0,0.94,166.32,0.01,0.01,2356.440605,1776313906000
1776313908.706,108.706,0.07,23.0,0.06,93.52,0.08,213.0,0.09,268.84,0.92,218.0,0.91,232.12,0.93,28.0,0.94,93.52,0.01,0.01,2356.4166,1776313907000
1776313909.507,109.507,0.07,18.0,0.06,93.52,0.08,213.0,0.09,314.63,0.92,213.0,0.91,268.84,0.93,23.0,0.94,93.52,0.01,0.01,2356.4166,1776313907000
1776313909.877,109.877,0.07,182.24,0.06,166.32,0.08,113.0,0.09,285.63,0.92,213.0,0.91,314.63,0.93,18.0,0.94,93.52,0.01,0.01,2356.384399,1776313908000
1776313914.307,114.307,0.08,32.0,0.07,29.0,0.09,20.28,0.1,52.23,0.92,113.0,0.91,285.63,0.93,182.24,0.94,166.32,0.01,0.01,2356.542818,1776313912000
1776313914.692,114.692,0.08,5.0,0.07,75.0,0.09,33.28,0.1,57.23,0.91,8.28,0.9,52.23,0.92,15.0,0.93,29.0,0.01,0.01,2356.585585,1776313913000
1776313916.396,116.396,0.08,151.05,0.07,130.3,0.09,18.28,0.1,62.23,0.91,27.16,0.9,57.23,0.92,5.0,0.93,130.3,0.01,0.01,2356.648411,1776313915000
1776313917.869,117.869,0.08,176.14,0.07,130.3,0.1,62.23,0.11,127.92,0.91,18.28,0.9,62.23,0.92,151.05,0.93,130.3,0.02,0.01,2356.605137,1776313916000
1776313920.701,120.701,0.09,6.86,0.08,178.9,0.1,122.23,0.11,204.05,0.9,62.23,0.89,127.92,0.92,176.14,0.93,130.3,0.01,0.02,2356.707559,1776313919000
1776313921.377,121.377,0.08,32.0,0.07,197.3,0.09,20.0,0.1,135.23,0.9,122.23,0.89,204.05,0.91,6.86,0.92,178.9,0.01,0.01,2356.692699,1776313920000
1776313922.08,122.08,0.07,183.3,0.06,175.32,0.08,26.64,0.09,15.0,0.91,20.0,0.9,135.23,0.92,32.0,0.93,197.3,0.01,0.01,2356.692699,1776313920000
1776313922.881,122.881,0.07,155.3,0.06,175.32,0.08,92.64,0.09,120.0,0.92,26.64,0.91,15.0,0.93,183.3,0.94,175.32,0.01,0.01,2356.690192,1776313921000
1776313923.141,123.141,0.07,5.0,0.06,155.52,0.08,51.64,0.09,183.0,0.92,92.64,0.91,120.0,0.93,155.3,0.94,175.32,0.01,0.01,2356.690192,1776313921000
1776313923.679,123.679,0.06,155.52,0.05,205.8,0.07,38.67,0.08,30.0,0.92,51.64,0.91,183.0,0.93,5.0,0.94,155.52,0.01,0.01,2356.605238,1776313922000
1776313924.491,124.491,0.06,145.52,0.05,196.8,0.07,38.67,0.08,30.0,0.93,38.67,0.92,30.0,0.94,155.52,0.95,205.8,0.01,0.01,2356.56215,1776313923000
1776313924.967,124.967,0.06,59.2,0.05,121.0,0.07,53.67,0.08,140.0,0.93,38.67,0.92,30.0,0.94,145.52,0.95,196.8,0.01,0.01,2356.53186,1776313924000
1776313925.405,125.405,0.06,9.2,0.05,132.0,0.07,73.67,0.08,193.0,0.93,53.67,0.92,140.0,0.94,59.2,0.95,121.0,0.01,0.01,2356.53186,1776313924000
1776313926.132,126.132,0.05,156.9,0.04,264.3,0.07,45.12,0.08,193.0,0.93,73.67,0.92,193.0,0.95,81.1,0.96,264.3,0.02,0.02,2356.540206,1776313925000
1776313929.862,129.862,0.06,25.0,0.05,216.9,0.07,94.47,0.08,15.0,0.94,5.0,0.93,45.12,0.95,156.9,0.96,264.3,0.01,0.01,2356.322329,1776313928000
1776313930.492,130.492,0.06,132.18,0.05,184.8,0.08,20.0,0.09,78.0,0.93,74.47,0.92,15.0,0.94,25.0,0.95,216.9,0.02,0.01,2356.338594,1776313929000
1776313930.806,130.806,0.06,280.98,0.05,189.8,0.07,32.87,0.08,20.0,0.92,20.0,0.91,78.0,0.94,132.18,0.95,184.8,0.01,0.02,2356.338594,1776313929000
1776313932.988,132.988,0.07,16.81,0.06,216.98,0.08,40.76,0.09,138.83,0.92,19.76,0.91,20.0,0.94,260.98,0.95,189.8,0.01,0.02,2356.439241,1776313931000
1776313933.347,133.347,0.07,33.81,0.06,216.98,0.09,100.96,0.1,82.23,0.92,40.76,0.91,138.83,0.93,16.81,0.94,216.98,0.02,0.01,2356.609062,1776313932000
1776313935.002,135.002,0.07,9.9,0.06,216.98,0.09,143.96,0.1,82.23,0.91,100.96,0.9,82.23,0.93,33.81,0.94,216.98,0.02,0.02,2356.671373,1776313933000
1776313935.766,135.766,0.07,12.62,0.06,197.98,0.08,121.11,0.09,20.0,0.91,143.96,0.9,82.23,0.93,9.9,0.94,216.98,0.01,0.02,2356.690102,1776313934000
1776313937.002,137.002,0.07,16.67,0.06,189.98,0.08,91.63,0.09,20.0,0.92,121.11,0.91,20.0,0.93,12.62,0.94,197.98,0.01,0.01,2356.722645,1776313936000
1776313937.657,137.657,0.08,28.0,0.07,73.67,0.09,47.11,0.1,77.23,0.92,91.63,0.91,20.0,0.93,16.67,0.94,189.98,0.01,0.01,2356.722645,1776313936000
1776313938.071,138.071,0.08,93.9,0.07,144.97,0.09,32.11,0.1,77.23,0.91,47.11,0.9,77.23,0.92,28.0,0.93,73.67,0.01,0.01,2356.790246,1776313937000
1776313938.6,138.6,0.08,116.78,0.07,199.97,0.09,113.28,0.1,77.23,0.91,32.11,0.9,77.23,0.92,93.9,0.93,144.97,0.01,0.01,2356.790246,1776313937000
1776313939.193,139.193,0.08,222.78,0.07,136.97,0.1,30.3,0.11,175.22,0.91,113.28,0.9,77.23,0.92,116.78,0.93,199.97,0.02,0.01,2356.740481,1776313938000
1776313940.071,140.071,0.09,20.0,0.08,200.78,0.1,96.92,0.11,175.22,0.9,30.3,0.89,175.22,0.92,222.78,0.93,136.97,0.01,0.02,2356.740481,1776313938000
1776313942.984,142.984,0.09,12.15,0.08,180.78,0.1,100.62,0.11,122.22,0.9,96.92,0.89,175.22,0.91,20.0,0.92,200.78,0.01,0.01,2357.005752,1776313941000
1776313945.986,145.986,0.09,46.0,0.08,180.78,0.1,15.0,0.11,180.22,0.9,100.62,0.89,122.22,0.91,12.15,0.92,180.78,0.01,0.01,2357.038214,1776313944000
1776313946.536,146.536,0.09,48.72,0.08,180.78,0.1,15.0,0.11,180.22,0.9,15.0,0.89,180.22,0.91,46.0,0.92,180.78,0.01,0.01,2357.06235,1776313945000
1776313948.525,148.525,0.09,39.62,0.08,180.78,0.1,15.0,0.11,155.92,0.9,15.0,0.89,180.22,0.91,48.72,0.92,180.78,0.01,0.01,2357.089161,1776313946000
1776313949.396,149.396,0.09,7.2,0.08,180.78,0.1,15.0,0.11,132.92,0.9,15.0,0.89,155.92,0.91,39.62,0.92,180.78,0.01,0.01,2357.114569,1776313948000
1776313951.031,151.031,0.09,22.28,0.08,180.78,0.1,15.0,0.11,174.92,0.9,15.0,0.89,132.92,0.91,7.2,0.92,180.78,0.01,0.01,2357.1139,1776313949000
1776313951.478,151.478,0.1,50.5,0.09,173.0,0.11,50.2,0.12,41.66,0.9,15.0,0.89,174.92,0.91,17.0,0.92,180.78,0.01,0.01,2357.062194,1776313950000
1776313951.966,151.966,0.1,147.16,0.09,115.0,0.11,37.2,0.12,41.66,0.89,37.2,0.88,41.66,0.9,49.5,0.91,173.0,0.01,0.01,2357.062194,1776313950000
1776313954.587,154.587,0.1,256.16,0.09,120.0,0.11,0.2,0.12,31.66,0.89,37.2,0.88,41.66,0.9,147.16,0.91,115.0,0.01,0.01,2357.242965,1776313953000
1776313954.953,154.953,0.11,146.3,0.1,143.66,0.12,23.77,0.13,20.0,0.88,31.66,0.87,20.0,0.89,12.8,0.9,261.16,0.01,0.01,2357.242965,1776313953000
1776313955.16,155.16,0.11,188.09,0.1,143.66,0.12,11.77,0.13,20.0,0.88,23.77,0.87,20.0,0.89,146.3,0.9,143.66,0.01,0.01,2357.2675,1776313954000
1776313956.467,156.467,0.12,51.91,0.11,102.59,0.13,170.49,0.14,21.0,0.87,6.77,0.86,79.0,0.89,188.09,0.9,143.66,0.01,0.02,2357.26992,1776313955000
1776313957.655,157.655,0.12,36.91,0.11,86.59,0.13,182.49,0.14,26.0,0.87,170.49,0.86,21.0,0.88,51.91,0.89,102.59,0.01,0.01,2357.367997,1776313956000
1776313958.427,158.427,0.12,36.91,0.11,81.59,0.13,90.45,0.14,26.0,0.87,182.49,0.86,26.0,0.88,36.91,0.89,86.59,0.01,0.01,2357.362425,1776313957000
1776313961.578,161.578,0.12,164.91,0.11,155.59,0.13,9.68,0.14,11.0,0.87,90.45,0.86,26.0,0.88,36.91,0.89,81.59,0.01,0.01,2357.369295,1776313960000
1776313961.79,161.79,0.13,30.48,0.12,151.41,0.15,5.68,0.16,10.0,0.86,10.68,0.85,20.0,0.88,164.91,0.89,155.59,0.02,0.02,2357.369295,1776313960000
1776313962.092,162.092,0.14,20.48,0.13,46.8,0.16,15.0,0.17,116.3,0.85,5.68,0.84,10.0,0.87,30.48,0.88,151.41,0.02,0.02,2357.369295,1776313960000
1776313964.438,164.438,0.15,11.42,0.13,31.8,0.16,152.58,0.17,45.3,0.84,15.0,0.83,116.3,0.86,20.48,0.87,46.8,0.01,0.02,2357.531998,1776313963000
1776313966.167,166.167,0.15,3.62,0.13,63.0,0.16,152.58,0.17,45.3,0.84,152.58,0.83,45.3,0.85,11.42,0.87,31.8,0.01,0.01,2357.501546,1776313965000
1776313971.528,171.528,0.15,3.62,0.13,58.0,0.16,85.01,0.17,81.15,0.84,152.58,0.83,45.3,0.85,3.62,0.87,63.0,0.01,0.01,2357.597299,1776313970000
1776313972.073,172.073,0.13,56.85,0.12,23.0,0.14,15.0,0.15,15.0,0.84,90.01,0.83,81.15,0.87,58.0,0.88,28.0,0.01,0.03,2357.524862,1776313971000
1776313972.557,172.557,0.13,66.85,0.12,23.0,0.14,28.98,0.15,33.0,0.86,15.0,0.85,15.0,0.87,56.85,0.88,23.0,0.01,0.01,2357.524862,1776313971000
1776313973.222,173.222,0.12,73.0,0.11,116.79,0.13,6.0,0.14,33.98,0.86,28.98,0.85,33.0,0.87,66.85,0.88,23.0,0.01,0.01,2357.579472,1776313972000
1776313974.596,174.596,0.12,75.95,0.11,123.79,0.13,39.83,0.14,33.78,0.87,6.0,0.86,33.98,0.88,73.0,0.89,116.79,0.01,0.01,2357.521598,1776313973000
1776313974.885,174.885,0.12,70.95,0.11,123.79,0.13,14.83,0.14,33.78,0.87,39.83,0.86,33.78,0.88,75.95,0.89,123.79,0.01,0.01,2357.521598,1776313973000
1776313978.526,178.526,0.12,10.13,0.11,133.79,0.13,79.79,0.14,91.78,0.87,14.83,0.86,33.78,0.88,70.95,0.89,123.79,0.01,0.01,2357.612313,1776313977000
1776313978.788,178.788,0.12,1.33,0.11,120.79,0.13,79.79,0.14,91.78,0.87,79.79,0.86,91.78,0.88,10.13,0.89,133.79,0.01,0.01,2357.612313,1776313977000
1776313979.008,179.008,0.11,110.79,0.1,135.66,0.13,57.79,0.14,91.78,0.87,79.79,0.86,91.78,0.88,1.33,0.89,120.79,0.02,0.01,2357.619261,1776313978000
1776313980.618,180.618,0.1,30.66,0.09,117.0,0.12,30.0,0.13,80.0,0.87,57.79,0.86,91.78,0.89,110.79,0.9,135.66,0.02,0.02,2357.550709,1776313979000
1776313981.58,181.58,0.08,5.0,0.07,2.67,0.09,28.0,0.1,61.0,0.88,40.0,0.87,104.0,0.91,118.0,0.92,63.9,0.01,0.03,2357.550567,1776313980000
1776313981.908,181.908,0.06,10.0,0.05,76.06,0.08,26.0,0.09,15.0,0.9,140.6,0.89,73.0,0.95,61.06,0.96,158.8,0.02,0.05,2357.550567,1776313980000
1776313982.283,182.283,0.06,8.22,0.05,15.95,0.08,39.0,0.09,133.6,0.92,26.0,0.91,15.0,0.94,15.6,0.95,76.06,0.02,0.02,2357.510953,1776313981000
1776313983.055,183.055,0.06,18.0,0.05,15.95,0.08,67.0,0.09,268.6,0.92,39.0,0.91,133.6,0.95,15.95,0.96,128.8,0.02,0.03,2357.156773,1776313982000
1776313983.321,183.321,0.06,71.0,0.05,20.95,0.08,80.0,0.09,150.0,0.92,67.0,0.91,268.6,0.94,18.0,0.95,15.95,0.02,0.02,2357.156773,1776313982000
1776313983.609,183.609,0.06,66.0,0.05,20.95,0.08,94.0,0.09,150.0,0.92,80.0,0.91,150.0,0.94,71.0,0.95,20.95,0.02,0.02,2357.156773,1776313982000
1776313983.877,183.877,0.06,62.87,0.05,20.95,0.07,159.28,0.08,94.0,0.92,94.0,0.91,150.0,0.94,66.0,0.95,20.95,0.01,0.02,2357.156773,1776313982000
1776313984.726,184.726,0.06,96.0,0.05,20.95,0.07,107.24,0.08,268.6,0.93,159.28,0.92,94.0,0.94,62.87,0.95,20.95,0.01,0.01,2356.867046,1776313983000
1776313985.526,185.526,0.06,57.87,0.05,20.95,0.07,304.24,0.08,315.6,0.93,107.24,0.92,150.0,0.94,14.87,0.95,20.95,0.01,0.01,2356.791195,1776313984000
1776313986.461,186.461,0.06,42.33,0.05,20.95,0.07,319.24,0.08,291.6,0.93,294.24,0.92,315.6,0.94,47.33,0.95,20.95,0.01,0.01,2356.701595,1776313985000
1776313987.361,187.361,0.06,9.87,0.05,15.95,0.07,253.0,0.08,291.6,0.93,319.24,0.92,291.6,0.94,42.33,0.95,20.95,0.01,0.01,2356.701595,1776313985000
1776313988.191,188.191,0.06,4.87,0.05,15.95,0.07,253.0,0.08,173.0,0.93,253.0,0.92,291.6,0.94,9.87,0.95,15.95,0.01,0.01,2356.680773,1776313987000
1776313988.653,188.653,0.06,0.98,0.05,15.95,0.07,253.0,0.08,168.0,0.93,253.0,0.92,173.0,0.94,4.87,0.95,15.95,0.01,0.01,2356.680773,1776313987000
1776313988.923,188.923,0.05,11.93,0.04,93.0,0.07,273.0,0.08,168.0,0.93,253.0,0.92,168.0,0.94,0.98,0.95,15.95,0.02,0.01,2356.680773,1776313987000
1776313989.775,189.775,0.05,6.93,0.04,93.0,0.06,345.6,0.07,238.0,0.93,273.0,0.92,168.0,0.95,11.93,0.96,93.0,0.01,0.02,2356.626149,1776313988000
1776313990.065,190.065,0.05,4.84,0.04,93.0,0.06,355.6,0.07,233.0,0.94,345.6,0.93,238.0,0.95,6.93,0.96,93.0,0.01,0.01,2356.626149,1776313988000
1776313990.318,190.318,0.05,2.75,0.04,93.0,0.06,357.6,0.07,240.0,0.94,355.6,0.93,233.0,0.95,4.84,0.96,93.0,0.01,0.01,2356.622506,1776313989000
1776313991.733,191.733,0.05,12.75,0.04,93.0,0.06,88.0,0.07,131.0,0.94,340.93,0.93,240.0,0.95,2.75,0.96,93.0,0.01,0.01,2356.575612,1776313990000
1776313992.137,192.137,0.05,69.75,0.04,371.8,0.06,9.66,0.07,100.0,0.94,88.0,0.93,131.0,0.95,12.75,0.96,93.0,0.01,0.01,2356.585011,1776313991000
1776313993.511,193.511,0.09,0.78,0.08,20.0,0.1,170.91,0.11,24.9,0.89,23.9,0.88,10.0,0.92,10.0,0.93,25.0,0.01,0.03,2356.632093,1776313992000
1776313994.243,194.243,0.08,20.0,0.07,17.0,0.1,160.55,0.11,24.9,0.9,170.91,0.89,24.9,0.91,0.78,0.92,20.0,0.02,0.01,2357.023041,1776313993000
1776313996.738,196.738,0.08,10.0,0.07,76.0,0.09,131.47,0.1,68.0,0.9,165.55,0.89,29.9,0.92,18.91,0.93,75.0,0.01,0.02,2357.280581,1776313995000
1776313997.198,197.198,0.08,5.0,0.07,81.0,0.18,33.17,0.19,208.4,0.91,131.47,0.9,68.0,0.92,10.0,0.93,76.0,0.1,0.01,2357.271031,1776313996000
1776314001.533,201.533,0.09,10.0,0.08,5.0,0.11,423.37,0.12,34.52,0.82,33.17,0.81,208.4,0.92,5.0,0.93,81.0,0.02,0.1,2357.177412,1776314000000
1776314001.802,201.802,0.08,1.89,0.07,10.0,0.1,14.0,0.11,447.37,0.89,423.37,0.88,34.52,0.91,10.0,0.92,5.0,0.02,0.02,2357.177412,1776314000000
1776314002.289,202.289,0.06,1.35,0.05,2.75,0.1,169.83,0.11,205.44,0.9,14.0,0.89,447.37,0.92,1.89,0.93,10.0,0.04,0.02,2357.177412,1776314000000
1776314002.616,202.616,0.05,21.1,0.04,139.8,0.1,169.83,0.11,185.44,0.9,169.83,0.89,205.44,0.94,1.35,0.95,2.75,0.05,0.04,2357.230974,1776314001000
1776314004.161,204.161,0.06,15.99,0.05,74.0,0.07,76.03,0.08,11.28,0.91,5.0,0.9,174.83,0.95,20.04,0.96,139.8,0.01,0.04,2357.1033,1776314002000
1776314004.413,204.413,0.06,15.99,0.05,74.0,0.08,11.28,0.09,22.0,0.93,76.03,0.92,11.28,0.94,15.99,0.95,74.0,0.02,0.01,2357.015604,1776314003000
1776314005.448,205.448,0.06,60.61,0.05,78.0,0.08,35.33,0.09,27.0,0.92,11.28,0.91,22.0,0.94,15.99,0.95,74.0,0.02,0.02,2356.956425,1776314004000
1776314006.02,206.02,0.07,6.87,0.06,170.61,0.08,218.34,0.09,37.0,0.92,35.33,0.91,27.0,0.94,60.61,0.95,78.0,0.01,0.02,2356.956425,1776314004000
1776314009.122,209.122,0.07,0.12,0.06,218.0,0.08,234.34,0.09,121.52,0.92,218.34,0.91,37.0,0.93,6.87,0.94,170.61,0.01,0.01,2357.070089,1776314007000
1776314009.398,209.398,0.06,217.05,0.05,252.0,0.08,229.34,0.09,114.0,0.92,234.34,0.91,121.52,0.93,0.12,0.94,218.0,0.02,0.01,2357.062446,1776314008000
1776314009.858,209.858,0.06,215.98,0.05,247.0,0.08,70.62,0.09,140.0,0.92,229.34,0.91,114.0,0.94,217.05,0.95,252.0,0.02,0.02,2357.062446,1776314008000
1776314010.098,210.098,0.06,178.36,0.05,265.94,0.08,80.62,0.09,124.0,0.92,75.62,0.91,140.0,0.94,215.98,0.95,207.94,0.02,0.02,2357.062446,1776314008000
1776314012.086,212.086,0.06,106.26,0.05,245.94,0.07,67.95,0.08,52.38,0.92,80.62,0.91,124.0,0.94,178.36,0.95,265.94,0.01,0.02,2357.060852,1776314009000
1776314020.465,220.465,0.06,57.26,0.05,154.64,0.07,154.62,0.08,89.65,0.93,67.95,0.92,52.38,0.94,106.26,0.95,245.94,0.01,0.01,2357.139605,1776314019000
1776314021.09,221.09,0.06,8.26,0.05,10.0,0.07,250.61,0.08,122.64,0.93,149.62,0.92,89.65,0.94,13.26,0.95,10.0,0.01,0.01,2357.139605,1776314019000
1776314026.738,226.738,0.05,10.0,0.04,35.0,0.07,374.61,0.08,93.7,0.93,250.61,0.92,122.64,0.94,8.26,0.95,10.0,0.02,0.01,2357.00366,1776314025000
1776314027.249,227.249,0.04,5.0,0.03,106.0,0.05,90.53,0.06,150.0,0.95,10.0,0.93,349.08,0.96,6.54,0.97,106.0,0.01,0.01,2357.00366,1776314025000
1776314027.675,227.675,0.03,15.0,0.02,252.0,0.04,229.35,0.05,91.09,0.95,90.53,0.94,150.0,0.97,10.0,0.98,252.0,0.01,0.02,2356.995341,1776314026000
1776314027.971,227.971,0.02,225.43,0.01,2253.66,0.03,20.0,0.04,80.0,0.96,214.35,0.95,91.09,0.98,230.43,0.99,2095.66,0.01,0.02,2356.995341,1776314026000
1776314028.776,228.776,0.02,266.47,0.01,2176.0,0.03,27.0,0.04,94.99,0.97,20.0,0.96,75.0,0.98,213.47,0.99,2753.66,0.01,0.01,2356.790216,1776314027000
1776314029.107,229.107,0.02,450.57,0.01,2089.0,0.03,20.31,0.04,5.0,0.97,22.81,0.96,30.53,0.98,366.47,0.99,2001.0,0.01,0.01,2356.790216,1776314027000
1776314029.467,229.467,0.03,22.69,0.02,455.57,0.04,5.0,0.05,15.0,0.97,20.31,0.96,5.0,0.98,450.57,0.99,2089.0,0.01,0.01,2356.32493,1776314028000
1776314029.676,229.676,0.03,60.21,0.02,433.57,0.05,7.0,0.06,33.0,0.96,12.0,0.95,15.0,0.97,60.21,0.98,433.57,0.02,0.01,2356.32493,1776314028000
1776314030.214,230.214,0.04,33.0,0.03,115.21,0.06,28.0,0.07,20.0,0.95,7.0,0.94,33.0,0.97,60.21,0.98,433.57,0.02,0.02,2356.312682,1776314029000
1776314032.138,232.138,0.04,153.0,0.03,30.6,0.07,15.0,0.08,5.0,0.94,28.0,0.93,20.0,0.96,33.0,0.97,115.21,0.03,0.02,2356.600635,1776314030000
1776314032.384,232.384,0.06,17.97,0.05,10.0,0.08,10.0,0.09,10.0,0.92,5.0,0.91,10.0,0.95,30.0,0.96,192.06,0.02,0.03,2356.75864,1776314031000
1776314032.617,232.617,0.06,7.97,0.05,38.0,0.07,10.0,0.08,10.0,0.92,10.0,0.91,10.0,0.94,17.97,0.95,10.0,0.01,0.02,2356.75864,1776314031000
1776314033.542,233.542,0.07,9.0,0.06,12.97,0.08,166.84,0.09,10.0,0.93,10.0,0.92,10.0,0.94,7.97,0.95,38.0,0.01,0.01,2356.75864,1776314031000
1776314033.839,233.839,0.07,3.94,0.06,68.97,0.08,166.84,0.09,10.0,0.92,166.84,0.91,10.0,0.93,9.0,0.94,12.97,0.01,0.01,2356.836211,1776314032000
1776314034.62,234.62,0.07,2.86,0.06,51.97,0.08,166.84,0.09,10.0,0.92,166.84,0.91,10.0,0.93,3.94,0.94,68.97,0.01,0.01,2357.265916,1776314033000
1776314036.317,236.317,0.06,56.97,0.05,190.8,0.08,157.46,0.09,68.0,0.92,142.46,0.91,10.0,0.93,2.86,0.94,51.97,0.02,0.01,2357.359046,1776314034000
1776314036.544,236.544,0.07,5.49,0.06,61.97,0.08,15.0,0.09,68.0,0.92,157.46,0.91,68.0,0.94,56.97,0.95,190.8,0.01,0.02,2357.39671,1776314035000
1776314036.76,236.76,0.06,42.46,0.05,190.8,0.08,10.0,0.09,70.66,0.91,70.66,0.9,26.53,0.93,5.49,0.94,61.97,0.02,0.02,2357.39671,1776314035000
1776314038.667,238.667,0.06,5.0,0.05,105.8,0.08,79.53,0.09,78.66,0.92,10.0,0.91,70.66,0.94,42.46,0.95,190.8,0.02,0.02,2357.448803,1776314037000
1776314039.961,239.961,0.06,5.0,0.05,42.0,0.09,53.28,0.1,29.0,0.92,79.53,0.91,78.66,0.94,5.0,0.95,105.8,0.03,0.02,2357.393505,1776314038000
1776314041.117,241.117,0.06,3.93,0.05,126.0,0.08,87.51,0.09,63.28,0.93,42.0,0.91,53.28,0.94,5.0,0.95,42.0,0.02,0.01,2357.432109,1776314039000
1776314041.466,241.466,0.05,123.9,0.04,10.0,0.08,87.51,0.09,63.28,0.92,87.51,0.91,74.28,0.94,2.72,0.95,126.0,0.03,0.02,2357.36638,1776314040000
1776314041.96,241.96,0.06,32.0,0.05,118.96,0.08,21.13,0.09,63.28,0.92,53.76,0.91,63.28,0.95,123.9,0.96,10.0,0.02,0.03,2357.36638,1776314040000
1776314042.341,242.341,0.06,8.93,0.05,140.96,0.07,6.75,0.08,21.13,0.92,21.13,0.91,63.28,0.94,32.0,0.95,118.96,0.01,0.02,2357.36638,1776314040000
1776314044.343,244.343,0.06,8.93,0.05,96.9,0.07,23.27,0.08,119.08,0.93,6.75,0.92,21.13,0.94,8.93,0.95,140.96,0.01,0.01,2357.56612,1776314042000
1776314044.907,244.907,0.06,96.93,0.05,17.9,0.08,94.08,0.09,63.28,0.93,20.27,0.92,119.08,0.94,8.93,0.95,135.96,0.02,0.01,2357.587293,1776314043000
1776314045.427,245.427,0.07,10.0,0.06,38.93,0.08,81.58,0.09,68.28,0.92,94.08,0.91,63.28,0.94,96.93,0.95,17.9,0.01,0.02,2357.593287,1776314044000
1776314045.961,245.961,0.07,5.0,0.06,8.93,0.08,159.12,0.09,68.28,0.92,81.58,0.91,68.28,0.93,10.0,0.94,38.93,0.01,0.01,2357.593287,1776314044000
1776314046.7,246.7,0.06,3.93,0.05,26.9,0.08,159.12,0.09,68.28,0.92,159.12,0.91,68.28,0.93,5.0,0.94,8.93,0.02,0.01,2357.570202,1776314045000
1776314047.639,247.639,0.06,1.79,0.05,12.9,0.07,20.0,0.08,164.12,0.92,159.12,0.91,68.28,0.94,3.93,0.95,26.9,0.01,0.02,2357.571524,1776314046000
1776314047.874,247.874,0.05,1.61,0.04,49.06,0.07,89.52,0.08,15.0,0.93,20.0,0.92,15.0,0.95,9.69,0.96,10.0,0.02,0.02,2357.571524,1776314046000
1776314048.284,248.284,0.05,19.39,0.04,10.0,0.07,10.0,0.08,15.0,0.93,89.52,0.92,15.0,0.95,1.61,0.96,49.06,0.02,0.02,2357.571524,1776314046000
1776314049.593,249.593,0.04,45.84,0.03,652.7,0.06,10.0,0.07,10.0,0.93,10.0,0.92,15.0,0.95,19.39,0.96,10.0,0.02,0.02,2357.554122,1776314048000
1776314050.182,250.182,0.04,0.9,0.03,587.76,0.05,5.0,0.06,10.0,0.94,10.0,0.93,10.0,0.96,45.84,0.97,652.7,0.01,0.02,2357.554122,1776314048000
1776314050.508,250.508,0.03,537.52,0.02,578.27,0.05,5.0,0.06,10.0,0.95,5.0,0.94,10.0,0.96,0.9,0.97,587.76,0.02,0.01,2357.530906,1776314049000
1776314050.781,250.781,0.04,5.0,0.03,128.82,0.05,5.0,0.06,15.0,0.95,5.0,0.94,10.0,0.97,537.52,0.98,578.27,0.01,0.02,2357.530906,1776314049000
1776314051.475,251.475,0.03,108.82,0.02,417.33,0.05,20.0,0.06,15.0,0.95,5.0,0.94,15.0,0.96,5.0,0.97,128.82,0.02,0.01,2357.530906,1776314049000
1776314052.389,252.389,0.04,95.0,0.03,208.82,0.05,20.0,0.06,25.0,0.95,20.0,0.94,15.0,0.96,22.06,0.97,113.82,0.01,0.01,2357.497957,1776314051000
1776314052.605,252.605,0.04,64.08,0.03,208.82,0.05,20.0,0.06,25.0,0.95,20.0,0.94,25.0,0.96,68.75,0.97,208.82,0.01,0.01,2357.497957,1776314051000
1776314053.284,253.284,0.04,5.0,0.03,208.82,0.05,20.0,0.06,15.0,0.95,20.0,0.94,25.0,0.96,57.08,0.97,208.82,0.01,0.01,2357.497957,1776314051000
1776314054.051,254.051,0.04,61.94,0.03,229.82,0.05,15.0,0.06,15.0,0.95,20.0,0.94,15.0,0.96,5.0,0.97,208.82,0.01,0.01,2357.405406,1776314052000
1776314055.168,255.168,0.04,1.72,0.03,234.82,0.05,15.0,0.06,37.0,0.95,15.0,0.94,15.0,0.96,61.94,0.97,229.82,0.01,0.01,2357.384241,1776314053000
1776314055.565,255.565,0.03,205.54,0.02,494.33,0.05,15.0,0.06,37.0,0.95,15.0,0.94,37.0,0.96,1.72,0.97,234.82,0.02,0.01,2357.374231,1776314054000
1776314056.189,256.189,0.04,36.87,0.03,205.54,0.05,70.79,0.06,37.0,0.95,15.0,0.94,37.0,0.97,205.54,0.98,494.33,0.01,0.02,2357.374231,1776314054000
1776314056.671,256.671,0.03,220.54,0.02,478.27,0.05,0.79,0.06,37.0,0.95,70.79,0.94,37.0,0.96,36.87,0.97,205.54,0.02,0.01,2357.402194,1776314055000
1776314057.426,257.426,0.04,24.94,0.03,163.54,0.05,35.0,0.06,159.53,0.95,0.79,0.94,37.0,0.97,220.54,0.98,478.27,0.01,0.02,2357.434927,1776314056000
1776314058.215,258.215,0.04,5.0,0.03,160.44,0.05,104.09,0.06,181.52,0.95,93.09,0.94,174.99,0.97,160.44,0.98,440.51,0.01,0.02,2357.434927,1776314056000
1776314058.578,258.578,0.04,5.0,0.03,102.44,0.05,94.0,0.06,92.0,0.95,104.09,0.94,181.52,0.96,5.0,0.97,160.44,0.01,0.01,2357.416322,1776314057000
1776314058.94,258.94,0.03,53.12,0.02,440.56,0.05,128.99,0.06,104.0,0.95,128.99,0.94,104.0,0.97,77.44,0.98,368.02,0.02,0.02,2357.416322,1776314057000
1776314061.704,261.704,0.03,53.01,0.02,394.56,0.04,5.0,0.05,140.99,0.95,128.99,0.94,104.0,0.97,48.12,0.98,440.56,0.01,0.02,2357.419687,1776314060000
1776314062.927,262.927,0.03,37.77,0.02,337.56,0.04,5.0,0.05,114.53,0.96,5.0,0.95,140.99,0.97,53.01,0.98,394.56,0.01,0.01,2357.388677,1776314061000
1776314063.707,263.707,0.03,130.77,0.02,409.11,0.06,77.31,0.07,20.53,0.96,5.0,0.95,114.53,0.97,37.77,0.98,337.56,0.03,0.01,2357.411438,1776314062000
1776314065.46,265.46,0.04,37.8,0.03,117.77,0.05,48.31,0.06,168.0,0.95,43.31,0.94,145.31,0.96,43.0,0.97,125.77,0.01,0.01,2357.426286,1776314064000
1776314066.434,266.434,0.04,38.8,0.03,42.77,0.07,23.23,0.08,15.0,0.95,48.31,0.94,168.0,0.96,38.8,0.97,117.77,0.03,0.01,2357.554754,1776314065000
1776314066.743,266.743,0.06,22.5,0.05,10.0,0.07,236.39,0.08,47.0,0.93,23.23,0.92,15.0,0.96,38.8,0.97,42.77,0.01,0.03,2357.554754,1776314065000
1776314067.327,267.327,0.06,11.96,0.05,10.0,0.07,259.28,0.08,47.0,0.93,236.39,0.92,47.0,0.94,22.5,0.95,10.0,0.01,0.01,2357.554754,1776314065000
1776314069.7,269.7,0.06,1.46,0.05,10.0,0.07,398.57,0.08,95.9,0.93,259.28,0.92,47.0,0.94,11.96,0.95,10.0,0.01,0.01,2357.544574,1776314068000
1776314070.603,270.603,0.05,9.53,0.04,33.8,0.07,398.57,0.08,95.9,0.93,398.57,0.92,95.9,0.94,1.46,0.95,10.0,0.02,0.01,2357.544574,1776314068000
1776314070.878,270.878,0.05,1.17,0.04,33.8,0.06,307.07,0.07,169.96,0.93,398.57,0.92,95.9,0.95,9.53,0.96,33.8,0.01,0.02,2357.479722,1776314069000
1776314071.576,271.576,0.05,0.11,0.04,33.8,0.06,312.07,0.07,164.96,0.94,307.07,0.93,169.96,0.95,1.17,0.96,33.8,0.01,0.01,2357.486082,1776314070000
1776314072.201,272.201,0.04,16.42,0.03,90.77,0.06,147.2,0.07,260.02,0.94,312.07,0.93,164.96,0.95,0.11,0.96,33.8,0.02,0.01,2357.486082,1776314070000
1776314074.505,274.505,0.01,1408.99,,,0.05,283.78,0.06,177.8,0.95,28.4,0.94,78.8,0.97,95.77,0.98,139.57,0.04,0.02,2357.627285,1776314073000
1776314074.713,274.713,0.02,15.0,0.01,1528.53,0.05,151.26,0.06,136.8,0.95,283.78,0.94,177.8,0.99,1408.99,,,0.03,0.04,2357.627285,1776314073000
1776314075.627,275.627,0.02,10.0,0.01,1308.93,0.04,50.06,0.05,69.4,0.95,151.26,0.94,136.8,0.97,5.0,0.98,10.0,0.02,0.02,2357.627285,1776314073000
1776314076.88,276.88,0.02,13.52,0.01,1328.94,0.03,18.66,0.04,63.4,0.96,50.06,0.95,69.4,0.98,10.0,0.99,1308.93,0.01,0.02,2357.627285,1776314073000
1776314077.668,277.668,0.02,7.49,0.01,1258.94,0.03,31.66,0.04,145.4,0.97,18.66,0.96,63.4,0.98,13.52,0.99,1328.94,0.01,0.01,2357.561661,1776314076000
1776314078.641,278.641,0.01,1145.94,,,0.02,105.16,0.03,50.06,0.97,31.66,0.96,145.4,0.98,7.49,0.99,1258.94,0.01,0.01,2357.561758,1776314077000
1776314079.583,279.583,0.01,1113.28,,,0.02,115.16,0.03,105.4,0.98,105.16,0.97,50.06,0.99,1145.94,,,0.01,0.01,2357.566846,1776314078000
1776314079.871,279.871,0.01,1065.28,,,0.02,115.16,0.03,105.4,0.98,115.16,0.97,105.4,0.99,1113.28,,,0.01,0.01,2357.566846,1776314079000
1776314080.199,280.199,0.01,1124.28,,,0.02,115.16,0.03,119.4,0.98,115.16,0.97,105.4,0.99,1065.28,,,0.01,0.01,2357.566846,1776314079000
1776314080.822,280.822,0.01,1380.27,,,0.02,90.16,0.05,15.0,0.98,115.16,0.97,119.4,0.99,1124.28,,,0.01,0.01,2357.566846,1776314079000
1776314081.024,281.024,0.01,1380.27,,,0.02,30.16,0.04,10.0,0.98,30.16,0.96,10.0,0.99,1380.27,,,0.01,0.01,2357.566412,1776314080000
1776314081.232,281.232,0.01,1142.96,,,0.03,5.0,0.04,79.59,0.96,79.59,0.95,22.0,0.99,1152.96,,,0.02,0.03,2357.566412,1776314080000
1776314082.108,282.108,0.01,989.27,,,0.04,135.89,0.05,75.0,0.96,108.9,0.95,75.0,0.98,5.0,0.99,921.73,0.03,0.02,2357.563029,1776314081000
1776314082.463,282.463,0.02,8.86,0.01,1089.27,0.03,26.99,0.04,135.89,0.97,5.0,0.96,135.89,0.98,8.97,0.99,1089.27,0.01,0.01,2357.563029,1776314081000
1776314083.484,283.484,0.02,2.47,0.01,892.28,0.03,55.99,0.04,130.89,0.97,26.99,0.96,135.89,0.98,3.5,0.99,1089.27,0.01,0.01,2357.663516,1776314082000
1776314083.806,283.806,0.01,830.75,,,0.03,133.99,0.04,81.39,0.97,55.99,0.96,130.89,0.98,2.47,0.99,892.28,0.02,0.01,2357.663516,1776314082000
1776314084.134,284.134,0.01,823.75,,,0.02,1.76,0.03,89.59,0.97,133.99,0.96,81.39,0.99,830.75,,,0.01,0.02,2357.663516,1776314082000
1776314084.613,284.613,0.01,813.75,,,0.02,0.24,0.03,103.99,0.98,0.24,0.97,89.59,0.99,823.75,,,0.01,0.01,2357.85484,1776314083000
1776314086.645,286.645,0.01,807.55,,,0.02,0.24,0.03,139.99,0.98,0.24,0.97,103.99,0.99,813.75,,,0.01,0.01,2357.779802,1776314085000
1776314087.111,287.111,0.01,797.55,,,0.02,0.24,0.03,139.99,0.98,0.24,0.97,139.99,0.99,807.55,,,0.01,0.01,2357.779802,1776314085000
1776314087.388,287.388,0.01,790.55,,,0.02,0.24,0.03,139.99,0.98,0.24,0.97,139.99,0.99,797.55,,,0.01,0.01,2357.762637,1776314086000
1776314087.719,287.719,0.01,669.15,,,0.02,0.24,0.03,161.98,0.98,0.24,0.97,139.99,0.99,790.55,,,0.01,0.01,2357.762637,1776314086000
1776314088.24,288.24,0.01,668.13,,,0.02,0.24,0.03,161.98,0.98,0.24,0.97,161.98,0.99,669.15,,,0.01,0.01,2357.762637,1776314086000
1776314088.954,288.954,0.01,655.13,,,0.02,0.24,0.03,142.99,0.98,0.24,0.97,161.98,0.99,668.13,,,0.01,0.01,2357.860802,1776314087000
1776314089.457,289.457,0.01,655.07,,,0.02,0.24,0.03,142.99,0.98,0.24,0.97,142.99,0.99,655.13,,,0.01,0.01,2357.792084,1776314088000
1776314090.668,290.668,0.01,650.01,,,0.02,22.23,0.03,144.39,0.98,0.24,0.97,142.99,0.99,655.07,,,0.01,0.01,2357.809377,1776314089000
1776314091.198,291.198,0.01,630.48,,,0.02,0.24,0.03,73.0,0.98,22.23,0.97,144.39,0.99,634.91,,,0.01,0.01,2357.809377,1776314089000
1776314091.406,291.406,0.01,615.3,,,0.02,0.24,0.03,144.99,0.98,0.24,0.97,144.99,0.99,620.36,,,0.01,0.01,2357.809377,1776314089000
1776314091.814,291.814,0.02,15.0,0.01,673.3,0.04,58.59,0.05,76.0,0.97,78.48,0.96,62.0,0.99,610.3,,,0.02,0.02,2357.809377,1776314089000
1776314092.144,292.144,0.02,4.89,0.01,615.3,0.04,48.59,0.05,63.0,0.96,38.59,0.95,121.0,0.98,10.0,0.99,673.3,0.02,0.02,2357.826505,1776314090000
1776314092.747,292.747,0.01,589.15,,,0.04,68.4,0.05,68.26,0.96,48.59,0.95,63.0,0.99,594.26,,,0.03,0.03,2357.865158,1776314091000
1776314093.372,293.372,0.01,594.15,,,0.03,29.4,0.04,68.4,0.96,68.4,0.95,68.26,0.99,589.15,,,0.02,0.03,2357.887463,1776314092000
1776314094.067,294.067,0.01,568.94,,,0.03,10.0,0.04,50.4,0.97,29.4,0.96,68.4,0.99,594.15,,,0.02,0.02,2358.06374,1776314093000
1776314094.491,294.491,0.01,547.77,,,0.03,10.0,0.04,66.4,0.97,10.0,0.96,50.4,0.99,553.79,,,0.02,0.02,2358.06374,1776314093000
1776314094.929,294.929,0.01,556.75,,,0.04,37.7,0.05,15.26,0.97,10.0,0.96,66.4,0.99,551.75,,,0.03,0.02,2358.06374,1776314093000
1776314095.256,295.256,0.02,15.0,0.01,550.75,0.04,37.7,0.05,52.26,0.96,37.7,0.95,15.26,0.99,556.75,,,0.02,0.03,2358.06374,1776314093000
1776314096.044,296.044,0.01,353.62,,,0.04,47.4,0.05,52.26,0.96,37.7,0.95,52.26,0.98,15.0,0.99,550.75,0.03,0.02,2358.161883,1776314094000
1776314096.46,296.46,0.02,8.88,0.01,353.62,0.03,29.4,0.04,56.0,0.96,75.39,0.95,52.26,0.98,5.0,0.99,353.62,0.01,0.02,2358.175946,1776314095000
1776314096.822,296.822,0.01,353.57,,,0.03,48.4,0.04,62.0,0.97,29.4,0.96,56.0,0.98,7.85,0.99,353.62,0.02,0.01,2358.175946,1776314095000
1776314097.093,297.093,0.01,356.43,,,0.02,5.1,0.03,48.4,0.97,48.4,0.96,62.0,0.99,353.46,,,0.01,0.02,2358.175946,1776314095000
1776314097.363,297.363,0.01,338.92,,,0.02,25.5,0.03,63.4,0.98,15.3,0.97,63.4,0.99,355.41,,,0.01,0.01,2358.26261,1776314096000
1776314098.05,298.05,,,,,0.01,452.87,0.02,59.3,0.98,25.5,0.97,63.4,,,,,,,2358.26261,1776314096000
1776314098.681,298.681,,,,,0.01,5276.13,0.02,50.9,0.99,597.8,0.98,59.3,,,,,,,2358.327815,1776314097000

# RESULT,winner=Down,slug=eth-updown-5m-1776313800,ticks=314
