timestamp,elapsed_sec,up_bid_p1,up_bid_s1,up_bid_p2,up_bid_s2,up_ask_p1,up_ask_s1,up_ask_p2,up_ask_s2,down_bid_p1,down_bid_s1,down_bid_p2,down_bid_s2,down_ask_p1,down_ask_s1,down_ask_p2,down_ask_s2,up_spread,down_spread,eth_price,eth_oracle_ts
1776228901.446,1.446,,,,,,,,,,,,,,,,,,,2334.85884,1776228900000
1776228901.875,1.875,0.46,52.0,0.45,70.0,0.47,135.65,0.48,57.2,0.53,130.65,0.52,155.2,0.54,52.0,0.55,70.0,0.01,0.01,2334.85884,1776228900000
1776228902.142,2.142,0.46,46.44,0.45,70.0,0.47,130.65,0.48,57.2,0.53,130.65,0.52,57.2,0.54,46.44,0.55,70.0,0.01,0.01,2334.66835,1776228901000
1776228902.53,2.53,0.46,46.44,0.45,70.0,0.47,140.65,0.48,47.2,0.53,130.65,0.52,57.2,0.54,46.44,0.55,70.0,0.01,0.01,2334.66835,1776228901000
1776228902.976,2.976,0.45,70.0,0.44,70.0,0.46,13.55,0.47,145.65,0.53,145.65,0.52,47.2,0.54,36.44,0.55,70.0,0.01,0.01,2334.66835,1776228901000
1776228903.33,3.33,0.45,75.0,0.44,75.0,0.46,120.55,0.47,103.12,0.54,13.55,0.53,145.65,0.55,70.0,0.56,70.0,0.01,0.01,2334.66835,1776228901000
1776228903.641,3.641,0.45,38.49,0.44,75.0,0.46,111.35,0.47,103.12,0.54,125.55,0.53,103.12,0.55,33.49,0.56,75.0,0.01,0.01,2334.66835,1776228901000
1776228904.04,4.04,0.45,24.32,0.44,80.0,0.46,106.35,0.47,98.12,0.54,111.35,0.53,103.12,0.55,29.32,0.56,75.0,0.01,0.01,2334.53798,1776228902000
1776228904.267,4.267,0.45,24.32,0.44,80.0,0.46,106.35,0.47,98.12,0.54,106.35,0.53,98.12,0.55,24.32,0.56,80.0,0.01,0.01,2334.43399,1776228903000
1776228904.947,4.947,0.44,65.63,0.43,80.0,0.45,75.0,0.46,42.0,0.55,10.0,0.54,106.35,0.56,67.42,0.57,80.0,0.01,0.01,2334.43399,1776228903000
1776228905.643,5.643,0.44,63.84,0.43,80.0,0.45,90.0,0.46,42.0,0.55,90.0,0.54,42.0,0.56,63.84,0.57,80.0,0.01,0.01,2334.393725,1776228904000
1776228905.943,5.943,0.44,84.38,0.43,80.0,0.45,90.0,0.46,32.0,0.55,90.0,0.54,42.0,0.56,63.84,0.57,80.0,0.01,0.01,2334.393725,1776228904000
1776228906.552,6.552,0.44,79.38,0.43,80.0,0.45,85.0,0.46,32.0,0.55,90.0,0.54,32.0,0.56,84.38,0.57,80.0,0.01,0.01,2334.393725,1776228904000
1776228907.146,7.146,0.44,79.38,0.43,80.0,0.45,85.0,0.46,32.0,0.55,85.0,0.54,32.0,0.56,79.38,0.57,80.0,0.01,0.01,2334.393515,1776228906000
1776228907.88,7.88,0.44,77.59,0.43,80.0,0.45,80.0,0.46,37.0,0.55,75.0,0.54,32.0,0.56,82.59,0.57,80.0,0.01,0.01,2334.393515,1776228906000
1776228908.225,8.225,0.44,75.8,0.43,80.0,0.45,80.0,0.46,32.0,0.55,80.0,0.54,37.0,0.56,77.59,0.57,80.0,0.01,0.01,2334.398575,1776228907000
1776228909.116,9.116,0.44,75.8,0.43,80.0,0.45,80.0,0.46,32.0,0.55,80.0,0.54,32.0,0.56,75.8,0.57,80.0,0.01,0.01,2334.398575,1776228908000
1776228909.946,9.946,0.44,75.8,0.43,80.0,0.46,15.95,0.47,20.0,0.55,80.0,0.54,32.0,0.56,75.8,0.57,80.0,0.02,0.01,2334.398575,1776228908000
1776228910.889,10.889,0.44,14.0,0.38,8.0,0.45,136.98,0.46,215.0,0.54,15.95,0.53,20.0,0.56,75.8,0.57,80.0,0.01,0.02,2334.425345,1776228909000
1776228911.139,11.139,0.37,68.24,0.36,10.0,0.39,16.0,0.4,5.0,0.61,11.0,0.57,5.0,0.63,68.34,0.64,20.0,0.02,0.02,2334.42504,1776228910000
1776228911.489,11.489,0.37,95.06,0.36,80.0,0.38,80.49,0.39,11.0,0.62,85.49,0.61,31.0,0.63,83.24,0.64,15.0,0.01,0.01,2334.42504,1776228910000
1776228911.867,11.867,0.38,50.0,0.37,124.06,0.39,6.0,0.41,25.0,0.62,75.49,0.61,11.0,0.63,124.06,0.64,80.0,0.01,0.01,2334.42504,1776228910000
1776228912.168,12.168,0.38,50.0,0.37,119.06,0.39,19.69,0.4,22.0,0.61,6.0,0.59,25.0,0.62,50.0,0.63,124.06,0.01,0.01,2334.4187,1776228911000
1776228912.892,12.892,0.38,35.67,0.37,119.06,0.39,19.69,0.4,27.0,0.61,19.69,0.6,27.0,0.62,35.67,0.63,119.06,0.01,0.01,2334.223555,1776228912000
1776228913.195,13.195,0.37,199.06,0.36,65.0,0.39,79.69,0.4,116.12,0.61,19.69,0.6,27.0,0.62,35.67,0.63,119.06,0.02,0.01,2334.223555,1776228912000
1776228913.85,13.85,0.37,199.06,0.36,65.0,0.39,79.69,0.4,116.12,0.61,79.69,0.6,116.12,0.63,199.06,0.64,65.0,0.02,0.02,2334.153029,1776228913000
1776228914.322,14.322,0.37,174.06,0.36,10.0,0.38,75.0,0.39,52.01,0.61,79.69,0.6,116.12,0.63,199.06,0.64,65.0,0.01,0.02,2334.153029,1776228913000
1776228914.572,14.572,0.37,165.29,0.36,10.0,0.38,75.0,0.39,128.45,0.62,75.0,0.61,52.01,0.63,174.06,0.64,10.0,0.01,0.01,2334.153029,1776228913000
1776228914.885,14.885,0.37,163.29,0.36,10.0,0.38,75.0,0.39,128.45,0.62,75.0,0.61,128.45,0.63,163.29,0.64,10.0,0.01,0.01,2334.22105,1776228914000
1776228915.838,15.838,0.37,163.29,0.36,10.0,0.38,75.0,0.39,128.45,0.62,75.0,0.61,128.45,0.63,163.29,0.64,10.0,0.01,0.01,2334.124815,1776228915000
1776228916.751,16.751,0.37,168.52,0.36,5.0,0.38,75.0,0.39,92.67,0.62,75.0,0.61,128.45,0.63,163.29,0.64,10.0,0.01,0.01,2334.124815,1776228915000
1776228917.918,17.918,0.37,168.52,0.36,5.0,0.38,75.0,0.39,92.67,0.62,75.0,0.61,92.67,0.63,168.52,0.64,5.0,0.01,0.01,2334.089125,1776228917000
1776228918.296,18.296,0.37,93.52,0.36,5.0,0.38,60.28,0.39,52.01,0.62,75.0,0.61,92.67,0.63,168.52,0.64,5.0,0.01,0.01,2334.089125,1776228917000
1776228918.808,18.808,0.34,5.0,0.33,140.0,0.35,6.0,0.36,56.0,0.62,60.28,0.61,52.01,0.63,93.52,0.64,5.0,0.01,0.01,2334.089125,1776228917000
1776228919.288,19.288,0.33,12.0,0.31,75.0,0.35,114.0,0.36,82.0,0.65,6.0,0.64,56.0,0.66,5.0,0.67,140.0,0.02,0.01,2334.089125,1776228917000
1776228919.74,19.74,0.33,12.0,0.31,80.0,0.34,197.06,0.35,78.0,0.65,114.0,0.64,82.0,0.67,12.0,0.69,75.0,0.01,0.02,2334.089221,1776228918000
1776228920.034,20.034,0.33,12.0,0.31,80.0,0.34,197.06,0.35,78.0,0.66,197.06,0.65,78.0,0.67,12.0,0.69,80.0,0.01,0.01,2334.089091,1776228919000
1776228920.937,20.937,0.33,22.0,0.31,80.0,0.34,209.11,0.35,83.0,0.66,197.06,0.65,78.0,0.67,12.0,0.69,80.0,0.01,0.01,2334.089091,1776228919000
1776228921.152,21.152,0.33,22.0,0.31,80.0,0.34,209.11,0.35,83.0,0.66,209.11,0.65,83.0,0.67,22.0,0.69,80.0,0.01,0.01,2333.977135,1776228920000
1776228922.06,22.06,0.33,5.0,0.32,5.0,0.34,204.11,0.35,83.0,0.66,209.11,0.65,83.0,0.67,22.0,0.69,80.0,0.01,0.01,2333.977135,1776228920000
1776228922.455,22.455,0.33,5.0,0.32,5.0,0.34,204.11,0.35,83.0,0.66,204.11,0.65,83.0,0.67,5.0,0.68,5.0,0.01,0.01,2333.81321,1776228921000
1776228922.918,22.918,0.31,70.0,0.29,15.0,0.33,6.0,0.34,128.05,0.66,204.11,0.65,83.0,0.67,5.0,0.68,5.0,0.02,0.01,2333.81321,1776228921000
1776228923.212,23.212,0.31,55.16,0.3,5.0,0.32,113.0,0.33,48.0,0.68,10.0,0.67,70.0,0.69,51.76,0.71,15.0,0.01,0.01,2333.812055,1776228922000
1776228923.71,23.71,0.27,1.96,0.26,139.0,0.3,10.0,0.31,110.28,0.68,113.0,0.67,48.0,0.69,55.16,0.7,5.0,0.03,0.01,2333.812055,1776228922000
1776228924.276,24.276,0.26,115.96,0.25,5.0,0.29,7.04,0.3,15.0,0.71,7.04,0.7,15.0,0.74,115.96,0.75,5.0,0.03,0.03,2333.8045,1776228923000
1776228924.85,24.85,0.28,5.0,0.26,128.96,0.29,9.31,0.3,25.0,0.71,7.04,0.7,15.0,0.74,115.96,0.75,5.0,0.01,0.03,2333.8045,1776228923000
1776228925.346,25.346,0.28,15.0,0.27,5.0,0.29,89.06,0.3,25.0,0.71,9.31,0.7,25.0,0.72,5.0,0.74,128.96,0.01,0.01,2333.8045,1776228923000
1776228926.001,26.001,0.28,15.0,0.27,5.0,0.29,89.06,0.3,25.0,0.71,89.06,0.7,25.0,0.72,15.0,0.73,5.0,0.01,0.01,2333.649105,1776228924000
1776228926.565,26.565,0.28,15.0,0.27,5.0,0.29,49.57,0.3,20.0,0.71,49.57,0.7,20.0,0.72,15.0,0.73,5.0,0.01,0.01,2333.593628,1776228925000
1776228927.179,27.179,0.28,15.0,0.27,5.0,0.29,49.57,0.3,20.0,0.71,49.57,0.7,20.0,0.72,15.0,0.73,5.0,0.01,0.01,2333.589709,1776228926000
1776228927.398,27.398,0.28,1.43,0.27,5.0,0.29,126.41,0.3,20.0,0.71,49.57,0.7,20.0,0.72,15.0,0.73,5.0,0.01,0.01,2333.589709,1776228926000
1776228928.002,28.002,0.28,1.43,0.27,5.0,0.29,126.41,0.3,20.0,0.71,126.41,0.7,20.0,0.72,1.43,0.73,5.0,0.01,0.01,2333.575468,1776228927000
1776228929.454,29.454,0.28,1.43,0.27,5.0,0.29,126.41,0.3,20.0,0.71,126.41,0.7,20.0,0.72,1.43,0.73,5.0,0.01,0.01,2333.569745,1776228928000
1776228930.118,30.118,0.28,0.04,0.26,105.96,0.29,128.08,0.3,35.0,0.71,128.08,0.7,35.0,0.72,0.04,0.74,105.96,0.01,0.01,2333.565715,1776228929000
1776228930.523,30.523,0.28,0.04,0.26,75.0,0.29,132.56,0.3,78.04,0.71,128.08,0.7,35.0,0.72,0.04,0.74,105.96,0.01,0.01,2333.565715,1776228929000
1776228930.867,30.867,0.28,0.04,0.26,75.0,0.29,132.56,0.3,78.04,0.71,132.56,0.7,78.04,0.72,0.04,0.74,75.0,0.01,0.01,2333.52505,1776228930000
1776228931.41,31.41,0.26,83.55,0.25,10.0,0.27,77.72,0.28,25.0,0.73,39.53,0.72,25.0,0.74,83.55,0.75,10.0,0.01,0.01,2333.52505,1776228930000
1776228931.742,31.742,0.26,143.0,0.25,58.0,0.29,21.56,0.3,10.0,0.73,77.72,0.72,25.0,0.74,83.55,0.75,10.0,0.03,0.01,2333.52505,1776228930000
1776228932.087,32.087,0.32,8.44,0.28,25.0,0.33,16.0,0.34,33.0,0.67,16.0,0.66,33.0,0.68,8.44,0.72,25.0,0.01,0.01,2333.51247,1776228931000
1776228932.407,32.407,0.32,18.16,0.3,17.0,0.33,35.17,0.34,15.0,0.67,38.81,0.66,15.0,0.68,18.16,0.7,17.0,0.01,0.01,2333.51247,1776228931000
1776228932.814,32.814,0.32,19.62,0.3,17.0,0.33,125.17,0.34,20.0,0.67,35.17,0.66,15.0,0.68,18.16,0.7,17.0,0.01,0.01,2333.51247,1776228931000
1776228933.389,33.389,0.32,29.62,0.3,12.0,0.33,128.81,0.34,20.0,0.67,125.17,0.66,20.0,0.68,19.62,0.7,17.0,0.01,0.01,2333.51247,1776228931000
1776228934.046,34.046,0.32,29.62,0.3,12.0,0.33,128.81,0.34,20.0,0.67,128.81,0.66,20.0,0.68,29.62,0.7,12.0,0.01,0.01,2333.722835,1776228933000
1776228934.489,34.489,0.32,14.62,0.31,5.0,0.33,133.81,0.34,20.0,0.67,128.81,0.66,20.0,0.68,29.62,0.7,12.0,0.01,0.01,2333.722835,1776228933000
1776228935.075,35.075,0.32,9.62,0.3,12.0,0.33,128.81,0.34,20.0,0.67,128.81,0.66,20.0,0.68,9.62,0.7,12.0,0.01,0.01,2333.84933,1776228934000
1776228936.397,36.397,0.32,15.0,0.31,65.0,0.33,35.62,0.34,10.0,0.67,122.14,0.66,25.0,0.68,10.0,0.7,12.0,0.01,0.01,2333.84933,1776228934000
1776228936.599,36.599,0.32,1.0,0.31,65.0,0.33,28.62,0.34,10.0,0.67,28.62,0.66,10.0,0.68,20.0,0.69,65.0,0.01,0.01,2333.84933,1776228934000
1776228936.802,36.802,0.32,6.0,0.31,65.0,0.33,78.62,0.34,15.0,0.67,28.62,0.66,10.0,0.68,1.0,0.69,65.0,0.01,0.01,2333.8369,1776228935000
1776228937.26,37.26,0.32,11.0,0.31,65.0,0.33,88.62,0.34,15.0,0.67,88.62,0.66,15.0,0.68,11.0,0.69,65.0,0.01,0.01,2333.83698,1776228936000
1776228938.226,38.226,0.32,0.84,0.31,65.0,0.33,83.62,0.34,15.0,0.67,83.62,0.66,15.0,0.68,0.84,0.69,65.0,0.01,0.01,2333.846985,1776228937000
1776228938.974,38.974,0.31,69.64,0.3,32.0,0.32,91.73,0.33,100.32,0.68,54.86,0.67,110.32,0.69,69.64,0.7,40.0,0.01,0.01,2333.846985,1776228937000
1776228939.206,39.206,0.31,69.64,0.3,32.0,0.32,91.73,0.33,100.32,0.68,91.73,0.67,100.32,0.69,69.64,0.7,32.0,0.01,0.01,2333.952553,1776228938000
1776228939.516,39.516,0.31,64.64,0.3,37.0,0.32,51.1,0.33,10.0,0.68,91.73,0.67,100.32,0.69,69.64,0.7,32.0,0.01,0.01,2333.952553,1776228938000
1776228940.154,40.154,0.31,64.64,0.3,37.0,0.32,51.1,0.33,10.0,0.68,51.1,0.67,10.0,0.69,64.64,0.7,37.0,0.01,0.01,2333.931595,1776228939000
1776228940.642,40.642,0.31,69.49,0.3,37.0,0.32,56.11,0.33,15.0,0.68,51.1,0.67,10.0,0.69,64.64,0.7,37.0,0.01,0.01,2333.931595,1776228939000
1776228941.022,41.022,0.31,66.29,0.3,37.0,0.32,56.11,0.33,15.0,0.68,56.11,0.67,15.0,0.69,67.89,0.7,37.0,0.01,0.01,2333.931595,1776228939000
1776228941.389,41.389,0.31,56.5,0.3,37.0,0.32,56.11,0.33,15.0,0.68,56.11,0.67,15.0,0.69,66.29,0.7,37.0,0.01,0.01,2333.995519,1776228940000
1776228941.739,41.739,0.31,49.9,0.3,37.0,0.32,56.11,0.33,15.0,0.68,56.11,0.67,15.0,0.69,56.5,0.7,37.0,0.01,0.01,2333.995519,1776228940000
1776228942.082,42.082,0.31,58.3,0.3,37.0,0.32,31.11,0.33,15.0,0.68,56.11,0.67,15.0,0.69,49.9,0.7,37.0,0.01,0.01,2333.995519,1776228940000
1776228942.389,42.389,0.31,3.9,0.3,32.0,0.32,61.11,0.33,15.0,0.68,31.11,0.67,15.0,0.69,13.31,0.7,37.0,0.01,0.01,2333.951905,1776228941000
1776228943.017,43.017,0.31,3.9,0.3,32.0,0.32,61.11,0.33,15.0,0.68,61.11,0.67,15.0,0.69,3.9,0.7,32.0,0.01,0.01,2333.975741,1776228942000
1776228943.871,43.871,0.31,8.9,0.3,32.0,0.32,75.04,0.33,15.0,0.68,61.11,0.67,15.0,0.69,3.9,0.7,32.0,0.01,0.01,2333.975741,1776228942000
1776228944.171,44.171,0.31,8.9,0.3,32.0,0.32,75.04,0.33,15.0,0.68,75.04,0.67,15.0,0.69,8.9,0.7,32.0,0.01,0.01,2333.96165,1776228943000
1776228945.092,45.092,0.31,8.9,0.3,32.0,0.32,75.04,0.33,15.0,0.68,75.04,0.67,15.0,0.69,8.9,0.7,32.0,0.01,0.01,2333.95212,1776228944000
1776228945.546,45.546,0.3,11.92,0.29,32.0,0.32,70.04,0.33,15.0,0.68,75.04,0.67,15.0,0.69,8.9,0.7,32.0,0.02,0.01,2333.95212,1776228944000
1776228946.108,46.108,0.3,10.33,0.29,32.0,0.32,75.04,0.33,15.0,0.68,75.04,0.67,15.0,0.7,10.33,0.71,32.0,0.02,0.02,2333.951835,1776228945000
1776228946.994,46.994,0.28,52.14,0.27,143.94,0.32,80.04,0.33,20.0,0.68,75.04,0.67,15.0,0.7,10.33,0.71,32.0,0.04,0.02,2333.951835,1776228945000
1776228947.291,47.291,0.28,75.14,0.27,31.3,0.29,50.0,0.3,15.0,0.68,80.04,0.67,20.0,0.72,52.14,0.73,143.94,0.01,0.04,2333.97966,1776228946000
1776228947.888,47.888,0.26,10.0,0.25,54.2,0.29,119.0,0.3,20.0,0.71,50.0,0.7,15.0,0.72,75.14,0.73,31.3,0.03,0.01,2333.97966,1776228946000
1776228948.209,48.209,0.26,10.0,0.25,64.2,0.27,55.0,0.28,20.0,0.71,119.0,0.7,20.0,0.74,10.0,0.75,54.2,0.01,0.03,2333.9799,1776228947000
1776228948.706,48.706,0.25,62.46,0.24,34.7,0.27,56.25,0.28,20.0,0.73,51.25,0.72,20.0,0.74,33.0,0.75,64.2,0.02,0.01,2333.9799,1776228947000
1776228948.971,48.971,0.26,10.0,0.25,67.46,0.27,29.79,0.28,20.0,0.73,47.54,0.72,20.0,0.75,72.46,0.76,34.7,0.01,0.02,2333.9799,1776228947000
1776228949.468,49.468,0.26,10.0,0.25,67.46,0.27,29.79,0.28,20.0,0.73,29.79,0.72,20.0,0.74,10.0,0.75,67.46,0.01,0.01,2333.960897,1776228948000
1776228949.978,49.978,0.26,10.0,0.25,67.46,0.27,29.79,0.28,20.0,0.73,29.79,0.72,20.0,0.74,10.0,0.75,67.46,0.01,0.01,2333.908025,1776228949000
1776228950.784,50.784,0.25,54.2,0.24,117.69,0.26,101.0,0.27,30.0,0.73,29.79,0.72,20.0,0.74,10.0,0.75,67.46,0.01,0.01,2333.908025,1776228949000
1776228951.77,51.77,0.25,51.23,0.24,122.69,0.26,111.0,0.27,20.0,0.74,101.0,0.73,30.0,0.75,54.2,0.76,117.69,0.01,0.01,2333.77117,1776228950000
1776228952.052,52.052,0.25,51.23,0.24,122.69,0.26,111.0,0.27,20.0,0.74,111.0,0.73,20.0,0.75,51.23,0.76,122.69,0.01,0.01,2333.77876,1776228951000
1776228952.713,52.713,0.25,54.89,0.24,122.69,0.26,111.0,0.27,20.0,0.74,111.0,0.73,20.0,0.75,51.23,0.76,122.69,0.01,0.01,2333.77876,1776228951000
1776228953.007,53.007,0.25,54.89,0.24,122.69,0.26,111.0,0.27,20.0,0.74,111.0,0.73,20.0,0.75,54.89,0.76,122.69,0.01,0.01,2333.805696,1776228952000
1776228953.95,53.95,0.25,54.89,0.24,122.69,0.26,111.0,0.27,20.0,0.74,111.0,0.73,20.0,0.75,54.89,0.76,122.69,0.01,0.01,2333.749075,1776228953000
1776228955.05,55.05,0.25,54.89,0.24,122.69,0.26,111.0,0.27,20.0,0.74,111.0,0.73,20.0,0.75,54.89,0.76,122.69,0.01,0.01,2333.74893,1776228954000
1776228956.057,56.057,0.25,54.89,0.24,122.69,0.26,111.0,0.27,20.0,0.74,111.0,0.73,20.0,0.75,54.89,0.76,122.69,0.01,0.01,2333.748785,1776228955000
1776228956.407,56.407,0.25,32.89,0.24,24.7,0.26,150.0,0.27,20.0,0.74,111.0,0.73,20.0,0.75,54.89,0.76,122.69,0.01,0.01,2333.748785,1776228955000
1776228957.015,57.015,0.25,32.89,0.24,24.7,0.26,150.0,0.27,20.0,0.74,150.0,0.73,20.0,0.75,32.89,0.76,24.7,0.01,0.01,2333.848997,1776228956000
1776228958.103,58.103,0.25,32.89,0.24,24.7,0.26,150.0,0.27,20.0,0.74,150.0,0.73,20.0,0.75,32.89,0.76,24.7,0.01,0.01,2333.75377,1776228957000
1776228959.105,59.105,0.25,32.89,0.24,24.7,0.26,150.0,0.27,20.0,0.74,150.0,0.73,20.0,0.75,32.89,0.76,24.7,0.01,0.01,2333.751268,1776228958000
1776228960.097,60.097,0.23,93.2,0.22,40.0,0.24,92.5,0.25,20.0,0.76,92.5,0.75,20.0,0.77,93.2,0.78,40.0,0.01,0.01,2333.73344,1776228959000
1776228960.519,60.519,0.23,4.88,0.22,20.0,0.24,97.5,0.25,25.0,0.76,92.5,0.75,20.0,0.77,93.2,0.78,40.0,0.01,0.01,2333.73344,1776228959000
1776228961.088,61.088,0.23,4.88,0.22,20.0,0.24,97.5,0.25,25.0,0.76,97.5,0.75,25.0,0.77,4.88,0.78,20.0,0.01,0.01,2333.743835,1776228960000
1776228962.573,62.573,0.23,4.88,0.22,20.0,0.24,97.5,0.25,25.0,0.76,97.5,0.75,25.0,0.77,4.88,0.78,20.0,0.01,0.01,2333.7421,1776228961000
1776228963.045,63.045,0.23,4.88,0.22,20.0,0.24,97.5,0.25,25.0,0.76,97.5,0.75,25.0,0.77,4.88,0.78,20.0,0.01,0.01,2333.74193,1776228962000
1776228964.055,64.055,0.23,4.88,0.22,20.0,0.24,97.5,0.25,25.0,0.76,97.5,0.75,25.0,0.77,4.88,0.78,20.0,0.01,0.01,2333.73725,1776228963000
1776228965.061,65.061,0.23,4.88,0.22,20.0,0.24,97.5,0.25,25.0,0.76,97.5,0.75,25.0,0.77,4.88,0.78,20.0,0.01,0.01,2333.73671,1776228964000
1776228965.957,65.957,0.23,44.88,0.22,10.0,0.24,151.5,0.25,25.0,0.76,97.5,0.75,25.0,0.77,4.88,0.78,20.0,0.01,0.01,2333.73671,1776228964000
1776228966.551,66.551,0.23,44.88,0.22,10.0,0.24,167.61,0.25,30.0,0.76,151.5,0.75,25.0,0.77,44.88,0.78,10.0,0.01,0.01,2333.800352,1776228965000
1776228967.079,67.079,0.23,44.88,0.22,10.0,0.24,167.61,0.25,30.0,0.76,167.61,0.75,30.0,0.77,44.88,0.78,10.0,0.01,0.01,2333.73674,1776228966000
1776228968.105,68.105,0.23,44.88,0.22,10.0,0.24,167.61,0.25,30.0,0.76,167.61,0.75,30.0,0.77,44.88,0.78,10.0,0.01,0.01,2333.69655,1776228967000
1776228968.744,68.744,0.23,44.88,0.22,10.0,0.24,173.44,0.25,20.0,0.76,167.61,0.75,30.0,0.77,44.88,0.78,10.0,0.01,0.01,2333.69655,1776228967000
1776228969.207,69.207,0.23,44.88,0.22,10.0,0.24,173.44,0.25,20.0,0.76,173.44,0.75,20.0,0.77,44.88,0.78,10.0,0.01,0.01,2333.68155,1776228968000
1776228969.674,69.674,0.22,5.0,0.21,55.0,0.23,9.12,0.24,183.44,0.76,173.44,0.75,20.0,0.77,44.88,0.78,10.0,0.01,0.01,2333.68155,1776228968000
1776228969.971,69.971,0.21,55.0,0.2,15.0,0.23,146.12,0.24,47.44,0.77,9.12,0.76,183.44,0.78,5.0,0.79,55.0,0.02,0.01,2333.68155,1776228968000
1776228971.251,71.251,0.21,45.58,0.2,20.05,0.22,40.0,0.23,91.12,0.78,40.0,0.77,91.12,0.79,45.58,0.8,20.05,0.01,0.01,2333.68155,1776228970000
1776228972.1,72.1,0.21,45.58,0.2,20.05,0.22,40.0,0.23,91.12,0.78,40.0,0.77,91.12,0.79,45.58,0.8,20.05,0.01,0.01,2333.62585,1776228971000
1776228973.101,73.101,0.2,8.75,0.19,35.0,0.21,169.0,0.22,40.0,0.78,40.0,0.77,91.12,0.79,45.58,0.8,20.05,0.01,0.01,2333.62585,1776228971000
1776228974.053,74.053,0.2,8.75,0.19,35.0,0.21,169.0,0.22,40.0,0.79,169.0,0.78,40.0,0.8,8.75,0.81,35.0,0.01,0.01,2333.572412,1776228973000
1776228975.616,75.616,0.2,8.75,0.19,35.0,0.21,169.0,0.22,40.0,0.79,169.0,0.78,40.0,0.8,8.75,0.81,35.0,0.01,0.01,2333.559036,1776228974000
1776228976.07,76.07,0.16,155.1,0.15,57.99,0.17,83.0,0.18,32.0,0.8,7.25,0.79,179.0,0.84,35.0,0.85,100.99,0.01,0.04,2333.559036,1776228974000
1776228977.758,77.758,0.16,155.1,0.15,57.99,0.17,66.88,0.18,32.0,0.83,66.88,0.82,32.0,0.84,155.1,0.85,57.99,0.01,0.01,2333.5139,1776228976000
1776228978.379,78.379,0.16,144.1,0.15,57.99,0.17,61.29,0.18,22.0,0.83,61.29,0.82,22.0,0.84,144.1,0.85,57.99,0.01,0.01,2333.498087,1776228977000
1776228979.068,79.068,0.16,144.1,0.15,57.99,0.17,61.29,0.18,22.0,0.83,61.29,0.82,22.0,0.84,144.1,0.85,57.99,0.01,0.01,2333.489955,1776228978000
1776228979.682,79.682,0.16,137.43,0.15,57.99,0.17,56.29,0.18,22.0,0.83,61.29,0.82,22.0,0.84,144.1,0.85,57.99,0.01,0.01,2333.489955,1776228978000
1776228980.526,80.526,0.16,137.43,0.15,57.99,0.17,56.29,0.18,22.0,0.83,56.29,0.82,22.0,0.84,137.43,0.85,57.99,0.01,0.01,2333.503505,1776228979000
1776228981.157,81.157,0.16,137.43,0.15,57.99,0.17,56.29,0.18,22.0,0.83,56.29,0.82,22.0,0.84,137.43,0.85,57.99,0.01,0.01,2333.504865,1776228980000
1776228982.201,82.201,0.16,56.44,0.15,87.99,0.17,56.29,0.18,22.0,0.83,56.29,0.82,22.0,0.84,137.43,0.85,57.99,0.01,0.01,2333.504865,1776228980000
1776228982.427,82.427,0.16,56.44,0.15,87.99,0.17,56.29,0.18,22.0,0.83,56.29,0.82,22.0,0.84,56.44,0.85,87.99,0.01,0.01,2333.5097,1776228981000
1776228982.977,82.977,0.16,56.44,0.15,87.99,0.17,56.29,0.18,22.0,0.83,56.29,0.82,22.0,0.84,56.44,0.85,87.99,0.01,0.01,2333.504705,1776228982000
1776228983.238,83.238,0.16,68.87,0.15,87.99,0.17,77.29,0.18,27.0,0.83,56.29,0.82,22.0,0.84,56.44,0.85,87.99,0.01,0.01,2333.504705,1776228982000
1776228984.084,84.084,0.16,55.13,0.15,87.99,0.17,82.29,0.18,27.0,0.83,82.29,0.82,27.0,0.84,55.13,0.85,87.99,0.01,0.01,2333.588137,1776228983000
1776228984.946,84.946,0.16,244.13,0.15,93.19,0.17,15.0,0.2,17.25,0.83,82.29,0.82,27.0,0.84,55.13,0.85,87.99,0.01,0.01,2333.588137,1776228983000
1776228985.151,85.151,0.19,38.35,0.18,88.0,0.2,8.6,0.21,10.0,0.8,33.6,0.79,10.0,0.81,38.35,0.82,88.0,0.01,0.01,2333.588137,1776228983000
1776228985.424,85.424,0.19,33.35,0.18,88.0,0.2,117.0,0.21,23.66,0.79,8.66,0.78,25.0,0.81,38.35,0.82,88.0,0.01,0.02,2333.49466,1776228984000
1776228986.363,86.363,0.19,33.35,0.18,88.0,0.2,117.0,0.21,23.66,0.8,117.0,0.79,23.66,0.81,33.35,0.82,88.0,0.01,0.01,2333.48596,1776228985000
1776228986.92,86.92,0.19,33.35,0.18,88.0,0.2,117.0,0.21,23.66,0.8,117.0,0.79,23.66,0.81,33.35,0.82,88.0,0.01,0.01,2333.611044,1776228986000
1776228987.554,87.554,0.19,28.4,0.18,86.4,0.2,73.5,0.21,25.0,0.8,117.0,0.79,23.66,0.81,33.35,0.82,88.0,0.01,0.01,2333.611044,1776228986000
1776228988.081,88.081,0.19,28.4,0.18,86.4,0.2,73.5,0.21,25.0,0.8,73.5,0.79,25.0,0.81,28.4,0.82,86.4,0.01,0.01,2333.61767,1776228987000
1776228989.295,89.295,0.19,28.4,0.18,86.4,0.2,73.5,0.21,25.0,0.8,73.5,0.79,25.0,0.81,28.4,0.82,86.4,0.01,0.01,2333.639013,1776228988000
1776228989.512,89.512,0.19,5.0,0.18,76.4,0.21,25.0,0.22,30.0,0.8,53.5,0.79,25.0,0.81,5.0,0.82,76.4,0.02,0.01,2333.639013,1776228988000
1776228989.918,89.918,0.19,5.0,0.18,59.4,0.2,22.0,0.21,25.0,0.79,25.0,0.78,30.0,0.81,5.0,0.82,76.4,0.01,0.02,2333.639013,1776228988000
1776228990.484,90.484,0.19,5.0,0.18,59.4,0.2,22.0,0.21,25.0,0.8,22.0,0.79,25.0,0.81,5.0,0.82,59.4,0.01,0.01,2333.599865,1776228989000
1776228991.141,91.141,0.15,16.66,0.14,74.9,0.17,93.0,0.18,26.0,0.8,22.0,0.79,25.0,0.81,5.0,0.82,59.4,0.02,0.01,2333.599865,1776228989000
1776228991.658,91.658,0.15,17.39,0.14,74.9,0.16,106.0,0.17,70.0,0.83,93.0,0.82,26.0,0.85,16.66,0.86,74.9,0.01,0.02,2333.599865,1776228989000
1776228992.372,92.372,0.14,42.21,0.13,46.8,0.15,12.66,0.16,30.0,0.84,117.0,0.83,75.0,0.86,50.56,0.87,46.8,0.01,0.02,2333.496425,1776228990000
1776228993.302,93.302,0.14,42.21,0.13,46.8,0.15,12.66,0.16,30.0,0.85,12.66,0.84,30.0,0.86,42.21,0.87,46.8,0.01,0.01,2333.48745,1776228992000
1776228994.177,94.177,0.14,42.21,0.13,46.8,0.15,12.66,0.16,30.0,0.85,12.66,0.84,30.0,0.86,42.21,0.87,46.8,0.01,0.01,2333.42552,1776228993000
1776228995.715,95.715,0.14,42.21,0.13,46.8,0.15,12.66,0.16,30.0,0.85,12.66,0.84,30.0,0.86,42.21,0.87,46.8,0.01,0.01,2333.3161,1776228994000
1776228996.458,96.458,0.13,15.0,0.12,302.08,0.15,48.66,0.16,42.0,0.85,48.66,0.84,42.0,0.87,15.0,0.88,302.08,0.02,0.02,2333.271062,1776228995000
1776228997.141,97.141,0.13,15.0,0.12,302.08,0.15,48.66,0.16,42.0,0.85,48.66,0.84,42.0,0.87,15.0,0.88,302.08,0.02,0.02,2333.266267,1776228996000
1776228997.379,97.379,0.13,5.0,0.12,312.08,0.15,41.99,0.16,35.0,0.85,48.66,0.84,42.0,0.87,15.0,0.88,302.08,0.02,0.02,2333.266267,1776228996000
1776228997.942,97.942,0.13,5.0,0.12,312.08,0.15,41.99,0.16,35.0,0.85,41.99,0.84,35.0,0.87,5.0,0.88,312.08,0.02,0.02,2333.400718,1776228997000
1776228998.384,98.384,0.12,215.09,0.09,67.22,0.13,56.0,0.14,50.5,0.85,41.99,0.84,35.0,0.87,5.0,0.88,312.08,0.01,0.02,2333.400718,1776228997000
1776228998.589,98.589,0.12,201.08,0.09,67.22,0.13,56.0,0.14,57.5,0.87,56.0,0.86,50.5,0.88,215.09,0.91,67.22,0.01,0.01,2333.400718,1776228997000
1776228998.834,98.834,0.12,185.49,0.09,67.22,0.13,56.0,0.14,50.5,0.87,56.0,0.86,57.5,0.88,201.08,0.91,67.22,0.01,0.01,2333.400718,1776228997000
1776228999.215,99.215,0.12,101.08,0.09,22.22,0.13,114.0,0.14,73.5,0.87,56.0,0.86,50.5,0.88,135.49,0.91,52.22,0.01,0.01,2333.400718,1776228997000
1776228999.504,99.504,0.09,22.22,0.08,79.38,0.12,7.28,0.13,119.0,0.88,7.28,0.87,119.0,0.91,22.22,0.92,79.38,0.03,0.03,2333.25995,1776228998000
1776229000.15,100.15,0.09,22.22,0.08,79.38,0.12,7.28,0.13,119.0,0.88,7.28,0.87,119.0,0.91,22.22,0.92,79.38,0.03,0.03,2333.25635,1776228999000
1776229000.693,100.693,0.09,9.22,0.08,144.4,0.1,25.0,0.11,15.0,0.88,7.28,0.87,119.0,0.91,22.22,0.92,79.38,0.01,0.03,2333.25635,1776228999000
1776229001.493,101.493,0.09,9.22,0.08,144.4,0.1,25.0,0.11,15.0,0.9,25.0,0.89,15.0,0.91,9.22,0.92,144.4,0.01,0.01,2332.92751,1776229000000
1776229001.881,101.881,0.08,103.15,0.07,139.8,0.09,5.0,0.1,70.0,0.9,25.0,0.89,15.0,0.91,9.22,0.92,144.4,0.01,0.01,2332.92751,1776229000000
1776229002.1,102.1,0.09,5.36,0.08,118.15,0.1,91.0,0.11,20.0,0.91,5.0,0.9,70.0,0.92,103.15,0.93,139.8,0.01,0.01,2332.92751,1776229000000
1776229002.614,102.614,0.08,193.4,0.07,130.8,0.1,25.0,0.11,20.0,0.9,91.0,0.89,20.0,0.91,5.36,0.92,118.15,0.02,0.01,2332.858755,1776229001000
1776229003.353,103.353,0.08,193.4,0.07,130.8,0.1,25.0,0.11,20.0,0.9,25.0,0.89,20.0,0.92,193.4,0.93,130.8,0.02,0.02,2332.976712,1776229002000
1776229003.963,103.963,0.09,15.0,0.08,188.4,0.1,49.05,0.11,20.0,0.9,25.0,0.89,20.0,0.92,193.4,0.93,130.8,0.01,0.02,2332.976712,1776229002000
1776229004.296,104.296,0.09,15.0,0.08,188.4,0.1,49.05,0.11,20.0,0.9,49.05,0.89,20.0,0.91,15.0,0.92,188.4,0.01,0.01,2332.787045,1776229003000
1776229005.296,105.296,0.09,13.74,0.08,22.62,0.1,89.05,0.11,20.0,0.9,89.05,0.89,20.0,0.91,13.74,0.92,22.62,0.01,0.01,2332.85384,1776229004000
1776229005.966,105.966,0.09,13.74,0.08,22.62,0.1,89.05,0.11,20.0,0.9,89.05,0.89,20.0,0.91,13.74,0.92,22.62,0.01,0.01,2333.017297,1776229005000
1776229006.584,106.584,0.09,8.84,0.08,90.61,0.1,49.05,0.11,20.0,0.9,89.05,0.89,20.0,0.91,13.74,0.92,22.62,0.01,0.01,2333.017297,1776229005000
1776229006.797,106.797,0.09,3.84,0.08,90.61,0.1,33.05,0.11,20.0,0.9,49.05,0.89,20.0,0.91,8.84,0.92,90.61,0.01,0.01,2333.017297,1776229005000
1776229007.205,107.205,0.08,83.53,0.07,130.8,0.1,43.05,0.11,15.0,0.9,33.05,0.89,20.0,0.91,3.84,0.92,90.61,0.02,0.01,2333.017297,1776229005000
1776229007.77,107.77,0.09,20.0,0.08,137.43,0.1,6.0,0.11,5.0,0.9,32.05,0.89,15.0,0.92,83.53,0.93,130.8,0.01,0.02,2332.885231,1776229006000
1776229008.002,108.002,0.09,173.99,0.08,136.95,0.11,15.0,0.12,22.28,0.9,6.0,0.89,5.0,0.91,20.0,0.92,137.43,0.02,0.01,2332.885231,1776229006000
1776229008.532,108.532,0.09,173.99,0.08,136.95,0.11,15.0,0.12,22.28,0.89,15.0,0.88,22.28,0.91,173.99,0.92,136.95,0.02,0.02,2332.90266,1776229007000
1776229008.781,108.781,0.1,26.0,0.09,154.99,0.11,36.0,0.12,27.28,0.89,15.0,0.88,22.28,0.91,173.99,0.92,136.95,0.01,0.02,2332.90266,1776229007000
1776229009.613,109.613,0.1,26.0,0.09,154.99,0.11,36.0,0.12,27.28,0.89,36.0,0.88,27.28,0.9,26.0,0.91,154.99,0.01,0.01,2332.911385,1776229008000
1776229010.163,110.163,0.1,31.0,0.09,115.0,0.11,12.81,0.12,27.28,0.89,12.81,0.88,27.28,0.9,31.0,0.91,115.0,0.01,0.01,2332.94797,1776229009000
1776229011.069,111.069,0.1,31.0,0.09,115.0,0.11,12.81,0.12,27.28,0.89,12.81,0.88,27.28,0.9,31.0,0.91,115.0,0.01,0.01,2332.95249,1776229010000
1776229011.622,111.622,0.1,41.0,0.09,115.0,0.11,5.53,0.12,27.28,0.89,12.81,0.88,27.28,0.9,31.0,0.91,115.0,0.01,0.01,2332.95249,1776229010000
1776229012.05,112.05,0.1,41.0,0.09,115.0,0.11,5.53,0.12,27.28,0.89,5.53,0.88,27.28,0.9,41.0,0.91,115.0,0.01,0.01,2332.95349,1776229011000
1776229013.069,113.069,0.1,41.0,0.09,115.0,0.11,5.53,0.12,27.28,0.89,5.53,0.88,27.28,0.9,41.0,0.91,115.0,0.01,0.01,2332.94849,1776229012000
1776229013.677,113.677,0.1,36.0,0.09,115.0,0.13,32.39,0.14,62.5,0.89,5.53,0.88,27.28,0.9,41.0,0.91,115.0,0.03,0.01,2332.94849,1776229012000
1776229014.034,114.034,0.1,36.0,0.09,115.0,0.13,32.39,0.14,62.5,0.87,32.39,0.86,62.5,0.9,36.0,0.91,115.0,0.03,0.03,2333.004915,1776229013000
1776229015.025,115.025,0.1,36.0,0.09,115.0,0.13,32.39,0.14,62.5,0.87,32.39,0.86,62.5,0.9,36.0,0.91,115.0,0.03,0.03,2332.95865,1776229014000
1776229016.108,116.108,0.1,36.0,0.09,115.0,0.13,32.39,0.14,62.5,0.87,32.39,0.86,62.5,0.9,36.0,0.91,115.0,0.03,0.03,2332.96813,1776229015000
1776229017.041,117.041,0.1,36.0,0.09,115.0,0.13,32.39,0.14,62.5,0.87,32.39,0.86,62.5,0.9,36.0,0.91,115.0,0.03,0.03,2332.96813,1776229016000
1776229017.314,117.314,0.11,41.0,0.1,41.0,0.13,22.38,0.14,60.5,0.87,32.39,0.86,62.5,0.9,36.0,0.91,115.0,0.02,0.03,2332.96813,1776229016000
1776229018.013,118.013,0.11,41.0,0.1,41.0,0.13,22.38,0.14,60.5,0.87,22.38,0.86,60.5,0.89,41.0,0.9,41.0,0.02,0.02,2333.126809,1776229017000
1776229019.059,119.059,0.11,41.0,0.1,41.0,0.13,22.38,0.14,60.5,0.87,22.38,0.86,60.5,0.89,41.0,0.9,41.0,0.02,0.02,2333.061925,1776229018000
1776229019.94,119.94,0.11,41.0,0.1,41.0,0.13,22.38,0.14,60.5,0.87,22.38,0.86,60.5,0.89,41.0,0.9,41.0,0.02,0.02,2333.062065,1776229019000
1776229020.867,120.867,0.1,10.0,0.09,110.0,0.11,6.0,0.12,31.0,0.87,22.38,0.86,60.5,0.89,41.0,0.9,41.0,0.01,0.02,2333.062065,1776229019000
1776229022.126,122.126,0.09,115.0,0.08,93.9,0.1,9.89,0.11,21.0,0.89,6.0,0.88,31.0,0.9,10.0,0.91,110.0,0.01,0.01,2333.0525,1776229020000
1776229022.634,122.634,0.09,115.0,0.08,93.9,0.1,9.89,0.11,21.0,0.9,9.89,0.89,21.0,0.91,115.0,0.92,93.9,0.01,0.01,2333.0338,1776229021000
1776229023.22,123.22,0.09,115.0,0.08,93.9,0.1,9.89,0.11,21.0,0.9,9.89,0.89,21.0,0.91,115.0,0.92,93.9,0.01,0.01,2333.068891,1776229022000
1776229023.786,123.786,0.12,26.77,0.09,885.21,0.13,0.38,0.14,5.5,0.9,9.89,0.89,21.0,0.91,115.0,0.92,93.9,0.01,0.01,2333.068891,1776229022000
1776229024.005,124.005,0.41,45.0,0.36,44.43,0.42,5.0,0.43,13.0,0.57,3.0,0.51,3.07,0.64,44.43,0.68,30.48,0.01,0.07,2333.068891,1776229022000
1776229024.227,124.227,0.5,6.25,0.47,30.0,0.51,139.46,0.52,85.0,0.49,126.72,0.48,85.0,0.5,6.25,0.53,30.0,0.01,0.01,2333.068891,1776229022000
1776229024.467,124.467,0.37,64.98,0.36,10.0,0.4,5.45,0.41,75.0,0.61,10.0,0.6,10.0,0.63,64.98,0.64,10.0,0.03,0.02,2333.139301,1776229023000
1776229024.83,124.83,0.37,38.67,0.36,10.0,0.39,5.41,0.4,19.28,0.61,5.41,0.6,19.28,0.63,38.67,0.64,10.0,0.02,0.02,2333.139301,1776229024000
1776229025.106,125.106,0.37,37.08,0.36,10.0,0.39,12.85,0.4,19.28,0.61,10.41,0.6,19.28,0.63,37.08,0.64,10.0,0.02,0.02,2333.139301,1776229024000
1776229025.435,125.435,0.37,37.08,0.36,10.0,0.39,27.85,0.4,24.28,0.61,12.85,0.6,19.28,0.63,37.08,0.64,10.0,0.02,0.02,2333.139301,1776229024000
1776229025.842,125.842,0.38,8.87,0.37,37.08,0.39,32.44,0.4,25.0,0.61,27.85,0.6,24.28,0.63,37.08,0.64,10.0,0.01,0.02,2333.139301,1776229024000
1776229026.166,126.166,0.37,21.34,0.36,10.0,0.39,30.65,0.4,20.0,0.61,30.65,0.6,25.0,0.62,8.87,0.63,37.08,0.02,0.01,2334.367097,1776229025000
1776229026.447,126.447,0.38,10.83,0.37,22.0,0.39,21.88,0.4,15.0,0.61,26.88,0.6,15.0,0.62,16.0,0.63,43.34,0.01,0.01,2334.367097,1776229025000
1776229027.119,127.119,0.38,10.83,0.37,22.0,0.39,21.88,0.4,15.0,0.61,21.88,0.6,15.0,0.62,10.83,0.63,22.0,0.01,0.01,2334.352651,1776229026000
1776229028.151,128.151,0.38,53.36,0.37,45.51,0.39,16.45,0.4,15.0,0.61,22.69,0.6,20.0,0.62,10.83,0.63,27.0,0.01,0.01,2334.352651,1776229026000
1776229028.602,128.602,0.38,7.38,0.37,22.0,0.4,35.0,0.41,65.0,0.6,30.0,0.59,65.0,0.62,21.42,0.63,22.0,0.02,0.02,2334.373,1776229027000
1776229029.037,129.037,0.37,22.0,0.36,10.0,0.39,20.0,0.4,30.0,0.6,35.0,0.59,65.0,0.62,7.38,0.63,22.0,0.02,0.02,2334.373,1776229027000
1776229029.311,129.311,0.37,22.0,0.36,10.0,0.39,20.0,0.4,30.0,0.61,20.0,0.6,30.0,0.63,22.0,0.64,10.0,0.02,0.02,2334.39325,1776229028000
1776229029.52,129.52,0.38,122.53,0.37,27.0,0.39,10.0,0.4,20.0,0.61,10.0,0.6,20.0,0.62,138.87,0.63,27.0,0.01,0.01,2334.39325,1776229028000
1776229030.057,130.057,0.38,148.62,0.37,27.0,0.39,10.0,0.4,20.0,0.61,10.0,0.6,20.0,0.62,124.06,0.63,27.0,0.01,0.01,2334.39325,1776229028000
1776229030.306,130.306,0.39,21.0,0.38,36.09,0.41,64.0,0.42,15.0,0.61,10.0,0.6,20.0,0.62,148.62,0.63,27.0,0.02,0.01,2334.39325,1776229028000
1776229030.891,130.891,0.39,17.04,0.38,36.09,0.41,69.0,0.42,15.0,0.59,69.0,0.58,15.0,0.61,17.04,0.62,36.09,0.02,0.02,2334.511938,1776229030000
1776229031.29,131.29,0.38,5.0,0.37,15.04,0.4,19.0,0.41,64.0,0.6,30.0,0.59,64.0,0.63,0.04,0.64,15.0,0.02,0.03,2334.511938,1776229030000
1776229031.612,131.612,0.38,15.0,0.37,15.04,0.4,16.5,0.41,64.0,0.6,19.0,0.59,64.0,0.62,5.0,0.63,15.04,0.02,0.02,2334.511938,1776229030000
1776229032.09,132.09,0.38,15.0,0.37,15.04,0.4,16.5,0.41,64.0,0.6,16.5,0.59,64.0,0.62,15.0,0.63,15.04,0.02,0.02,2334.501205,1776229031000
1776229033.082,133.082,0.38,15.0,0.37,15.04,0.4,16.5,0.41,64.0,0.6,16.5,0.59,64.0,0.62,15.0,0.63,15.04,0.02,0.02,2334.448749,1776229032000
1776229034.289,134.289,0.38,15.0,0.37,15.04,0.4,16.5,0.41,64.0,0.6,16.5,0.59,64.0,0.62,15.0,0.63,15.04,0.02,0.02,2334.47974,1776229033000
1776229035.059,135.059,0.28,2.7,0.27,10.0,0.29,15.0,0.3,10.0,0.6,16.5,0.59,64.0,0.62,15.0,0.63,15.04,0.01,0.02,2334.47974,1776229033000
1776229035.312,135.312,0.29,16.74,0.28,26.0,0.3,5.0,0.31,67.16,0.69,22.16,0.68,26.0,0.72,12.6,0.73,10.0,0.01,0.03,2334.47974,1776229033000
1776229036.037,136.037,0.29,16.74,0.28,26.0,0.3,5.0,0.31,67.16,0.7,5.0,0.69,67.16,0.71,16.74,0.72,26.0,0.01,0.01,2334.482825,1776229035000
1776229037.095,137.095,0.29,16.74,0.28,26.0,0.3,5.0,0.31,67.16,0.7,5.0,0.69,67.16,0.71,16.74,0.72,26.0,0.01,0.01,2334.23647,1776229036000
1776229038.091,138.091,0.3,14.57,0.29,15.0,0.31,82.16,0.32,21.0,0.69,82.16,0.68,21.0,0.7,14.57,0.71,15.0,0.01,0.01,2334.084384,1776229037000
1776229039.0,139.0,0.3,14.57,0.29,15.0,0.31,82.16,0.32,21.0,0.69,82.16,0.68,21.0,0.7,14.57,0.71,15.0,0.01,0.01,2334.12724,1776229038000
1776229039.41,139.41,0.3,79.3,0.29,20.0,0.31,72.16,0.32,15.0,0.69,82.16,0.68,21.0,0.7,14.57,0.71,15.0,0.01,0.01,2334.12724,1776229038000
1776229039.625,139.625,0.3,256.57,0.29,20.0,0.31,10.0,0.36,50.0,0.69,72.16,0.68,15.0,0.7,79.3,0.71,20.0,0.01,0.01,2334.12724,1776229038000
1776229039.839,139.839,0.3,291.57,0.29,20.0,0.36,50.0,0.39,10.0,0.69,10.0,0.64,50.0,0.7,256.57,0.71,20.0,0.06,0.01,2334.12724,1776229038000
1776229040.968,140.968,0.35,20.0,0.34,10.0,0.36,7.55,0.39,10.0,0.64,7.55,0.61,10.0,0.65,20.0,0.66,10.0,0.01,0.01,2334.128724,1776229040000
1776229041.21,141.21,0.35,71.71,0.34,20.0,0.36,10.05,0.37,5.0,0.64,7.55,0.61,10.0,0.65,20.0,0.66,10.0,0.01,0.01,2334.128724,1776229040000
1776229041.562,141.562,0.35,76.71,0.34,20.0,0.36,4.21,0.37,5.0,0.64,10.05,0.63,5.0,0.65,71.71,0.66,20.0,0.01,0.01,2334.128724,1776229040000
1776229041.986,141.986,0.35,76.71,0.34,20.0,0.36,4.21,0.37,5.0,0.64,4.21,0.63,5.0,0.65,76.71,0.66,20.0,0.01,0.01,2334.333395,1776229041000
1776229042.199,142.199,0.35,96.71,0.34,20.0,0.39,14.21,0.4,16.5,0.64,4.21,0.63,5.0,0.65,76.71,0.66,20.0,0.04,0.01,2334.333395,1776229041000
1776229043.031,143.031,0.35,96.71,0.34,20.0,0.39,14.21,0.4,16.5,0.61,14.21,0.6,16.5,0.65,96.71,0.66,20.0,0.04,0.04,2334.4478,1776229042000
1776229043.949,143.949,0.35,96.71,0.34,20.0,0.39,14.21,0.4,16.5,0.61,14.21,0.6,16.5,0.65,96.71,0.66,20.0,0.04,0.04,2334.4416,1776229043000
1776229044.841,144.841,0.35,96.71,0.34,20.0,0.39,14.21,0.4,16.5,0.61,14.21,0.6,16.5,0.65,96.71,0.66,20.0,0.04,0.04,2334.407975,1776229044000
1776229045.295,145.295,0.37,2.54,0.36,15.0,0.38,19.07,0.39,24.21,0.62,19.07,0.61,24.21,0.63,7.31,0.64,15.0,0.01,0.01,2334.407975,1776229044000
1776229045.713,145.713,0.28,9.9,0.26,5.0,0.34,7.57,0.36,50.0,0.62,29.07,0.61,24.21,0.64,5.0,0.69,32.0,0.06,0.02,2334.407975,1776229044000
1776229045.922,145.922,0.24,41.35,0.21,71.7,0.33,17.46,0.35,5.0,0.66,7.57,0.64,50.0,0.72,3.34,0.76,6.0,0.09,0.06,2334.40525,1776229045000
1776229046.877,146.877,0.24,41.35,0.21,71.7,0.33,17.46,0.35,5.0,0.67,17.46,0.65,5.0,0.76,41.35,0.79,71.7,0.09,0.09,2334.39074,1776229046000
1776229047.287,147.287,0.24,144.0,0.23,130.0,0.3,14.03,0.31,15.0,0.67,17.46,0.65,5.0,0.76,41.35,0.79,71.7,0.06,0.09,2334.39074,1776229046000
1776229047.854,147.854,0.24,10.81,0.23,5.0,0.25,5.0,0.3,14.03,0.7,14.03,0.69,15.0,0.76,144.0,0.77,130.0,0.01,0.06,2334.39074,1776229046000
1776229048.205,148.205,0.24,132.06,0.23,110.0,0.25,10.0,0.26,10.0,0.75,5.0,0.7,14.03,0.76,10.81,0.77,5.0,0.01,0.01,2334.39074,1776229046000
1776229048.444,148.444,0.24,109.47,0.23,110.0,0.25,10.0,0.26,10.0,0.75,10.0,0.74,10.0,0.76,132.06,0.77,110.0,0.01,0.01,2333.96998,1776229047000
1776229049.708,149.708,0.24,109.47,0.23,110.0,0.25,10.0,0.26,10.0,0.75,10.0,0.74,10.0,0.76,109.47,0.77,110.0,0.01,0.01,2333.89893,1776229048000
1776229050.782,150.782,0.24,109.47,0.23,110.0,0.25,10.0,0.26,10.0,0.75,10.0,0.74,10.0,0.76,109.47,0.77,110.0,0.01,0.01,2333.846319,1776229049000
1776229051.236,151.236,0.24,13.15,0.23,5.0,0.25,48.0,0.26,10.0,0.75,10.0,0.74,10.0,0.76,109.47,0.77,110.0,0.01,0.01,2333.846319,1776229049000
1776229051.693,151.693,0.24,13.15,0.23,5.0,0.25,48.0,0.26,10.0,0.75,48.0,0.74,10.0,0.76,13.15,0.77,5.0,0.01,0.01,2333.950533,1776229050000
1776229052.398,152.398,0.24,13.15,0.23,5.0,0.25,48.0,0.26,10.0,0.75,48.0,0.74,10.0,0.76,13.15,0.77,5.0,0.01,0.01,2333.981026,1776229051000
1776229053.056,153.056,0.24,13.15,0.23,5.0,0.25,48.0,0.26,10.0,0.75,48.0,0.74,10.0,0.76,13.15,0.77,5.0,0.01,0.01,2333.967884,1776229052000
1776229053.451,153.451,0.26,80.0,0.25,22.0,0.3,17.0,0.31,66.0,0.75,48.0,0.74,10.0,0.76,13.15,0.77,5.0,0.04,0.01,2333.967884,1776229052000
1776229053.911,153.911,0.29,22.0,0.28,22.0,0.3,27.0,0.31,66.0,0.7,17.0,0.69,66.0,0.74,80.0,0.75,22.0,0.01,0.04,2333.967884,1776229052000
1776229054.535,154.535,0.29,22.0,0.28,22.0,0.3,27.0,0.31,66.0,0.7,27.0,0.69,66.0,0.71,22.0,0.72,22.0,0.01,0.01,2333.968816,1776229053000
1776229055.161,155.161,0.29,22.0,0.28,22.0,0.3,27.0,0.31,66.0,0.7,27.0,0.69,66.0,0.71,22.0,0.72,22.0,0.01,0.01,2333.902551,1776229054000
1776229056.401,156.401,0.29,17.0,0.28,17.0,0.3,25.33,0.31,60.0,0.7,27.0,0.69,66.0,0.71,22.0,0.72,22.0,0.01,0.01,2333.902551,1776229054000
1776229056.623,156.623,0.29,20.59,0.28,17.0,0.3,25.33,0.31,66.0,0.7,25.33,0.69,66.0,0.71,20.59,0.72,17.0,0.01,0.01,2333.959875,1776229055000
1776229057.366,157.366,0.29,20.59,0.28,17.0,0.3,25.33,0.31,66.0,0.7,25.33,0.69,66.0,0.71,20.59,0.72,17.0,0.01,0.01,2333.967542,1776229056000
1776229058.215,158.215,0.29,20.59,0.28,17.0,0.3,25.33,0.31,66.0,0.7,25.33,0.69,66.0,0.71,20.59,0.72,17.0,0.01,0.01,2334.003493,1776229057000
1776229059.546,159.546,0.29,20.59,0.28,17.0,0.3,25.33,0.31,66.0,0.7,25.33,0.69,66.0,0.71,20.59,0.72,17.0,0.01,0.01,2333.97441,1776229058000
1776229060.368,160.368,0.29,20.59,0.28,17.0,0.3,25.33,0.31,66.0,0.7,25.33,0.69,66.0,0.71,20.59,0.72,17.0,0.01,0.01,2333.98111,1776229059000
1776229061.064,161.064,0.29,20.59,0.28,17.0,0.3,25.33,0.31,66.0,0.7,25.33,0.69,66.0,0.71,20.59,0.72,17.0,0.01,0.01,2334.022032,1776229060000
1776229062.004,162.004,0.29,33.59,0.28,12.0,0.3,13.33,0.31,60.0,0.7,25.33,0.69,66.0,0.71,20.59,0.72,17.0,0.01,0.01,2334.022032,1776229060000
1776229062.313,162.313,0.28,12.0,0.27,17.0,0.29,6.4,0.3,2.33,0.71,6.4,0.7,2.33,0.72,12.0,0.73,17.0,0.01,0.01,2333.97559,1776229061000
1776229063.604,163.604,0.28,12.0,0.27,17.0,0.29,6.4,0.3,2.33,0.71,6.4,0.7,2.33,0.72,12.0,0.73,17.0,0.01,0.01,2333.9756,1776229062000
1776229064.01,164.01,0.27,4.06,0.26,10.0,0.29,95.47,0.3,15.0,0.71,77.47,0.7,15.0,0.72,3.07,0.73,12.0,0.02,0.01,2333.9756,1776229062000
1776229064.347,164.347,0.27,4.06,0.26,10.0,0.29,95.47,0.3,15.0,0.71,95.47,0.7,15.0,0.73,4.06,0.74,10.0,0.02,0.02,2333.97878,1776229063000
1776229064.911,164.911,0.27,4.06,0.26,10.0,0.29,95.47,0.3,15.0,0.71,95.47,0.7,15.0,0.73,4.06,0.74,10.0,0.02,0.02,2333.987375,1776229064000
1776229065.978,165.978,0.26,10.0,0.24,10.0,0.27,63.0,0.28,15.0,0.71,95.47,0.7,15.0,0.73,4.06,0.74,10.0,0.01,0.02,2333.987375,1776229064000
1776229066.209,166.209,0.26,10.0,0.24,10.0,0.27,63.0,0.28,15.0,0.73,63.0,0.72,15.0,0.74,10.0,0.76,10.0,0.01,0.01,2334.077545,1776229065000
1776229066.713,166.713,0.19,3.67,0.17,25.5,0.22,10.0,0.24,14.0,0.73,63.0,0.72,15.0,0.74,10.0,0.76,10.0,0.03,0.01,2334.077545,1776229065000
1776229067.154,167.154,0.18,8.78,0.17,31.58,0.2,33.0,0.21,15.0,0.78,10.0,0.77,14.0,0.83,15.64,0.84,36.8,0.02,0.05,2334.077545,1776229065000
1776229067.853,167.853,0.18,123.78,0.17,131.58,0.2,85.62,0.21,20.0,0.8,33.0,0.79,15.0,0.82,8.78,0.83,31.58,0.02,0.02,2334.077545,1776229065000
1776229068.461,168.461,0.18,123.78,0.17,131.58,0.2,85.62,0.21,20.0,0.8,85.62,0.79,20.0,0.82,123.78,0.83,131.58,0.02,0.02,2333.79215,1776229067000
1776229068.84,168.84,0.19,140.0,0.18,143.78,0.2,59.62,0.21,5.0,0.8,85.62,0.79,20.0,0.82,123.78,0.83,131.58,0.01,0.02,2333.79215,1776229067000
1776229069.93,169.93,0.21,10.0,0.2,10.0,0.22,27.0,0.23,10.0,0.78,27.0,0.77,10.0,0.79,10.0,0.8,10.0,0.01,0.01,2333.730715,1776229069000
1776229070.156,170.156,0.21,21.2,0.2,10.0,0.22,100.0,0.23,20.0,0.78,27.0,0.77,10.0,0.79,10.0,0.8,10.0,0.01,0.01,2333.730715,1776229069000
1776229070.453,170.453,0.21,14.87,0.2,10.0,0.22,105.0,0.23,20.0,0.78,100.0,0.77,20.0,0.79,21.2,0.8,10.0,0.01,0.01,2333.730715,1776229069000
1776229070.924,170.924,0.21,14.87,0.2,10.0,0.22,105.0,0.23,20.0,0.78,105.0,0.77,20.0,0.79,14.87,0.8,10.0,0.01,0.01,2333.68705,1776229070000
1776229071.874,171.874,0.21,14.87,0.2,10.0,0.22,105.0,0.23,20.0,0.78,105.0,0.77,20.0,0.79,14.87,0.8,10.0,0.01,0.01,2333.72205,1776229071000
1776229072.908,172.908,0.21,14.87,0.2,10.0,0.22,105.0,0.23,20.0,0.78,105.0,0.77,20.0,0.79,14.87,0.8,10.0,0.01,0.01,2333.73695,1776229072000
1776229073.63,173.63,0.21,8.67,0.2,15.0,0.22,110.0,0.23,20.0,0.78,105.0,0.77,20.0,0.79,14.87,0.8,10.0,0.01,0.01,2333.73695,1776229072000
1776229073.915,173.915,0.21,8.67,0.2,15.0,0.22,110.0,0.23,20.0,0.78,110.0,0.77,20.0,0.79,8.67,0.8,15.0,0.01,0.01,2333.72603,1776229073000
1776229074.837,174.837,0.21,8.67,0.2,15.0,0.22,110.0,0.23,20.0,0.78,110.0,0.77,20.0,0.79,8.67,0.8,15.0,0.01,0.01,2333.69495,1776229074000
1776229076.286,176.286,0.21,8.67,0.2,15.0,0.22,110.0,0.23,20.0,0.78,110.0,0.77,20.0,0.79,8.67,0.8,15.0,0.01,0.01,2333.6974,1776229075000
1776229076.889,176.889,0.21,8.67,0.2,15.0,0.22,110.0,0.23,20.0,0.78,110.0,0.77,20.0,0.79,8.67,0.8,15.0,0.01,0.01,2333.703616,1776229076000
1776229078.291,178.291,0.21,8.67,0.2,15.0,0.22,110.0,0.23,20.0,0.78,110.0,0.77,20.0,0.79,8.67,0.8,15.0,0.01,0.01,2333.76854,1776229077000
1776229078.592,178.592,0.21,77.67,0.2,15.0,0.26,5.0,0.27,5.0,0.78,110.0,0.77,20.0,0.79,8.67,0.8,15.0,0.05,0.01,2333.76854,1776229077000
1776229079.298,179.298,0.25,47.0,0.24,16.0,0.26,2.0,0.27,15.0,0.74,2.0,0.73,15.0,0.75,47.0,0.76,16.0,0.01,0.01,2333.779555,1776229078000
1776229080.678,180.678,0.24,6.0,0.23,30.0,0.26,50.94,0.27,20.0,0.74,2.0,0.73,15.0,0.75,47.0,0.76,16.0,0.02,0.01,2333.779555,1776229078000
1776229080.904,180.904,0.24,6.0,0.23,30.0,0.26,50.94,0.27,20.0,0.74,50.94,0.73,20.0,0.76,6.0,0.77,30.0,0.02,0.02,2333.792735,1776229079000
1776229081.645,181.645,0.24,6.0,0.23,30.0,0.26,50.94,0.27,20.0,0.74,50.94,0.73,20.0,0.76,6.0,0.77,30.0,0.02,0.02,2333.88814,1776229080000
1776229082.488,182.488,0.24,6.0,0.23,30.0,0.26,50.94,0.27,20.0,0.74,50.94,0.73,20.0,0.76,6.0,0.77,30.0,0.02,0.02,2333.89795,1776229081000
1776229082.961,182.961,0.24,87.0,0.23,35.0,0.25,21.46,0.26,10.0,0.75,86.46,0.74,22.0,0.76,6.0,0.77,20.0,0.01,0.01,2333.89795,1776229081000
1776229083.229,183.229,0.24,87.0,0.23,35.0,0.25,21.46,0.26,10.0,0.75,21.46,0.74,10.0,0.76,87.0,0.77,35.0,0.01,0.01,2333.85854,1776229082000
1776229083.633,183.633,0.24,49.0,0.23,35.0,0.25,13.46,0.26,25.0,0.75,21.46,0.74,10.0,0.76,87.0,0.77,35.0,0.01,0.01,2333.85854,1776229082000
1776229084.67,184.67,0.24,49.0,0.23,35.0,0.25,13.46,0.26,25.0,0.75,13.46,0.74,25.0,0.76,49.0,0.77,35.0,0.01,0.01,2333.924917,1776229083000
1776229085.294,185.294,0.23,35.0,0.22,15.0,0.25,112.53,0.26,25.0,0.75,112.53,0.74,25.0,0.77,35.0,0.78,15.0,0.02,0.02,2333.88576,1776229084000
1776229085.5,185.5,0.24,17.82,0.23,35.0,0.25,25.01,0.26,25.0,0.75,112.53,0.74,25.0,0.77,35.0,0.78,15.0,0.01,0.02,2333.88576,1776229084000
1776229085.868,185.868,0.24,27.55,0.23,35.0,0.25,25.01,0.26,25.0,0.75,25.01,0.74,25.0,0.76,17.82,0.77,35.0,0.01,0.01,2333.88576,1776229084000
1776229087.564,187.564,0.24,27.55,0.23,35.0,0.25,25.01,0.26,25.0,0.75,25.01,0.74,25.0,0.76,27.55,0.77,35.0,0.01,0.01,2333.883555,1776229086000
1776229088.247,188.247,0.24,27.55,0.23,35.0,0.25,25.01,0.26,25.0,0.75,25.01,0.74,25.0,0.76,27.55,0.77,35.0,0.01,0.01,2333.90079,1776229087000
1776229089.508,189.508,0.24,27.55,0.23,35.0,0.25,25.01,0.26,25.0,0.75,25.01,0.74,25.0,0.76,27.55,0.77,35.0,0.01,0.01,2333.92092,1776229088000
1776229090.23,190.23,0.24,67.55,0.23,35.0,0.25,39.37,0.26,25.0,0.75,39.37,0.74,25.0,0.76,67.55,0.77,35.0,0.01,0.01,2333.993746,1776229089000
1776229091.063,191.063,0.23,30.0,0.22,20.0,0.25,49.37,0.26,25.0,0.75,39.37,0.74,25.0,0.76,67.55,0.77,35.0,0.02,0.01,2333.993746,1776229089000
1776229091.631,191.631,0.23,30.0,0.22,20.0,0.25,49.37,0.26,25.0,0.75,49.37,0.74,25.0,0.77,30.0,0.78,20.0,0.02,0.02,2333.92688,1776229090000
1776229092.323,192.323,0.23,30.0,0.22,20.0,0.25,49.37,0.26,25.0,0.75,49.37,0.74,25.0,0.77,30.0,0.78,20.0,0.02,0.02,2333.9338,1776229091000
1776229092.991,192.991,0.23,30.0,0.22,20.0,0.25,49.37,0.26,25.0,0.75,49.37,0.74,25.0,0.77,30.0,0.78,20.0,0.02,0.02,2333.92851,1776229092000
1776229094.434,194.434,0.23,30.0,0.22,20.0,0.25,49.37,0.26,25.0,0.75,49.37,0.74,25.0,0.77,30.0,0.78,20.0,0.02,0.02,2333.923735,1776229093000
1776229094.927,194.927,0.23,40.0,0.22,25.0,0.24,8.14,0.25,20.01,0.75,49.37,0.74,25.0,0.77,30.0,0.78,20.0,0.01,0.02,2333.923735,1776229093000
1776229095.139,195.139,0.23,40.0,0.22,25.0,0.24,8.14,0.25,20.01,0.76,8.14,0.75,20.01,0.77,40.0,0.78,25.0,0.01,0.01,2333.92617,1776229094000
1776229095.567,195.567,0.23,16.77,0.22,15.0,0.24,50.13,0.25,25.01,0.76,8.14,0.75,20.01,0.77,40.0,0.78,25.0,0.01,0.01,2333.92617,1776229094000
1776229096.392,196.392,0.23,41.77,0.22,15.0,0.25,5.01,0.28,5.0,0.76,43.13,0.75,25.01,0.77,16.77,0.78,15.0,0.02,0.01,2333.92617,1776229094000
1776229096.619,196.619,0.27,12.19,0.26,15.0,0.28,5.0,0.29,5.0,0.72,5.0,0.71,5.0,0.73,12.19,0.74,15.0,0.01,0.01,2333.997447,1776229095000
1776229097.259,197.259,0.27,12.19,0.26,15.0,0.28,5.0,0.29,5.0,0.72,5.0,0.71,5.0,0.73,12.19,0.74,15.0,0.01,0.01,2334.001098,1776229096000
1776229097.576,197.576,0.26,11.74,0.25,28.0,0.28,5.62,0.29,84.69,0.72,5.0,0.71,5.0,0.73,12.19,0.74,15.0,0.02,0.01,2334.001098,1776229096000
1776229098.142,198.142,0.29,17.95,0.28,20.0,0.3,16.79,0.31,10.0,0.7,11.79,0.69,5.0,0.72,10.0,0.73,15.0,0.01,0.02,2334.001098,1776229096000
1776229098.541,198.541,0.29,12.95,0.28,20.0,0.3,68.28,0.32,5.0,0.7,16.79,0.69,10.0,0.71,17.95,0.72,20.0,0.01,0.01,2334.001098,1776229096000
1776229098.886,198.886,0.29,4.45,0.28,20.0,0.3,3.28,0.32,5.0,0.7,3.28,0.68,5.0,0.71,4.45,0.72,20.0,0.01,0.01,2334.080621,1776229098000
1776229099.584,199.584,0.26,6.74,0.25,33.0,0.3,41.08,0.31,5.0,0.7,3.28,0.68,5.0,0.71,4.45,0.72,20.0,0.04,0.01,2334.080621,1776229098000
1776229100.001,200.001,0.27,3.51,0.26,2.68,0.29,51.08,0.3,15.0,0.71,10.0,0.7,51.08,0.73,13.49,0.74,2.68,0.02,0.02,2334.080621,1776229098000
1776229100.456,200.456,0.27,2.08,0.26,10.0,0.28,20.0,0.29,46.08,0.72,15.0,0.71,46.08,0.75,32.87,0.76,34.0,0.01,0.03,2334.01277,1776229099000
1776229101.117,201.117,0.27,2.08,0.26,10.0,0.28,20.0,0.29,46.08,0.72,20.0,0.71,46.08,0.73,2.08,0.74,10.0,0.01,0.01,2334.101335,1776229100000
1776229101.358,201.358,0.26,23.85,0.25,32.87,0.27,56.93,0.28,15.0,0.73,51.93,0.72,15.0,0.74,25.0,0.75,32.87,0.01,0.01,2334.101335,1776229100000
1776229101.663,201.663,0.25,5.0,0.24,5.0,0.27,66.93,0.28,20.0,0.73,61.93,0.72,20.0,0.74,10.0,0.75,5.0,0.02,0.01,2334.101335,1776229100000
1776229102.037,202.037,0.21,45.9,0.2,27.5,0.22,51.0,0.23,15.0,0.78,10.0,0.77,10.0,0.79,42.87,0.8,27.5,0.01,0.01,2334.101335,1776229100000
1776229102.247,202.247,0.21,45.9,0.2,27.5,0.22,28.5,0.23,15.0,0.78,28.5,0.77,15.0,0.79,45.9,0.8,27.5,0.01,0.01,2334.1219,1776229101000
1776229102.47,202.47,0.21,35.9,0.2,32.5,0.22,33.5,0.23,20.0,0.78,28.5,0.77,15.0,0.79,45.9,0.8,27.5,0.01,0.01,2334.1219,1776229101000
1776229102.806,202.806,0.21,22.9,0.2,32.5,0.22,38.5,0.23,20.0,0.78,33.5,0.77,20.0,0.79,35.9,0.8,32.5,0.01,0.01,2334.1219,1776229101000
1776229103.29,203.29,0.21,22.9,0.2,32.5,0.22,38.5,0.23,20.0,0.78,38.5,0.77,20.0,0.79,22.9,0.8,32.5,0.01,0.01,2334.149675,1776229102000
1776229103.671,203.671,0.21,30.21,0.2,52.5,0.22,33.5,0.23,20.0,0.78,38.5,0.77,20.0,0.79,22.9,0.8,32.5,0.01,0.01,2334.149675,1776229102000
1776229103.907,203.907,0.21,32.23,0.2,52.5,0.22,24.22,0.23,20.0,0.78,33.5,0.77,20.0,0.79,27.23,0.8,52.5,0.01,0.01,2334.149675,1776229102000
1776229104.375,204.375,0.21,32.23,0.2,52.5,0.22,24.22,0.23,20.0,0.78,24.22,0.77,20.0,0.79,32.23,0.8,52.5,0.01,0.01,2334.026006,1776229103000
1776229104.964,204.964,0.21,32.23,0.2,52.5,0.22,24.22,0.23,20.0,0.78,24.22,0.77,20.0,0.79,32.23,0.8,52.5,0.01,0.01,2334.025025,1776229104000
1776229105.802,205.802,0.21,53.35,0.2,15.0,0.22,20.01,0.23,20.0,0.78,24.22,0.77,20.0,0.79,32.23,0.8,52.5,0.01,0.01,2334.025025,1776229104000
1776229106.175,206.175,0.21,53.35,0.2,15.0,0.22,20.01,0.23,20.0,0.78,20.01,0.77,20.0,0.79,53.35,0.8,15.0,0.01,0.01,2334.020015,1776229105000
1776229107.185,207.185,0.21,53.35,0.2,15.0,0.22,20.01,0.23,20.0,0.78,20.01,0.77,20.0,0.79,53.35,0.8,15.0,0.01,0.01,2334.087988,1776229106000
1776229108.147,208.147,0.19,23.4,0.18,29.4,0.22,30.01,0.23,20.0,0.78,20.01,0.77,20.0,0.79,53.35,0.8,15.0,0.03,0.01,2334.087988,1776229106000
1776229108.615,208.615,0.18,0.56,0.15,10.0,0.19,92.0,0.2,37.0,0.78,25.01,0.77,20.0,0.81,22.16,0.82,29.4,0.01,0.03,2334.083135,1776229107000
1776229109.291,209.291,0.13,80.46,0.12,50.0,0.16,26.0,0.17,26.0,0.84,26.0,0.83,26.0,0.87,80.46,0.88,50.0,0.03,0.03,2334.0563,1776229108000
1776229110.278,210.278,0.13,102.07,0.12,50.0,0.15,18.93,0.16,26.0,0.86,18.14,0.85,20.0,0.87,102.07,0.88,50.0,0.02,0.01,2334.0563,1776229108000
1776229110.968,210.968,0.13,102.07,0.12,50.0,0.15,19.93,0.16,31.0,0.85,19.93,0.84,31.0,0.87,102.07,0.88,50.0,0.02,0.02,2333.96452,1776229110000
1776229111.236,211.236,0.13,95.07,0.12,55.0,0.14,29.32,0.15,19.93,0.85,19.93,0.84,31.0,0.87,102.07,0.88,50.0,0.01,0.02,2333.96452,1776229110000
1776229111.545,211.545,0.13,98.8,0.12,55.0,0.14,59.32,0.15,19.93,0.86,29.32,0.85,19.93,0.87,95.07,0.88,55.0,0.01,0.01,2333.96452,1776229110000
1776229112.127,212.127,0.13,98.8,0.12,55.0,0.14,59.32,0.15,19.93,0.86,59.32,0.85,19.93,0.87,98.8,0.88,55.0,0.01,0.01,2333.910577,1776229111000
1776229113.1,213.1,0.13,98.8,0.12,55.0,0.14,59.32,0.15,19.93,0.86,59.32,0.85,19.93,0.87,98.8,0.88,55.0,0.01,0.01,2333.754415,1776229112000
1776229113.689,213.689,0.13,93.37,0.12,99.1,0.14,44.32,0.15,19.93,0.86,59.32,0.85,19.93,0.87,98.8,0.88,55.0,0.01,0.01,2333.754415,1776229112000
1776229114.061,214.061,0.13,93.37,0.12,99.1,0.14,44.32,0.15,19.93,0.86,44.32,0.85,19.93,0.87,93.37,0.88,99.1,0.01,0.01,2333.76674,1776229113000
1776229115.051,215.051,0.13,93.37,0.12,60.0,0.14,31.93,0.15,19.93,0.86,31.93,0.85,19.93,0.87,93.37,0.88,60.0,0.01,0.01,2333.84195,1776229114000
1776229115.809,215.809,0.12,5.47,0.11,46.79,0.14,61.93,0.15,14.93,0.86,31.93,0.85,19.93,0.87,93.37,0.88,60.0,0.02,0.01,2333.84195,1776229114000
1776229116.136,216.136,0.12,5.47,0.11,46.79,0.14,61.93,0.15,14.93,0.86,61.93,0.85,14.93,0.88,5.47,0.89,46.79,0.02,0.02,2333.803325,1776229115000
1776229116.823,216.823,0.12,28.65,0.11,46.79,0.13,50.0,0.14,38.32,0.86,61.93,0.85,14.93,0.88,5.47,0.89,46.79,0.01,0.02,2333.803325,1776229115000
1776229118.002,218.002,0.12,28.65,0.11,46.79,0.13,50.0,0.14,38.32,0.87,50.0,0.86,38.32,0.88,28.65,0.89,46.79,0.01,0.01,2333.898514,1776229117000
1776229118.988,218.988,0.12,28.65,0.11,46.79,0.13,50.0,0.14,38.32,0.87,50.0,0.86,38.32,0.88,28.65,0.89,46.79,0.01,0.01,2333.876174,1776229118000
1776229119.861,219.861,0.11,46.79,0.1,86.25,0.12,74.17,0.13,55.0,0.87,50.0,0.86,38.32,0.88,28.65,0.89,46.79,0.01,0.01,2333.876174,1776229118000
1776229120.082,220.082,0.11,46.79,0.1,86.25,0.12,74.17,0.13,55.0,0.88,74.17,0.87,55.0,0.89,46.79,0.9,86.25,0.01,0.01,2333.77785,1776229119000
1776229120.541,220.541,0.09,105.0,0.08,75.0,0.12,130.17,0.13,30.0,0.88,74.17,0.87,55.0,0.89,46.79,0.9,86.25,0.03,0.01,2333.77785,1776229119000
1776229121.148,221.148,0.08,74.36,0.07,119.29,0.09,10.0,0.1,43.0,0.91,10.0,0.9,43.0,0.92,74.36,0.93,119.29,0.01,0.01,2333.77785,1776229120000
1776229121.65,221.65,0.08,66.98,0.07,103.55,0.09,35.01,0.1,48.0,0.91,10.0,0.9,43.0,0.92,74.36,0.93,119.29,0.01,0.01,2333.77785,1776229120000
1776229122.198,222.198,0.08,66.98,0.07,103.55,0.09,35.01,0.1,48.0,0.91,35.01,0.9,48.0,0.92,66.98,0.93,103.55,0.01,0.01,2333.77785,1776229121000
1776229123.174,223.174,0.08,66.98,0.07,103.55,0.09,35.01,0.1,48.0,0.91,35.01,0.9,48.0,0.92,66.98,0.93,103.55,0.01,0.01,2333.630888,1776229122000
1776229124.186,224.186,0.08,66.98,0.07,103.55,0.09,35.01,0.1,48.0,0.91,35.01,0.9,48.0,0.92,66.98,0.93,103.55,0.01,0.01,2333.628804,1776229123000
1776229124.499,224.499,0.08,66.98,0.07,65.3,0.09,18.62,0.1,43.0,0.91,35.01,0.9,48.0,0.92,66.98,0.93,103.55,0.01,0.01,2333.628804,1776229123000
1776229125.207,225.207,0.08,66.98,0.07,65.3,0.09,18.62,0.1,43.0,0.91,18.62,0.9,43.0,0.92,66.98,0.93,65.3,0.01,0.01,2333.646127,1776229124000
1776229125.745,225.745,0.08,66.98,0.07,65.3,0.09,1.39,0.1,43.0,0.91,18.62,0.9,43.0,0.92,66.98,0.93,65.3,0.01,0.01,2333.646127,1776229124000
1776229126.146,226.146,0.08,66.98,0.07,65.3,0.09,1.39,0.1,43.0,0.91,1.39,0.9,43.0,0.92,66.98,0.93,65.3,0.01,0.01,2333.644403,1776229125000
1776229127.078,227.078,0.08,66.98,0.07,65.3,0.09,1.39,0.1,43.0,0.91,1.39,0.9,43.0,0.92,66.98,0.93,65.3,0.01,0.01,2333.615843,1776229126000
1776229128.049,228.049,0.08,66.98,0.07,65.3,0.09,1.39,0.1,43.0,0.91,1.39,0.9,43.0,0.92,66.98,0.93,65.3,0.01,0.01,2333.614397,1776229127000
1776229129.052,229.052,0.08,66.98,0.07,65.3,0.09,1.39,0.1,43.0,0.91,1.39,0.9,43.0,0.92,66.98,0.93,65.3,0.01,0.01,2333.64109,1776229128000
1776229130.119,230.119,0.08,66.98,0.07,65.3,0.09,1.39,0.1,43.0,0.91,1.39,0.9,43.0,0.92,66.98,0.93,65.3,0.01,0.01,2333.66888,1776229129000
1776229130.876,230.876,0.08,1.98,0.07,65.3,0.09,5.0,0.1,20.0,0.91,1.39,0.9,43.0,0.92,66.98,0.93,65.3,0.01,0.01,2333.66888,1776229129000
1776229131.13,231.13,0.08,1.98,0.07,65.3,0.09,5.0,0.1,20.0,0.91,5.0,0.9,20.0,0.92,1.98,0.93,65.3,0.01,0.01,2333.66815,1776229130000
1776229131.978,231.978,0.08,1.98,0.07,65.3,0.09,5.0,0.1,20.0,0.91,5.0,0.9,20.0,0.92,1.98,0.93,65.3,0.01,0.01,2333.66194,1776229131000
1776229132.638,232.638,0.08,11.73,0.07,79.72,0.09,15.0,0.1,15.0,0.91,5.0,0.9,20.0,0.92,1.98,0.93,65.3,0.01,0.01,2333.66194,1776229131000
1776229132.958,232.958,0.08,11.73,0.07,79.72,0.09,15.0,0.1,15.0,0.91,15.0,0.9,15.0,0.92,11.73,0.93,79.72,0.01,0.01,2333.661895,1776229132000
1776229133.937,233.937,0.08,11.73,0.07,79.72,0.09,15.0,0.1,15.0,0.91,15.0,0.9,15.0,0.92,11.73,0.93,79.72,0.01,0.01,2333.67706,1776229133000
1776229134.941,234.941,0.08,11.73,0.07,79.72,0.09,15.0,0.1,15.0,0.91,15.0,0.9,15.0,0.92,11.73,0.93,79.72,0.01,0.01,2333.67822,1776229134000
1776229135.905,235.905,0.08,11.73,0.07,79.72,0.09,15.0,0.1,15.0,0.91,15.0,0.9,15.0,0.92,11.73,0.93,79.72,0.01,0.01,2333.67738,1776229135000
1776229136.842,236.842,0.08,11.73,0.07,79.72,0.09,15.0,0.1,15.0,0.91,15.0,0.9,15.0,0.92,11.73,0.93,79.72,0.01,0.01,2333.677455,1776229136000
1776229137.785,237.785,0.08,11.73,0.07,79.72,0.09,15.0,0.1,15.0,0.91,15.0,0.9,15.0,0.92,11.73,0.93,79.72,0.01,0.01,2333.681683,1776229137000
1776229139.126,239.126,0.13,20.0,0.12,10.0,0.14,7.46,0.15,20.0,0.91,15.0,0.9,15.0,0.92,11.73,0.93,79.72,0.01,0.01,2333.681683,1776229137000
1776229139.369,239.369,0.14,10.0,0.13,15.0,0.16,43.52,0.17,15.0,0.84,43.52,0.83,15.0,0.86,10.0,0.87,15.0,0.02,0.02,2333.69458,1776229138000
1776229139.921,239.921,0.15,13.82,0.14,10.0,0.16,10.0,0.17,15.0,0.84,10.0,0.83,15.0,0.85,13.82,0.86,10.0,0.01,0.01,2333.700665,1776229139000
1776229140.467,240.467,0.13,13.85,0.12,10.0,0.15,15.0,0.16,66.0,0.84,10.0,0.83,15.0,0.85,13.82,0.86,10.0,0.02,0.01,2333.700665,1776229139000
1776229140.764,240.764,0.13,11.85,0.12,10.0,0.15,25.0,0.16,66.0,0.85,15.0,0.84,66.0,0.87,13.85,0.88,10.0,0.02,0.02,2333.700665,1776229139000
1776229141.127,241.127,0.12,41.75,0.11,46.79,0.24,4.03,0.25,29.2,0.86,10.0,0.85,25.0,0.88,7.65,0.89,46.79,0.12,0.02,2333.745625,1776229140000
1776229141.572,241.572,0.15,10.0,0.14,10.0,0.18,5.0,0.19,20.0,0.76,4.03,0.75,29.2,0.88,41.75,0.89,46.79,0.03,0.12,2333.745625,1776229140000
1776229141.848,241.848,0.17,10.0,0.16,15.0,0.18,33.69,0.19,20.0,0.82,5.0,0.81,20.0,0.85,10.0,0.86,10.0,0.01,0.03,2333.745625,1776229140000
1776229142.056,242.056,0.17,7.83,0.16,15.0,0.18,43.69,0.19,20.0,0.82,33.69,0.81,20.0,0.83,10.0,0.84,15.0,0.01,0.01,2333.92203,1776229141000
1776229142.393,242.393,0.12,27.58,0.11,96.79,0.18,38.69,0.19,20.0,0.82,43.69,0.81,20.0,0.83,7.83,0.84,15.0,0.06,0.01,2333.92203,1776229141000
1776229142.7,242.7,0.13,34.22,0.12,37.58,0.15,40.0,0.16,15.0,0.82,38.69,0.81,20.0,0.88,27.58,0.89,96.79,0.02,0.06,2333.92203,1776229141000
1776229143.003,243.003,0.13,16.64,0.12,37.58,0.15,45.0,0.16,20.0,0.85,40.0,0.84,15.0,0.87,34.22,0.88,37.58,0.02,0.02,2333.92203,1776229141000
1776229143.524,243.524,0.14,54.9,0.13,16.64,0.15,2.0,0.16,5.0,0.85,45.0,0.84,20.0,0.87,16.64,0.88,37.58,0.01,0.02,2334.014187,1776229142000
1776229144.011,244.011,0.18,20.0,0.17,28.0,0.19,10.0,0.2,15.0,0.85,2.0,0.84,5.0,0.86,54.9,0.87,16.64,0.01,0.01,2334.014187,1776229142000
1776229145.079,245.079,0.18,20.0,0.17,28.0,0.19,10.0,0.2,15.0,0.81,10.0,0.8,15.0,0.82,20.0,0.83,28.0,0.01,0.01,2333.98986,1776229144000
1776229145.49,245.49,0.18,7.0,0.17,33.0,0.19,10.0,0.2,20.0,0.81,10.0,0.8,15.0,0.82,20.0,0.83,28.0,0.01,0.01,2333.98986,1776229144000
1776229145.72,245.72,0.18,17.0,0.17,28.0,0.19,7.57,0.2,20.0,0.81,10.0,0.8,20.0,0.82,7.0,0.83,33.0,0.01,0.01,2333.98986,1776229144000
1776229146.086,246.086,0.18,15.78,0.17,28.0,0.19,12.3,0.2,20.0,0.81,12.3,0.8,20.0,0.82,15.78,0.83,28.0,0.01,0.01,2334.05066,1776229145000
1776229147.077,247.077,0.18,15.78,0.17,28.0,0.19,7.03,0.2,20.0,0.81,7.03,0.8,20.0,0.82,15.78,0.83,28.0,0.01,0.01,2334.05948,1776229146000
1776229148.109,248.109,0.18,5.78,0.17,28.0,0.2,25.0,0.21,15.0,0.8,25.0,0.79,15.0,0.82,5.78,0.83,28.0,0.02,0.02,2334.05989,1776229147000
1776229149.106,249.106,0.18,5.78,0.17,28.0,0.2,25.0,0.21,15.0,0.8,25.0,0.79,15.0,0.82,5.78,0.83,28.0,0.02,0.02,2334.04302,1776229148000
1776229150.042,250.042,0.18,5.78,0.17,28.0,0.2,25.0,0.21,15.0,0.8,25.0,0.79,15.0,0.82,5.78,0.83,28.0,0.02,0.02,2334.04099,1776229149000
1776229150.557,250.557,0.17,28.0,0.16,79.0,0.19,25.0,0.2,20.0,0.8,25.0,0.79,15.0,0.82,5.78,0.83,28.0,0.02,0.02,2334.04099,1776229149000
1776229150.873,250.873,0.16,5.0,0.14,29.9,0.17,21.23,0.18,25.0,0.81,25.0,0.8,20.0,0.83,28.0,0.84,79.0,0.01,0.02,2334.04099,1776229149000
1776229151.09,251.09,0.11,39.46,0.1,16.0,0.12,47.66,0.13,10.0,0.88,1.66,0.87,10.0,0.89,60.0,0.9,26.0,0.01,0.01,2334.04099,1776229149000
1776229151.409,251.409,0.11,93.42,0.1,31.1,0.12,37.66,0.13,15.0,0.88,47.66,0.87,10.0,0.89,30.37,0.9,16.0,0.01,0.01,2334.03607,1776229150000
1776229151.695,251.695,0.11,95.04,0.1,26.1,0.12,37.66,0.13,10.0,0.88,37.66,0.87,15.0,0.89,93.42,0.9,31.1,0.01,0.01,2334.03607,1776229150000
1776229152.042,252.042,0.11,95.04,0.1,26.1,0.12,37.66,0.13,10.0,0.88,37.66,0.87,10.0,0.89,95.04,0.9,26.1,0.01,0.01,2334.03729,1776229151000
1776229153.134,253.134,0.11,95.04,0.1,26.1,0.12,37.66,0.13,10.0,0.88,37.66,0.87,10.0,0.89,95.04,0.9,26.1,0.01,0.01,2333.9771,1776229152000
1776229153.956,253.956,0.1,6.0,0.08,60.0,0.12,81.66,0.13,20.0,0.88,37.66,0.87,10.0,0.89,95.04,0.9,26.1,0.02,0.01,2333.9771,1776229152000
1776229154.743,254.743,0.08,77.25,0.07,10.0,0.1,46.0,0.11,100.0,0.88,81.66,0.87,20.0,0.92,54.63,0.93,10.0,0.02,0.04,2333.876885,1776229153000
1776229155.065,255.065,0.08,77.25,0.07,10.0,0.1,46.0,0.11,100.0,0.9,46.0,0.89,100.0,0.92,77.25,0.93,10.0,0.02,0.02,2333.86649,1776229154000
1776229155.529,255.529,0.09,10.0,0.08,77.25,0.1,40.25,0.11,100.0,0.9,46.0,0.89,100.0,0.92,77.25,0.93,10.0,0.01,0.02,2333.86649,1776229154000
1776229156.094,256.094,0.08,82.25,0.07,10.0,0.09,21.0,0.1,45.25,0.91,21.0,0.9,45.25,0.92,82.25,0.93,10.0,0.01,0.01,2333.839585,1776229155000
1776229157.05,257.05,0.08,82.25,0.07,10.0,0.09,21.0,0.1,45.25,0.91,21.0,0.9,45.25,0.92,82.25,0.93,10.0,0.01,0.01,2333.762607,1776229156000
1776229157.479,257.479,0.08,67.54,0.07,10.0,0.09,79.0,0.1,30.25,0.91,21.0,0.9,45.25,0.92,82.25,0.93,10.0,0.01,0.01,2333.762607,1776229156000
1776229158.015,258.015,0.08,67.54,0.07,10.0,0.09,68.0,0.1,45.85,0.91,79.0,0.9,30.25,0.92,67.54,0.93,10.0,0.01,0.01,2333.762607,1776229156000
1776229158.396,258.396,0.08,62.54,0.07,15.0,0.09,183.46,0.1,30.25,0.91,68.0,0.9,45.85,0.92,67.54,0.93,10.0,0.01,0.01,2333.756379,1776229157000
1776229159.083,259.083,0.08,54.79,0.07,15.0,0.09,183.46,0.1,30.25,0.91,183.46,0.9,30.25,0.92,54.79,0.93,15.0,0.01,0.01,2333.755651,1776229158000
1776229159.485,259.485,0.08,30.75,0.07,15.0,0.09,188.46,0.1,40.85,0.91,188.46,0.9,25.25,0.92,44.46,0.93,15.0,0.01,0.01,2333.755651,1776229158000
1776229160.122,260.122,0.08,30.75,0.07,15.0,0.09,188.46,0.1,40.85,0.91,188.46,0.9,40.85,0.92,30.75,0.93,15.0,0.01,0.01,2333.754721,1776229159000
1776229160.82,260.82,0.08,48.37,0.07,15.0,0.09,48.0,0.1,149.59,0.91,188.46,0.9,40.85,0.92,30.75,0.93,15.0,0.01,0.01,2333.754721,1776229159000
1776229161.045,261.045,0.08,48.37,0.07,15.0,0.09,48.0,0.1,149.59,0.91,48.0,0.9,149.59,0.92,48.37,0.93,15.0,0.01,0.01,2333.745817,1776229160000
1776229162.045,262.045,0.08,48.37,0.07,15.0,0.09,48.0,0.1,149.59,0.91,48.0,0.9,149.59,0.92,48.37,0.93,15.0,0.01,0.01,2333.716435,1776229161000
1776229162.431,262.431,0.08,48.37,0.07,20.0,0.09,4.06,0.1,20.0,0.91,48.0,0.9,149.59,0.92,48.37,0.93,15.0,0.01,0.01,2333.716435,1776229161000
1776229162.988,262.988,0.08,41.17,0.07,20.0,0.11,10.0,0.12,20.0,0.89,10.0,0.88,20.0,0.92,41.17,0.93,20.0,0.03,0.03,2333.78524,1776229162000
1776229163.737,263.737,0.09,8.2,0.08,28.55,0.1,173.52,0.11,20.9,0.89,15.9,0.88,20.0,0.91,21.22,0.92,28.55,0.01,0.02,2333.78524,1776229162000
1776229164.065,264.065,0.06,70.0,0.05,185.89,0.1,173.52,0.11,20.9,0.9,173.52,0.89,20.9,0.94,70.0,0.95,185.89,0.04,0.04,2333.877362,1776229163000
1776229164.841,264.841,0.06,39.97,0.05,185.89,0.08,193.19,0.09,33.0,0.91,15.0,0.9,188.52,0.93,30.32,0.94,70.0,0.02,0.02,2333.877362,1776229163000
1776229165.884,265.884,0.07,25.0,0.06,66.8,0.08,187.19,0.09,20.0,0.92,193.19,0.91,33.0,0.94,39.97,0.95,185.89,0.01,0.02,2333.814682,1776229164000
1776229166.119,266.119,0.07,4.24,0.06,71.8,0.08,187.19,0.09,64.0,0.92,187.19,0.91,20.0,0.93,14.24,0.94,71.8,0.01,0.01,2333.79745,1776229165000
1776229166.594,266.594,0.06,46.31,0.05,190.89,0.07,193.85,0.08,33.01,0.92,187.19,0.91,64.0,0.94,55.03,0.95,190.89,0.01,0.02,2333.79745,1776229165000
1776229166.899,266.899,0.06,27.42,0.05,190.89,0.07,193.85,0.08,38.01,0.93,193.85,0.92,38.01,0.94,27.42,0.95,190.89,0.01,0.01,2333.87099,1776229166000
1776229167.278,267.278,0.06,6.02,0.05,190.89,0.07,203.85,0.08,38.01,0.93,193.85,0.92,38.01,0.94,26.24,0.95,190.89,0.01,0.01,2333.87099,1776229166000
1776229167.832,267.832,0.06,6.02,0.05,190.89,0.07,203.85,0.08,38.01,0.93,203.85,0.92,38.01,0.94,6.02,0.95,190.89,0.01,0.01,2333.894862,1776229167000
1776229168.813,268.813,0.06,6.02,0.05,190.89,0.07,203.85,0.08,38.01,0.93,203.85,0.92,38.01,0.94,6.02,0.95,190.89,0.01,0.01,2333.80255,1776229168000
1776229169.359,269.359,0.05,174.86,0.04,180.0,0.07,226.85,0.08,68.91,0.93,203.85,0.92,38.01,0.94,6.02,0.95,190.89,0.02,0.01,2333.80255,1776229168000
1776229169.796,269.796,0.05,156.86,0.04,180.0,0.06,196.26,0.07,111.3,0.93,226.85,0.92,68.91,0.95,174.86,0.96,180.0,0.01,0.02,2333.80255,1776229168000
1776229170.014,270.014,0.05,155.7,0.04,180.0,0.06,241.26,0.07,116.3,0.94,196.26,0.93,111.3,0.95,156.86,0.96,180.0,0.01,0.01,2333.793375,1776229169000
1776229170.319,270.319,0.05,124.92,0.04,180.0,0.06,315.06,0.07,111.3,0.94,246.26,0.93,116.3,0.95,145.98,0.96,180.0,0.01,0.01,2333.793375,1776229169000
1776229170.64,270.64,0.05,123.86,0.04,180.0,0.06,315.06,0.07,111.3,0.94,315.06,0.93,111.3,0.95,124.92,0.96,180.0,0.01,0.01,2333.793375,1776229169000
1776229171.812,271.812,0.05,123.86,0.04,180.0,0.06,315.06,0.07,111.3,0.94,315.06,0.93,111.3,0.95,123.86,0.96,180.0,0.01,0.01,2333.7334,1776229171000
1776229172.241,272.241,0.05,118.86,0.04,180.0,0.06,307.06,0.07,111.3,0.94,315.06,0.93,111.3,0.95,123.86,0.96,180.0,0.01,0.01,2333.7334,1776229171000
1776229172.538,272.538,0.05,121.75,0.04,180.0,0.06,312.06,0.07,111.3,0.94,307.06,0.93,111.3,0.95,118.86,0.96,180.0,0.01,0.01,2333.7334,1776229171000
1776229172.799,272.799,0.05,140.89,0.04,180.0,0.06,179.8,0.07,237.44,0.94,179.8,0.93,237.44,0.95,140.89,0.96,180.0,0.01,0.01,2333.66795,1776229172000
1776229173.421,273.421,0.05,132.38,0.04,180.0,0.06,179.8,0.07,237.44,0.94,179.8,0.93,237.44,0.95,140.89,0.96,180.0,0.01,0.01,2333.66795,1776229172000
1776229173.849,273.849,0.05,132.38,0.04,180.0,0.06,179.8,0.07,237.44,0.94,179.8,0.93,237.44,0.95,132.38,0.96,180.0,0.01,0.01,2333.740107,1776229173000
1776229174.072,274.072,0.05,125.27,0.04,180.0,0.06,179.8,0.07,259.09,0.94,179.8,0.93,237.44,0.95,132.38,0.96,180.0,0.01,0.01,2333.740107,1776229173000
1776229174.558,274.558,0.05,123.27,0.04,180.0,0.06,174.8,0.07,231.83,0.94,179.8,0.93,259.09,0.95,125.27,0.96,180.0,0.01,0.01,2333.740107,1776229173000
1776229174.785,274.785,0.05,122.27,0.04,180.0,0.06,179.8,0.07,231.83,0.94,174.8,0.93,231.83,0.95,123.27,0.96,180.0,0.01,0.01,2333.740107,1776229173000
1776229175.258,275.258,0.05,106.47,0.04,180.0,0.06,116.0,0.07,176.53,0.94,174.8,0.93,231.83,0.95,112.27,0.96,180.0,0.01,0.01,2333.718445,1776229174000
1776229175.592,275.592,0.05,81.25,0.04,180.0,0.06,126.0,0.07,176.53,0.94,116.0,0.93,176.53,0.95,86.25,0.96,180.0,0.01,0.01,2333.718445,1776229174000
1776229175.823,275.823,0.05,81.25,0.04,180.0,0.06,126.0,0.07,176.53,0.94,126.0,0.93,176.53,0.95,81.25,0.96,180.0,0.01,0.01,2333.714385,1776229175000
1776229176.839,276.839,0.05,81.25,0.04,180.0,0.06,126.0,0.07,176.53,0.94,126.0,0.93,176.53,0.95,81.25,0.96,180.0,0.01,0.01,2333.741197,1776229176000
1776229178.356,278.356,0.05,81.05,0.04,180.0,0.06,126.0,0.07,176.53,0.94,126.0,0.93,176.53,0.95,81.25,0.96,180.0,0.01,0.01,2333.741197,1776229176000
1776229178.881,278.881,0.05,56.05,0.04,180.0,0.06,126.0,0.07,176.53,0.94,126.0,0.93,176.53,0.95,81.05,0.96,180.0,0.01,0.01,2333.73541,1776229177000
1776229179.326,279.326,0.04,144.79,0.03,96.0,0.06,126.0,0.07,176.53,0.94,121.0,0.93,176.53,0.95,34.99,0.96,180.0,0.02,0.01,2333.73541,1776229178000
1776229179.927,279.927,0.04,166.94,0.03,96.0,0.05,206.49,0.06,121.0,0.95,20.0,0.94,121.0,0.96,171.94,0.97,96.0,0.01,0.01,2333.73541,1776229178000
1776229181.147,281.147,0.04,166.94,0.03,96.0,0.05,206.49,0.06,121.0,0.95,206.49,0.94,121.0,0.96,166.94,0.97,96.0,0.01,0.01,2333.74432,1776229180000
1776229181.5,281.5,0.04,166.94,0.03,96.0,0.05,195.56,0.06,151.0,0.95,206.49,0.94,121.0,0.96,166.94,0.97,96.0,0.01,0.01,2333.74432,1776229180000
1776229181.854,281.854,0.04,163.94,0.03,96.0,0.05,195.56,0.06,151.0,0.95,195.56,0.94,151.0,0.96,166.94,0.97,96.0,0.01,0.01,2333.74432,1776229180000
1776229182.116,282.116,0.04,163.94,0.03,96.0,0.05,195.56,0.06,151.0,0.95,195.56,0.94,151.0,0.96,163.94,0.97,96.0,0.01,0.01,2333.74432,1776229181000
1776229182.635,282.635,0.04,138.1,0.03,96.0,0.05,190.56,0.06,151.0,0.95,195.56,0.94,151.0,0.96,163.94,0.97,96.0,0.01,0.01,2333.74432,1776229181000
1776229183.101,283.101,0.04,138.1,0.03,96.0,0.05,190.56,0.06,151.0,0.95,190.56,0.94,151.0,0.96,138.1,0.97,96.0,0.01,0.01,2333.765477,1776229182000
1776229184.343,284.343,0.04,138.1,0.03,96.0,0.05,190.56,0.06,151.0,0.95,190.56,0.94,151.0,0.96,138.1,0.97,96.0,0.01,0.01,2333.783318,1776229183000
1776229185.316,285.316,0.04,138.1,0.03,96.0,0.05,190.56,0.06,151.0,0.95,190.56,0.94,151.0,0.96,138.1,0.97,96.0,0.01,0.01,2333.73912,1776229184000
1776229185.726,285.726,0.04,62.1,0.03,196.0,0.05,203.56,0.06,131.0,0.95,195.56,0.94,121.0,0.96,108.1,0.97,196.0,0.01,0.01,2333.73912,1776229184000
1776229186.026,286.026,0.04,14.1,0.03,196.0,0.05,203.56,0.06,141.0,0.95,203.56,0.94,131.0,0.96,62.1,0.97,196.0,0.01,0.01,2333.73921,1776229185000
1776229186.778,286.778,0.03,229.66,0.02,318.0,0.04,190.52,0.05,98.07,0.95,188.56,0.94,141.0,0.96,14.1,0.97,196.0,0.01,0.01,2333.73921,1776229185000
1776229187.01,287.01,0.03,229.66,0.02,318.0,0.04,178.08,0.05,98.0,0.96,178.08,0.95,98.0,0.97,229.66,0.98,318.0,0.01,0.01,2333.73921,1776229186000
1776229187.743,287.743,0.03,194.96,0.02,318.0,0.04,178.08,0.05,98.0,0.96,178.08,0.95,98.0,0.97,229.66,0.98,318.0,0.01,0.01,2333.73921,1776229186000
1776229188.061,288.061,0.03,194.96,0.02,318.0,0.04,178.08,0.05,98.0,0.96,178.08,0.95,98.0,0.97,194.96,0.98,318.0,0.01,0.01,2333.724365,1776229187000
1776229188.935,288.935,0.03,228.46,0.02,318.0,0.04,183.08,0.05,98.0,0.96,178.08,0.95,98.0,0.97,194.96,0.98,318.0,0.01,0.01,2333.724365,1776229187000
1776229189.322,289.322,0.03,173.46,0.02,318.0,0.04,183.08,0.05,98.0,0.96,183.08,0.95,98.0,0.97,228.46,0.98,318.0,0.01,0.01,2333.670461,1776229188000
1776229190.024,290.024,0.03,173.46,0.02,318.0,0.04,183.08,0.05,98.0,0.96,183.08,0.95,98.0,0.97,173.46,0.98,318.0,0.01,0.01,2333.6226,1776229189000
1776229190.312,290.312,0.03,168.3,0.02,313.0,0.04,178.08,0.05,103.0,0.96,183.08,0.95,98.0,0.97,173.46,0.98,318.0,0.01,0.01,2333.6226,1776229189000
1776229191.076,291.076,0.03,168.3,0.02,313.0,0.04,146.23,0.05,90.0,0.96,178.08,0.95,103.0,0.97,168.3,0.98,313.0,0.01,0.01,2333.6226,1776229189000
1776229191.327,291.327,0.03,157.98,0.02,313.0,0.04,5.0,0.05,90.0,0.96,146.23,0.95,90.0,0.97,168.3,0.98,313.0,0.01,0.01,2333.6226,1776229189000
1776229191.922,291.922,0.03,171.78,0.02,313.0,0.04,5.0,0.05,90.0,0.96,5.0,0.95,90.0,0.97,156.94,0.98,313.0,0.01,0.01,2333.663962,1776229190000
1776229192.594,292.594,0.03,146.78,0.02,313.0,0.04,5.0,0.05,90.0,0.96,5.0,0.95,90.0,0.97,171.78,0.98,313.0,0.01,0.01,2333.675321,1776229191000
1776229192.811,292.811,0.03,144.47,0.02,313.0,0.04,10.0,0.05,90.0,0.96,5.0,0.95,90.0,0.97,146.78,0.98,313.0,0.01,0.01,2333.675321,1776229191000
1776229193.016,293.016,0.03,169.47,0.02,313.0,0.05,90.0,0.06,80.0,0.96,10.0,0.95,90.0,0.97,144.47,0.98,313.0,0.02,0.01,2333.6526,1776229192000
1776229193.422,293.422,0.03,139.31,0.02,313.0,0.04,10.0,0.05,90.0,0.95,90.0,0.94,80.0,0.97,169.47,0.98,313.0,0.01,0.02,2333.6526,1776229192000
1776229193.87,293.87,0.03,137.24,0.02,313.0,0.04,8.87,0.05,90.0,0.96,8.87,0.95,90.0,0.97,137.24,0.98,313.0,0.01,0.01,2333.659665,1776229193000
1776229194.122,294.122,0.03,129.76,0.02,313.0,0.04,5.0,0.05,90.0,0.96,8.87,0.95,90.0,0.97,137.24,0.98,313.0,0.01,0.01,2333.659665,1776229193000
1776229194.861,294.861,0.03,129.14,0.02,313.0,0.04,6.81,0.05,90.0,0.96,1.8,0.95,90.0,0.97,134.76,0.98,313.0,0.01,0.01,2333.659665,1776229193000
1776229195.414,295.414,0.01,381.14,,,0.02,5.0,0.04,16.81,0.96,11.81,0.95,90.0,0.99,382.14,,,0.01,0.03,2333.678929,1776229194000
1776229195.713,295.713,0.01,381.14,,,0.02,135.84,0.04,15.01,0.98,5.0,0.96,16.81,0.99,381.14,,,0.01,0.01,2333.678929,1776229194000
1776229196.252,296.252,0.01,360.12,,,0.02,135.84,0.04,20.01,0.98,135.84,0.96,15.01,0.99,361.14,,,0.01,0.01,2333.659855,1776229195000
1776229196.498,296.498,0.01,321.93,,,0.02,139.84,0.04,15.01,0.98,129.84,0.96,15.01,0.99,323.04,,,0.01,0.01,2333.659855,1776229195000
1776229196.817,296.817,0.01,317.91,,,0.02,144.84,0.03,5.0,0.98,144.84,0.96,15.01,0.99,318.93,,,0.01,0.01,2333.659855,1776229195000
1776229197.273,297.273,0.01,307.97,,,0.02,154.84,0.03,5.0,0.98,154.84,0.97,5.0,0.99,307.97,,,0.01,0.01,2333.661085,1776229196000
1776229198.331,298.331,,,,,0.02,139.84,0.03,5.0,0.98,139.84,0.97,5.0,,,,,,,2333.712566,1776229197000
1776229198.883,298.883,,,,,0.01,6461.41,0.02,139.84,0.98,139.84,0.97,5.0,,,,,,,2333.712566,1776229197000
1776229199.252,299.252,,,,,0.01,6461.41,0.02,139.84,0.99,6461.41,0.98,139.84,,,,,,,2333.714489,1776229198000
1776229200.282,300.282,,,,,0.01,6461.41,0.02,139.84,0.99,6461.41,0.98,139.84,,,,,,,2333.666615,1776229199000

# RESULT,winner=Down,slug=eth-updown-5m-1776228900,ticks=501
