timestamp,elapsed_sec,up_bid_p1,up_bid_s1,up_bid_p2,up_bid_s2,up_ask_p1,up_ask_s1,up_ask_p2,up_ask_s2,down_bid_p1,down_bid_s1,down_bid_p2,down_bid_s2,down_ask_p1,down_ask_s1,down_ask_p2,down_ask_s2,up_spread,down_spread,eth_price,eth_oracle_ts
1776227101.257,1.257,,,,,,,,,,,,,,,,,,,2331.0015,1776227100000
1776227101.503,1.503,0.49,12.25,0.46,70.0,0.5,40.71,0.52,10.0,0.5,5.31,0.48,10.0,0.51,8.32,0.54,70.0,0.01,0.01,2331.0015,1776227100000
1776227101.813,1.813,0.49,12.25,0.46,70.0,0.5,40.71,0.52,10.0,0.5,10.31,0.48,10.0,0.51,8.32,0.52,75.0,0.01,0.01,2331.0015,1776227100000
1776227102.248,2.248,0.49,13.32,0.48,75.0,0.52,3.95,0.6,70.0,0.48,3.95,0.4,70.0,0.51,13.32,0.52,75.0,0.03,0.03,2330.99666,1776227101000
1776227102.559,2.559,0.53,80.0,0.52,75.0,0.57,3.0,0.58,14.0,0.48,3.95,0.4,70.0,0.51,13.32,0.52,75.0,0.04,0.03,2330.99666,1776227101000
1776227103.37,3.37,0.53,80.0,0.52,75.0,0.57,3.0,0.58,14.0,0.43,3.0,0.42,14.0,0.47,80.0,0.48,75.0,0.04,0.04,2331.0744,1776227102000
1776227103.788,3.788,0.5,5.0,0.49,12.46,0.53,1.22,0.54,20.0,0.46,20.0,0.45,80.0,0.51,12.46,0.52,80.0,0.03,0.05,2331.0744,1776227102000
1776227104.087,4.087,0.5,5.0,0.49,12.46,0.53,1.22,0.54,20.0,0.47,1.22,0.46,20.0,0.5,5.0,0.51,12.46,0.03,0.03,2331.091889,1776227103000
1776227104.503,4.503,0.53,35.0,0.52,96.0,0.54,5.42,0.55,10.0,0.47,1.22,0.46,20.0,0.5,5.0,0.51,12.46,0.01,0.03,2331.091889,1776227103000
1776227104.836,4.836,0.53,40.0,0.52,94.0,0.55,15.0,0.57,25.0,0.46,5.42,0.45,10.0,0.47,35.0,0.48,96.0,0.02,0.01,2331.091889,1776227103000
1776227105.095,5.095,0.54,25.0,0.53,100.0,0.55,14.36,0.56,5.0,0.45,16.18,0.44,5.0,0.46,25.0,0.47,100.0,0.01,0.01,2331.091889,1776227103000
1776227105.475,5.475,0.55,20.0,0.54,20.0,0.58,23.0,0.59,23.0,0.45,14.36,0.44,5.0,0.46,25.0,0.47,100.0,0.03,0.01,2331.091889,1776227103000
1776227105.774,5.774,0.56,14.31,0.55,15.0,0.57,5.0,0.58,28.0,0.43,5.0,0.42,28.0,0.44,14.31,0.45,15.0,0.01,0.01,2331.15676,1776227104000
1776227106.416,6.416,0.55,10.0,0.53,90.0,0.56,7.14,0.57,25.0,0.44,7.14,0.43,25.0,0.45,10.0,0.47,90.0,0.01,0.01,2331.16535,1776227105000
1776227106.96,6.96,0.54,5.0,0.53,10.0,0.55,26.36,0.56,17.14,0.45,33.18,0.44,22.14,0.46,5.0,0.47,5.0,0.01,0.01,2331.16535,1776227105000
1776227108.539,8.539,0.54,5.0,0.53,10.0,0.55,26.36,0.56,17.14,0.45,26.36,0.44,17.14,0.46,5.0,0.47,10.0,0.01,0.01,2331.23284,1776227107000
1776227108.988,8.988,0.54,20.0,0.53,32.0,0.55,6.4,0.56,27.14,0.45,26.36,0.44,17.14,0.46,5.0,0.47,10.0,0.01,0.01,2331.23284,1776227107000
1776227110.601,10.601,0.54,20.0,0.53,32.0,0.56,15.74,0.57,15.0,0.44,15.74,0.43,15.0,0.46,20.0,0.47,32.0,0.02,0.02,2331.183445,1776227109000
1776227111.231,11.231,0.55,48.18,0.54,20.0,0.56,2.5,0.57,15.0,0.44,2.5,0.43,15.0,0.45,48.18,0.46,20.0,0.01,0.01,2331.22622,1776227110000
1776227111.906,11.906,0.55,53.18,0.54,15.0,0.57,15.0,0.58,28.0,0.44,2.5,0.43,15.0,0.45,48.18,0.46,20.0,0.02,0.01,2331.22622,1776227110000
1776227112.63,12.63,0.55,53.18,0.54,15.0,0.57,15.0,0.58,28.0,0.43,15.0,0.42,28.0,0.45,53.18,0.46,15.0,0.02,0.02,2331.24444,1776227111000
1776227113.274,13.274,0.55,53.18,0.54,15.0,0.57,15.0,0.58,28.0,0.43,15.0,0.42,28.0,0.45,53.18,0.46,15.0,0.02,0.02,2331.25725,1776227112000
1776227114.37,14.37,0.55,53.18,0.54,15.0,0.57,15.0,0.58,28.0,0.43,15.0,0.42,28.0,0.45,53.18,0.46,15.0,0.02,0.02,2331.203475,1776227113000
1776227114.978,14.978,0.55,53.18,0.54,15.0,0.57,15.0,0.58,28.0,0.43,15.0,0.42,28.0,0.45,53.18,0.46,15.0,0.02,0.02,2331.20825,1776227114000
1776227116.554,16.554,0.55,53.18,0.54,15.0,0.57,15.0,0.58,28.0,0.43,15.0,0.42,28.0,0.45,53.18,0.46,15.0,0.02,0.02,2331.22389,1776227115000
1776227117.291,17.291,0.55,53.18,0.54,15.0,0.57,15.0,0.58,28.0,0.43,15.0,0.42,28.0,0.45,53.18,0.46,15.0,0.02,0.02,2331.22938,1776227116000
1776227117.517,17.517,0.56,55.0,0.55,43.18,0.57,5.0,0.58,15.0,0.43,15.0,0.42,28.0,0.45,53.18,0.46,15.0,0.01,0.02,2331.22938,1776227116000
1776227118.86,18.86,0.56,55.0,0.55,43.18,0.57,5.0,0.58,15.0,0.43,5.0,0.42,15.0,0.44,55.0,0.45,43.18,0.01,0.01,2331.26295,1776227117000
1776227119.657,19.657,0.56,55.0,0.55,43.18,0.57,5.0,0.58,15.0,0.43,5.0,0.42,15.0,0.44,55.0,0.45,43.18,0.01,0.01,2331.26484,1776227118000
1776227120.366,20.366,0.59,115.0,0.58,38.0,0.61,66.43,0.62,70.0,0.43,5.0,0.42,15.0,0.44,55.0,0.45,43.18,0.02,0.01,2331.26484,1776227118000
1776227121.146,21.146,0.6,135.0,0.59,138.0,0.61,4.91,0.62,5.0,0.39,49.96,0.38,70.0,0.4,65.0,0.41,79.0,0.01,0.01,2331.2536,1776227119000
1776227121.594,21.594,0.6,135.0,0.59,138.0,0.61,4.91,0.62,5.0,0.39,4.91,0.38,5.0,0.4,135.0,0.41,138.0,0.01,0.01,2331.265395,1776227120000
1776227122.185,22.185,0.6,135.0,0.59,138.0,0.61,4.91,0.62,5.0,0.39,4.91,0.38,5.0,0.4,135.0,0.41,138.0,0.01,0.01,2331.2884,1776227121000
1776227122.937,22.937,0.65,80.0,0.64,34.0,0.68,68.0,0.69,91.0,0.34,5.0,0.33,5.0,0.39,158.0,0.4,146.0,0.03,0.05,2331.2884,1776227121000
1776227123.186,23.186,0.65,80.0,0.64,34.0,0.68,68.0,0.69,91.0,0.32,68.0,0.31,91.0,0.35,80.0,0.36,34.0,0.03,0.03,2331.701678,1776227122000
1776227124.337,24.337,0.67,17.42,0.66,15.0,0.68,73.0,0.69,86.0,0.32,68.0,0.31,91.0,0.35,80.0,0.36,34.0,0.01,0.03,2331.701678,1776227122000
1776227124.98,24.98,0.67,17.42,0.66,15.0,0.68,73.0,0.69,86.0,0.32,73.0,0.31,86.0,0.33,17.42,0.34,15.0,0.01,0.01,2331.743755,1776227124000
1776227125.735,25.735,0.67,12.42,0.66,79.44,0.68,59.0,0.69,85.0,0.32,73.0,0.31,86.0,0.33,17.42,0.34,15.0,0.01,0.01,2331.743755,1776227124000
1776227126.112,26.112,0.67,22.42,0.66,69.44,0.68,59.0,0.69,85.0,0.32,59.0,0.31,85.0,0.33,12.42,0.34,79.44,0.01,0.01,2331.75622,1776227125000
1776227126.483,26.483,0.67,7.26,0.66,69.44,0.68,59.0,0.69,85.0,0.32,59.0,0.31,85.0,0.33,22.42,0.34,69.44,0.01,0.01,2331.75622,1776227125000
1776227126.778,26.778,0.67,32.26,0.66,69.44,0.68,52.95,0.69,85.0,0.32,59.0,0.31,85.0,0.33,7.26,0.34,69.44,0.01,0.01,2331.75622,1776227125000
1776227127.008,27.008,0.67,35.53,0.66,69.44,0.68,52.95,0.69,85.0,0.32,52.95,0.31,85.0,0.33,32.26,0.34,69.44,0.01,0.01,2331.7682,1776227126000
1776227127.921,27.921,0.67,35.53,0.66,69.44,0.68,52.95,0.69,85.0,0.32,52.95,0.31,85.0,0.33,35.53,0.34,69.44,0.01,0.01,2331.8478,1776227127000
1776227128.962,28.962,0.67,35.53,0.66,69.44,0.68,52.95,0.69,85.0,0.32,52.95,0.31,85.0,0.33,35.53,0.34,69.44,0.01,0.01,2331.82346,1776227128000
1776227129.519,29.519,0.67,86.33,0.66,42.0,0.68,40.59,0.69,75.0,0.32,52.95,0.31,85.0,0.33,35.53,0.34,69.44,0.01,0.01,2331.82346,1776227128000
1776227129.801,29.801,0.67,91.33,0.66,47.0,0.68,36.91,0.69,80.0,0.32,39.11,0.31,80.0,0.33,96.33,0.34,47.0,0.01,0.01,2331.82346,1776227128000
1776227130.007,30.007,0.67,90.33,0.66,47.0,0.68,36.91,0.69,80.0,0.32,36.91,0.31,80.0,0.33,91.33,0.34,47.0,0.01,0.01,2331.823045,1776227129000
1776227130.828,30.828,0.67,95.17,0.66,47.0,0.68,41.91,0.69,80.0,0.32,36.91,0.31,80.0,0.33,90.33,0.34,47.0,0.01,0.01,2331.823045,1776227129000
1776227131.137,31.137,0.67,14.0,0.66,10.0,0.68,109.91,0.69,99.0,0.32,41.91,0.31,80.0,0.33,95.17,0.34,47.0,0.01,0.01,2331.81008,1776227130000
1776227131.574,31.574,0.64,54.56,0.63,5.0,0.66,90.0,0.67,37.0,0.32,114.91,0.31,99.0,0.35,13.0,0.36,24.0,0.02,0.03,2331.81008,1776227130000
1776227131.857,31.857,0.64,54.56,0.63,5.0,0.66,90.0,0.67,37.0,0.34,90.0,0.33,37.0,0.36,54.56,0.37,5.0,0.02,0.02,2331.817155,1776227131000
1776227132.234,32.234,0.56,27.38,0.55,12.0,0.57,20.0,0.58,15.0,0.35,69.5,0.34,80.0,0.36,30.0,0.39,18.0,0.01,0.01,2331.817155,1776227131000
1776227132.732,32.732,0.54,35.0,0.53,18.0,0.55,14.81,0.56,20.0,0.43,100.0,0.42,98.0,0.46,20.0,0.47,18.0,0.01,0.03,2331.817155,1776227131000
1776227133.301,33.301,0.54,35.0,0.53,18.0,0.55,10.71,0.56,15.0,0.45,10.71,0.44,15.0,0.46,35.0,0.47,18.0,0.01,0.01,2331.675893,1776227132000
1776227134.69,34.69,0.54,35.0,0.53,18.0,0.55,10.71,0.56,15.0,0.45,10.71,0.44,15.0,0.46,35.0,0.47,18.0,0.01,0.01,2331.342535,1776227133000
1776227135.176,35.176,0.54,35.0,0.53,18.0,0.55,10.71,0.56,15.0,0.45,10.71,0.44,15.0,0.46,35.0,0.47,18.0,0.01,0.01,2331.33792,1776227134000
1776227136.217,36.217,0.54,35.0,0.53,18.0,0.55,10.71,0.56,15.0,0.45,10.71,0.44,15.0,0.46,35.0,0.47,18.0,0.01,0.01,2331.249455,1776227135000
1776227136.643,36.643,0.55,3.88,0.54,50.0,0.56,30.0,0.57,90.0,0.45,10.71,0.44,15.0,0.46,35.0,0.47,18.0,0.01,0.01,2331.249455,1776227135000
1776227137.437,37.437,0.55,3.88,0.54,50.0,0.56,30.0,0.57,90.0,0.44,30.0,0.43,90.0,0.45,3.88,0.46,50.0,0.01,0.01,2331.23695,1776227136000
1776227138.031,38.031,0.55,3.88,0.54,50.0,0.56,30.0,0.57,90.0,0.44,30.0,0.43,90.0,0.45,3.88,0.46,50.0,0.01,0.01,2331.237845,1776227137000
1776227138.615,38.615,0.54,50.0,0.53,28.0,0.56,30.0,0.57,90.0,0.44,30.0,0.43,90.0,0.45,3.88,0.46,50.0,0.02,0.01,2331.237845,1776227137000
1776227139.145,39.145,0.54,50.0,0.53,28.0,0.56,30.0,0.57,90.0,0.44,30.0,0.43,90.0,0.46,50.0,0.47,28.0,0.02,0.02,2331.25273,1776227138000
1776227139.89,39.89,0.54,49.52,0.53,28.0,0.56,30.0,0.57,90.0,0.44,30.0,0.43,90.0,0.46,50.0,0.47,28.0,0.02,0.02,2331.25273,1776227138000
1776227140.27,40.27,0.54,49.52,0.53,28.0,0.56,30.0,0.57,90.0,0.44,30.0,0.43,90.0,0.46,49.52,0.47,28.0,0.02,0.02,2331.252365,1776227139000
1776227141.022,41.022,0.55,10.0,0.54,49.52,0.56,10.58,0.57,90.0,0.44,30.0,0.43,90.0,0.46,49.52,0.47,28.0,0.01,0.02,2331.252365,1776227139000
1776227141.539,41.539,0.55,10.0,0.54,49.52,0.56,10.58,0.57,90.0,0.44,10.58,0.43,90.0,0.45,10.0,0.46,49.52,0.01,0.01,2331.247465,1776227140000
1776227142.13,42.13,0.55,10.0,0.54,49.52,0.56,10.58,0.57,90.0,0.44,10.58,0.43,90.0,0.45,10.0,0.46,49.52,0.01,0.01,2331.24746,1776227141000
1776227143.15,43.15,0.55,10.0,0.54,49.52,0.56,10.58,0.57,90.0,0.44,10.58,0.43,90.0,0.45,10.0,0.46,49.52,0.01,0.01,2331.281979,1776227142000
1776227144.296,44.296,0.55,10.0,0.54,49.52,0.56,10.58,0.57,90.0,0.44,10.58,0.43,90.0,0.45,10.0,0.46,49.52,0.01,0.01,2331.250569,1776227143000
1776227145.356,45.356,0.55,10.0,0.54,49.52,0.56,10.58,0.57,90.0,0.44,10.58,0.43,90.0,0.45,10.0,0.46,49.52,0.01,0.01,2331.24004,1776227144000
1776227146.449,46.449,0.55,10.0,0.54,49.52,0.56,10.58,0.57,90.0,0.44,10.58,0.43,90.0,0.45,10.0,0.46,49.52,0.01,0.01,2331.28919,1776227145000
1776227147.009,47.009,0.55,10.0,0.54,49.52,0.56,10.58,0.57,90.0,0.44,10.58,0.43,90.0,0.45,10.0,0.46,49.52,0.01,0.01,2331.2863,1776227146000
1776227148.121,48.121,0.55,10.0,0.54,49.52,0.56,10.58,0.57,90.0,0.44,10.58,0.43,90.0,0.45,10.0,0.46,49.52,0.01,0.01,2331.30425,1776227147000
1776227149.199,49.199,0.56,10.0,0.55,35.62,0.58,97.32,0.59,119.0,0.42,97.32,0.41,119.0,0.44,10.0,0.45,35.62,0.02,0.02,2331.27868,1776227148000
1776227150.449,50.449,0.56,10.0,0.55,35.62,0.58,97.32,0.59,119.0,0.42,97.32,0.41,119.0,0.44,10.0,0.45,35.62,0.02,0.02,2331.2845,1776227149000
1776227151.016,51.016,0.56,10.0,0.55,35.62,0.58,97.32,0.59,119.0,0.42,97.32,0.41,119.0,0.44,10.0,0.45,35.62,0.02,0.02,2331.262545,1776227150000
1776227151.279,51.279,0.54,17.52,0.53,18.0,0.56,10.0,0.57,15.0,0.42,117.32,0.41,119.0,0.45,5.0,0.46,22.52,0.02,0.03,2331.262545,1776227150000
1776227152.169,52.169,0.54,22.52,0.53,38.0,0.55,0.54,0.56,21.0,0.44,10.0,0.43,15.0,0.46,17.52,0.47,18.0,0.01,0.02,2331.262545,1776227150000
1776227152.535,52.535,0.54,22.08,0.53,38.0,0.55,0.54,0.56,21.0,0.45,0.54,0.44,21.0,0.46,22.52,0.47,38.0,0.01,0.01,2331.262545,1776227150000
1776227153.167,53.167,0.54,7.08,0.53,13.0,0.55,15.21,0.56,21.0,0.45,0.54,0.44,21.0,0.46,22.08,0.47,38.0,0.01,0.01,2331.262485,1776227151000
1776227153.813,53.813,0.53,63.0,0.52,33.0,0.54,16.0,0.55,10.21,0.45,15.21,0.44,21.0,0.46,7.08,0.47,13.0,0.01,0.01,2331.24707,1776227152000
1776227154.289,54.289,0.54,10.0,0.53,40.0,0.56,0.44,0.57,38.0,0.46,16.0,0.45,10.21,0.47,58.0,0.48,33.0,0.02,0.01,2331.24707,1776227152000
1776227154.81,54.81,0.55,19.26,0.54,25.0,0.56,5.0,0.57,35.21,0.43,35.21,0.42,87.32,0.45,10.0,0.46,10.0,0.01,0.02,2331.215445,1776227153000
1776227155.145,55.145,0.55,19.26,0.54,30.0,0.57,34.51,0.58,100.32,0.43,34.51,0.42,100.32,0.45,15.0,0.46,30.0,0.02,0.02,2331.215445,1776227153000
1776227155.411,55.411,0.55,19.26,0.54,30.0,0.57,34.51,0.58,100.32,0.43,34.51,0.42,100.32,0.45,19.26,0.46,30.0,0.02,0.02,2331.274185,1776227154000
1776227156.079,56.079,0.55,19.26,0.54,30.0,0.57,34.51,0.58,100.32,0.43,34.51,0.42,100.32,0.45,19.26,0.46,30.0,0.02,0.02,2331.17568,1776227155000
1776227157.306,57.306,0.55,19.26,0.54,30.0,0.57,34.51,0.58,100.32,0.43,34.51,0.42,100.32,0.45,19.26,0.46,30.0,0.02,0.02,2331.285085,1776227156000
1776227157.999,57.999,0.55,19.26,0.54,30.0,0.57,23.22,0.58,97.32,0.43,34.51,0.42,100.32,0.45,19.26,0.46,30.0,0.02,0.02,2331.285085,1776227156000
1776227159.329,59.329,0.55,19.26,0.54,30.0,0.57,23.22,0.58,97.32,0.43,23.22,0.42,97.32,0.45,19.26,0.46,30.0,0.02,0.02,2331.28551,1776227158000
1776227159.95,59.95,0.55,19.26,0.54,30.0,0.57,23.22,0.58,97.32,0.43,23.22,0.42,97.32,0.45,19.26,0.46,30.0,0.02,0.02,2331.22755,1776227159000
1776227160.209,60.209,0.56,35.0,0.55,19.26,0.57,2.0,0.58,87.32,0.43,23.22,0.42,97.32,0.45,19.26,0.46,30.0,0.01,0.02,2331.22755,1776227159000
1776227161.349,61.349,0.56,35.0,0.55,19.26,0.58,79.32,0.59,131.0,0.42,79.32,0.41,131.0,0.44,35.0,0.45,19.26,0.02,0.02,2331.2259,1776227160000
1776227161.726,61.726,0.54,30.62,0.53,31.62,0.55,0.3,0.56,26.0,0.42,79.32,0.41,131.0,0.44,35.0,0.45,19.26,0.01,0.02,2331.2259,1776227160000
1776227162.051,62.051,0.54,30.62,0.53,31.62,0.55,0.3,0.56,26.0,0.45,0.3,0.44,26.0,0.46,30.62,0.47,31.62,0.01,0.01,2331.28425,1776227161000
1776227163.403,63.403,0.54,30.0,0.53,36.62,0.56,10.63,0.57,16.0,0.44,10.63,0.43,16.0,0.46,30.0,0.47,36.62,0.02,0.02,2331.21546,1776227162000
1776227163.999,63.999,0.57,20.0,0.56,30.0,0.58,60.36,0.59,102.0,0.42,60.36,0.41,102.0,0.43,20.0,0.44,30.0,0.01,0.01,2331.192175,1776227163000
1776227164.202,64.202,0.57,77.62,0.56,188.0,0.64,14.0,0.65,12.0,0.37,2.21,0.36,14.0,0.43,72.62,0.44,188.0,0.07,0.06,2331.192175,1776227163000
1776227164.707,64.707,0.62,3.11,0.61,25.0,0.63,116.08,0.64,40.29,0.36,19.29,0.35,36.0,0.37,20.0,0.38,15.0,0.01,0.01,2331.192175,1776227163000
1776227165.146,65.146,0.61,4.71,0.6,34.8,0.62,118.0,0.63,186.08,0.37,186.08,0.36,40.29,0.4,34.8,0.41,15.0,0.01,0.03,2331.192175,1776227163000
1776227165.411,65.411,0.6,29.44,0.59,20.0,0.62,113.0,0.63,139.08,0.38,118.0,0.37,139.08,0.4,31.44,0.41,20.0,0.02,0.02,2331.192175,1776227163000
1776227165.912,65.912,0.6,29.44,0.59,20.0,0.62,126.38,0.63,134.08,0.38,113.0,0.37,139.08,0.4,29.44,0.41,20.0,0.02,0.02,2331.28122,1776227164000
1776227166.625,66.625,0.6,20.66,0.59,20.0,0.62,121.38,0.63,134.08,0.38,121.38,0.37,134.08,0.4,20.66,0.41,20.0,0.02,0.02,2331.308505,1776227165000
1776227167.19,67.19,0.6,20.66,0.59,20.0,0.62,121.38,0.63,134.08,0.38,121.38,0.37,134.08,0.4,20.66,0.41,20.0,0.02,0.02,2331.408594,1776227166000
1776227168.393,68.393,0.6,20.66,0.59,20.0,0.62,121.38,0.63,134.08,0.38,121.38,0.37,134.08,0.4,20.66,0.41,20.0,0.02,0.02,2331.32966,1776227167000
1776227169.061,69.061,0.6,20.66,0.59,20.0,0.62,121.38,0.63,134.08,0.38,121.38,0.37,134.08,0.4,20.66,0.41,20.0,0.02,0.02,2331.32477,1776227168000
1776227169.744,69.744,0.66,95.62,0.65,44.0,0.67,4.0,0.68,75.0,0.33,5.0,0.32,75.0,0.37,120.62,0.38,33.0,0.01,0.04,2331.32477,1776227168000
1776227170.233,70.233,0.66,95.62,0.65,44.0,0.67,4.0,0.68,75.0,0.33,4.0,0.32,75.0,0.34,95.62,0.35,44.0,0.01,0.01,2331.337085,1776227169000
1776227171.488,71.488,0.66,95.62,0.65,44.0,0.67,4.0,0.68,75.0,0.33,4.0,0.32,75.0,0.34,95.62,0.35,44.0,0.01,0.01,2331.50305,1776227170000
1776227172.145,72.145,0.66,95.62,0.65,44.0,0.67,4.0,0.68,75.0,0.33,4.0,0.32,75.0,0.34,95.62,0.35,44.0,0.01,0.01,2331.528852,1776227171000
1776227172.377,72.377,0.67,95.0,0.66,65.0,0.68,59.52,0.69,80.0,0.32,66.35,0.31,80.0,0.33,90.0,0.34,65.0,0.01,0.01,2331.528852,1776227171000
1776227172.766,72.766,0.68,95.0,0.67,65.0,0.69,8.4,0.7,5.0,0.31,76.52,0.3,145.0,0.33,90.0,0.34,65.0,0.01,0.02,2331.528852,1776227171000
1776227173.332,73.332,0.68,95.0,0.67,65.0,0.69,8.4,0.7,5.0,0.31,8.4,0.3,5.0,0.32,95.0,0.33,65.0,0.01,0.01,2331.64374,1776227172000
1776227173.927,73.927,0.69,90.0,0.68,60.0,0.7,10.0,0.72,10.0,0.31,8.4,0.3,5.0,0.32,95.0,0.33,65.0,0.01,0.01,2331.64374,1776227172000
1776227174.492,74.492,0.69,90.0,0.68,60.0,0.7,10.0,0.72,10.0,0.3,10.0,0.28,10.0,0.31,90.0,0.32,60.0,0.01,0.01,2331.67799,1776227173000
1776227175.04,75.04,0.7,90.0,0.69,60.0,0.71,3.53,0.72,15.0,0.3,10.0,0.28,10.0,0.31,90.0,0.32,60.0,0.01,0.01,2331.67799,1776227173000
1776227175.656,75.656,0.71,85.0,0.7,55.0,0.72,5.53,0.73,11.0,0.28,7.8,0.27,11.0,0.29,70.0,0.3,55.0,0.01,0.01,2331.700415,1776227174000
1776227176.007,76.007,0.71,85.0,0.7,55.0,0.72,5.53,0.73,11.0,0.28,5.53,0.27,11.0,0.29,85.0,0.3,55.0,0.01,0.01,2331.733495,1776227175000
1776227177.182,77.182,0.71,85.0,0.7,55.0,0.72,5.53,0.73,11.0,0.28,5.53,0.27,11.0,0.29,85.0,0.3,55.0,0.01,0.01,2331.79854,1776227176000
1776227178.301,78.301,0.71,85.0,0.7,55.0,0.72,5.53,0.73,11.0,0.28,5.53,0.27,11.0,0.29,85.0,0.3,55.0,0.01,0.01,2331.79885,1776227177000
1776227178.841,78.841,0.71,85.0,0.7,55.0,0.72,5.53,0.73,11.0,0.28,5.53,0.27,11.0,0.29,85.0,0.3,55.0,0.01,0.01,2331.79885,1776227178000
1776227179.793,79.793,0.71,78.27,0.7,55.0,0.72,20.0,0.73,20.0,0.28,5.53,0.27,11.0,0.29,85.0,0.3,55.0,0.01,0.01,2331.79885,1776227178000
1776227180.073,80.073,0.71,83.27,0.7,55.0,0.72,3.65,0.73,20.0,0.28,20.0,0.27,20.0,0.29,78.27,0.3,55.0,0.01,0.01,2331.79885,1776227178000
1776227181.291,81.291,0.71,83.27,0.7,55.0,0.72,3.65,0.73,20.0,0.28,3.65,0.27,20.0,0.29,83.27,0.3,55.0,0.01,0.01,2331.775265,1776227180000
1776227182.376,82.376,0.71,83.27,0.7,55.0,0.72,3.65,0.73,20.0,0.28,3.65,0.27,20.0,0.29,83.27,0.3,55.0,0.01,0.01,2331.77552,1776227181000
1776227182.937,82.937,0.71,83.27,0.7,55.0,0.72,3.65,0.73,20.0,0.28,3.65,0.27,20.0,0.29,83.27,0.3,55.0,0.01,0.01,2331.781385,1776227182000
1776227184.091,84.091,0.71,83.27,0.7,55.0,0.72,3.65,0.73,20.0,0.28,3.65,0.27,20.0,0.29,83.27,0.3,55.0,0.01,0.01,2331.786935,1776227183000
1776227185.141,85.141,0.71,83.27,0.7,55.0,0.72,3.65,0.73,20.0,0.28,3.65,0.27,20.0,0.29,83.27,0.3,55.0,0.01,0.01,2331.789195,1776227184000
1776227185.761,85.761,0.71,67.97,0.7,80.99,0.72,3.65,0.73,10.0,0.28,3.65,0.27,20.0,0.29,83.27,0.3,55.0,0.01,0.01,2331.789195,1776227184000
1776227186.2,86.2,0.71,67.97,0.7,80.99,0.72,3.65,0.73,10.0,0.28,3.65,0.27,10.0,0.29,67.97,0.3,80.99,0.01,0.01,2331.845498,1776227185000
1776227186.472,86.472,0.74,116.18,0.73,81.0,0.75,4.41,0.77,25.0,0.25,19.0,0.23,25.0,0.26,56.1,0.27,81.0,0.01,0.01,2331.845498,1776227185000
1776227186.854,86.854,0.76,63.95,0.75,25.0,0.77,20.0,0.78,13.0,0.23,15.0,0.22,13.0,0.24,54.16,0.25,25.0,0.01,0.01,2331.845498,1776227185000
1776227187.283,87.283,0.76,63.95,0.75,25.0,0.77,20.0,0.78,13.0,0.23,20.0,0.22,13.0,0.24,63.95,0.25,25.0,0.01,0.01,2331.78344,1776227186000
1776227188.286,88.286,0.76,63.95,0.75,25.0,0.77,20.0,0.78,13.0,0.23,20.0,0.22,13.0,0.24,63.95,0.25,25.0,0.01,0.01,2331.894175,1776227187000
1776227188.891,88.891,0.76,63.95,0.75,25.0,0.77,20.0,0.78,13.0,0.23,20.0,0.22,13.0,0.24,63.95,0.25,25.0,0.01,0.01,2331.948875,1776227188000
1776227189.515,89.515,0.75,37.0,0.74,77.99,0.76,15.0,0.77,115.0,0.23,50.0,0.22,15.0,0.24,4.95,0.25,25.0,0.01,0.01,2331.948875,1776227188000
1776227189.94,89.94,0.75,37.0,0.74,77.99,0.76,15.0,0.77,115.0,0.24,15.0,0.23,115.0,0.25,37.0,0.26,77.99,0.01,0.01,2332.019767,1776227189000
1776227190.606,90.606,0.75,33.3,0.74,50.0,0.76,15.11,0.77,203.0,0.24,12.19,0.23,115.0,0.25,28.3,0.26,77.99,0.01,0.01,2332.019767,1776227189000
1776227191.035,91.035,0.75,33.3,0.74,50.0,0.76,15.11,0.77,203.0,0.24,15.11,0.23,203.0,0.25,33.3,0.26,50.0,0.01,0.01,2331.952604,1776227190000
1776227191.927,91.927,0.75,33.3,0.74,50.0,0.76,15.11,0.77,203.0,0.24,15.11,0.23,203.0,0.25,33.3,0.26,50.0,0.01,0.01,2332.054045,1776227191000
1776227193.021,93.021,0.75,33.3,0.74,50.0,0.76,15.11,0.77,203.0,0.24,15.11,0.23,203.0,0.25,33.3,0.26,50.0,0.01,0.01,2331.88925,1776227192000
1776227194.071,94.071,0.75,33.3,0.74,50.0,0.76,15.11,0.77,203.0,0.24,15.11,0.23,203.0,0.25,33.3,0.26,50.0,0.01,0.01,2331.88019,1776227193000
1776227194.997,94.997,0.75,49.3,0.74,60.0,0.76,13.42,0.77,245.0,0.24,15.11,0.23,203.0,0.25,33.3,0.26,50.0,0.01,0.01,2331.88019,1776227193000
1776227196.266,96.266,0.75,49.3,0.74,60.0,0.76,13.42,0.77,245.0,0.24,13.42,0.23,245.0,0.25,49.3,0.26,60.0,0.01,0.01,2331.87671,1776227195000
1776227197.319,97.319,0.75,49.3,0.74,60.0,0.76,13.42,0.77,245.0,0.24,13.42,0.23,245.0,0.25,49.3,0.26,60.0,0.01,0.01,2331.877095,1776227196000
1776227198.4,98.4,0.75,49.3,0.74,60.0,0.76,13.42,0.77,245.0,0.24,13.42,0.23,245.0,0.25,49.3,0.26,60.0,0.01,0.01,2331.973552,1776227197000
1776227198.932,98.932,0.75,49.3,0.74,60.0,0.76,13.42,0.77,245.0,0.24,13.42,0.23,245.0,0.25,49.3,0.26,60.0,0.01,0.01,2331.942794,1776227198000
1776227199.992,99.992,0.75,49.3,0.74,60.0,0.76,13.42,0.77,245.0,0.24,13.42,0.23,245.0,0.25,49.3,0.26,60.0,0.01,0.01,2331.877135,1776227199000
1776227201.169,101.169,0.75,49.3,0.74,60.0,0.76,13.42,0.77,245.0,0.24,13.42,0.23,245.0,0.25,49.3,0.26,60.0,0.01,0.01,2331.87731,1776227200000
1776227202.158,102.158,0.75,49.3,0.74,60.0,0.76,13.42,0.77,245.0,0.24,13.42,0.23,245.0,0.25,49.3,0.26,60.0,0.01,0.01,2331.936959,1776227201000
1776227202.408,102.408,0.65,31.08,0.64,27.0,0.68,60.0,0.69,97.0,0.24,184.0,0.23,29.0,0.29,10.08,0.32,10.0,0.03,0.05,2331.936959,1776227201000
1776227202.84,102.84,0.65,5.0,0.64,5.0,0.66,20.45,0.67,10.0,0.34,17.0,0.33,10.0,0.35,10.9,0.36,10.0,0.01,0.01,2331.936959,1776227201000
1776227203.173,103.173,0.6,53.0,0.59,29.9,0.61,1.92,0.65,10.0,0.39,13.92,0.34,20.45,0.4,35.0,0.41,34.9,0.01,0.01,2331.936959,1776227201000
1776227203.513,103.513,0.64,8.79,0.63,20.0,0.65,7.0,0.66,15.45,0.39,1.92,0.35,10.0,0.4,53.0,0.41,29.9,0.01,0.01,2331.875285,1776227202000
1776227203.872,103.872,0.64,18.79,0.63,20.0,0.67,3.04,0.68,89.0,0.35,7.0,0.34,15.45,0.36,8.79,0.37,20.0,0.03,0.01,2331.875285,1776227202000
1776227204.195,104.195,0.64,18.79,0.63,20.0,0.67,3.04,0.68,89.0,0.33,3.04,0.32,89.0,0.36,18.79,0.37,20.0,0.03,0.03,2331.77453,1776227203000
1776227205.071,105.071,0.66,2.0,0.65,35.0,0.67,56.04,0.68,102.0,0.33,3.04,0.32,89.0,0.36,18.79,0.37,20.0,0.01,0.03,2331.77453,1776227203000
1776227205.314,105.314,0.66,2.0,0.65,35.0,0.67,56.04,0.68,102.0,0.33,56.04,0.32,102.0,0.34,2.0,0.35,35.0,0.01,0.01,2331.566,1776227204000
1776227205.834,105.834,0.66,2.0,0.65,35.0,0.67,56.04,0.68,102.0,0.33,56.04,0.32,102.0,0.34,2.0,0.35,35.0,0.01,0.01,2331.564035,1776227205000
1776227206.44,106.44,0.66,5.0,0.65,5.0,0.67,29.72,0.68,87.0,0.33,56.04,0.32,102.0,0.34,2.0,0.35,35.0,0.01,0.01,2331.564035,1776227205000
1776227206.97,106.97,0.66,5.0,0.65,5.0,0.67,29.72,0.68,87.0,0.33,29.72,0.32,87.0,0.34,5.0,0.35,5.0,0.01,0.01,2331.575946,1776227206000
1776227207.958,107.958,0.66,5.0,0.65,5.0,0.67,29.72,0.68,87.0,0.33,29.72,0.32,87.0,0.34,5.0,0.35,5.0,0.01,0.01,2331.601484,1776227207000
1776227209.009,109.009,0.66,5.0,0.65,5.0,0.67,29.72,0.68,87.0,0.33,29.72,0.32,87.0,0.34,5.0,0.35,5.0,0.01,0.01,2331.54615,1776227208000
1776227209.381,109.381,0.66,15.0,0.65,20.0,0.67,27.25,0.68,87.0,0.33,29.72,0.32,87.0,0.34,5.0,0.35,5.0,0.01,0.01,2331.54615,1776227208000
1776227209.867,109.867,0.66,15.0,0.65,20.0,0.67,27.25,0.68,87.0,0.33,27.25,0.32,87.0,0.34,15.0,0.35,20.0,0.01,0.01,2331.571627,1776227209000
1776227210.901,110.901,0.66,15.0,0.65,20.0,0.67,27.25,0.68,87.0,0.33,27.25,0.32,87.0,0.34,15.0,0.35,20.0,0.01,0.01,2331.534693,1776227210000
1776227211.92,111.92,0.66,15.0,0.65,20.0,0.67,27.25,0.68,87.0,0.33,27.25,0.32,87.0,0.34,15.0,0.35,20.0,0.01,0.01,2331.509975,1776227211000
1776227212.229,112.229,0.66,15.0,0.65,20.0,0.67,2.17,0.68,87.0,0.33,27.25,0.32,87.0,0.34,15.0,0.35,20.0,0.01,0.01,2331.509975,1776227211000
1776227212.9,112.9,0.66,15.0,0.65,20.0,0.67,2.17,0.68,87.0,0.33,2.17,0.32,87.0,0.34,15.0,0.35,20.0,0.01,0.01,2331.50483,1776227212000
1776227214.422,114.422,0.66,15.0,0.65,20.0,0.67,2.17,0.68,87.0,0.33,2.17,0.32,87.0,0.34,15.0,0.35,20.0,0.01,0.01,2331.48715,1776227213000
1776227214.977,114.977,0.62,18.18,0.61,27.0,0.68,82.0,0.69,92.0,0.32,82.0,0.31,92.0,0.38,18.18,0.39,27.0,0.06,0.06,2331.4846,1776227214000
1776227215.557,115.557,0.64,30.29,0.63,31.91,0.66,15.0,0.67,25.0,0.32,82.0,0.31,92.0,0.38,18.18,0.39,27.0,0.02,0.06,2331.4846,1776227214000
1776227215.758,115.758,0.65,5.0,0.64,19.3,0.66,9.36,0.67,25.0,0.34,15.0,0.33,25.0,0.36,30.29,0.37,31.91,0.01,0.02,2331.4846,1776227214000
1776227216.228,116.228,0.65,4.14,0.64,19.3,0.66,9.36,0.67,25.0,0.34,9.36,0.33,25.0,0.35,4.14,0.36,19.3,0.01,0.01,2331.557415,1776227215000
1776227216.763,116.763,0.64,45.59,0.63,26.91,0.66,19.36,0.67,20.0,0.34,9.36,0.33,25.0,0.35,4.14,0.36,19.3,0.02,0.01,2331.557415,1776227215000
1776227217.07,117.07,0.64,40.03,0.63,26.91,0.66,19.36,0.67,20.0,0.34,19.36,0.33,20.0,0.36,45.59,0.37,26.91,0.02,0.02,2331.557415,1776227215000
1776227217.311,117.311,0.64,40.03,0.63,26.91,0.66,19.36,0.67,20.0,0.34,19.36,0.33,20.0,0.36,40.03,0.37,26.91,0.02,0.02,2331.49215,1776227216000
1776227217.665,117.665,0.64,6.8,0.63,31.91,0.65,25.0,0.66,14.36,0.34,14.36,0.33,20.0,0.36,13.47,0.37,26.91,0.01,0.02,2331.49215,1776227216000
1776227217.971,117.971,0.64,40.43,0.63,31.91,0.65,20.0,0.66,14.36,0.35,25.0,0.34,14.36,0.36,6.8,0.37,31.91,0.01,0.01,2331.49215,1776227216000
1776227218.297,118.297,0.64,40.43,0.63,31.91,0.65,20.0,0.66,14.36,0.35,20.0,0.34,14.36,0.36,40.43,0.37,31.91,0.01,0.01,2331.49215,1776227217000
1776227219.35,119.35,0.64,40.43,0.63,31.91,0.65,20.0,0.66,14.36,0.35,20.0,0.34,14.36,0.36,40.43,0.37,31.91,0.01,0.01,2331.525244,1776227218000
1776227219.942,119.942,0.64,19.43,0.63,31.91,0.65,20.0,0.66,14.36,0.35,20.0,0.34,14.36,0.36,40.43,0.37,31.91,0.01,0.01,2331.525244,1776227218000
1776227220.643,120.643,0.64,24.99,0.63,16.91,0.65,19.75,0.66,19.36,0.35,20.0,0.34,14.36,0.36,19.43,0.37,31.91,0.01,0.01,2331.512848,1776227219000
1776227220.864,120.864,0.62,3.99,0.61,24.0,0.65,32.75,0.66,81.36,0.35,19.75,0.34,19.36,0.36,24.99,0.37,16.91,0.03,0.01,2331.512848,1776227219000
1776227221.084,121.084,0.56,3.77,0.55,13.0,0.57,10.0,0.58,10.0,0.4,67.0,0.39,25.0,0.44,4.77,0.45,13.0,0.01,0.04,2331.478932,1776227220000
1776227221.486,121.486,0.5,81.75,0.49,26.58,0.51,15.0,0.52,20.0,0.45,10.0,0.44,10.0,0.5,24.76,0.51,13.58,0.01,0.05,2331.478932,1776227220000
1776227221.833,121.833,0.5,86.75,0.49,26.58,0.52,11.58,0.53,20.0,0.49,3.17,0.48,20.0,0.5,81.75,0.51,26.58,0.02,0.01,2331.478932,1776227220000
1776227222.122,122.122,0.47,29.0,0.46,25.0,0.51,79.0,0.52,21.58,0.48,11.58,0.47,20.0,0.5,86.75,0.51,26.58,0.04,0.02,2331.478932,1776227220000
1776227222.6,122.6,0.49,20.0,0.48,155.0,0.5,46.0,0.51,69.0,0.51,5.0,0.5,25.0,0.52,85.0,0.53,84.0,0.01,0.01,2331.552655,1776227221000
1776227222.84,122.84,0.48,144.0,0.47,89.0,0.5,28.78,0.51,69.0,0.5,28.78,0.49,69.0,0.51,25.0,0.52,155.0,0.02,0.01,2331.552655,1776227221000
1776227223.349,123.349,0.49,10.0,0.48,154.0,0.5,23.76,0.51,69.0,0.5,23.76,0.49,69.0,0.52,144.0,0.53,89.0,0.01,0.02,2331.552655,1776227221000
1776227223.764,123.764,0.5,90.43,0.49,25.0,0.51,2.0,0.52,5.0,0.5,23.76,0.49,69.0,0.51,10.0,0.52,154.0,0.01,0.01,2331.552655,1776227221000
1776227224.509,124.509,0.53,25.0,0.52,20.0,0.54,12.0,0.55,10.0,0.48,2.0,0.47,11.0,0.5,95.43,0.51,25.0,0.01,0.02,2331.298014,1776227222000
1776227224.914,124.914,0.53,25.0,0.52,20.0,0.54,12.0,0.55,10.0,0.46,12.0,0.45,10.0,0.47,25.0,0.48,20.0,0.01,0.01,2331.05265,1776227223000
1776227225.226,125.226,0.53,15.0,0.52,15.0,0.54,11.62,0.55,10.0,0.46,12.0,0.45,10.0,0.47,25.0,0.48,20.0,0.01,0.01,2331.05265,1776227223000
1776227225.541,125.541,0.53,15.0,0.52,15.0,0.54,11.62,0.55,10.0,0.46,11.62,0.45,10.0,0.47,15.0,0.48,15.0,0.01,0.01,2331.05575,1776227224000
1776227225.83,125.83,0.53,12.61,0.52,15.0,0.54,19.76,0.55,10.0,0.46,14.76,0.45,10.0,0.47,20.0,0.48,15.0,0.01,0.01,2331.05575,1776227224000
1776227226.136,126.136,0.53,12.61,0.52,15.0,0.54,19.76,0.55,10.0,0.46,19.76,0.45,10.0,0.47,12.61,0.48,15.0,0.01,0.01,2331.1028,1776227225000
1776227227.342,127.342,0.53,12.61,0.52,15.0,0.54,19.76,0.55,10.0,0.46,19.76,0.45,10.0,0.47,12.61,0.48,15.0,0.01,0.01,2331.113,1776227226000
1776227228.121,128.121,0.53,12.61,0.52,15.0,0.54,19.76,0.55,10.0,0.46,19.76,0.45,10.0,0.47,12.61,0.48,15.0,0.01,0.01,2331.1228,1776227227000
1776227229.341,129.341,0.56,36.0,0.55,37.0,0.57,5.0,0.61,15.0,0.46,19.76,0.45,10.0,0.47,12.61,0.48,15.0,0.01,0.01,2331.1228,1776227227000
1776227230.436,130.436,0.56,36.0,0.55,37.0,0.57,5.0,0.61,15.0,0.43,5.0,0.39,15.0,0.44,36.0,0.45,37.0,0.01,0.01,2331.1178,1776227229000
1776227231.021,131.021,0.56,36.0,0.55,37.0,0.57,5.0,0.61,15.0,0.43,5.0,0.39,15.0,0.44,36.0,0.45,37.0,0.01,0.01,2331.1178,1776227230000
1776227231.348,131.348,0.6,21.0,0.59,41.0,0.61,11.8,0.62,10.0,0.43,5.0,0.39,15.0,0.44,36.0,0.45,37.0,0.01,0.01,2331.1178,1776227230000
1776227232.249,132.249,0.6,21.0,0.59,41.0,0.61,15.16,0.62,10.0,0.39,15.16,0.38,10.0,0.4,21.0,0.41,41.0,0.01,0.01,2331.28276,1776227231000
1776227232.616,132.616,0.6,56.0,0.59,41.0,0.61,28.29,0.62,5.0,0.39,15.16,0.38,10.0,0.4,21.0,0.41,41.0,0.01,0.01,2331.28276,1776227231000
1776227233.504,133.504,0.6,56.0,0.59,41.0,0.61,28.29,0.62,5.0,0.39,28.29,0.38,5.0,0.4,56.0,0.41,41.0,0.01,0.01,2331.30802,1776227232000
1776227234.096,134.096,0.6,56.0,0.59,41.0,0.61,28.29,0.62,5.0,0.39,28.29,0.38,5.0,0.4,56.0,0.41,41.0,0.01,0.01,2331.30802,1776227233000
1776227235.229,135.229,0.6,56.0,0.59,41.0,0.61,28.29,0.62,5.0,0.39,28.29,0.38,5.0,0.4,56.0,0.41,41.0,0.01,0.01,2331.29995,1776227234000
1776227236.434,136.434,0.6,56.0,0.59,41.0,0.61,28.29,0.62,5.0,0.39,28.29,0.38,5.0,0.4,56.0,0.41,41.0,0.01,0.01,2331.300785,1776227235000
1776227236.871,136.871,0.56,27.38,0.55,31.0,0.61,8.29,0.62,25.0,0.39,8.29,0.38,25.0,0.44,27.38,0.45,31.0,0.05,0.05,2331.30172,1776227236000
1776227237.346,137.346,0.59,9.39,0.58,20.0,0.6,25.0,0.61,23.29,0.39,8.29,0.38,25.0,0.44,27.38,0.45,31.0,0.01,0.05,2331.30172,1776227236000
1776227237.644,137.644,0.59,18.78,0.58,20.0,0.6,20.0,0.61,25.0,0.4,25.0,0.39,23.29,0.41,9.39,0.42,20.0,0.01,0.01,2331.30172,1776227236000
1776227238.002,138.002,0.59,18.78,0.58,20.0,0.6,20.0,0.61,25.0,0.4,20.0,0.39,25.0,0.41,18.78,0.42,20.0,0.01,0.01,2331.373365,1776227237000
1776227238.965,138.965,0.58,15.52,0.57,10.0,0.6,25.0,0.61,35.0,0.4,20.0,0.39,25.0,0.41,18.78,0.42,20.0,0.02,0.01,2331.373365,1776227237000
1776227239.263,139.263,0.58,20.52,0.57,10.0,0.59,15.0,0.6,15.0,0.4,25.0,0.39,35.0,0.42,15.52,0.43,10.0,0.01,0.02,2331.304195,1776227238000
1776227239.561,139.561,0.58,15.04,0.57,15.0,0.59,15.0,0.6,15.0,0.41,15.0,0.4,15.0,0.42,20.52,0.43,10.0,0.01,0.01,2331.304195,1776227238000
1776227239.86,139.86,0.6,4.25,0.59,25.0,0.61,25.0,0.62,25.0,0.41,15.0,0.4,15.0,0.42,15.04,0.43,15.0,0.01,0.01,2331.304195,1776227238000
1776227240.099,140.099,0.59,30.0,0.58,25.04,0.61,18.0,0.62,35.0,0.39,14.0,0.38,35.0,0.4,9.25,0.41,30.0,0.02,0.01,2331.304195,1776227238000
1776227240.482,140.482,0.59,8.65,0.58,25.04,0.6,25.0,0.61,18.0,0.39,18.0,0.38,35.0,0.41,24.26,0.42,25.04,0.01,0.02,2331.304185,1776227239000
1776227241.262,141.262,0.59,8.65,0.58,25.04,0.61,10.24,0.62,25.0,0.39,10.24,0.38,25.0,0.41,8.65,0.42,25.04,0.02,0.02,2331.303555,1776227240000
1776227242.244,142.244,0.59,8.65,0.58,25.04,0.61,10.24,0.62,25.0,0.39,10.24,0.38,25.0,0.41,8.65,0.42,25.04,0.02,0.02,2331.328725,1776227241000
1776227243.312,143.312,0.59,18.65,0.58,20.04,0.6,12.76,0.61,15.0,0.39,10.24,0.38,25.0,0.41,8.65,0.42,25.04,0.01,0.02,2331.328725,1776227241000
1776227244.679,144.679,0.59,18.65,0.58,20.04,0.6,10.52,0.61,15.0,0.4,10.52,0.39,15.0,0.41,18.65,0.42,20.04,0.01,0.01,2331.38708,1776227243000
1776227244.981,144.981,0.58,10.04,0.57,15.0,0.59,30.0,0.6,10.52,0.4,10.52,0.39,15.0,0.41,18.65,0.42,20.04,0.01,0.01,2331.38708,1776227243000
1776227245.251,145.251,0.58,0.04,0.57,20.0,0.59,25.0,0.6,10.52,0.41,30.0,0.4,10.52,0.42,10.04,0.43,15.0,0.01,0.01,2331.38708,1776227243000
1776227246.666,146.666,0.58,0.04,0.57,20.0,0.59,25.0,0.6,10.52,0.41,25.0,0.4,10.52,0.42,0.04,0.43,20.0,0.01,0.01,2331.32538,1776227245000
1776227247.205,147.205,0.58,0.04,0.57,20.0,0.59,25.0,0.6,10.52,0.41,25.0,0.4,10.52,0.42,0.04,0.43,20.0,0.01,0.01,2331.30504,1776227246000
1776227247.907,147.907,0.57,15.0,0.56,26.0,0.58,13.0,0.59,25.0,0.41,25.0,0.4,10.52,0.42,0.04,0.43,20.0,0.01,0.01,2331.30504,1776227246000
1776227248.118,148.118,0.57,15.0,0.56,26.0,0.58,13.0,0.59,25.0,0.42,13.0,0.41,25.0,0.43,15.0,0.44,26.0,0.01,0.01,2331.302935,1776227247000
1776227248.649,148.649,0.57,25.0,0.56,51.0,0.59,16.52,0.6,10.52,0.42,13.0,0.41,25.0,0.43,15.0,0.44,26.0,0.02,0.01,2331.302935,1776227247000
1776227249.485,149.485,0.57,25.0,0.56,51.0,0.59,16.52,0.6,10.52,0.41,16.52,0.4,10.52,0.43,25.0,0.44,51.0,0.02,0.02,2331.282965,1776227248000
1776227250.07,150.07,0.57,25.0,0.56,51.0,0.59,16.52,0.6,10.52,0.41,16.52,0.4,10.52,0.43,25.0,0.44,51.0,0.02,0.02,2331.28307,1776227249000
1776227250.51,150.51,0.58,12.61,0.57,20.0,0.59,5.0,0.6,15.52,0.41,16.52,0.4,10.52,0.43,25.0,0.44,51.0,0.01,0.02,2331.28307,1776227249000
1776227251.308,151.308,0.58,12.61,0.57,20.0,0.59,5.0,0.6,15.52,0.41,5.0,0.4,15.52,0.42,12.61,0.43,20.0,0.01,0.01,2331.292165,1776227250000
1776227251.944,151.944,0.58,12.61,0.57,20.0,0.59,5.0,0.6,15.52,0.41,5.0,0.4,15.52,0.42,12.61,0.43,20.0,0.01,0.01,2331.292215,1776227251000
1776227253.097,153.097,0.58,12.61,0.57,20.0,0.59,5.0,0.6,15.52,0.41,5.0,0.4,15.52,0.42,12.61,0.43,20.0,0.01,0.01,2331.29787,1776227252000
1776227254.446,154.446,0.58,12.61,0.57,20.0,0.59,5.0,0.6,15.52,0.41,5.0,0.4,15.52,0.42,12.61,0.43,20.0,0.01,0.01,2331.30294,1776227253000
1776227255.24,155.24,0.58,12.61,0.57,20.0,0.59,5.0,0.6,15.52,0.41,5.0,0.4,15.52,0.42,12.61,0.43,20.0,0.01,0.01,2331.302965,1776227254000
1776227256.604,156.604,0.58,12.61,0.57,20.0,0.59,5.0,0.6,15.52,0.41,5.0,0.4,15.52,0.42,12.61,0.43,20.0,0.01,0.01,2331.296155,1776227255000
1776227257.263,157.263,0.58,12.61,0.57,20.0,0.59,5.0,0.6,15.52,0.41,5.0,0.4,15.52,0.42,12.61,0.43,20.0,0.01,0.01,2331.300955,1776227256000
1776227258.444,158.444,0.58,12.61,0.57,20.0,0.59,5.0,0.6,15.52,0.41,5.0,0.4,15.52,0.42,12.61,0.43,20.0,0.01,0.01,2331.30156,1776227257000
1776227258.911,158.911,0.58,12.61,0.57,20.0,0.59,5.0,0.6,15.52,0.41,5.0,0.4,15.52,0.42,12.61,0.43,20.0,0.01,0.01,2331.3022,1776227258000
1776227260.283,160.283,0.59,10.0,0.58,15.0,0.6,7.46,0.61,20.0,0.41,5.0,0.4,15.52,0.42,12.61,0.43,20.0,0.01,0.01,2331.3022,1776227258000
1776227260.564,160.564,0.59,10.0,0.58,15.0,0.6,7.46,0.61,20.0,0.4,7.46,0.39,20.0,0.41,10.0,0.42,15.0,0.01,0.01,2331.31423,1776227259000
1776227261.546,161.546,0.59,10.0,0.58,15.0,0.6,13.46,0.61,20.0,0.4,13.46,0.39,20.0,0.41,10.0,0.42,15.0,0.01,0.01,2331.31372,1776227260000
1776227262.199,162.199,0.59,10.0,0.58,15.0,0.6,13.46,0.61,20.0,0.4,13.46,0.39,20.0,0.41,10.0,0.42,15.0,0.01,0.01,2331.31372,1776227261000
1776227263.703,163.703,0.59,10.0,0.58,15.0,0.6,13.46,0.61,20.0,0.4,13.46,0.39,20.0,0.41,10.0,0.42,15.0,0.01,0.01,2331.332315,1776227262000
1776227264.189,164.189,0.58,53.77,0.57,60.7,0.59,18.96,0.6,23.46,0.4,13.46,0.39,20.0,0.41,10.0,0.42,15.0,0.01,0.01,2331.332315,1776227262000
1776227264.406,164.406,0.58,53.77,0.57,60.7,0.59,18.96,0.6,23.46,0.41,18.96,0.4,23.46,0.42,53.77,0.43,60.7,0.01,0.01,2331.327125,1776227263000
1776227265.094,165.094,0.58,53.77,0.57,60.7,0.59,18.96,0.6,23.46,0.41,18.96,0.4,23.46,0.42,53.77,0.43,60.7,0.01,0.01,2331.328655,1776227264000
1776227266.553,166.553,0.58,53.77,0.57,60.7,0.59,18.96,0.6,23.46,0.41,18.96,0.4,23.46,0.42,53.77,0.43,60.7,0.01,0.01,2331.333755,1776227265000
1776227267.016,167.016,0.48,8.26,0.47,30.5,0.49,43.18,0.5,92.99,0.51,10.0,0.5,74.12,0.52,13.26,0.53,30.5,0.01,0.01,2331.333755,1776227265000
1776227267.384,167.384,0.48,8.26,0.47,30.5,0.49,43.18,0.5,92.99,0.51,43.18,0.5,92.99,0.52,8.26,0.53,30.5,0.01,0.01,2331.43043,1776227266000
1776227267.963,167.963,0.48,59.76,0.47,30.5,0.49,30.93,0.5,26.0,0.51,43.18,0.5,92.99,0.52,8.26,0.53,30.5,0.01,0.01,2331.43043,1776227266000
1776227268.217,168.217,0.48,59.76,0.47,30.5,0.49,20.93,0.5,26.0,0.51,20.93,0.5,26.0,0.52,59.76,0.53,30.5,0.01,0.01,2331.334865,1776227267000
1776227269.039,169.039,0.48,32.5,0.47,5.0,0.49,89.71,0.5,42.87,0.51,5.72,0.5,26.0,0.52,59.76,0.53,35.5,0.01,0.01,2331.334865,1776227267000
1776227269.43,169.43,0.48,0.91,0.41,5.0,0.49,151.71,0.5,42.87,0.51,104.71,0.5,42.87,0.52,30.13,0.53,5.0,0.01,0.01,2331.334865,1776227267000
1776227270.186,170.186,0.39,86.64,0.38,237.0,0.4,12.12,0.41,15.0,0.59,10.0,0.58,10.0,0.61,4.64,0.62,12.0,0.01,0.02,2331.06747,1776227268000
1776227270.457,170.457,0.39,49.64,0.38,227.0,0.4,7.25,0.41,7.16,0.6,7.25,0.59,7.16,0.61,49.64,0.62,227.0,0.01,0.01,2331.069853,1776227269000
1776227271.229,171.229,0.39,59.53,0.38,242.0,0.4,4.5,0.41,7.16,0.6,4.5,0.59,7.16,0.61,59.53,0.62,242.0,0.01,0.01,2331.020105,1776227270000
1776227271.767,171.767,0.39,30.58,0.38,237.0,0.4,10.0,0.41,7.16,0.59,12.16,0.58,15.0,0.61,53.53,0.62,237.0,0.01,0.02,2331.020105,1776227270000
1776227272.707,172.707,0.39,30.58,0.38,237.0,0.4,10.0,0.41,7.16,0.6,10.0,0.59,7.16,0.61,30.58,0.62,237.0,0.01,0.01,2330.902982,1776227271000
1776227273.477,173.477,0.39,30.58,0.38,237.0,0.4,10.0,0.41,7.16,0.6,10.0,0.59,7.16,0.61,30.58,0.62,237.0,0.01,0.01,2330.87161,1776227272000
1776227274.128,174.128,0.39,30.58,0.38,237.0,0.4,10.0,0.41,7.16,0.6,10.0,0.59,7.16,0.61,30.58,0.62,237.0,0.01,0.01,2330.86679,1776227273000
1776227274.463,174.463,0.41,13.51,0.4,20.0,0.42,20.0,0.43,45.0,0.6,10.0,0.59,7.16,0.61,30.58,0.62,237.0,0.01,0.01,2330.86679,1776227273000
1776227274.673,174.673,0.41,18.51,0.4,20.0,0.42,10.0,0.43,45.0,0.58,20.0,0.57,45.0,0.59,13.51,0.6,20.0,0.01,0.01,2330.86679,1776227273000
1776227275.702,175.702,0.41,18.51,0.4,20.0,0.42,10.0,0.43,45.0,0.58,10.0,0.57,45.0,0.59,18.51,0.6,20.0,0.01,0.01,2330.9634,1776227274000
1776227276.366,176.366,0.41,18.51,0.4,20.0,0.42,10.0,0.43,45.0,0.58,10.0,0.57,45.0,0.59,18.51,0.6,20.0,0.01,0.01,2330.96335,1776227275000
1776227276.679,176.679,0.42,21.55,0.41,63.51,0.44,40.36,0.45,15.0,0.57,30.0,0.56,10.0,0.58,16.55,0.59,63.51,0.02,0.01,2330.96335,1776227275000
1776227277.475,177.475,0.42,21.55,0.41,63.51,0.44,40.36,0.45,15.0,0.56,40.36,0.55,15.0,0.58,21.55,0.59,63.51,0.02,0.02,2330.96717,1776227276000
1776227278.062,178.062,0.42,21.55,0.41,63.51,0.44,40.36,0.45,15.0,0.56,40.36,0.55,15.0,0.58,21.55,0.59,63.51,0.02,0.02,2330.986075,1776227277000
1776227278.997,178.997,0.42,21.55,0.41,63.51,0.44,40.36,0.45,15.0,0.56,40.36,0.55,15.0,0.58,21.55,0.59,63.51,0.02,0.02,2330.926475,1776227278000
1776227279.714,179.714,0.44,105.0,0.43,160.0,0.45,15.0,0.46,20.0,0.56,40.36,0.55,15.0,0.58,21.55,0.59,63.51,0.01,0.02,2330.926475,1776227278000
1776227280.157,180.157,0.44,105.0,0.43,160.0,0.45,15.0,0.46,20.0,0.55,15.0,0.54,20.0,0.56,105.0,0.57,160.0,0.01,0.01,2330.929045,1776227279000
1776227280.945,180.945,0.44,83.21,0.43,75.0,0.45,15.0,0.46,30.0,0.55,15.0,0.54,20.0,0.56,105.0,0.57,160.0,0.01,0.01,2330.929045,1776227279000
1776227281.183,181.183,0.44,83.21,0.43,75.0,0.45,15.0,0.46,30.0,0.55,15.0,0.54,30.0,0.56,83.21,0.57,75.0,0.01,0.01,2330.931185,1776227280000
1776227281.409,181.409,0.44,71.21,0.43,75.0,0.45,20.0,0.46,30.0,0.55,15.0,0.54,30.0,0.56,83.21,0.57,75.0,0.01,0.01,2330.931185,1776227280000
1776227281.819,181.819,0.43,0.47,0.42,11.55,0.45,30.0,0.46,30.0,0.55,20.0,0.54,30.0,0.56,71.21,0.57,75.0,0.02,0.01,2330.931185,1776227280000
1776227282.182,182.182,0.43,0.47,0.42,11.55,0.45,30.0,0.46,30.0,0.55,30.0,0.54,30.0,0.57,0.47,0.58,11.55,0.02,0.02,2330.933019,1776227281000
1776227283.193,183.193,0.43,0.47,0.42,11.55,0.45,30.0,0.46,30.0,0.55,30.0,0.54,30.0,0.57,0.47,0.58,11.55,0.02,0.02,2330.919905,1776227282000
1776227284.246,184.246,0.43,0.47,0.42,11.55,0.45,30.0,0.46,30.0,0.55,30.0,0.54,30.0,0.57,0.47,0.58,11.55,0.02,0.02,2330.904375,1776227283000
1776227285.215,185.215,0.39,9.0,0.38,85.0,0.41,31.0,0.42,26.0,0.55,30.0,0.54,30.0,0.57,0.47,0.58,11.55,0.02,0.02,2330.904375,1776227283000
1776227286.327,186.327,0.39,9.0,0.38,85.0,0.41,31.0,0.42,26.0,0.59,31.0,0.58,26.0,0.61,9.0,0.62,85.0,0.02,0.02,2330.832355,1776227285000
1776227286.885,186.885,0.39,9.0,0.38,85.0,0.41,31.0,0.42,26.0,0.59,31.0,0.58,26.0,0.61,9.0,0.62,85.0,0.02,0.02,2330.818797,1776227286000
1776227287.863,187.863,0.39,9.0,0.38,85.0,0.41,31.0,0.42,26.0,0.59,31.0,0.58,26.0,0.61,9.0,0.62,85.0,0.02,0.02,2330.80364,1776227287000
1776227288.122,188.122,0.38,60.0,0.37,70.0,0.39,64.0,0.4,46.0,0.59,31.0,0.58,26.0,0.61,9.0,0.62,85.0,0.01,0.02,2330.80364,1776227287000
1776227288.692,188.692,0.35,20.0,0.34,20.88,0.36,21.0,0.37,20.0,0.64,6.0,0.63,15.0,0.65,20.0,0.66,20.88,0.01,0.01,2330.80364,1776227287000
1776227289.878,189.878,0.35,20.0,0.34,20.88,0.36,21.0,0.37,20.0,0.64,21.0,0.63,20.0,0.65,20.0,0.66,20.88,0.01,0.01,2330.78949,1776227289000
1776227290.528,190.528,0.4,10.0,0.39,10.0,0.46,5.0,0.47,82.12,0.64,21.0,0.63,20.0,0.65,20.0,0.66,20.88,0.06,0.01,2330.78949,1776227289000
1776227290.893,190.893,0.45,38.9,0.44,178.8,0.46,25.0,0.47,5.0,0.54,5.0,0.53,82.12,0.6,10.0,0.61,10.0,0.01,0.06,2330.78949,1776227289000
1776227291.251,191.251,0.57,15.0,0.56,15.0,0.58,26.96,0.59,5.0,0.54,25.0,0.53,5.0,0.55,38.9,0.56,178.8,0.01,0.01,2330.759835,1776227290000
1776227291.493,191.493,0.57,20.0,0.56,15.0,0.61,70.0,0.62,15.0,0.4,7.08,0.39,65.0,0.43,15.0,0.44,15.0,0.04,0.03,2330.759835,1776227290000
1776227292.616,192.616,0.57,15.0,0.56,15.0,0.58,20.0,0.59,15.0,0.42,20.0,0.41,15.0,0.43,15.0,0.44,15.0,0.01,0.01,2330.867815,1776227291000
1776227293.257,193.257,0.57,15.0,0.56,15.0,0.58,20.0,0.59,15.0,0.42,20.0,0.41,15.0,0.43,15.0,0.44,15.0,0.01,0.01,2331.039153,1776227292000
1776227294.779,194.779,0.57,15.0,0.56,15.0,0.58,20.0,0.59,15.0,0.42,20.0,0.41,15.0,0.43,15.0,0.44,15.0,0.01,0.01,2331.14275,1776227293000
1776227295.099,195.099,0.57,20.0,0.56,20.0,0.58,43.28,0.59,100.0,0.42,20.0,0.41,15.0,0.43,15.0,0.44,15.0,0.01,0.01,2331.14275,1776227293000
1776227295.353,195.353,0.57,20.0,0.56,20.0,0.58,43.28,0.59,100.0,0.42,43.28,0.41,100.0,0.43,20.0,0.44,20.0,0.01,0.01,2331.14837,1776227294000
1776227296.045,196.045,0.57,20.0,0.56,20.0,0.58,43.28,0.59,100.0,0.42,43.28,0.41,100.0,0.43,20.0,0.44,20.0,0.01,0.01,2331.1578,1776227295000
1776227297.372,197.372,0.57,20.0,0.56,20.0,0.58,43.28,0.59,100.0,0.42,43.28,0.41,100.0,0.43,20.0,0.44,20.0,0.01,0.01,2331.1628,1776227296000
1776227298.101,198.101,0.57,20.0,0.56,20.0,0.58,43.28,0.59,100.0,0.42,43.28,0.41,100.0,0.43,20.0,0.44,20.0,0.01,0.01,2331.1629,1776227297000
1776227298.637,198.637,0.57,25.0,0.56,20.0,0.58,10.0,0.59,100.0,0.42,43.28,0.41,100.0,0.43,20.0,0.44,20.0,0.01,0.01,2331.1629,1776227297000
1776227299.479,199.479,0.57,25.0,0.56,20.0,0.58,10.0,0.59,100.0,0.42,10.0,0.41,100.0,0.43,25.0,0.44,20.0,0.01,0.01,2331.163,1776227298000
1776227300.158,200.158,0.46,25.0,0.45,99.5,0.5,15.0,0.51,10.0,0.42,10.0,0.41,100.0,0.43,25.0,0.44,20.0,0.04,0.01,2331.163,1776227298000
1776227300.778,200.778,0.46,20.0,0.45,99.5,0.47,17.87,0.48,5.0,0.5,10.0,0.48,7.0,0.55,99.5,0.56,43.4,0.01,0.05,2331.1631,1776227299000
1776227301.24,201.24,0.53,15.0,0.52,57.97,0.55,35.0,0.56,15.0,0.47,10.0,0.46,25.0,0.48,37.97,0.52,15.0,0.02,0.01,2331.1631,1776227299000
1776227301.595,201.595,0.53,15.0,0.52,57.97,0.55,35.0,0.56,15.0,0.45,35.0,0.44,15.0,0.47,15.0,0.48,57.97,0.02,0.02,2331.17265,1776227300000
1776227302.241,202.241,0.53,20.0,0.52,47.97,0.54,2.85,0.55,40.0,0.46,2.85,0.45,40.0,0.47,20.0,0.48,47.97,0.01,0.01,2331.105428,1776227301000
1776227303.53,203.53,0.53,20.0,0.52,47.97,0.54,2.85,0.55,40.0,0.46,2.85,0.45,40.0,0.47,20.0,0.48,47.97,0.01,0.01,2331.09626,1776227302000
1776227304.267,204.267,0.52,29.03,0.51,85.0,0.55,36.0,0.56,20.0,0.45,36.0,0.44,20.0,0.48,29.03,0.49,85.0,0.03,0.03,2331.09857,1776227303000
1776227305.246,205.246,0.52,53.43,0.51,99.4,0.53,10.0,0.54,30.0,0.45,36.0,0.44,20.0,0.48,29.03,0.49,85.0,0.01,0.03,2331.09857,1776227303000
1776227305.542,205.542,0.52,53.43,0.51,99.4,0.53,10.0,0.54,30.0,0.47,10.0,0.46,30.0,0.48,53.43,0.49,99.4,0.01,0.01,2331.11364,1776227304000
1776227306.002,206.002,0.52,63.43,0.51,104.4,0.53,10.0,0.54,30.0,0.47,10.0,0.46,30.0,0.48,53.43,0.49,99.4,0.01,0.01,2331.11364,1776227304000
1776227306.642,206.642,0.53,29.5,0.52,48.43,0.54,10.0,0.55,11.0,0.47,10.0,0.46,30.0,0.48,63.43,0.49,104.4,0.01,0.01,2331.11341,1776227305000
1776227307.564,207.564,0.54,25.0,0.53,34.5,0.55,5.0,0.56,15.0,0.45,5.0,0.44,15.0,0.46,25.0,0.47,34.5,0.01,0.01,2331.1137,1776227306000
1776227307.819,207.819,0.55,5.0,0.54,20.0,0.56,64.1,0.57,15.0,0.45,5.0,0.44,15.0,0.46,25.0,0.47,34.5,0.01,0.01,2331.1137,1776227306000
1776227308.078,208.078,0.55,15.0,0.54,20.0,0.56,75.52,0.57,20.0,0.44,64.1,0.43,15.0,0.45,5.0,0.46,20.0,0.01,0.01,2331.1137,1776227306000
1776227308.636,208.636,0.55,15.0,0.54,20.0,0.56,75.52,0.57,20.0,0.44,75.52,0.43,20.0,0.45,15.0,0.46,20.0,0.01,0.01,2331.118725,1776227307000
1776227309.164,209.164,0.55,15.0,0.54,20.0,0.56,75.52,0.57,20.0,0.44,75.52,0.43,20.0,0.45,15.0,0.46,20.0,0.01,0.01,2331.14235,1776227308000
1776227309.583,209.583,0.53,29.5,0.52,48.43,0.55,23.03,0.56,20.52,0.44,75.52,0.43,20.0,0.45,15.0,0.46,20.0,0.02,0.01,2331.14235,1776227308000
1776227310.177,210.177,0.53,29.5,0.52,53.43,0.54,12.96,0.55,26.03,0.46,12.96,0.45,26.03,0.47,29.5,0.48,53.43,0.01,0.01,2331.14235,1776227309000
1776227310.557,210.557,0.53,9.5,0.52,38.43,0.54,17.96,0.55,21.03,0.46,12.96,0.45,26.03,0.47,29.5,0.48,53.43,0.01,0.01,2331.14235,1776227309000
1776227311.028,211.028,0.52,32.93,0.51,29.4,0.53,19.46,0.54,82.96,0.47,8.05,0.46,82.96,0.48,32.93,0.49,29.4,0.01,0.01,2331.14235,1776227309000
1776227311.324,211.324,0.5,14.4,0.49,19.4,0.53,13.05,0.54,87.96,0.47,19.46,0.46,82.96,0.48,32.93,0.49,29.4,0.03,0.01,2331.145195,1776227310000
1776227312.223,212.223,0.5,9.4,0.49,24.4,0.51,20.0,0.52,15.0,0.49,20.0,0.48,15.0,0.5,9.4,0.51,24.4,0.01,0.01,2331.144205,1776227311000
1776227313.189,213.189,0.5,9.4,0.49,24.4,0.51,20.0,0.52,15.0,0.49,20.0,0.48,15.0,0.5,9.4,0.51,24.4,0.01,0.01,2331.116515,1776227312000
1776227313.726,213.726,0.34,5.88,0.33,70.0,0.47,261.87,0.48,37.0,0.49,21.0,0.48,15.0,0.5,8.93,0.51,20.0,0.13,0.01,2331.116515,1776227312000
1776227314.176,214.176,0.3,5.0,0.28,70.0,0.32,16.12,0.33,20.0,0.65,25.0,0.64,83.99,0.67,20.96,0.69,125.0,0.02,0.02,2331.116515,1776227312000
1776227314.666,214.666,0.28,70.0,0.27,97.0,0.29,10.0,0.3,15.0,0.68,16.12,0.67,20.0,0.72,55.0,0.73,82.0,0.01,0.04,2331.0956,1776227313000
1776227314.943,214.943,0.28,80.0,0.27,97.0,0.29,3.75,0.3,15.0,0.71,10.0,0.7,15.0,0.72,70.0,0.73,97.0,0.01,0.01,2331.0956,1776227313000
1776227315.159,215.159,0.28,80.0,0.27,97.0,0.29,3.75,0.3,15.0,0.71,3.75,0.7,15.0,0.72,80.0,0.73,97.0,0.01,0.01,2331.09503,1776227314000
1776227316.24,216.24,0.28,80.0,0.27,97.0,0.29,3.75,0.3,15.0,0.71,3.75,0.7,15.0,0.72,80.0,0.73,97.0,0.01,0.01,2330.664814,1776227315000
1776227316.746,216.746,0.26,72.69,0.25,75.0,0.29,116.99,0.3,34.0,0.7,25.0,0.69,20.0,0.72,210.0,0.73,75.0,0.03,0.02,2330.664814,1776227315000
1776227317.248,217.248,0.26,67.69,0.25,75.0,0.27,20.0,0.28,20.0,0.73,20.0,0.72,20.0,0.74,67.69,0.75,75.0,0.01,0.01,2330.625485,1776227316000
1776227317.69,217.69,0.26,70.65,0.25,80.0,0.27,37.0,0.28,20.0,0.73,20.0,0.72,20.0,0.74,67.69,0.75,75.0,0.01,0.01,2330.625485,1776227316000
1776227318.226,218.226,0.26,70.65,0.25,80.0,0.27,37.0,0.28,20.0,0.73,37.0,0.72,20.0,0.74,70.65,0.75,80.0,0.01,0.01,2330.5875,1776227317000
1776227319.191,219.191,0.26,70.65,0.25,80.0,0.27,37.0,0.28,20.0,0.73,37.0,0.72,20.0,0.74,70.65,0.75,80.0,0.01,0.01,2330.572131,1776227318000
1776227320.244,220.244,0.26,70.65,0.25,80.0,0.27,37.0,0.28,20.0,0.73,37.0,0.72,20.0,0.74,70.65,0.75,80.0,0.01,0.01,2330.630055,1776227319000
1776227321.339,221.339,0.26,17.69,0.25,90.0,0.27,114.99,0.28,27.87,0.73,37.0,0.72,20.0,0.74,70.65,0.75,80.0,0.01,0.01,2330.630055,1776227319000
1776227321.758,221.758,0.26,17.69,0.25,90.0,0.27,114.99,0.28,27.87,0.73,114.99,0.72,27.87,0.74,17.69,0.75,90.0,0.01,0.01,2330.547,1776227320000
1776227322.159,222.159,0.24,125.55,0.23,10.0,0.25,78.99,0.26,48.87,0.75,29.87,0.74,53.87,0.76,120.55,0.77,5.0,0.01,0.01,2330.547,1776227320000
1776227322.934,222.934,0.24,140.55,0.23,10.0,0.25,24.0,0.26,107.99,0.75,78.99,0.74,48.87,0.76,125.55,0.77,10.0,0.01,0.01,2330.54205,1776227321000
1776227323.164,223.164,0.24,134.23,0.23,5.0,0.26,102.14,0.27,30.0,0.75,29.0,0.74,107.99,0.76,144.23,0.77,10.0,0.02,0.01,2330.54205,1776227321000
1776227323.74,223.74,0.24,132.65,0.23,5.0,0.25,10.0,0.26,104.14,0.74,102.14,0.73,30.0,0.76,134.23,0.77,5.0,0.01,0.02,2330.56507,1776227322000
1776227324.365,224.365,0.24,132.65,0.23,5.0,0.25,10.0,0.26,104.14,0.75,10.0,0.74,104.14,0.76,132.65,0.77,5.0,0.01,0.01,2330.4825,1776227323000
1776227324.85,224.85,0.24,132.65,0.23,5.0,0.25,10.0,0.26,104.14,0.75,10.0,0.74,104.14,0.76,132.65,0.77,5.0,0.01,0.01,2330.4725,1776227324000
1776227325.71,225.71,0.24,126.22,0.23,10.0,0.25,93.99,0.26,51.02,0.75,10.0,0.74,104.14,0.76,132.65,0.77,5.0,0.01,0.01,2330.4725,1776227324000
1776227326.618,226.618,0.24,96.74,0.23,10.0,0.25,84.99,0.26,33.02,0.75,98.99,0.74,51.02,0.76,91.74,0.77,10.0,0.01,0.01,2330.4725,1776227325000
1776227326.863,226.863,0.24,96.74,0.23,10.0,0.25,84.99,0.26,33.02,0.75,84.99,0.74,33.02,0.76,96.74,0.77,10.0,0.01,0.01,2330.477395,1776227326000
1776227327.809,227.809,0.24,96.74,0.23,10.0,0.25,84.99,0.26,33.02,0.75,84.99,0.74,33.02,0.76,96.74,0.77,10.0,0.01,0.01,2330.4775,1776227327000
1776227329.336,229.336,0.24,96.74,0.23,10.0,0.25,84.99,0.26,33.02,0.75,84.99,0.74,33.02,0.76,96.74,0.77,10.0,0.01,0.01,2330.5025,1776227328000
1776227329.54,229.54,0.24,95.28,0.23,20.0,0.25,110.99,0.26,33.02,0.75,84.99,0.74,33.02,0.76,96.74,0.77,10.0,0.01,0.01,2330.5025,1776227328000
1776227330.284,230.284,0.24,95.28,0.23,20.0,0.25,110.99,0.26,33.02,0.75,110.99,0.74,33.02,0.76,95.28,0.77,20.0,0.01,0.01,2330.505,1776227329000
1776227331.252,231.252,0.24,95.28,0.23,20.0,0.25,110.99,0.26,33.02,0.75,110.99,0.74,33.02,0.76,95.28,0.77,20.0,0.01,0.01,2330.5025,1776227330000
1776227332.27,232.27,0.24,95.28,0.23,20.0,0.25,110.99,0.26,33.02,0.75,110.99,0.74,33.02,0.76,95.28,0.77,20.0,0.01,0.01,2330.5025,1776227331000
1776227333.272,233.272,0.24,95.28,0.23,20.0,0.25,110.99,0.26,33.02,0.75,110.99,0.74,33.02,0.76,95.28,0.77,20.0,0.01,0.01,2330.5025,1776227332000
1776227334.738,234.738,0.24,95.28,0.23,20.0,0.25,110.99,0.26,33.02,0.75,110.99,0.74,33.02,0.76,95.28,0.77,20.0,0.01,0.01,2330.51971,1776227333000
1776227335.259,235.259,0.25,10.0,0.24,85.28,0.26,21.0,0.27,91.99,0.75,110.99,0.74,33.02,0.76,95.28,0.77,20.0,0.01,0.01,2330.51971,1776227333000
1776227335.681,235.681,0.25,10.0,0.24,85.28,0.26,21.0,0.27,91.99,0.74,21.0,0.73,91.99,0.75,10.0,0.76,85.28,0.01,0.01,2330.519605,1776227334000
1776227336.114,236.114,0.21,55.0,0.2,10.05,0.22,9.77,0.23,15.0,0.74,21.0,0.73,91.99,0.75,10.0,0.76,85.28,0.01,0.01,2330.519605,1776227334000
1776227336.338,236.338,0.21,55.0,0.2,10.05,0.22,9.77,0.23,15.0,0.78,9.77,0.77,15.0,0.79,55.0,0.8,10.05,0.01,0.01,2330.54465,1776227335000
1776227336.734,236.734,0.21,22.73,0.2,10.05,0.22,41.77,0.23,107.99,0.78,29.77,0.77,29.0,0.79,24.0,0.8,10.05,0.01,0.01,2330.54465,1776227335000
1776227337.059,237.059,0.21,16.46,0.2,10.05,0.22,114.21,0.23,48.87,0.78,37.22,0.77,107.99,0.79,22.73,0.8,10.05,0.01,0.01,2330.54465,1776227335000
1776227337.274,237.274,0.21,16.46,0.2,10.05,0.22,89.57,0.23,48.87,0.78,114.66,0.77,48.87,0.79,16.46,0.8,10.05,0.01,0.01,2330.54465,1776227335000
1776227337.961,237.961,0.21,12.65,0.2,10.05,0.22,99.57,0.23,48.87,0.78,94.57,0.77,48.87,0.79,13.92,0.8,10.05,0.01,0.01,2330.54465,1776227336000
1776227339.055,239.055,0.21,11.38,0.2,10.05,0.22,144.57,0.23,48.87,0.78,99.57,0.77,48.87,0.79,12.65,0.8,10.05,0.01,0.01,2330.541994,1776227337000
1776227339.758,239.758,0.21,8.84,0.2,5.0,0.22,108.7,0.23,128.87,0.78,144.57,0.77,48.87,0.79,11.38,0.8,10.05,0.01,0.01,2330.467875,1776227338000
1776227340.081,240.081,0.16,62.31,0.15,53.0,0.17,100.99,0.18,29.0,0.78,206.57,0.77,128.87,0.84,70.0,0.85,53.0,0.01,0.06,2330.467875,1776227338000
1776227340.3,240.3,0.16,67.42,0.15,53.0,0.17,51.0,0.18,88.12,0.83,100.99,0.82,29.0,0.84,62.31,0.85,53.0,0.01,0.01,2330.467875,1776227338000
1776227340.9,240.9,0.16,67.42,0.15,53.0,0.17,51.0,0.18,88.12,0.83,51.0,0.82,88.12,0.84,67.42,0.85,53.0,0.01,0.01,2330.43833,1776227340000
1776227341.137,241.137,0.16,61.42,0.15,53.0,0.17,58.99,0.18,29.0,0.83,51.0,0.82,88.12,0.84,67.42,0.85,53.0,0.01,0.01,2330.43833,1776227340000
1776227341.471,241.471,0.16,55.4,0.15,53.0,0.17,28.12,0.18,29.0,0.83,33.99,0.82,29.0,0.84,61.42,0.85,53.0,0.01,0.01,2330.43833,1776227340000
1776227341.723,241.723,0.16,64.7,0.15,53.0,0.17,30.99,0.18,29.0,0.83,20.99,0.82,29.0,0.84,60.4,0.85,53.0,0.01,0.01,2330.43833,1776227340000
1776227341.985,241.985,0.16,44.91,0.15,53.0,0.17,35.99,0.18,29.0,0.83,35.99,0.82,29.0,0.84,44.91,0.85,53.0,0.01,0.01,2330.445565,1776227341000
1776227342.25,242.25,0.16,47.49,0.15,53.0,0.17,19.22,0.18,16.87,0.83,4.22,0.82,16.87,0.84,54.91,0.85,53.0,0.01,0.01,2330.445565,1776227341000
1776227342.706,242.706,0.16,38.62,0.15,53.0,0.17,10.0,0.18,16.87,0.83,10.0,0.82,16.87,0.84,38.87,0.85,53.0,0.01,0.01,2330.445565,1776227341000
1776227343.16,243.16,0.16,38.62,0.15,53.0,0.18,1.81,0.19,35.0,0.83,10.0,0.82,16.87,0.84,38.62,0.85,53.0,0.02,0.01,2330.445565,1776227341000
1776227343.506,243.506,0.16,38.62,0.15,53.0,0.18,1.81,0.19,35.0,0.82,1.81,0.81,35.0,0.84,38.62,0.85,53.0,0.02,0.02,2330.38038,1776227342000
1776227343.761,243.761,0.16,33.67,0.15,43.0,0.17,7.58,0.18,31.86,0.83,15.0,0.82,17.81,0.84,33.67,0.85,43.0,0.01,0.01,2330.38038,1776227342000
1776227344.075,244.075,0.16,26.74,0.15,13.0,0.17,7.58,0.18,31.86,0.83,7.58,0.82,31.86,0.84,33.67,0.85,43.0,0.01,0.01,2330.38038,1776227342000
1776227344.317,244.317,0.16,25.54,0.15,13.0,0.17,12.58,0.18,31.86,0.83,7.58,0.82,31.86,0.84,26.74,0.85,13.0,0.01,0.01,2330.404935,1776227343000
1776227345.237,245.237,0.16,3.58,0.14,128.0,0.17,7.58,0.18,31.86,0.83,12.58,0.82,31.86,0.84,25.54,0.85,13.0,0.01,0.01,2330.404935,1776227343000
1776227345.638,245.638,0.15,7.88,0.14,135.21,0.17,12.58,0.18,36.86,0.83,7.58,0.82,31.86,0.84,3.58,0.86,128.0,0.02,0.01,2330.4048,1776227344000
1776227346.358,246.358,0.15,7.88,0.14,135.21,0.17,12.58,0.18,36.86,0.83,12.58,0.82,36.86,0.85,7.88,0.86,135.21,0.02,0.02,2330.383955,1776227345000
1776227346.898,246.898,0.14,120.39,0.13,10.0,0.15,25.0,0.16,45.0,0.83,12.58,0.82,36.86,0.85,7.88,0.86,135.21,0.01,0.02,2330.383955,1776227345000
1776227348.112,248.112,0.14,120.39,0.13,10.0,0.15,25.0,0.16,45.0,0.85,25.0,0.84,45.0,0.86,120.39,0.87,10.0,0.01,0.01,2330.372265,1776227347000
1776227348.36,248.36,0.14,119.57,0.13,10.0,0.15,25.0,0.16,45.0,0.85,25.0,0.84,45.0,0.86,120.39,0.87,10.0,0.01,0.01,2330.372265,1776227347000
1776227348.795,248.795,0.14,63.65,0.13,58.0,0.15,35.0,0.16,45.0,0.85,25.0,0.84,45.0,0.86,119.57,0.87,10.0,0.01,0.01,2330.372265,1776227347000
1776227349.207,249.207,0.14,63.65,0.13,58.0,0.15,35.0,0.16,45.0,0.85,35.0,0.84,45.0,0.86,63.65,0.87,58.0,0.01,0.01,2330.49661,1776227348000
1776227350.112,250.112,0.14,63.65,0.13,58.0,0.15,35.0,0.16,45.0,0.85,35.0,0.84,45.0,0.86,63.65,0.87,58.0,0.01,0.01,2330.35981,1776227349000
1776227351.271,251.271,0.14,63.65,0.13,58.0,0.15,35.0,0.16,45.0,0.85,35.0,0.84,45.0,0.86,63.65,0.87,58.0,0.01,0.01,2330.355985,1776227350000
1776227352.18,252.18,0.14,63.65,0.13,58.0,0.15,35.0,0.16,45.0,0.85,35.0,0.84,45.0,0.86,63.65,0.87,58.0,0.01,0.01,2330.35495,1776227351000
1776227352.905,252.905,0.08,30.0,0.07,63.0,0.12,18.91,0.13,117.99,0.85,35.0,0.84,45.0,0.86,63.65,0.87,58.0,0.04,0.01,2330.35495,1776227351000
1776227353.277,253.277,0.08,16.31,0.07,63.0,0.09,25.0,0.1,15.0,0.91,25.0,0.9,15.0,0.92,16.31,0.93,63.0,0.01,0.01,2330.355225,1776227352000
1776227353.654,253.654,0.08,9.96,0.05,20.0,0.09,120.75,0.1,56.87,0.91,13.88,0.9,15.0,0.92,27.84,0.93,63.0,0.01,0.01,2330.355225,1776227352000
1776227353.965,253.965,0.05,13.28,0.04,65.0,0.06,39.05,0.07,20.0,0.94,10.0,0.93,10.0,0.95,13.28,0.96,65.0,0.01,0.01,2330.355225,1776227352000
1776227354.184,254.184,0.05,24.06,0.04,65.0,0.06,39.05,0.07,25.0,0.94,44.05,0.93,25.0,0.95,30.32,0.96,65.0,0.01,0.01,2330.355225,1776227352000
1776227355.246,255.246,0.05,1.86,0.04,20.0,0.06,59.05,0.07,67.87,0.94,39.05,0.93,25.0,0.95,24.06,0.96,65.0,0.01,0.01,2330.35913,1776227353000
1776227355.787,255.787,0.04,19.75,0.03,314.0,0.06,54.05,0.07,68.87,0.94,59.05,0.93,67.87,0.95,1.86,0.96,20.0,0.02,0.01,2330.196495,1776227354000
1776227356.274,256.274,0.04,19.75,0.03,314.0,0.06,54.05,0.07,68.87,0.94,54.05,0.93,68.87,0.96,19.75,0.97,314.0,0.02,0.02,2329.9286,1776227355000
1776227357.106,257.106,0.04,38.44,0.03,314.0,0.05,30.0,0.06,57.12,0.95,50.0,0.94,60.05,0.96,49.79,0.97,314.0,0.01,0.01,2329.9286,1776227355000
1776227357.443,257.443,0.04,41.35,0.03,314.0,0.05,30.0,0.06,55.0,0.95,30.0,0.94,57.12,0.96,38.44,0.97,314.0,0.01,0.01,2329.9193,1776227356000
1776227358.173,258.173,0.04,36.35,0.03,314.0,0.05,10.0,0.06,130.92,0.95,30.0,0.94,55.0,0.96,41.35,0.97,314.0,0.01,0.01,2329.9193,1776227356000
1776227358.942,258.942,0.04,36.35,0.03,314.0,0.05,80.8,0.06,136.79,0.95,10.0,0.94,130.92,0.96,36.35,0.97,314.0,0.01,0.01,2329.958836,1776227357000
1776227359.25,259.25,0.04,36.35,0.03,314.0,0.05,80.8,0.06,136.79,0.95,80.8,0.94,136.79,0.96,36.35,0.97,314.0,0.01,0.01,2329.91771,1776227358000
1776227360.18,260.18,0.03,298.58,0.02,483.7,0.05,105.8,0.06,199.79,0.95,80.8,0.94,136.79,0.96,36.35,0.97,314.0,0.02,0.01,2329.91771,1776227358000
1776227360.384,260.384,0.03,332.24,0.02,483.7,0.05,78.01,0.06,189.79,0.95,105.8,0.94,199.79,0.97,298.58,0.98,483.7,0.02,0.02,2329.960286,1776227359000
1776227360.9,260.9,0.03,332.24,0.02,483.7,0.05,78.01,0.06,189.79,0.95,78.01,0.94,189.79,0.97,332.24,0.98,483.7,0.02,0.02,2329.92155,1776227360000
1776227361.44,261.44,0.04,15.0,0.03,132.24,0.11,6.0,0.12,19.99,0.95,78.01,0.94,189.79,0.97,332.24,0.98,483.7,0.07,0.02,2329.92155,1776227360000
1776227361.863,261.863,0.13,14.25,0.12,85.0,0.14,36.87,0.15,66.2,0.86,2.0,0.85,43.2,0.87,20.0,0.88,80.0,0.01,0.01,2329.92155,1776227360000
1776227362.065,262.065,0.13,7.04,0.12,80.0,0.14,41.87,0.15,66.2,0.86,41.87,0.85,66.2,0.87,13.1,0.88,85.0,0.01,0.01,2329.91415,1776227361000
1776227363.267,263.267,0.12,73.56,0.11,85.0,0.13,29.1,0.14,39.0,0.86,41.87,0.85,66.2,0.88,68.56,0.89,80.0,0.01,0.02,2329.91415,1776227361000
1776227363.547,263.547,0.12,73.56,0.11,85.0,0.13,29.1,0.14,39.0,0.87,29.1,0.86,39.0,0.88,73.56,0.89,85.0,0.01,0.01,2330.070346,1776227362000
1776227364.176,264.176,0.12,67.42,0.11,85.0,0.13,20.0,0.14,58.77,0.87,20.0,0.86,58.77,0.88,67.42,0.89,85.0,0.01,0.01,2330.25,1776227363000
1776227364.893,264.893,0.11,5.0,0.1,10.0,0.12,33.87,0.13,217.42,0.87,20.0,0.86,58.77,0.88,67.42,0.89,85.0,0.01,0.01,2330.25,1776227363000
1776227365.248,265.248,0.07,68.0,0.06,73.8,0.1,6.0,0.11,15.0,0.88,33.87,0.87,217.42,0.89,5.0,0.9,10.0,0.03,0.01,2330.25,1776227363000
1776227365.642,265.642,0.07,73.0,0.06,73.8,0.09,10.0,0.1,16.0,0.9,6.0,0.89,15.0,0.93,68.0,0.94,73.8,0.02,0.03,2330.349465,1776227364000
1776227365.91,265.91,0.07,60.3,0.06,73.8,0.08,20.0,0.09,20.0,0.91,15.0,0.9,16.0,0.93,70.84,0.94,73.8,0.01,0.02,2330.349465,1776227364000
1776227366.379,266.379,0.07,29.7,0.06,73.8,0.08,7.5,0.09,15.0,0.92,12.5,0.91,20.0,0.93,54.0,0.94,73.8,0.01,0.01,2330.349465,1776227365000
1776227366.82,266.82,0.07,3.7,0.06,73.8,0.09,15.0,0.1,16.0,0.92,7.5,0.91,15.0,0.93,29.7,0.94,73.8,0.02,0.01,2330.349465,1776227365000
1776227367.234,267.234,0.07,3.7,0.06,73.8,0.09,15.0,0.1,16.0,0.91,15.0,0.9,16.0,0.93,3.7,0.94,73.8,0.02,0.02,2330.345335,1776227366000
1776227367.493,267.493,0.07,4.62,0.06,32.0,0.09,20.0,0.1,29.87,0.91,15.0,0.9,16.0,0.93,3.7,0.94,73.8,0.02,0.02,2330.345335,1776227366000
1776227367.715,267.715,0.07,3.54,0.06,47.0,0.08,15.0,0.09,10.0,0.9,23.66,0.89,27.87,0.93,4.62,0.94,32.0,0.01,0.03,2330.345335,1776227366000
1776227368.133,268.133,0.07,1.38,0.06,42.0,0.08,15.0,0.09,10.0,0.92,15.0,0.91,10.0,0.93,3.54,0.94,47.0,0.01,0.01,2330.345335,1776227366000
1776227368.354,268.354,0.07,1.38,0.06,42.0,0.08,15.0,0.09,10.0,0.92,15.0,0.91,10.0,0.93,1.38,0.94,42.0,0.01,0.01,2330.28038,1776227367000
1776227369.005,269.005,0.07,1.38,0.06,42.0,0.08,15.0,0.09,10.0,0.92,15.0,0.91,10.0,0.93,1.38,0.94,42.0,0.01,0.01,2330.28437,1776227368000
1776227369.956,269.956,0.06,21.78,0.05,105.8,0.08,25.0,0.09,49.87,0.92,15.0,0.91,10.0,0.93,1.38,0.94,42.0,0.02,0.01,2330.28437,1776227368000
1776227370.341,270.341,0.06,10.5,0.05,105.8,0.07,20.0,0.08,31.87,0.92,25.0,0.91,49.87,0.94,21.78,0.95,105.8,0.01,0.02,2330.216078,1776227369000
1776227371.259,271.259,0.06,10.5,0.05,105.8,0.08,26.87,0.09,34.87,0.92,26.87,0.91,34.87,0.94,10.5,0.95,105.8,0.02,0.02,2330.2058,1776227370000
1776227371.497,271.497,0.06,7.4,0.05,30.0,0.08,20.0,0.09,15.0,0.92,26.87,0.91,34.87,0.94,10.5,0.95,105.8,0.02,0.02,2330.2058,1776227370000
1776227372.348,272.348,0.06,2.4,0.05,30.0,0.07,15.0,0.08,20.0,0.93,15.0,0.92,20.0,0.94,2.4,0.95,30.0,0.01,0.01,2330.20835,1776227371000
1776227373.094,273.094,0.05,42.88,0.04,103.8,0.07,30.0,0.08,25.0,0.93,15.0,0.92,25.0,0.95,28.94,0.96,103.8,0.02,0.02,2330.20835,1776227371000
1776227373.34,273.34,0.05,26.82,0.04,103.8,0.07,15.0,0.08,25.0,0.93,15.0,0.92,25.0,0.95,26.82,0.96,103.8,0.02,0.02,2330.20835,1776227372000
1776227373.971,273.971,0.05,26.82,0.04,103.8,0.07,15.0,0.08,25.0,0.93,15.0,0.92,25.0,0.95,26.82,0.96,103.8,0.02,0.02,2330.20835,1776227373000
1776227375.082,275.082,0.05,25.76,0.04,103.8,0.06,25.0,0.07,20.0,0.94,25.0,0.93,20.0,0.95,25.76,0.96,103.8,0.01,0.01,2330.2084,1776227374000
1776227376.187,276.187,0.05,25.76,0.04,103.8,0.06,25.0,0.07,20.0,0.94,25.0,0.93,20.0,0.95,25.76,0.96,103.8,0.01,0.01,2330.2034,1776227375000
1776227377.36,277.36,0.05,25.76,0.04,103.8,0.06,25.0,0.07,20.0,0.94,25.0,0.93,20.0,0.95,25.76,0.96,103.8,0.01,0.01,2330.2084,1776227376000
1776227377.752,277.752,0.05,16.87,0.04,10.0,0.06,30.0,0.07,43.0,0.94,25.0,0.93,20.0,0.95,25.76,0.96,103.8,0.01,0.01,2330.2084,1776227376000
1776227378.66,278.66,0.05,16.87,0.04,10.0,0.06,30.0,0.07,43.0,0.94,30.0,0.93,43.0,0.95,16.87,0.96,10.0,0.01,0.01,2330.2168,1776227377000
1776227379.0,279.0,0.03,227.24,0.02,255.0,0.06,50.0,0.07,91.68,0.94,30.0,0.93,43.0,0.95,16.87,0.96,10.0,0.03,0.01,2330.2168,1776227377000
1776227379.552,279.552,0.03,229.02,0.02,255.0,0.04,5.0,0.05,30.0,0.94,50.0,0.93,91.68,0.97,227.24,0.98,255.0,0.01,0.03,2330.2034,1776227378000
1776227380.402,280.402,0.03,229.02,0.02,255.0,0.04,5.0,0.05,30.0,0.96,5.0,0.95,30.0,0.97,229.02,0.98,255.0,0.01,0.01,2330.2084,1776227379000
1776227380.743,280.743,0.03,202.02,0.02,200.0,0.04,68.54,0.05,25.0,0.96,5.0,0.95,30.0,0.97,229.02,0.98,255.0,0.01,0.01,2330.2084,1776227379000
1776227381.054,281.054,0.03,202.02,0.02,200.0,0.04,68.54,0.05,25.0,0.96,68.54,0.95,25.0,0.97,202.02,0.98,200.0,0.01,0.01,2330.26789,1776227380000
1776227381.745,281.745,0.03,192.02,0.02,200.0,0.04,60.86,0.05,25.0,0.96,68.54,0.95,25.0,0.97,202.02,0.98,200.0,0.01,0.01,2330.26789,1776227380000
1776227382.133,282.133,0.03,187.87,0.02,200.0,0.04,60.86,0.05,25.0,0.96,60.86,0.95,25.0,0.97,187.87,0.98,200.0,0.01,0.01,2330.2085,1776227381000
1776227383.229,283.229,0.03,163.87,0.02,200.0,0.04,60.86,0.05,40.0,0.96,60.86,0.95,25.0,0.97,187.87,0.98,200.0,0.01,0.01,2330.2085,1776227381000
1776227383.924,283.924,0.03,162.83,0.02,200.0,0.04,65.86,0.05,35.0,0.96,65.86,0.95,35.0,0.97,162.83,0.98,200.0,0.01,0.01,2330.26987,1776227383000
1776227384.404,284.404,0.03,157.67,0.02,200.0,0.04,121.27,0.05,44.0,0.96,65.86,0.95,35.0,0.97,162.83,0.98,200.0,0.01,0.01,2330.26987,1776227383000
1776227385.154,285.154,0.03,157.67,0.02,200.0,0.04,121.27,0.05,44.0,0.96,121.27,0.95,44.0,0.97,157.67,0.98,200.0,0.01,0.01,2330.270055,1776227384000
1776227385.552,285.552,0.03,135.67,0.02,190.0,0.04,121.27,0.05,55.0,0.96,121.27,0.95,44.0,0.97,157.67,0.98,200.0,0.01,0.01,2330.270055,1776227384000
1776227386.3,286.3,0.03,135.67,0.02,190.0,0.04,121.27,0.05,55.0,0.96,121.27,0.95,55.0,0.97,135.67,0.98,190.0,0.01,0.01,2330.20855,1776227385000
1776227387.4,287.4,0.03,128.67,0.02,190.0,0.04,131.27,0.05,67.0,0.96,121.27,0.95,55.0,0.97,135.67,0.98,190.0,0.01,0.01,2330.20855,1776227385000
1776227387.899,287.899,0.03,93.63,0.02,190.0,0.04,165.27,0.05,92.0,0.96,154.27,0.95,67.0,0.97,127.63,0.98,190.0,0.01,0.01,2330.234624,1776227386000
1776227388.105,288.105,0.03,93.63,0.02,190.0,0.04,165.27,0.05,92.0,0.96,165.27,0.95,92.0,0.97,93.63,0.98,190.0,0.01,0.01,2330.21365,1776227387000
1776227388.675,288.675,0.03,88.47,0.02,190.0,0.04,166.27,0.05,132.0,0.96,165.27,0.95,92.0,0.97,93.63,0.98,190.0,0.01,0.01,2330.21365,1776227387000
1776227388.91,288.91,0.03,83.31,0.02,190.0,0.04,171.27,0.05,132.0,0.96,166.27,0.95,132.0,0.97,88.47,0.98,190.0,0.01,0.01,2330.21365,1776227387000
1776227389.253,289.253,0.03,83.31,0.02,190.0,0.04,171.27,0.05,132.0,0.96,171.27,0.95,132.0,0.97,83.31,0.98,190.0,0.01,0.01,2330.21835,1776227388000
1776227389.85,289.85,0.03,68.64,0.02,190.0,0.04,187.27,0.05,122.0,0.96,187.27,0.95,122.0,0.97,82.27,0.98,190.0,0.01,0.01,2330.21835,1776227388000
1776227390.177,290.177,0.03,73.48,0.02,200.0,0.06,41.0,0.07,33.0,0.96,170.27,0.95,122.0,0.97,63.48,0.98,190.0,0.03,0.01,2330.21835,1776227388000
1776227390.392,290.392,0.07,15.0,0.06,10.0,0.08,21.0,0.09,24.0,0.92,26.0,0.91,24.0,0.95,10.0,0.96,10.0,0.01,0.03,2330.265215,1776227389000
1776227390.674,290.674,0.08,5.0,0.07,10.0,0.1,10.0,0.11,59.18,0.89,36.18,0.88,80.0,0.92,10.0,0.93,10.0,0.02,0.03,2330.265215,1776227389000
1776227390.976,290.976,0.08,5.0,0.07,10.0,0.1,10.0,0.11,59.18,0.9,10.0,0.89,59.18,0.92,5.0,0.93,10.0,0.02,0.02,2330.20925,1776227390000
1776227391.388,291.388,0.07,4.85,0.06,10.0,0.08,29.0,0.09,46.0,0.9,10.0,0.89,59.18,0.92,5.0,0.93,10.0,0.01,0.02,2330.20925,1776227390000
1776227391.79,291.79,0.03,68.48,0.02,195.0,0.07,70.0,0.08,30.0,0.92,29.0,0.91,46.0,0.93,4.85,0.94,10.0,0.04,0.01,2330.20925,1776227390000
1776227392.095,292.095,0.03,73.48,0.02,195.0,0.07,24.14,0.08,30.0,0.93,24.14,0.92,30.0,0.97,73.48,0.98,195.0,0.04,0.04,2330.390317,1776227391000
1776227392.321,292.321,0.03,58.48,0.02,195.0,0.05,52.2,0.06,10.0,0.93,24.14,0.92,30.0,0.97,73.48,0.98,195.0,0.02,0.04,2330.390317,1776227391000
1776227392.629,292.629,0.03,23.38,0.02,195.0,0.04,29.0,0.05,38.0,0.95,56.2,0.94,26.0,0.97,28.38,0.98,195.0,0.01,0.02,2330.390317,1776227391000
1776227393.227,293.227,0.03,18.38,0.02,195.0,0.04,48.0,0.05,48.0,0.96,29.0,0.95,38.0,0.97,23.38,0.98,195.0,0.01,0.01,2330.390317,1776227391000
1776227393.619,293.619,0.03,13.22,0.02,195.0,0.04,43.0,0.05,48.0,0.96,48.0,0.95,48.0,0.97,18.38,0.98,195.0,0.01,0.01,2330.390317,1776227391000
1776227394.34,294.34,0.03,8.22,0.02,195.0,0.04,43.0,0.05,48.0,0.96,43.0,0.95,48.0,0.97,13.22,0.98,195.0,0.01,0.01,2330.390317,1776227391000
1776227395.949,295.949,0.03,8.22,0.02,195.0,0.04,43.0,0.05,48.0,0.96,43.0,0.95,48.0,0.97,8.22,0.98,195.0,0.01,0.01,2330.371965,1776227395000
1776227396.444,296.444,0.03,7.09,0.02,133.0,0.04,32.0,0.05,37.0,0.96,43.0,0.95,48.0,0.97,8.22,0.98,195.0,0.01,0.01,2330.371965,1776227395000
1776227396.919,296.919,0.02,132.88,0.01,886.0,0.04,51.0,0.05,37.0,0.96,32.0,0.95,37.0,0.97,5.04,0.98,133.0,0.02,0.01,2330.371965,1776227395000
1776227397.168,297.168,0.02,135.83,0.01,886.0,0.03,5.0,0.04,15.0,0.96,51.0,0.95,37.0,0.98,132.88,0.99,886.0,0.01,0.02,2330.54316,1776227396000
1776227397.398,297.398,0.01,845.98,,,0.03,5.0,0.04,15.0,0.97,5.0,0.96,15.0,0.99,847.9,,,0.02,0.02,2330.54316,1776227396000
1776227397.613,297.613,0.01,315.41,,,0.03,15.0,0.04,15.0,0.97,15.0,0.96,15.0,0.99,324.0,,,0.02,0.02,2330.54316,1776227396000
1776227397.815,297.815,0.01,257.08,,,0.03,15.0,0.04,15.0,0.97,15.0,0.96,15.0,0.99,253.1,,,0.02,0.02,2330.54316,1776227396000
1776227398.058,298.058,0.01,257.96,,,0.03,15.0,0.04,15.0,0.97,15.0,0.96,15.0,0.99,249.08,,,0.02,0.02,2330.54316,1776227396000
1776227398.302,298.302,,,,,0.03,15.0,0.04,15.0,0.97,15.0,0.96,15.0,0.99,150.09,,,,0.02,2330.397596,1776227397000
1776227398.866,298.866,,,,,0.01,5280.14,0.02,10.0,0.97,15.0,0.96,15.0,,,,,,,2330.397596,1776227397000
1776227399.647,299.647,,,,,0.01,8937.57,0.02,28.0,0.99,7567.35,0.98,28.0,,,,,,,2330.469675,1776227398000
1776227400.093,300.093,,,,,0.01,8937.57,0.02,28.0,0.99,8937.57,0.98,28.0,,,,,,,2330.386028,1776227399000
1776227400.785,300.785,,,,,0.01,40312.07,0.02,18.0,0.99,8937.57,0.98,28.0,,,,,,,2330.386028,1776227399000
1776227401.116,301.116,,,,,0.01,40312.07,0.02,18.0,0.99,40312.07,0.98,18.0,,,,,,,2330.3838,1776227400000
1776227402.659,302.659,,,,,0.01,40312.07,0.02,18.0,0.99,40312.07,0.98,18.0,,,,,,,2330.59328,1776227401000

# RESULT,winner=Down,slug=eth-updown-5m-1776227100,ticks=485
