timestamp,elapsed_sec,up_bid_p1,up_bid_s1,up_bid_p2,up_bid_s2,up_ask_p1,up_ask_s1,up_ask_p2,up_ask_s2,down_bid_p1,down_bid_s1,down_bid_p2,down_bid_s2,down_ask_p1,down_ask_s1,down_ask_p2,down_ask_s2,up_spread,down_spread,eth_price,eth_oracle_ts
1776190511.21,11.21,,,,,,,,,,,,,,,,,,,2339.817644,1776190509000
1776190511.467,11.467,0.47,80.83,0.46,53.5,0.48,30.5,0.49,20.0,0.52,30.5,0.51,20.0,0.53,85.83,0.54,53.5,0.01,0.01,2339.817644,1776190509000
1776190511.941,11.941,0.47,35.83,0.46,28.0,0.48,40.5,0.49,40.0,0.52,30.5,0.51,20.0,0.53,85.83,0.54,53.5,0.01,0.01,2339.817644,1776190509000
1776190512.635,12.635,0.47,30.83,0.46,33.0,0.48,43.41,0.49,65.0,0.52,40.5,0.51,40.0,0.53,35.83,0.54,28.0,0.01,0.01,2340.036842,1776190510000
1776190512.87,12.87,0.47,24.49,0.46,33.0,0.48,31.32,0.49,65.0,0.52,41.32,0.51,65.0,0.53,30.83,0.54,33.0,0.01,0.01,2340.036842,1776190510000
1776190513.265,13.265,0.47,79.99,0.46,58.5,0.48,10.0,0.49,25.5,0.52,31.32,0.51,65.0,0.53,24.49,0.54,33.0,0.01,0.01,2340.19746,1776190511000
1776190513.918,13.918,0.47,79.99,0.46,58.5,0.48,10.0,0.49,25.5,0.52,10.0,0.51,25.5,0.53,79.99,0.54,58.5,0.01,0.01,2340.207054,1776190512000
1776190514.583,14.583,0.47,29.49,0.46,58.5,0.48,30.0,0.49,40.5,0.52,10.0,0.51,25.5,0.53,79.99,0.54,58.5,0.01,0.01,2340.207054,1776190512000
1776190514.968,14.968,0.47,29.49,0.46,58.5,0.48,3.0,0.49,40.5,0.52,3.0,0.51,40.5,0.53,29.49,0.54,58.5,0.01,0.01,2340.162834,1776190513000
1776190515.969,15.969,0.47,29.49,0.46,65.5,0.48,30.5,0.49,40.5,0.52,30.5,0.51,40.5,0.53,29.49,0.54,65.5,0.01,0.01,2340.163518,1776190514000
1776190516.963,16.963,0.44,10.0,0.43,37.0,0.45,5.0,0.46,41.5,0.55,5.0,0.54,41.5,0.56,10.0,0.57,37.0,0.01,0.01,2340.159822,1776190515000
1776190517.229,17.229,0.42,5.0,0.41,102.0,0.44,10.0,0.45,15.0,0.54,23.0,0.53,25.0,0.57,5.0,0.59,102.0,0.02,0.03,2340.159822,1776190515000
1776190517.518,17.518,0.41,105.04,0.4,22.0,0.42,25.0,0.43,10.0,0.57,15.0,0.56,20.0,0.59,109.0,0.6,10.0,0.01,0.02,2340.159822,1776190515000
1776190517.898,17.898,0.41,105.04,0.4,22.0,0.42,25.0,0.43,10.0,0.58,25.0,0.57,10.0,0.59,105.04,0.6,22.0,0.01,0.01,2340.027177,1776190516000
1776190518.209,18.209,0.41,0.88,0.4,12.0,0.42,86.5,0.43,65.5,0.58,55.5,0.57,30.5,0.59,82.0,0.6,37.5,0.01,0.01,2340.027177,1776190516000
1776190518.656,18.656,0.41,0.88,0.4,12.0,0.42,86.5,0.43,65.5,0.58,86.5,0.57,65.5,0.59,0.88,0.6,12.0,0.01,0.01,2339.858699,1776190517000
1776190519.245,19.245,0.4,10.0,0.39,7.69,0.41,70.5,0.42,60.5,0.58,86.5,0.57,65.5,0.59,0.88,0.6,12.0,0.01,0.01,2339.858699,1776190517000
1776190520.033,20.033,0.4,10.0,0.39,7.69,0.41,70.5,0.42,60.5,0.59,70.5,0.58,60.5,0.6,10.0,0.61,7.69,0.01,0.01,2339.621896,1776190519000
1776190521.529,21.529,0.4,10.0,0.39,7.69,0.41,70.5,0.42,60.5,0.59,70.5,0.58,60.5,0.6,10.0,0.61,7.69,0.01,0.01,2339.532587,1776190520000
1776190522.188,22.188,0.4,10.0,0.39,7.69,0.41,70.5,0.42,60.5,0.59,70.5,0.58,60.5,0.6,10.0,0.61,7.69,0.01,0.01,2339.529698,1776190521000
1776190523.148,23.148,0.39,23.19,0.38,58.5,0.4,28.5,0.41,45.5,0.59,70.5,0.58,60.5,0.6,10.0,0.61,7.69,0.01,0.01,2339.529698,1776190521000
1776190523.607,23.607,0.39,23.19,0.38,58.5,0.4,28.5,0.41,45.5,0.6,28.5,0.59,45.5,0.61,23.19,0.62,58.5,0.01,0.01,2339.539795,1776190522000
1776190524.271,24.271,0.39,23.19,0.38,58.5,0.4,28.5,0.41,45.5,0.6,28.5,0.59,45.5,0.61,23.19,0.62,58.5,0.01,0.01,2339.540457,1776190523000
1776190524.719,24.719,0.39,5.69,0.38,40.0,0.4,79.0,0.41,40.5,0.6,28.5,0.59,45.5,0.61,23.19,0.62,58.5,0.01,0.01,2339.540457,1776190523000
1776190525.004,25.004,0.39,5.69,0.38,40.0,0.4,79.0,0.41,40.5,0.6,79.0,0.59,40.5,0.61,5.69,0.62,40.0,0.01,0.01,2339.538998,1776190524000
1776190525.282,25.282,0.36,0.51,0.35,10.0,0.39,107.5,0.4,187.49,0.61,20.5,0.6,178.0,0.62,1.0,0.64,5.0,0.03,0.01,2339.538998,1776190524000
1776190525.646,25.646,0.35,10.0,0.34,51.5,0.36,10.49,0.37,92.5,0.61,107.5,0.6,187.49,0.64,0.51,0.65,10.0,0.01,0.03,2339.538998,1776190524000
1776190526.352,26.352,0.33,32.0,0.32,80.5,0.34,73.5,0.35,35.5,0.64,10.49,0.63,92.5,0.65,10.0,0.66,51.5,0.01,0.01,2339.538998,1776190524000
1776190526.78,26.78,0.33,24.53,0.32,80.0,0.34,73.5,0.35,35.5,0.66,73.5,0.65,35.5,0.67,32.0,0.68,80.5,0.01,0.01,2339.516284,1776190525000
1776190527.017,27.017,0.31,61.5,0.3,94.5,0.33,45.5,0.34,84.5,0.66,73.5,0.65,35.5,0.67,24.53,0.68,80.0,0.02,0.01,2339.358702,1776190526000
1776190528.139,28.139,0.31,36.0,0.3,110.5,0.32,45.5,0.33,40.5,0.67,45.5,0.66,84.5,0.69,61.5,0.7,94.5,0.01,0.02,2339.358702,1776190526000
1776190528.37,28.37,0.31,12.0,0.3,40.0,0.32,140.67,0.33,45.5,0.68,45.5,0.67,40.5,0.69,36.0,0.7,110.5,0.01,0.01,2339.358702,1776190526000
1776190528.639,28.639,0.3,35.0,0.29,25.5,0.31,30.0,0.32,130.67,0.68,140.67,0.67,45.5,0.69,12.0,0.7,40.0,0.01,0.01,2339.084627,1776190527000
1776190529.267,29.267,0.3,35.0,0.29,25.5,0.31,30.0,0.32,130.67,0.69,30.0,0.68,130.67,0.7,35.0,0.71,25.5,0.01,0.01,2338.99088,1776190528000
1776190529.659,29.659,0.3,23.0,0.29,41.5,0.31,45.0,0.32,130.67,0.69,30.0,0.68,130.67,0.7,35.0,0.71,25.5,0.01,0.01,2338.99088,1776190528000
1776190530.374,30.374,0.3,23.0,0.29,41.5,0.31,45.0,0.32,130.67,0.69,45.0,0.68,130.67,0.7,23.0,0.71,41.5,0.01,0.01,2338.834372,1776190529000
1776190530.804,30.804,0.3,28.0,0.29,41.5,0.31,149.13,0.32,70.58,0.69,154.13,0.68,70.58,0.7,36.57,0.71,41.5,0.01,0.01,2338.834372,1776190529000
1776190531.05,31.05,0.3,28.0,0.29,41.5,0.31,149.13,0.32,70.58,0.69,149.13,0.68,70.58,0.7,28.0,0.71,41.5,0.01,0.01,2338.820002,1776190530000
1776190531.715,31.715,0.3,10.0,0.29,50.5,0.31,150.9,0.32,85.58,0.69,149.13,0.68,70.58,0.7,28.0,0.71,41.5,0.01,0.01,2338.820002,1776190530000
1776190532.095,32.095,0.3,3.0,0.29,55.5,0.31,150.9,0.32,90.58,0.69,150.9,0.68,90.58,0.7,3.0,0.71,55.5,0.01,0.01,2338.819713,1776190531000
1776190533.247,33.247,0.3,3.0,0.29,55.5,0.31,150.9,0.32,90.58,0.69,150.9,0.68,90.58,0.7,3.0,0.71,55.5,0.01,0.01,2338.802937,1776190532000
1776190534.272,34.272,0.3,3.0,0.29,55.5,0.31,150.9,0.32,90.58,0.69,150.9,0.68,90.58,0.7,3.0,0.71,55.5,0.01,0.01,2338.796065,1776190533000
1776190534.475,34.475,0.3,28.5,0.29,106.5,0.31,3.0,0.32,40.08,0.69,150.9,0.68,90.58,0.7,3.0,0.71,55.5,0.01,0.01,2338.796065,1776190533000
1776190534.709,34.709,0.3,72.5,0.29,56.5,0.31,5.0,0.32,40.08,0.69,5.0,0.68,40.08,0.7,86.5,0.71,56.5,0.01,0.01,2338.796065,1776190533000
1776190535.378,35.378,0.3,60.35,0.29,56.5,0.31,44.0,0.32,45.08,0.69,44.0,0.68,45.08,0.7,60.35,0.71,56.5,0.01,0.01,2338.776688,1776190534000
1776190535.812,35.812,0.3,95.27,0.29,46.5,0.31,49.0,0.32,45.08,0.69,15.0,0.68,40.08,0.7,70.27,0.71,46.5,0.01,0.01,2338.776688,1776190534000
1776190536.426,36.426,0.3,82.77,0.29,46.5,0.31,26.77,0.32,45.08,0.69,26.77,0.68,45.08,0.7,95.27,0.71,46.5,0.01,0.01,2338.77671,1776190535000
1776190537.13,37.13,0.3,82.77,0.29,46.5,0.31,26.77,0.32,45.08,0.69,26.77,0.68,45.08,0.7,82.77,0.71,46.5,0.01,0.01,2338.97208,1776190536000
1776190537.732,37.732,0.3,111.39,0.29,96.5,0.31,36.77,0.32,45.08,0.69,26.77,0.68,45.08,0.7,82.77,0.71,46.5,0.01,0.01,2338.97208,1776190536000
1776190538.19,38.19,0.3,111.39,0.29,96.5,0.31,36.77,0.32,45.08,0.69,36.77,0.68,45.08,0.7,111.39,0.71,96.5,0.01,0.01,2338.980661,1776190537000
1776190539.182,39.182,0.3,111.39,0.29,96.5,0.31,36.77,0.32,45.08,0.69,36.77,0.68,45.08,0.7,111.39,0.71,96.5,0.01,0.01,2338.967626,1776190538000
1776190539.601,39.601,0.29,51.0,0.28,75.5,0.3,10.0,0.31,78.77,0.69,36.77,0.68,45.08,0.7,111.39,0.71,96.5,0.01,0.01,2338.967626,1776190538000
1776190540.347,40.347,0.29,34.44,0.28,75.5,0.3,10.0,0.31,78.77,0.7,10.0,0.69,78.77,0.71,34.44,0.72,75.5,0.01,0.01,2338.9325,1776190539000
1776190540.725,40.725,0.29,34.1,0.28,92.5,0.3,137.69,0.31,102.27,0.7,127.69,0.69,52.27,0.71,39.1,0.72,102.5,0.01,0.01,2338.9325,1776190539000
1776190541.124,41.124,0.27,20.0,0.26,134.0,0.28,61.92,0.29,90.5,0.7,137.69,0.69,102.27,0.71,34.1,0.72,92.5,0.01,0.01,2338.9325,1776190539000
1776190541.394,41.394,0.27,6.96,0.26,84.0,0.28,61.92,0.29,90.5,0.72,61.92,0.71,90.5,0.73,6.96,0.74,84.0,0.01,0.01,2338.893737,1776190540000
1776190541.626,41.626,0.26,74.0,0.25,60.0,0.27,6.04,0.28,164.92,0.72,61.92,0.71,90.5,0.73,6.96,0.74,84.0,0.01,0.01,2338.893737,1776190540000
1776190541.877,41.877,0.26,79.06,0.25,60.0,0.27,148.04,0.28,144.92,0.73,6.04,0.72,164.92,0.74,74.0,0.75,60.0,0.01,0.01,2338.893737,1776190540000
1776190542.084,42.084,0.26,48.06,0.25,60.0,0.27,163.54,0.28,149.92,0.73,148.04,0.72,144.92,0.74,79.06,0.75,60.0,0.01,0.01,2338.820746,1776190541000
1776190542.981,42.981,0.25,10.0,0.24,25.0,0.26,46.94,0.27,255.54,0.73,163.54,0.72,149.92,0.74,48.06,0.75,60.0,0.01,0.01,2338.820746,1776190541000
1776190543.245,43.245,0.25,5.06,0.24,25.0,0.26,240.44,0.27,149.54,0.74,46.94,0.73,255.54,0.75,10.0,0.76,25.0,0.01,0.01,2338.820746,1776190541000
1776190543.517,43.517,0.24,25.0,0.22,90.0,0.25,7.94,0.26,313.44,0.75,7.94,0.74,313.44,0.76,25.0,0.78,90.0,0.01,0.01,2338.500105,1776190542000
1776190543.87,43.87,0.22,66.06,0.21,127.0,0.23,189.5,0.24,215.5,0.77,189.5,0.76,215.5,0.78,88.24,0.79,127.0,0.01,0.01,2338.500105,1776190542000
1776190544.075,44.075,0.22,47.31,0.21,127.0,0.23,239.5,0.24,220.5,0.77,244.5,0.76,220.5,0.78,48.61,0.79,127.0,0.01,0.01,2338.500105,1776190542000
1776190544.483,44.483,0.22,94.72,0.21,137.5,0.23,184.0,0.24,215.5,0.77,239.5,0.76,220.5,0.78,44.72,0.79,127.0,0.01,0.01,2338.434153,1776190543000
1776190544.931,44.931,0.22,166.22,0.21,136.5,0.23,130.0,0.24,140.0,0.77,184.0,0.76,215.5,0.78,94.72,0.79,137.5,0.01,0.01,2338.434153,1776190543000
1776190545.146,45.146,0.22,181.22,0.21,126.5,0.23,121.0,0.24,140.0,0.77,130.0,0.76,140.0,0.78,166.22,0.79,136.5,0.01,0.01,2338.13101,1776190544000
1776190545.417,45.417,0.22,274.32,0.21,236.5,0.23,5.0,0.25,120.0,0.77,110.0,0.76,110.0,0.78,179.39,0.79,126.5,0.01,0.01,2338.13101,1776190544000
1776190545.734,45.734,0.24,30.5,0.23,130.5,0.26,9.61,0.27,10.0,0.77,5.0,0.75,120.0,0.78,274.32,0.79,236.5,0.02,0.01,2338.13101,1776190544000
1776190546.23,46.23,0.25,32.3,0.24,155.5,0.27,10.0,0.28,10.0,0.73,10.0,0.72,10.0,0.75,32.3,0.76,155.5,0.02,0.02,2338.052651,1776190545000
1776190546.972,46.972,0.27,203.15,0.26,308.5,0.28,120.0,0.29,130.0,0.72,10.0,0.71,15.0,0.73,140.15,0.74,228.5,0.01,0.01,2338.052651,1776190545000
1776190547.35,47.35,0.27,153.15,0.26,238.5,0.28,120.0,0.29,130.0,0.72,120.0,0.71,130.0,0.73,153.15,0.74,238.5,0.01,0.01,2338.171763,1776190546000
1776190547.642,47.642,0.27,131.05,0.26,248.5,0.28,130.0,0.29,130.0,0.72,120.0,0.71,130.0,0.73,153.15,0.74,238.5,0.01,0.01,2338.171763,1776190546000
1776190547.989,47.989,0.27,131.05,0.26,248.5,0.28,130.0,0.29,130.0,0.72,130.0,0.71,130.0,0.73,131.05,0.74,248.5,0.01,0.01,2338.47894,1776190547000
1776190548.373,48.373,0.27,149.38,0.26,258.0,0.28,30.5,0.29,195.5,0.72,130.0,0.71,130.0,0.73,131.05,0.74,248.5,0.01,0.01,2338.47894,1776190547000
1776190548.64,48.64,0.27,149.38,0.26,248.0,0.28,120.5,0.29,195.5,0.72,30.5,0.71,195.5,0.73,149.38,0.74,258.0,0.01,0.01,2338.47894,1776190547000
1776190548.867,48.867,0.27,149.38,0.26,248.0,0.28,61.5,0.29,195.5,0.72,120.5,0.71,195.5,0.73,149.38,0.74,248.0,0.01,0.01,2338.47894,1776190547000
1776190549.088,49.088,0.27,149.38,0.26,248.0,0.28,61.5,0.29,195.5,0.72,61.5,0.71,195.5,0.73,149.38,0.74,248.0,0.01,0.01,2338.659778,1776190548000
1776190550.145,50.145,0.27,149.38,0.26,248.0,0.28,61.5,0.29,195.5,0.72,61.5,0.71,195.5,0.73,149.38,0.74,248.0,0.01,0.01,2338.655094,1776190549000
1776190551.344,51.344,0.27,149.38,0.26,248.0,0.28,61.5,0.29,195.5,0.72,61.5,0.71,195.5,0.73,149.38,0.74,248.0,0.01,0.01,2338.582345,1776190550000
1776190551.892,51.892,0.24,21.15,0.23,180.0,0.25,285.5,0.26,239.5,0.75,181.5,0.74,184.5,0.76,76.08,0.77,205.5,0.01,0.01,2338.582345,1776190550000
1776190552.354,52.354,0.24,21.15,0.23,180.0,0.25,285.5,0.26,239.5,0.75,285.5,0.74,239.5,0.76,21.15,0.77,180.0,0.01,0.01,2338.542594,1776190551000
1776190552.836,52.836,0.24,17.2,0.23,80.0,0.25,285.5,0.26,315.96,0.75,285.5,0.74,239.5,0.76,21.15,0.77,180.0,0.01,0.01,2338.542594,1776190551000
1776190553.108,53.108,0.24,13.39,0.23,20.0,0.25,296.5,0.26,370.96,0.75,285.5,0.74,315.96,0.76,17.2,0.77,80.0,0.01,0.01,2338.482913,1776190552000
1776190553.458,53.458,0.24,0.6,0.23,10.0,0.25,301.5,0.26,360.96,0.75,296.5,0.74,370.96,0.76,13.39,0.77,20.0,0.01,0.01,2338.482913,1776190552000
1776190553.907,53.907,0.24,0.6,0.23,10.0,0.25,301.5,0.26,360.96,0.75,301.5,0.74,360.96,0.76,0.6,0.77,10.0,0.01,0.01,2338.263468,1776190553000
1776190555.028,55.028,0.24,0.6,0.23,10.0,0.25,301.5,0.26,360.96,0.75,301.5,0.74,360.96,0.76,0.6,0.77,10.0,0.01,0.01,2338.23041,1776190554000
1776190555.528,55.528,0.24,0.6,0.22,60.0,0.25,298.94,0.26,333.66,0.75,301.5,0.74,360.96,0.76,0.6,0.77,10.0,0.01,0.01,2338.23041,1776190554000
1776190556.174,56.174,0.24,0.6,0.22,60.0,0.25,298.94,0.26,333.66,0.75,298.94,0.74,333.66,0.76,0.6,0.78,60.0,0.01,0.01,2338.075581,1776190555000
1776190557.816,57.816,0.24,0.6,0.22,60.0,0.25,298.94,0.26,333.66,0.75,298.94,0.74,333.66,0.76,0.6,0.78,60.0,0.01,0.01,2338.026825,1776190556000
1776190558.068,58.068,0.21,20.0,0.2,245.0,0.25,298.94,0.26,403.68,0.75,298.94,0.74,333.66,0.76,0.6,0.78,60.0,0.04,0.01,2338.026825,1776190556000
1776190558.669,58.669,0.21,20.0,0.2,245.0,0.25,298.94,0.26,403.68,0.75,298.94,0.74,403.68,0.79,20.0,0.8,245.0,0.04,0.04,2338.024841,1776190557000
1776190559.194,59.194,0.21,20.0,0.2,245.0,0.25,298.94,0.26,403.68,0.75,298.94,0.74,403.68,0.79,20.0,0.8,245.0,0.04,0.04,2338.004711,1776190558000
1776190559.501,59.501,0.21,60.0,0.2,255.5,0.22,234.99,0.23,200.5,0.75,298.94,0.74,403.68,0.79,20.0,0.8,245.0,0.01,0.04,2338.004711,1776190558000
1776190559.997,59.997,0.21,114.23,0.2,255.5,0.22,120.0,0.23,155.5,0.78,161.0,0.77,205.5,0.79,75.0,0.8,255.5,0.01,0.01,2338.004711,1776190558000
1776190560.521,60.521,0.21,99.66,0.2,277.5,0.22,125.0,0.23,145.5,0.78,120.0,0.77,155.5,0.79,114.23,0.8,255.5,0.01,0.01,2338.004711,1776190558000
1776190560.977,60.977,0.22,180.5,0.21,209.16,0.23,86.0,0.24,130.0,0.78,125.0,0.77,145.5,0.79,99.66,0.8,277.5,0.01,0.01,2337.999507,1776190559000
1776190561.179,61.179,0.23,5.76,0.22,200.5,0.24,20.0,0.25,90.5,0.76,30.0,0.75,35.5,0.77,4.87,0.78,170.5,0.01,0.01,2337.999507,1776190560000
1776190561.725,61.725,0.22,187.57,0.21,203.5,0.23,29.0,0.24,35.5,0.76,30.0,0.75,90.5,0.78,171.95,0.79,190.5,0.01,0.02,2337.999507,1776190560000
1776190562.269,62.269,0.22,174.0,0.21,203.5,0.23,29.0,0.24,35.5,0.77,34.0,0.76,25.0,0.78,181.0,0.79,203.5,0.01,0.01,2337.999507,1776190560000
1776190562.83,62.83,0.21,63.0,0.2,378.5,0.22,25.0,0.23,121.5,0.77,29.0,0.76,35.5,0.78,174.0,0.79,203.5,0.01,0.01,2338.049157,1776190561000
1776190563.067,63.067,0.21,63.0,0.2,378.5,0.22,25.0,0.23,121.5,0.78,25.0,0.77,121.5,0.79,63.0,0.8,378.5,0.01,0.01,2338.16301,1776190562000
1776190563.992,63.992,0.2,105.99,0.19,234.0,0.21,170.0,0.22,147.14,0.78,25.0,0.77,121.5,0.79,63.0,0.8,378.5,0.01,0.01,2338.16301,1776190562000
1776190564.329,64.329,0.2,105.99,0.19,234.0,0.21,170.0,0.22,147.14,0.79,170.0,0.78,147.14,0.8,105.99,0.81,234.0,0.01,0.01,2338.185539,1776190563000
1776190565.413,65.413,0.2,249.49,0.19,423.5,0.21,129.12,0.22,40.64,0.79,170.0,0.78,147.14,0.8,105.99,0.81,234.0,0.01,0.01,2338.185539,1776190563000
1776190565.749,65.749,0.2,251.52,0.19,433.5,0.21,134.12,0.22,45.64,0.79,129.12,0.78,40.64,0.8,249.49,0.81,423.5,0.01,0.01,2338.073603,1776190564000
1776190566.046,66.046,0.2,234.54,0.19,433.5,0.21,134.12,0.22,45.64,0.79,134.12,0.78,45.64,0.8,246.67,0.81,433.5,0.01,0.01,2338.073603,1776190564000
1776190566.253,66.253,0.2,235.92,0.19,433.5,0.21,134.12,0.22,45.64,0.79,134.12,0.78,45.64,0.8,235.92,0.81,433.5,0.01,0.01,2338.000915,1776190565000
1776190566.544,66.544,0.2,130.92,0.19,333.5,0.21,128.88,0.22,40.64,0.79,134.12,0.78,45.64,0.8,235.92,0.81,433.5,0.01,0.01,2338.000915,1776190565000
1776190566.938,66.938,0.2,325.92,0.19,433.5,0.21,109.28,0.22,25.64,0.79,128.88,0.78,40.64,0.8,130.92,0.81,333.5,0.01,0.01,2338.000915,1776190565000
1776190567.571,67.571,0.2,330.92,0.19,433.5,0.21,30.28,0.22,25.64,0.79,30.28,0.78,25.64,0.8,330.92,0.81,433.5,0.01,0.01,2338.038185,1776190566000
1776190568.129,68.129,0.2,377.92,0.19,418.9,0.21,27.28,0.22,25.64,0.79,30.28,0.78,25.64,0.8,330.92,0.81,433.5,0.01,0.01,2338.038185,1776190566000
1776190568.416,68.416,0.21,224.5,0.2,244.92,0.22,9.15,0.23,38.96,0.78,14.15,0.77,38.96,0.79,50.0,0.8,359.92,0.01,0.01,2338.058721,1776190567000
1776190568.741,68.741,0.22,117.0,0.21,92.5,0.23,27.97,0.24,10.0,0.77,36.97,0.76,10.0,0.79,224.5,0.8,262.42,0.01,0.02,2338.058721,1776190567000
1776190569.562,69.562,0.22,117.0,0.21,92.5,0.23,19.97,0.24,10.0,0.77,19.97,0.76,10.0,0.78,117.0,0.79,92.5,0.01,0.01,2338.225362,1776190568000
1776190569.894,69.894,0.22,468.89,0.21,333.2,0.23,9.97,0.24,5.0,0.77,19.97,0.76,10.0,0.78,117.0,0.79,92.5,0.01,0.01,2338.225362,1776190568000
1776190570.161,70.161,0.22,460.6,0.21,333.2,0.23,9.97,0.24,5.0,0.77,9.97,0.76,5.0,0.78,468.89,0.79,333.2,0.01,0.01,2338.225362,1776190568000
1776190570.871,70.871,0.22,528.6,0.21,344.2,0.23,11.54,0.24,5.0,0.77,9.97,0.76,5.0,0.78,460.6,0.79,333.2,0.01,0.01,2338.523835,1776190569000
1776190571.642,71.642,0.22,528.6,0.21,344.2,0.23,11.54,0.24,5.0,0.77,11.54,0.76,5.0,0.78,528.6,0.79,344.2,0.01,0.01,2338.563908,1776190570000
1776190572.303,72.303,0.22,393.6,0.21,338.2,0.23,2.54,0.24,5.0,0.77,2.54,0.76,5.0,0.78,393.6,0.79,338.2,0.01,0.01,2338.567916,1776190571000
1776190573.771,73.771,0.22,393.6,0.21,338.2,0.23,2.54,0.24,5.0,0.77,2.54,0.76,5.0,0.78,393.6,0.79,338.2,0.01,0.01,2338.568894,1776190572000
1776190574.113,74.113,0.22,387.6,0.21,331.2,0.23,2.54,0.24,5.0,0.77,2.54,0.76,5.0,0.78,393.6,0.79,338.2,0.01,0.01,2338.568894,1776190572000
1776190574.452,74.452,0.22,407.6,0.21,331.2,0.23,2.54,0.24,5.0,0.77,2.54,0.76,5.0,0.78,387.6,0.79,331.2,0.01,0.01,2338.568894,1776190572000
1776190574.696,74.696,0.22,345.0,0.21,326.2,0.23,2.54,0.24,5.0,0.77,2.54,0.76,5.0,0.78,345.0,0.79,326.2,0.01,0.01,2338.573387,1776190573000
1776190575.311,75.311,0.22,345.0,0.21,326.2,0.23,2.54,0.24,5.0,0.77,2.54,0.76,5.0,0.78,345.0,0.79,326.2,0.01,0.01,2338.578591,1776190574000
1776190576.039,76.039,0.22,345.0,0.21,326.2,0.23,2.54,0.24,5.0,0.77,2.54,0.76,5.0,0.78,345.0,0.79,326.2,0.01,0.01,2338.573085,1776190575000
1776190577.089,77.089,0.22,345.0,0.21,326.2,0.23,2.54,0.24,5.0,0.77,2.54,0.76,5.0,0.78,345.0,0.79,326.2,0.01,0.01,2338.573785,1776190576000
1776190577.317,77.317,0.22,210.5,0.21,181.2,0.24,5.0,0.25,10.0,0.77,2.54,0.76,5.0,0.78,345.0,0.79,326.2,0.02,0.01,2338.573785,1776190576000
1776190578.256,78.256,0.22,210.5,0.21,181.2,0.24,5.0,0.25,10.0,0.76,5.0,0.75,10.0,0.78,210.5,0.79,181.2,0.02,0.02,2338.581865,1776190577000
1776190579.318,79.318,0.22,210.5,0.21,181.2,0.24,5.0,0.25,10.0,0.76,5.0,0.75,10.0,0.78,210.5,0.79,181.2,0.02,0.02,2338.587265,1776190578000
1776190579.59,79.59,0.28,130.11,0.27,153.5,0.29,10.58,0.3,50.0,0.71,10.58,0.7,50.0,0.72,112.5,0.73,153.5,0.01,0.01,2338.587265,1776190578000
1776190580.365,80.365,0.28,142.11,0.27,153.5,0.3,50.0,0.31,20.0,0.7,50.0,0.69,20.0,0.72,142.11,0.73,153.5,0.02,0.02,2338.589195,1776190579000
1776190580.935,80.935,0.28,142.11,0.27,153.5,0.3,50.0,0.31,20.0,0.7,50.0,0.69,20.0,0.72,142.11,0.73,153.5,0.02,0.02,2338.610289,1776190580000
1776190581.609,81.609,0.29,200.59,0.28,147.39,0.3,65.0,0.31,25.0,0.7,50.0,0.69,20.0,0.72,142.11,0.73,153.5,0.01,0.02,2338.610289,1776190580000
1776190581.966,81.966,0.29,200.59,0.28,147.39,0.3,65.0,0.31,25.0,0.7,65.0,0.69,25.0,0.71,200.59,0.72,147.39,0.01,0.01,2339.025807,1776190581000
1776190583.065,83.065,0.29,179.59,0.28,147.39,0.3,50.0,0.31,30.0,0.7,50.0,0.69,30.0,0.71,179.59,0.72,147.39,0.01,0.01,2339.08875,1776190582000
1776190583.967,83.967,0.3,97.6,0.29,196.59,0.31,7.0,0.32,30.08,0.7,50.0,0.69,30.0,0.71,179.59,0.72,147.39,0.01,0.01,2339.08875,1776190582000
1776190584.207,84.207,0.31,48.17,0.3,177.6,0.32,30.08,0.33,35.0,0.69,1.83,0.68,30.08,0.7,152.6,0.71,228.59,0.01,0.01,2339.085695,1776190583000
1776190584.471,84.471,0.31,124.97,0.3,105.6,0.32,25.08,0.33,35.0,0.68,30.08,0.67,35.0,0.69,48.17,0.7,177.6,0.01,0.01,2339.085695,1776190583000
1776190584.704,84.704,0.31,206.47,0.3,137.6,0.32,14.08,0.33,35.0,0.68,25.08,0.67,35.0,0.69,206.47,0.7,87.6,0.01,0.01,2339.085695,1776190583000
1776190585.026,85.026,0.31,182.06,0.3,137.6,0.32,3.08,0.33,35.0,0.68,3.08,0.67,35.0,0.69,185.47,0.7,137.6,0.01,0.01,2339.085695,1776190583000
1776190586.3,86.3,0.31,182.06,0.3,137.6,0.32,3.08,0.33,35.0,0.68,3.08,0.67,35.0,0.69,182.06,0.7,137.6,0.01,0.01,2339.24807,1776190585000
1776190586.742,86.742,0.31,239.06,0.3,154.6,0.32,3.08,0.33,25.0,0.68,3.08,0.67,35.0,0.69,182.06,0.7,137.6,0.01,0.01,2339.24807,1776190585000
1776190587.238,87.238,0.31,209.06,0.3,154.6,0.32,3.08,0.35,15.5,0.68,3.08,0.67,25.0,0.69,239.06,0.7,154.6,0.01,0.01,2339.24807,1776190585000
1776190587.883,87.883,0.31,209.06,0.3,154.6,0.32,3.08,0.35,15.5,0.68,3.08,0.65,15.5,0.69,209.06,0.7,154.6,0.01,0.01,2339.296741,1776190587000
1776190588.559,88.559,0.34,150.06,0.33,65.0,0.35,20.5,0.36,15.0,0.65,15.5,0.64,5.0,0.69,219.06,0.7,154.6,0.01,0.04,2339.296741,1776190587000
1776190589.414,89.414,0.34,150.06,0.33,65.0,0.35,20.5,0.36,15.0,0.65,20.5,0.64,15.0,0.66,150.06,0.67,65.0,0.01,0.01,2339.267154,1776190588000
1776190589.892,89.892,0.34,150.06,0.33,86.3,0.35,19.26,0.36,49.47,0.65,19.26,0.64,49.47,0.66,150.06,0.67,86.3,0.01,0.01,2339.285305,1776190589000
1776190590.388,90.388,0.35,173.0,0.34,186.06,0.36,5.0,0.37,105.5,0.64,9.0,0.63,100.5,0.65,157.0,0.66,186.06,0.01,0.01,2339.285305,1776190589000
1776190590.744,90.744,0.35,165.8,0.34,215.56,0.37,55.0,0.38,30.5,0.64,5.0,0.63,105.5,0.65,173.0,0.66,186.06,0.02,0.01,2339.285305,1776190589000
1776190591.901,91.901,0.35,165.8,0.34,215.56,0.37,55.0,0.38,30.5,0.63,55.0,0.62,30.5,0.65,165.8,0.66,215.56,0.02,0.02,2339.393719,1776190591000
1776190592.746,92.746,0.39,145.0,0.38,200.8,0.4,11.0,0.41,20.5,0.63,55.0,0.62,30.5,0.65,165.8,0.66,215.56,0.01,0.02,2339.393719,1776190591000
1776190593.623,93.623,0.35,60.0,0.34,85.0,0.36,49.16,0.37,42.5,0.6,11.0,0.59,20.5,0.61,145.0,0.62,200.8,0.01,0.01,2339.56208,1776190592000
1776190593.909,93.909,0.35,60.0,0.34,85.0,0.36,49.16,0.37,42.5,0.64,49.16,0.63,42.5,0.65,60.0,0.66,85.0,0.01,0.01,2339.675623,1776190593000
1776190594.33,94.33,0.35,49.0,0.34,85.0,0.36,67.5,0.37,92.5,0.64,49.16,0.63,42.5,0.65,60.0,0.66,85.0,0.01,0.01,2339.675623,1776190593000
1776190594.879,94.879,0.35,38.0,0.34,85.0,0.36,62.5,0.37,103.5,0.64,62.5,0.63,103.5,0.65,38.0,0.66,85.0,0.01,0.01,2339.70071,1776190594000
1776190595.109,95.109,0.35,38.0,0.34,85.0,0.36,103.72,0.37,103.5,0.64,62.5,0.63,103.5,0.65,38.0,0.66,85.0,0.01,0.01,2339.70071,1776190594000
1776190595.701,95.701,0.35,58.0,0.34,85.0,0.36,25.38,0.37,103.5,0.64,85.94,0.63,103.5,0.65,38.0,0.66,85.0,0.01,0.01,2339.70071,1776190594000
1776190596.955,96.955,0.35,58.0,0.34,85.0,0.36,25.38,0.37,103.5,0.64,25.38,0.63,103.5,0.65,58.0,0.66,85.0,0.01,0.01,2339.487086,1776190596000
1776190597.418,97.418,0.35,53.0,0.34,85.0,0.36,63.38,0.37,98.5,0.64,25.38,0.63,103.5,0.65,58.0,0.66,85.0,0.01,0.01,2339.487086,1776190596000
1776190597.978,97.978,0.35,53.0,0.34,85.0,0.36,63.38,0.37,98.5,0.64,63.38,0.63,98.5,0.65,53.0,0.66,85.0,0.01,0.01,2339.49598,1776190597000
1776190598.525,98.525,0.35,60.8,0.34,101.0,0.36,13.38,0.37,108.5,0.64,63.38,0.63,98.5,0.65,53.0,0.66,85.0,0.01,0.01,2339.49598,1776190597000
1776190599.034,99.034,0.35,49.2,0.34,101.0,0.36,73.38,0.37,108.5,0.64,73.38,0.63,108.5,0.65,49.2,0.66,101.0,0.01,0.01,2339.488233,1776190598000
1776190599.369,99.369,0.35,25.0,0.34,101.0,0.36,77.6,0.37,108.5,0.64,73.38,0.63,108.5,0.65,49.2,0.66,101.0,0.01,0.01,2339.488233,1776190598000
1776190600.045,100.045,0.35,25.0,0.34,101.0,0.36,77.6,0.37,108.5,0.64,77.6,0.63,108.5,0.65,25.0,0.66,101.0,0.01,0.01,2339.48259,1776190599000
1776190601.051,101.051,0.35,25.0,0.34,101.0,0.36,77.6,0.37,108.5,0.64,77.6,0.63,108.5,0.65,25.0,0.66,101.0,0.01,0.01,2339.482482,1776190600000
1776190601.281,101.281,0.38,6.0,0.37,85.5,0.4,10.0,0.41,65.5,0.64,77.6,0.63,108.5,0.65,25.0,0.66,101.0,0.02,0.01,2339.482482,1776190600000
1776190601.504,101.504,0.4,28.33,0.39,121.0,0.41,70.5,0.42,140.0,0.59,80.5,0.58,140.0,0.6,18.33,0.61,36.0,0.01,0.01,2339.482482,1776190600000
1776190601.89,101.89,0.4,28.33,0.39,121.0,0.41,70.5,0.42,140.0,0.59,70.5,0.58,140.0,0.6,28.33,0.61,121.0,0.01,0.01,2339.483389,1776190601000
1776190602.982,102.982,0.4,28.33,0.39,121.0,0.41,70.5,0.42,140.0,0.59,70.5,0.58,140.0,0.6,28.33,0.61,121.0,0.01,0.01,2339.561074,1776190602000
1776190603.922,103.922,0.4,108.33,0.39,191.5,0.41,63.5,0.42,150.0,0.59,63.5,0.58,150.0,0.6,108.33,0.61,191.5,0.01,0.01,2339.712998,1776190603000
1776190604.273,104.273,0.4,38.33,0.39,105.0,0.41,100.5,0.42,160.0,0.59,63.5,0.58,150.0,0.6,108.33,0.61,191.5,0.01,0.01,2339.712998,1776190603000
1776190604.933,104.933,0.39,90.0,0.38,151.0,0.4,25.5,0.41,90.5,0.6,25.5,0.59,90.5,0.61,90.0,0.62,151.0,0.01,0.01,2339.801626,1776190604000
1776190605.583,105.583,0.42,5.0,0.41,80.5,0.43,25.0,0.44,36.5,0.6,25.5,0.59,90.5,0.61,90.0,0.62,151.0,0.01,0.01,2339.801626,1776190604000
1776190605.933,105.933,0.42,25.5,0.41,75.5,0.43,24.9,0.44,41.5,0.57,24.9,0.56,41.5,0.58,25.5,0.59,75.5,0.01,0.01,2339.800306,1776190605000
1776190606.991,106.991,0.42,25.5,0.41,75.5,0.43,24.9,0.44,41.5,0.57,24.9,0.56,41.5,0.58,25.5,0.59,75.5,0.01,0.01,2339.734772,1776190606000
1776190607.911,107.911,0.42,25.5,0.41,75.5,0.43,24.9,0.44,41.5,0.57,24.9,0.56,41.5,0.58,25.5,0.59,75.5,0.01,0.01,2339.841121,1776190607000
1776190608.212,108.212,0.42,81.28,0.41,140.5,0.44,15.0,0.45,87.5,0.57,24.9,0.56,41.5,0.58,25.5,0.59,75.5,0.02,0.01,2339.841121,1776190607000
1776190608.847,108.847,0.42,81.28,0.41,140.5,0.44,15.0,0.45,87.5,0.56,15.0,0.55,87.5,0.58,81.28,0.59,140.5,0.02,0.02,2339.993015,1776190608000
1776190609.815,109.815,0.42,81.28,0.41,140.5,0.44,15.0,0.45,87.5,0.56,15.0,0.55,87.5,0.58,81.28,0.59,140.5,0.02,0.02,2339.99111,1776190609000
1776190611.232,111.232,0.43,124.0,0.42,37.78,0.44,0.45,0.45,80.5,0.56,15.0,0.55,87.5,0.58,81.28,0.59,140.5,0.01,0.02,2339.99111,1776190609000
1776190612.239,112.239,0.44,15.0,0.43,124.0,0.45,75.5,0.46,72.0,0.55,75.5,0.54,72.0,0.56,15.0,0.57,124.0,0.01,0.01,2340.019585,1776190611000
1776190613.2,113.2,0.44,15.0,0.43,124.0,0.45,75.5,0.46,72.0,0.55,75.5,0.54,72.0,0.56,15.0,0.57,124.0,0.01,0.01,2340.0202,1776190612000
1776190614.68,114.68,0.44,15.0,0.43,124.0,0.45,75.5,0.46,72.0,0.55,75.5,0.54,72.0,0.56,15.0,0.57,124.0,0.01,0.01,2339.99834,1776190613000
1776190614.92,114.92,0.39,60.0,0.36,10.0,0.41,50.0,0.42,20.0,0.55,75.5,0.54,72.0,0.56,15.0,0.57,124.0,0.02,0.01,2339.99834,1776190613000
1776190615.261,115.261,0.39,60.0,0.36,10.0,0.41,50.0,0.42,20.0,0.59,50.0,0.58,20.0,0.61,60.0,0.64,10.0,0.02,0.02,2340.012118,1776190614000
1776190616.351,116.351,0.34,94.0,0.33,135.5,0.36,20.5,0.37,173.5,0.64,20.5,0.63,173.5,0.66,94.0,0.67,135.5,0.02,0.02,2339.881883,1776190615000
1776190616.912,116.912,0.34,94.0,0.33,135.5,0.36,20.5,0.37,173.5,0.64,20.5,0.63,173.5,0.66,94.0,0.67,135.5,0.02,0.02,2339.845851,1776190616000
1776190617.733,117.733,0.34,122.3,0.33,145.5,0.35,14.0,0.36,62.0,0.64,20.5,0.63,173.5,0.66,94.0,0.67,135.5,0.01,0.02,2339.845851,1776190616000
1776190617.951,117.951,0.34,118.66,0.33,145.5,0.35,14.0,0.36,62.0,0.65,14.0,0.64,62.0,0.66,118.66,0.67,145.5,0.01,0.01,2339.568799,1776190617000
1776190618.445,118.445,0.34,89.66,0.33,145.5,0.36,28.58,0.37,110.5,0.65,14.0,0.64,62.0,0.66,118.66,0.67,145.5,0.02,0.01,2339.568799,1776190617000
1776190619.269,119.269,0.34,89.66,0.33,145.5,0.36,28.58,0.37,110.5,0.64,28.58,0.63,110.5,0.66,89.66,0.67,145.5,0.02,0.02,2339.569826,1776190618000
1776190620.104,120.104,0.33,3.44,0.32,122.56,0.34,82.5,0.35,25.5,0.64,28.58,0.63,110.5,0.66,89.66,0.67,145.5,0.01,0.02,2339.569826,1776190618000
1776190620.365,120.365,0.32,122.56,0.31,140.76,0.33,7.56,0.34,113.5,0.67,7.56,0.66,113.5,0.68,122.56,0.69,140.76,0.01,0.01,2339.577243,1776190619000
1776190620.83,120.83,0.32,122.56,0.31,140.76,0.33,7.56,0.34,113.5,0.67,7.56,0.66,113.5,0.68,122.56,0.69,140.76,0.01,0.01,2339.576094,1776190620000
1776190621.991,121.991,0.32,122.56,0.31,140.76,0.33,7.56,0.34,113.5,0.67,7.56,0.66,113.5,0.68,122.56,0.69,140.76,0.01,0.01,2339.508045,1776190621000
1776190622.849,122.849,0.39,256.56,0.38,211.5,0.4,5.0,0.41,25.0,0.67,7.56,0.66,113.5,0.68,122.56,0.69,140.76,0.01,0.01,2339.508045,1776190621000
1776190623.204,123.204,0.39,256.56,0.38,211.5,0.4,5.0,0.41,25.0,0.6,5.0,0.59,25.0,0.61,256.56,0.62,211.5,0.01,0.01,2339.508875,1776190622000
1776190623.571,123.571,0.39,83.36,0.38,140.0,0.4,88.5,0.41,90.5,0.6,5.0,0.59,25.0,0.61,256.56,0.62,211.5,0.01,0.01,2339.508875,1776190622000
1776190624.407,124.407,0.39,83.36,0.38,140.0,0.4,88.5,0.41,90.5,0.6,88.5,0.59,90.5,0.61,83.36,0.62,140.0,0.01,0.01,2339.887841,1776190623000
1776190625.035,125.035,0.39,83.36,0.38,140.0,0.4,88.5,0.41,90.5,0.6,88.5,0.59,90.5,0.61,83.36,0.62,140.0,0.01,0.01,2339.887841,1776190624000
1776190625.615,125.615,0.39,12.36,0.38,150.3,0.4,136.5,0.41,65.5,0.6,88.5,0.59,90.5,0.61,83.36,0.62,140.0,0.01,0.01,2339.887841,1776190624000
1776190626.162,126.162,0.39,12.36,0.38,150.3,0.4,136.5,0.41,65.5,0.6,136.5,0.59,65.5,0.61,12.36,0.62,150.3,0.01,0.01,2339.873942,1776190625000
1776190627.143,127.143,0.39,42.0,0.38,137.48,0.4,18.0,0.41,70.5,0.6,93.5,0.59,80.5,0.62,147.78,0.63,175.4,0.01,0.02,2339.873942,1776190625000
1776190627.392,127.392,0.39,42.0,0.38,137.48,0.4,18.0,0.41,70.5,0.6,18.0,0.59,70.5,0.61,42.0,0.62,137.48,0.01,0.01,2339.861354,1776190626000
1776190627.976,127.976,0.39,42.0,0.38,137.48,0.4,18.0,0.41,70.5,0.6,18.0,0.59,70.5,0.61,42.0,0.62,137.48,0.01,0.01,2339.861354,1776190627000
1776190629.559,129.559,0.39,52.39,0.38,137.48,0.4,55.0,0.41,65.5,0.6,18.0,0.59,70.5,0.61,42.0,0.62,137.48,0.01,0.01,2339.861354,1776190627000
1776190629.786,129.786,0.39,50.19,0.38,137.48,0.4,55.0,0.41,65.5,0.6,55.0,0.59,65.5,0.61,52.39,0.62,137.48,0.01,0.01,2339.865679,1776190628000
1776190630.54,130.54,0.39,97.99,0.38,147.98,0.4,50.0,0.41,70.5,0.6,55.0,0.59,65.5,0.61,47.99,0.62,137.48,0.01,0.01,2339.865679,1776190628000
1776190630.985,130.985,0.39,96.35,0.38,147.98,0.4,50.0,0.41,70.5,0.6,50.0,0.59,70.5,0.61,96.35,0.62,147.98,0.01,0.01,2339.866317,1776190629000
1776190631.548,131.548,0.42,169.32,0.41,90.5,0.44,100.0,0.45,65.5,0.6,50.0,0.59,70.5,0.61,96.35,0.62,147.98,0.02,0.01,2339.866317,1776190629000
1776190632.076,132.076,0.44,71.5,0.43,218.5,0.45,1.77,0.47,45.0,0.56,90.0,0.55,65.5,0.58,169.32,0.59,90.5,0.01,0.02,2339.862874,1776190630000
1776190632.326,132.326,0.47,8.86,0.44,108.5,0.5,82.0,0.51,10.19,0.55,1.77,0.53,45.0,0.56,71.5,0.57,218.5,0.03,0.01,2339.862874,1776190630000
1776190632.529,132.529,0.49,210.0,0.47,8.86,0.5,22.0,0.51,10.19,0.5,82.0,0.49,10.19,0.53,8.86,0.56,108.5,0.01,0.03,2339.861877,1776190631000
1776190632.767,132.767,0.5,58.0,0.49,145.7,0.51,4.36,0.53,5.0,0.49,10.19,0.48,35.0,0.5,26.0,0.51,210.0,0.01,0.01,2339.861877,1776190631000
1776190633.056,133.056,0.53,140.5,0.52,181.5,0.58,15.0,0.59,5.0,0.46,5.0,0.45,50.0,0.48,100.5,0.49,65.0,0.05,0.02,2339.861877,1776190631000
1776190633.435,133.435,0.57,51.5,0.56,75.0,0.61,59.5,0.62,55.0,0.42,15.0,0.41,5.0,0.47,140.5,0.48,181.5,0.04,0.05,2339.865134,1776190632000
1776190633.646,133.646,0.59,74.0,0.58,20.0,0.61,31.12,0.62,55.0,0.4,10.5,0.39,64.5,0.41,69.0,0.42,20.0,0.02,0.01,2339.865134,1776190632000
1776190633.933,133.933,0.6,5.0,0.59,15.0,0.61,41.12,0.62,65.0,0.39,31.12,0.38,55.0,0.41,74.0,0.42,20.0,0.01,0.02,2339.865134,1776190632000
1776190634.172,134.172,0.58,13.8,0.57,15.0,0.59,13.8,0.6,30.5,0.39,51.12,0.38,65.0,0.42,8.8,0.43,10.0,0.01,0.03,2339.865134,1776190632000
1776190634.383,134.383,0.57,15.0,0.56,75.5,0.6,19.38,0.61,41.12,0.41,13.8,0.4,30.5,0.43,15.0,0.44,75.5,0.03,0.02,2339.865134,1776190632000
1776190634.646,134.646,0.58,4.0,0.57,25.5,0.59,10.5,0.6,34.38,0.4,19.38,0.39,41.12,0.43,15.0,0.44,75.5,0.01,0.03,2339.865134,1776190632000
1776190635.325,135.325,0.58,4.0,0.57,25.5,0.59,7.19,0.6,34.38,0.41,7.19,0.4,34.38,0.42,4.0,0.43,25.5,0.01,0.01,2340.989223,1776190634000
1776190635.992,135.992,0.58,19.0,0.57,30.5,0.59,19.0,0.6,35.38,0.41,26.0,0.4,45.38,0.42,4.0,0.43,30.5,0.01,0.01,2340.989223,1776190634000
1776190636.197,136.197,0.58,24.0,0.57,25.5,0.59,12.3,0.6,35.38,0.41,14.0,0.4,35.38,0.42,19.0,0.43,30.5,0.01,0.01,2340.919882,1776190635000
1776190636.759,136.759,0.58,19.0,0.57,70.5,0.59,62.3,0.6,80.38,0.41,12.3,0.4,35.38,0.42,24.0,0.43,25.5,0.01,0.01,2340.919882,1776190635000
1776190637.121,137.121,0.58,19.0,0.57,75.5,0.59,64.16,0.6,80.38,0.41,62.3,0.4,80.38,0.42,19.0,0.43,70.5,0.01,0.01,2340.919882,1776190635000
1776190637.346,137.346,0.58,7.61,0.57,75.5,0.59,69.16,0.6,80.38,0.41,69.16,0.4,80.38,0.42,11.61,0.43,75.5,0.01,0.01,2340.919882,1776190635000
1776190637.64,137.64,0.58,62.61,0.57,75.5,0.59,10.0,0.6,85.38,0.41,23.31,0.4,85.38,0.42,12.61,0.43,70.5,0.01,0.01,2340.919882,1776190635000
1776190638.139,138.139,0.55,84.5,0.54,20.5,0.56,16.0,0.57,43.0,0.41,10.0,0.4,85.38,0.42,62.61,0.43,75.5,0.01,0.01,2340.925944,1776190636000
1776190638.75,138.75,0.55,74.5,0.54,20.5,0.56,16.0,0.57,43.0,0.44,16.0,0.43,43.0,0.45,74.5,0.46,20.5,0.01,0.01,2340.99544,1776190637000
1776190639.095,139.095,0.55,139.5,0.54,75.5,0.56,6.42,0.57,40.0,0.44,16.0,0.43,43.0,0.45,74.5,0.46,20.5,0.01,0.01,2340.99544,1776190637000
1776190639.301,139.301,0.55,143.01,0.54,75.5,0.56,6.42,0.57,40.0,0.44,6.42,0.43,40.0,0.45,139.5,0.46,75.5,0.01,0.01,2340.99544,1776190637000
1776190639.622,139.622,0.55,158.51,0.54,85.5,0.56,6.42,0.57,100.5,0.44,6.42,0.43,40.0,0.45,143.01,0.46,75.5,0.01,0.01,2340.997642,1776190638000
1776190640.336,140.336,0.55,158.51,0.54,85.5,0.56,6.42,0.57,100.5,0.44,6.42,0.43,100.5,0.45,158.51,0.46,85.5,0.01,0.01,2340.824933,1776190639000
1776190641.205,141.205,0.55,158.51,0.54,85.5,0.56,6.42,0.57,100.5,0.44,6.42,0.43,100.5,0.45,158.51,0.46,85.5,0.01,0.01,2340.821326,1776190640000
1776190641.876,141.876,0.57,62.39,0.56,70.0,0.58,97.5,0.59,95.5,0.44,6.42,0.43,100.5,0.45,158.51,0.46,85.5,0.01,0.01,2340.821326,1776190640000
1776190642.758,142.758,0.57,62.39,0.56,70.0,0.58,97.5,0.59,95.5,0.42,97.5,0.41,95.5,0.43,62.39,0.44,70.0,0.01,0.01,2340.819347,1776190641000
1776190643.445,143.445,0.57,62.39,0.56,70.0,0.58,97.5,0.59,95.5,0.42,97.5,0.41,95.5,0.43,62.39,0.44,70.0,0.01,0.01,2340.823237,1776190642000
1776190643.943,143.943,0.61,20.0,0.6,85.5,0.62,76.97,0.63,50.0,0.42,97.5,0.41,95.5,0.43,62.39,0.44,70.0,0.01,0.01,2340.823237,1776190642000
1776190644.217,144.217,0.61,20.0,0.6,85.5,0.62,76.97,0.63,50.0,0.38,76.97,0.37,50.0,0.39,20.0,0.4,85.5,0.01,0.01,2340.841051,1776190643000
1776190644.629,144.629,0.61,136.0,0.6,115.5,0.62,55.5,0.63,50.0,0.38,76.97,0.37,50.0,0.39,20.0,0.4,85.5,0.01,0.01,2340.841051,1776190643000
1776190645.531,145.531,0.61,423.5,0.6,181.5,0.67,5.0,0.68,5.0,0.38,55.5,0.37,50.0,0.39,129.0,0.4,115.5,0.06,0.01,2340.841051,1776190643000
1776190645.946,145.946,0.68,187.5,0.67,95.5,0.69,5.5,0.7,125.5,0.33,2.01,0.32,5.0,0.39,423.5,0.4,181.5,0.01,0.06,2340.861014,1776190644000
1776190646.485,146.485,0.68,222.5,0.67,101.5,0.69,3.5,0.73,10.0,0.31,5.5,0.3,125.5,0.32,187.5,0.33,95.5,0.01,0.01,2340.861014,1776190644000
1776190647.378,147.378,0.71,46.5,0.68,240.5,0.73,10.0,0.75,85.0,0.27,10.0,0.25,85.0,0.29,46.5,0.32,240.5,0.02,0.02,2341.159247,1776190646000
1776190647.608,147.608,0.74,68.4,0.73,24.84,0.75,110.5,0.76,80.0,0.25,95.5,0.24,80.0,0.26,74.4,0.27,15.0,0.01,0.01,2341.159247,1776190646000
1776190648.018,148.018,0.74,88.4,0.73,29.84,0.75,110.5,0.76,80.0,0.25,110.5,0.24,80.0,0.26,68.4,0.27,24.84,0.01,0.01,2341.159247,1776190646000
1776190648.61,148.61,0.73,9.84,0.71,10.0,0.74,30.0,0.75,151.5,0.25,110.5,0.24,80.0,0.26,88.4,0.27,29.84,0.01,0.01,2341.622784,1776190647000
1776190650.043,150.043,0.72,10.0,0.71,10.0,0.74,196.21,0.75,141.5,0.26,196.21,0.25,141.5,0.28,10.0,0.29,10.0,0.02,0.02,2341.875325,1776190648000
1776190650.427,150.427,0.7,30.5,0.69,75.5,0.71,150.0,0.72,109.5,0.26,196.21,0.25,141.5,0.28,10.0,0.29,10.0,0.01,0.02,2341.875325,1776190648000
1776190651.029,151.029,0.7,30.5,0.69,75.5,0.71,133.0,0.72,109.5,0.29,150.0,0.28,109.5,0.3,30.5,0.31,75.5,0.01,0.01,2341.793334,1776190649000
1776190652.2,152.2,0.7,30.5,0.69,75.5,0.71,133.0,0.72,109.5,0.29,133.0,0.28,109.5,0.3,30.5,0.31,75.5,0.01,0.01,2341.693523,1776190651000
1776190653.148,153.148,0.7,25.31,0.69,75.5,0.71,128.0,0.72,114.5,0.29,133.0,0.28,109.5,0.3,30.5,0.31,75.5,0.01,0.01,2341.693523,1776190651000
1776190653.705,153.705,0.7,16.31,0.69,75.5,0.71,123.0,0.72,99.5,0.29,128.0,0.28,114.5,0.3,25.31,0.31,75.5,0.01,0.01,2341.69578,1776190652000
1776190654.447,154.447,0.7,16.31,0.69,75.5,0.71,123.0,0.72,99.5,0.29,123.0,0.28,99.5,0.3,16.31,0.31,75.5,0.01,0.01,2341.711963,1776190653000
1776190655.026,155.026,0.7,16.31,0.69,75.5,0.71,123.0,0.72,99.5,0.29,123.0,0.28,99.5,0.3,16.31,0.31,75.5,0.01,0.01,2341.711619,1776190654000
1776190655.432,155.432,0.73,217.5,0.72,142.5,0.74,25.0,0.75,80.0,0.29,123.0,0.28,99.5,0.3,16.31,0.31,75.5,0.01,0.01,2341.711619,1776190654000
1776190656.156,156.156,0.73,217.5,0.72,142.5,0.74,25.0,0.75,80.0,0.26,25.0,0.25,80.0,0.27,217.5,0.28,142.5,0.01,0.01,2341.85878,1776190655000
1776190657.267,157.267,0.73,217.5,0.72,142.5,0.74,25.0,0.75,80.0,0.26,25.0,0.25,80.0,0.27,217.5,0.28,142.5,0.01,0.01,2341.903384,1776190656000
1776190658.277,158.277,0.75,127.5,0.74,110.5,0.76,10.0,0.77,130.5,0.26,25.0,0.25,80.0,0.27,217.5,0.28,142.5,0.01,0.01,2341.903384,1776190656000
1776190658.672,158.672,0.75,27.0,0.74,10.0,0.76,184.51,0.77,307.49,0.24,10.0,0.23,130.5,0.25,127.5,0.26,110.5,0.01,0.01,2342.06341,1776190657000
1776190658.945,158.945,0.71,78.5,0.7,105.5,0.72,22.0,0.73,10.0,0.28,22.0,0.27,10.0,0.29,78.5,0.3,105.5,0.01,0.01,2342.098465,1776190658000
1776190659.298,159.298,0.71,73.0,0.7,105.5,0.72,97.47,0.73,15.0,0.28,22.0,0.27,10.0,0.29,78.5,0.3,105.5,0.01,0.01,2342.098465,1776190658000
1776190660.012,160.012,0.71,73.0,0.7,105.5,0.72,97.47,0.73,15.0,0.28,97.47,0.27,15.0,0.29,73.0,0.3,105.5,0.01,0.01,2342.063506,1776190659000
1776190660.609,160.609,0.7,10.0,0.69,25.0,0.72,179.51,0.73,193.5,0.28,97.47,0.27,15.0,0.29,73.0,0.3,105.5,0.02,0.01,2342.063506,1776190659000
1776190661.017,161.017,0.68,94.0,0.67,50.0,0.69,56.38,0.7,149.0,0.28,273.49,0.27,193.5,0.32,60.0,0.33,50.0,0.01,0.04,2342.063506,1776190659000
1776190661.271,161.271,0.68,54.0,0.67,50.0,0.69,59.38,0.7,168.0,0.31,56.38,0.3,149.0,0.32,94.0,0.33,50.0,0.01,0.01,2341.896229,1776190660000
1776190661.637,161.637,0.68,65.87,0.67,50.0,0.69,42.5,0.7,164.0,0.31,59.38,0.3,168.0,0.32,54.0,0.33,50.0,0.01,0.01,2341.896229,1776190660000
1776190662.139,162.139,0.67,50.0,0.66,50.0,0.69,354.49,0.7,180.01,0.31,42.5,0.3,174.0,0.32,64.87,0.33,50.0,0.02,0.01,2341.896229,1776190660000
1776190663.421,163.421,0.67,50.0,0.66,50.0,0.69,354.49,0.7,180.01,0.31,354.49,0.3,180.01,0.33,50.0,0.34,50.0,0.02,0.02,2341.463649,1776190662000
1776190664.462,164.462,0.67,50.0,0.66,50.0,0.69,354.49,0.7,180.01,0.31,354.49,0.3,180.01,0.33,50.0,0.34,50.0,0.02,0.02,2341.306808,1776190663000
1776190665.476,165.476,0.67,50.0,0.66,50.0,0.69,354.49,0.7,180.01,0.31,354.49,0.3,180.01,0.33,50.0,0.34,50.0,0.02,0.02,2341.201501,1776190664000
1776190666.269,166.269,0.67,50.0,0.66,50.0,0.69,354.49,0.7,180.01,0.31,354.49,0.3,180.01,0.33,50.0,0.34,50.0,0.02,0.02,2341.200211,1776190665000
1776190667.949,167.949,0.67,50.0,0.66,50.0,0.69,354.49,0.7,180.01,0.31,354.49,0.3,180.01,0.33,50.0,0.34,50.0,0.02,0.02,2341.152764,1776190666000
1776190668.683,168.683,0.61,55.0,0.59,50.0,0.63,122.84,0.64,70.0,0.37,122.84,0.36,70.0,0.39,55.0,0.41,50.0,0.02,0.02,2341.147019,1776190667000
1776190669.528,169.528,0.58,0.75,0.57,55.0,0.6,10.0,0.61,60.0,0.4,10.0,0.39,60.0,0.42,0.75,0.43,55.0,0.02,0.02,2340.986188,1776190668000
1776190670.302,170.302,0.58,0.75,0.57,55.0,0.6,10.0,0.61,60.0,0.4,10.0,0.39,60.0,0.42,0.75,0.43,55.0,0.02,0.02,2340.898284,1776190669000
1776190671.864,171.864,0.58,0.75,0.57,55.0,0.6,10.0,0.61,60.0,0.4,10.0,0.39,60.0,0.42,0.75,0.43,55.0,0.02,0.02,2340.584567,1776190670000
1776190672.599,172.599,0.58,0.75,0.57,55.0,0.6,10.0,0.61,60.0,0.4,10.0,0.39,60.0,0.42,0.75,0.43,55.0,0.02,0.02,2340.53821,1776190671000
1776190673.142,173.142,0.55,79.0,0.54,120.0,0.56,192.5,0.57,95.5,0.4,10.0,0.39,60.0,0.42,0.75,0.43,55.0,0.01,0.02,2340.53821,1776190671000
1776190673.438,173.438,0.55,79.0,0.54,120.0,0.56,192.5,0.57,95.5,0.44,192.5,0.43,95.5,0.45,79.0,0.46,120.0,0.01,0.01,2340.571964,1776190672000
1776190674.046,174.046,0.55,79.0,0.54,120.0,0.56,192.5,0.57,95.5,0.44,192.5,0.43,95.5,0.45,79.0,0.46,120.0,0.01,0.01,2340.602509,1776190673000
1776190675.178,175.178,0.53,105.0,0.52,80.0,0.54,184.64,0.55,145.6,0.44,307.5,0.43,95.5,0.46,110.0,0.47,110.0,0.01,0.02,2340.602509,1776190673000
1776190675.679,175.679,0.53,105.0,0.52,80.0,0.54,184.64,0.55,145.6,0.46,184.64,0.45,145.6,0.47,105.0,0.48,80.0,0.01,0.01,2340.602742,1776190674000
1776190676.345,176.345,0.53,105.0,0.52,80.0,0.54,184.64,0.55,145.6,0.46,184.64,0.45,145.6,0.47,105.0,0.48,80.0,0.01,0.01,2340.566994,1776190675000
1776190677.274,177.274,0.53,55.0,0.52,80.0,0.54,182.64,0.55,147.6,0.46,184.64,0.45,145.6,0.47,105.0,0.48,80.0,0.01,0.01,2340.566994,1776190675000
1776190677.902,177.902,0.53,55.0,0.52,80.0,0.54,182.64,0.55,147.6,0.46,182.64,0.45,147.6,0.47,55.0,0.48,80.0,0.01,0.01,2340.506316,1776190676000
1776190678.482,178.482,0.51,85.0,0.5,56.5,0.52,5.0,0.54,219.64,0.46,182.64,0.45,147.6,0.47,55.0,0.48,80.0,0.01,0.01,2340.506316,1776190676000
1776190678.721,178.721,0.5,36.2,0.49,51.12,0.52,7.26,0.54,275.5,0.48,7.26,0.46,245.64,0.49,10.0,0.5,46.0,0.02,0.01,2340.465715,1776190677000
1776190679.068,179.068,0.5,67.2,0.49,51.12,0.51,32.0,0.52,118.0,0.48,94.0,0.47,5.0,0.5,36.2,0.51,51.12,0.01,0.02,2340.465715,1776190677000
1776190680.426,180.426,0.5,39.2,0.49,51.12,0.51,166.5,0.52,224.84,0.49,6.0,0.48,118.0,0.5,72.2,0.51,51.12,0.01,0.01,2340.411843,1776190678000
1776190681.113,181.113,0.5,27.2,0.49,26.12,0.51,191.5,0.52,224.84,0.49,161.5,0.48,224.84,0.5,29.2,0.51,51.12,0.01,0.01,2340.268412,1776190679000
1776190681.362,181.362,0.5,27.2,0.49,16.12,0.51,163.24,0.52,224.84,0.49,191.5,0.48,224.84,0.5,27.2,0.51,26.12,0.01,0.01,2340.281821,1776190680000
1776190682.658,182.658,0.5,27.2,0.49,16.12,0.51,163.24,0.52,224.84,0.49,163.24,0.48,224.84,0.5,27.2,0.51,16.12,0.01,0.01,2340.250744,1776190681000
1776190682.936,182.936,0.5,169.2,0.49,31.12,0.52,30.51,0.53,5.0,0.48,38.3,0.47,5.0,0.5,169.2,0.51,31.12,0.02,0.02,2340.250744,1776190681000
1776190683.612,183.612,0.51,55.0,0.5,314.2,0.56,15.0,0.57,65.0,0.45,7.0,0.44,15.0,0.5,179.2,0.51,36.12,0.05,0.05,2340.250744,1776190681000
1776190684.227,184.227,0.51,55.0,0.5,314.2,0.56,15.0,0.57,65.0,0.44,15.0,0.43,65.0,0.49,55.0,0.5,314.2,0.05,0.05,2340.318829,1776190683000
1776190684.698,184.698,0.55,5.0,0.51,15.0,0.57,20.46,0.59,100.0,0.44,15.0,0.43,65.0,0.49,55.0,0.5,314.2,0.02,0.05,2340.318829,1776190683000
1776190685.213,185.213,0.53,45.74,0.52,50.0,0.54,21.86,0.57,95.0,0.46,21.86,0.43,95.0,0.47,45.74,0.48,50.0,0.01,0.01,2340.715948,1776190684000
1776190685.548,185.548,0.53,9.0,0.52,25.0,0.54,34.0,0.55,15.0,0.46,21.86,0.43,95.0,0.47,45.74,0.48,50.0,0.01,0.01,2340.715948,1776190684000
1776190685.877,185.877,0.53,0.95,0.52,35.5,0.54,37.0,0.55,25.5,0.46,39.0,0.45,25.5,0.47,5.95,0.48,40.5,0.01,0.01,2340.715948,1776190684000
1776190686.252,186.252,0.53,10.95,0.52,35.5,0.54,32.0,0.55,25.5,0.46,37.0,0.45,25.5,0.47,0.95,0.48,35.5,0.01,0.01,2340.715948,1776190684000
1776190686.615,186.615,0.53,15.95,0.52,35.5,0.54,23.22,0.55,20.5,0.46,28.22,0.45,25.5,0.47,10.95,0.48,35.5,0.01,0.01,2340.619659,1776190685000
1776190687.04,187.04,0.53,15.95,0.52,40.5,0.54,13.22,0.55,20.5,0.46,23.22,0.45,20.5,0.47,15.95,0.48,35.5,0.01,0.01,2340.619659,1776190685000
1776190687.282,187.282,0.53,14.95,0.52,40.5,0.54,16.0,0.55,24.72,0.46,16.0,0.45,24.72,0.47,14.95,0.48,40.5,0.01,0.01,2340.560671,1776190686000
1776190687.862,187.862,0.55,72.5,0.54,25.5,0.58,10.0,0.59,30.0,0.46,16.0,0.45,24.72,0.47,14.95,0.48,40.5,0.03,0.01,2340.560671,1776190686000
1776190688.224,188.224,0.55,72.5,0.54,25.5,0.58,10.0,0.59,30.0,0.42,10.0,0.41,30.0,0.45,72.5,0.46,25.5,0.03,0.03,2340.560371,1776190687000
1776190689.227,189.227,0.55,72.5,0.54,25.5,0.58,10.0,0.59,30.0,0.42,10.0,0.41,30.0,0.45,72.5,0.46,25.5,0.03,0.03,2340.560862,1776190688000
1776190689.767,189.767,0.58,43.5,0.57,40.5,0.6,30.0,0.61,125.0,0.42,10.0,0.41,30.0,0.45,72.5,0.46,25.5,0.02,0.03,2340.560862,1776190688000
1776190689.989,189.989,0.59,10.0,0.58,43.5,0.6,3.33,0.61,130.0,0.4,30.0,0.39,125.0,0.42,43.5,0.43,40.5,0.01,0.02,2340.560862,1776190688000
1776190691.051,191.051,0.58,48.5,0.57,35.5,0.6,5.0,0.61,135.0,0.4,3.33,0.39,130.0,0.41,10.0,0.42,43.5,0.02,0.01,2340.740817,1776190689000
1776190691.394,191.394,0.59,10.0,0.58,48.5,0.6,3.34,0.61,135.0,0.4,5.0,0.39,135.0,0.42,48.5,0.43,35.5,0.01,0.02,2340.773995,1776190690000
1776190692.22,192.22,0.6,3.0,0.59,15.0,0.61,150.0,0.62,127.5,0.4,3.34,0.39,135.0,0.41,10.0,0.42,48.5,0.01,0.01,2340.773995,1776190690000
1776190693.09,193.09,0.59,8.0,0.58,45.5,0.61,168.5,0.62,120.5,0.39,150.0,0.38,127.5,0.4,3.0,0.41,15.0,0.02,0.01,2340.768645,1776190691000
1776190693.336,193.336,0.59,8.0,0.58,45.5,0.61,168.5,0.62,120.5,0.39,168.5,0.38,120.5,0.41,8.0,0.42,45.5,0.02,0.02,2340.75897,1776190692000
1776190694.324,194.324,0.59,8.0,0.58,35.5,0.6,8.33,0.61,155.0,0.4,8.33,0.39,155.0,0.41,8.0,0.42,35.5,0.01,0.01,2340.749105,1776190693000
1776190694.525,194.525,0.59,74.5,0.58,105.5,0.6,8.0,0.61,85.0,0.4,8.0,0.39,85.0,0.41,79.5,0.42,105.5,0.01,0.01,2340.749105,1776190693000
1776190695.302,195.302,0.59,79.5,0.58,105.5,0.61,35.0,0.62,55.0,0.39,35.0,0.38,55.0,0.41,79.5,0.42,105.5,0.02,0.02,2340.73711,1776190694000
1776190696.266,196.266,0.62,155.5,0.61,75.5,0.63,0.31,0.65,70.0,0.39,35.0,0.38,55.0,0.41,79.5,0.42,105.5,0.01,0.02,2340.73711,1776190694000
1776190696.477,196.477,0.66,5.0,0.62,300.5,0.67,85.0,0.68,65.0,0.35,63.31,0.34,50.0,0.38,155.5,0.39,75.5,0.01,0.03,2340.73711,1776190694000
1776190696.681,196.681,0.66,5.0,0.62,300.5,0.67,85.0,0.68,65.0,0.33,85.0,0.32,65.0,0.34,5.0,0.38,300.5,0.01,0.01,2340.877839,1776190695000
1776190697.148,197.148,0.66,5.0,0.62,300.5,0.67,85.0,0.68,65.0,0.33,85.0,0.32,65.0,0.34,5.0,0.38,300.5,0.01,0.01,2340.91313,1776190696000
1776190697.623,197.623,0.66,224.0,0.65,75.0,0.7,195.0,0.71,60.0,0.33,85.0,0.32,65.0,0.34,5.0,0.38,300.5,0.04,0.01,2340.91313,1776190696000
1776190698.178,198.178,0.66,224.0,0.65,75.0,0.7,195.0,0.71,60.0,0.3,195.0,0.29,60.0,0.34,224.0,0.35,75.0,0.04,0.04,2341.200904,1776190697000
1776190699.371,199.371,0.66,224.0,0.65,75.0,0.7,195.0,0.71,60.0,0.3,195.0,0.29,60.0,0.34,224.0,0.35,75.0,0.04,0.04,2341.347736,1776190698000
1776190699.925,199.925,0.7,16.9,0.69,79.5,0.71,75.0,0.72,15.0,0.3,195.0,0.29,60.0,0.34,224.0,0.35,75.0,0.01,0.04,2341.347736,1776190698000
1776190701.002,201.002,0.7,16.9,0.69,79.5,0.71,75.0,0.72,15.0,0.29,75.0,0.28,15.0,0.3,16.9,0.31,79.5,0.01,0.01,2341.41074,1776190700000
1776190702.069,202.069,0.73,6.84,0.71,60.0,0.75,0.07,0.76,70.0,0.29,75.0,0.28,15.0,0.3,16.9,0.31,79.5,0.02,0.01,2341.41074,1776190700000
1776190703.232,203.232,0.73,35.0,0.71,60.0,0.74,6.25,0.76,50.0,0.26,6.25,0.24,50.0,0.27,35.0,0.29,60.0,0.01,0.01,2341.635075,1776190702000
1776190704.146,204.146,0.73,35.0,0.71,60.0,0.74,6.25,0.76,50.0,0.26,6.25,0.24,50.0,0.27,35.0,0.29,60.0,0.01,0.01,2341.646716,1776190703000
1776190704.348,204.348,0.77,177.44,0.76,31.0,0.78,143.08,0.79,200.0,0.22,145.0,0.21,195.0,0.23,54.04,0.24,20.0,0.01,0.01,2341.646716,1776190703000
1776190704.671,204.671,0.77,188.09,0.76,36.0,0.78,153.08,0.79,200.0,0.22,143.08,0.21,200.0,0.23,177.44,0.24,31.0,0.01,0.01,2341.646716,1776190703000
1776190705.201,205.201,0.77,188.09,0.76,36.0,0.78,151.79,0.79,200.0,0.22,151.79,0.21,200.0,0.23,188.09,0.24,36.0,0.01,0.01,2341.648275,1776190704000
1776190705.638,205.638,0.78,40.0,0.77,153.53,0.79,197.34,0.8,200.0,0.22,151.79,0.21,200.0,0.23,188.09,0.24,36.0,0.01,0.01,2341.648275,1776190704000
1776190705.914,205.914,0.77,104.83,0.76,101.5,0.79,192.34,0.8,205.0,0.21,192.34,0.2,205.0,0.22,40.0,0.23,153.53,0.02,0.01,2341.648275,1776190704000
1776190706.301,206.301,0.77,104.83,0.76,101.5,0.79,192.34,0.8,205.0,0.21,192.34,0.2,205.0,0.23,104.83,0.24,101.5,0.02,0.02,2341.685585,1776190705000
1776190707.459,207.459,0.77,104.83,0.76,101.5,0.79,192.34,0.8,205.0,0.21,192.34,0.2,205.0,0.23,104.83,0.24,101.5,0.02,0.02,2341.756295,1776190706000
1776190707.919,207.919,0.77,104.83,0.76,101.5,0.79,192.34,0.8,205.0,0.21,192.34,0.2,205.0,0.23,104.83,0.24,101.5,0.02,0.02,2341.75199,1776190707000
1776190708.693,208.693,0.82,55.0,0.81,90.0,0.83,70.12,0.84,50.0,0.21,192.34,0.2,205.0,0.23,104.83,0.24,101.5,0.01,0.02,2341.75199,1776190707000
1776190708.982,208.982,0.82,79.0,0.81,90.0,0.83,72.08,0.84,63.0,0.17,72.08,0.16,63.0,0.18,79.0,0.19,90.0,0.01,0.01,2341.809185,1776190708000
1776190709.824,209.824,0.82,240.0,0.81,195.0,0.85,3.79,0.86,10.0,0.17,72.08,0.16,63.0,0.18,79.0,0.19,90.0,0.03,0.01,2341.809185,1776190708000
1776190710.148,210.148,0.85,95.0,0.84,56.0,0.86,2.44,0.88,10.0,0.14,7.54,0.13,100.0,0.16,182.0,0.17,30.0,0.01,0.02,2341.809185,1776190708000
1776190710.35,210.35,0.87,84.0,0.86,15.0,0.88,13.38,0.9,55.0,0.14,2.44,0.12,10.0,0.15,95.0,0.16,56.0,0.01,0.01,2341.809185,1776190708000
1776190710.683,210.683,0.91,26.0,0.9,10.0,0.93,207.5,0.94,113.8,0.12,13.38,0.1,55.0,0.13,84.0,0.14,15.0,0.02,0.01,2341.809185,1776190708000
1776190710.992,210.992,0.91,26.0,0.9,10.0,0.93,207.5,0.94,113.8,0.07,207.5,0.06,113.8,0.09,26.0,0.1,10.0,0.02,0.02,2341.91986,1776190709000
1776190711.261,211.261,0.92,37.0,0.91,20.0,0.93,3.74,0.94,78.8,0.07,4.82,0.06,128.8,0.08,37.0,0.09,20.0,0.01,0.01,2341.91986,1776190709000
1776190711.569,211.569,0.92,37.0,0.91,20.0,0.94,69.12,0.95,241.11,0.06,69.12,0.05,241.11,0.08,37.0,0.09,20.0,0.02,0.02,2342.051418,1776190710000
1776190712.342,212.342,0.92,37.0,0.91,20.0,0.94,69.12,0.95,241.11,0.06,69.12,0.05,241.11,0.08,37.0,0.09,20.0,0.02,0.02,2342.31238,1776190711000
1776190712.822,212.822,0.93,24.0,0.92,30.0,0.95,121.64,0.96,337.8,0.06,69.12,0.05,241.11,0.08,37.0,0.09,20.0,0.02,0.02,2342.31238,1776190711000
1776190713.17,213.17,0.91,20.0,0.9,10.0,0.94,33.24,0.95,131.64,0.06,216.04,0.05,131.64,0.09,5.0,0.1,10.0,0.03,0.03,2342.31238,1776190711000
1776190713.62,213.62,0.91,9.95,0.9,10.0,0.94,53.24,0.95,131.64,0.06,53.24,0.05,131.64,0.09,9.95,0.1,10.0,0.03,0.03,2342.961047,1776190712000
1776190714.231,214.231,0.92,10.0,0.91,34.0,0.93,30.9,0.94,21.24,0.07,30.9,0.06,21.24,0.08,10.0,0.09,34.0,0.01,0.01,2342.886642,1776190713000
1776190714.985,214.985,0.92,8.08,0.91,39.0,0.93,31.9,0.94,38.07,0.07,30.9,0.06,21.24,0.08,10.0,0.09,34.0,0.01,0.01,2342.886642,1776190713000
1776190715.311,215.311,0.92,8.08,0.91,39.0,0.93,25.23,0.94,38.07,0.07,31.9,0.06,38.07,0.08,8.08,0.09,39.0,0.01,0.01,2342.886642,1776190713000
1776190715.573,215.573,0.92,8.08,0.91,39.0,0.93,25.23,0.94,38.07,0.07,25.23,0.06,38.07,0.08,8.08,0.09,39.0,0.01,0.01,2342.73387,1776190714000
1776190716.31,216.31,0.92,23.08,0.91,20.0,0.93,31.85,0.94,33.07,0.07,22.23,0.06,33.07,0.08,27.08,0.09,20.0,0.01,0.01,2342.73387,1776190714000
1776190716.609,216.609,0.91,20.0,0.9,10.0,0.92,10.92,0.93,31.85,0.07,31.85,0.06,33.07,0.08,23.08,0.09,20.0,0.01,0.01,2342.740094,1776190715000
1776190717.221,217.221,0.92,15.0,0.91,36.0,0.93,47.59,0.94,96.87,0.08,10.92,0.07,31.85,0.09,20.0,0.1,10.0,0.01,0.01,2342.740094,1776190715000
1776190717.537,217.537,0.92,15.0,0.91,36.0,0.93,47.59,0.94,96.87,0.07,47.59,0.06,96.87,0.08,31.0,0.09,20.0,0.01,0.01,2342.776901,1776190716000
1776190717.757,217.757,0.92,31.0,0.91,20.0,0.94,45.48,0.95,142.64,0.07,47.59,0.06,96.87,0.08,31.0,0.09,20.0,0.02,0.01,2342.776901,1776190716000
1776190718.043,218.043,0.93,8.94,0.92,15.0,0.94,35.48,0.95,185.64,0.06,45.48,0.05,185.64,0.07,8.94,0.08,15.0,0.01,0.01,2342.776901,1776190716000
1776190718.363,218.363,0.93,14.22,0.92,15.0,0.94,33.56,0.95,185.64,0.06,35.48,0.05,185.64,0.07,8.94,0.08,15.0,0.01,0.01,2342.776901,1776190716000
1776190718.64,218.64,0.93,14.22,0.92,15.0,0.94,33.56,0.95,185.64,0.06,33.56,0.05,185.64,0.07,14.22,0.08,15.0,0.01,0.01,2342.799052,1776190717000
1776190719.226,219.226,0.93,5.28,0.92,21.0,0.94,42.49,0.95,137.64,0.06,33.56,0.05,185.64,0.07,14.22,0.08,15.0,0.01,0.01,2342.799052,1776190717000
1776190719.937,219.937,0.93,10.28,0.92,36.0,0.94,27.17,0.95,137.64,0.06,37.17,0.05,137.64,0.07,10.28,0.08,21.0,0.01,0.01,2342.812948,1776190718000
1776190720.257,220.257,0.93,28.38,0.92,15.0,0.94,20.0,0.95,127.64,0.06,27.17,0.05,137.64,0.07,10.28,0.08,36.0,0.01,0.01,2342.812948,1776190718000
1776190720.519,220.519,0.93,38.38,0.92,25.0,0.94,5.0,0.95,136.64,0.06,9.57,0.05,127.64,0.07,28.38,0.08,15.0,0.01,0.01,2342.812948,1776190718000
1776190720.81,220.81,0.94,44.0,0.93,30.0,0.95,106.49,0.96,123.8,0.05,106.49,0.04,123.8,0.06,44.0,0.07,30.0,0.01,0.01,2342.821414,1776190719000
1776190721.19,221.19,0.94,69.0,0.93,45.0,0.95,122.45,0.96,123.8,0.05,106.49,0.04,123.8,0.06,44.0,0.07,30.0,0.01,0.01,2342.821414,1776190719000
1776190721.401,221.401,0.94,79.0,0.93,45.0,0.95,107.83,0.96,123.8,0.05,122.45,0.04,123.8,0.06,69.0,0.07,45.0,0.01,0.01,2342.821414,1776190719000
1776190721.602,221.602,0.94,79.0,0.93,45.0,0.95,107.83,0.96,123.8,0.05,107.83,0.04,123.8,0.06,79.0,0.07,45.0,0.01,0.01,2342.79764,1776190720000
1776190721.899,221.899,0.94,92.0,0.93,40.0,0.95,30.03,0.96,123.8,0.05,88.03,0.04,128.8,0.06,79.0,0.07,50.0,0.01,0.01,2342.79764,1776190720000
1776190722.164,222.164,0.94,92.0,0.93,40.0,0.95,30.03,0.96,123.8,0.05,30.03,0.04,123.8,0.06,92.0,0.07,40.0,0.01,0.01,2342.82839,1776190721000
1776190722.383,222.383,0.94,111.0,0.93,95.5,0.95,9.81,0.96,123.8,0.05,30.03,0.04,123.8,0.06,92.0,0.07,40.0,0.01,0.01,2342.82839,1776190721000
1776190722.755,222.755,0.95,15.0,0.94,131.5,0.96,128.04,0.97,209.7,0.04,118.85,0.03,209.7,0.06,111.0,0.07,100.5,0.01,0.02,2342.82839,1776190721000
1776190723.032,223.032,0.95,31.0,0.94,20.0,0.96,117.04,0.97,224.7,0.04,128.04,0.03,209.7,0.05,15.0,0.06,131.5,0.01,0.01,2342.82839,1776190721000
1776190723.431,223.431,0.95,34.95,0.94,20.0,0.96,132.04,0.97,224.7,0.04,117.04,0.03,224.7,0.05,31.0,0.06,20.0,0.01,0.01,2342.82839,1776190721000
1776190723.917,223.917,0.94,31.0,0.93,125.5,0.96,54.19,0.97,91.0,0.04,132.04,0.03,224.7,0.05,34.95,0.06,20.0,0.02,0.01,2343.3319,1776190722000
1776190724.204,224.204,0.94,51.5,0.93,130.5,0.95,2.6,0.96,80.0,0.05,2.6,0.04,80.0,0.06,51.5,0.07,130.5,0.01,0.01,2343.375917,1776190723000
1776190724.502,224.502,0.94,61.81,0.93,135.5,0.95,32.3,0.96,100.0,0.05,2.6,0.04,80.0,0.06,51.5,0.07,130.5,0.01,0.01,2343.375917,1776190723000
1776190725.388,225.388,0.94,28.31,0.93,140.5,0.95,42.3,0.96,125.0,0.05,32.3,0.04,100.0,0.06,61.81,0.07,135.5,0.01,0.01,2343.375917,1776190723000
1776190725.611,225.611,0.94,23.31,0.93,105.0,0.95,35.3,0.96,125.0,0.05,35.3,0.04,125.0,0.06,23.31,0.07,105.0,0.01,0.01,2343.234414,1776190724000
1776190726.196,226.196,0.94,23.31,0.93,105.0,0.95,35.3,0.96,125.0,0.05,35.3,0.04,125.0,0.06,23.31,0.07,105.0,0.01,0.01,2343.17677,1776190725000
1776190726.687,226.687,0.94,10.31,0.93,143.5,0.95,43.07,0.96,170.0,0.05,69.23,0.04,95.0,0.06,10.31,0.07,138.5,0.01,0.01,2343.17677,1776190725000
1776190727.796,227.796,0.94,10.31,0.93,143.5,0.95,43.07,0.96,170.0,0.05,43.07,0.04,170.0,0.06,10.31,0.07,143.5,0.01,0.01,2343.064856,1776190726000
1776190728.662,228.662,0.94,10.31,0.93,143.5,0.95,43.07,0.96,170.0,0.05,43.07,0.04,170.0,0.06,10.31,0.07,143.5,0.01,0.01,2343.033879,1776190727000
1776190729.245,229.245,0.94,10.31,0.93,143.5,0.95,43.07,0.96,170.0,0.05,43.07,0.04,170.0,0.06,10.31,0.07,143.5,0.01,0.01,2343.018147,1776190728000
1776190730.272,230.272,0.94,10.31,0.93,143.5,0.95,43.07,0.96,170.0,0.05,43.07,0.04,170.0,0.06,10.31,0.07,143.5,0.01,0.01,2343.020908,1776190729000
1776190730.548,230.548,0.92,164.67,0.91,259.5,0.95,34.94,0.96,179.0,0.05,34.94,0.04,184.0,0.06,133.31,0.07,130.5,0.03,0.01,2343.020908,1776190729000
1776190730.965,230.965,0.94,3.05,0.93,123.58,0.95,15.0,0.96,279.0,0.05,34.94,0.04,179.0,0.08,164.67,0.09,259.5,0.01,0.03,2343.020908,1776190729000
1776190731.374,231.374,0.94,3.05,0.93,123.58,0.95,15.0,0.96,279.0,0.05,15.0,0.04,279.0,0.06,3.05,0.07,123.58,0.01,0.01,2343.033537,1776190730000
1776190731.79,231.79,0.95,25.56,0.92,37.5,0.96,104.6,0.97,254.0,0.04,284.0,0.03,244.0,0.05,25.56,0.06,37.05,0.01,0.01,2343.033537,1776190730000
1776190732.012,232.012,0.91,25.31,0.89,15.5,0.92,8.52,0.93,25.0,0.04,305.33,0.03,684.0,0.09,4.31,0.11,33.0,0.01,0.05,2343.013557,1776190731000
1776190732.223,232.223,0.89,15.5,0.88,93.2,0.9,56.0,0.91,120.0,0.08,8.52,0.07,125.0,0.09,0.31,0.11,15.5,0.01,0.01,2343.013557,1776190731000
1776190732.469,232.469,0.89,15.5,0.88,93.2,0.9,179.88,0.91,115.0,0.1,56.0,0.09,120.0,0.11,15.5,0.12,93.2,0.01,0.01,2343.013557,1776190731000
1776190732.68,232.68,0.89,33.03,0.88,93.2,0.9,166.07,0.91,115.0,0.1,161.07,0.09,115.0,0.11,15.5,0.12,93.2,0.01,0.01,2343.013557,1776190731000
1776190732.966,232.966,0.89,33.03,0.88,93.2,0.9,141.07,0.91,115.0,0.1,141.07,0.09,115.0,0.11,33.03,0.12,93.2,0.01,0.01,2343.011513,1776190732000
1776190733.307,233.307,0.89,58.53,0.88,109.2,0.9,7.89,0.91,100.0,0.1,141.07,0.09,115.0,0.11,33.03,0.12,93.2,0.01,0.01,2343.011513,1776190732000
1776190733.511,233.511,0.9,20.5,0.89,80.53,0.91,86.8,0.92,110.0,0.09,88.45,0.08,110.0,0.1,20.5,0.11,80.53,0.01,0.01,2343.011513,1776190732000
1776190734.033,234.033,0.9,41.5,0.89,75.53,0.91,71.56,0.92,110.0,0.09,71.56,0.08,110.0,0.1,41.5,0.11,75.53,0.01,0.01,2342.579907,1776190733000
1776190735.056,235.056,0.9,49.5,0.89,195.62,0.91,69.9,0.92,110.0,0.09,69.9,0.08,110.0,0.1,49.5,0.11,195.62,0.01,0.01,2342.512003,1776190734000
1776190735.474,235.474,0.9,66.5,0.89,245.62,0.91,69.9,0.92,100.0,0.09,69.9,0.08,110.0,0.1,49.5,0.11,195.62,0.01,0.01,2342.512003,1776190734000
1776190735.78,235.78,0.9,66.5,0.89,245.62,0.91,73.8,0.92,100.0,0.09,69.9,0.08,100.0,0.1,66.5,0.11,245.62,0.01,0.01,2342.512003,1776190734000
1776190735.983,235.983,0.9,221.99,0.89,125.53,0.91,65.5,0.92,100.0,0.09,70.5,0.08,100.0,0.1,66.5,0.11,125.53,0.01,0.01,2342.512003,1776190734000
1776190736.254,236.254,0.9,216.99,0.89,125.53,0.91,54.2,0.92,106.0,0.09,54.2,0.08,106.0,0.1,216.99,0.11,125.53,0.01,0.01,2342.522907,1776190735000
1776190736.698,236.698,0.9,178.49,0.89,43.53,0.91,54.2,0.92,126.0,0.09,59.2,0.08,106.0,0.1,200.99,0.11,119.53,0.01,0.01,2342.522907,1776190735000
1776190737.217,237.217,0.9,152.49,0.89,43.53,0.91,59.2,0.92,201.0,0.09,59.2,0.08,201.0,0.1,152.49,0.11,43.53,0.01,0.01,2342.516234,1776190736000
1776190737.425,237.425,0.9,132.49,0.89,48.53,0.91,103.1,0.92,203.0,0.09,104.2,0.08,203.0,0.1,132.49,0.11,48.53,0.01,0.01,2342.516234,1776190736000
1776190738.058,238.058,0.9,151.49,0.89,48.53,0.91,71.65,0.92,203.0,0.09,89.11,0.08,203.0,0.1,137.49,0.11,48.53,0.01,0.01,2342.516234,1776190736000
1776190738.327,238.327,0.9,151.49,0.89,48.53,0.91,184.8,0.92,203.0,0.09,71.65,0.08,203.0,0.1,151.49,0.11,48.53,0.01,0.01,2342.514689,1776190737000
1776190738.935,238.935,0.9,156.49,0.89,48.53,0.91,157.87,0.92,200.0,0.09,184.8,0.08,203.0,0.1,151.49,0.11,48.53,0.01,0.01,2342.514689,1776190737000
1776190739.35,239.35,0.9,156.49,0.89,48.53,0.91,157.87,0.92,200.0,0.09,157.87,0.08,200.0,0.1,156.49,0.11,48.53,0.01,0.01,2342.426078,1776190738000
1776190739.945,239.945,0.9,156.49,0.89,48.53,0.91,157.87,0.92,200.0,0.09,157.87,0.08,200.0,0.1,156.49,0.11,48.53,0.01,0.01,2342.403233,1776190739000
1776190740.232,240.232,0.9,25.94,0.88,102.2,0.91,194.66,0.92,210.0,0.09,157.87,0.08,200.0,0.1,156.49,0.11,48.53,0.01,0.01,2342.403233,1776190739000
1776190740.554,240.554,0.88,78.1,0.87,55.0,0.89,10.0,0.9,95.0,0.09,199.66,0.08,210.0,0.12,102.2,0.13,50.0,0.01,0.03,2342.403233,1776190739000
1776190740.759,240.759,0.88,88.1,0.87,55.0,0.9,74.0,0.91,56.66,0.1,79.0,0.09,56.66,0.12,88.1,0.13,55.0,0.02,0.02,2342.403233,1776190739000
1776190740.977,240.977,0.89,10.0,0.88,88.1,0.9,103.58,0.91,61.66,0.1,103.58,0.09,61.66,0.11,10.0,0.12,88.1,0.01,0.01,2342.380403,1776190740000
1776190741.196,241.196,0.88,54.0,0.87,55.0,0.9,94.92,0.91,56.66,0.1,106.92,0.09,56.66,0.11,15.0,0.12,88.1,0.02,0.01,2342.380403,1776190740000
1776190742.243,242.243,0.89,123.04,0.88,33.0,0.9,97.69,0.91,75.66,0.1,83.81,0.09,56.66,0.12,54.0,0.13,55.0,0.01,0.02,2342.380403,1776190740000
1776190742.526,242.526,0.89,128.04,0.88,38.0,0.9,77.54,0.91,75.66,0.1,97.69,0.09,75.66,0.11,123.04,0.12,33.0,0.01,0.01,2342.380403,1776190740000
1776190743.116,243.116,0.89,128.04,0.88,38.0,0.9,77.54,0.91,75.66,0.1,77.54,0.09,75.66,0.11,128.04,0.12,38.0,0.01,0.01,2342.148248,1776190742000
1776190744.183,244.183,0.89,128.04,0.88,38.0,0.9,77.54,0.91,75.66,0.1,77.54,0.09,75.66,0.11,128.04,0.12,38.0,0.01,0.01,2342.046014,1776190743000
1776190745.238,245.238,0.89,133.04,0.88,38.0,0.9,64.54,0.91,56.66,0.1,77.54,0.09,75.66,0.11,128.04,0.12,38.0,0.01,0.01,2342.046014,1776190743000
1776190745.455,245.455,0.89,151.04,0.88,64.0,0.9,52.3,0.91,50.0,0.1,52.3,0.09,50.0,0.11,151.04,0.12,64.0,0.01,0.01,2342.003789,1776190744000
1776190745.943,245.943,0.89,146.94,0.88,69.0,0.9,52.3,0.91,50.0,0.1,52.3,0.09,50.0,0.11,146.94,0.12,69.0,0.01,0.01,2342.000582,1776190745000
1776190746.705,246.705,0.89,122.95,0.88,119.0,0.9,43.41,0.92,18.0,0.1,52.3,0.09,50.0,0.11,146.94,0.12,69.0,0.01,0.01,2342.000582,1776190745000
1776190747.004,247.004,0.89,122.95,0.88,119.0,0.9,37.12,0.92,18.0,0.1,43.41,0.08,18.0,0.11,122.95,0.12,119.0,0.01,0.01,2342.000582,1776190745000
1776190748.152,248.152,0.89,122.95,0.88,119.0,0.9,37.12,0.92,18.0,0.1,37.12,0.08,18.0,0.11,122.95,0.12,119.0,0.01,0.01,2342.05611,1776190747000
1776190749.719,249.719,0.89,113.0,0.88,167.07,0.9,33.89,0.93,114.0,0.1,35.89,0.07,114.0,0.11,63.0,0.12,167.07,0.01,0.01,2342.05611,1776190747000
1776190750.412,250.412,0.94,20.0,0.93,138.0,0.95,103.49,0.96,100.0,0.1,33.89,0.07,114.0,0.11,113.0,0.12,167.07,0.01,0.01,2342.05611,1776190747000
1776190750.815,250.815,0.94,40.0,0.93,158.0,0.95,77.24,0.96,100.0,0.05,79.24,0.04,100.0,0.06,20.0,0.07,138.0,0.01,0.01,2342.05611,1776190747000
1776190751.651,251.651,0.94,183.75,0.93,157.0,0.95,5.89,0.96,100.0,0.05,77.24,0.04,100.0,0.06,40.0,0.07,158.0,0.01,0.01,2342.05611,1776190747000
1776190751.94,251.94,0.94,231.75,0.93,157.0,0.95,0.89,0.96,100.0,0.05,5.89,0.04,100.0,0.06,183.75,0.07,157.0,0.01,0.01,2342.05611,1776190747000
1776190752.252,252.252,0.95,95.67,0.94,195.0,0.96,97.8,0.97,176.0,0.04,100.0,0.03,176.0,0.06,249.75,0.07,157.0,0.01,0.02,2342.05611,1776190747000
1776190752.945,252.945,0.95,166.67,0.94,190.0,0.96,6.95,0.97,176.0,0.04,97.8,0.03,176.0,0.05,95.67,0.06,195.0,0.01,0.01,2342.05611,1776190747000
1776190753.24,253.24,0.95,139.67,0.94,190.0,0.98,69.95,0.99,7295.46,0.04,5.9,0.03,176.0,0.05,166.67,0.06,190.0,0.03,0.01,2342.05611,1776190747000
1776190753.587,253.587,0.96,26.7,0.95,30.0,0.98,15.0,0.99,7245.46,0.02,69.95,0.01,7295.46,0.05,139.67,0.06,190.0,0.02,0.03,2342.05611,1776190747000
1776190754.01,254.01,0.96,41.7,0.95,30.0,0.97,8.46,0.98,10.0,0.02,15.0,0.01,7245.46,0.04,26.7,0.05,30.0,0.01,0.02,2342.05611,1776190747000
1776190754.811,254.811,0.96,45.7,0.95,63.0,0.97,27.93,0.98,10.0,0.01,7218.24,,,0.04,41.7,0.05,63.0,0.01,0.03,2342.05611,1776190747000
1776190755.659,255.659,0.95,130.8,0.94,138.8,0.98,23.0,0.99,6968.24,0.03,27.93,0.02,10.0,0.04,45.7,0.05,63.0,0.03,0.01,2342.05611,1776190747000
1776190756.015,256.015,0.95,135.8,0.94,138.8,0.98,2.94,0.99,6968.24,0.02,23.0,0.01,6968.24,0.05,130.8,0.06,138.8,0.03,0.03,2342.05611,1776190747000
1776190756.445,256.445,0.95,135.8,0.94,138.8,0.98,2.94,0.99,6968.24,0.02,2.94,0.01,6968.24,0.05,135.8,0.06,138.8,0.03,0.03,2342.60874,1776190755000
1776190756.731,256.731,0.97,20.0,0.96,20.0,0.98,6.88,0.99,6968.24,0.02,2.94,0.01,6968.24,0.05,135.8,0.06,138.8,0.01,0.03,2342.60874,1776190755000
1776190757.25,257.25,0.97,20.0,0.96,20.0,0.98,6.88,0.99,6968.24,0.02,6.88,0.01,6968.24,0.03,20.0,0.04,20.0,0.01,0.01,2342.523789,1776190756000
1776190757.532,257.532,0.95,169.4,0.94,139.8,0.99,6617.64,,,0.02,6.88,0.01,6968.24,0.03,20.0,0.04,20.0,0.04,0.01,2342.523789,1776190756000
1776190758.01,258.01,0.96,15.0,0.95,184.4,0.98,5.1,0.99,6512.64,0.01,6617.64,,,0.05,169.4,0.06,139.8,0.02,0.04,2342.523789,1776190756000
1776190758.355,258.355,0.98,89.66,0.96,5.0,0.99,6941.24,,,0.01,6512.64,,,0.02,109.66,0.04,15.0,0.01,0.01,2342.523789,1776190756000
1776190758.72,258.72,0.98,24.66,0.96,5.0,0.99,6936.19,,,0.01,6936.24,,,0.02,24.66,0.04,5.0,0.01,0.01,2342.51976,1776190757000
1776190758.977,258.977,0.96,3.72,0.95,10.0,0.99,6936.19,,,0.01,6936.19,,,0.04,3.72,0.05,10.0,0.03,0.03,2342.520775,1776190758000
1776190759.393,259.393,0.96,18.72,0.95,15.0,0.98,20.0,0.99,6926.19,0.03,5.0,0.02,15.0,0.04,3.72,0.05,10.0,0.02,0.01,2342.520775,1776190758000
1776190760.121,260.121,0.96,18.72,0.95,15.0,0.98,20.0,0.99,6926.19,0.02,20.0,0.01,6926.19,0.04,18.72,0.05,15.0,0.02,0.02,2342.519947,1776190759000
1776190760.442,260.442,0.93,3.72,0.92,73.0,0.97,70.0,0.98,253.7,0.02,20.0,0.01,6926.19,0.04,18.72,0.05,15.0,0.04,0.02,2342.519947,1776190759000
1776190760.785,260.785,0.93,15.0,0.92,34.03,0.94,9.84,0.95,83.0,0.05,10.0,0.04,75.0,0.08,63.03,0.09,56.0,0.01,0.03,2342.519947,1776190759000
1776190761.347,261.347,0.93,15.0,0.92,39.03,0.95,72.53,0.96,253.0,0.05,72.53,0.04,253.0,0.07,15.0,0.08,39.03,0.02,0.02,2342.40032,1776190760000
1776190761.941,261.941,0.94,15.0,0.93,163.34,0.95,47.42,0.96,253.0,0.05,47.42,0.04,253.0,0.06,15.0,0.07,163.34,0.01,0.01,2342.373068,1776190761000
1776190762.27,262.27,0.94,174.32,0.93,36.0,0.95,20.84,0.96,248.0,0.05,47.42,0.04,253.0,0.06,15.0,0.07,163.34,0.01,0.01,2342.373068,1776190761000
1776190763.061,263.061,0.94,174.32,0.93,36.0,0.95,14.05,0.96,248.0,0.05,14.05,0.04,248.0,0.06,174.32,0.07,36.0,0.01,0.01,2342.184009,1776190762000
1776190763.369,263.369,0.88,86.42,0.87,44.0,0.89,53.87,0.9,15.0,0.1,50.0,0.09,105.55,0.12,76.42,0.13,35.0,0.01,0.02,2342.184009,1776190762000
1776190763.586,263.586,0.88,13.66,0.87,19.0,0.89,53.87,0.9,20.0,0.11,99.32,0.1,15.0,0.12,51.16,0.13,44.0,0.01,0.01,2342.184009,1776190762000
1776190763.828,263.828,0.88,23.66,0.87,19.0,0.9,11.24,0.91,81.0,0.11,53.87,0.1,20.0,0.12,13.66,0.13,19.0,0.02,0.01,2342.184009,1776190762000
1776190764.107,264.107,0.88,33.66,0.87,24.0,0.89,8.06,0.9,51.24,0.1,11.24,0.09,81.0,0.12,23.66,0.13,19.0,0.01,0.02,2342.184009,1776190762000
1776190764.495,264.495,0.87,55.66,0.86,73.0,0.88,49.41,0.9,25.0,0.11,8.06,0.1,41.24,0.13,10.66,0.14,55.0,0.01,0.02,2342.071881,1776190763000
1776190764.873,264.873,0.92,33.25,0.91,10.0,0.93,50.0,0.95,21.05,0.12,44.06,0.1,25.0,0.13,55.66,0.14,73.0,0.01,0.01,2342.071881,1776190763000
1776190765.366,265.366,0.92,5.25,0.91,15.0,0.93,50.0,0.95,57.0,0.07,50.0,0.05,57.0,0.08,5.25,0.09,15.0,0.01,0.01,2341.689669,1776190764000
1776190765.923,265.923,0.92,5.25,0.91,15.0,0.93,50.0,0.95,57.0,0.07,50.0,0.05,57.0,0.08,5.25,0.09,15.0,0.01,0.01,2341.638867,1776190765000
1776190766.703,266.703,0.94,21.5,0.93,48.0,0.96,90.25,0.97,10.0,0.07,50.0,0.05,57.0,0.08,5.25,0.09,15.0,0.02,0.01,2341.638867,1776190765000
1776190766.97,266.97,0.92,24.0,0.91,51.0,0.94,95.0,0.95,85.0,0.04,90.25,0.03,10.0,0.06,21.5,0.07,48.0,0.02,0.02,2341.638867,1776190765000
1776190767.345,267.345,0.93,35.63,0.92,10.0,0.94,139.0,0.95,95.0,0.06,144.0,0.05,90.0,0.07,79.63,0.08,10.0,0.01,0.01,2341.967058,1776190766000
1776190767.663,267.663,0.93,48.06,0.92,15.0,0.94,181.0,0.95,100.0,0.06,139.0,0.05,95.0,0.07,35.63,0.08,10.0,0.01,0.01,2341.967058,1776190766000
1776190768.097,268.097,0.93,48.06,0.92,15.0,0.94,181.0,0.95,100.0,0.06,181.0,0.05,100.0,0.07,48.06,0.08,15.0,0.01,0.01,2342.028097,1776190767000
1776190768.323,268.323,0.86,85.0,0.85,45.0,0.88,31.78,0.89,10.0,0.06,285.0,0.05,190.0,0.11,10.0,0.13,20.0,0.02,0.05,2342.028097,1776190767000
1776190768.879,268.879,0.85,20.0,0.84,20.0,0.86,109.0,0.87,70.0,0.14,40.0,0.13,20.0,0.15,20.0,0.16,105.0,0.01,0.01,2342.028097,1776190767000
1776190769.156,269.156,0.85,148.61,0.84,10.0,0.86,82.15,0.87,55.0,0.14,93.86,0.13,65.0,0.15,20.0,0.16,10.0,0.01,0.01,2342.028097,1776190767000
1776190769.508,269.508,0.85,78.61,0.84,5.0,0.86,122.29,0.87,77.0,0.14,126.41,0.13,55.0,0.15,83.61,0.16,15.0,0.01,0.01,2341.854,1776190768000
1776190769.753,269.753,0.8,60.0,0.79,65.0,0.81,41.0,0.83,112.0,0.14,122.29,0.13,77.0,0.15,78.61,0.16,5.0,0.01,0.01,2341.854,1776190768000
1776190770.006,270.006,0.78,75.0,0.77,132.4,0.8,12.43,0.81,80.0,0.19,41.0,0.17,112.0,0.2,60.0,0.21,65.0,0.02,0.01,2341.854,1776190768000
1776190770.255,270.255,0.78,75.0,0.77,132.4,0.79,131.66,0.8,12.43,0.21,8.65,0.2,12.43,0.22,75.0,0.23,132.4,0.01,0.01,2341.854,1776190768000
1776190770.47,270.47,0.77,56.57,0.76,110.0,0.78,34.49,0.79,30.0,0.22,34.49,0.21,30.0,0.23,77.4,0.24,110.0,0.01,0.01,2341.443122,1776190769000
1776190770.735,270.735,0.66,0.3,0.62,135.0,0.68,5.06,0.73,26.28,0.32,5.06,0.27,4.28,0.33,45.0,0.34,105.0,0.02,0.01,2341.443122,1776190769000
1776190770.935,270.935,0.48,71.97,0.47,10.0,0.71,5.0,0.73,37.24,0.29,5.0,0.27,15.24,0.51,35.03,0.52,294.06,0.23,0.22,2341.443122,1776190769000
1776190771.244,271.244,0.44,0.21,0.43,50.0,0.45,20.0,0.46,20.0,0.44,48.21,0.39,72.0,0.56,40.0,0.57,70.0,0.01,0.12,2341.40095,1776190770000
1776190771.535,271.535,0.41,175.0,0.37,25.0,0.44,57.42,0.45,28.0,0.56,5.77,0.55,40.0,0.57,50.0,0.58,75.0,0.03,0.01,2341.40095,1776190770000
1776190771.787,271.787,0.35,4.3,0.32,20.0,0.36,50.0,0.38,8.06,0.57,14.65,0.56,31.77,0.64,35.0,0.65,10.0,0.01,0.07,2341.40095,1776190770000
1776190772.001,272.001,0.31,147.44,0.3,20.0,0.36,164.77,0.37,10.0,0.64,58.0,0.62,10.0,0.69,147.44,0.7,20.0,0.05,0.05,2341.40095,1776190770000
1776190772.226,272.226,0.31,0.43,0.29,110.0,0.35,10.0,0.36,140.0,0.65,10.0,0.64,60.0,0.69,105.43,0.7,20.0,0.04,0.04,2340.741144,1776190771000
1776190772.707,272.707,0.26,5.0,0.25,25.0,0.28,13.14,0.29,15.0,0.68,6.35,0.66,84.3,0.72,10.0,0.73,75.0,0.02,0.04,2340.741144,1776190771000
1776190772.993,272.993,0.23,40.0,0.22,105.0,0.24,4.0,0.25,15.0,0.73,6.11,0.72,18.14,0.76,85.0,0.77,40.0,0.01,0.03,2340.741144,1776190771000
1776190773.209,273.209,0.23,33.75,0.22,105.0,0.24,15.0,0.25,9.0,0.76,15.0,0.75,9.0,0.77,33.75,0.78,105.0,0.01,0.01,2339.998077,1776190772000
1776190773.565,273.565,0.29,7.81,0.28,10.0,0.3,10.0,0.32,35.0,0.75,0.92,0.74,6.3,0.77,8.75,0.78,55.0,0.01,0.02,2339.998077,1776190772000
1776190773.78,273.78,0.29,18.12,0.28,40.0,0.31,1.58,0.32,10.0,0.69,1.58,0.68,45.0,0.71,6.0,0.72,17.85,0.02,0.02,2339.998077,1776190772000
1776190774.145,274.145,0.31,10.0,0.3,15.0,0.32,3.06,0.33,0.81,0.69,10.0,0.68,10.0,0.74,68.03,0.75,10.0,0.01,0.05,2339.998077,1776190772000
1776190774.405,274.405,0.3,19.94,0.29,10.0,0.33,0.81,0.34,10.0,0.67,0.81,0.66,10.0,0.69,9.85,0.7,22.0,0.03,0.02,2339.304395,1776190773000
1776190774.719,274.719,0.31,15.0,0.3,7.94,0.33,4.39,0.34,15.0,0.66,10.0,0.65,60.0,0.68,5.0,0.69,10.0,0.02,0.02,2339.304395,1776190773000
1776190775.061,275.061,0.32,5.32,0.31,214.27,0.33,8.0,0.37,35.0,0.67,13.0,0.66,5.0,0.68,7.97,0.69,149.27,0.01,0.01,2339.304395,1776190773000
1776190775.374,275.374,0.42,4.48,0.41,15.0,0.43,20.0,0.44,80.0,0.57,10.0,0.56,125.0,0.59,5.0,0.6,25.0,0.01,0.02,2339.304395,1776190773000
1776190775.62,275.62,0.41,20.3,0.4,10.0,0.43,20.0,0.44,85.0,0.57,20.0,0.56,85.0,0.6,11.41,0.61,10.0,0.02,0.03,2339.383805,1776190774000
1776190775.855,275.855,0.41,23.2,0.4,10.0,0.44,25.0,0.45,25.0,0.57,1.0,0.56,60.0,0.58,5.0,0.59,8.3,0.03,0.01,2339.383805,1776190774000
1776190776.14,276.14,0.48,8.36,0.47,10.0,0.49,10.0,0.51,50.0,0.56,25.0,0.55,25.0,0.57,12.75,0.58,10.0,0.01,0.01,2339.546486,1776190775000
1776190776.346,276.346,0.38,150.0,0.37,80.0,0.49,10.0,0.51,50.0,0.51,10.0,0.49,50.0,0.57,8.11,0.58,10.0,0.11,0.06,2339.546486,1776190775000
1776190776.64,276.64,0.47,16.0,0.46,80.0,0.49,10.0,0.53,25.0,0.51,10.0,0.49,50.0,0.62,150.0,0.63,80.0,0.02,0.11,2339.546486,1776190775000
1776190776.857,276.857,0.6,10.0,0.59,10.0,0.61,45.03,0.65,40.0,0.39,45.13,0.35,30.0,0.46,9.25,0.47,19.43,0.01,0.07,2339.546486,1776190775000
1776190777.065,277.065,0.6,10.0,0.59,10.0,0.61,42.83,0.62,10.0,0.39,42.83,0.38,10.0,0.4,10.0,0.41,10.0,0.01,0.01,2339.663132,1776190776000
1776190777.352,277.352,0.57,5.58,0.56,10.0,0.61,42.83,0.66,80.0,0.39,42.83,0.38,10.0,0.4,10.0,0.41,10.0,0.04,0.01,2339.663132,1776190776000
1776190777.593,277.593,0.68,10.0,0.65,20.0,0.69,24.33,0.71,60.0,0.34,39.93,0.31,30.0,0.35,10.0,0.36,10.0,0.01,0.01,2339.663132,1776190776000
1776190777.909,277.909,0.67,7.0,0.66,20.0,0.72,10.0,0.73,10.0,0.25,10.0,0.24,60.0,0.33,17.0,0.34,10.0,0.05,0.08,2339.663132,1776190776000
1776190778.137,278.137,0.67,12.0,0.66,20.0,0.72,5.87,0.73,10.0,0.28,5.87,0.27,10.0,0.33,12.0,0.34,20.0,0.05,0.05,2339.914465,1776190777000
1776190778.456,278.456,0.7,10.0,0.69,15.0,0.73,10.0,0.74,10.0,0.28,5.87,0.27,10.0,0.33,12.0,0.34,20.0,0.03,0.05,2339.914465,1776190777000
1776190778.715,278.715,0.67,12.0,0.66,20.0,0.72,15.0,0.73,10.0,0.27,10.0,0.26,10.0,0.3,10.0,0.31,15.0,0.05,0.03,2339.914465,1776190777000
1776190778.947,278.947,0.69,5.0,0.68,15.0,0.71,37.83,0.72,18.0,0.29,7.83,0.28,18.0,0.32,10.0,0.33,12.0,0.02,0.03,2339.914465,1776190777000
1776190779.262,279.262,0.69,5.0,0.68,15.0,0.71,37.83,0.72,18.0,0.29,37.83,0.28,18.0,0.31,5.0,0.32,15.0,0.02,0.02,2340.270119,1776190778000
1776190779.746,279.746,0.68,10.0,0.67,22.0,0.7,13.48,0.71,37.83,0.29,37.83,0.28,18.0,0.31,5.0,0.32,15.0,0.02,0.02,2340.270119,1776190778000
1776190780.169,280.169,0.68,70.0,0.67,10.0,0.72,10.0,0.74,50.0,0.3,13.48,0.29,37.83,0.32,10.0,0.33,22.0,0.04,0.02,2340.270119,1776190778000
1776190780.475,280.475,0.68,70.0,0.67,10.0,0.72,10.0,0.74,50.0,0.28,10.0,0.26,50.0,0.32,70.0,0.33,10.0,0.04,0.04,2340.5929,1776190779000
1776190780.763,280.763,0.82,18.36,0.81,15.0,0.83,65.94,0.84,46.31,0.28,10.0,0.26,50.0,0.32,70.0,0.33,10.0,0.01,0.04,2340.5929,1776190779000
1776190781.163,281.163,0.82,7.36,0.81,22.0,0.83,59.84,0.84,46.31,0.17,66.86,0.16,46.31,0.18,2.36,0.19,22.0,0.01,0.01,2340.605503,1776190780000
1776190781.781,281.781,0.82,7.0,0.81,15.0,0.83,78.69,0.84,56.31,0.17,59.84,0.16,46.31,0.18,7.36,0.19,22.0,0.01,0.01,2340.605503,1776190780000
1776190782.06,282.06,0.82,7.0,0.81,15.0,0.83,78.69,0.84,56.31,0.17,78.69,0.16,56.31,0.18,7.0,0.19,15.0,0.01,0.01,2340.723665,1776190781000
1776190782.29,282.29,0.82,15.0,0.81,76.0,0.83,8.71,0.84,40.0,0.17,38.06,0.16,40.0,0.18,20.0,0.19,76.0,0.01,0.01,2340.723665,1776190781000
1776190782.602,282.602,0.83,20.0,0.82,10.0,0.86,2.29,0.87,10.0,0.16,1.53,0.14,2.29,0.17,25.0,0.18,10.0,0.03,0.01,2340.723665,1776190781000
1776190782.926,282.926,0.88,10.0,0.87,17.0,0.89,15.09,0.9,10.0,0.11,10.0,0.1,10.0,0.15,22.0,0.16,10.0,0.01,0.04,2340.723665,1776190781000
1776190783.153,283.153,0.88,20.0,0.87,18.0,0.89,9.82,0.9,10.0,0.11,9.82,0.1,10.0,0.12,20.0,0.13,18.0,0.01,0.01,2341.022615,1776190782000
1776190783.563,283.563,0.91,1.77,0.9,10.0,0.92,10.0,0.93,60.0,0.11,9.82,0.1,10.0,0.12,20.0,0.13,18.0,0.01,0.01,2341.022615,1776190782000
1776190783.813,283.813,0.9,18.0,0.89,15.0,0.91,9.84,0.92,10.0,0.09,9.84,0.08,15.0,0.1,10.0,0.11,15.0,0.01,0.01,2341.022615,1776190782000
1776190784.203,284.203,0.9,18.0,0.89,15.0,0.91,9.84,0.92,10.0,0.09,9.84,0.08,10.0,0.1,18.0,0.11,15.0,0.01,0.01,2341.028625,1776190783000
1776190784.507,284.507,0.9,23.0,0.89,20.0,0.93,59.52,0.94,10.0,0.09,9.84,0.08,10.0,0.1,18.0,0.11,15.0,0.03,0.01,2341.028625,1776190783000
1776190784.907,284.907,0.92,56.5,0.91,93.0,0.93,56.52,0.94,10.0,0.07,56.52,0.06,10.0,0.08,8.0,0.09,10.0,0.01,0.01,2341.028625,1776190783000
1776190785.295,285.295,0.92,76.5,0.91,168.0,0.95,107.51,0.96,41.87,0.07,0.5,0.06,10.0,0.08,61.5,0.09,93.0,0.03,0.01,2341.028625,1776190783000
1776190785.542,285.542,0.94,94.0,0.93,56.0,0.95,104.51,0.96,41.87,0.05,107.51,0.04,41.87,0.08,76.5,0.09,168.0,0.01,0.03,2341.277425,1776190784000
1776190785.784,285.784,0.94,100.37,0.93,56.0,0.95,54.51,0.96,41.87,0.05,104.51,0.04,41.87,0.06,94.0,0.07,56.0,0.01,0.01,2341.277425,1776190784000
1776190786.405,286.405,0.96,20.62,0.94,120.37,0.97,10.0,0.98,760.0,0.05,54.51,0.04,41.87,0.06,100.37,0.07,56.0,0.01,0.01,2341.277425,1776190784000
1776190786.802,286.802,0.96,62.26,0.95,39.0,0.97,43.66,0.98,760.0,0.03,10.0,0.02,760.0,0.04,20.62,0.06,120.37,0.01,0.01,2341.391369,1776190785000
1776190787.023,287.023,0.96,62.26,0.95,39.0,0.97,43.66,0.98,760.0,0.03,43.66,0.02,760.0,0.04,62.26,0.05,39.0,0.01,0.01,2341.622489,1776190786000
1776190787.602,287.602,0.96,57.26,0.95,54.0,0.97,5.2,0.98,760.0,0.03,10.2,0.02,760.0,0.04,57.26,0.05,39.0,0.01,0.01,2341.622489,1776190786000
1776190788.039,288.039,0.96,57.26,0.95,54.0,0.98,760.0,0.99,6333.3,0.02,760.0,0.01,6333.3,0.04,57.26,0.05,54.0,0.02,0.02,2341.75221,1776190787000
1776190789.127,289.127,0.96,58.37,0.95,64.0,0.97,10.0,0.98,760.0,0.03,10.0,0.02,760.0,0.04,58.37,0.05,64.0,0.01,0.01,2341.771927,1776190788000
1776190790.257,290.257,0.96,58.37,0.95,64.0,0.97,10.0,0.98,760.0,0.03,10.0,0.02,760.0,0.04,58.37,0.05,64.0,0.01,0.01,2341.771013,1776190789000
1776190790.558,290.558,0.97,69.0,0.96,95.62,0.98,5.0,0.99,1333.3,0.02,10.0,0.01,1333.3,0.04,165.62,0.05,64.0,0.01,0.02,2341.771013,1776190789000
1776190791.315,291.315,0.97,69.0,0.96,95.62,0.98,4.0,0.99,1308.3,0.02,4.0,0.01,1308.3,0.03,69.0,0.04,95.62,0.01,0.01,2341.790158,1776190790000
1776190792.303,292.303,0.97,110.0,0.96,109.62,0.99,1402.66,,,0.01,1402.66,,,0.03,88.66,0.04,126.62,0.02,0.02,2341.790158,1776190790000
1776190792.568,292.568,0.97,125.0,0.96,109.62,0.98,37.47,0.99,1402.66,0.02,49.47,0.01,1402.66,0.03,120.0,0.04,109.62,0.01,0.01,2341.794724,1776190791000
1776190792.937,292.937,0.97,125.0,0.96,109.62,0.98,25.47,0.99,1402.66,0.02,25.47,0.01,1402.66,0.03,125.0,0.04,109.62,0.01,0.01,2341.790161,1776190792000
1776190793.437,293.437,0.97,239.0,0.96,114.62,0.99,1392.66,,,0.01,1407.66,,,0.03,212.0,0.04,104.62,0.02,0.02,2341.790161,1776190792000
1776190793.802,293.802,0.97,239.0,0.96,114.62,0.99,1363.6,,,0.01,1368.66,,,0.03,239.0,0.04,114.62,0.02,0.02,2341.790161,1776190792000
1776190794.151,294.151,0.97,74.0,0.96,104.62,0.99,1358.24,,,0.01,1363.6,,,0.03,110.17,0.04,114.62,0.02,0.02,2341.772883,1776190793000
1776190794.463,294.463,0.97,49.0,0.96,104.62,0.99,958.24,,,0.01,958.24,,,0.03,39.0,0.04,104.62,0.02,0.02,2341.772883,1776190793000
1776190794.887,294.887,0.98,110.44,0.97,69.0,0.99,946.24,,,0.01,951.24,,,0.02,110.44,0.03,49.0,0.01,0.01,2341.772883,1776190793000
1776190795.211,295.211,0.98,90.44,0.96,25.62,0.99,1421.24,,,0.01,921.24,,,0.02,110.44,0.03,44.0,0.01,0.01,2341.72515,1776190794000
1776190795.625,295.625,0.94,20.0,0.93,10.0,0.95,1.87,0.96,60.0,0.04,99.38,0.03,240.19,0.06,5.0,0.07,10.0,0.01,0.02,2341.72515,1776190794000
1776190795.87,295.87,0.95,10.0,0.94,20.0,0.96,50.0,0.97,10.0,0.05,1.87,0.04,60.0,0.06,20.0,0.07,10.0,0.01,0.01,2341.72515,1776190794000
1776190796.115,296.115,0.96,10.0,0.95,15.0,0.98,105.96,0.99,596.1,0.04,50.0,0.03,10.0,0.05,10.0,0.06,20.0,0.02,0.01,2341.62322,1776190795000
1776190796.672,296.672,0.97,10.0,0.96,10.0,0.98,100.96,0.99,596.1,0.02,105.96,0.01,596.1,0.04,10.0,0.05,15.0,0.01,0.02,2341.62322,1776190795000
1776190796.919,296.919,0.97,10.0,0.96,20.0,0.99,581.1,,,0.02,100.96,0.01,596.1,0.03,10.0,0.04,10.0,0.02,0.01,2341.62322,1776190795000
1776190797.158,297.158,0.97,15.0,0.96,20.0,0.99,536.1,,,0.01,556.1,,,0.03,10.0,0.04,20.0,0.02,0.02,2341.178,1776190796000
1776190797.389,297.389,0.97,10.0,0.96,20.0,0.99,497.62,,,0.01,526.98,,,0.03,10.0,0.04,20.0,0.02,0.02,2341.178,1776190796000
1776190797.797,297.797,0.99,194.72,0.98,10.0,,,,,,,,,0.03,10.0,0.04,20.0,,,2341.178,1776190796000
1776190798.087,298.087,0.99,194.72,0.98,10.0,,,,,,,,,0.01,194.72,0.02,10.0,,,2341.104817,1776190797000
1776190798.76,298.76,0.99,1724.02,0.98,10.0,,,,,,,,,0.01,194.72,0.02,10.0,,,2341.104817,1776190797000
1776190799.15,299.15,0.99,1724.02,0.98,10.0,,,,,,,,,0.01,1724.02,0.02,10.0,,,2341.141985,1776190798000
1776190800.366,300.366,0.99,44170.75,0.98,10.0,,,,,,,,,0.01,9671.64,0.02,20.0,,,2341.141985,1776190798000
1776190801.073,301.073,0.99,44170.75,0.98,10.0,,,,,,,,,0.01,44170.75,0.02,10.0,,,2341.150334,1776190800000
1776190802.318,302.318,0.99,44170.75,0.98,10.0,,,,,,,,,0.01,44170.75,0.02,10.0,,,2341.205336,1776190801000

# RESULT,winner=Up,slug=eth-updown-5m-1776190500,ticks=562
