timestamp,elapsed_sec,up_bid_p1,up_bid_s1,up_bid_p2,up_bid_s2,up_ask_p1,up_ask_s1,up_ask_p2,up_ask_s2,down_bid_p1,down_bid_s1,down_bid_p2,down_bid_s2,down_ask_p1,down_ask_s1,down_ask_p2,down_ask_s2,up_spread,down_spread,eth_price,eth_oracle_ts
1776266100.639,0.639,0.46,4.07,0.45,19.11,0.51,1.31,0.54,150.0,0.53,3.19,0.5,2.67,0.54,4.07,0.55,19.11,0.05,0.01,2349.106103,1776266099000
1776266101.871,1.871,0.52,10.19,0.5,35.0,0.54,150.0,0.61,100.0,0.49,1.31,0.46,150.0,0.54,4.07,0.55,19.11,0.02,0.05,2348.13947,1776266100000
1776266102.14,2.14,0.5,27.67,0.49,5.0,0.54,150.0,0.59,5.0,0.46,150.0,0.39,100.0,0.48,8.1,0.5,35.0,0.04,0.02,2347.966989,1776266101000
1776266102.511,2.511,0.5,25.51,0.49,5.0,0.52,5.0,0.54,158.0,0.46,150.0,0.41,5.0,0.5,27.67,0.51,5.0,0.02,0.04,2347.966989,1776266101000
1776266102.744,2.744,0.5,25.51,0.48,5.0,0.54,157.0,0.59,5.0,0.48,5.0,0.46,158.0,0.5,25.51,0.51,5.0,0.04,0.02,2347.966989,1776266101000
1776266102.974,2.974,0.51,5.0,0.5,25.51,0.54,150.78,0.59,5.0,0.46,157.0,0.41,5.0,0.5,25.51,0.52,5.0,0.03,0.04,2347.966989,1776266101000
1776266103.415,3.415,0.51,38.13,0.5,25.51,0.54,152.79,0.55,10.0,0.46,150.78,0.41,5.0,0.49,5.0,0.5,25.51,0.03,0.03,2348.823858,1776266102000
1776266103.979,3.979,0.53,4.46,0.52,20.0,0.54,153.79,0.55,30.0,0.46,152.79,0.45,10.0,0.49,38.13,0.5,25.51,0.01,0.03,2348.823858,1776266102000
1776266104.259,4.259,0.53,109.46,0.52,20.0,0.54,138.79,0.55,51.0,0.46,153.79,0.45,30.0,0.47,4.46,0.48,20.0,0.01,0.01,2348.64305,1776266103000
1776266104.518,4.518,0.52,13.87,0.51,43.13,0.54,58.79,0.55,56.0,0.46,43.79,0.45,46.0,0.47,19.6,0.48,20.0,0.02,0.01,2348.64305,1776266103000
1776266104.852,4.852,0.51,12.6,0.5,64.51,0.52,10.0,0.53,22.0,0.47,10.0,0.46,42.79,0.49,31.07,0.5,54.51,0.01,0.02,2348.64305,1776266103000
1776266105.278,5.278,0.51,17.6,0.5,60.51,0.52,51.0,0.53,88.0,0.48,10.0,0.47,22.0,0.49,12.6,0.5,64.51,0.01,0.01,2348.64305,1776266103000
1776266105.689,5.689,0.51,17.6,0.5,160.51,0.52,95.0,0.53,346.0,0.48,51.0,0.47,88.0,0.49,17.6,0.5,60.51,0.01,0.01,2348.312231,1776266104000
1776266105.954,5.954,0.51,27.49,0.5,60.51,0.52,10.23,0.53,25.0,0.48,16.0,0.47,15.0,0.49,17.49,0.5,170.51,0.01,0.01,2348.470563,1776266105000
1776266106.795,6.795,0.51,42.49,0.5,75.51,0.52,2.0,0.53,15.0,0.48,9.23,0.47,25.0,0.49,12.49,0.5,55.51,0.01,0.01,2348.470563,1776266105000
1776266107.261,7.261,0.51,9.89,0.5,90.51,0.52,28.0,0.53,25.0,0.48,2.0,0.47,15.0,0.49,42.49,0.5,75.51,0.01,0.01,2348.470563,1776266105000
1776266107.585,7.585,0.5,85.51,0.49,130.0,0.52,33.0,0.53,30.0,0.48,28.0,0.47,25.0,0.49,9.89,0.5,90.51,0.02,0.01,2348.600315,1776266106000
1776266108.173,8.173,0.52,98.0,0.51,165.0,0.53,10.0,0.54,42.79,0.48,33.0,0.47,30.0,0.5,85.51,0.51,130.0,0.01,0.02,2348.600315,1776266106000
1776266108.474,8.474,0.53,5.0,0.52,118.0,0.54,47.79,0.55,50.0,0.47,10.0,0.46,42.79,0.48,98.0,0.49,165.0,0.01,0.01,2348.600315,1776266106000
1776266109.125,9.125,0.53,15.96,0.52,113.0,0.54,3.87,0.55,114.51,0.46,23.87,0.45,50.0,0.47,15.0,0.48,108.0,0.01,0.01,2348.602125,1776266108000
1776266110.258,10.258,0.53,53.5,0.52,213.0,0.54,165.37,0.55,185.51,0.46,8.87,0.45,89.51,0.47,15.96,0.48,113.0,0.01,0.01,2348.879628,1776266109000
1776266111.156,11.156,0.53,58.5,0.52,221.0,0.54,24.87,0.55,91.01,0.46,165.37,0.45,185.51,0.47,53.5,0.48,213.0,0.01,0.01,2348.879628,1776266109000
1776266111.819,11.819,0.51,3.0,0.5,25.51,0.52,180.95,0.53,160.5,0.46,24.87,0.45,91.01,0.47,58.5,0.48,221.0,0.01,0.01,2349.088546,1776266110000
1776266112.019,12.019,0.48,110.0,0.47,185.0,0.5,116.35,0.51,20.0,0.5,53.35,0.49,20.0,0.51,35.0,0.52,120.0,0.02,0.01,2349.088546,1776266110000
1776266112.467,12.467,0.48,10.0,0.47,95.5,0.49,25.5,0.5,220.85,0.51,5.0,0.5,121.35,0.52,20.0,0.53,95.5,0.01,0.01,2349.009085,1776266111000
1776266112.814,12.814,0.46,62.07,0.45,121.11,0.49,39.98,0.5,230.85,0.51,19.98,0.5,220.85,0.52,5.0,0.53,95.5,0.03,0.01,2349.009085,1776266111000
1776266113.549,13.549,0.46,87.57,0.45,111.11,0.47,9.36,0.48,10.0,0.51,39.98,0.5,230.85,0.54,62.07,0.55,121.11,0.01,0.03,2348.645378,1776266112000
1776266113.991,13.991,0.46,52.07,0.45,86.11,0.47,19.36,0.48,110.0,0.53,9.36,0.52,10.0,0.54,87.57,0.55,111.11,0.01,0.01,2348.417785,1776266113000
1776266114.224,14.224,0.45,86.11,0.44,25.0,0.47,149.36,0.48,120.0,0.53,119.36,0.52,110.0,0.54,7.07,0.55,86.11,0.02,0.01,2348.417785,1776266113000
1776266114.52,14.52,0.45,8.0,0.44,25.0,0.46,139.56,0.47,149.36,0.54,10.0,0.53,149.36,0.55,8.0,0.56,25.0,0.01,0.01,2348.417785,1776266113000
1776266114.869,14.869,0.41,75.0,0.4,25.0,0.42,0.31,0.43,15.0,0.54,139.56,0.53,149.36,0.58,25.0,0.59,75.0,0.01,0.04,2348.417785,1776266113000
1776266115.566,15.566,0.41,50.0,0.39,75.0,0.43,15.0,0.44,10.0,0.58,5.31,0.57,15.0,0.59,67.88,0.6,25.0,0.02,0.01,2348.071446,1776266114000
1776266116.01,16.01,0.38,23.0,0.37,38.0,0.39,15.0,0.4,15.0,0.59,28.0,0.58,5.0,0.62,37.0,0.63,25.0,0.01,0.03,2347.49235,1776266115000
1776266116.404,16.404,0.37,2.0,0.36,63.89,0.38,25.0,0.39,15.0,0.61,15.0,0.6,15.0,0.62,22.96,0.63,30.0,0.01,0.01,2347.49235,1776266115000
1776266116.811,16.811,0.36,94.89,0.35,36.0,0.37,20.0,0.38,20.0,0.62,20.0,0.61,15.0,0.64,63.89,0.65,25.0,0.01,0.02,2347.49235,1776266115000
1776266117.023,17.023,0.36,37.39,0.35,47.0,0.37,10.96,0.38,20.0,0.63,15.0,0.62,20.0,0.64,4.89,0.65,36.0,0.01,0.01,2347.49235,1776266115000
1776266117.706,17.706,0.34,36.0,0.33,25.0,0.36,15.0,0.37,10.96,0.63,10.96,0.62,20.0,0.64,9.89,0.65,25.0,0.02,0.01,2346.812955,1776266116000
1776266117.916,17.916,0.34,5.84,0.3,16.0,0.35,20.0,0.36,28.07,0.64,15.0,0.63,10.96,0.66,36.0,0.67,25.0,0.01,0.02,2346.812955,1776266116000
1776266118.277,18.277,0.31,10.0,0.3,91.0,0.33,7.87,0.34,10.0,0.69,10.0,0.68,10.0,0.7,81.0,0.71,142.0,0.02,0.01,2346.626767,1776266117000
1776266118.548,18.548,0.32,77.31,0.31,91.0,0.33,15.0,0.34,10.0,0.67,10.0,0.66,10.0,0.68,59.52,0.69,93.4,0.01,0.01,2346.626767,1776266117000
1776266119.188,19.188,0.34,8.33,0.33,58.0,0.36,18.07,0.37,17.0,0.65,1.92,0.64,28.57,0.68,37.31,0.69,61.0,0.02,0.03,2346.626767,1776266117000
1776266119.791,19.791,0.34,44.4,0.33,149.5,0.35,25.0,0.36,18.07,0.64,18.07,0.63,17.0,0.66,8.33,0.67,58.0,0.01,0.02,2346.362456,1776266118000
1776266120.0,20.0,0.34,76.5,0.33,86.5,0.36,11.07,0.37,27.5,0.65,4.0,0.64,18.07,0.66,79.4,0.67,124.5,0.02,0.01,2346.362456,1776266118000
1776266120.299,20.299,0.34,61.0,0.33,81.5,0.35,4.0,0.36,15.57,0.64,0.07,0.63,37.5,0.65,11.0,0.66,76.5,0.01,0.01,2346.362456,1776266118000
1776266120.628,20.628,0.39,7.82,0.36,113.5,0.4,50.0,0.41,78.0,0.63,10.0,0.62,35.0,0.64,98.43,0.65,125.0,0.01,0.01,2346.362456,1776266118000
1776266120.906,20.906,0.4,20.66,0.39,9.18,0.41,71.28,0.42,71.03,0.59,101.38,0.58,71.03,0.6,9.66,0.61,14.18,0.01,0.01,2346.21946,1776266119000
1776266121.154,21.154,0.4,27.82,0.39,19.68,0.41,66.28,0.42,81.53,0.59,71.28,0.58,71.03,0.6,20.66,0.61,9.18,0.01,0.01,2346.21946,1776266119000
1776266122.025,22.025,0.4,88.66,0.39,85.68,0.41,64.28,0.42,112.53,0.59,66.28,0.58,81.53,0.6,27.82,0.61,19.68,0.01,0.01,2346.292548,1776266120000
1776266122.608,22.608,0.39,55.0,0.38,94.5,0.41,105.23,0.42,162.53,0.59,64.28,0.58,102.53,0.6,44.66,0.61,85.68,0.02,0.01,2346.41917,1776266121000
1776266122.931,22.931,0.39,8.48,0.38,60.0,0.4,125.5,0.41,145.23,0.6,10.0,0.59,105.23,0.61,53.48,0.62,74.0,0.01,0.01,2346.866984,1776266122000
1776266123.763,23.763,0.36,62.08,0.35,145.0,0.37,30.5,0.38,65.5,0.6,125.5,0.59,145.23,0.62,60.0,0.63,79.0,0.01,0.02,2346.866984,1776266122000
1776266124.504,24.504,0.35,90.0,0.34,74.81,0.37,103.57,0.38,85.5,0.63,30.5,0.62,65.5,0.64,62.08,0.65,145.0,0.02,0.01,2347.101442,1776266123000
1776266125.705,25.705,0.34,89.81,0.33,105.5,0.35,19.62,0.36,55.5,0.63,103.57,0.62,85.5,0.65,90.0,0.66,74.81,0.01,0.02,2346.885438,1776266124000
1776266126.611,26.611,0.34,26.37,0.33,95.0,0.35,105.12,0.36,126.5,0.65,19.62,0.64,55.5,0.66,89.81,0.67,105.5,0.01,0.01,2346.6798,1776266125000
1776266127.692,27.692,0.33,25.0,0.32,85.0,0.34,143.46,0.35,85.5,0.65,105.12,0.64,126.5,0.66,26.37,0.67,95.0,0.01,0.01,2346.434776,1776266126000
1776266129.706,29.706,0.33,9.92,0.32,75.0,0.34,137.77,0.35,93.5,0.66,106.11,0.65,85.5,0.67,75.0,0.68,85.0,0.01,0.01,2346.255317,1776266128000
1776266130.084,30.084,0.32,2.09,0.31,76.0,0.33,116.0,0.34,147.77,0.66,132.77,0.65,85.5,0.68,75.0,0.69,70.0,0.01,0.02,2346.204413,1776266129000
1776266130.337,30.337,0.32,12.07,0.31,66.0,0.33,103.57,0.34,127.77,0.67,116.0,0.66,147.77,0.68,2.09,0.69,76.0,0.01,0.01,2346.204413,1776266129000
1776266130.61,30.61,0.31,82.0,0.3,132.5,0.32,20.0,0.33,118.57,0.67,103.57,0.66,127.77,0.68,12.07,0.69,66.0,0.01,0.01,2346.204413,1776266129000
1776266131.104,31.104,0.31,95.4,0.3,152.5,0.32,75.0,0.33,118.57,0.68,20.0,0.67,118.57,0.69,82.0,0.7,132.5,0.01,0.01,2346.195017,1776266130000
1776266131.786,31.786,0.3,132.0,0.29,152.0,0.32,125.5,0.33,108.57,0.68,75.0,0.67,118.57,0.69,95.4,0.7,152.5,0.02,0.01,2346.195017,1776266130000
1776266134.034,34.034,0.3,27.92,0.29,127.0,0.31,115.95,0.32,155.83,0.69,30.5,0.68,115.5,0.7,95.35,0.71,167.0,0.01,0.01,2345.88255,1776266132000
1776266134.419,34.419,0.3,24.92,0.29,127.0,0.31,125.95,0.32,155.83,0.69,115.95,0.68,155.83,0.7,27.92,0.71,127.0,0.01,0.01,2345.724785,1776266133000
1776266135.177,35.177,0.3,19.2,0.29,127.0,0.31,120.95,0.32,155.83,0.69,125.95,0.68,155.83,0.7,24.92,0.71,127.0,0.01,0.01,2345.724785,1776266133000
1776266135.392,35.392,0.29,177.0,0.28,120.5,0.31,105.95,0.32,155.83,0.69,120.95,0.68,155.83,0.7,12.05,0.71,127.0,0.02,0.01,2345.724785,1776266133000
1776266136.219,36.219,0.29,139.95,0.28,76.0,0.3,179.76,0.31,108.95,0.69,105.95,0.68,155.83,0.71,177.0,0.72,120.5,0.01,0.02,2345.677975,1776266134000
1776266136.657,36.657,0.29,73.95,0.28,126.0,0.3,142.17,0.31,119.95,0.7,126.17,0.69,108.95,0.71,34.95,0.72,126.0,0.01,0.01,2345.618555,1776266135000
1776266136.889,36.889,0.29,44.0,0.28,126.0,0.3,137.17,0.31,119.95,0.7,137.17,0.69,119.95,0.71,53.95,0.72,126.0,0.01,0.01,2345.618555,1776266135000
1776266137.099,37.099,0.29,28.0,0.28,126.0,0.3,142.17,0.31,119.95,0.7,137.17,0.69,119.95,0.71,44.0,0.72,126.0,0.01,0.01,2345.618555,1776266135000
1776266137.39,37.39,0.29,17.0,0.28,126.0,0.3,187.17,0.31,119.95,0.7,142.17,0.69,119.95,0.71,28.0,0.72,126.0,0.01,0.01,2345.618555,1776266135000
1776266137.847,37.847,0.29,191.5,0.28,171.5,0.3,56.34,0.31,25.45,0.7,192.17,0.69,119.95,0.71,7.0,0.72,126.0,0.01,0.01,2345.622579,1776266136000
1776266138.111,38.111,0.29,204.5,0.28,181.5,0.3,50.34,0.31,25.45,0.7,50.34,0.69,25.45,0.71,186.5,0.72,171.5,0.01,0.01,2345.622579,1776266136000
1776266138.466,38.466,0.29,334.5,0.28,181.5,0.3,47.0,0.31,15.45,0.7,50.34,0.69,25.45,0.71,197.5,0.72,181.5,0.01,0.01,2345.497822,1776266137000
1776266138.733,38.733,0.29,107.0,0.28,161.0,0.3,93.58,0.31,111.95,0.7,59.16,0.69,96.95,0.71,68.29,0.72,131.5,0.01,0.01,2345.497822,1776266137000
1776266140.201,40.201,0.29,55.21,0.28,96.0,0.3,224.95,0.31,111.95,0.7,203.95,0.69,111.95,0.71,49.63,0.72,161.0,0.01,0.01,2345.45356,1776266138000
1776266140.776,40.776,0.28,148.0,0.27,168.0,0.29,80.5,0.3,199.95,0.7,224.95,0.69,111.95,0.72,96.0,0.73,163.0,0.01,0.02,2345.64981,1776266139000
1776266141.393,41.393,0.28,287.5,0.27,192.5,0.29,96.19,0.3,78.08,0.71,80.5,0.7,199.95,0.72,148.0,0.73,168.0,0.01,0.01,2345.64981,1776266139000
1776266141.65,41.65,0.28,292.2,0.27,192.5,0.29,20.32,0.3,28.08,0.71,20.32,0.7,28.08,0.72,293.95,0.73,192.5,0.01,0.01,2345.486853,1776266140000
1776266142.295,42.295,0.28,292.02,0.27,232.5,0.29,135.48,0.3,18.08,0.71,14.63,0.7,28.08,0.72,286.5,0.73,192.5,0.01,0.01,2345.355863,1776266141000
1776266143.177,43.177,0.28,287.02,0.27,237.5,0.29,143.56,0.3,18.08,0.71,135.48,0.7,18.08,0.72,292.02,0.73,232.5,0.01,0.01,2345.355863,1776266141000
1776266143.433,43.433,0.28,418.02,0.27,305.5,0.29,137.56,0.3,18.08,0.71,143.56,0.7,18.08,0.72,287.02,0.73,237.5,0.01,0.01,2345.355863,1776266141000
1776266143.849,43.849,0.28,415.68,0.27,340.5,0.29,109.7,0.3,18.08,0.71,28.56,0.7,18.08,0.72,418.02,0.73,330.5,0.01,0.01,2345.410012,1776266142000
1776266144.09,44.09,0.28,303.68,0.27,407.5,0.29,111.25,0.3,18.08,0.71,109.7,0.7,18.08,0.72,415.68,0.73,340.5,0.01,0.01,2345.410012,1776266142000
1776266144.508,44.508,0.28,157.5,0.27,312.5,0.29,117.45,0.3,28.08,0.71,112.45,0.7,18.08,0.72,271.73,0.73,402.5,0.01,0.01,2345.589804,1776266143000
1776266144.96,44.96,0.28,98.05,0.27,312.5,0.29,149.38,0.3,33.08,0.71,117.45,0.7,28.08,0.72,157.5,0.73,312.5,0.01,0.01,2345.589804,1776266143000
1776266145.247,45.247,0.28,89.85,0.27,312.5,0.29,144.38,0.3,83.58,0.71,149.38,0.7,93.58,0.72,104.35,0.73,312.5,0.01,0.01,2345.589804,1776266143000
1776266145.562,45.562,0.28,70.44,0.27,312.5,0.29,131.06,0.3,23.08,0.71,136.06,0.7,33.58,0.72,96.85,0.73,312.5,0.01,0.01,2345.778204,1776266144000
1776266146.108,46.108,0.28,53.94,0.27,222.5,0.29,126.06,0.3,115.58,0.71,131.06,0.7,23.08,0.72,70.44,0.73,312.5,0.01,0.01,2345.778204,1776266144000
1776266146.932,46.932,0.27,203.5,0.26,330.0,0.29,92.75,0.3,113.58,0.71,121.06,0.7,115.58,0.72,3.94,0.73,222.5,0.02,0.01,2345.894481,1776266145000
1776266147.35,47.35,0.27,186.8,0.26,330.0,0.28,55.0,0.29,103.25,0.71,92.75,0.7,113.58,0.73,203.5,0.74,330.0,0.01,0.02,2345.824695,1776266146000
1776266148.144,48.144,0.27,31.3,0.26,150.0,0.28,136.14,0.29,114.25,0.72,55.0,0.71,103.25,0.73,186.8,0.74,330.0,0.01,0.01,2345.824695,1776266146000
1776266148.363,48.363,0.27,12.87,0.26,300.0,0.28,203.07,0.29,97.32,0.72,198.07,0.71,97.32,0.73,18.56,0.74,300.0,0.01,0.01,2345.628,1776266147000
1776266148.639,48.639,0.26,300.0,0.25,260.5,0.28,198.07,0.29,97.32,0.72,198.07,0.71,97.32,0.73,6.95,0.74,300.0,0.02,0.01,2345.628,1776266147000
1776266149.502,49.502,0.27,256.5,0.26,346.5,0.28,14.75,0.29,0.82,0.72,198.07,0.71,97.32,0.74,300.0,0.75,260.5,0.01,0.02,2345.628,1776266147000
1776266150.263,50.263,0.27,215.5,0.26,330.5,0.29,0.27,0.3,28.08,0.72,4.57,0.71,0.82,0.73,245.13,0.74,346.5,0.02,0.01,2345.54917,1776266148000
1776266150.706,50.706,0.28,193.02,0.27,105.5,0.29,0.27,0.3,28.08,0.71,0.27,0.7,28.08,0.73,215.5,0.74,330.5,0.01,0.02,2345.38885,1776266149000
1776266151.05,51.05,0.28,55.0,0.27,60.0,0.29,55.77,0.3,98.58,0.71,0.27,0.7,28.08,0.72,192.85,0.73,105.5,0.01,0.01,2345.38885,1776266149000
1776266151.307,51.307,0.28,40.83,0.27,60.0,0.29,145.77,0.3,114.58,0.71,140.77,0.7,103.58,0.72,45.0,0.73,60.0,0.01,0.01,2345.38885,1776266149000
1776266151.768,51.768,0.28,54.3,0.27,70.5,0.29,55.77,0.3,103.58,0.71,145.77,0.7,114.58,0.72,40.83,0.73,60.0,0.01,0.01,2345.658702,1776266150000
1776266151.987,51.987,0.28,7.25,0.27,80.5,0.29,213.69,0.3,103.58,0.71,213.69,0.7,103.58,0.72,36.66,0.73,70.5,0.01,0.01,2345.658702,1776266150000
1776266152.51,52.51,0.28,79.11,0.27,85.5,0.29,112.39,0.3,28.08,0.71,218.69,0.7,103.58,0.72,1.25,0.73,90.5,0.01,0.01,2345.658702,1776266150000
1776266152.718,52.718,0.28,140.95,0.27,115.5,0.29,92.39,0.3,23.08,0.71,107.39,0.7,23.08,0.72,126.95,0.73,115.5,0.01,0.01,2345.658702,1776266150000
1776266152.931,52.931,0.28,235.95,0.27,115.5,0.29,91.39,0.3,23.08,0.71,92.39,0.7,23.08,0.72,140.95,0.73,115.5,0.01,0.01,2345.658702,1776266150000
1776266153.391,53.391,0.29,65.5,0.28,393.95,0.33,38.07,0.34,85.0,0.71,32.39,0.7,23.08,0.72,252.95,0.73,140.5,0.04,0.01,2345.79885,1776266151000
1776266153.622,53.622,0.32,67.76,0.31,160.0,0.33,28.07,0.34,85.0,0.67,38.07,0.66,85.0,0.71,65.5,0.72,393.95,0.01,0.04,2345.79885,1776266151000
1776266154.12,54.12,0.34,120.5,0.33,34.5,0.36,30.0,0.37,108.07,0.66,85.0,0.65,10.0,0.68,87.14,0.69,115.0,0.02,0.02,2345.594596,1776266152000
1776266154.457,54.457,0.35,20.55,0.34,135.5,0.36,5.0,0.37,113.07,0.64,25.0,0.63,113.07,0.65,8.09,0.66,120.5,0.01,0.01,2345.594596,1776266152000
1776266154.728,54.728,0.35,12.43,0.33,45.0,0.36,20.5,0.37,83.57,0.64,5.0,0.63,113.07,0.65,24.62,0.66,135.5,0.01,0.01,2345.596541,1776266153000
1776266155.476,55.476,0.33,198.59,0.32,142.5,0.34,10.12,0.35,55.0,0.65,21.58,0.64,35.5,0.67,45.0,0.68,76.5,0.01,0.02,2346.116564,1776266154000
1776266155.731,55.731,0.34,8.48,0.33,262.59,0.35,27.69,0.36,20.0,0.66,1.67,0.65,27.69,0.67,267.59,0.68,112.5,0.01,0.01,2346.116564,1776266154000
1776266155.979,55.979,0.4,19.0,0.39,19.0,0.41,56.18,0.42,70.0,0.59,56.28,0.58,70.0,0.61,10.0,0.62,10.0,0.01,0.02,2346.116564,1776266154000
1776266156.356,56.356,0.4,99.33,0.39,99.0,0.41,56.18,0.42,81.0,0.59,56.18,0.58,70.0,0.6,19.0,0.61,19.0,0.01,0.01,2346.60417,1776266155000
1776266156.56,56.56,0.41,13.31,0.4,90.83,0.42,81.0,0.43,200.0,0.58,81.0,0.57,200.0,0.6,90.33,0.61,99.0,0.01,0.02,2346.60417,1776266155000
1776266157.311,57.311,0.41,153.94,0.4,80.5,0.42,75.0,0.43,205.0,0.58,80.0,0.57,200.0,0.59,103.14,0.6,70.5,0.01,0.01,2346.60417,1776266155000
1776266157.953,57.953,0.41,181.94,0.4,105.5,0.42,100.61,0.43,200.0,0.58,29.61,0.57,205.0,0.59,247.64,0.6,88.5,0.01,0.01,2346.60417,1776266155000
1776266158.716,58.716,0.41,7.0,0.4,210.5,0.42,165.61,0.43,297.5,0.58,100.61,0.57,200.0,0.59,181.94,0.6,105.5,0.01,0.01,2346.60417,1776266155000
1776266159.286,59.286,0.38,90.16,0.37,106.5,0.4,65.5,0.41,143.5,0.58,165.61,0.57,297.5,0.59,7.0,0.6,210.5,0.02,0.01,2346.60417,1776266155000
1776266159.545,59.545,0.38,112.73,0.37,95.5,0.39,10.0,0.4,91.0,0.61,40.57,0.6,85.5,0.62,95.16,0.63,106.5,0.01,0.01,2346.60417,1776266155000
1776266160.08,60.08,0.39,141.46,0.38,132.73,0.4,10.0,0.41,75.5,0.6,23.55,0.59,98.0,0.61,19.12,0.62,178.73,0.01,0.01,2346.60417,1776266155000
1776266160.382,60.382,0.39,216.13,0.38,140.73,0.4,15.0,0.41,10.0,0.6,10.0,0.59,75.5,0.61,141.46,0.62,132.73,0.01,0.01,2346.60417,1776266155000
1776266160.847,60.847,0.39,141.86,0.38,96.73,0.4,10.0,0.41,80.5,0.6,15.0,0.59,10.0,0.61,216.13,0.62,140.73,0.01,0.01,2346.60417,1776266155000
1776266161.423,61.423,0.39,20.07,0.38,20.0,0.4,174.58,0.41,251.49,0.6,10.0,0.59,80.5,0.61,141.86,0.62,96.73,0.01,0.01,2346.60417,1776266155000
1776266162.433,62.433,0.39,10.0,0.38,10.0,0.4,14.49,0.41,30.0,0.6,174.58,0.59,251.49,0.63,35.0,0.64,115.0,0.01,0.03,2346.60417,1776266155000
1776266162.927,62.927,0.39,316.5,0.38,75.5,0.42,7.31,0.43,200.0,0.6,14.49,0.59,30.0,0.61,10.0,0.62,10.0,0.03,0.01,2346.60417,1776266155000
1776266163.56,63.56,0.45,237.5,0.44,61.5,0.46,0.36,0.47,60.0,0.55,9.97,0.54,73.56,0.56,30.5,0.57,45.12,0.01,0.01,2346.60417,1776266155000
1776266164.081,64.081,0.45,246.73,0.44,89.5,0.46,0.36,0.48,19.41,0.54,0.36,0.53,60.0,0.55,237.5,0.56,61.5,0.01,0.01,2346.60417,1776266155000
1776266164.365,64.365,0.47,43.0,0.46,27.5,0.49,6.99,0.5,178.85,0.52,16.49,0.51,5.0,0.53,42.0,0.54,17.0,0.02,0.01,2346.60417,1776266155000
1776266164.739,64.739,0.49,30.0,0.48,60.0,0.5,206.84,0.51,224.0,0.51,6.99,0.5,178.85,0.53,43.0,0.54,27.5,0.01,0.02,2346.60417,1776266155000
1776266165.008,65.008,0.49,26.0,0.48,60.0,0.5,267.84,0.51,278.0,0.5,267.84,0.49,278.0,0.51,38.28,0.52,60.0,0.01,0.01,2346.60417,1776266155000
1776266165.709,65.709,0.45,13.0,0.44,5.0,0.47,317.49,0.48,190.5,0.51,28.0,0.5,282.84,0.52,87.71,0.53,70.0,0.02,0.01,2347.130615,1776266163000
1776266166.144,66.144,0.43,84.25,0.42,55.0,0.45,49.11,0.46,107.5,0.55,17.52,0.54,20.5,0.57,94.25,0.58,65.0,0.02,0.02,2347.130615,1776266163000
1776266166.541,66.541,0.43,25.65,0.42,5.0,0.44,107.92,0.45,168.11,0.55,49.11,0.54,107.5,0.57,84.25,0.58,55.0,0.01,0.02,2348.301411,1776266165000
1776266166.763,66.763,0.4,12.5,0.39,148.59,0.44,132.5,0.45,166.11,0.56,107.92,0.55,168.11,0.57,25.65,0.58,5.0,0.04,0.01,2348.301411,1776266165000
1776266167.047,67.047,0.4,6.43,0.39,98.59,0.41,5.29,0.42,75.5,0.59,15.0,0.58,10.0,0.6,1.43,0.61,98.59,0.01,0.01,2348.301411,1776266165000
1776266167.512,67.512,0.39,163.59,0.38,110.0,0.41,30.5,0.42,32.92,0.58,75.5,0.57,88.92,0.61,108.59,0.62,120.5,0.02,0.03,2347.963419,1776266166000
1776266169.638,69.638,0.39,95.66,0.38,115.0,0.4,15.0,0.41,60.5,0.59,23.18,0.58,32.92,0.61,168.59,0.62,110.0,0.01,0.02,2347.309533,1776266168000
1776266170.732,70.732,0.39,195.16,0.38,135.5,0.4,3.08,0.41,50.0,0.6,15.0,0.59,60.5,0.61,95.66,0.62,115.0,0.01,0.01,2347.309533,1776266168000
1776266171.066,71.066,0.39,18.07,0.38,110.0,0.4,134.63,0.41,92.92,0.6,3.08,0.59,50.0,0.61,195.16,0.62,135.5,0.01,0.01,2347.309533,1776266168000
1776266173.91,73.91,0.39,23.07,0.38,110.0,0.4,137.5,0.41,91.92,0.6,108.98,0.59,86.5,0.61,78.07,0.62,110.0,0.01,0.01,2347.107287,1776266172000
1776266174.121,74.121,0.39,21.43,0.38,110.0,0.4,106.5,0.41,91.92,0.6,137.5,0.59,91.92,0.61,23.07,0.62,110.0,0.01,0.01,2347.107287,1776266172000
1776266174.568,74.568,0.38,50.0,0.37,55.0,0.4,251.5,0.41,258.92,0.6,106.5,0.59,91.92,0.61,21.43,0.62,110.0,0.02,0.01,2347.09095,1776266173000
1776266176.147,76.147,0.36,144.08,0.35,100.0,0.37,75.88,0.38,80.5,0.6,251.5,0.59,258.92,0.62,50.0,0.63,55.0,0.01,0.02,2347.062098,1776266174000
1776266177.597,77.597,0.36,144.17,0.35,126.5,0.37,36.64,0.38,60.0,0.63,75.88,0.62,80.5,0.64,144.08,0.65,100.0,0.01,0.01,2346.638698,1776266176000
1776266177.957,77.957,0.36,209.65,0.35,144.5,0.37,36.64,0.39,5.0,0.63,36.64,0.62,60.0,0.64,111.49,0.65,126.5,0.01,0.01,2346.638698,1776266176000
1776266178.554,78.554,0.39,131.0,0.38,78.0,0.4,76.44,0.41,76.5,0.6,73.57,0.59,66.0,0.62,17.0,0.63,49.5,0.01,0.02,2346.63813,1776266177000
1776266179.241,79.241,0.39,42.42,0.38,88.0,0.4,140.24,0.41,76.5,0.6,76.44,0.59,76.5,0.61,131.0,0.62,78.0,0.01,0.01,2346.605231,1776266178000
1776266180.424,80.424,0.39,1.8,0.38,83.0,0.4,134.24,0.41,76.5,0.6,140.24,0.59,76.5,0.61,42.42,0.62,88.0,0.01,0.01,2346.961145,1776266179000
1776266181.499,81.499,0.39,0.16,0.38,78.0,0.4,136.16,0.41,86.5,0.6,136.16,0.59,86.5,0.61,1.8,0.62,83.0,0.01,0.01,2346.96178,1776266180000
1776266182.319,82.319,0.39,3.52,0.38,78.0,0.4,155.24,0.41,86.5,0.6,136.16,0.59,86.5,0.61,0.16,0.62,78.0,0.01,0.01,2346.96849,1776266181000
1776266184.074,84.074,0.39,18.31,0.38,78.0,0.4,150.24,0.41,96.52,0.6,155.24,0.59,86.5,0.61,3.52,0.62,78.0,0.01,0.01,2346.97395,1776266182000
1776266184.903,84.903,0.39,18.31,0.38,78.0,0.4,83.36,0.41,108.49,0.6,150.24,0.59,96.52,0.61,18.31,0.62,78.0,0.01,0.01,2346.97395,1776266183000
1776266185.243,85.243,0.39,18.31,0.38,78.0,0.4,83.36,0.41,108.49,0.6,83.36,0.59,108.49,0.61,18.31,0.62,78.0,0.01,0.01,2346.97395,1776266183000
1776266185.603,85.603,0.39,5.31,0.38,78.0,0.4,93.36,0.41,108.49,0.6,83.36,0.59,108.49,0.61,18.31,0.62,78.0,0.01,0.01,2346.97395,1776266183000
1776266185.94,85.94,0.39,5.31,0.38,13.0,0.4,118.22,0.41,110.47,0.6,93.36,0.59,108.49,0.61,5.31,0.62,78.0,0.01,0.01,2346.945745,1776266184000
1776266187.744,87.744,0.37,15.0,0.36,72.15,0.4,171.07,0.41,250.21,0.6,107.07,0.59,135.47,0.61,5.31,0.62,13.0,0.03,0.01,2346.921004,1776266186000
1776266188.868,88.868,0.36,0.58,0.35,105.0,0.37,136.5,0.38,147.49,0.6,171.07,0.59,250.21,0.63,15.0,0.64,72.15,0.01,0.03,2346.839472,1776266187000
1776266189.811,89.811,0.36,0.58,0.35,90.0,0.37,114.0,0.38,119.57,0.63,133.42,0.62,147.49,0.64,0.58,0.65,105.0,0.01,0.01,2346.808535,1776266188000
1776266190.197,90.197,0.35,10.0,0.34,105.0,0.37,306.49,0.38,228.55,0.63,114.0,0.62,119.57,0.64,0.58,0.65,90.0,0.02,0.01,2346.808535,1776266188000
1776266190.505,90.505,0.33,53.09,0.32,100.0,0.35,242.49,0.36,179.5,0.63,306.49,0.62,228.55,0.65,10.0,0.66,105.0,0.02,0.02,2346.705128,1776266189000
1776266190.934,90.934,0.33,16.59,0.32,100.0,0.34,67.49,0.35,174.5,0.65,242.49,0.64,179.5,0.67,53.09,0.68,100.0,0.01,0.02,2346.705128,1776266189000
1776266191.527,91.527,0.32,50.0,0.31,145.0,0.33,99.46,0.34,221.49,0.66,77.49,0.65,179.5,0.68,100.0,0.69,151.0,0.01,0.02,2346.681784,1776266190000
1776266192.324,92.324,0.31,85.0,0.3,50.0,0.32,188.34,0.33,278.45,0.67,99.46,0.66,221.49,0.68,50.0,0.69,145.0,0.01,0.01,2346.382264,1776266191000
1776266192.959,92.959,0.28,141.0,0.27,189.0,0.29,96.2,0.3,91.5,0.68,188.34,0.67,278.45,0.69,85.0,0.7,50.0,0.01,0.01,2346.382264,1776266191000
1776266193.268,93.268,0.28,125.0,0.27,239.0,0.29,109.64,0.3,91.5,0.71,96.2,0.7,91.5,0.72,141.0,0.73,189.0,0.01,0.01,2346.062069,1776266192000
1776266196.392,96.392,0.27,30.0,0.26,257.0,0.28,131.5,0.29,125.58,0.71,109.64,0.7,91.5,0.72,125.0,0.73,239.0,0.01,0.01,2345.601966,1776266195000
1776266196.605,96.605,0.26,257.0,0.25,218.0,0.28,128.5,0.29,125.58,0.72,131.5,0.71,120.58,0.73,17.86,0.74,257.0,0.02,0.01,2345.601966,1776266195000
1776266197.088,97.088,0.26,192.93,0.25,208.0,0.27,126.12,0.28,153.44,0.73,70.0,0.72,97.5,0.74,250.93,0.75,223.0,0.01,0.01,2345.601966,1776266195000
1776266197.333,97.333,0.26,143.12,0.25,218.0,0.27,101.5,0.28,158.44,0.73,126.12,0.72,153.44,0.74,192.93,0.75,208.0,0.01,0.01,2345.598056,1776266196000
1776266198.581,98.581,0.26,53.12,0.25,223.0,0.27,171.76,0.28,92.5,0.73,101.5,0.72,158.44,0.74,143.12,0.75,218.0,0.01,0.01,2345.423825,1776266197000
1776266198.989,98.989,0.25,219.35,0.24,164.0,0.27,129.87,0.28,160.09,0.73,171.76,0.72,92.5,0.74,53.12,0.75,223.0,0.02,0.01,2345.423825,1776266197000
1776266199.475,99.475,0.25,217.68,0.24,229.5,0.26,75.0,0.27,109.37,0.73,129.87,0.72,160.09,0.75,219.35,0.76,164.0,0.01,0.02,2345.302384,1776266198000
1776266199.853,99.853,0.25,166.16,0.24,229.5,0.26,128.27,0.27,98.37,0.74,75.0,0.73,109.37,0.75,217.68,0.76,229.5,0.01,0.01,2345.302384,1776266198000
1776266200.606,100.606,0.25,160.82,0.24,229.5,0.26,143.27,0.27,98.37,0.74,128.27,0.73,98.37,0.75,166.16,0.76,229.5,0.01,0.01,2345.302384,1776266198000
1776266202.721,102.721,0.25,72.08,0.24,164.0,0.26,161.35,0.27,118.87,0.74,143.27,0.73,98.37,0.75,160.82,0.76,229.5,0.01,0.01,2345.190975,1776266201000
1776266203.121,103.121,0.25,27.36,0.24,164.0,0.26,103.08,0.27,154.66,0.74,108.08,0.73,129.87,0.75,32.08,0.76,164.0,0.01,0.01,2345.194658,1776266202000
1776266203.962,103.962,0.24,123.0,0.23,171.0,0.25,192.52,0.26,285.55,0.74,103.08,0.73,154.66,0.75,27.36,0.76,164.0,0.01,0.01,2345.194658,1776266202000
1776266204.309,104.309,0.23,158.0,0.22,147.0,0.24,191.5,0.25,281.49,0.76,10.0,0.75,187.52,0.77,165.0,0.78,169.0,0.01,0.01,2345.24365,1776266203000
1776266204.933,104.933,0.21,218.0,0.2,405.0,0.24,380.52,0.25,354.9,0.76,196.5,0.75,281.49,0.77,0.72,0.78,147.0,0.03,0.01,2345.24365,1776266203000
1776266205.371,105.371,0.21,27.67,0.2,410.05,0.22,12.0,0.23,222.98,0.78,10.0,0.77,222.98,0.79,145.67,0.8,405.0,0.01,0.01,2345.19356,1776266204000
1776266205.59,105.59,0.2,417.32,0.19,51.0,0.21,16.0,0.22,7.0,0.79,10.0,0.78,8.0,0.8,396.22,0.81,51.0,0.01,0.01,2345.19356,1776266204000
1776266206.416,106.416,0.2,380.27,0.19,46.31,0.21,345.59,0.22,228.61,0.79,10.84,0.78,7.0,0.8,417.32,0.81,51.0,0.01,0.01,2344.749014,1776266205000
1776266207.257,107.257,0.2,282.94,0.19,56.31,0.21,202.29,0.22,244.61,0.79,350.59,0.78,228.61,0.8,373.89,0.81,41.0,0.01,0.01,2344.167346,1776266206000
1776266207.747,107.747,0.2,314.75,0.19,56.31,0.21,202.29,0.22,244.61,0.79,202.29,0.78,244.61,0.8,282.94,0.81,56.31,0.01,0.01,2344.167346,1776266206000
1776266209.958,109.958,0.19,24.7,0.18,100.0,0.21,458.31,0.22,244.61,0.79,202.29,0.78,244.61,0.8,314.75,0.81,56.31,0.02,0.01,2344.084916,1776266208000
1776266210.184,110.184,0.18,107.32,0.17,214.0,0.2,146.0,0.21,422.81,0.8,51.5,0.79,422.81,0.81,4.7,0.82,100.0,0.02,0.01,2344.084916,1776266208000
1776266210.394,110.394,0.18,116.71,0.17,230.44,0.19,7.0,0.2,115.0,0.8,146.0,0.79,422.81,0.82,107.32,0.83,214.0,0.01,0.02,2344.153589,1776266209000
1776266210.928,110.928,0.18,120.71,0.17,230.44,0.19,120.01,0.2,165.0,0.81,7.0,0.8,115.0,0.82,116.71,0.83,230.44,0.01,0.01,2344.153589,1776266209000
1776266212.261,112.261,0.18,208.23,0.17,325.44,0.19,43.01,0.2,55.0,0.81,120.01,0.8,165.0,0.82,120.71,0.83,230.44,0.01,0.01,2344.148193,1776266210000
1776266212.481,112.481,0.18,278.23,0.17,325.44,0.2,55.0,0.21,110.84,0.81,69.16,0.8,55.0,0.82,259.23,0.83,325.44,0.02,0.01,2343.988941,1776266211000
1776266213.362,113.362,0.19,98.66,0.18,157.23,0.2,52.0,0.21,110.84,0.8,47.0,0.79,110.84,0.82,278.23,0.83,325.44,0.01,0.02,2344.066645,1776266212000
1776266214.372,114.372,0.19,88.3,0.18,157.23,0.2,150.36,0.21,110.84,0.8,52.0,0.79,110.84,0.81,98.66,0.82,157.23,0.01,0.01,2344.202733,1776266213000
1776266215.005,115.005,0.19,263.3,0.18,153.23,0.2,95.36,0.21,110.84,0.8,150.36,0.79,110.84,0.81,88.3,0.82,157.23,0.01,0.01,2344.202733,1776266213000
1776266215.348,115.348,0.19,263.3,0.18,163.23,0.2,7.0,0.21,60.84,0.8,95.36,0.79,110.84,0.81,263.3,0.82,153.23,0.01,0.01,2344.29211,1776266214000
1776266215.57,115.57,0.2,54.4,0.19,216.3,0.21,32.79,0.22,129.09,0.79,32.79,0.78,79.09,0.81,304.3,0.82,170.23,0.01,0.02,2344.29211,1776266214000
1776266215.983,115.983,0.2,307.2,0.19,149.3,0.21,32.79,0.22,79.09,0.79,32.79,0.78,129.09,0.8,176.45,0.81,149.3,0.01,0.01,2344.29211,1776266214000
1776266216.252,116.252,0.21,276.5,0.2,116.55,0.22,17.53,0.23,17.98,0.78,27.53,0.77,17.98,0.79,21.0,0.8,288.55,0.01,0.01,2344.29211,1776266214000
1776266216.646,116.646,0.22,287.5,0.21,154.5,0.23,5.67,0.24,10.0,0.78,5.89,0.77,17.98,0.79,317.5,0.8,116.5,0.01,0.01,2344.341901,1776266215000
1776266216.876,116.876,0.22,466.5,0.21,206.5,0.24,5.67,0.25,35.0,0.77,5.67,0.76,10.0,0.78,287.5,0.79,154.5,0.02,0.01,2344.341901,1776266215000
1776266217.077,117.077,0.23,337.0,0.22,157.5,0.26,133.16,0.27,65.0,0.76,5.67,0.75,35.0,0.78,466.5,0.79,206.5,0.03,0.02,2344.341901,1776266215000
1776266217.662,117.662,0.25,36.2,0.24,10.0,0.26,138.16,0.27,65.0,0.74,133.16,0.73,65.0,0.77,337.0,0.78,157.5,0.01,0.03,2344.532535,1776266216000
1776266218.818,118.818,0.24,18.93,0.23,26.5,0.26,277.24,0.27,196.5,0.74,133.16,0.73,65.0,0.75,31.4,0.76,10.0,0.02,0.01,2344.936034,1776266217000
1776266221.513,121.513,0.18,150.12,0.17,349.0,0.19,106.63,0.2,105.0,0.75,100.77,0.74,182.16,0.76,3.21,0.77,20.5,0.01,0.01,2345.239192,1776266220000
1776266221.97,121.97,0.18,235.23,0.17,415.44,0.19,5.0,0.2,17.0,0.81,106.63,0.8,105.0,0.82,150.12,0.83,349.0,0.01,0.01,2345.239192,1776266220000
1776266222.24,122.24,0.18,190.23,0.17,421.44,0.21,105.0,0.22,105.0,0.81,5.0,0.8,17.0,0.82,235.23,0.83,415.44,0.03,0.01,2344.99507,1776266221000
1776266222.445,122.445,0.2,82.5,0.19,130.81,0.21,102.42,0.22,105.0,0.79,105.0,0.78,105.0,0.82,190.23,0.83,421.44,0.01,0.03,2344.99507,1776266221000
1776266222.737,122.737,0.2,178.55,0.19,170.81,0.21,117.42,0.22,115.0,0.79,112.42,0.78,105.0,0.8,110.3,0.81,130.81,0.01,0.01,2344.99507,1776266221000
1776266222.999,122.999,0.18,5.0,0.17,249.0,0.21,408.86,0.22,190.0,0.79,117.42,0.78,115.0,0.8,178.55,0.81,170.81,0.03,0.01,2344.99507,1776266221000
1776266223.726,123.726,0.17,246.05,0.16,57.81,0.18,192.05,0.19,204.5,0.82,238.94,0.81,212.0,0.83,234.25,0.84,41.0,0.01,0.01,2344.547199,1776266222000
1776266224.473,124.473,0.17,174.35,0.16,117.81,0.18,210.0,0.19,249.44,0.82,177.05,0.81,204.5,0.83,257.05,0.84,57.81,0.01,0.01,2344.6717,1776266223000
1776266225.469,125.469,0.17,65.72,0.16,57.31,0.18,230.5,0.19,243.49,0.82,210.0,0.81,249.44,0.83,174.35,0.84,117.81,0.01,0.01,2344.422422,1776266224000
1776266225.692,125.692,0.17,15.3,0.16,57.31,0.18,240.5,0.19,243.49,0.82,245.5,0.81,243.49,0.83,33.51,0.84,57.31,0.01,0.01,2344.422422,1776266224000
1776266226.257,126.257,0.17,5.0,0.16,57.31,0.18,321.49,0.19,223.55,0.82,294.5,0.81,243.49,0.83,6.33,0.84,57.31,0.01,0.01,2344.124765,1776266225000
1776266226.461,126.461,0.17,3.2,0.16,41.0,0.18,304.55,0.19,218.55,0.82,321.49,0.81,223.55,0.83,5.0,0.84,57.31,0.01,0.01,2344.124765,1776266225000
1776266226.814,126.814,0.16,44.2,0.15,386.5,0.18,264.5,0.19,243.49,0.82,304.55,0.81,218.55,0.83,3.2,0.84,41.0,0.02,0.01,2344.124765,1776266225000
1776266227.699,127.699,0.16,26.2,0.15,326.5,0.17,270.76,0.18,253.49,0.83,188.26,0.82,235.44,0.84,100.11,0.85,393.23,0.01,0.01,2344.135769,1776266226000
1776266228.554,128.554,0.16,36.2,0.15,386.5,0.17,195.26,0.18,235.44,0.83,270.76,0.82,253.49,0.84,26.2,0.85,326.5,0.01,0.01,2344.135769,1776266226000
1776266229.157,129.157,0.16,22.49,0.15,386.5,0.17,205.26,0.18,250.49,0.83,195.26,0.82,240.49,0.84,31.45,0.85,386.5,0.01,0.01,2343.963881,1776266227000
1776266230.67,130.67,0.15,227.5,0.14,375.5,0.16,197.0,0.17,230.76,0.83,205.26,0.82,250.49,0.84,22.49,0.85,386.5,0.01,0.01,2343.910782,1776266229000
1776266231.821,131.821,0.15,391.23,0.14,428.5,0.16,121.0,0.17,196.74,0.84,197.0,0.83,230.76,0.85,227.5,0.86,375.5,0.01,0.01,2344.029897,1776266230000
1776266232.213,132.213,0.15,336.23,0.14,428.5,0.16,25.0,0.17,75.32,0.84,92.0,0.83,196.74,0.85,386.23,0.86,428.5,0.01,0.01,2344.029897,1776266230000
1776266232.556,132.556,0.15,196.05,0.14,215.0,0.16,271.94,0.17,84.37,0.84,25.0,0.83,75.32,0.85,336.23,0.86,428.5,0.01,0.01,2344.029897,1776266230000
1776266232.862,132.862,0.14,215.0,0.13,128.0,0.16,309.44,0.17,94.87,0.84,269.94,0.83,94.87,0.85,134.05,0.86,215.0,0.02,0.01,2343.962811,1776266231000
1776266233.182,133.182,0.14,199.66,0.13,138.5,0.15,61.48,0.16,325.5,0.85,56.98,0.84,281.5,0.86,196.83,0.87,128.0,0.01,0.01,2343.962811,1776266231000
1776266233.524,133.524,0.14,92.41,0.13,128.0,0.15,86.54,0.16,229.5,0.85,61.48,0.84,325.5,0.86,199.66,0.87,138.5,0.01,0.01,2343.986417,1776266232000
1776266233.735,133.735,0.13,99.57,0.12,306.09,0.15,71.54,0.16,235.5,0.85,71.54,0.84,235.5,0.86,22.41,0.87,128.0,0.02,0.01,2343.986417,1776266232000
1776266233.975,133.975,0.11,129.99,0.1,160.0,0.14,131.57,0.15,62.54,0.86,11.63,0.85,87.54,0.88,82.31,0.89,130.0,0.03,0.02,2343.986417,1776266232000
1776266234.191,134.191,0.1,160.0,0.09,280.0,0.11,33.0,0.12,10.0,0.88,10.0,0.87,110.0,0.89,11.22,0.9,160.0,0.01,0.01,2343.986417,1776266232000
1776266234.503,134.503,0.1,155.48,0.09,280.0,0.11,54.0,0.12,10.0,0.89,54.0,0.88,10.0,0.9,160.6,0.91,280.0,0.01,0.01,2343.986417,1776266232000
1776266234.992,134.992,0.1,73.48,0.09,290.0,0.11,27.0,0.12,72.0,0.89,49.0,0.88,10.0,0.9,150.48,0.91,280.0,0.01,0.01,2343.672915,1776266233000
1776266235.48,135.48,0.1,57.87,0.09,280.0,0.11,50.0,0.12,53.32,0.88,53.32,0.87,60.0,0.9,52.87,0.91,290.0,0.01,0.02,2343.211599,1776266234000
1776266235.953,135.953,0.1,49.26,0.09,280.0,0.11,65.0,0.12,94.82,0.89,20.0,0.88,53.32,0.9,31.89,0.91,280.0,0.01,0.01,2343.211599,1776266234000
1776266236.795,136.795,0.1,20.26,0.09,280.0,0.11,100.0,0.12,143.92,0.89,65.0,0.88,94.82,0.9,49.26,0.91,280.0,0.01,0.01,2342.22367,1776266235000
1776266238.109,138.109,0.09,372.22,0.08,222.0,0.1,35.0,0.11,174.78,0.89,169.05,0.88,312.97,0.9,9.14,0.91,280.0,0.01,0.01,2342.276811,1776266236000
1776266238.572,138.572,0.09,347.17,0.08,222.0,0.1,76.0,0.11,182.78,0.9,71.0,0.89,177.78,0.91,416.72,0.92,222.0,0.01,0.01,2342.283657,1776266237000
1776266238.873,138.873,0.09,397.17,0.08,222.0,0.1,8.09,0.11,178.78,0.9,76.0,0.89,182.78,0.91,347.17,0.92,222.0,0.01,0.01,2342.283657,1776266237000
1776266239.282,139.282,0.09,388.59,0.08,264.0,0.1,8.09,0.11,109.99,0.9,8.09,0.89,178.78,0.91,397.17,0.92,222.0,0.01,0.01,2342.283657,1776266237000
1776266239.872,139.872,0.09,375.59,0.08,380.0,0.1,13.09,0.11,24.99,0.9,8.09,0.89,109.99,0.91,388.59,0.92,264.0,0.01,0.01,2342.27142,1776266238000
1776266240.722,140.722,0.1,5.91,0.09,618.59,0.12,94.48,0.13,142.8,0.9,13.09,0.89,24.99,0.91,375.59,0.92,380.0,0.02,0.01,2342.33678,1776266239000
1776266240.927,140.927,0.11,74.5,0.1,15.91,0.12,67.48,0.13,142.8,0.88,94.48,0.87,142.8,0.9,5.91,0.91,618.59,0.01,0.02,2342.33678,1776266239000
1776266242.598,142.598,0.11,59.05,0.1,76.41,0.12,142.48,0.13,168.3,0.88,67.48,0.87,142.8,0.89,74.5,0.9,15.91,0.01,0.01,2342.882058,1776266241000
1776266251.242,151.242,0.09,156.45,0.08,481.0,0.1,99.05,0.11,105.84,0.88,142.48,0.87,168.3,0.89,59.05,0.9,76.41,0.01,0.01,2342.581855,1776266250000
1776266252.078,152.078,0.09,66.93,0.08,481.0,0.1,104.05,0.11,24.05,0.9,99.05,0.89,19.05,0.91,151.93,0.92,481.0,0.01,0.01,2342.581855,1776266250000
1776266252.829,152.829,0.09,60.28,0.08,475.94,0.1,104.05,0.11,74.05,0.9,104.05,0.89,24.05,0.91,66.93,0.92,481.0,0.01,0.01,2342.863189,1776266251000
1776266253.181,153.181,0.09,97.72,0.08,452.0,0.1,89.05,0.11,14.05,0.9,104.05,0.89,74.05,0.91,60.28,0.92,475.94,0.01,0.01,2342.863189,1776266251000
1776266253.518,153.518,0.1,5.95,0.09,207.72,0.11,23.65,0.12,55.99,0.9,3.05,0.88,165.09,0.91,97.72,0.92,465.0,0.01,0.01,2342.863189,1776266251000
1776266253.934,153.934,0.1,140.45,0.09,194.72,0.11,0.65,0.12,20.0,0.89,23.65,0.88,55.99,0.9,5.95,0.91,207.72,0.01,0.01,2342.917113,1776266252000
1776266254.385,154.385,0.11,0.5,0.1,208.0,0.12,85.0,0.13,193.24,0.88,20.0,0.87,202.74,0.9,127.0,0.91,194.72,0.01,0.02,2342.950085,1776266253000
1776266255.462,155.462,0.1,106.0,0.09,194.66,0.11,212.45,0.12,75.0,0.88,85.0,0.87,193.24,0.89,0.5,0.9,208.0,0.01,0.01,2343.105304,1776266254000
1776266257.141,157.141,0.08,264.33,0.07,247.0,0.09,211.13,0.1,199.55,0.89,212.45,0.88,75.0,0.9,106.0,0.91,194.66,0.01,0.01,2343.31074,1776266255000
1776266257.349,157.349,0.08,245.52,0.07,247.0,0.09,325.13,0.1,194.55,0.91,315.13,0.9,199.55,0.92,259.98,0.93,247.0,0.01,0.01,2343.31074,1776266255000
1776266259.67,159.67,0.08,344.81,0.07,471.0,0.09,66.0,0.1,15.0,0.91,325.13,0.9,194.55,0.92,229.75,0.93,247.0,0.01,0.01,2342.761937,1776266258000
1776266259.885,159.885,0.08,349.81,0.07,471.0,0.1,15.0,0.11,147.2,0.91,66.0,0.9,15.0,0.92,344.81,0.93,471.0,0.02,0.01,2342.761937,1776266258000
1776266260.388,160.388,0.09,55.8,0.08,299.81,0.1,20.0,0.11,117.94,0.9,15.0,0.89,147.2,0.92,349.81,0.93,471.0,0.01,0.02,2342.761937,1776266258000
1776266260.682,160.682,0.09,88.54,0.08,299.81,0.1,152.08,0.11,148.73,0.9,157.08,0.89,177.94,0.91,96.9,0.92,299.81,0.01,0.01,2342.844,1776266259000
1776266261.387,161.387,0.08,314.81,0.07,360.0,0.1,152.08,0.11,150.34,0.9,152.08,0.89,153.78,0.91,44.51,0.92,347.81,0.02,0.01,2343.04632,1776266260000
1776266262.394,162.394,0.08,303.94,0.07,316.0,0.09,141.85,0.1,85.0,0.9,152.08,0.89,150.34,0.92,314.81,0.93,360.0,0.01,0.02,2343.11543,1776266261000
1776266262.798,162.798,0.08,305.8,0.07,316.0,0.09,217.85,0.1,120.0,0.91,141.85,0.9,85.0,0.92,303.94,0.93,316.0,0.01,0.01,2343.11543,1776266261000
1776266263.839,163.839,0.08,106.66,0.07,348.0,0.09,294.72,0.1,179.49,0.91,217.85,0.9,120.0,0.92,302.66,0.93,316.0,0.01,0.01,2343.069635,1776266262000
1776266265.558,165.558,0.08,207.0,0.07,416.0,0.09,30.42,0.11,143.79,0.91,223.72,0.9,179.49,0.92,97.2,0.93,348.0,0.01,0.01,2342.928285,1776266264000
1776266266.478,166.478,0.09,148.44,0.08,188.0,0.1,148.6,0.11,163.28,0.9,10.0,0.89,143.79,0.92,207.0,0.93,416.0,0.01,0.02,2342.86932,1776266265000
1776266266.767,166.767,0.09,146.98,0.08,188.0,0.1,148.6,0.11,163.28,0.9,148.6,0.89,163.28,0.91,148.44,0.92,188.0,0.01,0.01,2342.86932,1776266265000
1776266267.348,167.348,0.09,187.58,0.08,188.0,0.1,142.15,0.11,163.28,0.9,117.35,0.89,152.78,0.91,196.98,0.92,188.0,0.01,0.01,2343.026031,1776266266000
1776266267.564,167.564,0.09,186.11,0.08,188.0,0.1,176.03,0.11,163.28,0.9,142.15,0.89,163.28,0.91,187.58,0.92,188.0,0.01,0.01,2343.026031,1776266266000
1776266269.268,169.268,0.09,175.08,0.08,209.0,0.1,183.03,0.11,138.79,0.9,176.03,0.89,163.28,0.91,186.11,0.92,188.0,0.01,0.01,2343.215895,1776266267000
1776266269.632,169.632,0.09,160.0,0.08,244.0,0.1,173.03,0.11,138.79,0.9,183.03,0.89,138.79,0.91,175.08,0.92,209.0,0.01,0.01,2343.27837,1776266268000
1776266270.154,170.154,0.09,65.0,0.08,244.0,0.1,128.03,0.11,133.79,0.9,173.03,0.89,138.79,0.91,160.0,0.92,244.0,0.01,0.01,2343.27837,1776266268000
1776266270.563,170.563,0.09,299.8,0.08,209.0,0.1,109.03,0.11,37.0,0.9,168.03,0.89,128.79,0.91,91.8,0.92,244.0,0.01,0.01,2343.360169,1776266269000
1776266271.081,171.081,0.1,118.16,0.09,304.4,0.11,40.03,0.12,142.86,0.89,37.0,0.88,162.86,0.91,309.4,0.92,209.0,0.01,0.02,2343.360169,1776266269000
1776266271.495,171.495,0.1,150.26,0.09,272.8,0.11,190.74,0.12,70.81,0.89,45.03,0.88,176.96,0.9,112.62,0.91,304.4,0.01,0.01,2343.367843,1776266270000
1776266271.732,171.732,0.1,278.26,0.09,277.8,0.11,165.92,0.12,70.81,0.89,175.92,0.88,70.81,0.9,210.26,0.91,277.8,0.01,0.01,2343.367843,1776266270000
1776266272.679,172.679,0.1,372.11,0.09,195.8,0.11,168.55,0.12,70.81,0.89,155.92,0.88,70.81,0.9,278.26,0.91,277.8,0.01,0.01,2343.460563,1776266271000
1776266273.357,173.357,0.1,184.91,0.09,295.8,0.11,168.55,0.12,120.81,0.89,168.55,0.88,70.81,0.9,372.11,0.91,195.8,0.01,0.01,2343.460563,1776266271000
1776266273.961,173.961,0.1,314.91,0.09,195.8,0.11,152.61,0.12,60.81,0.89,168.55,0.88,120.81,0.9,184.91,0.91,295.8,0.01,0.01,2343.63181,1776266272000
1776266274.68,174.68,0.11,84.32,0.1,69.0,0.12,177.0,0.13,85.88,0.88,70.81,0.87,150.88,0.9,305.41,0.91,200.8,0.01,0.02,2343.722613,1776266273000
1776266275.178,175.178,0.11,255.17,0.1,94.0,0.12,196.79,0.13,85.88,0.88,177.0,0.87,85.88,0.89,84.32,0.9,69.0,0.01,0.01,2343.722613,1776266273000
1776266275.601,175.601,0.11,235.21,0.1,94.0,0.12,196.79,0.13,85.88,0.88,196.79,0.87,85.88,0.89,228.43,0.9,94.0,0.01,0.01,2343.805123,1776266274000
1776266275.897,175.897,0.11,228.82,0.1,94.0,0.12,107.79,0.13,93.88,0.88,87.79,0.87,85.88,0.89,233.97,0.9,94.0,0.01,0.01,2343.823273,1776266275000
1776266276.519,176.519,0.11,226.23,0.1,94.0,0.12,206.29,0.13,93.88,0.88,107.79,0.87,93.88,0.89,228.82,0.9,94.0,0.01,0.01,2343.823273,1776266275000
1776266277.369,177.369,0.11,206.39,0.1,106.0,0.12,316.29,0.13,193.88,0.88,211.29,0.87,93.88,0.89,232.98,0.9,94.0,0.01,0.01,2344.049632,1776266276000
1776266277.769,177.769,0.11,65.26,0.1,10.0,0.12,496.79,0.13,286.32,0.88,316.29,0.87,193.88,0.89,206.39,0.9,106.0,0.01,0.01,2344.049632,1776266276000
1776266279.106,179.106,0.1,10.0,0.09,119.0,0.11,89.25,0.12,574.78,0.88,561.84,0.87,290.43,0.89,23.26,0.9,10.0,0.01,0.01,2344.151455,1776266278000
1776266279.588,179.588,0.09,85.9,0.08,102.0,0.11,218.87,0.12,479.76,0.89,89.25,0.88,574.78,0.9,10.0,0.91,119.0,0.02,0.01,2344.151455,1776266278000
1776266279.954,179.954,0.09,69.9,0.08,102.0,0.1,10.0,0.11,201.04,0.89,218.87,0.88,479.76,0.91,59.7,0.92,102.0,0.01,0.02,2344.151455,1776266278000
1776266280.346,180.346,0.09,67.36,0.08,65.0,0.1,15.0,0.11,201.04,0.9,10.0,0.89,201.04,0.91,69.9,0.92,102.0,0.01,0.01,2343.831965,1776266279000
1776266280.616,180.616,0.09,67.36,0.08,65.0,0.1,29.94,0.11,211.04,0.9,10.0,0.89,201.04,0.91,67.36,0.92,65.0,0.01,0.01,2343.831965,1776266279000
1776266280.935,180.935,0.09,59.12,0.08,65.0,0.1,29.94,0.11,76.42,0.9,29.94,0.89,76.42,0.91,61.86,0.92,65.0,0.01,0.01,2343.831965,1776266279000
1776266281.191,181.191,0.09,1.51,0.08,65.0,0.1,171.2,0.11,67.63,0.9,10.0,0.89,92.42,0.91,3.7,0.92,65.0,0.01,0.01,2343.794393,1776266280000
1776266281.62,181.62,0.08,47.03,0.07,322.0,0.09,10.0,0.1,190.99,0.9,176.2,0.89,67.63,0.92,52.34,0.93,322.0,0.01,0.02,2343.794393,1776266280000
1776266282.283,182.283,0.08,29.56,0.07,146.0,0.09,144.94,0.1,229.12,0.91,10.0,0.9,195.99,0.92,47.03,0.93,322.0,0.01,0.01,2343.80298,1776266281000
1776266282.853,182.853,0.07,131.49,0.06,463.76,0.08,124.82,0.09,145.0,0.91,144.94,0.9,239.12,0.93,140.69,0.94,458.76,0.01,0.02,2343.80298,1776266281000
1776266283.351,183.351,0.07,124.98,0.06,464.76,0.08,219.61,0.09,212.0,0.92,124.82,0.91,145.0,0.93,131.49,0.94,463.76,0.01,0.01,2343.797345,1776266282000
1776266284.053,184.053,0.07,119.98,0.06,469.76,0.08,250.24,0.09,246.5,0.92,219.61,0.91,212.0,0.93,124.98,0.94,464.76,0.01,0.01,2343.797345,1776266282000
1776266285.037,185.037,0.07,114.98,0.06,474.76,0.08,247.14,0.09,422.89,0.92,250.24,0.91,246.5,0.93,119.98,0.94,469.76,0.01,0.01,2343.276678,1776266283000
1776266285.472,185.472,0.07,97.98,0.06,508.76,0.09,155.5,0.1,140.5,0.92,247.14,0.91,422.89,0.93,114.98,0.94,474.76,0.02,0.01,2343.24264,1776266284000
1776266286.202,186.202,0.07,75.78,0.06,469.76,0.08,218.09,0.09,190.55,0.92,82.75,0.91,253.55,0.93,84.98,0.94,493.76,0.01,0.01,2343.24264,1776266284000
1776266288.235,188.235,0.07,84.78,0.06,458.76,0.08,332.72,0.09,196.55,0.92,218.09,0.91,190.55,0.93,75.78,0.94,469.76,0.01,0.01,2343.33601,1776266287000
1776266288.496,188.496,0.07,69.71,0.06,478.76,0.08,291.72,0.09,201.55,0.92,332.72,0.91,196.55,0.93,84.78,0.94,458.76,0.01,0.01,2343.33601,1776266287000
1776266289.316,189.316,0.07,68.52,0.06,478.76,0.08,381.72,0.09,301.55,0.92,291.72,0.91,201.55,0.93,69.71,0.94,478.76,0.01,0.01,2343.401745,1776266288000
1776266293.346,193.346,0.07,9.32,0.06,514.76,0.08,145.66,0.09,295.55,0.92,331.72,0.91,301.55,0.93,59.32,0.94,478.76,0.01,0.01,2343.558288,1776266292000
1776266293.999,193.999,0.07,9.32,0.06,514.76,0.09,252.52,0.1,156.49,0.92,145.66,0.91,295.55,0.93,9.32,0.94,514.76,0.02,0.01,2343.558288,1776266292000
1776266294.461,194.461,0.07,38.74,0.06,566.71,0.08,118.27,0.09,152.99,0.91,252.52,0.9,156.49,0.93,9.32,0.94,514.76,0.01,0.02,2343.541423,1776266293000
1776266295.31,195.31,0.07,78.74,0.06,543.76,0.08,32.27,0.09,77.05,0.92,78.27,0.91,121.99,0.93,33.74,0.94,548.71,0.01,0.01,2343.59443,1776266294000
1776266296.259,196.259,0.07,10.22,0.06,566.76,0.08,208.31,0.09,73.05,0.92,32.27,0.91,77.05,0.93,78.74,0.94,543.76,0.01,0.01,2343.667399,1776266295000
1776266296.821,196.821,0.07,75.0,0.06,575.59,0.09,62.05,0.1,142.49,0.91,73.05,0.9,187.49,0.94,588.59,0.95,606.0,0.02,0.03,2343.667399,1776266295000
1776266297.955,197.955,0.08,3.81,0.07,60.0,0.09,229.66,0.1,146.5,0.91,62.05,0.9,142.49,0.93,75.0,0.94,575.59,0.01,0.02,2343.768,1776266296000
1776266298.412,198.412,0.08,2.62,0.07,60.0,0.09,261.13,0.1,146.5,0.91,229.66,0.9,146.5,0.92,3.81,0.93,60.0,0.01,0.01,2343.833925,1776266297000
1776266298.65,198.65,0.08,1.05,0.07,60.0,0.09,261.13,0.1,146.5,0.91,261.13,0.9,146.5,0.92,2.62,0.93,60.0,0.01,0.01,2343.833925,1776266297000
1776266299.033,199.033,0.06,569.63,0.05,607.0,0.09,261.13,0.1,146.5,0.91,261.13,0.9,146.5,0.92,1.05,0.93,60.0,0.03,0.01,2343.833925,1776266297000
1776266299.414,199.414,0.06,581.57,0.05,607.0,0.08,45.0,0.09,267.13,0.91,261.13,0.9,146.5,0.94,569.63,0.95,607.0,0.02,0.03,2343.869914,1776266298000
1776266299.778,199.778,0.06,457.64,0.05,607.0,0.07,197.27,0.08,112.05,0.93,192.27,0.92,35.0,0.94,558.47,0.95,607.0,0.01,0.01,2343.869914,1776266298000
1776266300.1,200.1,0.06,444.38,0.05,607.0,0.07,183.74,0.08,112.05,0.93,168.74,0.92,112.05,0.94,457.64,0.95,607.0,0.01,0.01,2343.87833,1776266299000
1776266300.555,200.555,0.06,507.21,0.05,602.0,0.07,178.74,0.08,62.05,0.93,183.74,0.92,112.05,0.94,444.38,0.95,607.0,0.01,0.01,2343.87833,1776266299000
1776266301.033,201.033,0.06,539.21,0.05,507.0,0.08,35.0,0.09,90.05,0.93,178.74,0.92,62.05,0.94,507.21,0.95,602.0,0.02,0.01,2343.87833,1776266299000
1776266301.32,201.32,0.06,557.21,0.05,607.0,0.07,30.0,0.08,35.0,0.92,35.0,0.91,90.05,0.94,539.21,0.95,507.0,0.01,0.02,2343.87833,1776266299000
1776266302.384,202.384,0.06,581.21,0.05,507.0,0.07,58.74,0.08,35.0,0.93,30.0,0.92,35.0,0.94,557.21,0.95,607.0,0.01,0.01,2343.864663,1776266301000
1776266302.828,202.828,0.06,554.94,0.05,502.0,0.07,73.74,0.08,54.0,0.93,58.74,0.92,35.0,0.94,581.21,0.95,507.0,0.01,0.01,2343.864663,1776266301000
1776266303.261,203.261,0.06,519.94,0.05,502.0,0.07,73.74,0.08,54.0,0.93,68.74,0.92,54.0,0.94,545.84,0.95,502.0,0.01,0.01,2343.864663,1776266301000
1776266303.703,203.703,0.06,449.36,0.05,507.0,0.07,73.74,0.08,54.0,0.93,73.74,0.92,54.0,0.94,519.94,0.95,502.0,0.01,0.01,2343.90168,1776266302000
1776266304.988,204.988,0.06,521.36,0.05,507.0,0.07,0.74,0.08,35.0,0.93,73.74,0.92,54.0,0.94,449.36,0.95,507.0,0.01,0.01,2343.90168,1776266303000
1776266306.194,206.194,0.06,554.21,0.05,606.0,0.08,21.0,0.09,45.0,0.92,35.0,0.91,180.5,0.94,521.36,0.95,507.0,0.02,0.02,2343.89514,1776266305000
1776266306.556,206.556,0.07,0.73,0.06,544.21,0.08,26.0,0.09,68.5,0.92,21.0,0.91,45.0,0.94,554.21,0.95,606.0,0.01,0.02,2343.89514,1776266305000
1776266307.164,207.164,0.06,522.21,0.05,606.0,0.09,96.21,0.1,185.5,0.92,26.0,0.91,68.5,0.93,0.73,0.94,544.21,0.03,0.01,2343.89514,1776266305000
1776266308.209,208.209,0.06,504.21,0.05,606.0,0.07,9.78,0.08,45.0,0.91,96.21,0.9,185.5,0.94,522.21,0.95,606.0,0.01,0.03,2343.99267,1776266306000
1776266308.459,208.459,0.06,382.38,0.05,468.05,0.07,288.28,0.08,116.5,0.93,9.78,0.92,45.0,0.94,504.21,0.95,606.0,0.01,0.01,2344.147664,1776266307000
1776266308.731,208.731,0.06,390.21,0.05,444.0,0.07,214.28,0.08,116.5,0.93,288.28,0.92,116.5,0.94,373.38,0.95,407.05,0.01,0.01,2344.147664,1776266307000
1776266309.436,209.436,0.06,379.14,0.05,444.0,0.07,233.28,0.08,165.4,0.93,209.28,0.92,116.5,0.94,380.21,0.95,444.0,0.01,0.01,2344.091695,1776266308000
1776266310.535,210.535,0.06,343.21,0.05,401.0,0.07,374.47,0.08,190.4,0.93,214.28,0.92,165.4,0.94,376.04,0.95,444.0,0.01,0.01,2344.052385,1776266309000
1776266312.036,212.036,0.06,354.52,0.05,429.0,0.07,307.37,0.08,160.4,0.93,374.47,0.92,190.4,0.94,343.21,0.95,401.0,0.01,0.01,2343.95058,1776266310000
1776266312.239,212.239,0.06,352.58,0.05,413.05,0.07,314.37,0.08,170.4,0.93,307.37,0.92,160.4,0.94,354.52,0.95,429.0,0.01,0.01,2343.718821,1776266311000
1776266312.789,212.789,0.06,338.48,0.05,401.0,0.07,515.37,0.08,175.4,0.93,314.37,0.92,170.4,0.94,352.58,0.95,413.05,0.01,0.01,2343.718821,1776266311000
1776266315.4,215.4,0.06,316.65,0.05,390.0,0.07,434.58,0.08,232.39,0.93,515.37,0.92,175.4,0.94,338.48,0.95,401.0,0.01,0.01,2343.770275,1776266313000
1776266316.015,216.015,0.06,296.37,0.05,390.0,0.07,438.58,0.08,269.44,0.93,461.58,0.92,232.39,0.94,297.44,0.95,390.0,0.01,0.01,2343.708183,1776266315000
1776266317.931,217.931,0.06,144.37,0.05,390.0,0.07,323.58,0.08,175.4,0.93,438.58,0.92,269.44,0.94,296.37,0.95,390.0,0.01,0.01,2343.590582,1776266316000
1776266319.035,219.035,0.05,381.37,0.04,295.0,0.07,328.58,0.08,223.71,0.93,323.58,0.92,175.4,0.94,144.37,0.95,390.0,0.02,0.01,2343.538813,1776266317000
1776266319.367,219.367,0.05,366.37,0.04,295.0,0.06,323.3,0.07,278.58,0.93,328.58,0.92,223.71,0.95,381.37,0.96,295.0,0.01,0.02,2343.542133,1776266318000
1776266320.785,220.785,0.05,381.35,0.04,295.0,0.06,347.3,0.07,245.4,0.94,323.3,0.93,278.58,0.95,366.37,0.96,295.0,0.01,0.01,2343.542133,1776266318000
1776266322.909,222.909,0.05,348.91,0.04,306.0,0.06,419.3,0.07,256.7,0.94,347.3,0.93,245.4,0.95,379.13,0.96,295.0,0.01,0.01,2343.553685,1776266321000
1776266323.302,223.302,0.05,308.49,0.04,295.0,0.06,607.3,0.07,240.7,0.94,419.3,0.93,256.7,0.95,348.91,0.96,306.0,0.01,0.01,2343.553685,1776266321000
1776266324.174,224.174,0.05,30.49,0.04,295.0,0.06,804.69,0.07,188.58,0.94,642.3,0.93,235.7,0.95,261.49,0.96,295.0,0.01,0.01,2343.539259,1776266322000
1776266324.497,224.497,0.05,25.49,0.04,295.0,0.06,799.69,0.07,188.58,0.94,804.69,0.93,188.58,0.95,30.49,0.96,295.0,0.01,0.01,2343.537778,1776266323000
1776266324.71,224.71,0.04,287.74,0.03,309.0,0.05,161.5,0.06,563.69,0.95,10.5,0.94,841.69,0.96,267.49,0.97,309.0,0.01,0.01,2343.537778,1776266323000
1776266324.928,224.928,0.04,206.53,0.03,309.0,0.05,336.5,0.06,572.69,0.95,341.5,0.94,572.69,0.96,212.53,0.97,309.0,0.01,0.01,2343.537778,1776266323000
1776266325.207,225.207,0.04,193.53,0.03,309.0,0.05,471.3,0.06,572.69,0.95,350.5,0.94,572.69,0.96,198.53,0.97,309.0,0.01,0.01,2343.537778,1776266323000
1776266326.24,226.24,0.03,295.1,0.02,702.0,0.05,485.62,0.06,420.3,0.95,471.3,0.94,572.69,0.96,182.43,0.97,309.0,0.02,0.01,2343.089565,1776266325000
1776266326.454,226.454,0.03,294.76,0.02,702.0,0.04,277.5,0.05,306.62,0.96,266.5,0.95,306.62,0.97,294.76,0.98,702.0,0.01,0.01,2343.089565,1776266325000
1776266326.932,226.932,0.03,284.76,0.02,702.0,0.04,419.52,0.05,250.3,0.96,337.5,0.95,273.3,0.97,284.76,0.98,702.0,0.01,0.01,2343.089565,1776266325000
1776266327.94,227.94,0.03,290.76,0.02,702.0,0.04,432.52,0.05,250.3,0.96,419.52,0.95,250.3,0.97,284.76,0.98,702.0,0.01,0.01,2342.986517,1776266326000
1776266328.289,228.289,0.03,281.76,0.02,702.0,0.04,437.52,0.05,250.3,0.96,432.52,0.95,250.3,0.97,290.76,0.98,702.0,0.01,0.01,2342.986517,1776266326000
1776266328.595,228.595,0.03,265.06,0.02,702.0,0.04,437.52,0.05,250.3,0.96,437.52,0.95,250.3,0.97,274.06,0.98,702.0,0.01,0.01,2342.958443,1776266327000
1776266328.936,228.936,0.03,248.06,0.02,702.0,0.04,412.52,0.05,218.3,0.96,432.52,0.95,250.3,0.97,248.06,0.98,702.0,0.01,0.01,2342.958443,1776266327000
1776266329.586,229.586,0.03,191.4,0.02,702.0,0.04,560.52,0.05,213.3,0.96,447.52,0.95,218.3,0.97,193.4,0.98,702.0,0.01,0.01,2342.925312,1776266328000
1776266329.807,229.807,0.03,90.4,0.02,702.0,0.04,456.52,0.05,213.3,0.96,560.52,0.95,213.3,0.97,191.4,0.98,702.0,0.01,0.01,2342.925312,1776266328000
1776266330.336,230.336,0.03,26.4,0.02,702.0,0.04,327.52,0.05,198.3,0.96,451.52,0.95,213.3,0.97,83.4,0.98,702.0,0.01,0.01,2342.925312,1776266328000
1776266331.568,231.568,0.02,746.02,0.01,3253.63,0.03,340.02,0.04,187.7,0.97,287.7,0.96,236.52,0.98,674.15,0.99,2775.03,0.01,0.01,2342.898675,1776266330000
1776266331.96,231.96,0.02,717.9,0.01,3253.63,0.03,338.02,0.04,201.7,0.97,340.02,0.96,187.7,0.98,746.02,0.99,3253.63,0.01,0.01,2342.898675,1776266330000
1776266333.431,233.431,0.02,731.63,0.01,3258.63,0.03,226.32,0.04,178.7,0.97,338.02,0.96,201.7,0.98,717.9,0.99,3253.63,0.01,0.01,2343.039444,1776266332000
1776266334.515,234.515,0.02,695.22,0.01,3258.63,0.03,116.32,0.04,178.7,0.97,226.32,0.96,178.7,0.98,731.63,0.99,3258.63,0.01,0.01,2343.19067,1776266333000
1776266335.79,235.79,0.02,1069.18,0.01,3458.63,0.03,189.63,0.04,168.7,0.97,116.32,0.96,178.7,0.98,695.22,0.99,3258.63,0.01,0.01,2343.304104,1776266334000
1776266336.471,236.471,0.02,651.63,0.01,3263.63,0.03,169.63,0.04,156.7,0.97,189.63,0.96,168.7,0.98,1069.18,0.99,3458.63,0.01,0.01,2343.359265,1776266335000
1776266337.867,237.867,0.02,570.63,0.01,3658.63,0.03,98.63,0.04,183.7,0.97,125.63,0.96,156.7,0.98,651.63,0.99,3263.63,0.01,0.01,2343.38205,1776266336000
1776266338.594,238.594,0.02,399.44,0.01,3658.63,0.03,29.7,0.04,194.2,0.97,24.7,0.96,194.2,0.98,498.08,0.99,3958.63,0.01,0.01,2343.463708,1776266337000
1776266338.858,238.858,0.02,349.44,0.01,3658.63,0.03,24.7,0.04,194.2,0.97,29.7,0.96,194.2,0.98,399.44,0.99,3658.63,0.01,0.01,2343.463708,1776266337000
1776266340.401,240.401,0.02,228.4,0.01,3859.63,0.03,241.4,0.04,202.7,0.97,24.7,0.96,194.2,0.98,349.44,0.99,3658.63,0.01,0.01,2343.567306,1776266339000
1776266340.871,240.871,0.02,222.28,0.01,3054.62,0.03,15.7,0.04,209.7,0.97,88.7,0.96,197.7,0.98,225.33,0.99,3214.63,0.01,0.01,2343.567306,1776266339000
1776266341.071,241.071,0.02,206.22,0.01,3054.62,0.03,68.7,0.04,209.7,0.97,68.7,0.96,209.7,0.98,212.28,0.99,3054.62,0.01,0.01,2343.567306,1776266339000
1776266341.432,241.432,0.02,206.22,0.01,3054.62,0.03,35.36,0.04,214.7,0.97,68.7,0.96,214.7,0.98,206.22,0.99,3054.62,0.01,0.01,2343.572505,1776266340000
1776266341.762,241.762,0.02,186.12,0.01,3054.62,0.03,59.99,0.04,164.7,0.97,35.36,0.96,214.7,0.98,196.12,0.99,3054.62,0.01,0.01,2343.572505,1776266340000
1776266342.768,242.768,0.02,167.78,0.01,3218.63,0.03,64.99,0.04,164.7,0.97,59.99,0.96,164.7,0.98,177.87,0.99,3054.62,0.01,0.01,2343.568565,1776266341000
1776266342.998,242.998,0.02,171.75,0.01,3018.63,0.03,64.99,0.04,224.7,0.97,64.99,0.96,164.7,0.98,167.78,0.99,3218.63,0.01,0.01,2343.78667,1776266342000
1776266343.494,243.494,0.02,176.75,0.01,3018.63,0.03,24.99,0.04,174.7,0.97,64.99,0.96,224.7,0.98,171.75,0.99,3018.63,0.01,0.01,2343.78667,1776266342000
1776266344.65,244.65,0.02,560.45,0.01,3026.63,0.03,36.32,0.04,133.0,0.97,24.99,0.96,174.7,0.98,176.75,0.99,3018.63,0.01,0.01,2343.84385,1776266343000
1776266345.326,245.326,0.02,3.94,0.01,3026.63,0.03,49.71,0.04,133.0,0.97,34.71,0.96,133.0,0.98,187.9,0.99,3026.63,0.01,0.01,2343.898665,1776266344000
1776266345.698,245.698,0.03,3.96,0.02,187.64,0.04,124.0,0.05,131.8,0.97,49.71,0.96,133.0,0.98,3.94,0.99,3026.63,0.01,0.01,2343.898665,1776266344000
1776266345.902,245.902,0.02,124.82,0.01,3173.33,0.04,129.0,0.05,61.0,0.96,124.0,0.95,131.8,0.97,3.96,0.98,187.64,0.02,0.01,2343.99052,1776266345000
1776266346.455,246.455,0.03,28.0,0.02,148.82,0.04,102.0,0.05,61.0,0.96,129.0,0.95,61.0,0.98,124.82,0.99,3173.33,0.01,0.02,2343.99052,1776266345000
1776266346.822,246.822,0.03,333.0,0.02,548.82,0.04,107.0,0.05,66.0,0.96,102.0,0.95,61.0,0.97,28.0,0.98,148.82,0.01,0.01,2343.99052,1776266345000
1776266347.14,247.14,0.03,319.0,0.02,736.87,0.04,107.0,0.05,66.0,0.96,107.0,0.95,66.0,0.97,329.0,0.98,548.82,0.01,0.01,2343.99052,1776266345000
1776266348.172,248.172,0.03,333.41,0.02,734.82,0.04,181.0,0.05,191.8,0.96,112.0,0.95,66.0,0.97,334.45,0.98,742.81,0.01,0.01,2344.174568,1776266346000
1776266349.115,249.115,0.03,315.41,0.02,610.0,0.04,151.0,0.05,191.8,0.96,181.0,0.95,191.8,0.97,333.41,0.98,734.82,0.01,0.01,2344.359808,1776266348000
1776266349.76,249.76,0.03,0.6,0.02,5.0,0.04,367.7,0.05,185.8,0.96,151.0,0.95,191.8,0.97,315.41,0.98,610.0,0.01,0.01,2344.359808,1776266348000
1776266350.022,250.022,0.02,5.0,0.01,3012.55,0.05,62.52,0.06,123.8,0.97,14.94,0.96,372.7,0.98,5.0,0.99,3012.55,0.03,0.01,2344.359808,1776266348000
1776266350.421,250.421,0.01,2520.84,,,0.03,50.0,0.04,56.0,0.95,62.52,0.94,123.8,0.98,5.0,0.99,3012.55,0.02,0.03,2344.297387,1776266349000
1776266350.714,250.714,0.01,2462.87,,,0.02,92.0,0.03,103.0,0.97,55.0,0.96,56.0,0.99,2520.84,,,0.01,0.02,2344.297387,1776266349000
1776266351.079,251.079,0.01,2436.87,,,0.02,141.0,0.03,111.0,0.98,92.0,0.97,103.0,0.99,2462.87,,,0.01,0.01,2344.297387,1776266349000
1776266351.369,251.369,0.01,2428.87,,,0.02,146.0,0.03,245.06,0.98,141.0,0.97,111.0,0.99,2436.87,,,0.01,0.01,2344.344219,1776266350000
1776266351.927,251.927,0.01,2392.94,,,0.02,136.18,0.03,245.06,0.98,141.0,0.97,245.06,0.99,2392.94,,,0.01,0.01,2344.344219,1776266350000
1776266353.966,253.966,0.01,2232.94,,,0.02,50.0,0.03,245.06,0.98,136.18,0.97,245.06,0.99,2392.94,,,0.01,0.01,2343.920668,1776266352000
1776266355.783,255.783,0.01,2217.83,,,0.02,224.7,0.03,221.06,0.98,50.0,0.97,245.06,0.99,2232.94,,,0.01,0.01,2343.736505,1776266354000
1776266356.557,256.557,0.01,2215.32,,,0.02,238.7,0.03,221.06,0.98,224.7,0.97,221.06,0.99,2217.83,,,0.01,0.01,2343.787762,1776266355000
1776266357.089,257.089,0.01,2215.24,,,0.02,238.7,0.03,221.06,0.98,238.7,0.97,221.06,0.99,2215.32,,,0.01,0.01,2343.787762,1776266356000
1776266357.364,257.364,0.01,2152.24,,,0.02,320.7,0.03,221.06,0.98,238.7,0.97,221.06,0.99,2215.24,,,0.01,0.01,2343.787762,1776266356000
1776266358.797,258.797,0.01,2047.16,,,0.02,310.7,0.03,221.06,0.98,320.7,0.97,221.06,0.99,2152.24,,,0.01,0.01,2343.818818,1776266357000
1776266359.327,259.327,0.01,2041.14,,,0.02,260.7,0.03,207.06,0.98,310.7,0.97,221.06,0.99,2047.16,,,0.01,0.01,2343.75861,1776266358000
1776266359.981,259.981,0.01,2049.1,,,0.02,280.7,0.03,207.06,0.98,260.7,0.97,207.06,0.99,2045.12,,,0.01,0.01,2343.75861,1776266358000
1776266360.579,260.579,0.01,2038.1,,,0.02,349.7,0.03,207.06,0.98,280.7,0.97,207.06,0.99,2049.1,,,0.01,0.01,2343.699332,1776266359000
1776266360.876,260.876,0.01,1997.1,,,0.02,354.7,0.03,207.06,0.98,349.7,0.97,207.06,0.99,2008.1,,,0.01,0.01,2343.699332,1776266359000
1776266361.095,261.095,0.01,1966.79,,,0.02,364.7,0.03,207.06,0.98,354.7,0.97,207.06,0.99,1992.1,,,0.01,0.01,2343.699332,1776266359000
1776266361.785,261.785,0.01,1971.79,,,0.02,158.7,0.03,207.06,0.98,364.7,0.97,207.06,0.99,1966.79,,,0.01,0.01,2343.698535,1776266360000
1776266362.446,262.446,0.01,1849.54,,,0.02,205.24,0.03,207.06,0.98,157.24,0.97,207.06,0.99,1903.79,,,0.01,0.01,2343.68708,1776266361000
1776266363.458,263.458,0.01,1754.54,,,0.02,200.24,0.03,207.06,0.98,205.24,0.97,207.06,0.99,1849.54,,,0.01,0.01,2343.65834,1776266362000
1776266363.74,263.74,0.01,1752.54,,,0.02,190.24,0.03,207.06,0.98,200.24,0.97,207.06,0.99,1754.54,,,0.01,0.01,2343.65834,1776266362000
1776266363.985,263.985,0.01,1645.21,,,0.02,190.24,0.03,207.06,0.98,190.24,0.97,207.06,0.99,1665.21,,,0.01,0.01,2343.518274,1776266363000
1776266364.351,264.351,0.01,1644.19,,,0.02,227.24,0.03,201.06,0.98,190.24,0.97,207.06,0.99,1645.21,,,0.01,0.01,2343.518274,1776266363000
1776266364.572,264.572,0.01,836.1,,,0.02,227.24,0.03,201.06,0.98,227.24,0.97,201.06,0.99,1644.19,,,0.01,0.01,2343.518274,1776266363000
1776266364.841,264.841,0.01,829.04,,,0.02,227.24,0.03,201.06,0.98,227.24,0.97,201.06,0.99,831.04,,,0.01,0.01,2343.518274,1776266363000
1776266365.499,265.499,0.01,787.77,,,0.02,226.24,0.03,301.06,0.98,227.24,0.97,201.06,0.99,802.77,,,0.01,0.01,2343.341101,1776266364000
1776266365.871,265.871,0.01,717.77,,,0.02,301.24,0.03,201.06,0.98,226.24,0.97,301.06,0.99,731.77,,,0.01,0.01,2343.341101,1776266364000
1776266366.572,266.572,0.01,599.56,,,0.02,268.0,0.03,463.06,0.98,306.24,0.97,201.06,0.99,706.56,,,0.01,0.01,2343.203558,1776266365000
1776266366.824,266.824,0.01,580.56,,,0.02,336.23,0.03,452.06,0.98,268.0,0.97,463.06,0.99,587.56,,,0.01,0.01,2343.203558,1776266365000
1776266367.393,267.393,,,,,0.01,206.61,0.02,329.23,0.98,336.23,0.97,452.06,,,,,,,2343.203558,1776266365000
1776266368.775,268.775,,,,,0.01,750.38,0.02,329.23,0.99,206.61,0.98,329.23,,,,,,,2342.686463,1776266367000
1776266369.514,269.514,,,,,0.01,657.99,0.02,329.23,0.99,750.38,0.98,329.23,,,,,,,2342.6322,1776266368000
1776266370.472,270.472,,,,,0.01,10502.91,0.02,172.23,0.99,657.99,0.98,329.23,,,,,,,2342.6322,1776266368000
1776266370.685,270.685,,,,,0.01,10497.48,0.02,172.23,0.99,10502.91,0.98,172.23,,,,,,,2342.46247,1776266369000
1776266373.607,273.607,,,,,0.01,8984.91,0.02,172.23,0.99,10497.48,0.98,172.23,,,,,,,2342.49088,1776266372000
1776266376.25,276.25,,,,,0.01,8612.63,0.02,144.99,0.99,8984.91,0.98,172.23,,,,,,,2342.56313,1776266374000
1776266380.639,280.639,,,,,0.01,9317.96,0.02,144.99,0.99,8612.63,0.98,144.99,,,,,,,2342.501617,1776266379000
1776266381.988,281.988,,,,,0.01,9311.96,0.02,144.99,0.99,9317.96,0.98,144.99,,,,,,,2342.547208,1776266380000
1776266397.656,297.656,,,,,0.01,14226.62,0.02,150.99,0.99,9305.96,0.98,144.99,,,,,,,2342.416446,1776266396000
1776266399.641,299.641,,,,,0.01,29635.25,0.02,152.0,0.99,14226.62,0.98,150.99,,,,,,,2342.463486,1776266398000

# RESULT,winner=Down,slug=eth-updown-5m-1776266100,ticks=420
