timestamp,elapsed_sec,up_bid_p1,up_bid_s1,up_bid_p2,up_bid_s2,up_ask_p1,up_ask_s1,up_ask_p2,up_ask_s2,down_bid_p1,down_bid_s1,down_bid_p2,down_bid_s2,down_ask_p1,down_ask_s1,down_ask_p2,down_ask_s2,up_spread,down_spread,eth_price,eth_oracle_ts
1776231601.485,1.485,0.54,4.41,0.53,315.3,0.6,5.0,0.67,300.0,0.46,5.0,0.44,5.0,0.47,179.71,0.48,86.94,0.06,0.01,2316.467311,1776231600000
1776231601.829,1.829,0.53,179.71,0.52,76.94,0.54,10.0,0.55,33.0,0.46,5.0,0.44,5.0,0.47,179.71,0.48,86.94,0.01,0.01,2316.467311,1776231600000
1776231602.181,2.181,0.53,189.71,0.52,91.94,0.54,18.14,0.56,13.0,0.46,10.0,0.45,33.0,0.47,179.71,0.48,76.94,0.01,0.01,2316.4281,1776231601000
1776231602.422,2.422,0.55,7.86,0.53,184.71,0.56,18.0,0.57,13.0,0.44,13.0,0.43,13.0,0.45,17.86,0.47,189.71,0.01,0.01,2316.4281,1776231601000
1776231602.626,2.626,0.55,18.0,0.53,182.36,0.59,96.0,0.6,154.0,0.42,5.51,0.41,80.0,0.47,182.36,0.48,91.94,0.04,0.05,2316.4281,1776231601000
1776231602.899,2.899,0.55,18.0,0.53,182.36,0.59,96.0,0.6,154.0,0.41,96.0,0.4,154.0,0.45,18.0,0.47,182.36,0.04,0.04,2316.43142,1776231602000
1776231603.394,3.394,0.58,11.51,0.55,18.0,0.59,100.76,0.6,155.0,0.41,96.0,0.4,154.0,0.45,18.0,0.47,182.36,0.01,0.04,2316.43142,1776231602000
1776231603.738,3.738,0.58,1.51,0.55,23.51,0.59,78.0,0.6,168.0,0.41,95.0,0.4,155.0,0.42,6.51,0.45,23.51,0.01,0.01,2316.43142,1776231602000
1776231604.021,4.021,0.58,1.51,0.55,18.0,0.59,55.91,0.6,173.0,0.41,76.89,0.4,173.0,0.42,6.51,0.45,18.0,0.01,0.01,2316.440095,1776231603000
1776231604.971,4.971,0.55,18.0,0.54,62.96,0.59,55.91,0.6,173.0,0.41,55.91,0.4,173.0,0.42,1.51,0.45,18.0,0.04,0.01,2316.440095,1776231603000
1776231605.878,5.878,0.55,18.0,0.54,62.96,0.59,55.91,0.6,173.0,0.41,55.91,0.4,173.0,0.45,18.0,0.46,62.96,0.04,0.04,2316.555744,1776231604000
1776231606.292,6.292,0.55,23.0,0.54,67.96,0.59,45.92,0.6,155.0,0.41,55.91,0.4,173.0,0.45,18.0,0.46,62.96,0.04,0.04,2316.555744,1776231604000
1776231606.943,6.943,0.55,25.22,0.54,67.96,0.56,20.0,0.57,15.0,0.44,20.0,0.43,15.0,0.45,25.22,0.46,67.96,0.01,0.01,2316.65405,1776231606000
1776231607.61,7.61,0.55,30.22,0.54,77.96,0.59,45.92,0.6,165.0,0.44,20.0,0.43,15.0,0.45,25.22,0.46,67.96,0.04,0.01,2316.65405,1776231606000
1776231607.881,7.881,0.56,8.48,0.55,35.22,0.57,6.22,0.58,10.0,0.43,6.22,0.42,10.0,0.44,10.0,0.45,35.22,0.01,0.01,2316.65405,1776231606000
1776231608.157,8.157,0.56,8.48,0.55,35.22,0.57,6.22,0.58,10.0,0.43,6.22,0.42,10.0,0.44,8.48,0.45,35.22,0.01,0.01,2316.6487,1776231607000
1776231608.687,8.687,0.55,40.22,0.54,79.45,0.56,25.21,0.57,15.0,0.43,6.22,0.42,10.0,0.44,8.48,0.45,35.22,0.01,0.01,2316.6487,1776231607000
1776231608.937,8.937,0.55,5.0,0.52,10.0,0.56,4.49,0.57,15.0,0.44,25.21,0.43,15.0,0.49,141.89,0.5,200.85,0.01,0.05,2316.6487,1776231607000
1776231609.146,9.146,0.55,5.0,0.52,10.0,0.56,4.49,0.57,15.0,0.44,4.49,0.43,15.0,0.45,5.0,0.48,10.0,0.01,0.01,2316.60845,1776231608000
1776231610.219,10.219,0.55,5.0,0.54,15.0,0.56,8.29,0.57,15.0,0.44,8.29,0.43,15.0,0.45,5.0,0.46,15.0,0.01,0.01,2316.63395,1776231609000
1776231610.66,10.66,0.55,10.0,0.54,30.0,0.56,11.5,0.57,15.0,0.44,8.29,0.43,15.0,0.45,5.0,0.46,15.0,0.01,0.01,2316.63395,1776231609000
1776231611.218,11.218,0.55,10.0,0.54,30.0,0.56,11.5,0.57,15.0,0.44,11.5,0.43,15.0,0.45,10.0,0.46,30.0,0.01,0.01,2316.634,1776231610000
1776231611.474,11.474,0.51,34.8,0.5,115.85,0.52,10.0,0.53,70.0,0.47,70.0,0.45,85.0,0.49,34.9,0.5,115.85,0.01,0.02,2316.634,1776231610000
1776231611.733,11.733,0.5,120.85,0.49,19.42,0.51,21.27,0.52,15.0,0.49,15.2,0.48,15.0,0.5,115.85,0.51,19.42,0.01,0.01,2316.634,1776231610000
1776231612.202,12.202,0.5,130.85,0.49,19.42,0.51,10.56,0.52,25.41,0.49,21.27,0.48,15.0,0.5,120.85,0.51,19.42,0.01,0.01,2316.634,1776231610000
1776231612.418,12.418,0.5,117.25,0.49,19.42,0.51,8.59,0.52,76.04,0.49,8.59,0.48,86.45,0.5,125.25,0.51,19.42,0.01,0.01,2316.64405,1776231611000
1776231612.912,12.912,0.5,84.06,0.49,19.42,0.51,3.59,0.52,76.04,0.49,3.59,0.48,76.04,0.5,84.06,0.51,19.42,0.01,0.01,2316.6429,1776231612000
1776231613.435,13.435,0.5,124.06,0.49,29.42,0.51,3.59,0.52,89.04,0.49,3.59,0.48,76.04,0.5,84.06,0.51,19.42,0.01,0.01,2316.6429,1776231612000
1776231613.902,13.902,0.5,124.06,0.49,29.42,0.51,3.59,0.52,89.04,0.49,3.59,0.48,89.04,0.5,124.06,0.51,29.42,0.01,0.01,2316.046,1776231613000
1776231614.189,14.189,0.5,109.36,0.49,19.42,0.51,21.59,0.52,89.04,0.49,3.59,0.48,89.04,0.5,124.06,0.51,29.42,0.01,0.01,2316.046,1776231613000
1776231614.994,14.994,0.5,109.36,0.49,19.42,0.51,21.59,0.52,89.04,0.49,21.59,0.48,89.04,0.5,109.36,0.51,19.42,0.01,0.01,2316.12084,1776231614000
1776231615.292,15.292,0.5,44.56,0.49,19.42,0.51,12.66,0.52,23.0,0.49,21.59,0.48,89.04,0.5,109.36,0.51,19.42,0.01,0.01,2316.12084,1776231614000
1776231616.073,16.073,0.5,44.56,0.49,19.42,0.51,12.66,0.52,23.0,0.49,12.66,0.48,23.0,0.5,44.56,0.51,19.42,0.01,0.01,2316.18455,1776231615000
1776231616.417,16.417,0.5,74.56,0.49,109.42,0.51,0.5,0.54,10.0,0.49,12.66,0.48,23.0,0.5,44.56,0.51,19.42,0.01,0.01,2316.18455,1776231615000
1776231616.931,16.931,0.56,20.0,0.55,15.0,0.57,2.79,0.58,80.0,0.43,9.9,0.42,80.0,0.44,40.99,0.45,10.0,0.01,0.01,2316.18455,1776231615000
1776231617.265,17.265,0.56,12.72,0.55,15.0,0.57,20.0,0.58,85.0,0.43,2.79,0.42,80.0,0.44,20.0,0.45,15.0,0.01,0.01,2316.225905,1776231616000
1776231617.869,17.869,0.56,27.72,0.55,47.48,0.57,10.63,0.58,75.0,0.43,20.0,0.42,85.0,0.44,12.72,0.45,15.0,0.01,0.01,2316.225905,1776231616000
1776231618.179,18.179,0.57,15.0,0.56,27.72,0.58,77.5,0.59,28.01,0.42,75.0,0.41,28.01,0.44,22.72,0.45,47.48,0.01,0.02,2316.256228,1776231617000
1776231618.711,18.711,0.57,50.0,0.56,69.99,0.58,73.97,0.59,20.01,0.42,73.2,0.41,28.01,0.43,25.0,0.44,27.72,0.01,0.01,2316.256228,1776231617000
1776231619.686,19.686,0.57,45.0,0.56,69.99,0.58,52.97,0.59,20.01,0.42,52.97,0.41,20.01,0.43,45.0,0.44,69.99,0.01,0.01,2316.638875,1776231618000
1776231620.182,20.182,0.57,45.0,0.56,69.99,0.58,52.97,0.59,20.01,0.42,52.97,0.41,20.01,0.43,45.0,0.44,69.99,0.01,0.01,2316.762999,1776231619000
1776231620.704,20.704,0.6,75.0,0.59,20.0,0.61,5.0,0.63,20.0,0.39,13.11,0.38,20.0,0.42,20.0,0.43,25.0,0.01,0.03,2316.762999,1776231619000
1776231621.17,21.17,0.6,75.0,0.59,20.0,0.61,5.0,0.63,20.0,0.39,5.0,0.37,20.0,0.4,75.0,0.41,20.0,0.01,0.01,2316.766891,1776231620000
1776231622.142,22.142,0.6,75.0,0.59,20.0,0.61,5.0,0.63,20.0,0.39,5.0,0.37,20.0,0.4,75.0,0.41,20.0,0.01,0.01,2316.771635,1776231621000
1776231622.739,22.739,0.61,12.0,0.6,30.0,0.62,35.0,0.63,30.0,0.39,5.0,0.37,20.0,0.4,75.0,0.41,20.0,0.01,0.01,2316.771635,1776231621000
1776231623.185,23.185,0.61,12.0,0.6,30.0,0.62,35.0,0.63,30.0,0.38,35.0,0.37,30.0,0.39,12.0,0.4,30.0,0.01,0.01,2316.90814,1776231622000
1776231624.175,24.175,0.61,12.0,0.6,30.0,0.62,35.0,0.63,30.0,0.38,35.0,0.37,30.0,0.39,12.0,0.4,30.0,0.01,0.01,2316.932355,1776231623000
1776231625.159,25.159,0.52,31.86,0.51,33.0,0.55,5.0,0.56,20.0,0.45,5.0,0.44,20.0,0.48,31.86,0.49,33.0,0.03,0.03,2317.007031,1776231624000
1776231626.167,26.167,0.52,31.86,0.51,33.0,0.55,5.0,0.56,20.0,0.45,5.0,0.44,20.0,0.48,31.86,0.49,33.0,0.03,0.03,2316.79734,1776231625000
1776231627.098,27.098,0.53,15.0,0.5,133.56,0.54,12.77,0.55,15.0,0.45,5.0,0.44,20.0,0.48,31.86,0.49,33.0,0.01,0.03,2316.79734,1776231625000
1776231627.446,27.446,0.52,15.0,0.5,29.56,0.53,1.66,0.54,77.77,0.46,12.77,0.45,15.0,0.47,15.0,0.5,133.56,0.01,0.01,2316.571895,1776231626000
1776231627.869,27.869,0.5,13.92,0.49,24.42,0.51,19.7,0.52,15.0,0.49,15.0,0.48,10.0,0.5,8.92,0.51,19.42,0.01,0.01,2316.571895,1776231626000
1776231628.119,28.119,0.5,13.92,0.49,24.42,0.51,19.7,0.52,15.0,0.49,19.7,0.48,15.0,0.5,13.92,0.51,24.42,0.01,0.01,2316.49875,1776231627000
1776231629.134,29.134,0.5,13.92,0.49,24.42,0.51,19.7,0.52,15.0,0.49,19.7,0.48,15.0,0.5,13.92,0.51,24.42,0.01,0.01,2316.4127,1776231628000
1776231630.048,30.048,0.5,13.92,0.49,24.42,0.51,19.7,0.52,15.0,0.49,19.7,0.48,15.0,0.5,13.92,0.51,24.42,0.01,0.01,2316.347995,1776231629000
1776231630.582,30.582,0.52,35.0,0.51,80.0,0.53,20.5,0.54,85.0,0.49,19.7,0.48,15.0,0.5,13.92,0.51,24.42,0.01,0.01,2316.347995,1776231629000
1776231631.031,31.031,0.52,35.0,0.51,80.0,0.53,20.5,0.54,85.0,0.47,20.5,0.46,85.0,0.48,35.0,0.49,80.0,0.01,0.01,2316.38253,1776231630000
1776231631.474,31.474,0.52,30.0,0.51,80.0,0.53,18.61,0.54,95.0,0.47,20.5,0.46,85.0,0.48,35.0,0.49,80.0,0.01,0.01,2316.38253,1776231630000
1776231632.042,32.042,0.52,30.0,0.51,80.0,0.53,18.61,0.54,20.0,0.47,18.61,0.46,95.0,0.48,30.0,0.49,80.0,0.01,0.01,2316.38253,1776231630000
1776231632.62,32.62,0.52,30.0,0.51,80.0,0.53,18.61,0.54,20.0,0.47,18.61,0.46,20.0,0.48,30.0,0.49,80.0,0.01,0.01,2316.449735,1776231631000
1776231633.009,33.009,0.52,20.0,0.51,70.0,0.53,65.0,0.54,25.0,0.47,18.61,0.46,20.0,0.48,30.0,0.49,80.0,0.01,0.01,2316.449735,1776231631000
1776231634.061,34.061,0.52,20.0,0.51,70.0,0.53,65.0,0.54,25.0,0.47,65.0,0.46,25.0,0.48,20.0,0.49,70.0,0.01,0.01,2316.47865,1776231633000
1776231635.089,35.089,0.52,20.0,0.51,70.0,0.53,65.0,0.54,25.0,0.47,65.0,0.46,25.0,0.48,20.0,0.49,70.0,0.01,0.01,2316.47865,1776231634000
1776231636.093,36.093,0.52,20.0,0.51,70.0,0.53,65.0,0.54,25.0,0.47,65.0,0.46,25.0,0.48,20.0,0.49,70.0,0.01,0.01,2316.4485,1776231635000
1776231637.066,37.066,0.52,20.0,0.51,70.0,0.53,65.0,0.54,25.0,0.47,65.0,0.46,25.0,0.48,20.0,0.49,70.0,0.01,0.01,2316.46254,1776231636000
1776231638.024,38.024,0.52,20.0,0.51,70.0,0.53,65.0,0.54,25.0,0.47,65.0,0.46,25.0,0.48,20.0,0.49,70.0,0.01,0.01,2316.45345,1776231637000
1776231638.964,38.964,0.52,20.0,0.51,70.0,0.53,65.0,0.54,25.0,0.47,65.0,0.46,25.0,0.48,20.0,0.49,70.0,0.01,0.01,2316.4435,1776231638000
1776231639.465,39.465,0.47,2.28,0.46,31.0,0.49,64.0,0.5,29.0,0.51,79.0,0.5,29.0,0.52,0.29,0.53,21.0,0.02,0.01,2316.4435,1776231638000
1776231640.022,40.022,0.47,2.28,0.46,31.0,0.49,64.0,0.5,29.0,0.51,64.0,0.5,29.0,0.53,2.28,0.54,31.0,0.02,0.02,2316.44375,1776231639000
1776231640.609,40.609,0.46,43.62,0.45,50.11,0.48,36.0,0.49,26.0,0.51,64.0,0.5,29.0,0.53,2.28,0.54,31.0,0.02,0.02,2316.44375,1776231639000
1776231641.005,41.005,0.47,5.0,0.46,57.62,0.48,26.0,0.49,26.0,0.52,26.0,0.51,26.0,0.53,5.0,0.54,57.62,0.01,0.01,2316.267775,1776231640000
1776231641.941,41.941,0.47,5.0,0.46,57.62,0.48,26.0,0.49,26.0,0.52,26.0,0.51,26.0,0.53,5.0,0.54,57.62,0.01,0.01,2316.0923,1776231641000
1776231642.461,42.461,0.5,93.45,0.49,84.64,0.51,15.0,0.52,108.0,0.49,15.0,0.48,108.0,0.5,30.45,0.51,89.64,0.01,0.01,2316.0923,1776231641000
1776231642.928,42.928,0.5,93.45,0.49,84.64,0.51,15.0,0.52,108.0,0.49,15.0,0.48,108.0,0.5,93.45,0.51,84.64,0.01,0.01,2316.1968,1776231642000
1776231643.929,43.929,0.5,93.45,0.49,79.64,0.51,13.03,0.52,118.0,0.49,13.03,0.48,118.0,0.5,93.45,0.51,79.64,0.01,0.01,2316.20405,1776231643000
1776231644.938,44.938,0.5,80.45,0.49,57.64,0.51,31.0,0.52,25.0,0.49,13.03,0.48,118.0,0.5,93.45,0.51,79.64,0.01,0.01,2316.20405,1776231643000
1776231645.553,45.553,0.5,80.45,0.49,57.64,0.51,31.0,0.52,25.0,0.49,31.0,0.48,25.0,0.5,80.45,0.51,57.64,0.01,0.01,2316.263985,1776231644000
1776231645.97,45.97,0.5,87.45,0.49,57.64,0.51,26.0,0.52,15.0,0.49,31.0,0.48,25.0,0.5,80.45,0.51,57.64,0.01,0.01,2316.263985,1776231644000
1776231646.943,46.943,0.5,13.03,0.49,19.64,0.51,264.0,0.52,18.0,0.49,26.0,0.48,15.0,0.5,87.45,0.51,57.64,0.01,0.01,2316.2885,1776231645000
1776231647.151,47.151,0.4,7.9,0.38,10.0,0.41,10.0,0.42,10.0,0.59,10.0,0.58,10.0,0.6,17.9,0.62,10.0,0.01,0.01,2316.2885,1776231645000
1776231647.443,47.443,0.4,7.9,0.38,10.0,0.41,10.0,0.42,10.0,0.59,10.0,0.58,10.0,0.6,7.9,0.62,10.0,0.01,0.01,2316.27812,1776231646000
1776231647.848,47.848,0.4,6.06,0.38,10.0,0.41,189.0,0.42,149.0,0.59,10.0,0.58,10.0,0.6,7.9,0.62,10.0,0.01,0.01,2316.27812,1776231646000
1776231648.196,48.196,0.4,6.06,0.38,10.0,0.41,189.0,0.42,149.0,0.59,189.0,0.58,149.0,0.6,6.06,0.62,10.0,0.01,0.01,2316.331879,1776231647000
1776231648.689,48.689,0.39,9.0,0.38,20.0,0.4,23.0,0.41,134.0,0.59,201.53,0.58,149.0,0.61,20.0,0.62,10.0,0.01,0.02,2316.331879,1776231647000
1776231649.028,49.028,0.39,11.0,0.38,20.0,0.4,139.0,0.41,129.0,0.6,23.0,0.59,134.0,0.61,9.0,0.62,20.0,0.01,0.01,2316.331879,1776231647000
1776231649.582,49.582,0.39,11.0,0.38,20.0,0.4,139.0,0.41,129.0,0.6,139.0,0.59,129.0,0.61,11.0,0.62,20.0,0.01,0.01,2315.61515,1776231648000
1776231649.981,49.981,0.39,11.0,0.38,20.0,0.4,139.0,0.41,129.0,0.6,139.0,0.59,129.0,0.61,11.0,0.62,20.0,0.01,0.01,2315.611875,1776231649000
1776231650.237,50.237,0.32,5.0,0.31,60.0,0.34,24.9,0.36,7.81,0.66,25.0,0.6,122.0,0.71,96.86,0.72,247.0,0.02,0.05,2315.611875,1776231649000
1776231650.726,50.726,0.36,25.1,0.33,5.0,0.4,98.0,0.43,100.0,0.66,24.9,0.64,7.81,0.67,5.79,0.68,175.0,0.04,0.01,2315.611875,1776231649000
1776231651.07,51.07,0.39,131.35,0.38,225.0,0.43,5.0,0.44,5.0,0.6,50.0,0.55,19.39,0.61,46.35,0.62,153.15,0.04,0.01,2315.611875,1776231649000
1776231651.318,51.318,0.4,0.7,0.39,56.35,0.43,23.0,0.45,14.39,0.57,5.0,0.56,5.0,0.61,131.35,0.62,225.0,0.03,0.04,2315.582773,1776231650000
1776231651.529,51.529,0.4,10.0,0.39,57.05,0.41,50.0,0.42,10.0,0.57,130.0,0.56,10.0,0.61,52.05,0.62,220.0,0.01,0.04,2315.582773,1776231650000
1776231652.544,52.544,0.4,11.12,0.39,57.05,0.41,42.0,0.42,10.0,0.59,168.0,0.58,110.0,0.6,9.46,0.61,193.05,0.01,0.01,2315.582773,1776231650000
1776231653.101,53.101,0.39,57.05,0.38,225.0,0.41,38.48,0.42,10.0,0.59,30.92,0.58,10.0,0.6,11.12,0.61,57.05,0.02,0.01,2315.425001,1776231651000
1776231654.018,54.018,0.4,25.0,0.39,57.05,0.41,40.33,0.42,15.0,0.59,38.48,0.58,10.0,0.61,57.05,0.62,225.0,0.01,0.02,2315.613651,1776231652000
1776231654.322,54.322,0.4,30.0,0.39,57.05,0.43,42.0,0.44,110.0,0.59,40.33,0.58,15.0,0.6,25.0,0.61,57.05,0.03,0.01,2315.613651,1776231652000
1776231654.94,54.94,0.4,30.0,0.39,57.05,0.43,42.0,0.44,110.0,0.57,42.0,0.56,110.0,0.6,30.0,0.61,57.05,0.03,0.03,2315.71305,1776231654000
1776231655.209,55.209,0.42,20.0,0.41,25.0,0.43,23.0,0.45,24.39,0.57,42.0,0.56,110.0,0.6,30.0,0.61,57.05,0.01,0.03,2315.71305,1776231654000
1776231655.52,55.52,0.42,31.0,0.41,25.0,0.45,24.39,0.46,160.0,0.57,23.0,0.55,24.39,0.58,20.0,0.59,25.0,0.03,0.01,2315.71305,1776231654000
1776231656.071,56.071,0.42,31.0,0.41,25.0,0.45,24.39,0.46,160.0,0.55,24.39,0.54,160.0,0.58,31.0,0.59,25.0,0.03,0.03,2315.710671,1776231655000
1776231656.663,56.663,0.44,20.0,0.43,50.0,0.45,9.39,0.48,43.0,0.55,42.39,0.54,70.0,0.56,1.07,0.57,28.44,0.01,0.01,2315.710671,1776231655000
1776231657.242,57.242,0.44,57.0,0.43,50.0,0.48,53.0,0.49,110.0,0.52,53.0,0.51,110.0,0.56,57.0,0.57,50.0,0.04,0.04,2315.788512,1776231656000
1776231657.543,57.543,0.47,10.0,0.46,47.0,0.48,62.0,0.49,15.0,0.52,53.0,0.51,110.0,0.56,57.0,0.57,50.0,0.01,0.04,2315.788512,1776231656000
1776231658.374,58.374,0.47,10.0,0.46,47.0,0.48,62.0,0.49,15.0,0.52,62.0,0.51,15.0,0.53,10.0,0.54,47.0,0.01,0.01,2315.937895,1776231657000
1776231658.897,58.897,0.47,10.0,0.46,47.0,0.48,62.0,0.49,15.0,0.52,62.0,0.51,15.0,0.53,10.0,0.54,47.0,0.01,0.01,2315.99579,1776231658000
1776231659.124,59.124,0.47,31.0,0.46,38.0,0.49,10.0,0.5,15.0,0.52,8.43,0.51,10.0,0.53,36.0,0.54,38.0,0.02,0.01,2315.99579,1776231658000
1776231660.056,60.056,0.47,31.0,0.46,38.0,0.49,10.0,0.5,15.0,0.51,10.0,0.5,15.0,0.53,31.0,0.54,38.0,0.02,0.02,2316.03765,1776231659000
1776231660.65,60.65,0.47,58.0,0.46,32.43,0.51,75.2,0.52,10.0,0.51,10.0,0.5,15.0,0.53,31.0,0.54,38.0,0.04,0.02,2316.03765,1776231659000
1776231660.973,60.973,0.47,58.0,0.46,32.43,0.51,75.2,0.52,10.0,0.49,75.2,0.48,10.0,0.53,58.0,0.54,32.43,0.04,0.04,2316.103243,1776231660000
1776231661.996,61.996,0.47,58.0,0.46,32.43,0.51,75.2,0.52,10.0,0.49,75.2,0.48,10.0,0.53,58.0,0.54,32.43,0.04,0.04,2316.12597,1776231661000
1776231662.397,62.397,0.45,56.7,0.44,150.0,0.46,110.0,0.47,10.0,0.54,65.0,0.53,10.0,0.55,60.78,0.56,150.0,0.01,0.01,2316.12597,1776231661000
1776231662.973,62.973,0.45,56.7,0.44,150.0,0.46,110.0,0.47,10.0,0.54,110.0,0.53,10.0,0.55,56.7,0.56,150.0,0.01,0.01,2316.2216,1776231662000
1776231663.941,63.941,0.45,56.7,0.44,150.0,0.46,110.0,0.47,10.0,0.54,110.0,0.53,10.0,0.55,56.7,0.56,150.0,0.01,0.01,2315.961384,1776231663000
1776231664.89,64.89,0.45,56.7,0.44,145.0,0.46,202.0,0.47,15.0,0.54,110.0,0.53,10.0,0.55,56.7,0.56,150.0,0.01,0.01,2315.961384,1776231663000
1776231665.904,65.904,0.45,56.7,0.44,145.0,0.46,202.0,0.47,15.0,0.54,202.0,0.53,15.0,0.55,56.7,0.56,145.0,0.01,0.01,2315.890845,1776231665000
1776231666.945,66.945,0.45,56.7,0.44,145.0,0.46,202.0,0.47,15.0,0.54,202.0,0.53,15.0,0.55,56.7,0.56,145.0,0.01,0.01,2315.890895,1776231666000
1776231667.832,67.832,0.45,56.7,0.44,145.0,0.46,202.0,0.47,15.0,0.54,202.0,0.53,15.0,0.55,56.7,0.56,145.0,0.01,0.01,2315.885807,1776231667000
1776231668.187,68.187,0.47,20.0,0.46,19.92,0.5,13.82,0.51,85.39,0.54,202.0,0.53,15.0,0.55,56.7,0.56,145.0,0.03,0.01,2315.885807,1776231667000
1776231668.401,68.401,0.48,15.0,0.47,34.0,0.49,61.7,0.5,33.82,0.51,71.9,0.5,33.82,0.52,15.0,0.53,25.0,0.01,0.01,2315.885807,1776231667000
1776231668.779,68.779,0.48,15.0,0.47,34.0,0.49,61.7,0.5,33.82,0.51,61.7,0.5,33.82,0.52,15.0,0.53,34.0,0.01,0.01,2315.90081,1776231668000
1776231669.305,69.305,0.48,34.92,0.47,20.0,0.5,18.82,0.51,85.39,0.51,61.7,0.5,33.82,0.52,15.0,0.53,34.0,0.02,0.01,2315.90081,1776231668000
1776231669.607,69.607,0.49,52.92,0.48,31.07,0.51,69.8,0.53,5.0,0.5,18.82,0.49,85.39,0.52,34.92,0.53,20.0,0.02,0.02,2315.90081,1776231668000
1776231669.887,69.887,0.5,25.99,0.49,20.07,0.51,4.91,0.55,5.0,0.49,9.8,0.45,5.0,0.5,15.0,0.51,53.07,0.01,0.01,2315.90081,1776231668000
1776231670.285,70.285,0.5,25.99,0.49,20.07,0.55,5.0,0.56,50.0,0.45,5.0,0.44,50.0,0.5,25.99,0.51,20.07,0.05,0.05,2316.05295,1776231669000
1776231670.588,70.588,0.54,10.0,0.53,15.0,0.55,20.0,0.56,50.0,0.45,5.0,0.44,50.0,0.5,25.99,0.51,20.07,0.01,0.05,2316.05295,1776231669000
1776231671.217,71.217,0.54,3.0,0.53,15.0,0.55,36.0,0.56,50.0,0.45,36.0,0.44,50.0,0.46,3.0,0.47,15.0,0.01,0.01,2316.158,1776231670000
1776231671.515,71.515,0.54,18.0,0.53,20.0,0.55,8.0,0.56,50.0,0.45,36.0,0.44,50.0,0.46,3.0,0.47,15.0,0.01,0.01,2316.158,1776231670000
1776231671.952,71.952,0.54,18.0,0.53,27.0,0.56,50.0,0.57,20.0,0.45,8.0,0.44,50.0,0.46,18.0,0.47,20.0,0.02,0.01,2316.158,1776231670000
1776231672.159,72.159,0.55,20.0,0.54,13.0,0.56,34.0,0.57,20.0,0.44,34.0,0.43,20.0,0.45,20.0,0.46,13.0,0.01,0.01,2316.498155,1776231671000
1776231672.545,72.545,0.57,71.0,0.56,15.0,0.59,5.28,0.6,15.0,0.44,34.0,0.43,20.0,0.45,20.0,0.46,13.0,0.02,0.01,2316.498155,1776231671000
1776231673.626,73.626,0.58,22.88,0.57,32.0,0.59,10.0,0.6,10.0,0.41,10.0,0.4,10.0,0.42,22.88,0.43,32.0,0.01,0.01,2316.57988,1776231672000
1776231674.055,74.055,0.6,20.0,0.59,26.0,0.61,40.56,0.62,10.0,0.39,45.28,0.38,84.07,0.4,49.5,0.41,20.0,0.01,0.01,2316.57988,1776231672000
1776231674.954,74.954,0.63,48.0,0.62,20.0,0.64,5.0,0.65,156.5,0.37,10.0,0.36,80.0,0.39,10.0,0.4,25.0,0.01,0.02,2316.582215,1776231673000
1776231675.423,75.423,0.63,94.0,0.62,25.0,0.64,1.28,0.67,10.0,0.36,5.0,0.35,156.5,0.37,48.0,0.38,20.0,0.01,0.01,2316.86185,1776231674000
1776231675.712,75.712,0.63,99.0,0.62,25.0,0.67,20.0,0.68,92.51,0.36,1.28,0.33,10.0,0.37,94.0,0.38,25.0,0.04,0.01,2316.86185,1776231674000
1776231676.181,76.181,0.63,99.0,0.62,25.0,0.67,20.0,0.68,92.51,0.33,20.0,0.32,92.51,0.37,99.0,0.38,25.0,0.04,0.04,2316.9996,1776231675000
1776231676.967,76.967,0.66,65.0,0.65,61.0,0.67,7.4,0.68,92.51,0.33,20.0,0.32,92.51,0.37,99.0,0.38,25.0,0.01,0.04,2316.9996,1776231675000
1776231677.396,77.396,0.66,67.05,0.65,61.0,0.67,7.4,0.68,92.51,0.33,7.4,0.32,92.51,0.34,65.0,0.35,61.0,0.01,0.01,2317.189345,1776231676000
1776231677.911,77.911,0.66,59.1,0.65,61.0,0.67,7.4,0.68,92.51,0.33,7.4,0.32,92.51,0.34,67.05,0.35,61.0,0.01,0.01,2317.189345,1776231676000
1776231678.131,78.131,0.66,64.1,0.65,61.0,0.68,87.91,0.69,10.0,0.32,87.91,0.31,10.0,0.34,64.1,0.35,61.0,0.02,0.02,2317.333285,1776231677000
1776231679.097,79.097,0.66,64.1,0.65,61.0,0.68,87.91,0.69,10.0,0.32,87.91,0.31,10.0,0.34,64.1,0.35,61.0,0.02,0.02,2317.349725,1776231678000
1776231679.355,79.355,0.67,66.66,0.66,71.1,0.68,7.64,0.69,35.47,0.32,15.0,0.31,10.0,0.33,50.66,0.34,71.1,0.01,0.01,2317.349725,1776231678000
1776231680.145,80.145,0.67,88.53,0.66,71.1,0.68,7.64,0.69,35.47,0.32,7.64,0.31,35.47,0.33,88.53,0.34,71.1,0.01,0.01,2317.36692,1776231679000
1776231680.864,80.864,0.67,85.53,0.66,64.1,0.68,3.52,0.7,80.0,0.32,7.64,0.31,35.47,0.33,80.53,0.34,64.1,0.01,0.01,2317.36692,1776231679000
1776231681.117,81.117,0.67,37.0,0.63,5.0,0.69,6.48,0.7,80.0,0.31,6.48,0.3,80.0,0.33,37.0,0.37,5.0,0.02,0.02,2317.377075,1776231680000
1776231681.542,81.542,0.67,17.0,0.66,5.0,0.68,15.0,0.69,86.48,0.31,6.48,0.3,80.0,0.33,37.0,0.37,5.0,0.01,0.02,2317.377075,1776231680000
1776231681.849,81.849,0.67,7.0,0.66,5.0,0.68,15.0,0.69,93.48,0.32,15.0,0.31,86.48,0.33,10.09,0.34,5.0,0.01,0.01,2317.377075,1776231680000
1776231682.26,82.26,0.67,15.11,0.66,5.0,0.68,30.0,0.69,93.48,0.32,15.0,0.31,93.48,0.33,7.0,0.34,5.0,0.01,0.01,2317.372395,1776231681000
1776231682.543,82.543,0.68,7.76,0.67,10.11,0.69,99.98,0.7,92.0,0.31,93.48,0.3,92.0,0.32,7.76,0.33,10.11,0.01,0.01,2317.372395,1776231681000
1776231682.753,82.753,0.68,2.73,0.67,10.11,0.69,86.48,0.7,92.0,0.31,99.98,0.3,92.0,0.32,7.76,0.33,10.11,0.01,0.01,2317.372395,1776231681000
1776231683.056,83.056,0.68,2.73,0.67,10.11,0.69,86.48,0.7,92.0,0.31,86.48,0.3,92.0,0.32,2.73,0.33,10.11,0.01,0.01,2317.383785,1776231682000
1776231683.289,83.289,0.67,7.75,0.66,5.0,0.69,91.48,0.7,92.0,0.31,86.48,0.3,92.0,0.32,2.73,0.33,10.11,0.02,0.01,2317.383785,1776231682000
1776231683.864,83.864,0.68,35.0,0.67,34.0,0.69,58.76,0.7,70.0,0.31,91.48,0.3,92.0,0.33,7.75,0.34,5.0,0.01,0.02,2317.383785,1776231682000
1776231684.068,84.068,0.69,52.0,0.68,22.0,0.7,67.8,0.71,55.0,0.3,70.0,0.29,65.0,0.32,35.0,0.33,34.0,0.01,0.02,2317.35556,1776231683000
1776231684.343,84.343,0.69,93.0,0.68,27.0,0.7,65.7,0.71,50.0,0.3,67.13,0.29,55.0,0.31,83.0,0.32,27.0,0.01,0.01,2317.35556,1776231683000
1776231684.976,84.976,0.69,93.0,0.68,27.0,0.7,65.7,0.71,50.0,0.3,65.7,0.29,50.0,0.31,93.0,0.32,27.0,0.01,0.01,2317.25679,1776231684000
1776231685.316,85.316,0.69,98.0,0.68,34.0,0.7,49.84,0.74,10.0,0.3,65.7,0.29,50.0,0.31,93.0,0.32,27.0,0.01,0.01,2317.25679,1776231684000
1776231686.478,86.478,0.69,98.0,0.68,34.0,0.7,28.84,0.74,20.0,0.3,28.84,0.26,20.0,0.31,98.0,0.32,34.0,0.01,0.01,2317.489289,1776231685000
1776231687.081,87.081,0.69,98.0,0.68,34.0,0.7,28.84,0.74,20.0,0.3,28.84,0.26,20.0,0.31,98.0,0.32,34.0,0.01,0.01,2317.513398,1776231686000
1776231687.411,87.411,0.75,88.0,0.74,52.0,0.76,176.22,0.77,215.0,0.3,28.84,0.26,20.0,0.31,98.0,0.32,34.0,0.01,0.01,2317.513398,1776231686000
1776231688.103,88.103,0.75,76.95,0.74,52.0,0.76,166.59,0.77,215.0,0.24,166.59,0.23,215.0,0.25,76.95,0.26,52.0,0.01,0.01,2317.58191,1776231687000
1776231688.643,88.643,0.74,11.53,0.73,10.0,0.76,191.59,0.77,145.0,0.24,166.59,0.23,215.0,0.25,76.95,0.26,52.0,0.02,0.01,2317.58191,1776231687000
1776231688.888,88.888,0.74,11.53,0.73,10.0,0.75,23.0,0.76,56.59,0.24,191.59,0.23,145.0,0.26,11.53,0.27,10.0,0.01,0.02,2317.58191,1776231687000
1776231689.182,89.182,0.74,11.53,0.73,10.0,0.75,20.97,0.76,56.59,0.25,20.97,0.24,56.59,0.26,11.53,0.27,10.0,0.01,0.01,2317.603175,1776231688000
1776231690.249,90.249,0.74,11.53,0.73,10.0,0.75,20.97,0.76,56.59,0.25,20.97,0.24,56.59,0.26,11.53,0.27,10.0,0.01,0.01,2317.67512,1776231689000
1776231691.26,91.26,0.74,11.53,0.73,10.0,0.75,20.97,0.76,56.59,0.25,20.97,0.24,56.59,0.26,11.53,0.27,10.0,0.01,0.01,2317.67715,1776231690000
1776231692.336,92.336,0.77,50.0,0.76,10.0,0.78,85.0,0.79,180.0,0.25,20.97,0.24,56.59,0.26,11.53,0.27,10.0,0.01,0.01,2317.67715,1776231690000
1776231692.893,92.893,0.77,60.84,0.76,15.0,0.78,24.9,0.79,105.0,0.22,24.9,0.21,105.0,0.23,60.84,0.24,15.0,0.01,0.01,2317.774625,1776231692000
1776231693.326,93.326,0.78,55.0,0.77,25.84,0.79,42.62,0.84,26.8,0.21,64.62,0.2,10.0,0.22,15.0,0.23,32.84,0.01,0.01,2317.774625,1776231692000
1776231693.852,93.852,0.78,107.0,0.77,32.84,0.79,42.55,0.8,10.0,0.21,42.62,0.16,26.8,0.22,55.0,0.23,25.84,0.01,0.01,2317.774625,1776231692000
1776231694.435,94.435,0.78,107.0,0.77,42.84,0.79,32.48,0.81,10.0,0.21,42.55,0.2,10.0,0.22,107.0,0.23,32.84,0.01,0.01,2317.828087,1776231693000
1776231694.672,94.672,0.78,120.0,0.77,42.84,0.79,29.4,0.81,10.0,0.21,32.48,0.19,10.0,0.22,107.0,0.23,42.84,0.01,0.01,2317.828087,1776231693000
1776231694.875,94.875,0.78,120.0,0.77,42.84,0.79,29.4,0.81,10.0,0.21,29.4,0.19,10.0,0.22,120.0,0.23,42.84,0.01,0.01,2318.13287,1776231694000
1776231695.815,95.815,0.78,135.0,0.77,42.84,0.79,28.13,0.85,44.2,0.21,29.4,0.19,10.0,0.22,120.0,0.23,42.84,0.01,0.01,2318.13287,1776231694000
1776231696.852,96.852,0.78,135.0,0.77,42.84,0.79,28.13,0.85,44.2,0.21,28.13,0.15,44.2,0.22,135.0,0.23,42.84,0.01,0.01,2318.383045,1776231696000
1776231697.171,97.171,0.83,15.0,0.82,15.0,0.85,124.75,0.86,126.9,0.15,119.75,0.14,126.9,0.16,38.0,0.17,15.0,0.02,0.01,2318.383045,1776231696000
1776231697.858,97.858,0.84,10.0,0.83,65.0,0.85,128.69,0.86,136.9,0.15,128.69,0.14,136.9,0.16,10.0,0.17,65.0,0.01,0.01,2318.42338,1776231697000
1776231698.212,98.212,0.84,40.0,0.83,65.0,0.85,109.96,0.86,219.68,0.15,128.69,0.14,136.9,0.16,10.0,0.17,65.0,0.01,0.01,2318.42338,1776231697000
1776231698.961,98.961,0.84,40.0,0.83,65.0,0.85,109.96,0.86,219.68,0.15,109.96,0.14,219.68,0.16,40.0,0.17,65.0,0.01,0.01,2318.419,1776231698000
1776231699.457,99.457,0.84,45.0,0.83,30.0,0.85,67.17,0.87,31.8,0.15,109.96,0.14,219.68,0.16,40.0,0.17,65.0,0.01,0.01,2318.419,1776231698000
1776231700.004,100.004,0.83,15.0,0.82,25.0,0.85,99.0,0.86,60.0,0.15,67.17,0.13,31.8,0.16,45.0,0.17,30.0,0.02,0.01,2318.419,1776231698000
1776231700.424,100.424,0.84,10.0,0.83,15.0,0.85,78.82,0.86,60.0,0.15,78.82,0.14,60.0,0.16,10.0,0.17,15.0,0.01,0.01,2318.432835,1776231699000
1776231700.855,100.855,0.84,45.0,0.83,20.0,0.85,77.64,0.86,60.0,0.15,78.82,0.14,60.0,0.16,10.0,0.17,15.0,0.01,0.01,2318.432835,1776231699000
1776231702.002,102.002,0.84,45.0,0.83,20.0,0.85,77.64,0.86,60.0,0.15,77.64,0.14,60.0,0.16,45.0,0.17,20.0,0.01,0.01,2318.597248,1776231701000
1776231702.228,102.228,0.84,20.0,0.83,20.0,0.85,60.64,0.86,60.0,0.15,77.64,0.14,60.0,0.16,45.0,0.17,20.0,0.01,0.01,2318.597248,1776231701000
1776231702.956,102.956,0.84,20.0,0.83,20.0,0.85,60.64,0.86,60.0,0.15,60.64,0.14,60.0,0.16,20.0,0.17,20.0,0.01,0.01,2318.510055,1776231702000
1776231703.841,103.841,0.82,11.55,0.81,5.0,0.83,78.75,0.84,93.14,0.17,116.0,0.16,22.0,0.18,11.55,0.19,5.0,0.01,0.01,2318.510055,1776231702000
1776231704.799,104.799,0.77,14.98,0.76,5.0,0.81,43.45,0.83,156.75,0.17,78.75,0.16,93.14,0.18,11.55,0.19,5.0,0.04,0.01,2318.528875,1776231703000
1776231705.0,105.0,0.76,5.0,0.75,21.0,0.77,55.78,0.78,17.0,0.23,55.78,0.22,17.0,0.24,5.0,0.25,21.0,0.01,0.01,2318.289926,1776231704000
1776231705.988,105.988,0.76,5.0,0.75,21.0,0.77,55.78,0.78,17.0,0.23,55.78,0.22,17.0,0.24,5.0,0.25,21.0,0.01,0.01,2318.22025,1776231705000
1776231706.927,106.927,0.76,5.0,0.75,21.0,0.77,55.78,0.78,17.0,0.23,55.78,0.22,17.0,0.24,5.0,0.25,21.0,0.01,0.01,2318.093415,1776231706000
1776231707.468,107.468,0.76,22.0,0.75,21.0,0.77,82.78,0.78,7.0,0.23,55.78,0.22,17.0,0.24,5.0,0.25,21.0,0.01,0.01,2318.093415,1776231706000
1776231707.92,107.92,0.76,15.0,0.75,21.0,0.77,81.46,0.78,7.0,0.23,82.78,0.22,7.0,0.24,22.0,0.25,21.0,0.01,0.01,2318.093415,1776231706000
1776231708.379,108.379,0.76,15.0,0.75,28.0,0.77,80.16,0.78,7.0,0.23,81.46,0.22,7.0,0.24,15.0,0.25,21.0,0.01,0.01,2317.98835,1776231707000
1776231709.0,109.0,0.76,15.0,0.75,28.0,0.77,80.16,0.78,7.0,0.23,80.16,0.22,7.0,0.24,15.0,0.25,28.0,0.01,0.01,2317.992455,1776231708000
1776231709.954,109.954,0.76,15.0,0.75,28.0,0.77,80.16,0.78,7.0,0.23,80.16,0.22,7.0,0.24,15.0,0.25,28.0,0.01,0.01,2318.027541,1776231709000
1776231711.008,111.008,0.76,15.0,0.75,28.0,0.77,80.16,0.78,7.0,0.23,80.16,0.22,7.0,0.24,15.0,0.25,28.0,0.01,0.01,2317.96514,1776231710000
1776231712.009,112.009,0.76,15.0,0.75,28.0,0.77,80.16,0.78,7.0,0.23,80.16,0.22,7.0,0.24,15.0,0.25,28.0,0.01,0.01,2317.95534,1776231711000
1776231713.191,113.191,0.76,15.0,0.75,28.0,0.77,80.16,0.78,7.0,0.23,80.16,0.22,7.0,0.24,15.0,0.25,28.0,0.01,0.01,2317.9238,1776231712000
1776231713.753,113.753,0.76,137.16,0.75,38.0,0.77,45.33,0.81,10.0,0.23,65.16,0.22,7.0,0.24,14.16,0.25,26.0,0.01,0.01,2317.9238,1776231712000
1776231714.742,114.742,0.76,142.16,0.75,38.0,0.77,0.33,0.81,10.0,0.23,0.33,0.19,10.0,0.24,142.16,0.25,38.0,0.01,0.01,2317.950295,1776231713000
1776231715.43,115.43,0.76,142.16,0.75,38.0,0.77,0.33,0.81,10.0,0.23,0.33,0.19,10.0,0.24,142.16,0.25,38.0,0.01,0.01,2318.007503,1776231714000
1776231715.865,115.865,0.76,127.08,0.75,69.2,0.83,15.75,0.85,45.2,0.23,0.33,0.19,10.0,0.24,142.16,0.25,38.0,0.07,0.01,2318.007503,1776231714000
1776231716.083,116.083,0.76,127.08,0.75,69.2,0.83,15.75,0.85,45.2,0.17,15.75,0.15,45.2,0.24,127.08,0.25,69.2,0.07,0.07,2318.113275,1776231715000
1776231716.432,116.432,0.78,9.95,0.77,15.0,0.8,36.0,0.81,65.0,0.2,15.0,0.18,15.0,0.21,15.0,0.22,15.0,0.02,0.01,2318.113275,1776231715000
1776231716.693,116.693,0.78,11.04,0.77,15.0,0.8,21.0,0.81,60.0,0.2,36.0,0.19,65.0,0.22,9.95,0.23,15.0,0.02,0.02,2318.113275,1776231715000
1776231717.392,117.392,0.82,38.88,0.81,25.0,0.83,5.75,0.84,33.8,0.2,21.0,0.19,60.0,0.22,11.04,0.23,15.0,0.01,0.02,2318.113275,1776231715000
1776231718.203,118.203,0.82,38.88,0.81,25.0,0.83,5.75,0.84,33.8,0.17,5.75,0.16,33.8,0.18,38.88,0.19,25.0,0.01,0.01,2318.25281,1776231717000
1776231718.656,118.656,0.82,18.98,0.81,25.0,0.83,16.69,0.84,10.0,0.17,5.75,0.16,33.8,0.18,38.88,0.19,25.0,0.01,0.01,2318.25281,1776231717000
1776231719.354,119.354,0.82,88.98,0.81,30.0,0.83,3.75,0.85,28.2,0.17,16.69,0.16,10.0,0.18,18.98,0.19,25.0,0.01,0.01,2318.25281,1776231717000
1776231719.765,119.765,0.82,105.98,0.81,36.0,0.86,8.37,0.87,36.8,0.17,3.75,0.15,28.2,0.18,88.98,0.19,30.0,0.04,0.01,2318.198905,1776231718000
1776231720.187,120.187,0.86,107.0,0.85,25.0,0.87,49.27,0.88,60.1,0.14,8.37,0.13,36.8,0.18,105.98,0.19,36.0,0.01,0.04,2318.198905,1776231718000
1776231720.565,120.565,0.86,37.64,0.85,25.0,0.87,63.12,0.88,60.1,0.13,58.12,0.12,60.1,0.14,100.0,0.15,25.0,0.01,0.01,2318.27627,1776231719000
1776231721.589,121.589,0.85,10.0,0.84,5.0,0.87,63.12,0.88,60.1,0.13,63.12,0.12,60.1,0.15,10.0,0.16,5.0,0.02,0.02,2318.35625,1776231720000
1776231722.092,122.092,0.85,5.0,0.84,5.0,0.86,64.45,0.87,54.12,0.13,63.12,0.12,60.1,0.15,10.0,0.16,5.0,0.01,0.02,2318.35625,1776231720000
1776231723.551,123.551,0.85,65.0,0.84,126.0,0.86,4.46,0.88,21.0,0.14,64.45,0.13,54.12,0.15,5.0,0.16,5.0,0.01,0.01,2318.468225,1776231721000
1776231724.206,124.206,0.85,65.0,0.84,126.0,0.88,20.08,0.89,115.0,0.12,20.08,0.11,115.0,0.15,65.0,0.16,126.0,0.03,0.03,2318.393535,1776231723000
1776231724.574,124.574,0.83,14.83,0.82,15.0,0.85,34.0,0.86,70.0,0.12,20.08,0.11,115.0,0.15,65.0,0.16,126.0,0.02,0.03,2318.393535,1776231723000
1776231724.93,124.93,0.84,10.0,0.83,14.83,0.85,48.11,0.86,70.0,0.15,34.0,0.14,70.0,0.17,14.83,0.18,15.0,0.01,0.02,2318.393535,1776231723000
1776231725.688,125.688,0.84,10.0,0.83,14.83,0.85,48.11,0.86,70.0,0.15,48.11,0.14,70.0,0.16,10.0,0.17,14.83,0.01,0.01,2318.500555,1776231724000
1776231726.417,126.417,0.84,10.0,0.83,14.83,0.85,48.11,0.86,70.0,0.15,48.11,0.14,70.0,0.16,10.0,0.17,14.83,0.01,0.01,2318.481907,1776231725000
1776231727.033,127.033,0.84,10.0,0.83,14.83,0.85,48.11,0.86,70.0,0.15,48.11,0.14,70.0,0.16,10.0,0.17,14.83,0.01,0.01,2318.431233,1776231726000
1776231727.345,127.345,0.84,10.0,0.83,14.83,0.85,23.56,0.86,65.0,0.15,48.11,0.14,70.0,0.16,10.0,0.17,14.83,0.01,0.01,2318.431233,1776231726000
1776231728.345,128.345,0.84,10.0,0.83,14.83,0.85,23.56,0.86,65.0,0.15,23.56,0.14,65.0,0.16,10.0,0.17,14.83,0.01,0.01,2318.298065,1776231727000
1776231728.983,128.983,0.84,10.0,0.83,14.83,0.85,23.56,0.86,65.0,0.15,23.56,0.14,65.0,0.16,10.0,0.17,14.83,0.01,0.01,2318.298065,1776231728000
1776231730.403,130.403,0.85,95.0,0.84,20.0,0.87,5.0,0.88,10.08,0.15,23.56,0.14,65.0,0.16,10.0,0.17,14.83,0.02,0.01,2318.298065,1776231728000
1776231730.745,130.745,0.85,95.0,0.84,20.0,0.87,5.0,0.88,10.08,0.13,5.0,0.12,10.08,0.15,95.0,0.16,20.0,0.02,0.02,2318.371481,1776231729000
1776231731.005,131.005,0.87,4.5,0.86,125.0,0.88,38.49,0.89,105.0,0.12,33.49,0.11,105.0,0.13,67.16,0.14,125.0,0.01,0.01,2318.371481,1776231729000
1776231731.27,131.27,0.87,4.5,0.86,125.0,0.88,38.49,0.89,105.0,0.12,38.49,0.11,105.0,0.13,4.5,0.14,125.0,0.01,0.01,2318.372896,1776231730000
1776231732.319,132.319,0.87,4.5,0.86,125.0,0.88,38.49,0.89,105.0,0.12,38.49,0.11,105.0,0.13,4.5,0.14,125.0,0.01,0.01,2318.359845,1776231731000
1776231733.521,133.521,0.87,4.5,0.86,125.0,0.88,38.49,0.89,105.0,0.12,38.49,0.11,105.0,0.13,4.5,0.14,125.0,0.01,0.01,2318.43734,1776231732000
1776231734.009,134.009,0.87,4.5,0.86,125.0,0.88,38.49,0.89,105.0,0.12,38.49,0.11,105.0,0.13,4.5,0.14,125.0,0.01,0.01,2318.506175,1776231733000
1776231734.682,134.682,0.87,174.5,0.86,125.0,0.88,13.08,0.89,115.0,0.12,38.49,0.11,105.0,0.13,4.5,0.14,125.0,0.01,0.01,2318.506175,1776231733000
1776231735.04,135.04,0.87,174.5,0.86,125.0,0.88,13.08,0.89,115.0,0.12,13.08,0.11,115.0,0.13,174.5,0.14,125.0,0.01,0.01,2318.43825,1776231734000
1776231736.398,136.398,0.87,79.5,0.86,25.0,0.88,15.1,0.89,115.0,0.12,13.08,0.11,115.0,0.13,174.5,0.14,125.0,0.01,0.01,2318.43825,1776231734000
1776231737.002,137.002,0.87,79.5,0.86,25.0,0.88,15.1,0.89,115.0,0.12,15.1,0.11,115.0,0.13,79.5,0.14,25.0,0.01,0.01,2318.460055,1776231736000
1776231738.128,138.128,0.87,79.5,0.86,25.0,0.88,15.1,0.89,115.0,0.12,15.1,0.11,115.0,0.13,79.5,0.14,25.0,0.01,0.01,2318.569199,1776231737000
1776231739.428,139.428,0.87,79.5,0.86,25.0,0.88,15.1,0.89,115.0,0.12,15.1,0.11,115.0,0.13,79.5,0.14,25.0,0.01,0.01,2318.496745,1776231738000
1776231739.828,139.828,0.87,94.5,0.86,25.0,0.89,105.94,0.9,5.0,0.12,15.1,0.11,115.0,0.13,79.5,0.14,25.0,0.02,0.01,2318.496745,1776231738000
1776231740.428,140.428,0.87,94.5,0.86,25.0,0.89,105.94,0.9,5.0,0.11,105.94,0.1,5.0,0.13,94.5,0.14,25.0,0.02,0.02,2318.6912,1776231739000
1776231741.058,141.058,0.87,94.5,0.86,25.0,0.89,105.94,0.9,5.0,0.11,105.94,0.1,5.0,0.13,94.5,0.14,25.0,0.02,0.02,2318.7269,1776231740000
1776231742.139,142.139,0.87,94.5,0.86,25.0,0.89,105.94,0.9,5.0,0.11,105.94,0.1,5.0,0.13,94.5,0.14,25.0,0.02,0.02,2318.63912,1776231741000
1776231743.591,143.591,0.87,94.5,0.86,25.0,0.89,105.94,0.9,5.0,0.11,105.94,0.1,5.0,0.13,94.5,0.14,25.0,0.02,0.02,2318.65987,1776231742000
1776231744.212,144.212,0.87,94.5,0.86,25.0,0.89,105.94,0.9,5.0,0.11,105.94,0.1,5.0,0.13,94.5,0.14,25.0,0.02,0.02,2318.648885,1776231743000
1776231744.908,144.908,0.88,160.0,0.87,64.5,0.89,99.5,0.91,220.0,0.11,105.94,0.1,5.0,0.13,94.5,0.14,25.0,0.01,0.02,2318.648885,1776231743000
1776231745.991,145.991,0.88,160.0,0.87,64.5,0.89,99.5,0.91,220.0,0.11,99.5,0.09,220.0,0.12,160.0,0.13,64.5,0.01,0.01,2318.66219,1776231744000
1776231747.365,147.365,0.88,160.0,0.87,64.5,0.89,99.5,0.91,220.0,0.11,99.5,0.09,220.0,0.12,160.0,0.13,64.5,0.01,0.01,2318.69719,1776231745000
1776231748.079,148.079,0.88,58.0,0.87,134.41,0.89,70.32,0.91,210.0,0.11,99.5,0.09,220.0,0.12,160.0,0.13,64.5,0.01,0.01,2318.69719,1776231745000
1776231748.313,148.313,0.9,10.0,0.88,63.07,0.91,204.41,0.94,5.0,0.09,204.41,0.06,5.0,0.1,10.0,0.12,63.07,0.01,0.01,2318.72209,1776231747000
1776231749.544,149.544,0.9,141.55,0.89,140.0,0.91,205.63,0.93,15.0,0.09,204.41,0.06,5.0,0.1,10.0,0.12,63.07,0.01,0.01,2318.72209,1776231747000
1776231750.004,150.004,0.9,146.55,0.89,145.0,0.91,194.64,0.93,15.0,0.09,205.63,0.07,15.0,0.1,141.55,0.11,140.0,0.01,0.01,2318.722245,1776231748000
1776231750.415,150.415,0.9,146.55,0.89,145.0,0.91,191.9,0.93,10.0,0.09,191.9,0.07,10.0,0.1,146.55,0.11,145.0,0.01,0.01,2319.11005,1776231749000
1776231750.848,150.848,0.94,36.0,0.93,145.0,0.95,144.0,0.96,135.78,0.09,191.9,0.07,10.0,0.1,146.55,0.11,145.0,0.01,0.01,2319.11005,1776231749000
1776231751.115,151.115,0.94,10.0,0.93,45.0,0.95,142.94,0.96,185.78,0.05,142.94,0.04,185.78,0.06,10.0,0.07,45.0,0.01,0.01,2319.1069,1776231750000
1776231751.468,151.468,0.91,40.0,0.9,41.55,0.94,79.8,0.95,209.66,0.05,136.66,0.04,344.92,0.06,10.0,0.07,45.0,0.03,0.01,2319.1069,1776231750000
1776231751.798,151.798,0.92,20.0,0.91,45.0,0.94,69.1,0.95,213.66,0.07,5.0,0.06,74.8,0.08,10.0,0.09,40.0,0.02,0.01,2319.1069,1776231750000
1776231752.285,152.285,0.93,2.0,0.92,15.0,0.94,63.19,0.95,364.3,0.06,58.19,0.05,213.66,0.07,10.0,0.08,15.0,0.01,0.01,2319.1069,1776231750000
1776231752.496,152.496,0.93,2.0,0.92,15.0,0.94,63.19,0.95,364.3,0.06,63.19,0.05,364.3,0.07,2.0,0.08,15.0,0.01,0.01,2318.91584,1776231751000
1776231752.898,152.898,0.92,10.0,0.91,20.0,0.94,71.05,0.95,364.3,0.06,63.19,0.05,364.3,0.07,2.0,0.08,15.0,0.02,0.01,2318.91584,1776231751000
1776231753.187,153.187,0.92,10.0,0.91,15.0,0.94,166.05,0.95,364.3,0.06,166.05,0.05,364.3,0.08,10.0,0.09,15.0,0.02,0.02,2318.982365,1776231752000
1776231754.56,154.56,0.92,10.0,0.91,15.0,0.94,166.05,0.95,364.3,0.06,166.05,0.05,364.3,0.08,10.0,0.09,15.0,0.02,0.02,2319.037133,1776231753000
1776231754.808,154.808,0.93,10.0,0.92,15.0,0.94,61.05,0.95,364.3,0.06,166.05,0.05,364.3,0.08,10.0,0.09,15.0,0.01,0.02,2319.037133,1776231753000
1776231755.32,155.32,0.93,10.0,0.92,15.0,0.94,61.05,0.95,364.3,0.06,61.05,0.05,364.3,0.07,10.0,0.08,15.0,0.01,0.01,2319.033883,1776231754000
1776231756.042,156.042,0.93,3.3,0.92,20.0,0.94,149.06,0.95,219.66,0.06,66.05,0.05,370.3,0.07,3.3,0.08,15.0,0.01,0.01,2319.033883,1776231754000
1776231756.552,156.552,0.93,3.3,0.92,20.0,0.94,147.99,0.95,219.66,0.06,147.99,0.05,219.66,0.07,3.3,0.08,20.0,0.01,0.01,2318.919835,1776231755000
1776231757.185,157.185,0.93,3.3,0.92,20.0,0.94,147.99,0.95,219.66,0.06,147.99,0.05,219.66,0.07,3.3,0.08,20.0,0.01,0.01,2318.862065,1776231756000
1776231758.628,158.628,0.92,10.38,0.91,45.0,0.94,64.66,0.95,213.66,0.06,64.66,0.05,213.66,0.08,10.38,0.09,45.0,0.02,0.02,2318.972533,1776231757000
1776231759.089,159.089,0.92,32.54,0.91,51.0,0.94,64.66,0.95,113.66,0.06,64.66,0.05,213.66,0.08,10.38,0.09,45.0,0.02,0.02,2318.972533,1776231757000
1776231759.343,159.343,0.92,32.54,0.91,51.0,0.94,64.66,0.95,113.66,0.06,64.66,0.05,113.66,0.08,32.54,0.09,51.0,0.02,0.02,2318.978691,1776231758000
1776231760.012,160.012,0.92,32.54,0.91,51.0,0.94,64.66,0.95,113.66,0.06,64.66,0.05,113.66,0.08,32.54,0.09,51.0,0.02,0.02,2318.86871,1776231759000
1776231760.987,160.987,0.93,15.0,0.92,42.54,0.95,60.32,0.96,305.78,0.06,64.66,0.05,113.66,0.08,32.54,0.09,51.0,0.02,0.02,2318.86871,1776231759000
1776231761.271,161.271,0.93,15.0,0.92,42.54,0.95,60.32,0.96,305.78,0.05,60.32,0.04,305.78,0.07,15.0,0.08,42.54,0.02,0.02,2318.937425,1776231760000
1776231762.059,162.059,0.93,20.0,0.92,42.54,0.95,89.75,0.96,299.78,0.05,60.32,0.04,305.78,0.07,15.0,0.08,42.54,0.02,0.02,2318.937425,1776231760000
1776231762.616,162.616,0.93,20.0,0.92,42.54,0.95,83.49,0.96,299.78,0.05,83.49,0.04,299.78,0.07,20.0,0.08,42.54,0.02,0.02,2318.837625,1776231761000
1776231763.035,163.035,0.94,61.0,0.93,26.0,0.95,23.36,0.96,35.98,0.05,83.49,0.04,299.78,0.07,20.0,0.08,42.54,0.01,0.02,2318.837625,1776231761000
1776231763.324,163.324,0.94,15.0,0.93,15.0,0.96,207.63,0.97,411.0,0.04,45.88,0.03,406.0,0.05,26.64,0.06,41.0,0.02,0.01,2318.837625,1776231761000
1776231763.678,163.678,0.93,11.31,0.92,18.54,0.95,115.0,0.96,197.63,0.05,115.0,0.04,197.63,0.07,15.0,0.08,18.54,0.02,0.02,2318.854115,1776231762000
1776231764.165,164.165,0.93,11.31,0.92,18.54,0.95,108.94,0.96,197.63,0.05,108.94,0.04,197.63,0.07,11.31,0.08,18.54,0.02,0.02,2318.991105,1776231763000
1776231764.705,164.705,0.94,68.32,0.93,42.31,0.95,5.0,0.96,165.35,0.05,5.0,0.04,170.35,0.06,26.66,0.07,47.31,0.01,0.01,2318.991105,1776231763000
1776231765.289,165.289,0.94,68.32,0.93,42.31,0.95,5.0,0.96,165.35,0.05,5.0,0.04,165.35,0.06,68.32,0.07,42.31,0.01,0.01,2319.07675,1776231764000
1776231766.317,166.317,0.94,43.32,0.93,42.31,0.96,2.63,0.97,306.0,0.04,2.63,0.03,306.0,0.06,43.32,0.07,42.31,0.02,0.02,2318.996085,1776231765000
1776231767.243,167.243,0.95,61.46,0.94,45.0,0.96,2.63,0.97,306.0,0.04,2.63,0.03,306.0,0.06,43.32,0.07,42.31,0.01,0.02,2318.996085,1776231765000
1776231767.686,167.686,0.95,61.46,0.94,45.0,0.96,10.0,0.97,301.63,0.04,2.63,0.03,306.0,0.05,61.46,0.06,45.0,0.01,0.01,2319.268875,1776231766000
1776231768.384,168.384,0.95,61.46,0.94,45.0,0.96,10.0,0.97,301.63,0.04,10.0,0.03,301.63,0.05,61.46,0.06,45.0,0.01,0.01,2319.340935,1776231767000
1776231768.987,168.987,0.95,61.46,0.94,45.0,0.96,10.0,0.97,301.63,0.04,10.0,0.03,301.63,0.05,61.46,0.06,45.0,0.01,0.01,2319.45315,1776231768000
1776231770.033,170.033,0.95,61.46,0.94,45.0,0.96,10.0,0.97,301.63,0.04,10.0,0.03,301.63,0.05,61.46,0.06,45.0,0.01,0.01,2319.441355,1776231769000
1776231771.071,171.071,0.95,61.46,0.94,45.0,0.96,10.0,0.97,301.63,0.04,10.0,0.03,301.63,0.05,61.46,0.06,45.0,0.01,0.01,2319.438345,1776231770000
1776231772.161,172.161,0.95,61.46,0.94,45.0,0.96,10.0,0.97,301.63,0.04,10.0,0.03,301.63,0.05,61.46,0.06,45.0,0.01,0.01,2319.483756,1776231771000
1776231773.188,173.188,0.95,61.46,0.94,45.0,0.96,10.0,0.97,301.63,0.04,10.0,0.03,301.63,0.05,61.46,0.06,45.0,0.01,0.01,2319.509111,1776231772000
1776231774.513,174.513,0.95,61.46,0.94,45.0,0.96,10.0,0.97,301.63,0.04,10.0,0.03,301.63,0.05,61.46,0.06,45.0,0.01,0.01,2319.491181,1776231773000
1776231775.077,175.077,0.95,61.46,0.94,45.0,0.96,10.0,0.97,301.63,0.04,10.0,0.03,301.63,0.05,61.46,0.06,45.0,0.01,0.01,2319.477748,1776231774000
1776231775.465,175.465,0.95,113.18,0.94,118.8,0.96,10.0,0.97,291.63,0.04,10.0,0.03,301.63,0.05,61.46,0.06,45.0,0.01,0.01,2319.477748,1776231774000
1776231775.934,175.934,0.95,18.18,0.94,45.0,0.96,15.0,0.97,301.63,0.04,10.0,0.03,291.63,0.05,113.18,0.06,118.8,0.01,0.01,2319.477748,1776231774000
1776231776.164,176.164,0.94,25.0,0.93,36.31,0.96,15.0,0.97,301.63,0.04,15.0,0.03,301.63,0.06,25.0,0.07,36.31,0.02,0.02,2319.598356,1776231775000
1776231777.244,177.244,0.94,25.0,0.93,36.31,0.96,15.0,0.97,301.63,0.04,15.0,0.03,301.63,0.06,25.0,0.07,36.31,0.02,0.02,2319.62572,1776231776000
1776231777.551,177.551,0.95,20.0,0.94,30.0,0.97,296.63,0.98,509.7,0.04,15.0,0.03,301.63,0.06,25.0,0.07,36.31,0.02,0.02,2319.62572,1776231776000
1776231778.089,178.089,0.96,145.06,0.95,15.0,0.97,296.63,0.98,509.7,0.03,296.63,0.02,509.7,0.05,20.0,0.06,30.0,0.01,0.02,2319.62572,1776231776000
1776231778.307,178.307,0.96,130.09,0.95,15.0,0.97,296.63,0.98,509.7,0.03,296.63,0.02,509.7,0.04,134.39,0.05,15.0,0.01,0.01,2319.62572,1776231776000
1776231779.719,179.719,0.96,127.42,0.95,15.0,0.97,301.63,0.98,509.7,0.03,301.63,0.02,509.7,0.04,127.42,0.05,15.0,0.01,0.01,2319.413903,1776231778000
1776231780.357,180.357,0.96,150.42,0.95,30.0,0.97,296.47,0.98,326.0,0.03,301.63,0.02,509.7,0.04,127.42,0.05,15.0,0.01,0.01,2319.413903,1776231778000
1776231781.042,181.042,0.96,150.42,0.95,30.0,0.97,296.47,0.98,326.0,0.03,296.47,0.02,326.0,0.04,150.42,0.05,30.0,0.01,0.01,2319.49799,1776231780000
1776231781.499,181.499,0.96,33.69,0.95,110.8,0.97,291.47,0.98,326.0,0.03,296.47,0.02,326.0,0.04,150.42,0.05,30.0,0.01,0.01,2319.49799,1776231780000
1776231782.311,182.311,0.96,33.69,0.95,110.8,0.97,291.47,0.98,326.0,0.03,291.47,0.02,326.0,0.04,33.69,0.05,110.8,0.01,0.01,2319.57473,1776231781000
1776231783.213,183.213,0.96,33.69,0.95,110.8,0.97,291.47,0.98,326.0,0.03,291.47,0.02,326.0,0.04,33.69,0.05,110.8,0.01,0.01,2319.60431,1776231782000
1776231783.436,183.436,0.96,28.0,0.95,15.0,0.97,281.15,0.98,426.0,0.03,271.15,0.02,326.0,0.04,48.69,0.05,120.72,0.01,0.01,2319.60431,1776231782000
1776231784.195,184.195,0.93,9.92,0.92,7.54,0.95,35.0,0.96,35.0,0.03,286.15,0.02,331.0,0.05,20.0,0.06,134.87,0.02,0.02,2319.60431,1776231782000
1776231784.439,184.439,0.91,3.77,0.9,16.55,0.95,55.0,0.96,35.0,0.05,55.0,0.04,35.0,0.09,3.77,0.1,16.55,0.04,0.04,2319.609965,1776231783000
1776231785.062,185.062,0.93,15.0,0.92,20.0,0.94,7.0,0.95,110.0,0.06,7.0,0.05,110.0,0.07,15.0,0.08,20.0,0.01,0.01,2319.655269,1776231784000
1776231786.313,186.313,0.93,25.0,0.92,25.0,0.95,198.3,0.96,115.0,0.05,198.3,0.04,115.0,0.07,25.0,0.08,25.0,0.02,0.02,2319.2594,1776231785000
1776231787.154,187.154,0.93,25.0,0.92,25.0,0.95,198.3,0.96,115.0,0.05,198.3,0.04,115.0,0.07,25.0,0.08,25.0,0.02,0.02,2319.217566,1776231786000
1776231788.543,188.543,0.93,25.0,0.92,25.0,0.95,198.3,0.96,115.0,0.05,198.3,0.04,115.0,0.07,25.0,0.08,25.0,0.02,0.02,2319.064159,1776231787000
1776231789.089,189.089,0.93,25.0,0.92,25.0,0.95,198.3,0.96,115.0,0.05,198.3,0.04,115.0,0.07,25.0,0.08,25.0,0.02,0.02,2319.15154,1776231788000
1776231789.441,189.441,0.94,15.0,0.93,40.0,0.95,90.06,0.96,115.0,0.05,198.3,0.04,115.0,0.07,25.0,0.08,25.0,0.01,0.02,2319.15154,1776231788000
1776231790.365,190.365,0.94,15.0,0.93,40.0,0.95,90.06,0.96,115.0,0.05,90.06,0.04,115.0,0.06,15.0,0.07,40.0,0.01,0.01,2319.07656,1776231789000
1776231791.11,191.11,0.94,15.0,0.93,40.0,0.95,90.06,0.96,115.0,0.05,90.06,0.04,115.0,0.06,15.0,0.07,40.0,0.01,0.01,2319.208558,1776231790000
1776231792.194,192.194,0.93,10.0,0.92,20.0,0.94,110.0,0.95,95.06,0.05,90.06,0.04,115.0,0.06,15.0,0.07,40.0,0.01,0.01,2319.208558,1776231790000
1776231793.588,193.588,0.93,10.0,0.92,20.0,0.94,110.0,0.95,95.06,0.06,110.0,0.05,95.06,0.07,10.0,0.08,20.0,0.01,0.01,2319.062665,1776231792000
1776231794.181,194.181,0.93,10.0,0.92,20.0,0.94,110.0,0.95,95.06,0.06,110.0,0.05,95.06,0.07,10.0,0.08,20.0,0.01,0.01,2319.017854,1776231793000
1776231795.502,195.502,0.93,10.0,0.92,20.0,0.94,110.0,0.95,95.06,0.06,110.0,0.05,95.06,0.07,10.0,0.08,20.0,0.01,0.01,2318.98924,1776231794000
1776231796.171,196.171,0.93,10.0,0.92,20.0,0.94,110.0,0.95,95.06,0.06,110.0,0.05,95.06,0.07,10.0,0.08,20.0,0.01,0.01,2319.139611,1776231795000
1776231797.284,197.284,0.93,10.0,0.92,20.0,0.94,110.0,0.95,95.06,0.06,110.0,0.05,95.06,0.07,10.0,0.08,20.0,0.01,0.01,2319.038146,1776231796000
1776231798.413,198.413,0.93,10.0,0.92,20.0,0.94,110.0,0.95,95.06,0.06,110.0,0.05,95.06,0.07,10.0,0.08,20.0,0.01,0.01,2319.043595,1776231797000
1776231799.261,199.261,0.93,10.0,0.92,20.0,0.94,110.0,0.95,95.06,0.06,110.0,0.05,95.06,0.07,10.0,0.08,20.0,0.01,0.01,2319.08004,1776231798000
1776231800.351,200.351,0.93,10.0,0.92,20.0,0.94,110.0,0.95,95.06,0.06,110.0,0.05,95.06,0.07,10.0,0.08,20.0,0.01,0.01,2318.99692,1776231799000
1776231800.841,200.841,0.93,10.0,0.92,20.0,0.94,110.0,0.95,95.06,0.06,110.0,0.05,95.06,0.07,10.0,0.08,20.0,0.01,0.01,2319.00401,1776231800000
1776231801.973,201.973,0.93,10.0,0.92,20.0,0.94,110.0,0.95,95.06,0.06,110.0,0.05,95.06,0.07,10.0,0.08,20.0,0.01,0.01,2319.036165,1776231801000
1776231803.142,203.142,0.93,10.0,0.92,20.0,0.94,110.0,0.95,95.06,0.06,110.0,0.05,95.06,0.07,10.0,0.08,20.0,0.01,0.01,2319.170867,1776231802000
1776231804.309,204.309,0.93,10.0,0.92,20.0,0.94,110.0,0.95,95.06,0.06,110.0,0.05,95.06,0.07,10.0,0.08,20.0,0.01,0.01,2319.170353,1776231803000
1776231804.884,204.884,0.95,45.0,0.94,35.0,0.96,102.0,0.97,381.15,0.06,110.0,0.05,95.06,0.07,10.0,0.08,20.0,0.01,0.01,2319.170353,1776231803000
1776231805.329,205.329,0.95,45.0,0.94,35.0,0.96,102.0,0.97,381.15,0.04,102.0,0.03,381.15,0.05,45.0,0.06,35.0,0.01,0.01,2319.079095,1776231804000
1776231805.771,205.771,0.95,55.0,0.94,98.8,0.96,102.0,0.97,381.15,0.04,102.0,0.03,381.15,0.05,45.0,0.06,35.0,0.01,0.01,2319.079095,1776231804000
1776231806.211,206.211,0.95,60.0,0.94,98.8,0.96,105.95,0.97,381.15,0.04,102.0,0.03,381.15,0.05,55.0,0.06,98.8,0.01,0.01,2319.076885,1776231805000
1776231807.204,207.204,0.95,60.0,0.94,98.8,0.96,105.95,0.97,381.15,0.04,105.95,0.03,381.15,0.05,60.0,0.06,98.8,0.01,0.01,2319.081865,1776231806000
1776231808.362,208.362,0.95,60.0,0.94,98.8,0.96,105.95,0.97,381.15,0.04,105.95,0.03,381.15,0.05,60.0,0.06,98.8,0.01,0.01,2319.108155,1776231807000
1776231808.856,208.856,0.95,60.0,0.94,98.8,0.96,105.95,0.97,381.15,0.04,105.95,0.03,381.15,0.05,60.0,0.06,98.8,0.01,0.01,2319.10791,1776231808000
1776231809.549,209.549,0.96,19.55,0.95,20.0,0.97,380.11,0.98,431.0,0.04,105.95,0.03,381.15,0.05,60.0,0.06,98.8,0.01,0.01,2319.10791,1776231808000
1776231810.38,210.38,0.96,19.55,0.95,20.0,0.97,380.11,0.98,431.0,0.03,380.11,0.02,431.0,0.04,19.55,0.05,20.0,0.01,0.01,2319.101235,1776231809000
1776231810.941,210.941,0.96,19.55,0.95,20.0,0.97,380.11,0.98,431.0,0.03,380.11,0.02,431.0,0.04,19.55,0.05,20.0,0.01,0.01,2319.099255,1776231810000
1776231812.016,212.016,0.96,19.55,0.95,100.8,0.97,369.8,0.98,431.0,0.03,369.8,0.02,431.0,0.04,19.55,0.05,100.8,0.01,0.01,2319.089325,1776231811000
1776231813.056,213.056,0.96,19.55,0.95,100.8,0.97,369.8,0.98,431.0,0.03,369.8,0.02,431.0,0.04,19.55,0.05,100.8,0.01,0.01,2319.122437,1776231812000
1776231814.135,214.135,0.96,19.55,0.95,100.8,0.97,369.8,0.98,431.0,0.03,369.8,0.02,431.0,0.04,19.55,0.05,100.8,0.01,0.01,2319.09016,1776231813000
1776231814.76,214.76,0.96,52.43,0.95,105.8,0.97,64.8,0.98,431.0,0.03,369.8,0.02,431.0,0.04,19.55,0.05,100.8,0.01,0.01,2319.09016,1776231813000
1776231815.317,215.317,0.96,52.43,0.95,105.8,0.97,64.8,0.98,431.0,0.03,64.8,0.02,431.0,0.04,52.43,0.05,105.8,0.01,0.01,2319.135115,1776231814000
1776231816.285,216.285,0.96,52.43,0.95,105.8,0.97,64.8,0.98,431.0,0.03,64.8,0.02,431.0,0.04,52.43,0.05,105.8,0.01,0.01,2319.162444,1776231815000
1776231816.574,216.574,0.96,31.88,0.95,112.8,0.97,64.8,0.98,431.0,0.03,64.8,0.02,431.0,0.04,52.43,0.05,105.8,0.01,0.01,2319.162444,1776231815000
1776231817.402,217.402,0.96,31.88,0.95,112.8,0.97,64.8,0.98,431.0,0.03,64.8,0.02,431.0,0.04,31.88,0.05,112.8,0.01,0.01,2319.140385,1776231816000
1776231817.908,217.908,0.96,31.88,0.95,112.8,0.97,64.8,0.98,431.0,0.03,64.8,0.02,431.0,0.04,31.88,0.05,112.8,0.01,0.01,2319.139465,1776231817000
1776231818.666,218.666,0.96,41.88,0.95,123.8,0.97,61.65,0.98,431.0,0.03,64.8,0.02,431.0,0.04,31.88,0.05,112.8,0.01,0.01,2319.139465,1776231817000
1776231819.006,219.006,0.96,41.88,0.95,123.8,0.97,61.65,0.98,431.0,0.03,61.65,0.02,431.0,0.04,41.88,0.05,123.8,0.01,0.01,2319.134315,1776231818000
1776231819.559,219.559,0.96,135.58,0.95,155.8,0.97,48.1,0.98,331.0,0.03,61.65,0.02,431.0,0.04,41.88,0.05,123.8,0.01,0.01,2319.134315,1776231818000
1776231820.066,220.066,0.96,135.58,0.95,155.8,0.97,48.1,0.98,331.0,0.03,48.1,0.02,331.0,0.04,135.58,0.05,155.8,0.01,0.01,2319.081345,1776231819000
1776231821.147,221.147,0.96,105.58,0.95,180.8,0.97,48.1,0.98,331.0,0.03,48.1,0.02,331.0,0.04,105.58,0.05,180.8,0.01,0.01,2319.147035,1776231820000
1776231821.503,221.503,0.96,235.95,0.95,180.8,0.97,50.21,0.98,331.0,0.03,48.1,0.02,331.0,0.04,105.58,0.05,180.8,0.01,0.01,2319.147035,1776231820000
1776231821.834,221.834,0.96,240.95,0.95,180.8,0.97,35.21,0.98,331.0,0.03,50.21,0.02,331.0,0.04,235.95,0.05,180.8,0.01,0.01,2319.147035,1776231820000
1776231822.2,222.2,0.96,240.95,0.95,180.8,0.97,19.74,0.98,331.0,0.03,19.74,0.02,331.0,0.04,240.95,0.05,180.8,0.01,0.01,2319.31531,1776231821000
1776231822.53,222.53,0.96,240.95,0.95,188.24,0.97,11.57,0.98,331.0,0.03,19.74,0.02,331.0,0.04,240.95,0.05,180.8,0.01,0.01,2319.31531,1776231821000
1776231823.185,223.185,0.96,240.95,0.95,188.24,0.97,11.57,0.98,331.0,0.03,11.57,0.02,331.0,0.04,240.95,0.05,188.24,0.01,0.01,2319.325185,1776231822000
1776231823.882,223.882,0.96,256.95,0.95,188.24,0.97,1.26,0.98,331.0,0.03,11.57,0.02,331.0,0.04,240.95,0.05,188.24,0.01,0.01,2319.325185,1776231822000
1776231824.3,224.3,0.96,256.95,0.95,188.24,0.97,1.26,0.98,331.0,0.03,1.26,0.02,331.0,0.04,256.95,0.05,188.24,0.01,0.01,2319.31345,1776231823000
1776231824.938,224.938,0.96,256.95,0.95,188.24,0.97,1.26,0.98,331.0,0.03,1.26,0.02,331.0,0.04,256.95,0.05,188.24,0.01,0.01,2319.314255,1776231824000
1776231825.998,225.998,0.97,299.75,0.96,129.58,0.98,325.94,0.99,2226.79,0.02,331.0,0.01,1926.79,0.03,14.05,0.04,258.95,0.01,0.01,2319.314255,1776231824000
1776231826.242,226.242,0.97,294.75,0.96,129.58,0.98,324.91,0.99,2226.79,0.02,325.94,0.01,2226.79,0.03,299.75,0.04,129.58,0.01,0.01,2319.314255,1776231825000
1776231827.05,227.05,0.97,265.75,0.96,100.58,0.98,328.43,0.99,2690.39,0.02,324.91,0.01,2226.79,0.03,294.75,0.04,129.58,0.01,0.01,2319.314255,1776231825000
1776231828.283,228.283,0.97,265.75,0.96,100.58,0.98,328.43,0.99,2690.39,0.02,328.43,0.01,2690.39,0.03,265.75,0.04,100.58,0.01,0.01,2319.33533,1776231827000
1776231829.446,229.446,0.97,270.75,0.96,100.58,0.98,323.32,0.99,2326.79,0.02,323.32,0.01,2326.79,0.03,270.75,0.04,100.58,0.01,0.01,2319.217662,1776231828000
1776231830.063,230.063,0.97,270.75,0.96,100.58,0.98,323.32,0.99,2326.79,0.02,323.32,0.01,2326.79,0.03,270.75,0.04,100.58,0.01,0.01,2319.21386,1776231829000
1776231831.175,231.175,0.97,270.75,0.96,100.58,0.98,323.32,0.99,2326.79,0.02,323.32,0.01,2326.79,0.03,270.75,0.04,100.58,0.01,0.01,2319.238284,1776231830000
1776231831.817,231.817,0.97,190.38,0.96,120.58,0.98,303.32,0.99,2326.79,0.02,323.32,0.01,2326.79,0.03,270.75,0.04,100.58,0.01,0.01,2319.238284,1776231830000
1776231832.159,232.159,0.97,190.38,0.96,120.58,0.98,303.32,0.99,2326.79,0.02,303.32,0.01,2326.79,0.03,190.38,0.04,120.58,0.01,0.01,2319.202675,1776231831000
1776231833.247,233.247,0.97,190.38,0.96,120.58,0.98,303.32,0.99,2326.79,0.02,303.32,0.01,2326.79,0.03,190.38,0.04,120.58,0.01,0.01,2319.204425,1776231832000
1776231834.33,234.33,0.97,190.38,0.96,120.58,0.98,303.32,0.99,2326.79,0.02,303.32,0.01,2326.79,0.03,190.38,0.04,120.58,0.01,0.01,2319.199425,1776231833000
1776231834.807,234.807,0.97,200.38,0.96,190.35,0.98,293.32,0.99,2326.79,0.02,293.32,0.01,2326.79,0.03,200.38,0.04,190.35,0.01,0.01,2319.20226,1776231834000
1776231836.055,236.055,0.97,200.38,0.96,190.35,0.98,293.32,0.99,2326.79,0.02,293.32,0.01,2326.79,0.03,200.38,0.04,190.35,0.01,0.01,2319.25922,1776231835000
1776231837.283,237.283,0.97,200.38,0.96,190.35,0.98,293.32,0.99,2326.79,0.02,293.32,0.01,2326.79,0.03,200.38,0.04,190.35,0.01,0.01,2319.26615,1776231836000
1776231838.861,238.861,0.97,200.38,0.96,190.35,0.98,293.32,0.99,2326.79,0.02,293.32,0.01,2326.79,0.03,200.38,0.04,190.35,0.01,0.01,2319.301825,1776231837000
1776231839.349,239.349,0.97,200.38,0.96,190.35,0.98,293.32,0.99,2326.79,0.02,293.32,0.01,2326.79,0.03,200.38,0.04,190.35,0.01,0.01,2319.3053,1776231838000
1776231840.317,240.317,0.97,207.33,0.96,227.97,0.98,268.32,0.99,2026.79,0.02,293.32,0.01,2326.79,0.03,200.38,0.04,190.35,0.01,0.01,2319.3053,1776231838000
1776231840.594,240.594,0.97,207.33,0.96,227.97,0.98,166.29,0.99,2026.79,0.02,167.32,0.01,2026.79,0.03,207.33,0.04,227.97,0.01,0.01,2319.30716,1776231839000
1776231841.293,241.293,0.97,207.33,0.96,227.97,0.98,166.29,0.99,2026.79,0.02,166.29,0.01,2026.79,0.03,207.33,0.04,227.97,0.01,0.01,2319.33432,1776231840000
1776231841.959,241.959,0.97,373.47,0.96,176.58,0.98,156.08,0.99,2026.79,0.02,161.29,0.01,2026.79,0.03,388.47,0.04,176.58,0.01,0.01,2319.33432,1776231840000
1776231842.327,242.327,0.97,373.47,0.96,176.58,0.98,156.08,0.99,2026.79,0.02,156.08,0.01,2026.79,0.03,373.47,0.04,176.58,0.01,0.01,2319.30242,1776231841000
1776231842.708,242.708,0.97,349.9,0.96,176.58,0.98,145.05,0.99,1526.79,0.02,150.05,0.01,1526.79,0.03,358.47,0.04,176.58,0.01,0.01,2319.30242,1776231841000
1776231843.522,243.522,0.97,359.9,0.96,176.58,0.98,131.26,0.99,1826.79,0.02,137.05,0.01,1526.79,0.03,359.9,0.04,176.58,0.01,0.01,2319.306885,1776231842000
1776231843.738,243.738,0.97,359.9,0.96,176.58,0.98,101.26,0.99,1826.79,0.02,131.26,0.01,1826.79,0.03,359.9,0.04,176.58,0.01,0.01,2319.306885,1776231842000
1776231844.279,244.279,0.97,359.9,0.96,176.58,0.98,81.26,0.99,1826.79,0.02,81.26,0.01,1826.79,0.03,359.9,0.04,176.58,0.01,0.01,2319.276125,1776231843000
1776231845.293,245.293,0.97,359.9,0.96,176.58,0.98,81.26,0.99,1826.79,0.02,81.26,0.01,1826.79,0.03,359.9,0.04,176.58,0.01,0.01,2319.227845,1776231844000
1776231845.9,245.9,0.97,359.9,0.96,176.58,0.98,55.26,0.99,2221.79,0.02,81.26,0.01,1826.79,0.03,359.9,0.04,176.58,0.01,0.01,2319.227845,1776231844000
1776231846.207,246.207,0.97,359.9,0.96,176.58,0.98,55.26,0.99,2221.79,0.02,55.26,0.01,2221.79,0.03,359.9,0.04,176.58,0.01,0.01,2319.172551,1776231845000
1776231847.144,247.144,0.97,354.9,0.96,176.58,0.98,25.26,0.99,2221.79,0.02,25.26,0.01,2221.79,0.03,354.9,0.04,176.58,0.01,0.01,2319.188707,1776231846000
1776231847.595,247.595,0.98,20.0,0.97,305.9,0.99,2171.54,,,0.01,2196.54,,,0.03,354.9,0.04,176.58,0.01,0.02,2319.188707,1776231846000
1776231848.169,248.169,0.98,20.0,0.97,305.9,0.99,2171.54,,,0.01,2171.54,,,0.02,20.0,0.03,305.9,0.01,0.01,2319.201091,1776231847000
1776231848.474,248.474,0.98,349.1,0.97,140.76,0.99,1781.54,,,0.01,2171.54,,,0.02,20.0,0.03,305.9,0.01,0.01,2319.201091,1776231847000
1776231848.747,248.747,0.98,165.4,0.97,140.76,0.99,1251.54,,,0.01,1781.54,,,0.02,349.1,0.03,140.76,0.01,0.01,2319.201091,1776231847000
1776231849.297,249.297,0.98,124.36,0.97,134.76,0.99,1249.54,,,0.01,1249.54,,,0.02,124.36,0.03,134.76,0.01,0.01,2319.264378,1776231848000
1776231849.548,249.548,0.98,634.36,0.97,154.45,0.99,639.54,,,0.01,1249.54,,,0.02,124.36,0.03,134.76,0.01,0.01,2319.264378,1776231848000
1776231849.782,249.782,0.98,838.06,0.97,159.45,0.99,624.1,,,0.01,639.54,,,0.02,634.36,0.03,154.45,0.01,0.01,2319.264378,1776231848000
1776231850.031,250.031,0.98,838.06,0.97,159.45,0.99,616.1,,,0.01,622.1,,,0.02,833.06,0.03,159.45,0.01,0.01,2319.264378,1776231848000
1776231850.236,250.236,0.98,838.06,0.97,159.45,0.99,586.1,,,0.01,616.1,,,0.02,838.06,0.03,159.45,0.01,0.01,2319.179559,1776231849000
1776231850.893,250.893,0.98,833.06,0.97,170.45,0.99,409.56,,,0.01,554.56,,,0.02,833.06,0.03,159.45,0.01,0.01,2319.179559,1776231849000
1776231851.146,251.146,0.98,833.06,0.97,170.45,0.99,389.56,,,0.01,409.56,,,0.02,833.06,0.03,170.45,0.01,0.01,2319.179559,1776231849000
1776231851.826,251.826,0.98,833.06,0.97,170.45,0.99,387.56,,,0.01,387.56,,,0.02,833.06,0.03,170.45,0.01,0.01,2319.129553,1776231850000
1776231852.264,252.264,0.98,728.71,0.97,174.45,0.99,113.15,,,0.01,104.17,,,0.02,718.71,0.03,184.45,0.01,0.01,2319.129553,1776231850000
1776231852.782,252.782,0.98,733.71,0.97,174.45,0.99,83.15,,,0.01,113.15,,,0.02,728.71,0.03,174.45,0.01,0.01,2319.15869,1776231851000
1776231853.194,253.194,0.98,683.71,0.97,190.45,0.99,42.74,,,0.01,83.15,,,0.02,678.71,0.03,174.45,0.01,0.01,2319.16033,1776231852000
1776231853.626,253.626,0.98,683.71,0.97,190.45,0.99,12.74,,,0.01,42.74,,,0.02,683.71,0.03,190.45,0.01,0.01,2319.16033,1776231852000
1776231854.045,254.045,0.98,683.71,0.97,200.45,0.99,3.54,,,0.01,7.74,,,0.02,683.71,0.03,190.45,0.01,0.01,2319.16033,1776231852000
1776231854.537,254.537,0.99,6.96,0.98,683.71,,,,,0.01,3.54,,,0.02,683.71,0.03,200.45,,0.01,2319.16033,1776231852000
1776231854.967,254.967,0.99,45.84,0.98,683.71,,,,,,,,,0.01,6.96,0.02,683.71,,,2319.16033,1776231852000
1776231855.669,255.669,0.99,44.8,0.98,693.71,,,,,,,,,0.01,44.8,0.02,693.71,,,2319.17165,1776231854000
1776231856.344,256.344,0.99,44.8,0.98,693.71,,,,,,,,,0.01,44.8,0.02,693.71,,,2319.131284,1776231855000
1776231856.963,256.963,0.99,45.24,0.98,723.71,,,,,,,,,0.01,45.24,0.02,723.71,,,2319.119928,1776231856000
1776231858.193,258.193,0.99,45.24,0.98,723.71,,,,,,,,,0.01,45.24,0.02,723.71,,,2318.974586,1776231857000
1776231859.473,259.473,0.99,45.24,0.98,723.71,,,,,,,,,0.01,45.24,0.02,723.71,,,2319.088621,1776231858000
1776231860.29,260.29,0.99,45.24,0.98,723.71,,,,,,,,,0.01,45.24,0.02,723.71,,,2319.099641,1776231859000
1776231861.478,261.478,0.99,45.24,0.98,723.71,,,,,,,,,0.01,45.24,0.02,723.71,,,2319.053484,1776231860000
1776231862.264,262.264,0.99,8.99,0.98,723.71,,,,,,,,,0.01,8.99,0.02,723.71,,,2319.051432,1776231861000
1776231863.419,263.419,0.99,8.99,0.98,723.71,,,,,,,,,0.01,8.99,0.02,723.71,,,2319.017064,1776231862000
1776231864.055,264.055,0.99,8.99,0.98,723.71,,,,,,,,,0.01,8.99,0.02,723.71,,,2318.955575,1776231863000
1776231865.368,265.368,0.99,8.99,0.98,723.71,,,,,,,,,0.01,8.99,0.02,723.71,,,2318.95371,1776231864000
1776231866.446,266.446,0.99,13.99,0.98,723.71,,,,,,,,,0.01,8.99,0.02,723.71,,,2318.95371,1776231864000
1776231866.652,266.652,0.99,13.99,0.98,723.71,,,,,,,,,0.01,13.99,0.02,723.71,,,2318.95816,1776231865000
1776231867.473,267.473,0.99,13.99,0.98,723.71,,,,,,,,,0.01,13.99,0.02,723.71,,,2318.94983,1776231866000
1776231868.106,268.106,0.99,13.99,0.98,723.71,,,,,,,,,0.01,13.99,0.02,723.71,,,2318.95816,1776231867000
1776231869.056,269.056,0.99,13.99,0.98,723.71,,,,,,,,,0.01,13.99,0.02,723.71,,,2318.93383,1776231868000
1776231870.035,270.035,0.99,13.99,0.98,723.71,,,,,,,,,0.01,13.99,0.02,723.71,,,2318.83616,1776231869000
1776231871.043,271.043,0.99,13.99,0.98,723.71,,,,,,,,,0.01,13.99,0.02,723.71,,,2318.80013,1776231870000
1776231871.998,271.998,0.99,13.99,0.98,723.71,,,,,,,,,0.01,13.99,0.02,723.71,,,2318.796913,1776231871000
1776231872.99,272.99,0.99,13.99,0.98,723.71,,,,,,,,,0.01,13.99,0.02,723.71,,,2318.972064,1776231872000
1776231874.04,274.04,0.99,13.99,0.98,723.71,,,,,,,,,0.01,13.99,0.02,723.71,,,2318.94685,1776231873000
1776231874.921,274.921,0.99,13.99,0.98,723.71,,,,,,,,,0.01,13.99,0.02,723.71,,,2318.96725,1776231874000
1776231875.891,275.891,0.99,13.99,0.98,723.71,,,,,,,,,0.01,13.99,0.02,723.71,,,2318.87535,1776231875000
1776231876.884,276.884,0.99,13.99,0.98,723.71,,,,,,,,,0.01,13.99,0.02,723.71,,,2319.042834,1776231876000
1776231877.847,277.847,0.99,13.99,0.98,723.71,,,,,,,,,0.01,13.99,0.02,723.71,,,2318.997453,1776231877000
1776231878.818,278.818,0.99,13.99,0.98,723.71,,,,,,,,,0.01,13.99,0.02,723.71,,,2319.004955,1776231878000
1776231879.797,279.797,0.99,13.99,0.98,723.71,,,,,,,,,0.01,13.99,0.02,723.71,,,2319.006485,1776231879000
1776231881.673,281.673,0.99,13.99,0.98,723.71,,,,,,,,,0.01,13.99,0.02,723.71,,,2318.915915,1776231880000
1776231882.122,282.122,0.99,13.99,0.98,723.71,,,,,,,,,0.01,13.99,0.02,723.71,,,2318.915915,1776231881000
1776231883.081,283.081,0.99,13.99,0.98,723.71,,,,,,,,,0.01,13.99,0.02,723.71,,,2318.916045,1776231882000
1776231884.207,284.207,0.99,13.99,0.98,723.71,,,,,,,,,0.01,13.99,0.02,723.71,,,2318.80751,1776231883000
1776231885.123,285.123,0.99,13.99,0.98,723.71,,,,,,,,,0.01,13.99,0.02,723.71,,,2318.79271,1776231884000
1776231886.267,286.267,0.99,13.99,0.98,723.71,,,,,,,,,0.01,13.99,0.02,723.71,,,2318.736632,1776231885000
1776231887.167,287.167,0.99,13.99,0.98,723.71,,,,,,,,,0.01,13.99,0.02,723.71,,,2318.745517,1776231886000
1776231888.292,288.292,0.99,13.99,0.98,723.71,,,,,,,,,0.01,13.99,0.02,723.71,,,2318.75177,1776231887000
1776231889.307,289.307,0.99,13.99,0.98,723.71,,,,,,,,,0.01,13.99,0.02,723.71,,,2318.830275,1776231888000
1776231889.831,289.831,0.99,13.99,0.98,723.71,,,,,,,,,0.01,13.99,0.02,723.71,,,2318.82755,1776231889000
1776231890.073,290.073,0.99,4823.42,0.98,161.01,,,,,,,,,0.01,13.99,0.02,723.71,,,2318.82755,1776231889000
1776231890.878,290.878,0.99,4823.42,0.98,161.01,,,,,,,,,0.01,4823.42,0.02,161.01,,,2318.827555,1776231890000
1776231891.828,291.828,0.99,4823.42,0.98,161.01,,,,,,,,,0.01,4823.42,0.02,161.01,,,2318.7925,1776231891000
1776231893.339,293.339,0.99,4823.42,0.98,161.01,,,,,,,,,0.01,4823.42,0.02,161.01,,,2318.655248,1776231892000
1776231894.782,294.782,0.99,4823.42,0.98,161.01,,,,,,,,,0.01,4823.42,0.02,161.01,,,2318.521071,1776231893000
1776231895.355,295.355,0.99,4823.42,0.98,161.01,,,,,,,,,0.01,4823.42,0.02,161.01,,,2318.514737,1776231894000
1776231895.89,295.89,0.99,4823.42,0.98,161.01,,,,,,,,,0.01,4823.42,0.02,161.01,,,2318.567705,1776231895000
1776231897.0,297.0,0.99,4823.42,0.98,161.01,,,,,,,,,0.01,4823.42,0.02,161.01,,,2318.55935,1776231896000
1776231897.902,297.902,0.99,6982.57,0.98,169.01,,,,,,,,,0.01,4823.42,0.02,161.01,,,2318.55935,1776231896000
1776231899.22,299.22,0.99,6982.57,0.98,169.01,,,,,,,,,0.01,6982.57,0.02,169.01,,,2318.619388,1776231898000
1776231900.307,300.307,0.99,6982.57,0.98,169.01,,,,,,,,,0.01,6982.57,0.02,169.01,,,2318.631774,1776231899000
1776231900.721,300.721,0.99,65366.56,0.98,167.01,,,,,,,,,0.01,6982.57,0.02,169.01,,,2318.631774,1776231899000
1776231900.932,300.932,0.99,65346.56,0.98,162.01,,,,,,,,,0.01,65366.56,0.02,162.01,,,2318.631774,1776231899000

# RESULT,winner=Up,slug=eth-updown-5m-1776231600,ticks=458
