timestamp,elapsed_sec,up_bid_p1,up_bid_s1,up_bid_p2,up_bid_s2,up_ask_p1,up_ask_s1,up_ask_p2,up_ask_s2,down_bid_p1,down_bid_s1,down_bid_p2,down_bid_s2,down_ask_p1,down_ask_s1,down_ask_p2,down_ask_s2,up_spread,down_spread,eth_price,eth_oracle_ts
1776218411.363,11.363,0.5,44.36,0.49,34.92,0.51,43.03,0.52,5.0,0.49,43.03,0.48,5.0,0.5,39.36,0.51,34.92,0.01,0.01,2336.701323,1776218409000
1776218411.869,11.869,0.5,44.36,0.49,34.92,0.51,43.03,0.52,5.0,0.49,43.03,0.48,5.0,0.5,39.36,0.51,34.92,0.01,0.01,2336.699342,1776218411000
1776218412.459,12.459,0.52,12.33,0.51,23.43,0.53,23.0,0.54,32.0,0.48,5.0,0.47,18.0,0.49,18.43,0.5,54.36,0.01,0.01,2336.699342,1776218411000
1776218412.86,12.86,0.52,17.33,0.51,23.43,0.54,20.0,0.55,25.0,0.47,23.0,0.46,32.0,0.48,12.33,0.49,23.43,0.02,0.01,2336.699342,1776218411000
1776218413.33,13.33,0.52,17.33,0.51,23.43,0.54,20.0,0.55,25.0,0.46,20.0,0.45,25.0,0.48,17.33,0.49,23.43,0.02,0.02,2336.711551,1776218412000
1776218413.941,13.941,0.52,17.33,0.51,23.43,0.54,20.0,0.55,25.0,0.46,20.0,0.45,25.0,0.48,17.33,0.49,23.43,0.02,0.02,2336.723291,1776218413000
1776218414.559,14.559,0.53,25.0,0.52,15.0,0.54,33.44,0.55,38.0,0.46,20.0,0.45,25.0,0.48,17.33,0.49,23.43,0.01,0.02,2336.723291,1776218413000
1776218415.121,15.121,0.53,25.0,0.52,15.0,0.54,33.44,0.55,38.0,0.46,33.44,0.45,38.0,0.47,25.0,0.48,15.0,0.01,0.01,2336.763052,1776218414000
1776218416.25,16.25,0.53,25.0,0.52,15.0,0.54,33.44,0.55,38.0,0.46,33.44,0.45,38.0,0.47,25.0,0.48,15.0,0.01,0.01,2336.768012,1776218415000
1776218417.106,17.106,0.55,22.77,0.54,45.0,0.56,53.0,0.57,23.0,0.46,33.44,0.45,38.0,0.47,25.0,0.48,15.0,0.01,0.01,2336.768012,1776218415000
1776218417.39,17.39,0.55,22.77,0.54,45.0,0.56,53.0,0.57,23.0,0.44,53.0,0.43,23.0,0.45,22.77,0.46,45.0,0.01,0.01,2336.770276,1776218416000
1776218417.995,17.995,0.55,22.77,0.54,45.0,0.56,53.0,0.57,23.0,0.44,53.0,0.43,23.0,0.45,22.77,0.46,45.0,0.01,0.01,2336.907155,1776218417000
1776218418.969,18.969,0.55,22.77,0.54,45.0,0.56,53.0,0.57,23.0,0.44,53.0,0.43,23.0,0.45,22.77,0.46,45.0,0.01,0.01,2336.961376,1776218418000
1776218419.533,19.533,0.55,2.77,0.54,20.0,0.56,73.7,0.57,93.0,0.44,53.0,0.43,23.0,0.45,22.77,0.46,45.0,0.01,0.01,2336.961376,1776218418000
1776218420.203,20.203,0.55,2.77,0.54,15.0,0.57,82.6,0.58,32.0,0.43,82.6,0.42,32.0,0.45,2.77,0.46,15.0,0.02,0.02,2336.947487,1776218419000
1776218420.882,20.882,0.55,2.77,0.54,15.0,0.56,26.7,0.57,92.0,0.43,82.6,0.42,32.0,0.45,2.77,0.46,15.0,0.01,0.02,2336.947487,1776218419000
1776218421.264,21.264,0.55,2.77,0.54,15.0,0.56,26.7,0.57,92.0,0.44,26.7,0.43,92.0,0.45,2.77,0.46,15.0,0.01,0.01,2336.901702,1776218420000
1776218422.386,22.386,0.55,2.77,0.54,15.0,0.56,26.7,0.57,92.0,0.44,26.7,0.43,92.0,0.45,2.77,0.46,15.0,0.01,0.01,2336.82671,1776218421000
1776218422.999,22.999,0.55,2.77,0.54,30.0,0.56,34.78,0.57,92.0,0.44,34.78,0.43,92.0,0.45,2.77,0.46,30.0,0.01,0.01,2336.820382,1776218422000
1776218423.42,23.42,0.55,2.77,0.54,30.0,0.56,32.93,0.57,92.0,0.44,34.78,0.43,92.0,0.45,2.77,0.46,30.0,0.01,0.01,2336.820382,1776218422000
1776218424.111,24.111,0.55,2.77,0.54,30.0,0.56,32.93,0.57,92.0,0.44,32.93,0.43,92.0,0.45,2.77,0.46,30.0,0.01,0.01,2336.959485,1776218423000
1776218425.155,25.155,0.55,2.77,0.54,30.0,0.56,32.93,0.57,92.0,0.44,32.93,0.43,92.0,0.45,2.77,0.46,30.0,0.01,0.01,2336.822975,1776218424000
1776218425.969,25.969,0.55,2.77,0.54,35.0,0.56,31.01,0.57,92.0,0.44,32.93,0.43,92.0,0.45,2.77,0.46,30.0,0.01,0.01,2336.822975,1776218424000
1776218426.22,26.22,0.55,0.39,0.54,35.0,0.56,26.01,0.57,92.0,0.44,31.01,0.43,92.0,0.45,2.77,0.46,35.0,0.01,0.01,2336.822975,1776218424000
1776218427.696,27.696,0.55,0.39,0.54,35.0,0.56,26.01,0.57,92.0,0.44,26.01,0.43,92.0,0.45,0.39,0.46,35.0,0.01,0.01,2336.838901,1776218426000
1776218428.508,28.508,0.55,0.39,0.54,35.0,0.56,26.01,0.57,92.0,0.44,26.01,0.43,92.0,0.45,0.39,0.46,35.0,0.01,0.01,2336.831952,1776218427000
1776218429.305,29.305,0.55,5.39,0.54,35.0,0.56,29.09,0.57,97.0,0.44,26.01,0.43,92.0,0.45,0.39,0.46,35.0,0.01,0.01,2336.831952,1776218427000
1776218430.171,30.171,0.55,5.39,0.54,35.0,0.56,29.09,0.57,97.0,0.44,29.09,0.43,97.0,0.45,5.39,0.46,35.0,0.01,0.01,2336.817114,1776218429000
1776218431.9,31.9,0.55,5.39,0.54,35.0,0.56,29.09,0.57,97.0,0.44,29.09,0.43,97.0,0.45,5.39,0.46,35.0,0.01,0.01,2336.914827,1776218430000
1776218432.712,32.712,0.55,5.39,0.54,35.0,0.56,29.09,0.57,97.0,0.44,29.09,0.43,97.0,0.45,5.39,0.46,35.0,0.01,0.01,2336.821369,1776218431000
1776218433.777,33.777,0.55,25.39,0.54,35.0,0.56,10.47,0.57,95.0,0.44,10.47,0.43,95.0,0.45,25.39,0.46,35.0,0.01,0.01,2336.8276,1776218432000
1776218434.215,34.215,0.72,70.0,0.71,10.0,0.73,2.0,0.74,14.0,0.33,5.0,0.27,7.0,0.37,60.97,0.45,180.0,0.01,0.04,2336.8276,1776218432000
1776218434.613,34.613,0.73,32.33,0.72,50.0,0.74,29.0,0.75,15.0,0.27,0.49,0.26,14.0,0.28,58.28,0.29,10.0,0.01,0.01,2336.8276,1776218432000
1776218434.941,34.941,0.61,31.96,0.6,10.0,0.63,23.0,0.64,15.0,0.26,64.0,0.25,10.0,0.36,6.0,0.38,59.94,0.02,0.1,2336.868191,1776218433000
1776218435.296,35.296,0.62,5.0,0.61,21.96,0.63,24.04,0.64,15.0,0.37,16.04,0.36,15.0,0.39,31.96,0.4,10.0,0.01,0.02,2336.868191,1776218433000
1776218435.501,35.501,0.62,10.0,0.61,21.96,0.63,22.21,0.64,15.0,0.37,24.04,0.36,15.0,0.38,5.0,0.39,21.96,0.01,0.01,2336.868191,1776218433000
1776218435.713,35.713,0.62,31.31,0.61,21.96,0.63,42.21,0.64,20.0,0.37,22.21,0.36,15.0,0.38,10.0,0.39,21.96,0.01,0.01,2336.9554,1776218434000
1776218435.978,35.978,0.62,9.86,0.61,31.96,0.63,81.21,0.64,26.0,0.37,91.21,0.36,26.0,0.38,9.86,0.39,31.96,0.01,0.01,2336.9554,1776218434000
1776218436.547,36.547,0.62,9.86,0.61,31.96,0.63,81.21,0.64,26.0,0.37,81.21,0.36,26.0,0.38,9.86,0.39,31.96,0.01,0.01,2337.565786,1776218435000
1776218436.815,36.815,0.61,26.96,0.6,5.0,0.62,14.0,0.63,45.0,0.37,81.21,0.36,26.0,0.38,9.86,0.39,31.96,0.01,0.01,2337.565786,1776218435000
1776218437.101,37.101,0.61,29.39,0.6,10.0,0.62,59.0,0.63,60.0,0.38,4.0,0.37,42.0,0.39,24.39,0.4,5.0,0.01,0.01,2337.565786,1776218435000
1776218437.328,37.328,0.56,5.0,0.55,25.0,0.62,102.0,0.63,60.0,0.38,102.0,0.37,60.0,0.44,5.0,0.45,25.0,0.06,0.06,2337.360068,1776218436000
1776218437.666,37.666,0.56,13.0,0.55,20.0,0.57,18.92,0.58,10.0,0.38,102.0,0.37,60.0,0.44,5.0,0.45,25.0,0.01,0.06,2337.360068,1776218436000
1776218437.969,37.969,0.56,20.0,0.55,25.0,0.57,7.83,0.58,10.0,0.43,13.92,0.42,10.0,0.44,13.0,0.45,20.0,0.01,0.01,2337.360068,1776218436000
1776218438.347,38.347,0.56,20.0,0.55,25.0,0.57,7.83,0.58,10.0,0.43,7.83,0.42,10.0,0.44,20.0,0.45,25.0,0.01,0.01,2337.232833,1776218437000
1776218438.548,38.548,0.56,25.0,0.55,30.0,0.57,2.84,0.58,15.0,0.43,7.83,0.42,10.0,0.44,20.0,0.45,25.0,0.01,0.01,2337.232833,1776218437000
1776218438.888,38.888,0.57,15.0,0.56,30.0,0.59,78.0,0.6,90.0,0.43,2.84,0.42,15.0,0.44,25.0,0.45,30.0,0.02,0.01,2337.232833,1776218437000
1776218439.568,39.568,0.57,15.0,0.56,30.0,0.59,78.0,0.6,90.0,0.41,78.0,0.4,90.0,0.43,15.0,0.44,30.0,0.02,0.02,2337.087152,1776218438000
1776218440.05,40.05,0.56,25.0,0.55,15.0,0.58,10.0,0.59,93.0,0.41,78.0,0.4,90.0,0.43,15.0,0.44,30.0,0.02,0.02,2337.087152,1776218438000
1776218440.319,40.319,0.57,15.0,0.56,25.0,0.59,92.91,0.6,90.0,0.42,10.0,0.41,93.0,0.44,25.0,0.45,15.0,0.02,0.02,2337.087152,1776218438000
1776218440.568,40.568,0.57,13.13,0.56,25.0,0.59,137.91,0.6,90.0,0.41,92.91,0.4,90.0,0.43,15.0,0.44,25.0,0.02,0.02,2337.087152,1776218438000
1776218441.677,41.677,0.57,25.52,0.56,25.0,0.58,22.65,0.59,122.91,0.41,127.91,0.4,90.0,0.43,3.13,0.44,25.0,0.01,0.02,2336.931017,1776218439000
1776218441.987,41.987,0.57,20.4,0.56,25.0,0.58,8.25,0.59,122.91,0.42,8.25,0.41,122.91,0.43,20.4,0.44,25.0,0.01,0.01,2336.914474,1776218440000
1776218443.122,43.122,0.57,20.4,0.56,25.0,0.58,8.25,0.59,122.91,0.42,8.25,0.41,122.91,0.43,20.4,0.44,25.0,0.01,0.01,2336.87881,1776218441000
1776218443.881,43.881,0.57,95.4,0.56,95.0,0.58,2.7,0.59,5.0,0.42,8.25,0.41,122.91,0.43,20.4,0.44,25.0,0.01,0.01,2336.87881,1776218441000
1776218444.304,44.304,0.57,95.4,0.56,95.0,0.58,2.7,0.59,5.0,0.42,2.7,0.41,5.0,0.43,95.4,0.44,95.0,0.01,0.01,2336.87871,1776218442000
1776218444.545,44.545,0.58,89.0,0.57,87.39,0.59,19.91,0.62,24.0,0.42,2.7,0.41,5.0,0.43,95.4,0.44,95.0,0.01,0.01,2336.87871,1776218442000
1776218444.784,44.784,0.58,89.0,0.57,92.39,0.59,9.91,0.62,24.0,0.41,19.91,0.38,24.0,0.42,89.0,0.43,87.39,0.01,0.01,2336.87871,1776218442000
1776218445.444,45.444,0.58,89.0,0.57,92.39,0.59,9.91,0.62,24.0,0.41,9.91,0.38,24.0,0.42,89.0,0.43,92.39,0.01,0.01,2336.94159,1776218443000
1776218446.309,46.309,0.58,89.0,0.57,92.39,0.59,20.0,0.62,19.0,0.41,9.91,0.38,24.0,0.42,89.0,0.43,92.39,0.01,0.01,2336.94159,1776218443000
1776218446.731,46.731,0.58,7.45,0.57,37.39,0.59,106.0,0.6,80.0,0.41,20.0,0.38,19.0,0.42,89.0,0.43,92.39,0.01,0.01,2337.010018,1776218445000
1776218447.034,47.034,0.57,4.84,0.56,5.0,0.58,55.0,0.59,16.83,0.41,26.83,0.4,80.0,0.43,14.84,0.44,5.0,0.01,0.02,2337.010018,1776218445000
1776218447.451,47.451,0.5,15.82,0.49,81.86,0.52,44.0,0.53,15.0,0.42,76.0,0.41,16.83,0.46,5.0,0.48,6.0,0.02,0.04,2337.010018,1776218445000
1776218447.913,47.913,0.5,3.98,0.46,11.76,0.51,86.0,0.52,62.0,0.48,44.0,0.47,15.0,0.5,15.82,0.51,81.86,0.01,0.02,2337.171967,1776218446000
1776218448.169,48.169,0.46,14.59,0.45,70.0,0.47,73.48,0.48,10.0,0.53,57.48,0.52,10.0,0.54,15.0,0.55,142.94,0.01,0.01,2337.171967,1776218446000
1776218448.444,48.444,0.46,14.59,0.45,70.0,0.47,73.48,0.48,10.0,0.53,73.48,0.52,10.0,0.54,14.59,0.55,70.0,0.01,0.01,2337.082276,1776218447000
1776218449.345,49.345,0.46,27.0,0.45,144.94,0.47,66.96,0.48,10.0,0.53,66.96,0.52,10.0,0.54,27.0,0.55,144.94,0.01,0.01,2337.00115,1776218448000
1776218449.821,49.821,0.46,44.22,0.45,161.0,0.47,57.84,0.48,10.0,0.53,75.19,0.52,10.0,0.54,29.22,0.55,161.0,0.01,0.01,2337.00115,1776218448000
1776218450.387,50.387,0.46,44.22,0.45,161.0,0.47,57.84,0.48,10.0,0.53,57.84,0.52,10.0,0.54,44.22,0.55,161.0,0.01,0.01,2336.523765,1776218449000
1776218450.841,50.841,0.46,87.0,0.45,101.06,0.47,34.0,0.5,15.0,0.53,57.84,0.52,10.0,0.54,44.22,0.55,161.0,0.01,0.01,2336.523765,1776218449000
1776218451.51,51.51,0.46,92.0,0.45,108.06,0.47,36.87,0.5,15.0,0.53,34.0,0.5,15.0,0.54,87.0,0.55,101.06,0.01,0.01,2336.523765,1776218449000
1776218451.868,51.868,0.46,87.0,0.45,108.06,0.47,30.62,0.48,5.0,0.53,36.87,0.5,15.0,0.54,92.0,0.55,108.06,0.01,0.01,2336.523765,1776218449000
1776218452.231,52.231,0.46,76.0,0.45,108.06,0.47,28.34,0.48,5.0,0.53,30.62,0.52,5.0,0.54,61.0,0.55,108.06,0.01,0.01,2336.523765,1776218449000
1776218452.486,52.486,0.46,70.44,0.45,108.06,0.47,38.34,0.48,5.0,0.53,28.34,0.52,5.0,0.54,76.0,0.55,108.06,0.01,0.01,2336.449076,1776218451000
1776218453.691,53.691,0.46,70.44,0.45,108.06,0.47,38.34,0.48,5.0,0.53,38.34,0.52,5.0,0.54,70.44,0.55,108.06,0.01,0.01,2336.565427,1776218452000
1776218454.276,54.276,0.46,70.44,0.45,108.06,0.47,38.34,0.48,5.0,0.53,38.34,0.52,5.0,0.54,70.44,0.55,108.06,0.01,0.01,2336.567332,1776218453000
1776218454.482,54.482,0.46,127.44,0.45,104.06,0.47,5.53,0.49,10.0,0.53,15.53,0.51,10.0,0.54,127.44,0.55,104.06,0.01,0.01,2336.567332,1776218453000
1776218455.089,55.089,0.52,5.0,0.46,127.44,0.54,86.0,0.55,15.0,0.46,86.0,0.45,15.0,0.48,5.0,0.54,127.44,0.02,0.02,2336.627911,1776218454000
1776218455.899,55.899,0.53,7.72,0.52,20.0,0.54,160.0,0.55,20.0,0.46,86.0,0.45,15.0,0.48,5.0,0.54,127.44,0.01,0.02,2336.627911,1776218454000
1776218456.285,56.285,0.52,15.86,0.51,15.0,0.54,180.0,0.55,20.0,0.46,160.0,0.45,20.0,0.47,0.88,0.48,20.0,0.02,0.01,2336.627911,1776218454000
1776218457.058,57.058,0.52,15.86,0.51,15.0,0.54,180.0,0.55,20.0,0.46,180.0,0.45,20.0,0.48,15.86,0.49,15.0,0.02,0.02,2336.673121,1776218456000
1776218457.308,57.308,0.52,15.86,0.51,20.0,0.53,81.56,0.54,125.0,0.46,180.0,0.45,20.0,0.48,15.86,0.49,15.0,0.01,0.02,2336.673121,1776218456000
1776218458.189,58.189,0.52,15.86,0.51,20.0,0.53,84.54,0.54,125.0,0.47,84.54,0.46,125.0,0.48,15.86,0.49,20.0,0.01,0.01,2336.631009,1776218457000
1776218459.494,59.494,0.52,15.86,0.51,20.0,0.53,84.54,0.54,125.0,0.47,84.54,0.46,125.0,0.48,15.86,0.49,20.0,0.01,0.01,2336.631089,1776218458000
1776218460.085,60.085,0.52,15.86,0.51,20.0,0.53,84.54,0.54,125.0,0.47,84.54,0.46,125.0,0.48,15.86,0.49,20.0,0.01,0.01,2336.631959,1776218459000
1776218460.853,60.853,0.52,25.86,0.51,20.0,0.53,87.52,0.54,125.0,0.47,84.54,0.46,125.0,0.48,15.86,0.49,20.0,0.01,0.01,2336.631959,1776218459000
1776218461.335,61.335,0.52,25.86,0.51,20.0,0.53,79.52,0.54,125.0,0.47,79.52,0.46,125.0,0.48,25.86,0.49,20.0,0.01,0.01,2336.622503,1776218460000
1776218461.565,61.565,0.52,15.75,0.51,20.0,0.53,99.52,0.54,125.0,0.47,79.52,0.46,125.0,0.48,25.86,0.49,20.0,0.01,0.01,2336.622503,1776218460000
1776218461.82,61.82,0.52,0.75,0.48,10.0,0.53,188.52,0.54,63.0,0.47,188.52,0.46,68.0,0.48,10.75,0.52,10.0,0.01,0.01,2336.622503,1776218460000
1776218462.297,62.297,0.37,24.01,0.36,90.0,0.38,44.0,0.39,20.0,0.61,10.0,0.6,10.0,0.63,19.01,0.64,85.0,0.01,0.02,2336.622503,1776218460000
1776218462.775,62.775,0.37,34.01,0.36,90.0,0.38,61.18,0.39,20.0,0.62,44.0,0.61,20.0,0.63,24.01,0.64,90.0,0.01,0.01,2336.613546,1776218461000
1776218463.018,63.018,0.37,49.01,0.36,100.0,0.38,36.18,0.39,20.0,0.62,61.18,0.61,20.0,0.63,34.01,0.64,90.0,0.01,0.01,2336.613546,1776218461000
1776218463.325,63.325,0.37,118.01,0.36,150.0,0.38,16.36,0.39,5.0,0.62,23.18,0.61,10.0,0.63,114.01,0.64,150.0,0.01,0.01,2336.613393,1776218462000
1776218463.666,63.666,0.41,25.0,0.4,21.0,0.43,16.37,0.44,20.0,0.57,1.37,0.56,10.0,0.58,5.0,0.59,15.0,0.02,0.01,2336.613393,1776218462000
1776218464.191,64.191,0.41,25.0,0.4,21.0,0.43,16.37,0.44,20.0,0.57,16.37,0.56,20.0,0.59,25.0,0.6,21.0,0.02,0.02,2336.200564,1776218463000
1776218465.43,65.43,0.42,15.06,0.41,35.0,0.43,48.02,0.44,25.0,0.57,16.37,0.56,20.0,0.59,25.0,0.6,21.0,0.01,0.02,2336.200564,1776218463000
1776218465.894,65.894,0.41,25.0,0.4,14.0,0.42,5.0,0.43,88.02,0.57,48.02,0.56,25.0,0.58,15.06,0.59,35.0,0.01,0.01,2336.120664,1776218464000
1776218466.324,66.324,0.4,14.0,0.39,30.08,0.42,94.0,0.43,61.37,0.58,5.0,0.57,88.02,0.59,25.0,0.6,14.0,0.02,0.01,2336.120614,1776218465000
1776218466.818,66.818,0.39,34.0,0.38,21.0,0.4,68.0,0.41,30.0,0.6,53.0,0.59,30.0,0.61,35.08,0.62,21.0,0.01,0.01,2336.120614,1776218465000
1776218467.248,67.248,0.39,29.0,0.38,21.0,0.4,65.5,0.41,30.0,0.6,65.5,0.59,30.0,0.61,29.0,0.62,21.0,0.01,0.01,2336.119231,1776218466000
1776218468.255,68.255,0.39,32.36,0.38,21.0,0.4,60.5,0.41,30.0,0.6,60.5,0.59,30.0,0.61,32.36,0.62,21.0,0.01,0.01,2336.105308,1776218467000
1776218469.256,69.256,0.39,32.36,0.38,21.0,0.4,60.5,0.41,30.0,0.6,60.5,0.59,30.0,0.61,32.36,0.62,21.0,0.01,0.01,2336.027304,1776218468000
1776218469.909,69.909,0.38,53.17,0.37,35.01,0.4,75.5,0.41,35.0,0.6,60.5,0.59,30.0,0.61,32.36,0.62,21.0,0.02,0.01,2336.027304,1776218468000
1776218470.74,70.74,0.38,53.17,0.37,35.01,0.4,75.5,0.41,35.0,0.6,75.5,0.59,35.0,0.62,53.17,0.63,35.01,0.02,0.02,2336.009134,1776218469000
1776218471.36,71.36,0.38,53.17,0.37,35.01,0.4,75.5,0.41,35.0,0.6,75.5,0.59,35.0,0.62,53.17,0.63,35.01,0.02,0.02,2336.008869,1776218470000
1776218471.745,71.745,0.38,24.88,0.37,25.01,0.39,86.25,0.4,46.5,0.61,81.25,0.6,46.5,0.62,59.38,0.63,30.01,0.01,0.01,2336.008869,1776218470000
1776218472.003,72.003,0.38,24.88,0.37,25.01,0.39,86.25,0.4,46.5,0.61,86.25,0.6,46.5,0.62,24.88,0.63,25.01,0.01,0.01,2335.929479,1776218471000
1776218472.231,72.231,0.38,10.0,0.37,11.01,0.39,86.25,0.4,121.5,0.61,86.25,0.6,46.5,0.62,24.88,0.63,25.01,0.01,0.01,2335.929479,1776218471000
1776218472.95,72.95,0.33,25.0,0.32,10.0,0.36,69.95,0.37,106.0,0.62,25.0,0.61,90.44,0.65,48.09,0.67,20.0,0.03,0.03,2335.929479,1776218471000
1776218473.15,73.15,0.33,25.0,0.32,10.0,0.36,69.95,0.37,106.0,0.64,69.95,0.63,106.0,0.67,25.0,0.68,10.0,0.03,0.03,2335.898077,1776218472000
1776218473.805,73.805,0.33,205.99,0.32,170.0,0.34,84.0,0.35,20.0,0.64,69.95,0.63,106.0,0.67,25.0,0.68,10.0,0.01,0.03,2335.898077,1776218472000
1776218474.111,74.111,0.33,213.04,0.32,165.0,0.34,74.0,0.35,25.0,0.66,84.0,0.65,20.0,0.67,205.99,0.68,170.0,0.01,0.01,2335.898077,1776218472000
1776218474.388,74.388,0.33,213.04,0.32,165.0,0.34,74.0,0.35,25.0,0.66,74.0,0.65,25.0,0.67,213.04,0.68,165.0,0.01,0.01,2335.846049,1776218473000
1776218474.591,74.591,0.33,192.04,0.32,160.0,0.34,76.02,0.35,25.0,0.66,74.0,0.65,25.0,0.67,213.04,0.68,165.0,0.01,0.01,2335.846049,1776218473000
1776218475.261,75.261,0.33,75.54,0.32,35.0,0.34,76.02,0.35,25.0,0.66,76.02,0.65,25.0,0.67,192.04,0.68,160.0,0.01,0.01,2335.846049,1776218473000
1776218475.586,75.586,0.33,69.04,0.32,35.0,0.34,81.02,0.35,25.0,0.66,81.02,0.65,25.0,0.67,69.04,0.68,35.0,0.01,0.01,2335.721801,1776218474000
1776218476.058,76.058,0.33,69.04,0.32,35.0,0.34,81.02,0.35,25.0,0.66,81.02,0.65,25.0,0.67,69.04,0.68,35.0,0.01,0.01,2335.669177,1776218475000
1776218476.412,76.412,0.33,70.3,0.32,35.0,0.34,86.02,0.35,25.0,0.66,81.02,0.65,25.0,0.67,69.04,0.68,35.0,0.01,0.01,2335.669177,1776218475000
1776218476.742,76.742,0.33,61.3,0.32,35.0,0.34,87.87,0.35,25.0,0.66,86.02,0.65,25.0,0.67,61.3,0.68,35.0,0.01,0.01,2335.669177,1776218475000
1776218477.23,77.23,0.33,61.3,0.32,35.0,0.34,87.87,0.35,25.0,0.66,87.87,0.65,25.0,0.67,61.3,0.68,35.0,0.01,0.01,2335.644267,1776218476000
1776218477.484,77.484,0.33,39.3,0.32,21.0,0.34,112.87,0.35,30.0,0.66,87.87,0.65,25.0,0.67,61.3,0.68,35.0,0.01,0.01,2335.644267,1776218476000
1776218478.255,78.255,0.33,37.21,0.32,26.0,0.34,114.72,0.35,30.0,0.66,114.72,0.65,30.0,0.67,37.21,0.68,26.0,0.01,0.01,2335.620867,1776218477000
1776218479.1,79.1,0.33,18.5,0.32,21.0,0.34,109.72,0.35,30.0,0.66,114.72,0.65,30.0,0.67,37.21,0.68,26.0,0.01,0.01,2335.620867,1776218477000
1776218479.422,79.422,0.33,18.5,0.32,21.0,0.34,109.72,0.35,30.0,0.66,109.72,0.65,30.0,0.67,18.5,0.68,21.0,0.01,0.01,2335.53455,1776218478000
1776218480.044,80.044,0.33,18.5,0.32,21.0,0.34,109.72,0.35,30.0,0.66,109.72,0.65,30.0,0.67,18.5,0.68,21.0,0.01,0.01,2335.510063,1776218479000
1776218480.716,80.716,0.33,23.4,0.32,21.0,0.34,81.48,0.35,30.0,0.66,79.72,0.65,30.0,0.67,28.4,0.68,21.0,0.01,0.01,2335.510063,1776218479000
1776218481.122,81.122,0.33,10.59,0.32,21.0,0.34,86.48,0.35,30.0,0.66,86.48,0.65,30.0,0.67,10.59,0.68,21.0,0.01,0.01,2335.502256,1776218480000
1776218482.479,82.479,0.33,10.59,0.32,21.0,0.34,86.48,0.35,30.0,0.66,86.48,0.65,30.0,0.67,10.59,0.68,21.0,0.01,0.01,2335.54817,1776218481000
1776218483.472,83.472,0.33,15.59,0.32,21.0,0.34,106.48,0.35,64.3,0.66,106.48,0.65,64.3,0.67,15.59,0.68,21.0,0.01,0.01,2335.544755,1776218482000
1776218483.961,83.961,0.33,15.59,0.32,21.0,0.34,106.48,0.35,64.3,0.66,106.48,0.65,64.3,0.67,15.59,0.68,21.0,0.01,0.01,2335.550224,1776218483000
1776218485.091,85.091,0.33,15.59,0.32,21.0,0.34,106.48,0.35,64.3,0.66,106.48,0.65,64.3,0.67,15.59,0.68,21.0,0.01,0.01,2335.570144,1776218484000
1776218486.088,86.088,0.33,15.59,0.32,21.0,0.34,106.48,0.35,64.3,0.66,106.48,0.65,64.3,0.67,15.59,0.68,21.0,0.01,0.01,2335.508899,1776218485000
1776218487.04,87.04,0.33,15.59,0.32,21.0,0.34,106.48,0.35,64.3,0.66,106.48,0.65,64.3,0.67,15.59,0.68,21.0,0.01,0.01,2335.513158,1776218486000
1776218487.275,87.275,0.33,147.39,0.32,162.39,0.34,57.43,0.35,10.0,0.66,106.48,0.65,64.3,0.67,15.59,0.68,21.0,0.01,0.01,2335.513158,1776218486000
1776218487.477,87.477,0.35,79.99,0.34,32.0,0.37,9.48,0.38,15.0,0.63,14.48,0.62,15.0,0.65,74.99,0.66,32.0,0.02,0.02,2335.513158,1776218486000
1776218488.098,88.098,0.35,79.99,0.34,32.0,0.37,6.48,0.38,15.0,0.63,6.48,0.62,15.0,0.65,79.99,0.66,32.0,0.02,0.02,2335.513354,1776218487000
1776218488.773,88.773,0.36,62.6,0.35,125.39,0.37,16.22,0.38,10.0,0.63,6.48,0.62,15.0,0.65,79.99,0.66,32.0,0.01,0.02,2335.513354,1776218487000
1776218489.106,89.106,0.37,30.0,0.36,49.6,0.39,18.19,0.4,15.0,0.61,18.19,0.6,15.0,0.63,30.0,0.64,49.6,0.02,0.02,2335.64281,1776218488000
1776218490.038,90.038,0.37,30.0,0.36,49.6,0.39,18.19,0.4,15.0,0.61,18.19,0.6,15.0,0.63,30.0,0.64,49.6,0.02,0.02,2335.765077,1776218489000
1776218491.113,91.113,0.37,30.0,0.36,49.6,0.39,18.19,0.4,15.0,0.61,18.19,0.6,15.0,0.63,30.0,0.64,49.6,0.02,0.02,2335.885612,1776218490000
1776218492.115,92.115,0.37,30.0,0.36,49.6,0.39,18.19,0.4,15.0,0.61,18.19,0.6,15.0,0.63,30.0,0.64,49.6,0.02,0.02,2335.927728,1776218491000
1776218493.021,93.021,0.37,30.0,0.36,49.6,0.39,18.19,0.4,15.0,0.61,18.19,0.6,15.0,0.63,30.0,0.64,49.6,0.02,0.02,2335.931008,1776218492000
1776218493.379,93.379,0.36,39.6,0.35,88.39,0.39,63.19,0.4,96.0,0.61,18.19,0.6,15.0,0.63,30.0,0.64,49.6,0.03,0.02,2335.931008,1776218492000
1776218494.003,94.003,0.36,79.97,0.35,93.39,0.37,15.94,0.38,31.0,0.63,21.0,0.62,31.0,0.64,24.97,0.65,88.39,0.01,0.01,2335.931008,1776218492000
1776218494.326,94.326,0.36,84.97,0.35,93.39,0.37,10.8,0.38,31.0,0.63,15.94,0.62,31.0,0.64,79.97,0.65,93.39,0.01,0.01,2335.937082,1776218493000
1776218495.069,95.069,0.36,84.97,0.35,93.39,0.37,10.8,0.38,31.0,0.63,10.8,0.62,31.0,0.64,84.97,0.65,93.39,0.01,0.01,2335.929337,1776218494000
1776218495.843,95.843,0.36,49.97,0.35,108.39,0.37,45.8,0.38,26.0,0.63,10.8,0.62,31.0,0.64,84.97,0.65,93.39,0.01,0.01,2335.929337,1776218494000
1776218496.396,96.396,0.36,42.78,0.35,98.39,0.37,50.8,0.38,36.0,0.63,50.8,0.62,36.0,0.64,42.78,0.65,98.39,0.01,0.01,2335.7931,1776218495000
1776218496.96,96.96,0.36,42.78,0.35,98.39,0.37,50.8,0.38,36.0,0.63,50.8,0.62,36.0,0.64,42.78,0.65,98.39,0.01,0.01,2335.8381,1776218496000
1776218497.32,97.32,0.36,15.0,0.35,109.78,0.37,70.8,0.38,31.0,0.63,50.8,0.62,36.0,0.64,42.78,0.65,98.39,0.01,0.01,2335.8381,1776218496000
1776218498.129,98.129,0.36,15.0,0.35,109.78,0.37,70.8,0.38,31.0,0.63,70.8,0.62,31.0,0.64,15.0,0.65,109.78,0.01,0.01,2335.83899,1776218497000
1776218498.909,98.909,0.36,5.0,0.34,10.0,0.37,159.79,0.38,44.0,0.63,70.8,0.62,31.0,0.64,15.0,0.65,109.78,0.01,0.01,2335.83899,1776218497000
1776218499.391,99.391,0.31,86.65,0.3,34.0,0.32,60.0,0.33,20.0,0.68,60.0,0.67,20.0,0.69,86.65,0.7,34.0,0.01,0.01,2335.814264,1776218498000
1776218499.882,99.882,0.31,86.65,0.3,34.0,0.32,60.0,0.33,20.0,0.68,60.0,0.67,20.0,0.69,86.65,0.7,34.0,0.01,0.01,2335.809956,1776218499000
1776218501.054,101.054,0.31,86.65,0.3,34.0,0.32,60.0,0.33,20.0,0.68,60.0,0.67,20.0,0.69,86.65,0.7,34.0,0.01,0.01,2335.684031,1776218500000
1776218502.116,102.116,0.31,86.65,0.3,34.0,0.32,60.0,0.33,20.0,0.68,60.0,0.67,20.0,0.69,86.65,0.7,34.0,0.01,0.01,2335.639643,1776218501000
1776218503.179,103.179,0.31,86.65,0.3,34.0,0.32,60.0,0.33,20.0,0.68,60.0,0.67,20.0,0.69,86.65,0.7,34.0,0.01,0.01,2335.643705,1776218502000
1776218503.765,103.765,0.31,124.65,0.3,61.1,0.32,50.0,0.33,25.0,0.68,60.0,0.67,20.0,0.69,86.65,0.7,34.0,0.01,0.01,2335.643705,1776218502000
1776218504.265,104.265,0.31,124.65,0.3,61.1,0.32,50.0,0.33,25.0,0.68,50.0,0.67,25.0,0.69,124.65,0.7,61.1,0.01,0.01,2335.643367,1776218503000
1776218505.112,105.112,0.31,120.65,0.3,62.1,0.32,70.0,0.33,25.0,0.68,50.0,0.67,25.0,0.69,124.65,0.7,61.1,0.01,0.01,2335.643367,1776218503000
1776218505.328,105.328,0.31,120.65,0.3,62.1,0.32,70.0,0.33,25.0,0.68,70.0,0.67,25.0,0.69,120.65,0.7,62.1,0.01,0.01,2335.63863,1776218504000
1776218505.816,105.816,0.31,78.26,0.3,36.0,0.32,110.0,0.33,26.0,0.68,70.0,0.67,25.0,0.69,120.65,0.7,62.1,0.01,0.01,2335.63863,1776218504000
1776218507.028,107.028,0.31,78.26,0.3,36.0,0.32,110.0,0.33,26.0,0.68,110.0,0.67,26.0,0.69,78.26,0.7,36.0,0.01,0.01,2335.623991,1776218506000
1776218507.297,107.297,0.31,162.65,0.3,72.1,0.32,30.0,0.33,20.0,0.68,110.0,0.67,26.0,0.69,78.26,0.7,36.0,0.01,0.01,2335.623991,1776218506000
1776218507.764,107.764,0.31,126.65,0.3,72.1,0.32,20.0,0.33,15.0,0.68,25.0,0.67,15.0,0.69,131.65,0.7,72.1,0.01,0.01,2335.623991,1776218506000
1776218508.148,108.148,0.31,126.65,0.3,72.1,0.32,20.0,0.33,15.0,0.68,20.0,0.67,15.0,0.69,126.65,0.7,72.1,0.01,0.01,2335.562691,1776218507000
1776218508.839,108.839,0.33,35.0,0.32,25.0,0.34,76.0,0.35,20.0,0.68,6.87,0.67,15.0,0.69,131.65,0.7,62.1,0.01,0.01,2335.562691,1776218507000
1776218509.259,109.259,0.33,35.0,0.32,25.0,0.34,76.0,0.35,20.0,0.66,76.0,0.65,20.0,0.67,35.0,0.68,25.0,0.01,0.01,2335.603968,1776218508000
1776218510.889,110.889,0.33,160.39,0.32,46.5,0.37,12.59,0.38,31.0,0.63,12.59,0.62,31.0,0.67,160.39,0.68,46.5,0.04,0.04,2335.703866,1776218509000
1776218511.639,111.639,0.33,160.39,0.32,46.5,0.37,12.59,0.38,31.0,0.63,12.59,0.62,31.0,0.67,160.39,0.68,46.5,0.04,0.04,2335.779185,1776218510000
1776218512.74,112.74,0.33,160.39,0.32,46.5,0.37,12.59,0.38,31.0,0.63,12.59,0.62,31.0,0.67,160.39,0.68,46.5,0.04,0.04,2335.8471,1776218511000
1776218513.505,113.505,0.37,14.0,0.36,53.98,0.38,56.0,0.39,34.19,0.63,12.59,0.62,31.0,0.67,160.39,0.68,46.5,0.01,0.04,2335.8471,1776218511000
1776218514.589,114.589,0.37,14.0,0.36,53.98,0.38,56.0,0.39,34.19,0.62,56.0,0.61,34.19,0.63,14.0,0.64,53.98,0.01,0.01,2335.853555,1776218513000
1776218515.195,115.195,0.38,121.99,0.37,185.0,0.39,26.39,0.42,5.0,0.62,56.0,0.61,34.19,0.63,14.0,0.64,53.98,0.01,0.01,2335.853555,1776218513000
1776218516.136,116.136,0.46,10.0,0.45,20.0,0.48,2.85,0.49,10.0,0.58,5.0,0.57,37.29,0.62,126.99,0.63,185.0,0.02,0.04,2335.852903,1776218514000
1776218516.954,116.954,0.46,10.0,0.45,20.0,0.48,2.85,0.49,10.0,0.52,2.85,0.51,10.0,0.54,10.0,0.55,20.0,0.02,0.02,2335.922345,1776218516000
1776218517.652,117.652,0.47,100.0,0.46,27.0,0.49,11.29,0.5,13.29,0.52,2.85,0.51,10.0,0.54,10.0,0.55,20.0,0.02,0.02,2335.922345,1776218516000
1776218518.234,118.234,0.47,100.0,0.46,27.0,0.5,11.89,0.51,5.0,0.5,11.89,0.49,5.0,0.53,100.0,0.54,27.0,0.03,0.03,2336.169637,1776218517000
1776218519.494,119.494,0.47,100.0,0.46,27.0,0.5,11.89,0.51,5.0,0.5,11.89,0.49,5.0,0.53,100.0,0.54,27.0,0.03,0.03,2336.317613,1776218518000
1776218520.056,120.056,0.47,100.0,0.46,27.0,0.5,11.89,0.51,5.0,0.5,11.89,0.49,5.0,0.53,100.0,0.54,27.0,0.03,0.03,2336.414242,1776218519000
1776218521.082,121.082,0.47,100.0,0.46,27.0,0.5,11.89,0.51,5.0,0.5,11.89,0.49,5.0,0.53,100.0,0.54,27.0,0.03,0.03,2336.482608,1776218520000
1776218521.411,121.411,0.48,22.0,0.47,24.0,0.5,41.29,0.51,169.7,0.5,11.89,0.49,5.0,0.53,100.0,0.54,27.0,0.02,0.03,2336.482608,1776218520000
1776218522.373,122.373,0.48,22.0,0.47,29.0,0.5,40.92,0.51,161.0,0.5,40.92,0.49,161.0,0.52,22.0,0.53,29.0,0.02,0.02,2336.5026,1776218521000
1776218522.979,122.979,0.48,22.0,0.47,34.0,0.49,12.95,0.5,25.92,0.5,40.92,0.49,161.0,0.52,22.0,0.53,29.0,0.01,0.02,2336.5026,1776218521000
1776218523.559,123.559,0.48,21.71,0.47,34.0,0.5,25.92,0.51,174.0,0.5,25.92,0.49,174.0,0.52,21.71,0.53,34.0,0.02,0.02,2336.462896,1776218522000
1776218524.184,124.184,0.48,21.71,0.47,34.0,0.5,25.92,0.51,174.0,0.5,25.92,0.49,174.0,0.52,21.71,0.53,34.0,0.02,0.02,2336.471929,1776218523000
1776218525.304,125.304,0.48,21.71,0.47,34.0,0.5,25.92,0.51,174.0,0.5,25.92,0.49,174.0,0.52,21.71,0.53,34.0,0.02,0.02,2336.508851,1776218524000
1776218526.668,126.668,0.48,21.71,0.47,34.0,0.5,25.92,0.51,174.0,0.5,25.92,0.49,174.0,0.52,21.71,0.53,34.0,0.02,0.02,2336.48765,1776218525000
1776218527.064,127.064,0.54,114.0,0.53,21.0,0.57,68.05,0.58,5.0,0.5,25.92,0.49,174.0,0.52,21.71,0.53,34.0,0.03,0.02,2336.48765,1776218525000
1776218527.274,127.274,0.56,50.92,0.55,28.0,0.57,72.11,0.58,5.0,0.43,72.11,0.42,5.0,0.44,50.92,0.45,28.0,0.01,0.01,2336.497174,1776218526000
1776218527.714,127.714,0.56,123.72,0.55,27.0,0.57,10.0,0.58,9.29,0.43,72.11,0.42,5.0,0.44,50.92,0.45,28.0,0.01,0.01,2336.497174,1776218526000
1776218528.145,128.145,0.62,22.0,0.61,17.0,0.63,167.03,0.64,80.0,0.37,155.0,0.36,75.0,0.42,10.0,0.43,10.0,0.01,0.05,2336.497174,1776218526000
1776218528.569,128.569,0.62,22.0,0.61,17.0,0.63,167.03,0.64,80.0,0.37,167.03,0.36,80.0,0.38,22.0,0.39,17.0,0.01,0.01,2336.510902,1776218527000
1776218528.916,128.916,0.62,22.0,0.61,17.0,0.63,194.99,0.64,90.0,0.37,167.03,0.36,80.0,0.38,22.0,0.39,17.0,0.01,0.01,2336.510902,1776218527000
1776218529.149,129.149,0.62,16.86,0.61,17.0,0.63,180.99,0.64,90.0,0.37,180.99,0.36,90.0,0.38,16.86,0.39,17.0,0.01,0.01,2336.789635,1776218528000
1776218529.711,129.711,0.62,11.86,0.61,17.0,0.63,200.99,0.64,95.0,0.37,180.99,0.36,90.0,0.38,16.86,0.39,17.0,0.01,0.01,2336.789635,1776218528000
1776218530.249,130.249,0.62,11.86,0.61,17.0,0.63,187.81,0.64,95.0,0.37,200.99,0.36,95.0,0.38,11.86,0.39,17.0,0.01,0.01,2336.789635,1776218528000
1776218530.67,130.67,0.62,16.86,0.61,22.0,0.63,115.55,0.64,25.0,0.37,187.81,0.36,95.0,0.38,11.86,0.39,17.0,0.01,0.01,2336.931367,1776218529000
1776218530.948,130.948,0.61,18.86,0.6,22.0,0.63,120.55,0.64,25.0,0.37,115.55,0.36,25.0,0.38,16.86,0.39,22.0,0.02,0.01,2336.931367,1776218529000
1776218531.299,131.299,0.61,18.86,0.6,22.0,0.63,120.55,0.64,25.0,0.37,120.55,0.36,25.0,0.39,18.86,0.4,22.0,0.02,0.02,2336.977442,1776218530000
1776218531.737,131.737,0.64,97.0,0.63,44.0,0.65,11.17,0.66,21.0,0.33,13.0,0.32,5.0,0.37,5.0,0.38,123.0,0.01,0.04,2336.977442,1776218530000
1776218532.113,132.113,0.64,90.04,0.63,44.0,0.65,11.17,0.66,21.0,0.35,11.17,0.34,21.0,0.36,97.0,0.37,44.0,0.01,0.01,2336.977442,1776218530000
1776218532.391,132.391,0.64,90.04,0.63,44.0,0.65,11.17,0.66,21.0,0.35,11.17,0.34,21.0,0.36,90.04,0.37,44.0,0.01,0.01,2336.963692,1776218531000
1776218533.365,133.365,0.66,45.0,0.65,20.0,0.68,1.09,0.69,88.0,0.32,1.09,0.31,88.0,0.34,45.0,0.35,20.0,0.02,0.02,2337.090582,1776218532000
1776218533.604,133.604,0.71,64.0,0.7,15.0,0.73,19.0,0.74,75.0,0.28,1.22,0.27,19.0,0.29,10.0,0.3,10.0,0.02,0.01,2337.090582,1776218532000
1776218533.846,133.846,0.72,82.0,0.71,62.0,0.73,94.33,0.74,98.0,0.27,19.0,0.26,75.0,0.29,64.0,0.3,15.0,0.01,0.02,2337.090582,1776218532000
1776218534.264,134.264,0.72,87.0,0.71,62.0,0.73,84.84,0.74,98.0,0.27,84.84,0.26,98.0,0.28,87.0,0.29,62.0,0.01,0.01,2337.218049,1776218533000
1776218534.714,134.714,0.72,87.0,0.71,62.0,0.73,78.48,0.74,98.0,0.27,84.84,0.26,98.0,0.28,87.0,0.29,62.0,0.01,0.01,2337.218049,1776218533000
1776218535.302,135.302,0.72,87.0,0.71,62.0,0.73,78.48,0.74,98.0,0.27,78.48,0.26,98.0,0.28,87.0,0.29,62.0,0.01,0.01,2337.266365,1776218534000
1776218535.918,135.918,0.72,69.0,0.71,62.0,0.73,88.48,0.74,104.0,0.27,88.48,0.26,104.0,0.28,69.0,0.29,62.0,0.01,0.01,2337.4116,1776218535000
1776218536.215,136.215,0.72,121.0,0.71,73.0,0.73,25.92,0.74,88.0,0.27,83.48,0.26,104.0,0.28,64.0,0.29,67.0,0.01,0.01,2337.4116,1776218535000
1776218536.753,136.753,0.72,216.0,0.71,67.0,0.73,9.49,0.74,88.0,0.27,24.47,0.26,88.0,0.28,196.0,0.29,67.0,0.01,0.01,2337.4116,1776218535000
1776218536.955,136.955,0.73,117.0,0.72,44.0,0.74,60.82,0.76,70.0,0.27,9.49,0.26,88.0,0.28,216.0,0.29,67.0,0.01,0.01,2337.4116,1776218535000
1776218537.237,137.237,0.75,23.0,0.74,10.0,0.76,56.0,0.79,36.7,0.26,38.49,0.24,70.0,0.27,232.0,0.28,55.0,0.01,0.01,2337.487302,1776218536000
1776218538.107,138.107,0.75,23.0,0.74,10.0,0.76,56.0,0.79,36.7,0.24,56.0,0.21,36.7,0.25,23.0,0.26,10.0,0.01,0.01,2337.57955,1776218537000
1776218538.857,138.857,0.77,166.0,0.76,26.0,0.78,53.89,0.79,26.7,0.22,50.68,0.21,21.7,0.23,116.0,0.24,21.0,0.01,0.01,2337.57955,1776218537000
1776218539.169,139.169,0.77,166.0,0.76,26.0,0.78,53.89,0.79,26.7,0.22,53.89,0.21,26.7,0.23,166.0,0.24,26.0,0.01,0.01,2337.781495,1776218538000
1776218539.403,139.403,0.77,182.0,0.76,26.0,0.79,21.0,0.8,10.0,0.22,53.89,0.21,26.7,0.23,166.0,0.24,26.0,0.02,0.01,2337.781495,1776218538000
1776218539.875,139.875,0.82,3.55,0.81,15.0,0.83,25.5,0.84,26.8,0.18,12.77,0.17,25.5,0.22,10.0,0.23,192.0,0.01,0.04,2337.781495,1776218538000
1776218540.185,140.185,0.82,108.55,0.81,87.0,0.83,27.67,0.84,26.8,0.17,24.29,0.16,26.8,0.18,3.55,0.19,88.0,0.01,0.01,2337.781495,1776218538000
1776218540.873,140.873,0.82,126.55,0.81,80.0,0.83,25.52,0.84,26.8,0.17,27.67,0.16,26.8,0.18,108.55,0.19,87.0,0.01,0.01,2337.91322,1776218539000
1776218541.348,141.348,0.82,126.55,0.81,80.0,0.83,25.52,0.84,26.8,0.17,25.52,0.16,26.8,0.18,126.55,0.19,80.0,0.01,0.01,2338.0172,1776218540000
1776218541.55,141.55,0.82,182.17,0.81,161.0,0.84,15.75,0.85,28.2,0.16,27.54,0.15,28.2,0.18,182.17,0.19,161.0,0.02,0.02,2338.0172,1776218540000
1776218541.886,141.886,0.85,143.0,0.84,15.0,0.86,19.09,0.87,31.8,0.14,24.09,0.13,31.8,0.15,83.0,0.16,10.0,0.01,0.01,2338.0172,1776218540000
1776218542.163,142.163,0.87,78.0,0.86,65.0,0.88,32.1,0.89,36.79,0.13,31.8,0.12,34.1,0.15,106.66,0.16,20.0,0.01,0.02,2338.0172,1776218540000
1776218542.524,142.524,0.87,78.0,0.86,65.0,0.88,32.1,0.89,36.79,0.12,32.1,0.11,36.79,0.13,78.0,0.14,65.0,0.01,0.01,2338.2934,1776218541000
1776218542.901,142.901,0.87,184.13,0.86,71.0,0.88,32.1,0.89,36.79,0.12,37.1,0.11,36.79,0.13,179.13,0.14,66.0,0.01,0.01,2338.2934,1776218541000
1776218543.156,143.156,0.87,184.13,0.86,71.0,0.88,32.1,0.89,36.79,0.12,32.1,0.11,36.79,0.13,184.13,0.14,71.0,0.01,0.01,2338.3497,1776218542000
1776218543.421,143.421,0.87,222.13,0.86,71.0,0.88,8.0,0.89,36.79,0.12,10.0,0.11,36.79,0.13,212.13,0.14,76.0,0.01,0.01,2338.3497,1776218542000
1776218544.154,144.154,0.87,179.3,0.86,37.0,0.88,311.3,0.89,73.79,0.12,8.0,0.11,36.79,0.13,215.48,0.14,71.0,0.01,0.01,2338.3497,1776218542000
1776218545.003,145.003,0.87,141.3,0.86,32.0,0.88,35.62,0.89,73.79,0.12,311.3,0.11,73.79,0.13,179.3,0.14,37.0,0.01,0.01,2338.8103,1776218543000
1776218545.292,145.292,0.86,20.0,0.85,10.0,0.87,12.0,0.88,233.49,0.12,35.62,0.11,73.79,0.13,141.3,0.14,32.0,0.01,0.01,2338.870413,1776218544000
1776218545.63,145.63,0.86,15.0,0.85,107.0,0.87,15.79,0.88,168.51,0.13,22.0,0.12,73.51,0.15,2.0,0.16,23.0,0.01,0.02,2338.870413,1776218544000
1776218546.165,146.165,0.84,6.87,0.83,18.0,0.87,47.59,0.88,81.51,0.13,52.59,0.12,168.51,0.15,102.0,0.16,123.0,0.03,0.02,2338.870413,1776218544000
1776218546.756,146.756,0.85,10.0,0.84,20.0,0.86,137.26,0.87,92.59,0.14,18.27,0.13,73.59,0.15,10.0,0.16,20.0,0.01,0.01,2338.975827,1776218545000
1776218547.304,147.304,0.85,56.0,0.84,15.0,0.86,28.27,0.87,162.59,0.14,137.26,0.13,92.59,0.15,10.0,0.16,20.0,0.01,0.01,2338.975827,1776218545000
1776218547.786,147.786,0.85,60.19,0.84,15.0,0.86,23.57,0.87,162.59,0.14,23.57,0.13,162.59,0.15,60.19,0.16,15.0,0.01,0.01,2338.7374,1776218546000
1776218548.327,148.327,0.85,60.19,0.84,15.0,0.86,23.57,0.87,162.59,0.14,23.57,0.13,162.59,0.15,60.19,0.16,15.0,0.01,0.01,2338.599702,1776218547000
1776218549.01,149.01,0.85,15.0,0.84,23.0,0.86,22.4,0.87,147.59,0.14,22.4,0.13,147.59,0.15,15.0,0.16,23.0,0.01,0.01,2338.619795,1776218548000
1776218549.746,149.746,0.84,0.66,0.83,10.0,0.85,95.0,0.86,100.27,0.14,22.4,0.13,147.59,0.15,15.0,0.16,23.0,0.01,0.01,2338.619795,1776218548000
1776218550.556,150.556,0.83,10.0,0.82,9.55,0.84,18.34,0.85,95.0,0.16,18.34,0.15,95.0,0.17,10.0,0.18,9.55,0.01,0.01,2338.60227,1776218549000
1776218550.966,150.966,0.83,4.11,0.82,9.55,0.84,89.14,0.85,129.2,0.16,18.34,0.15,95.0,0.17,10.0,0.18,9.55,0.01,0.01,2338.60227,1776218549000
1776218551.198,151.198,0.83,4.11,0.82,9.55,0.84,89.14,0.85,129.2,0.16,89.14,0.15,129.2,0.17,4.11,0.18,9.55,0.01,0.01,2338.53545,1776218550000
1776218551.831,151.831,0.83,4.11,0.82,9.55,0.84,79.36,0.85,129.2,0.16,83.18,0.15,129.2,0.17,4.11,0.18,9.55,0.01,0.01,2338.53545,1776218550000
1776218552.164,152.164,0.81,15.0,0.8,18.75,0.82,11.0,0.83,88.44,0.16,79.36,0.15,129.2,0.17,4.11,0.18,9.55,0.01,0.01,2338.53545,1776218550000
1776218552.396,152.396,0.81,20.0,0.8,18.75,0.82,77.51,0.83,100.44,0.18,11.0,0.17,123.44,0.2,18.75,0.21,18.0,0.01,0.02,2338.53545,1776218550000
1776218553.144,153.144,0.81,15.0,0.8,8.75,0.82,71.81,0.83,100.44,0.18,67.51,0.17,100.44,0.19,20.0,0.2,18.75,0.01,0.01,2338.389714,1776218551000
1776218554.098,154.098,0.8,8.75,0.79,8.0,0.82,76.42,0.83,70.44,0.18,71.81,0.17,100.44,0.19,15.0,0.2,8.75,0.02,0.01,2338.334424,1776218552000
1776218554.514,154.514,0.75,10.0,0.74,10.0,0.76,55.01,0.82,76.42,0.24,55.01,0.18,76.42,0.25,10.0,0.26,10.0,0.01,0.01,2338.245256,1776218553000
1776218555.19,155.19,0.72,10.0,0.71,15.0,0.76,177.01,0.77,85.0,0.24,177.01,0.23,85.0,0.28,10.0,0.29,15.0,0.04,0.04,2338.109257,1776218554000
1776218556.492,156.492,0.73,30.0,0.72,21.0,0.75,5.0,0.76,70.01,0.24,177.01,0.23,85.0,0.28,10.0,0.29,15.0,0.02,0.04,2338.109257,1776218554000
1776218557.32,157.32,0.73,30.0,0.72,21.0,0.75,5.0,0.76,70.01,0.25,5.0,0.24,70.01,0.27,30.0,0.28,21.0,0.02,0.02,2337.802651,1776218556000
1776218557.599,157.599,0.72,3.25,0.71,15.0,0.73,73.0,0.74,84.0,0.27,53.0,0.26,79.0,0.28,8.25,0.29,15.0,0.01,0.01,2337.802651,1776218556000
1776218558.539,158.539,0.72,140.0,0.71,79.0,0.73,7.0,0.74,31.7,0.27,73.0,0.26,84.0,0.28,3.25,0.29,15.0,0.01,0.01,2337.802651,1776218556000
1776218559.523,159.523,0.75,135.0,0.74,10.0,0.76,47.12,0.77,100.3,0.27,7.0,0.26,31.7,0.28,140.0,0.29,79.0,0.01,0.01,2337.87462,1776218557000
1776218559.745,159.745,0.75,135.0,0.74,10.0,0.76,47.12,0.77,100.3,0.24,47.12,0.23,100.3,0.25,135.0,0.26,10.0,0.01,0.01,2337.733016,1776218558000
1776218560.498,160.498,0.75,41.12,0.74,15.0,0.76,52.12,0.77,110.3,0.24,47.12,0.23,100.3,0.25,135.0,0.26,10.0,0.01,0.01,2337.733016,1776218558000
1776218560.806,160.806,0.75,41.12,0.74,15.0,0.76,52.12,0.77,110.3,0.24,52.12,0.23,110.3,0.25,41.12,0.26,15.0,0.01,0.01,2337.746111,1776218559000
1776218561.605,161.605,0.75,96.12,0.74,24.03,0.76,35.12,0.77,70.0,0.24,52.12,0.23,110.3,0.25,41.12,0.26,15.0,0.01,0.01,2337.746111,1776218559000
1776218562.491,162.491,0.75,101.12,0.74,169.99,0.77,70.0,0.79,21.7,0.23,70.0,0.21,21.7,0.25,101.12,0.26,169.99,0.02,0.02,2337.856093,1776218561000
1776218563.329,163.329,0.75,101.12,0.74,169.99,0.77,70.0,0.79,21.7,0.23,70.0,0.21,21.7,0.25,101.12,0.26,169.99,0.02,0.02,2337.85746,1776218562000
1776218563.922,163.922,0.77,22.0,0.76,10.0,0.78,26.28,0.79,36.7,0.2,66.55,0.19,93.71,0.23,1.0,0.24,10.0,0.01,0.03,2337.85746,1776218562000
1776218564.792,164.792,0.77,22.0,0.76,10.0,0.78,26.28,0.79,36.7,0.22,26.28,0.21,36.7,0.23,22.0,0.24,10.0,0.01,0.01,2337.981061,1776218563000
1776218565.199,165.199,0.77,0.26,0.76,10.0,0.78,31.0,0.79,47.7,0.22,26.28,0.21,36.7,0.23,22.0,0.24,10.0,0.01,0.01,2337.981061,1776218563000
1776218565.531,165.531,0.77,0.26,0.76,10.0,0.78,31.0,0.79,47.7,0.22,31.0,0.21,47.7,0.23,0.26,0.24,10.0,0.01,0.01,2337.882621,1776218564000
1776218566.168,166.168,0.77,0.26,0.76,10.0,0.78,31.0,0.79,47.7,0.22,31.0,0.21,47.7,0.23,0.26,0.24,10.0,0.01,0.01,2337.854612,1776218565000
1776218566.69,166.69,0.69,6.0,0.68,5.0,0.7,26.66,0.71,19.0,0.22,31.0,0.21,47.7,0.23,0.26,0.24,10.0,0.01,0.01,2337.854612,1776218565000
1776218567.112,167.112,0.69,6.0,0.68,5.0,0.7,10.0,0.71,24.0,0.3,26.66,0.29,19.0,0.31,6.0,0.32,5.0,0.01,0.01,2337.854612,1776218565000
1776218567.734,167.734,0.69,6.0,0.68,5.0,0.7,10.0,0.71,24.0,0.3,10.0,0.29,24.0,0.31,6.0,0.32,5.0,0.01,0.01,2337.785386,1776218566000
1776218568.099,168.099,0.63,5.0,0.62,5.0,0.64,10.0,0.65,15.0,0.3,15.0,0.29,74.0,0.37,14.0,0.38,6.0,0.01,0.07,2337.785386,1776218566000
1776218568.579,168.579,0.63,5.0,0.62,5.0,0.64,10.0,0.65,15.0,0.36,10.0,0.35,15.0,0.37,5.0,0.38,5.0,0.01,0.01,2337.578743,1776218567000
1776218569.11,169.11,0.6,15.0,0.59,6.0,0.61,20.0,0.62,20.0,0.39,20.0,0.38,20.0,0.4,8.81,0.41,6.0,0.01,0.01,2337.578743,1776218567000
1776218569.432,169.432,0.6,15.0,0.59,6.0,0.61,20.0,0.62,20.0,0.39,20.0,0.38,20.0,0.4,15.0,0.41,6.0,0.01,0.01,2337.526558,1776218568000
1776218570.092,170.092,0.6,15.0,0.59,6.0,0.61,20.0,0.62,20.0,0.39,20.0,0.38,20.0,0.4,15.0,0.41,6.0,0.01,0.01,2337.424694,1776218569000
1776218571.264,171.264,0.6,68.68,0.59,6.0,0.61,6.0,0.62,20.0,0.39,20.0,0.38,20.0,0.4,15.0,0.41,6.0,0.01,0.01,2337.424694,1776218569000
1776218571.687,171.687,0.6,68.68,0.59,6.0,0.61,6.0,0.62,20.0,0.39,6.0,0.38,20.0,0.4,68.68,0.41,6.0,0.01,0.01,2337.062352,1776218570000
1776218572.522,172.522,0.6,68.68,0.59,6.0,0.61,6.0,0.62,20.0,0.39,6.0,0.38,20.0,0.4,68.68,0.41,6.0,0.01,0.01,2337.069712,1776218571000
1776218572.73,172.73,0.54,140.41,0.53,23.87,0.61,6.0,0.62,25.0,0.39,6.0,0.38,25.0,0.44,5.45,0.46,145.96,0.07,0.05,2337.069712,1776218571000
1776218573.076,173.076,0.51,10.0,0.5,26.0,0.54,26.0,0.55,21.0,0.43,10.0,0.42,16.0,0.47,32.87,0.48,19.0,0.03,0.04,2337.069712,1776218571000
1776218573.281,173.281,0.51,47.85,0.5,26.0,0.52,11.0,0.53,21.0,0.48,5.0,0.47,10.0,0.49,5.0,0.5,26.0,0.01,0.01,2337.069916,1776218572000
1776218573.493,173.493,0.51,57.85,0.5,26.0,0.53,16.79,0.54,21.0,0.48,11.0,0.47,21.0,0.49,47.85,0.5,26.0,0.02,0.01,2337.069916,1776218572000
1776218573.95,173.95,0.52,80.0,0.51,129.88,0.54,6.0,0.57,10.0,0.47,16.79,0.46,21.0,0.49,57.85,0.5,26.0,0.02,0.02,2337.069916,1776218572000
1776218574.3,174.3,0.56,51.0,0.55,10.0,0.57,13.07,0.58,15.0,0.46,6.0,0.43,10.0,0.48,80.0,0.49,129.88,0.01,0.02,2337.069916,1776218572000
1776218574.564,174.564,0.56,51.0,0.55,10.0,0.57,10.84,0.58,15.0,0.43,10.84,0.42,15.0,0.44,51.0,0.45,10.0,0.01,0.01,2337.0096,1776218573000
1776218575.368,175.368,0.56,56.0,0.55,10.0,0.57,3.01,0.58,15.0,0.43,3.01,0.42,15.0,0.44,56.0,0.45,10.0,0.01,0.01,2336.77147,1776218574000
1776218576.045,176.045,0.56,56.0,0.55,10.0,0.57,3.01,0.58,15.0,0.43,3.01,0.42,15.0,0.44,56.0,0.45,10.0,0.01,0.01,2336.847974,1776218575000
1776218576.815,176.815,0.49,16.0,0.47,30.0,0.5,21.0,0.51,47.0,0.43,3.01,0.42,15.0,0.44,56.0,0.45,10.0,0.01,0.01,2336.847974,1776218575000
1776218577.401,177.401,0.49,21.0,0.47,15.0,0.5,5.0,0.51,47.0,0.5,11.91,0.49,47.0,0.51,16.0,0.53,15.0,0.01,0.01,2336.847974,1776218575000
1776218578.032,178.032,0.49,21.0,0.47,15.0,0.5,5.0,0.51,47.0,0.5,5.0,0.49,47.0,0.51,21.0,0.53,15.0,0.01,0.01,2336.894187,1776218577000
1776218578.408,178.408,0.46,10.0,0.45,7.0,0.48,16.0,0.49,16.0,0.5,10.0,0.49,42.0,0.53,10.0,0.55,7.0,0.02,0.03,2336.894187,1776218577000
1776218579.052,179.052,0.46,10.0,0.45,7.0,0.48,16.0,0.49,16.0,0.52,16.0,0.51,16.0,0.54,10.0,0.55,7.0,0.02,0.02,2336.740847,1776218578000
1776218580.187,180.187,0.46,10.0,0.45,7.0,0.48,16.0,0.49,16.0,0.52,16.0,0.51,16.0,0.54,10.0,0.55,7.0,0.02,0.02,2336.675545,1776218579000
1776218580.775,180.775,0.46,9.0,0.45,17.0,0.47,16.0,0.48,16.0,0.52,16.0,0.51,16.0,0.54,10.0,0.55,7.0,0.01,0.02,2336.675545,1776218579000
1776218581.267,181.267,0.46,9.0,0.45,17.0,0.47,16.0,0.48,16.0,0.53,16.0,0.52,16.0,0.54,9.0,0.55,17.0,0.01,0.01,2336.67724,1776218580000
1776218582.352,182.352,0.46,9.0,0.45,17.0,0.47,16.0,0.48,16.0,0.53,16.0,0.52,16.0,0.54,9.0,0.55,17.0,0.01,0.01,2336.677238,1776218581000
1776218582.558,182.558,0.37,12.0,0.36,125.0,0.42,26.0,0.43,25.0,0.53,16.0,0.52,16.0,0.54,9.0,0.55,17.0,0.05,0.01,2336.677238,1776218581000
1776218582.758,182.758,0.36,120.05,0.35,150.0,0.37,10.0,0.38,15.0,0.62,10.0,0.61,17.0,0.64,120.15,0.65,150.0,0.01,0.02,2336.677238,1776218581000
1776218582.988,182.988,0.36,120.05,0.35,150.0,0.38,22.56,0.39,17.0,0.62,22.56,0.61,17.0,0.64,120.05,0.65,150.0,0.02,0.02,2336.661422,1776218582000
1776218583.528,183.528,0.36,125.1,0.35,150.0,0.37,8.9,0.38,22.56,0.63,8.9,0.62,22.56,0.64,127.05,0.65,150.0,0.01,0.01,2336.661422,1776218582000
1776218583.789,183.789,0.36,106.12,0.35,150.0,0.37,8.9,0.38,22.56,0.63,8.9,0.62,22.56,0.64,125.1,0.65,150.0,0.01,0.01,2336.661422,1776218582000
1776218584.071,184.071,0.36,106.12,0.35,150.0,0.37,8.9,0.38,22.56,0.63,8.9,0.62,22.56,0.64,106.12,0.65,150.0,0.01,0.01,2336.615302,1776218583000
1776218584.292,184.292,0.36,101.12,0.35,226.67,0.37,3.9,0.38,22.56,0.63,8.9,0.62,22.56,0.64,106.12,0.65,150.0,0.01,0.01,2336.615302,1776218583000
1776218584.945,184.945,0.36,116.12,0.35,226.67,0.37,0.39,0.38,22.56,0.63,3.9,0.62,22.56,0.64,101.12,0.65,226.67,0.01,0.01,2336.615302,1776218583000
1776218585.759,185.759,0.17,5.9,0.15,28.2,0.37,105.39,0.38,21.0,0.63,0.39,0.62,22.56,0.64,116.12,0.65,226.67,0.2,0.01,2336.328759,1776218584000
1776218585.962,185.962,0.18,20.0,0.17,93.0,0.21,50.0,0.23,7.8,0.77,7.8,0.74,20.0,0.82,70.0,0.83,70.0,0.03,0.05,2336.328759,1776218584000
1776218586.21,186.21,0.18,99.98,0.17,88.94,0.19,15.0,0.2,15.0,0.81,15.0,0.8,15.0,0.82,104.67,0.83,88.94,0.01,0.01,2336.328759,1776218584000
1776218586.625,186.625,0.17,138.01,0.16,112.92,0.18,15.0,0.19,10.37,0.81,5.37,0.8,21.0,0.83,68.2,0.84,112.92,0.01,0.02,2336.312869,1776218585000
1776218587.244,187.244,0.17,85.02,0.16,112.92,0.18,15.0,0.19,10.37,0.82,15.0,0.81,10.37,0.83,85.02,0.84,112.92,0.01,0.01,2334.969446,1776218586000
1776218587.666,187.666,0.17,66.43,0.16,76.8,0.18,9.75,0.19,10.37,0.82,9.75,0.81,10.37,0.83,90.02,0.84,139.72,0.01,0.01,2334.969446,1776218586000
1776218587.912,187.912,0.17,162.67,0.16,86.8,0.18,7.0,0.19,10.0,0.82,10.0,0.81,10.0,0.83,162.67,0.84,91.8,0.01,0.01,2334.969446,1776218586000
1776218588.322,188.322,0.22,99.0,0.21,50.0,0.25,12.53,0.26,35.0,0.75,12.53,0.74,35.0,0.78,99.0,0.79,50.0,0.03,0.03,2334.8579,1776218587000
1776218589.268,189.268,0.22,99.0,0.21,50.0,0.25,12.53,0.26,35.0,0.75,12.53,0.74,35.0,0.78,99.0,0.79,50.0,0.03,0.03,2334.848376,1776218588000
1776218590.276,190.276,0.22,99.0,0.21,50.0,0.25,12.53,0.26,35.0,0.75,12.53,0.74,35.0,0.78,99.0,0.79,50.0,0.03,0.03,2335.128458,1776218589000
1776218590.859,190.859,0.22,100.88,0.21,50.0,0.23,10.0,0.24,110.42,0.75,12.53,0.74,35.0,0.78,99.0,0.79,50.0,0.01,0.03,2335.128458,1776218589000
1776218591.311,191.311,0.22,100.88,0.21,50.0,0.24,68.92,0.25,12.53,0.76,68.92,0.75,12.53,0.78,100.88,0.79,50.0,0.02,0.02,2335.101396,1776218590000
1776218591.659,191.659,0.22,156.88,0.21,60.0,0.23,2.56,0.26,20.0,0.76,68.92,0.75,12.53,0.78,100.88,0.79,50.0,0.01,0.02,2335.101396,1776218590000
1776218591.879,191.879,0.29,8.45,0.28,75.74,0.31,16.0,0.32,10.0,0.66,20.0,0.65,10.0,0.72,52.74,0.73,88.51,0.02,0.06,2335.101396,1776218590000
1776218592.137,192.137,0.29,40.29,0.28,75.74,0.31,11.0,0.32,15.0,0.69,21.0,0.68,10.0,0.71,21.29,0.72,75.74,0.02,0.02,2335.101396,1776218590000
1776218592.679,192.679,0.28,44.56,0.22,5.0,0.29,64.0,0.3,15.0,0.7,10.0,0.69,21.0,0.71,18.98,0.72,65.74,0.01,0.01,2335.101396,1776218590000
1776218593.221,193.221,0.28,39.42,0.25,8.5,0.29,59.0,0.3,15.0,0.71,64.0,0.7,15.0,0.72,44.56,0.78,5.0,0.01,0.01,2335.159002,1776218591000
1776218593.861,193.861,0.28,39.42,0.25,8.5,0.29,59.0,0.3,15.0,0.71,59.0,0.7,15.0,0.72,39.42,0.75,8.5,0.01,0.01,2335.429828,1776218593000
1776218594.105,194.105,0.28,34.35,0.25,8.5,0.29,103.0,0.3,94.02,0.71,59.0,0.7,15.0,0.72,39.42,0.75,8.5,0.01,0.01,2335.429828,1776218593000
1776218594.441,194.441,0.28,13.18,0.25,13.0,0.29,138.0,0.3,99.02,0.71,103.0,0.7,94.02,0.72,28.18,0.75,21.5,0.01,0.01,2335.429828,1776218593000
1776218594.796,194.796,0.28,10.62,0.26,5.0,0.29,193.0,0.3,104.02,0.71,133.0,0.7,99.02,0.72,7.01,0.75,13.0,0.01,0.01,2335.429828,1776218593000
1776218595.003,195.003,0.28,6.62,0.25,8.5,0.29,250.0,0.3,104.02,0.71,193.0,0.7,104.02,0.72,10.62,0.74,5.0,0.01,0.01,2335.348552,1776218594000
1776218595.46,195.46,0.21,70.0,0.19,5.0,0.22,129.77,0.23,10.0,0.75,55.31,0.74,6.15,0.77,14.0,0.79,70.0,0.01,0.02,2335.348552,1776218594000
1776218595.817,195.817,0.21,70.0,0.19,5.0,0.22,129.77,0.23,10.0,0.78,129.77,0.77,10.0,0.79,70.0,0.81,5.0,0.01,0.01,2335.318262,1776218595000
1776218596.033,196.033,0.21,89.23,0.2,25.0,0.22,139.77,0.23,15.0,0.78,144.77,0.77,15.0,0.79,66.34,0.8,25.0,0.01,0.01,2335.318262,1776218595000
1776218596.589,196.589,0.2,28.67,0.19,35.0,0.21,45.0,0.22,116.16,0.78,139.77,0.77,15.0,0.79,59.46,0.8,25.0,0.01,0.01,2335.318262,1776218595000
1776218596.912,196.912,0.2,25.12,0.19,45.0,0.21,45.0,0.22,116.16,0.79,45.0,0.78,116.16,0.8,23.02,0.81,35.0,0.01,0.01,2335.210879,1776218596000
1776218598.237,198.237,0.2,25.12,0.19,45.0,0.21,45.0,0.22,116.16,0.79,45.0,0.78,116.16,0.8,25.12,0.81,45.0,0.01,0.01,2335.146228,1776218597000
1776218599.182,199.182,0.2,15.05,0.19,47.0,0.21,45.23,0.22,116.16,0.79,45.0,0.78,116.16,0.8,25.12,0.81,45.0,0.01,0.01,2335.146228,1776218597000
1776218599.572,199.572,0.2,9.23,0.19,40.0,0.21,131.51,0.22,21.39,0.79,45.0,0.78,116.16,0.8,7.9,0.81,40.0,0.01,0.01,2335.159525,1776218598000
1776218599.887,199.887,0.2,40.23,0.19,60.0,0.21,15.0,0.22,11.39,0.79,131.51,0.78,21.39,0.8,9.23,0.81,40.0,0.01,0.01,2335.159525,1776218598000
1776218600.188,200.188,0.2,40.23,0.19,60.0,0.21,15.0,0.22,11.39,0.79,15.0,0.78,11.39,0.8,40.23,0.81,60.0,0.01,0.01,2335.114436,1776218599000
1776218600.763,200.763,0.22,134.87,0.21,235.0,0.23,40.0,0.25,10.0,0.77,5.0,0.76,7.0,0.8,21.23,0.81,68.0,0.01,0.03,2335.114436,1776218599000
1776218601.195,201.195,0.22,130.0,0.21,235.0,0.23,34.78,0.25,10.0,0.77,34.78,0.75,10.0,0.78,130.0,0.79,235.0,0.01,0.01,2335.100055,1776218600000
1776218601.952,201.952,0.22,135.51,0.21,235.0,0.23,16.0,0.24,74.42,0.77,30.0,0.76,69.42,0.78,121.51,0.79,235.0,0.01,0.01,2335.100055,1776218600000
1776218602.186,202.186,0.22,140.51,0.21,230.0,0.23,11.65,0.24,69.42,0.77,16.0,0.76,74.42,0.78,135.51,0.79,235.0,0.01,0.01,2335.100055,1776218600000
1776218602.514,202.514,0.22,135.51,0.21,230.0,0.23,6.65,0.24,69.42,0.77,11.65,0.76,69.42,0.78,140.51,0.79,230.0,0.01,0.01,2335.152146,1776218601000
1776218602.738,202.738,0.22,138.3,0.21,230.0,0.23,6.65,0.24,69.42,0.77,6.65,0.76,69.42,0.78,135.51,0.79,230.0,0.01,0.01,2335.152146,1776218601000
1776218602.979,202.979,0.23,167.0,0.22,144.3,0.24,65.25,0.26,13.0,0.77,6.65,0.76,69.42,0.78,138.3,0.79,230.0,0.01,0.01,2335.152146,1776218601000
1776218603.188,203.188,0.23,134.0,0.22,152.3,0.24,11.25,0.26,13.0,0.76,16.25,0.74,13.0,0.77,177.0,0.78,139.3,0.01,0.01,2335.152146,1776218601000
1776218603.801,203.801,0.25,8.73,0.24,10.0,0.27,85.0,0.28,22.0,0.76,11.25,0.74,13.0,0.77,134.0,0.78,152.3,0.02,0.01,2335.214675,1776218602000
1776218604.045,204.045,0.25,1.42,0.24,5.0,0.26,43.12,0.27,15.0,0.74,35.0,0.73,35.0,0.75,7.89,0.76,15.0,0.01,0.01,2335.214675,1776218602000
1776218604.283,204.283,0.21,46.43,0.2,10.0,0.22,20.0,0.23,10.0,0.74,43.12,0.73,15.0,0.75,1.42,0.76,5.0,0.01,0.01,2335.217171,1776218603000
1776218604.614,204.614,0.21,44.31,0.2,10.0,0.22,167.52,0.23,10.0,0.78,162.52,0.77,10.0,0.79,46.72,0.8,10.0,0.01,0.01,2335.217171,1776218603000
1776218604.916,204.916,0.21,108.76,0.2,115.05,0.22,167.52,0.23,20.0,0.78,167.52,0.77,20.0,0.79,36.75,0.8,10.0,0.01,0.01,2335.217171,1776218603000
1776218605.239,205.239,0.21,51.0,0.2,105.0,0.22,177.52,0.23,27.0,0.78,167.52,0.77,20.0,0.79,108.76,0.8,115.05,0.01,0.01,2335.217171,1776218603000
1776218605.722,205.722,0.21,51.0,0.2,105.0,0.22,177.52,0.23,27.0,0.78,177.52,0.77,27.0,0.79,51.0,0.8,105.0,0.01,0.01,2335.296733,1776218604000
1776218606.054,206.054,0.19,14.07,0.18,34.4,0.2,46.0,0.21,154.2,0.78,177.52,0.77,27.0,0.79,51.0,0.8,105.0,0.01,0.01,2335.296733,1776218604000
1776218606.402,206.402,0.19,14.07,0.18,34.4,0.2,46.0,0.21,154.2,0.8,46.0,0.79,154.2,0.81,14.07,0.82,34.4,0.01,0.01,2335.206611,1776218605000
1776218607.059,207.059,0.19,11.07,0.18,34.4,0.2,172.65,0.21,46.0,0.8,46.0,0.79,154.2,0.81,14.07,0.82,34.4,0.01,0.01,2335.206611,1776218605000
1776218607.753,207.753,0.19,1.25,0.18,34.4,0.2,172.65,0.21,46.0,0.8,172.65,0.79,46.0,0.81,11.07,0.82,34.4,0.01,0.01,2335.206233,1776218606000
1776218608.186,208.186,0.18,33.19,0.17,69.5,0.2,172.65,0.21,46.0,0.8,177.65,0.79,46.0,0.81,0.01,0.82,34.4,0.02,0.01,2335.206233,1776218606000
1776218608.503,208.503,0.18,38.8,0.17,69.5,0.19,124.47,0.2,60.8,0.8,172.65,0.79,46.0,0.82,33.19,0.83,69.5,0.01,0.02,2335.206233,1776218606000
1776218609.011,209.011,0.18,37.19,0.17,60.5,0.19,90.15,0.2,60.8,0.81,85.15,0.8,60.8,0.82,38.8,0.83,60.5,0.01,0.01,2335.127674,1776218607000
1776218609.956,209.956,0.18,37.19,0.17,60.5,0.19,90.15,0.2,60.8,0.81,90.15,0.8,60.8,0.82,37.19,0.83,60.5,0.01,0.01,2335.054008,1776218609000
1776218610.776,210.776,0.17,31.21,0.16,126.8,0.19,109.95,0.2,54.12,0.81,114.95,0.8,46.0,0.82,1.59,0.83,60.5,0.02,0.01,2335.054008,1776218609000
1776218611.169,211.169,0.17,34.98,0.16,126.8,0.19,104.95,0.2,54.12,0.81,104.95,0.8,54.12,0.83,34.98,0.84,126.8,0.02,0.02,2335.054861,1776218610000
1776218611.729,211.729,0.18,1.36,0.17,34.98,0.19,125.54,0.2,46.0,0.81,112.42,0.8,54.12,0.82,10.0,0.83,34.98,0.01,0.01,2335.054861,1776218610000
1776218612.26,212.26,0.18,0.01,0.17,34.98,0.19,125.54,0.2,46.0,0.81,125.54,0.8,46.0,0.82,1.36,0.83,34.98,0.01,0.01,2335.054861,1776218610000
1776218612.72,212.72,0.17,27.34,0.16,111.8,0.18,123.9,0.19,56.92,0.82,128.9,0.81,56.92,0.83,31.8,0.84,111.8,0.01,0.01,2335.065237,1776218611000
1776218613.239,213.239,0.17,23.33,0.16,111.8,0.18,128.9,0.19,70.92,0.82,123.9,0.81,70.92,0.83,24.93,0.84,111.8,0.01,0.01,2335.065237,1776218611000
1776218613.495,213.495,0.17,21.73,0.16,111.8,0.18,123.34,0.19,70.92,0.82,128.9,0.81,70.92,0.83,21.73,0.84,111.8,0.01,0.01,2335.055068,1776218612000
1776218613.78,213.78,0.17,15.44,0.16,111.8,0.18,118.34,0.19,70.92,0.82,123.34,0.81,70.92,0.83,21.73,0.84,111.8,0.01,0.01,2335.055068,1776218612000
1776218614.481,214.481,0.17,15.44,0.16,111.8,0.18,118.34,0.19,70.92,0.82,118.34,0.81,70.92,0.83,15.44,0.84,111.8,0.01,0.01,2335.062678,1776218613000
1776218614.84,214.84,0.15,15.0,0.14,10.0,0.17,72.12,0.18,137.82,0.82,122.82,0.81,70.92,0.83,9.5,0.84,60.0,0.02,0.01,2335.062678,1776218613000
1776218615.075,215.075,0.15,15.0,0.14,10.0,0.17,72.12,0.18,137.82,0.83,72.12,0.82,137.82,0.85,15.0,0.86,10.0,0.02,0.02,2335.062678,1776218614000
1776218615.533,215.533,0.15,10.52,0.14,10.0,0.16,142.86,0.17,82.0,0.84,47.12,0.83,67.0,0.85,11.7,0.86,10.0,0.01,0.01,2335.062678,1776218614000
1776218615.932,215.932,0.15,5.52,0.14,10.0,0.16,131.61,0.17,72.0,0.84,142.86,0.83,82.0,0.85,5.52,0.86,10.0,0.01,0.01,2335.062678,1776218614000
1776218616.284,216.284,0.14,5.72,0.13,28.0,0.16,136.61,0.17,72.0,0.84,136.61,0.83,72.0,0.86,5.72,0.87,28.0,0.02,0.02,2335.055585,1776218615000
1776218616.582,216.582,0.17,33.0,0.16,88.0,0.18,2.0,0.19,33.0,0.82,5.0,0.81,33.0,0.83,13.0,0.84,33.0,0.01,0.01,2335.055585,1776218615000
1776218616.866,216.866,0.16,85.0,0.15,55.0,0.18,2.0,0.19,33.0,0.82,2.0,0.81,33.0,0.83,33.0,0.84,88.0,0.02,0.01,2335.055585,1776218615000
1776218617.157,217.157,0.17,13.79,0.16,83.0,0.18,15.12,0.19,38.0,0.82,2.0,0.81,33.0,0.84,85.0,0.85,55.0,0.01,0.02,2335.055585,1776218615000
1776218617.48,217.48,0.17,2.64,0.16,83.0,0.18,130.76,0.19,38.0,0.82,15.12,0.81,38.0,0.83,7.64,0.84,83.0,0.01,0.01,2335.055585,1776218615000
1776218618.175,218.175,0.17,6.43,0.16,69.0,0.18,130.76,0.19,38.0,0.82,130.76,0.81,38.0,0.83,2.64,0.84,83.0,0.01,0.01,2335.061065,1776218616000
1776218618.511,218.511,0.17,6.43,0.16,74.0,0.18,9.0,0.19,33.0,0.82,130.76,0.81,38.0,0.83,6.43,0.84,69.0,0.01,0.01,2335.072499,1776218617000
1776218618.79,218.79,0.22,10.0,0.21,65.0,0.23,4.9,0.25,5.0,0.77,5.0,0.75,5.0,0.8,14.43,0.82,10.0,0.01,0.03,2335.072499,1776218617000
1776218619.006,219.006,0.24,8.48,0.23,10.0,0.25,10.0,0.26,5.0,0.75,5.0,0.74,5.0,0.78,51.71,0.79,75.0,0.01,0.03,2335.072499,1776218617000
1776218619.488,219.488,0.25,7.6,0.24,5.42,0.26,108.05,0.27,10.0,0.75,10.0,0.74,10.0,0.76,5.42,0.77,10.0,0.01,0.01,2335.072499,1776218617000
1776218620.142,220.142,0.25,7.6,0.24,5.42,0.26,108.05,0.27,10.0,0.74,108.05,0.73,10.0,0.75,7.6,0.76,5.42,0.01,0.01,2335.220924,1776218619000
1776218620.634,220.634,0.23,7.4,0.22,23.0,0.24,52.0,0.25,119.94,0.75,124.94,0.74,20.0,0.77,8.7,0.78,23.0,0.01,0.02,2335.220924,1776218619000
1776218620.949,220.949,0.23,6.1,0.22,33.0,0.24,52.0,0.25,124.94,0.76,52.0,0.75,119.94,0.77,7.4,0.78,23.0,0.01,0.01,2335.220924,1776218619000
1776218621.266,221.266,0.23,4.8,0.22,23.0,0.24,140.11,0.25,25.0,0.76,44.0,0.75,124.94,0.77,4.8,0.78,33.0,0.01,0.01,2335.220924,1776218619000
1776218621.486,221.486,0.22,22.8,0.21,80.0,0.24,140.11,0.25,25.0,0.76,140.11,0.75,25.0,0.78,22.8,0.79,80.0,0.02,0.02,2335.61291,1776218620000
1776218622.639,222.639,0.22,22.8,0.21,80.0,0.24,140.11,0.25,25.0,0.76,140.11,0.75,25.0,0.78,22.8,0.79,80.0,0.02,0.02,2335.522839,1776218621000
1776218623.167,223.167,0.22,22.8,0.21,80.0,0.24,140.11,0.25,25.0,0.76,140.11,0.75,25.0,0.78,22.8,0.79,80.0,0.02,0.02,2335.530101,1776218622000
1776218623.402,223.402,0.22,10.0,0.21,98.0,0.23,63.64,0.24,29.83,0.76,140.11,0.75,25.0,0.78,22.8,0.79,80.0,0.01,0.02,2335.530101,1776218622000
1776218623.965,223.965,0.22,10.0,0.21,98.0,0.23,49.64,0.24,15.83,0.77,63.64,0.76,29.83,0.78,10.0,0.79,98.0,0.01,0.01,2335.530101,1776218622000
1776218624.304,224.304,0.22,10.0,0.21,98.0,0.23,49.64,0.24,15.83,0.77,49.64,0.76,15.83,0.78,10.0,0.79,98.0,0.01,0.01,2335.492251,1776218623000
1776218624.639,224.639,0.22,11.13,0.21,103.0,0.23,44.64,0.24,30.83,0.77,44.64,0.76,30.83,0.78,17.42,0.79,103.0,0.01,0.01,2335.492251,1776218623000
1776218624.893,224.893,0.22,2.17,0.21,103.0,0.23,44.64,0.24,30.83,0.77,44.64,0.76,30.83,0.78,8.82,0.79,103.0,0.01,0.01,2335.492251,1776218623000
1776218625.274,225.274,0.22,25.0,0.21,102.47,0.23,40.29,0.24,30.83,0.77,59.64,0.76,30.83,0.79,102.47,0.8,51.93,0.01,0.02,2335.492251,1776218623000
1776218625.714,225.714,0.22,8.58,0.21,102.47,0.23,40.29,0.24,20.83,0.77,40.29,0.76,30.83,0.78,25.0,0.79,102.47,0.01,0.01,2335.492748,1776218624000
1776218625.931,225.931,0.22,8.58,0.21,102.47,0.23,40.29,0.24,20.83,0.77,40.29,0.76,20.83,0.78,8.58,0.79,102.47,0.01,0.01,2335.551539,1776218625000
1776218626.305,226.305,0.22,1.43,0.21,89.47,0.23,60.29,0.24,20.83,0.77,40.29,0.76,20.83,0.78,8.58,0.79,102.47,0.01,0.01,2335.551539,1776218625000
1776218626.728,226.728,0.21,86.51,0.2,34.43,0.23,60.29,0.24,20.83,0.77,60.29,0.76,20.83,0.78,0.01,0.79,89.47,0.02,0.01,2335.551539,1776218625000
1776218627.075,227.075,0.21,86.51,0.2,34.43,0.23,60.29,0.24,20.83,0.77,60.29,0.76,20.83,0.79,86.51,0.8,34.43,0.02,0.02,2335.502715,1776218626000
1776218627.277,227.277,0.12,5.09,0.11,61.0,0.17,11.0,0.19,173.24,0.77,60.29,0.76,20.83,0.79,86.51,0.8,34.43,0.05,0.02,2335.502715,1776218626000
1776218627.804,227.804,0.16,10.0,0.15,10.0,0.22,3.75,0.24,0.83,0.88,10.0,0.87,10.0,0.89,10.9,0.91,54.0,0.06,0.01,2335.502715,1776218626000
1776218628.066,228.066,0.22,5.99,0.21,29.4,0.23,10.0,0.24,16.0,0.69,60.0,0.68,96.5,0.74,34.18,0.78,11.25,0.01,0.05,2335.502715,1776218626000
1776218628.271,228.271,0.21,17.91,0.2,26.0,0.23,130.83,0.24,15.0,0.77,130.83,0.76,15.0,0.79,17.91,0.8,26.0,0.02,0.02,2335.505506,1776218627000
1776218628.538,228.538,0.2,10.39,0.19,10.0,0.22,31.0,0.23,142.83,0.78,26.0,0.77,142.83,0.8,19.75,0.81,10.0,0.02,0.02,2335.505506,1776218627000
1776218628.938,228.938,0.2,9.19,0.19,10.0,0.22,26.63,0.23,147.83,0.78,16.63,0.77,142.83,0.8,9.14,0.81,10.0,0.02,0.02,2335.505506,1776218627000
1776218629.32,229.32,0.2,9.12,0.19,10.0,0.22,26.63,0.23,147.83,0.78,26.63,0.77,147.83,0.8,9.12,0.81,10.0,0.02,0.02,2335.304941,1776218628000
1776218629.927,229.927,0.2,9.12,0.19,10.0,0.21,148.97,0.22,25.0,0.79,148.97,0.78,25.0,0.8,9.12,0.81,10.0,0.01,0.01,2335.355471,1776218629000
1776218630.65,230.65,0.16,15.0,0.15,10.0,0.19,47.73,0.2,36.0,0.79,137.97,0.78,31.0,0.8,7.69,0.81,10.0,0.03,0.01,2335.355471,1776218629000
1776218631.21,231.21,0.16,18.31,0.15,10.0,0.17,15.0,0.18,30.0,0.81,47.73,0.8,36.0,0.84,15.0,0.85,10.0,0.01,0.03,2335.355471,1776218629000
1776218631.795,231.795,0.14,10.0,0.13,10.0,0.17,215.48,0.18,25.0,0.83,15.0,0.82,30.0,0.84,18.31,0.85,10.0,0.03,0.01,2335.3848,1776218630000
1776218632.47,232.47,0.14,10.0,0.13,10.0,0.15,157.33,0.16,86.02,0.84,17.0,0.83,288.48,0.87,10.0,0.88,51.5,0.01,0.03,2335.3848,1776218630000
1776218632.688,232.688,0.14,10.0,0.13,10.0,0.15,150.66,0.16,93.02,0.85,157.33,0.84,86.02,0.86,10.0,0.87,10.0,0.01,0.01,2335.407832,1776218631000
1776218633.076,233.076,0.14,76.21,0.13,35.0,0.15,105.33,0.16,6.02,0.85,153.31,0.84,93.02,0.86,10.0,0.87,10.0,0.01,0.01,2335.407832,1776218631000
1776218633.493,233.493,0.15,20.0,0.14,66.21,0.16,4.77,0.17,5.0,0.84,6.02,0.81,7.0,0.86,76.21,0.87,35.0,0.01,0.02,2335.333519,1776218632000
1776218634.031,234.031,0.18,4.63,0.17,10.0,0.19,12.0,0.2,35.0,0.84,4.77,0.83,5.0,0.85,20.0,0.86,66.21,0.01,0.01,2335.333519,1776218632000
1776218634.374,234.374,0.14,16.83,0.13,20.0,0.19,141.79,0.2,47.0,0.81,12.0,0.8,35.0,0.82,2.55,0.83,10.0,0.05,0.01,2335.333519,1776218632000
1776218634.804,234.804,0.15,10.89,0.14,10.0,0.17,25.0,0.18,15.0,0.81,146.79,0.8,47.0,0.86,6.42,0.87,20.0,0.02,0.05,2335.129479,1776218633000
1776218635.06,235.06,0.12,8.84,0.11,60.86,0.16,5.0,0.17,15.0,0.84,5.0,0.83,15.0,0.88,8.84,0.89,60.86,0.04,0.04,2335.22415,1776218634000
1776218635.263,235.263,0.14,3.44,0.13,29.0,0.15,41.06,0.16,20.0,0.84,5.0,0.83,15.0,0.88,8.84,0.89,60.86,0.01,0.04,2335.22415,1776218634000
1776218636.319,236.319,0.14,6.35,0.13,29.0,0.15,36.06,0.16,20.0,0.85,36.06,0.84,20.0,0.86,6.35,0.87,29.0,0.01,0.01,2335.289875,1776218635000
1776218636.708,236.708,0.14,1.51,0.13,29.0,0.15,180.35,0.16,15.0,0.85,36.06,0.84,20.0,0.86,6.35,0.87,29.0,0.01,0.01,2335.289875,1776218635000
1776218637.292,237.292,0.13,10.73,0.12,44.1,0.14,20.0,0.15,149.29,0.85,180.35,0.84,15.0,0.86,1.51,0.87,29.0,0.01,0.01,2335.289875,1776218635000
1776218637.99,237.99,0.12,38.77,0.11,46.79,0.14,20.0,0.15,149.29,0.86,20.0,0.85,149.29,0.88,38.77,0.89,46.79,0.02,0.02,2335.297086,1776218637000
1776218638.385,238.385,0.13,80.07,0.12,38.77,0.14,12.41,0.15,15.0,0.86,20.0,0.85,149.29,0.88,38.77,0.89,46.79,0.01,0.02,2335.297086,1776218637000
1776218638.653,238.653,0.13,83.92,0.12,43.77,0.14,7.41,0.16,15.0,0.86,12.41,0.85,15.0,0.87,80.07,0.88,38.77,0.01,0.01,2335.297086,1776218637000
1776218639.078,239.078,0.14,74.59,0.13,19.07,0.15,3.33,0.16,15.0,0.84,15.0,0.83,10.0,0.86,16.59,0.87,78.92,0.01,0.02,2335.297086,1776218637000
1776218639.445,239.445,0.13,40.87,0.12,49.1,0.14,7.85,0.15,18.33,0.85,3.33,0.84,15.0,0.86,73.42,0.87,9.07,0.01,0.01,2335.297086,1776218637000
1776218639.721,239.721,0.11,36.79,0.1,48.0,0.13,25.0,0.14,43.85,0.86,33.85,0.85,26.33,0.88,32.96,0.89,36.79,0.02,0.02,2335.297086,1776218637000
1776218639.951,239.951,0.12,9.07,0.11,36.79,0.13,12.3,0.14,43.85,0.87,12.3,0.86,43.85,0.88,9.07,0.89,36.79,0.01,0.01,2335.300189,1776218638000
1776218640.271,240.271,0.1,45.0,0.09,44.0,0.11,1.9,0.12,21.52,0.88,16.52,0.87,49.3,0.9,45.0,0.91,44.0,0.01,0.02,2335.300189,1776218638000
1776218640.497,240.497,0.1,45.0,0.09,44.0,0.11,1.9,0.12,21.52,0.89,1.9,0.88,21.52,0.9,45.0,0.91,44.0,0.01,0.01,2335.340579,1776218639000
1776218640.757,240.757,0.1,51.86,0.09,54.0,0.12,41.52,0.13,54.3,0.89,1.9,0.88,21.52,0.9,45.0,0.91,44.0,0.02,0.01,2335.340579,1776218639000
1776218641.014,241.014,0.1,40.77,0.09,54.0,0.12,46.52,0.13,54.3,0.88,41.52,0.87,54.3,0.9,51.86,0.91,54.0,0.02,0.02,2335.340579,1776218639000
1776218641.357,241.357,0.1,40.21,0.09,59.0,0.11,5.0,0.12,51.52,0.88,46.52,0.87,54.3,0.9,40.77,0.91,54.0,0.01,0.02,2335.339149,1776218640000
1776218641.561,241.561,0.1,35.21,0.09,59.0,0.12,47.77,0.13,54.3,0.89,5.0,0.88,51.52,0.9,40.21,0.91,59.0,0.02,0.01,2335.339149,1776218640000
1776218642.077,242.077,0.1,35.21,0.09,59.0,0.12,47.77,0.13,54.3,0.88,47.77,0.87,54.3,0.9,35.21,0.91,59.0,0.02,0.02,2335.263752,1776218641000
1776218642.539,242.539,0.1,35.21,0.09,59.0,0.11,10.0,0.12,47.77,0.88,47.77,0.87,54.3,0.9,35.21,0.91,59.0,0.01,0.02,2335.263752,1776218641000
1776218643.168,243.168,0.1,35.21,0.09,59.0,0.11,3.59,0.12,47.77,0.89,3.59,0.88,47.77,0.9,35.21,0.91,59.0,0.01,0.01,2335.243618,1776218642000
1776218643.38,243.38,0.12,28.0,0.11,56.89,0.14,27.85,0.15,10.0,0.87,12.0,0.86,36.0,0.89,82.89,0.9,10.0,0.02,0.02,2335.243618,1776218642000
1776218643.743,243.743,0.12,56.86,0.11,36.89,0.14,27.85,0.15,15.0,0.86,27.85,0.85,10.0,0.88,28.0,0.89,56.89,0.02,0.02,2335.243618,1776218642000
1776218644.135,244.135,0.12,56.86,0.11,36.89,0.14,27.85,0.15,15.0,0.86,27.85,0.85,15.0,0.88,56.86,0.89,36.89,0.02,0.02,2335.243618,1776218643000
1776218644.738,244.738,0.16,3.8,0.15,20.0,0.17,10.0,0.18,10.0,0.86,27.85,0.85,15.0,0.88,56.86,0.89,36.89,0.01,0.02,2335.243618,1776218643000
1776218644.975,244.975,0.16,5.14,0.15,15.0,0.17,5.0,0.18,10.0,0.83,10.0,0.82,10.0,0.84,0.14,0.85,15.0,0.01,0.01,2335.243618,1776218643000
1776218645.23,245.23,0.16,5.14,0.15,15.0,0.17,5.0,0.18,10.0,0.83,5.0,0.82,10.0,0.84,5.14,0.85,15.0,0.01,0.01,2335.280593,1776218644000
1776218645.6,245.6,0.11,60.68,0.1,55.0,0.16,20.0,0.17,10.0,0.84,20.0,0.83,10.0,0.85,20.0,0.86,10.0,0.05,0.01,2335.280593,1776218644000
1776218646.139,246.139,0.15,25.0,0.14,10.0,0.18,104.54,0.19,15.0,0.84,20.0,0.83,10.0,0.89,60.68,0.9,55.0,0.03,0.05,2335.280593,1776218644000
1776218646.544,246.544,0.15,10.0,0.14,10.0,0.16,15.0,0.17,15.0,0.82,115.31,0.81,15.0,0.84,10.0,0.85,25.0,0.01,0.02,2335.355757,1776218645000
1776218646.872,246.872,0.16,8.8,0.15,10.0,0.18,122.31,0.19,15.0,0.84,15.0,0.83,15.0,0.85,10.0,0.86,10.0,0.02,0.01,2335.355757,1776218645000
1776218647.182,247.182,0.14,13.83,0.13,52.8,0.15,5.0,0.16,10.0,0.85,5.0,0.84,10.0,0.86,10.0,0.87,52.8,0.01,0.01,2335.355757,1776218645000
1776218647.432,247.432,0.14,37.45,0.13,52.8,0.15,20.0,0.16,15.0,0.85,5.0,0.84,10.0,0.86,13.83,0.87,52.8,0.01,0.01,2335.388067,1776218646000
1776218647.752,247.752,0.14,26.57,0.13,52.8,0.15,15.0,0.16,15.0,0.85,15.0,0.84,15.0,0.86,35.43,0.87,52.8,0.01,0.01,2335.388067,1776218646000
1776218648.034,248.034,0.14,6.66,0.13,46.8,0.15,15.0,0.16,15.0,0.85,15.0,0.84,15.0,0.86,23.75,0.87,52.8,0.01,0.01,2335.458765,1776218647000
1776218648.377,248.377,0.14,5.98,0.13,57.8,0.15,1.66,0.16,15.0,0.85,15.0,0.84,15.0,0.86,6.66,0.87,46.8,0.01,0.01,2335.458765,1776218647000
1776218648.681,248.681,0.14,18.19,0.13,41.8,0.16,1.12,0.17,129.75,0.85,15.0,0.84,15.0,0.86,11.92,0.87,41.8,0.02,0.01,2335.458765,1776218647000
1776218648.997,248.997,0.14,15.94,0.13,41.8,0.16,21.12,0.17,129.75,0.84,21.12,0.83,129.75,0.86,15.94,0.87,41.8,0.02,0.02,2335.48752,1776218648000
1776218649.362,249.362,0.17,13.0,0.16,34.0,0.18,50.0,0.19,10.0,0.84,21.12,0.83,129.75,0.86,15.94,0.87,41.8,0.01,0.02,2335.48752,1776218648000
1776218649.713,249.713,0.17,31.79,0.16,29.0,0.18,19.23,0.19,20.0,0.82,12.23,0.81,10.0,0.83,28.0,0.84,29.0,0.01,0.01,2335.48752,1776218648000
1776218650.15,250.15,0.17,36.79,0.16,29.0,0.18,6.53,0.19,15.0,0.82,6.53,0.81,15.0,0.83,36.79,0.84,29.0,0.01,0.01,2335.48997,1776218649000
1776218650.646,250.646,0.17,0.97,0.14,29.9,0.18,144.53,0.19,20.0,0.82,6.53,0.81,15.0,0.83,36.79,0.84,29.0,0.01,0.01,2335.48997,1776218649000
1776218651.227,251.227,0.17,0.97,0.14,29.9,0.18,144.53,0.19,20.0,0.82,144.53,0.81,20.0,0.83,0.97,0.86,29.9,0.01,0.01,2335.5116,1776218650000
1776218651.52,251.52,0.14,50.43,0.13,41.8,0.15,20.0,0.16,22.0,0.82,144.53,0.81,20.0,0.83,0.97,0.86,29.9,0.01,0.01,2335.5116,1776218650000
1776218652.318,252.318,0.15,10.0,0.14,67.11,0.18,23.0,0.19,23.0,0.85,20.0,0.84,22.0,0.86,50.43,0.87,41.8,0.03,0.01,2335.5116,1776218650000
1776218652.601,252.601,0.16,34.0,0.15,30.0,0.17,4.75,0.18,28.0,0.82,23.0,0.81,23.0,0.85,10.0,0.86,67.11,0.01,0.03,2335.5771,1776218651000
1776218652.894,252.894,0.16,34.0,0.15,30.0,0.17,4.75,0.18,28.0,0.83,4.75,0.82,28.0,0.84,34.0,0.85,30.0,0.01,0.01,2335.5768,1776218652000
1776218653.348,253.348,0.16,8.8,0.13,31.8,0.17,137.0,0.18,33.0,0.82,30.0,0.81,15.0,0.83,13.25,0.84,44.0,0.01,0.01,2335.5768,1776218652000
1776218653.602,253.602,0.08,108.9,0.07,70.3,0.09,10.0,0.1,10.0,0.83,105.0,0.82,20.0,0.91,44.0,0.92,111.9,0.01,0.08,2335.5768,1776218652000
1776218654.295,254.295,0.08,87.04,0.07,74.16,0.09,15.0,0.1,10.0,0.91,10.0,0.9,10.0,0.92,75.99,0.93,79.16,0.01,0.01,2335.5768,1776218652000
1776218654.503,254.503,0.08,87.04,0.07,74.16,0.09,13.0,0.1,10.0,0.91,13.0,0.9,10.0,0.92,87.04,0.93,74.16,0.01,0.01,2335.568779,1776218653000
1776218654.714,254.714,0.08,94.48,0.07,74.16,0.09,18.0,0.1,10.0,0.91,13.0,0.9,10.0,0.92,87.04,0.93,74.16,0.01,0.01,2335.568779,1776218653000
1776218655.017,255.017,0.08,94.48,0.07,74.16,0.09,18.0,0.1,10.0,0.91,18.0,0.9,10.0,0.92,94.48,0.93,74.16,0.01,0.01,2335.568779,1776218654000
1776218655.912,255.912,0.08,86.21,0.07,18.86,0.09,13.0,0.1,10.0,0.91,13.0,0.9,10.0,0.92,96.21,0.93,74.16,0.01,0.01,2335.568779,1776218654000
1776218656.223,256.223,0.08,76.34,0.07,18.86,0.09,13.0,0.1,10.0,0.91,13.0,0.9,10.0,0.92,86.21,0.93,18.86,0.01,0.01,2335.464079,1776218655000
1776218657.185,257.185,0.08,76.34,0.07,18.86,0.09,13.0,0.1,10.0,0.91,13.0,0.9,10.0,0.92,76.34,0.93,18.86,0.01,0.01,2335.385581,1776218656000
1776218657.486,257.486,0.1,9.44,0.09,10.0,0.11,15.0,0.12,31.0,0.91,13.0,0.9,10.0,0.92,76.34,0.93,18.86,0.01,0.01,2335.385581,1776218656000
1776218658.106,258.106,0.09,9.3,0.08,58.36,0.11,15.0,0.12,31.0,0.89,15.0,0.88,31.0,0.91,9.3,0.92,58.36,0.02,0.02,2335.390777,1776218657000
1776218658.649,258.649,0.1,6.5,0.09,21.3,0.11,15.0,0.12,31.0,0.89,15.0,0.88,31.0,0.91,9.3,0.92,58.36,0.01,0.02,2335.390777,1776218657000
1776218659.081,259.081,0.1,19.27,0.09,21.3,0.12,16.59,0.13,10.0,0.89,15.0,0.88,31.0,0.9,9.27,0.91,21.3,0.02,0.01,2335.390777,1776218657000
1776218659.387,259.387,0.13,10.0,0.12,10.0,0.14,5.72,0.15,38.0,0.88,16.59,0.87,10.0,0.9,19.27,0.91,21.3,0.01,0.02,2335.455283,1776218658000
1776218660.188,260.188,0.13,15.0,0.12,10.0,0.15,3.72,0.16,10.0,0.85,3.72,0.84,10.0,0.87,15.0,0.88,10.0,0.02,0.02,2335.480807,1776218659000
1776218660.504,260.504,0.14,15.0,0.13,10.0,0.15,107.2,0.16,10.0,0.85,3.72,0.84,10.0,0.87,15.0,0.88,10.0,0.01,0.02,2335.480807,1776218659000
1776218661.148,261.148,0.14,15.0,0.13,10.0,0.15,107.2,0.16,10.0,0.85,107.2,0.84,10.0,0.86,15.0,0.87,10.0,0.01,0.01,2335.501142,1776218660000
1776218661.519,261.519,0.13,8.73,0.12,34.0,0.14,140.04,0.15,15.72,0.85,107.2,0.84,10.0,0.86,15.0,0.87,10.0,0.01,0.01,2335.501142,1776218660000
1776218661.818,261.818,0.12,28.46,0.11,10.0,0.14,140.04,0.15,15.72,0.86,140.04,0.85,15.72,0.87,7.46,0.88,34.0,0.02,0.01,2335.501142,1776218660000
1776218662.22,262.22,0.12,28.46,0.11,10.0,0.14,140.04,0.15,15.72,0.86,140.04,0.85,15.72,0.88,28.46,0.89,10.0,0.02,0.02,2335.512891,1776218661000
1776218662.655,262.655,0.12,35.86,0.11,10.0,0.13,10.0,0.14,10.0,0.87,131.07,0.86,10.0,0.88,27.1,0.89,10.0,0.01,0.01,2335.512891,1776218661000
1776218663.041,263.041,0.12,34.39,0.11,10.0,0.15,119.47,0.16,10.0,0.85,4.47,0.84,10.0,0.88,40.86,0.89,10.0,0.03,0.03,2335.512891,1776218661000
1776218663.273,263.273,0.12,34.39,0.11,10.0,0.15,107.8,0.16,10.0,0.85,107.8,0.84,10.0,0.88,34.39,0.89,10.0,0.03,0.03,2335.55201,1776218662000
1776218663.601,263.601,0.13,10.0,0.12,29.39,0.14,15.85,0.15,12.8,0.85,107.8,0.84,10.0,0.88,34.39,0.89,10.0,0.01,0.03,2335.55201,1776218662000
1776218664.011,264.011,0.13,10.0,0.12,34.39,0.15,101.13,0.16,18.0,0.86,15.85,0.85,12.8,0.87,10.0,0.88,29.39,0.02,0.01,2335.55201,1776218662000
1776218664.328,264.328,0.13,10.0,0.12,24.39,0.15,94.46,0.16,18.0,0.85,101.13,0.84,18.0,0.87,10.0,0.88,34.39,0.02,0.02,2335.55201,1776218662000
1776218664.912,264.912,0.13,10.0,0.12,24.39,0.15,94.46,0.16,18.0,0.85,94.46,0.84,18.0,0.87,10.0,0.88,24.39,0.02,0.02,2335.604997,1776218664000
1776218665.53,265.53,0.15,19.16,0.14,31.0,0.17,18.0,0.18,10.0,0.85,94.46,0.84,18.0,0.87,10.0,0.88,24.39,0.02,0.02,2335.604997,1776218664000
1776218665.948,265.948,0.15,19.16,0.14,31.0,0.17,18.0,0.18,10.0,0.83,18.0,0.82,10.0,0.85,19.16,0.86,31.0,0.02,0.02,2335.607285,1776218665000
1776218666.484,266.484,0.18,10.0,0.17,10.0,0.19,70.78,0.2,10.0,0.83,18.0,0.82,10.0,0.85,19.16,0.86,31.0,0.01,0.02,2335.607285,1776218665000
1776218667.213,267.213,0.18,10.12,0.17,10.0,0.19,70.78,0.2,20.0,0.81,70.78,0.8,10.0,0.82,10.0,0.83,10.0,0.01,0.01,2335.607285,1776218665000
1776218667.415,267.415,0.17,7.43,0.16,10.0,0.19,80.78,0.2,20.0,0.81,70.78,0.8,20.0,0.82,10.12,0.83,10.0,0.02,0.01,2335.607285,1776218665000
1776218667.684,267.684,0.17,6.1,0.16,10.0,0.19,80.78,0.2,20.0,0.81,80.78,0.8,20.0,0.83,6.1,0.84,10.0,0.02,0.02,2335.645797,1776218666000
1776218667.943,267.943,0.1,25.11,0.09,59.0,0.11,5.0,0.12,10.0,0.87,12.69,0.86,10.0,0.9,24.0,0.91,59.0,0.01,0.03,2335.645797,1776218666000
1776218668.225,268.225,0.09,94.0,0.08,114.64,0.11,10.0,0.13,12.69,0.89,10.0,0.88,10.0,0.9,5.11,0.91,59.0,0.02,0.01,2335.645797,1776218666000
1776218668.566,268.566,0.14,8.73,0.13,10.0,0.15,28.0,0.16,10.0,0.89,10.0,0.87,12.69,0.91,94.0,0.92,114.64,0.01,0.02,2335.739155,1776218667000
1776218669.038,269.038,0.14,8.73,0.13,10.0,0.15,28.0,0.16,10.0,0.85,28.0,0.84,10.0,0.86,8.73,0.87,10.0,0.01,0.01,2335.73938,1776218668000
1776218669.473,269.473,0.15,8.24,0.14,18.73,0.16,69.59,0.17,10.0,0.84,49.59,0.83,10.0,0.85,10.0,0.86,18.73,0.01,0.01,2335.73938,1776218668000
1776218669.739,269.739,0.15,7.06,0.14,8.73,0.16,69.59,0.17,10.0,0.84,69.59,0.83,10.0,0.85,8.24,0.86,18.73,0.01,0.01,2335.73938,1776218668000
1776218670.029,270.029,0.15,5.11,0.14,16.97,0.16,54.59,0.19,17.0,0.84,54.59,0.81,7.0,0.86,16.97,0.87,10.0,0.01,0.02,2335.73938,1776218668000
1776218670.356,270.356,0.14,11.45,0.13,10.0,0.18,128.9,0.19,10.0,0.82,116.9,0.81,17.0,0.85,8.13,0.86,16.97,0.04,0.03,2335.73938,1776218668000
1776218670.82,270.82,0.16,6.58,0.15,8.82,0.18,118.9,0.19,10.0,0.83,14.11,0.82,121.9,0.85,8.82,0.86,10.0,0.02,0.02,2335.748553,1776218669000
1776218671.179,271.179,0.14,5.58,0.13,10.0,0.16,126.47,0.17,10.0,0.82,128.9,0.81,10.0,0.85,1.72,0.86,10.0,0.02,0.03,2335.748553,1776218669000
1776218671.409,271.409,0.14,8.05,0.13,8.02,0.15,10.0,0.16,130.22,0.84,130.22,0.83,10.0,0.87,8.02,0.88,10.0,0.01,0.03,2335.769894,1776218670000
1776218671.676,271.676,0.12,13.18,0.11,107.0,0.14,10.0,0.15,10.0,0.85,10.0,0.84,130.22,0.86,6.77,0.87,8.02,0.02,0.01,2335.769894,1776218670000
1776218672.341,272.341,0.11,104.05,0.1,40.0,0.12,15.0,0.13,10.0,0.87,10.0,0.86,10.0,0.88,6.95,0.89,107.0,0.01,0.01,2335.769894,1776218670000
1776218672.802,272.802,0.07,7.67,0.05,103.18,0.08,122.0,0.09,20.0,0.89,10.0,0.88,20.0,0.92,11.81,0.93,64.16,0.01,0.03,2335.828305,1776218671000
1776218673.099,273.099,0.05,83.18,0.04,166.8,0.08,19.5,0.09,15.0,0.92,127.0,0.91,20.0,0.95,83.18,0.96,166.8,0.03,0.03,2335.828305,1776218671000
1776218673.413,273.413,0.05,85.76,0.04,166.8,0.06,10.0,0.07,10.0,0.94,10.0,0.93,10.0,0.95,86.91,0.96,166.8,0.01,0.01,2335.839476,1776218672000
1776218673.72,273.72,0.05,85.76,0.04,166.8,0.08,17.0,0.09,10.0,0.94,10.0,0.93,10.0,0.95,85.76,0.96,166.8,0.03,0.01,2335.839476,1776218672000
1776218674.058,274.058,0.05,22.04,0.04,176.8,0.06,10.0,0.07,10.0,0.92,17.0,0.91,10.0,0.95,85.76,0.96,166.8,0.01,0.03,2335.839476,1776218672000
1776218674.677,274.677,0.05,117.84,0.04,123.8,0.06,4.65,0.07,10.0,0.94,10.0,0.93,10.0,0.95,22.04,0.96,176.8,0.01,0.01,2335.819293,1776218673000
1776218675.472,275.472,0.05,117.84,0.04,123.8,0.06,4.65,0.07,10.0,0.94,4.65,0.93,10.0,0.95,117.84,0.96,123.8,0.01,0.01,2335.478218,1776218674000
1776218675.957,275.957,0.04,20.36,0.03,96.0,0.06,19.65,0.07,10.0,0.94,4.65,0.93,10.0,0.95,117.84,0.96,123.8,0.02,0.01,2335.478218,1776218674000
1776218676.666,276.666,0.04,39.49,0.03,96.0,0.06,19.65,0.07,10.0,0.94,14.65,0.93,10.0,0.96,42.62,0.97,96.0,0.02,0.02,2335.515918,1776218675000
1776218677.111,277.111,0.04,1.71,0.03,96.0,0.06,19.65,0.07,10.0,0.94,19.65,0.93,10.0,0.96,28.01,0.97,96.0,0.02,0.02,2335.515918,1776218675000
1776218678.494,278.494,0.05,22.2,0.04,1.71,0.06,15.0,0.07,10.0,0.94,15.0,0.93,10.0,0.95,22.2,0.96,1.71,0.01,0.01,2335.56532,1776218677000
1776218679.03,279.03,0.05,22.2,0.04,1.71,0.06,15.0,0.07,10.0,0.94,15.0,0.93,10.0,0.95,22.2,0.96,1.71,0.01,0.01,2335.57022,1776218678000
1776218680.195,280.195,0.06,57.8,0.05,20.2,0.07,15.0,0.08,10.0,0.93,10.0,0.92,10.0,0.95,45.2,0.96,6.71,0.01,0.02,2335.57022,1776218678000
1776218681.312,281.312,0.06,37.74,0.05,20.2,0.07,70.14,0.08,10.0,0.93,15.0,0.92,10.0,0.94,57.8,0.95,20.2,0.01,0.01,2335.635317,1776218679000
1776218681.594,281.594,0.06,34.54,0.05,20.2,0.07,70.14,0.08,10.0,0.93,70.14,0.92,10.0,0.94,37.74,0.95,20.2,0.01,0.01,2335.651461,1776218680000
1776218681.815,281.815,0.06,22.83,0.05,20.2,0.07,65.14,0.08,10.0,0.93,65.14,0.92,10.0,0.94,23.9,0.95,20.2,0.01,0.01,2335.651461,1776218680000
1776218682.084,282.084,0.06,16.31,0.05,20.2,0.07,70.14,0.08,10.0,0.93,70.14,0.92,10.0,0.94,16.31,0.95,20.2,0.01,0.01,2335.61278,1776218681000
1776218683.368,283.368,0.05,5.51,0.03,96.0,0.07,70.14,0.08,34.0,0.93,70.14,0.92,10.0,0.94,16.31,0.95,20.2,0.02,0.01,2335.61278,1776218681000
1776218683.901,283.901,0.03,92.9,0.02,200.0,0.05,10.0,0.06,15.0,0.93,70.14,0.92,34.0,0.95,5.51,0.97,96.0,0.02,0.02,2335.61278,1776218681000
1776218684.571,284.571,0.03,92.9,0.02,200.0,0.05,10.0,0.06,15.0,0.95,10.0,0.94,15.0,0.97,92.9,0.98,200.0,0.02,0.02,2335.607843,1776218683000
1776218684.891,284.891,0.03,25.58,0.02,200.0,0.05,81.62,0.06,15.0,0.95,10.0,0.94,15.0,0.97,92.9,0.98,200.0,0.02,0.02,2335.607843,1776218683000
1776218685.102,285.102,0.03,25.58,0.02,200.0,0.05,81.62,0.06,15.0,0.95,81.62,0.94,15.0,0.97,25.58,0.98,200.0,0.02,0.02,2335.655306,1776218684000
1776218685.527,285.527,0.03,22.48,0.02,200.0,0.05,81.62,0.06,15.0,0.95,81.62,0.94,15.0,0.97,25.58,0.98,200.0,0.02,0.02,2335.655306,1776218684000
1776218686.069,286.069,0.03,22.48,0.02,200.0,0.05,15.0,0.06,10.0,0.95,81.62,0.94,15.0,0.97,22.48,0.98,200.0,0.02,0.02,2335.655306,1776218684000
1776218686.97,286.97,0.03,19.38,0.02,200.0,0.04,97.64,0.05,15.0,0.95,15.0,0.94,10.0,0.97,22.48,0.98,200.0,0.01,0.02,2335.702486,1776218685000
1776218687.334,287.334,0.03,19.38,0.02,200.0,0.04,97.64,0.05,15.0,0.96,97.64,0.95,15.0,0.97,19.38,0.98,200.0,0.01,0.01,2335.692648,1776218686000
1776218687.737,287.737,0.03,17.42,0.02,200.0,0.04,102.64,0.05,15.0,0.96,97.64,0.95,15.0,0.97,19.38,0.98,200.0,0.01,0.01,2335.692648,1776218686000
1776218688.033,288.033,0.03,1.93,0.02,200.0,0.04,97.64,0.05,15.0,0.96,102.64,0.95,15.0,0.97,2.97,0.98,200.0,0.01,0.01,2335.692567,1776218687000
1776218688.581,288.581,0.02,196.5,0.01,6347.0,0.04,97.64,0.05,20.0,0.96,97.64,0.95,15.0,0.97,1.93,0.98,200.0,0.02,0.01,2335.692567,1776218687000
1776218689.017,289.017,0.02,196.5,0.01,6347.0,0.04,97.64,0.05,20.0,0.96,97.64,0.95,20.0,0.98,196.5,0.99,6347.0,0.02,0.02,2335.646497,1776218688000
1776218689.259,289.259,0.02,184.41,0.01,6347.0,0.04,97.64,0.05,44.0,0.96,97.64,0.95,20.0,0.98,189.52,0.99,6347.0,0.02,0.02,2335.646497,1776218688000
1776218690.095,290.095,0.02,181.34,0.01,6347.0,0.04,112.64,0.05,44.0,0.96,112.64,0.95,44.0,0.98,181.34,0.99,6347.0,0.02,0.02,2335.655723,1776218689000
1776218690.497,290.497,0.02,168.16,0.01,1347.0,0.04,107.64,0.05,44.0,0.96,107.64,0.95,44.0,0.98,178.27,0.99,1347.0,0.02,0.02,2335.655723,1776218689000
1776218690.71,290.71,0.02,165.6,0.01,1347.0,0.04,107.64,0.05,44.0,0.96,107.64,0.95,44.0,0.98,168.16,0.99,1347.0,0.02,0.02,2335.655723,1776218689000
1776218691.107,291.107,0.02,145.6,0.01,1347.0,0.04,20.0,0.05,39.0,0.96,107.64,0.95,44.0,0.98,165.6,0.99,1347.0,0.02,0.02,2335.655723,1776218689000
1776218691.888,291.888,0.02,118.29,0.01,1147.0,0.04,48.0,0.05,15.0,0.96,20.0,0.95,39.0,0.98,142.53,0.99,1347.0,0.02,0.02,2335.664784,1776218690000
1776218692.352,292.352,0.02,115.22,0.01,1147.0,0.04,43.0,0.05,15.0,0.96,43.0,0.95,15.0,0.98,115.22,0.99,1147.0,0.02,0.02,2335.692088,1776218691000
1776218693.26,293.26,0.02,6.93,0.01,959.54,0.03,10.0,0.04,43.0,0.96,43.0,0.95,15.0,0.99,1109.54,,,0.01,0.03,2335.692088,1776218691000
1776218693.472,293.472,0.02,1.82,0.01,959.54,0.03,20.0,0.04,38.0,0.97,20.0,0.96,38.0,0.98,1.82,0.99,959.54,0.01,0.01,2335.689334,1776218692000
1776218693.937,293.937,0.02,1.82,0.01,959.54,0.03,20.0,0.04,38.0,0.97,20.0,0.96,38.0,0.98,1.82,0.99,959.54,0.01,0.01,2335.68678,1776218693000
1776218694.301,294.301,0.01,959.32,,,0.03,25.0,0.04,38.0,0.97,20.0,0.96,38.0,0.98,1.82,0.99,959.54,0.02,0.01,2335.68678,1776218693000
1776218694.683,294.683,0.01,944.43,,,0.02,5.0,0.03,15.0,0.98,5.0,0.97,15.0,0.99,956.28,,,0.01,0.01,2335.68678,1776218693000
1776218694.994,294.994,0.01,924.22,,,0.02,5.0,0.03,15.0,0.98,5.0,0.97,15.0,0.99,944.43,,,0.01,0.01,2335.68678,1776218693000
1776218695.239,295.239,0.05,4.95,0.04,10.0,0.06,24.0,0.08,10.0,0.98,5.0,0.97,15.0,0.99,909.07,,,0.01,0.01,2335.706511,1776218694000
1776218695.442,295.442,0.08,6.73,0.07,10.0,0.2,7.0,0.21,50.0,0.8,7.0,0.79,50.0,0.92,10.0,0.93,10.0,0.12,0.12,2335.706511,1776218694000
1776218695.854,295.854,0.24,48.05,0.23,10.0,0.28,10.0,0.29,10.0,0.77,10.0,0.74,10.0,0.79,14.55,0.83,5.0,0.04,0.02,2335.706511,1776218694000
1776218696.1,296.1,0.25,10.0,0.24,67.05,0.28,6.42,0.29,10.0,0.73,10.0,0.72,10.0,0.76,87.05,0.77,10.0,0.03,0.03,2335.706511,1776218694000
1776218696.318,296.318,0.24,10.0,0.23,6.1,0.26,3.0,0.27,10.0,0.72,1.93,0.71,10.0,0.77,50.1,0.78,40.0,0.02,0.05,2335.695932,1776218695000
1776218696.531,296.531,0.24,49.31,0.23,6.1,0.31,7.8,0.32,16.0,0.75,30.0,0.74,18.0,0.76,49.31,0.77,6.1,0.07,0.01,2335.695932,1776218695000
1776218696.805,296.805,0.25,42.69,0.24,15.0,0.26,5.0,0.27,10.0,0.74,5.0,0.73,10.0,0.75,10.0,0.76,10.0,0.01,0.01,2335.695932,1776218695000
1776218697.055,297.055,0.25,60.69,0.24,10.0,0.26,15.0,0.27,10.0,0.74,5.0,0.73,10.0,0.75,42.69,0.76,15.0,0.01,0.01,2335.695932,1776218695000
1776218697.28,297.28,0.25,38.69,0.24,10.0,0.26,3.57,0.27,10.0,0.74,3.57,0.73,10.0,0.75,38.69,0.76,10.0,0.01,0.01,2335.807174,1776218696000
1776218697.548,297.548,0.19,39.65,0.18,10.0,0.2,15.0,0.21,52.97,0.74,7.37,0.73,80.0,0.81,34.78,0.82,10.0,0.01,0.07,2335.807174,1776218696000
1776218697.77,297.77,0.19,64.26,0.17,5.0,0.2,15.0,0.21,52.97,0.8,15.0,0.79,52.97,0.81,60.19,0.82,10.0,0.01,0.01,2335.807174,1776218696000
1776218697.983,297.983,0.19,58.95,0.17,5.0,0.2,28.0,0.21,52.97,0.8,15.0,0.79,52.97,0.81,64.26,0.83,5.0,0.01,0.01,2335.807174,1776218696000
1776218698.221,298.221,0.11,50.0,0.09,10.0,0.14,87.79,0.17,10.0,0.86,87.79,0.83,10.0,0.89,50.0,0.91,10.0,0.03,0.03,2336.343009,1776218697000
1776218698.472,298.472,0.04,30.09,0.03,110.0,0.12,10.0,0.13,15.0,0.88,10.0,0.87,15.0,0.89,47.74,0.92,6.73,0.08,0.01,2336.343009,1776218697000
1776218698.717,298.717,0.04,30.25,0.03,237.65,0.05,23.8,0.06,10.0,0.93,90.0,0.92,15.0,0.97,227.65,0.98,20.0,0.01,0.04,2336.343009,1776218697000
1776218698.976,298.976,0.04,10.0,0.03,58.65,0.07,80.0,0.08,15.0,0.95,23.8,0.94,10.0,0.96,19.52,0.97,237.65,0.03,0.01,2336.343009,1776218697000
1776218699.216,299.216,0.01,172.87,,,0.05,15.0,0.06,15.0,0.95,15.0,0.94,15.0,0.99,187.87,,,0.04,0.04,2336.343009,1776218697000
1776218699.442,299.442,0.01,70.5,,,0.03,149.0,0.04,27.0,0.97,10.0,0.96,12.0,0.98,30.5,0.99,172.87,0.02,0.01,2336.343009,1776218697000
1776218699.735,299.735,,,,,0.01,31.05,0.02,5.0,0.99,5.05,0.97,92.66,,,,,,,2336.434285,1776218698000
1776218700.036,300.036,,,,,0.01,14276.07,0.02,5.0,0.99,31.05,0.98,5.0,,,,,,,2336.434285,1776218698000
1776218700.239,300.239,,,,,0.01,17746.1,0.03,5.0,0.99,14276.07,0.98,5.0,,,,,,,2336.436021,1776218699000
1776218700.439,300.439,,,,,0.01,17736.12,0.03,5.0,0.99,17736.12,0.97,5.0,,,,,,,2336.436021,1776218699000

# RESULT,winner=Down,slug=eth-updown-5m-1776218400,ticks=575
