timestamp,elapsed_sec,up_bid_p1,up_bid_s1,up_bid_p2,up_bid_s2,up_ask_p1,up_ask_s1,up_ask_p2,up_ask_s2,down_bid_p1,down_bid_s1,down_bid_p2,down_bid_s2,down_ask_p1,down_ask_s1,down_ask_p2,down_ask_s2,up_spread,down_spread,eth_price,eth_oracle_ts
1776324001.338,1.338,0.48,37.8,0.47,70.0,0.52,30.08,0.55,70.0,0.48,30.08,0.45,70.0,0.52,37.8,0.53,70.0,0.04,0.04,2353.9282,1776324000000
1776324001.736,1.736,0.51,10.0,0.49,5.0,0.52,43.15,0.53,15.0,0.48,30.08,0.45,70.0,0.52,37.8,0.53,70.0,0.01,0.04,2353.9282,1776324000000
1776324002.675,2.675,0.51,10.0,0.49,5.0,0.52,43.15,0.53,15.0,0.48,43.15,0.47,15.0,0.49,10.0,0.51,5.0,0.01,0.01,2354.0144,1776324001000
1776324003.33,3.33,0.51,10.0,0.5,10.0,0.52,35.09,0.53,15.0,0.48,35.09,0.47,15.0,0.49,10.0,0.5,10.0,0.01,0.01,2353.962999,1776324002000
1776324003.819,3.819,0.5,10.0,0.48,37.8,0.52,117.09,0.53,48.41,0.48,35.09,0.47,15.0,0.49,10.0,0.5,10.0,0.02,0.01,2353.962999,1776324002000
1776324004.13,4.13,0.42,83.0,0.41,88.0,0.45,66.04,0.49,65.0,0.55,66.04,0.51,65.0,0.58,83.0,0.59,88.0,0.03,0.03,2353.957999,1776324003000
1776324005.155,5.155,0.38,15.0,0.37,15.0,0.4,10.0,0.41,15.0,0.55,66.04,0.51,65.0,0.58,83.0,0.59,88.0,0.02,0.03,2353.957999,1776324003000
1776324005.86,5.86,0.39,4.0,0.38,29.0,0.4,5.0,0.42,10.0,0.6,10.0,0.59,15.0,0.62,15.0,0.63,15.0,0.01,0.02,2353.91997,1776324004000
1776324007.071,7.071,0.39,14.0,0.38,99.0,0.4,2.5,0.42,5.0,0.6,5.0,0.58,10.0,0.61,4.0,0.62,29.0,0.01,0.01,2353.836247,1776324005000
1776324007.324,7.324,0.39,12.36,0.38,99.0,0.4,2.5,0.42,5.0,0.6,2.5,0.58,5.0,0.61,14.0,0.62,99.0,0.01,0.01,2353.836247,1776324005000
1776324007.974,7.974,0.39,42.36,0.38,99.0,0.42,5.0,0.45,71.04,0.6,2.5,0.58,5.0,0.61,12.36,0.62,99.0,0.03,0.01,2353.590305,1776324006000
1776324009.016,9.016,0.44,21.06,0.43,96.62,0.45,64.41,0.46,15.0,0.55,54.41,0.54,15.0,0.56,10.0,0.57,21.62,0.01,0.01,2353.57821,1776324007000
1776324009.408,9.408,0.44,21.06,0.43,96.62,0.45,64.41,0.46,15.0,0.55,64.41,0.54,15.0,0.56,21.06,0.57,96.62,0.01,0.01,2353.57844,1776324008000
1776324010.006,10.006,0.44,21.06,0.43,96.62,0.45,64.41,0.46,15.0,0.55,64.41,0.54,15.0,0.56,21.06,0.57,96.62,0.01,0.01,2353.581665,1776324009000
1776324010.213,10.213,0.44,36.06,0.43,106.62,0.45,0.41,0.46,15.0,0.55,64.41,0.54,15.0,0.56,21.06,0.57,96.62,0.01,0.01,2353.581665,1776324009000
1776324010.97,10.97,0.49,45.0,0.48,35.0,0.52,48.8,0.53,88.0,0.55,0.41,0.54,15.0,0.56,36.06,0.57,106.62,0.03,0.01,2353.581665,1776324009000
1776324011.43,11.43,0.51,20.5,0.5,20.0,0.52,59.2,0.53,88.0,0.48,48.7,0.47,88.0,0.49,15.0,0.5,15.0,0.01,0.01,2353.66731,1776324010000
1776324011.692,11.692,0.51,10.0,0.5,30.5,0.52,55.35,0.53,88.0,0.48,54.2,0.47,88.0,0.49,9.06,0.5,20.0,0.01,0.01,2353.66731,1776324010000
1776324012.171,12.171,0.51,10.0,0.5,30.5,0.52,50.35,0.53,88.0,0.48,55.35,0.47,88.0,0.49,10.0,0.5,30.5,0.01,0.01,2353.66731,1776324010000
1776324013.721,13.721,0.5,3.74,0.49,20.48,0.51,20.0,0.52,54.85,0.48,50.35,0.47,88.0,0.49,10.0,0.5,30.5,0.01,0.01,2353.915396,1776324012000
1776324018.54,18.54,0.48,20.5,0.47,15.0,0.49,43.87,0.5,46.5,0.49,20.0,0.48,54.85,0.5,3.74,0.51,20.48,0.01,0.01,2353.867355,1776324017000
1776324019.391,19.391,0.48,30.14,0.47,20.0,0.49,43.75,0.5,41.5,0.51,42.87,0.5,46.5,0.52,20.5,0.53,15.0,0.01,0.01,2353.878994,1776324018000
1776324022.312,22.312,0.49,45.5,0.48,45.14,0.5,11.0,0.51,18.0,0.51,43.75,0.5,41.5,0.52,30.14,0.53,20.0,0.01,0.01,2353.838085,1776324021000
1776324024.027,24.027,0.5,15.0,0.49,25.5,0.51,90.5,0.52,47.5,0.45,5.64,0.44,135.0,0.51,40.5,0.52,50.14,0.01,0.06,2353.851457,1776324022000
1776324026.184,26.184,0.5,32.58,0.49,95.5,0.51,22.0,0.52,22.0,0.49,90.5,0.48,47.5,0.5,15.0,0.51,25.5,0.01,0.01,2353.88407,1776324025000
1776324026.507,26.507,0.53,45.5,0.52,25.5,0.54,62.98,0.55,10.5,0.49,22.0,0.48,22.0,0.5,32.58,0.51,95.5,0.01,0.01,2353.88407,1776324025000
1776324027.36,27.36,0.53,77.5,0.52,30.5,0.54,52.98,0.56,73.5,0.46,57.98,0.45,10.5,0.47,45.5,0.48,30.5,0.01,0.01,2353.856975,1776324026000
1776324027.918,27.918,0.53,75.26,0.52,30.5,0.54,5.0,0.55,19.14,0.46,52.98,0.44,73.5,0.47,77.5,0.48,30.5,0.01,0.01,2353.856975,1776324026000
1776324028.833,28.833,0.53,72.06,0.52,37.5,0.54,5.0,0.55,19.14,0.46,5.0,0.45,19.14,0.47,75.26,0.48,30.5,0.01,0.01,2353.947973,1776324027000
1776324030.371,30.371,0.53,34.64,0.52,20.0,0.54,39.37,0.55,42.55,0.46,5.0,0.45,19.14,0.47,72.06,0.48,37.5,0.01,0.01,2354.087055,1776324028000
1776324030.82,30.82,0.46,11.52,0.45,30.0,0.54,151.8,0.55,69.5,0.46,34.37,0.45,42.55,0.47,9.64,0.48,20.0,0.08,0.01,2354.099186,1776324029000
1776324031.326,31.326,0.48,25.5,0.47,25.5,0.49,9.9,0.5,5.0,0.53,10.0,0.52,10.0,0.55,30.0,0.56,24.0,0.01,0.02,2354.099209,1776324030000
1776324031.571,31.571,0.47,0.59,0.46,62.5,0.49,18.9,0.5,12.0,0.51,9.9,0.5,5.0,0.52,25.5,0.53,25.5,0.02,0.01,2354.099209,1776324030000
1776324033.221,33.221,0.46,22.68,0.45,25.0,0.48,27.0,0.49,55.4,0.51,18.9,0.5,12.0,0.53,0.59,0.54,62.5,0.02,0.02,2354.082864,1776324031000
1776324033.862,33.862,0.45,39.5,0.44,46.5,0.47,5.0,0.48,15.0,0.52,27.0,0.51,55.4,0.54,22.68,0.55,25.0,0.02,0.02,2353.925013,1776324032000
1776324035.209,35.209,0.45,5.0,0.44,9.0,0.46,52.0,0.47,35.5,0.53,5.0,0.52,15.0,0.55,39.5,0.56,46.5,0.01,0.02,2353.889265,1776324034000
1776324035.615,35.615,0.43,9.0,0.42,96.5,0.44,20.0,0.45,50.5,0.54,52.0,0.53,35.5,0.56,9.0,0.57,17.5,0.01,0.02,2353.889265,1776324034000
1776324035.998,35.998,0.42,73.02,0.41,20.5,0.43,47.67,0.44,20.0,0.56,10.0,0.55,50.5,0.58,89.02,0.59,5.0,0.01,0.02,2353.889265,1776324034000
1776324039.211,39.211,0.42,70.79,0.41,14.0,0.43,40.5,0.44,30.5,0.57,42.67,0.56,20.0,0.58,73.02,0.59,20.5,0.01,0.01,2353.642562,1776324038000
1776324040.199,40.199,0.42,60.79,0.41,14.0,0.43,48.17,0.44,25.5,0.57,40.5,0.56,30.5,0.58,70.79,0.59,14.0,0.01,0.01,2353.614398,1776324039000
1776324040.55,40.55,0.37,91.48,0.36,92.0,0.39,26.0,0.4,26.0,0.57,48.17,0.56,25.5,0.58,60.79,0.59,14.0,0.02,0.01,2353.614398,1776324039000
1776324041.561,41.561,0.37,97.36,0.36,102.0,0.41,10.09,0.42,35.5,0.62,10.0,0.61,26.0,0.63,82.36,0.64,92.0,0.04,0.01,2353.613985,1776324040000
1776324042.921,42.921,0.4,13.33,0.39,20.0,0.41,10.0,0.42,35.5,0.59,10.09,0.58,35.5,0.63,97.36,0.64,102.0,0.01,0.04,2353.618185,1776324041000
1776324043.676,43.676,0.4,15.91,0.39,15.0,0.41,10.0,0.42,30.5,0.59,10.0,0.58,35.5,0.6,13.33,0.61,20.0,0.01,0.01,2353.51011,1776324042000
1776324044.913,44.913,0.43,5.0,0.41,25.0,0.44,8.22,0.45,28.5,0.59,10.0,0.58,30.5,0.6,15.91,0.61,15.0,0.01,0.01,2353.510005,1776324043000
1776324047.036,47.036,0.43,15.0,0.41,20.0,0.44,25.94,0.45,37.5,0.56,8.22,0.55,28.5,0.57,5.0,0.59,25.0,0.01,0.01,2353.559075,1776324045000
1776324048.449,48.449,0.37,1.76,0.35,9.0,0.39,103.5,0.4,35.5,0.56,25.94,0.55,37.5,0.57,15.0,0.59,20.0,0.02,0.01,2353.61554,1776324047000
1776324048.821,48.821,0.33,70.0,0.32,84.0,0.34,45.5,0.35,30.96,0.61,103.5,0.6,35.5,0.63,1.76,0.65,9.0,0.01,0.02,2353.61554,1776324047000
1776324050.103,50.103,0.33,75.0,0.32,84.0,0.35,15.96,0.36,31.04,0.66,45.5,0.65,30.96,0.67,70.0,0.68,84.0,0.02,0.01,2353.587065,1776324049000
1776324051.134,51.134,0.33,102.57,0.32,104.5,0.34,10.0,0.35,10.96,0.65,15.96,0.64,31.04,0.67,75.0,0.68,84.0,0.01,0.02,2353.587065,1776324049000
1776324051.375,51.375,0.33,102.57,0.32,104.5,0.34,4.85,0.35,10.96,0.66,10.0,0.65,10.96,0.67,102.57,0.68,104.5,0.01,0.01,2353.338129,1776324050000
1776324053.49,53.49,0.33,82.07,0.32,165.5,0.34,20.15,0.35,26.46,0.66,4.85,0.65,10.96,0.67,92.57,0.68,104.5,0.01,0.01,2353.287786,1776324052000
1776324054.478,54.478,0.33,87.07,0.32,165.5,0.34,17.2,0.35,26.46,0.66,20.15,0.65,26.46,0.67,82.07,0.68,165.5,0.01,0.01,2353.27291,1776324053000
1776324054.815,54.815,0.32,144.28,0.31,34.5,0.34,17.2,0.35,31.46,0.66,17.2,0.65,26.46,0.67,87.07,0.68,165.5,0.02,0.01,2353.27291,1776324053000
1776324056.887,56.887,0.34,60.5,0.33,25.5,0.35,3.1,0.38,10.0,0.66,17.2,0.65,31.46,0.68,144.28,0.69,34.5,0.01,0.02,2353.25993,1776324055000
1776324057.391,57.391,0.38,80.5,0.37,61.5,0.39,35.5,0.4,15.5,0.61,15.5,0.6,15.5,0.62,29.5,0.63,31.0,0.01,0.01,2353.259015,1776324056000
1776324057.787,57.787,0.38,65.5,0.37,56.5,0.39,35.5,0.4,20.5,0.61,35.5,0.6,15.5,0.62,70.5,0.63,61.5,0.01,0.01,2353.259015,1776324056000
1776324059.206,59.206,0.38,47.5,0.37,46.0,0.39,45.5,0.4,105.67,0.61,35.5,0.6,20.5,0.62,65.5,0.63,56.5,0.01,0.01,2353.358165,1776324058000
1776324060.744,60.744,0.38,19.3,0.37,31.0,0.39,52.5,0.4,30.5,0.61,45.5,0.6,105.67,0.62,47.5,0.63,46.0,0.01,0.01,2353.4214,1776324059000
1776324060.956,60.956,0.38,14.3,0.37,31.0,0.39,96.18,0.4,30.5,0.61,52.5,0.6,30.5,0.62,19.3,0.63,31.0,0.01,0.01,2353.4214,1776324059000
1776324062.555,62.555,0.37,87.5,0.36,123.5,0.4,15.5,0.41,15.0,0.61,96.18,0.6,30.5,0.62,14.3,0.63,31.0,0.03,0.01,2353.402555,1776324061000
1776324063.623,63.623,0.39,27.0,0.37,11.0,0.4,224.24,0.41,154.0,0.6,15.5,0.59,15.0,0.63,87.5,0.64,123.5,0.01,0.03,2353.424225,1776324062000
1776324063.853,63.853,0.37,6.0,0.34,16.0,0.38,30.5,0.39,25.5,0.6,224.24,0.59,154.0,0.63,11.0,0.64,70.0,0.01,0.03,2353.424225,1776324062000
1776324064.199,64.199,0.37,0.92,0.34,16.0,0.38,121.54,0.39,43.5,0.62,30.5,0.61,25.5,0.63,6.0,0.66,16.0,0.01,0.01,2353.424225,1776324062000
1776324064.42,64.42,0.34,15.36,0.33,28.0,0.38,121.54,0.39,43.5,0.62,121.54,0.61,43.5,0.63,0.92,0.66,16.0,0.04,0.01,2353.43121,1776324063000
1776324065.281,65.281,0.34,28.5,0.33,32.5,0.35,29.28,0.36,20.5,0.62,121.54,0.61,43.5,0.66,15.36,0.67,28.0,0.01,0.04,2353.44365,1776324064000
1776324066.009,66.009,0.34,44.5,0.33,32.5,0.35,21.42,0.36,20.5,0.65,29.28,0.64,20.5,0.66,28.5,0.67,32.5,0.01,0.01,2353.356305,1776324065000
1776324066.262,66.262,0.34,49.5,0.33,32.5,0.35,9.37,0.36,20.5,0.65,21.42,0.64,20.5,0.66,44.5,0.67,32.5,0.01,0.01,2353.356305,1776324065000
1776324067.217,67.217,0.34,13.84,0.33,22.0,0.35,24.87,0.36,25.5,0.65,9.37,0.64,20.5,0.66,49.5,0.67,32.5,0.01,0.01,2353.326456,1776324066000
1776324068.035,68.035,0.32,61.0,0.31,15.5,0.33,57.0,0.34,30.5,0.65,24.87,0.64,25.5,0.66,13.84,0.67,22.0,0.01,0.01,2353.300285,1776324067000
1776324068.391,68.391,0.32,6.5,0.31,15.5,0.33,30.0,0.34,15.0,0.67,62.0,0.66,20.0,0.68,20.5,0.69,15.5,0.01,0.01,2353.300285,1776324067000
1776324068.792,68.792,0.32,15.52,0.31,25.5,0.33,30.0,0.34,20.0,0.67,30.0,0.66,15.0,0.68,6.5,0.69,15.5,0.01,0.01,2353.300285,1776324067000
1776324069.033,69.033,0.32,17.78,0.31,25.5,0.33,30.0,0.34,20.0,0.67,30.0,0.66,20.0,0.68,15.52,0.69,25.5,0.01,0.01,2353.300285,1776324067000
1776324070.514,70.514,0.32,100.28,0.31,102.86,0.33,9.69,0.35,5.0,0.67,30.0,0.66,20.0,0.68,17.78,0.69,25.5,0.01,0.01,2353.24605,1776324069000
1776324070.904,70.904,0.34,87.5,0.33,40.5,0.38,10.5,0.39,37.79,0.65,5.0,0.62,5.0,0.68,100.28,0.69,102.86,0.04,0.03,2353.24605,1776324069000
1776324073.928,73.928,0.37,76.0,0.36,95.23,0.38,27.86,0.39,37.79,0.62,10.5,0.61,37.79,0.66,87.5,0.67,40.5,0.01,0.04,2353.408535,1776324072000
1776324075.43,75.43,0.37,76.0,0.36,95.23,0.4,89.98,0.41,78.0,0.62,27.86,0.61,37.79,0.63,76.0,0.64,95.23,0.03,0.01,2353.43527,1776324073000
1776324077.074,77.074,0.38,76.0,0.37,135.5,0.39,14.87,0.4,99.48,0.6,89.98,0.59,78.0,0.63,76.0,0.64,95.23,0.01,0.03,2353.4617,1776324075000
1776324078.98,78.98,0.38,61.0,0.37,135.5,0.39,22.54,0.4,99.48,0.61,14.87,0.6,99.48,0.62,76.0,0.63,135.5,0.01,0.01,2353.43538,1776324077000
1776324079.489,79.489,0.38,13.0,0.31,5.0,0.39,149.54,0.4,191.48,0.61,22.54,0.6,99.48,0.62,61.0,0.63,135.5,0.01,0.01,2353.4298,1776324078000
1776324079.783,79.783,0.29,148.95,0.28,97.0,0.31,20.0,0.32,30.5,0.61,149.54,0.6,191.48,0.69,5.0,0.7,5.0,0.02,0.08,2353.4298,1776324078000
1776324080.709,80.709,0.33,4.5,0.32,56.5,0.34,15.0,0.35,20.0,0.69,20.0,0.68,30.5,0.71,148.95,0.72,97.0,0.01,0.02,2353.51705,1776324079000
1776324082.65,82.65,0.35,10.5,0.34,86.5,0.37,0.86,0.38,15.5,0.66,15.0,0.65,20.0,0.67,4.5,0.68,56.5,0.02,0.01,2353.2573,1776324081000
1776324083.248,83.248,0.36,91.5,0.35,105.5,0.37,17.21,0.38,13.1,0.63,0.86,0.62,15.5,0.65,10.5,0.66,86.5,0.01,0.02,2353.2573,1776324081000
1776324085.171,85.171,0.35,80.0,0.34,80.0,0.37,30.5,0.38,33.6,0.63,17.21,0.62,13.1,0.64,91.5,0.65,105.5,0.02,0.01,2353.37706,1776324084000
1776324086.007,86.007,0.35,116.5,0.34,95.5,0.36,6.65,0.37,20.0,0.63,30.5,0.62,33.6,0.65,80.0,0.66,80.0,0.01,0.02,2353.37706,1776324084000
1776324086.381,86.381,0.35,143.01,0.34,95.5,0.37,11.06,0.38,33.6,0.64,6.65,0.63,20.0,0.65,113.01,0.66,95.5,0.02,0.01,2353.443077,1776324085000
1776324090.866,90.866,0.35,161.01,0.34,113.5,0.38,8.1,0.39,15.5,0.63,11.06,0.62,33.6,0.65,143.01,0.66,95.5,0.03,0.02,2353.38503,1776324089000
1776324092.093,92.093,0.39,50.56,0.38,15.0,0.4,77.09,0.41,31.5,0.6,36.59,0.59,5.0,0.63,66.5,0.64,25.5,0.01,0.03,2353.46695,1776324090000
1776324092.569,92.569,0.39,21.0,0.38,5.0,0.4,89.09,0.41,31.5,0.6,77.09,0.59,31.5,0.61,50.56,0.62,15.0,0.01,0.01,2353.352005,1776324091000
1776324096.401,96.401,0.38,16.0,0.37,10.0,0.39,67.5,0.4,67.09,0.6,84.09,0.59,31.5,0.62,5.0,0.63,15.0,0.01,0.02,2353.38505,1776324094000
1776324096.774,96.774,0.38,16.0,0.37,10.0,0.39,140.37,0.4,132.09,0.61,67.5,0.6,67.09,0.62,16.0,0.63,10.0,0.01,0.01,2353.37539,1776324095000
1776324096.98,96.98,0.35,3.0,0.28,75.0,0.36,35.5,0.37,247.5,0.63,147.5,0.62,58.5,0.65,8.0,0.72,75.0,0.01,0.02,2353.37539,1776324095000
1776324097.467,97.467,0.29,1.06,0.28,75.0,0.3,22.0,0.31,27.0,0.7,22.0,0.69,22.0,0.71,10.4,0.72,75.0,0.01,0.01,2353.382665,1776324096000
1776324101.046,101.046,0.28,87.37,0.27,54.52,0.29,22.0,0.3,22.0,0.7,27.0,0.69,27.0,0.72,73.26,0.73,23.0,0.01,0.02,2353.210365,1776324099000
1776324103.446,103.446,0.28,81.77,0.27,25.0,0.29,12.0,0.3,22.0,0.71,22.0,0.7,22.0,0.72,87.37,0.73,54.52,0.01,0.01,2353.246421,1776324101000
1776324105.508,105.508,0.27,19.5,0.26,23.7,0.28,17.0,0.29,34.0,0.71,12.0,0.7,22.0,0.72,81.77,0.73,25.0,0.01,0.01,2353.175865,1776324104000
1776324105.751,105.751,0.27,13.5,0.26,28.7,0.28,22.0,0.29,34.0,0.72,17.0,0.71,34.0,0.73,19.5,0.74,23.7,0.01,0.01,2353.175865,1776324104000
1776324106.123,106.123,0.27,10.5,0.26,39.7,0.29,38.17,0.3,32.5,0.72,22.0,0.71,34.0,0.73,13.5,0.74,28.7,0.02,0.01,2353.175865,1776324104000
1776324107.074,107.074,0.27,10.5,0.26,21.0,0.28,3.78,0.29,33.17,0.71,38.17,0.7,32.5,0.73,10.5,0.74,39.7,0.01,0.02,2353.17553,1776324105000
1776324108.609,108.609,0.28,25.5,0.27,31.5,0.29,22.17,0.3,17.0,0.72,3.78,0.71,33.17,0.73,10.5,0.74,21.0,0.01,0.01,2353.234001,1776324107000
1776324109.019,109.019,0.28,20.5,0.27,36.5,0.29,18.72,0.3,17.0,0.71,22.17,0.7,17.0,0.72,25.5,0.73,31.5,0.01,0.01,2353.234001,1776324107000
1776324114.211,114.211,0.27,26.5,0.26,37.5,0.29,91.72,0.3,25.5,0.71,18.72,0.7,17.0,0.72,20.5,0.73,36.5,0.02,0.01,2353.153425,1776324112000
1776324115.25,115.25,0.27,1.0,0.26,12.0,0.28,158.5,0.29,53.72,0.71,91.72,0.7,25.5,0.73,26.5,0.74,37.5,0.01,0.02,2353.13619,1776324113000
1776324115.776,115.776,0.23,4.5,0.22,15.5,0.24,39.83,0.25,45.5,0.76,15.0,0.75,15.0,0.77,4.5,0.78,10.5,0.01,0.01,2353.114505,1776324114000
1776324116.386,116.386,0.23,9.5,0.22,15.5,0.24,30.66,0.25,45.5,0.76,39.83,0.75,45.5,0.77,4.5,0.78,15.5,0.01,0.01,2353.10558,1776324115000
1776324118.509,118.509,0.22,10.5,0.21,150.0,0.23,21.65,0.24,60.74,0.76,30.66,0.75,45.5,0.77,9.5,0.78,15.5,0.01,0.01,2352.98879,1776324117000
1776324118.988,118.988,0.22,10.5,0.21,150.0,0.23,12.3,0.24,65.74,0.77,21.65,0.76,60.74,0.78,10.5,0.79,150.0,0.01,0.01,2352.98879,1776324117000
1776324119.27,119.27,0.22,4.87,0.21,170.5,0.23,12.3,0.24,65.74,0.77,12.3,0.76,65.74,0.78,10.5,0.79,150.0,0.01,0.01,2352.91144,1776324118000
1776324120.481,120.481,0.21,155.56,0.2,95.0,0.22,5.0,0.23,12.3,0.77,12.3,0.76,65.74,0.78,4.87,0.79,170.5,0.01,0.01,2352.89483,1776324119000
1776324120.988,120.988,0.21,158.56,0.2,95.0,0.22,5.0,0.23,34.8,0.78,5.0,0.77,12.3,0.79,155.56,0.8,95.0,0.01,0.01,2352.89483,1776324119000
1776324121.536,121.536,0.2,7.0,0.19,13.0,0.21,100.5,0.22,65.5,0.78,5.0,0.77,34.8,0.79,158.56,0.8,95.0,0.01,0.01,2352.890218,1776324120000
1776324121.753,121.753,0.18,18.0,0.17,15.5,0.2,20.5,0.21,100.5,0.79,100.5,0.78,65.5,0.81,5.0,0.82,18.0,0.02,0.02,2352.890218,1776324120000
1776324122.073,122.073,0.18,16.78,0.17,5.0,0.19,80.5,0.2,30.5,0.8,20.5,0.79,100.5,0.82,18.0,0.83,15.5,0.01,0.02,2352.925216,1776324121000
1776324122.881,122.881,0.18,9.68,0.17,5.0,0.19,49.5,0.2,30.5,0.81,80.5,0.8,30.5,0.82,16.78,0.83,5.0,0.01,0.01,2352.925216,1776324121000
1776324127.312,127.312,0.17,70.5,0.16,111.05,0.18,0.95,0.19,20.0,0.81,54.5,0.8,30.5,0.82,7.33,0.83,5.0,0.01,0.01,2352.72851,1776324126000
1776324127.649,127.649,0.17,54.29,0.16,111.05,0.18,10.95,0.19,20.0,0.82,0.95,0.81,20.0,0.83,70.5,0.84,111.05,0.01,0.01,2352.72851,1776324126000
1776324128.572,128.572,0.17,34.27,0.16,111.05,0.18,10.95,0.19,35.5,0.82,10.95,0.81,20.0,0.83,54.29,0.84,111.05,0.01,0.01,2352.69225,1776324127000
1776324129.646,129.646,0.17,12.77,0.16,127.05,0.18,5.56,0.19,35.5,0.82,10.95,0.81,35.5,0.83,34.27,0.84,111.05,0.01,0.01,2352.738665,1776324128000
1776324130.598,130.598,0.18,52.63,0.17,50.27,0.19,20.0,0.2,15.0,0.82,5.56,0.81,35.5,0.83,12.77,0.84,127.05,0.01,0.01,2352.707,1776324129000
1776324134.518,134.518,0.17,29.77,0.16,111.05,0.18,10.0,0.19,35.5,0.81,20.0,0.8,15.0,0.82,16.19,0.83,50.27,0.01,0.01,2352.749845,1776324133000
1776324136.63,136.63,0.18,35.5,0.17,115.27,0.19,9.73,0.2,37.5,0.82,10.0,0.81,35.5,0.83,29.77,0.84,111.05,0.01,0.01,2352.74984,1776324135000
1776324137.849,137.849,0.17,120.27,0.16,100.55,0.18,9.44,0.19,30.23,0.81,9.73,0.8,37.5,0.82,35.5,0.83,115.27,0.01,0.01,2352.73878,1776324136000
1776324141.101,141.101,0.17,114.12,0.16,100.55,0.18,14.44,0.19,46.95,0.82,9.44,0.81,30.23,0.83,120.27,0.84,100.55,0.01,0.01,2352.76674,1776324140000
1776324146.799,146.799,0.17,145.0,0.16,111.05,0.18,6.44,0.19,30.5,0.82,14.44,0.81,46.95,0.83,114.12,0.84,100.55,0.01,0.01,2352.80516,1776324145000
1776324147.478,147.478,0.17,143.79,0.16,111.05,0.19,28.94,0.2,50.5,0.81,28.94,0.8,44.5,0.83,145.0,0.84,111.05,0.02,0.02,2352.81,1776324146000
1776324150.326,150.326,0.18,131.5,0.17,55.5,0.2,12.0,0.21,8.0,0.81,28.94,0.8,50.5,0.83,143.79,0.84,111.05,0.02,0.02,2352.8556,1776324148000
1776324150.747,150.747,0.27,22.6,0.26,80.0,0.28,21.5,0.29,19.0,0.71,14.51,0.7,27.0,0.73,19.0,0.76,46.42,0.01,0.02,2352.83015,1776324149000
1776324150.996,150.996,0.27,17.6,0.26,80.0,0.28,15.5,0.29,19.0,0.72,21.5,0.71,19.0,0.73,22.6,0.74,80.0,0.01,0.01,2352.83015,1776324149000
1776324151.944,151.944,0.27,22.6,0.26,85.0,0.29,14.0,0.3,14.0,0.72,13.21,0.71,19.0,0.73,22.6,0.74,80.0,0.02,0.01,2352.843155,1776324150000
1776324152.306,152.306,0.28,50.0,0.27,15.0,0.29,11.46,0.3,90.89,0.71,14.0,0.7,14.0,0.73,22.6,0.74,85.0,0.01,0.02,2352.974837,1776324151000
1776324154.805,154.805,0.28,50.0,0.27,15.0,0.29,80.03,0.3,36.0,0.71,11.46,0.7,90.89,0.72,50.0,0.73,15.0,0.01,0.01,2353.1229,1776324153000
1776324155.83,155.83,0.28,43.79,0.27,15.0,0.29,113.53,0.3,36.0,0.71,80.03,0.7,36.0,0.72,50.0,0.73,15.0,0.01,0.01,2353.07438,1776324154000
1776324158.109,158.109,0.28,26.7,0.27,15.0,0.29,125.18,0.3,36.0,0.71,113.53,0.7,36.0,0.72,43.79,0.73,15.0,0.01,0.01,2353.1579,1776324156000
1776324158.908,158.908,0.28,27.75,0.27,15.0,0.29,115.18,0.3,36.0,0.71,125.18,0.7,36.0,0.72,26.7,0.73,15.0,0.01,0.01,2353.07412,1776324157000
1776324159.959,159.959,0.28,80.25,0.27,25.5,0.29,5.3,0.3,18.5,0.71,115.18,0.7,36.0,0.72,27.75,0.73,15.0,0.01,0.01,2353.07919,1776324158000
1776324160.584,160.584,0.29,70.59,0.28,58.25,0.3,25.05,0.31,55.0,0.7,11.8,0.69,50.0,0.71,15.0,0.72,69.75,0.01,0.01,2353.1629,1776324159000
1776324161.238,161.238,0.29,76.09,0.28,58.25,0.32,25.5,0.33,25.0,0.7,25.05,0.69,55.0,0.71,70.59,0.72,58.25,0.03,0.01,2353.08077,1776324160000
1776324161.526,161.526,0.31,20.0,0.3,25.5,0.32,32.93,0.33,30.5,0.68,5.87,0.67,25.0,0.71,81.09,0.72,58.25,0.01,0.03,2353.08077,1776324160000
1776324162.661,162.661,0.31,1.71,0.3,15.0,0.32,78.43,0.33,25.5,0.68,32.93,0.67,30.5,0.69,20.0,0.7,25.5,0.01,0.01,2353.20695,1776324161000
1776324163.083,163.083,0.3,16.02,0.29,64.09,0.31,25.0,0.32,53.43,0.68,78.43,0.67,25.5,0.7,15.0,0.71,64.09,0.01,0.02,2353.20695,1776324161000
1776324164.377,164.377,0.3,43.97,0.29,64.09,0.31,5.0,0.32,42.93,0.69,25.0,0.68,53.43,0.7,16.02,0.71,64.09,0.01,0.01,2353.19382,1776324162000
1776324165.134,165.134,0.3,36.82,0.29,59.09,0.31,10.0,0.32,47.93,0.69,5.0,0.68,42.93,0.7,43.97,0.71,64.09,0.01,0.01,2353.197335,1776324163000
1776324166.004,166.004,0.34,31.5,0.33,20.5,0.37,10.5,0.38,28.5,0.69,10.0,0.68,47.93,0.7,36.82,0.71,59.09,0.03,0.01,2353.215647,1776324164000
1776324166.496,166.496,0.37,16.82,0.36,15.0,0.38,100.4,0.39,28.0,0.62,28.4,0.61,28.0,0.63,10.0,0.64,10.0,0.01,0.01,2353.215647,1776324165000
1776324168.571,168.571,0.36,5.0,0.35,105.5,0.37,24.47,0.38,99.4,0.62,100.4,0.61,28.0,0.63,16.82,0.64,15.0,0.01,0.01,2353.374434,1776324167000
1776324169.128,169.128,0.36,55.5,0.35,43.5,0.37,24.47,0.4,37.59,0.63,24.47,0.62,99.4,0.64,5.0,0.65,105.5,0.01,0.01,2353.374434,1776324167000
1776324169.331,169.331,0.39,55.5,0.38,90.0,0.4,19.79,0.41,18.0,0.6,29.79,0.59,18.0,0.61,50.5,0.62,85.0,0.01,0.01,2353.426585,1776324168000
1776324169.629,169.629,0.4,48.13,0.39,50.5,0.41,6.38,0.42,17.0,0.59,6.38,0.58,17.0,0.6,20.5,0.61,50.5,0.01,0.01,2353.426585,1776324168000
1776324169.89,169.89,0.41,30.5,0.4,43.13,0.42,14.61,0.43,18.0,0.59,5.18,0.58,17.0,0.6,43.13,0.61,50.5,0.01,0.01,2353.501916,1776324169000
1776324170.266,170.266,0.43,50.5,0.42,100.5,0.44,4.9,0.45,5.0,0.58,28.22,0.57,18.0,0.59,55.5,0.6,48.13,0.01,0.01,2353.501916,1776324169000
1776324172.648,172.648,0.45,4.9,0.44,10.0,0.47,126.88,0.48,37.5,0.56,4.9,0.55,5.0,0.57,50.5,0.58,100.5,0.02,0.01,2353.576379,1776324171000
1776324173.134,173.134,0.41,20.5,0.4,15.5,0.44,104.5,0.45,100.5,0.54,25.5,0.53,112.88,0.57,5.0,0.59,20.5,0.03,0.03,2353.576379,1776324171000
1776324176.439,176.439,0.41,23.5,0.4,25.5,0.42,55.0,0.43,10.0,0.56,104.5,0.55,100.5,0.59,20.5,0.6,15.5,0.01,0.03,2353.605747,1776324175000
1776324177.202,177.202,0.41,18.5,0.4,25.5,0.42,65.09,0.43,10.0,0.58,55.0,0.57,10.0,0.59,23.5,0.6,25.5,0.01,0.01,2353.605747,1776324175000
1776324177.674,177.674,0.41,18.28,0.4,25.5,0.42,48.09,0.43,15.0,0.58,65.09,0.57,10.0,0.59,18.5,0.6,25.5,0.01,0.01,2353.60953,1776324176000
1776324178.132,178.132,0.41,23.28,0.4,25.5,0.42,28.09,0.43,10.0,0.58,48.09,0.57,15.0,0.59,18.28,0.6,25.5,0.01,0.01,2353.60953,1776324176000
1776324179.555,179.555,0.41,13.28,0.4,25.5,0.42,41.09,0.43,15.0,0.58,28.09,0.57,10.0,0.59,23.28,0.6,25.5,0.01,0.01,2353.649482,1776324178000
1776324180.867,180.867,0.41,57.28,0.4,25.5,0.42,21.09,0.43,5.0,0.58,41.09,0.57,15.0,0.59,13.28,0.6,25.5,0.01,0.01,2353.683953,1776324179000
1776324181.925,181.925,0.41,52.28,0.4,25.5,0.42,9.09,0.44,15.0,0.58,14.09,0.56,15.0,0.59,57.28,0.6,25.5,0.01,0.01,2353.659402,1776324180000
1776324182.16,182.16,0.41,42.28,0.4,25.5,0.42,4.09,0.43,10.0,0.58,9.09,0.56,15.0,0.59,52.28,0.6,25.5,0.01,0.01,2353.659402,1776324180000
1776324182.382,182.382,0.43,15.5,0.42,25.5,0.44,30.0,0.45,15.0,0.57,9.09,0.56,15.0,0.59,47.28,0.6,25.5,0.01,0.02,2353.676834,1776324181000
1776324182.931,182.931,0.43,10.5,0.42,25.5,0.44,24.0,0.45,15.0,0.56,30.0,0.55,15.0,0.57,15.5,0.58,25.5,0.01,0.01,2353.676834,1776324181000
1776324184.121,184.121,0.43,10.5,0.42,25.5,0.44,19.0,0.45,15.0,0.56,24.0,0.55,15.0,0.57,10.5,0.58,25.5,0.01,0.01,2353.796975,1776324183000
1776324184.674,184.674,0.43,37.5,0.42,20.5,0.44,19.0,0.45,15.0,0.56,19.0,0.55,15.0,0.57,10.5,0.58,25.5,0.01,0.01,2353.796975,1776324183000
1776324185.796,185.796,0.46,1.25,0.45,10.0,0.47,20.88,0.48,5.0,0.56,19.0,0.55,15.0,0.57,37.5,0.58,20.5,0.01,0.01,2353.66781,1776324184000
1776324186.05,186.05,0.46,6.25,0.45,15.0,0.47,15.88,0.48,5.0,0.53,20.88,0.52,5.0,0.54,1.25,0.55,10.0,0.01,0.01,2353.66781,1776324184000
1776324186.812,186.812,0.46,11.25,0.45,25.5,0.5,15.0,0.51,21.0,0.53,15.88,0.52,5.0,0.54,6.25,0.55,15.0,0.04,0.01,2353.672329,1776324185000
1776324187.093,187.093,0.48,5.0,0.45,15.0,0.49,35.5,0.5,15.0,0.5,15.0,0.49,21.0,0.54,11.25,0.55,25.5,0.01,0.04,2353.725422,1776324186000
1776324188.354,188.354,0.5,20.0,0.49,20.0,0.52,25.5,0.53,95.5,0.51,35.5,0.5,15.0,0.52,5.0,0.55,15.0,0.02,0.01,2353.728306,1776324187000
1776324188.928,188.928,0.51,15.0,0.5,15.0,0.52,33.15,0.53,95.5,0.48,2.65,0.47,95.5,0.51,20.0,0.52,48.5,0.01,0.03,2353.728306,1776324187000
1776324189.471,189.471,0.49,2.43,0.48,33.5,0.5,20.0,0.51,85.0,0.48,33.15,0.47,95.5,0.49,15.0,0.5,15.0,0.01,0.01,2353.814798,1776324188000
1776324189.781,189.781,0.49,2.43,0.48,18.0,0.5,5.39,0.51,165.5,0.5,15.39,0.49,85.0,0.51,2.43,0.52,33.5,0.01,0.01,2353.814798,1776324188000
1776324190.1,190.1,0.47,15.5,0.46,91.5,0.5,15.39,0.51,165.5,0.5,5.39,0.49,165.5,0.51,2.43,0.52,18.0,0.03,0.01,2353.814798,1776324188000
1776324190.926,190.926,0.45,79.5,0.44,54.1,0.47,22.0,0.48,90.0,0.5,15.39,0.49,165.5,0.53,15.5,0.54,91.5,0.02,0.03,2353.76633,1776324189000
1776324191.293,191.293,0.45,24.5,0.44,41.1,0.46,4.78,0.47,15.0,0.53,22.0,0.52,90.0,0.55,79.5,0.56,54.1,0.01,0.02,2353.76633,1776324190000
1776324194.225,194.225,0.45,30.86,0.44,21.5,0.46,22.0,0.47,150.0,0.53,15.0,0.52,85.0,0.55,24.5,0.56,41.1,0.01,0.02,2353.793375,1776324193000
1776324196.615,196.615,0.45,29.04,0.44,36.5,0.46,17.0,0.47,150.0,0.54,22.0,0.53,150.0,0.55,30.86,0.56,21.5,0.01,0.01,2353.84415,1776324195000
1776324199.702,199.702,0.45,24.48,0.44,26.5,0.46,22.0,0.47,150.0,0.54,17.0,0.53,150.0,0.55,29.04,0.56,36.5,0.01,0.01,2353.85415,1776324198000
1776324200.638,200.638,0.45,24.48,0.44,26.5,0.46,11.13,0.47,80.0,0.54,22.0,0.53,150.0,0.55,24.48,0.56,26.5,0.01,0.01,2353.8591,1776324199000
1776324200.988,200.988,0.45,15.38,0.44,36.5,0.46,6.13,0.47,80.0,0.54,11.13,0.53,80.0,0.55,24.48,0.56,26.5,0.01,0.01,2353.8591,1776324199000
1776324202.319,202.319,0.43,10.9,0.42,12.0,0.46,61.13,0.47,90.5,0.54,6.13,0.53,80.0,0.55,15.38,0.56,36.5,0.03,0.01,2353.789835,1776324201000
1776324202.699,202.699,0.39,8.86,0.38,10.5,0.4,160.1,0.41,94.73,0.6,162.6,0.59,94.73,0.61,10.5,0.62,10.5,0.01,0.01,2353.789835,1776324201000
1776324203.231,203.231,0.39,23.86,0.38,25.5,0.4,103.1,0.41,79.73,0.6,160.1,0.59,94.73,0.61,8.86,0.62,20.5,0.01,0.01,2353.789835,1776324201000
1776324203.829,203.829,0.39,18.94,0.38,25.5,0.41,9.73,0.44,5.0,0.6,108.1,0.59,79.73,0.61,23.94,0.62,25.5,0.02,0.01,2353.803914,1776324202000
1776324204.776,204.776,0.4,30.5,0.39,23.94,0.41,9.73,0.45,5.0,0.59,9.73,0.56,5.0,0.61,18.94,0.62,25.5,0.01,0.02,2353.72455,1776324203000
1776324205.546,205.546,0.4,5.0,0.37,5.0,0.41,158.23,0.42,25.5,0.59,9.73,0.55,5.0,0.6,30.5,0.61,23.94,0.01,0.01,2353.738042,1776324204000
1776324206.283,206.283,0.31,0.77,0.3,5.0,0.32,15.0,0.33,15.0,0.65,37.33,0.64,24.73,0.66,16.5,0.67,5.0,0.01,0.01,2353.738042,1776324204000
1776324206.483,206.483,0.25,5.0,0.24,51.42,0.31,4.87,0.32,74.5,0.7,30.5,0.69,30.5,0.75,5.0,0.76,51.42,0.06,0.05,2353.738042,1776324204000
1776324207.148,207.148,0.24,63.94,0.23,90.5,0.25,5.0,0.26,6.0,0.73,8.7,0.72,21.0,0.75,10.0,0.76,58.84,0.01,0.02,2353.712645,1776324205000
1776324207.689,207.689,0.24,109.58,0.23,90.5,0.26,6.0,0.27,5.0,0.74,11.0,0.73,5.0,0.76,55.65,0.77,90.5,0.02,0.02,2353.726279,1776324206000
1776324208.961,208.961,0.24,104.08,0.23,30.5,0.25,20.0,0.26,51.5,0.74,6.0,0.73,5.0,0.76,109.58,0.77,90.5,0.01,0.02,2353.534565,1776324207000
1776324209.497,209.497,0.24,99.29,0.23,30.5,0.25,25.0,0.26,56.5,0.75,20.0,0.74,51.5,0.76,104.08,0.77,30.5,0.01,0.01,2353.41233,1776324208000
1776324209.887,209.887,0.24,114.79,0.23,100.5,0.25,20.15,0.26,36.0,0.75,25.0,0.74,56.5,0.76,99.29,0.77,30.5,0.01,0.01,2353.41233,1776324208000
1776324210.239,210.239,0.24,32.84,0.23,100.5,0.25,20.15,0.26,31.0,0.75,20.15,0.74,36.0,0.76,114.79,0.77,100.5,0.01,0.01,2353.41233,1776324208000
1776324211.326,211.326,0.24,11.02,0.23,100.5,0.25,20.15,0.26,31.0,0.75,20.15,0.74,31.0,0.76,32.84,0.77,100.5,0.01,0.01,2353.305504,1776324209000
1776324211.607,211.607,0.24,1.02,0.23,100.5,0.25,20.15,0.26,41.5,0.75,20.15,0.74,31.0,0.76,11.02,0.77,100.5,0.01,0.01,2353.299741,1776324210000
1776324214.927,214.927,0.24,19.35,0.23,30.5,0.25,31.24,0.26,40.5,0.75,20.15,0.74,41.5,0.76,1.02,0.77,100.5,0.01,0.01,2353.308925,1776324213000
1776324215.776,215.776,0.24,28.53,0.23,30.5,0.25,11.0,0.27,25.5,0.75,31.24,0.74,40.5,0.76,19.35,0.77,30.5,0.01,0.01,2353.308856,1776324214000
1776324223.153,223.153,0.24,38.53,0.23,90.5,0.25,22.33,0.26,68.7,0.75,11.0,0.73,25.5,0.76,28.53,0.77,30.5,0.01,0.01,2353.341815,1776324222000
1776324225.935,225.935,0.24,36.53,0.23,100.5,0.25,22.33,0.26,78.7,0.75,22.33,0.74,68.7,0.76,38.53,0.77,90.5,0.01,0.01,2353.361872,1776324224000
1776324226.156,226.156,0.24,21.03,0.23,100.5,0.25,22.33,0.26,78.7,0.75,22.33,0.74,78.7,0.76,36.53,0.77,100.5,0.01,0.01,2353.361872,1776324224000
1776324231.996,231.996,0.18,17.15,0.15,105.87,0.25,156.03,0.26,164.2,0.75,22.33,0.74,78.7,0.76,21.03,0.77,100.5,0.07,0.01,2353.408053,1776324231000
1776324232.214,232.214,0.18,11.07,0.17,10.5,0.19,24.0,0.2,27.16,0.75,156.03,0.74,164.2,0.82,17.15,0.85,105.87,0.01,0.07,2353.408053,1776324231000
1776324232.515,232.515,0.18,9.85,0.17,10.5,0.19,82.0,0.2,27.16,0.81,74.0,0.8,27.16,0.82,9.85,0.83,10.5,0.01,0.01,2353.408053,1776324231000
1776324234.027,234.027,0.18,14.25,0.17,10.5,0.19,51.0,0.2,15.0,0.81,82.0,0.8,27.16,0.82,9.85,0.83,10.5,0.01,0.01,2353.321195,1776324232000
1776324235.578,235.578,0.16,16.05,0.15,80.0,0.18,24.0,0.19,44.0,0.81,51.0,0.8,15.0,0.82,14.25,0.83,10.5,0.02,0.01,2353.199392,1776324234000
1776324237.277,237.277,0.16,20.47,0.15,80.0,0.17,39.0,0.18,24.0,0.82,24.0,0.81,44.0,0.84,16.05,0.85,80.0,0.01,0.02,2353.200223,1776324235000
1776324240.138,240.138,0.16,7.64,0.15,80.0,0.17,24.0,0.18,24.0,0.83,39.0,0.82,24.0,0.84,20.47,0.85,80.0,0.01,0.01,2353.231345,1776324238000
1776324240.846,240.846,0.15,77.88,0.14,17.67,0.16,21.0,0.17,104.24,0.83,24.0,0.82,24.0,0.84,7.64,0.85,80.0,0.01,0.01,2353.233678,1776324239000
1776324241.657,241.657,0.15,73.1,0.14,10.0,0.16,19.86,0.17,104.24,0.84,26.0,0.83,104.24,0.85,73.1,0.86,17.67,0.01,0.01,2353.2216,1776324240000
1776324241.993,241.993,0.15,73.1,0.14,10.0,0.16,2.42,0.17,104.24,0.84,19.86,0.83,104.24,0.85,73.1,0.86,10.0,0.01,0.01,2353.2216,1776324240000
1776324243.244,243.244,0.15,67.1,0.14,15.0,0.16,2.42,0.17,104.24,0.84,2.42,0.83,104.24,0.85,73.1,0.86,10.0,0.01,0.01,2353.228722,1776324241000
1776324244.234,244.234,0.15,67.1,0.14,10.0,0.16,1.21,0.17,104.24,0.84,2.42,0.83,104.24,0.85,67.1,0.86,15.0,0.01,0.01,2353.222837,1776324243000
1776324245.361,245.361,0.15,23.85,0.14,10.0,0.16,7.0,0.17,104.24,0.84,1.21,0.83,104.24,0.85,67.1,0.86,10.0,0.01,0.01,2353.222845,1776324244000
1776324245.725,245.725,0.15,18.85,0.14,10.0,0.16,14.0,0.17,104.24,0.84,7.0,0.83,104.24,0.85,23.85,0.86,10.0,0.01,0.01,2353.222845,1776324244000
1776324245.942,245.942,0.15,17.67,0.14,10.0,0.16,14.0,0.17,104.24,0.84,14.0,0.83,104.24,0.85,18.85,0.86,10.0,0.01,0.01,2353.222845,1776324244000
1776324248.519,248.519,0.15,20.0,0.14,159.0,0.16,9.0,0.17,76.24,0.84,14.0,0.83,104.24,0.85,17.67,0.86,10.0,0.01,0.01,2353.233605,1776324247000
1776324248.823,248.823,0.15,14.0,0.14,159.0,0.16,9.0,0.17,76.24,0.84,9.0,0.83,76.24,0.85,20.0,0.86,159.0,0.01,0.01,2353.233605,1776324247000
1776324249.738,249.738,0.15,14.56,0.14,170.0,0.16,14.0,0.17,101.74,0.84,9.0,0.83,76.24,0.85,12.82,0.86,85.07,0.01,0.01,2353.240878,1776324248000
1776324252.873,252.873,0.15,12.2,0.14,10.0,0.16,97.8,0.17,101.74,0.84,14.0,0.83,101.74,0.85,14.56,0.86,170.0,0.01,0.01,2353.29175,1776324251000
1776324253.087,253.087,0.16,50.0,0.15,12.2,0.17,46.24,0.21,68.0,0.84,97.8,0.83,101.74,0.85,12.2,0.86,10.0,0.01,0.01,2353.288225,1776324252000
1776324253.546,253.546,0.2,9.87,0.19,10.0,0.21,26.53,0.22,31.0,0.79,34.53,0.78,10.0,0.8,20.0,0.81,20.0,0.01,0.01,2353.288225,1776324252000
1776324253.911,253.911,0.2,5.0,0.19,10.0,0.21,26.53,0.22,31.0,0.79,26.53,0.78,31.0,0.8,9.87,0.81,10.0,0.01,0.01,2353.288225,1776324252000
1776324254.419,254.419,0.2,37.25,0.19,10.0,0.21,16.53,0.22,5.0,0.79,21.53,0.78,31.0,0.84,20.84,0.85,7.2,0.01,0.05,2353.283125,1776324253000
1776324254.81,254.81,0.2,46.04,0.14,10.0,0.21,18.53,0.22,15.0,0.85,18.96,0.79,8.53,0.86,10.0,0.87,79.0,0.01,0.01,2353.283125,1776324253000
1776324255.466,255.466,0.2,35.91,0.18,10.0,0.21,120.37,0.22,15.0,0.79,11.53,0.78,15.0,0.8,46.04,0.82,10.0,0.01,0.01,2353.283125,1776324253000
1776324256.489,256.489,0.2,15.16,0.18,10.0,0.21,130.37,0.22,36.0,0.79,125.37,0.78,15.0,0.8,25.29,0.82,10.0,0.01,0.01,2353.414824,1776324255000
1776324257.517,257.517,0.2,49.9,0.19,10.0,0.21,115.37,0.25,16.33,0.79,130.37,0.78,36.0,0.8,15.16,0.82,10.0,0.01,0.01,2353.386945,1776324256000
1776324257.802,257.802,0.2,49.9,0.19,15.0,0.21,105.6,0.25,11.33,0.79,115.37,0.75,16.33,0.8,49.9,0.81,10.0,0.01,0.01,2353.386945,1776324256000
1776324258.516,258.516,0.24,4.8,0.22,7.0,0.26,111.67,0.27,10.0,0.72,7.42,0.71,10.0,0.8,49.9,0.81,15.0,0.02,0.08,2353.386945,1776324257000
1776324259.107,259.107,0.19,10.0,0.18,15.0,0.21,15.0,0.22,17.0,0.75,36.11,0.74,106.67,0.76,8.49,0.78,7.0,0.02,0.01,2353.404347,1776324258000
1776324259.504,259.504,0.18,0.31,0.17,82.0,0.19,10.0,0.2,15.0,0.79,15.0,0.78,17.0,0.81,10.0,0.82,15.0,0.01,0.02,2353.404347,1776324258000
1776324259.909,259.909,0.12,34.19,0.11,86.79,0.13,15.0,0.14,10.0,0.81,10.0,0.8,15.0,0.82,0.31,0.83,82.0,0.01,0.01,2353.43579,1776324259000
1776324260.448,260.448,0.11,33.98,0.1,60.0,0.12,15.0,0.13,5.0,0.87,5.0,0.86,15.0,0.89,44.93,0.9,60.0,0.01,0.02,2353.43579,1776324259000
1776324260.694,260.694,0.11,28.98,0.1,60.0,0.12,23.0,0.13,10.0,0.88,15.0,0.87,5.0,0.89,33.98,0.9,60.0,0.01,0.01,2353.43579,1776324259000
1776324261.155,261.155,0.11,25.6,0.1,65.0,0.12,19.8,0.13,10.0,0.88,14.8,0.87,10.0,0.89,28.98,0.9,60.0,0.01,0.01,2353.43579,1776324259000
1776324261.495,261.495,0.11,20.6,0.1,25.0,0.12,14.8,0.13,10.0,0.88,19.8,0.87,10.0,0.89,25.6,0.9,65.0,0.01,0.01,2353.464534,1776324260000
1776324262.035,262.035,0.11,10.82,0.1,25.0,0.12,14.8,0.13,10.0,0.88,14.8,0.87,10.0,0.89,20.6,0.9,25.0,0.01,0.01,2353.464534,1776324260000
1776324262.302,262.302,0.11,5.82,0.1,25.0,0.12,19.8,0.13,10.0,0.88,14.8,0.87,10.0,0.89,10.82,0.9,25.0,0.01,0.01,2353.3441,1776324261000
1776324263.477,263.477,0.1,20.6,0.09,44.0,0.12,19.8,0.13,10.0,0.88,14.8,0.87,10.0,0.89,4.13,0.9,25.0,0.02,0.01,2353.280305,1776324262000
1776324264.563,264.563,0.1,13.86,0.09,44.0,0.11,15.0,0.12,12.8,0.88,12.8,0.87,10.0,0.9,20.6,0.91,44.0,0.01,0.02,2353.26828,1776324263000
1776324264.97,264.97,0.09,20.91,0.08,64.31,0.1,23.0,0.11,10.0,0.89,15.0,0.88,12.8,0.91,22.98,0.92,64.31,0.01,0.02,2353.26828,1776324263000
1776324265.354,265.354,0.08,48.44,0.07,70.3,0.09,33.0,0.1,27.0,0.9,23.0,0.89,10.0,0.91,20.91,0.92,64.31,0.01,0.01,2353.27047,1776324264000
1776324266.158,266.158,0.08,78.1,0.07,70.3,0.09,22.0,0.1,17.0,0.91,33.0,0.9,27.0,0.92,48.44,0.93,70.3,0.01,0.01,2353.27179,1776324265000
1776324266.957,266.957,0.12,24.19,0.11,10.0,0.13,5.0,0.14,10.0,0.91,22.0,0.9,17.0,0.92,78.1,0.93,70.3,0.01,0.01,2353.27179,1776324265000
1776324267.525,267.525,0.12,16.28,0.11,15.0,0.13,95.28,0.14,39.9,0.87,5.0,0.86,10.0,0.88,24.19,0.89,10.0,0.01,0.01,2353.32835,1776324266000
1776324267.76,267.76,0.12,5.82,0.11,15.0,0.13,95.28,0.14,39.9,0.87,95.28,0.86,39.9,0.88,16.28,0.89,15.0,0.01,0.01,2353.32835,1776324266000
1776324269.24,269.24,0.1,8.91,0.09,10.0,0.13,90.28,0.14,39.9,0.87,95.28,0.86,39.9,0.88,5.82,0.89,15.0,0.03,0.01,2353.309625,1776324267000
1776324269.862,269.862,0.08,20.41,0.07,65.3,0.11,10.0,0.12,20.0,0.87,90.28,0.86,39.9,0.9,8.91,0.91,10.0,0.03,0.03,2353.3404,1776324268000
1776324270.153,270.153,0.08,9.8,0.07,65.3,0.1,10.0,0.11,15.0,0.89,10.0,0.88,20.0,0.92,20.41,0.93,65.3,0.02,0.03,2353.3404,1776324268000
1776324270.464,270.464,0.09,12.0,0.08,22.8,0.11,20.0,0.12,15.0,0.9,10.0,0.89,15.0,0.92,9.8,0.93,65.3,0.02,0.02,2353.3404,1776324268000
1776324271.853,271.853,0.08,13.71,0.07,65.3,0.1,56.86,0.11,10.0,0.89,20.0,0.88,15.0,0.91,12.0,0.92,22.8,0.02,0.02,2353.316065,1776324270000
1776324272.067,272.067,0.08,13.71,0.07,65.3,0.1,55.86,0.11,10.0,0.9,56.86,0.89,10.0,0.92,13.71,0.93,65.3,0.02,0.02,2353.316065,1776324270000
1776324272.358,272.358,0.08,13.71,0.07,10.0,0.1,69.61,0.11,10.0,0.9,55.86,0.89,10.0,0.92,13.71,0.93,65.3,0.02,0.02,2353.314285,1776324271000
1776324273.857,273.857,0.07,13.19,0.06,186.93,0.08,5.0,0.09,56.34,0.9,69.61,0.89,10.0,0.92,8.28,0.93,10.0,0.01,0.02,2353.30953,1776324272000
1776324274.349,274.349,0.07,8.19,0.06,176.93,0.1,2.36,0.11,15.0,0.92,5.0,0.91,56.34,0.93,13.19,0.94,186.93,0.03,0.01,2353.30953,1776324272000
1776324274.994,274.994,0.06,13.7,0.05,25.0,0.07,190.0,0.08,204.0,0.9,2.36,0.89,15.0,0.93,8.19,0.94,176.93,0.01,0.03,2353.359352,1776324273000
1776324275.198,275.198,0.05,9.11,0.04,25.0,0.06,143.0,0.07,98.0,0.94,23.0,0.93,168.0,0.95,19.64,0.96,25.0,0.01,0.01,2353.359352,1776324273000
1776324275.86,275.86,0.04,23.68,0.03,101.0,0.06,166.26,0.07,78.0,0.94,143.0,0.93,98.0,0.95,9.11,0.96,25.0,0.02,0.01,2353.27295,1776324274000
1776324276.363,276.363,0.04,8.68,0.03,101.0,0.05,142.31,0.06,153.26,0.95,163.31,0.94,153.26,0.96,8.68,0.97,101.0,0.01,0.01,2353.27295,1776324274000
1776324277.002,277.002,0.04,7.38,0.03,101.0,0.05,159.57,0.06,137.0,0.95,142.31,0.94,153.26,0.96,8.68,0.97,101.0,0.01,0.01,2353.28344,1776324275000
1776324277.278,277.278,0.04,0.29,0.03,101.0,0.05,140.57,0.06,137.0,0.95,154.57,0.94,137.0,0.96,5.29,0.97,101.0,0.01,0.01,2353.28344,1776324275000
1776324277.498,277.498,0.04,0.29,0.03,101.0,0.05,132.24,0.06,122.0,0.95,140.57,0.94,137.0,0.96,0.29,0.97,101.0,0.01,0.01,2353.28344,1776324275000
1776324277.918,277.918,0.03,101.0,0.02,387.0,0.05,156.24,0.06,127.0,0.95,132.24,0.94,122.0,0.96,0.29,0.97,101.0,0.02,0.01,2353.010925,1776324276000
1776324278.411,278.411,0.03,79.69,0.02,383.0,0.04,59.0,0.05,106.68,0.96,59.0,0.95,106.68,0.97,85.69,0.98,387.0,0.01,0.01,2352.994905,1776324277000
1776324278.611,278.611,0.03,78.14,0.02,371.0,0.04,43.11,0.05,96.68,0.96,43.11,0.95,96.68,0.97,78.14,0.98,371.0,0.01,0.01,2352.994905,1776324277000
1776324278.931,278.931,0.03,63.78,0.02,297.0,0.04,62.37,0.05,67.42,0.96,55.37,0.95,89.42,0.97,76.78,0.98,371.0,0.01,0.01,2352.994905,1776324277000
1776324279.238,279.238,0.03,4.78,0.02,297.0,0.04,82.37,0.05,45.11,0.96,83.37,0.95,57.42,0.97,50.78,0.98,297.0,0.01,0.01,2352.994905,1776324277000
1776324279.575,279.575,0.02,283.53,0.01,1861.85,0.03,55.0,0.04,79.62,0.96,88.37,0.95,32.11,0.98,290.61,0.99,1805.78,0.01,0.02,2352.994905,1776324277000
1776324280.071,280.071,0.02,276.7,0.01,1804.85,0.03,41.0,0.04,48.62,0.97,60.0,0.96,74.62,0.98,278.53,0.99,1834.85,0.01,0.01,2352.95923,1776324278000
1776324280.476,280.476,0.02,204.89,0.01,1778.85,0.03,36.0,0.04,43.62,0.97,36.0,0.96,43.62,0.98,225.29,0.99,1792.85,0.01,0.01,2352.95684,1776324279000
1776324280.767,280.767,0.02,199.89,0.01,1765.85,0.03,43.26,0.04,36.36,0.97,36.0,0.96,43.62,0.98,204.89,0.99,1778.85,0.01,0.01,2352.95684,1776324279000
1776324281.047,281.047,0.02,192.75,0.01,1764.85,0.03,53.57,0.04,41.56,0.97,43.26,0.96,36.36,0.98,197.86,0.99,1765.85,0.01,0.01,2352.918168,1776324280000
1776324281.264,281.264,0.02,187.69,0.01,1758.85,0.03,53.42,0.04,41.56,0.97,53.57,0.96,41.56,0.98,182.69,0.99,1758.85,0.01,0.01,2352.918168,1776324280000
1776324281.578,281.578,0.02,182.69,0.01,1758.85,0.03,53.39,0.04,41.56,0.97,53.42,0.96,41.56,0.98,187.69,0.99,1758.85,0.01,0.01,2352.918168,1776324280000
1776324281.831,281.831,0.02,181.55,0.01,1758.85,0.03,60.39,0.04,41.56,0.97,60.39,0.96,41.56,0.98,182.58,0.99,1758.85,0.01,0.01,2352.918168,1776324280000
1776324282.664,282.664,0.02,12.11,0.01,1758.85,0.03,80.39,0.04,41.56,0.97,60.39,0.96,41.56,0.98,156.55,0.99,1758.85,0.01,0.01,2352.710976,1776324281000
1776324284.76,284.76,0.01,1758.85,,,0.02,7.89,0.03,81.72,0.97,80.39,0.96,41.56,0.98,12.11,0.99,1758.85,0.01,0.01,2352.711726,1776324283000
1776324285.061,285.061,0.01,1793.85,,,0.03,35.89,0.04,25.11,0.98,7.89,0.97,81.72,0.99,1758.85,,,0.02,0.01,2352.711726,1776324283000
1776324285.275,285.275,0.01,1798.79,,,0.03,42.89,0.04,25.11,0.97,35.89,0.96,25.11,0.99,1793.85,,,0.02,0.02,2352.711726,1776324283000
1776324285.516,285.516,0.01,1788.79,,,0.03,42.89,0.04,25.11,0.97,42.89,0.96,25.11,0.99,1798.79,,,0.02,0.02,2352.711726,1776324283000
1776324285.913,285.913,0.02,34.0,0.01,1773.79,0.03,38.03,0.04,25.11,0.97,42.89,0.96,25.11,0.99,1783.79,,,0.01,0.02,2352.712856,1776324284000
1776324286.534,286.534,0.02,23.76,0.01,1673.79,0.03,53.03,0.04,25.11,0.97,48.03,0.96,25.11,0.98,33.76,0.99,1773.79,0.01,0.01,2352.714235,1776324285000
1776324287.003,287.003,0.02,23.76,0.01,1690.79,0.03,36.85,0.04,15.11,0.97,53.03,0.96,25.11,0.98,23.76,0.99,1673.79,0.01,0.01,2352.714235,1776324285000
1776324287.26,287.26,0.01,1986.31,,,0.05,28.44,0.06,50.0,0.98,11.12,0.97,24.85,0.99,1865.31,,,0.04,0.01,2352.714235,1776324285000
1776324287.494,287.494,0.04,10.0,0.03,10.0,0.08,15.0,0.1,36.23,0.95,0.44,0.92,15.0,0.96,10.0,0.97,10.0,0.04,0.01,2352.752005,1776324286000
1776324287.819,287.819,0.09,20.9,0.08,10.0,0.1,10.0,0.11,17.3,0.89,17.3,0.88,10.0,0.91,10.0,0.92,10.0,0.01,0.02,2352.752005,1776324286000
1776324288.06,288.06,0.09,8.7,0.08,10.0,0.1,10.0,0.11,79.39,0.9,10.0,0.89,9.39,0.91,9.8,0.92,10.0,0.01,0.01,2352.752005,1776324286000
1776324288.333,288.333,0.01,1530.25,,,0.1,10.0,0.11,79.39,0.9,10.0,0.89,79.39,0.91,8.7,0.92,10.0,0.09,0.01,2352.752005,1776324286000
1776324288.706,288.706,0.07,25.0,0.06,60.0,0.1,10.0,0.11,10.0,0.9,35.0,0.89,79.39,0.97,5.0,0.98,19.07,0.03,0.07,2352.83509,1776324287000
1776324289.254,289.254,0.08,7.56,0.06,50.0,0.09,10.0,0.1,10.0,0.9,10.0,0.89,10.0,0.93,25.0,0.94,60.0,0.01,0.03,2353.032973,1776324288000
1776324289.468,289.468,0.08,7.56,0.06,50.0,0.09,8.04,0.1,10.0,0.91,10.0,0.9,10.0,0.92,7.56,0.94,50.0,0.01,0.01,2353.032973,1776324288000
1776324290.207,290.207,0.08,2.45,0.03,60.0,0.09,8.04,0.1,10.0,0.91,8.04,0.9,10.0,0.92,7.56,0.94,50.0,0.01,0.01,2353.032973,1776324288000
1776324290.456,290.456,0.03,50.0,0.02,54.0,0.09,8.04,0.1,10.0,0.91,8.04,0.9,10.0,0.92,2.45,0.97,60.0,0.06,0.01,2353.381064,1776324289000
1776324292.323,292.323,0.03,34.53,0.01,1376.25,0.04,10.0,0.05,10.0,0.91,8.04,0.9,10.0,0.97,50.0,0.98,54.0,0.01,0.06,2353.386665,1776324291000
1776324292.668,292.668,0.03,24.32,0.01,1376.25,0.04,10.0,0.05,10.0,0.96,10.0,0.95,10.0,0.97,34.53,0.99,1376.25,0.01,0.01,2353.386665,1776324291000
1776324294.617,294.617,0.03,10.28,0.01,1371.25,0.04,10.0,0.05,10.0,0.96,10.0,0.95,10.0,0.97,11.32,0.99,1376.25,0.01,0.01,2353.43965,1776324293000
1776324294.818,294.818,0.03,5.12,0.01,1371.25,0.04,10.0,0.05,10.0,0.94,8.33,0.93,80.0,0.97,10.28,0.99,1371.25,0.01,0.03,2353.43965,1776324293000
1776324295.43,295.43,0.01,1371.21,,,0.04,15.0,0.05,10.0,0.96,10.0,0.95,10.0,0.97,5.12,0.99,1371.25,0.03,0.01,2353.415939,1776324294000
1776324295.813,295.813,0.07,2.84,0.06,55.0,0.09,10.0,0.1,10.0,0.96,15.0,0.95,10.0,0.99,1371.21,,,0.02,0.03,2353.415939,1776324294000
1776324296.054,296.054,0.11,25.0,0.06,55.0,0.2,9.59,0.21,10.0,0.8,9.59,0.79,10.0,0.89,25.0,0.94,55.0,0.09,0.09,2353.415939,1776324294000
1776324296.254,296.254,0.01,1821.21,,,0.05,10.0,0.06,10.0,0.93,10.0,0.92,46.13,0.94,39.89,0.95,5.0,0.04,0.01,2353.415643,1776324295000
1776324296.52,296.52,0.01,1748.15,,,0.02,4.02,0.03,10.0,0.98,4.02,0.97,10.0,0.99,1750.21,,,0.01,0.01,2353.415643,1776324295000
1776324296.852,296.852,0.01,1744.94,,,0.02,4.02,0.03,10.0,0.98,4.02,0.97,10.0,0.99,1745.96,,,0.01,0.01,2353.415643,1776324295000
1776324297.17,297.17,0.01,1736.83,,,0.02,4.02,0.03,10.0,0.98,4.02,0.97,10.0,0.99,1741.89,,,0.01,0.01,2353.415643,1776324295000
1776324297.383,297.383,0.01,1703.59,,,0.02,4.02,0.03,10.0,0.98,4.02,0.97,10.0,0.99,1713.59,,,0.01,0.01,2353.452649,1776324296000
1776324297.591,297.591,0.01,1000.8,,,0.02,4.02,0.03,10.0,0.98,4.02,0.97,10.0,0.99,1009.8,,,0.01,0.01,2353.452649,1776324296000
1776324297.805,297.805,0.01,666.32,,,0.02,9.02,0.03,10.0,0.98,9.02,0.97,10.0,0.99,673.19,,,0.01,0.01,2353.452649,1776324296000
1776324298.032,298.032,0.01,474.03,,,0.02,9.02,0.03,10.0,0.98,9.02,0.97,10.0,0.99,481.03,,,0.01,0.01,2353.452649,1776324296000
1776324298.256,298.256,0.01,392.66,,,0.02,9.02,0.03,10.0,0.98,9.02,0.97,10.0,0.99,412.66,,,0.01,0.01,2353.485456,1776324297000
1776324299.236,299.236,,,,,0.01,8544.01,0.02,19.02,0.99,4297.32,0.98,9.02,,,,,,,2353.485456,1776324297000

# RESULT,winner=Down,slug=eth-updown-5m-1776324000,ticks=312
