timestamp,elapsed_sec,up_bid_p1,up_bid_s1,up_bid_p2,up_bid_s2,up_ask_p1,up_ask_s1,up_ask_p2,up_ask_s2,down_bid_p1,down_bid_s1,down_bid_p2,down_bid_s2,down_ask_p1,down_ask_s1,down_ask_p2,down_ask_s2,up_spread,down_spread,eth_price,eth_oracle_ts
1776304800.705,0.705,0.52,172.3,0.51,43.05,0.54,70.0,0.55,70.0,0.46,70.0,0.45,70.0,0.48,192.3,0.49,43.05,0.02,0.02,2352.5625,1776304799000
1776304801.139,1.139,0.52,172.3,0.51,43.05,0.54,70.0,0.55,70.0,0.46,70.0,0.45,70.0,0.48,172.3,0.49,43.05,0.02,0.02,2352.54745,1776304800000
1776304802.485,2.485,0.51,157.55,0.5,0.6,0.52,5.0,0.53,18.0,0.46,70.0,0.45,70.0,0.49,160.74,0.5,0.6,0.01,0.03,2352.534962,1776304801000
1776304805.444,5.444,0.58,150.0,0.57,75.0,0.59,5.0,0.6,10.0,0.47,17.0,0.46,95.0,0.49,154.3,0.5,0.6,0.01,0.02,2352.5359,1776304804000
1776304806.047,6.047,0.52,1.14,0.51,154.3,0.56,10.0,0.57,15.0,0.41,5.0,0.4,10.0,0.42,150.0,0.43,75.0,0.04,0.01,2352.895624,1776304805000
1776304806.348,6.348,0.52,1.14,0.51,159.3,0.53,3.77,0.54,15.0,0.44,10.0,0.43,15.0,0.48,1.14,0.49,154.3,0.01,0.04,2352.895624,1776304805000
1776304807.722,7.722,0.52,1.14,0.51,159.3,0.53,5.71,0.54,10.0,0.47,3.77,0.46,15.0,0.48,1.14,0.49,159.3,0.01,0.01,2353.230097,1776304806000
1776304808.524,8.524,0.52,6.14,0.51,159.3,0.53,5.71,0.54,10.0,0.47,5.71,0.46,10.0,0.48,1.14,0.49,159.3,0.01,0.01,2352.85305,1776304807000
1776304809.083,9.083,0.59,90.0,0.58,155.0,0.62,0.5,0.66,50.0,0.47,5.71,0.46,10.0,0.48,6.14,0.49,159.3,0.03,0.01,2352.81785,1776304808000
1776304809.547,9.547,0.61,16.0,0.6,23.0,0.63,10.0,0.64,10.0,0.37,5.0,0.34,120.0,0.39,16.0,0.4,23.0,0.02,0.02,2352.81785,1776304808000
1776304809.889,9.889,0.58,5.0,0.57,5.0,0.62,8.17,0.63,150.0,0.37,10.0,0.36,10.0,0.39,6.1,0.4,23.0,0.04,0.02,2352.81785,1776304808000
1776304810.091,10.091,0.55,5.0,0.52,1.14,0.56,10.0,0.57,15.0,0.38,8.17,0.37,150.0,0.42,5.0,0.43,5.0,0.01,0.04,2352.81785,1776304808000
1776304810.442,10.442,0.52,6.14,0.51,229.3,0.53,10.0,0.54,10.0,0.44,10.0,0.43,15.0,0.45,5.0,0.48,1.14,0.01,0.01,2352.77285,1776304809000
1776304810.937,10.937,0.51,159.3,0.5,5.6,0.52,3.8,0.53,150.0,0.47,10.0,0.46,10.0,0.48,6.14,0.49,229.3,0.01,0.01,2352.77285,1776304809000
1776304811.227,11.227,0.51,149.5,0.5,5.6,0.53,19.72,0.54,85.0,0.48,3.8,0.47,155.0,0.49,149.5,0.5,5.6,0.02,0.01,2352.77285,1776304809000
1776304811.461,11.461,0.51,129.09,0.5,5.6,0.52,10.0,0.53,29.72,0.48,10.0,0.47,29.72,0.49,138.18,0.5,5.6,0.01,0.01,2353.068632,1776304810000
1776304812.243,12.243,0.51,131.39,0.5,5.6,0.52,10.0,0.53,29.72,0.48,10.0,0.47,29.72,0.49,129.09,0.5,5.6,0.01,0.01,2353.068632,1776304810000
1776304814.2,14.2,0.51,123.85,0.5,5.6,0.52,4.23,0.53,29.72,0.48,4.23,0.47,29.72,0.49,131.39,0.5,5.6,0.01,0.01,2352.55779,1776304812000
1776304815.555,15.555,0.51,128.85,0.5,10.6,0.52,7.4,0.53,34.72,0.48,4.23,0.47,29.72,0.49,123.85,0.5,5.6,0.01,0.01,2352.560856,1776304814000
1776304816.894,16.894,0.51,133.85,0.5,105.6,0.52,132.4,0.53,154.72,0.48,7.4,0.47,34.72,0.49,128.85,0.5,10.6,0.01,0.01,2352.515821,1776304815000
1776304817.315,17.315,0.51,103.23,0.5,110.6,0.52,2.86,0.53,29.72,0.48,41.49,0.47,154.72,0.49,103.23,0.5,105.6,0.01,0.01,2352.58454,1776304816000
1776304817.891,17.891,0.5,3.83,0.49,15.0,0.52,12.86,0.53,29.72,0.48,2.86,0.47,29.72,0.49,103.23,0.5,110.6,0.02,0.01,2352.58454,1776304816000
1776304819.843,19.843,0.47,8.51,0.44,70.0,0.51,114.0,0.52,40.0,0.48,12.86,0.47,29.72,0.5,3.83,0.51,15.0,0.04,0.02,2352.560377,1776304818000
1776304820.4,20.4,0.44,167.5,0.43,187.0,0.45,6.18,0.46,10.0,0.49,114.0,0.48,40.0,0.56,62.5,0.57,82.0,0.01,0.07,2352.560377,1776304819000
1776304820.802,20.802,0.44,158.57,0.43,200.0,0.45,6.18,0.46,10.0,0.55,6.18,0.54,10.0,0.56,167.5,0.57,187.0,0.01,0.01,2352.560377,1776304819000
1776304821.237,21.237,0.44,161.78,0.43,200.0,0.45,6.18,0.46,10.0,0.55,6.18,0.54,10.0,0.56,158.57,0.57,200.0,0.01,0.01,2352.560377,1776304819000
1776304821.848,21.848,0.44,166.78,0.43,205.0,0.45,1.06,0.46,10.0,0.55,6.18,0.54,10.0,0.56,161.78,0.57,200.0,0.01,0.01,2352.603455,1776304820000
1776304823.729,23.729,0.55,10.0,0.54,10.0,0.56,69.58,0.57,6.0,0.55,1.06,0.54,10.0,0.56,166.78,0.57,205.0,0.01,0.01,2352.390976,1776304821000
1776304824.011,24.011,0.55,15.0,0.54,10.0,0.56,99.58,0.57,31.0,0.44,69.58,0.43,6.0,0.45,10.0,0.46,10.0,0.01,0.01,2352.218444,1776304822000
1776304824.478,24.478,0.56,19.23,0.55,10.0,0.57,25.0,0.58,38.0,0.44,99.58,0.43,31.0,0.45,15.0,0.46,10.0,0.01,0.01,2352.218444,1776304822000
1776304826.916,26.916,0.56,15.0,0.55,15.0,0.57,40.24,0.58,52.0,0.43,25.0,0.42,38.0,0.44,19.23,0.45,10.0,0.01,0.01,2352.660273,1776304825000
1776304827.819,27.819,0.49,106.03,0.48,110.0,0.5,15.0,0.51,20.0,0.43,40.24,0.42,52.0,0.44,10.45,0.45,15.0,0.01,0.01,2352.76315,1776304826000
1776304829.962,29.962,0.47,23.24,0.46,115.0,0.48,5.0,0.49,85.0,0.5,15.0,0.49,20.0,0.51,99.85,0.52,110.0,0.01,0.01,2352.7947,1776304828000
1776304831.014,31.014,0.47,17.0,0.46,125.0,0.48,5.0,0.49,85.0,0.52,5.0,0.51,85.0,0.53,23.24,0.54,115.0,0.01,0.01,2352.603167,1776304829000
1776304831.755,31.755,0.47,20.11,0.46,131.0,0.48,5.0,0.49,85.0,0.52,5.0,0.51,85.0,0.53,17.0,0.54,125.0,0.01,0.01,2352.603167,1776304829000
1776304834.072,34.072,0.51,47.0,0.5,25.0,0.53,31.0,0.54,25.0,0.52,5.0,0.51,85.0,0.53,20.11,0.54,131.0,0.02,0.01,2352.37785,1776304832000
1776304836.048,36.048,0.52,45.0,0.51,25.0,0.53,58.0,0.54,25.0,0.47,31.0,0.46,25.0,0.49,47.0,0.5,25.0,0.01,0.02,2352.56275,1776304834000
1776304838.571,38.571,0.52,54.91,0.51,20.0,0.53,15.0,0.54,5.0,0.47,53.0,0.46,25.0,0.48,45.0,0.49,25.0,0.01,0.01,2352.61265,1776304837000
1776304840.992,40.992,0.52,44.91,0.51,25.0,0.53,18.11,0.54,5.0,0.47,18.11,0.45,121.0,0.48,49.91,0.49,25.0,0.01,0.01,2352.63747,1776304839000
1776304841.331,41.331,0.52,44.91,0.51,25.0,0.53,13.11,0.54,5.0,0.47,18.11,0.46,5.0,0.48,44.91,0.49,25.0,0.01,0.01,2352.63747,1776304839000
1776304843.845,43.845,0.52,214.91,0.51,141.0,0.57,24.0,0.58,54.0,0.47,13.11,0.46,5.0,0.48,44.91,0.49,25.0,0.05,0.01,2352.66732,1776304842000
1776304844.822,44.822,0.6,20.0,0.59,15.0,0.61,95.67,0.62,30.0,0.43,6.85,0.42,54.0,0.47,5.0,0.48,214.91,0.01,0.04,2352.68671,1776304843000
1776304845.552,45.552,0.61,23.5,0.6,76.0,0.64,37.0,0.65,43.0,0.39,73.72,0.38,5.0,0.4,28.33,0.41,15.0,0.03,0.01,2352.68511,1776304844000
1776304848.186,48.186,0.64,104.0,0.63,47.29,0.65,35.3,0.66,36.0,0.36,42.0,0.35,43.0,0.37,52.29,0.38,15.0,0.01,0.01,2353.24793,1776304847000
1776304848.493,48.493,0.64,153.0,0.63,52.29,0.66,3.84,0.67,78.0,0.35,35.3,0.34,36.0,0.36,104.0,0.37,47.29,0.02,0.01,2353.24793,1776304847000
1776304848.749,48.749,0.66,83.85,0.65,20.0,0.67,75.0,0.69,38.0,0.34,3.84,0.33,78.0,0.36,153.0,0.37,52.29,0.01,0.02,2353.24793,1776304847000
1776304849.603,49.603,0.68,10.0,0.67,15.0,0.7,35.0,0.71,40.0,0.33,75.0,0.31,38.0,0.34,83.85,0.35,20.0,0.02,0.01,2353.29671,1776304848000
1776304849.844,49.844,0.69,87.0,0.68,36.0,0.7,0.26,0.72,41.0,0.3,10.84,0.29,46.0,0.32,10.0,0.33,15.0,0.01,0.02,2353.29671,1776304848000
1776304850.9,50.9,0.71,119.0,0.7,10.0,0.72,15.0,0.73,109.0,0.28,25.0,0.27,110.0,0.31,119.0,0.32,36.0,0.01,0.03,2353.4384,1776304849000
1776304851.788,51.788,0.72,119.0,0.71,55.0,0.73,73.0,0.74,44.0,0.28,15.0,0.27,109.0,0.29,119.0,0.3,10.0,0.01,0.01,2353.652097,1776304850000
1776304852.156,52.156,0.72,139.0,0.71,65.0,0.73,56.75,0.74,25.0,0.27,59.75,0.26,19.0,0.28,119.0,0.29,64.0,0.01,0.01,2353.717345,1776304851000
1776304852.547,52.547,0.72,109.0,0.71,35.0,0.73,55.75,0.74,25.0,0.27,56.75,0.26,25.0,0.28,139.0,0.29,65.0,0.01,0.01,2353.717345,1776304851000
1776304853.193,53.193,0.72,109.0,0.71,37.15,0.73,49.75,0.74,25.0,0.27,55.75,0.26,25.0,0.28,109.0,0.29,35.0,0.01,0.01,2353.920685,1776304852000
1776304853.415,53.415,0.72,103.17,0.71,37.15,0.73,44.75,0.74,25.0,0.27,49.75,0.26,25.0,0.28,109.0,0.29,37.15,0.01,0.01,2353.920685,1776304852000
1776304854.599,54.599,0.72,103.17,0.71,37.15,0.73,43.38,0.74,25.0,0.27,44.75,0.26,25.0,0.28,103.17,0.29,37.15,0.01,0.01,2354.022284,1776304853000
1776304855.464,55.464,0.72,96.02,0.71,84.15,0.73,43.38,0.74,25.0,0.27,43.38,0.26,25.0,0.28,103.17,0.29,37.15,0.01,0.01,2353.98743,1776304854000
1776304860.645,60.645,0.72,107.0,0.71,50.08,0.73,39.68,0.74,26.0,0.27,43.38,0.26,25.0,0.28,96.02,0.29,84.15,0.01,0.01,2353.92449,1776304859000
1776304862.596,62.596,0.72,168.67,0.71,72.84,0.74,20.0,0.75,27.0,0.27,9.13,0.26,26.0,0.28,102.0,0.29,50.08,0.02,0.01,2353.908214,1776304861000
1776304862.928,62.928,0.73,92.0,0.72,76.67,0.74,8.07,0.75,27.0,0.26,18.21,0.25,27.0,0.27,77.0,0.28,96.67,0.01,0.01,2353.908214,1776304861000
1776304863.731,63.731,0.73,205.49,0.72,137.04,0.74,2.07,0.75,33.0,0.26,8.07,0.25,27.0,0.27,92.0,0.28,76.67,0.01,0.01,2354.06775,1776304862000
1776304864.936,64.936,0.73,257.59,0.72,221.67,0.79,53.0,0.8,25.0,0.26,2.07,0.25,33.0,0.27,205.49,0.28,137.04,0.06,0.01,2354.09603,1776304864000
1776304865.188,65.188,0.78,54.27,0.77,21.0,0.79,42.4,0.8,16.0,0.21,22.4,0.2,16.0,0.22,75.0,0.23,21.0,0.01,0.01,2354.09603,1776304864000
1776304865.541,65.541,0.78,85.63,0.77,26.0,0.79,26.4,0.8,37.0,0.21,19.4,0.2,37.0,0.22,64.27,0.23,26.0,0.01,0.01,2354.09603,1776304864000
1776304866.446,66.446,0.78,189.14,0.77,53.0,0.8,10.0,0.82,6.0,0.21,26.4,0.2,37.0,0.22,85.63,0.23,26.0,0.02,0.01,2354.09568,1776304865000
1776304866.651,66.651,0.82,10.0,0.81,10.0,0.83,21.61,0.84,98.0,0.17,35.0,0.16,98.0,0.21,113.0,0.22,153.14,0.01,0.04,2354.09568,1776304865000
1776304866.941,66.941,0.82,54.44,0.81,20.0,0.84,97.02,0.85,75.2,0.17,19.22,0.16,98.0,0.18,4.44,0.19,15.0,0.02,0.01,2354.4106,1776304866000
1776304867.377,67.377,0.83,61.17,0.82,34.44,0.84,103.02,0.85,80.2,0.16,97.02,0.15,75.2,0.18,54.44,0.19,20.0,0.01,0.02,2354.4106,1776304866000
1776304870.324,70.324,0.83,4.17,0.82,34.44,0.84,65.0,0.85,47.0,0.16,119.02,0.15,80.2,0.17,1.17,0.18,34.44,0.01,0.01,2354.59237,1776304868000
1776304871.73,71.73,0.82,27.26,0.81,192.68,0.84,58.0,0.85,46.0,0.16,65.0,0.15,47.0,0.17,4.17,0.18,34.44,0.02,0.01,2354.5767,1776304870000
1776304872.389,72.389,0.83,62.0,0.82,134.26,0.84,19.0,0.85,27.0,0.16,58.0,0.15,46.0,0.18,27.26,0.19,192.68,0.01,0.02,2354.611997,1776304871000
1776304872.743,72.743,0.82,132.7,0.81,195.68,0.85,11.0,0.86,84.9,0.15,15.42,0.14,59.9,0.17,62.0,0.18,134.26,0.03,0.02,2354.611997,1776304871000
1776304873.049,73.049,0.84,45.0,0.83,104.88,0.85,46.97,0.86,55.0,0.15,11.0,0.14,84.9,0.18,132.7,0.19,195.68,0.01,0.03,2354.611997,1776304871000
1776304873.274,73.274,0.84,50.0,0.83,104.88,0.85,39.47,0.86,50.0,0.15,44.97,0.14,50.0,0.16,50.0,0.17,104.88,0.01,0.01,2354.665468,1776304872000
1776304873.974,73.974,0.84,48.75,0.83,104.88,0.85,37.47,0.86,50.0,0.15,37.47,0.14,50.0,0.16,55.0,0.17,104.88,0.01,0.01,2354.665468,1776304872000
1776304874.931,74.931,0.85,309.25,0.84,125.0,0.86,3.0,0.87,105.0,0.15,37.47,0.14,50.0,0.16,48.75,0.17,104.88,0.01,0.01,2354.69894,1776304873000
1776304875.138,75.138,0.86,98.0,0.85,282.25,0.87,82.28,0.88,208.0,0.13,98.28,0.12,175.0,0.15,314.25,0.16,125.0,0.01,0.02,2354.69894,1776304873000
1776304875.783,75.783,0.87,217.0,0.86,171.0,0.88,93.0,0.9,39.0,0.13,82.28,0.12,208.0,0.14,98.0,0.15,282.25,0.01,0.01,2354.823536,1776304874000
1776304876.524,76.524,0.87,356.5,0.86,141.0,0.88,88.9,0.89,34.0,0.12,88.0,0.11,19.0,0.13,356.5,0.14,176.0,0.01,0.01,2354.69549,1776304875000
1776304877.173,77.173,0.87,306.81,0.86,141.0,0.88,82.9,0.89,34.0,0.12,88.9,0.11,34.0,0.13,356.5,0.14,141.0,0.01,0.01,2354.69549,1776304875000
1776304878.535,78.535,0.87,184.3,0.86,141.0,0.88,86.76,0.89,40.0,0.12,82.9,0.11,34.0,0.13,306.81,0.14,141.0,0.01,0.01,2355.284593,1776304877000
1776304879.939,79.939,0.87,242.98,0.86,219.5,0.88,76.07,0.89,24.0,0.12,86.76,0.11,40.0,0.13,184.3,0.14,141.0,0.01,0.01,2355.316044,1776304879000
1776304881.596,81.596,0.87,274.98,0.86,189.69,0.88,67.77,0.89,7.0,0.12,68.91,0.11,24.0,0.13,237.98,0.14,233.5,0.01,0.01,2355.325648,1776304880000
1776304881.894,81.894,0.87,335.97,0.86,269.58,0.88,60.53,0.92,48.0,0.12,67.77,0.11,7.0,0.13,274.98,0.14,189.69,0.01,0.01,2355.325648,1776304880000
1776304882.215,82.215,0.87,413.07,0.86,335.24,0.88,36.15,0.92,18.0,0.12,43.47,0.08,48.0,0.13,350.97,0.14,335.24,0.01,0.01,2355.357938,1776304881000
1776304882.497,82.497,0.87,434.87,0.86,365.24,0.88,28.91,0.92,18.0,0.12,36.15,0.08,18.0,0.13,413.07,0.14,335.24,0.01,0.01,2355.357938,1776304881000
1776304882.789,82.789,0.87,965.91,0.86,403.8,0.88,8.68,0.92,18.0,0.12,28.91,0.08,18.0,0.13,434.87,0.14,365.24,0.01,0.01,2355.357938,1776304881000
1776304884.249,84.249,0.87,427.77,0.86,299.58,0.88,3.68,0.92,18.0,0.12,8.68,0.08,18.0,0.13,965.91,0.14,403.8,0.01,0.01,2355.4899,1776304883000
1776304885.086,85.086,0.87,601.77,0.86,409.58,0.95,125.8,0.96,171.3,0.12,3.68,0.08,18.0,0.13,427.77,0.14,299.58,0.08,0.01,2355.4899,1776304883000
1776304885.479,85.479,0.94,143.0,0.93,129.0,0.95,100.8,0.96,171.3,0.05,125.8,0.04,171.3,0.13,601.77,0.14,409.58,0.01,0.08,2355.869115,1776304884000
1776304885.938,85.938,0.93,134.0,0.92,145.0,0.95,166.8,0.96,414.3,0.05,100.8,0.04,171.3,0.06,61.0,0.07,154.0,0.02,0.01,2355.869115,1776304884000
1776304886.27,86.27,0.94,8.25,0.93,34.0,0.95,171.8,0.96,514.3,0.05,166.8,0.04,414.3,0.07,134.0,0.08,145.0,0.01,0.02,2355.87612,1776304885000
1776304886.963,86.963,0.94,1.58,0.93,34.0,0.95,161.8,0.96,514.3,0.05,171.8,0.04,514.3,0.06,8.25,0.07,34.0,0.01,0.01,2355.87612,1776304885000
1776304889.013,89.013,0.94,47.0,0.93,50.0,0.95,9.94,0.96,414.3,0.05,161.8,0.04,514.3,0.06,1.58,0.07,34.0,0.01,0.01,2356.219262,1776304887000
1776304891.418,91.418,0.93,9.0,0.92,15.0,0.94,97.0,0.95,325.74,0.05,9.94,0.04,414.3,0.06,47.0,0.07,50.0,0.01,0.01,2356.432195,1776304889000
1776304895.38,95.38,0.93,12.92,0.92,94.78,0.94,168.0,0.95,283.74,0.06,97.0,0.05,325.74,0.07,9.0,0.08,15.0,0.01,0.01,2356.0425,1776304894000
1776304895.618,95.618,0.93,12.92,0.92,94.78,0.94,150.03,0.95,283.74,0.06,168.0,0.05,283.74,0.07,12.92,0.08,94.78,0.01,0.01,2356.0425,1776304894000
1776304897.168,97.168,0.91,10.0,0.9,15.0,0.94,337.83,0.95,292.74,0.06,150.03,0.05,283.74,0.07,12.92,0.08,94.78,0.03,0.01,2356.075654,1776304895000
1776304897.763,97.763,0.91,15.0,0.9,25.0,0.92,111.82,0.93,237.3,0.06,337.83,0.05,292.74,0.09,10.0,0.1,15.0,0.01,0.03,2356.0425,1776304896000
1776304900.512,100.512,0.91,69.24,0.9,15.0,0.92,138.0,0.93,217.3,0.08,111.82,0.07,237.3,0.09,15.0,0.1,25.0,0.01,0.01,2355.733094,1776304899000
1776304900.765,100.765,0.91,69.24,0.9,15.0,0.92,137.5,0.93,217.3,0.08,138.0,0.07,217.3,0.09,69.24,0.1,15.0,0.01,0.01,2355.733094,1776304899000
1776304901.224,101.224,0.91,69.24,0.9,15.0,0.92,138.5,0.93,217.3,0.08,137.5,0.07,217.3,0.09,69.24,0.1,15.0,0.01,0.01,2355.733094,1776304899000
1776304901.852,101.852,0.91,39.24,0.9,15.0,0.92,138.5,0.93,217.3,0.08,138.5,0.07,217.3,0.09,69.24,0.1,15.0,0.01,0.01,2355.695716,1776304900000
1776304902.561,102.561,0.91,14.24,0.9,15.0,0.92,138.5,0.93,217.3,0.08,138.5,0.07,217.3,0.09,39.24,0.1,15.0,0.01,0.01,2355.723761,1776304901000
1776304903.909,103.909,0.91,8.12,0.9,67.7,0.92,143.5,0.93,217.3,0.08,143.5,0.07,217.3,0.09,3.12,0.1,15.0,0.01,0.01,2355.521913,1776304902000
1776304905.388,105.388,0.91,8.12,0.9,67.7,0.92,144.85,0.93,217.3,0.08,143.5,0.07,217.3,0.09,8.12,0.1,67.7,0.01,0.01,2355.496895,1776304904000
1776304905.681,105.681,0.9,75.0,0.89,24.0,0.92,131.85,0.93,217.3,0.08,144.85,0.07,217.3,0.09,8.12,0.1,67.7,0.02,0.01,2355.496895,1776304904000
1776304906.202,106.202,0.91,48.99,0.9,22.3,0.92,136.85,0.93,237.3,0.08,131.85,0.07,217.3,0.1,75.0,0.11,24.0,0.01,0.02,2355.496895,1776304904000
1776304906.887,106.887,0.91,48.99,0.9,22.3,0.92,129.48,0.93,182.0,0.08,136.85,0.07,237.3,0.09,48.99,0.1,22.3,0.01,0.01,2355.503465,1776304905000
1776304907.749,107.749,0.91,153.99,0.9,122.3,0.92,24.03,0.93,82.0,0.08,129.48,0.07,182.0,0.09,48.99,0.1,22.3,0.01,0.01,2355.50827,1776304906000
1776304908.258,108.258,0.92,223.03,0.91,192.99,0.93,15.0,0.94,23.0,0.08,24.03,0.07,82.0,0.09,153.99,0.1,122.3,0.01,0.01,2355.50827,1776304906000
1776304909.157,109.157,0.93,151.5,0.92,177.0,0.94,23.0,0.95,195.8,0.06,23.0,0.05,195.8,0.08,725.31,0.09,301.1,0.01,0.02,2355.538878,1776304908000
1776304910.014,110.014,0.94,172.0,0.93,161.5,0.95,34.0,0.96,409.3,0.06,18.58,0.05,195.8,0.07,151.5,0.08,177.0,0.01,0.01,2355.538878,1776304908000
1776304911.851,111.851,0.95,145.0,0.94,260.94,0.96,97.85,0.97,767.7,0.05,34.0,0.04,409.3,0.06,172.0,0.07,161.5,0.01,0.01,2355.827205,1776304910000
1776304913.049,113.049,0.95,145.05,0.94,260.94,0.96,98.85,0.97,767.7,0.04,93.85,0.03,767.7,0.05,145.0,0.06,260.94,0.01,0.01,2356.21365,1776304911000
1776304914.189,114.189,0.95,132.05,0.94,324.74,0.96,82.85,0.97,767.7,0.04,98.85,0.03,767.7,0.05,145.05,0.06,260.94,0.01,0.01,2356.366178,1776304912000
1776304914.689,114.689,0.95,132.05,0.94,324.74,0.96,103.8,0.97,767.7,0.04,82.85,0.03,767.7,0.05,132.05,0.06,324.74,0.01,0.01,2356.397784,1776304913000
1776304915.37,115.37,0.95,156.05,0.94,307.74,0.96,95.6,0.97,643.7,0.04,103.8,0.03,767.7,0.05,132.05,0.06,324.74,0.01,0.01,2356.42787,1776304914000
1776304917.929,117.929,0.94,92.59,0.92,122.0,0.96,376.4,0.97,652.7,0.04,95.6,0.03,643.7,0.05,156.05,0.06,307.74,0.02,0.01,2356.445398,1776304916000
1776304918.885,118.885,0.94,75.92,0.93,129.0,0.95,78.0,0.96,283.4,0.04,376.4,0.03,652.7,0.06,92.59,0.08,122.0,0.01,0.02,2356.428071,1776304917000
1776304919.118,119.118,0.94,10.0,0.92,74.0,0.95,162.68,0.96,388.4,0.05,78.0,0.04,283.4,0.07,69.07,0.08,146.0,0.01,0.02,2356.428071,1776304917000
1776304922.506,122.506,0.92,447.51,0.91,204.58,0.94,10.0,0.95,10.0,0.05,57.4,0.04,388.4,0.06,10.0,0.08,74.0,0.02,0.01,2356.01317,1776304920000
1776304923.952,123.952,0.93,333.06,0.92,236.04,0.94,8.93,0.95,22.0,0.06,10.0,0.05,10.0,0.08,447.51,0.09,204.58,0.01,0.02,2355.924207,1776304922000
1776304925.176,125.176,0.93,310.22,0.92,236.04,0.94,8.61,0.95,17.0,0.06,3.61,0.05,22.0,0.07,333.06,0.08,236.04,0.01,0.01,2355.941649,1776304923000
1776304926.654,126.654,0.93,256.14,0.92,279.87,0.96,143.25,0.97,607.7,0.06,8.61,0.05,17.0,0.07,310.22,0.08,236.04,0.03,0.01,2356.138394,1776304925000
1776304927.417,127.417,0.95,12.49,0.93,243.65,0.96,167.79,0.97,607.7,0.04,143.25,0.03,607.7,0.07,256.14,0.08,279.87,0.01,0.03,2356.19123,1776304926000
1776304928.64,128.64,0.95,12.49,0.94,5.0,0.96,157.79,0.97,600.7,0.04,167.79,0.03,607.7,0.05,12.49,0.07,243.65,0.01,0.01,2356.008062,1776304927000
1776304930.802,130.802,0.94,124.74,0.93,380.64,0.96,58.79,0.97,551.7,0.04,157.79,0.03,600.7,0.05,12.49,0.06,5.0,0.02,0.01,2356.016289,1776304929000
1776304934.375,134.375,0.95,216.74,0.94,348.79,0.96,7.79,0.97,425.0,0.05,4.89,0.04,49.79,0.06,188.74,0.07,380.64,0.01,0.01,2356.307661,1776304933000
1776304936.313,136.313,0.95,10.94,0.94,5.0,0.96,188.79,0.97,589.7,0.04,7.79,0.03,425.0,0.05,216.74,0.06,348.79,0.01,0.01,2356.38745,1776304935000
1776304936.888,136.888,0.93,79.78,0.91,15.0,0.95,25.06,0.96,327.05,0.04,185.25,0.03,589.7,0.05,0.94,0.06,5.0,0.02,0.01,2356.38745,1776304935000
1776304938.559,138.559,0.93,60.78,0.9,2.3,0.94,177.8,0.95,220.86,0.05,25.06,0.04,327.05,0.07,79.78,0.09,15.0,0.01,0.02,2355.954762,1776304937000
1776304939.471,139.471,0.93,130.56,0.9,5.0,0.94,146.8,0.95,220.86,0.06,177.8,0.05,220.86,0.07,60.78,0.1,2.3,0.01,0.01,2355.692654,1776304938000
1776304943.07,143.07,0.93,130.56,0.92,5.0,0.94,114.0,0.95,90.8,0.06,146.8,0.05,220.86,0.07,130.56,0.1,5.0,0.01,0.01,2355.370694,1776304941000
1776304944.346,144.346,0.93,145.56,0.92,20.0,0.94,7.91,0.95,20.0,0.06,77.41,0.05,90.8,0.07,130.56,0.08,5.0,0.01,0.01,2355.264124,1776304942000
1776304944.684,144.684,0.93,145.56,0.92,25.0,0.95,17.35,0.96,154.05,0.06,7.91,0.05,20.0,0.07,145.56,0.08,20.0,0.02,0.01,2355.264124,1776304942000
1776304946.468,146.468,0.93,130.91,0.91,5.0,0.94,55.0,0.95,127.15,0.05,17.35,0.04,154.05,0.07,145.56,0.08,25.0,0.01,0.02,2355.58235,1776304945000
1776304946.722,146.722,0.93,116.62,0.91,5.0,0.94,60.0,0.95,122.15,0.06,55.0,0.05,127.15,0.07,130.91,0.09,5.0,0.01,0.01,2355.58235,1776304945000
1776304947.671,147.671,0.93,116.62,0.91,5.0,0.94,103.3,0.95,122.15,0.06,60.0,0.05,122.15,0.07,116.62,0.09,5.0,0.01,0.01,2355.56735,1776304946000
1776304950.891,150.891,0.93,131.62,0.92,5.0,0.94,7.23,0.95,114.15,0.06,103.3,0.05,122.15,0.07,116.62,0.09,5.0,0.01,0.01,2355.348345,1776304949000
1776304951.541,151.541,0.93,97.62,0.89,5.0,0.94,151.77,0.95,228.15,0.06,0.97,0.05,114.15,0.07,131.62,0.08,5.0,0.01,0.01,2355.41031,1776304950000
1776304951.752,151.752,0.86,180.82,0.85,82.0,0.87,44.34,0.88,70.0,0.13,29.34,0.1,10.0,0.14,58.0,0.15,47.0,0.01,0.01,2355.41031,1776304950000
1776304952.104,152.104,0.86,1.0,0.85,138.52,0.88,57.09,0.89,18.0,0.13,43.65,0.12,80.0,0.14,188.99,0.15,72.0,0.02,0.01,2355.41031,1776304950000
1776304952.321,152.321,0.86,5.83,0.85,148.52,0.87,17.7,0.88,72.09,0.13,20.0,0.12,67.09,0.14,5.83,0.15,148.52,0.01,0.01,2355.370989,1776304951000
1776304953.497,153.497,0.86,128.07,0.85,15.0,0.87,42.7,0.88,97.09,0.13,17.7,0.12,72.09,0.14,5.83,0.15,148.52,0.01,0.01,2355.370461,1776304952000
1776304954.475,154.475,0.86,128.07,0.85,99.99,0.87,25.7,0.88,97.09,0.13,42.7,0.12,97.09,0.14,128.07,0.15,15.0,0.01,0.01,2354.821608,1776304953000
1776304955.434,155.434,0.86,145.07,0.85,99.99,0.87,14.95,0.88,131.19,0.13,25.7,0.12,97.09,0.14,128.07,0.15,99.99,0.01,0.01,2354.704903,1776304954000
1776304956.282,156.282,0.87,125.33,0.86,17.83,0.88,84.1,0.89,84.79,0.13,14.95,0.12,131.19,0.14,145.07,0.15,99.99,0.01,0.01,2354.697011,1776304955000
1776304958.001,158.001,0.86,42.24,0.85,15.0,0.87,49.65,0.88,55.1,0.12,84.1,0.11,84.79,0.13,125.33,0.14,17.83,0.01,0.01,2354.684289,1776304956000
1776304958.515,158.515,0.86,62.68,0.85,20.0,0.87,48.14,0.88,49.1,0.13,49.65,0.12,55.1,0.14,42.24,0.15,15.0,0.01,0.01,2354.684289,1776304956000
1776304958.766,158.766,0.74,15.0,0.73,133.3,0.87,381.14,0.88,74.1,0.13,48.14,0.12,49.1,0.14,62.68,0.15,20.0,0.13,0.01,2354.684289,1776304956000
1776304959.008,159.008,0.73,115.12,0.72,56.67,0.74,4.0,0.75,10.0,0.26,10.0,0.25,10.0,0.27,115.12,0.28,51.67,0.01,0.01,2354.684289,1776304956000
1776304960.724,160.724,0.73,125.12,0.72,153.48,0.74,64.63,0.75,128.0,0.25,78.0,0.24,70.0,0.27,115.12,0.28,56.67,0.01,0.02,2354.542387,1776304958000
1776304960.965,160.965,0.75,5.37,0.73,488.11,0.76,10.0,0.79,25.0,0.26,64.63,0.25,128.0,0.27,125.12,0.28,153.48,0.01,0.01,2354.542387,1776304958000
1776304961.218,161.218,0.75,409.69,0.74,93.0,0.76,2.9,0.79,25.0,0.24,2.9,0.21,25.0,0.25,179.19,0.26,64.0,0.01,0.01,2354.542387,1776304958000
1776304961.437,161.437,0.75,419.69,0.74,88.0,0.83,50.5,0.84,51.8,0.24,0.9,0.2,70.0,0.25,399.69,0.26,88.0,0.08,0.01,2353.881547,1776304960000
1776304962.254,162.254,0.84,120.21,0.83,170.99,0.85,67.9,0.86,75.0,0.15,116.36,0.14,109.9,0.16,10.0,0.17,15.0,0.01,0.01,2353.881547,1776304960000
1776304963.179,163.179,0.82,36.69,0.81,15.0,0.83,122.0,0.84,68.0,0.15,67.9,0.14,75.0,0.16,120.21,0.17,170.99,0.01,0.01,2353.768745,1776304961000
1776304963.761,163.761,0.78,2.42,0.77,10.0,0.79,81.0,0.8,19.0,0.17,122.0,0.16,68.0,0.18,36.69,0.19,15.0,0.01,0.01,2353.973341,1776304962000
1776304964.156,164.156,0.78,266.0,0.77,37.0,0.8,8.0,0.81,8.0,0.21,40.67,0.2,17.0,0.22,108.99,0.23,29.0,0.02,0.01,2353.973341,1776304962000
1776304964.382,164.382,0.79,52.17,0.78,170.59,0.81,8.0,0.82,18.0,0.2,1.92,0.19,8.0,0.21,10.0,0.22,145.59,0.02,0.01,2353.973341,1776304962000
1776304965.963,165.963,0.83,5.0,0.82,20.0,0.85,68.2,0.86,69.9,0.19,8.0,0.18,18.0,0.21,52.17,0.22,170.59,0.02,0.02,2354.274297,1776304964000
1776304966.639,166.639,0.82,0.9,0.81,5.0,0.83,50.0,0.84,40.0,0.15,68.2,0.14,69.9,0.17,5.0,0.18,20.0,0.01,0.02,2354.16159,1776304965000
1776304967.963,167.963,0.82,23.08,0.81,15.0,0.83,72.78,0.84,66.8,0.17,50.0,0.16,40.0,0.18,0.9,0.19,5.0,0.01,0.01,2354.134772,1776304966000
1776304968.354,168.354,0.84,23.44,0.83,20.0,0.86,59.9,0.87,71.8,0.17,72.78,0.16,66.8,0.18,23.08,0.19,15.0,0.02,0.01,2354.134772,1776304966000
1776304968.917,168.917,0.85,5.0,0.84,23.44,0.87,71.8,0.88,79.1,0.14,59.9,0.13,71.8,0.16,23.44,0.17,20.0,0.02,0.02,2354.210807,1776304967000
1776304969.117,169.117,0.85,67.18,0.84,23.44,0.86,5.0,0.87,46.8,0.14,5.0,0.13,46.8,0.15,67.18,0.16,23.44,0.01,0.01,2354.210807,1776304967000
1776304969.939,169.939,0.85,67.18,0.84,23.44,0.87,37.02,0.88,49.1,0.14,5.0,0.13,46.8,0.15,67.18,0.16,23.44,0.02,0.01,2354.138441,1776304968000
1776304971.22,171.22,0.86,142.02,0.85,25.0,0.87,3.0,0.88,49.1,0.13,37.02,0.12,49.1,0.15,67.18,0.16,23.44,0.01,0.02,2354.312496,1776304970000
1776304972.406,172.406,0.86,147.02,0.85,25.0,0.88,3.0,0.89,41.79,0.13,3.0,0.12,49.1,0.14,142.02,0.15,25.0,0.02,0.01,2354.312496,1776304970000
1776304972.987,172.987,0.88,52.0,0.87,25.0,0.89,12.69,0.9,45.0,0.11,25.34,0.1,62.0,0.13,20.0,0.14,127.02,0.01,0.02,2354.392529,1776304971000
1776304973.454,173.454,0.88,47.0,0.87,25.0,0.89,1.26,0.9,45.0,0.11,12.69,0.1,45.0,0.12,52.0,0.13,25.0,0.01,0.01,2354.422025,1776304972000
1776304976.244,176.244,0.88,77.0,0.87,25.0,0.89,9.57,0.9,15.0,0.11,1.26,0.1,45.0,0.12,47.0,0.13,25.0,0.01,0.01,2354.587395,1776304974000
1776304977.466,177.466,0.88,77.0,0.87,25.0,0.89,1.15,0.9,15.0,0.11,9.57,0.1,15.0,0.12,77.0,0.13,25.0,0.01,0.01,2354.594855,1776304975000
1776304978.017,178.017,0.88,8.0,0.87,31.46,0.89,47.15,0.9,92.0,0.11,1.15,0.1,15.0,0.12,77.0,0.13,25.0,0.01,0.01,2354.60288,1776304976000
1776304978.296,178.296,0.87,20.46,0.83,19.0,0.88,80.0,0.89,73.0,0.11,42.15,0.1,92.0,0.13,20.46,0.17,21.17,0.01,0.02,2354.60288,1776304976000
1776304978.556,178.556,0.83,17.23,0.82,104.99,0.84,5.0,0.85,15.0,0.13,9.54,0.12,60.0,0.17,19.0,0.18,10.0,0.01,0.04,2354.60288,1776304976000
1776304979.559,179.559,0.85,127.41,0.84,113.99,0.87,5.0,0.88,5.0,0.14,15.0,0.13,22.0,0.16,10.0,0.17,15.0,0.02,0.02,2354.599198,1776304977000
1776304980.562,180.562,0.86,20.0,0.85,132.41,0.89,14.97,0.9,82.0,0.13,5.0,0.12,5.0,0.15,127.41,0.16,113.99,0.03,0.02,2354.506356,1776304979000
1776304980.984,180.984,0.89,32.0,0.88,54.0,0.91,22.45,0.92,122.9,0.11,14.97,0.1,82.0,0.14,20.0,0.15,132.41,0.02,0.03,2354.506356,1776304979000
1776304982.132,182.132,0.87,24.0,0.81,104.24,0.89,69.0,0.9,110.0,0.09,6.56,0.08,122.9,0.11,54.0,0.12,59.0,0.02,0.02,2354.424507,1776304981000
1776304982.349,182.349,0.8,10.0,0.79,10.0,0.82,5.0,0.83,10.0,0.12,10.0,0.11,59.0,0.19,83.24,0.2,10.0,0.02,0.07,2354.424507,1776304981000
1776304983.575,183.575,0.81,115.14,0.78,10.1,0.82,20.96,0.83,15.0,0.18,7.69,0.17,10.0,0.19,10.0,0.2,10.0,0.01,0.01,2354.59573,1776304982000
1776304986.069,186.069,0.86,44.0,0.85,20.0,0.88,5.0,0.89,5.0,0.18,20.96,0.17,15.0,0.19,107.56,0.22,20.1,0.02,0.01,2354.139707,1776304984000
1776304986.964,186.964,0.88,20.0,0.87,15.0,0.89,17.3,0.9,9.74,0.1,9.74,0.09,141.0,0.13,20.0,0.14,44.0,0.01,0.03,2354.098511,1776304986000
1776304987.461,187.461,0.89,15.0,0.88,43.0,0.9,1.74,0.91,174.0,0.11,17.3,0.1,9.74,0.12,20.0,0.13,15.0,0.01,0.01,2354.098511,1776304986000
1776304987.973,187.973,0.89,33.0,0.88,38.0,0.9,2.05,0.91,37.94,0.09,22.94,0.08,148.9,0.11,15.0,0.12,48.0,0.01,0.02,2354.098511,1776304986000
1776304988.225,188.225,0.89,38.0,0.88,38.0,0.9,28.73,0.91,53.99,0.1,2.05,0.09,37.94,0.11,33.0,0.12,38.0,0.01,0.01,2354.278191,1776304987000
1776304991.977,191.977,0.89,10.0,0.88,10.0,0.9,57.05,0.91,10.0,0.1,27.61,0.09,53.99,0.11,38.0,0.12,38.0,0.01,0.01,2354.380477,1776304990000
1776304992.202,192.202,0.87,15.0,0.86,10.0,0.9,113.05,0.91,74.0,0.1,57.05,0.09,10.0,0.11,10.0,0.12,10.0,0.03,0.01,2354.380477,1776304990000
1776304994.613,194.613,0.84,6.0,0.82,15.0,0.88,229.83,0.89,70.0,0.1,113.05,0.09,74.0,0.13,15.0,0.14,10.0,0.04,0.03,2354.297711,1776304993000
1776304995.211,195.211,0.83,8.14,0.82,50.88,0.84,37.62,0.85,10.0,0.15,10.0,0.14,20.0,0.18,2.44,0.19,10.0,0.01,0.03,2354.297711,1776304993000
1776304995.938,195.938,0.83,13.14,0.82,50.88,0.84,31.42,0.85,10.0,0.16,37.62,0.15,10.0,0.17,8.14,0.18,50.88,0.01,0.01,2354.27318,1776304994000
1776304998.753,198.753,0.83,13.14,0.82,55.88,0.86,17.79,0.87,66.0,0.16,31.42,0.15,10.0,0.17,13.14,0.18,50.88,0.03,0.01,2353.895173,1776304997000
1776304999.105,199.105,0.83,5.35,0.8,83.68,0.84,42.73,0.85,56.0,0.14,17.79,0.13,66.0,0.17,13.14,0.18,55.88,0.01,0.03,2353.895173,1776304997000
1776304999.327,199.327,0.82,2.0,0.81,2.42,0.83,25.0,0.84,54.0,0.17,15.0,0.16,59.0,0.19,2.42,0.2,83.68,0.01,0.02,2353.895173,1776304997000
1776305002.43,202.43,0.8,73.68,0.78,5.0,0.81,32.53,0.82,31.0,0.18,6.0,0.17,25.0,0.19,2.42,0.2,83.68,0.01,0.01,2353.799476,1776305001000
1776305002.983,202.983,0.77,17.42,0.76,15.0,0.79,20.0,0.8,25.0,0.19,23.15,0.18,31.0,0.2,55.34,0.22,5.0,0.02,0.01,2353.727862,1776305002000
1776305003.644,203.644,0.77,12.42,0.76,77.08,0.83,2.91,0.84,70.8,0.21,20.0,0.2,25.0,0.23,12.42,0.24,15.0,0.06,0.02,2353.727862,1776305002000
1776305003.984,203.984,0.81,10.0,0.8,10.0,0.82,20.0,0.83,35.0,0.17,2.91,0.16,70.8,0.23,12.42,0.24,77.08,0.01,0.06,2353.727862,1776305002000
1776305006.049,206.049,0.87,10.0,0.86,15.0,0.89,51.11,0.9,16.0,0.18,20.0,0.17,35.0,0.19,10.0,0.2,10.0,0.02,0.01,2353.599347,1776305004000
1776305007.241,207.241,0.88,15.0,0.87,20.0,0.89,44.86,0.9,74.0,0.11,51.01,0.1,33.0,0.12,15.0,0.13,20.0,0.01,0.01,2353.603476,1776305005000
1776305008.381,208.381,0.88,15.0,0.87,20.0,0.89,38.18,0.9,74.0,0.11,44.86,0.1,74.0,0.12,15.0,0.13,20.0,0.01,0.01,2353.879855,1776305007000
1776305008.947,208.947,0.88,25.0,0.87,20.0,0.94,56.96,0.95,121.74,0.11,38.18,0.1,74.0,0.12,15.0,0.13,20.0,0.06,0.01,2353.879855,1776305007000
1776305009.385,209.385,0.92,2.5,0.91,10.0,0.93,35.0,0.94,10.0,0.06,56.86,0.05,121.74,0.12,40.0,0.13,20.0,0.01,0.06,2353.879855,1776305007000
1776305009.867,209.867,0.91,3.5,0.9,15.0,0.93,35.0,0.94,10.0,0.07,35.0,0.06,10.0,0.08,2.5,0.09,10.0,0.02,0.01,2353.94295,1776305008000
1776305010.494,210.494,0.92,10.0,0.91,3.5,0.93,15.41,0.94,10.0,0.07,35.0,0.06,10.0,0.09,3.5,0.1,15.0,0.01,0.02,2353.94295,1776305008000
1776305013.412,213.412,0.92,15.0,0.91,3.5,0.94,60.11,0.95,102.74,0.07,15.41,0.06,10.0,0.08,10.0,0.09,3.5,0.02,0.01,2354.28982,1776305012000
1776305013.937,213.937,0.82,10.0,0.81,70.0,0.87,10.0,0.9,10.0,0.06,60.11,0.05,102.74,0.08,15.0,0.09,3.5,0.05,0.02,2354.28982,1776305012000
1776305015.198,215.198,0.83,15.0,0.82,10.0,0.85,12.88,0.86,60.0,0.14,50.0,0.13,18.0,0.18,12.02,0.22,20.0,0.02,0.04,2354.26575,1776305014000
1776305016.674,216.674,0.9,47.0,0.86,10.0,0.91,80.0,0.95,5.94,0.15,12.88,0.14,60.0,0.17,15.0,0.18,10.0,0.01,0.02,2354.025795,1776305015000
1776305017.264,217.264,0.95,30.0,0.94,10.0,0.96,120.46,0.97,424.7,0.04,85.46,0.03,424.7,0.1,72.55,0.12,10.0,0.01,0.06,2353.830531,1776305016000
1776305017.662,217.662,0.95,17.42,0.94,10.0,0.96,160.46,0.97,434.7,0.04,120.46,0.03,424.7,0.05,30.0,0.06,10.0,0.01,0.01,2353.830531,1776305016000
1776305018.099,218.099,0.95,9.41,0.9,10.0,0.96,145.46,0.97,531.36,0.04,160.46,0.03,434.7,0.05,17.32,0.06,10.0,0.01,0.01,2353.866023,1776305017000
1776305018.978,218.978,0.9,10.0,0.89,10.0,0.91,32.0,0.92,5.0,0.09,40.0,0.08,25.0,0.1,7.0,0.11,10.0,0.01,0.01,2353.866023,1776305017000
1776305019.492,219.492,0.91,21.19,0.9,21.0,0.92,5.0,0.93,519.0,0.09,32.0,0.08,5.0,0.11,10.0,0.12,10.0,0.01,0.02,2354.652675,1776305018000
1776305019.772,219.772,0.91,33.19,0.9,21.0,0.92,30.0,0.93,379.0,0.08,5.0,0.07,519.0,0.09,21.19,0.1,21.0,0.01,0.01,2354.652675,1776305018000
1776305019.995,219.995,0.91,39.19,0.9,21.0,0.95,136.8,0.96,231.57,0.08,30.0,0.07,379.0,0.09,33.19,0.1,21.0,0.04,0.01,2354.652675,1776305018000
1776305020.522,220.522,0.94,15.0,0.93,12.14,0.95,124.74,0.96,231.57,0.05,138.8,0.04,231.57,0.07,17.14,0.08,16.0,0.01,0.02,2354.330985,1776305019000
1776305023.457,223.457,0.94,10.0,0.93,15.0,0.95,164.9,0.96,75.46,0.05,124.74,0.04,231.57,0.06,15.0,0.07,12.14,0.01,0.01,2354.528542,1776305021000
1776305029.221,229.221,0.93,20.0,0.92,10.0,0.94,79.68,0.95,479.0,0.05,164.9,0.04,75.46,0.08,1.12,0.09,31.0,0.01,0.03,2354.784217,1776305028000
1776305030.07,230.07,0.93,19.83,0.92,22.69,0.94,32.0,0.95,110.0,0.06,79.68,0.05,479.0,0.07,20.0,0.08,10.0,0.01,0.01,2354.784217,1776305028000
1776305030.416,230.416,0.93,39.88,0.92,15.0,0.94,4.18,0.95,100.0,0.06,32.0,0.05,110.0,0.07,19.83,0.08,22.69,0.01,0.01,2354.643494,1776305029000
1776305030.741,230.741,0.93,39.88,0.92,15.0,0.95,88.34,0.96,103.8,0.06,4.18,0.05,100.0,0.07,39.88,0.08,15.0,0.02,0.01,2354.643494,1776305029000
1776305034.028,234.028,0.91,64.97,0.9,64.0,0.95,88.34,0.96,10.0,0.05,88.34,0.04,103.8,0.07,39.88,0.08,15.0,0.04,0.02,2354.7554,1776305033000
1776305034.625,234.625,0.94,264.3,0.93,113.95,0.95,78.74,0.96,10.0,0.05,88.34,0.04,10.0,0.09,64.97,0.1,64.0,0.01,0.04,2354.7554,1776305033000
1776305035.218,235.218,0.96,68.81,0.95,15.0,0.97,311.0,0.98,315.0,0.03,311.0,0.02,498.7,0.06,264.3,0.07,113.95,0.01,0.03,2354.671198,1776305034000
1776305035.641,235.641,0.96,36.81,0.95,15.0,0.97,311.0,0.98,315.0,0.03,311.0,0.02,315.0,0.04,68.81,0.05,15.0,0.01,0.01,2354.671198,1776305034000
1776305038.197,238.197,0.96,176.7,0.95,125.8,0.97,92.78,0.98,322.0,0.03,311.0,0.02,315.0,0.04,36.81,0.05,15.0,0.01,0.01,2355.063749,1776305036000
1776305041.559,241.559,0.96,216.6,0.95,130.8,0.97,82.78,0.98,315.0,0.03,92.78,0.02,322.0,0.04,176.7,0.05,125.8,0.01,0.01,2355.507229,1776305040000
1776305041.766,241.766,0.96,226.6,0.95,130.8,0.97,73.59,0.98,315.0,0.03,82.78,0.02,315.0,0.04,216.6,0.05,130.8,0.01,0.01,2355.507229,1776305040000
1776305041.983,241.983,0.96,216.77,0.95,100.8,0.97,63.59,0.98,315.0,0.03,63.59,0.02,315.0,0.04,221.6,0.05,130.8,0.01,0.01,2355.507229,1776305040000
1776305042.23,242.23,0.96,110.7,0.95,125.8,0.97,43.65,0.98,315.0,0.03,56.52,0.02,315.0,0.04,156.77,0.05,100.8,0.01,0.01,2355.507229,1776305040000
1776305043.496,243.496,0.96,107.7,0.95,95.8,0.97,25.45,0.98,315.0,0.03,32.8,0.02,315.0,0.04,107.7,0.05,95.8,0.01,0.01,2355.529621,1776305042000
1776305043.97,243.97,0.96,82.7,0.95,275.1,0.98,519.77,0.99,1220.35,0.02,519.77,0.01,1220.35,0.04,82.7,0.05,120.8,0.02,0.02,2355.529621,1776305042000
1776305044.204,244.204,0.96,97.7,0.95,280.1,0.98,514.71,0.99,1220.35,0.02,519.77,0.01,1220.35,0.04,82.7,0.05,275.1,0.02,0.02,2355.437306,1776305043000
1776305044.753,244.753,0.96,25.0,0.95,20.0,0.97,122.0,0.98,598.71,0.02,514.71,0.01,1220.35,0.04,97.7,0.05,280.1,0.01,0.02,2355.437306,1776305043000
1776305045.636,245.636,0.95,15.0,0.94,20.0,0.96,34.92,0.97,10.0,0.03,122.0,0.02,782.41,0.05,15.0,0.06,44.0,0.01,0.02,2355.284979,1776305044000
1776305046.158,246.158,0.94,286.8,0.93,75.3,0.95,7.87,0.96,84.92,0.05,11.0,0.04,39.92,0.06,251.8,0.07,75.3,0.01,0.01,2355.245504,1776305045000
1776305046.574,246.574,0.95,169.62,0.94,219.91,0.96,68.77,0.97,10.0,0.04,71.87,0.03,10.0,0.06,291.8,0.07,75.3,0.01,0.02,2355.245504,1776305045000
1776305048.055,248.055,0.95,184.62,0.94,224.91,0.96,63.77,0.97,10.0,0.04,68.77,0.03,10.0,0.05,169.62,0.06,219.91,0.01,0.01,2355.02204,1776305046000
1776305050.388,250.388,0.95,260.62,0.94,148.37,0.96,61.7,0.97,10.0,0.04,63.77,0.03,10.0,0.05,184.62,0.06,224.91,0.01,0.01,2354.918006,1776305049000
1776305051.783,251.783,0.95,358.62,0.94,152.22,0.96,50.0,0.97,10.0,0.04,61.7,0.03,10.0,0.05,260.62,0.06,148.37,0.01,0.01,2354.942778,1776305050000
1776305052.123,252.123,0.95,434.42,0.94,226.81,0.96,19.32,0.97,10.0,0.04,34.79,0.03,10.0,0.05,363.62,0.06,198.22,0.01,0.01,2354.942778,1776305050000
1776305052.63,252.63,0.95,383.42,0.94,152.22,0.97,10.0,0.98,303.71,0.04,19.32,0.03,10.0,0.05,434.42,0.06,226.81,0.02,0.01,2354.967498,1776305051000
1776305052.831,252.831,0.96,403.02,0.95,183.8,0.98,288.4,0.99,1811.92,0.02,303.71,0.01,1705.92,0.05,378.42,0.06,152.22,0.02,0.03,2354.967498,1776305051000
1776305053.166,253.166,0.97,86.62,0.96,337.1,0.98,288.4,0.99,1911.92,0.02,288.4,0.01,1811.92,0.04,403.02,0.05,183.8,0.01,0.02,2354.967498,1776305051000
1776305053.408,253.408,0.97,37.0,0.96,246.7,0.98,278.19,0.99,1693.92,0.02,288.4,0.01,1911.92,0.03,86.62,0.04,337.1,0.01,0.01,2354.981164,1776305052000
1776305054.968,254.968,0.97,185.7,0.96,199.7,0.98,124.05,0.99,1693.92,0.02,278.19,0.01,1693.92,0.03,37.0,0.04,246.7,0.01,0.01,2355.240005,1776305053000
1776305055.694,255.694,0.97,195.7,0.96,199.7,0.98,58.99,0.99,1693.92,0.02,64.05,0.01,1693.92,0.03,185.7,0.04,199.7,0.01,0.01,2355.290979,1776305054000
1776305056.395,256.395,0.97,153.7,0.96,188.7,0.98,48.99,0.99,1693.92,0.02,58.99,0.01,1693.92,0.03,195.7,0.04,199.7,0.01,0.01,2355.290979,1776305054000
1776305056.911,256.911,0.97,148.7,0.96,188.7,0.99,1610.4,,,0.02,17.67,0.01,1693.92,0.03,153.7,0.04,188.7,0.02,0.01,2355.330941,1776305055000
1776305057.118,257.118,0.98,315.62,0.97,128.7,0.99,1445.4,,,0.01,1610.4,,,0.03,148.7,0.04,188.7,0.01,0.02,2355.330941,1776305055000
1776305057.45,257.45,0.98,315.62,0.97,128.7,0.99,1442.4,,,0.01,1445.4,,,0.02,315.62,0.03,128.7,0.01,0.01,2355.468275,1776305056000
1776305058.089,258.089,0.98,132.95,0.97,128.7,0.99,1435.37,,,0.01,1435.37,,,0.02,315.62,0.03,128.7,0.01,0.01,2355.468275,1776305056000
1776305058.923,258.923,0.98,137.95,0.97,123.7,0.99,1434.35,,,0.01,1435.37,,,0.02,132.95,0.03,128.7,0.01,0.01,2355.58275,1776305057000
1776305059.673,259.673,0.98,137.95,0.97,123.7,0.99,1333.34,,,0.01,1434.35,,,0.02,137.95,0.03,123.7,0.01,0.01,2355.67541,1776305058000
1776305060.06,260.06,0.98,147.95,0.97,123.7,0.99,1301.71,,,0.01,1304.31,,,0.02,137.95,0.03,123.7,0.01,0.01,2355.67541,1776305058000
1776305060.328,260.328,0.98,331.65,0.97,123.7,0.99,935.09,,,0.01,937.09,,,0.02,147.95,0.03,123.7,0.01,0.01,2355.67541,1776305058000
1776305060.778,260.778,0.98,734.7,0.97,128.85,0.99,884.09,,,0.01,935.09,,,0.02,331.65,0.03,123.7,0.01,0.01,2355.745865,1776305059000
1776305061.039,261.039,0.98,734.7,0.97,128.85,0.99,867.47,,,0.01,884.09,,,0.02,734.7,0.03,128.85,0.01,0.01,2355.745865,1776305059000
1776305061.263,261.263,0.98,734.7,0.97,128.85,0.99,827.97,,,0.01,839.18,,,0.02,734.7,0.03,128.85,0.01,0.01,2355.745865,1776305059000
1776305061.69,261.69,0.98,729.7,0.97,128.85,0.99,1376.94,,,0.01,827.97,,,0.02,734.7,0.03,128.85,0.01,0.01,2355.74624,1776305060000
1776305061.908,261.908,0.98,734.7,0.97,128.85,0.99,1368.92,,,0.01,1370.92,,,0.02,729.7,0.03,128.85,0.01,0.01,2355.74624,1776305060000
1776305062.589,262.589,0.98,744.89,0.97,128.85,0.99,820.92,,,0.01,1368.92,,,0.02,734.7,0.03,128.85,0.01,0.01,2355.759935,1776305061000
1776305062.992,262.992,0.98,739.89,0.97,128.85,0.99,810.92,,,0.01,820.92,,,0.02,744.89,0.03,128.85,0.01,0.01,2355.759935,1776305061000
1776305063.285,263.285,0.99,189.08,0.98,739.89,,,,,0.01,810.92,,,0.02,739.89,0.03,128.85,,0.01,2355.74995,1776305062000
1776305064.216,264.216,0.99,367.95,0.98,734.89,,,,,,,,,0.01,187.08,0.02,734.89,,,2355.74995,1776305062000
1776305064.89,264.89,0.99,421.51,0.98,734.89,,,,,,,,,0.01,367.95,0.02,734.89,,,2355.742085,1776305063000
1776305065.319,265.319,0.99,267.68,0.98,734.89,,,,,,,,,0.01,421.51,0.02,734.89,,,2355.742635,1776305064000
1776305067.226,267.226,0.99,712.68,0.98,744.89,,,,,,,,,0.01,267.68,0.02,734.89,,,2355.773435,1776305065000
1776305074.194,274.194,0.99,299.05,0.98,824.89,,,,,,,,,0.01,712.68,0.02,744.89,,,2355.676475,1776305073000
1776305079.766,279.766,0.99,276.43,0.98,541.19,,,,,,,,,0.01,299.05,0.02,824.89,,,2355.380017,1776305078000
1776305100.6,300.6,0.99,52525.44,0.98,131.0,,,,,,,,,0.01,276.43,0.02,541.19,,,2355.92185,1776305099000

# RESULT,winner=Up,slug=eth-updown-5m-1776304800,ticks=273
