timestamp,elapsed_sec,up_bid_p1,up_bid_s1,up_bid_p2,up_bid_s2,up_ask_p1,up_ask_s1,up_ask_p2,up_ask_s2,down_bid_p1,down_bid_s1,down_bid_p2,down_bid_s2,down_ask_p1,down_ask_s1,down_ask_p2,down_ask_s2,up_spread,down_spread,eth_price,eth_oracle_ts
1776185111.431,11.431,0.48,32.0,0.47,101.0,0.49,15.0,0.5,25.0,0.51,5.0,0.5,20.0,0.52,54.0,0.53,101.0,0.01,0.01,2352.135479,1776185110000
1776185111.948,11.948,0.49,54.0,0.48,47.0,0.5,25.0,0.51,35.48,0.51,5.0,0.5,20.0,0.52,54.0,0.53,101.0,0.01,0.01,2352.135479,1776185110000
1776185113.507,13.507,0.49,40.0,0.48,47.0,0.5,69.0,0.51,85.48,0.5,69.0,0.49,85.48,0.51,40.0,0.52,47.0,0.01,0.01,2351.80272,1776185112000
1776185113.868,13.868,0.46,7.92,0.45,5.0,0.49,120.0,0.5,260.0,0.5,69.0,0.49,85.48,0.51,40.0,0.52,47.0,0.03,0.01,2351.80272,1776185112000
1776185114.094,14.094,0.42,23.93,0.41,41.0,0.44,20.0,0.45,20.0,0.56,15.0,0.55,10.0,0.57,1.0,0.58,31.0,0.02,0.01,2351.80272,1776185112000
1776185114.504,14.504,0.41,6.0,0.4,12.0,0.42,10.0,0.43,43.93,0.56,20.0,0.55,20.0,0.58,23.93,0.59,41.0,0.01,0.02,2351.80198,1776185113000
1776185114.734,14.734,0.4,7.0,0.39,26.0,0.41,10.12,0.42,20.0,0.59,15.0,0.58,20.0,0.6,7.0,0.61,26.0,0.01,0.01,2351.80198,1776185113000
1776185115.015,15.015,0.39,26.0,0.38,31.0,0.41,25.0,0.42,25.0,0.59,10.12,0.58,20.0,0.6,7.0,0.61,26.0,0.02,0.01,2351.80198,1776185113000
1776185115.334,15.334,0.38,33.0,0.37,35.0,0.39,10.0,0.4,10.0,0.59,25.0,0.58,25.0,0.62,18.0,0.64,80.0,0.01,0.03,2351.768343,1776185114000
1776185116.001,16.001,0.38,88.5,0.37,102.0,0.39,10.0,0.4,15.0,0.61,10.0,0.6,10.0,0.62,33.0,0.63,35.0,0.01,0.01,2351.768343,1776185114000
1776185116.282,16.282,0.39,116.04,0.38,117.0,0.4,5.0,0.41,5.0,0.6,10.0,0.59,5.0,0.61,69.91,0.62,149.0,0.01,0.01,2351.768343,1776185114000
1776185116.828,16.828,0.39,116.04,0.38,117.0,0.4,5.0,0.41,5.0,0.6,5.0,0.59,5.0,0.61,116.04,0.62,117.0,0.01,0.01,2351.064045,1776185115000
1776185117.095,17.095,0.39,153.45,0.38,187.0,0.4,5.0,0.42,15.0,0.6,5.0,0.59,5.0,0.61,116.04,0.62,117.0,0.01,0.01,2351.064045,1776185115000
1776185117.345,17.345,0.39,153.45,0.38,187.0,0.4,5.0,0.42,15.0,0.6,5.0,0.58,15.0,0.61,153.45,0.62,187.0,0.01,0.01,2350.79514,1776185116000
1776185117.774,17.774,0.43,59.68,0.42,35.0,0.44,37.0,0.45,65.0,0.58,10.0,0.56,37.0,0.61,145.45,0.62,177.0,0.01,0.03,2350.79514,1776185116000
1776185118.028,18.028,0.43,121.68,0.42,35.0,0.45,50.0,0.47,6.71,0.55,50.0,0.53,6.71,0.57,121.68,0.58,35.0,0.02,0.02,2350.775665,1776185117000
1776185119.129,19.129,0.44,48.99,0.43,109.0,0.45,20.0,0.46,15.0,0.55,60.0,0.53,6.71,0.56,111.07,0.57,44.0,0.01,0.01,2350.775665,1776185117000
1776185120.168,20.168,0.41,26.23,0.4,115.0,0.44,90.0,0.45,141.0,0.55,20.0,0.54,15.0,0.56,48.99,0.57,109.0,0.03,0.01,2351.03298,1776185118000
1776185120.446,20.446,0.41,74.23,0.4,144.0,0.42,35.0,0.43,25.0,0.56,90.0,0.55,141.0,0.59,26.23,0.6,115.0,0.01,0.03,2351.39996,1776185119000
1776185120.933,20.933,0.41,74.23,0.4,144.0,0.42,35.0,0.43,25.0,0.58,35.0,0.57,25.0,0.59,74.23,0.6,144.0,0.01,0.01,2351.37,1776185120000
1776185122.021,22.021,0.41,74.23,0.4,144.0,0.42,35.0,0.43,25.0,0.58,35.0,0.57,25.0,0.59,74.23,0.6,144.0,0.01,0.01,2351.133549,1776185121000
1776185122.333,22.333,0.39,103.0,0.38,268.0,0.4,14.87,0.41,80.0,0.6,105.0,0.59,140.0,0.61,38.0,0.62,346.0,0.01,0.01,2351.133549,1776185121000
1776185122.779,22.779,0.39,98.17,0.38,258.0,0.4,4.74,0.41,80.0,0.6,9.87,0.59,80.0,0.61,98.17,0.62,268.0,0.01,0.01,2351.133549,1776185121000
1776185123.098,23.098,0.39,98.17,0.38,258.0,0.4,4.74,0.41,80.0,0.6,4.74,0.59,80.0,0.61,98.17,0.62,258.0,0.01,0.01,2351.073534,1776185122000
1776185123.349,23.349,0.38,227.0,0.37,160.0,0.41,84.62,0.42,95.0,0.59,79.62,0.58,85.0,0.61,98.17,0.62,258.0,0.03,0.02,2351.073534,1776185122000
1776185124.128,24.128,0.38,273.0,0.37,198.0,0.39,2.17,0.4,65.0,0.59,84.62,0.58,95.0,0.62,227.0,0.63,160.0,0.01,0.03,2351.073534,1776185122000
1776185124.564,24.564,0.38,206.93,0.37,191.0,0.39,17.17,0.4,65.0,0.61,2.17,0.6,65.0,0.62,273.0,0.63,198.0,0.01,0.01,2350.934607,1776185123000
1776185125.8,25.8,0.38,206.93,0.37,191.0,0.39,17.17,0.4,65.0,0.61,17.17,0.6,65.0,0.62,206.93,0.63,191.0,0.01,0.01,2350.859207,1776185124000
1776185126.368,26.368,0.38,206.93,0.37,191.0,0.39,17.17,0.4,65.0,0.61,17.17,0.6,65.0,0.62,206.93,0.63,191.0,0.01,0.01,2350.858516,1776185125000
1776185127.419,27.419,0.38,206.93,0.37,191.0,0.39,17.17,0.4,65.0,0.61,17.17,0.6,65.0,0.62,206.93,0.63,191.0,0.01,0.01,2350.854965,1776185126000
1776185127.906,27.906,0.38,206.93,0.37,191.0,0.39,17.17,0.4,65.0,0.61,17.17,0.6,65.0,0.62,206.93,0.63,191.0,0.01,0.01,2350.821683,1776185127000
1776185129.082,29.082,0.38,206.93,0.37,191.0,0.39,17.17,0.4,65.0,0.61,17.17,0.6,65.0,0.62,206.93,0.63,191.0,0.01,0.01,2350.690505,1776185128000
1776185129.706,29.706,0.33,70.0,0.32,75.0,0.35,10.0,0.36,264.99,0.61,17.17,0.6,65.0,0.62,206.93,0.63,191.0,0.02,0.01,2350.690505,1776185128000
1776185130.004,30.004,0.33,70.0,0.32,75.0,0.35,10.0,0.36,264.99,0.65,10.0,0.64,264.99,0.67,70.0,0.68,75.0,0.02,0.02,2350.702885,1776185129000
1776185130.849,30.849,0.32,55.0,0.31,62.0,0.33,98.41,0.34,80.0,0.65,10.0,0.64,264.99,0.67,70.0,0.68,75.0,0.01,0.02,2350.702885,1776185129000
1776185131.556,31.556,0.31,3.4,0.3,112.0,0.32,70.0,0.33,78.41,0.67,98.41,0.66,80.0,0.68,55.0,0.69,62.0,0.01,0.01,2350.441296,1776185130000
1776185131.842,31.842,0.31,3.4,0.3,112.0,0.32,70.0,0.33,78.41,0.68,70.0,0.67,78.41,0.69,3.4,0.7,112.0,0.01,0.01,2350.162988,1776185131000
1776185133.095,33.095,0.3,12.0,0.29,29.0,0.32,112.0,0.33,70.0,0.68,112.0,0.67,80.0,0.69,3.4,0.7,87.0,0.02,0.01,2350.162988,1776185131000
1776185133.4,33.4,0.29,15.05,0.28,183.0,0.3,45.0,0.31,20.0,0.7,45.0,0.69,20.0,0.71,15.05,0.72,183.0,0.01,0.01,2350.11656,1776185132000
1776185133.7,33.7,0.26,7.71,0.24,53.0,0.28,10.0,0.29,130.0,0.7,110.0,0.69,20.0,0.72,158.1,0.73,101.0,0.02,0.02,2350.11656,1776185132000
1776185133.933,33.933,0.23,62.62,0.22,75.0,0.27,10.0,0.28,15.0,0.73,10.0,0.72,15.0,0.77,62.62,0.78,75.0,0.04,0.04,2350.150329,1776185133000
1776185134.311,34.311,0.23,261.62,0.22,221.0,0.24,10.36,0.25,110.0,0.76,5.36,0.74,160.0,0.77,68.62,0.78,121.0,0.01,0.01,2350.150329,1776185133000
1776185134.666,34.666,0.23,262.62,0.22,221.0,0.25,25.77,0.26,10.0,0.75,85.76,0.74,110.0,0.77,277.62,0.78,221.0,0.02,0.02,2350.150329,1776185133000
1776185135.031,35.031,0.24,148.09,0.23,158.62,0.25,55.97,0.26,65.0,0.75,4.97,0.74,15.0,0.77,252.62,0.78,221.0,0.01,0.02,2350.150329,1776185133000
1776185135.517,35.517,0.24,258.09,0.23,163.62,0.25,39.97,0.26,10.0,0.75,55.97,0.74,65.0,0.76,148.09,0.77,158.62,0.01,0.01,2350.023503,1776185134000
1776185136.047,36.047,0.24,258.09,0.23,163.62,0.25,39.97,0.26,10.0,0.75,39.97,0.74,10.0,0.76,258.09,0.77,163.62,0.01,0.01,2349.55801,1776185135000
1776185136.314,36.314,0.24,145.64,0.23,173.62,0.25,80.97,0.26,65.0,0.75,19.97,0.74,60.0,0.76,256.51,0.77,163.62,0.01,0.01,2349.55801,1776185135000
1776185137.107,37.107,0.24,145.64,0.23,173.62,0.25,80.97,0.26,65.0,0.75,80.97,0.74,65.0,0.76,145.64,0.77,173.62,0.01,0.01,2349.561491,1776185136000
1776185137.628,37.628,0.24,119.64,0.23,163.62,0.25,44.97,0.26,15.0,0.75,80.97,0.74,65.0,0.76,145.64,0.77,173.62,0.01,0.01,2349.561491,1776185136000
1776185138.176,38.176,0.24,124.64,0.23,179.62,0.25,36.97,0.26,15.0,0.75,44.97,0.74,15.0,0.76,119.64,0.77,163.62,0.01,0.01,2349.561491,1776185136000
1776185139.38,39.38,0.24,31.0,0.23,59.0,0.25,121.97,0.26,70.0,0.75,36.97,0.74,15.0,0.76,124.64,0.77,179.62,0.01,0.01,2349.683946,1776185137000
1776185139.974,39.974,0.24,1.22,0.23,59.0,0.25,106.97,0.26,70.0,0.75,106.97,0.74,70.0,0.76,1.22,0.77,59.0,0.01,0.01,2349.654415,1776185139000
1776185140.557,40.557,0.23,20.0,0.22,85.0,0.24,101.83,0.25,86.97,0.75,106.97,0.74,70.0,0.76,1.22,0.77,59.0,0.01,0.01,2349.654415,1776185139000
1776185141.026,41.026,0.23,20.0,0.22,85.0,0.24,101.83,0.25,86.97,0.76,101.83,0.75,86.97,0.77,20.0,0.78,85.0,0.01,0.01,2349.65603,1776185140000
1776185141.759,41.759,0.21,241.0,0.2,334.0,0.22,8.18,0.23,15.0,0.76,101.83,0.75,86.97,0.77,20.0,0.78,85.0,0.01,0.01,2349.65603,1776185140000
1776185142.17,42.17,0.21,241.0,0.2,334.0,0.22,8.18,0.23,15.0,0.78,8.18,0.77,15.0,0.79,241.0,0.8,334.0,0.01,0.01,2349.41013,1776185141000
1776185142.382,42.382,0.21,194.0,0.2,334.0,0.22,40.0,0.23,15.0,0.77,15.0,0.76,115.83,0.79,241.0,0.8,334.0,0.01,0.02,2349.41013,1776185141000
1776185143.066,43.066,0.21,204.73,0.2,340.0,0.22,95.0,0.23,65.0,0.78,40.0,0.77,15.0,0.79,194.0,0.8,334.0,0.01,0.01,2349.41013,1776185141000
1776185144.371,44.371,0.21,204.73,0.2,340.0,0.22,95.0,0.23,65.0,0.78,95.0,0.77,65.0,0.79,204.73,0.8,340.0,0.01,0.01,2349.29042,1776185143000
1776185144.633,44.633,0.21,569.43,0.2,376.5,0.23,6.0,0.24,25.0,0.78,95.0,0.77,65.0,0.79,204.73,0.8,340.0,0.02,0.01,2349.29042,1776185143000
1776185144.864,44.864,0.21,564.43,0.2,376.5,0.24,22.0,0.25,10.0,0.76,22.0,0.75,10.0,0.79,564.43,0.8,376.5,0.03,0.03,2349.288663,1776185144000
1776185145.397,45.397,0.26,296.93,0.25,292.0,0.27,25.0,0.28,30.0,0.73,25.0,0.72,20.0,0.75,8.0,0.77,264.0,0.01,0.02,2349.288663,1776185144000
1776185145.719,45.719,0.26,317.43,0.25,292.0,0.27,10.0,0.28,30.0,0.72,30.0,0.71,10.0,0.74,253.91,0.75,292.0,0.01,0.02,2349.288663,1776185144000
1776185146.022,46.022,0.26,315.43,0.25,292.0,0.28,30.0,0.29,15.0,0.72,30.0,0.71,15.0,0.74,315.43,0.75,292.0,0.02,0.02,2349.300765,1776185145000
1776185146.588,46.588,0.27,8.0,0.26,326.43,0.28,30.0,0.29,10.0,0.72,30.0,0.71,15.0,0.74,315.43,0.75,292.0,0.01,0.02,2349.300765,1776185145000
1776185147.041,47.041,0.27,8.0,0.26,326.43,0.28,30.0,0.29,10.0,0.72,30.0,0.71,10.0,0.73,8.0,0.74,326.43,0.01,0.01,2349.726033,1776185146000
1776185147.884,47.884,0.27,256.0,0.26,287.43,0.28,10.0,0.29,15.0,0.72,30.0,0.71,10.0,0.73,8.0,0.74,326.43,0.01,0.01,2349.726033,1776185146000
1776185149.124,49.124,0.27,256.0,0.26,287.43,0.28,10.0,0.29,15.0,0.72,10.0,0.71,15.0,0.73,256.0,0.74,287.43,0.01,0.01,2350.00561,1776185148000
1776185150.192,50.192,0.27,256.0,0.26,287.43,0.28,10.0,0.29,15.0,0.72,10.0,0.71,15.0,0.73,256.0,0.74,287.43,0.01,0.01,2350.016765,1776185149000
1776185151.286,51.286,0.27,256.0,0.26,287.43,0.28,10.0,0.29,15.0,0.72,10.0,0.71,15.0,0.73,256.0,0.74,287.43,0.01,0.01,2350.038305,1776185150000
1776185152.297,52.297,0.27,256.0,0.26,287.43,0.28,10.0,0.29,15.0,0.72,10.0,0.71,15.0,0.73,256.0,0.74,287.43,0.01,0.01,2350.10122,1776185151000
1776185153.18,53.18,0.27,256.0,0.26,287.43,0.28,10.0,0.29,15.0,0.72,10.0,0.71,15.0,0.73,256.0,0.74,287.43,0.01,0.01,2350.084705,1776185152000
1776185153.42,53.42,0.29,242.77,0.28,185.89,0.3,10.0,0.31,155.0,0.72,10.0,0.71,15.0,0.73,256.0,0.74,287.43,0.01,0.01,2350.084705,1776185152000
1776185154.308,54.308,0.29,242.77,0.28,185.89,0.3,10.0,0.31,155.0,0.7,10.0,0.69,155.0,0.71,242.77,0.72,185.89,0.01,0.01,2350.170146,1776185153000
1776185154.676,54.676,0.33,145.0,0.32,313.0,0.34,4.11,0.35,20.0,0.7,10.0,0.69,155.0,0.71,242.77,0.72,185.89,0.01,0.01,2350.170146,1776185153000
1776185155.12,55.12,0.33,164.26,0.32,328.0,0.34,4.11,0.35,25.0,0.66,4.11,0.65,20.0,0.67,145.0,0.68,313.0,0.01,0.01,2350.170146,1776185153000
1776185155.504,55.504,0.33,159.26,0.32,328.0,0.35,25.0,0.36,15.0,0.66,4.11,0.65,25.0,0.67,164.26,0.68,328.0,0.02,0.01,2350.096821,1776185154000
1776185156.286,56.286,0.33,159.26,0.32,328.0,0.35,25.0,0.36,15.0,0.65,25.0,0.64,15.0,0.67,159.26,0.68,328.0,0.02,0.02,2350.67214,1776185155000
1776185156.697,56.697,0.33,100.0,0.32,265.0,0.34,9.0,0.35,20.0,0.66,14.0,0.65,25.0,0.67,105.0,0.68,296.0,0.01,0.01,2350.67214,1776185155000
1776185157.365,57.365,0.33,100.0,0.32,265.0,0.34,9.0,0.35,20.0,0.66,9.0,0.65,20.0,0.67,100.0,0.68,265.0,0.01,0.01,2350.632775,1776185156000
1776185158.303,58.303,0.31,98.0,0.3,100.0,0.32,10.0,0.33,20.0,0.68,10.0,0.67,20.0,0.69,98.0,0.7,100.0,0.01,0.01,2350.56785,1776185157000
1776185159.272,59.272,0.31,98.0,0.3,100.0,0.32,10.0,0.33,20.0,0.68,10.0,0.67,20.0,0.69,98.0,0.7,100.0,0.01,0.01,2350.34185,1776185158000
1776185159.689,59.689,0.31,49.0,0.3,100.0,0.32,79.37,0.33,90.0,0.68,10.0,0.67,20.0,0.69,98.0,0.7,100.0,0.01,0.01,2350.34185,1776185158000
1776185160.101,60.101,0.31,36.6,0.29,50.0,0.32,331.28,0.33,85.0,0.68,79.37,0.67,90.0,0.69,49.0,0.7,100.0,0.01,0.01,2350.34185,1776185158000
1776185160.579,60.579,0.25,472.51,0.24,105.0,0.26,50.0,0.27,15.0,0.68,347.36,0.67,85.0,0.71,50.0,0.72,35.0,0.01,0.03,2350.256123,1776185159000
1776185161.259,61.259,0.25,472.51,0.24,105.0,0.26,50.0,0.27,15.0,0.74,50.0,0.73,15.0,0.75,472.51,0.76,105.0,0.01,0.01,2350.17614,1776185160000
1776185161.793,61.793,0.25,352.72,0.24,5.0,0.26,50.0,0.27,20.0,0.74,50.0,0.73,15.0,0.75,472.51,0.76,105.0,0.01,0.01,2350.17614,1776185160000
1776185162.125,62.125,0.25,375.48,0.23,185.0,0.26,106.03,0.27,20.0,0.74,40.0,0.73,20.0,0.75,357.48,0.77,185.0,0.01,0.01,2350.17614,1776185160000
1776185162.63,62.63,0.25,333.48,0.23,185.0,0.26,40.0,0.27,15.0,0.74,106.03,0.73,20.0,0.75,375.48,0.77,185.0,0.01,0.01,2350.0787,1776185161000
1776185162.935,62.935,0.25,328.48,0.23,85.0,0.26,117.15,0.27,15.0,0.74,61.15,0.73,15.0,0.75,333.48,0.77,185.0,0.01,0.01,2350.0787,1776185161000
1776185163.162,63.162,0.25,229.83,0.23,85.0,0.26,116.15,0.27,182.54,0.74,116.15,0.73,182.54,0.75,239.83,0.77,85.0,0.01,0.01,2350.0787,1776185161000
1776185163.367,63.367,0.25,218.67,0.23,85.0,0.26,116.15,0.27,182.54,0.74,116.15,0.73,182.54,0.75,224.83,0.77,85.0,0.01,0.01,2349.460484,1776185162000
1776185163.62,63.62,0.25,152.51,0.23,85.0,0.26,152.15,0.27,182.54,0.74,122.15,0.73,182.54,0.75,177.51,0.77,85.0,0.01,0.01,2349.460484,1776185162000
1776185163.823,63.823,0.25,127.51,0.23,85.0,0.26,199.11,0.27,206.62,0.74,150.11,0.73,206.62,0.75,132.51,0.77,85.0,0.01,0.01,2349.460484,1776185162000
1776185164.153,64.153,0.25,114.41,0.23,85.0,0.26,55.0,0.27,356.73,0.74,50.0,0.73,356.73,0.75,119.41,0.77,85.0,0.01,0.01,2349.460484,1776185162000
1776185164.388,64.388,0.25,104.41,0.23,85.0,0.26,59.0,0.27,211.62,0.74,55.0,0.73,356.73,0.75,114.41,0.77,85.0,0.01,0.01,2349.3098,1776185163000
1776185164.593,64.593,0.25,65.38,0.23,85.0,0.26,455.38,0.27,228.62,0.74,510.38,0.73,228.62,0.75,70.86,0.77,85.0,0.01,0.01,2349.3098,1776185163000
1776185164.85,64.85,0.25,96.14,0.23,85.0,0.26,107.3,0.27,298.62,0.74,455.38,0.73,228.62,0.75,65.38,0.77,85.0,0.01,0.01,2349.3098,1776185163000
1776185165.102,65.102,0.23,85.0,0.22,50.0,0.26,417.46,0.27,201.08,0.74,205.46,0.73,201.08,0.75,2.53,0.77,85.0,0.03,0.01,2349.3098,1776185163000
1776185165.304,65.304,0.23,85.0,0.22,50.0,0.25,7.2,0.26,376.46,0.75,7.2,0.74,376.46,0.77,85.0,0.78,50.0,0.02,0.02,2349.063326,1776185164000
1776185165.994,65.994,0.21,75.0,0.2,185.0,0.22,121.67,0.23,80.0,0.76,139.08,0.75,45.2,0.77,50.0,0.78,50.0,0.01,0.01,2349.063326,1776185164000
1776185166.692,66.692,0.21,80.0,0.2,190.05,0.25,40.2,0.26,186.22,0.75,40.2,0.74,186.22,0.79,80.0,0.8,190.05,0.04,0.04,2348.850542,1776185165000
1776185167.007,67.007,0.21,10.0,0.2,185.0,0.22,234.81,0.23,38.08,0.75,40.2,0.74,186.22,0.79,80.0,0.8,190.05,0.01,0.04,2348.850542,1776185165000
1776185167.328,67.328,0.2,177.69,0.19,50.0,0.22,234.81,0.23,38.08,0.78,234.81,0.77,38.08,0.8,177.69,0.81,50.0,0.02,0.02,2348.721197,1776185166000
1776185167.927,67.927,0.2,1.54,0.19,55.31,0.21,192.85,0.22,165.0,0.79,160.98,0.78,221.73,0.8,57.74,0.81,55.31,0.01,0.01,2348.721197,1776185166000
1776185168.46,68.46,0.19,115.31,0.18,310.61,0.24,67.63,0.25,63.2,0.79,99.25,0.78,175.0,0.81,122.31,0.82,289.61,0.05,0.02,2348.721197,1776185166000
1776185169.1,69.1,0.19,148.8,0.18,395.61,0.21,10.0,0.22,17.0,0.79,10.0,0.78,17.0,0.81,148.8,0.82,395.61,0.02,0.02,2348.572665,1776185168000
1776185169.521,69.521,0.21,84.93,0.2,66.8,0.22,110.34,0.23,17.0,0.78,105.34,0.77,17.0,0.8,63.8,0.81,129.31,0.01,0.02,2348.572665,1776185168000
1776185169.724,69.724,0.21,138.89,0.2,185.8,0.22,195.34,0.24,117.0,0.78,110.34,0.77,10.0,0.79,63.89,0.8,175.8,0.01,0.01,2348.572665,1776185168000
1776185169.942,69.942,0.21,136.89,0.2,171.8,0.22,170.34,0.23,10.0,0.78,195.34,0.76,117.0,0.79,138.89,0.8,185.8,0.01,0.01,2348.572665,1776185168000
1776185170.152,70.152,0.21,91.25,0.2,171.8,0.22,170.34,0.23,10.0,0.78,170.34,0.77,10.0,0.79,91.25,0.8,171.8,0.01,0.01,2348.576341,1776185169000
1776185170.655,70.655,0.21,34.03,0.2,31.8,0.22,60.0,0.23,60.0,0.78,170.34,0.77,10.0,0.79,91.25,0.8,171.8,0.01,0.01,2348.576341,1776185169000
1776185171.036,71.036,0.21,42.63,0.2,91.8,0.22,66.39,0.23,167.22,0.78,60.0,0.77,60.0,0.79,34.03,0.8,31.8,0.01,0.01,2348.576341,1776185169000
1776185171.308,71.308,0.21,28.1,0.2,91.8,0.22,57.24,0.23,267.22,0.78,57.24,0.77,267.22,0.79,28.1,0.8,91.8,0.01,0.01,2348.704526,1776185170000
1776185171.543,71.543,0.2,57.72,0.19,85.0,0.22,57.24,0.23,267.22,0.78,67.24,0.77,267.22,0.79,22.66,0.8,91.8,0.02,0.01,2348.704526,1776185170000
1776185171.818,71.818,0.21,118.41,0.2,122.77,0.22,6.39,0.23,167.22,0.78,56.39,0.77,167.22,0.79,118.41,0.8,122.77,0.01,0.01,2348.704526,1776185170000
1776185172.019,72.019,0.22,44.0,0.21,110.41,0.23,160.69,0.24,110.0,0.77,167.22,0.76,110.0,0.79,118.41,0.8,122.77,0.01,0.02,2348.724974,1776185171000
1776185172.48,72.48,0.22,107.11,0.21,119.0,0.23,156.69,0.24,110.0,0.77,151.69,0.76,110.0,0.78,59.0,0.79,105.41,0.01,0.01,2348.724974,1776185171000
1776185172.821,72.821,0.22,103.54,0.21,119.0,0.23,147.34,0.24,115.0,0.77,142.34,0.76,115.0,0.78,109.96,0.79,119.0,0.01,0.01,2348.724974,1776185171000
1776185173.217,73.217,0.22,103.54,0.21,119.0,0.23,147.34,0.24,115.0,0.77,147.34,0.76,115.0,0.78,103.54,0.79,119.0,0.01,0.01,2348.891196,1776185172000
1776185174.424,74.424,0.22,103.54,0.21,119.0,0.23,147.34,0.24,115.0,0.77,147.34,0.76,115.0,0.78,103.54,0.79,119.0,0.01,0.01,2349.124353,1776185173000
1776185175.104,75.104,0.22,103.54,0.21,119.0,0.23,147.34,0.24,115.0,0.77,147.34,0.76,115.0,0.78,103.54,0.79,119.0,0.01,0.01,2349.02076,1776185174000
1776185176.065,76.065,0.22,195.54,0.21,211.0,0.23,102.1,0.24,50.0,0.77,147.34,0.76,115.0,0.78,103.54,0.79,119.0,0.01,0.01,2349.02076,1776185174000
1776185176.313,76.313,0.23,137.0,0.22,153.54,0.24,96.26,0.25,10.0,0.77,21.66,0.75,20.0,0.78,185.54,0.79,232.7,0.01,0.01,2349.02076,1776185174000
1776185177.443,77.443,0.23,242.21,0.22,274.54,0.24,20.0,0.26,101.22,0.76,73.26,0.75,10.0,0.77,148.79,0.78,153.54,0.01,0.01,2349.08818,1776185175000
1776185177.876,77.876,0.23,214.1,0.22,242.0,0.26,26.22,0.27,110.0,0.76,4.0,0.74,101.22,0.77,167.8,0.78,279.54,0.03,0.01,2349.163025,1776185176000
1776185178.139,78.139,0.26,41.71,0.25,58.0,0.27,110.0,0.28,10.0,0.74,13.29,0.73,110.0,0.75,15.0,0.76,80.0,0.01,0.01,2349.163025,1776185176000
1776185178.381,78.381,0.26,92.37,0.25,77.0,0.27,115.0,0.28,111.46,0.73,110.0,0.72,10.0,0.74,41.71,0.75,58.0,0.01,0.01,2349.378555,1776185177000
1776185179.578,79.578,0.26,92.37,0.25,77.0,0.27,115.0,0.28,111.46,0.73,115.0,0.72,111.46,0.74,92.37,0.75,77.0,0.01,0.01,2349.411703,1776185178000
1776185180.078,80.078,0.26,92.37,0.25,77.0,0.27,115.0,0.28,111.46,0.73,115.0,0.72,111.46,0.74,92.37,0.75,77.0,0.01,0.01,2349.690775,1776185179000
1776185180.566,80.566,0.26,128.21,0.25,149.2,0.27,30.82,0.28,115.44,0.73,115.0,0.72,111.46,0.74,92.37,0.75,77.0,0.01,0.01,2349.690775,1776185179000
1776185180.928,80.928,0.26,74.49,0.25,124.2,0.27,55.82,0.28,125.44,0.73,35.82,0.72,115.44,0.74,122.03,0.75,149.2,0.01,0.01,2349.690775,1776185179000
1776185181.222,81.222,0.25,69.2,0.24,179.7,0.27,202.07,0.28,180.0,0.73,55.82,0.72,125.44,0.74,74.49,0.75,124.2,0.02,0.01,2349.690775,1776185179000
1776185181.568,81.568,0.25,51.73,0.24,179.7,0.26,15.0,0.27,222.07,0.74,15.0,0.73,222.07,0.75,51.73,0.76,179.7,0.01,0.01,2349.867785,1776185180000
1776185182.11,82.11,0.23,53.57,0.22,106.0,0.24,60.0,0.25,180.0,0.74,15.0,0.73,222.07,0.75,51.73,0.76,179.7,0.01,0.01,2349.867785,1776185180000
1776185182.483,82.483,0.23,84.14,0.22,116.0,0.24,131.33,0.25,170.0,0.76,39.41,0.75,180.0,0.77,53.57,0.78,106.0,0.01,0.01,2349.867785,1776185180000
1776185182.77,82.77,0.23,84.14,0.22,106.0,0.24,150.33,0.25,170.0,0.76,131.33,0.75,170.0,0.77,84.14,0.78,116.0,0.01,0.01,2349.867785,1776185180000
1776185183.233,83.233,0.23,81.28,0.22,116.0,0.24,150.33,0.25,170.0,0.76,155.33,0.75,170.0,0.77,77.71,0.78,116.0,0.01,0.01,2349.90642,1776185181000
1776185183.452,83.452,0.23,78.74,0.22,116.0,0.24,150.33,0.25,170.0,0.76,150.33,0.75,170.0,0.77,81.28,0.78,116.0,0.01,0.01,2349.90642,1776185181000
1776185183.654,83.654,0.23,70.69,0.22,116.0,0.24,150.33,0.25,170.0,0.76,150.33,0.75,170.0,0.77,72.31,0.78,116.0,0.01,0.01,2349.78055,1776185182000
1776185184.134,84.134,0.23,70.69,0.22,116.0,0.24,108.66,0.25,170.0,0.76,150.33,0.75,170.0,0.77,70.69,0.78,116.0,0.01,0.01,2349.78055,1776185182000
1776185185.335,85.335,0.23,70.69,0.22,116.0,0.24,108.66,0.25,170.0,0.76,108.66,0.75,170.0,0.77,70.69,0.78,116.0,0.01,0.01,2349.502574,1776185184000
1776185185.578,85.578,0.23,59.33,0.22,111.0,0.24,144.98,0.25,170.0,0.76,108.66,0.75,170.0,0.77,70.69,0.78,116.0,0.01,0.01,2349.502574,1776185184000
1776185186.464,86.464,0.23,59.33,0.22,111.0,0.24,144.98,0.25,170.0,0.76,144.98,0.75,170.0,0.77,59.33,0.78,111.0,0.01,0.01,2349.483904,1776185185000
1776185187.062,87.062,0.23,59.33,0.22,111.0,0.24,144.98,0.25,170.0,0.76,144.98,0.75,170.0,0.77,59.33,0.78,111.0,0.01,0.01,2349.479933,1776185186000
1776185187.797,87.797,0.23,97.0,0.22,122.0,0.24,121.32,0.25,170.0,0.76,144.98,0.75,170.0,0.77,59.33,0.78,111.0,0.01,0.01,2349.479933,1776185186000
1776185188.175,88.175,0.23,97.0,0.22,122.0,0.24,121.32,0.25,170.0,0.76,121.32,0.75,170.0,0.77,97.0,0.78,122.0,0.01,0.01,2349.49799,1776185187000
1776185189.369,89.369,0.23,67.0,0.22,132.0,0.24,144.44,0.25,170.0,0.76,144.44,0.75,170.0,0.77,67.0,0.78,132.0,0.01,0.01,2349.503413,1776185188000
1776185189.688,89.688,0.23,223.3,0.22,243.0,0.24,30.29,0.26,5.0,0.76,144.44,0.75,170.0,0.77,67.0,0.78,132.0,0.01,0.01,2349.503413,1776185188000
1776185189.945,89.945,0.23,216.8,0.22,243.0,0.26,5.0,0.27,130.82,0.74,5.0,0.73,130.82,0.77,216.8,0.78,243.0,0.03,0.03,2349.500003,1776185189000
1776185190.172,90.172,0.25,22.0,0.24,35.78,0.26,19.0,0.27,145.82,0.74,27.0,0.73,140.82,0.75,32.0,0.76,29.0,0.01,0.01,2349.500003,1776185189000
1776185190.815,90.815,0.24,19.7,0.23,90.3,0.25,198.0,0.26,169.0,0.74,19.0,0.73,145.82,0.75,22.0,0.76,35.78,0.01,0.01,2349.500003,1776185189000
1776185191.017,91.017,0.24,19.7,0.23,90.3,0.25,198.0,0.26,169.0,0.75,198.0,0.74,169.0,0.76,19.7,0.77,90.3,0.01,0.01,2349.526715,1776185190000
1776185192.277,92.277,0.24,19.7,0.23,90.3,0.25,198.0,0.26,169.0,0.75,198.0,0.74,169.0,0.76,19.7,0.77,90.3,0.01,0.01,2349.629784,1776185191000
1776185193.368,93.368,0.23,102.14,0.22,218.0,0.24,103.64,0.25,170.0,0.76,103.64,0.75,170.0,0.77,102.14,0.78,218.0,0.01,0.01,2349.643932,1776185192000
1776185193.918,93.918,0.23,102.14,0.22,218.0,0.24,103.64,0.25,170.0,0.76,103.64,0.75,170.0,0.77,102.14,0.78,218.0,0.01,0.01,2349.643922,1776185193000
1776185194.29,94.29,0.23,213.14,0.22,232.0,0.24,56.64,0.25,110.0,0.76,103.64,0.75,170.0,0.77,102.14,0.78,218.0,0.01,0.01,2349.643922,1776185193000
1776185194.516,94.516,0.23,195.54,0.22,242.0,0.24,56.64,0.25,110.0,0.76,56.64,0.75,110.0,0.77,201.84,0.78,232.0,0.01,0.01,2349.643922,1776185193000
1776185194.833,94.833,0.26,77.0,0.25,129.92,0.27,42.82,0.28,145.0,0.76,56.64,0.75,110.0,0.77,195.54,0.78,242.0,0.01,0.01,2349.643922,1776185193000
1776185195.136,95.136,0.26,77.0,0.25,129.92,0.27,42.82,0.28,145.0,0.73,42.82,0.72,145.0,0.74,77.0,0.75,129.92,0.01,0.01,2349.592956,1776185194000
1776185195.612,95.612,0.26,114.97,0.25,154.12,0.27,42.82,0.28,145.0,0.73,42.82,0.72,145.0,0.74,77.0,0.75,129.92,0.01,0.01,2349.592956,1776185194000
1776185196.326,96.326,0.26,114.97,0.25,154.12,0.27,42.82,0.28,145.0,0.73,42.82,0.72,145.0,0.74,114.97,0.75,154.12,0.01,0.01,2349.690007,1776185195000
1776185196.912,96.912,0.26,43.97,0.25,177.28,0.27,122.26,0.28,236.76,0.73,122.26,0.72,236.76,0.74,43.97,0.75,177.28,0.01,0.01,2349.87236,1776185196000
1776185197.461,97.461,0.25,43.97,0.24,86.7,0.27,240.26,0.28,256.76,0.73,122.26,0.72,236.76,0.74,43.97,0.75,177.28,0.02,0.01,2349.87236,1776185196000
1776185197.945,97.945,0.25,33.97,0.24,86.7,0.27,240.26,0.28,256.76,0.73,240.26,0.72,256.76,0.75,33.97,0.76,86.7,0.02,0.02,2349.880495,1776185197000
1776185198.475,98.475,0.25,18.53,0.24,5.0,0.26,221.76,0.27,202.26,0.74,125.76,0.73,200.26,0.75,118.17,0.76,89.7,0.01,0.01,2349.880495,1776185197000
1776185198.69,98.69,0.25,1.53,0.23,70.0,0.26,178.0,0.27,212.26,0.74,178.0,0.73,212.26,0.75,4.53,0.77,70.0,0.01,0.01,2349.880495,1776185197000
1776185199.289,99.289,0.25,1.53,0.23,70.0,0.26,178.0,0.27,212.26,0.74,178.0,0.73,212.26,0.75,1.53,0.77,70.0,0.01,0.01,2349.797026,1776185198000
1776185199.634,99.634,0.22,67.52,0.21,271.7,0.24,10.0,0.25,15.0,0.74,178.0,0.73,212.26,0.75,1.53,0.77,70.0,0.02,0.01,2349.797026,1776185198000
1776185200.504,100.504,0.23,4.14,0.22,74.52,0.24,313.27,0.25,175.0,0.76,10.0,0.75,15.0,0.78,67.52,0.79,271.7,0.01,0.02,2349.797026,1776185198000
1776185201.059,101.059,0.23,2.84,0.22,69.52,0.24,318.27,0.25,175.0,0.76,313.27,0.75,175.0,0.77,4.14,0.78,74.52,0.01,0.01,2349.763883,1776185199000
1776185201.582,101.582,0.23,12.11,0.22,69.52,0.24,318.27,0.25,165.0,0.76,318.27,0.75,175.0,0.77,2.84,0.78,69.52,0.01,0.01,2349.619763,1776185200000
1776185202.557,102.557,0.23,10.38,0.22,69.52,0.24,313.27,0.25,165.0,0.76,313.27,0.75,165.0,0.77,10.38,0.78,69.52,0.01,0.01,2349.523086,1776185201000
1776185203.185,103.185,0.23,10.38,0.22,69.52,0.24,313.27,0.25,165.0,0.76,313.27,0.75,165.0,0.77,10.38,0.78,69.52,0.01,0.01,2349.516971,1776185202000
1776185204.382,104.382,0.2,72.8,0.19,10.0,0.21,10.0,0.22,542.99,0.76,313.27,0.75,165.0,0.77,10.38,0.78,69.52,0.01,0.01,2349.516971,1776185202000
1776185204.605,104.605,0.2,11.55,0.19,10.0,0.21,246.0,0.22,241.0,0.79,10.0,0.78,542.99,0.8,72.8,0.81,10.0,0.01,0.01,2349.485603,1776185203000
1776185205.263,105.263,0.19,10.0,0.18,480.0,0.21,351.0,0.22,391.11,0.79,351.0,0.78,391.11,0.81,10.0,0.82,480.0,0.02,0.02,2349.447583,1776185204000
1776185206.371,106.371,0.19,15.31,0.18,480.0,0.2,257.5,0.21,260.0,0.8,257.5,0.79,260.0,0.81,15.31,0.82,480.0,0.01,0.01,2349.087513,1776185205000
1776185206.685,106.685,0.18,370.0,0.17,120.0,0.19,134.36,0.2,248.81,0.8,257.5,0.79,260.0,0.81,15.31,0.82,480.0,0.01,0.01,2349.087513,1776185205000
1776185207.102,107.102,0.18,370.0,0.17,120.0,0.19,134.36,0.2,248.81,0.81,134.36,0.8,248.81,0.82,370.0,0.83,120.0,0.01,0.01,2348.989,1776185206000
1776185208.446,108.446,0.18,370.0,0.17,120.0,0.19,134.36,0.2,248.81,0.81,134.36,0.8,248.81,0.82,370.0,0.83,120.0,0.01,0.01,2348.728491,1776185207000
1776185209.034,109.034,0.18,370.0,0.17,120.0,0.19,134.36,0.2,248.81,0.81,134.36,0.8,248.81,0.82,370.0,0.83,120.0,0.01,0.01,2348.748153,1776185208000
1776185209.844,109.844,0.18,267.61,0.17,175.0,0.19,633.71,0.2,114.74,0.81,134.36,0.8,248.81,0.82,370.0,0.83,120.0,0.01,0.01,2348.748153,1776185208000
1776185210.264,110.264,0.18,267.61,0.17,175.0,0.19,633.71,0.2,114.74,0.81,633.71,0.8,114.74,0.82,267.61,0.83,175.0,0.01,0.01,2348.88639,1776185209000
1776185211.552,111.552,0.18,267.61,0.17,175.0,0.19,633.71,0.2,114.74,0.81,633.71,0.8,114.74,0.82,267.61,0.83,175.0,0.01,0.01,2348.87644,1776185210000
1776185212.169,112.169,0.18,267.61,0.17,175.0,0.19,633.71,0.2,114.74,0.81,633.71,0.8,114.74,0.82,267.61,0.83,175.0,0.01,0.01,2349.011739,1776185211000
1776185212.461,112.461,0.19,4.91,0.18,222.0,0.2,165.0,0.21,189.3,0.81,633.71,0.8,114.74,0.82,267.61,0.83,175.0,0.01,0.01,2349.011739,1776185211000
1776185213.373,113.373,0.18,5.08,0.17,120.0,0.19,200.0,0.2,265.99,0.8,165.0,0.79,189.3,0.81,4.91,0.82,222.0,0.01,0.01,2349.011739,1776185211000
1776185213.605,113.605,0.17,80.08,0.16,150.0,0.19,80.0,0.2,105.0,0.81,200.0,0.8,265.99,0.82,5.08,0.83,120.0,0.02,0.01,2349.011739,1776185211000
1776185213.963,113.963,0.18,0.64,0.17,141.02,0.19,60.0,0.2,75.0,0.81,95.0,0.8,105.0,0.82,2.82,0.83,86.02,0.01,0.01,2349.011739,1776185211000
1776185214.243,114.243,0.18,22.64,0.17,141.02,0.19,74.0,0.2,75.0,0.81,74.0,0.8,75.0,0.82,22.64,0.83,141.02,0.01,0.01,2348.98749,1776185212000
1776185214.62,114.62,0.18,22.64,0.17,141.02,0.19,74.0,0.2,75.0,0.81,74.0,0.8,75.0,0.82,22.64,0.83,141.02,0.01,0.01,2348.973695,1776185213000
1776185214.995,114.995,0.18,282.64,0.17,296.02,0.19,22.01,0.21,105.0,0.81,74.0,0.8,75.0,0.82,22.64,0.83,141.02,0.01,0.01,2348.973695,1776185213000
1776185215.499,115.499,0.2,47.0,0.19,118.72,0.21,179.74,0.22,107.0,0.79,110.0,0.78,90.0,0.81,21.72,0.82,269.64,0.01,0.02,2348.973695,1776185213000
1776185215.846,115.846,0.2,47.0,0.19,118.72,0.21,179.74,0.22,107.0,0.79,179.74,0.78,107.0,0.8,47.0,0.81,118.72,0.01,0.01,2348.799844,1776185214000
1776185216.52,116.52,0.2,31.41,0.19,68.72,0.21,174.74,0.22,117.0,0.79,179.74,0.78,107.0,0.8,47.0,0.81,118.72,0.01,0.01,2348.799844,1776185214000
1776185217.144,117.144,0.2,155.41,0.19,253.64,0.21,57.49,0.22,30.0,0.79,174.74,0.78,117.0,0.8,31.41,0.81,68.72,0.01,0.01,2348.956863,1776185215000
1776185217.455,117.455,0.2,217.49,0.19,253.64,0.21,7.49,0.22,20.0,0.79,7.49,0.78,30.0,0.8,224.49,0.81,253.64,0.01,0.01,2349.12477,1776185216000
1776185218.591,118.591,0.2,265.74,0.19,282.04,0.21,21.77,0.22,10.0,0.79,14.26,0.78,20.0,0.8,209.18,0.81,288.12,0.01,0.01,2349.12477,1776185216000
1776185219.512,119.512,0.2,226.17,0.19,282.04,0.21,11.77,0.22,10.0,0.79,11.77,0.78,10.0,0.8,226.17,0.81,282.04,0.01,0.01,2349.348325,1776185218000
1776185220.09,120.09,0.2,197.92,0.19,252.12,0.21,117.4,0.22,20.0,0.79,11.77,0.78,10.0,0.8,226.17,0.81,282.04,0.01,0.01,2349.348325,1776185218000
1776185220.359,120.359,0.2,104.75,0.19,108.12,0.21,127.4,0.22,20.0,0.79,122.4,0.78,20.0,0.8,35.69,0.81,108.12,0.01,0.01,2349.36694,1776185219000
1776185220.715,120.715,0.2,116.28,0.19,108.12,0.21,122.4,0.22,70.0,0.79,117.4,0.78,70.0,0.8,117.66,0.81,108.12,0.01,0.01,2349.36694,1776185219000
1776185221.179,121.179,0.2,116.28,0.19,108.12,0.21,122.4,0.22,70.0,0.79,122.4,0.78,70.0,0.8,116.28,0.81,108.12,0.01,0.01,2349.46007,1776185220000
1776185221.723,121.723,0.19,2.0,0.18,111.04,0.2,86.0,0.21,177.4,0.79,117.4,0.78,70.0,0.8,86.28,0.81,108.12,0.01,0.01,2349.46007,1776185220000
1776185222.058,122.058,0.19,3.76,0.18,119.65,0.2,101.0,0.21,187.4,0.8,101.0,0.79,187.4,0.82,104.04,0.83,245.58,0.01,0.02,2349.46007,1776185220000
1776185222.604,122.604,0.19,3.76,0.18,119.65,0.2,101.0,0.21,187.4,0.8,101.0,0.79,187.4,0.81,3.76,0.82,119.65,0.01,0.01,2349.44144,1776185221000
1776185223.408,123.408,0.19,3.76,0.18,119.65,0.2,101.0,0.21,187.4,0.8,101.0,0.79,187.4,0.81,3.76,0.82,119.65,0.01,0.01,2349.43288,1776185222000
1776185224.162,124.162,0.19,3.76,0.18,119.65,0.2,101.0,0.21,187.4,0.8,101.0,0.79,187.4,0.81,3.76,0.82,119.65,0.01,0.01,2349.379335,1776185223000
1776185224.543,124.543,0.18,15.0,0.17,100.08,0.19,204.47,0.2,80.0,0.8,101.0,0.79,187.4,0.81,3.76,0.82,119.65,0.01,0.01,2349.379335,1776185223000
1776185225.047,125.047,0.18,10.0,0.17,100.08,0.19,209.47,0.2,75.0,0.81,204.47,0.8,80.0,0.82,15.0,0.83,100.08,0.01,0.01,2349.379335,1776185223000
1776185225.424,125.424,0.18,5.0,0.17,100.08,0.19,204.47,0.2,82.0,0.81,209.47,0.8,75.0,0.82,10.0,0.83,100.08,0.01,0.01,2349.379335,1776185223000
1776185225.707,125.707,0.18,1.84,0.17,100.08,0.19,256.47,0.2,82.0,0.81,204.47,0.8,82.0,0.82,5.0,0.83,100.08,0.01,0.01,2349.18187,1776185224000
1776185225.942,125.942,0.17,99.9,0.16,165.0,0.19,251.47,0.2,82.0,0.81,256.47,0.8,82.0,0.82,1.84,0.83,100.08,0.02,0.01,2349.18187,1776185224000
1776185226.295,126.295,0.17,110.84,0.16,165.0,0.19,225.6,0.2,82.0,0.81,225.6,0.8,82.0,0.83,110.84,0.84,165.0,0.02,0.02,2349.166267,1776185225000
1776185227.635,127.635,0.17,110.84,0.16,165.0,0.19,225.6,0.2,82.0,0.81,225.6,0.8,82.0,0.83,110.84,0.84,165.0,0.02,0.02,2349.149092,1776185226000
1776185228.223,128.223,0.17,21.0,0.16,140.0,0.18,417.11,0.19,196.87,0.81,225.6,0.8,82.0,0.83,110.84,0.84,165.0,0.01,0.02,2349.149092,1776185226000
1776185228.906,128.906,0.16,10.0,0.15,178.0,0.17,125.0,0.18,102.0,0.82,422.99,0.81,220.0,0.84,140.0,0.85,245.0,0.01,0.02,2349.13046,1776185227000
1776185229.259,129.259,0.16,21.0,0.15,178.0,0.17,106.47,0.18,176.17,0.83,125.0,0.82,102.0,0.84,10.0,0.85,178.0,0.01,0.01,2349.13046,1776185227000
1776185229.539,129.539,0.16,21.09,0.15,178.0,0.17,136.47,0.18,176.17,0.83,106.47,0.82,176.17,0.84,21.0,0.85,178.0,0.01,0.01,2349.13046,1776185227000
1776185230.415,130.415,0.16,21.09,0.15,178.0,0.17,136.47,0.18,176.17,0.83,136.47,0.82,176.17,0.84,21.09,0.85,178.0,0.01,0.01,2349.08149,1776185229000
1776185231.662,131.662,0.16,21.09,0.15,178.0,0.17,136.47,0.18,176.17,0.83,136.47,0.82,176.17,0.84,21.09,0.85,178.0,0.01,0.01,2348.89156,1776185230000
1776185231.917,131.917,0.16,3.86,0.15,175.0,0.17,205.47,0.18,90.0,0.83,205.47,0.82,90.0,0.84,6.25,0.85,175.0,0.01,0.01,2348.89156,1776185230000
1776185232.488,132.488,0.16,3.86,0.15,175.0,0.17,205.47,0.18,90.0,0.83,205.47,0.82,90.0,0.84,3.86,0.85,175.0,0.01,0.01,2348.88156,1776185231000
1776185233.304,133.304,0.16,3.86,0.15,175.0,0.17,205.47,0.18,90.0,0.83,205.47,0.82,90.0,0.84,3.86,0.85,175.0,0.01,0.01,2348.91978,1776185232000
1776185234.44,134.44,0.16,3.86,0.15,175.0,0.17,205.47,0.18,90.0,0.83,205.47,0.82,90.0,0.84,3.86,0.85,175.0,0.01,0.01,2348.845025,1776185233000
1776185234.96,134.96,0.16,3.86,0.15,175.0,0.17,205.47,0.18,90.0,0.83,205.47,0.82,90.0,0.84,3.86,0.85,175.0,0.01,0.01,2348.82365,1776185234000
1776185235.465,135.465,0.15,80.55,0.14,346.08,0.16,219.8,0.17,165.36,0.84,213.8,0.83,177.36,0.85,116.73,0.86,351.0,0.01,0.01,2348.82365,1776185234000
1776185236.152,136.152,0.15,80.55,0.14,346.08,0.16,219.8,0.17,165.36,0.84,219.8,0.83,165.36,0.85,80.55,0.86,346.08,0.01,0.01,2348.79152,1776185235000
1776185236.682,136.682,0.15,48.06,0.14,341.08,0.16,279.8,0.17,165.36,0.84,219.8,0.83,165.36,0.85,80.55,0.86,346.08,0.01,0.01,2348.79152,1776185235000
1776185237.189,137.189,0.15,48.06,0.14,341.08,0.16,279.8,0.17,165.36,0.84,279.8,0.83,165.36,0.85,48.06,0.86,341.08,0.01,0.01,2348.941645,1776185236000
1776185237.52,137.52,0.15,175.06,0.14,389.92,0.16,146.8,0.17,90.36,0.84,279.8,0.83,165.36,0.85,48.06,0.86,341.08,0.01,0.01,2348.941645,1776185236000
1776185237.936,137.936,0.15,195.06,0.14,419.82,0.16,131.8,0.17,90.36,0.84,136.8,0.83,90.36,0.85,175.06,0.86,389.92,0.01,0.01,2348.941645,1776185236000
1776185238.259,138.259,0.15,195.06,0.14,419.82,0.16,131.8,0.17,90.36,0.84,131.8,0.83,90.36,0.85,195.06,0.86,419.82,0.01,0.01,2348.978805,1776185237000
1776185238.91,138.91,0.15,182.39,0.14,425.82,0.16,120.8,0.17,131.57,0.84,131.8,0.83,90.36,0.85,195.06,0.86,419.82,0.01,0.01,2348.978805,1776185237000
1776185239.159,139.159,0.15,210.39,0.14,425.82,0.16,110.8,0.17,131.57,0.84,120.8,0.83,131.57,0.85,182.39,0.86,425.82,0.01,0.01,2348.978805,1776185237000
1776185239.429,139.429,0.15,353.38,0.14,519.82,0.16,95.3,0.17,90.36,0.84,110.8,0.83,131.57,0.85,210.39,0.86,425.82,0.01,0.01,2348.97594,1776185238000
1776185239.762,139.762,0.16,204.99,0.15,329.59,0.17,62.06,0.18,70.97,0.83,74.36,0.82,70.97,0.85,353.38,0.86,519.82,0.01,0.02,2348.97594,1776185238000
1776185240.105,140.105,0.16,286.99,0.15,297.59,0.17,34.56,0.18,70.97,0.83,62.06,0.82,70.97,0.84,204.99,0.85,329.59,0.01,0.01,2348.97594,1776185238000
1776185241.392,141.392,0.16,286.99,0.15,297.59,0.17,34.56,0.18,70.97,0.83,34.56,0.82,70.97,0.84,286.99,0.85,297.59,0.01,0.01,2349.310565,1776185240000
1776185241.907,141.907,0.16,309.8,0.15,302.59,0.17,17.58,0.18,86.07,0.83,17.58,0.82,86.07,0.84,309.8,0.85,302.59,0.01,0.01,2349.37907,1776185241000
1776185242.94,142.94,0.16,163.9,0.15,235.59,0.18,91.07,0.19,15.0,0.82,91.07,0.81,15.0,0.84,163.9,0.85,235.59,0.02,0.02,2349.52278,1776185242000
1776185243.316,143.316,0.17,133.42,0.16,173.9,0.18,91.07,0.19,5.0,0.82,91.07,0.81,5.0,0.83,147.29,0.84,173.9,0.01,0.01,2349.52278,1776185242000
1776185243.985,143.985,0.17,133.42,0.16,173.9,0.18,91.07,0.19,5.0,0.82,91.07,0.81,5.0,0.83,133.42,0.84,173.9,0.01,0.01,2349.528225,1776185243000
1776185244.927,144.927,0.17,133.42,0.16,173.9,0.18,91.07,0.19,5.0,0.82,91.07,0.81,5.0,0.83,133.42,0.84,173.9,0.01,0.01,2349.56777,1776185244000
1776185246.224,146.224,0.17,133.42,0.16,173.9,0.18,91.07,0.19,5.0,0.82,91.07,0.81,5.0,0.83,133.42,0.84,173.9,0.01,0.01,2349.55927,1776185245000
1776185247.268,147.268,0.17,133.42,0.16,173.9,0.18,91.07,0.19,5.0,0.82,91.07,0.81,5.0,0.83,133.42,0.84,173.9,0.01,0.01,2349.556275,1776185246000
1776185248.239,148.239,0.17,133.42,0.16,173.9,0.18,91.07,0.19,5.0,0.82,91.07,0.81,5.0,0.83,133.42,0.84,173.9,0.01,0.01,2349.55168,1776185247000
1776185248.853,148.853,0.17,92.42,0.16,215.8,0.18,112.0,0.19,90.0,0.82,91.07,0.81,5.0,0.83,133.42,0.84,173.9,0.01,0.01,2349.55168,1776185247000
1776185249.277,149.277,0.17,92.42,0.16,215.8,0.18,112.0,0.19,90.0,0.82,112.0,0.81,90.0,0.83,92.42,0.84,215.8,0.01,0.01,2349.66266,1776185248000
1776185250.292,150.292,0.17,116.23,0.16,205.8,0.18,25.0,0.19,55.0,0.82,112.0,0.81,90.0,0.83,92.42,0.84,215.8,0.01,0.01,2349.66266,1776185248000
1776185251.204,151.204,0.17,115.02,0.16,225.8,0.18,25.0,0.19,55.0,0.82,25.0,0.81,55.0,0.83,116.23,0.84,205.8,0.01,0.01,2349.55907,1776185249000
1776185252.287,152.287,0.17,111.22,0.16,209.8,0.18,25.0,0.19,55.0,0.82,25.0,0.81,55.0,0.83,111.22,0.84,209.8,0.01,0.01,2349.48345,1776185251000
1776185252.864,152.864,0.17,24.53,0.16,193.8,0.18,192.0,0.19,90.0,0.82,25.0,0.81,55.0,0.83,111.22,0.84,209.8,0.01,0.01,2349.48345,1776185251000
1776185253.33,153.33,0.17,24.53,0.16,193.8,0.18,192.0,0.19,90.0,0.82,192.0,0.81,90.0,0.83,24.53,0.84,193.8,0.01,0.01,2349.523772,1776185252000
1776185253.717,153.717,0.17,17.38,0.16,123.8,0.18,192.0,0.19,90.0,0.82,192.0,0.81,90.0,0.83,24.53,0.84,193.8,0.01,0.01,2349.523772,1776185252000
1776185254.359,154.359,0.17,17.38,0.16,123.8,0.18,192.0,0.19,90.0,0.82,192.0,0.81,90.0,0.83,17.38,0.84,123.8,0.01,0.01,2349.46733,1776185253000
1776185255.419,155.419,0.17,17.38,0.16,123.8,0.18,192.0,0.19,90.0,0.82,192.0,0.81,90.0,0.83,17.38,0.84,123.8,0.01,0.01,2349.459955,1776185254000
1776185256.212,156.212,0.15,8.0,0.14,266.0,0.16,195.0,0.17,104.0,0.82,192.0,0.81,90.0,0.83,17.38,0.84,123.8,0.01,0.01,2349.459955,1776185254000
1776185257.242,157.242,0.15,8.0,0.14,266.0,0.16,195.0,0.17,104.0,0.84,195.0,0.83,104.0,0.85,8.0,0.86,266.0,0.01,0.01,2349.450915,1776185256000
1776185258.335,158.335,0.15,8.0,0.14,266.0,0.16,195.0,0.17,104.0,0.84,195.0,0.83,104.0,0.85,8.0,0.86,266.0,0.01,0.01,2349.311768,1776185257000
1776185259.37,159.37,0.15,8.0,0.14,266.0,0.16,195.0,0.17,104.0,0.84,195.0,0.83,104.0,0.85,8.0,0.86,266.0,0.01,0.01,2349.35105,1776185258000
1776185260.537,160.537,0.15,8.0,0.14,266.0,0.16,195.0,0.17,104.0,0.84,195.0,0.83,104.0,0.85,8.0,0.86,266.0,0.01,0.01,2349.34894,1776185259000
1776185261.097,161.097,0.14,260.0,0.13,150.0,0.15,29.36,0.16,253.0,0.84,195.0,0.83,104.0,0.85,8.0,0.86,266.0,0.01,0.01,2349.34894,1776185259000
1776185261.6,161.6,0.14,266.04,0.13,150.0,0.15,238.36,0.16,134.6,0.85,29.36,0.84,253.0,0.86,260.0,0.87,150.0,0.01,0.01,2349.337705,1776185260000
1776185262.174,162.174,0.14,264.86,0.13,150.0,0.15,238.36,0.16,134.6,0.85,238.36,0.84,134.6,0.86,264.86,0.87,150.0,0.01,0.01,2349.33926,1776185261000
1776185262.661,162.661,0.14,264.86,0.13,200.0,0.15,75.36,0.16,70.0,0.85,238.36,0.84,134.6,0.86,264.86,0.87,150.0,0.01,0.01,2349.33926,1776185261000
1776185263.053,163.053,0.14,264.86,0.13,200.0,0.15,75.36,0.16,70.0,0.85,75.36,0.84,70.0,0.86,264.86,0.87,200.0,0.01,0.01,2349.22105,1776185262000
1776185263.889,163.889,0.14,264.8,0.13,200.0,0.15,130.36,0.16,70.0,0.85,75.36,0.84,70.0,0.86,264.86,0.87,200.0,0.01,0.01,2349.22105,1776185262000
1776185264.101,164.101,0.14,264.8,0.13,200.0,0.15,130.36,0.16,70.0,0.85,130.36,0.84,70.0,0.86,264.8,0.87,200.0,0.01,0.01,2349.196594,1776185263000
1776185265.226,165.226,0.14,264.8,0.13,200.0,0.15,130.36,0.16,70.0,0.85,130.36,0.84,70.0,0.86,264.8,0.87,200.0,0.01,0.01,2349.27419,1776185264000
1776185266.525,166.525,0.14,264.8,0.13,200.0,0.15,130.36,0.16,70.0,0.85,130.36,0.84,70.0,0.86,264.8,0.87,200.0,0.01,0.01,2349.268555,1776185265000
1776185266.95,166.95,0.14,264.8,0.13,200.0,0.15,130.36,0.16,70.0,0.85,130.36,0.84,70.0,0.86,264.8,0.87,200.0,0.01,0.01,2349.28693,1776185266000
1776185268.102,168.102,0.14,264.8,0.13,200.0,0.15,130.36,0.16,70.0,0.85,130.36,0.84,70.0,0.86,264.8,0.87,200.0,0.01,0.01,2349.28693,1776185267000
1776185269.145,169.145,0.14,691.8,0.13,288.0,0.15,15.36,0.18,10.0,0.85,29.36,0.82,18.0,0.86,286.8,0.87,182.0,0.01,0.01,2349.28693,1776185267000
1776185270.339,170.339,0.14,691.8,0.13,288.0,0.18,10.0,0.19,6.0,0.82,10.0,0.81,6.0,0.86,691.8,0.87,288.0,0.04,0.04,2349.713768,1776185269000
1776185270.91,170.91,0.14,691.8,0.13,288.0,0.18,10.0,0.19,6.0,0.82,10.0,0.81,6.0,0.86,691.8,0.87,288.0,0.04,0.04,2349.797545,1776185270000
1776185272.164,172.164,0.14,691.8,0.13,288.0,0.18,10.0,0.19,6.0,0.82,10.0,0.81,6.0,0.86,691.8,0.87,288.0,0.04,0.04,2349.816626,1776185271000
1776185273.085,173.085,0.18,236.0,0.17,255.5,0.19,1.13,0.21,10.0,0.82,10.0,0.81,6.0,0.86,691.8,0.87,288.0,0.01,0.04,2349.816626,1776185271000
1776185273.286,173.286,0.22,26.0,0.21,20.0,0.23,55.0,0.24,65.0,0.78,16.0,0.77,25.0,0.82,242.0,0.83,255.5,0.01,0.04,2349.816626,1776185271000
1776185273.923,173.923,0.22,49.0,0.21,20.0,0.23,78.37,0.24,65.0,0.77,55.0,0.76,65.0,0.78,26.0,0.79,20.0,0.01,0.01,2349.816,1776185272000
1776185275.087,175.087,0.22,50.71,0.21,70.0,0.23,212.0,0.24,107.31,0.77,78.37,0.76,65.0,0.78,49.0,0.79,20.0,0.01,0.01,2349.816,1776185273000
1776185275.499,175.499,0.22,50.71,0.21,70.0,0.23,212.0,0.24,107.31,0.77,212.0,0.76,107.31,0.78,50.71,0.79,70.0,0.01,0.01,2350.08955,1776185274000
1776185276.029,176.029,0.18,70.0,0.17,364.5,0.19,5.0,0.21,107.0,0.77,212.0,0.76,107.31,0.78,50.71,0.79,70.0,0.01,0.01,2350.08955,1776185274000
1776185276.357,176.357,0.18,99.4,0.17,364.5,0.19,142.0,0.2,65.0,0.81,5.0,0.79,107.0,0.82,70.0,0.83,364.5,0.01,0.01,2350.08943,1776185275000
1776185277.196,177.196,0.18,99.4,0.17,364.5,0.19,142.0,0.2,65.0,0.81,142.0,0.8,65.0,0.82,99.4,0.83,364.5,0.01,0.01,2350.06259,1776185276000
1776185277.78,177.78,0.18,97.25,0.17,222.5,0.19,167.0,0.2,182.0,0.81,142.0,0.8,65.0,0.82,99.4,0.83,364.5,0.01,0.01,2350.06259,1776185276000
1776185278.107,178.107,0.18,95.87,0.17,35.5,0.19,167.0,0.2,182.0,0.81,167.0,0.8,182.0,0.82,97.25,0.83,222.5,0.01,0.01,2350.06259,1776185276000
1776185278.328,178.328,0.18,95.87,0.17,35.5,0.19,167.0,0.2,182.0,0.81,167.0,0.8,182.0,0.82,95.87,0.83,35.5,0.01,0.01,2350.010409,1776185277000
1776185279.455,179.455,0.18,95.87,0.17,35.5,0.19,167.0,0.2,182.0,0.81,167.0,0.8,182.0,0.82,95.87,0.83,35.5,0.01,0.01,2349.827248,1776185278000
1776185280.022,180.022,0.18,95.87,0.17,152.5,0.19,170.73,0.2,182.0,0.81,170.73,0.8,182.0,0.82,95.87,0.83,152.5,0.01,0.01,2349.822146,1776185279000
1776185280.874,180.874,0.15,119.41,0.14,205.0,0.16,186.38,0.17,57.0,0.81,170.73,0.8,182.0,0.82,95.87,0.83,152.5,0.01,0.01,2349.822146,1776185279000
1776185281.131,181.131,0.15,119.41,0.14,205.0,0.16,186.38,0.17,57.0,0.84,186.38,0.83,57.0,0.85,119.41,0.86,205.0,0.01,0.01,2349.835464,1776185280000
1776185281.39,181.39,0.15,124.41,0.14,212.21,0.16,30.0,0.17,10.0,0.82,29.0,0.81,414.99,0.85,119.41,0.86,205.0,0.01,0.03,2349.835464,1776185280000
1776185282.29,182.29,0.15,22.15,0.14,212.21,0.16,55.0,0.17,18.0,0.84,55.0,0.83,18.0,0.85,22.15,0.86,212.21,0.01,0.01,2349.64754,1776185281000
1776185282.499,182.499,0.15,233.15,0.14,267.21,0.17,99.93,0.18,7.0,0.84,55.0,0.83,18.0,0.85,22.15,0.86,212.21,0.02,0.01,2349.64754,1776185281000
1776185283.482,183.482,0.15,233.15,0.14,267.21,0.17,99.93,0.18,7.0,0.83,99.93,0.82,7.0,0.85,233.15,0.86,267.21,0.02,0.02,2349.522435,1776185282000
1776185283.956,183.956,0.15,233.15,0.14,267.21,0.17,99.93,0.18,7.0,0.83,99.93,0.82,7.0,0.85,233.15,0.86,267.21,0.02,0.02,2349.576723,1776185283000
1776185284.676,184.676,0.16,1.16,0.15,76.73,0.17,155.93,0.18,215.0,0.83,159.93,0.82,159.0,0.84,56.31,0.85,76.73,0.01,0.01,2349.576723,1776185283000
1776185285.092,185.092,0.16,1.16,0.15,76.73,0.17,155.93,0.18,215.0,0.83,155.93,0.82,215.0,0.84,1.16,0.85,76.73,0.01,0.01,2349.6616,1776185284000
1776185285.513,185.513,0.16,67.27,0.15,193.73,0.17,113.93,0.18,13.0,0.83,118.93,0.82,13.0,0.84,68.47,0.85,183.73,0.01,0.01,2349.6616,1776185284000
1776185286.028,186.028,0.16,100.29,0.15,71.73,0.17,14.0,0.19,25.0,0.83,113.93,0.82,13.0,0.84,67.27,0.85,193.73,0.01,0.01,2349.6616,1776185284000
1776185286.231,186.231,0.16,222.29,0.15,80.73,0.17,3.0,0.19,38.0,0.83,3.0,0.81,38.0,0.84,222.29,0.85,80.73,0.01,0.01,2349.605805,1776185285000
1776185286.473,186.473,0.21,91.87,0.2,81.0,0.22,38.0,0.23,249.51,0.8,6.0,0.79,117.0,0.84,249.29,0.85,122.73,0.01,0.04,2349.605805,1776185285000
1776185287.404,187.404,0.21,91.87,0.2,81.0,0.22,38.0,0.23,249.51,0.78,38.0,0.77,249.51,0.79,91.87,0.8,81.0,0.01,0.01,2349.68525,1776185286000
1776185287.821,187.821,0.21,126.76,0.2,86.05,0.22,157.0,0.23,117.87,0.78,38.0,0.77,249.51,0.79,91.87,0.8,81.0,0.01,0.01,2349.68525,1776185286000
1776185288.351,188.351,0.21,126.76,0.2,86.05,0.22,157.0,0.23,117.87,0.78,157.0,0.77,117.87,0.79,126.76,0.8,86.05,0.01,0.01,2349.900308,1776185287000
1776185289.556,189.556,0.21,126.76,0.2,86.05,0.22,157.0,0.23,117.87,0.78,157.0,0.77,117.87,0.79,126.76,0.8,86.05,0.01,0.01,2350.0532,1776185288000
1776185289.867,189.867,0.21,116.76,0.2,86.0,0.22,91.29,0.23,171.0,0.78,157.0,0.77,117.87,0.79,126.76,0.8,86.05,0.01,0.01,2350.0532,1776185288000
1776185290.656,190.656,0.21,109.67,0.2,91.05,0.22,75.29,0.23,162.0,0.78,91.29,0.77,171.0,0.79,116.76,0.8,86.0,0.01,0.01,2350.07731,1776185289000
1776185290.954,190.954,0.21,102.31,0.2,91.05,0.22,75.29,0.23,162.0,0.78,75.29,0.77,162.0,0.79,102.31,0.8,91.05,0.01,0.01,2350.08196,1776185290000
1776185291.784,191.784,0.21,68.39,0.2,91.05,0.22,58.45,0.23,168.0,0.78,75.29,0.77,162.0,0.79,102.31,0.8,91.05,0.01,0.01,2350.08196,1776185290000
1776185292.11,192.11,0.21,68.39,0.2,91.05,0.22,58.45,0.23,168.0,0.78,58.45,0.77,168.0,0.79,68.39,0.8,91.05,0.01,0.01,2350.189187,1776185291000
1776185293.135,193.135,0.21,68.39,0.2,91.05,0.22,58.45,0.23,168.0,0.78,58.45,0.77,168.0,0.79,68.39,0.8,91.05,0.01,0.01,2350.089705,1776185292000
1776185294.177,194.177,0.21,68.39,0.2,91.05,0.22,58.45,0.23,168.0,0.78,58.45,0.77,168.0,0.79,68.39,0.8,91.05,0.01,0.01,2350.101765,1776185293000
1776185294.559,194.559,0.21,320.39,0.2,91.05,0.22,0.45,0.23,20.0,0.78,58.45,0.77,168.0,0.79,68.39,0.8,91.05,0.01,0.01,2350.101765,1776185293000
1776185294.798,194.798,0.21,319.06,0.2,91.05,0.22,0.45,0.23,20.0,0.78,0.45,0.77,20.0,0.79,320.39,0.8,91.05,0.01,0.01,2350.101765,1776185293000
1776185295.02,195.02,0.21,324.06,0.2,91.05,0.25,135.0,0.26,6.5,0.78,0.45,0.77,20.0,0.79,324.06,0.8,91.05,0.04,0.01,2350.101765,1776185293000
1776185295.491,195.491,0.24,14.0,0.23,5.0,0.26,11.5,0.27,12.26,0.75,135.0,0.74,6.5,0.79,324.06,0.8,91.05,0.02,0.04,2350.103735,1776185294000
1776185295.971,195.971,0.26,219.5,0.25,18.52,0.27,29.22,0.28,31.0,0.73,12.26,0.72,40.0,0.74,38.5,0.76,14.0,0.01,0.01,2350.103735,1776185294000
1776185296.314,196.314,0.26,229.5,0.25,33.52,0.27,6.21,0.28,31.0,0.73,6.21,0.72,31.0,0.74,229.5,0.75,33.52,0.01,0.01,2350.855672,1776185295000
1776185296.62,196.62,0.28,128.79,0.27,215.0,0.29,50.0,0.3,100.0,0.73,6.21,0.72,31.0,0.74,229.5,0.75,33.52,0.01,0.01,2350.855672,1776185295000
1776185296.975,196.975,0.28,90.12,0.27,235.0,0.29,10.0,0.3,167.0,0.71,50.0,0.7,100.0,0.72,115.68,0.73,225.0,0.01,0.01,2350.855672,1776185295000
1776185297.299,197.299,0.28,90.12,0.27,235.0,0.29,10.0,0.3,167.0,0.71,10.0,0.7,167.0,0.72,90.12,0.73,235.0,0.01,0.01,2350.904909,1776185296000
1776185298.188,198.188,0.25,268.2,0.24,121.38,0.26,10.0,0.27,5.0,0.71,10.0,0.7,167.0,0.72,90.12,0.73,235.0,0.01,0.01,2350.904909,1776185296000
1776185298.44,198.44,0.28,50.12,0.27,80.0,0.29,10.0,0.31,182.0,0.71,10.0,0.69,65.0,0.72,18.0,0.73,80.0,0.01,0.01,2350.847565,1776185297000
1776185298.886,198.886,0.28,57.0,0.27,202.0,0.29,10.0,0.31,182.0,0.71,10.0,0.69,182.0,0.72,50.12,0.73,80.0,0.01,0.01,2350.847565,1776185297000
1776185299.106,199.106,0.28,42.0,0.27,207.0,0.29,8.13,0.31,182.0,0.71,10.0,0.69,182.0,0.72,57.0,0.73,202.0,0.01,0.01,2350.847565,1776185297000
1776185299.414,199.414,0.28,42.0,0.27,207.0,0.29,8.13,0.31,182.0,0.71,8.13,0.69,182.0,0.72,42.0,0.73,207.0,0.01,0.01,2350.77337,1776185298000
1776185299.981,199.981,0.28,42.0,0.27,207.0,0.29,8.13,0.31,182.0,0.71,8.13,0.69,182.0,0.72,42.0,0.73,207.0,0.01,0.01,2350.740837,1776185299000
1776185300.295,200.295,0.28,64.87,0.27,215.0,0.29,3.13,0.3,10.0,0.71,8.13,0.69,182.0,0.72,42.0,0.73,207.0,0.01,0.01,2350.740837,1776185299000
1776185300.747,200.747,0.28,54.87,0.27,235.0,0.31,138.15,0.32,55.0,0.71,3.13,0.7,10.0,0.72,64.87,0.73,215.0,0.03,0.01,2350.740837,1776185299000
1776185301.04,201.04,0.28,54.87,0.27,235.0,0.31,138.15,0.32,55.0,0.69,138.15,0.68,55.0,0.72,54.87,0.73,235.0,0.03,0.03,2350.746685,1776185300000
1776185301.452,201.452,0.3,59.0,0.29,70.0,0.31,127.0,0.32,65.0,0.69,138.15,0.68,55.0,0.72,54.87,0.73,235.0,0.01,0.03,2350.746685,1776185300000
1776185301.733,201.733,0.25,42.41,0.24,139.7,0.27,10.0,0.28,10.0,0.69,127.0,0.68,65.0,0.7,59.0,0.71,70.0,0.02,0.01,2350.746685,1776185300000
1776185302.076,202.076,0.26,8.37,0.25,48.0,0.27,10.0,0.28,10.0,0.73,10.0,0.72,10.0,0.74,8.37,0.75,48.0,0.01,0.01,2350.80688,1776185301000
1776185302.323,202.323,0.27,3.35,0.26,27.07,0.28,10.0,0.29,21.0,0.73,10.0,0.72,10.0,0.74,8.37,0.75,48.0,0.01,0.01,2350.80688,1776185301000
1776185303.278,203.278,0.27,3.35,0.26,27.07,0.28,10.0,0.29,21.0,0.72,10.0,0.71,21.0,0.73,3.35,0.74,27.07,0.01,0.01,2350.84263,1776185302000
1776185303.741,203.741,0.29,83.0,0.28,65.0,0.3,10.0,0.31,10.0,0.72,10.0,0.71,21.0,0.73,3.35,0.74,27.07,0.01,0.01,2350.84263,1776185302000
1776185304.091,204.091,0.29,12.52,0.28,60.0,0.3,11.66,0.31,10.0,0.7,10.0,0.69,10.0,0.71,7.52,0.72,65.0,0.01,0.01,2350.84263,1776185302000
1776185304.544,204.544,0.28,57.52,0.27,75.0,0.3,132.0,0.31,57.0,0.71,10.0,0.7,15.0,0.72,34.52,0.73,70.0,0.02,0.01,2350.84263,1776185302000
1776185305.013,205.013,0.28,33.0,0.27,65.0,0.3,120.0,0.31,57.0,0.7,120.0,0.69,57.0,0.72,33.0,0.73,65.0,0.02,0.02,2350.69425,1776185303000
1776185305.87,205.87,0.28,33.0,0.27,65.0,0.3,120.0,0.31,57.0,0.7,120.0,0.69,57.0,0.72,33.0,0.73,65.0,0.02,0.02,2350.674895,1776185304000
1776185306.4,206.4,0.22,10.0,0.21,110.0,0.26,19.0,0.27,10.0,0.7,120.0,0.69,57.0,0.72,33.0,0.73,65.0,0.04,0.02,2350.674895,1776185304000
1776185306.675,206.675,0.22,8.61,0.21,110.0,0.26,29.0,0.27,10.0,0.74,19.0,0.73,10.0,0.78,10.0,0.79,110.0,0.04,0.04,2350.72062,1776185305000
1776185306.974,206.974,0.22,27.32,0.21,115.0,0.26,14.76,0.27,199.03,0.74,7.0,0.73,10.0,0.78,7.32,0.79,110.0,0.04,0.04,2350.72062,1776185305000
1776185307.188,207.188,0.21,125.0,0.2,95.0,0.24,10.0,0.26,14.76,0.74,14.76,0.73,199.03,0.78,27.32,0.79,115.0,0.03,0.04,2350.72062,1776185305000
1776185308.509,208.509,0.22,115.48,0.21,130.0,0.23,10.0,0.24,16.0,0.76,10.0,0.74,14.76,0.79,125.0,0.8,95.0,0.01,0.03,2350.484954,1776185306000
1776185308.792,208.792,0.22,115.48,0.21,130.0,0.23,10.0,0.24,16.0,0.77,10.0,0.76,16.0,0.78,115.48,0.79,130.0,0.01,0.01,2350.327085,1776185307000
1776185309.364,209.364,0.22,115.48,0.21,130.0,0.23,10.0,0.24,16.0,0.77,10.0,0.76,16.0,0.78,115.48,0.79,130.0,0.01,0.01,2350.405005,1776185308000
1776185310.071,210.071,0.22,115.48,0.21,130.0,0.23,10.0,0.24,16.0,0.77,10.0,0.76,16.0,0.78,115.48,0.79,130.0,0.01,0.01,2350.41634,1776185309000
1776185311.456,211.456,0.22,115.48,0.21,130.0,0.23,10.0,0.24,16.0,0.77,10.0,0.76,16.0,0.78,115.48,0.79,130.0,0.01,0.01,2350.345824,1776185310000
1776185312.148,212.148,0.22,115.48,0.21,130.0,0.23,10.0,0.24,16.0,0.77,10.0,0.76,16.0,0.78,115.48,0.79,130.0,0.01,0.01,2350.342139,1776185311000
1776185312.804,212.804,0.21,20.0,0.2,167.05,0.25,7.0,0.26,14.76,0.77,10.0,0.76,16.0,0.78,115.48,0.79,130.0,0.04,0.01,2350.342139,1776185311000
1776185313.381,213.381,0.2,5.0,0.18,334.4,0.22,5.0,0.23,16.0,0.75,7.0,0.74,14.76,0.79,20.0,0.8,167.05,0.02,0.04,2350.342139,1776185311000
1776185313.659,213.659,0.2,15.0,0.19,4.46,0.21,1.0,0.22,11.0,0.79,6.0,0.78,11.0,0.81,4.46,0.82,334.4,0.01,0.02,2350.222381,1776185312000
1776185314.136,214.136,0.2,15.0,0.19,4.46,0.23,14.0,0.24,28.0,0.77,14.0,0.76,28.0,0.8,15.0,0.81,4.46,0.03,0.03,2350.298036,1776185313000
1776185314.423,214.423,0.23,3.5,0.22,35.0,0.25,7.0,0.26,127.0,0.77,14.0,0.76,28.0,0.8,15.0,0.81,4.46,0.02,0.03,2350.298036,1776185313000
1776185314.687,214.687,0.25,14.92,0.24,39.0,0.26,137.0,0.27,10.0,0.74,137.0,0.73,10.0,0.75,11.26,0.76,34.0,0.01,0.01,2350.298036,1776185313000
1776185315.539,215.539,0.25,14.92,0.24,39.0,0.26,137.0,0.27,10.0,0.74,137.0,0.73,10.0,0.75,14.92,0.76,39.0,0.01,0.01,2350.38282,1776185314000
1776185315.838,215.838,0.2,10.0,0.19,186.8,0.22,5.45,0.23,10.0,0.74,137.0,0.73,10.0,0.75,14.92,0.76,39.0,0.02,0.01,2350.38282,1776185314000
1776185316.189,216.189,0.2,58.6,0.19,342.8,0.22,5.45,0.23,10.0,0.78,5.45,0.77,10.0,0.8,58.6,0.81,342.8,0.02,0.02,2350.3853,1776185315000
1776185317.509,217.509,0.2,58.6,0.19,342.8,0.22,5.45,0.23,10.0,0.78,5.45,0.77,10.0,0.8,58.6,0.81,342.8,0.02,0.02,2350.612035,1776185316000
1776185318.248,218.248,0.2,58.6,0.19,342.8,0.22,5.45,0.23,10.0,0.78,5.45,0.77,10.0,0.8,58.6,0.81,342.8,0.02,0.02,2350.574985,1776185317000
1776185319.51,219.51,0.2,58.6,0.19,342.8,0.22,5.45,0.23,10.0,0.78,5.45,0.77,10.0,0.8,58.6,0.81,342.8,0.02,0.02,2350.28661,1776185318000
1776185320.243,220.243,0.2,58.6,0.19,342.8,0.22,5.45,0.23,10.0,0.78,5.45,0.77,10.0,0.8,58.6,0.81,342.8,0.02,0.02,2350.30161,1776185319000
1776185321.114,221.114,0.2,3.75,0.19,105.31,0.21,144.0,0.22,75.0,0.78,5.45,0.77,10.0,0.8,58.6,0.81,342.8,0.01,0.02,2350.30161,1776185319000
1776185321.384,221.384,0.2,3.75,0.19,105.31,0.21,144.0,0.22,75.0,0.79,144.0,0.78,75.0,0.8,3.75,0.81,105.31,0.01,0.01,2350.334485,1776185320000
1776185321.984,221.984,0.2,3.75,0.19,105.31,0.21,144.0,0.22,75.0,0.79,144.0,0.78,75.0,0.8,3.75,0.81,105.31,0.01,0.01,2350.345135,1776185321000
1776185322.78,222.78,0.18,115.0,0.17,125.0,0.2,363.0,0.21,353.99,0.79,144.0,0.78,75.0,0.8,3.75,0.81,105.31,0.02,0.01,2350.345135,1776185321000
1776185323.407,223.407,0.18,110.0,0.17,130.0,0.19,592.72,0.2,145.99,0.8,363.0,0.79,353.99,0.82,115.0,0.83,125.0,0.01,0.02,2350.345135,1776185321000
1776185324.114,224.114,0.18,110.0,0.17,130.0,0.19,592.72,0.2,145.99,0.81,592.72,0.8,145.99,0.82,110.0,0.83,130.0,0.01,0.01,2350.290435,1776185322000
1776185324.789,224.789,0.18,110.0,0.17,130.0,0.19,592.72,0.2,145.99,0.81,592.72,0.8,145.99,0.82,110.0,0.83,130.0,0.01,0.01,2350.174825,1776185323000
1776185325.429,225.429,0.18,110.0,0.17,130.0,0.19,592.72,0.2,145.99,0.81,592.72,0.8,145.99,0.82,110.0,0.83,130.0,0.01,0.01,2350.04095,1776185324000
1776185325.976,225.976,0.18,110.0,0.17,130.0,0.19,592.72,0.2,145.99,0.81,592.72,0.8,145.99,0.82,110.0,0.83,130.0,0.01,0.01,2350.00649,1776185325000
1776185327.278,227.278,0.18,110.0,0.17,130.0,0.19,592.72,0.2,145.99,0.81,592.72,0.8,145.99,0.82,110.0,0.83,130.0,0.01,0.01,2350.044785,1776185326000
1776185328.114,228.114,0.18,110.0,0.17,130.0,0.19,592.72,0.2,145.99,0.81,592.72,0.8,145.99,0.82,110.0,0.83,130.0,0.01,0.01,2350.044785,1776185327000
1776185329.217,229.217,0.18,110.0,0.17,130.0,0.19,592.72,0.2,145.99,0.81,592.72,0.8,145.99,0.82,110.0,0.83,130.0,0.01,0.01,2350.052425,1776185328000
1776185329.519,229.519,0.16,50.0,0.15,121.66,0.17,607.49,0.18,184.9,0.81,592.72,0.8,145.99,0.82,110.0,0.83,130.0,0.01,0.01,2350.052425,1776185328000
1776185330.623,230.623,0.15,94.49,0.14,275.0,0.16,597.79,0.17,166.5,0.83,607.49,0.82,184.9,0.84,50.0,0.85,121.66,0.01,0.01,2350.052425,1776185328000
1776185330.834,230.834,0.15,69.62,0.14,275.0,0.16,709.79,0.17,161.5,0.84,714.79,0.83,161.5,0.85,69.62,0.86,275.0,0.01,0.01,2349.951015,1776185329000
1776185331.113,231.113,0.15,62.37,0.14,275.0,0.16,704.8,0.17,173.5,0.84,709.79,0.83,173.5,0.85,62.37,0.86,275.0,0.01,0.01,2349.951015,1776185329000
1776185331.7,231.7,0.15,0.61,0.14,225.0,0.16,807.8,0.17,205.5,0.84,704.8,0.83,173.5,0.85,42.37,0.86,275.0,0.01,0.01,2349.951015,1776185329000
1776185331.913,231.913,0.14,170.61,0.13,210.0,0.16,862.8,0.17,205.5,0.84,807.8,0.83,205.5,0.85,0.61,0.86,225.0,0.02,0.01,2349.907781,1776185330000
1776185332.372,232.372,0.14,170.61,0.13,210.0,0.16,862.8,0.17,205.5,0.84,862.8,0.83,205.5,0.86,170.61,0.87,210.0,0.02,0.02,2349.857285,1776185331000
1776185333.549,233.549,0.14,170.61,0.13,210.0,0.16,862.8,0.17,205.5,0.84,862.8,0.83,205.5,0.86,170.61,0.87,210.0,0.02,0.02,2349.710791,1776185332000
1776185333.974,233.974,0.13,163.85,0.12,372.09,0.14,646.89,0.15,316.2,0.84,862.8,0.83,205.5,0.86,170.61,0.87,210.0,0.01,0.02,2349.710791,1776185332000
1776185334.325,234.325,0.13,163.85,0.12,372.09,0.14,646.89,0.15,316.2,0.86,646.89,0.85,316.2,0.87,163.85,0.88,372.09,0.01,0.01,2349.699176,1776185333000
1776185335.154,235.154,0.13,64.57,0.12,372.09,0.14,638.89,0.15,316.2,0.86,646.89,0.85,316.2,0.87,163.85,0.88,372.09,0.01,0.01,2349.699176,1776185333000
1776185335.609,235.609,0.13,64.57,0.12,372.09,0.14,638.89,0.15,316.2,0.86,638.89,0.85,316.2,0.87,64.57,0.88,372.09,0.01,0.01,2349.628129,1776185334000
1776185336.064,236.064,0.13,30.23,0.12,255.09,0.14,641.89,0.15,181.2,0.86,638.89,0.85,316.2,0.87,64.57,0.88,372.09,0.01,0.01,2349.628129,1776185334000
1776185336.402,236.402,0.13,30.23,0.12,255.09,0.14,641.89,0.15,181.2,0.86,641.89,0.85,181.2,0.87,30.23,0.88,255.09,0.01,0.01,2349.634605,1776185335000
1776185336.934,236.934,0.13,30.23,0.12,255.09,0.14,641.89,0.15,181.2,0.86,641.89,0.85,181.2,0.87,30.23,0.88,255.09,0.01,0.01,2349.635092,1776185336000
1776185337.711,237.711,0.12,247.13,0.11,437.0,0.14,742.89,0.15,216.58,0.86,641.89,0.85,181.2,0.87,30.23,0.88,255.09,0.02,0.01,2349.635092,1776185336000
1776185338.158,238.158,0.12,247.13,0.11,437.0,0.14,742.89,0.15,216.58,0.86,742.89,0.85,216.58,0.88,247.13,0.89,437.0,0.02,0.02,2349.683092,1776185337000
1776185339.354,239.354,0.11,385.96,0.1,335.0,0.13,474.53,0.14,292.9,0.86,742.89,0.85,216.58,0.88,247.13,0.89,437.0,0.02,0.02,2349.683092,1776185337000
1776185339.985,239.985,0.11,385.96,0.1,335.0,0.13,474.53,0.14,292.9,0.87,474.53,0.86,292.9,0.89,385.96,0.9,335.0,0.02,0.02,2349.57456,1776185338000
1776185340.344,240.344,0.11,385.96,0.1,335.0,0.13,474.53,0.14,292.9,0.87,474.53,0.86,292.9,0.89,385.96,0.9,335.0,0.02,0.02,2349.54449,1776185339000
1776185340.613,240.613,0.11,3.34,0.1,452.0,0.12,521.09,0.13,302.54,0.87,474.53,0.86,292.9,0.89,385.96,0.9,335.0,0.01,0.02,2349.54449,1776185339000
1776185341.122,241.122,0.1,328.76,0.09,135.0,0.11,565.78,0.12,176.1,0.89,358.99,0.88,166.1,0.9,454.88,0.91,135.0,0.01,0.01,2349.54449,1776185339000
1776185341.359,241.359,0.1,328.76,0.09,135.0,0.11,565.78,0.12,176.1,0.89,565.78,0.88,176.1,0.9,328.76,0.91,135.0,0.01,0.01,2349.584365,1776185340000
1776185342.261,242.261,0.1,328.76,0.09,135.0,0.11,565.78,0.12,176.1,0.89,565.78,0.88,176.1,0.9,328.76,0.91,135.0,0.01,0.01,2349.578305,1776185341000
1776185342.686,242.686,0.1,24.76,0.09,135.0,0.11,585.78,0.12,181.1,0.89,565.78,0.88,176.1,0.9,328.76,0.91,135.0,0.01,0.01,2349.578305,1776185341000
1776185343.22,243.22,0.1,21.76,0.09,135.0,0.11,590.78,0.12,186.1,0.89,590.78,0.88,186.1,0.9,26.76,0.91,135.0,0.01,0.01,2349.578305,1776185341000
1776185343.427,243.427,0.1,13.41,0.09,135.0,0.11,580.78,0.12,186.1,0.89,585.78,0.88,186.1,0.9,18.41,0.91,135.0,0.01,0.01,2349.56492,1776185342000
1776185343.661,243.661,0.09,134.45,0.08,333.0,0.11,580.78,0.12,186.1,0.89,575.78,0.88,186.1,0.9,5.0,0.91,135.0,0.02,0.01,2349.56492,1776185342000
1776185343.905,243.905,0.09,257.17,0.08,216.0,0.1,307.99,0.11,246.79,0.9,331.99,0.89,236.79,0.91,262.17,0.92,216.0,0.01,0.01,2349.56492,1776185342000
1776185344.23,244.23,0.09,262.17,0.08,216.0,0.1,285.99,0.11,246.79,0.9,285.99,0.89,246.79,0.91,262.17,0.92,216.0,0.01,0.01,2349.561,1776185343000
1776185344.656,244.656,0.09,233.87,0.08,229.0,0.1,305.99,0.11,246.79,0.9,300.99,0.89,246.79,0.91,261.07,0.92,216.0,0.01,0.01,2349.561,1776185343000
1776185345.213,245.213,0.09,233.87,0.08,229.0,0.1,305.99,0.11,246.79,0.9,305.99,0.89,246.79,0.91,233.87,0.92,229.0,0.01,0.01,2349.56798,1776185344000
1776185345.716,245.716,0.08,211.58,0.07,410.0,0.1,480.99,0.11,363.79,0.9,305.99,0.89,246.79,0.91,233.87,0.92,229.0,0.02,0.01,2349.56798,1776185344000
1776185345.936,245.936,0.08,224.2,0.07,410.0,0.09,103.4,0.1,248.0,0.9,480.99,0.89,363.79,0.92,211.58,0.93,410.0,0.01,0.02,2349.56798,1776185344000
1776185346.226,246.226,0.08,224.2,0.07,410.0,0.09,103.4,0.1,248.0,0.91,103.4,0.9,248.0,0.92,224.2,0.93,410.0,0.01,0.01,2349.70547,1776185345000
1776185346.645,246.645,0.08,55.84,0.07,410.0,0.09,770.4,0.1,216.0,0.91,373.4,0.9,243.0,0.92,195.42,0.93,527.0,0.01,0.01,2349.70547,1776185345000
1776185346.856,246.856,0.07,408.0,0.06,410.0,0.08,45.0,0.09,687.4,0.91,735.4,0.9,216.0,0.93,410.0,0.94,410.0,0.01,0.02,2349.70547,1776185345000
1776185347.17,247.17,0.06,402.47,0.05,502.26,0.08,748.85,0.09,216.44,0.92,699.95,0.91,211.44,0.94,402.69,0.95,502.26,0.02,0.02,2349.70547,1776185345000
1776185347.654,247.654,0.05,502.26,0.04,260.0,0.06,7.53,0.07,770.25,0.92,839.8,0.91,216.44,0.94,319.3,0.95,502.26,0.01,0.02,2349.70923,1776185346000
1776185348.053,248.053,0.05,419.1,0.04,260.0,0.06,811.99,0.07,183.3,0.94,814.48,0.93,206.3,0.95,479.1,0.96,260.0,0.01,0.01,2349.70923,1776185346000
1776185348.291,248.291,0.05,388.7,0.04,260.0,0.06,816.39,0.07,183.3,0.94,870.79,0.93,183.3,0.95,413.7,0.96,260.0,0.01,0.01,2349.45192,1776185347000
1776185348.827,248.827,0.05,108.7,0.04,260.0,0.06,664.79,0.07,168.3,0.94,816.39,0.93,183.3,0.95,388.7,0.96,260.0,0.01,0.01,2349.45192,1776185347000
1776185349.085,249.085,0.05,40.69,0.04,260.0,0.06,654.79,0.07,152.3,0.94,659.79,0.93,157.3,0.95,50.84,0.96,260.0,0.01,0.01,2349.45192,1776185347000
1776185349.43,249.43,0.04,382.94,0.03,350.0,0.05,304.02,0.06,139.84,0.94,537.79,0.93,269.3,0.96,260.0,0.97,345.0,0.01,0.02,2349.07561,1776185348000
1776185349.843,249.843,0.04,250.85,0.03,350.0,0.05,178.96,0.06,235.84,0.95,304.02,0.94,139.84,0.96,382.94,0.97,350.0,0.01,0.01,2349.07561,1776185348000
1776185350.126,250.126,0.04,204.8,0.03,350.0,0.05,178.96,0.06,235.84,0.95,178.96,0.94,235.84,0.96,204.8,0.97,350.0,0.01,0.01,2348.854975,1776185349000
1776185350.371,250.371,0.03,384.0,0.02,998.53,0.05,267.76,0.06,240.84,0.95,141.96,0.94,240.84,0.96,149.6,0.97,384.0,0.02,0.01,2348.854975,1776185349000
1776185350.591,250.591,0.04,3.0,0.03,534.66,0.05,272.76,0.06,240.84,0.95,267.76,0.94,240.84,0.97,384.0,0.98,998.53,0.01,0.02,2348.854975,1776185349000
1776185350.887,250.887,0.04,3.0,0.03,500.66,0.05,308.76,0.06,367.84,0.95,272.76,0.94,240.84,0.96,3.0,0.97,534.66,0.01,0.01,2348.854975,1776185349000
1776185351.116,251.116,0.03,494.61,0.02,998.53,0.05,313.76,0.06,367.84,0.95,313.76,0.94,367.84,0.96,1.95,0.97,500.66,0.02,0.01,2348.72116,1776185350000
1776185351.424,251.424,0.03,202.36,0.02,1166.53,0.04,231.5,0.05,244.8,0.96,8.84,0.95,313.76,0.97,494.61,0.98,998.53,0.01,0.01,2348.72116,1776185350000
1776185351.841,251.841,0.03,114.71,0.02,1166.53,0.04,246.8,0.05,244.8,0.96,236.5,0.95,244.8,0.97,140.05,0.98,1166.53,0.01,0.01,2348.72116,1776185350000
1776185352.446,252.446,0.03,20.74,0.02,865.83,0.04,787.83,0.05,209.8,0.96,246.8,0.95,244.8,0.97,114.71,0.98,1166.53,0.01,0.01,2348.72116,1776185350000
1776185353.192,253.192,0.02,870.97,0.01,2216.43,0.03,465.19,0.04,423.84,0.96,782.83,0.95,209.8,0.98,815.47,0.99,2316.43,0.01,0.02,2348.98786,1776185351000
1776185353.604,253.604,0.02,713.97,0.01,2482.43,0.03,465.19,0.04,413.54,0.97,465.19,0.96,423.84,0.98,870.97,0.99,2216.43,0.01,0.01,2348.976345,1776185352000
1776185354.107,254.107,0.02,648.37,0.01,2382.43,0.03,538.19,0.04,395.54,0.97,465.19,0.96,413.54,0.98,713.97,0.99,2482.43,0.01,0.01,2348.976345,1776185352000
1776185354.434,254.434,0.02,594.0,0.01,2382.43,0.03,514.19,0.04,408.54,0.97,538.19,0.96,395.54,0.98,648.37,0.99,2382.43,0.01,0.01,2348.976345,1776185352000
1776185354.807,254.807,0.02,577.88,0.01,2482.43,0.03,533.19,0.04,395.54,0.97,514.19,0.96,408.54,0.98,594.0,0.99,2382.43,0.01,0.01,2348.90003,1776185353000
1776185355.047,255.047,0.02,562.47,0.01,2482.43,0.03,528.19,0.04,395.54,0.97,528.19,0.96,395.54,0.98,562.47,0.99,2482.43,0.01,0.01,2348.801935,1776185354000
1776185356.081,256.081,0.04,45.85,0.02,1215.17,0.05,5.0,0.06,195.56,0.97,528.19,0.96,395.54,0.98,562.47,0.99,2482.43,0.01,0.01,2348.801935,1776185354000
1776185356.294,256.294,0.04,65.85,0.03,10.0,0.06,155.56,0.07,117.0,0.94,155.56,0.93,117.0,0.96,65.85,0.97,10.0,0.02,0.02,2348.63278,1776185355000
1776185356.535,256.535,0.05,415.41,0.04,324.85,0.07,190.45,0.08,282.0,0.94,18.46,0.93,252.56,0.95,390.41,0.96,324.85,0.02,0.01,2348.63278,1776185355000
1776185357.319,257.319,0.05,169.27,0.04,510.65,0.06,5.0,0.07,424.98,0.93,190.45,0.92,232.0,0.95,389.34,0.96,324.85,0.01,0.02,2348.63278,1776185355000
1776185357.731,257.731,0.04,121.63,0.03,492.7,0.05,144.96,0.06,324.0,0.94,260.96,0.93,122.89,0.96,202.16,0.97,375.7,0.01,0.02,2348.6253,1776185356000
1776185358.057,258.057,0.04,7.55,0.03,269.0,0.05,342.96,0.06,149.0,0.95,144.96,0.94,324.0,0.96,121.63,0.97,492.7,0.01,0.01,2348.6253,1776185356000
1776185358.3,258.3,0.03,110.0,0.02,946.67,0.05,342.96,0.06,149.0,0.95,342.96,0.94,149.0,0.96,2.55,0.97,269.0,0.02,0.01,2349.33881,1776185357000
1776185358.574,258.574,0.03,133.4,0.02,1063.67,0.04,160.96,0.05,352.0,0.95,342.96,0.94,149.0,0.97,110.0,0.98,946.67,0.01,0.02,2349.33881,1776185357000
1776185359.163,259.163,0.03,31.07,0.02,1063.67,0.04,166.26,0.05,362.0,0.96,160.96,0.95,352.0,0.97,133.4,0.98,1063.67,0.01,0.01,2349.33881,1776185357000
1776185360.04,260.04,0.03,451.88,0.02,696.67,0.05,104.3,0.06,202.0,0.96,166.26,0.95,362.0,0.97,31.07,0.98,1063.67,0.02,0.01,2349.588795,1776185358000
1776185360.367,260.367,0.03,451.88,0.02,696.67,0.05,104.3,0.06,202.0,0.95,104.3,0.94,202.0,0.97,451.88,0.98,696.67,0.02,0.02,2349.224434,1776185359000
1776185360.988,260.988,0.04,2.65,0.03,418.7,0.05,142.96,0.06,362.8,0.95,142.96,0.94,362.8,0.96,2.65,0.97,418.7,0.01,0.01,2349.19078,1776185360000
1776185361.369,261.369,0.03,416.47,0.02,696.67,0.05,152.96,0.06,362.8,0.95,142.96,0.94,362.8,0.96,2.65,0.97,418.7,0.02,0.01,2349.19078,1776185360000
1776185361.751,261.751,0.03,415.25,0.02,696.67,0.05,157.96,0.06,352.8,0.95,152.96,0.94,362.8,0.97,416.47,0.98,696.67,0.02,0.02,2349.19078,1776185360000
1776185362.015,262.015,0.03,415.25,0.02,696.67,0.05,150.07,0.06,352.8,0.95,157.96,0.94,352.8,0.97,415.25,0.98,696.67,0.02,0.02,2349.19078,1776185360000
1776185362.799,262.799,0.02,827.6,0.01,2216.43,0.04,340.96,0.05,236.8,0.95,155.07,0.94,352.8,0.97,416.63,0.98,696.67,0.02,0.02,2349.21005,1776185361000
1776185363.199,263.199,0.02,827.6,0.01,2216.43,0.04,331.88,0.05,236.8,0.96,331.88,0.95,236.8,0.98,827.6,0.99,2216.43,0.02,0.02,2349.3171,1776185362000
1776185363.749,263.749,0.02,490.86,0.01,2216.43,0.03,119.96,0.04,397.62,0.96,331.88,0.95,236.8,0.98,827.6,0.99,2216.43,0.01,0.02,2349.3171,1776185362000
1776185364.316,264.316,0.02,480.65,0.01,2216.43,0.03,124.96,0.04,397.62,0.97,124.96,0.96,397.62,0.98,480.65,0.99,2216.43,0.01,0.01,2349.333745,1776185363000
1776185364.73,264.73,0.02,485.65,0.01,2216.43,0.03,153.58,0.04,351.62,0.97,124.96,0.96,397.62,0.98,480.65,0.99,2216.43,0.01,0.01,2349.333745,1776185363000
1776185365.39,265.39,0.02,485.65,0.01,2216.43,0.03,153.58,0.04,351.62,0.97,153.58,0.96,351.62,0.98,485.65,0.99,2216.43,0.01,0.01,2349.121672,1776185364000
1776185366.096,266.096,0.02,132.98,0.01,2400.43,0.03,287.28,0.04,346.62,0.97,287.28,0.96,346.62,0.98,132.98,0.99,2400.43,0.01,0.01,2349.102255,1776185365000
1776185366.83,266.83,0.03,315.7,0.02,416.93,0.05,10.0,0.06,94.0,0.97,35.96,0.96,242.7,0.98,667.68,0.99,2124.43,0.02,0.01,2349.102255,1776185365000
1776185367.184,267.184,0.05,62.47,0.04,279.0,0.06,10.0,0.07,92.45,0.93,0.42,0.92,100.0,0.94,5.0,0.96,244.0,0.01,0.01,2349.102255,1776185365000
1776185367.421,267.421,0.05,322.8,0.04,377.8,0.06,32.96,0.07,83.99,0.94,10.0,0.93,92.45,0.95,62.47,0.96,279.0,0.01,0.01,2349.102255,1776185365000
1776185367.714,267.714,0.05,475.8,0.04,193.8,0.06,13.2,0.07,83.99,0.94,32.96,0.93,83.99,0.95,322.8,0.96,377.8,0.01,0.01,2349.17823,1776185366000
1776185368.132,268.132,0.05,475.8,0.04,193.8,0.06,13.2,0.07,83.99,0.94,13.2,0.93,83.99,0.95,475.8,0.96,193.8,0.01,0.01,2349.21318,1776185367000
1776185368.475,268.475,0.05,121.15,0.04,434.8,0.06,62.96,0.07,200.99,0.94,13.2,0.93,83.99,0.95,475.8,0.96,193.8,0.01,0.01,2349.21318,1776185367000
1776185369.042,269.042,0.05,121.15,0.04,434.8,0.06,62.96,0.07,200.99,0.94,62.96,0.93,200.99,0.95,121.15,0.96,434.8,0.01,0.01,2349.58225,1776185368000
1776185369.313,269.313,0.05,16.67,0.04,317.8,0.06,220.54,0.07,133.99,0.94,215.54,0.93,133.99,0.95,26.67,0.96,317.8,0.01,0.01,2349.58225,1776185368000
1776185369.544,269.544,0.05,0.51,0.04,75.0,0.06,413.54,0.07,121.0,0.94,220.54,0.93,133.99,0.95,16.67,0.96,317.8,0.01,0.01,2349.58225,1776185368000
1776185369.793,269.793,0.04,43.36,0.03,277.7,0.06,418.54,0.07,121.0,0.94,403.54,0.93,121.0,0.96,45.46,0.97,277.7,0.02,0.02,2349.58225,1776185368000
1776185370.112,270.112,0.04,43.36,0.03,277.7,0.06,418.54,0.07,121.0,0.94,418.54,0.93,121.0,0.96,43.36,0.97,277.7,0.02,0.02,2349.90929,1776185369000
1776185370.541,270.541,0.04,43.36,0.03,277.7,0.06,567.87,0.07,111.0,0.94,418.54,0.93,121.0,0.96,43.36,0.97,277.7,0.02,0.02,2349.90929,1776185369000
1776185370.896,270.896,0.04,37.41,0.03,154.0,0.06,517.87,0.07,61.0,0.94,567.87,0.93,111.0,0.96,42.31,0.97,154.0,0.02,0.02,2349.90929,1776185369000
1776185371.282,271.282,0.05,13.5,0.04,272.16,0.06,281.88,0.07,56.0,0.94,507.41,0.93,61.0,0.96,12.16,0.97,154.0,0.01,0.02,2349.884515,1776185370000
1776185371.532,271.532,0.05,10.0,0.04,284.16,0.06,180.71,0.07,192.43,0.94,128.45,0.93,56.0,0.95,15.0,0.96,284.16,0.01,0.01,2349.884515,1776185370000
1776185371.964,271.964,0.05,345.8,0.04,145.96,0.07,75.43,0.08,68.0,0.94,29.98,0.93,75.43,0.95,9.94,0.96,309.16,0.02,0.01,2349.884515,1776185370000
1776185372.592,272.592,0.06,331.0,0.05,105.74,0.07,173.08,0.08,63.42,0.93,75.43,0.92,68.0,0.95,330.27,0.96,145.96,0.01,0.02,2349.651815,1776185371000
1776185372.853,272.853,0.06,284.8,0.05,110.74,0.07,154.08,0.08,46.43,0.93,139.08,0.92,63.42,0.94,343.0,0.95,110.74,0.01,0.01,2349.651815,1776185371000
1776185373.088,273.088,0.06,352.53,0.05,110.74,0.07,120.0,0.08,46.43,0.93,125.5,0.92,46.43,0.94,352.53,0.95,110.74,0.01,0.01,2349.651815,1776185371000
1776185373.397,273.397,0.06,212.46,0.05,110.74,0.07,13.81,0.08,28.43,0.93,120.0,0.92,46.43,0.94,351.46,0.95,110.74,0.01,0.01,2349.765579,1776185372000
1776185373.653,273.653,0.06,84.73,0.05,80.74,0.07,300.67,0.08,79.99,0.93,176.24,0.92,28.43,0.94,212.46,0.95,110.74,0.01,0.01,2349.765579,1776185372000
1776185373.903,273.903,0.05,70.96,0.04,105.96,0.07,400.67,0.08,98.99,0.93,300.67,0.92,79.99,0.94,84.73,0.95,80.74,0.02,0.01,2349.765579,1776185372000
1776185374.196,274.196,0.04,105.96,0.03,158.7,0.07,414.67,0.08,79.99,0.93,400.67,0.92,98.99,0.95,70.96,0.96,105.96,0.03,0.02,2349.974675,1776185373000
1776185374.763,274.763,0.05,15.81,0.04,105.96,0.06,197.16,0.07,214.81,0.93,414.67,0.92,79.99,0.96,105.96,0.97,158.7,0.01,0.03,2349.974675,1776185373000
1776185374.998,274.998,0.05,15.81,0.04,105.96,0.06,197.16,0.07,214.81,0.94,197.16,0.93,214.81,0.95,15.81,0.96,105.96,0.01,0.01,2350.142985,1776185374000
1776185375.235,275.235,0.04,6.18,0.03,152.0,0.06,235.16,0.07,214.81,0.94,197.16,0.93,214.81,0.95,15.81,0.96,105.96,0.02,0.01,2350.142985,1776185374000
1776185375.799,275.799,0.02,127.98,0.01,1767.79,0.05,338.24,0.06,195.73,0.94,235.16,0.93,214.81,0.96,12.45,0.97,152.0,0.03,0.02,2350.142985,1776185374000
1776185376.051,276.051,0.03,9.9,0.02,127.98,0.04,30.0,0.05,393.42,0.96,30.0,0.95,393.42,0.97,9.9,0.98,127.98,0.01,0.01,2350.009555,1776185375000
1776185376.405,276.405,0.03,8.86,0.02,127.98,0.04,291.43,0.05,88.99,0.96,30.0,0.95,393.42,0.97,9.9,0.98,127.98,0.01,0.01,2350.009555,1776185375000
1776185376.74,276.74,0.03,32.13,0.02,127.98,0.04,149.43,0.05,231.99,0.96,296.43,0.95,88.99,0.97,2.24,0.98,127.98,0.01,0.01,2350.009555,1776185375000
1776185377.064,277.064,0.02,125.74,0.01,1884.79,0.04,149.43,0.05,231.99,0.96,149.43,0.95,231.99,0.97,32.13,0.98,127.98,0.02,0.01,2350.03,1776185376000
1776185377.402,277.402,0.02,113.42,0.01,1884.79,0.04,154.43,0.05,236.99,0.96,149.43,0.95,231.99,0.98,114.55,0.99,1884.79,0.02,0.02,2350.03,1776185376000
1776185377.72,277.72,0.01,1842.98,,,0.04,149.43,0.05,236.99,0.96,154.43,0.95,236.99,0.99,1877.87,,,0.03,0.03,2350.03,1776185376000
1776185377.963,277.963,0.01,1830.4,,,0.03,20.0,0.04,114.43,0.97,20.0,0.96,114.43,0.99,1830.4,,,0.02,0.02,2349.865745,1776185377000
1776185378.179,278.179,0.01,1425.4,,,0.03,20.0,0.04,109.43,0.97,20.0,0.96,109.43,0.99,1430.4,,,0.02,0.02,2349.865745,1776185377000
1776185378.564,278.564,0.01,1183.4,,,0.03,194.43,0.04,93.43,0.97,20.0,0.96,109.43,0.99,1420.4,,,0.02,0.02,2349.865745,1776185377000
1776185378.888,278.888,0.01,1166.4,,,0.03,311.43,0.04,88.43,0.97,194.43,0.96,93.43,0.99,1171.4,,,0.02,0.02,2349.865745,1776185377000
1776185379.38,279.38,0.03,76.0,0.02,50.0,0.04,191.43,0.05,25.0,0.97,311.43,0.96,88.43,0.99,1161.35,,,0.01,0.02,2349.748139,1776185378000
1776185380.028,280.028,0.03,65.69,0.01,1118.35,0.04,402.64,0.05,196.0,0.96,191.43,0.95,25.0,0.97,76.0,0.98,50.0,0.01,0.01,2349.748139,1776185378000
1776185380.472,280.472,0.03,65.69,0.01,1118.35,0.04,402.64,0.05,196.0,0.96,402.64,0.95,196.0,0.97,65.69,0.99,1118.35,0.01,0.01,2349.68286,1776185379000
1776185380.699,280.699,0.03,28.56,0.01,1118.35,0.04,281.43,0.05,196.0,0.96,281.43,0.95,196.0,0.97,64.65,0.99,1118.35,0.01,0.01,2349.68286,1776185379000
1776185381.027,281.027,0.02,10.0,0.01,1118.35,0.04,228.43,0.05,196.0,0.96,228.43,0.95,196.0,0.98,10.0,0.99,1118.35,0.02,0.02,2349.606518,1776185380000
1776185381.723,281.723,0.02,7.13,0.01,1118.35,0.04,289.43,0.05,172.0,0.96,228.43,0.95,196.0,0.98,10.0,0.99,1118.35,0.02,0.02,2349.606518,1776185380000
1776185382.064,282.064,0.02,7.13,0.01,1118.35,0.04,289.43,0.05,172.0,0.96,289.43,0.95,172.0,0.98,7.13,0.99,1118.35,0.02,0.02,2349.642299,1776185381000
1776185382.791,282.791,0.02,4.5,0.01,1001.35,0.03,201.0,0.04,179.16,0.96,332.43,0.95,172.0,0.99,1118.35,,,0.01,0.03,2349.642299,1776185381000
1776185383.012,283.012,0.01,1000.9,,,0.03,201.0,0.04,179.16,0.97,201.0,0.96,179.16,0.99,1000.9,,,0.02,0.02,2349.764255,1776185382000
1776185383.554,283.554,0.01,926.43,,,0.03,367.0,0.04,105.16,0.97,201.0,0.96,179.16,0.99,1000.9,,,0.02,0.02,2349.764255,1776185382000
1776185383.946,283.946,0.01,921.4,,,0.03,362.0,0.04,105.16,0.97,362.0,0.96,105.16,0.99,924.4,,,0.02,0.02,2349.764255,1776185382000
1776185384.253,284.253,0.01,916.55,,,0.03,367.0,0.04,105.16,0.97,362.0,0.96,105.16,0.99,921.4,,,0.02,0.02,2349.74098,1776185383000
1776185384.552,284.552,0.01,805.44,,,0.03,367.0,0.04,105.16,0.97,367.0,0.96,105.16,0.99,906.45,,,0.02,0.02,2349.74098,1776185383000
1776185384.848,284.848,0.01,799.44,,,0.03,362.0,0.04,105.16,0.97,367.0,0.96,105.16,0.99,805.44,,,0.02,0.02,2349.74098,1776185383000
1776185385.091,285.091,0.01,799.44,,,0.03,362.0,0.04,105.16,0.97,362.0,0.96,105.16,0.99,799.44,,,0.02,0.02,2349.67671,1776185384000
1776185385.407,285.407,0.01,784.44,,,0.02,494.0,0.03,121.0,0.97,362.0,0.96,105.16,0.99,799.44,,,0.01,0.02,2349.67671,1776185384000
1776185385.647,285.647,0.01,769.44,,,0.02,459.0,0.03,121.0,0.98,449.0,0.97,121.0,0.99,779.44,,,0.01,0.01,2349.67671,1776185384000
1776185385.936,285.936,0.01,621.95,,,0.02,511.0,0.03,121.0,0.98,464.0,0.97,121.0,0.99,757.31,,,0.01,0.01,2349.67671,1776185384000
1776185386.152,286.152,0.01,621.95,,,0.02,511.0,0.03,121.0,0.98,511.0,0.97,121.0,0.99,621.95,,,0.01,0.01,2349.586135,1776185385000
1776185386.479,286.479,0.01,595.78,,,0.02,511.0,0.03,121.0,0.98,511.0,0.97,121.0,0.99,596.8,,,0.01,0.01,2349.586135,1776185385000
1776185386.732,286.732,0.01,564.78,,,0.02,516.0,0.03,91.0,0.98,511.0,0.97,121.0,0.99,595.78,,,0.01,0.01,2349.586135,1776185385000
1776185387.124,287.124,0.01,554.78,,,0.02,504.26,0.03,86.0,0.98,504.26,0.97,86.0,0.99,554.78,,,0.01,0.01,2349.44847,1776185386000
1776185387.734,287.734,0.01,404.21,,,0.02,524.26,0.03,92.0,0.98,524.26,0.97,91.0,0.99,503.21,,,0.01,0.01,2349.44847,1776185386000
1776185388.011,288.011,0.01,370.19,,,0.02,514.26,0.03,92.0,0.98,539.26,0.97,92.0,0.99,372.19,,,0.01,0.01,2349.44847,1776185386000
1776185388.376,288.376,0.01,344.93,,,0.02,524.26,0.03,92.0,0.98,514.26,0.97,92.0,0.99,370.19,,,0.01,0.01,2349.309985,1776185387000
1776185389.19,289.19,,,,,0.01,1613.08,0.02,671.26,0.99,1613.08,0.98,671.26,,,,,,,2349.34693,1776185388000
1776185389.408,289.408,,,,,0.01,4477.16,0.02,416.25,0.99,1613.08,0.98,671.26,,,,,,,2349.34693,1776185388000
1776185389.923,289.923,,,,,0.01,6283.63,0.02,299.25,0.99,4474.06,0.98,416.25,,,,,,,2349.34693,1776185388000
1776185390.207,290.207,,,,,0.01,6283.63,0.02,299.25,0.99,6283.63,0.98,299.25,,,,,,,2349.34961,1776185389000
1776185391.24,291.24,,,,,0.01,6283.63,0.02,299.25,0.99,6283.63,0.98,299.25,,,,,,,2349.301235,1776185390000
1776185392.132,292.132,,,,,0.01,6283.63,0.02,299.25,0.99,6283.63,0.98,299.25,,,,,,,2349.05407,1776185391000
1776185393.665,293.665,,,,,0.01,7517.57,0.02,220.47,0.99,7517.57,0.98,220.47,,,,,,,2348.991369,1776185392000
1776185394.149,294.149,,,,,0.01,7517.57,0.02,220.47,0.99,7517.57,0.98,220.47,,,,,,,2348.97539,1776185393000
1776185395.551,295.551,,,,,0.01,7517.57,0.02,220.47,0.99,7517.57,0.98,220.47,,,,,,,2348.991005,1776185394000
1776185396.211,296.211,,,,,0.01,7517.57,0.02,220.47,0.99,7517.57,0.98,220.47,,,,,,,2349.142935,1776185395000
1776185397.405,297.405,,,,,0.01,5993.35,0.02,220.47,0.99,7517.57,0.98,220.47,,,,,,,2349.142935,1776185395000
1776185397.877,297.877,,,,,0.01,7199.06,0.02,227.47,0.99,5993.35,0.98,220.47,,,,,,,2348.946644,1776185396000
1776185398.585,298.585,,,,,0.01,8899.15,0.02,227.47,0.99,7199.06,0.98,227.47,,,,,,,2348.83675,1776185397000
1776185399.07,299.07,,,,,0.01,8899.15,0.02,227.47,0.99,8899.15,0.98,227.47,,,,,,,2348.65123,1776185398000
1776185400.179,300.179,,,,,0.01,8899.15,0.02,227.47,0.99,8899.15,0.98,227.47,,,,,,,2348.729795,1776185399000
1776185401.31,301.31,,,,,0.01,8899.15,0.02,227.47,0.99,8899.15,0.98,227.47,,,,,,,2348.819123,1776185400000
1776185402.395,302.395,,,,,0.01,8899.15,0.02,227.47,0.99,8899.15,0.98,227.47,,,,,,,2348.71536,1776185401000
1776185402.925,302.925,,,,,0.01,8899.15,0.02,227.47,0.99,8899.15,0.98,227.47,,,,,,,2348.654145,1776185402000

# RESULT,winner=Down,slug=eth-updown-5m-1776185100,ticks=539
