timestamp,elapsed_sec,up_bid_p1,up_bid_s1,up_bid_p2,up_bid_s2,up_ask_p1,up_ask_s1,up_ask_p2,up_ask_s2,down_bid_p1,down_bid_s1,down_bid_p2,down_bid_s2,down_ask_p1,down_ask_s1,down_ask_p2,down_ask_s2,up_spread,down_spread,eth_price,eth_oracle_ts
1776238511.353,11.353,0.66,2.02,0.65,15.0,0.67,127.85,0.68,26.0,0.33,127.85,0.32,26.0,0.34,2.02,0.35,15.0,0.01,0.01,2319.3943,1776236446000
1776238511.676,11.676,0.66,7.02,0.65,10.0,0.67,127.85,0.68,26.0,0.33,127.85,0.32,26.0,0.34,2.02,0.35,15.0,0.01,0.01,2319.3943,1776236446000
1776238513.097,13.097,0.66,25.02,0.65,18.0,0.67,29.0,0.68,16.0,0.33,127.85,0.32,26.0,0.34,7.02,0.35,10.0,0.01,0.01,2319.3943,1776236446000
1776238513.485,13.485,0.69,7.0,0.68,10.0,0.7,64.42,0.71,102.0,0.29,10.0,0.27,75.0,0.31,7.0,0.33,28.0,0.01,0.02,2319.3943,1776236446000
1776238513.816,13.816,0.69,0.54,0.68,10.0,0.7,136.42,0.71,105.0,0.3,64.42,0.29,102.0,0.31,7.0,0.32,10.0,0.01,0.01,2319.3943,1776236446000
1776238515.337,15.337,0.69,4.24,0.68,10.0,0.7,126.42,0.71,87.0,0.3,136.42,0.29,105.0,0.31,0.54,0.32,10.0,0.01,0.01,2319.3943,1776236446000
1776238515.692,15.692,0.68,6.87,0.67,10.0,0.69,128.0,0.7,39.42,0.3,126.42,0.29,87.0,0.31,4.24,0.32,10.0,0.01,0.01,2319.3943,1776236446000
1776238516.5,16.5,0.68,6.87,0.67,15.0,0.69,103.0,0.7,24.42,0.31,128.0,0.3,39.42,0.32,6.87,0.33,10.0,0.01,0.01,2319.3943,1776236446000
1776238517.343,17.343,0.68,6.87,0.67,15.0,0.69,38.84,0.7,29.42,0.31,48.0,0.3,24.42,0.32,6.87,0.33,23.0,0.01,0.01,2319.3943,1776236446000
1776238518.397,18.397,0.67,15.0,0.66,23.0,0.68,5.13,0.69,73.7,0.31,41.7,0.3,24.42,0.32,6.87,0.33,15.0,0.01,0.01,2319.3943,1776236446000
1776238520.966,20.966,0.67,32.84,0.66,23.0,0.68,41.13,0.69,14.0,0.32,5.13,0.31,73.7,0.33,15.0,0.34,23.0,0.01,0.01,2319.3943,1776236446000
1776238521.169,21.169,0.67,42.84,0.66,23.0,0.68,42.13,0.69,19.0,0.32,41.13,0.31,14.0,0.33,32.84,0.34,23.0,0.01,0.01,2319.3943,1776236446000
1776238522.566,22.566,0.67,52.66,0.66,23.0,0.68,42.13,0.69,19.0,0.32,42.13,0.31,19.0,0.33,42.84,0.34,23.0,0.01,0.01,2319.3943,1776236446000
1776238522.846,22.846,0.67,53.66,0.66,86.0,0.73,94.0,0.74,106.0,0.32,42.13,0.31,19.0,0.33,52.66,0.34,23.0,0.06,0.01,2319.3943,1776236446000
1776238524.209,24.209,0.72,10.0,0.71,20.0,0.73,15.0,0.74,41.0,0.27,69.0,0.26,111.0,0.28,20.0,0.29,20.0,0.01,0.01,2319.3943,1776236446000
1776238524.638,24.638,0.72,14.82,0.71,20.0,0.73,29.0,0.74,36.0,0.27,15.0,0.26,41.0,0.28,10.0,0.29,20.0,0.01,0.01,2319.3943,1776236446000
1776238525.618,25.618,0.72,10.0,0.71,20.0,0.74,46.0,0.75,10.0,0.27,29.0,0.26,36.0,0.28,14.82,0.29,20.0,0.02,0.01,2319.3943,1776236446000
1776238528.298,28.298,0.73,50.0,0.72,10.0,0.74,1.0,0.75,27.0,0.26,46.0,0.25,10.0,0.28,10.0,0.29,20.0,0.01,0.02,2319.3943,1776236446000
1776238528.521,28.521,0.73,50.0,0.72,10.0,0.75,17.98,0.76,28.0,0.26,1.0,0.25,27.0,0.27,50.0,0.28,10.0,0.02,0.01,2319.3943,1776236446000
1776238528.855,28.855,0.74,25.0,0.73,40.0,0.75,18.71,0.76,28.0,0.25,20.05,0.24,28.0,0.26,25.0,0.27,40.0,0.01,0.01,2319.3943,1776236446000
1776238529.26,29.26,0.74,25.0,0.73,25.0,0.75,14.71,0.76,28.0,0.25,18.71,0.24,28.0,0.26,25.0,0.27,40.0,0.01,0.01,2319.3943,1776236446000
1776238530.815,30.815,0.76,50.0,0.75,10.0,0.77,86.0,0.78,96.0,0.25,14.71,0.24,28.0,0.26,25.0,0.27,25.0,0.01,0.01,2319.3943,1776236446000
1776238531.042,31.042,0.76,50.0,0.75,10.0,0.77,77.2,0.78,96.0,0.23,86.0,0.22,96.0,0.24,50.0,0.25,10.0,0.01,0.01,2319.3943,1776236446000
1776238531.523,31.523,0.76,45.0,0.75,10.0,0.77,62.7,0.78,87.0,0.23,77.2,0.22,96.0,0.24,50.0,0.25,10.0,0.01,0.01,2319.3943,1776236446000
1776238533.48,33.48,0.77,45.65,0.76,25.0,0.78,84.0,0.79,41.0,0.23,59.45,0.22,87.0,0.24,50.0,0.25,10.0,0.01,0.01,2319.3943,1776236446000
1776238535.212,35.212,0.77,27.0,0.76,15.0,0.78,94.0,0.79,50.0,0.22,84.0,0.21,41.0,0.23,45.65,0.24,25.0,0.01,0.01,2319.3943,1776236446000
1776238539.362,39.362,0.77,22.0,0.76,20.0,0.78,96.0,0.79,55.0,0.22,94.0,0.21,50.0,0.23,27.0,0.24,15.0,0.01,0.01,2319.3943,1776236446000
1776238541.975,41.975,0.78,35.0,0.77,15.0,0.79,51.0,0.8,29.05,0.22,96.0,0.21,55.0,0.23,22.0,0.24,20.0,0.01,0.01,2319.3943,1776236446000
1776238543.956,43.956,0.78,40.0,0.77,15.0,0.79,49.41,0.8,18.05,0.21,51.0,0.2,29.05,0.22,35.0,0.23,15.0,0.01,0.01,2319.3943,1776236446000
1776238544.834,44.834,0.78,35.0,0.77,10.0,0.79,81.41,0.8,42.05,0.21,49.41,0.2,18.05,0.22,40.0,0.23,15.0,0.01,0.01,2319.3943,1776236446000
1776238545.585,45.585,0.78,20.0,0.77,10.0,0.79,56.1,0.8,42.05,0.21,76.41,0.2,42.05,0.22,20.0,0.23,10.0,0.01,0.01,2319.3943,1776236446000
1776238547.036,47.036,0.78,40.0,0.77,15.0,0.79,3.0,0.8,29.0,0.21,54.71,0.2,42.05,0.22,20.0,0.23,10.0,0.01,0.01,2319.3943,1776236446000
1776238549.897,49.897,0.78,3.63,0.77,15.0,0.79,44.0,0.8,34.05,0.21,5.0,0.2,29.0,0.22,13.63,0.23,15.0,0.01,0.01,2319.3943,1776236446000
1776238552.46,52.46,0.79,45.0,0.78,18.63,0.8,37.3,0.81,109.31,0.21,44.0,0.2,34.05,0.22,3.63,0.23,15.0,0.01,0.01,2319.3943,1776236446000
1776238554.267,54.267,0.8,40.0,0.79,25.0,0.81,43.07,0.82,195.4,0.2,37.3,0.19,109.31,0.21,45.0,0.22,18.63,0.01,0.01,2319.3943,1776236446000
1776238558.572,58.572,0.8,14.0,0.79,10.0,0.81,118.31,0.82,195.4,0.19,43.07,0.18,195.4,0.2,40.0,0.21,25.0,0.01,0.01,2319.3943,1776236446000
1776238559.138,59.138,0.8,24.1,0.79,10.0,0.81,112.07,0.82,195.4,0.19,118.31,0.18,195.4,0.2,14.0,0.21,10.0,0.01,0.01,2319.3943,1776236446000
1776238561.109,61.109,0.8,19.1,0.79,10.0,0.81,78.41,0.82,195.4,0.19,112.07,0.18,195.4,0.2,24.1,0.21,10.0,0.01,0.01,2319.3943,1776236446000
1776238562.144,62.144,0.8,17.1,0.79,10.0,0.81,77.41,0.82,195.4,0.19,78.41,0.18,195.4,0.2,19.1,0.21,10.0,0.01,0.01,2319.3943,1776236446000
1776238562.425,62.425,0.8,12.1,0.79,10.0,0.81,81.17,0.82,195.4,0.19,77.41,0.18,195.4,0.2,17.1,0.21,10.0,0.01,0.01,2319.3943,1776236446000
1776238563.572,63.572,0.8,47.1,0.79,15.0,0.81,51.48,0.82,195.4,0.19,81.17,0.18,195.4,0.2,12.1,0.21,10.0,0.01,0.01,2319.3943,1776236446000
1776238568.142,68.142,0.8,207.65,0.76,21.0,0.81,239.41,0.82,102.4,0.19,51.48,0.18,195.4,0.2,47.1,0.21,15.0,0.01,0.01,2319.3943,1776236446000
1776238568.465,68.465,0.72,19.0,0.69,10.0,0.73,65.6,0.74,20.0,0.19,237.41,0.18,102.4,0.26,10.0,0.27,10.0,0.01,0.07,2319.3943,1776236446000
1776238568.985,68.985,0.63,70.0,0.62,195.26,0.64,83.32,0.65,15.0,0.29,51.0,0.27,65.6,0.31,10.0,0.32,24.73,0.01,0.02,2319.3943,1776236446000
1776238569.401,69.401,0.63,85.0,0.62,85.0,0.64,0.62,0.65,20.0,0.36,83.32,0.35,15.0,0.37,70.0,0.38,195.26,0.01,0.01,2319.3943,1776236446000
1776238569.621,69.621,0.63,15.0,0.62,5.0,0.64,4.92,0.65,18.61,0.35,18.61,0.34,60.0,0.37,95.0,0.38,85.0,0.01,0.02,2319.3943,1776236446000
1776238569.887,69.887,0.63,13.7,0.62,5.0,0.64,4.92,0.65,18.61,0.36,4.92,0.35,18.61,0.37,15.0,0.38,5.0,0.01,0.01,2319.3943,1776236446000
1776238570.848,70.848,0.63,15.0,0.62,10.0,0.64,14.45,0.65,10.0,0.36,4.92,0.35,18.61,0.37,13.7,0.38,5.0,0.01,0.01,2319.3943,1776236446000
1776238571.58,71.58,0.63,10.0,0.62,10.0,0.64,42.64,0.65,15.0,0.36,14.45,0.35,10.0,0.37,15.0,0.38,10.0,0.01,0.01,2319.3943,1776236446000
1776238572.129,72.129,0.63,5.0,0.61,10.0,0.64,80.89,0.65,20.0,0.36,42.64,0.35,15.0,0.37,10.0,0.38,10.0,0.01,0.01,2319.3943,1776236446000
1776238572.409,72.409,0.59,117.71,0.58,150.0,0.62,5.0,0.63,40.0,0.37,10.0,0.36,59.45,0.4,8.74,0.41,112.71,0.03,0.03,2319.3943,1776236446000
1776238572.993,72.993,0.6,8.79,0.59,117.71,0.61,31.0,0.62,20.0,0.38,5.0,0.37,40.0,0.41,117.71,0.42,150.0,0.01,0.03,2319.3943,1776236446000
1776238573.694,73.694,0.6,8.79,0.59,117.71,0.61,70.82,0.62,20.0,0.39,25.91,0.38,20.0,0.4,22.79,0.41,117.71,0.01,0.01,2319.3943,1776236446000
1776238575.625,75.625,0.6,25.0,0.59,122.71,0.61,30.0,0.62,10.0,0.39,70.82,0.38,15.0,0.4,13.79,0.41,122.71,0.01,0.01,2319.3943,1776236446000
1776238576.078,76.078,0.6,20.5,0.59,122.71,0.61,38.0,0.62,10.0,0.39,30.0,0.38,10.0,0.4,25.0,0.41,122.71,0.01,0.01,2319.3943,1776236446000
1776238576.411,76.411,0.6,1.77,0.59,122.71,0.61,43.0,0.62,20.0,0.39,38.0,0.38,10.0,0.4,20.5,0.41,122.71,0.01,0.01,2319.3943,1776236446000
1776238576.932,76.932,0.6,9.27,0.59,122.71,0.61,86.0,0.62,20.0,0.39,43.0,0.38,20.0,0.4,1.77,0.41,122.71,0.01,0.01,2319.3943,1776236446000
1776238577.264,77.264,0.59,28.14,0.58,70.0,0.6,208.0,0.61,25.0,0.39,86.0,0.38,20.0,0.4,9.27,0.41,122.71,0.01,0.01,2319.3943,1776236446000
1776238577.635,77.635,0.59,8.14,0.58,70.0,0.6,81.0,0.61,25.0,0.4,208.0,0.39,25.0,0.41,18.14,0.42,70.0,0.01,0.01,2319.3943,1776236446000
1776238578.341,78.341,0.59,17.89,0.58,70.0,0.6,25.0,0.61,15.0,0.4,82.67,0.39,25.0,0.41,8.14,0.42,80.0,0.01,0.01,2319.3943,1776236446000
1776238578.634,78.634,0.58,70.0,0.57,76.14,0.6,118.0,0.61,65.0,0.4,25.0,0.39,15.0,0.41,17.89,0.42,70.0,0.02,0.01,2319.3943,1776236446000
1776238579.319,79.319,0.57,6.14,0.55,7.93,0.58,57.81,0.59,55.0,0.4,118.0,0.39,65.0,0.42,70.0,0.43,76.14,0.01,0.02,2319.3943,1776236446000
1776238579.808,79.808,0.54,5.56,0.53,15.0,0.56,88.0,0.57,10.0,0.42,82.81,0.41,55.0,0.45,7.93,0.46,5.56,0.02,0.03,2319.3943,1776236446000
1776238580.051,80.051,0.54,10.56,0.53,15.0,0.55,32.0,0.56,65.0,0.44,88.0,0.43,10.0,0.46,5.56,0.47,15.0,0.01,0.02,2319.3943,1776236446000
1776238582.272,82.272,0.54,267.55,0.53,42.0,0.55,2.0,0.61,16.0,0.45,32.0,0.44,65.0,0.46,10.56,0.47,15.0,0.01,0.01,2319.3943,1776236446000
1776238583.655,83.655,0.61,55.09,0.54,5.56,0.62,175.0,0.63,247.86,0.38,5.0,0.36,5.55,0.39,61.09,0.4,80.0,0.01,0.01,2319.3943,1776236446000
1776238583.92,83.92,0.51,125.91,0.5,121.78,0.52,8.07,0.53,22.8,0.47,27.8,0.46,20.0,0.49,110.91,0.5,121.78,0.01,0.02,2319.3943,1776236446000
1776238584.342,84.342,0.51,301.7,0.5,137.51,0.52,5.28,0.53,3.2,0.47,3.2,0.46,20.0,0.49,239.7,0.5,137.51,0.01,0.02,2319.3943,1776236446000
1776238584.695,84.695,0.51,148.91,0.5,312.77,0.52,7.0,0.53,14.76,0.47,4.76,0.46,25.0,0.49,264.17,0.5,197.51,0.01,0.02,2319.3943,1776236446000
1776238585.123,85.123,0.51,148.91,0.5,309.77,0.52,4.01,0.53,14.76,0.48,7.0,0.47,14.76,0.49,148.91,0.5,312.77,0.01,0.01,2319.3943,1776236446000
1776238586.162,86.162,0.51,181.84,0.5,196.78,0.52,10.0,0.53,15.0,0.48,4.01,0.47,14.76,0.49,148.91,0.5,309.77,0.01,0.01,2319.3943,1776236446000
1776238586.4,86.4,0.51,176.53,0.5,196.78,0.52,24.58,0.53,15.0,0.48,10.0,0.47,15.0,0.49,186.53,0.5,196.78,0.01,0.01,2319.3943,1776236446000
1776238586.871,86.871,0.51,368.37,0.5,217.78,0.52,4.19,0.56,10.0,0.48,24.58,0.47,15.0,0.49,168.38,0.5,196.78,0.01,0.01,2319.3943,1776236446000
1776238587.195,87.195,0.55,5.0,0.54,5.0,0.56,12.05,0.57,20.0,0.44,17.1,0.43,10.0,0.45,1.13,0.46,10.0,0.01,0.01,2319.3943,1776236446000
1776238589.027,89.027,0.54,5.0,0.53,30.0,0.56,20.0,0.57,25.0,0.44,12.05,0.43,20.0,0.45,5.0,0.46,5.0,0.02,0.01,2319.3943,1776236446000
1776238589.882,89.882,0.51,128.38,0.5,186.78,0.55,78.0,0.56,20.0,0.44,20.0,0.43,25.0,0.46,5.0,0.47,30.0,0.04,0.02,2319.3943,1776236446000
1776238590.9,90.9,0.53,8.68,0.52,10.0,0.54,37.0,0.55,15.0,0.45,78.0,0.44,20.0,0.49,128.38,0.5,186.78,0.01,0.04,2319.3943,1776236446000
1776238591.236,91.236,0.52,18.08,0.51,248.64,0.54,37.0,0.55,20.0,0.46,37.0,0.45,15.0,0.47,8.68,0.48,10.0,0.02,0.01,2319.3943,1776236446000
1776238591.65,91.65,0.52,13.08,0.51,133.38,0.53,32.0,0.54,20.0,0.46,37.0,0.45,20.0,0.48,18.08,0.49,248.64,0.01,0.02,2319.3943,1776236446000
1776238596.833,96.833,0.51,123.38,0.5,311.04,0.52,43.0,0.53,20.0,0.47,32.0,0.46,20.0,0.48,13.08,0.49,133.38,0.01,0.01,2319.3943,1776236446000
1776238597.096,97.096,0.5,31.78,0.48,10.0,0.51,25.0,0.52,48.0,0.48,43.0,0.47,20.0,0.49,3.63,0.5,41.78,0.01,0.01,2319.3943,1776236446000
1776238597.65,97.65,0.48,14.67,0.47,197.99,0.49,44.93,0.5,20.0,0.49,94.0,0.48,31.0,0.52,4.67,0.53,115.26,0.01,0.03,2319.3943,1776236446000
1776238598.407,98.407,0.48,2.67,0.47,145.0,0.49,60.93,0.5,20.0,0.51,44.93,0.5,20.0,0.52,14.67,0.53,197.99,0.01,0.01,2319.3943,1776236446000
1776238598.894,98.894,0.47,145.0,0.46,25.0,0.48,55.91,0.49,23.93,0.51,60.93,0.5,20.0,0.53,145.0,0.54,20.0,0.01,0.02,2319.3943,1776236446000
1776238599.341,99.341,0.46,10.0,0.44,120.35,0.47,8.87,0.48,57.91,0.52,55.91,0.51,23.93,0.53,145.0,0.54,25.0,0.01,0.01,2319.3943,1776236446000
1776238599.625,99.625,0.42,4.0,0.41,15.0,0.43,10.0,0.44,28.0,0.55,13.75,0.54,10.0,0.57,6.23,0.6,140.0,0.01,0.02,2319.3943,1776236446000
1776238600.034,100.034,0.42,129.26,0.41,20.0,0.43,30.62,0.44,16.0,0.57,10.0,0.56,28.0,0.58,4.0,0.59,15.0,0.01,0.01,2319.3943,1776236446000
1776238600.682,100.682,0.42,119.26,0.41,20.0,0.43,60.62,0.44,21.0,0.57,30.62,0.56,16.0,0.58,129.26,0.59,20.0,0.01,0.01,2319.3943,1776236446000
1776238600.98,100.98,0.42,136.99,0.41,20.0,0.43,45.22,0.44,21.0,0.57,50.62,0.56,21.0,0.58,119.26,0.59,20.0,0.01,0.01,2319.3943,1776236446000
1776238601.339,101.339,0.42,126.17,0.41,20.0,0.43,45.22,0.44,21.0,0.57,45.22,0.56,21.0,0.58,130.11,0.59,20.0,0.01,0.01,2319.3943,1776236446000
1776238602.017,102.017,0.42,139.44,0.41,20.0,0.43,45.22,0.44,15.0,0.57,45.22,0.56,21.0,0.58,126.17,0.59,20.0,0.01,0.01,2319.3943,1776236446000
1776238602.429,102.429,0.42,139.44,0.41,25.0,0.43,34.72,0.44,15.0,0.57,40.42,0.56,15.0,0.58,134.44,0.59,20.0,0.01,0.01,2319.3943,1776236446000
1776238605.312,105.312,0.42,18.24,0.41,25.0,0.43,40.0,0.44,15.0,0.57,34.72,0.56,15.0,0.58,139.44,0.59,25.0,0.01,0.01,2319.3943,1776236446000
1776238609.819,109.819,0.4,130.0,0.38,140.0,0.41,109.0,0.42,20.0,0.57,40.0,0.56,15.0,0.58,18.24,0.59,25.0,0.01,0.01,2319.3943,1776236446000
1776238610.146,110.146,0.38,215.0,0.37,99.73,0.39,54.0,0.4,15.0,0.59,114.0,0.58,20.0,0.62,140.0,0.63,24.73,0.01,0.03,2319.3943,1776236446000
1776238612.342,112.342,0.38,89.73,0.37,44.73,0.39,3.0,0.45,10.0,0.61,54.0,0.6,15.0,0.62,213.37,0.63,99.73,0.01,0.01,2319.3943,1776236446000
1776238612.896,112.896,0.53,30.0,0.52,20.0,0.54,14.71,0.55,15.0,0.61,3.0,0.55,10.0,0.62,89.73,0.63,44.73,0.01,0.01,2319.3943,1776236446000
1776238613.169,113.169,0.53,30.0,0.52,10.0,0.54,2.22,0.55,15.0,0.46,14.71,0.45,15.0,0.47,30.0,0.48,20.0,0.01,0.01,2319.3943,1776236446000
1776238613.437,113.437,0.53,27.87,0.52,10.0,0.54,47.22,0.55,15.0,0.46,2.22,0.45,15.0,0.47,30.0,0.48,10.0,0.01,0.01,2319.3943,1776236446000
1776238613.73,113.73,0.52,7.5,0.51,210.0,0.53,10.0,0.54,7.22,0.46,52.22,0.45,15.0,0.48,10.0,0.49,210.0,0.01,0.02,2319.3943,1776236446000
1776238613.936,113.936,0.51,265.44,0.5,110.46,0.53,27.83,0.54,7.22,0.47,15.0,0.46,7.22,0.49,219.44,0.5,10.0,0.02,0.02,2319.3943,1776236446000
1776238615.334,115.334,0.51,260.44,0.5,15.0,0.54,3.79,0.55,10.0,0.47,27.83,0.46,7.22,0.49,265.44,0.5,110.46,0.03,0.02,2319.3943,1776236446000
1776238616.146,116.146,0.51,270.44,0.5,15.0,0.52,3.1,0.53,35.0,0.46,3.79,0.45,10.0,0.49,260.44,0.5,15.0,0.01,0.03,2319.3943,1776236446000
1776238618.23,118.23,0.52,15.0,0.51,265.44,0.53,80.58,0.54,20.0,0.48,3.1,0.47,35.0,0.49,270.44,0.5,15.0,0.01,0.01,2319.3943,1776236446000
1776238620.449,120.449,0.51,235.44,0.5,15.0,0.53,20.0,0.54,20.0,0.47,80.58,0.46,20.0,0.48,15.0,0.49,265.44,0.02,0.01,2319.3943,1776236446000
1776238621.343,121.343,0.52,16.36,0.51,265.44,0.53,15.0,0.54,15.0,0.47,20.0,0.46,20.0,0.49,235.44,0.5,15.0,0.01,0.02,2319.3943,1776236446000
1776238621.941,121.941,0.6,4.75,0.59,15.0,0.61,61.0,0.62,6.0,0.47,15.0,0.46,15.0,0.48,16.36,0.49,265.44,0.01,0.01,2319.3943,1776236446000
1776238622.159,122.159,0.6,9.75,0.59,15.0,0.62,1.47,0.63,76.26,0.39,61.0,0.38,6.0,0.4,4.75,0.41,15.0,0.02,0.01,2319.3943,1776236446000
1776238622.408,122.408,0.62,10.0,0.61,15.0,0.63,33.98,0.66,50.0,0.38,1.47,0.37,76.26,0.4,9.75,0.41,15.0,0.01,0.02,2319.3943,1776236446000
1776238622.778,122.778,0.61,6.92,0.6,9.75,0.63,38.88,0.66,50.0,0.37,38.88,0.34,50.0,0.38,10.0,0.39,10.0,0.02,0.01,2319.3943,1776236446000
1776238623.205,123.205,0.62,10.0,0.61,6.92,0.63,23.88,0.66,72.0,0.37,58.88,0.34,50.0,0.39,6.92,0.4,9.75,0.01,0.02,2319.3943,1776236446000
1776238625.207,125.207,0.62,201.28,0.61,150.92,0.68,5.0,0.71,51.0,0.37,23.88,0.34,72.0,0.38,10.0,0.39,6.92,0.06,0.01,2319.3943,1776236446000
1776238625.648,125.648,0.7,15.0,0.69,15.0,0.71,95.84,0.72,10.0,0.29,47.47,0.28,5.0,0.31,10.0,0.32,10.0,0.01,0.02,2319.3943,1776236446000
1776238626.536,126.536,0.7,20.0,0.69,15.0,0.71,90.84,0.72,76.36,0.29,95.84,0.28,10.0,0.3,15.0,0.31,15.0,0.01,0.01,2319.3943,1776236446000
1776238627.035,127.035,0.7,15.0,0.69,15.0,0.71,86.84,0.72,76.36,0.29,90.84,0.28,76.36,0.3,20.0,0.31,15.0,0.01,0.01,2319.3943,1776236446000
1776238627.935,127.935,0.7,15.0,0.69,15.0,0.71,51.72,0.72,76.36,0.29,86.84,0.28,76.36,0.3,15.0,0.31,15.0,0.01,0.01,2319.3943,1776236446000
1776238629.041,129.041,0.7,20.0,0.69,20.0,0.71,30.72,0.72,10.0,0.29,51.72,0.28,76.36,0.3,15.0,0.31,15.0,0.01,0.01,2319.3943,1776236446000
1776238629.277,129.277,0.7,25.0,0.69,20.0,0.72,5.0,0.74,5.0,0.29,30.72,0.28,10.0,0.3,20.0,0.31,20.0,0.02,0.01,2319.3943,1776236446000
1776238629.62,129.62,0.74,15.0,0.73,20.0,0.75,46.6,0.76,5.0,0.28,5.0,0.26,5.0,0.3,25.0,0.31,20.0,0.01,0.02,2319.3943,1776236446000
1776238630.417,130.417,0.74,51.0,0.73,20.0,0.77,5.0,0.78,5.0,0.25,46.6,0.24,5.0,0.26,15.0,0.27,20.0,0.03,0.01,2319.3943,1776236446000
1776238631.06,131.06,0.74,10.0,0.73,10.0,0.78,70.0,0.79,155.0,0.22,5.0,0.21,145.0,0.24,10.0,0.25,10.0,0.04,0.02,2319.3943,1776236446000
1776238631.312,131.312,0.72,3.44,0.71,22.0,0.73,15.0,0.74,45.0,0.22,70.0,0.21,155.0,0.26,10.0,0.27,10.0,0.01,0.04,2319.3943,1776236446000
1776238631.584,131.584,0.68,10.0,0.67,80.0,0.71,61.0,0.72,11.0,0.29,40.0,0.28,20.0,0.3,9.54,0.31,10.0,0.03,0.01,2319.3943,1776236446000
1776238633.17,133.17,0.69,15.0,0.68,15.0,0.7,36.85,0.71,45.0,0.29,61.0,0.28,11.0,0.32,10.0,0.33,80.0,0.01,0.03,2319.3943,1776236446000
1776238633.945,133.945,0.69,8.86,0.68,15.0,0.7,57.85,0.71,40.0,0.3,36.85,0.29,45.0,0.31,15.0,0.32,15.0,0.01,0.01,2319.3943,1776236446000
1776238638.448,138.448,0.69,0.55,0.64,15.0,0.7,213.0,0.71,95.0,0.3,57.85,0.29,40.0,0.31,8.86,0.32,15.0,0.01,0.01,2319.3943,1776236446000
1776238639.011,139.011,0.64,11.05,0.62,140.0,0.65,25.46,0.66,65.0,0.31,11.45,0.3,204.0,0.36,6.05,0.38,140.0,0.01,0.05,2319.3943,1776236446000
1776238639.248,139.248,0.62,140.0,0.61,75.0,0.64,7.95,0.65,35.46,0.35,25.46,0.34,65.0,0.36,11.05,0.38,140.0,0.02,0.01,2319.3943,1776236446000
1776238639.575,139.575,0.62,142.28,0.61,75.0,0.63,27.0,0.64,24.95,0.36,7.95,0.35,35.46,0.38,140.0,0.39,75.0,0.01,0.02,2319.3943,1776236446000
1776238646.397,146.397,0.58,62.26,0.57,75.0,0.6,7.0,0.61,50.0,0.37,27.0,0.36,24.95,0.38,142.28,0.39,75.0,0.02,0.01,2319.3943,1776236446000
1776238646.611,146.611,0.58,38.64,0.57,75.0,0.59,32.0,0.6,27.0,0.41,32.0,0.4,27.0,0.42,50.26,0.43,75.0,0.01,0.01,2319.3943,1776236446000
1776238647.011,147.011,0.58,41.73,0.57,75.0,0.59,85.0,0.6,27.0,0.41,32.0,0.4,27.0,0.42,38.64,0.43,75.0,0.01,0.01,2319.3943,1776236446000
1776238647.537,147.537,0.57,5.0,0.56,15.4,0.58,6.55,0.59,85.0,0.41,90.0,0.4,37.0,0.43,75.0,0.44,15.4,0.01,0.02,2319.3943,1776236446000
1776238647.739,147.739,0.54,82.68,0.53,140.0,0.57,15.0,0.58,6.55,0.42,6.55,0.41,85.0,0.44,11.42,0.45,14.0,0.03,0.02,2319.3943,1776236446000
1776238648.037,148.037,0.54,55.55,0.53,140.0,0.55,10.0,0.56,60.0,0.45,10.0,0.44,60.0,0.46,60.0,0.47,140.0,0.01,0.01,2319.3943,1776236446000
1776238650.915,150.915,0.54,55.55,0.53,145.0,0.55,55.51,0.56,80.0,0.45,10.0,0.44,60.0,0.46,55.55,0.47,140.0,0.01,0.01,2319.3943,1776236446000
1776238652.212,152.212,0.54,53.37,0.53,140.0,0.55,88.51,0.56,80.0,0.45,55.51,0.44,80.0,0.46,55.55,0.47,145.0,0.01,0.01,2319.3943,1776236446000
1776238653.858,153.858,0.54,53.37,0.53,140.0,0.55,97.41,0.56,80.0,0.45,88.51,0.44,80.0,0.46,53.37,0.47,140.0,0.01,0.01,2319.3943,1776236446000
1776238656.129,156.129,0.54,53.37,0.53,140.0,0.55,32.86,0.56,80.0,0.45,97.41,0.44,80.0,0.46,53.37,0.47,140.0,0.01,0.01,2319.3943,1776236446000
1776238658.536,158.536,0.53,140.0,0.52,5.0,0.54,118.0,0.55,47.86,0.45,32.86,0.44,80.0,0.46,53.37,0.47,140.0,0.01,0.01,2319.3943,1776236446000
1776238660.736,160.736,0.55,16.64,0.54,36.0,0.58,15.0,0.59,25.0,0.46,113.0,0.45,47.86,0.47,130.0,0.48,5.0,0.03,0.01,2319.3943,1776236446000
1776238661.071,161.071,0.59,9.25,0.58,126.0,0.61,60.0,0.62,11.0,0.41,15.62,0.4,40.0,0.44,85.0,0.45,35.0,0.02,0.03,2319.3943,1776236446000
1776238661.809,161.809,0.58,74.89,0.57,75.0,0.59,10.0,0.6,15.0,0.39,15.0,0.38,15.0,0.4,13.5,0.41,9.25,0.01,0.01,2319.3943,1776236446000
1776238662.202,162.202,0.58,27.77,0.57,70.0,0.59,127.0,0.6,26.0,0.41,10.0,0.4,15.0,0.42,74.89,0.43,75.0,0.01,0.01,2319.3943,1776236446000
1776238662.687,162.687,0.57,40.29,0.54,20.0,0.58,234.0,0.59,64.0,0.42,122.0,0.41,69.0,0.43,45.41,0.46,25.0,0.01,0.01,2319.3943,1776236446000
1776238666.538,166.538,0.57,42.73,0.54,25.0,0.58,174.0,0.59,100.63,0.42,234.0,0.41,64.0,0.43,40.29,0.46,20.0,0.01,0.01,2319.3943,1776236446000
1776238667.7,167.7,0.51,83.67,0.5,178.0,0.55,184.0,0.56,26.0,0.42,174.0,0.41,100.63,0.43,42.73,0.46,25.0,0.04,0.01,2319.3943,1776236446000
1776238668.01,168.01,0.47,10.0,0.45,70.0,0.55,194.0,0.56,141.0,0.45,184.0,0.44,26.0,0.49,83.67,0.5,178.0,0.08,0.04,2319.3943,1776236446000
1776238668.301,168.301,0.45,50.78,0.44,75.0,0.46,10.0,0.47,10.0,0.54,10.0,0.53,10.0,0.55,153.68,0.56,75.0,0.01,0.01,2319.3943,1776236446000
1776238669.173,169.173,0.45,43.96,0.44,75.0,0.46,16.0,0.47,10.0,0.54,10.0,0.53,10.0,0.55,45.78,0.56,75.0,0.01,0.01,2319.3943,1776236446000
1776238671.046,171.046,0.45,48.96,0.44,75.0,0.46,3.34,0.47,15.0,0.54,16.0,0.53,10.0,0.55,43.96,0.56,75.0,0.01,0.01,2319.3943,1776236446000
1776238673.368,173.368,0.44,27.76,0.43,70.0,0.45,157.0,0.46,78.0,0.54,3.34,0.53,15.0,0.55,48.96,0.56,75.0,0.01,0.01,2319.3943,1776236446000
1776238673.685,173.685,0.43,61.02,0.42,5.0,0.44,142.0,0.45,33.0,0.55,172.0,0.54,78.0,0.57,61.02,0.59,70.0,0.01,0.02,2319.3943,1776236446000
1776238675.794,175.794,0.49,50.0,0.44,20.52,0.5,24.4,0.51,64.4,0.56,142.0,0.55,33.0,0.57,61.02,0.58,5.0,0.01,0.01,2319.3943,1776236446000
1776238676.186,176.186,0.44,100.52,0.43,77.02,0.47,11.2,0.5,135.4,0.5,88.4,0.49,74.4,0.51,8.8,0.56,100.52,0.03,0.01,2319.3943,1776236446000
1776238676.849,176.849,0.44,110.52,0.43,77.02,0.45,56.0,0.46,10.0,0.53,11.2,0.5,135.4,0.56,100.52,0.57,77.02,0.01,0.03,2319.3943,1776236446000
1776238677.791,177.791,0.44,104.64,0.43,77.02,0.45,56.0,0.46,15.0,0.55,56.0,0.54,10.0,0.56,111.64,0.57,77.02,0.01,0.01,2319.3943,1776236446000
1776238679.007,179.007,0.44,94.64,0.43,89.02,0.46,6.73,0.47,15.0,0.55,56.0,0.54,15.0,0.56,104.64,0.57,77.02,0.02,0.01,2319.3943,1776236446000
1776238680.236,180.236,0.44,48.64,0.43,61.02,0.45,64.0,0.46,28.0,0.51,10.0,0.5,10.0,0.55,5.0,0.56,94.64,0.01,0.04,2319.3943,1776236446000
1776238681.236,181.236,0.44,59.39,0.43,66.02,0.45,35.0,0.46,15.0,0.55,64.0,0.54,28.0,0.56,48.64,0.57,61.02,0.01,0.01,2319.3943,1776236446000
1776238681.482,181.482,0.44,51.33,0.43,66.02,0.45,35.0,0.46,15.0,0.55,35.0,0.54,15.0,0.56,59.39,0.57,66.02,0.01,0.01,2319.3943,1776236446000
1776238682.661,182.661,0.44,30.33,0.43,66.02,0.45,64.0,0.46,15.0,0.55,35.0,0.54,15.0,0.56,51.33,0.57,66.02,0.01,0.01,2319.3943,1776236446000
1776238683.691,183.691,0.44,30.33,0.43,66.02,0.45,53.81,0.46,20.0,0.55,64.0,0.54,15.0,0.56,30.33,0.57,66.02,0.01,0.01,2319.3943,1776236446000
1776238684.815,184.815,0.44,30.33,0.43,66.02,0.46,15.0,0.47,15.0,0.55,58.81,0.54,20.0,0.56,30.33,0.57,66.02,0.02,0.01,2319.3943,1776236446000
1776238685.646,185.646,0.44,13.0,0.43,5.0,0.48,10.0,0.49,5.0,0.54,15.0,0.53,15.0,0.56,30.33,0.57,66.02,0.04,0.02,2319.3943,1776236446000
1776238686.741,186.741,0.58,5.0,0.57,15.0,0.59,24.9,0.6,46.0,0.41,30.9,0.4,15.0,0.44,20.0,0.46,53.42,0.01,0.03,2319.3943,1776236446000
1776238687.054,187.054,0.56,128.0,0.55,10.0,0.59,34.9,0.6,46.0,0.41,29.9,0.4,46.0,0.42,2.61,0.43,15.0,0.03,0.01,2319.3943,1776236446000
1776238687.452,187.452,0.54,58.42,0.52,90.0,0.57,218.98,0.58,15.0,0.41,34.9,0.4,46.0,0.44,128.0,0.45,10.0,0.03,0.03,2319.3943,1776236446000
1776238689.424,189.424,0.54,61.24,0.52,80.0,0.55,170.0,0.56,15.0,0.43,218.98,0.42,15.0,0.46,58.42,0.48,90.0,0.01,0.03,2319.3943,1776236446000
1776238689.978,189.978,0.54,3.42,0.5,10.0,0.55,175.0,0.56,15.0,0.45,170.0,0.44,15.0,0.46,61.24,0.48,80.0,0.01,0.01,2319.3943,1776236446000
1776238690.273,190.273,0.5,10.0,0.49,10.0,0.55,184.0,0.56,15.0,0.45,189.0,0.44,15.0,0.46,2.42,0.5,10.0,0.05,0.01,2319.3943,1776236446000
1776238691.007,191.007,0.49,5.0,0.48,80.0,0.51,10.0,0.52,10.0,0.45,184.0,0.44,15.0,0.5,10.0,0.51,10.0,0.02,0.05,2319.3943,1776236446000
1776238691.812,191.812,0.48,55.74,0.41,149.0,0.5,19.0,0.51,24.0,0.49,10.0,0.48,10.0,0.51,5.0,0.52,80.0,0.02,0.02,2319.3943,1776236446000
1776238694.62,194.62,0.42,85.0,0.41,14.9,0.43,11.0,0.44,15.0,0.55,5.0,0.54,9.25,0.56,20.0,0.58,70.0,0.01,0.01,2319.3943,1776236446000
1776238695.745,195.745,0.41,33.64,0.36,30.0,0.42,143.0,0.43,40.0,0.57,11.0,0.56,15.0,0.58,85.0,0.59,14.9,0.01,0.01,2319.3943,1776236446000
1776238696.598,196.598,0.36,25.62,0.35,23.06,0.37,10.0,0.38,10.0,0.58,143.0,0.57,40.0,0.59,33.64,0.64,30.0,0.01,0.01,2319.3943,1776236446000
1776238696.914,196.914,0.36,17.8,0.35,23.06,0.37,15.0,0.38,10.0,0.63,10.0,0.62,10.0,0.64,25.62,0.65,23.06,0.01,0.01,2319.3943,1776236446000
1776238698.137,198.137,0.34,66.36,0.33,5.0,0.35,93.0,0.36,62.0,0.63,98.0,0.62,20.0,0.65,15.8,0.66,70.0,0.01,0.02,2319.3943,1776236446000
1776238698.441,198.441,0.34,66.36,0.33,10.0,0.35,73.2,0.36,62.0,0.65,83.2,0.64,62.0,0.66,66.36,0.67,10.0,0.01,0.01,2319.3943,1776236446000
1776238699.997,199.997,0.34,70.98,0.33,10.0,0.35,93.2,0.36,57.0,0.65,73.2,0.64,62.0,0.66,66.36,0.67,10.0,0.01,0.01,2319.3943,1776236446000
1776238701.177,201.177,0.34,15.0,0.33,10.0,0.35,50.81,0.36,15.0,0.65,93.2,0.64,57.0,0.66,70.98,0.67,10.0,0.01,0.01,2319.3943,1776236446000
1776238701.599,201.599,0.35,36.0,0.34,25.0,0.36,29.0,0.37,5.81,0.63,0.81,0.62,10.0,0.66,20.0,0.67,10.0,0.01,0.03,2319.3943,1776236446000
1776238702.256,202.256,0.35,36.0,0.34,30.0,0.36,20.8,0.37,5.81,0.64,18.0,0.63,5.81,0.65,31.0,0.66,25.0,0.01,0.01,2319.3943,1776236446000
1776238702.864,202.864,0.28,106.0,0.26,50.0,0.36,71.8,0.37,5.0,0.64,20.8,0.63,5.81,0.65,36.0,0.66,30.0,0.08,0.01,2319.3943,1776236446000
1776238703.268,203.268,0.28,14.9,0.27,15.0,0.29,10.0,0.3,10.0,0.68,12.47,0.64,71.8,0.72,105.9,0.74,50.0,0.01,0.04,2319.3943,1776236446000
1776238705.094,205.094,0.26,60.0,0.24,59.99,0.28,32.71,0.32,5.12,0.71,10.0,0.7,10.0,0.72,14.9,0.73,15.0,0.02,0.01,2319.3943,1776236446000
1776238705.864,205.864,0.28,17.75,0.26,60.0,0.32,1.62,0.35,11.0,0.72,32.71,0.68,5.12,0.74,60.0,0.76,59.99,0.04,0.02,2319.3943,1776236446000
1776238706.973,206.973,0.26,46.72,0.25,20.0,0.29,112.4,0.3,15.0,0.71,10.0,0.7,10.0,0.72,12.75,0.74,146.0,0.03,0.01,2319.3943,1776236446000
1776238707.619,207.619,0.26,36.72,0.25,96.27,0.27,101.62,0.28,15.0,0.71,112.4,0.7,15.0,0.74,46.72,0.75,20.0,0.01,0.03,2319.3943,1776236446000
1776238708.42,208.42,0.26,41.72,0.25,97.27,0.27,78.87,0.28,15.0,0.73,101.62,0.72,15.0,0.74,36.72,0.75,96.27,0.01,0.01,2319.3943,1776236446000
1776238709.809,209.809,0.26,41.72,0.25,102.27,0.27,33.83,0.28,77.36,0.73,78.87,0.72,15.0,0.74,41.72,0.75,97.27,0.01,0.01,2319.3943,1776236446000
1776238710.833,210.833,0.23,5.37,0.22,30.99,0.25,13.0,0.27,25.0,0.73,33.83,0.72,77.36,0.74,41.72,0.75,102.27,0.02,0.01,2319.3943,1776236446000
1776238711.253,211.253,0.23,5.37,0.22,20.99,0.25,13.0,0.26,10.0,0.75,13.0,0.74,10.0,0.77,5.37,0.78,30.99,0.02,0.02,2319.3943,1776236446000
1776238712.805,212.805,0.23,5.0,0.22,24.73,0.24,43.8,0.25,28.0,0.75,13.0,0.74,15.0,0.77,84.51,0.78,5.26,0.01,0.02,2319.3943,1776236446000
1776238713.032,213.032,0.22,19.61,0.21,93.99,0.23,10.0,0.24,38.8,0.76,43.8,0.75,28.0,0.77,5.0,0.78,24.73,0.01,0.01,2319.3943,1776236446000
1776238714.036,214.036,0.23,8.79,0.22,10.0,0.24,30.32,0.25,13.0,0.77,10.0,0.76,38.8,0.78,18.19,0.79,76.73,0.01,0.01,2319.3943,1776236446000
1776238714.909,214.909,0.26,48.24,0.25,5.0,0.27,25.0,0.28,32.89,0.72,10.0,0.71,10.0,0.74,39.88,0.77,23.79,0.01,0.02,2319.3943,1776236446000
1776238715.15,215.15,0.26,18.88,0.25,5.0,0.27,108.18,0.28,27.89,0.73,20.0,0.72,32.89,0.74,36.88,0.75,5.0,0.01,0.01,2319.3943,1776236446000
1776238717.778,217.778,0.23,29.31,0.22,29.0,0.27,108.56,0.28,47.89,0.73,108.18,0.72,27.89,0.74,18.88,0.75,5.0,0.04,0.01,2319.3943,1776236446000
1776238719.074,219.074,0.23,39.31,0.22,15.0,0.25,15.0,0.26,53.96,0.73,108.56,0.72,47.89,0.77,29.31,0.78,29.0,0.02,0.04,2319.3943,1776236446000
1776238719.613,219.613,0.23,25.22,0.22,15.0,0.24,5.01,0.25,15.0,0.75,15.0,0.74,53.96,0.77,37.76,0.78,15.0,0.01,0.02,2319.3943,1776236446000
1776238720.176,220.176,0.23,38.92,0.22,38.0,0.24,10.01,0.25,5.0,0.76,5.01,0.75,15.0,0.77,25.22,0.78,15.0,0.01,0.01,2319.3943,1776236446000
1776238721.249,221.249,0.28,8.05,0.27,15.0,0.29,22.5,0.3,22.1,0.74,10.0,0.72,32.89,0.75,7.99,0.77,33.92,0.01,0.01,2319.3943,1776236446000
1776238721.962,221.962,0.35,20.0,0.34,15.0,0.37,2.64,0.38,20.0,0.71,22.5,0.7,22.1,0.72,8.05,0.73,15.0,0.02,0.01,2319.3943,1776236446000
1776238722.527,222.527,0.38,20.0,0.37,15.0,0.39,4.9,0.4,15.0,0.63,2.64,0.62,20.0,0.65,20.0,0.66,15.0,0.01,0.02,2319.3943,1776236446000
1776238722.885,222.885,0.41,11.52,0.4,15.0,0.42,5.0,0.43,15.0,0.61,4.9,0.6,15.0,0.62,20.0,0.63,15.0,0.01,0.01,2319.3943,1776236446000
1776238723.268,223.268,0.4,3.61,0.39,20.0,0.41,18.41,0.42,20.0,0.59,8.41,0.58,15.0,0.6,4.82,0.61,20.0,0.01,0.01,2319.3943,1776236446000
1776238723.484,223.484,0.4,5.11,0.39,20.0,0.41,13.41,0.42,20.0,0.59,18.41,0.58,20.0,0.6,3.61,0.61,20.0,0.01,0.01,2319.3943,1776236446000
1776238724.42,224.42,0.42,20.0,0.41,15.0,0.46,1.54,0.47,15.0,0.59,13.41,0.58,20.0,0.6,5.11,0.61,20.0,0.04,0.01,2319.3943,1776236446000
1776238725.001,225.001,0.43,20.0,0.42,20.0,0.45,15.0,0.46,20.0,0.54,1.54,0.53,15.0,0.58,20.0,0.59,15.0,0.02,0.04,2319.3943,1776236446000
1776238725.26,225.26,0.43,20.0,0.42,20.0,0.45,41.51,0.46,20.0,0.55,15.0,0.54,20.0,0.57,20.0,0.58,20.0,0.02,0.02,2319.3943,1776236446000
1776238729.684,229.684,0.36,10.0,0.35,25.8,0.39,16.51,0.4,10.0,0.55,41.51,0.54,25.0,0.57,20.0,0.58,20.0,0.03,0.02,2319.3943,1776236446000
1776238730.9,230.9,0.36,96.29,0.35,26.0,0.37,8.0,0.38,20.0,0.61,16.51,0.6,10.0,0.64,10.0,0.65,25.8,0.01,0.03,2319.3943,1776236446000
1776238731.769,231.769,0.36,99.98,0.35,26.0,0.38,5.0,0.39,6.51,0.63,13.0,0.62,20.0,0.64,102.42,0.65,26.0,0.02,0.01,2319.3943,1776236446000
1776238733.665,233.665,0.35,73.43,0.34,5.91,0.39,26.51,0.4,25.0,0.62,5.0,0.61,6.51,0.64,99.98,0.65,26.0,0.04,0.02,2319.3943,1776236446000
1776238734.054,234.054,0.37,10.0,0.36,10.0,0.38,10.07,0.39,5.0,0.61,5.0,0.6,15.0,0.66,5.91,0.68,25.0,0.01,0.05,2319.3943,1776236446000
1776238734.814,234.814,0.38,11.0,0.37,91.0,0.52,14.4,0.56,50.0,0.62,10.07,0.61,5.0,0.63,10.0,0.64,10.0,0.14,0.01,2319.3943,1776236446000
1776238735.168,235.168,0.53,7.63,0.52,10.0,0.54,5.0,0.56,49.69,0.49,10.2,0.48,10.41,0.5,33.8,0.51,10.0,0.01,0.01,2319.3943,1776236446000
1776238735.445,235.445,0.53,7.63,0.52,10.0,0.56,49.69,0.59,5.0,0.46,5.0,0.44,49.69,0.47,7.63,0.48,10.0,0.03,0.01,2319.3943,1776236446000
1776238735.705,235.705,0.53,7.63,0.52,10.0,0.59,5.0,0.6,5.0,0.44,49.69,0.41,5.0,0.47,7.63,0.48,10.0,0.06,0.03,2319.3943,1776236446000
1776238735.988,235.988,0.63,17.29,0.62,20.0,0.64,0.34,0.66,55.8,0.36,7.95,0.34,60.8,0.37,7.29,0.38,15.0,0.01,0.01,2319.3943,1776236446000
1776238736.513,236.513,0.62,6.19,0.61,15.0,0.64,20.94,0.65,78.57,0.36,25.94,0.35,78.57,0.37,18.93,0.38,20.0,0.02,0.01,2319.3943,1776236446000
1776238736.834,236.834,0.63,15.0,0.62,1.57,0.68,2.92,0.69,5.0,0.36,20.94,0.35,83.57,0.38,1.57,0.39,15.0,0.05,0.02,2319.3943,1776236446000
1776238737.144,237.144,0.74,3.65,0.73,10.0,0.75,9.9,0.76,85.0,0.25,4.9,0.24,85.0,0.26,3.65,0.27,10.0,0.01,0.01,2319.3943,1776236446000
1776238737.401,237.401,0.74,10.0,0.73,10.0,0.75,2.36,0.76,85.0,0.25,2.36,0.24,85.0,0.26,10.0,0.27,10.0,0.01,0.01,2319.3943,1776236446000
1776238738.755,238.755,0.75,11.0,0.74,15.0,0.76,95.0,0.77,94.36,0.25,2.36,0.24,85.0,0.27,7.96,0.28,6.31,0.01,0.02,2319.3943,1776236446000
1776238739.19,239.19,0.74,3.34,0.73,7.96,0.75,14.48,0.76,96.25,0.24,90.0,0.23,94.36,0.26,3.34,0.27,7.96,0.01,0.02,2319.3943,1776236446000
1776238739.931,239.931,0.73,7.47,0.72,6.31,0.75,14.48,0.76,96.25,0.25,14.48,0.24,96.25,0.26,3.34,0.27,7.96,0.02,0.01,2319.3943,1776236446000
1776238740.686,240.686,0.74,10.0,0.73,7.47,0.75,3.74,0.76,98.25,0.25,14.48,0.24,96.25,0.27,7.47,0.28,6.31,0.01,0.02,2319.3943,1776236446000
1776238743.509,243.509,0.74,11.15,0.73,7.47,0.75,5.0,0.76,61.25,0.25,2.4,0.24,98.25,0.26,6.15,0.27,7.47,0.01,0.01,2319.3943,1776236446000
1776238744.042,244.042,0.74,11.7,0.73,7.47,0.75,15.0,0.76,61.25,0.25,5.0,0.24,61.25,0.26,6.7,0.27,7.47,0.01,0.01,2319.3943,1776236446000
1776238744.796,244.796,0.69,0.67,0.68,17.0,0.71,15.0,0.72,15.0,0.25,10.0,0.24,61.25,0.26,16.7,0.27,7.47,0.02,0.01,2319.3943,1776236446000
1776238745.775,245.775,0.68,4.65,0.67,10.0,0.71,30.0,0.72,15.0,0.29,15.0,0.28,15.0,0.31,0.67,0.32,17.0,0.03,0.02,2319.3943,1776236446000
1776238747.351,247.351,0.69,16.0,0.68,4.65,0.7,27.91,0.71,15.0,0.29,30.0,0.28,15.0,0.32,4.65,0.33,10.0,0.01,0.03,2319.3943,1776236446000
1776238749.875,249.875,0.69,16.0,0.68,4.65,0.74,13.0,0.76,56.25,0.3,27.91,0.29,15.0,0.31,16.0,0.32,4.65,0.05,0.01,2319.3943,1776236446000
1776238750.314,250.314,0.75,26.0,0.74,15.0,0.81,60.1,0.82,30.0,0.26,13.0,0.24,56.25,0.31,16.0,0.32,4.65,0.06,0.05,2319.3943,1776236446000
1776238750.71,250.71,0.82,15.0,0.81,101.6,0.83,4.69,0.86,50.0,0.19,38.08,0.18,30.0,0.2,10.0,0.21,10.0,0.01,0.01,2319.3943,1776236446000
1776238751.206,251.206,0.85,20.0,0.84,10.0,0.86,60.11,0.87,74.56,0.14,50.0,0.13,61.8,0.18,15.0,0.19,96.6,0.01,0.04,2319.3943,1776236446000
1776238751.52,251.52,0.85,15.0,0.84,10.0,0.86,53.2,0.87,74.56,0.14,53.2,0.13,74.56,0.15,20.0,0.16,10.0,0.01,0.01,2319.3943,1776236446000
1776238751.868,251.868,0.82,9.43,0.81,101.6,0.86,53.2,0.87,74.56,0.14,53.2,0.13,74.56,0.15,15.0,0.16,10.0,0.04,0.01,2319.3943,1776236446000
1776238752.386,252.386,0.85,10.0,0.84,10.0,0.86,52.32,0.87,74.56,0.14,53.2,0.13,74.56,0.18,9.43,0.19,101.6,0.01,0.04,2319.3943,1776236446000
1776238752.775,252.775,0.85,10.0,0.84,10.0,0.86,14.88,0.87,74.56,0.14,52.32,0.13,74.56,0.15,10.0,0.16,10.0,0.01,0.01,2319.3943,1776236446000
1776238754.151,254.151,0.85,6.89,0.84,10.0,0.86,72.47,0.88,39.1,0.14,18.47,0.13,66.8,0.15,20.0,0.16,10.0,0.01,0.01,2319.3943,1776236446000
1776238755.056,255.056,0.85,3.1,0.84,10.0,0.86,18.47,0.88,64.1,0.14,72.47,0.12,39.1,0.15,6.89,0.16,10.0,0.01,0.01,2319.3943,1776236446000
1776238755.353,255.353,0.85,10.0,0.84,25.0,0.86,12.17,0.88,64.1,0.14,18.47,0.12,64.1,0.15,3.1,0.16,10.0,0.01,0.01,2319.3943,1776236446000
1776238757.43,257.43,0.88,13.89,0.87,15.0,0.9,70.0,0.91,49.0,0.14,12.17,0.12,64.1,0.15,10.0,0.16,25.0,0.02,0.01,2319.3943,1776236446000
1776238758.102,258.102,0.9,15.0,0.89,15.0,0.92,88.9,0.93,86.3,0.1,70.0,0.09,49.0,0.12,13.89,0.13,15.0,0.02,0.02,2319.3943,1776236446000
1776238758.956,258.956,0.91,13.3,0.9,15.0,0.92,109.34,0.93,55.3,0.08,91.72,0.07,86.3,0.09,15.0,0.1,15.0,0.01,0.01,2319.3943,1776236446000
1776238761.045,261.045,0.91,7.48,0.9,10.0,0.92,43.02,0.94,137.8,0.08,114.62,0.07,55.3,0.09,7.48,0.1,15.0,0.01,0.01,2319.3943,1776236446000
1776238762.217,262.217,0.91,7.48,0.9,10.0,0.92,81.86,0.94,137.8,0.08,43.02,0.06,137.8,0.09,7.48,0.1,10.0,0.01,0.01,2319.3943,1776236446000
1776238762.628,262.628,0.91,10.0,0.9,10.0,0.92,63.37,0.94,137.8,0.08,76.86,0.06,137.8,0.11,25.0,0.12,25.0,0.01,0.03,2319.3943,1776236446000
1776238763.032,263.032,0.86,110.0,0.85,18.0,0.9,30.0,0.91,45.0,0.08,63.37,0.06,137.8,0.09,10.0,0.1,10.0,0.04,0.01,2319.3943,1776236446000
1776238763.234,263.234,0.87,6.31,0.86,110.0,0.89,25.0,0.9,20.0,0.1,30.0,0.09,45.0,0.14,110.0,0.15,18.0,0.02,0.04,2319.3943,1776236446000
1776238763.439,263.439,0.87,16.31,0.86,110.0,0.9,2.83,0.91,76.0,0.11,25.0,0.1,20.0,0.13,6.31,0.14,110.0,0.03,0.02,2319.3943,1776236446000
1776238764.793,264.793,0.87,0.91,0.86,118.0,0.88,9.0,0.89,15.0,0.11,5.0,0.1,2.83,0.13,0.91,0.14,110.0,0.01,0.02,2319.3943,1776236446000
1776238765.225,265.225,0.87,0.91,0.86,118.0,0.88,18.02,0.9,10.0,0.12,9.0,0.11,15.0,0.13,0.91,0.14,118.0,0.01,0.01,2319.3943,1776236446000
1776238765.503,265.503,0.87,0.91,0.86,118.0,0.88,16.88,0.9,10.0,0.12,18.02,0.1,10.0,0.13,0.91,0.14,118.0,0.01,0.01,2319.3943,1776236446000
1776238765.753,265.753,0.87,18.91,0.86,110.0,0.88,11.1,0.9,10.0,0.12,16.88,0.1,10.0,0.13,0.91,0.14,118.0,0.01,0.01,2319.3943,1776236446000
1776238766.502,266.502,0.87,158.07,0.86,110.0,0.92,19.72,0.93,86.3,0.12,11.1,0.1,10.0,0.13,18.91,0.14,110.0,0.05,0.01,2319.3943,1776236446000
1776238767.356,267.356,0.91,15.0,0.9,10.0,0.92,39.48,0.93,76.3,0.08,19.72,0.07,86.3,0.13,158.07,0.14,110.0,0.01,0.05,2319.3943,1776236446000
1776238769.657,269.657,0.93,66.0,0.92,59.0,0.94,10.0,0.95,20.0,0.08,39.48,0.07,76.3,0.09,15.0,0.1,10.0,0.01,0.01,2319.3943,1776236446000
1776238770.321,270.321,0.95,30.0,0.94,20.0,0.96,12.93,0.97,209.7,0.04,8.52,0.03,209.7,0.05,10.0,0.06,15.0,0.01,0.01,2319.3943,1776236446000
1776238770.808,270.808,0.95,60.0,0.94,52.0,0.97,85.9,0.98,423.7,0.04,12.93,0.03,209.7,0.05,30.0,0.06,20.0,0.02,0.01,2319.3943,1776236446000
1776238771.178,271.178,0.96,40.0,0.95,55.0,0.97,81.28,0.98,423.7,0.03,56.9,0.02,423.7,0.04,15.0,0.05,60.0,0.01,0.01,2319.3943,1776236446000
1776238771.51,271.51,0.96,41.46,0.95,78.0,0.97,91.28,0.98,423.7,0.03,81.28,0.02,423.7,0.04,40.0,0.05,55.0,0.01,0.01,2319.3943,1776236446000
1776238771.776,271.776,0.96,28.86,0.95,78.0,0.97,76.28,0.98,423.7,0.03,91.28,0.02,423.7,0.04,33.86,0.05,78.0,0.01,0.01,2319.3943,1776236446000
1776238772.545,272.545,0.97,15.0,0.96,18.86,0.98,290.5,0.99,6738.6,0.03,37.24,0.02,423.7,0.04,28.86,0.05,78.0,0.01,0.01,2319.3943,1776236446000
1776238773.04,273.04,0.97,20.0,0.96,18.86,0.98,290.48,0.99,6738.6,0.02,289.47,0.01,6738.6,0.03,15.0,0.04,18.86,0.01,0.01,2319.3943,1776236446000
1776238774.623,274.623,0.97,25.0,0.96,172.56,0.98,258.34,0.99,6738.6,0.02,279.34,0.01,6738.6,0.03,15.0,0.04,18.86,0.01,0.01,2319.3943,1776236446000
1776238776.267,276.267,0.97,12.86,0.96,78.86,0.98,227.55,0.99,6375.0,0.02,232.55,0.01,6738.6,0.03,30.0,0.04,172.56,0.01,0.01,2319.3943,1776236446000
1776238776.841,276.841,0.97,28.04,0.96,107.86,0.98,231.52,0.99,6375.0,0.02,227.55,0.01,6375.0,0.03,12.86,0.04,78.86,0.01,0.01,2319.3943,1776236446000
1776238777.101,277.101,0.97,33.04,0.96,107.86,0.98,216.36,0.99,6375.0,0.02,231.52,0.01,6375.0,0.03,28.04,0.04,107.86,0.01,0.01,2319.3943,1776236446000
1776238777.352,277.352,0.97,33.04,0.96,107.86,0.98,191.36,0.99,6375.0,0.02,216.36,0.01,6375.0,0.03,33.04,0.04,107.86,0.01,0.01,2319.3943,1776236446000
1776238778.223,278.223,0.96,3.04,0.95,10.0,0.98,258.36,0.99,6305.0,0.02,173.36,0.01,6375.0,0.03,33.04,0.04,107.86,0.02,0.01,2319.3943,1776236446000
1776238778.553,278.553,0.9,8.0,0.88,10.0,0.91,22.0,0.92,10.0,0.08,10.0,0.07,40.0,0.13,4.91,0.14,65.0,0.01,0.05,2319.3943,1776236446000
1776238779.353,279.353,0.88,10.0,0.87,10.0,0.93,30.0,0.94,10.0,0.09,15.35,0.08,10.0,0.11,10.0,0.12,10.83,0.05,0.02,2319.3943,1776236446000
1776238779.57,279.57,0.86,19.53,0.85,15.0,0.88,6.76,0.89,10.0,0.11,10.0,0.1,10.0,0.14,9.53,0.15,10.0,0.02,0.03,2319.3943,1776236446000
1776238780.339,280.339,0.87,20.0,0.86,24.53,0.9,10.28,0.91,10.0,0.1,5.28,0.09,10.0,0.14,24.53,0.15,20.0,0.03,0.04,2319.3943,1776236446000
1776238780.641,280.641,0.85,133.13,0.81,105.6,0.86,4.76,0.87,10.0,0.1,20.38,0.09,10.0,0.13,20.0,0.14,19.53,0.01,0.03,2319.3943,1776236446000
1776238781.025,281.025,0.85,91.13,0.81,55.6,0.86,34.76,0.87,15.0,0.14,4.76,0.13,15.0,0.15,104.13,0.19,105.6,0.01,0.01,2319.3943,1776236446000
1776238781.337,281.337,0.85,18.21,0.81,55.6,0.86,39.76,0.87,10.0,0.14,34.76,0.13,15.0,0.15,25.79,0.19,55.6,0.01,0.01,2319.3943,1776236446000
1776238781.545,281.545,0.85,3.21,0.84,5.0,0.86,34.76,0.87,10.0,0.14,39.76,0.13,10.0,0.15,18.21,0.19,55.6,0.01,0.01,2319.3943,1776236446000
1776238782.194,282.194,0.81,54.87,0.8,124.32,0.83,4.03,0.84,10.0,0.14,39.76,0.13,10.0,0.19,22.27,0.22,11.16,0.02,0.05,2319.3943,1776236446000
1776238782.675,282.675,0.81,64.87,0.8,119.32,0.82,9.5,0.83,10.0,0.18,10.5,0.17,10.0,0.19,54.87,0.2,124.32,0.01,0.01,2319.3943,1776236446000
1776238783.031,283.031,0.81,59.87,0.8,119.32,0.83,6.83,0.84,10.0,0.16,10.0,0.15,10.0,0.19,59.87,0.2,119.32,0.02,0.03,2319.3943,1776236446000
1776238783.387,283.387,0.82,16.1,0.81,59.87,0.84,9.67,0.85,10.0,0.17,6.83,0.16,10.0,0.19,59.87,0.2,119.32,0.02,0.02,2319.3943,1776236446000
1776238783.839,283.839,0.82,26.1,0.81,69.87,0.83,14.6,0.84,9.67,0.16,9.67,0.15,10.0,0.18,16.1,0.19,59.87,0.01,0.02,2319.3943,1776236446000
1776238784.303,284.303,0.87,15.0,0.86,15.0,0.88,7.7,0.89,40.0,0.15,9.14,0.14,4.76,0.17,15.0,0.18,26.1,0.01,0.02,2319.3943,1776236446000
1776238784.655,284.655,0.88,15.0,0.87,15.0,0.89,28.76,0.9,30.38,0.11,33.2,0.1,30.38,0.12,10.0,0.13,15.0,0.01,0.01,2319.3943,1776236446000
1776238784.991,284.991,0.89,146.84,0.88,20.0,0.91,82.06,0.92,10.0,0.1,10.38,0.09,83.0,0.12,20.0,0.13,15.0,0.02,0.02,2319.3943,1776236446000
1776238785.341,285.341,0.89,161.84,0.88,15.0,0.91,90.24,0.92,10.0,0.09,91.63,0.08,10.0,0.11,161.84,0.12,15.0,0.02,0.02,2319.3943,1776236446000
1776238785.695,285.695,0.89,161.84,0.88,15.0,0.91,88.03,0.92,10.0,0.09,89.24,0.08,10.0,0.11,161.84,0.12,15.0,0.02,0.02,2319.3943,1776236446000
1776238786.099,286.099,0.9,15.0,0.89,161.84,0.91,3.01,0.92,37.0,0.09,88.03,0.08,10.0,0.11,161.84,0.12,15.0,0.01,0.02,2319.3943,1776236446000
1776238786.454,286.454,0.9,15.0,0.89,166.85,0.92,48.44,0.93,10.0,0.08,48.44,0.07,10.0,0.1,20.0,0.11,161.84,0.02,0.02,2319.3943,1776236446000
1776238786.823,286.823,0.91,10.0,0.9,15.0,0.92,43.44,0.93,10.0,0.08,48.44,0.07,10.0,0.1,15.0,0.11,166.85,0.01,0.02,2319.3943,1776236446000
1776238787.618,287.618,0.91,15.0,0.9,15.0,0.93,35.3,0.94,10.0,0.08,43.44,0.07,10.0,0.09,10.0,0.1,15.0,0.02,0.01,2319.3943,1776236446000
1776238788.079,288.079,0.91,85.88,0.9,15.0,0.92,3.91,0.94,44.0,0.07,35.3,0.06,10.0,0.09,15.0,0.1,15.0,0.01,0.02,2319.3943,1776236446000
1776238788.722,288.722,0.91,80.88,0.9,15.0,0.94,32.73,0.96,60.0,0.08,3.91,0.06,44.0,0.09,85.88,0.1,15.0,0.03,0.01,2319.3943,1776236446000
1776238789.348,289.348,0.94,5.0,0.93,15.0,0.95,202.0,0.96,50.0,0.06,32.73,0.04,60.0,0.09,80.88,0.1,15.0,0.01,0.03,2319.3943,1776236446000
1776238790.576,290.576,0.97,10.0,0.96,10.0,0.98,421.2,0.99,1365.0,0.05,202.0,0.04,50.0,0.06,5.0,0.07,15.0,0.01,0.01,2319.3943,1776236446000
1776238792.168,292.168,0.97,10.0,0.96,20.0,0.98,229.2,0.99,1463.0,0.02,401.2,0.01,1365.0,0.03,15.0,0.04,10.0,0.01,0.01,2319.3943,1776236446000
1776238792.482,292.482,0.97,10.0,0.96,20.0,0.98,224.2,0.99,1463.0,0.02,229.2,0.01,1463.0,0.03,10.0,0.04,20.0,0.01,0.01,2319.3943,1776236446000
1776238793.048,293.048,0.97,15.0,0.96,15.0,0.98,216.23,0.99,1463.0,0.02,226.34,0.01,1463.0,0.03,10.0,0.04,20.0,0.01,0.01,2319.3943,1776236446000
1776238794.434,294.434,0.97,50.0,0.96,60.0,0.98,206.23,0.99,1303.0,0.02,216.23,0.01,1463.0,0.03,15.0,0.04,15.0,0.01,0.01,2319.3943,1776236446000
1776238795.33,295.33,0.97,20.0,0.96,107.0,0.98,171.23,0.99,1303.0,0.02,206.23,0.01,1303.0,0.03,50.0,0.04,60.0,0.01,0.01,2319.3943,1776236446000
1776238795.747,295.747,0.97,20.0,0.96,115.48,0.98,161.23,0.99,1303.0,0.02,171.23,0.01,1303.0,0.03,20.0,0.04,107.0,0.01,0.01,2319.3943,1776236446000
1776238796.096,296.096,0.97,20.0,0.96,115.48,0.98,147.03,0.99,1303.0,0.02,161.23,0.01,1303.0,0.03,20.0,0.04,115.48,0.01,0.01,2319.3943,1776236446000
1776238796.428,296.428,0.97,20.0,0.96,158.48,0.98,145.91,0.99,1192.0,0.02,147.03,0.01,1303.0,0.03,20.0,0.04,115.48,0.01,0.01,2319.3943,1776236446000
1776238797.115,297.115,0.97,239.99,0.96,140.0,0.98,139.79,0.99,1192.0,0.02,136.84,0.01,1192.0,0.03,159.0,0.04,158.48,0.01,0.01,2319.3943,1776236446000
1776238797.339,297.339,0.97,230.99,0.96,140.0,0.98,124.58,0.99,1192.0,0.02,139.79,0.01,1192.0,0.03,239.99,0.04,140.0,0.01,0.01,2319.3943,1776236446000
1776238797.55,297.55,0.98,152.0,0.97,133.99,0.99,626.25,,,0.01,642.74,,,0.02,152.0,0.03,133.99,0.01,0.01,2319.3943,1776236446000
1776238797.761,297.761,0.98,157.0,0.97,108.99,0.99,434.66,,,0.01,436.53,,,0.02,157.0,0.03,108.99,0.01,0.01,2319.3943,1776236446000
1776238797.969,297.969,0.98,157.0,0.97,119.99,0.99,403.35,,,0.01,431.64,,,0.02,157.0,0.03,139.99,0.01,0.01,2319.3943,1776236446000
1776238798.208,298.208,0.98,217.0,0.97,107.48,0.99,307.11,,,0.01,318.98,,,0.02,217.0,0.03,112.99,0.01,0.01,2319.3943,1776236446000
1776238798.948,298.948,0.99,6001.06,0.98,25.0,,,,,,,,,0.01,15.57,0.02,162.0,,,2319.3943,1776236446000
