timestamp,elapsed_sec,up_bid_p1,up_bid_s1,up_bid_p2,up_bid_s2,up_ask_p1,up_ask_s1,up_ask_p2,up_ask_s2,down_bid_p1,down_bid_s1,down_bid_p2,down_bid_s2,down_ask_p1,down_ask_s1,down_ask_p2,down_ask_s2,up_spread,down_spread,eth_price,eth_oracle_ts
1776363601.236,1.236,0.45,8.88,0.4,5.0,0.49,24.41,0.51,50.16,0.49,50.16,0.48,35.0,0.51,5.0,0.55,8.88,0.04,0.02,2329.756205,1776363599000
1776363601.836,1.836,0.45,5.88,0.42,100.0,0.46,5.0,0.48,70.0,0.51,24.41,0.49,50.16,0.55,8.88,0.6,5.0,0.01,0.04,2329.74646,1776363600000
1776363602.617,2.617,0.45,3.31,0.41,170.0,0.46,10.0,0.48,70.0,0.54,5.0,0.52,70.0,0.55,5.88,0.58,100.0,0.01,0.01,2329.64368,1776363601000
1776363603.226,3.226,0.41,170.0,0.4,170.0,0.45,5.69,0.46,15.56,0.54,10.0,0.52,70.0,0.55,3.31,0.59,170.0,0.04,0.01,2329.61368,1776363602000
1776363603.446,3.446,0.41,166.64,0.4,170.0,0.42,5.0,0.45,34.41,0.58,5.0,0.55,34.41,0.59,170.0,0.6,170.0,0.01,0.01,2329.61368,1776363602000
1776363603.66,3.66,0.41,168.28,0.4,170.0,0.45,34.41,0.46,10.56,0.58,5.0,0.55,34.41,0.59,163.28,0.6,170.0,0.04,0.01,2329.61368,1776363602000
1776363605.005,5.005,0.41,217.22,0.4,185.0,0.42,5.85,0.45,34.41,0.55,34.41,0.54,10.56,0.59,160.28,0.6,170.0,0.01,0.04,2329.110852,1776363603000
1776363605.281,5.281,0.41,217.22,0.4,180.0,0.45,34.41,0.46,5.56,0.58,0.85,0.55,34.41,0.59,217.22,0.6,180.0,0.04,0.01,2328.968905,1776363604000
1776363605.697,5.697,0.44,19.0,0.43,10.0,0.45,34.41,0.46,5.56,0.55,34.41,0.54,5.56,0.59,217.22,0.6,180.0,0.01,0.04,2328.968905,1776363604000
1776363606.434,6.434,0.44,4.0,0.42,25.0,0.45,32.18,0.46,30.56,0.55,34.41,0.54,5.56,0.56,19.0,0.57,10.0,0.01,0.01,2328.923042,1776363605000
1776363606.693,6.693,0.44,15.72,0.42,25.0,0.45,58.18,0.46,20.56,0.55,32.18,0.54,30.56,0.56,4.0,0.58,25.0,0.01,0.01,2328.923042,1776363605000
1776363607.041,7.041,0.44,132.45,0.43,100.0,0.45,42.18,0.46,120.56,0.55,58.18,0.54,20.56,0.56,15.72,0.58,25.0,0.01,0.01,2329.20076,1776363606000
1776363607.323,7.323,0.44,15.0,0.42,60.0,0.45,37.18,0.46,120.56,0.55,42.18,0.54,120.56,0.56,107.45,0.57,100.0,0.01,0.01,2329.20076,1776363606000
1776363607.593,7.593,0.44,10.0,0.42,60.0,0.45,37.18,0.46,120.56,0.55,37.18,0.54,120.56,0.56,15.0,0.58,60.0,0.01,0.01,2329.20076,1776363606000
1776363612.162,12.162,0.42,35.5,0.41,72.72,0.43,17.23,0.44,30.5,0.55,37.18,0.54,115.56,0.56,8.21,0.58,60.0,0.01,0.01,2329.15766,1776363610000
1776363612.898,12.898,0.41,82.72,0.4,85.5,0.42,32.19,0.43,142.73,0.57,17.23,0.56,30.5,0.58,35.5,0.59,72.72,0.01,0.01,2329.197158,1776363611000
1776363613.138,13.138,0.41,60.52,0.4,85.5,0.42,45.89,0.43,137.73,0.58,32.19,0.57,142.73,0.59,82.72,0.6,85.5,0.01,0.01,2329.197158,1776363611000
1776363613.413,13.413,0.41,57.24,0.4,95.5,0.42,26.69,0.43,132.73,0.58,45.89,0.57,137.73,0.59,60.52,0.6,85.5,0.01,0.01,2329.197158,1776363611000
1776363613.935,13.935,0.41,47.24,0.4,95.5,0.42,26.69,0.43,132.73,0.58,26.69,0.57,132.73,0.59,52.24,0.6,95.5,0.01,0.01,2329.183401,1776363612000
1776363614.751,14.751,0.42,10.0,0.41,57.74,0.43,7.0,0.44,15.5,0.58,26.69,0.57,132.73,0.59,47.24,0.6,95.5,0.01,0.01,2329.078261,1776363613000
1776363615.353,15.353,0.42,21.5,0.41,57.24,0.43,4.23,0.44,25.5,0.57,7.0,0.56,25.5,0.58,9.5,0.59,57.74,0.01,0.01,2328.98223,1776363614000
1776363615.579,15.579,0.42,6.24,0.41,52.24,0.43,75.73,0.44,120.5,0.57,4.23,0.56,25.5,0.58,21.5,0.59,57.24,0.01,0.01,2328.98223,1776363614000
1776363617.216,17.216,0.41,42.24,0.4,97.0,0.42,50.5,0.43,159.73,0.57,75.73,0.56,120.5,0.58,6.24,0.59,52.24,0.01,0.01,2328.952287,1776363616000
1776363618.135,18.135,0.41,32.24,0.4,102.0,0.42,70.73,0.43,164.73,0.58,50.5,0.57,159.73,0.59,42.24,0.6,97.0,0.01,0.01,2328.952287,1776363616000
1776363618.415,18.415,0.41,27.24,0.4,102.0,0.42,70.73,0.43,164.73,0.58,70.73,0.57,164.73,0.59,32.24,0.6,102.0,0.01,0.01,2328.952287,1776363616000
1776363618.653,18.653,0.41,20.46,0.4,102.0,0.42,70.73,0.43,164.73,0.58,70.73,0.57,164.73,0.59,27.24,0.6,102.0,0.01,0.01,2328.925133,1776363617000
1776363618.964,18.964,0.41,62.64,0.4,135.5,0.42,5.23,0.43,10.0,0.58,70.73,0.57,164.73,0.59,20.46,0.6,102.0,0.01,0.01,2328.925133,1776363617000
1776363619.168,19.168,0.41,101.64,0.4,135.5,0.43,10.0,0.44,20.5,0.58,5.23,0.57,10.0,0.59,62.64,0.6,135.5,0.02,0.01,2328.862936,1776363618000
1776363619.402,19.402,0.43,9.91,0.42,65.5,0.44,10.0,0.45,57.68,0.57,7.0,0.56,20.5,0.58,17.0,0.59,99.64,0.01,0.01,2328.862936,1776363618000
1776363619.621,19.621,0.43,30.41,0.42,75.5,0.44,4.65,0.45,57.68,0.56,10.0,0.55,57.68,0.57,9.91,0.58,65.5,0.01,0.01,2328.862936,1776363618000
1776363620.037,20.037,0.44,5.59,0.43,33.41,0.45,47.68,0.46,26.06,0.56,4.65,0.55,57.68,0.57,30.41,0.58,75.5,0.01,0.01,2328.862936,1776363618000
1776363621.504,21.504,0.44,22.59,0.43,58.41,0.45,44.95,0.46,146.06,0.55,47.68,0.54,26.06,0.56,5.59,0.57,33.41,0.01,0.01,2329.013464,1776363620000
1776363622.097,22.097,0.44,110.09,0.43,83.41,0.45,29.52,0.46,25.56,0.55,42.72,0.54,146.06,0.56,22.59,0.57,58.41,0.01,0.01,2329.038894,1776363621000
1776363624.326,24.326,0.44,84.38,0.43,73.41,0.45,9.52,0.46,25.56,0.55,19.52,0.54,25.56,0.56,83.96,0.57,83.41,0.01,0.01,2329.209482,1776363622000
1776363624.834,24.834,0.44,79.38,0.43,135.5,0.46,25.56,0.47,45.5,0.55,4.52,0.54,25.56,0.56,84.38,0.57,73.41,0.02,0.01,2329.369145,1776363623000
1776363625.86,25.86,0.45,77.33,0.44,55.38,0.46,25.56,0.47,25.0,0.54,25.56,0.53,45.5,0.56,79.38,0.57,135.5,0.01,0.02,2329.388541,1776363624000
1776363628.709,28.709,0.46,9.44,0.45,77.33,0.48,30.5,0.49,339.91,0.54,25.56,0.53,25.0,0.55,77.33,0.56,55.38,0.02,0.01,2329.487315,1776363627000
1776363629.833,29.833,0.47,16.0,0.46,25.44,0.48,38.0,0.49,339.91,0.52,30.5,0.51,339.91,0.54,9.44,0.55,77.33,0.01,0.02,2329.532276,1776363628000
1776363630.15,30.15,0.47,23.0,0.46,40.44,0.48,25.91,0.49,349.91,0.52,38.0,0.51,339.91,0.53,16.0,0.54,25.44,0.01,0.01,2329.532276,1776363628000
1776363631.188,31.188,0.47,48.0,0.46,40.44,0.48,23.74,0.49,349.91,0.52,25.91,0.51,349.91,0.53,23.0,0.54,40.44,0.01,0.01,2329.54498,1776363630000
1776363631.548,31.548,0.47,39.69,0.46,40.44,0.48,23.74,0.49,349.91,0.52,23.74,0.51,349.91,0.53,48.0,0.54,40.44,0.01,0.01,2329.54498,1776363630000
1776363635.022,35.022,0.47,17.0,0.46,9.44,0.48,128.24,0.49,364.91,0.52,23.74,0.51,349.91,0.53,39.69,0.54,40.44,0.01,0.01,2329.49996,1776363633000
1776363635.44,35.44,0.46,7.6,0.44,15.38,0.48,28.24,0.49,239.91,0.52,128.24,0.51,364.91,0.53,17.0,0.54,9.44,0.02,0.01,2329.54299,1776363634000
1776363636.038,36.038,0.46,2.6,0.44,22.38,0.47,28.37,0.48,37.24,0.53,61.5,0.52,21.24,0.54,22.6,0.56,15.38,0.01,0.01,2329.54299,1776363634000
1776363636.4,36.4,0.43,105.0,0.42,92.5,0.47,94.37,0.48,31.24,0.53,28.37,0.52,37.24,0.54,2.6,0.56,22.38,0.04,0.01,2329.543035,1776363635000
1776363637.156,37.156,0.43,102.49,0.42,92.5,0.44,20.0,0.45,20.0,0.56,20.0,0.55,25.5,0.57,98.13,0.58,92.5,0.01,0.01,2329.543035,1776363635000
1776363637.388,37.388,0.43,102.49,0.42,92.5,0.44,12.0,0.45,20.0,0.56,20.0,0.55,20.0,0.57,102.49,0.58,92.5,0.01,0.01,2329.485778,1776363636000
1776363637.729,37.729,0.43,102.49,0.42,92.5,0.44,7.0,0.45,15.0,0.56,12.0,0.55,20.0,0.57,102.49,0.58,92.5,0.01,0.01,2329.485778,1776363636000
1776363637.991,37.991,0.43,102.49,0.42,92.5,0.44,2.63,0.45,25.5,0.56,7.0,0.55,15.0,0.57,102.49,0.58,92.5,0.01,0.01,2329.432277,1776363637000
1776363641.998,41.998,0.45,46.0,0.44,20.0,0.46,1.47,0.47,10.0,0.56,2.63,0.55,25.5,0.57,102.49,0.58,92.5,0.01,0.01,2329.265306,1776363640000
1776363642.568,42.568,0.45,143.81,0.44,46.0,0.47,10.0,0.48,10.0,0.54,1.47,0.53,10.0,0.55,53.81,0.56,20.0,0.02,0.01,2329.254659,1776363641000
1776363644.649,44.649,0.46,35.0,0.45,35.5,0.47,19.0,0.48,55.5,0.53,10.0,0.52,10.0,0.55,143.81,0.56,46.0,0.01,0.02,2329.524565,1776363643000
1776363646.99,46.99,0.46,55.14,0.45,37.5,0.48,55.5,0.49,240.91,0.53,19.0,0.52,55.5,0.54,35.0,0.55,35.5,0.02,0.01,2329.50506,1776363646000
1776363649.248,49.248,0.46,41.43,0.45,37.5,0.47,25.5,0.48,55.5,0.52,55.5,0.51,240.91,0.54,55.14,0.55,37.5,0.01,0.02,2329.50105,1776363648000
1776363650.595,50.595,0.47,112.45,0.46,111.93,0.48,20.0,0.49,149.91,0.53,25.5,0.52,55.5,0.54,41.43,0.55,37.5,0.01,0.01,2329.50105,1776363648000
1776363650.977,50.977,0.47,62.61,0.46,111.93,0.48,20.0,0.49,149.91,0.52,20.0,0.51,149.91,0.53,112.45,0.54,111.93,0.01,0.01,2329.499495,1776363649000
1776363652.987,52.987,0.46,82.0,0.45,100.5,0.47,15.0,0.48,45.5,0.52,20.0,0.51,149.91,0.53,62.61,0.54,111.93,0.01,0.01,2329.513249,1776363651000
1776363653.427,53.427,0.46,108.0,0.45,100.5,0.47,9.9,0.48,50.5,0.53,15.0,0.52,45.5,0.54,82.0,0.55,100.5,0.01,0.01,2329.513249,1776363651000
1776363655.041,55.041,0.48,84.0,0.47,43.5,0.49,144.91,0.5,25.5,0.53,19.2,0.52,15.5,0.54,137.29,0.55,100.5,0.01,0.01,2329.541426,1776363653000
1776363661.967,61.967,0.48,82.86,0.47,43.5,0.49,19.41,0.5,20.5,0.51,144.91,0.5,25.5,0.52,84.0,0.53,43.5,0.01,0.01,2329.61656,1776363659000
1776363662.967,62.967,0.46,122.79,0.45,132.5,0.47,27.46,0.48,40.5,0.51,19.41,0.5,20.5,0.52,82.86,0.53,43.5,0.01,0.01,2329.6523,1776363661000
1776363664.205,64.205,0.46,140.29,0.45,132.5,0.49,31.0,0.5,30.5,0.53,27.46,0.52,40.5,0.54,122.79,0.55,132.5,0.03,0.01,2329.624042,1776363663000
1776363666.138,66.138,0.46,107.79,0.45,135.5,0.47,49.46,0.48,65.5,0.51,31.0,0.5,30.5,0.54,140.29,0.55,132.5,0.01,0.03,2329.544938,1776363664000
1776363667.452,67.452,0.46,110.93,0.45,142.5,0.47,39.46,0.48,75.5,0.53,49.46,0.52,65.5,0.54,107.79,0.55,135.5,0.01,0.01,2329.545534,1776363666000
1776363669.488,69.488,0.44,45.0,0.43,139.99,0.46,2.41,0.47,196.96,0.53,39.46,0.52,75.5,0.54,110.93,0.55,142.5,0.02,0.01,2329.524867,1776363668000
1776363669.801,69.801,0.43,89.99,0.42,60.0,0.45,136.5,0.46,57.91,0.54,2.41,0.53,196.96,0.56,45.0,0.57,139.99,0.02,0.02,2329.524867,1776363668000
1776363671.819,71.819,0.43,64.99,0.42,75.5,0.44,57.04,0.45,91.5,0.55,136.5,0.54,57.91,0.57,89.99,0.58,60.0,0.01,0.02,2329.32513,1776363670000
1776363672.215,72.215,0.44,29.74,0.43,69.99,0.45,117.5,0.46,52.91,0.55,91.5,0.54,52.91,0.56,35.96,0.57,64.99,0.01,0.01,2329.153498,1776363671000
1776363672.566,72.566,0.44,23.52,0.43,69.99,0.45,87.5,0.46,37.91,0.55,117.5,0.54,52.91,0.56,29.74,0.57,69.99,0.01,0.01,2329.153498,1776363671000
1776363672.882,72.882,0.44,105.02,0.43,90.49,0.45,1.0,0.47,25.0,0.55,87.5,0.54,37.91,0.56,23.52,0.57,69.99,0.01,0.01,2329.153498,1776363671000
1776363673.26,73.26,0.46,46.99,0.45,12.0,0.47,60.28,0.48,95.5,0.53,51.0,0.52,105.5,0.54,23.99,0.55,27.5,0.01,0.01,2329.153498,1776363671000
1776363673.474,73.474,0.44,21.73,0.43,90.49,0.47,77.28,0.48,95.5,0.53,60.28,0.52,95.5,0.54,46.99,0.55,12.0,0.03,0.01,2329.142212,1776363672000
1776363674.458,74.458,0.45,10.0,0.44,101.48,0.47,19.26,0.49,40.0,0.53,77.28,0.52,95.5,0.56,21.73,0.57,90.49,0.02,0.03,2329.143213,1776363673000
1776363675.576,75.576,0.46,24.0,0.45,32.5,0.47,14.76,0.48,25.5,0.53,19.26,0.51,40.0,0.55,10.0,0.56,101.48,0.01,0.02,2329.307619,1776363674000
1776363675.958,75.958,0.46,18.79,0.45,27.5,0.47,19.26,0.48,15.0,0.53,14.76,0.52,25.5,0.54,24.0,0.55,32.5,0.01,0.01,2329.307619,1776363674000
1776363676.282,76.282,0.46,42.93,0.45,32.5,0.47,14.26,0.48,25.0,0.53,19.26,0.52,15.0,0.54,18.79,0.55,27.5,0.01,0.01,2329.258434,1776363675000
1776363678.985,78.985,0.44,45.98,0.43,190.49,0.45,12.33,0.46,55.0,0.53,14.26,0.52,25.0,0.54,42.93,0.55,32.5,0.01,0.01,2329.416909,1776363677000
1776363684.204,84.204,0.43,38.62,0.42,95.0,0.45,118.83,0.46,35.0,0.55,12.33,0.54,55.0,0.56,45.98,0.57,190.49,0.02,0.01,2329.21805,1776363682000
1776363688.414,88.414,0.4,15.0,0.39,215.0,0.41,258.5,0.42,150.5,0.57,64.38,0.56,97.0,0.58,95.0,0.59,160.5,0.01,0.01,2329.084264,1776363686000
1776363688.71,88.71,0.4,10.0,0.39,215.0,0.41,233.5,0.42,120.5,0.59,258.5,0.58,150.5,0.6,15.0,0.61,215.0,0.01,0.01,2329.04867,1776363687000
1776363689.078,89.078,0.4,8.0,0.39,180.0,0.41,228.5,0.42,120.5,0.59,233.5,0.58,120.5,0.6,8.0,0.61,215.0,0.01,0.01,2329.04867,1776363687000
1776363689.777,89.777,0.4,8.0,0.39,180.0,0.41,223.5,0.42,130.5,0.59,228.5,0.58,120.5,0.6,8.0,0.61,180.0,0.01,0.01,2328.92,1776363688000
1776363692.19,92.19,0.4,11.02,0.39,98.5,0.41,55.0,0.42,90.0,0.59,223.5,0.58,125.5,0.6,2.5,0.61,180.0,0.01,0.01,2328.722672,1776363691000
1776363692.406,92.406,0.4,43.52,0.39,98.5,0.41,5.0,0.42,90.0,0.59,5.0,0.58,90.0,0.6,38.52,0.61,98.5,0.01,0.01,2328.722672,1776363691000
1776363695.153,95.153,0.46,70.0,0.41,126.5,0.47,5.0,0.48,10.0,0.58,90.0,0.57,104.38,0.6,56.5,0.61,98.5,0.01,0.02,2328.79887,1776363693000
1776363695.364,95.364,0.46,70.0,0.41,126.5,0.51,143.82,0.52,290.0,0.49,143.92,0.48,290.0,0.54,70.0,0.59,126.5,0.05,0.05,2328.79887,1776363693000
1776363695.716,95.716,0.5,21.5,0.49,10.0,0.51,129.7,0.52,285.0,0.49,129.7,0.48,315.0,0.53,10.63,0.54,340.5,0.01,0.04,2329.017271,1776363694000
1776363696.298,96.298,0.5,123.7,0.49,25.5,0.51,149.7,0.52,285.0,0.49,129.7,0.48,285.0,0.5,21.5,0.51,10.0,0.01,0.01,2329.025827,1776363695000
1776363696.502,96.502,0.5,94.5,0.49,25.5,0.51,118.86,0.52,285.0,0.49,149.7,0.48,285.0,0.5,123.7,0.51,25.5,0.01,0.01,2329.025827,1776363695000
1776363697.478,97.478,0.5,119.5,0.49,30.5,0.51,160.99,0.52,285.0,0.49,102.96,0.48,285.0,0.5,99.5,0.51,25.5,0.01,0.01,2329.851656,1776363696000
1776363698.169,98.169,0.5,22.0,0.49,35.5,0.51,160.99,0.52,280.0,0.49,160.99,0.48,285.0,0.5,119.5,0.51,30.5,0.01,0.01,2329.874109,1776363697000
1776363698.629,98.629,0.5,37.5,0.49,25.5,0.51,190.19,0.52,295.5,0.49,160.99,0.48,290.5,0.5,27.5,0.51,30.5,0.01,0.01,2329.874109,1776363697000
1776363699.23,99.23,0.49,20.0,0.48,60.5,0.5,94.5,0.51,207.49,0.49,190.19,0.48,295.5,0.5,37.5,0.51,25.5,0.01,0.01,2329.927758,1776363698000
1776363702.227,102.227,0.45,30.5,0.44,15.0,0.46,38.64,0.47,30.5,0.5,94.5,0.49,207.49,0.51,14.13,0.52,60.5,0.01,0.01,2329.72265,1776363701000
1776363704.046,104.046,0.44,5.5,0.43,57.5,0.45,19.2,0.47,16.5,0.54,52.0,0.53,30.5,0.55,26.66,0.56,15.0,0.01,0.01,2329.682857,1776363702000
1776363704.467,104.467,0.48,6.94,0.47,86.0,0.51,245.99,0.52,360.0,0.51,24.75,0.5,20.0,0.53,1.79,0.54,10.0,0.03,0.02,2329.592635,1776363703000
1776363713.193,113.193,0.49,27.0,0.48,65.5,0.5,67.05,0.51,76.49,0.49,245.99,0.48,360.0,0.52,6.94,0.53,86.0,0.01,0.03,2329.90091,1776363712000
1776363715.061,115.061,0.5,17.8,0.49,32.0,0.51,28.79,0.52,270.5,0.49,63.79,0.48,270.5,0.51,27.0,0.52,60.5,0.01,0.02,2329.819635,1776363714000
1776363719.283,119.283,0.49,5.0,0.48,60.0,0.5,35.5,0.51,38.79,0.49,28.79,0.48,270.5,0.5,17.8,0.51,32.0,0.01,0.01,2329.793235,1776363718000
1776363722.024,122.024,0.48,75.0,0.47,125.0,0.5,80.5,0.51,55.79,0.5,35.5,0.49,38.79,0.51,5.0,0.52,60.0,0.02,0.01,2329.70815,1776363720000
1776363722.499,122.499,0.48,50.0,0.47,55.0,0.49,45.05,0.5,45.5,0.5,80.5,0.49,55.79,0.52,75.0,0.53,125.0,0.01,0.02,2329.67325,1776363721000
1776363726.883,126.883,0.51,28.8,0.5,39.0,0.52,260.5,0.53,95.5,0.51,45.05,0.5,45.5,0.52,50.0,0.53,55.0,0.01,0.01,2329.612945,1776363725000
1776363728.212,128.212,0.51,52.8,0.5,54.5,0.52,244.8,0.53,80.5,0.48,260.5,0.47,95.5,0.49,28.8,0.5,39.0,0.01,0.01,2329.751554,1776363726000
1776363728.943,128.943,0.51,33.8,0.5,49.5,0.52,240.39,0.53,85.5,0.48,239.51,0.47,80.5,0.49,33.8,0.5,54.5,0.01,0.01,2329.76781,1776363727000
1776363730.168,130.168,0.51,12.55,0.5,15.0,0.52,179.89,0.53,75.0,0.48,240.39,0.47,85.5,0.49,33.8,0.5,49.5,0.01,0.01,2329.778825,1776363728000
1776363730.65,130.65,0.51,12.55,0.5,25.5,0.52,128.32,0.53,75.0,0.48,179.89,0.47,75.0,0.49,12.55,0.5,15.0,0.01,0.01,2329.83974,1776363729000
1776363731.518,131.518,0.49,31.24,0.48,160.0,0.5,10.0,0.51,15.0,0.48,128.32,0.47,75.0,0.49,12.55,0.5,25.5,0.01,0.01,2329.850402,1776363730000
1776363731.909,131.909,0.49,46.24,0.48,160.0,0.5,11.62,0.52,80.62,0.48,80.62,0.47,100.5,0.5,4.38,0.51,41.24,0.01,0.02,2329.860162,1776363731000
1776363732.897,132.897,0.51,119.0,0.5,32.0,0.52,19.12,0.53,80.0,0.5,11.62,0.48,80.62,0.51,46.24,0.52,160.0,0.01,0.01,2329.860162,1776363731000
1776363734.295,134.295,0.52,116.41,0.51,48.5,0.53,80.0,0.54,180.5,0.48,10.12,0.47,80.0,0.49,139.0,0.5,25.0,0.01,0.01,2329.769064,1776363733000
1776363739.039,139.039,0.5,9.0,0.49,71.24,0.51,102.5,0.52,105.5,0.47,80.0,0.46,180.5,0.48,116.41,0.49,48.5,0.01,0.01,2329.931561,1776363738000
1776363739.257,139.257,0.49,68.0,0.48,125.0,0.5,32.5,0.51,165.5,0.49,102.5,0.48,175.5,0.51,71.24,0.52,125.0,0.01,0.02,2329.931561,1776363738000
1776363739.692,139.692,0.49,50.0,0.48,125.0,0.5,52.5,0.51,160.5,0.5,42.5,0.49,165.5,0.51,65.0,0.52,125.0,0.01,0.01,2329.931561,1776363738000
1776363740.247,140.247,0.49,45.0,0.48,135.0,0.5,67.5,0.51,195.5,0.5,52.5,0.49,160.5,0.51,50.0,0.52,125.0,0.01,0.01,2329.931561,1776363738000
1776363741.449,141.449,0.49,8.03,0.48,135.0,0.5,67.5,0.51,220.5,0.5,67.5,0.49,195.5,0.51,45.0,0.52,135.0,0.01,0.01,2329.515806,1776363740000
1776363741.967,141.967,0.48,105.0,0.47,134.5,0.49,60.05,0.5,40.5,0.5,62.5,0.49,220.5,0.52,135.0,0.53,134.5,0.01,0.02,2329.515806,1776363740000
1776363742.96,142.96,0.45,57.0,0.44,125.0,0.46,9.25,0.47,30.5,0.51,60.05,0.5,40.5,0.52,105.0,0.53,134.5,0.01,0.01,2329.415288,1776363741000
1776363743.506,143.506,0.45,86.0,0.44,135.0,0.48,15.62,0.49,130.5,0.54,9.25,0.53,30.5,0.55,57.0,0.56,125.0,0.03,0.01,2329.428306,1776363742000
1776363745.247,145.247,0.45,81.0,0.44,135.0,0.47,80.0,0.48,16.0,0.52,15.62,0.51,130.5,0.55,86.0,0.56,135.0,0.02,0.03,2329.388787,1776363744000
1776363746.395,146.395,0.45,59.0,0.44,135.0,0.46,46.15,0.47,90.5,0.53,80.0,0.52,16.0,0.55,81.0,0.56,135.0,0.01,0.02,2329.416645,1776363745000
1776363746.766,146.766,0.45,46.24,0.44,135.0,0.46,47.15,0.47,85.5,0.54,46.15,0.53,90.5,0.55,59.0,0.56,135.0,0.01,0.01,2329.416645,1776363745000
1776363746.973,146.973,0.45,65.42,0.44,135.0,0.46,47.15,0.47,85.5,0.54,47.15,0.53,85.5,0.55,46.24,0.56,135.0,0.01,0.01,2329.416645,1776363745000
1776363747.602,147.602,0.45,42.31,0.44,135.0,0.46,47.15,0.47,90.5,0.54,47.15,0.53,85.5,0.55,65.42,0.56,135.0,0.01,0.01,2329.454224,1776363746000
1776363748.194,148.194,0.45,20.55,0.44,135.0,0.46,47.15,0.47,90.5,0.54,47.15,0.53,90.5,0.55,42.31,0.56,135.0,0.01,0.01,2329.40627,1776363747000
1776363749.169,149.169,0.45,20.55,0.44,135.0,0.46,43.32,0.47,90.5,0.54,47.15,0.53,90.5,0.55,20.55,0.56,135.0,0.01,0.01,2329.352964,1776363748000
1776363750.878,150.878,0.44,135.0,0.43,150.0,0.46,91.5,0.47,85.5,0.54,43.32,0.53,90.5,0.55,20.55,0.56,135.0,0.02,0.01,2329.309203,1776363749000
1776363755.123,155.123,0.43,6.99,0.42,190.0,0.45,115.0,0.46,75.5,0.54,91.5,0.53,85.5,0.56,135.0,0.57,150.0,0.02,0.02,2329.284154,1776363753000
1776363755.472,155.472,0.42,27.5,0.41,10.5,0.44,6.0,0.45,105.0,0.57,8.19,0.56,5.0,0.6,123.83,0.61,80.0,0.02,0.03,2329.255631,1776363754000
1776363755.794,155.794,0.43,14.0,0.42,56.5,0.44,6.0,0.45,105.0,0.56,6.0,0.55,105.0,0.58,27.5,0.59,10.5,0.01,0.02,2329.255631,1776363754000
1776363756.008,156.008,0.42,49.5,0.41,10.5,0.45,104.62,0.46,135.0,0.56,6.0,0.55,105.0,0.57,14.0,0.58,56.5,0.03,0.01,2329.255631,1776363754000
1776363756.676,156.676,0.4,73.83,0.39,97.0,0.41,14.0,0.43,10.0,0.55,104.62,0.54,135.0,0.58,49.5,0.59,10.5,0.01,0.03,2329.241458,1776363755000
1776363756.947,156.947,0.4,74.33,0.39,87.0,0.41,13.26,0.42,15.0,0.59,14.0,0.57,10.0,0.6,73.83,0.61,97.0,0.01,0.01,2329.241458,1776363755000
1776363758.03,158.03,0.4,229.33,0.39,165.0,0.45,60.0,0.46,10.0,0.59,13.26,0.58,15.0,0.6,74.33,0.61,87.0,0.05,0.01,2329.221129,1776363757000
1776363758.252,158.252,0.47,7.73,0.46,10.0,0.48,20.5,0.49,60.0,0.55,60.0,0.54,10.0,0.6,229.33,0.61,165.0,0.01,0.05,2329.221129,1776363757000
1776363761.866,161.866,0.41,5.0,0.4,33.83,0.45,126.35,0.46,140.0,0.52,20.5,0.51,60.0,0.53,7.73,0.54,10.0,0.04,0.01,2329.460195,1776363760000
1776363762.713,162.713,0.4,23.83,0.39,173.0,0.42,10.0,0.43,15.0,0.55,126.35,0.54,140.0,0.59,5.0,0.6,33.83,0.02,0.04,2329.498909,1776363761000
1776363763.006,163.006,0.39,80.0,0.38,395.0,0.41,76.0,0.42,10.0,0.58,10.0,0.57,15.0,0.6,23.83,0.61,173.0,0.02,0.02,2329.498909,1776363761000
1776363763.466,163.466,0.39,30.0,0.38,410.3,0.4,24.87,0.41,60.0,0.59,76.0,0.58,10.0,0.61,80.0,0.62,395.0,0.01,0.02,2329.346524,1776363762000
1776363764.749,164.749,0.35,230.0,0.34,285.0,0.38,106.4,0.39,45.0,0.6,24.87,0.59,60.0,0.61,30.0,0.62,410.3,0.03,0.01,2329.278365,1776363763000
1776363764.997,164.997,0.35,55.0,0.34,285.0,0.36,47.22,0.37,10.0,0.62,175.4,0.61,45.0,0.65,230.0,0.66,285.0,0.01,0.03,2329.278365,1776363763000
1776363765.283,165.283,0.33,91.3,0.32,146.5,0.34,5.62,0.36,41.66,0.64,41.66,0.63,26.0,0.65,1.95,0.67,91.3,0.01,0.01,2329.024177,1776363764000
1776363766.063,166.063,0.32,3.52,0.31,5.0,0.35,75.77,0.36,171.86,0.66,5.62,0.64,41.66,0.67,91.3,0.68,146.5,0.03,0.01,2329.024177,1776363764000
1776363766.415,166.415,0.29,50.0,0.28,100.0,0.31,41.48,0.33,30.0,0.65,75.77,0.64,171.86,0.68,3.52,0.69,5.0,0.02,0.03,2328.564189,1776363765000
1776363766.799,166.799,0.28,20.0,0.27,175.0,0.29,22.3,0.3,10.0,0.69,41.48,0.67,30.0,0.71,50.0,0.72,100.0,0.01,0.02,2328.564189,1776363765000
1776363768.053,168.053,0.27,195.0,0.26,11.0,0.28,6.42,0.29,45.0,0.71,57.3,0.7,10.0,0.73,175.0,0.76,93.7,0.01,0.02,2328.37367,1776363766000
1776363768.399,168.399,0.27,249.0,0.26,21.0,0.28,4.72,0.29,45.0,0.72,6.42,0.71,45.0,0.73,195.0,0.74,11.0,0.01,0.01,2328.364182,1776363767000
1776363768.875,168.875,0.27,27.94,0.26,21.0,0.28,10.0,0.29,36.03,0.71,31.03,0.7,10.0,0.73,132.0,0.74,21.0,0.01,0.02,2328.364182,1776363767000
1776363769.106,169.106,0.27,10.0,0.26,21.0,0.28,7.88,0.29,36.03,0.72,10.0,0.71,36.03,0.73,27.94,0.74,21.0,0.01,0.01,2328.364182,1776363767000
1776363769.631,169.631,0.24,76.0,0.21,70.0,0.25,4.12,0.26,10.0,0.72,21.3,0.71,36.03,0.73,5.0,0.74,21.0,0.01,0.01,2328.329688,1776363768000
1776363769.856,169.856,0.24,86.0,0.21,70.0,0.29,36.03,0.3,15.0,0.73,0.74,0.72,23.5,0.76,76.0,0.79,70.0,0.05,0.03,2328.329688,1776363768000
1776363770.117,170.117,0.25,4.72,0.24,31.0,0.28,10.0,0.29,36.03,0.71,36.03,0.7,15.0,0.76,31.0,0.79,70.0,0.03,0.05,2328.329688,1776363768000
1776363770.468,170.468,0.25,4.72,0.24,26.0,0.26,6.15,0.27,10.0,0.72,10.0,0.71,36.03,0.75,4.72,0.76,31.0,0.01,0.03,2328.420924,1776363769000
1776363770.778,170.778,0.25,3.38,0.24,26.0,0.26,6.15,0.27,10.0,0.74,6.15,0.73,10.0,0.75,4.72,0.76,26.0,0.01,0.01,2328.420924,1776363769000
1776363771.448,171.448,0.24,24.25,0.21,70.0,0.26,6.15,0.27,80.0,0.74,6.15,0.73,10.0,0.75,3.38,0.76,26.0,0.02,0.01,2328.485473,1776363770000
1776363771.789,171.789,0.24,26.0,0.21,70.0,0.25,6.0,0.26,6.15,0.74,6.15,0.73,80.0,0.76,24.25,0.79,70.0,0.01,0.02,2328.485473,1776363770000
1776363772.749,172.749,0.24,25.92,0.21,70.0,0.25,6.0,0.26,6.15,0.75,6.0,0.74,6.15,0.76,26.0,0.79,70.0,0.01,0.01,2328.28275,1776363771000
1776363773.847,173.847,0.24,15.92,0.23,10.0,0.25,2.0,0.26,6.15,0.75,6.0,0.74,6.15,0.76,25.92,0.79,70.0,0.01,0.01,2328.325427,1776363772000
1776363776.037,176.037,0.24,27.0,0.23,10.0,0.25,2.0,0.26,6.15,0.75,2.0,0.74,6.15,0.76,15.92,0.77,10.0,0.01,0.01,2328.291757,1776363774000
1776363777.249,177.249,0.21,3.31,0.2,22.5,0.25,75.2,0.26,86.15,0.75,2.0,0.74,6.15,0.76,27.0,0.77,10.0,0.04,0.01,2328.318263,1776363776000
1776363777.547,177.547,0.2,32.5,0.19,34.4,0.23,5.88,0.25,52.0,0.75,75.2,0.74,86.15,0.79,3.31,0.8,22.5,0.03,0.04,2328.318263,1776363776000
1776363778.628,178.628,0.2,22.5,0.19,23.4,0.21,25.0,0.22,80.0,0.77,5.88,0.75,52.0,0.8,32.5,0.81,34.4,0.01,0.03,2328.262411,1776363777000
1776363780.336,180.336,0.2,78.5,0.19,100.0,0.21,15.0,0.22,22.0,0.79,25.0,0.78,80.0,0.8,22.5,0.81,23.4,0.01,0.01,2328.027947,1776363779000
1776363780.539,180.539,0.2,111.5,0.19,100.0,0.22,22.0,0.23,22.88,0.79,3.0,0.78,22.0,0.8,92.5,0.81,100.0,0.02,0.01,2328.027947,1776363779000
1776363780.887,180.887,0.2,72.75,0.19,100.0,0.22,2.58,0.23,22.88,0.79,4.0,0.78,13.4,0.8,72.75,0.81,100.0,0.02,0.01,2328.027947,1776363779000
1776363781.36,181.36,0.21,64.0,0.2,5.0,0.22,5.88,0.23,22.88,0.78,0.88,0.77,22.88,0.8,72.5,0.81,100.0,0.01,0.02,2328.01711,1776363780000
1776363784.606,184.606,0.2,40.0,0.19,100.0,0.22,4.06,0.23,97.0,0.78,14.06,0.77,22.88,0.79,44.0,0.8,12.0,0.02,0.01,2328.232304,1776363783000
1776363785.574,185.574,0.2,29.6,0.19,113.0,0.21,10.0,0.22,74.06,0.78,4.06,0.77,97.0,0.8,40.0,0.81,100.0,0.01,0.02,2328.232304,1776363784000
1776363785.804,185.804,0.2,122.81,0.19,180.0,0.21,10.0,0.22,10.0,0.79,10.0,0.78,74.06,0.8,42.46,0.81,113.0,0.01,0.01,2328.232304,1776363784000
1776363786.014,186.014,0.22,75.0,0.21,7.0,0.24,4.0,0.25,7.0,0.79,10.0,0.78,10.0,0.8,122.81,0.81,180.0,0.02,0.01,2328.232304,1776363784000
1776363786.239,186.239,0.22,49.46,0.21,7.0,0.23,15.0,0.24,14.0,0.76,4.0,0.75,7.0,0.78,75.0,0.79,7.0,0.01,0.02,2328.232304,1776363784000
1776363786.515,186.515,0.22,52.7,0.21,7.0,0.23,15.0,0.24,24.5,0.77,15.0,0.76,14.0,0.78,49.46,0.79,7.0,0.01,0.01,2328.175987,1776363785000
1776363786.981,186.981,0.22,34.7,0.21,15.0,0.23,15.0,0.24,24.5,0.77,15.0,0.76,24.5,0.78,52.7,0.79,7.0,0.01,0.01,2328.175987,1776363785000
1776363787.183,187.183,0.22,26.7,0.21,15.0,0.23,15.0,0.24,24.5,0.77,15.0,0.76,24.5,0.78,34.7,0.79,15.0,0.01,0.01,2328.175987,1776363785000
1776363787.641,187.641,0.22,5.71,0.21,15.0,0.23,25.0,0.24,24.5,0.77,15.0,0.76,24.5,0.78,26.7,0.79,15.0,0.01,0.01,2328.175987,1776363785000
1776363790.093,190.093,0.19,110.0,0.18,50.0,0.22,15.0,0.23,136.75,0.77,25.0,0.76,24.5,0.78,5.71,0.79,15.0,0.03,0.01,2328.226924,1776363788000
1776363790.851,190.851,0.19,8.76,0.18,55.0,0.2,48.0,0.21,18.0,0.78,23.0,0.77,61.75,0.79,19.0,0.81,110.0,0.01,0.01,2328.221611,1776363789000
1776363791.136,191.136,0.18,55.0,0.17,82.5,0.19,22.5,0.2,15.0,0.8,15.0,0.79,18.0,0.82,55.0,0.83,30.5,0.01,0.02,2328.221611,1776363789000
1776363794.693,194.693,0.18,12.0,0.14,39.9,0.19,52.0,0.2,155.0,0.81,30.5,0.8,15.0,0.82,79.4,0.83,82.5,0.01,0.01,2328.10265,1776363793000
1776363795.802,195.802,0.13,35.45,0.12,58.19,0.15,20.0,0.16,20.0,0.83,6.1,0.81,62.0,0.86,5.21,0.87,41.8,0.02,0.03,2328.049102,1776363794000
1776363796.113,196.113,0.13,35.45,0.12,58.19,0.15,4.38,0.16,15.0,0.85,20.0,0.84,20.0,0.87,35.45,0.88,58.19,0.02,0.02,2328.049102,1776363794000
1776363796.512,196.512,0.14,23.93,0.13,29.12,0.15,20.0,0.16,17.0,0.85,4.38,0.84,15.0,0.87,29.12,0.88,58.19,0.01,0.02,2327.918577,1776363795000
1776363797.144,197.144,0.14,8.6,0.13,29.12,0.15,42.0,0.16,19.0,0.85,20.0,0.84,17.0,0.86,23.93,0.87,29.12,0.01,0.01,2327.918577,1776363795000
1776363797.454,197.454,0.14,2.6,0.13,29.12,0.15,74.0,0.16,19.0,0.85,42.0,0.84,19.0,0.86,8.6,0.87,29.12,0.01,0.01,2327.918577,1776363795000
1776363798.376,198.376,0.14,7.6,0.13,10.0,0.15,47.0,0.16,19.0,0.85,74.0,0.84,19.0,0.86,2.6,0.87,29.12,0.01,0.01,2327.6032,1776363797000
1776363799.927,199.927,0.13,5.83,0.12,24.09,0.15,87.0,0.16,139.0,0.85,47.0,0.84,19.0,0.86,7.6,0.87,10.0,0.02,0.01,2327.600191,1776363798000
1776363800.858,200.858,0.12,10.09,0.11,10.0,0.13,27.0,0.14,167.0,0.85,87.0,0.84,139.0,0.87,5.83,0.88,24.09,0.01,0.02,2327.63403,1776363799000
1776363801.561,201.561,0.1,12.3,0.09,30.0,0.11,16.6,0.12,17.0,0.89,11.6,0.87,110.0,0.9,25.0,0.91,30.0,0.01,0.01,2327.589285,1776363800000
1776363802.456,202.456,0.1,3.82,0.09,21.0,0.11,59.6,0.12,85.0,0.89,69.6,0.88,85.0,0.9,4.94,0.91,21.0,0.01,0.01,2327.57557,1776363801000
1776363803.101,203.101,0.1,0.7,0.09,26.0,0.11,64.6,0.12,75.0,0.89,59.6,0.88,85.0,0.9,1.82,0.91,21.0,0.01,0.01,2327.57557,1776363801000
1776363803.316,203.316,0.09,26.0,0.08,28.0,0.11,96.6,0.12,75.0,0.89,64.6,0.88,75.0,0.9,0.7,0.91,26.0,0.02,0.01,2327.2521,1776363802000
1776363803.964,203.964,0.07,23.0,0.06,26.0,0.1,122.0,0.11,216.6,0.89,96.6,0.88,75.0,0.91,26.0,0.92,28.0,0.03,0.02,2327.2521,1776363802000
1776363804.411,204.411,0.05,29.25,0.04,250.8,0.07,85.0,0.08,101.49,0.93,5.0,0.92,101.49,0.95,43.52,0.96,250.8,0.02,0.02,2327.143667,1776363803000
1776363804.873,204.873,0.06,10.0,0.05,4.25,0.07,146.28,0.08,90.49,0.93,85.0,0.92,101.49,0.95,29.25,0.96,250.8,0.01,0.02,2327.143667,1776363803000
1776363805.737,205.737,0.06,3.25,0.05,4.25,0.07,151.28,0.08,85.49,0.93,146.28,0.92,90.49,0.94,7.34,0.95,4.25,0.01,0.01,2327.026383,1776363804000
1776363806.021,206.021,0.06,1.16,0.05,4.25,0.07,166.0,0.08,85.49,0.93,151.28,0.92,85.49,0.94,3.25,0.95,4.25,0.01,0.01,2326.678836,1776363805000
1776363806.52,206.52,0.06,1.16,0.05,4.25,0.07,163.18,0.08,85.49,0.93,166.0,0.92,85.49,0.94,1.16,0.95,4.25,0.01,0.01,2326.678836,1776363805000
1776363807.502,207.502,0.05,4.25,0.04,157.0,0.07,218.18,0.08,85.49,0.93,163.18,0.92,85.49,0.94,1.16,0.95,4.25,0.02,0.01,2326.15487,1776363806000
1776363809.099,209.099,0.05,3.19,0.04,157.0,0.06,149.02,0.07,100.38,0.93,218.18,0.92,85.49,0.95,4.25,0.96,157.0,0.01,0.02,2325.686364,1776363807000
1776363809.403,209.403,0.06,8.93,0.05,10.0,0.07,275.05,0.08,185.0,0.93,94.05,0.92,85.0,0.96,143.53,0.97,471.7,0.01,0.03,2325.632526,1776363808000
1776363809.638,209.638,0.04,138.47,0.03,471.7,0.05,30.32,0.07,209.05,0.93,280.05,0.92,185.0,0.96,143.53,0.97,619.7,0.01,0.03,2325.632526,1776363808000
1776363809.914,209.914,0.04,123.31,0.03,471.7,0.05,101.32,0.06,50.0,0.95,82.32,0.94,50.0,0.96,128.47,0.97,471.7,0.01,0.01,2325.632526,1776363808000
1776363810.87,210.87,0.03,471.7,0.02,376.7,0.05,82.32,0.06,150.0,0.95,101.32,0.94,50.0,0.96,113.52,0.97,471.7,0.02,0.01,2325.600764,1776363809000
1776363811.978,211.978,0.03,350.44,0.02,553.7,0.04,192.0,0.05,10.32,0.96,134.0,0.95,27.32,0.97,360.65,0.98,376.7,0.01,0.01,2325.126043,1776363811000
1776363812.265,212.265,0.03,281.01,0.02,553.7,0.04,192.0,0.05,10.32,0.96,192.0,0.95,10.32,0.97,346.12,0.98,553.7,0.01,0.01,2325.126043,1776363811000
1776363812.675,212.675,0.03,240.61,0.02,553.7,0.04,192.0,0.05,10.32,0.96,192.0,0.95,10.32,0.97,281.01,0.98,553.7,0.01,0.01,2325.126043,1776363811000
1776363812.972,212.972,0.03,232.57,0.02,553.7,0.04,142.0,0.05,10.32,0.96,192.0,0.95,10.32,0.97,232.57,0.98,553.7,0.01,0.01,2325.126043,1776363811000
1776363813.437,213.437,0.03,190.25,0.02,553.7,0.04,142.0,0.05,52.32,0.96,142.0,0.95,10.32,0.97,232.57,0.98,553.7,0.01,0.01,2324.79675,1776363812000
1776363813.978,213.978,0.03,115.25,0.02,553.7,0.04,152.0,0.05,52.32,0.96,142.0,0.95,52.32,0.97,190.25,0.98,553.7,0.01,0.01,2324.79675,1776363812000
1776363814.183,214.183,0.03,120.25,0.02,553.7,0.04,152.0,0.05,71.32,0.96,152.0,0.95,52.32,0.97,115.25,0.98,553.7,0.01,0.01,2324.79675,1776363812000
1776363815.711,215.711,0.03,15.0,0.02,425.0,0.04,168.0,0.05,110.0,0.96,152.0,0.95,71.32,0.97,120.25,0.98,553.7,0.01,0.01,2324.874341,1776363814000
1776363816.013,216.013,0.02,419.43,0.01,2282.79,0.04,63.0,0.05,11.0,0.96,136.0,0.95,110.0,0.97,15.0,0.98,425.0,0.02,0.01,2324.874341,1776363814000
1776363816.306,216.306,0.02,369.43,0.01,2282.79,0.03,102.9,0.04,63.0,0.96,63.0,0.95,11.0,0.98,419.43,0.99,2282.79,0.01,0.02,2324.991757,1776363815000
1776363816.554,216.554,0.02,368.4,0.01,2282.79,0.03,102.9,0.04,12.0,0.97,102.9,0.96,63.0,0.98,369.43,0.99,2282.79,0.01,0.01,2324.991757,1776363815000
1776363816.83,216.83,0.02,368.4,0.01,2282.79,0.03,64.3,0.04,12.0,0.97,74.89,0.96,12.0,0.98,368.4,0.99,2282.79,0.01,0.01,2324.991757,1776363815000
1776363817.227,217.227,0.02,408.4,0.01,2282.79,0.03,48.62,0.04,12.0,0.97,81.96,0.96,12.0,0.98,408.4,0.99,2282.79,0.01,0.01,2325.0659,1776363816000
1776363817.559,217.559,0.02,408.4,0.01,2282.79,0.03,15.28,0.04,12.0,0.97,48.62,0.96,12.0,0.98,408.4,0.99,2282.79,0.01,0.01,2325.0659,1776363816000
1776363817.881,217.881,0.02,191.4,0.01,2506.79,0.04,12.0,0.05,20.0,0.97,15.28,0.96,12.0,0.98,408.4,0.99,2282.79,0.02,0.01,2325.0659,1776363816000
1776363818.136,218.136,0.03,260.0,0.02,191.4,0.04,10.7,0.05,20.0,0.96,12.0,0.95,20.0,0.98,191.4,0.99,2506.79,0.01,0.02,2325.0659,1776363816000
1776363818.468,218.468,0.03,294.0,0.02,191.4,0.05,8.56,0.06,8.0,0.96,10.7,0.95,20.0,0.97,260.0,0.98,191.4,0.02,0.01,2325.343338,1776363817000
1776363819.063,219.063,0.05,5.0,0.04,10.0,0.06,15.92,0.07,105.0,0.95,8.56,0.94,8.0,0.97,294.0,0.98,191.4,0.01,0.02,2325.343338,1776363817000
1776363819.371,219.371,0.04,10.0,0.03,260.0,0.05,37.0,0.06,78.0,0.94,65.92,0.93,105.0,0.96,10.0,0.97,260.0,0.01,0.02,2325.533992,1776363818000
1776363819.966,219.966,0.04,10.0,0.03,260.0,0.05,17.0,0.06,78.0,0.95,37.0,0.94,78.0,0.96,10.0,0.97,260.0,0.01,0.01,2325.551106,1776363819000
1776363820.195,220.195,0.04,3.54,0.03,260.0,0.05,17.0,0.06,68.0,0.95,17.0,0.94,78.0,0.96,4.79,0.97,260.0,0.01,0.01,2325.551106,1776363819000
1776363820.552,220.552,0.04,3.54,0.03,260.0,0.05,24.5,0.06,98.0,0.95,4.5,0.94,68.0,0.96,3.54,0.97,260.0,0.01,0.01,2325.551106,1776363819000
1776363821.126,221.126,0.04,3.54,0.03,260.0,0.06,68.0,0.07,90.0,0.95,24.5,0.94,98.0,0.96,3.54,0.97,260.0,0.02,0.01,2325.551106,1776363819000
1776363823.683,223.683,0.05,6.87,0.04,3.54,0.06,76.8,0.07,150.3,0.94,68.0,0.93,90.0,0.96,3.54,0.97,260.0,0.01,0.02,2325.63117,1776363822000
1776363824.316,224.316,0.05,4.87,0.04,3.54,0.06,76.8,0.07,150.3,0.94,76.8,0.93,150.3,0.95,6.87,0.96,3.54,0.01,0.01,2325.886087,1776363823000
1776363825.463,225.463,0.05,3.61,0.04,3.54,0.06,115.09,0.07,145.3,0.94,76.8,0.93,150.3,0.95,4.87,0.96,3.54,0.01,0.01,2325.878627,1776363824000
1776363825.682,225.682,0.04,1.9,0.03,254.0,0.06,115.09,0.07,145.3,0.94,115.09,0.93,145.3,0.95,3.61,0.96,3.54,0.02,0.01,2325.878627,1776363824000
1776363827.231,227.231,0.04,279.9,0.03,10.0,0.06,110.09,0.07,135.3,0.94,115.09,0.93,145.3,0.96,1.9,0.97,254.0,0.02,0.02,2325.91671,1776363826000
1776363827.922,227.922,0.04,268.54,0.03,10.0,0.06,65.09,0.07,160.3,0.94,110.09,0.93,135.3,0.96,258.54,0.97,10.0,0.02,0.02,2325.91671,1776363826000
1776363828.371,228.371,0.04,147.52,0.03,15.0,0.06,70.09,0.07,160.3,0.94,65.09,0.93,160.3,0.96,268.54,0.97,10.0,0.02,0.02,2326.014033,1776363827000
1776363831.024,231.024,0.03,10.0,0.02,191.4,0.05,156.8,0.06,75.09,0.94,70.09,0.93,160.3,0.96,147.52,0.97,15.0,0.02,0.02,2326.44144,1776363829000
1776363831.839,231.839,0.03,14.84,0.02,186.4,0.04,113.7,0.05,126.8,0.95,156.8,0.94,75.09,0.97,10.0,0.98,191.4,0.01,0.02,2326.380851,1776363830000
1776363832.117,232.117,0.03,14.84,0.02,186.4,0.04,108.7,0.05,126.8,0.96,113.7,0.95,126.8,0.97,14.84,0.98,186.4,0.01,0.01,2326.380851,1776363830000
1776363832.682,232.682,0.03,9.68,0.02,186.4,0.04,108.7,0.05,126.8,0.96,108.7,0.95,126.8,0.97,14.84,0.98,186.4,0.01,0.01,2326.309505,1776363831000
1776363836.201,236.201,0.02,186.3,0.01,1864.48,0.03,201.16,0.04,118.7,0.96,108.7,0.95,126.8,0.97,9.68,0.98,186.4,0.01,0.01,2326.129257,1776363835000
1776363840.284,240.284,0.02,186.3,0.01,1864.48,0.04,43.07,0.05,110.8,0.97,201.16,0.96,118.7,0.98,186.3,0.99,1864.48,0.02,0.01,2325.68542,1776363839000
1776363840.508,240.508,0.02,180.24,0.01,1864.48,0.03,23.0,0.04,43.07,0.96,43.07,0.95,110.8,0.98,186.3,0.99,1864.48,0.01,0.02,2325.68542,1776363839000
1776363840.719,240.719,0.02,180.24,0.01,1864.48,0.03,113.36,0.04,43.07,0.97,23.0,0.96,43.07,0.98,180.24,0.99,1864.48,0.01,0.01,2325.68542,1776363839000
1776363840.925,240.925,0.02,98.11,0.01,1864.48,0.03,133.36,0.04,43.07,0.97,123.36,0.96,43.07,0.98,173.11,0.99,1864.48,0.01,0.01,2325.68542,1776363839000
1776363841.182,241.182,0.01,1864.48,,,0.03,133.36,0.04,43.07,0.97,133.36,0.96,43.07,0.98,93.11,0.99,1864.48,0.02,0.01,2325.636315,1776363840000
1776363841.473,241.473,0.01,1914.23,,,0.02,346.7,0.03,140.36,0.97,133.36,0.96,43.07,0.99,1864.48,,,0.01,0.02,2325.636315,1776363840000
1776363841.865,241.865,0.01,1899.02,,,0.02,346.7,0.03,140.36,0.98,346.7,0.97,140.36,0.99,1909.23,,,0.01,0.01,2325.636315,1776363840000
1776363842.327,242.327,0.01,1798.01,,,0.02,326.7,0.03,130.36,0.98,346.7,0.97,140.36,0.99,1899.02,,,0.01,0.01,2325.498484,1776363841000
1776363842.747,242.747,0.01,1796.99,,,0.02,290.7,0.03,130.36,0.98,326.7,0.97,130.36,0.99,1798.01,,,0.01,0.01,2325.498484,1776363841000
1776363843.436,243.436,0.01,1635.97,,,0.02,290.7,0.03,135.36,0.98,290.7,0.97,130.36,0.99,1796.99,,,0.01,0.01,2325.051586,1776363842000
1776363844.186,244.186,0.01,1605.66,,,0.02,290.7,0.03,135.36,0.98,290.7,0.97,135.36,0.99,1635.97,,,0.01,0.01,2325.147427,1776363843000
1776363844.549,244.549,0.01,1565.56,,,0.02,290.7,0.03,135.36,0.98,290.7,0.97,135.36,0.99,1595.56,,,0.01,0.01,2325.147427,1776363843000
1776363844.987,244.987,0.01,1530.2,,,0.02,188.7,0.03,135.36,0.98,290.7,0.97,135.36,0.99,1565.56,,,0.01,0.01,2325.238215,1776363844000
1776363845.35,245.35,0.01,1522.12,,,0.02,188.7,0.03,140.51,0.98,188.7,0.97,135.36,0.99,1530.2,,,0.01,0.01,2325.238215,1776363844000
1776363845.822,245.822,0.01,1521.1,,,0.02,188.7,0.03,141.51,0.98,188.7,0.97,140.51,0.99,1522.12,,,0.01,0.01,2325.238215,1776363844000
1776363846.149,246.149,0.01,1491.1,,,0.02,188.7,0.03,141.51,0.98,188.7,0.97,141.51,0.99,1521.1,,,0.01,0.01,2325.2813,1776363845000
1776363847.483,247.483,0.01,1390.08,,,0.02,222.7,0.03,117.51,0.98,188.7,0.97,141.51,0.99,1491.1,,,0.01,0.01,2325.388949,1776363846000
1776363847.754,247.754,0.01,1360.08,,,0.02,222.7,0.03,110.51,0.98,222.7,0.97,117.51,0.99,1390.08,,,0.01,0.01,2325.388949,1776363846000
1776363848.54,248.54,0.01,1311.04,,,0.02,229.7,0.03,110.51,0.98,222.7,0.97,110.51,0.99,1312.06,,,0.01,0.01,2325.42146,1776363847000
1776363849.368,249.368,0.01,1281.04,,,0.02,229.7,0.03,110.51,0.98,229.7,0.97,110.51,0.99,1311.04,,,0.01,0.01,2325.42146,1776363847000
1776363849.887,249.887,0.01,1281.04,,,0.02,217.58,0.03,110.51,0.98,229.7,0.97,110.51,0.99,1281.04,,,0.01,0.01,2325.214298,1776363848000
1776363850.352,250.352,0.01,1271.04,,,0.02,217.58,0.03,110.51,0.98,217.58,0.97,110.51,0.99,1281.04,,,0.01,0.01,2325.149567,1776363849000
1776363850.726,250.726,0.01,1271.04,,,0.04,112.24,0.05,120.8,0.98,217.58,0.97,110.51,0.99,1271.04,,,0.03,0.01,2325.149567,1776363849000
1776363851.105,251.105,0.01,1176.43,,,0.02,35.0,0.03,15.0,0.96,112.24,0.95,120.8,0.99,1204.72,,,0.01,0.03,2325.149567,1776363849000
1776363851.512,251.512,0.01,1141.07,,,0.02,140.0,0.03,138.7,0.98,35.0,0.97,15.0,0.99,1176.43,,,0.01,0.01,2325.100879,1776363850000
1776363852.631,252.631,0.01,1125.9,,,0.02,323.7,0.03,260.7,0.98,140.0,0.97,138.7,0.99,1136.01,,,0.01,0.01,2325.015115,1776363851000
1776363853.218,253.218,0.01,1025.9,,,0.02,223.7,0.03,260.7,0.98,323.7,0.97,260.7,0.99,1125.9,,,0.01,0.01,2324.927598,1776363852000
1776363854.294,254.294,0.01,999.84,,,0.02,223.7,0.03,255.7,0.98,223.7,0.97,260.7,0.99,1020.84,,,0.01,0.01,2324.364025,1776363853000
1776363854.743,254.743,,,,,0.01,9231.99,0.02,208.7,0.98,223.7,0.97,324.7,,,,,,,2324.364025,1776363853000
1776363855.597,255.597,,,,,0.01,9388.98,0.02,208.7,0.99,9223.44,0.98,208.7,,,,,,,2324.195262,1776363854000
1776363860.148,260.148,,,,,0.01,11015.64,0.02,208.7,0.99,9388.98,0.98,208.7,,,,,,,2323.63897,1776363859000
1776363869.56,269.56,,,,,0.01,8924.99,0.02,208.7,0.99,11101.63,0.98,208.7,,,,,,,2324.76588,1776363868000
1776363879.859,279.859,,,,,0.01,12411.51,0.02,25.0,0.99,8924.99,0.98,208.7,,,,,,,2323.781377,1776363878000
1776363883.59,283.59,,,,,0.01,12464.22,0.02,25.0,0.99,12411.51,0.98,25.0,,,,,,,2323.92392,1776363882000
1776363896.021,296.021,,,,,0.01,14363.86,0.02,25.0,0.99,12464.22,0.98,25.0,,,,,,,2323.507491,1776363894000
1776363897.652,297.652,,,,,0.01,16048.69,0.02,25.0,0.99,14363.86,0.98,25.0,,,,,,,2323.345438,1776363896000

# RESULT,winner=Down,slug=eth-updown-5m-1776363600,ticks=273
