timestamp,elapsed_sec,up_bid_p1,up_bid_s1,up_bid_p2,up_bid_s2,up_bid_p3,up_bid_s3,up_bid_p4,up_bid_s4,up_bid_p5,up_bid_s5,up_ask_p1,up_ask_s1,up_ask_p2,up_ask_s2,up_ask_p3,up_ask_s3,up_ask_p4,up_ask_s4,up_ask_p5,up_ask_s5,down_bid_p1,down_bid_s1,down_bid_p2,down_bid_s2,down_bid_p3,down_bid_s3,down_bid_p4,down_bid_s4,down_bid_p5,down_bid_s5,down_ask_p1,down_ask_s1,down_ask_p2,down_ask_s2,down_ask_p3,down_ask_s3,down_ask_p4,down_ask_s4,down_ask_p5,down_ask_s5,up_spread,down_spread,eth_price,eth_oracle_ts
1776170101.431,1.431,0.46,75.0,0.45,75.0,0.44,70.0,0.4,11.1,0.36,13.89,0.48,9.95,0.51,6.97,0.55,5.0,0.56,70.0,0.57,70.0,0.52,9.95,0.49,6.97,0.45,5.0,0.44,70.0,0.43,70.0,0.54,75.0,0.55,75.0,0.56,70.0,0.6,11.1,0.64,13.89,0.02,0.02,2374.63435,1776170099000
1776170101.843,1.843,0.46,75.0,0.45,75.0,0.44,70.0,0.4,11.1,0.36,13.89,0.48,9.95,0.51,6.97,0.55,5.0,0.56,70.0,0.57,70.0,0.52,9.95,0.49,6.97,0.45,5.0,0.44,70.0,0.43,70.0,0.54,75.0,0.55,75.0,0.56,70.0,0.6,11.1,0.64,13.89,0.02,0.02,2374.63435,1776170099000
1776170102.583,2.583,0.46,70.0,0.45,75.0,0.44,70.0,0.4,11.1,0.39,12.0,0.48,9.95,0.51,6.97,0.55,5.0,0.56,70.0,0.57,70.0,0.52,9.95,0.49,6.97,0.45,5.0,0.44,70.0,0.43,70.0,0.54,70.0,0.55,75.0,0.56,70.0,0.6,11.1,0.61,12.0,0.02,0.02,2374.5847,1776170101000
1776170103.23,3.23,0.46,70.0,0.45,75.0,0.44,70.0,0.4,11.1,0.39,12.0,0.48,9.95,0.51,6.97,0.55,5.0,0.56,70.0,0.57,70.0,0.52,9.95,0.49,6.97,0.45,5.0,0.44,70.0,0.43,70.0,0.54,70.0,0.55,75.0,0.56,70.0,0.6,11.1,0.61,12.0,0.02,0.02,2374.5847,1776170102000
1776170103.679,3.679,0.47,310.0,0.46,96.0,0.45,15.0,0.44,15.0,0.43,15.0,0.51,6.97,0.58,5.0,0.59,5.0,0.6,5.0,0.61,27.0,0.52,9.95,0.49,6.97,0.45,5.0,0.44,70.0,0.43,70.0,0.54,70.0,0.55,75.0,0.56,70.0,0.6,11.1,0.61,12.0,0.04,0.02,2374.5847,1776170102000
1776170104.308,4.308,0.57,5.0,0.56,26.0,0.55,5.0,0.54,68.03,0.53,25.0,0.59,10.0,0.6,30.0,0.61,92.0,0.62,15.0,0.63,15.0,0.39,27.0,0.38,27.0,0.37,10.0,0.36,93.89,0.35,80.0,0.43,10.0,0.45,10.0,0.46,63.03,0.47,70.0,0.48,10.0,0.02,0.04,2374.5847,1776170102000
1776170104.626,4.626,0.57,5.0,0.56,26.0,0.55,5.0,0.54,68.03,0.53,25.0,0.59,10.0,0.6,30.0,0.61,92.0,0.62,15.0,0.63,15.0,0.41,10.0,0.4,30.0,0.39,92.0,0.38,15.0,0.37,15.0,0.43,5.0,0.44,26.0,0.45,5.0,0.46,68.03,0.47,25.0,0.02,0.02,2374.59195,1776170103000
1776170105.275,5.275,0.57,5.0,0.56,26.0,0.55,5.0,0.54,68.03,0.53,25.0,0.59,10.0,0.6,30.0,0.61,92.0,0.62,15.0,0.63,15.0,0.41,10.0,0.4,30.0,0.39,92.0,0.38,15.0,0.37,15.0,0.43,5.0,0.44,26.0,0.45,5.0,0.46,68.03,0.47,25.0,0.02,0.02,2374.639122,1776170104000
1776170106.102,6.102,0.57,5.0,0.56,26.0,0.55,5.0,0.54,68.03,0.53,25.0,0.59,10.0,0.6,30.0,0.61,92.0,0.62,15.0,0.63,15.0,0.41,10.0,0.4,30.0,0.39,92.0,0.38,15.0,0.37,15.0,0.43,5.0,0.44,26.0,0.45,5.0,0.46,68.03,0.47,25.0,0.02,0.02,2375.042084,1776170105000
1776170106.929,6.929,0.54,59.89,0.51,10.0,0.5,20.0,0.49,20.0,0.48,111.0,0.55,116.0,0.56,100.0,0.57,20.0,0.58,85.0,0.59,15.0,0.41,10.0,0.4,30.0,0.39,92.0,0.38,15.0,0.37,15.0,0.43,5.0,0.44,26.0,0.45,5.0,0.46,68.03,0.47,25.0,0.01,0.02,2375.042084,1776170105000
1776170107.193,7.193,0.54,49.26,0.51,10.0,0.5,20.0,0.49,20.0,0.48,111.0,0.55,109.18,0.56,100.0,0.57,20.0,0.58,85.0,0.59,20.0,0.45,114.18,0.44,100.0,0.43,20.0,0.42,85.0,0.41,15.0,0.46,59.89,0.49,10.0,0.5,20.0,0.51,20.0,0.52,111.0,0.01,0.01,2375.042084,1776170105000
1776170107.435,7.435,0.54,43.26,0.51,10.0,0.5,20.0,0.49,20.0,0.48,111.0,0.55,109.18,0.56,100.0,0.57,20.0,0.58,85.0,0.59,20.0,0.45,109.18,0.44,100.0,0.43,20.0,0.42,85.0,0.41,20.0,0.46,43.26,0.49,10.0,0.5,20.0,0.51,20.0,0.52,111.0,0.01,0.01,2374.873537,1776170106000
1776170107.679,7.679,0.54,37.85,0.53,5.0,0.51,10.0,0.5,20.0,0.49,15.0,0.55,114.18,0.56,105.0,0.57,20.0,0.58,85.0,0.59,15.0,0.45,109.18,0.44,100.0,0.43,20.0,0.42,85.0,0.41,20.0,0.46,43.26,0.49,10.0,0.5,20.0,0.51,20.0,0.52,111.0,0.01,0.01,2374.873537,1776170106000
1776170108.048,8.048,0.54,37.85,0.53,5.0,0.51,10.0,0.5,20.0,0.49,15.0,0.55,114.18,0.56,105.0,0.57,20.0,0.58,85.0,0.59,15.0,0.45,114.18,0.44,105.0,0.43,20.0,0.42,85.0,0.41,15.0,0.46,37.85,0.47,5.0,0.49,10.0,0.5,20.0,0.51,15.0,0.01,0.01,2374.876795,1776170107000
1776170109.585,9.585,0.54,37.85,0.53,5.0,0.51,10.0,0.5,20.0,0.49,15.0,0.55,114.18,0.56,105.0,0.57,20.0,0.58,85.0,0.59,15.0,0.45,114.18,0.44,105.0,0.43,20.0,0.42,85.0,0.41,15.0,0.46,37.85,0.47,5.0,0.49,10.0,0.5,20.0,0.51,15.0,0.01,0.01,2374.750988,1776170108000
1776170109.901,9.901,0.54,12.85,0.51,10.0,0.5,10.0,0.49,25.0,0.48,5.0,0.55,114.18,0.56,215.36,0.57,90.0,0.58,15.0,0.59,15.0,0.45,114.18,0.44,215.36,0.43,90.0,0.42,15.0,0.41,15.0,0.46,32.85,0.49,10.0,0.5,10.0,0.51,25.0,0.52,15.0,0.01,0.01,2374.750988,1776170108000
1776170110.328,10.328,0.5,7.85,0.49,25.0,0.48,5.0,0.47,41.0,0.46,41.0,0.55,129.18,0.56,175.0,0.57,90.0,0.58,15.0,0.59,15.0,0.45,129.18,0.44,175.0,0.43,90.0,0.42,15.0,0.41,15.0,0.5,7.85,0.51,25.0,0.52,5.0,0.53,41.0,0.54,41.0,0.05,0.05,2374.684145,1776170109000
1776170111.046,11.046,0.49,10.0,0.48,40.0,0.47,41.0,0.46,25.0,0.45,20.0,0.52,28.84,0.53,39.0,0.54,49.0,0.55,90.18,0.56,170.0,0.48,28.84,0.47,39.0,0.46,49.0,0.45,90.18,0.44,170.0,0.51,10.0,0.52,40.0,0.53,41.0,0.54,25.0,0.55,20.0,0.03,0.03,2374.626095,1776170110000
1776170112.027,12.027,0.52,35.29,0.51,15.0,0.5,20.0,0.49,30.8,0.48,51.0,0.53,23.5,0.54,49.0,0.55,111.18,0.56,150.0,0.57,90.0,0.5,12.46,0.49,20.0,0.48,51.84,0.47,39.0,0.46,48.0,0.51,2.8,0.52,25.0,0.53,15.0,0.54,51.0,0.55,46.0,0.01,0.01,2374.626095,1776170110000
1776170112.43,12.43,0.52,35.29,0.51,15.0,0.5,20.0,0.49,30.8,0.48,51.0,0.53,23.5,0.54,49.0,0.55,111.18,0.56,150.0,0.57,90.0,0.47,23.5,0.46,49.0,0.45,111.18,0.44,150.0,0.43,90.0,0.48,35.29,0.49,15.0,0.5,20.0,0.51,30.8,0.52,51.0,0.01,0.01,2374.609889,1776170111000
1776170113.02,13.02,0.52,35.29,0.51,15.0,0.5,20.0,0.49,30.8,0.48,51.0,0.53,23.5,0.54,49.0,0.55,111.18,0.56,150.0,0.57,90.0,0.47,23.5,0.46,49.0,0.45,111.18,0.44,150.0,0.43,90.0,0.48,35.29,0.49,15.0,0.5,20.0,0.51,30.8,0.52,51.0,0.01,0.01,2374.579916,1776170112000
1776170113.782,13.782,0.52,24.79,0.51,15.0,0.5,30.5,0.49,30.8,0.48,46.0,0.53,20.66,0.54,39.0,0.55,111.18,0.56,150.0,0.57,90.0,0.47,23.5,0.46,49.0,0.45,111.18,0.44,150.0,0.43,90.0,0.48,35.29,0.49,15.0,0.5,20.0,0.51,30.8,0.52,51.0,0.01,0.01,2374.579916,1776170112000
1776170114.424,14.424,0.52,24.79,0.51,15.0,0.5,30.5,0.49,30.8,0.48,46.0,0.53,20.66,0.54,39.0,0.55,111.18,0.56,150.0,0.57,90.0,0.47,20.66,0.46,39.0,0.45,111.18,0.44,150.0,0.43,90.0,0.48,24.79,0.49,15.0,0.5,30.5,0.51,30.8,0.52,46.0,0.01,0.01,2374.632948,1776170113000
1776170115.231,15.231,0.52,24.79,0.51,15.0,0.5,30.5,0.49,30.8,0.48,46.0,0.53,20.66,0.54,39.0,0.55,111.18,0.56,150.0,0.57,90.0,0.47,20.66,0.46,39.0,0.45,111.18,0.44,150.0,0.43,90.0,0.48,24.79,0.49,15.0,0.5,30.5,0.51,30.8,0.52,46.0,0.01,0.01,2374.646668,1776170114000
1776170116.665,16.665,0.52,24.79,0.51,15.0,0.5,30.5,0.49,30.8,0.48,46.0,0.53,20.66,0.54,39.0,0.55,111.18,0.56,150.0,0.57,90.0,0.47,20.66,0.46,39.0,0.45,111.18,0.44,150.0,0.43,90.0,0.48,24.79,0.49,15.0,0.5,30.5,0.51,30.8,0.52,46.0,0.01,0.01,2374.64719,1776170115000
1776170117.436,17.436,0.52,24.79,0.51,15.0,0.5,30.5,0.49,30.8,0.48,46.0,0.53,20.66,0.54,39.0,0.55,111.18,0.56,150.0,0.57,90.0,0.47,20.66,0.46,39.0,0.45,111.18,0.44,150.0,0.43,90.0,0.48,24.79,0.49,15.0,0.5,30.5,0.51,30.8,0.52,46.0,0.01,0.01,2374.626535,1776170116000
1776170118.17,18.17,0.52,24.79,0.51,15.0,0.5,30.5,0.49,30.8,0.48,46.0,0.53,20.66,0.54,39.0,0.55,111.18,0.56,150.0,0.57,90.0,0.47,20.66,0.46,39.0,0.45,111.18,0.44,150.0,0.43,90.0,0.48,24.79,0.49,15.0,0.5,30.5,0.51,30.8,0.52,46.0,0.01,0.01,2374.62274,1776170117000
1776170119.036,19.036,0.52,24.79,0.51,15.0,0.5,30.5,0.49,30.8,0.48,46.0,0.53,20.66,0.54,39.0,0.55,111.18,0.56,150.0,0.57,90.0,0.47,20.66,0.46,39.0,0.45,111.18,0.44,150.0,0.43,90.0,0.48,24.79,0.49,15.0,0.5,30.5,0.51,30.8,0.52,46.0,0.01,0.01,2374.60253,1776170118000
1776170120.025,20.025,0.52,24.79,0.51,15.0,0.5,30.5,0.49,30.8,0.48,46.0,0.53,20.66,0.54,39.0,0.55,111.18,0.56,150.0,0.57,90.0,0.47,20.66,0.46,39.0,0.45,111.18,0.44,150.0,0.43,90.0,0.48,24.79,0.49,15.0,0.5,30.5,0.51,30.8,0.52,46.0,0.01,0.01,2374.57738,1776170119000
1776170121.078,21.078,0.52,24.79,0.51,15.0,0.5,30.5,0.49,30.8,0.48,46.0,0.53,20.66,0.54,39.0,0.55,111.18,0.56,150.0,0.57,90.0,0.47,20.66,0.46,39.0,0.45,111.18,0.44,150.0,0.43,90.0,0.48,24.79,0.49,15.0,0.5,30.5,0.51,30.8,0.52,46.0,0.01,0.01,2374.587241,1776170120000
1776170122.199,22.199,0.52,4.68,0.51,40.59,0.5,30.59,0.49,17.8,0.48,46.0,0.53,112.66,0.54,49.0,0.55,85.18,0.56,175.0,0.57,90.0,0.47,112.66,0.46,49.0,0.45,85.18,0.44,175.0,0.43,90.0,0.48,4.68,0.49,40.59,0.5,30.59,0.51,17.8,0.52,46.0,0.01,0.01,2374.586044,1776170121000
1776170122.707,22.707,0.51,20.27,0.5,20.59,0.49,5.0,0.47,21.0,0.46,51.0,0.53,123.66,0.54,49.0,0.55,85.18,0.56,150.0,0.57,120.0,0.47,112.66,0.46,49.0,0.45,85.18,0.44,175.0,0.43,90.0,0.48,4.68,0.49,40.59,0.5,30.59,0.51,17.8,0.52,46.0,0.02,0.01,2374.586044,1776170121000
1776170123.049,23.049,0.51,16.27,0.5,20.59,0.48,5.0,0.47,15.0,0.46,41.0,0.52,145.0,0.53,56.66,0.54,15.0,0.55,85.18,0.56,175.0,0.47,123.66,0.46,49.0,0.45,85.18,0.44,150.0,0.43,120.0,0.49,20.27,0.5,20.59,0.51,5.0,0.53,21.0,0.54,51.0,0.01,0.02,2374.586044,1776170121000
1776170123.989,23.989,0.51,8.78,0.5,20.59,0.48,15.0,0.47,25.0,0.46,31.0,0.52,155.0,0.53,56.66,0.54,40.0,0.55,85.18,0.56,150.0,0.48,145.0,0.47,56.66,0.46,15.0,0.45,85.18,0.44,175.0,0.49,6.27,0.5,20.59,0.52,5.0,0.53,15.0,0.54,50.0,0.01,0.01,2374.578998,1776170122000
1776170124.358,24.358,0.5,15.19,0.48,15.0,0.47,25.0,0.46,31.0,0.45,46.0,0.52,155.0,0.53,56.66,0.54,40.0,0.55,85.18,0.56,150.0,0.48,155.0,0.47,56.66,0.46,40.0,0.45,85.18,0.44,150.0,0.5,15.19,0.52,15.0,0.53,25.0,0.54,31.0,0.55,46.0,0.02,0.02,2374.576978,1776170123000
1776170125.382,25.382,0.5,15.19,0.48,15.0,0.47,25.0,0.46,31.0,0.45,46.0,0.52,155.0,0.53,56.66,0.54,40.0,0.55,85.18,0.56,150.0,0.48,155.0,0.47,56.66,0.46,40.0,0.45,85.18,0.44,150.0,0.5,15.19,0.52,15.0,0.53,25.0,0.54,31.0,0.55,46.0,0.02,0.02,2374.506349,1776170124000
1776170125.94,25.94,0.5,15.19,0.48,15.0,0.47,25.0,0.46,31.0,0.45,46.0,0.52,155.0,0.53,56.66,0.54,40.0,0.55,85.18,0.56,150.0,0.48,155.0,0.47,56.66,0.46,40.0,0.45,85.18,0.44,150.0,0.5,15.19,0.52,15.0,0.53,25.0,0.54,31.0,0.55,46.0,0.02,0.02,2374.505769,1776170125000
1776170126.955,26.955,0.5,15.19,0.48,15.0,0.47,25.0,0.46,31.0,0.45,46.0,0.52,155.0,0.53,56.66,0.54,40.0,0.55,85.18,0.56,150.0,0.48,155.0,0.47,56.66,0.46,40.0,0.45,85.18,0.44,150.0,0.5,15.19,0.52,15.0,0.53,25.0,0.54,31.0,0.55,46.0,0.02,0.02,2374.486416,1776170126000
1776170128.032,28.032,0.5,15.19,0.48,15.0,0.47,25.0,0.46,31.0,0.45,46.0,0.52,155.0,0.53,56.66,0.54,40.0,0.55,85.18,0.56,150.0,0.48,155.0,0.47,56.66,0.46,40.0,0.45,85.18,0.44,150.0,0.5,15.19,0.52,15.0,0.53,25.0,0.54,31.0,0.55,46.0,0.02,0.02,2374.485862,1776170127000
1776170129.069,29.069,0.5,15.09,0.49,15.5,0.47,15.0,0.46,53.0,0.45,46.0,0.51,78.09,0.52,78.5,0.53,35.5,0.54,15.0,0.55,85.18,0.48,155.0,0.47,56.66,0.46,40.0,0.45,85.18,0.44,150.0,0.5,15.19,0.52,15.0,0.53,25.0,0.54,31.0,0.55,46.0,0.01,0.02,2374.485862,1776170127000
1776170130.173,30.173,0.5,15.09,0.49,15.5,0.47,15.0,0.46,53.0,0.45,46.0,0.51,78.09,0.52,78.5,0.53,35.5,0.54,15.0,0.55,85.18,0.49,78.09,0.48,78.5,0.47,35.5,0.46,15.0,0.45,85.18,0.5,15.09,0.51,15.5,0.53,15.0,0.54,53.0,0.55,46.0,0.01,0.01,2374.434346,1776170129000
1776170131.209,31.209,0.5,15.09,0.49,15.5,0.47,15.0,0.46,53.0,0.45,46.0,0.51,78.09,0.52,78.5,0.53,35.5,0.54,15.0,0.55,85.18,0.49,78.09,0.48,78.5,0.47,35.5,0.46,15.0,0.45,85.18,0.5,15.09,0.51,15.5,0.53,15.0,0.54,53.0,0.55,46.0,0.01,0.01,2374.330319,1776170130000
1776170132.14,32.14,0.5,152.5,0.49,118.5,0.48,23.0,0.47,28.0,0.46,80.0,0.55,7.0,0.56,7.0,0.57,60.0,0.58,18.0,0.59,78.0,0.49,78.09,0.48,78.5,0.47,35.5,0.46,15.0,0.45,85.18,0.5,15.09,0.51,15.5,0.53,15.0,0.54,53.0,0.55,46.0,0.05,0.01,2374.330319,1776170130000
1776170132.853,32.853,0.59,10.0,0.58,10.0,0.57,10.0,0.56,127.5,0.55,82.5,0.6,9.75,0.61,70.0,0.62,65.0,0.63,155.0,0.64,88.89,0.43,60.0,0.42,18.0,0.41,78.0,0.4,85.0,0.39,125.0,0.46,20.0,0.47,10.0,0.48,20.5,0.49,156.5,0.5,90.5,0.01,0.03,2374.330319,1776170130000
1776170133.091,33.091,0.59,10.0,0.58,10.0,0.57,10.0,0.56,127.5,0.55,82.5,0.6,9.75,0.61,70.0,0.62,65.0,0.63,155.0,0.64,88.89,0.4,9.75,0.39,70.0,0.38,65.0,0.37,155.0,0.36,88.89,0.41,10.0,0.42,10.0,0.43,10.0,0.44,127.5,0.45,82.5,0.01,0.01,2374.319248,1776170131000
1776170133.448,33.448,0.59,10.0,0.58,10.0,0.57,10.0,0.56,127.5,0.55,82.5,0.6,9.75,0.61,70.0,0.62,65.0,0.63,155.0,0.64,88.89,0.4,9.75,0.39,70.0,0.38,65.0,0.37,155.0,0.36,88.89,0.41,10.0,0.42,10.0,0.43,10.0,0.44,127.5,0.45,82.5,0.01,0.01,2374.38695,1776170132000
1776170134.004,34.004,0.59,25.0,0.58,20.0,0.57,46.0,0.56,51.5,0.55,41.5,0.6,37.86,0.61,70.0,0.62,5.0,0.63,148.0,0.64,96.89,0.4,37.86,0.39,70.0,0.38,5.0,0.37,148.0,0.36,96.89,0.41,25.0,0.42,20.0,0.43,46.0,0.44,51.5,0.45,41.5,0.01,0.01,2374.724381,1776170133000
1776170134.665,34.665,0.59,40.0,0.58,25.0,0.57,35.0,0.56,51.5,0.55,41.5,0.6,21.86,0.61,75.0,0.62,5.0,0.63,148.0,0.64,186.89,0.4,37.86,0.39,70.0,0.38,5.0,0.37,148.0,0.36,96.89,0.41,25.0,0.42,20.0,0.43,46.0,0.44,51.5,0.45,41.5,0.01,0.01,2374.724381,1776170133000
1776170135.12,35.12,0.54,8.93,0.53,25.0,0.52,41.5,0.51,34.0,0.5,46.0,0.6,214.86,0.61,192.87,0.62,125.0,0.63,45.0,0.64,53.89,0.4,21.86,0.39,75.0,0.38,5.0,0.37,148.0,0.36,186.89,0.41,40.0,0.42,25.0,0.43,35.0,0.44,51.5,0.45,41.5,0.06,0.01,2374.724381,1776170133000
1776170135.652,35.652,0.54,17.39,0.53,25.0,0.52,41.5,0.51,20.0,0.5,46.0,0.55,41.56,0.56,35.5,0.57,30.5,0.58,108.0,0.59,103.5,0.45,15.5,0.44,25.5,0.43,30.5,0.42,113.0,0.41,103.5,0.47,25.0,0.48,41.5,0.49,20.0,0.5,46.0,0.51,116.0,0.01,0.02,2375.0941,1776170134000
1776170136.029,36.029,0.54,27.39,0.53,40.5,0.52,41.5,0.51,20.0,0.5,46.0,0.55,60.17,0.56,20.5,0.57,30.5,0.58,108.0,0.59,103.5,0.45,41.56,0.44,35.5,0.43,30.5,0.42,108.0,0.41,103.5,0.46,17.39,0.47,25.0,0.48,41.5,0.49,20.0,0.5,46.0,0.01,0.01,2375.0941,1776170134000
1776170136.309,36.309,0.54,2.39,0.53,40.5,0.52,41.5,0.51,20.0,0.5,46.0,0.55,70.17,0.56,20.5,0.57,30.5,0.58,108.0,0.59,103.5,0.45,60.17,0.44,20.5,0.43,30.5,0.42,108.0,0.41,103.5,0.46,27.39,0.47,40.5,0.48,41.5,0.49,20.0,0.5,46.0,0.01,0.01,2375.0941,1776170134000
1776170137.857,37.857,0.54,2.39,0.53,40.5,0.52,41.5,0.51,20.0,0.5,46.0,0.55,70.17,0.56,20.5,0.57,30.5,0.58,108.0,0.59,103.5,0.45,70.17,0.44,20.5,0.43,30.5,0.42,108.0,0.41,103.5,0.46,2.39,0.47,40.5,0.48,41.5,0.49,20.0,0.5,46.0,0.01,0.01,2374.828464,1776170136000
1776170138.577,38.577,0.54,27.39,0.53,50.5,0.52,31.5,0.51,33.0,0.5,46.0,0.55,26.65,0.56,15.5,0.57,35.5,0.58,108.0,0.59,103.5,0.45,26.65,0.44,15.5,0.43,35.5,0.42,108.0,0.41,103.5,0.46,27.39,0.47,50.5,0.48,31.5,0.49,33.0,0.5,46.0,0.01,0.01,2374.768,1776170137000
1776170139.018,39.018,0.54,27.39,0.53,50.5,0.52,31.5,0.51,33.0,0.5,46.0,0.55,26.65,0.56,15.5,0.57,35.5,0.58,108.0,0.59,103.5,0.45,26.65,0.44,15.5,0.43,35.5,0.42,108.0,0.41,103.5,0.46,27.39,0.47,50.5,0.48,31.5,0.49,33.0,0.5,46.0,0.01,0.01,2374.767504,1776170138000
1776170140.277,40.277,0.54,27.39,0.53,50.5,0.52,31.5,0.51,33.0,0.5,46.0,0.55,26.65,0.56,15.5,0.57,35.5,0.58,108.0,0.59,103.5,0.45,26.65,0.44,15.5,0.43,35.5,0.42,108.0,0.41,103.5,0.46,27.39,0.47,50.5,0.48,31.5,0.49,33.0,0.5,46.0,0.01,0.01,2374.767509,1776170139000
1776170141.313,41.313,0.54,27.39,0.53,50.5,0.52,31.5,0.51,33.0,0.5,46.0,0.55,26.65,0.56,15.5,0.57,35.5,0.58,108.0,0.59,103.5,0.45,26.65,0.44,15.5,0.43,35.5,0.42,108.0,0.41,103.5,0.46,27.39,0.47,50.5,0.48,31.5,0.49,33.0,0.5,46.0,0.01,0.01,2374.754571,1776170140000
1776170141.631,41.631,0.53,10.0,0.51,15.5,0.5,15.0,0.49,31.0,0.48,10.0,0.55,211.65,0.56,113.5,0.57,48.5,0.58,95.0,0.59,95.5,0.45,26.65,0.44,15.5,0.43,35.5,0.42,108.0,0.41,103.5,0.46,27.39,0.47,50.5,0.48,31.5,0.49,33.0,0.5,46.0,0.02,0.01,2374.754571,1776170140000
1776170141.896,41.896,0.5,5.5,0.49,31.0,0.48,10.0,0.47,116.0,0.46,75.0,0.53,10.0,0.54,20.5,0.55,271.65,0.56,105.5,0.57,40.5,0.47,10.0,0.46,20.5,0.45,271.65,0.44,105.5,0.43,40.5,0.5,5.5,0.51,31.0,0.52,10.0,0.53,116.0,0.54,75.0,0.03,0.03,2374.77708,1776170141000
1776170142.186,42.186,0.5,39.85,0.49,51.0,0.48,15.0,0.47,116.0,0.46,75.0,0.51,5.0,0.52,15.0,0.53,45.5,0.54,43.5,0.55,108.5,0.47,10.0,0.46,20.5,0.45,271.65,0.44,105.5,0.43,40.5,0.5,5.5,0.51,31.0,0.52,10.0,0.53,116.0,0.54,75.0,0.01,0.03,2374.77708,1776170141000
1776170143.071,43.071,0.5,39.85,0.49,51.0,0.48,15.0,0.47,116.0,0.46,75.0,0.51,5.0,0.52,15.0,0.53,45.5,0.54,43.5,0.55,108.5,0.49,5.0,0.48,15.0,0.47,45.5,0.46,43.5,0.45,108.5,0.5,39.85,0.51,51.0,0.52,15.0,0.53,116.0,0.54,75.0,0.01,0.01,2374.782545,1776170142000
1776170144.204,44.204,0.5,39.85,0.49,51.0,0.48,15.0,0.47,116.0,0.46,75.0,0.51,5.0,0.52,15.0,0.53,45.5,0.54,43.5,0.55,108.5,0.49,5.0,0.48,15.0,0.47,45.5,0.46,43.5,0.45,108.5,0.5,39.85,0.51,51.0,0.52,15.0,0.53,116.0,0.54,75.0,0.01,0.01,2374.701445,1776170143000
1776170145.338,45.338,0.5,39.85,0.49,51.0,0.48,15.0,0.47,116.0,0.46,75.0,0.51,5.0,0.52,15.0,0.53,45.5,0.54,43.5,0.55,108.5,0.49,5.0,0.48,15.0,0.47,45.5,0.46,43.5,0.45,108.5,0.5,39.85,0.51,51.0,0.52,15.0,0.53,116.0,0.54,75.0,0.01,0.01,2374.515575,1776170144000
1776170145.973,45.973,0.5,39.85,0.49,51.0,0.48,15.0,0.47,116.0,0.46,75.0,0.51,5.0,0.52,15.0,0.53,45.5,0.54,43.5,0.55,108.5,0.49,5.0,0.48,15.0,0.47,45.5,0.46,43.5,0.45,108.5,0.5,39.85,0.51,51.0,0.52,15.0,0.53,116.0,0.54,75.0,0.01,0.01,2374.499624,1776170145000
1776170147.157,47.157,0.5,39.85,0.49,51.0,0.48,15.0,0.47,116.0,0.46,75.0,0.51,5.0,0.52,15.0,0.53,45.5,0.54,43.5,0.55,108.5,0.49,5.0,0.48,15.0,0.47,45.5,0.46,43.5,0.45,108.5,0.5,39.85,0.51,51.0,0.52,15.0,0.53,116.0,0.54,75.0,0.01,0.01,2374.491935,1776170146000
1776170147.987,47.987,0.5,39.85,0.49,51.0,0.48,15.0,0.47,116.0,0.46,75.0,0.51,5.0,0.52,15.0,0.53,45.5,0.54,43.5,0.55,108.5,0.49,5.0,0.48,15.0,0.47,45.5,0.46,43.5,0.45,108.5,0.5,39.85,0.51,51.0,0.52,15.0,0.53,116.0,0.54,75.0,0.01,0.01,2374.492733,1776170147000
1776170149.074,49.074,0.5,39.85,0.49,51.0,0.48,15.0,0.47,116.0,0.46,75.0,0.51,5.0,0.52,15.0,0.53,45.5,0.54,43.5,0.55,108.5,0.49,5.0,0.48,15.0,0.47,45.5,0.46,43.5,0.45,108.5,0.5,39.85,0.51,51.0,0.52,15.0,0.53,116.0,0.54,75.0,0.01,0.01,2374.501361,1776170148000
1776170149.317,49.317,0.5,44.85,0.49,57.5,0.48,15.0,0.47,111.0,0.46,70.0,0.51,9.6,0.52,25.5,0.53,30.5,0.54,38.5,0.55,98.5,0.49,5.0,0.48,15.0,0.47,45.5,0.46,43.5,0.45,108.5,0.5,39.85,0.51,51.0,0.52,15.0,0.53,116.0,0.54,75.0,0.01,0.01,2374.501361,1776170148000
1776170149.71,49.71,0.5,39.85,0.49,57.5,0.48,15.0,0.47,111.0,0.46,80.0,0.51,31.03,0.52,25.5,0.53,30.5,0.54,58.5,0.55,98.5,0.49,9.6,0.48,25.5,0.47,30.5,0.46,38.5,0.45,98.5,0.5,44.85,0.51,57.5,0.52,15.0,0.53,111.0,0.54,70.0,0.01,0.01,2374.501361,1776170148000
1776170150.037,50.037,0.5,39.85,0.49,57.5,0.48,15.0,0.47,111.0,0.46,70.0,0.51,27.1,0.52,25.5,0.53,30.5,0.54,48.5,0.55,98.5,0.49,27.1,0.48,25.5,0.47,30.5,0.46,48.5,0.45,98.5,0.5,39.85,0.51,57.5,0.52,15.0,0.53,111.0,0.54,70.0,0.01,0.01,2374.499717,1776170149000
1776170150.986,50.986,0.5,39.85,0.49,57.5,0.48,15.0,0.47,111.0,0.46,70.0,0.51,27.1,0.52,25.5,0.53,30.5,0.54,48.5,0.55,98.5,0.49,27.1,0.48,25.5,0.47,30.5,0.46,48.5,0.45,98.5,0.5,39.85,0.51,57.5,0.52,15.0,0.53,111.0,0.54,70.0,0.01,0.01,2374.495583,1776170150000
1776170151.925,51.925,0.5,39.85,0.49,57.5,0.48,15.0,0.47,111.0,0.46,70.0,0.51,27.1,0.52,25.5,0.53,30.5,0.54,48.5,0.55,98.5,0.49,27.1,0.48,25.5,0.47,30.5,0.46,48.5,0.45,98.5,0.5,39.85,0.51,57.5,0.52,15.0,0.53,111.0,0.54,70.0,0.01,0.01,2374.495583,1776170151000
1776170152.401,52.401,0.49,25.5,0.48,10.5,0.47,75.0,0.46,45.0,0.45,61.0,0.51,149.1,0.52,33.5,0.53,30.5,0.54,55.5,0.55,90.5,0.49,27.1,0.48,25.5,0.47,30.5,0.46,48.5,0.45,98.5,0.5,39.85,0.51,57.5,0.52,15.0,0.53,111.0,0.54,70.0,0.02,0.01,2374.495583,1776170151000
1776170152.89,52.89,0.49,25.5,0.48,10.5,0.47,75.0,0.46,45.0,0.45,61.0,0.51,149.1,0.52,33.5,0.53,30.5,0.54,55.5,0.55,90.5,0.49,149.1,0.48,33.5,0.47,30.5,0.46,55.5,0.45,90.5,0.51,25.5,0.52,10.5,0.53,75.0,0.54,45.0,0.55,61.0,0.02,0.02,2374.4949,1776170152000
1776170153.668,53.668,0.47,67.29,0.46,45.0,0.45,47.0,0.44,36.0,0.43,122.0,0.5,28.0,0.51,33.0,0.52,20.5,0.53,30.5,0.54,55.5,0.49,149.1,0.48,33.5,0.47,30.5,0.46,55.5,0.45,90.5,0.51,25.5,0.52,10.5,0.53,75.0,0.54,45.0,0.55,61.0,0.03,0.02,2374.4949,1776170152000
1776170153.977,53.977,0.47,67.29,0.46,45.0,0.45,47.0,0.44,36.0,0.43,122.0,0.5,28.0,0.51,33.0,0.52,20.5,0.53,30.5,0.54,55.5,0.5,28.0,0.49,33.0,0.48,20.5,0.47,30.5,0.46,55.5,0.53,67.29,0.54,45.0,0.55,47.0,0.56,36.0,0.57,122.0,0.03,0.03,2374.4849,1776170153000
1776170154.808,54.808,0.47,87.79,0.46,50.0,0.45,59.0,0.44,46.0,0.43,115.0,0.48,14.11,0.49,10.0,0.5,23.0,0.51,43.0,0.52,20.5,0.5,28.0,0.49,33.0,0.48,20.5,0.47,30.5,0.46,55.5,0.53,67.29,0.54,45.0,0.55,47.0,0.56,36.0,0.57,122.0,0.01,0.03,2374.4849,1776170153000
1776170155.012,55.012,0.47,87.79,0.46,50.0,0.45,65.0,0.44,41.0,0.43,115.0,0.49,8.72,0.5,23.0,0.51,43.0,0.52,20.5,0.53,30.5,0.52,14.11,0.51,10.0,0.5,23.0,0.49,43.0,0.48,20.5,0.53,87.79,0.54,50.0,0.55,59.0,0.56,46.0,0.57,115.0,0.02,0.01,2374.45788,1776170154000
1776170155.928,55.928,0.48,5.96,0.47,82.79,0.46,50.0,0.45,62.0,0.44,41.0,0.49,56.72,0.5,23.0,0.51,38.0,0.52,20.5,0.53,30.5,0.51,8.72,0.5,23.0,0.49,43.0,0.48,20.5,0.47,30.5,0.53,87.79,0.54,50.0,0.55,65.0,0.56,41.0,0.57,115.0,0.01,0.02,2374.45788,1776170154000
1776170156.26,56.26,0.47,73.99,0.46,50.0,0.45,76.0,0.44,41.0,0.43,115.0,0.48,10.0,0.49,51.72,0.5,23.0,0.51,38.0,0.52,20.5,0.52,10.0,0.51,51.72,0.5,23.0,0.49,38.0,0.48,20.5,0.53,73.99,0.54,50.0,0.55,76.0,0.56,41.0,0.57,115.0,0.01,0.01,2374.405203,1776170155000
1776170157.224,57.224,0.47,73.99,0.46,50.0,0.45,76.0,0.44,41.0,0.43,115.0,0.48,10.0,0.49,51.72,0.5,23.0,0.51,38.0,0.52,20.5,0.52,10.0,0.51,51.72,0.5,23.0,0.49,38.0,0.48,20.5,0.53,73.99,0.54,50.0,0.55,76.0,0.56,41.0,0.57,115.0,0.01,0.01,2374.411329,1776170156000
1776170157.833,57.833,0.47,78.99,0.46,57.0,0.45,60.0,0.44,41.0,0.43,105.0,0.48,10.83,0.49,13.72,0.5,23.0,0.51,38.5,0.52,20.5,0.52,10.0,0.51,51.72,0.5,23.0,0.49,38.0,0.48,20.5,0.53,73.99,0.54,50.0,0.55,76.0,0.56,41.0,0.57,115.0,0.01,0.01,2374.411329,1776170156000
1776170158.152,58.152,0.47,78.99,0.46,57.0,0.45,60.0,0.44,41.0,0.43,105.0,0.48,10.83,0.49,13.72,0.5,23.0,0.51,38.5,0.52,20.5,0.52,10.83,0.51,13.72,0.5,23.0,0.49,38.5,0.48,20.5,0.53,78.99,0.54,57.0,0.55,60.0,0.56,41.0,0.57,105.0,0.01,0.01,2374.410066,1776170157000
1776170158.802,58.802,0.45,30.0,0.44,15.0,0.43,32.0,0.42,160.0,0.41,36.0,0.46,9.0,0.47,41.0,0.48,23.83,0.49,102.22,0.5,25.5,0.52,10.83,0.51,13.72,0.5,23.0,0.49,38.5,0.48,20.5,0.53,78.99,0.54,57.0,0.55,60.0,0.56,41.0,0.57,105.0,0.01,0.01,2374.410066,1776170157000
1776170159.193,59.193,0.45,30.0,0.44,15.0,0.43,32.0,0.42,160.0,0.41,36.0,0.46,9.0,0.47,41.0,0.48,23.83,0.49,102.22,0.5,25.5,0.54,9.0,0.53,41.0,0.52,23.83,0.51,102.22,0.5,25.5,0.55,30.0,0.56,15.0,0.57,32.0,0.58,160.0,0.59,36.0,0.01,0.01,2374.402484,1776170158000
1776170160.687,60.687,0.44,22.56,0.43,32.0,0.42,95.5,0.41,31.0,0.4,62.1,0.45,168.0,0.46,58.0,0.47,49.5,0.48,21.33,0.49,94.22,0.54,9.0,0.53,41.0,0.52,23.83,0.51,102.22,0.5,25.5,0.55,30.0,0.56,15.0,0.57,32.0,0.58,160.0,0.59,36.0,0.01,0.01,2374.402484,1776170158000
1776170161.481,61.481,0.44,22.56,0.43,32.0,0.42,95.5,0.41,31.0,0.4,62.1,0.45,168.0,0.46,58.0,0.47,49.5,0.48,21.33,0.49,94.22,0.55,168.0,0.54,58.0,0.53,49.5,0.52,21.33,0.51,94.22,0.56,22.56,0.57,32.0,0.58,95.5,0.59,31.0,0.6,62.1,0.01,0.01,2374.237528,1776170160000
1776170162.154,62.154,0.44,27.02,0.43,12.0,0.42,95.5,0.41,5.0,0.4,45.1,0.45,56.0,0.46,53.0,0.47,49.5,0.48,26.33,0.49,94.22,0.55,56.0,0.54,53.0,0.53,49.5,0.52,26.33,0.51,94.22,0.56,27.02,0.57,12.0,0.58,95.5,0.59,5.0,0.6,45.1,0.01,0.01,2374.204581,1776170161000
1776170163.276,63.276,0.44,17.02,0.43,22.0,0.42,95.5,0.41,5.0,0.4,57.1,0.45,59.88,0.46,55.0,0.47,49.5,0.48,61.33,0.49,94.22,0.55,56.0,0.54,53.0,0.53,49.5,0.52,26.33,0.51,94.22,0.56,27.02,0.57,12.0,0.58,95.5,0.59,5.0,0.6,45.1,0.01,0.01,2374.204581,1776170161000
1776170163.965,63.965,0.44,12.02,0.43,22.0,0.42,95.5,0.41,5.0,0.4,57.1,0.45,59.88,0.46,55.0,0.47,49.5,0.48,61.33,0.49,94.22,0.55,59.88,0.54,55.0,0.53,49.5,0.52,61.33,0.51,94.22,0.56,12.02,0.57,22.0,0.58,95.5,0.59,5.0,0.6,57.1,0.01,0.01,2374.13723,1776170163000
1776170164.307,64.307,0.44,0.02,0.43,22.0,0.42,95.5,0.41,5.0,0.4,58.1,0.45,59.88,0.46,65.5,0.47,49.5,0.48,61.33,0.49,94.22,0.55,59.88,0.54,55.0,0.53,49.5,0.52,61.33,0.51,94.22,0.56,12.02,0.57,22.0,0.58,95.5,0.59,5.0,0.6,57.1,0.01,0.01,2374.13723,1776170163000
1776170165.128,65.128,0.44,0.02,0.43,22.0,0.42,95.5,0.41,5.0,0.4,58.1,0.45,59.88,0.46,65.5,0.47,49.5,0.48,61.33,0.49,94.22,0.55,59.88,0.54,65.5,0.53,49.5,0.52,61.33,0.51,94.22,0.56,0.02,0.57,22.0,0.58,95.5,0.59,5.0,0.6,58.1,0.01,0.01,2374.132195,1776170164000
1776170165.381,65.381,0.43,18.22,0.42,95.5,0.41,5.0,0.4,58.1,0.39,163.0,0.44,69.0,0.45,29.88,0.46,35.5,0.47,33.5,0.48,36.33,0.55,59.88,0.54,65.5,0.53,49.5,0.52,61.33,0.51,94.22,0.56,0.02,0.57,22.0,0.58,95.5,0.59,5.0,0.6,58.1,0.01,0.01,2374.132195,1776170164000
1776170166.255,66.255,0.43,18.22,0.42,95.5,0.41,5.0,0.4,58.1,0.39,163.0,0.44,69.0,0.45,29.88,0.46,35.5,0.47,33.5,0.48,36.33,0.56,69.0,0.55,29.88,0.54,35.5,0.53,33.5,0.52,36.33,0.57,18.22,0.58,95.5,0.59,5.0,0.6,58.1,0.61,163.0,0.01,0.01,2374.119216,1776170165000
1776170167.391,67.391,0.43,21.22,0.42,95.5,0.41,5.0,0.4,58.1,0.39,163.0,0.44,99.0,0.45,29.88,0.46,35.5,0.47,33.5,0.48,36.33,0.56,99.0,0.55,29.88,0.54,35.5,0.53,33.5,0.52,36.33,0.57,21.22,0.58,95.5,0.59,5.0,0.6,58.1,0.61,163.0,0.01,0.01,2374.11549,1776170166000
1776170167.98,67.98,0.43,21.22,0.42,95.5,0.41,5.0,0.4,58.1,0.39,163.0,0.44,99.0,0.45,29.88,0.46,35.5,0.47,33.5,0.48,36.33,0.56,99.0,0.55,29.88,0.54,35.5,0.53,33.5,0.52,36.33,0.57,21.22,0.58,95.5,0.59,5.0,0.6,58.1,0.61,163.0,0.01,0.01,2374.093799,1776170167000
1776170169.075,69.075,0.43,21.22,0.42,95.5,0.41,5.0,0.4,58.1,0.39,163.0,0.44,99.0,0.45,29.88,0.46,35.5,0.47,33.5,0.48,36.33,0.56,99.0,0.55,29.88,0.54,35.5,0.53,33.5,0.52,36.33,0.57,21.22,0.58,95.5,0.59,5.0,0.6,58.1,0.61,163.0,0.01,0.01,2374.05928,1776170168000
1776170169.6,69.6,0.4,10.1,0.39,137.5,0.38,27.0,0.37,113.0,0.36,90.0,0.41,94.0,0.42,25.0,0.43,76.5,0.44,73.5,0.45,32.0,0.56,99.0,0.55,29.88,0.54,35.5,0.53,33.5,0.52,36.33,0.57,21.22,0.58,95.5,0.59,5.0,0.6,58.1,0.61,163.0,0.01,0.01,2374.05928,1776170168000
1776170169.885,69.885,0.4,5.0,0.39,142.5,0.38,27.0,0.37,113.0,0.36,90.0,0.41,104.0,0.42,25.0,0.43,71.5,0.44,73.5,0.45,32.0,0.59,94.0,0.58,25.0,0.57,76.5,0.56,73.5,0.55,32.0,0.6,10.1,0.61,137.5,0.62,27.0,0.63,113.0,0.64,90.0,0.01,0.01,2374.05928,1776170168000
1776170170.327,70.327,0.4,5.0,0.39,142.5,0.38,27.0,0.37,113.0,0.36,90.0,0.41,104.0,0.42,25.0,0.43,71.5,0.44,73.5,0.45,32.0,0.59,104.0,0.58,25.0,0.57,71.5,0.56,73.5,0.55,32.0,0.6,5.0,0.61,142.5,0.62,27.0,0.63,113.0,0.64,90.0,0.01,0.01,2373.98814,1776170169000
1776170170.642,70.642,0.4,10.0,0.39,62.0,0.38,25.5,0.37,43.0,0.36,33.0,0.41,99.0,0.42,35.0,0.43,61.5,0.44,143.5,0.45,37.0,0.59,104.0,0.58,25.0,0.57,71.5,0.56,73.5,0.55,32.0,0.6,5.0,0.61,142.5,0.62,27.0,0.63,113.0,0.64,90.0,0.01,0.01,2373.98814,1776170169000
1776170170.885,70.885,0.4,10.0,0.39,62.0,0.38,25.5,0.37,43.0,0.36,33.0,0.41,99.0,0.42,35.0,0.43,61.5,0.44,143.5,0.45,37.0,0.59,99.0,0.58,35.0,0.57,61.5,0.56,143.5,0.55,37.0,0.6,10.0,0.61,62.0,0.62,25.5,0.63,43.0,0.64,33.0,0.01,0.01,2373.946427,1776170170000
1776170171.588,71.588,0.39,17.0,0.38,25.5,0.37,43.0,0.36,33.0,0.35,30.0,0.4,68.0,0.41,30.0,0.42,20.0,0.43,30.5,0.44,120.5,0.59,104.0,0.58,25.0,0.57,71.5,0.56,143.5,0.55,37.0,0.61,37.0,0.62,25.5,0.63,43.0,0.64,33.0,0.65,30.0,0.01,0.02,2373.946427,1776170170000
1776170171.95,71.95,0.39,10.08,0.38,23.5,0.37,43.0,0.36,33.0,0.35,30.0,0.4,63.0,0.41,30.0,0.42,20.0,0.43,35.5,0.44,120.5,0.6,68.0,0.59,30.0,0.58,20.0,0.57,30.5,0.56,120.5,0.61,17.0,0.62,25.5,0.63,43.0,0.64,33.0,0.65,30.0,0.01,0.01,2373.946427,1776170170000
1776170172.346,72.346,0.38,18.0,0.37,53.5,0.36,33.0,0.35,30.0,0.34,35.0,0.4,35.64,0.41,30.0,0.42,30.5,0.43,61.5,0.44,111.5,0.6,35.64,0.59,30.0,0.58,20.0,0.57,35.5,0.56,120.5,0.61,15.08,0.62,23.5,0.63,43.0,0.64,33.0,0.65,40.0,0.02,0.01,2373.896186,1776170171000
1776170173.249,73.249,0.38,18.0,0.37,53.5,0.36,33.0,0.35,30.0,0.34,35.0,0.4,35.64,0.41,30.0,0.42,30.5,0.43,61.5,0.44,111.5,0.6,35.64,0.59,30.0,0.58,30.5,0.57,61.5,0.56,111.5,0.62,18.0,0.63,53.5,0.64,33.0,0.65,30.0,0.66,35.0,0.02,0.02,2373.870345,1776170172000
1776170173.851,73.851,0.35,28.5,0.34,30.0,0.33,155.0,0.32,142.0,0.31,86.0,0.36,89.88,0.37,25.0,0.38,51.0,0.39,25.0,0.4,52.5,0.64,94.88,0.63,35.0,0.62,46.0,0.61,40.0,0.6,42.5,0.65,48.5,0.66,30.0,0.67,155.0,0.68,154.0,0.69,86.0,0.01,0.01,2373.870345,1776170172000
1776170174.284,74.284,0.35,28.5,0.34,30.0,0.33,155.0,0.32,142.0,0.31,86.0,0.36,89.88,0.37,25.0,0.38,51.0,0.39,25.0,0.4,52.5,0.64,89.88,0.63,25.0,0.62,51.0,0.61,25.0,0.6,52.5,0.65,28.5,0.66,30.0,0.67,155.0,0.68,142.0,0.69,86.0,0.01,0.01,2373.8406,1776170173000
1776170175.492,75.492,0.35,23.5,0.34,30.0,0.33,75.0,0.32,221.0,0.31,86.0,0.36,94.88,0.37,25.0,0.38,51.0,0.39,25.5,0.4,52.5,0.64,89.88,0.63,25.0,0.62,51.0,0.61,25.0,0.6,52.5,0.65,28.5,0.66,30.0,0.67,155.0,0.68,142.0,0.69,86.0,0.01,0.01,2373.8406,1776170173000
1776170175.907,75.907,0.35,21.9,0.34,30.0,0.33,108.0,0.32,240.0,0.31,55.0,0.36,89.0,0.37,25.0,0.38,51.0,0.39,15.0,0.4,52.5,0.64,89.0,0.63,25.0,0.62,51.0,0.61,15.0,0.6,52.5,0.65,21.9,0.66,30.0,0.67,108.0,0.68,240.0,0.69,55.0,0.01,0.01,2373.677655,1776170174000
1776170176.123,76.123,0.35,25.36,0.34,38.0,0.33,93.0,0.32,240.0,0.31,65.0,0.36,68.88,0.37,25.0,0.38,25.0,0.39,21.0,0.4,35.5,0.64,89.0,0.63,25.0,0.62,51.0,0.61,15.0,0.6,52.5,0.65,21.9,0.66,30.0,0.67,108.0,0.68,240.0,0.69,55.0,0.01,0.01,2373.677655,1776170174000
1776170176.461,76.461,0.35,15.36,0.34,38.0,0.33,173.0,0.32,170.0,0.31,55.0,0.36,84.88,0.37,25.0,0.38,25.0,0.39,21.0,0.4,35.5,0.64,68.88,0.63,25.0,0.62,25.0,0.61,21.0,0.6,35.5,0.65,25.36,0.66,38.0,0.67,93.0,0.68,240.0,0.69,65.0,0.01,0.01,2373.677655,1776170174000
1776170176.869,76.869,0.35,15.36,0.34,38.0,0.33,173.0,0.32,170.0,0.31,55.0,0.36,84.88,0.37,25.0,0.38,25.0,0.39,21.0,0.4,35.5,0.64,84.88,0.63,25.0,0.62,25.0,0.61,21.0,0.6,35.5,0.65,15.36,0.66,38.0,0.67,173.0,0.68,170.0,0.69,55.0,0.01,0.01,2373.612956,1776170175000
1776170177.581,77.581,0.35,20.0,0.34,48.5,0.33,103.5,0.32,155.0,0.31,55.0,0.36,68.88,0.37,30.0,0.38,15.0,0.39,31.5,0.4,40.5,0.64,84.88,0.63,25.0,0.62,25.0,0.61,21.0,0.6,35.5,0.65,15.36,0.66,38.0,0.67,173.0,0.68,170.0,0.69,55.0,0.01,0.01,2373.612956,1776170175000
1776170178.323,78.323,0.35,6.69,0.34,48.5,0.33,106.5,0.32,155.0,0.31,55.0,0.36,73.88,0.37,30.0,0.38,25.5,0.39,31.5,0.4,46.5,0.64,63.88,0.63,30.0,0.62,15.0,0.61,31.5,0.6,40.5,0.65,19.0,0.66,48.5,0.67,103.5,0.68,155.0,0.69,55.0,0.01,0.01,2373.608237,1776170176000
1776170178.651,78.651,0.35,6.69,0.34,38.0,0.33,106.5,0.32,155.0,0.31,65.0,0.36,20.54,0.37,30.0,0.38,25.5,0.39,41.5,0.4,46.5,0.64,73.88,0.63,30.0,0.62,25.5,0.61,31.5,0.6,46.5,0.65,6.69,0.66,48.5,0.67,106.5,0.68,155.0,0.69,55.0,0.01,0.01,2373.63158,1776170177000
1776170179.27,79.27,0.35,6.69,0.34,38.0,0.33,106.5,0.32,155.0,0.31,65.0,0.36,20.54,0.37,30.0,0.38,25.5,0.39,41.5,0.4,46.5,0.64,20.54,0.63,30.0,0.62,25.5,0.61,41.5,0.6,46.5,0.65,6.69,0.66,38.0,0.67,106.5,0.68,155.0,0.69,65.0,0.01,0.01,2373.612162,1776170178000
1776170179.605,79.605,0.35,11.69,0.34,38.0,0.33,85.5,0.32,155.0,0.31,85.0,0.36,30.0,0.37,30.0,0.38,25.5,0.39,41.5,0.4,46.5,0.64,20.54,0.63,30.0,0.62,25.5,0.61,41.5,0.6,46.5,0.65,6.69,0.66,38.0,0.67,106.5,0.68,155.0,0.69,65.0,0.01,0.01,2373.612162,1776170178000
1776170180.436,80.436,0.35,11.69,0.34,38.0,0.33,85.5,0.32,155.0,0.31,85.0,0.36,30.0,0.37,30.0,0.38,25.5,0.39,41.5,0.4,46.5,0.64,30.0,0.63,30.0,0.62,25.5,0.61,41.5,0.6,46.5,0.65,11.69,0.66,38.0,0.67,85.5,0.68,155.0,0.69,85.0,0.01,0.01,2373.573798,1776170179000
1776170180.735,80.735,0.3,9.34,0.29,119.5,0.28,85.0,0.27,28.3,0.26,57.7,0.31,84.0,0.32,26.0,0.33,52.0,0.34,112.0,0.35,67.5,0.69,69.0,0.68,26.0,0.67,42.0,0.66,112.0,0.65,67.5,0.7,13.92,0.71,119.5,0.72,85.0,0.73,40.3,0.74,57.7,0.01,0.01,2373.573798,1776170179000
1776170181.13,81.13,0.3,9.34,0.29,119.5,0.28,85.0,0.27,28.3,0.26,57.7,0.31,84.0,0.32,26.0,0.33,52.0,0.34,112.0,0.35,67.5,0.69,84.0,0.68,26.0,0.67,52.0,0.66,112.0,0.65,67.5,0.7,9.34,0.71,119.5,0.72,85.0,0.73,28.3,0.74,57.7,0.01,0.01,2373.558798,1776170180000
1776170181.374,81.374,0.29,119.5,0.28,85.0,0.27,5.0,0.26,72.7,0.25,96.2,0.31,15.35,0.32,31.0,0.33,62.0,0.34,122.5,0.35,72.5,0.69,84.0,0.68,26.0,0.67,52.0,0.66,112.0,0.65,67.5,0.7,9.34,0.71,119.5,0.72,85.0,0.73,28.3,0.74,57.7,0.02,0.01,2373.558798,1776170180000
1776170181.76,81.76,0.29,19.5,0.28,85.0,0.27,5.0,0.26,72.7,0.25,96.2,0.3,79.0,0.31,10.35,0.32,26.0,0.33,62.0,0.34,122.5,0.69,15.35,0.68,31.0,0.67,62.0,0.66,122.5,0.65,72.5,0.71,119.5,0.72,85.0,0.73,5.0,0.74,72.7,0.75,96.2,0.01,0.02,2373.558798,1776170180000
1776170182.075,82.075,0.29,9.57,0.28,85.0,0.27,5.0,0.26,72.7,0.25,96.2,0.3,79.0,0.31,10.35,0.32,26.0,0.33,73.0,0.34,116.5,0.7,79.0,0.69,10.35,0.68,26.0,0.67,67.0,0.66,122.5,0.71,14.5,0.72,85.0,0.73,5.0,0.74,72.7,0.75,96.2,0.01,0.01,2373.558798,1776170180000
1776170182.63,82.63,0.29,9.57,0.28,85.0,0.27,5.0,0.26,72.7,0.25,96.2,0.3,79.0,0.31,10.35,0.32,26.0,0.33,73.0,0.34,116.5,0.7,79.0,0.69,10.35,0.68,26.0,0.67,73.0,0.66,116.5,0.71,9.57,0.72,85.0,0.73,5.0,0.74,72.7,0.75,96.2,0.01,0.01,2373.338555,1776170181000
1776170183.315,83.315,0.28,77.5,0.27,5.0,0.26,70.7,0.25,101.2,0.24,46.7,0.29,58.0,0.3,20.0,0.31,15.35,0.32,26.0,0.33,82.0,0.71,58.0,0.7,20.0,0.69,15.35,0.68,26.0,0.67,82.0,0.72,77.5,0.73,5.0,0.74,70.7,0.75,101.2,0.76,46.7,0.01,0.01,2373.309493,1776170182000
1776170183.587,83.587,0.29,49.5,0.28,158.0,0.27,120.3,0.26,100.7,0.25,59.2,0.3,10.0,0.31,0.35,0.32,10.0,0.33,56.0,0.34,36.0,0.7,10.0,0.69,10.35,0.68,10.0,0.67,61.0,0.66,36.0,0.72,118.5,0.73,154.3,0.74,100.7,0.75,59.2,0.76,49.7,0.01,0.02,2373.309493,1776170182000
1776170183.885,83.885,0.3,126.5,0.29,143.0,0.28,148.0,0.27,103.3,0.26,98.7,0.32,10.0,0.33,56.0,0.34,31.0,0.35,10.0,0.36,70.0,0.69,10.0,0.68,10.0,0.67,56.0,0.66,31.0,0.65,15.0,0.71,125.5,0.72,180.0,0.73,113.3,0.74,93.7,0.75,54.2,0.02,0.02,2373.309493,1776170182000
1776170184.839,84.839,0.32,44.5,0.31,41.0,0.3,100.0,0.29,109.5,0.28,54.89,0.33,0.03,0.34,10.0,0.35,10.0,0.36,65.0,0.37,55.0,0.68,5.0,0.67,45.0,0.66,20.0,0.65,10.0,0.64,70.0,0.69,102.5,0.7,67.0,0.71,111.0,0.72,134.89,0.73,103.3,0.01,0.01,2373.272554,1776170183000
1776170185.345,85.345,0.33,22.7,0.32,44.5,0.31,61.0,0.3,100.0,0.29,109.5,0.34,5.0,0.35,10.0,0.36,64.54,0.37,65.5,0.38,31.0,0.66,5.0,0.65,10.0,0.64,64.54,0.63,65.5,0.62,31.0,0.67,22.7,0.68,44.5,0.69,61.0,0.7,100.0,0.71,109.5,0.01,0.01,2373.22929,1776170184000
1776170185.586,85.586,0.34,5.0,0.33,37.0,0.32,54.5,0.31,65.0,0.3,37.1,0.35,6.57,0.36,60.0,0.37,60.5,0.38,25.0,0.39,91.0,0.65,6.57,0.64,60.0,0.63,60.5,0.62,25.0,0.61,91.0,0.66,15.0,0.67,37.0,0.68,54.5,0.69,65.0,0.7,37.1,0.01,0.01,2373.22929,1776170184000
1776170185.984,85.984,0.34,14.96,0.33,27.0,0.32,54.5,0.31,81.8,0.3,117.1,0.35,8.42,0.36,65.0,0.37,60.5,0.38,25.0,0.39,91.0,0.65,6.57,0.64,60.0,0.63,60.5,0.62,25.0,0.61,91.0,0.66,5.0,0.67,37.0,0.68,54.5,0.69,65.0,0.7,37.1,0.01,0.01,2373.22929,1776170184000
1776170186.219,86.219,0.34,18.27,0.33,5.0,0.32,54.5,0.31,111.8,0.3,117.1,0.35,3.42,0.36,65.0,0.37,60.5,0.38,25.0,0.39,91.0,0.65,3.42,0.64,65.0,0.63,60.5,0.62,25.0,0.61,91.0,0.66,18.27,0.67,5.0,0.68,54.5,0.69,111.8,0.7,117.1,0.01,0.01,2373.405245,1776170185000
1776170187.16,87.16,0.32,5.0,0.31,5.0,0.3,55.37,0.29,123.5,0.28,112.89,0.35,144.92,0.36,80.5,0.37,71.5,0.38,25.0,0.39,107.0,0.65,3.42,0.64,65.0,0.63,60.5,0.62,25.0,0.61,91.0,0.66,18.27,0.67,5.0,0.68,54.5,0.69,111.8,0.7,117.1,0.03,0.01,2373.405245,1776170185000
1776170187.454,87.454,0.32,5.0,0.31,5.0,0.3,55.37,0.29,123.5,0.28,112.89,0.35,144.92,0.36,80.5,0.37,71.5,0.38,25.0,0.39,107.0,0.65,144.92,0.64,80.5,0.63,71.5,0.62,25.0,0.61,107.0,0.68,5.0,0.69,5.0,0.7,55.37,0.71,123.5,0.72,112.89,0.03,0.03,2373.581045,1776170186000
1776170188.216,88.216,0.31,5.0,0.3,50.37,0.29,123.5,0.28,32.89,0.27,185.3,0.33,76.5,0.34,35.5,0.35,63.92,0.36,75.5,0.37,71.5,0.67,76.5,0.66,35.5,0.65,63.92,0.64,75.5,0.63,71.5,0.69,5.0,0.7,50.37,0.71,123.5,0.72,32.89,0.73,185.3,0.02,0.02,2373.581045,1776170187000
1776170188.957,88.957,0.3,7.28,0.29,75.0,0.28,15.0,0.27,98.0,0.26,117.7,0.31,103.5,0.32,45.5,0.33,61.5,0.34,50.5,0.35,29.92,0.69,60.5,0.68,45.5,0.67,61.5,0.66,50.5,0.65,34.92,0.7,10.27,0.71,75.0,0.72,15.0,0.73,108.0,0.74,117.7,0.01,0.01,2373.581045,1776170187000
1776170189.668,89.668,0.3,7.28,0.29,75.0,0.28,15.0,0.27,98.0,0.26,117.7,0.31,103.5,0.32,45.5,0.33,61.5,0.34,50.5,0.35,29.92,0.69,103.5,0.68,45.5,0.67,61.5,0.66,50.5,0.65,29.92,0.7,7.28,0.71,75.0,0.72,15.0,0.73,98.0,0.74,117.7,0.01,0.01,2373.467794,1776170188000
1776170190.333,90.333,0.3,7.28,0.29,75.0,0.28,15.0,0.27,98.0,0.26,117.7,0.31,103.5,0.32,45.5,0.33,61.5,0.34,50.5,0.35,29.92,0.69,103.5,0.68,45.5,0.67,61.5,0.66,50.5,0.65,29.92,0.7,7.28,0.71,75.0,0.72,15.0,0.73,98.0,0.74,117.7,0.01,0.01,2373.321832,1776170189000
1776170190.8,90.8,0.3,51.28,0.29,53.5,0.28,105.0,0.27,170.0,0.26,82.0,0.32,8.9,0.33,15.0,0.34,25.5,0.35,29.92,0.36,90.5,0.69,103.5,0.68,45.5,0.67,61.5,0.66,50.5,0.65,29.92,0.7,7.28,0.71,75.0,0.72,15.0,0.73,98.0,0.74,117.7,0.02,0.01,2373.321832,1776170189000
1776170191.318,91.318,0.31,16.0,0.3,46.28,0.29,53.5,0.28,95.0,0.27,170.0,0.32,16.25,0.33,14.0,0.34,25.5,0.35,34.92,0.36,90.5,0.67,4.0,0.66,25.5,0.65,34.92,0.64,90.5,0.63,137.0,0.69,5.0,0.7,46.28,0.71,53.5,0.72,95.0,0.73,170.0,0.01,0.02,2373.274475,1776170190000
1776170192.374,92.374,0.31,16.0,0.3,46.28,0.29,53.5,0.28,95.0,0.27,170.0,0.32,16.25,0.33,14.0,0.34,25.5,0.35,34.92,0.36,90.5,0.68,16.25,0.67,14.0,0.66,25.5,0.65,34.92,0.64,90.5,0.69,16.0,0.7,46.28,0.71,53.5,0.72,95.0,0.73,170.0,0.01,0.01,2373.249623,1776170191000
1776170192.613,92.613,0.31,22.09,0.3,23.28,0.29,83.0,0.28,144.89,0.27,183.3,0.32,6.07,0.33,14.0,0.34,25.5,0.35,34.92,0.36,90.5,0.68,11.16,0.67,14.0,0.66,25.5,0.65,34.92,0.64,90.5,0.69,32.09,0.7,33.28,0.71,83.0,0.72,144.89,0.73,183.3,0.01,0.01,2373.249623,1776170191000
1776170192.994,92.994,0.31,22.09,0.3,23.28,0.29,83.0,0.28,144.89,0.27,183.3,0.32,6.07,0.33,14.0,0.34,25.5,0.35,34.92,0.36,90.5,0.68,6.07,0.67,14.0,0.66,25.5,0.65,34.92,0.64,90.5,0.69,22.09,0.7,23.28,0.71,83.0,0.72,144.89,0.73,183.3,0.01,0.01,2373.317881,1776170192000
1776170193.314,93.314,0.3,11.37,0.29,22.5,0.28,32.89,0.27,56.3,0.26,139.7,0.32,103.5,0.33,24.5,0.34,95.5,0.35,34.92,0.36,90.5,0.68,6.07,0.67,14.0,0.66,25.5,0.65,34.92,0.64,90.5,0.69,22.09,0.7,23.28,0.71,83.0,0.72,144.89,0.73,183.3,0.02,0.01,2373.317881,1776170192000
1776170193.664,93.664,0.3,7.59,0.29,22.5,0.28,32.89,0.27,134.8,0.26,129.7,0.31,65.0,0.32,60.5,0.33,44.5,0.34,101.5,0.35,23.92,0.68,103.5,0.67,24.5,0.66,95.5,0.65,34.92,0.64,90.5,0.7,11.37,0.71,22.5,0.72,32.89,0.73,56.3,0.74,139.7,0.01,0.02,2373.317881,1776170192000
1776170194.492,94.492,0.29,18.09,0.28,32.89,0.27,134.8,0.26,129.7,0.25,61.2,0.31,70.0,0.32,60.5,0.33,44.5,0.34,101.5,0.35,23.92,0.69,70.0,0.68,60.5,0.67,44.5,0.66,101.5,0.65,23.92,0.71,18.09,0.72,32.89,0.73,134.8,0.74,129.7,0.75,61.2,0.02,0.02,2373.434331,1776170193000
1776170195.052,95.052,0.29,18.09,0.28,32.89,0.27,134.8,0.26,129.7,0.25,61.2,0.31,70.0,0.32,60.5,0.33,44.5,0.34,101.5,0.35,23.92,0.69,70.0,0.68,60.5,0.67,44.5,0.66,101.5,0.65,23.92,0.71,18.09,0.72,32.89,0.73,134.8,0.74,129.7,0.75,61.2,0.02,0.02,2373.391225,1776170194000
1776170195.992,95.992,0.29,18.09,0.28,32.89,0.27,134.8,0.26,129.7,0.25,61.2,0.31,70.0,0.32,60.5,0.33,44.5,0.34,101.5,0.35,23.92,0.69,70.0,0.68,60.5,0.67,44.5,0.66,101.5,0.65,23.92,0.71,18.09,0.72,32.89,0.73,134.8,0.74,129.7,0.75,61.2,0.02,0.02,2373.286063,1776170195000
1776170196.537,96.537,0.28,70.0,0.27,79.8,0.26,103.7,0.25,61.2,0.24,139.7,0.3,15.0,0.31,15.0,0.32,30.5,0.33,24.5,0.34,116.5,0.7,53.0,0.69,15.0,0.68,30.5,0.67,24.5,0.66,116.5,0.71,10.51,0.72,60.0,0.73,79.8,0.74,103.7,0.75,61.2,0.02,0.01,2373.286063,1776170195000
1776170196.77,96.77,0.28,60.36,0.27,79.8,0.26,103.7,0.25,61.2,0.24,139.7,0.3,53.0,0.31,15.0,0.32,30.5,0.33,24.5,0.34,126.5,0.7,15.0,0.69,15.0,0.68,30.5,0.67,24.5,0.66,116.5,0.72,67.66,0.73,79.8,0.74,103.7,0.75,61.2,0.76,139.7,0.02,0.02,2373.286063,1776170195000
1776170197.04,97.04,0.28,52.33,0.27,79.8,0.26,103.7,0.25,61.2,0.24,139.7,0.29,10.0,0.3,15.0,0.31,20.0,0.32,30.5,0.33,24.5,0.71,10.0,0.7,15.0,0.69,20.0,0.68,30.5,0.67,24.5,0.72,58.83,0.73,79.8,0.74,103.7,0.75,61.2,0.76,139.7,0.01,0.01,2373.2807,1776170196000
1776170197.916,97.916,0.28,52.33,0.27,79.8,0.26,103.7,0.25,61.2,0.24,139.7,0.29,10.0,0.3,15.0,0.31,20.0,0.32,30.5,0.33,24.5,0.71,10.0,0.7,15.0,0.69,20.0,0.68,30.5,0.67,24.5,0.72,52.33,0.73,79.8,0.74,103.7,0.75,61.2,0.76,139.7,0.01,0.01,2373.301719,1776170197000
1776170198.908,98.908,0.28,52.33,0.27,79.8,0.26,103.7,0.25,61.2,0.24,139.7,0.29,10.0,0.3,15.0,0.31,20.0,0.32,30.5,0.33,24.5,0.71,10.0,0.7,15.0,0.69,20.0,0.68,30.5,0.67,24.5,0.72,52.33,0.73,79.8,0.74,103.7,0.75,61.2,0.76,139.7,0.01,0.01,2373.315,1776170198000
1776170199.117,99.117,0.28,47.22,0.27,79.8,0.26,93.7,0.25,64.2,0.24,146.7,0.29,5.06,0.3,25.09,0.31,20.09,0.32,30.5,0.33,50.5,0.71,10.0,0.7,15.0,0.69,20.0,0.68,30.5,0.67,24.5,0.72,52.33,0.73,79.8,0.74,103.7,0.75,61.2,0.76,139.7,0.01,0.01,2373.315,1776170198000
1776170199.931,99.931,0.28,47.22,0.27,79.8,0.26,93.7,0.25,64.2,0.24,146.7,0.29,5.06,0.3,25.09,0.31,20.09,0.32,30.5,0.33,50.5,0.71,5.06,0.7,25.09,0.69,20.09,0.68,30.5,0.67,50.5,0.72,47.22,0.73,79.8,0.74,93.7,0.75,64.2,0.76,146.7,0.01,0.01,2373.369455,1776170199000
1776170200.895,100.895,0.28,52.22,0.27,149.8,0.26,163.7,0.25,134.2,0.24,71.7,0.3,20.38,0.31,20.09,0.32,25.5,0.33,40.5,0.34,55.5,0.7,20.38,0.69,20.09,0.68,25.5,0.67,40.5,0.66,55.5,0.72,52.22,0.73,149.8,0.74,163.7,0.75,134.2,0.76,71.7,0.02,0.02,2373.37993,1776170200000
1776170201.935,101.935,0.28,52.22,0.27,149.8,0.26,163.7,0.25,134.2,0.24,71.7,0.3,20.38,0.31,20.09,0.32,25.5,0.33,40.5,0.34,55.5,0.7,20.38,0.69,20.09,0.68,25.5,0.67,40.5,0.66,55.5,0.72,52.22,0.73,149.8,0.74,163.7,0.75,134.2,0.76,71.7,0.02,0.02,2373.39714,1776170201000
1776170202.969,102.969,0.28,52.22,0.27,149.8,0.26,163.7,0.25,134.2,0.24,71.7,0.3,20.38,0.31,20.09,0.32,25.5,0.33,40.5,0.34,55.5,0.7,20.38,0.69,20.09,0.68,25.5,0.67,40.5,0.66,55.5,0.72,52.22,0.73,149.8,0.74,163.7,0.75,134.2,0.76,71.7,0.02,0.02,2373.393315,1776170202000
1776170203.94,103.94,0.28,52.22,0.27,149.8,0.26,163.7,0.25,134.2,0.24,71.7,0.3,20.38,0.31,20.09,0.32,25.5,0.33,40.5,0.34,55.5,0.7,20.38,0.69,20.09,0.68,25.5,0.67,40.5,0.66,55.5,0.72,52.22,0.73,149.8,0.74,163.7,0.75,134.2,0.76,71.7,0.02,0.02,2373.393315,1776170203000
1776170204.647,104.647,0.29,58.5,0.28,77.56,0.27,84.3,0.26,88.7,0.25,79.2,0.3,4.99,0.31,5.09,0.33,10.0,0.34,10.0,0.35,5.0,0.7,20.38,0.69,20.09,0.68,25.5,0.67,40.5,0.66,55.5,0.72,52.22,0.73,149.8,0.74,163.7,0.75,134.2,0.76,71.7,0.01,0.02,2373.393315,1776170203000
1776170204.936,104.936,0.32,10.0,0.31,70.5,0.3,10.0,0.29,30.0,0.28,149.22,0.4,50.0,0.43,20.0,0.47,15.0,0.49,10.0,0.51,55.0,0.6,50.0,0.57,20.0,0.53,15.0,0.51,10.0,0.49,55.0,0.68,10.0,0.69,70.5,0.7,10.0,0.71,30.0,0.72,149.22,0.08,0.08,2373.39581,1776170204000
1776170205.234,105.234,0.5,79.0,0.49,36.0,0.48,80.0,0.47,15.0,0.46,15.0,0.52,5.0,0.53,11.0,0.54,20.0,0.55,5.0,0.56,6.0,0.49,50.0,0.47,6.0,0.46,10.0,0.44,6.0,0.43,10.0,0.55,10.0,0.56,262.0,0.57,36.0,0.58,15.0,0.59,70.34,0.02,0.06,2373.39581,1776170204000
1776170205.443,105.443,0.52,10.0,0.51,10.0,0.5,78.0,0.49,10.0,0.48,47.0,0.53,90.48,0.54,93.0,0.55,5.0,0.56,5.0,0.57,15.0,0.47,66.91,0.46,85.0,0.45,12.0,0.44,5.0,0.43,15.0,0.48,19.61,0.49,32.0,0.5,174.0,0.51,36.0,0.52,20.0,0.01,0.01,2373.39581,1776170204000
1776170205.709,105.709,0.51,15.0,0.5,62.2,0.49,10.0,0.48,10.0,0.47,46.0,0.53,106.23,0.54,85.0,0.55,5.0,0.56,55.0,0.57,25.0,0.47,111.23,0.46,85.0,0.45,5.0,0.44,55.0,0.43,25.0,0.48,6.9,0.49,10.0,0.5,62.2,0.51,10.0,0.52,10.0,0.02,0.01,2373.39581,1776170204000
1776170206.079,106.079,0.48,10.0,0.47,10.0,0.46,10.0,0.45,10.0,0.44,43.0,0.49,43.0,0.5,17.0,0.51,20.5,0.52,10.0,0.53,150.23,0.48,2.16,0.47,103.23,0.46,85.0,0.45,5.0,0.44,65.0,0.51,10.0,0.52,10.0,0.53,46.0,0.54,41.0,0.55,20.0,0.01,0.03,2373.39007,1776170205000
1776170206.514,106.514,0.45,8.62,0.44,43.0,0.43,41.0,0.42,85.0,0.41,135.0,0.48,30.0,0.49,45.0,0.5,22.0,0.51,20.5,0.52,32.5,0.51,68.0,0.5,17.0,0.49,20.5,0.48,25.5,0.47,160.73,0.54,4.62,0.55,10.0,0.56,43.0,0.57,41.0,0.58,90.0,0.03,0.03,2373.39007,1776170205000
1776170206.723,106.723,0.46,8.46,0.45,13.62,0.44,43.0,0.43,41.0,0.42,85.0,0.47,29.5,0.48,40.5,0.49,50.5,0.5,22.0,0.51,20.5,0.52,45.0,0.51,45.0,0.5,22.0,0.49,20.5,0.48,32.5,0.54,8.46,0.55,8.62,0.56,43.0,0.57,41.0,0.58,85.0,0.01,0.02,2373.39007,1776170205000
1776170206.924,106.924,0.46,59.92,0.45,39.62,0.44,15.0,0.43,15.0,0.42,90.0,0.47,4.5,0.48,10.5,0.49,15.5,0.51,16.5,0.52,15.5,0.53,29.5,0.52,40.5,0.51,50.5,0.5,22.0,0.49,20.5,0.54,8.46,0.55,13.62,0.56,43.0,0.57,41.0,0.58,85.0,0.01,0.01,2373.39007,1776170205000
1776170207.154,107.154,0.48,10.0,0.47,154.0,0.46,146.46,0.45,98.62,0.44,45.0,0.49,12.33,0.51,10.5,0.52,10.5,0.53,10.5,0.54,20.0,0.53,4.5,0.52,10.5,0.51,15.5,0.49,16.5,0.48,15.5,0.54,59.92,0.55,39.62,0.56,15.0,0.57,15.0,0.58,90.0,0.01,0.01,2373.39007,1776170205000
1776170207.469,107.469,0.48,194.0,0.47,50.0,0.46,90.46,0.45,98.62,0.44,75.0,0.52,10.5,0.53,10.5,0.54,20.0,0.56,11.0,0.57,10.0,0.48,10.5,0.47,10.5,0.46,20.0,0.44,11.0,0.43,10.0,0.52,194.0,0.53,50.0,0.54,90.46,0.55,98.62,0.56,75.0,0.04,0.04,2374.498652,1776170206000
1776170207.693,107.693,0.51,144.0,0.5,105.0,0.49,15.0,0.48,42.0,0.47,37.0,0.53,2.14,0.57,10.0,0.58,7.0,0.59,70.0,0.6,6.36,0.48,0.89,0.47,10.5,0.46,10.0,0.44,11.0,0.43,10.0,0.49,94.0,0.5,110.0,0.51,20.0,0.52,47.0,0.53,44.0,0.02,0.01,2374.498652,1776170206000
1776170207.91,107.91,0.57,32.0,0.56,43.0,0.55,15.0,0.54,10.0,0.53,85.0,0.58,7.24,0.59,70.0,0.6,13.36,0.61,35.0,0.62,10.0,0.43,10.0,0.42,7.0,0.41,70.0,0.4,6.36,0.39,35.0,0.49,177.0,0.5,105.0,0.51,15.0,0.52,42.0,0.53,37.0,0.01,0.06,2374.498652,1776170206000
1776170208.353,108.353,0.57,42.0,0.56,43.0,0.55,15.0,0.54,10.0,0.53,92.0,0.58,30.67,0.59,5.0,0.6,13.36,0.61,35.0,0.62,10.0,0.42,7.24,0.41,70.0,0.4,13.36,0.39,35.0,0.38,10.0,0.43,32.0,0.44,43.0,0.45,15.0,0.46,10.0,0.47,85.0,0.01,0.01,2374.498652,1776170207000
1776170209.065,109.065,0.57,42.0,0.56,43.0,0.55,15.0,0.54,10.0,0.53,92.0,0.58,30.67,0.59,5.0,0.6,13.36,0.61,35.0,0.62,10.0,0.42,30.67,0.41,5.0,0.4,13.36,0.39,35.0,0.38,10.0,0.43,42.0,0.44,43.0,0.45,15.0,0.46,10.0,0.47,92.0,0.01,0.01,2374.448237,1776170208000
1776170209.851,109.851,0.69,15.0,0.68,40.0,0.67,20.0,0.66,16.67,0.65,25.0,0.7,10.0,0.71,12.0,0.72,5.0,0.73,30.0,0.75,19.2,0.34,150.0,0.32,150.0,0.31,50.0,0.29,7.0,0.28,5.0,0.41,2.8,0.42,10.0,0.43,51.1,0.44,68.0,0.45,20.5,0.01,0.07,2374.448237,1776170208000
1776170210.053,110.053,0.69,138.0,0.68,42.0,0.67,15.0,0.66,16.67,0.65,15.0,0.71,93.47,0.72,75.0,0.73,70.0,0.75,19.2,0.76,69.7,0.3,10.0,0.29,12.0,0.28,5.0,0.27,30.0,0.25,19.2,0.31,15.0,0.32,40.0,0.33,20.0,0.34,16.67,0.35,25.0,0.02,0.01,2374.448237,1776170208000
1776170210.269,110.269,0.69,71.68,0.68,37.0,0.67,10.0,0.66,66.67,0.65,15.0,0.7,104.19,0.71,22.83,0.72,5.0,0.75,19.2,0.76,89.7,0.29,92.83,0.28,75.0,0.27,70.0,0.25,19.2,0.24,69.7,0.31,28.03,0.32,54.0,0.33,10.0,0.34,16.67,0.35,15.0,0.01,0.02,2375.031114,1776170209000
1776170210.746,110.746,0.69,142.99,0.68,127.0,0.67,85.0,0.66,66.67,0.65,17.0,0.7,6.99,0.71,43.33,0.72,5.0,0.74,50.0,0.75,9.0,0.3,20.18,0.29,7.83,0.28,5.0,0.27,30.0,0.25,89.2,0.31,112.66,0.32,37.0,0.33,10.0,0.34,77.67,0.35,10.0,0.01,0.01,2375.031114,1776170209000
1776170210.953,110.953,0.69,141.02,0.68,122.0,0.67,80.0,0.66,66.67,0.65,17.0,0.71,43.33,0.72,5.0,0.74,50.0,0.75,9.0,0.78,81.0,0.29,43.33,0.28,5.0,0.26,50.0,0.25,9.0,0.23,20.3,0.31,141.99,0.32,122.0,0.33,80.0,0.34,66.67,0.35,17.0,0.02,0.02,2375.031114,1776170209000
1776170211.482,111.482,0.76,8.47,0.74,38.0,0.73,46.0,0.72,10.0,0.71,25.0,0.78,121.25,0.79,21.7,0.8,22.5,0.81,153.4,0.82,194.4,0.25,6.72,0.22,21.0,0.21,21.7,0.2,22.5,0.19,153.4,0.27,6.84,0.28,10.0,0.29,16.0,0.3,10.0,0.31,33.0,0.02,0.02,2375.154364,1776170210000
1776170211.706,111.706,0.74,34.2,0.73,56.0,0.72,15.0,0.71,26.0,0.7,10.0,0.78,126.25,0.79,21.7,0.8,22.5,0.81,153.4,0.82,194.4,0.22,134.25,0.21,21.7,0.2,22.5,0.19,153.4,0.18,194.4,0.26,29.2,0.27,51.0,0.28,15.0,0.29,26.0,0.3,10.0,0.04,0.04,2375.154364,1776170210000
1776170211.91,111.91,0.77,1.43,0.76,15.0,0.75,10.6,0.74,34.2,0.73,51.0,0.78,138.25,0.79,26.7,0.8,22.5,0.81,153.4,0.82,204.4,0.22,134.25,0.21,21.7,0.2,22.5,0.19,153.4,0.18,194.4,0.25,5.6,0.26,39.2,0.27,56.0,0.28,15.0,0.29,26.0,0.01,0.03,2375.154364,1776170210000
1776170212.297,112.297,0.75,5.0,0.71,15.0,0.7,10.0,0.69,5.0,0.68,16.0,0.77,1.6,0.78,146.25,0.79,91.7,0.8,112.5,0.81,113.4,0.22,138.25,0.21,26.7,0.2,22.5,0.19,153.4,0.18,204.4,0.23,1.43,0.24,15.0,0.25,10.6,0.26,34.2,0.27,51.0,0.02,0.01,2376.004621,1776170211000
1776170212.538,112.538,0.73,4.2,0.72,9.78,0.71,10.0,0.7,19.0,0.69,33.0,0.74,47.5,0.75,92.65,0.76,215.0,0.77,31.6,0.78,236.25,0.26,9.5,0.25,87.65,0.24,215.0,0.23,31.6,0.22,236.25,0.27,6.65,0.28,9.78,0.29,10.0,0.3,19.0,0.31,33.0,0.01,0.01,2376.004621,1776170211000
1776170212.801,112.801,0.71,20.0,0.7,24.0,0.69,33.0,0.68,23.0,0.67,22.0,0.72,22.5,0.73,110.5,0.74,110.0,0.75,180.0,0.76,230.0,0.27,100.0,0.26,114.5,0.25,192.65,0.24,230.0,0.23,181.6,0.29,15.0,0.3,19.0,0.31,33.0,0.32,22.0,0.33,15.0,0.01,0.02,2376.004621,1776170211000
1776170213.006,113.006,0.71,6.65,0.7,10.0,0.69,5.0,0.68,35.0,0.67,80.0,0.72,21.5,0.73,125.5,0.74,110.0,0.75,180.0,0.76,230.0,0.28,21.5,0.27,125.5,0.26,110.0,0.25,180.0,0.24,230.0,0.29,11.65,0.3,10.0,0.31,5.0,0.32,35.0,0.33,80.0,0.01,0.01,2376.004621,1776170211000
1776170213.921,113.921,0.66,26.67,0.65,10.0,0.64,22.0,0.63,44.0,0.62,47.0,0.68,158.15,0.69,176.0,0.7,131.0,0.71,255.0,0.72,122.0,0.28,26.5,0.27,125.5,0.26,110.0,0.25,180.0,0.24,230.0,0.29,5.68,0.3,10.0,0.31,5.0,0.32,35.0,0.33,80.0,0.02,0.01,2376.259799,1776170212000
1776170214.125,114.125,0.66,26.67,0.65,10.0,0.64,22.0,0.63,44.0,0.62,47.0,0.68,158.15,0.69,176.0,0.7,131.0,0.71,255.0,0.72,122.0,0.32,158.15,0.31,176.0,0.3,131.0,0.29,255.0,0.28,122.0,0.34,26.67,0.35,10.0,0.36,22.0,0.37,44.0,0.38,47.0,0.02,0.02,2376.268014,1776170213000
1776170214.361,114.361,0.66,80.92,0.65,117.0,0.64,57.0,0.63,92.0,0.62,22.0,0.67,21.5,0.68,123.15,0.69,176.0,0.7,105.0,0.71,230.0,0.33,16.5,0.32,123.15,0.31,176.0,0.3,105.0,0.29,230.0,0.34,86.67,0.35,117.0,0.36,57.0,0.37,67.0,0.38,22.0,0.01,0.01,2376.268014,1776170213000
1776170214.612,114.612,0.66,60.0,0.65,117.0,0.64,57.0,0.63,92.0,0.62,22.0,0.67,5.6,0.68,123.15,0.69,176.0,0.7,105.0,0.71,230.0,0.33,21.5,0.32,123.15,0.31,176.0,0.3,105.0,0.29,230.0,0.34,67.68,0.35,117.0,0.36,57.0,0.37,92.0,0.38,22.0,0.01,0.01,2376.268014,1776170213000
1776170214.867,114.867,0.67,17.66,0.66,55.0,0.65,90.0,0.64,57.0,0.63,67.0,0.68,130.46,0.69,176.0,0.7,105.0,0.71,230.0,0.72,132.0,0.32,114.96,0.31,176.0,0.3,105.0,0.29,230.0,0.28,132.0,0.33,21.0,0.34,60.0,0.35,90.0,0.36,57.0,0.37,67.0,0.01,0.01,2376.268014,1776170213000
1776170215.266,115.266,0.67,30.32,0.66,45.0,0.65,90.0,0.64,69.0,0.63,67.0,0.68,148.1,0.69,290.26,0.7,130.0,0.71,245.0,0.72,157.0,0.32,130.46,0.31,176.0,0.3,105.0,0.29,230.0,0.28,132.0,0.33,14.32,0.34,55.0,0.35,90.0,0.36,57.0,0.37,67.0,0.01,0.01,2376.268014,1776170213000
1776170215.617,115.617,0.67,43.65,0.66,45.0,0.65,97.0,0.64,62.0,0.63,67.0,0.68,148.1,0.69,206.0,0.7,130.0,0.71,245.0,0.72,157.0,0.32,148.1,0.31,206.0,0.3,130.0,0.29,245.0,0.28,157.0,0.33,31.82,0.34,45.0,0.35,90.0,0.36,69.0,0.37,67.0,0.01,0.01,2376.000705,1776170214000
1776170215.957,115.957,0.67,34.71,0.66,45.0,0.65,97.0,0.64,62.0,0.63,67.0,0.68,145.1,0.69,206.0,0.7,130.0,0.71,245.0,0.72,157.0,0.32,148.1,0.31,206.0,0.3,130.0,0.29,245.0,0.28,157.0,0.33,34.71,0.34,45.0,0.35,97.0,0.36,62.0,0.37,67.0,0.01,0.01,2376.000705,1776170214000
1776170216.276,116.276,0.67,33.03,0.66,45.0,0.65,92.0,0.64,62.0,0.63,67.0,0.68,50.5,0.69,106.0,0.7,30.0,0.71,145.0,0.72,57.0,0.32,50.5,0.31,106.0,0.3,30.0,0.29,145.0,0.28,57.0,0.33,33.03,0.34,45.0,0.35,92.0,0.36,62.0,0.37,67.0,0.01,0.01,2375.883584,1776170215000
1776170216.486,116.486,0.67,43.86,0.66,45.0,0.65,92.0,0.64,57.0,0.63,67.0,0.68,125.14,0.69,101.0,0.7,35.0,0.71,145.0,0.72,57.0,0.32,50.5,0.31,106.0,0.3,30.0,0.29,145.0,0.28,57.0,0.33,33.03,0.34,45.0,0.35,92.0,0.36,62.0,0.37,67.0,0.01,0.01,2375.883584,1776170215000
1776170216.751,116.751,0.67,43.86,0.66,45.0,0.65,92.0,0.64,57.0,0.63,67.0,0.68,35.47,0.69,101.0,0.7,35.0,0.71,145.0,0.72,74.89,0.32,125.14,0.31,101.0,0.3,35.0,0.29,145.0,0.28,57.0,0.33,43.86,0.34,45.0,0.35,92.0,0.36,57.0,0.37,67.0,0.01,0.01,2375.883584,1776170215000
1776170216.967,116.967,0.67,40.25,0.66,45.0,0.65,92.0,0.64,57.0,0.63,67.0,0.68,30.47,0.69,101.0,0.7,35.0,0.71,145.0,0.72,74.89,0.32,35.47,0.31,101.0,0.3,35.0,0.29,145.0,0.28,74.89,0.33,43.86,0.34,45.0,0.35,92.0,0.36,57.0,0.37,67.0,0.01,0.01,2375.883584,1776170215000
1776170217.287,117.287,0.67,40.25,0.66,45.0,0.65,92.0,0.64,57.0,0.63,67.0,0.68,30.47,0.69,101.0,0.7,35.0,0.71,145.0,0.72,74.89,0.32,30.47,0.31,101.0,0.3,35.0,0.29,145.0,0.28,74.89,0.33,40.25,0.34,45.0,0.35,92.0,0.36,57.0,0.37,67.0,0.01,0.01,2375.872119,1776170216000
1776170218.091,118.091,0.65,25.0,0.64,71.0,0.63,92.0,0.62,10.0,0.61,40.0,0.66,48.5,0.67,50.09,0.68,39.97,0.69,105.0,0.7,35.0,0.32,30.47,0.31,101.0,0.3,35.0,0.29,145.0,0.28,74.89,0.33,40.25,0.34,45.0,0.35,92.0,0.36,57.0,0.37,67.0,0.01,0.01,2375.872119,1776170216000
1776170218.311,118.311,0.65,25.0,0.64,71.0,0.63,92.0,0.62,10.0,0.61,40.0,0.66,48.5,0.67,50.09,0.68,39.97,0.69,105.0,0.7,35.0,0.34,48.5,0.33,50.09,0.32,39.97,0.31,105.0,0.3,35.0,0.35,25.0,0.36,71.0,0.37,92.0,0.38,10.0,0.39,40.0,0.01,0.01,2375.874522,1776170217000
1776170218.843,118.843,0.64,52.0,0.63,69.0,0.62,43.0,0.61,35.0,0.6,10.0,0.65,15.5,0.66,56.0,0.67,104.0,0.68,45.24,0.69,105.0,0.34,68.5,0.33,114.0,0.32,39.97,0.31,105.0,0.3,35.0,0.35,30.0,0.36,76.0,0.37,92.0,0.38,10.0,0.39,40.0,0.01,0.01,2375.874522,1776170217000
1776170220.355,120.355,0.64,52.0,0.63,60.0,0.62,43.0,0.61,35.0,0.6,10.0,0.65,48.26,0.66,51.0,0.67,104.0,0.68,45.24,0.69,105.0,0.35,48.26,0.34,51.0,0.33,104.0,0.32,45.24,0.31,105.0,0.36,52.0,0.37,60.0,0.38,43.0,0.39,35.0,0.4,10.0,0.01,0.01,2375.648679,1776170219000
1776170220.657,120.657,0.64,17.0,0.63,70.0,0.62,10.0,0.61,52.0,0.6,31.0,0.65,38.26,0.66,51.0,0.67,40.09,0.68,45.24,0.69,120.0,0.35,48.26,0.34,51.0,0.33,104.0,0.32,45.24,0.31,105.0,0.36,52.0,0.37,60.0,0.38,43.0,0.39,35.0,0.4,10.0,0.01,0.01,2375.648679,1776170219000
1776170221.18,121.18,0.64,17.0,0.63,70.0,0.62,10.0,0.61,52.0,0.6,31.0,0.65,38.26,0.66,51.0,0.67,40.09,0.68,45.24,0.69,120.0,0.35,38.26,0.34,51.0,0.33,40.09,0.32,45.24,0.31,120.0,0.36,17.0,0.37,70.0,0.38,10.0,0.39,52.0,0.4,31.0,0.01,0.01,2375.597025,1776170220000
1776170222.001,122.001,0.64,19.22,0.63,60.0,0.62,10.0,0.61,42.0,0.6,47.0,0.65,45.5,0.66,51.0,0.67,40.09,0.68,45.24,0.69,126.8,0.35,38.26,0.34,51.0,0.33,40.09,0.32,45.24,0.31,120.0,0.36,17.0,0.37,70.0,0.38,10.0,0.39,52.0,0.4,31.0,0.01,0.01,2375.597025,1776170220000
1776170223.098,123.098,0.64,19.22,0.63,60.0,0.62,10.0,0.61,42.0,0.6,47.0,0.65,45.5,0.66,51.0,0.67,40.09,0.68,45.24,0.69,126.8,0.35,45.5,0.34,51.0,0.33,40.09,0.32,45.24,0.31,126.8,0.36,19.22,0.37,60.0,0.38,10.0,0.39,42.0,0.4,47.0,0.01,0.01,2375.561826,1776170222000
1776170223.784,123.784,0.57,80.0,0.56,30.4,0.55,53.5,0.54,5.0,0.53,182.0,0.58,10.0,0.59,25.0,0.6,40.0,0.61,211.0,0.62,125.0,0.42,12.31,0.41,25.0,0.4,40.0,0.39,216.5,0.38,115.0,0.43,105.0,0.44,35.9,0.45,53.5,0.46,5.0,0.47,172.0,0.01,0.01,2375.561826,1776170222000
1776170224.033,124.033,0.57,80.0,0.56,30.4,0.55,53.5,0.54,5.0,0.53,182.0,0.58,10.0,0.59,25.0,0.6,40.0,0.61,211.0,0.62,125.0,0.42,10.0,0.41,25.0,0.4,40.0,0.39,211.0,0.38,125.0,0.43,80.0,0.44,30.4,0.45,53.5,0.46,5.0,0.47,182.0,0.01,0.01,2375.39,1776170223000
1776170224.851,124.851,0.57,80.0,0.56,30.4,0.55,53.5,0.54,5.0,0.53,182.0,0.58,10.0,0.59,25.0,0.6,40.0,0.61,211.0,0.62,125.0,0.42,10.0,0.41,25.0,0.4,40.0,0.39,211.0,0.38,125.0,0.43,80.0,0.44,30.4,0.45,53.5,0.46,5.0,0.47,182.0,0.01,0.01,2375.191751,1776170224000
1776170225.85,125.85,0.57,80.0,0.56,30.4,0.55,53.5,0.54,5.0,0.53,182.0,0.58,10.0,0.59,25.0,0.6,40.0,0.61,211.0,0.62,125.0,0.42,10.0,0.41,25.0,0.4,40.0,0.39,211.0,0.38,125.0,0.43,80.0,0.44,30.4,0.45,53.5,0.46,5.0,0.47,182.0,0.01,0.01,2375.10108,1776170225000
1776170226.772,126.772,0.57,80.0,0.56,30.4,0.55,53.5,0.54,5.0,0.53,182.0,0.58,10.0,0.59,25.0,0.6,40.0,0.61,211.0,0.62,125.0,0.42,10.0,0.41,25.0,0.4,40.0,0.39,211.0,0.38,125.0,0.43,80.0,0.44,30.4,0.45,53.5,0.46,5.0,0.47,182.0,0.01,0.01,2375.044625,1776170226000
1776170227.109,127.109,0.56,10.4,0.55,40.5,0.54,29.5,0.53,71.0,0.52,195.0,0.57,43.0,0.58,25.0,0.59,55.0,0.6,40.0,0.61,211.0,0.42,10.0,0.41,25.0,0.4,40.0,0.39,211.0,0.38,125.0,0.43,80.0,0.44,30.4,0.45,53.5,0.46,5.0,0.47,182.0,0.01,0.01,2375.044625,1776170226000
1776170228.08,128.08,0.56,10.4,0.55,40.5,0.54,29.5,0.53,71.0,0.52,195.0,0.57,43.0,0.58,25.0,0.59,55.0,0.6,40.0,0.61,211.0,0.43,43.0,0.42,25.0,0.41,55.0,0.4,40.0,0.39,211.0,0.44,10.4,0.45,40.5,0.46,29.5,0.47,71.0,0.48,195.0,0.01,0.01,2375.024885,1776170227000
1776170228.968,128.968,0.56,25.4,0.55,60.5,0.54,29.5,0.53,71.0,0.52,185.0,0.58,28.08,0.59,55.0,0.6,40.0,0.61,211.0,0.62,116.0,0.43,15.45,0.42,30.0,0.41,55.0,0.4,40.0,0.39,211.0,0.44,15.4,0.45,40.5,0.46,29.5,0.47,71.0,0.48,185.0,0.02,0.01,2375.024885,1776170227000
1776170230.021,130.021,0.56,25.4,0.55,60.5,0.54,29.5,0.53,71.0,0.52,185.0,0.58,28.08,0.59,55.0,0.6,40.0,0.61,211.0,0.62,116.0,0.42,28.08,0.41,55.0,0.4,40.0,0.39,211.0,0.38,116.0,0.44,25.4,0.45,60.5,0.46,29.5,0.47,71.0,0.48,185.0,0.02,0.02,2375.02219,1776170229000
1776170230.593,130.593,0.55,40.0,0.54,29.5,0.53,75.5,0.52,214.0,0.51,200.0,0.58,10.14,0.59,50.0,0.6,40.0,0.61,171.0,0.62,131.3,0.43,15.0,0.42,18.08,0.41,60.5,0.4,40.0,0.39,186.0,0.44,5.0,0.45,35.0,0.46,24.5,0.47,85.5,0.48,194.0,0.03,0.01,2375.02219,1776170229000
1776170230.943,130.943,0.56,15.0,0.55,45.5,0.54,34.5,0.53,110.5,0.52,220.0,0.57,15.0,0.58,15.14,0.59,50.0,0.6,40.0,0.61,186.1,0.42,10.14,0.41,50.0,0.4,40.0,0.39,171.0,0.38,131.3,0.45,40.0,0.46,29.5,0.47,75.5,0.48,214.0,0.49,200.0,0.01,0.03,2375.02219,1776170229000
1776170231.549,131.549,0.56,20.0,0.55,45.5,0.54,34.5,0.53,109.5,0.52,210.0,0.58,12.64,0.59,50.0,0.6,40.0,0.61,181.5,0.62,131.3,0.42,15.14,0.41,50.0,0.4,40.0,0.39,186.1,0.38,131.3,0.44,20.0,0.45,45.5,0.46,34.5,0.47,110.5,0.48,210.0,0.02,0.02,2374.993793,1776170230000
1776170232.52,132.52,0.55,10.0,0.54,29.5,0.53,85.5,0.52,175.0,0.51,185.0,0.56,9.91,0.57,15.0,0.58,22.64,0.59,60.5,0.6,40.0,0.42,12.64,0.41,50.0,0.4,40.0,0.39,181.5,0.38,131.3,0.44,20.0,0.45,45.5,0.46,34.5,0.47,109.5,0.48,210.0,0.01,0.02,2374.993793,1776170230000
1776170232.728,132.728,0.55,10.0,0.54,29.5,0.53,85.5,0.52,185.0,0.51,175.0,0.56,7.87,0.57,25.0,0.58,20.0,0.59,60.5,0.6,40.0,0.44,9.91,0.43,15.0,0.42,22.64,0.41,60.5,0.4,40.0,0.45,10.0,0.46,29.5,0.47,85.5,0.48,175.0,0.49,185.0,0.01,0.01,2374.97159,1776170231000
1776170233.221,133.221,0.55,2.77,0.54,29.5,0.53,85.5,0.52,185.0,0.51,175.0,0.56,7.78,0.57,20.0,0.58,20.0,0.59,50.0,0.6,40.0,0.44,7.78,0.43,20.0,0.42,20.0,0.41,50.0,0.4,40.0,0.45,2.77,0.46,29.5,0.47,85.5,0.48,185.0,0.49,175.0,0.01,0.01,2374.99682,1776170232000
1776170233.57,133.57,0.55,10.0,0.54,29.5,0.53,95.5,0.52,175.0,0.51,185.0,0.57,10.18,0.58,25.0,0.59,50.0,0.6,40.0,0.61,171.0,0.44,7.78,0.43,20.0,0.42,20.0,0.41,50.0,0.4,40.0,0.45,2.77,0.46,29.5,0.47,85.5,0.48,185.0,0.49,175.0,0.02,0.01,2374.99682,1776170232000
1776170234.385,134.385,0.55,10.0,0.54,29.5,0.53,95.5,0.52,175.0,0.51,185.0,0.57,10.18,0.58,25.0,0.59,50.0,0.6,40.0,0.61,171.0,0.43,10.18,0.42,25.0,0.41,50.0,0.4,40.0,0.39,171.0,0.45,10.0,0.46,29.5,0.47,95.5,0.48,175.0,0.49,185.0,0.02,0.02,2375.00745,1776170233000
1776170234.935,134.935,0.55,10.0,0.54,29.5,0.53,95.5,0.52,175.0,0.51,185.0,0.57,10.18,0.58,25.0,0.59,50.0,0.6,40.0,0.61,171.0,0.43,10.18,0.42,25.0,0.41,50.0,0.4,40.0,0.39,171.0,0.45,10.0,0.46,29.5,0.47,95.5,0.48,175.0,0.49,185.0,0.02,0.02,2374.99038,1776170234000
1776170235.42,135.42,0.55,41.5,0.54,39.5,0.53,95.5,0.52,185.0,0.51,198.0,0.56,10.0,0.57,5.18,0.58,20.0,0.59,50.0,0.6,40.0,0.43,10.18,0.42,25.0,0.41,50.0,0.4,40.0,0.39,171.0,0.45,10.0,0.46,29.5,0.47,95.5,0.48,175.0,0.49,185.0,0.01,0.02,2374.99038,1776170234000
1776170235.788,135.788,0.56,15.0,0.55,40.5,0.54,39.5,0.53,105.5,0.52,185.0,0.59,6.86,0.6,50.5,0.61,171.0,0.62,136.0,0.63,66.4,0.42,17.5,0.41,50.0,0.4,40.0,0.39,171.0,0.38,126.0,0.45,36.5,0.46,49.5,0.47,95.5,0.48,185.0,0.49,223.0,0.03,0.03,2374.99038,1776170234000
1776170236.084,136.084,0.56,15.0,0.55,40.5,0.54,39.5,0.53,105.5,0.52,185.0,0.59,6.86,0.6,50.5,0.61,171.0,0.62,136.0,0.63,66.4,0.41,6.86,0.4,50.5,0.39,171.0,0.38,136.0,0.37,66.4,0.44,15.0,0.45,40.5,0.46,39.5,0.47,105.5,0.48,185.0,0.03,0.03,2374.9839,1776170235000
1776170236.717,136.717,0.55,10.0,0.54,14.0,0.53,85.5,0.52,175.0,0.51,187.0,0.56,20.0,0.57,15.0,0.58,30.0,0.59,30.5,0.6,15.0,0.41,6.86,0.4,50.5,0.39,171.0,0.38,136.0,0.37,66.4,0.44,15.0,0.45,40.5,0.46,39.5,0.47,105.5,0.48,185.0,0.01,0.03,2374.9839,1776170235000
1776170237.293,137.293,0.55,10.0,0.54,14.0,0.53,85.5,0.52,175.0,0.51,187.0,0.56,20.0,0.57,15.0,0.58,30.0,0.59,30.5,0.6,15.0,0.44,20.0,0.43,15.0,0.42,30.0,0.41,30.5,0.4,15.0,0.45,10.0,0.46,14.0,0.47,85.5,0.48,175.0,0.49,187.0,0.01,0.01,2374.984405,1776170236000
1776170237.548,137.548,0.54,29.58,0.53,90.5,0.52,175.0,0.51,193.0,0.5,185.0,0.55,20.0,0.56,10.0,0.57,15.0,0.58,20.0,0.59,30.5,0.44,20.0,0.43,15.0,0.42,30.0,0.41,30.5,0.4,15.0,0.45,10.0,0.46,14.0,0.47,85.5,0.48,175.0,0.49,187.0,0.01,0.01,2374.984405,1776170236000
1776170238.006,138.006,0.54,29.58,0.53,90.5,0.52,175.0,0.51,202.0,0.5,175.0,0.55,6.85,0.56,10.0,0.57,15.0,0.58,20.0,0.59,30.5,0.45,20.0,0.44,10.0,0.43,15.0,0.42,20.0,0.41,30.5,0.46,29.58,0.47,90.5,0.48,175.0,0.49,193.0,0.5,185.0,0.01,0.01,2374.984405,1776170236000
1776170238.265,138.265,0.54,29.58,0.53,90.5,0.52,175.0,0.51,202.0,0.5,175.0,0.55,6.85,0.56,10.0,0.57,15.0,0.58,20.0,0.59,30.5,0.45,6.85,0.44,10.0,0.43,15.0,0.42,20.0,0.41,30.5,0.46,29.58,0.47,90.5,0.48,175.0,0.49,202.0,0.5,175.0,0.01,0.01,2374.999405,1776170237000
1776170238.725,138.725,0.53,60.0,0.51,24.5,0.5,130.5,0.49,161.04,0.48,159.41,0.56,17.4,0.57,15.0,0.58,21.0,0.59,31.0,0.6,90.0,0.45,6.85,0.44,10.0,0.43,15.0,0.42,20.0,0.41,30.5,0.46,29.58,0.47,90.5,0.48,175.0,0.49,202.0,0.5,175.0,0.03,0.01,2374.999405,1776170237000
1776170239.264,139.264,0.51,28.09,0.5,40.5,0.49,161.04,0.48,170.41,0.47,235.0,0.52,30.0,0.53,30.0,0.54,15.0,0.55,10.0,0.56,6.9,0.48,20.0,0.47,20.0,0.44,17.4,0.43,15.0,0.42,21.0,0.49,8.54,0.5,130.5,0.51,161.04,0.52,159.41,0.53,225.0,0.01,0.01,2374.999405,1776170237000
1776170239.907,139.907,0.51,28.09,0.5,40.5,0.49,161.04,0.48,170.41,0.47,235.0,0.52,30.0,0.53,30.0,0.54,15.0,0.55,10.0,0.56,6.9,0.48,30.0,0.47,30.0,0.46,15.0,0.45,10.0,0.44,6.9,0.49,28.09,0.5,40.5,0.51,161.04,0.52,170.41,0.53,235.0,0.01,0.01,2374.92148,1776170239000
1776170240.328,140.328,0.51,8.35,0.5,135.5,0.49,161.04,0.48,170.41,0.47,235.0,0.52,29.95,0.53,25.0,0.54,15.0,0.55,10.0,0.56,6.9,0.48,30.0,0.47,30.0,0.46,15.0,0.45,10.0,0.44,6.9,0.49,28.09,0.5,40.5,0.51,161.04,0.52,170.41,0.53,235.0,0.01,0.01,2374.92148,1776170239000
1776170240.757,140.757,0.51,25.85,0.5,135.5,0.49,171.04,0.48,170.41,0.47,235.0,0.57,12.86,0.58,40.8,0.59,50.9,0.6,105.0,0.61,175.1,0.48,24.75,0.47,25.0,0.46,15.0,0.45,10.0,0.44,6.9,0.49,18.85,0.5,135.5,0.51,171.04,0.52,170.41,0.53,235.0,0.06,0.01,2374.92148,1776170239000
1776170241.067,141.067,0.51,25.85,0.5,135.5,0.49,171.04,0.48,170.41,0.47,235.0,0.57,12.86,0.58,40.8,0.59,50.9,0.6,105.0,0.61,175.1,0.43,12.86,0.42,40.8,0.41,50.9,0.4,105.0,0.39,175.1,0.49,25.85,0.5,135.5,0.51,171.04,0.52,170.41,0.53,235.0,0.06,0.06,2374.879182,1776170240000
1776170241.742,141.742,0.53,32.0,0.52,37.5,0.51,30.85,0.5,40.5,0.49,81.04,0.54,20.0,0.55,15.0,0.56,20.5,0.57,22.86,0.58,40.8,0.47,5.0,0.46,15.0,0.45,15.0,0.44,25.5,0.43,22.86,0.48,5.0,0.49,40.85,0.5,140.5,0.51,171.04,0.52,170.41,0.01,0.01,2374.879182,1776170240000
1776170242.062,142.062,0.53,32.0,0.52,37.5,0.51,30.85,0.5,40.5,0.49,81.04,0.54,20.0,0.55,15.0,0.56,20.5,0.57,22.86,0.58,40.8,0.46,20.0,0.45,15.0,0.44,20.5,0.43,22.86,0.42,40.8,0.47,32.0,0.48,37.5,0.49,30.85,0.5,40.5,0.51,81.04,0.01,0.01,2374.762945,1776170241000
1776170243.222,143.222,0.53,32.0,0.52,37.5,0.51,30.85,0.5,40.5,0.49,81.04,0.54,20.0,0.55,15.0,0.56,20.5,0.57,22.86,0.58,40.8,0.46,20.0,0.45,15.0,0.44,20.5,0.43,22.86,0.42,40.8,0.47,32.0,0.48,37.5,0.49,30.85,0.5,40.5,0.51,81.04,0.01,0.01,2374.757945,1776170242000
1776170243.438,143.438,0.51,27.5,0.5,45.5,0.49,71.04,0.48,70.41,0.47,110.0,0.52,12.76,0.53,10.0,0.54,20.0,0.55,20.0,0.56,20.5,0.46,20.0,0.45,15.0,0.44,20.5,0.43,22.86,0.42,40.8,0.47,32.0,0.48,37.5,0.49,30.85,0.5,40.5,0.51,81.04,0.01,0.01,2374.757945,1776170242000
1776170244.383,144.383,0.51,28.41,0.5,45.5,0.49,71.04,0.48,70.41,0.47,110.0,0.52,2.76,0.53,10.0,0.54,25.0,0.55,15.0,0.56,20.5,0.48,2.76,0.47,10.0,0.46,25.0,0.45,15.0,0.44,20.5,0.49,28.41,0.5,45.5,0.51,71.04,0.52,70.41,0.53,110.0,0.01,0.01,2374.75771,1776170243000
1776170245.054,145.054,0.51,28.41,0.5,45.5,0.49,71.04,0.48,70.41,0.47,110.0,0.52,2.76,0.53,10.0,0.54,25.0,0.55,15.0,0.56,20.5,0.48,2.76,0.47,10.0,0.46,25.0,0.45,15.0,0.44,20.5,0.49,28.41,0.5,45.5,0.51,71.04,0.52,70.41,0.53,110.0,0.01,0.01,2374.74531,1776170244000
1776170245.974,145.974,0.53,12.0,0.52,12.0,0.51,16.5,0.5,40.5,0.49,81.04,0.54,54.02,0.55,100.5,0.56,95.5,0.57,27.86,0.58,21.0,0.46,36.14,0.45,15.0,0.44,15.0,0.43,48.36,0.42,21.0,0.47,27.0,0.48,37.5,0.49,28.41,0.5,40.5,0.51,91.04,0.01,0.01,2374.74531,1776170244000
1776170246.199,146.199,0.51,21.5,0.5,45.5,0.49,81.04,0.48,70.41,0.47,110.0,0.52,15.0,0.53,20.0,0.54,31.02,0.55,100.5,0.56,95.5,0.48,15.0,0.47,20.0,0.46,31.02,0.45,100.5,0.44,95.5,0.49,21.5,0.5,45.5,0.51,81.04,0.52,70.41,0.53,110.0,0.01,0.01,2374.755459,1776170245000
1776170246.759,146.759,0.51,16.5,0.5,45.5,0.49,81.04,0.48,81.41,0.47,110.0,0.52,15.0,0.53,20.0,0.54,30.0,0.55,95.5,0.56,95.5,0.48,15.0,0.47,20.0,0.46,31.02,0.45,100.5,0.44,95.5,0.49,21.5,0.5,45.5,0.51,81.04,0.52,70.41,0.53,110.0,0.01,0.01,2374.755459,1776170245000
1776170247.306,147.306,0.51,16.5,0.5,45.5,0.49,81.04,0.48,81.41,0.47,110.0,0.52,15.0,0.53,20.0,0.54,30.0,0.55,95.5,0.56,95.5,0.48,15.0,0.47,20.0,0.46,30.0,0.45,95.5,0.44,95.5,0.49,16.5,0.5,45.5,0.51,81.04,0.52,81.41,0.53,110.0,0.01,0.01,2374.733588,1776170246000
1776170248.308,148.308,0.51,16.5,0.5,45.5,0.49,81.04,0.48,81.41,0.47,110.0,0.52,15.0,0.53,20.0,0.54,30.0,0.55,95.5,0.56,95.5,0.48,15.0,0.47,20.0,0.46,30.0,0.45,95.5,0.44,95.5,0.49,16.5,0.5,45.5,0.51,81.04,0.52,81.41,0.53,110.0,0.01,0.01,2374.709325,1776170247000
1776170249.322,149.322,0.51,16.5,0.5,45.5,0.49,81.04,0.48,81.41,0.47,110.0,0.52,15.0,0.53,20.0,0.54,30.0,0.55,95.5,0.56,95.5,0.48,15.0,0.47,20.0,0.46,30.0,0.45,95.5,0.44,95.5,0.49,16.5,0.5,45.5,0.51,81.04,0.52,81.41,0.53,110.0,0.01,0.01,2374.711011,1776170248000
1776170250.299,150.299,0.51,16.5,0.5,45.5,0.49,81.04,0.48,81.41,0.47,110.0,0.52,15.0,0.53,20.0,0.54,30.0,0.55,95.5,0.56,95.5,0.48,15.0,0.47,20.0,0.46,30.0,0.45,95.5,0.44,95.5,0.49,16.5,0.5,45.5,0.51,81.04,0.52,81.41,0.53,110.0,0.01,0.01,2374.68425,1776170249000
1776170250.77,150.77,0.55,5.0,0.53,59.5,0.52,38.5,0.51,119.5,0.5,106.5,0.56,5.0,0.57,20.0,0.58,11.0,0.59,20.0,0.6,25.0,0.48,15.0,0.47,20.0,0.46,30.0,0.45,95.5,0.44,95.5,0.49,16.5,0.5,45.5,0.51,81.04,0.52,81.41,0.53,110.0,0.01,0.01,2374.68425,1776170249000
1776170251.017,151.017,0.55,49.0,0.54,25.5,0.53,44.5,0.52,43.5,0.51,111.5,0.57,16.47,0.58,21.5,0.59,25.5,0.6,5.0,0.61,90.0,0.44,5.0,0.43,20.0,0.42,11.0,0.41,20.0,0.4,25.0,0.45,5.0,0.47,59.5,0.48,38.5,0.49,119.5,0.5,106.5,0.02,0.01,2374.68425,1776170249000
1776170251.294,151.294,0.55,49.0,0.54,25.5,0.53,44.5,0.52,43.5,0.51,111.5,0.57,16.47,0.58,21.5,0.59,25.5,0.6,5.0,0.61,90.0,0.43,16.47,0.42,21.5,0.41,25.5,0.4,5.0,0.39,90.0,0.45,49.0,0.46,25.5,0.47,44.5,0.48,43.5,0.49,111.5,0.02,0.02,2374.735444,1776170250000
1776170251.928,151.928,0.55,20.0,0.54,15.0,0.53,25.5,0.52,25.5,0.51,111.5,0.56,11.47,0.57,31.97,0.58,41.5,0.59,25.0,0.6,15.0,0.43,16.47,0.42,21.5,0.41,25.5,0.4,5.0,0.39,90.0,0.45,49.0,0.46,25.5,0.47,44.5,0.48,43.5,0.49,111.5,0.01,0.02,2374.735444,1776170250000
1776170252.246,152.246,0.55,25.0,0.54,15.0,0.53,25.5,0.52,25.5,0.51,111.5,0.56,4.29,0.57,31.97,0.58,51.5,0.59,25.0,0.6,15.0,0.44,11.47,0.43,31.97,0.42,41.5,0.41,25.0,0.4,15.0,0.45,20.0,0.46,15.0,0.47,25.5,0.48,25.5,0.49,111.5,0.01,0.01,2374.735444,1776170250000
1776170253.308,153.308,0.55,25.0,0.54,15.0,0.53,25.5,0.52,25.5,0.51,111.5,0.56,4.29,0.57,31.97,0.58,51.5,0.59,25.0,0.6,15.0,0.44,4.29,0.43,31.97,0.42,51.5,0.41,25.0,0.4,15.0,0.45,25.0,0.46,15.0,0.47,25.5,0.48,25.5,0.49,111.5,0.01,0.01,2374.821795,1776170252000
1776170254.293,154.293,0.55,25.0,0.54,15.0,0.53,25.5,0.52,25.5,0.51,111.5,0.56,4.29,0.57,31.97,0.58,51.5,0.59,25.0,0.6,15.0,0.44,4.29,0.43,31.97,0.42,51.5,0.41,25.0,0.4,15.0,0.45,25.0,0.46,15.0,0.47,25.5,0.48,25.5,0.49,111.5,0.01,0.01,2374.807355,1776170253000
1776170255.447,155.447,0.55,25.0,0.54,15.0,0.53,25.5,0.52,25.5,0.51,111.5,0.56,4.29,0.57,31.97,0.58,51.5,0.59,25.0,0.6,15.0,0.44,4.29,0.43,31.97,0.42,51.5,0.41,25.0,0.4,15.0,0.45,25.0,0.46,15.0,0.47,25.5,0.48,25.5,0.49,111.5,0.01,0.01,2374.81126,1776170254000
1776170255.944,155.944,0.55,25.0,0.54,15.0,0.53,25.5,0.52,25.5,0.51,111.5,0.56,4.29,0.57,31.97,0.58,51.5,0.59,25.0,0.6,15.0,0.44,4.29,0.43,31.97,0.42,51.5,0.41,25.0,0.4,15.0,0.45,25.0,0.46,15.0,0.47,25.5,0.48,25.5,0.49,111.5,0.01,0.01,2374.839031,1776170255000
1776170257.042,157.042,0.55,25.0,0.54,15.0,0.53,25.5,0.52,25.5,0.51,111.5,0.56,4.29,0.57,31.97,0.58,51.5,0.59,25.0,0.6,15.0,0.44,4.29,0.43,31.97,0.42,51.5,0.41,25.0,0.4,15.0,0.45,25.0,0.46,15.0,0.47,25.5,0.48,25.5,0.49,111.5,0.01,0.01,2374.752423,1776170256000
1776170257.924,157.924,0.55,25.0,0.54,15.0,0.53,25.5,0.52,25.5,0.51,111.5,0.56,4.29,0.57,31.97,0.58,51.5,0.59,25.0,0.6,15.0,0.44,4.29,0.43,31.97,0.42,51.5,0.41,25.0,0.4,15.0,0.45,25.0,0.46,15.0,0.47,25.5,0.48,25.5,0.49,111.5,0.01,0.01,2374.691925,1776170257000
1776170258.962,158.962,0.55,25.0,0.54,15.0,0.53,25.5,0.52,25.5,0.51,111.5,0.56,4.29,0.57,31.97,0.58,51.5,0.59,25.0,0.6,15.0,0.44,4.29,0.43,31.97,0.42,51.5,0.41,25.0,0.4,15.0,0.45,25.0,0.46,15.0,0.47,25.5,0.48,25.5,0.49,111.5,0.01,0.01,2374.69207,1776170258000
1776170259.493,159.493,0.53,25.5,0.52,40.5,0.51,31.5,0.5,25.5,0.49,81.04,0.54,43.74,0.55,30.0,0.56,15.0,0.57,31.97,0.58,186.5,0.44,4.29,0.43,31.97,0.42,51.5,0.41,25.0,0.4,15.0,0.45,25.0,0.46,15.0,0.47,25.5,0.48,25.5,0.49,111.5,0.01,0.01,2374.69207,1776170258000
1776170260.508,160.508,0.53,25.5,0.52,40.5,0.51,31.5,0.5,25.5,0.49,81.04,0.54,43.74,0.55,30.0,0.56,15.0,0.57,31.97,0.58,186.5,0.46,43.74,0.45,30.0,0.44,15.0,0.43,31.97,0.42,186.5,0.47,25.5,0.48,40.5,0.49,31.5,0.5,25.5,0.51,81.04,0.01,0.01,2374.76575,1776170259000
1776170261.025,161.025,0.53,25.5,0.52,40.5,0.51,31.5,0.5,25.5,0.49,81.04,0.54,43.74,0.55,30.0,0.56,15.0,0.57,31.97,0.58,186.5,0.46,43.74,0.45,30.0,0.44,15.0,0.43,31.97,0.42,186.5,0.47,25.5,0.48,40.5,0.49,31.5,0.5,25.5,0.51,81.04,0.01,0.01,2374.76845,1776170260000
1776170262.104,162.104,0.54,10.65,0.53,30.5,0.52,40.5,0.51,31.5,0.5,25.5,0.55,43.0,0.56,15.0,0.57,31.97,0.58,180.5,0.59,101.0,0.46,43.74,0.45,30.0,0.44,15.0,0.43,31.97,0.42,186.5,0.47,25.5,0.48,40.5,0.49,31.5,0.5,25.5,0.51,81.04,0.01,0.01,2374.76845,1776170260000
1776170263.083,163.083,0.54,10.65,0.53,30.5,0.52,40.5,0.51,31.5,0.5,25.5,0.55,43.0,0.56,15.0,0.57,31.97,0.58,180.5,0.59,101.0,0.45,43.0,0.44,15.0,0.43,31.97,0.42,180.5,0.41,101.0,0.46,10.65,0.47,30.5,0.48,40.5,0.49,31.5,0.5,25.5,0.01,0.01,2374.764812,1776170262000
1776170264.206,164.206,0.54,20.65,0.53,35.5,0.52,25.5,0.51,31.5,0.5,25.5,0.55,42.89,0.56,5.0,0.57,21.47,0.58,180.5,0.59,111.0,0.45,42.89,0.44,5.0,0.43,21.47,0.42,180.5,0.41,111.0,0.46,20.65,0.47,35.5,0.48,25.5,0.49,31.5,0.5,25.5,0.01,0.01,2374.770657,1776170263000
1776170265.038,165.038,0.54,20.65,0.53,35.5,0.52,25.5,0.51,31.5,0.5,25.5,0.55,42.89,0.56,5.0,0.57,21.47,0.58,180.5,0.59,111.0,0.45,42.89,0.44,5.0,0.43,21.47,0.42,180.5,0.41,111.0,0.46,20.65,0.47,35.5,0.48,25.5,0.49,31.5,0.5,25.5,0.01,0.01,2374.751295,1776170264000
1776170266.084,166.084,0.54,20.65,0.53,35.5,0.52,25.5,0.51,31.5,0.5,25.5,0.55,42.89,0.56,5.0,0.57,21.47,0.58,180.5,0.59,111.0,0.45,42.89,0.44,5.0,0.43,21.47,0.42,180.5,0.41,111.0,0.46,20.65,0.47,35.5,0.48,25.5,0.49,31.5,0.5,25.5,0.01,0.01,2374.73561,1776170265000
1776170267.007,167.007,0.54,20.65,0.53,35.5,0.52,25.5,0.51,31.5,0.5,25.5,0.55,42.89,0.56,5.0,0.57,21.47,0.58,180.5,0.59,111.0,0.45,42.89,0.44,5.0,0.43,21.47,0.42,180.5,0.41,111.0,0.46,20.65,0.47,35.5,0.48,25.5,0.49,31.5,0.5,25.5,0.01,0.01,2374.707326,1776170266000
1776170267.83,167.83,0.51,8.45,0.5,26.5,0.49,71.04,0.48,60.41,0.47,55.0,0.52,88.0,0.53,35.0,0.54,15.0,0.55,30.5,0.56,75.5,0.48,88.0,0.47,35.0,0.46,15.0,0.45,20.0,0.44,75.5,0.49,10.5,0.5,21.5,0.51,71.04,0.52,60.41,0.53,55.0,0.01,0.01,2374.707326,1776170266000
1776170268.286,168.286,0.51,8.35,0.49,66.04,0.48,55.41,0.47,25.0,0.46,70.0,0.52,265.6,0.53,25.0,0.54,10.0,0.55,25.5,0.56,70.5,0.48,88.0,0.47,35.0,0.46,15.0,0.45,30.5,0.44,75.5,0.49,8.45,0.5,26.5,0.51,71.04,0.52,60.41,0.53,55.0,0.01,0.01,2374.69426,1776170267000
1776170268.811,168.811,0.43,8.27,0.42,70.5,0.41,50.0,0.4,10.0,0.39,25.0,0.44,116.0,0.45,98.0,0.46,212.5,0.47,100.5,0.48,25.0,0.5,10.0,0.48,255.6,0.47,55.0,0.46,10.0,0.45,15.0,0.54,70.0,0.55,185.0,0.57,75.0,0.58,60.0,0.59,60.0,0.01,0.04,2374.69426,1776170267000
1776170269.146,169.146,0.41,25.0,0.4,10.0,0.39,25.0,0.37,7.0,0.35,190.0,0.43,162.0,0.44,50.0,0.45,103.0,0.46,242.5,0.47,100.5,0.57,61.0,0.56,55.0,0.55,103.0,0.54,247.5,0.53,100.5,0.58,4.5,0.59,50.0,0.6,10.0,0.61,25.0,0.63,7.0,0.02,0.01,2374.639665,1776170268000
1776170269.538,169.538,0.37,7.0,0.35,195.0,0.34,5.0,0.33,34.0,0.32,56.5,0.4,76.0,0.41,15.0,0.42,25.0,0.43,45.0,0.44,60.0,0.6,18.0,0.59,15.0,0.58,30.0,0.57,50.0,0.56,50.0,0.61,30.0,0.63,7.0,0.64,5.0,0.65,195.0,0.66,5.0,0.03,0.01,2374.639665,1776170268000
1776170269.873,169.873,0.37,22.5,0.35,195.0,0.34,5.0,0.33,34.0,0.32,56.5,0.38,40.07,0.39,15.0,0.4,30.0,0.41,20.0,0.42,25.0,0.62,2.07,0.61,10.0,0.6,71.0,0.59,15.0,0.58,25.0,0.63,12.0,0.65,195.0,0.66,5.0,0.67,34.0,0.68,56.5,0.01,0.01,2374.639665,1776170268000
1776170270.205,170.205,0.37,22.5,0.35,195.0,0.34,5.0,0.33,10.0,0.32,56.5,0.38,35.07,0.39,15.0,0.4,65.0,0.41,20.0,0.42,25.0,0.62,40.07,0.61,15.0,0.6,30.0,0.59,20.0,0.58,25.0,0.63,22.5,0.65,195.0,0.66,5.0,0.67,34.0,0.68,56.5,0.01,0.01,2374.515092,1776170269000
1776170270.514,170.514,0.37,22.5,0.36,5.0,0.35,195.0,0.34,5.0,0.33,11.0,0.38,30.07,0.39,30.0,0.4,35.0,0.41,20.0,0.42,50.0,0.62,35.07,0.61,15.0,0.6,65.0,0.59,20.0,0.58,25.0,0.63,22.5,0.65,195.0,0.66,5.0,0.67,10.0,0.68,56.5,0.01,0.01,2374.515092,1776170269000
1776170270.826,170.826,0.37,27.5,0.36,5.0,0.35,195.0,0.34,5.0,0.33,5.0,0.38,42.45,0.39,20.0,0.4,35.0,0.41,20.0,0.42,50.0,0.62,30.07,0.61,30.0,0.6,35.0,0.59,20.0,0.58,50.0,0.63,22.5,0.64,5.0,0.65,195.0,0.66,5.0,0.67,11.0,0.01,0.01,2374.515092,1776170269000
1776170271.881,171.881,0.37,27.5,0.36,5.0,0.35,195.0,0.34,5.0,0.33,5.0,0.38,42.45,0.39,20.0,0.4,35.0,0.41,20.0,0.42,50.0,0.62,42.45,0.61,20.0,0.6,35.0,0.59,20.0,0.58,50.0,0.63,27.5,0.64,5.0,0.65,195.0,0.66,5.0,0.67,5.0,0.01,0.01,2373.863422,1776170271000
1776170272.615,172.615,0.37,8.05,0.36,13.0,0.35,195.0,0.34,5.0,0.33,5.0,0.38,22.45,0.39,15.0,0.4,35.0,0.41,20.0,0.42,60.0,0.62,17.45,0.61,20.0,0.6,35.0,0.59,20.0,0.58,50.0,0.63,20.5,0.64,13.0,0.65,195.0,0.66,5.0,0.67,5.0,0.01,0.01,2373.863422,1776170271000
1776170273.131,173.131,0.31,60.67,0.3,70.0,0.29,80.0,0.28,48.0,0.27,50.0,0.36,149.38,0.37,20.0,0.38,52.17,0.39,20.0,0.4,25.0,0.62,22.45,0.61,15.0,0.6,35.0,0.59,20.0,0.58,60.0,0.63,8.05,0.64,13.0,0.65,195.0,0.66,5.0,0.67,5.0,0.05,0.01,2373.863422,1776170271000
1776170273.386,173.386,0.31,69.62,0.3,70.0,0.29,80.0,0.28,48.0,0.27,50.0,0.32,15.0,0.33,10.0,0.34,21.0,0.35,25.0,0.36,75.0,0.68,15.0,0.67,10.0,0.66,21.0,0.65,25.0,0.64,75.0,0.69,69.62,0.7,70.0,0.71,80.0,0.72,48.0,0.73,50.0,0.01,0.01,2373.852131,1776170272000
1776170273.684,173.684,0.31,19.62,0.3,70.0,0.29,55.0,0.28,10.0,0.27,54.0,0.32,146.38,0.33,37.0,0.34,26.0,0.35,30.0,0.36,80.0,0.68,15.0,0.67,10.0,0.66,21.0,0.65,25.0,0.64,75.0,0.69,69.62,0.7,70.0,0.71,80.0,0.72,48.0,0.73,50.0,0.01,0.01,2373.852131,1776170272000
1776170273.989,173.989,0.3,45.6,0.29,55.0,0.28,10.0,0.27,59.0,0.26,90.0,0.31,65.38,0.32,63.0,0.33,32.0,0.34,26.0,0.35,30.0,0.68,146.38,0.67,37.0,0.66,26.0,0.65,30.0,0.64,80.0,0.7,70.0,0.71,55.0,0.72,10.0,0.73,54.0,0.74,90.0,0.01,0.02,2373.852131,1776170272000
1776170274.296,174.296,0.3,45.6,0.29,55.0,0.28,10.0,0.27,59.0,0.26,90.0,0.31,65.38,0.32,63.0,0.33,32.0,0.34,26.0,0.35,30.0,0.69,65.38,0.68,63.0,0.67,32.0,0.66,26.0,0.65,30.0,0.7,45.6,0.71,55.0,0.72,10.0,0.73,59.0,0.74,90.0,0.01,0.01,2373.852143,1776170273000
1776170274.541,174.541,0.26,37.84,0.25,69.0,0.24,111.0,0.23,60.0,0.22,115.0,0.27,10.0,0.28,20.0,0.29,20.0,0.3,15.0,0.31,29.0,0.73,5.0,0.72,10.0,0.71,16.0,0.7,123.38,0.69,114.0,0.74,50.0,0.75,45.0,0.76,70.0,0.77,55.0,0.78,120.0,0.01,0.01,2373.852143,1776170273000
1776170274.907,174.907,0.26,21.5,0.25,60.0,0.24,111.0,0.23,60.0,0.22,125.0,0.28,8.07,0.29,10.0,0.3,25.0,0.31,39.0,0.32,20.0,0.73,5.0,0.72,15.0,0.71,20.0,0.7,15.0,0.69,29.0,0.74,25.51,0.75,69.0,0.76,111.0,0.77,60.0,0.78,115.0,0.02,0.01,2373.852143,1776170273000
1776170275.218,175.218,0.27,47.62,0.26,26.5,0.25,72.0,0.24,111.0,0.23,60.0,0.28,15.0,0.29,10.0,0.3,25.0,0.31,39.0,0.32,20.0,0.71,10.0,0.7,25.0,0.69,39.0,0.68,20.0,0.67,56.0,0.74,26.5,0.75,60.0,0.76,111.0,0.77,60.0,0.78,125.0,0.01,0.03,2373.852143,1776170273000
1776170275.443,175.443,0.29,114.5,0.28,40.5,0.27,109.12,0.26,70.5,0.25,60.0,0.3,6.0,0.31,34.0,0.32,10.0,0.33,21.0,0.34,21.0,0.7,6.0,0.69,34.0,0.68,10.0,0.67,21.0,0.66,21.0,0.71,114.5,0.72,40.5,0.73,109.12,0.74,70.5,0.75,60.0,0.01,0.01,2373.663515,1776170274000
1776170275.72,175.72,0.3,163.5,0.29,73.5,0.28,42.5,0.27,73.12,0.26,85.5,0.33,10.0,0.34,20.0,0.35,10.0,0.36,15.0,0.37,10.0,0.69,2.91,0.68,10.0,0.67,10.0,0.66,20.0,0.65,10.0,0.7,148.5,0.71,73.5,0.72,42.5,0.73,73.12,0.74,85.5,0.03,0.01,2373.663515,1776170274000
1776170276.081,176.081,0.32,29.5,0.31,110.5,0.3,73.5,0.29,32.5,0.28,47.5,0.34,9.0,0.35,10.0,0.36,15.0,0.37,20.0,0.38,52.07,0.66,9.0,0.65,10.0,0.64,15.0,0.63,20.0,0.62,52.07,0.68,29.5,0.69,110.5,0.7,73.5,0.71,32.5,0.72,47.5,0.02,0.02,2373.539845,1776170275000
1776170276.324,176.324,0.33,120.56,0.32,25.5,0.31,115.5,0.3,68.5,0.29,37.5,0.34,2.08,0.35,10.0,0.36,15.0,0.37,25.0,0.38,57.07,0.66,9.0,0.65,10.0,0.64,15.0,0.63,20.0,0.62,52.07,0.68,29.5,0.69,110.5,0.7,73.5,0.71,32.5,0.72,47.5,0.01,0.02,2373.539845,1776170275000
1776170276.826,176.826,0.35,15.5,0.34,19.5,0.33,91.56,0.32,10.5,0.31,60.5,0.36,5.0,0.37,25.0,0.38,72.57,0.39,20.5,0.4,50.0,0.66,2.08,0.65,10.0,0.64,15.0,0.63,25.0,0.62,57.07,0.67,120.56,0.68,25.5,0.69,115.5,0.7,68.5,0.71,37.5,0.01,0.01,2373.539845,1776170275000
1776170277.356,177.356,0.35,15.5,0.34,19.5,0.33,91.56,0.32,10.5,0.31,60.5,0.36,5.0,0.37,25.0,0.38,72.57,0.39,20.5,0.4,50.0,0.64,5.0,0.63,25.0,0.62,72.57,0.61,20.5,0.6,50.0,0.65,15.5,0.66,19.5,0.67,91.56,0.68,10.5,0.69,60.5,0.01,0.01,2373.596153,1776170276000
1776170277.77,177.77,0.35,2.81,0.34,19.5,0.33,91.56,0.32,10.5,0.31,71.5,0.36,35.0,0.37,25.0,0.38,72.57,0.39,45.5,0.4,45.0,0.64,5.0,0.63,25.0,0.62,72.57,0.61,20.5,0.6,50.0,0.65,15.5,0.66,19.5,0.67,91.56,0.68,10.5,0.69,60.5,0.01,0.01,2373.596153,1776170276000
1776170278.098,178.098,0.34,19.5,0.33,96.56,0.32,10.5,0.31,71.5,0.3,53.5,0.36,25.0,0.37,25.0,0.38,72.57,0.39,45.5,0.4,45.0,0.64,25.0,0.63,25.0,0.62,72.57,0.61,45.5,0.6,45.0,0.66,19.5,0.67,96.56,0.68,10.5,0.69,71.5,0.7,53.5,0.02,0.02,2373.782565,1776170277000
1776170278.611,178.611,0.34,19.95,0.33,91.56,0.32,10.5,0.31,60.5,0.3,38.5,0.35,20.0,0.36,25.0,0.37,30.0,0.38,72.57,0.39,45.5,0.64,25.0,0.63,25.0,0.62,72.57,0.61,45.5,0.6,45.0,0.66,19.5,0.67,96.56,0.68,10.5,0.69,71.5,0.7,53.5,0.01,0.02,2373.782565,1776170277000
1776170279.231,179.231,0.34,19.95,0.33,91.56,0.32,10.5,0.31,60.5,0.3,38.5,0.35,20.0,0.36,25.0,0.37,30.0,0.38,72.57,0.39,45.5,0.65,20.0,0.64,25.0,0.63,30.0,0.62,72.57,0.61,45.5,0.66,19.95,0.67,91.56,0.68,10.5,0.69,60.5,0.7,38.5,0.01,0.01,2373.793651,1776170278000
1776170280.422,180.422,0.34,19.95,0.33,91.56,0.32,10.5,0.31,60.5,0.3,38.5,0.35,10.0,0.36,35.0,0.37,20.0,0.38,72.57,0.39,45.5,0.65,10.0,0.64,35.0,0.63,20.0,0.62,72.57,0.61,45.5,0.66,19.95,0.67,91.56,0.68,10.5,0.69,60.5,0.7,38.5,0.01,0.01,2373.801653,1776170279000
1776170281.043,181.043,0.34,23.95,0.33,10.5,0.32,10.5,0.31,77.3,0.3,56.6,0.35,20.0,0.36,25.0,0.37,30.0,0.38,72.57,0.39,45.5,0.65,10.0,0.64,35.0,0.63,20.0,0.62,72.57,0.61,45.5,0.66,19.95,0.67,91.56,0.68,10.5,0.69,60.5,0.7,38.5,0.01,0.01,2373.801653,1776170279000
1776170281.359,181.359,0.34,17.43,0.33,37.46,0.32,10.5,0.31,77.3,0.3,55.6,0.35,20.0,0.36,25.0,0.37,30.0,0.38,72.57,0.39,45.5,0.65,20.0,0.64,25.0,0.63,30.0,0.62,72.57,0.61,45.5,0.66,23.95,0.67,10.5,0.68,10.5,0.69,77.3,0.7,56.6,0.01,0.01,2373.800438,1776170280000
1776170282.035,182.035,0.32,10.5,0.31,24.5,0.3,39.6,0.29,39.5,0.28,39.89,0.33,65.96,0.34,15.0,0.35,14.86,0.36,75.5,0.37,30.5,0.65,15.86,0.64,25.0,0.63,30.0,0.62,72.57,0.61,45.5,0.66,17.43,0.67,37.46,0.68,10.5,0.69,77.3,0.7,55.6,0.01,0.01,2373.800438,1776170280000
1776170282.317,182.317,0.32,25.5,0.31,19.5,0.3,39.6,0.29,39.5,0.28,49.89,0.33,25.03,0.34,20.0,0.35,15.86,0.36,65.0,0.37,55.5,0.67,65.96,0.66,15.0,0.65,14.86,0.64,75.5,0.63,30.5,0.68,10.5,0.69,24.5,0.7,39.6,0.71,39.5,0.72,39.89,0.01,0.01,2373.795748,1776170281000
1776170283.192,183.192,0.32,25.5,0.31,24.5,0.3,39.6,0.29,49.5,0.28,49.89,0.33,4.87,0.35,5.86,0.36,75.0,0.37,16.0,0.38,72.57,0.67,25.03,0.66,20.0,0.65,15.86,0.64,65.0,0.63,55.5,0.68,25.5,0.69,19.5,0.7,39.6,0.71,39.5,0.72,49.89,0.01,0.01,2373.795748,1776170281000
1776170283.442,183.442,0.32,25.5,0.31,24.5,0.3,39.6,0.29,49.5,0.28,49.89,0.33,4.87,0.35,5.86,0.36,75.0,0.37,16.0,0.38,72.57,0.67,4.87,0.65,5.86,0.64,75.0,0.63,16.0,0.62,72.57,0.68,25.5,0.69,24.5,0.7,39.6,0.71,49.5,0.72,49.89,0.01,0.01,2373.79275,1776170282000
1776170283.874,183.874,0.35,48.73,0.34,46.5,0.33,38.5,0.32,51.5,0.31,76.8,0.36,10.0,0.37,15.0,0.38,60.0,0.39,20.5,0.4,51.0,0.67,4.87,0.65,5.86,0.64,75.0,0.63,16.0,0.62,72.57,0.68,25.5,0.69,24.5,0.7,39.6,0.71,49.5,0.72,49.89,0.01,0.01,2373.79275,1776170282000
1776170284.122,184.122,0.35,48.73,0.34,46.5,0.33,38.5,0.32,51.5,0.31,76.8,0.36,10.0,0.37,15.0,0.38,60.0,0.39,20.5,0.4,51.0,0.64,10.0,0.63,15.0,0.62,60.0,0.61,20.5,0.6,51.0,0.65,48.73,0.66,46.5,0.67,38.5,0.68,51.5,0.69,76.8,0.01,0.01,2373.781465,1776170283000
1776170285.303,185.303,0.35,48.73,0.34,46.5,0.33,38.5,0.32,51.5,0.31,76.8,0.36,10.0,0.37,15.0,0.38,60.0,0.39,20.5,0.4,51.0,0.64,10.0,0.63,15.0,0.62,60.0,0.61,20.5,0.6,51.0,0.65,48.73,0.66,46.5,0.67,38.5,0.68,51.5,0.69,76.8,0.01,0.01,2373.759418,1776170284000
1776170286.291,186.291,0.35,41.11,0.34,41.5,0.33,53.5,0.32,55.5,0.31,99.8,0.36,10.0,0.37,25.0,0.38,75.0,0.39,25.5,0.4,76.0,0.64,10.0,0.63,15.0,0.62,60.0,0.61,20.5,0.6,51.0,0.65,48.73,0.66,46.5,0.67,38.5,0.68,51.5,0.69,76.8,0.01,0.01,2373.759418,1776170284000
1776170286.558,186.558,0.35,41.11,0.34,41.5,0.33,53.5,0.32,55.5,0.31,99.8,0.36,10.0,0.37,25.0,0.38,75.0,0.39,25.5,0.4,76.0,0.64,10.0,0.63,25.0,0.62,75.0,0.61,25.5,0.6,76.0,0.65,41.11,0.66,41.5,0.67,53.5,0.68,55.5,0.69,99.8,0.01,0.01,2373.908751,1776170285000
1776170287.261,187.261,0.35,41.11,0.34,41.5,0.33,53.5,0.32,55.5,0.31,99.8,0.36,10.0,0.37,25.0,0.38,75.0,0.39,25.5,0.4,76.0,0.64,10.0,0.63,25.0,0.62,75.0,0.61,25.5,0.6,76.0,0.65,41.11,0.66,41.5,0.67,53.5,0.68,55.5,0.69,99.8,0.01,0.01,2373.92724,1776170286000
1776170288.445,188.445,0.35,41.11,0.34,41.5,0.33,53.5,0.32,55.5,0.31,99.8,0.36,10.0,0.37,25.0,0.38,75.0,0.39,25.5,0.4,76.0,0.64,10.0,0.63,25.0,0.62,75.0,0.61,25.5,0.6,76.0,0.65,41.11,0.66,41.5,0.67,53.5,0.68,55.5,0.69,99.8,0.01,0.01,2373.960275,1776170287000
1776170289.316,189.316,0.35,41.11,0.34,41.5,0.33,53.5,0.32,55.5,0.31,99.8,0.36,10.0,0.37,25.0,0.38,75.0,0.39,25.5,0.4,76.0,0.64,10.0,0.63,25.0,0.62,75.0,0.61,25.5,0.6,76.0,0.65,41.11,0.66,41.5,0.67,53.5,0.68,55.5,0.69,99.8,0.01,0.01,2374.024276,1776170288000
1776170290.288,190.288,0.35,41.11,0.34,41.5,0.33,53.5,0.32,55.5,0.31,99.8,0.36,10.0,0.37,25.0,0.38,75.0,0.39,25.5,0.4,76.0,0.64,10.0,0.63,25.0,0.62,75.0,0.61,25.5,0.6,76.0,0.65,41.11,0.66,41.5,0.67,53.5,0.68,55.5,0.69,99.8,0.01,0.01,2374.06977,1776170289000
1776170291.361,191.361,0.44,42.0,0.43,45.0,0.42,24.0,0.41,101.5,0.4,45.5,0.46,55.5,0.47,15.0,0.48,60.0,0.49,15.0,0.5,50.0,0.6,10.0,0.59,115.5,0.58,5.0,0.57,5.0,0.56,50.0,0.61,44.34,0.62,28.0,0.63,45.5,0.64,75.5,0.65,79.5,0.02,0.01,2374.06977,1776170289000
1776170291.94,191.94,0.44,42.0,0.43,45.0,0.42,24.0,0.41,101.5,0.4,45.5,0.46,55.5,0.47,15.0,0.48,60.0,0.49,15.0,0.5,50.0,0.54,55.5,0.53,15.0,0.52,60.0,0.51,15.0,0.5,50.0,0.56,42.0,0.57,45.0,0.58,24.0,0.59,101.5,0.6,45.5,0.02,0.02,2374.10681,1776170291000
1776170293.062,193.062,0.44,42.0,0.43,45.0,0.42,24.0,0.41,101.5,0.4,45.5,0.46,55.5,0.47,15.0,0.48,60.0,0.49,15.0,0.5,50.0,0.54,55.5,0.53,15.0,0.52,60.0,0.51,15.0,0.5,50.0,0.56,42.0,0.57,45.0,0.58,24.0,0.59,101.5,0.6,45.5,0.02,0.02,2374.197403,1776170292000
1776170294.054,194.054,0.45,27.0,0.44,25.0,0.43,25.0,0.42,25.5,0.41,75.5,0.46,20.5,0.47,20.0,0.48,60.0,0.49,15.0,0.5,65.0,0.54,20.5,0.53,20.0,0.52,60.0,0.51,15.0,0.5,65.0,0.55,27.0,0.56,25.0,0.57,25.0,0.58,25.5,0.59,75.5,0.01,0.01,2374.334645,1776170293000
1776170295.27,195.27,0.45,27.0,0.44,25.0,0.43,25.0,0.42,25.5,0.41,90.4,0.46,10.5,0.47,20.0,0.48,60.0,0.49,15.0,0.5,75.0,0.54,10.5,0.53,20.0,0.52,60.0,0.51,15.0,0.5,75.0,0.55,27.0,0.56,25.0,0.57,25.0,0.58,25.5,0.59,90.4,0.01,0.01,2374.35381,1776170294000
1776170296.268,196.268,0.45,27.0,0.44,25.0,0.43,25.0,0.42,25.5,0.41,90.4,0.46,10.5,0.47,20.0,0.48,60.0,0.49,15.0,0.5,75.0,0.54,10.5,0.53,20.0,0.52,60.0,0.51,15.0,0.5,75.0,0.55,27.0,0.56,25.0,0.57,25.0,0.58,25.5,0.59,90.4,0.01,0.01,2374.35358,1776170295000
1776170297.316,197.316,0.45,27.0,0.44,25.0,0.43,25.0,0.42,25.5,0.41,90.4,0.46,10.5,0.47,20.0,0.48,60.0,0.49,15.0,0.5,75.0,0.54,10.5,0.53,20.0,0.52,60.0,0.51,15.0,0.5,75.0,0.55,27.0,0.56,25.0,0.57,25.0,0.58,25.5,0.59,90.4,0.01,0.01,2374.35796,1776170296000
1776170298.06,198.06,0.45,32.0,0.44,30.0,0.43,35.5,0.42,25.5,0.41,110.4,0.47,5.0,0.48,55.0,0.49,10.0,0.5,55.0,0.51,15.0,0.54,10.5,0.53,20.0,0.52,60.0,0.51,15.0,0.5,75.0,0.55,27.0,0.56,25.0,0.57,25.0,0.58,25.5,0.59,90.4,0.02,0.01,2374.35796,1776170296000
1776170298.334,198.334,0.46,11.29,0.45,32.0,0.44,30.0,0.43,35.5,0.42,25.5,0.47,5.0,0.48,60.0,0.49,10.0,0.5,55.0,0.51,15.0,0.53,5.0,0.52,60.0,0.51,10.0,0.5,55.0,0.49,15.0,0.54,11.29,0.55,32.0,0.56,30.0,0.57,35.5,0.58,25.5,0.01,0.01,2374.36128,1776170297000
1776170299.486,199.486,0.46,11.29,0.45,32.0,0.44,30.0,0.43,35.5,0.42,25.5,0.47,5.0,0.48,60.0,0.49,10.0,0.5,55.0,0.51,15.0,0.53,5.0,0.52,60.0,0.51,10.0,0.5,55.0,0.49,15.0,0.54,11.29,0.55,32.0,0.56,30.0,0.57,35.5,0.58,25.5,0.01,0.01,2374.40226,1776170298000
1776170300.01,200.01,0.46,11.29,0.45,32.0,0.44,30.0,0.43,35.5,0.42,25.5,0.47,5.0,0.48,60.0,0.49,10.0,0.5,55.0,0.51,15.0,0.53,5.0,0.52,60.0,0.51,10.0,0.5,55.0,0.49,15.0,0.54,11.29,0.55,32.0,0.56,30.0,0.57,35.5,0.58,25.5,0.01,0.01,2374.40652,1776170299000
1776170301.098,201.098,0.46,11.29,0.45,32.0,0.44,30.0,0.43,35.5,0.42,25.5,0.47,5.0,0.48,60.0,0.49,10.0,0.5,55.0,0.51,15.0,0.53,5.0,0.52,60.0,0.51,10.0,0.5,55.0,0.49,15.0,0.54,11.29,0.55,32.0,0.56,30.0,0.57,35.5,0.58,25.5,0.01,0.01,2374.44944,1776170300000
1776170301.511,201.511,0.46,26.33,0.45,25.0,0.44,42.0,0.43,25.5,0.42,25.5,0.47,25.5,0.48,65.0,0.49,25.0,0.5,65.0,0.51,35.0,0.53,5.0,0.52,60.0,0.51,10.0,0.5,55.0,0.49,15.0,0.54,11.29,0.55,32.0,0.56,30.0,0.57,35.5,0.58,25.5,0.01,0.01,2374.44944,1776170300000
1776170302.179,202.179,0.46,26.33,0.45,25.0,0.44,42.0,0.43,25.5,0.42,25.5,0.47,25.5,0.48,65.0,0.49,25.0,0.5,65.0,0.51,35.0,0.53,25.5,0.52,65.0,0.51,25.0,0.5,65.0,0.49,35.0,0.54,26.33,0.55,25.0,0.56,42.0,0.57,25.5,0.58,25.5,0.01,0.01,2374.435046,1776170301000
1776170302.425,202.425,0.46,13.84,0.45,20.0,0.44,32.0,0.43,25.5,0.42,25.5,0.47,25.5,0.48,75.0,0.49,25.0,0.5,75.0,0.51,25.0,0.53,25.5,0.52,65.0,0.51,25.0,0.5,65.0,0.49,35.0,0.54,26.33,0.55,25.0,0.56,42.0,0.57,25.5,0.58,25.5,0.01,0.01,2374.435046,1776170301000
1776170303.02,203.02,0.46,13.84,0.45,20.0,0.44,32.0,0.43,25.5,0.42,25.5,0.47,25.5,0.48,75.0,0.49,25.0,0.5,75.0,0.51,25.0,0.53,25.5,0.52,75.0,0.51,25.0,0.5,75.0,0.49,25.0,0.54,13.84,0.55,20.0,0.56,32.0,0.57,25.5,0.58,25.5,0.01,0.01,2374.43345,1776170302000
1776170303.749,203.749,0.37,7.0,0.36,5.0,0.35,45.8,0.34,21.0,0.33,63.3,0.39,43.0,0.4,30.0,0.41,35.5,0.42,69.5,0.43,35.5,0.53,25.5,0.52,75.0,0.51,25.0,0.5,75.0,0.49,25.0,0.54,13.84,0.55,20.0,0.56,32.0,0.57,25.5,0.58,25.5,0.02,0.01,2374.43345,1776170302000
1776170304.04,204.04,0.37,7.0,0.36,5.0,0.35,45.8,0.34,21.0,0.33,63.3,0.39,43.0,0.4,30.0,0.41,35.5,0.42,69.5,0.43,35.5,0.61,43.0,0.6,30.0,0.59,35.5,0.58,69.5,0.57,35.5,0.63,7.0,0.64,5.0,0.65,45.8,0.66,21.0,0.67,63.3,0.02,0.02,2374.4292,1776170303000
1776170305.117,205.117,0.37,7.0,0.36,5.0,0.35,45.8,0.34,21.0,0.33,63.3,0.39,43.0,0.4,30.0,0.41,35.5,0.42,69.5,0.43,35.5,0.61,43.0,0.6,30.0,0.59,35.5,0.58,69.5,0.57,35.5,0.63,7.0,0.64,5.0,0.65,45.8,0.66,21.0,0.67,63.3,0.02,0.02,2374.422221,1776170304000
1776170305.934,205.934,0.4,33.5,0.39,34.0,0.38,25.5,0.37,38.5,0.36,90.6,0.42,10.0,0.43,25.5,0.44,85.5,0.45,45.5,0.46,25.0,0.61,43.0,0.6,30.0,0.59,35.5,0.58,69.5,0.57,35.5,0.63,7.0,0.64,5.0,0.65,45.8,0.66,21.0,0.67,63.3,0.02,0.02,2374.422221,1776170304000
1776170306.361,206.361,0.41,6.3,0.4,5.86,0.39,54.5,0.38,25.5,0.37,38.5,0.42,30.0,0.43,30.5,0.44,85.5,0.45,45.5,0.46,35.0,0.58,10.0,0.57,25.5,0.56,85.5,0.55,45.5,0.54,25.0,0.6,36.36,0.61,34.0,0.62,25.5,0.63,38.5,0.64,90.6,0.01,0.02,2374.23746,1776170305000
1776170307.319,207.319,0.41,1.21,0.4,5.86,0.39,54.5,0.38,25.5,0.37,38.5,0.42,25.0,0.43,30.5,0.44,85.5,0.45,45.5,0.46,35.0,0.58,25.0,0.57,30.5,0.56,85.5,0.55,45.5,0.54,35.0,0.59,1.21,0.6,5.86,0.61,54.5,0.62,25.5,0.63,38.5,0.01,0.01,2374.160439,1776170306000
1776170307.556,207.556,0.4,4.88,0.39,34.5,0.38,25.5,0.37,38.5,0.36,80.6,0.42,25.0,0.43,40.5,0.44,95.5,0.45,45.5,0.46,40.0,0.58,25.0,0.57,30.5,0.56,85.5,0.55,45.5,0.54,35.0,0.59,1.21,0.6,5.86,0.61,54.5,0.62,25.5,0.63,38.5,0.02,0.01,2374.160439,1776170306000
1776170307.81,207.81,0.4,3.21,0.39,34.5,0.38,25.5,0.37,38.5,0.36,80.6,0.41,30.0,0.42,15.0,0.43,35.5,0.44,95.5,0.45,45.5,0.58,25.0,0.57,40.5,0.56,95.5,0.55,45.5,0.54,40.0,0.6,4.88,0.61,34.5,0.62,25.5,0.63,38.5,0.64,80.6,0.01,0.02,2374.160439,1776170306000
1776170308.322,208.322,0.4,3.21,0.39,34.5,0.38,25.5,0.37,38.5,0.36,80.6,0.41,30.0,0.42,15.0,0.43,35.5,0.44,95.5,0.45,45.5,0.59,30.0,0.58,15.0,0.57,35.5,0.56,95.5,0.55,45.5,0.6,3.21,0.61,34.5,0.62,25.5,0.63,38.5,0.64,80.6,0.01,0.01,2374.209775,1776170307000
1776170309.298,209.298,0.4,3.21,0.39,34.5,0.38,25.5,0.37,38.5,0.36,80.6,0.41,30.0,0.42,15.0,0.43,35.5,0.44,95.5,0.45,45.5,0.59,30.0,0.58,15.0,0.57,35.5,0.56,95.5,0.55,45.5,0.6,3.21,0.61,34.5,0.62,25.5,0.63,38.5,0.64,80.6,0.01,0.01,2374.25374,1776170308000
1776170310.288,210.288,0.4,3.21,0.39,34.5,0.38,25.5,0.37,38.5,0.36,80.6,0.41,30.0,0.42,15.0,0.43,35.5,0.44,95.5,0.45,45.5,0.59,30.0,0.58,15.0,0.57,35.5,0.56,95.5,0.55,45.5,0.6,3.21,0.61,34.5,0.62,25.5,0.63,38.5,0.64,80.6,0.01,0.01,2374.250805,1776170309000
1776170311.144,211.144,0.39,36.71,0.38,25.5,0.37,48.5,0.36,108.6,0.35,50.8,0.4,10.0,0.41,20.0,0.42,25.5,0.43,35.5,0.44,85.5,0.59,30.0,0.58,15.0,0.57,35.5,0.56,95.5,0.55,45.5,0.6,3.21,0.61,34.5,0.62,25.5,0.63,38.5,0.64,80.6,0.01,0.01,2374.250805,1776170309000
1776170312.276,212.276,0.39,36.71,0.38,25.5,0.37,48.5,0.36,108.6,0.35,50.8,0.4,10.0,0.41,20.0,0.42,25.5,0.43,35.5,0.44,85.5,0.6,10.0,0.59,20.0,0.58,25.5,0.57,35.5,0.56,85.5,0.61,36.71,0.62,25.5,0.63,48.5,0.64,108.6,0.65,50.8,0.01,0.01,2374.228179,1776170311000
1776170312.964,212.964,0.39,28.71,0.38,33.5,0.37,48.5,0.36,108.6,0.35,60.8,0.4,2.5,0.41,15.0,0.42,25.5,0.43,35.5,0.44,85.5,0.6,10.0,0.59,20.0,0.58,25.5,0.57,35.5,0.56,85.5,0.61,36.71,0.62,25.5,0.63,48.5,0.64,108.6,0.65,50.8,0.01,0.01,2374.228179,1776170311000
1776170313.378,213.378,0.39,28.71,0.38,33.5,0.37,48.5,0.36,108.6,0.35,60.8,0.4,2.5,0.41,15.0,0.42,25.5,0.43,35.5,0.44,85.5,0.6,2.5,0.59,15.0,0.58,25.5,0.57,35.5,0.56,85.5,0.61,28.71,0.62,33.5,0.63,48.5,0.64,108.6,0.65,60.8,0.01,0.01,2374.243285,1776170312000
1776170313.722,213.722,0.4,40.5,0.39,20.5,0.38,38.5,0.37,43.5,0.36,116.6,0.42,10.0,0.43,15.0,0.44,60.0,0.45,10.0,0.46,6.0,0.6,2.5,0.59,15.0,0.58,25.5,0.57,35.5,0.56,85.5,0.61,28.71,0.62,33.5,0.63,48.5,0.64,108.6,0.65,60.8,0.02,0.01,2374.243285,1776170312000
1776170313.968,213.968,0.47,10.0,0.46,10.0,0.45,10.0,0.44,10.0,0.43,689.33,0.5,4.8,0.51,10.0,0.52,10.0,0.53,25.0,0.54,100.0,0.58,10.0,0.57,15.0,0.56,60.0,0.55,10.0,0.54,6.0,0.6,40.5,0.61,20.5,0.62,38.5,0.63,43.5,0.64,116.6,0.03,0.02,2374.243865,1776170313000
1776170314.378,214.378,0.62,82.5,0.61,426.5,0.6,118.36,0.59,15.0,0.58,10.0,0.65,9.42,0.67,5.09,0.68,15.27,0.71,10.0,0.72,10.0,0.49,10.0,0.48,10.0,0.47,25.0,0.46,100.0,0.43,10.0,0.53,20.5,0.54,10.0,0.55,10.0,0.56,10.0,0.57,699.33,0.03,0.04,2374.243865,1776170313000
1776170314.628,214.628,0.71,124.0,0.7,43.0,0.69,17.0,0.68,10.0,0.67,10.0,0.73,63.83,0.74,25.0,0.75,10.0,0.76,95.0,0.78,25.0,0.28,10.0,0.26,25.0,0.25,40.0,0.24,95.0,0.23,8.0,0.34,57.58,0.35,10.0,0.36,22.0,0.37,15.0,0.38,27.5,0.02,0.06,2374.243865,1776170313000
1776170314.868,214.868,0.7,10.0,0.69,10.0,0.68,35.0,0.67,38.0,0.66,15.0,0.71,40.0,0.72,10.0,0.73,43.22,0.74,70.0,0.75,40.0,0.27,43.22,0.26,70.0,0.25,40.0,0.24,95.0,0.22,25.0,0.29,10.0,0.3,10.0,0.31,10.0,0.32,35.0,0.33,38.0,0.01,0.02,2374.243865,1776170313000
1776170315.12,215.12,0.7,10.0,0.69,5.51,0.68,29.0,0.67,43.0,0.66,21.0,0.72,25.62,0.73,58.72,0.74,75.0,0.75,45.0,0.76,100.0,0.28,5.12,0.27,48.22,0.26,75.0,0.25,45.0,0.24,100.0,0.31,5.51,0.32,40.0,0.33,43.0,0.34,21.0,0.35,15.0,0.02,0.03,2374.238945,1776170314000
1776170315.436,215.436,0.67,15.0,0.66,15.0,0.65,15.0,0.64,15.0,0.63,48.0,0.69,15.0,0.7,10.0,0.71,5.0,0.72,45.5,0.73,58.72,0.31,5.0,0.3,5.0,0.29,5.0,0.28,45.5,0.27,68.72,0.33,10.0,0.34,15.0,0.35,15.0,0.36,15.0,0.37,48.0,0.02,0.02,2374.238945,1776170314000
1776170315.686,215.686,0.67,0.45,0.66,15.0,0.65,15.0,0.64,15.0,0.63,54.0,0.69,30.5,0.7,20.5,0.71,20.5,0.72,50.5,0.73,68.72,0.31,30.5,0.3,20.5,0.29,15.5,0.28,45.5,0.27,68.72,0.32,6.25,0.33,15.0,0.34,15.0,0.35,15.0,0.36,15.0,0.02,0.01,2374.238945,1776170314000
1776170315.989,215.989,0.68,10.0,0.67,0.45,0.66,15.0,0.65,15.0,0.64,15.0,0.69,41.08,0.7,20.5,0.71,20.5,0.72,60.5,0.73,78.72,0.31,30.5,0.3,20.5,0.29,20.5,0.28,50.5,0.27,68.72,0.33,0.45,0.34,15.0,0.35,15.0,0.36,15.0,0.37,54.0,0.01,0.02,2374.238945,1776170314000
1776170316.54,216.54,0.67,0.45,0.66,15.0,0.65,15.0,0.64,15.0,0.63,54.0,0.69,36.08,0.7,20.5,0.71,30.5,0.72,60.5,0.73,78.72,0.31,36.08,0.3,20.5,0.29,30.5,0.28,60.5,0.27,78.72,0.33,0.45,0.34,15.0,0.35,15.0,0.36,15.0,0.37,54.0,0.02,0.02,2375.382532,1776170315000
1776170316.912,216.912,0.56,30.0,0.55,11.0,0.54,10.0,0.53,90.0,0.52,20.0,0.58,12.5,0.59,15.0,0.6,20.0,0.61,10.0,0.62,10.0,0.4,15.0,0.39,15.0,0.38,25.0,0.37,10.0,0.36,109.72,0.42,2.42,0.44,25.0,0.45,16.0,0.46,10.0,0.47,90.0,0.02,0.02,2375.382532,1776170315000
1776170317.181,217.181,0.56,30.0,0.55,11.0,0.54,10.0,0.53,90.0,0.52,20.0,0.58,12.5,0.59,15.0,0.6,20.0,0.61,10.0,0.62,10.0,0.42,12.5,0.41,15.0,0.4,20.0,0.39,10.0,0.38,10.0,0.44,30.0,0.45,11.0,0.46,10.0,0.47,90.0,0.48,20.0,0.02,0.02,2375.441427,1776170316000
1776170318.022,218.022,0.51,66.51,0.5,80.0,0.49,10.0,0.48,35.0,0.47,40.0,0.53,30.5,0.54,44.96,0.55,30.5,0.56,30.5,0.57,10.0,0.44,1.07,0.43,10.0,0.42,12.5,0.41,10.0,0.4,20.0,0.45,21.0,0.46,15.0,0.47,90.0,0.48,10.0,0.49,90.0,0.02,0.01,2375.441427,1776170316000
1776170318.597,218.597,0.51,68.8,0.5,95.0,0.49,20.0,0.48,55.5,0.47,40.0,0.52,15.5,0.53,15.5,0.54,34.96,0.55,25.5,0.56,30.5,0.48,25.5,0.47,31.5,0.46,44.96,0.45,25.5,0.44,30.5,0.49,51.25,0.5,80.0,0.51,10.0,0.52,35.0,0.53,40.0,0.01,0.01,2375.441427,1776170316000
1776170318.879,218.879,0.51,98.8,0.5,35.5,0.49,30.5,0.48,45.5,0.47,40.0,0.53,15.5,0.54,34.96,0.55,10.5,0.56,20.5,0.58,25.0,0.48,15.5,0.47,15.5,0.46,34.96,0.45,25.5,0.44,30.5,0.49,68.8,0.5,95.0,0.51,20.0,0.52,55.5,0.53,40.0,0.02,0.01,2375.441427,1776170316000
1776170319.139,219.139,0.53,42.15,0.52,49.5,0.51,127.3,0.5,30.5,0.49,35.5,0.54,19.46,0.55,10.5,0.56,10.0,0.57,10.5,0.58,25.0,0.46,19.46,0.45,10.5,0.44,10.0,0.43,10.5,0.42,25.0,0.47,64.98,0.48,56.5,0.49,127.3,0.5,30.5,0.51,35.5,0.01,0.01,2375.083625,1776170317000
1776170319.37,219.37,0.55,128.55,0.54,21.04,0.53,57.15,0.52,44.5,0.51,127.3,0.56,5.0,0.57,6.27,0.6,10.0,0.61,15.0,0.62,11.0,0.44,1.78,0.43,6.27,0.4,10.0,0.39,15.0,0.38,11.0,0.45,10.0,0.46,26.04,0.47,62.15,0.48,44.5,0.49,127.3,0.01,0.01,2375.083625,1776170317000
1776170319.633,219.633,0.55,138.55,0.54,21.04,0.53,57.15,0.52,44.5,0.51,127.3,0.57,6.27,0.6,10.0,0.61,15.0,0.62,11.0,0.63,11.0,0.43,6.27,0.4,10.0,0.39,15.0,0.38,11.0,0.37,11.0,0.45,138.55,0.46,21.04,0.47,57.15,0.48,44.5,0.49,127.3,0.02,0.02,2374.958724,1776170318000
1776170320.073,220.073,0.56,54.74,0.55,120.01,0.54,16.04,0.53,57.15,0.52,49.5,0.57,19.4,0.6,10.0,0.61,15.0,0.62,11.0,0.63,11.0,0.43,8.9,0.4,10.0,0.39,10.0,0.38,16.0,0.37,11.0,0.44,46.0,0.45,122.55,0.46,16.04,0.47,57.15,0.48,49.5,0.01,0.01,2374.958724,1776170318000
1776170320.392,220.392,0.56,49.51,0.55,120.01,0.54,16.04,0.53,48.05,0.52,54.5,0.57,1.4,0.6,10.0,0.61,15.0,0.62,11.0,0.63,26.0,0.43,19.4,0.4,10.0,0.39,15.0,0.38,11.0,0.37,11.0,0.44,54.74,0.45,120.01,0.46,16.04,0.47,57.15,0.48,49.5,0.01,0.01,2374.958724,1776170318000
1776170320.999,220.999,0.56,49.51,0.55,120.01,0.54,16.04,0.53,48.05,0.52,54.5,0.57,1.4,0.6,10.0,0.61,15.0,0.62,11.0,0.63,26.0,0.43,1.4,0.4,10.0,0.39,15.0,0.38,11.0,0.37,26.0,0.44,49.51,0.45,120.01,0.46,16.04,0.47,48.05,0.48,54.5,0.01,0.01,2374.842446,1776170320000
1776170321.292,221.292,0.57,22.69,0.56,36.0,0.55,125.01,0.54,16.04,0.53,33.05,0.58,25.5,0.6,10.0,0.61,15.0,0.62,11.0,0.63,26.0,0.43,1.4,0.4,10.0,0.39,15.0,0.38,11.0,0.37,26.0,0.44,49.51,0.45,120.01,0.46,16.04,0.47,48.05,0.48,54.5,0.01,0.01,2374.842446,1776170320000
1776170322.374,222.374,0.57,22.69,0.56,36.0,0.55,125.01,0.54,16.04,0.53,33.05,0.58,25.5,0.6,10.0,0.61,15.0,0.62,11.0,0.63,26.0,0.42,25.5,0.4,10.0,0.39,15.0,0.38,11.0,0.37,26.0,0.43,22.69,0.44,36.0,0.45,125.01,0.46,16.04,0.47,33.05,0.01,0.01,2374.987002,1776170321000
1776170322.75,222.75,0.67,50.0,0.66,57.0,0.65,28.0,0.64,80.0,0.63,30.5,0.68,8.04,0.71,210.0,0.73,92.0,0.74,95.0,0.75,45.0,0.42,25.5,0.4,10.0,0.39,15.0,0.38,11.0,0.37,26.0,0.43,22.69,0.44,36.0,0.45,125.01,0.46,16.04,0.47,33.05,0.01,0.01,2374.987002,1776170321000
1776170323.051,223.051,0.67,50.0,0.66,57.0,0.65,28.0,0.64,80.0,0.63,30.5,0.71,210.0,0.73,92.0,0.74,95.0,0.75,45.0,0.76,144.7,0.29,210.0,0.27,92.0,0.26,95.0,0.25,45.0,0.24,144.7,0.33,50.0,0.34,57.0,0.35,28.0,0.36,80.0,0.37,30.5,0.04,0.04,2374.989509,1776170322000
1776170323.471,223.471,0.7,13.43,0.69,10.0,0.68,16.0,0.67,51.0,0.66,39.0,0.71,187.78,0.73,87.0,0.74,100.0,0.75,45.0,0.76,144.7,0.29,225.5,0.27,87.0,0.26,100.0,0.25,45.0,0.24,144.7,0.3,26.43,0.31,10.0,0.32,16.0,0.33,51.0,0.34,29.0,0.01,0.01,2374.989509,1776170322000
1776170323.787,223.787,0.67,44.79,0.66,39.0,0.65,45.0,0.64,105.0,0.63,30.5,0.71,90.44,0.73,87.0,0.74,100.0,0.75,45.0,0.76,144.7,0.29,190.44,0.27,87.0,0.26,100.0,0.25,45.0,0.24,144.7,0.3,13.43,0.31,10.0,0.32,16.0,0.33,51.0,0.34,39.0,0.04,0.01,2374.989509,1776170322000
1776170324.801,224.801,0.7,10.0,0.69,10.0,0.68,23.0,0.67,56.79,0.66,53.0,0.71,72.17,0.73,87.0,0.74,100.0,0.75,45.0,0.76,144.7,0.29,72.17,0.27,87.0,0.26,100.0,0.25,45.0,0.24,144.7,0.3,10.0,0.31,10.0,0.32,23.0,0.33,56.79,0.34,53.0,0.01,0.01,2375.233772,1776170323000
1776170325.534,225.534,0.7,10.0,0.69,10.0,0.68,23.0,0.67,56.79,0.66,53.0,0.71,72.17,0.73,87.0,0.74,100.0,0.75,45.0,0.76,144.7,0.29,72.17,0.27,87.0,0.26,100.0,0.25,45.0,0.24,144.7,0.3,10.0,0.31,10.0,0.32,23.0,0.33,56.79,0.34,53.0,0.01,0.01,2375.372147,1776170324000
