timestamp,elapsed_sec,up_bid_p1,up_bid_s1,up_bid_p2,up_bid_s2,up_ask_p1,up_ask_s1,up_ask_p2,up_ask_s2,down_bid_p1,down_bid_s1,down_bid_p2,down_bid_s2,down_ask_p1,down_ask_s1,down_ask_p2,down_ask_s2,up_spread,down_spread,eth_price,eth_oracle_ts
1776401400.73,0.73,0.45,78.88,0.44,70.0,0.46,6.17,0.55,70.0,0.46,150.0,0.4,10.0,0.52,5.0,0.54,150.0,0.01,0.06,2330.303566,1776401399000
1776401402.422,2.422,0.45,78.88,0.44,75.0,0.46,22.38,0.47,17.0,0.54,6.17,0.45,70.0,0.55,78.88,0.56,70.0,0.01,0.01,2329.9603,1776401401000
1776401403.346,3.346,0.43,60.26,0.38,75.0,0.46,16.38,0.47,22.0,0.54,12.38,0.53,12.0,0.55,0.26,0.67,300.0,0.03,0.01,2329.925571,1776401402000
1776401404.037,4.037,0.43,51.64,0.38,78.0,0.44,24.82,0.45,71.0,0.54,11.38,0.53,22.0,0.57,51.64,0.62,75.0,0.01,0.03,2329.925571,1776401402000
1776401405.518,5.518,0.43,51.64,0.42,15.0,0.51,10.0,0.52,10.0,0.56,24.82,0.55,71.0,0.57,51.64,0.62,78.0,0.08,0.01,2329.761495,1776401404000
1776401405.917,5.917,0.49,81.7,0.48,80.0,0.51,10.0,0.52,10.0,0.46,11.55,0.45,10.0,0.49,9.8,0.5,10.0,0.02,0.03,2329.761495,1776401404000
1776401406.132,6.132,0.49,81.76,0.48,80.0,0.5,16.0,0.51,10.0,0.49,15.0,0.48,10.0,0.51,76.76,0.52,80.0,0.01,0.02,2329.761495,1776401404000
1776401407.625,7.625,0.49,89.51,0.48,70.0,0.5,16.0,0.51,23.0,0.5,16.0,0.49,10.0,0.51,66.96,0.52,80.0,0.01,0.01,2329.656965,1776401406000
1776401409.157,9.157,0.49,79.51,0.48,70.0,0.5,28.0,0.51,23.0,0.5,16.0,0.49,23.0,0.51,89.51,0.52,70.0,0.01,0.01,2329.884825,1776401408000
1776401409.367,9.367,0.49,92.54,0.48,70.0,0.52,10.0,0.53,16.0,0.5,28.0,0.49,23.0,0.51,82.54,0.52,70.0,0.03,0.01,2329.884825,1776401408000
1776401409.761,9.761,0.49,60.99,0.48,70.0,0.5,5.56,0.51,16.0,0.49,18.0,0.48,22.0,0.51,75.99,0.52,70.0,0.01,0.02,2329.884825,1776401408000
1776401410.914,10.914,0.49,60.99,0.48,70.0,0.5,128.86,0.51,26.0,0.5,5.56,0.49,16.0,0.51,60.99,0.52,70.0,0.01,0.01,2329.88039,1776401409000
1776401411.539,11.539,0.49,90.99,0.48,80.0,0.5,23.0,0.51,16.0,0.5,128.86,0.49,26.0,0.51,60.99,0.52,70.0,0.01,0.01,2329.909652,1776401410000
1776401412.121,12.121,0.49,76.75,0.48,80.0,0.5,43.0,0.51,26.0,0.5,23.0,0.49,16.0,0.51,90.99,0.52,80.0,0.01,0.01,2329.886783,1776401411000
1776401413.506,13.506,0.49,21.07,0.48,70.0,0.5,133.29,0.51,20.0,0.5,43.0,0.49,26.0,0.51,76.75,0.52,80.0,0.01,0.01,2329.886783,1776401411000
1776401414.574,14.574,0.48,72.88,0.47,75.0,0.49,55.0,0.5,133.29,0.5,133.29,0.49,20.0,0.51,21.07,0.52,70.0,0.01,0.01,2329.907089,1776401412000
1776401415.376,15.376,0.48,70.24,0.47,75.0,0.49,71.0,0.5,68.58,0.51,55.0,0.5,133.29,0.52,72.88,0.53,75.0,0.01,0.01,2329.905803,1776401414000
1776401415.779,15.779,0.48,75.24,0.47,75.0,0.49,61.0,0.5,40.0,0.51,71.0,0.5,68.58,0.52,70.24,0.53,75.0,0.01,0.01,2329.905803,1776401414000
1776401416.376,16.376,0.48,70.24,0.47,85.0,0.49,56.0,0.5,40.0,0.51,61.0,0.5,40.0,0.52,75.24,0.53,75.0,0.01,0.01,2329.905803,1776401414000
1776401418.292,18.292,0.47,10.0,0.46,50.0,0.49,56.0,0.5,68.33,0.51,56.0,0.5,40.0,0.52,70.24,0.53,85.0,0.02,0.01,2329.896783,1776401417000
1776401418.596,18.596,0.46,50.0,0.45,6.0,0.47,60.0,0.48,41.0,0.52,16.0,0.51,30.0,0.53,5.0,0.54,50.0,0.01,0.01,2329.896783,1776401417000
1776401419.351,19.351,0.46,48.14,0.45,6.0,0.47,56.0,0.48,73.6,0.53,60.0,0.52,41.0,0.54,50.0,0.55,6.0,0.01,0.01,2329.896783,1776401417000
1776401424.349,24.349,0.45,6.0,0.42,75.09,0.47,78.05,0.48,48.75,0.53,56.0,0.52,73.6,0.54,46.1,0.55,6.0,0.02,0.01,2329.822068,1776401423000
1776401431.063,31.063,0.45,2.36,0.42,70.0,0.46,73.0,0.47,57.97,0.53,78.05,0.52,48.75,0.55,6.0,0.58,75.09,0.01,0.02,2329.800649,1776401430000
1776401442.129,42.129,0.46,45.0,0.45,332.91,0.47,5.05,0.49,5.0,0.54,73.0,0.53,57.97,0.55,2.36,0.58,70.0,0.01,0.01,2329.816229,1776401440000
1776401442.601,42.601,0.55,22.17,0.54,15.0,0.56,10.0,0.57,14.0,0.44,10.0,0.43,22.0,0.46,15.0,0.47,15.0,0.01,0.02,2329.816693,1776401441000
1776401442.913,42.913,0.55,46.63,0.54,15.0,0.56,20.21,0.57,14.0,0.44,5.0,0.43,14.0,0.45,17.17,0.46,15.0,0.01,0.01,2329.816693,1776401441000
1776401443.246,43.246,0.55,110.83,0.54,15.0,0.56,10.21,0.57,14.0,0.44,15.21,0.43,14.0,0.45,76.63,0.46,15.0,0.01,0.01,2329.816693,1776401441000
1776401443.524,43.524,0.55,86.63,0.54,89.99,0.57,5.0,0.58,12.0,0.44,10.21,0.43,14.0,0.45,110.83,0.46,15.0,0.02,0.01,2329.816693,1776401441000
1776401444.07,44.07,0.56,121.46,0.55,81.17,0.57,2.36,0.58,12.0,0.43,5.0,0.42,12.0,0.45,86.63,0.46,89.99,0.01,0.02,2329.855317,1776401442000
1776401444.274,44.274,0.57,50.46,0.56,100.0,0.58,6.81,0.59,65.99,0.42,6.81,0.41,65.99,0.44,121.46,0.45,81.17,0.01,0.02,2329.855317,1776401442000
1776401445.125,45.125,0.57,70.77,0.56,105.0,0.58,15.81,0.59,74.99,0.42,6.81,0.41,65.99,0.43,82.39,0.44,100.0,0.01,0.01,2330.006227,1776401443000
1776401446.642,46.642,0.57,65.77,0.56,105.0,0.58,87.62,0.59,14.0,0.42,15.81,0.41,74.99,0.43,70.77,0.44,105.0,0.01,0.01,2330.264894,1776401445000
1776401447.335,47.335,0.57,57.28,0.56,105.0,0.58,90.03,0.59,19.0,0.42,90.03,0.41,19.0,0.43,65.77,0.44,105.0,0.01,0.01,2330.288065,1776401446000
1776401447.746,47.746,0.57,52.16,0.56,105.0,0.58,90.03,0.59,19.0,0.42,95.03,0.41,19.0,0.43,59.72,0.44,105.0,0.01,0.01,2330.288065,1776401446000
1776401448.09,48.09,0.57,54.6,0.56,105.0,0.58,90.03,0.59,19.0,0.42,90.03,0.41,19.0,0.43,52.16,0.44,105.0,0.01,0.01,2330.288065,1776401446000
1776401449.206,49.206,0.57,50.71,0.56,105.0,0.58,58.88,0.59,19.0,0.42,90.03,0.41,19.0,0.43,54.6,0.44,105.0,0.01,0.01,2330.282989,1776401448000
1776401449.633,49.633,0.57,46.46,0.56,105.0,0.58,32.02,0.59,19.0,0.42,58.88,0.41,19.0,0.43,50.71,0.44,105.0,0.01,0.01,2330.282989,1776401448000
1776401452.173,52.173,0.57,48.34,0.56,105.0,0.58,41.02,0.59,19.0,0.42,32.02,0.41,19.0,0.43,46.46,0.44,105.0,0.01,0.01,2330.279177,1776401450000
1776401456.932,56.932,0.57,24.82,0.56,100.0,0.58,30.84,0.59,14.0,0.42,41.02,0.41,19.0,0.43,48.34,0.44,105.0,0.01,0.01,2330.302647,1776401455000
1776401458.369,58.369,0.57,34.82,0.56,210.0,0.58,16.05,0.59,19.0,0.42,30.84,0.41,14.0,0.43,24.82,0.44,100.0,0.01,0.01,2330.300923,1776401457000
1776401458.701,58.701,0.61,26.34,0.6,15.0,0.62,11.07,0.63,19.0,0.39,6.12,0.38,19.0,0.41,16.34,0.42,85.0,0.01,0.02,2330.300923,1776401457000
1776401459.077,59.077,0.61,63.06,0.6,15.0,0.62,8.0,0.63,19.0,0.38,11.07,0.37,19.0,0.39,26.34,0.4,15.0,0.01,0.01,2330.293953,1776401458000
1776401460.105,60.105,0.61,90.49,0.6,15.0,0.62,24.0,0.63,19.0,0.38,8.0,0.37,19.0,0.39,63.06,0.4,15.0,0.01,0.01,2330.293953,1776401458000
1776401460.587,60.587,0.64,56.06,0.63,85.0,0.65,53.19,0.66,9.0,0.38,13.0,0.37,19.0,0.39,85.36,0.4,20.0,0.01,0.01,2330.293953,1776401458000
1776401461.144,61.144,0.69,84.95,0.68,15.0,0.7,5.0,0.71,9.0,0.3,14.0,0.27,5.0,0.36,114.06,0.37,178.55,0.01,0.06,2330.293953,1776401458000
1776401462.442,62.442,0.69,79.56,0.68,91.99,0.7,20.1,0.71,9.0,0.3,5.0,0.29,9.0,0.31,84.95,0.32,15.0,0.01,0.01,2330.407508,1776401460000
1776401463.869,63.869,0.69,67.88,0.68,20.0,0.7,140.58,0.71,9.0,0.3,20.1,0.29,9.0,0.31,69.88,0.32,91.99,0.01,0.01,2330.785423,1776401462000
1776401464.616,64.616,0.69,76.33,0.68,20.0,0.7,73.98,0.72,14.0,0.3,140.58,0.29,9.0,0.31,67.88,0.32,20.0,0.01,0.01,2330.835829,1776401463000
1776401464.985,64.985,0.69,72.78,0.68,20.0,0.7,73.98,0.72,14.0,0.3,73.98,0.28,14.0,0.31,76.33,0.32,20.0,0.01,0.01,2330.835829,1776401463000
1776401465.2,65.2,0.69,72.78,0.68,20.0,0.7,68.98,0.72,14.0,0.3,73.98,0.28,14.0,0.31,72.78,0.32,20.0,0.01,0.01,2330.835829,1776401463000
1776401465.461,65.461,0.69,125.43,0.68,90.0,0.7,3.86,0.74,14.0,0.3,6.86,0.26,9.0,0.31,92.23,0.32,90.0,0.01,0.01,2330.835829,1776401463000
1776401465.818,65.818,0.75,110.24,0.74,20.0,0.76,96.23,0.77,84.0,0.26,5.0,0.25,9.0,0.31,125.43,0.32,100.55,0.01,0.05,2330.888083,1776401464000
1776401466.02,66.02,0.75,88.52,0.74,20.0,0.76,93.07,0.77,84.0,0.24,96.23,0.23,84.0,0.25,88.52,0.26,20.0,0.01,0.01,2330.888083,1776401464000
1776401467.261,67.261,0.75,188.85,0.74,20.0,0.76,89.13,0.77,89.0,0.24,94.45,0.23,84.0,0.25,48.52,0.26,20.0,0.01,0.01,2330.87662,1776401465000
1776401467.689,67.689,0.75,179.85,0.74,20.0,0.76,89.13,0.77,89.0,0.24,89.13,0.23,89.0,0.25,188.85,0.26,20.0,0.01,0.01,2330.94444,1776401466000
1776401468.142,68.142,0.75,202.85,0.74,20.0,0.76,81.13,0.77,84.0,0.24,89.13,0.23,89.0,0.25,179.85,0.26,20.0,0.01,0.01,2330.995962,1776401467000
1776401468.498,68.498,0.75,223.85,0.74,25.09,0.77,12.68,0.78,5.0,0.24,81.13,0.23,84.0,0.25,202.85,0.26,20.0,0.02,0.01,2330.995962,1776401467000
1776401470.09,70.09,0.76,101.29,0.75,148.33,0.77,5.0,0.78,5.0,0.23,12.68,0.22,5.0,0.25,223.85,0.26,25.09,0.01,0.02,2331.111387,1776401468000
1776401470.62,70.62,0.77,5.92,0.76,75.37,0.78,14.0,0.79,63.33,0.23,5.0,0.22,5.0,0.24,101.29,0.25,148.33,0.01,0.01,2331.093174,1776401469000
1776401470.86,70.86,0.77,62.13,0.76,20.0,0.78,29.0,0.79,73.33,0.22,14.0,0.21,63.33,0.23,5.92,0.24,75.37,0.01,0.01,2331.093174,1776401469000
1776401471.211,71.211,0.77,50.13,0.76,20.0,0.78,137.0,0.79,73.33,0.22,29.0,0.21,73.33,0.23,62.13,0.24,20.0,0.01,0.01,2331.10897,1776401470000
1776401471.69,71.69,0.77,18.24,0.76,20.0,0.78,29.0,0.79,73.33,0.22,24.0,0.21,73.33,0.23,33.03,0.24,20.0,0.01,0.01,2331.10897,1776401470000
1776401472.055,72.055,0.77,13.45,0.76,10.0,0.78,103.0,0.79,151.33,0.22,29.0,0.21,73.33,0.23,18.24,0.24,20.0,0.01,0.01,2331.10897,1776401470000
1776401472.397,72.397,0.76,39.41,0.75,196.33,0.77,70.0,0.78,15.0,0.22,123.0,0.21,151.33,0.24,10.0,0.25,196.33,0.01,0.02,2331.140294,1776401471000
1776401473.444,73.444,0.76,23.41,0.75,181.33,0.77,60.0,0.78,15.0,0.23,70.0,0.22,15.0,0.24,39.41,0.25,196.33,0.01,0.01,2331.106711,1776401472000
1776401473.653,73.653,0.76,16.0,0.75,181.33,0.77,114.7,0.78,21.0,0.23,119.7,0.22,15.0,0.24,23.0,0.25,181.33,0.01,0.01,2331.106711,1776401472000
1776401474.194,74.194,0.75,20.0,0.72,5.09,0.76,97.0,0.77,58.7,0.23,147.7,0.22,44.0,0.25,117.33,0.28,5.0,0.01,0.02,2331.106711,1776401472000
1776401474.686,74.686,0.75,3.6,0.72,5.09,0.76,307.61,0.77,123.7,0.24,128.0,0.23,58.7,0.25,9.6,0.28,5.09,0.01,0.01,2331.088546,1776401473000
1776401475.696,75.696,0.72,18.0,0.68,5.0,0.73,239.61,0.74,39.0,0.27,47.0,0.26,21.0,0.28,23.09,0.29,6.0,0.01,0.01,2331.098312,1776401474000
1776401475.975,75.975,0.72,12.82,0.69,5.0,0.73,238.1,0.74,30.0,0.27,239.61,0.26,39.0,0.28,12.82,0.31,5.0,0.01,0.01,2331.098312,1776401474000
1776401477.743,77.743,0.72,18.82,0.7,6.0,0.73,91.81,0.74,95.54,0.27,238.1,0.26,30.0,0.28,12.82,0.31,5.0,0.01,0.01,2330.940646,1776401476000
1776401478.24,78.24,0.72,8.42,0.7,6.0,0.73,86.81,0.74,21.0,0.27,91.81,0.26,95.54,0.28,18.82,0.3,6.0,0.01,0.01,2331.171602,1776401477000
1776401480.584,80.584,0.72,35.42,0.71,15.0,0.73,13.32,0.74,5.0,0.27,86.81,0.26,21.0,0.28,8.42,0.3,6.0,0.01,0.01,2330.900916,1776401479000
1776401481.356,81.356,0.72,23.42,0.71,10.0,0.73,13.32,0.74,5.0,0.27,13.32,0.26,5.0,0.28,35.42,0.29,15.0,0.01,0.01,2330.900916,1776401479000
1776401488.703,88.703,0.72,31.84,0.71,15.0,0.73,21.32,0.77,27.3,0.27,13.32,0.26,5.0,0.28,23.42,0.29,10.0,0.01,0.01,2330.928214,1776401487000
1776401488.924,88.924,0.72,54.84,0.71,172.99,0.8,49.5,0.81,131.4,0.27,21.32,0.23,27.3,0.28,31.84,0.29,15.0,0.08,0.01,2330.928214,1776401487000
1776401489.395,89.395,0.79,11.85,0.78,5.0,0.8,64.5,0.81,157.71,0.2,49.5,0.19,131.4,0.28,54.84,0.29,172.99,0.01,0.08,2330.927071,1776401488000
1776401489.734,89.734,0.77,10.0,0.76,23.0,0.8,69.5,0.81,157.71,0.2,64.5,0.19,157.71,0.21,11.85,0.22,5.0,0.03,0.01,2330.927071,1776401488000
1776401490.689,90.689,0.77,16.0,0.76,15.0,0.78,44.22,0.79,15.0,0.2,69.5,0.19,157.71,0.23,10.0,0.24,23.0,0.01,0.03,2330.947213,1776401489000
1776401491.335,91.335,0.77,12.3,0.76,15.0,0.78,69.14,0.79,15.0,0.22,44.22,0.21,15.0,0.23,16.0,0.24,15.0,0.01,0.01,2330.947213,1776401489000
1776401492.578,92.578,0.77,12.3,0.76,15.0,0.78,57.85,0.79,17.0,0.22,69.14,0.21,15.0,0.23,12.3,0.24,15.0,0.01,0.01,2330.979701,1776401490000
1776401492.917,92.917,0.77,7.3,0.76,15.0,0.78,87.85,0.79,17.0,0.22,57.85,0.21,17.0,0.23,12.3,0.24,15.0,0.01,0.01,2330.970481,1776401491000
1776401495.002,95.002,0.77,7.3,0.76,15.0,0.78,42.64,0.79,36.0,0.22,87.85,0.21,17.0,0.23,7.3,0.24,15.0,0.01,0.01,2330.96656,1776401493000
1776401495.489,95.489,0.77,9.3,0.76,15.0,0.78,23.64,0.79,31.0,0.22,42.64,0.21,36.0,0.23,7.3,0.24,15.0,0.01,0.01,2330.959556,1776401494000
1776401500.761,100.761,0.75,59.0,0.74,15.0,0.76,30.68,0.77,27.0,0.22,23.64,0.21,31.0,0.23,9.3,0.24,15.0,0.01,0.01,2330.951167,1776401499000
1776401502.17,102.17,0.75,62.0,0.74,63.64,0.76,30.68,0.77,17.0,0.24,30.68,0.23,27.0,0.25,59.0,0.26,15.0,0.01,0.01,2330.94363,1776401501000
1776401507.915,107.915,0.74,42.64,0.72,6.0,0.75,61.68,0.76,101.0,0.24,30.68,0.23,17.0,0.25,62.0,0.26,63.64,0.01,0.01,2330.943874,1776401506000
1776401509.936,109.936,0.77,78.0,0.76,55.0,0.79,26.0,0.8,49.5,0.25,104.68,0.24,98.0,0.26,36.64,0.28,6.0,0.02,0.01,2330.939847,1776401508000
1776401513.305,113.305,0.79,58.0,0.78,55.0,0.8,3.75,0.81,103.4,0.21,26.0,0.2,49.5,0.23,78.0,0.24,55.0,0.01,0.02,2330.988633,1776401512000
1776401514.114,114.114,0.83,79.0,0.82,23.0,0.84,1.28,0.85,61.2,0.2,3.75,0.19,103.4,0.21,58.0,0.22,55.0,0.01,0.01,2330.988633,1776401512000
1776401515.727,115.727,0.84,91.77,0.83,75.0,0.85,54.2,0.86,65.9,0.16,1.28,0.15,61.2,0.17,79.0,0.18,23.0,0.01,0.01,2331.088938,1776401514000
1776401518.218,118.218,0.84,96.77,0.83,67.0,0.85,35.96,0.86,65.9,0.15,48.7,0.14,65.9,0.16,91.77,0.17,75.0,0.01,0.01,2331.190837,1776401517000
1776401522.466,122.466,0.84,76.82,0.75,10.0,0.85,357.68,0.86,128.9,0.15,35.96,0.14,65.9,0.16,96.77,0.17,67.0,0.01,0.01,2331.215989,1776401521000
1776401522.672,122.672,0.75,0.08,0.74,15.0,0.77,10.0,0.78,10.0,0.15,316.68,0.14,133.9,0.16,11.82,0.25,10.0,0.02,0.01,2331.215989,1776401521000
1776401523.558,123.558,0.75,0.08,0.74,15.0,0.76,62.61,0.77,14.0,0.23,10.0,0.22,10.0,0.25,0.08,0.26,15.0,0.01,0.02,2331.215989,1776401521000
1776401524.07,124.07,0.75,88.08,0.74,15.0,0.77,5.0,0.78,5.0,0.24,62.36,0.23,14.0,0.25,0.08,0.26,15.0,0.02,0.01,2331.21463,1776401522000
1776401524.897,124.897,0.76,63.0,0.75,10.08,0.77,35.68,0.78,5.0,0.23,5.0,0.22,5.0,0.25,88.08,0.26,15.0,0.01,0.02,2331.199935,1776401523000
1776401525.191,125.191,0.76,37.16,0.75,16.08,0.77,35.68,0.78,5.0,0.23,35.68,0.22,5.0,0.24,63.0,0.25,10.08,0.01,0.01,2331.17193,1776401524000
1776401525.523,125.523,0.76,0.49,0.75,16.08,0.77,35.68,0.78,5.0,0.23,35.68,0.22,5.0,0.24,37.16,0.25,16.08,0.01,0.01,2331.17193,1776401524000
1776401526.344,126.344,0.76,36.08,0.75,16.08,0.77,30.68,0.78,5.0,0.23,35.68,0.22,5.0,0.24,0.49,0.25,16.08,0.01,0.01,2331.17193,1776401524000
1776401530.92,130.92,0.76,62.36,0.75,21.08,0.77,15.68,0.78,5.0,0.23,30.68,0.22,5.0,0.24,36.08,0.25,16.08,0.01,0.01,2331.022592,1776401529000
1776401531.274,131.274,0.76,67.36,0.75,21.08,0.77,10.68,0.78,5.0,0.23,15.68,0.22,5.0,0.24,62.36,0.25,21.08,0.01,0.01,2331.022572,1776401530000
1776401533.263,133.263,0.76,45.36,0.75,5.0,0.77,92.68,0.78,15.0,0.23,10.68,0.22,5.0,0.24,67.36,0.25,21.08,0.01,0.01,2331.080679,1776401532000
1776401534.418,134.418,0.74,2.55,0.69,70.0,0.75,5.0,0.76,159.72,0.23,87.68,0.22,15.0,0.24,16.61,0.25,5.0,0.01,0.01,2331.080679,1776401532000
1776401535.289,135.289,0.69,68.54,0.68,5.0,0.7,57.8,0.71,10.0,0.28,9.55,0.26,17.0,0.31,70.0,0.32,5.0,0.01,0.03,2331.022276,1776401534000
1776401535.631,135.631,0.69,68.54,0.67,15.0,0.7,60.69,0.71,15.0,0.3,57.8,0.29,10.0,0.31,68.54,0.32,5.0,0.01,0.01,2331.022276,1776401534000
1776401536.284,136.284,0.69,58.79,0.68,5.0,0.7,111.69,0.71,15.0,0.3,60.69,0.29,15.0,0.31,68.54,0.33,15.0,0.01,0.01,2331.022276,1776401534000
1776401537.576,137.576,0.64,11.0,0.63,85.0,0.65,85.41,0.66,24.0,0.3,111.69,0.29,15.0,0.31,58.79,0.32,5.0,0.01,0.01,2330.816179,1776401536000
1776401538.081,138.081,0.61,50.0,0.6,70.0,0.62,7.15,0.65,85.41,0.35,85.41,0.34,24.0,0.36,11.0,0.37,85.0,0.01,0.01,2330.816179,1776401536000
1776401538.369,138.369,0.57,18.31,0.56,5.0,0.6,15.0,0.61,35.0,0.38,105.8,0.37,15.0,0.39,27.18,0.4,70.0,0.03,0.01,2330.816179,1776401536000
1776401538.676,138.676,0.56,4.0,0.55,81.0,0.58,38.8,0.59,15.0,0.42,70.83,0.41,15.0,0.43,14.86,0.44,10.0,0.02,0.01,2330.756937,1776401537000
1776401538.944,138.944,0.55,70.0,0.54,225.03,0.56,44.62,0.57,31.0,0.43,37.8,0.42,20.0,0.45,75.0,0.46,225.03,0.01,0.02,2330.756937,1776401537000
1776401539.187,139.187,0.55,59.14,0.54,219.03,0.56,25.99,0.57,31.0,0.44,39.08,0.43,31.0,0.45,59.14,0.46,225.03,0.01,0.01,2330.744353,1776401538000
1776401539.4,139.4,0.55,59.14,0.54,116.0,0.56,20.9,0.57,31.0,0.44,25.99,0.43,31.0,0.45,59.14,0.46,219.03,0.01,0.01,2330.744353,1776401538000
1776401539.875,139.875,0.55,69.14,0.54,86.0,0.56,12.32,0.57,31.0,0.44,19.11,0.43,31.0,0.45,59.14,0.46,86.0,0.01,0.01,2330.744353,1776401538000
1776401540.675,140.675,0.64,78.67,0.63,90.0,0.65,28.0,0.66,5.0,0.44,12.32,0.43,31.0,0.45,69.14,0.46,86.0,0.01,0.01,2330.611348,1776401539000
1776401541.797,141.797,0.65,68.38,0.64,49.0,0.66,136.86,0.67,22.0,0.35,28.0,0.34,5.0,0.36,78.67,0.37,90.0,0.01,0.01,2330.381089,1776401540000
1776401542.148,142.148,0.65,68.29,0.64,49.0,0.66,136.86,0.67,22.0,0.34,136.86,0.33,22.0,0.35,68.38,0.36,49.0,0.01,0.01,2330.338291,1776401541000
1776401543.221,143.221,0.65,39.71,0.64,49.0,0.66,141.86,0.67,7.0,0.34,136.86,0.33,22.0,0.35,68.29,0.36,49.0,0.01,0.01,2330.415139,1776401542000
1776401543.46,143.46,0.73,26.0,0.72,10.0,0.74,30.03,0.75,31.2,0.34,141.86,0.33,7.0,0.35,39.71,0.36,49.0,0.01,0.01,2330.415139,1776401542000
1776401545.894,145.894,0.73,28.67,0.69,10.0,0.74,36.33,0.75,27.0,0.26,33.27,0.25,41.2,0.27,47.87,0.29,15.0,0.01,0.01,2330.578974,1776401544000
1776401546.403,146.403,0.73,20.92,0.69,10.0,0.74,63.32,0.75,22.0,0.26,36.33,0.25,27.0,0.27,28.67,0.31,10.0,0.01,0.01,2330.578974,1776401544000
1776401547.304,147.304,0.61,85.0,0.6,85.0,0.62,18.28,0.63,37.0,0.26,63.32,0.25,22.0,0.27,20.92,0.31,10.0,0.01,0.01,2330.647825,1776401546000
1776401547.575,147.575,0.61,70.0,0.6,70.0,0.62,14.91,0.63,27.0,0.38,23.0,0.37,22.0,0.39,70.0,0.4,75.0,0.01,0.01,2330.647825,1776401546000
1776401548.756,148.756,0.58,15.0,0.57,15.0,0.59,5.36,0.6,8.0,0.38,14.91,0.37,27.0,0.39,70.0,0.4,70.0,0.01,0.01,2330.601976,1776401547000
1776401549.855,149.855,0.6,86.37,0.59,155.0,0.61,18.0,0.62,10.0,0.41,5.36,0.4,8.0,0.42,15.0,0.43,15.0,0.01,0.01,2330.586369,1776401548000
1776401551.269,151.269,0.6,100.04,0.59,155.0,0.64,17.0,0.65,27.0,0.39,15.63,0.38,10.0,0.4,86.37,0.41,155.0,0.04,0.01,2330.50242,1776401550000
1776401558.796,158.796,0.64,23.67,0.62,5.0,0.65,120.92,0.66,31.0,0.36,17.0,0.35,27.0,0.4,100.04,0.41,155.0,0.01,0.04,2330.495269,1776401557000
1776401561.088,161.088,0.64,18.67,0.63,10.0,0.65,9.0,0.67,21.3,0.35,120.92,0.34,55.05,0.36,13.67,0.38,5.0,0.01,0.01,2330.461428,1776401560000
1776401561.567,161.567,0.64,33.67,0.63,10.0,0.66,26.61,0.67,38.3,0.35,7.0,0.34,26.61,0.36,18.67,0.37,10.0,0.02,0.01,2330.461428,1776401560000
1776401562.955,162.955,0.65,33.67,0.64,20.0,0.66,57.61,0.67,38.3,0.34,26.61,0.33,38.3,0.36,33.67,0.37,10.0,0.01,0.02,2330.433683,1776401561000
1776401564.291,164.291,0.59,172.85,0.58,31.96,0.67,48.0,0.68,15.0,0.34,57.61,0.33,38.3,0.35,33.67,0.36,20.0,0.08,0.01,2330.448349,1776401563000
1776401567.352,167.352,0.63,36.59,0.62,5.0,0.64,10.0,0.65,10.0,0.35,5.0,0.34,10.0,0.41,172.85,0.42,31.96,0.01,0.06,2330.485194,1776401566000
1776401569.004,169.004,0.63,26.59,0.62,5.0,0.64,10.0,0.65,128.13,0.36,10.0,0.35,10.0,0.37,36.59,0.38,5.0,0.01,0.01,2330.479501,1776401567000
1776401571.79,171.79,0.63,185.31,0.62,5.0,0.66,3.42,0.67,22.0,0.36,10.0,0.35,128.13,0.37,26.59,0.38,5.0,0.03,0.01,2330.465517,1776401570000
1776401572.168,172.168,0.63,190.31,0.62,5.0,0.64,5.0,0.65,15.0,0.34,3.42,0.33,22.0,0.37,185.31,0.38,5.0,0.01,0.03,2330.488769,1776401571000
1776401573.411,173.411,0.63,186.98,0.62,5.0,0.64,5.0,0.65,15.0,0.36,5.0,0.35,15.0,0.37,190.31,0.38,5.0,0.01,0.01,2330.545661,1776401572000
1776401573.786,173.786,0.63,186.65,0.62,15.0,0.64,5.0,0.65,15.0,0.36,5.0,0.35,15.0,0.37,186.98,0.38,5.0,0.01,0.01,2330.545661,1776401572000
1776401575.935,175.935,0.63,193.67,0.62,15.0,0.64,13.88,0.65,10.0,0.34,36.55,0.33,22.0,0.37,181.65,0.38,15.0,0.01,0.03,2330.464291,1776401574000
1776401576.301,176.301,0.63,111.23,0.62,15.0,0.64,13.88,0.65,54.09,0.36,13.88,0.35,10.0,0.37,193.67,0.38,15.0,0.01,0.01,2330.464291,1776401574000
1776401576.834,176.834,0.64,12.22,0.63,15.0,0.65,54.09,0.66,5.53,0.36,13.88,0.35,54.09,0.37,111.23,0.38,15.0,0.01,0.01,2330.491015,1776401575000
1776401578.606,178.606,0.61,20.34,0.6,90.96,0.65,54.09,0.66,5.53,0.35,54.09,0.34,5.53,0.36,9.44,0.37,15.0,0.04,0.01,2330.532072,1776401577000
1776401580.138,180.138,0.63,2.29,0.61,30.34,0.64,33.88,0.65,15.0,0.35,54.09,0.34,5.53,0.39,20.34,0.4,90.96,0.01,0.04,2330.515991,1776401578000
1776401580.994,180.994,0.61,3.0,0.6,102.96,0.62,10.0,0.63,20.0,0.36,33.88,0.35,15.0,0.37,2.29,0.39,30.34,0.01,0.01,2330.515991,1776401578000
1776401581.41,181.41,0.61,8.0,0.6,102.96,0.63,8.41,0.64,10.0,0.38,10.0,0.37,20.0,0.39,3.0,0.4,102.96,0.02,0.01,2330.471439,1776401579000
1776401581.739,181.739,0.62,15.0,0.61,9.96,0.63,0.15,0.64,10.0,0.37,8.41,0.36,10.0,0.39,8.0,0.4,102.96,0.01,0.02,2330.545912,1776401580000
1776401585.732,185.732,0.65,6.65,0.64,15.0,0.66,5.53,0.67,10.0,0.35,13.28,0.34,5.53,0.38,15.0,0.39,9.96,0.01,0.03,2330.468466,1776401584000
1776401587.757,187.757,0.65,15.37,0.64,10.0,0.66,7.53,0.67,28.0,0.34,5.53,0.33,10.0,0.35,29.65,0.36,15.0,0.01,0.01,2330.474257,1776401586000
1776401588.072,188.072,0.73,80.0,0.72,30.0,0.74,13.62,0.75,28.0,0.34,7.53,0.33,28.0,0.35,15.37,0.36,10.0,0.01,0.01,2330.474257,1776401586000
1776401588.516,188.516,0.74,45.0,0.73,116.0,0.77,18.0,0.8,21.0,0.25,4.9,0.24,24.0,0.27,123.0,0.28,25.0,0.03,0.02,2330.477788,1776401587000
1776401588.921,188.921,0.76,14.75,0.75,20.0,0.77,28.0,0.78,19.0,0.23,49.0,0.22,19.0,0.24,9.0,0.25,20.0,0.01,0.01,2330.477788,1776401587000
1776401590.194,190.194,0.76,36.12,0.75,20.0,0.77,70.44,0.78,97.9,0.23,28.0,0.22,19.0,0.24,14.75,0.25,20.0,0.01,0.01,2330.592576,1776401589000
1776401591.241,191.241,0.76,21.63,0.75,20.0,0.77,65.44,0.78,97.9,0.23,70.44,0.22,97.9,0.24,36.12,0.25,20.0,0.01,0.01,2330.68758,1776401590000
1776401591.606,191.606,0.76,14.63,0.75,5.0,0.77,175.95,0.78,29.0,0.23,75.95,0.22,29.0,0.24,21.63,0.25,10.0,0.01,0.01,2330.68758,1776401590000
1776401592.242,192.242,0.76,4.21,0.75,5.0,0.77,239.43,0.78,29.0,0.23,180.95,0.22,29.0,0.24,4.21,0.25,5.0,0.01,0.01,2330.68758,1776401590000
1776401598.812,198.812,0.67,22.29,0.63,6.0,0.74,6.0,0.76,237.97,0.23,239.43,0.22,29.0,0.24,4.21,0.25,5.0,0.07,0.01,2330.669562,1776401597000
1776401599.286,199.286,0.66,70.0,0.65,5.0,0.67,4.33,0.68,10.0,0.26,6.0,0.24,237.97,0.33,22.29,0.37,6.0,0.01,0.07,2330.668033,1776401598000
1776401601.617,201.617,0.66,66.49,0.63,5.0,0.67,95.3,0.68,23.0,0.33,4.33,0.32,10.0,0.34,70.0,0.35,5.0,0.01,0.01,2330.572344,1776401600000
1776401606.036,206.036,0.66,4.0,0.61,80.0,0.67,105.3,0.68,47.23,0.33,95.3,0.32,23.0,0.34,66.49,0.37,5.0,0.01,0.01,2330.446515,1776401605000
1776401607.285,207.285,0.61,85.0,0.6,5.0,0.62,73.97,0.63,23.0,0.33,105.3,0.32,47.23,0.39,80.0,0.4,48.77,0.01,0.06,2330.446348,1776401606000
1776401607.624,207.624,0.61,85.0,0.6,5.0,0.62,53.97,0.63,18.0,0.38,73.97,0.37,23.0,0.39,85.0,0.4,5.0,0.01,0.01,2330.446348,1776401606000
1776401610.727,210.727,0.61,39.0,0.59,5.0,0.62,68.97,0.63,23.0,0.38,53.97,0.37,18.0,0.39,85.0,0.4,5.0,0.01,0.01,2330.486749,1776401608000
1776401612.076,212.076,0.57,12.0,0.56,111.77,0.58,86.8,0.59,50.0,0.38,78.97,0.37,50.2,0.39,62.56,0.41,5.0,0.01,0.01,2330.486749,1776401608000
1776401612.279,212.279,0.57,66.99,0.56,68.0,0.58,49.61,0.59,26.0,0.42,86.8,0.41,50.0,0.43,12.0,0.44,111.77,0.01,0.01,2330.486749,1776401608000
1776401612.619,212.619,0.57,12.0,0.56,111.77,0.59,0.61,0.6,26.0,0.42,44.61,0.41,26.0,0.43,66.99,0.44,68.0,0.02,0.01,2330.486749,1776401608000
1776401613.023,213.023,0.57,5.37,0.56,121.77,0.58,28.1,0.59,0.61,0.42,33.1,0.41,0.61,0.43,62.99,0.44,78.0,0.01,0.01,2330.486749,1776401608000
1776401614.26,214.26,0.57,68.36,0.56,78.0,0.58,26.2,0.59,0.61,0.42,28.1,0.41,0.61,0.43,5.37,0.44,121.77,0.01,0.01,2330.486749,1776401608000
1776401615.95,215.95,0.58,6.03,0.57,36.0,0.61,10.0,0.62,10.0,0.42,21.2,0.41,0.61,0.43,48.82,0.44,78.0,0.03,0.01,2330.486749,1776401608000
1776401622.378,222.378,0.6,4.87,0.59,10.0,0.62,20.0,0.63,10.0,0.39,10.0,0.38,10.0,0.42,6.03,0.43,36.0,0.02,0.03,2330.435682,1776401621000
1776401625.276,225.276,0.59,5.0,0.58,22.03,0.6,4.01,0.61,10.0,0.39,15.0,0.38,20.0,0.41,10.0,0.42,17.03,0.01,0.02,2330.472095,1776401623000
1776401631.109,231.109,0.86,101.99,0.85,15.0,0.9,30.0,0.91,17.0,0.4,4.01,0.39,10.0,0.41,5.0,0.42,22.03,0.04,0.01,2330.342097,1776401629000
1776401631.339,231.339,0.9,22.69,0.89,81.99,0.91,21.08,0.92,12.0,0.09,16.08,0.08,12.0,0.1,49.99,0.11,99.99,0.01,0.01,2330.342097,1776401629000
1776401631.607,231.607,0.9,12.69,0.89,33.0,0.91,22.46,0.92,12.0,0.09,2.46,0.08,12.0,0.1,27.69,0.11,33.0,0.01,0.01,2330.342097,1776401629000
1776401631.883,231.883,0.9,12.69,0.89,20.0,0.91,74.19,0.92,12.0,0.09,22.46,0.08,12.0,0.1,12.69,0.11,33.0,0.01,0.01,2330.342819,1776401630000
1776401632.187,232.187,0.89,56.95,0.88,42.0,0.91,74.19,0.92,12.0,0.09,74.19,0.08,12.0,0.1,12.69,0.11,20.0,0.02,0.01,2330.342819,1776401630000
1776401632.434,232.434,0.89,88.34,0.88,42.0,0.9,23.88,0.91,49.19,0.1,25.0,0.09,49.19,0.11,71.34,0.12,42.0,0.01,0.01,2330.343352,1776401631000
1776401633.304,233.304,0.9,25.0,0.89,76.34,0.91,44.21,0.92,12.0,0.09,44.71,0.08,12.0,0.11,83.34,0.12,42.0,0.01,0.02,2330.343352,1776401631000
1776401633.828,233.828,0.91,25.0,0.9,20.0,0.92,6.94,0.93,27.0,0.09,44.21,0.08,12.0,0.1,25.0,0.11,76.34,0.01,0.01,2330.343352,1776401631000
1776401635.282,235.282,0.91,35.0,0.9,25.0,0.92,5.85,0.93,14.0,0.08,6.94,0.07,27.0,0.09,25.0,0.1,20.0,0.01,0.01,2331.300047,1776401633000
1776401636.299,236.299,0.91,46.0,0.9,25.0,0.92,0.85,0.93,14.0,0.08,5.85,0.07,14.0,0.09,35.0,0.1,25.0,0.01,0.01,2331.320772,1776401635000
1776401636.631,236.631,0.88,8.71,0.87,30.74,0.92,5.85,0.93,14.0,0.08,0.85,0.07,14.0,0.09,46.0,0.1,25.0,0.04,0.01,2331.320772,1776401635000
1776401637.055,237.055,0.92,10.77,0.91,15.0,0.93,58.06,0.94,203.96,0.07,53.06,0.06,203.96,0.09,10.0,0.1,10.0,0.01,0.02,2331.320772,1776401635000
1776401639.694,239.694,0.92,18.72,0.91,30.0,0.93,2.84,0.94,216.0,0.07,58.06,0.06,203.96,0.08,8.72,0.09,15.0,0.01,0.01,2331.332874,1776401638000
1776401642.142,242.142,0.93,20.0,0.92,28.72,0.94,34.0,0.95,204.0,0.07,2.84,0.06,216.0,0.08,18.72,0.09,30.0,0.01,0.01,2331.326036,1776401640000
1776401643.262,243.262,0.93,25.0,0.92,28.72,0.94,28.68,0.95,204.0,0.06,34.0,0.05,204.0,0.07,20.0,0.08,28.72,0.01,0.01,2331.332079,1776401641000
1776401643.829,243.829,0.94,60.92,0.93,25.0,0.95,204.0,0.96,223.8,0.06,12.55,0.05,204.0,0.07,20.0,0.08,28.72,0.01,0.01,2331.332079,1776401641000
1776401644.033,244.033,0.94,92.92,0.93,20.0,0.95,311.21,0.96,450.8,0.05,204.0,0.04,223.8,0.06,60.92,0.07,25.0,0.01,0.01,2331.329827,1776401642000
1776401644.527,244.527,0.93,12.92,0.92,18.72,0.95,311.21,0.96,450.8,0.05,311.21,0.04,450.8,0.06,92.92,0.07,20.0,0.02,0.01,2331.329827,1776401642000
1776401644.814,244.814,0.94,10.0,0.93,51.62,0.95,294.36,0.96,450.8,0.05,299.89,0.04,450.8,0.07,12.92,0.08,18.72,0.01,0.02,2331.329167,1776401643000
1776401645.8,245.8,0.94,10.0,0.93,61.62,0.95,283.83,0.96,450.8,0.05,294.36,0.04,450.8,0.06,10.0,0.07,51.62,0.01,0.01,2331.330398,1776401644000
1776401646.449,246.449,0.94,10.0,0.93,61.9,0.95,292.87,0.96,450.8,0.05,283.83,0.04,450.8,0.07,55.9,0.08,29.7,0.01,0.02,2331.341231,1776401645000
1776401647.816,247.816,0.94,60.0,0.93,61.9,0.95,359.44,0.96,357.0,0.05,292.87,0.04,450.8,0.06,10.0,0.07,61.9,0.01,0.01,2331.330913,1776401646000
1776401648.39,248.39,0.94,60.0,0.93,61.9,0.95,354.17,0.96,357.0,0.05,359.44,0.04,357.0,0.06,60.0,0.07,61.9,0.01,0.01,2331.334236,1776401647000
1776401650.092,250.092,0.93,66.9,0.92,29.7,0.94,31.0,0.95,246.17,0.05,354.17,0.04,357.0,0.06,60.0,0.07,61.9,0.01,0.01,2331.338819,1776401648000
1776401651.203,251.203,0.93,132.2,0.92,78.6,0.94,47.08,0.95,84.39,0.06,31.0,0.05,246.17,0.07,66.9,0.08,29.7,0.01,0.01,2331.338819,1776401649000
1776401654.428,254.428,0.94,10.0,0.93,122.2,0.95,25.86,0.96,272.0,0.06,47.08,0.05,84.39,0.07,132.2,0.08,78.6,0.01,0.01,2331.392258,1776401653000
1776401655.133,255.133,0.94,10.0,0.93,117.2,0.95,16.5,0.96,272.0,0.05,21.77,0.04,272.0,0.06,10.0,0.07,122.2,0.01,0.01,2331.392258,1776401653000
1776401655.724,255.724,0.95,20.29,0.94,78.8,0.96,341.52,0.97,560.7,0.05,16.5,0.04,272.0,0.06,10.0,0.07,117.2,0.01,0.01,2331.391877,1776401654000
1776401656.346,256.346,0.95,20.29,0.94,78.8,0.96,247.98,0.97,633.7,0.04,341.52,0.03,560.7,0.05,20.29,0.06,78.8,0.01,0.01,2331.391877,1776401654000
1776401657.224,257.224,0.95,30.81,0.94,78.8,0.96,229.2,0.97,633.7,0.04,247.98,0.03,633.7,0.05,20.29,0.06,78.8,0.01,0.01,2331.39789,1776401656000
1776401657.429,257.429,0.95,40.81,0.94,78.8,0.96,223.76,0.97,639.48,0.04,229.2,0.03,633.7,0.05,30.81,0.06,78.8,0.01,0.01,2331.39789,1776401656000
1776401658.057,258.057,0.95,46.39,0.94,78.8,0.96,216.76,0.97,515.78,0.04,223.76,0.03,639.48,0.05,40.81,0.06,78.8,0.01,0.01,2331.39789,1776401656000
1776401659.282,259.282,0.95,46.39,0.94,78.8,0.96,179.88,0.97,479.0,0.04,216.76,0.03,515.78,0.05,46.39,0.06,78.8,0.01,0.01,2331.352253,1776401657000
1776401659.889,259.889,0.95,36.39,0.94,78.8,0.96,174.88,0.97,513.0,0.04,179.88,0.03,479.0,0.05,46.39,0.06,78.8,0.01,0.01,2331.336923,1776401658000
1776401660.264,260.264,0.95,36.39,0.94,78.8,0.96,159.88,0.97,453.91,0.04,174.88,0.03,513.0,0.05,36.39,0.06,78.8,0.01,0.01,2331.336923,1776401658000
1776401661.369,261.369,0.95,52.89,0.94,113.16,0.96,160.21,0.97,457.91,0.04,157.83,0.03,453.91,0.05,15.0,0.06,12.95,0.01,0.01,2331.334359,1776401660000
1776401661.844,261.844,0.95,52.89,0.94,146.16,0.96,159.16,0.97,457.91,0.04,160.21,0.03,457.91,0.05,52.89,0.06,113.16,0.01,0.01,2331.334359,1776401660000
1776401662.181,262.181,0.95,58.15,0.94,146.16,0.96,32.76,0.97,438.91,0.04,152.07,0.03,457.91,0.05,52.89,0.06,146.16,0.01,0.01,2331.334359,1776401660000
1776401663.645,263.645,0.95,52.89,0.94,158.16,0.96,4.8,0.97,290.91,0.04,32.76,0.03,438.91,0.05,58.15,0.06,146.16,0.01,0.01,2331.333353,1776401662000
1776401664.164,264.164,0.95,57.89,0.94,158.16,0.97,290.5,0.98,691.7,0.04,4.8,0.03,290.91,0.05,52.89,0.06,158.16,0.02,0.01,2331.333353,1776401662000
1776401664.695,264.695,0.96,136.6,0.95,47.89,0.97,220.5,0.98,691.7,0.03,290.5,0.02,691.7,0.05,57.89,0.06,158.16,0.01,0.02,2331.329774,1776401663000
1776401665.31,265.31,0.96,111.6,0.95,47.89,0.97,256.46,0.98,696.7,0.03,219.46,0.02,691.7,0.04,136.6,0.05,52.89,0.01,0.01,2331.326752,1776401664000
1776401665.696,265.696,0.96,13.95,0.95,47.89,0.97,232.23,0.98,696.7,0.03,246.88,0.02,696.7,0.04,10.0,0.05,47.89,0.01,0.01,2331.326752,1776401664000
1776401666.623,266.623,0.96,58.75,0.95,47.89,0.97,104.76,0.98,696.7,0.03,232.23,0.02,696.7,0.04,13.95,0.05,47.89,0.01,0.01,2331.30786,1776401665000
1776401666.989,266.989,0.96,53.75,0.95,47.89,0.97,56.02,0.98,696.7,0.03,88.05,0.02,696.7,0.04,53.75,0.05,47.89,0.01,0.01,2331.30786,1776401665000
1776401668.281,268.281,0.96,58.75,0.95,10.0,0.97,14.18,0.98,691.7,0.03,54.39,0.02,696.7,0.04,53.75,0.05,47.89,0.01,0.01,2331.304007,1776401666000
1776401668.499,268.499,0.96,58.75,0.95,10.0,0.97,12.63,0.98,691.7,0.03,14.18,0.02,691.7,0.04,58.75,0.05,10.0,0.01,0.01,2331.301551,1776401667000
1776401668.772,268.772,0.96,53.75,0.95,10.0,0.98,634.45,0.99,2269.97,0.03,11.49,0.02,691.7,0.04,53.75,0.05,10.0,0.02,0.01,2331.301551,1776401667000
1776401669.324,269.324,0.96,53.75,0.95,15.0,0.98,639.54,0.99,2269.97,0.02,640.67,0.01,2269.97,0.04,53.75,0.05,15.0,0.02,0.02,2331.301002,1776401668000
1776401669.92,269.92,0.97,122.57,0.96,53.75,0.98,596.11,0.99,2569.97,0.02,635.88,0.01,2269.97,0.04,53.75,0.05,15.0,0.01,0.02,2331.301002,1776401668000
1776401670.522,270.522,0.97,161.32,0.96,10.0,0.98,491.13,0.99,2269.97,0.02,596.11,0.01,2569.97,0.03,122.57,0.04,53.75,0.01,0.01,2331.302846,1776401669000
1776401670.896,270.896,0.97,48.75,0.96,10.0,0.98,540.1,0.99,2269.97,0.02,491.13,0.01,2269.97,0.03,161.32,0.04,10.0,0.01,0.01,2331.302846,1776401669000
1776401671.382,271.382,0.97,48.75,0.95,10.0,0.98,586.99,0.99,2284.97,0.02,540.1,0.01,2269.97,0.03,48.75,0.04,10.0,0.01,0.01,2331.302846,1776401669000
1776401671.889,271.889,0.97,28.75,0.95,10.0,0.98,679.95,0.99,2269.57,0.02,576.99,0.01,2284.97,0.03,28.75,0.05,10.0,0.01,0.01,2331.298278,1776401670000
1776401672.334,272.334,0.97,25.7,0.95,10.0,0.98,674.89,0.99,2269.57,0.02,674.95,0.01,2269.57,0.03,25.7,0.05,10.0,0.01,0.01,2331.300481,1776401671000
1776401672.885,272.885,0.97,25.7,0.95,10.0,0.98,638.1,0.99,2269.57,0.02,669.92,0.01,2269.57,0.03,25.7,0.05,10.0,0.01,0.01,2331.300481,1776401671000
1776401673.791,273.791,0.96,10.0,0.95,10.0,0.97,189.64,0.98,523.72,0.03,140.96,0.02,638.1,0.05,10.0,0.06,10.0,0.01,0.02,2331.326717,1776401672000
1776401674.048,274.048,0.96,10.0,0.95,10.0,0.97,102.85,0.98,461.2,0.03,189.64,0.02,523.72,0.04,10.0,0.05,10.0,0.01,0.01,2331.258346,1776401673000
1776401674.854,274.854,0.93,147.46,0.92,110.6,0.98,411.6,0.99,2257.57,0.03,102.85,0.02,461.2,0.04,10.0,0.05,10.0,0.05,0.01,2331.258346,1776401673000
1776401675.176,275.176,0.95,5.0,0.94,10.0,0.97,43.49,0.98,222.9,0.02,411.6,0.01,2257.57,0.07,147.46,0.08,110.6,0.02,0.05,2331.258346,1776401673000
1776401675.453,275.453,0.93,58.05,0.92,15.98,0.96,8.85,0.97,10.0,0.03,27.14,0.02,222.9,0.05,5.0,0.06,10.0,0.03,0.02,2331.212848,1776401674000
1776401676.195,276.195,0.95,20.49,0.94,152.62,0.96,57.5,0.97,19.6,0.05,5.0,0.04,77.6,0.07,26.0,0.08,67.97,0.01,0.02,2331.18247,1776401675000
1776401676.854,276.854,0.95,40.48,0.94,10.0,0.97,13.35,0.98,264.41,0.04,55.35,0.03,19.6,0.05,20.49,0.06,10.0,0.02,0.01,2331.18247,1776401675000
1776401677.336,277.336,0.93,15.0,0.92,19.99,0.94,18.76,0.95,10.0,0.03,13.35,0.02,264.41,0.1,15.0,0.11,15.0,0.01,0.07,2331.182384,1776401676000
1776401677.646,277.646,0.92,41.99,0.91,15.0,0.93,33.48,0.94,8.68,0.06,8.68,0.05,10.0,0.07,27.94,0.08,41.99,0.01,0.01,2331.182384,1776401676000
1776401678.536,278.536,0.92,66.94,0.91,36.0,0.93,20.0,0.94,13.68,0.07,33.48,0.06,8.68,0.08,41.99,0.09,15.0,0.01,0.01,2331.105417,1776401677000
1776401678.871,278.871,0.92,224.64,0.91,36.0,0.95,7.99,0.96,10.0,0.07,20.0,0.06,13.68,0.08,66.94,0.09,36.0,0.03,0.01,2331.105417,1776401677000
1776401679.594,279.594,0.93,86.64,0.92,39.0,0.96,10.0,0.97,78.75,0.05,7.99,0.04,10.0,0.08,224.64,0.09,36.0,0.03,0.03,2331.061812,1776401678000
1776401679.819,279.819,0.91,12.05,0.9,15.0,0.95,10.0,0.96,10.0,0.04,10.0,0.03,78.75,0.07,86.64,0.08,39.0,0.04,0.03,2331.061812,1776401678000
1776401680.163,280.163,0.94,5.0,0.92,10.0,0.95,2.96,0.96,15.0,0.05,10.0,0.04,10.0,0.09,12.05,0.1,15.0,0.01,0.04,2331.056888,1776401679000
1776401680.479,280.479,0.94,10.0,0.93,23.94,0.95,4.8,0.96,15.0,0.05,2.96,0.04,15.0,0.06,5.0,0.08,10.0,0.01,0.01,2331.056888,1776401679000
1776401681.693,281.693,0.94,64.02,0.93,33.94,0.96,14.54,0.97,73.75,0.05,4.8,0.04,15.0,0.06,10.0,0.07,23.94,0.02,0.01,2331.026286,1776401680000
1776401682.014,282.014,0.89,10.0,0.88,10.0,0.92,48.0,0.93,10.0,0.05,54.0,0.04,25.54,0.13,15.74,0.14,90.0,0.03,0.08,2331.026282,1776401681000
1776401682.223,282.223,0.88,6.15,0.87,15.74,0.9,37.88,0.91,22.0,0.1,37.88,0.09,22.0,0.11,1.15,0.12,25.0,0.02,0.01,2331.026282,1776401681000
1776401682.436,282.436,0.88,61.73,0.87,15.74,0.89,29.76,0.9,45.0,0.11,8.14,0.1,50.0,0.12,6.15,0.13,5.74,0.01,0.01,2331.026282,1776401681000
1776401682.699,282.699,0.88,137.94,0.87,25.74,0.89,29.76,0.9,20.0,0.11,29.76,0.1,20.0,0.12,158.94,0.13,25.74,0.01,0.01,2331.026282,1776401681000
1776401682.908,282.908,0.86,3.56,0.85,10.0,0.89,34.76,0.9,20.0,0.11,29.76,0.1,20.0,0.12,52.94,0.13,25.74,0.03,0.01,2331.026282,1776401681000
1776401683.351,283.351,0.86,36.49,0.85,19.0,0.87,25.43,0.88,10.0,0.11,34.76,0.1,20.0,0.14,3.56,0.15,10.0,0.01,0.03,2331.025025,1776401682000
1776401683.814,283.814,0.86,23.89,0.82,30.0,0.87,50.43,0.88,10.0,0.13,25.43,0.12,10.0,0.14,36.49,0.15,19.0,0.01,0.01,2331.025025,1776401682000
1776401684.027,284.027,0.76,66.94,0.75,7.0,0.77,35.43,0.78,10.0,0.13,79.43,0.12,10.0,0.24,50.0,0.26,7.0,0.01,0.11,2331.025025,1776401682000
1776401684.245,284.245,0.69,10.0,0.68,10.0,0.73,40.43,0.74,10.0,0.23,35.43,0.22,10.0,0.28,5.04,0.3,5.1,0.04,0.05,2330.904855,1776401683000
1776401684.551,284.551,0.67,33.94,0.66,15.0,0.68,23.66,0.72,10.0,0.32,9.62,0.31,28.66,0.33,10.0,0.34,10.0,0.01,0.01,2330.904855,1776401683000
1776401685.059,285.059,0.67,28.84,0.66,15.0,0.68,28.66,0.74,10.0,0.32,23.66,0.28,10.0,0.33,33.94,0.34,15.0,0.01,0.01,2330.904855,1776401683000
1776401685.265,285.265,0.72,6.64,0.71,10.0,0.75,30.0,0.76,65.0,0.25,30.0,0.24,60.0,0.33,42.84,0.34,15.0,0.03,0.08,2330.805095,1776401684000
1776401685.671,285.671,0.74,15.0,0.73,16.0,0.75,20.28,0.76,60.0,0.25,36.28,0.24,60.0,0.27,10.0,0.28,15.46,0.01,0.02,2330.805095,1776401684000
1776401686.042,286.042,0.73,10.0,0.72,10.0,0.77,10.0,0.78,10.0,0.24,30.0,0.23,10.0,0.25,10.0,0.26,15.0,0.04,0.01,2330.805095,1776401684000
1776401686.41,286.41,0.74,8.25,0.73,19.94,0.75,15.0,0.76,5.84,0.24,5.84,0.23,10.0,0.26,10.0,0.27,24.94,0.01,0.02,2330.464569,1776401685000
1776401686.784,286.784,0.74,13.26,0.73,40.94,0.75,15.0,0.76,5.84,0.25,5.04,0.24,5.84,0.26,8.25,0.27,19.94,0.01,0.01,2330.464569,1776401685000
1776401687.205,287.205,0.75,10.0,0.74,18.25,0.77,8.32,0.78,10.0,0.25,2.87,0.24,5.84,0.26,8.29,0.27,40.94,0.02,0.01,2330.435019,1776401686000
1776401687.443,287.443,0.75,6.94,0.74,17.0,0.78,4.82,0.79,10.0,0.23,10.72,0.22,15.0,0.25,6.94,0.26,10.0,0.03,0.02,2330.435019,1776401686000
1776401687.897,287.897,0.76,17.94,0.75,16.94,0.77,12.14,0.78,14.82,0.23,8.57,0.22,14.82,0.25,16.94,0.26,17.0,0.01,0.02,2330.435019,1776401686000
1776401688.114,288.114,0.76,10.52,0.75,16.94,0.78,14.82,0.79,10.0,0.23,0.58,0.22,14.82,0.24,17.94,0.25,16.94,0.02,0.01,2330.406041,1776401687000
1776401688.397,288.397,0.76,7.52,0.75,16.94,0.77,15.0,0.78,10.0,0.2,3.68,0.19,60.0,0.24,10.52,0.25,16.94,0.01,0.04,2330.406041,1776401687000
1776401688.598,288.598,0.74,10.97,0.73,31.0,0.77,15.0,0.78,15.0,0.23,15.0,0.22,10.0,0.25,2.55,0.26,10.0,0.03,0.02,2330.406041,1776401687000
1776401689.245,289.245,0.75,10.0,0.74,10.97,0.8,9.5,0.81,60.0,0.23,13.36,0.22,15.0,0.26,10.97,0.27,31.0,0.05,0.03,2330.406236,1776401688000
1776401689.719,289.719,0.78,10.0,0.77,10.0,0.79,144.0,0.81,60.0,0.21,2.4,0.2,9.5,0.22,10.0,0.23,10.0,0.01,0.01,2330.406236,1776401688000
1776401690.083,290.083,0.71,85.0,0.7,29.28,0.77,1.61,0.78,10.0,0.24,40.53,0.21,87.37,0.3,24.28,0.31,10.0,0.06,0.06,2330.406236,1776401688000
1776401690.668,290.668,0.77,29.55,0.76,10.0,0.79,10.0,0.8,10.0,0.21,10.0,0.2,10.0,0.23,28.9,0.24,10.0,0.02,0.02,2330.408252,1776401689000
1776401690.889,290.889,0.78,14.55,0.77,10.0,0.86,20.23,0.87,46.23,0.21,10.0,0.2,10.0,0.23,29.55,0.24,10.0,0.08,0.02,2330.408252,1776401689000
1776401691.26,291.26,0.81,14.55,0.8,15.0,0.84,9.4,0.85,10.0,0.17,10.0,0.16,10.0,0.21,8.27,0.22,24.55,0.03,0.04,2330.408252,1776401689000
1776401691.96,291.96,0.85,10.0,0.84,24.55,0.86,61.23,0.87,16.23,0.18,7.8,0.16,9.4,0.19,14.55,0.2,10.0,0.01,0.01,2330.408252,1776401689000
1776401692.521,292.521,0.83,3.23,0.82,10.0,0.86,61.23,0.87,6.23,0.14,61.23,0.13,6.23,0.2,10.0,0.21,8.27,0.03,0.06,2330.373601,1776401690000
1776401693.627,293.627,0.85,10.0,0.84,10.0,0.88,14.32,0.89,10.0,0.12,10.0,0.11,10.0,0.15,10.0,0.16,10.0,0.03,0.03,2330.349368,1776401692000
1776401693.907,293.907,0.87,10.0,0.86,10.0,0.88,15.22,0.89,10.0,0.12,14.32,0.11,10.0,0.15,10.0,0.16,10.0,0.01,0.03,2330.349368,1776401692000
1776401694.144,294.144,0.87,15.0,0.86,10.0,0.93,35.36,0.94,218.04,0.12,15.22,0.11,10.0,0.13,10.0,0.14,10.0,0.06,0.01,2330.349368,1776401692000
1776401694.442,294.442,0.92,10.0,0.91,10.0,0.93,152.16,0.94,235.99,0.07,35.36,0.06,218.04,0.13,15.0,0.14,10.0,0.01,0.06,2330.353211,1776401693000
1776401694.95,294.95,0.92,15.0,0.91,10.0,0.93,30.92,0.95,238.99,0.07,110.3,0.06,235.99,0.08,10.0,0.09,10.0,0.01,0.01,2330.353211,1776401693000
1776401695.43,295.43,0.92,3.94,0.91,10.0,0.93,27.92,0.95,30.0,0.07,30.92,0.05,238.99,0.08,15.0,0.09,10.0,0.01,0.01,2330.353211,1776401693000
1776401695.831,295.831,0.92,3.94,0.91,10.0,0.93,30.76,0.95,30.0,0.07,27.92,0.05,30.0,0.08,3.94,0.09,10.0,0.01,0.01,2330.353326,1776401694000
1776401697.323,297.323,0.92,8.94,0.91,10.0,0.93,17.0,0.98,71.42,0.07,30.76,0.05,30.0,0.08,3.94,0.09,10.0,0.01,0.01,2330.425444,1776401696000
1776401697.621,297.621,0.97,15.0,0.96,15.0,0.98,8.32,0.99,1146.37,0.02,26.32,0.01,1146.37,0.08,8.94,0.09,10.0,0.01,0.06,2330.425444,1776401696000
1776401698.085,298.085,0.98,10.0,0.97,5.0,0.99,1027.67,,,0.01,1028.69,,,0.03,5.0,0.04,15.0,0.01,0.02,2330.425444,1776401696000
1776401698.322,298.322,0.98,10.0,0.97,5.0,0.99,981.54,,,0.01,987.56,,,0.02,10.0,0.03,5.0,0.01,0.01,2330.368558,1776401697000
1776401699.066,299.066,0.99,1223.77,0.98,79.0,,,,,,,,,0.01,50.55,0.02,10.0,,,2330.368558,1776401697000
1776401700.229,300.229,0.99,22169.31,0.98,69.0,,,,,,,,,0.01,1223.77,0.02,79.0,,,2330.372017,1776401699000
