timestamp,elapsed_sec,up_bid_p1,up_bid_s1,up_bid_p2,up_bid_s2,up_ask_p1,up_ask_s1,up_ask_p2,up_ask_s2,down_bid_p1,down_bid_s1,down_bid_p2,down_bid_s2,down_ask_p1,down_ask_s1,down_ask_p2,down_ask_s2,up_spread,down_spread,eth_price,eth_oracle_ts
1776212401.457,1.457,,,,,,,,,,,,,,,,,,,2332.441318,1776212400000
1776212401.794,1.794,0.51,124.0,0.5,5.0,0.52,24.0,0.53,26.0,0.48,5.0,0.47,70.0,0.49,119.0,0.5,5.0,0.01,0.01,2332.441318,1776212400000
1776212402.042,2.042,0.51,124.0,0.5,10.0,0.54,18.92,0.55,13.0,0.48,24.0,0.47,26.0,0.49,124.0,0.5,5.0,0.03,0.01,2332.441318,1776212400000
1776212402.261,2.261,0.53,10.0,0.51,119.0,0.55,17.81,0.57,70.0,0.46,18.92,0.45,13.0,0.49,124.0,0.5,10.0,0.02,0.03,2332.440353,1776212401000
1776212402.794,2.794,0.53,5.0,0.52,5.0,0.55,20.99,0.56,13.0,0.45,17.81,0.43,70.0,0.47,10.0,0.49,119.0,0.02,0.02,2332.440353,1776212401000
1776212403.088,3.088,0.54,7.0,0.53,5.0,0.55,15.99,0.56,13.0,0.45,20.99,0.44,13.0,0.47,5.0,0.48,5.0,0.01,0.02,2332.440353,1776212401000
1776212403.575,3.575,0.54,12.0,0.53,10.0,0.55,26.89,0.56,18.0,0.45,15.99,0.44,13.0,0.46,7.0,0.47,5.0,0.01,0.01,2332.441824,1776212402000
1776212404.148,4.148,0.54,12.0,0.53,10.0,0.55,20.56,0.56,28.0,0.45,26.89,0.44,18.0,0.46,12.0,0.47,10.0,0.01,0.01,2332.441824,1776212402000
1776212404.416,4.416,0.55,48.39,0.54,12.0,0.56,8.0,0.57,85.0,0.44,8.0,0.43,85.0,0.45,48.39,0.46,12.0,0.01,0.01,2332.642402,1776212403000
1776212404.741,4.741,0.55,47.83,0.54,12.0,0.56,8.0,0.57,90.0,0.44,8.0,0.43,85.0,0.45,48.39,0.46,12.0,0.01,0.01,2332.642402,1776212403000
1776212405.052,5.052,0.55,47.83,0.54,12.0,0.56,8.0,0.57,90.0,0.44,8.0,0.43,90.0,0.45,47.83,0.46,12.0,0.01,0.01,2332.617216,1776212404000
1776212405.775,5.775,0.55,40.51,0.54,12.0,0.56,26.0,0.57,103.0,0.44,8.0,0.43,90.0,0.45,47.83,0.46,12.0,0.01,0.01,2332.617216,1776212404000
1776212406.248,6.248,0.55,45.51,0.54,12.0,0.56,57.0,0.57,103.0,0.44,26.0,0.43,103.0,0.45,40.51,0.46,12.0,0.01,0.01,2332.617216,1776212404000
1776212406.476,6.476,0.55,40.51,0.54,22.0,0.56,54.0,0.57,103.0,0.44,57.0,0.43,103.0,0.45,45.51,0.46,12.0,0.01,0.01,2332.590306,1776212405000
1776212406.761,6.761,0.55,13.28,0.54,22.0,0.56,78.0,0.57,103.0,0.44,54.0,0.43,103.0,0.45,40.51,0.46,22.0,0.01,0.01,2332.590306,1776212405000
1776212406.977,6.977,0.55,3.28,0.54,22.0,0.56,68.0,0.57,98.0,0.44,63.0,0.43,98.0,0.45,13.28,0.46,22.0,0.01,0.01,2332.590306,1776212405000
1776212407.541,7.541,0.55,3.28,0.54,22.0,0.56,68.0,0.57,98.0,0.44,68.0,0.43,98.0,0.45,3.28,0.46,22.0,0.01,0.01,2332.593604,1776212406000
1776212408.026,8.026,0.54,22.0,0.53,10.0,0.55,71.0,0.56,33.0,0.45,71.0,0.44,33.0,0.46,22.0,0.47,10.0,0.01,0.01,2332.617915,1776212407000
1776212408.405,8.405,0.54,27.0,0.53,15.0,0.55,28.0,0.56,13.0,0.45,71.0,0.44,33.0,0.46,22.0,0.47,10.0,0.01,0.01,2332.617915,1776212407000
1776212408.614,8.614,0.54,42.0,0.53,15.0,0.55,23.0,0.56,18.0,0.45,28.0,0.44,13.0,0.46,27.0,0.47,15.0,0.01,0.01,2332.617915,1776212407000
1776212409.163,9.163,0.54,32.0,0.53,15.0,0.55,23.0,0.56,18.0,0.45,23.0,0.44,18.0,0.46,32.0,0.47,15.0,0.01,0.01,2332.575246,1776212408000
1776212409.582,9.582,0.54,26.34,0.53,15.0,0.55,18.0,0.56,28.0,0.45,28.0,0.44,28.0,0.46,26.34,0.47,15.0,0.01,0.01,2332.575246,1776212408000
1776212410.02,10.02,0.54,56.34,0.53,10.0,0.56,13.0,0.57,27.0,0.45,18.0,0.44,28.0,0.46,46.34,0.47,15.0,0.02,0.01,2332.575246,1776212408000
1776212410.341,10.341,0.55,10.0,0.54,46.34,0.59,62.85,0.6,16.0,0.41,62.85,0.4,16.0,0.45,10.0,0.46,46.34,0.04,0.04,2332.67811,1776212409000
1776212410.646,10.646,0.59,5.0,0.58,20.0,0.6,1.0,0.61,28.0,0.4,1.0,0.39,10.0,0.41,15.0,0.42,15.0,0.01,0.01,2332.67811,1776212409000
1776212410.905,10.905,0.58,10.0,0.55,10.0,0.6,14.0,0.61,23.0,0.4,14.0,0.39,23.0,0.42,10.0,0.45,10.0,0.02,0.02,2332.67811,1776212410000
1776212411.195,11.195,0.57,11.0,0.56,15.0,0.58,5.0,0.59,15.0,0.4,14.0,0.39,23.0,0.42,10.0,0.45,10.0,0.01,0.02,2332.67811,1776212410000
1776212411.565,11.565,0.57,17.0,0.56,25.0,0.58,20.0,0.59,5.0,0.42,5.0,0.41,15.0,0.43,11.0,0.44,15.0,0.01,0.01,2332.67811,1776212410000
1776212412.123,12.123,0.57,2.34,0.56,25.0,0.58,20.0,0.59,5.0,0.42,20.0,0.41,5.0,0.43,2.34,0.44,25.0,0.01,0.01,2332.753497,1776212411000
1776212412.323,12.323,0.57,20.0,0.56,145.0,0.58,15.0,0.59,15.0,0.42,20.0,0.41,5.0,0.43,2.34,0.44,25.0,0.01,0.01,2332.753497,1776212411000
1776212412.58,12.58,0.6,7.83,0.58,10.0,0.63,70.0,0.64,10.0,0.41,5.5,0.37,70.0,0.43,25.0,0.44,145.0,0.03,0.02,2332.753497,1776212411000
1776212413.263,13.263,0.6,7.83,0.58,10.0,0.63,70.0,0.64,10.0,0.37,70.0,0.36,10.0,0.4,7.83,0.42,10.0,0.03,0.03,2332.955822,1776212412000
1776212413.57,13.57,0.61,41.0,0.6,25.0,0.62,32.0,0.63,23.0,0.38,37.0,0.37,23.0,0.39,46.0,0.4,25.0,0.01,0.01,2332.955822,1776212412000
1776212413.815,13.815,0.61,41.0,0.6,25.0,0.62,22.0,0.63,23.0,0.38,32.0,0.37,23.0,0.39,41.0,0.4,25.0,0.01,0.01,2332.955822,1776212412000
1776212414.31,14.31,0.61,46.0,0.6,25.0,0.63,11.38,0.64,24.0,0.38,13.38,0.37,23.0,0.39,41.0,0.4,25.0,0.02,0.01,2332.955822,1776212412000
1776212414.853,14.853,0.62,40.0,0.61,36.0,0.63,25.25,0.64,24.0,0.37,11.38,0.36,24.0,0.39,46.0,0.4,25.0,0.01,0.02,2333.171869,1776212413000
1776212415.104,15.104,0.62,35.0,0.61,36.0,0.63,36.37,0.64,24.0,0.37,25.25,0.36,24.0,0.38,40.0,0.39,36.0,0.01,0.01,2333.277056,1776212414000
1776212415.977,15.977,0.62,35.0,0.61,36.0,0.63,10.66,0.64,29.0,0.37,24.49,0.36,24.0,0.38,35.0,0.39,36.0,0.01,0.01,2333.277056,1776212414000
1776212416.443,16.443,0.62,30.0,0.61,36.0,0.63,1.67,0.64,39.0,0.37,3.26,0.36,39.0,0.38,35.0,0.39,36.0,0.01,0.01,2333.277056,1776212414000
1776212416.736,16.736,0.62,30.0,0.61,36.0,0.63,1.67,0.64,39.0,0.37,1.67,0.36,39.0,0.38,30.0,0.39,36.0,0.01,0.01,2333.336981,1776212415000
1776212417.167,17.167,0.59,5.0,0.58,105.0,0.6,61.5,0.61,31.0,0.4,20.0,0.39,15.0,0.42,115.0,0.43,25.0,0.01,0.02,2333.336981,1776212415000
1776212418.071,18.071,0.59,5.0,0.58,105.0,0.6,61.5,0.61,31.0,0.4,61.5,0.39,31.0,0.41,5.0,0.42,105.0,0.01,0.01,2333.351318,1776212417000
1776212418.619,18.619,0.58,125.0,0.57,25.0,0.6,64.5,0.61,31.0,0.4,61.5,0.39,31.0,0.41,5.0,0.42,105.0,0.02,0.01,2333.351318,1776212417000
1776212419.215,19.215,0.58,125.0,0.57,25.0,0.6,64.5,0.61,31.0,0.4,64.5,0.39,31.0,0.42,125.0,0.43,25.0,0.02,0.02,2333.321662,1776212418000
1776212419.982,19.982,0.59,30.0,0.58,125.0,0.6,5.0,0.61,73.0,0.4,25.0,0.39,61.0,0.42,130.0,0.43,30.0,0.01,0.02,2333.321662,1776212418000
1776212420.631,20.631,0.59,30.0,0.58,125.0,0.6,5.0,0.61,73.0,0.4,5.0,0.39,73.0,0.41,30.0,0.42,125.0,0.01,0.01,2333.238765,1776212419000
1776212421.061,21.061,0.59,25.0,0.58,145.0,0.61,71.0,0.62,21.0,0.4,5.0,0.39,73.0,0.41,30.0,0.42,125.0,0.02,0.01,2333.238765,1776212419000
1776212421.321,21.321,0.59,25.0,0.58,145.0,0.61,60.18,0.62,15.0,0.39,60.18,0.38,15.0,0.41,25.0,0.42,145.0,0.02,0.02,2333.248493,1776212420000
1776212421.992,21.992,0.59,25.0,0.58,145.0,0.61,60.18,0.62,15.0,0.39,60.18,0.38,15.0,0.41,25.0,0.42,145.0,0.02,0.02,2333.260763,1776212421000
1776212422.289,22.289,0.6,27.5,0.59,25.0,0.61,30.0,0.62,15.0,0.39,60.18,0.38,15.0,0.41,25.0,0.42,145.0,0.01,0.02,2333.260763,1776212421000
1776212422.517,22.517,0.6,51.0,0.59,50.0,0.61,23.27,0.62,15.0,0.39,30.0,0.38,15.0,0.4,27.5,0.41,25.0,0.01,0.01,2333.260763,1776212421000
1776212423.054,23.054,0.6,111.0,0.59,40.0,0.61,12.56,0.64,10.5,0.39,23.27,0.38,15.0,0.4,51.0,0.41,50.0,0.01,0.01,2333.260763,1776212421000
1776212423.656,23.656,0.69,25.0,0.68,51.0,0.72,15.0,0.73,28.0,0.31,7.1,0.3,65.0,0.33,10.0,0.34,65.0,0.03,0.02,2333.260412,1776212422000
1776212423.965,23.965,0.69,25.0,0.68,51.0,0.72,15.0,0.73,28.0,0.28,15.0,0.27,28.0,0.31,25.0,0.32,51.0,0.03,0.03,2333.295143,1776212423000
1776212424.313,24.313,0.7,25.0,0.69,51.0,0.72,21.0,0.73,20.0,0.28,15.0,0.27,28.0,0.31,25.0,0.32,51.0,0.02,0.03,2333.295143,1776212423000
1776212424.805,24.805,0.69,10.0,0.68,36.0,0.7,19.57,0.71,21.0,0.28,21.0,0.27,20.0,0.3,25.0,0.31,51.0,0.01,0.02,2333.295143,1776212423000
1776212425.653,25.653,0.69,10.0,0.68,36.0,0.7,19.57,0.71,21.0,0.3,19.57,0.29,21.0,0.31,10.0,0.32,36.0,0.01,0.01,2333.804912,1776212424000
1776212425.877,25.877,0.69,15.0,0.68,46.0,0.7,23.07,0.71,16.0,0.3,19.57,0.29,21.0,0.31,10.0,0.32,36.0,0.01,0.01,2333.804912,1776212424000
1776212426.483,26.483,0.69,10.0,0.68,46.0,0.7,12.78,0.71,16.0,0.3,12.78,0.29,16.0,0.31,10.0,0.32,46.0,0.01,0.01,2333.963836,1776212425000
1776212426.766,26.766,0.71,17.0,0.7,11.0,0.72,10.39,0.73,15.0,0.3,12.78,0.29,16.0,0.31,10.0,0.32,46.0,0.01,0.01,2333.963836,1776212425000
1776212427.245,27.245,0.71,17.0,0.7,11.0,0.72,10.39,0.73,15.0,0.28,10.39,0.27,15.0,0.29,17.0,0.3,11.0,0.01,0.01,2333.884314,1776212426000
1776212427.817,27.817,0.71,11.0,0.7,11.0,0.72,20.0,0.73,21.0,0.28,10.39,0.27,15.0,0.29,17.0,0.3,11.0,0.01,0.01,2333.884314,1776212426000
1776212428.533,28.533,0.71,30.82,0.7,21.0,0.72,35.0,0.73,31.28,0.28,20.0,0.27,21.0,0.29,11.0,0.3,11.0,0.01,0.01,2333.884314,1776212426000
1776212428.776,28.776,0.71,30.82,0.7,21.0,0.72,35.0,0.73,31.28,0.28,35.0,0.27,31.28,0.29,30.82,0.3,21.0,0.01,0.01,2334.039909,1776212427000
1776212429.386,29.386,0.71,20.82,0.7,51.0,0.72,7.47,0.73,41.28,0.28,17.47,0.27,41.28,0.29,40.82,0.3,31.0,0.01,0.01,2334.039909,1776212427000
1776212430.075,30.075,0.71,20.82,0.7,46.0,0.72,24.41,0.73,31.28,0.28,24.41,0.27,31.28,0.29,20.82,0.3,46.0,0.01,0.01,2334.143024,1776212429000
1776212430.365,30.365,0.71,40.82,0.7,46.0,0.72,8.0,0.73,41.28,0.28,24.41,0.27,31.28,0.29,20.82,0.3,46.0,0.01,0.01,2334.143024,1776212429000
1776212431.264,31.264,0.72,26.0,0.71,152.82,0.73,20.57,0.74,29.0,0.28,8.0,0.27,41.28,0.29,40.82,0.3,46.0,0.01,0.01,2334.143024,1776212429000
1776212431.547,31.547,0.72,82.0,0.71,191.82,0.73,15.09,0.74,24.0,0.27,20.57,0.26,29.0,0.28,26.0,0.29,152.82,0.01,0.01,2334.143024,1776212429000
1776212432.09,32.09,0.72,82.0,0.71,191.82,0.74,10.98,0.75,45.0,0.26,10.98,0.25,45.0,0.28,82.0,0.29,191.82,0.02,0.02,2334.156042,1776212431000
1776212432.677,32.677,0.75,131.0,0.74,160.0,0.8,60.0,0.81,30.0,0.24,6.03,0.22,5.0,0.27,16.0,0.28,238.62,0.05,0.03,2334.156042,1776212431000
1776212433.546,33.546,0.79,82.0,0.78,21.0,0.8,25.05,0.81,76.55,0.2,60.0,0.19,30.0,0.25,131.0,0.26,160.0,0.01,0.05,2334.156042,1776212431000
1776212433.832,33.832,0.79,87.0,0.78,21.0,0.8,5.55,0.81,76.55,0.2,7.55,0.19,76.55,0.21,87.0,0.22,21.0,0.01,0.01,2334.900152,1776212432000
1776212434.4,34.4,0.79,195.08,0.78,129.0,0.8,5.55,0.81,76.55,0.2,15.55,0.19,76.55,0.21,81.04,0.22,21.0,0.01,0.01,2334.900152,1776212432000
1776212434.704,34.704,0.79,195.08,0.78,129.0,0.8,5.55,0.81,76.55,0.2,5.55,0.19,76.55,0.21,195.08,0.22,129.0,0.01,0.01,2335.067038,1776212433000
1776212435.162,35.162,0.79,195.08,0.78,129.0,0.8,5.55,0.81,76.55,0.2,5.55,0.19,76.55,0.21,195.08,0.22,129.0,0.01,0.01,2335.148656,1776212434000
1776212435.437,35.437,0.79,95.0,0.78,100.0,0.8,119.26,0.81,135.0,0.2,14.21,0.19,140.0,0.21,115.0,0.22,115.0,0.01,0.01,2335.148656,1776212434000
1776212435.64,35.64,0.78,10.13,0.77,24.98,0.8,183.26,0.81,135.0,0.2,169.26,0.19,135.0,0.22,15.0,0.23,24.98,0.02,0.02,2335.148656,1776212434000
1776212436.174,36.174,0.77,21.11,0.76,89.0,0.8,170.26,0.81,158.0,0.2,170.26,0.19,158.0,0.23,21.11,0.24,89.0,0.03,0.03,2335.168403,1776212435000
1776212436.393,36.393,0.78,5.0,0.77,36.11,0.79,111.87,0.8,130.6,0.21,122.0,0.2,130.6,0.22,5.0,0.23,36.11,0.01,0.01,2335.168403,1776212435000
1776212437.046,37.046,0.78,10.0,0.77,51.11,0.79,10.54,0.8,20.05,0.21,10.54,0.2,20.05,0.22,10.0,0.23,51.11,0.01,0.01,2335.023779,1776212436000
1776212437.358,37.358,0.79,26.23,0.78,21.0,0.8,10.05,0.81,140.0,0.21,10.54,0.2,20.05,0.22,10.0,0.23,51.11,0.01,0.01,2335.023779,1776212436000
1776212438.108,38.108,0.79,21.46,0.78,21.0,0.8,10.05,0.81,140.0,0.2,10.05,0.19,140.0,0.21,21.46,0.22,21.0,0.01,0.01,2334.973129,1776212437000
1776212438.357,38.357,0.81,51.0,0.8,15.0,0.82,88.9,0.83,105.9,0.2,10.05,0.19,140.0,0.21,21.46,0.22,21.0,0.01,0.01,2334.973129,1776212437000
1776212439.138,39.138,0.81,51.0,0.8,15.0,0.82,88.9,0.83,105.9,0.18,88.9,0.17,105.9,0.19,51.0,0.2,15.0,0.01,0.01,2334.983583,1776212438000
1776212439.418,39.418,0.81,56.0,0.8,20.0,0.82,20.73,0.83,15.9,0.18,88.9,0.17,105.9,0.19,51.0,0.2,15.0,0.01,0.01,2334.983583,1776212438000
1776212440.118,40.118,0.81,56.0,0.8,20.0,0.82,6.73,0.83,115.9,0.18,6.73,0.17,115.9,0.19,56.0,0.2,20.0,0.01,0.01,2335.258035,1776212439000
1776212440.445,40.445,0.81,81.0,0.8,30.0,0.82,103.0,0.83,142.9,0.18,101.48,0.17,115.9,0.19,81.0,0.2,30.0,0.01,0.01,2335.258035,1776212439000
1776212441.09,41.09,0.81,35.0,0.8,15.0,0.82,115.0,0.83,146.4,0.18,103.0,0.17,142.9,0.19,81.0,0.2,30.0,0.01,0.01,2335.258035,1776212439000
1776212441.454,41.454,0.8,15.0,0.79,10.0,0.82,125.0,0.83,188.4,0.18,115.0,0.17,146.4,0.19,35.0,0.2,15.0,0.02,0.01,2335.321567,1776212440000
1776212441.931,41.931,0.8,20.0,0.77,76.11,0.81,195.0,0.82,188.4,0.18,125.0,0.17,188.4,0.2,15.0,0.21,10.0,0.01,0.02,2335.321567,1776212440000
1776212442.152,42.152,0.79,5.0,0.78,10.0,0.81,195.0,0.82,196.4,0.19,195.0,0.18,188.4,0.2,20.0,0.23,76.11,0.02,0.01,2335.344008,1776212441000
1776212442.549,42.549,0.79,20.23,0.78,15.0,0.8,154.87,0.81,190.0,0.2,104.87,0.19,190.0,0.21,5.0,0.22,10.0,0.01,0.01,2335.344008,1776212441000
1776212442.974,42.974,0.79,25.23,0.78,15.0,0.8,120.88,0.81,190.0,0.2,120.88,0.19,190.0,0.21,20.23,0.22,15.0,0.01,0.01,2335.344008,1776212441000
1776212443.431,43.431,0.79,25.23,0.78,10.0,0.8,105.88,0.81,195.0,0.2,120.88,0.19,190.0,0.21,20.23,0.22,15.0,0.01,0.01,2335.124483,1776212442000
1776212443.941,43.941,0.79,25.23,0.78,10.0,0.8,105.88,0.81,195.0,0.2,105.88,0.19,195.0,0.21,25.23,0.22,10.0,0.01,0.01,2335.001794,1776212443000
1776212444.879,44.879,0.79,25.23,0.78,10.0,0.8,105.88,0.81,195.0,0.2,105.88,0.19,195.0,0.21,25.23,0.22,10.0,0.01,0.01,2334.978965,1776212444000
1776212445.128,45.128,0.79,10.23,0.78,25.0,0.8,98.0,0.81,195.0,0.2,100.0,0.19,195.0,0.21,35.23,0.22,25.0,0.01,0.01,2334.978965,1776212444000
1776212445.901,45.901,0.79,10.23,0.78,25.0,0.8,98.0,0.81,195.0,0.2,98.0,0.19,195.0,0.21,10.23,0.22,25.0,0.01,0.01,2334.975105,1776212445000
1776212446.2,46.2,0.79,10.23,0.78,25.0,0.8,88.0,0.81,195.0,0.2,98.0,0.19,195.0,0.21,10.23,0.22,25.0,0.01,0.01,2334.975105,1776212445000
1776212446.529,46.529,0.78,25.0,0.77,96.11,0.8,93.0,0.81,213.4,0.2,88.0,0.19,195.0,0.21,10.23,0.22,25.0,0.02,0.01,2334.975105,1776212445000
1776212447.218,47.218,0.78,25.0,0.77,96.11,0.8,93.0,0.81,213.4,0.2,93.0,0.19,213.4,0.22,25.0,0.23,96.11,0.02,0.02,2335.008217,1776212446000
1776212447.828,47.828,0.78,25.0,0.77,91.11,0.79,104.87,0.8,170.97,0.2,95.97,0.19,183.4,0.21,15.0,0.22,20.0,0.01,0.01,2335.008217,1776212446000
1776212448.855,48.855,0.78,25.0,0.77,91.11,0.79,133.54,0.8,193.47,0.21,104.87,0.2,170.97,0.22,25.0,0.23,91.11,0.01,0.01,2335.001102,1776212447000
1776212449.637,49.637,0.77,60.98,0.76,85.0,0.78,135.0,0.79,235.0,0.21,133.54,0.2,193.47,0.22,25.0,0.23,91.11,0.01,0.01,2334.997866,1776212448000
1776212449.912,49.912,0.77,64.98,0.76,85.0,0.78,106.44,0.79,235.0,0.22,154.87,0.21,235.0,0.23,53.98,0.24,85.0,0.01,0.01,2334.997866,1776212448000
1776212450.12,50.12,0.77,136.06,0.76,103.0,0.78,17.73,0.79,180.0,0.22,22.73,0.21,180.0,0.23,141.06,0.24,103.0,0.01,0.01,2334.997914,1776212449000
1776212450.926,50.926,0.78,53.0,0.77,75.06,0.79,153.0,0.8,155.97,0.21,153.0,0.2,155.97,0.22,53.0,0.23,75.06,0.01,0.01,2334.985771,1776212450000
1776212451.642,51.642,0.78,15.0,0.77,15.0,0.79,85.0,0.8,130.0,0.21,153.0,0.2,155.97,0.22,53.0,0.23,75.06,0.01,0.01,2334.985771,1776212450000
1776212451.917,51.917,0.78,15.0,0.77,15.0,0.79,85.0,0.8,130.0,0.21,85.0,0.2,130.0,0.22,15.0,0.23,15.0,0.01,0.01,2334.683079,1776212451000
1776212452.746,52.746,0.77,10.0,0.76,84.37,0.78,8.65,0.79,92.34,0.21,62.34,0.2,125.0,0.22,2.69,0.23,10.0,0.01,0.01,2334.683079,1776212451000
1776212453.183,53.183,0.77,5.0,0.76,90.74,0.78,43.67,0.79,159.04,0.22,4.8,0.21,92.34,0.23,10.0,0.24,84.37,0.01,0.01,2334.864455,1776212452000
1776212453.394,53.394,0.77,0.65,0.76,70.0,0.78,42.38,0.79,159.04,0.22,48.67,0.21,159.04,0.23,0.65,0.24,90.74,0.01,0.01,2334.864455,1776212452000
1776212453.903,53.903,0.77,15.65,0.76,75.0,0.78,3.71,0.79,109.04,0.22,3.71,0.21,109.04,0.23,15.65,0.24,75.0,0.01,0.01,2334.800495,1776212453000
1776212454.136,54.136,0.78,174.0,0.77,15.65,0.79,52.27,0.8,90.0,0.22,3.71,0.21,109.04,0.23,15.65,0.24,75.0,0.01,0.01,2334.800495,1776212453000
1776212454.338,54.338,0.78,90.0,0.77,15.65,0.79,44.43,0.8,130.0,0.21,26.11,0.2,130.0,0.22,159.0,0.23,10.65,0.01,0.01,2334.800495,1776212453000
1776212454.759,54.759,0.78,70.0,0.77,15.65,0.79,79.17,0.8,152.5,0.21,38.1,0.2,130.0,0.22,60.0,0.23,10.65,0.01,0.01,2334.800495,1776212453000
1776212455.667,55.667,0.78,65.0,0.77,15.65,0.79,84.17,0.8,152.5,0.21,69.17,0.2,152.5,0.22,70.0,0.23,15.65,0.01,0.01,2334.684054,1776212454000
1776212456.438,56.438,0.77,0.65,0.76,55.0,0.78,20.0,0.79,74.0,0.21,84.17,0.2,152.5,0.22,65.0,0.23,15.65,0.01,0.01,2334.739081,1776212455000
1776212456.704,56.704,0.75,38.0,0.74,88.0,0.76,48.6,0.77,48.35,0.23,8.35,0.22,50.0,0.25,95.0,0.26,88.0,0.01,0.02,2334.739081,1776212455000
1776212456.905,56.905,0.75,38.0,0.74,88.0,0.76,48.6,0.77,48.35,0.24,48.6,0.23,48.35,0.25,38.0,0.26,88.0,0.01,0.01,2334.676849,1776212456000
1776212457.235,57.235,0.75,75.0,0.74,80.0,0.76,51.03,0.77,106.17,0.24,47.35,0.23,53.35,0.25,89.0,0.26,80.0,0.01,0.01,2334.676849,1776212456000
1776212457.781,57.781,0.75,75.0,0.74,80.0,0.76,62.14,0.77,106.17,0.24,44.71,0.23,106.17,0.25,75.0,0.26,80.0,0.01,0.01,2334.676849,1776212456000
1776212458.027,58.027,0.75,70.8,0.74,80.0,0.76,83.82,0.77,106.17,0.24,63.82,0.23,106.17,0.25,75.0,0.26,80.0,0.01,0.01,2334.599258,1776212457000
1776212458.23,58.23,0.75,70.8,0.74,80.0,0.76,65.61,0.77,106.17,0.24,67.5,0.23,106.17,0.25,70.8,0.26,80.0,0.01,0.01,2334.599258,1776212457000
1776212458.445,58.445,0.75,93.64,0.74,80.0,0.76,53.72,0.77,68.65,0.24,53.72,0.23,106.17,0.25,70.8,0.26,80.0,0.01,0.01,2334.599258,1776212457000
1776212458.986,58.986,0.75,93.64,0.74,80.0,0.76,53.72,0.77,68.65,0.24,53.72,0.23,68.65,0.25,93.64,0.26,80.0,0.01,0.01,2334.2537,1776212458000
1776212459.363,59.363,0.75,74.64,0.74,80.0,0.76,37.97,0.77,78.65,0.24,53.72,0.23,68.65,0.25,93.64,0.26,80.0,0.01,0.01,2334.2537,1776212458000
1776212459.78,59.78,0.74,60.0,0.73,65.0,0.76,174.67,0.77,86.65,0.24,32.97,0.23,78.65,0.25,70.64,0.26,80.0,0.02,0.01,2334.2537,1776212458000
1776212460.393,60.393,0.74,65.0,0.73,70.0,0.75,121.14,0.76,162.67,0.24,174.67,0.23,86.65,0.26,60.0,0.27,65.0,0.01,0.02,2334.2537,1776212458000
1776212460.618,60.618,0.74,65.0,0.73,70.0,0.75,121.14,0.76,162.67,0.25,121.14,0.24,162.67,0.26,65.0,0.27,70.0,0.01,0.01,2334.220478,1776212459000
1776212461.087,61.087,0.74,60.0,0.73,70.0,0.75,212.74,0.76,190.67,0.25,121.14,0.24,182.67,0.26,65.0,0.27,70.0,0.01,0.01,2334.220478,1776212459000
1776212461.529,61.529,0.71,120.0,0.7,246.71,0.72,153.72,0.73,63.0,0.25,212.74,0.24,190.67,0.26,60.0,0.27,70.0,0.01,0.01,2334.220264,1776212460000
1776212461.792,61.792,0.71,35.0,0.7,236.71,0.72,156.3,0.73,63.0,0.28,153.72,0.27,63.0,0.29,120.0,0.3,246.71,0.01,0.01,2334.220264,1776212460000
1776212462.204,62.204,0.71,35.0,0.7,236.71,0.72,156.3,0.73,63.0,0.28,156.3,0.27,63.0,0.29,35.0,0.3,236.71,0.01,0.01,2333.968655,1776212461000
1776212462.475,62.475,0.7,221.71,0.69,80.0,0.71,109.59,0.72,146.3,0.29,106.0,0.28,146.3,0.3,246.71,0.31,80.0,0.01,0.01,2333.968655,1776212461000
1776212463.222,63.222,0.7,151.0,0.69,75.0,0.71,228.59,0.72,203.3,0.29,109.59,0.28,146.3,0.3,221.71,0.31,80.0,0.01,0.01,2333.968655,1776212461000
1776212463.609,63.609,0.69,75.0,0.68,135.0,0.71,223.59,0.72,203.3,0.29,223.59,0.28,203.3,0.3,76.0,0.31,75.0,0.02,0.01,2333.941152,1776212462000
1776212464.288,64.288,0.69,80.0,0.68,140.0,0.7,123.71,0.71,150.59,0.3,123.71,0.29,150.59,0.31,80.0,0.32,140.0,0.01,0.01,2333.845072,1776212463000
1776212464.562,64.562,0.69,30.0,0.68,140.0,0.7,128.31,0.71,150.59,0.3,128.21,0.29,150.59,0.31,30.0,0.32,140.0,0.01,0.01,2333.845072,1776212463000
1776212464.945,64.945,0.68,135.0,0.67,35.0,0.7,107.5,0.71,180.09,0.29,173.09,0.28,164.05,0.31,30.0,0.32,140.0,0.02,0.02,2333.845072,1776212463000
1776212465.21,65.21,0.68,85.0,0.67,35.0,0.69,4.85,0.7,44.0,0.31,4.85,0.3,44.0,0.32,85.0,0.33,35.0,0.01,0.01,2333.620665,1776212464000
1776212466.122,66.122,0.68,11.71,0.67,20.0,0.69,68.85,0.7,76.0,0.31,4.85,0.3,44.0,0.32,85.0,0.33,35.0,0.01,0.01,2333.620665,1776212464000
1776212466.357,66.357,0.68,5.13,0.67,20.0,0.69,78.85,0.7,76.0,0.31,78.85,0.3,76.0,0.32,5.13,0.33,20.0,0.01,0.01,2333.520934,1776212465000
1776212466.872,66.872,0.67,20.0,0.66,321.03,0.69,140.65,0.7,93.1,0.31,78.85,0.3,76.0,0.32,5.13,0.33,20.0,0.02,0.01,2333.520934,1776212465000
1776212467.398,67.398,0.68,10.0,0.67,20.0,0.69,130.65,0.7,103.1,0.31,130.65,0.3,103.1,0.32,10.0,0.33,20.0,0.01,0.01,2333.509763,1776212466000
1776212467.864,67.864,0.68,10.0,0.67,20.0,0.69,130.65,0.7,103.1,0.31,130.65,0.3,103.1,0.32,10.0,0.33,20.0,0.01,0.01,2333.438817,1776212467000
1776212468.554,68.554,0.68,27.0,0.67,20.0,0.69,84.12,0.7,92.1,0.31,130.65,0.3,103.1,0.32,10.0,0.33,20.0,0.01,0.01,2333.438817,1776212467000
1776212468.928,68.928,0.68,27.0,0.67,20.0,0.69,79.12,0.7,92.1,0.31,79.12,0.3,92.1,0.32,27.0,0.33,20.0,0.01,0.01,2333.440501,1776212468000
1776212469.998,69.998,0.68,27.0,0.67,20.0,0.69,79.12,0.7,92.1,0.31,79.12,0.3,92.1,0.32,27.0,0.33,20.0,0.01,0.01,2333.573398,1776212469000
1776212470.32,70.32,0.68,20.0,0.67,20.0,0.69,92.67,0.7,102.1,0.31,94.12,0.3,102.1,0.32,15.0,0.33,20.0,0.01,0.01,2333.573398,1776212469000
1776212470.892,70.892,0.66,300.0,0.65,10.0,0.69,186.67,0.7,90.1,0.31,92.67,0.3,102.1,0.32,20.0,0.33,20.0,0.03,0.01,2333.573398,1776212469000
1776212471.327,71.327,0.66,130.0,0.65,15.0,0.67,100.5,0.68,56.5,0.31,186.67,0.3,90.1,0.34,300.0,0.35,10.0,0.01,0.03,2333.46413,1776212470000
1776212472.01,72.01,0.66,130.0,0.65,15.0,0.67,100.5,0.68,56.5,0.33,100.5,0.32,56.5,0.34,130.0,0.35,15.0,0.01,0.01,2333.414844,1776212471000
1776212472.559,72.559,0.66,30.0,0.65,15.0,0.67,90.39,0.68,66.5,0.33,119.8,0.32,56.5,0.34,30.0,0.35,15.0,0.01,0.01,2333.414844,1776212471000
1776212473.105,73.105,0.66,30.0,0.65,15.0,0.67,90.39,0.68,66.5,0.33,90.39,0.32,66.5,0.34,30.0,0.35,15.0,0.01,0.01,2333.1587,1776212472000
1776212473.56,73.56,0.66,30.0,0.65,20.0,0.67,89.39,0.68,45.5,0.33,90.39,0.32,66.5,0.34,30.0,0.35,15.0,0.01,0.01,2333.1587,1776212472000
1776212474.251,74.251,0.66,30.0,0.65,20.0,0.67,89.39,0.68,45.5,0.33,89.39,0.32,45.5,0.34,30.0,0.35,20.0,0.01,0.01,2333.149129,1776212473000
1776212475.218,75.218,0.64,60.0,0.63,65.0,0.65,85.97,0.66,226.0,0.35,85.97,0.34,226.0,0.36,60.0,0.37,65.0,0.01,0.01,2333.149129,1776212473000
1776212475.804,75.804,0.64,60.0,0.63,65.0,0.65,85.97,0.66,226.0,0.35,85.97,0.34,226.0,0.36,60.0,0.37,65.0,0.01,0.01,2333.158782,1776212474000
1776212476.341,76.341,0.64,25.0,0.63,45.0,0.65,86.77,0.66,199.0,0.35,85.97,0.34,226.0,0.36,60.0,0.37,65.0,0.01,0.01,2333.158782,1776212474000
1776212477.133,77.133,0.6,145.0,0.59,45.0,0.61,99.33,0.62,95.0,0.35,86.77,0.34,199.0,0.36,25.0,0.37,45.0,0.01,0.01,2333.152897,1776212475000
1776212478.034,78.034,0.6,145.0,0.59,45.0,0.61,99.33,0.62,95.0,0.39,99.33,0.38,95.0,0.4,145.0,0.41,45.0,0.01,0.01,2333.020088,1776212477000
1776212478.845,78.845,0.62,6.0,0.6,269.0,0.63,10.0,0.64,15.6,0.39,99.33,0.38,95.0,0.4,145.0,0.41,45.0,0.01,0.01,2333.020088,1776212477000
1776212479.491,79.491,0.64,10.0,0.63,46.0,0.65,63.8,0.66,216.55,0.35,63.8,0.34,216.55,0.36,10.0,0.37,46.0,0.01,0.01,2332.823368,1776212478000
1776212480.202,80.202,0.64,82.44,0.63,39.0,0.65,78.2,0.66,195.55,0.35,78.2,0.34,195.55,0.36,82.44,0.37,39.0,0.01,0.01,2332.820051,1776212479000
1776212481.342,81.342,0.64,91.07,0.63,39.0,0.65,147.64,0.66,145.65,0.35,139.18,0.34,155.65,0.36,102.07,0.37,39.0,0.01,0.01,2332.820051,1776212479000
1776212481.559,81.559,0.64,86.07,0.63,39.0,0.65,134.56,0.66,145.65,0.35,146.1,0.34,145.65,0.36,91.07,0.37,39.0,0.01,0.01,2333.184904,1776212480000
1776212482.195,82.195,0.64,86.07,0.63,39.0,0.65,133.02,0.66,145.65,0.35,133.02,0.34,145.65,0.36,86.07,0.37,39.0,0.01,0.01,2333.210445,1776212481000
1776212483.553,83.553,0.64,86.07,0.63,39.0,0.65,131.78,0.66,95.65,0.35,131.78,0.34,95.65,0.36,86.07,0.37,39.0,0.01,0.01,2333.204043,1776212482000
1776212484.235,84.235,0.66,5.0,0.65,25.0,0.68,4.76,0.69,25.0,0.32,4.76,0.31,25.0,0.34,5.0,0.35,25.0,0.02,0.02,2333.198187,1776212483000
1776212485.107,85.107,0.73,53.77,0.72,15.0,0.74,60.0,0.75,95.0,0.29,25.0,0.28,50.0,0.3,103.0,0.31,89.0,0.01,0.01,2333.198187,1776212483000
1776212485.691,85.691,0.73,53.77,0.72,15.0,0.74,60.0,0.75,95.0,0.26,60.0,0.25,95.0,0.27,53.77,0.28,15.0,0.01,0.01,2333.279546,1776212484000
1776212485.946,85.946,0.73,110.54,0.72,135.0,0.74,10.0,0.75,95.0,0.26,60.0,0.25,95.0,0.27,53.77,0.28,15.0,0.01,0.01,2333.279546,1776212484000
1776212486.305,86.305,0.73,122.54,0.72,135.0,0.74,6.51,0.75,95.0,0.26,6.51,0.25,95.0,0.27,122.54,0.28,135.0,0.01,0.01,2333.815115,1776212485000
1776212487.021,87.021,0.73,122.54,0.72,135.0,0.74,6.51,0.75,95.0,0.26,6.51,0.25,95.0,0.27,122.54,0.28,135.0,0.01,0.01,2333.909878,1776212486000
1776212487.259,87.259,0.77,114.52,0.76,86.0,0.78,3.76,0.79,35.0,0.22,75.0,0.21,35.0,0.23,91.52,0.24,79.0,0.01,0.01,2333.909878,1776212486000
1776212487.707,87.707,0.77,112.04,0.76,86.0,0.78,3.76,0.79,35.0,0.22,3.76,0.21,35.0,0.23,113.52,0.24,86.0,0.01,0.01,2333.909878,1776212486000
1776212488.363,88.363,0.78,125.9,0.77,68.04,0.79,45.0,0.8,105.0,0.22,3.76,0.21,35.0,0.23,112.04,0.24,86.0,0.01,0.01,2333.909878,1776212486000
1776212489.073,89.073,0.78,125.9,0.77,68.04,0.79,45.0,0.8,105.0,0.21,45.0,0.2,105.0,0.22,125.9,0.23,68.04,0.01,0.01,2334.355544,1776212488000
1776212489.372,89.372,0.78,6.9,0.77,32.0,0.79,59.0,0.8,110.0,0.21,45.0,0.2,105.0,0.22,125.9,0.23,68.04,0.01,0.01,2334.355544,1776212488000
1776212489.772,89.772,0.76,15.0,0.75,10.0,0.78,34.0,0.79,90.0,0.21,59.0,0.2,110.0,0.23,20.26,0.24,10.0,0.02,0.02,2334.355544,1776212488000
1776212490.08,90.08,0.76,20.58,0.75,15.0,0.78,39.0,0.79,125.58,0.22,39.0,0.21,125.58,0.24,11.0,0.25,10.0,0.02,0.02,2334.355544,1776212488000
1776212490.494,90.494,0.76,9.33,0.75,15.0,0.78,49.0,0.79,125.58,0.22,49.0,0.21,125.58,0.24,9.33,0.25,15.0,0.02,0.02,2334.539843,1776212489000
1776212490.787,90.787,0.77,19.56,0.76,9.33,0.78,19.0,0.79,110.58,0.22,27.0,0.21,125.58,0.23,20.0,0.24,4.33,0.01,0.01,2334.539843,1776212489000
1776212491.131,91.131,0.77,19.56,0.76,9.33,0.78,19.0,0.79,110.58,0.22,19.0,0.21,110.58,0.23,19.56,0.24,9.33,0.01,0.01,2334.524978,1776212490000
1776212491.658,91.658,0.77,11.25,0.76,16.33,0.79,105.58,0.8,138.0,0.22,19.0,0.21,110.58,0.23,18.65,0.24,9.33,0.02,0.01,2334.524978,1776212490000
1776212492.181,92.181,0.77,11.25,0.76,16.33,0.79,105.58,0.8,138.0,0.21,105.58,0.2,138.0,0.23,11.25,0.24,16.33,0.02,0.02,2334.297933,1776212491000
1776212492.56,92.56,0.78,5.0,0.77,58.74,0.8,67.5,0.81,35.0,0.21,105.58,0.2,138.0,0.23,11.25,0.24,16.33,0.02,0.02,2334.297933,1776212491000
1776212493.033,93.033,0.82,6.09,0.81,56.17,0.83,220.9,0.84,215.0,0.2,4.12,0.18,20.0,0.22,100.0,0.23,293.36,0.01,0.02,2334.297933,1776212491000
1776212493.256,93.256,0.82,12.36,0.81,47.0,0.83,170.9,0.84,223.0,0.17,170.9,0.16,223.0,0.18,16.44,0.19,77.0,0.01,0.01,2334.266599,1776212492000
1776212493.978,93.978,0.82,68.44,0.81,21.0,0.83,0.9,0.84,223.0,0.17,120.9,0.16,223.0,0.19,35.0,0.2,10.0,0.01,0.02,2334.266599,1776212492000
1776212494.386,94.386,0.82,130.44,0.81,33.0,0.84,155.0,0.85,10.0,0.17,0.9,0.16,223.0,0.18,68.44,0.19,21.0,0.02,0.01,2335.28609,1776212493000
1776212494.628,94.628,0.83,42.82,0.82,69.44,0.84,161.31,0.85,10.0,0.16,155.0,0.15,10.0,0.18,130.44,0.19,33.0,0.01,0.02,2335.28609,1776212493000
1776212495.143,95.143,0.83,42.82,0.82,69.44,0.84,161.31,0.85,10.0,0.16,161.31,0.15,10.0,0.17,42.82,0.18,69.44,0.01,0.01,2335.523882,1776212494000
1776212496.073,96.073,0.83,56.64,0.82,94.44,0.84,146.31,0.85,10.0,0.16,146.31,0.15,10.0,0.17,56.64,0.18,94.44,0.01,0.01,2335.519889,1776212495000
1776212496.581,96.581,0.85,10.0,0.84,173.62,0.86,122.0,0.87,85.0,0.16,146.31,0.15,10.0,0.17,56.64,0.18,94.44,0.01,0.01,2335.519889,1776212495000
1776212496.912,96.912,0.85,41.33,0.84,174.62,0.86,97.04,0.87,97.0,0.14,91.0,0.13,85.0,0.15,29.33,0.16,172.62,0.01,0.01,2335.519889,1776212495000
1776212497.759,97.759,0.85,56.66,0.84,61.0,0.86,50.83,0.87,85.0,0.14,97.04,0.13,97.0,0.15,41.33,0.16,174.62,0.01,0.01,2335.5655,1776212496000
1776212497.984,97.984,0.85,56.66,0.84,61.0,0.86,50.83,0.87,85.0,0.14,50.83,0.13,85.0,0.15,56.66,0.16,61.0,0.01,0.01,2335.604248,1776212497000
1776212498.795,98.795,0.85,74.37,0.84,78.42,0.86,72.04,0.87,85.0,0.14,50.83,0.13,85.0,0.15,56.66,0.16,61.0,0.01,0.01,2335.604248,1776212497000
1776212499.966,99.966,0.85,74.37,0.84,78.42,0.86,72.04,0.87,85.0,0.14,72.04,0.13,85.0,0.15,74.37,0.16,78.42,0.01,0.01,2335.824588,1776212499000
1776212500.439,100.439,0.85,56.37,0.84,82.0,0.86,20.52,0.87,85.0,0.14,72.04,0.13,85.0,0.15,74.37,0.16,78.42,0.01,0.01,2335.824588,1776212499000
1776212500.927,100.927,0.85,56.37,0.84,82.0,0.86,20.52,0.87,85.0,0.14,20.52,0.13,85.0,0.15,56.37,0.16,82.0,0.01,0.01,2335.823242,1776212500000
1776212501.871,101.871,0.85,56.37,0.84,82.0,0.86,20.52,0.87,85.0,0.14,20.52,0.13,85.0,0.15,56.37,0.16,82.0,0.01,0.01,2335.935187,1776212501000
1776212502.427,102.427,0.85,110.37,0.84,87.0,0.86,2.38,0.87,85.0,0.14,20.52,0.13,85.0,0.15,56.37,0.16,82.0,0.01,0.01,2335.935187,1776212501000
1776212502.854,102.854,0.85,110.37,0.84,87.0,0.86,2.38,0.87,85.0,0.14,2.38,0.13,85.0,0.15,110.37,0.16,87.0,0.01,0.01,2335.945413,1776212502000
1776212503.477,103.477,0.85,391.37,0.84,377.0,0.87,35.0,0.88,60.0,0.14,2.38,0.13,85.0,0.15,110.37,0.16,87.0,0.02,0.01,2335.945413,1776212502000
1776212503.841,103.841,0.85,391.37,0.84,377.0,0.87,35.0,0.88,60.0,0.13,35.0,0.12,60.0,0.15,391.37,0.16,377.0,0.02,0.02,2335.996557,1776212503000
1776212504.231,104.231,0.87,75.0,0.86,265.25,0.88,36.25,0.89,100.0,0.12,43.41,0.11,100.0,0.13,76.53,0.14,360.25,0.01,0.01,2335.996557,1776212503000
1776212504.498,104.498,0.87,201.0,0.86,143.63,0.88,67.84,0.89,200.0,0.12,92.84,0.11,200.0,0.13,201.0,0.14,148.63,0.01,0.01,2335.996557,1776212503000
1776212505.304,105.304,0.87,206.0,0.86,143.63,0.88,60.6,0.89,200.0,0.12,60.6,0.11,200.0,0.13,206.0,0.14,143.63,0.01,0.01,2336.03866,1776212504000
1776212505.818,105.818,0.87,206.0,0.86,143.63,0.88,60.6,0.89,200.0,0.12,60.6,0.11,200.0,0.13,206.0,0.14,143.63,0.01,0.01,2336.478029,1776212505000
1776212506.933,106.933,0.87,206.0,0.86,143.63,0.88,60.6,0.89,200.0,0.12,60.6,0.11,200.0,0.13,206.0,0.14,143.63,0.01,0.01,2336.647821,1776212506000
1776212507.952,107.952,0.87,206.0,0.86,143.63,0.88,60.6,0.89,200.0,0.12,60.6,0.11,200.0,0.13,206.0,0.14,143.63,0.01,0.01,2336.766925,1776212507000
1776212509.284,109.284,0.87,206.0,0.86,143.63,0.88,60.6,0.89,200.0,0.12,60.6,0.11,200.0,0.13,206.0,0.14,143.63,0.01,0.01,2336.716083,1776212508000
1776212509.934,109.934,0.89,176.99,0.88,60.0,0.9,3.0,0.91,25.0,0.1,3.0,0.08,54.0,0.11,819.09,0.12,78.0,0.01,0.01,2336.716083,1776212508000
1776212510.419,110.419,0.89,166.99,0.88,139.81,0.9,3.0,0.91,25.0,0.1,3.0,0.09,25.0,0.11,166.99,0.12,139.81,0.01,0.01,2336.719647,1776212509000
1776212510.952,110.952,0.89,166.99,0.88,139.81,0.9,3.0,0.91,25.0,0.1,3.0,0.09,25.0,0.11,166.99,0.12,139.81,0.01,0.01,2336.67658,1776212510000
1776212512.024,112.024,0.89,166.99,0.88,139.81,0.9,3.0,0.91,25.0,0.1,3.0,0.09,25.0,0.11,166.99,0.12,139.81,0.01,0.01,2336.563738,1776212511000
1776212513.248,113.248,0.89,166.99,0.88,139.81,0.9,3.0,0.91,25.0,0.1,3.0,0.09,25.0,0.11,166.99,0.12,139.81,0.01,0.01,2336.563743,1776212512000
1776212513.672,113.672,0.89,428.99,0.88,85.0,0.92,30.0,0.93,126.0,0.1,3.0,0.09,25.0,0.11,166.99,0.12,139.81,0.03,0.01,2336.563743,1776212512000
1776212514.068,114.068,0.91,346.95,0.9,119.0,0.92,30.0,0.93,126.0,0.08,30.0,0.07,126.0,0.11,428.99,0.12,85.0,0.01,0.03,2336.574938,1776212513000
1776212514.965,114.965,0.91,346.95,0.9,119.0,0.92,30.0,0.93,126.0,0.08,30.0,0.07,126.0,0.09,346.95,0.1,119.0,0.01,0.01,2336.658154,1776212514000
1776212515.258,115.258,0.91,134.0,0.9,25.0,0.92,76.98,0.93,155.3,0.08,30.0,0.07,126.0,0.09,346.95,0.1,119.0,0.01,0.01,2336.658154,1776212514000
1776212516.046,116.046,0.91,134.0,0.9,25.0,0.92,76.98,0.93,155.3,0.08,76.98,0.07,155.3,0.09,134.0,0.1,25.0,0.01,0.01,2336.715262,1776212515000
1776212517.091,117.091,0.91,134.0,0.9,25.0,0.92,76.98,0.93,155.3,0.08,76.98,0.07,155.3,0.09,134.0,0.1,25.0,0.01,0.01,2336.626125,1776212516000
1776212517.411,117.411,0.91,191.99,0.9,68.37,0.92,18.36,0.93,100.0,0.08,76.98,0.07,155.3,0.09,134.0,0.1,25.0,0.01,0.01,2336.626125,1776212516000
1776212518.307,118.307,0.91,191.99,0.9,68.37,0.92,18.36,0.93,100.0,0.08,18.36,0.07,100.0,0.09,191.99,0.1,68.37,0.01,0.01,2336.657245,1776212517000
1776212519.203,119.203,0.92,105.0,0.91,222.99,0.94,88.47,0.95,166.8,0.08,18.36,0.07,100.0,0.09,191.99,0.1,68.37,0.02,0.01,2336.657245,1776212517000
1776212519.527,119.527,0.93,103.0,0.92,90.0,0.94,17.51,0.95,166.8,0.06,35.27,0.05,166.8,0.08,105.0,0.09,222.99,0.01,0.02,2336.657245,1776212518000
1776212520.104,120.104,0.93,98.0,0.92,95.0,0.94,23.7,0.95,166.8,0.06,17.51,0.05,166.8,0.07,103.0,0.08,90.0,0.01,0.01,2336.657245,1776212518000
1776212521.01,121.01,0.93,282.99,0.92,232.99,0.95,85.0,0.96,353.3,0.06,23.7,0.05,166.8,0.07,98.0,0.08,95.0,0.02,0.01,2336.682559,1776212519000
1776212521.267,121.267,0.93,282.99,0.92,232.99,0.95,85.0,0.96,353.3,0.05,85.0,0.04,353.3,0.07,282.99,0.08,232.99,0.02,0.02,2336.737793,1776212520000
1776212521.488,121.488,0.94,285.99,0.93,146.37,0.95,30.0,0.96,157.5,0.05,85.0,0.04,353.3,0.07,282.99,0.08,232.99,0.01,0.02,2336.737793,1776212520000
1776212522.005,122.005,0.94,304.99,0.93,306.37,0.95,8.1,0.96,157.5,0.05,14.1,0.04,157.5,0.06,280.99,0.07,146.37,0.01,0.01,2336.737793,1776212520000
1776212523.292,123.292,0.94,312.99,0.93,206.37,0.95,6.1,0.96,282.5,0.05,6.1,0.04,282.5,0.06,312.99,0.07,206.37,0.01,0.01,2337.373202,1776212522000
1776212523.892,123.892,0.94,312.99,0.93,206.37,0.95,6.1,0.96,282.5,0.05,6.1,0.04,282.5,0.06,312.99,0.07,206.37,0.01,0.01,2337.726973,1776212523000
1776212524.879,124.879,0.94,306.01,0.93,943.67,0.95,0.1,0.96,257.5,0.05,0.1,0.04,282.5,0.06,263.01,0.07,943.67,0.01,0.01,2337.726973,1776212523000
1776212525.235,125.235,0.94,306.01,0.93,943.67,0.95,0.1,0.96,257.5,0.05,0.1,0.04,257.5,0.06,306.01,0.07,943.67,0.01,0.01,2337.860063,1776212524000
1776212526.452,126.452,0.94,306.01,0.93,943.67,0.95,0.1,0.96,257.5,0.05,0.1,0.04,257.5,0.06,306.01,0.07,943.67,0.01,0.01,2337.85131,1776212525000
1776212527.15,127.15,0.94,306.01,0.93,943.67,0.95,0.1,0.96,257.5,0.05,0.1,0.04,257.5,0.06,306.01,0.07,943.67,0.01,0.01,2337.84502,1776212526000
1776212528.45,128.45,0.94,291.99,0.93,228.67,0.96,131.55,0.97,557.08,0.04,131.55,0.03,557.08,0.06,291.99,0.07,228.67,0.02,0.02,2337.850727,1776212527000
1776212529.16,129.16,0.94,291.99,0.93,228.67,0.96,131.55,0.97,557.08,0.04,131.55,0.03,557.08,0.06,291.99,0.07,228.67,0.02,0.02,2337.876351,1776212528000
1776212529.697,129.697,0.95,325.79,0.94,215.8,0.96,104.55,0.97,432.08,0.04,131.55,0.03,557.08,0.06,291.99,0.07,228.67,0.01,0.02,2337.876351,1776212528000
1776212530.453,130.453,0.95,325.79,0.94,215.8,0.96,104.55,0.97,432.08,0.04,104.55,0.03,432.08,0.05,325.79,0.06,215.8,0.01,0.01,2338.069489,1776212529000
1776212531.004,131.004,0.95,735.79,0.94,220.8,0.96,98.53,0.97,432.08,0.04,104.55,0.03,432.08,0.05,325.79,0.06,215.8,0.01,0.01,2338.069489,1776212529000
1776212531.514,131.514,0.95,1215.79,0.94,220.8,0.96,98.53,0.97,432.08,0.04,98.53,0.03,432.08,0.05,735.79,0.06,220.8,0.01,0.01,2338.162512,1776212530000
1776212532.442,132.442,0.95,1215.79,0.94,220.8,0.96,98.53,0.97,432.08,0.04,98.53,0.03,432.08,0.05,1215.79,0.06,220.8,0.01,0.01,2338.173254,1776212531000
1776212533.077,133.077,0.95,1215.79,0.94,220.8,0.96,98.53,0.97,432.08,0.04,98.53,0.03,432.08,0.05,1215.79,0.06,220.8,0.01,0.01,2338.28263,1776212532000
1776212533.33,133.33,0.95,663.79,0.94,286.8,0.96,39.03,0.97,432.08,0.04,98.53,0.03,432.08,0.05,1215.79,0.06,220.8,0.01,0.01,2338.28263,1776212532000
1776212533.718,133.718,0.96,15.44,0.95,668.79,0.97,432.08,0.98,459.0,0.04,5.56,0.03,432.08,0.05,668.79,0.06,286.8,0.01,0.01,2338.28263,1776212532000
1776212534.122,134.122,0.96,564.13,0.95,402.8,0.97,411.08,0.98,459.0,0.03,432.08,0.02,459.0,0.04,15.44,0.05,668.79,0.01,0.01,2338.28263,1776212532000
1776212534.422,134.422,0.96,564.13,0.95,402.8,0.97,411.08,0.98,459.0,0.03,411.08,0.02,459.0,0.04,564.13,0.05,402.8,0.01,0.01,2338.343199,1776212533000
1776212535.121,135.121,0.96,564.13,0.95,402.8,0.97,411.08,0.98,459.0,0.03,411.08,0.02,459.0,0.04,564.13,0.05,402.8,0.01,0.01,2338.530947,1776212534000
1776212536.215,136.215,0.96,564.13,0.95,402.8,0.97,411.08,0.98,459.0,0.03,411.08,0.02,459.0,0.04,564.13,0.05,402.8,0.01,0.01,2338.721945,1776212535000
1776212536.614,136.614,0.96,1423.13,0.95,567.8,0.97,389.04,0.98,416.0,0.03,390.08,0.02,459.0,0.04,1423.13,0.05,567.8,0.01,0.01,2338.721945,1776212535000
1776212537.68,137.68,0.96,1423.13,0.95,567.8,0.97,389.04,0.98,416.0,0.03,389.04,0.02,416.0,0.04,1423.13,0.05,567.8,0.01,0.01,2338.970126,1776212536000
1776212538.128,138.128,0.96,930.8,0.95,543.81,0.97,388.0,0.98,416.0,0.03,388.0,0.02,416.0,0.04,1014.13,0.05,543.81,0.01,0.01,2338.970126,1776212536000
1776212538.331,138.331,0.96,935.8,0.95,513.81,0.97,381.76,0.98,416.0,0.03,382.8,0.02,416.0,0.04,935.8,0.05,513.81,0.01,0.01,2338.970126,1776212536000
1776212538.945,138.945,0.96,540.8,0.95,491.8,0.97,321.6,0.98,416.0,0.03,377.6,0.02,416.0,0.04,935.8,0.05,513.81,0.01,0.01,2338.985087,1776212537000
1776212539.459,139.459,0.96,623.69,0.95,445.85,0.97,286.6,0.98,416.0,0.03,321.6,0.02,416.0,0.04,540.8,0.05,491.8,0.01,0.01,2338.998021,1776212538000
1776212539.754,139.754,0.96,986.0,0.95,434.85,0.97,286.6,0.98,416.0,0.03,286.6,0.02,416.0,0.04,623.69,0.05,445.85,0.01,0.01,2338.998021,1776212538000
1776212540.237,140.237,0.96,986.0,0.95,434.85,0.97,286.6,0.98,416.0,0.03,286.6,0.02,416.0,0.04,986.0,0.05,434.85,0.01,0.01,2339.005745,1776212539000
1776212540.661,140.661,0.96,991.0,0.95,404.85,0.97,251.6,0.98,416.0,0.03,286.6,0.02,416.0,0.04,986.0,0.05,434.85,0.01,0.01,2339.005745,1776212539000
1776212541.502,141.502,0.96,991.0,0.95,404.85,0.97,251.6,0.98,416.0,0.03,251.6,0.02,416.0,0.04,991.0,0.05,404.85,0.01,0.01,2338.997969,1776212540000
1776212541.938,141.938,0.96,981.0,0.95,699.85,0.97,216.6,0.98,443.46,0.03,251.6,0.02,416.0,0.04,991.0,0.05,404.85,0.01,0.01,2338.997969,1776212540000
1776212542.825,142.825,0.96,791.0,0.95,505.86,0.97,165.25,0.98,443.46,0.03,175.55,0.02,443.46,0.04,1276.0,0.05,710.86,0.01,0.01,2338.970512,1776212541000
1776212543.272,143.272,0.96,791.0,0.95,505.86,0.97,165.25,0.98,443.46,0.03,165.25,0.02,443.46,0.04,791.0,0.05,505.86,0.01,0.01,2338.977385,1776212542000
1776212543.939,143.939,0.96,791.0,0.95,505.86,0.97,165.25,0.98,443.46,0.03,165.25,0.02,443.46,0.04,791.0,0.05,505.86,0.01,0.01,2338.852782,1776212543000
1776212545.173,145.173,0.96,791.0,0.95,505.86,0.97,165.25,0.98,443.46,0.03,165.25,0.02,443.46,0.04,791.0,0.05,505.86,0.01,0.01,2338.728816,1776212544000
1776212546.465,146.465,0.96,791.0,0.95,505.86,0.97,165.25,0.98,443.46,0.03,165.25,0.02,443.46,0.04,791.0,0.05,505.86,0.01,0.01,2338.762634,1776212545000
1776212546.993,146.993,0.96,791.0,0.95,505.86,0.97,165.25,0.98,443.46,0.03,165.25,0.02,443.46,0.04,791.0,0.05,505.86,0.01,0.01,2338.768305,1776212546000
1776212548.295,148.295,0.96,791.0,0.95,505.86,0.97,165.25,0.98,443.46,0.03,165.25,0.02,443.46,0.04,791.0,0.05,505.86,0.01,0.01,2338.77427,1776212547000
1776212549.514,149.514,0.96,791.0,0.95,505.86,0.97,165.25,0.98,443.46,0.03,165.25,0.02,443.46,0.04,791.0,0.05,505.86,0.01,0.01,2338.786313,1776212548000
1776212550.284,150.284,0.96,651.0,0.95,395.35,0.97,30.25,0.98,439.46,0.03,30.25,0.02,439.46,0.04,651.0,0.05,395.35,0.01,0.01,2338.786893,1776212549000
1776212550.54,150.54,0.96,651.0,0.95,814.89,0.98,439.46,0.99,2248.98,0.03,30.25,0.02,439.46,0.04,651.0,0.05,395.35,0.02,0.01,2338.786893,1776212549000
1776212550.984,150.984,0.97,581.69,0.96,432.0,0.98,419.46,0.99,2248.98,0.02,439.46,0.01,2248.98,0.04,651.0,0.05,814.89,0.01,0.02,2338.786893,1776212549000
1776212551.431,151.431,0.97,581.69,0.96,559.45,0.98,405.22,0.99,1890.98,0.02,405.22,0.01,1890.98,0.03,581.69,0.04,559.45,0.01,0.01,2338.791687,1776212550000
1776212552.23,152.23,0.97,586.69,0.96,586.45,0.98,400.16,0.99,1890.98,0.02,405.22,0.01,1890.98,0.03,581.69,0.04,559.45,0.01,0.01,2338.791687,1776212550000
1776212552.583,152.583,0.97,586.69,0.96,586.45,0.98,400.16,0.99,1890.98,0.02,400.16,0.01,1890.98,0.03,586.69,0.04,586.45,0.01,0.01,2338.79159,1776212551000
1776212553.065,153.065,0.97,586.69,0.96,586.45,0.98,400.16,0.99,1890.98,0.02,400.16,0.01,1890.98,0.03,586.69,0.04,586.45,0.01,0.01,2338.790825,1776212552000
1776212554.082,154.082,0.97,586.69,0.96,586.45,0.98,400.16,0.99,1890.98,0.02,400.16,0.01,1890.98,0.03,586.69,0.04,586.45,0.01,0.01,2338.812271,1776212553000
1776212555.091,155.091,0.97,586.69,0.96,586.45,0.98,400.16,0.99,1890.98,0.02,400.16,0.01,1890.98,0.03,586.69,0.04,586.45,0.01,0.01,2338.819505,1776212554000
1776212556.08,156.08,0.97,586.69,0.96,586.45,0.98,400.16,0.99,1890.98,0.02,400.16,0.01,1890.98,0.03,586.69,0.04,586.45,0.01,0.01,2338.818609,1776212555000
1776212557.13,157.13,0.97,586.69,0.96,586.45,0.98,400.16,0.99,1890.98,0.02,400.16,0.01,1890.98,0.03,586.69,0.04,586.45,0.01,0.01,2338.8654,1776212556000
1776212557.877,157.877,0.97,578.22,0.96,436.0,0.98,248.51,0.99,2010.0,0.02,400.16,0.01,1890.98,0.03,586.69,0.04,586.45,0.01,0.01,2338.8654,1776212556000
1776212558.927,158.927,0.97,843.02,0.96,434.01,0.98,172.01,0.99,2010.0,0.02,248.51,0.01,2010.0,0.03,578.22,0.04,436.0,0.01,0.01,2338.87725,1776212557000
1776212560.036,160.036,0.97,848.02,0.96,434.01,0.98,169.96,0.99,2010.0,0.02,169.96,0.01,2010.0,0.03,848.02,0.04,434.01,0.01,0.01,2338.819004,1776212559000
1776212560.827,160.827,0.97,980.48,0.96,534.01,0.98,159.85,0.99,2009.0,0.02,169.96,0.01,2010.0,0.03,848.02,0.04,434.01,0.01,0.01,2338.819004,1776212559000
1776212561.069,161.069,0.97,980.48,0.96,534.01,0.98,159.85,0.99,2009.0,0.02,159.85,0.01,2009.0,0.03,980.48,0.04,534.01,0.01,0.01,2338.953414,1776212560000
1776212561.682,161.682,0.97,1090.48,0.96,894.01,0.98,159.21,0.99,2009.0,0.02,159.85,0.01,2009.0,0.03,980.48,0.04,534.01,0.01,0.01,2338.953414,1776212560000
1776212562.009,162.009,0.97,1095.48,0.96,794.01,0.98,144.21,0.99,2009.0,0.02,144.21,0.01,2009.0,0.03,1095.48,0.04,794.01,0.01,0.01,2338.974223,1776212561000
1776212562.773,162.773,0.97,1299.48,0.96,694.01,0.98,131.07,0.99,2009.0,0.02,134.11,0.01,2009.0,0.03,1295.48,0.04,694.01,0.01,0.01,2338.974223,1776212561000
1776212563.025,163.025,0.97,1299.48,0.96,694.01,0.98,131.07,0.99,2009.0,0.02,131.07,0.01,2009.0,0.03,1299.48,0.04,694.01,0.01,0.01,2338.996216,1776212562000
1776212564.061,164.061,0.97,1384.48,0.96,694.01,0.98,85.38,0.99,2009.0,0.02,85.38,0.01,2009.0,0.03,1384.48,0.04,694.01,0.01,0.01,2339.213339,1776212563000
1776212564.569,164.569,0.97,1388.79,0.96,494.01,0.98,25.89,0.99,2009.0,0.02,85.38,0.01,2009.0,0.03,1384.48,0.04,694.01,0.01,0.01,2339.213339,1776212563000
1776212564.854,164.854,0.97,1365.79,0.96,478.01,0.98,19.71,0.99,1885.0,0.02,20.74,0.01,1885.0,0.03,1365.79,0.04,478.01,0.01,0.01,2339.213339,1776212563000
1776212565.236,165.236,0.97,1370.79,0.96,467.01,0.99,1881.54,,,0.02,16.62,0.01,1885.0,0.03,1360.79,0.04,478.01,0.02,0.01,2339.213339,1776212563000
1776212565.52,165.52,0.98,649.45,0.97,1229.55,0.99,1917.15,,,0.01,1881.54,,,0.03,1370.79,0.04,467.01,0.01,0.02,2339.213339,1776212563000
1776212566.231,166.231,0.98,685.68,0.97,1099.55,0.99,1872.1,,,0.01,1877.15,,,0.02,724.68,0.03,1224.55,0.01,0.01,2339.324188,1776212564000
1776212567.001,167.001,0.98,690.68,0.97,799.55,0.99,1854.1,,,0.01,1872.1,,,0.02,685.68,0.03,1099.55,0.01,0.01,2339.336349,1776212565000
1776212567.271,167.271,0.98,690.68,0.97,799.55,0.99,1854.1,,,0.01,1854.1,,,0.02,690.68,0.03,799.55,0.01,0.01,2339.484224,1776212566000
1776212567.59,167.59,0.98,690.68,0.97,799.55,0.99,1664.1,,,0.01,1854.1,,,0.02,690.68,0.03,799.55,0.01,0.01,2339.484224,1776212566000
1776212567.86,167.86,0.98,690.68,0.97,1099.55,0.99,1634.1,,,0.01,1664.1,,,0.02,690.68,0.03,799.55,0.01,0.01,2339.484224,1776212566000
1776212568.428,168.428,0.98,690.68,0.97,1099.55,0.99,1634.1,,,0.01,1634.1,,,0.02,690.68,0.03,1099.55,0.01,0.01,2339.532707,1776212567000
1776212568.833,168.833,0.98,850.68,0.97,378.54,0.99,1432.1,,,0.01,1434.1,,,0.02,947.68,0.03,384.55,0.01,0.01,2339.532707,1776212567000
1776212569.452,169.452,0.98,826.43,0.97,378.54,0.99,1332.1,,,0.01,1432.1,,,0.02,850.68,0.03,378.54,0.01,0.01,2339.530111,1776212568000
1776212570.069,170.069,0.98,826.43,0.97,378.54,0.99,1332.1,,,0.01,1332.1,,,0.02,826.43,0.03,378.54,0.01,0.01,2339.580987,1776212569000
1776212570.287,170.287,0.98,841.43,0.97,385.54,0.99,1317.1,,,0.01,1332.1,,,0.02,826.43,0.03,378.54,0.01,0.01,2339.580987,1776212569000
1776212570.535,170.535,0.98,839.43,0.97,385.54,0.99,1287.1,,,0.01,1317.1,,,0.02,841.43,0.03,385.54,0.01,0.01,2339.580987,1776212569000
1776212571.103,171.103,0.98,1139.43,0.97,385.54,0.99,1257.1,,,0.01,1257.1,,,0.02,1139.43,0.03,385.54,0.01,0.01,2339.891833,1776212570000
1776212571.809,171.809,0.98,796.44,0.97,415.54,0.99,1252.1,,,0.01,1257.1,,,0.02,790.43,0.03,385.54,0.01,0.01,2339.891833,1776212570000
1776212572.192,172.192,0.98,796.44,0.97,415.54,0.99,1249.57,,,0.01,1249.57,,,0.02,796.44,0.03,415.54,0.01,0.01,2340.149474,1776212571000
1776212573.115,173.115,0.98,1816.38,0.97,375.54,0.99,1219.57,,,0.01,1249.57,,,0.02,796.44,0.03,415.54,0.01,0.01,2340.149474,1776212571000
1776212573.511,173.511,0.98,1433.38,0.97,405.54,0.99,219.57,,,0.01,1219.57,,,0.02,1816.38,0.03,375.54,0.01,0.01,2340.509841,1776212572000
1776212573.797,173.797,0.98,1427.37,0.97,405.54,0.99,217.57,,,0.01,219.57,,,0.02,1433.38,0.03,405.54,0.01,0.01,2340.509841,1776212572000
1776212574.276,174.276,0.99,84.43,0.98,1022.37,,,,,,,,,0.01,84.43,0.02,1022.37,,,2340.549749,1776212573000
1776212575.306,175.306,0.99,866.4,0.98,853.45,,,,,,,,,0.01,866.4,0.02,853.45,,,2340.827902,1776212574000
1776212576.403,176.403,0.99,866.4,0.98,853.45,,,,,,,,,0.01,866.4,0.02,853.45,,,2340.956998,1776212575000
1776212576.971,176.971,0.99,866.4,0.98,853.45,,,,,,,,,0.01,866.4,0.02,853.45,,,2340.971554,1776212576000
1776212578.079,178.079,0.99,866.4,0.98,853.45,,,,,,,,,0.01,866.4,0.02,853.45,,,2341.476699,1776212577000
1776212580.112,180.112,0.99,866.4,0.98,853.45,,,,,,,,,0.01,866.4,0.02,853.45,,,2342.191243,1776212578000
1776212581.123,181.123,0.99,866.4,0.98,853.45,,,,,,,,,0.01,866.4,0.02,853.45,,,2341.924776,1776212579000
1776212582.155,182.155,0.99,866.4,0.98,853.45,,,,,,,,,0.01,866.4,0.02,853.45,,,2341.88382,1776212580000
1776212583.049,183.049,0.99,866.4,0.98,853.45,,,,,,,,,0.01,866.4,0.02,853.45,,,2341.906238,1776212581000
1776212584.005,184.005,0.99,866.4,0.98,853.45,,,,,,,,,0.01,866.4,0.02,853.45,,,2341.946286,1776212582000
1776212585.136,185.136,0.99,866.4,0.98,853.45,,,,,,,,,0.01,866.4,0.02,853.45,,,2341.942349,1776212583000
1776212586.13,186.13,0.99,866.4,0.98,853.45,,,,,,,,,0.01,866.4,0.02,853.45,,,2341.931811,1776212584000
1776212586.986,186.986,0.99,866.4,0.98,853.45,,,,,,,,,0.01,866.4,0.02,853.45,,,2341.919199,1776212585000
1776212588.029,188.029,0.99,866.4,0.98,853.45,,,,,,,,,0.01,866.4,0.02,853.45,,,2341.55981,1776212586000
1776212589.232,189.232,0.99,866.4,0.98,853.45,,,,,,,,,0.01,866.4,0.02,853.45,,,2340.977959,1776212587000
1776212590.523,190.523,0.99,866.4,0.98,853.45,,,,,,,,,0.01,866.4,0.02,853.45,,,2340.433652,1776212588000
1776212591.379,191.379,0.99,866.4,0.98,853.45,,,,,,,,,0.01,866.4,0.02,853.45,,,2339.75909,1776212590000
1776212592.229,192.229,0.99,866.4,0.98,853.45,,,,,,,,,0.01,866.4,0.02,853.45,,,2339.667317,1776212591000
1776212594.121,194.121,0.99,866.4,0.98,853.45,,,,,,,,,0.01,866.4,0.02,853.45,,,2339.868472,1776212592000
1776212595.179,195.179,0.99,866.4,0.98,853.45,,,,,,,,,0.01,866.4,0.02,853.45,,,2340.004947,1776212593000
1776212596.257,196.257,0.99,866.4,0.98,853.45,,,,,,,,,0.01,866.4,0.02,853.45,,,2340.043921,1776212594000
1776212597.233,197.233,0.99,866.4,0.98,853.45,,,,,,,,,0.01,866.4,0.02,853.45,,,2339.934773,1776212596000
1776212598.319,198.319,0.99,866.4,0.98,853.45,,,,,,,,,0.01,866.4,0.02,853.45,,,2339.947011,1776212597000
1776212599.276,199.276,0.99,866.4,0.98,853.45,,,,,,,,,0.01,866.4,0.02,853.45,,,2339.859709,1776212598000
1776212601.392,201.392,0.99,866.4,0.98,853.45,,,,,,,,,0.01,866.4,0.02,853.45,,,2339.798548,1776212600000
1776212602.353,202.353,0.99,866.4,0.98,853.45,,,,,,,,,0.01,866.4,0.02,853.45,,,2339.792472,1776212601000
1776212603.63,203.63,0.99,866.4,0.98,853.45,,,,,,,,,0.01,866.4,0.02,853.45,,,2339.500081,1776212602000
1776212604.435,204.435,0.99,866.4,0.98,853.45,,,,,,,,,0.01,866.4,0.02,853.45,,,2339.236535,1776212603000
1776212605.856,205.856,0.99,866.4,0.98,853.45,,,,,,,,,0.01,866.4,0.02,853.45,,,2339.18376,1776212604000
1776212606.358,206.358,0.99,866.4,0.98,853.45,,,,,,,,,0.01,866.4,0.02,853.45,,,2339.193141,1776212605000
1776212606.948,206.948,0.99,866.4,0.98,853.45,,,,,,,,,0.01,866.4,0.02,853.45,,,2339.211963,1776212606000
1776212608.09,208.09,0.99,866.4,0.98,853.45,,,,,,,,,0.01,866.4,0.02,853.45,,,2339.36624,1776212607000
1776212609.157,209.157,0.99,866.4,0.98,853.45,,,,,,,,,0.01,866.4,0.02,853.45,,,2339.586649,1776212608000
1776212610.255,210.255,0.99,866.4,0.98,853.45,,,,,,,,,0.01,866.4,0.02,853.45,,,2339.5675,1776212609000
1776212610.459,210.459,0.99,2208.59,0.98,432.7,,,,,,,,,0.01,866.4,0.02,853.45,,,2339.5675,1776212609000
1776212610.844,210.844,0.99,2208.59,0.98,432.7,,,,,,,,,0.01,2208.59,0.02,432.7,,,2339.491806,1776212610000
1776212611.985,211.985,0.99,2208.59,0.98,432.7,,,,,,,,,0.01,2208.59,0.02,432.7,,,2339.48115,1776212611000
1776212613.08,213.08,0.99,2208.59,0.98,432.7,,,,,,,,,0.01,2208.59,0.02,432.7,,,2339.508996,1776212612000
1776212614.117,214.117,0.99,2208.59,0.98,432.7,,,,,,,,,0.01,2208.59,0.02,432.7,,,2339.509582,1776212613000
1776212615.214,215.214,0.99,2208.59,0.98,432.7,,,,,,,,,0.01,2208.59,0.02,432.7,,,2339.42747,1776212614000
1776212616.327,216.327,0.99,2208.59,0.98,432.7,,,,,,,,,0.01,2208.59,0.02,432.7,,,2339.447095,1776212615000
1776212617.493,217.493,0.99,2208.59,0.98,432.7,,,,,,,,,0.01,2208.59,0.02,432.7,,,2339.447171,1776212616000
1776212617.977,217.977,0.99,2208.59,0.98,432.7,,,,,,,,,0.01,2208.59,0.02,432.7,,,2339.594127,1776212617000
1776212619.328,219.328,0.99,2208.59,0.98,432.7,,,,,,,,,0.01,2208.59,0.02,432.7,,,2339.694835,1776212618000
1776212620.516,220.516,0.99,2208.59,0.98,432.7,,,,,,,,,0.01,2208.59,0.02,432.7,,,2339.750467,1776212619000
1776212621.46,221.46,0.99,2208.59,0.98,432.7,,,,,,,,,0.01,2208.59,0.02,432.7,,,2339.566986,1776212620000
1776212622.128,222.128,0.99,2208.59,0.98,432.7,,,,,,,,,0.01,2208.59,0.02,432.7,,,2339.616198,1776212621000
1776212623.754,223.754,0.99,2208.59,0.98,432.7,,,,,,,,,0.01,2208.59,0.02,432.7,,,2339.836233,1776212622000
1776212624.43,224.43,0.99,2208.59,0.98,432.7,,,,,,,,,0.01,2208.59,0.02,432.7,,,2339.808641,1776212623000
1776212625.095,225.095,0.99,2208.59,0.98,432.7,,,,,,,,,0.01,2208.59,0.02,432.7,,,2339.653145,1776212624000
1776212626.476,226.476,0.99,2208.59,0.98,432.7,,,,,,,,,0.01,2208.59,0.02,432.7,,,2339.475613,1776212625000
1776212627.275,227.275,0.99,2208.59,0.98,432.7,,,,,,,,,0.01,2208.59,0.02,432.7,,,2339.453029,1776212626000
1776212628.013,228.013,0.99,2208.59,0.98,432.7,,,,,,,,,0.01,2208.59,0.02,432.7,,,2339.353587,1776212627000
1776212629.471,229.471,0.99,2208.59,0.98,432.7,,,,,,,,,0.01,2208.59,0.02,432.7,,,2339.375562,1776212628000
1776212630.201,230.201,0.99,2208.59,0.98,432.7,,,,,,,,,0.01,2208.59,0.02,432.7,,,2339.401781,1776212629000
1776212631.669,231.669,0.99,2208.59,0.98,432.7,,,,,,,,,0.01,2208.59,0.02,432.7,,,2338.453309,1776212630000
1776212632.125,232.125,0.99,2203.61,0.98,432.07,,,,,,,,,0.01,2208.59,0.02,432.7,,,2338.453309,1776212630000
1776212632.391,232.391,0.99,2203.61,0.98,432.07,,,,,,,,,0.01,2203.61,0.02,432.07,,,2338.40248,1776212631000
1776212633.142,233.142,0.99,2203.61,0.98,432.07,,,,,,,,,0.01,2203.61,0.02,432.07,,,2338.402575,1776212632000
1776212634.533,234.533,0.99,2203.61,0.98,432.07,,,,,,,,,0.01,2203.61,0.02,432.07,,,2338.383657,1776212633000
1776212635.141,235.141,0.99,2042.62,0.98,557.69,,,,,,,,,0.01,2042.62,0.02,557.69,,,2338.341957,1776212634000
1776212635.872,235.872,0.99,1902.62,0.98,590.69,,,,,,,,,0.01,2042.62,0.02,557.69,,,2338.341957,1776212634000
1776212636.746,236.746,0.99,1902.62,0.98,590.69,,,,,,,,,0.01,1902.62,0.02,590.69,,,2338.063466,1776212635000
1776212637.471,237.471,0.99,1902.62,0.98,590.69,,,,,,,,,0.01,1902.62,0.02,590.69,,,2337.89465,1776212636000
1776212638.26,238.26,0.99,1902.62,0.98,590.69,,,,,,,,,0.01,1902.62,0.02,590.69,,,2337.699955,1776212637000
1776212639.356,239.356,0.99,1902.62,0.98,590.69,,,,,,,,,0.01,1902.62,0.02,590.69,,,2337.703881,1776212638000
1776212639.961,239.961,0.99,1902.62,0.98,590.69,,,,,,,,,0.01,1902.62,0.02,590.69,,,2337.842182,1776212639000
1776212641.23,241.23,0.99,1902.62,0.98,590.69,,,,,,,,,0.01,1902.62,0.02,590.69,,,2337.990766,1776212640000
1776212642.393,242.393,0.99,1902.62,0.98,590.69,,,,,,,,,0.01,1902.62,0.02,590.69,,,2338.066944,1776212641000
1776212643.031,243.031,0.99,1902.62,0.98,590.69,,,,,,,,,0.01,1902.62,0.02,590.69,,,2337.967771,1776212642000
1776212644.326,244.326,0.99,1902.62,0.98,590.69,,,,,,,,,0.01,1902.62,0.02,590.69,,,2337.883917,1776212643000
1776212645.55,245.55,0.99,1902.62,0.98,590.69,,,,,,,,,0.01,1902.62,0.02,590.69,,,2337.708578,1776212644000
1776212646.075,246.075,0.99,1902.62,0.98,590.69,,,,,,,,,0.01,1902.62,0.02,590.69,,,2337.674296,1776212645000
1776212647.328,247.328,0.99,1902.62,0.98,590.69,,,,,,,,,0.01,1902.62,0.02,590.69,,,2337.67285,1776212646000
1776212648.443,248.443,0.99,1902.62,0.98,590.69,,,,,,,,,0.01,1902.62,0.02,590.69,,,2337.675312,1776212647000
1776212648.946,248.946,0.99,1902.62,0.98,590.69,,,,,,,,,0.01,1902.62,0.02,590.69,,,2337.672775,1776212648000
1776212650.039,250.039,0.99,1902.62,0.98,590.69,,,,,,,,,0.01,1902.62,0.02,590.69,,,2337.470552,1776212649000
1776212651.198,251.198,0.99,1902.62,0.98,590.69,,,,,,,,,0.01,1902.62,0.02,590.69,,,2337.262126,1776212650000
1776212652.387,252.387,0.99,1902.62,0.98,590.69,,,,,,,,,0.01,1902.62,0.02,590.69,,,2337.192297,1776212651000
1776212653.008,253.008,0.99,1902.62,0.98,590.69,,,,,,,,,0.01,1902.62,0.02,590.69,,,2337.250791,1776212652000
1776212654.712,254.712,0.99,1902.62,0.98,590.69,,,,,,,,,0.01,1902.62,0.02,590.69,,,2337.18885,1776212653000
1776212655.277,255.277,0.99,1902.62,0.98,590.69,,,,,,,,,0.01,1902.62,0.02,590.69,,,2337.180283,1776212654000
1776212656.439,256.439,0.99,1902.62,0.98,590.69,,,,,,,,,0.01,1902.62,0.02,590.69,,,2337.273208,1776212655000
1776212656.957,256.957,0.99,1902.62,0.98,590.69,,,,,,,,,0.01,1902.62,0.02,590.69,,,2337.115425,1776212656000
1776212658.026,258.026,0.99,1902.62,0.98,590.69,,,,,,,,,0.01,1902.62,0.02,590.69,,,2337.115425,1776212657000
1776212659.143,259.143,0.99,1902.62,0.98,590.69,,,,,,,,,0.01,1902.62,0.02,590.69,,,2337.1346,1776212658000
1776212660.286,260.286,0.99,1902.62,0.98,590.69,,,,,,,,,0.01,1902.62,0.02,590.69,,,2337.119463,1776212659000
1776212661.257,261.257,0.99,1902.62,0.98,590.69,,,,,,,,,0.01,1902.62,0.02,590.69,,,2336.877851,1776212660000
1776212661.904,261.904,0.99,1902.62,0.98,590.69,,,,,,,,,0.01,1902.62,0.02,590.69,,,2336.815838,1776212661000
1776212662.935,262.935,0.99,1902.62,0.98,590.69,,,,,,,,,0.01,1902.62,0.02,590.69,,,2337.160799,1776212662000
1776212663.953,263.953,0.99,1902.62,0.98,590.69,,,,,,,,,0.01,1902.62,0.02,590.69,,,2337.183893,1776212663000
1776212665.03,265.03,0.99,1902.62,0.98,590.69,,,,,,,,,0.01,1902.62,0.02,590.69,,,2337.240044,1776212664000
1776212666.035,266.035,0.99,1902.62,0.98,590.69,,,,,,,,,0.01,1902.62,0.02,590.69,,,2337.290132,1776212665000
1776212667.229,267.229,0.99,1902.62,0.98,590.69,,,,,,,,,0.01,1902.62,0.02,590.69,,,2337.369251,1776212666000
1776212668.664,268.664,0.99,1902.62,0.98,590.69,,,,,,,,,0.01,1902.62,0.02,590.69,,,2337.871429,1776212667000
1776212669.144,269.144,0.99,1902.62,0.98,590.69,,,,,,,,,0.01,1902.62,0.02,590.69,,,2337.812903,1776212668000
1776212670.114,270.114,0.99,1902.62,0.98,590.69,,,,,,,,,0.01,1902.62,0.02,590.69,,,2337.813372,1776212669000
1776212671.114,271.114,0.99,1902.62,0.98,590.69,,,,,,,,,0.01,1902.62,0.02,590.69,,,2338.008955,1776212670000
1776212672.076,272.076,0.99,1902.62,0.98,590.69,,,,,,,,,0.01,1902.62,0.02,590.69,,,2338.098895,1776212671000
1776212673.134,273.134,0.99,1902.62,0.98,590.69,,,,,,,,,0.01,1902.62,0.02,590.69,,,2338.099622,1776212672000
1776212674.077,274.077,0.99,1902.62,0.98,590.69,,,,,,,,,0.01,1902.62,0.02,590.69,,,2338.42194,1776212673000
1776212675.078,275.078,0.99,1902.62,0.98,590.69,,,,,,,,,0.01,1902.62,0.02,590.69,,,2338.737194,1776212674000
1776212676.055,276.055,0.99,1902.62,0.98,590.69,,,,,,,,,0.01,1902.62,0.02,590.69,,,2338.709582,1776212675000
1776212676.99,276.99,0.99,1902.62,0.98,590.69,,,,,,,,,0.01,1902.62,0.02,590.69,,,2338.713515,1776212676000
1776212678.03,278.03,0.99,1902.62,0.98,590.69,,,,,,,,,0.01,1902.62,0.02,590.69,,,2338.610629,1776212677000
1776212678.987,278.987,0.99,1902.62,0.98,590.69,,,,,,,,,0.01,1902.62,0.02,590.69,,,2338.610683,1776212678000
1776212679.912,279.912,0.99,1902.62,0.98,590.69,,,,,,,,,0.01,1902.62,0.02,590.69,,,2338.6658,1776212679000
1776212681.356,281.356,0.99,1902.62,0.98,590.69,,,,,,,,,0.01,1902.62,0.02,590.69,,,2338.704244,1776212680000
1776212682.255,282.255,0.99,1902.62,0.98,590.69,,,,,,,,,0.01,1902.62,0.02,590.69,,,2338.723401,1776212681000
1776212683.404,283.404,0.99,1902.62,0.98,590.69,,,,,,,,,0.01,1902.62,0.02,590.69,,,2338.644712,1776212682000
1776212683.93,283.93,0.99,1902.62,0.98,590.69,,,,,,,,,0.01,1902.62,0.02,590.69,,,2338.548591,1776212683000
1776212685.078,285.078,0.99,1902.62,0.98,590.69,,,,,,,,,0.01,1902.62,0.02,590.69,,,2338.701475,1776212684000
1776212686.064,286.064,0.99,1902.62,0.98,590.69,,,,,,,,,0.01,1902.62,0.02,590.69,,,2338.702886,1776212685000
1776212687.436,287.436,0.99,1902.62,0.98,590.69,,,,,,,,,0.01,1902.62,0.02,590.69,,,2338.704678,1776212686000
1776212688.188,288.188,0.99,1902.62,0.98,590.69,,,,,,,,,0.01,1902.62,0.02,590.69,,,2338.545595,1776212687000
1776212689.469,289.469,0.99,1902.62,0.98,590.69,,,,,,,,,0.01,1902.62,0.02,590.69,,,2338.962039,1776212688000
1776212690.122,290.122,0.99,1902.62,0.98,590.69,,,,,,,,,0.01,1902.62,0.02,590.69,,,2338.990841,1776212689000
1776212691.417,291.417,0.99,1902.62,0.98,590.69,,,,,,,,,0.01,1902.62,0.02,590.69,,,2339.038454,1776212690000
1776212692.066,292.066,0.99,1902.62,0.98,590.69,,,,,,,,,0.01,1902.62,0.02,590.69,,,2339.04415,1776212691000
1776212693.418,293.418,0.99,1902.62,0.98,590.69,,,,,,,,,0.01,1902.62,0.02,590.69,,,2339.043043,1776212692000
1776212694.022,294.022,0.99,1902.62,0.98,590.69,,,,,,,,,0.01,1902.62,0.02,590.69,,,2339.071238,1776212693000
1776212695.219,295.219,0.99,1902.62,0.98,590.69,,,,,,,,,0.01,1902.62,0.02,590.69,,,2338.822544,1776212694000
1776212696.456,296.456,0.99,1902.62,0.98,590.69,,,,,,,,,0.01,1902.62,0.02,590.69,,,2338.825241,1776212695000
1776212697.701,297.701,0.99,1902.62,0.98,590.69,,,,,,,,,0.01,1902.62,0.02,590.69,,,2338.885211,1776212696000
1776212698.197,298.197,0.99,1902.62,0.98,590.69,,,,,,,,,0.01,1902.62,0.02,590.69,,,2338.843517,1776212697000
1776212699.269,299.269,0.99,1902.62,0.98,590.69,,,,,,,,,0.01,1902.62,0.02,590.69,,,2338.839706,1776212698000
1776212700.312,300.312,0.99,1902.62,0.98,590.69,,,,,,,,,0.01,1902.62,0.02,590.69,,,2338.858089,1776212699000
1776212700.869,300.869,0.99,1902.62,0.98,590.69,,,,,,,,,0.01,1902.62,0.02,590.69,,,2338.863859,1776212700000
1776212701.968,301.968,0.99,1902.62,0.98,590.69,,,,,,,,,0.01,1902.62,0.02,590.69,,,2338.890295,1776212701000

# RESULT,winner=Up,slug=eth-updown-5m-1776212400,ticks=446
