timestamp,elapsed_sec,up_bid_p1,up_bid_s1,up_bid_p2,up_bid_s2,up_ask_p1,up_ask_s1,up_ask_p2,up_ask_s2,down_bid_p1,down_bid_s1,down_bid_p2,down_bid_s2,down_ask_p1,down_ask_s1,down_ask_p2,down_ask_s2,up_spread,down_spread,eth_price,eth_oracle_ts
1776327000.54,0.54,0.53,11.32,0.52,417.48,0.56,70.0,0.57,70.0,0.44,70.0,0.43,70.0,0.47,16.32,0.48,417.48,0.03,0.03,2336.092655,1776326999000
1776327001.042,1.042,0.52,220.17,0.51,12.86,0.56,75.0,0.57,70.0,0.44,75.0,0.43,70.0,0.48,220.17,0.49,12.86,0.04,0.04,2336.030774,1776327000000
1776327001.336,1.336,0.52,32.87,0.51,12.86,0.54,254.87,0.55,149.3,0.44,75.0,0.43,70.0,0.48,220.17,0.49,12.86,0.02,0.04,2336.030774,1776327000000
1776327001.866,1.866,0.52,29.43,0.51,123.86,0.53,50.0,0.54,208.87,0.47,42.0,0.46,182.87,0.48,27.87,0.49,12.86,0.01,0.01,2336.030774,1776327000000
1776327002.178,2.178,0.52,20.86,0.51,123.86,0.53,50.0,0.54,208.87,0.47,50.0,0.46,208.87,0.48,20.86,0.49,123.86,0.01,0.01,2335.82,1776327001000
1776327002.568,2.568,0.52,15.86,0.51,123.86,0.54,206.72,0.55,154.3,0.46,197.72,0.45,141.3,0.48,20.86,0.49,123.86,0.02,0.02,2335.82,1776327001000
1776327002.859,2.859,0.52,15.86,0.51,123.86,0.54,207.09,0.55,88.0,0.46,206.72,0.45,154.3,0.48,15.86,0.49,123.86,0.02,0.02,2335.82,1776327001000
1776327003.155,3.155,0.52,15.86,0.51,123.86,0.53,93.04,0.54,67.09,0.46,207.09,0.45,88.0,0.48,15.86,0.49,123.86,0.01,0.02,2335.82,1776327001000
1776327003.365,3.365,0.52,5.86,0.51,123.86,0.53,93.04,0.54,67.09,0.47,88.04,0.46,67.09,0.48,10.86,0.49,123.86,0.01,0.01,2335.691179,1776327002000
1776327004.084,4.084,0.51,9.72,0.5,100.32,0.52,127.99,0.53,27.0,0.47,82.17,0.46,67.09,0.49,59.72,0.5,100.32,0.01,0.02,2335.691179,1776327002000
1776327004.375,4.375,0.51,9.72,0.5,100.32,0.52,127.99,0.53,27.0,0.48,127.99,0.47,27.0,0.49,9.72,0.5,100.32,0.01,0.01,2335.601822,1776327003000
1776327004.619,4.619,0.5,100.32,0.48,20.0,0.52,210.59,0.53,22.0,0.48,127.99,0.47,27.0,0.49,9.72,0.5,100.32,0.02,0.01,2335.601822,1776327003000
1776327004.822,4.822,0.5,90.32,0.48,20.0,0.51,84.0,0.52,124.59,0.49,89.0,0.48,124.59,0.5,95.32,0.52,20.0,0.01,0.01,2335.601822,1776327003000
1776327005.076,5.076,0.5,7.44,0.48,20.0,0.51,89.0,0.52,124.59,0.49,89.0,0.48,124.59,0.5,15.32,0.52,20.0,0.01,0.01,2335.601822,1776327004000
1776327005.436,5.436,0.5,3.44,0.48,20.0,0.51,71.21,0.52,124.59,0.49,89.0,0.48,124.59,0.5,3.44,0.52,20.0,0.01,0.01,2335.601822,1776327004000
1776327005.682,5.682,0.5,3.44,0.48,20.0,0.51,50.88,0.52,234.59,0.49,66.6,0.48,124.59,0.5,3.44,0.52,20.0,0.01,0.01,2335.601822,1776327004000
1776327005.907,5.907,0.5,4.44,0.48,20.0,0.51,25.88,0.52,177.6,0.49,25.88,0.48,239.59,0.5,9.44,0.52,20.0,0.01,0.01,2335.601822,1776327004000
1776327006.107,6.107,0.48,25.0,0.46,58.0,0.49,10.18,0.5,22.0,0.49,76.41,0.48,177.6,0.5,9.44,0.52,20.0,0.01,0.01,2335.410818,1776327005000
1776327006.321,6.321,0.48,14.84,0.46,8.0,0.49,21.26,0.5,37.0,0.51,29.98,0.5,32.0,0.52,14.84,0.54,8.0,0.01,0.01,2335.410818,1776327005000
1776327006.536,6.536,0.48,14.84,0.46,8.0,0.49,11.16,0.5,47.0,0.51,28.7,0.5,42.0,0.52,14.84,0.54,8.0,0.01,0.01,2335.410818,1776327005000
1776327006.9,6.9,0.48,9.84,0.46,8.0,0.49,11.16,0.5,47.0,0.51,11.16,0.5,47.0,0.52,9.84,0.54,8.0,0.01,0.01,2335.37268,1776327006000
1776327007.183,7.183,0.46,6.86,0.43,5.0,0.47,10.0,0.48,28.0,0.51,41.0,0.5,47.0,0.54,6.86,0.57,5.0,0.01,0.03,2335.37268,1776327006000
1776327007.824,7.824,0.47,15.0,0.46,16.86,0.5,29.0,0.51,67.41,0.53,3.61,0.52,28.0,0.54,11.86,0.58,76.0,0.03,0.01,2335.37268,1776327006000
1776327008.074,8.074,0.48,110.25,0.47,24.2,0.49,5.0,0.5,44.0,0.5,29.0,0.49,67.41,0.53,15.0,0.54,16.86,0.01,0.03,2335.371875,1776327007000
1776327008.617,8.617,0.48,216.72,0.47,5.0,0.5,39.72,0.51,79.41,0.51,5.0,0.5,44.0,0.52,110.25,0.53,24.2,0.02,0.01,2335.371875,1776327007000
1776327009.033,9.033,0.48,216.72,0.47,5.0,0.5,36.32,0.51,79.41,0.5,36.32,0.49,79.41,0.52,216.72,0.53,5.0,0.02,0.02,2335.36532,1776327008000
1776327009.62,9.62,0.52,36.0,0.51,20.0,0.54,11.98,0.55,13.0,0.5,36.32,0.49,79.41,0.52,216.72,0.53,5.0,0.02,0.02,2335.36532,1776327008000
1776327009.871,9.871,0.54,10.0,0.53,20.0,0.55,3.3,0.56,95.27,0.45,8.3,0.44,30.0,0.47,20.0,0.48,56.0,0.01,0.02,2335.36532,1776327008000
1776327010.123,10.123,0.52,5.0,0.5,29.79,0.54,48.29,0.55,13.3,0.45,3.3,0.44,95.27,0.46,10.0,0.47,20.0,0.02,0.01,2335.36532,1776327008000
1776327010.357,10.357,0.5,29.79,0.49,53.27,0.53,12.69,0.54,98.29,0.47,38.07,0.46,93.29,0.49,5.0,0.5,29.79,0.03,0.02,2335.36532,1776327008000
1776327010.737,10.737,0.5,29.79,0.49,53.27,0.53,12.69,0.54,98.29,0.47,12.69,0.46,98.29,0.5,29.79,0.51,53.27,0.03,0.03,2335.41959,1776327009000
1776327011.132,11.132,0.5,19.79,0.49,38.27,0.51,157.82,0.52,102.0,0.49,107.0,0.48,97.0,0.5,19.79,0.51,38.27,0.01,0.01,2335.41959,1776327009000
1776327011.97,11.97,0.5,20.85,0.49,38.27,0.51,138.89,0.52,97.0,0.49,127.89,0.48,102.0,0.5,12.85,0.51,38.27,0.01,0.01,2335.512873,1776327010000
1776327012.302,12.302,0.5,9.85,0.49,38.27,0.51,132.89,0.52,97.0,0.49,127.89,0.48,97.0,0.5,15.85,0.51,38.27,0.01,0.01,2335.512873,1776327010000
1776327012.946,12.946,0.5,13.5,0.49,38.27,0.51,127.89,0.52,97.0,0.49,132.89,0.48,97.0,0.5,9.85,0.51,38.27,0.01,0.01,2335.519591,1776327011000
1776327013.387,13.387,0.49,46.77,0.48,216.72,0.5,0.8,0.51,15.0,0.49,80.89,0.48,97.0,0.51,11.77,0.52,206.72,0.01,0.02,2335.519591,1776327011000
1776327013.589,13.589,0.49,11.77,0.48,216.72,0.5,9.2,0.51,20.8,0.5,4.2,0.49,10.8,0.51,26.77,0.52,216.72,0.01,0.01,2335.38086,1776327012000
1776327013.922,13.922,0.49,16.77,0.48,206.72,0.5,89.84,0.51,20.8,0.5,9.2,0.49,20.8,0.51,11.77,0.52,216.72,0.01,0.01,2335.38086,1776327012000
1776327014.524,14.524,0.48,146.82,0.47,10.0,0.5,10.0,0.51,20.8,0.5,89.84,0.49,20.8,0.51,16.77,0.52,206.72,0.02,0.01,2335.364436,1776327013000
1776327014.87,14.87,0.49,10.0,0.48,146.82,0.5,15.0,0.51,81.67,0.5,10.0,0.49,20.8,0.52,146.82,0.53,10.0,0.01,0.02,2335.364436,1776327013000
1776327016.527,16.527,0.48,149.89,0.47,10.0,0.49,37.0,0.5,10.0,0.5,20.0,0.49,81.67,0.51,7.05,0.52,146.82,0.01,0.01,2335.364436,1776327013000
1776327016.916,16.916,0.48,149.54,0.47,10.0,0.49,27.0,0.5,10.0,0.51,37.0,0.5,10.0,0.52,149.89,0.53,10.0,0.01,0.01,2335.364436,1776327013000
1776327018.224,18.224,0.48,154.54,0.47,90.0,0.51,6.0,0.52,5.0,0.51,27.0,0.5,10.0,0.52,149.54,0.53,10.0,0.03,0.01,2335.364436,1776327013000
1776327018.426,18.426,0.5,39.2,0.49,15.0,0.53,14.41,0.54,15.0,0.49,6.0,0.48,5.0,0.52,154.54,0.53,90.0,0.03,0.03,2335.364436,1776327013000
1776327019.652,19.652,0.55,20.0,0.54,25.0,0.56,5.67,0.57,5.0,0.47,14.41,0.46,15.0,0.5,39.2,0.51,15.0,0.01,0.03,2335.364436,1776327013000
1776327020.0,20.0,0.56,41.0,0.55,15.0,0.57,24.5,0.58,225.0,0.43,5.0,0.42,215.0,0.45,15.0,0.46,25.0,0.01,0.02,2335.364436,1776327013000
1776327020.524,20.524,0.56,49.88,0.55,20.0,0.57,29.5,0.58,225.0,0.43,24.5,0.42,225.0,0.44,41.0,0.45,15.0,0.01,0.01,2335.364436,1776327013000
1776327021.243,21.243,0.56,49.88,0.55,15.0,0.57,27.74,0.58,255.0,0.43,29.5,0.42,225.0,0.44,49.88,0.45,20.0,0.01,0.01,2335.364436,1776327013000
1776327021.565,21.565,0.56,12.38,0.55,20.0,0.57,27.74,0.58,285.0,0.43,27.74,0.42,255.0,0.44,49.88,0.45,15.0,0.01,0.01,2335.364436,1776327013000
1776327023.647,23.647,0.56,2.38,0.51,20.05,0.57,217.16,0.58,32.0,0.43,27.74,0.42,285.0,0.44,12.38,0.45,20.0,0.01,0.01,2335.901092,1776327022000
1776327023.866,23.866,0.5,11.17,0.48,6.0,0.51,107.0,0.52,115.0,0.49,100.0,0.48,95.0,0.5,16.17,0.52,6.0,0.01,0.01,2335.901092,1776327022000
1776327024.163,24.163,0.46,61.86,0.45,15.0,0.51,197.0,0.52,110.0,0.49,107.0,0.48,110.0,0.5,3.77,0.52,6.0,0.05,0.01,2335.901092,1776327023000
1776327025.389,25.389,0.46,1.36,0.43,78.09,0.47,73.0,0.48,30.0,0.49,197.0,0.48,110.0,0.54,61.86,0.55,15.0,0.01,0.05,2335.963874,1776327024000
1776327025.737,25.737,0.43,46.0,0.42,33.0,0.45,20.0,0.46,15.0,0.53,73.0,0.52,30.0,0.58,33.0,0.59,210.0,0.02,0.05,2335.963874,1776327024000
1776327026.319,26.319,0.44,20.87,0.43,33.9,0.45,10.0,0.46,10.0,0.55,20.0,0.54,15.0,0.57,46.0,0.58,33.0,0.01,0.02,2335.70167,1776327025000
1776327027.085,27.085,0.48,15.0,0.47,20.0,0.49,10.0,0.5,15.0,0.53,21.0,0.51,5.0,0.54,40.0,0.56,20.0,0.01,0.01,2335.70167,1776327025000
1776327027.556,27.556,0.49,18.03,0.48,15.0,0.5,5.0,0.51,90.0,0.51,5.0,0.5,15.0,0.52,20.0,0.53,20.0,0.01,0.01,2335.42505,1776327026000
1776327031.232,31.232,0.49,32.0,0.48,15.0,0.5,49.0,0.51,29.0,0.5,5.0,0.49,90.0,0.51,18.03,0.52,15.0,0.01,0.01,2335.602424,1776327030000
1776327031.769,31.769,0.49,27.0,0.48,15.0,0.5,52.0,0.51,29.0,0.5,49.0,0.49,29.0,0.51,32.0,0.52,15.0,0.01,0.01,2335.602424,1776327030000
1776327032.755,32.755,0.49,15.0,0.48,15.0,0.5,60.0,0.51,29.0,0.5,52.0,0.49,29.0,0.51,27.0,0.52,15.0,0.01,0.01,2335.578496,1776327031000
1776327033.439,33.439,0.49,27.0,0.48,15.0,0.5,62.0,0.51,29.0,0.5,60.0,0.49,29.0,0.51,15.0,0.52,15.0,0.01,0.01,2335.5728,1776327032000
1776327034.316,34.316,0.49,13.03,0.48,15.0,0.5,90.0,0.51,29.0,0.5,62.0,0.49,29.0,0.51,27.0,0.52,15.0,0.01,0.01,2335.575624,1776327033000
1776327034.898,34.898,0.49,27.23,0.48,15.0,0.5,62.0,0.51,29.0,0.5,90.0,0.49,29.0,0.51,8.03,0.52,15.0,0.01,0.01,2335.575624,1776327033000
1776327035.47,35.47,0.49,178.23,0.48,25.0,0.5,5.04,0.51,5.0,0.5,62.0,0.49,29.0,0.51,27.23,0.52,15.0,0.01,0.01,2335.538481,1776327034000
1776327035.804,35.804,0.58,35.0,0.57,15.0,0.59,27.4,0.6,10.0,0.41,26.95,0.38,110.0,0.42,10.0,0.43,10.0,0.01,0.01,2335.538481,1776327034000
1776327036.091,36.091,0.58,10.0,0.57,15.0,0.6,20.77,0.61,40.0,0.41,27.4,0.4,10.0,0.42,35.0,0.43,15.0,0.02,0.01,2335.517916,1776327035000
1776327036.301,36.301,0.59,34.2,0.58,27.0,0.6,3.33,0.61,40.0,0.4,20.77,0.39,40.0,0.42,10.0,0.43,15.0,0.01,0.02,2335.517916,1776327035000
1776327036.612,36.612,0.6,10.0,0.59,20.0,0.61,20.0,0.62,148.33,0.38,103.33,0.37,80.0,0.41,34.2,0.42,20.0,0.01,0.03,2335.517916,1776327035000
1776327036.829,36.829,0.58,10.0,0.57,15.0,0.59,34.0,0.6,20.0,0.39,83.93,0.38,148.33,0.42,20.0,0.43,10.0,0.01,0.03,2335.517916,1776327035000
1776327037.714,37.714,0.58,98.56,0.57,10.0,0.59,16.3,0.6,28.0,0.41,105.3,0.4,24.0,0.42,10.0,0.43,10.0,0.01,0.01,2335.813423,1776327036000
1776327039.158,39.158,0.58,93.56,0.57,85.0,0.59,67.49,0.62,14.0,0.41,16.3,0.4,28.0,0.42,98.56,0.43,10.0,0.01,0.01,2336.160596,1776327037000
1776327039.5,39.5,0.61,105.0,0.6,10.0,0.62,14.0,0.63,70.0,0.38,19.0,0.37,70.0,0.42,93.56,0.43,85.0,0.01,0.04,2336.30378,1776327038000
1776327040.402,40.402,0.61,98.0,0.6,10.0,0.62,94.73,0.63,93.0,0.38,14.0,0.37,70.0,0.39,105.0,0.4,10.0,0.01,0.01,2336.30378,1776327039000
1776327040.999,40.999,0.61,86.87,0.6,10.0,0.62,15.15,0.63,23.0,0.38,109.88,0.37,93.0,0.39,92.87,0.4,15.0,0.01,0.01,2336.23768,1776327040000
1776327041.452,41.452,0.62,21.0,0.61,10.0,0.63,33.0,0.64,15.5,0.38,15.15,0.37,23.0,0.39,86.87,0.4,10.0,0.01,0.01,2336.23768,1776327040000
1776327041.9,41.9,0.62,16.0,0.61,10.0,0.63,131.69,0.64,15.5,0.37,33.0,0.36,15.5,0.38,26.0,0.39,10.0,0.01,0.01,2336.23768,1776327040000
1776327042.481,42.481,0.61,51.63,0.6,10.0,0.62,34.0,0.63,107.69,0.37,131.69,0.36,15.5,0.39,10.0,0.4,15.0,0.01,0.02,2336.428674,1776327041000
1776327042.925,42.925,0.61,10.0,0.58,53.56,0.62,116.0,0.63,112.69,0.38,44.0,0.37,112.69,0.39,21.15,0.41,10.0,0.01,0.01,2336.428674,1776327041000
1776327043.326,43.326,0.59,10.0,0.58,51.86,0.6,36.91,0.61,10.0,0.38,160.0,0.37,112.69,0.42,51.86,0.43,10.0,0.01,0.04,2336.56666,1776327042000
1776327043.748,43.748,0.59,10.0,0.58,51.86,0.6,90.24,0.61,91.22,0.4,36.91,0.39,10.0,0.41,10.0,0.42,51.86,0.01,0.01,2336.56666,1776327042000
1776327044.119,44.119,0.59,6.36,0.58,56.86,0.6,62.0,0.61,105.22,0.4,90.24,0.39,91.22,0.41,10.0,0.42,51.86,0.01,0.01,2336.56666,1776327042000
1776327045.07,45.07,0.59,8.92,0.58,56.86,0.6,67.0,0.61,105.22,0.4,62.0,0.39,105.22,0.41,6.36,0.42,56.86,0.01,0.01,2336.520082,1776327043000
1776327045.623,45.623,0.59,1.43,0.58,51.86,0.6,71.0,0.61,105.22,0.4,67.0,0.39,105.22,0.41,8.92,0.42,56.86,0.01,0.01,2336.371618,1776327044000
1776327046.67,46.67,0.59,1.43,0.58,51.86,0.6,54.0,0.61,70.13,0.4,71.0,0.39,105.22,0.41,1.43,0.42,51.86,0.01,0.01,2336.38667,1776327045000
1776327049.235,49.235,0.59,44.99,0.58,13.3,0.6,193.0,0.61,173.0,0.4,54.0,0.39,70.13,0.41,1.43,0.42,51.86,0.01,0.01,2336.294078,1776327048000
1776327050.85,50.85,0.57,15.0,0.56,95.0,0.58,59.0,0.59,23.0,0.4,247.18,0.39,173.0,0.42,8.3,0.43,10.0,0.01,0.02,2336.294414,1776327049000
1776327051.139,51.139,0.56,94.61,0.55,20.0,0.58,29.0,0.59,28.0,0.42,59.0,0.41,23.0,0.43,15.0,0.44,95.0,0.02,0.01,2336.290159,1776327050000
1776327052.055,52.055,0.58,52.52,0.57,25.0,0.59,62.69,0.6,98.0,0.42,29.0,0.41,28.0,0.44,94.61,0.45,20.0,0.01,0.02,2336.165375,1776327051000
1776327052.721,52.721,0.59,45.0,0.58,55.0,0.6,68.28,0.61,154.0,0.41,62.69,0.4,98.0,0.42,52.52,0.43,25.0,0.01,0.01,2336.165375,1776327051000
1776327053.276,53.276,0.61,86.0,0.6,40.0,0.62,8.0,0.63,13.0,0.39,152.06,0.38,13.0,0.41,71.0,0.42,55.0,0.01,0.02,2336.159009,1776327052000
1776327055.626,55.626,0.63,70.0,0.62,20.0,0.64,104.17,0.65,20.0,0.38,8.0,0.37,13.0,0.39,86.0,0.4,40.0,0.01,0.01,2336.4734,1776327054000
1776327055.86,55.86,0.63,70.0,0.62,20.0,0.64,99.17,0.65,20.0,0.36,104.17,0.35,20.0,0.37,70.0,0.38,20.0,0.01,0.01,2336.743119,1776327055000
1776327058.717,58.717,0.63,75.0,0.62,20.0,0.64,13.0,0.65,20.0,0.36,99.17,0.35,20.0,0.37,70.0,0.38,20.0,0.01,0.01,2336.6937,1776327057000
1776327059.521,59.521,0.63,75.0,0.62,20.0,0.64,11.43,0.65,20.0,0.36,13.0,0.35,20.0,0.37,75.0,0.38,20.0,0.01,0.01,2336.6937,1776327058000
1776327060.319,60.319,0.63,70.0,0.62,20.0,0.65,9.84,0.66,36.92,0.36,9.86,0.35,20.0,0.37,75.0,0.38,20.0,0.02,0.01,2336.67365,1776327059000
1776327060.585,60.585,0.67,15.0,0.66,40.0,0.69,6.43,0.7,5.0,0.35,9.84,0.34,36.92,0.37,70.0,0.38,20.0,0.02,0.02,2336.67365,1776327059000
1776327060.813,60.813,0.68,26.28,0.67,36.0,0.7,3.25,0.71,22.5,0.31,0.69,0.3,5.0,0.32,6.28,0.33,21.0,0.02,0.01,2336.67365,1776327059000
1776327061.111,61.111,0.69,19.19,0.68,11.28,0.7,32.67,0.71,38.5,0.3,1.67,0.29,22.5,0.32,26.28,0.33,26.0,0.01,0.02,2336.67365,1776327059000
1776327061.557,61.557,0.69,70.19,0.68,11.28,0.7,78.0,0.71,46.0,0.3,58.24,0.29,63.5,0.31,19.19,0.32,11.28,0.01,0.01,2336.7303,1776327060000
1776327061.87,61.87,0.69,29.19,0.68,11.28,0.7,162.71,0.71,155.0,0.3,68.0,0.29,46.0,0.31,39.19,0.32,11.28,0.01,0.01,2336.7303,1776327060000
1776327063.0,63.0,0.69,43.42,0.68,16.28,0.7,27.0,0.71,30.0,0.3,162.0,0.29,155.0,0.31,23.42,0.32,11.28,0.01,0.01,2336.733075,1776327061000
1776327063.52,63.52,0.69,38.42,0.68,16.28,0.7,14.57,0.71,30.0,0.3,20.57,0.29,30.0,0.31,43.42,0.32,16.28,0.01,0.01,2337.020925,1776327062000
1776327063.72,63.72,0.69,38.42,0.68,11.28,0.7,19.37,0.71,30.0,0.3,14.57,0.29,30.0,0.31,38.42,0.32,16.28,0.01,0.01,2337.020925,1776327062000
1776327063.998,63.998,0.69,12.25,0.68,6.28,0.7,51.87,0.71,30.0,0.3,24.37,0.29,30.0,0.31,12.25,0.32,6.28,0.01,0.01,2337.020925,1776327062000
1776327064.265,64.265,0.69,17.25,0.68,6.28,0.7,22.94,0.71,30.0,0.3,51.87,0.29,30.0,0.31,12.25,0.32,6.28,0.01,0.01,2337.020925,1776327062000
1776327064.493,64.493,0.69,17.25,0.68,6.28,0.7,15.32,0.71,30.0,0.3,22.94,0.29,30.0,0.31,17.25,0.32,6.28,0.01,0.01,2337.048602,1776327063000
1776327066.211,66.211,0.65,36.64,0.64,103.29,0.7,5.0,0.71,30.0,0.3,15.32,0.29,30.0,0.31,4.0,0.32,6.28,0.05,0.01,2337.10063,1776327064000
1776327067.928,67.928,0.69,4.0,0.68,20.0,0.7,125.0,0.71,29.0,0.3,3.12,0.29,14.0,0.31,20.0,0.32,15.0,0.01,0.01,2336.973913,1776327067000
1776327068.571,68.571,0.68,4.0,0.67,10.0,0.69,58.0,0.7,48.0,0.3,125.0,0.29,29.0,0.31,4.0,0.32,20.0,0.01,0.01,2336.973913,1776327067000
1776327069.968,69.968,0.64,2.96,0.63,5.0,0.66,269.0,0.67,165.0,0.32,95.77,0.31,48.0,0.33,5.0,0.35,11.0,0.02,0.01,2336.984348,1776327069000
1776327070.264,70.264,0.61,14.59,0.6,10.0,0.63,20.0,0.64,10.0,0.35,110.0,0.34,185.0,0.39,9.72,0.4,10.0,0.02,0.04,2336.984348,1776327069000
1776327070.487,70.487,0.61,9.87,0.6,15.0,0.62,5.0,0.63,10.0,0.37,20.0,0.36,10.0,0.39,14.59,0.4,10.0,0.01,0.02,2336.984348,1776327069000
1776327072.73,72.73,0.61,7.43,0.6,20.0,0.62,95.89,0.63,15.0,0.38,5.0,0.37,10.0,0.39,9.87,0.4,15.0,0.01,0.01,2336.668555,1776327071000
1776327073.894,73.894,0.59,5.0,0.58,5.0,0.61,39.0,0.62,29.0,0.38,95.89,0.37,15.0,0.39,7.43,0.4,20.0,0.02,0.01,2336.443683,1776327072000
1776327074.258,74.258,0.58,12.52,0.57,15.0,0.59,13.0,0.6,8.0,0.39,39.0,0.38,29.0,0.41,5.0,0.42,5.0,0.01,0.02,2336.443683,1776327072000
1776327074.541,74.541,0.62,23.18,0.61,10.0,0.63,5.0,0.64,15.0,0.41,13.0,0.4,8.0,0.42,12.52,0.43,15.0,0.01,0.01,2336.446844,1776327073000
1776327076.344,76.344,0.62,35.0,0.61,15.0,0.63,8.41,0.64,28.88,0.37,5.0,0.36,15.0,0.38,23.18,0.39,10.0,0.01,0.01,2336.404789,1776327075000
1776327076.651,76.651,0.62,22.36,0.61,15.0,0.63,18.41,0.64,28.88,0.37,8.41,0.36,28.88,0.38,35.0,0.39,15.0,0.01,0.01,2336.404789,1776327075000
1776327077.362,77.362,0.62,22.36,0.61,15.0,0.63,33.47,0.64,15.0,0.37,18.41,0.36,28.88,0.38,22.36,0.39,15.0,0.01,0.01,2336.425184,1776327076000
1776327077.67,77.67,0.62,22.36,0.61,15.0,0.63,36.88,0.64,15.0,0.37,33.47,0.36,15.0,0.38,22.36,0.39,15.0,0.01,0.01,2336.425184,1776327076000
1776327078.402,78.402,0.62,7.36,0.61,5.0,0.63,32.64,0.64,15.0,0.37,36.88,0.36,15.0,0.38,22.36,0.39,15.0,0.01,0.01,2336.425184,1776327077000
1776327081.233,81.233,0.6,5.0,0.59,10.0,0.61,10.0,0.62,15.0,0.37,32.64,0.36,15.0,0.38,7.36,0.39,5.0,0.01,0.01,2336.424987,1776327079000
1776327081.741,81.741,0.62,15.15,0.61,5.0,0.63,24.64,0.64,46.55,0.37,24.64,0.36,15.0,0.38,23.15,0.4,5.0,0.01,0.01,2336.477937,1776327080000
1776327083.982,83.982,0.58,75.0,0.57,5.0,0.63,91.64,0.64,70.15,0.37,24.64,0.36,46.55,0.38,15.15,0.39,5.0,0.05,0.01,2336.468412,1776327082000
1776327084.869,84.869,0.56,25.0,0.53,5.0,0.57,100.0,0.58,18.0,0.41,18.0,0.4,10.0,0.42,70.0,0.43,5.0,0.01,0.01,2336.448,1776327083000
1776327085.742,85.742,0.52,0.45,0.51,5.0,0.53,88.2,0.54,29.0,0.43,110.0,0.42,18.0,0.48,0.45,0.49,5.0,0.01,0.05,2336.448,1776327083000
1776327087.837,87.837,0.5,6.0,0.49,82.0,0.51,67.23,0.52,23.0,0.47,91.31,0.46,24.0,0.48,0.45,0.49,5.0,0.01,0.01,2336.318272,1776327086000
1776327088.096,88.096,0.49,68.29,0.48,154.94,0.5,19.0,0.51,84.03,0.49,94.03,0.48,23.0,0.51,72.0,0.52,154.94,0.01,0.02,2336.096275,1776327087000
1776327088.89,88.89,0.48,90.0,0.47,90.0,0.49,14.89,0.5,24.0,0.51,10.0,0.5,35.0,0.52,149.94,0.53,75.0,0.01,0.01,2336.096275,1776327087000
1776327089.161,89.161,0.48,91.15,0.47,169.94,0.49,12.56,0.5,24.0,0.51,14.89,0.5,24.0,0.52,86.15,0.53,90.0,0.01,0.01,2335.9669,1776327088000
1776327089.905,89.905,0.49,15.0,0.48,166.09,0.5,5.0,0.51,10.0,0.5,19.0,0.49,23.0,0.52,115.35,0.53,169.94,0.01,0.02,2335.9669,1776327088000
1776327091.268,91.268,0.48,76.15,0.47,80.0,0.49,12.85,0.5,5.0,0.5,20.0,0.49,10.0,0.51,9.0,0.52,156.09,0.01,0.01,2335.795555,1776327089000
1776327092.071,92.071,0.49,52.94,0.48,116.15,0.5,15.0,0.51,17.0,0.51,12.85,0.5,5.0,0.52,76.15,0.53,80.0,0.01,0.01,2335.7588,1776327091000
1776327092.559,92.559,0.49,37.94,0.48,86.15,0.5,10.0,0.51,17.0,0.5,15.0,0.49,17.0,0.51,52.94,0.52,116.15,0.01,0.01,2335.7588,1776327091000
1776327093.784,93.784,0.49,22.94,0.48,86.15,0.5,6.0,0.51,22.0,0.5,10.0,0.49,17.0,0.51,37.94,0.52,86.15,0.01,0.01,2335.7568,1776327092000
1776327094.046,94.046,0.48,61.15,0.47,80.0,0.5,50.2,0.51,22.0,0.5,6.0,0.49,22.0,0.51,22.94,0.52,86.15,0.02,0.01,2335.7568,1776327092000
1776327094.729,94.729,0.5,76.0,0.49,122.99,0.51,12.0,0.52,10.0,0.5,50.2,0.49,22.0,0.52,61.15,0.53,80.0,0.01,0.02,2335.86228,1776327093000
1776327095.404,95.404,0.5,66.42,0.49,15.0,0.51,12.0,0.52,10.0,0.49,12.0,0.48,10.0,0.5,76.0,0.51,122.99,0.01,0.01,2335.76885,1776327094000
1776327095.873,95.873,0.53,80.11,0.52,35.0,0.54,42.63,0.56,5.0,0.47,9.37,0.46,18.0,0.5,12.12,0.51,15.0,0.01,0.03,2335.76885,1776327094000
1776327096.173,96.173,0.55,45.0,0.54,25.0,0.57,15.0,0.58,18.0,0.45,5.0,0.43,10.0,0.47,81.91,0.48,35.0,0.02,0.02,2335.76885,1776327094000
1776327096.658,96.658,0.57,40.0,0.56,20.0,0.59,80.62,0.6,88.0,0.43,15.0,0.42,18.0,0.45,45.0,0.46,25.0,0.02,0.02,2335.757365,1776327095000
1776327097.003,97.003,0.58,15.8,0.57,30.0,0.59,85.62,0.6,88.0,0.41,80.62,0.4,88.0,0.42,14.2,0.43,45.0,0.01,0.01,2335.757365,1776327095000
1776327097.778,97.778,0.58,2.65,0.57,35.0,0.6,70.0,0.61,93.0,0.41,90.62,0.4,88.0,0.42,2.65,0.43,30.0,0.02,0.01,2335.930095,1776327096000
1776327098.085,98.085,0.59,35.0,0.58,10.0,0.6,85.0,0.61,85.0,0.4,70.0,0.39,93.0,0.42,2.65,0.43,35.0,0.01,0.02,2336.04835,1776327097000
1776327098.857,98.857,0.59,8.82,0.58,10.0,0.6,181.51,0.61,85.0,0.4,85.0,0.39,85.0,0.41,35.0,0.42,10.0,0.01,0.01,2336.04835,1776327097000
1776327099.308,99.308,0.59,3.69,0.58,10.0,0.6,176.51,0.61,85.0,0.4,181.51,0.39,85.0,0.41,8.82,0.42,10.0,0.01,0.01,2336.22494,1776327098000
1776327099.647,99.647,0.58,13.6,0.57,30.0,0.6,181.51,0.61,85.0,0.4,176.51,0.39,85.0,0.41,3.69,0.42,10.0,0.02,0.01,2336.22494,1776327098000
1776327100.059,100.059,0.59,22.34,0.58,28.6,0.6,101.51,0.61,20.0,0.4,181.51,0.39,85.0,0.42,13.6,0.43,30.0,0.01,0.02,2336.22494,1776327098000
1776327100.996,100.996,0.59,15.0,0.58,13.6,0.6,9.4,0.62,5.0,0.4,101.51,0.39,20.0,0.41,22.34,0.42,28.6,0.01,0.01,2336.21805,1776327099000
1776327101.382,101.382,0.61,16.15,0.6,15.0,0.62,5.0,0.63,11.0,0.38,5.0,0.37,11.0,0.41,10.0,0.42,13.6,0.01,0.03,2336.21805,1776327099000
1776327101.592,101.592,0.6,2.79,0.59,15.0,0.62,5.0,0.63,16.0,0.38,5.0,0.37,11.0,0.39,16.15,0.4,15.0,0.02,0.01,2336.21523,1776327100000
1776327102.904,102.904,0.61,11.15,0.6,15.0,0.62,5.0,0.63,16.0,0.38,5.0,0.37,16.0,0.4,2.79,0.41,15.0,0.01,0.02,2336.21805,1776327101000
1776327104.024,104.024,0.61,31.15,0.6,15.0,0.63,6.0,0.64,51.66,0.38,5.0,0.37,16.0,0.39,11.15,0.4,15.0,0.02,0.01,2336.49498,1776327102000
1776327106.472,106.472,0.61,16.15,0.6,10.0,0.63,16.0,0.64,61.66,0.37,6.0,0.36,51.66,0.38,11.05,0.39,41.15,0.02,0.01,2336.42905,1776327105000
1776327107.491,107.491,0.6,6.55,0.59,15.0,0.61,5.0,0.62,10.0,0.37,16.0,0.36,61.66,0.41,15.0,0.42,13.6,0.01,0.04,2336.42905,1776327106000
1776327109.496,109.496,0.6,5.0,0.59,15.0,0.61,5.0,0.62,10.0,0.39,5.0,0.38,10.0,0.4,6.55,0.41,15.0,0.01,0.01,2336.43325,1776327108000
1776327111.679,111.679,0.54,92.94,0.53,19.0,0.56,15.0,0.57,30.0,0.39,5.0,0.38,10.0,0.4,5.0,0.41,15.0,0.02,0.01,2336.415975,1776327110000
1776327111.999,111.999,0.51,61.77,0.5,85.12,0.52,44.0,0.53,20.0,0.44,15.0,0.43,30.0,0.46,92.94,0.47,19.0,0.01,0.02,2336.415975,1776327110000
1776327112.659,112.659,0.48,69.93,0.47,18.0,0.51,67.2,0.52,33.0,0.48,44.0,0.47,20.0,0.49,61.77,0.5,85.12,0.03,0.01,2336.415975,1776327111000
1776327113.606,113.606,0.47,18.0,0.46,55.0,0.49,15.0,0.5,15.0,0.49,67.2,0.48,33.0,0.52,69.93,0.53,18.0,0.02,0.03,2336.415975,1776327111000
1776327116.177,116.177,0.46,84.05,0.45,94.0,0.47,14.89,0.48,10.0,0.52,10.0,0.51,10.0,0.53,13.0,0.54,60.0,0.01,0.01,2335.898938,1776327114000
1776327116.419,116.419,0.46,89.05,0.45,94.0,0.47,4.25,0.48,10.0,0.53,14.89,0.52,10.0,0.54,84.05,0.55,94.0,0.01,0.01,2335.898938,1776327114000
1776327117.468,117.468,0.47,15.0,0.46,85.0,0.49,0.79,0.5,10.0,0.53,9.14,0.52,10.0,0.54,84.05,0.55,99.0,0.02,0.01,2335.73898,1776327116000
1776327121.203,121.203,0.52,111.0,0.51,129.89,0.55,20.0,0.56,15.0,0.51,0.79,0.5,10.0,0.53,15.0,0.54,85.0,0.03,0.02,2335.7936,1776327119000
1776327121.444,121.444,0.55,28.15,0.54,16.0,0.56,15.0,0.57,29.7,0.47,10.0,0.45,20.0,0.48,81.87,0.49,129.89,0.01,0.01,2335.7986,1776327120000
1776327121.668,121.668,0.55,53.15,0.54,21.0,0.56,22.2,0.57,15.0,0.44,15.0,0.43,29.7,0.45,28.15,0.46,16.0,0.01,0.01,2335.7986,1776327120000
1776327123.267,123.267,0.55,144.15,0.54,101.1,0.56,24.82,0.6,5.0,0.44,22.2,0.43,15.0,0.45,53.15,0.46,21.0,0.01,0.01,2335.878847,1776327122000
1776327124.295,124.295,0.55,33.15,0.52,5.0,0.59,10.0,0.6,132.14,0.4,5.0,0.39,5.0,0.44,47.49,0.45,154.15,0.04,0.04,2335.96345,1776327123000
1776327124.598,124.598,0.49,5.0,0.48,31.37,0.56,206.0,0.57,28.0,0.41,10.0,0.4,132.14,0.45,33.15,0.48,5.0,0.07,0.04,2335.96345,1776327123000
1776327124.942,124.942,0.48,22.94,0.47,15.0,0.49,25.0,0.5,38.0,0.51,10.0,0.5,28.0,0.52,28.6,0.53,5.0,0.01,0.01,2335.96345,1776327123000
1776327125.834,125.834,0.48,27.94,0.47,25.99,0.49,7.85,0.5,28.0,0.51,10.0,0.5,28.0,0.52,81.94,0.53,20.89,0.01,0.01,2336.124347,1776327124000
1776327126.22,126.22,0.49,123.0,0.48,43.04,0.53,5.0,0.55,13.0,0.51,7.85,0.5,28.0,0.52,27.94,0.53,25.99,0.04,0.01,2336.124347,1776327124000
1776327126.749,126.749,0.61,34.2,0.6,15.0,0.62,0.28,0.63,5.0,0.47,5.0,0.45,13.0,0.51,123.0,0.52,43.04,0.01,0.04,2336.10832,1776327125000
1776327126.967,126.967,0.61,31.15,0.6,15.0,0.62,0.28,0.63,5.0,0.38,0.28,0.37,5.0,0.39,34.2,0.4,15.0,0.01,0.01,2336.10832,1776327125000
1776327128.611,128.611,0.64,15.0,0.63,20.0,0.65,0.28,0.66,5.0,0.38,0.28,0.37,5.0,0.39,31.15,0.4,15.0,0.01,0.01,2335.965369,1776327127000
1776327129.021,129.021,0.65,7.37,0.64,20.0,0.66,9.9,0.67,68.23,0.34,4.9,0.33,5.0,0.35,15.0,0.36,25.0,0.01,0.01,2335.965369,1776327127000
1776327129.326,129.326,0.65,3.08,0.64,20.0,0.66,4.9,0.67,68.23,0.34,9.9,0.33,68.23,0.35,7.37,0.36,20.0,0.01,0.01,2335.965369,1776327127000
1776327130.901,130.901,0.63,20.0,0.62,25.0,0.65,75.34,0.66,38.0,0.34,4.9,0.33,68.23,0.35,3.08,0.36,20.0,0.02,0.01,2336.325453,1776327129000
1776327131.978,131.978,0.63,10.0,0.62,25.0,0.64,15.0,0.65,21.94,0.35,75.34,0.34,38.0,0.37,20.0,0.38,25.0,0.01,0.02,2336.428049,1776327130000
1776327134.484,134.484,0.63,9.21,0.62,15.0,0.64,10.0,0.65,31.94,0.36,15.0,0.35,21.94,0.37,10.0,0.38,25.0,0.01,0.01,2336.36888,1776327133000
1776327135.159,135.159,0.64,25.0,0.63,48.41,0.65,20.11,0.66,5.0,0.36,10.0,0.35,31.94,0.37,9.21,0.38,15.0,0.01,0.01,2336.36888,1776327133000
1776327135.796,135.796,0.64,76.0,0.63,29.21,0.66,4.0,0.67,5.0,0.35,8.11,0.34,5.0,0.36,25.0,0.37,29.21,0.02,0.01,2336.366368,1776327134000
1776327138.427,138.427,0.69,50.2,0.68,26.0,0.7,4.0,0.77,20.3,0.34,4.0,0.33,5.0,0.36,76.0,0.37,29.21,0.01,0.02,2336.629602,1776327137000
1776327138.818,138.818,0.76,20.0,0.75,20.0,0.8,37.5,0.81,28.4,0.23,11.52,0.22,21.0,0.24,10.0,0.25,20.0,0.04,0.01,2336.629602,1776327137000
1776327139.136,139.136,0.79,2.85,0.78,10.0,0.8,35.2,0.81,28.4,0.2,35.2,0.19,28.4,0.24,20.0,0.25,20.0,0.01,0.04,2336.655362,1776327138000
1776327139.714,139.714,0.78,11.17,0.77,20.0,0.79,11.0,0.8,51.15,0.2,35.2,0.19,28.4,0.22,6.17,0.23,10.0,0.01,0.02,2336.655362,1776327138000
1776327140.172,140.172,0.78,16.17,0.77,20.0,0.79,8.46,0.8,46.15,0.21,11.0,0.2,51.15,0.22,11.17,0.23,20.0,0.01,0.01,2336.852553,1776327139000
1776327140.466,140.466,0.79,1.66,0.78,11.62,0.8,29.44,0.82,29.4,0.2,29.44,0.19,23.4,0.22,11.62,0.23,20.0,0.01,0.02,2336.852553,1776327139000
1776327140.795,140.795,0.8,10.0,0.79,13.66,0.81,168.14,0.82,129.4,0.19,63.14,0.18,29.4,0.21,13.66,0.22,11.62,0.01,0.02,2336.852553,1776327139000
1776327141.304,141.304,0.8,5.0,0.79,1.66,0.81,166.9,0.82,129.4,0.19,161.9,0.18,129.4,0.2,10.0,0.21,1.66,0.01,0.01,2337.35847,1776327140000
1776327141.707,141.707,0.8,5.0,0.79,1.66,0.81,186.81,0.82,154.4,0.19,166.9,0.18,129.4,0.2,5.0,0.21,1.66,0.01,0.01,2337.35847,1776327140000
1776327142.225,142.225,0.8,5.0,0.79,1.66,0.81,181.81,0.82,154.4,0.19,186.81,0.18,154.4,0.2,5.0,0.21,1.66,0.01,0.01,2337.479205,1776327141000
1776327144.403,144.403,0.8,15.0,0.79,6.66,0.81,173.18,0.82,149.4,0.19,181.81,0.18,154.4,0.2,5.0,0.21,1.66,0.01,0.01,2337.63157,1776327143000
1776327144.895,144.895,0.79,6.66,0.78,11.62,0.81,163.4,0.82,149.4,0.19,173.18,0.18,149.4,0.2,15.0,0.21,6.66,0.02,0.01,2337.63157,1776327143000
1776327145.979,145.979,0.8,5.9,0.79,1.66,0.81,26.4,0.82,24.4,0.19,163.4,0.18,149.4,0.21,6.66,0.22,11.62,0.01,0.02,2337.597036,1776327144000
1776327146.257,146.257,0.8,0.9,0.79,6.66,0.81,21.4,0.82,24.4,0.19,26.4,0.18,24.4,0.2,5.9,0.21,1.66,0.01,0.01,2337.63861,1776327145000
1776327147.08,147.08,0.8,15.0,0.79,14.47,0.81,21.4,0.82,24.4,0.19,21.4,0.18,24.4,0.21,4.47,0.22,11.17,0.01,0.02,2337.63861,1776327145000
1776327147.963,147.963,0.8,5.0,0.79,14.47,0.81,31.4,0.82,24.4,0.19,21.4,0.18,24.4,0.2,15.0,0.21,14.47,0.01,0.01,2337.5558,1776327146000
1776327148.613,148.613,0.79,7.0,0.78,11.17,0.81,68.8,0.82,65.27,0.19,31.4,0.18,24.4,0.2,5.0,0.21,14.47,0.02,0.01,2337.5329,1776327147000
1776327148.931,148.931,0.78,6.17,0.77,15.0,0.8,47.0,0.81,53.8,0.19,68.8,0.18,65.27,0.21,7.0,0.22,11.17,0.02,0.02,2337.5329,1776327147000
1776327149.21,149.21,0.79,4.47,0.78,6.17,0.8,47.0,0.81,113.8,0.2,47.0,0.19,53.8,0.22,6.17,0.23,15.0,0.01,0.02,2337.5329,1776327148000
1776327150.681,150.681,0.78,10.0,0.77,10.0,0.79,64.78,0.8,70.9,0.2,59.5,0.19,108.8,0.24,10.0,0.25,33.0,0.01,0.04,2337.526381,1776327149000
1776327151.155,151.155,0.79,15.0,0.78,30.0,0.8,22.4,0.81,23.4,0.21,64.78,0.2,70.9,0.22,10.0,0.23,10.0,0.01,0.01,2337.526381,1776327149000
1776327151.623,151.623,0.79,2.0,0.78,10.0,0.8,91.4,0.81,83.4,0.2,22.4,0.19,23.4,0.21,15.0,0.22,30.0,0.01,0.01,2337.394512,1776327150000
1776327152.029,152.029,0.78,5.0,0.77,10.0,0.79,43.83,0.8,103.9,0.2,96.4,0.19,83.4,0.22,5.0,0.23,10.0,0.01,0.02,2337.394512,1776327150000
1776327159.755,159.755,0.78,90.07,0.77,192.0,0.8,25.53,0.83,30.5,0.21,43.83,0.2,103.9,0.22,5.0,0.23,10.0,0.02,0.01,2337.407283,1776327158000
1776327160.082,160.082,0.82,15.0,0.81,18.0,0.83,53.5,0.84,99.83,0.17,30.5,0.16,99.83,0.21,18.0,0.22,90.07,0.01,0.04,2337.334355,1776327159000
1776327161.441,161.441,0.81,33.0,0.8,15.0,0.83,30.5,0.84,109.83,0.17,48.5,0.16,99.83,0.19,18.0,0.2,10.0,0.02,0.02,2337.408181,1776327160000
1776327161.829,161.829,0.82,25.0,0.81,23.0,0.84,99.83,0.85,103.2,0.17,30.5,0.16,109.83,0.19,33.0,0.2,15.0,0.02,0.02,2337.408181,1776327160000
1776327166.883,166.883,0.83,172.0,0.82,203.17,0.84,76.33,0.89,41.79,0.16,99.83,0.15,103.2,0.18,25.0,0.19,23.0,0.01,0.02,2337.481619,1776327165000
1776327167.136,167.136,0.88,90.0,0.87,15.0,0.89,147.76,0.9,180.0,0.11,29.44,0.1,55.0,0.12,50.0,0.13,15.0,0.01,0.01,2337.524541,1776327166000
1776327167.549,167.549,0.88,61.99,0.87,15.0,0.89,147.76,0.9,180.0,0.11,147.76,0.1,180.0,0.12,71.66,0.13,15.0,0.01,0.01,2337.524541,1776327166000
1776327167.946,167.946,0.88,59.73,0.87,15.0,0.89,142.76,0.9,180.0,0.11,142.76,0.1,180.0,0.12,61.99,0.13,15.0,0.01,0.01,2337.524541,1776327166000
1776327168.546,168.546,0.88,93.82,0.87,15.0,0.89,139.01,0.9,186.0,0.11,142.76,0.1,180.0,0.12,59.73,0.13,15.0,0.01,0.01,2337.52845,1776327167000
1776327169.359,169.359,0.88,98.82,0.87,21.0,0.89,138.25,0.9,141.0,0.11,133.01,0.1,186.0,0.12,93.82,0.13,15.0,0.01,0.01,2337.871158,1776327168000
1776327170.158,170.158,0.88,98.82,0.87,21.0,0.89,48.25,0.9,46.0,0.11,134.47,0.1,41.0,0.12,93.82,0.13,21.0,0.01,0.01,2337.871158,1776327168000
1776327170.398,170.398,0.88,98.82,0.87,21.0,0.89,38.25,0.9,46.0,0.11,48.25,0.1,46.0,0.12,98.82,0.13,21.0,0.01,0.01,2337.956583,1776327169000
1776327170.959,170.959,0.88,93.82,0.87,21.0,0.89,16.02,0.9,46.0,0.11,21.02,0.1,46.0,0.12,93.82,0.13,21.0,0.01,0.01,2337.956583,1776327169000
1776327171.475,171.475,0.88,57.15,0.87,21.0,0.89,3.69,0.9,46.0,0.11,3.69,0.1,46.0,0.12,93.82,0.13,21.0,0.01,0.01,2338.033745,1776327170000
1776327171.937,171.937,0.89,25.0,0.88,52.15,0.9,38.47,0.91,85.0,0.1,38.64,0.09,85.0,0.12,62.15,0.13,15.0,0.01,0.02,2338.033745,1776327170000
1776327172.22,172.22,0.88,32.09,0.87,10.0,0.89,42.0,0.9,238.12,0.1,38.47,0.09,85.0,0.11,2.09,0.12,52.15,0.01,0.01,2338.0238,1776327171000
1776327172.595,172.595,0.87,10.0,0.86,16.0,0.89,20.75,0.9,238.12,0.11,15.75,0.1,238.12,0.12,21.09,0.13,10.0,0.02,0.01,2338.0238,1776327171000
1776327174.334,174.334,0.88,0.08,0.87,10.0,0.89,20.75,0.9,158.47,0.12,4.65,0.11,15.75,0.13,10.0,0.14,16.0,0.01,0.01,2337.98075,1776327173000
1776327175.52,175.52,0.85,2.31,0.84,19.0,0.87,64.0,0.88,52.0,0.11,20.75,0.1,158.47,0.12,0.08,0.13,10.0,0.02,0.01,2337.724324,1776327174000
1776327175.828,175.828,0.84,11.79,0.83,10.0,0.87,15.0,0.88,27.0,0.13,35.0,0.12,27.0,0.14,9.9,0.15,2.31,0.03,0.01,2337.724324,1776327174000
1776327177.641,177.641,0.84,5.85,0.83,15.0,0.85,5.0,0.86,15.0,0.13,15.0,0.12,27.0,0.16,16.79,0.17,10.0,0.01,0.03,2337.68642,1776327176000
1776327178.449,178.449,0.84,16.42,0.81,10.0,0.85,27.0,0.86,39.9,0.15,5.0,0.14,15.0,0.16,5.85,0.17,15.0,0.01,0.01,2337.496226,1776327177000
1776327178.704,178.704,0.84,17.42,0.83,10.0,0.85,37.0,0.86,94.9,0.15,27.0,0.14,39.9,0.16,16.42,0.19,10.0,0.01,0.01,2337.496226,1776327177000
1776327180.285,180.285,0.84,7.42,0.8,10.0,0.85,138.1,0.86,89.9,0.15,37.0,0.14,94.9,0.16,17.42,0.17,10.0,0.01,0.01,2337.438763,1776327179000
1776327180.605,180.605,0.79,10.0,0.78,15.0,0.82,10.0,0.84,15.0,0.16,10.0,0.15,133.1,0.2,2.42,0.21,10.0,0.03,0.04,2337.438763,1776327179000
1776327180.959,180.959,0.79,10.0,0.78,10.0,0.81,4.81,0.82,20.0,0.18,10.0,0.16,15.0,0.21,10.0,0.22,15.0,0.02,0.03,2337.438763,1776327179000
1776327181.273,181.273,0.8,4.98,0.79,10.0,0.82,10.0,0.83,10.0,0.19,4.81,0.18,20.0,0.21,10.0,0.22,10.0,0.02,0.02,2337.502013,1776327180000
1776327181.972,181.972,0.75,4.42,0.74,15.0,0.77,10.0,0.8,10.0,0.18,10.0,0.17,10.0,0.2,4.98,0.21,10.0,0.02,0.02,2337.502013,1776327180000
1776327182.468,182.468,0.8,11.0,0.79,15.0,0.82,29.4,0.83,40.5,0.23,10.0,0.2,10.0,0.25,5.42,0.26,15.0,0.02,0.02,2337.397175,1776327181000
1776327183.179,183.179,0.81,10.0,0.8,11.0,0.82,2.56,0.84,9.25,0.18,29.4,0.17,40.5,0.2,11.0,0.21,15.0,0.01,0.02,2337.39167,1776327182000
1776327183.504,183.504,0.83,17.0,0.82,23.0,0.84,9.25,0.86,79.9,0.16,4.25,0.14,79.9,0.18,10.0,0.19,15.0,0.01,0.02,2337.39167,1776327182000
1776327184.376,184.376,0.83,5.0,0.82,23.0,0.87,70.0,0.88,116.1,0.16,9.25,0.14,79.9,0.17,17.0,0.18,23.0,0.04,0.01,2337.152496,1776327183000
1776327184.649,184.649,0.86,30.0,0.85,15.0,0.87,60.22,0.88,104.1,0.13,70.0,0.12,116.1,0.17,5.0,0.18,23.0,0.01,0.04,2337.152496,1776327183000
1776327185.573,185.573,0.86,14.5,0.85,15.0,0.87,5.0,0.89,46.79,0.13,52.27,0.12,104.1,0.14,44.0,0.15,15.0,0.01,0.01,2337.280783,1776327184000
1776327186.291,186.291,0.86,7.98,0.85,20.0,0.87,10.0,0.89,46.79,0.13,5.0,0.11,46.79,0.14,14.5,0.15,15.0,0.01,0.01,2337.280783,1776327184000
1776327186.616,186.616,0.88,30.0,0.87,10.0,0.9,80.0,0.91,140.0,0.13,10.0,0.11,46.79,0.14,7.98,0.15,20.0,0.02,0.01,2337.460832,1776327185000
1776327187.246,187.246,0.88,20.0,0.87,10.0,0.9,42.77,0.91,115.0,0.1,80.0,0.09,140.0,0.12,30.0,0.13,10.0,0.02,0.02,2337.535396,1776327186000
1776327188.424,188.424,0.87,16.0,0.86,7.98,0.9,42.77,0.91,65.0,0.1,42.77,0.09,65.0,0.11,15.0,0.12,31.0,0.03,0.01,2337.58255,1776327187000
1776327189.804,189.804,0.88,69.95,0.87,16.0,0.89,10.0,0.9,58.77,0.1,42.77,0.09,65.0,0.13,16.0,0.14,7.98,0.01,0.03,2337.650845,1776327188000
1776327190.311,190.311,0.88,74.95,0.87,16.0,0.9,63.77,0.91,70.0,0.11,7.0,0.1,58.77,0.12,69.95,0.13,16.0,0.02,0.01,2337.672403,1776327189000
1776327193.115,193.115,0.88,40.45,0.87,15.0,0.89,6.59,0.9,25.0,0.1,63.77,0.09,70.0,0.12,74.95,0.13,16.0,0.01,0.02,2337.759195,1776327192000
1776327193.375,193.375,0.88,40.45,0.87,21.0,0.9,23.8,0.91,70.0,0.11,6.59,0.1,25.0,0.12,40.45,0.13,15.0,0.02,0.01,2337.759195,1776327192000
1776327194.096,194.096,0.88,8.45,0.86,10.0,0.89,53.0,0.9,193.8,0.11,8.0,0.1,13.8,0.12,25.45,0.13,6.0,0.01,0.01,2337.759195,1776327192000
1776327195.266,195.266,0.85,4.53,0.84,15.0,0.86,8.46,0.87,26.0,0.13,11.0,0.11,48.0,0.15,4.53,0.16,21.0,0.01,0.02,2337.705699,1776327193000
1776327201.222,201.222,0.85,42.53,0.84,45.0,0.87,11.0,0.89,15.0,0.14,8.46,0.13,26.0,0.15,4.53,0.16,15.0,0.02,0.01,2337.61789,1776327200000
1776327203.301,203.301,0.81,107.89,0.8,5.0,0.86,40.0,0.87,26.0,0.13,11.0,0.11,15.0,0.15,42.53,0.16,45.0,0.05,0.02,2337.627724,1776327201000
1776327204.295,204.295,0.83,1.0,0.82,10.0,0.84,34.0,0.85,10.0,0.14,30.0,0.13,31.0,0.19,19.22,0.2,5.0,0.01,0.05,2337.626155,1776327202000
1776327204.821,204.821,0.77,25.3,0.75,74.89,0.78,54.0,0.79,10.0,0.16,34.0,0.15,10.0,0.17,1.0,0.18,10.0,0.01,0.01,2337.534433,1776327203000
1776327205.302,205.302,0.74,85.0,0.73,80.0,0.76,5.0,0.77,10.0,0.22,54.0,0.21,10.0,0.23,25.3,0.25,74.89,0.02,0.01,2337.414324,1776327204000
1776327205.58,205.58,0.75,15.0,0.74,90.0,0.77,9.93,0.78,10.0,0.24,5.0,0.23,10.0,0.26,85.0,0.27,80.0,0.02,0.02,2337.414324,1776327204000
1776327206.362,206.362,0.73,62.22,0.72,15.0,0.74,54.0,0.75,47.99,0.23,9.93,0.22,10.0,0.25,15.0,0.26,90.0,0.01,0.02,2337.341116,1776327205000
1776327206.682,206.682,0.72,10.0,0.71,144.89,0.74,25.0,0.75,47.99,0.26,66.97,0.25,47.99,0.27,52.22,0.28,15.0,0.02,0.01,2337.341116,1776327205000
1776327207.017,207.017,0.71,72.55,0.7,85.0,0.72,10.0,0.73,10.0,0.26,25.0,0.25,47.99,0.28,10.0,0.29,144.89,0.01,0.02,2337.341116,1776327205000
1776327207.737,207.737,0.68,9.95,0.67,74.89,0.69,77.0,0.7,20.0,0.28,10.0,0.27,10.0,0.29,72.55,0.3,85.0,0.01,0.01,2337.140072,1776327206000
1776327208.127,208.127,0.67,15.0,0.66,74.0,0.68,22.97,0.69,23.0,0.31,43.0,0.3,20.0,0.32,9.95,0.33,74.89,0.01,0.01,2337.140072,1776327206000
1776327209.517,209.517,0.67,9.89,0.66,65.0,0.68,32.0,0.69,13.0,0.32,22.97,0.31,23.0,0.33,15.0,0.34,74.0,0.01,0.01,2336.987415,1776327207000
1776327211.432,211.432,0.72,11.0,0.71,10.0,0.73,5.0,0.74,15.0,0.32,32.0,0.31,13.0,0.33,9.89,0.34,65.0,0.01,0.01,2336.63746,1776327210000
1776327211.98,211.98,0.7,15.0,0.69,80.0,0.73,15.0,0.74,10.0,0.27,5.0,0.26,15.0,0.28,11.0,0.29,10.0,0.03,0.01,2336.664149,1776327211000
1776327213.066,213.066,0.77,15.0,0.76,30.0,0.78,4.74,0.79,10.0,0.27,15.0,0.26,10.0,0.3,15.0,0.31,80.0,0.01,0.03,2336.664149,1776327211000
1776327213.515,213.515,0.77,15.0,0.76,10.0,0.78,2.17,0.79,10.0,0.22,4.74,0.21,10.0,0.23,15.0,0.24,30.0,0.01,0.01,2336.72551,1776327212000
1776327214.076,214.076,0.77,10.0,0.76,10.0,0.78,12.17,0.79,10.0,0.22,2.17,0.21,10.0,0.23,15.0,0.24,10.0,0.01,0.01,2336.72551,1776327212000
1776327216.111,216.111,0.76,5.0,0.75,10.0,0.77,7.97,0.78,10.0,0.21,10.0,0.2,10.0,0.23,5.0,0.24,10.0,0.01,0.02,2336.79599,1776327214000
1776327216.425,216.425,0.76,5.0,0.75,10.0,0.77,0.97,0.78,10.0,0.23,7.97,0.22,10.0,0.24,5.0,0.25,10.0,0.01,0.01,2336.860735,1776327215000
1776327217.912,217.912,0.76,10.0,0.75,10.0,0.77,5.35,0.78,10.0,0.23,0.97,0.22,10.0,0.24,5.0,0.25,10.0,0.01,0.01,2336.8278,1776327216000
1776327218.493,218.493,0.69,151.0,0.68,87.99,0.72,15.0,0.73,10.0,0.23,5.35,0.22,10.0,0.24,10.0,0.25,10.0,0.03,0.01,2336.8278,1776327217000
1776327218.879,218.879,0.71,10.0,0.7,15.0,0.72,1.76,0.73,16.0,0.28,18.88,0.27,16.0,0.3,10.0,0.31,151.0,0.01,0.02,2336.8278,1776327217000
1776327219.079,219.079,0.71,15.0,0.7,15.0,0.74,16.0,0.75,17.0,0.28,1.76,0.27,16.0,0.29,10.0,0.3,15.0,0.03,0.01,2336.8278,1776327217000
1776327220.9,220.9,0.78,5.72,0.77,10.0,0.8,15.0,0.81,10.0,0.26,16.0,0.25,17.0,0.29,15.0,0.3,15.0,0.02,0.03,2336.835395,1776327219000
1776327221.707,221.707,0.77,20.0,0.76,22.0,0.79,8.64,0.8,10.0,0.2,15.0,0.19,10.0,0.22,5.72,0.23,10.0,0.02,0.02,2336.77117,1776327220000
1776327225.296,225.296,0.74,6.0,0.73,6.0,0.79,13.64,0.8,85.0,0.21,8.64,0.2,10.0,0.23,20.0,0.24,22.0,0.05,0.02,2336.808,1776327223000
1776327225.826,225.826,0.72,5.0,0.71,113.0,0.74,10.0,0.75,10.0,0.21,13.64,0.2,85.0,0.26,6.0,0.27,6.0,0.02,0.05,2336.808,1776327223000
1776327226.81,226.81,0.76,15.0,0.75,10.0,0.78,10.0,0.79,10.0,0.26,10.0,0.25,10.0,0.28,5.0,0.29,113.0,0.02,0.02,2336.808,1776327223000
1776327228.38,228.38,0.81,10.0,0.8,15.0,0.82,7.65,0.83,21.0,0.22,10.0,0.21,10.0,0.24,15.0,0.25,10.0,0.01,0.02,2336.81642,1776327226000
1776327229.096,229.096,0.76,85.0,0.75,80.0,0.79,3.29,0.8,10.0,0.18,7.65,0.17,21.0,0.19,10.0,0.2,15.0,0.03,0.01,2336.6956,1776327227000
1776327229.735,229.735,0.76,5.0,0.74,15.0,0.77,23.5,0.78,20.0,0.21,3.29,0.2,10.0,0.24,85.0,0.25,80.0,0.01,0.03,2336.733,1776327228000
1776327229.969,229.969,0.71,116.65,0.7,214.89,0.72,35.0,0.73,10.0,0.23,23.5,0.22,20.0,0.24,5.0,0.26,15.0,0.01,0.01,2336.733,1776327228000
1776327230.523,230.523,0.58,5.0,0.57,14.89,0.59,15.0,0.6,20.0,0.28,35.0,0.27,10.0,0.29,116.65,0.3,214.89,0.01,0.01,2336.823905,1776327229000
1776327230.821,230.821,0.57,76.99,0.56,55.0,0.59,5.67,0.6,20.0,0.41,20.0,0.4,20.0,0.42,0.13,0.43,74.89,0.02,0.01,2336.823905,1776327229000
1776327231.207,231.207,0.56,5.0,0.55,131.82,0.57,19.0,0.58,10.0,0.42,10.0,0.41,0.67,0.43,73.68,0.44,10.0,0.01,0.01,2336.752581,1776327230000
1776327231.557,231.557,0.56,5.0,0.55,135.93,0.57,5.0,0.58,9.48,0.42,9.48,0.41,0.67,0.44,5.0,0.45,66.93,0.01,0.02,2336.752581,1776327230000
1776327232.856,232.856,0.58,5.0,0.57,155.0,0.59,10.0,0.6,10.0,0.42,9.48,0.41,10.67,0.44,2.72,0.45,81.93,0.01,0.02,2336.675887,1776327231000
1776327234.637,234.637,0.59,15.0,0.58,15.0,0.6,12.58,0.61,10.0,0.41,10.0,0.4,10.0,0.42,5.0,0.43,155.0,0.01,0.01,2336.22855,1776327233000
1776327235.521,235.521,0.58,20.0,0.57,155.0,0.59,2.0,0.6,10.0,0.4,12.58,0.39,10.0,0.41,15.0,0.42,15.0,0.01,0.01,2336.269012,1776327234000
1776327235.985,235.985,0.58,20.0,0.57,160.0,0.59,10.0,0.61,15.0,0.41,2.0,0.4,10.0,0.42,20.0,0.43,155.0,0.01,0.01,2336.269012,1776327234000
1776327236.995,236.995,0.6,10.0,0.59,15.0,0.61,7.07,0.62,10.0,0.41,10.0,0.39,15.0,0.42,20.0,0.43,160.0,0.01,0.01,2336.271895,1776327236000
1776327240.468,240.468,0.63,20.0,0.62,220.0,0.65,4.0,0.66,10.0,0.39,7.07,0.38,10.0,0.4,10.0,0.41,15.0,0.02,0.01,2336.271738,1776327239000
1776327241.061,241.061,0.67,10.0,0.66,10.0,0.69,70.0,0.7,10.0,0.35,4.0,0.34,10.0,0.37,14.89,0.38,220.0,0.02,0.02,2336.271738,1776327239000
1776327242.158,242.158,0.59,10.0,0.58,53.59,0.61,20.0,0.62,10.0,0.31,70.0,0.3,10.0,0.33,10.0,0.34,10.0,0.02,0.02,2336.27825,1776327240000
1776327242.622,242.622,0.55,11.93,0.53,9.43,0.59,45.0,0.6,15.0,0.39,20.0,0.38,10.0,0.41,5.12,0.42,53.59,0.04,0.02,2336.2883,1776327241000
1776327242.984,242.984,0.48,64.89,0.46,5.0,0.51,62.0,0.52,10.0,0.46,35.0,0.45,30.0,0.5,0.98,0.52,64.89,0.03,0.04,2336.2883,1776327241000
1776327243.22,243.22,0.46,10.0,0.45,105.0,0.47,7.87,0.48,10.0,0.51,10.0,0.5,10.0,0.54,5.0,0.55,105.0,0.01,0.03,2336.2883,1776327241000
1776327243.923,243.923,0.46,104.37,0.45,15.0,0.47,10.0,0.48,10.0,0.53,13.61,0.52,20.0,0.54,10.0,0.55,105.0,0.01,0.01,2336.28825,1776327242000
1776327245.44,245.44,0.53,143.0,0.52,230.0,0.56,10.0,0.57,10.0,0.46,12.0,0.44,10.0,0.47,53.0,0.53,47.0,0.03,0.01,2336.151409,1776327244000
1776327246.494,246.494,0.53,48.0,0.49,80.19,0.54,93.0,0.55,22.0,0.44,10.0,0.43,10.0,0.47,143.0,0.48,230.0,0.01,0.03,2336.151409,1776327244000
1776327247.218,247.218,0.44,20.39,0.43,75.0,0.47,7.27,0.48,20.0,0.55,10.0,0.54,10.0,0.56,10.39,0.57,75.0,0.03,0.01,2336.0172,1776327245000
1776327247.564,247.564,0.46,15.0,0.45,10.0,0.47,5.14,0.48,20.0,0.53,7.27,0.52,20.0,0.55,15.0,0.56,10.39,0.01,0.02,2336.0172,1776327245000
1776327248.129,248.129,0.46,3.62,0.45,10.0,0.47,5.14,0.48,20.0,0.53,5.14,0.52,20.0,0.54,15.0,0.55,10.0,0.01,0.01,2336.01355,1776327246000
1776327248.543,248.543,0.44,4.32,0.43,75.0,0.45,5.0,0.46,10.0,0.54,10.0,0.53,5.14,0.56,4.32,0.57,75.0,0.01,0.02,2335.965593,1776327247000
1776327249.108,249.108,0.44,5.0,0.42,5.0,0.45,40.2,0.46,15.0,0.55,5.0,0.54,10.0,0.56,4.32,0.57,75.0,0.01,0.01,2335.965593,1776327247000
1776327249.326,249.326,0.4,98.6,0.39,5.0,0.41,10.0,0.42,10.0,0.56,10.0,0.55,42.0,0.6,103.6,0.61,5.0,0.01,0.04,2335.952238,1776327248000
1776327249.886,249.886,0.4,70.26,0.39,5.0,0.41,20.0,0.42,20.0,0.59,20.0,0.58,20.0,0.6,68.6,0.61,5.0,0.01,0.01,2335.952238,1776327248000
1776327250.654,250.654,0.4,63.6,0.39,5.0,0.41,20.0,0.42,20.0,0.59,20.0,0.58,20.0,0.6,70.26,0.61,5.0,0.01,0.01,2335.861905,1776327249000
1776327250.918,250.918,0.4,63.6,0.39,5.0,0.41,5.0,0.42,20.0,0.59,20.0,0.58,20.0,0.6,63.6,0.61,5.0,0.01,0.01,2335.861905,1776327249000
1776327252.59,252.59,0.4,78.6,0.39,5.0,0.41,7.56,0.42,20.0,0.59,2.56,0.58,20.0,0.6,63.6,0.61,5.0,0.01,0.01,2335.832814,1776327250000
1776327255.451,255.451,0.4,69.76,0.39,5.0,0.41,7.56,0.42,20.0,0.59,7.56,0.58,20.0,0.6,78.6,0.61,5.0,0.01,0.01,2335.85245,1776327253000
1776327255.835,255.835,0.4,64.75,0.39,5.0,0.41,7.56,0.42,20.0,0.59,7.56,0.58,20.0,0.6,69.76,0.61,5.0,0.01,0.01,2335.853038,1776327254000
1776327256.416,256.416,0.4,43.08,0.39,5.0,0.41,7.56,0.42,20.0,0.59,7.56,0.58,20.0,0.6,64.75,0.61,5.0,0.01,0.01,2335.853038,1776327254000
1776327257.428,257.428,0.38,5.0,0.36,50.0,0.41,94.56,0.42,56.99,0.59,7.56,0.58,20.0,0.6,43.08,0.61,5.0,0.03,0.01,2335.729993,1776327255000
1776327257.952,257.952,0.24,70.0,0.23,70.0,0.37,288.19,0.38,104.0,0.63,17.0,0.62,15.0,0.64,16.04,0.65,70.0,0.13,0.01,2335.743234,1776327256000
1776327258.402,258.402,0.27,5.0,0.26,10.0,0.28,16.0,0.32,5.0,0.75,27.0,0.74,10.0,0.76,5.0,0.81,23.4,0.01,0.01,2335.743234,1776327256000
1776327258.812,258.812,0.45,54.0,0.44,10.0,0.46,40.0,0.47,16.62,0.54,50.0,0.53,30.0,0.61,55.0,0.69,24.38,0.01,0.07,2335.844273,1776327257000
1776327259.084,259.084,0.49,20.0,0.48,10.0,0.5,16.52,0.56,50.0,0.54,5.0,0.53,5.0,0.55,4.0,0.56,10.0,0.01,0.01,2335.844273,1776327257000
1776327259.407,259.407,0.51,125.0,0.5,15.0,0.56,49.8,0.57,14.7,0.44,54.8,0.43,14.7,0.46,20.0,0.47,15.0,0.05,0.02,2335.69398,1776327258000
1776327259.858,259.858,0.6,46.0,0.59,15.0,0.61,71.78,0.62,15.3,0.44,49.8,0.43,14.7,0.49,125.0,0.5,15.0,0.01,0.05,2335.69398,1776327258000
1776327260.153,260.153,0.52,5.0,0.51,5.0,0.61,219.55,0.62,95.3,0.39,71.78,0.38,15.3,0.4,46.0,0.41,15.0,0.09,0.01,2335.69398,1776327258000
1776327260.497,260.497,0.51,5.0,0.49,70.0,0.53,40.0,0.54,80.0,0.47,43.11,0.46,80.0,0.48,5.0,0.49,5.0,0.02,0.01,2335.69398,1776327258000
1776327261.506,261.506,0.49,70.0,0.47,70.0,0.52,15.0,0.53,45.0,0.47,40.0,0.46,80.0,0.49,5.0,0.51,70.0,0.03,0.02,2335.7882,1776327260000
1776327262.468,262.468,0.49,75.0,0.47,70.0,0.5,18.0,0.51,15.0,0.48,15.0,0.47,45.0,0.51,70.0,0.53,70.0,0.01,0.03,2335.889101,1776327261000
1776327263.437,263.437,0.44,10.0,0.43,10.0,0.48,2.0,0.49,10.0,0.5,18.0,0.49,15.0,0.51,75.0,0.53,70.0,0.04,0.01,2335.742172,1776327262000
1776327264.353,264.353,0.52,50.0,0.5,10.0,0.53,40.0,0.54,10.0,0.52,2.0,0.51,10.0,0.56,10.0,0.57,10.0,0.01,0.04,2335.741688,1776327263000
1776327266.166,266.166,0.52,55.0,0.5,5.0,0.53,45.0,0.54,78.45,0.47,40.0,0.46,10.0,0.48,50.0,0.5,10.0,0.01,0.01,2335.82468,1776327265000
1776327266.916,266.916,0.5,5.0,0.49,10.0,0.52,15.0,0.53,40.0,0.47,45.0,0.46,78.45,0.5,5.0,0.52,5.0,0.02,0.03,2335.82468,1776327265000
1776327267.451,267.451,0.53,46.0,0.52,10.0,0.54,14.28,0.62,45.3,0.48,15.0,0.47,40.0,0.5,5.0,0.51,10.0,0.01,0.02,2335.7238,1776327266000
1776327268.234,268.234,0.59,8.46,0.58,15.0,0.6,9.83,0.61,83.75,0.38,45.3,0.37,15.4,0.47,46.0,0.48,15.0,0.01,0.09,2335.764904,1776327267000
1776327268.505,268.505,0.59,29.65,0.58,15.0,0.64,5.0,0.65,55.8,0.4,9.83,0.39,73.75,0.41,24.65,0.42,15.0,0.05,0.01,2335.764904,1776327267000
1776327269.94,269.94,0.64,4.86,0.62,5.0,0.66,36.92,0.67,109.87,0.36,10.0,0.34,20.52,0.38,7.36,0.39,10.0,0.02,0.02,2335.75285,1776327268000
1776327270.789,270.789,0.64,0.69,0.62,15.0,0.65,25.91,0.66,111.0,0.34,36.92,0.33,109.87,0.36,4.86,0.38,5.0,0.01,0.02,2335.918738,1776327269000
1776327271.097,271.097,0.61,51.27,0.6,10.0,0.65,15.75,0.66,111.0,0.35,15.75,0.34,111.0,0.36,0.69,0.38,15.0,0.04,0.01,2335.918738,1776327269000
1776327271.393,271.393,0.59,5.58,0.58,15.0,0.62,10.0,0.63,10.0,0.35,15.75,0.34,111.0,0.39,51.27,0.4,10.0,0.03,0.04,2335.9727,1776327270000
1776327271.867,271.867,0.63,6.21,0.62,10.0,0.65,10.0,0.66,41.0,0.38,10.0,0.37,10.0,0.41,5.58,0.42,15.0,0.02,0.03,2335.9727,1776327270000
1776327272.138,272.138,0.64,10.0,0.63,11.21,0.66,41.0,0.67,109.87,0.35,10.0,0.34,41.0,0.37,6.21,0.38,10.0,0.02,0.02,2336.062325,1776327271000
1776327272.372,272.372,0.61,7.17,0.6,10.0,0.64,10.0,0.65,10.0,0.34,41.0,0.33,109.87,0.36,10.0,0.37,11.21,0.03,0.02,2336.062325,1776327271000
1776327272.631,272.631,0.65,15.0,0.64,9.85,0.67,47.42,0.72,80.0,0.34,10.0,0.33,78.57,0.36,9.85,0.37,40.0,0.02,0.02,2336.062325,1776327271000
1776327272.921,272.921,0.7,16.0,0.69,15.0,0.72,80.0,0.73,10.0,0.29,10.0,0.28,80.0,0.34,20.0,0.35,10.0,0.02,0.05,2336.062325,1776327271000
1776327273.123,273.123,0.71,5.0,0.7,36.0,0.72,3.34,0.73,10.0,0.28,80.0,0.27,10.0,0.3,16.0,0.31,15.0,0.01,0.02,2336.062325,1776327271000
1776327273.344,273.344,0.71,10.0,0.7,15.0,0.76,110.53,0.77,30.3,0.28,3.34,0.27,10.0,0.29,5.0,0.3,36.0,0.05,0.01,2335.9727,1776327272000
1776327274.147,274.147,0.69,5.0,0.61,120.0,0.72,37.28,0.73,15.0,0.24,110.53,0.23,30.3,0.29,10.0,0.3,15.0,0.03,0.05,2335.9727,1776327272000
1776327274.544,274.544,0.61,75.0,0.59,30.0,0.62,8.38,0.63,10.0,0.38,10.0,0.37,10.0,0.39,95.89,0.41,30.0,0.01,0.01,2336.080095,1776327273000
1776327274.779,274.779,0.59,28.78,0.58,5.0,0.6,15.0,0.61,10.0,0.38,6.76,0.37,10.0,0.41,30.0,0.42,5.0,0.01,0.03,2336.080095,1776327273000
1776327275.028,275.028,0.54,30.0,0.51,50.0,0.55,6.61,0.56,10.0,0.4,15.0,0.39,150.0,0.46,30.0,0.49,50.0,0.01,0.06,2336.080095,1776327273000
1776327275.229,275.229,0.54,23.94,0.51,50.0,0.55,6.61,0.56,10.0,0.45,6.61,0.44,10.0,0.46,23.94,0.49,50.0,0.01,0.01,2336.080095,1776327273000
1776327275.468,275.468,0.46,87.0,0.42,5.0,0.48,1.74,0.49,10.0,0.52,7.54,0.51,10.0,0.53,25.0,0.54,55.0,0.02,0.01,2336.168858,1776327274000
1776327275.809,275.809,0.41,50.74,0.4,5.0,0.42,36.5,0.43,10.0,0.58,5.5,0.57,10.0,0.59,50.0,0.61,30.0,0.01,0.01,2336.168858,1776327274000
1776327276.075,276.075,0.41,50.64,0.39,30.0,0.42,15.5,0.43,10.0,0.58,31.5,0.57,10.0,0.59,45.74,0.6,5.0,0.01,0.01,2336.168858,1776327274000
1776327276.494,276.494,0.36,55.0,0.34,30.0,0.37,5.0,0.38,10.0,0.58,15.5,0.57,10.0,0.59,50.64,0.61,30.0,0.01,0.01,2336.168858,1776327274000
1776327276.777,276.777,0.36,34.25,0.35,5.0,0.38,3.83,0.39,10.0,0.63,7.18,0.62,10.0,0.64,34.25,0.65,5.0,0.02,0.01,2336.168858,1776327274000
1776327277.247,277.247,0.36,82.25,0.35,5.0,0.37,15.0,0.38,10.0,0.63,10.0,0.62,10.0,0.64,27.25,0.65,5.0,0.01,0.01,2336.02776,1776327276000
1776327277.504,277.504,0.36,74.54,0.35,5.0,0.37,10.0,0.38,10.0,0.63,15.0,0.62,10.0,0.64,79.54,0.65,5.0,0.01,0.01,2336.02776,1776327276000
1776327277.93,277.93,0.36,15.25,0.35,5.0,0.37,20.0,0.38,10.0,0.63,10.0,0.62,10.0,0.64,67.6,0.65,5.0,0.01,0.01,2336.02776,1776327276000
1776327278.181,278.181,0.36,20.25,0.35,5.0,0.38,10.0,0.39,8.83,0.63,20.0,0.62,10.0,0.64,15.25,0.65,5.0,0.02,0.01,2336.02776,1776327276000
1776327278.509,278.509,0.39,25.0,0.38,10.0,0.4,5.0,0.41,10.0,0.62,10.0,0.61,8.83,0.64,20.25,0.65,5.0,0.01,0.02,2336.02776,1776327276000
1776327278.952,278.952,0.39,10.0,0.38,25.0,0.41,5.0,0.42,5.5,0.59,5.0,0.58,5.5,0.63,20.0,0.64,15.25,0.02,0.04,2336.02776,1776327276000
1776327279.66,279.66,0.41,15.0,0.4,10.0,0.44,8.4,0.45,10.0,0.57,10.0,0.56,10.0,0.61,20.0,0.62,15.0,0.03,0.04,2335.751175,1776327278000
1776327280.175,280.175,0.36,58.29,0.35,10.0,0.44,8.4,0.45,10.0,0.56,8.4,0.55,10.0,0.59,15.0,0.6,10.0,0.08,0.03,2335.745549,1776327279000
1776327280.43,280.43,0.38,18.32,0.37,10.0,0.39,10.0,0.4,10.0,0.56,8.4,0.55,10.0,0.64,58.29,0.65,10.0,0.01,0.08,2335.745549,1776327279000
1776327280.65,280.65,0.37,7.67,0.36,36.02,0.38,10.0,0.39,10.0,0.6,10.0,0.59,15.0,0.64,36.02,0.65,10.0,0.01,0.04,2335.745549,1776327279000
1776327281.542,281.542,0.31,50.0,0.28,39.0,0.38,48.0,0.39,10.0,0.62,10.0,0.61,10.0,0.63,7.67,0.64,36.02,0.07,0.01,2335.745549,1776327279000
1776327281.882,281.882,0.31,19.0,0.27,47.0,0.32,59.0,0.33,25.0,0.62,48.0,0.61,10.0,0.69,50.0,0.72,39.0,0.01,0.07,2335.878989,1776327280000
1776327282.413,282.413,0.27,37.74,0.26,60.0,0.29,10.0,0.3,20.0,0.68,59.0,0.67,25.0,0.73,32.74,0.74,50.0,0.02,0.05,2335.759784,1776327281000
1776327282.668,282.668,0.27,24.34,0.26,60.0,0.28,10.0,0.29,10.0,0.71,10.0,0.7,20.0,0.73,37.74,0.74,60.0,0.01,0.02,2335.759784,1776327281000
1776327282.894,282.894,0.27,29.0,0.26,60.0,0.28,16.85,0.29,10.0,0.72,4.21,0.71,10.0,0.74,60.0,0.75,40.0,0.01,0.02,2335.759784,1776327281000
1776327284.159,284.159,0.26,60.0,0.25,65.0,0.27,5.0,0.28,10.0,0.72,21.85,0.71,10.0,0.74,84.0,0.75,40.0,0.01,0.02,2335.756389,1776327282000
1776327284.613,284.613,0.32,5.0,0.3,36.0,0.35,5.28,0.36,10.0,0.73,5.0,0.71,10.0,0.74,11.67,0.75,65.0,0.03,0.01,2335.756389,1776327282000
1776327284.874,284.874,0.32,15.0,0.31,10.0,0.33,30.99,0.34,10.0,0.67,15.27,0.66,10.0,0.68,15.0,0.69,10.0,0.01,0.01,2335.707282,1776327283000
1776327285.171,285.171,0.26,15.0,0.25,32.0,0.28,10.0,0.29,20.0,0.68,19.9,0.67,34.35,0.74,46.65,0.75,32.0,0.02,0.06,2335.707282,1776327283000
1776327285.434,285.434,0.26,4.83,0.25,10.0,0.27,15.0,0.28,10.0,0.72,10.0,0.71,20.0,0.74,9.83,0.75,32.0,0.01,0.02,2335.615225,1776327284000
1776327285.884,285.884,0.28,14.0,0.27,10.0,0.29,10.0,0.36,50.0,0.73,15.0,0.72,10.0,0.74,4.83,0.75,10.0,0.01,0.01,2335.615225,1776327284000
1776327286.176,286.176,0.27,10.0,0.26,0.5,0.33,10.0,0.34,10.0,0.65,5.0,0.64,60.0,0.71,5.0,0.72,15.0,0.06,0.06,2335.695055,1776327285000
1776327286.481,286.481,0.35,7.0,0.34,10.0,0.37,5.0,0.4,10.0,0.59,60.0,0.58,10.0,0.69,10.0,0.7,10.0,0.02,0.1,2335.695055,1776327285000
1776327286.738,286.738,0.44,35.0,0.43,10.0,0.46,37.0,0.47,10.0,0.63,5.0,0.6,10.0,0.65,7.0,0.66,10.0,0.02,0.02,2335.695055,1776327285000
1776327288.474,288.474,0.46,8.07,0.45,10.0,0.48,15.0,0.49,10.0,0.49,38.43,0.48,10.0,0.54,10.0,0.55,10.0,0.02,0.05,2335.70568,1776327287000
1776327289.678,289.678,0.44,8.44,0.43,10.0,0.45,214.47,0.46,31.81,0.52,15.0,0.51,10.0,0.54,8.07,0.55,10.0,0.01,0.02,2335.70568,1776327287000
1776327290.112,290.112,0.33,12.38,0.31,50.0,0.37,34.0,0.38,10.0,0.55,214.47,0.54,31.81,0.56,8.44,0.57,10.0,0.04,0.01,2335.805881,1776327288000
1776327290.422,290.422,0.31,55.0,0.28,18.0,0.32,10.0,0.33,15.0,0.63,34.0,0.62,10.0,0.67,12.38,0.69,50.0,0.01,0.04,2335.805881,1776327288000
1776327290.849,290.849,0.26,35.72,0.25,39.22,0.27,20.0,0.28,10.0,0.68,10.0,0.67,15.0,0.69,51.42,0.72,18.0,0.01,0.01,2335.805881,1776327289000
1776327291.73,291.73,0.26,0.72,0.23,39.22,0.27,15.0,0.28,15.0,0.73,20.0,0.72,10.0,0.74,35.72,0.75,39.22,0.01,0.01,2335.889478,1776327290000
1776327292.053,292.053,0.21,65.0,0.2,40.0,0.22,104.1,0.23,10.0,0.73,15.0,0.72,15.0,0.77,34.94,0.79,80.0,0.01,0.04,2335.889478,1776327290000
1776327293.968,293.968,0.21,32.4,0.2,10.0,0.22,99.1,0.23,10.0,0.78,104.1,0.77,10.0,0.79,52.4,0.8,10.0,0.01,0.01,2335.739359,1776327292000
1776327294.623,294.623,0.2,23.07,0.19,10.0,0.21,10.0,0.22,77.31,0.78,67.31,0.77,10.0,0.79,6.4,0.8,10.0,0.01,0.01,2335.739863,1776327293000
1776327295.141,295.141,0.21,8.73,0.2,8.07,0.22,82.31,0.23,10.0,0.79,10.0,0.78,77.31,0.8,23.07,0.81,10.0,0.01,0.01,2335.739863,1776327293000
1776327295.484,295.484,0.15,1.17,0.14,10.0,0.21,10.0,0.22,77.31,0.78,82.31,0.77,10.0,0.79,8.73,0.8,8.07,0.06,0.01,2335.739863,1776327293000
1776327295.701,295.701,0.2,8.75,0.19,10.0,0.21,6.29,0.22,77.31,0.79,6.29,0.78,82.31,0.8,8.75,0.83,10.0,0.01,0.01,2335.82524,1776327294000
1776327296.231,296.231,0.11,60.0,0.1,50.0,0.15,10.0,0.16,10.0,0.79,12.0,0.78,77.31,0.8,14.62,0.81,10.0,0.04,0.01,2335.82524,1776327294000
1776327296.507,296.507,0.1,5.0,0.09,11.0,0.11,50.0,0.12,10.0,0.85,3.33,0.84,10.0,0.89,60.0,0.9,50.0,0.01,0.04,2335.82524,1776327294000
1776327296.718,296.718,0.08,12.0,0.07,14.0,0.09,115.88,0.1,10.0,0.89,67.85,0.88,20.0,0.92,12.0,0.93,14.0,0.01,0.03,2335.82524,1776327294000
1776327297.054,297.054,0.03,48.75,0.02,178.0,0.04,95.0,0.05,161.05,0.96,70.0,0.95,75.0,0.97,68.75,0.98,178.0,0.01,0.01,2335.81908,1776327295000
1776327297.296,297.296,0.02,141.05,0.01,1647.04,0.03,5.0,0.04,65.0,0.96,70.0,0.95,183.05,0.98,144.09,0.99,1647.04,0.01,0.02,2335.81908,1776327295000
1776327297.517,297.517,0.01,1647.04,,,0.03,5.0,0.04,65.0,0.97,5.0,0.96,65.0,0.98,2.59,0.99,1647.04,0.02,0.01,2335.81908,1776327295000
1776327297.778,297.778,0.01,1343.98,,,0.02,24.55,0.04,80.0,0.98,19.55,0.96,80.0,0.99,1348.98,,,0.01,0.01,2335.804974,1776327296000
1776327297.982,297.982,0.01,1234.81,,,0.02,156.55,0.04,80.0,0.98,156.55,0.96,80.0,0.99,1235.83,,,0.01,0.01,2335.804974,1776327296000
1776327298.282,298.282,0.01,1040.1,,,0.02,156.55,0.03,5.0,0.98,156.55,0.97,5.0,0.99,1042.1,,,0.01,0.01,2335.77613,1776327297000
1776327298.49,298.49,0.01,284.92,,,0.02,156.55,0.03,5.0,0.98,156.55,0.97,5.0,0.99,289.92,,,0.01,0.01,2335.77613,1776327297000
1776327300.393,300.393,,,,,0.01,51686.66,0.02,15.0,0.99,1823.09,0.98,156.55,,,,,,,2335.358872,1776327298000

# RESULT,winner=Down,slug=eth-updown-5m-1776327000,ticks=398
