timestamp,elapsed_sec,up_bid_p1,up_bid_s1,up_bid_p2,up_bid_s2,up_ask_p1,up_ask_s1,up_ask_p2,up_ask_s2,down_bid_p1,down_bid_s1,down_bid_p2,down_bid_s2,down_ask_p1,down_ask_s1,down_ask_p2,down_ask_s2,up_spread,down_spread,eth_price,eth_oracle_ts
1776271200.516,0.516,0.46,5.0,0.44,5.0,0.47,17.77,0.48,192.3,0.53,53.42,0.52,192.3,0.54,42.8,0.55,70.0,0.01,0.01,2343.971963,1776271199000
1776271200.758,0.758,0.46,3.0,0.44,5.0,0.47,9.36,0.48,192.3,0.53,17.77,0.52,192.3,0.54,3.0,0.56,5.0,0.01,0.01,2343.971963,1776271199000
1776271201.265,1.265,0.46,3.0,0.44,5.0,0.47,9.36,0.48,192.3,0.53,9.36,0.52,192.3,0.54,3.0,0.56,5.0,0.01,0.01,2343.98853,1776271200000
1776271201.763,1.763,0.46,247.0,0.45,24.0,0.47,3.36,0.49,5.0,0.53,9.36,0.52,192.3,0.54,3.0,0.56,5.0,0.01,0.01,2343.98853,1776271200000
1776271202.093,2.093,0.46,67.72,0.45,11.0,0.49,5.0,0.5,39.11,0.51,5.0,0.5,39.11,0.53,7.64,0.54,247.0,0.03,0.02,2343.98853,1776271200000
1776271202.381,2.381,0.48,10.0,0.46,20.0,0.49,2.12,0.5,39.11,0.51,5.0,0.5,39.11,0.54,67.72,0.55,11.0,0.01,0.03,2343.98853,1776271200000
1776271202.72,2.72,0.48,10.0,0.47,5.0,0.5,37.1,0.51,5.0,0.51,2.12,0.5,39.11,0.52,10.0,0.54,20.0,0.02,0.01,2344.00769,1776271201000
1776271203.045,3.045,0.49,6.17,0.48,10.0,0.51,5.0,0.52,5.0,0.49,5.0,0.47,105.0,0.52,15.0,0.53,5.0,0.02,0.03,2344.00769,1776271201000
1776271203.416,3.416,0.5,38.0,0.49,23.17,0.51,5.0,0.54,13.0,0.49,5.0,0.48,5.0,0.51,6.17,0.52,10.0,0.01,0.02,2344.00799,1776271202000
1776271203.787,3.787,0.5,75.0,0.49,28.17,0.54,13.0,0.55,100.0,0.49,5.0,0.46,13.0,0.5,38.0,0.51,23.17,0.04,0.01,2344.00799,1776271202000
1776271204.073,4.073,0.53,1.91,0.52,20.0,0.54,14.94,0.55,110.0,0.46,9.94,0.45,100.0,0.47,10.0,0.48,10.0,0.01,0.01,2344.00799,1776271202000
1776271204.87,4.87,0.53,38.91,0.52,43.0,0.57,105.0,0.58,105.0,0.46,14.94,0.45,110.0,0.47,1.91,0.48,20.0,0.04,0.01,2344.15796,1776271203000
1776271205.342,5.342,0.53,38.91,0.52,43.0,0.57,105.0,0.58,105.0,0.43,105.0,0.42,105.0,0.47,38.91,0.48,43.0,0.04,0.04,2344.17099,1776271204000
1776271206.416,6.416,0.53,38.91,0.52,43.0,0.57,105.0,0.58,105.0,0.43,105.0,0.42,105.0,0.47,38.91,0.48,43.0,0.04,0.04,2344.33329,1776271205000
1776271206.624,6.624,0.46,8.0,0.44,5.0,0.5,5.0,0.51,175.0,0.43,105.0,0.42,105.0,0.47,38.91,0.48,43.0,0.04,0.04,2344.33329,1776271205000
1776271206.914,6.914,0.44,0.97,0.43,16.0,0.45,110.0,0.46,115.0,0.55,110.0,0.54,115.0,0.56,0.97,0.57,16.0,0.01,0.01,2344.520595,1776271206000
1776271207.314,7.314,0.41,66.0,0.4,55.0,0.43,10.0,0.44,15.0,0.55,120.0,0.54,120.0,0.59,55.0,0.6,50.0,0.02,0.04,2344.520595,1776271206000
1776271207.744,7.744,0.37,45.0,0.36,73.89,0.41,10.0,0.42,25.0,0.57,10.0,0.56,15.0,0.59,66.0,0.6,55.0,0.04,0.02,2344.520595,1776271206000
1776271208.053,8.053,0.36,53.89,0.35,90.0,0.37,20.0,0.38,10.0,0.63,20.0,0.62,10.0,0.64,53.89,0.65,90.0,0.01,0.01,2344.246669,1776271207000
1776271208.301,8.301,0.36,56.79,0.35,95.0,0.37,25.0,0.38,10.0,0.63,20.0,0.62,10.0,0.64,53.89,0.65,90.0,0.01,0.01,2344.246669,1776271207000
1776271208.565,8.565,0.35,85.0,0.34,50.0,0.36,25.17,0.37,25.0,0.64,15.17,0.63,20.0,0.65,90.0,0.66,50.0,0.01,0.01,2344.246669,1776271207000
1776271208.897,8.897,0.35,85.0,0.34,55.0,0.36,16.94,0.37,15.0,0.64,25.17,0.63,25.0,0.65,85.0,0.66,50.0,0.01,0.01,2344.246669,1776271207000
1776271209.425,9.425,0.34,70.5,0.33,61.0,0.36,22.23,0.37,15.0,0.64,16.94,0.63,15.0,0.65,50.72,0.66,55.0,0.02,0.01,2344.246669,1776271207000
1776271209.789,9.789,0.34,70.0,0.33,90.5,0.36,11.88,0.37,30.5,0.61,5.26,0.6,20.0,0.66,70.5,0.67,61.0,0.02,0.05,2343.05247,1776271208000
1776271210.087,10.087,0.34,75.0,0.33,90.5,0.35,5.0,0.36,11.88,0.64,11.88,0.63,30.5,0.66,70.0,0.67,90.5,0.01,0.02,2343.05247,1776271208000
1776271210.293,10.293,0.34,80.0,0.33,90.5,0.37,12.89,0.38,36.5,0.65,5.0,0.64,11.88,0.66,75.0,0.67,90.5,0.03,0.01,2342.701053,1776271209000
1776271210.52,10.52,0.34,203.48,0.33,103.5,0.35,10.0,0.36,3.97,0.64,3.97,0.63,12.89,0.66,80.0,0.67,90.5,0.01,0.02,2342.701053,1776271209000
1776271211.126,11.126,0.34,178.48,0.33,90.5,0.37,7.51,0.38,36.5,0.63,7.51,0.62,36.5,0.66,178.48,0.67,90.5,0.03,0.03,2342.575637,1776271210000
1776271211.826,11.826,0.38,20.5,0.37,155.5,0.43,81.09,0.44,165.0,0.6,19.71,0.59,31.5,0.63,5.0,0.64,5.0,0.05,0.03,2342.575637,1776271210000
1776271212.093,12.093,0.38,20.5,0.37,155.5,0.43,81.09,0.44,165.0,0.57,81.09,0.56,165.0,0.62,20.5,0.63,155.5,0.05,0.05,2342.521284,1776271211000
1776271212.305,12.305,0.39,42.0,0.38,60.0,0.4,74.5,0.41,95.5,0.57,54.42,0.56,140.0,0.61,47.0,0.62,30.5,0.01,0.04,2342.521284,1776271211000
1776271212.567,12.567,0.39,17.0,0.37,135.0,0.4,204.5,0.41,145.5,0.6,74.5,0.59,95.5,0.61,42.0,0.62,60.0,0.01,0.01,2342.521284,1776271211000
1776271212.911,12.911,0.36,10.0,0.35,148.0,0.37,52.79,0.38,95.5,0.61,92.71,0.6,147.0,0.64,35.0,0.65,33.0,0.01,0.03,2342.521284,1776271211000
1776271213.125,13.125,0.35,120.0,0.34,37.0,0.38,38.91,0.39,157.71,0.62,38.91,0.61,157.71,0.65,153.0,0.66,37.0,0.03,0.03,2342.521284,1776271211000
1776271213.465,13.465,0.35,231.92,0.34,202.0,0.36,70.0,0.37,124.0,0.64,80.0,0.63,70.0,0.65,126.92,0.66,47.0,0.01,0.01,2342.671583,1776271212000
1776271213.81,13.81,0.35,246.92,0.34,190.5,0.36,77.02,0.37,63.52,0.63,53.52,0.62,63.91,0.65,121.92,0.66,190.5,0.01,0.02,2342.671583,1776271212000
1776271214.015,14.015,0.35,240.22,0.34,190.5,0.36,55.0,0.37,66.42,0.63,54.42,0.62,38.91,0.65,246.92,0.66,190.5,0.01,0.02,2342.671583,1776271212000
1776271214.227,14.227,0.35,219.22,0.34,195.5,0.36,15.0,0.37,15.0,0.61,158.21,0.6,139.8,0.65,230.22,0.66,195.5,0.01,0.04,2342.696083,1776271213000
1776271214.488,14.488,0.35,224.22,0.34,205.5,0.36,0.55,0.37,21.0,0.64,11.94,0.63,26.0,0.65,219.22,0.66,195.5,0.01,0.01,2342.696083,1776271213000
1776271214.758,14.758,0.36,290.0,0.35,154.22,0.37,73.02,0.38,41.0,0.62,41.0,0.61,169.21,0.65,224.22,0.66,205.5,0.01,0.03,2342.696083,1776271213000
1776271215.084,15.084,0.36,289.0,0.35,154.22,0.37,16.0,0.38,10.0,0.62,12.88,0.61,157.71,0.64,255.0,0.65,154.22,0.01,0.02,2342.696083,1776271213000
1776271215.323,15.323,0.37,102.71,0.36,175.0,0.38,16.0,0.39,163.21,0.61,158.21,0.6,139.8,0.63,115.0,0.64,130.0,0.01,0.02,2342.224412,1776271214000
1776271215.548,15.548,0.35,64.22,0.34,190.0,0.38,35.5,0.39,152.71,0.62,26.0,0.61,163.21,0.63,217.71,0.64,175.0,0.03,0.01,2342.224412,1776271214000
1776271215.999,15.999,0.34,220.0,0.33,190.0,0.35,43.35,0.36,80.33,0.61,67.47,0.6,164.8,0.66,140.0,0.67,290.0,0.01,0.05,2342.224412,1776271214000
1776271216.209,16.209,0.34,273.06,0.33,190.0,0.35,17.35,0.36,86.33,0.65,17.35,0.64,86.33,0.66,273.06,0.67,190.0,0.01,0.01,2342.3398,1776271215000
1776271217.214,17.214,0.33,25.0,0.32,35.0,0.35,94.5,0.36,156.33,0.65,94.5,0.64,156.33,0.67,25.0,0.68,35.0,0.02,0.02,2342.300801,1776271216000
1776271217.474,17.474,0.29,122.94,0.28,255.0,0.3,155.77,0.31,155.06,0.7,4.29,0.69,144.06,0.71,180.0,0.72,265.0,0.01,0.01,2342.300801,1776271216000
1776271217.694,17.694,0.29,102.94,0.28,250.0,0.3,192.77,0.31,149.06,0.7,155.77,0.69,155.06,0.71,122.94,0.72,255.0,0.01,0.01,2342.300801,1776271216000
1776271218.226,18.226,0.29,102.94,0.28,250.0,0.3,192.77,0.31,149.06,0.7,192.77,0.69,149.06,0.71,102.94,0.72,250.0,0.01,0.01,2341.7625,1776271217000
1776271218.642,18.642,0.28,147.0,0.27,145.0,0.29,151.0,0.3,57.77,0.71,156.0,0.7,57.77,0.72,150.0,0.73,145.0,0.01,0.01,2341.7625,1776271217000
1776271219.231,19.231,0.28,19.0,0.27,90.0,0.29,113.73,0.3,152.48,0.71,151.0,0.7,57.77,0.72,147.0,0.73,145.0,0.01,0.01,2341.7625,1776271217000
1776271219.447,19.447,0.27,85.0,0.26,31.0,0.28,3.57,0.29,113.73,0.71,113.73,0.7,152.48,0.72,19.0,0.73,90.0,0.01,0.01,2341.7625,1776271217000
1776271219.855,19.855,0.26,21.0,0.25,100.0,0.28,79.57,0.29,133.73,0.72,3.57,0.71,113.73,0.73,85.0,0.74,31.0,0.02,0.01,2341.210343,1776271218000
1776271220.339,20.339,0.25,10.16,0.24,60.0,0.27,40.0,0.28,13.57,0.73,40.0,0.72,13.57,0.75,10.16,0.76,60.0,0.02,0.02,2341.1042,1776271219000
1776271220.785,20.785,0.24,6.8,0.23,85.0,0.25,81.0,0.26,27.0,0.75,77.0,0.74,27.0,0.76,8.84,0.77,90.0,0.01,0.01,2341.1042,1776271219000
1776271221.02,21.02,0.23,88.04,0.22,96.0,0.25,307.69,0.26,38.0,0.75,81.0,0.74,27.0,0.76,6.8,0.77,85.0,0.02,0.01,2341.1042,1776271219000
1776271221.282,21.282,0.24,1.25,0.23,101.04,0.25,125.69,0.26,21.0,0.75,131.69,0.74,38.0,0.76,1.25,0.77,101.04,0.01,0.01,2341.1042,1776271219000
1776271221.685,21.685,0.23,108.54,0.22,215.5,0.24,5.0,0.25,132.69,0.75,142.69,0.74,71.0,0.77,101.04,0.78,96.0,0.01,0.02,2340.674321,1776271220000
1776271221.985,21.985,0.24,69.5,0.23,91.54,0.25,107.45,0.26,126.0,0.75,123.45,0.73,10.0,0.77,223.54,0.78,100.5,0.01,0.02,2340.674321,1776271220000
1776271222.269,22.269,0.24,69.5,0.23,206.54,0.25,107.0,0.26,126.0,0.75,107.45,0.74,126.0,0.76,69.5,0.77,91.54,0.01,0.01,2340.674321,1776271220000
1776271222.659,22.659,0.23,53.54,0.22,95.5,0.25,118.0,0.26,16.0,0.75,107.0,0.74,126.0,0.76,69.5,0.77,206.54,0.02,0.01,2340.674321,1776271220000
1776271223.197,23.197,0.24,17.69,0.23,48.54,0.25,113.0,0.26,5.0,0.75,113.0,0.74,5.0,0.76,17.69,0.77,48.54,0.01,0.01,2340.452248,1776271222000
1776271223.422,23.422,0.25,56.33,0.24,5.0,0.26,161.0,0.27,41.0,0.74,16.0,0.73,26.0,0.76,73.69,0.77,188.54,0.01,0.02,2340.452248,1776271222000
1776271224.012,24.012,0.23,33.98,0.22,145.0,0.24,208.86,0.25,193.91,0.74,161.0,0.73,41.0,0.75,56.33,0.76,5.0,0.01,0.01,2340.452248,1776271222000
1776271224.275,24.275,0.22,168.0,0.21,165.0,0.23,7.03,0.24,274.36,0.77,6.47,0.76,419.36,0.78,145.0,0.79,160.0,0.01,0.01,2340.6959,1776271223000
1776271224.498,24.498,0.23,8.7,0.22,168.0,0.24,131.51,0.25,28.0,0.76,131.51,0.75,57.0,0.78,163.0,0.79,165.0,0.01,0.02,2340.6959,1776271223000
1776271224.819,24.819,0.22,127.2,0.21,150.0,0.23,145.9,0.24,39.54,0.77,10.0,0.76,141.51,0.78,157.2,0.79,155.0,0.01,0.01,2340.6959,1776271223000
1776271225.198,25.198,0.21,36.12,0.2,75.0,0.22,115.0,0.23,120.9,0.78,10.0,0.77,165.9,0.79,126.12,0.8,125.0,0.01,0.01,2340.6959,1776271223000
1776271225.498,25.498,0.2,104.43,0.19,160.0,0.22,133.0,0.23,147.4,0.78,146.5,0.77,142.4,0.8,77.43,0.81,160.0,0.02,0.02,2340.71102,1776271224000
1776271226.058,26.058,0.19,170.0,0.18,310.0,0.21,257.22,0.22,203.0,0.79,16.0,0.78,43.0,0.8,149.76,0.81,165.31,0.02,0.01,2340.71102,1776271224000
1776271226.389,26.389,0.19,110.0,0.18,310.0,0.2,7.32,0.21,192.22,0.79,147.22,0.78,203.0,0.81,163.85,0.82,310.0,0.01,0.02,2340.320363,1776271225000
1776271227.126,27.126,0.19,110.0,0.18,310.0,0.2,7.32,0.21,192.22,0.8,7.32,0.79,192.22,0.81,110.0,0.82,310.0,0.01,0.01,2339.775868,1776271226000
1776271227.838,27.838,0.16,132.0,0.15,139.16,0.18,197.81,0.19,86.91,0.82,95.0,0.81,204.78,0.83,52.45,0.84,110.0,0.02,0.01,2339.775868,1776271226000
1776271228.058,28.058,0.16,41.52,0.15,128.66,0.17,5.0,0.18,167.81,0.83,5.0,0.82,207.81,0.84,61.76,0.85,128.66,0.01,0.01,2339.775868,1776271226000
1776271228.324,28.324,0.16,41.52,0.15,53.66,0.18,154.88,0.19,175.91,0.82,154.88,0.81,175.91,0.84,41.52,0.85,53.66,0.02,0.02,2339.456164,1776271227000
1776271228.624,28.624,0.15,11.42,0.14,43.0,0.16,51.61,0.17,255.0,0.84,0.13,0.83,125.0,0.85,53.66,0.86,93.0,0.01,0.01,2339.456164,1776271227000
1776271228.915,28.915,0.13,143.99,0.12,155.09,0.16,148.72,0.17,298.7,0.85,288.58,0.84,16.61,0.86,88.0,0.87,135.0,0.03,0.01,2339.456164,1776271227000
1776271229.268,29.268,0.13,143.99,0.12,155.09,0.16,148.72,0.17,298.7,0.84,148.72,0.83,298.7,0.87,143.99,0.88,155.09,0.03,0.03,2338.746606,1776271228000
1776271229.492,29.492,0.14,38.0,0.13,150.5,0.15,131.0,0.16,884.97,0.84,577.42,0.83,10.0,0.86,10.0,0.87,145.5,0.01,0.02,2338.746606,1776271228000
1776271229.908,29.908,0.14,80.53,0.13,155.5,0.15,267.98,0.16,27.61,0.85,131.0,0.84,884.97,0.86,32.2,0.87,150.5,0.01,0.01,2338.746606,1776271228000
1776271230.219,30.219,0.14,85.53,0.13,155.5,0.15,217.39,0.16,27.61,0.85,267.98,0.84,27.61,0.86,80.53,0.87,155.5,0.01,0.01,2338.746606,1776271228000
1776271230.55,30.55,0.14,224.74,0.13,180.5,0.15,87.39,0.16,26.61,0.85,97.39,0.84,37.61,0.86,148.53,0.87,199.5,0.01,0.01,2338.435145,1776271229000
1776271230.802,30.802,0.15,10.0,0.14,194.11,0.16,82.04,0.17,15.0,0.84,127.04,0.83,125.0,0.86,174.11,0.87,201.5,0.01,0.02,2338.435145,1776271229000
1776271231.056,31.056,0.15,140.5,0.14,66.78,0.16,155.34,0.17,20.0,0.84,89.84,0.83,15.0,0.86,193.99,0.87,180.5,0.01,0.02,2338.435145,1776271229000
1776271231.46,31.46,0.15,71.5,0.14,21.78,0.16,456.93,0.17,20.0,0.84,456.01,0.83,67.26,0.85,51.5,0.86,161.78,0.01,0.01,2338.679405,1776271230000
1776271232.164,32.164,0.15,14.0,0.14,31.78,0.16,168.08,0.17,191.41,0.84,334.93,0.83,20.0,0.85,70.64,0.86,21.78,0.01,0.01,2338.679405,1776271230000
1776271232.653,32.653,0.15,15.0,0.14,30.0,0.16,53.08,0.17,152.41,0.84,65.08,0.83,278.41,0.86,12.79,0.87,165.61,0.01,0.02,2338.919019,1776271231000
1776271233.107,33.107,0.15,15.0,0.14,30.0,0.16,53.08,0.17,152.41,0.84,53.08,0.83,152.41,0.85,15.0,0.86,30.0,0.01,0.01,2339.274784,1776271232000
1776271233.52,33.52,0.15,42.11,0.14,40.0,0.16,63.08,0.17,266.41,0.84,53.08,0.83,152.41,0.85,15.0,0.86,30.0,0.01,0.01,2339.274784,1776271232000
1776271233.798,33.798,0.15,50.44,0.14,51.0,0.16,293.29,0.17,201.41,0.84,182.08,0.83,151.41,0.85,37.11,0.86,51.0,0.01,0.01,2339.274784,1776271232000
1776271234.049,34.049,0.15,33.33,0.14,40.0,0.16,205.66,0.17,151.41,0.84,293.29,0.83,201.41,0.85,50.44,0.86,51.0,0.01,0.01,2339.274784,1776271232000
1776271234.273,34.273,0.15,39.4,0.14,190.0,0.16,59.08,0.17,246.41,0.84,205.66,0.83,151.41,0.85,33.33,0.86,40.0,0.01,0.01,2339.17732,1776271233000
1776271234.523,34.523,0.15,205.33,0.14,98.0,0.16,347.74,0.17,198.67,0.84,53.18,0.83,131.41,0.85,27.4,0.86,98.0,0.01,0.01,2339.17732,1776271233000
1776271235.01,35.01,0.15,260.0,0.14,96.0,0.16,40.18,0.17,136.41,0.84,45.18,0.83,141.41,0.85,166.0,0.86,98.0,0.01,0.01,2339.17732,1776271233000
1776271235.354,35.354,0.16,274.5,0.15,35.0,0.17,47.82,0.18,30.0,0.83,52.82,0.82,30.0,0.84,48.5,0.85,176.0,0.01,0.01,2339.17732,1776271233000
1776271235.793,35.793,0.16,306.5,0.15,35.0,0.18,105.39,0.19,45.0,0.83,18.4,0.82,30.0,0.84,274.5,0.85,35.0,0.02,0.01,2339.178737,1776271234000
1776271236.036,36.036,0.17,247.5,0.16,196.5,0.18,115.39,0.19,55.0,0.82,105.39,0.81,45.0,0.84,306.5,0.85,35.0,0.01,0.02,2339.178737,1776271234000
1776271236.326,36.326,0.17,261.5,0.16,221.5,0.18,76.15,0.19,66.0,0.82,126.15,0.81,71.0,0.83,236.5,0.84,196.5,0.01,0.01,2339.213996,1776271235000
1776271236.834,36.834,0.18,171.5,0.17,235.5,0.19,52.0,0.2,41.0,0.81,31.0,0.8,46.0,0.82,224.98,0.83,146.5,0.01,0.01,2339.213996,1776271235000
1776271237.053,37.053,0.18,10.5,0.17,75.5,0.19,731.87,0.2,162.74,0.81,57.0,0.8,102.0,0.82,70.5,0.83,75.5,0.01,0.01,2339.213996,1776271235000
1776271237.311,37.311,0.17,25.5,0.16,135.5,0.19,355.0,0.2,113.0,0.81,355.0,0.8,113.0,0.83,25.5,0.84,135.5,0.02,0.02,2339.639339,1776271236000
1776271237.56,37.56,0.17,14.14,0.16,60.5,0.18,721.61,0.19,365.9,0.82,327.0,0.81,308.95,0.83,9.01,0.84,60.5,0.01,0.01,2339.639339,1776271236000
1776271237.79,37.79,0.16,41.81,0.15,100.0,0.17,74.17,0.18,1266.09,0.82,1262.75,0.81,417.85,0.83,3.14,0.84,60.5,0.01,0.01,2339.639339,1776271236000
1776271238.092,38.092,0.16,301.62,0.15,85.0,0.18,269.03,0.19,171.0,0.83,442.38,0.82,415.47,0.84,76.81,0.85,205.0,0.02,0.01,2339.639339,1776271236000
1776271238.407,38.407,0.17,261.0,0.16,196.62,0.18,147.03,0.19,86.0,0.82,152.03,0.81,86.0,0.83,270.0,0.84,196.62,0.01,0.01,2339.639339,1776271236000
1776271239.088,39.088,0.17,261.94,0.16,155.5,0.18,127.03,0.19,81.0,0.82,180.03,0.81,229.0,0.83,116.0,0.84,135.81,0.01,0.01,2339.8524,1776271237000
1776271239.893,39.893,0.17,245.94,0.16,155.5,0.18,133.03,0.19,92.0,0.82,127.03,0.81,81.0,0.83,261.94,0.84,155.5,0.01,0.01,2339.743748,1776271238000
1776271240.692,40.692,0.17,300.94,0.16,171.5,0.18,117.03,0.19,71.0,0.82,133.03,0.81,92.0,0.83,245.94,0.84,155.5,0.01,0.01,2339.743748,1776271238000
1776271241.367,41.367,0.17,311.94,0.16,171.5,0.18,133.98,0.19,87.0,0.82,117.03,0.81,71.0,0.83,300.94,0.84,171.5,0.01,0.01,2339.840228,1776271239000
1776271241.638,41.638,0.17,311.94,0.16,171.5,0.18,159.31,0.19,87.0,0.82,125.98,0.81,87.0,0.83,306.94,0.84,171.5,0.01,0.01,2339.840228,1776271239000
1776271242.422,42.422,0.17,311.94,0.16,171.5,0.18,159.31,0.19,87.0,0.82,159.31,0.81,87.0,0.83,311.94,0.84,171.5,0.01,0.01,2339.915465,1776271241000
1776271243.037,43.037,0.17,215.32,0.16,121.5,0.18,163.36,0.19,87.0,0.82,164.31,0.81,87.0,0.83,231.32,0.84,121.5,0.01,0.01,2339.915465,1776271241000
1776271243.348,43.348,0.17,50.0,0.16,220.5,0.18,173.41,0.19,97.0,0.82,173.41,0.81,87.0,0.83,215.32,0.84,121.5,0.01,0.01,2339.936339,1776271242000
1776271244.264,44.264,0.17,149.72,0.16,105.5,0.18,178.41,0.19,92.0,0.82,178.41,0.81,92.0,0.83,149.72,0.84,105.5,0.01,0.01,2339.936339,1776271242000
1776271244.515,44.515,0.17,60.0,0.16,80.5,0.18,167.29,0.19,102.0,0.82,178.41,0.81,92.0,0.83,85.0,0.84,80.5,0.01,0.01,2340.111275,1776271243000
1776271244.8,44.8,0.16,158.84,0.15,91.0,0.18,184.29,0.19,102.0,0.82,167.29,0.81,102.0,0.83,8.33,0.84,75.5,0.02,0.01,2340.111275,1776271243000
1776271245.326,45.326,0.16,1.83,0.15,75.0,0.17,117.0,0.18,299.29,0.83,10.0,0.82,184.29,0.84,74.45,0.85,91.0,0.01,0.01,2340.111275,1776271244000
1776271246.356,46.356,0.16,1.83,0.15,75.0,0.17,117.0,0.18,299.29,0.83,117.0,0.82,299.29,0.84,1.83,0.85,75.0,0.01,0.01,2340.078745,1776271245000
1776271247.27,47.27,0.16,1.83,0.15,75.0,0.17,117.0,0.18,299.29,0.83,117.0,0.82,299.29,0.84,1.83,0.85,75.0,0.01,0.01,2339.993342,1776271246000
1776271247.503,47.503,0.13,172.74,0.12,356.09,0.15,46.0,0.16,384.23,0.84,384.23,0.83,110.5,0.87,222.74,0.88,356.09,0.02,0.03,2339.993342,1776271246000
1776271247.765,47.765,0.13,107.24,0.12,245.09,0.14,257.07,0.15,73.0,0.86,12.64,0.85,188.0,0.87,152.24,0.88,235.09,0.01,0.01,2339.993342,1776271246000
1776271248.072,48.072,0.13,107.24,0.12,245.09,0.14,257.07,0.15,73.0,0.86,257.07,0.85,73.0,0.87,107.24,0.88,245.09,0.01,0.01,2339.8967,1776271247000
1776271248.275,48.275,0.13,3.79,0.12,370.59,0.14,141.64,0.15,153.0,0.86,133.64,0.85,153.0,0.87,5.11,0.88,370.59,0.01,0.01,2339.8967,1776271247000
1776271248.634,48.634,0.13,10.0,0.12,357.79,0.14,75.2,0.15,158.0,0.86,91.64,0.85,158.0,0.88,374.38,0.89,177.29,0.01,0.02,2339.8967,1776271247000
1776271249.104,49.104,0.12,283.91,0.11,152.29,0.13,39.5,0.14,25.0,0.86,68.05,0.85,93.0,0.88,222.79,0.89,292.29,0.01,0.02,2339.8967,1776271247000
1776271249.324,49.324,0.12,282.91,0.11,177.29,0.13,19.3,0.14,10.0,0.87,39.5,0.86,25.0,0.88,283.91,0.89,152.29,0.01,0.01,2339.8967,1776271247000
1776271249.542,49.542,0.12,275.08,0.11,177.29,0.13,19.3,0.14,5.0,0.87,19.3,0.86,5.0,0.88,275.08,0.89,177.29,0.01,0.01,2339.564231,1776271248000
1776271249.826,49.826,0.12,311.08,0.11,227.29,0.14,141.06,0.15,75.0,0.87,0.3,0.86,5.0,0.88,306.08,0.89,177.29,0.02,0.01,2339.564231,1776271248000
1776271250.388,50.388,0.13,123.8,0.12,111.08,0.16,93.0,0.17,200.0,0.84,93.0,0.83,200.0,0.85,1.79,0.87,151.5,0.03,0.01,2339.564231,1776271248000
1776271251.387,51.387,0.12,9.21,0.11,156.5,0.13,31.0,0.14,270.92,0.84,93.0,0.83,200.0,0.86,8.6,0.87,123.8,0.01,0.02,2339.440659,1776271249000
1776271251.639,51.639,0.12,1.26,0.11,236.5,0.13,39.33,0.14,270.92,0.87,39.33,0.86,270.92,0.88,1.26,0.89,236.5,0.01,0.01,2339.511797,1776271250000
1776271252.265,52.265,0.12,1.26,0.11,236.5,0.13,39.33,0.14,270.92,0.87,39.33,0.86,270.92,0.88,1.26,0.89,236.5,0.01,0.01,2339.514409,1776271251000
1776271253.412,53.412,0.12,5.93,0.11,56.0,0.13,362.48,0.14,36.0,0.87,362.48,0.86,36.0,0.88,5.93,0.89,56.0,0.01,0.01,2339.280124,1776271252000
1776271253.998,53.998,0.12,5.93,0.11,56.0,0.13,362.48,0.14,36.0,0.87,362.48,0.86,36.0,0.88,5.93,0.89,56.0,0.01,0.01,2339.222934,1776271253000
1776271254.416,54.416,0.12,228.84,0.11,201.5,0.13,136.16,0.15,5.0,0.87,362.48,0.86,36.0,0.88,5.93,0.89,56.0,0.01,0.01,2339.222934,1776271253000
1776271254.868,54.868,0.12,315.43,0.11,191.5,0.13,69.85,0.15,5.0,0.87,64.85,0.84,95.0,0.88,333.84,0.89,191.5,0.01,0.01,2339.222934,1776271253000
1776271255.07,55.07,0.12,315.43,0.11,191.5,0.15,5.0,0.16,95.0,0.85,5.0,0.84,95.0,0.88,315.43,0.89,191.5,0.03,0.03,2339.271737,1776271254000
1776271255.589,55.589,0.15,2.24,0.14,10.0,0.16,211.55,0.17,286.5,0.84,85.0,0.83,276.5,0.85,27.24,0.86,125.0,0.01,0.01,2339.271737,1776271254000
1776271255.838,55.838,0.13,129.86,0.12,126.43,0.16,227.6,0.17,286.5,0.84,211.55,0.83,286.5,0.85,2.24,0.86,10.0,0.03,0.01,2339.271737,1776271254000
1776271257.044,57.044,0.13,11.71,0.12,158.02,0.14,182.17,0.15,42.0,0.84,678.35,0.83,228.76,0.87,168.86,0.88,126.43,0.01,0.03,2339.36017,1776271255000
1776271257.38,57.38,0.12,154.71,0.11,236.79,0.14,156.17,0.15,42.0,0.86,182.17,0.85,42.0,0.87,11.71,0.88,158.02,0.02,0.01,2339.6376,1776271256000
1776271257.684,57.684,0.12,178.41,0.11,226.79,0.13,53.97,0.14,142.29,0.86,156.17,0.85,42.0,0.88,154.71,0.89,236.79,0.01,0.02,2339.6376,1776271256000
1776271257.996,57.996,0.12,298.91,0.11,226.79,0.13,45.49,0.14,147.29,0.87,53.97,0.86,142.29,0.88,178.41,0.89,226.79,0.01,0.01,2339.6376,1776271256000
1776271258.384,58.384,0.12,256.45,0.11,236.79,0.13,68.88,0.14,142.29,0.87,45.49,0.86,147.29,0.88,298.91,0.89,226.79,0.01,0.01,2339.6688,1776271257000
1776271258.822,58.822,0.13,35.0,0.12,73.41,0.14,149.69,0.15,51.0,0.87,25.88,0.86,142.29,0.88,256.45,0.89,236.79,0.01,0.01,2339.6688,1776271257000
1776271259.087,59.087,0.13,30.0,0.12,190.29,0.14,154.83,0.15,156.0,0.86,149.69,0.85,51.0,0.87,35.0,0.88,73.41,0.01,0.01,2339.630305,1776271258000
1776271259.46,59.46,0.12,37.69,0.11,159.18,0.13,27.0,0.14,177.83,0.86,154.83,0.85,156.0,0.87,3.63,0.88,190.29,0.01,0.01,2339.630305,1776271258000
1776271260.037,60.037,0.11,159.18,0.1,280.5,0.12,7.0,0.13,119.0,0.88,7.0,0.87,119.0,0.89,159.18,0.9,280.5,0.01,0.01,2339.58355,1776271259000
1776271260.538,60.538,0.11,391.78,0.1,390.5,0.12,38.57,0.13,345.36,0.88,7.0,0.87,119.0,0.89,159.18,0.9,280.5,0.01,0.01,2339.58355,1776271259000
1776271261.116,61.116,0.11,384.58,0.1,380.5,0.12,181.5,0.13,204.0,0.88,181.5,0.87,204.0,0.89,384.58,0.9,380.5,0.01,0.01,2339.590008,1776271260000
1776271261.549,61.549,0.11,520.4,0.1,285.5,0.12,81.82,0.13,11.0,0.88,125.16,0.87,141.0,0.89,374.58,0.9,355.0,0.01,0.01,2339.590008,1776271260000
1776271262.071,62.071,0.11,617.4,0.1,290.5,0.12,35.82,0.13,11.0,0.88,81.82,0.87,11.0,0.89,520.4,0.9,285.5,0.01,0.01,2339.590008,1776271260000
1776271262.686,62.686,0.13,3.93,0.12,199.0,0.14,59.0,0.15,45.5,0.87,11.0,0.86,69.0,0.89,606.78,0.9,290.5,0.01,0.02,2339.404886,1776271261000
1776271263.338,63.338,0.13,259.76,0.12,116.0,0.14,54.0,0.15,25.5,0.86,59.0,0.85,95.5,0.87,340.99,0.88,111.0,0.01,0.01,2339.404886,1776271261000
1776271264.203,64.203,0.13,208.0,0.12,102.0,0.14,188.12,0.15,151.5,0.86,39.0,0.85,140.5,0.87,229.0,0.88,116.0,0.01,0.01,2339.49637,1776271262000
1776271264.714,64.714,0.13,250.5,0.12,217.0,0.14,214.05,0.15,161.5,0.86,204.05,0.85,36.5,0.87,239.76,0.88,217.0,0.01,0.01,2339.535562,1776271263000
1776271265.084,65.084,0.13,368.77,0.12,102.0,0.14,194.25,0.15,5.0,0.86,224.05,0.85,36.5,0.87,229.77,0.88,102.0,0.01,0.01,2339.535562,1776271263000
1776271265.462,65.462,0.13,368.77,0.12,102.0,0.14,194.25,0.15,5.0,0.86,194.25,0.85,5.0,0.87,368.77,0.88,102.0,0.01,0.01,2339.5586,1776271264000
1776271266.0,66.0,0.12,70.0,0.11,70.0,0.14,315.45,0.15,57.5,0.86,179.45,0.85,35.5,0.87,368.77,0.88,112.0,0.02,0.01,2339.5586,1776271264000
1776271266.281,66.281,0.12,20.42,0.11,92.0,0.13,370.66,0.14,369.51,0.87,10.0,0.86,290.45,0.88,60.0,0.89,102.0,0.01,0.01,2339.55835,1776271265000
1776271266.651,66.651,0.12,0.42,0.11,71.75,0.13,271.66,0.14,156.83,0.87,370.66,0.86,369.51,0.88,20.42,0.89,92.0,0.01,0.01,2339.55835,1776271265000
1776271267.006,67.006,0.11,30.93,0.1,364.0,0.12,47.14,0.13,246.16,0.87,271.66,0.86,156.83,0.88,0.42,0.89,71.75,0.01,0.01,2339.55835,1776271265000
1776271267.523,67.523,0.11,33.52,0.1,364.0,0.12,97.14,0.13,229.51,0.88,47.14,0.87,246.16,0.89,30.93,0.9,364.0,0.01,0.01,2339.55835,1776271265000
1776271267.943,67.943,0.11,11.92,0.1,364.0,0.12,228.0,0.13,229.51,0.88,228.0,0.87,229.51,0.89,11.92,0.9,364.0,0.01,0.01,2339.627692,1776271266000
1776271268.525,68.525,0.11,11.92,0.1,364.0,0.12,228.0,0.13,229.51,0.88,228.0,0.87,229.51,0.89,11.92,0.9,364.0,0.01,0.01,2339.291352,1776271267000
1776271268.998,68.998,0.11,11.92,0.1,364.0,0.12,228.0,0.13,229.51,0.88,228.0,0.87,229.51,0.89,11.92,0.9,364.0,0.01,0.01,2339.214141,1776271268000
1776271269.914,69.914,0.09,51.8,0.08,185.0,0.1,594.27,0.11,212.16,0.88,228.0,0.87,229.51,0.89,11.92,0.9,364.0,0.01,0.01,2339.214141,1776271268000
1776271270.581,70.581,0.08,126.0,0.07,110.0,0.09,312.1,0.1,124.01,0.9,50.35,0.89,327.16,0.91,1.8,0.92,185.0,0.01,0.01,2339.108941,1776271269000
1776271270.924,70.924,0.07,109.89,0.06,555.0,0.09,249.5,0.1,85.51,0.91,423.1,0.9,134.51,0.93,110.0,0.94,440.0,0.02,0.02,2339.108941,1776271269000
1776271271.139,71.139,0.07,109.89,0.06,555.0,0.09,249.5,0.1,85.51,0.91,249.5,0.9,85.51,0.93,109.89,0.94,555.0,0.02,0.02,2338.380878,1776271270000
1776271271.515,71.515,0.07,213.94,0.06,725.0,0.08,61.0,0.09,314.5,0.91,249.5,0.9,85.51,0.93,109.89,0.94,555.0,0.01,0.02,2338.380878,1776271270000
1776271271.722,71.722,0.07,85.98,0.06,725.0,0.08,11.65,0.09,334.0,0.92,11.65,0.91,344.5,0.93,90.82,0.94,725.0,0.01,0.01,2338.380878,1776271270000
1776271271.958,71.958,0.07,138.62,0.06,725.0,0.08,1.65,0.09,334.0,0.92,1.65,0.91,334.0,0.93,140.78,0.94,725.0,0.01,0.01,2338.380878,1776271270000
1776271272.227,72.227,0.07,140.84,0.06,725.0,0.08,1.65,0.09,334.0,0.92,1.65,0.91,334.0,0.93,140.84,0.94,725.0,0.01,0.01,2338.378855,1776271271000
1776271272.436,72.436,0.07,40.56,0.06,536.0,0.08,178.65,0.09,260.5,0.92,168.65,0.91,249.5,0.93,89.22,0.94,536.0,0.01,0.01,2338.378855,1776271271000
1776271273.312,73.312,0.07,40.56,0.06,536.0,0.08,178.65,0.09,260.5,0.92,178.65,0.91,260.5,0.93,40.56,0.94,536.0,0.01,0.01,2338.22469,1776271272000
1776271273.757,73.757,0.08,8.83,0.07,154.0,0.09,356.0,0.1,100.5,0.92,178.65,0.91,260.5,0.93,40.56,0.94,536.0,0.01,0.01,2338.22469,1776271272000
1776271274.902,74.902,0.08,1.19,0.07,154.0,0.09,351.0,0.1,196.93,0.91,351.0,0.9,196.93,0.92,1.19,0.93,154.0,0.01,0.01,2338.30161,1776271273000
1776271275.343,75.343,0.08,265.35,0.07,189.14,0.09,61.0,0.1,210.5,0.91,61.0,0.9,200.5,0.92,224.25,0.93,314.14,0.01,0.01,2338.30161,1776271273000
1776271276.083,76.083,0.08,247.99,0.07,189.14,0.09,61.0,0.1,210.5,0.91,61.0,0.9,210.5,0.92,247.99,0.93,189.14,0.01,0.01,2338.417359,1776271275000
1776271276.431,76.431,0.08,512.3,0.07,159.14,0.09,64.78,0.1,25.0,0.91,45.0,0.9,25.0,0.92,523.9,0.93,159.14,0.01,0.01,2338.417359,1776271275000
1776271277.05,77.05,0.08,496.13,0.07,169.14,0.09,64.78,0.1,25.0,0.91,64.78,0.9,25.0,0.92,512.3,0.93,159.14,0.01,0.01,2338.417359,1776271275000
1776271277.381,77.381,0.08,496.13,0.07,169.14,0.09,64.78,0.1,25.0,0.91,64.78,0.9,25.0,0.92,496.13,0.93,169.14,0.01,0.01,2338.538431,1776271276000
1776271278.039,78.039,0.08,467.13,0.07,169.43,0.09,48.98,0.1,86.0,0.91,64.78,0.9,25.0,0.92,496.13,0.93,169.14,0.01,0.01,2338.538431,1776271276000
1776271278.517,78.517,0.08,467.13,0.07,169.43,0.09,43.08,0.1,20.0,0.91,48.98,0.9,86.0,0.92,467.13,0.93,169.43,0.01,0.01,2338.538431,1776271276000
1776271278.831,78.831,0.08,501.13,0.07,169.43,0.09,37.28,0.1,70.0,0.91,43.08,0.9,20.0,0.92,467.13,0.93,169.43,0.01,0.01,2338.814075,1776271277000
1776271279.199,79.199,0.08,501.13,0.07,169.43,0.09,37.28,0.1,70.0,0.91,37.28,0.9,70.0,0.92,501.13,0.93,169.43,0.01,0.01,2338.845331,1776271278000
1776271280.628,80.628,0.08,501.13,0.07,169.43,0.09,37.28,0.1,70.0,0.91,37.28,0.9,70.0,0.92,501.13,0.93,169.43,0.01,0.01,2338.85665,1776271279000
1776271281.009,81.009,0.11,20.0,0.1,34.0,0.12,102.5,0.13,295.63,0.9,20.0,0.89,78.0,0.92,440.13,0.93,159.14,0.01,0.02,2338.85665,1776271279000
1776271281.248,81.248,0.11,227.97,0.1,106.0,0.12,97.5,0.13,300.63,0.88,97.5,0.87,300.63,0.89,227.97,0.9,106.0,0.01,0.01,2338.92178,1776271280000
1776271281.478,81.478,0.11,212.97,0.1,106.0,0.12,46.5,0.13,300.63,0.88,97.5,0.87,300.63,0.89,227.97,0.9,106.0,0.01,0.01,2338.92178,1776271280000
1776271282.17,82.17,0.1,202.0,0.09,227.99,0.12,265.6,0.13,336.52,0.88,46.5,0.87,300.63,0.89,212.97,0.9,106.0,0.02,0.01,2338.92178,1776271280000
1776271282.554,82.554,0.1,202.0,0.09,227.99,0.12,265.6,0.13,336.52,0.88,265.6,0.87,336.52,0.9,202.0,0.91,227.99,0.02,0.02,2338.993754,1776271281000
1776271282.975,82.975,0.11,165.0,0.1,115.1,0.12,585.89,0.13,326.52,0.88,265.6,0.87,336.52,0.9,202.0,0.91,227.99,0.01,0.02,2338.993754,1776271281000
1776271283.729,83.729,0.11,165.0,0.1,115.1,0.12,585.89,0.13,326.52,0.88,585.89,0.87,326.52,0.89,165.0,0.9,115.1,0.01,0.01,2339.274188,1776271282000
1776271284.54,84.54,0.11,212.87,0.1,105.66,0.12,154.1,0.13,326.42,0.88,585.89,0.87,326.52,0.89,165.0,0.9,115.1,0.01,0.01,2339.274188,1776271282000
1776271285.069,85.069,0.1,201.28,0.09,75.0,0.11,162.0,0.12,991.27,0.88,154.1,0.87,326.42,0.89,212.87,0.9,105.66,0.01,0.01,2339.271939,1776271283000
1776271285.594,85.594,0.1,201.28,0.09,75.0,0.11,162.0,0.12,991.27,0.89,162.0,0.88,991.27,0.9,201.28,0.91,75.0,0.01,0.01,2339.280355,1776271284000
1776271285.874,85.874,0.1,5.0,0.09,189.72,0.11,318.61,0.12,276.6,0.89,225.32,0.88,166.6,0.9,167.28,0.91,76.0,0.01,0.01,2339.280355,1776271284000
1776271286.849,86.849,0.09,189.72,0.08,110.13,0.1,6.0,0.11,318.61,0.9,6.0,0.89,318.61,0.91,189.72,0.92,110.13,0.01,0.01,2339.376076,1776271285000
1776271287.459,87.459,0.09,189.72,0.08,110.13,0.1,6.0,0.11,318.61,0.9,6.0,0.89,318.61,0.91,189.72,0.92,110.13,0.01,0.01,2339.212248,1776271286000
1776271287.699,87.699,0.1,153.56,0.09,104.94,0.11,122.04,0.12,153.6,0.89,141.23,0.88,153.6,0.9,153.56,0.91,104.94,0.01,0.01,2339.212248,1776271286000
1776271288.171,88.171,0.1,153.56,0.09,104.94,0.11,122.04,0.12,153.6,0.89,122.04,0.88,153.6,0.9,153.56,0.91,104.94,0.01,0.01,2339.008803,1776271287000
1776271288.541,88.541,0.1,195.61,0.09,251.21,0.11,5.75,0.12,175.5,0.89,5.75,0.88,175.5,0.9,202.2,0.91,251.21,0.01,0.01,2339.008803,1776271287000
1776271288.751,88.751,0.1,195.61,0.09,251.21,0.11,145.0,0.12,175.5,0.89,5.75,0.88,175.5,0.9,195.61,0.91,251.21,0.01,0.01,2339.008803,1776271287000
1776271289.718,89.718,0.1,195.61,0.09,251.21,0.11,145.0,0.12,175.5,0.89,145.0,0.88,175.5,0.9,195.61,0.91,251.21,0.01,0.01,2339.078109,1776271288000
1776271290.323,90.323,0.1,195.61,0.09,251.21,0.11,145.0,0.12,175.5,0.89,145.0,0.88,175.5,0.9,195.61,0.91,251.21,0.01,0.01,2339.142606,1776271289000
1776271291.125,91.125,0.1,151.03,0.09,80.99,0.11,450.0,0.12,201.5,0.89,145.0,0.88,175.5,0.9,195.61,0.91,251.21,0.01,0.01,2339.142606,1776271289000
1776271292.397,92.397,0.1,151.03,0.09,80.99,0.11,455.0,0.12,201.5,0.89,455.0,0.88,201.5,0.9,151.03,0.91,80.99,0.01,0.01,2339.41225,1776271291000
1776271293.162,93.162,0.08,1.0,0.07,74.0,0.09,251.5,0.1,356.5,0.89,375.0,0.88,195.5,0.9,196.41,0.91,80.99,0.01,0.01,2339.41225,1776271291000
1776271294.018,94.018,0.08,116.0,0.07,15.0,0.09,308.6,0.1,398.6,0.91,251.5,0.9,356.5,0.92,1.0,0.93,74.0,0.01,0.01,2339.369235,1776271292000
1776271294.33,94.33,0.08,11.0,0.07,15.0,0.09,887.11,0.1,388.6,0.91,308.6,0.9,398.6,0.92,116.0,0.93,15.0,0.01,0.01,2339.369235,1776271292000
1776271294.618,94.618,0.06,398.93,0.05,265.0,0.07,137.5,0.08,192.5,0.91,981.67,0.9,521.03,0.94,400.0,0.95,283.0,0.01,0.03,2339.3059,1776271293000
1776271294.872,94.872,0.06,365.76,0.05,265.0,0.07,236.6,0.08,259.76,0.93,137.5,0.92,192.5,0.94,398.93,0.95,265.0,0.01,0.01,2339.3059,1776271293000
1776271295.187,95.187,0.06,365.76,0.05,265.0,0.07,236.6,0.08,259.76,0.93,236.6,0.92,259.76,0.94,365.76,0.95,265.0,0.01,0.01,2339.161543,1776271294000
1776271295.584,95.584,0.06,163.16,0.05,265.0,0.07,436.2,0.08,266.4,0.93,244.9,0.92,308.66,0.94,240.76,0.95,265.0,0.01,0.01,2339.161543,1776271294000
1776271296.191,96.191,0.05,265.0,0.04,582.22,0.07,481.2,0.08,310.4,0.93,436.2,0.92,266.4,0.94,163.16,0.95,265.0,0.02,0.01,2339.161543,1776271294000
1776271296.567,96.567,0.05,265.0,0.04,582.22,0.07,481.2,0.08,310.4,0.93,481.2,0.92,310.4,0.95,265.0,0.96,582.22,0.02,0.02,2338.443703,1776271295000
1776271296.953,96.953,0.04,424.94,0.03,689.72,0.06,614.3,0.07,382.8,0.93,481.2,0.92,310.4,0.95,265.0,0.96,582.22,0.02,0.02,2338.443703,1776271295000
1776271297.314,97.314,0.04,196.95,0.03,617.44,0.05,417.8,0.06,506.3,0.94,614.3,0.93,382.8,0.96,424.94,0.97,689.72,0.01,0.02,2338.443703,1776271295000
1776271297.563,97.563,0.04,145.95,0.03,543.28,0.05,275.0,0.06,275.3,0.95,290.0,0.94,254.3,0.96,191.95,0.97,427.29,0.01,0.01,2338.100656,1776271296000
1776271298.096,98.096,0.04,145.95,0.03,543.28,0.05,275.0,0.06,275.3,0.95,275.0,0.94,275.3,0.96,145.95,0.97,543.28,0.01,0.01,2337.697059,1776271297000
1776271299.203,99.203,0.04,40.95,0.03,417.0,0.05,338.8,0.06,333.3,0.95,275.0,0.94,275.3,0.96,145.95,0.97,543.28,0.01,0.01,2337.697059,1776271297000
1776271299.502,99.502,0.03,417.0,0.02,785.69,0.05,296.8,0.06,398.3,0.95,296.8,0.94,398.3,0.97,417.0,0.98,785.69,0.02,0.02,2337.110652,1776271298000
1776271299.965,99.965,0.03,396.0,0.02,422.99,0.04,1167.44,0.05,478.36,0.95,296.8,0.94,398.3,0.97,417.0,0.98,785.69,0.01,0.02,2337.110652,1776271298000
1776271300.315,100.315,0.03,317.96,0.02,422.99,0.04,448.0,0.05,256.3,0.96,448.0,0.95,256.3,0.97,317.96,0.98,422.99,0.01,0.01,2337.204999,1776271299000
1776271300.613,100.613,0.03,311.96,0.02,397.99,0.04,569.7,0.05,251.3,0.96,471.83,0.95,391.3,0.97,311.96,0.98,512.99,0.01,0.01,2337.204999,1776271299000
1776271301.101,101.101,0.03,400.62,0.02,667.99,0.04,145.67,0.05,366.8,0.96,569.7,0.95,251.3,0.97,311.96,0.98,397.99,0.01,0.01,2337.204999,1776271299000
1776271301.354,101.354,0.04,18.95,0.03,495.62,0.05,175.14,0.06,203.3,0.95,175.14,0.94,203.3,0.96,15.0,0.97,495.62,0.01,0.01,2337.204999,1776271299000
1776271301.892,101.892,0.04,18.95,0.03,495.62,0.05,175.14,0.06,203.3,0.95,175.14,0.94,203.3,0.96,18.95,0.97,495.62,0.01,0.01,2336.903552,1776271300000
1776271302.78,102.78,0.04,18.95,0.03,495.62,0.05,175.14,0.06,203.3,0.95,175.14,0.94,203.3,0.96,18.95,0.97,495.62,0.01,0.01,2336.863867,1776271301000
1776271303.361,103.361,0.04,199.2,0.03,597.25,0.05,19.97,0.06,249.3,0.95,175.14,0.94,203.3,0.96,18.95,0.97,495.62,0.01,0.01,2336.863867,1776271301000
1776271303.993,103.993,0.04,147.12,0.03,608.68,0.05,19.97,0.06,199.3,0.95,19.97,0.94,199.3,0.96,147.12,0.97,608.68,0.01,0.01,2337.087982,1776271303000
1776271304.34,104.34,0.04,90.08,0.03,756.38,0.05,580.33,0.06,370.02,0.95,19.97,0.94,199.3,0.96,147.12,0.97,608.68,0.01,0.01,2337.087982,1776271303000
1776271305.149,105.149,0.04,90.08,0.03,756.38,0.05,580.33,0.06,370.02,0.95,580.33,0.94,370.02,0.96,90.08,0.97,756.38,0.01,0.01,2337.119704,1776271304000
1776271306.22,106.22,0.04,90.08,0.03,756.38,0.05,580.33,0.06,370.02,0.95,580.33,0.94,370.02,0.96,90.08,0.97,756.38,0.01,0.01,2337.41775,1776271305000
1776271306.932,106.932,0.04,387.75,0.03,607.95,0.05,13.69,0.06,20.5,0.94,242.1,0.93,197.5,0.96,193.0,0.97,628.95,0.01,0.02,2337.41775,1776271305000
1776271307.38,107.38,0.04,387.75,0.03,607.95,0.05,13.69,0.06,20.5,0.95,13.69,0.94,20.5,0.96,387.75,0.97,607.95,0.01,0.01,2337.53131,1776271306000
1776271307.836,107.836,0.04,387.75,0.03,607.95,0.05,13.69,0.06,20.5,0.95,13.69,0.94,20.5,0.96,387.75,0.97,607.95,0.01,0.01,2337.670827,1776271307000
1776271309.02,109.02,0.04,387.75,0.03,607.95,0.05,13.69,0.06,20.5,0.95,13.69,0.94,20.5,0.96,387.75,0.97,607.95,0.01,0.01,2337.7479,1776271308000
1776271310.238,110.238,0.04,177.75,0.03,780.95,0.05,131.91,0.06,220.49,0.95,13.69,0.94,20.5,0.96,387.75,0.97,607.95,0.01,0.01,2337.7479,1776271308000
1776271310.554,110.554,0.04,177.75,0.03,764.95,0.05,100.21,0.06,210.49,0.95,131.91,0.94,220.49,0.96,177.75,0.97,780.95,0.01,0.01,2337.789993,1776271309000
1776271311.054,111.054,0.04,195.25,0.03,765.95,0.05,76.31,0.06,210.49,0.95,100.21,0.94,210.49,0.96,177.75,0.97,764.95,0.01,0.01,2337.789993,1776271309000
1776271311.282,111.282,0.04,195.25,0.03,765.95,0.05,76.31,0.06,210.49,0.95,76.31,0.94,210.49,0.96,195.25,0.97,765.95,0.01,0.01,2337.743344,1776271310000
1776271312.354,112.354,0.04,195.25,0.03,765.95,0.05,64.61,0.06,210.49,0.95,64.61,0.94,210.49,0.96,195.25,0.97,765.95,0.01,0.01,2337.610555,1776271311000
1776271312.593,112.593,0.04,15.0,0.03,581.96,0.05,111.11,0.06,289.29,0.95,64.61,0.94,210.49,0.96,195.25,0.97,765.95,0.01,0.01,2337.610555,1776271311000
1776271312.926,112.926,0.04,15.0,0.03,581.96,0.05,111.11,0.06,289.29,0.95,111.11,0.94,289.29,0.96,15.0,0.97,581.96,0.01,0.01,2337.59495,1776271312000
1776271314.048,114.048,0.04,45.25,0.03,696.96,0.06,413.45,0.07,201.8,0.94,413.45,0.93,201.8,0.96,45.25,0.97,696.96,0.02,0.02,2337.289242,1776271313000
1776271315.164,115.164,0.04,45.25,0.03,696.96,0.06,413.45,0.07,201.8,0.94,413.45,0.93,201.8,0.96,45.25,0.97,696.96,0.02,0.02,2337.318771,1776271314000
1776271316.294,116.294,0.04,45.25,0.03,696.96,0.06,413.45,0.07,201.8,0.94,413.45,0.93,201.8,0.96,45.25,0.97,696.96,0.02,0.02,2337.258799,1776271315000
1776271317.441,117.441,0.04,45.25,0.03,696.96,0.06,413.45,0.07,201.8,0.94,413.45,0.93,201.8,0.96,45.25,0.97,696.96,0.02,0.02,2337.271648,1776271316000
1776271318.785,118.785,0.04,45.25,0.03,696.96,0.06,413.45,0.07,201.8,0.94,413.45,0.93,201.8,0.96,45.25,0.97,696.96,0.02,0.02,2337.211634,1776271317000
1776271319.551,119.551,0.04,45.25,0.03,696.96,0.06,413.45,0.07,201.8,0.94,413.45,0.93,201.8,0.96,45.25,0.97,696.96,0.02,0.02,2336.985065,1776271318000
1776271320.32,120.32,0.03,301.08,0.02,675.7,0.04,115.7,0.05,374.4,0.94,413.45,0.93,201.8,0.96,45.25,0.97,696.96,0.01,0.02,2336.985065,1776271318000
1776271320.743,120.743,0.04,63.95,0.03,516.08,0.05,174.4,0.06,459.44,0.96,115.7,0.95,374.4,0.97,301.08,0.98,675.7,0.01,0.01,2336.9364,1776271319000
1776271320.944,120.944,0.03,284.17,0.02,761.99,0.05,355.4,0.06,362.44,0.95,355.4,0.94,362.44,0.97,285.21,0.98,761.99,0.02,0.02,2336.9364,1776271319000
1776271321.172,121.172,0.03,246.35,0.02,761.99,0.05,345.4,0.06,367.44,0.95,340.4,0.94,367.44,0.97,247.39,0.98,761.99,0.02,0.02,2336.893959,1776271320000
1776271321.746,121.746,0.03,277.93,0.02,761.99,0.04,28.45,0.05,340.4,0.95,340.4,0.94,377.44,0.97,245.31,0.98,761.99,0.01,0.02,2336.893959,1776271320000
1776271322.005,122.005,0.03,257.15,0.02,761.99,0.04,28.45,0.05,340.4,0.96,28.45,0.95,340.4,0.97,277.93,0.98,761.99,0.01,0.01,2336.893959,1776271320000
1776271322.349,122.349,0.03,410.05,0.02,548.29,0.04,46.45,0.05,224.6,0.96,28.45,0.95,329.9,0.97,300.6,0.98,761.99,0.01,0.01,2336.893959,1776271320000
1776271322.627,122.627,0.03,420.05,0.02,602.99,0.05,172.9,0.06,400.44,0.96,46.45,0.95,224.6,0.97,410.05,0.98,548.29,0.02,0.01,2336.893959,1776271320000
1776271323.517,123.517,0.03,420.05,0.02,602.99,0.05,172.9,0.06,400.44,0.95,172.9,0.94,400.44,0.97,420.05,0.98,602.99,0.02,0.02,2337.190291,1776271322000
1776271323.919,123.919,0.04,400.74,0.03,304.68,0.05,6.0,0.06,52.65,0.95,28.1,0.94,37.15,0.96,418.08,0.97,338.34,0.01,0.01,2337.190291,1776271322000
1776271324.353,124.353,0.04,400.74,0.03,304.68,0.05,6.0,0.06,52.65,0.95,6.0,0.94,52.65,0.96,400.74,0.97,304.68,0.01,0.01,2337.261251,1776271323000
1776271324.564,124.564,0.05,184.14,0.04,363.74,0.06,52.65,0.07,266.29,0.95,6.0,0.94,52.65,0.96,400.74,0.97,304.68,0.01,0.01,2337.261251,1776271323000
1776271325.179,125.179,0.05,184.14,0.04,363.74,0.06,52.65,0.07,266.29,0.94,52.65,0.93,266.29,0.95,184.14,0.96,363.74,0.01,0.01,2337.717843,1776271324000
1776271326.176,126.176,0.04,179.83,0.03,378.39,0.05,127.59,0.06,420.45,0.94,52.65,0.93,266.29,0.95,184.14,0.96,363.74,0.01,0.01,2337.717843,1776271324000
1776271326.757,126.757,0.04,179.83,0.03,378.39,0.05,127.59,0.06,420.45,0.95,127.59,0.94,420.45,0.96,179.83,0.97,378.39,0.01,0.01,2338.004982,1776271325000
1776271327.566,127.566,0.04,179.83,0.03,378.39,0.05,127.59,0.06,420.45,0.95,127.59,0.94,420.45,0.96,179.83,0.97,378.39,0.01,0.01,2337.7598,1776271326000
1776271328.367,128.367,0.04,179.83,0.03,378.39,0.05,127.59,0.06,420.45,0.95,127.59,0.94,420.45,0.96,179.83,0.97,378.39,0.01,0.01,2337.697387,1776271327000
1776271329.03,129.03,0.05,160.0,0.04,297.33,0.07,257.88,0.08,287.39,0.93,146.7,0.92,338.39,0.96,297.33,0.97,399.38,0.02,0.03,2337.697387,1776271327000
1776271329.318,129.318,0.05,160.0,0.04,297.33,0.06,38.88,0.07,271.2,0.94,38.88,0.93,271.2,0.95,160.0,0.96,297.33,0.01,0.01,2337.737882,1776271328000
1776271329.614,129.614,0.05,290.0,0.04,335.62,0.07,114.9,0.08,313.5,0.94,9.18,0.93,5.0,0.95,285.0,0.96,335.62,0.02,0.01,2337.737882,1776271328000
1776271329.937,129.937,0.06,165.0,0.05,285.0,0.07,97.1,0.08,318.5,0.93,104.9,0.92,313.5,0.95,290.0,0.96,335.62,0.01,0.02,2337.737882,1776271328000
1776271330.68,130.68,0.06,162.86,0.05,285.0,0.07,105.95,0.08,318.5,0.93,105.95,0.92,318.5,0.94,162.86,0.95,285.0,0.01,0.01,2337.89944,1776271329000
1776271331.0,131.0,0.06,167.86,0.05,285.0,0.07,159.42,0.08,309.5,0.93,105.95,0.92,318.5,0.94,162.86,0.95,285.0,0.01,0.01,2337.89944,1776271329000
1776271331.459,131.459,0.06,167.86,0.05,285.0,0.07,159.42,0.08,309.5,0.93,159.42,0.92,309.5,0.94,167.86,0.95,285.0,0.01,0.01,2338.170229,1776271330000
1776271332.17,132.17,0.06,167.86,0.05,285.0,0.07,159.42,0.08,309.5,0.93,159.42,0.92,309.5,0.94,167.86,0.95,285.0,0.01,0.01,2338.261008,1776271331000
1776271333.615,133.615,0.06,170.69,0.05,371.0,0.07,159.42,0.08,242.0,0.93,159.42,0.92,309.5,0.94,167.86,0.95,285.0,0.01,0.01,2338.261008,1776271331000
1776271333.987,133.987,0.06,168.69,0.05,371.0,0.07,149.42,0.08,242.0,0.93,149.42,0.92,242.0,0.94,175.69,0.95,371.0,0.01,0.01,2338.41496,1776271332000
1776271334.231,134.231,0.06,368.69,0.05,246.99,0.07,72.42,0.08,127.0,0.93,149.42,0.92,242.0,0.94,168.69,0.95,371.0,0.01,0.01,2338.41496,1776271332000
1776271334.467,134.467,0.06,395.69,0.05,290.99,0.07,56.7,0.08,105.0,0.93,72.42,0.92,105.0,0.94,395.69,0.95,290.99,0.01,0.01,2338.41496,1776271332000
1776271334.864,134.864,0.07,419.51,0.06,234.68,0.08,90.0,0.09,5.0,0.92,100.0,0.91,16.9,0.93,307.51,0.94,172.69,0.01,0.01,2338.485445,1776271333000
1776271335.222,135.222,0.07,419.51,0.06,234.68,0.08,73.0,0.09,5.0,0.92,73.0,0.91,5.0,0.93,419.51,0.94,234.68,0.01,0.01,2338.532,1776271334000
1776271335.599,135.599,0.09,113.35,0.08,209.0,0.1,40.14,0.11,30.5,0.9,4.1,0.89,140.0,0.93,458.51,0.94,268.68,0.01,0.03,2338.532,1776271334000
1776271335.948,135.948,0.09,148.0,0.08,209.0,0.1,34.44,0.11,30.5,0.9,40.14,0.89,30.5,0.91,113.35,0.92,209.0,0.01,0.01,2338.532,1776271334000
1776271336.493,136.493,0.09,213.15,0.08,379.0,0.1,519.44,0.11,195.5,0.9,34.44,0.89,30.5,0.91,140.25,0.92,209.0,0.01,0.01,2338.532,1776271334000
1776271337.138,137.138,0.09,323.15,0.08,264.0,0.1,659.59,0.11,20.0,0.9,634.85,0.89,195.5,0.91,213.15,0.92,379.0,0.01,0.01,2338.829965,1776271335000
1776271337.556,137.556,0.09,419.0,0.08,675.29,0.1,165.59,0.11,10.0,0.9,179.59,0.89,490.0,0.91,322.15,0.92,264.0,0.01,0.01,2338.829965,1776271335000
1776271337.944,137.944,0.09,435.0,0.08,740.99,0.1,71.09,0.11,10.0,0.9,71.09,0.89,10.0,0.91,424.0,0.92,710.99,0.01,0.01,2338.829965,1776271335000
1776271338.207,138.207,0.09,156.0,0.08,328.7,0.1,103.99,0.11,615.0,0.9,71.09,0.89,10.0,0.91,435.0,0.92,740.99,0.01,0.01,2339.467836,1776271336000
1776271338.62,138.62,0.09,399.5,0.08,701.99,0.1,46.64,0.11,10.0,0.9,103.99,0.89,615.0,0.91,156.0,0.92,328.7,0.01,0.01,2339.467836,1776271336000
1776271339.323,139.323,0.09,399.5,0.08,701.99,0.1,46.64,0.11,10.0,0.9,46.64,0.89,10.0,0.91,399.5,0.92,701.99,0.01,0.01,2339.654449,1776271338000
1776271340.062,140.062,0.09,394.5,0.08,711.99,0.1,278.11,0.11,10.0,0.9,46.64,0.89,10.0,0.91,399.5,0.92,701.99,0.01,0.01,2339.654449,1776271338000
1776271340.576,140.576,0.09,268.28,0.08,230.99,0.1,282.11,0.11,495.0,0.9,282.11,0.89,495.0,0.91,268.28,0.92,230.99,0.01,0.01,2339.79268,1776271339000
1776271341.15,141.15,0.09,268.28,0.08,230.99,0.1,282.11,0.11,495.0,0.9,282.11,0.89,495.0,0.91,268.28,0.92,230.99,0.01,0.01,2339.83062,1776271340000
1776271341.607,141.607,0.09,278.29,0.08,208.7,0.1,247.11,0.11,545.0,0.9,282.11,0.89,495.0,0.91,268.28,0.92,230.99,0.01,0.01,2339.83062,1776271340000
1776271342.13,142.13,0.09,274.29,0.08,315.7,0.1,247.11,0.11,495.0,0.9,247.11,0.89,545.0,0.91,278.29,0.92,208.7,0.01,0.01,2339.83062,1776271340000
1776271342.499,142.499,0.09,274.29,0.08,315.7,0.1,247.11,0.11,495.0,0.9,247.11,0.89,495.0,0.91,274.29,0.92,315.7,0.01,0.01,2339.9624,1776271341000
1776271343.088,143.088,0.09,274.29,0.08,315.7,0.1,232.11,0.11,495.0,0.9,232.11,0.89,495.0,0.91,274.29,0.92,315.7,0.01,0.01,2339.86338,1776271342000
1776271343.379,143.379,0.09,255.69,0.08,315.7,0.1,232.11,0.11,180.0,0.9,197.11,0.89,495.0,0.91,387.91,0.92,200.7,0.01,0.01,2339.86338,1776271342000
1776271344.047,144.047,0.09,375.91,0.08,698.99,0.1,197.11,0.11,10.0,0.9,232.11,0.89,180.0,0.91,255.69,0.92,315.7,0.01,0.01,2339.86338,1776271342000
1776271344.294,144.294,0.09,375.91,0.08,698.99,0.1,197.11,0.11,10.0,0.9,197.11,0.89,10.0,0.91,375.91,0.92,698.99,0.01,0.01,2339.826755,1776271343000
1776271344.799,144.799,0.09,982.9,0.08,244.0,0.1,136.11,0.13,673.11,0.9,197.11,0.89,10.0,0.91,375.91,0.92,698.99,0.01,0.01,2339.826755,1776271343000
1776271344.999,144.999,0.09,932.39,0.08,244.0,0.1,136.11,0.12,485.0,0.9,136.11,0.87,673.11,0.91,982.9,0.92,244.0,0.01,0.01,2339.826755,1776271343000
1776271345.234,145.234,0.09,937.68,0.08,244.0,0.12,5.0,0.13,585.61,0.9,136.11,0.88,485.0,0.91,932.39,0.92,244.0,0.03,0.01,2339.826755,1776271343000
1776271345.673,145.673,0.11,127.0,0.1,274.0,0.12,566.5,0.13,171.61,0.88,5.0,0.87,585.61,0.91,937.68,0.92,244.0,0.01,0.03,2339.832863,1776271344000
1776271345.932,145.932,0.11,16.0,0.1,170.0,0.12,562.0,0.13,161.61,0.88,566.5,0.87,171.61,0.89,127.0,0.9,274.0,0.01,0.01,2339.832863,1776271344000
1776271346.37,146.37,0.11,6.0,0.1,120.0,0.12,708.08,0.13,161.61,0.88,567.0,0.87,161.61,0.89,6.0,0.9,120.0,0.01,0.01,2339.885023,1776271345000
1776271347.265,147.265,0.1,120.0,0.09,255.68,0.11,9.0,0.12,708.08,0.89,9.0,0.88,708.08,0.9,120.0,0.91,255.68,0.01,0.01,2340.080707,1776271346000
1776271348.452,148.452,0.1,120.0,0.09,255.68,0.11,9.0,0.12,708.08,0.89,9.0,0.88,708.08,0.9,120.0,0.91,255.68,0.01,0.01,2340.000175,1776271347000
1776271348.999,148.999,0.1,324.26,0.09,600.99,0.11,191.67,0.13,673.11,0.89,9.0,0.88,708.08,0.9,120.0,0.91,255.68,0.01,0.01,2340.000175,1776271347000
1776271349.27,149.27,0.1,317.26,0.09,600.99,0.11,191.67,0.13,773.11,0.89,191.67,0.87,673.11,0.9,324.26,0.91,600.99,0.01,0.01,2340.000175,1776271348000
1776271349.859,149.859,0.1,947.25,0.09,126.99,0.11,33.32,0.13,23.11,0.89,191.67,0.87,773.11,0.9,313.26,0.91,600.99,0.01,0.01,2340.000175,1776271348000
1776271350.22,150.22,0.12,170.91,0.11,73.2,0.13,3.11,0.14,94.4,0.87,3.11,0.86,94.4,0.88,170.91,0.89,73.2,0.01,0.01,2340.10775,1776271349000
1776271351.029,151.029,0.12,253.18,0.11,628.67,0.13,180.55,0.14,94.4,0.87,3.11,0.86,94.4,0.88,262.29,0.89,627.67,0.01,0.01,2340.10775,1776271349000
1776271351.478,151.478,0.12,253.18,0.11,628.67,0.13,180.55,0.14,94.4,0.87,180.55,0.86,94.4,0.88,253.18,0.89,628.67,0.01,0.01,2340.28205,1776271350000
1776271351.969,151.969,0.12,20.0,0.11,208.49,0.13,479.78,0.14,296.9,0.87,479.78,0.86,296.9,0.88,20.0,0.89,208.49,0.01,0.01,2340.44349,1776271351000
1776271352.221,152.221,0.12,9.0,0.11,70.0,0.13,760.78,0.14,303.9,0.87,479.78,0.86,296.9,0.88,20.0,0.89,208.49,0.01,0.01,2340.44349,1776271351000
1776271352.472,152.472,0.12,5.86,0.11,80.5,0.13,760.78,0.14,313.9,0.87,760.78,0.86,303.9,0.88,9.0,0.89,70.0,0.01,0.01,2340.44349,1776271351000
1776271353.181,153.181,0.11,12.75,0.1,130.99,0.12,362.85,0.13,306.5,0.88,9.28,0.87,760.78,0.89,80.5,0.9,236.49,0.01,0.01,2340.44349,1776271351000
1776271353.541,153.541,0.11,7.52,0.1,180.99,0.12,759.51,0.13,306.5,0.88,759.51,0.87,306.5,0.89,7.52,0.9,180.99,0.01,0.01,2340.46195,1776271352000
1776271353.817,153.817,0.11,309.24,0.1,161.0,0.12,176.51,0.13,10.0,0.88,214.51,0.87,10.0,0.89,292.24,0.9,161.0,0.01,0.01,2340.46195,1776271352000
1776271354.077,154.077,0.11,789.24,0.1,131.0,0.12,94.51,0.13,10.0,0.88,94.51,0.87,10.0,0.89,789.24,0.9,131.0,0.01,0.01,2340.384215,1776271353000
1776271354.337,154.337,0.11,784.24,0.1,131.0,0.12,82.51,0.13,10.0,0.88,94.51,0.87,10.0,0.89,789.24,0.9,131.0,0.01,0.01,2340.384215,1776271353000
1776271354.623,154.623,0.11,784.24,0.1,131.0,0.12,72.51,0.13,10.0,0.88,82.51,0.87,10.0,0.89,784.24,0.9,131.0,0.01,0.01,2340.384215,1776271353000
1776271354.914,154.914,0.11,784.24,0.1,131.0,0.12,72.51,0.13,10.0,0.88,72.51,0.87,10.0,0.89,784.24,0.9,131.0,0.01,0.01,2340.253545,1776271354000
1776271355.171,155.171,0.11,840.24,0.1,121.0,0.12,229.23,0.13,10.0,0.88,72.51,0.87,10.0,0.89,784.24,0.9,131.0,0.01,0.01,2340.253545,1776271354000
1776271355.982,155.982,0.12,217.76,0.11,636.25,0.13,10.0,0.14,114.4,0.87,10.0,0.86,114.4,0.88,217.76,0.89,636.25,0.01,0.01,2340.568811,1776271355000
1776271356.194,156.194,0.12,785.76,0.11,141.25,0.13,95.82,0.14,114.4,0.87,10.0,0.86,114.4,0.88,217.76,0.89,636.25,0.01,0.01,2340.568811,1776271355000
1776271357.125,157.125,0.12,272.62,0.11,631.25,0.13,83.02,0.14,114.4,0.87,83.02,0.86,114.4,0.88,272.62,0.89,631.25,0.01,0.01,2340.746158,1776271356000
1776271357.388,157.388,0.12,235.18,0.11,615.54,0.13,216.56,0.14,214.4,0.87,83.02,0.86,114.4,0.88,272.62,0.89,631.25,0.01,0.01,2340.746158,1776271356000
1776271357.618,157.618,0.12,255.18,0.11,615.54,0.13,200.56,0.14,214.4,0.87,216.56,0.86,214.4,0.88,235.18,0.89,615.54,0.01,0.01,2340.746158,1776271356000
1776271357.918,157.918,0.12,235.18,0.11,112.54,0.13,227.86,0.14,269.4,0.87,200.56,0.86,214.4,0.88,255.18,0.89,615.54,0.01,0.01,2340.746158,1776271356000
1776271358.793,158.793,0.12,10.0,0.11,40.07,0.13,342.06,0.14,326.9,0.87,237.86,0.86,749.4,0.88,58.13,0.89,112.54,0.01,0.01,2340.818529,1776271357000
1776271359.137,159.137,0.12,10.0,0.11,40.07,0.13,342.06,0.14,326.9,0.87,342.06,0.86,326.9,0.88,10.0,0.89,40.07,0.01,0.01,2340.80386,1776271358000
1776271359.386,159.386,0.11,19.57,0.1,64.5,0.12,7.0,0.13,366.56,0.87,418.56,0.86,816.9,0.88,5.0,0.89,19.57,0.01,0.01,2340.80386,1776271358000
1776271360.103,160.103,0.11,19.57,0.1,64.5,0.12,179.3,0.13,786.56,0.88,179.3,0.87,786.56,0.89,19.57,0.9,64.5,0.01,0.01,2340.763834,1776271359000
1776271361.032,161.032,0.11,19.57,0.1,64.5,0.12,179.3,0.13,786.56,0.88,179.3,0.87,786.56,0.89,19.57,0.9,64.5,0.01,0.01,2340.591279,1776271360000
1776271362.007,162.007,0.11,19.57,0.1,64.5,0.12,179.3,0.13,786.56,0.88,179.3,0.87,786.56,0.89,19.57,0.9,64.5,0.01,0.01,2340.601296,1776271361000
1776271362.571,162.571,0.1,62.0,0.09,15.0,0.11,140.0,0.12,967.33,0.88,179.3,0.87,786.56,0.89,19.57,0.9,64.5,0.01,0.01,2340.601296,1776271361000
1776271362.927,162.927,0.1,62.0,0.09,15.0,0.11,140.0,0.12,967.33,0.89,140.0,0.88,967.33,0.9,62.0,0.91,15.0,0.01,0.01,2340.605805,1776271362000
1776271363.909,163.909,0.09,15.0,0.08,167.7,0.11,382.31,0.12,795.04,0.89,382.31,0.88,795.04,0.91,15.0,0.92,167.7,0.02,0.02,2340.61238,1776271363000
1776271364.592,164.592,0.08,124.22,0.07,700.51,0.09,149.44,0.1,218.54,0.9,227.54,0.89,741.5,0.92,211.6,0.93,678.51,0.01,0.02,2340.61238,1776271363000
1776271364.92,164.92,0.08,124.22,0.07,700.51,0.09,149.44,0.1,218.54,0.91,149.44,0.9,218.54,0.92,124.22,0.93,700.51,0.01,0.01,2340.379394,1776271364000
1776271365.782,165.782,0.08,109.65,0.07,700.51,0.09,199.71,0.1,116.5,0.91,149.44,0.9,218.54,0.92,124.22,0.93,700.51,0.01,0.01,2340.379394,1776271364000
1776271366.236,166.236,0.08,57.13,0.07,700.51,0.09,234.71,0.1,116.5,0.91,234.71,0.9,116.5,0.92,57.13,0.93,700.51,0.01,0.01,2340.308335,1776271365000
1776271366.472,166.472,0.08,32.15,0.07,228.21,0.09,264.71,0.1,127.5,0.91,254.71,0.9,116.5,0.92,45.29,0.93,708.21,0.01,0.01,2340.308335,1776271365000
1776271367.191,167.191,0.08,5.5,0.07,177.5,0.09,335.21,0.1,626.5,0.91,264.71,0.9,127.5,0.92,29.05,0.93,228.21,0.01,0.01,2340.308335,1776271365000
1776271367.562,167.562,0.07,156.7,0.06,201.93,0.09,280.21,0.1,140.5,0.91,335.21,0.9,626.5,0.92,5.5,0.93,177.5,0.02,0.01,2340.147949,1776271366000
1776271367.944,167.944,0.07,156.7,0.06,201.93,0.09,280.21,0.1,140.5,0.91,280.21,0.9,140.5,0.93,156.7,0.94,201.93,0.02,0.02,2340.147949,1776271367000
1776271368.437,168.437,0.07,137.7,0.06,153.29,0.08,241.66,0.09,768.48,0.91,280.21,0.9,140.5,0.93,156.7,0.94,201.93,0.01,0.02,2340.147949,1776271367000
1776271369.054,169.054,0.07,137.7,0.06,153.29,0.08,241.66,0.09,768.48,0.92,241.66,0.91,768.48,0.93,137.7,0.94,153.29,0.01,0.01,2340.004149,1776271368000
1776271369.299,169.299,0.07,78.0,0.06,158.29,0.08,289.66,0.09,309.48,0.92,241.66,0.91,768.48,0.93,137.7,0.94,153.29,0.01,0.01,2340.004149,1776271368000
1776271369.89,169.89,0.07,34.0,0.06,115.0,0.08,467.15,0.09,301.48,0.92,289.66,0.91,309.48,0.93,78.0,0.94,158.29,0.01,0.01,2340.004149,1776271368000
1776271370.18,170.18,0.06,115.0,0.05,222.94,0.08,392.15,0.09,339.48,0.92,467.15,0.91,301.48,0.93,34.0,0.94,115.0,0.02,0.01,2340.004149,1776271368000
1776271371.3,171.3,0.06,5.0,0.05,217.94,0.07,793.09,0.08,328.49,0.92,392.15,0.91,339.48,0.94,115.0,0.95,222.94,0.01,0.02,2339.947692,1776271369000
1776271372.371,172.371,0.05,162.94,0.04,113.85,0.06,721.52,0.07,306.5,0.93,793.09,0.92,333.49,0.95,222.94,0.96,103.85,0.01,0.02,2339.771623,1776271370000
1776271372.973,172.973,0.05,162.94,0.04,113.85,0.06,721.52,0.07,306.5,0.94,721.52,0.93,306.5,0.95,162.94,0.96,113.85,0.01,0.01,2339.343651,1776271372000
1776271373.568,173.568,0.05,773.99,0.04,292.99,0.06,84.52,0.07,150.0,0.94,721.52,0.93,306.5,0.95,162.94,0.96,113.85,0.01,0.01,2339.343651,1776271372000
1776271374.085,174.085,0.05,773.99,0.04,292.99,0.06,84.52,0.07,150.0,0.94,84.52,0.93,150.0,0.95,773.99,0.96,292.99,0.01,0.01,2339.313344,1776271373000
1776271375.167,175.167,0.05,773.99,0.04,292.99,0.06,84.52,0.07,150.0,0.94,84.52,0.93,150.0,0.95,773.99,0.96,292.99,0.01,0.01,2339.506825,1776271374000
1776271375.573,175.573,0.05,189.14,0.04,128.99,0.06,106.19,0.07,722.5,0.94,84.52,0.93,150.0,0.95,773.99,0.96,292.99,0.01,0.01,2339.506825,1776271374000
1776271376.084,176.084,0.05,174.14,0.04,106.99,0.06,101.19,0.07,744.5,0.94,106.19,0.93,722.5,0.95,189.14,0.96,128.99,0.01,0.01,2339.506825,1776271374000
1776271376.375,176.375,0.05,174.14,0.04,106.99,0.06,56.19,0.07,744.5,0.94,56.19,0.93,744.5,0.95,174.14,0.96,106.99,0.01,0.01,2339.776088,1776271375000
1776271376.785,176.785,0.05,179.14,0.04,84.62,0.06,58.69,0.07,764.5,0.94,56.19,0.93,744.5,0.95,174.14,0.96,106.99,0.01,0.01,2339.776088,1776271375000
1776271377.439,177.439,0.05,179.14,0.04,84.62,0.06,58.69,0.07,764.5,0.94,58.69,0.93,764.5,0.95,179.14,0.96,84.62,0.01,0.01,2339.59446,1776271376000
1776271377.991,177.991,0.05,179.14,0.04,84.62,0.06,58.69,0.07,764.5,0.94,58.69,0.93,764.5,0.95,179.14,0.96,84.62,0.01,0.01,2339.59138,1776271377000
1776271379.148,179.148,0.05,179.14,0.04,84.62,0.06,58.69,0.07,764.5,0.94,58.69,0.93,764.5,0.95,179.14,0.96,84.62,0.01,0.01,2339.553787,1776271378000
1776271379.477,179.477,0.05,147.94,0.04,73.62,0.06,575.0,0.07,194.5,0.94,58.69,0.93,764.5,0.95,179.14,0.96,84.62,0.01,0.01,2339.553787,1776271378000
1776271379.709,179.709,0.05,143.85,0.04,73.62,0.06,570.0,0.07,194.5,0.94,575.0,0.93,194.5,0.95,147.94,0.96,73.62,0.01,0.01,2339.553787,1776271378000
1776271380.159,180.159,0.05,138.85,0.04,73.62,0.06,570.0,0.07,194.5,0.94,570.0,0.93,194.5,0.95,143.85,0.96,73.62,0.01,0.01,2339.553787,1776271378000
1776271380.383,180.383,0.05,143.58,0.04,120.0,0.06,172.99,0.07,108.0,0.94,570.0,0.93,194.5,0.95,138.85,0.96,73.62,0.01,0.01,2339.553787,1776271378000
1776271380.657,180.657,0.05,180.24,0.04,127.0,0.06,130.99,0.07,113.0,0.94,130.99,0.93,113.0,0.95,180.24,0.96,127.0,0.01,0.01,2339.559196,1776271379000
1776271380.907,180.907,0.05,149.24,0.04,613.0,0.06,111.0,0.07,612.99,0.94,121.0,0.93,637.99,0.95,134.04,0.96,27.0,0.01,0.01,2339.559196,1776271379000
1776271381.211,181.211,0.05,156.24,0.04,722.99,0.06,15.31,0.07,116.99,0.94,111.0,0.93,612.99,0.95,149.24,0.96,613.0,0.01,0.01,2339.559196,1776271379000
1776271382.383,182.383,0.05,90.04,0.04,127.0,0.06,149.62,0.07,600.99,0.94,15.31,0.93,116.99,0.95,156.24,0.96,722.99,0.01,0.01,2339.529817,1776271380000
1776271383.199,183.199,0.05,90.04,0.04,127.0,0.06,149.62,0.07,600.99,0.94,149.62,0.93,600.99,0.95,90.04,0.96,127.0,0.01,0.01,2339.736937,1776271382000
1776271383.454,183.454,0.03,379.17,0.02,1267.7,0.06,179.62,0.07,636.49,0.94,149.62,0.93,600.99,0.95,90.04,0.96,127.0,0.03,0.01,2339.736937,1776271382000
1776271383.792,183.792,0.05,2.97,0.04,25.25,0.06,654.62,0.07,144.5,0.94,179.62,0.93,636.49,0.97,379.17,0.98,1267.7,0.01,0.03,2339.736937,1776271382000
1776271384.427,184.427,0.04,25.25,0.03,329.17,0.06,654.62,0.07,144.5,0.94,654.62,0.93,144.5,0.96,25.25,0.97,329.17,0.02,0.02,2339.79217,1776271383000
1776271385.054,185.054,0.04,25.25,0.03,329.17,0.06,654.62,0.07,144.5,0.94,654.62,0.93,144.5,0.96,25.25,0.97,329.17,0.02,0.02,2339.755705,1776271384000
1776271386.082,186.082,0.03,654.33,0.02,1057.7,0.06,683.61,0.07,151.5,0.94,654.62,0.93,144.5,0.96,25.25,0.97,329.17,0.03,0.02,2339.755705,1776271384000
1776271387.378,187.378,0.03,654.33,0.02,1057.7,0.06,683.61,0.07,151.5,0.94,683.61,0.93,151.5,0.97,654.33,0.98,1057.7,0.03,0.03,2339.634559,1776271386000
1776271388.03,188.03,0.03,654.33,0.02,1057.7,0.06,683.61,0.07,151.5,0.94,683.61,0.93,151.5,0.97,654.33,0.98,1057.7,0.03,0.03,2339.658423,1776271387000
1776271389.279,189.279,0.03,654.33,0.02,1057.7,0.06,683.61,0.07,151.5,0.94,683.61,0.93,151.5,0.97,654.33,0.98,1057.7,0.03,0.03,2339.679583,1776271388000
1776271390.015,190.015,0.03,41.5,0.02,453.0,0.04,613.0,0.05,194.49,0.96,639.0,0.95,189.49,0.97,46.66,0.98,448.0,0.01,0.01,2339.679583,1776271388000
1776271390.454,190.454,0.03,41.5,0.02,453.0,0.04,613.0,0.05,194.49,0.96,613.0,0.95,194.49,0.97,41.5,0.98,453.0,0.01,0.01,2339.452481,1776271389000
1776271390.803,190.803,0.02,496.66,0.01,8358.09,0.03,85.0,0.04,118.0,0.96,613.0,0.95,194.49,0.97,41.5,0.98,453.0,0.01,0.01,2339.452481,1776271389000
1776271391.033,191.033,0.02,501.66,0.01,8358.09,0.03,178.0,0.04,118.0,0.97,178.0,0.96,118.0,0.98,501.66,0.99,8358.09,0.01,0.01,2339.258225,1776271390000
1776271392.134,192.134,0.02,862.09,0.01,8668.09,0.03,183.31,0.04,115.0,0.97,178.0,0.96,118.0,0.98,481.66,0.99,8358.09,0.01,0.01,2339.258225,1776271390000
1776271393.548,193.548,0.02,862.09,0.01,8668.09,0.03,183.31,0.04,115.0,0.97,183.31,0.96,115.0,0.98,862.09,0.99,8668.09,0.01,0.01,2339.350709,1776271392000
1776271394.254,194.254,0.02,862.09,0.01,8668.09,0.03,183.31,0.04,115.0,0.97,183.31,0.96,115.0,0.98,862.09,0.99,8668.09,0.01,0.01,2339.478513,1776271393000
1776271394.56,194.56,0.02,529.6,0.01,8862.09,0.03,79.41,0.04,135.99,0.97,183.31,0.96,115.0,0.98,862.09,0.99,8668.09,0.01,0.01,2339.478513,1776271393000
1776271395.429,195.429,0.02,558.6,0.01,9072.09,0.03,317.61,0.04,135.99,0.97,79.41,0.96,135.99,0.98,529.6,0.99,8862.09,0.01,0.01,2339.478513,1776271393000
1776271395.81,195.81,0.02,558.6,0.01,9072.09,0.03,317.61,0.04,135.99,0.97,317.61,0.96,135.99,0.98,558.6,0.99,9072.09,0.01,0.01,2339.478516,1776271394000
1776271396.279,196.279,0.02,1162.3,0.01,8053.09,0.03,250.31,0.06,46.61,0.97,317.61,0.96,135.99,0.98,558.6,0.99,9072.09,0.01,0.01,2339.478516,1776271394000
1776271396.602,196.602,0.02,1473.35,0.01,7597.1,0.03,54.31,0.06,98.62,0.97,154.31,0.94,89.61,0.98,1262.3,0.99,7542.1,0.01,0.01,2339.478516,1776271394000
1776271396.858,196.858,0.02,1463.35,0.01,7592.1,0.03,20.97,0.06,20.62,0.97,54.31,0.94,98.62,0.98,1473.35,0.99,7597.1,0.01,0.01,2339.478516,1776271394000
1776271397.396,197.396,0.02,1463.35,0.01,7592.1,0.03,20.97,0.06,20.62,0.97,20.97,0.94,20.62,0.98,1463.35,0.99,7592.1,0.01,0.01,2339.472556,1776271396000
1776271397.761,197.761,0.02,2097.05,0.01,7592.1,0.03,15.27,0.06,20.62,0.97,20.97,0.94,20.62,0.98,1647.05,0.99,7592.1,0.01,0.01,2339.472556,1776271396000
1776271397.997,197.997,0.03,384.73,0.02,1890.05,0.06,20.62,0.07,15.0,0.94,20.62,0.93,15.0,0.97,384.73,0.98,1890.05,0.03,0.03,2340.170105,1776271397000
1776271399.038,199.038,0.03,384.73,0.02,1890.05,0.06,20.62,0.07,15.0,0.94,20.62,0.93,15.0,0.97,384.73,0.98,1890.05,0.03,0.03,2340.49341,1776271398000
1776271399.386,199.386,0.05,392.15,0.04,275.24,0.06,9.72,0.07,15.0,0.94,15.62,0.93,15.0,0.95,397.15,0.96,275.24,0.01,0.01,2340.49341,1776271398000
1776271400.144,200.144,0.05,392.15,0.04,275.24,0.06,9.72,0.07,15.0,0.94,9.72,0.93,15.0,0.95,392.15,0.96,275.24,0.01,0.01,2340.54005,1776271399000
1776271401.123,201.123,0.05,125.2,0.04,270.56,0.06,8.05,0.07,173.49,0.94,9.72,0.93,15.0,0.95,392.15,0.96,275.24,0.01,0.01,2340.54005,1776271399000
1776271402.036,202.036,0.05,125.2,0.04,264.56,0.06,52.25,0.07,129.49,0.94,8.05,0.93,173.49,0.95,125.2,0.96,270.56,0.01,0.01,2340.544701,1776271400000
1776271402.301,202.301,0.05,125.2,0.04,264.56,0.06,52.25,0.07,129.49,0.94,52.25,0.93,129.49,0.95,125.2,0.96,264.56,0.01,0.01,2340.262208,1776271401000
1776271402.901,202.901,0.05,130.2,0.04,270.81,0.08,54.92,0.09,155.7,0.94,52.25,0.93,129.49,0.95,125.2,0.96,264.56,0.03,0.01,2340.262208,1776271401000
1776271403.117,203.117,0.05,164.2,0.04,111.25,0.08,94.22,0.09,160.7,0.92,89.22,0.91,160.7,0.93,5.0,0.94,5.0,0.03,0.01,2340.262208,1776271401000
1776271403.612,203.612,0.05,163.93,0.04,111.25,0.08,89.22,0.09,149.7,0.92,94.22,0.91,160.7,0.95,164.2,0.96,111.25,0.03,0.03,2340.2064,1776271402000
1776271404.407,204.407,0.05,163.93,0.04,111.25,0.08,89.22,0.09,149.7,0.92,89.22,0.91,149.7,0.95,163.93,0.96,111.25,0.03,0.03,2340.2231,1776271403000
1776271404.936,204.936,0.05,163.93,0.04,111.25,0.08,89.22,0.09,149.7,0.92,89.22,0.91,149.7,0.95,163.93,0.96,111.25,0.03,0.03,2340.2256,1776271404000
1776271405.529,205.529,0.05,200.87,0.04,161.25,0.06,15.0,0.07,26.99,0.94,10.0,0.93,5.0,0.95,151.93,0.96,111.25,0.01,0.01,2340.2256,1776271404000
1776271405.997,205.997,0.05,200.87,0.04,161.25,0.06,15.0,0.07,26.99,0.94,15.0,0.93,26.99,0.95,200.87,0.96,161.25,0.01,0.01,2340.2379,1776271405000
1776271406.494,206.494,0.05,200.17,0.04,320.4,0.06,32.0,0.07,58.99,0.94,15.0,0.93,26.99,0.95,200.87,0.96,161.25,0.01,0.01,2340.2379,1776271405000
1776271407.035,207.035,0.05,200.17,0.04,320.4,0.06,32.0,0.07,58.99,0.94,32.0,0.93,58.99,0.95,200.17,0.96,320.4,0.01,0.01,2340.2429,1776271406000
1776271407.371,207.371,0.05,195.17,0.04,314.15,0.07,37.32,0.08,47.06,0.94,32.0,0.93,58.99,0.95,200.17,0.96,320.4,0.02,0.01,2340.2429,1776271406000
1776271407.837,207.837,0.06,50.0,0.05,195.17,0.07,24.33,0.08,95.06,0.93,37.32,0.92,47.06,0.95,195.17,0.96,314.15,0.01,0.02,2340.2429,1776271406000
1776271408.168,208.168,0.06,44.62,0.05,80.2,0.07,69.0,0.08,74.06,0.93,24.33,0.92,95.06,0.94,50.0,0.95,195.17,0.01,0.01,2340.2429,1776271406000
1776271408.853,208.853,0.06,44.62,0.05,180.2,0.07,36.54,0.08,58.56,0.93,69.0,0.92,74.06,0.94,44.62,0.95,80.2,0.01,0.01,2340.247075,1776271407000
1776271409.247,209.247,0.06,44.62,0.05,180.2,0.07,36.54,0.08,58.56,0.93,36.54,0.92,58.56,0.94,44.62,0.95,180.2,0.01,0.01,2340.266908,1776271408000
1776271409.488,209.488,0.07,53.92,0.06,167.95,0.08,59.56,0.09,61.0,0.93,36.54,0.92,58.56,0.94,44.62,0.95,180.2,0.01,0.01,2340.266908,1776271408000
1776271410.643,210.643,0.07,50.0,0.06,167.95,0.08,59.6,0.09,66.0,0.92,59.56,0.91,61.0,0.93,53.92,0.94,167.95,0.01,0.01,2340.266908,1776271408000
1776271411.035,211.035,0.07,55.0,0.06,263.95,0.09,36.53,0.1,47.04,0.92,59.6,0.91,66.0,0.93,50.0,0.94,167.95,0.02,0.01,2340.2636,1776271409000
1776271411.336,211.336,0.07,55.0,0.06,263.95,0.09,36.53,0.1,47.04,0.91,36.53,0.9,47.04,0.93,55.0,0.94,263.95,0.02,0.02,2340.4492,1776271410000
1776271412.031,212.031,0.07,0.8,0.06,263.95,0.08,10.0,0.09,52.53,0.91,36.53,0.9,47.04,0.93,55.0,0.94,263.95,0.01,0.02,2340.4492,1776271410000
1776271412.328,212.328,0.07,0.8,0.06,263.95,0.08,10.0,0.09,52.53,0.92,10.0,0.91,52.53,0.93,0.8,0.94,263.95,0.01,0.01,2340.49782,1776271411000
1776271412.597,212.597,0.08,7.0,0.07,128.8,0.09,24.53,0.1,68.04,0.92,10.0,0.91,52.53,0.93,0.8,0.94,263.95,0.01,0.01,2340.49782,1776271411000
1776271413.304,213.304,0.08,7.0,0.07,128.8,0.09,24.53,0.1,68.04,0.91,24.53,0.9,68.04,0.92,7.0,0.93,128.8,0.01,0.01,2340.562085,1776271412000
1776271414.29,214.29,0.08,7.0,0.07,128.8,0.09,24.53,0.1,68.04,0.91,24.53,0.9,68.04,0.92,7.0,0.93,128.8,0.01,0.01,2340.618254,1776271413000
1776271414.752,214.752,0.06,63.33,0.05,10.0,0.07,179.0,0.08,141.5,0.91,24.53,0.9,68.04,0.92,7.0,0.93,128.8,0.01,0.01,2340.618254,1776271413000
1776271415.002,215.002,0.06,54.27,0.05,10.0,0.07,129.0,0.08,131.5,0.93,134.0,0.92,131.5,0.94,59.27,0.95,10.0,0.01,0.01,2340.618254,1776271413000
1776271415.363,215.363,0.06,54.27,0.05,10.0,0.07,129.0,0.08,131.5,0.93,129.0,0.92,131.5,0.94,54.27,0.95,10.0,0.01,0.01,2340.761523,1776271414000
1776271415.63,215.63,0.06,49.05,0.05,110.0,0.07,37.0,0.08,123.0,0.93,154.0,0.92,136.5,0.94,49.27,0.95,10.0,0.01,0.01,2340.761523,1776271414000
1776271416.324,216.324,0.06,49.05,0.05,110.0,0.07,37.0,0.08,123.0,0.93,37.0,0.92,123.0,0.94,49.05,0.95,110.0,0.01,0.01,2340.676478,1776271415000
1776271416.862,216.862,0.06,60.88,0.05,110.0,0.07,93.0,0.08,109.0,0.93,37.0,0.92,123.0,0.94,49.05,0.95,110.0,0.01,0.01,2340.676478,1776271415000
1776271417.114,217.114,0.06,44.05,0.05,110.0,0.07,103.0,0.08,130.0,0.93,93.0,0.92,109.0,0.94,60.88,0.95,110.0,0.01,0.01,2340.676478,1776271415000
1776271417.334,217.334,0.06,44.05,0.05,110.0,0.07,103.0,0.08,130.0,0.93,103.0,0.92,130.0,0.94,44.05,0.95,110.0,0.01,0.01,2340.301865,1776271416000
1776271417.999,217.999,0.06,535.88,0.05,110.0,0.07,90.0,0.08,109.0,0.93,103.0,0.92,130.0,0.94,44.05,0.95,110.0,0.01,0.01,2340.301865,1776271416000
1776271418.326,218.326,0.06,535.88,0.05,110.0,0.07,90.0,0.08,109.0,0.93,90.0,0.92,109.0,0.94,535.88,0.95,110.0,0.01,0.01,2340.3551,1776271417000
1776271418.957,218.957,0.06,535.88,0.05,110.0,0.08,92.37,0.09,125.23,0.93,90.0,0.92,109.0,0.94,535.88,0.95,110.0,0.02,0.01,2340.3551,1776271417000
1776271419.484,219.484,0.06,535.88,0.05,110.0,0.08,92.37,0.09,125.23,0.92,92.37,0.91,125.23,0.94,535.88,0.95,110.0,0.02,0.02,2340.4027,1776271418000
1776271419.887,219.887,0.06,535.88,0.05,110.0,0.08,92.37,0.09,125.23,0.92,92.37,0.91,125.23,0.94,535.88,0.95,110.0,0.02,0.02,2340.377681,1776271419000
1776271420.158,220.158,0.04,43.02,0.03,280.74,0.07,91.0,0.08,134.87,0.92,92.37,0.91,125.23,0.94,535.88,0.95,110.0,0.03,0.02,2340.377681,1776271419000
1776271420.68,220.68,0.04,449.3,0.03,280.74,0.05,15.0,0.06,65.0,0.95,10.0,0.94,10.0,0.96,41.97,0.97,280.74,0.01,0.01,2340.377681,1776271419000
1776271420.907,220.907,0.04,449.3,0.03,280.74,0.05,15.0,0.06,65.0,0.95,15.0,0.94,65.0,0.96,449.3,0.97,280.74,0.01,0.01,2340.454768,1776271420000
1776271421.583,221.583,0.04,129.65,0.03,148.0,0.05,20.0,0.06,141.0,0.95,15.0,0.94,65.0,0.96,449.3,0.97,280.74,0.01,0.01,2340.454768,1776271420000
1776271421.898,221.898,0.04,83.65,0.03,148.0,0.05,20.0,0.06,141.0,0.95,20.0,0.94,141.0,0.96,83.65,0.97,148.0,0.01,0.01,2340.400326,1776271421000
1776271422.546,222.546,0.04,591.0,0.03,48.0,0.05,120.0,0.06,288.0,0.95,20.0,0.94,141.0,0.96,83.65,0.97,148.0,0.01,0.01,2340.400326,1776271421000
1776271422.821,222.821,0.04,580.82,0.03,48.0,0.05,120.0,0.06,288.0,0.95,120.0,0.94,288.0,0.96,580.82,0.97,48.0,0.01,0.01,2340.291232,1776271422000
1776271423.685,223.685,0.04,532.01,0.03,48.0,0.05,149.0,0.06,231.0,0.95,120.0,0.94,288.0,0.96,580.82,0.97,48.0,0.01,0.01,2340.291232,1776271422000
1776271424.408,224.408,0.04,26.76,0.03,528.0,0.05,198.62,0.06,231.0,0.95,198.62,0.94,231.0,0.96,26.76,0.97,528.0,0.01,0.01,2340.290316,1776271423000
1776271424.888,224.888,0.04,26.76,0.03,528.0,0.05,198.62,0.06,231.0,0.95,198.62,0.94,231.0,0.96,26.76,0.97,528.0,0.01,0.01,2340.2955,1776271424000
1776271426.006,226.006,0.04,26.76,0.03,528.0,0.05,198.62,0.06,231.0,0.95,198.62,0.94,231.0,0.96,26.76,0.97,528.0,0.01,0.01,2340.333169,1776271425000
1776271426.236,226.236,0.04,200.39,0.03,48.0,0.05,109.6,0.06,210.0,0.95,109.61,0.94,215.0,0.96,200.39,0.97,48.0,0.01,0.01,2340.333169,1776271425000
1776271427.071,227.071,0.04,691.99,0.03,48.0,0.05,109.58,0.06,231.0,0.95,109.6,0.94,210.0,0.96,200.39,0.97,48.0,0.01,0.01,2340.333169,1776271425000
1776271427.336,227.336,0.04,520.04,0.03,48.0,0.05,104.45,0.06,231.0,0.95,104.45,0.94,231.0,0.96,696.99,0.97,48.0,0.01,0.01,2340.494456,1776271426000
1776271427.636,227.636,0.04,520.04,0.03,48.0,0.05,104.32,0.06,231.0,0.95,104.39,0.94,231.0,0.96,520.04,0.97,48.0,0.01,0.01,2340.494456,1776271426000
1776271428.219,228.219,0.04,520.04,0.03,48.0,0.05,104.32,0.06,231.0,0.95,104.32,0.94,231.0,0.96,520.04,0.97,48.0,0.01,0.01,2340.419748,1776271427000
1776271428.586,228.586,0.04,520.04,0.03,53.0,0.05,103.89,0.06,210.0,0.95,104.32,0.94,231.0,0.96,520.04,0.97,48.0,0.01,0.01,2340.419748,1776271427000
1776271429.317,229.317,0.04,520.04,0.03,53.0,0.05,103.89,0.06,210.0,0.95,103.89,0.94,210.0,0.96,520.04,0.97,53.0,0.01,0.01,2340.459442,1776271428000
1776271429.947,229.947,0.04,520.04,0.03,53.0,0.05,103.89,0.06,210.0,0.95,103.89,0.94,210.0,0.96,520.04,0.97,53.0,0.01,0.01,2340.498175,1776271429000
1776271430.94,230.94,0.04,520.04,0.03,53.0,0.05,103.89,0.06,210.0,0.95,103.89,0.94,210.0,0.96,520.04,0.97,53.0,0.01,0.01,2340.572651,1776271430000
1776271431.52,231.52,0.04,534.45,0.03,236.99,0.05,98.76,0.06,160.0,0.95,103.89,0.94,210.0,0.96,520.04,0.97,53.0,0.01,0.01,2340.572651,1776271430000
1776271431.977,231.977,0.04,539.45,0.03,236.99,0.05,100.94,0.06,110.0,0.95,100.94,0.94,110.0,0.96,539.45,0.97,236.99,0.01,0.01,2340.625309,1776271431000
1776271433.028,233.028,0.04,539.45,0.03,236.99,0.05,100.94,0.06,110.0,0.95,100.94,0.94,110.0,0.96,539.45,0.97,236.99,0.01,0.01,2340.65377,1776271432000
1776271433.372,233.372,0.04,534.45,0.03,302.99,0.06,110.0,0.07,170.0,0.95,100.94,0.94,110.0,0.96,539.45,0.97,236.99,0.02,0.01,2340.65377,1776271432000
1776271434.061,234.061,0.04,534.45,0.03,302.99,0.06,110.0,0.07,170.0,0.94,110.0,0.93,170.0,0.96,534.45,0.97,302.99,0.02,0.02,2340.6826,1776271433000
1776271434.508,234.508,0.04,110.45,0.03,370.99,0.06,115.0,0.07,130.0,0.94,115.0,0.93,125.0,0.96,109.45,0.97,370.99,0.02,0.02,2340.6826,1776271433000
1776271434.925,234.925,0.04,95.29,0.03,336.99,0.06,115.0,0.07,151.0,0.94,115.0,0.93,130.0,0.96,100.29,0.97,336.99,0.02,0.02,2340.6826,1776271433000
1776271435.393,235.393,0.05,374.73,0.04,95.29,0.06,110.0,0.07,151.0,0.94,115.0,0.93,151.0,0.96,95.29,0.97,336.99,0.01,0.02,2340.774685,1776271434000
1776271436.075,236.075,0.05,374.73,0.04,95.29,0.06,110.0,0.07,151.0,0.94,110.0,0.93,151.0,0.95,374.73,0.96,95.29,0.01,0.01,2340.895755,1776271435000
1776271436.702,236.702,0.05,393.52,0.04,372.79,0.06,110.0,0.07,141.0,0.94,110.0,0.93,151.0,0.95,374.73,0.96,95.29,0.01,0.01,2340.895755,1776271435000
1776271437.069,237.069,0.05,393.52,0.04,372.79,0.06,107.18,0.07,141.0,0.94,110.0,0.93,141.0,0.95,393.52,0.96,372.79,0.01,0.01,2340.895755,1776271435000
1776271437.649,237.649,0.05,393.52,0.04,372.79,0.06,107.18,0.07,141.0,0.94,107.18,0.93,141.0,0.95,393.52,0.96,372.79,0.01,0.01,2340.91246,1776271436000
1776271438.164,238.164,0.05,393.52,0.04,372.79,0.06,107.18,0.07,141.0,0.94,107.18,0.93,141.0,0.95,393.52,0.96,372.79,0.01,0.01,2340.939125,1776271437000
1776271438.832,238.832,0.04,16.98,0.03,48.0,0.06,328.18,0.07,217.5,0.94,107.18,0.93,141.0,0.95,393.52,0.96,372.79,0.02,0.01,2340.939125,1776271437000
1776271439.169,239.169,0.04,16.98,0.03,48.0,0.06,328.18,0.07,217.5,0.94,328.18,0.93,217.5,0.96,16.98,0.97,48.0,0.02,0.02,2341.00371,1776271438000
1776271440.176,240.176,0.04,16.98,0.03,48.0,0.06,328.18,0.07,217.5,0.94,328.18,0.93,217.5,0.96,16.98,0.97,48.0,0.02,0.02,2340.97755,1776271439000
1776271440.671,240.671,0.04,171.89,0.03,5.0,0.05,143.6,0.06,201.18,0.95,130.6,0.94,201.18,0.96,183.08,0.97,5.0,0.01,0.01,2340.97755,1776271439000
1776271440.954,240.954,0.04,154.89,0.03,5.0,0.05,143.6,0.06,206.18,0.95,143.6,0.94,206.18,0.96,159.89,0.97,5.0,0.01,0.01,2340.97755,1776271439000
1776271442.401,242.401,0.04,15.47,0.03,5.0,0.05,26.6,0.06,40.18,0.95,143.6,0.94,206.18,0.96,154.89,0.97,5.0,0.01,0.01,2340.787837,1776271440000
1776271442.629,242.629,0.04,35.62,0.03,60.0,0.05,16.55,0.06,7.18,0.95,16.6,0.94,7.18,0.96,35.62,0.97,186.74,0.01,0.01,2340.583811,1776271441000
1776271442.982,242.982,0.04,34.57,0.03,71.25,0.05,16.55,0.06,7.18,0.95,16.55,0.94,7.18,0.96,35.62,0.97,60.0,0.01,0.01,2340.583811,1776271441000
1776271443.218,243.218,0.04,29.52,0.03,71.25,0.05,21.55,0.06,7.18,0.95,16.55,0.94,7.18,0.96,35.57,0.97,71.25,0.01,0.01,2340.583811,1776271441000
1776271443.475,243.475,0.04,33.47,0.03,60.0,0.05,21.55,0.06,12.18,0.95,21.55,0.94,12.18,0.96,33.47,0.97,60.0,0.01,0.01,2340.648086,1776271442000
1776271443.865,243.865,0.04,22.47,0.03,196.99,0.05,21.55,0.06,12.18,0.95,21.55,0.94,12.18,0.96,22.47,0.97,196.99,0.01,0.01,2340.675479,1776271443000
1776271444.293,244.293,0.03,37.62,0.02,876.55,0.04,95.0,0.05,21.55,0.95,21.55,0.94,12.18,0.96,22.47,0.97,196.99,0.01,0.01,2340.675479,1776271443000
1776271444.599,244.599,0.02,419.83,0.01,7268.96,0.03,15.0,0.04,94.97,0.96,99.97,0.95,26.55,0.97,1.88,0.98,853.8,0.01,0.01,2340.675479,1776271443000
1776271444.879,244.879,0.02,416.74,0.01,7531.21,0.03,119.61,0.04,144.97,0.97,119.61,0.96,144.97,0.98,416.74,0.99,7531.21,0.01,0.01,2340.968775,1776271444000
1776271445.136,245.136,0.02,462.18,0.01,7395.7,0.03,108.15,0.04,134.97,0.97,110.61,0.96,134.97,0.98,462.18,0.99,7395.7,0.01,0.01,2340.968775,1776271444000
1776271445.392,245.392,0.02,365.13,0.01,7577.95,0.03,58.15,0.04,134.97,0.97,108.15,0.96,134.97,0.98,462.18,0.99,7395.7,0.01,0.01,2340.968775,1776271444000
1776271445.63,245.63,0.02,295.43,0.01,7577.95,0.03,113.15,0.04,145.97,0.97,58.15,0.96,134.97,0.98,291.46,0.99,7577.95,0.01,0.01,2340.968775,1776271444000
1776271446.245,246.245,0.02,234.84,0.01,7032.1,0.03,138.15,0.04,213.97,0.97,113.15,0.96,145.97,0.98,295.43,0.99,7577.95,0.01,0.01,2340.968775,1776271444000
1776271447.334,247.334,0.02,234.84,0.01,7032.1,0.03,138.15,0.04,213.97,0.97,138.15,0.96,213.97,0.98,234.84,0.99,7032.1,0.01,0.01,2340.515694,1776271446000
1776271447.614,247.614,0.02,222.26,0.01,6947.36,0.03,137.15,0.04,203.97,0.97,138.15,0.96,213.97,0.98,234.84,0.99,7032.1,0.01,0.01,2340.515694,1776271446000
1776271447.919,247.919,0.02,227.26,0.01,6948.36,0.03,127.15,0.04,203.97,0.97,137.15,0.96,203.97,0.98,222.26,0.99,6947.36,0.01,0.01,2340.515694,1776271446000
1776271448.205,248.205,0.02,216.13,0.01,6934.36,0.03,122.15,0.04,203.97,0.97,127.15,0.96,203.97,0.98,217.16,0.99,6948.36,0.01,0.01,2340.515694,1776271446000
1776271448.433,248.433,0.02,166.13,0.01,6923.36,0.03,123.66,0.04,179.97,0.97,122.15,0.96,203.97,0.98,216.13,0.99,6934.36,0.01,0.01,2340.365941,1776271447000
1776271448.961,248.961,0.01,7105.36,,,0.03,158.66,0.04,268.67,0.97,123.66,0.96,179.97,0.98,166.13,0.99,6923.36,0.02,0.01,2340.365941,1776271447000
1776271449.25,249.25,0.01,7792.15,,,0.02,51.5,0.03,118.66,0.97,123.66,0.96,273.67,0.98,50.5,0.99,7792.15,0.01,0.01,2340.365941,1776271447000
1776271449.57,249.57,0.01,7888.15,,,0.02,81.5,0.03,108.66,0.98,51.5,0.97,118.66,0.99,7792.15,,,0.01,0.01,2340.281454,1776271448000
1776271449.869,249.869,0.01,7877.08,,,0.02,81.5,0.03,108.66,0.98,81.5,0.97,108.66,0.99,7888.15,,,0.01,0.01,2340.281454,1776271448000
1776271450.55,250.55,0.01,7185.29,,,0.02,71.5,0.03,222.36,0.98,81.5,0.97,108.66,0.99,7877.08,,,0.01,0.01,2340.281454,1776271448000
1776271450.815,250.815,0.01,6933.77,,,0.02,77.62,0.03,222.36,0.98,71.5,0.97,222.36,0.99,6989.27,,,0.01,0.01,2340.281454,1776271448000
1776271451.24,251.24,0.01,6832.77,,,0.02,60.51,0.03,232.36,0.98,87.62,0.97,222.36,0.99,6832.77,,,0.01,0.01,2340.191746,1776271449000
1776271451.494,251.494,0.01,6835.75,,,0.02,60.51,0.03,232.36,0.98,60.51,0.97,232.36,0.99,6835.75,,,0.01,0.01,2340.140355,1776271450000
1776271451.809,251.809,0.01,6810.54,,,0.02,59.16,0.03,253.36,0.98,59.16,0.97,253.36,0.99,6830.75,,,0.01,0.01,2340.140355,1776271450000
1776271452.131,252.131,0.01,6804.42,,,0.02,59.16,0.03,253.36,0.98,59.16,0.97,253.36,0.99,6804.42,,,0.01,0.01,2340.153231,1776271451000
1776271452.624,252.624,0.01,6779.16,,,0.02,75.16,0.03,253.36,0.98,59.16,0.97,253.36,0.99,6794.37,,,0.01,0.01,2340.153231,1776271451000
1776271453.258,253.258,0.01,6779.16,,,0.02,75.16,0.03,253.36,0.98,75.16,0.97,253.36,0.99,6779.16,,,0.01,0.01,2340.156867,1776271452000
1776271453.543,253.543,0.01,6614.16,,,0.02,69.26,0.03,254.36,0.98,75.16,0.97,254.36,0.99,6609.16,,,0.01,0.01,2340.156867,1776271452000
1776271454.028,254.028,0.01,6559.16,,,0.02,74.14,0.03,254.36,0.98,69.26,0.97,254.36,0.99,6614.16,,,0.01,0.01,2340.156867,1776271452000
1776271454.429,254.429,0.01,6564.16,,,0.02,41.2,0.03,254.36,0.98,74.14,0.97,254.36,0.99,6559.16,,,0.01,0.01,2340.156867,1776271452000
1776271454.753,254.753,0.01,6548.13,,,0.02,41.2,0.03,254.36,0.98,41.2,0.97,254.36,0.99,6555.16,,,0.01,0.01,2340.170344,1776271453000
1776271455.02,255.02,0.01,6548.13,,,0.02,41.2,0.03,254.36,0.98,41.2,0.97,254.36,0.99,6548.13,,,0.01,0.01,2340.170344,1776271454000
1776271455.771,255.771,0.01,1440.08,,,0.02,316.9,0.03,205.36,0.98,52.2,0.97,254.36,0.99,6548.08,,,0.01,0.01,2340.170344,1776271454000
1776271455.994,255.994,0.01,1440.08,,,0.02,344.2,0.03,205.36,0.98,316.9,0.97,205.36,0.99,1440.08,,,0.01,0.01,2340.170344,1776271454000
1776271456.198,256.198,0.01,1395.08,,,0.02,339.2,0.03,205.36,0.98,344.2,0.97,205.36,0.99,1535.08,,,0.01,0.01,2340.161572,1776271455000
1776271456.467,256.467,0.01,1392.06,,,0.02,340.7,0.03,205.36,0.98,339.2,0.97,205.36,0.99,1393.08,,,0.01,0.01,2340.161572,1776271455000
1776271456.692,256.692,0.01,1387.52,,,0.02,340.7,0.03,205.36,0.98,340.7,0.97,205.36,0.99,1390.06,,,0.01,0.01,2340.161572,1776271455000
1776271457.166,257.166,0.01,1368.71,,,0.02,339.8,0.03,205.36,0.98,339.8,0.97,205.36,0.99,1387.52,,,0.01,0.01,2340.161572,1776271455000
1776271457.449,257.449,0.01,1367.69,,,0.02,334.8,0.03,191.36,0.98,339.8,0.97,205.36,0.99,1368.71,,,0.01,0.01,2340.15499,1776271456000
1776271457.776,257.776,0.01,1266.69,,,0.02,334.0,0.03,191.36,0.98,334.8,0.97,191.36,0.99,1367.69,,,0.01,0.01,2340.15499,1776271456000
1776271458.309,258.309,0.01,1266.69,,,0.02,334.0,0.03,191.36,0.98,334.0,0.97,191.36,0.99,1266.69,,,0.01,0.01,2339.905621,1776271457000
1776271458.897,258.897,0.01,1259.64,,,0.02,339.0,0.03,203.36,0.98,344.0,0.97,191.36,0.99,1264.69,,,0.01,0.01,2339.905621,1776271457000
1776271459.197,259.197,0.01,1246.48,,,0.02,339.0,0.03,203.36,0.98,339.0,0.97,203.36,0.99,1251.53,,,0.01,0.01,2339.905621,1776271457000
1776271459.489,259.489,0.01,1246.48,,,0.02,339.0,0.03,203.36,0.98,339.0,0.97,203.36,0.99,1246.48,,,0.01,0.01,2339.733864,1776271458000
1776271459.977,259.977,0.01,1146.48,,,0.02,323.3,0.03,203.36,0.98,323.3,0.97,203.36,0.99,1146.48,,,0.01,0.01,2339.715384,1776271459000
1776271460.586,260.586,0.01,1029.44,,,0.02,333.3,0.03,203.36,0.98,323.3,0.97,203.36,0.99,1041.44,,,0.01,0.01,2339.715384,1776271459000
1776271460.981,260.981,0.01,997.44,,,0.02,327.13,0.03,203.36,0.98,328.3,0.97,203.36,0.99,997.44,,,0.01,0.01,2339.715384,1776271459000
1776271461.657,261.657,0.01,921.72,,,0.02,374.29,0.03,203.36,0.98,364.29,0.97,203.36,0.99,962.08,,,0.01,0.01,2339.7041,1776271460000
1776271462.097,262.097,0.01,545.72,,,0.02,369.29,0.03,203.36,0.98,374.29,0.97,203.36,0.99,921.72,,,0.01,0.01,2339.7041,1776271460000
1776271462.417,262.417,,,,,0.02,369.29,0.03,203.36,0.98,369.29,0.97,203.36,0.99,540.61,,,,0.01,2339.736801,1776271461000
1776271463.037,263.037,,,,,0.01,3093.4,0.02,362.29,0.98,369.29,0.97,203.36,,,,,,,2339.736801,1776271461000
1776271463.377,263.377,,,,,0.01,3107.87,0.02,362.29,0.99,3093.4,0.98,362.29,,,,,,,2339.736801,1776271461000
1776271463.647,263.647,,,,,0.01,3093.02,0.02,362.29,0.99,3107.87,0.98,362.29,,,,,,,2339.72599,1776271462000
1776271464.029,264.029,,,,,0.01,3104.37,0.02,362.29,0.99,3093.02,0.98,362.29,,,,,,,2339.72599,1776271462000
1776271465.49,265.49,,,,,0.01,3103.11,0.02,352.29,0.99,3103.11,0.98,352.29,,,,,,,2339.584541,1776271464000
1776271466.037,266.037,,,,,0.01,3103.11,0.02,352.29,0.99,3103.11,0.98,352.29,,,,,,,2339.602614,1776271465000
1776271467.196,267.196,,,,,0.01,2650.07,0.02,352.29,0.99,2650.07,0.98,352.29,,,,,,,2339.593447,1776271466000
1776271468.39,268.39,,,,,0.01,2650.07,0.02,352.29,0.99,2650.07,0.98,352.29,,,,,,,2339.643598,1776271467000
1776271469.4,269.4,,,,,0.01,2650.07,0.02,352.29,0.99,2650.07,0.98,352.29,,,,,,,2339.654152,1776271468000
1776271469.927,269.927,,,,,0.01,2650.07,0.02,352.29,0.99,2650.07,0.98,352.29,,,,,,,2339.544516,1776271469000
1776271470.149,270.149,,,,,0.01,2959.81,0.02,397.29,0.99,2650.07,0.98,352.29,,,,,,,2339.544516,1776271469000
1776271471.029,271.029,,,,,0.01,2959.81,0.02,397.29,0.99,2959.81,0.98,397.29,,,,,,,2339.640635,1776271470000
1776271472.28,272.28,,,,,0.01,2959.81,0.02,397.29,0.99,2959.81,0.98,397.29,,,,,,,2339.890092,1776271471000
1776271473.303,273.303,,,,,0.01,2959.81,0.02,397.29,0.99,2959.81,0.98,397.29,,,,,,,2339.95801,1776271472000
1776271474.244,274.244,,,,,0.01,2964.57,0.02,397.29,0.99,2959.81,0.98,397.29,,,,,,,2339.95801,1776271472000
1776271474.926,274.926,,,,,0.01,3009.6,0.02,397.29,0.99,2964.57,0.98,397.29,,,,,,,2339.8784,1776271473000
1776271475.4,275.4,,,,,0.01,2881.87,0.02,220.99,0.99,3009.6,0.98,397.29,,,,,,,2339.92002,1776271474000
1776271476.066,276.066,,,,,0.01,2881.87,0.02,220.99,0.99,2881.87,0.98,220.99,,,,,,,2339.864617,1776271475000
1776271476.488,276.488,,,,,0.01,2878.99,0.02,220.99,0.99,2881.87,0.98,220.99,,,,,,,2339.864617,1776271475000
1776271476.781,276.781,,,,,0.01,8542.05,0.02,338.99,0.99,2878.99,0.98,220.99,,,,,,,2339.864617,1776271475000
1776271477.179,277.179,,,,,0.01,8542.05,0.02,338.99,0.99,8542.05,0.98,338.99,,,,,,,2339.853206,1776271476000
1776271478.177,278.177,,,,,0.01,8542.05,0.02,338.99,0.99,8542.05,0.98,338.99,,,,,,,2339.854076,1776271477000
1776271479.702,279.702,,,,,0.01,8542.05,0.02,338.99,0.99,8542.05,0.98,338.99,,,,,,,2339.73272,1776271478000
1776271480.292,280.292,,,,,0.01,8542.05,0.02,338.99,0.99,8542.05,0.98,338.99,,,,,,,2339.735791,1776271479000
1776271480.906,280.906,,,,,0.01,8542.05,0.02,338.99,0.99,8542.05,0.98,338.99,,,,,,,2339.72296,1776271480000
1776271482.024,282.024,,,,,0.01,8542.05,0.02,338.99,0.99,8542.05,0.98,338.99,,,,,,,2339.64365,1776271481000
1776271483.305,283.305,,,,,0.01,8542.05,0.02,338.99,0.99,8542.05,0.98,338.99,,,,,,,2339.58238,1776271482000
1776271484.334,284.334,,,,,0.01,8542.05,0.02,338.99,0.99,8542.05,0.98,338.99,,,,,,,2339.584879,1776271483000
1776271485.061,285.061,,,,,0.01,8542.05,0.02,338.99,0.99,8542.05,0.98,338.99,,,,,,,2339.597334,1776271484000
1776271486.138,286.138,,,,,0.01,8542.05,0.02,338.99,0.99,8542.05,0.98,338.99,,,,,,,2339.60201,1776271485000
1776271487.299,287.299,,,,,0.01,8542.05,0.02,338.99,0.99,8542.05,0.98,338.99,,,,,,,2339.607005,1776271486000
1776271488.422,288.422,,,,,0.01,8542.05,0.02,338.99,0.99,8542.05,0.98,338.99,,,,,,,2339.622054,1776271487000
1776271489.057,289.057,,,,,0.01,8542.05,0.02,338.99,0.99,8542.05,0.98,338.99,,,,,,,2339.626192,1776271488000

# RESULT,winner=Down,slug=eth-updown-5m-1776271200,ticks=568
