timestamp,elapsed_sec,up_bid_p1,up_bid_s1,up_bid_p2,up_bid_s2,up_ask_p1,up_ask_s1,up_ask_p2,up_ask_s2,down_bid_p1,down_bid_s1,down_bid_p2,down_bid_s2,down_ask_p1,down_ask_s1,down_ask_p2,down_ask_s2,up_spread,down_spread,eth_price,eth_oracle_ts
1776294901.236,1.236,0.53,16.0,0.52,74.85,0.58,3.7,0.64,6.0,0.43,5.0,0.42,5.0,0.47,16.0,0.48,272.24,0.05,0.04,2358.307635,1776294899000
1776294901.794,1.794,0.53,10.36,0.52,74.85,0.57,13.0,0.58,3.7,0.42,3.7,0.36,6.0,0.47,16.0,0.48,74.85,0.04,0.05,2358.32209,1776294900000
1776294902.077,2.077,0.54,74.45,0.53,10.36,0.55,5.0,0.56,5.0,0.43,13.0,0.42,3.7,0.47,10.36,0.48,74.85,0.01,0.04,2358.32209,1776294900000
1776294903.217,3.217,0.54,82.27,0.53,10.36,0.55,20.0,0.56,55.0,0.45,5.0,0.44,5.0,0.46,72.27,0.47,15.36,0.01,0.01,2358.32216,1776294901000
1776294903.429,3.429,0.54,77.27,0.53,26.36,0.55,9.56,0.56,65.0,0.45,20.0,0.44,55.0,0.46,82.27,0.47,10.36,0.01,0.01,2358.34124,1776294902000
1776294903.721,3.721,0.54,50.35,0.53,15.36,0.55,19.56,0.56,60.0,0.45,14.56,0.44,60.0,0.46,77.27,0.47,15.36,0.01,0.01,2358.34124,1776294902000
1776294903.966,3.966,0.51,76.87,0.5,5.0,0.52,18.07,0.53,15.0,0.48,15.0,0.47,15.0,0.49,76.87,0.5,5.0,0.01,0.01,2358.34124,1776294902000
1776294904.192,4.192,0.51,76.87,0.5,5.0,0.52,18.07,0.53,15.0,0.48,18.07,0.47,15.0,0.49,76.87,0.5,5.0,0.01,0.01,2358.372638,1776294903000
1776294904.392,4.392,0.52,96.2,0.51,81.87,0.53,15.0,0.54,15.0,0.47,15.0,0.46,15.0,0.48,96.2,0.49,81.87,0.01,0.01,2358.372638,1776294903000
1776294904.666,4.666,0.52,94.2,0.51,100.87,0.54,28.96,0.55,9.56,0.47,130.0,0.46,26.0,0.48,86.2,0.49,76.87,0.02,0.01,2358.372638,1776294903000
1776294904.887,4.887,0.52,18.8,0.51,89.87,0.53,10.0,0.54,33.96,0.47,10.0,0.46,33.96,0.48,24.99,0.49,89.87,0.01,0.01,2358.372638,1776294903000
1776294905.163,5.163,0.35,14.92,0.27,450.0,0.36,50.0,0.42,30.0,0.64,50.0,0.58,10.0,0.65,20.92,0.69,375.0,0.01,0.01,2358.372638,1776294903000
1776294905.555,5.555,0.27,190.67,0.26,21.0,0.34,5.0,0.36,51.31,0.64,51.31,0.58,30.0,0.73,194.74,0.74,21.0,0.07,0.09,2358.372638,1776294903000
1776294906.092,6.092,0.27,174.52,0.26,71.0,0.28,10.0,0.29,10.0,0.63,9.29,0.62,10.0,0.73,179.52,0.74,21.0,0.01,0.1,2358.35752,1776294904000
1776294906.337,6.337,0.27,163.4,0.26,71.0,0.28,5.0,0.29,10.0,0.72,5.0,0.71,10.0,0.73,168.4,0.74,71.0,0.01,0.01,2358.009237,1776294905000
1776294906.573,6.573,0.27,70.17,0.26,71.0,0.28,5.0,0.29,10.0,0.72,5.0,0.71,10.0,0.73,77.01,0.74,71.0,0.01,0.01,2358.009237,1776294905000
1776294906.899,6.899,0.27,55.17,0.26,71.0,0.28,12.0,0.29,10.0,0.72,17.0,0.71,10.0,0.73,65.17,0.74,71.0,0.01,0.01,2358.009237,1776294905000
1776294907.295,7.295,0.26,71.0,0.25,600.0,0.28,16.0,0.29,10.0,0.72,11.0,0.71,10.0,0.73,55.17,0.74,71.0,0.02,0.01,2358.009237,1776294905000
1776294907.594,7.594,0.26,130.72,0.25,605.0,0.27,80.0,0.28,10.0,0.72,16.0,0.71,10.0,0.74,71.0,0.75,600.0,0.01,0.02,2353.756561,1776294906000
1776294907.947,7.947,0.26,125.72,0.25,600.0,0.27,49.29,0.28,10.0,0.73,78.0,0.72,10.0,0.74,120.72,0.75,605.0,0.01,0.01,2353.756561,1776294906000
1776294908.282,8.282,0.26,125.72,0.25,600.0,0.27,49.29,0.28,10.0,0.73,49.29,0.72,10.0,0.74,125.72,0.75,600.0,0.01,0.01,2352.783164,1776294907000
1776294908.546,8.546,0.26,130.72,0.25,600.0,0.28,9.29,0.29,10.0,0.73,49.29,0.72,10.0,0.74,125.72,0.75,600.0,0.02,0.01,2352.783164,1776294907000
1776294908.778,8.778,0.26,2.0,0.25,600.0,0.27,10.0,0.28,9.29,0.72,9.29,0.71,10.0,0.74,37.0,0.75,600.0,0.01,0.02,2352.783164,1776294907000
1776294909.214,9.214,0.31,62.2,0.28,5.0,0.32,10.0,0.33,10.0,0.66,10.0,0.65,10.0,0.69,20.0,0.71,17.24,0.01,0.03,2352.783164,1776294907000
1776294909.512,9.512,0.32,20.51,0.31,132.25,0.41,10.0,0.45,3.44,0.55,3.44,0.54,75.0,0.69,82.25,0.72,5.0,0.09,0.14,2352.553412,1776294908000
1776294909.737,9.737,0.32,24.03,0.31,127.25,0.37,5.0,0.38,9.73,0.62,4.73,0.59,60.0,0.68,20.51,0.69,82.25,0.05,0.06,2352.553412,1776294908000
1776294910.207,10.207,0.34,4.0,0.33,10.0,0.35,10.0,0.36,10.0,0.63,5.0,0.62,9.73,0.68,24.03,0.69,127.25,0.01,0.05,2352.560147,1776294909000
1776294910.56,10.56,0.32,28.85,0.31,167.25,0.35,14.2,0.36,26.0,0.65,4.2,0.64,26.0,0.67,10.0,0.68,49.03,0.03,0.02,2352.560147,1776294909000
1776294910.92,10.92,0.33,8.08,0.32,30.51,0.34,81.91,0.35,10.0,0.64,11.33,0.63,15.0,0.68,22.55,0.69,167.25,0.01,0.04,2352.560147,1776294909000
1776294911.198,11.198,0.31,159.6,0.3,16.0,0.34,81.91,0.35,20.0,0.66,76.91,0.65,15.0,0.68,29.73,0.69,167.25,0.03,0.02,2352.560147,1776294909000
1776294911.637,11.637,0.31,120.15,0.3,16.0,0.34,68.08,0.35,20.0,0.66,91.91,0.65,20.0,0.69,128.51,0.7,16.0,0.03,0.03,2353.786183,1776294910000
1776294912.119,12.119,0.23,1.36,0.22,10.0,0.27,20.0,0.28,10.0,0.72,10.0,0.7,9.66,0.77,10.0,0.78,40.0,0.04,0.05,2353.786183,1776294910000
1776294912.52,12.52,0.22,9.03,0.21,120.0,0.28,18.92,0.29,31.0,0.72,8.92,0.71,10.0,0.77,1.36,0.78,10.0,0.06,0.05,2353.846287,1776294911000
1776294912.872,12.872,0.2,76.64,0.19,10.0,0.24,36.0,0.25,48.14,0.75,33.14,0.74,31.0,0.77,10.0,0.78,9.03,0.04,0.02,2353.846287,1776294911000
1776294913.4,13.4,0.23,10.0,0.22,10.0,0.27,5.12,0.28,8.92,0.77,9.3,0.76,56.0,0.78,10.0,0.79,10.0,0.04,0.01,2353.846287,1776294911000
1776294913.726,13.726,0.26,1.87,0.23,10.0,0.27,15.62,0.28,8.92,0.73,5.12,0.72,8.92,0.79,6.45,0.8,76.64,0.01,0.06,2353.846287,1776294911000
1776294914.96,14.96,0.19,39.91,0.18,6.14,0.21,10.0,0.22,60.5,0.73,20.62,0.72,8.92,0.82,6.14,0.83,10.0,0.02,0.09,2353.73763,1776294913000
1776294915.552,15.552,0.18,4.92,0.17,10.0,0.19,10.5,0.2,70.5,0.79,25.5,0.78,50.0,0.81,39.91,0.82,6.14,0.01,0.02,2353.710486,1776294914000
1776294915.935,15.935,0.18,4.92,0.17,10.0,0.19,9.5,0.2,61.0,0.8,83.72,0.79,15.0,0.82,4.92,0.83,10.0,0.01,0.02,2353.710486,1776294914000
1776294916.177,16.177,0.18,18.13,0.17,40.0,0.19,70.22,0.2,61.0,0.81,2.92,0.8,61.0,0.82,4.92,0.83,40.0,0.01,0.01,2353.710486,1776294914000
1776294916.558,16.558,0.18,23.13,0.17,10.0,0.19,27.85,0.2,66.0,0.81,70.22,0.8,61.0,0.82,18.13,0.83,40.0,0.01,0.01,2353.690175,1776294915000
1776294916.898,16.898,0.18,36.13,0.17,10.0,0.19,12.94,0.2,66.0,0.81,22.85,0.8,66.0,0.82,18.13,0.83,10.0,0.01,0.01,2353.690175,1776294915000
1776294917.618,17.618,0.17,4.63,0.16,60.0,0.19,7.94,0.2,66.0,0.81,12.94,0.8,66.0,0.82,36.13,0.83,10.0,0.02,0.01,2353.548847,1776294916000
1776294918.754,18.754,0.18,8.43,0.17,4.63,0.19,11.0,0.2,21.0,0.81,7.94,0.8,66.0,0.83,4.63,0.84,60.0,0.01,0.02,2353.382047,1776294917000
1776294919.419,19.419,0.18,18.78,0.17,4.63,0.19,16.0,0.2,26.0,0.81,11.0,0.8,21.0,0.83,4.63,0.84,60.0,0.01,0.02,2353.236302,1776294918000
1776294919.914,19.914,0.17,27.27,0.16,95.0,0.19,48.22,0.2,26.0,0.81,16.0,0.8,26.0,0.82,12.68,0.83,4.63,0.02,0.01,2353.236302,1776294918000
1776294920.351,20.351,0.17,3.35,0.16,91.25,0.19,73.22,0.2,26.0,0.81,48.22,0.8,26.0,0.83,27.27,0.84,95.0,0.02,0.02,2353.175665,1776294919000
1776294920.885,20.885,0.17,16.39,0.16,99.78,0.18,38.35,0.19,53.22,0.82,58.35,0.81,778.53,0.84,99.78,0.85,95.31,0.01,0.02,2353.175665,1776294919000
1776294921.404,21.404,0.17,161.39,0.16,149.78,0.18,33.35,0.19,53.22,0.82,38.35,0.81,53.22,0.83,16.39,0.84,99.78,0.01,0.01,2353.284291,1776294920000
1776294921.624,21.624,0.18,124.65,0.17,146.39,0.19,45.22,0.2,10.0,0.81,53.22,0.8,10.0,0.82,66.65,0.83,161.39,0.01,0.01,2353.284291,1776294920000
1776294922.568,22.568,0.18,118.55,0.17,146.39,0.19,30.86,0.2,10.0,0.81,45.22,0.8,10.0,0.82,124.65,0.83,146.39,0.01,0.01,2353.305507,1776294921000
1776294922.839,22.839,0.18,111.55,0.17,146.39,0.19,30.86,0.2,10.0,0.81,30.86,0.8,10.0,0.82,118.55,0.83,146.39,0.01,0.01,2353.305507,1776294921000
1776294923.367,23.367,0.18,111.55,0.17,146.39,0.19,14.95,0.2,10.0,0.81,19.95,0.8,10.0,0.82,111.55,0.83,146.39,0.01,0.01,2353.692883,1776294922000
1776294923.698,23.698,0.18,71.55,0.17,110.0,0.19,19.68,0.2,10.0,0.81,14.95,0.8,10.0,0.82,111.55,0.83,146.39,0.01,0.01,2353.692883,1776294922000
1776294924.057,24.057,0.18,76.55,0.17,110.0,0.19,0.68,0.2,10.0,0.81,19.68,0.8,10.0,0.82,71.55,0.83,110.0,0.01,0.01,2353.692883,1776294922000
1776294925.103,25.103,0.18,53.55,0.17,100.0,0.2,20.35,0.21,15.0,0.81,0.68,0.8,10.0,0.82,76.55,0.83,110.0,0.02,0.01,2354.119351,1776294924000
1776294925.343,25.343,0.16,91.83,0.15,55.31,0.2,25.35,0.21,65.0,0.8,25.35,0.79,65.0,0.83,12.2,0.84,129.78,0.04,0.03,2354.119351,1776294924000
1776294925.624,25.624,0.14,9.79,0.13,10.0,0.16,15.95,0.17,10.0,0.8,19.35,0.79,15.0,0.85,27.04,0.86,20.0,0.02,0.05,2354.119351,1776294924000
1776294925.992,25.992,0.12,0.88,0.11,96.0,0.16,15.0,0.17,10.0,0.84,15.95,0.83,10.0,0.86,9.79,0.87,10.0,0.04,0.02,2354.119351,1776294924000
1776294926.763,26.763,0.11,7.0,0.1,60.0,0.14,19.0,0.15,10.0,0.84,10.0,0.83,10.0,0.89,105.0,0.9,60.0,0.03,0.05,2354.070775,1776294925000
1776294926.97,26.97,0.12,10.0,0.11,72.0,0.13,3.0,0.14,12.0,0.86,12.0,0.85,10.0,0.87,5.0,0.89,7.0,0.01,0.01,2354.070775,1776294925000
1776294928.213,28.213,0.11,80.0,0.1,60.0,0.13,3.0,0.14,18.0,0.87,3.0,0.86,12.0,0.88,5.0,0.89,67.0,0.02,0.01,2351.9782,1776294926000
1776294928.446,28.446,0.11,74.88,0.1,60.0,0.17,0.8,0.18,10.0,0.85,2.8,0.84,10.0,0.89,74.88,0.9,60.0,0.06,0.04,2351.9782,1776294926000
1776294928.77,28.77,0.13,4.08,0.12,18.0,0.14,13.0,0.15,15.0,0.83,0.8,0.82,10.0,0.89,74.88,0.9,60.0,0.01,0.06,2351.9782,1776294926000
1776294929.193,29.193,0.1,10.0,0.09,85.0,0.14,10.0,0.15,19.0,0.89,388.12,0.88,172.92,0.9,10.0,0.91,10.0,0.04,0.01,2351.3616,1776294927000
1776294929.656,29.656,0.1,10.0,0.09,40.0,0.13,10.0,0.14,10.0,0.9,255.19,0.86,10.0,0.91,40.0,0.92,22.0,0.03,0.01,2351.482715,1776294928000
1776294930.258,30.258,0.12,48.0,0.11,10.0,0.13,10.0,0.14,10.0,0.87,10.0,0.86,10.0,0.9,10.0,0.91,40.0,0.01,0.03,2351.48123,1776294929000
1776294930.492,30.492,0.09,16.78,0.08,70.9,0.13,10.0,0.14,30.0,0.87,10.0,0.86,30.0,0.91,66.78,0.92,70.9,0.04,0.04,2351.48123,1776294929000
1776294931.225,31.225,0.12,0.88,0.09,26.78,0.13,10.0,0.14,45.0,0.87,10.0,0.86,30.0,0.88,21.88,0.91,26.78,0.01,0.01,2351.5207,1776294930000
1776294931.682,31.682,0.1,20.87,0.09,37.78,0.13,10.0,0.14,57.0,0.87,10.0,0.86,45.0,0.88,0.88,0.91,26.78,0.03,0.01,2351.5207,1776294930000
1776294932.008,32.008,0.1,93.87,0.09,37.78,0.11,12.32,0.12,183.15,0.87,10.0,0.86,57.0,0.9,20.87,0.91,37.78,0.01,0.03,2351.5207,1776294930000
1776294932.506,32.506,0.1,93.87,0.09,37.78,0.11,7.32,0.12,183.15,0.89,12.32,0.88,183.15,0.9,93.87,0.91,37.78,0.01,0.01,2351.70008,1776294931000
1776294933.209,33.209,0.09,21.0,0.08,65.9,0.1,79.13,0.11,124.32,0.89,7.32,0.88,183.15,0.9,93.87,0.91,37.78,0.01,0.01,2351.70008,1776294931000
1776294933.581,33.581,0.07,246.66,0.06,133.39,0.1,105.13,0.11,117.32,0.9,90.13,0.89,119.32,0.91,10.46,0.92,65.9,0.03,0.01,2351.695445,1776294932000
1776294934.218,34.218,0.08,39.0,0.07,246.66,0.1,120.13,0.11,117.32,0.9,105.13,0.89,117.32,0.93,246.66,0.94,133.39,0.02,0.03,2351.689295,1776294933000
1776294934.514,34.514,0.08,34.4,0.07,246.66,0.09,5.0,0.1,110.13,0.91,5.0,0.9,110.13,0.92,31.4,0.93,246.66,0.01,0.01,2351.689295,1776294933000
1776294934.934,34.934,0.07,266.66,0.06,135.39,0.08,331.0,0.09,5.0,0.91,5.0,0.9,110.13,0.92,21.4,0.93,246.66,0.01,0.01,2351.689295,1776294933000
1776294935.287,35.287,0.07,260.3,0.06,114.39,0.09,0.22,0.1,94.13,0.92,12.0,0.9,94.13,0.93,265.66,0.94,135.39,0.02,0.01,2350.985357,1776294934000
1776294935.966,35.966,0.07,110.0,0.06,100.59,0.08,197.54,0.1,119.13,0.91,0.22,0.9,94.13,0.93,260.3,0.94,114.39,0.01,0.02,2350.985357,1776294934000
1776294936.532,36.532,0.07,15.0,0.06,100.59,0.08,187.87,0.09,30.0,0.92,197.54,0.9,119.13,0.93,110.0,0.94,100.59,0.01,0.01,2350.734512,1776294935000
1776294937.357,37.357,0.07,10.05,0.06,50.59,0.08,207.93,0.09,534.48,0.92,187.87,0.91,30.0,0.93,15.0,0.94,100.59,0.01,0.01,2350.734512,1776294935000
1776294937.816,37.816,0.05,120.8,0.04,237.3,0.07,3.57,0.08,544.26,0.92,207.93,0.91,534.48,0.95,138.44,0.96,257.3,0.02,0.03,2350.842255,1776294936000
1776294938.162,38.162,0.05,20.0,0.04,207.3,0.06,87.93,0.07,10.0,0.93,10.0,0.92,539.22,0.95,129.03,0.96,207.3,0.01,0.02,2350.894713,1776294937000
1776294938.425,38.425,0.05,30.0,0.04,349.81,0.08,348.33,0.09,25.0,0.93,10.0,0.92,348.33,0.96,160.3,0.97,645.36,0.03,0.03,2350.894713,1776294937000
1776294938.842,38.842,0.05,7.98,0.04,374.81,0.06,2.57,0.07,15.0,0.93,10.0,0.92,341.33,0.95,2.98,0.96,349.81,0.01,0.02,2350.894713,1776294937000
1776294939.063,39.063,0.05,2.98,0.04,344.81,0.08,346.33,0.09,30.0,0.94,2.57,0.93,15.0,0.95,7.98,0.96,374.81,0.03,0.01,2350.894713,1776294937000
1776294939.674,39.674,0.06,66.83,0.05,2.98,0.08,294.95,0.09,30.0,0.92,346.33,0.91,30.0,0.95,2.98,0.96,344.81,0.02,0.03,2350.846938,1776294938000
1776294940.442,40.442,0.06,4.73,0.05,2.98,0.07,60.0,0.08,321.95,0.92,294.95,0.91,30.0,0.94,66.83,0.95,2.98,0.01,0.02,2350.738678,1776294939000
1776294941.079,41.079,0.07,72.45,0.06,4.73,0.08,314.95,0.09,30.0,0.93,10.0,0.92,321.95,0.94,4.73,0.95,2.98,0.01,0.01,2350.849142,1776294940000
1776294942.127,42.127,0.07,86.87,0.06,4.73,0.08,32.0,0.09,46.0,0.92,314.95,0.91,30.0,0.93,72.45,0.94,4.73,0.01,0.01,2350.872435,1776294941000
1776294942.343,42.343,0.07,111.21,0.06,4.73,0.08,27.0,0.09,46.0,0.92,27.0,0.91,46.0,0.93,116.54,0.94,4.73,0.01,0.01,2350.872435,1776294941000
1776294942.905,42.905,0.07,95.51,0.06,4.73,0.08,22.0,0.09,35.0,0.92,27.0,0.91,46.0,0.93,105.88,0.94,4.73,0.01,0.01,2350.872435,1776294941000
1776294943.602,43.602,0.07,12.51,0.06,4.73,0.08,22.0,0.09,35.0,0.92,22.0,0.91,35.0,0.93,95.51,0.94,4.73,0.01,0.01,2350.872435,1776294941000
1776294943.814,43.814,0.06,78.56,0.05,99.18,0.09,22.99,0.1,334.95,0.92,22.0,0.91,35.0,0.93,12.51,0.94,4.73,0.03,0.01,2350.89401,1776294942000
1776294944.124,44.124,0.07,64.42,0.06,63.73,0.1,228.85,0.11,207.47,0.91,22.99,0.9,334.95,0.94,78.56,0.95,99.18,0.03,0.03,2350.89401,1776294942000
1776294945.58,45.58,0.08,21.0,0.07,24.42,0.09,171.69,0.1,243.85,0.9,228.85,0.89,207.47,0.93,64.42,0.94,63.73,0.01,0.03,2350.853854,1776294944000
1776294945.982,45.982,0.06,3.0,0.05,2.98,0.09,472.54,0.1,15.0,0.91,171.69,0.9,243.85,0.92,21.0,0.93,24.42,0.03,0.01,2350.853854,1776294944000
1776294946.343,46.343,0.04,191.7,0.03,567.54,0.08,5.0,0.09,415.32,0.91,191.69,0.9,66.0,0.93,10.0,0.94,3.0,0.04,0.02,2350.88922,1776294945000
1776294946.651,46.651,0.05,10.0,0.04,226.95,0.06,53.0,0.08,15.0,0.92,5.0,0.91,415.32,0.96,191.7,0.97,567.54,0.01,0.04,2350.88922,1776294945000
1776294947.027,47.027,0.05,32.0,0.04,256.95,0.08,15.0,0.09,29.78,0.94,53.0,0.92,15.0,0.95,10.0,0.96,226.95,0.03,0.01,2350.88922,1776294945000
1776294947.341,47.341,0.06,23.78,0.05,20.42,0.07,10.0,0.08,15.0,0.92,15.0,0.91,29.78,0.95,0.42,0.96,256.95,0.01,0.03,2350.88242,1776294946000
1776294947.919,47.919,0.06,33.19,0.05,76.22,0.07,20.0,0.08,178.46,0.93,10.0,0.92,15.0,0.94,23.78,0.95,20.42,0.01,0.01,2350.88242,1776294946000
1776294949.551,49.551,0.06,2.0,0.05,76.22,0.07,20.0,0.08,178.46,0.93,20.0,0.92,178.46,0.94,33.19,0.95,76.22,0.01,0.01,2351.118275,1776294948000
1776294950.504,50.504,0.04,201.7,0.03,540.7,0.06,20.0,0.07,15.0,0.92,178.46,0.91,34.78,0.94,2.0,0.95,76.22,0.02,0.02,2351.116215,1776294949000
1776294950.708,50.708,0.04,196.11,0.03,540.7,0.08,91.58,0.09,39.78,0.92,91.58,0.91,39.78,0.96,201.27,0.97,540.7,0.04,0.04,2351.116215,1776294949000
1776294951.734,51.734,0.06,11.8,0.05,10.0,0.07,15.0,0.08,25.0,0.92,91.58,0.91,39.78,0.96,196.11,0.97,540.7,0.01,0.04,2351.111696,1776294950000
1776294952.097,52.097,0.04,375.05,0.03,540.7,0.07,170.91,0.08,30.0,0.93,12.33,0.92,30.0,0.94,6.8,0.95,10.0,0.03,0.01,2351.111696,1776294950000
1776294953.258,53.258,0.06,15.0,0.05,106.8,0.07,67.56,0.08,15.0,0.93,170.91,0.92,30.0,0.96,375.05,0.97,540.7,0.01,0.03,2351.08,1776294951000
1776294954.423,54.423,0.05,88.8,0.04,229.91,0.07,212.69,0.08,30.0,0.93,43.27,0.92,15.0,0.94,10.0,0.95,106.8,0.02,0.01,2351.016499,1776294953000
1776294954.957,54.957,0.05,108.8,0.04,235.75,0.06,536.87,0.07,402.4,0.93,212.69,0.92,30.0,0.95,88.8,0.96,229.91,0.01,0.02,2351.016499,1776294953000
1776294955.963,55.963,0.05,56.17,0.04,560.57,0.06,380.77,0.07,292.03,0.94,469.53,0.93,876.91,0.95,108.8,0.96,235.75,0.01,0.01,2351.132675,1776294954000
1776294956.382,56.382,0.05,88.17,0.04,554.73,0.07,54.04,0.08,278.99,0.94,380.77,0.93,292.03,0.95,56.17,0.96,560.57,0.02,0.01,2351.155561,1776294955000
1776294956.599,56.599,0.05,19.75,0.04,554.73,0.07,59.04,0.08,25.0,0.93,59.04,0.92,283.99,0.95,72.38,0.96,255.74,0.02,0.02,2351.155561,1776294955000
1776294956.833,56.833,0.04,579.98,0.03,541.7,0.05,20.51,0.06,10.0,0.95,32.88,0.93,59.04,0.96,554.73,0.97,530.7,0.01,0.01,2351.155561,1776294955000
1776294957.06,57.06,0.04,554.15,0.03,541.7,0.05,15.26,0.06,10.0,0.95,20.51,0.94,10.0,0.96,579.98,0.97,541.7,0.01,0.01,2351.155561,1776294955000
1776294957.728,57.728,0.04,340.39,0.03,541.7,0.05,5.3,0.06,10.0,0.95,15.26,0.94,10.0,0.96,554.15,0.97,541.7,0.01,0.01,2351.19597,1776294956000
1776294960.415,60.415,0.05,0.43,0.04,325.98,0.06,227.31,0.07,49.0,0.94,166.68,0.93,15.0,0.96,340.39,0.97,541.7,0.01,0.02,2351.333332,1776294959000
1776294960.674,60.674,0.04,250.98,0.03,583.7,0.06,211.32,0.07,49.0,0.94,227.31,0.93,49.0,0.95,0.43,0.96,325.98,0.02,0.01,2351.333332,1776294959000
1776294960.952,60.952,0.05,27.0,0.04,270.39,0.06,162.98,0.07,124.0,0.94,172.98,0.93,124.0,0.95,22.0,0.96,270.39,0.01,0.01,2351.333332,1776294959000
1776294961.22,61.22,0.05,94.36,0.04,270.39,0.06,167.98,0.07,129.0,0.94,162.98,0.93,124.0,0.95,27.0,0.96,270.39,0.01,0.01,2351.323459,1776294960000
1776294961.704,61.704,0.05,61.57,0.04,595.21,0.06,167.98,0.07,129.0,0.94,167.98,0.93,129.0,0.95,94.36,0.96,270.39,0.01,0.01,2351.323459,1776294960000
1776294962.334,62.334,0.05,9.49,0.04,544.96,0.06,155.63,0.07,54.0,0.94,167.98,0.93,129.0,0.95,51.47,0.96,595.21,0.01,0.01,2351.323459,1776294960000
1776294963.51,63.51,0.05,14.49,0.04,615.8,0.06,5.64,0.07,180.43,0.94,160.63,0.93,54.0,0.95,9.49,0.96,544.96,0.01,0.01,2351.549227,1776294962000
1776294963.965,63.965,0.05,33.49,0.04,615.8,0.06,99.89,0.07,69.0,0.94,0.64,0.93,185.43,0.95,58.69,0.96,615.8,0.01,0.01,2351.549227,1776294962000
1776294964.841,64.841,0.05,15.34,0.04,615.8,0.06,99.89,0.07,64.0,0.94,99.89,0.93,69.0,0.95,33.49,0.96,615.8,0.01,0.01,2351.567832,1776294963000
1776294965.676,65.676,0.05,8.74,0.04,615.8,0.06,127.91,0.07,69.0,0.94,99.89,0.93,64.0,0.95,15.34,0.96,615.8,0.01,0.01,2351.430258,1776294964000
1776294966.295,66.295,0.05,53.83,0.04,609.96,0.06,121.91,0.07,69.0,0.94,127.91,0.93,69.0,0.95,8.74,0.96,615.8,0.01,0.01,2351.516436,1776294965000
1776294968.515,68.515,0.05,6.63,0.04,537.8,0.06,111.63,0.07,20.0,0.94,121.91,0.93,69.0,0.95,53.83,0.96,609.96,0.01,0.01,2351.57765,1776294967000
1776294968.964,68.964,0.05,20.75,0.04,537.8,0.06,56.63,0.07,126.21,0.94,58.63,0.93,20.0,0.95,6.63,0.96,537.8,0.01,0.01,2351.57765,1776294967000
1776294969.937,69.937,0.05,5.0,0.04,537.8,0.06,76.63,0.07,270.51,0.94,56.63,0.93,126.21,0.95,22.86,0.96,537.8,0.01,0.01,2351.57623,1776294968000
1776294970.387,70.387,0.04,535.21,0.03,607.69,0.05,53.94,0.06,86.63,0.94,76.63,0.93,270.51,0.95,5.0,0.96,537.8,0.01,0.01,2351.558035,1776294969000
1776294971.005,71.005,0.04,513.33,0.03,604.7,0.05,59.94,0.06,25.62,0.95,53.94,0.94,86.63,0.96,535.21,0.97,607.69,0.01,0.01,2351.558035,1776294969000
1776294972.505,72.505,0.04,245.18,0.03,624.7,0.06,66.0,0.07,147.21,0.95,59.94,0.94,25.62,0.96,513.33,0.97,604.7,0.02,0.01,2351.336732,1776294971000
1776294972.936,72.936,0.05,134.2,0.04,418.68,0.06,704.13,0.07,22.16,0.94,211.35,0.93,132.21,0.96,252.68,0.97,624.7,0.01,0.02,2351.336732,1776294971000
1776294973.383,73.383,0.05,9.33,0.04,123.54,0.06,41.83,0.07,15.0,0.94,704.13,0.93,22.16,0.95,134.2,0.96,418.68,0.01,0.01,2351.291735,1776294972000
1776294976.036,76.036,0.05,128.2,0.04,166.29,0.06,119.14,0.07,132.78,0.94,41.83,0.93,15.0,0.95,9.33,0.96,123.54,0.01,0.01,2351.392621,1776294974000
1776294978.72,78.72,0.05,130.04,0.04,673.25,0.06,686.22,0.07,210.33,0.94,119.14,0.93,132.78,0.95,128.2,0.96,166.29,0.01,0.01,2351.324073,1776294977000
1776294981.209,81.209,0.05,150.24,0.04,657.42,0.06,71.63,0.07,53.04,0.94,686.22,0.93,210.33,0.95,130.04,0.96,673.25,0.01,0.01,2351.493049,1776294980000
1776294984.233,84.233,0.05,529.94,0.04,220.45,0.06,626.7,0.07,200.3,0.94,71.63,0.93,53.04,0.95,150.24,0.96,657.42,0.01,0.01,2351.693101,1776294983000
1776294985.733,85.733,0.05,519.77,0.04,120.45,0.06,713.15,0.07,325.3,0.94,1644.84,0.93,488.9,0.95,501.57,0.96,120.45,0.01,0.01,2351.759601,1776294984000
1776294987.607,87.607,0.05,329.75,0.04,95.45,0.06,280.38,0.07,380.3,0.94,713.15,0.93,325.3,0.95,519.77,0.96,120.45,0.01,0.01,2351.76041,1776294985000
1776294996.57,96.57,0.05,523.69,0.04,79.45,0.06,923.2,0.07,522.97,0.94,280.38,0.93,380.3,0.95,329.75,0.96,95.45,0.01,0.01,2351.83998,1776294995000
1776294996.883,96.883,0.05,517.69,0.04,74.45,0.06,902.61,0.07,229.37,0.94,923.2,0.93,522.97,0.95,523.69,0.96,79.45,0.01,0.01,2351.83998,1776294995000
1776294997.46,97.46,0.05,521.63,0.04,79.45,0.06,885.26,0.07,522.97,0.94,902.61,0.93,229.37,0.95,517.69,0.96,74.45,0.01,0.01,2351.84723,1776294996000
1776294998.126,98.126,0.05,53.0,0.04,469.05,0.06,349.57,0.07,266.8,0.94,885.26,0.93,522.97,0.95,521.63,0.96,79.45,0.01,0.01,2351.84723,1776294996000
1776295002.794,102.794,0.04,34.45,0.03,684.97,0.05,140.0,0.06,412.55,0.94,327.9,0.93,312.8,0.96,299.75,0.97,511.99,0.01,0.02,2351.842378,1776295001000
1776295003.175,103.175,0.04,221.44,0.03,456.0,0.05,15.0,0.06,228.55,0.95,140.0,0.94,412.55,0.96,34.45,0.97,684.97,0.01,0.01,2351.842378,1776295001000
1776295003.493,103.493,0.04,221.69,0.03,465.0,0.06,149.45,0.07,151.16,0.95,4.9,0.94,228.55,0.96,221.69,0.97,456.0,0.02,0.01,2351.889455,1776295002000
1776295004.696,104.696,0.06,70.83,0.05,161.99,0.07,41.0,0.08,90.0,0.93,151.57,0.92,140.0,0.94,239.85,0.96,163.45,0.01,0.01,2351.890455,1776295003000
1776295005.163,105.163,0.06,92.83,0.05,266.99,0.07,5.0,0.08,35.0,0.93,41.0,0.92,90.0,0.94,70.83,0.95,161.99,0.01,0.01,2351.890455,1776295003000
1776295005.727,105.727,0.07,58.38,0.06,27.83,0.08,163.41,0.09,50.0,0.93,5.0,0.92,35.0,0.94,92.83,0.95,266.99,0.01,0.01,2352.673868,1776295004000
1776295005.966,105.966,0.07,8.38,0.06,115.83,0.08,40.0,0.09,35.0,0.92,40.0,0.91,35.0,0.93,40.61,0.94,30.83,0.01,0.01,2352.901152,1776295005000
1776295006.514,106.514,0.07,82.76,0.06,36.83,0.09,30.0,0.1,68.0,0.92,27.0,0.91,35.0,0.93,6.76,0.94,93.83,0.02,0.01,2352.901152,1776295005000
1776295006.975,106.975,0.07,80.38,0.06,47.44,0.09,26.0,0.1,148.32,0.91,5.0,0.9,37.0,0.92,5.0,0.93,77.76,0.02,0.01,2352.901152,1776295005000
1776295007.772,107.772,0.08,55.36,0.07,129.38,0.09,10.0,0.12,170.0,0.91,26.0,0.9,148.32,0.93,80.38,0.94,47.44,0.01,0.02,2353.056648,1776295006000
1776295008.644,108.644,0.08,40.45,0.07,167.38,0.09,10.0,0.12,170.0,0.91,10.0,0.88,170.0,0.92,50.45,0.93,369.23,0.01,0.01,2353.066523,1776295007000
1776295008.891,108.891,0.08,50.45,0.07,86.38,0.09,81.52,0.1,53.21,0.91,10.0,0.88,170.0,0.92,40.45,0.93,167.38,0.01,0.01,2353.066523,1776295007000
1776295009.208,109.208,0.08,8.91,0.07,111.38,0.09,86.52,0.1,58.21,0.91,81.52,0.9,53.21,0.92,50.45,0.93,86.38,0.01,0.01,2353.066523,1776295007000
1776295010.643,110.643,0.08,119.53,0.07,112.38,0.09,91.52,0.1,101.31,0.91,86.52,0.9,58.21,0.92,8.91,0.93,111.38,0.01,0.01,2353.534108,1776295009000
1776295011.227,111.227,0.08,355.38,0.07,144.36,0.09,0.52,0.1,106.31,0.91,91.52,0.9,101.31,0.92,119.53,0.93,112.38,0.01,0.01,2353.534108,1776295009000
1776295012.645,112.645,0.08,515.52,0.07,130.37,0.09,5.52,0.1,96.31,0.91,0.52,0.9,106.31,0.92,355.38,0.93,144.36,0.01,0.01,2353.573,1776295011000
1776295013.732,113.732,0.08,246.85,0.07,119.82,0.09,5.52,0.1,106.31,0.91,5.52,0.9,96.31,0.92,515.52,0.93,130.37,0.01,0.01,2353.64296,1776295012000
1776295014.081,114.081,0.08,281.85,0.07,144.82,0.09,16.86,0.1,106.31,0.91,5.52,0.9,106.31,0.92,246.85,0.93,119.82,0.01,0.01,2353.64296,1776295012000
1776295014.652,114.652,0.08,276.85,0.07,144.82,0.09,16.86,0.1,106.31,0.91,16.86,0.9,106.31,0.92,281.85,0.93,144.82,0.01,0.01,2353.630525,1776295013000
1776295015.545,115.545,0.08,447.73,0.07,120.82,0.09,21.86,0.1,101.31,0.91,16.86,0.9,106.31,0.92,276.85,0.93,144.82,0.01,0.01,2353.616615,1776295014000
1776295016.637,116.637,0.08,475.73,0.07,121.37,0.09,21.86,0.1,101.31,0.91,21.86,0.9,101.31,0.92,447.73,0.93,120.82,0.01,0.01,2353.56044,1776295015000
1776295018.821,118.821,0.08,57.65,0.07,97.37,0.09,21.86,0.1,83.9,0.91,21.86,0.9,101.31,0.92,475.73,0.93,121.37,0.01,0.01,2353.571175,1776295017000
1776295020.639,120.639,0.08,14.0,0.07,33.7,0.09,192.82,0.1,54.0,0.91,26.86,0.9,98.9,0.92,5.0,0.93,78.69,0.01,0.01,2353.588145,1776295019000
1776295021.045,121.045,0.08,11.28,0.07,33.7,0.09,123.37,0.1,54.0,0.91,197.82,0.9,54.0,0.92,11.28,0.93,33.7,0.01,0.01,2353.588145,1776295019000
1776295022.651,122.651,0.08,16.28,0.07,33.7,0.09,134.88,0.1,65.1,0.91,123.37,0.9,54.0,0.92,11.28,0.93,33.7,0.01,0.01,2353.599135,1776295021000
1776295024.172,124.172,0.08,20.24,0.07,55.0,0.09,131.88,0.1,69.1,0.91,134.88,0.9,65.1,0.92,16.28,0.93,33.7,0.01,0.01,2353.629675,1776295023000
1776295024.443,124.443,0.08,3.24,0.07,50.0,0.09,359.23,0.1,78.1,0.91,131.88,0.9,69.1,0.92,20.24,0.93,55.0,0.01,0.01,2353.629675,1776295023000
1776295029.693,129.693,0.06,30.0,0.05,493.73,0.08,171.51,0.09,170.68,0.91,364.23,0.9,78.1,0.93,50.0,0.94,60.0,0.02,0.02,2353.058326,1776295028000
1776295031.482,131.482,0.06,0.05,0.05,101.0,0.07,184.51,0.08,83.0,0.92,171.51,0.91,170.68,0.94,30.0,0.95,493.73,0.01,0.02,2353.060543,1776295030000
1776295032.534,132.534,0.05,1.57,0.04,89.0,0.07,189.51,0.08,83.0,0.93,184.51,0.92,83.0,0.94,0.05,0.95,101.0,0.02,0.01,2352.9696,1776295031000
1776295036.264,136.264,0.04,75.0,0.03,429.0,0.06,309.99,0.07,137.51,0.93,189.51,0.92,83.0,0.95,1.57,0.96,89.0,0.02,0.02,2352.8086,1776295035000
1776295036.906,136.906,0.04,374.36,0.03,429.0,0.05,223.5,0.06,83.0,0.94,309.99,0.93,137.51,0.96,75.0,0.97,429.0,0.01,0.02,2352.8086,1776295035000
1776295039.702,139.702,0.04,377.73,0.03,421.0,0.05,99.7,0.06,73.0,0.95,223.5,0.94,83.0,0.96,374.36,0.97,429.0,0.01,0.01,2352.615733,1776295038000
1776295049.399,149.399,0.04,361.31,0.03,432.0,0.05,437.11,0.06,101.88,0.95,99.7,0.94,73.0,0.96,377.73,0.97,421.0,0.01,0.01,2352.520314,1776295048000
1776295051.122,151.122,0.04,359.22,0.03,432.0,0.05,234.11,0.06,197.68,0.95,437.11,0.94,101.88,0.96,361.31,0.97,432.0,0.01,0.01,2352.520208,1776295050000
1776295051.68,151.68,0.04,351.12,0.03,440.0,0.05,229.11,0.06,96.88,0.95,234.11,0.94,197.68,0.96,359.22,0.97,432.0,0.01,0.01,2352.520208,1776295050000
1776295053.145,153.145,0.04,345.8,0.03,432.0,0.05,197.11,0.06,97.97,0.95,229.11,0.94,96.88,0.96,345.96,0.97,440.0,0.01,0.01,2352.513236,1776295051000
1776295057.125,157.125,0.04,330.06,0.03,432.0,0.05,275.23,0.06,97.35,0.95,197.11,0.94,97.97,0.96,345.8,0.97,432.0,0.01,0.01,2352.821965,1776295055000
1776295059.368,159.368,0.03,481.0,0.02,986.95,0.04,215.25,0.05,242.07,0.95,275.23,0.94,97.35,0.96,330.06,0.97,432.0,0.01,0.01,2352.888168,1776295058000
1776295060.232,160.232,0.03,481.0,0.02,986.95,0.04,327.75,0.05,237.07,0.96,215.25,0.95,242.07,0.97,481.0,0.98,986.95,0.01,0.01,2352.888168,1776295058000
1776295061.15,161.15,0.03,467.0,0.02,822.25,0.04,261.3,0.05,242.23,0.96,327.75,0.95,237.07,0.97,481.0,0.98,986.95,0.01,0.01,2353.132255,1776295060000
1776295061.676,161.676,0.03,459.0,0.02,1411.95,0.05,178.47,0.06,63.0,0.96,91.16,0.95,242.23,0.97,467.0,0.98,822.25,0.02,0.01,2353.132255,1776295060000
1776295063.624,163.624,0.03,460.0,0.02,912.95,0.04,3.25,0.05,173.47,0.95,178.47,0.94,63.0,0.97,459.0,0.98,1411.95,0.01,0.02,2353.200205,1776295062000
1776295068.362,168.362,0.03,396.48,0.02,645.25,0.04,13.25,0.05,207.47,0.96,3.25,0.95,173.47,0.97,460.0,0.98,912.95,0.01,0.01,2352.850252,1776295067000
1776295069.686,169.686,0.03,401.48,0.02,642.25,0.05,158.31,0.06,15.0,0.96,13.25,0.95,207.47,0.97,396.48,0.98,645.25,0.02,0.01,2353.036581,1776295068000
1776295070.577,170.577,0.04,13.9,0.03,435.48,0.05,156.24,0.06,88.04,0.95,158.31,0.94,15.0,0.97,401.48,0.98,642.25,0.01,0.02,2353.188186,1776295069000
1776295072.209,172.209,0.03,383.48,0.02,749.76,0.05,311.24,0.06,132.0,0.95,156.24,0.94,88.04,0.96,13.9,0.97,435.48,0.02,0.01,2353.219875,1776295070000
1776295073.908,173.908,0.03,369.48,0.02,958.1,0.04,95.0,0.05,272.24,0.95,311.24,0.94,132.0,0.97,383.48,0.98,749.76,0.01,0.02,2353.523785,1776295072000
1776295079.784,179.784,0.03,369.48,0.02,709.96,0.04,135.0,0.05,329.92,0.96,95.0,0.95,272.24,0.97,369.48,0.98,958.1,0.01,0.01,2352.934417,1776295078000
1776295080.534,180.534,0.03,263.48,0.02,709.96,0.04,205.0,0.05,259.92,0.96,135.0,0.95,329.92,0.97,369.48,0.98,709.96,0.01,0.01,2352.973029,1776295079000
1776295082.843,182.843,0.03,259.35,0.02,709.96,0.04,160.0,0.05,375.19,0.96,205.0,0.95,259.92,0.97,263.48,0.98,709.96,0.01,0.01,2352.9716,1776295081000
1776295083.584,183.584,0.03,260.22,0.02,709.96,0.04,174.0,0.05,375.19,0.96,160.0,0.95,375.19,0.97,259.35,0.98,709.96,0.01,0.01,2352.939439,1776295082000
1776295087.072,187.072,0.03,230.22,0.02,714.96,0.04,295.01,0.05,260.92,0.96,174.0,0.95,375.19,0.97,260.22,0.98,709.96,0.01,0.01,2352.95944,1776295085000
1776295087.28,187.28,0.03,195.22,0.02,714.96,0.04,321.01,0.05,260.92,0.96,295.01,0.95,260.92,0.97,230.22,0.98,714.96,0.01,0.01,2352.95944,1776295085000
1776295091.242,191.242,0.03,118.22,0.02,714.96,0.04,374.01,0.05,193.8,0.96,321.01,0.95,260.92,0.97,195.22,0.98,714.96,0.01,0.01,2352.921506,1776295090000
1776295095.51,195.51,0.03,113.22,0.02,714.96,0.04,437.01,0.05,291.95,0.96,374.01,0.95,193.8,0.97,118.22,0.98,714.96,0.01,0.01,2352.890607,1776295094000
1776295100.961,200.961,0.03,124.22,0.02,708.96,0.04,136.62,0.05,156.8,0.96,437.01,0.95,291.95,0.97,113.22,0.98,714.96,0.01,0.01,2353.3998,1776295099000
1776295101.412,201.412,0.03,119.22,0.02,708.96,0.04,116.62,0.05,156.8,0.96,136.62,0.95,156.8,0.97,124.22,0.98,708.96,0.01,0.01,2353.438149,1776295100000
1776295101.859,201.859,0.03,69.22,0.02,714.96,0.04,81.62,0.05,156.8,0.96,116.62,0.95,156.8,0.97,119.22,0.98,708.96,0.01,0.01,2353.438149,1776295100000
1776295103.705,203.705,0.03,19.06,0.02,708.96,0.04,167.26,0.05,175.8,0.96,81.62,0.95,156.8,0.97,69.22,0.98,714.96,0.01,0.01,2353.48896,1776295102000
1776295105.167,205.167,0.03,0.06,0.02,708.96,0.04,162.26,0.05,197.8,0.96,167.26,0.95,175.8,0.97,19.06,0.98,708.96,0.01,0.01,2353.54373,1776295104000
1776295107.222,207.222,0.02,708.96,0.01,2227.7,0.04,157.26,0.05,175.8,0.96,162.26,0.95,197.8,0.97,0.06,0.98,708.96,0.02,0.01,2353.55436,1776295106000
1776295107.493,207.493,0.02,712.93,0.01,2427.7,0.03,113.0,0.04,71.62,0.96,157.26,0.95,175.8,0.98,708.96,0.99,1926.7,0.01,0.02,2353.55436,1776295106000
1776295107.841,207.841,0.02,656.93,0.01,2427.7,0.03,113.0,0.04,71.62,0.97,113.0,0.96,71.62,0.98,692.93,0.99,2427.7,0.01,0.01,2353.55436,1776295106000
1776295108.332,208.332,0.02,656.93,0.01,2427.7,0.03,103.0,0.04,201.32,0.97,113.0,0.96,71.62,0.98,661.93,0.99,2427.7,0.01,0.01,2353.55438,1776295107000
1776295109.497,209.497,0.02,666.92,0.01,2728.7,0.03,107.94,0.04,165.32,0.97,103.0,0.96,201.32,0.98,656.93,0.99,2427.7,0.01,0.01,2353.551,1776295108000
1776295110.366,210.366,0.02,671.92,0.01,4229.41,0.03,42.94,0.04,170.32,0.97,107.94,0.96,165.32,0.98,666.92,0.99,2728.7,0.01,0.01,2353.551,1776295108000
1776295111.448,211.448,0.02,620.92,0.01,2728.7,0.03,80.31,0.04,248.04,0.97,42.94,0.96,170.32,0.98,671.92,0.99,4229.41,0.01,0.01,2353.55155,1776295110000
1776295114.096,214.096,0.02,520.39,0.01,2417.7,0.03,25.31,0.04,125.34,0.97,80.31,0.96,248.04,0.98,570.39,0.99,2728.7,0.01,0.01,2353.551475,1776295112000
1776295114.589,214.589,0.02,530.39,0.01,2016.7,0.03,20.31,0.04,120.34,0.97,25.31,0.96,125.34,0.98,520.39,0.99,2417.7,0.01,0.01,2353.54537,1776295113000
1776295115.201,215.201,0.03,22.69,0.02,530.39,0.04,120.34,0.05,119.8,0.97,20.31,0.96,120.34,0.98,530.39,0.99,2016.7,0.01,0.01,2353.5516,1776295114000
1776295115.718,215.718,0.03,2.69,0.02,530.39,0.04,125.34,0.05,124.8,0.96,120.34,0.95,119.8,0.97,22.69,0.98,530.39,0.01,0.01,2353.5516,1776295114000
1776295116.249,216.249,0.02,550.39,0.01,2317.7,0.03,7.31,0.04,203.8,0.96,125.34,0.95,124.8,0.97,2.69,0.98,530.39,0.01,0.01,2353.886791,1776295115000
1776295119.128,219.128,0.02,490.39,0.01,2010.7,0.03,17.31,0.04,91.62,0.97,7.31,0.96,203.8,0.98,550.39,0.99,2317.7,0.01,0.01,2353.961747,1776295117000
1776295121.511,221.511,0.02,277.58,0.01,2005.7,0.03,27.31,0.04,185.32,0.97,17.31,0.96,91.62,0.98,457.42,0.99,2010.7,0.01,0.01,2353.738985,1776295120000
1776295124.988,224.988,0.02,34.88,0.01,2005.7,0.03,213.01,0.04,160.32,0.97,27.31,0.96,185.32,0.98,277.58,0.99,2005.7,0.01,0.01,2353.589991,1776295123000
1776295126.066,226.066,0.02,34.88,0.01,2005.7,0.03,204.01,0.04,165.32,0.97,213.01,0.96,160.32,0.98,34.88,0.99,2005.7,0.01,0.01,2353.638618,1776295124000
1776295126.828,226.828,0.02,26.02,0.01,2012.7,0.03,219.01,0.04,165.32,0.97,204.01,0.96,165.32,0.98,34.88,0.99,2005.7,0.01,0.01,2353.482779,1776295125000
1776295127.466,227.466,0.01,4436.62,,,0.03,191.01,0.04,225.32,0.97,219.01,0.96,165.32,0.98,26.02,0.99,2012.7,0.02,0.01,2353.393469,1776295126000
1776295128.121,228.121,0.01,1980.72,,,0.02,317.7,0.03,171.7,0.97,191.01,0.96,225.32,0.99,4436.62,,,0.01,0.02,2353.393469,1776295126000
1776295128.624,228.624,0.01,1962.56,,,0.02,317.62,0.03,171.7,0.98,317.7,0.97,171.7,0.99,1952.56,,,0.01,0.01,2353.300949,1776295127000
1776295130.257,230.257,0.01,1949.56,,,0.02,453.37,0.03,270.7,0.98,317.62,0.97,171.7,0.99,1957.56,,,0.01,0.01,2353.335135,1776295129000
1776295131.952,231.952,0.01,2122.73,,,0.02,364.37,0.03,252.7,0.98,453.37,0.97,270.7,0.99,1949.56,,,0.01,0.01,2353.3071,1776295130000
1776295132.238,232.238,0.01,2127.73,,,0.02,376.36,0.03,252.7,0.98,364.37,0.97,252.7,0.99,2122.73,,,0.01,0.01,2353.3071,1776295130000
1776295133.022,233.022,0.01,1729.52,,,0.02,376.36,0.03,252.7,0.98,376.36,0.97,252.7,0.99,2127.73,,,0.01,0.01,2353.302522,1776295131000
1776295134.601,234.601,0.01,1142.52,,,0.02,366.36,0.03,258.7,0.98,376.36,0.97,252.7,0.99,1224.52,,,0.01,0.01,2353.116249,1776295133000
1776295135.003,235.003,0.01,1122.32,,,0.02,366.36,0.03,258.7,0.98,366.36,0.97,258.7,0.99,1142.52,,,0.01,0.01,2353.116249,1776295134000
1776295135.473,235.473,0.01,1025.28,,,0.02,366.36,0.03,263.7,0.98,366.36,0.97,258.7,0.99,1020.28,,,0.01,0.01,2353.116249,1776295134000
1776295136.516,236.516,0.01,1016.97,,,0.02,471.36,0.03,263.7,0.98,366.36,0.97,263.7,0.99,1025.28,,,0.01,0.01,2353.095494,1776295135000
1776295137.795,237.795,0.01,993.01,,,0.02,465.36,0.03,263.7,0.98,471.36,0.97,263.7,0.99,1016.97,,,0.01,0.01,2353.101695,1776295136000
1776295139.218,239.218,0.01,988.01,,,0.02,470.36,0.03,258.7,0.98,465.36,0.97,263.7,0.99,993.01,,,0.01,0.01,2353.061744,1776295138000
1776295140.563,240.563,0.01,981.95,,,0.02,465.36,0.03,258.7,0.98,465.36,0.97,258.7,0.99,988.01,,,0.01,0.01,2353.08368,1776295139000
1776295141.109,241.109,0.01,979.95,,,0.02,448.45,0.03,244.7,0.98,465.36,0.97,258.7,0.99,981.95,,,0.01,0.01,2353.129068,1776295140000
1776295141.842,241.842,0.01,929.45,0.009,5.0,0.02,537.45,0.03,249.7,0.98,448.45,0.97,244.7,0.99,979.95,,,0.01,0.01,2353.129068,1776295140000
1776295142.304,242.304,0.01,893.34,0.009,5.0,0.02,537.45,0.03,297.7,0.98,537.45,0.97,352.2,0.99,898.45,0.991,5.0,0.01,0.01,2353.091446,1776295141000
1776295142.533,242.533,0.01,897.32,0.009,5.0,0.02,537.45,0.03,297.7,0.98,537.45,0.97,297.7,0.99,893.34,0.991,5.0,0.01,0.01,2353.091446,1776295141000
1776295143.605,243.605,0.01,882.21,0.009,5.0,0.02,555.45,0.03,297.7,0.98,537.45,0.97,297.7,0.99,892.27,0.991,5.0,0.01,0.01,2353.393607,1776295142000
1776295145.212,245.212,0.01,872.1,0.009,5.0,0.02,500.81,0.03,292.7,0.98,555.45,0.97,297.7,0.99,882.21,0.991,5.0,0.01,0.01,2353.391187,1776295143000
1776295145.575,245.575,0.01,864.02,0.009,5.0,0.02,489.81,0.03,311.7,0.98,500.81,0.97,292.7,0.99,872.1,0.991,5.0,0.01,0.01,2353.391187,1776295143000
1776295147.126,247.126,0.01,864.02,0.009,5.0,0.02,502.81,0.03,292.7,0.98,489.81,0.97,311.7,0.99,864.02,0.991,5.0,0.01,0.01,2353.47289,1776295145000
1776295147.539,247.539,0.01,854.02,0.009,5.0,0.02,502.81,0.03,292.7,0.98,502.81,0.97,292.7,0.99,864.02,0.991,5.0,0.01,0.01,2353.639945,1776295146000
1776295148.764,248.764,0.01,845.94,0.009,5.0,0.02,502.81,0.03,339.7,0.98,502.81,0.97,292.7,0.99,854.02,0.991,5.0,0.01,0.01,2353.687095,1776295147000
1776295150.644,250.644,0.01,845.94,0.009,5.0,0.011,108.03,0.02,627.81,0.98,502.81,0.97,339.7,0.99,845.94,0.991,5.0,0.001,0.01,2353.784355,1776295149000
1776295151.103,251.103,0.01,820.94,0.005,6.0,0.011,149.03,0.02,625.81,0.989,108.03,0.98,627.81,0.99,845.94,0.991,5.0,0.001,0.001,2353.784355,1776295149000
1776295151.547,251.547,0.01,820.94,0.005,6.0,0.011,124.03,0.02,625.81,0.989,149.03,0.98,625.81,0.99,820.94,0.995,6.0,0.001,0.001,2353.76995,1776295150000
1776295152.75,252.75,0.01,810.83,0.005,6.0,0.011,124.03,0.02,625.81,0.989,124.03,0.98,625.81,0.99,820.94,0.995,6.0,0.001,0.001,2353.522581,1776295151000
1776295153.082,253.082,0.01,795.7,0.005,6.0,0.011,124.03,0.02,625.81,0.989,124.03,0.98,625.81,0.99,798.7,0.995,6.0,0.001,0.001,2353.4938,1776295152000
1776295153.564,253.564,0.01,779.68,0.005,6.0,0.011,124.03,0.02,625.81,0.989,124.03,0.98,625.81,0.99,780.7,0.995,6.0,0.001,0.001,2353.4938,1776295152000
1776295155.583,255.583,0.01,666.82,0.005,6.0,0.011,124.03,0.02,625.81,0.989,124.03,0.98,625.81,0.99,779.68,0.995,6.0,0.001,0.001,2353.489076,1776295154000
1776295156.555,256.555,0.01,664.23,0.005,6.0,0.011,129.03,0.02,632.81,0.989,124.03,0.98,625.81,0.99,666.82,0.995,6.0,0.001,0.001,2353.483127,1776295155000
1776295156.895,256.895,0.01,114.23,0.005,6.0,0.011,38.12,0.02,632.81,0.989,38.12,0.98,632.81,0.99,164.23,0.995,6.0,0.001,0.001,2353.483127,1776295155000
1776295157.154,257.154,0.003,6.0,0.002,200.0,0.01,568.77,0.011,38.12,0.99,185.77,0.989,38.12,0.995,6.0,0.997,6.0,0.007,0.005,2353.455,1776295156000
1776295157.69,257.69,0.002,199.44,0.001,695.0,0.01,543.77,0.011,38.12,0.99,567.58,0.989,38.12,0.997,6.0,0.998,200.0,0.008,0.007,2353.455,1776295156000
1776295158.384,258.384,0.003,5.0,0.002,199.44,0.01,535.91,0.011,38.12,0.99,543.77,0.989,38.12,0.998,199.44,0.999,695.0,0.007,0.008,2353.477494,1776295157000
1776295159.013,259.013,0.002,196.41,0.001,695.0,0.01,550.91,0.011,38.12,0.99,535.91,0.989,38.12,0.997,5.0,0.998,199.44,0.008,0.007,2353.477494,1776295157000
1776295161.325,261.325,0.002,201.41,0.001,700.0,0.01,448.45,0.011,38.12,0.99,550.91,0.989,38.12,0.998,196.41,0.999,695.0,0.008,0.008,2353.689363,1776295159000
1776295164.289,264.289,0.002,181.37,0.001,700.0,0.01,422.86,0.011,38.12,0.99,447.28,0.989,38.12,0.998,201.41,0.999,700.0,0.008,0.008,2353.77432,1776295162000
1776295170.965,270.965,0.001,418.95,,,0.009,400.0,0.01,2046.61,0.99,422.86,0.989,38.12,0.997,3.99,0.998,181.37,0.008,0.007,2354.20174,1776295169000
1776295173.522,273.522,0.002,5.0,0.001,418.95,0.009,398.89,0.01,2184.62,0.991,400.0,0.99,2046.61,0.999,418.95,,,0.007,0.008,2354.20775,1776295172000
1776295180.592,280.592,0.002,5.0,0.001,693.95,0.009,373.1,0.01,2852.71,0.991,398.89,0.99,2184.62,0.998,5.0,0.999,418.95,0.007,0.007,2353.898743,1776295179000
1776295182.148,282.148,0.001,693.95,,,0.009,373.1,0.01,2703.72,0.991,373.1,0.99,2852.71,0.998,5.0,0.999,693.95,0.008,0.007,2353.89695,1776295180000
1776295183.517,283.517,0.001,618.87,,,0.009,373.1,0.01,2932.91,0.991,373.1,0.99,2703.72,0.999,693.95,,,0.008,0.008,2353.878178,1776295182000
1776295184.024,284.024,,,,,0.001,1389.14,0.009,373.1,0.991,373.1,0.99,2932.91,0.999,618.87,,,,0.008,2353.878178,1776295182000
1776295186.541,286.541,,,,,0.001,3424.07,0.008,1255.98,0.999,1389.14,0.991,373.1,,,,,,,2353.88855,1776295185000
1776295195.688,295.688,,,,,0.001,4434.02,0.009,373.1,0.999,3424.07,0.992,1255.98,,,,,,,2353.68525,1776295194000

# RESULT,winner=Down,slug=eth-updown-5m-1776294900,ticks=270
