timestamp,elapsed_sec,up_bid_p1,up_bid_s1,up_bid_p2,up_bid_s2,up_ask_p1,up_ask_s1,up_ask_p2,up_ask_s2,down_bid_p1,down_bid_s1,down_bid_p2,down_bid_s2,down_ask_p1,down_ask_s1,down_ask_p2,down_ask_s2,up_spread,down_spread,eth_price,eth_oracle_ts
1776249301.529,1.529,0.54,15.0,0.53,69.21,0.56,53.0,0.57,70.0,0.44,123.0,0.43,70.0,0.46,21.0,0.47,69.21,0.02,0.02,2324.874295,1776244517000
1776249301.896,1.896,0.54,24.67,0.53,69.21,0.56,166.0,0.57,83.0,0.44,123.0,0.43,70.0,0.46,21.0,0.47,69.21,0.02,0.02,2324.874295,1776244517000
1776249302.749,2.749,0.54,59.92,0.53,69.21,0.56,71.26,0.57,75.0,0.44,166.0,0.43,83.0,0.46,24.67,0.47,69.21,0.02,0.02,2324.874295,1776244517000
1776249303.209,3.209,0.54,97.96,0.53,69.21,0.56,125.26,0.57,133.0,0.44,130.26,0.43,88.0,0.46,119.7,0.47,69.21,0.02,0.02,2324.874295,1776244517000
1776249303.412,3.412,0.54,76.22,0.53,69.21,0.55,14.94,0.56,76.26,0.45,76.0,0.44,76.26,0.46,76.22,0.47,69.21,0.01,0.01,2324.874295,1776244517000
1776249303.991,3.991,0.54,36.98,0.53,74.21,0.55,135.28,0.56,131.26,0.45,86.28,0.44,126.26,0.46,46.98,0.47,74.21,0.01,0.01,2324.874295,1776244517000
1776249304.508,4.508,0.54,36.98,0.53,74.21,0.55,135.09,0.56,131.26,0.45,135.28,0.44,131.26,0.46,36.98,0.47,74.21,0.01,0.01,2324.874295,1776244517000
1776249304.797,4.797,0.54,36.98,0.53,74.21,0.56,15.0,0.57,10.0,0.42,6.04,0.41,15.0,0.46,36.98,0.47,74.21,0.02,0.04,2324.874295,1776244517000
1776249305.433,5.433,0.54,41.98,0.53,74.21,0.55,21.94,0.56,20.0,0.44,15.0,0.43,10.0,0.46,36.98,0.47,74.21,0.01,0.02,2324.874295,1776244517000
1776249305.811,5.811,0.54,26.98,0.53,69.21,0.55,74.94,0.56,142.14,0.45,21.94,0.44,20.0,0.46,41.98,0.47,74.21,0.01,0.01,2324.874295,1776244517000
1776249306.049,6.049,0.53,64.88,0.52,142.65,0.55,96.94,0.56,137.14,0.45,86.94,0.44,137.14,0.46,0.67,0.47,69.21,0.02,0.01,2324.874295,1776244517000
1776249306.451,6.451,0.53,65.43,0.52,147.65,0.54,74.0,0.55,36.0,0.45,96.94,0.44,137.14,0.47,64.88,0.48,142.65,0.01,0.02,2324.874295,1776244517000
1776249307.274,7.274,0.53,12.74,0.52,147.65,0.54,77.89,0.55,31.0,0.46,72.89,0.45,36.0,0.47,65.43,0.48,147.65,0.01,0.01,2324.874295,1776244517000
1776249307.606,7.606,0.53,2.52,0.52,147.65,0.54,161.77,0.55,31.0,0.46,76.77,0.45,31.0,0.47,7.74,0.48,147.65,0.01,0.01,2324.874295,1776244517000
1776249308.048,8.048,0.53,2.52,0.52,147.65,0.54,159.89,0.55,31.0,0.46,161.77,0.45,31.0,0.47,2.52,0.48,147.65,0.01,0.01,2324.874295,1776244517000
1776249308.316,8.316,0.52,99.07,0.51,252.84,0.54,154.89,0.55,31.0,0.46,159.89,0.45,31.0,0.47,2.52,0.48,147.65,0.02,0.01,2324.874295,1776244517000
1776249308.694,8.694,0.52,96.9,0.51,257.84,0.53,72.0,0.54,101.89,0.46,154.89,0.45,31.0,0.48,99.07,0.49,252.84,0.01,0.02,2324.874295,1776244517000
1776249308.967,8.967,0.52,26.06,0.51,267.84,0.53,104.07,0.54,121.89,0.47,106.0,0.46,51.89,0.48,21.06,0.49,257.84,0.01,0.01,2324.874295,1776244517000
1776249309.699,9.699,0.51,322.63,0.5,104.8,0.52,21.0,0.53,74.08,0.47,79.07,0.46,121.89,0.48,0.28,0.49,267.84,0.01,0.01,2324.874295,1776244517000
1776249310.398,10.398,0.51,399.95,0.5,109.8,0.52,23.0,0.53,72.08,0.48,21.0,0.47,74.08,0.49,322.63,0.5,104.8,0.01,0.01,2324.874295,1776244517000
1776249312.209,12.209,0.51,404.95,0.5,104.8,0.52,77.27,0.53,56.08,0.48,23.0,0.47,72.08,0.49,415.45,0.5,109.8,0.01,0.01,2324.874295,1776244517000
1776249312.944,12.944,0.51,397.9,0.5,104.8,0.52,75.23,0.53,66.08,0.48,75.23,0.47,56.08,0.49,399.95,0.5,104.8,0.01,0.01,2324.874295,1776244517000
1776249313.821,13.821,0.51,339.9,0.5,109.8,0.52,81.38,0.53,56.08,0.48,75.23,0.47,66.08,0.49,397.9,0.5,104.8,0.01,0.01,2324.874295,1776244517000
1776249314.96,14.96,0.52,94.1,0.51,349.9,0.53,33.51,0.54,130.0,0.47,26.58,0.46,130.0,0.49,344.9,0.5,109.8,0.01,0.02,2324.874295,1776244517000
1776249315.965,15.965,0.52,112.85,0.51,349.9,0.53,122.66,0.54,145.0,0.47,33.51,0.46,130.0,0.48,94.1,0.49,349.9,0.01,0.01,2324.874295,1776244517000
1776249316.445,16.445,0.52,85.0,0.51,239.9,0.53,180.77,0.54,145.0,0.47,122.66,0.46,145.0,0.48,112.85,0.49,349.9,0.01,0.01,2324.874295,1776244517000
1776249316.915,16.915,0.52,85.0,0.51,239.9,0.53,198.88,0.54,170.0,0.47,180.77,0.46,145.0,0.48,85.0,0.49,239.9,0.01,0.01,2324.874295,1776244517000
1776249317.51,17.51,0.52,78.75,0.51,234.9,0.53,221.88,0.54,220.0,0.47,198.88,0.46,170.0,0.48,85.0,0.49,239.9,0.01,0.01,2324.874295,1776244517000
1776249317.877,17.877,0.52,46.16,0.51,234.9,0.53,150.81,0.54,140.0,0.47,225.66,0.46,215.0,0.48,46.16,0.49,234.9,0.01,0.01,2324.874295,1776244517000
1776249318.078,18.078,0.51,67.54,0.5,20.0,0.52,35.5,0.53,110.81,0.48,35.5,0.47,110.81,0.49,117.54,0.5,20.0,0.01,0.01,2324.874295,1776244517000
1776249318.298,18.298,0.51,17.26,0.5,20.0,0.52,78.5,0.53,100.81,0.48,83.5,0.47,110.81,0.49,52.88,0.5,20.0,0.01,0.01,2324.874295,1776244517000
1776249318.851,18.851,0.48,20.47,0.47,5.0,0.5,78.0,0.51,146.75,0.49,5.0,0.48,85.8,0.51,4.66,0.52,21.0,0.02,0.02,2324.874295,1776244517000
1776249319.229,19.229,0.48,20.47,0.47,5.0,0.5,33.0,0.51,141.75,0.51,25.0,0.5,63.0,0.52,20.47,0.53,5.0,0.02,0.01,2324.874295,1776244517000
1776249319.482,19.482,0.48,3.54,0.47,5.0,0.49,47.5,0.5,43.0,0.5,33.0,0.49,141.75,0.52,20.47,0.53,5.0,0.01,0.02,2324.874295,1776244517000
1776249320.1,20.1,0.47,93.59,0.46,115.5,0.48,10.0,0.49,22.0,0.51,42.5,0.5,106.09,0.53,5.0,0.54,60.5,0.01,0.02,2324.874295,1776244517000
1776249320.426,20.426,0.47,90.33,0.46,130.5,0.48,15.0,0.49,15.0,0.52,15.0,0.51,22.0,0.53,66.09,0.54,115.5,0.01,0.01,2324.874295,1776244517000
1776249321.317,21.317,0.47,93.61,0.46,130.5,0.48,23.0,0.49,23.0,0.52,15.0,0.51,15.0,0.53,90.33,0.54,130.5,0.01,0.01,2324.874295,1776244517000
1776249321.896,21.896,0.47,96.72,0.46,130.5,0.48,23.0,0.49,23.0,0.52,23.0,0.51,23.0,0.53,93.61,0.54,130.5,0.01,0.01,2324.874295,1776244517000
1776249323.336,23.336,0.47,68.61,0.46,110.5,0.48,73.0,0.49,73.0,0.52,23.0,0.51,23.0,0.53,96.72,0.54,130.5,0.01,0.01,2324.874295,1776244517000
1776249323.766,23.766,0.47,110.5,0.46,258.5,0.49,13.0,0.5,121.86,0.52,70.91,0.51,73.0,0.53,78.61,0.54,115.5,0.02,0.01,2324.874295,1776244517000
1776249325.186,25.186,0.47,99.74,0.46,251.5,0.48,18.0,0.49,23.0,0.51,13.0,0.5,121.86,0.53,110.5,0.54,258.5,0.01,0.02,2324.874295,1776244517000
1776249326.948,26.948,0.47,98.42,0.46,145.5,0.48,23.0,0.49,23.0,0.52,18.0,0.51,23.0,0.53,99.74,0.54,251.5,0.01,0.01,2324.874295,1776244517000
1776249328.805,28.805,0.51,45.0,0.49,67.28,0.52,107.31,0.53,36.63,0.52,23.0,0.51,23.0,0.53,98.42,0.54,145.5,0.01,0.01,2324.874295,1776244517000
1776249329.238,29.238,0.51,39.99,0.5,5.0,0.52,75.81,0.53,54.63,0.48,90.31,0.47,36.63,0.49,37.04,0.51,67.28,0.01,0.01,2324.874295,1776244517000
1776249329.647,29.647,0.51,37.04,0.5,10.0,0.52,92.31,0.53,54.63,0.48,75.81,0.47,54.63,0.49,39.99,0.5,5.0,0.01,0.01,2324.874295,1776244517000
1776249330.144,30.144,0.51,37.04,0.5,10.0,0.52,138.01,0.53,104.63,0.48,86.86,0.47,54.63,0.49,37.04,0.5,10.0,0.01,0.01,2324.874295,1776244517000
1776249330.618,30.618,0.51,32.04,0.5,20.5,0.52,133.6,0.53,104.63,0.48,138.01,0.47,104.63,0.49,37.04,0.5,10.0,0.01,0.01,2324.874295,1776244517000
1776249330.845,30.845,0.51,84.99,0.5,15.0,0.52,119.95,0.53,114.63,0.48,124.95,0.47,104.63,0.49,32.04,0.5,20.5,0.01,0.01,2324.874295,1776244517000
1776249333.893,33.893,0.49,66.78,0.48,35.0,0.5,5.0,0.51,143.5,0.48,119.95,0.47,114.63,0.49,84.99,0.5,15.0,0.01,0.01,2324.874295,1776244517000
1776249334.432,34.432,0.49,66.78,0.48,35.0,0.5,179.5,0.51,123.5,0.5,5.0,0.49,143.5,0.51,66.78,0.52,35.0,0.01,0.01,2324.874295,1776244517000
1776249334.722,34.722,0.49,36.78,0.48,35.0,0.5,174.5,0.51,123.5,0.5,179.5,0.49,123.5,0.51,66.78,0.52,35.0,0.01,0.01,2324.874295,1776244517000
1776249334.923,34.923,0.49,26.78,0.48,35.0,0.5,146.5,0.51,123.5,0.5,174.5,0.49,123.5,0.51,36.78,0.52,35.0,0.01,0.01,2324.874295,1776244517000
1776249335.255,35.255,0.48,35.0,0.47,5.68,0.5,189.5,0.51,123.5,0.5,146.5,0.49,123.5,0.51,26.78,0.52,35.0,0.02,0.01,2324.874295,1776244517000
1776249337.648,37.648,0.48,15.0,0.47,10.68,0.49,143.5,0.5,116.5,0.5,189.5,0.49,123.5,0.52,35.0,0.53,5.68,0.01,0.02,2324.874295,1776244517000
1776249341.866,41.866,0.47,66.18,0.46,155.5,0.48,25.0,0.49,43.0,0.51,143.5,0.5,116.5,0.52,15.0,0.53,10.68,0.01,0.01,2324.874295,1776244517000
1776249342.435,42.435,0.48,130.28,0.47,111.18,0.49,33.0,0.5,35.0,0.51,43.0,0.5,65.0,0.53,116.18,0.54,160.5,0.01,0.02,2324.874295,1776244517000
1776249342.906,42.906,0.48,71.07,0.47,75.68,0.49,98.5,0.5,126.68,0.51,33.0,0.5,35.0,0.52,130.28,0.53,111.18,0.01,0.01,2324.874295,1776244517000
1776249343.831,43.831,0.47,56.25,0.46,85.5,0.49,80.5,0.5,116.18,0.51,83.5,0.5,126.68,0.52,71.07,0.53,75.68,0.02,0.01,2324.874295,1776244517000
1776249348.309,48.309,0.45,100.51,0.44,130.0,0.47,113.5,0.48,136.5,0.51,80.5,0.5,116.18,0.53,56.25,0.54,85.5,0.02,0.02,2324.874295,1776244517000
1776249349.213,49.213,0.45,1.42,0.43,150.0,0.46,272.55,0.47,151.5,0.54,30.5,0.53,78.5,0.55,91.42,0.56,130.0,0.01,0.01,2324.874295,1776244517000
1776249349.999,49.999,0.42,109.31,0.41,65.5,0.43,49.0,0.44,232.62,0.54,292.55,0.53,201.5,0.57,150.0,0.58,125.0,0.01,0.03,2324.874295,1776244517000
1776249350.318,50.318,0.42,143.08,0.41,65.5,0.43,138.0,0.44,113.5,0.57,49.0,0.56,232.62,0.58,109.31,0.59,65.5,0.01,0.01,2324.874295,1776244517000
1776249351.394,51.394,0.42,144.62,0.41,120.5,0.43,63.0,0.44,48.0,0.57,148.0,0.56,113.5,0.58,141.35,0.59,65.5,0.01,0.01,2324.874295,1776244517000
1776249353.311,53.311,0.42,158.89,0.41,120.5,0.43,38.0,0.44,63.17,0.57,68.0,0.56,23.0,0.58,150.62,0.59,120.5,0.01,0.01,2324.874295,1776244517000
1776249354.191,54.191,0.42,163.89,0.41,130.5,0.43,35.67,0.44,18.0,0.57,38.0,0.56,63.17,0.58,158.89,0.59,120.5,0.01,0.01,2324.874295,1776244517000
1776249354.615,54.615,0.42,339.89,0.41,144.5,0.43,10.0,0.45,20.0,0.57,35.67,0.56,18.0,0.58,163.89,0.59,130.5,0.01,0.01,2324.874295,1776244517000
1776249355.086,55.086,0.44,145.5,0.43,277.5,0.45,59.55,0.46,45.0,0.55,20.0,0.54,10.0,0.58,334.89,0.59,144.5,0.01,0.03,2324.874295,1776244517000
1776249355.452,55.452,0.44,145.5,0.43,277.5,0.45,26.41,0.46,45.0,0.55,49.55,0.54,45.0,0.56,145.5,0.57,277.5,0.01,0.01,2324.874295,1776244517000
1776249356.08,56.08,0.44,135.5,0.43,277.5,0.45,73.9,0.46,40.0,0.55,26.41,0.54,45.0,0.56,145.5,0.57,277.5,0.01,0.01,2324.874295,1776244517000
1776249356.315,56.315,0.44,130.98,0.43,288.5,0.45,73.9,0.46,40.0,0.55,73.9,0.54,40.0,0.56,135.5,0.57,277.5,0.01,0.01,2324.874295,1776244517000
1776249356.649,56.649,0.44,120.19,0.43,288.5,0.45,73.9,0.46,40.0,0.55,73.9,0.54,40.0,0.56,134.03,0.57,288.5,0.01,0.01,2324.874295,1776244517000
1776249357.146,57.146,0.44,102.42,0.43,273.5,0.45,78.9,0.46,40.0,0.55,73.9,0.54,40.0,0.56,120.19,0.57,288.5,0.01,0.01,2324.874295,1776244517000
1776249359.024,59.024,0.44,96.05,0.43,150.5,0.45,40.01,0.46,75.28,0.55,73.9,0.54,40.0,0.56,100.47,0.57,273.5,0.01,0.01,2324.874295,1776244517000
1776249360.01,60.01,0.44,96.05,0.43,150.5,0.45,107.72,0.46,95.0,0.55,40.01,0.54,75.28,0.56,96.05,0.57,150.5,0.01,0.01,2324.874295,1776244517000
1776249360.589,60.589,0.44,99.08,0.43,150.5,0.45,40.01,0.46,45.0,0.55,107.72,0.54,95.0,0.56,96.05,0.57,150.5,0.01,0.01,2324.874295,1776244517000
1776249360.824,60.824,0.44,67.14,0.43,140.5,0.45,99.81,0.46,105.5,0.55,40.01,0.54,45.0,0.56,99.08,0.57,150.5,0.01,0.01,2324.874295,1776244517000
1776249361.061,61.061,0.44,64.46,0.43,140.5,0.45,104.81,0.46,105.5,0.55,99.81,0.54,105.5,0.56,67.14,0.57,140.5,0.01,0.01,2324.874295,1776244517000
1776249362.054,62.054,0.43,48.07,0.42,163.89,0.44,50.0,0.45,105.52,0.55,99.81,0.54,105.5,0.56,67.49,0.57,140.5,0.01,0.01,2324.874295,1776244517000
1776249366.382,66.382,0.43,58.07,0.42,163.89,0.44,315.57,0.45,105.52,0.56,50.0,0.55,105.52,0.57,48.07,0.58,163.89,0.01,0.01,2324.874295,1776244517000
1776249366.685,66.685,0.43,55.26,0.42,158.89,0.44,360.57,0.45,105.52,0.56,315.57,0.55,105.52,0.57,58.07,0.58,163.89,0.01,0.01,2324.874295,1776244517000
1776249367.173,67.173,0.43,3.57,0.42,158.89,0.44,405.57,0.45,128.12,0.56,360.57,0.55,105.52,0.57,55.26,0.58,158.89,0.01,0.01,2324.874295,1776244517000
1776249368.155,68.155,0.43,106.52,0.42,369.89,0.44,304.47,0.45,40.02,0.56,405.57,0.55,128.12,0.57,3.57,0.58,158.89,0.01,0.01,2324.874295,1776244517000
1776249368.585,68.585,0.43,65.5,0.42,359.89,0.44,299.47,0.45,45.02,0.56,304.47,0.55,40.02,0.57,106.52,0.58,369.89,0.01,0.01,2324.874295,1776244517000
1776249368.85,68.85,0.43,65.5,0.42,359.89,0.44,324.47,0.45,45.02,0.56,299.47,0.55,45.02,0.57,65.5,0.58,359.89,0.01,0.01,2324.874295,1776244517000
1776249369.899,69.899,0.43,65.5,0.42,370.89,0.44,284.47,0.45,45.02,0.56,324.47,0.55,45.02,0.57,65.5,0.58,359.89,0.01,0.01,2324.874295,1776244517000
1776249371.089,71.089,0.43,73.39,0.42,238.89,0.44,354.47,0.45,100.52,0.56,284.47,0.55,45.02,0.57,65.5,0.58,370.89,0.01,0.01,2324.874295,1776244517000
1776249371.354,71.354,0.43,50.0,0.42,223.89,0.44,370.97,0.45,100.52,0.56,354.47,0.55,100.52,0.57,73.39,0.58,238.89,0.01,0.01,2324.874295,1776244517000
1776249372.276,72.276,0.43,50.5,0.42,153.89,0.44,363.19,0.45,100.52,0.56,370.97,0.55,100.52,0.57,50.0,0.58,223.89,0.01,0.01,2324.874295,1776244517000
1776249372.748,72.748,0.43,10.5,0.42,148.89,0.44,313.19,0.45,100.52,0.56,363.19,0.55,100.52,0.57,50.5,0.58,153.89,0.01,0.01,2324.874295,1776244517000
1776249373.718,73.718,0.43,10.5,0.42,148.89,0.44,330.91,0.45,100.52,0.56,313.19,0.55,100.52,0.57,10.5,0.58,148.89,0.01,0.01,2324.874295,1776244517000
1776249374.352,74.352,0.42,151.92,0.41,145.5,0.43,15.0,0.44,386.41,0.56,330.91,0.55,100.52,0.57,10.5,0.58,148.89,0.01,0.01,2324.874295,1776244517000
1776249375.331,75.331,0.42,86.42,0.41,85.0,0.43,141.5,0.44,310.41,0.57,15.0,0.56,386.41,0.58,151.92,0.59,145.5,0.01,0.01,2324.874295,1776244517000
1776249375.833,75.833,0.42,81.42,0.41,90.0,0.43,196.5,0.44,310.41,0.57,141.5,0.56,310.41,0.58,86.42,0.59,85.0,0.01,0.01,2324.874295,1776244517000
1776249376.28,76.28,0.42,79.69,0.41,90.0,0.43,216.5,0.44,335.41,0.57,196.5,0.56,310.41,0.58,81.42,0.59,90.0,0.01,0.01,2324.874295,1776244517000
1776249376.794,76.794,0.42,68.13,0.41,35.0,0.43,211.5,0.44,342.41,0.57,216.5,0.56,335.41,0.58,79.69,0.59,90.0,0.01,0.01,2324.874295,1776244517000
1776249377.003,77.003,0.42,16.8,0.41,35.0,0.43,211.5,0.44,412.64,0.57,211.5,0.56,342.41,0.58,51.8,0.59,35.0,0.01,0.01,2324.874295,1776244517000
1776249379.783,79.783,0.39,52.65,0.38,105.5,0.4,172.7,0.41,100.4,0.57,216.5,0.56,412.64,0.59,35.0,0.6,80.0,0.01,0.02,2324.874295,1776244517000
1776249380.918,80.918,0.38,120.5,0.37,170.5,0.39,132.43,0.4,173.2,0.6,122.7,0.59,100.4,0.61,55.74,0.62,105.5,0.01,0.01,2324.874295,1776244517000
1776249382.315,82.315,0.38,115.5,0.37,170.5,0.39,72.65,0.4,168.34,0.61,132.43,0.6,173.2,0.62,120.5,0.63,170.5,0.01,0.01,2324.874295,1776244517000
1776249386.184,86.184,0.38,125.5,0.37,439.5,0.39,71.87,0.4,45.5,0.61,72.65,0.6,168.34,0.62,115.5,0.63,170.5,0.01,0.01,2324.874295,1776244517000
1776249387.194,87.194,0.38,205.5,0.37,509.5,0.39,33.92,0.4,50.5,0.61,23.87,0.6,45.5,0.62,135.5,0.63,509.5,0.01,0.01,2324.874295,1776244517000
1776249388.256,88.256,0.38,282.0,0.37,388.5,0.39,24.6,0.4,45.5,0.61,33.92,0.6,50.5,0.62,205.5,0.63,509.5,0.01,0.01,2324.874295,1776244517000
1776249388.494,88.494,0.38,270.15,0.37,413.5,0.39,12.7,0.4,45.5,0.61,24.6,0.6,45.5,0.62,282.0,0.63,388.5,0.01,0.01,2324.874295,1776244517000
1776249388.713,88.713,0.39,30.0,0.38,250.15,0.4,17.79,0.41,20.5,0.6,17.84,0.59,20.5,0.61,15.0,0.62,255.15,0.01,0.01,2324.874295,1776244517000
1776249389.246,89.246,0.39,70.9,0.38,250.15,0.4,12.79,0.41,25.5,0.6,17.79,0.59,20.5,0.61,27.0,0.62,250.15,0.01,0.01,2324.874295,1776244517000
1776249389.855,89.855,0.39,279.0,0.38,133.0,0.4,2.79,0.41,10.5,0.6,12.79,0.59,25.5,0.61,70.9,0.62,250.15,0.01,0.01,2324.874295,1776244517000
1776249390.18,90.18,0.41,127.56,0.4,203.0,0.42,20.5,0.43,80.5,0.58,20.5,0.57,80.5,0.59,82.4,0.6,153.0,0.01,0.01,2324.874295,1776244517000
1776249390.588,90.588,0.41,263.69,0.4,72.0,0.42,20.5,0.43,80.5,0.58,20.5,0.57,80.5,0.59,127.56,0.6,203.0,0.01,0.01,2324.874295,1776244517000
1776249391.171,91.171,0.41,281.99,0.4,142.0,0.42,25.51,0.43,80.5,0.58,20.5,0.57,80.5,0.59,263.69,0.6,72.0,0.01,0.01,2324.874295,1776244517000
1776249392.394,92.394,0.41,202.86,0.4,142.0,0.42,25.51,0.43,80.5,0.58,25.51,0.57,80.5,0.59,266.9,0.6,142.0,0.01,0.01,2324.874295,1776244517000
1776249392.625,92.625,0.41,207.16,0.4,142.0,0.42,25.51,0.43,80.5,0.58,25.51,0.57,80.5,0.59,202.86,0.6,142.0,0.01,0.01,2324.874295,1776244517000
1776249393.631,93.631,0.41,205.54,0.4,142.0,0.42,25.51,0.43,80.5,0.58,25.51,0.57,80.5,0.59,205.19,0.6,142.0,0.01,0.01,2324.874295,1776244517000
1776249394.029,94.029,0.41,205.54,0.4,142.0,0.42,23.12,0.43,80.5,0.58,25.51,0.57,80.5,0.59,205.54,0.6,142.0,0.01,0.01,2324.874295,1776244517000
1776249394.725,94.725,0.41,195.45,0.4,142.0,0.42,23.12,0.43,80.5,0.58,23.12,0.57,80.5,0.59,205.54,0.6,142.0,0.01,0.01,2324.874295,1776244517000
1776249397.714,97.714,0.41,193.48,0.4,142.0,0.42,23.12,0.43,80.5,0.58,23.12,0.57,80.5,0.59,195.45,0.6,142.0,0.01,0.01,2324.874295,1776244517000
1776249399.657,99.657,0.41,186.78,0.4,142.0,0.42,73.31,0.43,85.5,0.58,23.12,0.57,80.5,0.59,196.78,0.6,142.0,0.01,0.01,2324.874295,1776244517000
1776249400.461,100.461,0.41,142.3,0.4,152.0,0.42,83.31,0.43,90.5,0.58,73.31,0.57,85.5,0.59,186.78,0.6,142.0,0.01,0.01,2324.874295,1776244517000
1776249403.056,103.056,0.41,232.3,0.4,142.0,0.42,75.92,0.43,85.5,0.58,83.31,0.57,90.5,0.59,142.3,0.6,152.0,0.01,0.01,2324.874295,1776244517000
1776249403.622,103.622,0.41,312.69,0.4,152.0,0.43,20.5,0.44,248.79,0.58,75.92,0.57,85.5,0.59,232.3,0.6,142.0,0.02,0.01,2324.874295,1776244517000
1776249403.854,103.854,0.42,204.0,0.41,182.0,0.44,162.56,0.45,35.51,0.57,13.77,0.56,228.79,0.58,163.0,0.59,160.0,0.02,0.01,2324.874295,1776244517000
1776249404.131,104.131,0.44,175.0,0.43,125.0,0.45,0.07,0.46,20.0,0.55,30.79,0.53,10.0,0.57,157.0,0.58,102.0,0.01,0.02,2324.874295,1776244517000
1776249404.465,104.465,0.47,183.0,0.46,15.0,0.49,20.0,0.51,35.0,0.54,3.82,0.52,10.0,0.56,160.0,0.57,125.0,0.02,0.02,2324.874295,1776244517000
1776249404.934,104.934,0.51,154.0,0.5,62.0,0.52,32.85,0.53,80.0,0.51,20.0,0.49,35.0,0.52,8.07,0.53,183.0,0.01,0.01,2324.874295,1776244517000
1776249405.601,105.601,0.61,135.0,0.6,120.0,0.62,64.28,0.63,60.0,0.38,58.28,0.37,60.0,0.4,85.0,0.41,206.0,0.01,0.02,2324.874295,1776244517000
1776249405.816,105.816,0.61,84.61,0.6,241.0,0.62,64.28,0.63,60.0,0.38,64.28,0.37,60.0,0.39,104.61,0.4,241.0,0.01,0.01,2324.874295,1776244517000
1776249406.067,106.067,0.61,131.0,0.6,120.0,0.63,51.94,0.64,55.0,0.38,36.0,0.37,60.0,0.4,241.0,0.41,120.0,0.02,0.02,2324.874295,1776244517000
1776249406.308,106.308,0.62,50.0,0.61,121.0,0.63,3.41,0.64,65.0,0.37,51.94,0.36,55.0,0.39,131.0,0.4,120.0,0.01,0.02,2324.874295,1776244517000
1776249406.925,106.925,0.62,80.0,0.61,135.0,0.63,0.23,0.64,60.0,0.37,3.41,0.36,65.0,0.38,50.0,0.39,121.0,0.01,0.01,2324.874295,1776244517000
1776249407.265,107.265,0.62,74.0,0.61,110.0,0.63,0.23,0.64,60.0,0.37,0.23,0.36,60.0,0.38,80.0,0.39,135.0,0.01,0.01,2324.874295,1776244517000
1776249407.547,107.547,0.62,87.87,0.61,120.0,0.64,43.57,0.65,107.0,0.37,0.23,0.36,60.0,0.38,57.87,0.39,110.0,0.02,0.01,2324.874295,1776244517000
1776249408.617,108.617,0.63,125.0,0.62,97.87,0.64,124.66,0.65,105.0,0.36,43.57,0.35,107.0,0.38,87.87,0.39,120.0,0.01,0.02,2324.874295,1776244517000
1776249409.493,109.493,0.6,25.0,0.59,5.0,0.61,8.44,0.62,95.0,0.36,119.15,0.35,105.0,0.37,125.0,0.38,92.87,0.01,0.01,2324.874295,1776244517000
1776249409.799,109.799,0.6,25.0,0.59,5.0,0.61,140.8,0.62,145.0,0.39,8.44,0.38,95.0,0.4,25.0,0.41,5.0,0.01,0.01,2324.874295,1776244517000
1776249410.924,110.924,0.55,2.84,0.54,80.0,0.59,64.0,0.6,119.0,0.39,129.12,0.38,145.0,0.41,5.0,0.42,20.0,0.04,0.02,2324.874295,1776244517000
1776249411.259,111.259,0.56,39.9,0.55,10.0,0.57,2.79,0.58,5.0,0.43,12.0,0.42,15.0,0.44,14.9,0.45,10.0,0.01,0.01,2324.874295,1776244517000
1776249411.744,111.744,0.57,32.53,0.56,30.0,0.58,69.0,0.59,137.91,0.43,2.79,0.42,5.0,0.44,39.9,0.45,10.0,0.01,0.01,2324.874295,1776244517000
1776249412.281,112.281,0.57,30.06,0.56,30.0,0.58,74.0,0.59,137.91,0.42,69.0,0.41,137.91,0.43,32.53,0.44,30.0,0.01,0.01,2324.874295,1776244517000
1776249414.291,114.291,0.56,30.0,0.55,10.0,0.57,92.74,0.58,99.0,0.42,74.0,0.41,137.91,0.43,30.06,0.44,30.0,0.01,0.01,2324.874295,1776244517000
1776249414.536,114.536,0.56,30.0,0.55,10.0,0.58,51.74,0.59,84.0,0.43,92.74,0.42,99.0,0.44,30.0,0.45,10.0,0.02,0.01,2324.874295,1776244517000
1776249415.018,115.018,0.52,50.0,0.51,105.0,0.54,72.0,0.55,38.0,0.42,51.74,0.41,84.0,0.44,30.0,0.45,10.0,0.02,0.02,2324.874295,1776244517000
1776249416.014,116.014,0.52,60.0,0.51,120.0,0.53,81.88,0.54,94.0,0.46,72.0,0.45,38.0,0.48,50.0,0.49,105.0,0.01,0.02,2324.874295,1776244517000
1776249416.246,116.246,0.52,57.91,0.51,241.0,0.53,86.88,0.54,99.0,0.47,81.88,0.46,94.0,0.48,60.0,0.49,120.0,0.01,0.01,2324.874295,1776244517000
1776249416.543,116.543,0.52,43.47,0.51,110.0,0.53,93.88,0.54,116.0,0.47,86.88,0.46,99.0,0.48,57.91,0.49,241.0,0.01,0.01,2324.874295,1776244517000
1776249417.316,117.316,0.51,125.95,0.5,224.0,0.52,41.0,0.53,78.88,0.47,93.88,0.46,116.0,0.48,39.53,0.49,110.0,0.01,0.01,2324.874295,1776244517000
1776249419.39,119.39,0.51,120.95,0.5,229.0,0.53,57.14,0.54,121.5,0.48,41.0,0.47,78.88,0.49,125.95,0.5,224.0,0.02,0.01,2324.874295,1776244517000
1776249421.905,121.905,0.55,40.5,0.54,256.5,0.59,10.0,0.6,65.0,0.47,53.14,0.46,126.5,0.49,115.95,0.5,229.0,0.04,0.02,2324.874295,1776244517000
1776249422.142,122.142,0.56,64.78,0.55,15.0,0.57,15.5,0.58,20.5,0.4,68.41,0.39,105.0,0.41,10.0,0.42,15.0,0.01,0.01,2324.874295,1776244517000
1776249422.792,122.792,0.56,44.32,0.55,15.0,0.57,40.5,0.58,25.5,0.43,15.5,0.42,20.5,0.44,64.78,0.45,15.0,0.01,0.01,2324.874295,1776244517000
1776249423.101,123.101,0.56,35.29,0.51,170.95,0.57,204.45,0.58,75.5,0.43,149.45,0.42,75.5,0.44,39.32,0.45,10.0,0.01,0.01,2324.874295,1776244517000
1776249425.281,125.281,0.51,190.95,0.5,125.5,0.52,41.84,0.53,65.0,0.44,14.71,0.43,204.45,0.49,170.95,0.5,100.0,0.01,0.05,2324.874295,1776244517000
1776249425.742,125.742,0.51,196.45,0.5,135.5,0.52,34.91,0.55,50.0,0.48,41.84,0.47,65.0,0.49,190.95,0.5,125.5,0.01,0.01,2324.874295,1776244517000
1776249426.017,126.017,0.51,349.45,0.5,160.5,0.56,79.71,0.57,75.0,0.48,34.91,0.45,50.0,0.49,196.45,0.5,135.5,0.05,0.01,2324.874295,1776244517000
1776249430.676,130.676,0.55,100.5,0.54,80.5,0.56,4.71,0.57,20.0,0.44,79.71,0.43,75.0,0.49,349.45,0.5,160.5,0.01,0.05,2324.874295,1776244517000
1776249431.241,131.241,0.55,100.5,0.54,80.5,0.56,2.92,0.57,65.0,0.44,4.71,0.43,20.0,0.45,100.5,0.46,80.5,0.01,0.01,2324.874295,1776244517000
1776249432.424,132.424,0.55,286.5,0.54,228.5,0.59,20.0,0.6,25.0,0.44,2.92,0.43,65.0,0.45,100.5,0.46,80.5,0.04,0.01,2324.874295,1776244517000
1776249432.779,132.779,0.61,65.0,0.6,10.5,0.63,102.07,0.64,41.39,0.38,15.0,0.37,105.0,0.39,65.0,0.41,10.5,0.02,0.01,2324.874295,1776244517000
1776249433.332,133.332,0.61,90.5,0.6,20.5,0.62,3.19,0.63,101.13,0.37,91.13,0.36,41.39,0.39,70.0,0.4,10.5,0.01,0.02,2324.874295,1776244517000
1776249433.792,133.792,0.61,85.5,0.6,75.5,0.62,6.57,0.63,101.13,0.38,3.19,0.37,101.13,0.39,90.5,0.4,20.5,0.01,0.01,2324.874295,1776244517000
1776249434.388,134.388,0.61,145.5,0.6,85.5,0.62,0.11,0.63,65.0,0.38,6.57,0.37,101.13,0.39,85.5,0.4,75.5,0.01,0.01,2324.874295,1776244517000
1776249434.668,134.668,0.61,160.5,0.6,85.5,0.63,60.0,0.64,15.0,0.38,0.11,0.37,65.0,0.39,145.5,0.4,85.5,0.02,0.01,2324.874295,1776244517000
1776249436.453,136.453,0.62,87.86,0.61,150.5,0.63,45.0,0.64,65.0,0.37,60.0,0.36,15.0,0.39,160.5,0.4,85.5,0.01,0.02,2324.874295,1776244517000
1776249437.097,137.097,0.62,20.0,0.61,140.5,0.63,66.82,0.64,65.0,0.37,45.0,0.36,65.0,0.38,87.86,0.39,150.5,0.01,0.01,2324.874295,1776244517000
1776249437.445,137.445,0.61,64.0,0.6,40.0,0.62,165.0,0.63,82.32,0.37,66.82,0.36,65.0,0.38,20.0,0.39,140.5,0.01,0.01,2324.874295,1776244517000
1776249439.578,139.578,0.6,90.5,0.59,150.5,0.62,16.0,0.63,21.82,0.38,160.0,0.37,71.82,0.4,50.5,0.41,140.5,0.02,0.02,2324.874295,1776244517000
1776249439.996,139.996,0.62,75.0,0.61,75.5,0.63,25.23,0.64,75.0,0.37,21.82,0.36,75.0,0.39,20.5,0.4,85.5,0.01,0.02,2324.874295,1776244517000
1776249445.819,145.819,0.66,126.5,0.65,121.5,0.68,55.0,0.69,60.92,0.37,18.64,0.36,75.0,0.38,75.0,0.39,75.5,0.02,0.01,2324.874295,1776244517000
1776249446.365,146.365,0.67,94.51,0.66,116.5,0.68,55.0,0.69,60.92,0.32,55.0,0.31,60.92,0.34,126.5,0.35,121.5,0.01,0.02,2324.874295,1776244517000
1776249448.547,148.547,0.67,109.51,0.66,116.5,0.68,50.0,0.69,60.92,0.32,55.0,0.31,60.92,0.33,94.51,0.34,116.5,0.01,0.01,2324.874295,1776244517000
1776249449.052,149.052,0.68,101.5,0.67,110.01,0.69,3.67,0.7,92.0,0.32,50.0,0.31,60.92,0.33,109.51,0.34,116.5,0.01,0.01,2324.874295,1776244517000
1776249449.285,149.285,0.68,116.5,0.67,110.01,0.7,92.0,0.71,65.0,0.31,2.07,0.3,92.0,0.32,116.5,0.33,110.01,0.02,0.01,2324.874295,1776244517000
1776249449.602,149.602,0.69,18.41,0.68,116.5,0.7,92.0,0.71,65.0,0.3,92.0,0.29,65.0,0.31,29.87,0.32,116.5,0.01,0.01,2324.874295,1776244517000
1776249450.597,150.597,0.69,105.68,0.68,197.5,0.7,30.0,0.71,10.0,0.3,92.0,0.29,65.0,0.31,18.41,0.32,116.5,0.01,0.01,2324.874295,1776244517000
1776249451.487,151.487,0.71,56.0,0.7,31.0,0.72,45.58,0.73,75.5,0.3,30.0,0.29,10.0,0.31,105.68,0.32,197.5,0.01,0.01,2324.874295,1776244517000
1776249451.694,151.694,0.7,31.0,0.69,55.5,0.72,9.46,0.73,75.5,0.28,9.46,0.27,75.5,0.29,26.0,0.3,31.0,0.02,0.01,2324.874295,1776244517000
1776249452.646,152.646,0.71,36.55,0.7,71.0,0.72,4.46,0.73,65.0,0.28,9.46,0.27,75.5,0.3,31.0,0.31,55.5,0.01,0.02,2324.874295,1776244517000
1776249454.118,154.118,0.72,29.5,0.71,95.0,0.73,65.0,0.74,55.0,0.28,4.46,0.27,65.0,0.29,36.55,0.3,71.0,0.01,0.01,2324.874295,1776244517000
1776249455.082,155.082,0.72,89.46,0.71,105.5,0.73,15.0,0.74,55.0,0.27,65.0,0.26,55.0,0.28,29.5,0.29,95.0,0.01,0.01,2324.874295,1776244517000
1776249456.495,156.495,0.72,94.96,0.71,110.5,0.74,5.0,0.75,38.0,0.27,15.0,0.26,55.0,0.28,89.46,0.29,105.5,0.02,0.01,2324.874295,1776244517000
1776249457.279,157.279,0.73,130.5,0.72,89.96,0.75,38.61,0.76,55.0,0.26,5.0,0.25,38.0,0.28,94.96,0.29,110.5,0.02,0.02,2324.874295,1776244517000
1776249458.275,158.275,0.74,120.0,0.73,120.5,0.75,31.94,0.76,55.0,0.25,38.61,0.24,55.0,0.27,130.5,0.28,89.96,0.01,0.02,2324.874295,1776244517000
1776249459.274,159.274,0.75,35.5,0.74,80.5,0.77,15.0,0.78,55.0,0.25,31.94,0.24,55.0,0.26,120.0,0.27,120.5,0.02,0.01,2324.874295,1776244517000
1776249460.125,160.125,0.76,95.5,0.75,75.5,0.77,7.65,0.78,55.0,0.23,8.59,0.22,5.0,0.24,20.5,0.25,35.5,0.01,0.01,2324.874295,1776244517000
1776249461.68,161.68,0.78,110.5,0.77,160.5,0.8,76.0,0.81,90.0,0.23,7.65,0.22,55.0,0.24,95.5,0.25,75.5,0.02,0.01,2324.874295,1776244517000
1776249462.931,162.931,0.8,31.0,0.79,30.5,0.81,69.0,0.82,55.0,0.2,76.0,0.19,90.0,0.22,110.5,0.23,160.5,0.01,0.02,2324.874295,1776244517000
1776249463.467,163.467,0.79,10.0,0.78,80.0,0.81,23.31,0.82,63.01,0.18,53.01,0.17,63.0,0.2,31.0,0.21,20.0,0.02,0.02,2324.874295,1776244517000
1776249463.676,163.676,0.8,3.73,0.79,10.0,0.81,19.0,0.82,63.01,0.19,23.13,0.18,63.01,0.2,5.0,0.21,10.0,0.01,0.01,2324.874295,1776244517000
1776249463.98,163.98,0.8,13.73,0.79,10.0,0.81,48.9,0.82,58.75,0.19,19.0,0.18,63.01,0.2,3.73,0.21,10.0,0.01,0.01,2324.874295,1776244517000
1776249465.155,165.155,0.8,99.23,0.79,140.52,0.81,7.0,0.82,15.0,0.19,48.9,0.18,58.75,0.2,13.73,0.21,10.0,0.01,0.01,2324.874295,1776244517000
1776249465.68,165.68,0.81,6.0,0.8,68.73,0.82,75.61,0.83,65.0,0.19,7.0,0.18,15.0,0.2,99.23,0.21,140.52,0.01,0.01,2324.874295,1776244517000
1776249466.709,166.709,0.84,10.0,0.83,10.0,0.85,178.73,0.86,120.4,0.18,75.61,0.17,65.0,0.19,6.0,0.2,68.73,0.01,0.01,2324.874295,1776244517000
1776249467.029,167.029,0.84,20.0,0.83,10.0,0.85,156.83,0.86,120.4,0.15,178.73,0.14,120.4,0.16,10.0,0.17,10.0,0.01,0.01,2324.874295,1776244517000
1776249472.813,172.813,0.79,10.0,0.78,10.0,0.8,5.0,0.82,54.29,0.15,156.83,0.14,120.4,0.16,20.0,0.17,10.0,0.01,0.01,2324.874295,1776244517000
1776249473.296,173.296,0.78,10.0,0.77,10.0,0.79,8.33,0.8,5.0,0.21,13.8,0.2,5.0,0.22,10.0,0.23,10.0,0.01,0.01,2324.874295,1776244517000
1776249473.664,173.664,0.78,13.41,0.77,15.0,0.8,13.6,0.82,74.5,0.21,18.33,0.2,15.5,0.22,13.41,0.23,10.0,0.02,0.01,2324.874295,1776244517000
1776249474.18,174.18,0.79,10.0,0.78,13.41,0.8,86.1,0.82,71.4,0.2,13.6,0.18,74.5,0.22,13.41,0.23,15.0,0.01,0.02,2324.874295,1776244517000
1776249477.858,177.858,0.78,11.87,0.77,15.0,0.79,81.7,0.8,70.0,0.2,96.1,0.18,71.4,0.22,13.41,0.23,10.0,0.01,0.02,2324.874295,1776244517000
1776249480.429,180.429,0.78,23.74,0.77,25.5,0.79,36.7,0.8,70.0,0.21,81.7,0.2,70.0,0.22,11.87,0.23,15.0,0.01,0.01,2324.874295,1776244517000
1776249480.775,180.775,0.78,94.24,0.77,80.5,0.79,25.0,0.8,75.0,0.21,36.7,0.2,70.0,0.22,23.74,0.23,25.5,0.01,0.01,2324.874295,1776244517000
1776249481.017,181.017,0.78,119.24,0.77,80.5,0.79,18.73,0.8,75.0,0.21,20.0,0.2,75.0,0.22,94.24,0.23,80.5,0.01,0.01,2324.874295,1776244517000
1776249481.489,181.489,0.78,69.24,0.77,80.5,0.79,6.19,0.8,75.0,0.21,18.73,0.2,75.0,0.22,119.24,0.23,80.5,0.01,0.01,2324.874295,1776244517000
1776249482.23,182.23,0.78,79.24,0.77,80.5,0.79,3.73,0.8,52.5,0.21,6.19,0.2,75.0,0.22,69.24,0.23,80.5,0.01,0.01,2324.874295,1776244517000
1776249483.173,183.173,0.81,6.0,0.8,139.5,0.82,44.4,0.83,80.5,0.21,3.73,0.2,52.5,0.22,79.24,0.23,80.5,0.01,0.01,2324.874295,1776244517000
1776249484.537,184.537,0.81,225.92,0.8,113.2,0.85,48.1,0.86,109.9,0.18,44.4,0.17,80.5,0.2,113.2,0.21,155.41,0.04,0.02,2324.874295,1776244517000
1776249485.723,185.723,0.86,2.14,0.85,98.5,0.87,10.0,0.88,55.0,0.15,48.1,0.14,109.9,0.19,225.92,0.2,113.2,0.01,0.04,2324.874295,1776244517000
1776249487.229,187.229,0.87,87.5,0.86,141.5,0.88,3.0,0.89,99.79,0.13,10.0,0.12,55.0,0.15,79.64,0.16,150.0,0.01,0.02,2324.874295,1776244517000
1776249488.291,188.291,0.89,40.5,0.88,121.5,0.9,49.55,0.91,344.0,0.12,3.0,0.11,99.79,0.13,87.5,0.14,141.5,0.01,0.01,2324.874295,1776244517000
1776249488.892,188.892,0.89,107.5,0.88,126.5,0.9,13.43,0.91,368.0,0.1,29.21,0.09,349.0,0.11,87.5,0.12,126.5,0.01,0.01,2324.874295,1776244517000
1776249489.496,189.496,0.89,107.5,0.88,126.5,0.9,45.23,0.91,368.0,0.1,13.43,0.09,368.0,0.11,107.5,0.12,126.5,0.01,0.01,2324.874295,1776244517000
1776249490.047,190.047,0.89,177.4,0.88,231.5,0.9,31.2,0.91,250.0,0.1,45.23,0.09,368.0,0.11,107.5,0.12,126.5,0.01,0.01,2324.874295,1776244517000
1776249490.652,190.652,0.9,113.5,0.89,145.5,0.91,200.31,0.92,131.0,0.09,189.24,0.08,75.0,0.1,53.5,0.11,202.4,0.01,0.01,2324.874295,1776244517000
1776249491.751,191.751,0.9,148.5,0.89,141.5,0.91,200.23,0.92,136.0,0.09,200.31,0.08,131.0,0.1,113.5,0.11,145.5,0.01,0.01,2324.874295,1776244517000
1776249492.459,192.459,0.9,37.92,0.89,25.0,0.91,260.13,0.92,146.9,0.09,200.23,0.08,136.0,0.1,148.5,0.11,141.5,0.01,0.01,2324.874295,1776244517000
1776249492.775,192.775,0.89,25.0,0.88,40.0,0.91,341.13,0.92,173.9,0.09,260.13,0.08,146.9,0.1,37.92,0.11,25.0,0.02,0.01,2324.874295,1776244517000
1776249493.397,193.397,0.89,20.0,0.88,10.0,0.9,33.76,0.91,293.13,0.1,24.88,0.09,298.13,0.11,25.0,0.12,40.0,0.01,0.01,2324.874295,1776244517000
1776249494.12,194.12,0.89,4.95,0.88,10.0,0.9,78.0,0.91,293.13,0.1,33.76,0.09,293.13,0.11,20.0,0.12,10.0,0.01,0.01,2324.874295,1776244517000
1776249494.836,194.836,0.89,4.95,0.88,10.0,0.9,57.44,0.91,293.13,0.1,78.0,0.09,293.13,0.11,4.95,0.12,10.0,0.01,0.01,2324.874295,1776244517000
1776249495.058,195.058,0.89,4.95,0.88,10.0,0.9,84.94,0.91,293.13,0.1,57.44,0.09,293.13,0.11,4.95,0.12,10.0,0.01,0.01,2324.874295,1776244517000
1776249495.994,195.994,0.88,9.83,0.87,25.5,0.89,72.84,0.9,74.94,0.11,21.05,0.1,84.94,0.12,10.0,0.13,60.0,0.01,0.01,2324.874295,1776244517000
1776249496.912,196.912,0.88,21.24,0.87,55.5,0.89,51.79,0.9,124.94,0.11,72.84,0.1,74.94,0.12,9.83,0.13,25.5,0.01,0.01,2324.874295,1776244517000
1776249500.209,200.209,0.88,25.07,0.87,110.5,0.89,10.0,0.9,119.94,0.11,51.79,0.1,124.94,0.12,21.24,0.13,55.5,0.01,0.01,2324.874295,1776244517000
1776249501.453,201.453,0.89,35.5,0.88,25.5,0.9,115.73,0.91,299.13,0.1,101.52,0.09,349.13,0.12,40.57,0.13,110.5,0.01,0.02,2324.874295,1776244517000
1776249502.213,202.213,0.89,26.4,0.88,25.5,0.9,44.73,0.91,321.13,0.1,101.73,0.09,321.13,0.11,31.4,0.12,25.5,0.01,0.01,2324.874295,1776244517000
1776249502.487,202.487,0.89,26.4,0.88,25.5,0.9,42.77,0.91,321.13,0.1,44.73,0.09,321.13,0.11,26.4,0.12,25.5,0.01,0.01,2324.874295,1776244517000
1776249503.501,203.501,0.89,47.0,0.88,50.0,0.9,83.77,0.91,243.91,0.1,42.77,0.09,321.13,0.11,26.4,0.12,25.5,0.01,0.01,2324.874295,1776244517000
1776249503.704,203.704,0.89,30.17,0.88,20.5,0.9,98.87,0.91,266.91,0.1,83.77,0.09,243.91,0.11,47.0,0.12,50.0,0.01,0.01,2324.874295,1776244517000
1776249504.343,204.343,0.89,21.07,0.88,50.5,0.9,93.87,0.91,266.91,0.1,98.87,0.09,266.91,0.11,30.17,0.12,20.5,0.01,0.01,2324.874295,1776244517000
1776249506.018,206.018,0.89,41.07,0.88,60.5,0.9,47.75,0.91,266.91,0.1,93.87,0.09,266.91,0.11,21.07,0.12,50.5,0.01,0.01,2324.874295,1776244517000
1776249506.637,206.637,0.89,51.57,0.88,110.5,0.9,41.63,0.91,266.91,0.1,47.75,0.09,266.91,0.11,41.07,0.12,60.5,0.01,0.01,2324.874295,1776244517000
1776249508.33,208.33,0.89,174.57,0.88,95.5,0.9,6.44,0.91,187.91,0.1,39.21,0.09,266.91,0.11,51.57,0.12,110.5,0.01,0.01,2324.874295,1776244517000
1776249509.18,209.18,0.9,192.91,0.89,121.57,0.91,185.57,0.92,75.0,0.09,174.35,0.08,75.0,0.11,174.57,0.12,95.5,0.01,0.02,2324.874295,1776244517000
1776249509.481,209.481,0.9,187.91,0.89,121.57,0.91,162.5,0.92,75.0,0.09,163.6,0.08,75.0,0.1,187.91,0.11,121.57,0.01,0.01,2324.874295,1776244517000
1776249510.197,210.197,0.9,153.5,0.89,185.91,0.91,112.5,0.92,75.0,0.09,162.5,0.08,75.0,0.1,187.91,0.11,121.57,0.01,0.01,2324.874295,1776244517000
1776249510.748,210.748,0.9,143.5,0.89,212.7,0.91,72.5,0.92,75.0,0.09,77.5,0.08,75.0,0.1,148.5,0.11,185.91,0.01,0.01,2324.874295,1776244517000
1776249511.753,211.753,0.9,359.13,0.89,133.36,0.91,59.23,0.92,75.0,0.09,70.45,0.08,75.0,0.1,148.5,0.11,212.7,0.01,0.01,2324.874295,1776244517000
1776249516.124,216.124,0.93,117.21,0.92,154.4,0.94,41.83,0.95,140.0,0.09,55.35,0.08,75.0,0.1,354.13,0.11,139.36,0.01,0.01,2324.874295,1776244517000
1776249517.041,217.041,0.94,88.83,0.93,117.21,0.95,160.2,0.96,96.0,0.06,41.83,0.05,140.0,0.07,117.21,0.08,154.4,0.01,0.01,2324.874295,1776244517000
1776249517.985,217.985,0.94,155.66,0.93,101.5,0.95,159.14,0.96,96.0,0.05,164.14,0.04,96.0,0.06,104.33,0.07,107.21,0.01,0.01,2324.874295,1776244517000
1776249519.158,219.158,0.94,137.66,0.93,166.8,0.95,3.83,0.96,102.0,0.05,159.14,0.04,96.0,0.06,155.66,0.07,101.5,0.01,0.01,2324.874295,1776244517000
1776249519.463,219.463,0.94,52.5,0.93,109.5,0.95,3.83,0.96,112.0,0.05,3.83,0.04,102.0,0.06,137.66,0.07,166.8,0.01,0.01,2324.874295,1776244517000
1776249521.147,221.147,0.95,235.0,0.94,193.0,0.96,124.15,0.97,234.7,0.04,112.0,0.03,234.7,0.06,52.5,0.07,109.5,0.01,0.02,2324.874295,1776244517000
1776249521.512,221.512,0.95,77.0,0.94,135.0,0.96,281.95,0.97,284.7,0.04,124.15,0.03,234.7,0.05,235.0,0.06,193.0,0.01,0.01,2324.874295,1776244517000
1776249522.272,222.272,0.93,56.97,0.92,165.5,0.96,206.95,0.97,284.7,0.04,281.95,0.03,584.7,0.05,17.97,0.06,35.0,0.03,0.01,2324.874295,1776244517000
1776249525.325,225.325,0.95,109.5,0.94,144.5,0.96,78.15,0.97,229.7,0.04,206.95,0.03,284.7,0.07,56.97,0.08,165.5,0.01,0.03,2324.874295,1776244517000
1776249527.613,227.613,0.95,119.5,0.94,233.3,0.96,18.15,0.97,106.0,0.04,78.15,0.03,229.7,0.05,109.5,0.06,144.5,0.01,0.01,2324.874295,1776244517000
1776249528.862,228.862,0.95,146.1,0.94,233.3,0.96,15.01,0.97,106.0,0.04,17.1,0.03,106.0,0.05,119.5,0.06,233.3,0.01,0.01,2324.874295,1776244517000
1776249529.646,229.646,0.95,242.98,0.94,199.3,0.96,9.01,0.97,106.0,0.04,15.01,0.03,106.0,0.05,146.1,0.06,233.3,0.01,0.01,2324.874295,1776244517000
1776249530.39,230.39,0.95,256.98,0.94,199.3,0.97,99.69,0.98,487.44,0.04,9.01,0.03,106.0,0.05,242.98,0.06,199.3,0.02,0.01,2324.874295,1776244517000
1776249530.62,230.62,0.96,15.0,0.95,357.98,0.97,79.69,0.98,487.44,0.03,99.69,0.02,487.44,0.05,256.98,0.06,199.3,0.01,0.02,2324.874295,1776244517000
1776249531.652,231.652,0.97,196.34,0.96,211.7,0.98,507.98,0.99,2783.38,0.02,451.48,0.01,2083.38,0.03,19.73,0.04,170.7,0.01,0.01,2324.874295,1776244517000
1776249532.332,232.332,0.97,206.84,0.96,227.2,0.98,506.95,0.99,2983.38,0.02,507.98,0.01,2783.38,0.03,196.34,0.04,211.7,0.01,0.01,2324.874295,1776244517000
1776249533.294,233.294,0.97,306.54,0.96,204.2,0.98,495.84,0.99,2083.38,0.02,506.95,0.01,2983.38,0.03,206.84,0.04,227.2,0.01,0.01,2324.874295,1776244517000
1776249533.888,233.888,0.97,499.76,0.96,204.2,0.98,480.41,0.99,2083.38,0.02,485.62,0.01,2083.38,0.03,306.4,0.04,204.2,0.01,0.01,2324.874295,1776244517000
1776249534.781,234.781,0.97,623.76,0.96,199.2,0.98,332.99,0.99,2619.78,0.02,480.41,0.01,2083.38,0.03,499.76,0.04,204.2,0.01,0.01,2324.874295,1776244517000
1776249536.167,236.167,0.97,628.12,0.96,199.2,0.98,378.38,0.99,1523.78,0.02,332.99,0.01,2619.78,0.03,623.76,0.04,199.2,0.01,0.01,2324.874295,1776244517000
1776249536.397,236.397,0.97,655.12,0.96,199.2,0.98,358.38,0.99,1523.78,0.02,378.38,0.01,1523.78,0.03,628.12,0.04,199.2,0.01,0.01,2324.874295,1776244517000
1776249536.949,236.949,0.97,597.73,0.96,204.2,0.98,166.81,0.99,1523.78,0.02,273.86,0.01,1523.78,0.03,660.12,0.04,199.2,0.01,0.01,2324.874295,1776244517000
1776249537.913,237.913,0.97,602.73,0.96,339.2,0.98,164.66,0.99,1523.78,0.02,166.81,0.01,1523.78,0.03,597.73,0.04,204.2,0.01,0.01,2324.874295,1776244517000
1776249538.448,238.448,0.97,612.73,0.96,339.2,0.98,10.07,0.99,1523.78,0.02,164.66,0.01,1523.78,0.03,602.73,0.04,339.2,0.01,0.01,2324.874295,1776244517000
1776249539.257,239.257,0.97,498.73,0.96,339.2,0.98,57.48,0.99,1723.78,0.02,10.07,0.01,1523.78,0.03,612.73,0.04,339.2,0.01,0.01,2324.874295,1776244517000
1776249540.176,240.176,0.97,504.04,0.96,194.2,0.99,1774.08,,,0.02,57.48,0.01,1723.78,0.03,498.73,0.04,339.2,0.02,0.01,2324.874295,1776244517000
1776249540.795,240.795,0.98,5.0,0.97,478.68,0.99,1506.48,,,0.01,1410.48,,,0.03,504.04,0.04,194.2,0.01,0.02,2324.874295,1776244517000
1776249541.193,241.193,0.98,409.14,0.97,319.01,0.99,1400.48,,,0.01,1506.48,,,0.02,5.0,0.03,478.68,0.01,0.01,2324.874295,1776244517000
1776249541.488,241.488,0.98,496.14,0.97,319.01,0.99,1471.27,,,0.01,1491.48,,,0.02,491.14,0.03,319.01,0.01,0.01,2324.874295,1776244517000
1776249541.691,241.691,0.98,502.14,0.97,455.01,0.99,1368.24,,,0.01,1471.27,,,0.02,492.14,0.03,440.01,0.01,0.01,2324.874295,1776244517000
1776249542.257,242.257,0.98,492.14,0.97,357.01,0.99,1353.13,,,0.01,1358.13,,,0.02,502.14,0.03,455.01,0.01,0.01,2324.874295,1776244517000
1776249542.513,242.513,0.98,618.14,0.97,465.01,0.99,1351.13,,,0.01,1353.13,,,0.02,492.14,0.03,357.01,0.01,0.01,2324.874295,1776244517000
1776249543.003,243.003,0.99,1703.5,0.98,509.7,,,,,,,,,0.01,1175.9,0.02,665.14,,,2324.874295,1776244517000
1776249544.233,244.233,0.99,1698.6,0.98,474.7,,,,,,,,,0.01,1703.5,0.02,509.7,,,2324.874295,1776244517000
1776249545.829,245.829,0.99,1620.31,0.98,474.7,,,,,,,,,0.01,1698.6,0.02,474.7,,,2324.874295,1776244517000
1776249546.064,246.064,0.99,1592.11,0.98,474.7,,,,,,,,,0.01,1620.31,0.02,474.7,,,2324.874295,1776244517000
1776249546.514,246.514,0.99,1506.56,0.98,474.7,,,,,,,,,0.01,1592.11,0.02,474.7,,,2324.874295,1776244517000
1776249548.421,248.421,0.99,1535.12,0.98,476.7,,,,,,,,,0.01,1506.56,0.02,474.7,,,2324.874295,1776244517000
1776249549.712,249.712,0.99,1726.12,0.98,500.7,,,,,,,,,0.01,1535.12,0.02,476.7,,,2324.874295,1776244517000
1776249555.266,255.266,0.99,1792.71,0.98,450.7,,,,,,,,,0.01,1726.12,0.02,500.7,,,2324.874295,1776244517000
1776249556.004,256.004,0.99,1786.71,0.98,418.61,,,,,,,,,0.01,1792.71,0.02,450.7,,,2324.874295,1776244517000
1776249583.161,283.161,0.99,1743.16,0.98,143.0,,,,,,,,,0.01,1786.71,0.02,418.61,,,2324.874295,1776244517000
1776249592.742,292.742,0.99,2329.68,0.98,67.0,,,,,,,,,0.01,1743.16,0.02,143.0,,,2324.874295,1776244517000
