timestamp,elapsed_sec,up_bid_p1,up_bid_s1,up_bid_p2,up_bid_s2,up_ask_p1,up_ask_s1,up_ask_p2,up_ask_s2,down_bid_p1,down_bid_s1,down_bid_p2,down_bid_s2,down_ask_p1,down_ask_s1,down_ask_p2,down_ask_s2,up_spread,down_spread,eth_price,eth_oracle_ts
1776345000.744,0.744,0.4,38.0,0.39,34.0,0.48,189.93,0.49,405.0,0.52,202.3,0.51,405.0,0.6,38.0,0.61,34.0,0.08,0.08,2343.210224,1776344999000
1776345001.031,1.031,0.4,38.0,0.39,34.0,0.48,189.93,0.49,405.0,0.52,189.93,0.51,405.0,0.6,38.0,0.61,34.0,0.08,0.08,2343.32833,1776345000000
1776345001.236,1.236,0.46,82.0,0.45,83.0,0.48,7.62,0.49,415.0,0.52,189.93,0.51,405.0,0.6,38.0,0.61,34.0,0.02,0.08,2343.32833,1776345000000
1776345002.007,2.007,0.46,82.0,0.45,83.0,0.48,7.62,0.49,415.0,0.52,7.62,0.51,415.0,0.54,82.0,0.55,83.0,0.02,0.02,2343.339255,1776345001000
1776345003.095,3.095,0.46,85.14,0.45,88.0,0.48,17.62,0.49,415.0,0.52,17.62,0.51,415.0,0.54,85.14,0.55,88.0,0.02,0.02,2343.256081,1776345002000
1776345003.918,3.918,0.43,17.96,0.42,5.0,0.47,15.0,0.48,97.62,0.53,15.0,0.52,97.62,0.57,17.96,0.58,5.0,0.04,0.04,2343.258581,1776345003000
1776345004.153,4.153,0.41,10.0,0.4,85.0,0.42,3.0,0.43,15.0,0.53,15.0,0.52,97.62,0.57,17.96,0.58,5.0,0.01,0.04,2343.258581,1776345003000
1776345004.379,4.379,0.41,36.49,0.4,98.0,0.43,15.0,0.44,15.0,0.58,3.0,0.57,15.0,0.59,10.0,0.6,85.0,0.02,0.01,2343.258581,1776345003000
1776345004.914,4.914,0.41,36.49,0.4,98.0,0.43,15.0,0.44,15.0,0.57,15.0,0.56,15.0,0.59,36.49,0.6,98.0,0.02,0.02,2343.168324,1776345004000
1776345005.919,5.919,0.41,36.49,0.4,98.0,0.43,15.0,0.44,15.0,0.57,15.0,0.56,15.0,0.59,36.49,0.6,98.0,0.02,0.02,2343.070669,1776345005000
1776345006.734,6.734,0.4,130.0,0.39,120.0,0.42,90.0,0.43,75.0,0.57,15.0,0.56,15.0,0.59,36.49,0.6,98.0,0.02,0.02,2343.070669,1776345005000
1776345007.193,7.193,0.4,119.71,0.39,120.0,0.41,42.0,0.42,85.0,0.59,15.0,0.58,85.0,0.6,119.02,0.61,120.0,0.01,0.01,2343.02531,1776345006000
1776345008.043,8.043,0.4,114.71,0.39,120.0,0.41,37.0,0.42,85.0,0.59,42.0,0.58,85.0,0.6,119.71,0.61,120.0,0.01,0.01,2343.02531,1776345006000
1776345008.246,8.246,0.4,114.71,0.39,120.0,0.41,37.0,0.42,85.0,0.59,37.0,0.58,85.0,0.6,114.71,0.61,120.0,0.01,0.01,2342.992359,1776345007000
1776345008.647,8.647,0.4,54.71,0.39,125.0,0.41,104.2,0.42,85.0,0.59,37.0,0.58,85.0,0.6,114.71,0.61,120.0,0.01,0.01,2342.992359,1776345007000
1776345008.937,8.937,0.4,54.71,0.39,125.0,0.41,104.2,0.42,85.0,0.59,104.2,0.58,85.0,0.6,54.71,0.61,125.0,0.01,0.01,2342.997391,1776345008000
1776345009.157,9.157,0.35,69.31,0.34,130.0,0.37,28.43,0.38,28.56,0.63,20.5,0.62,20.5,0.64,2.4,0.65,70.0,0.02,0.01,2342.997391,1776345008000
1776345009.422,9.422,0.35,74.31,0.34,75.0,0.36,80.5,0.37,30.5,0.64,75.5,0.63,25.5,0.65,74.31,0.66,125.0,0.01,0.01,2342.997391,1776345008000
1776345009.652,9.652,0.33,62.76,0.32,70.0,0.34,60.0,0.35,10.0,0.64,129.7,0.63,35.5,0.67,70.0,0.68,70.0,0.01,0.03,2342.997391,1776345008000
1776345009.951,9.951,0.33,42.16,0.32,70.0,0.34,50.0,0.35,10.0,0.66,50.0,0.65,10.0,0.67,42.16,0.68,70.0,0.01,0.01,2342.922316,1776345009000
1776345010.388,10.388,0.33,40.66,0.32,70.0,0.34,80.5,0.35,35.5,0.66,50.0,0.65,10.0,0.67,42.16,0.68,70.0,0.01,0.01,2342.922316,1776345009000
1776345011.147,11.147,0.33,21.28,0.32,70.0,0.34,18.5,0.35,113.5,0.66,75.5,0.65,35.5,0.67,21.28,0.68,70.0,0.01,0.01,2342.922316,1776345009000
1776345011.354,11.354,0.3,60.5,0.29,125.0,0.34,34.0,0.35,113.5,0.66,59.0,0.65,85.5,0.67,5.52,0.7,60.5,0.04,0.01,2342.651566,1776345010000
1776345011.872,11.872,0.29,45.0,0.27,130.5,0.3,55.5,0.31,25.5,0.66,34.0,0.65,113.5,0.7,60.5,0.71,125.0,0.01,0.04,2342.651566,1776345010000
1776345012.247,12.247,0.29,30.44,0.27,70.0,0.3,111.5,0.31,54.5,0.7,49.5,0.69,44.7,0.71,40.44,0.73,70.0,0.01,0.01,2342.651566,1776345010000
1776345012.533,12.533,0.27,63.16,0.26,77.0,0.28,15.0,0.29,10.0,0.7,72.5,0.69,59.5,0.73,70.0,0.74,77.0,0.01,0.03,2342.417109,1776345011000
1776345013.492,13.492,0.26,12.0,0.25,130.0,0.27,70.0,0.28,48.0,0.72,15.0,0.71,10.0,0.73,63.16,0.74,77.0,0.01,0.01,2342.219888,1776345012000
1776345014.042,14.042,0.26,5.51,0.25,130.0,0.27,80.5,0.28,108.5,0.73,70.0,0.72,48.0,0.74,12.0,0.75,130.0,0.01,0.01,2342.219888,1776345012000
1776345014.39,14.39,0.26,2.8,0.25,60.0,0.27,188.79,0.28,105.5,0.73,152.5,0.72,200.5,0.74,2.8,0.75,130.0,0.01,0.01,2341.977491,1776345013000
1776345014.625,14.625,0.25,58.76,0.24,10.0,0.27,181.7,0.28,170.5,0.73,188.79,0.72,105.5,0.74,2.8,0.75,60.0,0.02,0.01,2341.977491,1776345013000
1776345015.028,15.028,0.25,33.49,0.24,10.0,0.26,128.65,0.27,141.5,0.74,30.5,0.73,167.5,0.75,33.49,0.76,10.0,0.01,0.01,2341.977491,1776345013000
1776345015.351,15.351,0.25,1.07,0.24,21.0,0.26,164.65,0.27,90.5,0.74,133.65,0.73,125.5,0.75,16.49,0.76,10.0,0.01,0.01,2341.873418,1776345014000
1776345015.578,15.578,0.24,21.0,0.22,115.5,0.26,164.65,0.27,90.5,0.74,164.65,0.73,90.5,0.75,1.07,0.76,21.0,0.02,0.01,2341.873418,1776345014000
1776345015.838,15.838,0.24,21.0,0.22,115.5,0.25,41.5,0.26,112.65,0.74,164.65,0.73,90.5,0.76,21.0,0.78,115.5,0.01,0.02,2341.873418,1776345014000
1776345016.782,16.782,0.24,82.5,0.23,60.5,0.25,10.0,0.26,111.0,0.75,41.5,0.74,112.65,0.76,21.0,0.78,115.5,0.01,0.01,2341.717945,1776345015000
1776345017.287,17.287,0.24,87.15,0.23,65.5,0.25,20.0,0.26,111.0,0.75,10.0,0.74,111.0,0.76,82.5,0.77,60.5,0.01,0.01,2341.717945,1776345015000
1776345017.584,17.584,0.24,117.15,0.23,65.5,0.25,15.0,0.26,111.0,0.75,20.0,0.74,111.0,0.76,87.15,0.77,65.5,0.01,0.01,2341.717945,1776345015000
1776345019.169,19.169,0.24,84.64,0.23,75.5,0.25,19.0,0.26,111.0,0.75,11.0,0.74,111.0,0.76,117.15,0.77,65.5,0.01,0.01,2341.688763,1776345017000
1776345019.638,19.638,0.24,84.77,0.23,65.5,0.25,30.0,0.26,111.0,0.75,19.0,0.74,111.0,0.76,79.29,0.77,75.5,0.01,0.01,2341.688763,1776345018000
1776345020.458,20.458,0.24,29.77,0.23,65.5,0.25,65.0,0.26,121.5,0.75,30.0,0.74,111.0,0.76,84.77,0.77,65.5,0.01,0.01,2341.759104,1776345019000
1776345021.493,21.493,0.23,65.5,0.22,170.5,0.25,152.0,0.26,139.5,0.75,29.0,0.74,119.0,0.76,81.61,0.77,65.5,0.02,0.01,2341.759104,1776345019000
1776345022.039,22.039,0.23,74.52,0.22,170.5,0.24,22.0,0.25,140.0,0.75,152.0,0.74,139.5,0.77,65.5,0.78,170.5,0.01,0.02,2341.6873,1776345020000
1776345022.598,22.598,0.23,74.52,0.22,170.5,0.24,22.0,0.25,90.0,0.76,22.0,0.75,140.0,0.77,74.52,0.78,170.5,0.01,0.01,2341.68725,1776345021000
1776345023.569,23.569,0.23,126.52,0.22,170.5,0.25,88.0,0.26,46.0,0.76,22.0,0.75,90.0,0.77,74.52,0.78,170.5,0.02,0.01,2341.690259,1776345022000
1776345024.113,24.113,0.23,77.52,0.22,170.5,0.24,17.83,0.25,93.0,0.76,10.0,0.75,88.0,0.77,105.52,0.78,170.5,0.01,0.01,2341.690259,1776345022000
1776345024.638,24.638,0.23,77.52,0.22,170.5,0.24,12.83,0.25,93.0,0.76,17.83,0.75,93.0,0.77,77.52,0.78,170.5,0.01,0.01,2341.675741,1776345023000
1776345025.809,25.809,0.23,38.02,0.22,170.5,0.24,122.99,0.25,95.5,0.76,4.49,0.75,93.0,0.77,77.52,0.78,170.5,0.01,0.01,2341.677482,1776345024000
1776345027.071,27.071,0.23,43.02,0.22,170.5,0.24,118.32,0.25,145.5,0.76,122.99,0.75,95.5,0.77,38.02,0.78,170.5,0.01,0.01,2341.68245,1776345025000
1776345027.339,27.339,0.23,31.72,0.22,170.5,0.24,73.32,0.25,155.5,0.76,123.32,0.75,145.5,0.77,41.72,0.78,170.5,0.01,0.01,2341.68245,1776345025000
1776345028.417,28.417,0.23,21.72,0.22,177.5,0.24,133.32,0.25,97.5,0.76,73.32,0.75,155.5,0.77,31.72,0.78,170.5,0.01,0.01,2341.733849,1776345027000
1776345029.118,29.118,0.23,16.72,0.22,177.5,0.24,118.32,0.25,97.5,0.76,133.32,0.75,97.5,0.77,21.72,0.78,177.5,0.01,0.01,2341.670149,1776345028000
1776345029.894,29.894,0.22,300.5,0.21,152.0,0.23,3.0,0.24,15.0,0.76,118.32,0.75,97.5,0.77,16.72,0.78,177.5,0.01,0.01,2341.670149,1776345028000
1776345030.817,30.817,0.23,200.5,0.22,185.5,0.24,10.0,0.25,22.0,0.76,13.0,0.75,37.0,0.78,275.5,0.79,152.0,0.01,0.02,2341.713355,1776345029000
1776345032.159,32.159,0.25,39.0,0.24,204.0,0.26,51.0,0.27,49.0,0.76,10.0,0.75,22.0,0.77,200.5,0.78,185.5,0.01,0.01,2341.7892,1776345031000
1776345032.46,32.46,0.25,167.0,0.24,220.5,0.26,2.61,0.27,35.0,0.74,28.0,0.73,35.0,0.75,82.0,0.76,204.0,0.01,0.01,2341.7892,1776345031000
1776345032.914,32.914,0.25,142.0,0.24,220.5,0.27,30.1,0.28,25.0,0.74,2.61,0.73,35.0,0.75,167.0,0.76,220.5,0.02,0.01,2341.7892,1776345031000
1776345033.466,33.466,0.27,10.0,0.26,89.0,0.29,13.98,0.3,25.5,0.73,30.1,0.72,25.0,0.75,142.0,0.76,220.5,0.02,0.02,2341.830629,1776345032000
1776345033.957,33.957,0.28,59.5,0.27,128.5,0.3,10.0,0.31,15.0,0.72,5.0,0.71,13.98,0.73,25.0,0.74,79.0,0.02,0.01,2341.830629,1776345032000
1776345034.257,34.257,0.28,144.5,0.27,109.99,0.29,35.7,0.3,10.0,0.7,10.0,0.69,15.0,0.72,59.5,0.73,128.5,0.01,0.02,2341.830629,1776345032000
1776345035.016,35.016,0.28,224.5,0.27,149.99,0.29,22.35,0.3,15.0,0.71,32.7,0.7,10.0,0.72,169.5,0.73,99.99,0.01,0.01,2341.830629,1776345032000
1776345035.404,35.404,0.28,184.5,0.27,144.99,0.29,13.35,0.3,73.0,0.71,22.35,0.7,15.0,0.72,224.5,0.73,149.99,0.01,0.01,2341.830629,1776345032000
1776345036.954,36.954,0.28,184.5,0.27,168.5,0.29,0.45,0.3,68.0,0.71,13.35,0.7,73.0,0.72,184.5,0.73,144.99,0.01,0.01,2342.15308,1776345035000
1776345038.733,38.733,0.28,184.5,0.27,163.5,0.29,1.55,0.3,73.0,0.71,5.0,0.7,68.0,0.72,189.5,0.73,158.5,0.01,0.01,2342.166665,1776345037000
1776345039.263,39.263,0.28,179.5,0.27,163.5,0.29,1.55,0.3,73.0,0.71,1.55,0.7,73.0,0.72,184.5,0.73,163.5,0.01,0.01,2342.166665,1776345037000
1776345040.445,40.445,0.28,184.5,0.27,142.5,0.3,83.0,0.31,76.5,0.71,1.55,0.7,73.0,0.72,179.5,0.73,163.5,0.02,0.01,2342.12235,1776345039000
1776345041.441,41.441,0.29,152.5,0.28,286.49,0.33,10.0,0.34,15.0,0.7,83.0,0.69,76.5,0.72,184.5,0.73,142.5,0.04,0.02,2342.1219,1776345040000
1776345043.078,43.078,0.33,44.0,0.32,215.5,0.34,115.5,0.35,144.5,0.66,9.7,0.65,39.0,0.67,15.65,0.68,37.5,0.01,0.01,2342.11245,1776345042000
1776345043.647,43.647,0.32,140.0,0.31,60.5,0.33,228.7,0.34,94.5,0.66,115.5,0.65,144.5,0.67,44.0,0.68,215.5,0.01,0.01,2342.11245,1776345042000
1776345044.035,44.035,0.32,130.0,0.3,21.0,0.33,257.5,0.34,100.5,0.67,228.7,0.66,94.5,0.68,140.0,0.69,60.5,0.01,0.01,2342.11245,1776345042000
1776345044.814,44.814,0.32,97.6,0.3,5.0,0.33,240.5,0.34,95.5,0.67,260.7,0.66,100.5,0.68,104.96,0.7,5.0,0.01,0.01,2342.404637,1776345043000
1776345045.073,45.073,0.32,28.6,0.3,60.0,0.33,215.5,0.34,162.26,0.67,240.5,0.66,95.5,0.68,97.6,0.7,5.0,0.01,0.01,2342.404637,1776345043000
1776345045.39,45.39,0.32,13.45,0.3,60.0,0.33,219.5,0.34,153.26,0.67,215.5,0.66,162.26,0.68,28.6,0.7,60.0,0.01,0.01,2342.404637,1776345043000
1776345046.194,46.194,0.32,11.84,0.31,5.0,0.33,304.96,0.34,91.5,0.67,219.5,0.66,153.26,0.68,13.45,0.7,60.0,0.01,0.01,2342.356409,1776345044000
1776345047.258,47.258,0.31,10.0,0.3,113.0,0.32,222.71,0.33,169.5,0.67,304.96,0.66,91.5,0.68,11.84,0.69,5.0,0.01,0.01,2342.261011,1776345045000
1776345048.968,48.968,0.31,10.0,0.3,79.0,0.32,228.58,0.33,160.5,0.68,222.71,0.67,169.5,0.69,10.0,0.7,113.0,0.01,0.01,2342.28638,1776345047000
1776345049.651,49.651,0.3,79.0,0.29,106.5,0.32,137.37,0.33,160.5,0.68,228.58,0.67,160.5,0.69,10.0,0.7,79.0,0.02,0.01,2342.28634,1776345048000
1776345051.325,51.325,0.3,30.0,0.29,164.5,0.31,91.74,0.32,92.37,0.68,137.37,0.67,160.5,0.7,79.0,0.71,106.5,0.01,0.02,2342.286085,1776345050000
1776345052.098,52.098,0.31,88.5,0.3,149.5,0.32,60.0,0.33,27.0,0.69,91.74,0.68,92.37,0.7,30.0,0.71,164.5,0.01,0.01,2342.286085,1776345050000
1776345054.526,54.526,0.31,101.5,0.3,96.5,0.32,69.15,0.33,87.0,0.68,60.0,0.67,27.0,0.69,88.5,0.7,149.5,0.01,0.01,2342.298065,1776345053000
1776345054.856,54.856,0.31,101.5,0.3,91.5,0.32,77.88,0.33,87.0,0.68,69.15,0.67,87.0,0.69,101.5,0.7,96.5,0.01,0.01,2342.298065,1776345053000
1776345056.291,56.291,0.31,9.0,0.3,10.0,0.32,210.65,0.33,87.5,0.68,77.88,0.67,87.0,0.69,101.5,0.7,91.5,0.01,0.01,2342.30218,1776345055000
1776345059.54,59.54,0.3,89.5,0.29,168.5,0.31,20.0,0.32,71.0,0.68,210.65,0.67,87.5,0.69,9.0,0.7,10.0,0.01,0.01,2342.267954,1776345058000
1776345061.811,61.811,0.29,124.0,0.28,150.5,0.3,52.66,0.31,80.0,0.69,20.0,0.68,71.0,0.7,89.5,0.71,168.5,0.01,0.01,2342.335505,1776345060000
1776345062.583,62.583,0.29,5.0,0.28,70.0,0.3,101.5,0.31,75.5,0.7,52.66,0.69,80.0,0.71,124.0,0.72,150.5,0.01,0.01,2342.25597,1776345061000
1776345064.311,64.311,0.28,70.0,0.27,163.5,0.29,105.0,0.3,79.16,0.7,73.16,0.69,75.5,0.71,5.0,0.72,120.0,0.01,0.01,2342.263686,1776345063000
1776345064.547,64.547,0.28,63.91,0.27,163.5,0.29,105.0,0.3,79.16,0.71,105.0,0.7,79.16,0.72,70.0,0.73,163.5,0.01,0.01,2342.263686,1776345063000
1776345066.562,66.562,0.28,112.52,0.27,158.5,0.29,135.0,0.3,84.16,0.71,105.0,0.7,79.16,0.72,63.91,0.73,163.5,0.01,0.01,2342.272361,1776345065000
1776345067.166,67.166,0.28,97.54,0.27,158.5,0.29,103.0,0.3,84.16,0.71,135.0,0.7,84.16,0.72,112.52,0.73,158.5,0.01,0.01,2342.272361,1776345065000
1776345068.849,68.849,0.28,93.72,0.27,158.5,0.29,58.0,0.3,84.16,0.71,103.0,0.7,84.16,0.72,97.54,0.73,158.5,0.01,0.01,2342.21601,1776345066000
1776345069.266,69.266,0.28,92.33,0.27,158.5,0.29,110.17,0.3,84.16,0.71,58.0,0.7,84.16,0.72,93.72,0.73,158.5,0.01,0.01,2342.217869,1776345067000
1776345071.255,71.255,0.28,55.0,0.27,158.5,0.29,121.68,0.3,78.16,0.71,155.17,0.7,84.16,0.72,84.33,0.73,158.5,0.01,0.01,2342.223036,1776345070000
1776345073.485,73.485,0.28,58.83,0.27,100.5,0.29,150.68,0.3,131.16,0.71,136.68,0.7,78.16,0.72,58.61,0.73,158.5,0.01,0.01,2342.222485,1776345072000
1776345075.529,75.529,0.28,7.66,0.27,158.5,0.29,180.68,0.3,170.91,0.71,150.68,0.7,131.16,0.72,58.83,0.73,100.5,0.01,0.01,2342.217079,1776345074000
1776345076.178,76.178,0.28,2.66,0.27,158.5,0.29,124.68,0.3,170.91,0.71,180.68,0.7,170.91,0.72,7.66,0.73,158.5,0.01,0.01,2342.217079,1776345074000
1776345076.549,76.549,0.28,7.66,0.27,158.5,0.29,131.71,0.3,136.16,0.71,124.68,0.7,170.91,0.72,2.66,0.73,158.5,0.01,0.01,2342.220484,1776345075000
1776345077.305,77.305,0.28,73.16,0.27,210.49,0.29,38.71,0.3,67.66,0.71,131.71,0.7,136.16,0.72,7.66,0.73,158.5,0.01,0.01,2342.220068,1776345076000
1776345079.871,79.871,0.28,282.15,0.27,160.5,0.31,6.0,0.33,60.0,0.71,38.71,0.7,67.66,0.72,73.16,0.73,210.49,0.03,0.01,2342.274864,1776345078000
1776345081.651,81.651,0.32,38.52,0.31,31.0,0.33,184.5,0.34,138.97,0.67,60.0,0.66,90.5,0.68,16.0,0.69,25.5,0.01,0.01,2342.3247,1776345080000
1776345083.367,83.367,0.32,12.52,0.3,7.0,0.33,194.5,0.34,150.55,0.67,184.5,0.66,138.97,0.68,38.52,0.69,31.0,0.01,0.01,2342.425525,1776345082000
1776345084.177,84.177,0.3,15.0,0.29,15.0,0.31,116.37,0.32,81.5,0.67,194.5,0.66,150.55,0.68,12.52,0.7,7.0,0.01,0.01,2342.425525,1776345082000
1776345084.687,84.687,0.3,92.0,0.29,75.5,0.31,23.0,0.32,60.5,0.69,116.37,0.68,81.5,0.7,15.0,0.71,15.0,0.01,0.01,2342.35596,1776345083000
1776345085.122,85.122,0.3,92.0,0.29,75.5,0.31,95.42,0.32,60.5,0.69,23.0,0.68,60.5,0.7,92.0,0.71,75.5,0.01,0.01,2342.367265,1776345084000
1776345086.086,86.086,0.28,3.27,0.27,66.5,0.29,155.0,0.3,46.5,0.69,95.42,0.68,60.5,0.7,92.0,0.71,75.5,0.01,0.01,2342.35987,1776345085000
1776345087.348,87.348,0.27,78.99,0.26,222.49,0.28,61.75,0.29,87.0,0.71,155.0,0.7,46.5,0.72,3.27,0.73,66.5,0.01,0.01,2342.282413,1776345086000
1776345087.801,87.801,0.27,46.01,0.26,222.49,0.28,61.75,0.29,77.0,0.72,61.75,0.71,87.0,0.73,78.99,0.74,222.49,0.01,0.01,2342.282413,1776345086000
1776345088.947,88.947,0.27,117.53,0.26,100.5,0.28,26.03,0.29,77.0,0.72,61.75,0.71,77.0,0.73,49.53,0.74,222.49,0.01,0.01,2342.279111,1776345087000
1776345089.721,89.721,0.27,58.16,0.26,158.5,0.28,31.03,0.29,97.0,0.72,26.03,0.71,77.0,0.73,117.53,0.74,100.5,0.01,0.01,2342.25073,1776345088000
1776345090.531,90.531,0.27,5.0,0.26,100.5,0.28,96.03,0.29,155.5,0.72,31.03,0.71,97.0,0.73,58.16,0.74,158.5,0.01,0.01,2342.250778,1776345089000
1776345092.323,92.323,0.27,102.65,0.26,182.5,0.28,11.75,0.29,11.0,0.72,96.03,0.71,155.5,0.73,5.0,0.74,100.5,0.01,0.01,2342.1773,1776345091000
1776345093.314,93.314,0.27,159.28,0.26,124.5,0.28,17.75,0.29,5.0,0.72,11.75,0.71,11.0,0.73,102.65,0.74,182.5,0.01,0.01,2342.27615,1776345092000
1776345095.733,95.733,0.27,64.5,0.26,134.5,0.28,180.75,0.29,78.0,0.72,17.75,0.71,5.0,0.73,159.28,0.74,124.5,0.01,0.01,2342.32558,1776345094000
1776345097.689,97.689,0.27,109.5,0.26,192.5,0.28,22.75,0.29,13.0,0.72,180.75,0.71,78.0,0.73,64.5,0.74,134.5,0.01,0.01,2342.32634,1776345096000
1776345098.079,98.079,0.27,183.5,0.26,194.49,0.29,18.8,0.3,26.0,0.72,22.75,0.71,13.0,0.73,109.5,0.74,192.5,0.02,0.01,2342.32634,1776345096000
1776345098.397,98.397,0.28,166.5,0.27,115.5,0.3,20.0,0.31,6.0,0.71,18.8,0.7,26.0,0.73,183.5,0.74,194.49,0.02,0.02,2342.354645,1776345097000
1776345099.422,99.422,0.31,16.4,0.3,71.5,0.32,7.4,0.33,81.5,0.7,20.0,0.69,6.0,0.72,166.5,0.73,115.5,0.01,0.02,2342.33863,1776345098000
1776345099.74,99.74,0.32,8.52,0.31,124.4,0.33,86.5,0.34,95.0,0.68,7.4,0.67,81.5,0.69,16.4,0.7,71.5,0.01,0.01,2342.33863,1776345098000
1776345100.077,100.077,0.32,69.65,0.31,119.4,0.33,144.5,0.34,95.0,0.67,91.5,0.66,95.0,0.68,51.13,0.69,119.4,0.01,0.01,2342.273747,1776345099000
1776345100.356,100.356,0.32,68.06,0.31,109.4,0.33,144.5,0.34,105.0,0.67,144.5,0.66,95.0,0.68,69.65,0.69,119.4,0.01,0.01,2342.273747,1776345099000
1776345102.667,102.667,0.32,65.91,0.31,67.4,0.33,154.5,0.34,95.0,0.67,144.5,0.66,105.0,0.68,68.06,0.69,109.4,0.01,0.01,2342.38145,1776345101000
1776345103.576,103.576,0.32,70.91,0.31,67.4,0.33,83.46,0.34,185.54,0.67,154.5,0.66,95.0,0.68,65.91,0.69,67.4,0.01,0.01,2342.37665,1776345102000
1776345104.098,104.098,0.31,2.0,0.3,21.0,0.32,60.5,0.33,161.46,0.67,83.46,0.66,185.54,0.68,70.91,0.69,67.4,0.01,0.01,2342.37665,1776345102000
1776345104.315,104.315,0.28,25.0,0.27,21.0,0.29,56.5,0.3,15.0,0.68,142.5,0.67,118.46,0.72,25.0,0.73,5.0,0.01,0.04,2342.37665,1776345103000
1776345106.935,106.935,0.26,108.5,0.25,168.5,0.28,22.0,0.29,154.5,0.71,56.5,0.7,15.0,0.72,25.0,0.73,21.0,0.02,0.01,2342.26095,1776345105000
1776345116.582,116.582,0.25,45.0,0.24,71.5,0.26,149.0,0.27,71.98,0.73,113.48,0.72,42.5,0.74,50.5,0.75,174.5,0.01,0.01,2342.13737,1776345115000
1776345116.834,116.834,0.25,55.5,0.24,55.5,0.26,117.0,0.27,66.98,0.74,101.0,0.73,71.98,0.75,45.0,0.76,71.5,0.01,0.01,2342.13737,1776345115000
1776345119.752,119.752,0.25,88.5,0.24,116.5,0.26,94.0,0.27,99.02,0.74,117.0,0.73,66.98,0.75,55.5,0.76,55.5,0.01,0.01,2342.150315,1776345118000
1776345120.121,120.121,0.25,9.66,0.24,121.5,0.26,150.55,0.27,56.48,0.74,94.0,0.73,99.02,0.75,88.5,0.76,116.5,0.01,0.01,2342.150315,1776345118000
1776345120.672,120.672,0.25,7.1,0.24,144.5,0.26,185.55,0.27,124.98,0.74,150.55,0.73,56.48,0.75,9.66,0.76,121.5,0.01,0.01,2342.260655,1776345119000
1776345120.937,120.937,0.24,131.76,0.23,195.0,0.26,190.55,0.27,124.98,0.74,185.55,0.73,124.98,0.75,7.1,0.76,144.5,0.02,0.01,2342.260655,1776345119000
1776345121.488,121.488,0.24,141.26,0.23,211.0,0.25,54.0,0.26,80.0,0.74,190.55,0.73,124.98,0.76,131.76,0.77,195.0,0.01,0.02,2342.26403,1776345120000
1776345122.181,122.181,0.24,136.26,0.23,211.0,0.25,54.0,0.26,90.5,0.75,54.0,0.74,80.0,0.76,141.26,0.77,211.0,0.01,0.01,2342.2428,1776345121000
1776345123.224,123.224,0.24,20.0,0.23,211.5,0.25,120.5,0.26,80.5,0.75,54.0,0.74,90.5,0.76,136.26,0.77,211.0,0.01,0.01,2342.160281,1776345122000
1776345125.228,125.228,0.24,85.5,0.23,279.5,0.25,5.0,0.26,138.0,0.75,120.5,0.74,80.5,0.76,20.0,0.77,211.5,0.01,0.01,2342.2624,1776345123000
1776345126.551,126.551,0.24,3.0,0.23,156.0,0.25,173.5,0.26,75.5,0.75,5.0,0.74,138.0,0.76,85.5,0.77,279.5,0.01,0.01,2342.187071,1776345125000
1776345127.222,127.222,0.23,26.0,0.22,55.5,0.24,234.5,0.25,175.5,0.75,185.5,0.74,75.5,0.77,126.0,0.78,135.5,0.01,0.02,2342.1951,1776345126000
1776345128.742,128.742,0.23,60.0,0.22,105.5,0.24,134.0,0.25,128.5,0.76,234.5,0.75,175.5,0.77,26.0,0.78,55.5,0.01,0.01,2342.19535,1776345127000
1776345129.287,129.287,0.23,75.5,0.22,105.5,0.24,134.0,0.25,128.5,0.76,134.0,0.75,128.5,0.77,60.0,0.78,105.5,0.01,0.01,2342.15355,1776345128000
1776345129.828,129.828,0.23,25.5,0.22,100.5,0.24,77.75,0.25,128.5,0.76,134.0,0.75,128.5,0.77,75.5,0.78,105.5,0.01,0.01,2342.15355,1776345128000
1776345130.49,130.49,0.23,73.91,0.22,100.5,0.24,32.0,0.25,128.5,0.76,77.75,0.75,128.5,0.77,25.5,0.78,100.5,0.01,0.01,2342.1064,1776345129000
1776345131.216,131.216,0.23,71.23,0.22,116.5,0.24,15.0,0.25,128.5,0.76,32.0,0.75,128.5,0.77,66.23,0.78,116.5,0.01,0.01,2342.1064,1776345129000
1776345131.972,131.972,0.25,126.5,0.24,117.5,0.26,114.4,0.27,76.98,0.76,15.0,0.75,128.5,0.77,71.23,0.78,116.5,0.01,0.01,2342.207955,1776345130000
1776345133.052,133.052,0.25,108.83,0.24,192.5,0.26,65.4,0.27,73.5,0.74,114.4,0.73,76.98,0.75,126.5,0.76,117.5,0.01,0.01,2342.1928,1776345132000
1776345135.297,135.297,0.27,150.5,0.26,131.0,0.28,5.0,0.29,70.5,0.73,68.5,0.72,70.5,0.74,10.0,0.75,118.83,0.01,0.01,2342.31912,1776345134000
1776345139.256,139.256,0.3,6.0,0.29,6.0,0.31,0.59,0.33,5.0,0.71,60.0,0.7,60.5,0.73,179.5,0.74,177.99,0.01,0.02,2342.40864,1776345138000
1776345139.576,139.576,0.37,15.0,0.36,30.0,0.39,25.0,0.41,105.0,0.63,50.0,0.62,50.0,0.68,203.5,0.69,99.0,0.02,0.05,2342.40864,1776345138000
1776345141.687,141.687,0.4,12.55,0.39,116.5,0.41,93.1,0.42,80.0,0.59,93.1,0.58,80.0,0.6,4.14,0.61,106.0,0.01,0.01,2342.434337,1776345140000
1776345142.06,142.06,0.4,10.46,0.39,121.5,0.41,93.1,0.42,80.0,0.59,93.1,0.58,80.0,0.6,12.55,0.61,116.5,0.01,0.01,2342.8177,1776345141000
1776345142.351,142.351,0.4,9.07,0.39,171.5,0.41,98.1,0.42,130.0,0.59,93.1,0.58,80.0,0.6,10.46,0.61,121.5,0.01,0.01,2342.8177,1776345141000
1776345144.268,144.268,0.4,24.0,0.39,197.1,0.41,164.29,0.42,140.0,0.59,142.17,0.58,130.0,0.6,19.0,0.61,176.5,0.01,0.01,2342.866015,1776345143000
1776345147.276,147.276,0.43,4.99,0.42,70.5,0.44,50.0,0.45,65.0,0.59,164.29,0.58,140.0,0.6,24.0,0.61,197.1,0.01,0.01,2342.8808,1776345146000
1776345148.136,148.136,0.44,14.0,0.43,10.0,0.45,218.5,0.46,176.65,0.56,50.0,0.55,65.0,0.57,4.99,0.58,70.5,0.01,0.01,2342.948107,1776345147000
1776345148.494,148.494,0.43,10.0,0.42,35.0,0.45,203.5,0.46,176.65,0.55,218.5,0.54,176.65,0.56,14.0,0.57,10.0,0.02,0.01,2342.948107,1776345147000
1776345151.45,151.45,0.4,17.0,0.38,25.0,0.41,161.7,0.42,160.5,0.55,203.5,0.54,176.65,0.57,10.0,0.58,35.0,0.01,0.02,2342.98181,1776345150000
1776345151.689,151.689,0.4,3.57,0.39,5.0,0.41,222.5,0.42,230.5,0.59,241.7,0.58,160.5,0.6,8.66,0.62,25.0,0.01,0.01,2342.98181,1776345150000
1776345152.046,152.046,0.38,5.0,0.37,35.0,0.41,280.5,0.42,255.5,0.59,222.5,0.58,230.5,0.6,3.57,0.61,5.0,0.03,0.01,2342.98181,1776345150000
1776345155.736,155.736,0.35,50.0,0.34,50.0,0.37,137.5,0.38,250.5,0.59,280.5,0.58,255.5,0.62,5.0,0.63,35.0,0.02,0.03,2342.829662,1776345154000
1776345156.392,156.392,0.32,40.67,0.31,5.0,0.34,167.2,0.35,135.5,0.63,137.5,0.62,250.5,0.65,50.0,0.66,50.0,0.02,0.02,2342.88893,1776345155000
1776345159.114,159.114,0.29,163.5,0.28,75.5,0.3,24.0,0.31,5.0,0.66,167.2,0.65,135.5,0.68,40.67,0.69,5.0,0.01,0.02,2342.62679,1776345158000
1776345160.555,160.555,0.29,173.5,0.28,75.5,0.3,2.0,0.31,5.0,0.7,24.0,0.69,5.0,0.71,163.5,0.72,75.5,0.01,0.01,2342.5987,1776345159000
1776345162.982,162.982,0.3,118.5,0.29,226.49,0.31,14.0,0.32,10.0,0.7,2.0,0.69,5.0,0.71,173.5,0.72,75.5,0.01,0.01,2342.688467,1776345161000
1776345163.325,163.325,0.31,90.5,0.3,81.5,0.32,15.0,0.33,5.0,0.68,20.0,0.67,5.0,0.69,30.5,0.7,118.5,0.01,0.01,2342.603399,1776345162000
1776345163.586,163.586,0.31,75.42,0.3,81.5,0.32,35.0,0.33,5.0,0.68,15.0,0.67,5.0,0.69,90.5,0.7,81.5,0.01,0.01,2342.603399,1776345162000
1776345164.074,164.074,0.31,81.85,0.3,139.5,0.32,35.0,0.33,5.0,0.68,35.0,0.67,5.0,0.69,72.52,0.7,81.5,0.01,0.01,2342.603399,1776345162000
1776345166.873,166.873,0.31,75.0,0.3,81.5,0.33,19.59,0.34,86.5,0.68,35.0,0.67,5.0,0.69,81.85,0.7,139.5,0.02,0.01,2342.674796,1776345164000
1776345168.144,168.144,0.31,4.0,0.3,10.0,0.32,233.1,0.33,139.59,0.68,17.6,0.67,19.59,0.69,75.0,0.7,81.5,0.01,0.01,2342.675009,1776345167000
1776345168.906,168.906,0.27,5.0,0.26,30.0,0.29,186.7,0.3,100.5,0.69,117.5,0.68,158.5,0.71,95.0,0.72,65.0,0.02,0.02,2342.682275,1776345168000
1776345169.766,169.766,0.25,5.0,0.24,129.99,0.27,145.5,0.28,115.5,0.71,186.7,0.7,100.5,0.73,5.0,0.74,30.0,0.02,0.02,2342.682275,1776345168000
1776345170.07,170.07,0.25,5.0,0.24,129.99,0.26,114.7,0.27,105.0,0.73,145.5,0.72,115.5,0.75,5.0,0.76,129.99,0.01,0.02,2342.675209,1776345169000
1776345171.847,171.847,0.25,12.0,0.24,55.0,0.26,75.5,0.27,185.5,0.74,114.7,0.73,105.0,0.75,5.0,0.76,129.99,0.01,0.01,2342.578627,1776345170000
1776345172.417,172.417,0.2,12.0,0.19,65.0,0.22,119.5,0.23,137.5,0.74,75.5,0.73,185.5,0.75,12.0,0.76,55.0,0.02,0.01,2342.509174,1776345171000
1776345173.875,173.875,0.18,63.78,0.17,65.0,0.19,45.5,0.2,65.5,0.79,10.5,0.78,114.5,0.81,56.46,0.82,140.49,0.01,0.02,2342.512051,1776345172000
1776345174.578,174.578,0.15,2.42,0.14,129.99,0.17,112.5,0.18,273.5,0.81,45.5,0.8,65.5,0.82,63.78,0.83,65.0,0.02,0.01,2342.320023,1776345173000
1776345174.984,174.984,0.14,116.52,0.13,106.5,0.16,100.5,0.17,110.5,0.83,112.5,0.82,273.5,0.85,2.42,0.86,129.99,0.02,0.02,2342.270984,1776345174000
1776345175.254,175.254,0.14,59.64,0.13,86.0,0.15,18.83,0.16,130.5,0.84,100.5,0.83,110.5,0.86,113.63,0.87,106.5,0.01,0.02,2342.270984,1776345174000
1776345175.508,175.508,0.12,62.51,0.11,99.0,0.13,77.0,0.14,115.5,0.85,18.83,0.84,130.5,0.86,59.64,0.87,86.0,0.01,0.01,2342.270984,1776345174000
1776345175.928,175.928,0.12,11.68,0.11,145.99,0.13,65.0,0.14,150.38,0.87,77.0,0.86,115.5,0.88,62.51,0.89,99.0,0.01,0.01,2342.270984,1776345174000
1776345176.438,176.438,0.11,1.68,0.1,145.5,0.13,71.0,0.14,156.38,0.87,65.0,0.86,150.38,0.88,11.68,0.89,145.99,0.02,0.01,2342.196086,1776345175000
1776345177.032,177.032,0.12,65.0,0.11,56.68,0.13,73.3,0.14,106.38,0.87,71.0,0.86,106.38,0.88,60.0,0.89,56.68,0.01,0.01,2342.196086,1776345175000
1776345177.335,177.335,0.12,67.5,0.11,172.17,0.13,11.0,0.14,44.88,0.87,73.3,0.86,106.38,0.88,65.0,0.89,56.68,0.01,0.01,2342.012257,1776345176000
1776345177.576,177.576,0.12,192.49,0.11,184.17,0.14,34.88,0.16,53.35,0.87,0.84,0.86,44.88,0.88,72.5,0.89,172.17,0.02,0.01,2342.012257,1776345176000
1776345178.025,178.025,0.13,66.5,0.12,205.49,0.14,17.73,0.16,53.35,0.86,24.88,0.84,53.35,0.87,42.5,0.88,172.49,0.01,0.01,2342.012257,1776345176000
1776345178.673,178.673,0.13,111.0,0.12,205.49,0.16,115.02,0.17,31.5,0.86,7.73,0.84,53.35,0.87,71.5,0.88,205.49,0.03,0.01,2341.862587,1776345177000
1776345179.669,179.669,0.15,39.0,0.14,15.0,0.16,125.02,0.17,81.5,0.84,115.02,0.83,31.5,0.87,111.0,0.88,205.49,0.01,0.03,2341.867713,1776345178000
1776345180.536,180.536,0.15,71.35,0.14,75.0,0.16,118.77,0.17,81.5,0.84,118.77,0.83,81.5,0.85,39.0,0.86,15.0,0.01,0.01,2341.87273,1776345179000
1776345180.85,180.85,0.15,66.17,0.14,65.0,0.16,118.77,0.17,81.5,0.84,118.77,0.83,81.5,0.85,71.35,0.86,75.0,0.01,0.01,2341.87273,1776345179000
1776345181.157,181.157,0.15,36.17,0.14,65.0,0.16,112.52,0.17,86.5,0.84,118.77,0.83,81.5,0.85,66.17,0.86,65.0,0.01,0.01,2341.87273,1776345179000
1776345182.588,182.588,0.15,7.93,0.14,60.0,0.16,111.27,0.17,85.5,0.84,112.52,0.83,86.5,0.85,7.93,0.86,65.0,0.01,0.01,2341.89505,1776345181000
1776345184.167,184.167,0.14,50.0,0.13,144.0,0.15,8.33,0.16,106.27,0.84,111.27,0.83,85.5,0.85,7.93,0.86,60.0,0.01,0.01,2341.9577,1776345182000
1776345184.55,184.55,0.14,55.0,0.13,76.0,0.16,100.51,0.17,80.5,0.85,8.33,0.84,106.27,0.86,50.0,0.87,144.0,0.02,0.01,2342.013435,1776345183000
1776345185.632,185.632,0.14,50.0,0.13,76.0,0.15,3.33,0.16,100.51,0.84,100.51,0.83,80.5,0.86,55.0,0.87,76.0,0.01,0.02,2342.005811,1776345184000
1776345185.9,185.9,0.13,71.02,0.12,193.49,0.15,3.33,0.16,100.51,0.85,3.33,0.84,100.51,0.86,50.0,0.87,76.0,0.02,0.01,2342.005811,1776345184000
1776345187.045,187.045,0.15,30.0,0.14,123.0,0.16,10.76,0.17,60.5,0.85,3.33,0.84,100.51,0.87,71.02,0.88,193.49,0.01,0.02,2341.9661,1776345185000
1776345188.245,188.245,0.15,146.49,0.14,118.5,0.16,6.76,0.19,20.5,0.84,5.76,0.83,60.5,0.85,25.0,0.86,123.0,0.01,0.01,2342.0224,1776345187000
1776345189.576,189.576,0.16,19.25,0.15,146.49,0.18,77.0,0.19,88.5,0.81,107.19,0.8,20.0,0.83,19.0,0.84,19.25,0.02,0.02,2342.096805,1776345188000
1776345190.201,190.201,0.17,0.25,0.16,29.75,0.18,166.0,0.19,30.5,0.82,77.0,0.81,88.5,0.84,19.25,0.85,146.49,0.01,0.02,2342.096805,1776345188000
1776345191.773,191.773,0.16,16.89,0.15,122.49,0.17,57.0,0.18,94.6,0.82,166.0,0.81,30.5,0.83,0.25,0.84,19.25,0.01,0.01,2342.148436,1776345190000
1776345192.262,192.262,0.16,39.39,0.15,148.19,0.17,52.0,0.18,99.6,0.83,47.0,0.82,89.1,0.84,25.07,0.85,150.69,0.01,0.01,2342.216055,1776345191000
1776345192.565,192.565,0.16,6.39,0.15,98.19,0.17,155.0,0.18,41.6,0.83,52.0,0.82,99.6,0.84,39.39,0.85,148.19,0.01,0.01,2342.216055,1776345191000
1776345195.93,195.93,0.14,78.0,0.13,189.3,0.16,97.0,0.17,40.5,0.83,97.0,0.82,99.6,0.85,95.47,0.86,186.4,0.02,0.02,2342.1145,1776345194000
1776345199.813,199.813,0.14,30.5,0.13,205.5,0.16,88.0,0.17,60.5,0.84,97.0,0.83,40.5,0.86,78.0,0.87,189.3,0.02,0.02,2342.19499,1776345198000
1776345200.139,200.139,0.15,1.47,0.14,39.5,0.16,88.0,0.17,60.5,0.84,88.0,0.83,60.5,0.86,30.5,0.87,205.5,0.01,0.02,2342.19499,1776345198000
1776345200.984,200.984,0.17,73.5,0.16,46.5,0.21,10.5,0.22,70.0,0.84,88.0,0.83,60.5,0.85,1.47,0.86,39.5,0.04,0.01,2342.109043,1776345199000
1776345201.52,201.52,0.21,48.23,0.2,95.5,0.22,70.0,0.23,10.0,0.79,10.5,0.78,70.0,0.83,73.5,0.84,46.5,0.01,0.04,2342.109043,1776345199000
1776345201.934,201.934,0.19,38.86,0.18,97.49,0.21,84.5,0.22,55.5,0.78,60.5,0.77,20.5,0.8,5.0,0.81,67.0,0.02,0.02,2342.113301,1776345200000
1776345202.246,202.246,0.18,138.85,0.17,111.5,0.19,37.0,0.2,20.0,0.8,10.0,0.79,84.5,0.81,33.86,0.82,97.49,0.01,0.01,2342.113301,1776345200000
1776345202.461,202.461,0.19,31.09,0.18,133.85,0.2,12.15,0.21,35.0,0.8,0.15,0.79,30.0,0.82,143.85,0.83,111.5,0.01,0.02,2342.13775,1776345201000
1776345203.13,203.13,0.18,75.76,0.17,111.5,0.21,67.5,0.22,65.5,0.79,35.0,0.78,55.5,0.8,12.85,0.81,28.0,0.03,0.01,2342.13775,1776345201000
1776345203.673,203.673,0.19,7.59,0.18,83.5,0.2,12.0,0.21,40.0,0.79,67.5,0.78,65.5,0.82,75.76,0.83,111.5,0.01,0.03,2342.27,1776345202000
1776345207.982,207.982,0.22,3.11,0.21,28.5,0.23,5.0,0.24,123.0,0.8,12.0,0.79,40.0,0.81,7.59,0.82,83.5,0.01,0.01,2342.41505,1776345206000
1776345208.518,208.518,0.22,1.84,0.21,28.5,0.23,16.0,0.24,133.5,0.77,6.0,0.76,123.0,0.79,28.5,0.8,267.27,0.01,0.02,2342.41505,1776345207000
1776345209.582,209.582,0.22,70.66,0.21,83.0,0.23,15.5,0.24,113.0,0.77,16.0,0.76,133.5,0.78,1.84,0.79,28.5,0.01,0.01,2342.519735,1776345208000
1776345209.852,209.852,0.21,48.5,0.2,158.22,0.23,5.0,0.24,118.0,0.77,15.5,0.76,113.0,0.78,70.66,0.79,83.0,0.02,0.01,2342.519735,1776345208000
1776345210.167,210.167,0.22,4.0,0.21,43.5,0.23,5.0,0.24,118.0,0.77,5.0,0.76,118.0,0.79,48.5,0.8,158.22,0.01,0.02,2342.519735,1776345208000
1776345210.792,210.792,0.23,0.59,0.22,68.27,0.24,5.0,0.25,5.0,0.77,5.0,0.76,118.0,0.78,4.0,0.79,43.5,0.01,0.01,2342.504297,1776345209000
1776345211.22,211.22,0.24,10.0,0.23,18.98,0.25,4.0,0.26,103.5,0.75,10.0,0.74,93.5,0.77,18.98,0.78,63.27,0.01,0.02,2342.504297,1776345209000
1776345213.483,213.483,0.25,18.78,0.24,20.5,0.26,63.0,0.27,170.0,0.75,4.0,0.74,103.5,0.76,10.0,0.77,18.98,0.01,0.01,2342.571251,1776345212000
1776345213.877,213.877,0.25,18.78,0.24,20.5,0.26,67.24,0.27,170.0,0.74,63.0,0.73,170.0,0.75,18.78,0.76,20.5,0.01,0.01,2342.571251,1776345212000
1776345217.379,217.379,0.25,60.0,0.24,198.0,0.27,120.0,0.28,65.5,0.74,67.24,0.73,170.0,0.75,18.78,0.76,20.5,0.02,0.01,2342.713145,1776345215000
1776345220.054,220.054,0.25,5.0,0.24,140.0,0.26,10.18,0.27,188.5,0.73,120.0,0.72,65.5,0.75,60.0,0.76,198.0,0.01,0.02,2342.748945,1776345218000
1776345220.766,220.766,0.25,5.0,0.24,208.5,0.27,120.0,0.28,70.5,0.74,10.18,0.73,188.5,0.75,5.0,0.76,140.0,0.02,0.01,2342.689048,1776345219000
1776345221.275,221.275,0.27,6.0,0.26,118.5,0.29,1.72,0.3,45.48,0.73,120.0,0.72,70.5,0.75,5.0,0.76,198.0,0.02,0.02,2342.68055,1776345220000
1776345221.561,221.561,0.33,20.7,0.32,10.0,0.34,22.65,0.35,15.5,0.66,22.65,0.65,15.5,0.67,39.9,0.68,15.0,0.01,0.01,2342.68055,1776345220000
1776345221.817,221.817,0.35,15.0,0.34,15.0,0.36,45.15,0.37,88.4,0.64,21.15,0.63,25.4,0.7,88.5,0.71,85.0,0.01,0.06,2342.68055,1776345220000
1776345222.425,222.425,0.33,5.0,0.32,25.5,0.35,137.61,0.36,70.15,0.65,25.0,0.64,70.15,0.66,5.0,0.67,10.0,0.02,0.01,2342.68055,1776345220000
1776345222.92,222.92,0.33,6.41,0.32,83.5,0.34,15.0,0.35,69.61,0.65,137.61,0.64,70.15,0.67,5.0,0.68,25.5,0.01,0.02,2342.690114,1776345221000
1776345223.268,223.268,0.33,1.41,0.32,15.0,0.35,57.66,0.36,83.15,0.66,15.0,0.65,69.61,0.67,6.41,0.68,83.5,0.02,0.01,2342.690114,1776345221000
1776345224.001,224.001,0.33,31.91,0.32,91.5,0.34,16.47,0.35,50.0,0.65,31.46,0.64,80.15,0.67,1.41,0.68,15.0,0.01,0.02,2342.91618,1776345222000
1776345224.406,224.406,0.32,15.0,0.31,26.0,0.34,35.5,0.35,40.57,0.65,15.07,0.64,99.15,0.67,31.91,0.68,81.0,0.02,0.02,2342.91618,1776345222000
1776345225.487,225.487,0.32,4.0,0.31,83.0,0.33,84.0,0.34,65.0,0.66,35.5,0.65,40.57,0.68,15.0,0.69,26.0,0.01,0.02,2342.857259,1776345223000
1776345226.773,226.773,0.32,15.88,0.31,93.5,0.33,10.0,0.34,5.0,0.67,89.0,0.66,65.0,0.69,83.0,0.7,35.5,0.01,0.02,2342.97377,1776345225000
1776345228.574,228.574,0.32,220.23,0.31,100.5,0.33,10.0,0.36,16.15,0.67,10.0,0.66,5.0,0.68,15.88,0.69,93.5,0.01,0.01,2342.977385,1776345226000
1776345228.947,228.947,0.32,232.23,0.31,170.5,0.37,60.0,0.38,85.6,0.67,10.0,0.64,16.15,0.68,220.23,0.69,100.5,0.05,0.01,2342.962692,1776345227000
1776345231.773,231.773,0.44,317.49,0.43,142.5,0.49,449.5,0.5,55.0,0.63,60.0,0.62,85.6,0.68,232.23,0.69,170.5,0.05,0.05,2342.981085,1776345230000
1776345232.128,232.128,0.48,177.37,0.47,42.0,0.49,389.14,0.5,106.93,0.51,439.14,0.5,106.93,0.52,80.5,0.53,30.0,0.01,0.01,2342.981085,1776345230000
1776345232.454,232.454,0.48,205.8,0.47,42.0,0.49,199.76,0.5,56.93,0.51,249.76,0.5,106.93,0.52,197.6,0.53,42.0,0.01,0.01,2342.99698,1776345231000
1776345232.662,232.662,0.48,217.58,0.47,47.0,0.49,73.96,0.5,5.0,0.51,80.2,0.5,5.0,0.52,183.58,0.53,47.0,0.01,0.01,2342.99698,1776345231000
1776345233.091,233.091,0.57,40.5,0.56,30.5,0.58,58.1,0.59,65.0,0.42,61.72,0.41,65.0,0.44,10.0,0.45,6.0,0.01,0.02,2342.99698,1776345231000
1776345233.317,233.317,0.57,46.5,0.56,50.5,0.58,43.1,0.59,65.0,0.42,58.1,0.41,65.0,0.43,40.5,0.44,30.5,0.01,0.01,2342.99698,1776345231000
1776345233.667,233.667,0.57,36.0,0.56,40.5,0.58,31.9,0.59,65.0,0.42,43.1,0.41,65.0,0.43,0.5,0.44,40.5,0.01,0.01,2342.99698,1776345231000
1776345234.171,234.171,0.57,21.0,0.56,45.5,0.58,28.45,0.59,65.0,0.42,31.9,0.41,65.0,0.43,36.0,0.44,40.5,0.01,0.01,2343.27285,1776345233000
1776345234.399,234.399,0.57,16.0,0.56,45.5,0.58,28.45,0.59,65.0,0.42,28.45,0.41,65.0,0.43,21.0,0.44,45.5,0.01,0.01,2343.27285,1776345233000
1776345234.977,234.977,0.58,20.5,0.57,136.0,0.6,105.88,0.61,50.0,0.42,28.45,0.41,65.0,0.43,16.0,0.44,45.5,0.02,0.01,2343.27285,1776345233000
1776345235.266,235.266,0.59,44.5,0.58,71.99,0.6,173.97,0.61,50.0,0.4,105.88,0.39,50.0,0.42,20.5,0.43,136.0,0.01,0.02,2343.375985,1776345234000
1776345235.977,235.977,0.59,44.5,0.58,76.99,0.6,158.55,0.61,50.0,0.4,173.97,0.39,50.0,0.41,44.5,0.42,71.99,0.01,0.01,2343.375985,1776345234000
1776345236.451,236.451,0.59,54.5,0.58,68.99,0.6,148.43,0.61,50.0,0.4,158.55,0.39,50.0,0.41,44.5,0.42,76.99,0.01,0.01,2343.39395,1776345235000
1776345237.017,237.017,0.59,69.81,0.58,69.99,0.6,194.26,0.61,50.0,0.4,148.5,0.39,50.0,0.41,59.5,0.42,20.0,0.01,0.01,2343.39395,1776345235000
1776345237.324,237.324,0.59,200.81,0.58,50.0,0.6,113.33,0.61,50.0,0.4,192.59,0.39,50.0,0.41,74.81,0.42,20.0,0.01,0.01,2343.44795,1776345236000
1776345237.632,237.632,0.59,171.68,0.58,25.0,0.6,48.07,0.61,50.0,0.4,56.0,0.38,35.0,0.41,188.68,0.42,20.0,0.01,0.01,2343.44795,1776345236000
1776345237.921,237.921,0.59,129.84,0.58,25.0,0.6,48.07,0.61,50.0,0.4,43.07,0.39,50.0,0.41,147.48,0.42,25.0,0.01,0.01,2343.44795,1776345236000
1776345238.213,238.213,0.59,129.84,0.58,25.0,0.6,5.17,0.62,85.0,0.4,21.84,0.39,50.0,0.41,129.84,0.42,25.0,0.01,0.01,2343.468,1776345237000
1776345238.868,238.868,0.59,115.51,0.58,25.0,0.6,5.17,0.62,50.0,0.4,5.17,0.38,85.0,0.41,122.15,0.42,25.0,0.01,0.01,2343.468,1776345237000
1776345239.376,239.376,0.62,364.09,0.61,238.7,0.7,60.0,0.71,50.0,0.38,40.17,0.37,60.0,0.41,120.51,0.42,25.0,0.08,0.03,2343.583611,1776345238000
1776345239.669,239.669,0.69,241.68,0.68,15.0,0.71,50.0,0.72,50.0,0.3,74.45,0.29,50.0,0.31,241.68,0.32,15.0,0.02,0.01,2343.583611,1776345238000
1776345240.047,240.047,0.7,15.96,0.69,30.0,0.71,74.07,0.72,120.0,0.29,43.57,0.28,50.0,0.3,64.5,0.31,151.68,0.01,0.01,2343.583611,1776345238000
1776345240.487,240.487,0.67,6.0,0.66,10.0,0.7,148.0,0.71,123.57,0.29,43.57,0.28,120.0,0.32,10.0,0.33,10.0,0.03,0.03,2343.580967,1776345239000
1776345240.862,240.862,0.67,6.96,0.66,16.0,0.7,125.25,0.71,142.57,0.32,16.0,0.31,9.13,0.33,6.96,0.34,10.0,0.03,0.01,2343.580967,1776345239000
1776345241.319,241.319,0.71,135.0,0.7,30.0,0.72,50.0,0.73,76.0,0.3,117.25,0.29,142.57,0.31,6.84,0.32,10.0,0.01,0.01,2343.655915,1776345240000
1776345241.523,241.523,0.71,141.55,0.7,30.0,0.72,50.0,0.73,76.0,0.28,50.0,0.27,76.0,0.29,135.0,0.3,30.0,0.01,0.01,2343.655915,1776345240000
1776345242.202,242.202,0.78,16.81,0.77,20.0,0.81,10.0,0.82,60.0,0.28,50.0,0.27,76.0,0.29,141.55,0.3,30.0,0.03,0.01,2343.720075,1776345241000
1776345242.548,242.548,0.81,284.27,0.8,201.22,0.82,10.0,0.83,25.0,0.19,10.0,0.18,60.0,0.22,16.81,0.23,20.0,0.01,0.03,2343.720075,1776345241000
1776345242.762,242.762,0.85,10.0,0.84,10.0,0.86,92.83,0.87,81.8,0.18,10.0,0.17,25.0,0.19,284.27,0.2,201.22,0.01,0.01,2343.720075,1776345241000
1776345243.273,243.273,0.85,337.99,0.84,95.0,0.86,47.15,0.89,58.0,0.14,152.99,0.13,81.8,0.15,142.0,0.16,10.0,0.01,0.01,2343.691588,1776345242000
1776345243.542,243.542,0.89,20.0,0.88,65.0,0.9,95.0,0.91,105.0,0.11,49.9,0.1,100.0,0.12,10.0,0.13,10.0,0.01,0.01,2343.691588,1776345242000
1776345244.006,244.006,0.89,27.09,0.88,50.0,0.9,151.0,0.91,105.0,0.1,98.0,0.09,105.0,0.11,20.0,0.12,65.0,0.01,0.01,2343.691588,1776345242000
1776345244.269,244.269,0.89,45.09,0.88,50.0,0.9,105.83,0.91,105.0,0.1,151.0,0.09,105.0,0.11,27.09,0.12,50.0,0.01,0.01,2343.995186,1776345243000
1776345244.555,244.555,0.89,8.9,0.88,40.0,0.9,105.83,0.91,105.0,0.1,105.83,0.09,105.0,0.11,45.09,0.12,50.0,0.01,0.01,2343.995186,1776345243000
1776345245.486,245.486,0.89,8.9,0.88,40.0,0.9,70.52,0.91,105.0,0.1,105.83,0.09,105.0,0.11,8.9,0.12,40.0,0.01,0.01,2344.204481,1776345244000
1776345245.966,245.966,0.89,8.9,0.88,40.0,0.9,64.4,0.91,105.0,0.1,60.52,0.09,105.0,0.11,8.9,0.12,40.0,0.01,0.01,2344.204481,1776345244000
1776345246.221,246.221,0.89,4.8,0.88,40.0,0.9,20.36,0.91,105.0,0.1,55.36,0.09,105.0,0.11,8.9,0.12,40.0,0.01,0.01,2344.318585,1776345245000
1776345247.364,247.364,0.9,86.73,0.89,20.0,0.91,16.0,0.92,60.9,0.1,20.36,0.09,105.0,0.11,4.8,0.12,40.0,0.01,0.01,2344.36397,1776345246000
1776345248.185,248.185,0.9,10.67,0.89,30.0,0.91,64.9,0.92,168.9,0.09,11.0,0.08,110.9,0.1,15.67,0.11,30.0,0.01,0.01,2344.36397,1776345246000
1776345248.559,248.559,0.91,1.07,0.9,20.67,0.92,172.82,0.93,124.3,0.08,167.82,0.07,146.3,0.1,115.67,0.11,35.0,0.01,0.02,2344.388265,1776345247000
1776345249.087,249.087,0.91,362.29,0.9,100.22,0.94,33.67,0.95,56.85,0.08,53.95,0.07,119.3,0.09,11.95,0.1,83.67,0.03,0.01,2344.388265,1776345247000
1776345249.581,249.581,0.93,460.7,0.92,123.22,0.94,3.31,0.95,56.85,0.06,28.31,0.05,56.85,0.07,144.0,0.08,106.99,0.01,0.01,2344.452045,1776345248000
1776345249.939,249.939,0.94,242.99,0.93,292.93,0.95,39.69,0.96,70.0,0.05,45.48,0.04,65.0,0.07,460.7,0.08,123.22,0.01,0.02,2344.452045,1776345248000
1776345250.574,250.574,0.94,130.32,0.93,277.93,0.95,72.69,0.96,128.0,0.05,39.69,0.04,70.0,0.06,279.32,0.07,224.93,0.01,0.01,2344.452045,1776345249000
1776345251.066,251.066,0.94,209.65,0.93,287.93,0.95,67.69,0.96,128.0,0.05,72.69,0.04,128.0,0.06,130.32,0.07,277.93,0.01,0.01,2344.452045,1776345249000
1776345251.334,251.334,0.94,165.65,0.93,277.93,0.95,67.69,0.96,128.0,0.05,67.69,0.04,128.0,0.06,209.65,0.07,287.93,0.01,0.01,2344.654643,1776345250000
1776345251.565,251.565,0.94,143.98,0.93,277.93,0.95,67.69,0.96,128.0,0.05,67.69,0.04,128.0,0.06,165.65,0.07,277.93,0.01,0.01,2344.654643,1776345250000
1776345252.083,252.083,0.94,277.31,0.93,219.93,0.95,67.69,0.96,128.0,0.05,67.69,0.04,128.0,0.06,143.98,0.07,277.93,0.01,0.01,2344.654643,1776345250000
1776345252.337,252.337,0.94,226.21,0.93,219.93,0.95,67.69,0.96,128.0,0.05,67.69,0.04,128.0,0.06,235.66,0.07,244.93,0.01,0.01,2344.905005,1776345251000
1776345252.601,252.601,0.94,313.53,0.93,219.93,0.95,59.61,0.96,65.0,0.05,67.69,0.04,128.0,0.06,226.21,0.07,219.93,0.01,0.01,2344.905005,1776345251000
1776345253.161,253.161,0.94,248.53,0.93,244.93,0.95,49.08,0.96,65.0,0.05,59.61,0.04,65.0,0.06,313.53,0.07,219.93,0.01,0.01,2344.905005,1776345251000
1776345253.461,253.461,0.94,15.0,0.93,116.22,0.95,144.47,0.96,65.0,0.05,46.47,0.04,65.0,0.06,130.53,0.07,229.93,0.01,0.01,2344.910055,1776345252000
1776345253.876,253.876,0.93,16.22,0.92,139.0,0.95,134.47,0.96,75.0,0.05,144.47,0.04,65.0,0.06,15.0,0.07,116.22,0.02,0.01,2344.910055,1776345252000
1776345254.116,254.116,0.94,20.32,0.93,10.0,0.95,90.83,0.96,80.0,0.05,92.14,0.04,75.0,0.06,15.0,0.07,10.0,0.01,0.01,2344.951819,1776345253000
1776345254.504,254.504,0.94,15.32,0.93,15.22,0.95,87.67,0.96,130.0,0.05,90.83,0.04,80.0,0.06,20.32,0.07,10.0,0.01,0.01,2344.951819,1776345253000
1776345256.186,256.186,0.95,333.48,0.94,172.42,0.96,60.0,0.97,149.08,0.05,24.67,0.04,133.0,0.06,12.44,0.07,15.22,0.01,0.01,2344.92093,1776345254000
1776345256.425,256.425,0.95,301.48,0.94,137.42,0.96,58.95,0.97,149.08,0.04,60.0,0.03,149.08,0.05,333.48,0.06,172.42,0.01,0.01,2344.793215,1776345255000
1776345257.007,257.007,0.95,195.48,0.94,124.42,0.96,38.74,0.97,159.08,0.04,38.74,0.03,149.08,0.05,301.48,0.06,137.42,0.01,0.01,2344.793215,1776345255000
1776345257.747,257.747,0.95,510.48,0.94,136.43,0.96,3.32,0.97,149.08,0.04,38.74,0.03,159.08,0.05,190.38,0.06,124.42,0.01,0.01,2344.780249,1776345256000
1776345258.048,258.048,0.96,274.84,0.95,269.0,0.97,58.5,0.98,295.0,0.03,133.5,0.02,295.0,0.05,505.48,0.06,136.43,0.01,0.02,2344.9091,1776345257000
1776345258.281,258.281,0.96,396.62,0.95,230.0,0.97,7.37,0.98,295.0,0.03,27.37,0.02,295.0,0.04,342.04,0.05,217.0,0.01,0.01,2344.9091,1776345257000
1776345260.056,260.056,0.97,347.91,0.96,165.2,0.98,262.82,0.99,2530.69,0.02,265.86,0.01,2156.09,0.03,20.0,0.04,221.41,0.01,0.01,2345.026457,1776345258000
1776345260.448,260.448,0.97,325.91,0.96,133.2,0.98,203.81,0.99,2067.09,0.02,262.82,0.01,2530.69,0.03,347.91,0.04,165.2,0.01,0.01,2345.452605,1776345259000
1776345260.661,260.661,0.97,344.21,0.96,122.2,0.98,188.7,0.99,2067.09,0.02,203.81,0.01,2067.09,0.03,325.91,0.04,133.2,0.01,0.01,2345.452605,1776345259000
1776345261.238,261.238,0.97,175.22,0.96,130.2,0.98,187.67,0.99,2167.09,0.02,188.7,0.01,2067.09,0.03,344.21,0.04,122.2,0.01,0.01,2345.452605,1776345259000
1776345262.268,262.268,0.97,180.22,0.96,130.2,0.98,182.61,0.99,2167.09,0.02,187.67,0.01,2167.09,0.03,175.22,0.04,130.2,0.01,0.01,2345.69096,1776345261000
1776345262.579,262.579,0.97,175.22,0.96,130.2,0.98,176.47,0.99,2167.09,0.02,179.54,0.01,2167.09,0.03,185.52,0.04,130.2,0.01,0.01,2345.69096,1776345261000
1776345263.701,263.701,0.97,254.3,0.96,87.2,0.98,54.55,0.99,2067.09,0.02,61.33,0.01,2167.09,0.03,185.52,0.04,130.2,0.01,0.01,2345.69096,1776345261000
1776345264.027,264.027,0.97,244.3,0.96,87.2,0.98,39.25,0.99,2067.09,0.02,49.46,0.01,2067.09,0.03,244.3,0.04,87.2,0.01,0.01,2345.482266,1776345262000
1776345264.64,264.64,0.97,234.0,0.96,87.2,0.98,29.04,0.99,2089.09,0.02,39.25,0.01,2067.09,0.03,244.3,0.04,87.2,0.01,0.01,2345.4431,1776345263000
1776345264.997,264.997,0.97,272.3,0.96,87.2,0.98,18.83,0.99,2089.09,0.02,29.04,0.01,2089.09,0.03,234.0,0.04,87.2,0.01,0.01,2345.4431,1776345264000
1776345265.377,265.377,0.97,267.0,0.96,87.2,0.99,2085.5,,,0.02,18.83,0.01,2089.09,0.03,272.3,0.04,87.2,0.02,0.01,2345.4431,1776345264000
1776345265.828,265.828,0.98,57.2,0.97,217.0,0.99,2075.5,,,0.01,2085.5,,,0.03,267.0,0.04,87.2,0.01,0.02,2345.4431,1776345264000
1776345266.145,266.145,0.98,64.2,0.97,212.0,0.99,1974.48,,,0.01,2075.5,,,0.02,64.2,0.03,212.0,0.01,0.01,2345.388778,1776345265000
1776345266.41,266.41,0.97,134.2,0.96,70.2,0.99,1968.46,,,0.01,1974.48,,,0.03,87.2,0.04,30.2,0.02,0.02,2345.388778,1776345265000
1776345266.766,266.766,0.97,77.29,0.96,128.2,0.99,1953.1,,,0.01,1968.46,,,0.03,134.2,0.04,70.2,0.02,0.02,2345.388778,1776345265000
1776345267.854,267.854,0.98,45.0,0.97,83.11,0.99,1797.08,,,0.01,1953.1,,,0.03,77.29,0.04,128.2,0.01,0.02,2345.417369,1776345266000
1776345268.24,268.24,0.98,96.0,0.97,83.11,0.99,1696.07,,,0.01,1797.08,,,0.02,45.0,0.03,83.11,0.01,0.01,2345.408963,1776345267000
1776345268.552,268.552,0.98,78.46,0.97,73.11,0.99,1691.07,,,0.01,1696.07,,,0.02,96.0,0.03,83.11,0.01,0.01,2345.408963,1776345267000
1776345269.057,269.057,0.98,64.0,0.97,191.81,0.99,1690.05,,,0.01,1691.07,,,0.02,78.46,0.03,73.11,0.01,0.01,2345.408963,1776345267000
1776345269.635,269.635,0.98,233.7,0.97,191.81,0.99,1728.03,,,0.01,1690.05,,,0.02,64.0,0.03,191.81,0.01,0.01,2345.365331,1776345268000
1776345270.509,270.509,0.98,191.7,0.97,191.81,0.99,1680.48,,,0.01,1728.03,,,0.02,233.7,0.03,191.81,0.01,0.01,2345.33544,1776345269000
1776345270.75,270.75,0.98,13.0,0.97,191.81,0.99,1948.07,,,0.01,1680.48,,,0.02,191.7,0.03,191.81,0.01,0.01,2345.33544,1776345269000
1776345270.983,270.983,0.98,13.0,0.97,191.81,0.99,1945.03,,,0.01,1948.07,,,0.02,13.0,0.03,191.81,0.01,0.01,2345.307047,1776345270000
1776345271.221,271.221,0.98,36.4,0.97,191.81,0.99,1879.46,,,0.01,1940.03,,,0.02,21.4,0.03,191.81,0.01,0.01,2345.307047,1776345270000
1776345271.556,271.556,0.98,212.7,0.97,201.81,0.99,1511.84,,,0.01,1878.44,,,0.02,25.88,0.03,201.81,0.01,0.01,2345.307047,1776345270000
1776345271.815,271.815,0.98,217.7,0.97,201.81,0.99,1369.84,,,0.01,1509.84,,,0.02,212.7,0.03,201.81,0.01,0.01,2345.307047,1776345270000
1776345272.36,272.36,0.98,223.7,0.97,264.81,0.99,1306.78,,,0.01,1369.84,,,0.02,217.7,0.03,201.81,0.01,0.01,2345.247844,1776345271000
1776345273.055,273.055,0.98,238.7,0.97,196.81,0.99,1263.76,,,0.01,1306.78,,,0.02,223.7,0.03,264.81,0.01,0.01,2345.247844,1776345271000
1776345274.496,274.496,0.98,193.7,0.97,196.81,0.99,1357.65,,,0.01,1263.76,,,0.02,238.7,0.03,196.81,0.01,0.01,2345.3123,1776345273000
1776345275.145,275.145,0.98,10.0,0.97,68.11,0.99,1345.52,,,0.01,1357.65,,,0.02,193.7,0.03,196.81,0.01,0.01,2345.245991,1776345274000
1776345275.634,275.634,0.98,10.0,0.97,68.11,0.99,1338.49,,,0.01,1345.52,,,0.02,10.0,0.03,68.11,0.01,0.01,2345.245991,1776345274000
1776345275.995,275.995,0.98,10.0,0.97,68.11,0.99,1336.46,,,0.01,1338.49,,,0.02,10.0,0.03,68.11,0.01,0.01,2345.245991,1776345274000
1776345276.238,276.238,0.98,10.0,0.97,80.11,0.99,1339.43,,,0.01,1336.46,,,0.02,10.0,0.03,68.11,0.01,0.01,2345.180417,1776345275000
1776345276.455,276.455,0.97,76.08,0.96,121.2,0.99,1339.22,,,0.01,1344.43,,,0.03,76.08,0.04,121.2,0.02,0.02,2345.180417,1776345275000
1776345276.818,276.818,0.97,137.14,0.96,121.2,0.99,1337.19,,,0.01,1339.22,,,0.03,76.08,0.04,121.2,0.02,0.02,2345.180417,1776345275000
1776345277.355,277.355,0.97,132.14,0.96,121.2,0.99,1330.16,,,0.01,1337.19,,,0.03,137.14,0.04,121.2,0.02,0.02,2345.180417,1776345275000
1776345277.651,277.651,0.97,132.14,0.96,121.2,0.99,1333.22,,,0.01,1330.16,,,0.03,132.14,0.04,121.2,0.02,0.02,2345.116904,1776345276000
1776345277.858,277.858,0.97,132.14,0.96,121.2,0.99,1331.19,,,0.01,1333.22,,,0.03,132.14,0.04,121.2,0.02,0.02,2345.116904,1776345276000
1776345278.401,278.401,0.98,51.0,0.97,110.14,0.99,1029.16,,,0.01,1231.19,,,0.03,132.14,0.04,121.2,0.01,0.02,2345.116904,1776345276000
1776345278.866,278.866,0.98,51.0,0.97,88.15,0.99,965.14,,,0.01,1029.16,,,0.02,51.0,0.03,110.14,0.01,0.01,2345.116904,1776345276000
1776345279.076,279.076,0.98,77.0,0.97,146.15,0.99,963.11,,,0.01,965.14,,,0.02,51.0,0.03,88.15,0.01,0.01,2345.116904,1776345276000
1776345279.666,279.666,0.98,62.0,0.97,146.15,0.99,978.08,,,0.01,963.11,,,0.02,77.0,0.03,146.15,0.01,0.01,2345.146605,1776345278000
1776345279.894,279.894,0.98,62.0,0.97,146.15,0.99,952.78,,,0.01,978.08,,,0.02,62.0,0.03,146.15,0.01,0.01,2345.146605,1776345278000
1776345280.247,280.247,0.98,62.0,0.97,141.15,0.99,955.75,,,0.01,952.78,,,0.02,62.0,0.03,146.15,0.01,0.01,2345.0805,1776345279000
1776345280.492,280.492,0.98,50.0,0.97,141.15,0.99,861.75,,,0.01,955.75,,,0.02,62.0,0.03,141.15,0.01,0.01,2345.0805,1776345279000
1776345280.766,280.766,0.98,70.0,0.97,141.15,0.99,842.72,,,0.01,849.75,,,0.02,50.0,0.03,141.15,0.01,0.01,2345.0805,1776345279000
1776345281.071,281.071,0.98,72.99,0.97,141.15,0.99,837.66,,,0.01,837.66,,,0.02,70.0,0.03,141.15,0.01,0.01,2345.138005,1776345280000
1776345281.301,281.301,0.98,91.0,0.97,131.15,0.99,780.18,,,0.01,782.21,,,0.02,108.99,0.03,141.15,0.01,0.01,2345.138005,1776345280000
1776345281.526,281.526,0.98,135.51,0.97,106.15,0.99,278.15,,,0.01,280.18,,,0.02,140.51,0.03,106.15,0.01,0.01,2345.138005,1776345280000
1776345281.749,281.749,0.98,145.42,0.97,106.15,0.99,276.15,,,0.01,278.15,,,0.02,130.42,0.03,106.15,0.01,0.01,2345.138005,1776345280000
1776345282.36,282.36,0.99,2320.95,0.98,130.42,,,,,,,,,0.01,2250.85,0.02,135.42,,,2345.06275,1776345281000
1776345283.845,283.845,0.99,4240.71,0.98,130.42,,,,,,,,,0.01,2320.73,0.02,130.42,,,2345.1582,1776345282000
1776345284.245,284.245,0.99,4220.71,0.98,130.42,,,,,,,,,0.01,4240.71,0.02,130.42,,,2345.348394,1776345283000
1776345299.418,299.418,0.99,10564.97,0.98,32.91,,,,,,,,,0.01,4220.71,0.02,130.42,,,2344.868,1776345297000

# RESULT,winner=Up,slug=eth-updown-5m-1776345000,ticks=347
