timestamp,elapsed_sec,up_bid_p1,up_bid_s1,up_bid_p2,up_bid_s2,up_ask_p1,up_ask_s1,up_ask_p2,up_ask_s2,down_bid_p1,down_bid_s1,down_bid_p2,down_bid_s2,down_ask_p1,down_ask_s1,down_ask_p2,down_ask_s2,up_spread,down_spread,eth_price,eth_oracle_ts
1776298201.604,1.604,0.52,21.3,0.51,16.86,0.54,13.69,0.55,5.0,0.46,8.69,0.45,5.0,0.48,220.3,0.49,21.96,0.02,0.02,2353.663929,1776298200000
1776298203.208,3.208,0.53,35.0,0.52,51.55,0.54,3.69,0.55,5.0,0.46,13.69,0.45,5.0,0.48,21.3,0.49,16.86,0.01,0.02,2353.676221,1776298201000
1776298203.411,3.411,0.53,45.0,0.52,56.55,0.55,3.69,0.57,13.0,0.46,3.69,0.45,5.0,0.47,35.0,0.48,51.55,0.02,0.01,2353.676221,1776298201000
1776298205.893,5.893,0.61,5.0,0.6,20.65,0.62,27.0,0.63,39.0,0.43,13.0,0.42,13.0,0.46,25.0,0.47,40.0,0.01,0.03,2353.954623,1776298204000
1776298206.335,6.335,0.62,125.28,0.6,20.0,0.63,39.0,0.64,5.0,0.38,32.0,0.37,39.0,0.39,5.0,0.4,20.65,0.01,0.01,2354.056799,1776298205000
1776298206.753,6.753,0.62,141.28,0.61,5.0,0.63,27.3,0.64,15.0,0.37,39.0,0.36,5.0,0.38,125.28,0.39,5.0,0.01,0.01,2354.056799,1776298205000
1776298207.025,7.025,0.64,10.0,0.63,4.72,0.65,1.43,0.66,5.0,0.35,5.0,0.34,5.0,0.37,4.72,0.38,146.28,0.01,0.02,2354.056799,1776298205000
1776298208.006,8.006,0.68,10.0,0.67,25.0,0.71,3.36,0.72,15.0,0.35,1.43,0.34,5.0,0.36,10.0,0.37,4.72,0.03,0.01,2354.288689,1776298206000
1776298208.457,8.457,0.7,15.0,0.69,3.54,0.72,5.0,0.73,5.0,0.29,13.36,0.28,10.0,0.31,3.54,0.32,10.0,0.02,0.02,2354.288689,1776298206000
1776298208.955,8.955,0.73,5.0,0.72,10.0,0.74,14.0,0.75,600.0,0.28,10.0,0.27,15.0,0.29,10.0,0.3,15.0,0.01,0.01,2354.388039,1776298207000
1776298209.287,9.287,0.74,39.0,0.73,15.0,0.75,10.0,0.76,10.0,0.24,10.0,0.23,10.0,0.27,10.0,0.28,10.0,0.01,0.03,2354.493314,1776298208000
1776298209.507,9.507,0.74,59.0,0.73,10.0,0.75,8.66,0.76,10.0,0.25,10.0,0.24,10.0,0.26,39.0,0.27,15.0,0.01,0.01,2354.493314,1776298208000
1776298209.997,9.997,0.74,70.38,0.73,15.0,0.75,8.66,0.76,15.0,0.25,8.66,0.24,15.0,0.26,59.0,0.27,10.0,0.01,0.01,2354.493314,1776298208000
1776298210.205,10.205,0.74,76.53,0.73,10.0,0.76,10.0,0.77,10.0,0.25,8.66,0.24,15.0,0.26,70.38,0.27,15.0,0.02,0.01,2354.493314,1776298208000
1776298211.455,11.455,0.75,15.5,0.74,66.53,0.76,18.68,0.77,20.0,0.24,10.0,0.23,10.0,0.25,10.0,0.26,87.53,0.01,0.01,2355.087066,1776298210000
1776298211.955,11.955,0.75,30.14,0.74,70.53,0.76,18.68,0.77,20.0,0.24,18.68,0.23,20.0,0.25,15.5,0.26,66.53,0.01,0.01,2355.087066,1776298210000
1776298212.349,12.349,0.75,48.82,0.74,70.53,0.76,15.0,0.77,15.0,0.24,5.0,0.23,20.0,0.25,55.14,0.26,70.53,0.01,0.01,2355.443299,1776298211000
1776298212.807,12.807,0.75,59.32,0.74,70.53,0.76,9.0,0.77,15.0,0.24,15.0,0.23,15.0,0.25,48.82,0.26,70.53,0.01,0.01,2355.443299,1776298211000
1776298213.3,13.3,0.75,48.68,0.74,70.53,0.76,7.55,0.77,20.0,0.24,9.0,0.23,15.0,0.25,59.32,0.26,70.53,0.01,0.01,2355.447343,1776298212000
1776298213.508,13.508,0.75,54.32,0.74,54.0,0.76,0.6,0.77,20.0,0.24,7.55,0.23,20.0,0.25,48.68,0.26,70.53,0.01,0.01,2355.447343,1776298212000
1776298215.864,15.864,0.76,21.25,0.75,23.68,0.77,122.6,0.78,60.0,0.23,16.6,0.22,31.0,0.25,39.32,0.26,54.0,0.01,0.02,2355.50389,1776298214000
1776298221.666,21.666,0.76,59.93,0.75,31.5,0.77,31.61,0.78,75.5,0.23,122.6,0.22,60.0,0.24,21.25,0.25,23.68,0.01,0.01,2355.54037,1776298220000
1776298222.423,22.423,0.76,115.93,0.75,45.5,0.77,16.61,0.78,60.0,0.23,21.61,0.22,75.5,0.24,59.93,0.25,31.5,0.01,0.01,2355.580657,1776298221000
1776298224.761,24.761,0.72,72.21,0.71,81.3,0.77,16.61,0.78,50.0,0.23,16.61,0.22,60.0,0.24,115.93,0.25,45.5,0.05,0.01,2355.5423,1776298223000
1776298226.165,26.165,0.76,133.63,0.75,50.5,0.77,24.01,0.78,59.0,0.23,16.61,0.22,50.0,0.28,72.21,0.29,81.3,0.01,0.05,2355.59267,1776298224000
1776298227.404,27.404,0.78,20.0,0.77,75.5,0.79,69.92,0.8,30.0,0.23,24.01,0.22,59.0,0.24,133.63,0.25,50.5,0.01,0.01,2355.6723,1776298226000
1776298227.986,27.986,0.78,178.15,0.77,75.5,0.79,42.37,0.8,51.0,0.21,48.02,0.2,51.0,0.22,31.0,0.23,75.5,0.01,0.01,2355.6723,1776298226000
1776298228.387,28.387,0.78,194.65,0.77,75.5,0.8,30.0,0.81,70.0,0.21,42.37,0.2,51.0,0.22,178.15,0.23,75.5,0.02,0.01,2355.642378,1776298227000
1776298230.418,30.418,0.81,76.09,0.8,96.5,0.82,28.61,0.83,32.0,0.2,20.0,0.19,70.0,0.22,194.65,0.23,75.5,0.01,0.02,2355.86483,1776298229000
1776298230.705,30.705,0.82,55.0,0.81,15.09,0.83,26.91,0.84,85.5,0.17,32.94,0.16,85.5,0.19,71.09,0.2,96.5,0.01,0.02,2355.86483,1776298229000
1776298231.404,31.404,0.82,115.0,0.81,72.09,0.83,12.28,0.84,85.5,0.17,26.91,0.16,85.5,0.18,55.0,0.19,15.09,0.01,0.01,2355.86483,1776298229000
1776298232.168,32.168,0.82,126.0,0.81,72.09,0.84,57.75,0.85,55.83,0.17,12.28,0.16,85.5,0.18,115.0,0.19,72.09,0.02,0.01,2356.079438,1776298230000
1776298232.847,32.847,0.83,100.0,0.82,65.0,0.84,56.55,0.85,55.83,0.16,57.75,0.15,55.83,0.18,126.0,0.19,72.09,0.01,0.02,2356.089506,1776298231000
1776298233.451,33.451,0.83,115.0,0.82,65.0,0.84,41.55,0.85,44.83,0.16,56.55,0.15,55.83,0.17,100.0,0.18,65.0,0.01,0.01,2356.089506,1776298231000
1776298234.598,34.598,0.83,908.45,0.82,191.88,0.84,25.87,0.85,93.33,0.16,41.55,0.15,44.83,0.17,115.0,0.18,65.0,0.01,0.01,2356.258761,1776298233000
1776298237.219,37.219,0.83,152.0,0.82,86.5,0.84,23.48,0.85,44.83,0.16,25.87,0.15,93.33,0.17,908.45,0.18,191.88,0.01,0.01,2356.318865,1776298235000
1776298238.345,38.345,0.83,192.5,0.82,132.5,0.84,18.48,0.85,44.83,0.16,23.48,0.15,44.83,0.17,152.0,0.18,86.5,0.01,0.01,2356.411265,1776298236000
1776298238.996,38.996,0.83,615.84,0.82,109.69,0.84,18.95,0.85,55.33,0.16,18.48,0.15,44.83,0.17,192.5,0.18,132.5,0.01,0.01,2356.55854,1776298237000
1776298239.261,39.261,0.83,35.0,0.82,74.69,0.84,2.0,0.85,30.28,0.15,24.28,0.14,111.5,0.17,610.84,0.18,104.69,0.01,0.02,2356.616145,1776298238000
1776298239.525,39.525,0.84,22.58,0.83,30.0,0.85,47.01,0.86,111.5,0.16,2.0,0.15,30.28,0.17,35.0,0.18,74.69,0.01,0.01,2356.616145,1776298238000
1776298241.642,41.642,0.84,565.68,0.83,178.43,0.85,110.23,0.86,126.5,0.15,47.01,0.14,111.5,0.16,22.58,0.17,30.0,0.01,0.01,2356.634485,1776298240000
1776298242.414,42.414,0.84,15.58,0.83,121.17,0.85,118.45,0.86,126.5,0.15,110.23,0.14,126.5,0.16,565.68,0.17,178.43,0.01,0.01,2356.534864,1776298241000
1776298242.804,42.804,0.84,546.85,0.83,178.43,0.85,94.72,0.86,136.5,0.15,118.45,0.14,126.5,0.16,15.58,0.17,121.17,0.01,0.01,2356.534864,1776298241000
1776298243.903,43.903,0.83,10.0,0.82,15.0,0.85,155.73,0.86,152.5,0.15,94.72,0.14,136.5,0.16,546.85,0.17,178.43,0.02,0.01,2356.503239,1776298242000
1776298247.726,47.726,0.84,787.91,0.83,264.52,0.85,134.67,0.86,126.5,0.15,155.73,0.14,152.5,0.17,10.0,0.18,15.0,0.01,0.02,2356.267611,1776298246000
1776298250.339,50.339,0.83,30.0,0.82,15.0,0.84,52.79,0.85,86.9,0.15,134.67,0.14,126.5,0.16,787.91,0.17,264.52,0.01,0.01,2356.544992,1776298249000
1776298250.683,50.683,0.83,419.52,0.82,74.44,0.84,46.95,0.85,81.9,0.16,52.79,0.15,86.9,0.17,30.0,0.18,15.0,0.01,0.01,2356.544992,1776298249000
1776298251.05,51.05,0.83,35.0,0.82,20.0,0.84,53.37,0.85,81.9,0.16,46.95,0.15,81.9,0.17,419.52,0.18,74.44,0.01,0.01,2356.544992,1776298249000
1776298252.576,52.576,0.83,35.0,0.82,149.98,0.84,38.37,0.85,71.9,0.16,53.37,0.15,81.9,0.17,35.0,0.18,20.0,0.01,0.01,2356.323481,1776298251000
1776298253.687,53.687,0.83,419.95,0.82,84.94,0.84,53.22,0.85,71.9,0.16,38.37,0.15,71.9,0.17,35.0,0.18,149.98,0.01,0.01,2356.299153,1776298252000
1776298255.824,55.824,0.83,830.08,0.82,139.38,0.84,25.5,0.85,71.9,0.16,53.22,0.15,71.9,0.17,419.95,0.18,84.94,0.01,0.01,2356.301656,1776298254000
1776298260.659,60.659,0.84,20.0,0.83,71.68,0.85,66.52,0.86,145.5,0.16,25.5,0.15,71.9,0.17,830.08,0.18,139.38,0.01,0.01,2356.338816,1776298259000
1776298260.906,60.906,0.84,452.02,0.83,128.94,0.85,56.52,0.86,140.5,0.15,66.52,0.14,145.5,0.16,20.0,0.17,71.68,0.01,0.01,2356.338816,1776298259000
1776298261.401,61.401,0.84,385.37,0.83,108.94,0.85,177.25,0.86,205.5,0.15,56.52,0.14,140.5,0.16,452.02,0.17,128.94,0.01,0.01,2356.320128,1776298260000
1776298261.722,61.722,0.79,50.0,0.78,100.0,0.8,86.25,0.81,113.5,0.19,18.63,0.15,248.16,0.2,51.03,0.21,50.0,0.01,0.01,2356.320128,1776298260000
1776298262.743,62.743,0.78,3.22,0.77,37.99,0.79,278.0,0.8,167.25,0.2,86.25,0.19,113.5,0.21,50.0,0.22,100.0,0.01,0.01,2356.320111,1776298261000
1776298263.656,63.656,0.77,4.99,0.76,50.0,0.78,140.0,0.79,206.5,0.21,278.0,0.2,167.25,0.22,3.22,0.23,37.99,0.01,0.01,2355.958634,1776298262000
1776298264.432,64.432,0.76,67.0,0.75,102.0,0.77,12.74,0.78,238.5,0.22,182.0,0.21,173.5,0.23,4.99,0.24,50.0,0.01,0.01,2355.357371,1776298263000
1776298265.563,65.563,0.76,50.0,0.75,90.0,0.77,283.46,0.78,210.5,0.23,12.74,0.22,238.5,0.24,67.0,0.25,102.0,0.01,0.01,2355.212128,1776298264000
1776298270.001,70.001,0.76,25.0,0.75,85.0,0.77,198.37,0.78,77.41,0.23,283.46,0.22,210.5,0.24,50.0,0.25,90.0,0.01,0.01,2355.166577,1776298268000
1776298270.264,70.264,0.76,40.0,0.75,85.0,0.77,220.15,0.78,77.41,0.23,198.37,0.22,77.41,0.24,25.0,0.25,85.0,0.01,0.01,2355.166577,1776298268000
1776298275.002,75.002,0.76,158.11,0.75,119.64,0.77,45.99,0.78,51.5,0.23,220.15,0.22,77.41,0.24,40.0,0.25,85.0,0.01,0.01,2355.178892,1776298273000
1776298277.581,77.581,0.76,187.94,0.75,124.64,0.77,73.13,0.78,65.64,0.23,45.99,0.22,51.5,0.24,158.11,0.25,119.64,0.01,0.01,2355.273322,1776298276000
1776298278.494,78.494,0.76,173.78,0.75,124.64,0.77,68.13,0.78,65.64,0.23,71.74,0.22,65.64,0.24,187.94,0.25,124.64,0.01,0.01,2355.283786,1776298277000
1776298282.9,82.9,0.76,176.15,0.75,124.64,0.77,47.14,0.78,62.64,0.23,68.13,0.22,65.64,0.24,173.78,0.25,124.64,0.01,0.01,2355.287757,1776298281000
1776298284.131,84.131,0.76,262.65,0.75,134.64,0.78,19.14,0.79,35.93,0.23,47.14,0.22,62.64,0.24,176.15,0.25,124.64,0.02,0.01,2355.293108,1776298282000
1776298284.365,84.365,0.77,108.5,0.76,216.65,0.79,35.93,0.8,24.64,0.22,19.14,0.21,35.93,0.24,262.65,0.25,134.64,0.02,0.02,2355.293108,1776298282000
1776298286.339,86.339,0.78,107.5,0.77,82.5,0.79,35.93,0.8,43.76,0.21,35.93,0.2,24.64,0.23,108.5,0.24,216.65,0.01,0.02,2355.294142,1776298284000
1776298286.665,86.665,0.78,122.5,0.77,87.5,0.79,14.07,0.8,9.14,0.21,35.93,0.2,43.76,0.22,107.5,0.23,82.5,0.01,0.01,2355.294142,1776298284000
1776298287.291,87.291,0.78,201.92,0.77,87.5,0.79,14.07,0.8,9.14,0.21,14.07,0.2,9.14,0.22,122.5,0.23,87.5,0.01,0.01,2355.40745,1776298285000
1776298288.985,88.985,0.78,206.92,0.77,77.5,0.79,11.07,0.8,17.14,0.21,14.07,0.2,9.14,0.22,201.92,0.23,87.5,0.01,0.01,2355.490688,1776298287000
1776298290.694,90.694,0.78,267.56,0.77,129.0,0.8,9.14,0.81,19.14,0.21,11.07,0.2,17.14,0.22,206.92,0.23,77.5,0.02,0.01,2355.558625,1776298289000
1776298291.285,91.285,0.8,143.5,0.79,113.5,0.83,30.88,0.84,25.0,0.19,1.2,0.18,5.78,0.21,25.5,0.22,277.56,0.03,0.02,2355.558625,1776298289000
1776298296.639,96.639,0.82,19.0,0.81,15.0,0.83,186.53,0.84,167.49,0.17,30.88,0.16,25.0,0.2,143.5,0.21,113.5,0.01,0.03,2355.936642,1776298295000
1776298297.002,97.002,0.8,7.66,0.79,30.0,0.81,202.5,0.82,176.5,0.17,186.53,0.16,167.49,0.18,11.0,0.19,15.0,0.01,0.01,2355.936642,1776298295000
1776298297.219,97.219,0.79,34.66,0.78,134.61,0.8,110.5,0.81,183.71,0.19,207.5,0.18,176.5,0.21,36.66,0.22,134.61,0.01,0.02,2355.946229,1776298296000
1776298298.681,98.681,0.79,29.66,0.78,134.61,0.8,169.25,0.81,151.71,0.2,110.5,0.19,183.71,0.21,34.66,0.22,134.61,0.01,0.01,2355.856422,1776298297000
1776298299.265,99.265,0.79,50.04,0.78,50.64,0.8,85.28,0.81,151.71,0.2,169.25,0.19,151.71,0.21,29.66,0.22,134.61,0.01,0.01,2355.526637,1776298298000
1776298302.37,102.37,0.79,27.91,0.78,35.64,0.8,239.29,0.81,220.71,0.2,85.28,0.19,151.71,0.21,50.04,0.22,50.64,0.01,0.01,2355.478771,1776298301000
1776298302.792,102.792,0.78,11.64,0.77,10.0,0.79,156.5,0.8,106.5,0.21,34.5,0.2,284.29,0.22,11.64,0.23,10.0,0.01,0.01,2355.478771,1776298301000
1776298304.905,104.905,0.77,10.0,0.76,65.86,0.78,272.85,0.79,181.5,0.21,156.5,0.2,106.5,0.22,11.64,0.23,10.0,0.01,0.01,2355.252683,1776298303000
1776298305.651,105.651,0.76,55.86,0.75,104.14,0.77,143.49,0.78,112.5,0.22,272.85,0.21,181.5,0.23,10.0,0.24,65.86,0.01,0.01,2355.066536,1776298304000
1776298307.99,107.99,0.76,76.86,0.75,114.14,0.77,134.79,0.78,76.5,0.23,143.49,0.22,112.5,0.24,55.86,0.25,104.14,0.01,0.01,2354.986164,1776298306000
1776298309.096,109.096,0.76,54.61,0.75,134.64,0.77,46.99,0.78,37.0,0.23,134.79,0.22,76.5,0.24,76.86,0.25,114.14,0.01,0.01,2354.882162,1776298307000
1776298309.685,109.685,0.77,70.5,0.76,36.5,0.78,1.05,0.79,20.99,0.22,2.43,0.21,35.2,0.23,30.5,0.24,59.61,0.01,0.01,2354.874766,1776298308000
1776298312.13,112.13,0.77,51.0,0.76,30.5,0.78,81.97,0.79,41.7,0.22,1.05,0.21,20.99,0.23,70.5,0.24,36.5,0.01,0.01,2355.161412,1776298310000
1776298314.354,114.354,0.77,71.5,0.76,30.5,0.78,35.0,0.79,41.7,0.22,75.38,0.21,41.7,0.23,51.0,0.24,30.5,0.01,0.01,2355.201236,1776298313000
1776298315.194,115.194,0.77,94.87,0.76,30.5,0.78,25.0,0.79,41.7,0.22,35.0,0.21,41.7,0.23,71.5,0.24,30.5,0.01,0.01,2355.201236,1776298313000
1776298319.707,119.707,0.77,36.37,0.76,26.5,0.78,82.5,0.79,84.5,0.22,25.0,0.21,41.7,0.23,94.87,0.24,30.5,0.01,0.01,2355.170989,1776298318000
1776298320.534,120.534,0.77,36.37,0.76,26.5,0.78,58.26,0.79,73.5,0.22,82.5,0.21,84.5,0.23,36.37,0.24,26.5,0.01,0.01,2355.170989,1776298319000
1776298321.648,121.648,0.77,31.37,0.76,11.0,0.78,39.21,0.79,73.5,0.22,58.26,0.21,73.5,0.23,36.37,0.24,26.5,0.01,0.01,2355.128132,1776298320000
1776298321.869,121.869,0.77,17.37,0.75,114.14,0.78,116.21,0.79,82.5,0.22,39.21,0.21,73.5,0.23,31.37,0.24,11.0,0.01,0.01,2355.128132,1776298320000
1776298322.88,122.88,0.75,119.14,0.74,149.64,0.76,101.93,0.77,81.5,0.22,111.21,0.21,82.5,0.25,114.14,0.26,144.64,0.01,0.03,2355.128132,1776298321000
1776298326.258,126.258,0.75,114.14,0.74,145.14,0.76,79.7,0.77,55.5,0.24,101.93,0.23,81.5,0.25,119.14,0.26,149.64,0.01,0.01,2354.995371,1776298325000
1776298327.084,127.084,0.75,59.14,0.74,145.14,0.76,105.18,0.77,55.5,0.24,79.7,0.23,55.5,0.25,114.14,0.26,145.14,0.01,0.01,2354.995371,1776298325000
1776298328.038,128.038,0.75,3.14,0.74,124.14,0.76,166.18,0.77,109.8,0.24,105.18,0.23,55.5,0.25,23.14,0.26,145.14,0.01,0.01,2354.905303,1776298326000
1776298328.394,128.394,0.75,3.14,0.74,124.14,0.76,268.88,0.77,109.8,0.24,166.18,0.23,109.8,0.25,3.14,0.26,124.14,0.01,0.01,2354.865473,1776298327000
1776298328.743,128.743,0.75,3.14,0.74,124.14,0.76,235.88,0.77,109.8,0.24,268.88,0.23,109.8,0.25,3.14,0.26,124.14,0.01,0.01,2354.865473,1776298327000
1776298329.036,129.036,0.75,3.14,0.74,124.14,0.76,232.88,0.77,109.8,0.24,235.88,0.23,109.8,0.25,3.14,0.26,124.14,0.01,0.01,2354.865473,1776298327000
1776298331.378,131.378,0.75,2.14,0.74,124.14,0.76,288.68,0.77,109.8,0.24,232.88,0.23,109.8,0.25,3.14,0.26,124.14,0.01,0.01,2354.807566,1776298330000
1776298331.988,131.988,0.74,83.23,0.73,49.14,0.75,128.7,0.76,139.72,0.24,330.68,0.23,109.8,0.26,79.14,0.27,44.14,0.01,0.02,2354.807566,1776298330000
1776298333.391,133.391,0.74,142.23,0.73,59.14,0.75,58.7,0.76,179.72,0.25,128.7,0.24,139.72,0.26,83.23,0.27,49.14,0.01,0.01,2354.797166,1776298331000
1776298334.415,134.415,0.74,97.23,0.73,59.14,0.75,60.34,0.76,179.72,0.25,58.7,0.24,179.72,0.26,142.23,0.27,59.14,0.01,0.01,2354.572112,1776298333000
1776298335.242,135.242,0.74,33.23,0.73,59.14,0.75,55.34,0.76,165.2,0.25,60.34,0.24,179.72,0.26,97.23,0.27,59.14,0.01,0.01,2354.665,1776298334000
1776298335.74,135.74,0.74,49.92,0.73,59.14,0.75,79.34,0.76,160.2,0.25,55.34,0.24,165.2,0.26,35.92,0.27,59.14,0.01,0.01,2354.665,1776298334000
1776298336.322,136.322,0.74,57.22,0.73,59.14,0.75,82.94,0.76,216.93,0.25,79.34,0.24,216.93,0.26,47.22,0.27,59.14,0.01,0.01,2354.703698,1776298335000
1776298339.672,139.672,0.74,45.22,0.73,69.64,0.75,73.7,0.76,160.2,0.25,82.94,0.24,216.93,0.26,57.22,0.27,59.14,0.01,0.01,2354.720737,1776298338000
1776298348.811,148.811,0.74,189.5,0.73,92.64,0.77,30.0,0.78,135.0,0.25,73.7,0.24,160.2,0.26,45.22,0.27,69.64,0.03,0.01,2354.711076,1776298347000
1776298350.619,150.619,0.76,115.5,0.75,46.5,0.78,123.0,0.79,113.0,0.23,37.0,0.22,135.0,0.24,65.5,0.25,39.5,0.02,0.01,2354.759703,1776298349000
1776298351.157,151.157,0.77,83.5,0.76,90.5,0.78,133.43,0.79,113.0,0.22,123.0,0.21,113.0,0.24,115.5,0.25,46.5,0.01,0.02,2354.751561,1776298350000
1776298351.823,151.823,0.77,45.5,0.76,53.5,0.78,85.05,0.79,118.0,0.22,133.43,0.21,113.0,0.23,83.5,0.24,90.5,0.01,0.01,2354.751561,1776298350000
1776298352.506,152.506,0.77,70.5,0.76,78.57,0.78,83.12,0.79,118.0,0.22,85.05,0.21,118.0,0.23,45.5,0.24,53.5,0.01,0.01,2354.855016,1776298351000
1776298352.851,152.851,0.77,120.5,0.76,73.57,0.78,76.83,0.79,118.0,0.22,83.12,0.21,118.0,0.23,70.5,0.24,78.57,0.01,0.01,2354.855016,1776298351000
1776298355.144,155.144,0.77,120.5,0.76,68.57,0.78,79.83,0.79,113.0,0.22,76.83,0.21,118.0,0.23,120.5,0.24,73.57,0.01,0.01,2354.917682,1776298353000
1776298356.201,156.201,0.77,115.5,0.76,68.57,0.78,72.83,0.79,102.0,0.22,79.83,0.21,113.0,0.23,120.5,0.24,68.57,0.01,0.01,2354.98346,1776298355000
1776298356.547,156.547,0.77,105.5,0.76,43.5,0.78,72.83,0.79,102.0,0.22,72.83,0.21,102.0,0.23,115.5,0.24,68.57,0.01,0.01,2354.98346,1776298355000
1776298362.102,162.102,0.77,159.0,0.76,70.21,0.79,57.27,0.8,30.91,0.22,72.83,0.21,102.0,0.23,105.5,0.24,43.5,0.02,0.01,2354.992102,1776298360000
1776298362.977,162.977,0.78,158.5,0.77,48.5,0.8,30.91,0.81,60.0,0.21,57.27,0.2,30.91,0.23,151.0,0.24,70.21,0.02,0.02,2354.99032,1776298361000
1776298363.418,163.418,0.78,239.5,0.77,101.67,0.8,4.74,0.81,60.0,0.2,30.91,0.19,60.0,0.22,158.5,0.23,48.5,0.02,0.02,2354.979191,1776298362000
1776298363.636,163.636,0.78,244.5,0.77,121.67,0.82,109.92,0.83,5.88,0.19,66.0,0.18,110.0,0.22,239.5,0.23,131.67,0.04,0.03,2354.979191,1776298362000
1776298363.844,163.844,0.81,44.69,0.8,96.0,0.82,109.92,0.83,5.88,0.18,109.92,0.17,5.88,0.22,244.5,0.23,121.67,0.01,0.04,2354.979191,1776298362000
1776298364.291,164.291,0.81,92.69,0.8,80.0,0.82,102.49,0.83,5.88,0.18,109.92,0.17,5.88,0.19,44.69,0.2,96.0,0.01,0.01,2354.979191,1776298362000
1776298364.943,164.943,0.81,275.19,0.8,103.5,0.83,2.97,0.84,70.0,0.18,102.49,0.17,5.88,0.19,92.69,0.2,80.0,0.02,0.01,2355.032418,1776298363000
1776298365.229,165.229,0.82,284.0,0.81,98.19,0.84,20.0,0.85,20.0,0.17,2.97,0.16,70.0,0.19,275.19,0.2,103.5,0.02,0.02,2355.032418,1776298363000
1776298365.757,165.757,0.83,227.0,0.82,95.5,0.86,185.0,0.87,130.0,0.16,13.4,0.15,20.0,0.17,10.0,0.18,151.0,0.03,0.01,2355.467395,1776298364000
1776298369.595,169.595,0.88,230.94,0.87,38.5,0.89,4.94,0.92,50.0,0.14,185.0,0.13,130.0,0.17,227.0,0.18,95.5,0.01,0.03,2355.923186,1776298368000
1776298370.785,170.785,0.93,87.0,0.92,67.0,0.94,142.82,0.95,117.62,0.11,4.94,0.08,50.0,0.12,230.94,0.13,38.5,0.01,0.01,2356.087808,1776298369000
1776298371.168,171.168,0.93,142.0,0.92,67.0,0.94,108.95,0.95,117.62,0.06,114.22,0.05,117.62,0.07,82.0,0.08,67.0,0.01,0.01,2356.087808,1776298369000
1776298371.897,171.897,0.93,137.0,0.92,72.0,0.94,113.61,0.95,117.62,0.06,108.95,0.05,117.62,0.07,142.0,0.08,67.0,0.01,0.01,2356.29678,1776298370000
1776298372.142,172.142,0.93,142.0,0.92,72.0,0.94,110.48,0.95,117.62,0.06,113.61,0.05,117.62,0.07,137.0,0.08,72.0,0.01,0.01,2356.405409,1776298371000
1776298373.006,173.006,0.93,137.0,0.92,79.0,0.94,8.6,0.95,117.62,0.06,105.21,0.05,117.62,0.07,137.0,0.08,72.0,0.01,0.01,2356.405409,1776298371000
1776298373.34,173.34,0.94,118.0,0.93,74.0,0.95,118.77,0.96,173.8,0.05,112.72,0.04,173.8,0.06,72.0,0.07,74.0,0.01,0.01,2356.41562,1776298372000
1776298373.805,173.805,0.94,108.0,0.93,39.0,0.95,110.64,0.96,173.8,0.05,113.77,0.04,173.8,0.06,143.0,0.07,69.0,0.01,0.01,2356.41562,1776298372000
1776298375.852,175.852,0.94,138.0,0.93,39.0,0.96,109.05,0.97,620.7,0.05,110.64,0.04,173.8,0.06,108.0,0.07,39.0,0.02,0.01,2356.48705,1776298374000
1776298376.778,176.778,0.95,7.01,0.94,88.0,0.96,120.99,0.97,620.7,0.04,109.05,0.03,620.7,0.06,138.0,0.07,39.0,0.01,0.02,2356.52492,1776298375000
1776298377.143,177.143,0.95,7.01,0.94,88.0,0.96,124.94,0.97,614.7,0.04,120.99,0.03,620.7,0.05,7.01,0.06,88.0,0.01,0.01,2356.52492,1776298375000
1776298380.716,180.716,0.93,20.0,0.92,20.0,0.94,270.33,0.95,23.94,0.04,124.94,0.03,614.7,0.05,7.01,0.06,88.0,0.01,0.01,2356.54765,1776298379000
1776298381.317,181.317,0.93,11.0,0.92,68.9,0.94,174.68,0.95,23.94,0.06,253.33,0.05,23.94,0.07,1.0,0.08,20.0,0.01,0.01,2356.54765,1776298379000
1776298381.968,181.968,0.92,68.9,0.91,31.0,0.94,277.48,0.95,136.74,0.06,174.68,0.05,23.94,0.07,11.0,0.08,68.9,0.02,0.01,2356.473411,1776298380000
1776298385.908,185.908,0.93,15.0,0.92,87.9,0.94,82.67,0.95,262.74,0.06,277.48,0.05,136.74,0.08,68.9,0.09,31.0,0.01,0.02,2356.061616,1776298384000
1776298396.477,196.477,0.93,10.18,0.92,97.4,0.94,15.0,0.95,181.94,0.06,82.67,0.05,262.74,0.07,15.0,0.08,87.9,0.01,0.01,2356.153068,1776298395000
1776298397.756,197.756,0.92,86.9,0.91,25.99,0.94,15.0,0.95,262.74,0.06,15.0,0.05,181.94,0.07,10.18,0.08,97.4,0.02,0.01,2356.068433,1776298396000
1776298402.773,202.773,0.92,66.4,0.91,36.5,0.94,32.0,0.95,276.74,0.06,15.0,0.05,262.74,0.08,86.9,0.09,25.99,0.02,0.02,2355.873252,1776298401000
1776298405.47,205.47,0.92,5.0,0.91,20.0,0.93,133.44,0.94,137.6,0.06,32.0,0.05,276.74,0.08,66.4,0.09,36.5,0.01,0.02,2355.849256,1776298404000
1776298409.522,209.522,0.92,20.0,0.91,36.49,0.93,69.36,0.94,195.6,0.07,133.44,0.06,137.6,0.08,5.0,0.09,20.0,0.01,0.01,2355.722336,1776298408000
1776298412.156,212.156,0.92,25.57,0.91,30.99,0.93,75.36,0.94,195.6,0.07,34.36,0.06,195.6,0.08,15.0,0.09,36.49,0.01,0.01,2355.632704,1776298410000
1776298412.577,212.577,0.92,20.57,0.91,30.99,0.93,76.36,0.94,142.6,0.07,75.36,0.06,142.6,0.08,25.57,0.09,30.99,0.01,0.01,2355.60422,1776298411000
1776298414.612,214.612,0.93,60.5,0.92,26.5,0.94,241.8,0.95,100.0,0.07,15.0,0.06,150.8,0.08,18.07,0.09,25.99,0.01,0.01,2355.678371,1776298413000
1776298415.149,215.149,0.93,77.5,0.92,31.5,0.94,73.36,0.95,100.0,0.06,241.8,0.05,100.0,0.07,60.5,0.08,26.5,0.01,0.01,2355.678371,1776298413000
1776298418.598,218.598,0.93,87.5,0.92,80.4,0.95,12.69,0.96,292.0,0.06,73.36,0.05,100.0,0.07,77.5,0.08,31.5,0.02,0.01,2355.844495,1776298417000
1776298420.333,220.333,0.93,163.8,0.92,80.4,0.94,171.0,0.95,73.69,0.05,12.69,0.04,292.0,0.07,87.5,0.08,80.4,0.01,0.02,2355.877469,1776298419000
1776298422.397,222.397,0.93,29.0,0.92,74.4,0.94,16.0,0.95,97.0,0.05,52.69,0.04,206.0,0.06,18.0,0.07,113.8,0.01,0.01,2355.879442,1776298421000
1776298422.851,222.851,0.93,20.0,0.92,79.4,0.94,16.0,0.95,15.0,0.06,16.0,0.05,97.0,0.07,29.0,0.08,74.4,0.01,0.01,2355.879442,1776298421000
1776298424.774,224.774,0.93,30.0,0.92,79.4,0.94,14.13,0.95,67.0,0.06,16.0,0.05,15.0,0.07,20.0,0.08,79.4,0.01,0.01,2355.821605,1776298423000
1776298428.74,228.74,0.94,183.8,0.93,85.8,0.95,38.0,0.96,187.0,0.06,14.13,0.05,10.0,0.07,30.0,0.08,79.4,0.01,0.01,2355.744298,1776298427000
1776298429.839,229.839,0.89,6.97,0.88,30.0,0.9,10.0,0.91,70.0,0.05,38.0,0.04,187.0,0.06,183.8,0.07,85.8,0.01,0.01,2355.76526,1776298428000
1776298430.092,230.092,0.86,135.0,0.85,45.0,0.87,31.49,0.9,57.5,0.1,10.0,0.09,70.0,0.11,6.97,0.12,30.0,0.01,0.01,2355.76526,1776298428000
1776298430.296,230.296,0.84,50.0,0.83,135.0,0.85,13.82,0.86,99.5,0.14,10.71,0.13,35.5,0.15,45.0,0.16,80.0,0.01,0.01,2355.832703,1776298429000
1776298430.588,230.588,0.83,140.0,0.82,95.0,0.85,18.82,0.86,65.5,0.15,13.82,0.14,99.5,0.16,50.0,0.17,135.0,0.02,0.01,2355.832703,1776298429000
1776298431.204,231.204,0.84,12.85,0.83,62.0,0.86,66.6,0.87,10.5,0.14,61.6,0.13,10.5,0.17,140.0,0.18,95.0,0.02,0.03,2355.834507,1776298430000
1776298431.413,231.413,0.83,25.62,0.82,100.0,0.84,19.38,0.86,56.6,0.14,66.6,0.13,10.5,0.17,15.62,0.18,100.0,0.01,0.03,2355.834507,1776298430000
1776298431.813,231.813,0.83,9.26,0.82,130.0,0.9,22.0,0.91,210.0,0.16,19.38,0.14,46.1,0.17,1.03,0.18,100.0,0.07,0.01,2355.834507,1776298430000
1776298432.152,232.152,0.88,15.68,0.85,7.0,0.9,5.62,0.91,210.0,0.1,22.0,0.09,210.0,0.17,9.26,0.18,130.0,0.02,0.07,2355.834507,1776298430000
1776298432.433,232.433,0.87,15.74,0.83,1.03,0.9,3.0,0.91,195.52,0.09,195.52,0.08,10.0,0.17,9.03,0.18,130.0,0.03,0.08,2354.866614,1776298431000
1776298433.162,233.162,0.88,8.33,0.87,10.0,0.9,29.1,0.91,205.52,0.1,10.1,0.09,216.52,0.13,15.74,0.17,1.03,0.02,0.03,2354.866614,1776298431000
1776298433.969,233.969,0.89,5.81,0.88,22.33,0.9,10.0,0.91,269.52,0.1,29.1,0.09,205.52,0.12,8.33,0.13,10.0,0.01,0.02,2354.8333,1776298432000
1776298435.006,235.006,0.88,24.23,0.87,10.0,0.9,7.77,0.91,205.52,0.1,10.0,0.09,269.52,0.12,19.23,0.13,10.0,0.02,0.02,2354.99928,1776298433000
1776298436.668,236.668,0.89,5.0,0.88,18.0,0.9,12.75,0.91,205.52,0.1,7.77,0.09,205.52,0.13,5.52,0.14,10.0,0.01,0.03,2355.23607,1776298435000
1776298437.101,237.101,0.9,6.35,0.89,28.0,0.91,254.52,0.92,88.9,0.1,12.75,0.09,205.52,0.11,5.0,0.12,18.0,0.01,0.01,2355.23607,1776298435000
1776298437.586,237.586,0.89,18.77,0.88,38.5,0.91,226.74,0.92,82.9,0.09,254.52,0.08,88.9,0.1,6.35,0.11,28.0,0.02,0.01,2355.26517,1776298436000
1776298437.997,237.997,0.89,1.95,0.88,43.5,0.9,15.0,0.91,221.74,0.09,226.74,0.08,82.9,0.11,18.77,0.12,38.5,0.01,0.02,2355.26517,1776298436000
1776298438.544,238.544,0.89,12.45,0.88,43.5,0.9,5.0,0.91,221.74,0.1,15.0,0.09,221.74,0.11,1.95,0.12,43.5,0.01,0.01,2355.25293,1776298437000
1776298440.551,240.551,0.89,23.0,0.88,25.0,0.9,3.47,0.91,216.74,0.1,5.0,0.09,221.74,0.11,12.45,0.12,43.5,0.01,0.01,2355.163411,1776298439000
1776298440.915,240.915,0.89,33.0,0.88,25.0,0.91,281.21,0.92,58.9,0.1,3.47,0.09,216.74,0.11,23.0,0.12,25.0,0.02,0.01,2355.163411,1776298439000
1776298441.119,241.119,0.89,38.0,0.88,25.0,0.9,8.0,0.91,281.21,0.09,281.21,0.08,58.9,0.11,33.0,0.12,25.0,0.01,0.02,2355.163411,1776298439000
1776298441.346,241.346,0.89,33.0,0.88,25.0,0.91,181.21,0.92,58.9,0.1,8.0,0.09,281.21,0.11,38.0,0.12,25.0,0.02,0.01,2355.169842,1776298440000
1776298444.499,244.499,0.89,22.09,0.88,25.0,0.91,21.22,0.92,10.0,0.09,181.21,0.08,58.9,0.11,33.0,0.12,25.0,0.02,0.02,2355.177753,1776298443000
1776298444.903,244.903,0.9,116.0,0.89,221.4,0.92,10.0,0.93,10.0,0.09,21.22,0.08,10.0,0.11,22.09,0.12,25.0,0.02,0.02,2355.177753,1776298443000
1776298445.631,245.631,0.92,20.0,0.91,155.0,0.93,10.0,0.94,32.0,0.08,10.0,0.07,10.0,0.1,116.0,0.11,221.4,0.01,0.02,2355.176842,1776298444000
1776298446.224,246.224,0.94,10.0,0.92,117.0,0.95,1.0,0.96,178.8,0.07,10.0,0.06,32.0,0.08,20.0,0.09,155.0,0.01,0.01,2355.195941,1776298445000
1776298448.386,248.386,0.94,20.0,0.92,69.1,0.96,85.0,0.97,305.7,0.05,1.0,0.04,178.8,0.06,10.0,0.08,117.0,0.02,0.01,2355.472194,1776298447000
1776298451.386,251.386,0.94,98.8,0.93,55.3,0.95,100.0,0.96,160.25,0.04,85.0,0.03,305.7,0.06,20.0,0.08,69.1,0.01,0.02,2355.491353,1776298449000
1776298451.904,251.904,0.94,93.8,0.93,65.3,0.95,162.47,0.96,299.25,0.05,100.0,0.04,160.25,0.06,98.8,0.07,55.3,0.01,0.01,2355.572361,1776298450000
1776298452.112,252.112,0.94,88.8,0.93,65.3,0.95,448.66,0.96,299.25,0.05,453.93,0.04,299.25,0.06,88.8,0.07,65.3,0.01,0.01,2355.594005,1776298451000
1776298453.491,253.491,0.94,88.8,0.93,65.3,0.95,168.55,0.96,160.25,0.05,448.66,0.04,299.25,0.06,88.8,0.07,65.3,0.01,0.01,2355.552417,1776298452000
1776298454.802,254.802,0.94,208.61,0.93,75.3,0.95,7.89,0.96,60.25,0.05,82.55,0.04,160.25,0.06,88.8,0.07,65.3,0.01,0.01,2355.573301,1776298453000
1776298455.276,255.276,0.94,143.8,0.93,75.3,0.95,6.83,0.96,60.25,0.05,7.89,0.04,60.25,0.06,208.61,0.07,75.3,0.01,0.01,2355.541171,1776298454000
1776298455.587,255.587,0.96,7.92,0.94,138.8,0.97,150.0,0.98,990.7,0.05,6.83,0.04,60.25,0.06,143.8,0.07,75.3,0.01,0.01,2355.541171,1776298454000
1776298456.003,256.003,0.95,92.77,0.94,68.8,0.97,164.66,0.98,990.7,0.03,150.0,0.02,990.7,0.04,7.92,0.06,138.8,0.02,0.01,2355.541171,1776298454000
1776298456.701,256.701,0.95,154.77,0.94,68.8,0.96,6.84,0.97,158.82,0.03,158.82,0.02,995.7,0.05,142.77,0.06,68.8,0.01,0.02,2355.622727,1776298455000
1776298457.088,257.088,0.95,159.77,0.94,74.11,0.96,3.77,0.97,158.82,0.04,6.84,0.03,158.82,0.05,154.77,0.06,68.8,0.01,0.01,2355.587529,1776298456000
1776298459.423,259.423,0.95,154.77,0.94,78.8,0.96,4.8,0.97,147.59,0.03,147.59,0.02,985.7,0.05,154.77,0.06,84.11,0.01,0.02,2355.540607,1776298458000
1776298460.24,260.24,0.95,200.77,0.94,259.79,0.97,147.59,0.98,879.7,0.04,4.8,0.03,147.59,0.05,154.77,0.06,78.8,0.02,0.01,2355.515156,1776298459000
1776298461.472,261.472,0.96,172.7,0.95,129.77,0.97,139.42,0.98,696.0,0.03,147.59,0.02,879.7,0.05,200.77,0.06,259.79,0.01,0.02,2355.516951,1776298460000
1776298461.769,261.769,0.96,154.7,0.95,122.77,0.97,123.92,0.98,657.0,0.03,123.92,0.02,657.0,0.04,172.7,0.05,122.77,0.01,0.01,2355.516951,1776298460000
1776298462.284,262.284,0.96,149.7,0.95,122.77,0.97,107.42,0.98,593.0,0.03,123.92,0.02,657.0,0.04,154.7,0.05,122.77,0.01,0.01,2355.609089,1776298461000
1776298462.69,262.69,0.96,111.7,0.95,81.77,0.97,112.42,0.98,593.0,0.03,107.42,0.02,593.0,0.04,149.7,0.05,122.77,0.01,0.01,2355.609089,1776298461000
1776298465.323,265.323,0.96,119.7,0.95,311.76,0.97,97.11,0.98,395.0,0.03,112.42,0.02,593.0,0.04,111.7,0.05,81.77,0.01,0.01,2355.70205,1776298463000
1776298466.713,266.713,0.96,124.7,0.95,325.76,0.97,91.95,0.98,395.0,0.03,97.11,0.02,395.0,0.04,119.7,0.05,311.76,0.01,0.01,2355.67102,1776298465000
1776298467.164,267.164,0.96,118.44,0.95,325.76,0.97,88.42,0.98,395.0,0.03,88.42,0.02,395.0,0.04,124.7,0.05,325.76,0.01,0.01,2355.67102,1776298465000
1776298468.011,268.011,0.96,130.44,0.95,325.76,0.98,374.34,0.99,7580.44,0.03,73.21,0.02,395.0,0.04,123.44,0.05,325.76,0.02,0.01,2355.648059,1776298466000
1776298468.331,268.331,0.96,130.44,0.95,351.76,0.98,374.34,0.99,7578.44,0.02,374.34,0.01,7580.44,0.04,130.44,0.05,325.76,0.02,0.02,2355.648009,1776298467000
1776298469.215,269.215,0.96,475.07,0.95,147.47,0.98,366.34,0.99,2499.44,0.03,38.55,0.02,374.34,0.04,125.44,0.05,351.76,0.02,0.01,2355.648009,1776298467000
1776298469.773,269.773,0.97,160.7,0.96,375.69,0.98,415.01,0.99,2549.44,0.02,366.34,0.01,2499.44,0.04,475.07,0.05,147.47,0.01,0.02,2355.645215,1776298468000
1776298470.025,270.025,0.97,176.7,0.96,340.69,0.98,399.63,0.99,2509.44,0.02,415.01,0.01,2549.44,0.03,160.7,0.04,375.69,0.01,0.01,2355.645215,1776298468000
1776298470.403,270.403,0.97,176.7,0.96,398.69,0.98,289.13,0.99,2440.44,0.02,399.63,0.01,2509.44,0.03,176.7,0.04,340.69,0.01,0.01,2355.645215,1776298468000
1776298470.68,270.68,0.97,407.69,0.96,201.4,0.98,283.63,0.99,2028.84,0.02,289.13,0.01,2440.44,0.03,176.7,0.04,398.69,0.01,0.01,2355.648732,1776298469000
1776298471.435,271.435,0.97,376.69,0.96,191.4,0.98,191.57,0.99,2028.84,0.02,227.62,0.01,2028.84,0.03,402.69,0.04,201.4,0.01,0.01,2355.677094,1776298470000
1776298471.837,271.837,0.97,350.66,0.96,191.4,0.98,196.57,0.99,2028.84,0.02,186.57,0.01,2028.84,0.03,376.69,0.04,191.4,0.01,0.01,2355.677094,1776298470000
1776298473.171,273.171,0.98,71.11,0.97,154.67,0.99,2028.84,,,0.02,195.54,0.01,2028.84,0.03,350.66,0.04,191.4,0.01,0.01,2355.84257,1776298471000
1776298473.541,273.541,0.98,71.11,0.97,152.67,0.99,2180.84,,,0.01,2028.84,,,0.02,71.11,0.03,154.67,0.01,0.01,2355.84257,1776298471000
1776298475.797,275.797,0.98,38.11,0.97,41.31,0.99,1989.82,,,0.01,2156.84,,,0.02,221.81,0.03,152.67,0.01,0.01,2355.777332,1776298474000
1776298476.159,276.159,0.98,38.11,0.97,41.31,0.99,1934.32,,,0.01,1944.32,,,0.02,38.11,0.03,41.31,0.01,0.01,2355.704826,1776298475000
1776298476.801,276.801,0.98,38.11,0.97,41.31,0.99,1859.32,,,0.01,1934.32,,,0.02,38.11,0.03,41.31,0.01,0.01,2355.704826,1776298475000
1776298477.562,277.562,0.98,38.11,0.97,250.3,0.99,1859.32,,,0.01,1859.32,,,0.02,38.11,0.03,41.31,0.01,0.01,2355.704826,1776298475000
1776298478.744,278.744,0.98,8.11,0.97,265.3,0.99,1788.32,,,0.01,1859.32,,,0.02,38.11,0.03,250.3,0.01,0.01,2355.710176,1776298477000
1776298479.219,279.219,0.98,8.11,0.97,252.3,0.99,1788.03,,,0.01,1788.32,,,0.02,8.11,0.03,265.3,0.01,0.01,2355.694139,1776298478000
1776298480.292,280.292,0.98,8.11,0.97,273.3,0.99,1687.67,,,0.01,1788.03,,,0.02,8.11,0.03,252.3,0.01,0.01,2355.694139,1776298478000
1776298480.519,280.519,0.98,8.11,0.97,273.3,0.99,1680.64,,,0.01,1687.67,,,0.02,8.11,0.03,273.3,0.01,0.01,2355.694139,1776298478000
1776298480.966,280.966,0.98,8.11,0.97,273.3,0.99,1678.64,,,0.01,1683.64,,,0.02,8.11,0.03,273.3,0.01,0.01,2355.678696,1776298479000
1776298481.205,281.205,0.98,8.11,0.97,285.3,0.99,1613.64,,,0.01,1678.64,,,0.02,8.11,0.03,273.3,0.01,0.01,2355.678696,1776298479000
1776298481.509,281.509,0.98,8.11,0.97,273.3,0.99,1568.24,,,0.01,1613.64,,,0.02,8.11,0.03,285.3,0.01,0.01,2355.661093,1776298480000
1776298484.107,284.107,0.98,8.11,0.97,297.3,0.99,1497.24,,,0.01,1568.24,,,0.02,8.11,0.03,273.3,0.01,0.01,2355.61565,1776298482000
1776298484.371,284.371,0.98,8.11,0.97,323.3,0.99,1415.42,,,0.01,1416.44,,,0.02,8.11,0.03,297.3,0.01,0.01,2355.61565,1776298482000
1776298484.773,284.773,0.98,8.11,0.97,323.3,0.99,1211.48,,,0.01,1415.42,,,0.02,8.11,0.03,323.3,0.01,0.01,2355.61565,1776298482000
1776298485.311,285.311,0.98,217.4,0.97,114.01,0.99,1200.48,,,0.01,1211.48,,,0.02,8.11,0.03,323.3,0.01,0.01,2355.59561,1776298484000
1776298485.849,285.849,0.98,234.1,0.97,114.01,0.99,581.97,,,0.01,1188.96,,,0.02,234.1,0.03,114.01,0.01,0.01,2355.59561,1776298484000
1776298486.121,286.121,0.98,250.1,0.97,114.01,0.99,574.97,,,0.01,576.97,,,0.02,234.1,0.03,114.01,0.01,0.01,2355.59561,1776298484000
1776298487.052,287.052,0.98,270.1,0.97,90.31,0.99,19.33,,,,,,,0.01,5.0,0.02,250.1,0.01,,2355.596245,1776298485000
1776298487.38,287.38,0.99,280.67,0.98,270.1,,,,,0.01,19.33,,,0.02,270.1,0.03,90.31,,0.01,2355.540113,1776298486000
1776298495.49,295.49,0.99,1843.86,0.98,6.11,,,,,,,,,0.01,280.67,0.02,270.1,,,2355.509098,1776298494000
1776298496.049,296.049,0.99,1828.81,0.98,6.11,,,,,,,,,0.01,1838.86,0.02,6.11,,,2355.509198,1776298495000
1776298497.373,297.373,0.99,1973.97,0.98,6.11,,,,,,,,,0.01,1828.81,0.02,6.11,,,2355.087989,1776298496000
1776298498.018,298.018,0.99,2224.97,0.98,6.11,,,,,,,,,0.01,1973.97,0.02,6.11,,,2355.087989,1776298496000
1776298498.335,298.335,0.99,2078.36,0.98,6.11,,,,,,,,,0.01,2224.97,0.02,6.11,,,2355.087989,1776298496000
1776298498.889,298.889,0.99,6872.52,0.98,6.11,,,,,,,,,0.01,6602.73,0.02,6.11,,,2354.65212,1776298497000
1776298499.12,299.12,0.99,2521.5,0.98,22.11,,,,,,,,,0.01,6852.52,0.02,6.11,,,2354.63755,1776298498000
1776298499.32,299.32,0.99,403.51,0.98,6.11,,,,,,,,,0.01,388.51,0.02,14.11,,,2354.63755,1776298498000
1776298499.675,299.675,0.95,26.0,0.94,5.0,0.98,94.21,,,0.04,4.82,0.02,100.0,0.05,26.0,0.08,5.0,0.03,0.01,2354.63755,1776298498000
1776298499.951,299.951,0.97,125.62,0.96,35.0,,,,,0.02,31.21,,,0.03,20.62,0.05,26.0,,0.01,2354.63755,1776298498000

# RESULT,winner=Up,slug=eth-updown-5m-1776298200,ticks=240
