timestamp,elapsed_sec,up_bid_p1,up_bid_s1,up_bid_p2,up_bid_s2,up_ask_p1,up_ask_s1,up_ask_p2,up_ask_s2,down_bid_p1,down_bid_s1,down_bid_p2,down_bid_s2,down_ask_p1,down_ask_s1,down_ask_p2,down_ask_s2,up_spread,down_spread,eth_price,eth_oracle_ts
1776264601.551,1.551,0.49,66.0,0.48,13.0,0.5,1.02,0.53,5.0,0.5,8.56,0.47,5.0,0.6,38.0,0.61,34.0,0.01,0.1,2337.093657,1776264600000
1776264602.459,2.459,0.52,128.75,0.51,143.0,0.53,5.0,0.54,8.0,0.47,5.0,0.42,16.0,0.51,81.0,0.52,18.0,0.01,0.04,2337.078945,1776264601000
1776264603.529,3.529,0.52,132.75,0.51,219.0,0.54,8.0,0.56,100.0,0.47,5.0,0.46,8.0,0.48,128.75,0.49,143.0,0.02,0.01,2337.360634,1776264602000
1776264603.856,3.856,0.53,167.67,0.52,163.75,0.54,8.0,0.57,100.0,0.46,8.0,0.44,100.0,0.48,132.75,0.49,219.0,0.01,0.02,2337.360634,1776264602000
1776264605.411,5.411,0.53,146.24,0.52,140.0,0.54,92.0,0.55,31.0,0.46,8.0,0.43,105.0,0.47,162.24,0.48,161.0,0.01,0.01,2337.790879,1776264604000
1776264605.815,5.815,0.53,26.24,0.52,15.0,0.54,232.72,0.55,179.0,0.46,204.72,0.45,141.0,0.47,26.24,0.48,25.0,0.01,0.01,2337.790879,1776264604000
1776264606.459,6.459,0.53,156.62,0.52,135.0,0.54,63.72,0.55,110.0,0.46,83.72,0.45,115.0,0.47,31.62,0.48,35.0,0.01,0.01,2337.806508,1776264605000
1776264606.952,6.952,0.53,317.62,0.52,241.0,0.54,58.06,0.55,15.0,0.46,63.72,0.45,110.0,0.47,156.62,0.48,135.0,0.01,0.01,2337.730755,1776264606000
1776264607.156,7.156,0.53,356.62,0.52,206.0,0.54,8.06,0.55,15.0,0.46,58.06,0.45,15.0,0.47,317.62,0.48,241.0,0.01,0.01,2337.730755,1776264606000
1776264607.909,7.909,0.57,156.05,0.56,140.0,0.58,5.0,0.59,10.0,0.45,5.0,0.42,30.0,0.46,91.94,0.47,367.62,0.01,0.01,2337.730755,1776264606000
1776264608.353,8.353,0.63,10.0,0.62,10.0,0.64,158.89,0.65,138.0,0.42,5.0,0.41,10.0,0.43,156.05,0.44,140.0,0.01,0.01,2337.60218,1776264607000
1776264608.629,8.629,0.63,10.0,0.62,10.0,0.64,105.89,0.65,143.0,0.36,158.89,0.35,138.0,0.37,10.0,0.38,10.0,0.01,0.01,2337.60218,1776264607000
1776264609.088,9.088,0.63,120.0,0.62,135.0,0.65,5.0,0.66,35.0,0.36,105.89,0.35,143.0,0.37,10.0,0.38,10.0,0.02,0.01,2337.60218,1776264607000
1776264609.292,9.292,0.64,109.25,0.63,130.0,0.65,6.92,0.66,50.0,0.35,6.92,0.34,40.0,0.36,114.25,0.37,125.0,0.01,0.01,2338.256975,1776264608000
1776264609.556,9.556,0.64,26.0,0.63,145.0,0.65,6.92,0.66,50.0,0.35,6.92,0.34,50.0,0.36,101.47,0.37,130.0,0.01,0.01,2338.256975,1776264608000
1776264610.364,10.364,0.66,15.0,0.65,35.0,0.68,5.0,0.69,105.0,0.35,6.92,0.34,50.0,0.36,26.0,0.37,145.0,0.02,0.01,2338.660589,1776264609000
1776264610.733,10.733,0.67,0.57,0.66,32.7,0.68,105.0,0.69,105.0,0.32,100.0,0.31,105.0,0.34,9.7,0.35,10.0,0.01,0.02,2338.660589,1776264609000
1776264611.096,11.096,0.67,15.57,0.66,37.7,0.68,80.73,0.69,110.0,0.32,95.73,0.31,105.0,0.33,0.57,0.34,32.7,0.01,0.01,2338.660589,1776264609000
1776264611.324,11.324,0.66,47.27,0.65,20.0,0.68,85.73,0.69,132.0,0.32,90.73,0.31,110.0,0.34,37.27,0.35,20.0,0.02,0.02,2338.761575,1776264610000
1776264611.586,11.586,0.66,25.0,0.65,5.0,0.67,156.28,0.68,141.73,0.32,85.73,0.31,132.0,0.34,47.27,0.35,20.0,0.01,0.02,2338.761575,1776264610000
1776264611.844,11.844,0.65,31.0,0.64,34.0,0.67,209.62,0.68,151.73,0.33,204.62,0.32,151.73,0.34,5.0,0.35,15.0,0.02,0.01,2338.761575,1776264610000
1776264612.15,12.15,0.65,10.25,0.64,25.0,0.66,155.0,0.67,172.62,0.34,180.0,0.33,209.62,0.35,15.25,0.36,29.0,0.01,0.01,2338.761575,1776264610000
1776264612.552,12.552,0.65,14.25,0.64,23.0,0.66,100.0,0.67,100.0,0.34,193.72,0.33,164.0,0.35,10.25,0.36,15.0,0.01,0.01,2339.037766,1776264611000
1776264612.914,12.914,0.65,22.14,0.64,37.0,0.66,96.0,0.67,100.0,0.34,66.0,0.33,100.0,0.35,14.25,0.36,23.0,0.01,0.01,2339.037766,1776264611000
1776264613.192,13.192,0.64,42.0,0.63,81.0,0.66,81.0,0.67,116.0,0.34,96.0,0.33,100.0,0.35,22.14,0.36,37.0,0.02,0.01,2339.037766,1776264611000
1776264613.547,13.547,0.65,20.59,0.64,57.5,0.66,76.58,0.67,111.06,0.34,76.58,0.33,132.06,0.35,20.5,0.36,57.5,0.01,0.01,2339.037766,1776264611000
1776264613.849,13.849,0.65,10.5,0.64,144.5,0.66,28.33,0.67,26.06,0.34,19.41,0.33,111.06,0.35,20.5,0.36,57.5,0.01,0.01,2339.037766,1776264611000
1776264614.24,14.24,0.65,10.5,0.64,30.5,0.66,34.99,0.67,42.06,0.34,56.66,0.33,31.06,0.36,35.5,0.37,173.0,0.01,0.02,2338.93135,1776264612000
1776264614.693,14.693,0.63,35.5,0.62,145.0,0.64,29.37,0.65,26.0,0.34,34.99,0.33,42.06,0.37,168.0,0.38,158.0,0.01,0.03,2338.93135,1776264613000
1776264615.002,15.002,0.62,155.06,0.61,245.0,0.64,17.65,0.65,10.0,0.36,43.65,0.35,56.0,0.37,15.0,0.38,55.5,0.02,0.01,2338.93135,1776264613000
1776264615.572,15.572,0.66,64.41,0.65,38.0,0.67,5.0,0.68,25.0,0.36,5.52,0.35,10.0,0.38,155.06,0.39,245.0,0.01,0.02,2339.060275,1776264614000
1776264616.077,16.077,0.65,152.0,0.64,138.0,0.67,15.0,0.68,15.0,0.33,5.0,0.32,25.0,0.34,64.41,0.35,38.0,0.02,0.01,2339.060275,1776264614000
1776264618.071,18.071,0.66,72.0,0.65,261.69,0.68,65.0,0.69,118.5,0.33,15.0,0.32,15.0,0.35,152.0,0.36,138.0,0.02,0.02,2338.912315,1776264616000
1776264618.887,18.887,0.65,26.69,0.64,149.0,0.66,38.41,0.67,116.5,0.33,10.0,0.32,70.0,0.35,231.69,0.36,193.0,0.01,0.02,2339.080905,1776264617000
1776264619.179,19.179,0.65,21.69,0.64,149.0,0.66,127.49,0.67,106.5,0.34,38.41,0.33,116.5,0.35,26.69,0.36,149.0,0.01,0.01,2339.084565,1776264618000
1776264620.937,20.937,0.65,47.0,0.64,214.0,0.66,65.88,0.67,85.0,0.34,67.91,0.33,121.5,0.35,5.69,0.36,199.0,0.01,0.01,2339.114565,1776264619000
1776264621.392,21.392,0.65,262.0,0.64,216.0,0.66,0.12,0.67,10.0,0.34,65.88,0.33,85.0,0.35,47.0,0.36,214.0,0.01,0.01,2339.000135,1776264620000
1776264623.555,23.555,0.66,37.0,0.65,192.0,0.67,80.5,0.68,85.5,0.34,0.12,0.33,10.0,0.35,262.0,0.36,216.0,0.01,0.01,2338.992115,1776264621000
1776264624.122,24.122,0.66,5.0,0.65,191.0,0.67,90.5,0.68,85.5,0.33,75.5,0.32,85.5,0.35,192.0,0.36,214.0,0.01,0.02,2339.02227,1776264622000
1776264624.71,24.71,0.67,16.0,0.66,70.0,0.68,49.33,0.69,101.5,0.33,90.5,0.32,85.5,0.34,5.0,0.35,191.0,0.01,0.01,2339.082681,1776264623000
1776264625.271,25.271,0.67,5.0,0.66,108.0,0.69,15.0,0.7,124.0,0.31,16.28,0.3,125.0,0.32,7.0,0.33,110.0,0.02,0.01,2339.082681,1776264623000
1776264626.522,26.522,0.67,5.0,0.66,57.0,0.68,64.85,0.69,146.5,0.31,15.0,0.3,124.0,0.33,5.0,0.34,108.0,0.01,0.02,2339.060955,1776264625000
1776264628.01,28.01,0.66,18.0,0.65,34.0,0.67,185.75,0.68,110.35,0.32,69.85,0.31,146.5,0.34,57.0,0.35,76.0,0.01,0.02,2339.093482,1776264627000
1776264629.114,29.114,0.64,30.0,0.63,105.0,0.65,126.5,0.66,121.5,0.33,190.75,0.32,110.35,0.35,34.0,0.36,49.0,0.01,0.02,2339.093482,1776264627000
1776264630.454,30.454,0.63,15.0,0.62,170.0,0.64,89.78,0.65,105.5,0.35,65.0,0.34,121.5,0.36,25.0,0.37,105.0,0.01,0.01,2338.918748,1776264629000
1776264630.852,30.852,0.62,125.0,0.61,179.0,0.63,54.25,0.64,159.78,0.36,129.78,0.35,105.5,0.38,160.0,0.39,215.0,0.01,0.02,2338.918748,1776264629000
1776264631.114,31.114,0.6,94.0,0.59,191.0,0.62,105.5,0.63,202.25,0.37,54.25,0.36,159.78,0.38,125.0,0.39,179.0,0.02,0.01,2338.918748,1776264629000
1776264631.546,31.546,0.6,10.0,0.59,185.0,0.61,208.1,0.62,162.5,0.38,105.5,0.37,202.25,0.4,94.0,0.41,191.0,0.01,0.02,2338.918748,1776264629000
1776264631.775,31.775,0.58,31.0,0.57,240.0,0.59,132.22,0.6,130.5,0.39,203.1,0.38,162.5,0.41,185.0,0.42,55.0,0.01,0.02,2338.918748,1776264629000
1776264632.23,32.23,0.58,126.0,0.57,255.5,0.6,73.5,0.61,115.5,0.41,132.22,0.4,130.5,0.42,31.0,0.43,240.0,0.02,0.01,2338.74824,1776264631000
1776264634.168,34.168,0.65,135.0,0.64,150.5,0.66,57.5,0.67,93.74,0.4,73.5,0.39,115.5,0.42,126.0,0.43,255.5,0.01,0.02,2338.356413,1776264632000
1776264635.598,35.598,0.65,145.0,0.64,235.5,0.66,5.0,0.67,108.74,0.34,57.5,0.33,93.74,0.35,135.0,0.36,150.5,0.01,0.01,2338.393145,1776264634000
1776264636.88,36.88,0.64,10.0,0.63,49.0,0.65,70.58,0.66,205.5,0.34,5.0,0.33,108.74,0.35,145.0,0.36,235.5,0.01,0.01,2338.7717,1776264635000
1776264638.109,38.109,0.62,28.0,0.61,15.0,0.63,55.5,0.64,179.5,0.35,70.58,0.34,205.5,0.36,10.0,0.37,49.0,0.01,0.01,2338.830646,1776264636000
1776264639.167,39.167,0.63,242.5,0.62,214.5,0.66,15.0,0.67,93.24,0.37,45.5,0.36,154.5,0.39,15.0,0.4,196.0,0.03,0.02,2338.879747,1776264637000
1776264642.508,42.508,0.65,55.0,0.64,94.0,0.66,35.0,0.67,121.74,0.34,15.0,0.33,93.24,0.37,242.5,0.38,214.5,0.01,0.03,2338.880348,1776264640000
1776264642.812,42.812,0.65,174.26,0.64,199.0,0.66,7.92,0.67,8.24,0.34,35.0,0.33,121.74,0.36,94.0,0.37,136.0,0.01,0.02,2338.951162,1776264641000
1776264643.042,43.042,0.66,49.24,0.65,228.26,0.68,155.5,0.69,115.5,0.33,8.24,0.32,155.5,0.34,18.24,0.35,178.26,0.02,0.01,2338.951162,1776264641000
1776264644.815,44.815,0.66,24.0,0.65,32.76,0.67,142.85,0.68,216.5,0.32,155.5,0.31,115.5,0.34,49.24,0.35,228.26,0.01,0.02,2338.979137,1776264642000
1776264645.138,45.138,0.65,87.76,0.64,319.0,0.66,41.07,0.67,142.85,0.33,142.85,0.32,216.5,0.34,24.0,0.35,32.76,0.01,0.01,2338.915475,1776264643000
1776264647.143,47.143,0.65,55.45,0.64,64.0,0.66,130.26,0.67,137.85,0.34,41.07,0.33,142.85,0.35,87.76,0.36,319.0,0.01,0.01,2338.874178,1776264645000
1776264647.732,47.732,0.65,24.45,0.64,59.0,0.66,265.26,0.67,162.85,0.34,117.26,0.33,137.85,0.35,55.45,0.36,64.0,0.01,0.01,2338.845603,1776264646000
1776264648.489,48.489,0.64,13.0,0.62,90.0,0.65,133.5,0.66,182.26,0.35,38.5,0.34,262.26,0.36,13.0,0.37,95.0,0.01,0.01,2338.845603,1776264646000
1776264649.099,49.099,0.62,211.0,0.61,210.5,0.63,7.08,0.64,38.41,0.35,133.5,0.34,182.26,0.36,13.0,0.38,90.0,0.01,0.01,2338.701349,1776264647000
1776264651.456,51.456,0.63,240.84,0.62,364.5,0.66,90.5,0.67,75.5,0.37,7.08,0.36,38.41,0.38,211.0,0.39,210.5,0.03,0.01,2338.525313,1776264650000
1776264652.426,52.426,0.62,257.25,0.61,236.0,0.66,100.5,0.67,85.5,0.34,90.5,0.33,75.5,0.37,240.84,0.38,364.5,0.04,0.03,2338.529784,1776264651000
1776264653.134,53.134,0.64,17.0,0.63,6.0,0.65,180.88,0.66,210.5,0.34,100.5,0.33,85.5,0.38,257.25,0.39,236.0,0.01,0.04,2338.67516,1776264652000
1776264654.997,54.997,0.64,30.0,0.63,59.02,0.65,192.58,0.66,220.5,0.35,84.61,0.34,210.5,0.36,17.0,0.37,21.0,0.01,0.01,2338.738542,1776264653000
1776264655.329,55.329,0.64,22.09,0.63,69.02,0.65,197.58,0.66,220.5,0.35,192.58,0.34,220.5,0.36,30.0,0.37,59.02,0.01,0.01,2338.711532,1776264654000
1776264656.317,56.317,0.64,106.04,0.63,86.0,0.65,171.04,0.66,230.5,0.35,187.58,0.34,220.5,0.36,22.09,0.37,69.02,0.01,0.01,2338.719413,1776264655000
1776264657.023,57.023,0.64,129.16,0.63,31.0,0.65,180.75,0.66,230.5,0.35,171.04,0.34,230.5,0.36,106.04,0.37,86.0,0.01,0.01,2338.719413,1776264655000
1776264659.278,59.278,0.64,5.12,0.63,10.0,0.65,239.75,0.66,326.5,0.35,180.75,0.34,230.5,0.36,129.16,0.37,31.0,0.01,0.01,2338.69075,1776264658000
1776264660.678,60.678,0.63,126.0,0.62,179.5,0.64,58.43,0.65,155.75,0.35,208.75,0.34,326.5,0.37,10.0,0.38,31.0,0.01,0.02,2338.649295,1776264659000
1776264661.161,61.161,0.65,146.38,0.64,135.42,0.66,140.0,0.67,165.0,0.36,58.43,0.35,155.75,0.37,126.0,0.38,179.5,0.01,0.01,2338.649295,1776264659000
1776264661.706,61.706,0.65,166.38,0.64,146.42,0.66,140.0,0.67,165.0,0.34,140.0,0.33,165.0,0.35,146.38,0.36,135.42,0.01,0.01,2338.542685,1776264660000
1776264662.149,62.149,0.65,196.38,0.64,146.42,0.66,193.0,0.67,180.5,0.34,140.0,0.33,165.0,0.35,166.38,0.36,146.42,0.01,0.01,2338.542685,1776264660000
1776264662.417,62.417,0.65,198.09,0.64,146.42,0.66,53.08,0.67,180.5,0.34,68.08,0.33,180.5,0.35,193.09,0.36,146.42,0.01,0.01,2338.554845,1776264661000
1776264662.963,62.963,0.65,185.38,0.64,171.42,0.66,64.41,0.67,190.5,0.34,51.41,0.33,180.5,0.35,180.38,0.36,146.42,0.01,0.01,2338.554845,1776264661000
1776264663.511,63.511,0.65,262.28,0.64,129.5,0.66,60.0,0.67,75.5,0.34,64.41,0.33,190.5,0.35,185.38,0.36,171.42,0.01,0.01,2338.82241,1776264662000
1776264663.823,63.823,0.65,287.28,0.64,129.5,0.66,54.7,0.67,85.5,0.34,60.0,0.33,75.5,0.35,262.28,0.36,129.5,0.01,0.01,2338.82241,1776264662000
1776264664.604,64.604,0.65,262.28,0.64,139.5,0.66,39.54,0.67,85.5,0.34,54.7,0.33,85.5,0.35,287.28,0.36,129.5,0.01,0.01,2338.876485,1776264663000
1776264665.516,65.516,0.67,284.5,0.66,320.57,0.69,25.0,0.7,190.0,0.34,39.54,0.33,85.5,0.35,262.28,0.36,139.5,0.02,0.01,2338.900375,1776264664000
1776264667.124,67.124,0.68,223.49,0.67,324.75,0.69,35.0,0.7,190.0,0.31,25.0,0.3,190.0,0.33,284.5,0.34,320.57,0.01,0.02,2338.88931,1776264665000
1776264668.408,68.408,0.68,57.76,0.67,226.31,0.69,85.0,0.7,265.5,0.31,35.0,0.3,190.0,0.32,223.49,0.33,324.75,0.01,0.01,2339.23667,1776264667000
1776264668.658,68.658,0.68,22.76,0.67,253.17,0.69,136.28,0.7,265.5,0.31,85.0,0.3,265.5,0.32,57.76,0.33,226.31,0.01,0.01,2339.23667,1776264667000
1776264669.147,69.147,0.68,17.76,0.67,253.17,0.69,124.1,0.7,265.5,0.31,130.55,0.3,265.5,0.32,17.76,0.33,253.17,0.01,0.01,2339.23667,1776264667000
1776264670.094,70.094,0.68,36.51,0.67,56.86,0.69,187.1,0.7,265.5,0.31,124.1,0.3,265.5,0.32,17.76,0.33,253.17,0.01,0.01,2339.20689,1776264668000
1776264671.515,71.515,0.65,248.78,0.64,144.6,0.69,182.1,0.7,332.5,0.31,187.1,0.3,265.5,0.32,36.51,0.33,56.86,0.04,0.01,2339.022705,1776264670000
1776264673.165,73.165,0.66,96.23,0.65,28.08,0.67,172.5,0.68,150.5,0.31,182.1,0.3,332.5,0.35,248.78,0.36,144.6,0.01,0.04,2338.943944,1776264672000
1776264673.667,73.667,0.66,288.73,0.65,130.58,0.68,65.0,0.69,115.5,0.33,172.5,0.32,150.5,0.34,96.23,0.35,28.08,0.02,0.01,2338.943944,1776264672000
1776264677.059,77.059,0.67,13.96,0.65,39.08,0.68,171.02,0.69,145.5,0.32,65.0,0.31,115.5,0.34,288.73,0.35,130.58,0.01,0.02,2338.949057,1776264675000
1776264679.237,79.237,0.67,4.86,0.66,19.2,0.68,116.15,0.69,120.5,0.32,158.07,0.31,203.5,0.33,4.86,0.34,15.69,0.01,0.01,2338.77815,1776264677000
1776264679.562,79.562,0.66,19.2,0.65,89.08,0.68,111.15,0.69,120.5,0.32,116.15,0.31,120.5,0.33,4.86,0.34,19.2,0.02,0.01,2338.776747,1776264678000
1776264681.338,81.338,0.66,46.47,0.65,89.08,0.67,122.05,0.68,78.15,0.32,111.15,0.31,120.5,0.34,19.2,0.35,89.08,0.01,0.02,2338.810947,1776264680000
1776264682.012,82.012,0.66,46.47,0.65,89.08,0.67,151.12,0.68,73.15,0.33,122.05,0.32,78.15,0.34,46.47,0.35,89.08,0.01,0.01,2338.807055,1776264681000
1776264682.705,82.705,0.66,46.47,0.65,89.08,0.67,137.5,0.68,73.15,0.33,151.12,0.32,73.15,0.34,46.47,0.35,89.08,0.01,0.01,2338.807055,1776264681000
1776264683.714,83.714,0.66,36.38,0.65,28.08,0.67,201.5,0.68,99.15,0.33,137.5,0.32,73.15,0.34,46.47,0.35,89.08,0.01,0.01,2338.781168,1776264682000
1776264684.362,84.362,0.65,28.08,0.64,18.0,0.66,136.46,0.67,135.5,0.34,27.46,0.33,167.5,0.35,28.08,0.36,68.0,0.01,0.01,2338.7652,1776264683000
1776264685.351,85.351,0.65,123.05,0.64,73.0,0.66,102.46,0.67,80.5,0.34,136.46,0.33,135.5,0.35,28.08,0.36,18.0,0.01,0.01,2338.71467,1776264684000
1776264686.974,86.974,0.65,33.08,0.64,18.0,0.66,495.94,0.67,138.5,0.34,102.46,0.33,80.5,0.35,123.05,0.36,73.0,0.01,0.01,2338.63826,1776264685000
1776264687.472,87.472,0.6,100.0,0.59,135.0,0.61,239.5,0.62,79.5,0.35,100.0,0.34,495.94,0.38,60.0,0.39,100.0,0.01,0.03,2338.6022,1776264686000
1776264687.696,87.696,0.59,115.0,0.58,55.0,0.6,39.48,0.61,308.31,0.39,349.31,0.38,234.5,0.4,75.0,0.41,135.0,0.01,0.01,2338.6022,1776264686000
1776264688.238,88.238,0.56,130.0,0.55,255.0,0.57,195.74,0.58,157.5,0.4,39.48,0.39,308.31,0.41,115.0,0.42,55.0,0.01,0.01,2338.60668,1776264687000
1776264688.486,88.486,0.55,255.0,0.54,30.0,0.56,47.78,0.57,166.98,0.43,193.98,0.42,172.5,0.44,50.0,0.45,255.0,0.01,0.01,2338.60668,1776264687000
1776264689.845,89.845,0.51,84.6,0.5,20.0,0.52,103.57,0.53,137.5,0.44,165.03,0.43,78.0,0.45,255.0,0.46,35.0,0.01,0.01,2337.805713,1776264688000
1776264690.257,90.257,0.51,44.6,0.5,5.0,0.52,242.68,0.53,149.5,0.48,103.57,0.47,137.5,0.49,84.6,0.5,20.0,0.01,0.01,2337.805713,1776264688000
1776264690.563,90.563,0.47,79.5,0.46,75.0,0.49,94.0,0.5,90.83,0.51,22.5,0.5,41.83,0.52,5.0,0.53,80.5,0.02,0.01,2337.4525,1776264689000
1776264690.886,90.886,0.48,62.5,0.47,170.5,0.5,10.0,0.51,115.0,0.51,8.71,0.5,70.0,0.53,175.5,0.54,85.0,0.02,0.02,2337.4525,1776264689000
1776264691.095,91.095,0.49,72.26,0.48,65.5,0.5,65.0,0.51,125.5,0.5,10.0,0.49,115.0,0.52,62.5,0.53,170.5,0.01,0.02,2337.413,1776264690000
1776264691.655,91.655,0.49,2.0,0.48,90.5,0.5,70.0,0.51,132.5,0.5,65.0,0.49,125.5,0.51,73.26,0.52,120.5,0.01,0.01,2337.413,1776264690000
1776264692.11,92.11,0.48,97.5,0.47,154.5,0.49,23.0,0.5,70.0,0.51,29.06,0.5,70.0,0.52,47.5,0.53,144.5,0.01,0.01,2337.37215,1776264691000
1776264692.628,92.628,0.48,92.5,0.47,154.5,0.49,78.91,0.5,70.0,0.51,23.0,0.5,70.0,0.52,97.5,0.53,154.5,0.01,0.01,2337.37215,1776264691000
1776264693.432,93.432,0.48,92.5,0.47,144.5,0.49,63.91,0.5,70.0,0.51,78.91,0.5,70.0,0.52,92.5,0.53,154.5,0.01,0.01,2337.23533,1776264692000
1776264693.716,93.716,0.48,92.5,0.47,154.5,0.49,58.91,0.5,80.5,0.51,63.91,0.5,70.0,0.52,92.5,0.53,144.5,0.01,0.01,2337.23533,1776264692000
1776264694.533,94.533,0.48,92.3,0.47,99.5,0.49,63.91,0.5,70.0,0.51,58.91,0.5,80.5,0.52,92.5,0.53,154.5,0.01,0.01,2337.22771,1776264693000
1776264696.656,96.656,0.48,53.68,0.47,115.5,0.49,63.7,0.5,80.5,0.51,58.91,0.5,70.0,0.52,82.68,0.53,99.5,0.01,0.01,2337.14391,1776264695000
1776264697.259,97.259,0.48,98.68,0.47,110.5,0.49,59.75,0.5,80.5,0.51,63.7,0.5,80.5,0.52,53.68,0.53,115.5,0.01,0.01,2337.14391,1776264695000
1776264697.616,97.616,0.48,99.72,0.47,115.5,0.49,64.75,0.5,80.5,0.51,59.75,0.5,80.5,0.52,98.68,0.53,110.5,0.01,0.01,2337.146595,1776264696000
1776264698.72,98.72,0.48,128.02,0.47,115.5,0.49,55.0,0.5,80.5,0.51,64.75,0.5,80.5,0.52,99.72,0.53,115.5,0.01,0.01,2337.14537,1776264697000
1776264703.251,103.251,0.48,44.04,0.47,40.0,0.49,90.5,0.5,95.5,0.51,55.0,0.5,80.5,0.52,128.02,0.53,115.5,0.01,0.01,2337.168841,1776264702000
1776264703.58,103.58,0.47,12.0,0.46,25.0,0.48,26.55,0.49,152.49,0.51,90.5,0.5,95.5,0.52,44.04,0.53,40.0,0.01,0.01,2337.168841,1776264702000
1776264705.399,105.399,0.47,5.0,0.46,32.0,0.48,121.55,0.49,117.49,0.52,26.55,0.51,152.49,0.53,12.0,0.54,25.0,0.01,0.01,2337.14918,1776264704000
1776264706.13,106.13,0.46,2.0,0.45,40.0,0.47,85.5,0.48,145.54,0.52,121.55,0.51,117.49,0.53,5.0,0.54,32.0,0.01,0.01,2337.146614,1776264705000
1776264706.899,106.899,0.45,3.18,0.44,143.89,0.46,197.49,0.47,96.36,0.53,85.5,0.52,145.54,0.54,2.0,0.55,40.0,0.01,0.01,2337.146614,1776264705000
1776264707.554,107.554,0.44,146.89,0.43,194.65,0.45,92.69,0.46,165.5,0.54,197.49,0.53,96.36,0.55,3.18,0.56,143.89,0.01,0.01,2337.109915,1776264706000
1776264707.788,107.788,0.44,55.69,0.43,134.65,0.45,168.69,0.46,164.5,0.55,92.69,0.54,165.5,0.56,146.89,0.57,194.65,0.01,0.01,2337.109915,1776264706000
1776264708.411,108.411,0.42,150.0,0.41,70.5,0.44,25.0,0.45,27.13,0.55,127.69,0.54,164.5,0.57,134.65,0.58,135.0,0.02,0.02,2337.109915,1776264706000
1776264708.716,108.716,0.44,35.07,0.43,53.5,0.46,11.85,0.47,130.5,0.54,11.85,0.53,130.5,0.56,44.0,0.57,53.5,0.02,0.02,2336.882142,1776264707000
1776264709.077,109.077,0.46,59.5,0.45,80.5,0.48,50.25,0.49,80.5,0.54,11.85,0.53,130.5,0.56,35.07,0.57,53.5,0.02,0.02,2336.882142,1776264707000
1776264709.37,109.37,0.46,7.04,0.45,5.0,0.47,101.5,0.48,97.63,0.52,50.25,0.51,80.5,0.54,59.5,0.55,80.5,0.01,0.02,2336.697688,1776264708000
1776264709.573,109.573,0.45,5.0,0.42,180.0,0.48,55.3,0.49,85.5,0.53,101.5,0.52,97.63,0.54,7.04,0.55,5.0,0.03,0.01,2336.697688,1776264708000
1776264710.774,110.774,0.47,63.0,0.46,115.0,0.49,60.0,0.5,41.0,0.52,55.3,0.51,85.5,0.55,5.0,0.58,180.0,0.02,0.03,2336.504945,1776264709000
1776264711.981,111.981,0.48,103.08,0.47,79.5,0.49,76.0,0.5,20.0,0.51,60.0,0.5,41.0,0.52,30.51,0.53,52.0,0.01,0.01,2336.708905,1776264710000
1776264712.322,112.322,0.49,73.0,0.48,112.58,0.5,2.1,0.51,76.5,0.49,61.0,0.48,151.5,0.52,158.08,0.53,129.5,0.01,0.03,2336.69053,1776264711000
1776264712.668,112.668,0.49,62.0,0.48,76.58,0.5,62.6,0.51,115.5,0.5,22.6,0.49,81.5,0.51,32.19,0.52,76.58,0.01,0.01,2336.69053,1776264711000
1776264713.1,113.1,0.47,50.0,0.46,205.5,0.49,167.5,0.5,63.6,0.51,27.0,0.5,75.6,0.52,86.58,0.53,78.5,0.02,0.01,2336.69053,1776264711000
1776264714.519,114.519,0.46,171.48,0.45,190.5,0.47,103.86,0.48,92.36,0.51,167.5,0.5,63.6,0.53,50.0,0.54,205.5,0.01,0.02,2337.100844,1776264713000
1776264715.325,115.325,0.46,178.5,0.45,95.5,0.47,1.16,0.48,26.86,0.53,103.86,0.52,92.36,0.54,171.48,0.55,190.5,0.01,0.01,2337.053821,1776264714000
1776264715.651,115.651,0.47,93.65,0.46,98.03,0.48,21.86,0.49,80.5,0.53,1.16,0.52,26.86,0.54,143.03,0.55,95.5,0.01,0.01,2337.053821,1776264714000
1776264716.151,116.151,0.45,40.43,0.44,75.0,0.46,50.5,0.47,30.5,0.52,21.86,0.51,80.5,0.53,93.65,0.54,98.03,0.01,0.01,2336.975198,1776264715000
1776264718.32,118.32,0.45,10.0,0.44,25.0,0.47,66.58,0.48,106.5,0.54,50.5,0.53,30.5,0.55,40.43,0.56,75.0,0.02,0.01,2336.792207,1776264717000
1776264720.576,120.576,0.44,30.0,0.43,105.0,0.46,158.36,0.47,83.95,0.53,64.45,0.52,106.5,0.55,10.0,0.56,25.0,0.02,0.02,2336.71415,1776264719000
1776264721.442,121.442,0.42,80.0,0.41,85.0,0.43,160.2,0.44,42.5,0.54,158.36,0.53,83.95,0.56,30.0,0.57,105.0,0.01,0.02,2336.71415,1776264719000
1776264721.812,121.812,0.42,55.0,0.41,85.0,0.43,223.85,0.44,147.5,0.57,160.2,0.56,42.5,0.58,80.0,0.59,85.0,0.01,0.01,2336.69641,1776264720000
1776264722.058,122.058,0.4,210.0,0.39,10.0,0.43,278.85,0.44,147.5,0.57,223.85,0.56,147.5,0.58,55.0,0.59,85.0,0.03,0.01,2336.69641,1776264720000
1776264722.567,122.567,0.4,110.0,0.39,10.0,0.41,212.36,0.42,97.5,0.57,278.85,0.56,147.5,0.6,210.0,0.61,10.0,0.01,0.03,2336.690795,1776264721000
1776264723.468,123.468,0.36,145.0,0.35,155.5,0.37,4.99,0.38,66.0,0.59,212.36,0.58,97.5,0.6,110.0,0.61,10.0,0.01,0.01,2336.51542,1776264722000
1776264723.88,123.88,0.36,146.81,0.35,160.5,0.37,4.99,0.38,131.0,0.63,4.99,0.62,66.0,0.64,141.65,0.65,155.5,0.01,0.01,2336.51542,1776264722000
1776264724.496,124.496,0.37,95.06,0.36,147.31,0.38,46.0,0.39,75.19,0.63,4.99,0.62,131.0,0.64,146.81,0.65,160.5,0.01,0.01,2336.51542,1776264722000
1776264725.129,125.129,0.37,100.73,0.36,137.31,0.38,83.97,0.39,100.19,0.62,46.0,0.61,80.19,0.63,74.21,0.64,142.31,0.01,0.01,2336.2247,1776264723000
1776264726.609,126.609,0.37,90.17,0.36,137.31,0.38,88.97,0.39,92.0,0.62,83.97,0.61,100.19,0.63,100.73,0.64,137.31,0.01,0.01,2336.160567,1776264725000
1776264726.878,126.878,0.37,139.67,0.36,131.81,0.39,28.0,0.4,72.0,0.62,88.97,0.61,92.0,0.63,90.17,0.64,137.31,0.02,0.01,2336.160567,1776264725000
1776264727.173,127.173,0.38,139.92,0.37,119.67,0.39,91.3,0.4,72.0,0.61,28.0,0.6,72.0,0.63,139.67,0.64,131.81,0.01,0.02,2336.160567,1776264725000
1776264727.428,127.428,0.38,137.0,0.37,119.67,0.39,91.3,0.4,72.0,0.61,91.3,0.6,72.0,0.62,139.92,0.63,119.67,0.01,0.01,2336.160567,1776264725000
1776264727.781,127.781,0.38,130.38,0.37,119.67,0.39,101.3,0.4,72.0,0.61,91.3,0.6,72.0,0.62,137.0,0.63,119.67,0.01,0.01,2336.158374,1776264726000
1776264731.121,131.121,0.38,34.76,0.37,23.0,0.39,161.89,0.4,102.5,0.61,101.3,0.6,72.0,0.62,130.38,0.63,119.67,0.01,0.01,2336.23885,1776264729000
1776264731.578,131.578,0.38,27.55,0.37,23.0,0.39,165.08,0.4,102.5,0.61,161.89,0.6,102.5,0.62,34.76,0.63,23.0,0.01,0.01,2336.273673,1776264730000
1776264732.716,132.716,0.38,173.42,0.37,104.5,0.42,21.0,0.43,117.0,0.61,165.08,0.6,102.5,0.62,27.55,0.63,23.0,0.04,0.01,2336.22705,1776264731000
1776264733.482,133.482,0.41,144.5,0.4,87.5,0.42,5.0,0.43,123.0,0.58,21.0,0.57,117.0,0.62,173.42,0.63,104.5,0.01,0.04,2336.22705,1776264732000
1776264733.977,133.977,0.41,107.52,0.4,82.5,0.42,15.0,0.43,122.0,0.58,5.0,0.57,123.0,0.59,133.64,0.6,87.5,0.01,0.01,2336.22705,1776264732000
1776264734.861,134.861,0.41,45.93,0.4,92.5,0.42,115.57,0.43,137.0,0.58,15.0,0.57,122.0,0.59,107.52,0.6,82.5,0.01,0.01,2336.25192,1776264733000
1776264735.357,135.357,0.4,10.0,0.39,17.92,0.42,258.07,0.43,164.5,0.58,115.57,0.57,137.0,0.59,45.93,0.6,92.5,0.02,0.01,2336.33155,1776264734000
1776264736.06,136.06,0.39,16.92,0.38,42.92,0.4,86.88,0.41,91.0,0.58,258.07,0.57,164.5,0.6,10.0,0.61,17.92,0.01,0.02,2336.33155,1776264734000
1776264739.479,139.479,0.39,42.0,0.38,143.42,0.4,117.48,0.41,142.39,0.6,86.88,0.59,91.0,0.61,16.92,0.62,42.92,0.01,0.01,2336.29244,1776264738000
1776264739.816,139.816,0.39,34.17,0.38,143.42,0.4,117.48,0.41,152.89,0.6,117.48,0.59,142.39,0.61,42.0,0.62,143.42,0.01,0.01,2336.29244,1776264738000
1776264744.668,144.668,0.41,51.31,0.4,111.5,0.42,10.0,0.43,65.0,0.6,117.48,0.59,152.89,0.61,34.17,0.62,143.42,0.01,0.01,2336.29244,1776264738000
1776264745.166,145.166,0.41,82.14,0.4,116.5,0.42,15.0,0.43,125.0,0.58,10.0,0.57,65.0,0.59,51.31,0.6,111.5,0.01,0.01,2336.29244,1776264738000
1776264745.784,145.784,0.38,91.36,0.37,60.0,0.39,145.29,0.4,71.5,0.58,15.0,0.57,125.0,0.59,82.14,0.6,116.5,0.01,0.01,2336.29244,1776264738000
1776264746.221,146.221,0.37,60.0,0.36,160.0,0.39,216.29,0.4,84.15,0.61,145.29,0.6,71.5,0.62,91.36,0.63,60.0,0.02,0.01,2336.29244,1776264738000
1776264746.616,146.616,0.34,75.0,0.33,125.0,0.37,38.32,0.38,140.5,0.61,216.29,0.6,84.15,0.63,60.0,0.64,160.0,0.03,0.02,2336.29244,1776264738000
1776264747.437,147.437,0.32,225.0,0.31,25.0,0.34,86.84,0.35,15.0,0.63,38.32,0.62,140.5,0.66,75.0,0.67,125.0,0.02,0.03,2336.29244,1776264738000
1776264747.662,147.662,0.33,9.98,0.32,225.0,0.34,79.0,0.35,15.0,0.66,79.0,0.65,15.0,0.67,10.16,0.68,225.0,0.01,0.01,2336.486991,1776264746000
1776264747.962,147.962,0.33,1.34,0.32,200.0,0.34,27.66,0.35,20.5,0.66,7.16,0.65,10.0,0.67,7.52,0.68,225.0,0.01,0.01,2336.486991,1776264746000
1776264749.962,149.962,0.31,35.0,0.3,187.0,0.33,218.5,0.34,111.66,0.66,27.66,0.65,20.5,0.68,200.0,0.69,25.0,0.02,0.02,2335.742433,1776264748000
1776264753.084,153.084,0.31,10.0,0.3,277.5,0.32,85.72,0.33,156.0,0.67,218.5,0.66,111.66,0.69,35.0,0.7,187.0,0.01,0.02,2335.647045,1776264751000
1776264753.604,153.604,0.3,302.28,0.29,89.5,0.31,45.0,0.32,73.55,0.68,85.72,0.67,156.0,0.69,10.0,0.7,277.5,0.01,0.01,2335.647045,1776264751000
1776264756.595,156.595,0.3,256.28,0.29,84.5,0.31,0.45,0.32,78.55,0.69,37.15,0.68,73.55,0.7,302.28,0.71,89.5,0.01,0.01,2335.64812,1776264755000
1776264758.931,158.931,0.3,156.28,0.29,55.0,0.31,130.82,0.32,94.05,0.69,0.45,0.68,78.55,0.7,256.28,0.71,84.5,0.01,0.01,2335.676952,1776264757000
1776264759.296,159.296,0.3,151.95,0.29,55.0,0.31,130.82,0.32,94.05,0.69,130.82,0.68,94.05,0.7,156.28,0.71,55.0,0.01,0.01,2335.676952,1776264757000
1776264759.608,159.608,0.3,237.95,0.29,75.5,0.31,57.82,0.32,83.55,0.69,130.82,0.68,94.05,0.7,151.95,0.71,55.0,0.01,0.01,2335.621091,1776264758000
1776264760.031,160.031,0.3,273.45,0.29,85.5,0.31,28.23,0.32,22.83,0.69,57.82,0.68,83.55,0.7,237.95,0.71,75.5,0.01,0.01,2335.607585,1776264759000
1776264762.042,162.042,0.3,104.97,0.29,120.5,0.31,38.23,0.32,27.83,0.69,28.23,0.68,22.83,0.7,273.45,0.71,85.5,0.01,0.01,2335.640803,1776264760000
1776264763.582,163.582,0.3,76.97,0.29,130.5,0.31,38.23,0.32,37.83,0.69,38.23,0.68,27.83,0.7,104.97,0.71,120.5,0.01,0.01,2335.817885,1776264762000
1776264764.81,164.81,0.3,69.05,0.29,120.5,0.31,114.84,0.32,47.83,0.69,18.23,0.68,37.83,0.7,76.97,0.71,130.5,0.01,0.01,2335.815637,1776264763000
1776264765.646,165.646,0.3,42.09,0.29,115.5,0.31,134.84,0.32,102.83,0.69,114.84,0.68,47.83,0.7,69.05,0.71,120.5,0.01,0.01,2335.833822,1776264764000
1776264766.047,166.047,0.29,81.27,0.28,124.5,0.3,97.01,0.31,43.0,0.7,10.0,0.69,129.84,0.71,91.27,0.72,124.5,0.01,0.01,2335.833954,1776264765000
1776264766.489,166.489,0.29,107.27,0.28,124.5,0.3,117.01,0.31,33.0,0.7,97.01,0.69,43.0,0.71,81.27,0.72,124.5,0.01,0.01,2335.833954,1776264765000
1776264767.316,167.316,0.29,6.3,0.28,110.5,0.3,142.01,0.31,139.0,0.7,112.01,0.69,83.0,0.71,88.27,0.72,124.5,0.01,0.01,2335.823567,1776264766000
1776264767.887,167.887,0.29,55.5,0.28,125.5,0.3,137.01,0.31,149.0,0.7,142.01,0.69,139.0,0.71,6.3,0.72,110.5,0.01,0.01,2335.823567,1776264766000
1776264769.13,169.13,0.29,119.2,0.28,145.5,0.3,60.77,0.31,33.0,0.7,137.01,0.69,149.0,0.71,55.5,0.72,125.5,0.01,0.01,2335.771198,1776264767000
1776264769.797,169.797,0.29,218.2,0.28,145.5,0.31,7.35,0.32,7.83,0.7,60.77,0.69,33.0,0.71,114.2,0.72,145.5,0.02,0.01,2335.72105,1776264768000
1776264770.603,170.603,0.33,23.86,0.32,123.5,0.34,104.56,0.35,50.0,0.67,60.0,0.66,10.0,0.68,7.79,0.69,15.0,0.01,0.01,2335.757755,1776264769000
1776264770.827,170.827,0.33,16.5,0.32,132.5,0.34,84.41,0.35,45.0,0.66,99.56,0.65,45.0,0.67,11.5,0.68,123.5,0.01,0.01,2335.757755,1776264769000
1776264771.061,171.061,0.33,42.43,0.32,132.5,0.35,45.0,0.36,45.84,0.65,45.0,0.64,40.84,0.67,42.43,0.68,132.5,0.02,0.02,2335.757755,1776264769000
1776264771.779,171.779,0.34,8.43,0.33,29.93,0.35,100.0,0.36,98.84,0.65,45.0,0.64,45.84,0.67,42.43,0.68,132.5,0.01,0.02,2335.737698,1776264770000
1776264772.13,172.13,0.34,55.22,0.33,79.93,0.35,79.79,0.36,98.84,0.65,100.0,0.64,98.84,0.66,8.43,0.67,29.93,0.01,0.01,2335.737698,1776264770000
1776264772.357,172.357,0.34,42.84,0.33,79.93,0.35,79.79,0.36,104.84,0.65,79.79,0.64,104.84,0.66,45.3,0.67,79.93,0.01,0.01,2336.066187,1776264771000
1776264772.901,172.901,0.34,42.84,0.33,89.93,0.36,104.84,0.37,108.0,0.65,79.79,0.64,104.84,0.66,42.84,0.67,79.93,0.02,0.01,2336.066187,1776264771000
1776264774.951,174.951,0.34,35.18,0.33,18.93,0.36,199.56,0.37,148.5,0.64,104.84,0.63,108.0,0.66,42.84,0.67,89.93,0.02,0.02,2336.134221,1776264773000
1776264775.316,175.316,0.34,4.13,0.33,68.93,0.35,90.0,0.36,179.56,0.64,199.56,0.63,148.5,0.66,35.18,0.67,18.93,0.01,0.02,2336.134221,1776264773000
1776264776.989,176.989,0.35,70.0,0.34,65.0,0.46,5.0,0.47,10.0,0.65,90.0,0.64,179.56,0.66,4.13,0.67,68.93,0.11,0.01,2336.113667,1776264775000
1776264777.323,177.323,0.48,16.53,0.47,15.0,0.49,22.93,0.5,100.0,0.51,57.93,0.5,100.0,0.52,15.0,0.53,15.0,0.01,0.01,2336.118258,1776264776000
1776264777.531,177.531,0.51,10.0,0.5,10.0,0.52,69.0,0.53,95.0,0.5,100.0,0.49,155.0,0.52,32.68,0.53,15.0,0.01,0.02,2336.118258,1776264776000
1776264777.984,177.984,0.51,21.18,0.5,10.0,0.54,10.0,0.55,90.0,0.48,1.62,0.47,95.0,0.49,71.18,0.5,10.0,0.03,0.01,2336.118258,1776264776000
1776264778.305,178.305,0.51,41.27,0.5,30.5,0.53,10.0,0.54,20.0,0.47,10.0,0.46,10.0,0.48,10.0,0.49,26.68,0.02,0.01,2336.131782,1776264777000
1776264778.58,178.58,0.52,0.81,0.51,6.06,0.53,22.5,0.54,37.5,0.46,25.5,0.45,75.5,0.48,10.0,0.49,6.06,0.01,0.02,2336.131782,1776264777000
1776264778.808,178.808,0.51,6.35,0.5,25.5,0.52,10.0,0.53,34.5,0.47,2.0,0.46,47.69,0.48,6.54,0.49,16.56,0.01,0.01,2336.131782,1776264777000
1776264779.335,179.335,0.51,28.24,0.5,75.5,0.52,6.01,0.53,45.5,0.48,11.21,0.47,34.5,0.49,3.24,0.5,25.5,0.01,0.01,2336.131782,1776264777000
1776264779.654,179.654,0.51,23.24,0.5,75.5,0.52,10.0,0.53,51.51,0.47,41.51,0.46,32.69,0.49,28.24,0.5,75.5,0.01,0.02,2337.367771,1776264778000
1776264779.869,179.869,0.51,28.24,0.5,86.5,0.53,39.5,0.54,52.88,0.48,10.0,0.47,51.51,0.49,23.24,0.5,75.5,0.02,0.01,2337.367771,1776264778000
1776264780.124,180.124,0.51,4.79,0.5,86.5,0.52,10.0,0.53,56.5,0.47,39.5,0.46,52.88,0.49,28.24,0.5,86.5,0.01,0.02,2337.384856,1776264779000
1776264780.663,180.663,0.51,10.0,0.5,22.0,0.52,132.5,0.53,146.5,0.48,10.0,0.47,56.5,0.49,4.79,0.5,86.5,0.01,0.01,2337.384856,1776264779000
1776264780.944,180.944,0.5,103.5,0.49,85.5,0.51,34.0,0.52,131.5,0.48,126.5,0.47,156.5,0.5,88.0,0.51,85.5,0.01,0.02,2337.384856,1776264779000
1776264781.417,181.417,0.5,118.0,0.49,75.5,0.52,39.24,0.53,134.5,0.49,1.0,0.48,52.5,0.5,98.0,0.51,75.5,0.02,0.01,2337.413349,1776264780000
1776264781.808,181.808,0.51,15.0,0.5,108.0,0.52,38.23,0.53,124.5,0.48,29.24,0.47,134.5,0.49,5.0,0.5,113.0,0.01,0.01,2337.413349,1776264780000
1776264782.52,182.52,0.5,83.8,0.49,85.5,0.51,36.5,0.52,114.23,0.48,43.23,0.47,124.5,0.5,102.8,0.51,75.5,0.01,0.02,2337.413349,1776264780000
1776264782.887,182.887,0.5,118.8,0.49,85.5,0.51,4.0,0.52,33.23,0.49,36.5,0.48,114.23,0.5,83.8,0.51,85.5,0.01,0.01,2337.413349,1776264780000
1776264783.385,183.385,0.48,115.0,0.47,110.5,0.49,38.79,0.5,65.5,0.49,4.0,0.48,33.23,0.5,118.8,0.51,85.5,0.01,0.01,2337.395276,1776264781000
1776264784.004,184.004,0.48,95.0,0.47,120.5,0.5,62.36,0.51,79.5,0.51,38.79,0.5,65.5,0.52,115.0,0.53,110.5,0.02,0.01,2337.395276,1776264781000
1776264784.814,184.814,0.48,25.0,0.47,35.0,0.5,24.75,0.51,83.5,0.5,62.36,0.49,79.5,0.52,95.0,0.53,120.5,0.02,0.02,2337.33129,1776264782000
1776264786.212,186.212,0.49,9.6,0.48,35.5,0.5,15.5,0.51,25.5,0.5,24.75,0.49,83.5,0.52,25.0,0.53,35.0,0.01,0.02,2337.181288,1776264784000
1776264787.487,187.487,0.51,36.36,0.5,42.0,0.52,33.23,0.53,43.5,0.5,15.5,0.49,25.5,0.51,9.6,0.52,35.5,0.01,0.01,2337.119549,1776264785000
1776264787.802,187.802,0.51,42.36,0.5,112.5,0.52,17.73,0.53,22.5,0.48,33.23,0.47,43.5,0.49,36.36,0.5,42.0,0.01,0.01,2337.119549,1776264785000
1776264788.428,188.428,0.51,193.04,0.5,97.5,0.54,15.19,0.55,45.0,0.48,17.73,0.47,22.5,0.49,37.54,0.5,112.5,0.03,0.01,2337.096188,1776264786000
1776264788.904,188.904,0.53,57.86,0.52,25.5,0.54,2.19,0.57,100.0,0.46,7.19,0.45,45.0,0.47,25.0,0.48,20.0,0.01,0.01,2337.096188,1776264786000
1776264789.717,189.717,0.56,77.27,0.55,25.5,0.57,5.0,0.58,30.5,0.43,100.0,0.42,15.0,0.47,62.86,0.48,25.5,0.01,0.04,2337.103162,1776264787000
1776264790.308,190.308,0.56,187.27,0.55,75.5,0.59,10.0,0.6,111.0,0.43,5.0,0.42,30.5,0.44,77.27,0.45,25.5,0.03,0.01,2337.20883,1776264788000
1776264791.522,191.522,0.59,25.0,0.58,25.0,0.6,105.28,0.61,126.21,0.41,10.0,0.4,111.0,0.44,187.27,0.45,75.5,0.01,0.03,2337.440166,1776264790000
1776264792.1,192.1,0.58,5.0,0.57,30.0,0.59,132.02,0.6,151.28,0.4,105.28,0.39,126.21,0.41,25.0,0.42,25.0,0.01,0.01,2337.440166,1776264790000
1776264792.384,192.384,0.57,30.0,0.56,35.0,0.58,82.01,0.59,64.02,0.41,132.02,0.4,151.28,0.42,5.0,0.43,30.0,0.01,0.01,2337.536365,1776264791000
1776264793.56,193.56,0.57,73.27,0.56,60.5,0.59,15.0,0.6,146.5,0.41,47.19,0.4,132.5,0.43,30.0,0.44,35.0,0.02,0.02,2337.45782,1776264792000
1776264793.908,193.908,0.58,11.07,0.57,43.77,0.59,96.5,0.6,172.5,0.41,15.0,0.4,146.5,0.43,73.27,0.44,60.5,0.01,0.02,2337.45782,1776264792000
1776264794.298,194.298,0.57,8.77,0.56,35.0,0.58,85.32,0.59,102.5,0.41,96.5,0.4,172.5,0.42,11.07,0.43,43.77,0.01,0.01,2337.418007,1776264793000
1776264794.713,194.713,0.55,75.0,0.54,50.0,0.58,241.32,0.59,107.5,0.42,85.32,0.41,102.5,0.43,8.77,0.44,35.0,0.03,0.01,2337.418007,1776264793000
1776264796.357,196.357,0.5,10.0,0.49,110.5,0.52,141.07,0.53,100.5,0.42,241.32,0.41,107.5,0.45,75.0,0.46,50.0,0.02,0.03,2337.432395,1776264794000
1776264797.136,197.136,0.52,164.0,0.51,202.5,0.54,36.0,0.55,36.0,0.48,141.07,0.47,100.5,0.5,10.0,0.51,110.5,0.02,0.02,2337.404231,1776264795000
1776264797.376,197.376,0.53,52.5,0.52,124.5,0.54,31.0,0.55,36.0,0.46,36.0,0.45,36.0,0.48,164.0,0.49,202.5,0.01,0.02,2337.150801,1776264796000
1776264797.588,197.588,0.53,134.5,0.52,114.5,0.55,11.0,0.56,61.0,0.46,31.0,0.45,36.0,0.47,52.5,0.48,124.5,0.02,0.01,2337.150801,1776264796000
1776264798.108,198.108,0.55,20.0,0.54,64.5,0.59,5.0,0.6,96.17,0.44,61.0,0.43,61.0,0.46,70.5,0.47,69.5,0.04,0.02,2337.1326,1776264797000
1776264798.674,198.674,0.59,20.0,0.58,61.12,0.61,55.71,0.62,115.0,0.41,5.0,0.4,96.17,0.45,20.0,0.46,64.5,0.02,0.04,2337.1326,1776264797000
1776264799.038,199.038,0.6,122.5,0.59,91.5,0.61,73.53,0.62,120.0,0.39,55.71,0.38,115.0,0.41,20.0,0.42,61.12,0.01,0.02,2337.1326,1776264797000
1776264799.378,199.378,0.6,136.62,0.59,91.5,0.61,83.53,0.62,120.0,0.39,73.53,0.38,120.0,0.4,122.5,0.41,91.5,0.01,0.01,2337.1326,1776264797000
1776264799.602,199.602,0.6,141.62,0.59,91.5,0.61,20.39,0.62,65.0,0.39,83.53,0.38,120.0,0.4,136.62,0.41,91.5,0.01,0.01,2337.1326,1776264797000
1776264799.891,199.891,0.61,38.5,0.6,111.62,0.62,70.0,0.63,75.0,0.38,65.0,0.37,75.0,0.4,141.62,0.41,96.5,0.01,0.02,2337.467075,1776264798000
1776264800.188,200.188,0.61,22.74,0.6,94.12,0.62,20.5,0.63,140.5,0.38,70.0,0.37,75.0,0.39,38.5,0.4,111.62,0.01,0.01,2337.467075,1776264798000
1776264800.443,200.443,0.6,83.5,0.59,80.5,0.62,10.0,0.63,130.0,0.38,20.5,0.37,140.5,0.39,22.74,0.4,94.12,0.02,0.01,2337.642495,1776264799000
1776264801.583,201.583,0.62,5.84,0.61,61.5,0.63,140.5,0.64,115.5,0.38,5.16,0.37,140.5,0.39,45.5,0.4,128.5,0.01,0.01,2337.702935,1776264800000
1776264802.696,202.696,0.62,20.0,0.61,50.5,0.63,132.32,0.64,130.5,0.37,143.91,0.36,130.5,0.38,20.0,0.39,51.5,0.01,0.01,2337.702935,1776264800000
1776264805.158,205.158,0.62,74.74,0.61,111.5,0.63,11.82,0.64,50.0,0.37,132.32,0.36,130.5,0.38,20.0,0.39,50.5,0.01,0.01,2337.73781,1776264803000
1776264805.492,205.492,0.62,124.74,0.61,121.5,0.63,0.48,0.64,50.0,0.37,11.82,0.36,50.0,0.38,74.74,0.39,111.5,0.01,0.01,2337.73781,1776264803000
1776264806.238,206.238,0.65,25.5,0.64,25.5,0.66,145.43,0.67,110.0,0.37,0.48,0.36,50.0,0.38,124.74,0.39,121.5,0.01,0.01,2337.74314,1776264804000
1776264807.05,207.05,0.65,227.66,0.64,140.5,0.67,60.0,0.68,95.0,0.34,145.43,0.33,115.0,0.35,47.66,0.36,30.5,0.02,0.01,2337.743595,1776264805000
1776264807.27,207.27,0.67,21.0,0.66,30.5,0.68,34.68,0.69,155.0,0.32,9.52,0.31,150.0,0.33,10.0,0.34,20.0,0.01,0.01,2337.801055,1776264806000
1776264807.485,207.485,0.67,7.54,0.66,25.5,0.68,6.97,0.69,155.0,0.32,11.97,0.31,155.0,0.33,21.0,0.34,30.5,0.01,0.01,2337.801055,1776264806000
1776264808.656,208.656,0.65,3.14,0.63,7.84,0.68,41.0,0.69,211.5,0.32,6.97,0.31,155.0,0.33,7.54,0.34,25.5,0.03,0.01,2337.970726,1776264807000
1776264808.869,208.869,0.64,8.14,0.63,17.84,0.67,23.77,0.68,25.0,0.33,23.77,0.32,25.0,0.35,8.14,0.36,10.0,0.03,0.02,2337.970726,1776264807000
1776264810.297,210.297,0.63,17.84,0.62,41.0,0.66,20.31,0.67,25.5,0.33,23.77,0.32,25.0,0.36,8.14,0.37,17.84,0.03,0.03,2337.997681,1776264809000
1776264810.598,210.598,0.62,80.0,0.61,10.0,0.64,30.09,0.65,10.0,0.36,1.59,0.35,10.0,0.37,12.84,0.38,96.0,0.02,0.01,2337.997681,1776264809000
1776264811.532,211.532,0.6,18.0,0.59,61.0,0.61,79.0,0.62,85.0,0.37,18.19,0.36,40.09,0.38,15.0,0.39,40.0,0.01,0.01,2337.874186,1776264810000
1776264811.737,211.737,0.6,18.0,0.59,15.0,0.61,3.22,0.62,85.0,0.39,14.22,0.38,85.0,0.4,18.0,0.41,26.0,0.01,0.01,2337.874186,1776264810000
1776264812.306,212.306,0.61,35.64,0.6,33.0,0.62,57.22,0.63,63.16,0.38,96.22,0.37,73.16,0.39,14.64,0.4,23.0,0.01,0.01,2337.796335,1776264811000
1776264816.012,216.012,0.6,14.64,0.59,10.0,0.62,94.22,0.63,94.66,0.38,46.22,0.37,74.16,0.39,12.64,0.4,43.5,0.02,0.01,2337.680363,1776264815000
1776264816.443,216.443,0.6,10.0,0.59,20.0,0.61,87.8,0.62,99.22,0.39,10.0,0.38,89.22,0.41,10.0,0.42,110.0,0.01,0.02,2337.680363,1776264815000
1776264817.825,217.825,0.6,30.5,0.59,40.5,0.61,71.8,0.62,50.22,0.39,87.8,0.38,99.22,0.4,10.0,0.41,20.0,0.01,0.01,2337.680363,1776264815000
1776264818.09,218.09,0.6,30.5,0.59,40.5,0.61,68.89,0.62,50.22,0.39,71.8,0.38,50.22,0.4,30.5,0.41,40.5,0.01,0.01,2337.680363,1776264815000
1776264818.42,218.42,0.6,37.58,0.59,40.5,0.61,15.0,0.62,55.22,0.39,68.89,0.38,50.22,0.4,30.5,0.41,40.5,0.01,0.01,2337.680363,1776264815000
1776264819.018,219.018,0.6,6.11,0.59,35.5,0.61,60.0,0.62,50.22,0.39,15.0,0.38,55.22,0.4,37.58,0.41,40.5,0.01,0.01,2337.680363,1776264815000
1776264819.677,219.677,0.6,14.1,0.59,35.5,0.61,81.0,0.62,50.22,0.39,60.0,0.38,50.22,0.4,6.11,0.41,35.5,0.01,0.01,2337.680363,1776264815000
1776264821.706,221.706,0.6,40.5,0.59,50.5,0.62,39.01,0.63,63.16,0.39,81.0,0.38,50.22,0.4,14.1,0.41,35.5,0.02,0.01,2337.680298,1776264820000
1776264822.394,222.394,0.61,15.0,0.6,20.0,0.63,107.16,0.64,80.5,0.38,39.01,0.37,63.16,0.4,40.5,0.41,50.5,0.02,0.02,2337.66809,1776264821000
1776264824.447,224.447,0.62,33.98,0.61,44.5,0.63,68.16,0.64,70.0,0.37,107.16,0.36,80.5,0.39,15.0,0.4,20.0,0.01,0.02,2337.686895,1776264823000
1776264827.664,227.664,0.62,0.83,0.61,15.0,0.63,118.16,0.64,80.5,0.37,68.16,0.36,70.0,0.38,33.98,0.39,44.5,0.01,0.01,2337.695127,1776264826000
1776264829.387,229.387,0.61,13.24,0.6,25.0,0.63,113.16,0.64,90.5,0.37,118.16,0.36,80.5,0.38,0.83,0.39,15.0,0.02,0.01,2337.593409,1776264828000
1776264830.183,230.183,0.58,10.0,0.57,125.0,0.61,7.92,0.62,20.0,0.37,113.16,0.36,90.5,0.39,13.24,0.4,25.0,0.03,0.02,2337.5488,1776264829000
1776264830.58,230.58,0.56,200.0,0.55,50.0,0.59,2.09,0.6,50.0,0.39,7.92,0.38,20.0,0.42,10.0,0.43,125.0,0.03,0.03,2337.5488,1776264829000
1776264831.798,231.798,0.49,80.0,0.48,60.0,0.56,104.0,0.57,20.0,0.41,2.09,0.4,50.0,0.44,200.0,0.45,50.0,0.07,0.03,2337.499231,1776264830000
1776264832.344,232.344,0.47,0.9,0.46,80.81,0.49,25.5,0.5,15.0,0.44,104.0,0.43,20.0,0.51,80.0,0.52,60.0,0.02,0.07,2337.391476,1776264831000
1776264832.659,232.659,0.44,60.0,0.43,75.0,0.46,28.76,0.47,26.0,0.54,26.09,0.53,34.93,0.56,60.0,0.57,75.0,0.02,0.02,2337.391476,1776264831000
1776264833.269,233.269,0.38,3.73,0.37,50.0,0.42,46.0,0.43,26.0,0.56,12.72,0.55,10.0,0.57,25.0,0.58,100.0,0.04,0.01,2337.157003,1776264832000
1776264833.707,233.707,0.35,0.66,0.34,112.0,0.37,10.0,0.38,15.0,0.61,30.0,0.6,10.0,0.64,1.66,0.65,5.0,0.02,0.03,2337.157003,1776264832000
1776264834.11,234.11,0.34,105.0,0.33,68.43,0.36,25.0,0.37,10.0,0.6,15.07,0.59,10.0,0.65,5.66,0.66,117.0,0.02,0.05,2337.157003,1776264832000
1776264834.531,234.531,0.33,3.43,0.3,5.0,0.34,15.0,0.35,10.42,0.65,26.42,0.64,70.0,0.66,105.0,0.67,68.43,0.01,0.01,2337.157003,1776264832000
1776264834.871,234.871,0.28,1.7,0.27,144.0,0.3,15.0,0.31,10.0,0.66,21.0,0.65,10.0,0.71,5.0,0.72,5.0,0.02,0.05,2336.602808,1776264833000
1776264835.15,235.15,0.27,140.0,0.26,50.0,0.28,16.4,0.29,10.0,0.7,15.0,0.69,10.0,0.72,1.7,0.73,144.0,0.01,0.02,2336.602808,1776264833000
1776264836.134,236.134,0.24,80.0,0.23,80.0,0.27,3.22,0.28,16.0,0.72,15.25,0.71,10.0,0.73,27.0,0.75,25.0,0.03,0.01,2336.602808,1776264833000
1776264836.676,236.676,0.24,25.0,0.23,30.0,0.27,3.22,0.28,16.0,0.73,3.22,0.72,16.0,0.76,77.92,0.77,30.0,0.03,0.03,2336.473828,1776264834000
1776264836.944,236.944,0.24,25.0,0.23,30.0,0.25,2.0,0.26,10.0,0.73,3.22,0.72,16.0,0.76,25.0,0.77,30.0,0.01,0.03,2336.473828,1776264834000
1776264837.574,237.574,0.23,45.0,0.22,221.0,0.24,6.66,0.25,35.0,0.74,1.15,0.73,3.22,0.76,25.0,0.77,30.0,0.01,0.02,2336.139263,1776264836000
1776264838.238,238.238,0.23,45.0,0.22,210.0,0.25,7.0,0.26,1.15,0.75,15.19,0.74,6.15,0.77,45.0,0.78,221.0,0.02,0.02,2336.139263,1776264836000
1776264838.52,238.52,0.23,45.0,0.22,210.0,0.24,3.33,0.25,10.0,0.72,6.13,0.71,10.0,0.77,40.0,0.78,210.0,0.01,0.05,2336.139263,1776264836000
1776264839.097,239.097,0.23,8.49,0.22,165.0,0.24,8.33,0.25,15.0,0.76,3.33,0.75,10.0,0.77,45.0,0.78,210.0,0.01,0.01,2336.026027,1776264837000
1776264839.847,239.847,0.22,13.58,0.21,110.0,0.23,20.0,0.24,3.33,0.76,8.33,0.75,15.0,0.77,8.49,0.78,165.0,0.01,0.01,2336.052673,1776264838000
1776264840.666,240.666,0.21,110.0,0.2,60.05,0.22,50.38,0.23,15.0,0.77,20.0,0.76,3.33,0.78,13.58,0.79,110.0,0.01,0.01,2335.96155,1776264839000
1776264841.155,241.155,0.21,24.0,0.2,60.05,0.22,17.05,0.23,15.0,0.78,17.05,0.77,15.0,0.79,105.0,0.8,60.05,0.01,0.01,2335.96155,1776264839000
1776264841.894,241.894,0.2,5.0,0.19,83.31,0.22,12.05,0.23,15.0,0.78,22.05,0.77,15.0,0.8,4.44,0.81,218.0,0.02,0.02,2335.941949,1776264840000
1776264842.983,242.983,0.2,47.5,0.19,70.31,0.21,5.0,0.25,40.0,0.78,12.05,0.77,15.0,0.8,5.0,0.81,83.31,0.01,0.02,2335.920494,1776264841000
1776264843.436,243.436,0.24,12.68,0.23,10.0,0.25,33.4,0.26,8.16,0.75,33.4,0.74,8.16,0.79,33.59,0.8,42.5,0.01,0.04,2335.920494,1776264841000
1776264844.365,244.365,0.24,95.08,0.23,10.0,0.25,27.4,0.26,8.16,0.75,27.4,0.74,8.16,0.76,12.68,0.77,40.0,0.01,0.01,2335.956713,1776264842000
1776264844.611,244.611,0.26,14.44,0.24,117.08,0.31,5.0,0.4,15.0,0.71,8.08,0.69,5.0,0.74,14.44,0.76,117.08,0.05,0.03,2336.01138,1776264843000
1776264844.959,244.959,0.3,10.0,0.27,50.0,0.31,41.0,0.36,55.0,0.69,5.0,0.6,15.0,0.74,14.44,0.76,117.08,0.01,0.05,2336.01138,1776264843000
1776264845.718,245.718,0.26,58.44,0.25,15.0,0.31,29.96,0.33,11.0,0.69,41.0,0.65,5.0,0.7,10.0,0.73,50.0,0.05,0.01,2336.146365,1776264844000
1776264846.441,246.441,0.3,15.0,0.29,15.0,0.31,10.66,0.35,6.0,0.69,34.96,0.67,11.0,0.74,58.44,0.75,15.0,0.01,0.05,2336.29431,1776264845000
1776264847.032,247.032,0.3,31.0,0.29,26.0,0.34,95.4,0.35,21.0,0.69,10.66,0.65,6.0,0.7,15.0,0.71,15.0,0.04,0.01,2336.29431,1776264845000
1776264848.206,248.206,0.32,15.0,0.31,23.0,0.33,9.0,0.34,105.4,0.66,84.4,0.65,21.0,0.67,10.0,0.68,10.0,0.01,0.01,2336.313995,1776264846000
1776264849.76,249.76,0.31,8.0,0.3,16.0,0.33,111.08,0.34,21.0,0.67,9.0,0.66,105.4,0.68,15.0,0.69,23.0,0.02,0.01,2336.421882,1776264848000
1776264850.243,250.243,0.31,8.0,0.3,5.0,0.32,63.33,0.33,19.0,0.67,111.08,0.66,21.0,0.69,8.0,0.7,16.0,0.01,0.02,2336.421882,1776264848000
1776264851.313,251.313,0.26,88.44,0.25,10.0,0.32,63.33,0.33,25.0,0.68,63.33,0.67,19.0,0.69,8.0,0.7,5.0,0.06,0.01,2336.355758,1776264849000
1776264852.431,252.431,0.26,126.44,0.25,15.0,0.29,20.0,0.3,10.0,0.68,63.33,0.67,25.0,0.74,88.44,0.75,10.0,0.03,0.06,2336.36191,1776264850000
1776264853.201,253.201,0.23,21.0,0.22,9.63,0.27,68.16,0.28,10.0,0.71,20.0,0.7,10.0,0.74,126.44,0.75,15.0,0.04,0.03,2336.356506,1776264851000
1776264853.793,253.793,0.23,43.5,0.22,15.0,0.24,5.0,0.26,15.0,0.77,16.49,0.76,21.57,0.79,28.83,0.8,27.5,0.01,0.02,2336.319365,1776264852000
1776264854.694,254.694,0.27,25.0,0.26,20.0,0.28,0.1,0.29,10.0,0.76,5.0,0.74,15.0,0.77,43.5,0.78,15.0,0.01,0.01,2336.319365,1776264852000
1776264855.377,255.377,0.25,20.0,0.24,100.0,0.27,34.26,0.28,5.1,0.72,0.1,0.71,10.0,0.74,7.16,0.75,15.0,0.02,0.02,2336.35122,1776264853000
1776264855.598,255.598,0.25,15.0,0.24,95.0,0.27,15.0,0.28,10.1,0.73,10.26,0.72,5.1,0.75,15.0,0.76,100.0,0.02,0.02,2336.35122,1776264853000
1776264856.116,256.116,0.25,10.0,0.24,126.0,0.26,37.35,0.27,30.0,0.73,15.0,0.72,10.1,0.75,15.0,0.76,95.0,0.01,0.02,2336.231841,1776264854000
1776264856.705,256.705,0.24,40.0,0.23,80.0,0.25,11.64,0.26,140.59,0.74,37.35,0.73,30.0,0.75,10.0,0.76,126.0,0.01,0.01,2336.231841,1776264854000
1776264856.96,256.96,0.24,3.68,0.23,85.0,0.25,25.0,0.26,89.43,0.74,89.43,0.73,25.0,0.76,30.0,0.77,80.0,0.01,0.02,2336.231841,1776264854000
1776264857.838,257.838,0.23,90.0,0.22,65.0,0.24,16.33,0.25,20.0,0.75,30.0,0.74,89.43,0.76,1.04,0.77,85.0,0.01,0.01,2336.27259,1776264856000
1776264858.678,258.678,0.23,20.0,0.22,65.0,0.25,5.0,0.26,13.0,0.76,16.33,0.75,20.0,0.77,90.0,0.78,65.0,0.02,0.01,2336.24234,1776264857000
1776264859.163,259.163,0.26,13.64,0.25,20.0,0.27,136.54,0.28,41.0,0.73,30.0,0.72,36.0,0.74,14.24,0.77,10.0,0.01,0.01,2336.24234,1776264857000
1776264859.408,259.408,0.26,3.0,0.25,20.0,0.27,111.54,0.28,41.0,0.73,136.54,0.72,41.0,0.74,13.64,0.75,20.0,0.01,0.01,2336.22265,1776264858000
1776264859.991,259.991,0.26,11.64,0.25,20.0,0.27,111.54,0.28,15.0,0.73,111.54,0.72,41.0,0.74,3.0,0.75,20.0,0.01,0.01,2336.22265,1776264858000
1776264860.254,260.254,0.27,50.65,0.26,56.64,0.28,36.89,0.3,76.0,0.73,111.54,0.72,15.0,0.74,11.64,0.75,20.0,0.01,0.01,2336.22265,1776264858000
1776264860.616,260.616,0.36,124.0,0.35,10.0,0.38,5.0,0.39,30.0,0.63,89.9,0.62,65.0,0.65,24.28,0.67,10.0,0.02,0.02,2336.22265,1776264858000
1776264860.827,260.827,0.38,65.65,0.37,10.0,0.4,5.0,0.41,35.0,0.6,5.0,0.59,35.0,0.62,166.65,0.63,10.0,0.02,0.02,2336.22265,1776264858000
1776264861.03,261.03,0.46,49.6,0.44,10.0,0.51,14.14,0.52,5.0,0.53,5.0,0.52,5.0,0.54,49.6,0.57,32.0,0.05,0.01,2336.438655,1776264859000
1776264861.321,261.321,0.55,30.55,0.54,10.0,0.57,9.7,0.58,10.0,0.44,140.0,0.43,10.0,0.45,15.55,0.46,20.0,0.02,0.01,2336.438655,1776264859000
1776264861.673,261.673,0.57,20.0,0.56,10.0,0.59,22.17,0.6,35.0,0.42,3.59,0.41,24.63,0.44,10.0,0.45,15.55,0.02,0.02,2336.438655,1776264859000
1776264861.88,261.88,0.58,3.71,0.57,10.0,0.59,27.17,0.6,65.0,0.41,22.17,0.4,60.0,0.44,2.84,0.45,5.55,0.01,0.03,2336.442704,1776264860000
1776264862.169,262.169,0.58,10.0,0.57,10.0,0.59,20.31,0.6,65.0,0.41,27.17,0.4,65.0,0.45,0.9,0.46,10.0,0.01,0.04,2336.442704,1776264860000
1776264862.519,262.519,0.58,9.76,0.57,10.0,0.6,75.0,0.61,129.92,0.4,65.0,0.39,119.92,0.41,9.69,0.42,10.0,0.02,0.01,2336.442704,1776264860000
1776264862.878,262.878,0.58,8.76,0.57,10.0,0.6,97.0,0.61,124.92,0.4,75.0,0.39,129.92,0.42,9.76,0.43,10.0,0.02,0.02,2336.724695,1776264861000
1776264863.568,263.568,0.59,6.56,0.58,8.76,0.6,114.0,0.61,160.92,0.4,97.0,0.39,124.92,0.42,8.76,0.43,10.0,0.01,0.02,2337.174937,1776264862000
1776264863.925,263.925,0.58,15.0,0.57,10.0,0.59,5.0,0.6,107.0,0.4,112.0,0.39,144.92,0.44,9.02,0.45,20.9,0.01,0.04,2337.174937,1776264862000
1776264864.412,264.412,0.57,10.0,0.56,9.02,0.59,31.27,0.6,157.0,0.41,31.27,0.4,157.0,0.42,10.0,0.43,10.0,0.02,0.01,2337.209477,1776264863000
1776264864.814,264.814,0.55,15.9,0.54,15.0,0.56,46.04,0.57,10.0,0.41,26.27,0.4,157.0,0.42,6.05,0.43,15.0,0.01,0.01,2337.209477,1776264863000
1776264865.139,265.139,0.55,20.9,0.54,15.0,0.56,27.93,0.57,60.0,0.44,46.04,0.43,10.0,0.45,15.9,0.46,15.0,0.01,0.01,2337.209477,1776264863000
1776264866.037,266.037,0.54,15.0,0.53,40.0,0.55,10.54,0.56,147.93,0.44,27.93,0.43,60.0,0.45,20.9,0.46,15.0,0.01,0.01,2337.31719,1776264864000
1776264866.278,266.278,0.54,10.0,0.53,30.0,0.55,73.72,0.56,97.93,0.45,10.54,0.44,147.93,0.46,15.0,0.47,40.0,0.01,0.01,2337.31719,1776264864000
1776264866.759,266.759,0.55,15.19,0.54,94.0,0.56,29.25,0.57,5.0,0.45,73.72,0.44,97.93,0.46,10.0,0.47,30.0,0.01,0.01,2337.31637,1776264865000
1776264869.616,269.616,0.55,145.0,0.54,146.0,0.56,20.25,0.57,5.0,0.44,29.25,0.43,5.0,0.45,15.19,0.46,94.0,0.01,0.01,2337.253061,1776264868000
1776264869.817,269.817,0.56,6.75,0.55,90.0,0.57,5.0,0.59,5.0,0.44,20.25,0.43,5.0,0.45,145.0,0.46,146.0,0.01,0.01,2337.253061,1776264868000
1776264870.568,270.568,0.58,54.0,0.57,15.0,0.59,3.3,0.6,15.0,0.41,5.0,0.4,15.0,0.44,31.75,0.45,50.0,0.01,0.03,2337.306935,1776264869000
1776264871.42,271.42,0.56,21.85,0.54,40.0,0.57,12.92,0.58,25.0,0.41,3.3,0.4,15.0,0.42,54.0,0.43,15.0,0.01,0.01,2337.30326,1776264870000
1776264871.706,271.706,0.56,13.49,0.55,5.0,0.57,12.92,0.58,15.0,0.43,12.92,0.42,25.0,0.44,21.85,0.46,40.0,0.01,0.01,2337.30326,1776264870000
1776264872.186,272.186,0.58,47.0,0.57,15.0,0.61,20.08,0.62,60.0,0.43,22.92,0.42,15.0,0.46,40.0,0.47,25.0,0.03,0.03,2337.298975,1776264871000
1776264872.503,272.503,0.59,18.77,0.58,42.0,0.61,10.08,0.62,60.0,0.39,20.08,0.38,60.0,0.42,47.0,0.43,15.0,0.02,0.03,2337.298975,1776264871000
1776264872.703,272.703,0.6,10.0,0.59,18.77,0.61,10.08,0.62,60.0,0.39,10.08,0.38,60.0,0.4,10.0,0.41,18.77,0.01,0.01,2337.298975,1776264871000
1776264873.252,273.252,0.6,2.5,0.59,18.77,0.61,5.08,0.62,60.0,0.39,10.08,0.38,60.0,0.4,10.0,0.41,18.77,0.01,0.01,2337.298975,1776264871000
1776264873.932,273.932,0.6,35.5,0.59,23.77,0.62,15.0,0.63,178.16,0.39,5.08,0.38,60.0,0.4,2.5,0.41,18.77,0.02,0.01,2337.274205,1776264872000
1776264874.522,274.522,0.62,20.0,0.61,55.0,0.66,75.0,0.67,100.0,0.37,178.16,0.36,15.0,0.4,35.5,0.41,23.77,0.04,0.03,2337.295557,1776264873000
1776264875.094,275.094,0.65,47.0,0.64,15.0,0.66,10.55,0.67,100.0,0.34,43.3,0.33,100.0,0.35,20.0,0.36,10.0,0.01,0.01,2337.295557,1776264873000
1776264875.862,275.862,0.65,47.0,0.64,25.0,0.67,100.0,0.68,25.0,0.34,10.55,0.33,100.0,0.35,47.0,0.36,15.0,0.02,0.01,2337.295557,1776264873000
1776264876.412,276.412,0.66,152.32,0.65,88.0,0.69,285.0,0.7,555.0,0.33,100.0,0.32,25.0,0.35,47.0,0.36,25.0,0.03,0.02,2337.295557,1776264873000
1776264878.174,278.174,0.77,43.0,0.76,103.0,0.78,2.28,0.79,100.0,0.31,280.0,0.3,550.0,0.32,5.0,0.33,10.0,0.01,0.01,2337.544117,1776264876000
1776264878.503,278.503,0.78,19.61,0.77,10.0,0.8,9.5,0.81,40.0,0.21,50.0,0.2,66.0,0.23,48.0,0.24,93.0,0.02,0.02,2337.544117,1776264876000
1776264878.708,278.708,0.75,15.0,0.74,15.0,0.79,46.0,0.8,64.55,0.2,9.5,0.19,40.0,0.22,19.61,0.23,10.0,0.04,0.02,2337.767655,1776264877000
1776264879.098,279.098,0.67,5.0,0.66,16.32,0.74,10.0,0.75,10.0,0.21,40.59,0.2,64.55,0.25,15.0,0.26,15.0,0.07,0.04,2337.767655,1776264877000
1776264879.36,279.36,0.66,0.22,0.64,45.0,0.67,15.0,0.68,15.0,0.32,10.0,0.31,10.0,0.34,5.32,0.36,55.0,0.01,0.02,2337.920454,1776264878000
1776264879.7,279.7,0.66,15.0,0.65,15.0,0.68,6.76,0.69,26.0,0.33,6.36,0.32,15.0,0.36,55.0,0.37,35.0,0.02,0.03,2337.920454,1776264878000
1776264879.976,279.976,0.64,45.0,0.63,25.0,0.68,6.76,0.69,26.0,0.32,6.76,0.31,26.0,0.34,15.0,0.35,15.0,0.04,0.02,2337.920454,1776264878000
1776264880.559,280.559,0.58,25.0,0.56,10.0,0.61,55.0,0.62,51.0,0.38,10.0,0.37,10.0,0.39,45.74,0.4,5.8,0.03,0.01,2337.91825,1776264879000
1776264880.894,280.894,0.51,5.0,0.5,45.0,0.52,11.08,0.53,10.0,0.45,10.0,0.44,10.0,0.47,4.9,0.48,80.0,0.01,0.02,2337.91825,1776264879000
1776264881.099,281.099,0.51,20.0,0.5,55.0,0.52,8.46,0.54,10.0,0.48,1.08,0.47,10.0,0.49,5.0,0.5,45.0,0.01,0.01,2337.91825,1776264879000
1776264882.157,282.157,0.62,5.0,0.61,15.0,0.63,5.0,0.64,13.0,0.46,10.0,0.45,7.0,0.49,18.04,0.5,55.0,0.01,0.03,2337.653905,1776264880000
1776264882.968,282.968,0.67,18.0,0.66,30.0,0.68,15.0,0.69,90.0,0.37,5.0,0.36,13.0,0.38,5.0,0.39,15.0,0.01,0.01,2337.366396,1776264881000
1776264883.222,283.222,0.67,23.0,0.66,30.0,0.68,10.0,0.69,90.0,0.32,15.0,0.31,90.0,0.33,18.0,0.34,30.0,0.01,0.01,2337.331107,1776264882000
1776264883.532,283.532,0.67,28.0,0.66,30.0,0.68,5.0,0.69,90.0,0.32,10.0,0.31,90.0,0.33,23.0,0.34,30.0,0.01,0.01,2337.331107,1776264882000
1776264884.301,284.301,0.68,10.0,0.67,23.0,0.69,50.0,0.7,5.0,0.32,5.0,0.31,90.0,0.33,28.0,0.34,30.0,0.01,0.01,2337.363315,1776264883000
1776264884.945,284.945,0.68,10.0,0.67,18.0,0.7,50.0,0.71,65.0,0.31,50.0,0.3,5.0,0.32,10.0,0.33,23.0,0.02,0.01,2337.363315,1776264883000
1776264885.428,285.428,0.69,20.0,0.68,15.0,0.71,55.0,0.72,5.0,0.3,50.0,0.29,65.0,0.32,10.0,0.33,18.0,0.02,0.02,2337.363315,1776264883000
1776264885.658,285.658,0.7,21.66,0.69,15.0,0.71,65.0,0.72,5.0,0.29,55.0,0.28,5.0,0.31,20.0,0.32,15.0,0.01,0.02,2337.42266,1776264884000
1776264886.147,286.147,0.7,16.66,0.69,25.0,0.71,58.0,0.72,5.0,0.29,65.0,0.28,5.0,0.3,21.66,0.31,15.0,0.01,0.01,2337.43766,1776264885000
1776264886.494,286.494,0.72,29.0,0.71,70.0,0.73,25.0,0.74,5.0,0.29,4.02,0.28,5.0,0.3,26.66,0.31,30.0,0.01,0.01,2337.43766,1776264885000
1776264887.494,287.494,0.77,18.83,0.76,34.0,0.78,5.0,0.79,80.0,0.24,30.0,0.23,5.0,0.28,44.0,0.29,70.0,0.01,0.04,2337.45619,1776264886000
1776264887.864,287.864,0.77,53.83,0.76,79.0,0.79,5.0,0.8,19.5,0.22,5.0,0.21,80.0,0.23,18.83,0.24,34.0,0.02,0.01,2337.45619,1776264886000
1776264888.84,288.84,0.79,82.79,0.78,24.0,0.8,4.5,0.81,30.0,0.2,19.5,0.19,40.0,0.22,10.0,0.23,48.83,0.01,0.02,2337.465895,1776264887000
1776264889.194,289.194,0.82,10.0,0.81,19.0,0.84,12.79,0.85,50.0,0.2,4.5,0.19,30.0,0.21,82.79,0.22,24.0,0.02,0.01,2337.582668,1776264888000
1776264889.458,289.458,0.82,9.0,0.81,24.0,0.84,19.1,0.85,50.0,0.16,12.79,0.15,50.0,0.18,10.0,0.19,19.0,0.02,0.02,2337.582668,1776264888000
1776264890.788,290.788,0.82,5.0,0.81,13.0,0.84,49.9,0.85,50.0,0.16,17.9,0.15,50.0,0.19,18.0,0.2,19.0,0.02,0.03,2337.584126,1776264889000
1776264891.333,291.333,0.79,37.79,0.77,8.0,0.8,25.0,0.81,15.0,0.18,5.0,0.17,15.0,0.19,18.0,0.2,10.0,0.01,0.01,2337.595863,1776264890000
1776264891.739,291.739,0.71,20.0,0.7,20.0,0.81,65.0,0.82,15.0,0.2,25.0,0.19,15.0,0.29,50.0,0.3,15.0,0.1,0.09,2337.595863,1776264890000
1776264892.77,292.77,0.8,7.03,0.79,15.0,0.81,60.0,0.82,10.0,0.19,65.0,0.18,15.0,0.29,20.0,0.3,20.0,0.01,0.1,2337.599725,1776264891000
1776264893.66,293.66,0.87,15.0,0.86,15.0,0.89,2.97,0.9,5.0,0.19,60.0,0.18,10.0,0.2,7.03,0.21,15.0,0.02,0.01,2337.5935,1776264892000
1776264893.931,293.931,0.9,15.0,0.89,15.0,0.93,55.0,0.94,5.0,0.11,2.97,0.1,5.0,0.13,15.0,0.14,15.0,0.03,0.02,2337.5935,1776264892000
1776264894.271,294.271,0.92,20.0,0.91,21.0,0.93,63.34,0.95,5.0,0.07,55.0,0.06,5.0,0.1,15.0,0.11,15.0,0.01,0.03,2337.52693,1776264893000
1776264894.536,294.536,0.92,13.43,0.91,15.0,0.93,63.34,0.95,5.0,0.07,63.34,0.05,5.0,0.08,20.0,0.09,21.0,0.01,0.01,2337.52693,1776264893000
1776264894.935,294.935,0.92,20.43,0.91,15.0,0.93,39.84,0.95,5.0,0.07,55.34,0.05,5.0,0.08,20.43,0.09,15.0,0.01,0.01,2337.52693,1776264893000
1776264895.214,295.214,0.96,19.0,0.95,10.0,0.97,41.92,0.98,222.0,0.03,62.75,0.02,222.0,0.04,9.0,0.05,10.0,0.01,0.01,2337.52693,1776264893000
1776264895.675,295.675,0.97,30.83,0.96,24.0,0.98,94.06,0.99,1509.0,0.02,45.61,0.01,1509.0,0.03,30.83,0.04,24.0,0.01,0.01,2337.51637,1776264894000
1776264895.91,295.91,0.97,25.83,0.96,15.0,0.98,83.25,0.99,1509.0,0.02,94.06,0.01,1509.0,0.03,30.83,0.04,24.0,0.01,0.01,2337.51637,1776264894000
1776264896.173,296.173,0.97,24.07,0.96,20.0,0.98,53.35,0.99,1496.46,0.02,41.26,0.01,1496.46,0.03,29.07,0.04,15.0,0.01,0.01,2337.51637,1776264894000
1776264896.434,296.434,0.97,15.0,0.96,20.0,0.99,1495.35,,,0.01,1496.46,,,0.03,10.0,0.04,20.0,0.02,0.02,2337.51637,1776264894000
1776264896.761,296.761,0.97,15.0,0.96,20.0,0.99,1262.21,,,0.01,1363.23,,,0.03,15.0,0.04,20.0,0.02,0.02,2337.748695,1776264895000
1776264896.996,296.996,0.97,20.0,0.96,20.0,0.99,1206.09,,,0.01,1254.09,,,0.03,20.0,0.04,20.0,0.02,0.02,2337.748695,1776264895000
1776264897.348,297.348,0.96,12.0,0.95,33.0,0.98,10.0,0.99,1204.06,0.01,1204.06,,,0.03,20.0,0.04,20.0,0.02,0.02,2337.956224,1776264896000
1776264897.583,297.583,0.99,92.55,0.98,10.0,,,,,,,,,0.03,89.87,0.04,2.0,,,2337.956224,1776264896000
1776264898.19,298.19,0.99,966.39,0.98,15.0,,,,,,,,,0.01,92.55,0.02,10.0,,,2337.956224,1776264896000
1776264899.337,299.337,0.99,14457.94,0.98,31.0,,,,,,,,,0.01,966.39,0.02,15.0,,,2337.911515,1776264898000
1776264899.644,299.644,0.99,16627.95,0.98,31.0,,,,,,,,,0.01,14457.94,0.02,31.0,,,2337.911515,1776264898000

# RESULT,winner=Up,slug=eth-updown-5m-1776264600,ticks=399
