timestamp,elapsed_sec,up_bid_p1,up_bid_s1,up_bid_p2,up_bid_s2,up_ask_p1,up_ask_s1,up_ask_p2,up_ask_s2,down_bid_p1,down_bid_s1,down_bid_p2,down_bid_s2,down_ask_p1,down_ask_s1,down_ask_p2,down_ask_s2,up_spread,down_spread,eth_price,eth_oracle_ts
1776232801.43,1.43,0.49,55.0,0.47,5.0,0.53,61.89,0.54,220.0,0.5,5.0,0.47,66.89,0.51,55.0,0.53,5.0,0.04,0.01,2320.208564,1776232800000
1776232801.769,1.769,0.49,50.0,0.47,5.0,0.5,31.0,0.51,6.0,0.5,5.0,0.47,66.89,0.51,55.0,0.53,5.0,0.01,0.01,2320.208564,1776232800000
1776232802.085,2.085,0.49,50.0,0.47,5.0,0.5,31.0,0.51,6.0,0.5,31.0,0.49,6.0,0.51,50.0,0.53,5.0,0.01,0.01,2320.15838,1776232801000
1776232802.791,2.791,0.49,65.0,0.47,5.0,0.5,16.0,0.51,81.0,0.5,31.0,0.49,6.0,0.51,50.0,0.53,5.0,0.01,0.01,2320.15838,1776232801000
1776232803.472,3.472,0.49,65.0,0.47,5.0,0.5,16.0,0.51,81.0,0.5,16.0,0.49,81.0,0.51,65.0,0.53,5.0,0.01,0.01,2319.989584,1776232802000
1776232803.774,3.774,0.5,15.0,0.49,145.0,0.52,0.57,0.53,79.89,0.5,16.0,0.49,81.0,0.51,65.0,0.53,5.0,0.02,0.01,2319.989584,1776232802000
1776232804.019,4.019,0.52,25.0,0.51,70.0,0.53,15.99,0.54,19.0,0.47,15.99,0.46,19.0,0.48,25.0,0.49,70.0,0.01,0.01,2319.861251,1776232803000
1776232804.281,4.281,0.58,64.16,0.53,15.0,0.59,5.0,0.6,5.0,0.46,5.84,0.44,13.0,0.48,30.0,0.49,75.0,0.01,0.02,2319.861251,1776232803000
1776232804.652,4.652,0.58,74.16,0.57,10.0,0.6,5.0,0.61,5.0,0.41,5.0,0.4,5.0,0.42,64.16,0.47,15.0,0.02,0.01,2319.861251,1776232803000
1776232804.955,4.955,0.59,25.0,0.58,79.16,0.62,75.0,0.63,75.0,0.4,5.0,0.39,5.0,0.42,74.16,0.43,10.0,0.03,0.02,2319.861251,1776232803000
1776232805.428,5.428,0.61,10.0,0.6,10.0,0.62,59.97,0.63,80.0,0.38,75.0,0.37,75.0,0.41,25.0,0.42,79.16,0.01,0.03,2319.942563,1776232804000
1776232805.91,5.91,0.61,5.0,0.6,10.0,0.62,69.97,0.63,80.0,0.38,59.97,0.37,80.0,0.39,10.0,0.4,10.0,0.01,0.01,2319.942563,1776232804000
1776232806.368,6.368,0.61,5.0,0.6,10.0,0.62,155.68,0.63,90.0,0.38,59.8,0.37,80.0,0.39,5.0,0.4,10.0,0.01,0.01,2320.321157,1776232805000
1776232806.852,6.852,0.61,5.0,0.6,15.0,0.62,182.42,0.63,99.0,0.38,155.68,0.37,90.0,0.39,5.0,0.4,10.0,0.01,0.01,2320.321157,1776232805000
1776232807.204,7.204,0.61,5.0,0.6,15.0,0.62,182.42,0.63,99.0,0.38,182.42,0.37,99.0,0.39,5.0,0.4,15.0,0.01,0.01,2320.52237,1776232806000
1776232808.002,8.002,0.61,10.0,0.6,15.0,0.62,121.88,0.63,24.0,0.38,182.42,0.37,99.0,0.39,5.0,0.4,15.0,0.01,0.01,2320.52237,1776232806000
1776232808.214,8.214,0.61,10.0,0.6,15.0,0.62,121.88,0.63,24.0,0.38,121.88,0.37,24.0,0.39,10.0,0.4,15.0,0.01,0.01,2320.505304,1776232807000
1776232809.182,9.182,0.61,10.0,0.6,15.0,0.62,121.88,0.63,24.0,0.38,121.88,0.37,24.0,0.39,10.0,0.4,15.0,0.01,0.01,2320.52307,1776232808000
1776232809.715,9.715,0.6,10.0,0.59,30.0,0.61,5.0,0.62,120.78,0.38,120.78,0.37,29.0,0.39,5.0,0.4,10.0,0.01,0.01,2320.52307,1776232808000
1776232810.148,10.148,0.6,10.0,0.59,30.0,0.61,8.01,0.62,88.88,0.39,8.01,0.38,88.88,0.4,10.0,0.41,30.0,0.01,0.01,2320.57862,1776232809000
1776232810.569,10.569,0.58,54.16,0.56,10.0,0.59,45.5,0.6,180.5,0.39,8.01,0.38,88.88,0.4,10.0,0.41,30.0,0.01,0.01,2320.57862,1776232809000
1776232810.787,10.787,0.58,34.16,0.56,10.0,0.59,53.5,0.6,188.5,0.41,50.5,0.4,180.5,0.42,34.16,0.44,18.0,0.01,0.01,2320.57862,1776232809000
1776232811.165,11.165,0.58,34.16,0.56,10.0,0.59,53.5,0.6,188.5,0.41,53.5,0.4,188.5,0.42,34.16,0.44,10.0,0.01,0.01,2320.567845,1776232810000
1776232811.413,11.413,0.58,39.16,0.57,5.0,0.59,48.41,0.6,258.5,0.41,56.8,0.4,258.5,0.42,39.16,0.43,5.0,0.01,0.01,2320.567845,1776232810000
1776232811.812,11.812,0.58,39.16,0.57,5.0,0.59,83.41,0.6,271.5,0.41,48.41,0.4,258.5,0.42,39.16,0.43,5.0,0.01,0.01,2320.567845,1776232810000
1776232812.174,12.174,0.58,34.16,0.57,5.0,0.59,88.41,0.6,271.5,0.41,88.41,0.4,271.5,0.42,34.16,0.43,5.0,0.01,0.01,2320.5169,1776232811000
1776232813.211,13.211,0.58,34.16,0.57,5.0,0.59,88.41,0.6,271.5,0.41,88.41,0.4,271.5,0.42,34.16,0.43,5.0,0.01,0.01,2320.351097,1776232812000
1776232814.235,14.235,0.58,34.16,0.57,5.0,0.59,88.41,0.6,271.5,0.41,88.41,0.4,271.5,0.42,34.16,0.43,5.0,0.01,0.01,2320.27767,1776232813000
1776232815.129,15.129,0.58,34.16,0.57,5.0,0.59,88.41,0.6,271.5,0.41,88.41,0.4,271.5,0.42,34.16,0.43,5.0,0.01,0.01,2320.3068,1776232814000
1776232815.718,15.718,0.58,39.16,0.57,5.0,0.59,78.83,0.6,271.5,0.41,88.41,0.4,271.5,0.42,34.16,0.43,5.0,0.01,0.01,2320.3068,1776232814000
1776232816.228,16.228,0.58,24.16,0.56,10.5,0.59,91.83,0.6,271.5,0.41,78.83,0.4,271.5,0.42,39.16,0.43,5.0,0.01,0.01,2320.3068,1776232814000
1776232816.863,16.863,0.58,24.16,0.56,10.5,0.59,91.83,0.6,271.5,0.41,91.83,0.4,271.5,0.42,24.16,0.44,10.5,0.01,0.01,2320.3064,1776232815000
1776232817.432,17.432,0.58,24.16,0.56,10.5,0.59,91.83,0.6,271.5,0.41,91.83,0.4,271.5,0.42,24.16,0.44,10.5,0.01,0.01,2320.273775,1776232816000
1776232818.108,18.108,0.58,24.16,0.56,10.5,0.59,91.83,0.6,271.5,0.41,91.83,0.4,271.5,0.42,24.16,0.44,10.5,0.01,0.01,2320.243822,1776232817000
1776232818.549,18.549,0.58,19.04,0.57,10.5,0.59,93.5,0.6,341.5,0.41,91.83,0.4,271.5,0.42,24.16,0.44,10.5,0.01,0.01,2320.243822,1776232817000
1776232819.353,19.353,0.58,19.04,0.57,10.5,0.59,93.5,0.6,341.5,0.41,93.5,0.4,341.5,0.42,19.04,0.43,10.5,0.01,0.01,2320.277035,1776232818000
1776232820.005,20.005,0.58,19.04,0.57,10.5,0.59,93.5,0.6,341.5,0.41,93.5,0.4,341.5,0.42,19.04,0.43,10.5,0.01,0.01,2320.239301,1776232819000
1776232821.256,21.256,0.58,19.04,0.57,10.5,0.59,93.5,0.6,341.5,0.41,93.5,0.4,341.5,0.42,19.04,0.43,10.5,0.01,0.01,2320.239863,1776232820000
1776232821.752,21.752,0.58,54.54,0.57,25.5,0.59,33.0,0.6,98.0,0.41,93.5,0.4,341.5,0.42,19.04,0.43,10.5,0.01,0.01,2320.239863,1776232820000
1776232821.953,21.953,0.58,54.54,0.57,25.5,0.6,98.0,0.61,33.51,0.41,11.0,0.4,98.0,0.42,59.54,0.43,25.5,0.02,0.01,2320.239863,1776232820000
1776232822.431,22.431,0.58,54.54,0.57,25.5,0.6,87.0,0.61,33.51,0.4,87.0,0.39,33.51,0.42,54.54,0.43,25.5,0.02,0.02,2320.246997,1776232821000
1776232823.048,23.048,0.58,47.15,0.57,30.5,0.59,15.0,0.6,91.0,0.41,15.0,0.4,91.0,0.42,47.15,0.43,30.5,0.01,0.01,2320.246998,1776232822000
1776232823.529,23.529,0.58,37.62,0.57,20.5,0.59,45.0,0.6,98.0,0.41,15.0,0.4,91.0,0.42,47.15,0.43,30.5,0.01,0.01,2320.246998,1776232822000
1776232823.97,23.97,0.58,32.62,0.57,20.5,0.59,43.0,0.6,98.0,0.41,45.0,0.4,98.0,0.42,37.62,0.43,20.5,0.01,0.01,2320.246998,1776232822000
1776232824.184,24.184,0.58,32.62,0.57,20.5,0.59,38.81,0.6,98.0,0.41,38.81,0.4,98.0,0.42,32.62,0.43,20.5,0.01,0.01,2320.42098,1776232823000
1776232825.297,25.297,0.58,37.62,0.57,20.5,0.59,40.42,0.6,98.0,0.41,40.42,0.4,98.0,0.42,37.62,0.43,20.5,0.01,0.01,2320.428185,1776232824000
1776232825.694,25.694,0.58,7.12,0.57,15.5,0.59,63.73,0.6,113.5,0.41,40.42,0.4,98.0,0.42,37.62,0.43,20.5,0.01,0.01,2320.428185,1776232824000
1776232826.272,26.272,0.58,4.73,0.57,15.5,0.59,69.3,0.6,108.5,0.41,54.3,0.4,113.5,0.42,7.12,0.43,15.5,0.01,0.01,2320.428185,1776232824000
1776232826.517,26.517,0.58,4.73,0.57,15.5,0.59,69.3,0.6,108.5,0.41,69.3,0.4,108.5,0.42,4.73,0.43,15.5,0.01,0.01,2320.435286,1776232825000
1776232827.075,27.075,0.58,4.73,0.57,15.5,0.59,69.3,0.6,108.5,0.41,69.3,0.4,108.5,0.42,4.73,0.43,15.5,0.01,0.01,2320.48011,1776232826000
1776232828.197,28.197,0.58,4.73,0.57,15.5,0.59,69.3,0.6,108.5,0.41,69.3,0.4,108.5,0.42,4.73,0.43,15.5,0.01,0.01,2320.476201,1776232827000
1776232829.091,29.091,0.58,4.73,0.57,20.5,0.59,31.52,0.6,95.5,0.41,69.3,0.4,108.5,0.42,4.73,0.43,15.5,0.01,0.01,2320.476201,1776232827000
1776232829.449,29.449,0.58,4.73,0.57,20.5,0.59,31.52,0.6,95.5,0.41,31.52,0.4,95.5,0.42,4.73,0.43,20.5,0.01,0.01,2320.47622,1776232828000
1776232830.005,30.005,0.58,4.73,0.57,20.5,0.59,31.52,0.6,95.5,0.41,31.52,0.4,95.5,0.42,4.73,0.43,20.5,0.01,0.01,2320.476007,1776232829000
1776232830.849,30.849,0.58,22.84,0.57,20.5,0.59,31.52,0.6,95.5,0.41,31.52,0.4,95.5,0.42,4.73,0.43,20.5,0.01,0.01,2320.476007,1776232829000
1776232831.161,31.161,0.58,22.84,0.57,20.5,0.59,31.52,0.6,95.5,0.41,31.52,0.4,95.5,0.42,22.84,0.43,20.5,0.01,0.01,2320.476242,1776232830000
1776232831.995,31.995,0.58,27.84,0.57,20.5,0.59,16.63,0.6,95.5,0.41,31.52,0.4,95.5,0.42,22.84,0.43,20.5,0.01,0.01,2320.476242,1776232830000
1776232833.318,33.318,0.58,27.84,0.57,20.5,0.59,16.63,0.6,95.5,0.41,16.63,0.4,95.5,0.42,27.84,0.43,20.5,0.01,0.01,2320.475449,1776232832000
1776232834.5,34.5,0.58,22.84,0.57,20.5,0.6,95.18,0.61,40.51,0.4,95.18,0.39,40.51,0.42,22.84,0.43,20.5,0.02,0.02,2320.480503,1776232833000
1776232834.978,34.978,0.58,22.84,0.57,20.5,0.6,95.18,0.61,40.51,0.4,95.18,0.39,40.51,0.42,22.84,0.43,20.5,0.02,0.02,2320.479766,1776232834000
1776232835.538,35.538,0.58,25.45,0.57,30.5,0.59,15.0,0.6,110.18,0.4,95.18,0.39,40.51,0.42,22.84,0.43,20.5,0.01,0.02,2320.479766,1776232834000
1776232836.171,36.171,0.58,25.45,0.57,30.5,0.59,15.0,0.6,110.18,0.41,15.0,0.4,110.18,0.42,25.45,0.43,30.5,0.01,0.01,2320.484644,1776232835000
1776232836.587,36.587,0.6,5.0,0.58,86.45,0.61,8.01,0.62,20.5,0.41,15.0,0.4,110.18,0.42,25.45,0.43,30.5,0.01,0.01,2320.484644,1776232835000
1776232837.234,37.234,0.6,56.5,0.59,20.0,0.61,4.76,0.62,10.0,0.39,8.01,0.38,20.5,0.4,5.0,0.42,86.45,0.01,0.01,2320.484644,1776232835000
1776232837.879,37.879,0.6,56.5,0.59,20.0,0.63,21.73,0.64,48.39,0.37,21.73,0.36,48.39,0.4,56.5,0.41,20.0,0.03,0.03,2320.489598,1776232837000
1776232839.066,39.066,0.6,56.5,0.59,20.0,0.63,21.73,0.64,48.39,0.37,21.73,0.36,48.39,0.4,56.5,0.41,20.0,0.03,0.03,2320.549387,1776232838000
1776232840.122,40.122,0.6,56.5,0.59,20.0,0.63,21.73,0.64,48.39,0.37,21.73,0.36,48.39,0.4,56.5,0.41,20.0,0.03,0.03,2320.616377,1776232839000
1776232841.3,41.3,0.62,31.0,0.61,30.5,0.63,20.14,0.64,54.39,0.37,20.14,0.36,54.39,0.38,31.0,0.39,30.5,0.01,0.01,2320.629656,1776232840000
1776232841.766,41.766,0.62,31.0,0.61,25.5,0.63,25.64,0.64,44.39,0.37,20.14,0.36,54.39,0.38,31.0,0.39,30.5,0.01,0.01,2320.629656,1776232840000
1776232842.543,42.543,0.62,31.0,0.61,25.5,0.63,25.64,0.64,44.39,0.37,25.64,0.36,44.39,0.38,31.0,0.39,25.5,0.01,0.01,2320.630421,1776232841000
1776232843.156,43.156,0.62,31.0,0.61,25.5,0.63,25.64,0.64,44.39,0.37,25.64,0.36,44.39,0.38,31.0,0.39,25.5,0.01,0.01,2320.628248,1776232842000
1776232844.259,44.259,0.56,46.83,0.55,15.5,0.57,10.0,0.58,80.0,0.43,10.0,0.42,80.0,0.44,46.83,0.45,15.5,0.01,0.01,2320.617114,1776232843000
1776232845.461,45.461,0.56,46.83,0.55,15.5,0.57,10.0,0.58,80.0,0.43,10.0,0.42,80.0,0.44,46.83,0.45,15.5,0.01,0.01,2320.495894,1776232844000
1776232846.019,46.019,0.56,46.83,0.55,15.5,0.57,10.0,0.58,80.0,0.43,10.0,0.42,80.0,0.44,46.83,0.45,15.5,0.01,0.01,2320.44527,1776232845000
1776232847.21,47.21,0.52,5.0,0.51,5.0,0.55,100.5,0.56,120.5,0.43,10.0,0.42,80.0,0.44,46.83,0.45,15.5,0.03,0.01,2320.44527,1776232845000
1776232847.94,47.94,0.48,20.01,0.47,15.0,0.49,15.0,0.5,93.5,0.5,48.5,0.47,20.33,0.52,10.0,0.53,10.0,0.01,0.02,2320.346473,1776232846000
1776232848.198,48.198,0.48,20.01,0.47,44.0,0.49,15.0,0.5,93.5,0.51,15.0,0.5,93.5,0.52,20.01,0.53,15.0,0.01,0.01,2320.346473,1776232846000
1776232848.499,48.499,0.48,20.01,0.47,49.0,0.49,17.91,0.5,93.5,0.51,17.91,0.5,93.5,0.52,20.01,0.53,49.0,0.01,0.01,2320.268101,1776232847000
1776232849.248,49.248,0.48,20.01,0.47,49.0,0.49,17.91,0.5,93.5,0.51,17.91,0.5,93.5,0.52,20.01,0.53,49.0,0.01,0.01,2320.232313,1776232848000
1776232851.067,51.067,0.48,10.01,0.47,29.0,0.49,17.91,0.5,93.5,0.51,17.91,0.5,93.5,0.52,20.01,0.53,49.0,0.01,0.01,2320.232313,1776232848000
1776232851.288,51.288,0.49,20.5,0.48,95.51,0.5,38.5,0.55,40.5,0.51,17.91,0.5,93.5,0.52,10.01,0.53,29.0,0.01,0.01,2319.9891,1776232849000
1776232851.503,51.503,0.49,56.5,0.48,105.5,0.5,8.04,0.53,10.0,0.5,18.04,0.46,10.0,0.51,50.5,0.52,105.5,0.01,0.01,2319.9891,1776232849000
1776232851.866,51.866,0.49,51.5,0.48,105.5,0.53,10.0,0.54,10.0,0.47,10.0,0.46,10.0,0.51,51.5,0.52,105.5,0.04,0.04,2320.026857,1776232850000
1776232852.149,52.149,0.52,49.33,0.51,21.0,0.53,15.0,0.54,25.5,0.47,10.0,0.46,10.0,0.51,51.5,0.52,105.5,0.01,0.04,2320.026857,1776232850000
1776232852.628,52.628,0.52,43.08,0.51,21.0,0.53,15.0,0.54,25.5,0.47,15.0,0.46,25.5,0.48,43.08,0.49,21.0,0.01,0.01,2319.989283,1776232851000
1776232853.271,53.271,0.52,56.99,0.51,21.0,0.53,10.0,0.54,25.5,0.47,15.0,0.46,25.5,0.48,43.08,0.49,21.0,0.01,0.01,2319.989283,1776232851000
1776232853.959,53.959,0.52,134.98,0.51,39.66,0.53,4.33,0.54,15.0,0.47,6.22,0.46,25.5,0.48,56.99,0.49,75.99,0.01,0.01,2320.127335,1776232852000
1776232854.673,54.673,0.52,132.81,0.51,39.66,0.53,4.33,0.54,25.5,0.47,4.33,0.46,25.5,0.48,132.81,0.49,39.66,0.01,0.01,2320.176841,1776232853000
1776232855.342,55.342,0.52,132.81,0.51,39.66,0.53,4.33,0.54,25.5,0.47,4.33,0.46,25.5,0.48,132.81,0.49,39.66,0.01,0.01,2320.176045,1776232854000
1776232856.612,56.612,0.52,132.81,0.51,39.66,0.53,4.33,0.54,25.5,0.47,4.33,0.46,25.5,0.48,132.81,0.49,39.66,0.01,0.01,2320.175284,1776232855000
1776232857.264,57.264,0.52,132.81,0.51,39.66,0.53,4.33,0.54,25.5,0.47,4.33,0.46,25.5,0.48,132.81,0.49,39.66,0.01,0.01,2320.181417,1776232856000
1776232858.595,58.595,0.52,132.81,0.51,39.66,0.53,4.33,0.54,25.5,0.47,4.33,0.46,25.5,0.48,132.81,0.49,39.66,0.01,0.01,2320.163237,1776232857000
1776232859.155,59.155,0.52,5.82,0.51,15.5,0.53,34.83,0.54,25.5,0.47,39.83,0.46,25.5,0.48,7.91,0.49,15.5,0.01,0.01,2320.163237,1776232857000
1776232859.394,59.394,0.51,10.18,0.5,134.83,0.53,14.33,0.54,25.5,0.47,34.83,0.46,25.5,0.48,5.82,0.49,15.5,0.02,0.01,2320.140801,1776232858000
1776232859.767,59.767,0.53,5.0,0.52,46.5,0.56,15.5,0.57,35.0,0.47,14.33,0.46,25.5,0.49,10.18,0.5,134.83,0.03,0.02,2320.140801,1776232858000
1776232860.117,60.117,0.57,51.0,0.56,40.5,0.59,15.5,0.6,28.0,0.42,14.07,0.4,20.0,0.45,113.85,0.46,100.5,0.02,0.03,2320.140801,1776232858000
1776232860.603,60.603,0.58,10.0,0.57,51.0,0.59,0.5,0.6,23.0,0.41,0.5,0.4,23.0,0.42,10.0,0.43,51.0,0.01,0.01,2320.140801,1776232859000
1776232861.122,61.122,0.58,10.0,0.57,51.0,0.59,0.5,0.6,23.0,0.41,0.5,0.4,23.0,0.42,10.0,0.43,51.0,0.01,0.01,2320.143955,1776232860000
1776232862.584,62.584,0.58,35.11,0.57,45.5,0.6,20.5,0.61,25.5,0.4,20.5,0.39,25.5,0.42,35.11,0.43,45.5,0.02,0.02,2320.36007,1776232861000
1776232862.821,62.821,0.57,5.0,0.56,15.0,0.58,84.39,0.59,70.5,0.4,20.5,0.39,25.5,0.42,35.11,0.43,45.5,0.01,0.02,2320.36007,1776232861000
1776232863.282,63.282,0.57,5.0,0.56,15.0,0.58,84.39,0.59,70.5,0.42,84.39,0.41,70.5,0.43,5.0,0.44,15.0,0.01,0.01,2320.3838,1776232862000
1776232863.505,63.505,0.56,2.72,0.55,97.85,0.57,84.46,0.58,63.39,0.43,86.5,0.42,68.39,0.44,12.72,0.45,97.85,0.01,0.01,2320.3838,1776232862000
1776232864.195,64.195,0.56,2.72,0.55,97.85,0.57,82.38,0.58,63.39,0.43,82.38,0.42,63.39,0.44,2.72,0.45,97.85,0.01,0.01,2320.34865,1776232863000
1776232864.902,64.902,0.55,89.39,0.54,105.5,0.57,77.38,0.58,68.39,0.43,82.38,0.42,63.39,0.44,2.72,0.45,97.85,0.02,0.01,2320.34865,1776232863000
1776232865.344,65.344,0.55,89.39,0.54,105.5,0.57,77.38,0.58,68.39,0.43,77.38,0.42,68.39,0.45,89.39,0.46,105.5,0.02,0.02,2320.382743,1776232864000
1776232866.055,66.055,0.57,70.5,0.56,86.5,0.58,10.0,0.59,20.0,0.43,40.91,0.42,38.39,0.45,129.39,0.46,157.49,0.01,0.02,2320.382743,1776232864000
1776232866.326,66.326,0.57,70.5,0.56,70.5,0.58,5.0,0.59,20.0,0.42,5.0,0.41,20.0,0.43,70.5,0.44,70.5,0.01,0.01,2320.342977,1776232865000
1776232866.897,66.897,0.57,70.5,0.56,70.5,0.58,5.0,0.59,20.0,0.42,5.0,0.41,20.0,0.43,70.5,0.44,70.5,0.01,0.01,2320.345649,1776232866000
1776232868.057,68.057,0.57,70.5,0.56,70.5,0.58,5.0,0.59,20.0,0.42,5.0,0.41,20.0,0.43,70.5,0.44,70.5,0.01,0.01,2320.40405,1776232867000
1776232868.616,68.616,0.61,95.1,0.6,35.0,0.62,29.0,0.63,10.0,0.38,8.5,0.37,10.0,0.4,90.0,0.41,70.5,0.01,0.02,2320.40405,1776232867000
1776232869.138,69.138,0.61,95.1,0.6,35.0,0.62,29.0,0.63,10.0,0.38,29.0,0.37,10.0,0.39,95.1,0.4,35.0,0.01,0.01,2320.404,1776232868000
1776232869.536,69.536,0.61,76.0,0.6,50.5,0.62,17.12,0.63,15.5,0.38,29.0,0.37,10.0,0.39,95.1,0.4,35.0,0.01,0.01,2320.404,1776232868000
1776232870.173,70.173,0.61,76.0,0.6,50.5,0.62,17.12,0.63,15.5,0.38,17.12,0.37,15.5,0.39,76.0,0.4,50.5,0.01,0.01,2320.469991,1776232869000
1776232871.187,71.187,0.61,76.0,0.6,50.5,0.62,17.12,0.63,15.5,0.38,17.12,0.37,15.5,0.39,76.0,0.4,50.5,0.01,0.01,2320.52646,1776232870000
1776232872.217,72.217,0.61,76.0,0.6,50.5,0.62,17.12,0.63,15.5,0.38,17.12,0.37,15.5,0.39,76.0,0.4,50.5,0.01,0.01,2320.552415,1776232871000
1776232872.531,72.531,0.61,105.34,0.6,45.0,0.62,1.62,0.63,15.5,0.38,17.12,0.37,15.5,0.39,76.0,0.4,50.5,0.01,0.01,2320.552415,1776232871000
1776232873.203,73.203,0.62,106.0,0.61,70.5,0.63,13.37,0.64,80.0,0.37,15.5,0.36,80.0,0.39,105.34,0.4,45.0,0.01,0.02,2320.552415,1776232871000
1776232873.993,73.993,0.62,81.0,0.61,40.5,0.63,25.06,0.64,80.0,0.37,11.24,0.36,80.0,0.38,106.0,0.39,70.5,0.01,0.01,2320.56831,1776232872000
1776232874.355,74.355,0.62,81.0,0.61,40.5,0.63,25.06,0.64,80.0,0.37,25.06,0.36,80.0,0.38,81.0,0.39,40.5,0.01,0.01,2320.57825,1776232873000
1776232874.713,74.713,0.62,63.0,0.61,45.5,0.63,9.24,0.64,80.0,0.37,25.06,0.36,80.0,0.38,81.0,0.39,40.5,0.01,0.01,2320.57825,1776232873000
1776232875.455,75.455,0.62,63.0,0.61,45.5,0.63,9.24,0.64,80.0,0.37,9.24,0.36,80.0,0.38,63.0,0.39,45.5,0.01,0.01,2320.578485,1776232874000
1776232876.169,76.169,0.62,63.0,0.61,45.5,0.63,9.24,0.64,80.0,0.37,9.24,0.36,80.0,0.38,63.0,0.39,45.5,0.01,0.01,2320.5941,1776232875000
1776232877.451,77.451,0.62,63.0,0.61,45.5,0.63,9.24,0.64,80.0,0.37,9.24,0.36,80.0,0.38,63.0,0.39,45.5,0.01,0.01,2320.61082,1776232876000
1776232877.812,77.812,0.62,24.0,0.61,5.0,0.63,59.24,0.64,160.0,0.37,9.24,0.36,80.0,0.38,63.0,0.39,45.5,0.01,0.01,2320.61082,1776232876000
1776232878.134,78.134,0.62,8.0,0.61,5.0,0.63,59.24,0.64,181.31,0.37,59.24,0.36,181.31,0.38,8.0,0.39,5.0,0.01,0.01,2320.595405,1776232877000
1776232878.49,78.49,0.61,2.78,0.6,10.0,0.63,59.24,0.64,181.31,0.37,59.24,0.36,181.31,0.38,2.86,0.39,5.0,0.02,0.01,2320.595405,1776232877000
1776232879.211,79.211,0.61,2.78,0.6,10.0,0.63,59.24,0.64,181.31,0.37,59.24,0.36,181.31,0.39,2.78,0.4,10.0,0.02,0.02,2320.53895,1776232878000
1776232880.176,80.176,0.61,2.78,0.6,10.0,0.63,59.24,0.64,181.31,0.37,59.24,0.36,181.31,0.39,2.78,0.4,10.0,0.02,0.02,2320.514269,1776232879000
1776232881.468,81.468,0.61,2.78,0.6,10.0,0.63,59.24,0.64,181.31,0.37,59.24,0.36,181.31,0.39,2.78,0.4,10.0,0.02,0.02,2320.435522,1776232880000
1776232881.744,81.744,0.63,66.0,0.62,35.5,0.64,168.82,0.65,90.0,0.37,59.24,0.36,181.31,0.39,2.78,0.4,10.0,0.01,0.02,2320.435522,1776232880000
1776232882.459,82.459,0.63,51.0,0.62,20.0,0.64,173.67,0.65,100.0,0.36,168.82,0.35,90.0,0.37,66.0,0.38,35.5,0.01,0.01,2320.435522,1776232880000
1776232882.95,82.95,0.63,51.0,0.62,20.0,0.64,173.67,0.65,100.0,0.36,173.67,0.35,100.0,0.37,51.0,0.38,20.0,0.01,0.01,2320.511305,1776232881000
1776232883.223,83.223,0.63,53.1,0.62,20.0,0.64,173.67,0.65,129.62,0.36,173.67,0.35,100.0,0.37,51.0,0.38,20.0,0.01,0.01,2320.511305,1776232881000
1776232883.702,83.702,0.63,50.2,0.62,20.0,0.64,168.67,0.65,129.62,0.36,168.67,0.35,129.62,0.37,50.2,0.38,20.0,0.01,0.01,2320.5943,1776232882000
1776232884.417,84.417,0.63,50.2,0.62,20.0,0.64,168.67,0.65,129.62,0.36,168.67,0.35,129.62,0.37,50.2,0.38,20.0,0.01,0.01,2320.607105,1776232883000
1776232885.221,85.221,0.63,26.0,0.62,25.5,0.64,176.99,0.65,95.0,0.36,168.67,0.35,129.62,0.37,50.2,0.38,20.0,0.01,0.01,2320.607105,1776232883000
1776232886.223,86.223,0.63,26.0,0.62,25.5,0.64,176.99,0.65,95.0,0.36,176.99,0.35,95.0,0.37,26.0,0.38,25.5,0.01,0.01,2320.5991,1776232885000
1776232887.856,87.856,0.63,26.0,0.62,25.5,0.64,176.99,0.65,95.0,0.36,176.99,0.35,95.0,0.37,26.0,0.38,25.5,0.01,0.01,2320.594,1776232886000
1776232888.522,88.522,0.63,26.0,0.62,5.0,0.64,180.31,0.65,95.0,0.36,176.99,0.35,95.0,0.37,26.0,0.38,25.5,0.01,0.01,2320.594,1776232886000
1776232889.453,89.453,0.63,26.0,0.62,5.0,0.64,180.31,0.65,95.0,0.36,180.31,0.35,95.0,0.37,26.0,0.38,5.0,0.01,0.01,2320.55416,1776232888000
1776232889.69,89.69,0.58,10.5,0.57,25.5,0.6,20.0,0.61,80.0,0.37,6.0,0.36,195.31,0.41,5.0,0.42,15.5,0.02,0.04,2320.55416,1776232888000
1776232890.277,90.277,0.58,13.11,0.57,25.5,0.59,20.0,0.6,30.0,0.4,20.0,0.39,80.0,0.42,10.5,0.43,25.5,0.01,0.02,2320.55416,1776232888000
1776232890.716,90.716,0.58,13.11,0.57,25.5,0.59,20.0,0.6,30.0,0.41,20.0,0.4,30.0,0.42,13.11,0.43,25.5,0.01,0.01,2320.510974,1776232889000
1776232891.332,91.332,0.58,13.11,0.57,25.5,0.59,20.0,0.6,30.0,0.41,20.0,0.4,30.0,0.42,13.11,0.43,25.5,0.01,0.01,2320.512103,1776232890000
1776232891.794,91.794,0.57,10.5,0.56,5.0,0.58,44.15,0.59,56.5,0.41,20.0,0.4,30.0,0.42,13.11,0.43,25.5,0.01,0.01,2320.512103,1776232890000
1776232892.143,92.143,0.57,10.5,0.56,5.0,0.58,44.15,0.59,56.5,0.42,44.15,0.41,56.5,0.43,10.5,0.44,5.0,0.01,0.01,2320.506456,1776232891000
1776232892.545,92.545,0.55,5.0,0.54,10.5,0.58,81.65,0.59,133.5,0.42,44.15,0.41,56.5,0.43,10.5,0.44,5.0,0.03,0.01,2320.506456,1776232891000
1776232893.209,93.209,0.54,4.89,0.51,10.5,0.55,76.5,0.56,105.5,0.42,81.65,0.41,133.5,0.46,7.19,0.49,80.0,0.01,0.04,2320.506456,1776232891000
1776232893.516,93.516,0.54,4.89,0.51,10.5,0.55,76.5,0.56,105.5,0.45,76.5,0.44,105.5,0.46,4.89,0.49,10.5,0.01,0.01,2320.36377,1776232892000
1776232894.27,94.27,0.52,35.5,0.51,15.5,0.53,1.0,0.54,20.0,0.45,76.5,0.44,105.5,0.46,4.89,0.49,10.5,0.01,0.01,2320.36377,1776232892000
1776232895.265,95.265,0.52,28.27,0.51,15.5,0.53,1.0,0.54,15.0,0.47,1.0,0.46,20.0,0.48,35.5,0.49,15.5,0.01,0.01,2320.33935,1776232893000
1776232895.826,95.826,0.52,26.04,0.51,15.5,0.53,1.0,0.54,15.0,0.47,1.0,0.46,15.0,0.48,26.04,0.49,15.5,0.01,0.01,2320.16547,1776232894000
1776232896.452,96.452,0.52,26.04,0.51,15.5,0.53,1.0,0.54,15.0,0.47,1.0,0.46,15.0,0.48,26.04,0.49,15.5,0.01,0.01,2320.253,1776232895000
1776232897.189,97.189,0.52,26.04,0.51,15.5,0.53,1.0,0.54,15.0,0.47,1.0,0.46,15.0,0.48,26.04,0.49,15.5,0.01,0.01,2320.198456,1776232896000
1776232898.683,98.683,0.52,26.04,0.51,15.5,0.53,1.0,0.54,15.0,0.47,1.0,0.46,15.0,0.48,26.04,0.49,15.5,0.01,0.01,2320.253615,1776232897000
1776232899.413,99.413,0.52,26.04,0.51,15.5,0.53,1.0,0.54,15.0,0.47,1.0,0.46,15.0,0.48,26.04,0.49,15.5,0.01,0.01,2320.276675,1776232898000
1776232900.164,100.164,0.52,26.04,0.51,15.5,0.53,1.0,0.54,15.0,0.47,1.0,0.46,15.0,0.48,26.04,0.49,15.5,0.01,0.01,2320.241995,1776232899000
1776232901.118,101.118,0.54,40.5,0.53,101.49,0.56,35.8,0.57,85.5,0.44,35.8,0.43,85.5,0.46,40.5,0.47,101.49,0.02,0.02,2320.31266,1776232900000
1776232902.35,102.35,0.54,62.5,0.53,96.49,0.55,8.14,0.56,55.8,0.44,35.8,0.43,85.5,0.46,40.5,0.47,101.49,0.01,0.02,2320.31266,1776232900000
1776232902.644,102.644,0.54,62.5,0.53,96.49,0.55,8.14,0.56,55.8,0.45,8.14,0.44,55.8,0.46,62.5,0.47,96.49,0.01,0.01,2320.272309,1776232901000
1776232903.292,103.292,0.54,62.5,0.53,96.49,0.55,8.14,0.56,55.8,0.45,8.14,0.44,55.8,0.46,62.5,0.47,96.49,0.01,0.01,2320.27504,1776232902000
1776232903.571,103.571,0.56,34.5,0.55,35.5,0.57,25.0,0.58,30.5,0.45,8.14,0.44,55.8,0.46,62.5,0.47,96.49,0.01,0.01,2320.27504,1776232902000
1776232904.212,104.212,0.57,66.5,0.56,80.33,0.6,30.5,0.61,30.6,0.43,25.0,0.42,30.5,0.44,34.5,0.45,35.5,0.03,0.01,2320.27504,1776232902000
1776232904.867,104.867,0.59,31.0,0.58,20.5,0.6,23.83,0.61,30.5,0.4,30.5,0.39,30.6,0.43,66.5,0.44,80.33,0.01,0.03,2320.27475,1776232903000
1776232905.37,105.37,0.59,28.0,0.58,20.5,0.6,38.83,0.61,30.5,0.4,23.83,0.39,30.5,0.41,31.0,0.42,20.5,0.01,0.01,2320.323625,1776232904000
1776232906.065,106.065,0.59,28.0,0.58,20.5,0.6,38.83,0.61,30.5,0.4,38.83,0.39,30.5,0.41,28.0,0.42,20.5,0.01,0.01,2320.35106,1776232905000
1776232907.241,107.241,0.64,46.0,0.63,30.5,0.65,8.17,0.66,10.0,0.4,38.83,0.39,30.5,0.41,28.0,0.42,20.5,0.01,0.01,2320.35106,1776232905000
1776232907.547,107.547,0.64,61.5,0.63,30.5,0.65,7.67,0.66,20.5,0.35,7.67,0.34,20.5,0.36,61.5,0.37,30.5,0.01,0.01,2320.38465,1776232906000
1776232907.985,107.985,0.64,61.5,0.63,30.5,0.65,7.67,0.66,20.5,0.35,7.67,0.34,20.5,0.36,61.5,0.37,30.5,0.01,0.01,2320.41523,1776232907000
1776232908.48,108.48,0.65,97.5,0.64,30.0,0.66,5.0,0.67,70.0,0.34,12.72,0.33,80.5,0.35,97.5,0.36,30.0,0.01,0.01,2320.41523,1776232907000
1776232909.231,109.231,0.65,8.21,0.64,35.0,0.66,5.0,0.67,70.0,0.34,5.0,0.33,70.0,0.35,8.21,0.36,35.0,0.01,0.01,2320.51425,1776232908000
1776232910.467,110.467,0.66,46.0,0.65,10.0,0.67,95.42,0.68,113.02,0.33,100.5,0.32,25.5,0.34,56.0,0.35,15.0,0.01,0.01,2320.51425,1776232908000
1776232910.89,110.89,0.66,23.93,0.65,10.0,0.67,100.42,0.68,113.02,0.33,100.42,0.32,113.02,0.34,31.29,0.35,10.0,0.01,0.01,2320.66,1776232909000
1776232912.199,112.199,0.66,23.93,0.65,10.0,0.67,100.42,0.68,113.02,0.33,100.42,0.32,113.02,0.34,23.93,0.35,10.0,0.01,0.01,2320.72045,1776232911000
1776232913.308,113.308,0.66,23.93,0.65,15.0,0.67,111.42,0.68,30.5,0.33,100.42,0.32,113.02,0.34,23.93,0.35,10.0,0.01,0.01,2320.72045,1776232911000
1776232913.655,113.655,0.66,20.98,0.65,15.0,0.67,111.42,0.68,30.5,0.33,111.42,0.32,30.5,0.34,23.93,0.35,15.0,0.01,0.01,2320.695308,1776232912000
1776232913.92,113.92,0.66,20.98,0.65,15.0,0.67,111.42,0.68,30.5,0.33,111.42,0.32,30.5,0.34,20.98,0.35,15.0,0.01,0.01,2320.686134,1776232913000
1776232914.58,114.58,0.66,20.98,0.65,15.0,0.67,104.42,0.68,30.5,0.33,111.42,0.32,30.5,0.34,20.98,0.35,15.0,0.01,0.01,2320.686134,1776232913000
1776232914.914,114.914,0.66,23.03,0.65,15.0,0.67,65.42,0.68,30.5,0.33,74.42,0.32,30.5,0.34,18.03,0.35,15.0,0.01,0.01,2320.686134,1776232913000
1776232915.14,115.14,0.66,23.03,0.65,15.0,0.67,65.42,0.68,30.5,0.33,65.42,0.32,30.5,0.34,23.03,0.35,15.0,0.01,0.01,2320.69692,1776232914000
1776232915.45,115.45,0.66,39.53,0.65,25.5,0.67,39.92,0.68,20.5,0.33,65.42,0.32,30.5,0.34,23.03,0.35,15.0,0.01,0.01,2320.69692,1776232914000
1776232916.551,116.551,0.66,39.53,0.65,25.5,0.67,39.92,0.68,20.5,0.33,39.92,0.32,20.5,0.34,39.53,0.35,25.5,0.01,0.01,2320.697105,1776232915000
1776232917.172,117.172,0.66,18.56,0.65,30.5,0.67,29.92,0.68,20.5,0.33,29.92,0.32,20.5,0.34,18.56,0.35,30.5,0.01,0.01,2320.693032,1776232916000
1776232918.17,118.17,0.66,18.56,0.65,30.5,0.67,29.92,0.68,20.5,0.33,29.92,0.32,20.5,0.34,18.56,0.35,30.5,0.01,0.01,2320.6986,1776232917000
1776232919.265,119.265,0.66,18.56,0.65,30.5,0.67,29.92,0.68,20.5,0.33,29.92,0.32,20.5,0.34,18.56,0.35,30.5,0.01,0.01,2320.74424,1776232918000
1776232920.082,120.082,0.66,87.06,0.65,30.5,0.68,10.0,0.69,102.3,0.33,29.92,0.32,20.5,0.34,18.56,0.35,30.5,0.02,0.01,2320.74424,1776232918000
1776232920.289,120.289,0.66,87.06,0.65,30.5,0.69,85.5,0.7,108.76,0.31,85.5,0.3,108.76,0.34,87.06,0.35,30.5,0.03,0.03,2320.73939,1776232919000
1776232920.693,120.693,0.68,25.0,0.67,5.0,0.69,152.9,0.7,107.1,0.31,156.9,0.3,107.1,0.32,25.0,0.33,5.0,0.01,0.01,2320.73939,1776232919000
1776232921.369,121.369,0.67,5.0,0.65,15.0,0.68,32.54,0.69,137.9,0.32,32.54,0.31,137.9,0.33,5.0,0.35,15.0,0.01,0.01,2320.739625,1776232920000
1776232922.331,122.331,0.67,5.0,0.65,15.0,0.68,32.54,0.69,137.9,0.32,32.54,0.31,137.9,0.33,5.0,0.35,15.0,0.01,0.01,2320.725439,1776232921000
1776232922.792,122.792,0.67,5.0,0.65,15.0,0.68,32.54,0.69,137.9,0.32,32.54,0.31,137.9,0.33,5.0,0.35,15.0,0.01,0.01,2320.720945,1776232922000
1776232923.101,123.101,0.67,19.0,0.65,10.0,0.68,69.04,0.69,180.69,0.32,32.54,0.31,137.9,0.33,5.0,0.35,15.0,0.01,0.01,2320.720945,1776232922000
1776232923.664,123.664,0.67,15.96,0.65,10.0,0.68,99.42,0.69,121.7,0.32,99.42,0.31,121.7,0.33,19.0,0.35,10.0,0.01,0.01,2320.720945,1776232922000
1776232924.335,124.335,0.67,15.96,0.65,10.0,0.68,99.42,0.69,121.7,0.32,99.42,0.31,121.7,0.33,15.96,0.35,10.0,0.01,0.01,2320.686906,1776232923000
1776232925.006,125.006,0.67,20.96,0.66,15.0,0.68,77.42,0.69,131.7,0.32,99.42,0.31,121.7,0.33,15.96,0.35,10.0,0.01,0.01,2320.686906,1776232923000
1776232925.257,125.257,0.67,20.96,0.66,15.0,0.68,77.42,0.69,131.7,0.32,77.42,0.31,131.7,0.33,20.96,0.34,15.0,0.01,0.01,2320.667662,1776232924000
1776232926.351,126.351,0.67,20.96,0.66,15.0,0.68,77.42,0.69,131.7,0.32,77.42,0.31,131.7,0.33,20.96,0.34,15.0,0.01,0.01,2320.680539,1776232925000
1776232926.867,126.867,0.67,20.96,0.66,15.0,0.68,77.42,0.69,131.7,0.32,77.42,0.31,131.7,0.33,20.96,0.34,15.0,0.01,0.01,2320.655769,1776232926000
1776232927.861,127.861,0.67,56.46,0.66,80.5,0.68,14.5,0.69,101.7,0.32,77.42,0.31,131.7,0.33,20.96,0.34,15.0,0.01,0.01,2320.655769,1776232926000
1776232928.427,128.427,0.67,50.18,0.66,80.5,0.68,27.5,0.69,101.7,0.32,2.5,0.31,101.7,0.33,83.52,0.34,80.5,0.01,0.01,2320.711001,1776232927000
1776232928.769,128.769,0.67,73.78,0.66,80.5,0.68,24.54,0.69,101.7,0.32,24.54,0.31,101.7,0.33,50.18,0.34,80.5,0.01,0.01,2320.711001,1776232927000
1776232929.605,129.605,0.67,68.78,0.66,80.5,0.68,32.14,0.69,101.7,0.32,24.54,0.31,101.7,0.33,73.78,0.34,80.5,0.01,0.01,2320.665303,1776232928000
1776232930.054,130.054,0.67,89.78,0.66,80.5,0.68,24.74,0.69,74.4,0.32,29.74,0.31,101.7,0.33,73.78,0.34,80.5,0.01,0.01,2320.665303,1776232928000
1776232930.31,130.31,0.67,89.78,0.66,80.5,0.68,24.74,0.69,74.4,0.32,24.74,0.31,74.4,0.33,89.78,0.34,80.5,0.01,0.01,2320.7888,1776232929000
1776232930.864,130.864,0.67,125.78,0.66,142.49,0.68,4.0,0.72,10.0,0.32,24.74,0.31,74.4,0.33,89.78,0.34,80.5,0.01,0.01,2320.7888,1776232929000
1776232931.434,131.434,0.73,51.0,0.72,41.5,0.74,29.14,0.75,20.0,0.26,5.0,0.25,15.0,0.33,130.78,0.34,142.49,0.01,0.07,2320.7889,1776232930000
1776232931.883,131.883,0.73,51.0,0.72,41.5,0.74,29.14,0.75,20.0,0.26,29.14,0.25,20.0,0.27,51.0,0.28,41.5,0.01,0.01,2320.7938,1776232931000
1776232932.523,132.523,0.74,31.5,0.73,36.5,0.75,9.6,0.76,90.5,0.26,29.14,0.25,20.0,0.27,51.0,0.28,41.5,0.01,0.01,2320.7938,1776232931000
1776232932.85,132.85,0.74,86.5,0.73,41.5,0.76,72.44,0.77,90.5,0.25,0.02,0.24,80.5,0.26,51.5,0.27,41.5,0.02,0.01,2320.7938,1776232931000
1776232933.905,133.905,0.74,86.5,0.73,41.5,0.76,72.44,0.77,90.5,0.24,72.44,0.23,90.5,0.26,86.5,0.27,41.5,0.02,0.02,2320.942655,1776232933000
1776232934.336,134.336,0.75,25.92,0.74,20.0,0.76,107.44,0.77,90.5,0.24,72.44,0.23,90.5,0.26,86.5,0.27,41.5,0.01,0.02,2320.942655,1776232933000
1776232934.951,134.951,0.75,25.92,0.74,20.0,0.76,107.44,0.77,90.5,0.24,107.44,0.23,90.5,0.25,25.92,0.26,20.0,0.01,0.01,2320.984955,1776232934000
1776232935.465,135.465,0.75,47.92,0.74,20.0,0.76,99.56,0.77,90.5,0.24,107.44,0.23,90.5,0.25,25.92,0.26,20.0,0.01,0.01,2320.984955,1776232934000
1776232936.014,136.014,0.75,47.92,0.74,20.0,0.76,99.56,0.77,90.5,0.24,99.56,0.23,90.5,0.25,47.92,0.26,20.0,0.01,0.01,2321.001295,1776232935000
1776232936.527,136.527,0.75,10.47,0.74,30.5,0.76,114.56,0.77,90.5,0.24,99.56,0.23,90.5,0.25,47.92,0.26,20.0,0.01,0.01,2321.001295,1776232935000
1776232937.045,137.045,0.75,6.47,0.74,30.5,0.76,114.56,0.77,90.5,0.24,114.56,0.23,90.5,0.25,6.47,0.26,30.5,0.01,0.01,2321.01144,1776232936000
1776232937.432,137.432,0.75,36.5,0.74,30.5,0.76,64.23,0.77,136.15,0.24,114.56,0.23,90.5,0.25,6.47,0.26,30.5,0.01,0.01,2321.01144,1776232936000
1776232938.034,138.034,0.75,31.0,0.74,30.5,0.76,50.23,0.77,141.15,0.24,50.23,0.23,141.15,0.25,31.0,0.26,30.5,0.01,0.01,2321.024295,1776232937000
1776232938.247,138.247,0.75,47.5,0.74,25.5,0.76,48.91,0.77,125.65,0.24,48.91,0.23,136.15,0.25,46.5,0.26,25.5,0.01,0.01,2321.024295,1776232937000
1776232939.013,139.013,0.75,47.5,0.74,25.5,0.76,48.91,0.77,125.65,0.24,48.91,0.23,125.65,0.25,47.5,0.26,25.5,0.01,0.01,2321.030125,1776232938000
1776232939.279,139.279,0.76,172.5,0.75,62.5,0.77,0.28,0.78,5.0,0.24,48.91,0.23,125.65,0.25,47.5,0.26,25.5,0.01,0.01,2321.030125,1776232938000
1776232940.005,140.005,0.78,144.0,0.77,55.22,0.79,20.43,0.8,63.0,0.21,21.7,0.2,68.0,0.23,13.72,0.24,172.5,0.01,0.02,2321.030125,1776232938000
1776232940.932,140.932,0.78,144.0,0.77,55.22,0.79,20.43,0.8,63.0,0.21,20.43,0.2,63.0,0.22,144.0,0.23,55.22,0.01,0.01,2321.054423,1776232940000
1776232941.224,141.224,0.79,5.0,0.78,124.5,0.8,42.5,0.81,23.4,0.21,20.43,0.2,63.0,0.22,144.0,0.23,55.22,0.01,0.01,2321.054423,1776232940000
1776232941.583,141.583,0.79,109.5,0.78,56.5,0.8,4.33,0.81,23.4,0.2,10.33,0.19,23.4,0.21,104.5,0.22,56.5,0.01,0.01,2321.054423,1776232940000
1776232941.808,141.808,0.79,149.5,0.78,56.5,0.8,3.08,0.81,23.4,0.2,4.33,0.19,23.4,0.21,109.5,0.22,56.5,0.01,0.01,2321.054423,1776232940000
1776232942.261,142.261,0.81,131.5,0.8,20.5,0.82,0.24,0.83,6.01,0.2,3.08,0.19,23.4,0.21,149.5,0.22,56.5,0.01,0.01,2321.176466,1776232941000
1776232942.524,142.524,0.84,108.75,0.83,43.5,0.85,11.64,0.86,29.9,0.15,7.11,0.14,29.9,0.16,16.25,0.17,15.0,0.01,0.01,2321.176466,1776232941000
1776232942.875,142.875,0.84,128.75,0.83,43.5,0.85,5.64,0.86,29.9,0.15,11.64,0.14,29.9,0.16,108.75,0.17,43.5,0.01,0.01,2321.176466,1776232941000
1776232943.168,143.168,0.84,25.5,0.83,43.5,0.85,17.67,0.86,29.9,0.15,5.64,0.14,29.9,0.16,28.01,0.17,43.5,0.01,0.01,2321.297745,1776232942000
1776232943.929,143.929,0.78,15.0,0.77,15.0,0.79,50.0,0.8,61.5,0.15,17.67,0.14,29.9,0.16,12.5,0.17,43.5,0.01,0.01,2321.297745,1776232942000
1776232944.682,144.682,0.76,4.83,0.7,5.0,0.77,133.5,0.78,52.5,0.21,123.5,0.2,84.5,0.22,9.73,0.23,15.0,0.01,0.01,2321.442285,1776232943000
1776232944.896,144.896,0.7,4.9,0.66,5.0,0.71,128.5,0.72,150.0,0.23,143.5,0.22,52.5,0.3,5.0,0.34,5.0,0.01,0.07,2321.442285,1776232943000
1776232945.838,145.838,0.7,4.9,0.66,5.0,0.71,218.64,0.72,156.0,0.29,128.5,0.28,150.0,0.3,4.9,0.34,5.0,0.01,0.01,2321.679245,1776232944000
1776232946.162,146.162,0.63,30.5,0.62,25.5,0.64,12.65,0.65,6.61,0.35,1.61,0.34,10.0,0.36,10.5,0.37,11.37,0.01,0.01,2321.260145,1776232945000
1776232946.394,146.394,0.63,33.85,0.62,30.5,0.64,2.54,0.65,11.61,0.36,2.54,0.35,6.61,0.37,15.5,0.38,30.5,0.01,0.01,2321.260145,1776232945000
1776232946.937,146.937,0.63,28.85,0.62,30.5,0.64,18.43,0.65,16.61,0.35,11.61,0.34,25.5,0.37,28.85,0.38,30.5,0.01,0.02,2321.260145,1776232945000
1776232947.282,147.282,0.63,33.85,0.62,30.5,0.66,73.39,0.67,100.5,0.36,14.12,0.35,16.61,0.37,28.85,0.38,30.5,0.03,0.01,2320.85116,1776232946000
1776232947.683,147.683,0.63,24.6,0.62,30.5,0.64,5.0,0.65,25.5,0.36,14.04,0.35,25.5,0.37,25.91,0.38,30.5,0.01,0.01,2320.85116,1776232946000
1776232948.01,148.01,0.63,24.6,0.62,30.5,0.64,5.0,0.65,25.5,0.36,5.0,0.35,25.5,0.37,24.6,0.38,30.5,0.01,0.01,2320.764096,1776232947000
1776232949.068,149.068,0.63,24.6,0.62,30.5,0.64,5.0,0.65,25.5,0.36,5.0,0.35,25.5,0.37,24.6,0.38,30.5,0.01,0.01,2320.667637,1776232948000
1776232949.325,149.325,0.63,5.0,0.58,18.16,0.64,75.5,0.65,35.5,0.36,5.0,0.35,25.5,0.37,24.6,0.38,30.5,0.01,0.01,2320.667637,1776232948000
1776232949.581,149.581,0.55,0.4,0.54,54.99,0.56,15.0,0.57,10.0,0.42,69.86,0.41,30.5,0.45,10.4,0.46,54.99,0.01,0.03,2320.667637,1776232948000
1776232950.009,150.009,0.54,50.39,0.53,83.0,0.56,15.0,0.57,10.0,0.44,15.0,0.43,10.0,0.46,50.39,0.47,83.0,0.02,0.02,2320.752865,1776232949000
1776232950.367,150.367,0.5,5.0,0.49,23.0,0.55,45.5,0.56,108.5,0.44,15.0,0.43,10.0,0.46,50.39,0.47,83.0,0.05,0.02,2320.752865,1776232949000
1776232951.037,151.037,0.5,1.34,0.49,23.0,0.55,58.5,0.56,108.5,0.45,58.5,0.44,108.5,0.5,1.34,0.51,23.0,0.05,0.05,2320.58766,1776232950000
1776232951.698,151.698,0.49,40.5,0.48,88.0,0.5,42.5,0.51,25.0,0.45,58.5,0.44,108.5,0.5,1.34,0.51,23.0,0.01,0.05,2320.58766,1776232950000
1776232952.083,152.083,0.49,40.5,0.48,88.0,0.5,42.5,0.51,25.0,0.5,42.5,0.49,25.0,0.51,40.5,0.52,88.0,0.01,0.01,2320.322388,1776232951000
1776232952.323,152.323,0.49,52.4,0.48,88.0,0.5,42.5,0.51,25.0,0.5,42.5,0.49,25.0,0.51,40.5,0.52,88.0,0.01,0.01,2320.322388,1776232951000
1776232952.67,152.67,0.49,62.4,0.48,88.0,0.5,41.1,0.51,25.0,0.5,37.1,0.49,25.0,0.51,52.4,0.52,88.0,0.01,0.01,2320.322388,1776232951000
1776232953.079,153.079,0.49,62.4,0.48,88.0,0.5,36.92,0.51,20.0,0.5,41.1,0.49,25.0,0.51,62.4,0.52,88.0,0.01,0.01,2320.322388,1776232951000
1776232954.042,154.042,0.49,62.4,0.48,88.0,0.5,25.68,0.51,25.0,0.5,25.68,0.49,25.0,0.51,62.4,0.52,88.0,0.01,0.01,2320.082186,1776232953000
1776232954.326,154.326,0.49,23.73,0.48,88.0,0.5,20.38,0.51,40.5,0.5,20.38,0.49,40.5,0.51,33.16,0.52,88.0,0.01,0.01,2320.082186,1776232953000
1776232955.021,155.021,0.49,7.58,0.48,93.0,0.5,30.38,0.51,40.5,0.5,30.38,0.49,40.5,0.51,7.58,0.52,93.0,0.01,0.01,2320.082136,1776232954000
1776232955.298,155.298,0.49,2.47,0.47,5.0,0.5,35.88,0.51,30.5,0.5,30.38,0.49,40.5,0.51,7.58,0.52,93.0,0.01,0.01,2320.082136,1776232954000
1776232955.8,155.8,0.42,80.0,0.41,144.0,0.43,11.58,0.44,15.0,0.52,25.0,0.51,20.0,0.58,75.0,0.59,55.0,0.01,0.06,2320.082136,1776232954000
1776232956.204,156.204,0.42,80.0,0.41,144.0,0.43,11.58,0.44,15.0,0.57,11.58,0.56,15.0,0.58,80.0,0.59,144.0,0.01,0.01,2320.141539,1776232955000
1776232956.62,156.62,0.42,106.66,0.41,229.5,0.43,1.34,0.44,20.0,0.57,11.34,0.56,20.0,0.58,96.66,0.59,159.5,0.01,0.01,2320.141539,1776232955000
1776232957.474,157.474,0.42,111.66,0.41,229.5,0.43,6.22,0.44,20.0,0.57,6.22,0.56,20.0,0.58,111.66,0.59,229.5,0.01,0.01,2320.004328,1776232956000
1776232957.78,157.78,0.42,72.07,0.41,145.0,0.43,26.72,0.44,30.0,0.57,6.22,0.56,20.0,0.58,111.66,0.59,229.5,0.01,0.01,2320.004328,1776232956000
1776232958.018,158.018,0.42,25.07,0.41,145.0,0.43,36.72,0.44,40.0,0.57,26.72,0.56,30.0,0.58,72.07,0.59,145.0,0.01,0.01,2320.004328,1776232956000
1776232958.684,158.684,0.38,14.27,0.37,19.0,0.41,40.5,0.42,48.67,0.57,50.41,0.56,40.0,0.58,5.24,0.59,145.0,0.03,0.01,2319.925333,1776232957000
1776232959.477,159.477,0.38,3.38,0.37,19.0,0.39,30.0,0.4,40.5,0.61,15.0,0.6,20.0,0.62,18.35,0.63,19.0,0.01,0.01,2319.925333,1776232957000
1776232959.711,159.711,0.37,24.0,0.36,65.5,0.39,25.0,0.4,35.5,0.61,30.0,0.6,40.5,0.62,3.19,0.63,24.0,0.02,0.01,2319.925333,1776232957000
1776232960.373,160.373,0.37,24.0,0.36,65.5,0.39,25.0,0.4,35.5,0.61,25.0,0.6,35.5,0.63,24.0,0.64,65.5,0.02,0.02,2319.825764,1776232959000
1776232960.965,160.965,0.37,101.99,0.36,79.5,0.38,6.66,0.39,25.0,0.62,6.66,0.61,25.0,0.63,101.99,0.64,79.5,0.01,0.01,2319.735258,1776232960000
1776232961.26,161.26,0.37,96.99,0.36,69.0,0.38,11.1,0.39,35.5,0.62,6.66,0.61,25.0,0.63,101.99,0.64,79.5,0.01,0.01,2319.735258,1776232960000
1776232961.558,161.558,0.31,97.13,0.3,5.0,0.32,20.5,0.33,10.0,0.62,46.1,0.61,40.5,0.63,4.3,0.69,55.0,0.01,0.01,2319.735258,1776232960000
1776232962.281,162.281,0.31,80.58,0.3,10.0,0.32,20.5,0.33,15.0,0.68,20.5,0.67,15.0,0.69,80.58,0.7,10.0,0.01,0.01,2319.756195,1776232961000
1776232963.095,163.095,0.26,50.0,0.23,5.0,0.29,20.5,0.3,95.5,0.7,30.5,0.69,30.5,0.71,73.48,0.72,70.0,0.03,0.01,2319.756195,1776232961000
1776232963.413,163.413,0.26,49.9,0.23,5.0,0.27,25.5,0.28,25.5,0.73,25.5,0.72,25.5,0.74,49.9,0.77,5.0,0.01,0.01,2319.534966,1776232962000
1776232964.068,164.068,0.26,5.0,0.25,18.76,0.27,20.9,0.28,30.5,0.73,20.9,0.72,30.5,0.74,5.0,0.75,18.76,0.01,0.01,2319.428706,1776232963000
1776232964.445,164.445,0.23,20.0,0.22,100.0,0.25,20.0,0.26,25.5,0.76,23.43,0.75,20.0,0.77,10.0,0.78,105.0,0.02,0.01,2319.428706,1776232963000
1776232964.83,164.83,0.23,66.0,0.22,115.5,0.26,5.42,0.27,20.9,0.75,20.0,0.74,25.5,0.77,20.0,0.78,100.0,0.03,0.02,2319.428706,1776232963000
1776232965.05,165.05,0.23,76.5,0.22,82.77,0.27,9.84,0.28,20.5,0.74,5.42,0.73,20.9,0.77,66.0,0.78,115.5,0.04,0.03,2319.428706,1776232963000
1776232965.427,165.427,0.23,76.5,0.22,82.77,0.27,9.84,0.28,20.5,0.73,9.84,0.72,20.5,0.77,76.5,0.78,82.77,0.04,0.04,2319.202446,1776232964000
1776232966.16,166.16,0.23,76.5,0.22,82.77,0.27,9.84,0.28,20.5,0.73,9.84,0.72,20.5,0.77,76.5,0.78,82.77,0.04,0.04,2319.090663,1776232965000
1776232967.407,167.407,0.23,76.5,0.22,82.77,0.27,9.84,0.28,20.5,0.73,9.84,0.72,20.5,0.77,76.5,0.78,82.77,0.04,0.04,2319.089533,1776232966000
1776232968.099,168.099,0.23,76.5,0.22,82.77,0.27,9.84,0.28,20.5,0.73,9.84,0.72,20.5,0.77,76.5,0.78,82.77,0.04,0.04,2319.148055,1776232967000
1776232968.317,168.317,0.24,107.42,0.23,98.26,0.25,25.5,0.26,20.5,0.73,9.84,0.72,20.5,0.77,76.5,0.78,82.77,0.01,0.04,2319.148055,1776232967000
1776232969.397,169.397,0.24,107.42,0.23,98.26,0.25,25.5,0.26,20.5,0.75,25.5,0.74,20.5,0.76,107.42,0.77,98.26,0.01,0.01,2319.088351,1776232968000
1776232970.072,170.072,0.24,107.42,0.23,98.26,0.25,25.5,0.26,20.5,0.75,25.5,0.74,20.5,0.76,107.42,0.77,98.26,0.01,0.01,2319.153045,1776232969000
1776232970.677,170.677,0.24,3.0,0.2,75.0,0.25,50.5,0.26,20.5,0.75,25.5,0.74,20.5,0.76,107.42,0.77,98.26,0.01,0.01,2319.153045,1776232969000
1776232970.882,170.882,0.2,75.0,0.19,70.0,0.23,6.0,0.25,50.5,0.75,50.5,0.74,20.5,0.76,3.0,0.8,75.0,0.03,0.01,2319.153045,1776232969000
1776232971.28,171.28,0.2,80.05,0.19,85.81,0.22,33.18,0.23,19.0,0.77,6.0,0.75,45.5,0.8,75.0,0.81,70.0,0.02,0.03,2319.153045,1776232969000
1776232972.015,172.015,0.2,80.05,0.19,85.81,0.22,33.18,0.23,19.0,0.78,33.18,0.77,19.0,0.8,80.05,0.81,85.81,0.02,0.02,2319.101248,1776232971000
1776232972.375,172.375,0.18,128.24,0.17,10.5,0.19,20.5,0.2,20.5,0.79,55.5,0.78,39.18,0.82,129.46,0.83,10.5,0.01,0.03,2319.101248,1776232971000
1776232972.976,172.976,0.18,128.24,0.17,10.5,0.19,20.5,0.2,20.5,0.81,20.5,0.8,20.5,0.82,128.24,0.83,10.5,0.01,0.01,2319.038213,1776232972000
1776232973.543,173.543,0.18,133.85,0.17,5.94,0.19,32.39,0.2,25.5,0.81,20.5,0.8,20.5,0.82,128.24,0.83,10.5,0.01,0.01,2319.038213,1776232972000
1776232974.67,174.67,0.18,131.85,0.17,5.94,0.19,47.39,0.2,25.5,0.81,47.39,0.8,25.5,0.82,131.85,0.83,5.94,0.01,0.01,2318.876457,1776232973000
1776232975.252,175.252,0.18,139.75,0.17,5.94,0.19,60.5,0.2,20.5,0.81,60.5,0.8,20.5,0.82,139.75,0.83,5.94,0.01,0.01,2318.822423,1776232974000
1776232975.92,175.92,0.18,138.32,0.17,5.94,0.19,45.5,0.2,20.5,0.81,60.5,0.8,20.5,0.82,138.32,0.83,5.94,0.01,0.01,2318.822423,1776232974000
1776232976.63,176.63,0.18,138.32,0.17,5.94,0.19,45.5,0.2,20.5,0.81,45.5,0.8,20.5,0.82,138.32,0.83,5.94,0.01,0.01,2318.838309,1776232975000
1776232977.452,177.452,0.18,138.32,0.17,5.94,0.19,45.5,0.2,20.5,0.81,45.5,0.8,20.5,0.82,138.32,0.83,5.94,0.01,0.01,2318.778044,1776232976000
1776232978.169,178.169,0.18,138.32,0.17,5.94,0.19,45.5,0.2,20.5,0.81,45.5,0.8,20.5,0.82,138.32,0.83,5.94,0.01,0.01,2318.777167,1776232977000
1776232978.853,178.853,0.15,6.46,0.13,70.0,0.19,97.5,0.2,30.5,0.81,45.5,0.8,20.5,0.82,138.32,0.83,5.94,0.04,0.01,2318.777167,1776232977000
1776232979.065,179.065,0.13,93.92,0.12,39.19,0.14,15.0,0.15,25.5,0.84,13.0,0.83,10.0,0.85,3.95,0.87,76.96,0.01,0.01,2318.777167,1776232977000
1776232979.523,179.523,0.13,88.92,0.12,5.09,0.14,15.0,0.15,25.5,0.86,15.0,0.85,25.5,0.87,93.92,0.88,39.19,0.01,0.01,2318.777167,1776232977000
1776232980.247,180.247,0.13,88.92,0.12,5.09,0.14,15.0,0.15,25.5,0.86,15.0,0.85,25.5,0.87,88.92,0.88,5.09,0.01,0.01,2318.732394,1776232979000
1776232981.278,181.278,0.13,87.77,0.12,5.09,0.14,20.0,0.15,15.0,0.86,15.0,0.85,25.5,0.87,88.92,0.88,5.09,0.01,0.01,2318.732394,1776232979000
1776232981.606,181.606,0.13,87.77,0.12,5.09,0.14,20.0,0.15,15.0,0.86,20.0,0.85,15.0,0.87,87.77,0.88,5.09,0.01,0.01,2318.598593,1776232980000
1776232982.267,182.267,0.13,87.77,0.12,5.09,0.14,20.0,0.15,15.0,0.86,20.0,0.85,15.0,0.87,87.77,0.88,5.09,0.01,0.01,2318.626435,1776232981000
1776232982.86,182.86,0.13,145.8,0.12,59.59,0.14,163.5,0.15,31.5,0.86,20.0,0.85,15.0,0.87,87.77,0.88,5.09,0.01,0.01,2318.626435,1776232981000
1776232983.12,183.12,0.13,137.63,0.12,59.59,0.14,163.5,0.15,31.5,0.86,163.5,0.85,31.5,0.87,145.8,0.88,59.59,0.01,0.01,2318.626435,1776232981000
1776232983.554,183.554,0.13,137.63,0.12,59.59,0.14,163.5,0.15,31.5,0.86,163.5,0.85,31.5,0.87,137.63,0.88,59.59,0.01,0.01,2318.576465,1776232982000
1776232983.83,183.83,0.13,133.16,0.12,59.59,0.14,148.5,0.15,31.5,0.86,163.5,0.85,31.5,0.87,137.63,0.88,59.59,0.01,0.01,2318.576465,1776232982000
1776232984.167,184.167,0.12,24.09,0.1,110.0,0.14,213.5,0.15,25.5,0.86,148.5,0.85,31.5,0.87,133.16,0.88,59.59,0.02,0.01,2318.576465,1776232982000
1776232984.637,184.637,0.12,4.09,0.09,10.0,0.14,42.5,0.15,50.5,0.86,213.5,0.85,25.5,0.88,24.09,0.9,110.0,0.02,0.02,2318.557604,1776232983000
1776232984.936,184.936,0.05,105.8,0.04,153.4,0.06,10.0,0.14,42.5,0.86,42.5,0.85,50.5,0.91,10.0,0.92,10.0,0.01,0.05,2318.557604,1776232983000
1776232985.277,185.277,0.05,94.33,0.04,153.4,0.06,9.9,0.1,5.0,0.94,10.0,0.87,10.0,0.95,94.33,0.96,153.4,0.01,0.01,2318.557604,1776232983000
1776232985.489,185.489,0.05,75.51,0.04,153.4,0.1,11.0,0.11,5.0,0.9,11.0,0.89,5.0,0.95,75.51,0.96,153.4,0.05,0.05,2318.409765,1776232984000
1776232985.842,185.842,0.11,128.45,0.05,182.71,0.13,16.64,0.15,30.0,0.87,16.74,0.86,24.0,0.89,128.45,0.95,162.71,0.02,0.02,2318.409765,1776232984000
1776232986.098,186.098,0.12,49.87,0.11,178.45,0.17,28.0,0.18,27.0,0.83,28.0,0.82,27.0,0.88,49.87,0.89,178.45,0.05,0.05,2318.134149,1776232985000
1776232986.438,186.438,0.16,51.09,0.15,118.47,0.17,32.0,0.18,10.0,0.83,28.0,0.82,27.0,0.88,49.87,0.89,178.45,0.01,0.05,2318.134149,1776232985000
1776232986.869,186.869,0.12,35.22,0.11,178.45,0.17,27.0,0.18,10.0,0.83,32.0,0.82,10.0,0.84,39.18,0.88,49.87,0.05,0.01,2318.134149,1776232985000
1776232987.243,187.243,0.12,16.58,0.11,183.45,0.13,15.0,0.14,10.0,0.87,25.5,0.86,10.0,0.88,15.97,0.89,178.45,0.01,0.01,2318.134149,1776232985000
1776232987.504,187.504,0.12,16.58,0.11,183.45,0.13,15.0,0.14,10.0,0.87,15.0,0.86,10.0,0.88,16.58,0.89,183.45,0.01,0.01,2318.265224,1776232986000
1776232987.809,187.809,0.13,103.9,0.11,108.45,0.14,10.0,0.15,10.0,0.8,10.0,0.79,9.9,0.81,59.12,0.87,83.0,0.01,0.01,2318.265224,1776232986000
1776232988.03,188.03,0.13,103.9,0.11,108.45,0.14,10.0,0.15,10.0,0.86,10.0,0.85,10.0,0.87,103.9,0.89,108.45,0.01,0.01,2318.43854,1776232987000
1776232988.31,188.31,0.13,88.47,0.11,108.45,0.14,2.85,0.15,10.0,0.85,51.0,0.84,110.0,0.87,88.47,0.89,108.45,0.01,0.02,2318.43854,1776232987000
1776232988.592,188.592,0.13,95.49,0.12,15.0,0.14,10.0,0.15,15.0,0.84,119.59,0.83,10.0,0.87,112.08,0.89,140.45,0.01,0.03,2318.43854,1776232987000
1776232988.901,188.901,0.14,11.0,0.13,134.99,0.15,15.0,0.16,20.5,0.86,10.0,0.85,15.0,0.87,95.49,0.88,15.0,0.01,0.01,2318.43854,1776232987000
1776232989.272,189.272,0.14,11.0,0.13,134.99,0.15,15.0,0.16,20.5,0.85,15.0,0.84,20.5,0.86,11.0,0.87,134.99,0.01,0.01,2318.515685,1776232988000
1776232989.803,189.803,0.14,98.02,0.13,36.0,0.15,59.5,0.16,30.5,0.85,15.0,0.84,20.5,0.86,11.0,0.87,134.99,0.01,0.01,2318.515685,1776232988000
1776232990.483,190.483,0.14,98.02,0.13,36.0,0.15,59.5,0.16,30.5,0.85,59.5,0.84,30.5,0.86,98.02,0.87,36.0,0.01,0.01,2318.525725,1776232989000
1776232991.069,191.069,0.14,98.02,0.13,36.0,0.15,59.5,0.16,30.5,0.85,59.5,0.84,30.5,0.86,98.02,0.87,36.0,0.01,0.01,2318.525405,1776232990000
1776232992.176,192.176,0.14,98.02,0.13,36.0,0.15,59.5,0.16,30.5,0.85,59.5,0.84,30.5,0.86,98.02,0.87,36.0,0.01,0.01,2318.422667,1776232991000
1776232993.034,193.034,0.12,9.31,0.11,129.92,0.13,46.0,0.14,56.5,0.85,59.5,0.84,30.5,0.86,98.02,0.87,36.0,0.01,0.01,2318.422667,1776232991000
1776232993.601,193.601,0.11,122.94,0.1,130.5,0.13,41.0,0.14,56.5,0.87,46.0,0.86,56.5,0.88,4.31,0.89,129.92,0.02,0.01,2318.364295,1776232992000
1776232993.969,193.969,0.12,10.0,0.11,172.94,0.14,10.0,0.15,10.0,0.87,41.0,0.86,56.5,0.89,122.94,0.9,130.5,0.02,0.02,2318.364295,1776232992000
1776232994.34,194.34,0.12,10.0,0.11,172.94,0.14,10.0,0.15,10.0,0.86,10.0,0.85,10.0,0.88,10.0,0.89,172.94,0.02,0.02,2318.36752,1776232993000
1776232994.61,194.61,0.12,1.0,0.11,167.94,0.14,25.5,0.15,35.5,0.86,10.0,0.85,10.0,0.88,10.0,0.89,172.94,0.02,0.02,2318.36752,1776232993000
1776232994.936,194.936,0.12,1.0,0.11,167.94,0.14,25.5,0.15,35.5,0.86,25.5,0.85,35.5,0.88,1.0,0.89,167.94,0.02,0.02,2318.3675,1776232994000
1776232996.07,196.07,0.12,1.0,0.11,167.94,0.14,25.5,0.15,35.5,0.86,25.5,0.85,35.5,0.88,1.0,0.89,167.94,0.02,0.02,2318.434429,1776232995000
1776232997.157,197.157,0.1,38.93,0.09,100.0,0.11,146.5,0.12,96.5,0.88,170.5,0.87,43.5,0.9,56.83,0.91,100.0,0.01,0.02,2318.434429,1776232995000
1776232998.319,198.319,0.1,38.93,0.09,100.0,0.11,146.5,0.12,96.5,0.89,146.5,0.88,96.5,0.9,38.93,0.91,100.0,0.01,0.01,2318.105748,1776232997000
1776232998.886,198.886,0.09,6.0,0.08,10.0,0.1,23.0,0.11,56.5,0.9,23.0,0.89,56.5,0.91,6.0,0.92,10.0,0.01,0.01,2318.020528,1776232998000
1776232999.479,199.479,0.08,6.9,0.07,15.0,0.09,41.0,0.1,60.0,0.9,23.0,0.89,56.5,0.91,6.0,0.92,10.0,0.01,0.01,2318.020528,1776232998000
1776232999.837,199.837,0.05,10.0,0.04,147.4,0.09,185.0,0.1,37.0,0.91,41.0,0.9,60.0,0.92,6.9,0.93,15.0,0.04,0.01,2318.020528,1776232998000
1776233000.234,200.234,0.04,137.3,0.03,529.7,0.08,49.0,0.09,261.0,0.91,190.0,0.9,37.0,0.96,147.3,0.97,529.7,0.04,0.05,2318.044207,1776232999000
1776233000.633,200.633,0.05,10.0,0.04,262.3,0.08,17.42,0.09,166.0,0.92,49.0,0.91,261.0,0.96,137.3,0.97,529.7,0.03,0.04,2318.044207,1776232999000
1776233001.25,201.25,0.05,10.0,0.04,262.3,0.08,17.42,0.09,166.0,0.92,17.42,0.91,166.0,0.95,10.0,0.96,262.3,0.03,0.03,2317.891371,1776233000000
1776233001.667,201.667,0.06,5.0,0.05,15.0,0.07,5.0,0.08,42.92,0.92,17.42,0.91,166.0,0.95,10.0,0.96,262.3,0.01,0.03,2317.891371,1776233000000
1776233002.041,202.041,0.04,123.91,0.03,546.7,0.07,5.0,0.08,42.92,0.93,5.0,0.92,42.92,0.94,5.0,0.95,15.0,0.03,0.01,2317.891371,1776233000000
1776233002.312,202.312,0.04,123.91,0.03,546.7,0.07,5.0,0.08,42.92,0.93,5.0,0.92,42.92,0.96,123.91,0.97,546.7,0.03,0.03,2317.539259,1776233001000
1776233002.914,202.914,0.04,123.91,0.03,546.7,0.07,5.0,0.08,42.92,0.93,5.0,0.92,42.92,0.96,123.91,0.97,546.7,0.03,0.03,2317.549122,1776233002000
1776233003.115,203.115,0.05,6.87,0.04,123.91,0.06,57.0,0.07,25.0,0.93,5.0,0.92,42.92,0.96,123.91,0.97,546.7,0.01,0.03,2317.549122,1776233002000
1776233003.974,203.974,0.04,26.49,0.03,536.7,0.06,80.0,0.07,35.5,0.94,57.0,0.93,25.0,0.95,6.87,0.96,123.91,0.02,0.01,2317.549122,1776233002000
1776233004.585,204.585,0.05,3.2,0.04,26.49,0.06,65.0,0.07,30.5,0.94,80.0,0.93,35.5,0.96,26.49,0.97,536.7,0.01,0.02,2317.523254,1776233003000
1776233004.875,204.875,0.04,21.28,0.03,529.7,0.06,70.0,0.07,35.5,0.94,65.0,0.93,30.5,0.95,2.14,0.96,26.49,0.02,0.01,2317.523254,1776233003000
1776233005.108,205.108,0.04,10.86,0.03,529.7,0.06,70.0,0.07,35.5,0.94,70.0,0.93,35.5,0.96,16.07,0.97,529.7,0.02,0.02,2317.494272,1776233004000
1776233006.198,206.198,0.04,10.86,0.03,529.7,0.06,70.0,0.07,35.5,0.94,70.0,0.93,35.5,0.96,10.86,0.97,529.7,0.02,0.02,2317.40577,1776233005000
1776233006.675,206.675,0.04,25.86,0.03,406.0,0.05,15.0,0.06,15.0,0.94,70.0,0.93,35.5,0.96,10.86,0.97,529.7,0.01,0.02,2317.40577,1776233005000
1776233006.982,206.982,0.04,14.86,0.03,406.0,0.05,30.0,0.06,15.0,0.95,15.0,0.94,15.0,0.96,25.86,0.97,406.0,0.01,0.01,2317.40577,1776233005000
1776233007.225,207.225,0.04,38.11,0.03,406.0,0.05,20.0,0.06,30.0,0.95,30.0,0.94,15.0,0.96,14.86,0.97,406.0,0.01,0.01,2317.40577,1776233005000
1776233007.704,207.704,0.04,30.5,0.03,411.0,0.05,20.0,0.06,30.0,0.95,20.0,0.94,30.0,0.96,38.11,0.97,406.0,0.01,0.01,2317.320695,1776233006000
1776233008.401,208.401,0.04,30.5,0.03,411.0,0.05,20.0,0.06,30.0,0.95,20.0,0.94,30.0,0.96,30.5,0.97,411.0,0.01,0.01,2317.420045,1776233007000
1776233008.862,208.862,0.04,30.5,0.03,411.0,0.05,20.0,0.06,30.0,0.95,20.0,0.94,30.0,0.96,30.5,0.97,411.0,0.01,0.01,2317.4413,1776233008000
1776233009.341,209.341,0.04,29.45,0.03,411.0,0.05,25.0,0.06,30.0,0.95,20.0,0.94,30.0,0.96,30.5,0.97,411.0,0.01,0.01,2317.4413,1776233008000
1776233009.871,209.871,0.03,411.0,0.02,478.7,0.05,25.0,0.06,93.8,0.95,25.0,0.94,30.0,0.96,29.03,0.97,411.0,0.02,0.01,2317.4413,1776233008000
1776233010.694,210.694,0.04,10.0,0.03,658.4,0.06,144.14,0.07,80.8,0.95,25.0,0.94,93.8,0.97,411.0,0.98,478.7,0.02,0.02,2317.444455,1776233009000
1776233011.053,211.053,0.04,13.95,0.03,658.4,0.05,10.0,0.06,144.14,0.95,10.0,0.94,144.14,0.96,13.95,0.97,658.4,0.01,0.01,2317.45888,1776233010000
1776233011.864,211.864,0.04,52.95,0.03,458.4,0.05,5.0,0.06,149.14,0.95,10.0,0.94,144.14,0.96,13.95,0.97,658.4,0.01,0.01,2317.45888,1776233010000
1776233013.042,213.042,0.04,52.95,0.03,458.4,0.05,5.0,0.06,149.14,0.95,5.0,0.94,149.14,0.96,52.95,0.97,458.4,0.01,0.01,2317.442425,1776233012000
1776233013.533,213.533,0.04,35.49,0.03,458.4,0.05,27.06,0.06,85.34,0.95,5.0,0.94,149.14,0.96,52.95,0.97,458.4,0.01,0.01,2317.442425,1776233012000
1776233014.136,214.136,0.04,25.07,0.03,458.4,0.05,27.06,0.06,85.34,0.95,27.06,0.94,85.34,0.96,25.07,0.97,458.4,0.01,0.01,2317.443555,1776233013000
1776233015.225,215.225,0.04,25.07,0.03,458.4,0.05,27.06,0.06,85.34,0.95,27.06,0.94,85.34,0.96,25.07,0.97,458.4,0.01,0.01,2317.517795,1776233014000
1776233016.274,216.274,0.04,25.07,0.03,458.4,0.05,27.06,0.06,85.34,0.95,27.06,0.94,85.34,0.96,25.07,0.97,458.4,0.01,0.01,2317.57258,1776233015000
1776233016.705,216.705,0.04,8.95,0.03,465.4,0.05,7.06,0.06,154.14,0.95,27.06,0.94,85.34,0.96,25.07,0.97,458.4,0.01,0.01,2317.57258,1776233015000
1776233017.37,217.37,0.04,8.95,0.03,465.4,0.05,7.06,0.06,154.14,0.95,7.06,0.94,154.14,0.96,8.95,0.97,465.4,0.01,0.01,2317.57324,1776233016000
1776233017.769,217.769,0.04,11.86,0.03,548.4,0.05,112.06,0.06,264.64,0.95,7.06,0.94,154.14,0.96,8.95,0.97,465.4,0.01,0.01,2317.57324,1776233016000
1776233018.925,218.925,0.04,10.05,0.03,524.5,0.05,107.06,0.06,259.64,0.95,112.06,0.94,264.64,0.97,524.5,0.98,724.7,0.01,0.02,2317.57324,1776233016000
1776233019.362,219.362,0.03,510.55,0.02,724.7,0.05,117.06,0.06,264.64,0.95,107.06,0.94,259.64,0.96,10.05,0.97,524.5,0.02,0.01,2317.57189,1776233018000
1776233020.213,220.213,0.03,510.55,0.02,724.7,0.05,117.06,0.06,264.64,0.95,117.06,0.94,264.64,0.97,510.55,0.98,724.7,0.02,0.02,2317.56655,1776233019000
1776233021.348,221.348,0.03,510.55,0.02,724.7,0.05,117.06,0.06,264.64,0.95,117.06,0.94,264.64,0.97,510.55,0.98,724.7,0.02,0.02,2317.574435,1776233020000
1776233022.016,222.016,0.03,510.55,0.02,724.7,0.05,117.06,0.06,264.64,0.95,117.06,0.94,264.64,0.97,510.55,0.98,724.7,0.02,0.02,2317.574435,1776233021000
1776233023.201,223.201,0.03,510.55,0.02,724.7,0.05,117.06,0.06,264.64,0.95,117.06,0.94,264.64,0.97,510.55,0.98,724.7,0.02,0.02,2317.569565,1776233022000
1776233023.708,223.708,0.04,2.22,0.03,420.55,0.05,112.06,0.06,323.44,0.95,117.06,0.94,264.64,0.97,510.55,0.98,724.7,0.01,0.02,2317.569565,1776233022000
1776233024.619,224.619,0.03,448.63,0.02,662.7,0.05,117.06,0.06,323.44,0.95,117.06,0.94,323.44,0.97,448.63,0.98,662.7,0.02,0.02,2317.572705,1776233023000
1776233024.875,224.875,0.03,394.97,0.02,290.0,0.04,142.0,0.05,378.36,0.95,117.06,0.94,323.44,0.97,448.63,0.98,662.7,0.01,0.02,2317.572705,1776233023000
1776233025.077,225.077,0.03,364.56,0.02,290.0,0.04,223.83,0.05,378.36,0.96,223.83,0.95,378.36,0.97,364.56,0.98,290.0,0.01,0.01,2317.597103,1776233024000
1776233025.583,225.583,0.03,239.1,0.02,290.0,0.04,323.83,0.05,442.02,0.96,218.83,0.95,378.36,0.97,334.25,0.98,290.0,0.01,0.01,2317.597103,1776233024000
1776233025.936,225.936,0.03,213.79,0.02,300.0,0.04,313.7,0.05,442.02,0.96,323.83,0.95,442.02,0.97,239.1,0.98,290.0,0.01,0.01,2317.597103,1776233024000
1776233026.215,226.215,0.03,213.79,0.02,300.0,0.04,313.7,0.05,442.02,0.96,313.7,0.95,442.02,0.97,208.79,0.98,300.0,0.01,0.01,2317.56256,1776233025000
1776233027.647,227.647,0.03,213.79,0.02,300.0,0.04,313.7,0.05,442.02,0.96,313.7,0.95,442.02,0.97,208.79,0.98,300.0,0.01,0.01,2317.142355,1776233026000
1776233028.113,228.113,0.03,80.9,0.02,300.0,0.04,223.7,0.05,378.36,0.96,313.7,0.95,442.02,0.97,208.79,0.98,300.0,0.01,0.01,2317.142355,1776233026000
1776233028.315,228.315,0.03,79.86,0.02,300.0,0.04,223.7,0.05,378.36,0.96,223.7,0.95,378.36,0.97,80.9,0.98,300.0,0.01,0.01,2317.16915,1776233027000
1776233028.554,228.554,0.03,31.9,0.02,300.0,0.04,223.7,0.05,378.36,0.96,218.7,0.95,378.36,0.97,32.94,0.98,300.0,0.01,0.01,2317.16915,1776233027000
1776233029.469,229.469,0.03,31.9,0.02,300.0,0.04,223.7,0.05,378.36,0.96,223.7,0.95,378.36,0.97,31.9,0.98,300.0,0.01,0.01,2317.2092,1776233028000
1776233030.014,230.014,0.03,31.9,0.02,300.0,0.04,223.7,0.05,378.36,0.96,223.7,0.95,378.36,0.97,31.9,0.98,300.0,0.01,0.01,2317.2092,1776233029000
1776233031.171,231.171,0.03,31.9,0.02,300.0,0.04,223.7,0.05,378.36,0.96,223.7,0.95,378.36,0.97,31.9,0.98,300.0,0.01,0.01,2317.238493,1776233030000
1776233032.154,232.154,0.03,18.08,0.02,300.0,0.04,245.64,0.05,278.36,0.96,223.7,0.95,378.36,0.97,31.9,0.98,300.0,0.01,0.01,2317.238493,1776233030000
1776233032.904,232.904,0.03,18.08,0.02,300.0,0.04,245.64,0.05,278.36,0.96,245.64,0.95,278.36,0.97,18.08,0.98,300.0,0.01,0.01,2317.333487,1776233032000
1776233034.315,234.315,0.03,12.92,0.02,300.0,0.04,240.64,0.05,278.36,0.96,245.64,0.95,278.36,0.97,18.08,0.98,300.0,0.01,0.01,2317.333487,1776233032000
1776233034.962,234.962,0.03,12.92,0.02,300.0,0.04,240.64,0.05,278.36,0.96,240.64,0.95,278.36,0.97,12.92,0.98,300.0,0.01,0.01,2317.316401,1776233034000
1776233035.409,235.409,0.03,18.92,0.02,307.0,0.04,230.64,0.05,278.36,0.96,240.64,0.95,278.36,0.97,12.92,0.98,300.0,0.01,0.01,2317.316401,1776233034000
1776233036.057,236.057,0.03,18.92,0.02,307.0,0.04,230.64,0.05,278.36,0.96,230.64,0.95,278.36,0.97,18.92,0.98,307.0,0.01,0.01,2317.370291,1776233035000
1776233036.977,236.977,0.03,0.92,0.02,307.0,0.04,235.64,0.05,278.36,0.96,230.64,0.95,278.36,0.97,13.92,0.98,307.0,0.01,0.01,2317.370291,1776233035000
1776233038.159,238.159,0.03,0.92,0.02,307.0,0.04,235.64,0.05,278.36,0.96,235.64,0.95,278.36,0.97,0.92,0.98,307.0,0.01,0.01,2317.43355,1776233037000
1776233039.167,239.167,0.03,0.92,0.02,307.0,0.04,235.64,0.05,278.36,0.96,235.64,0.95,278.36,0.97,0.92,0.98,307.0,0.01,0.01,2317.4133,1776233038000
1776233039.5,239.5,0.02,192.0,0.01,2606.6,0.03,341.7,0.04,235.64,0.97,110.0,0.96,230.64,0.98,288.0,0.99,1906.6,0.01,0.01,2317.4133,1776233038000
1776233039.701,239.701,0.02,233.36,0.01,2584.6,0.03,346.7,0.04,240.64,0.97,341.7,0.96,235.64,0.98,186.0,0.99,2606.6,0.01,0.01,2317.4133,1776233038000
1776233040.315,240.315,0.02,233.36,0.01,2584.6,0.03,346.7,0.04,240.64,0.97,346.7,0.96,240.64,0.98,233.36,0.99,2584.6,0.01,0.01,2317.40262,1776233039000
1776233041.226,241.226,0.02,202.36,0.01,2195.0,0.03,246.7,0.04,140.64,0.97,246.7,0.96,145.64,0.98,214.36,0.99,2558.6,0.01,0.01,2317.40262,1776233039000
1776233041.89,241.89,0.02,202.36,0.01,2195.0,0.03,246.7,0.04,140.64,0.97,246.7,0.96,140.64,0.98,202.36,0.99,2195.0,0.01,0.01,2317.38041,1776233041000
1776233043.029,243.029,0.02,202.36,0.01,2195.0,0.03,246.7,0.04,140.64,0.97,246.7,0.96,140.64,0.98,202.36,0.99,2195.0,0.01,0.01,2317.355413,1776233042000
1776233043.354,243.354,0.02,216.33,0.01,2215.0,0.03,193.7,0.04,130.64,0.97,246.7,0.96,140.64,0.98,202.36,0.99,2195.0,0.01,0.01,2317.355413,1776233042000
1776233044.055,244.055,0.02,146.55,0.01,2199.0,0.03,165.36,0.04,145.87,0.97,165.36,0.96,135.87,0.98,202.06,0.99,2215.0,0.01,0.01,2317.355413,1776233042000
1776233044.284,244.284,0.02,85.94,0.01,2163.0,0.03,160.36,0.04,145.87,0.97,165.36,0.96,145.87,0.98,146.55,0.99,2199.0,0.01,0.01,2317.276048,1776233043000
1776233044.592,244.592,0.02,76.03,0.01,2156.0,0.03,170.36,0.04,145.87,0.97,160.36,0.96,145.87,0.98,85.94,0.99,2163.0,0.01,0.01,2317.276048,1776233043000
1776233045.037,245.037,0.02,39.93,0.01,2156.0,0.03,170.36,0.04,155.87,0.97,170.36,0.96,145.87,0.98,76.03,0.99,2156.0,0.01,0.01,2317.276048,1776233043000
1776233045.455,245.455,0.01,2150.89,,,0.03,155.36,0.04,145.87,0.97,170.36,0.96,155.87,0.98,39.93,0.99,2156.0,0.02,0.01,2317.290125,1776233044000
1776233045.732,245.732,0.01,2115.89,,,0.02,305.7,0.03,155.36,0.97,155.36,0.96,145.87,0.99,2125.89,,,0.01,0.02,2317.290125,1776233044000
1776233046.122,246.122,0.01,2115.89,,,0.02,305.7,0.03,155.36,0.98,305.7,0.97,155.36,0.99,2115.89,,,0.01,0.01,2317.29996,1776233045000
1776233046.973,246.973,0.01,2120.89,,,0.02,296.48,0.03,155.36,0.98,305.7,0.97,155.36,0.99,2115.89,,,0.01,0.01,2317.29996,1776233045000
1776233047.186,247.186,0.01,2120.89,,,0.02,296.48,0.03,155.36,0.98,296.48,0.97,155.36,0.99,2120.89,,,0.01,0.01,2317.3028,1776233046000
1776233047.911,247.911,0.01,1673.89,,,0.02,301.67,0.03,155.36,0.98,291.48,0.97,155.36,0.99,1839.89,,,0.01,0.01,2317.3028,1776233046000
1776233048.243,248.243,0.01,1673.89,,,0.02,301.67,0.03,155.36,0.98,301.67,0.97,155.36,0.99,1673.89,,,0.01,0.01,2317.306748,1776233047000
1776233049.221,249.221,0.01,1653.68,,,0.02,301.67,0.03,155.36,0.98,301.67,0.97,155.36,0.99,1653.68,,,0.01,0.01,2317.294687,1776233048000
1776233050.197,250.197,0.01,1634.52,,,0.02,219.67,0.03,155.36,0.98,209.67,0.97,155.36,0.99,1643.52,,,0.01,0.01,2317.294687,1776233048000
1776233050.726,250.726,0.01,937.52,,,0.02,219.67,0.03,155.36,0.98,219.67,0.97,155.36,0.99,1634.52,,,0.01,0.01,2317.292587,1776233049000
1776233051.091,251.091,0.01,930.52,,,0.02,219.67,0.03,155.36,0.98,219.67,0.97,155.36,0.99,930.52,,,0.01,0.01,2317.217,1776233050000
1776233051.311,251.311,0.01,934.5,,,0.02,218.89,0.03,105.36,0.98,219.67,0.97,155.36,0.99,930.52,,,0.01,0.01,2317.217,1776233050000
1776233051.523,251.523,0.01,927.47,,,0.02,208.89,0.03,105.36,0.98,218.89,0.97,105.36,0.99,934.5,,,0.01,0.01,2317.217,1776233050000
1776233052.146,252.146,0.01,927.47,,,0.02,208.89,0.03,105.36,0.98,208.89,0.97,105.36,0.99,927.47,,,0.01,0.01,2317.211846,1776233051000
1776233052.613,252.613,0.01,897.26,,,0.02,266.44,0.03,110.36,0.98,198.44,0.97,110.36,0.99,917.47,,,0.01,0.01,2317.211846,1776233051000
1776233053.135,253.135,0.01,896.24,,,0.02,266.44,0.03,110.36,0.98,266.44,0.97,110.36,0.99,896.24,,,0.01,0.01,2317.265042,1776233052000
1776233053.592,253.592,0.01,892.6,,,0.02,261.44,0.03,210.36,0.98,266.44,0.97,110.36,0.99,896.24,,,0.01,0.01,2317.265042,1776233052000
1776233053.933,253.933,0.01,891.58,,,0.02,261.44,0.03,210.36,0.98,261.44,0.97,210.36,0.99,892.6,,,0.01,0.01,2317.265042,1776233052000
1776233054.159,254.159,0.01,889.54,,,0.02,276.44,0.03,210.36,0.98,266.44,0.97,210.36,0.99,889.54,,,0.01,0.01,2317.265042,1776233052000
1776233054.506,254.506,0.01,883.52,,,0.02,276.44,0.03,210.36,0.98,276.44,0.97,210.36,0.99,889.54,,,0.01,0.01,2317.14295,1776233053000
1776233055.119,255.119,0.01,883.52,,,0.02,276.44,0.03,210.36,0.98,276.44,0.97,210.36,0.99,883.52,,,0.01,0.01,2317.106685,1776233054000
1776233055.531,255.531,,,,,0.01,1915.9,0.02,776.44,0.99,1641.48,0.98,681.44,,,,,,,2317.106685,1776233054000
1776233056.173,256.173,,,,,0.01,1914.86,0.02,776.44,0.99,1914.86,0.98,776.44,,,,,,,2317.04527,1776233055000
1776233056.742,256.742,,,,,0.01,1869.86,0.02,723.44,0.99,1914.86,0.98,776.44,,,,,,,2317.04527,1776233055000
1776233057.325,257.325,,,,,0.01,1869.86,0.02,723.44,0.99,1869.86,0.98,723.44,,,,,,,2316.972128,1776233056000
1776233058.175,258.175,,,,,0.01,1866.7,0.02,723.44,0.99,1866.7,0.98,723.44,,,,,,,2316.957909,1776233057000
1776233059.125,259.125,,,,,0.01,1866.7,0.02,723.44,0.99,1866.7,0.98,723.44,,,,,,,2316.946252,1776233058000
1776233059.425,259.425,,,,,0.01,1860.98,0.02,613.44,0.99,1866.7,0.98,723.44,,,,,,,2316.946252,1776233058000
1776233060.187,260.187,,,,,0.01,1860.98,0.02,613.44,0.99,1860.98,0.98,613.44,,,,,,,2316.949335,1776233059000
1776233061.106,261.106,,,,,0.01,1860.98,0.02,613.44,0.99,1860.98,0.98,613.44,,,,,,,2316.956436,1776233060000
1776233062.161,262.161,,,,,0.01,1860.98,0.02,613.44,0.99,1860.98,0.98,613.44,,,,,,,2316.830945,1776233061000
1776233063.248,263.248,,,,,0.01,1860.98,0.02,613.44,0.99,1860.98,0.98,613.44,,,,,,,2316.79995,1776233062000
1776233064.308,264.308,,,,,0.01,1860.98,0.02,613.44,0.99,1860.98,0.98,613.44,,,,,,,2316.914295,1776233063000
1776233064.832,264.832,,,,,0.01,1750.98,0.02,313.44,0.99,1860.98,0.98,613.44,,,,,,,2316.914295,1776233063000
1776233065.197,265.197,,,,,0.01,1750.98,0.02,313.44,0.99,1750.98,0.98,313.44,,,,,,,2316.94877,1776233064000
1776233066.359,266.359,,,,,0.01,1750.98,0.02,313.44,0.99,1750.98,0.98,313.44,,,,,,,2317.017465,1776233065000
1776233066.896,266.896,,,,,0.01,1750.98,0.02,313.44,0.99,1750.98,0.98,313.44,,,,,,,2317.017525,1776233066000
1776233067.935,267.935,,,,,0.01,1750.98,0.02,313.44,0.99,1750.98,0.98,313.44,,,,,,,2317.017655,1776233067000
1776233068.896,268.896,,,,,0.01,1750.98,0.02,313.44,0.99,1750.98,0.98,313.44,,,,,,,2317.031479,1776233068000
1776233069.8,269.8,,,,,0.01,1750.98,0.02,313.44,0.99,1750.98,0.98,313.44,,,,,,,2317.123019,1776233069000
1776233070.944,270.944,,,,,0.01,1750.98,0.02,313.44,0.99,1750.98,0.98,313.44,,,,,,,2317.212765,1776233070000
1776233072.187,272.187,,,,,0.01,1750.98,0.02,313.44,0.99,1750.98,0.98,313.44,,,,,,,2317.482745,1776233071000
1776233073.221,273.221,,,,,0.01,1750.98,0.02,313.44,0.99,1750.98,0.98,313.44,,,,,,,2317.503997,1776233072000
1776233074.346,274.346,,,,,0.01,1750.98,0.02,313.44,0.99,1750.98,0.98,313.44,,,,,,,2317.59634,1776233073000
1776233075.3,275.3,,,,,0.01,1750.98,0.02,313.44,0.99,1750.98,0.98,313.44,,,,,,,2317.61976,1776233074000
1776233075.862,275.862,,,,,0.01,1750.98,0.02,313.44,0.99,1750.98,0.98,313.44,,,,,,,2317.641535,1776233075000
1776233077.01,277.01,,,,,0.01,1750.98,0.02,313.44,0.99,1750.98,0.98,313.44,,,,,,,2317.632418,1776233076000
1776233078.008,278.008,,,,,0.01,1750.98,0.02,313.44,0.99,1750.98,0.98,313.44,,,,,,,2317.46071,1776233077000
1776233079.055,279.055,,,,,0.01,1750.98,0.02,313.44,0.99,1750.98,0.98,313.44,,,,,,,2317.378744,1776233078000
1776233080.209,280.209,,,,,0.01,1750.98,0.02,313.44,0.99,1750.98,0.98,313.44,,,,,,,2317.240674,1776233079000
1776233081.226,281.226,,,,,0.01,1750.98,0.02,313.44,0.99,1750.98,0.98,313.44,,,,,,,2316.630404,1776233080000
1776233082.314,282.314,,,,,0.01,1750.98,0.02,313.44,0.99,1750.98,0.98,313.44,,,,,,,2316.463806,1776233081000
1776233082.887,282.887,,,,,0.01,1750.98,0.02,313.44,0.99,1750.98,0.98,313.44,,,,,,,2316.469776,1776233082000
1776233083.893,283.893,,,,,0.01,1750.98,0.02,313.44,0.99,1750.98,0.98,313.44,,,,,,,2316.451611,1776233083000
1776233084.934,284.934,,,,,0.01,1750.98,0.02,313.44,0.99,1750.98,0.98,313.44,,,,,,,2316.512777,1776233084000
1776233086.087,286.087,,,,,0.01,1750.98,0.02,313.44,0.99,1750.98,0.98,313.44,,,,,,,2316.496305,1776233085000
1776233087.19,287.19,,,,,0.01,1750.98,0.02,313.44,0.99,1750.98,0.98,313.44,,,,,,,2316.405221,1776233086000
1776233088.211,288.211,,,,,0.01,1750.98,0.02,313.44,0.99,1750.98,0.98,313.44,,,,,,,2316.22566,1776233087000
1776233089.07,289.07,,,,,0.01,1750.98,0.02,313.44,0.99,1750.98,0.98,313.44,,,,,,,2316.280698,1776233088000
1776233090.13,290.13,,,,,0.01,1750.98,0.02,313.44,0.99,1750.98,0.98,313.44,,,,,,,2316.280529,1776233089000
1776233091.249,291.249,,,,,0.01,1750.98,0.02,313.44,0.99,1750.98,0.98,313.44,,,,,,,2316.228569,1776233090000
1776233092.413,292.413,,,,,0.01,1750.98,0.02,313.44,0.99,1750.98,0.98,313.44,,,,,,,2316.190406,1776233091000
1776233092.895,292.895,,,,,0.01,1750.98,0.02,313.44,0.99,1750.98,0.98,313.44,,,,,,,2316.196244,1776233092000
1776233093.979,293.979,,,,,0.01,1750.98,0.02,313.44,0.99,1750.98,0.98,313.44,,,,,,,2316.39441,1776233093000
1776233095.051,295.051,,,,,0.01,1750.98,0.02,313.44,0.99,1750.98,0.98,313.44,,,,,,,2316.394725,1776233094000
1776233096.075,296.075,,,,,0.01,1750.98,0.02,313.44,0.99,1750.98,0.98,313.44,,,,,,,2316.43392,1776233095000
1776233097.168,297.168,,,,,0.01,1750.98,0.02,313.44,0.99,1750.98,0.98,313.44,,,,,,,2316.437,1776233096000
1776233097.9,297.9,,,,,0.01,14733.54,0.02,38.0,0.99,1750.98,0.98,313.44,,,,,,,2316.437,1776233096000
1776233098.199,298.199,,,,,0.01,14733.54,0.02,38.0,0.99,14733.54,0.98,38.0,,,,,,,2316.434585,1776233097000
1776233099.348,299.348,,,,,0.01,14733.54,0.02,38.0,0.99,14733.54,0.98,38.0,,,,,,,2316.49662,1776233098000
1776233099.95,299.95,,,,,0.01,14733.54,0.02,38.0,0.99,14733.54,0.98,38.0,,,,,,,2316.496855,1776233099000
1776233100.615,300.615,,,,,0.01,71919.18,0.02,147.0,0.99,14733.54,0.98,38.0,,,,,,,2316.496855,1776233099000
1776233100.872,300.872,,,,,0.01,71919.18,0.02,147.0,0.99,71919.18,0.98,147.0,,,,,,,2316.50146,1776233100000
1776233102.086,302.086,,,,,0.01,71919.18,0.02,147.0,0.99,71919.18,0.98,147.0,,,,,,,2316.519251,1776233101000

# RESULT,winner=Down,slug=eth-updown-5m-1776232800,ticks=485
