timestamp,elapsed_sec,up_bid_p1,up_bid_s1,up_bid_p2,up_bid_s2,up_ask_p1,up_ask_s1,up_ask_p2,up_ask_s2,down_bid_p1,down_bid_s1,down_bid_p2,down_bid_s2,down_ask_p1,down_ask_s1,down_ask_p2,down_ask_s2,up_spread,down_spread,eth_price,eth_oracle_ts
1776388800.715,0.715,0.52,8.74,0.51,20.0,0.54,150.0,0.55,8.88,0.47,5.0,0.46,150.0,0.48,8.74,0.49,20.0,0.02,0.01,2343.93091,1776388799000
1776388801.229,1.229,0.52,19.74,0.51,33.0,0.54,140.0,0.55,13.88,0.46,150.0,0.45,8.88,0.48,8.74,0.49,20.0,0.02,0.02,2343.929505,1776388800000
1776388802.052,2.052,0.52,19.74,0.51,33.0,0.54,138.14,0.55,8.88,0.46,140.0,0.45,13.88,0.48,19.74,0.49,33.0,0.02,0.02,2343.9308,1776388801000
1776388802.649,2.649,0.52,19.74,0.51,33.0,0.54,135.52,0.55,8.88,0.46,138.14,0.45,8.88,0.48,19.74,0.49,33.0,0.02,0.02,2343.9308,1776388801000
1776388804.2,4.2,0.52,18.74,0.51,35.0,0.54,158.52,0.55,30.88,0.46,135.52,0.45,8.88,0.48,19.74,0.49,33.0,0.02,0.02,2344.093345,1776388803000
1776388804.484,4.484,0.52,23.74,0.51,35.0,0.54,152.27,0.55,30.88,0.46,158.52,0.45,30.88,0.48,18.74,0.49,35.0,0.02,0.02,2344.093345,1776388803000
1776388806.352,6.352,0.49,7.74,0.48,27.0,0.53,22.0,0.54,105.0,0.46,152.27,0.45,30.88,0.48,23.74,0.49,35.0,0.04,0.02,2344.007319,1776388805000
1776388806.658,6.658,0.51,15.0,0.5,15.0,0.52,8.07,0.53,94.73,0.47,89.73,0.46,105.0,0.49,10.0,0.5,10.0,0.01,0.02,2344.007319,1776388805000
1776388807.628,7.628,0.51,15.0,0.5,15.0,0.53,38.94,0.54,110.0,0.48,8.07,0.47,94.73,0.49,15.0,0.5,15.0,0.02,0.01,2344.076125,1776388806000
1776388811.273,11.273,0.51,20.0,0.5,20.0,0.53,52.05,0.54,110.0,0.47,37.05,0.46,110.0,0.49,15.0,0.5,15.0,0.02,0.02,2344.00417,1776388809000
1776388811.781,11.781,0.51,20.0,0.5,25.0,0.57,59.77,0.58,15.0,0.47,52.05,0.46,110.0,0.49,20.0,0.5,20.0,0.06,0.02,2344.00417,1776388809000
1776388812.818,12.818,0.48,4.25,0.47,27.0,0.5,130.0,0.51,66.0,0.43,59.77,0.42,15.0,0.49,20.0,0.5,25.0,0.02,0.06,2343.99972,1776388810000
1776388814.217,14.217,0.55,5.0,0.54,5.0,0.56,40.67,0.57,32.0,0.5,130.0,0.49,66.0,0.52,4.25,0.53,27.0,0.01,0.02,2343.981295,1776388812000
1776388815.816,15.816,0.53,10.0,0.52,20.0,0.54,35.0,0.55,92.0,0.44,40.67,0.43,32.0,0.45,5.0,0.46,5.0,0.01,0.01,2343.90742,1776388814000
1776388816.515,16.515,0.53,31.0,0.52,25.0,0.54,7.0,0.55,82.0,0.46,35.0,0.45,92.0,0.47,10.0,0.48,20.0,0.01,0.01,2343.90742,1776388814000
1776388816.888,16.888,0.54,33.0,0.53,15.0,0.55,82.0,0.56,17.0,0.46,7.0,0.45,82.0,0.47,31.0,0.48,25.0,0.01,0.01,2343.90742,1776388814000
1776388819.661,19.661,0.54,23.0,0.53,10.0,0.55,95.0,0.56,22.0,0.45,82.0,0.44,17.0,0.46,33.0,0.47,15.0,0.01,0.01,2344.04567,1776388818000
1776388822.193,22.193,0.54,10.0,0.53,15.0,0.55,64.0,0.56,22.0,0.45,95.0,0.44,22.0,0.46,23.0,0.47,10.0,0.01,0.01,2344.026675,1776388821000
1776388822.981,22.981,0.54,27.0,0.53,15.0,0.55,3.09,0.57,15.0,0.45,64.0,0.44,22.0,0.46,10.0,0.47,15.0,0.01,0.01,2344.026675,1776388821000
1776388825.008,25.008,0.57,20.0,0.56,20.0,0.58,12.0,0.59,11.26,0.43,6.1,0.42,47.26,0.46,13.0,0.47,15.0,0.01,0.03,2344.04296,1776388823000
1776388826.631,26.631,0.55,15.0,0.54,45.0,0.59,21.0,0.6,28.0,0.42,12.0,0.41,11.26,0.43,20.0,0.44,20.0,0.04,0.01,2344.06232,1776388825000
1776388830.489,30.489,0.55,10.0,0.54,10.0,0.56,116.26,0.57,32.74,0.41,21.0,0.4,28.0,0.42,13.0,0.44,10.0,0.01,0.01,2344.034905,1776388829000
1776388831.832,31.832,0.53,9.52,0.52,20.0,0.55,20.0,0.56,27.0,0.44,116.26,0.43,32.74,0.45,10.0,0.46,10.0,0.02,0.01,2344.051395,1776388830000
1776388833.512,33.512,0.49,13.09,0.48,9.25,0.51,73.0,0.52,15.0,0.45,20.0,0.44,27.0,0.47,9.52,0.48,20.0,0.02,0.02,2344.005315,1776388832000
1776388836.494,36.494,0.48,15.0,0.47,67.0,0.5,20.42,0.51,60.0,0.49,60.55,0.48,20.0,0.5,10.0,0.52,6.83,0.02,0.01,2343.892685,1776388835000
1776388837.567,37.567,0.48,10.95,0.47,60.0,0.49,19.2,0.5,20.42,0.5,20.42,0.49,60.0,0.52,15.0,0.53,67.0,0.01,0.02,2343.902655,1776388836000
1776388839.513,39.513,0.49,15.0,0.48,10.95,0.51,10.42,0.52,20.0,0.51,19.2,0.5,20.42,0.52,10.95,0.53,60.0,0.02,0.01,2343.831626,1776388838000
1776388839.727,39.727,0.5,5.7,0.49,15.0,0.51,0.42,0.52,20.0,0.49,10.42,0.48,20.0,0.51,15.0,0.52,10.95,0.01,0.02,2343.831626,1776388838000
1776388847.193,47.193,0.48,1.52,0.47,60.0,0.5,50.0,0.51,15.0,0.49,0.42,0.48,20.0,0.5,5.7,0.51,15.0,0.02,0.01,2343.823007,1776388846000
1776388851.549,51.549,0.45,52.33,0.44,24.0,0.47,77.0,0.48,25.0,0.5,50.0,0.49,15.0,0.52,1.52,0.53,60.0,0.02,0.02,2343.829512,1776388850000
1776388858.391,58.391,0.45,45.33,0.44,29.0,0.46,40.0,0.47,30.0,0.53,77.0,0.52,25.0,0.55,52.33,0.56,24.0,0.01,0.02,2343.759724,1776388857000
1776388860.181,60.181,0.43,52.0,0.42,19.0,0.45,87.0,0.46,60.0,0.54,40.0,0.53,30.0,0.55,45.33,0.56,29.0,0.02,0.01,2343.759912,1776388858000
1776388860.729,60.729,0.38,38.76,0.37,5.0,0.42,96.0,0.43,10.0,0.55,87.0,0.54,60.0,0.57,52.0,0.58,19.0,0.04,0.02,2343.759973,1776388859000
1776388861.043,61.043,0.38,13.76,0.37,19.0,0.39,77.0,0.4,15.0,0.58,96.0,0.57,10.0,0.62,38.76,0.63,5.0,0.01,0.04,2343.759973,1776388859000
1776388862.353,62.353,0.34,0.44,0.3,5.0,0.38,186.0,0.39,60.0,0.61,82.0,0.6,20.0,0.62,8.76,0.63,19.0,0.04,0.01,2343.647,1776388861000
1776388863.089,63.089,0.29,17.0,0.28,5.0,0.3,4.05,0.31,100.0,0.65,11.97,0.64,17.81,0.7,2.55,0.71,10.0,0.01,0.05,2343.647,1776388861000
1776388863.411,63.411,0.29,49.33,0.28,22.0,0.3,105.71,0.31,84.0,0.7,20.71,0.69,100.0,0.71,17.0,0.72,22.0,0.01,0.01,2343.647,1776388861000
1776388863.707,63.707,0.29,49.33,0.28,22.0,0.3,121.71,0.31,84.0,0.7,105.71,0.69,84.0,0.71,49.33,0.72,22.0,0.01,0.01,2343.51341,1776388862000
1776388864.509,64.509,0.29,14.67,0.28,22.0,0.3,28.71,0.31,49.0,0.7,121.71,0.69,84.0,0.71,49.33,0.72,22.0,0.01,0.01,2343.344592,1776388863000
1776388864.784,64.784,0.29,10.44,0.28,22.0,0.3,33.06,0.31,49.0,0.7,23.06,0.69,49.0,0.71,14.67,0.72,22.0,0.01,0.01,2343.344592,1776388863000
1776388865.533,65.533,0.28,12.0,0.27,31.0,0.29,100.0,0.3,25.06,0.7,33.06,0.69,49.0,0.71,10.44,0.72,22.0,0.01,0.01,2343.04798,1776388864000
1776388869.323,69.323,0.24,67.0,0.23,10.0,0.27,180.0,0.28,25.0,0.71,119.2,0.7,25.06,0.72,12.0,0.73,31.0,0.03,0.01,2342.97441,1776388867000
1776388869.857,69.857,0.21,5.0,0.2,10.0,0.24,250.0,0.25,60.0,0.75,10.0,0.73,201.0,0.76,10.37,0.77,10.0,0.03,0.01,2342.96865,1776388868000
1776388870.583,70.583,0.2,33.41,0.19,28.0,0.21,117.0,0.22,20.0,0.79,146.0,0.78,25.0,0.8,49.9,0.81,5.0,0.01,0.01,2342.96758,1776388869000
1776388871.52,71.52,0.2,33.41,0.19,97.02,0.25,30.6,0.26,15.0,0.79,117.0,0.78,20.0,0.8,33.41,0.81,28.0,0.05,0.01,2342.85368,1776388870000
1776388871.743,71.743,0.2,23.41,0.19,102.02,0.21,100.0,0.22,15.0,0.75,30.6,0.74,15.0,0.8,33.41,0.81,97.02,0.01,0.05,2342.85368,1776388870000
1776388874.327,74.327,0.18,38.93,0.17,105.56,0.19,74.0,0.2,32.0,0.79,100.0,0.78,15.0,0.8,23.41,0.81,102.02,0.01,0.01,2342.419465,1776388873000
1776388874.531,74.531,0.18,26.77,0.17,105.56,0.19,74.0,0.2,37.0,0.81,74.0,0.8,32.0,0.82,38.93,0.83,105.56,0.01,0.01,2342.419465,1776388873000
1776388880.812,80.812,0.12,55.75,0.11,8.0,0.15,20.0,0.16,60.0,0.81,74.0,0.8,37.0,0.82,26.77,0.83,105.56,0.03,0.01,2342.415895,1776388879000
1776388881.087,81.087,0.12,32.09,0.11,8.0,0.14,5.81,0.15,20.0,0.85,20.0,0.84,83.81,0.88,34.37,0.89,8.0,0.02,0.03,2342.415895,1776388879000
1776388881.288,81.288,0.05,1.7,0.04,83.5,0.15,31.66,0.16,88.81,0.85,36.46,0.84,88.81,0.95,1.7,0.96,83.5,0.1,0.1,2342.402515,1776388880000
1776388881.515,81.515,0.08,100.0,0.06,50.0,0.1,46.55,0.12,23.0,0.88,23.0,0.87,10.0,0.9,64.45,0.92,100.0,0.02,0.02,2342.402515,1776388880000
1776388881.997,81.997,0.04,128.9,0.03,415.0,0.05,20.0,0.06,35.0,0.91,109.0,0.9,46.55,0.96,20.9,0.97,415.0,0.01,0.05,2342.402515,1776388880000
1776388882.208,82.208,0.04,73.68,0.03,493.23,0.08,123.0,0.09,124.0,0.92,123.0,0.91,124.0,0.93,19.0,0.96,75.9,0.04,0.01,2342.402515,1776388880000
1776388882.681,82.681,0.04,5.0,0.03,415.0,0.05,115.0,0.06,136.0,0.92,123.0,0.91,124.0,0.96,73.68,0.97,493.23,0.01,0.04,2342.021439,1776388881000
1776388882.886,82.886,0.03,408.88,0.02,531.7,0.05,105.0,0.06,136.0,0.95,105.15,0.94,136.0,0.96,5.0,0.97,415.0,0.02,0.01,2342.021439,1776388881000
1776388883.092,83.092,0.03,112.88,0.02,531.7,0.06,151.29,0.07,137.0,0.95,35.0,0.94,116.0,0.97,112.88,0.98,531.7,0.03,0.02,2342.021439,1776388881000
1776388883.356,83.356,0.03,11.83,0.02,526.7,0.04,52.0,0.05,22.0,0.96,39.0,0.95,12.0,0.97,17.84,0.98,531.7,0.01,0.01,2337.226836,1776388882000
1776388883.625,83.625,0.03,11.83,0.02,526.7,0.06,107.49,0.07,117.0,0.96,52.0,0.95,22.0,0.97,11.83,0.98,526.7,0.03,0.01,2337.226836,1776388882000
1776388883.837,83.837,0.02,5.0,0.01,2478.19,0.03,113.0,0.05,10.0,0.97,103.0,0.95,22.0,0.99,2478.19,,,0.01,0.02,2337.226836,1776388882000
1776388884.039,84.039,0.01,2437.19,,,0.03,8.0,0.04,15.0,0.97,8.0,0.96,15.0,0.98,10.0,0.99,2478.19,0.02,0.01,2337.226836,1776388882000
1776388884.366,84.366,0.01,2159.9,,,0.02,240.16,0.03,13.0,0.98,102.0,0.97,8.0,0.99,2360.18,,,0.01,0.01,2337.226836,1776388882000
1776388884.728,84.728,0.03,7.95,0.02,10.0,0.05,10.0,0.06,34.0,0.93,36.59,0.92,123.0,0.99,1759.62,,,0.02,0.06,2335.14592,1776388883000
1776388885.176,85.176,0.01,1726.29,,,0.02,390.29,0.03,165.0,0.98,200.15,0.95,10.0,0.99,1726.29,,,0.01,0.01,2335.14592,1776388883000
1776388885.553,85.553,0.03,2.94,0.02,10.0,0.04,10.0,0.05,10.0,0.98,390.29,0.97,165.0,0.99,1726.29,,,0.01,0.01,2335.640333,1776388884000
1776388885.792,85.792,0.01,1726.29,,,0.07,14.65,0.08,147.0,0.98,7.06,0.96,10.0,0.99,1726.29,,,0.06,0.01,2335.640333,1776388884000
1776388886.005,86.005,0.04,18.0,0.03,10.0,0.05,10.0,0.06,10.0,0.93,14.65,0.92,147.0,0.99,1726.29,,,0.01,0.06,2335.640333,1776388884000
1776388886.451,86.451,0.01,1726.29,,,0.02,122.06,0.05,5.0,0.93,10.0,0.92,15.0,0.96,12.94,0.97,10.0,0.01,0.03,2335.640333,1776388884000
1776388886.857,86.857,0.01,1621.29,,,0.02,322.21,0.04,104.16,0.98,122.06,0.95,15.0,0.99,1626.29,,,0.01,0.01,2335.610951,1776388885000
1776388887.709,87.709,0.01,1644.29,,,0.05,11.95,0.06,10.0,0.98,322.21,0.96,104.16,0.99,1616.29,,,0.04,0.01,2335.654116,1776388886000
1776388887.931,87.931,0.03,10.0,0.02,10.0,0.05,1.95,0.06,10.0,0.95,11.95,0.94,10.0,0.99,1644.29,,,0.02,0.04,2335.654116,1776388886000
1776388888.394,88.394,0.03,10.0,0.02,10.0,0.05,3.95,0.06,15.0,0.95,1.95,0.94,10.0,0.97,10.0,0.98,10.0,0.02,0.02,2336.765166,1776388887000
1776388888.711,88.711,0.04,15.0,0.03,10.0,0.05,13.95,0.06,15.0,0.97,290.44,0.95,13.95,0.99,824.29,,,0.01,0.02,2336.765166,1776388887000
1776388889.346,89.346,0.06,249.58,0.05,64.0,0.07,10.0,0.08,35.0,0.9,31.07,0.89,204.0,0.96,15.0,0.97,10.0,0.01,0.06,2336.765166,1776388887000
1776388889.584,89.584,0.06,63.04,0.05,64.0,0.07,5.0,0.08,35.0,0.93,10.0,0.92,35.0,0.94,91.04,0.95,36.0,0.01,0.01,2336.765166,1776388887000
1776388890.819,90.819,0.07,123.38,0.06,10.0,0.08,15.0,0.09,10.0,0.91,10.0,0.9,36.08,0.94,48.97,0.95,64.0,0.01,0.03,2337.26897,1776388889000
1776388891.028,91.028,0.07,20.15,0.06,10.0,0.08,15.0,0.09,10.0,0.92,15.0,0.91,10.0,0.93,50.15,0.94,10.0,0.01,0.01,2337.26897,1776388889000
1776388891.386,91.386,0.07,74.15,0.06,10.0,0.08,1.5,0.09,10.0,0.92,1.5,0.91,10.0,0.93,20.15,0.94,10.0,0.01,0.01,2337.31543,1776388890000
1776388891.597,91.597,0.05,42.15,0.04,25.0,0.08,1.5,0.09,10.0,0.92,1.5,0.91,10.0,0.93,68.15,0.94,10.0,0.03,0.01,2337.31543,1776388890000
1776388892.109,92.109,0.07,125.0,0.06,167.15,0.08,11.5,0.09,10.0,0.92,1.5,0.91,10.0,0.95,42.15,0.96,25.0,0.01,0.03,2337.31543,1776388890000
1776388892.373,92.373,0.07,116.0,0.06,167.15,0.08,11.5,0.09,10.0,0.92,11.5,0.91,10.0,0.93,123.0,0.94,167.15,0.01,0.01,2337.31543,1776388890000
1776388892.776,92.776,0.07,95.0,0.06,167.15,0.08,11.5,0.09,10.0,0.92,11.5,0.91,10.0,0.93,105.0,0.94,167.15,0.01,0.01,2337.293156,1776388891000
1776388893.001,93.001,0.07,72.51,0.06,167.15,0.08,11.5,0.09,10.0,0.92,11.5,0.91,10.0,0.93,85.0,0.94,167.15,0.01,0.01,2337.293156,1776388891000
1776388893.204,93.204,0.07,60.51,0.06,167.15,0.08,11.5,0.09,10.0,0.92,11.5,0.91,10.0,0.93,70.51,0.94,167.15,0.01,0.01,2337.250831,1776388892000
1776388893.405,93.405,0.07,7.32,0.06,167.15,0.08,11.5,0.09,10.0,0.92,11.5,0.91,10.0,0.93,7.32,0.94,167.15,0.01,0.01,2337.250831,1776388892000
1776388893.79,93.79,0.06,118.57,0.05,42.15,0.08,11.5,0.09,10.0,0.92,11.5,0.91,10.0,0.93,2.32,0.94,167.15,0.02,0.01,2337.250831,1776388892000
1776388894.148,94.148,0.06,107.0,0.05,200.41,0.1,12.08,0.11,204.0,0.93,10.0,0.92,11.5,0.94,46.0,0.95,42.15,0.04,0.01,2337.250831,1776388892000
1776388894.648,94.648,0.07,22.37,0.06,10.0,0.09,20.9,0.1,12.08,0.9,12.08,0.89,204.0,0.94,107.0,0.95,200.41,0.02,0.04,2337.303493,1776388893000
1776388895.19,95.19,0.07,23.49,0.06,10.0,0.08,44.13,0.09,15.9,0.91,20.9,0.9,12.08,0.93,14.37,0.94,10.0,0.01,0.02,2337.316329,1776388894000
1776388895.488,95.488,0.05,128.03,0.04,10.0,0.08,44.13,0.09,15.9,0.92,44.13,0.91,15.9,0.93,23.49,0.94,10.0,0.03,0.01,2337.316329,1776388894000
1776388895.701,95.701,0.05,161.03,0.04,10.0,0.08,49.13,0.09,15.9,0.92,44.13,0.91,15.9,0.95,128.03,0.96,10.0,0.03,0.03,2337.316329,1776388894000
1776388896.022,96.022,0.06,27.94,0.05,138.03,0.1,12.08,0.11,204.0,0.93,5.0,0.92,49.13,0.94,28.94,0.95,138.03,0.04,0.01,2337.3134,1776388895000
1776388896.57,96.57,0.07,149.97,0.06,4.94,0.08,90.64,0.09,10.0,0.9,12.08,0.89,204.0,0.94,27.94,0.95,138.03,0.01,0.04,2337.3134,1776388895000
1776388896.865,96.865,0.07,44.64,0.06,4.94,0.08,90.64,0.09,10.0,0.92,90.64,0.91,10.0,0.93,49.97,0.94,4.94,0.01,0.01,2337.3134,1776388895000
1776388897.444,97.444,0.07,48.68,0.06,4.94,0.08,90.64,0.09,10.0,0.92,90.64,0.91,10.0,0.93,44.64,0.94,4.94,0.01,0.01,2337.363455,1776388896000
1776388897.91,97.91,0.07,18.68,0.06,4.94,0.08,90.64,0.09,10.0,0.92,90.64,0.91,10.0,0.93,48.68,0.94,4.94,0.01,0.01,2337.363455,1776388896000
1776388898.24,98.24,0.07,14.68,0.06,4.94,0.08,95.64,0.09,10.0,0.92,90.64,0.91,10.0,0.93,18.68,0.94,4.94,0.01,0.01,2337.363455,1776388896000
1776388898.642,98.642,0.07,9.35,0.06,4.94,0.08,95.64,0.09,10.0,0.92,95.64,0.91,10.0,0.93,14.68,0.94,4.94,0.01,0.01,2337.445331,1776388897000
1776388900.04,100.04,0.07,14.51,0.06,4.94,0.08,95.64,0.09,10.0,0.92,95.64,0.91,10.0,0.93,9.35,0.94,4.94,0.01,0.01,2337.524977,1776388899000
1776388900.451,100.451,0.07,3.74,0.06,4.94,0.08,95.64,0.09,10.0,0.92,95.64,0.91,10.0,0.93,6.43,0.94,4.94,0.01,0.01,2337.524977,1776388899000
1776388900.686,100.686,0.05,22.68,0.04,142.56,0.08,110.64,0.09,15.0,0.92,95.64,0.91,10.0,0.94,4.94,0.95,28.26,0.03,0.02,2337.524977,1776388899000
1776388901.222,101.222,0.06,4.73,0.05,4.42,0.07,5.0,0.08,105.64,0.92,110.64,0.91,15.0,0.95,22.68,0.96,142.56,0.01,0.03,2337.524977,1776388899000
1776388901.607,101.607,0.02,353.08,0.01,806.28,0.05,15.0,0.06,20.0,0.93,5.0,0.92,105.64,0.98,403.08,0.99,806.28,0.03,0.05,2337.535334,1776388900000
1776388903.237,103.237,0.03,10.0,0.02,128.05,0.05,16.74,0.06,20.0,0.95,15.0,0.94,20.0,0.98,353.08,0.99,806.28,0.02,0.03,2337.519314,1776388902000
1776388903.778,103.778,0.04,18.95,0.03,10.0,0.05,31.74,0.06,15.0,0.95,16.74,0.94,20.0,0.97,10.0,0.98,128.05,0.01,0.02,2337.519314,1776388902000
1776388904.247,104.247,0.05,10.0,0.04,18.95,0.07,24.0,0.08,27.38,0.92,7.38,0.91,15.0,0.96,18.95,0.97,10.0,0.02,0.04,2337.516744,1776388903000
1776388904.464,104.464,0.05,10.0,0.04,18.95,0.07,35.0,0.08,27.38,0.93,24.0,0.92,27.38,0.95,10.0,0.96,18.95,0.02,0.02,2337.516744,1776388903000
1776388904.826,104.826,0.05,10.0,0.04,13.95,0.07,35.87,0.08,27.38,0.93,44.87,0.92,27.38,0.95,10.0,0.96,13.95,0.02,0.02,2337.516744,1776388903000
1776388905.157,105.157,0.05,5.0,0.04,13.95,0.07,29.87,0.08,22.38,0.93,44.87,0.92,22.38,0.95,10.0,0.96,13.95,0.02,0.02,2337.516744,1776388903000
1776388905.468,105.468,0.05,3.94,0.04,13.95,0.07,29.87,0.08,22.38,0.93,29.87,0.92,22.38,0.95,5.0,0.96,13.95,0.02,0.02,2337.516417,1776388904000
1776388906.651,106.651,0.01,790.55,,,0.06,88.68,0.07,20.87,0.93,29.87,0.92,22.38,0.95,3.94,0.96,13.95,0.05,0.02,2337.17814,1776388905000
1776388906.944,106.944,0.04,184.84,0.03,15.0,0.05,15.0,0.06,89.68,0.94,88.68,0.93,20.87,0.99,790.55,,,0.01,0.05,2337.10343,1776388906000
1776388908.228,108.228,0.04,184.84,0.03,10.0,0.06,89.68,0.07,20.87,0.95,15.0,0.94,89.68,0.96,184.84,0.97,15.0,0.02,0.01,2337.092078,1776388907000
1776388910.498,110.498,0.04,144.84,0.03,15.0,0.05,93.12,0.06,84.68,0.94,89.68,0.93,20.87,0.96,184.84,0.97,10.0,0.01,0.02,2337.059012,1776388908000
1776388910.972,110.972,0.04,137.59,0.03,15.0,0.05,93.12,0.06,84.68,0.95,93.12,0.94,84.68,0.96,139.68,0.97,15.0,0.01,0.01,2337.059012,1776388908000
1776388911.222,111.222,0.04,73.91,0.03,15.0,0.05,83.12,0.06,84.68,0.95,93.12,0.94,84.68,0.96,123.91,0.97,15.0,0.01,0.01,2337.283415,1776388910000
1776388911.589,111.589,0.02,187.61,0.01,781.35,0.05,83.12,0.06,84.68,0.95,83.12,0.94,84.68,0.96,73.91,0.97,15.0,0.03,0.01,2337.283415,1776388910000
1776388912.46,112.46,0.03,13.0,0.02,197.61,0.06,25.51,0.07,10.87,0.94,29.8,0.93,10.87,0.97,8.0,0.98,197.61,0.03,0.03,2337.283415,1776388910000
1776388914.548,114.548,0.05,14.78,0.04,15.0,0.06,44.51,0.07,10.87,0.94,25.51,0.93,10.87,0.97,13.0,0.98,197.61,0.01,0.03,2337.879835,1776388913000
1776388916.204,116.204,0.05,9.51,0.04,15.0,0.06,20.0,0.07,10.87,0.93,10.87,0.92,15.0,0.95,14.78,0.96,15.0,0.01,0.02,2337.860242,1776388914000
1776388916.577,116.577,0.05,6.87,0.04,15.0,0.06,20.0,0.07,10.87,0.94,20.0,0.93,10.87,0.95,9.51,0.96,15.0,0.01,0.01,2337.804294,1776388915000
1776388916.955,116.955,0.03,9.0,0.02,132.48,0.05,5.0,0.06,20.0,0.94,20.0,0.93,10.87,0.98,132.48,0.99,1030.39,0.02,0.04,2337.804294,1776388915000
1776388919.147,119.147,0.04,3.8,0.03,9.0,0.06,168.93,0.07,15.0,0.91,2.89,0.9,17.08,0.97,9.0,0.98,132.48,0.02,0.06,2337.880158,1776388918000
1776388919.797,119.797,0.05,9.78,0.04,15.0,0.06,163.93,0.07,15.0,0.94,168.93,0.93,15.0,0.98,43.06,0.99,830.88,0.01,0.04,2337.880158,1776388918000
1776388920.61,120.61,0.04,6.0,0.03,15.0,0.05,17.09,0.06,178.93,0.95,6.09,0.94,163.93,0.96,15.0,0.97,15.0,0.01,0.01,2337.875526,1776388919000
1776388921.031,121.031,0.04,1.0,0.03,15.0,0.05,22.09,0.06,178.93,0.95,27.09,0.94,178.93,0.96,1.0,0.97,15.0,0.01,0.01,2337.875526,1776388919000
1776388921.49,121.49,0.03,4.84,0.02,130.05,0.04,9.94,0.05,17.09,0.95,22.09,0.94,178.93,0.97,4.84,0.98,68.05,0.01,0.02,2337.875526,1776388919000
1776388921.885,121.885,0.03,15.0,0.02,44.89,0.06,108.96,0.07,20.0,0.96,9.94,0.95,17.09,0.98,34.89,0.99,1257.35,0.03,0.02,2337.879505,1776388920000
1776388922.549,122.549,0.03,13.96,0.02,108.52,0.05,69.73,0.06,108.96,0.94,108.96,0.93,20.0,0.97,15.0,0.98,44.89,0.02,0.03,2337.88455,1776388921000
1776388922.843,122.843,0.03,2.89,0.02,108.52,0.05,69.73,0.06,108.96,0.95,69.73,0.94,108.96,0.97,8.96,0.98,108.52,0.02,0.02,2337.88455,1776388921000
1776388923.139,123.139,0.03,0.17,0.02,108.52,0.05,69.73,0.06,108.96,0.95,69.73,0.94,108.96,0.97,2.89,0.98,108.52,0.02,0.02,2337.908899,1776388922000
1776388923.55,123.55,0.03,0.17,0.02,78.52,0.05,79.73,0.06,108.96,0.95,69.73,0.94,108.96,0.97,0.17,0.98,108.52,0.02,0.02,2337.908899,1776388922000
1776388923.966,123.966,0.03,3.29,0.02,10.0,0.05,111.32,0.06,20.0,0.95,91.73,0.94,20.0,0.97,3.29,0.98,10.0,0.02,0.02,2337.908899,1776388922000
1776388924.187,124.187,0.01,691.03,,,0.05,74.32,0.06,20.0,0.95,116.32,0.94,20.0,0.98,10.0,0.99,691.27,0.04,0.03,2337.908899,1776388922000
1776388925.99,125.99,0.02,14.89,0.01,926.07,0.04,87.31,0.05,59.32,0.95,74.32,0.94,20.0,0.99,691.03,,,0.02,0.04,2338.17097,1776388924000
1776388927.012,127.012,0.02,13.67,0.01,926.07,0.04,87.31,0.05,59.32,0.96,87.31,0.95,59.32,0.98,14.89,0.99,926.07,0.02,0.02,2338.17097,1776388924000
1776388928.744,128.744,0.03,8.96,0.02,13.67,0.04,92.31,0.05,9.59,0.96,87.31,0.95,59.32,0.98,13.67,0.99,926.07,0.01,0.02,2337.682036,1776388927000
1776388929.063,129.063,0.02,6.63,0.01,1063.11,0.04,92.31,0.05,9.59,0.96,92.31,0.95,9.59,0.97,8.96,0.98,13.67,0.02,0.01,2337.682036,1776388927000
1776388930.901,130.901,0.01,477.57,,,0.03,42.33,0.04,92.31,0.96,92.31,0.95,9.59,0.98,6.63,0.99,1063.11,0.02,0.02,2337.800005,1776388929000
1776388931.226,131.226,0.01,499.46,,,0.03,42.33,0.04,92.31,0.97,42.33,0.96,92.31,0.99,457.57,,,0.02,0.02,2337.800005,1776388929000
1776388931.669,131.669,0.01,487.46,,,0.03,47.33,0.04,92.31,0.97,42.33,0.96,92.31,0.99,499.46,,,0.02,0.02,2337.822535,1776388930000
1776388932.151,132.151,0.01,472.4,,,0.03,13.33,0.04,92.31,0.97,13.33,0.96,92.31,0.99,487.46,,,0.02,0.02,2337.83822,1776388931000
1776388933.18,133.18,0.02,6.0,0.01,682.24,0.03,114.79,0.04,92.31,0.97,13.33,0.96,92.31,0.99,472.4,,,0.01,0.02,2337.83822,1776388931000
1776388933.42,133.42,0.02,3.44,0.01,682.24,0.03,121.79,0.04,92.31,0.97,114.79,0.96,92.31,0.98,6.0,0.99,682.24,0.01,0.01,2337.398781,1776388932000
1776388933.916,133.916,0.01,635.68,,,0.03,126.79,0.04,92.31,0.97,121.79,0.96,92.31,0.98,3.44,0.99,682.24,0.02,0.01,2337.398781,1776388932000
1776388934.179,134.179,0.01,585.17,,,0.03,90.14,0.04,92.31,0.97,126.79,0.96,92.31,0.99,585.17,,,0.02,0.02,2337.398781,1776388932000
1776388934.451,134.451,0.01,585.12,,,0.03,116.45,0.04,92.31,0.97,106.14,0.96,92.31,0.98,4.0,0.99,585.17,0.02,0.01,2337.369199,1776388933000
1776388935.008,135.008,0.01,553.27,,,0.03,210.93,0.04,92.31,0.97,116.45,0.96,92.31,0.99,581.12,,,0.02,0.02,2337.440821,1776388934000
1776388936.889,136.889,0.01,519.27,,,0.02,101.68,0.03,106.45,0.97,210.93,0.96,92.31,0.99,553.27,,,0.01,0.02,2337.496967,1776388935000
1776388938.409,138.409,0.01,234.76,,,0.02,116.68,0.03,121.45,0.98,101.68,0.97,106.45,0.99,519.27,,,0.01,0.01,2337.467212,1776388937000
1776388940.804,140.804,0.01,214.76,,,0.02,197.43,0.03,252.45,0.98,116.68,0.97,121.45,0.99,234.76,,,0.01,0.01,2337.142,1776388939000
1776388942.312,142.312,0.01,206.68,,,0.02,197.43,0.03,271.45,0.98,197.43,0.97,252.45,0.99,214.76,,,0.01,0.01,2336.83215,1776388940000
1776388942.521,142.521,0.01,205.66,,,0.02,197.43,0.03,271.45,0.98,197.43,0.97,271.45,0.99,206.68,,,0.01,0.01,2336.83215,1776388940000
1776388943.003,143.003,0.01,138.83,,,0.02,187.43,0.03,271.45,0.98,187.43,0.97,271.45,0.99,175.66,,,0.01,0.01,2336.748236,1776388941000
1776388943.295,143.295,0.01,133.83,,,0.02,187.43,0.03,271.45,0.98,187.43,0.97,271.45,0.99,138.83,,,0.01,0.01,2336.748236,1776388941000
1776388943.809,143.809,0.01,123.83,,,0.02,187.43,0.03,271.45,0.98,187.43,0.97,271.45,0.99,133.83,,,0.01,0.01,2336.747988,1776388942000
1776388944.175,144.175,,,,,0.01,176.17,0.02,187.43,0.98,187.43,0.97,271.45,0.99,123.83,,,,0.01,2336.734826,1776388943000
1776388944.493,144.493,,,,,0.01,480.12,0.02,187.43,0.99,176.17,0.98,187.43,,,,,,,2336.734826,1776388943000
1776388945.439,145.439,0.01,2085.97,,,0.02,187.43,0.03,668.45,0.98,187.43,0.97,549.45,0.99,2050.97,,,0.01,0.01,2336.39,1776388944000
1776388946.872,146.872,0.01,1655.97,,,0.02,272.43,0.03,623.45,0.98,187.43,0.97,668.45,0.99,2055.97,,,0.01,0.01,2336.268115,1776388945000
1776388947.481,147.481,0.01,1575.97,,,0.02,272.43,0.03,623.45,0.98,272.43,0.97,623.45,0.99,1655.97,,,0.01,0.01,2336.194088,1776388946000
1776388948.069,148.069,0.01,1495.97,,,0.02,352.43,0.03,717.15,0.98,272.43,0.97,623.45,0.99,1545.97,,,0.01,0.01,2336.194088,1776388946000
1776388949.243,149.243,0.01,99.79,,,0.02,217.43,0.03,740.15,0.98,352.43,0.97,717.15,0.99,1495.97,,,0.01,0.01,2336.162226,1776388948000
1776388949.892,149.892,0.01,24.79,,,0.02,222.43,0.03,740.15,0.98,217.43,0.97,740.15,0.99,99.79,,,0.01,0.01,2336.162226,1776388948000
1776388950.178,150.178,0.01,19.79,,,0.02,232.43,0.03,740.15,0.98,222.43,0.97,740.15,0.99,24.79,,,0.01,0.01,2335.941025,1776388949000
1776388950.523,150.523,0.01,24.79,,,0.02,232.42,0.03,740.15,0.98,232.43,0.97,740.15,0.99,19.79,,,0.01,0.01,2335.941025,1776388949000
1776388952.004,152.004,,,,,0.01,3.81,0.02,120.75,0.98,232.42,0.97,740.15,0.99,4.79,,,,0.01,2335.337929,1776388950000
1776388952.377,152.377,,,,,0.02,117.56,0.03,740.15,0.99,3.81,0.98,120.75,,,,,,,2335.337929,1776388950000
1776388952.72,152.72,,,,,0.02,111.11,0.03,740.15,0.98,117.56,0.97,740.15,,,,,,,2335.364168,1776388951000
1776388953.409,153.409,0.01,8.98,,,0.02,111.11,0.03,735.15,0.98,111.11,0.97,740.15,,,,,0.01,,2335.369955,1776388952000
1776388953.889,153.889,0.01,3.98,,,0.02,111.11,0.03,735.15,0.98,111.11,0.97,735.15,0.99,8.98,,,0.01,0.01,2335.369955,1776388952000
1776388955.23,155.23,,,,,0.02,294.81,0.03,735.15,0.98,111.11,0.97,735.15,,,,,,,2335.521958,1776388954000
1776388959.539,159.539,0.01,5.0,,,0.02,322.81,0.03,706.84,0.98,294.81,0.97,735.15,,,,,0.01,,2335.052738,1776388957000
1776388960.757,160.757,,,,,0.02,322.81,0.03,706.84,0.98,322.81,0.97,706.84,0.99,5.0,,,,0.01,2335.11794,1776388959000
1776388969.004,169.004,,,,,0.01,40.25,0.02,312.81,0.98,322.81,0.97,706.84,,,,,,,2335.186121,1776388967000
1776388970.804,170.804,,,,,0.01,21.3,0.02,282.45,0.99,35.25,0.98,312.81,,,,,,,2335.23813,1776388969000
1776388979.524,179.524,,,,,0.02,189.85,0.03,706.84,0.99,21.3,0.98,282.45,,,,,,,2335.052106,1776388978000
1776388979.844,179.844,,,,,0.02,201.85,0.03,724.84,0.98,189.85,0.97,706.84,,,,,,,2335.052106,1776388978000
1776388982.902,182.902,0.01,295.0,,,0.02,226.85,0.03,706.84,0.98,201.85,0.97,724.84,,,,,0.01,,2335.705258,1776388981000
1776388983.277,183.277,0.01,272.0,,,0.02,235.7,0.03,706.84,0.98,216.85,0.97,706.84,0.99,287.0,,,0.01,0.01,2335.774919,1776388982000
1776388983.531,183.531,0.01,267.0,,,0.02,283.7,0.03,727.84,0.98,240.7,0.97,706.84,0.99,267.0,,,0.01,0.01,2335.774919,1776388982000
1776388984.324,184.324,0.01,156.24,,,0.02,255.7,0.03,727.84,0.98,283.7,0.97,727.84,0.99,257.55,,,0.01,0.01,2335.774919,1776388982000
1776388984.705,184.705,0.01,151.24,,,0.02,245.7,0.03,727.84,0.98,255.7,0.97,727.84,0.99,156.24,,,0.01,0.01,2335.749258,1776388983000
1776388985.142,185.142,0.01,111.24,,,0.02,240.7,0.03,711.84,0.98,245.7,0.97,727.84,0.99,151.24,,,0.01,0.01,2335.633995,1776388984000
1776388985.343,185.343,0.01,23.36,,,0.02,326.7,0.03,711.84,0.98,307.7,0.97,711.84,0.99,53.36,,,0.01,0.01,2335.633995,1776388984000
1776388993.118,193.118,,,,,0.01,1377.17,0.02,309.55,0.98,326.7,0.97,1002.3,,,,,,,2334.503268,1776388991000
1776389003.004,203.004,,,,,0.01,1364.29,0.02,309.45,0.99,1384.29,0.98,309.55,,,,,,,2334.646674,1776389001000
1776389015.052,215.052,,,,,0.01,2946.79,0.02,309.45,0.99,1359.29,0.98,309.45,,,,,,,2334.553282,1776389013000
1776389024.96,224.96,,,,,0.01,20032.81,0.02,233.7,0.99,2941.79,0.98,309.45,,,,,,,2333.317614,1776389023000
1776389034.884,234.884,,,,,0.01,20076.86,0.02,524.16,0.99,20027.81,0.98,233.7,,,,,,,2333.85265,1776389033000
1776389044.982,244.982,,,,,0.01,21339.18,0.02,233.7,0.99,20071.86,0.98,524.16,,,,,,,2333.573202,1776389044000
1776389054.903,254.903,,,,,0.01,21914.18,0.02,261.7,0.99,21334.18,0.98,233.7,,,,,,,2333.659307,1776389053000
1776389064.813,264.813,,,,,0.01,22829.12,0.02,261.7,0.99,21909.18,0.98,261.7,,,,,,,2332.93967,1776389063000
1776389067.287,267.287,,,,,0.01,22886.22,0.02,261.7,0.99,22824.12,0.98,261.7,,,,,,,2332.81599,1776389065000
1776389074.814,274.814,,,,,0.01,23455.7,0.02,261.7,0.99,22886.22,0.98,261.7,,,,,,,2332.039573,1776389073000
1776389084.865,284.865,,,,,0.01,23508.7,0.02,78.0,0.99,23450.7,0.98,261.7,,,,,,,2333.175931,1776389083000
1776389097.766,297.766,0.001,235.0,,,0.009,400.0,0.01,9714.97,0.99,23503.7,0.98,78.0,,,,,0.008,,2332.761902,1776389096000
1776389098.142,298.142,0.001,208.97,,,0.009,424.0,0.01,9765.02,0.991,400.0,0.99,9714.97,0.999,214.98,,,0.008,0.008,2332.761902,1776389096000

# RESULT,winner=Down,slug=eth-updown-5m-1776388800,ticks=198
