timestamp,elapsed_sec,up_bid_p1,up_bid_s1,up_bid_p2,up_bid_s2,up_ask_p1,up_ask_s1,up_ask_p2,up_ask_s2,down_bid_p1,down_bid_s1,down_bid_p2,down_bid_s2,down_ask_p1,down_ask_s1,down_ask_p2,down_ask_s2,up_spread,down_spread,eth_price,eth_oracle_ts
1776341401.006,1.006,0.43,70.0,0.42,70.0,0.45,139.0,0.48,10.0,0.55,139.0,0.52,10.0,0.57,70.0,0.58,70.0,0.02,0.02,2337.494705,1776341400000
1776341401.33,1.33,0.43,70.0,0.42,70.0,0.45,69.0,0.48,10.0,0.55,139.0,0.52,10.0,0.57,70.0,0.58,70.0,0.02,0.02,2337.494705,1776341400000
1776341401.575,1.575,0.48,5.0,0.47,84.71,0.49,232.2,0.5,10.0,0.51,235.2,0.5,10.0,0.53,74.71,0.55,5.0,0.01,0.02,2337.494705,1776341400000
1776341401.873,1.873,0.48,5.0,0.47,74.71,0.49,223.95,0.5,10.0,0.51,232.2,0.5,10.0,0.52,5.0,0.53,84.71,0.01,0.01,2337.494705,1776341400000
1776341402.106,2.106,0.48,110.0,0.47,86.71,0.49,211.55,0.5,10.0,0.51,220.64,0.5,10.0,0.52,5.0,0.53,74.71,0.01,0.01,2337.525765,1776341401000
1776341402.583,2.583,0.48,177.14,0.47,86.71,0.49,205.55,0.5,10.0,0.51,211.55,0.5,10.0,0.52,110.0,0.53,86.71,0.01,0.01,2337.525765,1776341401000
1776341403.0,3.0,0.48,172.14,0.47,86.71,0.49,196.36,0.5,10.0,0.51,205.55,0.5,10.0,0.52,177.14,0.53,86.71,0.01,0.01,2337.525765,1776341401000
1776341403.518,3.518,0.48,182.14,0.47,126.71,0.49,169.89,0.5,10.0,0.51,196.36,0.5,10.0,0.52,172.14,0.53,86.71,0.01,0.01,2337.811816,1776341402000
1776341403.921,3.921,0.48,182.14,0.47,126.71,0.49,152.68,0.5,10.0,0.51,159.68,0.5,10.0,0.52,187.14,0.53,126.71,0.01,0.01,2337.811816,1776341402000
1776341404.518,4.518,0.48,187.14,0.47,138.71,0.49,142.47,0.5,22.0,0.51,142.47,0.5,22.0,0.52,187.14,0.53,138.71,0.01,0.01,2337.942115,1776341403000
1776341405.09,5.09,0.48,179.02,0.47,138.71,0.49,124.83,0.5,22.0,0.51,142.47,0.5,22.0,0.52,184.02,0.53,138.71,0.01,0.01,2337.942115,1776341403000
1776341405.399,5.399,0.48,174.02,0.47,138.71,0.49,122.66,0.5,22.0,0.51,124.83,0.5,22.0,0.52,179.02,0.53,138.71,0.01,0.01,2337.942115,1776341403000
1776341405.924,5.924,0.48,179.02,0.47,138.71,0.49,117.66,0.5,22.0,0.51,122.66,0.5,22.0,0.52,174.02,0.53,138.71,0.01,0.01,2337.96049,1776341405000
1776341406.343,6.343,0.48,179.02,0.47,138.71,0.49,107.66,0.5,22.0,0.51,112.66,0.5,22.0,0.52,179.02,0.53,138.71,0.01,0.01,2337.96049,1776341405000
1776341407.089,7.089,0.48,179.02,0.47,138.71,0.49,102.66,0.5,22.0,0.51,107.66,0.5,22.0,0.52,179.02,0.53,138.71,0.01,0.01,2337.955715,1776341406000
1776341408.499,8.499,0.48,194.52,0.47,138.71,0.49,0.61,0.5,22.0,0.51,102.66,0.5,22.0,0.52,179.02,0.53,138.71,0.01,0.01,2337.95664,1776341407000
1776341409.439,9.439,0.48,210.67,0.47,138.71,0.49,0.61,0.5,22.0,0.51,0.61,0.5,22.0,0.52,194.52,0.53,138.71,0.01,0.01,2338.074433,1776341408000
1776341409.982,9.982,0.48,231.63,0.47,134.0,0.5,12.35,0.51,6.0,0.51,0.61,0.5,22.0,0.52,210.67,0.53,138.71,0.02,0.01,2338.078788,1776341409000
1776341410.267,10.267,0.5,176.9,0.49,147.5,0.52,8.39,0.57,70.0,0.5,7.35,0.49,6.0,0.51,20.5,0.52,337.63,0.02,0.01,2338.078788,1776341409000
1776341410.535,10.535,0.56,10.0,0.55,10.0,0.57,34.53,0.6,70.0,0.43,52.85,0.4,70.0,0.44,10.0,0.45,10.0,0.01,0.01,2338.078788,1776341409000
1776341411.1,11.1,0.54,10.0,0.53,22.0,0.55,241.58,0.56,132.0,0.43,34.53,0.4,70.0,0.44,10.0,0.45,10.0,0.01,0.01,2337.97425,1776341410000
1776341411.33,11.33,0.54,80.02,0.53,32.0,0.55,203.39,0.56,17.0,0.45,203.39,0.44,17.0,0.46,20.5,0.47,22.0,0.01,0.01,2337.97425,1776341410000
1776341412.313,12.313,0.54,99.22,0.53,30.5,0.55,173.89,0.63,5.0,0.45,203.39,0.44,17.0,0.46,80.02,0.47,32.0,0.01,0.01,2337.97727,1776341411000
1776341412.518,12.518,0.54,199.22,0.53,30.5,0.55,92.23,0.63,5.0,0.45,102.23,0.37,5.0,0.46,199.22,0.47,30.5,0.01,0.01,2337.97727,1776341411000
1776341412.921,12.921,0.61,49.98,0.58,8.62,0.66,70.0,0.67,98.39,0.33,28.39,0.3,70.0,0.37,39.77,0.38,8.06,0.05,0.04,2337.97727,1776341411000
1776341413.341,13.341,0.61,5.0,0.59,18.18,0.66,76.07,0.67,98.39,0.34,70.0,0.33,98.39,0.39,49.98,0.41,18.18,0.05,0.05,2338.144589,1776341412000
1776341413.631,13.631,0.65,7.69,0.59,18.18,0.66,51.88,0.67,98.39,0.34,52.88,0.33,98.39,0.41,18.18,0.44,67.0,0.01,0.07,2338.144589,1776341412000
1776341413.88,13.88,0.65,10.0,0.64,10.0,0.66,26.85,0.67,98.39,0.34,31.85,0.33,98.39,0.35,10.0,0.36,10.0,0.01,0.01,2338.144589,1776341412000
1776341414.316,14.316,0.65,7.14,0.64,6.49,0.66,21.85,0.67,98.39,0.34,26.85,0.33,98.39,0.36,6.49,0.37,10.0,0.01,0.02,2338.713116,1776341413000
1776341414.653,14.653,0.65,7.14,0.64,6.49,0.66,21.85,0.67,98.39,0.34,21.85,0.33,98.39,0.35,7.14,0.36,6.49,0.01,0.01,2338.713116,1776341413000
1776341415.037,15.037,0.65,32.14,0.64,6.49,0.66,26.85,0.67,113.39,0.34,21.85,0.33,98.39,0.35,7.14,0.36,6.49,0.01,0.01,2339.095825,1776341414000
1776341415.301,15.301,0.65,78.14,0.64,6.49,0.66,16.85,0.67,98.39,0.34,26.85,0.33,113.39,0.35,32.14,0.36,6.49,0.01,0.01,2339.095825,1776341414000
1776341415.923,15.923,0.65,83.14,0.64,18.49,0.66,7.45,0.67,113.39,0.34,16.85,0.33,98.39,0.35,78.14,0.36,6.49,0.01,0.01,2339.095825,1776341414000
1776341416.23,16.23,0.65,83.14,0.64,18.49,0.67,104.68,0.68,12.0,0.34,2.29,0.33,103.39,0.35,83.14,0.36,18.49,0.02,0.01,2339.095825,1776341414000
1776341417.185,17.185,0.66,15.0,0.65,103.64,0.67,107.23,0.69,12.0,0.33,104.68,0.32,12.0,0.35,83.14,0.36,18.49,0.01,0.02,2339.104451,1776341415000
1776341417.43,17.43,0.66,92.21,0.65,103.64,0.67,95.23,0.69,12.0,0.33,107.23,0.31,12.0,0.34,15.0,0.35,103.64,0.01,0.01,2339.104451,1776341415000
1776341418.06,18.06,0.66,96.32,0.65,108.64,0.67,95.23,0.69,22.5,0.33,95.23,0.31,12.0,0.34,92.21,0.35,103.64,0.01,0.01,2339.196703,1776341416000
1776341418.276,18.276,0.66,116.82,0.65,103.64,0.67,97.79,0.69,22.5,0.33,95.23,0.31,22.5,0.34,96.32,0.35,108.64,0.01,0.01,2339.196703,1776341416000
1776341418.575,18.575,0.66,116.82,0.65,103.64,0.67,87.18,0.69,22.5,0.33,97.79,0.31,22.5,0.34,116.82,0.35,103.64,0.01,0.01,2339.097292,1776341417000
1776341419.014,19.014,0.66,116.82,0.65,103.64,0.67,83.09,0.69,22.5,0.33,87.18,0.31,22.5,0.34,116.82,0.35,103.64,0.01,0.01,2339.097292,1776341417000
1776341419.872,19.872,0.66,111.82,0.65,103.64,0.67,81.59,0.69,22.5,0.33,83.09,0.31,22.5,0.34,116.82,0.35,103.64,0.01,0.01,2339.223176,1776341418000
1776341421.597,21.597,0.66,8.0,0.65,70.0,0.67,139.09,0.68,110.5,0.33,81.59,0.31,22.5,0.34,111.82,0.35,103.64,0.01,0.01,2339.219572,1776341420000
1776341421.824,21.824,0.65,65.0,0.64,178.0,0.67,163.09,0.68,110.5,0.33,163.09,0.32,110.5,0.35,70.0,0.36,178.0,0.02,0.02,2339.219572,1776341420000
1776341423.664,23.664,0.64,184.8,0.63,22.0,0.65,13.48,0.66,210.5,0.35,15.5,0.34,240.5,0.36,16.0,0.37,188.0,0.01,0.01,2339.029514,1776341422000
1776341424.549,24.549,0.64,127.09,0.63,38.0,0.65,2.81,0.66,200.5,0.35,13.48,0.34,210.5,0.36,184.8,0.37,22.0,0.01,0.01,2338.962021,1776341423000
1776341426.204,26.204,0.65,135.37,0.64,63.0,0.66,147.46,0.67,92.09,0.35,2.81,0.34,200.5,0.36,127.09,0.37,38.0,0.01,0.01,2338.743778,1776341424000
1776341426.404,26.404,0.65,128.37,0.64,36.0,0.66,229.5,0.67,183.09,0.34,147.46,0.33,92.09,0.35,135.37,0.36,63.0,0.01,0.01,2338.743778,1776341424000
1776341432.411,32.411,0.65,175.0,0.64,75.6,0.66,241.0,0.67,183.09,0.34,229.5,0.33,183.09,0.35,128.37,0.36,36.0,0.01,0.01,2338.771119,1776341430000
1776341433.004,33.004,0.65,145.0,0.64,75.6,0.66,212.39,0.67,183.09,0.34,209.0,0.33,183.09,0.35,175.0,0.36,75.6,0.01,0.01,2338.786389,1776341431000
1776341435.215,35.215,0.65,373.0,0.64,200.85,0.67,183.09,0.68,122.5,0.34,212.39,0.33,183.09,0.35,145.0,0.36,75.6,0.02,0.01,2338.87927,1776341433000
1776341435.797,35.797,0.66,258.86,0.65,263.91,0.67,173.28,0.68,180.5,0.33,176.73,0.32,122.5,0.34,15.0,0.35,368.0,0.01,0.01,2338.87927,1776341433000
1776341436.006,36.006,0.66,253.86,0.65,263.91,0.67,171.78,0.68,180.5,0.33,173.28,0.32,180.5,0.34,258.86,0.35,263.91,0.01,0.01,2338.87927,1776341433000
1776341436.946,36.946,0.66,285.86,0.65,279.91,0.67,145.28,0.68,170.0,0.33,161.78,0.32,180.5,0.34,253.86,0.35,263.91,0.01,0.01,2338.810357,1776341435000
1776341437.607,37.607,0.66,277.5,0.65,274.41,0.67,19.73,0.68,170.0,0.33,139.28,0.32,170.0,0.34,280.86,0.35,279.91,0.01,0.01,2338.99716,1776341436000
1776341440.042,40.042,0.66,277.5,0.65,274.41,0.67,14.73,0.68,170.0,0.33,19.73,0.32,170.0,0.34,277.5,0.35,274.41,0.01,0.01,2339.038307,1776341438000
1776341441.156,41.156,0.67,304.97,0.66,195.5,0.68,159.22,0.69,170.0,0.32,170.0,0.31,112.0,0.33,9.94,0.34,279.5,0.01,0.01,2338.984583,1776341439000
1776341442.289,42.289,0.67,248.0,0.66,231.79,0.68,59.85,0.69,70.0,0.32,159.22,0.31,170.0,0.33,304.97,0.34,195.5,0.01,0.01,2339.013435,1776341441000
1776341443.517,43.517,0.67,263.5,0.66,220.0,0.68,55.2,0.69,70.0,0.32,59.85,0.31,70.0,0.33,248.0,0.34,231.79,0.01,0.01,2339.013435,1776341441000
1776341445.082,45.082,0.68,35.0,0.67,280.5,0.69,68.4,0.7,82.0,0.32,55.2,0.31,70.0,0.33,263.5,0.34,220.0,0.01,0.01,2339.013435,1776341441000
1776341445.447,45.447,0.68,189.5,0.67,167.5,0.71,64.29,0.74,7.0,0.31,68.4,0.3,82.0,0.32,35.0,0.33,280.5,0.03,0.01,2339.013435,1776341441000
1776341445.661,45.661,0.7,191.5,0.69,126.5,0.71,62.23,0.74,77.0,0.29,64.29,0.26,7.0,0.32,189.5,0.33,167.5,0.01,0.03,2339.013435,1776341441000
1776341445.953,45.953,0.7,231.5,0.69,142.5,0.71,52.15,0.74,77.0,0.29,57.23,0.26,77.0,0.3,196.5,0.31,142.5,0.01,0.01,2339.013435,1776341441000
1776341446.679,46.679,0.7,343.03,0.69,240.99,0.71,50.74,0.73,12.0,0.29,52.15,0.26,77.0,0.3,214.83,0.31,142.5,0.01,0.01,2339.055588,1776341444000
1776341447.964,47.964,0.73,340.5,0.72,232.63,0.74,58.7,0.76,82.0,0.26,63.7,0.24,70.0,0.27,53.5,0.28,132.0,0.01,0.01,2339.417608,1776341446000
1776341449.113,49.113,0.74,11.86,0.73,446.5,0.76,82.0,0.77,95.0,0.26,13.14,0.24,82.0,0.27,335.5,0.28,237.63,0.02,0.01,2339.521061,1776341447000
1776341450.072,50.072,0.75,326.5,0.74,79.36,0.76,70.0,0.77,70.0,0.24,82.0,0.23,95.0,0.26,11.86,0.27,446.5,0.01,0.02,2339.544597,1776341448000
1776341451.208,51.208,0.75,321.5,0.74,67.5,0.76,57.97,0.77,70.0,0.24,70.0,0.23,70.0,0.25,326.5,0.26,79.36,0.01,0.01,2339.726108,1776341449000
1776341451.562,51.562,0.75,316.97,0.74,67.5,0.76,57.97,0.77,70.0,0.24,57.97,0.23,70.0,0.25,321.5,0.26,67.5,0.01,0.01,2339.663405,1776341450000
1776341452.283,52.283,0.76,20.5,0.75,447.17,0.79,26.0,0.8,34.0,0.24,57.97,0.23,70.0,0.25,316.97,0.26,67.5,0.03,0.01,2339.663405,1776341450000
1776341453.449,53.449,0.78,284.33,0.77,80.97,0.79,8.68,0.8,35.5,0.21,26.0,0.2,34.0,0.24,20.5,0.25,447.17,0.01,0.03,2339.677435,1776341452000
1776341453.78,53.78,0.78,296.33,0.77,80.97,0.79,10.68,0.8,35.5,0.21,8.68,0.2,35.5,0.22,284.33,0.23,80.97,0.01,0.01,2339.677435,1776341452000
1776341455.546,55.546,0.8,317.0,0.79,104.82,0.81,93.76,0.82,105.5,0.2,25.0,0.19,117.5,0.21,19.32,0.22,301.83,0.01,0.01,2339.86845,1776341454000
1776341455.903,55.903,0.8,1593.04,0.79,80.5,0.81,70.0,0.82,70.0,0.19,81.41,0.18,95.0,0.2,317.0,0.21,104.82,0.01,0.01,2339.86845,1776341454000
1776341456.559,56.559,0.8,313.05,0.79,192.49,0.81,34.87,0.82,70.0,0.19,37.87,0.18,70.0,0.2,1598.04,0.21,80.5,0.01,0.01,2339.990837,1776341455000
1776341456.868,56.868,0.8,820.12,0.79,192.49,0.81,26.87,0.82,70.0,0.19,34.87,0.18,70.0,0.2,313.05,0.21,192.49,0.01,0.01,2339.990837,1776341455000
1776341458.546,58.546,0.8,318.05,0.79,292.49,0.82,70.0,0.83,20.0,0.19,21.8,0.18,70.0,0.2,825.12,0.21,192.49,0.02,0.01,2340.177567,1776341457000
1776341459.501,59.501,0.81,142.45,0.8,35.0,0.82,105.0,0.83,18.5,0.18,70.0,0.17,20.0,0.2,318.05,0.21,292.49,0.01,0.02,2340.245578,1776341458000
1776341459.963,59.963,0.81,595.4,0.8,35.0,0.82,136.0,0.83,18.5,0.18,105.0,0.17,18.5,0.19,142.45,0.2,35.0,0.01,0.01,2340.245578,1776341458000
1776341460.166,60.166,0.81,58.13,0.8,30.0,0.82,119.02,0.83,18.5,0.18,139.02,0.17,18.5,0.19,98.13,0.2,35.0,0.01,0.01,2340.348245,1776341459000
1776341460.451,60.451,0.81,47.13,0.8,30.0,0.82,93.02,0.83,18.5,0.18,119.02,0.17,18.5,0.19,55.13,0.2,30.0,0.01,0.01,2340.348245,1776341459000
1776341460.663,60.663,0.81,126.88,0.8,22.0,0.82,61.43,0.83,18.5,0.18,67.52,0.17,18.5,0.19,126.88,0.2,22.0,0.01,0.01,2340.348245,1776341459000
1776341461.117,61.117,0.81,131.88,0.8,32.5,0.84,31.74,0.85,35.5,0.18,43.13,0.17,18.5,0.19,126.88,0.2,22.0,0.03,0.01,2340.348245,1776341459000
1776341461.377,61.377,0.83,25.0,0.82,27.0,0.84,31.57,0.85,52.5,0.16,31.74,0.15,35.5,0.19,131.88,0.2,32.5,0.01,0.03,2340.348245,1776341459000
1776341461.677,61.677,0.84,10.0,0.83,30.0,0.85,51.32,0.86,49.0,0.16,12.0,0.15,52.5,0.17,30.0,0.18,27.0,0.01,0.01,2340.218295,1776341460000
1776341461.925,61.925,0.84,20.12,0.83,362.46,0.85,75.82,0.86,49.0,0.15,85.82,0.14,49.0,0.16,10.0,0.17,35.0,0.01,0.01,2340.218295,1776341460000
1776341462.417,62.417,0.84,20.12,0.83,15.0,0.85,55.47,0.86,59.5,0.15,75.82,0.14,49.0,0.16,20.12,0.17,362.46,0.01,0.01,2340.124899,1776341461000
1776341462.707,62.707,0.84,15.12,0.83,20.0,0.85,53.44,0.86,34.0,0.15,53.44,0.14,59.5,0.16,20.12,0.17,15.0,0.01,0.01,2340.124899,1776341461000
1776341462.946,62.946,0.84,6.12,0.83,20.0,0.85,68.44,0.86,34.0,0.15,63.44,0.14,34.0,0.16,15.12,0.17,20.0,0.01,0.01,2340.124899,1776341461000
1776341463.226,63.226,0.84,6.12,0.83,32.0,0.85,43.44,0.86,34.0,0.15,68.44,0.14,34.0,0.16,6.12,0.17,20.0,0.01,0.01,2340.120077,1776341462000
1776341463.588,63.588,0.84,685.97,0.83,146.52,0.85,30.94,0.86,43.5,0.15,43.44,0.14,34.0,0.16,6.12,0.17,32.0,0.01,0.01,2340.120077,1776341462000
1776341463.806,63.806,0.84,56.12,0.83,32.0,0.86,43.5,0.87,10.0,0.15,30.94,0.14,43.5,0.16,685.97,0.17,146.52,0.02,0.01,2340.120077,1776341462000
1776341464.024,64.024,0.85,64.0,0.84,381.59,0.86,40.5,0.87,10.0,0.14,43.5,0.13,10.0,0.16,56.12,0.17,32.0,0.01,0.02,2340.120077,1776341462000
1776341464.455,64.455,0.85,228.65,0.84,56.83,0.86,34.5,0.87,10.0,0.14,40.5,0.13,10.0,0.15,66.99,0.16,56.83,0.01,0.01,2340.120077,1776341462000
1776341465.718,65.718,0.85,262.65,0.84,72.33,0.88,30.0,0.89,34.5,0.14,34.5,0.13,10.0,0.15,228.65,0.16,56.83,0.03,0.01,2340.146999,1776341464000
1776341466.69,66.69,0.87,213.47,0.86,47.2,0.88,18.4,0.89,9.0,0.12,25.4,0.11,22.5,0.13,32.0,0.14,20.0,0.01,0.01,2340.116556,1776341465000
1776341467.431,67.431,0.87,218.47,0.86,47.2,0.88,0.71,0.89,9.0,0.12,12.71,0.11,9.0,0.13,218.47,0.14,47.2,0.01,0.01,2340.11555,1776341466000
1776341468.491,68.491,0.89,15.2,0.88,105.37,0.9,8.3,0.91,23.0,0.12,0.71,0.11,9.0,0.13,218.47,0.14,47.2,0.01,0.01,2340.467308,1776341467000
1776341468.731,68.731,0.89,15.2,0.88,294.1,0.92,7.86,0.93,24.0,0.08,7.96,0.07,24.0,0.11,15.2,0.12,299.1,0.03,0.03,2340.467308,1776341467000
1776341468.945,68.945,0.94,29.77,0.89,15.2,0.95,42.91,0.96,87.5,0.05,45.0,0.04,87.5,0.06,29.77,0.11,15.2,0.01,0.01,2340.467308,1776341467000
1776341469.198,69.198,0.9,14.0,0.89,55.2,0.97,414.12,0.98,757.54,0.04,2.22,0.03,443.93,0.06,22.28,0.1,14.0,0.07,0.02,2340.467308,1776341467000
1776341469.535,69.535,0.93,10.0,0.92,15.0,0.94,34.78,0.95,45.0,0.03,394.12,0.02,757.54,0.07,10.0,0.08,10.0,0.01,0.04,2340.497065,1776341468000
1776341469.846,69.846,0.96,19.39,0.95,39.0,0.97,353.87,0.98,716.7,0.04,1.61,0.03,353.87,0.05,22.0,0.06,10.0,0.01,0.01,2340.497065,1776341468000
1776341470.068,70.068,0.96,53.39,0.95,53.0,0.97,345.78,0.98,802.85,0.03,347.85,0.02,716.7,0.04,19.39,0.05,53.0,0.01,0.01,2340.58636,1776341469000
1776341470.271,70.271,0.96,53.39,0.95,55.0,0.97,339.76,0.98,716.7,0.03,345.78,0.02,802.85,0.04,53.39,0.05,53.0,0.01,0.01,2340.58636,1776341469000
1776341470.542,70.542,0.96,35.44,0.95,75.24,0.97,183.76,0.98,691.7,0.03,205.76,0.02,691.7,0.04,41.45,0.05,55.0,0.01,0.01,2340.58636,1776341469000
1776341470.755,70.755,0.96,70.42,0.95,81.99,0.98,487.7,0.99,3556.69,0.03,10.0,0.02,877.7,0.04,65.42,0.05,69.3,0.02,0.01,2340.58636,1776341469000
1776341471.095,71.095,0.97,11.27,0.96,267.72,0.98,302.7,0.99,3456.69,0.02,287.7,0.01,3556.69,0.04,70.42,0.05,81.99,0.01,0.02,2344.012116,1776341470000
1776341471.36,71.36,0.96,238.21,0.95,44.0,0.98,144.49,0.99,3652.69,0.02,330.49,0.01,3456.69,0.04,245.64,0.05,34.0,0.02,0.02,2344.012116,1776341470000
1776341471.72,71.72,0.96,241.76,0.95,34.0,0.97,196.0,0.98,132.64,0.03,186.0,0.02,137.64,0.04,238.21,0.05,44.0,0.01,0.01,2344.012116,1776341470000
1776341472.251,72.251,0.96,32.34,0.95,39.0,0.97,201.0,0.98,132.64,0.03,196.0,0.02,132.64,0.04,241.76,0.05,34.0,0.01,0.01,2343.980094,1776341471000
1776341472.696,72.696,0.96,32.34,0.95,39.0,0.97,190.89,0.98,132.64,0.03,201.0,0.02,132.64,0.04,32.34,0.05,39.0,0.01,0.01,2343.980094,1776341471000
1776341473.013,73.013,0.96,102.26,0.95,34.0,0.97,195.89,0.98,132.64,0.03,190.89,0.02,132.64,0.04,31.26,0.05,39.0,0.01,0.01,2343.980094,1776341471000
1776341473.37,73.37,0.96,8.81,0.95,146.0,0.97,185.91,0.98,132.64,0.03,180.91,0.02,132.64,0.04,102.26,0.05,34.0,0.01,0.01,2343.980094,1776341471000
1776341474.71,74.71,0.96,67.48,0.95,160.0,0.97,303.45,0.98,132.64,0.03,185.91,0.02,132.64,0.04,12.48,0.05,155.0,0.01,0.01,2343.916433,1776341473000
1776341475.804,75.804,0.95,128.98,0.94,15.0,0.97,179.75,0.98,729.77,0.03,303.45,0.02,132.64,0.04,67.48,0.05,160.0,0.02,0.01,2343.546922,1776341474000
1776341476.952,76.952,0.95,154.76,0.94,78.0,0.97,25.0,0.98,729.77,0.03,179.75,0.02,729.77,0.05,128.98,0.06,15.0,0.02,0.02,2343.435615,1776341475000
1776341478.314,78.314,0.95,300.0,0.94,99.0,0.97,4.74,0.98,735.75,0.03,25.0,0.02,729.77,0.05,154.76,0.06,78.0,0.02,0.02,2343.532428,1776341477000
1776341478.539,78.539,0.97,14.0,0.96,156.83,0.98,29.4,0.99,3602.28,0.02,28.4,0.01,3602.28,0.03,1.0,0.04,170.83,0.01,0.01,2343.532428,1776341477000
1776341478.773,78.773,0.97,14.0,0.96,147.83,0.99,3507.28,,,0.01,3597.28,,,0.02,371.17,0.03,214.28,0.02,0.01,2343.532428,1776341477000
1776341478.976,78.976,0.98,9.0,0.97,49.0,0.99,3436.28,,,0.01,3461.28,,,0.02,9.0,0.03,24.0,0.01,0.01,2343.532428,1776341477000
1776341479.212,79.212,0.98,4.0,0.97,49.0,0.99,3441.28,,,0.01,3436.28,,,0.02,9.0,0.03,49.0,0.01,0.01,2343.532428,1776341477000
1776341479.788,79.788,0.98,50.62,0.97,56.0,0.99,3426.28,,,0.01,3426.28,,,0.02,4.0,0.03,49.0,0.01,0.01,2343.515209,1776341478000
1776341480.065,80.065,0.98,48.54,0.97,56.0,0.99,3470.28,,,0.01,3426.28,,,0.02,50.62,0.03,56.0,0.01,0.01,2343.515209,1776341478000
1776341480.76,80.76,0.97,312.64,0.96,404.11,0.99,3421.0,,,0.01,3470.28,,,0.04,203.83,0.05,156.0,0.02,0.03,2344.530437,1776341479000
1776341481.128,81.128,0.97,343.64,0.96,203.83,0.99,3393.75,,,0.01,3421.0,,,0.03,312.64,0.04,404.11,0.02,0.02,2344.530437,1776341479000
1776341482.119,82.119,0.97,790.6,0.96,410.12,0.99,3238.13,,,0.01,3393.75,,,0.03,343.64,0.04,203.83,0.02,0.02,2345.668802,1776341480000
1776341482.548,82.548,0.97,497.96,0.96,418.12,0.99,3228.13,,,0.01,3238.13,,,0.03,790.6,0.04,410.12,0.02,0.02,2345.503239,1776341481000
1776341482.937,82.937,0.98,90.0,0.97,246.08,0.99,2859.53,,,0.01,2864.53,,,0.03,262.08,0.04,120.83,0.01,0.02,2345.503239,1776341481000
1776341483.242,83.242,0.98,90.0,0.97,246.08,0.99,2835.92,,,0.01,2854.53,,,0.02,90.0,0.03,246.08,0.01,0.01,2345.503239,1776341481000
1776341483.78,83.78,0.98,119.0,0.97,361.08,0.99,2731.64,,,0.01,2831.64,,,0.02,90.0,0.03,403.08,0.01,0.01,2345.475098,1776341482000
1776341484.536,84.536,0.98,20.0,0.97,204.78,0.99,2736.64,,,0.01,2731.64,,,0.02,119.0,0.03,361.08,0.01,0.01,2345.45287,1776341483000
1776341484.858,84.858,0.98,219.71,0.97,384.78,0.99,2436.0,,,0.01,2736.64,,,0.02,20.0,0.03,204.78,0.01,0.01,2345.45287,1776341483000
1776341485.085,85.085,0.98,282.69,0.97,404.12,0.99,2059.79,,,0.01,2064.79,,,0.02,203.7,0.03,384.78,0.01,0.01,2347.8689,1776341484000
1776341485.429,85.429,0.98,682.96,0.97,404.12,0.99,2052.79,,,0.01,2052.79,,,0.02,682.96,0.03,404.12,0.01,0.01,2347.8689,1776341484000
1776341486.135,86.135,0.98,1023.11,0.97,229.12,0.99,2012.79,,,0.01,2022.79,,,0.02,682.96,0.03,404.12,0.01,0.01,2347.902184,1776341485000
1776341486.866,86.866,0.98,1023.11,0.97,224.12,0.99,1854.79,,,0.01,1912.79,,,0.02,1028.11,0.03,229.12,0.01,0.01,2347.782635,1776341486000
1776341487.161,87.161,0.98,427.69,0.97,224.12,0.99,1829.79,,,0.01,1854.79,,,0.02,1023.11,0.03,224.12,0.01,0.01,2347.782635,1776341486000
1776341488.358,88.358,0.98,482.69,0.97,224.12,0.99,1810.79,,,0.01,1829.79,,,0.02,427.69,0.03,224.12,0.01,0.01,2348.038665,1776341487000
1776341488.829,88.829,0.98,382.69,0.97,224.12,0.99,1710.79,,,0.01,1810.79,,,0.02,482.69,0.03,224.12,0.01,0.01,2348.038665,1776341487000
1776341489.326,89.326,0.98,362.69,0.97,246.12,0.99,1103.79,,,0.01,1710.79,,,0.02,382.69,0.03,224.12,0.01,0.01,2348.365444,1776341488000
1776341489.803,89.803,0.98,362.69,0.97,246.12,0.99,1073.79,,,0.01,1103.79,,,0.02,362.69,0.03,246.12,0.01,0.01,2348.365444,1776341488000
1776341490.902,90.902,0.98,352.69,0.97,246.12,0.99,1078.79,,,0.01,1073.79,,,0.02,362.69,0.03,246.12,0.01,0.01,2348.190418,1776341489000
1776341491.144,91.144,0.98,273.7,0.97,224.12,0.99,1078.79,,,0.01,1078.79,,,0.02,332.69,0.03,224.12,0.01,0.01,2348.190418,1776341489000
1776341491.421,91.421,0.98,263.7,0.97,224.12,0.99,1448.5,,,0.01,1078.79,,,0.02,263.7,0.03,224.12,0.01,0.01,2347.956215,1776341490000
1776341491.721,91.721,0.98,258.55,0.97,224.12,0.99,1644.32,,,0.01,1448.5,,,0.02,263.7,0.03,224.12,0.01,0.01,2347.956215,1776341490000
1776341491.972,91.972,0.98,240.54,0.97,224.12,0.99,1644.32,,,0.01,1639.32,,,0.02,194.55,0.03,224.12,0.01,0.01,2347.956215,1776341490000
1776341492.371,92.371,0.98,265.15,0.97,224.12,0.99,1634.84,,,0.01,1644.32,,,0.02,240.54,0.03,224.12,0.01,0.01,2347.956215,1776341490000
1776341492.838,92.838,0.97,192.42,0.96,355.03,0.99,810.89,,,0.01,1012.89,,,0.02,265.15,0.03,224.12,0.02,0.01,2347.158832,1776341491000
1776341493.357,93.357,0.97,192.07,0.96,369.03,0.98,10.0,0.99,983.89,0.01,810.89,,,0.03,192.42,0.04,355.03,0.01,0.02,2346.442256,1776341492000
1776341493.621,93.621,0.97,182.07,0.96,369.03,0.98,8.0,0.99,998.89,0.02,10.0,0.01,968.89,0.03,182.07,0.04,369.03,0.01,0.01,2346.442256,1776341492000
1776341493.945,93.945,0.98,92.0,0.97,182.07,0.99,743.89,,,0.01,911.89,,,0.03,182.07,0.04,369.03,0.01,0.02,2346.442256,1776341492000
1776341494.312,94.312,0.98,129.82,0.97,258.6,0.99,710.8,,,0.01,743.89,,,0.02,92.0,0.03,182.07,0.01,0.01,2346.442256,1776341492000
1776341494.745,94.745,0.98,79.82,0.97,258.6,0.99,710.8,,,0.01,710.8,,,0.02,129.82,0.03,258.6,0.01,0.01,2346.07656,1776341493000
1776341495.802,95.802,0.98,90.01,0.97,295.61,0.99,670.8,,,0.01,710.8,,,0.02,79.82,0.03,258.6,0.01,0.01,2345.996036,1776341494000
1776341496.702,96.702,0.98,77.76,0.97,300.61,0.99,670.8,,,0.01,670.8,,,0.02,90.01,0.03,295.61,0.01,0.01,2345.555092,1776341495000
1776341496.96,96.96,0.97,310.61,0.96,369.03,0.98,184.84,0.99,700.8,0.02,322.93,0.01,700.8,0.03,300.61,0.04,369.03,0.01,0.01,2345.555092,1776341495000
1776341498.816,98.816,0.97,282.61,0.96,369.03,0.99,615.8,,,0.02,184.84,0.01,700.8,0.03,310.61,0.04,369.03,0.02,0.01,2345.240475,1776341497000
1776341499.089,99.089,0.97,291.61,0.96,369.03,0.98,357.93,0.99,585.8,0.01,615.8,,,0.03,282.61,0.04,369.03,0.01,0.02,2345.240475,1776341497000
1776341499.325,99.325,0.97,312.61,0.96,369.03,0.98,305.93,0.99,615.8,0.02,357.93,0.01,585.8,0.03,291.61,0.04,369.03,0.01,0.01,2345.1915,1776341498000
1776341500.14,100.14,0.97,302.61,0.96,374.03,0.99,614.78,,,0.02,305.93,0.01,615.8,0.03,312.61,0.04,369.03,0.02,0.01,2345.1915,1776341498000
1776341500.473,100.473,0.97,307.61,0.96,374.03,0.99,584.78,,,0.01,614.78,,,0.03,302.61,0.04,374.03,0.02,0.02,2345.172205,1776341499000
1776341501.997,101.997,0.97,302.61,0.96,374.03,0.99,764.62,,,0.01,584.78,,,0.03,307.61,0.04,374.03,0.02,0.02,2345.20226,1776341500000
1776341502.676,102.676,0.97,292.61,0.96,369.03,0.99,885.71,,,0.01,764.62,,,0.03,302.61,0.04,374.03,0.02,0.02,2345.260495,1776341501000
1776341503.835,103.835,0.97,281.61,0.96,369.03,0.99,830.71,,,0.01,885.71,,,0.03,292.61,0.04,369.03,0.02,0.02,2345.226696,1776341502000
1776341504.983,104.983,0.97,300.23,0.96,369.03,0.99,524.78,,,0.01,830.71,,,0.03,281.61,0.04,369.03,0.02,0.02,2345.171463,1776341503000
1776341505.625,105.625,0.97,295.23,0.96,369.03,0.99,524.78,,,0.01,524.78,,,0.03,300.23,0.04,369.03,0.02,0.02,2344.930052,1776341504000
1776341507.21,107.21,0.97,345.23,0.96,369.03,0.98,38.0,0.99,519.78,0.01,524.78,,,0.03,295.23,0.04,369.03,0.01,0.02,2344.691159,1776341505000
1776341507.723,107.723,0.97,338.23,0.96,369.03,0.98,33.0,0.99,519.78,0.02,38.0,0.01,519.78,0.03,345.23,0.04,369.03,0.01,0.01,2344.5612,1776341506000
1776341508.221,108.221,0.97,338.23,0.96,369.03,0.98,21.0,0.99,524.78,0.02,33.0,0.01,519.78,0.03,338.23,0.04,369.03,0.01,0.01,2344.5612,1776341506000
1776341508.599,108.599,0.97,265.89,0.96,369.03,0.98,23.55,0.99,524.78,0.02,28.55,0.01,524.78,0.03,294.89,0.04,369.03,0.01,0.01,2344.81521,1776341507000
1776341508.833,108.833,0.97,270.89,0.96,369.03,0.99,453.33,,,0.02,23.55,0.01,524.78,0.03,265.89,0.04,369.03,0.02,0.01,2344.81521,1776341507000
1776341509.255,109.255,0.97,337.41,0.96,369.03,0.98,610.7,0.99,453.33,0.01,453.33,,,0.03,270.89,0.04,369.03,0.01,0.02,2344.81521,1776341507000
1776341509.616,109.616,0.97,337.41,0.96,369.03,0.98,588.49,0.99,453.33,0.02,284.61,0.01,453.33,0.03,337.41,0.04,369.03,0.01,0.01,2344.81521,1776341507000
1776341510.166,110.166,0.97,312.74,0.96,369.03,0.98,184.84,0.99,558.33,0.02,588.49,0.01,453.33,0.03,337.41,0.04,369.03,0.01,0.01,2344.60191,1776341508000
1776341511.333,111.333,0.98,10.0,0.97,456.74,0.99,532.92,,,0.01,541.67,,,0.03,289.74,0.04,369.03,0.01,0.02,2344.1291,1776341510000
1776341511.879,111.879,0.98,91.66,0.97,468.08,0.99,522.67,,,0.01,532.67,,,0.02,10.0,0.03,462.74,0.01,0.01,2344.1291,1776341510000
1776341512.256,112.256,0.97,479.08,0.96,369.03,0.98,220.91,0.99,527.67,0.01,522.67,,,0.02,91.66,0.03,468.08,0.01,0.01,2344.1291,1776341510000
1776341514.448,114.448,0.97,580.08,0.96,374.03,0.98,188.84,0.99,522.67,0.02,220.91,0.01,527.67,0.03,479.08,0.04,369.03,0.01,0.01,2343.954488,1776341512000
1776341514.777,114.777,0.97,595.08,0.96,374.03,0.98,419.27,0.99,522.67,0.02,188.84,0.01,522.67,0.03,580.08,0.04,374.03,0.01,0.01,2344.034646,1776341513000
1776341517.851,117.851,0.97,606.08,0.96,369.03,0.98,10.0,0.99,522.67,0.02,419.27,0.01,522.67,0.03,595.08,0.04,374.03,0.01,0.01,2343.997695,1776341516000
1776341518.161,118.161,0.97,464.08,0.96,369.03,0.98,10.0,0.99,522.67,0.02,10.0,0.01,522.67,0.03,494.08,0.04,369.03,0.01,0.01,2343.997695,1776341516000
1776341519.173,119.173,0.97,484.08,0.96,374.03,0.99,482.06,,,0.02,10.0,0.01,522.67,0.03,464.08,0.04,369.03,0.02,0.01,2343.962827,1776341518000
1776341520.036,120.036,0.98,13.38,0.97,484.08,0.99,423.22,,,0.01,412.23,,,0.03,474.08,0.04,374.03,0.01,0.02,2343.962827,1776341518000
1776341522.34,122.34,0.97,484.08,0.96,149.53,0.98,292.55,0.99,1510.21,0.01,423.22,,,0.02,13.38,0.03,484.08,0.01,0.01,2343.688852,1776341520000
1776341522.923,122.923,0.97,484.08,0.96,149.53,0.98,446.93,0.99,1200.84,0.02,283.02,0.01,1505.21,0.03,484.08,0.04,149.53,0.01,0.01,2343.608886,1776341521000
1776341523.127,123.127,0.97,502.08,0.96,149.53,0.98,385.82,0.99,1200.84,0.02,441.82,0.01,1200.84,0.03,484.08,0.04,149.53,0.01,0.01,2343.608886,1776341521000
1776341523.621,123.621,0.97,531.08,0.96,149.53,0.98,374.61,0.99,1200.84,0.02,385.82,0.01,1200.84,0.03,502.08,0.04,149.53,0.01,0.01,2343.794736,1776341522000
1776341524.274,124.274,0.97,537.08,0.96,149.53,0.98,449.78,0.99,1200.84,0.02,374.61,0.01,1200.84,0.03,531.08,0.04,149.53,0.01,0.01,2343.723899,1776341523000
1776341525.508,125.508,0.97,527.08,0.96,144.53,0.98,444.78,0.99,1200.84,0.02,449.78,0.01,1200.84,0.03,537.08,0.04,149.53,0.01,0.01,2343.674328,1776341524000
1776341526.279,126.279,0.97,527.08,0.96,144.53,0.98,433.75,0.99,1200.84,0.02,443.75,0.01,1200.84,0.03,527.08,0.04,144.53,0.01,0.01,2343.474139,1776341525000
1776341527.088,127.088,0.98,120.0,0.97,654.08,0.99,785.84,,,0.02,433.75,0.01,1200.84,0.03,527.08,0.04,144.53,0.01,0.01,2343.474139,1776341525000
1776341528.597,128.597,0.97,642.08,0.96,143.53,0.98,107.28,0.99,1044.84,0.01,785.84,,,0.02,120.0,0.03,654.08,0.01,0.01,2343.447602,1776341527000
1776341529.963,129.963,0.97,799.08,0.96,154.03,0.98,102.28,0.99,1077.09,0.02,107.28,0.01,1044.84,0.03,642.08,0.04,143.53,0.01,0.01,2344.0474,1776341528000
1776341531.177,131.177,0.98,15.0,0.97,691.71,0.99,787.45,,,0.02,102.28,0.01,977.09,0.03,791.71,0.04,154.03,0.01,0.01,2343.781427,1776341530000
1776341531.993,131.993,0.98,5.0,0.97,661.71,0.99,572.45,,,0.01,592.45,,,0.02,5.0,0.03,661.71,0.01,0.01,2343.781427,1776341530000
1776341532.356,132.356,0.98,5.0,0.97,661.71,0.99,777.73,,,0.01,572.45,,,0.02,5.0,0.03,661.71,0.01,0.01,2343.930778,1776341531000
1776341533.422,133.422,0.98,183.5,0.97,672.21,0.99,214.47,,,0.01,777.73,,,0.02,5.0,0.03,661.71,0.01,0.01,2344.013335,1776341532000
1776341533.684,133.684,0.98,173.5,0.97,677.21,0.99,112.47,,,0.01,114.47,,,0.02,183.5,0.03,682.21,0.01,0.01,2344.013335,1776341532000
1776341534.418,134.418,0.99,492.37,0.98,178.5,,,,,,,,,0.01,187.53,0.02,173.5,,,2343.951745,1776341533000
1776341534.716,134.716,0.99,485.07,0.98,207.74,,,,,,,,,0.01,487.07,0.02,213.5,,,2343.951745,1776341533000
1776341548.033,148.033,0.98,187.22,0.97,590.5,0.99,1764.93,,,,,,,0.01,485.07,0.02,207.74,0.01,,2346.370342,1776341546000
1776341548.329,148.329,0.98,163.21,0.97,615.5,0.99,1779.93,,,0.01,1764.93,,,0.02,187.22,0.03,590.5,0.01,0.01,2346.57841,1776341547000
1776341548.538,148.538,0.98,163.21,0.97,615.5,0.99,1773.91,,,0.01,1779.93,,,0.02,163.21,0.03,615.5,0.01,0.01,2346.57841,1776341547000
1776341549.073,149.073,0.98,163.21,0.97,615.5,0.99,1758.81,,,0.01,1764.83,,,0.02,163.21,0.03,615.5,0.01,0.01,2346.57841,1776341547000
1776341550.655,150.655,0.98,152.22,0.97,650.5,0.99,1673.71,,,0.01,1673.71,,,0.02,175.22,0.03,615.5,0.01,0.01,2346.034196,1776341549000
1776341550.976,150.976,0.98,152.22,0.97,632.5,0.99,1663.71,,,0.01,1668.71,,,0.02,152.22,0.03,650.5,0.01,0.01,2346.034196,1776341549000
1776341551.244,151.244,0.98,162.22,0.97,656.5,0.99,1652.71,,,0.01,1663.71,,,0.02,152.22,0.03,632.5,0.01,0.01,2346.034196,1776341549000
1776341552.291,152.291,0.98,173.22,0.97,656.5,0.99,1970.9,,,0.01,1652.71,,,0.02,162.22,0.03,656.5,0.01,0.01,2346.0095,1776341550000
1776341552.663,152.663,0.98,163.22,0.97,656.5,0.99,2121.17,,,0.01,1968.88,,,0.02,173.22,0.03,656.5,0.01,0.01,2345.985946,1776341551000
1776341553.208,153.208,0.98,163.22,0.97,656.5,0.99,1681.89,,,0.01,2111.17,,,0.02,163.22,0.03,656.5,0.01,0.01,2346.01276,1776341552000
1776341553.846,153.846,0.98,179.22,0.97,656.5,0.99,1663.89,,,0.01,1681.89,,,0.02,163.22,0.03,656.5,0.01,0.01,2346.01276,1776341552000
1776341554.35,154.35,0.98,249.97,0.97,664.6,0.99,1658.83,,,0.01,1663.89,,,0.02,179.22,0.03,656.5,0.01,0.01,2346.024265,1776341553000
1776341554.674,154.674,0.98,249.97,0.97,664.6,0.99,1648.83,,,0.01,1658.83,,,0.02,249.97,0.03,664.6,0.01,0.01,2346.024265,1776341553000
1776341555.729,155.729,0.98,249.97,0.97,664.6,0.99,1635.75,,,0.01,1643.83,,,0.02,249.97,0.03,664.6,0.01,0.01,2345.99738,1776341554000
1776341556.679,156.679,0.98,243.98,0.97,663.6,0.99,1617.67,,,0.01,1627.67,,,0.02,249.97,0.03,664.6,0.01,0.01,2345.956136,1776341555000
1776341557.454,157.454,0.98,252.47,0.97,669.59,0.99,1614.59,,,0.01,1612.67,,,0.02,243.98,0.03,663.6,0.01,0.01,2345.888909,1776341556000
1776341557.906,157.906,0.98,221.47,0.97,609.59,0.99,1517.3,,,0.01,1614.59,,,0.02,252.47,0.03,669.59,0.01,0.01,2345.888909,1776341556000
1776341558.253,158.253,0.98,221.47,0.97,609.59,0.99,1511.14,,,0.01,1509.22,,,0.02,221.47,0.03,609.59,0.01,0.01,2345.85152,1776341557000
1776341558.677,158.677,0.98,216.47,0.97,609.59,0.99,1501.14,,,0.01,1511.14,,,0.02,221.47,0.03,609.59,0.01,0.01,2345.85152,1776341557000
1776341559.138,159.138,0.98,206.47,0.97,609.59,0.99,1382.51,,,0.01,1496.14,,,0.02,216.47,0.03,609.59,0.01,0.01,2345.841438,1776341558000
1776341559.852,159.852,0.98,206.47,0.97,609.59,0.99,1195.23,,,0.01,1382.51,,,0.02,206.47,0.03,609.59,0.01,0.01,2345.841438,1776341558000
1776341560.666,160.666,0.98,216.47,0.97,609.59,0.99,1190.23,,,0.01,1195.23,,,0.02,206.47,0.03,609.59,0.01,0.01,2345.5106,1776341559000
1776341561.724,161.724,0.98,196.47,0.97,586.59,0.99,1356.14,,,0.01,1140.23,,,0.02,216.47,0.03,609.59,0.01,0.01,2345.44448,1776341560000
1776341562.677,162.677,0.98,196.47,0.97,609.59,0.99,1237.52,,,0.01,1356.14,,,0.02,196.47,0.03,586.59,0.01,0.01,2345.419769,1776341561000
1776341564.282,164.282,0.98,206.47,0.97,586.59,0.99,1222.52,,,0.01,1219.52,,,0.02,196.47,0.03,609.59,0.01,0.01,2345.15135,1776341563000
1776341564.644,164.644,0.98,206.47,0.97,586.59,0.99,1645.51,,,0.01,1222.52,,,0.02,206.47,0.03,586.59,0.01,0.01,2345.15135,1776341563000
1776341566.671,166.671,0.98,260.97,0.97,663.6,0.99,1528.22,,,0.01,1640.51,,,0.02,206.47,0.03,586.59,0.01,0.01,2345.157226,1776341565000
1776341569.395,169.395,0.98,357.72,0.97,668.6,0.99,1194.01,,,0.01,1523.22,,,0.02,260.97,0.03,663.6,0.01,0.01,2345.332482,1776341568000
1776341570.511,170.511,0.98,317.72,0.97,667.6,0.99,1194.01,,,0.01,1194.01,,,0.02,357.72,0.03,668.6,0.01,0.01,2345.354997,1776341569000
1776341574.609,174.609,0.98,338.72,0.97,667.6,0.99,1119.01,,,0.01,1194.01,,,0.02,317.72,0.03,667.6,0.01,0.01,2345.484463,1776341573000
1776341577.599,177.599,0.98,303.22,0.97,667.6,0.99,1094.01,,,0.01,1119.01,,,0.02,338.72,0.03,667.6,0.01,0.01,2345.43356,1776341576000
1776341578.515,178.515,0.98,253.22,0.97,667.6,0.99,1063.01,,,0.01,1094.01,,,0.02,253.22,0.03,667.6,0.01,0.01,2345.43356,1776341577000
1776341578.856,178.856,0.98,253.22,0.97,667.6,0.99,1048.01,,,0.01,1063.01,,,0.02,253.22,0.03,667.6,0.01,0.01,2345.43356,1776341577000
1776341580.365,180.365,0.98,435.94,0.97,667.6,0.99,1042.95,,,0.01,1048.01,,,0.02,253.22,0.03,667.6,0.01,0.01,2345.174875,1776341579000
1776341580.872,180.872,0.98,434.94,0.97,667.6,0.99,1027.95,,,0.01,1027.95,,,0.02,442.94,0.03,667.6,0.01,0.01,2345.174875,1776341579000
1776341581.53,181.53,0.98,461.95,0.97,667.6,0.99,1016.87,,,0.01,1017.89,,,0.02,434.94,0.03,667.6,0.01,0.01,2345.174875,1776341579000
1776341583.278,183.278,0.98,358.71,0.97,707.91,0.99,998.68,,,0.01,1016.87,,,0.02,461.95,0.03,667.6,0.01,0.01,2345.30274,1776341581000
1776341583.553,183.553,0.98,325.71,0.97,707.91,0.99,999.63,,,0.01,998.68,,,0.02,358.71,0.03,707.91,0.01,0.01,2345.30274,1776341581000
1776341584.495,184.495,0.98,309.72,0.97,707.91,0.99,934.02,,,0.01,959.27,,,0.02,325.71,0.03,707.91,0.01,0.01,2345.291982,1776341583000
1776341586.729,186.729,0.98,395.47,0.97,707.91,0.99,893.56,,,0.01,898.62,,,0.02,309.72,0.03,707.91,0.01,0.01,2345.45115,1776341584000
1776341589.941,189.941,0.98,516.47,0.97,595.91,0.99,863.5,,,0.01,888.5,,,0.02,395.47,0.03,707.91,0.01,0.01,2345.444071,1776341588000
1776341590.51,190.51,0.98,445.72,0.97,595.91,0.99,861.48,,,0.01,863.5,,,0.02,516.47,0.03,595.91,0.01,0.01,2345.444071,1776341588000
1776341590.742,190.742,0.98,440.72,0.97,595.91,0.99,859.46,,,0.01,861.48,,,0.02,445.72,0.03,595.91,0.01,0.01,2345.383421,1776341589000
1776341591.216,191.216,0.98,440.72,0.97,595.91,0.99,785.01,,,0.01,830.37,,,0.02,445.72,0.03,595.91,0.01,0.01,2345.383421,1776341589000
1776341591.456,191.456,0.98,445.72,0.97,595.91,0.99,780.97,,,0.01,782.99,,,0.02,451.71,0.03,595.91,0.01,0.01,2345.383421,1776341589000
1776341592.183,192.183,0.98,436.71,0.97,595.91,0.99,685.77,,,0.01,760.77,,,0.02,446.71,0.03,595.91,0.01,0.01,2345.476163,1776341590000
1776341592.644,192.644,0.98,456.71,0.97,595.91,0.99,683.75,,,0.01,685.77,,,0.02,436.71,0.03,595.91,0.01,0.01,2345.524035,1776341591000
1776341593.677,193.677,0.98,385.72,0.97,625.91,0.99,653.75,,,0.01,683.75,,,0.02,456.71,0.03,595.91,0.01,0.01,2345.53261,1776341592000
1776341593.933,193.933,0.98,385.72,0.97,625.91,0.99,608.54,,,0.01,623.75,,,0.02,385.72,0.03,625.91,0.01,0.01,2345.53261,1776341592000
1776341594.383,194.383,0.98,485.72,0.97,711.91,0.99,513.54,,,0.01,608.54,,,0.02,385.72,0.03,625.91,0.01,0.01,2345.53261,1776341592000
1776341594.813,194.813,0.98,490.72,0.97,711.91,0.99,479.23,,,0.01,507.52,,,0.02,490.72,0.03,711.91,0.01,0.01,2345.472168,1776341593000
1776341596.533,196.533,0.98,501.71,0.97,722.22,0.99,191.93,,,0.01,479.23,,,0.02,490.72,0.03,711.91,0.01,0.01,2345.469937,1776341595000
1776341597.495,197.495,0.98,491.71,0.97,722.22,0.99,182.93,,,0.01,191.93,,,0.02,501.71,0.03,722.22,0.01,0.01,2345.453698,1776341596000
1776341598.343,198.343,0.98,453.72,0.97,692.22,0.99,152.57,,,0.01,182.93,,,0.02,491.71,0.03,722.22,0.01,0.01,2345.344029,1776341597000
1776341598.696,198.696,0.98,453.72,0.97,692.22,0.99,115.55,,,0.01,122.57,,,0.02,453.72,0.03,692.22,0.01,0.01,2345.344029,1776341597000
1776341600.273,200.273,0.98,454.21,0.97,692.22,0.99,118.53,,,0.01,115.55,,,0.02,453.72,0.03,692.22,0.01,0.01,2345.413575,1776341598000
1776341600.596,200.596,0.98,454.21,0.97,692.22,0.99,103.48,,,0.01,113.48,,,0.02,454.21,0.03,692.22,0.01,0.01,2345.32401,1776341599000
1776341600.986,200.986,0.98,464.71,0.97,692.22,0.99,43.12,,,0.01,78.48,,,0.02,449.21,0.03,692.22,0.01,0.01,2345.32401,1776341599000
1776341602.136,202.136,0.98,496.71,0.97,727.22,0.99,43.12,,,0.01,43.12,,,0.02,464.71,0.03,692.22,0.01,0.01,2345.07001,1776341601000
1776341602.677,202.677,0.98,595.71,0.97,727.22,0.99,13.12,,,0.01,43.12,,,0.02,491.71,0.03,727.22,0.01,0.01,2345.07001,1776341601000
1776341602.936,202.936,0.98,672.71,0.97,727.22,,,,,0.01,13.12,,,0.02,595.71,0.03,727.22,,0.01,2345.07001,1776341601000
1776341626.467,226.467,0.99,67.13,0.98,325.41,,,,,,,,,0.02,672.71,0.03,727.22,,,2345.058524,1776341625000
1776341651.716,251.716,0.99,16603.09,0.98,194.9,,,,,,,,,0.01,67.13,0.02,325.41,,,2344.38465,1776341650000
1776341662.179,262.179,0.99,16684.25,0.98,172.9,,,,,,,,,0.01,16603.09,0.02,194.9,,,2344.134477,1776341660000
1776341691.781,291.781,0.991,400.0,0.99,4743.58,0.999,179.94,,,,,,,0.01,16684.25,0.02,172.9,0.008,,2344.346433,1776341690000
1776341692.173,292.173,0.991,424.0,0.99,4642.68,0.999,319.89,,,0.001,129.89,,,0.009,400.0,0.01,4743.58,0.008,0.008,2344.346433,1776341690000
1776341692.911,292.911,0.991,424.0,0.99,4772.74,0.999,238.78,,,0.001,338.88,,,0.009,424.0,0.01,4641.58,0.008,0.008,2344.258401,1776341691000
1776341694.306,294.306,0.991,424.0,0.99,4832.79,0.999,188.78,,,0.001,238.78,,,0.009,424.0,0.01,4772.74,0.008,0.008,2344.21516,1776341693000
1776341694.946,294.946,0.991,434.0,0.99,5262.29,0.999,188.78,,,0.001,188.78,,,0.009,424.0,0.01,4832.79,0.008,0.008,2344.22993,1776341694000
1776341695.219,295.219,0.991,434.0,0.99,5270.29,0.999,183.78,,,0.001,188.78,,,0.009,434.0,0.01,5262.29,0.008,0.008,2344.22993,1776341694000
1776341695.444,295.444,0.991,434.0,0.99,5275.29,0.999,98.7,,,0.001,178.78,,,0.009,434.0,0.01,5275.29,0.008,0.008,2344.22993,1776341694000
1776341695.953,295.953,0.991,444.0,0.99,5275.29,0.999,88.7,,,0.001,93.7,,,0.009,434.0,0.01,5275.29,0.008,0.008,2344.22993,1776341694000
1776341696.338,296.338,0.991,444.0,0.99,5320.34,0.999,88.7,,,0.001,88.7,,,0.009,444.0,0.01,5275.29,0.008,0.008,2344.282641,1776341695000
1776341696.785,296.785,0.991,444.0,0.99,5320.34,0.999,83.7,,,0.001,88.7,,,0.009,444.0,0.01,5320.34,0.008,0.008,2344.282641,1776341695000
1776341697.125,297.125,0.991,444.0,0.99,5330.34,0.999,78.7,,,0.001,83.7,,,0.009,444.0,0.01,5320.34,0.008,0.008,2344.282641,1776341695000
1776341697.355,297.355,0.999,521.9,0.991,444.0,,,,,0.001,78.7,,,0.009,444.0,0.01,5330.34,,0.008,2344.190407,1776341696000

# RESULT,winner=Up,slug=eth-updown-5m-1776341400,ticks=276
