timestamp,elapsed_sec,up_bid_p1,up_bid_s1,up_bid_p2,up_bid_s2,up_ask_p1,up_ask_s1,up_ask_p2,up_ask_s2,down_bid_p1,down_bid_s1,down_bid_p2,down_bid_s2,down_ask_p1,down_ask_s1,down_ask_p2,down_ask_s2,up_spread,down_spread,eth_price,eth_oracle_ts
1776255900.547,0.547,0.47,5.0,0.46,5.0,0.6,38.0,0.61,34.0,0.51,5.0,0.5,5.0,0.53,5.0,0.54,5.0,0.13,0.02,2332.455677,1776255899000
1776255902.118,2.118,0.4,12.0,0.39,13.0,0.44,5.0,0.45,93.0,0.54,5.0,0.53,5.0,0.6,38.0,0.61,34.0,0.04,0.06,2332.56835,1776255900000
1776255902.347,2.347,0.44,5.0,0.41,5.0,0.45,70.77,0.46,93.0,0.56,5.0,0.55,93.0,0.6,12.0,0.61,13.0,0.01,0.04,2332.56835,1776255900000
1776255902.665,2.665,0.5,54.0,0.44,5.0,0.51,81.12,0.52,5.0,0.55,75.77,0.54,93.0,0.56,8.21,0.57,5.0,0.01,0.01,2332.56835,1776255900000
1776255902.924,2.924,0.48,5.0,0.47,5.0,0.5,11.0,0.51,91.12,0.49,81.12,0.48,5.0,0.5,54.0,0.56,5.0,0.02,0.01,2332.383245,1776255901000
1776255903.315,3.315,0.49,10.0,0.48,10.0,0.5,76.06,0.51,96.12,0.5,11.0,0.49,91.12,0.52,5.0,0.53,5.0,0.01,0.02,2332.383245,1776255901000
1776255904.104,4.104,0.49,8.76,0.48,10.0,0.5,83.06,0.51,101.12,0.5,71.06,0.49,96.12,0.52,5.0,0.53,15.0,0.01,0.02,2332.246542,1776255902000
1776255904.539,4.539,0.49,18.76,0.48,10.0,0.5,56.78,0.51,86.12,0.5,83.06,0.49,101.12,0.51,8.76,0.52,10.0,0.01,0.01,2332.298067,1776255903000
1776255905.371,5.371,0.49,13.76,0.48,10.0,0.5,32.08,0.51,81.12,0.5,56.78,0.49,86.12,0.51,18.76,0.52,10.0,0.01,0.01,2332.298067,1776255903000
1776255905.64,5.64,0.5,91.8,0.49,27.76,0.51,4.21,0.52,70.0,0.49,4.21,0.48,70.0,0.5,100.8,0.51,27.76,0.01,0.01,2332.34775,1776255904000
1776255905.971,5.971,0.5,82.8,0.49,18.76,0.51,4.21,0.52,70.0,0.49,4.21,0.48,70.0,0.5,91.8,0.51,27.76,0.01,0.01,2332.34775,1776255904000
1776255906.405,6.405,0.5,88.8,0.49,30.76,0.51,9.21,0.52,5.0,0.49,4.21,0.48,70.0,0.5,82.8,0.51,18.76,0.01,0.01,2332.34775,1776255904000
1776255908.191,8.191,0.53,25.0,0.52,26.0,0.54,0.5,0.57,5.0,0.48,0.78,0.47,5.0,0.49,10.0,0.5,83.8,0.01,0.01,2332.51835,1776255906000
1776255908.67,8.67,0.58,12.61,0.57,25.0,0.59,14.9,0.6,10.0,0.41,33.9,0.4,15.0,0.42,10.0,0.43,10.0,0.01,0.01,2332.51835,1776255906000
1776255909.989,9.989,0.58,20.07,0.57,25.0,0.59,14.9,0.6,10.0,0.41,14.9,0.4,10.0,0.42,12.61,0.43,25.0,0.01,0.01,2332.658485,1776255908000
1776255910.739,10.739,0.57,10.0,0.56,10.0,0.59,95.18,0.6,26.0,0.41,13.18,0.4,10.0,0.42,20.07,0.43,25.0,0.02,0.01,2332.823796,1776255909000
1776255911.601,11.601,0.56,5.45,0.55,15.0,0.57,138.0,0.58,107.27,0.42,24.27,0.41,72.18,0.45,10.0,0.46,21.0,0.01,0.03,2332.833328,1776255910000
1776255912.622,12.622,0.57,40.5,0.56,70.95,0.58,65.0,0.59,8.18,0.43,138.0,0.42,107.27,0.44,5.45,0.45,15.0,0.01,0.01,2332.929043,1776255911000
1776255914.135,14.135,0.57,72.7,0.56,35.5,0.58,70.0,0.59,34.68,0.42,65.0,0.41,8.18,0.43,40.5,0.44,70.95,0.01,0.01,2332.87036,1776255912000
1776255915.669,15.669,0.57,77.7,0.56,51.5,0.59,9.18,0.6,13.0,0.42,70.0,0.41,34.68,0.43,72.7,0.44,35.5,0.02,0.01,2332.931336,1776255913000
1776255915.917,15.917,0.58,50.5,0.57,98.7,0.59,18.21,0.6,30.5,0.41,9.18,0.4,13.0,0.43,77.7,0.44,51.5,0.01,0.02,2332.972449,1776255914000
1776255916.656,16.656,0.58,10.0,0.57,17.2,0.59,25.02,0.6,21.56,0.4,21.56,0.39,35.5,0.42,45.5,0.43,98.7,0.01,0.02,2333.007203,1776255915000
1776255917.775,17.775,0.58,55.01,0.57,42.7,0.59,33.02,0.6,26.56,0.41,25.02,0.4,21.56,0.42,10.0,0.43,17.2,0.01,0.01,2333.007203,1776255915000
1776255918.794,18.794,0.58,75.51,0.57,42.7,0.59,17.96,0.6,26.56,0.41,33.02,0.4,26.56,0.42,55.01,0.43,42.7,0.01,0.01,2333.133217,1776255917000
1776255919.096,19.096,0.58,77.84,0.57,42.7,0.59,12.96,0.6,26.56,0.41,12.96,0.4,26.56,0.42,75.51,0.43,42.7,0.01,0.01,2333.133217,1776255917000
1776255920.92,20.92,0.58,118.84,0.57,55.7,0.59,7.96,0.6,25.5,0.41,12.96,0.4,26.56,0.42,77.84,0.43,42.7,0.01,0.01,2333.17234,1776255919000
1776255921.448,21.448,0.58,112.05,0.57,60.7,0.59,7.96,0.6,20.0,0.41,7.96,0.4,25.5,0.42,118.84,0.43,55.7,0.01,0.01,2333.17234,1776255919000
1776255923.408,23.408,0.58,102.05,0.57,70.7,0.61,4.85,0.62,25.0,0.41,7.96,0.4,20.0,0.42,107.05,0.43,60.7,0.03,0.01,2333.198575,1776255922000
1776255924.029,24.029,0.59,96.0,0.58,71.05,0.6,5.0,0.61,30.35,0.39,4.85,0.38,25.0,0.42,102.05,0.43,70.7,0.01,0.03,2333.198575,1776255922000
1776255925.13,25.13,0.63,15.0,0.62,75.0,0.64,99.39,0.65,10.0,0.4,5.0,0.39,30.35,0.41,96.0,0.42,71.05,0.01,0.01,2333.25604,1776255923000
1776255926.555,26.555,0.63,60.0,0.62,60.0,0.64,108.99,0.65,20.0,0.36,99.39,0.35,10.0,0.37,15.0,0.38,75.0,0.01,0.01,2333.196875,1776255925000
1776255927.483,27.483,0.63,85.0,0.62,120.5,0.64,57.49,0.65,15.5,0.36,108.99,0.35,20.0,0.37,60.0,0.38,60.0,0.01,0.01,2333.35407,1776255926000
1776255930.248,30.248,0.67,89.0,0.66,71.0,0.68,98.44,0.69,100.5,0.36,57.49,0.35,15.5,0.37,85.0,0.38,120.5,0.01,0.01,2333.41047,1776255928000
1776255931.131,31.131,0.67,101.42,0.66,80.5,0.68,67.94,0.69,100.5,0.32,93.44,0.31,100.5,0.33,66.42,0.34,71.0,0.01,0.01,2333.426798,1776255929000
1776255935.497,35.497,0.69,64.0,0.68,69.0,0.7,25.5,0.71,40.5,0.32,67.94,0.31,100.5,0.33,101.42,0.34,80.5,0.01,0.01,2333.680239,1776255934000
1776255936.568,36.568,0.68,10.0,0.67,79.0,0.7,60.5,0.71,50.5,0.3,25.5,0.29,50.5,0.31,47.0,0.32,69.0,0.02,0.01,2333.680239,1776255934000
1776255937.741,37.741,0.68,13.0,0.67,5.0,0.69,60.5,0.7,110.5,0.3,60.5,0.29,50.5,0.32,10.0,0.33,79.0,0.01,0.02,2333.666955,1776255936000
1776255938.842,38.842,0.65,5.0,0.64,76.5,0.68,50.5,0.69,40.5,0.31,60.5,0.3,110.5,0.32,13.0,0.33,5.0,0.03,0.01,2333.652666,1776255937000
1776255942.599,42.599,0.64,30.0,0.63,70.5,0.66,69.5,0.67,131.5,0.32,50.5,0.31,40.5,0.35,5.0,0.36,76.5,0.02,0.03,2333.446685,1776255941000
1776255942.952,42.952,0.64,35.0,0.63,75.5,0.65,48.0,0.66,49.5,0.34,69.5,0.33,131.5,0.36,30.0,0.37,70.5,0.01,0.02,2333.446685,1776255941000
1776255943.518,43.518,0.64,35.0,0.63,75.5,0.65,12.0,0.66,49.5,0.35,48.0,0.34,49.5,0.36,35.0,0.37,75.5,0.01,0.01,2333.442875,1776255942000
1776255949.538,49.538,0.61,10.0,0.6,40.0,0.62,76.93,0.63,194.5,0.35,12.0,0.34,49.5,0.36,35.0,0.37,75.5,0.01,0.01,2333.125825,1776255948000
1776255951.332,51.332,0.6,40.0,0.59,100.5,0.61,6.0,0.62,111.93,0.38,76.93,0.37,194.5,0.39,10.0,0.4,40.0,0.01,0.01,2333.20382,1776255949000
1776255952.488,52.488,0.59,95.0,0.58,50.51,0.61,98.0,0.62,75.93,0.39,6.0,0.38,111.93,0.4,40.0,0.41,100.5,0.02,0.01,2333.19045,1776255951000
1776255960.592,60.592,0.59,5.5,0.58,55.51,0.6,77.0,0.61,122.0,0.39,98.0,0.38,75.93,0.41,95.0,0.42,50.51,0.01,0.02,2333.038258,1776255959000
1776255962.869,62.869,0.63,101.5,0.62,30.5,0.65,23.46,0.66,95.5,0.4,47.0,0.39,122.0,0.42,64.97,0.43,111.0,0.02,0.02,2333.047754,1776255961000
1776255963.298,63.298,0.65,56.57,0.64,30.5,0.66,114.5,0.67,60.0,0.35,23.46,0.34,95.5,0.37,101.5,0.38,30.5,0.01,0.02,2333.047754,1776255961000
1776255964.545,64.545,0.65,144.5,0.64,52.0,0.66,18.48,0.67,50.0,0.34,114.5,0.33,60.0,0.35,56.57,0.36,30.5,0.01,0.01,2333.072163,1776255963000
1776255968.12,68.12,0.65,70.5,0.64,35.5,0.67,111.0,0.68,25.5,0.33,50.0,0.32,90.5,0.35,144.5,0.36,52.0,0.02,0.02,2333.337085,1776255966000
1776255968.935,68.935,0.66,30.0,0.65,40.5,0.67,127.5,0.68,64.5,0.33,111.0,0.32,25.5,0.35,70.5,0.36,35.5,0.01,0.02,2333.316575,1776255967000
1776255970.05,70.05,0.65,5.0,0.64,20.5,0.67,167.5,0.68,71.5,0.33,127.5,0.32,64.5,0.34,30.0,0.35,40.5,0.02,0.01,2333.31371,1776255968000
1776255970.337,70.337,0.65,25.0,0.64,10.0,0.66,25.2,0.67,97.5,0.33,167.5,0.32,71.5,0.35,5.0,0.36,20.5,0.01,0.02,2333.36702,1776255969000
1776255971.382,71.382,0.63,10.0,0.62,65.5,0.64,71.37,0.65,60.5,0.34,25.2,0.33,97.5,0.35,25.0,0.36,10.0,0.01,0.01,2333.370915,1776255970000
1776255972.215,72.215,0.59,5.5,0.58,154.47,0.62,81.0,0.63,60.5,0.36,71.37,0.35,60.5,0.37,10.0,0.38,65.5,0.03,0.01,2333.403086,1776255971000
1776255975.213,75.213,0.57,15.0,0.56,90.0,0.59,116.5,0.6,116.5,0.38,81.0,0.37,60.5,0.41,5.5,0.42,154.47,0.02,0.03,2333.000115,1776255974000
1776255975.506,75.506,0.55,4.67,0.54,5.0,0.57,101.5,0.58,91.5,0.42,36.5,0.41,101.5,0.44,5.0,0.45,35.5,0.02,0.02,2333.000115,1776255974000
1776255976.066,76.066,0.55,5.22,0.54,15.0,0.56,51.0,0.57,55.0,0.43,101.5,0.42,91.5,0.45,4.67,0.46,5.0,0.01,0.02,2332.949364,1776255975000
1776255980.23,80.23,0.54,35.5,0.53,85.0,0.55,22.75,0.56,120.0,0.44,51.0,0.43,55.0,0.45,5.22,0.46,15.0,0.01,0.01,2332.87493,1776255978000
1776255980.724,80.724,0.55,197.0,0.54,87.5,0.56,2.03,0.59,10.0,0.45,22.75,0.44,120.0,0.46,35.5,0.47,85.0,0.01,0.01,2332.873379,1776255979000
1776255984.722,84.722,0.56,16.02,0.55,20.5,0.57,60.0,0.58,124.5,0.41,10.0,0.4,10.0,0.44,7.97,0.45,212.0,0.01,0.03,2332.918251,1776255983000
1776255985.529,85.529,0.56,128.5,0.55,83.23,0.59,10.0,0.6,5.0,0.43,60.0,0.42,124.5,0.45,17.23,0.46,20.5,0.03,0.02,2332.918251,1776255983000
1776255985.874,85.874,0.6,92.5,0.59,75.5,0.61,5.0,0.62,15.5,0.41,10.0,0.4,5.0,0.44,128.5,0.45,83.23,0.01,0.03,2332.860681,1776255984000
1776255986.337,86.337,0.6,49.7,0.59,65.0,0.61,20.5,0.62,25.5,0.39,5.0,0.38,15.5,0.4,65.55,0.41,75.5,0.01,0.01,2332.860681,1776255984000
1776255986.766,86.766,0.6,104.7,0.59,50.5,0.62,15.5,0.63,135.0,0.39,20.5,0.38,25.5,0.4,49.7,0.41,65.0,0.02,0.01,2332.870682,1776255985000
1776255987.956,87.956,0.61,125.87,0.6,33.7,0.62,60.03,0.63,140.0,0.38,15.5,0.37,135.0,0.4,104.7,0.41,50.5,0.01,0.02,2332.869897,1776255986000
1776255990.556,90.556,0.62,106.0,0.61,104.37,0.63,49.52,0.64,20.5,0.38,60.03,0.37,140.0,0.39,125.87,0.4,33.7,0.01,0.01,2333.172545,1776255989000
1776255991.253,91.253,0.62,126.0,0.61,104.37,0.63,47.93,0.64,20.5,0.37,49.52,0.36,20.5,0.38,106.0,0.39,104.37,0.01,0.01,2333.172545,1776255989000
1776255996.901,96.901,0.55,34.9,0.54,10.0,0.56,25.5,0.57,20.0,0.37,47.93,0.36,20.5,0.38,126.0,0.39,104.37,0.01,0.01,2333.190695,1776255995000
1776255997.307,97.307,0.54,10.0,0.53,26.5,0.55,29.9,0.56,66.5,0.44,25.5,0.43,20.0,0.45,26.65,0.46,10.0,0.01,0.01,2333.190695,1776255995000
1776255997.741,97.741,0.54,10.5,0.53,26.5,0.55,85.9,0.56,86.5,0.45,29.9,0.44,66.5,0.46,10.0,0.47,26.5,0.01,0.01,2333.190695,1776255995000
1776255999.726,99.726,0.53,3.64,0.52,16.0,0.54,96.0,0.55,60.9,0.45,90.9,0.44,86.5,0.47,16.5,0.48,10.0,0.01,0.02,2332.89157,1776255998000
1776256001.044,101.044,0.51,17.98,0.5,148.3,0.52,20.0,0.53,45.0,0.46,96.0,0.45,60.9,0.47,3.64,0.48,16.0,0.01,0.01,2332.885919,1776255999000
1776256002.494,102.494,0.5,78.84,0.49,35.0,0.51,91.0,0.52,50.5,0.48,20.0,0.47,45.0,0.49,17.98,0.5,148.3,0.01,0.01,2332.765847,1776256001000
1776256002.695,102.695,0.5,68.84,0.49,35.0,0.51,91.39,0.52,50.5,0.49,86.39,0.48,50.5,0.5,78.84,0.51,35.0,0.01,0.01,2332.765847,1776256001000
1776256005.308,105.308,0.49,30.0,0.48,5.0,0.51,279.5,0.52,74.5,0.49,91.39,0.48,50.5,0.5,68.84,0.51,35.0,0.02,0.01,2332.685103,1776256004000
1776256006.089,106.089,0.46,3.04,0.45,20.5,0.47,102.72,0.48,37.0,0.53,21.72,0.52,32.0,0.54,4.9,0.55,170.5,0.01,0.01,2332.685103,1776256004000
1776256006.461,106.461,0.46,1.37,0.45,10.0,0.47,118.22,0.48,52.5,0.53,102.72,0.52,37.0,0.54,3.04,0.55,20.5,0.01,0.01,2332.60112,1776256005000
1776256006.757,106.757,0.43,30.5,0.42,5.0,0.45,55.0,0.46,25.0,0.53,118.22,0.52,52.5,0.54,1.37,0.55,10.0,0.02,0.01,2332.60112,1776256005000
1776256008.504,108.504,0.42,8.27,0.41,65.0,0.43,65.0,0.44,55.5,0.55,55.0,0.54,25.0,0.57,30.5,0.58,5.0,0.01,0.02,2332.356269,1776256007000
1776256009.595,109.595,0.41,5.0,0.4,25.5,0.42,91.0,0.43,71.0,0.57,65.0,0.56,55.5,0.58,3.09,0.59,65.0,0.01,0.01,2332.32233,1776256008000
1776256009.927,109.927,0.41,6.19,0.4,25.5,0.42,96.0,0.43,71.0,0.58,96.0,0.57,66.0,0.59,3.23,0.6,25.5,0.01,0.01,2332.32233,1776256008000
1776256010.654,110.654,0.41,4.41,0.4,25.5,0.42,96.0,0.43,71.0,0.58,96.0,0.57,71.0,0.59,6.19,0.6,25.5,0.01,0.01,2332.3136,1776256009000
1776256011.32,111.32,0.4,30.5,0.39,27.0,0.41,79.53,0.42,66.0,0.58,91.0,0.57,71.0,0.6,25.5,0.61,32.0,0.01,0.02,2332.3136,1776256010000
1776256012.149,112.149,0.26,13.17,0.25,5.0,0.38,10.0,0.39,15.0,0.59,79.53,0.58,66.0,0.6,30.5,0.61,27.0,0.12,0.01,2332.3136,1776256010000
1776256012.424,112.424,0.26,14.0,0.25,10.0,0.27,25.0,0.28,25.0,0.73,10.0,0.72,15.0,0.74,23.9,0.75,10.0,0.01,0.01,2332.273343,1776256011000
1776256012.664,112.664,0.25,10.0,0.24,15.0,0.27,65.0,0.28,32.0,0.73,25.0,0.72,25.0,0.74,14.0,0.75,10.0,0.02,0.01,2332.273343,1776256011000
1776256012.919,112.919,0.23,71.0,0.22,35.0,0.26,65.0,0.27,61.0,0.73,76.0,0.72,32.0,0.77,110.0,0.78,35.0,0.03,0.04,2332.273343,1776256011000
1776256013.263,113.263,0.23,86.5,0.22,35.0,0.25,7.12,0.26,10.0,0.74,65.0,0.73,61.0,0.77,71.0,0.78,35.0,0.02,0.03,2332.273343,1776256011000
1776256013.464,113.464,0.23,141.84,0.22,71.0,0.25,7.12,0.26,10.0,0.75,7.12,0.74,10.0,0.77,110.11,0.78,40.0,0.02,0.02,2332.264608,1776256012000
1776256013.701,113.701,0.25,55.36,0.24,16.6,0.26,13.15,0.27,25.0,0.74,8.15,0.73,20.0,0.76,16.6,0.77,146.11,0.01,0.02,2332.264608,1776256012000
1776256014.367,114.367,0.25,5.0,0.24,101.55,0.26,37.0,0.27,105.0,0.74,13.15,0.73,25.0,0.75,55.36,0.76,16.6,0.01,0.01,2332.081744,1776256013000
1776256014.677,114.677,0.24,16.36,0.23,64.61,0.25,79.04,0.26,104.0,0.75,20.0,0.74,73.0,0.76,16.36,0.77,64.61,0.01,0.01,2332.081744,1776256013000
1776256015.56,115.56,0.24,20.0,0.23,75.11,0.25,39.92,0.26,57.0,0.75,70.04,0.74,89.0,0.76,5.0,0.77,64.61,0.01,0.01,2331.44938,1776256014000
1776256015.863,115.863,0.24,64.1,0.23,80.11,0.25,7.0,0.26,35.0,0.75,31.44,0.74,52.0,0.76,15.0,0.77,75.11,0.01,0.01,2331.44938,1776256014000
1776256016.193,116.193,0.24,54.1,0.23,80.11,0.26,9.46,0.27,95.0,0.75,2.0,0.74,10.0,0.76,59.1,0.77,80.11,0.02,0.01,2331.329696,1776256015000
1776256016.476,116.476,0.25,24.16,0.24,49.1,0.26,14.46,0.27,85.0,0.74,9.46,0.73,95.0,0.76,54.1,0.77,80.11,0.01,0.02,2331.329696,1776256015000
1776256017.068,117.068,0.27,78.5,0.26,93.5,0.29,25.0,0.3,90.0,0.72,15.0,0.71,25.0,0.75,19.16,0.76,54.1,0.02,0.03,2331.329696,1776256015000
1776256018.325,118.325,0.27,28.0,0.26,28.0,0.29,88.5,0.3,116.5,0.71,23.0,0.7,90.0,0.73,102.1,0.74,93.5,0.02,0.02,2331.399691,1776256017000
1776256018.725,118.725,0.27,15.0,0.26,28.0,0.28,32.57,0.29,68.5,0.71,88.5,0.7,116.5,0.73,28.0,0.74,28.0,0.01,0.02,2331.399691,1776256017000
1776256019.11,119.11,0.27,27.83,0.26,28.0,0.28,28.1,0.29,68.5,0.72,35.0,0.71,68.5,0.73,17.83,0.74,28.0,0.01,0.01,2331.399691,1776256017000
1776256020.287,120.287,0.27,16.46,0.26,28.0,0.28,45.5,0.29,68.5,0.72,28.1,0.71,68.5,0.73,27.83,0.74,28.0,0.01,0.01,2331.549424,1776256018000
1776256021.068,121.068,0.28,122.5,0.27,115.96,0.3,80.0,0.31,50.0,0.72,45.5,0.71,68.5,0.73,16.46,0.74,28.0,0.02,0.01,2331.44267,1776256020000
1776256022.521,122.521,0.31,80.0,0.3,55.5,0.34,115.5,0.35,15.5,0.68,14.9,0.67,15.5,0.7,36.08,0.71,35.5,0.03,0.02,2331.384918,1776256021000
1776256023.224,123.224,0.32,25.0,0.31,60.0,0.33,3.24,0.34,130.5,0.66,115.5,0.65,15.5,0.69,80.0,0.7,55.5,0.01,0.03,2331.52719,1776256022000
1776256023.729,123.729,0.31,20.0,0.3,15.0,0.33,83.74,0.34,135.5,0.67,3.24,0.66,130.5,0.68,25.0,0.69,60.0,0.02,0.01,2331.52719,1776256022000
1776256024.238,124.238,0.31,8.0,0.3,15.0,0.32,70.16,0.33,43.74,0.68,26.0,0.67,78.74,0.69,8.0,0.7,15.0,0.01,0.01,2331.660296,1776256023000
1776256024.576,124.576,0.3,10.0,0.29,5.0,0.32,65.13,0.33,67.74,0.68,70.13,0.67,67.74,0.69,3.0,0.7,10.0,0.02,0.01,2331.660296,1776256023000
1776256025.637,125.637,0.28,17.7,0.27,25.0,0.29,25.0,0.3,25.5,0.69,30.5,0.68,60.13,0.71,5.0,0.72,22.0,0.01,0.02,2331.717045,1776256024000
1776256026.611,126.611,0.28,6.31,0.27,20.0,0.29,50.5,0.3,30.5,0.71,25.0,0.7,25.5,0.72,17.7,0.73,25.0,0.01,0.01,2331.678915,1776256025000
1776256027.032,127.032,0.27,15.0,0.26,10.0,0.28,27.33,0.29,72.5,0.72,5.69,0.71,87.5,0.73,15.0,0.74,23.0,0.01,0.01,2331.678915,1776256025000
1776256028.161,128.161,0.27,25.0,0.26,15.0,0.28,10.0,0.29,72.5,0.72,27.33,0.71,72.5,0.73,15.0,0.74,10.0,0.01,0.01,2331.548863,1776256026000
1776256028.748,128.748,0.27,20.89,0.26,15.0,0.28,20.5,0.29,47.5,0.72,10.0,0.71,72.5,0.73,25.0,0.74,15.0,0.01,0.01,2331.587316,1776256027000
1776256030.034,130.034,0.28,62.5,0.27,36.39,0.31,3.54,0.32,131.5,0.72,20.5,0.71,47.5,0.73,20.89,0.74,15.0,0.03,0.01,2331.589456,1776256028000
1776256030.305,130.305,0.29,93.0,0.28,57.5,0.31,34.04,0.32,100.5,0.69,3.54,0.68,131.5,0.72,62.5,0.73,36.39,0.02,0.03,2331.484216,1776256029000
1776256032.81,132.81,0.3,7.85,0.29,37.0,0.31,30.5,0.32,110.5,0.69,34.04,0.68,100.5,0.71,93.0,0.72,57.5,0.01,0.02,2331.561499,1776256031000
1776256036.632,136.632,0.36,30.0,0.35,46.0,0.37,114.82,0.38,40.5,0.69,30.5,0.68,110.5,0.7,7.85,0.71,37.0,0.01,0.01,2331.631425,1776256035000
1776256037.908,137.908,0.32,25.0,0.31,42.3,0.33,76.69,0.34,77.0,0.63,114.82,0.62,40.5,0.64,30.0,0.65,46.0,0.01,0.01,2331.63823,1776256036000
1776256038.493,138.493,0.32,30.0,0.31,42.3,0.33,18.65,0.34,77.0,0.67,23.65,0.66,77.0,0.68,25.0,0.69,42.3,0.01,0.01,2331.867764,1776256037000
1776256040.524,140.524,0.36,50.5,0.35,116.5,0.37,4.18,0.38,10.0,0.67,18.65,0.66,77.0,0.68,30.0,0.69,42.3,0.01,0.01,2331.799538,1776256039000
1776256041.822,141.822,0.39,10.0,0.38,86.5,0.4,2.21,0.42,50.0,0.62,10.0,0.61,15.5,0.64,50.5,0.65,116.5,0.01,0.02,2331.858513,1776256040000
1776256056.063,156.063,0.38,55.5,0.37,76.5,0.39,1.0,0.4,11.0,0.56,25.0,0.55,15.5,0.58,25.5,0.59,33.27,0.01,0.02,2332.227882,1776256054000
1776256058.105,158.105,0.36,20.0,0.35,40.0,0.37,122.11,0.38,67.5,0.61,1.0,0.6,11.0,0.62,55.5,0.63,76.5,0.01,0.01,2332.22369,1776256056000
1776256059.405,159.405,0.34,5.0,0.33,55.0,0.36,168.5,0.37,98.11,0.63,122.11,0.62,67.5,0.64,20.0,0.65,40.0,0.02,0.01,2332.218963,1776256058000
1776256059.771,159.771,0.32,10.0,0.31,75.5,0.33,10.0,0.34,75.0,0.65,10.0,0.64,168.5,0.68,90.0,0.69,55.0,0.01,0.03,2332.218963,1776256058000
1776256059.99,159.99,0.3,50.0,0.29,27.0,0.31,11.0,0.32,16.56,0.68,10.56,0.67,15.0,0.7,50.0,0.71,20.0,0.01,0.02,2332.218963,1776256058000
1776256065.938,165.938,0.27,95.0,0.26,40.5,0.28,28.0,0.29,15.0,0.69,6.0,0.68,27.06,0.7,45.0,0.71,20.0,0.01,0.01,2331.701524,1776256064000
1776256066.948,166.948,0.27,134.0,0.26,70.5,0.28,12.64,0.29,10.0,0.72,28.0,0.71,15.0,0.73,95.0,0.74,40.5,0.01,0.01,2331.627602,1776256065000
1776256073.838,173.838,0.23,143.31,0.22,105.0,0.24,122.5,0.25,83.5,0.7,22.19,0.69,80.5,0.73,134.0,0.74,70.5,0.01,0.03,2331.602651,1776256072000
1776256074.505,174.505,0.22,105.0,0.21,30.0,0.24,122.5,0.25,83.5,0.76,122.5,0.75,83.5,0.77,143.31,0.78,105.0,0.02,0.01,2331.476973,1776256073000
1776256075.23,175.23,0.2,25.0,0.19,100.0,0.21,45.0,0.23,194.5,0.76,122.5,0.75,83.5,0.78,105.0,0.79,30.0,0.01,0.02,2331.440732,1776256074000
1776256075.656,175.656,0.19,105.0,0.18,60.0,0.21,159.5,0.22,52.5,0.79,45.0,0.77,194.5,0.8,25.0,0.81,100.0,0.02,0.01,2331.440732,1776256074000
1776256077.132,177.132,0.19,15.31,0.18,69.0,0.2,94.35,0.21,116.5,0.79,159.5,0.78,52.5,0.81,105.0,0.82,60.0,0.01,0.02,2331.414996,1776256075000
1776256077.514,177.514,0.19,8.76,0.18,69.0,0.2,94.35,0.21,139.28,0.8,94.35,0.79,116.5,0.81,15.31,0.82,69.0,0.01,0.01,2331.372888,1776256076000
1776256079.403,179.403,0.19,3.52,0.18,19.0,0.2,127.35,0.21,144.28,0.8,89.35,0.79,139.28,0.81,4.76,0.82,69.0,0.01,0.01,2331.290033,1776256078000
1776256080.425,180.425,0.18,19.0,0.17,10.0,0.19,121.89,0.2,84.85,0.8,127.35,0.79,144.28,0.81,3.52,0.82,19.0,0.01,0.01,2331.288205,1776256079000
1776256081.026,181.026,0.18,1.52,0.17,21.0,0.19,116.89,0.2,79.85,0.81,126.89,0.8,74.85,0.82,3.9,0.83,10.0,0.01,0.01,2331.288205,1776256079000
1776256081.572,181.572,0.18,1.52,0.17,21.0,0.19,115.23,0.2,94.85,0.81,116.89,0.8,79.85,0.82,1.52,0.83,21.0,0.01,0.01,2331.288205,1776256079000
1776256083.138,183.138,0.15,90.0,0.14,141.5,0.17,141.68,0.18,25.0,0.83,8.68,0.81,103.0,0.84,55.0,0.85,222.7,0.02,0.01,2331.224457,1776256081000
1776256084.567,184.567,0.14,100.0,0.13,30.0,0.16,218.5,0.17,123.18,0.84,50.0,0.83,161.68,0.85,76.31,0.86,131.0,0.02,0.01,2331.164976,1776256083000
1776256086.007,186.007,0.14,82.21,0.13,30.0,0.15,147.55,0.16,134.5,0.84,218.5,0.83,123.18,0.86,100.0,0.87,30.0,0.01,0.02,2331.102925,1776256085000
1776256088.247,188.247,0.14,27.21,0.13,55.5,0.15,17.0,0.16,67.0,0.85,147.55,0.84,134.5,0.86,82.21,0.87,30.0,0.01,0.01,2330.954748,1776256086000
1776256092.191,192.191,0.14,5.0,0.13,40.0,0.15,95.03,0.16,85.0,0.84,67.0,0.83,63.68,0.86,27.21,0.87,55.5,0.01,0.02,2331.097156,1776256091000
1776256092.415,192.415,0.13,36.12,0.12,116.59,0.15,90.03,0.16,85.0,0.85,95.03,0.84,85.0,0.86,5.0,0.87,40.0,0.02,0.01,2331.097156,1776256091000
1776256093.738,193.738,0.13,19.88,0.12,119.59,0.14,52.0,0.15,34.03,0.85,90.03,0.84,85.0,0.87,36.12,0.88,116.59,0.01,0.02,2331.046761,1776256092000
1776256095.401,195.401,0.13,17.62,0.12,136.59,0.14,22.0,0.15,21.17,0.86,52.0,0.85,34.03,0.87,19.88,0.88,119.59,0.01,0.01,2331.0483,1776256094000
1776256096.128,196.128,0.14,26.0,0.13,60.38,0.15,5.7,0.16,30.0,0.85,21.17,0.84,93.0,0.87,17.62,0.88,136.59,0.01,0.02,2331.0483,1776256094000
1776256096.446,196.446,0.14,97.5,0.13,30.38,0.17,16.94,0.19,35.0,0.85,5.7,0.84,30.0,0.86,26.0,0.87,60.38,0.03,0.01,2331.04825,1776256095000
1776256096.917,196.917,0.16,79.54,0.15,25.5,0.21,22.95,0.22,15.0,0.83,3.94,0.81,19.0,0.84,13.04,0.85,15.5,0.05,0.01,2331.04825,1776256095000
1776256097.398,197.398,0.18,15.0,0.17,20.0,0.19,15.0,0.2,25.0,0.79,22.95,0.78,15.0,0.84,79.54,0.85,25.5,0.01,0.05,2331.155409,1776256096000
1776256102.088,202.088,0.18,39.4,0.17,55.5,0.2,55.5,0.21,58.5,0.81,15.0,0.8,25.0,0.82,15.0,0.83,20.0,0.02,0.01,2331.4926,1776256101000
1776256103.353,203.353,0.18,44.4,0.17,55.5,0.19,7.81,0.2,40.5,0.8,55.5,0.79,58.5,0.82,39.4,0.83,55.5,0.01,0.02,2331.41047,1776256102000
1776256103.57,203.57,0.18,48.18,0.17,55.5,0.19,7.81,0.2,40.5,0.81,7.81,0.8,40.5,0.82,44.4,0.83,55.5,0.01,0.01,2331.41047,1776256102000
1776256105.336,205.336,0.18,7.03,0.16,18.04,0.19,48.31,0.2,71.5,0.81,7.81,0.8,40.5,0.82,48.18,0.83,55.5,0.01,0.01,2331.38335,1776256104000
1776256109.32,209.32,0.16,6.03,0.15,15.0,0.19,50.31,0.2,66.5,0.81,48.31,0.8,71.5,0.82,7.03,0.84,18.04,0.03,0.01,2331.3478,1776256108000
1776256110.213,210.213,0.16,11.16,0.15,15.0,0.17,40.0,0.18,35.5,0.81,50.31,0.8,66.5,0.84,6.03,0.85,15.0,0.01,0.03,2331.3478,1776256108000
1776256110.526,210.526,0.16,10.0,0.15,10.0,0.17,45.53,0.18,35.5,0.83,40.0,0.82,35.5,0.84,11.16,0.85,15.0,0.01,0.01,2331.349047,1776256109000
1776256110.874,210.874,0.16,6.0,0.15,10.0,0.17,50.53,0.18,35.5,0.83,45.53,0.82,35.5,0.84,10.0,0.85,10.0,0.01,0.01,2331.349047,1776256109000
1776256116.357,216.357,0.15,10.0,0.14,68.14,0.16,58.76,0.17,68.53,0.83,50.53,0.82,35.5,0.84,6.0,0.85,10.0,0.01,0.01,2331.282005,1776256114000
1776256116.784,216.784,0.15,15.55,0.14,68.14,0.16,55.0,0.17,48.53,0.84,58.76,0.83,68.53,0.85,10.0,0.86,68.14,0.01,0.01,2331.277867,1776256115000
1776256117.53,217.53,0.15,71.49,0.14,111.0,0.16,45.0,0.17,59.53,0.84,55.0,0.83,48.53,0.85,15.55,0.86,68.14,0.01,0.01,2331.296832,1776256116000
1776256117.988,217.988,0.15,59.73,0.14,111.0,0.16,60.5,0.17,59.53,0.84,45.0,0.83,59.53,0.85,71.49,0.86,111.0,0.01,0.01,2331.296832,1776256116000
1776256122.482,222.482,0.15,48.55,0.14,101.0,0.16,115.0,0.17,49.53,0.84,60.5,0.83,59.53,0.85,59.73,0.86,111.0,0.01,0.01,2331.280138,1776256121000
1776256123.426,223.426,0.15,31.82,0.14,101.0,0.16,177.5,0.17,57.53,0.84,115.0,0.83,49.53,0.85,48.55,0.86,101.0,0.01,0.01,2331.280209,1776256122000
1776256125.27,225.27,0.13,59.15,0.12,65.09,0.14,130.5,0.15,158.5,0.84,172.5,0.83,57.53,0.86,101.0,0.87,50.0,0.01,0.02,2331.296967,1776256124000
1776256126.025,226.025,0.13,55.15,0.12,65.09,0.14,142.5,0.15,158.5,0.86,130.5,0.85,158.5,0.87,59.15,0.88,65.09,0.01,0.01,2331.296967,1776256124000
1776256127.215,227.215,0.12,52.23,0.11,125.0,0.14,150.5,0.15,184.7,0.86,142.5,0.85,158.5,0.87,55.15,0.88,65.09,0.02,0.01,2331.22218,1776256126000
1776256127.749,227.749,0.11,55.04,0.1,160.0,0.12,121.5,0.13,106.5,0.86,150.5,0.85,184.7,0.88,47.23,0.89,125.0,0.01,0.02,2331.22218,1776256126000
1776256130.325,230.325,0.09,108.0,0.08,135.0,0.1,30.0,0.11,75.5,0.88,116.5,0.87,106.5,0.89,5.04,0.9,160.0,0.01,0.01,2331.250545,1776256129000
1776256130.637,230.637,0.09,60.8,0.08,135.0,0.1,30.0,0.11,55.5,0.9,30.0,0.89,75.5,0.91,108.0,0.92,135.0,0.01,0.01,2331.250545,1776256129000
1776256132.727,232.727,0.09,57.5,0.08,146.0,0.1,45.0,0.11,72.29,0.9,30.0,0.89,55.5,0.91,60.8,0.92,135.0,0.01,0.01,2331.231491,1776256131000
1776256134.808,234.808,0.09,52.5,0.08,141.0,0.1,55.0,0.11,72.29,0.9,45.0,0.89,72.29,0.91,57.5,0.92,146.0,0.01,0.01,2331.15617,1776256133000
1776256135.399,235.399,0.09,54.5,0.08,141.0,0.1,55.0,0.11,35.5,0.9,55.0,0.89,72.29,0.91,52.5,0.92,141.0,0.01,0.01,2331.1625,1776256134000
1776256136.555,236.555,0.09,4.5,0.08,141.0,0.1,90.34,0.11,35.5,0.9,55.0,0.89,35.5,0.91,54.5,0.92,141.0,0.01,0.01,2331.16545,1776256135000
1776256138.227,238.227,0.08,128.58,0.07,216.0,0.1,105.34,0.11,35.5,0.9,90.34,0.89,35.5,0.91,4.5,0.92,141.0,0.02,0.01,2331.1484,1776256136000
1776256138.8,238.8,0.09,60.0,0.08,197.2,0.1,19.12,0.11,15.0,0.9,105.34,0.89,35.5,0.92,128.58,0.93,216.0,0.01,0.02,2331.1434,1776256137000
1776256139.661,239.661,0.1,19.0,0.09,65.0,0.11,64.22,0.12,40.5,0.89,15.0,0.88,30.5,0.9,19.0,0.91,46.0,0.01,0.01,2331.17,1776256138000
1776256139.874,239.874,0.09,109.0,0.08,195.1,0.1,9.0,0.11,59.22,0.89,64.22,0.88,40.5,0.9,19.0,0.91,65.0,0.01,0.01,2331.17,1776256138000
1776256140.688,240.688,0.09,63.91,0.08,245.1,0.1,134.16,0.11,13.72,0.9,29.5,0.89,59.22,0.91,126.0,0.92,242.1,0.01,0.01,2331.1724,1776256139000
1776256141.822,241.822,0.08,6.1,0.07,250.3,0.09,90.0,0.1,105.0,0.9,134.16,0.89,13.72,0.91,63.91,0.92,245.1,0.01,0.01,2331.238182,1776256140000
1776256142.337,242.337,0.07,195.0,0.06,310.8,0.08,40.0,0.09,102.72,0.91,90.0,0.9,105.0,0.92,6.1,0.93,250.3,0.01,0.01,2331.238182,1776256140000
1776256143.467,243.467,0.06,143.0,0.05,180.0,0.08,95.0,0.09,156.0,0.92,100.0,0.91,213.72,0.93,152.55,0.94,268.8,0.02,0.01,2331.164613,1776256142000
1776256144.741,244.741,0.06,147.0,0.05,310.8,0.07,90.0,0.08,70.0,0.92,95.0,0.91,156.0,0.94,143.0,0.95,180.0,0.01,0.02,2331.135659,1776256143000
1776256145.217,245.217,0.06,260.8,0.05,319.8,0.16,281.43,0.17,85.53,0.93,90.0,0.92,70.0,0.94,147.0,0.95,310.8,0.1,0.01,2331.135659,1776256143000
1776256145.535,245.535,0.07,87.86,0.06,255.8,0.09,21.0,0.1,10.0,0.92,10.0,0.91,16.0,0.93,7.86,0.94,255.8,0.02,0.01,2331.135659,1776256144000
1776256145.953,245.953,0.08,55.0,0.07,82.86,0.09,26.0,0.1,28.0,0.91,21.0,0.9,10.0,0.93,87.86,0.94,255.8,0.01,0.02,2331.135659,1776256144000
1776256146.42,246.42,0.08,60.0,0.07,82.86,0.09,11.0,0.1,23.0,0.91,26.0,0.9,28.0,0.92,55.0,0.93,82.86,0.01,0.01,2331.102318,1776256145000
1776256147.422,247.422,0.08,21.61,0.07,57.86,0.09,21.0,0.1,39.0,0.91,11.0,0.9,23.0,0.92,60.0,0.93,82.86,0.01,0.01,2331.115883,1776256146000
1776256147.651,247.651,0.08,65.74,0.07,57.86,0.09,15.9,0.1,24.0,0.91,16.0,0.9,24.0,0.92,15.74,0.93,57.86,0.01,0.01,2331.115883,1776256146000
1776256148.919,248.919,0.08,90.64,0.07,93.86,0.1,11.78,0.11,25.0,0.91,15.9,0.9,24.0,0.92,65.64,0.93,57.86,0.02,0.01,2331.13235,1776256148000
1776256150.203,250.203,0.09,90.0,0.08,60.64,0.12,32.0,0.13,36.0,0.9,11.78,0.89,25.0,0.92,90.64,0.93,93.86,0.03,0.02,2331.215255,1776256149000
1776256150.506,250.506,0.11,73.89,0.1,65.0,0.12,46.0,0.13,41.0,0.88,32.0,0.87,36.0,0.91,90.0,0.92,60.64,0.01,0.03,2331.215255,1776256149000
1776256150.993,250.993,0.11,75.0,0.1,65.0,0.12,30.0,0.13,46.0,0.88,46.0,0.87,41.0,0.89,73.89,0.9,65.0,0.01,0.01,2331.215255,1776256149000
1776256151.917,251.917,0.11,89.0,0.1,90.0,0.12,80.95,0.13,15.0,0.88,30.0,0.87,46.0,0.89,75.0,0.9,65.0,0.01,0.01,2331.354025,1776256150000
1776256152.843,252.843,0.12,84.0,0.11,65.0,0.14,16.67,0.15,30.0,0.88,80.95,0.87,15.0,0.89,89.0,0.9,90.0,0.02,0.01,2331.376097,1776256151000
1776256153.277,253.277,0.13,79.0,0.12,65.0,0.14,2.42,0.15,10.0,0.86,14.0,0.85,30.0,0.87,9.34,0.88,65.0,0.01,0.01,2331.466689,1776256152000
1776256153.595,253.595,0.13,58.34,0.12,65.0,0.14,7.43,0.15,10.0,0.86,2.42,0.85,10.0,0.87,62.0,0.88,65.0,0.01,0.01,2331.466689,1776256152000
1776256154.203,254.203,0.13,69.19,0.12,65.0,0.14,17.43,0.15,108.2,0.86,7.43,0.85,10.0,0.87,58.34,0.88,65.0,0.01,0.01,2331.466689,1776256152000
1776256154.828,254.828,0.13,56.35,0.12,65.0,0.14,22.43,0.15,105.2,0.86,17.43,0.85,108.2,0.87,69.19,0.88,65.0,0.01,0.01,2331.46184,1776256153000
1776256155.415,255.415,0.13,65.2,0.12,65.0,0.14,22.43,0.15,100.2,0.86,22.43,0.85,105.2,0.87,56.35,0.88,65.0,0.01,0.01,2331.520236,1776256154000
1776256155.779,255.779,0.13,57.31,0.12,90.0,0.14,22.43,0.15,100.2,0.86,22.43,0.85,100.2,0.87,65.2,0.88,65.0,0.01,0.01,2331.520236,1776256154000
1776256157.383,257.383,0.13,42.31,0.12,90.0,0.14,35.28,0.15,110.2,0.86,22.43,0.85,100.2,0.87,57.31,0.88,90.0,0.01,0.01,2331.580483,1776256156000
1776256159.018,259.018,0.13,32.31,0.12,85.0,0.14,53.28,0.15,110.2,0.86,35.28,0.85,110.2,0.87,42.31,0.88,90.0,0.01,0.01,2331.580483,1776256156000
1776256159.758,259.758,0.13,50.0,0.12,90.0,0.14,73.66,0.15,20.0,0.86,93.66,0.85,25.0,0.87,7.11,0.88,85.0,0.01,0.01,2331.592751,1776256158000
1776256160.772,260.772,0.13,6.03,0.12,85.0,0.14,93.66,0.15,25.0,0.86,73.66,0.85,20.0,0.87,49.25,0.88,90.0,0.01,0.01,2331.575688,1776256159000
1776256161.079,261.079,0.12,76.81,0.11,65.0,0.14,75.66,0.15,25.0,0.86,93.66,0.85,25.0,0.87,6.03,0.88,85.0,0.02,0.01,2331.575688,1776256159000
1776256162.635,262.635,0.12,91.81,0.11,65.0,0.14,10.28,0.15,15.0,0.86,75.66,0.85,25.0,0.88,76.81,0.89,65.0,0.02,0.02,2331.57436,1776256161000
1776256162.919,262.919,0.13,71.72,0.12,81.81,0.14,5.28,0.15,20.0,0.86,10.28,0.85,15.0,0.88,91.81,0.89,65.0,0.01,0.02,2331.57436,1776256161000
1776256163.293,263.293,0.18,1.21,0.17,15.0,0.19,10.0,0.2,25.0,0.86,5.28,0.85,20.0,0.87,71.72,0.88,81.81,0.01,0.01,2331.578342,1776256162000
1776256163.598,263.598,0.18,10.0,0.17,25.0,0.2,10.0,0.21,14.56,0.79,14.56,0.78,21.0,0.82,5.0,0.83,25.0,0.02,0.03,2331.578342,1776256162000
1776256163.908,263.908,0.17,62.59,0.16,139.0,0.2,15.0,0.21,19.56,0.8,15.0,0.79,19.56,0.82,0.85,0.83,25.0,0.03,0.02,2331.578342,1776256162000
1776256165.201,265.201,0.17,7.59,0.16,150.0,0.19,19.0,0.2,15.0,0.81,10.0,0.8,15.0,0.83,12.59,0.84,139.0,0.02,0.02,2331.648126,1776256163000
1776256165.534,265.534,0.17,4.87,0.16,150.0,0.18,126.33,0.19,19.0,0.81,19.0,0.8,15.0,0.83,7.59,0.84,150.0,0.01,0.02,2331.648126,1776256163000
1776256166.149,266.149,0.17,56.19,0.16,134.0,0.18,121.33,0.19,20.0,0.82,126.33,0.81,19.0,0.83,3.0,0.84,150.0,0.01,0.01,2331.72042,1776256164000
1776256166.662,266.662,0.17,37.09,0.16,134.0,0.18,126.33,0.19,20.0,0.82,121.33,0.81,20.0,0.83,56.19,0.84,134.0,0.01,0.01,2331.858764,1776256165000
1776256170.396,270.396,0.16,70.0,0.15,10.0,0.18,51.26,0.19,15.0,0.82,126.33,0.81,20.0,0.83,37.09,0.84,134.0,0.02,0.01,2331.961368,1776256169000
1776256170.658,270.658,0.17,4.0,0.16,48.09,0.18,66.26,0.19,15.0,0.82,51.26,0.81,15.0,0.84,63.09,0.85,10.0,0.01,0.02,2331.961368,1776256169000
1776256171.066,271.066,0.16,36.56,0.15,10.0,0.18,61.26,0.19,15.0,0.82,66.26,0.81,15.0,0.83,4.0,0.84,48.09,0.02,0.01,2331.961368,1776256169000
1776256171.901,271.901,0.16,8.9,0.15,10.0,0.17,73.65,0.18,5.0,0.82,61.26,0.81,15.0,0.84,36.56,0.85,10.0,0.01,0.02,2331.87595,1776256170000
1776256173.542,273.542,0.14,41.0,0.13,10.0,0.15,34.0,0.17,73.65,0.83,73.65,0.82,5.0,0.84,8.9,0.85,10.0,0.01,0.01,2331.873095,1776256172000
1776256173.923,273.923,0.14,22.9,0.13,10.0,0.15,39.0,0.16,5.0,0.85,34.0,0.83,73.65,0.86,41.0,0.87,10.0,0.01,0.01,2331.873095,1776256172000
1776256174.587,274.587,0.14,0.45,0.13,10.0,0.15,39.0,0.16,20.0,0.85,39.0,0.84,5.0,0.86,22.9,0.87,10.0,0.01,0.01,2331.873095,1776256172000
1776256174.932,274.932,0.14,4.63,0.13,10.0,0.15,49.0,0.16,20.0,0.85,39.0,0.84,20.0,0.86,0.45,0.87,10.0,0.01,0.01,2331.902,1776256173000
1776256175.244,275.244,0.14,4.63,0.13,10.0,0.15,49.0,0.16,20.0,0.85,49.0,0.84,20.0,0.86,4.63,0.87,10.0,0.01,0.01,2331.902,1776256173000
1776256176.988,276.988,0.13,15.0,0.12,20.0,0.15,52.06,0.16,33.0,0.85,49.0,0.84,20.0,0.86,4.63,0.87,10.0,0.02,0.01,2331.9337,1776256175000
1776256177.253,277.253,0.14,144.21,0.13,112.0,0.15,12.06,0.16,10.0,0.85,52.06,0.84,33.0,0.87,15.0,0.88,20.0,0.01,0.02,2331.9337,1776256175000
1776256177.67,277.67,0.22,23.66,0.21,10.0,0.23,35.1,0.24,5.0,0.77,55.1,0.75,35.0,0.84,195.0,0.85,41.0,0.01,0.07,2331.94596,1776256176000
1776256178.788,278.788,0.28,13.55,0.27,10.0,0.29,60.0,0.3,17.19,0.77,10.1,0.76,5.0,0.78,19.81,0.79,10.0,0.01,0.01,2331.951625,1776256177000
1776256180.779,280.779,0.23,5.0,0.22,31.0,0.24,4.25,0.25,15.0,0.71,60.0,0.7,17.19,0.72,13.55,0.73,10.0,0.01,0.01,2332.21596,1776256179000
1776256183.059,283.059,0.22,10.0,0.21,50.0,0.23,13.94,0.24,9.25,0.76,4.25,0.75,15.0,0.77,5.0,0.78,31.0,0.01,0.01,2332.27004,1776256182000
1776256183.932,283.932,0.22,10.0,0.21,59.96,0.26,3.17,0.27,10.0,0.77,13.94,0.76,9.25,0.78,10.0,0.79,50.0,0.04,0.01,2332.27004,1776256182000
1776256184.677,284.677,0.22,10.0,0.2,25.0,0.23,10.04,0.24,15.0,0.74,3.17,0.73,10.0,0.78,10.0,0.79,59.96,0.01,0.04,2332.230675,1776256183000
1776256185.947,285.947,0.22,10.0,0.21,10.0,0.24,5.04,0.25,10.0,0.77,10.04,0.76,15.0,0.78,10.0,0.8,25.0,0.02,0.01,2332.22019,1776256184000
1776256189.404,289.404,0.18,2.68,0.17,10.0,0.19,20.0,0.2,15.0,0.77,10.65,0.76,5.04,0.78,15.0,0.79,10.0,0.01,0.01,2332.25075,1776256188000
1776256189.92,289.92,0.15,4.89,0.14,10.0,0.17,20.0,0.18,15.0,0.81,15.0,0.8,15.0,0.87,19.76,0.88,26.0,0.02,0.06,2332.25075,1776256188000
1776256190.129,290.129,0.14,10.0,0.13,19.76,0.18,9.72,0.19,10.0,0.83,20.0,0.82,15.0,0.85,4.89,0.86,10.0,0.04,0.02,2332.25075,1776256188000
1776256190.624,290.624,0.15,2.64,0.14,10.0,0.16,20.0,0.17,15.0,0.84,15.0,0.83,10.0,0.85,7.64,0.86,10.0,0.01,0.01,2332.249938,1776256189000
1776256191.904,291.904,0.13,14.01,0.12,10.0,0.15,20.0,0.16,15.0,0.84,20.0,0.83,15.0,0.85,2.64,0.86,10.0,0.02,0.01,2332.249938,1776256189000
1776256192.362,292.362,0.13,14.01,0.12,10.0,0.14,18.74,0.15,15.0,0.86,2.57,0.85,20.0,0.87,14.01,0.88,10.0,0.01,0.01,2332.245355,1776256190000
1776256192.902,292.902,0.13,4.12,0.12,10.0,0.14,61.31,0.15,32.0,0.86,24.31,0.85,28.0,0.87,14.01,0.88,10.0,0.01,0.01,2332.22997,1776256191000
1776256194.8,294.8,0.07,4.62,0.06,10.0,0.08,15.0,0.09,20.49,0.86,65.31,0.85,32.0,0.98,685.66,0.99,3115.0,0.01,0.12,2332.250975,1776256193000
1776256195.024,295.024,0.06,12.87,0.05,10.0,0.08,15.0,0.09,20.49,0.92,15.0,0.91,20.49,0.93,4.62,0.94,10.0,0.02,0.01,2332.250975,1776256193000
1776256195.397,295.397,0.07,4.62,0.06,7.87,0.08,15.0,0.09,20.49,0.92,15.0,0.91,20.49,0.94,12.87,0.95,10.0,0.01,0.02,2332.250975,1776256193000
1776256196.265,296.265,0.04,10.0,0.03,39.0,0.06,70.0,0.07,45.0,0.92,15.0,0.91,20.49,0.93,4.62,0.94,7.87,0.02,0.01,2332.22911,1776256194000
1776256196.486,296.486,0.04,3.64,0.03,10.0,0.05,15.0,0.06,70.0,0.94,70.0,0.93,45.0,0.96,4.79,0.97,10.0,0.01,0.02,2332.223565,1776256195000
1776256196.804,296.804,0.03,0.48,0.02,276.66,0.05,25.0,0.06,70.0,0.95,15.0,0.94,70.0,0.97,5.64,0.98,326.66,0.02,0.02,2332.223565,1776256195000
1776256197.034,297.034,0.02,256.61,0.01,1562.0,0.04,15.0,0.05,20.0,0.96,15.0,0.95,25.0,0.98,256.72,0.99,1562.0,0.02,0.02,2332.223565,1776256195000
1776256197.35,297.35,0.03,2.13,0.02,201.61,0.04,10.0,0.05,35.0,0.96,10.0,0.95,40.0,0.97,2.29,0.98,251.61,0.01,0.01,2332.223565,1776256195000
1776256197.597,297.597,0.04,10.0,0.03,10.0,0.05,38.9,0.06,60.0,0.95,33.9,0.94,60.0,0.98,164.07,0.99,1562.0,0.01,0.03,2332.223565,1776256195000
1776256197.82,297.82,0.03,7.08,0.02,64.07,0.05,10.0,0.06,33.0,0.83,10.0,0.82,10.0,0.96,2.26,0.97,10.0,0.02,0.13,2332.230815,1776256196000
1776256198.057,298.057,0.01,1524.36,,,0.07,10.0,0.08,10.0,0.96,10.0,0.95,10.0,0.99,1576.36,,,0.06,0.03,2332.230815,1776256196000
1776256198.327,298.327,0.01,1525.11,,,0.02,10.0,0.03,10.0,0.98,10.0,0.97,10.0,0.99,1618.36,,,0.01,0.01,2332.230815,1776256196000
1776256198.599,298.599,0.01,1238.93,,,0.02,10.0,0.03,10.0,0.98,10.0,0.97,10.0,0.99,1310.93,,,0.01,0.01,2332.235865,1776256197000
1776256198.879,298.879,0.01,1070.93,,,0.02,15.0,0.03,10.0,0.98,15.0,0.97,10.0,0.99,1078.93,,,0.01,0.01,2332.235865,1776256197000
1776256199.178,299.178,0.01,806.31,,,0.03,13.33,0.04,26.0,0.98,31.0,0.97,26.0,0.99,906.31,,,0.02,0.01,2332.235865,1776256197000
1776256199.403,299.403,0.01,778.25,,,0.04,10.99,0.05,26.0,0.96,10.99,0.95,26.0,0.99,783.31,,,0.03,0.03,2332.235865,1776256197000
1776256199.612,299.612,0.01,717.84,,,0.07,31.7,0.08,31.0,0.93,31.7,0.92,31.0,0.99,722.84,,,0.06,0.06,2332.235865,1776256197000
1776256199.816,299.816,0.01,687.69,,,0.04,32.0,0.06,5.0,0.94,5.0,0.93,36.7,0.99,692.69,,,0.03,0.05,2332.247615,1776256198000
1776256200.026,300.026,,,,,0.01,12.31,0.03,5.0,0.97,5.0,0.96,37.0,0.99,12.69,,,,0.02,2332.247615,1776256198000
1776256200.477,300.477,,,,,0.01,15929.28,0.03,5.0,0.99,44.31,0.97,5.0,,,,,,,2332.393855,1776256199000

# RESULT,winner=Down,slug=eth-updown-5m-1776255900,ticks=259
