timestamp,elapsed_sec,up_bid_p1,up_bid_s1,up_bid_p2,up_bid_s2,up_ask_p1,up_ask_s1,up_ask_p2,up_ask_s2,down_bid_p1,down_bid_s1,down_bid_p2,down_bid_s2,down_ask_p1,down_ask_s1,down_ask_p2,down_ask_s2,up_spread,down_spread,eth_price,eth_oracle_ts
1776284100.527,0.527,0.53,41.0,0.52,236.98,0.6,38.0,0.61,34.0,0.46,366.71,0.45,110.0,0.47,21.0,0.48,211.98,0.07,0.01,2363.69175,1776284099000
1776284100.766,0.766,0.53,28.36,0.52,236.98,0.62,11.0,0.63,222.0,0.38,11.0,0.37,222.0,0.47,41.0,0.48,236.98,0.09,0.09,2363.69175,1776284099000
1776284101.195,1.195,0.53,28.36,0.52,236.98,0.62,11.0,0.63,222.0,0.38,11.0,0.37,222.0,0.47,28.36,0.48,236.98,0.09,0.09,2363.732509,1776284100000
1776284101.425,1.425,0.53,7.08,0.52,44.68,0.54,10.0,0.56,11.0,0.38,11.0,0.37,222.0,0.47,28.36,0.48,236.98,0.01,0.09,2363.732509,1776284100000
1776284102.258,2.258,0.51,20.12,0.5,22.87,0.52,5.0,0.54,5.0,0.48,5.0,0.46,5.0,0.49,20.12,0.5,22.87,0.01,0.01,2363.663885,1776284101000
1776284102.566,2.566,0.51,13.2,0.5,27.87,0.52,73.3,0.53,28.0,0.48,75.31,0.47,28.0,0.49,13.2,0.5,22.87,0.01,0.01,2363.663885,1776284101000
1776284103.174,3.174,0.51,6.95,0.5,27.87,0.52,97.0,0.53,38.0,0.48,73.3,0.47,28.0,0.49,13.2,0.5,27.87,0.01,0.01,2363.663885,1776284101000
1776284103.383,3.383,0.5,32.87,0.48,5.42,0.51,129.05,0.52,27.0,0.49,43.05,0.48,97.0,0.5,27.87,0.52,5.42,0.01,0.01,2363.646977,1776284102000
1776284103.862,3.862,0.5,26.87,0.48,5.42,0.51,124.05,0.52,27.0,0.49,134.05,0.48,32.0,0.5,26.87,0.52,5.42,0.01,0.01,2363.646977,1776284102000
1776284104.228,4.228,0.5,26.77,0.48,5.42,0.51,10.0,0.52,10.0,0.49,10.0,0.48,10.0,0.5,26.77,0.52,5.42,0.01,0.01,2363.527095,1776284103000
1776284104.433,4.433,0.5,31.77,0.49,15.0,0.52,12.07,0.53,15.0,0.43,37.0,0.42,26.0,0.5,26.77,0.51,5.0,0.02,0.07,2363.527095,1776284103000
1776284104.828,4.828,0.5,31.77,0.49,15.0,0.51,5.0,0.52,28.07,0.48,12.07,0.47,15.0,0.5,31.77,0.51,15.0,0.01,0.02,2363.527095,1776284103000
1776284105.253,5.253,0.5,31.77,0.49,15.0,0.51,5.0,0.52,28.07,0.49,5.0,0.48,28.07,0.5,31.77,0.51,15.0,0.01,0.01,2363.291875,1776284104000
1776284105.829,5.829,0.5,31.77,0.49,15.0,0.51,64.0,0.52,36.0,0.49,5.0,0.48,28.07,0.5,31.77,0.51,15.0,0.01,0.01,2363.291875,1776284104000
1776284106.452,6.452,0.5,21.77,0.49,15.0,0.51,52.0,0.52,36.0,0.49,69.0,0.48,36.0,0.5,26.77,0.51,15.0,0.01,0.01,2363.291875,1776284104000
1776284107.011,7.011,0.5,21.77,0.49,15.0,0.51,52.0,0.52,36.0,0.49,52.0,0.48,36.0,0.5,21.77,0.51,15.0,0.01,0.01,2363.225805,1776284105000
1776284107.252,7.252,0.5,21.77,0.49,15.0,0.51,50.03,0.52,36.0,0.49,52.0,0.48,36.0,0.5,21.77,0.51,15.0,0.01,0.01,2363.27004,1776284106000
1776284108.049,8.049,0.5,21.77,0.49,15.0,0.51,50.03,0.52,36.0,0.49,50.03,0.48,36.0,0.5,21.77,0.51,15.0,0.01,0.01,2363.288909,1776284107000
1776284108.638,8.638,0.48,5.64,0.47,10.0,0.51,78.99,0.52,41.0,0.49,50.03,0.48,36.0,0.5,21.77,0.51,15.0,0.03,0.01,2363.288909,1776284107000
1776284109.038,9.038,0.48,5.64,0.47,10.0,0.51,78.99,0.52,41.0,0.49,78.99,0.48,41.0,0.52,5.64,0.53,10.0,0.03,0.03,2363.315872,1776284108000
1776284109.821,9.821,0.48,5.64,0.47,15.0,0.49,92.0,0.5,25.0,0.49,78.99,0.48,41.0,0.52,5.64,0.53,10.0,0.01,0.03,2363.315872,1776284108000
1776284110.128,10.128,0.48,5.64,0.47,15.0,0.49,92.0,0.5,25.0,0.51,92.0,0.5,25.0,0.52,5.64,0.53,15.0,0.01,0.01,2363.212155,1776284109000
1776284110.418,10.418,0.45,10.0,0.44,15.0,0.46,59.0,0.47,251.0,0.53,271.0,0.52,41.0,0.55,15.0,0.56,15.0,0.01,0.02,2363.212155,1776284109000
1776284110.682,10.682,0.45,15.0,0.44,15.0,0.46,298.0,0.47,71.0,0.54,59.0,0.53,251.0,0.55,10.0,0.56,15.0,0.01,0.01,2363.212155,1776284109000
1776284110.954,10.954,0.45,23.89,0.44,73.0,0.46,290.8,0.47,66.0,0.54,292.25,0.53,66.0,0.55,15.0,0.56,73.0,0.01,0.01,2363.212155,1776284109000
1776284111.52,11.52,0.45,17.14,0.44,73.0,0.46,301.3,0.47,66.0,0.54,285.8,0.53,66.0,0.55,13.89,0.56,73.0,0.01,0.01,2363.212155,1776284109000
1776284111.887,11.887,0.44,73.0,0.43,15.0,0.45,6.77,0.46,306.8,0.54,301.3,0.53,66.0,0.55,17.14,0.56,73.0,0.01,0.01,2363.187515,1776284110000
1776284112.697,12.697,0.41,10.44,0.4,73.0,0.42,51.5,0.43,31.5,0.55,6.77,0.54,306.8,0.56,73.0,0.57,15.0,0.01,0.01,2363.090786,1776284111000
1776284113.086,13.086,0.41,10.44,0.4,73.0,0.42,133.17,0.43,31.5,0.58,51.5,0.57,31.5,0.59,10.44,0.6,73.0,0.01,0.01,2363.090786,1776284111000
1776284113.379,13.379,0.41,10.0,0.4,73.0,0.42,346.36,0.43,20.5,0.58,109.36,0.57,20.5,0.59,10.44,0.6,73.0,0.01,0.01,2362.94988,1776284112000
1776284114.229,14.229,0.41,15.0,0.4,73.0,0.42,322.55,0.43,78.5,0.58,346.36,0.57,20.5,0.6,73.0,0.61,15.0,0.01,0.02,2362.930006,1776284113000
1776284114.568,14.568,0.41,10.0,0.4,73.0,0.42,312.42,0.43,78.5,0.58,317.42,0.57,78.5,0.59,10.0,0.6,73.0,0.01,0.01,2362.930006,1776284113000
1776284114.99,14.99,0.41,22.19,0.4,15.0,0.42,306.06,0.43,20.5,0.58,312.42,0.57,78.5,0.59,10.0,0.6,73.0,0.01,0.01,2362.930006,1776284113000
1776284115.556,15.556,0.41,22.19,0.4,73.0,0.42,306.06,0.43,84.5,0.58,306.06,0.57,20.5,0.59,22.19,0.6,15.0,0.01,0.01,2362.664927,1776284114000
1776284116.455,16.455,0.41,23.19,0.4,73.0,0.42,301.06,0.43,84.5,0.58,306.06,0.57,84.5,0.59,22.19,0.6,73.0,0.01,0.01,2362.63879,1776284115000
1776284116.716,16.716,0.41,182.69,0.4,41.5,0.42,48.56,0.43,196.5,0.58,301.06,0.57,84.5,0.59,23.19,0.6,73.0,0.01,0.01,2362.63879,1776284115000
1776284118.434,18.434,0.41,165.49,0.4,98.5,0.42,58.56,0.43,16.5,0.58,48.56,0.57,196.5,0.59,182.69,0.6,41.5,0.01,0.01,2362.594264,1776284117000
1776284119.088,19.088,0.41,110.62,0.4,336.5,0.42,64.06,0.43,16.5,0.58,58.56,0.57,16.5,0.59,165.49,0.6,98.5,0.01,0.01,2362.73524,1776284118000
1776284119.486,19.486,0.41,99.42,0.4,41.5,0.42,126.06,0.43,254.5,0.58,64.06,0.57,16.5,0.59,106.29,0.6,326.0,0.01,0.01,2362.73524,1776284118000
1776284119.979,19.979,0.41,99.42,0.4,41.5,0.42,246.76,0.43,109.42,0.58,126.06,0.57,254.5,0.59,99.42,0.6,41.5,0.01,0.01,2362.73524,1776284118000
1776284120.204,20.204,0.41,219.05,0.4,221.5,0.42,4.76,0.43,29.92,0.58,4.76,0.57,29.92,0.59,212.55,0.6,221.5,0.01,0.01,2362.770535,1776284119000
1776284120.406,20.406,0.41,243.84,0.4,221.5,0.43,35.92,0.44,21.5,0.58,4.76,0.57,29.92,0.59,243.84,0.6,221.5,0.02,0.01,2362.770535,1776284119000
1776284121.289,21.289,0.42,27.37,0.41,87.34,0.43,61.42,0.44,258.5,0.57,35.92,0.56,21.5,0.58,24.1,0.59,423.84,0.01,0.01,2362.76481,1776284120000
1776284121.909,21.909,0.42,22.37,0.41,76.34,0.43,324.37,0.44,45.08,0.57,61.42,0.56,258.5,0.58,27.37,0.59,87.34,0.01,0.01,2362.76481,1776284120000
1776284123.343,23.343,0.42,48.64,0.41,201.84,0.43,0.88,0.44,45.08,0.57,319.37,0.56,45.08,0.58,20.64,0.59,76.34,0.01,0.01,2362.815604,1776284122000
1776284124.02,24.02,0.42,124.12,0.41,323.84,0.43,17.81,0.44,21.5,0.57,0.88,0.56,45.08,0.58,50.12,0.59,201.84,0.01,0.01,2362.815604,1776284122000
1776284124.277,24.277,0.42,117.39,0.41,334.84,0.43,17.81,0.44,21.5,0.57,17.81,0.56,21.5,0.58,124.12,0.59,323.84,0.01,0.01,2362.815604,1776284122000
1776284124.848,24.848,0.42,364.89,0.41,97.84,0.43,46.51,0.45,6.77,0.57,17.81,0.56,21.5,0.58,117.39,0.59,334.84,0.01,0.01,2362.871696,1776284123000
1776284125.179,25.179,0.43,85.5,0.42,515.23,0.45,0.83,0.46,50.0,0.56,44.06,0.55,6.77,0.57,20.5,0.58,376.89,0.02,0.01,2362.812202,1776284124000
1776284127.552,27.552,0.44,381.85,0.43,188.5,0.47,54.38,0.48,302.0,0.55,0.83,0.54,50.0,0.57,85.5,0.58,515.23,0.03,0.02,2363.006075,1776284126000
1776284128.263,28.263,0.47,18.11,0.46,115.5,0.48,50.0,0.49,261.5,0.53,54.38,0.52,302.0,0.56,381.85,0.57,188.5,0.01,0.03,2363.006075,1776284126000
1776284128.554,28.554,0.47,16.03,0.46,295.5,0.48,50.0,0.49,366.0,0.52,50.0,0.51,261.5,0.53,18.11,0.54,115.5,0.01,0.01,2363.071195,1776284127000
1776284129.054,29.054,0.47,16.03,0.46,48.0,0.48,408.47,0.49,86.5,0.52,50.0,0.51,366.0,0.53,16.03,0.54,295.5,0.01,0.01,2363.0905,1776284128000
1776284129.936,29.936,0.44,49.63,0.43,11.0,0.45,66.5,0.46,98.5,0.52,408.47,0.51,86.5,0.53,16.03,0.54,48.0,0.01,0.01,2363.0905,1776284128000
1776284130.618,30.618,0.38,42.37,0.37,92.78,0.39,373.48,0.4,70.0,0.59,16.41,0.58,15.0,0.6,13.65,0.61,5.0,0.01,0.01,2363.108323,1776284129000
1776284130.893,30.893,0.37,17.28,0.35,13.0,0.38,190.23,0.39,425.98,0.61,373.48,0.6,70.0,0.62,40.67,0.63,92.78,0.01,0.01,2363.108323,1776284129000
1776284131.225,31.225,0.33,28.5,0.32,10.0,0.36,80.5,0.37,75.5,0.62,588.59,0.61,327.98,0.65,13.0,0.67,5.0,0.03,0.03,2363.11836,1776284130000
1776284132.229,32.229,0.33,118.0,0.32,139.0,0.34,360.5,0.35,87.0,0.65,50.0,0.64,55.0,0.66,2.0,0.67,138.5,0.01,0.01,2363.11836,1776284130000
1776284132.567,32.567,0.33,196.04,0.32,323.0,0.34,102.5,0.36,55.0,0.66,360.5,0.65,87.0,0.67,118.0,0.68,139.0,0.01,0.01,2362.842752,1776284131000
1776284133.075,33.075,0.33,221.04,0.32,271.5,0.34,88.5,0.37,55.0,0.66,102.5,0.64,55.0,0.67,196.04,0.68,323.0,0.01,0.01,2362.842752,1776284131000
1776284134.382,34.382,0.33,85.9,0.32,144.5,0.34,293.5,0.35,180.0,0.66,108.5,0.63,65.0,0.67,220.98,0.68,271.5,0.01,0.01,2362.170742,1776284132000
1776284134.86,34.86,0.33,60.9,0.32,328.5,0.34,108.5,0.36,63.0,0.66,293.5,0.65,180.0,0.67,85.9,0.68,144.5,0.01,0.01,2362.079084,1776284134000
1776284135.165,35.165,0.33,185.9,0.32,271.5,0.34,105.5,0.36,185.0,0.66,108.5,0.64,63.0,0.67,60.9,0.68,328.5,0.01,0.01,2362.079084,1776284134000
1776284136.986,36.986,0.33,11.9,0.32,91.5,0.34,63.27,0.35,392.18,0.66,105.5,0.64,185.0,0.67,185.9,0.68,271.5,0.01,0.01,2362.079952,1776284135000
1776284137.341,37.341,0.33,18.5,0.32,70.0,0.34,382.13,0.35,133.0,0.66,63.27,0.65,392.18,0.67,11.9,0.68,91.5,0.01,0.01,2362.172545,1776284136000
1776284137.74,37.74,0.33,67.85,0.32,212.0,0.34,75.13,0.35,55.0,0.66,387.13,0.65,133.0,0.68,70.0,0.69,87.78,0.01,0.02,2362.172545,1776284136000
1776284138.26,38.26,0.33,48.43,0.32,217.0,0.34,70.13,0.35,55.0,0.66,70.13,0.65,55.0,0.67,50.08,0.68,217.0,0.01,0.01,2362.172545,1776284136000
1776284139.008,39.008,0.33,196.32,0.32,282.0,0.34,70.13,0.35,55.0,0.66,70.13,0.65,55.0,0.67,48.43,0.68,217.0,0.01,0.01,2362.209683,1776284137000
1776284139.55,39.55,0.33,418.85,0.32,102.0,0.34,70.13,0.36,50.0,0.66,70.13,0.65,55.0,0.67,196.32,0.68,282.0,0.01,0.01,2362.107105,1776284138000
1776284139.929,39.929,0.33,416.0,0.32,102.0,0.38,203.14,0.39,76.0,0.66,70.13,0.64,50.0,0.67,418.85,0.68,102.0,0.05,0.01,2362.107105,1776284138000
1776284142.168,42.168,0.37,447.5,0.36,96.5,0.38,35.36,0.4,15.0,0.62,203.14,0.61,76.0,0.67,416.0,0.68,102.0,0.01,0.05,2362.161622,1776284140000
1776284142.649,42.649,0.37,452.5,0.36,96.5,0.38,1.46,0.39,73.59,0.62,24.78,0.6,15.0,0.63,447.5,0.64,96.5,0.01,0.01,2362.270304,1776284141000
1776284143.282,43.282,0.37,440.26,0.36,96.5,0.38,11.46,0.39,73.59,0.62,1.46,0.61,73.59,0.63,452.5,0.64,96.5,0.01,0.01,2362.299786,1776284142000
1776284144.363,44.363,0.37,431.73,0.36,96.5,0.38,11.46,0.39,73.59,0.62,11.46,0.61,73.59,0.63,440.26,0.64,96.5,0.01,0.01,2362.423045,1776284143000
1776284144.922,44.922,0.37,436.73,0.36,317.49,0.38,6.46,0.39,73.59,0.62,11.46,0.61,73.59,0.63,431.73,0.64,96.5,0.01,0.01,2362.423045,1776284143000
1776284145.284,45.284,0.38,425.5,0.37,287.07,0.39,6.88,0.4,10.0,0.61,50.88,0.6,10.0,0.62,252.0,0.63,189.73,0.01,0.01,2362.423045,1776284143000
1776284145.519,45.519,0.39,73.86,0.38,177.25,0.4,10.0,0.41,10.0,0.6,10.0,0.59,10.0,0.62,420.25,0.63,292.72,0.01,0.02,2362.611926,1776284144000
1776284145.88,45.88,0.39,71.4,0.38,85.5,0.4,10.0,0.41,205.5,0.6,10.0,0.59,25.5,0.61,31.4,0.62,90.5,0.01,0.01,2362.611926,1776284144000
1776284146.327,46.327,0.39,74.59,0.38,85.5,0.4,122.68,0.41,205.5,0.6,10.0,0.59,205.5,0.61,71.4,0.62,85.5,0.01,0.01,2362.611926,1776284144000
1776284146.677,46.677,0.39,96.07,0.38,85.5,0.4,117.65,0.41,205.5,0.6,117.65,0.59,205.5,0.61,57.88,0.62,85.5,0.01,0.01,2362.600315,1776284145000
1776284147.01,47.01,0.39,73.52,0.38,80.5,0.4,232.65,0.41,205.5,0.6,117.65,0.59,205.5,0.61,91.07,0.62,85.5,0.01,0.01,2362.704475,1776284146000
1776284147.732,47.732,0.39,32.52,0.38,375.5,0.4,127.65,0.41,83.5,0.6,232.65,0.59,205.5,0.61,73.52,0.62,80.5,0.01,0.01,2362.704475,1776284146000
1776284148.712,48.712,0.39,379.21,0.38,97.78,0.4,97.65,0.41,10.0,0.6,127.65,0.59,83.5,0.61,32.52,0.62,375.5,0.01,0.01,2362.715142,1776284147000
1776284148.972,48.972,0.39,227.67,0.38,97.78,0.4,94.9,0.41,20.5,0.6,94.9,0.59,10.0,0.61,372.16,0.62,97.78,0.01,0.01,2362.715142,1776284147000
1776284149.522,49.522,0.39,354.88,0.38,92.78,0.4,94.9,0.41,10.0,0.6,94.9,0.59,70.5,0.61,221.19,0.62,97.78,0.01,0.01,2362.715114,1776284148000
1776284149.878,49.878,0.39,350.51,0.38,92.78,0.4,94.9,0.41,20.5,0.6,94.9,0.59,10.0,0.61,354.88,0.62,92.78,0.01,0.01,2362.715114,1776284148000
1776284150.215,50.215,0.39,348.7,0.38,97.78,0.41,2.57,0.42,75.5,0.6,94.9,0.59,20.5,0.61,348.7,0.62,92.78,0.02,0.01,2362.684925,1776284149000
1776284151.424,51.424,0.4,21.33,0.39,42.28,0.41,284.6,0.42,75.5,0.59,2.57,0.58,75.5,0.6,2.76,0.61,343.7,0.01,0.01,2362.684925,1776284149000
1776284152.595,52.595,0.4,3.33,0.39,32.28,0.41,504.6,0.42,75.5,0.59,284.6,0.58,75.5,0.6,21.33,0.61,42.28,0.01,0.01,2362.72857,1776284151000
1776284152.896,52.896,0.39,24.37,0.38,75.5,0.41,499.6,0.42,75.5,0.59,504.6,0.58,75.5,0.6,3.33,0.61,32.28,0.02,0.01,2362.72857,1776284151000
1776284153.218,53.218,0.36,57.76,0.35,75.5,0.38,20.5,0.39,227.5,0.59,499.6,0.58,75.5,0.61,24.37,0.62,75.5,0.02,0.02,2362.740832,1776284152000
1776284154.137,54.137,0.34,31.43,0.33,88.97,0.35,80.0,0.36,440.75,0.63,25.0,0.62,41.5,0.67,20.97,0.68,253.49,0.01,0.04,2362.740832,1776284152000
1776284154.424,54.424,0.34,12.35,0.33,274.47,0.35,85.0,0.36,360.0,0.65,80.0,0.64,360.0,0.66,16.43,0.67,330.97,0.01,0.01,2362.70929,1776284153000
1776284154.874,54.874,0.34,20.09,0.33,336.47,0.35,80.0,0.36,65.0,0.65,85.0,0.64,360.0,0.66,12.35,0.67,274.47,0.01,0.01,2362.70929,1776284153000
1776284155.939,55.939,0.34,8.48,0.33,98.5,0.35,173.58,0.36,360.0,0.65,80.0,0.64,65.0,0.66,20.09,0.67,336.47,0.01,0.01,2362.630602,1776284154000
1776284156.468,56.468,0.34,361.29,0.33,204.49,0.35,184.27,0.36,65.0,0.65,206.27,0.64,65.0,0.66,74.81,0.67,99.5,0.01,0.01,2362.630602,1776284154000
1776284157.172,57.172,0.34,354.77,0.33,204.49,0.35,179.27,0.36,65.0,0.65,184.27,0.64,65.0,0.66,361.29,0.67,204.49,0.01,0.01,2362.44806,1776284155000
1776284159.41,59.41,0.34,558.54,0.33,119.15,0.35,77.69,0.36,50.0,0.65,179.27,0.64,65.0,0.66,354.77,0.67,204.49,0.01,0.01,2362.423721,1776284158000
1776284159.761,59.761,0.36,525.84,0.35,114.15,0.37,5.38,0.38,60.0,0.63,16.38,0.62,65.0,0.64,89.0,0.65,190.99,0.01,0.01,2362.423721,1776284158000
1776284160.431,60.431,0.36,540.33,0.35,106.15,0.37,15.38,0.38,60.0,0.63,5.38,0.62,60.0,0.64,525.84,0.65,114.15,0.01,0.01,2362.450445,1776284159000
1776284160.794,60.794,0.36,590.33,0.35,164.15,0.37,10.35,0.38,60.0,0.63,15.38,0.62,60.0,0.64,540.33,0.65,106.15,0.01,0.01,2362.450445,1776284159000
1776284161.675,61.675,0.36,585.33,0.35,175.15,0.37,8.39,0.38,60.0,0.63,10.35,0.62,60.0,0.64,590.33,0.65,164.15,0.01,0.01,2362.544762,1776284160000
1776284164.471,64.471,0.33,1.96,0.32,65.0,0.34,128.5,0.35,275.5,0.59,61.23,0.58,317.5,0.64,590.33,0.65,175.15,0.01,0.05,2362.706905,1776284163000
1776284165.679,65.679,0.33,11.96,0.32,70.0,0.34,419.88,0.35,86.5,0.66,128.5,0.65,275.5,0.67,1.96,0.68,65.0,0.01,0.01,2362.65615,1776284164000
1776284166.048,66.048,0.31,7.0,0.3,215.34,0.32,39.0,0.33,28.0,0.66,419.88,0.65,86.5,0.67,11.96,0.68,70.0,0.01,0.01,2362.49703,1776284165000
1776284167.058,67.058,0.31,63.95,0.3,65.0,0.32,146.5,0.33,216.5,0.68,39.0,0.67,28.0,0.69,5.4,0.7,215.34,0.01,0.01,2362.49703,1776284165000
1776284167.899,67.899,0.31,64.95,0.3,65.0,0.32,150.5,0.33,291.55,0.68,146.5,0.67,216.5,0.69,63.95,0.7,65.0,0.01,0.01,2362.295665,1776284166000
1776284169.212,69.212,0.3,20.0,0.29,125.09,0.31,150.46,0.32,339.97,0.68,150.5,0.67,286.55,0.71,232.09,0.72,367.84,0.01,0.03,2362.194,1776284167000
1776284169.622,69.622,0.3,10.0,0.29,125.09,0.31,350.96,0.32,170.97,0.69,150.46,0.68,339.97,0.7,20.0,0.71,125.09,0.01,0.01,2362.194,1776284167000
1776284172.083,72.083,0.3,433.5,0.29,111.24,0.31,6.85,0.32,26.47,0.69,350.96,0.68,170.97,0.7,10.0,0.71,125.09,0.01,0.01,2362.224,1776284170000
1776284172.312,72.312,0.36,33.78,0.31,223.99,0.38,10.0,0.39,60.0,0.68,11.22,0.67,5.0,0.69,223.99,0.7,492.5,0.02,0.01,2362.224,1776284170000
1776284172.92,72.92,0.36,10.0,0.35,5.0,0.37,19.0,0.38,15.0,0.62,10.0,0.61,60.0,0.64,33.78,0.69,223.99,0.01,0.02,2362.123375,1776284171000
1776284173.304,73.304,0.36,70.0,0.35,112.0,0.37,14.0,0.38,15.0,0.63,19.0,0.62,15.0,0.64,10.0,0.65,5.0,0.01,0.01,2362.136743,1776284172000
1776284173.688,73.688,0.36,63.39,0.35,127.5,0.37,34.0,0.38,15.0,0.63,14.0,0.62,15.0,0.64,70.0,0.65,112.0,0.01,0.01,2362.136743,1776284172000
1776284175.697,75.697,0.4,352.0,0.39,83.0,0.41,4.6,0.42,20.5,0.63,29.0,0.62,15.0,0.64,68.39,0.65,307.5,0.01,0.01,2362.66772,1776284174000
1776284177.909,77.909,0.4,4.36,0.39,30.0,0.41,329.1,0.42,81.5,0.59,4.6,0.58,20.5,0.6,352.0,0.61,83.0,0.01,0.01,2362.700015,1776284176000
1776284179.04,79.04,0.4,17.36,0.39,30.0,0.41,320.53,0.42,75.5,0.59,329.1,0.58,81.5,0.6,4.36,0.61,30.0,0.01,0.01,2362.769315,1776284177000
1776284179.634,79.634,0.4,12.36,0.39,80.0,0.41,262.53,0.42,133.5,0.59,320.53,0.58,75.5,0.6,17.36,0.61,30.0,0.01,0.01,2362.795655,1776284178000
1776284180.617,80.617,0.4,12.36,0.39,138.0,0.41,260.09,0.42,138.5,0.59,262.53,0.58,133.5,0.6,12.36,0.61,80.0,0.01,0.01,2362.80226,1776284179000
1776284183.663,83.663,0.39,5.0,0.38,15.0,0.4,345.5,0.41,113.5,0.59,257.28,0.58,138.5,0.6,12.36,0.61,138.0,0.01,0.01,2362.824995,1776284182000
1776284184.671,84.671,0.35,5.0,0.34,6.0,0.4,483.5,0.41,89.28,0.6,345.5,0.59,113.5,0.61,5.0,0.62,15.0,0.05,0.01,2362.824995,1776284182000
1776284185.147,85.147,0.33,15.5,0.32,143.5,0.34,26.41,0.35,27.0,0.62,5.0,0.61,15.0,0.66,1.16,0.68,79.65,0.01,0.04,2362.766242,1776284183000
1776284185.419,85.419,0.34,149.34,0.33,309.5,0.35,21.0,0.36,10.0,0.66,26.41,0.65,27.0,0.67,15.5,0.68,143.5,0.01,0.01,2362.766242,1776284183000
1776284186.268,86.268,0.34,330.5,0.33,279.49,0.35,21.0,0.36,44.63,0.65,21.0,0.64,10.0,0.66,149.34,0.67,309.5,0.01,0.01,2362.68196,1776284185000
1776284189.227,89.227,0.35,369.46,0.34,106.15,0.36,86.75,0.37,15.0,0.65,21.0,0.64,44.63,0.66,324.5,0.67,274.49,0.01,0.01,2362.665145,1776284187000
1776284193.071,93.071,0.35,96.94,0.34,282.15,0.36,76.12,0.37,175.0,0.64,86.75,0.63,15.0,0.65,369.46,0.66,106.15,0.01,0.01,2362.82538,1776284191000
1776284196.942,96.942,0.35,118.12,0.34,329.65,0.36,164.08,0.37,256.5,0.64,76.12,0.63,175.0,0.65,96.94,0.66,282.15,0.01,0.01,2362.684785,1776284195000
1776284197.591,97.591,0.35,23.53,0.34,329.65,0.36,161.3,0.37,256.5,0.64,164.08,0.63,256.5,0.65,118.12,0.66,329.65,0.01,0.01,2362.684785,1776284195000
1776284200.55,100.55,0.31,47.12,0.3,55.0,0.36,416.8,0.37,80.5,0.64,161.3,0.63,256.5,0.65,23.53,0.66,329.65,0.05,0.01,2362.68277,1776284199000
1776284200.872,100.872,0.31,5.0,0.3,55.0,0.32,104.0,0.33,77.0,0.64,416.8,0.63,80.5,0.69,47.12,0.7,55.0,0.01,0.05,2362.68277,1776284199000
1776284201.738,101.738,0.3,132.0,0.29,81.59,0.32,349.0,0.33,153.5,0.68,104.0,0.67,77.0,0.69,5.0,0.7,55.0,0.02,0.01,2362.712019,1776284200000
1776284202.187,102.187,0.3,130.62,0.29,86.59,0.31,162.16,0.32,289.0,0.69,85.16,0.68,294.0,0.7,142.0,0.71,86.59,0.01,0.01,2362.712019,1776284200000
1776284202.779,102.779,0.29,20.37,0.28,25.0,0.3,95.5,0.31,128.66,0.69,162.16,0.68,289.0,0.7,130.62,0.71,86.59,0.01,0.01,2362.64498,1776284201000
1776284205.017,105.017,0.27,81.57,0.26,96.0,0.28,140.0,0.29,298.5,0.7,109.5,0.69,123.66,0.71,2.65,0.72,25.0,0.01,0.01,2362.430355,1776284204000
1776284206.176,106.176,0.26,19.67,0.25,138.0,0.27,25.0,0.28,221.5,0.72,140.0,0.71,298.5,0.73,81.57,0.74,96.0,0.01,0.01,2362.22505,1776284205000
1776284206.796,106.796,0.26,9.67,0.25,328.0,0.27,203.0,0.28,134.5,0.73,25.0,0.72,221.5,0.74,19.67,0.75,138.0,0.01,0.01,2362.22505,1776284205000
1776284207.298,107.298,0.26,72.67,0.25,270.0,0.27,146.0,0.28,104.5,0.73,203.0,0.72,134.5,0.74,9.67,0.75,328.0,0.01,0.01,2362.18,1776284206000
1776284210.903,110.903,0.25,325.25,0.24,101.5,0.26,109.0,0.27,82.0,0.73,146.0,0.72,104.5,0.74,72.67,0.75,270.0,0.01,0.01,2362.135394,1776284209000
1776284211.778,111.778,0.25,15.49,0.24,81.0,0.26,176.0,0.27,92.5,0.74,109.0,0.73,82.0,0.75,325.25,0.76,101.5,0.01,0.01,2362.131819,1776284210000
1776284212.193,112.193,0.25,15.49,0.24,81.0,0.26,187.15,0.27,97.5,0.74,176.0,0.73,92.5,0.75,15.49,0.76,81.0,0.01,0.01,2362.131819,1776284210000
1776284219.278,119.278,0.23,31.99,0.22,212.0,0.24,10.75,0.25,336.5,0.74,187.15,0.73,97.5,0.75,15.49,0.76,81.0,0.01,0.01,2362.087544,1776284217000
1776284220.415,120.415,0.23,75.03,0.22,196.0,0.24,158.75,0.25,236.5,0.76,10.75,0.75,336.5,0.77,31.99,0.78,212.0,0.01,0.01,2362.05686,1776284219000
1776284220.698,120.698,0.23,69.03,0.22,196.0,0.24,129.75,0.25,236.5,0.76,168.75,0.75,236.5,0.77,75.03,0.78,196.0,0.01,0.01,2362.05686,1776284219000
1776284221.073,121.073,0.23,63.01,0.22,139.0,0.24,184.25,0.25,416.5,0.76,179.25,0.75,236.5,0.77,67.56,0.78,196.0,0.01,0.01,2362.05686,1776284219000
1776284221.287,121.287,0.22,52.47,0.21,313.7,0.24,173.75,0.25,406.0,0.76,184.25,0.75,416.5,0.77,63.01,0.78,139.0,0.02,0.01,2362.05686,1776284219000
1776284221.545,121.545,0.21,93.0,0.2,5.0,0.22,87.0,0.23,102.0,0.76,173.75,0.75,406.0,0.78,52.47,0.79,313.7,0.01,0.02,2362.070367,1776284220000
1776284222.095,122.095,0.19,149.69,0.18,92.4,0.21,81.0,0.22,185.09,0.78,104.0,0.77,172.0,0.79,14.56,0.8,5.0,0.02,0.01,2361.997066,1776284221000
1776284222.46,122.46,0.19,205.76,0.18,91.0,0.2,100.0,0.21,175.93,0.79,81.0,0.78,185.09,0.81,149.69,0.82,92.4,0.01,0.02,2361.997066,1776284221000
1776284223.227,123.227,0.18,38.26,0.17,101.5,0.19,134.0,0.2,76.5,0.8,81.0,0.79,239.93,0.81,188.76,0.82,91.0,0.01,0.01,2361.95463,1776284222000
1776284223.752,123.752,0.18,40.0,0.17,292.5,0.2,183.54,0.21,203.43,0.81,134.0,0.8,76.5,0.82,38.26,0.83,101.5,0.02,0.01,2361.95463,1776284222000
1776284224.358,124.358,0.18,336.61,0.17,168.5,0.19,53.0,0.2,70.04,0.8,183.54,0.79,203.43,0.82,40.0,0.83,292.5,0.01,0.02,2361.749175,1776284223000
1776284225.276,125.276,0.16,320.27,0.15,130.87,0.17,63.0,0.18,76.0,0.81,53.0,0.8,70.04,0.82,336.61,0.83,168.5,0.01,0.01,2361.612201,1776284224000
1776284228.45,128.45,0.16,8.46,0.15,282.67,0.17,269.5,0.18,88.5,0.83,68.0,0.82,131.0,0.84,323.24,0.85,135.87,0.01,0.01,2361.511188,1776284227000
1776284229.63,129.63,0.15,5.33,0.14,35.71,0.16,318.4,0.17,136.5,0.83,269.5,0.82,88.5,0.84,8.46,0.85,282.67,0.01,0.01,2361.511188,1776284227000
1776284230.369,130.369,0.14,33.07,0.13,211.8,0.16,318.4,0.17,316.5,0.84,318.4,0.83,136.5,0.85,5.33,0.86,35.71,0.02,0.01,2361.4992,1776284229000
1776284231.292,131.292,0.14,31.31,0.13,31.8,0.15,335.5,0.16,334.4,0.84,318.4,0.83,316.5,0.86,33.07,0.87,211.8,0.01,0.02,2361.4992,1776284229000
1776284231.52,131.52,0.14,24.89,0.11,5.0,0.15,227.5,0.16,113.94,0.85,227.5,0.84,113.94,0.86,29.51,0.89,5.0,0.01,0.01,2361.375055,1776284230000
1776284231.872,131.872,0.09,41.62,0.08,188.9,0.11,19.0,0.12,27.0,0.89,15.61,0.88,15.68,0.9,105.62,0.91,94.0,0.02,0.01,2361.375055,1776284230000
1776284232.282,132.282,0.09,267.62,0.08,115.9,0.1,95.0,0.11,15.0,0.89,24.0,0.88,27.0,0.91,31.72,0.92,188.9,0.01,0.02,2361.21016,1776284231000
1776284233.097,133.097,0.09,235.83,0.08,269.17,0.1,35.0,0.11,83.5,0.9,95.0,0.89,15.0,0.91,267.62,0.92,115.9,0.01,0.01,2361.21016,1776284231000
1776284233.426,133.426,0.09,229.83,0.08,269.17,0.1,153.0,0.11,183.5,0.9,35.0,0.89,83.5,0.91,235.83,0.92,269.17,0.01,0.01,2361.071274,1776284232000
1776284233.765,133.765,0.09,259.83,0.08,154.17,0.1,161.62,0.11,130.5,0.9,153.0,0.89,183.5,0.91,209.83,0.92,269.17,0.01,0.01,2361.071274,1776284232000
1776284234.156,134.156,0.09,8.99,0.08,285.27,0.1,377.62,0.11,130.5,0.9,161.62,0.89,130.5,0.91,259.83,0.92,154.17,0.01,0.01,2361.071274,1776284232000
1776284234.545,134.545,0.08,202.0,0.07,57.0,0.1,337.12,0.11,138.5,0.9,377.62,0.89,130.5,0.91,8.99,0.92,285.27,0.02,0.01,2361.071274,1776284232000
1776284234.747,134.747,0.08,186.8,0.07,57.0,0.09,131.0,0.1,397.5,0.91,119.0,0.9,367.5,0.92,166.32,0.93,57.0,0.01,0.01,2360.663305,1776284233000
1776284235.257,135.257,0.08,72.94,0.07,89.09,0.09,345.5,0.1,522.5,0.91,131.0,0.9,397.5,0.92,186.8,0.93,57.0,0.01,0.01,2360.653405,1776284234000
1776284235.671,135.671,0.07,33.0,0.06,202.0,0.09,415.5,0.1,517.04,0.91,345.5,0.9,522.5,0.92,72.94,0.93,89.09,0.02,0.01,2360.653405,1776284234000
1776284236.172,136.172,0.07,97.92,0.06,213.0,0.08,226.63,0.09,326.5,0.92,25.5,0.91,415.5,0.93,25.92,0.94,202.0,0.01,0.01,2360.653405,1776284234000
1776284236.379,136.379,0.07,120.06,0.06,281.0,0.08,60.0,0.09,401.5,0.92,226.63,0.91,326.5,0.93,97.92,0.94,213.0,0.01,0.01,2360.653405,1776284234000
1776284237.881,137.881,0.07,238.92,0.06,289.0,0.08,366.04,0.09,478.5,0.92,60.0,0.91,401.5,0.93,120.06,0.94,281.0,0.01,0.01,2360.120829,1776284236000
1776284239.875,139.875,0.05,355.73,0.04,342.8,0.06,295.1,0.07,190.0,0.92,360.04,0.91,478.5,0.93,238.92,0.94,289.0,0.01,0.01,2359.924758,1776284238000
1776284240.459,140.459,0.05,278.35,0.04,292.8,0.06,312.82,0.07,320.5,0.94,287.82,0.93,195.0,0.95,360.73,0.96,342.8,0.01,0.01,2359.924758,1776284238000
1776284240.927,140.927,0.05,221.35,0.04,349.8,0.06,262.82,0.07,320.5,0.94,312.82,0.93,320.5,0.95,278.35,0.96,292.8,0.01,0.01,2359.768801,1776284239000
1776284241.249,141.249,0.05,373.75,0.04,464.8,0.06,185.1,0.07,160.0,0.94,262.82,0.93,320.5,0.95,221.35,0.96,349.8,0.01,0.01,2359.818179,1776284240000
1776284241.889,141.889,0.05,821.0,0.04,472.87,0.08,20.0,0.09,128.5,0.93,55.0,0.92,101.5,0.95,540.55,0.96,464.8,0.03,0.02,2359.818179,1776284240000
1776284242.486,142.486,0.07,286.0,0.06,298.8,0.08,15.0,0.09,78.5,0.92,20.0,0.91,128.5,0.94,250.0,0.95,521.0,0.01,0.02,2359.818179,1776284240000
1776284242.849,142.849,0.08,250.36,0.07,238.3,0.09,15.0,0.1,78.5,0.91,68.0,0.9,70.5,0.93,311.0,0.94,343.8,0.01,0.02,2359.773105,1776284241000
1776284243.051,143.051,0.08,225.28,0.07,238.3,0.09,15.0,0.1,78.5,0.91,15.0,0.9,78.5,0.92,226.92,0.93,238.3,0.01,0.01,2359.773105,1776284241000
1776284243.704,143.704,0.1,55.33,0.09,261.0,0.11,30.6,0.12,82.5,0.91,15.0,0.9,78.5,0.92,272.1,0.93,238.3,0.01,0.01,2359.83507,1776284242000
1776284244.006,144.006,0.1,236.94,0.09,109.0,0.11,88.6,0.12,70.5,0.89,30.6,0.88,82.5,0.9,55.33,0.91,261.0,0.01,0.01,2359.83507,1776284242000
1776284244.397,144.397,0.1,331.88,0.09,175.0,0.11,21.1,0.12,25.5,0.89,88.6,0.88,70.5,0.9,236.94,0.91,109.0,0.01,0.01,2359.83507,1776284242000
1776284244.598,144.598,0.1,439.88,0.09,261.0,0.12,10.0,0.13,25.5,0.89,11.1,0.88,10.0,0.9,439.88,0.91,261.0,0.02,0.01,2360.186905,1776284243000
1776284245.953,145.953,0.09,290.22,0.08,180.9,0.1,75.0,0.11,185.5,0.88,10.0,0.87,25.5,0.9,439.88,0.91,261.0,0.01,0.02,2360.27804,1776284244000
1776284246.304,146.304,0.09,408.22,0.08,312.9,0.1,16.0,0.11,39.21,0.9,75.0,0.89,185.5,0.91,290.22,0.92,180.9,0.01,0.01,2360.27804,1776284244000
1776284251.054,151.054,0.08,302.68,0.07,142.3,0.09,22.0,0.1,223.83,0.89,39.21,0.88,68.0,0.91,408.22,0.92,312.9,0.01,0.02,2360.738291,1776284249000
1776284252.55,152.55,0.08,49.72,0.07,287.0,0.09,209.84,0.1,362.82,0.91,43.0,0.9,218.83,0.92,300.5,0.93,115.3,0.01,0.01,2360.64565,1776284251000
1776284252.906,152.906,0.08,5.0,0.07,60.0,0.09,193.72,0.1,362.82,0.91,209.84,0.9,362.82,0.92,49.72,0.93,287.0,0.01,0.01,2360.64565,1776284251000
1776284254.051,154.051,0.08,1.86,0.07,60.0,0.09,203.72,0.1,357.82,0.91,193.72,0.9,362.82,0.92,5.0,0.93,60.0,0.01,0.01,2360.550541,1776284252000
1776284256.191,156.191,0.08,24.36,0.07,60.0,0.09,192.24,0.1,440.82,0.91,203.72,0.9,357.82,0.92,1.86,0.93,60.0,0.01,0.01,2360.392345,1776284254000
1776284257.079,157.079,0.06,11.57,0.05,10.0,0.07,497.69,0.08,145.88,0.91,192.24,0.9,440.82,0.92,24.36,0.93,60.0,0.01,0.01,2360.3757,1776284255000
1776284257.76,157.76,0.05,12.96,0.04,375.0,0.06,154.13,0.07,426.49,0.93,502.69,0.92,145.88,0.95,9.98,0.96,530.8,0.01,0.02,2360.364565,1776284256000
1776284258.779,158.779,0.04,296.94,0.03,890.7,0.05,78.0,0.06,153.0,0.94,154.13,0.93,426.49,0.95,12.96,0.96,375.0,0.01,0.01,2360.227693,1776284257000
1776284259.741,159.741,0.04,427.33,0.03,822.7,0.05,15.0,0.06,123.65,0.95,78.0,0.94,153.0,0.96,296.94,0.97,890.7,0.01,0.01,2360.014755,1776284258000
1776284261.826,161.826,0.04,913.13,0.03,763.7,0.06,32.65,0.07,152.5,0.95,15.0,0.94,123.65,0.96,427.33,0.97,822.7,0.02,0.01,2359.813525,1776284259000
1776284262.61,162.61,0.05,237.87,0.04,468.13,0.06,42.65,0.07,183.5,0.94,32.65,0.93,152.5,0.96,913.13,0.97,763.7,0.01,0.02,2359.843655,1776284260000
1776284263.107,163.107,0.05,153.27,0.04,525.13,0.06,97.65,0.07,237.49,0.94,42.65,0.93,183.5,0.95,237.87,0.96,468.13,0.01,0.01,2359.88598,1776284261000
1776284265.033,165.033,0.05,6.87,0.04,233.33,0.06,307.15,0.07,372.49,0.94,97.65,0.93,237.49,0.95,153.27,0.96,525.13,0.01,0.01,2360.0345,1776284263000
1776284266.601,166.601,0.04,48.33,0.03,326.0,0.05,331.99,0.06,395.14,0.94,307.15,0.93,372.49,0.95,6.87,0.96,233.33,0.01,0.01,2360.023335,1776284264000
1776284267.304,167.304,0.04,28.33,0.03,426.0,0.05,816.82,0.06,119.5,0.95,331.99,0.94,395.14,0.96,48.33,0.97,326.0,0.01,0.01,2359.87292,1776284265000
1776284267.514,167.514,0.03,337.81,0.02,340.0,0.04,855.04,0.05,660.84,0.96,326.94,0.95,950.84,0.97,357.81,0.98,340.0,0.01,0.01,2359.87292,1776284265000
1776284267.977,167.977,0.03,331.81,0.02,484.0,0.04,776.94,0.05,725.84,0.96,855.04,0.95,660.84,0.97,337.81,0.98,340.0,0.01,0.01,2359.84146,1776284266000
1776284268.278,168.278,0.03,192.81,0.02,484.0,0.04,771.94,0.05,725.84,0.96,776.94,0.95,725.84,0.97,331.81,0.98,484.0,0.01,0.01,2359.7101,1776284267000
1776284269.0,169.0,0.03,181.81,0.02,484.0,0.04,777.04,0.05,801.64,0.96,771.94,0.95,725.84,0.97,192.81,0.98,484.0,0.01,0.01,2359.7101,1776284267000
1776284269.701,169.701,0.03,185.68,0.02,484.0,0.04,777.04,0.05,406.64,0.96,777.04,0.95,801.64,0.97,181.81,0.98,484.0,0.01,0.01,2358.698723,1776284268000
1776284271.338,171.338,0.03,144.68,0.02,340.0,0.04,703.04,0.05,406.64,0.96,777.04,0.95,406.64,0.97,185.68,0.98,484.0,0.01,0.01,2358.483156,1776284269000
1776284271.979,171.979,0.03,98.68,0.02,492.0,0.04,201.72,0.05,223.84,0.96,703.04,0.95,406.64,0.97,144.68,0.98,340.0,0.01,0.01,2358.42533,1776284270000
1776284272.481,172.481,0.03,113.68,0.02,995.7,0.04,93.71,0.05,460.84,0.96,201.72,0.95,223.84,0.97,98.68,0.98,492.0,0.01,0.01,2358.424505,1776284271000
1776284272.995,172.995,0.03,104.62,0.02,995.7,0.04,228.1,0.05,408.84,0.96,93.71,0.95,460.84,0.97,113.68,0.98,995.7,0.01,0.01,2358.424505,1776284271000
1776284274.201,174.201,0.03,869.32,0.02,615.7,0.04,10.63,0.05,94.95,0.96,228.1,0.95,408.84,0.97,104.62,0.98,995.7,0.01,0.01,2358.29626,1776284272000
1776284274.649,174.649,0.04,443.0,0.03,652.32,0.05,20.97,0.06,209.3,0.95,75.58,0.94,209.3,0.96,386.0,0.97,652.32,0.01,0.01,2358.601155,1776284273000
1776284277.55,177.55,0.04,612.63,0.03,456.32,0.05,109.46,0.06,253.3,0.95,20.97,0.94,209.3,0.96,443.0,0.97,652.32,0.01,0.01,2359.4647,1776284276000
1776284278.738,178.738,0.04,338.0,0.03,356.32,0.05,135.92,0.06,272.3,0.95,109.46,0.94,253.3,0.96,612.63,0.97,456.32,0.01,0.01,2359.477837,1776284277000
1776284279.989,179.989,0.04,120.0,0.03,627.32,0.05,205.54,0.06,451.3,0.95,135.92,0.94,272.3,0.96,338.0,0.97,356.32,0.01,0.01,2359.534978,1776284278000
1776284280.443,180.443,0.04,114.79,0.03,570.32,0.05,328.54,0.06,385.3,0.95,205.54,0.94,451.3,0.96,120.0,0.97,627.32,0.01,0.01,2359.49151,1776284279000
1776284281.01,181.01,0.04,114.58,0.03,570.32,0.05,402.92,0.06,396.31,0.95,328.54,0.94,385.3,0.96,114.79,0.97,570.32,0.01,0.01,2359.49151,1776284279000
1776284281.788,181.788,0.04,97.5,0.03,390.32,0.05,686.92,0.06,226.93,0.95,402.92,0.94,396.31,0.96,112.5,0.97,570.32,0.01,0.01,2359.471895,1776284280000
1776284283.17,183.17,0.03,145.94,0.02,819.7,0.04,24.0,0.05,628.92,0.95,686.92,0.94,226.93,0.96,97.5,0.97,390.32,0.01,0.01,2359.26425,1776284281000
1776284283.764,183.764,0.02,458.0,0.01,3395.57,0.04,461.99,0.05,352.31,0.96,24.0,0.95,628.92,0.97,145.94,0.98,819.7,0.02,0.01,2359.20605,1776284282000
1776284284.045,184.045,0.02,443.0,0.01,3495.57,0.03,166.0,0.04,448.99,0.96,461.99,0.95,352.31,0.98,458.0,0.99,3395.57,0.01,0.02,2359.20605,1776284282000
1776284284.591,184.591,0.02,432.89,0.01,3495.57,0.03,176.0,0.04,443.99,0.97,166.0,0.96,448.99,0.98,443.0,0.99,3495.57,0.01,0.01,2359.20605,1776284282000
1776284285.096,185.096,0.02,426.75,0.01,3495.57,0.03,202.78,0.04,530.99,0.97,169.78,0.96,501.99,0.98,432.78,0.99,3495.57,0.01,0.01,2359.20605,1776284282000
1776284290.854,190.854,0.02,493.25,0.01,3886.57,0.03,119.84,0.04,128.99,0.97,197.78,0.96,530.99,0.98,409.75,0.99,3495.57,0.01,0.01,2358.87583,1776284289000
1776284291.333,191.333,0.02,661.58,0.01,3886.57,0.03,124.84,0.04,55.99,0.97,119.84,0.96,5.0,0.98,666.58,0.99,3886.57,0.01,0.01,2359.026108,1776284290000
1776284291.763,191.763,0.02,691.58,0.01,3425.57,0.05,488.56,0.06,289.92,0.97,124.84,0.96,55.99,0.98,661.58,0.99,3886.57,0.03,0.01,2359.026108,1776284290000
1776284294.321,194.321,0.03,401.0,0.02,512.58,0.04,118.34,0.05,148.11,0.95,488.56,0.94,289.92,0.98,691.58,0.99,3425.57,0.01,0.03,2359.266421,1776284292000
1776284294.553,194.553,0.03,448.93,0.02,559.58,0.04,118.34,0.05,204.49,0.96,118.34,0.95,148.11,0.97,401.0,0.98,512.58,0.01,0.01,2359.35796,1776284293000
1776284295.902,195.902,0.03,394.93,0.02,559.58,0.04,123.34,0.05,198.49,0.96,118.34,0.95,204.49,0.97,448.93,0.98,559.58,0.01,0.01,2359.40341,1776284294000
1776284300.126,200.126,0.03,611.7,0.02,583.58,0.04,43.31,0.05,20.0,0.96,123.34,0.95,198.49,0.97,390.93,0.98,559.58,0.01,0.01,2359.823568,1776284298000
1776284300.69,200.69,0.03,400.7,0.02,583.58,0.04,43.31,0.05,30.5,0.96,43.31,0.95,20.0,0.97,611.7,0.98,583.58,0.01,0.01,2359.823568,1776284298000
1776284304.334,204.334,0.03,414.7,0.02,656.58,0.04,93.31,0.05,155.5,0.96,43.31,0.95,30.5,0.97,400.7,0.98,583.58,0.01,0.01,2359.90696,1776284303000
1776284304.847,204.847,0.03,404.7,0.02,651.58,0.04,93.31,0.05,155.5,0.96,93.31,0.95,155.5,0.97,414.7,0.98,656.58,0.01,0.01,2359.90696,1776284303000
1776284305.949,205.949,0.03,197.66,0.02,888.58,0.04,98.31,0.05,230.49,0.96,93.31,0.95,200.11,0.97,387.7,0.98,651.58,0.01,0.01,2359.94429,1776284304000
1776284307.101,207.101,0.03,412.66,0.02,656.58,0.04,61.31,0.05,153.49,0.96,98.31,0.95,230.49,0.97,197.66,0.98,888.58,0.01,0.01,2359.987815,1776284305000
1776284310.701,210.701,0.03,62.42,0.02,888.58,0.04,86.31,0.05,160.5,0.96,61.31,0.95,153.49,0.97,412.66,0.98,656.58,0.01,0.01,2360.009215,1776284309000
1776284312.81,212.81,0.02,373.58,0.01,3863.56,0.03,17.0,0.04,301.8,0.96,86.31,0.95,160.5,0.97,62.42,0.98,888.58,0.01,0.01,2360.219062,1776284311000
1776284313.983,213.983,0.02,355.71,0.01,3383.56,0.03,17.0,0.04,206.81,0.97,17.0,0.96,301.8,0.98,373.58,0.99,3863.56,0.01,0.01,2360.154813,1776284312000
1776284315.875,215.875,0.02,102.57,0.01,3563.56,0.03,27.0,0.04,426.5,0.97,17.0,0.96,206.81,0.98,355.71,0.99,3383.56,0.01,0.01,2359.912133,1776284314000
1776284318.096,218.096,0.02,37.48,0.01,4253.56,0.03,46.0,0.04,646.5,0.97,27.0,0.96,426.5,0.98,102.57,0.99,3563.56,0.01,0.01,2359.960589,1776284317000
1776284318.433,218.433,0.02,28.39,0.01,4253.56,0.03,41.0,0.04,746.5,0.97,46.0,0.96,646.5,0.98,37.48,0.99,4253.56,0.01,0.01,2359.960589,1776284317000
1776284319.556,219.556,0.02,19.39,0.01,4253.56,0.03,69.0,0.04,746.5,0.97,41.0,0.96,746.5,0.98,28.39,0.99,4253.56,0.01,0.01,2359.863435,1776284318000
1776284320.388,220.388,0.02,4.39,0.01,3229.56,0.03,290.69,0.04,660.89,0.97,69.0,0.96,746.5,0.98,19.39,0.99,4253.56,0.01,0.01,2359.827082,1776284319000
1776284324.812,224.812,0.01,2226.29,,,0.03,947.2,0.04,445.51,0.97,290.69,0.96,660.89,0.98,4.39,0.99,3229.56,0.02,0.01,2359.251805,1776284323000
1776284325.489,225.489,0.01,2115.29,,,0.02,613.69,0.03,729.59,0.98,626.69,0.97,753.6,0.99,2130.29,,,0.01,0.01,2359.186588,1776284324000
1776284325.699,225.699,0.01,2107.29,,,0.02,613.69,0.03,729.59,0.98,613.69,0.97,729.59,0.99,2115.29,,,0.01,0.01,2359.186588,1776284324000
1776284326.855,226.855,0.01,2092.29,,,0.02,623.69,0.03,724.59,0.98,613.69,0.97,729.59,0.99,2107.29,,,0.01,0.01,2359.0613,1776284325000
1776284327.763,227.763,0.01,1897.29,,,0.02,926.69,0.03,516.59,0.98,623.69,0.97,724.59,0.99,2092.29,,,0.01,0.01,2359.0616,1776284326000
1776284328.194,228.194,,,,,0.01,588.71,0.02,926.69,0.99,627.71,0.98,931.69,,,,,,,2359.0616,1776284326000
1776284334.4,234.4,,,,,0.01,1053.3,0.02,804.06,0.99,588.71,0.98,926.69,,,,,,,2358.8674,1776284332000
1776284336.43,236.43,,,,,0.01,1048.2,0.02,810.07,0.99,1053.3,0.98,804.06,,,,,,,2358.8674,1776284332000
1776284344.228,244.228,,,,,0.01,1336.31,0.02,708.68,0.99,1048.2,0.98,810.07,,,,,,,2358.70169,1776284343000
1776284349.208,249.208,,,,,0.01,1244.39,0.02,708.68,0.99,1336.31,0.98,708.68,,,,,,,2358.789855,1776284347000
1776284360.298,260.298,,,,,0.01,5160.85,0.02,773.68,0.99,1244.39,0.98,708.68,,,,,,,2359.259875,1776284358000
1776284375.221,275.221,0.002,5.0,0.001,345.0,0.01,1178.01,0.02,379.41,0.99,5160.85,0.98,773.68,,,,,0.008,,2360.071083,1776284373000
1776284375.525,275.525,0.001,345.0,,,0.01,1123.01,0.02,379.41,0.99,1178.01,0.98,379.41,0.998,5.0,0.999,345.0,0.009,0.008,2360.177625,1776284374000
1776284375.813,275.813,0.001,320.0,,,0.01,1134.01,0.02,379.41,0.99,1119.01,0.98,379.41,0.999,340.0,,,0.009,0.009,2360.177625,1776284374000
1776284376.315,276.315,0.001,309.99,,,0.01,1280.02,0.02,379.41,0.99,1134.01,0.98,379.41,0.999,320.0,,,0.009,0.009,2360.19016,1776284375000
1776284376.56,276.56,0.001,308.98,,,0.01,1250.02,0.02,379.41,0.99,1280.02,0.98,379.41,0.999,309.99,,,0.009,0.009,2360.19016,1776284375000
1776284378.231,278.231,0.001,273.94,,,0.01,1280.02,0.02,379.41,0.99,1250.02,0.98,379.41,0.999,308.98,,,0.009,0.009,2360.24561,1776284376000
1776284378.53,278.53,0.001,238.9,,,0.01,1275.02,0.02,379.41,0.99,1280.02,0.98,379.41,0.999,273.94,,,0.009,0.009,2360.216635,1776284377000
1776284378.922,278.922,0.001,228.9,,,0.01,1250.02,0.02,379.41,0.99,1275.02,0.98,379.41,0.999,238.9,,,0.009,0.009,2360.216635,1776284377000
1776284381.574,281.574,0.001,329.9,,,0.01,1295.53,0.02,379.41,0.99,1250.02,0.98,379.41,0.999,228.9,,,0.009,0.009,2360.365262,1776284380000
1776284382.395,282.395,0.001,329.9,,,0.01,1431.53,0.02,379.41,0.99,1295.53,0.98,379.41,0.999,329.9,,,0.009,0.009,2360.31,1776284381000
1776284383.989,283.989,0.001,249.82,,,0.01,1431.53,0.02,379.41,0.99,1431.53,0.98,379.41,0.999,329.9,,,0.009,0.009,2360.25442,1776284382000
1776284390.642,290.642,0.001,214.78,,,0.009,457.0,0.01,5099.71,0.99,1431.53,0.98,379.41,0.999,249.82,,,0.008,0.009,2360.534947,1776284389000
1776284391.223,291.223,0.001,170.04,,,0.009,481.0,0.01,5119.71,0.991,457.0,0.99,5099.71,0.999,214.78,,,0.008,0.008,2360.534947,1776284389000
1776284391.588,291.588,0.001,135.0,,,0.009,481.0,0.01,5119.71,0.991,481.0,0.99,5119.71,0.999,170.04,,,0.008,0.008,2360.432446,1776284390000
1776284391.84,291.84,0.001,116.18,,,0.009,481.0,0.01,5119.71,0.991,481.0,0.99,5119.71,0.999,135.0,,,0.008,0.008,2360.432446,1776284390000
1776284392.386,292.386,0.001,91.15,,,0.009,481.0,0.01,5119.71,0.991,481.0,0.99,5119.71,0.999,116.18,,,0.008,0.008,2360.387116,1776284391000
1776284393.418,293.418,0.001,44.54,,,0.009,481.0,0.01,6139.81,0.991,481.0,0.99,5119.71,0.999,91.15,,,0.008,0.008,2360.400351,1776284392000
1776284394.801,294.801,,,,,0.009,481.0,0.01,6144.81,0.991,481.0,0.99,6144.81,0.999,29.53,,,,0.008,2360.454571,1776284393000

# RESULT,winner=Down,slug=eth-updown-5m-1776284100,ticks=270
