timestamp,elapsed_sec,up_bid_p1,up_bid_s1,up_bid_p2,up_bid_s2,up_ask_p1,up_ask_s1,up_ask_p2,up_ask_s2,down_bid_p1,down_bid_s1,down_bid_p2,down_bid_s2,down_ask_p1,down_ask_s1,down_ask_p2,down_ask_s2,up_spread,down_spread,eth_price,eth_oracle_ts
1776225301.383,1.383,,,,,,,,,,,,,,,,,,,2327.097777,1776225300000
1776225301.732,1.732,0.48,65.0,0.47,18.0,0.49,10.0,0.5,5.0,0.49,7.0,0.48,62.26,0.52,70.0,0.53,13.0,0.01,0.03,2327.097777,1776225300000
1776225302.82,2.82,0.48,60.38,0.47,18.0,0.49,12.95,0.5,5.0,0.51,12.95,0.5,5.0,0.52,70.0,0.53,18.0,0.01,0.01,2327.097007,1776225301000
1776225303.325,3.325,0.48,50.38,0.47,23.0,0.49,22.95,0.5,15.0,0.51,12.95,0.5,5.0,0.52,60.38,0.53,18.0,0.01,0.01,2327.072769,1776225302000
1776225303.943,3.943,0.48,50.38,0.47,23.0,0.49,22.95,0.5,15.0,0.51,22.95,0.5,15.0,0.52,50.38,0.53,23.0,0.01,0.01,2327.061225,1776225303000
1776225304.975,4.975,0.48,50.38,0.47,23.0,0.49,22.95,0.5,15.0,0.51,22.95,0.5,15.0,0.52,50.38,0.53,23.0,0.01,0.01,2327.0095,1776225304000
1776225305.907,5.907,0.48,50.38,0.47,23.0,0.49,22.95,0.5,15.0,0.51,22.95,0.5,15.0,0.52,50.38,0.53,23.0,0.01,0.01,2327.024485,1776225305000
1776225306.404,6.404,0.48,60.99,0.47,23.0,0.49,27.95,0.5,25.0,0.51,22.95,0.5,15.0,0.52,50.38,0.53,23.0,0.01,0.01,2327.024485,1776225305000
1776225306.943,6.943,0.48,60.99,0.47,23.0,0.49,27.95,0.5,25.0,0.51,27.95,0.5,25.0,0.52,60.99,0.53,23.0,0.01,0.01,2327.03024,1776225306000
1776225308.031,8.031,0.48,60.99,0.47,23.0,0.49,27.95,0.5,25.0,0.51,27.95,0.5,25.0,0.52,60.99,0.53,23.0,0.01,0.01,2327.117543,1776225307000
1776225309.142,9.142,0.48,60.99,0.47,23.0,0.49,27.95,0.5,25.0,0.51,27.95,0.5,25.0,0.52,60.99,0.53,23.0,0.01,0.01,2327.050283,1776225308000
1776225310.131,10.131,0.48,60.99,0.47,23.0,0.49,27.95,0.5,25.0,0.51,27.95,0.5,25.0,0.52,60.99,0.53,23.0,0.01,0.01,2327.03167,1776225309000
1776225311.077,11.077,0.48,60.99,0.47,23.0,0.49,27.95,0.5,25.0,0.51,27.95,0.5,25.0,0.52,60.99,0.53,23.0,0.01,0.01,2327.063875,1776225310000
1776225312.095,12.095,0.48,60.99,0.47,23.0,0.49,27.95,0.5,25.0,0.51,27.95,0.5,25.0,0.52,60.99,0.53,23.0,0.01,0.01,2327.061005,1776225311000
1776225313.194,13.194,0.48,60.99,0.47,23.0,0.49,27.95,0.5,25.0,0.51,27.95,0.5,25.0,0.52,60.99,0.53,23.0,0.01,0.01,2327.063505,1776225312000
1776225314.301,14.301,0.48,60.99,0.47,23.0,0.49,27.95,0.5,25.0,0.51,27.95,0.5,25.0,0.52,60.99,0.53,23.0,0.01,0.01,2327.06314,1776225313000
1776225314.71,14.71,0.48,136.49,0.47,38.0,0.5,17.8,0.51,28.0,0.51,27.95,0.5,25.0,0.52,60.99,0.53,23.0,0.02,0.01,2327.06314,1776225313000
1776225315.066,15.066,0.48,136.49,0.47,38.0,0.51,28.0,0.52,82.76,0.49,28.0,0.48,82.76,0.52,136.49,0.53,38.0,0.03,0.03,2327.138064,1776225314000
1776225315.419,15.419,0.5,45.0,0.49,35.5,0.52,85.74,0.53,35.0,0.49,28.0,0.48,82.76,0.52,136.49,0.53,38.0,0.02,0.03,2327.138064,1776225314000
1776225316.427,16.427,0.55,10.52,0.5,55.5,0.56,70.0,0.57,30.0,0.44,70.0,0.43,30.0,0.45,10.52,0.5,55.5,0.01,0.01,2327.0642,1776225315000
1776225317.087,17.087,0.55,147.87,0.54,5.0,0.56,131.5,0.57,43.0,0.44,131.5,0.43,43.0,0.45,147.87,0.46,5.0,0.01,0.01,2327.08172,1776225316000
1776225317.389,17.389,0.55,140.64,0.54,5.0,0.56,166.5,0.57,43.0,0.44,131.5,0.43,43.0,0.45,147.87,0.46,5.0,0.01,0.01,2327.08172,1776225316000
1776225318.393,18.393,0.55,140.64,0.54,5.0,0.56,166.5,0.57,43.0,0.44,166.5,0.43,43.0,0.45,140.64,0.46,5.0,0.01,0.01,2327.073825,1776225317000
1776225319.027,19.027,0.55,140.64,0.54,5.0,0.56,166.5,0.57,43.0,0.44,166.5,0.43,43.0,0.45,140.64,0.46,5.0,0.01,0.01,2327.07389,1776225318000
1776225320.212,20.212,0.55,140.64,0.54,5.0,0.56,166.5,0.57,43.0,0.44,166.5,0.43,43.0,0.45,140.64,0.46,5.0,0.01,0.01,2327.074445,1776225319000
1776225321.023,21.023,0.57,42.67,0.56,25.0,0.58,37.0,0.59,40.5,0.42,6.0,0.41,35.5,0.43,10.0,0.44,20.0,0.01,0.01,2327.074445,1776225319000
1776225321.243,21.243,0.57,50.34,0.56,25.0,0.58,61.09,0.59,40.5,0.42,66.41,0.41,40.5,0.43,50.34,0.44,25.0,0.01,0.01,2327.074445,1776225319000
1776225321.466,21.466,0.57,38.01,0.56,25.0,0.58,74.36,0.59,40.5,0.42,76.09,0.41,40.5,0.43,43.01,0.44,25.0,0.01,0.01,2327.078015,1776225320000
1776225321.667,21.667,0.57,48.01,0.56,25.0,0.58,67.13,0.59,40.5,0.42,68.86,0.41,40.5,0.43,38.01,0.44,25.0,0.01,0.01,2327.078015,1776225320000
1776225321.981,21.981,0.57,45.68,0.56,25.0,0.58,65.4,0.59,40.5,0.42,67.13,0.41,40.5,0.43,45.68,0.44,25.0,0.01,0.01,2327.078015,1776225320000
1776225322.341,22.341,0.57,45.68,0.56,25.0,0.58,42.87,0.59,40.5,0.42,48.27,0.41,40.5,0.43,45.68,0.44,25.0,0.01,0.01,2327.114685,1776225321000
1776225322.704,22.704,0.57,41.02,0.56,25.0,0.58,56.38,0.59,40.5,0.42,42.87,0.41,40.5,0.43,38.35,0.44,25.0,0.01,0.01,2327.114685,1776225321000
1776225323.015,23.015,0.57,33.69,0.56,25.0,0.58,56.38,0.59,40.5,0.42,56.38,0.41,40.5,0.43,41.02,0.44,25.0,0.01,0.01,2327.114685,1776225321000
1776225323.305,23.305,0.57,27.06,0.56,20.0,0.58,46.38,0.59,40.5,0.42,56.38,0.41,40.5,0.43,27.06,0.44,25.0,0.01,0.01,2327.114685,1776225321000
1776225323.548,23.548,0.57,27.06,0.56,20.0,0.58,46.38,0.59,40.5,0.42,46.38,0.41,40.5,0.43,27.06,0.44,20.0,0.01,0.01,2327.221485,1776225322000
1776225323.762,23.762,0.57,22.4,0.56,25.0,0.58,28.9,0.59,40.5,0.42,30.87,0.41,40.5,0.43,27.4,0.44,25.0,0.01,0.01,2327.221485,1776225322000
1776225323.982,23.982,0.57,27.4,0.56,25.0,0.58,23.26,0.59,40.5,0.42,24.99,0.41,40.5,0.43,27.4,0.44,25.0,0.01,0.01,2327.221485,1776225322000
1776225324.256,24.256,0.57,27.4,0.56,25.0,0.58,17.76,0.59,40.5,0.42,23.26,0.41,40.5,0.43,27.4,0.44,25.0,0.01,0.01,2327.246875,1776225323000
1776225324.752,24.752,0.57,19.84,0.56,25.0,0.58,22.76,0.59,40.5,0.42,17.76,0.41,40.5,0.43,27.4,0.44,25.0,0.01,0.01,2327.246875,1776225323000
1776225325.111,25.111,0.57,22.28,0.56,25.0,0.58,79.54,0.59,40.5,0.42,22.76,0.41,40.5,0.43,19.84,0.44,25.0,0.01,0.01,2327.246875,1776225323000
1776225325.351,25.351,0.57,7.28,0.56,35.0,0.58,87.54,0.59,30.0,0.42,79.54,0.41,40.5,0.43,22.28,0.44,25.0,0.01,0.01,2327.265535,1776225324000
1776225325.578,25.578,0.57,4.72,0.56,35.0,0.58,82.54,0.59,30.0,0.42,82.54,0.41,30.0,0.43,4.72,0.44,35.0,0.01,0.01,2327.265535,1776225324000
1776225325.833,25.833,0.57,15.97,0.56,45.5,0.58,82.54,0.59,30.0,0.42,82.54,0.41,30.0,0.43,4.72,0.44,35.0,0.01,0.01,2327.265535,1776225324000
1776225326.215,26.215,0.57,22.44,0.56,45.5,0.58,8.0,0.59,30.0,0.42,82.54,0.41,30.0,0.43,12.46,0.44,45.5,0.01,0.01,2327.265535,1776225324000
1776225326.489,26.489,0.57,19.9,0.56,45.5,0.58,13.0,0.59,30.0,0.42,13.0,0.41,30.0,0.43,19.9,0.44,45.5,0.01,0.01,2327.340507,1776225325000
1776225327.037,27.037,0.57,24.82,0.56,35.5,0.58,13.0,0.59,30.0,0.42,13.0,0.41,30.0,0.43,27.36,0.44,35.5,0.01,0.01,2327.340507,1776225325000
1776225327.501,27.501,0.57,37.46,0.56,35.5,0.58,8.0,0.59,23.0,0.42,13.0,0.41,30.0,0.44,35.5,0.45,161.14,0.01,0.02,2327.313214,1776225326000
1776225328.217,28.217,0.57,37.46,0.56,35.5,0.58,8.0,0.59,23.0,0.42,8.0,0.41,23.0,0.43,37.46,0.44,35.5,0.01,0.01,2327.260894,1776225327000
1776225328.659,28.659,0.57,86.6,0.56,100.5,0.65,15.71,0.66,7.0,0.42,8.0,0.41,23.0,0.43,37.46,0.44,35.5,0.08,0.01,2327.260894,1776225327000
1776225328.87,28.87,0.66,20.0,0.65,35.5,0.67,6.33,0.68,5.0,0.33,12.9,0.32,5.0,0.35,20.5,0.36,38.31,0.01,0.02,2327.260894,1776225327000
1776225329.332,29.332,0.68,15.0,0.67,15.0,0.69,32.9,0.7,5.0,0.31,15.5,0.3,5.0,0.34,25.0,0.35,30.5,0.01,0.03,2327.260894,1776225327000
1776225329.608,29.608,0.68,18.09,0.67,20.0,0.69,27.4,0.7,5.0,0.31,32.4,0.3,5.0,0.32,18.09,0.33,20.0,0.01,0.01,2327.24959,1776225328000
1776225329.9,29.9,0.68,23.57,0.67,41.1,0.69,13.65,0.7,6.0,0.31,17.4,0.29,5.0,0.32,16.84,0.33,20.0,0.01,0.01,2327.24959,1776225328000
1776225330.192,30.192,0.68,28.57,0.67,41.1,0.74,14.0,0.75,14.0,0.26,14.0,0.25,14.0,0.32,28.57,0.33,41.1,0.06,0.06,2327.384752,1776225329000
1776225330.587,30.587,0.73,15.0,0.72,20.0,0.74,6.24,0.75,14.0,0.26,14.0,0.25,14.0,0.27,2.77,0.28,15.0,0.01,0.01,2327.384752,1776225329000
1776225330.963,30.963,0.73,30.0,0.72,59.6,0.74,23.67,0.75,19.0,0.26,6.24,0.25,14.0,0.27,15.0,0.28,20.0,0.01,0.01,2327.384752,1776225329000
1776225331.261,31.261,0.74,40.5,0.73,35.5,0.79,39.49,0.8,23.0,0.25,6.36,0.21,36.0,0.26,25.0,0.27,25.0,0.05,0.01,2327.384752,1776225329000
1776225331.577,31.577,0.78,4.63,0.77,25.5,0.79,64.49,0.8,28.05,0.21,39.49,0.2,23.0,0.26,40.5,0.27,35.5,0.01,0.05,2327.738308,1776225330000
1776225331.826,31.826,0.78,10.0,0.77,10.0,0.79,50.55,0.8,48.55,0.21,59.49,0.2,28.05,0.22,4.63,0.23,25.5,0.01,0.01,2327.738308,1776225330000
1776225332.24,32.24,0.78,10.45,0.77,10.0,0.79,55.55,0.8,53.55,0.21,50.55,0.2,48.55,0.22,10.0,0.23,10.0,0.01,0.01,2327.771449,1776225331000
1776225333.213,33.213,0.78,10.45,0.77,10.0,0.79,55.55,0.8,53.55,0.21,55.55,0.2,53.55,0.22,10.45,0.23,10.0,0.01,0.01,2328.128907,1776225332000
1776225333.59,33.59,0.78,10.45,0.77,10.0,0.79,73.55,0.8,66.55,0.21,83.55,0.2,66.55,0.22,10.45,0.23,10.0,0.01,0.01,2328.128907,1776225332000
1776225333.949,33.949,0.78,5.0,0.77,10.0,0.79,120.47,0.8,66.55,0.21,73.55,0.2,66.55,0.22,10.45,0.23,10.0,0.01,0.01,2328.128907,1776225332000
1776225334.385,34.385,0.78,5.0,0.77,10.0,0.79,120.47,0.8,66.55,0.21,120.47,0.2,66.55,0.22,5.0,0.23,10.0,0.01,0.01,2328.15473,1776225333000
1776225334.707,34.707,0.77,15.0,0.76,25.5,0.78,87.41,0.79,71.0,0.22,102.93,0.21,76.0,0.23,15.0,0.24,25.5,0.01,0.01,2328.15473,1776225333000
1776225334.913,34.913,0.77,15.0,0.76,25.5,0.78,84.84,0.79,71.0,0.22,84.84,0.21,71.0,0.23,15.0,0.24,25.5,0.01,0.01,2328.14475,1776225334000
1776225335.593,35.593,0.77,25.0,0.76,20.5,0.78,79.84,0.79,71.0,0.22,84.84,0.21,71.0,0.23,15.0,0.24,25.5,0.01,0.01,2328.14475,1776225334000
1776225336.032,36.032,0.77,25.0,0.76,20.5,0.78,79.84,0.79,71.0,0.22,79.84,0.21,71.0,0.23,25.0,0.24,20.5,0.01,0.01,2328.123455,1776225335000
1776225337.194,37.194,0.77,14.13,0.76,20.5,0.78,30.84,0.79,71.0,0.22,30.84,0.21,71.0,0.23,14.13,0.24,20.5,0.01,0.01,2328.09031,1776225336000
1776225337.572,37.572,0.77,20.0,0.76,20.5,0.78,30.84,0.79,71.0,0.22,30.84,0.21,71.0,0.23,14.13,0.24,20.5,0.01,0.01,2328.09031,1776225336000
1776225338.014,38.014,0.77,15.0,0.76,20.5,0.78,30.84,0.79,71.0,0.22,30.84,0.21,71.0,0.23,20.0,0.24,20.5,0.01,0.01,2328.09031,1776225336000
1776225338.284,38.284,0.77,15.0,0.76,20.5,0.78,30.84,0.79,71.0,0.22,30.84,0.21,71.0,0.23,15.0,0.24,20.5,0.01,0.01,2328.073505,1776225337000
1776225339.149,39.149,0.77,10.0,0.76,20.5,0.78,46.55,0.79,66.0,0.22,30.84,0.21,71.0,0.23,15.0,0.24,20.5,0.01,0.01,2328.073505,1776225337000
1776225339.585,39.585,0.77,5.0,0.76,25.5,0.78,41.55,0.79,66.0,0.22,46.55,0.21,66.0,0.23,10.0,0.24,20.5,0.01,0.01,2328.151021,1776225338000
1776225339.833,39.833,0.77,5.0,0.76,25.5,0.78,41.55,0.79,66.0,0.22,41.55,0.21,66.0,0.23,5.0,0.24,25.5,0.01,0.01,2328.142711,1776225339000
1776225340.903,40.903,0.77,5.0,0.76,25.5,0.78,41.55,0.79,66.0,0.22,41.55,0.21,66.0,0.23,5.0,0.24,25.5,0.01,0.01,2328.146369,1776225340000
1776225341.585,41.585,0.77,20.0,0.76,25.5,0.78,21.55,0.79,61.0,0.22,41.55,0.21,66.0,0.23,5.0,0.24,25.5,0.01,0.01,2328.146369,1776225340000
1776225342.101,42.101,0.77,20.0,0.76,25.5,0.78,21.55,0.79,61.0,0.22,21.55,0.21,61.0,0.23,20.0,0.24,25.5,0.01,0.01,2328.08472,1776225341000
1776225342.639,42.639,0.79,60.5,0.78,30.5,0.81,10.0,0.83,37.5,0.22,21.55,0.21,61.0,0.23,20.0,0.24,25.5,0.02,0.01,2328.08472,1776225341000
1776225343.101,43.101,0.82,17.0,0.81,26.0,0.83,100.23,0.84,136.8,0.17,85.5,0.16,136.8,0.18,17.0,0.19,26.0,0.01,0.01,2328.08472,1776225341000
1776225343.455,43.455,0.78,20.0,0.77,15.0,0.8,28.6,0.81,27.0,0.19,7.0,0.17,105.23,0.2,39.0,0.21,25.5,0.02,0.01,2328.084725,1776225342000
1776225344.178,44.178,0.78,57.0,0.77,35.5,0.8,51.52,0.81,118.28,0.2,46.1,0.19,22.0,0.22,22.0,0.23,20.0,0.02,0.02,2328.084725,1776225342000
1776225344.458,44.458,0.78,52.0,0.77,35.5,0.79,2.94,0.8,76.52,0.2,51.52,0.19,118.28,0.22,57.0,0.23,35.5,0.01,0.02,2328.084725,1776225342000
1776225344.907,44.907,0.78,32.0,0.77,35.5,0.8,72.92,0.81,77.5,0.2,69.52,0.19,77.5,0.22,32.0,0.23,35.5,0.02,0.02,2328.084725,1776225342000
1776225345.434,45.434,0.78,27.0,0.77,35.5,0.8,67.92,0.81,77.5,0.2,67.92,0.19,77.5,0.22,27.0,0.23,35.5,0.02,0.02,2328.2905,1776225344000
1776225346.055,46.055,0.78,32.0,0.77,45.5,0.79,10.0,0.8,67.92,0.21,10.0,0.2,67.92,0.22,32.0,0.23,45.5,0.01,0.01,2328.238955,1776225345000
1776225346.271,46.271,0.78,50.34,0.77,45.5,0.8,69.32,0.81,90.9,0.2,67.92,0.19,90.9,0.22,50.34,0.23,45.5,0.02,0.02,2328.238955,1776225345000
1776225346.488,46.488,0.78,50.34,0.77,45.5,0.8,61.82,0.81,90.9,0.2,63.07,0.19,90.9,0.22,50.34,0.23,45.5,0.02,0.02,2328.238955,1776225345000
1776225346.709,46.709,0.78,55.34,0.77,35.5,0.79,2.29,0.8,61.82,0.2,61.82,0.19,90.9,0.22,50.34,0.23,45.5,0.01,0.02,2328.238955,1776225345000
1776225347.031,47.031,0.78,60.34,0.77,35.5,0.79,0.89,0.8,61.82,0.21,2.29,0.2,61.82,0.22,55.34,0.23,35.5,0.01,0.01,2328.238955,1776225345000
1776225347.575,47.575,0.78,50.34,0.77,35.5,0.8,56.82,0.81,90.9,0.21,0.89,0.2,61.82,0.22,60.34,0.23,35.5,0.02,0.01,2328.206518,1776225346000
1776225348.114,48.114,0.78,55.34,0.77,35.5,0.8,55.57,0.81,90.9,0.2,56.82,0.19,90.9,0.22,50.34,0.23,35.5,0.02,0.02,2328.206518,1776225346000
1776225348.404,48.404,0.78,55.34,0.77,35.5,0.8,53.07,0.81,90.9,0.2,53.07,0.19,90.9,0.22,55.34,0.23,35.5,0.02,0.02,2328.206025,1776225347000
1776225348.984,48.984,0.78,55.34,0.77,35.5,0.8,53.07,0.81,90.9,0.2,53.07,0.19,90.9,0.22,55.34,0.23,35.5,0.02,0.02,2328.20575,1776225348000
1776225349.298,49.298,0.76,11.58,0.74,10.0,0.77,35.5,0.78,61.5,0.2,53.07,0.19,90.9,0.22,55.34,0.23,35.5,0.01,0.02,2328.20575,1776225348000
1776225349.695,49.695,0.74,10.0,0.73,39.0,0.77,60.5,0.78,61.5,0.23,35.5,0.22,61.5,0.24,11.58,0.26,10.0,0.03,0.01,2328.20575,1776225348000
1776225350.816,50.816,0.73,9.0,0.72,15.5,0.75,10.0,0.76,20.5,0.25,10.0,0.24,20.5,0.27,9.0,0.28,15.5,0.02,0.02,2328.191365,1776225349000
1776225351.332,51.332,0.73,9.0,0.72,15.5,0.75,10.0,0.76,20.5,0.25,10.0,0.24,20.5,0.27,9.0,0.28,15.5,0.02,0.02,2328.1883,1776225350000
1776225351.553,51.553,0.7,20.5,0.69,13.0,0.74,87.5,0.75,48.5,0.25,10.0,0.24,20.5,0.27,9.0,0.28,15.5,0.04,0.02,2328.1883,1776225350000
1776225352.106,52.106,0.7,100.5,0.69,28.0,0.71,0.77,0.73,20.0,0.26,87.5,0.25,48.5,0.3,20.5,0.31,13.0,0.01,0.04,2328.1883,1776225350000
1776225352.368,52.368,0.7,100.5,0.69,28.0,0.71,0.77,0.73,20.0,0.29,0.77,0.27,20.0,0.3,100.5,0.31,28.0,0.01,0.01,2327.974465,1776225351000
1776225352.68,52.68,0.7,95.5,0.69,20.0,0.73,16.63,0.74,30.0,0.29,0.77,0.27,20.0,0.3,100.5,0.31,28.0,0.03,0.01,2327.974465,1776225351000
1776225352.953,52.953,0.7,95.5,0.69,20.0,0.73,16.63,0.74,30.0,0.27,16.63,0.26,30.0,0.3,95.5,0.31,20.0,0.03,0.03,2328.092631,1776225352000
1776225353.991,53.991,0.72,30.0,0.71,30.5,0.74,44.86,0.75,25.5,0.27,16.63,0.26,30.0,0.3,95.5,0.31,20.0,0.02,0.03,2328.092631,1776225352000
1776225354.227,54.227,0.72,30.0,0.71,30.5,0.74,44.86,0.75,25.5,0.26,44.86,0.25,25.5,0.28,30.0,0.29,30.5,0.02,0.02,2328.054986,1776225353000
1776225355.632,55.632,0.72,30.0,0.71,30.5,0.74,44.86,0.75,25.5,0.26,44.86,0.25,25.5,0.28,30.0,0.29,30.5,0.02,0.02,2327.938662,1776225354000
1776225356.152,56.152,0.72,30.0,0.71,30.5,0.74,44.86,0.75,25.5,0.26,44.86,0.25,25.5,0.28,30.0,0.29,30.5,0.02,0.02,2327.938646,1776225355000
1776225356.843,56.843,0.72,30.0,0.71,30.5,0.74,44.86,0.75,25.5,0.26,44.86,0.25,25.5,0.28,30.0,0.29,30.5,0.02,0.02,2327.952848,1776225356000
1776225357.506,57.506,0.73,160.5,0.72,84.5,0.74,4.14,0.77,10.0,0.26,44.86,0.25,25.5,0.28,30.0,0.29,30.5,0.01,0.02,2327.952848,1776225356000
1776225358.099,58.099,0.79,61.5,0.78,16.0,0.8,28.83,0.81,30.4,0.2,28.83,0.19,30.4,0.21,61.5,0.22,16.0,0.01,0.01,2327.934613,1776225357000
1776225358.391,58.391,0.79,119.5,0.78,21.0,0.8,8.75,0.81,30.4,0.2,28.83,0.19,30.4,0.21,61.5,0.22,16.0,0.01,0.01,2327.934613,1776225357000
1776225358.709,58.709,0.8,40.0,0.79,89.5,0.81,32.53,0.82,24.4,0.2,8.75,0.19,30.4,0.21,119.5,0.22,21.0,0.01,0.01,2327.934613,1776225357000
1776225358.997,58.997,0.8,40.0,0.79,89.5,0.81,32.53,0.82,24.4,0.19,32.53,0.18,24.4,0.2,40.0,0.21,89.5,0.01,0.01,2327.919435,1776225358000
1776225359.734,59.734,0.81,98.28,0.8,74.5,0.82,40.01,0.83,29.29,0.19,31.3,0.18,24.4,0.2,99.5,0.21,89.5,0.01,0.01,2327.919435,1776225358000
1776225359.96,59.96,0.81,103.28,0.8,69.5,0.82,37.19,0.83,44.29,0.18,40.01,0.17,29.29,0.19,98.28,0.2,74.5,0.01,0.01,2327.919435,1776225358000
1776225360.188,60.188,0.81,93.01,0.8,69.5,0.82,35.97,0.83,44.29,0.18,35.97,0.17,44.29,0.19,93.01,0.2,69.5,0.01,0.01,2328.250083,1776225359000
1776225360.667,60.667,0.82,105.5,0.81,70.74,0.83,9.97,0.84,65.0,0.18,34.75,0.17,29.29,0.19,97.74,0.2,69.5,0.01,0.01,2328.250083,1776225359000
1776225361.015,61.015,0.83,101.5,0.82,37.5,0.84,14.28,0.86,70.9,0.16,49.97,0.15,28.2,0.18,105.5,0.19,70.74,0.01,0.02,2328.250083,1776225359000
1776225361.39,61.39,0.83,101.5,0.82,37.5,0.84,14.28,0.86,70.9,0.16,14.28,0.14,70.9,0.17,101.5,0.18,37.5,0.01,0.01,2328.338818,1776225360000
1776225361.664,61.664,0.83,84.02,0.82,37.5,0.84,17.97,0.86,70.9,0.16,14.28,0.14,70.9,0.17,101.5,0.18,37.5,0.01,0.01,2328.338818,1776225360000
1776225362.447,62.447,0.83,76.66,0.82,37.5,0.84,17.97,0.86,70.9,0.16,17.97,0.14,70.9,0.17,76.66,0.18,37.5,0.01,0.01,2328.33223,1776225361000
1776225363.038,63.038,0.83,76.66,0.82,37.5,0.84,17.97,0.86,70.9,0.16,17.97,0.14,70.9,0.17,76.66,0.18,37.5,0.01,0.01,2328.49835,1776225362000
1776225363.314,63.314,0.83,101.66,0.82,45.5,0.84,4.66,0.86,51.0,0.16,16.66,0.14,70.9,0.17,101.66,0.18,45.5,0.01,0.01,2328.49835,1776225362000
1776225364.138,64.138,0.83,101.66,0.82,45.5,0.84,4.66,0.86,51.0,0.16,4.66,0.14,51.0,0.17,101.66,0.18,45.5,0.01,0.01,2328.56263,1776225363000
1776225365.203,65.203,0.83,101.66,0.82,45.5,0.84,4.66,0.86,51.0,0.16,4.66,0.14,51.0,0.17,101.66,0.18,45.5,0.01,0.01,2328.51692,1776225364000
1776225365.674,65.674,0.83,258.65,0.82,64.42,0.86,21.66,0.88,60.0,0.16,4.66,0.14,51.0,0.17,101.66,0.18,45.5,0.03,0.01,2328.51692,1776225364000
1776225366.046,66.046,0.87,110.8,0.86,37.5,0.88,69.31,0.89,74.79,0.12,50.9,0.11,87.79,0.15,30.0,0.16,20.5,0.01,0.03,2328.51692,1776225364000
1776225366.303,66.303,0.87,103.1,0.86,37.5,0.88,169.31,0.89,166.79,0.12,69.31,0.11,74.79,0.13,110.8,0.14,37.5,0.01,0.01,2328.51692,1776225364000
1776225366.592,66.592,0.87,115.1,0.86,37.5,0.88,59.76,0.9,87.0,0.12,169.31,0.11,166.79,0.13,103.1,0.14,37.5,0.01,0.01,2328.516065,1776225365000
1776225367.0,67.0,0.87,110.1,0.86,37.5,0.88,50.18,0.9,87.0,0.12,50.18,0.1,87.0,0.13,110.1,0.14,37.5,0.01,0.01,2328.576078,1776225366000
1776225367.483,67.483,0.89,20.0,0.88,20.0,0.9,215.1,0.91,315.0,0.12,50.18,0.1,87.0,0.13,110.1,0.14,37.5,0.01,0.01,2328.576078,1776225366000
1776225367.999,67.999,0.89,10.54,0.88,20.0,0.9,206.7,0.91,315.0,0.1,206.7,0.09,315.0,0.11,10.54,0.12,20.0,0.01,0.01,2328.781254,1776225367000
1776225368.412,68.412,0.83,68.91,0.82,145.5,0.9,175.7,0.91,315.0,0.1,175.7,0.09,315.0,0.11,93.54,0.12,30.5,0.07,0.01,2328.781254,1776225367000
1776225368.671,68.671,0.89,49.41,0.88,20.5,0.9,10.0,0.91,113.0,0.1,175.7,0.09,315.0,0.17,68.91,0.18,145.5,0.01,0.07,2328.781254,1776225367000
1776225368.874,68.874,0.89,50.0,0.88,25.5,0.9,105.88,0.91,200.0,0.1,105.88,0.09,200.0,0.11,50.0,0.12,25.5,0.01,0.01,2328.781254,1776225367000
1776225369.123,69.123,0.89,37.27,0.88,25.5,0.9,119.86,0.91,200.0,0.1,105.88,0.09,200.0,0.11,32.27,0.12,25.5,0.01,0.01,2328.917561,1776225368000
1776225369.879,69.879,0.89,32.27,0.88,38.42,0.9,72.0,0.91,206.0,0.1,119.86,0.09,200.0,0.11,37.27,0.12,25.5,0.01,0.01,2328.917561,1776225368000
1776225370.205,70.205,0.89,32.27,0.88,38.42,0.9,72.0,0.91,206.0,0.1,72.0,0.09,206.0,0.11,32.27,0.12,38.42,0.01,0.01,2328.872696,1776225369000
1776225370.874,70.874,0.89,22.27,0.88,5.0,0.9,76.81,0.91,235.0,0.1,71.71,0.09,200.0,0.11,42.27,0.12,38.42,0.01,0.01,2328.872696,1776225369000
1776225371.08,71.08,0.87,15.0,0.86,12.0,0.88,19.0,0.89,21.0,0.11,21.0,0.1,156.81,0.12,5.0,0.13,15.0,0.01,0.01,2328.872696,1776225369000
1776225371.377,71.377,0.87,10.0,0.86,15.0,0.88,159.0,0.89,183.5,0.12,19.0,0.11,21.0,0.13,15.0,0.14,12.0,0.01,0.01,2329.024725,1776225370000
1776225371.926,71.926,0.87,2.3,0.86,15.0,0.88,149.0,0.89,183.5,0.12,159.0,0.11,183.5,0.13,10.0,0.14,15.0,0.01,0.01,2329.024725,1776225370000
1776225372.277,72.277,0.87,2.3,0.86,15.0,0.88,147.86,0.89,183.5,0.12,147.86,0.11,183.5,0.13,2.3,0.14,15.0,0.01,0.01,2329.06798,1776225371000
1776225372.805,72.805,0.86,9.28,0.85,25.5,0.87,130.0,0.88,152.86,0.13,135.0,0.12,163.36,0.14,7.14,0.15,22.0,0.01,0.01,2329.06798,1776225371000
1776225373.108,73.108,0.86,2.13,0.85,25.5,0.87,107.53,0.88,152.86,0.13,106.38,0.12,152.86,0.14,14.28,0.15,25.5,0.01,0.01,2329.06798,1776225371000
1776225373.352,73.352,0.86,2.13,0.85,25.5,0.87,106.38,0.88,152.86,0.13,106.38,0.12,152.86,0.14,2.13,0.15,25.5,0.01,0.01,2328.92234,1776225372000
1776225373.611,73.611,0.86,7.12,0.85,25.5,0.87,92.47,0.88,152.86,0.13,97.47,0.12,152.86,0.14,14.98,0.15,25.5,0.01,0.01,2328.92234,1776225372000
1776225373.938,73.938,0.86,7.12,0.85,25.5,0.87,92.47,0.88,152.86,0.13,92.47,0.12,152.86,0.14,7.12,0.15,25.5,0.01,0.01,2328.90573,1776225373000
1776225375.395,75.395,0.85,8.33,0.84,25.5,0.86,31.0,0.87,102.47,0.14,31.0,0.13,102.47,0.15,8.33,0.16,25.5,0.01,0.01,2328.844941,1776225374000
1776225376.041,76.041,0.85,8.33,0.84,25.5,0.86,31.0,0.87,102.47,0.14,31.0,0.13,102.47,0.15,8.33,0.16,25.5,0.01,0.01,2328.919747,1776225375000
1776225377.098,77.098,0.85,8.33,0.84,25.5,0.86,31.0,0.87,102.47,0.14,31.0,0.13,102.47,0.15,8.33,0.16,25.5,0.01,0.01,2328.75682,1776225376000
1776225377.7,77.7,0.85,38.33,0.84,15.0,0.86,158.39,0.87,112.97,0.14,31.0,0.13,102.47,0.15,8.33,0.16,25.5,0.01,0.01,2328.75682,1776225376000
1776225378.045,78.045,0.85,36.66,0.84,25.5,0.86,124.64,0.87,102.47,0.14,129.64,0.13,112.97,0.15,38.33,0.16,15.0,0.01,0.01,2328.75682,1776225376000
1776225378.613,78.613,0.85,60.0,0.84,30.5,0.86,3.0,0.87,42.99,0.14,5.0,0.13,42.99,0.15,40.0,0.16,25.5,0.01,0.01,2328.755615,1776225377000
1776225379.13,79.13,0.85,47.66,0.84,30.5,0.86,3.0,0.87,42.99,0.14,3.0,0.13,42.99,0.15,47.66,0.16,30.5,0.01,0.01,2328.754295,1776225378000
1776225379.349,79.349,0.85,17.66,0.84,20.0,0.86,13.0,0.87,57.49,0.14,3.0,0.13,42.99,0.15,47.66,0.16,30.5,0.01,0.01,2328.754295,1776225378000
1776225379.617,79.617,0.85,20.86,0.84,10.0,0.86,18.0,0.87,57.49,0.14,13.0,0.13,57.49,0.17,32.5,0.18,52.5,0.01,0.03,2328.754295,1776225378000
1776225380.193,80.193,0.85,20.86,0.84,10.0,0.86,18.0,0.87,57.49,0.14,18.0,0.13,57.49,0.15,20.86,0.16,10.0,0.01,0.01,2328.701635,1776225379000
1776225380.594,80.594,0.84,5.86,0.83,37.5,0.86,18.0,0.87,67.49,0.14,18.0,0.13,57.49,0.15,20.86,0.16,10.0,0.02,0.01,2328.701635,1776225379000
1776225381.189,81.189,0.84,5.86,0.83,37.5,0.86,18.0,0.87,67.49,0.14,18.0,0.13,67.49,0.16,5.86,0.17,37.5,0.02,0.02,2328.738835,1776225380000
1776225382.166,82.166,0.85,61.66,0.84,30.86,0.86,13.0,0.87,67.49,0.14,18.0,0.13,67.49,0.16,5.86,0.17,37.5,0.01,0.02,2328.738835,1776225380000
1776225382.96,82.96,0.85,58.32,0.84,46.36,0.86,3.0,0.87,67.49,0.14,13.0,0.13,67.49,0.15,61.66,0.16,30.86,0.01,0.01,2328.711715,1776225381000
1776225383.339,83.339,0.85,58.32,0.84,46.36,0.86,3.0,0.87,67.49,0.14,3.0,0.13,67.49,0.15,58.32,0.16,46.36,0.01,0.01,2328.721061,1776225382000
1776225384.422,84.422,0.85,58.32,0.84,46.36,0.86,3.0,0.87,67.49,0.14,3.0,0.13,67.49,0.15,58.32,0.16,46.36,0.01,0.01,2328.69683,1776225383000
1776225384.968,84.968,0.85,58.32,0.84,46.36,0.86,3.0,0.87,67.49,0.14,3.0,0.13,67.49,0.15,58.32,0.16,46.36,0.01,0.01,2328.716035,1776225384000
1776225385.987,85.987,0.85,58.32,0.84,46.36,0.86,3.0,0.87,67.49,0.14,3.0,0.13,67.49,0.15,58.32,0.16,46.36,0.01,0.01,2328.72355,1776225385000
1776225387.032,87.032,0.85,58.32,0.84,46.36,0.86,3.0,0.87,67.49,0.14,3.0,0.13,67.49,0.15,58.32,0.16,46.36,0.01,0.01,2328.797758,1776225386000
1776225387.743,87.743,0.85,44.98,0.84,40.86,0.86,13.0,0.87,69.49,0.14,3.0,0.13,67.49,0.15,58.32,0.16,46.36,0.01,0.01,2328.797758,1776225386000
1776225388.1,88.1,0.85,44.98,0.84,40.86,0.86,13.0,0.87,69.49,0.14,13.0,0.13,69.49,0.15,44.98,0.16,40.86,0.01,0.01,2328.734505,1776225387000
1776225389.234,89.234,0.85,44.98,0.84,40.86,0.86,13.0,0.87,69.49,0.14,13.0,0.13,69.49,0.15,44.98,0.16,40.86,0.01,0.01,2328.797511,1776225388000
1776225390.257,90.257,0.85,44.98,0.84,40.86,0.86,13.0,0.87,69.49,0.14,13.0,0.13,69.49,0.15,44.98,0.16,40.86,0.01,0.01,2328.70572,1776225389000
1776225390.491,90.491,0.85,111.98,0.84,36.36,0.87,46.74,0.88,57.36,0.14,13.0,0.13,69.49,0.15,44.98,0.16,40.86,0.02,0.01,2328.70572,1776225389000
1776225390.836,90.836,0.86,127.0,0.85,67.0,0.88,5.11,0.89,52.5,0.13,46.74,0.12,57.36,0.15,111.98,0.16,36.36,0.02,0.02,2328.70572,1776225389000
1776225391.379,91.379,0.87,92.3,0.86,67.0,0.88,20.5,0.89,86.5,0.12,5.11,0.11,52.5,0.14,127.0,0.15,67.0,0.01,0.02,2328.70572,1776225389000
1776225391.916,91.916,0.87,92.3,0.86,67.0,0.88,20.5,0.89,86.5,0.12,20.5,0.11,86.5,0.13,92.3,0.14,67.0,0.01,0.01,2328.704178,1776225390000
1776225392.277,92.277,0.87,89.3,0.86,72.0,0.88,52.08,0.89,86.5,0.12,20.5,0.11,86.5,0.13,92.3,0.14,67.0,0.01,0.01,2328.704178,1776225390000
1776225392.631,92.631,0.87,89.3,0.86,72.0,0.88,50.94,0.89,86.5,0.12,52.08,0.11,86.5,0.13,89.3,0.14,72.0,0.01,0.01,2328.713765,1776225391000
1776225392.997,92.997,0.87,89.3,0.86,72.0,0.88,50.94,0.89,86.5,0.12,50.94,0.11,86.5,0.13,89.3,0.14,72.0,0.01,0.01,2328.760405,1776225392000
1776225393.69,93.69,0.88,184.5,0.87,115.69,0.89,0.28,0.91,123.08,0.12,31.98,0.11,96.5,0.13,94.3,0.14,72.0,0.01,0.01,2328.760405,1776225392000
1776225394.065,94.065,0.9,15.0,0.89,68.22,0.91,244.2,0.92,51.0,0.09,222.98,0.08,51.0,0.1,20.0,0.11,61.22,0.01,0.01,2328.760405,1776225392000
1776225394.695,94.695,0.9,25.5,0.89,68.22,0.91,241.89,0.92,151.0,0.09,243.1,0.08,151.0,0.1,15.0,0.11,68.22,0.01,0.01,2328.7612,1776225393000
1776225395.235,95.235,0.9,27.0,0.89,72.22,0.91,196.83,0.92,161.0,0.09,241.89,0.08,151.0,0.1,25.5,0.11,68.22,0.01,0.01,2328.7612,1776225393000
1776225395.471,95.471,0.9,27.0,0.89,72.22,0.91,179.85,0.92,161.0,0.09,179.85,0.08,161.0,0.1,27.0,0.11,72.22,0.01,0.01,2328.791032,1776225394000
1776225395.999,95.999,0.9,27.0,0.89,72.22,0.91,179.85,0.92,161.0,0.09,179.85,0.08,161.0,0.1,27.0,0.11,72.22,0.01,0.01,2329.268613,1776225395000
1776225397.147,97.147,0.9,27.0,0.89,72.22,0.91,179.85,0.92,161.0,0.09,179.85,0.08,161.0,0.1,27.0,0.11,72.22,0.01,0.01,2329.142372,1776225396000
1776225398.224,98.224,0.89,5.0,0.88,63.1,0.91,315.92,0.92,202.0,0.09,179.85,0.08,161.0,0.1,27.0,0.11,72.22,0.02,0.01,2329.142372,1776225396000
1776225398.518,98.518,0.89,5.0,0.88,63.1,0.91,315.92,0.92,202.0,0.09,315.92,0.08,202.0,0.11,5.0,0.12,63.1,0.02,0.02,2329.125203,1776225397000
1776225399.152,99.152,0.89,5.0,0.88,63.1,0.91,315.92,0.92,202.0,0.09,315.92,0.08,202.0,0.11,5.0,0.12,63.1,0.02,0.02,2329.092935,1776225398000
1776225400.348,100.348,0.88,15.0,0.87,52.8,0.89,134.57,0.9,214.5,0.11,134.57,0.1,214.5,0.12,15.0,0.13,52.8,0.01,0.01,2328.986695,1776225399000
1776225400.688,100.688,0.88,11.63,0.87,52.8,0.89,164.57,0.9,214.5,0.11,134.57,0.1,214.5,0.12,15.0,0.13,52.8,0.01,0.01,2328.986695,1776225399000
1776225400.964,100.964,0.88,11.63,0.87,52.8,0.89,164.57,0.9,214.5,0.11,164.57,0.1,214.5,0.12,11.63,0.13,52.8,0.01,0.01,2328.976655,1776225400000
1776225402.173,102.173,0.88,11.63,0.87,52.8,0.89,164.57,0.9,214.5,0.11,164.57,0.1,214.5,0.12,11.63,0.13,52.8,0.01,0.01,2328.86339,1776225401000
1776225402.511,102.511,0.88,1.63,0.87,62.8,0.89,122.37,0.9,178.5,0.11,164.57,0.1,214.5,0.12,11.63,0.13,52.8,0.01,0.01,2328.86339,1776225401000
1776225403.291,103.291,0.88,1.63,0.87,62.8,0.89,122.37,0.9,178.5,0.11,122.37,0.1,178.5,0.12,1.63,0.13,62.8,0.01,0.01,2328.834605,1776225402000
1776225404.763,104.763,0.88,1.63,0.87,62.8,0.89,122.37,0.9,178.5,0.11,122.37,0.1,178.5,0.12,1.63,0.13,62.8,0.01,0.01,2328.946645,1776225403000
1776225405.39,105.39,0.88,1.63,0.87,62.8,0.89,122.37,0.9,178.5,0.11,122.37,0.1,178.5,0.12,1.63,0.13,62.8,0.01,0.01,2328.85496,1776225404000
1776225405.845,105.845,0.88,1.63,0.87,62.8,0.89,122.37,0.9,178.5,0.11,122.37,0.1,178.5,0.12,1.63,0.13,62.8,0.01,0.01,2328.857205,1776225405000
1776225413.016,113.016,0.88,0.66,0.87,16.0,0.89,27.37,0.9,61.5,0.11,122.37,0.1,178.5,0.12,1.63,0.13,62.8,0.01,0.01,2328.857205,1776225405000
1776225414.224,114.224,0.88,0.66,0.87,16.0,0.89,27.37,0.9,61.5,0.11,27.37,0.1,61.5,0.12,0.66,0.13,16.0,0.01,0.01,2328.769315,1776225413000
1776225414.529,114.529,0.87,21.0,0.86,40.0,0.88,23.5,0.89,22.37,0.11,27.37,0.1,61.5,0.12,0.66,0.13,16.0,0.01,0.01,2328.769315,1776225413000
1776225415.232,115.232,0.87,21.0,0.86,40.0,0.88,23.5,0.89,22.37,0.12,23.5,0.11,22.37,0.13,21.0,0.14,40.0,0.01,0.01,2328.74009,1776225414000
1776225415.56,115.56,0.9,27.0,0.89,53.0,0.91,158.63,0.92,141.0,0.12,23.5,0.11,22.37,0.13,21.0,0.14,40.0,0.01,0.01,2328.74009,1776225414000
1776225415.947,115.947,0.9,27.0,0.89,63.5,0.91,164.85,0.92,141.0,0.09,158.63,0.08,141.0,0.1,27.0,0.11,53.0,0.01,0.01,2328.74009,1776225414000
1776225416.228,116.228,0.9,27.0,0.89,63.5,0.91,161.26,0.92,141.0,0.09,161.26,0.08,141.0,0.1,27.0,0.11,63.5,0.01,0.01,2328.732891,1776225415000
1776225417.532,117.532,0.9,27.0,0.89,63.5,0.91,161.26,0.92,141.0,0.09,161.26,0.08,141.0,0.1,27.0,0.11,63.5,0.01,0.01,2328.748625,1776225416000
1776225418.07,118.07,0.9,27.0,0.89,63.5,0.91,161.26,0.92,141.0,0.09,161.26,0.08,141.0,0.1,27.0,0.11,63.5,0.01,0.01,2328.8348,1776225417000
1776225419.15,119.15,0.9,27.0,0.89,63.5,0.91,161.26,0.92,141.0,0.09,161.26,0.08,141.0,0.1,27.0,0.11,63.5,0.01,0.01,2328.867865,1776225418000
1776225420.222,120.222,0.9,27.0,0.89,63.5,0.91,161.26,0.92,141.0,0.09,161.26,0.08,141.0,0.1,27.0,0.11,63.5,0.01,0.01,2328.86246,1776225419000
1776225421.267,121.267,0.9,27.0,0.89,63.5,0.91,161.26,0.92,141.0,0.09,161.26,0.08,141.0,0.1,27.0,0.11,63.5,0.01,0.01,2328.87059,1776225420000
1776225422.105,122.105,0.9,20.0,0.89,165.28,0.91,38.51,0.92,20.0,0.09,161.26,0.08,141.0,0.1,27.0,0.11,63.5,0.01,0.01,2328.87059,1776225420000
1776225422.385,122.385,0.9,20.0,0.89,165.28,0.91,38.51,0.92,20.0,0.09,38.51,0.08,20.0,0.1,20.0,0.11,165.28,0.01,0.01,2328.888225,1776225421000
1776225422.844,122.844,0.88,49.1,0.87,256.15,0.89,13.87,0.9,10.0,0.09,53.51,0.08,44.0,0.11,15.0,0.12,39.1,0.01,0.02,2328.888225,1776225421000
1776225423.157,123.157,0.88,55.35,0.87,261.15,0.9,15.0,0.91,53.51,0.11,5.77,0.1,25.5,0.12,49.1,0.13,261.15,0.02,0.01,2328.909741,1776225422000
1776225423.608,123.608,0.88,64.01,0.87,251.15,0.9,13.88,0.91,48.51,0.1,13.88,0.09,48.51,0.12,55.35,0.13,261.15,0.02,0.02,2328.909741,1776225422000
1776225424.027,124.027,0.88,64.01,0.87,251.15,0.9,13.88,0.91,48.51,0.1,13.88,0.09,48.51,0.12,64.01,0.13,251.15,0.02,0.02,2328.89588,1776225423000
1776225424.788,124.788,0.89,21.0,0.88,121.84,0.9,25.38,0.91,48.51,0.1,13.88,0.09,48.51,0.12,64.01,0.13,251.15,0.01,0.02,2328.89588,1776225423000
1776225425.114,125.114,0.89,21.0,0.88,184.33,0.9,3.2,0.91,48.51,0.1,8.76,0.09,48.51,0.11,26.0,0.12,132.34,0.01,0.01,2328.89588,1776225423000
1776225426.4,126.4,0.89,21.0,0.88,184.33,0.9,3.2,0.91,48.51,0.1,3.2,0.09,48.51,0.11,21.0,0.12,184.33,0.01,0.01,2328.9161,1776225425000
1776225427.459,127.459,0.89,21.0,0.88,184.33,0.9,3.2,0.91,48.51,0.1,3.2,0.09,48.51,0.11,21.0,0.12,184.33,0.01,0.01,2328.80648,1776225426000
1776225427.916,127.916,0.89,21.0,0.88,184.33,0.9,3.2,0.91,48.51,0.1,3.2,0.09,48.51,0.11,21.0,0.12,184.33,0.01,0.01,2328.806055,1776225427000
1776225429.007,129.007,0.89,21.0,0.88,184.33,0.9,3.2,0.91,48.51,0.1,3.2,0.09,48.51,0.11,21.0,0.12,184.33,0.01,0.01,2328.806615,1776225428000
1776225429.837,129.837,0.89,141.79,0.88,208.33,0.9,3.0,0.91,48.51,0.1,3.2,0.09,48.51,0.11,21.0,0.12,184.33,0.01,0.01,2328.806615,1776225428000
1776225430.187,130.187,0.89,141.79,0.88,208.33,0.9,3.0,0.91,48.51,0.1,3.0,0.09,48.51,0.11,141.79,0.12,208.33,0.01,0.01,2328.80782,1776225429000
1776225431.733,131.733,0.89,141.79,0.88,208.33,0.9,3.0,0.91,48.51,0.1,3.0,0.09,48.51,0.11,141.79,0.12,208.33,0.01,0.01,2328.80751,1776225430000
1776225432.297,132.297,0.89,196.58,0.88,208.33,0.91,43.61,0.92,20.0,0.09,43.61,0.08,20.0,0.11,196.58,0.12,208.33,0.02,0.02,2328.807505,1776225431000
1776225434.015,134.015,0.89,196.58,0.88,208.33,0.91,43.61,0.92,20.0,0.09,43.61,0.08,20.0,0.11,196.58,0.12,208.33,0.02,0.02,2328.817075,1776225432000
1776225434.444,134.444,0.9,15.0,0.89,249.07,0.91,36.41,0.92,20.0,0.09,43.61,0.08,20.0,0.11,196.58,0.12,208.33,0.01,0.02,2328.817075,1776225432000
1776225434.732,134.732,0.9,20.0,0.89,255.07,0.91,29.21,0.92,20.0,0.09,36.41,0.08,20.0,0.1,15.0,0.11,249.07,0.01,0.01,2328.847772,1776225433000
1776225435.672,135.672,0.9,20.0,0.89,255.07,0.91,29.21,0.92,20.0,0.09,29.21,0.08,20.0,0.1,20.0,0.11,255.07,0.01,0.01,2328.829795,1776225434000
1776225436.488,136.488,0.9,20.0,0.89,255.07,0.91,29.21,0.92,20.0,0.09,29.21,0.08,20.0,0.1,20.0,0.11,255.07,0.01,0.01,2328.89898,1776225435000
1776225437.14,137.14,0.9,20.0,0.89,255.07,0.91,29.21,0.92,20.0,0.09,29.21,0.08,20.0,0.1,20.0,0.11,255.07,0.01,0.01,2328.947299,1776225436000
1776225438.484,138.484,0.9,20.0,0.89,255.07,0.91,29.21,0.92,20.0,0.09,29.21,0.08,20.0,0.1,20.0,0.11,255.07,0.01,0.01,2328.850595,1776225437000
1776225439.138,139.138,0.9,20.0,0.89,255.07,0.91,29.21,0.92,20.0,0.09,29.21,0.08,20.0,0.1,20.0,0.11,255.07,0.01,0.01,2328.850515,1776225438000
1776225440.389,140.389,0.9,20.0,0.89,255.07,0.91,29.21,0.92,20.0,0.09,29.21,0.08,20.0,0.1,20.0,0.11,255.07,0.01,0.01,2328.938161,1776225439000
1776225441.031,141.031,0.91,46.81,0.9,79.99,0.92,20.0,0.93,27.0,0.08,20.0,0.07,27.0,0.09,46.81,0.1,79.99,0.01,0.01,2328.857645,1776225440000
1776225442.383,142.383,0.91,46.81,0.9,79.99,0.92,20.0,0.93,27.0,0.08,20.0,0.07,27.0,0.09,46.81,0.1,79.99,0.01,0.01,2328.8568,1776225441000
1776225442.666,142.666,0.91,114.68,0.9,85.49,0.92,57.62,0.93,27.0,0.08,20.0,0.07,27.0,0.09,46.81,0.1,79.99,0.01,0.01,2328.8568,1776225441000
1776225443.023,143.023,0.91,114.68,0.9,85.49,0.92,57.62,0.93,27.0,0.08,57.62,0.07,27.0,0.09,114.68,0.1,85.49,0.01,0.01,2328.911409,1776225442000
1776225443.424,143.424,0.91,124.68,0.9,85.49,0.92,47.62,0.93,15.0,0.08,57.62,0.07,27.0,0.09,114.68,0.1,85.49,0.01,0.01,2328.911409,1776225442000
1776225444.441,144.441,0.91,124.68,0.9,85.49,0.92,47.62,0.93,15.0,0.08,47.62,0.07,15.0,0.09,124.68,0.1,85.49,0.01,0.01,2328.84786,1776225443000
1776225444.975,144.975,0.91,124.68,0.9,85.49,0.92,47.62,0.93,15.0,0.08,47.62,0.07,15.0,0.09,124.68,0.1,85.49,0.01,0.01,2328.84788,1776225444000
1776225446.5,146.5,0.91,124.68,0.9,85.49,0.92,47.62,0.93,15.0,0.08,47.62,0.07,15.0,0.09,124.68,0.1,85.49,0.01,0.01,2328.82921,1776225445000
1776225447.1,147.1,0.91,124.68,0.9,85.49,0.92,47.62,0.93,15.0,0.08,47.62,0.07,15.0,0.09,124.68,0.1,85.49,0.01,0.01,2328.831445,1776225446000
1776225447.783,147.783,0.91,119.68,0.9,96.49,0.92,34.62,0.93,15.0,0.08,47.62,0.07,15.0,0.09,124.68,0.1,85.49,0.01,0.01,2328.831445,1776225446000
1776225448.696,148.696,0.91,119.68,0.9,96.49,0.92,34.62,0.93,15.0,0.08,34.62,0.07,15.0,0.09,119.68,0.1,96.49,0.01,0.01,2328.844607,1776225447000
1776225449.787,149.787,0.91,119.68,0.9,96.49,0.92,34.62,0.93,15.0,0.08,34.62,0.07,15.0,0.09,119.68,0.1,96.49,0.01,0.01,2328.832122,1776225448000
1776225450.64,150.64,0.91,119.68,0.9,96.49,0.92,34.62,0.93,15.0,0.08,34.62,0.07,15.0,0.09,119.68,0.1,96.49,0.01,0.01,2328.895408,1776225449000
1776225451.069,151.069,0.93,25.0,0.92,80.99,0.94,146.76,0.95,64.0,0.08,34.62,0.07,15.0,0.09,119.68,0.1,96.49,0.01,0.01,2328.895408,1776225449000
1776225451.458,151.458,0.93,25.0,0.92,95.99,0.94,146.49,0.95,64.0,0.06,146.76,0.05,64.0,0.07,25.0,0.08,80.99,0.01,0.01,2328.886978,1776225450000
1776225452.964,152.964,0.93,20.0,0.92,95.99,0.94,129.91,0.95,64.0,0.06,129.91,0.05,64.0,0.07,20.0,0.08,95.99,0.01,0.01,2328.93685,1776225451000
1776225453.171,153.171,0.93,74.0,0.92,79.99,0.94,84.21,0.95,83.0,0.06,129.91,0.05,64.0,0.07,20.0,0.08,95.99,0.01,0.01,2328.93685,1776225451000
1776225453.736,153.736,0.93,74.0,0.92,79.99,0.94,84.21,0.95,83.0,0.06,84.21,0.05,83.0,0.07,74.0,0.08,79.99,0.01,0.01,2328.985769,1776225452000
1776225454.312,154.312,0.93,74.0,0.92,71.06,0.94,83.94,0.95,83.0,0.06,83.94,0.05,83.0,0.07,74.0,0.08,71.06,0.01,0.01,2328.971809,1776225453000
1776225455.136,155.136,0.93,74.0,0.92,71.06,0.94,83.94,0.95,83.0,0.06,83.94,0.05,83.0,0.07,74.0,0.08,71.06,0.01,0.01,2329.10454,1776225454000
1776225456.538,156.538,0.93,74.0,0.92,71.06,0.94,83.94,0.95,83.0,0.06,83.94,0.05,83.0,0.07,74.0,0.08,71.06,0.01,0.01,2328.962656,1776225455000
1776225457.17,157.17,0.93,74.0,0.92,71.06,0.94,83.94,0.95,83.0,0.06,83.94,0.05,83.0,0.07,74.0,0.08,71.06,0.01,0.01,2329.027093,1776225456000
1776225458.617,158.617,0.93,74.0,0.92,71.06,0.94,83.94,0.95,83.0,0.06,83.94,0.05,83.0,0.07,74.0,0.08,71.06,0.01,0.01,2328.95502,1776225457000
1776225459.364,159.364,0.93,74.0,0.92,71.06,0.94,83.94,0.95,83.0,0.06,83.94,0.05,83.0,0.07,74.0,0.08,71.06,0.01,0.01,2328.961435,1776225458000
1776225460.131,160.131,0.93,74.0,0.92,71.06,0.94,83.94,0.95,83.0,0.06,83.94,0.05,83.0,0.07,74.0,0.08,71.06,0.01,0.01,2328.973651,1776225459000
1776225461.222,161.222,0.94,89.0,0.93,234.48,0.95,1.0,0.96,44.0,0.06,83.94,0.05,83.0,0.07,74.0,0.08,71.06,0.01,0.01,2328.973651,1776225459000
1776225461.507,161.507,0.96,6.0,0.94,94.0,0.97,558.7,0.98,483.7,0.03,558.7,0.02,483.7,0.04,6.0,0.06,94.0,0.01,0.01,2329.097181,1776225460000
1776225461.832,161.832,0.96,72.06,0.95,51.0,0.97,514.66,0.98,914.7,0.03,520.7,0.02,714.7,0.04,77.06,0.05,51.0,0.01,0.01,2329.097181,1776225460000
1776225462.097,162.097,0.96,72.06,0.95,51.0,0.97,514.66,0.98,914.7,0.03,514.66,0.02,914.7,0.04,72.06,0.05,51.0,0.01,0.01,2328.969453,1776225461000
1776225463.481,163.481,0.96,72.06,0.95,51.0,0.97,514.66,0.98,914.7,0.03,514.66,0.02,914.7,0.04,72.06,0.05,51.0,0.01,0.01,2329.06876,1776225462000
1776225464.131,164.131,0.96,72.06,0.95,51.0,0.97,514.66,0.98,914.7,0.03,514.66,0.02,914.7,0.04,72.06,0.05,51.0,0.01,0.01,2329.07824,1776225463000
1776225465.45,165.45,0.96,163.76,0.95,162.79,0.97,461.79,0.98,914.7,0.03,514.66,0.02,914.7,0.04,72.06,0.05,51.0,0.01,0.01,2329.07824,1776225463000
1776225466.227,166.227,0.96,163.76,0.95,162.79,0.97,461.79,0.98,914.7,0.03,461.79,0.02,914.7,0.04,163.76,0.05,162.79,0.01,0.01,2329.260595,1776225465000
1776225467.501,167.501,0.96,168.76,0.95,180.79,0.97,458.48,0.98,1624.7,0.03,461.79,0.02,914.7,0.04,163.76,0.05,162.79,0.01,0.01,2329.260595,1776225465000
1776225468.197,168.197,0.96,168.76,0.95,180.79,0.97,458.48,0.98,1624.7,0.03,458.48,0.02,1624.7,0.04,168.76,0.05,180.79,0.01,0.01,2329.475881,1776225467000
1776225468.515,168.515,0.96,163.76,0.95,190.79,0.97,381.48,0.98,1552.7,0.03,458.48,0.02,1624.7,0.04,168.76,0.05,180.79,0.01,0.01,2329.475881,1776225467000
1776225468.958,168.958,0.96,163.76,0.95,190.79,0.97,377.37,0.98,1552.7,0.03,381.48,0.02,1552.7,0.04,163.76,0.05,190.79,0.01,0.01,2329.475881,1776225467000
1776225469.516,169.516,0.96,163.76,0.95,190.79,0.97,352.37,0.98,1552.7,0.03,377.37,0.02,1552.7,0.04,163.76,0.05,190.79,0.01,0.01,2329.475881,1776225467000
1776225470.148,170.148,0.96,163.76,0.95,190.79,0.97,257.37,0.98,1552.7,0.03,257.37,0.02,1552.7,0.04,163.76,0.05,190.79,0.01,0.01,2329.3403,1776225469000
1776225470.456,170.456,0.96,22.94,0.95,159.79,0.97,213.37,0.98,1619.7,0.03,205.37,0.02,1562.7,0.04,22.94,0.05,159.79,0.01,0.01,2329.3403,1776225469000
1776225471.238,171.238,0.96,22.94,0.95,159.79,0.97,213.37,0.98,1619.7,0.03,213.37,0.02,1619.7,0.04,22.94,0.05,159.79,0.01,0.01,2329.31964,1776225470000
1776225472.53,172.53,0.96,22.94,0.95,159.79,0.97,213.37,0.98,1619.7,0.03,213.37,0.02,1619.7,0.04,22.94,0.05,159.79,0.01,0.01,2329.317975,1776225471000
1776225472.773,172.773,0.96,32.88,0.95,190.29,0.97,174.37,0.98,1619.7,0.03,213.37,0.02,1619.7,0.04,22.94,0.05,159.79,0.01,0.01,2329.317975,1776225471000
1776225473.151,173.151,0.96,211.58,0.95,279.28,0.97,77.37,0.98,469.0,0.03,174.37,0.02,1619.7,0.04,32.88,0.05,190.29,0.01,0.01,2329.317975,1776225471000
1776225474.638,174.638,0.96,181.58,0.95,289.28,0.97,57.37,0.98,427.0,0.03,57.37,0.02,427.0,0.04,181.58,0.05,289.28,0.01,0.01,2329.268906,1776225473000
1776225475.447,175.447,0.96,181.58,0.95,289.28,0.97,57.37,0.98,427.0,0.03,57.37,0.02,427.0,0.04,181.58,0.05,289.28,0.01,0.01,2329.334395,1776225474000
1776225475.945,175.945,0.96,181.58,0.95,289.28,0.97,57.37,0.98,427.0,0.03,57.37,0.02,427.0,0.04,181.58,0.05,289.28,0.01,0.01,2329.381577,1776225475000
1776225476.863,176.863,0.96,201.58,0.95,290.28,0.97,56.33,0.98,367.0,0.03,57.37,0.02,427.0,0.04,181.58,0.05,289.28,0.01,0.01,2329.381577,1776225475000
1776225477.112,177.112,0.96,206.58,0.95,290.28,0.98,367.0,0.99,2808.01,0.02,367.0,0.01,2808.01,0.04,206.58,0.05,290.28,0.02,0.02,2329.40496,1776225476000
1776225477.817,177.817,0.97,88.99,0.96,211.58,0.98,372.0,0.99,2808.01,0.02,367.0,0.01,2808.01,0.04,206.58,0.05,290.28,0.01,0.02,2329.40496,1776225476000
1776225478.773,178.773,0.97,88.99,0.96,211.58,0.98,372.0,0.99,2808.01,0.02,372.0,0.01,2808.01,0.03,88.99,0.04,211.58,0.01,0.01,2329.447622,1776225477000
1776225479.408,179.408,0.97,88.99,0.96,211.58,0.98,372.0,0.99,2808.01,0.02,372.0,0.01,2808.01,0.03,88.99,0.04,211.58,0.01,0.01,2329.40822,1776225478000
1776225479.965,179.965,0.97,88.99,0.96,211.58,0.98,372.0,0.99,2808.01,0.02,372.0,0.01,2808.01,0.03,88.99,0.04,211.58,0.01,0.01,2329.408395,1776225479000
1776225480.31,180.31,0.97,98.99,0.96,217.08,0.98,615.0,0.99,3308.01,0.02,372.0,0.01,2808.01,0.03,88.99,0.04,211.58,0.01,0.01,2329.408395,1776225479000
1776225481.037,181.037,0.97,98.99,0.96,217.08,0.98,615.0,0.99,3308.01,0.02,615.0,0.01,3308.01,0.03,98.99,0.04,217.08,0.01,0.01,2329.41328,1776225480000
1776225481.627,181.627,0.97,220.17,0.96,217.08,0.98,620.0,0.99,3278.01,0.02,615.0,0.01,3308.01,0.03,98.99,0.04,217.08,0.01,0.01,2329.41328,1776225480000
1776225481.859,181.859,0.97,225.17,0.96,217.08,0.98,614.91,0.99,3278.01,0.02,620.0,0.01,3278.01,0.03,220.17,0.04,217.08,0.01,0.01,2329.41328,1776225480000
1776225482.15,182.15,0.97,225.17,0.96,217.08,0.98,614.91,0.99,3278.01,0.02,614.91,0.01,3278.01,0.03,225.17,0.04,217.08,0.01,0.01,2329.41328,1776225481000
1776225483.397,183.397,0.97,225.17,0.96,217.08,0.98,614.91,0.99,3278.01,0.02,614.91,0.01,3278.01,0.03,225.17,0.04,217.08,0.01,0.01,2329.5255,1776225482000
1776225483.798,183.798,0.97,235.48,0.96,283.07,0.98,586.7,0.99,3145.01,0.02,614.91,0.01,3278.01,0.03,225.17,0.04,217.08,0.01,0.01,2329.5255,1776225482000
1776225484.708,184.708,0.97,317.01,0.96,294.07,0.98,499.7,0.99,3145.01,0.02,556.7,0.01,3145.01,0.03,235.48,0.04,283.07,0.01,0.01,2329.5255,1776225482000
1776225485.488,185.488,0.97,317.01,0.96,294.07,0.98,499.7,0.99,3145.01,0.02,499.7,0.01,3145.01,0.03,317.01,0.04,294.07,0.01,0.01,2329.4505,1776225484000
1776225486.102,186.102,0.97,317.01,0.96,294.07,0.98,499.7,0.99,3145.01,0.02,499.7,0.01,3145.01,0.03,317.01,0.04,294.07,0.01,0.01,2329.482431,1776225485000
1776225486.367,186.367,0.97,317.01,0.96,316.07,0.98,501.49,0.99,3145.01,0.02,499.7,0.01,3145.01,0.03,317.01,0.04,294.07,0.01,0.01,2329.482431,1776225485000
1776225486.692,186.692,0.97,322.01,0.96,316.07,0.98,471.49,0.99,3145.01,0.02,501.49,0.01,3145.01,0.03,317.01,0.04,316.07,0.01,0.01,2329.482431,1776225485000
1776225487.238,187.238,0.97,317.01,0.96,316.07,0.98,439.49,0.99,3145.01,0.02,471.49,0.01,3145.01,0.03,322.01,0.04,316.07,0.01,0.01,2329.482431,1776225485000
1776225487.936,187.936,0.97,317.01,0.96,316.07,0.98,439.49,0.99,3145.01,0.02,439.49,0.01,3145.01,0.03,317.01,0.04,316.07,0.01,0.01,2329.559445,1776225487000
1776225489.187,189.187,0.97,317.01,0.96,316.07,0.98,439.49,0.99,3145.01,0.02,439.49,0.01,3145.01,0.03,317.01,0.04,316.07,0.01,0.01,2329.622496,1776225488000
1776225490.354,190.354,0.97,263.02,0.96,330.07,0.98,352.99,0.99,2992.01,0.02,439.49,0.01,3145.01,0.03,317.01,0.04,316.07,0.01,0.01,2329.622496,1776225488000
1776225490.608,190.608,0.97,263.02,0.96,330.07,0.98,291.99,0.99,2992.01,0.02,352.99,0.01,2992.01,0.03,263.02,0.04,330.07,0.01,0.01,2329.599109,1776225489000
1776225491.136,191.136,0.97,263.02,0.96,330.07,0.98,291.99,0.99,2992.01,0.02,291.99,0.01,2992.01,0.03,263.02,0.04,330.07,0.01,0.01,2329.599109,1776225490000
1776225492.568,192.568,0.97,278.02,0.96,372.07,0.98,281.99,0.99,2319.01,0.02,291.99,0.01,2992.01,0.03,263.02,0.04,330.07,0.01,0.01,2329.599109,1776225490000
1776225492.79,192.79,0.97,278.02,0.96,372.07,0.98,281.99,0.99,2319.01,0.02,281.99,0.01,2319.01,0.03,278.02,0.04,372.07,0.01,0.01,2329.540688,1776225491000
1776225493.013,193.013,0.97,365.01,0.96,312.01,0.98,5.0,0.99,2319.01,0.02,281.99,0.01,2319.01,0.03,278.02,0.04,372.07,0.01,0.01,2329.540688,1776225491000
1776225493.461,193.461,0.97,365.01,0.96,312.01,0.98,5.0,0.99,2319.01,0.02,5.0,0.01,2319.01,0.03,365.01,0.04,312.01,0.01,0.01,2329.540688,1776225492000
1776225494.096,194.096,0.97,365.01,0.96,312.01,0.98,5.0,0.99,2319.01,0.02,5.0,0.01,2319.01,0.03,365.01,0.04,312.01,0.01,0.01,2329.50295,1776225493000
1776225495.681,195.681,0.97,365.01,0.96,312.01,0.98,5.0,0.99,2319.01,0.02,5.0,0.01,2319.01,0.03,365.01,0.04,312.01,0.01,0.01,2329.576642,1776225494000
1776225496.322,196.322,0.98,232.7,0.97,365.01,0.99,1885.39,,,0.02,5.0,0.01,2319.01,0.03,365.01,0.04,312.01,0.01,0.01,2329.576642,1776225494000
1776225496.584,196.584,0.98,231.44,0.97,360.01,0.99,1855.39,,,0.01,1885.39,,,0.02,232.7,0.03,365.01,0.01,0.01,2329.595425,1776225495000
1776225497.073,197.073,0.98,231.44,0.97,360.01,0.99,1855.39,,,0.01,1855.39,,,0.02,231.44,0.03,360.01,0.01,0.01,2329.7571,1776225496000
1776225498.431,198.431,0.98,231.44,0.97,384.01,0.99,2495.38,,,0.01,1855.39,,,0.02,231.44,0.03,360.01,0.01,0.01,2329.7571,1776225496000
1776225499.121,199.121,0.98,231.44,0.97,384.01,0.99,2495.38,,,0.01,2495.38,,,0.02,231.44,0.03,384.01,0.01,0.01,2329.655245,1776225498000
1776225499.34,199.34,0.98,236.44,0.97,395.01,0.99,1856.39,,,0.01,2495.38,,,0.02,231.44,0.03,384.01,0.01,0.01,2329.655245,1776225498000
1776225500.644,200.644,0.98,317.19,0.97,395.01,0.99,1623.47,,,0.01,1841.47,,,0.02,236.44,0.03,395.01,0.01,0.01,2329.655245,1776225498000
1776225501.261,201.261,0.98,317.19,0.97,395.01,0.99,1597.48,,,0.01,1597.48,,,0.02,317.19,0.03,395.01,0.01,0.01,2329.68111,1776225500000
1776225502.354,202.354,0.98,317.19,0.97,395.01,0.99,1597.48,,,0.01,1597.48,,,0.02,317.19,0.03,395.01,0.01,0.01,2329.691635,1776225501000
1776225502.781,202.781,0.98,399.71,0.97,438.02,0.99,2358.47,,,0.01,1597.48,,,0.02,317.19,0.03,395.01,0.01,0.01,2329.691635,1776225501000
1776225503.231,203.231,0.98,312.19,0.97,438.02,0.99,2404.47,,,0.01,2358.47,,,0.02,399.71,0.03,438.02,0.01,0.01,2329.865038,1776225502000
1776225503.946,203.946,0.98,312.19,0.97,438.02,0.99,2404.47,,,0.01,2404.47,,,0.02,312.19,0.03,438.02,0.01,0.01,2329.864189,1776225503000
1776225504.659,204.659,0.98,312.19,0.97,559.85,0.99,2361.47,,,0.01,2404.47,,,0.02,312.19,0.03,438.02,0.01,0.01,2329.864189,1776225503000
1776225504.864,204.864,0.98,312.19,0.97,559.85,0.99,2361.47,,,0.01,2361.47,,,0.02,312.19,0.03,559.85,0.01,0.01,2329.693495,1776225504000
1776225505.499,205.499,0.98,317.19,0.97,559.85,0.99,2286.47,,,0.01,2361.47,,,0.02,312.19,0.03,559.85,0.01,0.01,2329.693495,1776225504000
1776225505.851,205.851,0.98,317.19,0.97,559.85,0.99,2286.47,,,0.01,2286.47,,,0.02,317.19,0.03,559.85,0.01,0.01,2329.69279,1776225505000
1776225506.061,206.061,0.98,480.33,0.97,438.02,0.99,2263.31,,,0.01,2286.47,,,0.02,317.19,0.03,559.85,0.01,0.01,2329.69279,1776225505000
1776225506.773,206.773,0.98,480.33,0.97,449.02,0.99,1656.29,,,0.01,2263.31,,,0.02,480.33,0.03,438.02,0.01,0.01,2329.69279,1776225505000
1776225507.27,207.27,0.98,474.55,0.97,448.02,0.99,1656.29,,,0.01,1656.29,,,0.02,480.33,0.03,449.02,0.01,0.01,2329.68967,1776225506000
1776225507.938,207.938,0.98,474.55,0.97,448.02,0.99,1656.29,,,0.01,1656.29,,,0.02,474.55,0.03,448.02,0.01,0.01,2329.683655,1776225507000
1776225508.961,208.961,0.98,474.55,0.97,448.02,0.99,1656.29,,,0.01,1656.29,,,0.02,474.55,0.03,448.02,0.01,0.01,2329.747783,1776225508000
1776225509.353,209.353,0.98,479.55,0.97,451.71,0.99,1665.23,,,0.01,1656.29,,,0.02,474.55,0.03,448.02,0.01,0.01,2329.747783,1776225508000
1776225509.94,209.94,0.98,479.55,0.97,451.71,0.99,1655.11,,,0.01,1655.11,,,0.02,479.55,0.03,451.71,0.01,0.01,2329.68952,1776225509000
1776225510.922,210.922,0.98,311.41,0.97,462.71,0.99,2029.9,,,0.01,1655.11,,,0.02,479.55,0.03,451.71,0.01,0.01,2329.68952,1776225509000
1776225511.408,211.408,0.98,311.41,0.97,462.71,0.99,1979.9,,,0.01,2029.9,,,0.02,311.41,0.03,462.71,0.01,0.01,2329.687175,1776225510000
1776225512.04,212.04,0.98,311.41,0.97,462.71,0.99,1979.9,,,0.01,1979.9,,,0.02,311.41,0.03,462.71,0.01,0.01,2329.68957,1776225511000
1776225512.544,212.544,0.98,452.57,0.97,452.71,0.99,1979.52,,,0.01,1979.9,,,0.02,311.41,0.03,462.71,0.01,0.01,2329.68957,1776225511000
1776225513.04,213.04,0.98,452.57,0.97,452.71,0.99,1979.52,,,0.01,1979.52,,,0.02,452.57,0.03,452.71,0.01,0.01,2329.694555,1776225512000
1776225514.194,214.194,0.98,452.57,0.97,452.71,0.99,1979.52,,,0.01,1979.52,,,0.02,452.57,0.03,452.71,0.01,0.01,2329.695325,1776225513000
1776225514.997,214.997,0.98,594.31,0.97,428.65,0.99,1572.47,,,0.01,1979.52,,,0.02,452.57,0.03,452.71,0.01,0.01,2329.695325,1776225513000
1776225515.508,215.508,0.98,594.31,0.97,417.65,0.99,1536.47,,,0.01,1572.47,,,0.02,594.31,0.03,428.65,0.01,0.01,2329.695325,1776225513000
1776225516.258,216.258,0.98,594.31,0.97,417.65,0.99,1536.47,,,0.01,1536.47,,,0.02,594.31,0.03,417.65,0.01,0.01,2329.738894,1776225515000
1776225517.208,217.208,0.98,594.31,0.97,417.65,0.99,1536.47,,,0.01,1536.47,,,0.02,594.31,0.03,417.65,0.01,0.01,2329.69438,1776225516000
1776225518.213,218.213,0.98,594.31,0.97,417.65,0.99,1536.47,,,0.01,1536.47,,,0.02,594.31,0.03,417.65,0.01,0.01,2329.695885,1776225517000
1776225518.688,218.688,0.99,2199.81,0.98,569.34,,,,,,,,,0.01,1665.52,0.02,700.31,,,2329.695885,1776225517000
1776225518.945,218.945,0.99,2087.96,0.98,569.34,,,,,,,,,0.01,2182.96,0.02,569.34,,,2329.695885,1776225517000
1776225519.261,219.261,0.99,1887.96,0.98,569.34,,,,,,,,,0.01,1987.96,0.02,569.34,,,2329.695885,1776225517000
1776225519.574,219.574,0.99,1692.96,0.98,569.34,,,,,,,,,0.01,1787.96,0.02,569.34,,,2329.747738,1776225518000
1776225519.893,219.893,0.99,1552.96,0.98,592.34,,,,,,,,,0.01,1592.96,0.02,569.34,,,2329.747738,1776225518000
1776225520.21,220.21,0.99,1352.96,0.98,592.34,,,,,,,,,0.01,1452.96,0.02,592.34,,,2329.747738,1776225518000
1776225520.517,220.517,0.99,1165.44,0.98,592.34,,,,,,,,,0.01,1260.44,0.02,592.34,,,2329.874395,1776225519000
1776225520.824,220.824,0.99,1074.82,0.98,543.38,,,,,,,,,0.01,1164.82,0.02,592.34,,,2329.874395,1776225519000
1776225521.207,221.207,0.99,1074.55,0.98,533.38,,,,,,,,,0.01,1074.65,0.02,543.38,,,2329.874395,1776225519000
1776225521.553,221.553,0.99,1074.32,0.98,533.38,,,,,,,,,0.01,1074.41,0.02,533.38,,,2329.93334,1776225520000
1776225521.887,221.887,0.99,1074.13,0.98,533.38,,,,,,,,,0.01,1074.13,0.02,533.38,,,2329.983215,1776225521000
1776225522.241,222.241,0.99,1073.57,0.98,500.38,,,,,,,,,0.01,1073.75,0.02,500.38,,,2329.983215,1776225521000
1776225522.467,222.467,0.99,873.57,0.98,467.38,,,,,,,,,0.01,973.57,0.02,527.39,,,2329.983215,1776225521000
1776225522.694,222.694,0.99,833.45,0.98,392.39,,,,,,,,,0.01,853.45,0.02,392.39,,,2329.983215,1776225521000
1776225522.944,222.944,0.99,202.33,0.98,392.39,,,,,,,,,0.01,202.45,0.02,392.39,,,2329.983215,1776225521000
1776225523.242,223.242,0.99,102.33,0.98,387.39,,,,,,,,,0.01,202.33,0.02,392.39,,,2330.030755,1776225522000
1776225523.565,223.565,0.99,82.33,0.98,392.39,,,,,,,,,0.01,102.33,0.02,387.39,,,2330.030755,1776225522000
1776225523.89,223.89,0.99,69.58,0.98,402.39,,,,,,,,,0.01,82.33,0.02,392.39,,,2330.030755,1776225522000
1776225524.486,224.486,0.98,402.39,0.97,325.2,0.99,130.42,,,,,,,0.01,69.58,0.02,402.39,0.01,,2329.85924,1776225523000
1776225524.732,224.732,0.98,404.39,0.97,303.19,0.99,108.98,,,0.01,211.6,,,0.02,404.39,0.03,330.2,0.01,0.01,2329.85924,1776225523000
1776225525.047,225.047,0.99,200.02,0.98,404.39,,,,,,,,,0.01,200.02,0.02,404.39,,,2329.493341,1776225524000
1776225525.937,225.937,0.99,255.02,0.98,404.39,,,,,,,,,0.01,255.02,0.02,404.39,,,2329.41911,1776225525000
1776225526.649,226.649,0.99,265.01,0.98,390.39,,,,,,,,,0.01,255.02,0.02,404.39,,,2329.41911,1776225525000
1776225526.925,226.925,0.99,265.01,0.98,390.39,,,,,,,,,0.01,265.01,0.02,390.39,,,2329.4555,1776225526000
1776225527.615,227.615,0.99,268.99,0.98,385.39,,,,,,,,,0.01,265.01,0.02,390.39,,,2329.4555,1776225526000
1776225527.823,227.823,0.99,268.99,0.98,385.39,,,,,,,,,0.01,268.99,0.02,385.39,,,2329.42487,1776225527000
1776225529.548,229.548,0.99,268.99,0.98,385.39,,,,,,,,,0.01,268.99,0.02,385.39,,,2329.39729,1776225528000
1776225530.137,230.137,0.99,268.99,0.98,385.39,,,,,,,,,0.01,268.99,0.02,385.39,,,2329.40123,1776225529000
1776225531.155,231.155,0.99,268.99,0.98,385.39,,,,,,,,,0.01,268.99,0.02,385.39,,,2329.4994,1776225530000
1776225532.682,232.682,0.99,268.99,0.98,385.39,,,,,,,,,0.01,268.99,0.02,385.39,,,2329.340652,1776225531000
1776225533.171,233.171,0.99,268.99,0.98,385.39,,,,,,,,,0.01,268.99,0.02,385.39,,,2329.348285,1776225532000
1776225534.423,234.423,0.99,268.99,0.98,385.39,,,,,,,,,0.01,268.99,0.02,385.39,,,2329.50088,1776225533000
1776225535.013,235.013,0.99,268.99,0.98,385.39,,,,,,,,,0.01,268.99,0.02,385.39,,,2329.349095,1776225534000
1776225536.164,236.164,0.99,268.99,0.98,385.39,,,,,,,,,0.01,268.99,0.02,385.39,,,2329.466154,1776225535000
1776225536.869,236.869,0.99,188.99,0.98,405.44,,,,,,,,,0.01,268.99,0.02,385.39,,,2329.466154,1776225535000
1776225537.255,237.255,0.99,188.99,0.98,405.44,,,,,,,,,0.01,188.99,0.02,405.44,,,2329.404163,1776225536000
1776225538.865,238.865,0.99,188.99,0.98,405.44,,,,,,,,,0.01,188.99,0.02,405.44,,,2329.522415,1776225537000
1776225539.496,239.496,0.99,188.99,0.98,405.44,,,,,,,,,0.01,188.99,0.02,405.44,,,2329.53118,1776225538000
1776225540.1,240.1,0.99,188.99,0.98,405.44,,,,,,,,,0.01,188.99,0.02,405.44,,,2329.53118,1776225539000
1776225541.285,241.285,0.99,375.61,0.98,289.45,,,,,,,,,0.01,188.99,0.02,405.44,,,2329.53118,1776225539000
1776225542.578,242.578,0.99,375.61,0.98,289.45,,,,,,,,,0.01,375.61,0.02,289.45,,,2329.49704,1776225541000
1776225543.093,243.093,0.99,375.61,0.98,289.45,,,,,,,,,0.01,375.61,0.02,289.45,,,2329.58167,1776225542000
1776225544.317,244.317,0.99,375.61,0.98,289.45,,,,,,,,,0.01,375.61,0.02,289.45,,,2329.489445,1776225543000
1776225544.868,244.868,0.99,365.61,0.98,289.45,,,,,,,,,0.01,375.61,0.02,289.45,,,2329.489445,1776225543000
1776225545.405,245.405,0.99,356.61,0.98,289.45,,,,,,,,,0.01,356.61,0.02,289.45,,,2329.504965,1776225544000
1776225545.974,245.974,0.99,356.61,0.98,289.45,,,,,,,,,0.01,356.61,0.02,289.45,,,2329.505755,1776225545000
1776225546.971,246.971,0.99,356.61,0.98,289.45,,,,,,,,,0.01,356.61,0.02,289.45,,,2329.57797,1776225546000
1776225547.22,247.22,0.99,90.68,0.98,289.45,,,,,,,,,0.01,356.61,0.02,289.45,,,2329.57797,1776225546000
1776225548.109,248.109,0.99,90.68,0.98,289.45,,,,,,,,,0.01,90.68,0.02,289.45,,,2329.438975,1776225547000
1776225549.205,249.205,0.99,90.68,0.98,289.45,,,,,,,,,0.01,90.68,0.02,289.45,,,2329.257164,1776225548000
1776225550.249,250.249,0.99,90.68,0.98,289.45,,,,,,,,,0.01,90.68,0.02,289.45,,,2329.292677,1776225549000
1776225551.3,251.3,0.99,90.68,0.98,289.45,,,,,,,,,0.01,90.68,0.02,289.45,,,2329.301081,1776225550000
1776225552.293,252.293,0.99,90.68,0.98,289.45,,,,,,,,,0.01,90.68,0.02,289.45,,,2329.321791,1776225551000
1776225553.293,253.293,0.99,90.68,0.98,289.45,,,,,,,,,0.01,90.68,0.02,289.45,,,2329.234705,1776225552000
1776225554.399,254.399,0.99,90.68,0.98,289.45,,,,,,,,,0.01,90.68,0.02,289.45,,,2329.353495,1776225553000
1776225554.845,254.845,0.99,90.68,0.98,289.45,,,,,,,,,0.01,90.68,0.02,289.45,,,2329.360662,1776225554000
1776225555.888,255.888,0.99,90.68,0.98,289.45,,,,,,,,,0.01,90.68,0.02,289.45,,,2329.231755,1776225555000
1776225556.445,256.445,0.98,308.03,0.97,247.63,,,,,,,,,0.01,90.68,0.02,289.45,,,2329.231755,1776225555000
1776225556.949,256.949,0.98,285.8,0.97,247.63,0.99,10.0,,,0.01,10.0,,,0.02,285.8,0.03,247.63,0.01,0.01,2329.326977,1776225556000
1776225557.222,257.222,0.99,23.0,0.98,295.8,,,,,0.01,10.0,,,0.02,285.8,0.03,247.63,,0.01,2329.326977,1776225556000
1776225558.107,258.107,0.99,23.0,0.98,295.8,,,,,,,,,0.01,23.0,0.02,295.8,,,2329.33425,1776225557000
1776225559.273,259.273,0.99,23.0,0.98,295.8,,,,,,,,,0.01,23.0,0.02,295.8,,,2329.266725,1776225558000
1776225560.455,260.455,0.99,23.0,0.98,295.8,,,,,,,,,0.01,23.0,0.02,295.8,,,2329.261895,1776225559000
1776225562.22,262.22,0.99,23.0,0.98,295.8,,,,,,,,,0.01,23.0,0.02,295.8,,,2329.262605,1776225560000
1776225562.846,262.846,0.99,23.0,0.98,295.8,,,,,,,,,0.01,23.0,0.02,295.8,,,2329.27448,1776225561000
1776225563.493,263.493,0.99,23.0,0.98,295.8,,,,,,,,,0.01,23.0,0.02,295.8,,,2329.27948,1776225562000
1776225564.035,264.035,0.99,23.0,0.98,295.8,,,,,,,,,0.01,23.0,0.02,295.8,,,2329.279585,1776225563000
1776225565.574,265.574,0.99,23.0,0.98,295.8,,,,,,,,,0.01,23.0,0.02,295.8,,,2329.285565,1776225564000
1776225566.278,266.278,0.99,23.0,0.98,295.8,,,,,,,,,0.01,23.0,0.02,295.8,,,2329.28426,1776225565000
1776225567.614,267.614,0.99,23.0,0.98,295.8,,,,,,,,,0.01,23.0,0.02,295.8,,,2329.28268,1776225566000
1776225568.468,268.468,0.99,23.0,0.98,295.8,,,,,,,,,0.01,23.0,0.02,295.8,,,2329.28268,1776225567000
1776225569.045,269.045,0.99,23.0,0.98,295.8,,,,,,,,,0.01,23.0,0.02,295.8,,,2329.284575,1776225568000
1776225570.359,270.359,0.99,23.0,0.98,295.8,,,,,,,,,0.01,23.0,0.02,295.8,,,2329.40142,1776225569000
1776225571.028,271.028,0.99,23.0,0.98,295.8,,,,,,,,,0.01,23.0,0.02,295.8,,,2329.285615,1776225570000
1776225572.554,272.554,0.99,23.0,0.98,295.8,,,,,,,,,0.01,23.0,0.02,295.8,,,2329.273275,1776225571000
1776225573.219,273.219,0.99,23.0,0.98,295.8,,,,,,,,,0.01,23.0,0.02,295.8,,,2329.27835,1776225572000
1776225574.549,274.549,0.99,23.0,0.98,295.8,,,,,,,,,0.01,23.0,0.02,295.8,,,2329.34915,1776225573000
1776225575.116,275.116,0.99,23.0,0.98,295.8,,,,,,,,,0.01,23.0,0.02,295.8,,,2329.34291,1776225574000
1776225576.359,276.359,0.99,23.0,0.98,295.8,,,,,,,,,0.01,23.0,0.02,295.8,,,2329.34291,1776225575000
1776225577.83,277.83,0.99,23.0,0.98,295.8,,,,,,,,,0.01,23.0,0.02,295.8,,,2329.3398,1776225576000
1776225578.493,278.493,0.99,23.0,0.98,295.8,,,,,,,,,0.01,23.0,0.02,295.8,,,2329.308992,1776225577000
1776225579.888,279.888,0.99,23.0,0.98,295.8,,,,,,,,,0.01,23.0,0.02,295.8,,,2329.321123,1776225578000
1776225580.7,280.7,0.99,23.0,0.98,295.8,,,,,,,,,0.01,23.0,0.02,295.8,,,2329.339895,1776225579000
1776225581.401,281.401,0.99,23.0,0.98,295.8,,,,,,,,,0.01,23.0,0.02,295.8,,,2329.34963,1776225580000
1776225582.22,282.22,0.99,23.0,0.98,295.8,,,,,,,,,0.01,23.0,0.02,295.8,,,2329.34965,1776225581000
1776225583.059,283.059,0.99,23.0,0.98,295.8,,,,,,,,,0.01,23.0,0.02,295.8,,,2329.324535,1776225582000
1776225584.573,284.573,0.99,23.0,0.98,295.8,,,,,,,,,0.01,23.0,0.02,295.8,,,2329.33027,1776225583000
1776225585.253,285.253,0.99,23.0,0.98,295.8,,,,,,,,,0.01,23.0,0.02,295.8,,,2329.352635,1776225584000
1776225586.635,286.635,0.99,23.0,0.98,295.8,,,,,,,,,0.01,23.0,0.02,295.8,,,2329.356775,1776225585000
1776225587.219,287.219,0.99,23.0,0.98,295.8,,,,,,,,,0.01,23.0,0.02,295.8,,,2329.361235,1776225586000
1776225588.046,288.046,0.99,23.0,0.98,295.8,,,,,,,,,0.01,23.0,0.02,295.8,,,2329.361335,1776225587000
1776225589.434,289.434,0.99,23.0,0.98,295.8,,,,,,,,,0.01,23.0,0.02,295.8,,,2329.622081,1776225588000
1776225590.148,290.148,0.99,23.0,0.98,295.8,,,,,,,,,0.01,23.0,0.02,295.8,,,2329.622081,1776225589000
1776225591.59,291.59,0.99,23.0,0.98,295.8,,,,,,,,,0.01,23.0,0.02,295.8,,,2329.45328,1776225590000
1776225592.377,292.377,0.99,23.0,0.98,295.8,,,,,,,,,0.01,23.0,0.02,295.8,,,2329.45788,1776225591000
1776225593.153,293.153,0.99,23.0,0.98,295.8,,,,,,,,,0.01,23.0,0.02,295.8,,,2329.48015,1776225592000
1776225594.679,294.679,0.99,23.0,0.98,295.8,,,,,,,,,0.01,23.0,0.02,295.8,,,2329.658728,1776225593000
1776225595.342,295.342,0.99,23.0,0.98,295.8,,,,,,,,,0.01,23.0,0.02,295.8,,,2329.490905,1776225594000
1776225596.102,296.102,0.99,23.0,0.98,295.8,,,,,,,,,0.01,23.0,0.02,295.8,,,2329.491265,1776225595000
1776225597.253,297.253,0.99,23.0,0.98,295.8,,,,,,,,,0.01,23.0,0.02,295.8,,,2329.659318,1776225596000
1776225598.292,298.292,0.99,23.0,0.98,295.8,,,,,,,,,0.01,23.0,0.02,295.8,,,2329.66821,1776225597000
1776225599.246,299.246,0.99,23.0,0.98,295.8,,,,,,,,,0.01,23.0,0.02,295.8,,,2329.538319,1776225598000
1776225600.308,300.308,0.99,23.0,0.98,295.8,,,,,,,,,0.01,23.0,0.02,295.8,,,2329.38085,1776225599000

# RESULT,winner=Up,slug=eth-updown-5m-1776225300,ticks=448
