timestamp,elapsed_sec,up_bid_p1,up_bid_s1,up_bid_p2,up_bid_s2,up_ask_p1,up_ask_s1,up_ask_p2,up_ask_s2,down_bid_p1,down_bid_s1,down_bid_p2,down_bid_s2,down_ask_p1,down_ask_s1,down_ask_p2,down_ask_s2,up_spread,down_spread,eth_price,eth_oracle_ts
1776225911.369,11.369,,,,,,,,,,,,,,,,,,,2333.290235,1776225910000
1776225911.681,11.681,0.43,12.98,0.42,214.0,0.45,18.48,0.46,27.82,0.56,5.0,0.55,15.0,0.57,19.91,0.58,214.0,0.02,0.01,2333.290235,1776225910000
1776225911.939,11.939,0.43,12.98,0.42,214.0,0.45,18.48,0.46,27.82,0.55,18.48,0.54,27.82,0.57,12.98,0.58,214.0,0.02,0.02,2333.283215,1776225911000
1776225913.64,13.64,0.43,10.5,0.42,10.0,0.44,15.0,0.45,28.48,0.55,18.48,0.54,27.82,0.57,12.98,0.58,214.0,0.01,0.02,2333.283215,1776225911000
1776225913.849,13.849,0.43,15.5,0.42,10.0,0.44,15.0,0.45,28.48,0.56,15.0,0.55,28.48,0.57,15.5,0.58,10.0,0.01,0.01,2333.282745,1776225912000
1776225914.369,14.369,0.44,5.0,0.43,25.5,0.45,33.91,0.46,43.32,0.56,15.0,0.55,28.48,0.57,15.5,0.58,10.0,0.01,0.01,2333.282745,1776225912000
1776225914.808,14.808,0.44,2.76,0.43,20.5,0.45,33.91,0.46,48.32,0.55,28.91,0.54,43.32,0.56,2.76,0.57,20.5,0.01,0.01,2333.282745,1776225913000
1776225915.106,15.106,0.44,7.93,0.43,20.5,0.45,33.91,0.46,48.32,0.55,33.91,0.54,48.32,0.56,2.76,0.57,20.5,0.01,0.01,2333.282745,1776225913000
1776225915.516,15.516,0.44,7.93,0.43,20.5,0.45,33.91,0.46,48.32,0.55,33.91,0.54,48.32,0.56,7.93,0.57,20.5,0.01,0.01,2333.26267,1776225914000
1776225916.457,16.457,0.44,7.93,0.43,20.5,0.45,33.91,0.46,48.32,0.55,33.91,0.54,48.32,0.56,7.93,0.57,20.5,0.01,0.01,2333.132695,1776225915000
1776225917.255,17.255,0.44,7.93,0.43,20.5,0.45,33.91,0.46,48.32,0.55,33.91,0.54,48.32,0.56,7.93,0.57,20.5,0.01,0.01,2333.09255,1776225916000
1776225918.529,18.529,0.43,7.47,0.42,205.5,0.45,80.5,0.46,38.32,0.55,33.91,0.54,48.32,0.56,7.93,0.57,20.5,0.02,0.01,2333.09255,1776225916000
1776225918.93,18.93,0.43,17.47,0.42,205.5,0.44,6.11,0.45,65.5,0.55,80.5,0.54,38.32,0.57,7.47,0.58,205.5,0.01,0.02,2333.236145,1776225917000
1776225919.516,19.516,0.43,17.47,0.42,205.5,0.44,6.11,0.45,65.5,0.56,6.11,0.55,65.5,0.57,17.47,0.58,205.5,0.01,0.01,2333.102345,1776225918000
1776225920.161,20.161,0.43,17.47,0.42,205.5,0.44,6.11,0.45,65.5,0.56,6.11,0.55,65.5,0.57,17.47,0.58,205.5,0.01,0.01,2333.101885,1776225919000
1776225921.52,21.52,0.43,17.47,0.42,205.5,0.44,6.11,0.45,65.5,0.56,6.11,0.55,65.5,0.57,17.47,0.58,205.5,0.01,0.01,2333.158764,1776225920000
1776225922.17,22.17,0.43,17.47,0.42,205.5,0.44,6.11,0.45,65.5,0.56,6.11,0.55,65.5,0.57,17.47,0.58,205.5,0.01,0.01,2333.142982,1776225921000
1776225922.537,22.537,0.45,3.18,0.44,30.5,0.46,50.5,0.47,163.74,0.55,5.0,0.54,25.5,0.56,40.5,0.57,32.97,0.01,0.01,2333.142982,1776225921000
1776225922.873,22.873,0.45,8.18,0.44,25.5,0.46,37.82,0.47,163.74,0.54,50.5,0.53,163.74,0.55,3.18,0.56,30.5,0.01,0.01,2333.142982,1776225921000
1776225923.339,23.339,0.45,30.0,0.44,20.5,0.46,17.45,0.47,163.74,0.54,17.82,0.53,163.74,0.55,13.18,0.56,20.5,0.01,0.01,2333.142982,1776225921000
1776225923.715,23.715,0.45,26.36,0.44,20.5,0.46,4.4,0.47,163.74,0.54,4.4,0.53,163.74,0.55,28.18,0.56,20.5,0.01,0.01,2333.10223,1776225922000
1776225924.019,24.019,0.45,35.04,0.44,20.5,0.47,162.66,0.48,81.07,0.54,4.4,0.53,163.74,0.55,24.54,0.56,20.5,0.02,0.01,2333.10223,1776225922000
1776225924.312,24.312,0.46,3.14,0.45,28.22,0.47,162.02,0.48,81.07,0.53,162.02,0.52,81.07,0.54,3.14,0.55,28.22,0.01,0.01,2333.10223,1776225923000
1776225925.161,25.161,0.45,23.22,0.44,20.5,0.47,148.86,0.48,91.07,0.53,148.86,0.52,91.07,0.55,23.22,0.56,20.5,0.02,0.02,2333.10823,1776225924000
1776225926.111,26.111,0.45,21.91,0.44,20.5,0.47,169.46,0.48,101.57,0.53,148.86,0.52,91.07,0.55,23.22,0.56,20.5,0.02,0.02,2333.10823,1776225924000
1776225926.436,26.436,0.45,21.91,0.44,20.5,0.47,169.46,0.48,101.57,0.53,169.46,0.52,101.57,0.55,21.91,0.56,20.5,0.02,0.02,2333.232754,1776225925000
1776225927.312,27.312,0.45,21.91,0.44,20.5,0.47,169.46,0.48,101.57,0.53,169.46,0.52,101.57,0.55,21.91,0.56,20.5,0.02,0.02,2333.25365,1776225926000
1776225928.212,28.212,0.44,0.17,0.43,16.0,0.45,75.5,0.46,255.5,0.53,169.46,0.52,101.57,0.55,21.91,0.56,20.5,0.01,0.02,2333.25365,1776225926000
1776225930.228,30.228,0.44,0.17,0.43,16.0,0.45,75.5,0.46,255.5,0.55,75.5,0.54,255.5,0.56,0.17,0.57,16.0,0.01,0.01,2333.130214,1776225929000
1776225931.384,31.384,0.44,0.17,0.43,16.0,0.45,75.5,0.46,255.5,0.55,75.5,0.54,255.5,0.56,0.17,0.57,16.0,0.01,0.01,2333.068815,1776225930000
1776225931.91,31.91,0.43,11.67,0.42,200.5,0.45,20.0,0.46,45.5,0.55,20.0,0.54,45.5,0.57,11.67,0.58,200.5,0.02,0.02,2333.07358,1776225931000
1776225933.052,33.052,0.43,11.67,0.42,200.5,0.45,20.0,0.46,45.5,0.55,20.0,0.54,45.5,0.57,11.67,0.58,200.5,0.02,0.02,2333.174652,1776225932000
1776225934.164,34.164,0.43,11.67,0.42,200.5,0.45,20.0,0.46,45.5,0.55,20.0,0.54,45.5,0.57,11.67,0.58,200.5,0.02,0.02,2333.11254,1776225933000
1776225935.178,35.178,0.43,11.67,0.42,200.5,0.45,20.0,0.46,45.5,0.55,20.0,0.54,45.5,0.57,11.67,0.58,200.5,0.02,0.02,2333.10623,1776225934000
1776225936.311,36.311,0.43,11.67,0.42,200.5,0.45,20.0,0.46,45.5,0.55,20.0,0.54,45.5,0.57,11.67,0.58,200.5,0.02,0.02,2333.107235,1776225935000
1776225936.867,36.867,0.43,11.67,0.42,200.5,0.45,20.0,0.46,45.5,0.55,20.0,0.54,45.5,0.57,11.67,0.58,200.5,0.02,0.02,2333.1106,1776225936000
1776225938.039,38.039,0.43,11.67,0.42,200.5,0.45,20.0,0.46,45.5,0.55,20.0,0.54,45.5,0.57,11.67,0.58,200.5,0.02,0.02,2333.177658,1776225937000
1776225939.036,39.036,0.43,11.67,0.42,200.5,0.45,20.0,0.46,45.5,0.55,20.0,0.54,45.5,0.57,11.67,0.58,200.5,0.02,0.02,2333.11279,1776225938000
1776225940.097,40.097,0.43,11.67,0.42,200.5,0.45,20.0,0.46,45.5,0.55,20.0,0.54,45.5,0.57,11.67,0.58,200.5,0.02,0.02,2333.153145,1776225939000
1776225941.145,41.145,0.43,11.67,0.42,200.5,0.45,20.0,0.46,45.5,0.55,20.0,0.54,45.5,0.57,11.67,0.58,200.5,0.02,0.02,2333.131275,1776225940000
1776225941.511,41.511,0.4,1.76,0.39,10.0,0.41,57.5,0.42,30.5,0.55,20.0,0.54,45.5,0.57,11.67,0.58,200.5,0.01,0.02,2333.131275,1776225940000
1776225942.011,42.011,0.37,27.31,0.36,33.5,0.38,12.93,0.39,25.5,0.62,12.93,0.6,10.5,0.63,13.82,0.64,28.5,0.01,0.01,2333.131275,1776225940000
1776225942.283,42.283,0.37,27.31,0.36,33.5,0.38,12.93,0.39,25.5,0.62,12.93,0.61,25.5,0.63,27.31,0.64,33.5,0.01,0.01,2333.12219,1776225941000
1776225942.813,42.813,0.37,47.31,0.36,33.5,0.38,10.29,0.39,20.5,0.62,12.93,0.61,25.5,0.63,27.31,0.64,33.5,0.01,0.01,2333.12219,1776225941000
1776225943.299,43.299,0.37,47.31,0.36,33.5,0.38,10.29,0.39,20.5,0.62,10.29,0.61,20.5,0.63,47.31,0.64,33.5,0.01,0.01,2333.052521,1776225942000
1776225943.629,43.629,0.37,62.23,0.36,25.5,0.38,10.29,0.39,15.0,0.62,10.29,0.61,20.5,0.63,47.31,0.64,33.5,0.01,0.01,2333.052521,1776225942000
1776225944.247,44.247,0.37,62.23,0.36,25.5,0.38,10.29,0.39,15.0,0.62,10.29,0.61,15.0,0.63,62.23,0.64,25.5,0.01,0.01,2332.98325,1776225943000
1776225945.266,45.266,0.37,35.15,0.36,25.5,0.38,15.29,0.39,20.5,0.62,10.29,0.61,15.0,0.63,62.23,0.64,25.5,0.01,0.01,2332.98325,1776225943000
1776225945.477,45.477,0.37,35.15,0.36,25.5,0.38,2.29,0.39,20.5,0.62,15.29,0.61,20.5,0.63,35.15,0.64,25.5,0.01,0.01,2332.95602,1776225944000
1776225945.972,45.972,0.37,35.15,0.36,25.5,0.38,2.29,0.39,20.5,0.62,2.29,0.61,20.5,0.63,35.15,0.64,25.5,0.01,0.01,2332.955725,1776225945000
1776225947.012,47.012,0.37,35.15,0.36,25.5,0.38,2.29,0.39,20.5,0.62,2.29,0.61,20.5,0.63,35.15,0.64,25.5,0.01,0.01,2332.995035,1776225946000
1776225947.463,47.463,0.38,23.38,0.37,22.0,0.39,10.0,0.4,25.5,0.62,2.29,0.61,20.5,0.63,35.15,0.64,25.5,0.01,0.01,2332.995035,1776225946000
1776225948.16,48.16,0.38,23.38,0.37,22.0,0.39,10.0,0.4,25.5,0.61,10.0,0.6,25.5,0.62,23.38,0.63,22.0,0.01,0.01,2332.950585,1776225947000
1776225948.461,48.461,0.38,254.88,0.37,32.5,0.4,5.0,0.41,5.0,0.61,10.0,0.6,25.5,0.62,23.38,0.63,22.0,0.02,0.01,2332.950585,1776225947000
1776225949.078,49.078,0.4,26.0,0.39,31.5,0.41,7.56,0.42,30.5,0.6,5.0,0.59,5.0,0.62,254.88,0.63,32.5,0.01,0.02,2332.950585,1776225947000
1776225949.554,49.554,0.4,21.0,0.39,31.5,0.41,20.12,0.42,30.5,0.59,7.56,0.58,30.5,0.6,26.0,0.61,31.5,0.01,0.01,2332.94812,1776225948000
1776225950.265,50.265,0.4,21.0,0.39,31.5,0.41,20.12,0.42,30.5,0.59,20.12,0.58,30.5,0.6,21.0,0.61,31.5,0.01,0.01,2332.95369,1776225949000
1776225951.258,51.258,0.4,21.0,0.39,31.5,0.41,20.12,0.42,30.5,0.59,20.12,0.58,30.5,0.6,21.0,0.61,31.5,0.01,0.01,2333.01598,1776225950000
1776225951.612,51.612,0.4,39.65,0.39,31.5,0.41,5.0,0.42,30.5,0.58,30.5,0.57,45.5,0.6,39.65,0.61,31.5,0.01,0.02,2333.01598,1776225950000
1776225951.888,51.888,0.4,39.65,0.39,31.5,0.41,5.0,0.42,30.5,0.59,5.0,0.58,30.5,0.6,39.65,0.61,31.5,0.01,0.01,2333.01645,1776225951000
1776225952.149,52.149,0.42,373.5,0.41,30.5,0.45,8.06,0.46,10.0,0.59,5.0,0.58,30.5,0.6,39.65,0.61,31.5,0.03,0.01,2333.01645,1776225951000
1776225952.93,52.93,0.46,6.94,0.44,80.5,0.48,169.18,0.49,230.88,0.52,169.18,0.51,230.88,0.54,6.94,0.56,80.5,0.02,0.02,2333.028262,1776225952000
1776225953.152,53.152,0.47,357.5,0.46,37.44,0.48,37.27,0.49,221.88,0.52,169.18,0.51,230.88,0.54,6.94,0.56,80.5,0.01,0.02,2333.028262,1776225952000
1776225953.814,53.814,0.48,96.11,0.47,255.5,0.49,246.38,0.5,52.0,0.51,216.38,0.5,47.0,0.53,352.5,0.54,37.44,0.01,0.02,2333.028262,1776225952000
1776225954.051,54.051,0.48,80.61,0.47,255.5,0.49,246.38,0.5,52.0,0.51,246.38,0.5,52.0,0.52,96.11,0.53,255.5,0.01,0.01,2333.028262,1776225952000
1776225954.39,54.39,0.47,150.81,0.46,37.44,0.49,246.38,0.5,52.0,0.51,246.38,0.5,52.0,0.52,80.61,0.53,255.5,0.02,0.01,2333.09806,1776225953000
1776225955.128,55.128,0.47,150.81,0.46,37.44,0.49,246.38,0.5,52.0,0.51,246.38,0.5,52.0,0.53,150.81,0.54,37.44,0.02,0.02,2333.284575,1776225954000
1776225956.255,56.255,0.48,80.0,0.47,161.31,0.49,237.17,0.5,47.0,0.51,237.17,0.5,47.0,0.52,80.0,0.53,161.31,0.01,0.01,2333.397377,1776225955000
1776225957.172,57.172,0.48,80.0,0.47,166.31,0.49,222.92,0.5,47.0,0.51,237.17,0.5,47.0,0.52,80.0,0.53,161.31,0.01,0.01,2333.397377,1776225955000
1776225958.148,58.148,0.48,305.5,0.47,30.5,0.49,220.87,0.5,47.0,0.51,222.92,0.5,47.0,0.52,80.0,0.53,166.31,0.01,0.01,2333.369955,1776225956000
1776225958.398,58.398,0.48,300.5,0.47,25.5,0.49,215.87,0.5,47.0,0.51,220.87,0.5,47.0,0.52,305.5,0.53,30.5,0.01,0.01,2333.369955,1776225956000
1776225958.677,58.677,0.48,305.5,0.47,25.5,0.49,213.82,0.5,47.0,0.51,213.82,0.5,47.0,0.52,305.5,0.53,25.5,0.01,0.01,2333.36987,1776225957000
1776225959.289,59.289,0.48,305.5,0.47,25.5,0.49,213.82,0.5,47.0,0.51,213.82,0.5,47.0,0.52,305.5,0.53,25.5,0.01,0.01,2333.46088,1776225958000
1776225960.326,60.326,0.48,305.5,0.47,25.5,0.49,213.82,0.5,47.0,0.51,213.82,0.5,47.0,0.52,305.5,0.53,25.5,0.01,0.01,2333.38003,1776225959000
1776225960.579,60.579,0.48,250.0,0.47,25.5,0.49,214.65,0.5,47.0,0.51,213.82,0.5,47.0,0.52,305.5,0.53,25.5,0.01,0.01,2333.38003,1776225959000
1776225960.915,60.915,0.48,227.67,0.47,25.5,0.49,209.65,0.5,47.0,0.51,209.65,0.5,47.0,0.52,227.67,0.53,25.5,0.01,0.01,2333.38003,1776225960000
1776225962.028,62.028,0.48,227.67,0.47,25.5,0.49,209.65,0.5,47.0,0.51,209.65,0.5,47.0,0.52,227.67,0.53,25.5,0.01,0.01,2333.39353,1776225961000
1776225962.753,62.753,0.48,227.67,0.47,25.5,0.49,204.65,0.5,47.0,0.51,209.65,0.5,47.0,0.52,227.67,0.53,25.5,0.01,0.01,2333.39353,1776225961000
1776225963.066,63.066,0.48,227.67,0.47,25.5,0.49,204.65,0.5,47.0,0.51,204.65,0.5,47.0,0.52,227.67,0.53,25.5,0.01,0.01,2333.5222,1776225962000
1776225964.319,64.319,0.46,21.94,0.45,5.0,0.47,45.5,0.48,67.5,0.53,45.5,0.52,67.5,0.54,21.94,0.55,5.0,0.01,0.01,2333.45178,1776225963000
1776225964.681,64.681,0.4,198.57,0.39,22.0,0.42,15.0,0.43,45.5,0.57,30.5,0.56,20.0,0.6,183.52,0.61,22.0,0.02,0.03,2333.45178,1776225963000
1776225965.329,65.329,0.4,198.57,0.39,22.0,0.42,15.0,0.43,45.5,0.58,15.0,0.57,45.5,0.6,198.57,0.61,22.0,0.02,0.02,2333.300315,1776225964000
1776225965.672,65.672,0.41,3.16,0.4,203.57,0.42,47.0,0.43,50.5,0.58,15.0,0.57,45.5,0.6,198.57,0.61,22.0,0.01,0.02,2333.300315,1776225964000
1776225965.902,65.902,0.41,3.16,0.4,203.57,0.42,49.61,0.43,50.5,0.58,49.61,0.57,50.5,0.59,3.16,0.6,203.57,0.01,0.01,2333.300315,1776225965000
1776225966.908,66.908,0.41,13.3,0.4,178.57,0.42,93.11,0.43,50.5,0.58,49.61,0.57,50.5,0.59,3.16,0.6,203.57,0.01,0.01,2333.300315,1776225965000
1776225967.763,67.763,0.41,549.8,0.4,57.0,0.47,10.0,0.49,169.65,0.58,93.11,0.57,50.5,0.59,13.3,0.6,178.57,0.06,0.01,2333.2684,1776225966000
1776225968.264,68.264,0.48,6.17,0.46,194.5,0.49,169.65,0.5,52.0,0.51,169.65,0.5,52.0,0.52,6.17,0.54,194.5,0.01,0.01,2333.190795,1776225967000
1776225968.602,68.602,0.48,273.17,0.47,25.5,0.49,0.54,0.5,57.0,0.51,5.65,0.5,57.0,0.52,353.17,0.53,25.5,0.01,0.01,2333.190795,1776225967000
1776225968.919,68.919,0.48,273.17,0.47,15.0,0.5,55.32,0.51,20.5,0.51,0.54,0.5,57.0,0.52,273.17,0.53,25.5,0.02,0.01,2333.190795,1776225967000
1776225969.122,69.122,0.48,273.17,0.47,15.0,0.49,4.89,0.5,55.32,0.5,55.32,0.49,20.5,0.52,273.17,0.53,15.0,0.01,0.02,2333.190795,1776225967000
1776225970.142,70.142,0.49,25.0,0.48,241.17,0.5,53.15,0.51,25.5,0.5,55.15,0.49,25.5,0.52,273.17,0.53,15.0,0.01,0.02,2333.18635,1776225968000
1776225970.421,70.421,0.49,25.0,0.48,241.17,0.5,53.15,0.51,25.5,0.5,53.15,0.49,25.5,0.51,25.0,0.52,241.17,0.01,0.01,2333.46412,1776225969000
1776225971.1,71.1,0.49,25.0,0.48,241.17,0.5,53.15,0.51,25.5,0.5,53.15,0.49,25.5,0.51,25.0,0.52,241.17,0.01,0.01,2333.46531,1776225970000
1776225971.775,71.775,0.49,448.5,0.48,63.17,0.5,22.85,0.54,10.0,0.5,53.15,0.49,25.5,0.51,25.0,0.52,241.17,0.01,0.01,2333.46531,1776225970000
1776225972.098,72.098,0.52,10.0,0.51,15.0,0.54,10.4,0.55,20.5,0.46,10.4,0.45,20.5,0.48,10.0,0.49,15.0,0.02,0.02,2333.51232,1776225971000
1776225972.621,72.621,0.5,5.32,0.49,5.0,0.51,119.0,0.52,15.0,0.46,10.4,0.45,20.5,0.48,10.0,0.49,15.0,0.01,0.02,2333.51232,1776225971000
1776225973.101,73.101,0.45,10.0,0.44,15.0,0.46,4.02,0.47,7.87,0.54,4.02,0.53,7.87,0.55,10.0,0.56,15.0,0.01,0.01,2333.6025,1776225972000
1776225973.547,73.547,0.45,25.5,0.44,25.5,0.46,45.78,0.47,5.0,0.54,4.02,0.53,7.87,0.55,10.0,0.56,15.0,0.01,0.01,2333.6025,1776225972000
1776225973.759,73.759,0.47,10.0,0.46,10.0,0.48,4.83,0.49,10.5,0.54,5.0,0.52,10.0,0.55,100.84,0.56,27.5,0.01,0.01,2333.6025,1776225972000
1776225974.153,74.153,0.47,101.0,0.46,15.0,0.49,14.29,0.5,15.0,0.51,14.29,0.5,15.0,0.53,101.0,0.54,15.0,0.02,0.02,2333.614001,1776225973000
1776225974.662,74.662,0.48,62.0,0.47,25.0,0.5,13.34,0.51,35.5,0.51,4.43,0.5,15.0,0.53,84.0,0.54,15.0,0.02,0.02,2333.614001,1776225973000
1776225975.09,75.09,0.48,49.17,0.47,25.0,0.49,10.0,0.5,15.92,0.51,10.0,0.5,15.92,0.52,49.17,0.53,25.0,0.01,0.01,2333.49755,1776225974000
1776225975.677,75.677,0.48,56.51,0.47,40.0,0.49,7.87,0.5,15.92,0.51,20.0,0.5,15.92,0.52,51.51,0.53,35.0,0.01,0.01,2333.49755,1776225974000
1776225975.887,75.887,0.48,56.51,0.47,30.0,0.5,15.66,0.51,35.5,0.51,1.44,0.5,15.92,0.52,51.51,0.53,40.0,0.02,0.01,2333.49755,1776225974000
1776225976.178,76.178,0.48,56.51,0.47,30.0,0.5,15.66,0.51,35.5,0.5,15.66,0.49,35.5,0.52,56.51,0.53,30.0,0.02,0.02,2333.415375,1776225975000
1776225977.273,77.273,0.48,56.51,0.47,30.0,0.5,15.66,0.51,35.5,0.5,15.66,0.49,35.5,0.52,56.51,0.53,30.0,0.02,0.02,2333.436454,1776225976000
1776225978.085,78.085,0.44,179.29,0.43,15.0,0.5,26.16,0.51,40.5,0.5,15.66,0.49,35.5,0.52,56.51,0.53,30.0,0.06,0.02,2333.436454,1776225976000
1776225978.522,78.522,0.48,69.01,0.45,180.0,0.49,25.5,0.5,33.16,0.5,26.16,0.49,40.5,0.56,179.29,0.57,15.0,0.01,0.06,2333.43184,1776225977000
1776225978.937,78.937,0.48,54.01,0.44,190.0,0.49,50.5,0.5,38.16,0.51,25.5,0.5,33.16,0.52,69.01,0.55,180.0,0.01,0.01,2333.43184,1776225977000
1776225979.162,79.162,0.48,48.91,0.44,190.0,0.49,45.5,0.5,38.16,0.51,45.5,0.5,38.16,0.52,48.91,0.56,190.0,0.01,0.01,2333.43171,1776225978000
1776225979.682,79.682,0.48,43.81,0.45,10.0,0.49,45.5,0.5,38.16,0.51,45.5,0.5,38.16,0.52,48.91,0.56,190.0,0.01,0.01,2333.43171,1776225978000
1776225979.903,79.903,0.48,38.31,0.45,10.0,0.49,48.45,0.5,38.16,0.51,43.45,0.5,38.16,0.52,43.81,0.55,10.0,0.01,0.01,2333.43171,1776225978000
1776225980.2,80.2,0.48,38.31,0.45,10.0,0.49,48.45,0.5,38.16,0.51,48.45,0.5,38.16,0.52,38.31,0.55,10.0,0.01,0.01,2333.431755,1776225979000
1776225981.032,81.032,0.42,8.27,0.4,5.0,0.43,92.5,0.44,200.0,0.51,48.45,0.5,38.16,0.52,38.31,0.55,10.0,0.01,0.01,2333.431755,1776225979000
1776225981.756,81.756,0.4,9.91,0.35,77.0,0.41,122.5,0.42,30.5,0.57,92.5,0.56,200.0,0.58,8.27,0.6,5.0,0.01,0.01,2333.399965,1776225980000
1776225982.003,82.003,0.35,10.0,0.34,82.0,0.41,139.5,0.42,35.5,0.59,122.5,0.58,30.5,0.6,9.91,0.65,77.0,0.06,0.01,2333.399965,1776225980000
1776225982.226,82.226,0.35,10.0,0.34,82.0,0.41,139.5,0.42,35.5,0.59,139.5,0.58,35.5,0.65,10.0,0.66,82.0,0.06,0.06,2333.2248,1776225981000
1776225982.49,82.49,0.35,205.76,0.34,82.0,0.36,67.0,0.37,65.5,0.59,139.5,0.58,35.5,0.65,10.0,0.66,82.0,0.01,0.06,2333.2248,1776225981000
1776225983.193,83.193,0.35,205.76,0.34,82.0,0.36,38.0,0.37,65.5,0.64,38.0,0.63,65.5,0.65,205.76,0.66,82.0,0.01,0.01,2333.11385,1776225982000
1776225984.304,84.304,0.35,205.76,0.34,82.0,0.36,38.0,0.37,65.5,0.64,38.0,0.63,65.5,0.65,205.76,0.66,82.0,0.01,0.01,2332.944,1776225983000
1776225985.23,85.23,0.35,205.76,0.34,82.0,0.36,38.0,0.37,65.5,0.64,38.0,0.63,65.5,0.65,205.76,0.66,82.0,0.01,0.01,2332.92905,1776225984000
1776225985.991,85.991,0.35,20.76,0.34,17.0,0.36,50.72,0.37,55.5,0.64,38.0,0.63,65.5,0.65,205.76,0.66,82.0,0.01,0.01,2332.92905,1776225984000
1776225987.108,87.108,0.35,16.87,0.34,17.0,0.36,55.72,0.37,55.5,0.64,55.72,0.63,55.5,0.65,16.87,0.66,17.0,0.01,0.01,2332.91905,1776225986000
1776225988.134,88.134,0.35,16.87,0.34,17.0,0.36,55.72,0.37,55.5,0.64,55.72,0.63,55.5,0.65,16.87,0.66,17.0,0.01,0.01,2332.9482,1776225987000
1776225989.134,89.134,0.35,16.87,0.34,17.0,0.36,55.72,0.37,55.5,0.64,55.72,0.63,55.5,0.65,16.87,0.66,17.0,0.01,0.01,2332.9291,1776225988000
1776225989.553,89.553,0.35,16.87,0.34,17.0,0.36,46.06,0.37,55.5,0.64,55.72,0.63,55.5,0.65,16.87,0.66,17.0,0.01,0.01,2332.9291,1776225988000
1776225990.198,90.198,0.35,16.87,0.34,17.0,0.36,46.06,0.37,55.5,0.64,46.06,0.63,55.5,0.65,16.87,0.66,17.0,0.01,0.01,2332.92935,1776225989000
1776225991.16,91.16,0.35,16.87,0.34,17.0,0.36,46.06,0.37,55.5,0.64,46.06,0.63,55.5,0.65,16.87,0.66,17.0,0.01,0.01,2332.9293,1776225990000
1776225992.124,92.124,0.35,16.87,0.34,17.0,0.36,46.06,0.37,55.5,0.64,46.06,0.63,55.5,0.65,16.87,0.66,17.0,0.01,0.01,2332.92435,1776225991000
1776225992.492,92.492,0.25,4.0,0.24,5.0,0.26,45.0,0.27,15.0,0.72,6.94,0.69,60.0,0.74,5.0,0.75,24.0,0.01,0.02,2332.92435,1776225991000
1776225992.702,92.702,0.21,31.7,0.2,47.5,0.24,88.5,0.25,80.5,0.75,45.0,0.74,60.0,0.77,5.9,0.79,31.7,0.03,0.02,2332.92435,1776225991000
1776225993.128,93.128,0.21,31.7,0.2,47.5,0.24,88.5,0.25,80.5,0.76,88.5,0.75,80.5,0.79,31.7,0.8,47.5,0.03,0.03,2332.9288,1776225992000
1776225993.445,93.445,0.22,35.0,0.21,81.7,0.23,52.1,0.24,31.5,0.77,91.15,0.76,70.5,0.78,10.0,0.79,81.7,0.01,0.01,2332.9288,1776225992000
1776225993.71,93.71,0.22,28.59,0.21,261.7,0.23,11.23,0.24,26.5,0.77,52.1,0.76,26.5,0.78,28.59,0.79,81.7,0.01,0.01,2332.9288,1776225992000
1776225993.996,93.996,0.22,28.59,0.21,261.7,0.23,0.79,0.24,26.5,0.77,11.23,0.76,26.5,0.78,28.59,0.79,261.7,0.01,0.01,2332.9288,1776225992000
1776225994.538,94.538,0.21,4.36,0.2,227.5,0.23,20.0,0.24,41.5,0.77,0.79,0.76,26.5,0.78,23.59,0.79,261.7,0.02,0.01,2332.803542,1776225993000
1776225994.992,94.992,0.2,7.24,0.18,5.0,0.21,46.5,0.22,95.5,0.77,20.0,0.76,41.5,0.79,4.36,0.8,227.5,0.01,0.02,2332.803542,1776225993000
1776225995.206,95.206,0.17,5.8,0.14,39.9,0.21,63.5,0.22,100.5,0.79,63.5,0.78,100.5,0.83,5.8,0.86,39.9,0.04,0.04,2332.29385,1776225994000
1776225995.468,95.468,0.17,108.79,0.16,105.0,0.18,78.5,0.19,20.0,0.82,78.5,0.81,20.0,0.83,115.58,0.84,100.0,0.01,0.01,2332.29385,1776225994000
1776225995.752,95.752,0.17,106.71,0.16,105.0,0.18,95.5,0.19,20.0,0.82,78.5,0.81,20.0,0.83,108.79,0.84,105.0,0.01,0.01,2332.29385,1776225994000
1776225996.163,96.163,0.17,104.25,0.16,100.0,0.18,152.5,0.19,200.0,0.82,95.5,0.81,20.0,0.83,101.31,0.84,100.0,0.01,0.01,2332.29385,1776225994000
1776225996.472,96.472,0.17,112.2,0.16,125.0,0.18,157.5,0.19,200.0,0.82,152.5,0.81,200.0,0.83,104.25,0.84,100.0,0.01,0.01,2332.280332,1776225995000
1776225996.897,96.897,0.17,137.2,0.16,125.0,0.18,155.88,0.19,200.0,0.82,157.5,0.81,200.0,0.83,112.2,0.84,125.0,0.01,0.01,2332.280332,1776225995000
1776225997.286,97.286,0.17,137.2,0.16,125.0,0.18,145.32,0.19,200.0,0.82,145.32,0.81,200.0,0.83,137.2,0.84,125.0,0.01,0.01,2331.79432,1776225996000
1776225997.505,97.505,0.17,105.0,0.16,100.0,0.18,130.32,0.19,32.0,0.82,140.32,0.81,20.0,0.83,110.0,0.84,125.0,0.01,0.01,2331.79432,1776225996000
1776225997.714,97.714,0.14,24.83,0.13,41.8,0.15,117.5,0.16,25.5,0.82,130.32,0.81,39.0,0.84,100.0,0.85,100.0,0.01,0.02,2331.79432,1776225996000
1776225998.189,98.189,0.14,21.83,0.13,41.8,0.15,132.5,0.16,215.5,0.85,117.5,0.84,25.5,0.86,24.83,0.87,41.8,0.01,0.01,2331.79432,1776225996000
1776225999.216,99.216,0.14,3.5,0.13,10.0,0.15,322.5,0.16,35.5,0.85,132.5,0.84,215.5,0.86,21.83,0.87,41.8,0.01,0.01,2331.74836,1776225997000
1776225999.713,99.713,0.14,1.16,0.13,10.0,0.15,137.5,0.16,215.5,0.85,317.5,0.84,35.5,0.86,2.33,0.87,10.0,0.01,0.01,2331.72697,1776225998000
1776226000.058,100.058,0.14,3.9,0.13,10.0,0.15,137.5,0.16,215.5,0.85,137.5,0.84,215.5,0.86,1.16,0.87,10.0,0.01,0.01,2331.72697,1776225998000
1776226000.439,100.439,0.14,3.9,0.13,10.0,0.15,137.5,0.16,215.5,0.85,137.5,0.84,215.5,0.86,3.9,0.87,10.0,0.01,0.01,2331.495875,1776225999000
1776226000.667,100.667,0.13,59.76,0.12,81.19,0.14,41.5,0.15,15.5,0.85,137.5,0.84,215.5,0.86,3.9,0.87,10.0,0.01,0.01,2331.495875,1776225999000
1776226001.421,101.421,0.13,54.76,0.12,81.19,0.15,15.5,0.16,15.5,0.85,15.5,0.84,15.5,0.87,54.76,0.88,81.19,0.02,0.02,2331.495875,1776226000000
1776226001.716,101.716,0.14,17.97,0.13,24.76,0.15,28.83,0.16,30.5,0.85,30.5,0.84,20.5,0.86,17.97,0.87,24.76,0.01,0.01,2331.495875,1776226000000
1776226002.066,102.066,0.14,4.97,0.13,56.56,0.15,33.09,0.16,30.5,0.85,28.09,0.84,30.5,0.86,7.97,0.87,56.56,0.01,0.01,2331.495875,1776226000000
1776226003.083,103.083,0.13,39.8,0.12,39.19,0.14,99.35,0.15,62.0,0.85,33.09,0.84,30.5,0.86,4.97,0.87,56.56,0.01,0.01,2331.487555,1776226001000
1776226003.379,103.379,0.13,39.8,0.12,39.19,0.14,99.35,0.15,62.0,0.86,99.35,0.85,62.0,0.87,39.8,0.88,39.19,0.01,0.01,2331.64244,1776226002000
1776226004.049,104.049,0.13,39.8,0.12,39.19,0.14,99.35,0.15,62.0,0.86,99.35,0.85,62.0,0.87,39.8,0.88,39.19,0.01,0.01,2331.64244,1776226003000
1776226005.064,105.064,0.13,81.41,0.12,219.19,0.14,16.57,0.15,20.0,0.86,25.5,0.85,20.0,0.87,86.41,0.88,219.19,0.01,0.01,2331.64244,1776226003000
1776226005.504,105.504,0.13,301.41,0.12,91.69,0.15,5.0,0.16,25.5,0.86,16.57,0.85,20.0,0.87,81.41,0.88,219.19,0.02,0.01,2331.500211,1776226004000
1776226006.496,106.496,0.14,205.0,0.13,81.41,0.16,25.5,0.17,31.5,0.85,5.0,0.84,25.5,0.87,301.41,0.88,91.69,0.02,0.02,2331.500211,1776226004000
1776226006.892,106.892,0.15,274.94,0.14,45.5,0.16,5.0,0.17,10.5,0.84,25.5,0.83,31.5,0.86,205.0,0.87,81.41,0.01,0.02,2331.57732,1776226005000
1776226007.113,107.113,0.16,24.0,0.15,274.94,0.17,0.78,0.18,20.5,0.83,0.78,0.82,20.5,0.84,24.0,0.85,274.94,0.01,0.01,2331.643775,1776226006000
1776226008.342,108.342,0.16,24.0,0.15,274.94,0.17,0.78,0.18,20.5,0.83,0.78,0.82,20.5,0.84,24.0,0.85,274.94,0.01,0.01,2331.66396,1776226007000
1776226008.936,108.936,0.16,44.11,0.14,29.9,0.17,94.78,0.18,40.5,0.83,0.78,0.82,20.5,0.84,24.0,0.85,274.94,0.01,0.01,2331.66396,1776226007000
1776226009.19,109.19,0.16,44.11,0.14,29.9,0.17,94.78,0.18,40.5,0.83,94.78,0.82,40.5,0.84,44.11,0.86,29.9,0.01,0.01,2331.76078,1776226008000
1776226009.737,109.737,0.14,47.11,0.13,55.65,0.15,88.26,0.16,30.5,0.83,94.78,0.82,40.5,0.84,44.11,0.86,29.9,0.01,0.01,2331.76078,1776226008000
1776226010.012,110.012,0.14,41.11,0.13,55.65,0.15,75.92,0.16,30.5,0.85,75.92,0.84,30.5,0.86,47.11,0.87,55.65,0.01,0.01,2331.76078,1776226008000
1776226010.523,110.523,0.14,41.11,0.13,55.65,0.15,75.92,0.16,30.5,0.85,75.92,0.84,30.5,0.86,41.11,0.87,55.65,0.01,0.01,2331.76394,1776226009000
1776226011.054,111.054,0.14,41.11,0.13,55.65,0.15,75.92,0.16,30.5,0.85,75.92,0.84,30.5,0.86,41.11,0.87,55.65,0.01,0.01,2331.725035,1776226010000
1776226012.308,112.308,0.14,41.11,0.13,55.65,0.15,75.92,0.16,30.5,0.85,75.92,0.84,30.5,0.86,41.11,0.87,55.65,0.01,0.01,2331.637155,1776226011000
1776226013.422,113.422,0.13,42.07,0.12,64.19,0.14,101.5,0.15,56.5,0.85,75.92,0.84,30.5,0.86,41.11,0.87,55.65,0.01,0.01,2331.637155,1776226011000
1776226013.757,113.757,0.13,13.03,0.12,244.19,0.14,77.5,0.15,66.5,0.86,116.5,0.85,56.5,0.87,13.03,0.88,244.19,0.01,0.01,2331.615675,1776226012000
1776226014.31,114.31,0.13,3.03,0.12,244.19,0.14,97.5,0.15,66.5,0.86,97.5,0.85,66.5,0.87,3.03,0.88,244.19,0.01,0.01,2331.623015,1776226013000
1776226015.97,115.97,0.13,3.03,0.12,244.19,0.14,97.5,0.15,66.5,0.86,97.5,0.85,66.5,0.87,3.03,0.88,244.19,0.01,0.01,2331.628068,1776226014000
1776226016.551,116.551,0.13,3.03,0.12,244.19,0.14,97.5,0.15,66.5,0.86,97.5,0.85,66.5,0.87,3.03,0.88,244.19,0.01,0.01,2331.658675,1776226015000
1776226016.99,116.99,0.13,3.03,0.12,244.19,0.14,97.5,0.15,66.5,0.86,97.5,0.85,66.5,0.87,3.03,0.88,244.19,0.01,0.01,2331.659026,1776226016000
1776226017.362,117.362,0.12,194.14,0.11,46.79,0.13,35.5,0.14,79.5,0.86,97.5,0.85,66.5,0.87,3.03,0.88,244.19,0.01,0.01,2331.659026,1776226016000
1776226018.008,118.008,0.12,194.14,0.11,46.79,0.13,35.5,0.14,79.5,0.87,35.5,0.86,79.5,0.88,194.14,0.89,46.79,0.01,0.01,2331.580295,1776226017000
1776226019.056,119.056,0.12,194.14,0.11,46.79,0.13,35.5,0.14,79.5,0.87,35.5,0.86,79.5,0.88,194.14,0.89,46.79,0.01,0.01,2331.512782,1776226018000
1776226020.066,120.066,0.12,194.14,0.11,47.29,0.13,34.03,0.14,87.5,0.87,35.5,0.86,79.5,0.88,194.14,0.89,46.79,0.01,0.01,2331.512782,1776226018000
1776226021.096,121.096,0.12,194.14,0.11,47.29,0.13,34.03,0.14,87.5,0.87,34.03,0.86,87.5,0.88,194.14,0.89,47.29,0.01,0.01,2331.50133,1776226020000
1776226022.084,122.084,0.12,70.12,0.11,47.29,0.13,44.03,0.14,77.5,0.87,34.03,0.86,87.5,0.88,194.14,0.89,47.29,0.01,0.01,2331.50133,1776226020000
1776226022.468,122.468,0.12,195.81,0.11,47.29,0.13,49.03,0.14,77.5,0.87,44.03,0.86,77.5,0.88,70.12,0.89,47.29,0.01,0.01,2331.516555,1776226021000
1776226023.163,123.163,0.12,195.81,0.11,47.29,0.13,49.03,0.14,77.5,0.87,49.03,0.86,77.5,0.88,195.81,0.89,47.29,0.01,0.01,2331.532285,1776226022000
1776226024.221,124.221,0.12,195.81,0.11,47.29,0.13,49.03,0.14,77.5,0.87,49.03,0.86,77.5,0.88,195.81,0.89,47.29,0.01,0.01,2331.524545,1776226023000
1776226025.201,125.201,0.12,195.81,0.11,47.29,0.13,49.03,0.14,77.5,0.87,49.03,0.86,77.5,0.88,195.81,0.89,47.29,0.01,0.01,2331.56996,1776226024000
1776226026.313,126.313,0.12,195.81,0.11,47.29,0.13,49.03,0.14,77.5,0.87,49.03,0.86,77.5,0.88,195.81,0.89,47.29,0.01,0.01,2331.616585,1776226025000
1776226026.864,126.864,0.12,195.81,0.11,47.29,0.13,49.03,0.14,77.5,0.87,49.03,0.86,77.5,0.88,195.81,0.89,47.29,0.01,0.01,2331.522915,1776226026000
1776226027.801,127.801,0.12,195.81,0.11,47.29,0.13,49.03,0.14,77.5,0.87,49.03,0.86,77.5,0.88,195.81,0.89,47.29,0.01,0.01,2331.52651,1776226027000
1776226029.242,129.242,0.12,195.81,0.11,47.29,0.13,49.03,0.14,77.5,0.87,49.03,0.86,77.5,0.88,195.81,0.89,47.29,0.01,0.01,2331.601371,1776226028000
1776226030.392,130.392,0.12,195.81,0.11,47.29,0.13,49.03,0.14,77.5,0.87,49.03,0.86,77.5,0.88,195.81,0.89,47.29,0.01,0.01,2331.571245,1776226029000
1776226030.93,130.93,0.12,134.17,0.11,10.5,0.13,64.03,0.14,77.5,0.87,64.03,0.86,77.5,0.88,134.17,0.89,10.5,0.01,0.01,2331.57183,1776226030000
1776226031.462,131.462,0.12,129.17,0.11,10.5,0.13,64.03,0.14,77.5,0.87,64.03,0.86,77.5,0.88,134.17,0.89,10.5,0.01,0.01,2331.57183,1776226030000
1776226031.938,131.938,0.12,129.17,0.11,10.5,0.13,64.03,0.14,77.5,0.87,64.03,0.86,77.5,0.88,129.17,0.89,10.5,0.01,0.01,2331.602912,1776226031000
1776226033.025,133.025,0.12,129.17,0.11,10.5,0.13,64.03,0.14,77.5,0.87,64.03,0.86,77.5,0.88,129.17,0.89,10.5,0.01,0.01,2331.60446,1776226032000
1776226034.748,134.748,0.12,129.17,0.11,10.5,0.13,64.03,0.14,77.5,0.87,64.03,0.86,77.5,0.88,129.17,0.89,10.5,0.01,0.01,2331.61696,1776226033000
1776226035.186,135.186,0.12,207.67,0.11,107.29,0.14,15.0,0.15,15.0,0.87,64.03,0.86,77.5,0.88,129.17,0.89,10.5,0.02,0.01,2331.61696,1776226033000
1776226035.405,135.405,0.13,57.5,0.12,160.67,0.15,13.6,0.16,15.0,0.85,13.6,0.84,15.0,0.87,57.5,0.88,160.67,0.02,0.02,2331.633545,1776226034000
1776226035.944,135.944,0.15,6.4,0.14,56.5,0.16,15.0,0.17,30.5,0.85,13.6,0.84,15.0,0.87,57.5,0.88,160.67,0.01,0.02,2331.633545,1776226034000
1776226036.925,136.925,0.15,6.4,0.14,56.5,0.16,15.0,0.17,30.5,0.84,15.0,0.83,30.5,0.85,6.4,0.86,56.5,0.01,0.01,2331.645085,1776226036000
1776226038.059,138.059,0.15,6.4,0.14,56.5,0.16,15.0,0.17,30.5,0.84,15.0,0.83,30.5,0.85,6.4,0.86,56.5,0.01,0.01,2331.80554,1776226037000
1776226038.874,138.874,0.15,6.4,0.14,56.5,0.16,15.0,0.17,30.5,0.84,15.0,0.83,30.5,0.85,6.4,0.86,56.5,0.01,0.01,2331.80554,1776226038000
1776226039.893,139.893,0.15,6.4,0.14,56.5,0.16,15.0,0.17,30.5,0.84,15.0,0.83,30.5,0.85,6.4,0.86,56.5,0.01,0.01,2331.80041,1776226039000
1776226040.613,140.613,0.15,15.3,0.14,31.5,0.16,60.5,0.17,50.5,0.84,15.0,0.83,30.5,0.85,6.4,0.86,56.5,0.01,0.01,2331.80041,1776226039000
1776226041.196,141.196,0.15,15.3,0.14,31.5,0.16,60.5,0.17,50.5,0.84,60.5,0.83,50.5,0.85,15.3,0.86,31.5,0.01,0.01,2331.897,1776226040000
1776226042.335,142.335,0.15,15.3,0.14,31.5,0.16,60.5,0.17,50.5,0.84,60.5,0.83,50.5,0.85,15.3,0.86,31.5,0.01,0.01,2331.77577,1776226041000
1776226042.893,142.893,0.15,15.3,0.14,31.5,0.16,60.5,0.17,50.5,0.84,60.5,0.83,50.5,0.85,15.3,0.86,31.5,0.01,0.01,2331.84086,1776226042000
1776226043.266,143.266,0.15,30.8,0.14,61.4,0.16,1.0,0.17,35.0,0.84,60.5,0.83,50.5,0.85,15.3,0.86,31.5,0.01,0.01,2331.84086,1776226042000
1776226044.289,144.289,0.15,30.8,0.14,61.4,0.16,1.0,0.17,35.0,0.84,1.0,0.83,35.0,0.85,30.8,0.86,61.4,0.01,0.01,2331.840715,1776226043000
1776226045.349,145.349,0.15,30.8,0.14,61.4,0.16,1.0,0.17,35.0,0.84,1.0,0.83,35.0,0.85,30.8,0.86,61.4,0.01,0.01,2331.854535,1776226044000
1776226046.058,146.058,0.15,30.8,0.14,61.4,0.16,1.0,0.17,35.0,0.84,1.0,0.83,35.0,0.85,30.8,0.86,61.4,0.01,0.01,2331.860145,1776226045000
1776226047.091,147.091,0.15,30.8,0.14,61.4,0.16,1.0,0.17,35.0,0.84,1.0,0.83,35.0,0.85,30.8,0.86,61.4,0.01,0.01,2331.86496,1776226046000
1776226047.945,147.945,0.15,327.8,0.14,112.4,0.19,10.0,0.2,117.62,0.84,1.0,0.83,35.0,0.85,30.8,0.86,61.4,0.04,0.01,2331.86496,1776226046000
1776226048.459,148.459,0.19,21.5,0.18,113.5,0.2,35.0,0.21,20.0,0.8,2.0,0.79,15.0,0.81,40.5,0.82,90.5,0.01,0.01,2331.865275,1776226047000
1776226049.274,149.274,0.19,21.5,0.18,113.5,0.2,35.0,0.21,20.0,0.8,35.0,0.79,20.0,0.81,21.5,0.82,113.5,0.01,0.01,2331.870275,1776226048000
1776226050.429,150.429,0.19,21.5,0.18,113.5,0.2,35.0,0.21,20.0,0.8,35.0,0.79,20.0,0.81,21.5,0.82,113.5,0.01,0.01,2332.248092,1776226049000
1776226050.877,150.877,0.19,196.5,0.18,103.5,0.2,40.0,0.21,20.0,0.8,40.0,0.79,20.0,0.81,196.5,0.82,103.5,0.01,0.01,2332.20104,1776226050000
1776226051.155,151.155,0.19,218.66,0.18,127.9,0.2,35.0,0.21,20.0,0.8,40.0,0.79,20.0,0.81,196.5,0.82,103.5,0.01,0.01,2332.20104,1776226050000
1776226052.0,152.0,0.19,218.66,0.18,127.9,0.2,35.0,0.21,20.0,0.8,35.0,0.79,20.0,0.81,218.66,0.82,127.9,0.01,0.01,2332.199,1776226051000
1776226052.274,152.274,0.19,243.66,0.18,127.9,0.21,20.0,0.22,15.0,0.8,35.0,0.79,20.0,0.81,218.66,0.82,127.9,0.02,0.01,2332.199,1776226051000
1776226053.071,153.071,0.19,243.66,0.18,127.9,0.21,20.0,0.22,15.0,0.79,20.0,0.78,15.0,0.81,243.66,0.82,127.9,0.02,0.02,2332.24076,1776226052000
1776226054.256,154.256,0.2,47.3,0.19,213.66,0.21,45.0,0.22,20.0,0.79,45.0,0.78,20.0,0.8,47.3,0.81,213.66,0.01,0.01,2332.238101,1776226053000
1776226055.085,155.085,0.2,19.8,0.19,223.66,0.21,40.14,0.22,20.0,0.79,45.0,0.78,20.0,0.8,47.3,0.81,213.66,0.01,0.01,2332.238101,1776226053000
1776226055.359,155.359,0.2,19.8,0.19,223.66,0.21,40.14,0.22,20.0,0.79,40.14,0.78,20.0,0.8,19.8,0.81,223.66,0.01,0.01,2332.25678,1776226054000
1776226055.938,155.938,0.2,19.8,0.19,223.66,0.21,40.14,0.22,20.0,0.79,40.14,0.78,20.0,0.8,19.8,0.81,223.66,0.01,0.01,2332.257365,1776226055000
1776226056.729,156.729,0.2,1.0,0.17,25.5,0.21,328.64,0.22,105.5,0.79,40.14,0.78,20.0,0.8,19.8,0.81,223.66,0.01,0.01,2332.257365,1776226055000
1776226057.136,157.136,0.17,25.5,0.16,56.3,0.21,338.64,0.22,100.5,0.79,338.64,0.78,100.5,0.83,25.5,0.84,56.3,0.04,0.04,2332.28315,1776226056000
1776226058.209,158.209,0.17,25.5,0.16,56.3,0.21,338.64,0.22,100.5,0.79,338.64,0.78,100.5,0.83,25.5,0.84,56.3,0.04,0.04,2332.2496,1776226057000
1776226059.357,159.357,0.17,25.5,0.16,56.3,0.21,338.64,0.22,100.5,0.79,338.64,0.78,100.5,0.83,25.5,0.84,56.3,0.04,0.04,2332.146025,1776226058000
1776226060.449,160.449,0.17,25.5,0.16,56.3,0.21,338.64,0.22,100.5,0.79,338.64,0.78,100.5,0.83,25.5,0.84,56.3,0.04,0.04,2332.102425,1776226059000
1776226060.936,160.936,0.17,25.5,0.16,56.3,0.21,338.64,0.22,100.5,0.79,338.64,0.78,100.5,0.83,25.5,0.84,56.3,0.04,0.04,2332.102425,1776226060000
1776226061.914,161.914,0.17,25.5,0.16,56.3,0.21,338.64,0.22,100.5,0.79,338.64,0.78,100.5,0.83,25.5,0.84,56.3,0.04,0.04,2332.07433,1776226061000
1776226063.107,163.107,0.17,25.5,0.16,56.3,0.21,338.64,0.22,100.5,0.79,338.64,0.78,100.5,0.83,25.5,0.84,56.3,0.04,0.04,2332.074745,1776226062000
1776226064.147,164.147,0.17,25.5,0.16,56.3,0.21,338.64,0.22,100.5,0.79,338.64,0.78,100.5,0.83,25.5,0.84,56.3,0.04,0.04,2332.0972,1776226063000
1776226064.408,164.408,0.14,9.99,0.13,22.0,0.15,92.5,0.16,243.5,0.79,338.64,0.78,100.5,0.83,25.5,0.84,56.3,0.01,0.04,2332.0972,1776226063000
1776226065.222,165.222,0.14,9.99,0.13,22.0,0.15,92.5,0.16,243.5,0.85,92.5,0.84,243.5,0.86,9.99,0.87,22.0,0.01,0.01,2332.05273,1776226064000
1776226066.33,166.33,0.14,6.2,0.12,330.5,0.15,92.5,0.16,258.5,0.85,92.5,0.84,258.5,0.86,6.2,0.88,330.5,0.01,0.01,2332.03695,1776226065000
1776226066.909,166.909,0.14,6.2,0.12,330.5,0.15,92.5,0.16,258.5,0.85,92.5,0.84,258.5,0.86,6.2,0.88,330.5,0.01,0.01,2332.02464,1776226066000
1776226067.792,167.792,0.12,83.16,0.11,36.79,0.13,123.5,0.14,215.5,0.87,75.5,0.86,30.5,0.88,87.27,0.89,36.79,0.01,0.01,2332.02464,1776226066000
1776226068.259,168.259,0.12,78.58,0.11,36.79,0.13,123.5,0.14,215.5,0.87,123.5,0.86,215.5,0.88,83.16,0.89,36.79,0.01,0.01,2332.01173,1776226067000
1776226068.869,168.869,0.12,78.58,0.11,36.79,0.13,123.5,0.14,215.5,0.87,123.5,0.86,215.5,0.88,78.58,0.89,36.79,0.01,0.01,2331.98071,1776226068000
1776226069.449,169.449,0.12,64.69,0.11,36.79,0.13,123.5,0.14,215.5,0.87,123.5,0.86,215.5,0.88,78.58,0.89,36.79,0.01,0.01,2331.98071,1776226068000
1776226069.84,169.84,0.12,64.69,0.11,36.79,0.13,123.5,0.14,215.5,0.87,123.5,0.86,215.5,0.88,64.69,0.89,36.79,0.01,0.01,2331.84158,1776226069000
1776226070.922,170.922,0.12,64.69,0.11,36.79,0.13,123.5,0.14,215.5,0.87,123.5,0.86,215.5,0.88,64.69,0.89,36.79,0.01,0.01,2331.885485,1776226070000
1776226072.125,172.125,0.12,64.69,0.11,36.79,0.13,123.5,0.14,215.5,0.87,123.5,0.86,215.5,0.88,64.69,0.89,36.79,0.01,0.01,2331.88005,1776226071000
1776226072.805,172.805,0.1,40.0,0.09,44.0,0.12,304.5,0.13,176.5,0.87,123.5,0.86,215.5,0.88,64.69,0.89,36.79,0.02,0.01,2331.88005,1776226071000
1776226073.457,173.457,0.1,31.0,0.09,44.0,0.12,309.5,0.13,176.5,0.88,309.5,0.87,176.5,0.9,31.0,0.91,44.0,0.02,0.02,2331.833078,1776226072000
1776226073.97,173.97,0.1,31.0,0.09,44.0,0.12,309.5,0.13,176.5,0.88,309.5,0.87,176.5,0.9,31.0,0.91,44.0,0.02,0.02,2331.79795,1776226073000
1776226074.613,174.613,0.09,60.22,0.08,59.9,0.1,105.93,0.11,79.19,0.89,134.19,0.88,269.5,0.9,25.44,0.91,49.0,0.01,0.01,2331.79795,1776226073000
1776226075.088,175.088,0.09,52.12,0.08,59.9,0.1,105.93,0.11,79.19,0.9,105.93,0.89,79.19,0.91,52.12,0.92,59.9,0.01,0.01,2331.697905,1776226074000
1776226075.991,175.991,0.07,271.67,0.06,63.8,0.08,20.0,0.09,79.0,0.91,63.0,0.9,111.43,0.93,219.76,0.94,70.8,0.01,0.02,2331.697905,1776226074000
1776226076.325,176.325,0.07,250.16,0.06,63.8,0.08,20.0,0.09,84.0,0.92,20.0,0.91,84.0,0.93,245.16,0.94,63.8,0.01,0.01,2331.68806,1776226075000
1776226076.817,176.817,0.07,245.59,0.06,63.8,0.08,20.0,0.09,84.0,0.92,20.0,0.91,84.0,0.93,245.16,0.94,63.8,0.01,0.01,2331.68806,1776226075000
1776226077.289,177.289,0.07,245.59,0.06,63.8,0.08,20.0,0.09,84.0,0.92,20.0,0.91,84.0,0.93,245.59,0.94,63.8,0.01,0.01,2331.688045,1776226076000
1776226077.837,177.837,0.07,245.59,0.06,63.8,0.08,20.0,0.09,84.0,0.92,20.0,0.91,84.0,0.93,245.59,0.94,63.8,0.01,0.01,2331.575865,1776226077000
1776226079.12,179.12,0.07,245.59,0.06,63.8,0.08,20.0,0.09,84.0,0.92,20.0,0.91,84.0,0.93,245.59,0.94,63.8,0.01,0.01,2331.514155,1776226078000
1776226080.114,180.114,0.07,245.59,0.06,63.8,0.08,20.0,0.09,84.0,0.92,20.0,0.91,84.0,0.93,245.59,0.94,63.8,0.01,0.01,2331.501015,1776226079000
1776226081.558,181.558,0.07,245.59,0.06,63.8,0.08,20.0,0.09,84.0,0.92,20.0,0.91,84.0,0.93,245.59,0.94,63.8,0.01,0.01,2331.58169,1776226080000
1776226082.181,182.181,0.07,245.59,0.06,63.8,0.08,20.0,0.09,84.0,0.92,20.0,0.91,84.0,0.93,245.59,0.94,63.8,0.01,0.01,2331.643557,1776226081000
1776226083.149,183.149,0.07,32.85,0.06,180.0,0.08,51.0,0.09,35.0,0.92,20.0,0.91,84.0,0.93,245.59,0.94,63.8,0.01,0.01,2331.643557,1776226081000
1776226083.745,183.745,0.07,23.43,0.06,180.0,0.08,52.69,0.09,45.5,0.92,51.0,0.91,35.0,0.93,32.85,0.94,180.0,0.01,0.01,2331.661382,1776226082000
1776226084.013,184.013,0.07,23.43,0.06,180.0,0.08,52.69,0.09,45.5,0.92,52.69,0.91,45.5,0.93,23.43,0.94,180.0,0.01,0.01,2331.520395,1776226083000
1776226085.531,185.531,0.07,23.43,0.06,180.0,0.08,52.69,0.09,45.5,0.92,52.69,0.91,45.5,0.93,23.43,0.94,180.0,0.01,0.01,2331.551435,1776226084000
1776226086.258,186.258,0.07,23.43,0.06,180.0,0.08,52.69,0.09,45.5,0.92,52.69,0.91,45.5,0.93,23.43,0.94,180.0,0.01,0.01,2331.592744,1776226085000
1776226087.475,187.475,0.07,2.3,0.06,233.0,0.08,71.69,0.09,53.5,0.92,71.69,0.91,53.5,0.93,2.3,0.94,233.0,0.01,0.01,2331.517735,1776226086000
1776226088.411,188.411,0.07,2.3,0.06,233.0,0.08,71.69,0.09,53.5,0.92,71.69,0.91,53.5,0.93,2.3,0.94,233.0,0.01,0.01,2331.580828,1776226087000
1776226088.915,188.915,0.08,91.46,0.07,185.0,0.09,23.0,0.1,25.0,0.91,23.0,0.9,30.5,0.93,206.3,0.94,63.8,0.01,0.02,2331.580828,1776226087000
1776226089.189,189.189,0.08,281.9,0.07,70.3,0.09,23.93,0.1,20.0,0.91,23.0,0.9,25.0,0.92,91.46,0.93,185.0,0.01,0.01,2331.57251,1776226088000
1776226089.571,189.571,0.08,286.9,0.07,70.3,0.1,5.13,0.11,31.5,0.91,2.93,0.9,20.0,0.92,286.9,0.93,70.3,0.02,0.01,2331.57251,1776226088000
1776226089.961,189.961,0.08,286.9,0.07,70.3,0.1,5.13,0.11,31.5,0.9,5.13,0.89,31.5,0.92,286.9,0.93,70.3,0.02,0.02,2331.51777,1776226089000
1776226090.33,190.33,0.09,20.15,0.08,219.0,0.1,147.25,0.11,41.5,0.9,5.13,0.89,31.5,0.92,286.9,0.93,70.3,0.01,0.02,2331.51777,1776226089000
1776226090.948,190.948,0.09,17.76,0.08,219.0,0.1,142.25,0.11,41.5,0.9,142.25,0.89,41.5,0.91,17.76,0.92,219.0,0.01,0.01,2331.58987,1776226090000
1776226091.884,191.884,0.09,17.76,0.08,219.0,0.1,142.25,0.11,41.5,0.9,142.25,0.89,41.5,0.91,17.76,0.92,219.0,0.01,0.01,2331.74178,1776226091000
1776226092.874,192.874,0.09,17.76,0.08,219.0,0.1,142.25,0.11,41.5,0.9,142.25,0.89,41.5,0.91,17.76,0.92,219.0,0.01,0.01,2331.741405,1776226092000
1776226093.329,193.329,0.06,5.0,0.05,90.8,0.09,17.1,0.1,486.63,0.9,142.25,0.89,41.5,0.91,17.76,0.92,219.0,0.03,0.01,2331.741405,1776226092000
1776226093.83,193.83,0.06,5.0,0.05,90.8,0.09,17.1,0.1,486.63,0.91,17.1,0.9,486.63,0.94,5.0,0.95,90.8,0.03,0.03,2331.74143,1776226093000
1776226094.957,194.957,0.06,5.0,0.05,90.8,0.09,17.1,0.1,486.63,0.91,17.1,0.9,486.63,0.94,5.0,0.95,90.8,0.03,0.03,2331.75074,1776226094000
1776226095.885,195.885,0.06,3.93,0.05,90.8,0.07,193.0,0.08,205.5,0.93,193.0,0.92,205.5,0.94,3.93,0.95,90.8,0.01,0.01,2331.466735,1776226095000
1776226096.673,196.673,0.05,87.8,0.04,299.8,0.06,200.0,0.07,193.0,0.93,193.0,0.92,205.5,0.94,3.93,0.95,90.8,0.01,0.01,2331.466735,1776226095000
1776226097.914,197.914,0.05,82.53,0.04,299.8,0.06,144.56,0.07,193.0,0.94,144.56,0.93,193.0,0.95,82.53,0.96,299.8,0.01,0.01,2331.395173,1776226097000
1776226098.809,198.809,0.05,82.53,0.04,299.8,0.06,144.56,0.07,193.0,0.94,144.56,0.93,193.0,0.95,82.53,0.96,299.8,0.01,0.01,2331.39935,1776226098000
1776226100.353,200.353,0.05,82.53,0.04,299.8,0.06,144.56,0.07,193.0,0.94,144.56,0.93,193.0,0.95,82.53,0.96,299.8,0.01,0.01,2331.46623,1776226099000
1776226101.29,201.29,0.05,6.73,0.04,299.8,0.06,149.14,0.07,197.0,0.94,149.14,0.93,197.0,0.95,6.73,0.96,299.8,0.01,0.01,2331.4155,1776226100000
1776226102.647,202.647,0.05,6.73,0.04,299.8,0.06,149.14,0.07,197.0,0.94,149.14,0.93,197.0,0.95,6.73,0.96,299.8,0.01,0.01,2331.4103,1776226101000
1776226103.308,203.308,0.05,6.73,0.04,299.8,0.06,149.14,0.07,197.0,0.94,149.14,0.93,197.0,0.95,6.73,0.96,299.8,0.01,0.01,2331.41535,1776226102000
1776226104.512,204.512,0.05,6.73,0.04,299.8,0.06,149.14,0.07,197.0,0.94,149.14,0.93,197.0,0.95,6.73,0.96,299.8,0.01,0.01,2331.480525,1776226103000
1776226105.13,205.13,0.05,6.73,0.04,299.8,0.06,149.14,0.07,197.0,0.94,149.14,0.93,197.0,0.95,6.73,0.96,299.8,0.01,0.01,2331.48565,1776226104000
1776226106.045,206.045,0.05,262.53,0.04,124.8,0.1,34.23,0.11,309.29,0.94,149.14,0.93,197.0,0.95,6.73,0.96,299.8,0.05,0.01,2331.48565,1776226104000
1776226106.412,206.412,0.05,262.53,0.04,124.8,0.1,34.23,0.11,309.29,0.9,34.23,0.89,309.29,0.95,262.53,0.96,124.8,0.05,0.05,2331.53097,1776226105000
1776226106.961,206.961,0.05,328.57,0.04,218.8,0.06,15.0,0.07,30.0,0.94,15.0,0.93,15.0,0.95,366.47,0.96,218.8,0.01,0.01,2331.53097,1776226105000
1776226107.812,207.812,0.05,322.57,0.04,223.8,0.06,179.11,0.07,35.0,0.94,15.0,0.93,30.0,0.95,328.57,0.96,218.8,0.01,0.01,2331.527555,1776226106000
1776226108.016,208.016,0.05,320.57,0.04,223.8,0.06,179.11,0.07,35.0,0.94,179.11,0.93,35.0,0.95,322.57,0.96,223.8,0.01,0.01,2331.527555,1776226106000
1776226108.413,208.413,0.05,321.57,0.04,223.8,0.06,174.11,0.07,25.0,0.94,179.11,0.93,35.0,0.95,320.57,0.96,223.8,0.01,0.01,2331.58083,1776226107000
1776226108.735,208.735,0.05,311.57,0.04,223.8,0.06,174.11,0.07,25.0,0.94,174.11,0.93,25.0,0.95,321.57,0.96,223.8,0.01,0.01,2331.58083,1776226107000
1776226109.417,209.417,0.05,311.57,0.04,223.8,0.06,174.11,0.07,25.0,0.94,174.11,0.93,25.0,0.95,311.57,0.96,223.8,0.01,0.01,2331.6236,1776226108000
1776226109.773,209.773,0.05,129.71,0.04,123.8,0.06,174.11,0.07,25.0,0.94,179.11,0.93,25.0,0.95,210.51,0.96,123.8,0.01,0.01,2331.6236,1776226108000
1776226110.024,210.024,0.05,129.71,0.04,123.8,0.06,174.11,0.07,25.0,0.94,174.11,0.93,25.0,0.95,129.71,0.96,123.8,0.01,0.01,2331.59705,1776226109000
1776226110.274,210.274,0.05,124.71,0.04,123.8,0.06,179.11,0.07,25.0,0.94,174.11,0.93,25.0,0.95,129.71,0.96,123.8,0.01,0.01,2331.59705,1776226109000
1776226110.983,210.983,0.05,59.22,0.04,123.8,0.06,174.11,0.07,25.0,0.94,179.11,0.93,25.0,0.95,124.71,0.96,123.8,0.01,0.01,2331.59705,1776226109000
1776226112.203,212.203,0.05,48.69,0.04,123.8,0.06,184.11,0.07,20.0,0.94,184.11,0.93,20.0,0.95,48.69,0.96,123.8,0.01,0.01,2331.59751,1776226111000
1776226112.553,212.553,0.05,270.49,0.04,123.8,0.06,28.1,0.07,15.0,0.94,184.11,0.93,20.0,0.95,48.69,0.96,123.8,0.01,0.01,2331.59751,1776226111000
1776226113.284,213.284,0.05,270.49,0.04,123.8,0.07,4.08,0.08,15.0,0.93,4.08,0.92,15.0,0.95,270.49,0.96,123.8,0.02,0.02,2331.58885,1776226112000
1776226114.153,214.153,0.05,56.11,0.04,123.8,0.07,192.34,0.08,20.0,0.93,4.08,0.92,15.0,0.95,270.49,0.96,123.8,0.02,0.02,2331.58885,1776226112000
1776226114.405,214.405,0.05,43.58,0.04,123.8,0.06,10.0,0.07,197.34,0.94,10.0,0.93,197.34,0.95,43.58,0.96,123.8,0.01,0.01,2331.648075,1776226113000
1776226114.756,214.756,0.05,36.84,0.04,298.8,0.06,98.94,0.07,192.34,0.94,20.0,0.93,192.34,0.95,38.63,0.96,298.8,0.01,0.01,2331.648075,1776226113000
1776226114.998,214.998,0.05,36.84,0.04,298.8,0.06,84.8,0.07,192.34,0.94,98.94,0.93,192.34,0.95,36.84,0.96,298.8,0.01,0.01,2331.648075,1776226113000
1776226116.198,216.198,0.04,100.68,0.03,504.7,0.05,45.0,0.06,94.8,0.94,84.8,0.93,192.34,0.95,36.84,0.96,298.8,0.01,0.01,2331.778708,1776226114000
1776226116.497,216.497,0.04,95.52,0.03,504.7,0.05,45.0,0.06,94.8,0.95,45.0,0.94,94.8,0.96,95.52,0.97,504.7,0.01,0.01,2331.770575,1776226115000
1776226117.518,217.518,0.04,95.52,0.03,504.7,0.05,45.0,0.06,94.8,0.95,45.0,0.94,94.8,0.96,95.52,0.97,504.7,0.01,0.01,2331.76988,1776226116000
1776226118.223,218.223,0.04,95.52,0.03,504.7,0.05,45.0,0.06,94.8,0.95,45.0,0.94,94.8,0.96,95.52,0.97,504.7,0.01,0.01,2331.617036,1776226117000
1776226119.655,219.655,0.04,95.52,0.03,504.7,0.05,50.0,0.06,94.8,0.95,50.0,0.94,94.8,0.96,95.52,0.97,504.7,0.01,0.01,2331.576895,1776226118000
1776226120.269,220.269,0.04,272.31,0.03,368.7,0.05,10.0,0.06,69.8,0.94,69.8,0.93,95.0,0.96,290.52,0.97,368.7,0.01,0.02,2331.576895,1776226118000
1776226121.065,221.065,0.04,272.31,0.03,368.7,0.05,10.0,0.06,69.8,0.95,10.0,0.94,69.8,0.96,272.31,0.97,368.7,0.01,0.01,2331.6113,1776226120000
1776226121.579,221.579,0.05,275.8,0.04,133.01,0.06,9.8,0.07,20.0,0.95,10.0,0.94,69.8,0.96,272.31,0.97,368.7,0.01,0.01,2331.6113,1776226120000
1776226121.892,221.892,0.05,65.8,0.04,308.01,0.06,15.0,0.07,15.0,0.92,4.8,0.91,15.0,0.95,280.8,0.96,133.01,0.01,0.03,2331.6113,1776226120000
1776226122.14,222.14,0.05,55.56,0.04,273.01,0.06,15.0,0.07,15.0,0.94,15.0,0.93,15.0,0.95,65.8,0.96,308.01,0.01,0.01,2331.6113,1776226120000
1776226122.998,222.998,0.05,55.56,0.04,273.01,0.06,15.0,0.07,15.0,0.94,15.0,0.93,15.0,0.95,55.56,0.96,273.01,0.01,0.01,2331.714665,1776226122000
1776226124.357,224.357,0.05,55.56,0.04,273.01,0.06,15.0,0.07,15.0,0.94,15.0,0.93,15.0,0.95,55.56,0.96,273.01,0.01,0.01,2331.792135,1776226123000
1776226125.094,225.094,0.05,55.56,0.04,273.01,0.06,15.0,0.07,15.0,0.94,15.0,0.93,15.0,0.95,55.56,0.96,273.01,0.01,0.01,2331.78371,1776226124000
1776226126.055,226.055,0.05,12.65,0.04,7.0,0.06,90.0,0.07,235.5,0.94,15.0,0.93,15.0,0.95,55.56,0.96,273.01,0.01,0.01,2331.78371,1776226124000
1776226126.407,226.407,0.05,12.65,0.04,7.0,0.06,90.0,0.07,235.5,0.94,90.0,0.93,235.5,0.95,12.65,0.96,7.0,0.01,0.01,2331.76604,1776226125000
1776226127.08,227.08,0.05,12.65,0.04,7.0,0.06,90.0,0.07,235.5,0.94,90.0,0.93,235.5,0.95,12.65,0.96,7.0,0.01,0.01,2331.74629,1776226126000
1776226128.138,228.138,0.05,10.65,0.03,219.7,0.06,255.0,0.07,127.8,0.94,90.0,0.93,235.5,0.95,12.65,0.96,7.0,0.01,0.01,2331.74629,1776226126000
1776226128.419,228.419,0.05,10.65,0.03,219.7,0.06,255.0,0.07,127.8,0.94,255.0,0.93,127.8,0.95,10.65,0.97,219.7,0.01,0.01,2331.6239,1776226127000
1776226129.126,229.126,0.05,10.65,0.03,219.7,0.06,255.0,0.07,127.8,0.94,255.0,0.93,127.8,0.95,10.65,0.97,219.7,0.01,0.01,2331.54839,1776226128000
1776226130.03,230.03,0.03,219.7,0.02,1189.7,0.04,12.35,0.06,270.0,0.94,255.0,0.93,127.8,0.95,10.65,0.97,219.7,0.01,0.01,2331.54839,1776226128000
1776226130.43,230.43,0.03,219.7,0.02,1189.7,0.04,12.35,0.06,270.0,0.96,12.35,0.94,270.0,0.97,219.7,0.98,1189.7,0.01,0.01,2331.51855,1776226129000
1776226130.669,230.669,0.03,237.66,0.02,1189.7,0.04,43.35,0.05,10.0,0.96,12.35,0.94,270.0,0.97,219.7,0.98,1189.7,0.01,0.01,2331.51855,1776226129000
1776226130.998,230.998,0.03,235.66,0.02,1189.7,0.04,43.35,0.05,10.0,0.96,43.35,0.95,10.0,0.97,237.66,0.98,1189.7,0.01,0.01,2331.51855,1776226129000
1776226132.444,232.444,0.03,235.66,0.02,1189.7,0.04,43.35,0.05,10.0,0.96,43.35,0.95,10.0,0.97,235.66,0.98,1189.7,0.01,0.01,2331.46555,1776226131000
1776226132.996,232.996,0.03,101.8,0.02,489.7,0.04,38.35,0.05,265.8,0.96,43.35,0.95,10.0,0.97,235.66,0.98,1189.7,0.01,0.01,2331.46555,1776226131000
1776226134.29,234.29,0.03,106.8,0.02,489.7,0.04,25.57,0.05,265.8,0.96,25.57,0.95,265.8,0.97,106.8,0.98,489.7,0.01,0.01,2331.450735,1776226133000
1776226134.93,234.93,0.03,106.8,0.02,489.7,0.04,25.57,0.05,265.8,0.96,25.57,0.95,265.8,0.97,106.8,0.98,489.7,0.01,0.01,2331.4124,1776226134000
1776226135.893,235.893,0.03,96.49,0.02,795.7,0.04,299.27,0.05,127.8,0.96,25.57,0.95,265.8,0.97,106.8,0.98,489.7,0.01,0.01,2331.4124,1776226134000
1776226136.115,236.115,0.03,96.49,0.02,795.7,0.04,299.27,0.05,127.8,0.96,299.27,0.95,127.8,0.97,96.49,0.98,795.7,0.01,0.01,2331.501588,1776226135000
1776226137.231,237.231,0.03,96.49,0.02,795.7,0.04,299.27,0.05,127.8,0.96,299.27,0.95,127.8,0.97,96.49,0.98,795.7,0.01,0.01,2331.449695,1776226136000
1776226138.421,238.421,0.03,91.49,0.02,495.7,0.04,292.15,0.05,135.8,0.96,292.15,0.95,135.8,0.97,91.49,0.98,495.7,0.01,0.01,2331.457595,1776226137000
1776226139.039,239.039,0.03,91.49,0.02,495.7,0.04,292.15,0.05,135.8,0.96,292.15,0.95,135.8,0.97,91.49,0.98,495.7,0.01,0.01,2331.457595,1776226138000
1776226140.101,240.101,0.03,66.49,0.02,490.7,0.04,283.7,0.05,157.8,0.96,292.15,0.95,135.8,0.97,91.49,0.98,495.7,0.01,0.01,2331.457595,1776226138000
1776226140.797,240.797,0.03,59.42,0.02,307.0,0.04,283.7,0.05,140.8,0.96,283.7,0.95,157.8,0.97,61.49,0.98,307.0,0.01,0.01,2331.50941,1776226139000
1776226141.304,241.304,0.03,49.42,0.02,307.0,0.04,278.7,0.05,140.8,0.96,278.7,0.95,140.8,0.97,49.42,0.98,307.0,0.01,0.01,2331.46577,1776226140000
1776226141.527,241.527,0.03,45.42,0.02,306.0,0.04,360.92,0.05,135.8,0.96,278.7,0.95,140.8,0.97,49.42,0.98,307.0,0.01,0.01,2331.46577,1776226140000
1776226141.829,241.829,0.03,35.26,0.02,301.0,0.04,360.92,0.05,135.8,0.96,355.92,0.95,135.8,0.97,40.26,0.98,301.0,0.01,0.01,2331.46577,1776226140000
1776226142.972,242.972,0.03,30.17,0.02,301.0,0.04,378.92,0.05,112.8,0.96,360.92,0.95,135.8,0.97,35.26,0.98,301.0,0.01,0.01,2331.53978,1776226141000
1776226143.24,243.24,0.02,280.15,0.01,7843.6,0.04,378.92,0.05,123.8,0.96,378.92,0.95,112.8,0.97,30.17,0.98,301.0,0.02,0.01,2331.459405,1776226142000
1776226144.19,244.19,0.02,280.15,0.01,7843.6,0.04,378.92,0.05,123.8,0.96,378.92,0.95,123.8,0.98,280.15,0.99,7843.6,0.02,0.02,2331.464865,1776226143000
1776226145.191,245.191,0.02,285.15,0.01,7943.6,0.03,254.52,0.04,311.7,0.96,378.92,0.95,123.8,0.98,280.15,0.99,7843.6,0.01,0.02,2331.464865,1776226143000
1776226145.487,245.487,0.02,277.04,0.01,7943.6,0.03,249.52,0.04,311.7,0.97,249.52,0.96,311.7,0.98,279.09,0.99,7943.6,0.01,0.01,2331.49981,1776226144000
1776226145.765,245.765,0.02,245.04,0.01,7943.6,0.03,249.52,0.04,311.7,0.97,249.52,0.96,311.7,0.98,277.04,0.99,7943.6,0.01,0.01,2331.49981,1776226144000
1776226146.216,246.216,0.02,243.91,0.01,7943.6,0.03,249.52,0.04,311.7,0.97,249.52,0.96,311.7,0.98,245.04,0.99,7943.6,0.01,0.01,2331.538875,1776226145000
1776226147.089,247.089,0.02,243.91,0.01,7943.6,0.03,249.52,0.04,311.7,0.97,249.52,0.96,311.7,0.98,243.91,0.99,7943.6,0.01,0.01,2331.464825,1776226146000
1776226147.345,247.345,0.02,237.47,0.01,7943.6,0.03,259.83,0.04,322.7,0.97,259.83,0.96,311.7,0.98,246.47,0.99,7943.6,0.01,0.01,2331.464825,1776226146000
1776226148.239,248.239,0.02,238.47,0.01,7943.6,0.03,259.83,0.04,322.7,0.97,259.83,0.96,322.7,0.98,238.47,0.99,7943.6,0.01,0.01,2331.464715,1776226147000
1776226148.607,248.607,0.02,236.47,0.01,7943.6,0.03,259.83,0.04,322.7,0.97,259.83,0.96,322.7,0.98,238.47,0.99,7943.6,0.01,0.01,2331.464715,1776226147000
1776226149.269,249.269,0.02,236.47,0.01,7943.6,0.03,259.83,0.04,322.7,0.97,259.83,0.96,322.7,0.98,236.47,0.99,7943.6,0.01,0.01,2331.53727,1776226148000
1776226149.577,249.577,0.02,233.43,0.01,7943.6,0.03,259.83,0.04,322.7,0.97,259.83,0.96,322.7,0.98,236.47,0.99,7943.6,0.01,0.01,2331.53727,1776226148000
1776226150.304,250.304,0.02,233.43,0.01,7943.6,0.03,259.83,0.04,322.7,0.97,259.83,0.96,322.7,0.98,233.43,0.99,7943.6,0.01,0.01,2331.513995,1776226149000
1776226150.567,250.567,0.02,607.13,0.01,6868.6,0.03,111.13,0.04,10.0,0.97,259.83,0.96,322.7,0.98,233.43,0.99,7943.6,0.01,0.01,2331.513995,1776226149000
1776226150.797,250.797,0.02,603.18,0.01,6868.6,0.03,111.13,0.04,10.0,0.97,111.13,0.96,10.0,0.98,607.13,0.99,6868.6,0.01,0.01,2331.513995,1776226149000
1776226151.174,251.174,0.02,598.07,0.01,6868.6,0.03,60.22,0.04,10.0,0.97,111.13,0.96,10.0,0.98,603.18,0.99,6868.6,0.01,0.01,2331.513995,1776226149000
1776226151.478,251.478,0.02,598.07,0.01,6868.6,0.03,60.22,0.04,10.0,0.97,60.22,0.96,10.0,0.98,598.07,0.99,6868.6,0.01,0.01,2331.523965,1776226150000
1776226151.812,251.812,0.02,567.09,0.01,6863.6,0.03,60.22,0.05,124.8,0.97,60.22,0.95,124.8,0.98,567.09,0.99,6863.6,0.01,0.01,2331.523965,1776226151000
1776226152.303,252.303,0.02,553.24,0.01,6863.6,0.03,65.22,0.05,124.8,0.97,60.22,0.95,124.8,0.98,567.09,0.99,6863.6,0.01,0.01,2331.523965,1776226151000
1776226152.886,252.886,0.02,553.24,0.01,6863.6,0.03,65.22,0.05,124.8,0.97,65.22,0.95,124.8,0.98,553.24,0.99,6863.6,0.01,0.01,2331.711,1776226152000
1776226153.883,253.883,0.02,553.24,0.01,6863.6,0.03,65.22,0.05,124.8,0.97,65.22,0.95,124.8,0.98,553.24,0.99,6863.6,0.01,0.01,2331.76,1776226153000
1776226154.427,254.427,0.02,542.21,0.01,6763.6,0.03,20.31,0.04,10.0,0.97,65.22,0.95,124.8,0.98,553.24,0.99,6863.6,0.01,0.01,2331.76,1776226153000
1776226154.834,254.834,0.02,542.21,0.01,6763.6,0.03,20.31,0.04,10.0,0.97,20.31,0.96,10.0,0.98,542.21,0.99,6763.6,0.01,0.01,2331.818575,1776226154000
1776226155.862,255.862,0.02,542.21,0.01,6763.6,0.03,20.31,0.04,10.0,0.97,20.31,0.96,10.0,0.98,542.21,0.99,6763.6,0.01,0.01,2331.830544,1776226155000
1776226156.415,256.415,0.02,557.21,0.01,6768.6,0.03,0.31,0.04,10.0,0.97,20.31,0.96,10.0,0.98,542.21,0.99,6763.6,0.01,0.01,2331.830544,1776226155000
1776226156.623,256.623,0.02,547.21,0.01,6868.6,0.04,10.0,0.05,25.0,0.97,0.31,0.96,10.0,0.98,557.21,0.99,6768.6,0.02,0.01,2331.830544,1776226155000
1776226156.906,256.906,0.02,547.21,0.01,6868.6,0.04,10.0,0.05,25.0,0.96,10.0,0.95,25.0,0.98,547.21,0.99,6868.6,0.02,0.02,2331.835775,1776226156000
1776226157.384,257.384,0.03,128.7,0.02,547.21,0.04,54.33,0.05,20.0,0.96,10.0,0.95,25.0,0.98,547.21,0.99,6868.6,0.01,0.02,2331.835775,1776226156000
1776226157.697,257.697,0.03,128.7,0.02,547.21,0.04,24.33,0.05,20.0,0.96,54.33,0.95,20.0,0.97,128.7,0.98,547.21,0.01,0.01,2331.835775,1776226156000
1776226158.679,258.679,0.03,127.21,0.02,542.21,0.04,76.31,0.05,20.0,0.96,24.33,0.95,20.0,0.97,128.7,0.98,547.21,0.01,0.01,2331.844095,1776226157000
1776226159.213,259.213,0.03,116.81,0.02,362.21,0.04,86.31,0.05,200.0,0.96,76.31,0.95,20.0,0.97,127.21,0.98,542.21,0.01,0.01,2331.865685,1776226158000
1776226160.273,260.273,0.03,116.81,0.02,362.21,0.04,86.31,0.05,200.0,0.96,86.31,0.95,200.0,0.97,116.81,0.98,362.21,0.01,0.01,2331.9376,1776226159000
1776226161.243,261.243,0.03,116.81,0.02,362.21,0.04,86.31,0.05,200.0,0.96,86.31,0.95,200.0,0.97,116.81,0.98,362.21,0.01,0.01,2331.914301,1776226160000
1776226162.4,262.4,0.03,116.81,0.02,362.21,0.04,86.31,0.05,200.0,0.96,86.31,0.95,200.0,0.97,116.81,0.98,362.21,0.01,0.01,2331.81864,1776226161000
1776226162.839,262.839,0.02,175.47,0.01,6873.54,0.03,215.0,0.04,142.7,0.96,86.31,0.95,200.0,0.97,116.81,0.98,362.21,0.01,0.01,2331.81864,1776226161000
1776226163.103,263.103,0.02,136.47,0.01,6873.54,0.03,215.0,0.04,152.7,0.97,215.0,0.96,142.7,0.98,175.47,0.99,6873.54,0.01,0.01,2331.786485,1776226162000
1776226163.932,263.932,0.02,136.47,0.01,6873.54,0.03,215.0,0.04,152.7,0.97,215.0,0.96,152.7,0.98,136.47,0.99,6873.54,0.01,0.01,2331.82305,1776226163000
1776226165.055,265.055,0.02,116.26,0.01,1693.54,0.03,358.7,0.04,139.7,0.97,215.0,0.96,152.7,0.98,136.47,0.99,6873.54,0.01,0.01,2331.82305,1776226163000
1776226165.349,265.349,0.02,115.23,0.01,1693.54,0.03,358.7,0.04,139.7,0.97,358.7,0.96,139.7,0.98,116.26,0.99,1693.54,0.01,0.01,2331.82305,1776226163000
1776226166.229,266.229,0.02,115.23,0.01,1693.54,0.03,358.7,0.04,139.7,0.97,358.7,0.96,139.7,0.98,115.23,0.99,1693.54,0.01,0.01,2331.776655,1776226165000
1776226166.686,266.686,0.02,105.23,0.01,1693.54,0.03,463.83,0.04,135.7,0.97,358.7,0.96,139.7,0.98,115.23,0.99,1693.54,0.01,0.01,2331.776655,1776226165000
1776226167.358,267.358,0.02,105.12,0.01,1693.54,0.03,463.83,0.04,135.7,0.97,463.83,0.96,135.7,0.98,105.23,0.99,1693.54,0.01,0.01,2331.776655,1776226165000
1776226167.696,267.696,0.02,103.06,0.01,1693.54,0.03,448.83,0.04,138.7,0.97,458.83,0.96,148.7,0.98,99.09,0.99,1693.54,0.01,0.01,2331.82729,1776226166000
1776226167.998,267.998,0.01,1684.44,,,0.03,448.83,0.04,138.7,0.97,448.83,0.96,138.7,0.98,103.06,0.99,1693.54,0.02,0.01,2331.82729,1776226166000
1776226168.244,268.244,0.01,1684.44,,,0.03,448.83,0.04,138.7,0.97,448.83,0.96,138.7,0.99,1684.44,,,0.02,0.02,2331.790029,1776226167000
1776226168.823,268.823,0.01,1664.44,,,0.02,133.13,0.03,169.86,0.98,134.26,0.97,349.86,0.99,1659.44,,,0.01,0.01,2331.790029,1776226167000
1776226169.072,269.072,0.01,1608.92,,,0.02,13.83,0.03,164.86,0.98,133.13,0.97,169.86,0.99,1563.42,,,0.01,0.01,2331.790029,1776226167000
1776226169.645,269.645,0.01,1603.81,,,0.02,166.25,0.03,164.86,0.98,13.83,0.97,164.86,0.99,1608.92,,,0.01,0.01,2331.77803,1776226168000
1776226169.949,269.949,0.01,1598.81,,,0.02,169.33,0.03,15.16,0.98,166.25,0.97,164.86,0.99,1603.81,,,0.01,0.01,2331.77803,1776226168000
1776226170.233,270.233,0.01,1527.95,,,0.02,169.33,0.03,162.86,0.98,169.33,0.97,15.16,0.99,1535.24,,,0.01,0.01,2331.77803,1776226168000
1776226170.527,270.527,0.01,1445.26,,,0.02,174.33,0.03,162.86,0.98,169.33,0.97,162.86,0.99,1451.26,,,0.01,0.01,2331.80131,1776226169000
1776226170.907,270.907,0.01,1045.26,,,0.02,179.33,0.03,15.16,0.98,174.33,0.97,162.86,0.99,1445.26,,,0.01,0.01,2331.80131,1776226169000
1776226171.184,271.184,0.01,1043.26,,,0.02,105.33,0.03,15.16,0.98,105.33,0.97,15.16,0.99,1045.26,,,0.01,0.01,2331.81604,1776226170000
1776226171.646,271.646,0.01,728.24,,,0.02,175.39,0.03,15.16,0.98,175.39,0.97,15.16,0.99,735.24,,,0.01,0.01,2331.81604,1776226170000
1776226171.892,271.892,0.01,724.86,,,0.02,186.19,0.03,15.16,0.98,175.39,0.97,15.16,0.99,728.24,,,0.01,0.01,2331.81604,1776226170000
1776226172.245,272.245,0.01,676.25,,,0.02,191.28,0.03,15.16,0.98,191.28,0.97,15.16,0.99,697.98,,,0.01,0.01,2331.81604,1776226170000
1776226172.533,272.533,0.01,664.83,,,0.02,191.28,0.03,15.16,0.98,191.28,0.97,15.16,0.99,660.85,,,0.01,0.01,2331.81604,1776226170000
1776226173.167,273.167,0.01,604.27,,,0.02,191.28,0.03,15.16,0.98,191.28,0.97,15.16,0.99,604.27,,,0.01,0.01,2331.983611,1776226172000
1776226173.431,273.431,0.01,594.32,,,0.02,196.28,0.03,195.16,0.98,191.28,0.97,15.16,0.99,604.27,,,0.01,0.01,2331.983611,1776226172000
1776226173.895,273.895,0.01,579.17,,,0.02,381.28,0.03,43.16,0.98,196.28,0.97,195.16,0.99,594.32,,,0.01,0.01,2331.983611,1776226172000
1776226174.357,274.357,0.01,573.06,,,0.02,381.28,0.03,166.86,0.98,381.28,0.97,166.86,0.99,573.06,,,0.01,0.01,2331.9961,1776226173000
1776226175.388,275.388,0.01,308.49,,,0.02,201.28,0.03,200.16,0.98,381.28,0.97,166.86,0.99,573.06,,,0.01,0.01,2331.9961,1776226173000
1776226176.517,276.517,0.01,400.14,,,0.02,376.28,0.03,41.16,0.98,201.28,0.97,200.16,0.99,308.49,,,0.01,0.01,2331.9961,1776226173000
1776226177.011,277.011,0.01,303.97,,,0.02,376.28,0.03,30.16,0.98,376.28,0.97,41.16,0.99,400.14,,,0.01,0.01,2331.877615,1776226175000
1776226178.386,278.386,0.01,303.97,,,0.02,376.28,0.03,30.16,0.98,376.28,0.97,30.16,0.99,303.97,,,0.01,0.01,2331.86823,1776226177000
1776226180.324,280.324,0.01,303.97,,,0.02,376.28,0.03,30.16,0.98,376.28,0.97,30.16,0.99,303.97,,,0.01,0.01,2331.86973,1776226179000
1776226181.312,281.312,0.01,303.97,,,0.02,376.28,0.03,30.16,0.98,376.28,0.97,30.16,0.99,303.97,,,0.01,0.01,2331.92647,1776226180000
1776226181.931,281.931,0.01,200.38,,,0.02,25.89,0.03,267.16,0.98,376.28,0.97,30.16,0.99,303.97,,,0.01,0.01,2331.92647,1776226180000
1776226182.809,282.809,0.01,200.38,,,0.02,25.89,0.03,267.16,0.98,25.89,0.97,267.16,0.99,200.38,,,0.01,0.01,2331.95499,1776226181000
1776226183.52,283.52,0.01,200.38,,,0.02,25.89,0.03,267.16,0.98,25.89,0.97,267.16,0.99,200.38,,,0.01,0.01,2331.94425,1776226182000
1776226184.109,284.109,0.01,200.38,,,0.02,25.89,0.03,267.16,0.98,25.89,0.97,267.16,0.99,200.38,,,0.01,0.01,2331.944185,1776226183000
1776226184.462,284.462,,,,,0.01,181.62,0.02,210.89,0.98,210.89,0.97,97.16,0.99,118.38,,,,0.01,2331.944185,1776226183000
1776226184.844,284.844,,,,,0.01,350.1,0.02,220.89,0.99,181.62,0.98,210.89,,,,,,,2331.944185,1776226183000
1776226185.225,285.225,,,,,0.01,344.14,0.02,231.89,0.99,348.98,0.98,220.89,,,,,,,2331.944185,1776226183000
1776226186.336,286.336,,,,,0.01,357.39,0.02,248.89,0.99,344.14,0.98,231.89,,,,,,,2331.939045,1776226184000
1776226186.737,286.737,,,,,0.01,357.39,0.02,248.89,0.99,357.39,0.98,248.89,,,,,,,2331.96319,1776226185000
1776226187.4,287.4,,,,,0.01,357.39,0.02,248.89,0.99,357.39,0.98,248.89,,,,,,,2331.96932,1776226186000
1776226188.503,288.503,,,,,0.01,597.28,0.02,101.89,0.99,357.39,0.98,248.89,,,,,,,2331.96932,1776226186000
1776226188.734,288.734,,,,,0.01,597.28,0.02,101.89,0.99,597.28,0.98,101.89,,,,,,,2331.985923,1776226187000
1776226189.32,289.32,,,,,0.01,597.28,0.02,101.89,0.99,597.28,0.98,101.89,,,,,,,2331.97375,1776226188000
1776226190.671,290.671,,,,,0.01,597.28,0.02,101.89,0.99,597.28,0.98,101.89,,,,,,,2331.975,1776226189000
1776226191.474,291.474,,,,,0.01,597.05,0.02,130.89,0.99,597.05,0.98,130.89,,,,,,,2331.98209,1776226190000
1776226192.283,292.283,,,,,0.01,597.05,0.02,130.89,0.99,597.05,0.98,130.89,,,,,,,2331.97602,1776226191000
1776226193.564,293.564,,,,,0.01,597.05,0.02,130.89,0.99,597.05,0.98,130.89,,,,,,,2331.97257,1776226192000
1776226194.225,294.225,,,,,0.01,597.05,0.02,130.89,0.99,597.05,0.98,130.89,,,,,,,2331.98143,1776226193000
1776226195.472,295.472,,,,,0.01,597.05,0.02,130.89,0.99,597.05,0.98,130.89,,,,,,,2331.977742,1776226194000
1776226196.087,296.087,,,,,0.01,597.05,0.02,130.89,0.99,597.05,0.98,130.89,,,,,,,2331.983452,1776226195000
1776226197.875,297.875,,,,,0.01,597.05,0.02,130.89,0.99,597.05,0.98,130.89,,,,,,,2331.98417,1776226196000
1776226198.473,298.473,,,,,0.01,4146.02,0.02,216.88,0.99,4146.02,0.98,216.88,,,,,,,2331.991131,1776226197000
1776226198.865,298.865,,,,,0.01,4146.02,0.02,216.88,0.99,4146.02,0.98,216.88,,,,,,,2331.979,1776226198000
1776226199.878,299.878,,,,,0.01,4146.02,0.02,216.88,0.99,4146.02,0.98,216.88,,,,,,,2332.00388,1776226199000
1776226200.97,300.97,,,,,0.01,4146.02,0.02,216.88,0.99,4146.02,0.98,216.88,,,,,,,2332.01498,1776226200000

# RESULT,winner=Down,slug=eth-updown-5m-1776225900,ticks=437
