timestamp,elapsed_sec,up_bid_p1,up_bid_s1,up_bid_p2,up_bid_s2,up_ask_p1,up_ask_s1,up_ask_p2,up_ask_s2,down_bid_p1,down_bid_s1,down_bid_p2,down_bid_s2,down_ask_p1,down_ask_s1,down_ask_p2,down_ask_s2,up_spread,down_spread,eth_price,eth_oracle_ts
1776288600.573,0.573,0.53,5.0,0.52,202.3,0.54,117.23,0.6,38.0,0.46,373.22,0.45,136.0,0.48,217.25,0.49,59.34,0.01,0.02,2353.497896,1776288599000
1776288601.105,1.105,0.53,5.0,0.52,202.3,0.54,117.23,0.6,38.0,0.46,117.23,0.4,38.0,0.47,5.0,0.48,202.3,0.01,0.01,2353.498211,1776288600000
1776288601.522,1.522,0.53,10.0,0.52,10.0,0.54,159.5,0.55,13.0,0.46,117.23,0.4,38.0,0.47,5.0,0.48,202.3,0.01,0.01,2353.498211,1776288600000
1776288602.218,2.218,0.53,10.0,0.52,10.0,0.54,159.5,0.55,13.0,0.46,159.5,0.45,13.0,0.47,10.0,0.48,10.0,0.01,0.01,2353.493452,1776288601000
1776288602.458,2.458,0.53,3.83,0.52,10.0,0.54,49.0,0.55,24.0,0.46,46.0,0.45,24.0,0.47,3.83,0.48,10.0,0.01,0.01,2353.493452,1776288601000
1776288603.359,3.359,0.53,3.83,0.52,10.0,0.54,49.0,0.55,24.0,0.46,49.0,0.45,24.0,0.47,3.83,0.48,10.0,0.01,0.01,2353.498602,1776288602000
1776288603.707,3.707,0.53,3.83,0.52,10.0,0.54,49.0,0.55,13.0,0.46,49.0,0.45,24.0,0.47,3.83,0.48,10.0,0.01,0.01,2353.498602,1776288602000
1776288604.394,4.394,0.53,3.83,0.52,10.0,0.54,49.0,0.55,13.0,0.46,49.0,0.45,13.0,0.47,3.83,0.48,10.0,0.01,0.01,2353.498879,1776288603000
1776288604.999,4.999,0.53,3.83,0.52,10.0,0.54,49.0,0.55,13.0,0.46,49.0,0.45,13.0,0.47,3.83,0.48,10.0,0.01,0.01,2353.498834,1776288604000
1776288605.249,5.249,0.52,13.83,0.51,15.0,0.54,59.0,0.55,28.0,0.46,49.0,0.45,13.0,0.47,3.83,0.48,10.0,0.02,0.01,2353.498834,1776288604000
1776288606.592,6.592,0.52,13.83,0.51,15.0,0.54,59.0,0.55,28.0,0.46,59.0,0.45,28.0,0.48,13.83,0.49,15.0,0.02,0.02,2353.497486,1776288605000
1776288607.113,7.113,0.52,8.83,0.51,20.0,0.53,60.0,0.54,28.0,0.47,60.0,0.46,28.0,0.48,8.83,0.49,20.0,0.01,0.01,2353.498972,1776288606000
1776288607.57,7.57,0.52,7.88,0.51,20.0,0.53,60.0,0.54,28.0,0.47,60.0,0.46,28.0,0.48,7.88,0.49,20.0,0.01,0.01,2353.498972,1776288606000
1776288607.863,7.863,0.52,7.88,0.51,20.0,0.53,60.0,0.54,28.0,0.47,60.0,0.46,28.0,0.48,7.88,0.49,20.0,0.01,0.01,2353.498972,1776288606000
1776288608.072,8.072,0.52,7.88,0.51,20.0,0.53,60.0,0.54,28.0,0.47,60.0,0.46,28.0,0.48,7.88,0.49,20.0,0.01,0.01,2353.497366,1776288607000
1776288608.446,8.446,0.52,2.88,0.51,20.0,0.53,60.0,0.54,28.0,0.47,60.0,0.46,28.0,0.48,7.88,0.49,20.0,0.01,0.01,2353.497366,1776288607000
1776288609.037,9.037,0.52,2.88,0.51,20.0,0.53,60.0,0.54,28.0,0.47,60.0,0.46,28.0,0.48,2.88,0.49,20.0,0.01,0.01,2353.497346,1776288608000
1776288609.737,9.737,0.52,2.88,0.51,30.5,0.53,66.63,0.54,208.0,0.47,60.0,0.46,28.0,0.48,2.88,0.49,20.0,0.01,0.01,2353.497346,1776288608000
1776288610.076,10.076,0.52,2.88,0.51,30.5,0.53,66.63,0.54,208.0,0.47,66.63,0.46,208.0,0.48,2.88,0.49,30.5,0.01,0.01,2353.497425,1776288609000
1776288610.614,10.614,0.52,2.88,0.51,30.5,0.54,219.0,0.55,31.0,0.47,66.63,0.46,208.0,0.48,2.88,0.49,30.5,0.02,0.01,2353.497425,1776288609000
1776288611.211,11.211,0.52,7.88,0.51,30.5,0.53,11.44,0.54,214.0,0.47,34.61,0.46,219.0,0.48,2.88,0.49,30.5,0.01,0.01,2353.494995,1776288610000
1776288612.116,12.116,0.51,28.21,0.5,46.5,0.53,85.99,0.54,214.0,0.47,11.44,0.46,214.0,0.48,7.88,0.49,30.5,0.02,0.01,2353.494995,1776288610000
1776288618.543,18.543,0.52,57.5,0.51,65.21,0.53,7.0,0.54,12.0,0.47,85.99,0.46,214.0,0.49,28.21,0.5,46.5,0.01,0.02,2353.492285,1776288617000
1776288619.135,19.135,0.53,25.0,0.52,64.5,0.55,51.68,0.56,42.5,0.45,28.0,0.44,10.0,0.47,15.0,0.48,73.5,0.02,0.02,2353.492285,1776288617000
1776288619.695,19.695,0.54,8.73,0.53,30.0,0.55,15.0,0.56,45.5,0.45,33.0,0.44,42.5,0.46,12.82,0.47,30.0,0.01,0.01,2353.492285,1776288617000
1776288622.073,22.073,0.53,20.0,0.52,37.5,0.54,18.07,0.55,45.5,0.45,15.0,0.44,45.5,0.46,8.73,0.47,30.0,0.01,0.01,2353.597894,1776288620000
1776288622.607,22.607,0.53,20.0,0.52,52.5,0.54,22.22,0.55,45.5,0.46,18.07,0.45,45.5,0.47,20.0,0.48,37.5,0.01,0.01,2353.609309,1776288621000
1776288624.248,24.248,0.53,35.0,0.52,36.5,0.54,7.22,0.55,15.0,0.46,22.22,0.45,45.5,0.47,20.0,0.48,52.5,0.01,0.01,2353.615457,1776288622000
1776288624.455,24.455,0.53,50.0,0.52,36.5,0.55,7.17,0.56,35.5,0.46,7.22,0.45,15.0,0.47,35.0,0.48,36.5,0.02,0.01,2353.605243,1776288623000
1776288626.216,26.216,0.53,45.0,0.52,46.5,0.55,12.17,0.56,45.5,0.45,7.17,0.44,35.5,0.47,50.0,0.48,36.5,0.02,0.02,2353.600243,1776288624000
1776288627.048,27.048,0.53,35.0,0.52,36.5,0.55,22.17,0.56,46.5,0.45,12.17,0.44,45.5,0.47,45.0,0.48,46.5,0.02,0.02,2353.615909,1776288625000
1776288628.544,28.544,0.54,10.0,0.53,50.5,0.55,22.27,0.56,46.5,0.45,17.27,0.44,46.5,0.46,10.0,0.47,50.5,0.01,0.01,2353.612411,1776288627000
1776288628.949,28.949,0.54,10.0,0.53,50.5,0.55,30.45,0.56,46.5,0.45,22.27,0.44,46.5,0.46,10.0,0.47,50.5,0.01,0.01,2353.612411,1776288627000
1776288629.332,29.332,0.54,10.0,0.53,45.5,0.55,20.0,0.56,56.5,0.45,23.86,0.44,46.5,0.46,10.0,0.47,50.5,0.01,0.01,2353.646703,1776288628000
1776288633.025,33.025,0.55,181.49,0.54,244.5,0.57,15.0,0.59,5.0,0.45,20.0,0.44,56.5,0.46,10.0,0.47,45.5,0.02,0.01,2353.637339,1776288631000
1776288633.583,33.583,0.62,76.62,0.61,48.5,0.63,10.0,0.64,185.0,0.37,31.0,0.36,19.0,0.44,10.0,0.45,221.49,0.01,0.07,2353.643318,1776288632000
1776288633.924,33.924,0.63,32.08,0.62,90.62,0.64,181.27,0.65,5.0,0.36,176.27,0.35,5.0,0.38,95.62,0.39,53.5,0.01,0.02,2353.643318,1776288632000
1776288634.29,34.29,0.65,30.5,0.64,62.5,0.67,65.0,0.68,30.5,0.36,181.27,0.35,5.0,0.37,32.08,0.38,90.62,0.02,0.01,2353.6555,1776288633000
1776288635.014,35.014,0.68,10.0,0.67,20.5,0.69,183.4,0.7,50.5,0.33,65.0,0.32,30.5,0.35,30.5,0.36,62.5,0.01,0.02,2353.6555,1776288633000
1776288635.357,35.357,0.68,10.0,0.67,10.0,0.69,157.59,0.7,50.5,0.31,188.4,0.3,50.5,0.34,29.57,0.35,57.5,0.01,0.03,2353.704608,1776288634000
1776288635.636,35.636,0.67,10.0,0.66,65.57,0.68,25.5,0.69,168.59,0.31,158.59,0.3,50.5,0.33,10.0,0.34,55.57,0.01,0.02,2353.704608,1776288634000
1776288641.033,41.033,0.67,40.0,0.66,50.07,0.68,23.5,0.69,189.59,0.32,25.5,0.31,168.59,0.33,10.0,0.34,65.57,0.01,0.01,2354.30151,1776288639000
1776288641.816,41.816,0.68,91.5,0.67,81.5,0.69,163.09,0.7,40.0,0.32,23.5,0.31,189.59,0.33,40.0,0.34,50.07,0.01,0.01,2354.241445,1776288640000
1776288642.605,42.605,0.68,91.5,0.67,81.5,0.69,177.97,0.7,40.0,0.31,163.09,0.3,40.0,0.32,91.5,0.33,81.5,0.01,0.01,2354.23619,1776288641000
1776288642.868,42.868,0.68,91.5,0.67,81.5,0.69,176.44,0.7,40.0,0.31,177.97,0.3,40.0,0.32,91.5,0.33,81.5,0.01,0.01,2354.23619,1776288641000
1776288643.536,43.536,0.68,41.0,0.67,56.5,0.69,155.38,0.7,50.5,0.31,176.44,0.3,40.0,0.32,91.5,0.33,81.5,0.01,0.01,2354.26167,1776288642000
1776288644.699,44.699,0.68,46.0,0.67,56.5,0.69,150.38,0.7,50.5,0.31,155.38,0.3,50.5,0.32,41.0,0.33,56.5,0.01,0.01,2354.289805,1776288643000
1776288645.47,45.47,0.68,61.0,0.67,56.5,0.69,175.75,0.7,50.5,0.31,148.2,0.3,50.5,0.32,46.0,0.33,56.5,0.01,0.01,2354.290115,1776288644000
1776288648.847,48.847,0.68,362.5,0.67,171.92,0.69,20.43,0.71,60.0,0.31,170.75,0.3,50.5,0.32,55.0,0.33,56.5,0.01,0.01,2354.346343,1776288647000
1776288649.787,49.787,0.73,35.0,0.72,31.0,0.74,63.0,0.75,23.0,0.29,10.0,0.28,110.0,0.32,380.5,0.33,171.92,0.01,0.03,2354.339625,1776288648000
1776288650.229,50.229,0.73,90.5,0.72,51.5,0.74,13.0,0.76,204.0,0.26,63.0,0.25,23.0,0.27,35.0,0.28,31.0,0.01,0.01,2354.353605,1776288649000
1776288650.44,50.44,0.73,137.5,0.72,250.5,0.76,180.0,0.77,45.0,0.26,1.24,0.24,180.0,0.27,126.5,0.28,250.5,0.03,0.01,2354.353605,1776288649000
1776288650.836,50.836,0.75,141.5,0.74,105.5,0.76,105.49,0.77,32.0,0.24,135.42,0.23,32.0,0.25,116.5,0.26,100.5,0.01,0.01,2354.353605,1776288649000
1776288651.525,51.525,0.78,106.95,0.77,40.5,0.79,20.0,0.8,277.0,0.24,105.49,0.23,32.0,0.25,141.5,0.26,105.5,0.01,0.01,2354.54549,1776288650000
1776288651.946,51.946,0.78,111.95,0.77,50.5,0.79,16.2,0.8,97.0,0.21,20.0,0.2,277.0,0.22,106.95,0.23,40.5,0.01,0.01,2354.54549,1776288650000
1776288652.224,52.224,0.78,169.95,0.77,50.5,0.79,14.93,0.8,97.0,0.21,16.2,0.2,97.0,0.22,111.95,0.23,50.5,0.01,0.01,2354.78422,1776288651000
1776288652.451,52.451,0.78,164.95,0.77,50.5,0.79,4.93,0.8,277.0,0.21,14.93,0.2,97.0,0.22,169.95,0.23,50.5,0.01,0.01,2354.78422,1776288651000
1776288652.802,52.802,0.78,164.95,0.77,50.5,0.79,183.93,0.8,86.0,0.21,4.93,0.2,277.0,0.22,164.95,0.23,50.5,0.01,0.01,2354.78422,1776288651000
1776288655.406,55.406,0.76,10.0,0.75,20.0,0.79,355.43,0.8,139.5,0.21,183.93,0.2,86.0,0.22,164.95,0.23,50.5,0.03,0.01,2355.20107,1776288654000
1776288655.794,55.794,0.73,10.0,0.72,50.5,0.77,154.5,0.78,126.83,0.23,86.5,0.22,20.5,0.24,21.9,0.25,10.0,0.04,0.01,2355.20107,1776288654000
1776288657.647,57.647,0.74,30.5,0.73,25.5,0.76,299.5,0.77,59.5,0.23,154.5,0.22,126.83,0.27,10.0,0.28,50.5,0.02,0.04,2355.094431,1776288656000
1776288660.345,60.345,0.74,55.0,0.73,25.5,0.75,267.23,0.76,89.5,0.24,299.5,0.23,59.5,0.26,30.5,0.27,25.5,0.01,0.02,2354.78454,1776288659000
1776288660.549,60.549,0.72,35.5,0.71,35.0,0.75,302.69,0.76,122.5,0.25,246.69,0.24,89.5,0.26,55.0,0.27,25.5,0.03,0.01,2354.78454,1776288659000
1776288660.775,60.775,0.7,2.86,0.69,54.49,0.71,10.0,0.72,31.5,0.27,119.5,0.26,138.5,0.3,10.1,0.31,54.49,0.01,0.03,2354.78454,1776288659000
1776288661.006,61.006,0.69,38.36,0.68,46.0,0.7,17.0,0.71,106.0,0.29,70.0,0.28,76.5,0.31,54.49,0.32,35.0,0.01,0.02,2354.78454,1776288659000
1776288661.382,61.382,0.69,80.86,0.68,56.0,0.7,6.0,0.71,90.0,0.3,17.0,0.29,106.0,0.31,38.36,0.32,46.0,0.01,0.01,2354.7957,1776288660000
1776288663.147,63.147,0.7,30.5,0.69,53.86,0.71,68.0,0.72,76.5,0.29,79.0,0.28,87.5,0.3,16.0,0.31,80.86,0.01,0.01,2354.69366,1776288662000
1776288663.518,63.518,0.7,18.83,0.69,53.86,0.71,68.0,0.72,76.5,0.29,68.0,0.28,76.5,0.3,30.5,0.31,53.86,0.01,0.01,2354.69366,1776288662000
1776288663.971,63.971,0.7,14.0,0.69,58.86,0.71,63.0,0.72,76.5,0.29,68.0,0.28,76.5,0.3,18.83,0.31,53.86,0.01,0.01,2354.587883,1776288663000
1776288665.275,65.275,0.7,10.0,0.69,58.86,0.71,205.74,0.72,76.5,0.29,53.91,0.28,76.5,0.3,10.0,0.31,58.86,0.01,0.01,2354.596494,1776288664000
1776288665.583,65.583,0.7,10.0,0.69,102.28,0.71,204.33,0.72,76.5,0.29,205.74,0.28,76.5,0.3,10.0,0.31,58.86,0.01,0.01,2354.596494,1776288664000
1776288668.922,68.922,0.69,13.6,0.68,55.5,0.71,195.0,0.72,66.5,0.29,204.33,0.28,76.5,0.3,10.0,0.31,102.28,0.02,0.01,2354.591602,1776288667000
1776288670.358,70.358,0.7,25.0,0.69,23.6,0.71,200.0,0.72,61.5,0.29,195.0,0.28,66.5,0.31,13.6,0.32,55.5,0.01,0.02,2354.601977,1776288669000
1776288671.841,71.841,0.69,9.03,0.68,66.5,0.71,195.0,0.72,59.5,0.29,200.0,0.28,61.5,0.3,25.0,0.31,23.6,0.02,0.01,2354.568069,1776288670000
1776288672.989,72.989,0.69,3.03,0.68,46.0,0.7,112.16,0.71,210.5,0.29,200.0,0.28,59.5,0.3,10.0,0.31,19.03,0.01,0.01,2354.570796,1776288671000
1776288676.027,76.027,0.62,25.0,0.61,205.0,0.64,114.5,0.65,41.0,0.3,112.16,0.29,210.5,0.31,3.03,0.32,46.0,0.02,0.01,2354.528149,1776288674000
1776288676.752,76.752,0.62,10.0,0.61,205.0,0.63,80.44,0.64,80.5,0.36,114.5,0.35,41.0,0.38,25.0,0.39,205.0,0.01,0.02,2354.434532,1776288675000
1776288677.851,77.851,0.61,210.0,0.6,225.5,0.62,48.41,0.63,65.44,0.37,80.44,0.36,80.5,0.38,10.0,0.39,205.0,0.01,0.01,2354.401043,1776288676000
1776288678.451,78.451,0.61,221.5,0.6,236.5,0.62,18.32,0.63,10.0,0.38,48.41,0.37,65.44,0.39,210.0,0.4,225.5,0.01,0.01,2354.401043,1776288676000
1776288678.67,78.67,0.61,226.5,0.6,236.5,0.62,17.14,0.63,20.0,0.38,18.32,0.37,10.0,0.39,221.5,0.4,236.5,0.01,0.01,2354.136937,1776288677000
1776288679.479,79.479,0.61,416.5,0.6,56.5,0.63,20.0,0.64,20.0,0.38,4.05,0.37,20.0,0.39,231.5,0.4,236.5,0.02,0.01,2354.136865,1776288678000
1776288681.617,81.617,0.62,35.0,0.61,401.5,0.63,35.0,0.64,25.0,0.37,20.0,0.36,20.0,0.39,416.5,0.4,56.5,0.01,0.02,2354.1261,1776288680000
1776288682.427,82.427,0.62,215.0,0.61,216.5,0.63,20.0,0.64,25.0,0.37,35.0,0.36,25.0,0.38,35.0,0.39,401.5,0.01,0.01,2354.1261,1776288680000
1776288682.905,82.905,0.62,254.76,0.61,206.0,0.66,25.0,0.67,37.5,0.37,20.0,0.36,25.0,0.38,215.0,0.39,216.5,0.04,0.01,2354.152346,1776288681000
1776288683.878,83.878,0.66,10.0,0.65,20.0,0.67,30.5,0.68,68.5,0.34,25.0,0.33,37.5,0.38,254.76,0.39,206.0,0.01,0.04,2354.174734,1776288682000
1776288685.882,85.882,0.66,12.05,0.65,25.0,0.67,43.5,0.68,231.5,0.33,30.5,0.32,68.5,0.34,10.0,0.35,20.0,0.01,0.01,2354.173604,1776288684000
1776288690.651,90.651,0.65,5.0,0.64,5.0,0.66,55.5,0.67,101.5,0.33,43.5,0.32,231.5,0.34,12.05,0.35,25.0,0.01,0.01,2354.27327,1776288688000
1776288690.879,90.879,0.63,8.7,0.62,25.5,0.65,50.5,0.66,241.5,0.34,55.5,0.33,101.5,0.36,5.0,0.37,11.0,0.02,0.02,2354.36516,1776288689000
1776288691.26,91.26,0.63,8.7,0.62,25.5,0.64,20.0,0.65,50.5,0.35,50.5,0.34,241.5,0.37,8.7,0.38,25.5,0.01,0.02,2354.36516,1776288689000
1776288693.652,93.652,0.63,16.75,0.62,33.5,0.64,20.0,0.65,35.5,0.36,20.0,0.35,50.5,0.37,8.7,0.38,25.5,0.01,0.01,2354.207751,1776288692000
1776288694.966,94.966,0.63,31.75,0.62,23.5,0.64,3.24,0.65,35.5,0.36,20.0,0.35,35.5,0.37,16.75,0.38,33.5,0.01,0.01,2354.216937,1776288693000
1776288697.045,97.045,0.63,42.0,0.62,44.5,0.65,33.0,0.66,215.5,0.36,3.24,0.35,35.5,0.37,31.75,0.38,23.5,0.02,0.01,2354.195562,1776288695000
1776288697.621,97.621,0.64,397.5,0.63,86.5,0.65,2.0,0.67,20.0,0.35,28.0,0.34,215.5,0.36,11.0,0.37,46.0,0.01,0.01,2354.195441,1776288696000
1776288699.527,99.527,0.69,357.0,0.68,84.5,0.7,38.5,0.71,82.73,0.33,20.0,0.31,17.0,0.34,9.0,0.36,397.5,0.01,0.01,2354.254411,1776288698000
1776288700.123,100.123,0.69,355.54,0.68,84.5,0.7,13.5,0.71,82.73,0.3,38.5,0.29,82.73,0.31,353.77,0.32,84.5,0.01,0.01,2354.254411,1776288698000
1776288700.844,100.844,0.69,170.54,0.68,84.5,0.7,18.5,0.71,82.73,0.3,13.5,0.29,82.73,0.31,355.54,0.32,84.5,0.01,0.01,2354.448,1776288699000
1776288702.531,102.531,0.69,188.59,0.68,10.0,0.71,82.73,0.72,40.5,0.3,18.5,0.29,82.73,0.33,157.79,0.34,182.5,0.02,0.03,2354.50003,1776288701000
1776288708.451,108.451,0.7,347.0,0.69,56.56,0.71,62.23,0.72,45.5,0.29,82.73,0.28,40.5,0.31,188.59,0.32,10.0,0.01,0.02,2354.505935,1776288707000
1776288709.036,109.036,0.7,353.0,0.69,79.92,0.73,60.0,0.74,37.5,0.29,56.23,0.28,45.5,0.3,347.0,0.31,56.56,0.03,0.01,2354.505935,1776288707000
1776288710.377,110.377,0.73,121.25,0.72,60.0,0.74,25.5,0.75,64.0,0.27,60.0,0.26,37.5,0.3,353.0,0.31,79.92,0.01,0.03,2354.527545,1776288709000
1776288711.722,111.722,0.73,141.14,0.72,235.0,0.74,20.5,0.75,62.5,0.26,25.5,0.25,64.0,0.27,121.25,0.28,60.0,0.01,0.01,2354.54303,1776288710000
1776288713.939,113.939,0.74,128.15,0.73,42.14,0.75,40.5,0.76,38.0,0.26,20.5,0.25,62.5,0.27,141.14,0.28,235.0,0.01,0.01,2354.69977,1776288712000
1776288718.456,118.456,0.74,138.15,0.73,217.14,0.75,10.5,0.76,32.0,0.25,40.5,0.24,38.0,0.26,128.15,0.27,42.14,0.01,0.01,2354.70674,1776288717000
1776288720.571,120.571,0.75,171.0,0.74,214.15,0.76,32.5,0.77,20.0,0.25,5.43,0.24,32.0,0.26,138.15,0.27,217.14,0.01,0.01,2354.706725,1776288719000
1776288720.981,120.981,0.75,93.16,0.74,209.15,0.76,20.5,0.77,32.0,0.24,32.5,0.23,20.0,0.25,171.0,0.26,214.15,0.01,0.01,2354.706725,1776288719000
1776288723.424,123.424,0.75,7.96,0.74,92.32,0.76,35.5,0.77,47.0,0.24,20.5,0.23,32.0,0.25,93.16,0.26,209.15,0.01,0.01,2354.705745,1776288722000
1776288724.433,124.433,0.73,10.37,0.68,20.0,0.74,16.0,0.75,10.0,0.24,35.5,0.23,47.0,0.25,7.96,0.26,92.32,0.01,0.01,2354.703625,1776288723000
1776288725.243,125.243,0.65,21.0,0.64,102.93,0.66,11.86,0.67,25.5,0.26,16.0,0.25,10.0,0.27,10.37,0.32,20.0,0.01,0.01,2354.70299,1776288724000
1776288725.497,125.497,0.65,16.0,0.64,107.93,0.66,4.28,0.67,20.0,0.34,11.86,0.33,25.5,0.35,21.0,0.36,102.93,0.01,0.01,2354.70299,1776288724000
1776288726.576,126.576,0.65,84.64,0.64,37.0,0.66,43.28,0.67,43.0,0.34,4.28,0.33,20.0,0.35,16.0,0.36,107.93,0.01,0.01,2354.493309,1776288725000
1776288730.647,130.647,0.66,108.05,0.65,275.14,0.67,6.0,0.68,12.0,0.33,17.67,0.32,20.5,0.35,94.64,0.36,32.0,0.01,0.02,2354.214,1776288729000
1776288730.889,130.889,0.67,120.0,0.66,227.0,0.68,1.0,0.69,36.5,0.32,6.0,0.31,36.5,0.33,15.0,0.34,227.0,0.01,0.01,2354.214,1776288729000
1776288732.022,132.022,0.67,328.9,0.66,159.99,0.68,5.64,0.69,32.5,0.32,1.0,0.31,26.5,0.33,64.0,0.34,217.0,0.01,0.01,2354.22395,1776288730000
1776288735.273,135.273,0.67,128.69,0.66,251.0,0.68,3.43,0.69,35.5,0.32,5.64,0.31,32.5,0.33,328.9,0.34,159.99,0.01,0.01,2354.388505,1776288734000
1776288735.987,135.987,0.67,123.69,0.66,251.0,0.69,30.5,0.7,32.5,0.32,3.43,0.31,35.5,0.33,128.69,0.34,251.0,0.02,0.01,2354.388505,1776288734000
1776288736.819,136.819,0.68,80.0,0.67,20.0,0.69,30.5,0.7,37.5,0.31,30.5,0.3,32.5,0.33,123.69,0.34,251.0,0.01,0.02,2354.35605,1776288735000
1776288737.025,137.025,0.68,75.0,0.67,38.14,0.69,33.32,0.7,37.5,0.31,30.5,0.3,37.5,0.32,80.0,0.33,20.0,0.01,0.01,2354.35605,1776288735000
1776288737.855,137.855,0.68,40.71,0.67,38.14,0.69,18.32,0.7,37.5,0.31,33.32,0.3,37.5,0.32,75.0,0.33,38.14,0.01,0.01,2354.3536,1776288736000
1776288742.355,142.355,0.68,89.22,0.67,25.0,0.69,12.82,0.7,32.5,0.31,18.32,0.3,37.5,0.32,40.71,0.33,38.14,0.01,0.01,2354.351493,1776288741000
1776288743.735,143.735,0.67,16.0,0.65,5.0,0.69,280.32,0.7,37.5,0.31,12.82,0.3,32.5,0.32,89.22,0.33,25.0,0.02,0.01,2354.370551,1776288742000
1776288743.963,143.963,0.65,1.0,0.64,102.0,0.66,15.0,0.67,10.0,0.32,21.0,0.31,275.32,0.35,5.0,0.36,107.0,0.01,0.03,2354.35845,1776288743000
1776288744.328,144.328,0.64,94.0,0.63,15.0,0.65,8.3,0.66,10.0,0.34,10.0,0.33,27.0,0.36,98.0,0.37,15.0,0.01,0.02,2354.35845,1776288743000
1776288744.843,144.843,0.64,101.22,0.63,25.0,0.65,17.01,0.66,30.5,0.35,1.51,0.34,25.5,0.36,99.0,0.37,20.0,0.01,0.01,2354.35845,1776288743000
1776288746.886,146.886,0.64,55.22,0.63,20.0,0.65,99.01,0.66,61.5,0.35,17.01,0.34,30.5,0.36,101.22,0.37,25.0,0.01,0.01,2354.178176,1776288745000
1776288747.352,147.352,0.62,35.39,0.61,40.0,0.63,15.5,0.64,261.5,0.35,94.33,0.34,61.5,0.37,20.0,0.39,40.0,0.01,0.02,2354.178176,1776288745000
1776288747.652,147.652,0.62,35.39,0.61,45.0,0.63,247.05,0.64,88.5,0.37,15.5,0.36,261.5,0.38,35.39,0.39,40.0,0.01,0.01,2354.082668,1776288746000
1776288748.091,148.091,0.62,35.39,0.61,45.0,0.63,231.81,0.64,98.5,0.37,247.05,0.36,88.5,0.38,35.39,0.39,45.0,0.01,0.01,2354.082668,1776288747000
1776288750.892,150.892,0.61,20.0,0.6,10.0,0.62,38.0,0.63,238.81,0.37,231.81,0.36,98.5,0.38,35.39,0.39,45.0,0.01,0.01,2354.0499,1776288749000
1776288751.141,151.141,0.61,20.0,0.6,37.86,0.62,29.38,0.63,238.81,0.38,38.0,0.37,238.81,0.39,20.0,0.4,10.0,0.01,0.01,2354.0499,1776288750000
1776288754.224,154.224,0.61,30.0,0.6,36.5,0.63,32.0,0.64,35.5,0.38,29.38,0.37,238.81,0.39,20.0,0.4,37.86,0.02,0.01,2353.917225,1776288753000
1776288755.541,155.541,0.62,2.15,0.61,15.0,0.63,40.5,0.64,57.5,0.37,20.0,0.36,47.5,0.38,5.0,0.39,30.0,0.01,0.01,2353.917438,1776288754000
1776288756.785,156.785,0.54,80.7,0.53,35.0,0.57,10.0,0.58,10.0,0.37,40.5,0.36,57.5,0.38,2.15,0.39,15.0,0.03,0.01,2353.96875,1776288755000
1776288757.164,157.164,0.46,70.99,0.45,11.0,0.47,172.0,0.48,32.0,0.53,50.0,0.52,20.0,0.54,97.77,0.55,11.0,0.01,0.01,2353.96875,1776288755000
1776288757.464,157.464,0.45,4.56,0.41,230.0,0.46,190.0,0.47,230.0,0.53,352.0,0.52,40.0,0.54,65.49,0.55,11.0,0.01,0.01,2353.97875,1776288756000
1776288757.774,157.774,0.41,240.0,0.4,12.0,0.42,4.64,0.43,10.0,0.54,195.0,0.53,230.0,0.59,230.0,0.6,12.0,0.01,0.05,2353.97875,1776288756000
1776288759.108,159.108,0.42,99.83,0.41,340.5,0.43,25.0,0.48,10.0,0.56,22.0,0.55,10.0,0.59,240.0,0.6,12.0,0.01,0.03,2353.21217,1776288758000
1776288759.515,159.515,0.49,9.0,0.48,10.0,0.5,50.52,0.51,53.5,0.5,25.52,0.49,33.5,0.51,5.0,0.52,15.0,0.01,0.01,2353.21217,1776288758000
1776288759.721,159.721,0.47,2.5,0.46,95.99,0.49,10.0,0.5,30.52,0.51,10.0,0.5,30.52,0.53,3.5,0.54,95.99,0.02,0.02,2353.21217,1776288758000
1776288760.323,160.323,0.47,186.94,0.46,95.99,0.48,30.5,0.49,27.5,0.51,10.0,0.5,30.52,0.54,95.99,0.55,43.9,0.01,0.03,2353.143566,1776288759000
1776288761.087,161.087,0.47,191.94,0.46,18.44,0.48,27.37,0.49,25.5,0.52,25.5,0.51,32.5,0.53,186.94,0.54,90.99,0.01,0.01,2353.143566,1776288759000
1776288761.577,161.577,0.46,23.44,0.45,13.0,0.47,35.5,0.48,27.37,0.52,27.37,0.51,25.5,0.53,191.94,0.54,18.44,0.01,0.01,2353.143566,1776288759000
1776288762.514,162.514,0.43,2.0,0.42,206.0,0.44,40.0,0.45,15.0,0.53,40.5,0.52,27.37,0.54,1.98,0.56,5.44,0.01,0.01,2353.46189,1776288761000
1776288762.786,162.786,0.42,218.0,0.41,77.0,0.43,15.0,0.44,35.0,0.56,40.0,0.55,15.0,0.57,2.0,0.58,206.0,0.01,0.01,2353.46189,1776288761000
1776288763.333,163.333,0.42,223.0,0.41,141.5,0.43,9.76,0.44,25.0,0.57,15.0,0.56,35.0,0.58,218.0,0.59,77.0,0.01,0.01,2353.411495,1776288762000
1776288763.823,163.823,0.46,409.34,0.45,29.0,0.52,112.0,0.53,10.0,0.57,6.79,0.56,25.0,0.58,223.0,0.59,141.5,0.06,0.01,2353.411495,1776288762000
1776288764.057,164.057,0.51,119.74,0.5,15.0,0.52,117.0,0.53,10.0,0.48,112.0,0.47,10.0,0.54,409.34,0.55,29.0,0.01,0.06,2353.411495,1776288762000
1776288764.379,164.379,0.51,315.03,0.5,57.34,0.52,102.23,0.53,15.0,0.48,107.23,0.47,15.0,0.49,140.24,0.5,35.9,0.01,0.01,2353.38305,1776288763000
1776288765.338,165.338,0.51,383.3,0.5,58.44,0.54,5.0,0.55,10.0,0.48,102.23,0.47,15.0,0.49,315.03,0.5,57.34,0.03,0.01,2353.31532,1776288764000
1776288766.117,166.117,0.54,26.0,0.53,75.86,0.55,5.92,0.56,14.5,0.44,14.5,0.43,10.0,0.47,15.0,0.48,27.44,0.01,0.03,2353.31532,1776288764000
1776288767.111,167.111,0.56,51.0,0.55,230.0,0.58,12.8,0.59,10.5,0.45,5.92,0.44,14.5,0.46,26.0,0.47,75.86,0.02,0.01,2353.44888,1776288765000
1776288767.606,167.606,0.57,25.0,0.56,46.0,0.59,7.22,0.6,15.0,0.42,1.8,0.41,10.5,0.43,10.0,0.44,51.0,0.02,0.01,2353.5765,1776288766000
1776288769.05,169.05,0.58,29.4,0.57,20.0,0.59,7.22,0.61,21.0,0.41,7.22,0.4,15.0,0.43,25.0,0.44,46.0,0.01,0.02,2353.600325,1776288767000
1776288772.559,172.559,0.58,22.52,0.57,15.0,0.59,32.22,0.6,20.0,0.41,7.22,0.39,21.0,0.42,29.4,0.43,20.0,0.01,0.01,2353.752192,1776288771000
1776288773.41,173.41,0.59,82.0,0.58,233.52,0.61,31.5,0.62,80.0,0.41,32.22,0.4,20.0,0.42,22.52,0.43,15.0,0.02,0.01,2353.753209,1776288772000
1776288773.998,173.998,0.59,52.6,0.58,233.52,0.6,20.5,0.61,46.5,0.39,31.5,0.38,80.0,0.41,82.0,0.42,233.52,0.01,0.02,2353.752098,1776288773000
1776288781.884,181.884,0.58,10.0,0.57,20.0,0.6,463.5,0.61,123.5,0.4,20.5,0.39,46.5,0.41,52.6,0.42,233.52,0.02,0.01,2353.804055,1776288780000
1776288783.375,183.375,0.48,183.07,0.47,41.5,0.49,41.0,0.5,26.0,0.4,463.5,0.39,123.5,0.42,10.0,0.43,20.0,0.01,0.02,2353.80017,1776288782000
1776288785.963,185.963,0.48,193.07,0.47,128.8,0.51,62.44,0.52,36.5,0.51,41.0,0.5,26.0,0.52,183.07,0.53,41.5,0.03,0.01,2353.509948,1776288784000
1776288788.471,188.471,0.48,247.17,0.47,120.99,0.49,6.94,0.5,25.0,0.49,62.44,0.48,36.5,0.52,193.07,0.53,128.8,0.01,0.03,2353.488701,1776288786000
1776288790.14,190.14,0.48,247.17,0.47,53.0,0.55,130.67,0.56,41.0,0.51,6.94,0.5,25.0,0.52,247.17,0.53,120.99,0.07,0.01,2353.481206,1776288788000
1776288790.895,190.895,0.48,262.67,0.47,69.99,0.49,7.2,0.5,15.0,0.45,130.67,0.44,41.0,0.52,247.17,0.53,53.0,0.01,0.07,2353.455078,1776288789000
1776288794.436,194.436,0.42,5.0,0.41,13.0,0.48,145.0,0.49,137.7,0.51,7.2,0.5,15.0,0.52,262.67,0.53,69.99,0.06,0.01,2353.495974,1776288793000
1776288795.048,195.048,0.36,284.5,0.35,94.0,0.37,11.0,0.38,10.0,0.59,10.0,0.58,15.0,0.63,6.73,0.64,55.0,0.01,0.04,2353.495974,1776288793000
1776288795.307,195.307,0.36,281.31,0.35,94.0,0.38,10.0,0.39,10.0,0.62,10.0,0.61,10.0,0.64,284.5,0.65,94.0,0.02,0.02,2353.488611,1776288794000
1776288795.512,195.512,0.37,193.91,0.36,101.31,0.38,10.0,0.39,10.0,0.62,10.0,0.61,10.0,0.64,281.31,0.65,94.0,0.01,0.02,2353.488611,1776288794000
1776288795.84,195.84,0.37,192.1,0.36,101.31,0.38,10.0,0.39,10.0,0.62,10.0,0.61,10.0,0.63,193.91,0.64,101.31,0.01,0.01,2353.488611,1776288794000
1776288796.043,196.043,0.37,212.02,0.36,101.31,0.38,6.05,0.39,10.0,0.62,10.0,0.61,10.0,0.63,187.02,0.64,101.31,0.01,0.01,2353.488611,1776288794000
1776288796.609,196.609,0.37,205.13,0.36,103.31,0.38,11.05,0.39,20.0,0.62,11.05,0.61,10.0,0.63,203.49,0.64,101.31,0.01,0.01,2353.233862,1776288795000
1776288796.89,196.89,0.37,134.94,0.36,288.75,0.38,3.05,0.39,21.0,0.62,11.05,0.61,31.0,0.63,187.57,0.64,118.31,0.01,0.01,2353.233862,1776288795000
1776288798.421,198.421,0.35,94.0,0.34,85.0,0.37,246.5,0.38,49.55,0.62,3.05,0.61,21.0,0.63,134.94,0.64,288.75,0.02,0.01,2353.096241,1776288797000
1776288798.98,198.98,0.34,85.0,0.33,5.0,0.36,255.5,0.37,56.5,0.64,20.5,0.63,116.5,0.65,37.9,0.66,95.5,0.02,0.01,2353.096241,1776288797000
1776288800.026,200.026,0.32,8.3,0.31,10.5,0.33,86.0,0.34,41.5,0.64,255.5,0.63,56.5,0.66,85.0,0.67,5.0,0.01,0.02,2353.096673,1776288798000
1776288801.344,201.344,0.31,15.5,0.3,118.39,0.33,102.0,0.34,216.5,0.67,86.0,0.66,41.5,0.68,8.3,0.69,10.5,0.02,0.01,2353.051697,1776288799000
1776288801.653,201.653,0.31,5.0,0.3,118.39,0.32,66.0,0.33,247.0,0.67,102.0,0.66,216.5,0.69,15.5,0.7,118.39,0.01,0.02,2352.950978,1776288800000
1776288803.444,203.444,0.31,5.0,0.3,30.0,0.32,189.19,0.33,237.5,0.68,66.0,0.67,247.0,0.69,5.0,0.7,118.39,0.01,0.01,2352.845022,1776288802000
1776288803.834,203.834,0.31,3.55,0.3,30.0,0.32,374.19,0.33,57.5,0.68,189.19,0.67,237.5,0.69,5.0,0.7,30.0,0.01,0.01,2352.845022,1776288802000
1776288806.422,206.422,0.31,3.55,0.3,5.0,0.32,390.31,0.33,77.5,0.68,374.19,0.67,57.5,0.69,3.55,0.7,30.0,0.01,0.01,2352.794771,1776288805000
1776288806.882,206.882,0.27,45.0,0.26,20.0,0.28,276.5,0.29,37.0,0.68,390.31,0.67,77.5,0.69,3.55,0.7,5.0,0.01,0.01,2352.794771,1776288805000
1776288809.236,209.236,0.24,62.0,0.23,55.99,0.25,399.0,0.26,51.5,0.72,276.5,0.71,37.0,0.73,45.0,0.74,20.0,0.01,0.01,2352.782747,1776288808000
1776288811.309,211.309,0.22,167.49,0.21,151.0,0.24,189.0,0.25,249.0,0.75,399.0,0.74,51.5,0.76,62.0,0.77,55.99,0.02,0.01,2352.639534,1776288809000
1776288815.197,215.197,0.22,30.0,0.21,161.0,0.23,132.75,0.24,37.5,0.76,189.0,0.75,249.0,0.78,167.49,0.79,151.0,0.01,0.02,2352.624594,1776288813000
1776288815.582,215.582,0.21,75.0,0.2,152.04,0.22,18.59,0.23,65.0,0.77,132.75,0.76,37.5,0.78,30.0,0.79,161.0,0.01,0.01,2352.588864,1776288814000
1776288816.137,216.137,0.16,5.11,0.15,215.5,0.17,20.0,0.18,71.5,0.78,18.59,0.77,65.0,0.79,75.0,0.8,152.04,0.01,0.01,2352.588864,1776288814000
1776288816.519,216.519,0.15,201.05,0.14,76.99,0.16,143.0,0.17,68.0,0.83,20.0,0.82,71.5,0.84,5.11,0.85,215.5,0.01,0.01,2352.588966,1776288815000
1776288816.829,216.829,0.15,192.57,0.14,76.99,0.16,143.0,0.17,68.0,0.84,143.0,0.83,68.0,0.85,198.93,0.86,76.99,0.01,0.01,2352.588966,1776288815000
1776288817.357,217.357,0.15,239.77,0.14,35.0,0.16,53.0,0.17,51.0,0.84,148.0,0.83,68.0,0.85,187.27,0.86,76.99,0.01,0.01,2352.588966,1776288815000
1776288817.778,217.778,0.15,184.27,0.14,5.0,0.16,11.0,0.17,10.0,0.84,53.0,0.83,51.0,0.85,239.77,0.86,35.0,0.01,0.01,2352.445115,1776288816000
1776288818.644,218.644,0.15,172.76,0.14,16.0,0.16,104.75,0.17,15.0,0.84,94.0,0.83,10.0,0.85,376.02,0.86,16.0,0.01,0.01,2352.417233,1776288817000
1776288819.261,219.261,0.15,11.73,0.13,122.12,0.16,127.75,0.17,20.0,0.84,104.75,0.83,20.0,0.85,172.76,0.86,16.0,0.01,0.01,2352.212909,1776288818000
1776288819.546,219.546,0.14,30.0,0.13,65.32,0.16,127.75,0.17,25.0,0.84,127.75,0.83,20.0,0.85,11.73,0.87,122.12,0.02,0.01,2352.212909,1776288818000
1776288819.775,219.775,0.14,8.83,0.13,65.32,0.15,15.0,0.16,177.75,0.84,127.75,0.83,25.0,0.86,10.0,0.87,65.32,0.01,0.02,2352.212909,1776288818000
1776288820.209,220.209,0.13,29.59,0.12,105.09,0.14,15.0,0.15,30.0,0.85,15.0,0.84,177.75,0.87,65.32,0.88,105.09,0.01,0.02,2352.212909,1776288818000
1776288820.53,220.53,0.12,6.68,0.1,10.5,0.13,54.3,0.14,35.5,0.87,3.3,0.86,15.0,0.88,115.59,0.89,30.5,0.01,0.01,2352.212909,1776288818000
1776288820.732,220.732,0.09,25.0,0.08,180.0,0.13,84.8,0.14,41.5,0.87,59.3,0.86,35.5,0.88,0.4,0.91,25.0,0.04,0.01,2352.212909,1776288818000
1776288821.104,221.104,0.08,175.5,0.07,105.3,0.1,15.0,0.12,10.5,0.87,72.1,0.86,36.5,0.91,25.0,0.92,180.0,0.02,0.04,2352.241105,1776288819000
1776288821.633,221.633,0.08,180.58,0.07,116.3,0.09,81.0,0.1,36.0,0.9,15.0,0.88,10.5,0.92,175.5,0.93,105.3,0.01,0.02,2352.241105,1776288819000
1776288822.526,222.526,0.07,267.49,0.06,140.8,0.09,141.0,0.1,25.5,0.91,115.0,0.9,36.0,0.92,157.87,0.93,116.3,0.02,0.01,2351.978538,1776288820000
1776288822.972,222.972,0.07,242.91,0.06,157.8,0.08,127.25,0.09,52.0,0.91,141.0,0.9,25.5,0.93,267.49,0.94,140.8,0.01,0.02,2351.846691,1776288821000
1776288823.296,223.296,0.06,342.56,0.05,245.8,0.07,168.0,0.08,32.25,0.92,127.25,0.91,52.0,0.93,242.91,0.94,157.8,0.01,0.01,2351.846691,1776288821000
1776288823.689,223.689,0.06,320.05,0.05,245.8,0.07,211.56,0.08,157.25,0.93,117.28,0.92,32.25,0.94,449.05,0.95,245.8,0.01,0.01,2351.846691,1776288821000
1776288826.12,226.12,0.06,147.05,0.05,240.8,0.08,35.0,0.09,41.0,0.93,211.56,0.92,157.25,0.94,320.05,0.95,245.8,0.02,0.01,2351.698795,1776288824000
1776288827.091,227.091,0.06,155.76,0.05,240.8,0.07,40.0,0.09,30.0,0.92,35.0,0.91,36.0,0.94,138.86,0.95,240.8,0.01,0.02,2351.651129,1776288825000
1776288827.43,227.43,0.07,9.0,0.06,71.0,0.09,30.0,0.1,10.0,0.91,30.0,0.9,10.0,0.94,76.0,0.95,250.8,0.02,0.03,2351.651129,1776288825000
1776288828.568,228.568,0.07,243.24,0.06,283.0,0.08,10.0,0.09,35.0,0.91,30.0,0.9,10.0,0.93,9.0,0.94,71.0,0.01,0.02,2351.612109,1776288826000
1776288829.145,229.145,0.07,276.1,0.06,5.67,0.08,101.0,0.09,65.95,0.92,10.0,0.91,35.0,0.93,243.24,0.94,283.0,0.01,0.01,2351.6787,1776288827000
1776288829.475,229.475,0.06,34.79,0.05,225.8,0.08,129.5,0.09,70.95,0.92,124.5,0.91,65.95,0.93,174.51,0.94,0.17,0.02,0.01,2351.6787,1776288827000
1776288829.845,229.845,0.05,125.8,0.04,143.8,0.06,15.0,0.07,15.0,0.92,129.5,0.91,70.95,0.94,34.79,0.95,225.8,0.01,0.02,2351.85327,1776288828000
1776288830.189,230.189,0.05,312.27,0.04,244.8,0.06,52.29,0.07,20.0,0.94,12.29,0.93,15.0,0.95,305.8,0.96,143.8,0.01,0.01,2351.85327,1776288828000
1776288831.258,231.258,0.05,303.25,0.04,190.29,0.06,249.29,0.07,170.5,0.94,62.29,0.93,15.0,0.95,301.41,0.96,244.8,0.01,0.01,2351.85909,1776288829000
1776288831.632,231.632,0.05,255.2,0.04,190.29,0.06,226.95,0.07,170.5,0.94,240.8,0.93,170.5,0.95,298.25,0.96,190.29,0.01,0.01,2351.85909,1776288829000
1776288832.311,232.311,0.05,255.2,0.04,84.49,0.06,225.85,0.07,160.5,0.94,226.95,0.93,170.5,0.95,255.2,0.96,190.29,0.01,0.01,2351.547463,1776288830000
1776288833.196,233.196,0.05,255.2,0.04,222.29,0.06,119.76,0.07,155.5,0.94,225.85,0.93,160.5,0.95,255.2,0.96,84.49,0.01,0.01,2351.473928,1776288831000
1776288833.98,233.98,0.05,395.99,0.04,262.8,0.07,110.0,0.08,135.5,0.94,119.76,0.93,155.5,0.95,255.2,0.96,222.29,0.02,0.01,2351.487565,1776288832000
1776288835.01,235.01,0.06,286.3,0.05,241.0,0.08,10.0,0.09,35.45,0.93,110.0,0.92,135.5,0.95,395.99,0.96,262.8,0.02,0.02,2351.443011,1776288833000
1776288835.588,235.588,0.06,413.3,0.05,141.0,0.07,0.25,0.08,10.0,0.93,19.25,0.92,10.0,0.94,286.3,0.95,241.0,0.01,0.01,2351.443011,1776288833000
1776288836.181,236.181,0.06,425.29,0.05,259.0,0.07,1.35,0.09,35.45,0.93,0.25,0.92,10.0,0.94,413.3,0.95,141.0,0.01,0.01,2351.492255,1776288834000
1776288836.497,236.497,0.06,487.9,0.05,349.0,0.07,1.35,0.09,35.45,0.93,1.35,0.91,35.45,0.94,425.29,0.95,259.0,0.01,0.01,2351.492255,1776288834000
1776288837.048,237.048,0.08,71.9,0.07,260.8,0.1,15.5,0.11,35.5,0.91,35.45,0.9,10.5,0.94,486.83,0.95,349.0,0.02,0.03,2351.603423,1776288835000
1776288839.518,239.518,0.09,18.42,0.08,97.89,0.11,30.5,0.12,15.0,0.9,10.5,0.89,40.5,0.91,18.42,0.92,58.9,0.02,0.01,2351.909875,1776288838000
1776288840.649,240.649,0.1,28.59,0.09,224.5,0.11,10.0,0.13,65.1,0.89,30.5,0.88,15.0,0.91,18.42,0.92,97.89,0.01,0.02,2351.909875,1776288838000
1776288840.969,240.969,0.12,16.45,0.11,10.0,0.13,65.1,0.14,35.0,0.89,10.0,0.87,65.1,0.9,34.09,0.91,229.5,0.01,0.01,2351.909875,1776288838000
1776288841.555,241.555,0.12,204.53,0.11,57.49,0.15,5.0,0.16,61.8,0.87,65.1,0.86,30.0,0.88,4.53,0.89,10.0,0.03,0.01,2351.929085,1776288839000
1776288842.028,242.028,0.12,209.53,0.11,57.99,0.14,10.0,0.15,20.0,0.85,25.0,0.84,66.8,0.87,3.44,0.88,204.53,0.02,0.02,2351.929085,1776288839000
1776288842.647,242.647,0.12,203.53,0.11,89.78,0.14,10.2,0.15,25.0,0.86,10.2,0.85,20.0,0.88,208.39,0.89,89.78,0.02,0.02,2351.981255,1776288840000
1776288842.942,242.942,0.12,186.1,0.11,99.78,0.13,10.0,0.14,10.2,0.86,10.2,0.85,25.0,0.88,203.53,0.89,89.78,0.01,0.02,2351.981255,1776288840000
1776288845.676,245.676,0.12,28.41,0.11,229.79,0.13,20.0,0.14,10.2,0.87,10.0,0.86,10.2,0.88,105.12,0.89,99.78,0.01,0.01,2352.160406,1776288843000
1776288848.337,248.337,0.11,217.45,0.1,50.0,0.12,10.0,0.13,13.0,0.87,8.0,0.86,10.2,0.88,28.41,0.89,229.79,0.01,0.01,2352.27297,1776288846000
1776288848.908,248.908,0.11,185.66,0.1,50.0,0.12,6.66,0.13,28.68,0.88,10.0,0.87,13.0,0.89,217.45,0.9,50.0,0.01,0.01,2352.262275,1776288847000
1776288850.01,250.01,0.11,146.95,0.1,50.0,0.12,36.06,0.13,28.34,0.87,28.34,0.86,25.2,0.89,185.66,0.9,50.0,0.01,0.02,2352.253075,1776288848000
1776288851.729,251.729,0.09,54.0,0.08,101.89,0.11,24.09,0.12,45.0,0.88,36.06,0.87,28.34,0.89,146.95,0.9,50.0,0.02,0.01,2352.26289,1776288850000
1776288852.603,252.603,0.09,53.51,0.08,280.89,0.1,10.0,0.11,24.09,0.89,24.09,0.88,45.0,0.91,54.0,0.92,101.89,0.01,0.02,2352.2481,1776288851000
1776288853.877,253.877,0.09,36.57,0.08,268.9,0.1,15.0,0.11,24.09,0.9,10.0,0.89,24.09,0.91,53.51,0.92,280.89,0.01,0.01,2352.182121,1776288852000
1776288855.074,255.074,0.09,179.01,0.08,88.9,0.1,10.0,0.11,59.92,0.9,15.0,0.89,24.09,0.91,36.57,0.92,268.9,0.01,0.01,2352.182121,1776288853000
1776288856.222,256.222,0.09,184.01,0.08,83.9,0.11,59.92,0.12,50.0,0.9,10.0,0.89,59.92,0.91,179.01,0.92,83.9,0.02,0.01,2352.17263,1776288854000
1776288856.685,256.685,0.09,164.01,0.08,83.9,0.11,74.92,0.12,45.0,0.89,59.92,0.88,50.0,0.91,184.01,0.92,83.9,0.02,0.02,2352.177409,1776288855000
1776288856.9,256.9,0.09,162.82,0.08,83.9,0.1,5.0,0.11,69.92,0.9,15.0,0.89,69.92,0.91,167.82,0.92,83.9,0.01,0.01,2352.177409,1776288855000
1776288857.491,257.491,0.09,106.82,0.08,35.0,0.1,65.87,0.11,19.09,0.9,5.0,0.89,69.92,0.91,162.82,0.92,83.9,0.01,0.01,2352.177409,1776288856000
1776288858.365,258.365,0.08,220.0,0.07,115.3,0.1,108.1,0.11,19.09,0.9,65.87,0.89,19.09,0.91,106.82,0.92,35.0,0.02,0.01,2352.177409,1776288856000
1776288858.568,258.568,0.08,212.82,0.07,120.3,0.09,5.0,0.1,123.1,0.9,108.1,0.89,19.09,0.92,220.0,0.93,115.3,0.01,0.02,2352.196,1776288857000
1776288858.816,258.816,0.08,212.82,0.07,120.3,0.1,128.1,0.11,14.09,0.91,5.0,0.9,123.1,0.92,212.82,0.93,120.3,0.02,0.01,2352.196,1776288857000
1776288859.616,259.616,0.08,211.35,0.07,115.3,0.09,15.0,0.1,123.1,0.9,128.1,0.89,14.09,0.92,212.82,0.93,120.3,0.01,0.02,2352.1985,1776288858000
1776288860.411,260.411,0.08,159.0,0.07,115.3,0.09,25.0,0.1,123.1,0.91,25.0,0.9,123.1,0.92,205.91,0.93,115.3,0.01,0.01,2352.23654,1776288859000
1776288861.637,261.637,0.07,290.3,0.06,81.34,0.08,10.0,0.09,162.58,0.91,25.0,0.9,123.1,0.92,159.0,0.93,115.3,0.01,0.01,2352.218755,1776288860000
1776288862.08,262.08,0.07,284.54,0.06,86.34,0.08,10.0,0.09,160.35,0.91,160.35,0.9,32.0,0.93,295.3,0.94,81.34,0.01,0.02,2352.218755,1776288860000
1776288862.422,262.422,0.07,242.51,0.06,81.34,0.08,98.3,0.09,37.55,0.92,10.0,0.91,160.35,0.93,284.54,0.94,86.34,0.01,0.01,2352.197835,1776288861000
1776288864.749,264.749,0.07,3.92,0.06,81.34,0.08,118.3,0.09,37.55,0.92,98.3,0.91,37.55,0.93,242.51,0.94,81.34,0.01,0.01,2352.197125,1776288863000
1776288865.328,265.328,0.06,74.58,0.05,145.99,0.08,118.3,0.09,37.55,0.92,118.3,0.91,37.55,0.93,3.92,0.94,81.34,0.02,0.01,2352.193885,1776288864000
1776288865.901,265.901,0.04,123.87,0.03,333.19,0.06,20.0,0.07,40.0,0.92,118.3,0.91,37.55,0.94,63.94,0.95,145.99,0.02,0.02,2352.193885,1776288864000
1776288866.108,266.108,0.04,108.87,0.03,118.0,0.05,395.0,0.06,195.0,0.94,20.0,0.93,40.0,0.96,123.87,0.97,333.19,0.01,0.02,2352.193885,1776288864000
1776288866.317,266.317,0.03,73.4,0.02,278.0,0.04,15.0,0.05,110.0,0.96,10.0,0.95,165.0,0.97,93.4,0.98,278.0,0.01,0.01,2352.19456,1776288865000
1776288866.558,266.558,0.03,33.48,0.02,278.0,0.04,56.25,0.05,102.0,0.96,15.0,0.95,110.0,0.97,63.08,0.98,278.0,0.01,0.01,2352.19456,1776288865000
1776288866.934,266.934,0.02,260.51,0.01,2118.0,0.03,10.0,0.04,20.0,0.95,47.0,0.94,292.02,0.98,270.71,0.99,2118.0,0.01,0.03,2352.19456,1776288865000
1776288867.194,267.194,0.02,265.51,0.01,2218.0,0.03,20.83,0.04,25.0,0.97,10.0,0.96,20.0,0.98,260.51,0.99,2118.0,0.01,0.01,2352.19456,1776288865000
1776288867.424,267.424,0.02,259.48,0.01,2218.0,0.03,19.71,0.04,25.0,0.97,19.71,0.96,25.0,0.98,265.51,0.99,2218.0,0.01,0.01,2352.19461,1776288866000
1776288867.709,267.709,0.02,166.9,0.01,2218.0,0.03,19.71,0.04,32.0,0.97,19.71,0.96,25.0,0.98,217.4,0.99,2218.0,0.01,0.01,2352.19461,1776288866000
1776288868.244,268.244,0.02,149.82,0.01,2118.0,0.03,24.71,0.04,32.0,0.97,19.71,0.96,32.0,0.98,166.9,0.99,2218.0,0.01,0.01,2352.136731,1776288867000
1776288868.947,268.947,0.02,89.61,0.01,2118.0,0.03,29.71,0.04,37.0,0.97,24.71,0.96,32.0,0.98,149.82,0.99,2118.0,0.01,0.01,2352.136731,1776288867000
1776288869.529,269.529,0.02,61.12,0.01,1918.0,0.03,29.71,0.04,130.7,0.97,29.71,0.96,37.0,0.98,69.2,0.99,2118.0,0.01,0.01,2351.204178,1776288868000
1776288869.777,269.777,0.01,1743.59,,,0.03,353.41,0.04,125.7,0.97,29.71,0.96,130.7,0.98,51.2,0.99,1918.0,0.02,0.01,2351.204178,1776288868000
1776288870.127,270.127,0.02,4.44,0.01,1743.59,0.03,343.41,0.04,125.7,0.97,353.41,0.96,125.7,0.99,1743.59,,,0.01,0.02,2351.204178,1776288868000
1776288870.408,270.408,0.01,1743.59,,,0.02,85.44,0.03,346.41,0.98,75.44,0.97,353.41,0.99,1743.59,,,0.01,0.01,2351.156221,1776288869000
1776288870.761,270.761,0.01,1728.59,,,0.02,62.83,0.03,346.41,0.98,62.83,0.97,346.41,0.99,1743.59,,,0.01,0.01,2351.156221,1776288869000
1776288871.211,271.211,0.01,1556.58,,,0.02,246.53,0.03,346.41,0.98,246.53,0.97,346.41,0.99,1627.58,,,0.01,0.01,2351.156221,1776288869000
1776288871.599,271.599,0.01,1555.56,,,0.02,426.53,0.03,166.41,0.98,246.53,0.97,346.41,0.99,1556.58,,,0.01,0.01,2351.049184,1776288870000
1776288871.841,271.841,0.01,1500.06,,,0.02,433.53,0.03,166.41,0.98,438.53,0.97,166.41,0.99,1550.56,,,0.01,0.01,2351.049184,1776288870000
1776288872.197,272.197,0.01,1424.31,,,0.02,433.53,0.03,166.41,0.98,433.53,0.97,166.41,0.99,1500.06,,,0.01,0.01,2351.009501,1776288871000
1776288872.447,272.447,0.01,1257.14,,,0.02,438.53,0.03,166.41,0.98,433.53,0.97,166.41,0.99,1403.14,,,0.01,0.01,2351.009501,1776288871000
1776288872.798,272.798,0.01,1089.1,,,0.02,433.53,0.03,166.41,0.98,438.53,0.97,166.41,0.99,1090.12,,,0.01,0.01,2351.009501,1776288871000
1776288873.271,273.271,0.01,1068.1,,,0.02,433.53,0.03,166.41,0.98,433.53,0.97,166.41,0.99,1089.1,,,0.01,0.01,2351.009501,1776288871000
1776288873.477,273.477,0.01,1057.99,,,0.02,433.53,0.03,166.41,0.98,433.53,0.97,166.41,0.99,1068.1,,,0.01,0.01,2350.954955,1776288872000
1776288874.303,274.303,0.01,1047.93,,,0.02,458.72,0.03,166.41,0.98,433.53,0.97,166.41,0.99,1057.99,,,0.01,0.01,2350.954572,1776288873000
1776288874.535,274.535,,,,,0.01,1507.07,0.02,453.72,0.98,453.72,0.97,166.41,0.99,1017.93,,,,0.01,2350.954572,1776288873000
1776288874.845,274.845,,,,,0.01,1509.07,0.02,441.72,0.99,1507.07,0.98,453.72,,,,,,,2350.954572,1776288873000
1776288876.031,276.031,,,,,0.01,1529.6,0.02,258.02,0.99,1502.96,0.98,441.72,,,,,,,2351.010195,1776288874000
1776288877.982,277.982,,,,,0.01,2658.16,0.02,78.02,0.99,1528.16,0.98,258.02,,,,,,,2350.907271,1776288876000
1776288879.429,279.429,,,,,0.01,2680.2,0.02,78.02,0.99,2658.16,0.98,78.02,,,,,,,2350.92956,1776288878000
1776288894.815,294.815,,,,,0.01,8196.29,0.02,68.02,0.99,2680.2,0.98,78.02,,,,,,,2350.717734,1776288893000
1776288895.161,295.161,,,,,0.01,8271.29,0.02,68.02,0.99,8196.29,0.98,68.02,,,,,,,2350.715994,1776288894000
1776288898.576,298.576,,,,,0.01,9465.43,0.02,68.02,0.99,8271.29,0.98,68.02,,,,,,,2350.927235,1776288897000
1776288898.99,298.99,,,,,0.01,14129.97,0.02,68.02,0.99,9465.43,0.98,68.02,,,,,,,2350.927235,1776288897000

# RESULT,winner=Down,slug=eth-updown-5m-1776288600,ticks=280
