timestamp,elapsed_sec,up_bid_p1,up_bid_s1,up_bid_p2,up_bid_s2,up_ask_p1,up_ask_s1,up_ask_p2,up_ask_s2,down_bid_p1,down_bid_s1,down_bid_p2,down_bid_s2,down_ask_p1,down_ask_s1,down_ask_p2,down_ask_s2,up_spread,down_spread,eth_price,eth_oracle_ts
1776370500.529,0.529,0.48,6.6,0.46,148.12,0.5,5.0,0.51,116.34,0.5,5.0,0.49,46.34,0.52,11.6,0.54,148.12,0.02,0.02,2359.576039,1776370499000
1776370500.848,0.848,0.46,144.72,0.45,8.88,0.5,215.0,0.51,46.34,0.5,145.0,0.49,46.34,0.52,1.6,0.54,148.12,0.04,0.02,2359.576039,1776370499000
1776370501.747,1.747,0.47,40.0,0.45,8.88,0.49,165.95,0.5,228.0,0.5,215.0,0.49,46.34,0.54,144.72,0.55,8.88,0.02,0.04,2359.525688,1776370500000
1776370502.236,2.236,0.47,36.77,0.45,8.88,0.49,165.95,0.5,158.0,0.51,165.95,0.5,228.0,0.53,40.0,0.55,8.88,0.02,0.02,2359.485686,1776370501000
1776370502.552,2.552,0.47,31.44,0.45,8.88,0.49,124.95,0.5,158.0,0.51,158.95,0.5,158.0,0.53,33.48,0.55,8.88,0.02,0.02,2359.485686,1776370501000
1776370503.218,3.218,0.47,23.6,0.45,8.88,0.48,31.0,0.49,87.95,0.51,124.95,0.5,158.0,0.53,28.6,0.55,8.88,0.01,0.02,2359.17159,1776370502000
1776370504.423,4.423,0.45,8.88,0.44,5.0,0.48,43.0,0.49,23.0,0.52,10.0,0.51,33.0,0.53,7.24,0.54,5.0,0.03,0.01,2359.093402,1776370503000
1776370504.686,4.686,0.45,3.88,0.44,5.0,0.46,22.0,0.47,28.0,0.52,43.0,0.51,23.0,0.55,8.88,0.56,5.0,0.01,0.03,2359.093402,1776370503000
1776370505.227,5.227,0.45,3.88,0.44,5.0,0.46,25.0,0.47,23.0,0.54,22.0,0.53,28.0,0.55,3.88,0.56,5.0,0.01,0.01,2359.093402,1776370503000
1776370505.434,5.434,0.45,3.88,0.44,5.0,0.46,19.13,0.47,23.0,0.54,25.0,0.53,23.0,0.55,3.88,0.56,5.0,0.01,0.01,2359.226519,1776370504000
1776370505.904,5.904,0.49,10.0,0.48,85.0,0.5,10.0,0.51,86.34,0.54,19.13,0.53,23.0,0.55,3.88,0.56,5.0,0.01,0.01,2359.226519,1776370504000
1776370506.198,6.198,0.56,10.0,0.55,10.0,0.57,6.93,0.58,14.0,0.43,6.93,0.41,80.0,0.45,10.0,0.46,10.0,0.01,0.02,2359.226519,1776370504000
1776370506.561,6.561,0.57,5.0,0.56,10.0,0.58,31.89,0.59,93.0,0.42,10.89,0.41,93.0,0.44,10.0,0.45,4.0,0.01,0.02,2359.264366,1776370505000
1776370507.62,7.62,0.61,7.43,0.6,10.0,0.62,14.0,0.63,54.86,0.42,31.89,0.41,93.0,0.43,2.2,0.44,15.0,0.01,0.01,2359.197367,1776370506000
1776370507.84,7.84,0.6,3.06,0.59,15.0,0.62,19.0,0.63,137.09,0.38,14.0,0.37,54.86,0.39,7.43,0.4,10.0,0.02,0.01,2359.197367,1776370506000
1776370508.748,8.748,0.61,20.0,0.6,3.06,0.62,98.84,0.63,237.09,0.38,6.84,0.37,137.09,0.39,10.0,0.4,3.06,0.01,0.01,2359.961487,1776370507000
1776370511.426,11.426,0.57,100.0,0.56,45.0,0.58,50.5,0.59,33.0,0.38,98.84,0.37,237.09,0.39,20.0,0.4,3.06,0.01,0.01,2360.422845,1776370510000
1776370512.307,12.307,0.56,220.7,0.55,214.0,0.57,5.5,0.58,14.5,0.42,53.88,0.41,33.0,0.43,100.0,0.44,45.0,0.01,0.01,2360.422845,1776370510000
1776370512.549,12.549,0.57,209.7,0.56,201.5,0.58,4.4,0.59,10.5,0.42,9.4,0.4,10.0,0.43,140.0,0.44,212.5,0.01,0.01,2360.422845,1776370510000
1776370513.075,13.075,0.62,199.7,0.61,180.0,0.63,11.86,0.64,13.0,0.37,59.86,0.36,13.0,0.43,301.5,0.44,246.5,0.01,0.06,2360.422845,1776370510000
1776370513.303,13.303,0.62,200.5,0.61,205.0,0.65,69.0,0.66,34.5,0.37,11.86,0.36,13.0,0.38,199.7,0.39,180.0,0.03,0.01,2360.24774,1776370511000
1776370514.029,14.029,0.66,160.5,0.65,201.5,0.67,49.0,0.68,139.5,0.35,69.0,0.34,34.5,0.36,4.74,0.37,125.5,0.01,0.01,2360.184937,1776370512000
1776370514.871,14.871,0.66,10.0,0.65,55.5,0.67,14.56,0.68,222.5,0.33,4.0,0.32,139.5,0.34,160.5,0.35,241.5,0.01,0.01,2360.268732,1776370513000
1776370515.16,15.16,0.66,11.5,0.65,55.5,0.67,69.85,0.68,174.5,0.33,35.56,0.32,192.5,0.34,11.5,0.35,45.0,0.01,0.01,2360.268732,1776370513000
1776370515.482,15.482,0.66,10.97,0.65,65.5,0.67,62.85,0.68,184.5,0.33,64.85,0.32,174.5,0.34,1.97,0.35,55.5,0.01,0.01,2360.667278,1776370514000
1776370515.954,15.954,0.65,60.14,0.64,20.5,0.67,157.94,0.68,184.5,0.33,61.07,0.32,184.5,0.34,2.64,0.35,55.0,0.02,0.01,2360.667278,1776370514000
1776370516.393,16.393,0.66,10.0,0.65,49.64,0.67,132.11,0.68,184.5,0.33,184.61,0.32,184.5,0.34,10.0,0.35,49.64,0.01,0.01,2361.051377,1776370515000
1776370517.263,17.263,0.66,7.05,0.65,49.64,0.67,127.11,0.68,184.5,0.33,127.11,0.32,184.5,0.34,10.0,0.35,49.64,0.01,0.01,2361.051377,1776370515000
1776370517.865,17.865,0.65,46.69,0.64,20.0,0.66,40.5,0.67,114.04,0.33,127.11,0.32,184.5,0.35,46.69,0.36,20.0,0.01,0.02,2360.891959,1776370516000
1776370518.564,18.564,0.65,26.69,0.64,25.0,0.66,22.17,0.67,107.37,0.34,40.5,0.33,114.04,0.35,46.69,0.36,20.0,0.01,0.01,2360.872728,1776370517000
1776370519.463,19.463,0.65,77.19,0.64,50.5,0.66,15.67,0.67,91.87,0.34,22.17,0.33,107.37,0.35,26.69,0.36,25.0,0.01,0.01,2360.79319,1776370518000
1776370520.501,20.501,0.65,16.69,0.64,50.5,0.66,8.27,0.67,118.37,0.34,15.67,0.33,91.87,0.35,77.19,0.36,50.5,0.01,0.01,2360.79319,1776370518000
1776370520.931,20.931,0.65,20.69,0.64,60.5,0.67,80.7,0.68,184.5,0.34,2.27,0.33,118.37,0.35,16.69,0.36,50.5,0.02,0.01,2360.789301,1776370519000
1776370521.2,21.2,0.66,15.0,0.65,30.69,0.67,55.7,0.68,184.5,0.33,80.7,0.32,184.5,0.35,20.69,0.36,60.5,0.01,0.02,2360.789301,1776370519000
1776370522.156,22.156,0.65,5.0,0.64,10.0,0.66,99.27,0.67,130.7,0.33,55.7,0.32,184.5,0.34,15.0,0.35,30.69,0.01,0.01,2360.790765,1776370520000
1776370522.573,22.573,0.65,31.06,0.64,35.5,0.66,5.0,0.67,100.2,0.34,33.77,0.33,100.2,0.35,20.5,0.36,30.5,0.01,0.01,2360.790765,1776370520000
1776370522.828,22.828,0.65,10.08,0.64,45.5,0.66,3.18,0.67,110.2,0.34,3.18,0.33,100.2,0.35,31.06,0.36,35.5,0.01,0.01,2360.790765,1776370520000
1776370523.318,23.318,0.65,15.08,0.64,45.5,0.66,57.98,0.67,61.0,0.34,3.18,0.33,110.2,0.35,10.08,0.36,45.5,0.01,0.01,2360.789631,1776370521000
1776370523.657,23.657,0.64,45.5,0.63,41.0,0.66,31.98,0.67,61.0,0.34,31.98,0.33,61.0,0.35,6.5,0.36,45.5,0.02,0.01,2360.791593,1776370522000
1776370525.799,25.799,0.63,12.52,0.61,25.0,0.64,55.0,0.65,45.0,0.34,31.98,0.33,61.0,0.36,45.5,0.37,41.0,0.01,0.02,2360.730749,1776370523000
1776370526.05,26.05,0.63,7.52,0.61,25.0,0.64,44.0,0.65,143.98,0.36,35.0,0.35,143.98,0.37,7.52,0.39,25.0,0.01,0.01,2360.68146,1776370525000
1776370526.398,26.398,0.6,110.0,0.59,115.0,0.64,44.0,0.65,143.98,0.36,44.0,0.35,143.98,0.37,7.52,0.39,25.0,0.04,0.01,2360.68146,1776370525000
1776370526.636,26.636,0.6,160.5,0.59,105.0,0.61,8.36,0.62,15.0,0.36,44.0,0.35,143.98,0.4,110.0,0.41,115.0,0.01,0.04,2360.68146,1776370525000
1776370527.23,27.23,0.61,5.0,0.6,100.5,0.62,10.0,0.63,93.0,0.39,8.36,0.38,15.0,0.4,160.5,0.41,105.0,0.01,0.01,2360.592581,1776370526000
1776370527.47,27.47,0.6,74.38,0.59,120.0,0.62,10.0,0.63,98.0,0.38,10.0,0.37,93.0,0.39,0.84,0.4,100.5,0.02,0.01,2360.592581,1776370526000
1776370528.253,28.253,0.61,7.68,0.6,84.38,0.62,42.0,0.63,133.0,0.38,10.0,0.37,98.0,0.4,74.38,0.41,120.0,0.01,0.02,2360.443186,1776370527000
1776370528.765,28.765,0.61,18.18,0.6,89.38,0.63,102.0,0.64,135.0,0.38,17.0,0.37,133.0,0.39,7.68,0.4,84.38,0.02,0.01,2360.443186,1776370527000
1776370529.084,29.084,0.62,15.5,0.61,20.48,0.63,102.0,0.64,140.0,0.37,102.0,0.36,135.0,0.39,10.48,0.4,89.38,0.01,0.02,2360.443186,1776370527000
1776370529.305,29.305,0.62,16.1,0.61,20.48,0.63,97.0,0.64,140.0,0.37,102.0,0.36,140.0,0.38,15.5,0.39,20.48,0.01,0.01,2360.368674,1776370528000
1776370530.56,30.56,0.62,8.0,0.61,20.5,0.63,152.6,0.64,134.5,0.37,97.0,0.36,140.0,0.38,16.1,0.39,20.48,0.01,0.01,2360.4164,1776370529000
1776370531.021,31.021,0.6,55.5,0.59,155.5,0.63,152.6,0.64,159.5,0.37,152.6,0.36,134.5,0.38,8.0,0.39,20.5,0.03,0.01,2360.4164,1776370529000
1776370531.505,31.505,0.62,6.57,0.61,131.5,0.63,70.0,0.64,111.0,0.37,152.6,0.36,159.5,0.4,55.5,0.41,155.5,0.01,0.03,2360.41556,1776370530000
1776370531.876,31.876,0.62,8.41,0.61,166.5,0.63,64.0,0.64,111.0,0.37,64.0,0.36,111.0,0.38,8.41,0.39,136.5,0.01,0.01,2360.41556,1776370530000
1776370534.225,34.225,0.62,96.91,0.61,166.5,0.63,53.0,0.64,126.5,0.37,59.0,0.36,111.0,0.38,8.41,0.39,166.5,0.01,0.01,2360.48192,1776370533000
1776370536.615,36.615,0.62,76.91,0.61,160.5,0.63,38.11,0.64,46.0,0.37,53.0,0.36,126.5,0.38,96.91,0.39,166.5,0.01,0.01,2360.467772,1776370535000
1776370536.893,36.893,0.62,81.91,0.61,160.5,0.63,32.11,0.64,41.0,0.37,38.11,0.36,46.0,0.38,76.91,0.39,160.5,0.01,0.01,2360.467772,1776370535000
1776370537.14,37.14,0.62,81.91,0.61,191.5,0.63,26.11,0.64,41.0,0.37,32.11,0.36,41.0,0.38,81.91,0.39,160.5,0.01,0.01,2360.47788,1776370536000
1776370537.688,37.688,0.62,193.91,0.61,185.5,0.63,22.93,0.64,41.0,0.37,26.11,0.36,41.0,0.38,71.91,0.39,166.5,0.01,0.01,2360.47788,1776370536000
1776370537.99,37.99,0.62,287.91,0.61,281.96,0.64,41.0,0.65,5.0,0.37,21.34,0.36,41.0,0.38,193.91,0.39,185.5,0.02,0.01,2360.470506,1776370537000
1776370539.755,39.755,0.65,347.55,0.64,240.49,0.66,3.18,0.67,10.0,0.34,20.0,0.33,10.0,0.35,168.55,0.36,155.5,0.01,0.01,2360.552916,1776370538000
1776370541.867,41.867,0.68,262.25,0.67,231.5,0.69,110.0,0.7,66.0,0.33,10.0,0.32,120.0,0.34,130.5,0.35,259.55,0.01,0.01,2360.84598,1776370540000
1776370542.604,42.604,0.69,199.5,0.68,245.25,0.7,66.0,0.71,35.0,0.31,110.0,0.3,66.0,0.32,262.25,0.33,231.5,0.01,0.01,2361.158746,1776370541000
1776370543.528,43.528,0.69,15.0,0.68,269.25,0.7,60.5,0.71,51.5,0.3,66.0,0.29,35.0,0.31,199.5,0.32,245.25,0.01,0.01,2361.211053,1776370542000
1776370544.709,44.709,0.69,53.4,0.68,294.25,0.7,50.0,0.71,51.5,0.3,60.5,0.29,51.5,0.31,15.0,0.32,269.25,0.01,0.01,2361.31185,1776370543000
1776370545.258,45.258,0.7,19.0,0.69,20.4,0.71,51.5,0.72,65.5,0.3,50.0,0.29,51.5,0.31,53.4,0.32,294.25,0.01,0.01,2361.327255,1776370544000
1776370546.887,46.887,0.69,13.9,0.68,289.25,0.71,100.5,0.72,65.5,0.29,51.5,0.28,65.5,0.3,19.0,0.31,20.4,0.02,0.01,2361.28136,1776370545000
1776370547.541,47.541,0.69,49.67,0.68,219.25,0.7,16.5,0.71,72.5,0.29,100.5,0.28,65.5,0.31,13.9,0.32,289.25,0.01,0.02,2361.23724,1776370546000
1776370547.885,47.885,0.69,37.67,0.68,214.25,0.7,53.5,0.71,72.5,0.3,11.5,0.29,72.5,0.31,26.67,0.32,219.25,0.01,0.01,2361.23724,1776370546000
1776370549.436,49.436,0.69,44.21,0.68,214.25,0.7,10.5,0.71,56.5,0.3,16.5,0.29,67.5,0.31,35.67,0.32,214.25,0.01,0.01,2361.176833,1776370548000
1776370550.318,50.318,0.69,34.21,0.68,214.25,0.7,5.5,0.71,56.5,0.3,10.5,0.29,56.5,0.31,44.21,0.32,214.25,0.01,0.01,2361.114413,1776370549000
1776370550.628,50.628,0.69,22.21,0.68,214.25,0.7,5.5,0.71,56.5,0.3,5.5,0.29,56.5,0.31,34.21,0.32,214.25,0.01,0.01,2361.114413,1776370549000
1776370551.229,51.229,0.68,28.75,0.67,76.0,0.7,59.5,0.71,88.5,0.3,5.5,0.29,56.5,0.31,22.21,0.32,214.25,0.02,0.01,2361.10175,1776370550000
1776370553.002,53.002,0.68,52.75,0.67,86.5,0.69,12.88,0.7,31.5,0.3,59.5,0.29,88.5,0.32,28.75,0.33,76.0,0.01,0.02,2361.090575,1776370551000
1776370553.337,53.337,0.68,40.75,0.67,86.5,0.69,12.88,0.7,31.5,0.31,12.88,0.3,31.5,0.32,52.75,0.33,86.5,0.01,0.01,2361.059437,1776370552000
1776370555.73,55.73,0.68,50.75,0.67,86.5,0.69,7.88,0.7,31.5,0.31,12.88,0.3,31.5,0.32,40.75,0.33,86.5,0.01,0.01,2361.033066,1776370554000
1776370555.931,55.931,0.68,35.12,0.67,86.5,0.69,7.88,0.7,31.5,0.31,7.88,0.3,31.5,0.32,50.75,0.33,86.5,0.01,0.01,2361.033066,1776370554000
1776370557.76,57.76,0.68,16.12,0.67,86.5,0.69,11.88,0.7,26.5,0.31,7.88,0.3,31.5,0.32,23.12,0.33,86.5,0.01,0.01,2361.100797,1776370556000
1776370557.979,57.979,0.68,28.49,0.67,156.5,0.69,11.88,0.7,26.5,0.31,11.88,0.3,26.5,0.32,16.12,0.33,86.5,0.01,0.01,2361.04498,1776370557000
1776370558.442,58.442,0.68,17.99,0.67,156.5,0.69,6.88,0.7,26.5,0.31,11.88,0.3,26.5,0.32,28.49,0.33,156.5,0.01,0.01,2361.04498,1776370557000
1776370558.764,58.764,0.68,5.99,0.67,156.5,0.69,6.88,0.7,26.5,0.31,6.88,0.3,26.5,0.32,17.99,0.33,156.5,0.01,0.01,2361.04498,1776370557000
1776370560.323,60.323,0.68,16.49,0.67,156.5,0.7,14.06,0.71,76.5,0.31,6.88,0.3,26.5,0.32,5.99,0.33,156.5,0.02,0.01,2361.05069,1776370558000
1776370561.143,61.143,0.7,64.0,0.69,35.0,0.71,10.93,0.72,111.39,0.3,3.91,0.29,51.5,0.31,20.0,0.32,16.49,0.01,0.01,2361.04874,1776370560000
1776370561.586,61.586,0.7,64.0,0.69,35.0,0.71,28.26,0.72,111.39,0.29,10.93,0.28,111.39,0.3,64.0,0.31,35.0,0.01,0.01,2361.04874,1776370560000
1776370562.217,62.217,0.7,64.0,0.69,35.0,0.71,26.85,0.72,111.39,0.29,28.26,0.28,111.39,0.3,64.0,0.31,35.0,0.01,0.01,2361.055555,1776370561000
1776370564.205,64.205,0.66,25.0,0.65,55.0,0.71,167.5,0.72,231.39,0.29,26.85,0.28,111.39,0.3,64.0,0.31,35.0,0.05,0.01,2361.075916,1776370563000
1776370564.95,64.95,0.66,166.5,0.65,25.5,0.67,3.5,0.68,16.0,0.29,167.5,0.28,231.39,0.34,25.0,0.35,55.0,0.01,0.05,2361.075916,1776370563000
1776370565.985,65.985,0.75,63.15,0.74,26.0,0.76,33.5,0.77,41.0,0.33,3.5,0.32,16.0,0.34,166.5,0.35,25.5,0.01,0.01,2361.0461,1776370564000
1776370566.498,66.498,0.75,63.15,0.74,26.0,0.76,30.86,0.77,41.0,0.24,33.5,0.23,41.0,0.25,63.15,0.26,26.0,0.01,0.01,2360.959014,1776370565000
1776370566.725,66.725,0.73,2.89,0.72,141.5,0.76,30.86,0.77,41.0,0.24,30.86,0.23,41.0,0.25,63.15,0.26,26.0,0.03,0.01,2360.959014,1776370565000
1776370567.197,67.197,0.75,154.0,0.74,125.0,0.76,30.01,0.77,97.64,0.24,30.86,0.23,41.0,0.27,2.89,0.28,141.5,0.01,0.03,2361.277045,1776370566000
1776370567.478,67.478,0.75,149.88,0.74,125.0,0.76,21.61,0.77,97.64,0.24,21.61,0.23,97.64,0.25,154.0,0.26,125.0,0.01,0.01,2361.277045,1776370566000
1776370569.118,69.118,0.75,51.88,0.74,25.0,0.76,63.33,0.77,92.64,0.24,21.61,0.23,97.64,0.25,149.88,0.26,125.0,0.01,0.01,2361.52489,1776370568000
1776370574.135,74.135,0.75,51.88,0.74,26.0,0.76,44.73,0.77,48.0,0.24,63.33,0.23,92.64,0.25,51.88,0.26,25.0,0.01,0.01,2361.520747,1776370573000
1776370574.339,74.339,0.75,51.88,0.74,26.0,0.76,14.43,0.77,58.0,0.24,40.73,0.23,48.0,0.25,51.88,0.26,26.0,0.01,0.01,2361.520747,1776370573000
1776370574.754,74.754,0.74,5.0,0.73,20.0,0.75,169.5,0.76,68.0,0.24,14.43,0.23,58.0,0.25,51.88,0.26,26.0,0.01,0.01,2361.520747,1776370573000
1776370574.98,74.98,0.72,6.42,0.71,15.0,0.73,6.0,0.74,65.0,0.25,131.43,0.24,30.0,0.28,10.0,0.29,10.0,0.01,0.03,2361.520747,1776370573000
1776370576.152,76.152,0.72,1.06,0.71,15.0,0.73,101.29,0.74,72.5,0.27,67.5,0.26,82.5,0.28,1.06,0.29,15.0,0.01,0.01,2361.485802,1776370575000
1776370577.408,77.408,0.71,4.0,0.7,53.57,0.72,67.0,0.73,169.8,0.27,101.29,0.26,72.5,0.28,1.06,0.29,15.0,0.01,0.01,2361.242454,1776370576000
1776370578.084,78.084,0.71,1.0,0.7,43.57,0.72,5.5,0.73,148.8,0.28,53.0,0.27,169.8,0.29,1.0,0.3,53.57,0.01,0.01,2361.242454,1776370576000
1776370578.33,78.33,0.71,4.0,0.7,48.57,0.72,60.99,0.73,210.5,0.28,5.5,0.27,218.8,0.29,1.0,0.3,43.57,0.01,0.01,2361.242454,1776370576000
1776370579.812,79.812,0.7,45.9,0.69,41.5,0.72,95.0,0.73,200.5,0.28,60.99,0.27,210.5,0.29,4.0,0.3,48.57,0.02,0.01,2361.18123,1776370578000
1776370580.41,80.41,0.7,16.57,0.69,10.0,0.71,308.47,0.72,57.0,0.28,95.0,0.27,200.5,0.3,45.9,0.31,41.5,0.01,0.02,2361.096139,1776370579000
1776370581.051,81.051,0.59,240.0,0.58,71.01,0.6,11.9,0.61,284.0,0.29,377.47,0.28,57.0,0.36,25.0,0.37,50.0,0.01,0.07,2361.096139,1776370579000
1776370581.329,81.329,0.59,144.78,0.58,71.01,0.6,42.7,0.61,279.0,0.4,11.9,0.39,284.0,0.41,240.0,0.42,71.01,0.01,0.01,2361.005816,1776370580000
1776370581.74,81.74,0.59,77.79,0.58,71.01,0.6,19.7,0.61,309.0,0.4,12.7,0.39,279.0,0.41,117.79,0.42,71.01,0.01,0.01,2361.005816,1776370580000
1776370582.099,82.099,0.59,6.27,0.58,71.01,0.6,19.7,0.61,300.0,0.4,19.7,0.39,309.0,0.41,77.79,0.42,71.01,0.01,0.01,2360.968001,1776370581000
1776370582.74,82.74,0.59,25.47,0.58,76.01,0.6,8.03,0.61,230.0,0.4,3.03,0.39,375.0,0.41,6.27,0.42,71.01,0.01,0.01,2360.968001,1776370581000
1776370583.079,83.079,0.59,6.27,0.58,71.01,0.6,3.03,0.61,230.0,0.4,3.03,0.39,230.0,0.41,11.27,0.42,71.01,0.01,0.01,2360.968001,1776370581000
1776370583.511,83.511,0.59,13.34,0.58,11.01,0.6,3.03,0.61,230.0,0.4,3.03,0.39,230.0,0.41,6.27,0.42,71.01,0.01,0.01,2360.968001,1776370581000
1776370586.308,86.308,0.6,10.37,0.59,10.0,0.61,215.0,0.62,20.0,0.4,1.36,0.39,230.0,0.41,10.0,0.42,16.01,0.01,0.01,2360.085914,1776370585000
1776370587.21,87.21,0.6,7.37,0.59,10.0,0.61,258.35,0.62,20.0,0.39,208.35,0.38,20.0,0.4,10.37,0.41,10.0,0.01,0.01,2360.085914,1776370585000
1776370592.755,92.755,0.6,3.12,0.58,11.01,0.61,298.35,0.62,20.0,0.39,258.35,0.38,20.0,0.4,7.37,0.41,10.0,0.01,0.01,2360.071225,1776370591000
1776370593.073,93.073,0.6,0.12,0.58,11.01,0.61,216.5,0.62,47.5,0.39,298.35,0.38,20.0,0.4,3.12,0.42,11.01,0.01,0.01,2360.071225,1776370591000
1776370593.278,93.278,0.57,30.27,0.52,50.0,0.61,483.5,0.62,47.5,0.39,454.5,0.38,47.5,0.43,40.0,0.48,50.0,0.04,0.04,2360.068636,1776370592000
1776370593.59,93.59,0.51,49.51,0.5,35.0,0.52,53.49,0.53,165.0,0.48,49.73,0.47,155.0,0.49,49.51,0.5,25.0,0.01,0.01,2360.068636,1776370592000
1776370594.963,94.963,0.51,12.8,0.5,25.0,0.52,128.54,0.53,100.5,0.48,51.49,0.47,165.0,0.49,54.51,0.5,35.0,0.01,0.01,2360.055874,1776370593000
1776370595.7,95.7,0.47,105.0,0.46,65.0,0.49,70.9,0.5,45.5,0.48,128.54,0.47,100.5,0.51,85.5,0.52,21.75,0.02,0.03,2359.705534,1776370594000
1776370596.02,96.02,0.47,127.5,0.46,65.0,0.48,27.5,0.49,211.4,0.51,70.9,0.5,45.5,0.53,105.0,0.54,65.0,0.01,0.02,2359.598231,1776370595000
1776370596.716,96.716,0.45,43.38,0.44,5.0,0.46,98.1,0.47,33.86,0.52,27.5,0.51,211.4,0.53,127.5,0.54,65.0,0.01,0.01,2359.598231,1776370595000
1776370597.587,97.587,0.45,12.49,0.44,15.0,0.46,24.68,0.47,32.0,0.51,27.29,0.5,69.74,0.54,5.0,0.55,31.49,0.01,0.03,2359.445786,1776370596000
1776370598.371,98.371,0.45,12.49,0.44,15.0,0.46,16.33,0.47,126.15,0.54,24.68,0.53,32.0,0.55,12.49,0.56,15.0,0.01,0.01,2359.445786,1776370596000
1776370598.607,98.607,0.45,12.49,0.44,15.0,0.46,12.33,0.47,126.15,0.54,16.33,0.53,126.15,0.55,12.49,0.56,15.0,0.01,0.01,2359.240913,1776370597000
1776370599.234,99.234,0.45,7.49,0.44,15.0,0.46,12.33,0.47,126.15,0.54,12.33,0.53,126.15,0.55,12.49,0.56,15.0,0.01,0.01,2359.240913,1776370597000
1776370599.573,99.573,0.45,22.99,0.44,15.0,0.46,14.56,0.47,126.15,0.54,12.33,0.53,126.15,0.55,7.49,0.56,15.0,0.01,0.01,2359.240913,1776370597000
1776370599.787,99.787,0.45,13.35,0.44,5.0,0.46,24.56,0.47,116.15,0.54,14.56,0.53,126.15,0.55,22.99,0.56,15.0,0.01,0.01,2359.185257,1776370598000
1776370600.16,100.16,0.44,0.5,0.43,55.0,0.45,10.0,0.46,24.56,0.54,24.56,0.53,116.15,0.56,5.0,0.57,55.0,0.01,0.02,2359.185257,1776370598000
1776370600.735,100.735,0.43,44.61,0.42,15.0,0.44,10.0,0.45,10.0,0.55,10.0,0.54,24.56,0.56,0.5,0.57,55.0,0.01,0.01,2359.148775,1776370599000
1776370601.366,101.366,0.41,55.0,0.4,25.5,0.43,84.2,0.44,10.0,0.56,10.0,0.55,10.0,0.58,15.0,0.59,55.0,0.02,0.02,2359.118153,1776370600000
1776370601.865,101.865,0.38,4.88,0.37,10.0,0.4,17.0,0.41,22.0,0.58,3.68,0.57,55.0,0.59,55.0,0.6,15.0,0.02,0.01,2359.118153,1776370600000
1776370602.079,102.079,0.38,34.88,0.37,20.61,0.39,6.15,0.4,10.0,0.6,17.0,0.59,22.0,0.62,4.88,0.63,10.0,0.01,0.02,2359.118153,1776370600000
1776370602.281,102.281,0.38,149.9,0.37,11.61,0.39,9.96,0.4,10.0,0.61,6.15,0.6,10.0,0.62,34.88,0.63,20.61,0.01,0.01,2359.118153,1776370600000
1776370602.597,102.597,0.37,24.61,0.36,130.0,0.39,15.47,0.4,10.0,0.61,15.47,0.6,10.0,0.63,11.61,0.64,130.0,0.02,0.02,2359.064978,1776370601000
1776370602.937,102.937,0.39,6.37,0.38,5.0,0.4,10.0,0.41,20.0,0.61,3.63,0.6,10.0,0.62,27.72,0.63,16.61,0.01,0.01,2359.064978,1776370601000
1776370603.141,103.141,0.39,15.5,0.38,11.47,0.4,10.0,0.41,20.0,0.6,10.0,0.59,20.0,0.61,6.37,0.62,5.0,0.01,0.01,2359.064978,1776370601000
1776370603.481,103.481,0.39,27.0,0.38,15.61,0.4,7.5,0.41,10.0,0.6,10.0,0.59,20.0,0.61,15.5,0.62,11.47,0.01,0.01,2359.064778,1776370602000
1776370603.97,103.97,0.41,444.61,0.4,47.66,0.46,4.06,0.47,25.0,0.6,7.5,0.59,10.0,0.61,42.0,0.62,15.61,0.05,0.01,2359.064778,1776370602000
1776370604.241,104.241,0.5,10.0,0.49,10.0,0.51,13.54,0.52,49.49,0.49,16.6,0.48,49.49,0.5,10.0,0.51,10.0,0.01,0.01,2358.98745,1776370603000
1776370604.713,104.713,0.49,21.57,0.48,100.0,0.5,28.3,0.51,27.38,0.49,36.42,0.48,49.49,0.51,9.57,0.52,105.0,0.01,0.02,2358.98745,1776370603000
1776370605.276,105.276,0.46,66.85,0.45,5.0,0.47,58.5,0.48,30.5,0.5,28.3,0.49,27.38,0.51,21.57,0.52,100.0,0.01,0.01,2358.98745,1776370603000
1776370605.792,105.792,0.46,37.17,0.44,11.25,0.47,282.76,0.48,95.5,0.53,39.94,0.52,30.5,0.54,52.17,0.55,5.0,0.01,0.01,2358.949923,1776370604000
1776370606.12,106.12,0.4,8.73,0.39,22.0,0.42,10.0,0.43,10.0,0.58,10.0,0.57,10.0,0.6,15.9,0.61,22.0,0.02,0.02,2358.949923,1776370604000
1776370606.565,106.565,0.42,20.0,0.41,12.54,0.44,6.04,0.45,15.0,0.57,10.0,0.56,10.0,0.59,2.54,0.6,8.73,0.02,0.02,2359.31882,1776370605000
1776370607.021,107.021,0.44,11.42,0.43,25.0,0.45,33.0,0.46,35.5,0.56,6.04,0.55,15.0,0.58,20.0,0.59,12.54,0.01,0.02,2359.31882,1776370605000
1776370607.826,107.826,0.44,2.03,0.43,10.0,0.45,43.0,0.46,25.5,0.55,33.0,0.54,35.5,0.56,11.42,0.57,25.0,0.01,0.01,2359.229369,1776370606000
1776370608.064,108.064,0.43,5.0,0.42,5.0,0.44,58.72,0.45,20.5,0.55,43.0,0.54,25.5,0.56,2.03,0.57,10.0,0.01,0.01,2359.229369,1776370606000
1776370608.272,108.272,0.42,15.0,0.41,62.0,0.44,33.0,0.45,35.5,0.56,58.72,0.55,20.5,0.57,5.0,0.58,5.0,0.02,0.01,2359.229369,1776370606000
1776370610.05,110.05,0.42,24.94,0.41,62.0,0.43,10.0,0.44,10.0,0.56,33.0,0.55,35.5,0.58,15.0,0.59,62.0,0.01,0.02,2359.02925,1776370608000
1776370610.496,110.496,0.42,8.75,0.41,62.0,0.43,10.0,0.44,10.0,0.57,10.0,0.56,10.0,0.58,24.94,0.59,62.0,0.01,0.01,2358.999665,1776370609000
1776370611.104,111.104,0.41,62.0,0.4,164.23,0.42,7.61,0.43,10.0,0.57,10.0,0.56,10.0,0.58,8.75,0.59,62.0,0.01,0.01,2358.999665,1776370609000
1776370611.737,111.737,0.41,41.55,0.4,164.23,0.42,7.61,0.43,10.0,0.58,7.61,0.57,10.0,0.59,45.2,0.6,164.23,0.01,0.01,2359.02434,1776370610000
1776370612.826,112.826,0.42,9.14,0.41,51.55,0.43,8.1,0.44,10.0,0.57,8.1,0.56,10.0,0.59,51.55,0.6,164.23,0.01,0.02,2359.033223,1776370611000
1776370613.921,113.921,0.46,123.0,0.45,195.5,0.47,79.9,0.48,10.0,0.57,8.1,0.56,10.0,0.58,9.14,0.59,51.55,0.01,0.01,2359.00057,1776370612000
1776370614.153,114.153,0.46,89.0,0.45,195.5,0.47,58.74,0.48,10.0,0.53,63.74,0.52,10.0,0.54,100.0,0.55,195.5,0.01,0.01,2359.00057,1776370612000
1776370615.587,115.587,0.46,107.91,0.45,220.5,0.47,53.74,0.48,10.0,0.53,53.74,0.52,10.0,0.54,86.77,0.55,195.5,0.01,0.01,2359.00508,1776370614000
1776370616.804,116.804,0.46,18.0,0.45,160.0,0.47,53.74,0.48,20.5,0.53,53.74,0.52,10.0,0.54,107.91,0.55,220.5,0.01,0.01,2359.36199,1776370615000
1776370617.008,117.008,0.46,24.0,0.45,155.0,0.47,71.7,0.48,35.5,0.53,53.74,0.52,20.5,0.54,18.0,0.55,160.0,0.01,0.01,2359.36199,1776370615000
1776370617.365,117.365,0.43,35.0,0.41,28.55,0.44,43.5,0.45,58.5,0.53,71.7,0.52,35.5,0.54,24.0,0.55,155.0,0.01,0.01,2359.36199,1776370615000
1776370617.582,117.582,0.43,29.9,0.42,40.0,0.44,110.7,0.45,67.5,0.56,37.5,0.55,61.5,0.57,34.9,0.59,28.55,0.01,0.01,2359.36199,1776370615000
1776370617.923,117.923,0.43,9.14,0.42,40.0,0.44,91.5,0.45,135.69,0.56,91.5,0.55,67.5,0.57,10.9,0.58,40.0,0.01,0.01,2359.393265,1776370616000
1776370618.247,118.247,0.42,40.0,0.41,23.55,0.44,105.5,0.45,135.69,0.56,91.5,0.55,135.69,0.57,9.14,0.58,40.0,0.02,0.01,2359.393265,1776370616000
1776370618.457,118.457,0.41,17.44,0.39,30.0,0.42,20.5,0.43,90.5,0.57,64.0,0.56,112.5,0.59,23.55,0.61,25.0,0.01,0.02,2359.397734,1776370617000
1776370618.721,118.721,0.39,25.0,0.38,15.0,0.42,39.5,0.43,36.5,0.58,25.5,0.57,51.5,0.59,9.11,0.61,25.0,0.03,0.01,2359.397734,1776370617000
1776370619.094,119.094,0.43,5.72,0.42,10.0,0.45,10.0,0.46,40.0,0.58,39.5,0.57,36.5,0.61,25.0,0.62,15.0,0.02,0.03,2359.397734,1776370617000
1776370619.332,119.332,0.55,10.0,0.54,10.0,0.56,18.53,0.57,30.0,0.44,11.36,0.43,30.0,0.48,57.16,0.49,22.0,0.01,0.04,2359.387899,1776370618000
1776370619.624,119.624,0.55,10.0,0.54,10.0,0.56,7.58,0.57,30.0,0.44,15.26,0.43,30.0,0.45,10.0,0.46,10.0,0.01,0.01,2359.387899,1776370618000
1776370620.462,120.462,0.55,25.0,0.54,15.0,0.56,4.9,0.57,35.0,0.44,7.58,0.43,30.0,0.45,10.0,0.46,10.0,0.01,0.01,2359.073616,1776370619000
1776370621.1,121.1,0.55,22.77,0.54,15.0,0.56,4.9,0.57,35.0,0.44,4.9,0.43,35.0,0.45,25.0,0.46,15.0,0.01,0.01,2359.073616,1776370619000
1776370622.504,122.504,0.58,103.0,0.57,66.0,0.6,11.8,0.61,105.5,0.44,4.9,0.43,35.0,0.45,22.77,0.46,15.0,0.02,0.01,2359.87985,1776370621000
1776370622.726,122.726,0.59,105.56,0.58,55.0,0.6,11.8,0.61,105.5,0.4,11.8,0.39,105.5,0.42,103.0,0.43,66.0,0.01,0.02,2359.87985,1776370621000
1776370622.997,122.997,0.59,96.75,0.58,65.0,0.6,104.88,0.61,105.5,0.4,6.8,0.39,105.5,0.41,103.75,0.42,65.0,0.01,0.01,2359.904545,1776370622000
1776370623.311,123.311,0.59,233.75,0.58,285.5,0.6,66.89,0.61,90.0,0.4,87.54,0.39,90.0,0.41,128.95,0.42,190.5,0.01,0.01,2359.904545,1776370622000
1776370623.515,123.515,0.6,137.25,0.59,185.75,0.61,28.0,0.62,45.5,0.39,28.0,0.38,45.5,0.4,140.0,0.41,160.75,0.01,0.01,2359.904545,1776370622000
1776370624.202,124.202,0.6,128.5,0.59,165.75,0.61,33.0,0.62,159.8,0.39,28.0,0.38,45.5,0.4,137.25,0.41,185.75,0.01,0.01,2360.174125,1776370623000
1776370624.727,124.727,0.6,191.67,0.59,151.25,0.61,53.16,0.62,35.0,0.39,33.0,0.38,159.8,0.4,128.5,0.41,165.75,0.01,0.01,2360.174125,1776370623000
1776370625.221,125.221,0.6,272.92,0.59,176.25,0.61,53.16,0.62,35.0,0.39,53.16,0.38,35.0,0.4,191.67,0.41,151.25,0.01,0.01,2360.174125,1776370623000
1776370625.681,125.681,0.63,58.02,0.62,96.0,0.64,50.0,0.65,125.5,0.38,35.0,0.37,35.0,0.4,322.42,0.41,151.25,0.01,0.02,2360.391963,1776370624000
1776370627.559,127.559,0.64,91.97,0.63,108.02,0.65,125.5,0.66,127.05,0.36,50.0,0.35,125.5,0.37,58.02,0.38,96.0,0.01,0.01,2360.420185,1776370626000
1776370628.138,128.138,0.64,143.97,0.63,98.02,0.65,4.73,0.66,117.05,0.35,125.5,0.34,127.05,0.36,91.97,0.37,108.02,0.01,0.01,2360.51361,1776370627000
1776370629.481,129.481,0.65,34.12,0.64,40.32,0.66,20.76,0.67,22.0,0.34,112.31,0.33,22.0,0.36,143.97,0.37,98.02,0.01,0.02,2360.608346,1776370628000
1776370629.86,129.86,0.66,29.24,0.65,10.0,0.67,12.18,0.68,36.0,0.33,22.0,0.32,36.0,0.34,14.24,0.35,44.12,0.01,0.01,2360.608346,1776370628000
1776370630.752,130.752,0.66,23.35,0.65,20.0,0.67,10.5,0.68,104.9,0.33,12.18,0.32,36.0,0.34,29.24,0.35,10.0,0.01,0.01,2360.51016,1776370629000
1776370631.463,131.463,0.66,91.35,0.65,15.0,0.67,8.72,0.68,36.0,0.33,10.5,0.32,104.9,0.34,23.35,0.35,20.0,0.01,0.01,2360.52932,1776370630000
1776370633.344,133.344,0.66,71.0,0.65,15.0,0.67,13.72,0.68,36.0,0.33,8.72,0.32,36.0,0.34,91.35,0.35,15.0,0.01,0.01,2360.638116,1776370632000
1776370633.839,133.839,0.66,98.7,0.65,15.0,0.67,13.72,0.68,36.0,0.33,13.72,0.32,36.0,0.34,36.7,0.35,15.0,0.01,0.01,2360.638116,1776370632000
1776370637.653,137.653,0.66,101.7,0.65,15.0,0.67,11.04,0.68,36.0,0.33,13.72,0.32,36.0,0.34,98.7,0.35,15.0,0.01,0.01,2360.60993,1776370636000
1776370641.706,141.706,0.66,90.7,0.65,15.0,0.67,3.57,0.68,36.0,0.33,11.04,0.32,36.0,0.34,101.7,0.35,15.0,0.01,0.01,2360.672085,1776370640000
1776370645.826,145.826,0.67,137.96,0.66,29.7,0.68,46.5,0.69,5.0,0.33,3.57,0.32,36.0,0.34,90.7,0.35,15.0,0.01,0.01,2360.674685,1776370644000
1776370647.45,147.45,0.67,58.0,0.66,20.0,0.68,46.5,0.69,5.0,0.32,46.5,0.31,5.0,0.33,137.96,0.34,29.7,0.01,0.01,2360.680445,1776370646000
1776370650.003,150.003,0.67,506.5,0.66,210.5,0.7,10.0,0.72,25.0,0.32,46.5,0.31,5.0,0.33,53.0,0.34,20.0,0.03,0.01,2360.661,1776370648000
1776370650.313,150.313,0.74,187.5,0.73,179.0,0.75,49.42,0.76,25.0,0.3,10.0,0.28,25.0,0.33,506.5,0.34,210.5,0.01,0.03,2360.661,1776370648000
1776370650.624,150.624,0.74,286.5,0.73,274.0,0.75,0.42,0.77,80.5,0.25,49.42,0.24,25.0,0.26,187.5,0.27,179.0,0.01,0.01,2360.661,1776370648000
1776370650.961,150.961,0.76,74.0,0.75,10.0,0.77,76.5,0.78,20.0,0.23,70.5,0.22,10.0,0.26,286.5,0.27,274.0,0.01,0.03,2360.590845,1776370649000
1776370651.733,151.733,0.76,75.25,0.75,15.0,0.77,16.5,0.78,20.0,0.23,44.5,0.22,20.0,0.24,53.25,0.25,10.0,0.01,0.01,2360.619197,1776370650000
1776370652.815,152.815,0.76,51.0,0.75,25.0,0.77,0.5,0.78,20.0,0.23,10.5,0.22,20.0,0.24,75.25,0.25,15.0,0.01,0.01,2361.52003,1776370651000
1776370653.075,153.075,0.76,94.0,0.75,20.0,0.78,20.0,0.79,105.0,0.23,0.5,0.22,20.0,0.24,51.0,0.25,25.0,0.02,0.01,2361.534095,1776370652000
1776370653.354,153.354,0.77,35.0,0.76,54.0,0.78,6.9,0.79,55.0,0.22,20.0,0.21,105.0,0.24,94.0,0.25,20.0,0.01,0.02,2361.534095,1776370652000
1776370653.564,153.564,0.77,12.0,0.76,54.0,0.78,6.9,0.79,55.0,0.22,6.9,0.21,55.0,0.23,35.0,0.24,54.0,0.01,0.01,2361.534095,1776370652000
1776370655.725,155.725,0.77,3.0,0.76,44.0,0.78,43.9,0.79,5.0,0.22,6.9,0.21,55.0,0.23,12.0,0.24,54.0,0.01,0.01,2361.31784,1776370654000
1776370656.467,156.467,0.76,10.0,0.75,10.0,0.78,97.51,0.79,65.0,0.22,46.01,0.21,5.0,0.23,3.0,0.24,44.0,0.02,0.01,2361.365606,1776370655000
1776370658.754,158.754,0.74,35.0,0.73,94.25,0.76,178.96,0.77,55.5,0.23,20.5,0.22,77.51,0.25,10.0,0.26,35.0,0.02,0.02,2361.26012,1776370657000
1776370660.545,160.545,0.74,35.0,0.73,94.25,0.75,108.3,0.76,147.96,0.24,178.96,0.23,55.5,0.26,35.0,0.27,94.25,0.01,0.02,2361.015918,1776370658000
1776370660.98,160.98,0.74,5.38,0.73,44.25,0.75,63.5,0.76,225.96,0.25,108.3,0.24,147.96,0.26,35.0,0.27,94.25,0.01,0.01,2360.991213,1776370659000
1776370661.853,161.853,0.74,4.38,0.73,44.25,0.75,63.5,0.76,225.96,0.25,63.5,0.24,225.96,0.26,5.38,0.27,44.25,0.01,0.01,2360.990128,1776370660000
1776370663.779,163.779,0.74,6.15,0.73,78.5,0.75,88.5,0.76,225.96,0.25,63.5,0.24,225.96,0.26,4.38,0.27,44.25,0.01,0.01,2360.799075,1776370662000
1776370664.14,164.14,0.73,34.65,0.72,10.0,0.75,201.5,0.76,120.96,0.25,88.5,0.24,225.96,0.26,6.15,0.27,78.5,0.02,0.01,2360.799075,1776370662000
1776370665.798,165.798,0.6,14.57,0.59,50.0,0.66,93.0,0.67,5.0,0.32,36.0,0.3,75.0,0.33,30.0,0.34,21.0,0.06,0.01,2360.73237,1776370664000
1776370666.466,166.466,0.6,9.57,0.58,6.0,0.61,145.0,0.66,93.0,0.39,50.0,0.34,93.0,0.4,14.57,0.41,50.0,0.01,0.01,2360.73237,1776370664000
1776370666.831,166.831,0.52,8.7,0.5,25.0,0.54,106.54,0.55,88.03,0.45,29.03,0.44,50.0,0.48,8.7,0.5,25.0,0.02,0.03,2360.587451,1776370665000
1776370668.002,168.002,0.46,5.33,0.45,5.0,0.47,19.0,0.48,10.0,0.49,41.3,0.46,75.29,0.5,25.0,0.54,81.91,0.01,0.01,2360.0114,1776370666000
1776370668.366,168.366,0.46,10.31,0.45,5.0,0.47,20.18,0.48,10.0,0.53,4.18,0.52,10.0,0.54,5.33,0.55,5.0,0.01,0.01,2359.605083,1776370667000
1776370669.217,169.217,0.45,0.31,0.44,60.0,0.47,46.18,0.48,15.0,0.53,20.18,0.52,10.0,0.54,10.31,0.55,5.0,0.02,0.01,2359.605083,1776370667000
1776370670.051,170.051,0.45,102.73,0.44,70.0,0.47,12.98,0.48,15.0,0.53,46.18,0.52,15.0,0.55,0.31,0.56,60.0,0.02,0.02,2359.301578,1776370669000
1776370670.855,170.855,0.45,102.73,0.44,70.0,0.46,5.91,0.47,12.98,0.53,12.98,0.52,15.0,0.55,102.73,0.56,70.0,0.01,0.02,2359.301578,1776370669000
1776370671.079,171.079,0.45,1.73,0.44,70.0,0.46,5.91,0.47,12.98,0.54,5.91,0.53,12.98,0.55,102.73,0.56,70.0,0.01,0.01,2359.248841,1776370670000
1776370673.695,173.695,0.45,7.12,0.44,90.0,0.46,5.91,0.47,32.98,0.54,5.91,0.53,12.98,0.55,1.73,0.56,70.0,0.01,0.01,2359.245479,1776370672000
1776370675.217,175.217,0.45,35.39,0.44,90.0,0.46,5.0,0.47,33.12,0.54,5.0,0.53,28.12,0.55,15.45,0.56,90.0,0.01,0.01,2359.236004,1776370674000
1776370676.29,176.29,0.45,33.35,0.44,100.0,0.46,5.0,0.47,43.12,0.54,5.0,0.53,33.12,0.55,35.39,0.56,90.0,0.01,0.01,2359.269633,1776370675000
1776370680.273,180.273,0.45,13.46,0.44,95.0,0.46,10.0,0.47,48.12,0.54,5.0,0.53,43.12,0.55,33.35,0.56,100.0,0.01,0.01,2359.176461,1776370679000
1776370680.884,180.884,0.45,8.18,0.44,90.0,0.46,5.0,0.47,58.12,0.54,10.0,0.53,48.12,0.55,13.46,0.56,95.0,0.01,0.01,2359.176461,1776370679000
1776370682.246,182.246,0.45,8.18,0.44,55.0,0.46,2.1,0.47,68.12,0.54,5.0,0.53,58.12,0.55,8.18,0.56,90.0,0.01,0.01,2359.190581,1776370680000
1776370682.565,182.565,0.45,4.98,0.44,55.0,0.46,12.1,0.47,68.12,0.54,2.1,0.53,68.12,0.55,8.18,0.56,55.0,0.01,0.01,2359.183625,1776370681000
1776370683.987,183.987,0.44,169.5,0.43,31.0,0.47,64.18,0.48,10.0,0.55,17.75,0.54,12.1,0.56,55.0,0.57,15.0,0.03,0.01,2359.227248,1776370682000
1776370684.503,184.503,0.52,86.56,0.51,5.0,0.53,10.64,0.57,55.0,0.47,10.64,0.43,50.0,0.48,50.79,0.54,55.0,0.01,0.01,2359.242464,1776370683000
1776370686.053,186.053,0.55,75.0,0.54,15.0,0.57,142.0,0.58,42.07,0.43,55.0,0.42,27.07,0.44,42.65,0.48,111.56,0.02,0.01,2359.821584,1776370685000
1776370686.324,186.324,0.49,5.0,0.48,5.0,0.53,5.63,0.54,10.0,0.44,6.0,0.43,238.76,0.51,11.0,0.52,5.0,0.04,0.07,2359.821584,1776370685000
1776370686.616,186.616,0.46,53.7,0.45,10.0,0.5,10.0,0.51,10.0,0.47,5.63,0.46,10.0,0.51,5.0,0.52,5.0,0.04,0.04,2359.821584,1776370685000
1776370686.932,186.932,0.46,40.0,0.45,110.0,0.47,10.0,0.48,10.0,0.5,10.0,0.49,10.0,0.54,53.7,0.55,10.0,0.01,0.04,2359.821584,1776370685000
1776370687.19,187.19,0.45,84.0,0.44,218.0,0.46,4.78,0.47,2.44,0.53,2.44,0.52,10.0,0.55,96.54,0.56,205.0,0.01,0.02,2359.878053,1776370686000
1776370687.526,187.526,0.45,70.0,0.44,205.0,0.47,7.22,0.48,15.0,0.54,4.78,0.53,2.44,0.55,84.0,0.56,218.0,0.02,0.01,2359.878053,1776370686000
1776370689.44,189.44,0.45,75.0,0.44,205.0,0.46,35.73,0.47,19.22,0.54,7.73,0.53,7.22,0.55,70.0,0.56,205.0,0.01,0.01,2359.316147,1776370688000
1776370690.909,190.909,0.45,76.89,0.44,185.0,0.46,188.04,0.47,29.72,0.54,35.73,0.53,19.22,0.55,75.0,0.56,205.0,0.01,0.01,2359.240302,1776370689000
1776370691.996,191.996,0.45,81.89,0.44,195.0,0.46,127.94,0.47,34.72,0.54,188.04,0.53,29.72,0.55,76.89,0.56,185.0,0.01,0.01,2359.162649,1776370690000
1776370692.839,192.839,0.45,69.72,0.44,195.0,0.46,45.13,0.47,34.72,0.54,127.94,0.53,34.72,0.55,81.89,0.56,195.0,0.01,0.01,2359.173735,1776370691000
1776370696.406,196.406,0.45,64.72,0.44,205.5,0.46,37.95,0.47,39.94,0.54,45.13,0.53,34.72,0.55,69.72,0.56,195.0,0.01,0.01,2359.126751,1776370694000
1776370700.829,200.829,0.44,35.0,0.43,10.0,0.45,349.5,0.46,187.3,0.54,37.95,0.53,39.94,0.55,62.9,0.56,205.5,0.01,0.01,2359.15905,1776370699000
1776370702.5,202.5,0.38,75.0,0.37,70.5,0.39,33.43,0.4,69.5,0.58,129.64,0.57,125.5,0.59,39.9,0.6,115.0,0.01,0.01,2359.120722,1776370701000
1776370703.611,203.611,0.37,6.76,0.36,125.0,0.38,36.0,0.39,28.43,0.61,33.43,0.6,69.5,0.62,75.0,0.63,70.5,0.01,0.01,2358.976547,1776370702000
1776370705.412,205.412,0.35,130.0,0.34,25.0,0.37,26.0,0.38,58.94,0.62,36.0,0.61,28.43,0.63,6.76,0.64,125.0,0.02,0.01,2358.828024,1776370704000
1776370705.969,205.969,0.35,199.5,0.34,70.0,0.37,21.0,0.38,21.0,0.63,26.0,0.62,58.94,0.65,130.0,0.66,25.0,0.02,0.02,2358.828024,1776370704000
1776370706.436,206.436,0.38,117.96,0.37,73.5,0.4,15.0,0.41,25.0,0.61,15.0,0.6,15.0,0.62,13.56,0.63,20.5,0.02,0.01,2358.825497,1776370705000
1776370707.327,207.327,0.4,98.5,0.39,104.9,0.42,14.28,0.43,15.0,0.6,15.0,0.59,25.0,0.62,117.96,0.63,73.5,0.02,0.02,2358.827692,1776370706000
1776370707.78,207.78,0.41,54.01,0.4,86.5,0.42,9.63,0.43,15.0,0.58,9.63,0.57,15.0,0.6,98.5,0.61,104.9,0.01,0.02,2358.827692,1776370706000
1776370708.032,208.032,0.41,55.95,0.4,86.5,0.42,9.63,0.43,73.83,0.58,9.63,0.57,15.0,0.59,54.01,0.6,86.5,0.01,0.01,2358.880301,1776370707000
1776370708.56,208.56,0.41,61.72,0.4,96.5,0.42,7.24,0.43,73.83,0.58,9.63,0.57,73.83,0.59,72.22,0.6,86.5,0.01,0.01,2358.880301,1776370707000
1776370708.878,208.878,0.41,69.32,0.4,96.5,0.42,7.24,0.43,73.83,0.58,7.24,0.57,73.83,0.59,61.72,0.6,96.5,0.01,0.01,2358.880301,1776370707000
1776370709.823,209.823,0.41,53.82,0.4,86.5,0.42,9.38,0.43,73.83,0.58,7.24,0.57,73.83,0.59,69.32,0.6,96.5,0.01,0.01,2358.978614,1776370708000
1776370710.431,210.431,0.4,6.0,0.36,30.0,0.42,113.88,0.43,84.33,0.58,9.38,0.57,73.83,0.59,53.82,0.6,86.5,0.02,0.01,2359.057284,1776370709000
1776370712.294,212.294,0.33,70.0,0.32,190.0,0.38,19.46,0.39,30.5,0.63,10.0,0.62,10.0,0.64,25.0,0.65,82.5,0.05,0.01,2359.12541,1776370710000
1776370712.504,212.504,0.33,85.5,0.32,200.5,0.34,12.05,0.35,30.5,0.62,19.46,0.61,30.5,0.67,70.0,0.68,190.0,0.01,0.05,2359.022755,1776370711000
1776370712.974,212.974,0.33,87.51,0.32,200.5,0.34,12.05,0.35,116.95,0.66,12.05,0.65,30.5,0.67,90.5,0.68,200.5,0.01,0.01,2359.022755,1776370711000
1776370713.645,213.645,0.33,72.66,0.32,205.5,0.34,9.1,0.35,116.95,0.66,12.05,0.65,116.95,0.67,83.16,0.68,200.5,0.01,0.01,2358.95253,1776370712000
1776370714.215,214.215,0.33,68.31,0.32,205.5,0.34,9.1,0.35,116.95,0.66,9.1,0.65,116.95,0.67,72.66,0.68,205.5,0.01,0.01,2358.95253,1776370712000
1776370714.811,214.811,0.33,52.31,0.32,215.5,0.34,19.6,0.35,116.95,0.66,9.1,0.65,116.95,0.67,68.31,0.68,205.5,0.01,0.01,2358.77274,1776370713000
1776370716.278,216.278,0.27,33.0,0.26,80.5,0.28,32.86,0.29,48.5,0.66,19.6,0.65,116.95,0.67,52.31,0.68,215.5,0.01,0.01,2358.734753,1776370715000
1776370716.528,216.528,0.26,85.5,0.25,105.0,0.27,8.87,0.28,44.36,0.72,32.86,0.71,53.5,0.73,1.13,0.74,85.5,0.01,0.01,2358.734753,1776370715000
1776370716.872,216.872,0.26,70.0,0.25,110.5,0.27,63.41,0.28,27.36,0.73,8.87,0.72,44.36,0.74,85.5,0.75,105.0,0.01,0.01,2358.734753,1776370715000
1776370717.105,217.105,0.26,75.5,0.25,85.5,0.27,70.91,0.28,171.35,0.73,63.41,0.72,27.36,0.74,70.0,0.75,110.5,0.01,0.01,2358.734753,1776370715000
1776370717.804,217.804,0.25,90.08,0.24,85.5,0.26,21.15,0.27,48.91,0.74,11.15,0.73,63.91,0.75,85.5,0.76,75.0,0.01,0.01,2358.693075,1776370716000
1776370718.093,218.093,0.25,79.58,0.24,85.5,0.26,17.3,0.27,53.91,0.74,21.15,0.73,48.91,0.75,90.08,0.76,85.5,0.01,0.01,2358.585101,1776370717000
1776370718.513,218.513,0.25,88.47,0.24,110.5,0.26,9.6,0.27,27.91,0.74,17.3,0.73,48.91,0.75,88.47,0.76,85.5,0.01,0.01,2358.585101,1776370717000
1776370718.868,218.868,0.25,143.11,0.24,85.5,0.26,10.0,0.27,10.64,0.74,10.0,0.73,10.64,0.75,70.78,0.76,85.5,0.01,0.01,2358.585101,1776370717000
1776370719.535,219.535,0.25,52.19,0.24,85.5,0.26,6.15,0.27,21.14,0.74,6.15,0.73,10.64,0.75,68.11,0.76,85.5,0.01,0.01,2358.585101,1776370717000
1776370719.813,219.813,0.25,52.19,0.24,85.5,0.26,2.3,0.27,21.14,0.74,6.15,0.73,21.14,0.75,52.19,0.76,85.5,0.01,0.01,2358.378002,1776370718000
1776370720.121,220.121,0.25,42.67,0.24,85.5,0.26,18.3,0.27,21.14,0.74,2.3,0.73,21.14,0.75,52.19,0.76,85.5,0.01,0.01,2358.378002,1776370718000
1776370720.375,220.375,0.25,47.75,0.24,85.5,0.26,10.0,0.27,10.64,0.74,8.3,0.73,21.14,0.75,42.67,0.76,85.5,0.01,0.01,2358.378002,1776370719000
1776370721.138,221.138,0.25,10.25,0.24,75.0,0.26,180.95,0.27,21.14,0.74,10.0,0.73,10.64,0.75,47.75,0.76,85.5,0.01,0.01,2358.378002,1776370719000
1776370721.551,221.551,0.25,7.89,0.24,25.0,0.26,180.95,0.27,31.14,0.74,180.95,0.73,21.14,0.75,10.25,0.76,75.0,0.01,0.01,2358.347712,1776370720000
1776370722.987,222.987,0.25,5.89,0.24,15.0,0.26,166.95,0.27,26.14,0.74,180.95,0.73,31.14,0.75,7.89,0.76,25.0,0.01,0.01,2358.342606,1776370721000
1776370726.062,226.062,0.19,5.0,0.18,40.5,0.21,74.5,0.22,51.03,0.74,166.95,0.73,26.14,0.75,5.89,0.76,15.0,0.02,0.01,2358.279701,1776370724000
1776370726.422,226.422,0.18,39.34,0.17,45.5,0.2,64.0,0.21,47.5,0.79,74.5,0.78,51.03,0.81,5.0,0.82,40.5,0.02,0.02,2358.256883,1776370725000
1776370727.791,227.791,0.18,15.6,0.17,45.5,0.19,66.7,0.2,30.0,0.81,15.0,0.8,57.0,0.82,6.82,0.83,45.5,0.01,0.01,2358.254649,1776370726000
1776370728.252,228.252,0.17,1.02,0.16,45.5,0.18,45.0,0.19,59.7,0.81,66.7,0.8,30.0,0.82,15.6,0.83,45.5,0.01,0.01,2358.254649,1776370726000
1776370728.682,228.682,0.16,10.75,0.15,68.2,0.18,57.0,0.19,94.7,0.82,45.0,0.81,59.7,0.83,1.02,0.84,45.5,0.02,0.01,2358.254649,1776370726000
1776370729.072,229.072,0.16,20.75,0.15,40.0,0.17,30.36,0.18,46.0,0.83,18.36,0.82,68.0,0.84,20.75,0.85,40.0,0.01,0.01,2358.07751,1776370727000
1776370729.292,229.292,0.15,50.0,0.14,74.9,0.17,31.0,0.18,46.0,0.83,28.0,0.82,46.0,0.84,11.87,0.85,50.0,0.02,0.01,2358.07751,1776370727000
1776370729.518,229.518,0.16,33.5,0.15,50.0,0.18,31.0,0.19,89.7,0.83,31.0,0.82,46.0,0.85,50.0,0.86,74.9,0.02,0.02,2358.088292,1776370728000
1776370729.991,229.991,0.17,1.8,0.16,29.07,0.18,197.58,0.19,94.7,0.82,31.0,0.81,89.7,0.83,7.83,0.84,19.07,0.01,0.01,2357.994271,1776370729000
1776370730.386,230.386,0.17,101.15,0.16,85.07,0.18,84.58,0.19,29.7,0.82,197.58,0.81,94.7,0.83,1.8,0.84,29.07,0.01,0.01,2357.994271,1776370729000
1776370731.06,231.06,0.24,74.0,0.23,100.5,0.25,15.96,0.26,80.0,0.77,30.0,0.76,25.0,0.82,61.5,0.83,31.5,0.01,0.05,2357.960901,1776370730000
1776370731.445,231.445,0.25,36.14,0.24,40.5,0.26,95.96,0.28,10.5,0.75,15.96,0.74,80.0,0.76,74.0,0.77,100.5,0.01,0.01,2357.960901,1776370730000
1776370731.738,231.738,0.25,25.56,0.24,35.5,0.26,248.75,0.28,10.5,0.74,95.96,0.72,10.5,0.75,34.8,0.76,40.5,0.01,0.01,2357.960901,1776370730000
1776370731.948,231.948,0.25,18.34,0.24,25.5,0.26,248.75,0.28,10.5,0.74,248.75,0.72,10.5,0.75,24.09,0.76,35.5,0.01,0.01,2358.070893,1776370731000
1776370732.151,232.151,0.25,13.53,0.24,20.5,0.26,248.75,0.28,10.5,0.74,248.75,0.72,10.5,0.75,18.34,0.76,25.5,0.01,0.01,2358.070893,1776370731000
1776370732.498,232.498,0.25,6.06,0.24,20.5,0.26,232.79,0.27,15.96,0.74,248.75,0.72,10.5,0.75,7.53,0.76,20.5,0.01,0.01,2358.070893,1776370731000
1776370732.825,232.825,0.24,68.55,0.23,70.0,0.25,62.81,0.26,230.18,0.74,232.79,0.73,15.96,0.75,6.06,0.76,20.5,0.01,0.01,2358.070893,1776370731000
1776370733.253,233.253,0.24,66.97,0.23,70.0,0.25,62.81,0.26,235.18,0.75,62.81,0.74,230.18,0.76,68.55,0.77,70.0,0.01,0.01,2358.314325,1776370732000
1776370735.179,235.179,0.21,156.5,0.2,20.5,0.22,117.17,0.26,80.0,0.75,62.81,0.74,235.18,0.76,65.52,0.77,70.0,0.01,0.01,2358.452775,1776370734000
1776370736.319,236.319,0.21,136.5,0.2,113.0,0.22,54.87,0.23,6.0,0.78,46.17,0.74,80.0,0.79,156.5,0.8,20.5,0.01,0.01,2358.38498,1776370735000
1776370737.059,237.059,0.21,122.1,0.2,126.0,0.22,128.2,0.23,6.0,0.78,54.87,0.77,6.0,0.79,130.04,0.8,113.0,0.01,0.01,2358.371382,1776370736000
1776370737.947,237.947,0.21,84.08,0.2,126.0,0.22,128.2,0.23,6.0,0.78,128.2,0.77,6.0,0.79,122.1,0.8,126.0,0.01,0.01,2358.371382,1776370736000
1776370738.217,238.217,0.21,31.0,0.2,195.5,0.22,138.2,0.23,16.0,0.78,128.2,0.77,6.0,0.79,84.08,0.8,126.0,0.01,0.01,2358.42339,1776370737000
1776370738.544,238.544,0.2,185.5,0.19,113.9,0.22,145.2,0.23,26.5,0.78,145.2,0.77,16.0,0.79,29.6,0.8,185.5,0.02,0.01,2358.42339,1776370737000
1776370739.155,239.155,0.2,185.5,0.19,113.9,0.21,107.27,0.22,38.91,0.79,22.0,0.78,138.2,0.8,184.12,0.81,113.9,0.01,0.01,2358.44686,1776370738000
1776370739.406,239.406,0.2,166.05,0.19,113.9,0.21,117.27,0.22,38.91,0.79,117.27,0.78,38.91,0.8,171.05,0.81,113.9,0.01,0.01,2358.44686,1776370738000
1776370739.776,239.776,0.2,89.94,0.19,113.9,0.21,117.27,0.22,32.8,0.79,117.27,0.78,38.91,0.8,166.05,0.81,113.9,0.01,0.01,2358.44686,1776370738000
1776370740.074,240.074,0.2,20.0,0.19,70.0,0.21,124.27,0.22,53.3,0.79,117.27,0.78,32.8,0.8,89.94,0.81,113.9,0.01,0.01,2358.44686,1776370738000
1776370740.7,240.7,0.19,83.64,0.18,60.0,0.2,60.77,0.21,117.27,0.8,15.0,0.79,134.27,0.81,73.64,0.82,60.0,0.01,0.01,2358.483191,1776370739000
1776370741.189,241.189,0.19,75.45,0.18,60.0,0.2,48.33,0.21,107.27,0.8,48.33,0.79,117.27,0.81,77.12,0.82,60.0,0.01,0.01,2358.439074,1776370740000
1776370742.072,242.072,0.19,86.79,0.18,60.0,0.2,40.33,0.21,107.27,0.8,48.33,0.79,107.27,0.81,72.79,0.82,60.0,0.01,0.01,2358.439074,1776370740000
1776370742.272,242.272,0.2,31.43,0.19,62.79,0.21,107.27,0.23,6.0,0.79,107.27,0.77,6.0,0.8,43.0,0.81,62.79,0.01,0.01,2358.363218,1776370741000
1776370742.534,242.534,0.2,33.0,0.19,62.79,0.21,111.27,0.22,10.0,0.79,102.27,0.77,6.0,0.8,31.43,0.81,62.79,0.01,0.01,2358.363218,1776370741000
1776370743.267,243.267,0.2,23.0,0.19,62.79,0.21,56.57,0.22,10.0,0.79,65.27,0.78,10.0,0.8,33.0,0.81,62.79,0.01,0.01,2358.363218,1776370741000
1776370743.658,243.658,0.2,38.63,0.19,62.79,0.21,10.0,0.22,10.0,0.79,56.57,0.78,10.0,0.8,21.62,0.81,62.79,0.01,0.01,2358.40363,1776370742000
1776370743.903,243.903,0.2,33.62,0.19,75.79,0.21,41.19,0.22,95.5,0.79,10.0,0.78,10.0,0.8,38.63,0.81,62.79,0.01,0.01,2358.40363,1776370742000
1776370744.137,244.137,0.2,10.32,0.19,75.79,0.21,41.19,0.22,105.5,0.79,41.19,0.78,105.5,0.8,16.57,0.81,75.79,0.01,0.01,2358.40363,1776370742000
1776370744.351,244.351,0.19,51.43,0.18,73.0,0.2,20.0,0.21,24.19,0.79,41.19,0.78,105.5,0.81,62.79,0.82,73.0,0.01,0.02,2358.40363,1776370742000
1776370744.882,244.882,0.19,32.9,0.18,15.0,0.2,61.19,0.21,35.96,0.8,20.0,0.79,24.19,0.81,45.25,0.82,73.0,0.01,0.01,2358.434293,1776370744000
1776370745.224,245.224,0.15,50.0,0.14,124.9,0.2,131.19,0.21,20.0,0.8,61.19,0.79,35.96,0.81,32.9,0.82,15.0,0.05,0.01,2358.434293,1776370744000
1776370746.141,246.141,0.13,5.0,0.12,28.0,0.14,15.0,0.15,15.0,0.8,131.19,0.79,20.0,0.85,50.0,0.86,124.9,0.01,0.05,2358.42622,1776370745000
1776370746.525,246.525,0.1,10.0,0.09,21.0,0.12,74.66,0.13,79.0,0.86,15.0,0.85,15.0,0.87,5.0,0.88,28.0,0.02,0.01,2358.42622,1776370745000
1776370746.836,246.836,0.08,12.46,0.07,107.3,0.1,74.46,0.11,43.0,0.9,15.0,0.89,60.0,0.91,9.9,0.92,12.46,0.02,0.01,2358.42622,1776370745000
1776370747.181,247.181,0.07,22.92,0.06,31.0,0.08,87.5,0.09,52.0,0.91,114.0,0.9,61.5,0.93,22.92,0.94,31.0,0.01,0.02,2358.42622,1776370745000
1776370747.391,247.391,0.06,9.89,0.05,56.21,0.07,26.0,0.08,341.5,0.93,21.0,0.92,251.5,0.94,21.48,0.95,56.21,0.01,0.01,2358.313153,1776370746000
1776370747.608,247.608,0.05,56.21,0.04,75.0,0.07,89.0,0.08,321.5,0.93,104.71,0.92,361.5,0.94,4.57,0.95,56.21,0.02,0.01,2358.313153,1776370746000
1776370747.989,247.989,0.05,32.95,0.04,75.0,0.06,81.66,0.07,88.0,0.94,94.81,0.93,108.0,0.95,32.95,0.96,75.0,0.01,0.01,2358.313153,1776370746000
1776370748.236,248.236,0.05,31.81,0.04,75.0,0.06,101.66,0.07,53.0,0.94,81.66,0.93,88.0,0.95,32.95,0.96,75.0,0.01,0.01,2358.313153,1776370746000
1776370748.593,248.593,0.05,31.81,0.04,75.0,0.06,23.32,0.07,50.0,0.94,84.99,0.93,53.0,0.95,31.81,0.96,75.0,0.01,0.01,2358.07178,1776370747000
1776370748.87,248.87,0.04,75.0,0.03,624.0,0.06,27.5,0.07,25.0,0.94,43.32,0.93,50.0,0.96,75.0,0.97,624.0,0.02,0.02,2358.07178,1776370747000
1776370749.159,249.159,0.04,70.0,0.03,624.0,0.06,27.5,0.07,55.0,0.94,27.5,0.93,25.0,0.96,75.0,0.97,624.0,0.02,0.02,2358.07178,1776370747000
1776370749.459,249.459,0.04,70.0,0.03,624.0,0.06,8.49,0.07,45.0,0.94,16.83,0.93,55.0,0.96,70.0,0.97,624.0,0.02,0.02,2357.589788,1776370748000
1776370749.671,249.671,0.04,328.0,0.03,558.0,0.06,11.0,0.07,10.0,0.94,8.49,0.93,10.0,0.95,8.93,0.96,70.0,0.02,0.01,2357.589788,1776370748000
1776370750.016,250.016,0.05,27.94,0.04,353.0,0.06,4.33,0.07,10.0,0.94,4.33,0.93,10.0,0.95,24.0,0.96,328.0,0.01,0.01,2357.589788,1776370748000
1776370750.337,250.337,0.05,15.0,0.04,358.0,0.08,205.74,0.09,115.0,0.93,10.0,0.92,209.49,0.95,36.63,0.96,453.0,0.03,0.02,2356.8256,1776370749000
1776370750.588,250.588,0.06,4.74,0.05,15.0,0.07,8.0,0.08,221.74,0.92,205.74,0.91,115.0,0.95,15.0,0.96,358.0,0.01,0.03,2356.8256,1776370749000
1776370750.798,250.798,0.05,11.74,0.04,308.0,0.07,10.0,0.08,216.24,0.92,216.24,0.91,125.0,0.94,4.74,0.95,15.0,0.02,0.02,2356.8256,1776370749000
1776370751.721,251.721,0.05,13.76,0.04,308.0,0.06,5.0,0.08,158.0,0.94,3.33,0.93,10.0,0.95,10.0,0.96,303.0,0.01,0.01,2356.84979,1776370750000
1776370752.833,252.833,0.05,428.0,0.04,164.79,0.09,3.0,0.1,15.0,0.95,16.24,0.94,5.0,0.96,302.79,0.97,376.7,0.04,0.01,2356.98483,1776370751000
1776370753.223,253.223,0.07,110.0,0.06,137.0,0.09,9.9,0.1,13.75,0.91,9.9,0.9,13.75,0.92,10.0,0.93,10.0,0.02,0.01,2356.974215,1776370752000
1776370753.598,253.598,0.07,108.38,0.06,154.0,0.09,9.9,0.1,13.75,0.91,9.9,0.9,13.75,0.93,110.0,0.94,137.0,0.02,0.02,2356.974215,1776370752000
1776370753.8,253.8,0.07,78.34,0.06,309.64,0.08,10.0,0.09,19.9,0.92,10.0,0.91,19.9,0.93,91.64,0.94,309.64,0.01,0.01,2356.974215,1776370752000
1776370754.516,254.516,0.07,7.38,0.06,498.64,0.08,5.43,0.09,9.9,0.93,6.24,0.92,10.0,0.94,187.64,0.95,283.0,0.01,0.01,2357.078026,1776370753000
1776370754.834,254.834,0.07,9.75,0.06,318.0,0.08,10.0,0.09,15.39,0.92,5.43,0.91,9.9,0.93,7.38,0.94,498.64,0.01,0.01,2357.078026,1776370753000
1776370755.092,255.092,0.06,176.93,0.05,75.0,0.07,10.0,0.08,10.0,0.92,10.0,0.91,15.39,0.94,278.32,0.95,75.0,0.01,0.02,2357.078026,1776370753000
1776370755.547,255.547,0.06,17.74,0.05,75.0,0.07,10.0,0.08,15.43,0.93,10.0,0.92,10.0,0.94,176.93,0.95,75.0,0.01,0.01,2357.381485,1776370754000
1776370756.576,256.576,0.05,73.94,0.04,158.59,0.06,89.38,0.07,30.38,0.94,89.38,0.93,10.0,0.95,75.0,0.96,198.59,0.01,0.01,2357.407075,1776370755000
1776370756.945,256.945,0.04,130.55,0.03,301.7,0.06,114.7,0.07,37.0,0.94,109.38,0.93,25.0,0.95,34.9,0.96,133.59,0.02,0.01,2357.407075,1776370755000
1776370757.219,257.219,0.04,120.34,0.03,301.7,0.06,109.38,0.07,15.0,0.94,114.7,0.93,37.0,0.96,125.55,0.97,301.7,0.02,0.02,2357.407075,1776370755000
1776370757.681,257.681,0.04,79.36,0.03,301.7,0.06,114.7,0.07,15.0,0.94,109.38,0.93,15.0,0.96,118.25,0.97,301.7,0.02,0.02,2357.46567,1776370756000
1776370758.196,258.196,0.03,4.94,0.02,10.0,0.04,20.0,0.05,20.26,0.94,109.38,0.93,15.0,0.99,3940.4,,,0.01,0.05,2357.46567,1776370756000
1776370758.411,258.411,0.02,37.0,0.01,3421.69,0.03,119.07,0.04,20.0,0.97,1.64,0.96,20.0,0.99,3421.69,,,0.01,0.02,2357.46567,1776370756000
1776370759.058,259.058,0.02,18.05,0.01,3470.89,0.03,19.03,0.04,35.21,0.97,124.07,0.96,25.21,0.98,26.79,0.99,3421.69,0.01,0.01,2357.389841,1776370757000
1776370759.279,259.279,0.02,19.05,0.01,3470.89,0.04,38.18,0.05,15.0,0.96,33.39,0.95,15.0,0.98,18.05,0.99,3470.89,0.02,0.02,2357.389841,1776370757000
1776370759.539,259.539,0.02,24.05,0.01,3470.89,0.06,56.83,0.07,10.0,0.96,29.72,0.95,15.0,0.98,14.05,0.99,3470.89,0.04,0.02,2357.349559,1776370758000
1776370759.991,259.991,0.02,13.91,0.01,3470.89,0.04,5.13,0.05,15.3,0.96,10.0,0.95,10.0,0.98,13.91,0.99,3470.89,0.02,0.02,2357.347906,1776370759000
1776370760.42,260.42,0.02,1.58,0.01,3470.89,0.04,5.13,0.05,15.3,0.96,5.13,0.95,15.3,0.98,13.91,0.99,3470.89,0.02,0.02,2357.347906,1776370759000
1776370760.762,260.762,0.01,3470.43,,,0.02,22.08,0.03,10.0,0.96,5.13,0.95,15.3,0.99,3470.43,,,0.01,0.03,2357.347906,1776370759000
1776370760.997,260.997,0.01,3450.43,,,0.02,22.08,0.03,10.0,0.98,22.08,0.97,10.0,0.99,3470.43,,,0.01,0.01,2357.347906,1776370759000
1776370761.421,261.421,0.01,3240.14,,,0.03,10.0,0.04,10.13,0.97,10.0,0.96,5.13,0.99,3345.59,,,0.02,0.02,2357.347906,1776370759000
1776370761.73,261.73,0.01,3160.14,,,0.03,10.0,0.04,10.13,0.97,10.0,0.96,10.13,0.99,3240.14,,,0.02,0.02,2357.347906,1776370759000
1776370762.637,262.637,0.01,3121.06,,,0.03,10.0,0.04,10.13,0.97,10.0,0.96,10.13,0.99,3160.14,,,0.02,0.02,2357.397535,1776370761000
1776370762.961,262.961,0.01,3121.06,,,0.03,9.9,0.04,10.13,0.97,10.0,0.96,10.13,0.99,3121.06,,,0.02,0.02,2357.397535,1776370761000
1776370763.472,263.472,0.01,3018.05,,,0.03,9.9,0.04,10.13,0.97,9.9,0.96,10.13,0.99,3121.06,,,0.02,0.02,2357.283586,1776370762000
1776370763.995,263.995,0.01,3001.05,,,0.04,10.13,0.05,116.1,0.97,9.9,0.96,10.13,0.99,3018.05,,,0.03,0.02,2357.283586,1776370762000
1776370765.017,265.017,0.01,2953.95,,,0.04,10.13,0.05,116.1,0.96,10.13,0.95,116.1,0.98,4.95,0.99,3001.05,0.03,0.02,2357.139725,1776370763000
1776370765.45,265.45,0.01,2903.44,,,0.02,30.0,0.03,10.0,0.96,10.13,0.95,116.1,0.99,2953.95,,,0.01,0.03,2357.139725,1776370763000
1776370766.346,266.346,0.01,2903.44,,,0.02,12.03,0.03,20.15,0.98,30.0,0.97,10.0,0.99,2903.44,,,0.01,0.01,2357.134508,1776370765000
1776370767.473,267.473,0.01,902.78,,,0.03,15.0,0.04,133.83,0.98,12.03,0.97,20.15,0.99,2903.44,,,0.02,0.01,2357.134508,1776370765000
1776370767.684,267.684,0.01,754.65,,,0.02,10.0,0.03,138.7,0.98,10.0,0.97,138.7,0.99,768.65,,,0.01,0.01,2357.134508,1776370765000
1776370768.016,268.016,0.01,660.92,,,0.02,10.0,0.03,138.7,0.98,10.0,0.97,138.7,0.99,662.92,,,0.01,0.01,2357.113014,1776370766000
1776370768.346,268.346,0.01,650.92,,,0.02,10.0,0.03,138.7,0.98,10.0,0.97,138.7,0.99,660.92,,,0.01,0.01,2357.113014,1776370766000
1776370768.854,268.854,0.01,731.58,,,0.02,10.0,0.03,138.7,0.98,10.0,0.97,138.7,0.99,740.92,,,0.01,0.01,2357.094625,1776370767000
1776370769.199,269.199,0.01,728.48,,,0.03,163.7,0.04,168.83,0.97,163.7,0.96,168.83,0.99,730.56,,,0.02,0.02,2357.094625,1776370767000
1776370769.475,269.475,0.01,627.48,,,0.03,163.7,0.04,108.83,0.97,163.7,0.96,168.83,0.99,728.48,,,0.02,0.02,2357.094625,1776370767000
1776370769.713,269.713,0.01,621.41,,,0.03,163.7,0.04,108.83,0.97,163.7,0.96,108.83,0.99,626.46,,,0.02,0.02,2357.076556,1776370768000
1776370770.069,270.069,0.01,591.41,,,0.03,163.7,0.04,98.83,0.97,163.7,0.96,108.83,0.99,621.41,,,0.02,0.02,2357.076556,1776370768000
1776370770.473,270.473,0.01,581.41,,,0.03,169.45,0.04,98.83,0.97,159.45,0.96,98.83,0.99,591.41,,,0.02,0.02,2356.960152,1776370769000
1776370772.463,272.463,0.01,553.24,,,0.02,193.89,0.03,159.45,0.98,188.7,0.97,169.45,0.99,558.3,,,0.01,0.01,2356.902553,1776370771000
1776370772.959,272.959,0.01,507.24,,,0.02,193.89,0.03,159.45,0.98,193.89,0.97,159.45,0.99,512.24,,,0.01,0.01,2356.902553,1776370771000
1776370773.267,273.267,0.01,471.88,,,0.02,223.89,0.03,159.45,0.98,193.89,0.97,159.45,0.99,507.24,,,0.01,0.01,2356.902553,1776370771000
1776370773.607,273.607,,,,,0.01,2053.12,0.02,213.89,0.98,223.89,0.97,159.45,0.99,471.88,,,,0.01,2356.902553,1776370771000
1776370774.031,274.031,,,,,0.01,2102.56,0.02,198.89,0.99,2053.12,0.98,213.89,,,,,,,2356.821302,1776370772000
1776370774.232,274.232,,,,,0.01,2099.84,0.02,198.89,0.99,2099.84,0.98,198.89,,,,,,,2356.821302,1776370772000
1776370780.106,280.106,,,,,0.01,2408.37,0.02,25.19,0.99,2099.84,0.98,198.89,,,,,,,2356.78088,1776370778000
1776370785.181,285.181,,,,,0.01,8197.06,0.02,25.19,0.99,2408.36,0.98,25.19,,,,,,,2356.46628,1776370783000
1776370793.072,293.072,,,,,0.01,7134.6,0.02,15.19,0.99,8197.06,0.98,25.19,,,,,,,2356.629915,1776370791000

# RESULT,winner=Down,slug=eth-updown-5m-1776370500,ticks=375
