timestamp,elapsed_sec,up_bid_p1,up_bid_s1,up_bid_p2,up_bid_s2,up_ask_p1,up_ask_s1,up_ask_p2,up_ask_s2,down_bid_p1,down_bid_s1,down_bid_p2,down_bid_s2,down_ask_p1,down_ask_s1,down_ask_p2,down_ask_s2,up_spread,down_spread,eth_price,eth_oracle_ts
1776325500.528,0.528,0.52,2.1,0.51,31.86,0.53,13.32,0.6,38.0,0.47,13.32,0.4,38.0,0.48,106.27,0.49,31.86,0.01,0.01,2350.44766,1776325499000
1776325501.457,1.457,0.52,12.1,0.51,31.86,0.53,8.32,0.54,70.0,0.47,13.32,0.4,38.0,0.48,2.1,0.49,31.86,0.01,0.01,2350.45262,1776325500000
1776325501.978,1.978,0.53,28.0,0.52,24.1,0.54,3.0,0.55,70.0,0.46,68.32,0.45,75.0,0.48,36.1,0.49,44.86,0.01,0.02,2350.45262,1776325500000
1776325503.472,3.472,0.54,90.54,0.53,38.0,0.55,66.94,0.56,75.0,0.45,68.0,0.44,70.0,0.47,28.0,0.48,24.1,0.01,0.02,2350.518496,1776325501000
1776325505.227,5.227,0.54,73.54,0.53,33.0,0.55,59.14,0.56,145.0,0.45,66.94,0.44,75.0,0.46,90.54,0.47,38.0,0.01,0.01,2350.636855,1776325503000
1776325505.993,5.993,0.54,48.54,0.53,10.0,0.55,69.14,0.56,155.0,0.45,54.14,0.44,145.0,0.46,73.54,0.47,33.0,0.01,0.01,2350.69835,1776325505000
1776325506.199,6.199,0.54,43.54,0.53,10.0,0.56,154.43,0.57,92.0,0.45,1.5,0.44,155.0,0.46,43.54,0.47,10.0,0.02,0.01,2350.69835,1776325505000
1776325506.646,6.646,0.54,38.54,0.52,7.1,0.55,74.0,0.56,151.43,0.44,154.43,0.43,92.0,0.46,43.54,0.47,10.0,0.01,0.02,2350.69835,1776325505000
1776325506.979,6.979,0.52,7.1,0.51,41.86,0.55,88.0,0.56,156.43,0.45,83.0,0.44,156.43,0.46,4.9,0.48,7.1,0.03,0.01,2350.69835,1776325505000
1776325507.247,7.247,0.52,7.1,0.51,31.86,0.54,3.25,0.55,20.0,0.47,26.39,0.46,28.0,0.48,7.1,0.49,41.86,0.02,0.01,2350.70545,1776325506000
1776325507.499,7.499,0.49,1.86,0.48,10.0,0.53,39.2,0.54,10.0,0.46,3.25,0.45,20.0,0.48,7.1,0.49,31.86,0.04,0.02,2350.70545,1776325506000
1776325507.921,7.921,0.46,31.0,0.45,13.0,0.49,3.87,0.5,90.0,0.47,39.2,0.46,10.0,0.52,6.97,0.53,10.0,0.03,0.05,2350.70545,1776325506000
1776325508.32,8.32,0.46,3.0,0.43,5.0,0.47,44.2,0.48,85.0,0.51,3.87,0.5,90.0,0.54,31.0,0.55,13.0,0.01,0.03,2350.70545,1776325506000
1776325509.044,9.044,0.35,149.4,0.34,15.0,0.39,15.0,0.4,15.0,0.61,10.0,0.6,10.0,0.62,4.9,0.64,5.5,0.04,0.01,2350.538875,1776325507000
1776325509.982,9.982,0.36,34.14,0.35,163.4,0.38,2.5,0.39,15.0,0.61,15.0,0.6,15.0,0.65,149.4,0.66,15.0,0.02,0.04,2350.387285,1776325508000
1776325510.216,10.216,0.37,21.0,0.36,34.14,0.38,18.93,0.39,15.0,0.62,2.5,0.61,15.0,0.64,34.14,0.65,163.4,0.01,0.02,2350.387285,1776325508000
1776325510.616,10.616,0.38,0.16,0.37,26.0,0.39,25.0,0.4,20.0,0.62,18.93,0.61,15.0,0.63,21.0,0.64,34.14,0.01,0.01,2350.20645,1776325509000
1776325512.254,12.254,0.38,5.16,0.37,21.0,0.4,19.37,0.41,20.0,0.61,25.0,0.6,20.0,0.62,0.16,0.63,26.0,0.02,0.01,2350.0346,1776325510000
1776325512.808,12.808,0.39,5.0,0.38,15.16,0.4,21.87,0.41,20.0,0.6,19.37,0.59,20.0,0.62,5.16,0.63,21.0,0.01,0.02,2349.975015,1776325511000
1776325514.372,14.372,0.36,8.83,0.32,14.0,0.37,54.2,0.38,95.0,0.6,21.87,0.59,20.0,0.61,5.0,0.62,15.16,0.01,0.01,2349.978139,1776325512000
1776325514.72,14.72,0.26,149.51,0.25,10.0,0.27,21.0,0.28,10.0,0.63,84.2,0.62,95.0,0.74,21.0,0.76,30.0,0.01,0.11,2349.978139,1776325512000
1776325514.962,14.962,0.3,4.71,0.28,110.0,0.33,10.0,0.34,10.0,0.73,5.0,0.7,10.0,0.74,139.51,0.75,80.0,0.03,0.01,2349.923274,1776325513000
1776325515.244,15.244,0.3,80.0,0.29,85.0,0.31,3.41,0.32,10.0,0.68,10.0,0.67,10.0,0.72,65.0,0.73,20.0,0.01,0.04,2349.923274,1776325513000
1776325515.534,15.534,0.3,68.57,0.29,75.0,0.31,17.9,0.32,15.0,0.69,5.16,0.68,15.0,0.7,68.57,0.71,70.0,0.01,0.01,2349.923274,1776325513000
1776325516.111,16.111,0.3,0.57,0.29,75.0,0.31,30.0,0.32,10.0,0.69,32.9,0.68,10.0,0.7,5.57,0.71,81.0,0.01,0.01,2350.0019,1776325514000
1776325516.462,16.462,0.3,14.85,0.29,140.0,0.31,19.0,0.32,34.0,0.69,30.0,0.68,10.0,0.7,0.57,0.71,75.0,0.01,0.01,2350.0019,1776325514000
1776325519.682,19.682,0.3,51.85,0.29,195.99,0.32,14.84,0.33,25.0,0.69,5.0,0.68,25.0,0.7,14.85,0.71,140.0,0.02,0.01,2349.466611,1776325518000
1776325521.724,21.724,0.33,58.0,0.32,26.0,0.34,9.47,0.35,15.0,0.68,14.84,0.67,25.0,0.7,51.85,0.71,195.99,0.01,0.02,2349.42289,1776325520000
1776325522.94,22.94,0.29,21.7,0.21,27.0,0.3,74.2,0.31,16.0,0.66,6.52,0.65,15.0,0.67,38.0,0.68,26.0,0.01,0.01,2349.42289,1776325521000
1776325523.702,23.702,0.23,22.0,0.21,156.9,0.25,7.6,0.26,10.0,0.73,16.84,0.72,80.0,0.78,10.0,0.79,36.9,0.02,0.05,2349.42289,1776325521000
1776325524.283,24.283,0.23,22.0,0.21,146.9,0.24,5.83,0.25,14.6,0.75,7.6,0.74,10.0,0.77,22.0,0.79,156.9,0.01,0.02,2349.564814,1776325522000
1776325524.534,24.534,0.21,96.9,0.19,77.0,0.22,5.45,0.23,10.0,0.76,5.83,0.75,14.6,0.77,22.0,0.79,146.9,0.01,0.01,2349.533915,1776325523000
1776325524.765,24.765,0.21,112.15,0.2,36.0,0.22,27.45,0.23,15.0,0.78,5.45,0.77,10.0,0.79,96.9,0.81,77.0,0.01,0.01,2349.533915,1776325523000
1776325525.005,25.005,0.21,114.11,0.2,36.0,0.22,6.35,0.23,25.0,0.78,10.9,0.77,25.0,0.79,114.11,0.8,36.0,0.01,0.01,2349.533915,1776325523000
1776325525.328,25.328,0.21,93.86,0.19,106.0,0.23,24.61,0.24,20.83,0.78,1.8,0.77,25.0,0.79,114.11,0.8,36.0,0.02,0.01,2349.067891,1776325524000
1776325527.248,27.248,0.21,23.86,0.19,70.0,0.23,42.61,0.24,45.83,0.77,24.61,0.76,20.83,0.79,93.86,0.81,106.0,0.02,0.02,2348.863685,1776325525000
1776325527.459,27.459,0.21,10.86,0.19,70.0,0.22,20.0,0.23,19.61,0.78,20.0,0.77,19.61,0.79,20.86,0.81,70.0,0.01,0.01,2348.77795,1776325526000
1776325528.602,28.602,0.21,10.86,0.19,70.0,0.26,36.76,0.27,70.0,0.78,20.0,0.77,19.61,0.79,10.86,0.81,70.0,0.05,0.01,2348.778945,1776325527000
1776325528.937,28.937,0.19,65.53,0.18,13.0,0.22,36.0,0.23,20.0,0.74,36.76,0.73,70.0,0.79,10.86,0.81,70.0,0.03,0.05,2348.778945,1776325527000
1776325529.145,29.145,0.19,60.53,0.18,13.0,0.2,37.0,0.21,23.0,0.78,36.0,0.77,20.0,0.81,65.53,0.82,13.0,0.01,0.03,2348.778945,1776325527000
1776325530.357,30.357,0.19,46.95,0.18,13.0,0.2,50.0,0.21,23.0,0.8,37.0,0.79,23.0,0.81,59.29,0.82,13.0,0.01,0.01,2348.6426,1776325529000
1776325530.952,30.952,0.19,46.95,0.18,13.0,0.2,45.0,0.21,28.0,0.8,50.0,0.79,23.0,0.81,46.95,0.82,13.0,0.01,0.01,2348.6426,1776325529000
1776325531.59,31.59,0.19,45.71,0.18,13.0,0.2,45.0,0.21,23.0,0.8,45.0,0.79,28.0,0.81,46.95,0.82,13.0,0.01,0.01,2348.58422,1776325530000
1776325532.157,32.157,0.19,45.71,0.18,13.0,0.2,60.0,0.21,23.0,0.8,45.0,0.79,23.0,0.81,45.71,0.82,13.0,0.01,0.01,2348.58422,1776325530000
1776325532.732,32.732,0.16,80.19,0.15,233.0,0.18,184.0,0.19,162.0,0.8,60.0,0.79,23.0,0.81,45.71,0.82,13.0,0.02,0.01,2348.4963,1776325531000
1776325533.019,33.019,0.16,207.19,0.15,251.01,0.17,35.0,0.18,25.0,0.82,184.0,0.81,162.0,0.84,80.19,0.85,233.0,0.01,0.02,2348.4963,1776325531000
1776325533.433,33.433,0.17,113.97,0.16,213.19,0.18,40.0,0.19,123.0,0.82,15.0,0.81,123.0,0.84,218.19,0.85,301.0,0.01,0.02,2348.4813,1776325532000
1776325534.009,34.009,0.16,73.19,0.15,32.01,0.17,168.0,0.18,209.0,0.82,40.0,0.81,123.0,0.83,113.97,0.84,213.19,0.01,0.01,2348.4813,1776325532000
1776325534.219,34.219,0.16,7.53,0.15,32.01,0.17,210.0,0.18,209.0,0.83,215.0,0.82,209.0,0.84,13.27,0.85,32.01,0.01,0.01,2348.4813,1776325532000
1776325534.558,34.558,0.14,5.95,0.12,60.0,0.15,69.0,0.16,205.0,0.85,5.0,0.84,250.0,0.86,13.28,0.88,60.0,0.01,0.01,2348.4813,1776325532000
1776325534.788,34.788,0.12,110.0,0.11,124.0,0.13,50.0,0.14,24.0,0.85,123.0,0.84,214.0,0.88,60.0,0.89,24.0,0.01,0.03,2348.4761,1776325533000
1776325535.117,35.117,0.12,135.0,0.11,204.0,0.13,117.33,0.14,72.0,0.87,68.0,0.86,59.0,0.88,140.0,0.89,204.0,0.01,0.01,2348.4761,1776325533000
1776325535.874,35.874,0.12,140.0,0.11,265.79,0.13,75.63,0.14,42.0,0.87,117.33,0.86,72.0,0.88,135.0,0.89,204.0,0.01,0.01,2348.434905,1776325534000
1776325536.869,36.869,0.12,147.3,0.11,265.79,0.13,38.0,0.14,93.0,0.87,75.63,0.86,42.0,0.88,140.0,0.89,265.79,0.01,0.01,2347.458855,1776325536000
1776325537.146,37.146,0.12,128.02,0.11,265.79,0.13,33.0,0.14,93.0,0.87,38.0,0.86,93.0,0.88,147.3,0.89,265.79,0.01,0.01,2347.458855,1776325536000
1776325537.967,37.967,0.12,42.0,0.11,165.79,0.13,42.0,0.14,93.0,0.87,33.0,0.86,93.0,0.88,163.94,0.89,265.79,0.01,0.01,2347.458855,1776325536000
1776325538.2,38.2,0.12,29.01,0.11,150.79,0.13,15.0,0.14,84.0,0.87,42.0,0.86,93.0,0.88,42.0,0.89,165.79,0.01,0.01,2347.47906,1776325537000
1776325538.406,38.406,0.13,63.06,0.12,67.0,0.14,54.39,0.15,62.17,0.86,54.39,0.85,62.17,0.87,16.0,0.88,74.01,0.01,0.01,2347.47906,1776325537000
1776325538.746,38.746,0.13,6.0,0.12,76.1,0.14,82.39,0.15,62.17,0.86,35.39,0.85,62.17,0.87,61.32,0.88,62.0,0.01,0.01,2347.47906,1776325537000
1776325539.462,39.462,0.13,54.0,0.12,86.1,0.14,55.39,0.15,53.17,0.86,82.39,0.85,62.17,0.87,6.0,0.88,76.1,0.01,0.01,2347.47906,1776325537000
1776325539.983,39.983,0.14,76.0,0.13,36.0,0.15,28.17,0.16,34.0,0.86,5.39,0.85,53.17,0.87,69.0,0.88,86.1,0.01,0.01,2347.47906,1776325537000
1776325540.234,40.234,0.14,54.0,0.13,36.0,0.15,28.17,0.16,34.0,0.85,28.17,0.84,34.0,0.86,76.0,0.87,36.0,0.01,0.01,2347.47906,1776325537000
1776325541.084,41.084,0.15,94.0,0.14,193.83,0.16,52.0,0.17,24.0,0.85,28.17,0.84,40.0,0.86,77.5,0.87,67.8,0.01,0.01,2347.47906,1776325537000
1776325541.49,41.49,0.16,171.54,0.15,148.0,0.17,12.0,0.18,20.0,0.84,52.0,0.83,24.0,0.85,94.0,0.86,193.83,0.01,0.01,2347.656796,1776325540000
1776325542.509,42.509,0.16,111.54,0.15,216.2,0.18,8.77,0.19,15.0,0.83,12.0,0.82,20.0,0.84,171.54,0.85,148.0,0.02,0.01,2347.83894,1776325541000
1776325542.911,42.911,0.17,91.0,0.16,88.54,0.19,5.0,0.2,15.0,0.82,8.77,0.81,15.0,0.84,111.54,0.85,216.2,0.02,0.02,2347.83894,1776325541000
1776325543.746,43.746,0.19,85.0,0.18,53.0,0.2,28.0,0.21,23.0,0.81,5.0,0.8,15.0,0.83,91.0,0.84,88.54,0.01,0.02,2347.982051,1776325542000
1776325543.955,43.955,0.19,84.5,0.18,53.0,0.2,28.0,0.21,23.0,0.8,28.0,0.79,23.0,0.81,85.0,0.82,53.0,0.01,0.01,2347.982051,1776325542000
1776325544.486,44.486,0.19,49.5,0.18,48.0,0.2,18.0,0.21,23.0,0.8,28.0,0.79,23.0,0.81,84.5,0.82,53.0,0.01,0.01,2348.207735,1776325543000
1776325544.809,44.809,0.19,52.56,0.18,48.0,0.2,23.0,0.21,23.0,0.8,18.0,0.79,23.0,0.81,49.5,0.82,48.0,0.01,0.01,2348.207735,1776325543000
1776325545.944,45.944,0.19,46.21,0.18,62.4,0.2,18.0,0.21,23.0,0.8,23.0,0.79,23.0,0.81,52.56,0.82,48.0,0.01,0.01,2348.272352,1776325544000
1776325546.419,46.419,0.19,60.92,0.18,67.4,0.2,13.0,0.21,62.09,0.8,13.0,0.79,62.09,0.81,65.92,0.82,62.4,0.01,0.01,2348.39617,1776325545000
1776325548.002,48.002,0.19,43.16,0.18,62.4,0.2,37.5,0.21,67.09,0.8,13.0,0.79,62.09,0.81,43.16,0.82,67.4,0.01,0.01,2348.3899,1776325546000
1776325548.276,48.276,0.19,33.16,0.18,62.4,0.2,62.5,0.21,67.09,0.8,37.5,0.79,67.09,0.81,43.16,0.82,62.4,0.01,0.01,2348.3899,1776325546000
1776325548.65,48.65,0.19,25.16,0.18,49.4,0.2,72.5,0.21,67.09,0.8,62.5,0.79,67.09,0.81,33.16,0.82,62.4,0.01,0.01,2348.396125,1776325547000
1776325550.484,50.484,0.16,146.86,0.15,278.2,0.19,20.0,0.2,54.5,0.8,72.5,0.79,67.09,0.82,44.4,0.83,60.5,0.03,0.02,2348.3809,1776325549000
1776325551.958,51.958,0.19,57.0,0.18,209.0,0.2,23.93,0.21,15.0,0.81,20.0,0.8,54.5,0.84,146.86,0.85,278.2,0.01,0.03,2348.371855,1776325551000
1776325554.281,54.281,0.22,85.92,0.21,162.0,0.24,26.32,0.25,21.0,0.79,5.0,0.78,15.0,0.8,22.0,0.81,112.0,0.02,0.01,2348.36602,1776325552000
1776325556.184,56.184,0.23,57.11,0.22,12.0,0.24,45.51,0.25,21.0,0.76,26.32,0.75,21.0,0.78,85.92,0.79,162.0,0.01,0.02,2348.659225,1776325554000
1776325556.478,56.478,0.23,48.12,0.22,12.0,0.24,45.51,0.25,21.0,0.76,45.51,0.75,21.0,0.77,57.11,0.78,12.0,0.01,0.01,2348.85255,1776325555000
1776325557.422,57.422,0.23,41.73,0.22,12.0,0.24,45.51,0.25,21.0,0.76,45.51,0.75,21.0,0.77,48.12,0.78,12.0,0.01,0.01,2348.84265,1776325556000
1776325559.876,59.876,0.23,10.73,0.21,70.0,0.24,133.19,0.25,39.0,0.76,45.51,0.75,21.0,0.77,41.73,0.78,12.0,0.01,0.01,2348.8477,1776325558000
1776325560.089,60.089,0.21,65.0,0.18,78.0,0.22,10.0,0.23,47.0,0.76,170.76,0.75,100.49,0.79,70.0,0.82,78.0,0.01,0.03,2348.78756,1776325559000
1776325560.61,60.61,0.16,100.06,0.15,154.0,0.17,15.0,0.18,18.0,0.78,58.0,0.77,47.0,0.79,57.0,0.82,78.0,0.01,0.01,2348.78756,1776325559000
1776325560.885,60.885,0.16,95.06,0.15,83.99,0.17,37.0,0.18,23.0,0.83,15.0,0.82,18.0,0.84,100.06,0.85,154.0,0.01,0.01,2348.78756,1776325559000
1776325561.562,61.562,0.16,248.05,0.15,107.0,0.17,10.4,0.18,15.0,0.83,37.0,0.82,23.0,0.84,95.06,0.85,83.99,0.01,0.01,2348.78311,1776325560000
1776325563.335,63.335,0.16,236.05,0.15,107.0,0.17,15.0,0.18,15.0,0.83,10.4,0.82,15.0,0.84,248.05,0.85,107.0,0.01,0.01,2348.463898,1776325561000
1776325564.393,64.393,0.16,17.06,0.14,103.0,0.17,57.0,0.18,10.0,0.83,15.0,0.82,15.0,0.84,236.05,0.85,107.0,0.01,0.01,2348.25652,1776325563000
1776325564.639,64.639,0.14,79.99,0.13,40.0,0.15,30.0,0.16,20.0,0.83,80.0,0.82,24.0,0.86,89.99,0.87,40.0,0.01,0.03,2348.25652,1776325563000
1776325565.121,65.121,0.14,72.16,0.13,40.0,0.15,25.0,0.16,20.0,0.85,30.0,0.84,20.0,0.86,79.99,0.87,40.0,0.01,0.01,2348.21828,1776325564000
1776325565.737,65.737,0.14,67.02,0.13,40.0,0.15,30.0,0.16,20.0,0.85,25.0,0.84,20.0,0.86,72.16,0.87,40.0,0.01,0.01,2348.21828,1776325564000
1776325566.455,66.455,0.13,12.99,0.12,56.0,0.14,53.0,0.15,25.0,0.85,30.0,0.84,20.0,0.86,67.02,0.87,40.0,0.01,0.01,2348.190315,1776325565000
1776325567.161,67.161,0.13,4.0,0.12,61.0,0.14,41.0,0.15,49.71,0.86,53.0,0.85,25.0,0.87,12.99,0.88,56.0,0.01,0.01,2348.190315,1776325565000
1776325567.736,67.736,0.13,2.26,0.12,61.0,0.14,46.0,0.15,49.71,0.86,41.0,0.85,49.71,0.87,4.0,0.88,61.0,0.01,0.01,2347.963696,1776325566000
1776325568.639,68.639,0.12,74.02,0.11,123.0,0.13,10.0,0.14,15.0,0.86,46.0,0.85,49.71,0.88,60.02,0.89,123.0,0.01,0.02,2347.95117,1776325567000
1776325569.449,69.449,0.12,11.02,0.11,112.99,0.13,75.23,0.14,28.0,0.87,10.0,0.86,15.0,0.88,74.02,0.89,123.0,0.01,0.01,2347.843155,1776325568000
1776325570.622,70.622,0.12,11.02,0.11,112.99,0.13,90.96,0.14,36.0,0.87,62.53,0.86,28.0,0.88,11.02,0.89,112.99,0.01,0.01,2347.843155,1776325568000
1776325570.915,70.915,0.12,6.02,0.11,96.99,0.13,39.13,0.14,36.0,0.87,90.96,0.86,36.0,0.88,11.02,0.89,112.99,0.01,0.01,2347.843155,1776325568000
1776325571.485,71.485,0.11,10.0,0.1,43.99,0.12,5.98,0.13,127.13,0.87,39.13,0.86,36.0,0.88,6.02,0.89,96.99,0.01,0.01,2347.844407,1776325569000
1776325571.919,71.919,0.1,7.92,0.09,42.99,0.11,59.74,0.12,35.98,0.89,5.0,0.88,26.98,0.9,17.92,0.91,15.0,0.01,0.01,2347.718525,1776325570000
1776325572.119,72.119,0.1,26.8,0.09,31.99,0.11,28.0,0.12,35.98,0.89,59.74,0.88,35.98,0.9,7.92,0.91,42.99,0.01,0.01,2347.718525,1776325570000
1776325572.493,72.493,0.1,5.69,0.09,31.99,0.11,50.0,0.12,35.98,0.89,28.0,0.88,35.98,0.9,26.8,0.91,31.99,0.01,0.01,2347.718525,1776325570000
1776325573.733,73.733,0.09,3.59,0.08,73.0,0.11,35.0,0.12,26.98,0.89,50.0,0.88,35.98,0.9,5.69,0.91,31.99,0.02,0.01,2347.6928,1776325572000
1776325574.008,74.008,0.09,13.59,0.08,73.0,0.11,28.0,0.12,26.98,0.89,35.0,0.88,26.98,0.91,3.59,0.92,73.0,0.02,0.02,2347.392445,1776325573000
1776325574.788,74.788,0.1,73.99,0.09,77.46,0.12,16.23,0.13,87.12,0.89,28.0,0.88,26.98,0.91,22.47,0.92,73.0,0.02,0.02,2347.392445,1776325573000
1776325575.442,75.442,0.11,15.99,0.1,126.99,0.12,0.39,0.13,82.12,0.88,3.73,0.87,82.12,0.9,91.99,0.91,77.46,0.01,0.02,2347.392445,1776325573000
1776325576.007,76.007,0.11,15.0,0.1,126.99,0.12,7.26,0.13,57.99,0.88,0.39,0.87,82.12,0.89,15.99,0.9,126.99,0.01,0.01,2347.442166,1776325574000
1776325577.887,77.887,0.12,174.99,0.11,58.0,0.13,35.99,0.14,13.0,0.88,7.26,0.87,57.99,0.89,15.0,0.9,126.99,0.01,0.01,2347.614325,1776325576000
1776325579.03,79.03,0.14,107.99,0.13,52.0,0.15,28.04,0.16,115.58,0.85,34.71,0.84,21.0,0.88,179.99,0.89,58.0,0.01,0.03,2347.618255,1776325577000
1776325581.34,81.34,0.15,20.5,0.14,132.99,0.16,71.07,0.17,21.02,0.85,28.04,0.84,115.58,0.86,107.99,0.87,52.0,0.01,0.01,2347.99403,1776325579000
1776325581.657,81.657,0.15,119.31,0.14,43.0,0.16,71.07,0.17,21.02,0.84,71.07,0.83,21.02,0.85,20.5,0.86,132.99,0.01,0.01,2347.99403,1776325579000
1776325583.751,83.751,0.15,60.14,0.14,95.03,0.16,45.0,0.17,58.84,0.84,71.07,0.83,21.02,0.85,119.31,0.86,43.0,0.01,0.01,2348.076315,1776325582000
1776325584.021,84.021,0.15,20.5,0.11,74.99,0.16,558.93,0.17,144.1,0.84,45.0,0.83,58.84,0.85,60.14,0.86,95.03,0.01,0.01,2348.076315,1776325582000
1776325585.126,85.126,0.11,82.99,0.1,342.0,0.12,71.83,0.13,20.0,0.87,15.0,0.86,10.0,0.89,69.99,0.9,342.0,0.01,0.02,2348.0542,1776325584000
1776325587.504,87.504,0.11,13.08,0.1,394.03,0.12,53.17,0.13,20.0,0.88,76.83,0.87,20.0,0.89,77.99,0.9,342.0,0.01,0.01,2347.749493,1776325586000
1776325587.901,87.901,0.11,6.46,0.1,394.03,0.12,53.17,0.13,20.0,0.88,48.17,0.87,20.0,0.89,11.46,0.9,394.03,0.01,0.01,2347.749493,1776325586000
1776325588.514,88.514,0.1,291.99,0.09,82.0,0.12,97.17,0.13,28.0,0.88,53.17,0.87,20.0,0.89,6.46,0.9,394.03,0.02,0.01,2347.701205,1776325587000
1776325589.27,89.27,0.1,286.99,0.09,82.0,0.11,87.03,0.12,25.0,0.88,25.0,0.87,20.0,0.9,276.99,0.91,82.0,0.01,0.02,2347.696815,1776325588000
1776325589.508,89.508,0.1,281.99,0.09,82.0,0.11,87.03,0.12,25.0,0.89,87.03,0.88,25.0,0.9,286.99,0.91,82.0,0.01,0.01,2347.696815,1776325588000
1776325590.093,90.093,0.1,210.0,0.09,126.03,0.11,59.1,0.12,25.0,0.89,87.03,0.88,25.0,0.9,281.99,0.91,82.0,0.01,0.01,2347.696815,1776325588000
1776325591.691,91.691,0.1,277.01,0.09,74.0,0.11,55.72,0.12,15.0,0.89,59.1,0.88,25.0,0.9,210.0,0.91,126.03,0.01,0.01,2347.701568,1776325590000
1776325593.289,93.289,0.1,213.02,0.09,72.0,0.11,61.62,0.12,15.0,0.89,55.72,0.88,15.0,0.9,277.01,0.91,74.0,0.01,0.01,2347.559645,1776325592000
1776325594.454,94.454,0.1,351.01,0.09,66.0,0.11,10.59,0.12,5.0,0.89,61.62,0.88,15.0,0.9,213.02,0.91,72.0,0.01,0.01,2347.610945,1776325593000
1776325594.661,94.661,0.1,353.32,0.09,66.0,0.11,10.59,0.12,5.0,0.89,10.59,0.88,5.0,0.9,351.01,0.91,66.0,0.01,0.01,2347.610945,1776325593000
1776325596.033,96.033,0.1,336.32,0.09,76.0,0.11,137.59,0.12,127.63,0.89,10.59,0.88,5.0,0.9,353.32,0.91,66.0,0.01,0.01,2347.671923,1776325594000
1776325596.72,96.72,0.1,336.32,0.09,72.0,0.11,206.82,0.12,160.63,0.89,137.59,0.88,127.63,0.9,336.32,0.91,76.0,0.01,0.01,2347.7288,1776325595000
1776325597.507,97.507,0.1,331.32,0.09,66.0,0.11,216.82,0.12,174.09,0.89,206.82,0.88,160.63,0.9,336.32,0.91,72.0,0.01,0.01,2347.85963,1776325596000
1776325598.354,98.354,0.1,277.32,0.09,66.0,0.11,236.82,0.12,190.38,0.89,216.82,0.88,174.09,0.9,331.32,0.91,66.0,0.01,0.01,2347.85963,1776325596000
1776325599.068,99.068,0.1,275.6,0.09,66.0,0.11,231.0,0.12,182.38,0.89,236.82,0.88,190.38,0.9,275.6,0.91,66.0,0.01,0.01,2347.785045,1776325598000
1776325599.372,99.372,0.1,198.61,0.09,66.0,0.11,152.33,0.12,82.38,0.89,231.0,0.88,182.38,0.9,275.6,0.91,66.0,0.01,0.01,2347.785045,1776325598000
1776325599.631,99.631,0.1,168.61,0.09,95.99,0.11,162.33,0.12,105.38,0.89,152.33,0.88,82.38,0.9,198.61,0.91,66.0,0.01,0.01,2347.785045,1776325598000
1776325601.665,101.665,0.1,130.38,0.09,80.99,0.11,246.55,0.12,45.0,0.89,169.33,0.88,105.38,0.9,130.38,0.91,95.99,0.01,0.01,2347.72844,1776325600000
1776325602.109,102.109,0.1,47.08,0.09,23.0,0.11,246.55,0.12,45.0,0.89,246.55,0.88,45.0,0.9,130.38,0.91,80.99,0.01,0.01,2347.72844,1776325600000
1776325603.208,103.208,0.1,45.71,0.09,82.99,0.11,251.55,0.12,45.0,0.89,246.55,0.88,45.0,0.9,47.08,0.91,23.0,0.01,0.01,2347.697345,1776325601000
1776325604.4,104.4,0.1,10.94,0.09,82.99,0.11,251.55,0.12,124.81,0.89,251.55,0.88,45.0,0.9,45.71,0.91,82.99,0.01,0.01,2347.663489,1776325603000
1776325604.706,104.706,0.1,10.94,0.09,82.99,0.11,584.58,0.12,124.81,0.89,251.55,0.88,124.81,0.9,10.94,0.91,82.99,0.01,0.01,2347.663489,1776325603000
1776325606.091,106.091,0.1,10.94,0.09,82.99,0.11,146.54,0.12,45.0,0.89,584.58,0.88,124.81,0.9,10.94,0.91,82.99,0.01,0.01,2347.593835,1776325604000
1776325606.75,106.75,0.1,2.76,0.09,82.99,0.11,566.38,0.12,124.81,0.89,146.54,0.88,45.0,0.9,10.94,0.91,82.99,0.01,0.01,2347.666926,1776325605000
1776325607.979,107.979,0.1,4.58,0.09,23.0,0.11,632.13,0.12,124.81,0.89,566.38,0.88,124.81,0.9,2.76,0.91,82.99,0.01,0.01,2347.62494,1776325606000
1776325611.131,111.131,0.1,4.58,0.09,15.0,0.11,70.44,0.12,119.62,0.89,632.13,0.88,124.81,0.9,4.58,0.91,23.0,0.01,0.01,2347.576715,1776325610000
1776325612.606,112.606,0.09,5.0,0.08,101.99,0.1,95.0,0.11,152.23,0.89,70.44,0.88,119.62,0.9,4.58,0.91,15.0,0.01,0.01,2347.655299,1776325611000
1776325616.406,116.406,0.08,33.0,0.07,131.03,0.1,130.0,0.11,157.23,0.9,95.0,0.89,152.23,0.91,5.0,0.92,101.99,0.02,0.01,2347.544925,1776325614000
1776325620.702,120.702,0.08,17.9,0.07,15.0,0.09,130.0,0.1,115.0,0.9,130.0,0.89,157.23,0.92,33.0,0.93,131.03,0.01,0.02,2347.581053,1776325618000
1776325621.301,121.301,0.08,17.9,0.07,15.0,0.09,124.92,0.1,121.0,0.91,130.0,0.9,115.0,0.92,17.9,0.93,15.0,0.01,0.01,2347.433925,1776325619000
1776325622.846,122.846,0.07,1.7,0.06,113.99,0.08,144.52,0.09,78.92,0.91,119.92,0.9,127.0,0.93,6.7,0.94,95.99,0.01,0.02,2347.405345,1776325620000
1776325623.12,123.12,0.07,10.0,0.06,113.99,0.08,119.04,0.09,83.92,0.92,144.52,0.91,78.92,0.93,1.7,0.94,113.99,0.01,0.01,2347.405345,1776325620000
1776325623.577,123.577,0.07,176.51,0.06,160.0,0.08,90.04,0.09,63.46,0.92,124.04,0.91,78.92,0.93,1.52,0.94,113.99,0.01,0.01,2347.4239,1776325621000
1776325624.065,124.065,0.08,239.99,0.07,80.52,0.09,45.5,0.1,30.0,0.91,60.5,0.9,42.0,0.93,200.51,0.94,160.0,0.01,0.02,2347.4239,1776325621000
1776325624.874,124.874,0.09,126.07,0.08,69.0,0.1,5.0,0.11,20.12,0.9,30.0,0.89,11.12,0.92,239.99,0.93,80.52,0.01,0.02,2347.328435,1776325623000
1776325625.09,125.09,0.09,137.77,0.08,69.0,0.1,256.83,0.11,20.12,0.9,256.83,0.89,20.12,0.91,137.93,0.92,69.0,0.01,0.01,2347.328435,1776325623000
1776325626.481,126.481,0.09,172.99,0.08,182.0,0.1,251.83,0.12,39.0,0.9,256.83,0.89,20.12,0.91,137.77,0.92,69.0,0.01,0.01,2347.43553,1776325624000
1776325626.982,126.982,0.09,159.61,0.08,182.0,0.1,86.41,0.11,111.47,0.9,237.83,0.88,39.0,0.91,167.99,0.92,182.0,0.01,0.01,2347.85772,1776325625000
1776325628.535,128.535,0.09,5.0,0.08,20.0,0.1,351.95,0.11,40.0,0.9,86.41,0.89,111.47,0.91,159.61,0.92,182.0,0.01,0.01,2347.931185,1776325626000
1776325628.769,128.769,0.08,102.81,0.07,104.52,0.09,10.0,0.1,357.95,0.9,356.95,0.89,40.0,0.92,104.99,0.93,104.52,0.01,0.02,2347.931185,1776325626000
1776325629.065,129.065,0.06,27.0,0.05,110.0,0.09,419.76,0.1,174.41,0.91,10.0,0.9,357.95,0.92,102.81,0.93,104.52,0.03,0.01,2348.04986,1776325627000
1776325629.402,129.402,0.06,122.0,0.05,130.0,0.07,66.0,0.08,142.0,0.91,419.76,0.9,174.41,0.94,27.0,0.95,110.0,0.01,0.03,2348.04986,1776325627000
1776325629.764,129.764,0.06,110.0,0.05,224.99,0.07,29.71,0.08,142.0,0.93,66.0,0.92,142.0,0.94,122.0,0.95,130.0,0.01,0.01,2348.04986,1776325627000
1776325630.741,130.741,0.06,44.0,0.05,224.99,0.07,45.86,0.08,163.0,0.93,29.71,0.92,142.0,0.94,110.0,0.95,224.99,0.01,0.01,2348.164306,1776325628000
1776325631.017,131.017,0.05,114.99,0.04,172.5,0.07,108.71,0.08,263.0,0.93,45.86,0.92,163.0,0.94,44.0,0.95,224.99,0.02,0.01,2347.90992,1776325629000
1776325631.275,131.275,0.05,114.99,0.04,172.5,0.07,118.71,0.08,263.0,0.93,108.71,0.92,263.0,0.95,114.99,0.96,172.5,0.02,0.02,2347.90992,1776325629000
1776325631.668,131.668,0.05,109.73,0.04,160.0,0.07,101.56,0.08,263.0,0.93,118.71,0.92,263.0,0.95,99.73,0.96,160.0,0.02,0.02,2347.90992,1776325629000
1776325632.041,132.041,0.05,80.04,0.04,160.0,0.07,101.56,0.08,263.0,0.93,101.56,0.92,263.0,0.95,109.73,0.96,160.0,0.02,0.02,2347.90992,1776325629000
1776325632.891,132.891,0.05,57.03,0.04,160.0,0.07,144.19,0.08,263.0,0.93,106.56,0.92,263.0,0.95,80.04,0.96,160.0,0.02,0.02,2347.542291,1776325630000
1776325635.057,135.057,0.06,227.99,0.05,114.99,0.07,18.63,0.09,130.0,0.93,144.19,0.92,263.0,0.95,57.03,0.96,160.0,0.01,0.02,2347.37962,1776325633000
1776325635.294,135.294,0.06,66.96,0.05,87.99,0.07,93.2,0.08,115.0,0.93,18.63,0.91,130.0,0.94,227.99,0.95,114.99,0.01,0.01,2347.37962,1776325633000
1776325635.832,135.832,0.05,32.96,0.04,142.0,0.06,115.0,0.07,128.2,0.93,93.2,0.92,115.0,0.94,66.96,0.95,87.99,0.01,0.01,2347.39749,1776325634000
1776325638.899,138.899,0.05,13.94,0.04,142.0,0.06,125.64,0.07,128.2,0.94,115.0,0.93,128.2,0.95,32.96,0.96,142.0,0.01,0.01,2347.387731,1776325637000
1776325640.596,140.596,0.04,47.0,0.03,335.96,0.05,180.0,0.06,345.94,0.94,125.64,0.93,128.2,0.95,13.94,0.96,142.0,0.01,0.01,2347.32243,1776325639000
1776325640.862,140.862,0.04,42.0,0.03,335.96,0.05,173.0,0.06,410.94,0.95,180.0,0.94,345.94,0.96,47.0,0.97,335.96,0.01,0.01,2347.32243,1776325639000
1776325641.201,141.201,0.04,32.89,0.03,355.0,0.05,127.0,0.06,385.68,0.95,148.0,0.94,444.74,0.96,35.89,0.97,335.96,0.01,0.01,2347.32278,1776325640000
1776325641.456,141.456,0.04,22.89,0.03,355.0,0.05,127.0,0.06,385.68,0.95,127.0,0.94,385.68,0.96,32.89,0.97,355.0,0.01,0.01,2347.32278,1776325640000
1776325641.729,141.729,0.04,2.05,0.03,355.0,0.05,157.0,0.06,385.68,0.95,137.0,0.94,385.68,0.96,17.47,0.97,355.0,0.01,0.01,2347.32278,1776325640000
1776325642.249,142.249,0.03,352.05,0.02,600.69,0.05,155.0,0.06,373.74,0.95,157.0,0.94,385.68,0.96,2.05,0.97,355.0,0.02,0.01,2347.320805,1776325641000
1776325642.487,142.487,0.03,301.19,0.02,639.69,0.04,224.0,0.05,161.05,0.95,155.0,0.94,373.74,0.97,352.05,0.98,600.69,0.01,0.02,2347.320805,1776325641000
1776325642.885,142.885,0.03,300.15,0.02,639.69,0.04,209.64,0.05,143.05,0.96,214.64,0.95,161.05,0.97,301.19,0.98,639.69,0.01,0.01,2347.320805,1776325641000
1776325643.263,143.263,0.03,416.14,0.02,648.69,0.04,58.25,0.05,105.0,0.96,209.0,0.95,105.0,0.97,378.14,0.98,592.66,0.01,0.01,2346.999795,1776325642000
1776325644.513,144.513,0.03,371.14,0.02,648.69,0.05,11.8,0.06,411.73,0.96,5.75,0.95,105.0,0.97,411.14,0.98,648.69,0.02,0.01,2346.926433,1776325643000
1776325644.805,144.805,0.03,208.09,0.02,256.0,0.04,175.94,0.05,197.8,0.95,95.94,0.94,285.79,0.97,223.09,0.98,397.03,0.01,0.02,2346.926433,1776325643000
1776325645.007,145.007,0.03,7.09,0.02,250.0,0.04,172.94,0.05,218.49,0.96,172.94,0.95,188.49,0.97,107.09,0.98,250.0,0.01,0.01,2346.926433,1776325643000
1776325645.228,145.228,0.02,277.0,0.01,2878.85,0.03,128.0,0.04,366.69,0.97,103.0,0.96,172.94,0.98,198.0,0.99,2653.89,0.01,0.01,2346.952616,1776325644000
1776325646.541,146.541,0.02,357.9,0.01,2981.82,0.03,103.0,0.04,165.94,0.97,128.0,0.96,366.69,0.98,277.0,0.99,2878.85,0.01,0.01,2346.96463,1776325645000
1776325647.804,147.804,0.02,660.57,0.01,3530.85,0.03,143.0,0.04,36.0,0.97,103.0,0.96,165.94,0.98,357.9,0.99,2981.82,0.01,0.01,2346.638156,1776325646000
1776325648.838,148.838,0.02,778.57,0.01,3130.85,0.04,36.0,0.05,30.69,0.97,143.0,0.96,36.0,0.98,660.57,0.99,3530.85,0.02,0.01,2346.701905,1776325647000
1776325649.463,149.463,0.03,454.68,0.02,739.57,0.04,3.0,0.05,30.69,0.96,36.0,0.95,30.69,0.98,778.57,0.99,3130.85,0.01,0.02,2346.701905,1776325647000
1776325650.395,150.395,0.03,444.37,0.02,739.57,0.05,8.09,0.06,83.94,0.96,3.0,0.95,30.69,0.97,449.37,0.98,739.57,0.02,0.01,2346.77682,1776325649000
1776325650.884,150.884,0.04,181.84,0.03,397.34,0.05,13.09,0.06,83.94,0.95,8.09,0.94,83.94,0.97,444.37,0.98,739.57,0.01,0.02,2346.77682,1776325649000
1776325651.314,151.314,0.04,239.8,0.03,397.34,0.06,94.03,0.07,5.0,0.95,13.09,0.94,83.94,0.96,181.84,0.97,397.34,0.02,0.01,2347.179411,1776325650000
1776325651.546,151.546,0.05,67.71,0.04,329.63,0.06,99.03,0.07,5.0,0.94,94.03,0.93,5.0,0.96,239.8,0.97,397.34,0.01,0.02,2347.179411,1776325650000
1776325651.832,151.832,0.06,104.58,0.05,77.71,0.08,221.0,0.09,67.99,0.93,0.03,0.92,221.0,0.95,72.71,0.96,329.63,0.02,0.02,2347.179411,1776325650000
1776325652.651,152.651,0.07,69.67,0.06,129.58,0.08,205.0,0.09,26.0,0.92,215.0,0.91,67.99,0.93,49.67,0.94,149.58,0.01,0.01,2347.38295,1776325651000
1776325652.872,152.872,0.07,54.67,0.06,129.58,0.08,205.0,0.09,26.0,0.92,205.0,0.91,26.0,0.93,69.67,0.94,129.58,0.01,0.01,2347.38295,1776325651000
1776325653.941,153.941,0.07,35.67,0.06,100.0,0.08,205.0,0.09,200.7,0.92,205.0,0.91,26.0,0.93,54.67,0.94,129.58,0.01,0.01,2347.383,1776325652000
1776325654.631,154.631,0.06,36.84,0.05,108.99,0.07,15.0,0.08,205.0,0.92,205.0,0.91,200.7,0.93,35.67,0.94,100.0,0.01,0.01,2347.5575,1776325653000
1776325654.907,154.907,0.06,26.84,0.05,108.99,0.07,134.08,0.08,211.0,0.93,15.0,0.92,205.0,0.94,36.84,0.95,108.99,0.01,0.01,2347.5575,1776325653000
1776325655.298,155.298,0.06,31.84,0.05,108.99,0.07,10.0,0.08,285.64,0.93,134.08,0.92,211.0,0.94,26.84,0.95,108.99,0.01,0.01,2347.5575,1776325653000
1776325657.282,157.282,0.05,117.0,0.04,61.0,0.06,64.0,0.07,66.99,0.93,20.0,0.92,285.64,0.94,28.68,0.95,108.99,0.01,0.01,2347.58798,1776325655000
1776325658.078,158.078,0.05,112.0,0.04,61.0,0.06,84.0,0.07,73.05,0.94,64.0,0.93,66.99,0.95,117.0,0.96,61.0,0.01,0.01,2347.62514,1776325656000
1776325658.906,158.906,0.04,50.0,0.03,231.38,0.05,15.0,0.06,84.05,0.94,84.0,0.93,73.05,0.95,112.0,0.96,61.0,0.01,0.01,2347.659427,1776325657000
1776325659.71,159.71,0.04,45.0,0.03,32.69,0.05,71.0,0.06,97.05,0.95,15.0,0.94,84.05,0.96,50.0,0.97,231.38,0.01,0.01,2347.4884,1776325658000
1776325660.523,160.523,0.04,45.0,0.03,9.69,0.05,55.0,0.06,167.85,0.95,71.0,0.94,97.05,0.96,45.0,0.97,32.69,0.01,0.01,2347.4884,1776325658000
1776325661.457,161.457,0.05,23.54,0.04,25.4,0.06,158.79,0.07,94.3,0.95,25.0,0.94,163.79,0.96,25.4,0.97,46.69,0.01,0.01,2347.262987,1776325660000
1776325662.53,162.53,0.05,18.54,0.04,25.4,0.06,231.79,0.07,141.3,0.94,158.79,0.93,94.3,0.95,23.54,0.96,25.4,0.01,0.01,2347.116405,1776325661000
1776325666.438,166.438,0.05,25.41,0.04,35.4,0.06,52.99,0.07,115.3,0.94,231.79,0.93,141.3,0.95,18.54,0.96,25.4,0.01,0.01,2347.13962,1776325665000
1776325666.678,166.678,0.05,36.78,0.04,35.4,0.06,5.0,0.07,55.0,0.94,52.99,0.93,115.3,0.95,27.28,0.96,35.4,0.01,0.01,2347.13962,1776325665000
1776325666.897,166.897,0.05,66.78,0.04,66.4,0.07,69.94,0.08,339.54,0.94,5.0,0.93,55.0,0.95,36.78,0.96,35.4,0.02,0.01,2347.13962,1776325665000
1776325670.923,170.923,0.05,123.78,0.04,35.4,0.06,51.25,0.07,58.99,0.93,69.94,0.92,339.54,0.95,66.78,0.96,66.4,0.01,0.02,2347.55481,1776325670000
1776325671.362,171.362,0.05,133.78,0.04,35.4,0.06,80.19,0.07,119.29,0.94,51.25,0.93,58.99,0.95,123.78,0.96,35.4,0.01,0.01,2347.55481,1776325670000
1776325671.866,171.866,0.05,123.78,0.04,35.4,0.06,160.78,0.07,118.29,0.94,80.19,0.93,119.29,0.95,133.78,0.96,35.4,0.01,0.01,2347.55481,1776325670000
1776325672.795,172.795,0.04,34.1,0.03,125.68,0.06,171.78,0.07,118.29,0.94,160.78,0.93,118.29,0.95,123.78,0.96,35.4,0.02,0.01,2347.57111,1776325671000
1776325673.42,173.42,0.04,19.1,0.03,9.69,0.05,115.05,0.06,249.41,0.94,171.78,0.93,118.29,0.96,34.1,0.97,125.68,0.01,0.02,2347.45519,1776325672000
1776325674.225,174.225,0.04,9.1,0.03,9.69,0.05,190.85,0.06,330.11,0.95,127.05,0.94,249.41,0.96,14.1,0.97,9.69,0.01,0.01,2347.37515,1776325673000
1776325674.496,174.496,0.04,5.14,0.03,9.69,0.05,207.85,0.06,250.41,0.95,190.85,0.94,330.11,0.96,9.1,0.97,9.69,0.01,0.01,2347.37515,1776325673000
1776325675.057,175.057,0.04,0.14,0.03,9.69,0.05,195.85,0.06,250.41,0.95,207.85,0.94,250.41,0.96,5.14,0.97,9.69,0.01,0.01,2347.37515,1776325673000
1776325675.922,175.922,0.04,13.43,0.03,9.69,0.05,140.85,0.06,194.41,0.95,195.85,0.94,250.41,0.96,0.14,0.97,9.69,0.01,0.01,2347.331585,1776325674000
1776325678.673,178.673,0.03,8.12,0.02,297.9,0.05,175.78,0.06,244.41,0.95,140.85,0.94,194.41,0.96,13.43,0.97,9.69,0.02,0.01,2347.317585,1776325677000
1776325679.261,179.261,0.03,3.12,0.02,273.9,0.04,117.7,0.05,155.84,0.95,175.78,0.94,244.41,0.97,8.12,0.98,297.9,0.01,0.02,2347.31908,1776325678000
1776325679.758,179.758,0.03,9.98,0.02,273.9,0.04,127.7,0.05,150.84,0.96,117.7,0.95,155.84,0.97,3.12,0.98,273.9,0.01,0.01,2347.31908,1776325678000
1776325680.367,180.367,0.03,4.82,0.02,309.9,0.04,158.7,0.05,170.78,0.96,127.7,0.95,150.84,0.97,9.98,0.98,273.9,0.01,0.01,2347.260845,1776325679000
1776325680.933,180.933,0.03,15.0,0.02,364.44,0.04,85.7,0.05,130.79,0.96,133.7,0.95,170.78,0.98,304.45,0.99,3491.86,0.01,0.02,2347.260845,1776325679000
1776325681.472,181.472,0.03,59.79,0.02,501.11,0.04,27.0,0.05,95.8,0.96,85.7,0.95,130.79,0.97,9.84,0.98,364.44,0.01,0.01,2347.173735,1776325680000
1776325681.683,181.683,0.03,51.04,0.02,501.11,0.04,90.84,0.05,110.74,0.96,27.0,0.95,95.8,0.97,59.79,0.98,501.11,0.01,0.01,2347.173735,1776325680000
1776325682.03,182.03,0.03,61.91,0.02,574.16,0.04,80.84,0.05,95.8,0.96,90.84,0.95,110.74,0.97,51.04,0.98,501.11,0.01,0.01,2347.15905,1776325681000
1776325683.009,183.009,0.03,56.53,0.02,574.16,0.04,27.0,0.05,20.0,0.96,80.84,0.95,95.8,0.97,61.91,0.98,574.16,0.01,0.01,2347.15905,1776325681000
1776325691.014,191.014,0.03,267.53,0.02,626.16,0.04,27.0,0.05,20.0,0.96,27.0,0.95,20.0,0.97,56.53,0.98,574.16,0.01,0.01,2347.534485,1776325689000
1776325691.739,191.739,0.03,255.53,0.02,826.16,0.04,23.1,0.05,15.0,0.96,27.0,0.95,20.0,0.97,242.53,0.98,626.16,0.01,0.01,2347.72055,1776325690000
1776325693.125,193.125,0.03,80.0,0.02,626.16,0.04,46.07,0.05,20.0,0.96,16.1,0.95,15.0,0.97,255.53,0.98,1226.16,0.01,0.01,2347.77226,1776325691000
1776325699.125,199.125,0.03,23.0,0.02,538.16,0.04,149.28,0.05,20.0,0.96,46.07,0.95,20.0,0.97,80.0,0.98,626.16,0.01,0.01,2347.998655,1776325698000
1776325699.723,199.723,0.03,23.0,0.02,538.16,0.04,147.11,0.05,48.48,0.96,149.28,0.95,20.0,0.97,23.0,0.98,538.16,0.01,0.01,2347.998655,1776325698000
1776325704.573,204.573,0.03,20.0,0.02,538.16,0.04,125.11,0.05,95.8,0.96,147.11,0.95,48.48,0.97,23.0,0.98,538.16,0.01,0.01,2347.944625,1776325703000
1776325705.342,205.342,0.02,642.13,0.01,2882.86,0.04,115.11,0.05,120.0,0.96,125.11,0.95,95.8,0.97,20.0,0.98,538.16,0.02,0.01,2347.942989,1776325704000
1776325714.206,214.206,0.03,321.7,0.02,1387.13,0.04,165.11,0.05,115.0,0.96,115.11,0.95,120.0,0.98,642.13,0.99,2882.86,0.01,0.02,2348.094255,1776325712000
1776325714.559,214.559,0.03,321.7,0.02,1387.13,0.04,130.11,0.05,115.0,0.96,165.11,0.95,115.0,0.97,321.7,0.98,1387.13,0.01,0.01,2348.09177,1776325713000
1776325719.084,219.084,0.03,258.36,0.02,1537.13,0.04,124.23,0.05,120.0,0.96,130.11,0.95,115.0,0.97,321.7,0.98,1387.13,0.01,0.01,2348.22509,1776325717000
1776325721.358,221.358,0.03,58.0,0.02,1537.13,0.04,109.23,0.05,140.0,0.96,124.23,0.95,120.0,0.97,253.36,0.98,1537.13,0.01,0.01,2348.22509,1776325717000
1776325722.179,222.179,0.03,16.0,0.02,927.13,0.04,114.23,0.05,155.0,0.96,109.23,0.95,140.0,0.97,58.0,0.98,1537.13,0.01,0.01,2348.22509,1776325717000
1776325722.993,222.993,0.03,11.0,0.02,927.13,0.04,119.23,0.05,145.0,0.96,114.23,0.95,155.0,0.97,16.0,0.98,927.13,0.01,0.01,2348.22509,1776325717000
1776325725.046,225.046,0.03,76.0,0.02,1371.13,0.04,86.23,0.05,140.0,0.96,119.23,0.95,145.0,0.97,11.0,0.98,927.13,0.01,0.01,2348.22509,1776325717000
1776325725.32,225.32,0.03,71.0,0.02,671.13,0.04,5.0,0.05,40.0,0.96,86.23,0.95,140.0,0.97,76.0,0.98,1371.13,0.01,0.01,2348.22509,1776325717000
1776325726.863,226.863,0.03,59.0,0.02,626.13,0.06,150.36,0.07,157.81,0.96,5.0,0.95,40.0,0.97,71.0,0.98,671.13,0.03,0.01,2348.28525,1776325725000
1776325727.974,227.974,0.02,536.13,0.01,2266.86,0.04,45.0,0.05,35.0,0.94,150.36,0.93,157.81,0.97,59.0,0.98,626.13,0.02,0.03,2348.4274,1776325726000
1776325728.182,228.182,0.02,470.13,0.01,2266.86,0.04,50.0,0.05,115.8,0.96,45.0,0.95,115.8,0.98,500.13,0.99,2266.86,0.02,0.02,2348.4825,1776325727000
1776325733.338,233.338,0.02,878.32,0.01,2906.86,0.04,35.0,0.05,254.79,0.96,50.0,0.95,115.8,0.98,470.13,0.99,2266.86,0.02,0.02,2348.27389,1776325732000
1776325734.589,234.589,0.02,820.89,0.01,2906.86,0.04,128.7,0.05,269.79,0.96,35.0,0.95,254.79,0.98,878.32,0.99,2906.86,0.02,0.02,2348.27389,1776325733000
1776325736.801,236.801,0.02,777.12,0.01,2906.86,0.04,35.0,0.05,253.79,0.96,128.7,0.95,269.79,0.98,820.89,0.99,2906.86,0.02,0.02,2348.29,1776325735000
1776325739.037,239.037,0.02,476.7,0.01,3085.86,0.04,83.21,0.05,35.0,0.96,35.0,0.95,253.79,0.98,777.12,0.99,2906.86,0.02,0.02,2348.38407,1776325737000
1776325740.983,240.983,0.04,58.0,0.03,138.7,0.06,123.85,0.07,10.0,0.96,83.21,0.95,35.0,0.98,476.7,0.99,3085.86,0.02,0.02,2348.3862,1776325739000
1776325741.393,241.393,0.04,201.8,0.03,472.7,0.06,16.37,0.07,117.48,0.94,123.85,0.93,10.0,0.96,58.0,0.97,138.7,0.02,0.02,2348.45704,1776325740000
1776325741.644,241.644,0.04,197.65,0.03,512.7,0.06,16.37,0.07,130.99,0.94,16.37,0.93,130.99,0.96,202.65,0.97,246.7,0.02,0.02,2348.45704,1776325740000
1776325742.297,242.297,0.05,79.74,0.04,185.04,0.06,16.37,0.07,141.99,0.94,16.37,0.93,130.99,0.96,195.04,0.97,438.7,0.01,0.02,2348.45704,1776325740000
1776325742.513,242.513,0.05,8.74,0.04,136.8,0.06,16.37,0.07,141.99,0.94,16.37,0.93,141.99,0.95,69.91,0.96,136.8,0.01,0.01,2348.501845,1776325741000
1776325742.787,242.787,0.05,3.74,0.04,136.8,0.06,4.37,0.07,141.99,0.94,16.37,0.93,141.99,0.95,8.74,0.96,136.8,0.01,0.01,2348.501845,1776325741000
1776325742.999,242.999,0.04,40.54,0.03,455.7,0.06,10.0,0.07,141.99,0.94,4.37,0.93,141.99,0.95,3.74,0.96,136.8,0.02,0.01,2348.585258,1776325742000
1776325743.647,243.647,0.04,34.46,0.03,10.0,0.05,45.45,0.06,171.47,0.94,10.0,0.93,141.99,0.96,40.54,0.97,455.7,0.01,0.02,2348.585258,1776325742000
1776325743.855,243.855,0.04,60.76,0.03,15.0,0.05,17.0,0.06,10.0,0.95,38.4,0.94,171.47,0.96,34.46,0.97,10.0,0.01,0.01,2348.585258,1776325742000
1776325744.162,244.162,0.04,61.55,0.03,15.0,0.05,17.0,0.06,45.51,0.95,17.0,0.94,45.51,0.96,55.76,0.97,15.0,0.01,0.01,2348.585258,1776325742000
1776325744.825,244.825,0.04,58.55,0.03,15.0,0.05,17.0,0.06,10.0,0.95,17.0,0.94,45.51,0.96,61.55,0.97,15.0,0.01,0.01,2348.915925,1776325743000
1776325745.384,245.384,0.04,50.47,0.03,315.0,0.05,17.0,0.06,10.0,0.95,17.0,0.94,10.0,0.96,58.55,0.97,15.0,0.01,0.01,2348.915925,1776325743000
1776325745.705,245.705,0.04,50.05,0.03,15.0,0.05,17.0,0.06,10.0,0.95,17.0,0.94,10.0,0.96,50.47,0.97,315.0,0.01,0.01,2348.852963,1776325744000
1776325746.054,246.054,0.04,60.05,0.03,49.0,0.07,86.99,0.08,55.0,0.95,17.0,0.94,10.0,0.96,50.05,0.97,15.0,0.03,0.01,2348.852963,1776325744000
1776325748.729,248.729,0.05,15.0,0.04,15.0,0.07,69.51,0.08,46.51,0.93,86.99,0.92,55.0,0.96,60.05,0.97,49.0,0.02,0.03,2348.93657,1776325746000
1776325749.412,249.412,0.05,8.94,0.04,15.0,0.06,40.0,0.07,64.51,0.94,15.0,0.93,64.51,0.95,10.0,0.96,15.0,0.01,0.01,2349.07915,1776325747000
1776325751.095,251.095,0.04,303.01,0.03,687.82,0.06,35.0,0.07,65.51,0.94,40.0,0.93,64.51,0.95,8.94,0.96,15.0,0.02,0.01,2349.080875,1776325749000
1776325751.845,251.845,0.03,10.0,0.02,381.7,0.05,20.0,0.06,30.51,0.94,30.0,0.93,65.51,0.96,303.01,0.97,687.82,0.02,0.02,2349.0481,1776325750000
1776325752.348,252.348,0.03,3.96,0.02,278.7,0.05,47.0,0.06,35.0,0.95,20.0,0.94,40.51,0.97,5.0,0.98,381.7,0.02,0.02,2349.04454,1776325751000
1776325752.647,252.647,0.03,10.0,0.02,277.66,0.05,90.84,0.06,82.26,0.95,47.0,0.94,35.0,0.98,277.66,0.99,2397.12,0.02,0.03,2349.04454,1776325751000
1776325753.291,253.291,0.03,4.9,0.02,93.96,0.04,15.0,0.05,80.84,0.95,90.84,0.94,82.26,0.97,10.0,0.98,277.66,0.01,0.02,2349.04454,1776325751000
1776325753.863,253.863,0.02,88.65,0.01,2748.12,0.04,30.0,0.05,80.84,0.96,25.0,0.95,80.84,0.98,93.86,0.99,2748.12,0.02,0.02,2348.95605,1776325752000
1776325754.261,254.261,0.02,93.65,0.01,2748.12,0.03,5.15,0.04,25.0,0.96,30.0,0.95,80.84,0.98,88.65,0.99,2748.12,0.01,0.02,2348.95605,1776325752000
1776325754.51,254.51,0.02,86.6,0.01,2748.12,0.03,5.15,0.04,25.0,0.97,5.15,0.96,25.0,0.98,93.65,0.99,2748.12,0.01,0.01,2348.836435,1776325753000
1776325757.293,257.293,0.02,88.56,0.01,2740.12,0.03,10.15,0.04,20.0,0.97,5.15,0.96,25.0,0.98,86.6,0.99,2748.12,0.01,0.01,2348.829431,1776325755000
1776325757.705,257.705,0.02,82.53,0.01,2640.12,0.03,10.15,0.04,27.51,0.97,10.15,0.96,20.0,0.98,88.56,0.99,2740.12,0.01,0.01,2348.858345,1776325756000
1776325758.882,258.882,0.02,72.11,0.01,2489.12,0.03,15.15,0.04,46.51,0.97,10.15,0.96,27.51,0.98,75.18,0.99,2640.12,0.01,0.01,2348.875825,1776325757000
1776325759.203,259.203,0.02,66.08,0.01,2489.12,0.03,10.15,0.04,46.51,0.97,15.15,0.96,46.51,0.98,72.11,0.99,2489.12,0.01,0.01,2348.875825,1776325757000
1776325760.221,260.221,0.02,66.02,0.01,2489.12,0.03,10.15,0.04,144.99,0.97,10.15,0.96,46.51,0.98,66.08,0.99,2489.12,0.01,0.01,2348.88258,1776325758000
1776325763.183,263.183,0.02,41.02,0.01,2546.02,0.03,139.14,0.04,89.51,0.97,10.15,0.96,144.99,0.98,66.02,0.99,2489.12,0.01,0.01,2348.881225,1776325761000
1776325765.377,265.377,0.02,14.94,0.01,2475.02,0.03,170.14,0.04,188.21,0.97,144.14,0.96,89.51,0.98,35.15,0.99,2546.02,0.01,0.01,2348.86977,1776325763000
1776325766.47,266.47,0.02,14.94,0.01,2080.42,0.04,85.06,0.05,95.8,0.97,170.14,0.96,188.21,0.98,14.94,0.99,2475.02,0.02,0.01,2348.869185,1776325764000
1776325766.728,266.728,0.02,4.94,0.01,2150.4,0.04,147.05,0.05,135.8,0.96,85.06,0.95,95.8,0.98,14.94,0.99,2080.42,0.02,0.02,2348.864805,1776325765000
1776325767.708,267.708,0.01,2037.29,,,0.03,65.16,0.04,166.06,0.96,147.05,0.95,135.8,0.98,4.94,0.99,2150.4,0.02,0.02,2348.864379,1776325766000
1776325768.448,268.448,0.02,5.0,0.01,2037.29,0.03,193.86,0.04,171.06,0.97,65.16,0.96,166.06,0.99,2037.29,,,0.01,0.02,2348.864285,1776325767000
1776325769.579,269.579,0.02,3.97,0.01,2032.29,0.03,226.86,0.04,171.06,0.97,193.86,0.96,171.06,0.98,5.0,0.99,2037.29,0.01,0.01,2348.843305,1776325768000
1776325772.309,272.309,0.01,2021.53,,,0.03,216.86,0.04,170.06,0.97,226.86,0.96,171.06,0.98,3.97,0.99,2032.29,0.02,0.01,2348.845245,1776325771000
1776325773.566,273.566,0.01,2026.53,,,0.02,228.49,0.03,204.34,0.97,216.86,0.96,170.06,0.99,2021.53,,,0.01,0.02,2348.850335,1776325772000
1776325773.81,273.81,0.01,2021.53,,,0.02,227.45,0.03,204.34,0.98,228.49,0.97,204.34,0.99,2026.53,,,0.01,0.01,2348.850335,1776325772000
1776325774.365,274.365,0.01,2001.33,,,0.02,240.1,0.03,191.69,0.98,227.45,0.97,204.34,0.99,2021.53,,,0.01,0.01,2348.85397,1776325773000
1776325774.795,274.795,0.01,2007.23,,,0.02,250.1,0.03,191.69,0.98,240.1,0.97,191.69,0.99,2001.33,,,0.01,0.01,2348.85397,1776325773000
1776325776.886,276.886,0.01,1838.72,,,0.02,96.16,0.03,67.99,0.98,250.1,0.97,191.69,0.99,1951.72,,,0.01,0.01,2348.87655,1776325775000
1776325777.585,277.585,0.01,1683.72,,,0.02,98.16,0.03,67.99,0.98,96.16,0.97,67.99,0.99,1838.72,,,0.01,0.01,2348.868085,1776325776000
1776325777.83,277.83,0.01,1665.2,,,0.02,98.16,0.03,67.99,0.98,98.16,0.97,67.99,0.99,1671.26,,,0.01,0.01,2348.868085,1776325776000
1776325778.243,278.243,0.01,1539.94,,,0.02,35.65,0.03,67.99,0.98,98.16,0.97,67.99,0.99,1665.2,,,0.01,0.01,2348.868085,1776325776000
1776325780.244,280.244,0.01,1534.94,,,0.02,57.65,0.03,67.99,0.98,35.65,0.97,67.99,0.99,1539.94,,,0.01,0.01,2348.8654,1776325778000
1776325780.624,280.624,0.01,1482.94,,,0.02,70.65,0.03,67.99,0.98,57.65,0.97,67.99,0.99,1479.94,,,0.01,0.01,2348.850695,1776325779000
1776325782.83,282.83,0.01,1470.57,,,0.02,63.54,0.03,67.99,0.98,70.65,0.97,67.99,0.99,1475.57,,,0.01,0.01,2348.832275,1776325781000
1776325785.192,285.192,0.01,5.57,,,0.02,92.0,0.03,54.0,0.98,63.54,0.97,67.99,0.99,1470.57,,,0.01,0.01,2348.86793,1776325784000
1776325785.514,285.514,,,,,0.01,10.0,0.02,97.0,0.98,97.0,0.97,54.0,,,,,,,2348.86793,1776325784000
1776325785.881,285.881,,,,,0.01,612.99,0.02,97.0,0.99,10.0,0.98,97.0,,,,,,,2348.87399,1776325785000
1776325786.449,286.449,,,,,0.01,1484.4,0.02,97.0,0.99,616.96,0.98,97.0,,,,,,,2348.87399,1776325785000
1776325786.957,286.957,,,,,0.01,1483.19,0.02,97.0,0.99,1484.4,0.98,97.0,,,,,,,2348.84821,1776325786000
1776325787.755,287.755,,,,,0.01,1472.19,0.02,1220.59,0.99,1483.19,0.98,97.0,,,,,,,2348.84821,1776325786000
1776325791.972,291.972,,,,,0.01,2609.19,0.02,1252.58,0.99,1472.19,0.98,1220.59,,,,,,,2348.82996,1776325790000
1776325797.706,297.706,,,,,0.01,4643.94,0.02,128.99,0.99,2609.19,0.98,1252.58,,,,,,,2348.831015,1776325796000

# RESULT,winner=Down,slug=eth-updown-5m-1776325500,ticks=301
