timestamp,elapsed_sec,up_bid_p1,up_bid_s1,up_bid_p2,up_bid_s2,up_ask_p1,up_ask_s1,up_ask_p2,up_ask_s2,down_bid_p1,down_bid_s1,down_bid_p2,down_bid_s2,down_ask_p1,down_ask_s1,down_ask_p2,down_ask_s2,up_spread,down_spread,eth_price,eth_oracle_ts
1776365400.587,0.587,0.43,6.29,0.4,38.0,0.44,45.0,0.46,69.54,0.56,50.0,0.54,69.54,0.57,6.29,0.6,38.0,0.01,0.01,2337.75884,1776365399000
1776365400.788,0.788,0.39,34.0,0.38,42.0,0.4,30.71,0.44,32.11,0.56,32.11,0.54,69.54,0.57,6.29,0.6,38.0,0.01,0.01,2337.75884,1776365399000
1776365401.072,1.072,0.39,34.0,0.38,42.0,0.46,62.36,0.47,85.0,0.6,30.71,0.56,32.11,0.61,34.0,0.62,42.0,0.07,0.01,2337.75884,1776365399000
1776365401.502,1.502,0.45,70.0,0.44,100.0,0.47,77.36,0.48,15.0,0.53,77.36,0.52,15.0,0.55,70.0,0.62,7.0,0.02,0.02,2337.730346,1776365400000
1776365401.771,1.771,0.45,195.0,0.44,125.0,0.47,73.1,0.48,15.0,0.53,77.36,0.52,15.0,0.55,70.0,0.56,100.0,0.02,0.02,2337.730346,1776365400000
1776365402.235,2.235,0.45,134.19,0.44,130.0,0.47,73.1,0.48,15.0,0.53,73.1,0.52,15.0,0.55,158.8,0.56,125.0,0.02,0.02,2337.785838,1776365401000
1776365402.793,2.793,0.45,134.19,0.44,130.0,0.46,67.12,0.47,73.1,0.53,73.1,0.52,15.0,0.55,134.19,0.56,130.0,0.01,0.02,2337.785838,1776365401000
1776365403.163,3.163,0.45,6.91,0.44,130.0,0.46,62.12,0.47,73.1,0.54,62.12,0.53,73.1,0.55,134.19,0.56,130.0,0.01,0.01,2337.785838,1776365401000
1776365404.283,4.283,0.45,4.42,0.44,5.0,0.46,77.12,0.47,82.6,0.54,72.12,0.53,73.1,0.56,101.07,0.57,135.0,0.01,0.02,2337.794028,1776365402000
1776365405.523,5.523,0.43,1.72,0.41,70.0,0.44,132.0,0.45,231.11,0.56,12.0,0.54,77.12,0.57,20.0,0.58,5.0,0.01,0.01,2337.559855,1776365404000
1776365405.845,5.845,0.41,60.22,0.39,5.0,0.42,28.77,0.43,115.0,0.58,23.77,0.57,115.0,0.59,68.28,0.62,12.0,0.01,0.01,2337.559855,1776365404000
1776365406.364,6.364,0.41,60.18,0.38,7.0,0.42,31.77,0.43,15.0,0.58,15.77,0.57,115.0,0.59,57.22,0.61,10.0,0.01,0.01,2337.595289,1776365405000
1776365406.782,6.782,0.41,2.0,0.4,10.0,0.42,15.77,0.43,20.0,0.58,31.77,0.57,15.0,0.59,60.18,0.62,7.0,0.01,0.01,2337.595289,1776365405000
1776365407.603,7.603,0.41,17.0,0.4,90.0,0.42,10.77,0.43,10.0,0.58,15.77,0.57,20.0,0.59,2.0,0.6,10.0,0.01,0.01,2337.29755,1776365406000
1776365407.885,7.885,0.4,95.0,0.39,15.0,0.41,67.97,0.42,5.77,0.58,10.77,0.56,22.0,0.59,14.98,0.6,90.0,0.01,0.01,2337.29755,1776365406000
1776365408.111,8.111,0.4,90.0,0.39,15.0,0.41,67.97,0.42,5.77,0.59,67.97,0.58,5.77,0.6,95.0,0.61,15.0,0.01,0.01,2337.29755,1776365406000
1776365408.351,8.351,0.4,86.38,0.39,20.0,0.41,72.97,0.42,5.77,0.59,67.97,0.58,5.77,0.6,90.0,0.61,15.0,0.01,0.01,2337.29755,1776365406000
1776365408.615,8.615,0.4,85.0,0.39,10.0,0.41,67.97,0.42,20.77,0.59,72.97,0.58,5.77,0.6,86.38,0.61,20.0,0.01,0.01,2337.142006,1776365407000
1776365408.851,8.851,0.4,72.0,0.39,5.0,0.41,101.53,0.42,20.77,0.59,96.53,0.58,20.77,0.6,80.0,0.61,10.0,0.01,0.01,2337.142006,1776365407000
1776365409.128,9.128,0.38,7.0,0.36,122.0,0.39,3.43,0.4,15.0,0.59,101.53,0.58,20.77,0.6,72.0,0.61,5.0,0.01,0.01,2337.142006,1776365407000
1776365409.938,9.938,0.37,10.0,0.36,127.0,0.39,18.43,0.4,20.0,0.61,8.43,0.6,20.0,0.62,1.5,0.63,15.0,0.02,0.01,2337.063906,1776365408000
1776365410.504,10.504,0.36,190.0,0.35,155.0,0.37,56.78,0.38,77.0,0.61,18.43,0.6,20.0,0.63,10.0,0.64,127.0,0.01,0.02,2337.178164,1776365409000
1776365411.97,11.97,0.36,233.5,0.35,212.0,0.37,31.78,0.38,30.5,0.63,56.78,0.62,77.0,0.64,190.0,0.65,155.0,0.01,0.01,2337.212245,1776365410000
1776365412.297,12.297,0.36,180.81,0.35,270.0,0.37,37.78,0.38,20.5,0.63,31.78,0.62,30.5,0.64,233.5,0.65,212.0,0.01,0.01,2337.212245,1776365410000
1776365412.586,12.586,0.36,252.37,0.35,155.0,0.37,16.78,0.38,20.5,0.63,37.78,0.62,20.5,0.64,180.81,0.65,270.0,0.01,0.01,2336.917585,1776365411000
1776365412.895,12.895,0.37,5.0,0.36,195.37,0.38,82.5,0.39,88.5,0.62,20.5,0.61,88.5,0.64,252.37,0.65,155.0,0.01,0.02,2336.917585,1776365411000
1776365413.187,13.187,0.37,10.0,0.36,178.82,0.38,61.18,0.39,88.5,0.62,69.34,0.61,88.5,0.64,178.82,0.65,212.0,0.01,0.02,2336.917585,1776365411000
1776365413.496,13.496,0.35,59.49,0.33,215.5,0.36,48.83,0.37,116.7,0.64,18.83,0.63,44.7,0.65,70.0,0.66,10.5,0.01,0.01,2336.818044,1776365412000
1776365413.731,13.731,0.35,20.37,0.34,25.5,0.36,65.33,0.37,30.5,0.64,91.99,0.63,45.5,0.65,20.37,0.66,25.5,0.01,0.01,2336.818044,1776365412000
1776365413.939,13.939,0.35,49.37,0.34,83.5,0.36,8.33,0.37,87.5,0.64,65.33,0.63,30.5,0.65,20.37,0.66,25.5,0.01,0.01,2336.818044,1776365412000
1776365414.52,14.52,0.35,9.87,0.34,200.5,0.36,63.61,0.37,273.5,0.64,13.64,0.63,93.5,0.65,19.87,0.66,200.5,0.01,0.01,2336.818044,1776365412000
1776365415.038,15.038,0.35,0.63,0.34,200.5,0.36,63.61,0.37,273.5,0.64,63.61,0.63,273.5,0.65,9.87,0.66,200.5,0.01,0.01,2336.80374,1776365413000
1776365415.311,15.311,0.35,7.04,0.34,200.5,0.36,63.61,0.37,273.5,0.64,63.61,0.63,273.5,0.65,0.63,0.66,200.5,0.01,0.01,2336.80374,1776365413000
1776365415.676,15.676,0.35,315.5,0.34,25.5,0.36,5.0,0.37,5.0,0.64,63.61,0.63,273.5,0.65,7.04,0.66,200.5,0.01,0.01,2336.507287,1776365414000
1776365415.889,15.889,0.35,315.5,0.34,25.5,0.37,1.64,0.38,25.5,0.64,5.0,0.63,5.0,0.65,315.5,0.66,25.5,0.02,0.01,2336.507287,1776365414000
1776365416.166,16.166,0.36,232.99,0.35,140.5,0.37,11.64,0.38,83.5,0.63,1.64,0.62,25.5,0.64,238.31,0.65,140.5,0.01,0.01,2336.507287,1776365414000
1776365416.447,16.447,0.37,6.41,0.36,10.0,0.38,143.67,0.39,235.5,0.62,81.67,0.61,55.5,0.64,232.99,0.65,140.5,0.01,0.02,2336.507287,1776365414000
1776365418.012,18.012,0.34,10.0,0.33,108.5,0.35,15.0,0.36,370.5,0.62,143.67,0.61,235.5,0.63,1.41,0.65,10.0,0.01,0.01,2336.418657,1776365416000
1776365420.804,20.804,0.32,80.5,0.31,80.0,0.33,20.0,0.34,375.5,0.65,15.0,0.64,370.5,0.66,10.0,0.67,108.5,0.01,0.01,2336.435437,1776365419000
1776365421.962,21.962,0.32,347.02,0.31,135.0,0.33,30.0,0.34,59.54,0.67,20.0,0.66,375.5,0.68,80.5,0.69,80.0,0.01,0.01,2336.422355,1776365420000
1776365422.198,22.198,0.33,89.5,0.32,93.02,0.34,49.54,0.38,18.67,0.66,59.54,0.65,5.0,0.68,347.02,0.69,140.0,0.01,0.02,2336.422355,1776365420000
1776365422.489,22.489,0.33,425.02,0.32,30.02,0.38,5.0,0.39,20.0,0.66,43.54,0.62,5.0,0.67,122.02,0.68,35.02,0.05,0.01,2336.422355,1776365420000
1776365422.721,22.721,0.37,259.5,0.36,84.38,0.38,5.0,0.39,20.0,0.62,5.0,0.61,20.0,0.67,425.02,0.68,30.02,0.01,0.05,2336.378046,1776365421000
1776365422.946,22.946,0.37,344.5,0.36,75.5,0.4,10.0,0.41,15.0,0.62,0.65,0.6,10.0,0.63,334.5,0.64,70.5,0.03,0.01,2336.378046,1776365421000
1776365423.222,23.222,0.43,15.0,0.42,15.0,0.44,49.77,0.45,68.0,0.57,20.0,0.56,12.0,0.61,10.0,0.62,30.0,0.01,0.04,2336.378046,1776365421000
1776365423.647,23.647,0.43,294.0,0.42,82.94,0.44,0.77,0.45,73.5,0.56,49.77,0.55,68.0,0.57,15.0,0.58,15.0,0.01,0.01,2336.348212,1776365422000
1776365424.095,24.095,0.44,289.0,0.43,109.5,0.45,4.38,0.46,130.12,0.56,0.77,0.55,73.5,0.57,294.0,0.58,82.94,0.01,0.01,2336.348212,1776365422000
1776365424.73,24.73,0.44,29.0,0.43,20.0,0.46,465.66,0.47,158.6,0.54,132.46,0.53,137.6,0.56,289.0,0.57,109.5,0.02,0.02,2336.552459,1776365423000
1776365424.945,24.945,0.44,15.54,0.43,20.0,0.45,373.5,0.46,99.59,0.55,373.5,0.54,118.79,0.56,20.72,0.57,20.0,0.01,0.01,2336.552459,1776365423000
1776365426.057,26.057,0.43,230.89,0.42,160.5,0.44,21.73,0.45,109.5,0.56,16.73,0.55,378.5,0.57,20.0,0.58,25.0,0.01,0.01,2337.026128,1776365424000
1776365427.173,27.173,0.42,35.0,0.41,35.5,0.44,267.99,0.45,236.5,0.56,21.73,0.55,109.5,0.57,230.89,0.58,160.5,0.02,0.01,2337.319414,1776365425000
1776365427.422,27.422,0.42,36.0,0.41,35.5,0.43,14.67,0.44,239.26,0.56,267.99,0.55,236.5,0.58,35.0,0.59,35.5,0.01,0.02,2337.128254,1776365426000
1776365428.527,28.527,0.42,378.5,0.41,110.5,0.45,39.77,0.46,53.09,0.57,14.67,0.56,239.26,0.58,36.0,0.59,35.5,0.03,0.01,2337.122857,1776365427000
1776365429.057,29.057,0.44,276.87,0.43,83.5,0.45,36.66,0.46,73.59,0.55,20.66,0.54,53.09,0.56,35.5,0.57,25.5,0.01,0.01,2337.130584,1776365428000
1776365429.954,29.954,0.44,247.35,0.43,83.5,0.45,83.21,0.46,126.59,0.55,62.16,0.54,146.59,0.56,255.64,0.57,73.0,0.01,0.01,2337.136329,1776365429000
1776365430.78,30.78,0.43,5.0,0.42,40.0,0.45,197.16,0.46,319.32,0.55,78.21,0.54,126.59,0.56,267.35,0.57,83.5,0.02,0.01,2337.136329,1776365429000
1776365432.161,32.161,0.43,5.0,0.42,55.0,0.44,81.56,0.45,236.16,0.56,10.5,0.55,181.16,0.57,7.45,0.58,64.82,0.01,0.01,2337.28308,1776365431000
1776365432.917,32.917,0.42,45.0,0.41,25.5,0.44,12.0,0.45,113.48,0.55,93.46,0.54,78.59,0.57,5.0,0.58,55.0,0.02,0.02,2337.28308,1776365431000
1776365433.411,33.411,0.42,18.1,0.41,25.5,0.43,18.35,0.44,15.0,0.56,12.0,0.55,113.48,0.58,45.0,0.59,25.5,0.01,0.02,2337.223233,1776365432000
1776365433.755,33.755,0.42,5.99,0.41,25.5,0.43,12.88,0.44,15.0,0.57,12.88,0.56,20.0,0.58,18.1,0.59,25.5,0.01,0.01,2337.223233,1776365432000
1776365434.339,34.339,0.41,282.5,0.4,133.5,0.42,15.16,0.43,7.88,0.57,12.88,0.56,15.0,0.58,4.36,0.59,25.5,0.01,0.01,2337.200261,1776365433000
1776365434.734,34.734,0.41,277.5,0.4,133.5,0.42,23.04,0.44,15.0,0.58,15.16,0.57,7.88,0.59,282.5,0.6,133.5,0.01,0.01,2337.200261,1776365433000
1776365435.122,35.122,0.4,78.0,0.39,82.0,0.41,44.06,0.42,54.54,0.58,23.04,0.56,15.0,0.59,277.5,0.6,133.5,0.01,0.01,2337.200261,1776365433000
1776365435.395,35.395,0.36,10.5,0.35,73.5,0.37,12.25,0.38,15.0,0.59,124.33,0.58,58.54,0.6,50.0,0.61,25.0,0.01,0.01,2337.195459,1776365434000
1776365436.219,36.219,0.33,72.0,0.32,273.0,0.34,72.0,0.35,110.0,0.65,5.0,0.64,26.0,0.67,65.0,0.68,230.5,0.01,0.02,2337.195459,1776365434000
1776365436.808,36.808,0.33,30.0,0.32,25.0,0.34,218.05,0.35,120.5,0.66,72.0,0.65,110.0,0.67,72.0,0.68,273.0,0.01,0.01,2337.194162,1776365435000
1776365437.212,37.212,0.33,2.0,0.32,25.0,0.34,455.55,0.35,130.5,0.66,218.05,0.65,120.5,0.67,30.0,0.68,25.0,0.01,0.01,2337.194162,1776365435000
1776365437.652,37.652,0.3,40.5,0.29,93.5,0.31,1.77,0.32,77.0,0.66,455.55,0.65,130.5,0.67,2.0,0.68,25.0,0.01,0.01,2336.839807,1776365436000
1776365438.496,38.496,0.3,15.84,0.29,35.5,0.31,18.77,0.32,135.0,0.69,1.77,0.68,77.0,0.7,40.5,0.71,93.5,0.01,0.01,2336.561046,1776365437000
1776365439.418,39.418,0.3,88.47,0.29,273.5,0.31,1.77,0.32,5.0,0.69,18.77,0.68,135.0,0.7,15.84,0.71,35.5,0.01,0.01,2336.306919,1776365438000
1776365440.475,40.475,0.32,11.13,0.31,397.5,0.34,105.0,0.35,175.38,0.68,13.58,0.67,173.0,0.7,265.47,0.71,150.5,0.02,0.02,2336.183374,1776365439000
1776365440.688,40.688,0.33,47.86,0.32,347.63,0.34,105.0,0.35,233.38,0.66,105.0,0.65,175.38,0.68,11.13,0.69,397.5,0.01,0.02,2336.183374,1776365439000
1776365441.606,41.606,0.33,363.36,0.32,52.63,0.35,70.38,0.36,265.0,0.66,105.0,0.65,233.38,0.67,47.86,0.68,347.63,0.02,0.01,2336.154567,1776365440000
1776365441.979,41.979,0.33,15.0,0.32,47.63,0.34,10.0,0.35,170.38,0.65,70.38,0.64,197.0,0.67,173.78,0.68,47.63,0.01,0.02,2336.154567,1776365440000
1776365442.716,42.716,0.33,280.5,0.32,100.63,0.34,20.0,0.35,160.38,0.66,10.0,0.65,170.38,0.67,15.0,0.68,47.63,0.01,0.01,2336.272891,1776365441000
1776365442.96,42.96,0.33,460.5,0.32,42.63,0.35,60.38,0.36,25.0,0.66,20.0,0.65,160.38,0.67,280.5,0.68,100.63,0.02,0.01,2336.272891,1776365441000
1776365443.192,43.192,0.34,125.5,0.33,24.5,0.35,13.06,0.36,25.0,0.65,29.52,0.64,25.0,0.66,20.5,0.67,460.5,0.01,0.01,2336.339059,1776365442000
1776365443.453,43.453,0.39,10.0,0.38,10.0,0.41,215.68,0.42,115.0,0.64,25.0,0.62,25.0,0.66,125.5,0.67,24.5,0.02,0.02,2336.339059,1776365442000
1776365443.653,43.653,0.39,3.03,0.38,20.5,0.41,314.68,0.42,120.0,0.59,287.68,0.58,120.0,0.61,8.03,0.62,20.5,0.02,0.02,2336.339059,1776365442000
1776365443.978,43.978,0.38,20.5,0.37,30.5,0.39,7.17,0.4,294.0,0.59,314.68,0.58,120.0,0.61,3.03,0.62,20.5,0.01,0.02,2336.339059,1776365442000
1776365444.19,44.19,0.38,27.38,0.37,40.5,0.39,33.17,0.4,263.0,0.61,7.17,0.6,294.0,0.62,20.5,0.63,30.5,0.01,0.01,2336.339059,1776365442000
1776365444.494,44.494,0.38,35.31,0.37,40.5,0.39,18.17,0.4,268.0,0.61,34.17,0.6,268.0,0.62,38.54,0.63,40.5,0.01,0.01,2336.381282,1776365443000
1776365446.506,46.506,0.36,504.5,0.35,30.5,0.37,1.59,0.39,10.0,0.61,18.17,0.6,268.0,0.62,27.93,0.63,40.5,0.01,0.01,2336.765897,1776365445000
1776365446.708,46.708,0.36,549.5,0.35,70.5,0.39,10.0,0.4,10.0,0.63,1.59,0.61,10.0,0.64,504.5,0.65,30.5,0.03,0.01,2336.765897,1776365445000
1776365447.195,47.195,0.4,24.5,0.39,364.53,0.42,15.67,0.43,25.0,0.6,10.0,0.59,50.0,0.61,18.53,0.62,275.5,0.02,0.01,2336.687791,1776365446000
1776365447.426,47.426,0.41,54.8,0.4,29.5,0.42,7.33,0.43,93.0,0.58,25.67,0.57,83.0,0.59,10.3,0.6,29.5,0.01,0.01,2336.687791,1776365446000
1776365448.016,48.016,0.41,142.3,0.4,224.5,0.42,7.33,0.43,93.0,0.58,7.33,0.57,93.0,0.59,54.8,0.6,29.5,0.01,0.01,2336.687791,1776365446000
1776365449.447,49.447,0.41,200.6,0.4,39.5,0.42,10.0,0.43,15.0,0.58,7.33,0.57,93.0,0.59,142.3,0.6,224.5,0.01,0.01,2336.895428,1776365448000
1776365449.648,49.648,0.41,487.6,0.4,124.5,0.44,20.0,0.45,5.0,0.57,5.0,0.56,20.0,0.59,487.6,0.6,124.5,0.03,0.02,2336.895428,1776365448000
1776365449.896,49.896,0.43,93.05,0.42,55.5,0.44,9.9,0.45,5.0,0.56,9.9,0.55,5.0,0.57,65.14,0.58,55.5,0.01,0.01,2336.895428,1776365448000
1776365450.108,50.108,0.44,364.5,0.43,53.05,0.47,127.32,0.48,126.74,0.55,5.0,0.53,132.6,0.57,93.05,0.58,30.5,0.03,0.02,2336.895428,1776365448000
1776365450.369,50.369,0.46,31.0,0.45,15.0,0.47,182.34,0.48,64.74,0.53,127.32,0.52,126.74,0.56,364.5,0.57,53.05,0.01,0.03,2336.895428,1776365448000
1776365451.557,51.557,0.46,67.0,0.45,210.0,0.47,174.34,0.48,64.74,0.53,179.34,0.52,64.74,0.54,31.0,0.55,15.0,0.01,0.01,2337.06677,1776365450000
1776365451.788,51.788,0.46,265.98,0.45,40.5,0.47,116.34,0.48,64.74,0.53,174.34,0.52,64.74,0.54,67.0,0.55,210.0,0.01,0.01,2337.06677,1776365450000
1776365453.165,53.165,0.46,30.0,0.45,35.5,0.47,135.8,0.48,79.74,0.53,106.34,0.52,64.74,0.54,265.98,0.55,40.5,0.01,0.01,2337.431995,1776365451000
1776365453.633,53.633,0.42,51.5,0.41,15.5,0.43,9.41,0.44,66.2,0.53,135.8,0.52,79.74,0.54,30.0,0.55,35.5,0.01,0.01,2337.45969,1776365452000
1776365454.023,54.023,0.43,4.91,0.42,148.0,0.44,5.0,0.45,15.0,0.57,15.41,0.56,61.2,0.58,25.0,0.6,50.5,0.01,0.01,2337.45969,1776365452000
1776365454.753,54.753,0.42,352.59,0.41,41.5,0.43,5.0,0.44,10.0,0.57,29.2,0.56,15.0,0.58,307.0,0.59,26.0,0.01,0.01,2337.501161,1776365453000
1776365455.644,55.644,0.46,295.5,0.45,45.5,0.47,128.8,0.48,79.74,0.56,10.0,0.55,20.0,0.58,384.59,0.59,41.5,0.01,0.02,2337.428011,1776365454000
1776365456.091,56.091,0.46,295.5,0.45,98.5,0.47,143.8,0.48,79.74,0.53,123.8,0.52,79.74,0.54,295.5,0.55,45.5,0.01,0.01,2337.292584,1776365455000
1776365456.597,56.597,0.46,422.5,0.45,40.5,0.47,111.8,0.48,64.74,0.53,143.8,0.52,79.74,0.54,295.5,0.55,98.5,0.01,0.01,2337.292584,1776365455000
1776365456.809,56.809,0.46,393.29,0.45,30.5,0.47,3.8,0.48,64.74,0.53,111.8,0.52,64.74,0.54,439.29,0.55,40.5,0.01,0.01,2337.292584,1776365455000
1776365457.215,57.215,0.5,31.5,0.49,10.5,0.51,183.03,0.52,276.01,0.5,9.0,0.49,165.0,0.54,393.29,0.55,30.5,0.01,0.04,2337.334645,1776365456000
1776365458.347,58.347,0.51,427.5,0.5,96.5,0.52,12.01,0.53,60.0,0.49,181.6,0.48,276.01,0.5,35.08,0.51,10.5,0.01,0.01,2337.334645,1776365456000
1776365458.854,58.854,0.52,330.5,0.51,102.5,0.54,35.0,0.55,143.0,0.47,5.0,0.46,35.0,0.49,432.5,0.5,96.5,0.02,0.02,2337.334645,1776365456000
1776365459.26,59.26,0.52,26.0,0.51,31.0,0.53,6.0,0.54,256.5,0.46,35.0,0.45,143.0,0.48,330.5,0.49,102.5,0.01,0.02,2337.657862,1776365458000
1776365459.556,59.556,0.52,8.87,0.51,47.0,0.53,247.0,0.54,231.0,0.47,6.0,0.46,256.5,0.48,26.0,0.49,31.0,0.01,0.01,2337.657862,1776365458000
1776365460.134,60.134,0.51,30.86,0.5,98.5,0.53,188.0,0.54,363.0,0.47,369.0,0.46,183.5,0.48,2.5,0.49,42.0,0.02,0.01,2337.657862,1776365458000
1776365460.845,60.845,0.5,21.88,0.49,31.0,0.51,772.37,0.52,188.5,0.48,60.0,0.47,113.0,0.49,39.86,0.5,346.5,0.01,0.01,2337.928542,1776365459000
1776365461.056,61.056,0.5,11.88,0.49,31.0,0.51,763.37,0.52,201.5,0.49,763.37,0.48,201.5,0.5,16.88,0.51,31.0,0.01,0.01,2337.928542,1776365459000
1776365461.385,61.385,0.48,20.5,0.47,83.51,0.49,19.85,0.5,175.0,0.5,427.0,0.49,460.37,0.52,16.0,0.53,5.01,0.01,0.02,2338.061068,1776365460000
1776365462.633,62.633,0.5,418.7,0.49,56.5,0.51,189.87,0.52,30.0,0.51,8.0,0.5,135.0,0.52,282.57,0.53,25.51,0.01,0.01,2337.913448,1776365461000
1776365462.844,62.844,0.5,206.5,0.49,56.5,0.51,144.87,0.52,30.0,0.49,144.87,0.48,30.0,0.5,406.5,0.51,56.5,0.01,0.01,2337.913448,1776365461000
1776365463.064,63.064,0.5,212.0,0.49,113.5,0.51,86.04,0.52,40.0,0.49,144.87,0.48,40.0,0.5,212.0,0.51,113.5,0.01,0.01,2337.913448,1776365461000
1776365463.392,63.392,0.5,212.0,0.49,108.5,0.51,81.75,0.52,40.0,0.49,84.07,0.48,40.0,0.5,212.0,0.51,113.5,0.01,0.01,2337.806943,1776365462000
1776365464.105,64.105,0.5,336.0,0.49,56.5,0.51,0.75,0.52,25.0,0.49,81.75,0.48,40.0,0.5,208.0,0.51,108.5,0.01,0.01,2337.806943,1776365462000
1776365464.61,64.61,0.56,368.7,0.55,35.5,0.59,109.74,0.6,123.0,0.46,10.0,0.45,195.0,0.5,320.0,0.51,66.5,0.03,0.04,2337.886721,1776365463000
1776365464.917,64.917,0.56,15.0,0.55,10.0,0.57,44.5,0.58,120.5,0.41,109.74,0.4,123.0,0.44,368.7,0.45,35.5,0.01,0.03,2337.886721,1776365463000
1776365465.369,65.369,0.53,72.0,0.52,253.5,0.54,0.62,0.55,15.0,0.46,1.0,0.45,15.0,0.47,2.0,0.48,211.5,0.01,0.01,2337.934198,1776365464000
1776365465.664,65.664,0.53,20.18,0.52,278.0,0.55,117.5,0.56,27.5,0.45,15.0,0.44,17.0,0.47,72.0,0.48,258.5,0.02,0.02,2337.934198,1776365464000
1776365465.9,65.9,0.53,20.18,0.52,93.0,0.55,58.5,0.56,322.5,0.45,174.5,0.44,27.5,0.47,15.18,0.48,273.0,0.02,0.02,2337.995143,1776365465000
1776365466.108,66.108,0.53,18.05,0.52,274.0,0.55,58.5,0.56,147.5,0.45,58.5,0.44,322.5,0.47,20.18,0.48,93.0,0.02,0.02,2337.995143,1776365465000
1776365466.89,66.89,0.52,15.0,0.51,46.5,0.53,57.05,0.54,89.5,0.45,33.77,0.44,147.5,0.47,75.05,0.48,274.0,0.01,0.02,2337.995143,1776365465000
1776365467.241,67.241,0.52,7.0,0.51,46.5,0.53,13.13,0.54,43.5,0.47,83.05,0.46,84.5,0.48,7.0,0.49,51.5,0.01,0.01,2338.218792,1776365466000
1776365467.598,67.598,0.53,10.0,0.52,337.5,0.54,18.14,0.55,183.5,0.46,37.86,0.45,201.77,0.48,60.83,0.49,284.5,0.01,0.02,2338.218792,1776365466000
1776365468.142,68.142,0.53,212.0,0.52,93.0,0.54,33.64,0.55,183.5,0.46,18.14,0.45,183.5,0.47,10.0,0.48,337.5,0.01,0.01,2338.218792,1776365466000
1776365468.444,68.444,0.53,441.5,0.52,56.5,0.54,5.0,0.57,20.0,0.46,33.64,0.45,183.5,0.47,212.0,0.48,93.0,0.01,0.01,2338.131038,1776365467000
1776365468.655,68.655,0.53,525.5,0.52,56.5,0.57,20.0,0.58,10.0,0.46,2.0,0.43,20.0,0.47,525.5,0.48,56.5,0.04,0.01,2338.131038,1776365467000
1776365469.277,69.277,0.58,215.0,0.57,120.96,0.59,3.56,0.6,260.5,0.43,20.0,0.42,10.0,0.44,7.72,0.45,15.0,0.01,0.01,2338.131038,1776365467000
1776365470.275,70.275,0.58,137.0,0.57,148.96,0.59,20.58,0.6,271.87,0.41,8.56,0.4,159.17,0.42,342.0,0.43,235.96,0.01,0.01,2338.105455,1776365469000
1776365470.723,70.723,0.57,45.33,0.56,138.22,0.59,19.06,0.6,246.87,0.41,20.58,0.4,271.87,0.42,137.0,0.43,148.96,0.02,0.01,2338.105455,1776365469000
1776365471.356,71.356,0.57,38.0,0.56,38.22,0.58,23.27,0.59,118.56,0.42,10.0,0.41,19.06,0.43,46.0,0.44,234.22,0.01,0.01,2338.392974,1776365470000
1776365471.63,71.63,0.57,48.5,0.56,48.22,0.58,17.94,0.59,233.56,0.42,23.27,0.41,233.56,0.43,33.0,0.44,48.22,0.01,0.01,2338.392974,1776365470000
1776365472.401,72.401,0.57,35.77,0.56,33.22,0.58,86.6,0.59,357.06,0.42,17.94,0.41,244.06,0.43,35.77,0.44,48.22,0.01,0.01,2338.392974,1776365470000
1776365472.743,72.743,0.56,16.0,0.55,21.49,0.58,549.1,0.59,149.06,0.42,86.6,0.41,357.06,0.43,35.77,0.44,33.22,0.02,0.01,2338.398351,1776365471000
1776365474.322,74.322,0.57,209.0,0.56,95.0,0.61,6.0,0.62,25.0,0.44,144.0,0.43,148.5,0.45,36.5,0.46,33.41,0.04,0.01,2338.39663,1776365473000
1776365475.002,75.002,0.63,22.0,0.62,87.5,0.64,95.0,0.65,200.0,0.39,6.0,0.38,25.0,0.43,209.0,0.44,95.0,0.01,0.04,2338.39663,1776365473000
1776365475.227,75.227,0.63,14.03,0.62,25.5,0.64,205.0,0.65,267.5,0.36,95.0,0.35,200.0,0.37,22.0,0.38,87.5,0.01,0.01,2338.39663,1776365473000
1776365475.471,75.471,0.63,13.89,0.62,88.5,0.64,146.78,0.65,267.5,0.36,146.54,0.35,267.5,0.37,13.89,0.38,88.5,0.01,0.01,2338.293053,1776365474000
1776365475.69,75.69,0.63,0.37,0.62,20.0,0.64,98.09,0.65,235.5,0.36,342.28,0.35,235.5,0.37,0.37,0.38,20.0,0.01,0.01,2338.293053,1776365474000
1776365476.085,76.085,0.62,159.37,0.61,40.5,0.63,85.0,0.64,118.5,0.36,100.0,0.35,235.5,0.38,85.87,0.39,40.5,0.01,0.02,2338.293053,1776365474000
1776365476.313,76.313,0.62,19.73,0.61,30.0,0.63,141.5,0.64,175.5,0.37,85.0,0.36,118.5,0.38,159.37,0.39,40.5,0.01,0.01,2338.293053,1776365474000
1776365476.925,76.925,0.61,20.0,0.6,25.0,0.63,499.5,0.64,220.5,0.37,141.5,0.36,175.5,0.38,19.73,0.39,30.0,0.02,0.01,2338.852326,1776365475000
1776365477.373,77.373,0.59,20.0,0.58,15.0,0.6,100.83,0.61,135.5,0.37,499.5,0.36,220.5,0.39,20.0,0.4,25.0,0.01,0.02,2338.852326,1776365476000
1776365477.689,77.689,0.59,10.0,0.57,70.0,0.6,555.49,0.61,306.5,0.4,100.83,0.39,135.5,0.41,20.0,0.42,15.0,0.01,0.01,2338.852326,1776365476000
1776365478.212,78.212,0.55,66.5,0.54,63.41,0.58,538.5,0.59,354.5,0.4,555.49,0.39,306.5,0.41,10.0,0.43,70.0,0.03,0.01,2338.852326,1776365476000
1776365479.061,79.061,0.54,63.41,0.53,34.38,0.56,528.5,0.57,226.5,0.42,538.5,0.41,354.5,0.45,66.5,0.46,63.41,0.02,0.03,2338.742939,1776365477000
1776365479.891,79.891,0.54,7.41,0.53,34.38,0.55,410.5,0.56,204.5,0.45,427.5,0.44,261.5,0.46,7.41,0.47,34.38,0.01,0.01,2338.59367,1776365478000
1776365480.69,80.69,0.54,4.8,0.53,9.38,0.55,561.5,0.56,239.5,0.45,410.5,0.44,204.5,0.46,7.41,0.47,34.38,0.01,0.01,2338.235954,1776365479000
1776365480.904,80.904,0.5,61.34,0.49,55.5,0.51,26.0,0.52,125.5,0.45,586.5,0.44,379.5,0.5,60.0,0.51,40.0,0.01,0.05,2338.235954,1776365479000
1776365481.719,81.719,0.5,129.34,0.49,55.5,0.51,14.34,0.52,125.5,0.49,19.64,0.48,125.5,0.5,61.34,0.51,55.5,0.01,0.01,2338.055511,1776365480000
1776365482.11,82.11,0.49,50.5,0.48,209.5,0.51,365.34,0.52,130.5,0.49,385.84,0.48,140.5,0.5,11.34,0.51,35.0,0.02,0.01,2338.003476,1776365481000
1776365482.615,82.615,0.5,10.0,0.49,108.5,0.51,172.51,0.52,125.5,0.49,362.59,0.48,125.5,0.5,10.0,0.51,108.5,0.01,0.01,2338.003476,1776365481000
1776365482.945,82.945,0.5,6.94,0.49,108.5,0.51,371.51,0.52,125.5,0.49,172.51,0.48,125.5,0.5,10.0,0.51,108.5,0.01,0.01,2338.003476,1776365481000
1776365483.478,83.478,0.54,15.0,0.53,98.5,0.55,161.08,0.56,242.0,0.47,110.0,0.46,117.0,0.48,4.2,0.49,10.0,0.01,0.01,2337.884312,1776365482000
1776365483.743,83.743,0.54,118.0,0.53,267.5,0.55,72.0,0.56,80.0,0.45,149.89,0.44,242.0,0.46,43.0,0.47,98.5,0.01,0.01,2337.884312,1776365482000
1776365484.081,84.081,0.54,313.8,0.53,87.5,0.55,18.83,0.56,80.0,0.45,18.83,0.44,80.0,0.46,138.5,0.47,267.5,0.01,0.01,2337.884312,1776365482000
1776365484.804,84.804,0.53,258.5,0.52,97.5,0.55,90.83,0.56,205.5,0.45,18.83,0.44,80.0,0.47,63.68,0.48,204.7,0.02,0.02,2337.871365,1776365483000
1776365485.575,85.575,0.49,140.5,0.48,360.5,0.5,5.0,0.51,25.5,0.45,81.55,0.44,262.5,0.46,33.0,0.47,258.5,0.01,0.01,2338.018257,1776365484000
1776365487.332,87.332,0.48,80.0,0.47,105.01,0.5,496.5,0.51,207.5,0.5,10.0,0.49,25.5,0.51,96.27,0.52,360.5,0.02,0.01,2338.073113,1776365486000
1776365487.663,87.663,0.48,549.5,0.47,130.51,0.49,16.0,0.5,5.0,0.5,496.5,0.49,207.5,0.52,80.0,0.53,105.01,0.01,0.02,2338.073113,1776365486000
1776365488.018,88.018,0.48,516.5,0.47,140.51,0.51,85.0,0.52,125.5,0.51,16.0,0.5,5.0,0.52,549.5,0.53,130.51,0.03,0.01,2338.073113,1776365486000
1776365488.359,88.359,0.48,105.5,0.47,130.51,0.51,374.92,0.52,125.5,0.49,68.42,0.48,125.5,0.5,5.0,0.52,100.5,0.03,0.01,2338.073113,1776365486000
1776365489.579,89.579,0.49,352.5,0.48,163.5,0.51,10.0,0.52,15.5,0.49,374.92,0.48,125.5,0.52,105.5,0.53,130.51,0.02,0.03,2337.751888,1776365488000
1776365490.169,90.169,0.5,14.0,0.49,45.5,0.51,147.0,0.52,35.5,0.49,10.0,0.48,15.5,0.51,352.5,0.52,163.5,0.01,0.02,2337.751888,1776365488000
1776365491.595,91.595,0.5,25.0,0.49,45.5,0.51,12.0,0.52,330.5,0.49,39.21,0.48,35.5,0.51,45.5,0.52,115.5,0.01,0.02,2337.847902,1776365489000
1776365492.075,92.075,0.49,10.0,0.48,80.0,0.51,280.5,0.52,147.5,0.49,12.0,0.48,330.5,0.5,25.0,0.51,45.5,0.02,0.01,2337.841907,1776365490000
1776365492.305,92.305,0.48,78.07,0.47,115.01,0.49,26.5,0.5,41.5,0.49,280.5,0.48,147.5,0.51,10.0,0.52,80.0,0.01,0.02,2337.841907,1776365490000
1776365493.581,93.581,0.48,78.07,0.47,120.01,0.49,340.5,0.5,40.5,0.51,26.5,0.5,41.5,0.52,78.07,0.53,115.01,0.01,0.01,2337.860017,1776365492000
1776365494.61,94.61,0.48,136.57,0.47,120.51,0.5,70.1,0.51,135.5,0.51,340.5,0.5,40.5,0.52,78.07,0.53,120.01,0.02,0.01,2337.783993,1776365493000
1776365495.114,95.114,0.47,105.01,0.46,175.5,0.49,503.7,0.5,112.1,0.5,75.1,0.49,140.5,0.52,118.07,0.53,130.51,0.02,0.02,2337.699318,1776365494000
1776365495.628,95.628,0.47,20.5,0.46,238.5,0.48,10.0,0.49,300.5,0.52,26.0,0.51,305.5,0.53,8.62,0.54,243.5,0.01,0.01,2337.699318,1776365494000
1776365496.154,96.154,0.5,71.0,0.49,345.5,0.51,53.17,0.52,405.5,0.51,25.5,0.5,123.1,0.53,16.05,0.54,418.5,0.01,0.02,2337.699318,1776365494000
1776365496.702,96.702,0.48,19.15,0.47,25.5,0.51,73.67,0.52,305.5,0.49,53.17,0.48,405.5,0.5,71.0,0.51,345.5,0.03,0.01,2337.699318,1776365494000
1776365496.972,96.972,0.49,58.5,0.48,20.5,0.5,128.61,0.51,63.17,0.49,73.67,0.48,305.5,0.52,19.15,0.53,25.5,0.01,0.03,2337.680561,1776365495000
1776365498.407,98.407,0.49,359.5,0.48,20.5,0.5,5.0,0.51,53.17,0.5,128.61,0.49,63.17,0.51,58.5,0.52,20.5,0.01,0.01,2337.582364,1776365497000
1776365499.247,99.247,0.5,38.8,0.49,87.5,0.51,53.17,0.52,125.5,0.5,5.0,0.49,53.17,0.51,359.5,0.52,20.5,0.01,0.01,2337.582364,1776365497000
1776365502.535,102.535,0.5,18.8,0.49,20.0,0.51,205.7,0.52,325.5,0.49,53.17,0.48,125.5,0.5,38.8,0.51,87.5,0.01,0.01,2337.858149,1776365501000
1776365503.315,103.315,0.49,5.0,0.47,10.0,0.51,381.7,0.52,200.5,0.49,205.7,0.48,325.5,0.5,18.8,0.51,20.0,0.02,0.01,2337.824673,1776365502000
1776365503.678,103.678,0.46,5.0,0.45,195.0,0.47,217.94,0.48,38.5,0.49,381.7,0.48,200.5,0.53,10.0,0.54,165.0,0.01,0.04,2337.824673,1776365502000
1776365503.956,103.956,0.45,395.5,0.44,75.5,0.47,127.0,0.48,10.0,0.53,217.94,0.52,38.5,0.54,5.0,0.55,195.0,0.02,0.01,2337.824673,1776365502000
1776365504.26,104.26,0.46,606.87,0.45,225.5,0.51,56.2,0.52,105.0,0.53,5.0,0.49,61.2,0.54,566.87,0.55,230.5,0.05,0.01,2337.824673,1776365502000
1776365506.0,106.0,0.5,252.3,0.49,30.5,0.52,40.0,0.53,30.5,0.49,45.86,0.48,110.0,0.5,85.0,0.51,88.5,0.02,0.01,2337.652275,1776365504000
1776365507.916,107.916,0.51,2.55,0.49,20.0,0.52,426.5,0.53,40.5,0.48,40.0,0.47,30.5,0.5,252.3,0.51,30.5,0.01,0.02,2337.864252,1776365506000
1776365509.061,109.061,0.47,14.2,0.46,445.5,0.49,35.0,0.5,5.0,0.48,426.5,0.47,40.5,0.49,2.55,0.51,20.0,0.02,0.01,2337.914967,1776365507000
1776365509.427,109.427,0.51,167.0,0.5,20.0,0.52,51.94,0.53,15.0,0.51,35.0,0.5,5.0,0.53,14.2,0.54,445.5,0.01,0.02,2337.914967,1776365507000
1776365509.702,109.702,0.52,220.5,0.51,140.5,0.55,8.0,0.57,100.0,0.47,15.0,0.46,25.0,0.49,186.0,0.5,20.0,0.03,0.02,2337.914967,1776365507000
1776365510.239,110.239,0.58,7.61,0.57,10.0,0.59,25.0,0.6,128.0,0.43,125.0,0.41,75.0,0.44,42.0,0.46,310.0,0.01,0.01,2337.874549,1776365508000
1776365510.624,110.624,0.6,49.0,0.59,10.0,0.61,59.16,0.62,64.47,0.41,25.0,0.4,128.0,0.42,7.61,0.43,10.0,0.01,0.01,2337.874549,1776365508000
1776365510.876,110.876,0.61,351.0,0.6,20.0,0.62,4.06,0.65,100.0,0.38,54.47,0.37,50.0,0.39,10.0,0.4,69.0,0.01,0.01,2337.790799,1776365509000
1776365511.472,111.472,0.64,197.0,0.63,67.0,0.65,67.0,0.66,95.0,0.35,100.0,0.34,95.0,0.39,449.0,0.4,20.0,0.01,0.04,2337.790799,1776365509000
1776365512.839,112.839,0.68,20.5,0.67,358.5,0.72,120.0,0.73,120.0,0.35,67.0,0.34,95.0,0.36,197.0,0.37,67.0,0.04,0.01,2338.32063,1776365511000
1776365513.196,113.196,0.7,5.0,0.69,20.0,0.72,128.0,0.73,288.0,0.28,120.0,0.27,120.0,0.29,41.04,0.32,20.5,0.02,0.01,2338.32063,1776365511000
1776365513.609,113.609,0.71,302.0,0.7,5.0,0.73,230.0,0.74,110.5,0.28,87.97,0.27,230.0,0.29,314.0,0.3,5.0,0.02,0.01,2338.32063,1776365511000
1776365514.247,114.247,0.72,269.0,0.71,30.0,0.73,115.0,0.75,121.0,0.27,230.0,0.26,110.5,0.29,302.0,0.3,5.0,0.01,0.02,2338.913508,1776365512000
1776365514.65,114.65,0.74,21.75,0.73,15.0,0.75,170.16,0.76,275.0,0.25,189.5,0.24,170.0,0.28,299.0,0.29,40.5,0.01,0.03,2339.093267,1776365513000
1776365514.906,114.906,0.74,53.75,0.73,295.0,0.75,196.66,0.76,175.0,0.25,225.66,0.24,175.0,0.26,16.75,0.27,115.0,0.01,0.01,2339.093267,1776365513000
1776365515.754,115.754,0.75,225.0,0.74,125.0,0.76,162.0,0.77,11.0,0.25,57.1,0.24,297.94,0.26,235.75,0.27,110.0,0.01,0.01,2339.485855,1776365514000
1776365516.404,116.404,0.75,384.0,0.74,120.0,0.76,102.78,0.77,21.5,0.24,116.5,0.23,79.5,0.25,199.0,0.26,295.0,0.01,0.01,2339.622007,1776365515000
1776365516.804,116.804,0.75,204.0,0.74,120.0,0.76,111.05,0.77,79.5,0.24,102.78,0.23,21.5,0.25,384.0,0.26,120.0,0.01,0.01,2339.622007,1776365515000
1776365517.21,117.21,0.75,15.2,0.74,177.0,0.76,268.05,0.77,247.5,0.24,116.05,0.23,264.5,0.25,42.0,0.26,177.0,0.01,0.01,2339.622007,1776365515000
1776365518.113,118.113,0.75,107.0,0.74,130.5,0.76,236.12,0.77,140.02,0.24,313.05,0.23,10.5,0.25,7.0,0.26,125.0,0.01,0.01,2339.786533,1776365516000
1776365518.344,118.344,0.75,487.0,0.74,136.5,0.76,65.8,0.78,125.5,0.24,67.12,0.23,140.02,0.25,420.0,0.26,136.5,0.01,0.01,2339.859116,1776365517000
1776365520.023,120.023,0.76,10.0,0.75,122.0,0.78,549.5,0.79,95.0,0.22,125.5,0.21,80.0,0.25,492.0,0.26,146.5,0.02,0.03,2339.667626,1776365518000
1776365520.503,120.503,0.76,5.0,0.75,17.0,0.77,464.16,0.78,223.5,0.22,549.5,0.21,95.0,0.24,10.0,0.25,122.0,0.01,0.02,2339.745484,1776365519000
1776365520.727,120.727,0.75,11.0,0.74,20.0,0.76,47.5,0.77,341.16,0.23,477.16,0.22,218.5,0.25,17.0,0.26,20.0,0.01,0.02,2339.745484,1776365519000
1776365520.942,120.942,0.73,20.0,0.72,120.0,0.76,227.5,0.77,408.2,0.24,47.5,0.23,341.16,0.25,11.0,0.26,20.0,0.03,0.01,2339.745484,1776365519000
1776365521.504,121.504,0.73,10.0,0.72,73.0,0.74,174.74,0.75,223.5,0.26,149.5,0.25,53.5,0.27,20.0,0.28,20.0,0.01,0.01,2339.745484,1776365519000
1776365521.849,121.849,0.72,15.0,0.71,168.0,0.73,134.24,0.74,322.1,0.26,173.1,0.25,223.5,0.27,10.0,0.28,73.0,0.01,0.01,2339.893011,1776365520000
1776365522.584,122.584,0.72,10.0,0.71,115.0,0.73,529.44,0.74,53.1,0.27,134.24,0.26,322.1,0.28,15.0,0.29,168.0,0.01,0.01,2339.710984,1776365521000
1776365522.792,122.792,0.72,15.0,0.71,178.5,0.73,198.94,0.74,58.1,0.27,529.44,0.26,53.1,0.28,10.0,0.29,115.0,0.01,0.01,2339.710984,1776365521000
1776365523.299,123.299,0.72,410.5,0.71,177.5,0.73,142.6,0.74,35.0,0.27,198.94,0.26,58.1,0.28,15.0,0.29,178.5,0.01,0.01,2339.710984,1776365521000
1776365523.743,123.743,0.72,415.5,0.71,177.5,0.73,130.19,0.74,102.0,0.27,136.55,0.26,35.0,0.28,410.5,0.29,177.5,0.01,0.01,2339.519953,1776365522000
1776365524.266,124.266,0.72,504.5,0.71,175.5,0.73,124.19,0.74,35.0,0.27,130.19,0.26,102.0,0.28,415.5,0.29,177.5,0.01,0.01,2339.495125,1776365523000
1776365524.479,124.479,0.72,561.7,0.71,180.5,0.73,80.51,0.74,35.0,0.27,100.51,0.26,35.0,0.28,526.7,0.29,175.5,0.01,0.01,2339.495125,1776365523000
1776365526.037,126.037,0.74,516.5,0.73,195.5,0.78,85.0,0.79,195.0,0.26,35.0,0.25,5.0,0.28,561.7,0.29,180.5,0.04,0.02,2339.54699,1776365524000
1776365526.933,126.933,0.77,189.0,0.76,305.5,0.78,200.0,0.79,90.5,0.22,85.0,0.21,195.0,0.26,516.5,0.27,195.5,0.01,0.04,2339.70575,1776365525000
1776365528.943,128.943,0.78,512.95,0.77,165.5,0.79,30.0,0.8,135.0,0.22,200.0,0.21,90.5,0.23,189.0,0.24,305.5,0.01,0.01,2339.98885,1776365527000
1776365530.21,130.21,0.79,120.0,0.78,157.0,0.8,162.51,0.81,65.5,0.21,30.0,0.2,135.0,0.22,512.95,0.23,165.5,0.01,0.01,2340.050279,1776365528000
1776365530.609,130.609,0.79,62.0,0.78,157.0,0.8,340.29,0.81,75.5,0.2,147.79,0.19,65.5,0.21,71.0,0.22,157.0,0.01,0.01,2340.050279,1776365528000
1776365531.147,131.147,0.79,49.0,0.78,157.0,0.8,76.79,0.81,60.5,0.2,340.29,0.19,75.5,0.21,62.0,0.22,157.0,0.01,0.01,2340.29873,1776365530000
1776365531.829,131.829,0.79,5.5,0.78,52.0,0.8,433.0,0.81,188.5,0.2,76.79,0.19,65.5,0.21,20.0,0.22,157.0,0.01,0.01,2340.29873,1776365530000
1776365532.482,132.482,0.79,356.0,0.78,67.5,0.8,2.5,0.81,50.0,0.2,433.0,0.19,188.5,0.21,5.5,0.22,52.0,0.01,0.01,2340.31938,1776365531000
1776365533.187,133.187,0.82,78.0,0.81,27.0,0.83,118.52,0.84,362.0,0.2,1.0,0.19,50.0,0.21,412.0,0.22,66.5,0.01,0.01,2340.172551,1776365532000
1776365535.247,135.247,0.82,71.11,0.81,20.0,0.83,73.11,0.84,210.0,0.17,116.11,0.16,430.0,0.18,78.0,0.19,322.0,0.01,0.01,2340.247043,1776365533000
1776365536.018,136.018,0.82,51.11,0.81,15.0,0.83,251.9,0.84,88.0,0.17,73.11,0.16,210.0,0.18,71.11,0.19,20.0,0.01,0.01,2340.350385,1776365534000
1776365536.393,136.393,0.82,41.11,0.81,15.0,0.83,249.24,0.84,98.0,0.17,250.45,0.16,88.0,0.18,41.11,0.19,15.0,0.01,0.01,2340.382398,1776365535000
1776365538.253,138.253,0.82,10.0,0.81,22.0,0.83,262.35,0.84,45.0,0.17,249.24,0.16,98.0,0.18,41.11,0.19,15.0,0.01,0.01,2340.430355,1776365537000
1776365539.502,139.502,0.82,15.0,0.81,90.5,0.83,25.9,0.84,272.0,0.17,262.35,0.16,45.0,0.18,10.0,0.19,22.0,0.01,0.01,2340.42099,1776365538000
1776365542.819,142.819,0.86,62.1,0.85,93.0,0.87,246.12,0.88,272.0,0.17,25.9,0.16,272.0,0.18,15.0,0.19,90.5,0.01,0.01,2340.410496,1776365541000
1776365543.511,143.511,0.86,57.1,0.85,35.0,0.87,247.38,0.88,282.5,0.13,244.56,0.12,272.0,0.14,62.1,0.15,93.0,0.01,0.01,2340.503252,1776365542000
1776365544.328,144.328,0.86,46.79,0.85,25.0,0.87,264.38,0.88,282.5,0.13,247.38,0.12,282.5,0.14,57.1,0.15,35.0,0.01,0.01,2340.503252,1776365542000
1776365544.873,144.873,0.85,10.0,0.84,28.0,0.87,388.23,0.88,224.5,0.13,315.23,0.12,224.5,0.14,46.79,0.15,25.0,0.02,0.01,2340.845858,1776365543000
1776365545.811,145.811,0.85,50.0,0.84,83.0,0.86,87.08,0.87,273.5,0.14,261.29,0.13,182.23,0.15,12.0,0.16,28.0,0.01,0.01,2340.854796,1776365544000
1776365547.335,147.335,0.84,25.0,0.83,102.0,0.86,335.68,0.87,35.5,0.14,92.68,0.13,273.5,0.15,50.0,0.16,83.0,0.02,0.01,2340.714815,1776365546000
1776365547.823,147.823,0.84,5.92,0.83,30.0,0.85,359.9,0.86,52.68,0.14,335.68,0.13,35.5,0.16,25.0,0.17,102.0,0.01,0.02,2340.714815,1776365546000
1776365548.207,148.207,0.83,30.0,0.82,25.0,0.84,349.2,0.85,46.5,0.16,14.5,0.15,332.9,0.17,36.0,0.18,83.0,0.01,0.01,2340.647223,1776365547000
1776365549.825,149.825,0.85,10.0,0.84,25.5,0.86,17.33,0.87,200.0,0.16,334.7,0.15,46.5,0.18,20.0,0.19,78.0,0.01,0.02,2340.653174,1776365548000
1776365551.626,151.626,0.85,5.0,0.84,32.5,0.86,275.32,0.87,121.5,0.14,17.33,0.13,200.0,0.15,10.0,0.16,25.5,0.01,0.01,2340.293534,1776365550000
1776365552.176,152.176,0.84,32.68,0.83,117.0,0.86,259.32,0.87,121.5,0.14,259.32,0.13,121.5,0.15,5.0,0.16,32.5,0.02,0.01,2340.58789,1776365551000
1776365553.426,153.426,0.85,49.72,0.84,31.8,0.86,117.26,0.87,63.5,0.14,259.32,0.13,121.5,0.16,32.68,0.17,117.0,0.01,0.02,2340.650481,1776365552000
1776365553.674,153.674,0.84,12.0,0.83,49.5,0.85,34.5,0.86,160.26,0.14,117.26,0.13,63.5,0.15,49.72,0.16,31.8,0.01,0.01,2340.650481,1776365552000
1776365554.457,154.457,0.84,22.0,0.83,54.5,0.85,7.64,0.86,146.76,0.15,34.5,0.14,160.26,0.16,12.0,0.17,49.5,0.01,0.01,2340.641113,1776365553000
1776365554.94,154.94,0.84,15.75,0.83,111.5,0.85,7.64,0.86,146.76,0.15,7.64,0.14,146.76,0.16,22.0,0.17,54.5,0.01,0.01,2340.641113,1776365553000
1776365555.764,155.764,0.86,55.5,0.85,341.5,0.87,23.25,0.88,232.5,0.15,7.64,0.14,146.76,0.16,15.75,0.17,111.5,0.01,0.01,2340.646307,1776365554000
1776365556.796,156.796,0.85,9.01,0.84,58.05,0.87,13.25,0.88,212.5,0.13,23.25,0.12,232.5,0.14,55.5,0.15,341.5,0.02,0.01,2340.610707,1776365555000
1776365557.319,157.319,0.86,23.0,0.85,17.97,0.87,53.25,0.88,398.5,0.13,13.25,0.12,212.5,0.15,9.01,0.16,58.05,0.01,0.02,2340.563346,1776365556000
1776365560.172,160.172,0.88,362.18,0.87,111.5,0.89,38.87,0.9,70.0,0.13,53.25,0.12,398.5,0.14,23.0,0.15,17.97,0.01,0.01,2340.742022,1776365559000
1776365560.433,160.433,0.88,441.44,0.87,138.3,0.89,18.87,0.9,70.0,0.11,38.87,0.1,70.0,0.12,362.18,0.13,111.5,0.01,0.01,2340.742022,1776365559000
1776365561.122,161.122,0.88,395.54,0.87,153.4,0.89,13.87,0.9,70.0,0.11,18.87,0.1,70.0,0.12,441.44,0.13,138.3,0.01,0.01,2340.765697,1776365560000
1776365561.477,161.477,0.89,20.5,0.88,522.54,0.91,51.0,0.92,47.0,0.11,13.87,0.1,70.0,0.12,395.54,0.13,153.4,0.02,0.01,2340.765697,1776365560000
1776365561.745,161.745,0.91,97.37,0.9,424.05,0.92,47.0,0.93,139.0,0.08,47.0,0.07,82.0,0.09,29.0,0.1,422.05,0.01,0.01,2340.765697,1776365560000
1776365562.177,162.177,0.91,419.87,0.9,283.6,0.92,45.91,0.93,24.0,0.08,47.0,0.07,139.0,0.09,97.37,0.1,424.05,0.01,0.01,2341.328262,1776365561000
1776365562.597,162.597,0.91,461.64,0.9,263.6,0.92,45.91,0.93,24.0,0.08,45.91,0.07,24.0,0.09,419.87,0.1,283.6,0.01,0.01,2341.328262,1776365561000
1776365562.834,162.834,0.91,527.64,0.9,253.6,0.92,36.7,0.93,24.0,0.08,39.84,0.07,24.0,0.09,473.64,0.1,263.6,0.01,0.01,2341.328262,1776365561000
1776365563.123,163.123,0.91,547.74,0.9,251.5,0.93,21.35,0.94,159.0,0.08,31.42,0.07,24.0,0.09,527.64,0.1,253.6,0.02,0.01,2341.739912,1776365562000
1776365563.483,163.483,0.92,429.83,0.91,272.47,0.93,19.73,0.94,159.0,0.07,21.35,0.06,159.0,0.09,519.96,0.1,251.5,0.01,0.02,2341.739912,1776365562000
1776365563.896,163.896,0.93,103.67,0.92,378.15,0.94,143.2,0.95,66.43,0.06,148.36,0.05,66.43,0.07,21.0,0.08,393.58,0.01,0.01,2341.739912,1776365562000
1776365564.415,164.415,0.93,81.67,0.92,141.15,0.94,237.2,0.95,160.43,0.06,143.2,0.05,66.43,0.07,103.67,0.08,378.15,0.01,0.01,2342.120193,1776365563000
1776365564.847,164.847,0.93,81.67,0.92,141.15,0.94,208.81,0.95,260.43,0.06,237.2,0.05,160.43,0.07,81.67,0.08,141.15,0.01,0.01,2342.120193,1776365563000
1776365565.239,165.239,0.93,26.66,0.92,141.15,0.94,218.81,0.95,421.43,0.06,151.81,0.05,317.43,0.07,45.95,0.08,141.15,0.01,0.01,2342.531723,1776365564000
1776365565.704,165.704,0.92,147.15,0.91,65.0,0.94,435.18,0.95,241.43,0.06,216.68,0.05,421.43,0.07,26.66,0.08,141.15,0.02,0.01,2342.531723,1776365564000
1776365566.07,166.07,0.92,182.9,0.91,65.0,0.93,21.49,0.94,199.68,0.06,435.18,0.05,241.43,0.08,147.15,0.09,65.0,0.01,0.02,2342.423261,1776365565000
1776365567.122,167.122,0.92,79.9,0.91,360.0,0.93,7.0,0.94,142.68,0.07,14.49,0.06,199.68,0.08,156.65,0.09,65.0,0.01,0.01,2342.247641,1776365566000
1776365567.425,167.425,0.92,79.9,0.91,302.0,0.93,42.38,0.94,142.68,0.07,7.0,0.06,142.68,0.08,79.9,0.09,360.0,0.01,0.01,2342.247641,1776365566000
1776365568.336,168.336,0.93,66.72,0.92,125.9,0.94,79.68,0.95,124.43,0.07,35.38,0.06,142.68,0.08,79.9,0.09,302.0,0.01,0.01,2342.061128,1776365567000
1776365568.756,168.756,0.93,274.72,0.92,303.9,0.94,74.68,0.95,66.43,0.06,79.68,0.05,124.43,0.07,66.72,0.08,125.9,0.01,0.01,2342.061128,1776365567000
1776365571.768,171.768,0.93,458.72,0.92,74.4,0.94,38.68,0.95,61.43,0.06,74.68,0.05,66.43,0.07,274.72,0.08,303.9,0.01,0.01,2342.633599,1776365570000
1776365572.432,172.432,0.93,157.72,0.92,983.9,0.94,60.68,0.95,66.43,0.06,38.68,0.05,61.43,0.07,458.72,0.08,74.4,0.01,0.01,2342.774112,1776365571000
1776365572.82,172.82,0.93,88.72,0.92,670.9,0.95,123.47,0.96,128.81,0.06,60.68,0.05,66.43,0.07,157.72,0.08,983.9,0.02,0.01,2342.774112,1776365571000
1776365573.606,173.606,0.94,86.8,0.93,76.72,0.95,120.34,0.96,128.81,0.05,123.47,0.04,128.81,0.07,88.72,0.08,670.9,0.01,0.02,2342.891585,1776365572000
1776365574.278,174.278,0.94,175.8,0.93,373.72,0.95,5.64,0.96,129.81,0.05,120.34,0.04,128.81,0.06,86.8,0.07,76.72,0.01,0.01,2342.925367,1776365573000
1776365574.642,174.642,0.94,131.8,0.93,436.72,0.96,105.39,0.97,590.0,0.05,5.64,0.04,129.81,0.06,175.8,0.07,373.72,0.02,0.01,2342.925367,1776365573000
1776365575.917,175.917,0.95,101.79,0.94,123.8,0.96,53.47,0.97,648.0,0.04,105.39,0.03,590.0,0.06,131.8,0.07,436.72,0.01,0.02,2342.818171,1776365574000
1776365577.226,177.226,0.95,113.59,0.94,158.8,0.96,33.47,0.97,648.0,0.04,23.47,0.03,468.0,0.05,101.79,0.06,123.8,0.01,0.01,2343.06504,1776365576000
1776365577.446,177.446,0.95,213.59,0.94,103.8,0.96,30.32,0.97,468.0,0.04,31.37,0.03,468.0,0.05,173.59,0.06,103.8,0.01,0.01,2343.06504,1776365576000
1776365577.704,177.704,0.95,155.59,0.94,163.8,0.96,5.07,0.97,468.0,0.04,6.12,0.03,468.0,0.05,203.59,0.06,103.8,0.01,0.01,2343.06504,1776365576000
1776365578.083,178.083,0.96,259.7,0.95,131.59,0.97,435.81,0.98,499.0,0.03,465.81,0.02,499.0,0.04,179.0,0.05,148.59,0.01,0.01,2343.06504,1776365576000
1776365578.432,178.432,0.96,258.95,0.95,131.59,0.97,435.81,0.98,499.0,0.03,435.81,0.02,499.0,0.04,259.7,0.05,131.59,0.01,0.01,2343.212454,1776365577000
1776365578.738,178.738,0.96,281.95,0.95,131.59,0.97,414.37,0.98,499.0,0.03,435.81,0.02,499.0,0.04,258.95,0.05,131.59,0.01,0.01,2343.212454,1776365577000
1776365579.147,179.147,0.96,281.2,0.95,136.59,0.97,413.33,0.98,499.0,0.03,414.37,0.02,499.0,0.04,281.2,0.05,131.59,0.01,0.01,2343.212454,1776365577000
1776365579.376,179.376,0.96,242.7,0.95,173.59,0.97,297.29,0.98,614.0,0.03,355.33,0.02,557.0,0.04,280.45,0.05,146.59,0.01,0.01,2343.33654,1776365578000
1776365579.603,179.603,0.96,241.95,0.95,239.59,0.97,261.54,0.98,614.0,0.03,261.54,0.02,614.0,0.04,242.7,0.05,239.59,0.01,0.01,2343.33654,1776365578000
1776365579.953,179.953,0.96,236.02,0.95,229.59,0.97,261.54,0.98,614.0,0.03,261.54,0.02,614.0,0.04,241.95,0.05,239.59,0.01,0.01,2343.33654,1776365578000
1776365580.17,180.17,0.96,241.02,0.95,229.59,0.97,260.5,0.98,614.0,0.03,261.54,0.02,614.0,0.04,236.02,0.05,229.59,0.01,0.01,2343.509444,1776365579000
1776365580.483,180.483,0.96,258.02,0.95,229.59,0.97,245.13,0.98,614.0,0.03,255.34,0.02,614.0,0.04,251.02,0.05,229.59,0.01,0.01,2343.509444,1776365579000
1776365580.955,180.955,0.96,230.02,0.95,347.59,0.97,118.7,0.98,589.0,0.03,123.86,0.02,614.0,0.04,248.02,0.05,237.59,0.01,0.01,2343.509444,1776365579000
1776365581.158,181.158,0.96,220.02,0.95,637.59,0.97,113.55,0.98,589.0,0.03,118.7,0.02,589.0,0.04,230.02,0.05,347.59,0.01,0.01,2343.509444,1776365579000
1776365581.719,181.719,0.96,382.02,0.95,258.59,0.97,107.36,0.98,198.0,0.03,108.4,0.02,589.0,0.04,220.02,0.05,637.59,0.01,0.01,2343.602962,1776365580000
1776365581.931,181.931,0.96,244.02,0.95,426.59,0.97,84.9,0.98,198.0,0.03,107.36,0.02,198.0,0.04,382.02,0.05,258.59,0.01,0.01,2343.602962,1776365580000
1776365582.157,182.157,0.97,534.0,0.96,223.7,0.98,121.61,0.99,2328.36,0.02,126.61,0.01,2328.36,0.03,534.0,0.04,228.7,0.01,0.01,2343.602962,1776365580000
1776365582.493,182.493,0.97,604.97,0.96,193.7,0.98,101.61,0.99,2428.36,0.02,121.61,0.01,2328.36,0.03,534.0,0.04,223.7,0.01,0.01,2343.817201,1776365581000
1776365582.693,182.693,0.97,572.7,0.96,226.7,0.98,86.26,0.99,2335.36,0.02,87.29,0.01,2335.36,0.03,572.7,0.04,226.7,0.01,0.01,2343.817201,1776365581000
1776365582.907,182.907,0.97,582.7,0.96,226.7,0.98,47.45,0.99,2335.36,0.02,48.48,0.01,2335.36,0.03,582.7,0.04,226.7,0.01,0.01,2343.817201,1776365581000
1776365583.177,183.177,0.97,591.97,0.96,236.7,0.98,1.94,0.99,2335.36,0.02,6.42,0.01,2335.36,0.03,591.97,0.04,236.7,0.01,0.01,2343.817201,1776365581000
1776365583.622,183.622,0.97,370.7,0.96,176.7,0.99,2087.45,,,0.02,1.94,0.01,2335.36,0.03,591.97,0.04,236.7,0.02,0.01,2343.948873,1776365582000
1776365583.831,183.831,0.98,133.0,0.97,339.7,0.99,780.45,,,0.01,1987.45,,,0.03,370.7,0.04,176.7,0.01,0.02,2343.948873,1776365582000
1776365584.113,184.113,0.98,332.88,0.97,334.7,0.99,683.43,,,0.01,723.43,,,0.02,360.88,0.03,334.7,0.01,0.01,2343.948873,1776365582000
1776365584.377,184.377,0.98,322.88,0.97,918.7,0.99,649.31,,,0.01,658.41,,,0.02,332.88,0.03,334.7,0.01,0.01,2345.255406,1776365583000
1776365584.721,184.721,0.99,2067.5,0.98,311.7,,,,,,,,,0.01,1875.69,0.02,322.88,,,2345.255406,1776365583000
1776365585.08,185.08,0.99,2412.98,0.98,311.7,,,,,,,,,0.01,2067.5,0.02,311.7,,,2345.255406,1776365583000
1776365585.647,185.647,0.99,2238.05,0.98,311.7,,,,,,,,,0.01,2200.18,0.02,311.7,,,2345.465902,1776365584000
1776365585.973,185.973,0.99,2205.46,0.98,611.7,,,,,,,,,0.01,2219.83,0.02,611.7,,,2346.146,1776365585000
1776365586.274,186.274,0.99,1976.48,0.98,611.7,,,,,,,,,0.01,2295.48,0.02,611.7,,,2346.146,1776365585000
1776365586.566,186.566,0.99,1958.0,0.98,321.7,,,,,,,,,0.01,1976.48,0.02,611.7,,,2346.146,1776365585000
1776365586.824,186.824,0.99,2250.78,0.98,721.7,,,,,,,,,0.01,1958.0,0.02,321.7,,,2346.146,1776365585000
1776365589.089,189.089,0.99,1876.19,0.98,209.7,,,,,,,,,0.01,2203.64,0.02,716.7,,,2346.836115,1776365587000
1776365590.048,190.048,0.99,1665.98,0.98,209.7,,,,,,,,,0.01,1876.19,0.02,209.7,,,2346.961872,1776365589000
1776365590.871,190.871,0.99,1707.76,0.98,209.7,,,,,,,,,0.01,1665.98,0.02,209.7,,,2346.961872,1776365589000
1776365592.119,192.119,0.99,1677.76,0.98,909.7,,,,,,,,,0.01,1707.76,0.02,209.7,,,2346.857685,1776365591000
1776365592.631,192.631,0.99,1648.76,0.98,209.7,,,,,,,,,0.01,1677.76,0.02,909.7,,,2346.857685,1776365591000
1776365598.418,198.418,0.99,1452.76,0.98,209.7,,,,,,,,,0.01,1648.76,0.02,209.7,,,2345.423008,1776365597000
1776365605.168,205.168,0.99,1321.11,0.98,209.7,,,,,,,,,0.01,1452.76,0.02,209.7,,,2344.704463,1776365604000
1776365607.767,207.767,0.99,821.11,0.98,209.7,,,,,,,,,0.01,1321.11,0.02,209.7,,,2344.210029,1776365606000
1776365608.769,208.769,0.99,810.52,0.98,209.7,,,,,,,,,0.01,821.11,0.02,209.7,,,2344.277282,1776365607000
1776365612.484,212.484,0.99,500.52,0.98,204.7,,,,,,,,,0.01,810.52,0.02,209.7,,,2344.38017,1776365611000
1776365614.103,214.103,0.99,480.52,0.98,214.7,,,,,,,,,0.01,500.52,0.02,204.7,,,2344.118605,1776365612000
1776365614.545,214.545,0.99,187.52,0.98,214.7,,,,,,,,,0.01,237.52,0.02,214.7,,,2343.701712,1776365613000
1776365614.8,214.8,0.98,190.7,0.97,690.85,0.99,350.17,,,0.01,12.48,,,0.02,214.7,0.03,690.85,0.01,0.01,2343.701712,1776365613000
1776365615.04,215.04,0.98,190.7,0.97,748.85,0.99,272.73,,,0.01,350.17,,,0.02,190.7,0.03,690.85,0.01,0.01,2343.701712,1776365613000
1776365615.84,215.84,0.98,276.45,0.97,805.85,0.99,658.65,,,0.01,263.65,,,0.02,276.45,0.03,805.85,0.01,0.01,2343.469749,1776365614000
1776365616.153,216.153,0.98,299.45,0.97,805.85,0.99,689.16,,,0.01,649.18,,,0.02,276.45,0.03,805.85,0.01,0.01,2343.469749,1776365614000
1776365616.386,216.386,0.98,249.45,0.97,805.85,0.99,688.14,,,0.01,689.16,,,0.02,249.45,0.03,805.85,0.01,0.01,2343.469749,1776365614000
1776365617.247,217.247,0.98,314.64,0.97,748.85,0.99,693.98,,,0.01,688.14,,,0.02,249.45,0.03,805.85,0.01,0.01,2342.958258,1776365615000
1776365617.473,217.473,0.98,314.64,0.97,928.85,0.99,643.98,,,0.01,693.98,,,0.02,314.64,0.03,748.85,0.01,0.01,2342.958258,1776365615000
1776365618.873,218.873,0.98,288.64,0.97,928.85,0.99,603.66,,,0.01,643.98,,,0.02,314.64,0.03,928.85,0.01,0.01,2343.082915,1776365617000
1776365619.756,219.756,0.98,221.64,0.97,747.85,0.99,360.9,,,0.01,603.66,,,0.02,288.64,0.03,928.85,0.01,0.01,2343.083411,1776365618000
1776365620.418,220.418,0.98,221.64,0.97,747.85,0.99,251.91,,,0.01,360.9,,,0.02,221.64,0.03,747.85,0.01,0.01,2343.066716,1776365619000
1776365620.699,220.699,0.98,221.64,0.97,747.85,0.99,336.91,,,0.01,176.91,,,0.02,221.64,0.03,747.85,0.01,0.01,2343.066716,1776365619000
1776365621.067,221.067,0.98,221.64,0.97,747.85,0.99,354.98,,,0.01,358.75,,,0.02,221.64,0.03,747.85,0.01,0.01,2342.86765,1776365620000
1776365621.33,221.33,0.98,221.64,0.97,747.85,0.99,335.43,,,0.01,339.43,,,0.02,221.64,0.03,747.85,0.01,0.01,2342.86765,1776365620000
1776365622.456,222.456,0.98,221.64,0.97,927.85,0.99,284.57,,,0.01,309.43,,,0.02,221.64,0.03,747.85,0.01,0.01,2342.86765,1776365620000
1776365623.262,223.262,0.98,288.64,0.97,928.85,0.99,279.57,,,0.01,284.57,,,0.02,221.64,0.03,927.85,0.01,0.01,2342.503335,1776365622000
1776365623.468,223.468,0.98,288.64,0.97,928.85,0.99,256.57,,,0.01,253.57,,,0.02,288.64,0.03,928.85,0.01,0.01,2342.503335,1776365622000
1776365624.341,224.341,0.98,391.64,0.97,700.85,0.99,194.57,,,0.01,256.57,,,0.02,163.64,0.03,928.85,0.01,0.01,2342.503335,1776365622000
1776365624.765,224.765,0.99,105.43,0.98,481.64,,,,,0.01,194.57,,,0.02,391.64,0.03,700.85,,0.01,2342.455361,1776365623000
1776365626.728,226.728,0.99,235.43,0.98,104.64,,,,,,,,,0.01,105.43,0.02,481.64,,,2343.0296,1776365625000
1776365627.253,227.253,0.98,352.64,0.97,748.85,0.99,238.0,,,,,,,0.02,84.64,0.03,690.85,0.01,,2343.095459,1776365626000
1776365628.053,228.053,0.98,318.64,0.97,748.85,0.99,638.0,,,0.01,238.0,,,0.02,352.64,0.03,748.85,0.01,0.01,2343.095459,1776365626000
1776365628.469,228.469,0.98,308.64,0.97,748.85,0.99,233.0,,,0.01,638.0,,,0.02,318.64,0.03,748.85,0.01,0.01,2342.938472,1776365627000
1776365629.074,229.074,0.98,308.64,0.97,748.85,0.99,227.94,,,0.01,233.0,,,0.02,308.64,0.03,748.85,0.01,0.01,2342.938472,1776365627000
1776365629.301,229.301,0.98,308.64,0.97,748.85,0.99,177.94,,,0.01,227.94,,,0.02,308.64,0.03,748.85,0.01,0.01,2342.938472,1776365627000
1776365629.715,229.715,0.98,306.51,0.97,748.85,0.99,172.94,,,0.01,177.94,,,0.02,306.51,0.03,748.85,0.01,0.01,2342.728538,1776365628000
1776365632.353,232.353,0.98,364.51,0.97,700.85,0.99,593.72,,,0.01,172.94,,,0.02,306.51,0.03,748.85,0.01,0.01,2342.689918,1776365631000
1776365633.895,233.895,0.98,364.51,0.97,690.85,0.99,585.72,,,0.01,593.72,,,0.02,364.51,0.03,700.85,0.01,0.01,2342.644705,1776365632000
1776365634.355,234.355,0.98,364.51,0.97,690.85,0.99,575.7,,,0.01,584.7,,,0.02,364.51,0.03,690.85,0.01,0.01,2342.76869,1776365633000
1776365634.759,234.759,0.98,364.51,0.97,690.85,0.99,170.7,,,0.01,575.7,,,0.02,364.51,0.03,690.85,0.01,0.01,2342.76869,1776365633000
1776365635.047,235.047,0.98,364.51,0.97,808.85,,,,,0.01,170.7,,,0.02,364.51,0.03,690.85,,0.01,2342.851772,1776365634000
1776365635.524,235.524,0.97,592.85,0.96,269.2,,,,,,,,,0.02,364.51,0.03,808.85,,,2342.851772,1776365634000
1776365636.306,236.306,0.97,1175.84,0.96,293.2,0.98,63.94,0.99,115.0,0.02,181.94,0.01,115.0,0.03,574.85,0.04,283.2,0.01,0.01,2342.764191,1776365635000
1776365636.514,236.514,0.97,1175.84,0.96,293.2,0.99,115.0,,,0.02,63.94,0.01,115.0,0.03,1175.84,0.04,293.2,0.02,0.01,2342.764191,1776365635000
1776365637.523,237.523,0.97,740.85,0.96,249.2,0.99,15.0,,,0.01,115.0,,,0.03,1175.84,0.04,293.2,0.02,0.02,2343.110368,1776365636000
1776365637.744,237.744,0.97,673.85,0.96,279.2,0.99,6.92,,,0.01,15.0,,,0.03,740.85,0.04,249.2,0.02,0.02,2343.110368,1776365636000
1776365637.96,237.96,0.97,825.61,0.96,279.2,,,,,,,,,0.03,847.0,0.04,279.2,,,2343.110368,1776365636000
1776365638.413,238.413,0.97,893.46,0.96,219.2,0.99,5.35,,,0.02,25.51,,,0.03,791.61,0.04,149.2,0.02,0.01,2343.031137,1776365637000
1776365638.93,238.93,0.98,243.0,0.97,638.46,,,,,0.01,0.3,,,0.03,893.46,0.04,219.2,,0.02,2343.031137,1776365637000
1776365648.728,248.728,0.97,561.61,0.96,222.05,,,,,,,,,0.02,243.0,0.03,638.46,,,2343.148095,1776365646000
1776365649.12,249.12,0.97,487.61,0.96,279.05,0.98,25.0,0.99,498.0,,,,,0.03,561.61,0.04,222.05,0.01,,2343.426257,1776365647000
1776365649.383,249.383,0.97,519.61,0.96,279.05,0.98,73.97,0.99,341.0,0.02,23.97,0.01,498.0,0.03,487.61,0.04,279.05,0.01,0.01,2343.426257,1776365647000
1776365649.663,249.663,0.97,699.61,0.96,294.05,0.98,25.0,0.99,341.0,0.02,33.97,0.01,341.0,0.03,519.61,0.04,279.05,0.01,0.01,2343.426257,1776365647000
1776365650.128,250.128,0.97,699.61,0.96,294.05,0.98,209.0,0.99,161.0,0.02,25.0,0.01,341.0,0.03,699.61,0.04,294.05,0.01,0.01,2343.426257,1776365647000
1776365650.344,250.344,0.97,631.61,0.96,280.05,0.98,336.82,0.99,115.0,0.02,337.85,0.01,21.0,0.03,631.61,0.04,295.05,0.01,0.01,2343.2671,1776365648000
1776365650.552,250.552,0.97,631.61,0.96,222.05,0.98,325.49,0.99,115.0,0.02,330.59,0.01,140.84,0.03,451.61,0.04,222.05,0.01,0.01,2343.2671,1776365648000
1776365651.484,251.484,0.97,406.94,0.96,402.05,0.98,335.91,0.99,140.0,0.02,336.01,0.01,115.0,0.03,586.94,0.04,280.05,0.01,0.01,2342.066645,1776365649000
1776365651.709,251.709,0.97,586.94,0.96,412.05,0.98,314.68,0.99,15.0,0.02,329.78,0.01,115.0,0.03,406.94,0.04,402.05,0.01,0.01,2341.78102,1776365650000
1776365652.163,252.163,0.97,706.94,0.96,347.05,0.98,176.54,0.99,105.0,0.02,314.68,0.01,15.0,0.03,586.94,0.04,232.05,0.01,0.01,2341.78102,1776365650000
1776365652.383,252.383,0.97,701.94,0.96,289.05,0.98,133.67,0.99,105.0,0.02,138.77,0.01,105.0,0.03,701.94,0.04,289.05,0.01,0.01,2341.78102,1776365650000
1776365652.667,252.667,0.97,721.94,0.96,289.05,0.98,172.28,0.99,63.0,0.02,116.31,0.01,5.0,0.03,711.94,0.04,289.05,0.01,0.01,2341.78102,1776365650000
1776365652.917,252.917,0.97,721.94,0.96,232.05,0.98,169.24,0.99,63.0,0.02,172.28,0.01,63.0,0.03,721.94,0.04,289.05,0.01,0.01,2341.78102,1776365650000
1776365653.245,253.245,0.97,658.94,0.96,290.05,0.98,73.45,0.99,58.0,0.02,159.03,0.01,63.0,0.03,768.94,0.04,290.05,0.01,0.01,2341.483574,1776365651000
1776365653.469,253.469,0.97,639.46,0.96,232.05,0.98,73.45,0.99,115.0,0.02,73.45,0.01,58.0,0.03,575.6,0.04,232.05,0.01,0.01,2341.483574,1776365651000
1776365653.858,253.858,0.98,85.0,0.97,442.46,0.99,295.0,,,0.02,73.45,0.01,115.0,0.03,639.46,0.04,232.05,0.01,0.01,2341.157518,1776365652000
1776365654.342,254.342,0.98,24.0,0.97,390.46,0.99,305.16,,,0.01,295.0,,,0.02,85.0,0.03,442.46,0.01,0.01,2341.157518,1776365652000
1776365654.552,254.552,0.98,219.0,0.97,390.46,0.99,295.16,,,0.01,305.16,,,0.02,24.0,0.03,390.46,0.01,0.01,2341.250774,1776365653000
1776365655.154,255.154,0.98,128.0,0.97,389.46,0.99,301.15,,,0.01,295.16,,,0.02,176.0,0.03,389.46,0.01,0.01,2341.42585,1776365654000
1776365655.479,255.479,0.98,10.0,0.97,627.46,0.99,250.66,,,0.01,296.1,,,0.02,10.0,0.03,627.46,0.01,0.01,2341.42585,1776365654000
1776365656.185,256.185,0.98,15.0,0.97,627.46,0.99,305.11,,,0.01,249.64,,,0.02,10.0,0.03,627.46,0.01,0.01,2341.42585,1776365654000
1776365656.577,256.577,0.98,5.0,0.97,627.46,0.99,338.0,,,0.01,305.11,,,0.02,15.0,0.03,627.46,0.01,0.01,2341.630569,1776365655000
1776365656.977,256.977,0.98,5.0,0.97,390.46,0.99,320.71,,,0.01,323.24,,,0.02,5.0,0.03,447.46,0.01,0.01,2341.630569,1776365655000
1776365657.568,257.568,0.97,324.79,0.96,469.05,0.98,247.0,0.99,177.57,0.01,320.71,,,0.03,359.79,0.04,469.05,0.01,0.02,2341.700519,1776365656000
1776365657.855,257.855,0.97,324.79,0.96,469.05,0.98,244.98,0.99,177.57,0.02,247.0,0.01,177.57,0.03,324.79,0.04,469.05,0.01,0.01,2341.700519,1776365656000
1776365658.593,258.593,0.97,504.79,0.96,232.05,0.98,172.63,0.99,167.57,0.02,244.98,0.01,177.57,0.03,324.79,0.04,469.05,0.01,0.01,2341.700519,1776365656000
1776365660.397,260.397,0.97,334.79,0.96,469.05,0.98,292.95,0.99,51.57,0.02,172.63,0.01,167.57,0.03,504.79,0.04,232.05,0.01,0.01,2341.186041,1776365659000
1776365661.839,261.839,0.97,561.79,0.96,247.05,0.98,168.95,0.99,156.57,0.02,292.95,0.01,51.57,0.03,334.79,0.04,469.05,0.01,0.01,2341.305626,1776365660000
1776365662.419,262.419,0.98,15.0,0.97,561.79,0.99,334.54,,,0.02,130.16,0.01,156.57,0.03,561.79,0.04,247.05,0.01,0.01,2341.216115,1776365661000
1776365663.701,263.701,0.97,271.79,0.96,347.05,0.98,21.28,0.99,329.54,0.01,334.54,,,0.02,15.0,0.03,561.79,0.01,0.01,2341.227749,1776365662000
1776365664.273,264.273,0.97,240.79,0.96,475.05,0.98,221.28,0.99,54.54,0.02,5.28,0.01,287.54,0.03,451.79,0.04,289.05,0.01,0.01,2341.244055,1776365663000
1776365664.573,264.573,0.97,297.79,0.96,475.05,0.98,214.23,0.99,112.54,0.02,216.28,0.01,54.54,0.03,240.79,0.04,475.05,0.01,0.01,2341.244055,1776365663000
1776365665.775,265.775,0.97,215.79,0.96,295.05,0.99,139.54,,,0.02,214.23,0.01,112.54,0.03,297.79,0.04,475.05,0.02,0.01,2341.137859,1776365664000
1776365669.668,269.668,0.98,256.0,0.97,230.79,0.99,72.52,,,0.01,215.54,,,0.03,215.79,0.04,295.05,0.01,0.02,2340.870674,1776365668000
1776365670.231,270.231,0.98,251.0,0.97,215.79,0.99,67.47,,,0.01,72.52,,,0.02,256.0,0.03,230.79,0.01,0.01,2340.868087,1776365669000
1776365670.492,270.492,0.98,251.0,0.97,215.79,0.99,62.41,,,0.01,67.47,,,0.02,251.0,0.03,215.79,0.01,0.01,2340.868087,1776365669000
1776365671.964,271.964,0.98,251.0,0.97,233.79,0.99,58.41,,,0.01,62.41,,,0.02,251.0,0.03,215.79,0.01,0.01,2340.886651,1776365670000
1776365672.864,272.864,0.98,241.0,0.97,233.79,0.99,18.41,,,0.01,58.41,,,0.02,251.0,0.03,233.79,0.01,0.01,2341.12609,1776365671000
1776365673.292,273.292,0.98,241.0,0.97,233.79,,,,,0.01,18.41,,,0.02,241.0,0.03,233.79,,0.01,2341.12609,1776365671000
1776365673.993,273.993,0.99,10.12,0.98,183.0,,,,,,,,,0.02,241.0,0.03,233.79,,,2341.126371,1776365672000
1776365674.663,274.663,0.98,231.12,0.97,220.79,0.99,37.79,,,,,,,0.02,173.12,0.03,233.79,0.01,,2341.123626,1776365673000
1776365675.52,275.52,0.98,221.12,0.97,233.79,0.99,32.79,,,0.01,37.79,,,0.02,211.12,0.03,220.79,0.01,0.01,2341.119012,1776365674000
1776365675.876,275.876,0.98,221.12,0.97,228.64,0.99,55.97,,,,,,,0.02,221.12,0.03,233.79,0.01,,2341.119012,1776365674000
1776365677.745,277.745,0.98,216.12,0.97,215.64,0.99,27.67,,,0.01,50.97,,,0.02,221.12,0.03,228.64,0.01,0.01,2340.88571,1776365676000
1776365682.082,282.082,0.99,3.76,0.98,163.12,,,,,0.01,27.67,,,0.02,216.12,0.03,215.64,,0.01,2340.482202,1776365680000
1776365687.815,287.815,0.99,186.49,0.98,158.12,,,,,,,,,0.01,3.76,0.02,163.12,,,2340.384103,1776365686000

# RESULT,winner=Up,slug=eth-updown-5m-1776365400,ticks=402
