timestamp,elapsed_sec,up_bid_p1,up_bid_s1,up_bid_p2,up_bid_s2,up_ask_p1,up_ask_s1,up_ask_p2,up_ask_s2,down_bid_p1,down_bid_s1,down_bid_p2,down_bid_s2,down_ask_p1,down_ask_s1,down_ask_p2,down_ask_s2,up_spread,down_spread,eth_price,eth_oracle_ts
1776185711.479,11.479,,,,,,,,,,,,,,,,,,,2340.891227,1776185710000
1776185711.994,11.994,0.55,30.0,0.54,227.44,0.56,39.0,0.57,113.49,0.44,44.0,0.43,113.49,0.45,25.0,0.46,222.44,0.01,0.01,2340.891227,1776185710000
1776185713.228,13.228,0.55,30.0,0.54,227.44,0.56,39.0,0.57,113.49,0.44,39.0,0.43,113.49,0.45,30.0,0.46,227.44,0.01,0.01,2340.83785,1776185712000
1776185713.664,13.664,0.55,25.0,0.54,95.44,0.56,332.78,0.57,178.49,0.44,34.0,0.43,103.49,0.45,162.0,0.46,110.44,0.01,0.01,2340.83785,1776185712000
1776185713.878,13.878,0.52,50.89,0.51,227.68,0.53,50.0,0.54,45.0,0.45,45.0,0.44,294.78,0.48,60.89,0.49,227.68,0.01,0.03,2340.83785,1776185712000
1776185714.278,14.278,0.52,32.97,0.51,227.68,0.53,55.0,0.54,45.0,0.47,55.0,0.46,45.0,0.48,32.97,0.49,227.68,0.01,0.01,2340.81065,1776185713000
1776185714.485,14.485,0.52,5.72,0.51,222.68,0.53,139.11,0.54,183.0,0.47,151.0,0.46,188.0,0.48,5.72,0.49,232.68,0.01,0.01,2340.81065,1776185713000
1776185714.702,14.702,0.51,213.4,0.5,70.09,0.53,306.11,0.54,66.0,0.47,139.11,0.46,183.0,0.48,5.72,0.49,222.68,0.02,0.01,2340.81065,1776185713000
1776185715.143,15.143,0.34,49.81,0.33,90.0,0.36,46.0,0.37,51.0,0.54,40.0,0.53,115.5,0.56,125.0,0.65,70.0,0.02,0.02,2340.81065,1776185713000
1776185715.361,15.361,0.35,126.0,0.34,169.81,0.36,88.0,0.37,26.0,0.64,46.0,0.63,51.0,0.66,49.81,0.67,90.0,0.01,0.02,2340.657252,1776185714000
1776185715.662,15.662,0.35,95.23,0.34,181.81,0.36,86.0,0.37,32.0,0.64,122.0,0.63,32.0,0.65,95.23,0.66,169.81,0.01,0.01,2340.657252,1776185714000
1776185715.98,15.98,0.35,64.68,0.34,181.81,0.36,86.0,0.37,32.0,0.64,86.0,0.63,32.0,0.65,64.68,0.66,181.81,0.01,0.01,2340.450775,1776185715000
1776185716.192,16.192,0.35,9.92,0.34,81.81,0.36,61.0,0.37,142.0,0.64,61.0,0.63,132.0,0.65,4.92,0.66,81.81,0.01,0.01,2340.450775,1776185715000
1776185717.024,17.024,0.35,1.74,0.34,76.81,0.36,45.0,0.37,137.0,0.64,70.0,0.63,137.0,0.65,4.92,0.66,76.81,0.01,0.01,2340.450775,1776185715000
1776185717.32,17.32,0.34,12.0,0.33,80.0,0.35,144.28,0.36,146.0,0.64,45.0,0.63,137.0,0.65,1.74,0.66,76.81,0.01,0.01,2338.873027,1776185716000
1776185717.743,17.743,0.34,12.0,0.32,10.0,0.35,274.28,0.36,170.0,0.65,144.28,0.64,146.0,0.66,12.0,0.67,80.0,0.01,0.01,2338.873027,1776185716000
1776185717.991,17.991,0.32,10.0,0.31,19.0,0.35,279.28,0.36,170.0,0.65,274.28,0.64,170.0,0.66,12.0,0.68,10.0,0.03,0.01,2338.873027,1776185716000
1776185718.41,18.41,0.3,6.32,0.29,115.0,0.31,6.0,0.32,10.0,0.65,279.28,0.64,170.0,0.68,10.0,0.69,19.0,0.01,0.03,2338.591331,1776185717000
1776185718.67,18.67,0.3,4.74,0.29,120.0,0.31,140.0,0.32,115.0,0.69,135.0,0.68,115.0,0.7,1.32,0.71,115.0,0.01,0.01,2338.591331,1776185717000
1776185719.255,19.255,0.3,4.74,0.29,120.0,0.31,140.0,0.32,115.0,0.69,140.0,0.68,115.0,0.7,4.74,0.71,120.0,0.01,0.01,2338.37795,1776185718000
1776185719.576,19.576,0.29,103.85,0.28,22.0,0.31,266.0,0.32,136.0,0.69,140.0,0.68,115.0,0.7,4.74,0.71,120.0,0.02,0.01,2338.37795,1776185718000
1776185720.247,20.247,0.3,12.0,0.29,98.85,0.31,166.63,0.32,115.0,0.69,44.0,0.68,15.0,0.7,19.71,0.71,236.85,0.01,0.01,2338.37795,1776185718000
1776185720.726,20.726,0.29,3.3,0.28,12.0,0.3,253.0,0.31,140.0,0.69,171.63,0.68,125.0,0.7,9.17,0.71,98.85,0.01,0.01,2337.86992,1776185719000
1776185721.108,21.108,0.28,4.58,0.27,22.0,0.29,130.0,0.3,131.0,0.7,269.0,0.69,140.0,0.73,10.0,0.74,59.0,0.01,0.03,2337.86992,1776185719000
1776185721.422,21.422,0.28,4.58,0.27,22.0,0.29,130.0,0.3,131.0,0.71,130.0,0.7,131.0,0.72,4.58,0.73,22.0,0.01,0.01,2337.82165,1776185720000
1776185721.845,21.845,0.27,121.04,0.26,86.0,0.28,4.82,0.29,25.0,0.71,130.0,0.7,131.0,0.72,4.58,0.73,22.0,0.01,0.01,2337.82165,1776185720000
1776185722.057,22.057,0.28,15.25,0.27,69.04,0.29,53.16,0.3,227.0,0.71,23.16,0.69,237.0,0.73,219.04,0.74,91.0,0.01,0.02,2337.780388,1776185721000
1776185722.273,22.273,0.28,25.05,0.27,102.04,0.29,18.16,0.3,20.0,0.71,58.16,0.7,127.0,0.72,18.05,0.73,74.04,0.01,0.01,2337.780388,1776185721000
1776185722.558,22.558,0.27,84.04,0.26,108.0,0.29,28.16,0.3,237.0,0.71,18.16,0.7,20.0,0.72,25.05,0.73,102.04,0.02,0.01,2337.780388,1776185721000
1776185723.246,23.246,0.28,32.0,0.27,216.04,0.3,14.83,0.31,120.0,0.71,28.16,0.7,237.0,0.73,84.04,0.74,108.0,0.02,0.02,2337.780388,1776185721000
1776185723.49,23.49,0.28,32.0,0.27,216.04,0.3,14.83,0.31,120.0,0.7,14.83,0.69,120.0,0.72,32.0,0.73,216.04,0.02,0.02,2337.6038,1776185722000
1776185724.148,24.148,0.28,32.0,0.27,216.04,0.3,14.83,0.31,120.0,0.7,14.83,0.69,120.0,0.72,32.0,0.73,216.04,0.02,0.02,2337.491827,1776185723000
1776185724.484,24.484,0.29,39.62,0.27,22.0,0.3,307.83,0.31,160.0,0.7,14.83,0.69,120.0,0.72,32.0,0.73,216.04,0.01,0.02,2337.491827,1776185723000
1776185724.72,24.72,0.29,14.62,0.28,117.0,0.3,165.83,0.31,170.0,0.7,307.83,0.69,160.0,0.71,39.62,0.73,22.0,0.01,0.01,2337.491827,1776185723000
1776185725.243,25.243,0.29,14.62,0.28,117.0,0.3,165.83,0.31,170.0,0.7,165.83,0.69,170.0,0.71,14.62,0.72,117.0,0.01,0.01,2337.51496,1776185724000
1776185726.437,26.437,0.29,14.62,0.28,117.0,0.3,165.83,0.31,170.0,0.7,165.83,0.69,170.0,0.71,14.62,0.72,117.0,0.01,0.01,2337.469321,1776185725000
1776185726.958,26.958,0.29,14.62,0.28,117.0,0.3,165.83,0.31,170.0,0.7,165.83,0.69,170.0,0.71,14.62,0.72,117.0,0.01,0.01,2337.489641,1776185726000
1776185727.418,27.418,0.29,161.38,0.28,20.0,0.3,10.0,0.31,20.0,0.7,165.83,0.69,170.0,0.71,14.62,0.72,117.0,0.01,0.01,2337.489641,1776185726000
1776185728.139,28.139,0.29,197.38,0.28,45.0,0.31,19.0,0.32,216.0,0.69,19.0,0.68,216.0,0.71,197.38,0.72,45.0,0.02,0.02,2337.554655,1776185727000
1776185729.137,29.137,0.29,197.38,0.28,45.0,0.31,19.0,0.32,216.0,0.69,19.0,0.68,216.0,0.71,197.38,0.72,45.0,0.02,0.02,2337.733019,1776185728000
1776185729.77,29.77,0.29,39.72,0.28,52.0,0.31,26.77,0.32,100.0,0.69,147.77,0.68,215.0,0.7,10.0,0.71,3.38,0.02,0.01,2337.733019,1776185728000
1776185730.266,30.266,0.29,39.72,0.28,52.0,0.31,26.77,0.32,100.0,0.69,26.77,0.68,100.0,0.71,39.72,0.72,52.0,0.02,0.02,2337.799314,1776185729000
1776185730.838,30.838,0.31,216.0,0.3,127.0,0.33,15.0,0.34,212.0,0.69,26.77,0.68,100.0,0.71,39.72,0.72,52.0,0.02,0.02,2337.799314,1776185729000
1776185731.318,31.318,0.31,216.0,0.3,127.0,0.33,15.0,0.34,212.0,0.67,15.0,0.66,212.0,0.69,216.0,0.7,127.0,0.02,0.02,2337.898021,1776185730000
1776185731.57,31.57,0.32,40.0,0.31,92.0,0.33,10.7,0.34,212.0,0.67,13.74,0.66,100.0,0.68,50.0,0.69,259.0,0.01,0.01,2337.898021,1776185730000
1776185732.081,32.081,0.32,35.15,0.31,107.0,0.33,20.7,0.34,217.0,0.67,20.7,0.66,217.0,0.68,33.83,0.69,92.0,0.01,0.01,2337.898021,1776185730000
1776185732.794,32.794,0.31,47.0,0.3,105.0,0.32,41.87,0.33,173.0,0.67,20.7,0.66,217.0,0.68,35.15,0.69,107.0,0.01,0.01,2338.03492,1776185731000
1776185733.129,33.129,0.31,47.0,0.3,105.0,0.32,41.87,0.33,173.0,0.68,41.87,0.67,173.0,0.69,47.0,0.7,105.0,0.01,0.01,2338.277901,1776185732000
1776185733.514,33.514,0.27,57.0,0.26,271.0,0.29,8.62,0.3,26.0,0.68,41.87,0.67,173.0,0.69,47.0,0.7,105.0,0.02,0.01,2338.277901,1776185732000
1776185733.99,33.99,0.27,59.0,0.26,156.0,0.28,12.0,0.29,145.62,0.71,8.62,0.7,26.0,0.73,57.0,0.74,271.0,0.01,0.02,2338.277901,1776185732000
1776185734.511,34.511,0.26,192.0,0.25,215.0,0.28,117.39,0.29,39.62,0.72,12.0,0.71,145.62,0.73,59.0,0.74,156.0,0.02,0.01,2338.244802,1776185733000
1776185735.18,35.18,0.26,192.0,0.25,215.0,0.28,117.39,0.29,39.62,0.72,117.39,0.71,39.62,0.74,192.0,0.75,215.0,0.02,0.02,2337.652612,1776185734000
1776185735.767,35.767,0.27,6.91,0.26,197.0,0.28,127.39,0.29,49.62,0.72,117.39,0.71,39.62,0.74,192.0,0.75,215.0,0.01,0.02,2337.652612,1776185734000
1776185736.239,36.239,0.27,6.91,0.26,197.0,0.28,127.39,0.29,49.62,0.72,127.39,0.71,49.62,0.73,6.91,0.74,197.0,0.01,0.01,2337.309316,1776185735000
1776185736.493,36.493,0.26,130.0,0.25,142.0,0.27,90.0,0.28,138.0,0.73,90.0,0.72,138.0,0.74,145.0,0.75,142.0,0.01,0.01,2337.309316,1776185735000
1776185737.043,37.043,0.25,139.48,0.24,276.0,0.26,10.0,0.27,121.0,0.73,90.0,0.72,138.0,0.74,130.0,0.75,142.0,0.01,0.01,2337.309316,1776185735000
1776185737.313,37.313,0.25,115.86,0.24,288.0,0.26,11.92,0.27,111.0,0.74,1.92,0.73,106.0,0.75,137.48,0.76,405.0,0.01,0.01,2337.309316,1776185735000
1776185737.709,37.709,0.25,115.86,0.24,288.0,0.26,11.92,0.27,111.0,0.74,11.92,0.73,111.0,0.75,115.86,0.76,288.0,0.01,0.01,2337.285513,1776185736000
1776185738.025,38.025,0.25,75.86,0.24,288.0,0.26,21.92,0.27,173.0,0.74,11.92,0.73,111.0,0.75,115.86,0.76,288.0,0.01,0.01,2337.285513,1776185736000
1776185738.805,38.805,0.24,279.0,0.23,232.0,0.26,31.92,0.27,173.0,0.74,21.92,0.73,173.0,0.75,75.86,0.76,288.0,0.02,0.01,2337.285513,1776185736000
1776185739.042,39.042,0.24,242.73,0.23,219.0,0.26,23.07,0.27,173.0,0.74,31.92,0.73,173.0,0.76,258.73,0.77,232.0,0.02,0.02,2337.285513,1776185736000
1776185739.287,39.287,0.25,6.33,0.24,240.73,0.26,48.07,0.27,168.0,0.74,23.07,0.73,173.0,0.76,242.73,0.77,219.0,0.01,0.02,2337.22443,1776185737000
1776185739.507,39.507,0.24,238.13,0.23,219.0,0.26,73.07,0.27,198.0,0.74,48.07,0.73,168.0,0.75,6.33,0.76,240.73,0.02,0.01,2337.22443,1776185737000
1776185739.837,39.837,0.24,238.13,0.23,219.0,0.26,73.07,0.27,198.0,0.74,73.07,0.73,198.0,0.76,238.13,0.77,219.0,0.02,0.02,2336.884077,1776185738000
1776185740.441,40.441,0.24,238.13,0.23,219.0,0.26,73.07,0.27,198.0,0.74,73.07,0.73,198.0,0.76,238.13,0.77,219.0,0.02,0.02,2336.88277,1776185739000
1776185740.978,40.978,0.24,55.0,0.23,90.0,0.25,177.0,0.26,26.0,0.75,177.0,0.74,26.0,0.76,55.0,0.77,90.0,0.01,0.01,2336.787275,1776185740000
1776185741.892,41.892,0.23,2.05,0.22,423.0,0.24,20.0,0.25,133.0,0.75,177.0,0.74,26.0,0.76,55.0,0.77,90.0,0.01,0.01,2336.787275,1776185740000
1776185742.096,42.096,0.23,18.3,0.22,418.0,0.24,25.0,0.25,138.0,0.76,20.0,0.75,133.0,0.77,2.05,0.78,423.0,0.01,0.01,2336.787275,1776185740000
1776185742.42,42.42,0.23,10.54,0.22,418.0,0.24,25.0,0.25,143.0,0.76,25.0,0.75,138.0,0.77,16.54,0.78,418.0,0.01,0.01,2336.751429,1776185741000
1776185743.768,43.768,0.23,0.54,0.22,418.0,0.24,4.16,0.25,143.0,0.76,4.16,0.75,143.0,0.77,0.54,0.78,418.0,0.01,0.01,2336.655115,1776185742000
1776185744.559,44.559,0.24,20.68,0.23,200.54,0.25,20.0,0.26,35.0,0.75,20.0,0.74,35.0,0.76,20.68,0.77,200.54,0.01,0.01,2336.701941,1776185743000
1776185745.275,45.275,0.24,20.68,0.23,200.54,0.25,20.0,0.26,35.0,0.75,20.0,0.74,35.0,0.76,20.68,0.77,200.54,0.01,0.01,2336.84905,1776185744000
1776185746.662,46.662,0.24,40.0,0.23,154.0,0.25,258.67,0.26,15.0,0.75,30.0,0.74,158.0,0.76,3.93,0.77,38.54,0.01,0.01,2336.84905,1776185744000
1776185747.333,47.333,0.24,40.0,0.23,154.0,0.25,248.67,0.26,15.0,0.75,248.67,0.74,15.0,0.76,40.0,0.77,154.0,0.01,0.01,2336.84435,1776185746000
1776185747.821,47.821,0.22,345.0,0.21,304.0,0.23,65.38,0.24,60.0,0.76,155.07,0.75,213.67,0.78,342.0,0.79,287.0,0.01,0.02,2336.84435,1776185746000
1776185748.749,48.749,0.22,345.0,0.21,304.0,0.23,65.38,0.24,60.0,0.77,65.38,0.76,60.0,0.78,345.0,0.79,304.0,0.01,0.01,2337.14385,1776185747000
1776185749.431,49.431,0.22,345.0,0.21,304.0,0.23,65.38,0.24,60.0,0.77,65.38,0.76,60.0,0.78,345.0,0.79,304.0,0.01,0.01,2336.993985,1776185748000
1776185749.638,49.638,0.22,290.0,0.21,173.0,0.24,175.76,0.25,91.67,0.77,65.38,0.76,60.0,0.78,345.0,0.79,304.0,0.02,0.01,2336.993985,1776185748000
1776185750.219,50.219,0.22,290.0,0.21,173.0,0.24,175.76,0.25,91.67,0.76,175.76,0.75,91.67,0.78,290.0,0.79,173.0,0.02,0.02,2336.8248,1776185749000
1776185751.593,51.593,0.22,290.0,0.21,173.0,0.24,175.76,0.25,91.67,0.76,175.76,0.75,91.67,0.78,290.0,0.79,173.0,0.02,0.02,2336.744264,1776185750000
1776185752.325,52.325,0.22,290.0,0.21,173.0,0.24,175.76,0.25,91.67,0.76,175.76,0.75,91.67,0.78,290.0,0.79,173.0,0.02,0.02,2336.744256,1776185751000
1776185752.597,52.597,0.24,297.0,0.23,199.0,0.25,61.27,0.26,5.0,0.75,66.67,0.74,5.0,0.76,9.0,0.77,226.0,0.01,0.01,2336.744256,1776185751000
1776185752.87,52.87,0.28,15.0,0.27,40.0,0.32,80.0,0.34,125.0,0.71,15.0,0.7,20.0,0.72,7.85,0.74,60.0,0.04,0.01,2336.744256,1776185751000
1776185753.598,53.598,0.3,85.0,0.29,244.0,0.31,29.49,0.32,120.0,0.68,83.0,0.66,130.0,0.69,10.65,0.7,96.66,0.01,0.01,2336.744256,1776185751000
1776185754.008,54.008,0.3,102.0,0.29,244.0,0.31,62.65,0.32,109.0,0.69,29.49,0.68,120.0,0.7,85.0,0.71,244.0,0.01,0.01,2336.914603,1776185752000
1776185754.537,54.537,0.3,77.0,0.29,102.0,0.31,99.72,0.32,216.0,0.69,62.65,0.68,109.0,0.7,102.0,0.71,244.0,0.01,0.01,2336.914603,1776185752000
1776185754.849,54.849,0.3,65.0,0.29,92.0,0.31,206.65,0.32,105.0,0.69,99.72,0.68,216.0,0.7,77.0,0.71,102.0,0.01,0.01,2337.1018,1776185753000
1776185755.2,55.2,0.29,92.0,0.28,37.0,0.31,236.65,0.32,105.0,0.69,236.65,0.68,105.0,0.71,92.0,0.72,37.0,0.02,0.02,2337.98005,1776185754000
1776185755.405,55.405,0.29,85.0,0.28,37.0,0.3,181.46,0.31,84.65,0.7,30.0,0.69,212.65,0.71,92.0,0.72,37.0,0.01,0.01,2337.98005,1776185754000
1776185756.164,56.164,0.29,10.0,0.28,25.0,0.3,220.46,0.31,118.65,0.7,220.46,0.69,118.65,0.71,10.0,0.72,25.0,0.01,0.01,2337.98,1776185755000
1776185756.844,56.844,0.25,61.78,0.24,64.0,0.26,15.0,0.27,214.0,0.7,220.46,0.69,118.65,0.71,10.0,0.72,25.0,0.01,0.01,2337.98,1776185755000
1776185757.111,57.111,0.25,61.78,0.24,64.0,0.26,15.0,0.27,214.0,0.74,15.0,0.73,214.0,0.75,61.78,0.76,64.0,0.01,0.01,2337.588604,1776185756000
1776185757.405,57.405,0.25,59.78,0.24,55.0,0.26,221.0,0.27,66.0,0.74,15.0,0.73,214.0,0.75,61.78,0.76,64.0,0.01,0.01,2337.588604,1776185756000
1776185758.109,58.109,0.25,51.77,0.24,55.0,0.26,221.0,0.27,66.0,0.74,221.0,0.73,66.0,0.75,51.77,0.76,55.0,0.01,0.01,2337.39675,1776185757000
1776185758.448,58.448,0.25,54.1,0.24,43.0,0.26,277.07,0.27,61.0,0.74,282.07,0.73,61.0,0.75,54.1,0.76,43.0,0.01,0.01,2337.39675,1776185757000
1776185758.954,58.954,0.25,196.1,0.24,70.0,0.26,41.07,0.27,50.0,0.74,277.07,0.73,61.0,0.75,54.1,0.76,43.0,0.01,0.01,2337.39675,1776185757000
1776185759.243,59.243,0.25,351.1,0.24,80.0,0.27,0.07,0.28,38.0,0.74,41.07,0.73,50.0,0.75,196.1,0.76,70.0,0.02,0.01,2337.010583,1776185758000
1776185759.563,59.563,0.26,216.0,0.25,131.1,0.28,10.89,0.29,55.0,0.73,0.07,0.72,38.0,0.75,351.1,0.76,80.0,0.02,0.02,2337.010583,1776185758000
1776185760.032,60.032,0.28,242.08,0.27,62.0,0.29,25.0,0.3,21.07,0.71,60.0,0.7,20.0,0.73,53.0,0.74,204.0,0.01,0.02,2337.010583,1776185758000
1776185760.268,60.268,0.29,53.0,0.28,274.08,0.3,15.0,0.31,23.65,0.71,25.0,0.7,21.07,0.72,242.08,0.73,62.0,0.01,0.01,2337.018291,1776185759000
1776185760.556,60.556,0.29,16.83,0.28,20.0,0.3,35.0,0.31,151.65,0.7,25.0,0.69,29.65,0.71,27.85,0.72,15.0,0.01,0.01,2337.018291,1776185759000
1776185761.025,61.025,0.29,16.83,0.28,20.0,0.3,35.0,0.31,151.65,0.7,35.0,0.69,151.65,0.71,16.83,0.72,20.0,0.01,0.01,2337.301644,1776185760000
1776185761.359,61.359,0.3,369.98,0.29,198.33,0.31,13.65,0.32,70.0,0.7,10.0,0.69,13.65,0.71,316.33,0.72,75.0,0.01,0.01,2337.301644,1776185760000
1776185761.614,61.614,0.3,378.55,0.29,223.33,0.31,0.65,0.32,70.0,0.69,0.65,0.68,70.0,0.7,379.98,0.71,198.33,0.01,0.01,2337.301644,1776185760000
1776185761.82,61.82,0.3,402.21,0.29,213.33,0.31,0.65,0.32,70.0,0.69,0.65,0.68,70.0,0.7,378.55,0.71,223.33,0.01,0.01,2337.301644,1776185760000
1776185762.678,62.678,0.3,388.25,0.29,297.83,0.31,0.65,0.33,50.0,0.69,0.65,0.68,70.0,0.7,402.21,0.71,213.33,0.01,0.01,2337.711936,1776185761000
1776185762.956,62.956,0.3,388.25,0.29,297.83,0.31,0.65,0.33,50.0,0.69,0.65,0.67,50.0,0.7,388.25,0.71,297.83,0.01,0.01,2337.916625,1776185762000
1776185763.379,63.379,0.3,18.43,0.29,323.59,0.31,35.65,0.32,20.0,0.69,0.65,0.67,50.0,0.7,388.25,0.71,297.83,0.01,0.01,2337.916625,1776185762000
1776185763.837,63.837,0.3,18.43,0.29,323.59,0.31,35.65,0.32,20.0,0.69,35.65,0.68,20.0,0.7,18.43,0.71,323.59,0.01,0.01,2338.210593,1776185763000
1776185764.318,64.318,0.3,62.43,0.29,200.0,0.31,6.77,0.32,137.0,0.69,17.42,0.68,20.0,0.7,87.43,0.71,464.99,0.01,0.01,2338.210593,1776185763000
1776185764.898,64.898,0.3,28.43,0.29,200.0,0.31,55.77,0.32,132.0,0.69,55.77,0.68,132.0,0.7,28.43,0.71,200.0,0.01,0.01,2338.188662,1776185764000
1776185765.627,65.627,0.31,72.55,0.3,232.99,0.32,15.0,0.33,50.0,0.69,55.77,0.68,132.0,0.7,28.43,0.71,200.0,0.01,0.01,2338.188662,1776185764000
1776185765.996,65.996,0.31,37.55,0.3,207.99,0.32,30.0,0.33,167.0,0.68,15.0,0.67,50.0,0.69,72.55,0.7,232.99,0.01,0.01,2338.188662,1776185764000
1776185766.267,66.267,0.31,37.55,0.3,207.99,0.32,30.0,0.33,167.0,0.68,30.0,0.67,167.0,0.69,37.55,0.7,207.99,0.01,0.01,2337.995211,1776185765000
1776185766.497,66.497,0.29,389.99,0.28,195.0,0.3,3.7,0.31,59.0,0.68,30.0,0.67,167.0,0.69,37.55,0.7,207.99,0.01,0.01,2337.995211,1776185765000
1776185766.753,66.753,0.29,195.0,0.28,163.4,0.3,17.03,0.31,20.0,0.7,3.7,0.69,59.0,0.71,389.99,0.72,195.0,0.01,0.01,2337.995211,1776185765000
1776185767.197,67.197,0.29,195.0,0.28,163.4,0.3,17.03,0.31,20.0,0.7,17.03,0.69,20.0,0.71,195.0,0.72,163.4,0.01,0.01,2338.12395,1776185766000
1776185767.629,67.629,0.29,197.95,0.28,5.0,0.3,8.7,0.31,23.0,0.7,43.7,0.69,6.0,0.71,203.0,0.72,15.0,0.01,0.01,2338.12395,1776185766000
1776185768.846,68.846,0.29,192.9,0.28,5.0,0.3,20.7,0.31,23.0,0.7,20.7,0.69,23.0,0.71,192.9,0.72,5.0,0.01,0.01,2338.011375,1776185767000
1776185769.282,69.282,0.29,206.59,0.28,35.0,0.3,97.8,0.31,150.0,0.7,20.7,0.69,23.0,0.71,192.9,0.72,5.0,0.01,0.01,2338.011375,1776185767000
1776185769.56,69.56,0.29,204.44,0.28,35.0,0.3,97.8,0.31,150.0,0.7,97.8,0.69,150.0,0.71,206.59,0.72,35.0,0.01,0.01,2337.827284,1776185768000
1776185769.764,69.764,0.29,202.04,0.28,35.0,0.3,92.86,0.31,150.0,0.7,97.8,0.69,150.0,0.71,202.04,0.72,35.0,0.01,0.01,2337.827284,1776185768000
1776185770.003,70.003,0.29,205.51,0.28,41.79,0.3,97.86,0.31,150.0,0.7,92.86,0.69,150.0,0.71,202.04,0.72,35.0,0.01,0.01,2337.827284,1776185768000
1776185770.46,70.46,0.29,98.69,0.28,26.79,0.3,158.86,0.31,77.0,0.7,97.86,0.69,150.0,0.71,205.51,0.72,41.79,0.01,0.01,2337.827284,1776185768000
1776185771.014,71.014,0.29,48.69,0.28,26.79,0.3,79.86,0.31,77.0,0.7,79.86,0.69,77.0,0.71,48.69,0.72,26.79,0.01,0.01,2337.844807,1776185770000
1776185771.52,71.52,0.29,43.69,0.28,26.79,0.3,287.52,0.31,77.0,0.7,79.86,0.69,77.0,0.71,48.69,0.72,26.79,0.01,0.01,2337.844807,1776185770000
1776185771.93,71.93,0.29,43.69,0.28,26.79,0.3,287.52,0.31,77.0,0.7,287.52,0.69,77.0,0.71,43.69,0.72,26.79,0.01,0.01,2337.77476,1776185771000
1776185772.526,72.526,0.29,417.15,0.28,67.32,0.3,18.1,0.31,17.0,0.7,287.52,0.69,77.0,0.71,43.69,0.72,26.79,0.01,0.01,2337.77476,1776185771000
1776185772.901,72.901,0.29,417.15,0.28,67.32,0.3,18.1,0.31,17.0,0.7,18.1,0.69,17.0,0.71,417.15,0.72,67.32,0.01,0.01,2337.720765,1776185772000
1776185773.889,73.889,0.29,417.15,0.28,67.32,0.3,18.1,0.31,17.0,0.7,18.1,0.69,17.0,0.71,417.15,0.72,67.32,0.01,0.01,2337.724255,1776185773000
1776185774.431,74.431,0.29,401.68,0.28,76.32,0.3,23.05,0.31,22.0,0.7,18.1,0.69,17.0,0.71,417.15,0.72,67.32,0.01,0.01,2337.724255,1776185773000
1776185774.917,74.917,0.29,401.68,0.28,76.32,0.3,23.05,0.31,22.0,0.7,23.05,0.69,22.0,0.71,401.68,0.72,76.32,0.01,0.01,2337.918461,1776185774000
1776185775.382,75.382,0.3,169.42,0.29,265.68,0.31,52.0,0.32,162.64,0.69,52.0,0.68,62.64,0.7,170.85,0.71,266.68,0.01,0.01,2337.918461,1776185774000
1776185776.481,76.481,0.3,174.42,0.29,265.68,0.31,48.77,0.32,162.64,0.69,48.77,0.68,162.64,0.7,174.42,0.71,265.68,0.01,0.01,2337.9886,1776185775000
1776185776.956,76.956,0.3,193.57,0.29,112.22,0.32,40.41,0.33,45.0,0.68,40.41,0.67,45.0,0.7,193.57,0.71,112.22,0.02,0.02,2338.008727,1776185776000
1776185777.281,77.281,0.31,457.99,0.3,86.53,0.32,33.06,0.33,45.0,0.68,40.41,0.67,45.0,0.7,193.57,0.71,112.22,0.01,0.02,2338.008727,1776185776000
1776185778.042,78.042,0.31,428.99,0.3,74.53,0.32,3.06,0.33,52.46,0.68,33.06,0.67,45.0,0.69,457.99,0.7,86.53,0.01,0.01,2338.008727,1776185776000
1776185779.21,79.21,0.31,378.06,0.3,74.53,0.32,3.06,0.33,57.46,0.68,3.06,0.67,57.46,0.69,378.06,0.7,74.53,0.01,0.01,2338.357235,1776185778000
1776185780.223,80.223,0.31,378.06,0.3,74.53,0.32,3.06,0.33,57.46,0.68,3.06,0.67,57.46,0.69,378.06,0.7,74.53,0.01,0.01,2338.404142,1776185779000
1776185781.02,81.02,0.29,81.69,0.28,351.11,0.31,246.0,0.32,174.06,0.68,3.06,0.67,57.46,0.69,378.06,0.7,74.53,0.02,0.01,2338.404142,1776185779000
1776185781.66,81.66,0.29,75.28,0.28,351.11,0.3,94.0,0.31,177.0,0.69,246.0,0.68,174.06,0.71,81.69,0.72,351.11,0.01,0.02,2338.42476,1776185780000
1776185782.895,82.895,0.29,75.28,0.28,351.11,0.3,94.0,0.31,177.0,0.7,94.0,0.69,177.0,0.71,75.28,0.72,351.11,0.01,0.01,2338.41909,1776185781000
1776185783.432,83.432,0.29,75.28,0.28,351.11,0.3,94.0,0.31,177.0,0.7,94.0,0.69,177.0,0.71,75.28,0.72,351.11,0.01,0.01,2338.171631,1776185782000
1776185783.666,83.666,0.29,233.87,0.28,303.64,0.3,56.0,0.31,30.0,0.7,94.0,0.69,177.0,0.71,75.28,0.72,351.11,0.01,0.01,2338.171631,1776185782000
1776185784.02,84.02,0.29,233.87,0.28,303.64,0.3,56.0,0.31,30.0,0.7,56.0,0.69,30.0,0.71,233.87,0.72,303.64,0.01,0.01,2338.171631,1776185783000
1776185784.888,84.888,0.31,449.46,0.3,40.0,0.34,210.0,0.35,215.0,0.7,26.0,0.69,15.0,0.71,354.34,0.72,196.64,0.03,0.01,2338.171631,1776185783000
1776185785.179,85.179,0.31,449.46,0.3,40.0,0.34,210.0,0.35,215.0,0.66,210.0,0.65,215.0,0.69,449.46,0.7,40.0,0.03,0.03,2338.159384,1776185784000
1776185786.349,86.349,0.33,362.0,0.32,100.0,0.35,5.0,0.37,125.0,0.65,5.0,0.63,125.0,0.67,362.0,0.68,100.0,0.02,0.02,2338.497079,1776185785000
1776185786.571,86.571,0.34,343.0,0.33,183.0,0.38,65.0,0.39,110.0,0.65,5.0,0.63,125.0,0.67,362.0,0.68,100.0,0.04,0.02,2338.497079,1776185785000
1776185786.906,86.906,0.34,343.0,0.33,183.0,0.38,65.0,0.39,110.0,0.62,65.0,0.61,110.0,0.66,343.0,0.67,183.0,0.04,0.04,2339.136241,1776185786000
1776185787.621,87.621,0.39,173.0,0.38,46.0,0.4,12.0,0.41,75.0,0.62,65.0,0.61,110.0,0.66,343.0,0.67,183.0,0.01,0.04,2339.136241,1776185786000
1776185787.989,87.989,0.39,146.0,0.38,46.0,0.4,4.32,0.41,75.0,0.6,4.32,0.59,75.0,0.61,146.0,0.62,46.0,0.01,0.01,2339.421026,1776185787000
1776185788.347,88.347,0.41,46.29,0.4,26.0,0.42,110.0,0.43,187.0,0.6,4.32,0.59,75.0,0.61,146.0,0.62,46.0,0.01,0.01,2339.421026,1776185787000
1776185789.121,89.121,0.41,46.29,0.4,26.0,0.42,110.0,0.43,187.0,0.58,110.0,0.57,187.0,0.59,46.29,0.6,26.0,0.01,0.01,2339.5994,1776185788000
1776185789.539,89.539,0.39,165.46,0.38,20.0,0.41,99.0,0.42,171.0,0.58,321.0,0.57,75.0,0.6,15.0,0.61,20.0,0.02,0.02,2339.5994,1776185788000
1776185790.257,90.257,0.39,165.46,0.38,20.0,0.41,99.0,0.42,171.0,0.59,99.0,0.58,171.0,0.61,165.46,0.62,20.0,0.02,0.02,2339.662445,1776185789000
1776185790.474,90.474,0.4,160.0,0.39,35.0,0.41,150.6,0.42,91.0,0.59,99.0,0.58,171.0,0.61,165.46,0.62,20.0,0.01,0.02,2339.662445,1776185789000
1776185791.398,91.398,0.4,160.0,0.39,35.0,0.41,150.6,0.42,91.0,0.59,150.6,0.58,91.0,0.6,160.0,0.61,35.0,0.01,0.01,2339.487653,1776185790000
1776185791.949,91.949,0.4,15.0,0.39,65.53,0.41,40.6,0.42,91.0,0.59,40.6,0.58,91.0,0.6,15.0,0.61,65.53,0.01,0.01,2339.46,1776185791000
1776185792.991,92.991,0.42,175.46,0.41,157.0,0.44,37.0,0.45,236.0,0.59,40.6,0.58,91.0,0.6,15.0,0.61,65.53,0.02,0.01,2339.46,1776185791000
1776185793.235,93.235,0.42,200.46,0.41,30.0,0.43,144.23,0.44,156.0,0.57,20.23,0.56,50.0,0.58,185.46,0.59,40.0,0.01,0.01,2339.46,1776185791000
1776185793.44,93.44,0.42,2.3,0.41,30.0,0.43,170.23,0.44,150.0,0.57,144.23,0.56,156.0,0.58,200.46,0.59,30.0,0.01,0.01,2339.4901,1776185792000
1776185793.922,93.922,0.43,4.0,0.42,303.46,0.44,110.0,0.45,136.0,0.57,182.23,0.56,150.0,0.59,30.0,0.6,10.0,0.01,0.02,2339.4901,1776185792000
1776185794.459,94.459,0.42,284.46,0.41,105.0,0.44,110.0,0.45,136.0,0.56,110.0,0.55,136.0,0.58,284.46,0.59,105.0,0.02,0.02,2339.611905,1776185793000
1776185795.01,95.01,0.42,284.46,0.41,105.0,0.44,110.0,0.45,136.0,0.56,110.0,0.55,136.0,0.58,284.46,0.59,105.0,0.02,0.02,2339.755446,1776185794000
1776185795.538,95.538,0.43,354.99,0.42,45.0,0.44,20.0,0.45,126.0,0.56,110.0,0.55,136.0,0.58,284.46,0.59,105.0,0.01,0.02,2339.755446,1776185794000
1776185795.813,95.813,0.43,334.99,0.42,55.0,0.44,20.0,0.45,126.0,0.56,20.0,0.55,126.0,0.57,354.99,0.58,45.0,0.01,0.01,2339.755446,1776185794000
1776185796.096,96.096,0.43,334.99,0.42,55.0,0.44,20.0,0.45,126.0,0.56,20.0,0.55,126.0,0.57,334.99,0.58,55.0,0.01,0.01,2339.849133,1776185795000
1776185796.947,96.947,0.44,5.0,0.42,450.46,0.45,10.0,0.46,35.0,0.56,20.0,0.55,126.0,0.57,334.99,0.58,55.0,0.01,0.01,2339.849133,1776185795000
1776185797.492,97.492,0.45,282.0,0.44,20.0,0.46,12.0,0.47,30.0,0.54,32.0,0.53,30.0,0.56,15.0,0.57,10.0,0.01,0.02,2339.849133,1776185795000
1776185797.939,97.939,0.45,292.0,0.44,45.0,0.46,7.67,0.47,30.0,0.54,12.0,0.53,30.0,0.55,282.0,0.56,20.0,0.01,0.01,2339.830791,1776185796000
1776185798.62,98.62,0.45,333.81,0.44,20.0,0.48,20.0,0.49,149.61,0.54,7.67,0.53,30.0,0.55,268.81,0.56,20.0,0.03,0.01,2339.8485,1776185797000
1776185798.872,98.872,0.47,185.46,0.46,137.0,0.48,13.87,0.49,149.61,0.52,20.0,0.51,149.61,0.55,333.81,0.56,20.0,0.01,0.03,2339.8485,1776185797000
1776185799.142,99.142,0.48,21.0,0.47,190.46,0.49,41.18,0.5,15.0,0.51,64.92,0.5,127.0,0.53,180.46,0.54,137.0,0.01,0.02,2339.8485,1776185797000
1776185799.453,99.453,0.48,152.0,0.47,180.46,0.49,35.18,0.5,105.0,0.51,41.18,0.5,15.0,0.52,21.0,0.53,190.46,0.01,0.01,2340.09405,1776185798000
1776185799.681,99.681,0.48,162.59,0.47,20.0,0.5,4.87,0.51,60.0,0.51,35.18,0.5,10.0,0.52,160.59,0.53,180.46,0.02,0.01,2340.09405,1776185798000
1776185800.125,100.125,0.49,60.0,0.48,167.59,0.51,4.31,0.52,120.0,0.49,4.31,0.48,120.0,0.51,60.0,0.52,167.59,0.02,0.02,2340.227495,1776185799000
1776185801.099,101.099,0.49,226.2,0.48,152.0,0.51,49.31,0.52,237.0,0.49,49.31,0.48,237.0,0.51,226.2,0.52,152.0,0.02,0.02,2340.43,1776185800000
1776185801.391,101.391,0.5,30.0,0.49,10.74,0.51,47.34,0.52,242.0,0.49,49.31,0.48,237.0,0.51,226.2,0.52,152.0,0.01,0.02,2340.43,1776185800000
1776185801.672,101.672,0.5,5.0,0.49,20.74,0.51,38.8,0.52,242.0,0.49,43.61,0.48,242.0,0.5,30.0,0.51,25.74,0.01,0.01,2340.43,1776185800000
1776185802.043,102.043,0.5,22.0,0.49,127.74,0.51,38.8,0.52,242.0,0.49,38.8,0.48,242.0,0.5,22.0,0.51,127.74,0.01,0.01,2340.555705,1776185801000
1776185802.688,102.688,0.5,30.0,0.49,137.74,0.51,9.7,0.52,242.0,0.49,38.8,0.48,242.0,0.5,22.0,0.51,127.74,0.01,0.01,2340.555705,1776185801000
1776185802.987,102.987,0.5,30.0,0.49,137.74,0.51,9.7,0.52,242.0,0.49,9.7,0.48,242.0,0.5,30.0,0.51,137.74,0.01,0.01,2340.511366,1776185802000
1776185803.265,103.265,0.49,130.54,0.48,729.11,0.51,271.0,0.52,155.0,0.49,271.0,0.48,150.0,0.5,25.77,0.51,338.06,0.02,0.01,2340.511366,1776185802000
1776185803.916,103.916,0.49,130.54,0.48,729.11,0.51,271.0,0.52,155.0,0.49,271.0,0.48,155.0,0.51,130.54,0.52,729.11,0.02,0.02,2340.6805,1776185803000
1776185805.223,105.223,0.49,184.16,0.48,470.99,0.5,132.0,0.51,125.0,0.49,271.0,0.48,155.0,0.51,130.54,0.52,729.11,0.01,0.02,2340.6805,1776185803000
1776185806.26,106.26,0.49,378.15,0.48,225.0,0.5,130.0,0.51,125.0,0.5,130.0,0.49,125.0,0.51,378.15,0.52,225.0,0.01,0.01,2340.409141,1776185805000
1776185806.511,106.511,0.49,462.15,0.48,215.0,0.5,134.2,0.51,115.0,0.5,130.0,0.49,125.0,0.51,378.15,0.52,225.0,0.01,0.01,2340.409141,1776185805000
1776185807.012,107.012,0.51,215.46,0.5,159.53,0.52,132.56,0.53,130.0,0.5,134.2,0.49,115.0,0.51,462.15,0.52,215.0,0.01,0.01,2340.409141,1776185805000
1776185807.431,107.431,0.51,252.99,0.5,159.53,0.52,165.63,0.53,135.0,0.48,132.56,0.47,130.0,0.49,215.46,0.5,159.53,0.01,0.01,2340.41382,1776185806000
1776185807.966,107.966,0.49,187.16,0.48,267.99,0.5,159.55,0.51,195.0,0.48,165.63,0.47,135.0,0.49,252.99,0.5,159.53,0.01,0.01,2340.41382,1776185806000
1776185808.191,108.191,0.49,187.16,0.48,267.99,0.5,159.55,0.51,195.0,0.5,159.55,0.49,195.0,0.51,187.16,0.52,267.99,0.01,0.01,2340.4556,1776185807000
1776185808.471,108.471,0.49,177.16,0.48,404.99,0.5,161.55,0.51,317.0,0.5,159.55,0.49,195.0,0.51,187.16,0.52,267.99,0.01,0.01,2340.4556,1776185807000
1776185809.079,109.079,0.49,177.16,0.48,404.99,0.5,161.55,0.51,317.0,0.5,161.55,0.49,317.0,0.51,177.16,0.52,404.99,0.01,0.01,2340.559545,1776185808000
1776185810.758,110.758,0.49,177.16,0.48,404.99,0.5,161.55,0.51,317.0,0.5,161.55,0.49,317.0,0.51,177.16,0.52,404.99,0.01,0.01,2340.50555,1776185809000
1776185811.412,111.412,0.49,575.15,0.48,142.99,0.51,79.95,0.52,110.63,0.5,161.55,0.49,317.0,0.51,177.16,0.52,404.99,0.02,0.01,2340.50555,1776185809000
1776185811.791,111.791,0.49,575.15,0.48,142.99,0.51,79.95,0.52,110.63,0.49,79.95,0.48,110.63,0.51,575.15,0.52,142.99,0.02,0.02,2340.433762,1776185810000
1776185812.651,112.651,0.49,182.16,0.48,135.0,0.52,362.0,0.53,139.69,0.49,79.95,0.48,110.63,0.51,575.15,0.52,142.99,0.03,0.02,2340.433762,1776185810000
1776185812.892,112.892,0.46,33.95,0.45,125.0,0.47,10.0,0.48,15.0,0.53,19.43,0.52,10.0,0.54,34.05,0.55,125.0,0.01,0.01,2340.426227,1776185811000
1776185813.218,113.218,0.43,50.0,0.42,180.46,0.47,40.0,0.48,162.0,0.53,10.0,0.52,10.0,0.54,7.89,0.57,50.0,0.04,0.01,2340.426227,1776185811000
1776185813.475,113.475,0.43,50.0,0.42,180.46,0.44,5.06,0.45,10.0,0.56,5.06,0.55,10.0,0.57,50.0,0.58,180.46,0.01,0.01,2340.55602,1776185812000
1776185813.776,113.776,0.43,60.0,0.42,198.99,0.44,13.39,0.45,132.0,0.56,5.06,0.55,10.0,0.57,50.0,0.58,180.46,0.01,0.01,2340.55602,1776185812000
1776185814.204,114.204,0.43,60.0,0.42,198.99,0.44,13.39,0.45,132.0,0.56,13.39,0.55,132.0,0.57,60.0,0.58,198.99,0.01,0.01,2340.569577,1776185813000
1776185814.524,114.524,0.43,65.0,0.42,198.99,0.44,14.0,0.45,157.0,0.56,13.39,0.55,132.0,0.57,60.0,0.58,198.99,0.01,0.01,2340.569577,1776185813000
1776185815.032,115.032,0.43,65.0,0.42,198.99,0.44,14.0,0.45,157.0,0.56,14.0,0.55,157.0,0.57,65.0,0.58,198.99,0.01,0.01,2340.076284,1776185814000
1776185815.372,115.372,0.41,100.0,0.4,50.0,0.43,222.0,0.44,96.0,0.57,222.0,0.56,96.0,0.58,3.86,0.59,125.0,0.02,0.01,2340.076284,1776185814000
1776185816.384,116.384,0.41,100.0,0.4,50.0,0.43,222.0,0.44,96.0,0.57,222.0,0.56,96.0,0.59,100.0,0.6,50.0,0.02,0.02,2339.829368,1776185815000
1776185817.498,117.498,0.37,21.19,0.36,140.6,0.38,102.06,0.39,150.0,0.59,302.0,0.58,85.0,0.6,3.8,0.61,60.0,0.01,0.01,2339.829368,1776185815000
1776185817.935,117.935,0.37,6.66,0.36,25.0,0.38,71.23,0.39,300.0,0.62,96.23,0.61,150.0,0.63,13.14,0.64,140.6,0.01,0.01,2339.829368,1776185815000
1776185818.579,118.579,0.35,225.0,0.34,45.0,0.36,43.34,0.38,174.0,0.64,43.34,0.62,174.0,0.65,225.0,0.66,45.0,0.01,0.01,2339.197732,1776185817000
1776185819.402,119.402,0.35,225.0,0.34,45.0,0.36,43.34,0.38,174.0,0.64,43.34,0.62,174.0,0.65,225.0,0.66,45.0,0.01,0.01,2338.909534,1776185818000
1776185820.026,120.026,0.35,225.0,0.34,45.0,0.36,43.34,0.38,174.0,0.64,43.34,0.62,174.0,0.65,225.0,0.66,45.0,0.01,0.01,2338.6011,1776185819000
1776185820.665,120.665,0.34,13.0,0.32,50.0,0.35,251.0,0.36,108.34,0.65,73.32,0.64,190.34,0.66,58.0,0.67,117.0,0.01,0.01,2338.6011,1776185819000
1776185821.353,121.353,0.34,13.0,0.32,50.0,0.35,251.0,0.36,108.34,0.65,251.0,0.64,108.34,0.66,13.0,0.68,50.0,0.01,0.01,2338.455121,1776185820000
1776185822.026,122.026,0.29,54.94,0.28,122.86,0.3,36.0,0.31,75.0,0.65,251.0,0.64,108.34,0.66,13.0,0.68,50.0,0.01,0.01,2338.455121,1776185820000
1776185822.276,122.276,0.29,208.53,0.28,147.86,0.3,20.0,0.32,6.0,0.7,36.0,0.69,75.0,0.71,54.94,0.72,122.86,0.01,0.01,2338.455121,1776185820000
1776185822.502,122.502,0.29,38.53,0.28,122.86,0.3,32.0,0.31,60.0,0.7,98.0,0.69,60.0,0.71,81.53,0.72,132.86,0.01,0.01,2338.455121,1776185820000
1776185822.702,122.702,0.26,167.11,0.25,170.0,0.3,224.0,0.31,90.0,0.7,224.0,0.69,90.0,0.71,4.9,0.74,168.46,0.04,0.01,2338.455121,1776185820000
1776185822.933,122.933,0.25,170.0,0.24,95.0,0.26,45.21,0.27,95.0,0.73,10.0,0.72,80.0,0.74,103.25,0.75,170.0,0.01,0.01,2338.445467,1776185821000
1776185823.312,123.312,0.25,170.0,0.24,95.0,0.26,45.21,0.27,95.0,0.74,45.21,0.73,95.0,0.75,170.0,0.76,95.0,0.01,0.01,2338.255428,1776185822000
1776185824.306,124.306,0.22,31.0,0.21,290.0,0.23,190.0,0.24,139.0,0.75,9.8,0.74,187.21,0.76,65.0,0.77,244.53,0.01,0.01,2338.255428,1776185822000
1776185824.553,124.553,0.21,215.0,0.2,235.0,0.23,220.0,0.24,124.0,0.77,190.0,0.76,139.0,0.78,31.0,0.79,290.0,0.02,0.01,2338.255428,1776185822000
1776185825.124,125.124,0.2,232.23,0.19,175.0,0.22,104.0,0.23,100.0,0.77,220.0,0.76,124.0,0.79,215.0,0.8,235.0,0.02,0.02,2337.457208,1776185823000
1776185825.554,125.554,0.2,177.29,0.19,175.0,0.21,165.0,0.22,25.0,0.78,104.0,0.77,100.0,0.8,232.23,0.81,175.0,0.01,0.02,2337.177424,1776185824000
1776185826.449,126.449,0.19,175.0,0.18,400.0,0.21,311.0,0.22,50.0,0.79,189.0,0.78,25.0,0.8,175.37,0.81,175.0,0.02,0.01,2337.177424,1776185824000
1776185826.778,126.778,0.19,175.0,0.18,400.0,0.21,311.0,0.22,50.0,0.79,311.0,0.78,50.0,0.81,175.0,0.82,400.0,0.02,0.02,2336.4594,1776185825000
1776185827.415,127.415,0.19,5.0,0.18,400.0,0.2,222.0,0.21,114.0,0.79,311.0,0.78,50.0,0.81,175.0,0.82,400.0,0.01,0.02,2336.4594,1776185825000
1776185827.783,127.783,0.19,2.97,0.18,350.0,0.2,267.0,0.21,114.0,0.8,222.0,0.79,114.0,0.81,5.0,0.82,400.0,0.01,0.01,2336.30975,1776185826000
1776185828.031,128.031,0.19,2.97,0.18,350.0,0.2,267.0,0.21,114.0,0.8,267.0,0.79,114.0,0.81,2.97,0.82,350.0,0.01,0.01,2336.299352,1776185827000
1776185828.642,128.642,0.19,2.97,0.18,200.0,0.2,207.0,0.21,114.0,0.8,267.0,0.79,114.0,0.81,2.97,0.82,350.0,0.01,0.01,2336.299352,1776185827000
1776185829.354,129.354,0.19,2.97,0.18,200.0,0.2,207.0,0.21,114.0,0.8,207.0,0.79,114.0,0.81,2.97,0.82,200.0,0.01,0.01,2336.275141,1776185828000
1776185829.57,129.57,0.19,2.97,0.17,300.0,0.2,277.75,0.21,149.0,0.8,232.0,0.79,149.0,0.81,2.97,0.83,300.0,0.01,0.01,2336.275141,1776185828000
1776185830.538,130.538,0.17,250.0,0.16,260.0,0.18,16.18,0.2,232.5,0.82,16.18,0.8,232.5,0.83,250.0,0.84,260.0,0.01,0.01,2336.256142,1776185829000
1776185830.835,130.835,0.17,1.25,0.16,10.0,0.18,261.18,0.19,40.0,0.82,216.18,0.81,70.0,0.83,3.66,0.84,60.0,0.01,0.01,2336.256142,1776185829000
1776185831.187,131.187,0.15,217.0,0.14,280.0,0.16,48.75,0.18,261.18,0.82,261.18,0.81,40.0,0.83,1.25,0.84,10.0,0.01,0.01,2336.255077,1776185830000
1776185831.503,131.503,0.15,256.9,0.14,280.0,0.16,47.0,0.17,10.0,0.84,10.0,0.83,15.0,0.85,238.81,0.86,280.0,0.01,0.01,2336.255077,1776185830000
1776185831.713,131.713,0.15,244.01,0.14,280.0,0.16,27.0,0.17,10.0,0.84,27.0,0.83,10.0,0.85,255.01,0.86,280.0,0.01,0.01,2336.255077,1776185830000
1776185831.918,131.918,0.15,212.01,0.14,315.0,0.18,15.0,0.19,15.0,0.84,6.0,0.83,10.0,0.85,249.01,0.86,280.0,0.03,0.01,2336.255077,1776185830000
1776185832.125,132.125,0.17,128.0,0.16,227.0,0.19,119.89,0.2,65.0,0.82,1.22,0.81,15.0,0.83,118.0,0.84,227.0,0.02,0.01,2336.063427,1776185831000
1776185832.382,132.382,0.18,16.0,0.17,128.0,0.2,152.0,0.21,140.0,0.81,119.89,0.8,65.0,0.83,128.0,0.84,227.0,0.02,0.02,2336.063427,1776185831000
1776185833.087,133.087,0.17,138.94,0.16,120.0,0.18,16.15,0.19,172.0,0.8,152.0,0.79,140.0,0.82,16.0,0.83,128.0,0.01,0.02,2336.063427,1776185831000
1776185834.151,134.151,0.17,29.45,0.16,237.0,0.18,5.0,0.19,142.0,0.82,16.15,0.81,172.0,0.83,138.94,0.84,120.0,0.01,0.01,2336.050766,1776185832000
1776185834.797,134.797,0.16,10.0,0.15,20.0,0.18,362.0,0.19,125.0,0.82,5.0,0.81,142.0,0.83,29.45,0.84,237.0,0.02,0.01,2336.365124,1776185833000
1776185835.152,135.152,0.16,10.0,0.15,20.0,0.18,362.0,0.19,125.0,0.82,362.0,0.81,125.0,0.84,10.0,0.85,20.0,0.02,0.02,2336.306949,1776185834000
1776185835.444,135.444,0.17,15.94,0.16,144.0,0.19,15.0,0.2,25.0,0.82,362.0,0.81,125.0,0.84,10.0,0.85,20.0,0.02,0.02,2336.306949,1776185834000
1776185836.351,136.351,0.17,15.94,0.16,144.0,0.19,15.0,0.2,25.0,0.81,15.0,0.8,25.0,0.83,15.94,0.84,144.0,0.02,0.02,2336.3494,1776185835000
1776185837.132,137.132,0.22,33.71,0.21,44.0,0.23,65.0,0.24,5.0,0.81,15.0,0.8,25.0,0.83,15.94,0.84,144.0,0.01,0.02,2336.3494,1776185835000
1776185837.581,137.581,0.22,209.42,0.21,25.0,0.23,30.0,0.24,5.0,0.77,65.0,0.76,5.0,0.78,33.71,0.79,44.0,0.01,0.01,2336.846724,1776185836000
1776185837.848,137.848,0.23,16.0,0.22,220.42,0.24,70.34,0.25,10.0,0.76,79.55,0.75,10.0,0.78,237.42,0.79,25.0,0.01,0.02,2336.846724,1776185836000
1776185838.327,138.327,0.23,16.0,0.22,220.42,0.24,70.34,0.25,10.0,0.76,70.34,0.75,10.0,0.77,16.0,0.78,220.42,0.01,0.01,2337.381765,1776185837000
1776185838.804,138.804,0.23,64.1,0.22,138.42,0.24,202.34,0.25,25.0,0.76,70.34,0.75,10.0,0.77,16.0,0.78,220.42,0.01,0.01,2337.381765,1776185837000
1776185839.105,139.105,0.23,64.1,0.22,124.42,0.24,190.67,0.25,25.0,0.76,202.34,0.75,25.0,0.77,64.1,0.78,138.42,0.01,0.01,2337.391925,1776185838000
1776185839.606,139.606,0.22,120.82,0.21,155.0,0.24,200.67,0.25,20.0,0.76,190.67,0.75,25.0,0.77,64.1,0.78,124.42,0.02,0.01,2337.391925,1776185838000
1776185839.936,139.936,0.23,3.76,0.22,124.53,0.24,132.0,0.25,66.59,0.76,132.0,0.75,66.59,0.77,3.76,0.78,124.53,0.01,0.01,2337.532465,1776185839000
1776185840.727,140.727,0.22,138.7,0.21,43.0,0.24,147.0,0.25,119.47,0.76,132.0,0.75,66.59,0.77,3.76,0.78,124.53,0.02,0.01,2337.532465,1776185839000
1776185841.025,141.025,0.22,138.7,0.21,43.0,0.24,147.0,0.25,119.47,0.76,147.0,0.75,119.47,0.78,138.7,0.79,43.0,0.02,0.02,2337.585455,1776185840000
1776185841.481,141.481,0.22,291.7,0.21,35.0,0.25,7.8,0.26,20.0,0.76,147.0,0.75,119.47,0.78,138.7,0.79,43.0,0.03,0.02,2337.585455,1776185840000
1776185841.694,141.694,0.24,17.45,0.23,10.0,0.25,22.8,0.26,89.91,0.75,7.8,0.74,89.91,0.76,23.9,0.77,10.0,0.01,0.01,2337.585455,1776185840000
1776185842.018,142.018,0.24,12.67,0.23,47.0,0.25,52.8,0.26,211.91,0.75,22.8,0.74,89.91,0.76,17.45,0.77,10.0,0.01,0.01,2337.585455,1776185840000
1776185842.38,142.38,0.23,17.0,0.22,65.0,0.24,212.0,0.25,62.8,0.75,52.8,0.74,211.91,0.76,11.22,0.77,47.0,0.01,0.01,2337.580395,1776185841000
1776185843.169,143.169,0.22,65.0,0.21,20.0,0.24,212.0,0.25,62.8,0.76,212.0,0.75,62.8,0.78,65.0,0.79,20.0,0.02,0.02,2337.566695,1776185842000
1776185844.791,144.791,0.22,65.0,0.21,20.0,0.24,212.0,0.25,62.8,0.76,212.0,0.75,62.8,0.78,65.0,0.79,20.0,0.02,0.02,2337.5536,1776185843000
1776185845.05,145.05,0.26,62.24,0.25,86.2,0.27,75.0,0.28,10.0,0.73,75.0,0.72,10.0,0.75,10.2,0.76,234.0,0.01,0.02,2337.5536,1776185843000
1776185845.41,145.41,0.26,62.24,0.25,86.2,0.27,75.0,0.28,10.0,0.73,75.0,0.72,10.0,0.74,62.24,0.75,86.2,0.01,0.01,2337.598461,1776185844000
1776185845.726,145.726,0.26,191.11,0.25,100.2,0.27,75.0,0.28,10.0,0.73,75.0,0.72,10.0,0.74,62.24,0.75,86.2,0.01,0.01,2337.598461,1776185844000
1776185845.965,145.965,0.26,150.06,0.25,125.2,0.27,90.0,0.28,15.0,0.73,75.0,0.72,10.0,0.74,142.05,0.75,125.2,0.01,0.01,2337.598461,1776185844000
1776185846.296,146.296,0.26,150.06,0.25,125.2,0.27,90.0,0.28,15.0,0.73,90.0,0.72,15.0,0.74,150.06,0.75,125.2,0.01,0.01,2337.661767,1776185845000
1776185847.766,147.766,0.26,150.06,0.25,125.2,0.27,90.0,0.28,15.0,0.73,90.0,0.72,15.0,0.74,150.06,0.75,125.2,0.01,0.01,2338.199672,1776185846000
1776185848.386,148.386,0.26,111.0,0.25,50.0,0.27,259.0,0.28,120.0,0.73,90.0,0.72,15.0,0.74,150.06,0.75,125.2,0.01,0.01,2338.199672,1776185846000
1776185848.605,148.605,0.25,50.0,0.24,60.0,0.27,763.0,0.28,265.0,0.73,763.0,0.72,265.0,0.74,25.0,0.75,50.0,0.02,0.01,2338.290404,1776185847000
1776185848.859,148.859,0.13,45.0,0.12,155.09,0.14,9.79,0.15,10.0,0.79,167.0,0.78,10.0,0.86,255.0,0.87,45.0,0.01,0.07,2338.290404,1776185847000
1776185849.235,149.235,0.12,1.36,0.11,100.0,0.14,19.79,0.15,80.0,0.86,19.79,0.85,80.0,0.88,1.36,0.89,100.0,0.02,0.02,2338.266719,1776185848000
1776185849.451,149.451,0.11,125.0,0.1,170.0,0.14,19.21,0.15,10.0,0.86,19.79,0.85,80.0,0.88,1.36,0.89,100.0,0.03,0.02,2338.266719,1776185848000
1776185849.858,149.858,0.11,23.75,0.1,70.0,0.12,30.0,0.13,124.92,0.87,119.92,0.86,24.21,0.89,25.0,0.9,170.0,0.01,0.02,2338.266719,1776185848000
1776185850.124,150.124,0.11,21.75,0.1,70.0,0.12,30.0,0.13,134.92,0.88,30.0,0.87,124.92,0.89,23.75,0.9,70.0,0.01,0.01,2338.266719,1776185848000
1776185850.376,150.376,0.11,29.75,0.1,70.0,0.12,157.0,0.13,17.92,0.88,30.0,0.87,134.92,0.89,21.75,0.9,70.0,0.01,0.01,2338.266719,1776185848000
1776185850.994,150.994,0.1,7.4,0.09,35.0,0.11,162.74,0.12,30.0,0.88,152.0,0.87,17.92,0.9,7.4,0.91,35.0,0.01,0.02,2337.351066,1776185849000
1776185851.198,151.198,0.09,35.0,0.08,165.0,0.16,163.19,0.17,20.0,0.89,162.74,0.88,130.0,0.91,35.0,0.92,165.0,0.07,0.02,2337.351066,1776185849000
1776185851.449,151.449,0.09,35.0,0.08,165.0,0.1,33.47,0.11,141.0,0.84,163.19,0.83,20.0,0.91,35.0,0.92,165.0,0.01,0.07,2335.502949,1776185850000
1776185851.668,151.668,0.09,8.35,0.08,160.0,0.1,155.47,0.11,24.0,0.9,185.47,0.89,24.0,0.91,25.0,0.92,160.0,0.01,0.01,2335.502949,1776185850000
1776185852.008,152.008,0.08,135.85,0.07,177.0,0.09,81.0,0.1,29.74,0.9,141.74,0.89,34.0,0.92,125.85,0.93,60.0,0.01,0.02,2335.502949,1776185850000
1776185852.3,152.3,0.08,136.22,0.07,183.0,0.09,99.64,0.1,133.0,0.91,99.64,0.9,16.0,0.92,138.94,0.93,183.0,0.01,0.01,2335.502949,1776185850000
1776185852.642,152.642,0.08,114.94,0.07,208.0,0.09,87.64,0.1,21.0,0.91,87.64,0.9,21.0,0.92,114.94,0.93,208.0,0.01,0.01,2335.268875,1776185851000
1776185852.869,152.869,0.08,84.3,0.07,91.0,0.09,113.69,0.1,133.0,0.91,120.64,0.9,133.0,0.92,84.3,0.93,208.0,0.01,0.01,2335.268875,1776185851000
1776185853.127,153.127,0.08,74.39,0.07,85.0,0.09,235.69,0.1,21.0,0.91,261.69,0.9,21.0,0.92,77.66,0.93,91.0,0.01,0.01,2335.268875,1776185851000
1776185853.428,153.428,0.08,41.22,0.07,115.0,0.09,235.69,0.1,26.0,0.91,230.69,0.9,21.0,0.92,66.67,0.93,85.0,0.01,0.01,2335.268875,1776185851000
1776185853.75,153.75,0.08,30.4,0.07,115.0,0.09,217.69,0.1,26.0,0.91,235.69,0.9,26.0,0.92,41.22,0.93,115.0,0.01,0.01,2334.7478,1776185852000
1776185854.19,154.19,0.08,30.4,0.07,115.0,0.09,223.57,0.1,26.0,0.91,223.57,0.9,26.0,0.92,30.4,0.93,115.0,0.01,0.01,2334.697745,1776185853000
1776185854.743,154.743,0.08,88.4,0.07,252.0,0.09,79.69,0.1,143.0,0.91,223.57,0.9,26.0,0.92,30.4,0.93,115.0,0.01,0.01,2334.697745,1776185853000
1776185855.027,155.027,0.08,33.74,0.07,298.43,0.09,53.69,0.1,127.0,0.91,79.69,0.9,132.0,0.92,35.4,0.93,323.43,0.01,0.01,2334.697745,1776185853000
1776185855.32,155.32,0.08,13.29,0.07,323.43,0.09,53.69,0.1,10.0,0.91,53.69,0.9,127.0,0.92,33.74,0.93,298.43,0.01,0.01,2334.697745,1776185853000
1776185855.546,155.546,0.08,13.29,0.07,323.43,0.09,53.69,0.1,10.0,0.91,53.69,0.9,10.0,0.92,13.29,0.93,323.43,0.01,0.01,2334.395315,1776185854000
1776185855.902,155.902,0.08,18.29,0.07,157.0,0.09,97.97,0.1,132.0,0.91,53.69,0.9,10.0,0.92,13.29,0.93,323.43,0.01,0.01,2334.395315,1776185854000
1776185856.135,156.135,0.08,8.92,0.07,132.0,0.09,54.74,0.1,132.0,0.91,54.74,0.9,132.0,0.92,8.92,0.93,132.0,0.01,0.01,2334.39814,1776185855000
1776185856.397,156.397,0.08,20.45,0.07,15.0,0.09,24.72,0.1,132.0,0.91,30.28,0.9,127.0,0.92,20.45,0.93,132.0,0.01,0.01,2334.39814,1776185855000
1776185856.634,156.634,0.07,13.38,0.06,277.0,0.09,32.49,0.1,132.0,0.91,32.49,0.9,132.0,0.93,15.0,0.94,252.0,0.02,0.02,2334.39814,1776185855000
1776185856.93,156.93,0.08,10.0,0.07,13.38,0.1,116.29,0.11,10.0,0.91,0.33,0.9,132.0,0.93,13.38,0.94,277.0,0.02,0.02,2334.39814,1776185855000
1776185857.159,157.159,0.08,5.0,0.07,27.8,0.09,5.0,0.1,25.0,0.9,140.29,0.89,10.0,0.92,10.0,0.93,13.38,0.01,0.02,2334.39814,1776185855000
1776185857.377,157.377,0.08,5.0,0.07,144.8,0.1,16.49,0.11,127.0,0.91,2.77,0.9,25.0,0.92,5.0,0.93,144.8,0.02,0.01,2334.39814,1776185855000
1776185857.578,157.578,0.08,5.0,0.07,144.8,0.1,16.49,0.11,127.0,0.9,16.49,0.89,127.0,0.92,5.0,0.93,144.8,0.02,0.02,2334.447278,1776185856000
1776185857.949,157.949,0.08,10.0,0.07,139.8,0.1,40.49,0.11,127.0,0.9,36.49,0.89,132.0,0.92,10.0,0.93,139.8,0.02,0.02,2334.447278,1776185856000
1776185858.271,158.271,0.08,10.0,0.07,139.8,0.1,44.49,0.11,127.0,0.9,44.49,0.89,127.0,0.92,10.0,0.93,139.8,0.02,0.02,2334.260825,1776185857000
1776185858.475,158.475,0.06,252.0,0.05,145.0,0.1,215.5,0.11,10.0,0.9,215.5,0.89,10.0,0.92,8.91,0.93,8.38,0.04,0.02,2334.260825,1776185857000
1776185858.871,158.871,0.06,1.08,0.05,187.0,0.07,26.0,0.09,132.0,0.9,215.5,0.89,10.0,0.94,252.0,0.95,145.0,0.01,0.04,2334.260825,1776185857000
1776185859.262,159.262,0.06,27.91,0.05,162.0,0.09,127.77,0.1,98.5,0.93,10.28,0.91,132.0,0.94,11.08,0.95,162.0,0.03,0.01,2334.260825,1776185857000
1776185859.581,159.581,0.07,0.41,0.06,27.91,0.09,127.77,0.1,98.5,0.91,127.77,0.9,98.5,0.93,0.41,0.94,27.91,0.02,0.02,2334.08055,1776185858000
1776185859.95,159.95,0.07,0.41,0.06,11.08,0.08,87.5,0.09,127.77,0.92,1.25,0.91,127.77,0.93,0.41,0.94,27.91,0.01,0.01,2334.08055,1776185858000
1776185860.197,160.197,0.07,15.79,0.06,11.08,0.08,86.25,0.09,10.77,0.92,87.5,0.91,127.77,0.93,0.41,0.94,11.08,0.01,0.01,2334.08055,1776185858000
1776185860.632,160.632,0.06,10.0,0.05,162.0,0.09,102.77,0.1,132.0,0.91,87.77,0.9,132.0,0.92,5.0,0.93,25.16,0.03,0.01,2334.057939,1776185859000
1776185861.082,161.082,0.06,40.63,0.05,162.0,0.07,21.0,0.09,97.77,0.91,102.77,0.9,132.0,0.94,6.8,0.95,162.0,0.01,0.03,2334.057939,1776185859000
1776185861.309,161.309,0.06,126.63,0.05,70.0,0.07,155.4,0.08,5.0,0.93,21.0,0.91,97.77,0.94,40.63,0.95,162.0,0.01,0.01,2334.057939,1776185859000
1776185861.783,161.783,0.06,121.63,0.05,76.0,0.07,157.9,0.08,10.0,0.93,155.4,0.92,5.0,0.94,126.63,0.95,70.0,0.01,0.01,2333.796259,1776185860000
1776185862.03,162.03,0.05,188.2,0.04,264.3,0.07,139.4,0.08,10.0,0.93,157.9,0.92,10.0,0.94,71.63,0.95,76.0,0.02,0.01,2333.767018,1776185861000
1776185862.465,162.465,0.08,15.0,0.07,53.0,0.09,30.13,0.1,227.55,0.91,161.58,0.9,70.55,0.94,5.0,0.95,193.2,0.01,0.03,2333.767018,1776185861000
1776185862.882,162.882,0.07,49.83,0.06,266.85,0.08,10.0,0.09,231.13,0.91,30.13,0.9,227.55,0.93,53.0,0.94,122.0,0.01,0.02,2333.767018,1776185861000
1776185863.134,163.134,0.06,5.0,0.05,162.0,0.08,150.0,0.09,84.13,0.92,10.0,0.91,231.13,0.93,49.83,0.94,266.85,0.02,0.01,2333.72478,1776185862000
1776185863.484,163.484,0.06,10.0,0.05,45.0,0.08,284.02,0.09,79.13,0.92,150.0,0.91,84.13,0.94,5.0,0.95,162.0,0.02,0.02,2333.72478,1776185862000
1776185863.734,163.734,0.05,45.0,0.04,209.5,0.08,284.02,0.09,79.13,0.92,284.02,0.91,79.13,0.94,10.0,0.95,45.0,0.03,0.02,2333.72478,1776185862000
1776185864.104,164.104,0.06,6.9,0.05,65.2,0.08,284.02,0.09,79.13,0.92,284.02,0.91,79.13,0.94,6.9,0.95,65.2,0.02,0.02,2333.780155,1776185863000
1776185864.791,164.791,0.05,65.2,0.04,401.5,0.07,70.3,0.08,162.02,0.92,167.02,0.91,79.13,0.94,1.95,0.95,65.2,0.02,0.02,2333.780155,1776185863000
1776185865.162,165.162,0.05,176.72,0.04,406.5,0.07,70.3,0.08,162.02,0.93,70.3,0.92,162.02,0.95,176.72,0.96,406.5,0.02,0.02,2333.803272,1776185864000
1776185865.474,165.474,0.05,171.72,0.04,406.5,0.07,70.3,0.08,162.02,0.93,70.3,0.92,162.02,0.95,176.72,0.96,406.5,0.02,0.02,2333.803272,1776185864000
1776185865.687,165.687,0.05,123.92,0.04,406.5,0.07,70.3,0.08,279.02,0.93,70.3,0.92,162.02,0.95,119.08,0.96,406.5,0.02,0.02,2333.803272,1776185864000
1776185866.11,166.11,0.05,121.81,0.04,97.5,0.07,70.3,0.08,279.02,0.93,70.3,0.92,279.02,0.95,123.92,0.96,406.5,0.02,0.02,2333.803272,1776185864000
1776185866.877,166.877,0.05,6.0,0.04,214.5,0.07,62.3,0.08,279.02,0.93,62.3,0.92,279.02,0.95,126.81,0.96,97.5,0.02,0.02,2333.6065,1776185865000
1776185867.123,167.123,0.05,6.0,0.04,214.5,0.07,62.3,0.08,279.02,0.93,62.3,0.92,279.02,0.95,6.0,0.96,214.5,0.02,0.02,2333.62435,1776185866000
1776185867.537,167.537,0.04,201.68,0.03,624.7,0.06,70.0,0.07,62.3,0.93,62.3,0.92,279.02,0.95,6.0,0.96,214.5,0.02,0.02,2333.62435,1776185866000
1776185868.211,168.211,0.04,201.68,0.03,624.7,0.06,70.0,0.07,62.3,0.94,70.0,0.93,62.3,0.96,201.68,0.97,624.7,0.02,0.02,2333.66157,1776185867000
1776185868.514,168.514,0.04,109.93,0.03,778.0,0.05,4.55,0.06,242.0,0.95,65.93,0.94,242.0,0.96,109.93,0.97,778.0,0.01,0.01,2333.66157,1776185867000
1776185868.934,168.934,0.03,401.0,0.02,891.21,0.04,250.5,0.05,131.55,0.95,14.55,0.94,300.8,0.97,778.0,0.98,556.21,0.01,0.02,2333.66157,1776185867000
1776185869.291,169.291,0.03,380.0,0.02,891.21,0.04,260.5,0.05,131.55,0.96,260.5,0.95,131.55,0.97,380.0,0.98,891.21,0.01,0.01,2333.610383,1776185868000
1776185869.665,169.665,0.03,413.66,0.02,891.21,0.04,130.5,0.05,207.35,0.96,260.5,0.95,131.55,0.97,380.0,0.98,891.21,0.01,0.01,2333.610383,1776185868000
1776185869.981,169.981,0.03,375.96,0.02,891.21,0.04,188.5,0.05,307.35,0.96,148.5,0.95,307.35,0.97,389.66,0.98,891.21,0.01,0.01,2333.610383,1776185868000
1776185870.246,170.246,0.03,363.96,0.02,891.21,0.04,193.5,0.05,307.35,0.96,193.5,0.95,307.35,0.97,363.96,0.98,891.21,0.01,0.01,2333.15189,1776185869000
1776185870.474,170.474,0.03,368.96,0.02,891.21,0.04,172.14,0.05,207.35,0.96,193.5,0.95,307.35,0.97,363.96,0.98,891.21,0.01,0.01,2333.15189,1776185869000
1776185870.736,170.736,0.03,319.3,0.02,774.21,0.04,247.14,0.05,90.35,0.96,172.14,0.95,207.35,0.97,368.96,0.98,891.21,0.01,0.01,2333.15189,1776185869000
1776185871.058,171.058,0.03,270.3,0.02,783.14,0.04,220.5,0.05,207.35,0.96,245.5,0.95,90.35,0.97,275.3,0.98,774.21,0.01,0.01,2333.15189,1776185869000
1776185871.291,171.291,0.03,218.76,0.02,783.14,0.04,220.5,0.05,207.35,0.96,220.5,0.95,207.35,0.97,218.76,0.98,783.14,0.01,0.01,2332.679,1776185870000
1776185871.522,171.522,0.03,245.42,0.02,716.44,0.04,220.5,0.05,207.35,0.96,220.5,0.95,207.35,0.97,218.76,0.98,783.14,0.01,0.01,2332.679,1776185870000
1776185871.953,171.953,0.03,70.22,0.02,599.44,0.04,220.5,0.05,207.35,0.96,220.5,0.95,207.35,0.97,158.88,0.98,716.44,0.01,0.01,2332.679,1776185870000
1776185872.21,172.21,0.03,98.88,0.02,599.44,0.04,319.2,0.05,207.35,0.96,220.5,0.95,207.35,0.97,70.22,0.98,599.44,0.01,0.01,2332.679,1776185870000
1776185872.498,172.498,0.03,324.88,0.02,498.44,0.04,190.7,0.05,307.35,0.96,190.7,0.95,307.35,0.97,96.88,0.98,599.44,0.01,0.01,2332.5682,1776185871000
1776185872.7,172.7,0.03,264.88,0.02,493.44,0.04,284.4,0.05,307.35,0.96,284.4,0.95,307.35,0.97,264.88,0.98,493.44,0.01,0.01,2332.5682,1776185871000
1776185873.128,173.128,0.02,1053.84,0.01,3628.76,0.03,121.88,0.04,200.7,0.97,12.88,0.96,284.4,0.98,711.44,0.99,3619.76,0.01,0.01,2332.5682,1776185871000
1776185873.399,173.399,0.02,1028.84,0.01,3628.76,0.03,138.77,0.04,205.7,0.97,138.77,0.96,205.7,0.98,1028.84,0.99,3628.76,0.01,0.01,2332.502584,1776185872000
1776185873.897,173.897,0.02,1028.84,0.01,3628.76,0.03,138.77,0.04,205.7,0.97,138.77,0.96,205.7,0.98,1028.84,0.99,3628.76,0.01,0.01,2332.623955,1776185873000
1776185874.279,174.279,0.02,985.84,0.01,5118.88,0.03,194.77,0.04,309.4,0.97,138.77,0.96,205.7,0.98,1028.84,0.99,3628.76,0.01,0.01,2332.623955,1776185873000
1776185874.583,174.583,0.02,984.81,0.01,5465.41,0.03,210.77,0.04,309.4,0.97,194.77,0.96,309.4,0.98,985.84,0.99,5118.88,0.01,0.01,2332.623955,1776185873000
1776185874.889,174.889,0.02,684.11,0.01,5582.41,0.03,188.02,0.04,309.4,0.97,210.77,0.96,309.4,0.98,984.81,0.99,5465.41,0.01,0.01,2332.623955,1776185873000
1776185875.209,175.209,0.02,684.11,0.01,2614.17,0.03,154.68,0.04,309.4,0.97,188.02,0.96,309.4,0.98,684.11,0.99,5582.41,0.01,0.01,2332.623955,1776185873000
1776185875.547,175.547,0.02,684.11,0.01,2614.17,0.03,154.68,0.04,309.4,0.97,154.68,0.96,309.4,0.98,684.11,0.99,2614.17,0.01,0.01,2333.016645,1776185874000
1776185875.979,175.979,0.02,684.11,0.01,2614.17,0.03,154.68,0.04,309.4,0.97,154.68,0.96,309.4,0.98,684.11,0.99,2614.17,0.01,0.01,2333.016645,1776185875000
1776185876.251,176.251,0.02,654.11,0.01,2971.7,0.03,154.68,0.04,309.4,0.97,154.68,0.96,309.4,0.98,684.11,0.99,2614.17,0.01,0.01,2333.016645,1776185875000
1776185877.135,177.135,0.02,654.11,0.01,2971.7,0.03,154.68,0.04,309.4,0.97,154.68,0.96,309.4,0.98,654.11,0.99,2971.7,0.01,0.01,2332.847542,1776185876000
1776185877.644,177.644,0.02,437.88,0.01,2796.17,0.03,192.19,0.04,416.4,0.97,154.68,0.96,309.4,0.98,654.11,0.99,2971.7,0.01,0.01,2332.847542,1776185876000
1776185878.139,178.139,0.02,596.88,0.01,2609.17,0.03,187.19,0.04,416.4,0.97,187.19,0.96,416.4,0.98,596.88,0.99,2609.17,0.01,0.01,2332.858166,1776185877000
1776185878.504,178.504,0.02,594.83,0.01,2966.7,0.03,177.19,0.04,430.4,0.97,187.19,0.96,416.4,0.98,596.88,0.99,2609.17,0.01,0.01,2332.858166,1776185877000
1776185878.739,178.739,0.02,382.59,0.01,3154.7,0.03,177.19,0.04,416.4,0.97,177.19,0.96,430.4,0.98,594.83,0.99,2966.7,0.01,0.01,2332.858166,1776185877000
1776185879.278,179.278,0.02,382.59,0.01,3154.7,0.03,177.19,0.04,416.4,0.97,177.19,0.96,416.4,0.98,382.59,0.99,3154.7,0.01,0.01,2332.843737,1776185878000
1776185879.612,179.612,0.02,561.29,0.01,3161.7,0.03,217.19,0.04,427.7,0.97,177.19,0.96,416.4,0.98,382.59,0.99,3154.7,0.01,0.01,2332.843737,1776185878000
1776185880.258,180.258,0.02,561.29,0.01,3161.7,0.03,217.19,0.04,427.7,0.97,217.19,0.96,427.7,0.98,561.29,0.99,3161.7,0.01,0.01,2332.849523,1776185879000
1776185880.482,180.482,0.02,856.88,0.01,3141.7,0.03,182.19,0.04,322.7,0.97,217.19,0.96,427.7,0.98,561.29,0.99,3161.7,0.01,0.01,2332.849523,1776185879000
1776185881.12,181.12,0.02,978.34,0.01,2938.7,0.03,187.19,0.04,422.7,0.97,182.19,0.96,322.7,0.98,856.88,0.99,3141.7,0.01,0.01,2332.849523,1776185879000
1776185881.62,181.62,0.02,733.34,0.01,3041.7,0.03,175.56,0.04,422.7,0.97,187.19,0.96,422.7,0.98,978.34,0.99,2938.7,0.01,0.01,2332.870978,1776185880000
1776185881.905,181.905,0.02,728.34,0.01,3041.7,0.03,175.56,0.04,422.7,0.97,175.56,0.96,422.7,0.98,728.34,0.99,3041.7,0.01,0.01,2332.879722,1776185881000
1776185882.117,182.117,0.02,861.88,0.01,2514.17,0.03,175.56,0.04,422.7,0.97,175.56,0.96,422.7,0.98,728.34,0.99,3041.7,0.01,0.01,2332.879722,1776185881000
1776185882.859,182.859,0.02,962.88,0.01,2862.7,0.04,214.62,0.05,100.61,0.97,175.56,0.96,422.7,0.98,861.88,0.99,2514.17,0.02,0.01,2332.879722,1776185881000
1776185883.475,183.475,0.03,5.0,0.02,862.88,0.04,229.81,0.05,100.61,0.96,214.62,0.95,100.61,0.98,962.88,0.99,2862.7,0.01,0.02,2332.84128,1776185882000
1776185884.117,184.117,0.02,806.55,0.01,2907.16,0.04,239.81,0.05,105.61,0.96,239.81,0.95,105.61,0.98,806.55,0.99,2907.16,0.02,0.02,2332.755795,1776185883000
1776185885.037,185.037,0.02,806.55,0.01,2907.16,0.04,239.81,0.05,105.61,0.96,239.81,0.95,105.61,0.98,806.55,0.99,2907.16,0.02,0.02,2332.83575,1776185884000
1776185885.892,185.892,0.02,700.85,0.01,3018.16,0.03,257.49,0.04,231.62,0.97,262.4,0.96,225.62,0.98,573.55,0.99,3250.16,0.01,0.01,2332.83575,1776185884000
1776185887.168,187.168,0.02,700.85,0.01,3018.16,0.03,257.49,0.04,231.62,0.97,257.49,0.96,231.62,0.98,700.85,0.99,3018.16,0.01,0.01,2332.753452,1776185886000
1776185887.723,187.723,0.02,117.45,0.01,3277.63,0.03,133.79,0.04,309.32,0.97,257.49,0.96,231.62,0.98,700.85,0.99,3018.16,0.01,0.01,2332.753452,1776185886000
1776185888.574,188.574,0.02,328.36,0.01,3079.63,0.03,133.79,0.04,327.32,0.97,133.79,0.96,327.32,0.98,328.36,0.99,3079.63,0.01,0.01,2332.759237,1776185887000
1776185889.129,189.129,0.02,328.36,0.01,3079.63,0.03,133.79,0.04,327.32,0.97,133.79,0.96,327.32,0.98,328.36,0.99,3079.63,0.01,0.01,2332.757951,1776185888000
1776185889.596,189.596,0.02,512.36,0.01,2752.06,0.03,128.79,0.04,304.32,0.97,133.79,0.96,327.32,0.98,328.36,0.99,3079.63,0.01,0.01,2332.757951,1776185888000
1776185890.329,190.329,0.02,512.36,0.01,2752.06,0.03,128.79,0.04,304.32,0.97,128.79,0.96,304.32,0.98,512.36,0.99,2752.06,0.01,0.01,2332.72909,1776185889000
1776185891.369,191.369,0.02,512.36,0.01,2752.06,0.03,128.79,0.04,304.32,0.97,128.79,0.96,304.32,0.98,512.36,0.99,2752.06,0.01,0.01,2332.840073,1776185890000
1776185891.611,191.611,0.02,123.36,0.01,2591.6,0.03,133.79,0.04,15.0,0.97,128.79,0.96,304.32,0.98,512.36,0.99,2752.06,0.01,0.01,2332.840073,1776185890000
1776185892.336,192.336,0.02,123.36,0.01,2591.6,0.03,133.79,0.04,15.0,0.97,133.79,0.96,15.0,0.98,123.36,0.99,2591.6,0.01,0.01,2333.054932,1776185891000
1776185893.032,193.032,0.02,123.36,0.01,2591.6,0.03,133.79,0.04,15.0,0.97,133.79,0.96,15.0,0.98,123.36,0.99,2591.6,0.01,0.01,2333.30222,1776185892000
1776185893.686,193.686,0.02,553.59,0.01,2311.6,0.03,128.79,0.05,136.55,0.97,133.79,0.96,15.0,0.98,123.36,0.99,2591.6,0.01,0.01,2333.30222,1776185892000
1776185894.067,194.067,0.03,0.08,0.02,429.06,0.05,136.55,0.06,78.8,0.95,136.55,0.94,78.8,0.97,0.08,0.98,429.06,0.02,0.02,2333.3848,1776185893000
1776185894.804,194.804,0.03,189.08,0.02,245.36,0.04,20.3,0.05,148.55,0.95,136.55,0.94,78.8,0.97,0.08,0.98,429.06,0.01,0.02,2333.3848,1776185893000
1776185895.232,195.232,0.03,189.08,0.02,245.36,0.04,20.3,0.05,148.55,0.96,20.3,0.95,148.55,0.97,189.08,0.98,245.36,0.01,0.01,2333.532061,1776185894000
1776185895.583,195.583,0.03,143.79,0.02,245.36,0.04,54.77,0.05,136.55,0.96,10.3,0.95,148.55,0.97,192.08,0.98,245.36,0.01,0.01,2333.532061,1776185894000
1776185896.277,196.277,0.03,71.3,0.02,250.36,0.04,74.47,0.05,222.35,0.96,54.77,0.95,136.55,0.97,143.79,0.98,245.36,0.01,0.01,2333.532061,1776185894000
1776185897.206,197.206,0.03,64.3,0.02,350.36,0.04,59.77,0.05,141.55,0.96,74.47,0.95,222.35,0.97,71.3,0.98,250.36,0.01,0.01,2333.754149,1776185895000
1776185898.028,198.028,0.03,64.3,0.02,350.36,0.04,59.77,0.05,141.55,0.96,59.77,0.95,141.55,0.97,64.3,0.98,350.36,0.01,0.01,2333.757252,1776185897000
1776185898.788,198.788,0.03,128.21,0.02,250.36,0.04,141.78,0.05,222.35,0.96,59.77,0.95,141.55,0.97,64.3,0.98,350.36,0.01,0.01,2333.757252,1776185897000
1776185899.187,199.187,0.03,128.21,0.02,250.36,0.04,141.78,0.05,222.35,0.96,141.78,0.95,222.35,0.97,128.21,0.98,250.36,0.01,0.01,2333.824043,1776185898000
1776185900.338,200.338,0.03,128.21,0.02,250.36,0.04,141.78,0.05,222.35,0.96,141.78,0.95,222.35,0.97,128.21,0.98,250.36,0.01,0.01,2333.923447,1776185899000
1776185900.782,200.782,0.03,239.08,0.02,22.36,0.04,82.31,0.05,20.0,0.96,141.78,0.95,222.35,0.97,128.21,0.98,250.36,0.01,0.01,2333.923447,1776185899000
1776185901.366,201.366,0.03,243.08,0.02,22.36,0.04,92.61,0.05,20.0,0.96,82.31,0.95,20.0,0.97,239.08,0.98,22.36,0.01,0.01,2333.923447,1776185899000
1776185901.993,201.993,0.03,237.04,0.02,28.36,0.04,92.61,0.05,20.0,0.96,92.61,0.95,20.0,0.97,243.08,0.98,22.36,0.01,0.01,2333.922839,1776185900000
1776185903.023,203.023,0.03,239.53,0.02,292.06,0.04,82.31,0.05,20.0,0.96,92.61,0.95,20.0,0.97,237.04,0.98,28.36,0.01,0.01,2334.240029,1776185901000
1776185903.595,203.595,0.03,214.53,0.02,292.06,0.04,82.31,0.05,20.0,0.96,82.31,0.95,20.0,0.97,214.53,0.98,292.06,0.01,0.01,2334.501618,1776185902000
1776185904.08,204.08,0.03,142.53,0.02,292.06,0.04,97.61,0.05,25.0,0.96,97.61,0.95,25.0,0.97,142.53,0.98,292.06,0.01,0.01,2334.571355,1776185903000
1776185904.303,204.303,0.03,137.53,0.02,287.06,0.04,101.65,0.05,25.0,0.96,97.61,0.95,25.0,0.97,142.53,0.98,292.06,0.01,0.01,2334.571355,1776185903000
1776185905.053,205.053,0.03,137.53,0.02,287.06,0.04,101.65,0.05,25.0,0.96,101.65,0.95,25.0,0.97,137.53,0.98,287.06,0.01,0.01,2334.746205,1776185904000
1776185906.023,206.023,0.03,137.53,0.02,287.06,0.04,101.65,0.05,25.0,0.96,101.65,0.95,25.0,0.97,137.53,0.98,287.06,0.01,0.01,2334.731704,1776185905000
1776185907.464,207.464,0.03,137.53,0.02,287.06,0.04,101.65,0.05,25.0,0.96,101.65,0.95,25.0,0.97,137.53,0.98,287.06,0.01,0.01,2334.73779,1776185906000
1776185907.99,207.99,0.03,137.53,0.02,287.06,0.04,101.65,0.05,25.0,0.96,101.65,0.95,25.0,0.97,137.53,0.98,287.06,0.01,0.01,2334.74155,1776185907000
1776185909.146,209.146,0.03,137.53,0.02,287.06,0.04,101.65,0.05,25.0,0.96,101.65,0.95,25.0,0.97,137.53,0.98,287.06,0.01,0.01,2334.794827,1776185908000
1776185910.36,210.36,0.03,137.53,0.02,287.06,0.04,101.65,0.05,25.0,0.96,101.65,0.95,25.0,0.97,137.53,0.98,287.06,0.01,0.01,2334.737675,1776185909000
1776185911.344,211.344,0.02,530.36,0.01,2224.6,0.04,135.65,0.05,137.0,0.96,135.65,0.95,137.0,0.98,530.36,0.99,2224.6,0.02,0.02,2334.7031,1776185910000
1776185911.962,211.962,0.02,528.31,0.01,2224.6,0.04,145.65,0.05,137.0,0.97,10.0,0.96,145.65,0.98,528.31,0.99,2224.6,0.02,0.01,2334.68135,1776185911000
1776185912.601,212.601,0.02,669.24,0.01,2224.6,0.03,135.0,0.04,260.35,0.97,10.0,0.96,145.65,0.98,528.31,0.99,2224.6,0.01,0.01,2334.68135,1776185911000
1776185913.042,213.042,0.02,669.24,0.01,2224.6,0.03,135.0,0.04,260.35,0.97,135.0,0.96,260.35,0.98,669.24,0.99,2224.6,0.01,0.01,2334.61435,1776185912000
1776185913.525,213.525,0.02,620.23,0.01,2224.6,0.03,122.5,0.04,245.35,0.97,135.0,0.96,260.35,0.98,669.24,0.99,2224.6,0.01,0.01,2334.61435,1776185912000
1776185914.43,214.43,0.02,535.02,0.01,2224.6,0.03,209.03,0.04,245.35,0.97,209.03,0.96,245.35,0.98,535.02,0.99,2224.6,0.01,0.01,2334.711712,1776185913000
1776185914.809,214.809,0.02,612.35,0.01,2688.13,0.03,199.03,0.04,250.35,0.97,209.03,0.96,245.35,0.98,535.02,0.99,2224.6,0.01,0.01,2334.711712,1776185913000
1776185915.011,215.011,0.02,612.35,0.01,2688.13,0.03,199.03,0.04,250.35,0.97,199.03,0.96,250.35,0.98,612.35,0.99,2688.13,0.01,0.01,2334.711712,1776185914000
1776185916.109,216.109,0.02,500.35,0.01,3855.6,0.03,204.03,0.04,459.05,0.97,199.03,0.96,250.35,0.98,612.35,0.99,2688.13,0.01,0.01,2334.711712,1776185914000
1776185916.697,216.697,0.02,490.35,0.01,2341.6,0.03,204.03,0.04,464.05,0.97,204.03,0.96,459.05,0.98,500.35,0.99,3855.6,0.01,0.01,2334.711647,1776185915000
1776185917.168,217.168,0.02,475.35,0.01,2341.6,0.03,204.03,0.04,464.05,0.97,204.03,0.96,464.05,0.98,490.35,0.99,2341.6,0.01,0.01,2334.711647,1776185915000
1776185917.964,217.964,0.02,475.35,0.01,2341.6,0.03,204.03,0.04,464.05,0.97,204.03,0.96,464.05,0.98,475.35,0.99,2341.6,0.01,0.01,2334.671784,1776185916000
1776185918.563,218.563,0.02,475.35,0.01,2341.6,0.03,204.03,0.04,464.05,0.97,204.03,0.96,464.05,0.98,475.35,0.99,2341.6,0.01,0.01,2334.640643,1776185917000
1776185919.031,219.031,0.02,98.56,0.01,3864.61,0.03,260.03,0.04,437.05,0.97,229.03,0.96,454.05,0.98,943.91,0.99,4928.6,0.01,0.01,2334.640643,1776185917000
1776185919.312,219.312,0.02,69.28,0.01,3528.01,0.03,255.03,0.04,437.05,0.97,255.03,0.96,437.05,0.98,62.22,0.99,3891.61,0.01,0.01,2334.641327,1776185918000
1776185919.682,219.682,0.02,687.76,0.01,13989.0,0.03,388.73,0.04,437.05,0.97,255.03,0.96,437.05,0.98,69.28,0.99,3528.01,0.01,0.01,2334.641327,1776185918000
1776185921.067,221.067,0.02,677.65,0.01,13989.0,0.03,388.73,0.04,437.05,0.97,388.73,0.96,437.05,0.98,677.65,0.99,13989.0,0.01,0.01,2334.673775,1776185920000
1776185921.848,221.848,0.01,1261.0,,,0.02,132.0,0.03,629.73,0.97,388.73,0.96,437.05,0.98,677.65,0.99,13989.0,0.01,0.01,2334.673775,1776185920000
1776185922.12,222.12,0.01,1241.0,,,0.02,244.0,0.03,594.73,0.98,132.0,0.97,629.73,0.99,1261.0,,,0.01,0.01,2334.673775,1776185920000
1776185922.82,222.82,0.01,1239.0,,,0.02,244.0,0.03,594.73,0.98,244.0,0.97,594.73,0.99,1239.0,,,0.01,0.01,2334.287585,1776185921000
1776185923.158,223.158,0.01,6439.93,,,0.02,337.7,0.03,469.73,0.98,332.7,0.97,469.73,0.99,1197.98,,,0.01,0.01,2334.287585,1776185921000
1776185923.404,223.404,0.01,6439.93,,,0.02,337.7,0.03,469.73,0.98,337.7,0.97,469.73,0.99,6439.93,,,0.01,0.01,2334.087576,1776185922000
1776185924.215,224.215,0.01,10897.17,,,0.02,287.7,0.03,469.73,0.98,337.7,0.97,469.73,0.99,1197.91,,,0.01,0.01,2334.087576,1776185922000
1776185924.493,224.493,0.01,1667.17,,,0.02,287.7,0.03,464.73,0.98,287.7,0.97,469.73,0.99,10897.17,,,0.01,0.01,2333.4333,1776185923000
1776185924.696,224.696,0.01,2284.83,,,0.02,282.78,0.03,487.73,0.98,282.78,0.97,487.73,0.99,1941.15,,,0.01,0.01,2333.4333,1776185923000
1776185925.304,225.304,0.01,7729.46,,,0.02,282.78,0.03,487.73,0.98,282.78,0.97,487.73,0.99,2284.83,,,0.01,0.01,2333.4333,1776185923000
1776185925.612,225.612,0.01,1082.08,,,0.02,204.78,0.03,464.73,0.98,282.78,0.97,487.73,0.99,7729.46,,,0.01,0.01,2333.236531,1776185924000
1776185926.138,226.138,0.01,1027.08,,,0.02,204.78,0.03,464.73,0.98,204.78,0.97,464.73,0.99,1027.08,,,0.01,0.01,2333.27325,1776185925000
1776185926.385,226.385,0.01,927.08,,,0.02,204.78,0.03,464.73,0.98,204.78,0.97,464.73,0.99,1027.08,,,0.01,0.01,2333.27325,1776185925000
1776185927.247,227.247,0.01,1218.42,,,0.02,309.88,0.03,584.73,0.98,209.78,0.97,464.73,0.99,902.08,,,0.01,0.01,2333.27325,1776185925000
1776185927.484,227.484,0.01,777.8,,,0.02,541.88,0.03,432.73,0.98,309.88,0.97,584.73,0.99,1218.42,,,0.01,0.01,2333.49845,1776185926000
1776185927.831,227.831,0.01,512.8,,,0.02,531.88,0.03,427.73,0.98,531.88,0.97,432.73,0.99,711.8,,,0.01,0.01,2333.49845,1776185926000
1776185928.145,228.145,0.01,361.28,,,0.02,607.63,0.03,432.73,0.98,607.63,0.97,432.73,0.99,361.28,,,0.01,0.01,2333.471795,1776185927000
1776185928.408,228.408,0.01,3.98,,,0.02,507.63,0.03,272.73,0.98,502.63,0.97,272.73,0.99,9.28,,,0.01,0.01,2333.471795,1776185927000
1776185929.392,229.392,,,,,0.02,502.63,0.03,272.73,0.98,502.63,0.97,272.73,,,,,,,2333.294142,1776185928000
1776185929.615,229.615,,,,,0.01,301.0,0.02,502.63,0.98,502.63,0.97,272.73,,,,,,,2333.294142,1776185928000
1776185930.018,230.018,,,,,0.01,351.8,0.02,502.63,0.99,301.0,0.98,502.63,,,,,,,2333.294142,1776185928000
1776185930.778,230.778,,,,,0.01,351.8,0.02,502.63,0.99,351.8,0.98,502.63,,,,,,,2332.82335,1776185929000
1776185931.515,231.515,,,,,0.01,351.8,0.02,502.63,0.99,351.8,0.98,502.63,,,,,,,2332.882562,1776185930000
1776185932.261,232.261,,,,,0.01,351.8,0.02,502.63,0.99,351.8,0.98,502.63,,,,,,,2332.965794,1776185931000
1776185933.589,233.589,,,,,0.01,351.8,0.02,502.63,0.99,351.8,0.98,502.63,,,,,,,2332.896601,1776185932000
1776185934.329,234.329,,,,,0.01,351.8,0.02,502.63,0.99,351.8,0.98,502.63,,,,,,,2332.300945,1776185933000
1776185934.834,234.834,,,,,0.01,1782.64,0.02,499.9,0.99,351.8,0.98,502.63,,,,,,,2332.300945,1776185933000
1776185935.884,235.884,,,,,0.01,1782.64,0.02,499.9,0.99,1782.64,0.98,499.9,,,,,,,2331.596592,1776185934000
1776185936.421,236.421,,,,,0.01,1782.64,0.02,499.9,0.99,1782.64,0.98,499.9,,,,,,,2331.1804,1776185935000
1776185937.001,237.001,,,,,0.01,1782.64,0.02,499.9,0.99,1782.64,0.98,499.9,,,,,,,2331.042145,1776185936000
1776185937.697,237.697,,,,,0.01,17746.01,0.02,392.53,0.99,1782.64,0.98,499.9,,,,,,,2331.042145,1776185936000
1776185938.012,238.012,,,,,0.01,17746.01,0.02,392.53,0.99,17746.01,0.98,392.53,,,,,,,2331.036194,1776185937000
1776185939.109,239.109,,,,,0.01,17746.01,0.02,392.53,0.99,17746.01,0.98,392.53,,,,,,,2330.83638,1776185938000
1776185940.152,240.152,,,,,0.01,17746.01,0.02,392.53,0.99,17746.01,0.98,392.53,,,,,,,2330.722499,1776185939000
1776185941.301,241.301,,,,,0.01,17746.01,0.02,392.53,0.99,17746.01,0.98,392.53,,,,,,,2331.006087,1776185940000
1776185942.332,242.332,,,,,0.01,17746.01,0.02,392.53,0.99,17746.01,0.98,392.53,,,,,,,2331.156631,1776185941000
1776185943.348,243.348,,,,,0.01,17746.01,0.02,392.53,0.99,17746.01,0.98,392.53,,,,,,,2331.29135,1776185942000
1776185943.896,243.896,,,,,0.01,17746.01,0.02,392.53,0.99,17746.01,0.98,392.53,,,,,,,2331.38618,1776185943000
1776185945.009,245.009,,,,,0.01,17746.01,0.02,392.53,0.99,17746.01,0.98,392.53,,,,,,,2331.109805,1776185944000
1776185946.017,246.017,,,,,0.01,18524.56,0.02,392.53,0.99,17746.01,0.98,392.53,,,,,,,2331.109805,1776185944000
1776185947.101,247.101,,,,,0.01,18524.56,0.02,392.53,0.99,18524.56,0.98,392.53,,,,,,,2331.330489,1776185946000
1776185948.129,248.129,,,,,0.01,18524.56,0.02,392.53,0.99,18524.56,0.98,392.53,,,,,,,2331.411025,1776185947000
1776185949.843,249.843,,,,,0.01,18524.56,0.02,392.53,0.99,18524.56,0.98,392.53,,,,,,,2331.346867,1776185948000
1776185950.42,250.42,,,,,0.01,18524.56,0.02,392.53,0.99,18524.56,0.98,392.53,,,,,,,2331.337032,1776185949000
1776185950.925,250.925,,,,,0.01,18524.56,0.02,392.53,0.99,18524.56,0.98,392.53,,,,,,,2331.328878,1776185950000
1776185952.153,252.153,,,,,0.01,18524.56,0.02,392.53,0.99,18524.56,0.98,392.53,,,,,,,2331.345085,1776185951000
1776185953.345,253.345,,,,,0.01,18524.56,0.02,392.53,0.99,18524.56,0.98,392.53,,,,,,,2331.302375,1776185952000
1776185954.353,254.353,,,,,0.01,18524.56,0.02,392.53,0.99,18524.56,0.98,392.53,,,,,,,2331.144858,1776185953000
1776185954.887,254.887,,,,,0.01,18524.56,0.02,392.53,0.99,18524.56,0.98,392.53,,,,,,,2331.009,1776185954000
1776185956.1,256.1,,,,,0.01,18524.56,0.02,392.53,0.99,18524.56,0.98,392.53,,,,,,,2330.962399,1776185955000
1776185957.516,257.516,,,,,0.01,18524.56,0.02,392.53,0.99,18524.56,0.98,392.53,,,,,,,2330.930318,1776185956000
1776185958.107,258.107,,,,,0.01,18524.56,0.02,392.53,0.99,18524.56,0.98,392.53,,,,,,,2330.890678,1776185957000
1776185959.165,259.165,,,,,0.01,18524.56,0.02,392.53,0.99,18524.56,0.98,392.53,,,,,,,2330.880565,1776185958000
1776185960.368,260.368,,,,,0.01,18524.56,0.02,392.53,0.99,18524.56,0.98,392.53,,,,,,,2331.086266,1776185959000
1776185961.115,261.115,,,,,0.01,18524.56,0.02,392.53,0.99,18524.56,0.98,392.53,,,,,,,2331.11657,1776185960000
1776185962.248,262.248,,,,,0.01,18524.56,0.02,392.53,0.99,18524.56,0.98,392.53,,,,,,,2331.18689,1776185961000
1776185963.69,263.69,,,,,0.01,18524.56,0.02,392.53,0.99,18524.56,0.98,392.53,,,,,,,2331.95678,1776185962000
1776185964.291,264.291,,,,,0.01,18524.56,0.02,392.53,0.99,18524.56,0.98,392.53,,,,,,,2332.36478,1776185963000
1776185965.373,265.373,,,,,0.01,18524.56,0.02,392.53,0.99,18524.56,0.98,392.53,,,,,,,2332.635776,1776185964000
1776185965.875,265.875,,,,,0.01,18524.56,0.02,392.53,0.99,18524.56,0.98,392.53,,,,,,,2332.889994,1776185965000
1776185966.942,266.942,,,,,0.01,18524.56,0.02,392.53,0.99,18524.56,0.98,392.53,,,,,,,2332.81173,1776185966000
1776185968.048,268.048,,,,,0.01,18524.56,0.02,392.53,0.99,18524.56,0.98,392.53,,,,,,,2332.397314,1776185967000
1776185969.185,269.185,,,,,0.01,18524.56,0.02,392.53,0.99,18524.56,0.98,392.53,,,,,,,2332.505361,1776185968000
1776185970.321,270.321,,,,,0.01,18524.56,0.02,392.53,0.99,18524.56,0.98,392.53,,,,,,,2332.594049,1776185969000
1776185970.809,270.809,,,,,0.01,18524.56,0.02,392.53,0.99,18524.56,0.98,392.53,,,,,,,2332.602139,1776185970000
1776185972.015,272.015,,,,,0.01,18524.56,0.02,392.53,0.99,18524.56,0.98,392.53,,,,,,,2332.788116,1776185971000
1776185972.402,272.402,,,,,0.01,19759.35,0.02,316.78,0.99,18524.56,0.98,392.53,,,,,,,2332.788116,1776185971000
1776185973.125,273.125,,,,,0.01,19759.35,0.02,316.78,0.99,19759.35,0.98,316.78,,,,,,,2333.217835,1776185972000
1776185974.238,274.238,,,,,0.01,19759.35,0.02,316.78,0.99,19759.35,0.98,316.78,,,,,,,2333.38455,1776185973000
1776185975.394,275.394,,,,,0.01,19759.35,0.02,316.78,0.99,19759.35,0.98,316.78,,,,,,,2333.135867,1776185974000
1776185976.404,276.404,,,,,0.01,19759.35,0.02,316.78,0.99,19759.35,0.98,316.78,,,,,,,2332.679912,1776185975000
1776185976.943,276.943,,,,,0.01,19759.35,0.02,316.78,0.99,19759.35,0.98,316.78,,,,,,,2332.568049,1776185976000
1776185978.017,278.017,,,,,0.01,19759.35,0.02,316.78,0.99,19759.35,0.98,316.78,,,,,,,2332.278751,1776185977000
1776185979.566,279.566,,,,,0.01,19759.35,0.02,316.78,0.99,19759.35,0.98,316.78,,,,,,,2332.303491,1776185978000
1776185980.113,280.113,,,,,0.01,19759.35,0.02,316.78,0.99,19759.35,0.98,316.78,,,,,,,2332.34149,1776185979000
1776185981.082,281.082,,,,,0.01,19759.35,0.02,316.78,0.99,19759.35,0.98,316.78,,,,,,,2332.400365,1776185980000
1776185981.689,281.689,,,,,0.01,20132.8,0.02,164.0,0.99,19759.35,0.98,316.78,,,,,,,2332.400365,1776185980000
1776185982.225,282.225,,,,,0.01,20132.8,0.02,164.0,0.99,20132.8,0.98,164.0,,,,,,,2332.52522,1776185981000
1776185983.295,283.295,,,,,0.01,20132.8,0.02,164.0,0.99,20132.8,0.98,164.0,,,,,,,2333.103199,1776185982000
1776185984.384,284.384,,,,,0.01,20132.8,0.02,164.0,0.99,20132.8,0.98,164.0,,,,,,,2333.096642,1776185983000
1776185984.9,284.9,,,,,0.01,20132.8,0.02,164.0,0.99,20132.8,0.98,164.0,,,,,,,2332.99629,1776185984000
1776185985.973,285.973,,,,,0.01,20132.8,0.02,164.0,0.99,20132.8,0.98,164.0,,,,,,,2332.892797,1776185985000
1776185986.952,286.952,,,,,0.01,20132.8,0.02,164.0,0.99,20132.8,0.98,164.0,,,,,,,2332.925798,1776185986000
1776185988.148,288.148,,,,,0.01,20132.8,0.02,164.0,0.99,20132.8,0.98,164.0,,,,,,,2333.018981,1776185987000
1776185989.204,289.204,,,,,0.01,20132.8,0.02,164.0,0.99,20132.8,0.98,164.0,,,,,,,2332.971104,1776185988000
1776185990.243,290.243,,,,,0.01,20132.8,0.02,164.0,0.99,20132.8,0.98,164.0,,,,,,,2333.133488,1776185989000
1776185991.241,291.241,,,,,0.01,20132.8,0.02,164.0,0.99,20132.8,0.98,164.0,,,,,,,2333.312638,1776185990000
1776185992.259,292.259,,,,,0.01,20132.8,0.02,164.0,0.99,20132.8,0.98,164.0,,,,,,,2333.36293,1776185991000
1776185993.286,293.286,,,,,0.01,20132.8,0.02,164.0,0.99,20132.8,0.98,164.0,,,,,,,2334.024229,1776185992000
1776185994.479,294.479,,,,,0.01,20132.8,0.02,164.0,0.99,20132.8,0.98,164.0,,,,,,,2334.61232,1776185993000
1776185994.921,294.921,,,,,0.01,20132.8,0.02,164.0,0.99,20132.8,0.98,164.0,,,,,,,2334.6027,1776185994000
1776185995.991,295.991,,,,,0.01,20132.8,0.02,164.0,0.99,20132.8,0.98,164.0,,,,,,,2334.60295,1776185995000
1776185997.084,297.084,,,,,0.01,20132.8,0.02,164.0,0.99,20132.8,0.98,164.0,,,,,,,2334.6081,1776185996000
1776185997.303,297.303,,,,,0.01,21930.33,0.02,54.0,0.99,21930.33,0.98,54.0,,,,,,,2334.6081,1776185996000
1776185998.154,298.154,,,,,0.01,21930.33,0.02,54.0,0.99,21930.33,0.98,54.0,,,,,,,2334.60345,1776185997000
1776185999.114,299.114,,,,,0.01,21930.33,0.02,54.0,0.99,21930.33,0.98,54.0,,,,,,,2335.20693,1776185998000
1776186000.238,300.238,,,,,0.01,21930.33,0.02,54.0,0.99,21930.33,0.98,54.0,,,,,,,2335.243727,1776185999000

# RESULT,winner=Down,slug=eth-updown-5m-1776185700,ticks=518
