timestamp,elapsed_sec,up_bid_p1,up_bid_s1,up_bid_p2,up_bid_s2,up_ask_p1,up_ask_s1,up_ask_p2,up_ask_s2,down_bid_p1,down_bid_s1,down_bid_p2,down_bid_s2,down_ask_p1,down_ask_s1,down_ask_p2,down_ask_s2,up_spread,down_spread,eth_price,eth_oracle_ts
1776339000.508,0.508,0.52,4.35,0.5,5.0,0.53,6.03,0.54,70.0,0.47,1.03,0.46,85.0,0.48,9.35,0.5,5.0,0.01,0.01,2332.904245,1776338999000
1776339000.734,0.734,0.52,9.35,0.51,140.0,0.6,108.0,0.61,104.0,0.47,6.03,0.46,70.0,0.48,4.35,0.5,5.0,0.08,0.01,2332.904245,1776338999000
1776339001.375,1.375,0.55,10.55,0.53,5.0,0.56,50.0,0.57,14.0,0.4,108.0,0.39,104.0,0.48,9.35,0.49,140.0,0.01,0.08,2332.63723,1776339000000
1776339001.879,1.879,0.55,0.55,0.53,5.0,0.56,47.66,0.57,19.0,0.44,42.66,0.43,19.0,0.45,5.0,0.47,5.0,0.01,0.01,2332.63723,1776339000000
1776339002.813,2.813,0.55,0.55,0.53,5.0,0.56,11.26,0.57,5.0,0.39,55.93,0.38,75.0,0.45,0.55,0.47,5.0,0.01,0.06,2332.633605,1776339001000
1776339003.078,3.078,0.53,10.5,0.52,11.0,0.56,11.0,0.57,5.0,0.44,11.0,0.43,5.0,0.47,0.5,0.49,145.0,0.03,0.03,2332.633605,1776339001000
1776339003.326,3.326,0.55,75.0,0.54,79.0,0.56,5.0,0.57,15.0,0.43,5.0,0.42,5.0,0.46,64.0,0.47,75.5,0.01,0.03,2332.813955,1776339002000
1776339004.632,4.632,0.55,155.0,0.54,96.0,0.56,13.39,0.57,15.0,0.44,5.0,0.43,15.0,0.45,75.0,0.46,79.0,0.01,0.01,2332.811205,1776339003000
1776339004.834,4.834,0.55,143.55,0.54,96.0,0.56,13.39,0.57,15.0,0.44,13.39,0.43,15.0,0.45,155.0,0.46,96.0,0.01,0.01,2332.811205,1776339003000
1776339005.085,5.085,0.55,158.55,0.54,96.0,0.56,11.31,0.57,15.0,0.44,13.39,0.43,15.0,0.45,143.55,0.46,96.0,0.01,0.01,2332.811205,1776339003000
1776339005.37,5.37,0.55,171.43,0.54,103.0,0.56,11.31,0.57,5.0,0.44,11.31,0.43,15.0,0.45,158.55,0.46,96.0,0.01,0.01,2332.815965,1776339004000
1776339005.891,5.891,0.55,96.43,0.54,91.0,0.56,1.31,0.57,5.0,0.44,6.31,0.43,5.0,0.45,96.43,0.46,91.0,0.01,0.01,2332.815965,1776339004000
1776339007.484,7.484,0.54,59.0,0.53,17.0,0.55,15.0,0.56,26.31,0.44,1.31,0.43,5.0,0.45,96.43,0.46,91.0,0.01,0.01,2332.854305,1776339006000
1776339007.901,7.901,0.54,34.0,0.53,17.0,0.55,18.18,0.56,21.31,0.45,13.18,0.44,21.31,0.46,54.0,0.47,17.0,0.01,0.01,2332.854305,1776339006000
1776339010.303,10.303,0.54,59.5,0.53,97.0,0.56,6.31,0.57,10.0,0.45,18.18,0.44,21.31,0.46,34.0,0.47,17.0,0.02,0.01,2332.76849,1776339008000
1776339013.767,13.767,0.58,140.67,0.57,132.5,0.59,10.0,0.6,30.27,0.43,18.89,0.42,20.5,0.45,20.0,0.46,64.5,0.01,0.02,2332.94384,1776339012000
1776339014.261,14.261,0.58,133.7,0.57,137.5,0.59,10.0,0.6,20.5,0.4,30.27,0.39,15.0,0.41,9.2,0.42,140.67,0.01,0.01,2332.94384,1776339012000
1776339014.998,14.998,0.58,131.31,0.57,137.5,0.59,5.0,0.6,20.5,0.41,15.0,0.4,20.5,0.42,131.31,0.43,137.5,0.01,0.01,2332.932513,1776339014000
1776339015.796,15.796,0.59,81.5,0.58,141.31,0.61,17.0,0.63,17.5,0.41,5.0,0.4,20.5,0.42,131.31,0.43,137.5,0.02,0.01,2332.932513,1776339014000
1776339016.027,16.027,0.63,38.68,0.62,85.0,0.64,5.5,0.65,18.0,0.39,17.0,0.37,17.5,0.41,81.5,0.42,141.31,0.01,0.02,2333.05075,1776339015000
1776339016.988,16.988,0.66,10.0,0.65,69.0,0.67,31.25,0.68,11.76,0.35,25.47,0.34,32.5,0.37,76.88,0.38,102.0,0.01,0.02,2332.942698,1776339016000
1776339017.2,17.2,0.66,84.0,0.65,30.0,0.67,10.7,0.68,11.76,0.33,21.15,0.32,11.76,0.34,69.0,0.35,10.0,0.01,0.01,2332.942698,1776339016000
1776339017.592,17.592,0.66,114.2,0.65,30.0,0.67,10.7,0.68,11.76,0.33,10.7,0.32,11.76,0.34,84.0,0.35,30.0,0.01,0.01,2332.942698,1776339016000
1776339017.809,17.809,0.67,10.0,0.66,124.7,0.7,18.0,0.71,10.0,0.33,0.6,0.32,11.76,0.34,143.9,0.35,40.5,0.03,0.01,2332.942698,1776339016000
1776339018.066,18.066,0.68,234.0,0.67,44.2,0.7,10.18,0.71,10.0,0.3,17.32,0.29,10.0,0.32,139.0,0.33,10.0,0.02,0.02,2332.942698,1776339016000
1776339019.416,19.416,0.69,97.99,0.68,197.5,0.7,16.17,0.71,29.61,0.3,8.6,0.29,10.0,0.32,239.0,0.33,25.0,0.01,0.02,2333.340989,1776339018000
1776339019.638,19.638,0.69,102.99,0.68,197.5,0.7,12.4,0.71,29.61,0.3,16.17,0.29,29.61,0.31,97.99,0.32,197.5,0.01,0.01,2333.340989,1776339018000
1776339021.198,21.198,0.64,5.0,0.63,20.5,0.66,111.5,0.67,31.5,0.3,12.4,0.29,29.61,0.31,102.99,0.32,197.5,0.02,0.01,2333.53808,1776339019000
1776339021.598,21.598,0.63,17.36,0.62,102.5,0.64,11.87,0.65,45.5,0.35,25.5,0.34,111.5,0.37,17.36,0.38,90.5,0.01,0.02,2333.508402,1776339020000
1776339021.845,21.845,0.63,14.65,0.62,102.5,0.64,14.56,0.65,45.5,0.36,16.87,0.35,45.5,0.37,14.65,0.38,102.5,0.01,0.01,2333.508402,1776339020000
1776339022.146,22.146,0.63,10.0,0.62,102.5,0.64,3.04,0.65,58.5,0.36,4.01,0.35,45.5,0.37,14.65,0.38,102.5,0.01,0.01,2333.508402,1776339020000
1776339022.561,22.561,0.6,7.45,0.58,25.67,0.61,53.5,0.62,44.5,0.36,3.04,0.35,58.5,0.37,10.0,0.38,102.5,0.01,0.01,2333.588275,1776339021000
1776339023.227,23.227,0.58,20.67,0.57,102.0,0.59,20.0,0.6,42.5,0.39,53.5,0.38,44.5,0.4,7.45,0.42,25.67,0.01,0.01,2333.588275,1776339021000
1776339024.599,24.599,0.58,25.67,0.57,247.0,0.61,10.0,0.63,22.0,0.41,20.0,0.4,42.5,0.42,20.67,0.43,102.0,0.03,0.01,2333.219533,1776339023000
1776339025.151,25.151,0.6,224.5,0.59,20.5,0.61,4.82,0.72,10.0,0.39,10.0,0.37,22.0,0.42,25.67,0.43,247.0,0.01,0.03,2333.219533,1776339023000
1776339025.398,25.398,0.73,101.0,0.72,10.0,0.74,2.15,0.76,50.0,0.26,2.25,0.24,50.0,0.27,85.0,0.28,10.0,0.01,0.01,2333.219533,1776339023000
1776339025.646,25.646,0.75,99.5,0.74,15.95,0.76,29.64,0.79,28.0,0.24,45.0,0.21,28.0,0.25,20.0,0.26,74.95,0.01,0.01,2333.10744,1776339024000
1776339026.028,26.028,0.75,35.0,0.74,32.95,0.76,24.64,0.78,30.0,0.24,29.64,0.21,28.0,0.25,99.5,0.26,15.95,0.01,0.01,2333.14194,1776339025000
1776339026.553,26.553,0.74,32.95,0.73,84.5,0.76,164.64,0.77,100.0,0.24,24.64,0.22,30.0,0.25,35.0,0.26,32.95,0.02,0.01,2333.14194,1776339025000
1776339026.866,26.866,0.74,36.45,0.73,96.5,0.75,12.0,0.76,74.64,0.24,164.64,0.23,100.0,0.26,32.95,0.27,84.5,0.01,0.02,2333.14194,1776339025000
1776339027.614,27.614,0.74,0.95,0.73,22.0,0.75,66.5,0.76,150.14,0.25,12.0,0.24,74.64,0.26,36.45,0.27,96.5,0.01,0.01,2333.545992,1776339026000
1776339030.837,30.837,0.73,27.5,0.72,40.5,0.74,10.06,0.75,96.6,0.26,10.0,0.25,97.5,0.27,7.0,0.28,32.5,0.01,0.01,2333.828687,1776339029000
1776339031.039,31.039,0.73,8.98,0.72,40.5,0.74,21.06,0.75,84.6,0.26,10.06,0.25,96.6,0.27,27.5,0.28,40.5,0.01,0.01,2333.828687,1776339029000
1776339031.834,31.834,0.73,18.98,0.72,32.5,0.74,3.7,0.75,95.1,0.26,19.7,0.25,84.6,0.27,8.98,0.28,40.5,0.01,0.01,2333.715538,1776339030000
1776339032.896,32.896,0.73,23.98,0.72,32.5,0.75,81.58,0.76,152.14,0.26,3.7,0.25,95.1,0.27,18.98,0.28,32.5,0.02,0.01,2333.714235,1776339031000
1776339035.562,35.562,0.74,7.53,0.73,126.25,0.75,96.58,0.76,110.14,0.25,81.58,0.24,152.14,0.27,23.98,0.28,32.5,0.01,0.02,2333.85879,1776339034000
1776339037.146,37.146,0.74,50.27,0.73,94.98,0.75,96.58,0.76,110.14,0.25,96.58,0.24,110.14,0.26,7.53,0.27,126.25,0.01,0.01,2333.852915,1776339035000
1776339037.981,37.981,0.74,65.77,0.73,99.98,0.75,95.24,0.76,29.64,0.25,96.58,0.24,110.14,0.26,50.27,0.27,94.98,0.01,0.01,2333.78661,1776339036000
1776339038.386,38.386,0.74,161.77,0.73,58.98,0.76,19.64,0.77,12.0,0.25,95.24,0.24,29.64,0.26,65.77,0.27,99.98,0.02,0.01,2333.78661,1776339036000
1776339038.858,38.858,0.75,141.5,0.74,71.77,0.78,12.0,0.79,52.0,0.24,15.04,0.21,110.0,0.25,26.5,0.26,159.77,0.03,0.01,2333.781385,1776339037000
1776339041.277,41.277,0.78,301.72,0.77,131.5,0.79,111.62,0.8,135.0,0.22,12.0,0.21,52.0,0.25,141.5,0.26,71.77,0.01,0.03,2333.973192,1776339040000
1776339041.534,41.534,0.79,119.47,0.78,195.72,0.8,32.0,0.81,30.8,0.2,132.0,0.19,142.8,0.22,306.72,0.23,131.5,0.01,0.02,2333.973192,1776339040000
1776339042.057,42.057,0.79,21.33,0.78,155.72,0.8,46.46,0.81,99.3,0.2,26.46,0.19,30.8,0.21,135.97,0.22,215.72,0.01,0.01,2333.973192,1776339040000
1776339042.461,42.461,0.79,94.95,0.78,22.0,0.8,101.96,0.81,46.3,0.2,46.46,0.19,99.3,0.21,21.33,0.22,155.72,0.01,0.01,2334.0111,1776339041000
1776339042.706,42.706,0.79,58.95,0.78,22.0,0.8,101.96,0.81,46.3,0.2,96.96,0.19,46.3,0.21,79.95,0.22,22.0,0.01,0.01,2334.0111,1776339041000
1776339043.263,43.263,0.79,108.1,0.78,12.0,0.8,136.96,0.81,123.3,0.2,101.96,0.19,46.3,0.21,58.95,0.22,22.0,0.01,0.01,2334.011319,1776339042000
1776339043.724,43.724,0.75,50.5,0.74,86.14,0.76,14.14,0.77,28.96,0.24,5.55,0.23,7.0,0.26,74.14,0.27,159.0,0.01,0.02,2334.011319,1776339042000
1776339044.215,44.215,0.76,159.05,0.75,20.5,0.77,55.57,0.78,86.5,0.23,28.96,0.22,54.5,0.25,45.5,0.26,86.14,0.01,0.02,2334.011319,1776339042000
1776339044.547,44.547,0.76,159.05,0.75,78.5,0.77,50.57,0.78,144.5,0.23,55.57,0.22,86.5,0.24,159.05,0.25,20.5,0.01,0.01,2334.023345,1776339043000
1776339044.797,44.797,0.76,146.75,0.75,78.5,0.77,61.4,0.78,144.5,0.23,63.98,0.22,144.5,0.24,146.75,0.25,78.5,0.01,0.01,2334.023345,1776339043000
1776339045.294,45.294,0.76,146.75,0.75,78.5,0.77,23.57,0.78,52.5,0.23,28.57,0.22,124.5,0.24,146.75,0.25,78.5,0.01,0.01,2334.023345,1776339043000
1776339045.639,45.639,0.76,146.75,0.75,78.5,0.77,21.08,0.78,115.5,0.23,12.01,0.22,52.5,0.24,146.75,0.25,78.5,0.01,0.01,2333.882345,1776339044000
1776339045.979,45.979,0.76,39.3,0.75,15.0,0.77,18.1,0.78,190.5,0.23,16.08,0.22,115.5,0.24,146.75,0.25,78.5,0.01,0.01,2333.882345,1776339044000
1776339046.398,46.398,0.76,17.6,0.75,10.0,0.77,13.1,0.78,265.5,0.23,13.1,0.22,190.5,0.24,19.6,0.25,10.0,0.01,0.01,2333.878815,1776339045000
1776339046.786,46.786,0.76,17.6,0.75,10.0,0.77,22.1,0.78,265.5,0.23,3.1,0.22,265.5,0.24,17.6,0.25,10.0,0.01,0.01,2333.878815,1776339045000
1776339047.137,47.137,0.76,17.6,0.75,10.0,0.77,5.5,0.78,286.5,0.23,22.1,0.22,265.5,0.24,17.6,0.25,10.0,0.01,0.01,2333.878815,1776339045000
1776339048.162,48.162,0.77,15.0,0.76,24.6,0.78,305.5,0.79,79.2,0.23,5.5,0.22,286.5,0.24,17.6,0.25,10.0,0.01,0.01,2333.718662,1776339047000
1776339049.238,49.238,0.77,20.0,0.76,77.6,0.78,204.0,0.79,128.7,0.22,305.5,0.21,79.2,0.23,15.0,0.24,24.6,0.01,0.01,2333.718662,1776339047000
1776339049.51,49.51,0.77,31.0,0.76,88.1,0.78,139.64,0.79,133.7,0.22,204.0,0.21,128.7,0.23,20.0,0.24,77.6,0.01,0.01,2333.68236,1776339048000
1776339050.404,50.404,0.77,41.5,0.76,93.1,0.78,140.21,0.79,133.7,0.22,139.64,0.21,133.7,0.23,31.0,0.24,88.1,0.01,0.01,2333.684903,1776339049000
1776339051.379,51.379,0.77,130.5,0.76,40.1,0.78,115.53,0.79,133.7,0.22,110.86,0.21,133.7,0.23,41.5,0.24,93.1,0.01,0.01,2333.743702,1776339050000
1776339053.067,53.067,0.77,20.0,0.76,29.6,0.78,101.95,0.79,217.2,0.22,115.53,0.21,133.7,0.23,130.5,0.24,40.1,0.01,0.01,2333.812087,1776339051000
1776339053.35,53.35,0.77,5.0,0.76,17.0,0.78,96.04,0.79,59.2,0.22,101.95,0.21,217.2,0.23,20.0,0.24,29.6,0.01,0.01,2333.812087,1776339051000
1776339053.568,53.568,0.67,7.0,0.65,5.0,0.7,63.0,0.72,87.85,0.22,303.04,0.21,52.2,0.29,7.0,0.33,25.0,0.03,0.07,2333.778535,1776339052000
1776339053.889,53.889,0.62,9.01,0.61,143.0,0.64,18.01,0.65,15.0,0.34,22.0,0.33,10.0,0.38,9.01,0.39,85.0,0.02,0.04,2333.778535,1776339052000
1776339054.45,54.45,0.62,110.6,0.61,165.51,0.63,15.61,0.64,12.0,0.37,10.0,0.36,23.01,0.39,154.01,0.4,91.0,0.01,0.02,2333.837563,1776339053000
1776339054.725,54.725,0.62,219.6,0.61,167.51,0.63,0.61,0.64,12.0,0.37,0.61,0.36,12.0,0.38,168.6,0.39,165.51,0.01,0.01,2333.837563,1776339053000
1776339056.102,56.102,0.73,10.0,0.72,149.5,0.74,8.96,0.75,27.0,0.27,5.9,0.26,6.0,0.28,10.0,0.29,10.0,0.01,0.01,2333.268093,1776339055000
1776339060.569,60.569,0.73,95.5,0.72,32.5,0.74,12.7,0.75,31.2,0.26,8.96,0.25,27.0,0.27,10.0,0.28,149.5,0.01,0.01,2333.717705,1776339059000
1776339061.263,61.263,0.73,100.5,0.72,32.5,0.74,11.7,0.75,31.2,0.26,12.7,0.25,31.2,0.27,95.5,0.28,32.5,0.01,0.01,2333.717705,1776339059000
1776339062.417,62.417,0.73,107.5,0.72,32.5,0.74,0.41,0.75,31.2,0.26,11.7,0.25,31.2,0.27,100.5,0.28,32.5,0.01,0.01,2333.73265,1776339061000
1776339063.718,63.718,0.72,12.0,0.7,6.0,0.73,7.0,0.74,55.91,0.26,0.41,0.25,31.2,0.27,107.5,0.28,32.5,0.01,0.01,2333.7377,1776339062000
1776339063.985,63.985,0.7,0.51,0.69,12.0,0.71,49.09,0.72,46.45,0.27,26.0,0.26,74.61,0.3,0.51,0.31,12.0,0.01,0.03,2333.7377,1776339062000
1776339064.492,64.492,0.7,0.51,0.69,12.0,0.71,75.07,0.72,67.45,0.29,51.48,0.28,46.45,0.3,0.51,0.31,12.0,0.01,0.01,2333.800758,1776339063000
1776339065.088,65.088,0.68,43.06,0.66,6.0,0.7,88.49,0.71,40.3,0.3,5.49,0.29,74.52,0.31,12.0,0.32,70.69,0.02,0.01,2333.800758,1776339063000
1776339066.646,66.646,0.68,13.06,0.67,5.0,0.69,93.5,0.7,65.09,0.3,88.49,0.29,40.3,0.32,43.06,0.34,6.0,0.01,0.02,2333.721021,1776339064000
1776339067.087,67.087,0.68,7.06,0.67,5.0,0.69,147.5,0.7,135.09,0.31,93.5,0.3,65.09,0.32,13.06,0.33,5.0,0.01,0.01,2333.412385,1776339065000
1776339067.335,67.335,0.68,3.06,0.67,5.0,0.69,123.5,0.7,135.09,0.31,147.5,0.3,135.09,0.32,7.06,0.33,5.0,0.01,0.01,2333.3696,1776339066000
1776339067.964,67.964,0.68,0.02,0.66,6.0,0.69,189.3,0.7,145.09,0.31,113.5,0.3,135.09,0.32,3.06,0.33,5.0,0.01,0.01,2333.3696,1776339066000
1776339068.496,68.496,0.64,2.16,0.63,6.0,0.66,51.5,0.67,111.0,0.31,189.3,0.3,145.09,0.35,5.0,0.36,18.81,0.02,0.04,2333.33845,1776339067000
1776339068.802,68.802,0.63,6.0,0.62,17.35,0.64,38.5,0.65,58.5,0.34,51.5,0.33,111.0,0.36,2.16,0.37,6.0,0.01,0.02,2333.33845,1776339067000
1776339069.027,69.027,0.55,1.0,0.54,34.0,0.58,10.0,0.59,10.0,0.41,10.0,0.4,10.0,0.43,6.0,0.45,5.0,0.03,0.02,2333.33845,1776339067000
1776339069.333,69.333,0.55,0.9,0.54,39.0,0.57,31.42,0.58,32.5,0.44,3.0,0.43,10.0,0.45,0.9,0.46,34.0,0.02,0.01,2333.330519,1776339068000
1776339069.585,69.585,0.55,0.9,0.54,107.5,0.56,6.71,0.57,34.92,0.43,31.42,0.42,32.5,0.45,0.9,0.46,39.0,0.01,0.02,2333.330519,1776339068000
1776339071.507,71.507,0.56,330.5,0.55,124.5,0.57,7.0,0.58,36.0,0.44,0.44,0.43,34.92,0.45,0.9,0.46,97.0,0.01,0.01,2332.903601,1776339070000
1776339071.751,71.751,0.67,29.5,0.66,50.5,0.68,106.96,0.69,97.8,0.33,3.5,0.32,91.5,0.34,19.0,0.35,32.5,0.01,0.01,2332.903601,1776339070000
1776339072.122,72.122,0.67,59.2,0.66,40.0,0.68,43.56,0.69,98.8,0.32,106.96,0.31,97.8,0.33,29.5,0.34,50.5,0.01,0.01,2332.85357,1776339071000
1776339072.637,72.637,0.7,38.2,0.69,89.0,0.71,12.8,0.72,24.0,0.32,39.14,0.31,98.8,0.33,64.2,0.34,40.0,0.01,0.01,2332.85357,1776339071000
1776339073.24,73.24,0.72,16.82,0.71,46.5,0.73,37.7,0.74,96.7,0.28,2.55,0.27,28.3,0.3,10.0,0.31,80.0,0.01,0.02,2332.85057,1776339072000
1776339074.676,74.676,0.72,4.14,0.71,46.5,0.73,100.7,0.74,113.7,0.27,37.7,0.26,96.7,0.28,16.82,0.29,46.5,0.01,0.01,2333.309899,1776339073000
1776339075.734,75.734,0.72,19.14,0.71,104.5,0.73,28.93,0.74,96.7,0.27,100.7,0.26,113.7,0.28,4.14,0.29,46.5,0.01,0.01,2333.485765,1776339074000
1776339076.666,76.666,0.71,101.08,0.7,20.5,0.73,28.93,0.74,160.7,0.27,28.93,0.26,96.7,0.28,19.14,0.29,104.5,0.02,0.01,2333.524122,1776339075000
1776339076.962,76.962,0.72,10.0,0.71,101.08,0.73,11.93,0.74,160.7,0.27,28.93,0.26,160.7,0.29,101.08,0.3,20.5,0.01,0.02,2333.524122,1776339075000
1776339077.474,77.474,0.72,10.0,0.71,101.08,0.73,6.93,0.74,160.7,0.27,11.93,0.26,160.7,0.28,10.0,0.29,101.08,0.01,0.01,2333.532201,1776339076000
1776339077.757,77.757,0.68,12.68,0.67,39.5,0.73,6.93,0.74,160.7,0.27,6.93,0.26,160.7,0.28,10.0,0.29,101.08,0.05,0.01,2333.532201,1776339076000
1776339078.201,78.201,0.7,22.0,0.69,68.0,0.72,80.5,0.73,85.43,0.27,6.93,0.26,160.7,0.32,12.68,0.33,39.5,0.02,0.05,2333.557374,1776339077000
1776339078.597,78.597,0.7,26.0,0.69,68.0,0.71,20.0,0.72,35.5,0.28,80.5,0.27,85.43,0.3,22.0,0.31,68.0,0.01,0.02,2333.557374,1776339077000
1776339078.913,78.913,0.7,9.5,0.69,68.0,0.71,20.0,0.72,35.5,0.29,20.0,0.28,35.5,0.3,26.0,0.31,68.0,0.01,0.01,2333.557374,1776339077000
1776339080.487,80.487,0.7,1.63,0.68,5.0,0.71,80.5,0.72,40.5,0.29,20.0,0.28,35.5,0.3,9.5,0.31,68.0,0.01,0.01,2333.51703,1776339079000
1776339080.798,80.798,0.67,9.84,0.66,10.0,0.69,50.5,0.7,100.5,0.29,108.5,0.28,40.5,0.32,5.0,0.33,20.0,0.02,0.03,2333.51703,1776339079000
1776339082.669,82.669,0.67,4.84,0.66,94.84,0.68,15.0,0.69,103.5,0.31,50.5,0.3,100.5,0.33,9.84,0.34,10.0,0.01,0.02,2333.423892,1776339081000
1776339083.341,83.341,0.66,15.0,0.65,45.77,0.67,59.4,0.68,32.0,0.32,15.0,0.31,103.5,0.33,4.84,0.34,94.84,0.01,0.01,2333.413385,1776339082000
1776339083.787,83.787,0.66,10.0,0.65,45.77,0.67,35.4,0.68,85.0,0.33,59.4,0.32,32.0,0.34,15.0,0.35,45.77,0.01,0.01,2333.413385,1776339082000
1776339084.674,84.674,0.65,41.34,0.64,73.0,0.67,20.5,0.68,73.0,0.33,35.4,0.32,85.0,0.34,10.0,0.35,45.77,0.02,0.01,2333.39117,1776339083000
1776339086.663,86.663,0.65,27.19,0.64,27.0,0.66,20.5,0.67,15.5,0.33,20.5,0.32,73.0,0.35,41.34,0.36,73.0,0.01,0.02,2333.31266,1776339085000
1776339087.94,87.94,0.65,47.83,0.64,101.5,0.66,5.0,0.68,70.0,0.34,20.5,0.33,15.5,0.35,27.19,0.36,27.0,0.01,0.01,2333.31731,1776339086000
1776339090.807,90.807,0.65,27.33,0.64,43.5,0.66,1.0,0.67,10.0,0.34,5.0,0.32,70.0,0.35,47.83,0.36,101.5,0.01,0.01,2333.34612,1776339089000
1776339093.483,93.483,0.65,53.73,0.64,41.5,0.66,1.0,0.67,10.0,0.34,1.0,0.33,10.0,0.35,27.33,0.36,43.5,0.01,0.01,2333.354202,1776339092000
1776339105.92,105.92,0.65,78.87,0.64,61.18,0.68,18.0,0.69,83.5,0.34,1.0,0.33,10.0,0.35,53.73,0.36,41.5,0.03,0.01,2333.3807,1776339104000
1776339107.488,107.488,0.66,88.32,0.65,158.87,0.67,8.35,0.68,27.0,0.31,77.09,0.3,95.5,0.35,90.87,0.36,61.18,0.01,0.04,2333.43285,1776339106000
1776339107.693,107.693,0.66,83.32,0.65,163.87,0.67,4.37,0.68,27.0,0.33,8.35,0.32,27.0,0.34,88.32,0.35,158.87,0.01,0.01,2333.43285,1776339106000
1776339110.504,110.504,0.66,103.32,0.65,123.18,0.67,1.84,0.68,27.0,0.33,4.37,0.32,27.0,0.34,83.32,0.35,163.87,0.01,0.01,2333.4258,1776339109000
1776339111.196,111.196,0.66,107.49,0.65,123.18,0.67,1.84,0.68,22.0,0.33,1.84,0.32,27.0,0.34,103.32,0.35,123.18,0.01,0.01,2333.424027,1776339110000
1776339112.294,112.294,0.67,48.73,0.66,86.0,0.68,7.72,0.69,72.09,0.32,21.34,0.31,77.09,0.34,107.49,0.35,123.18,0.01,0.02,2333.424314,1776339111000
1776339112.952,112.952,0.68,42.83,0.67,17.0,0.69,74.56,0.7,107.5,0.32,7.72,0.31,72.09,0.33,48.73,0.34,86.0,0.01,0.01,2333.424314,1776339111000
1776339114.025,114.025,0.68,30.83,0.67,27.0,0.69,74.56,0.7,107.5,0.31,74.56,0.3,107.5,0.32,42.83,0.33,17.0,0.01,0.01,2333.4329,1776339113000
1776339114.677,114.677,0.68,30.83,0.67,27.0,0.69,72.95,0.7,107.5,0.31,74.56,0.3,107.5,0.32,30.83,0.33,27.0,0.01,0.01,2333.4329,1776339113000
1776339115.591,115.591,0.68,40.83,0.67,27.0,0.69,69.39,0.7,95.5,0.31,70.99,0.3,107.5,0.32,30.83,0.33,27.0,0.01,0.01,2333.428478,1776339114000
1776339118.887,118.887,0.68,40.83,0.67,33.0,0.69,62.94,0.7,95.5,0.31,69.39,0.3,95.5,0.32,40.83,0.33,27.0,0.01,0.01,2333.355778,1776339117000
1776339120.309,120.309,0.68,102.82,0.67,57.5,0.7,95.44,0.71,165.5,0.31,62.94,0.3,95.5,0.32,40.83,0.33,33.0,0.02,0.01,2333.392387,1776339119000
1776339120.586,120.586,0.68,109.69,0.67,115.5,0.69,10.0,0.7,20.5,0.3,95.44,0.29,165.5,0.32,102.82,0.33,57.5,0.01,0.02,2333.392387,1776339119000
1776339121.759,121.759,0.69,13.16,0.68,124.86,0.7,83.0,0.71,37.5,0.31,10.0,0.3,20.5,0.32,109.69,0.33,115.5,0.01,0.01,2333.345765,1776339120000
1776339122.598,122.598,0.69,24.16,0.68,124.86,0.7,76.42,0.71,25.5,0.3,83.0,0.29,37.5,0.31,13.16,0.32,124.86,0.01,0.01,2333.38835,1776339121000
1776339124.838,124.838,0.69,17.7,0.68,102.86,0.7,33.92,0.71,83.5,0.3,76.42,0.29,25.5,0.31,24.16,0.32,124.86,0.01,0.01,2333.41835,1776339123000
1776339125.492,125.492,0.69,17.7,0.68,92.86,0.7,32.34,0.71,83.5,0.3,33.92,0.29,83.5,0.31,17.7,0.32,102.86,0.01,0.01,2333.41835,1776339124000
1776339127.299,127.299,0.69,20.4,0.68,92.86,0.7,30.91,0.71,83.5,0.3,32.34,0.29,83.5,0.31,17.7,0.32,92.86,0.01,0.01,2333.3769,1776339126000
1776339128.177,128.177,0.69,7.08,0.68,92.86,0.7,30.91,0.71,83.5,0.3,30.91,0.29,83.5,0.31,20.4,0.32,92.86,0.01,0.01,2333.3769,1776339126000
1776339128.81,128.81,0.69,2.08,0.68,92.86,0.7,2.11,0.71,83.5,0.3,30.91,0.29,83.5,0.31,7.08,0.32,92.86,0.01,0.01,2333.3769,1776339126000
1776339129.123,129.123,0.69,28.08,0.68,92.86,0.7,10.53,0.71,83.5,0.3,2.11,0.29,83.5,0.31,2.08,0.32,92.86,0.01,0.01,2333.3769,1776339126000
1776339129.648,129.648,0.69,43.08,0.68,92.86,0.7,5.11,0.71,83.5,0.3,10.53,0.29,83.5,0.31,28.08,0.32,92.86,0.01,0.01,2333.372291,1776339128000
1776339130.313,130.313,0.69,88.73,0.68,29.87,0.71,81.49,0.72,37.5,0.3,5.11,0.29,83.5,0.31,43.08,0.32,92.86,0.02,0.01,2333.372291,1776339128000
1776339132.458,132.458,0.69,59.53,0.68,62.37,0.7,12.28,0.71,81.49,0.29,81.49,0.28,37.5,0.31,88.73,0.32,29.87,0.01,0.02,2333.368538,1776339131000
1776339132.691,132.691,0.69,59.53,0.68,118.36,0.7,18.85,0.71,81.49,0.3,12.28,0.29,81.49,0.31,59.53,0.32,62.37,0.01,0.01,2333.368538,1776339131000
1776339133.616,133.616,0.69,74.53,0.68,118.36,0.7,15.43,0.71,81.49,0.3,18.85,0.29,81.49,0.31,59.53,0.32,118.36,0.01,0.01,2333.358085,1776339132000
1776339134.412,134.412,0.69,84.53,0.68,118.36,0.7,9.0,0.71,81.49,0.3,15.43,0.29,81.49,0.31,74.53,0.32,118.36,0.01,0.01,2333.380957,1776339133000
1776339134.772,134.772,0.69,107.02,0.68,129.36,0.7,2.57,0.71,81.49,0.3,9.0,0.29,81.49,0.31,84.53,0.32,118.36,0.01,0.01,2333.380957,1776339133000
1776339136.313,136.313,0.7,60.67,0.69,30.49,0.71,78.78,0.72,25.5,0.3,2.57,0.29,81.49,0.31,107.02,0.32,129.36,0.01,0.01,2333.35869,1776339135000
1776339142.515,142.515,0.7,17.0,0.69,5.49,0.71,162.78,0.72,47.5,0.29,78.78,0.28,25.5,0.3,60.67,0.31,30.49,0.01,0.01,2333.4036,1776339140000
1776339142.976,142.976,0.63,5.0,0.62,137.99,0.68,224.5,0.69,112.5,0.3,20.5,0.29,162.78,0.34,5.0,0.38,132.99,0.05,0.04,2333.369378,1776339141000
1776339143.318,143.318,0.61,113.69,0.6,82.5,0.64,78.5,0.65,21.2,0.36,25.5,0.35,21.2,0.38,141.85,0.39,78.5,0.03,0.02,2333.369378,1776339141000
1776339143.704,143.704,0.61,31.2,0.6,133.19,0.62,48.0,0.63,30.5,0.38,27.0,0.37,30.5,0.39,113.69,0.4,82.5,0.01,0.01,2333.35809,1776339142000
1776339143.924,143.924,0.61,31.2,0.6,122.69,0.62,52.85,0.63,30.5,0.38,43.0,0.37,30.5,0.39,31.2,0.4,133.19,0.01,0.01,2333.35809,1776339142000
1776339144.492,144.492,0.61,37.5,0.6,72.0,0.62,37.5,0.63,30.5,0.38,52.85,0.37,30.5,0.39,31.2,0.4,122.69,0.01,0.01,2333.39815,1776339143000
1776339144.845,144.845,0.61,28.2,0.6,72.0,0.62,30.5,0.63,42.5,0.38,37.5,0.37,30.5,0.39,37.5,0.4,72.0,0.01,0.01,2333.39815,1776339143000
1776339145.627,145.627,0.55,15.1,0.54,49.0,0.57,15.5,0.58,17.0,0.38,30.5,0.37,42.5,0.39,28.2,0.4,72.0,0.02,0.01,2333.11905,1776339144000
1776339145.949,145.949,0.55,10.0,0.54,116.0,0.56,9.28,0.57,5.0,0.44,12.0,0.43,5.0,0.48,43.43,0.49,136.0,0.01,0.04,2333.11905,1776339144000
1776339146.26,146.26,0.56,101.09,0.55,70.0,0.57,13.67,0.58,11.53,0.42,11.53,0.41,15.0,0.44,26.89,0.45,10.0,0.01,0.02,2333.11905,1776339144000
1776339146.605,146.605,0.56,82.05,0.55,128.0,0.57,10.28,0.58,11.53,0.43,5.28,0.42,23.53,0.44,101.09,0.45,70.0,0.01,0.01,2333.101795,1776339145000
1776339147.056,147.056,0.56,189.89,0.55,97.5,0.57,5.28,0.58,22.91,0.43,10.28,0.42,11.53,0.44,82.05,0.45,128.0,0.01,0.01,2333.101795,1776339145000
1776339148.382,148.382,0.56,295.83,0.55,92.5,0.57,11.28,0.58,21.38,0.43,5.28,0.42,22.91,0.44,189.89,0.45,97.5,0.01,0.01,2332.9639,1776339147000
1776339148.96,148.96,0.56,142.14,0.55,202.99,0.58,20.5,0.59,32.5,0.42,21.38,0.41,10.0,0.44,301.33,0.45,110.8,0.02,0.02,2332.9639,1776339147000
1776339149.252,149.252,0.57,39.41,0.56,153.5,0.58,20.0,0.59,22.0,0.42,20.5,0.41,32.5,0.44,142.14,0.45,202.99,0.01,0.02,2332.891094,1776339148000
1776339149.508,149.508,0.61,10.0,0.6,61.5,0.62,9.07,0.64,15.0,0.41,22.0,0.4,78.5,0.43,39.41,0.44,95.5,0.01,0.02,2332.891094,1776339148000
1776339149.859,149.859,0.64,90.0,0.63,20.0,0.65,0.45,0.66,10.0,0.35,15.0,0.34,10.0,0.39,10.0,0.4,61.5,0.01,0.04,2332.891094,1776339148000
1776339150.256,150.256,0.64,57.0,0.63,93.5,0.66,10.0,0.67,25.84,0.34,10.0,0.33,25.84,0.36,85.0,0.37,25.0,0.02,0.02,2332.9236,1776339149000
1776339150.569,150.569,0.66,131.0,0.65,25.5,0.67,9.14,0.7,22.1,0.34,10.0,0.33,25.84,0.36,57.0,0.37,93.5,0.01,0.02,2332.9236,1776339149000
1776339150.911,150.911,0.69,125.2,0.68,27.0,0.7,10.5,0.71,10.0,0.3,22.1,0.29,35.5,0.34,143.0,0.35,25.5,0.01,0.04,2332.9236,1776339149000
1776339151.338,151.338,0.71,15.5,0.7,47.5,0.72,15.0,0.73,26.0,0.29,11.06,0.28,10.0,0.3,10.0,0.31,52.0,0.01,0.01,2332.9236,1776339149000
1776339151.651,151.651,0.71,40.5,0.7,47.5,0.73,84.0,0.74,62.5,0.28,4.58,0.27,84.0,0.29,40.5,0.3,47.5,0.02,0.01,2332.9955,1776339150000
1776339151.995,151.995,0.71,10.0,0.7,32.5,0.73,84.27,0.74,67.5,0.27,84.0,0.26,62.5,0.29,40.5,0.3,47.5,0.02,0.02,2333.020263,1776339151000
1776339152.645,152.645,0.71,15.0,0.7,37.5,0.73,78.5,0.74,77.5,0.27,84.27,0.26,67.5,0.29,10.0,0.3,32.5,0.02,0.02,2333.020263,1776339151000
1776339153.201,153.201,0.71,26.0,0.7,42.5,0.72,10.0,0.73,78.5,0.27,78.5,0.26,77.5,0.29,15.0,0.3,37.5,0.01,0.02,2333.1698,1776339152000
1776339156.144,156.144,0.73,18.77,0.72,91.0,0.74,10.0,0.75,25.5,0.28,10.0,0.27,78.5,0.29,26.0,0.3,42.5,0.01,0.01,2333.222889,1776339155000
1776339156.746,156.746,0.73,18.77,0.72,101.5,0.75,10.0,0.76,19.0,0.26,10.0,0.25,25.5,0.27,18.77,0.28,91.0,0.02,0.01,2333.222889,1776339155000
1776339159.229,159.229,0.75,31.0,0.74,23.0,0.76,20.89,0.77,102.5,0.25,10.0,0.24,19.0,0.27,18.77,0.28,101.5,0.01,0.02,2333.34395,1776339157000
1776339159.466,159.466,0.75,31.0,0.74,18.0,0.76,15.0,0.77,102.5,0.24,20.89,0.23,102.5,0.25,31.0,0.26,23.0,0.01,0.01,2333.283219,1776339158000
1776339160.43,160.43,0.75,36.0,0.74,18.0,0.76,19.39,0.77,102.5,0.24,15.0,0.23,102.5,0.25,31.0,0.26,18.0,0.01,0.01,2333.35445,1776339159000
1776339160.921,160.921,0.75,31.0,0.74,18.0,0.76,9.61,0.77,102.5,0.23,102.5,0.22,152.54,0.25,36.0,0.26,18.0,0.01,0.02,2333.35445,1776339159000
1776339161.18,161.18,0.75,19.12,0.74,28.0,0.76,0.06,0.77,102.5,0.24,0.06,0.23,102.5,0.25,31.0,0.26,18.0,0.01,0.01,2333.325059,1776339160000
1776339161.668,161.668,0.75,17.73,0.74,12.0,0.76,0.06,0.77,102.5,0.24,0.06,0.23,102.5,0.25,19.12,0.26,28.0,0.01,0.01,2333.325059,1776339160000
1776339162.062,162.062,0.75,17.73,0.74,12.0,0.76,26.23,0.77,102.5,0.24,0.06,0.23,102.5,0.25,17.73,0.26,12.0,0.01,0.01,2333.325872,1776339161000
1776339163.22,163.22,0.74,12.0,0.73,63.0,0.75,9.11,0.76,109.73,0.24,26.23,0.23,102.5,0.25,17.73,0.26,12.0,0.01,0.01,2333.35875,1776339162000
1776339163.856,163.856,0.74,10.13,0.73,63.0,0.75,19.11,0.76,83.5,0.25,9.11,0.24,109.73,0.26,11.46,0.27,63.0,0.01,0.01,2333.35875,1776339162000
1776339164.378,164.378,0.74,4.13,0.67,63.99,0.75,230.61,0.76,78.5,0.25,19.11,0.24,83.5,0.26,10.13,0.27,63.0,0.01,0.01,2333.312961,1776339163000
1776339164.706,164.706,0.6,156.5,0.59,86.0,0.62,15.31,0.63,15.0,0.38,15.0,0.37,15.0,0.39,36.44,0.4,80.5,0.02,0.01,2333.312961,1776339163000
1776339165.371,165.371,0.6,138.5,0.59,93.0,0.61,20.0,0.62,15.31,0.38,15.31,0.37,15.0,0.4,156.5,0.41,86.0,0.01,0.02,2333.312961,1776339163000
1776339165.714,165.714,0.6,52.16,0.59,103.5,0.61,15.0,0.62,15.31,0.39,15.0,0.38,10.31,0.4,130.5,0.41,93.0,0.01,0.01,2333.281358,1776339164000
1776339165.957,165.957,0.6,34.16,0.59,103.5,0.61,15.0,0.62,15.31,0.39,15.0,0.38,15.31,0.4,52.16,0.41,103.5,0.01,0.01,2333.281358,1776339164000
1776339166.206,166.206,0.6,92.16,0.59,103.5,0.61,15.0,0.62,15.31,0.39,15.0,0.38,15.31,0.4,34.16,0.41,103.5,0.01,0.01,2333.230238,1776339165000
1776339167.195,167.195,0.6,117.66,0.59,113.5,0.62,15.31,0.63,27.0,0.39,15.0,0.38,15.31,0.4,92.16,0.41,103.5,0.02,0.01,2333.00727,1776339166000
1776339167.912,167.912,0.61,29.43,0.6,112.66,0.62,0.31,0.63,27.0,0.38,15.31,0.37,27.0,0.4,117.66,0.41,113.5,0.01,0.02,2333.00727,1776339166000
1776339168.94,168.94,0.61,28.37,0.6,112.66,0.62,5.31,0.63,27.0,0.38,0.31,0.37,27.0,0.39,29.43,0.4,112.66,0.01,0.01,2332.98131,1776339168000
1776339170.154,170.154,0.59,0.49,0.58,164.49,0.62,0.31,0.63,27.0,0.38,5.31,0.37,27.0,0.39,28.37,0.4,112.66,0.03,0.01,2332.98445,1776339169000
1776339170.569,170.569,0.61,15.5,0.6,37.5,0.62,7.24,0.63,27.0,0.38,0.31,0.37,27.0,0.41,0.49,0.42,164.49,0.01,0.03,2332.98445,1776339169000
1776339170.875,170.875,0.61,24.64,0.6,42.5,0.62,7.24,0.63,27.0,0.38,7.24,0.37,27.0,0.39,15.5,0.4,37.5,0.01,0.01,2332.98445,1776339169000
1776339171.29,171.29,0.61,24.64,0.6,42.5,0.62,6.26,0.63,27.0,0.38,7.24,0.37,27.0,0.39,24.64,0.4,42.5,0.01,0.01,2332.98445,1776339169000
1776339174.821,174.821,0.6,108.24,0.59,87.86,0.62,10.0,0.63,27.0,0.38,6.26,0.37,27.0,0.39,24.64,0.4,42.5,0.02,0.01,2333.022474,1776339173000
1776339175.782,175.782,0.61,22.93,0.6,106.24,0.62,5.0,0.63,27.0,0.38,10.0,0.37,27.0,0.4,108.24,0.41,87.86,0.01,0.02,2333.0042,1776339174000
1776339177.861,177.861,0.62,31.5,0.61,39.93,0.64,51.98,0.65,25.5,0.38,5.0,0.37,27.0,0.39,22.93,0.4,106.24,0.02,0.01,2332.99905,1776339176000
1776339178.753,178.753,0.63,36.5,0.62,36.5,0.64,44.7,0.65,17.0,0.36,44.7,0.35,37.5,0.37,26.0,0.38,36.5,0.01,0.01,2333.011323,1776339177000
1776339180.281,180.281,0.63,87.12,0.62,49.5,0.65,22.0,0.66,5.0,0.36,44.7,0.35,17.0,0.37,36.5,0.38,36.5,0.02,0.01,2332.989285,1776339179000
1776339180.515,180.515,0.64,55.5,0.63,270.49,0.65,10.0,0.66,17.0,0.35,22.0,0.34,5.0,0.37,87.12,0.38,49.5,0.01,0.02,2332.989285,1776339179000
1776339181.937,181.937,0.65,50.5,0.64,113.5,0.67,5.0,0.68,17.0,0.35,4.0,0.34,17.0,0.36,50.5,0.37,270.49,0.02,0.01,2332.989285,1776339180000
1776339182.653,182.653,0.66,17.79,0.65,48.5,0.67,5.0,0.68,27.5,0.33,5.0,0.32,17.0,0.35,50.5,0.36,113.5,0.01,0.02,2333.067108,1776339181000
1776339183.507,183.507,0.7,6.0,0.69,41.5,0.71,0.93,0.72,5.0,0.33,5.0,0.32,27.5,0.34,17.79,0.35,48.5,0.01,0.01,2333.047365,1776339182000
1776339184.061,184.061,0.74,10.51,0.73,33.0,0.75,15.5,0.76,260.5,0.25,10.5,0.24,206.93,0.26,5.53,0.27,16.0,0.01,0.01,2333.047365,1776339183000
1776339184.401,184.401,0.74,0.51,0.73,38.0,0.75,2.81,0.76,260.5,0.25,13.48,0.24,260.5,0.26,10.51,0.27,33.0,0.01,0.01,2333.047365,1776339183000
1776339184.766,184.766,0.73,16.0,0.72,43.5,0.74,5.0,0.75,22.0,0.25,2.81,0.24,260.5,0.26,0.51,0.27,38.0,0.01,0.01,2333.047365,1776339183000
1776339186.238,186.238,0.73,11.0,0.72,33.5,0.74,15.0,0.75,73.0,0.26,5.0,0.25,22.0,0.27,16.0,0.28,43.5,0.01,0.01,2333.328518,1776339185000
1776339186.458,186.458,0.73,10.0,0.72,33.5,0.74,10.0,0.75,73.0,0.26,15.0,0.25,73.0,0.27,11.0,0.28,33.5,0.01,0.01,2333.328518,1776339185000
1776339187.284,187.284,0.73,5.4,0.72,33.5,0.74,5.0,0.75,83.5,0.26,10.0,0.25,73.0,0.27,15.0,0.28,33.5,0.01,0.01,2333.333,1776339186000
1776339188.51,188.51,0.74,15.0,0.73,101.89,0.75,63.0,0.76,213.0,0.26,5.0,0.25,83.5,0.27,5.4,0.28,33.5,0.01,0.01,2333.318,1776339187000
1776339189.232,189.232,0.72,38.7,0.71,25.5,0.74,10.0,0.75,67.33,0.25,67.33,0.24,296.5,0.27,5.4,0.28,43.5,0.02,0.02,2333.318,1776339187000
1776339190.594,190.594,0.72,15.0,0.71,27.0,0.73,13.19,0.74,32.5,0.26,10.0,0.25,67.33,0.28,38.7,0.29,25.5,0.01,0.02,2333.240955,1776339188000
1776339192.834,192.834,0.63,60.62,0.62,19.0,0.7,47.5,0.71,52.72,0.27,13.19,0.26,32.5,0.28,15.0,0.29,27.0,0.07,0.01,2333.3229,1776339191000
1776339193.118,193.118,0.6,16.65,0.59,5.0,0.61,61.13,0.62,20.0,0.36,49.5,0.35,20.0,0.4,16.65,0.41,13.37,0.01,0.04,2333.3229,1776339192000
1776339193.603,193.603,0.53,20.37,0.52,36.49,0.55,25.0,0.56,32.0,0.39,66.13,0.38,20.0,0.44,28.02,0.45,18.0,0.02,0.05,2333.3229,1776339192000
1776339194.149,194.149,0.51,19.0,0.5,5.0,0.53,115.7,0.54,40.0,0.46,73.0,0.45,20.0,0.48,24.47,0.49,29.5,0.02,0.02,2333.3079,1776339193000
1776339194.47,194.47,0.49,186.99,0.48,85.5,0.51,1.82,0.52,38.5,0.48,35.5,0.47,96.5,0.51,176.49,0.52,85.5,0.02,0.03,2333.3079,1776339193000
1776339194.926,194.926,0.49,181.99,0.48,85.5,0.5,15.0,0.51,15.0,0.49,1.82,0.48,38.5,0.51,186.99,0.52,85.5,0.01,0.02,2333.3079,1776339193000
1776339195.801,195.801,0.49,240.18,0.48,85.5,0.5,15.0,0.51,10.0,0.5,15.0,0.49,15.0,0.51,179.99,0.52,85.5,0.01,0.01,2333.016151,1776339194000
1776339199.286,199.286,0.49,96.09,0.48,15.5,0.5,15.0,0.51,10.0,0.5,15.0,0.49,10.0,0.51,240.18,0.52,85.5,0.01,0.01,2332.751,1776339198000
1776339200.033,200.033,0.49,41.4,0.48,47.17,0.5,5.0,0.51,10.0,0.5,15.0,0.49,10.0,0.51,96.09,0.52,15.5,0.01,0.01,2332.721703,1776339199000
1776339200.659,200.659,0.49,26.4,0.48,25.5,0.5,12.55,0.51,10.0,0.5,2.55,0.49,10.0,0.51,36.4,0.52,47.17,0.01,0.01,2332.721703,1776339199000
1776339202.311,202.311,0.5,73.53,0.49,153.5,0.53,8.0,0.54,8.0,0.5,12.55,0.49,10.0,0.52,22.39,0.53,27.0,0.03,0.02,2332.703852,1776339201000
1776339203.411,203.411,0.53,39.7,0.52,60.5,0.64,55.0,0.71,120.0,0.47,8.0,0.46,8.0,0.5,63.53,0.51,153.5,0.11,0.03,2332.753215,1776339202000
1776339203.659,203.659,0.53,26.5,0.52,60.5,0.64,40.05,0.66,5.0,0.36,40.15,0.34,5.0,0.47,39.7,0.48,60.5,0.11,0.11,2332.753215,1776339202000
1776339204.199,204.199,0.6,130.27,0.59,75.0,0.65,10.73,0.71,120.0,0.36,40.05,0.34,5.0,0.47,26.5,0.48,60.5,0.05,0.11,2332.753215,1776339202000
1776339204.722,204.722,0.62,6.0,0.6,23.0,0.63,65.0,0.66,10.5,0.35,5.26,0.29,120.0,0.4,130.27,0.41,75.0,0.01,0.05,2332.692945,1776339203000
1776339205.05,205.05,0.6,16.0,0.59,16.0,0.63,65.45,0.66,10.5,0.37,60.45,0.34,10.5,0.38,6.0,0.4,23.0,0.03,0.01,2332.692945,1776339203000
1776339205.989,205.989,0.59,20.5,0.58,15.5,0.6,50.0,0.61,90.5,0.4,49.5,0.37,75.45,0.41,10.0,0.43,6.0,0.01,0.01,2333.16196,1776339204000
1776339206.975,206.975,0.57,10.5,0.55,6.0,0.6,60.84,0.61,95.5,0.4,30.34,0.39,90.5,0.41,20.5,0.42,15.5,0.03,0.01,2332.914397,1776339206000
1776339207.743,207.743,0.58,5.04,0.57,15.0,0.59,10.5,0.6,50.84,0.4,60.84,0.39,140.5,0.44,10.5,0.45,10.0,0.01,0.04,2332.914397,1776339206000
1776339208.586,208.586,0.57,10.0,0.56,22.0,0.58,11.02,0.59,47.5,0.41,10.5,0.4,50.84,0.42,5.04,0.43,15.0,0.01,0.01,2332.88781,1776339207000
1776339209.353,209.353,0.57,10.0,0.56,22.0,0.58,15.5,0.59,60.5,0.42,11.02,0.41,47.5,0.43,10.0,0.44,22.0,0.01,0.01,2332.8511,1776339208000
1776339210.898,210.898,0.57,10.0,0.56,22.0,0.59,20.71,0.6,53.84,0.42,15.5,0.41,60.5,0.43,10.0,0.44,22.0,0.02,0.01,2332.8504,1776339209000
1776339211.866,211.866,0.55,10.0,0.54,10.0,0.58,20.0,0.59,30.71,0.41,20.71,0.4,53.84,0.43,10.0,0.44,22.0,0.03,0.02,2332.81915,1776339210000
1776339213.864,213.864,0.55,2.65,0.52,12.0,0.57,25.0,0.58,42.23,0.42,20.0,0.41,30.71,0.45,10.0,0.46,10.0,0.02,0.03,2332.819335,1776339212000
1776339214.954,214.954,0.48,15.4,0.47,14.5,0.49,20.0,0.5,20.0,0.43,25.0,0.42,42.23,0.48,12.0,0.5,14.4,0.01,0.05,2332.7989,1776339213000
1776339216.299,216.299,0.48,21.0,0.47,10.0,0.49,38.0,0.5,30.0,0.51,20.0,0.5,20.0,0.52,15.4,0.53,14.5,0.01,0.01,2332.655587,1776339215000
1776339217.924,217.924,0.47,17.33,0.46,30.14,0.49,33.0,0.5,40.5,0.51,38.0,0.5,30.0,0.52,21.0,0.53,10.0,0.02,0.01,2332.574095,1776339217000
1776339219.78,219.78,0.46,80.5,0.45,20.5,0.5,6.0,0.51,6.31,0.51,33.0,0.5,40.5,0.53,17.33,0.54,30.14,0.04,0.02,2332.5713,1776339218000
1776339221.545,221.545,0.56,23.68,0.55,10.0,0.57,20.0,0.58,15.0,0.4,8.45,0.39,50.0,0.47,140.0,0.48,70.0,0.01,0.07,2332.57125,1776339220000
1776339222.776,222.776,0.56,10.0,0.55,10.0,0.58,12.53,0.59,25.0,0.43,20.0,0.42,15.0,0.44,23.68,0.45,10.0,0.02,0.01,2332.74333,1776339221000
1776339223.335,223.335,0.56,7.72,0.55,15.0,0.58,7.53,0.59,15.0,0.42,12.53,0.41,15.0,0.44,12.72,0.45,15.0,0.02,0.02,2332.74422,1776339222000
1776339224.409,224.409,0.55,19.72,0.54,10.0,0.58,5.0,0.59,22.0,0.42,7.53,0.41,15.0,0.44,7.72,0.45,15.0,0.03,0.02,2332.74321,1776339223000
1776339224.747,224.747,0.56,25.5,0.55,30.22,0.58,10.54,0.59,32.5,0.42,5.0,0.41,22.0,0.45,19.72,0.46,10.0,0.02,0.03,2332.74321,1776339223000
1776339225.668,225.668,0.57,15.0,0.56,80.0,0.59,26.82,0.6,33.95,0.42,10.54,0.41,32.5,0.44,25.5,0.45,30.22,0.02,0.02,2332.758194,1776339224000
1776339225.922,225.922,0.57,18.16,0.56,70.0,0.59,36.5,0.6,39.66,0.41,25.5,0.4,33.95,0.43,37.0,0.44,85.0,0.02,0.02,2332.758194,1776339224000
1776339226.529,226.529,0.56,65.0,0.55,92.0,0.57,31.5,0.58,48.5,0.41,36.5,0.4,39.66,0.43,18.16,0.44,70.0,0.01,0.02,2332.80475,1776339225000
1776339228.206,228.206,0.55,8.27,0.54,37.5,0.56,5.0,0.57,26.0,0.43,31.5,0.42,48.5,0.44,65.0,0.45,92.0,0.01,0.01,2332.766757,1776339226000
1776339229.358,229.358,0.55,23.77,0.54,37.5,0.58,18.0,0.59,26.5,0.44,5.0,0.43,26.0,0.45,8.27,0.46,37.5,0.03,0.01,2332.78273,1776339228000
1776339230.456,230.456,0.57,35.5,0.56,87.5,0.6,8.45,0.62,5.0,0.42,18.0,0.41,26.5,0.45,23.77,0.46,37.5,0.03,0.03,2332.78273,1776339228000
1776339230.757,230.757,0.65,32.5,0.64,162.25,0.67,11.47,0.69,10.5,0.35,12.0,0.34,26.5,0.36,9.55,0.38,59.5,0.02,0.01,2332.77478,1776339229000
1776339231.211,231.211,0.69,53.0,0.68,38.5,0.71,45.65,0.72,30.99,0.33,11.47,0.31,10.5,0.35,32.5,0.36,162.25,0.02,0.02,2332.80565,1776339230000
1776339231.547,231.547,0.7,12.5,0.69,53.0,0.71,68.15,0.72,18.99,0.29,45.65,0.28,30.99,0.31,53.0,0.32,38.5,0.01,0.02,2332.80565,1776339230000
1776339232.217,232.217,0.7,8.75,0.69,48.0,0.71,68.15,0.72,5.0,0.29,68.15,0.28,23.99,0.3,36.7,0.31,48.0,0.01,0.01,2332.80565,1776339230000
1776339232.667,232.667,0.7,3.75,0.69,48.0,0.71,41.15,0.72,25.5,0.29,68.15,0.28,5.0,0.3,8.75,0.31,48.0,0.01,0.01,2332.82585,1776339231000
1776339233.047,233.047,0.69,0.62,0.68,38.5,0.71,41.15,0.72,15.5,0.29,41.15,0.28,25.5,0.3,3.75,0.31,48.0,0.02,0.01,2332.937892,1776339232000
1776339234.645,234.645,0.68,23.0,0.67,12.0,0.69,29.65,0.7,31.9,0.29,41.15,0.28,15.5,0.31,0.62,0.32,38.5,0.01,0.02,2332.99554,1776339233000
1776339236.854,236.854,0.68,33.5,0.67,22.5,0.69,24.1,0.7,15.0,0.31,29.65,0.3,31.9,0.32,23.0,0.33,12.0,0.01,0.01,2333.01554,1776339235000
1776339237.634,237.634,0.68,57.2,0.67,15.0,0.69,26.18,0.71,13.65,0.31,24.1,0.3,15.0,0.32,33.5,0.33,22.5,0.01,0.01,2333.06335,1776339236000
1776339238.201,238.201,0.8,27.5,0.79,20.5,0.81,4.56,0.84,9.82,0.16,9.82,0.15,75.0,0.24,45.0,0.25,54.0,0.01,0.08,2332.980845,1776339237000
1776339238.772,238.772,0.83,31.5,0.82,15.0,0.84,4.13,0.85,70.0,0.16,9.82,0.15,70.0,0.2,37.5,0.21,25.5,0.01,0.04,2332.980845,1776339237000
1776339239.67,239.67,0.83,100.92,0.82,27.0,0.85,67.01,0.86,75.0,0.16,2.93,0.15,70.0,0.17,31.5,0.18,15.0,0.02,0.01,2333.326893,1776339238000
1776339239.949,239.949,0.84,16.0,0.83,95.92,0.85,55.18,0.86,87.0,0.15,61.18,0.14,87.0,0.16,10.0,0.17,95.92,0.01,0.01,2333.409335,1776339239000
1776339240.655,240.655,0.84,91.84,0.83,21.0,0.85,48.38,0.86,17.0,0.15,53.06,0.14,87.0,0.16,16.0,0.17,31.5,0.01,0.01,2333.409335,1776339239000
1776339240.953,240.953,0.84,90.84,0.83,21.0,0.86,12.0,0.87,15.0,0.15,48.38,0.14,17.0,0.16,91.84,0.17,21.0,0.02,0.01,2333.409335,1776339239000
1776339241.42,241.42,0.84,65.96,0.83,15.0,0.87,15.0,0.88,57.0,0.13,15.0,0.12,57.0,0.15,14.0,0.16,97.84,0.03,0.02,2333.458981,1776339240000
1776339241.719,241.719,0.84,75.96,0.83,15.0,0.86,4.82,0.87,15.0,0.13,15.0,0.12,57.0,0.16,65.96,0.17,15.0,0.02,0.03,2333.458981,1776339240000
1776339242.214,242.214,0.84,69.62,0.83,15.0,0.86,10.0,0.87,14.76,0.13,14.76,0.12,57.0,0.16,75.96,0.17,15.0,0.02,0.03,2333.458981,1776339240000
1776339242.877,242.877,0.88,36.0,0.87,22.0,0.89,34.72,0.9,168.0,0.14,10.0,0.13,14.76,0.16,69.62,0.17,15.0,0.01,0.02,2333.469632,1776339241000
1776339243.253,243.253,0.88,26.0,0.87,92.0,0.89,177.56,0.9,72.0,0.11,31.64,0.1,147.0,0.12,41.0,0.13,22.0,0.01,0.01,2333.469632,1776339241000
1776339243.578,243.578,0.89,147.0,0.88,166.0,0.9,27.0,0.91,11.0,0.11,176.32,0.1,72.0,0.12,26.0,0.13,92.0,0.01,0.01,2333.495,1776339242000
1776339244.029,244.029,0.93,4.77,0.92,10.0,0.95,126.0,0.96,79.46,0.06,5.0,0.04,54.46,0.08,10.0,0.09,6.0,0.02,0.02,2333.495,1776339242000
1776339244.362,244.362,0.93,9.58,0.92,10.0,0.95,122.62,0.96,79.46,0.05,123.26,0.04,79.46,0.08,10.0,0.09,10.0,0.02,0.03,2333.514143,1776339243000
1776339244.569,244.569,0.92,10.0,0.91,10.0,0.94,34.0,0.95,127.62,0.05,122.62,0.04,79.46,0.07,9.58,0.08,10.0,0.02,0.02,2333.514143,1776339243000
1776339244.846,244.846,0.93,10.0,0.92,22.0,0.94,5.0,0.95,122.62,0.06,34.0,0.05,127.62,0.08,10.0,0.09,10.0,0.01,0.02,2333.514143,1776339243000
1776339245.189,245.189,0.93,10.0,0.92,22.0,0.95,116.1,0.96,203.26,0.06,5.0,0.05,122.62,0.07,10.0,0.08,22.0,0.02,0.01,2333.514143,1776339243000
1776339245.989,245.989,0.94,10.0,0.93,10.0,0.95,114.01,0.96,259.25,0.05,116.1,0.04,203.26,0.07,10.0,0.08,22.0,0.01,0.02,2333.67425,1776339244000
1776339246.345,246.345,0.92,27.0,0.91,15.0,0.95,114.01,0.96,173.26,0.05,114.01,0.04,259.25,0.06,10.0,0.07,10.0,0.03,0.01,2333.67425,1776339244000
1776339246.776,246.776,0.94,15.0,0.93,10.0,0.95,222.87,0.96,173.26,0.05,114.01,0.04,173.26,0.08,27.0,0.09,15.0,0.01,0.03,2333.67425,1776339244000
1776339247.228,247.228,0.94,57.0,0.93,118.14,0.95,116.81,0.96,19.46,0.05,221.03,0.04,173.26,0.06,20.0,0.07,10.0,0.01,0.01,2333.88211,1776339245000
1776339248.0,248.0,0.95,20.0,0.94,27.0,0.96,18.4,0.97,164.0,0.04,19.46,0.03,164.0,0.06,57.0,0.07,123.14,0.01,0.02,2333.868685,1776339246000
1776339248.451,248.451,0.95,20.0,0.94,27.0,0.97,262.25,0.98,1214.7,0.04,15.54,0.03,164.0,0.05,20.0,0.06,27.0,0.02,0.01,2333.903005,1776339247000
1776339248.857,248.857,0.95,35.0,0.94,27.0,0.97,247.25,0.98,1264.7,0.03,262.25,0.02,1214.7,0.05,20.0,0.06,27.0,0.02,0.02,2333.903005,1776339247000
1776339249.306,249.306,0.95,27.17,0.94,27.0,0.96,107.98,0.97,361.57,0.03,221.57,0.02,1264.7,0.05,40.0,0.06,27.0,0.01,0.02,2334.275004,1776339248000
1776339249.565,249.565,0.95,13.17,0.94,27.0,0.96,203.85,0.97,448.56,0.04,213.85,0.03,448.56,0.05,13.17,0.06,27.0,0.01,0.01,2334.275004,1776339248000
1776339250.417,250.417,0.96,174.0,0.95,18.17,0.97,94.8,0.98,312.0,0.04,203.85,0.03,448.56,0.05,13.17,0.06,27.0,0.01,0.01,2334.19372,1776339249000
1776339250.692,250.692,0.96,148.0,0.95,20.17,0.97,31.54,0.98,312.0,0.03,69.54,0.02,312.0,0.04,148.0,0.05,20.17,0.01,0.01,2334.19372,1776339249000
1776339251.683,251.683,0.97,154.44,0.96,132.0,0.98,309.95,0.99,2666.44,0.02,317.0,0.01,2666.44,0.03,68.31,0.04,148.0,0.01,0.01,2334.25148,1776339250000
1776339252.008,252.008,0.97,106.44,0.96,154.0,0.98,288.71,0.99,2666.44,0.02,289.74,0.01,2666.44,0.03,154.44,0.04,132.0,0.01,0.01,2334.33245,1776339251000
1776339252.353,252.353,0.97,106.44,0.96,154.0,0.98,286.66,0.99,2666.44,0.02,288.71,0.01,2666.44,0.03,106.44,0.04,154.0,0.01,0.01,2334.33245,1776339251000
1776339253.079,253.079,0.97,136.14,0.96,154.0,0.98,282.34,0.99,2666.44,0.02,286.66,0.01,2666.44,0.03,106.44,0.04,154.0,0.01,0.01,2334.77222,1776339252000
1776339253.301,253.301,0.97,139.44,0.96,154.0,0.98,257.34,0.99,2666.44,0.02,277.34,0.01,2666.44,0.03,129.18,0.04,154.0,0.01,0.01,2334.77222,1776339252000
1776339254.446,254.446,0.97,121.14,0.96,127.0,0.98,259.27,0.99,2302.84,0.02,257.34,0.01,2666.44,0.03,139.44,0.04,154.0,0.01,0.01,2334.764246,1776339253000
1776339254.72,254.72,0.97,131.45,0.96,127.0,0.98,239.64,0.99,2666.44,0.02,254.17,0.01,2666.44,0.03,126.45,0.04,127.0,0.01,0.01,2334.764246,1776339253000
1776339254.986,254.986,0.97,58.14,0.96,27.0,0.98,132.6,0.99,2666.44,0.02,239.64,0.01,2666.44,0.03,131.45,0.04,127.0,0.01,0.01,2334.764246,1776339253000
1776339255.347,255.347,0.97,58.14,0.96,27.0,0.98,132.49,0.99,2618.44,0.02,132.6,0.01,2666.44,0.03,58.14,0.04,27.0,0.01,0.01,2334.78445,1776339254000
1776339255.706,255.706,0.97,58.14,0.96,15.0,0.98,118.17,0.99,2618.44,0.02,132.49,0.01,2618.44,0.03,58.14,0.04,27.0,0.01,0.01,2334.78445,1776339254000
1776339256.384,256.384,0.97,58.14,0.96,38.0,0.98,96.5,0.99,2254.84,0.02,118.17,0.01,2618.44,0.03,58.14,0.04,15.0,0.01,0.01,2334.74925,1776339255000
1776339256.594,256.594,0.97,59.14,0.96,15.0,0.98,65.98,0.99,2254.84,0.02,91.39,0.01,2254.84,0.03,31.14,0.04,38.0,0.01,0.01,2334.74925,1776339255000
1776339256.843,256.843,0.97,28.14,0.96,15.0,0.98,67.91,0.99,2618.44,0.02,65.98,0.01,2618.44,0.03,28.14,0.04,15.0,0.01,0.01,2334.74925,1776339255000
1776339257.299,257.299,0.97,73.14,0.96,15.0,0.98,51.23,0.99,2518.44,0.02,61.49,0.01,2618.44,0.03,68.14,0.04,15.0,0.01,0.01,2334.74925,1776339255000
1776339257.667,257.667,0.98,48.77,0.97,188.14,0.99,2154.84,,,0.02,51.23,0.01,2518.44,0.03,73.14,0.04,15.0,0.01,0.01,2334.74745,1776339256000
1776339258.039,258.039,0.98,53.77,0.97,173.0,0.99,2028.74,,,0.01,2053.74,,,0.02,48.77,0.03,188.0,0.01,0.01,2334.746045,1776339257000
1776339258.311,258.311,0.98,53.77,0.97,133.0,0.99,1982.87,,,0.01,1987.87,,,0.02,53.77,0.03,133.0,0.01,0.01,2334.746045,1776339257000
1776339258.939,258.939,0.98,52.77,0.97,261.7,0.99,1977.87,,,0.01,1982.87,,,0.02,53.77,0.03,133.0,0.01,0.01,2334.746045,1776339257000
1776339259.881,259.881,0.98,286.47,0.97,300.7,0.99,1972.82,,,0.01,1977.87,,,0.02,52.77,0.03,261.7,0.01,0.01,2334.780765,1776339258000
1776339260.391,260.391,0.98,276.47,0.97,341.7,0.99,968.75,,,0.01,1971.8,,,0.02,286.47,0.03,328.7,0.01,0.01,2335.048413,1776339259000
1776339260.637,260.637,0.98,5.0,0.97,22.0,0.99,363.7,,,0.01,356.7,,,0.03,22.0,0.04,10.0,0.01,0.02,2335.048413,1776339259000
1776339261.007,261.007,0.98,212.29,0.97,60.0,0.99,284.75,,,0.01,289.75,,,0.02,5.0,0.03,27.0,0.01,0.01,2335.048413,1776339259000
1776339261.301,261.301,0.99,2240.25,0.98,207.29,,,,,0.01,284.75,,,0.02,212.29,0.03,60.0,,0.01,2335.048413,1776339259000
1776339261.863,261.863,0.99,2873.98,0.98,198.7,,,,,,,,,0.01,2240.25,0.02,207.29,,,2335.242905,1776339260000
1776339263.529,263.529,0.99,686.08,0.98,15.0,,,,,,,,,0.01,2873.98,0.02,198.7,,,2335.75483,1776339262000
1776339263.815,263.815,0.99,393.08,0.98,10.0,,,,,,,,,0.01,544.08,0.02,15.0,,,2335.75483,1776339262000
1776339264.909,264.909,0.97,210.45,0.96,34.0,,,,,,,,,0.01,393.08,0.02,10.0,,,2335.585745,1776339263000
1776339265.275,265.275,0.97,215.45,0.96,15.0,0.99,2460.32,,,,,,,0.03,210.45,0.04,34.0,0.02,,2335.585745,1776339263000
1776339265.603,265.603,0.97,182.45,0.96,15.0,0.99,2455.32,,,0.01,2460.32,,,0.03,182.45,0.04,15.0,0.02,0.02,2335.278248,1776339264000
1776339265.811,265.811,0.97,177.33,0.96,15.0,0.99,2465.32,,,0.01,2455.32,,,0.03,182.45,0.04,15.0,0.02,0.02,2335.278248,1776339264000
1776339266.023,266.023,0.97,184.33,0.96,15.0,0.99,2832.9,,,0.01,2465.32,,,0.03,177.33,0.04,15.0,0.02,0.02,2335.278248,1776339264000
1776339266.339,266.339,0.97,180.33,0.95,22.0,0.98,86.93,0.99,2826.88,0.01,2801.88,,,0.03,190.33,0.04,15.0,0.01,0.02,2334.74941,1776339265000
1776339266.54,266.54,0.97,4.27,0.95,27.0,0.98,281.22,0.99,2821.88,0.02,281.22,0.01,2821.88,0.03,54.27,0.05,27.0,0.01,0.01,2334.74941,1776339265000
1776339266.768,266.768,0.86,65.0,0.85,10.0,0.87,45.97,0.93,10.0,0.13,47.12,0.07,10.0,0.14,65.0,0.15,10.0,0.01,0.01,2334.74941,1776339265000
1776339266.997,266.997,0.93,17.0,0.91,15.0,0.94,3.8,0.95,10.0,0.06,7.0,0.05,10.0,0.08,15.0,0.09,10.0,0.01,0.02,2334.74941,1776339265000
1776339267.296,267.296,0.92,24.12,0.91,27.0,0.95,10.0,0.96,35.0,0.04,23.8,0.03,169.7,0.08,29.0,0.09,15.0,0.03,0.04,2334.74941,1776339265000
1776339267.598,267.598,0.93,15.0,0.92,24.12,0.95,8.0,0.96,35.0,0.05,10.0,0.04,35.0,0.08,24.12,0.09,27.0,0.02,0.03,2334.74941,1776339265000
1776339267.839,267.839,0.94,27.0,0.93,10.0,0.95,29.0,0.96,35.0,0.04,35.0,0.03,169.7,0.05,22.0,0.07,10.0,0.01,0.01,2334.38294,1776339266000
1776339268.231,268.231,0.94,20.0,0.93,10.0,0.95,23.08,0.96,108.8,0.05,23.08,0.04,40.0,0.06,32.0,0.07,10.0,0.01,0.01,2334.38294,1776339266000
1776339268.478,268.478,0.94,9.96,0.93,10.0,0.96,108.8,0.97,169.7,0.04,108.8,0.03,169.7,0.06,15.0,0.07,10.0,0.02,0.02,2334.38294,1776339266000
1776339268.957,268.957,0.94,9.96,0.93,20.0,0.96,93.3,0.97,169.7,0.04,98.3,0.03,169.7,0.05,22.0,0.06,9.96,0.02,0.01,2334.088376,1776339267000
1776339269.481,269.481,0.95,40.0,0.94,30.96,0.96,50.3,0.97,138.7,0.04,87.3,0.03,174.7,0.06,9.96,0.07,199.89,0.01,0.02,2334.00922,1776339268000
1776339269.79,269.79,0.95,16.32,0.94,35.96,0.96,11.3,0.97,138.7,0.04,1.3,0.03,138.7,0.05,24.99,0.06,30.96,0.01,0.01,2334.00922,1776339268000
1776339270.158,270.158,0.95,26.15,0.94,43.72,0.96,0.78,0.97,10.0,0.04,0.78,0.03,133.7,0.05,20.0,0.06,53.72,0.01,0.01,2334.00922,1776339268000
1776339270.384,270.384,0.95,7.42,0.94,43.72,0.96,10.78,0.97,10.0,0.04,0.78,0.03,10.0,0.05,12.3,0.06,43.72,0.01,0.01,2334.00922,1776339268000
1776339270.843,270.843,0.94,26.57,0.93,15.0,0.96,30.38,0.97,10.0,0.04,10.78,0.03,10.0,0.05,7.42,0.06,43.72,0.02,0.01,2334.00922,1776339268000
1776339271.186,271.186,0.94,33.87,0.93,59.96,0.95,10.0,0.96,30.38,0.04,30.38,0.03,10.0,0.06,26.57,0.07,15.0,0.01,0.02,2333.98818,1776339269000
1776339271.697,271.697,0.94,23.87,0.93,59.96,0.95,5.0,0.96,30.38,0.05,10.0,0.04,30.38,0.06,33.87,0.07,59.96,0.01,0.01,2334.0628,1776339270000
1776339272.079,272.079,0.94,209.47,0.93,15.0,0.95,19.6,0.96,10.0,0.05,5.0,0.04,30.38,0.06,23.87,0.07,59.96,0.01,0.01,2334.0628,1776339270000
1776339272.42,272.42,0.95,30.26,0.94,185.6,0.96,4.79,0.97,10.0,0.04,10.0,0.03,10.0,0.06,204.47,0.07,15.0,0.01,0.02,2334.08065,1776339271000
1776339273.21,273.21,0.95,78.15,0.94,31.0,0.97,9.74,0.98,10.0,0.04,4.79,0.03,10.0,0.05,30.26,0.06,185.6,0.02,0.01,2334.11785,1776339272000
1776339273.443,273.443,0.95,73.15,0.94,10.0,0.96,33.95,0.97,34.74,0.03,9.74,0.02,10.0,0.05,78.15,0.06,31.0,0.01,0.02,2334.11785,1776339272000
1776339273.711,273.711,0.93,10.0,0.92,38.0,0.96,13.95,0.97,34.74,0.04,33.95,0.03,34.74,0.05,73.15,0.06,10.0,0.03,0.01,2334.11785,1776339272000
1776339275.297,275.297,0.91,3.71,0.9,10.0,0.96,13.95,0.97,34.74,0.04,13.95,0.03,34.74,0.07,10.0,0.08,38.0,0.05,0.03,2334.08088,1776339273000
1776339276.046,276.046,0.94,136.16,0.93,42.0,0.95,8.3,0.96,13.95,0.05,9.36,0.04,8.95,0.08,10.0,0.09,3.71,0.01,0.03,2334.08083,1776339274000
1776339276.259,276.259,0.94,141.16,0.93,37.0,0.95,3.3,0.96,13.95,0.05,8.3,0.04,13.95,0.06,136.16,0.07,42.0,0.01,0.01,2334.00584,1776339275000
1776339276.595,276.595,0.94,146.16,0.93,37.0,0.95,8.94,0.96,10.14,0.04,10.14,0.03,9.74,0.06,136.16,0.07,37.0,0.01,0.02,2334.00584,1776339275000
1776339276.994,276.994,0.94,177.97,0.93,37.0,0.95,3.94,0.96,10.14,0.05,8.94,0.04,10.14,0.06,146.16,0.07,37.0,0.01,0.01,2334.00584,1776339275000
1776339277.537,277.537,0.94,41.81,0.93,37.0,0.96,2.24,0.97,9.74,0.05,3.94,0.04,10.14,0.06,177.97,0.07,37.0,0.02,0.01,2334.00584,1776339275000
1776339278.301,278.301,0.95,10.0,0.94,51.81,0.97,1.52,0.98,15.0,0.04,2.24,0.03,9.74,0.06,41.81,0.07,37.0,0.02,0.02,2333.928564,1776339276000
1776339278.574,278.574,0.96,20.0,0.95,48.0,0.98,1.4,0.99,2728.28,0.03,1.52,0.02,15.0,0.05,10.0,0.06,51.81,0.02,0.02,2333.928564,1776339277000
1776339279.095,279.095,0.96,144.81,0.95,15.0,0.97,2.29,0.98,1.4,0.02,1.4,0.01,2728.28,0.04,20.0,0.05,48.0,0.01,0.02,2333.928564,1776339277000
1776339280.441,280.441,0.97,51.81,0.96,108.0,0.99,2732.48,,,0.03,2.29,0.02,1.4,0.04,144.81,0.05,15.0,0.02,0.01,2333.94638,1776339279000
1776339280.73,280.73,0.97,51.81,0.96,103.0,0.98,8.97,0.99,2732.48,0.01,2732.48,,,0.03,51.81,0.04,108.0,0.01,0.02,2333.94638,1776339279000
1776339281.157,281.157,0.97,56.81,0.96,103.0,0.99,2690.85,,,0.02,8.97,0.01,2732.48,0.03,51.81,0.04,103.0,0.02,0.01,2333.94638,1776339279000
1776339281.585,281.585,0.98,10.0,0.97,56.81,0.99,2685.85,,,0.01,2690.85,,,0.03,56.81,0.04,103.0,0.01,0.02,2333.94638,1776339279000
1776339281.847,281.847,0.97,46.81,0.96,82.0,0.99,2670.64,,,0.01,2685.85,,,0.02,10.0,0.03,56.81,0.02,0.01,2333.94638,1776339279000
1776339282.543,282.543,0.97,46.81,0.96,82.0,0.99,2560.58,,,0.01,2670.64,,,0.03,46.81,0.04,82.0,0.02,0.02,2334.143845,1776339281000
1776339283.568,283.568,0.97,46.81,0.96,82.0,0.99,2557.74,,,0.01,2560.58,,,0.03,46.81,0.04,82.0,0.02,0.02,2334.151165,1776339282000
1776339284.689,284.689,0.98,5.0,0.97,46.81,0.99,538.74,,,0.01,2557.74,,,0.03,46.81,0.04,82.0,0.01,0.02,2334.2531,1776339283000
1776339284.962,284.962,0.98,5.0,0.97,41.81,0.99,516.53,,,0.01,518.53,,,0.02,5.0,0.03,41.81,0.01,0.01,2334.2531,1776339283000
1776339285.433,285.433,0.98,31.81,0.97,10.0,0.99,465.98,,,0.01,460.98,,,0.02,5.0,0.03,41.81,0.01,0.01,2334.22027,1776339284000
1776339286.014,286.014,0.98,36.81,0.97,10.0,0.99,446.93,,,0.01,456.93,,,0.02,36.81,0.03,10.0,0.01,0.01,2334.22027,1776339284000
1776339286.317,286.317,0.98,36.81,0.97,10.0,0.99,432.7,,,0.01,433.72,,,0.02,36.81,0.03,10.0,0.01,0.01,2334.1931,1776339285000
1776339286.657,286.657,0.98,36.81,0.97,10.0,0.99,417.7,,,0.01,432.7,,,0.02,36.81,0.03,10.0,0.01,0.01,2334.1931,1776339285000
1776339287.408,287.408,0.98,36.81,0.97,10.0,0.99,411.7,,,0.01,417.7,,,0.02,36.81,0.03,10.0,0.01,0.01,2334.18805,1776339286000
1776339287.627,287.627,0.98,36.81,0.97,10.0,0.99,406.7,,,0.01,411.7,,,0.02,36.81,0.03,10.0,0.01,0.01,2334.18805,1776339286000
1776339288.932,288.932,0.98,36.81,0.97,16.0,0.99,371.34,,,0.01,406.7,,,0.02,36.81,0.03,10.0,0.01,0.01,2334.18805,1776339287000
1776339289.433,289.433,0.98,112.56,0.97,16.0,0.99,374.31,,,0.01,371.34,,,0.02,36.81,0.03,16.0,0.01,0.01,2334.20805,1776339288000
1776339290.087,290.087,0.98,112.56,0.97,21.0,0.99,339.0,,,0.01,374.31,,,0.02,112.56,0.03,16.0,0.01,0.01,2334.20805,1776339288000
1776339290.545,290.545,0.98,112.56,0.97,21.0,0.99,106.61,,,0.01,303.64,,,0.02,112.56,0.03,21.0,0.01,0.01,2334.203391,1776339289000
1776339290.826,290.826,0.98,117.56,0.97,21.0,0.99,46.61,,,0.01,86.61,,,0.02,112.56,0.03,21.0,0.01,0.01,2334.203391,1776339289000
1776339291.053,291.053,0.98,112.56,0.97,21.0,0.99,42.61,,,0.01,46.61,,,0.02,117.56,0.03,21.0,0.01,0.01,2334.203391,1776339289000
1776339291.912,291.912,0.99,2488.47,0.98,112.56,,,,,,,,,0.01,264.43,0.02,112.56,,,2334.235895,1776339290000

# RESULT,winner=Up,slug=eth-updown-5m-1776339000,ticks=374
