timestamp,elapsed_sec,up_bid_p1,up_bid_s1,up_bid_p2,up_bid_s2,up_ask_p1,up_ask_s1,up_ask_p2,up_ask_s2,down_bid_p1,down_bid_s1,down_bid_p2,down_bid_s2,down_ask_p1,down_ask_s1,down_ask_p2,down_ask_s2,up_spread,down_spread,eth_price,eth_oracle_ts
1776181811.489,11.489,0.46,15.0,0.45,20.0,0.47,48.99,0.48,68.86,0.53,38.99,0.52,68.86,0.54,20.0,0.55,20.0,0.01,0.01,2365.15558,1776181810000
1776181811.976,11.976,0.46,19.45,0.45,20.0,0.47,43.99,0.48,63.86,0.53,38.99,0.52,68.86,0.54,20.0,0.55,20.0,0.01,0.01,2365.15558,1776181810000
1776181812.594,12.594,0.46,19.45,0.45,15.0,0.47,38.99,0.48,63.86,0.53,43.99,0.52,63.86,0.54,19.45,0.55,20.0,0.01,0.01,2365.12193,1776181811000
1776181813.216,13.216,0.46,14.45,0.45,20.0,0.47,53.99,0.48,63.86,0.53,38.99,0.52,63.86,0.54,19.45,0.55,15.0,0.01,0.01,2365.12193,1776181811000
1776181813.546,13.546,0.46,14.45,0.45,20.0,0.47,53.99,0.48,63.86,0.53,53.99,0.52,63.86,0.54,14.45,0.55,20.0,0.01,0.01,2365.225387,1776181812000
1776181813.892,13.892,0.47,45.0,0.46,151.45,0.49,5.0,0.5,41.0,0.53,53.99,0.52,63.86,0.54,14.45,0.55,20.0,0.02,0.01,2365.225387,1776181812000
1776181814.289,14.289,0.49,50.0,0.48,55.0,0.51,45.0,0.52,15.0,0.5,26.0,0.49,40.0,0.52,30.0,0.53,45.0,0.02,0.02,2365.225387,1776181812000
1776181814.626,14.626,0.49,50.0,0.48,55.0,0.51,45.0,0.52,15.0,0.49,45.0,0.48,15.0,0.51,50.0,0.52,55.0,0.02,0.02,2365.286136,1776181813000
1776181815.407,15.407,0.5,20.0,0.49,55.0,0.52,41.0,0.53,15.0,0.48,41.0,0.47,15.0,0.5,20.0,0.51,55.0,0.02,0.02,2365.264018,1776181814000
1776181815.697,15.697,0.51,10.0,0.5,25.0,0.52,7.11,0.53,56.0,0.47,57.0,0.46,15.0,0.49,15.0,0.5,20.0,0.01,0.02,2365.264018,1776181814000
1776181816.135,16.135,0.51,10.0,0.5,25.0,0.52,7.11,0.53,56.0,0.48,7.11,0.47,56.0,0.49,10.0,0.5,25.0,0.01,0.01,2365.516762,1776181815000
1776181816.503,16.503,0.51,15.0,0.5,25.0,0.52,36.61,0.53,56.0,0.48,34.11,0.47,56.0,0.49,15.0,0.5,25.0,0.01,0.01,2365.516762,1776181815000
1776181816.968,16.968,0.51,15.0,0.5,25.0,0.52,36.99,0.53,56.0,0.48,36.99,0.47,56.0,0.49,15.0,0.5,25.0,0.01,0.01,2365.516762,1776181815000
1776181817.631,17.631,0.51,15.0,0.5,25.0,0.52,36.99,0.53,56.0,0.48,36.99,0.47,56.0,0.49,15.0,0.5,25.0,0.01,0.01,2365.671954,1776181816000
1776181818.163,18.163,0.51,15.0,0.5,25.0,0.52,36.99,0.53,56.0,0.48,36.99,0.47,56.0,0.49,15.0,0.5,25.0,0.01,0.01,2365.59233,1776181817000
1776181818.58,18.58,0.55,105.0,0.54,35.0,0.61,5.0,0.62,10.0,0.44,1.0,0.41,22.0,0.45,41.0,0.46,45.0,0.06,0.01,2365.59233,1776181817000
1776181818.869,18.869,0.61,120.0,0.6,15.0,0.62,9.09,0.67,10.0,0.38,15.77,0.31,13.0,0.39,155.0,0.4,15.0,0.01,0.01,2365.59233,1776181817000
1776181819.249,19.249,0.67,62.0,0.66,90.0,0.68,0.26,0.69,52.0,0.31,5.0,0.3,10.0,0.33,52.0,0.34,20.0,0.01,0.02,2365.59233,1776181817000
1776181819.662,19.662,0.67,62.0,0.66,98.0,0.69,68.66,0.7,34.0,0.31,68.66,0.3,34.0,0.33,62.0,0.34,98.0,0.02,0.02,2365.692672,1776181818000
1776181820.125,20.125,0.68,21.87,0.67,77.0,0.69,3.66,0.7,34.0,0.31,3.66,0.3,34.0,0.32,14.85,0.33,77.0,0.01,0.01,2365.692672,1776181818000
1776181821.654,21.654,0.68,21.87,0.67,77.0,0.69,3.66,0.7,34.0,0.31,3.66,0.3,34.0,0.32,21.87,0.33,77.0,0.01,0.01,2367.5991,1776181820000
1776181822.031,22.031,0.68,160.0,0.67,192.0,0.69,3.66,0.71,113.42,0.31,3.66,0.3,34.0,0.32,21.87,0.33,77.0,0.01,0.01,2367.5991,1776181820000
1776181823.434,23.434,0.68,160.0,0.67,192.0,0.69,3.66,0.71,113.42,0.31,3.66,0.29,113.42,0.32,160.0,0.33,192.0,0.01,0.01,2367.556813,1776181822000
1776181823.692,23.692,0.68,145.0,0.67,197.0,0.69,33.66,0.7,39.0,0.31,3.66,0.29,113.42,0.32,160.0,0.33,192.0,0.01,0.01,2367.556813,1776181822000
1776181824.084,24.084,0.68,145.0,0.67,197.0,0.69,4.67,0.7,39.0,0.31,33.66,0.3,39.0,0.32,145.0,0.33,197.0,0.01,0.01,2367.556813,1776181822000
1776181824.626,24.626,0.68,75.0,0.67,162.0,0.69,38.0,0.7,152.0,0.31,4.67,0.3,39.0,0.32,145.0,0.33,197.0,0.01,0.01,2367.568554,1776181823000
1776181825.268,25.268,0.68,5.0,0.67,52.0,0.69,313.5,0.7,217.0,0.31,38.0,0.3,152.0,0.32,65.0,0.33,162.0,0.01,0.01,2367.568554,1776181823000
1776181825.687,25.687,0.67,85.0,0.66,15.0,0.68,5.0,0.69,139.0,0.32,21.0,0.31,189.95,0.33,40.0,0.35,40.0,0.01,0.01,2367.620556,1776181824000
1776181826.43,26.43,0.67,36.66,0.66,15.0,0.68,34.0,0.69,110.0,0.32,5.0,0.31,139.0,0.33,85.0,0.34,15.0,0.01,0.01,2367.620556,1776181824000
1776181826.653,26.653,0.67,29.66,0.66,20.0,0.68,94.0,0.69,132.0,0.32,34.0,0.31,110.0,0.33,36.66,0.34,15.0,0.01,0.01,2367.520233,1776181825000
1776181827.103,27.103,0.69,7.0,0.67,81.32,0.7,5.0,0.72,148.0,0.32,29.0,0.3,216.0,0.33,36.32,0.34,50.0,0.01,0.01,2367.520233,1776181825000
1776181827.367,27.367,0.69,42.32,0.68,20.0,0.7,5.0,0.71,105.0,0.3,5.0,0.28,148.0,0.31,7.0,0.33,81.32,0.01,0.01,2367.506321,1776181826000
1776181827.711,27.711,0.69,35.86,0.68,20.0,0.7,5.0,0.71,105.0,0.3,5.0,0.29,105.0,0.31,34.09,0.32,20.0,0.01,0.01,2367.506321,1776181826000
1776181828.242,28.242,0.69,27.63,0.68,20.0,0.7,5.0,0.71,105.0,0.3,5.0,0.29,105.0,0.31,35.86,0.32,20.0,0.01,0.01,2367.506321,1776181826000
1776181828.795,28.795,0.69,29.4,0.68,20.0,0.7,3.42,0.71,105.0,0.3,5.0,0.29,105.0,0.31,29.4,0.32,20.0,0.01,0.01,2367.34699,1776181827000
1776181829.07,29.07,0.69,29.4,0.68,20.0,0.7,1.42,0.71,105.0,0.3,3.42,0.29,105.0,0.31,29.4,0.32,20.0,0.01,0.01,2367.34699,1776181827000
1776181829.673,29.673,0.69,34.4,0.68,20.0,0.71,104.85,0.72,115.0,0.29,104.85,0.28,115.0,0.31,34.4,0.32,20.0,0.02,0.02,2367.497432,1776181828000
1776181830.071,30.071,0.73,20.0,0.72,30.0,0.75,104.0,0.76,120.0,0.26,19.0,0.25,105.0,0.27,19.07,0.28,45.0,0.02,0.01,2367.497432,1776181828000
1776181830.294,30.294,0.73,10.47,0.72,25.0,0.75,142.66,0.76,157.0,0.25,147.66,0.24,157.0,0.26,10.0,0.27,11.96,0.02,0.01,2367.638025,1776181829000
1776181830.538,30.538,0.73,10.47,0.72,25.0,0.75,161.32,0.76,157.0,0.25,146.32,0.24,157.0,0.26,10.0,0.27,10.47,0.02,0.01,2367.638025,1776181829000
1776181830.868,30.868,0.72,10.47,0.71,10.0,0.74,33.0,0.75,161.32,0.25,161.32,0.24,157.0,0.27,10.47,0.28,25.0,0.02,0.02,2367.638025,1776181829000
1776181831.103,31.103,0.72,5.0,0.7,15.0,0.73,47.93,0.74,55.0,0.26,33.0,0.25,161.32,0.28,10.47,0.29,10.0,0.01,0.02,2367.638025,1776181829000
1776181831.331,31.331,0.67,231.3,0.66,207.0,0.73,32.93,0.74,64.0,0.27,32.93,0.26,64.0,0.33,231.3,0.34,207.0,0.06,0.06,2367.668278,1776181830000
1776181832.002,32.002,0.69,15.0,0.68,10.0,0.7,25.0,0.71,10.0,0.29,15.0,0.28,20.0,0.31,6.77,0.32,10.0,0.01,0.02,2367.668278,1776181830000
1776181832.502,32.502,0.73,55.0,0.72,15.0,0.74,10.0,0.75,138.32,0.26,74.0,0.25,133.32,0.31,155.99,0.32,43.0,0.01,0.05,2367.668278,1776181830000
1776181833.025,33.025,0.72,35.0,0.71,27.0,0.73,20.0,0.74,30.0,0.26,10.0,0.25,138.32,0.27,55.0,0.28,15.0,0.01,0.01,2367.87363,1776181831000
1776181833.547,33.547,0.72,45.0,0.71,27.0,0.73,28.0,0.74,23.57,0.26,23.57,0.25,111.32,0.28,35.0,0.29,27.0,0.01,0.02,2367.877978,1776181832000
1776181834.351,34.351,0.72,45.0,0.71,27.0,0.73,37.3,0.74,23.57,0.27,28.0,0.26,23.57,0.28,45.0,0.29,27.0,0.01,0.01,2367.877978,1776181832000
1776181834.866,34.866,0.7,9.0,0.69,15.0,0.73,33.0,0.74,206.09,0.27,37.3,0.26,23.57,0.28,45.0,0.29,27.0,0.03,0.01,2367.868235,1776181833000
1776181835.217,35.217,0.7,23.0,0.69,5.0,0.71,61.0,0.72,120.0,0.29,7.0,0.27,28.0,0.3,9.0,0.31,15.0,0.01,0.01,2367.91782,1776181834000
1776181835.794,35.794,0.7,11.33,0.69,5.0,0.71,40.0,0.72,120.0,0.29,61.0,0.28,120.0,0.3,23.0,0.31,5.0,0.01,0.01,2367.91782,1776181834000
1776181836.204,36.204,0.7,11.33,0.69,5.0,0.71,40.0,0.72,120.0,0.29,40.0,0.28,120.0,0.3,11.33,0.31,5.0,0.01,0.01,2367.950898,1776181835000
1776181837.197,37.197,0.7,17.66,0.69,15.0,0.71,23.0,0.72,20.0,0.29,40.0,0.28,120.0,0.3,43.33,0.31,15.0,0.01,0.01,2367.950898,1776181835000
1776181838.445,38.445,0.7,17.66,0.69,15.0,0.72,20.0,0.73,115.0,0.28,20.0,0.27,115.0,0.3,17.66,0.31,15.0,0.02,0.02,2367.71903,1776181837000
1776181839.089,39.089,0.77,5.65,0.76,80.0,0.78,115.0,0.79,135.0,0.22,115.0,0.21,135.0,0.23,5.65,0.24,80.0,0.01,0.01,2367.794301,1776181838000
1776181840.212,40.212,0.79,105.0,0.78,39.0,0.82,34.4,0.83,25.5,0.2,37.5,0.19,23.4,0.22,90.0,0.23,150.65,0.03,0.02,2367.794301,1776181838000
1776181840.535,40.535,0.82,141.98,0.81,28.0,0.83,30.22,0.84,76.8,0.18,34.4,0.17,25.5,0.21,105.0,0.22,39.0,0.01,0.03,2368.313548,1776181839000
1776181840.898,40.898,0.83,140.98,0.82,35.0,0.85,134.93,0.86,129.9,0.16,76.8,0.15,128.2,0.18,171.98,0.19,48.0,0.02,0.02,2368.313548,1776181839000
1776181841.452,41.452,0.84,174.85,0.83,15.0,0.85,4.43,0.87,31.8,0.15,159.93,0.14,129.9,0.16,2.87,0.17,140.98,0.01,0.01,2368.313548,1776181839000
1776181841.719,41.719,0.86,10.0,0.85,10.0,0.87,26.91,0.88,194.1,0.13,31.8,0.12,194.1,0.16,62.87,0.17,28.0,0.01,0.03,2368.313548,1776181839000
1776181841.95,41.95,0.86,129.69,0.85,23.0,0.87,31.91,0.88,194.1,0.13,26.91,0.12,194.1,0.14,10.0,0.15,10.0,0.01,0.01,2369.241568,1776181840000
1776181842.203,42.203,0.86,139.98,0.85,18.0,0.87,52.04,0.88,194.1,0.13,20.41,0.12,194.1,0.14,137.69,0.15,23.0,0.01,0.01,2369.241568,1776181840000
1776181842.431,42.431,0.86,58.0,0.85,23.0,0.87,14.28,0.88,194.1,0.13,52.04,0.12,194.1,0.14,139.98,0.15,18.0,0.01,0.01,2369.836018,1776181841000
1776181842.718,42.718,0.87,13.76,0.86,38.0,0.88,321.49,0.89,147.79,0.12,194.1,0.11,147.79,0.14,174.98,0.15,23.0,0.01,0.02,2369.836018,1776181841000
1776181842.949,42.949,0.87,10.68,0.86,33.0,0.88,295.68,0.89,147.79,0.12,338.68,0.11,147.79,0.13,13.76,0.14,28.0,0.01,0.01,2369.836018,1776181841000
1776181843.328,43.328,0.87,10.0,0.86,28.0,0.88,362.44,0.89,147.79,0.12,295.68,0.11,147.79,0.13,10.68,0.14,33.0,0.01,0.01,2369.855087,1776181842000
1776181843.693,43.693,0.87,191.4,0.86,66.43,0.88,160.03,0.89,147.79,0.12,362.44,0.11,147.79,0.14,19.42,0.15,62.0,0.01,0.02,2369.855087,1776181842000
1776181844.082,44.082,0.87,191.98,0.86,56.43,0.88,162.19,0.89,147.79,0.12,155.03,0.11,147.79,0.13,97.92,0.14,56.43,0.01,0.01,2369.855087,1776181842000
1776181844.334,44.334,0.87,110.59,0.86,66.43,0.89,111.0,0.9,161.0,0.12,151.78,0.11,147.79,0.13,81.59,0.14,61.43,0.02,0.01,2370.280489,1776181843000
1776181844.943,44.943,0.88,96.39,0.87,68.06,0.89,123.93,0.9,304.32,0.11,111.0,0.1,161.0,0.13,110.59,0.14,66.43,0.01,0.02,2370.280489,1776181843000
1776181845.395,45.395,0.88,88.05,0.87,68.06,0.89,114.75,0.9,264.32,0.11,123.93,0.1,304.32,0.12,96.39,0.13,68.06,0.01,0.01,2370.491672,1776181844000
1776181845.6,45.6,0.88,83.0,0.87,68.06,0.89,92.28,0.9,264.32,0.11,114.75,0.1,264.32,0.12,88.05,0.13,68.06,0.01,0.01,2370.491672,1776181844000
1776181845.802,45.802,0.89,5.0,0.88,37.01,0.9,182.07,0.91,84.0,0.1,183.19,0.09,84.0,0.11,5.0,0.12,42.01,0.01,0.01,2370.491672,1776181844000
1776181846.281,46.281,0.89,5.0,0.88,37.01,0.9,182.07,0.91,84.0,0.1,182.07,0.09,84.0,0.11,5.0,0.12,37.01,0.01,0.01,2370.706595,1776181845000
1776181846.935,46.935,0.88,160.51,0.87,118.0,0.9,13.65,0.91,186.94,0.1,182.07,0.09,84.0,0.11,5.0,0.12,37.01,0.02,0.01,2370.706595,1776181845000
1776181847.194,47.194,0.88,160.51,0.87,118.0,0.9,13.65,0.91,186.94,0.1,13.65,0.09,186.94,0.12,160.51,0.13,118.0,0.02,0.02,2370.920315,1776181846000
1776181847.522,47.522,0.88,29.01,0.87,171.0,0.89,80.97,0.9,23.65,0.1,13.65,0.09,186.94,0.12,160.51,0.13,118.0,0.01,0.02,2370.920315,1776181846000
1776181848.208,48.208,0.88,29.01,0.87,171.0,0.89,80.97,0.9,23.65,0.11,80.97,0.1,23.65,0.12,29.01,0.13,171.0,0.01,0.01,2370.871085,1776181847000
1776181848.931,48.931,0.88,15.0,0.87,63.0,0.89,24.18,0.9,88.65,0.11,80.97,0.1,23.65,0.12,29.01,0.13,171.0,0.01,0.01,2370.871085,1776181847000
1776181849.218,49.218,0.88,15.0,0.87,63.0,0.89,24.18,0.9,88.65,0.11,24.18,0.1,88.65,0.12,15.0,0.13,63.0,0.01,0.01,2370.92692,1776181848000
1776181850.299,50.299,0.88,20.0,0.87,68.0,0.89,14.88,0.9,88.65,0.11,14.88,0.1,88.65,0.12,20.0,0.13,68.0,0.01,0.01,2370.85164,1776181849000
1776181850.869,50.869,0.89,5.0,0.88,46.01,0.9,18.65,0.91,92.0,0.11,14.88,0.1,88.65,0.12,20.0,0.13,68.0,0.01,0.01,2370.85164,1776181849000
1776181851.338,51.338,0.89,5.0,0.88,46.01,0.9,18.65,0.91,92.0,0.1,18.65,0.09,92.0,0.11,5.0,0.12,46.01,0.01,0.01,2370.790201,1776181850000
1776181851.86,51.86,0.89,145.0,0.88,183.01,0.9,5.31,0.91,44.0,0.1,18.65,0.09,92.0,0.11,5.0,0.12,46.01,0.01,0.01,2370.790201,1776181850000
1776181852.366,52.366,0.89,145.0,0.88,183.01,0.9,5.31,0.91,44.0,0.1,5.31,0.09,44.0,0.11,145.0,0.12,183.01,0.01,0.01,2370.805585,1776181851000
1776181852.615,52.615,0.89,25.91,0.88,83.01,0.9,79.31,0.91,49.0,0.1,5.31,0.09,44.0,0.11,145.0,0.12,183.01,0.01,0.01,2370.805585,1776181851000
1776181852.937,52.937,0.89,25.91,0.88,83.01,0.9,79.31,0.91,49.0,0.1,79.31,0.09,49.0,0.11,25.91,0.12,83.01,0.01,0.01,2370.83616,1776181852000
1776181853.998,53.998,0.89,25.91,0.88,83.01,0.9,79.31,0.91,49.0,0.1,79.31,0.09,49.0,0.11,25.91,0.12,83.01,0.01,0.01,2370.8855,1776181853000
1776181855.648,55.648,0.89,26.91,0.88,183.01,0.9,67.19,0.91,67.0,0.1,67.19,0.09,67.0,0.11,26.91,0.12,183.01,0.01,0.01,2370.89825,1776181854000
1776181855.946,55.946,0.89,13.0,0.88,188.01,0.91,128.0,0.92,130.9,0.1,67.19,0.09,67.0,0.11,26.91,0.12,183.01,0.02,0.01,2370.89825,1776181854000
1776181856.273,56.273,0.89,13.0,0.88,188.01,0.91,128.0,0.92,130.9,0.09,128.0,0.08,130.9,0.11,13.0,0.12,188.01,0.02,0.02,2370.892917,1776181855000
1776181856.496,56.496,0.9,11.0,0.89,56.99,0.91,96.9,0.92,205.9,0.09,128.0,0.08,130.9,0.11,13.0,0.12,188.01,0.01,0.02,2370.892917,1776181855000
1776181857.534,57.534,0.89,60.08,0.88,191.01,0.91,78.9,0.92,205.9,0.09,78.9,0.08,205.9,0.11,60.08,0.12,191.01,0.02,0.02,2370.870061,1776181856000
1776181857.74,57.74,0.87,177.99,0.86,193.0,0.89,10.0,0.9,20.0,0.1,10.0,0.09,165.9,0.12,91.99,0.13,167.99,0.02,0.02,2370.870061,1776181856000
1776181857.985,57.985,0.88,31.0,0.87,44.14,0.89,110.0,0.9,191.7,0.11,10.0,0.1,20.0,0.13,24.14,0.14,193.0,0.01,0.02,2370.870061,1776181856000
1776181858.224,58.224,0.88,46.11,0.87,70.97,0.89,129.18,0.9,155.0,0.11,110.0,0.1,191.7,0.12,13.0,0.13,44.14,0.01,0.01,2370.870061,1776181856000
1776181859.39,59.39,0.88,51.11,0.87,70.97,0.89,118.0,0.9,155.0,0.11,129.19,0.1,155.0,0.12,46.11,0.13,70.97,0.01,0.01,2370.871084,1776181857000
1776181860.287,60.287,0.88,51.11,0.87,70.97,0.89,118.0,0.9,155.0,0.11,118.0,0.1,155.0,0.12,51.11,0.13,70.97,0.01,0.01,2370.701665,1776181859000
1776181860.795,60.795,0.88,39.66,0.87,23.0,0.89,102.77,0.9,194.0,0.11,118.0,0.1,155.0,0.12,51.11,0.13,70.97,0.01,0.01,2370.701665,1776181859000
1776181861.497,61.497,0.88,427.21,0.87,101.69,0.89,262.59,0.9,194.0,0.11,262.59,0.1,194.0,0.12,427.21,0.13,101.69,0.01,0.01,2370.755385,1776181860000
1776181862.088,62.088,0.88,38.82,0.87,28.0,0.89,104.01,0.9,189.0,0.11,109.01,0.1,189.0,0.12,49.66,0.13,28.0,0.01,0.01,2370.755385,1776181860000
1776181862.337,62.337,0.88,38.82,0.87,28.0,0.89,104.01,0.9,189.0,0.11,104.01,0.1,189.0,0.12,38.82,0.13,28.0,0.01,0.01,2370.839046,1776181861000
1776181862.724,62.724,0.88,851.95,0.87,175.38,0.89,142.0,0.9,189.0,0.11,104.01,0.1,189.0,0.12,38.82,0.13,28.0,0.01,0.01,2370.839046,1776181861000
1776181862.972,62.972,0.88,325.53,0.87,101.69,0.89,136.9,0.9,189.0,0.11,131.9,0.1,189.0,0.12,38.82,0.13,28.0,0.01,0.01,2370.839046,1776181861000
1776181863.428,63.428,0.89,50.0,0.88,107.0,0.9,76.0,0.91,191.0,0.11,121.8,0.1,189.0,0.12,325.53,0.13,101.69,0.01,0.01,2370.839046,1776181861000
1776181863.816,63.816,0.89,67.42,0.88,114.09,0.9,204.1,0.91,196.0,0.1,76.0,0.09,191.0,0.11,50.0,0.12,107.0,0.01,0.01,2370.839046,1776181861000
1776181864.386,64.386,0.89,82.42,0.88,119.09,0.9,332.43,0.91,196.0,0.1,204.1,0.09,196.0,0.11,67.42,0.12,114.09,0.01,0.01,2370.93996,1776181862000
1776181864.607,64.607,0.89,82.42,0.88,119.09,0.9,332.43,0.91,196.0,0.1,332.43,0.09,196.0,0.11,82.42,0.12,119.09,0.01,0.01,2370.94026,1776181863000
1776181865.314,65.314,0.89,82.42,0.88,119.09,0.9,332.43,0.91,196.0,0.1,332.43,0.09,196.0,0.11,82.42,0.12,119.09,0.01,0.01,2371.016533,1776181864000
1776181866.301,66.301,0.91,605.54,0.9,143.43,0.92,114.0,0.93,244.0,0.1,332.43,0.09,196.0,0.11,82.42,0.12,119.09,0.01,0.01,2371.016533,1776181864000
1776181866.978,66.978,0.91,605.54,0.9,143.43,0.92,114.0,0.93,244.0,0.08,114.0,0.07,244.0,0.09,605.54,0.1,143.43,0.01,0.01,2371.133763,1776181865000
1776181867.69,67.69,0.91,159.0,0.9,33.0,0.92,166.35,0.93,244.0,0.08,166.35,0.07,244.0,0.09,159.0,0.1,33.0,0.01,0.01,2371.207114,1776181866000
1776181868.468,68.468,0.91,159.0,0.9,33.0,0.92,166.35,0.93,244.0,0.08,166.35,0.07,244.0,0.09,159.0,0.1,33.0,0.01,0.01,2371.784936,1776181867000
1776181868.753,68.753,0.92,559.01,0.91,278.11,0.93,270.41,0.94,232.0,0.07,218.99,0.06,238.0,0.08,569.01,0.09,172.0,0.01,0.01,2371.784936,1776181867000
1776181869.242,69.242,0.92,559.01,0.91,278.11,0.93,270.41,0.94,232.0,0.07,270.41,0.06,232.0,0.08,559.01,0.09,278.11,0.01,0.01,2371.952001,1776181868000
1776181869.603,69.603,0.92,61.0,0.91,167.0,0.93,200.99,0.94,241.0,0.07,270.41,0.06,232.0,0.08,559.01,0.09,278.11,0.01,0.01,2371.952001,1776181868000
1776181869.809,69.809,0.92,1133.26,0.91,378.22,0.93,200.99,0.94,255.0,0.07,200.99,0.06,241.0,0.08,61.0,0.09,167.0,0.01,0.01,2371.952001,1776181868000
1776181870.455,70.455,0.92,1133.26,0.91,378.22,0.93,200.99,0.94,255.0,0.07,200.99,0.06,255.0,0.08,1133.26,0.09,378.22,0.01,0.01,2372.071777,1776181869000
1776181871.143,71.143,0.92,1133.26,0.91,378.22,0.93,200.99,0.94,255.0,0.07,200.99,0.06,255.0,0.08,1133.26,0.09,378.22,0.01,0.01,2372.158725,1776181870000
1776181872.558,72.558,0.92,1133.26,0.91,378.22,0.93,200.99,0.94,255.0,0.07,200.99,0.06,255.0,0.08,1133.26,0.09,378.22,0.01,0.01,2372.300775,1776181871000
1776181873.084,73.084,0.92,46.0,0.91,118.0,0.93,106.03,0.94,238.0,0.07,200.99,0.06,255.0,0.08,1133.26,0.09,378.22,0.01,0.01,2372.300775,1776181871000
1776181873.469,73.469,0.92,46.0,0.91,118.0,0.93,106.03,0.94,238.0,0.07,106.03,0.06,238.0,0.08,46.0,0.09,118.0,0.01,0.01,2372.443549,1776181872000
1776181873.901,73.901,0.92,16.0,0.91,61.0,0.93,269.61,0.94,232.0,0.07,106.03,0.06,238.0,0.08,46.0,0.09,118.0,0.01,0.01,2372.443549,1776181872000
1776181874.22,74.22,0.92,40.0,0.91,96.0,0.93,231.03,0.94,277.0,0.07,330.02,0.06,239.0,0.08,19.0,0.09,56.0,0.01,0.01,2372.421415,1776181873000
1776181874.503,74.503,0.92,162.5,0.91,118.0,0.93,51.99,0.94,272.0,0.07,17.19,0.06,277.0,0.08,623.65,0.09,209.11,0.01,0.01,2372.421415,1776181873000
1776181874.916,74.916,0.92,26.5,0.91,118.0,0.93,51.99,0.94,277.0,0.07,51.99,0.06,272.0,0.08,162.5,0.09,118.0,0.01,0.01,2372.421415,1776181873000
1776181875.852,75.852,0.93,692.29,0.92,138.91,0.94,174.83,0.95,362.69,0.07,51.99,0.06,277.0,0.08,26.5,0.09,118.0,0.01,0.01,2372.458511,1776181874000
1776181876.377,76.377,0.93,510.86,0.92,155.65,0.94,168.93,0.95,306.99,0.06,166.93,0.05,413.99,0.07,689.29,0.08,133.91,0.01,0.01,2372.326544,1776181875000
1776181876.703,76.703,0.88,205.76,0.87,420.0,0.94,196.93,0.95,306.99,0.06,168.93,0.05,306.99,0.07,510.86,0.08,155.65,0.06,0.01,2372.326544,1776181875000
1776181876.992,76.992,0.88,205.76,0.87,420.0,0.94,196.93,0.95,306.99,0.06,196.93,0.05,306.99,0.12,205.76,0.13,420.0,0.06,0.06,2372.38319,1776181876000
1776181877.824,77.824,0.9,5.0,0.89,138.99,0.91,23.9,0.92,115.0,0.06,196.93,0.05,306.99,0.12,205.76,0.13,420.0,0.01,0.06,2372.38319,1776181876000
1776181878.176,78.176,0.9,10.0,0.89,143.99,0.91,0.9,0.92,15.0,0.09,10.0,0.08,115.0,0.1,5.0,0.11,138.99,0.01,0.01,2372.642945,1776181877000
1776181879.008,79.008,0.91,56.0,0.9,219.54,0.92,24.55,0.93,115.0,0.09,0.9,0.08,15.0,0.1,10.0,0.11,143.99,0.01,0.01,2372.642945,1776181877000
1776181880.021,80.021,0.91,56.0,0.9,219.54,0.92,24.55,0.93,115.0,0.08,24.55,0.07,115.0,0.09,56.0,0.1,219.54,0.01,0.01,2372.36504,1776181879000
1776181880.667,80.667,0.92,82.88,0.91,90.94,0.93,81.21,0.94,15.0,0.07,39.92,0.06,67.69,0.08,30.88,0.09,90.94,0.01,0.01,2372.36504,1776181879000
1776181880.927,80.927,0.92,42.88,0.91,170.94,0.93,62.21,0.94,28.0,0.07,62.21,0.06,28.0,0.08,42.88,0.09,170.94,0.01,0.01,2372.315047,1776181880000
1776181881.962,81.962,0.92,42.88,0.91,170.94,0.93,62.21,0.94,28.0,0.07,62.21,0.06,28.0,0.08,42.88,0.09,170.94,0.01,0.01,2372.314759,1776181881000
1776181882.934,82.934,0.91,141.08,0.9,170.54,0.93,124.1,0.94,35.0,0.07,124.1,0.06,35.0,0.09,141.08,0.1,170.54,0.02,0.02,2372.388455,1776181882000
1776181883.565,83.565,0.92,161.46,0.91,59.08,0.93,64.97,0.94,15.0,0.07,124.1,0.06,35.0,0.09,141.08,0.1,170.54,0.01,0.02,2372.388455,1776181882000
1776181883.965,83.965,0.92,105.46,0.91,54.08,0.93,59.97,0.94,15.0,0.07,59.97,0.06,15.0,0.08,105.46,0.09,54.08,0.01,0.01,2372.46226,1776181883000
1776181884.57,84.57,0.91,24.08,0.9,82.41,0.92,187.0,0.93,165.97,0.07,0.97,0.06,22.0,0.08,96.46,0.09,44.08,0.01,0.01,2372.46226,1776181883000
1776181884.88,84.88,0.87,10.0,0.86,15.0,0.88,11.04,0.91,190.0,0.09,10.0,0.08,203.0,0.1,3.96,0.11,15.0,0.01,0.01,2372.46226,1776181883000
1776181886.377,86.377,0.84,18.53,0.83,31.02,0.85,104.0,0.86,165.0,0.11,20.0,0.1,163.0,0.16,13.53,0.17,41.02,0.01,0.05,2372.50811,1776181884000
1776181887.046,87.046,0.84,130.53,0.83,46.02,0.85,41.0,0.86,105.0,0.15,104.0,0.14,165.0,0.16,18.53,0.17,31.02,0.01,0.01,2371.643341,1776181885000
1776181888.338,88.338,0.84,130.53,0.83,46.02,0.85,41.0,0.86,105.0,0.15,41.0,0.14,105.0,0.16,130.53,0.17,46.02,0.01,0.01,2370.508515,1776181887000
1776181888.75,88.75,0.84,159.8,0.83,181.02,0.85,94.7,0.86,155.0,0.15,41.0,0.14,105.0,0.16,130.53,0.17,46.02,0.01,0.01,2370.508515,1776181887000
1776181889.044,89.044,0.84,123.55,0.83,21.02,0.85,100.34,0.86,257.0,0.15,90.29,0.14,155.0,0.16,153.55,0.17,181.02,0.01,0.01,2370.508515,1776181887000
1776181889.551,89.551,0.84,60.55,0.83,16.02,0.85,99.54,0.86,163.0,0.15,87.54,0.14,157.0,0.16,105.55,0.17,16.02,0.01,0.01,2370.508515,1776181887000
1776181889.797,89.797,0.84,48.55,0.83,16.02,0.85,167.36,0.86,233.8,0.15,124.54,0.14,193.0,0.16,48.55,0.17,16.02,0.01,0.01,2370.554995,1776181888000
1776181890.146,90.146,0.84,37.48,0.83,16.02,0.85,155.3,0.86,263.8,0.15,155.3,0.14,263.8,0.16,37.48,0.17,16.02,0.01,0.01,2370.531621,1776181889000
1776181890.419,90.419,0.85,2.66,0.84,117.48,0.86,85.0,0.87,127.0,0.15,54.82,0.14,85.0,0.16,132.48,0.17,86.02,0.01,0.01,2370.531621,1776181889000
1776181890.705,90.705,0.85,152.2,0.84,50.93,0.86,115.11,0.87,97.0,0.14,85.0,0.13,127.0,0.15,2.66,0.16,117.48,0.01,0.01,2370.531621,1776181889000
1776181890.908,90.908,0.85,187.2,0.84,100.93,0.86,108.74,0.87,103.0,0.14,115.11,0.13,97.0,0.15,152.2,0.16,50.93,0.01,0.01,2370.531621,1776181889000
1776181891.239,91.239,0.85,147.2,0.84,70.93,0.86,94.43,0.87,107.0,0.14,71.43,0.13,113.0,0.15,152.2,0.16,25.93,0.01,0.01,2370.531621,1776181889000
1776181891.489,91.489,0.85,157.2,0.84,65.93,0.86,88.15,0.87,107.0,0.14,94.43,0.13,107.0,0.15,147.2,0.16,70.93,0.01,0.01,2370.275939,1776181890000
1776181891.691,91.691,0.85,128.66,0.84,10.93,0.86,93.15,0.87,129.99,0.14,93.15,0.13,107.0,0.15,149.86,0.16,60.93,0.01,0.01,2370.275939,1776181890000
1776181891.897,91.897,0.85,118.66,0.84,70.93,0.86,91.87,0.87,145.99,0.14,98.53,0.13,145.99,0.15,118.66,0.16,70.93,0.01,0.01,2370.275939,1776181890000
1776181892.472,92.472,0.85,118.66,0.84,70.93,0.86,91.87,0.87,145.99,0.14,91.87,0.13,145.99,0.15,118.66,0.16,70.93,0.01,0.01,2370.2023,1776181891000
1776181892.773,92.773,0.85,134.66,0.84,81.93,0.86,83.53,0.87,104.0,0.14,91.87,0.13,145.99,0.15,118.66,0.16,70.93,0.01,0.01,2370.2023,1776181891000
1776181893.131,93.131,0.85,139.66,0.84,81.93,0.86,74.16,0.87,104.0,0.14,74.16,0.13,104.0,0.15,139.66,0.16,81.93,0.01,0.01,2370.355708,1776181892000
1776181893.405,93.405,0.85,6.0,0.84,11.93,0.86,188.33,0.87,241.99,0.14,143.33,0.13,236.99,0.15,16.0,0.16,11.93,0.01,0.01,2370.355708,1776181892000
1776181893.874,93.874,0.83,16.02,0.82,118.75,0.84,92.0,0.85,147.99,0.14,188.33,0.13,301.99,0.17,16.02,0.19,55.0,0.01,0.03,2370.355708,1776181892000
1776181894.134,94.134,0.83,16.02,0.82,118.75,0.84,216.97,0.85,149.99,0.16,92.0,0.15,147.99,0.17,16.02,0.18,118.75,0.01,0.01,2370.355708,1776181892000
1776181894.397,94.397,0.83,16.02,0.82,118.75,0.84,231.98,0.85,209.99,0.16,213.98,0.15,209.99,0.17,16.02,0.18,118.75,0.01,0.01,2370.355708,1776181892000
1776181894.617,94.617,0.82,84.77,0.78,55.0,0.84,341.98,0.85,214.99,0.16,231.98,0.15,209.99,0.17,16.02,0.18,118.75,0.02,0.01,2370.355708,1776181892000
1776181894.937,94.937,0.82,11.65,0.79,65.0,0.83,94.0,0.84,174.99,0.17,174.0,0.16,157.99,0.18,17.77,0.21,65.0,0.01,0.01,2370.228693,1776181893000
1776181895.315,95.315,0.82,11.65,0.79,65.0,0.83,67.79,0.84,144.99,0.17,67.79,0.16,144.99,0.18,11.65,0.21,65.0,0.01,0.01,2369.977888,1776181894000
1776181895.563,95.563,0.82,142.29,0.81,10.0,0.83,235.64,0.84,219.99,0.17,67.79,0.16,144.99,0.18,11.65,0.21,65.0,0.01,0.01,2369.977888,1776181894000
1776181895.824,95.824,0.82,217.09,0.81,20.0,0.83,85.0,0.84,90.0,0.17,85.0,0.16,90.0,0.18,200.17,0.19,70.0,0.01,0.01,2369.977888,1776181894000
1776181896.032,96.032,0.82,179.29,0.81,5.0,0.83,8.26,0.84,90.0,0.17,14.33,0.16,90.0,0.18,179.29,0.19,5.0,0.01,0.01,2369.977888,1776181894000
1776181896.432,96.432,0.82,179.29,0.81,60.0,0.83,36.68,0.84,106.0,0.17,8.26,0.16,90.0,0.18,179.29,0.19,5.0,0.01,0.01,2369.977888,1776181894000
1776181896.758,96.758,0.82,131.73,0.8,65.0,0.83,149.68,0.84,127.0,0.17,36.68,0.16,106.0,0.18,179.29,0.19,60.0,0.01,0.01,2369.601865,1776181895000
1776181896.969,96.969,0.82,136.73,0.81,5.0,0.83,191.58,0.84,178.0,0.17,148.35,0.16,127.0,0.18,131.73,0.2,65.0,0.01,0.01,2369.601865,1776181895000
1776181897.711,97.711,0.82,125.92,0.79,5.0,0.83,199.55,0.84,213.0,0.17,185.55,0.16,178.0,0.18,131.73,0.19,5.0,0.01,0.01,2369.456485,1776181896000
1776181897.997,97.997,0.78,5.55,0.77,60.0,0.79,41.95,0.8,49.0,0.17,330.55,0.16,183.0,0.22,60.55,0.23,60.0,0.01,0.05,2369.456485,1776181896000
1776181898.318,98.318,0.78,5.55,0.77,60.0,0.79,41.95,0.8,49.0,0.21,41.95,0.2,49.0,0.22,5.55,0.23,60.0,0.01,0.01,2369.543845,1776181897000
1776181898.673,98.673,0.76,9.55,0.75,172.03,0.77,74.14,0.78,49.0,0.23,8.14,0.22,15.0,0.24,9.55,0.25,10.0,0.01,0.01,2369.543845,1776181897000
1776181899.022,99.022,0.76,51.61,0.75,172.03,0.77,65.02,0.78,55.8,0.23,66.86,0.22,49.0,0.24,4.55,0.25,172.03,0.01,0.01,2369.543845,1776181897000
1776181899.427,99.427,0.76,126.79,0.75,177.03,0.77,30.0,0.78,93.32,0.22,33.32,0.21,133.94,0.24,51.61,0.25,172.03,0.01,0.02,2369.543845,1776181897000
1776181899.69,99.69,0.76,126.79,0.75,177.03,0.77,30.0,0.78,93.32,0.23,30.0,0.22,93.32,0.24,126.79,0.25,177.03,0.01,0.01,2369.175869,1776181898000
1776181900.127,100.127,0.76,135.88,0.75,70.0,0.77,148.79,0.78,123.51,0.23,30.0,0.22,93.32,0.24,126.79,0.25,177.03,0.01,0.01,2369.175869,1776181898000
1776181900.412,100.412,0.76,139.88,0.75,75.0,0.77,154.33,0.78,131.51,0.23,125.8,0.22,116.51,0.24,84.88,0.25,70.0,0.01,0.01,2369.050851,1776181899000
1776181901.175,101.175,0.78,100.0,0.77,20.0,0.79,22.75,0.8,163.0,0.23,113.73,0.22,131.51,0.24,144.88,0.25,75.0,0.01,0.01,2369.050851,1776181899000
1776181901.536,101.536,0.78,100.0,0.77,20.0,0.79,22.75,0.8,163.0,0.21,22.75,0.2,163.0,0.22,100.0,0.23,20.0,0.01,0.01,2368.676293,1776181900000
1776181901.787,101.787,0.8,345.21,0.79,130.0,0.82,27.5,0.84,47.19,0.19,34.0,0.18,27.5,0.2,345.21,0.21,130.0,0.02,0.01,2368.676293,1776181900000
1776181902.184,102.184,0.81,54.0,0.8,218.21,0.82,25.89,0.84,10.0,0.18,27.5,0.16,47.19,0.2,345.21,0.21,130.0,0.01,0.02,2368.676293,1776181900000
1776181902.597,102.597,0.83,28.11,0.82,60.0,0.84,33.0,0.85,146.99,0.15,91.8,0.14,170.34,0.19,49.0,0.2,208.21,0.01,0.04,2368.676293,1776181900000
1776181902.913,102.913,0.83,24.0,0.82,60.0,0.84,20.0,0.85,156.99,0.16,33.0,0.15,146.99,0.17,28.11,0.18,60.0,0.01,0.01,2368.532371,1776181901000
1776181903.248,103.248,0.83,82.52,0.82,70.0,0.84,66.8,0.85,161.99,0.16,5.0,0.15,156.99,0.17,67.52,0.18,60.0,0.01,0.01,2368.532371,1776181901000
1776181903.779,103.779,0.82,60.0,0.81,65.0,0.83,1.34,0.84,141.0,0.16,51.99,0.15,161.99,0.17,82.52,0.18,70.0,0.01,0.01,2368.550732,1776181902000
1776181904.049,104.049,0.82,42.0,0.81,65.0,0.83,88.2,0.84,183.8,0.17,95.0,0.16,193.8,0.18,42.0,0.19,65.0,0.01,0.01,2368.550732,1776181902000
1776181904.409,104.409,0.82,8.61,0.81,70.0,0.83,3.2,0.84,71.99,0.17,88.2,0.16,183.8,0.18,42.0,0.19,65.0,0.01,0.01,2369.347248,1776181903000
1776181905.29,105.29,0.82,8.61,0.81,70.0,0.83,3.2,0.84,71.99,0.17,3.2,0.16,71.99,0.18,8.61,0.19,70.0,0.01,0.01,2369.394435,1776181904000
1776181905.628,105.628,0.82,131.1,0.81,70.0,0.83,127.99,0.84,121.99,0.17,3.2,0.16,71.99,0.18,8.61,0.19,70.0,0.01,0.01,2369.394435,1776181904000
1776181906.037,106.037,0.82,131.1,0.81,65.0,0.83,154.32,0.84,157.99,0.17,123.91,0.16,109.8,0.18,131.1,0.19,70.0,0.01,0.01,2369.394435,1776181904000
1776181906.405,106.405,0.82,131.1,0.81,65.0,0.83,154.32,0.84,157.99,0.17,154.32,0.16,157.99,0.18,131.1,0.19,65.0,0.01,0.01,2369.318687,1776181905000
1776181906.75,106.75,0.82,32.66,0.81,70.0,0.83,16.0,0.84,109.99,0.17,154.32,0.16,157.99,0.18,131.1,0.19,65.0,0.01,0.01,2369.318687,1776181905000
1776181907.132,107.132,0.82,47.03,0.81,70.0,0.83,43.0,0.84,85.99,0.17,16.0,0.16,109.99,0.18,27.03,0.19,70.0,0.01,0.01,2369.318687,1776181905000
1776181907.473,107.473,0.82,47.03,0.81,70.0,0.83,43.0,0.84,85.99,0.17,43.0,0.16,85.99,0.18,47.03,0.19,70.0,0.01,0.01,2369.317211,1776181906000
1776181907.76,107.76,0.83,54.0,0.82,65.0,0.84,84.68,0.85,142.0,0.17,43.0,0.16,85.99,0.18,47.03,0.19,70.0,0.01,0.01,2369.317211,1776181906000
1776181908.034,108.034,0.83,40.9,0.82,15.0,0.84,84.68,0.85,142.0,0.16,84.68,0.15,142.0,0.17,40.9,0.18,15.0,0.01,0.01,2369.308565,1776181907000
1776181908.365,108.365,0.83,79.0,0.82,65.0,0.84,1.67,0.85,96.63,0.15,96.63,0.14,180.34,0.17,29.0,0.18,15.0,0.01,0.02,2369.308565,1776181907000
1776181909.041,109.041,0.83,146.05,0.82,70.0,0.85,40.65,0.86,180.34,0.16,1.67,0.15,96.63,0.17,79.0,0.18,65.0,0.02,0.01,2369.308565,1776181907000
1776181909.404,109.404,0.83,181.05,0.82,70.0,0.84,28.56,0.85,114.0,0.15,40.65,0.14,180.34,0.17,146.05,0.18,70.0,0.01,0.02,2369.32803,1776181908000
1776181909.818,109.818,0.83,96.05,0.82,70.0,0.84,26.12,0.85,114.0,0.16,27.32,0.15,114.0,0.17,186.05,0.18,70.0,0.01,0.01,2369.32803,1776181908000
1776181910.336,110.336,0.83,150.05,0.82,70.0,0.84,44.16,0.85,114.0,0.16,26.12,0.15,114.0,0.17,96.05,0.18,70.0,0.01,0.01,2369.32803,1776181908000
1776181911.508,111.508,0.83,150.05,0.82,70.0,0.84,44.16,0.85,114.0,0.16,44.16,0.15,114.0,0.17,150.05,0.18,70.0,0.01,0.01,2369.371261,1776181910000
1776181911.856,111.856,0.83,156.33,0.82,70.0,0.84,14.29,0.85,54.0,0.16,44.16,0.15,114.0,0.17,150.05,0.18,70.0,0.01,0.01,2369.371261,1776181910000
1776181912.154,112.154,0.83,204.33,0.82,70.0,0.84,6.49,0.85,59.0,0.16,14.29,0.15,54.0,0.17,156.33,0.18,70.0,0.01,0.01,2369.376729,1776181911000
1776181913.11,113.11,0.83,204.33,0.82,70.0,0.84,6.49,0.85,59.0,0.16,6.49,0.15,59.0,0.17,204.33,0.18,70.0,0.01,0.01,2369.31038,1776181912000
1776181914.246,114.246,0.83,204.33,0.82,70.0,0.84,6.49,0.85,59.0,0.16,6.49,0.15,59.0,0.17,204.33,0.18,70.0,0.01,0.01,2369.395583,1776181913000
1776181915.282,115.282,0.83,204.33,0.82,70.0,0.84,6.49,0.85,59.0,0.16,6.49,0.15,59.0,0.17,204.33,0.18,70.0,0.01,0.01,2369.386903,1776181914000
1776181916.247,116.247,0.84,94.27,0.83,90.28,0.85,159.8,0.86,184.34,0.16,6.49,0.15,59.0,0.17,204.33,0.18,70.0,0.01,0.01,2369.386903,1776181914000
1776181917.315,117.315,0.84,94.27,0.83,90.28,0.85,80.82,0.86,184.34,0.15,80.82,0.14,184.34,0.16,94.27,0.17,90.28,0.01,0.01,2369.379265,1776181916000
1776181918.493,118.493,0.84,94.27,0.83,90.28,0.85,80.82,0.86,184.34,0.15,80.82,0.14,184.34,0.16,94.27,0.17,90.28,0.01,0.01,2369.352962,1776181917000
1776181919.019,119.019,0.84,94.27,0.83,90.28,0.85,80.82,0.86,184.34,0.15,80.82,0.14,184.34,0.16,94.27,0.17,90.28,0.01,0.01,2369.330275,1776181918000
1776181919.222,119.222,0.84,89.27,0.83,95.28,0.86,79.2,0.87,132.0,0.14,137.34,0.13,132.0,0.16,89.27,0.17,95.28,0.02,0.02,2369.330275,1776181918000
1776181919.725,119.725,0.85,15.0,0.84,75.0,0.86,187.0,0.87,198.0,0.14,79.2,0.13,132.0,0.16,89.27,0.17,95.28,0.01,0.02,2369.330275,1776181918000
1776181919.996,119.996,0.85,15.0,0.84,75.0,0.86,187.0,0.87,198.0,0.14,187.0,0.13,198.0,0.15,15.0,0.16,75.0,0.01,0.01,2369.371291,1776181919000
1776181920.306,120.306,0.83,7.28,0.79,50.0,0.84,86.0,0.85,40.0,0.14,374.0,0.13,211.0,0.17,25.28,0.19,50.0,0.01,0.03,2369.371291,1776181919000
1776181920.714,120.714,0.76,38.05,0.75,55.0,0.79,45.0,0.8,18.0,0.16,112.5,0.15,46.0,0.22,8.79,0.23,50.0,0.03,0.06,2369.371291,1776181919000
1776181921.046,121.046,0.76,38.05,0.75,55.0,0.79,45.0,0.8,18.0,0.21,45.0,0.2,18.0,0.24,38.05,0.25,55.0,0.03,0.03,2369.40954,1776181920000
1776181921.342,121.342,0.76,13.05,0.75,5.0,0.77,264.0,0.78,103.0,0.21,45.0,0.2,18.0,0.24,38.05,0.25,55.0,0.01,0.03,2369.40954,1776181920000
1776181922.116,122.116,0.76,8.05,0.75,5.0,0.77,227.0,0.78,103.0,0.23,227.0,0.22,103.0,0.24,8.05,0.25,5.0,0.01,0.01,2368.993328,1776181921000
1776181922.825,122.825,0.76,3.05,0.75,5.0,0.77,412.07,0.78,169.0,0.23,234.07,0.22,144.0,0.24,8.05,0.25,65.0,0.01,0.01,2368.993328,1776181921000
1776181923.206,123.206,0.74,61.75,0.73,60.0,0.75,29.0,0.76,121.0,0.25,29.0,0.24,121.0,0.26,61.75,0.27,60.0,0.01,0.01,2368.36363,1776181922000
1776181923.42,123.42,0.74,89.51,0.73,65.0,0.75,38.0,0.76,93.0,0.25,208.9,0.24,104.0,0.26,58.75,0.27,65.0,0.01,0.01,2368.36363,1776181922000
1776181923.811,123.811,0.74,249.51,0.73,80.0,0.75,14.03,0.76,5.0,0.25,38.0,0.24,93.0,0.26,89.51,0.27,65.0,0.01,0.01,2368.36363,1776181922000
1776181924.075,124.075,0.74,219.51,0.73,80.0,0.76,3.17,0.77,135.0,0.25,14.03,0.24,5.0,0.26,249.51,0.27,80.0,0.02,0.01,2368.36363,1776181922000
1776181924.397,124.397,0.75,24.8,0.74,214.51,0.76,21.59,0.77,170.0,0.24,28.17,0.23,250.0,0.25,19.8,0.26,214.51,0.01,0.01,2368.104277,1776181923000
1776181924.875,124.875,0.75,109.8,0.74,290.84,0.76,10.12,0.77,170.0,0.24,14.44,0.23,170.0,0.25,109.8,0.26,219.51,0.01,0.01,2368.104277,1776181923000
1776181925.223,125.223,0.76,20.0,0.75,75.0,0.77,3.15,0.78,120.0,0.24,7.88,0.23,170.0,0.25,119.8,0.26,290.84,0.01,0.01,2368.104277,1776181923000
1776181925.675,125.675,0.77,20.85,0.76,65.0,0.78,305.23,0.79,95.0,0.22,120.0,0.21,55.0,0.23,10.85,0.24,25.0,0.01,0.01,2367.92186,1776181924000
1776181925.878,125.878,0.77,124.75,0.76,65.0,0.78,303.3,0.79,125.0,0.22,305.23,0.21,95.0,0.23,20.85,0.24,65.0,0.01,0.01,2367.92186,1776181924000
1776181926.298,126.298,0.77,189.75,0.76,65.0,0.78,264.88,0.79,125.0,0.22,303.3,0.21,125.0,0.23,124.75,0.24,65.0,0.01,0.01,2367.92186,1776181924000
1776181927.068,127.068,0.77,139.75,0.76,65.0,0.78,278.27,0.79,125.0,0.22,261.84,0.21,125.0,0.23,194.75,0.24,65.0,0.01,0.01,2367.948577,1776181925000
1776181927.4,127.4,0.77,139.75,0.76,65.0,0.78,278.27,0.79,125.0,0.22,278.27,0.21,125.0,0.23,139.75,0.24,65.0,0.01,0.01,2368.067333,1776181926000
1776181927.86,127.86,0.77,190.98,0.76,70.0,0.78,65.38,0.79,170.0,0.22,252.62,0.21,125.0,0.23,42.48,0.24,65.0,0.01,0.01,2368.067333,1776181926000
1776181928.116,128.116,0.79,30.0,0.78,15.0,0.8,343.75,0.81,139.0,0.22,4.09,0.21,5.0,0.23,305.98,0.24,75.0,0.01,0.01,2368.164839,1776181927000
1776181928.429,128.429,0.79,120.0,0.78,15.0,0.8,327.75,0.81,55.0,0.2,343.75,0.19,139.0,0.21,30.0,0.22,15.0,0.01,0.01,2368.164839,1776181927000
1776181928.851,128.851,0.79,98.0,0.78,65.0,0.8,290.0,0.81,55.0,0.2,327.75,0.19,55.0,0.21,120.0,0.22,15.0,0.01,0.01,2368.164839,1776181927000
1776181929.111,129.111,0.79,118.0,0.78,70.0,0.8,28.12,0.81,170.0,0.2,290.0,0.19,55.0,0.21,98.0,0.22,65.0,0.01,0.01,2368.146836,1776181928000
1776181929.581,129.581,0.8,105.0,0.79,130.0,0.81,118.64,0.82,135.0,0.2,18.12,0.19,120.0,0.21,100.0,0.22,70.0,0.01,0.01,2368.146836,1776181928000
1776181929.998,129.998,0.8,105.0,0.79,130.0,0.81,118.64,0.82,135.0,0.19,118.64,0.18,135.0,0.2,105.0,0.21,130.0,0.01,0.01,2368.270143,1776181929000
1776181930.675,130.675,0.77,76.63,0.76,65.0,0.78,2.0,0.79,7.0,0.19,113.34,0.18,135.0,0.2,105.0,0.21,130.0,0.01,0.01,2368.270143,1776181929000
1776181930.876,130.876,0.78,10.0,0.77,81.63,0.79,3.59,0.8,7.0,0.21,5.73,0.2,7.0,0.23,76.63,0.24,120.0,0.01,0.02,2368.270143,1776181929000
1776181931.478,131.478,0.8,5.0,0.79,10.0,0.82,145.0,0.83,65.0,0.21,3.59,0.2,7.0,0.22,10.0,0.23,81.63,0.02,0.01,2368.312123,1776181930000
1776181932.17,132.17,0.8,10.0,0.79,10.0,0.82,135.87,0.83,65.0,0.18,135.87,0.17,65.0,0.2,10.0,0.21,10.0,0.02,0.02,2368.521024,1776181931000
1776181932.587,132.587,0.84,3.12,0.83,44.13,0.85,10.0,0.86,63.0,0.17,145.87,0.16,286.0,0.18,101.66,0.19,80.0,0.01,0.01,2368.521024,1776181931000
1776181933.014,133.014,0.84,58.0,0.83,35.0,0.85,120.87,0.86,63.0,0.15,10.0,0.14,63.0,0.16,3.12,0.17,44.13,0.01,0.01,2368.521024,1776181931000
1776181934.144,134.144,0.84,58.0,0.83,35.0,0.85,120.87,0.86,63.0,0.15,120.87,0.14,63.0,0.16,58.0,0.17,35.0,0.01,0.01,2368.60953,1776181933000
1776181934.49,134.49,0.84,16.75,0.83,80.0,0.85,164.1,0.86,63.0,0.15,115.87,0.14,63.0,0.16,106.75,0.17,80.0,0.01,0.01,2368.60953,1776181933000
1776181935.097,135.097,0.84,16.75,0.83,80.0,0.85,164.1,0.86,63.0,0.15,164.1,0.14,63.0,0.16,16.75,0.17,80.0,0.01,0.01,2368.90803,1776181934000
1776181936.207,136.207,0.84,16.75,0.83,80.0,0.85,164.1,0.86,63.0,0.15,164.1,0.14,63.0,0.16,16.75,0.17,80.0,0.01,0.01,2368.90843,1776181935000
1776181936.987,136.987,0.78,36.31,0.77,233.96,0.79,17.0,0.8,182.0,0.15,164.1,0.14,63.0,0.16,16.75,0.17,80.0,0.01,0.01,2368.90843,1776181935000
1776181937.908,137.908,0.77,178.96,0.76,108.68,0.78,88.81,0.79,110.0,0.21,194.0,0.2,67.0,0.22,30.36,0.23,233.96,0.01,0.01,2368.941365,1776181936000
1776181938.192,138.192,0.76,37.6,0.75,136.66,0.78,80.0,0.79,65.0,0.22,80.0,0.21,65.0,0.24,37.6,0.25,136.66,0.02,0.02,2368.73351,1776181937000
1776181938.786,138.786,0.76,92.6,0.75,251.66,0.78,154.49,0.79,65.0,0.22,56.71,0.21,65.0,0.24,87.6,0.25,136.66,0.02,0.02,2368.73351,1776181937000
1776181939.194,139.194,0.76,92.6,0.75,251.66,0.78,154.49,0.79,65.0,0.22,154.49,0.21,65.0,0.24,92.6,0.25,251.66,0.02,0.02,2368.469998,1776181938000
1776181940.13,140.13,0.81,10.0,0.8,10.0,0.82,53.76,0.83,211.0,0.23,132.0,0.22,96.49,0.24,88.98,0.25,71.66,0.01,0.01,2368.469998,1776181938000
1776181940.346,140.346,0.81,10.0,0.8,10.0,0.82,53.76,0.83,211.0,0.18,53.76,0.17,211.0,0.19,10.0,0.2,10.0,0.01,0.01,2368.214817,1776181939000
1776181940.685,140.685,0.84,25.0,0.83,20.0,0.85,23.87,0.86,118.0,0.18,53.76,0.17,211.0,0.19,10.0,0.2,10.0,0.01,0.01,2368.214817,1776181939000
1776181941.049,141.049,0.84,25.0,0.83,20.0,0.85,9.6,0.86,70.0,0.15,15.49,0.14,118.0,0.16,25.0,0.17,20.0,0.01,0.01,2368.214817,1776181939000
1776181941.358,141.358,0.81,267.88,0.8,38.0,0.85,9.6,0.86,70.0,0.15,9.6,0.14,70.0,0.19,267.88,0.2,38.0,0.04,0.04,2367.9667,1776181940000
1776181941.61,141.61,0.81,5.0,0.8,38.0,0.85,15.0,0.86,195.0,0.15,9.6,0.14,70.0,0.19,267.88,0.2,38.0,0.04,0.04,2367.9667,1776181940000
1776181941.912,141.912,0.82,14.13,0.81,5.0,0.84,7.0,0.85,16.0,0.16,20.0,0.15,10.0,0.17,15.0,0.18,20.0,0.02,0.01,2367.9667,1776181940000
1776181942.15,142.15,0.82,5.45,0.81,10.0,0.83,10.0,0.84,17.0,0.16,7.0,0.15,10.0,0.2,37.13,0.21,156.0,0.01,0.04,2368.042895,1776181941000
1776181942.354,142.354,0.82,20.45,0.81,15.0,0.84,7.0,0.85,54.0,0.17,10.0,0.16,17.0,0.18,5.45,0.19,10.0,0.02,0.01,2368.042895,1776181941000
1776181942.872,142.872,0.84,22.0,0.83,5.0,0.85,8.7,0.86,10.0,0.15,54.0,0.14,75.0,0.16,12.0,0.18,20.45,0.01,0.01,2368.042895,1776181941000
1776181943.303,143.303,0.84,237.0,0.83,55.0,0.85,6.34,0.86,10.0,0.15,8.7,0.14,10.0,0.16,22.0,0.17,5.0,0.01,0.01,2368.92015,1776181942000
1776181943.85,143.85,0.84,192.0,0.83,55.0,0.86,4.33,0.87,101.0,0.15,3.52,0.14,10.0,0.16,223.0,0.17,55.0,0.02,0.01,2368.92015,1776181942000
1776181944.106,144.106,0.84,203.0,0.83,65.0,0.85,30.75,0.86,3.05,0.15,7.72,0.14,28.05,0.16,193.0,0.17,65.0,0.01,0.01,2368.92015,1776181942000
1776181944.356,144.356,0.84,198.0,0.83,65.0,0.85,29.45,0.86,3.05,0.15,30.75,0.14,3.05,0.16,203.0,0.17,65.0,0.01,0.01,2368.92015,1776181942000
1776181945.101,145.101,0.82,55.0,0.81,50.0,0.83,97.59,0.84,136.0,0.15,29.45,0.14,3.05,0.16,198.0,0.17,65.0,0.01,0.01,2369.171506,1776181943000
1776181945.344,145.344,0.82,38.0,0.81,165.0,0.83,150.89,0.84,136.0,0.17,139.56,0.16,136.0,0.18,38.0,0.19,188.89,0.01,0.01,2369.183315,1776181944000
1776181946.056,146.056,0.82,38.0,0.81,165.0,0.83,150.89,0.84,136.0,0.17,150.89,0.16,136.0,0.18,38.0,0.19,165.0,0.01,0.01,2369.225461,1776181945000
1776181946.623,146.623,0.82,30.42,0.81,270.0,0.83,60.89,0.84,186.0,0.17,120.89,0.16,186.0,0.18,36.88,0.19,265.0,0.01,0.01,2369.225461,1776181945000
1776181947.166,147.166,0.82,30.42,0.81,270.0,0.83,60.89,0.84,186.0,0.17,60.89,0.16,186.0,0.18,30.42,0.19,270.0,0.01,0.01,2369.046114,1776181946000
1776181948.098,148.098,0.82,30.42,0.81,270.0,0.83,60.89,0.84,186.0,0.17,60.89,0.16,186.0,0.18,30.42,0.19,270.0,0.01,0.01,2368.849264,1776181947000
1776181949.179,149.179,0.82,30.42,0.81,270.0,0.83,60.89,0.84,186.0,0.17,60.89,0.16,186.0,0.18,30.42,0.19,270.0,0.01,0.01,2368.881637,1776181948000
1776181950.151,150.151,0.82,30.42,0.81,270.0,0.83,60.89,0.84,186.0,0.17,60.89,0.16,186.0,0.18,30.42,0.19,270.0,0.01,0.01,2368.835524,1776181949000
1776181950.726,150.726,0.79,108.75,0.78,125.0,0.81,31.0,0.82,10.0,0.17,60.89,0.16,186.0,0.18,30.42,0.19,270.0,0.02,0.01,2368.835524,1776181949000
1776181951.108,151.108,0.79,530.94,0.78,188.0,0.83,128.0,0.84,110.0,0.2,16.0,0.19,26.0,0.21,105.9,0.22,80.0,0.04,0.01,2368.835524,1776181949000
1776181951.337,151.337,0.81,25.0,0.8,243.1,0.82,3.73,0.83,128.0,0.18,8.78,0.17,128.0,0.19,15.0,0.2,20.0,0.01,0.01,2368.823542,1776181950000
1776181952.086,152.086,0.81,296.95,0.8,141.89,0.82,12.57,0.83,18.0,0.18,3.73,0.17,128.0,0.19,14.19,0.2,99.89,0.01,0.01,2368.823542,1776181950000
1776181952.433,152.433,0.81,346.16,0.8,168.89,0.82,12.57,0.85,7.72,0.18,12.57,0.17,18.0,0.19,296.95,0.2,141.89,0.01,0.01,2368.695664,1776181951000
1776181953.243,153.243,0.84,20.0,0.83,88.0,0.85,2.67,0.86,183.05,0.15,2.67,0.14,183.05,0.16,20.0,0.17,88.0,0.01,0.01,2368.803125,1776181952000
1776181954.272,154.272,0.84,20.0,0.83,88.0,0.85,2.67,0.86,183.05,0.15,2.67,0.14,183.05,0.16,20.0,0.17,88.0,0.01,0.01,2369.041947,1776181953000
1776181955.313,155.313,0.84,20.0,0.83,88.0,0.85,2.67,0.86,183.05,0.15,2.67,0.14,183.05,0.16,20.0,0.17,88.0,0.01,0.01,2369.10406,1776181954000
1776181956.351,156.351,0.87,199.35,0.86,403.99,0.88,10.0,0.89,6.96,0.11,6.96,0.1,120.0,0.14,447.1,0.15,161.0,0.01,0.03,2369.10406,1776181954000
1776181956.592,156.592,0.87,87.74,0.86,66.0,0.88,10.0,0.89,12.96,0.12,10.0,0.11,6.96,0.13,199.35,0.14,403.99,0.01,0.01,2369.18998,1776181955000
1776181956.866,156.866,0.87,87.74,0.86,66.0,0.88,10.0,0.89,12.96,0.12,10.0,0.11,12.96,0.13,87.74,0.14,66.0,0.01,0.01,2369.236568,1776181956000
1776181957.581,157.581,0.87,93.28,0.86,221.0,0.88,4.0,0.89,12.96,0.12,10.0,0.11,12.96,0.13,87.74,0.14,66.0,0.01,0.01,2369.236568,1776181956000
1776181958.211,158.211,0.87,93.28,0.86,221.0,0.88,4.0,0.89,12.96,0.12,4.0,0.11,12.96,0.13,93.28,0.14,221.0,0.01,0.01,2369.648333,1776181957000
1776181959.214,159.214,0.87,93.28,0.86,221.0,0.88,4.0,0.89,12.96,0.12,4.0,0.11,12.96,0.13,93.28,0.14,221.0,0.01,0.01,2369.555591,1776181958000
1776181959.957,159.957,0.88,29.77,0.87,77.0,0.89,224.96,0.9,181.0,0.12,4.0,0.11,12.96,0.13,93.28,0.14,221.0,0.01,0.01,2369.555591,1776181958000
1776181960.267,160.267,0.88,5.77,0.87,5.0,0.89,224.96,0.9,331.0,0.11,224.96,0.1,181.0,0.12,29.77,0.13,77.0,0.01,0.01,2369.633145,1776181959000
1776181960.817,160.817,0.86,5.0,0.85,80.0,0.87,173.38,0.88,66.0,0.11,224.96,0.1,331.0,0.12,5.77,0.13,5.0,0.01,0.01,2369.633145,1776181959000
1776181961.172,161.172,0.86,5.0,0.85,80.0,0.87,165.57,0.88,66.0,0.13,165.57,0.12,66.0,0.14,5.0,0.15,80.0,0.01,0.01,2369.597185,1776181960000
1776181961.637,161.637,0.86,165.73,0.85,85.0,0.87,35.0,0.88,180.0,0.13,136.96,0.12,60.0,0.14,165.73,0.15,85.0,0.01,0.01,2369.597185,1776181960000
1776181962.093,162.093,0.86,160.73,0.85,55.0,0.87,9.47,0.88,366.0,0.13,35.0,0.12,180.0,0.14,165.73,0.15,85.0,0.01,0.01,2369.597185,1776181960000
1776181962.409,162.409,0.86,195.73,0.85,210.0,0.88,264.05,0.89,67.96,0.13,9.47,0.12,366.0,0.14,160.73,0.15,55.0,0.02,0.01,2369.392611,1776181961000
1776181963.082,163.082,0.86,195.73,0.85,210.0,0.88,264.05,0.89,67.96,0.12,264.05,0.11,67.96,0.14,195.73,0.15,210.0,0.02,0.02,2369.198133,1776181962000
1776181963.999,163.999,0.86,195.73,0.85,210.0,0.88,264.05,0.89,67.96,0.12,264.05,0.11,67.96,0.14,195.73,0.15,210.0,0.02,0.02,2369.197485,1776181963000
1776181964.314,164.314,0.87,32.83,0.86,30.0,0.88,289.05,0.89,67.96,0.12,264.05,0.11,67.96,0.14,195.73,0.15,210.0,0.01,0.02,2369.197485,1776181963000
1776181964.997,164.997,0.87,32.83,0.86,30.0,0.88,289.05,0.89,67.96,0.12,289.05,0.11,67.96,0.13,32.83,0.14,30.0,0.01,0.01,2369.190707,1776181964000
1776181965.987,165.987,0.87,32.83,0.86,30.0,0.88,289.05,0.89,67.96,0.12,289.05,0.11,67.96,0.13,32.83,0.14,30.0,0.01,0.01,2369.166417,1776181965000
1776181966.294,166.294,0.89,153.06,0.88,335.1,0.9,133.71,0.91,53.0,0.1,137.77,0.09,53.0,0.11,45.0,0.12,220.0,0.01,0.01,2369.166417,1776181965000
1776181966.635,166.635,0.89,231.37,0.88,140.0,0.9,35.71,0.91,53.0,0.1,133.71,0.09,53.0,0.11,153.06,0.12,335.1,0.01,0.01,2369.166417,1776181965000
1776181966.863,166.863,0.89,256.37,0.88,255.0,0.9,7.29,0.91,53.0,0.1,35.71,0.09,53.0,0.11,231.37,0.12,140.0,0.01,0.01,2369.166417,1776181965000
1776181967.179,167.179,0.89,221.37,0.88,225.0,0.91,168.0,0.92,31.0,0.1,7.29,0.09,53.0,0.11,256.37,0.12,255.0,0.02,0.01,2369.144376,1776181966000
1776181967.846,167.846,0.9,80.0,0.89,231.37,0.91,42.35,0.92,31.0,0.09,42.35,0.08,31.0,0.1,80.0,0.11,231.37,0.01,0.01,2369.519677,1776181967000
1776181968.119,168.119,0.9,294.0,0.89,356.41,0.91,39.58,0.92,20.0,0.09,42.35,0.08,31.0,0.1,80.0,0.11,231.37,0.01,0.01,2369.519677,1776181967000
1776181968.604,168.604,0.9,245.0,0.89,505.45,0.91,28.64,0.92,10.0,0.09,39.58,0.08,20.0,0.1,294.0,0.11,356.41,0.01,0.01,2369.519677,1776181967000
1776181969.154,169.154,0.9,250.0,0.89,564.45,0.91,12.69,0.92,10.0,0.09,28.64,0.08,10.0,0.1,245.0,0.11,505.45,0.01,0.01,2369.519677,1776181967000
1776181969.355,169.355,0.9,240.0,0.89,564.45,0.93,32.91,0.94,85.0,0.07,32.91,0.06,85.0,0.1,240.0,0.11,564.45,0.03,0.03,2369.642835,1776181968000
1776181970.236,170.236,0.9,240.0,0.89,564.45,0.93,32.91,0.94,85.0,0.07,32.91,0.06,85.0,0.1,240.0,0.11,564.45,0.03,0.03,2369.69143,1776181969000
1776181970.467,170.467,0.92,10.0,0.91,208.45,0.93,4.58,0.94,35.0,0.07,32.91,0.06,85.0,0.1,240.0,0.11,564.45,0.01,0.03,2369.69143,1776181969000
1776181970.996,170.996,0.91,279.89,0.9,303.1,0.94,150.0,0.95,191.94,0.07,0.98,0.06,35.0,0.08,20.0,0.09,208.45,0.03,0.01,2369.69143,1776181969000
1776181971.263,171.263,0.91,279.89,0.9,303.1,0.94,150.0,0.95,191.94,0.06,150.0,0.05,191.94,0.09,279.89,0.1,303.1,0.03,0.03,2369.964697,1776181970000
1776181971.525,171.525,0.92,125.0,0.91,181.44,0.93,18.94,0.94,140.0,0.06,150.0,0.05,191.94,0.09,279.89,0.1,303.1,0.01,0.03,2369.964697,1776181970000
1776181971.931,171.931,0.93,6.06,0.92,106.0,0.94,140.0,0.95,76.89,0.07,18.94,0.06,140.0,0.08,125.0,0.09,181.44,0.01,0.01,2369.964697,1776181970000
1776181972.201,172.201,0.92,184.33,0.91,176.44,0.93,5.0,0.94,140.0,0.06,140.0,0.05,76.89,0.07,6.06,0.08,106.0,0.01,0.01,2369.964697,1776181970000
1776181973.292,173.292,0.92,171.33,0.91,176.44,0.93,5.0,0.94,140.0,0.07,5.0,0.06,140.0,0.08,171.33,0.09,176.44,0.01,0.01,2370.09247,1776181972000
1776181974.307,174.307,0.92,171.33,0.91,176.44,0.93,5.0,0.94,140.0,0.07,5.0,0.06,140.0,0.08,171.33,0.09,176.44,0.01,0.01,2370.320385,1776181973000
1776181974.656,174.656,0.93,246.06,0.92,129.0,0.95,131.02,0.96,223.5,0.07,5.0,0.06,140.0,0.08,171.33,0.09,176.44,0.02,0.01,2370.320385,1776181973000
1776181975.064,175.064,0.94,107.0,0.93,251.06,0.95,117.44,0.96,218.5,0.05,120.54,0.04,329.5,0.06,11.0,0.07,251.06,0.01,0.01,2370.320385,1776181973000
1776181975.649,175.649,0.94,152.0,0.93,135.0,0.95,98.85,0.96,212.5,0.05,112.22,0.04,218.5,0.06,107.0,0.07,251.06,0.01,0.01,2370.34407,1776181974000
1776181975.981,175.981,0.94,111.0,0.93,105.0,0.95,93.63,0.96,212.5,0.05,98.85,0.04,212.5,0.06,152.0,0.07,135.0,0.01,0.01,2370.34407,1776181974000
1776181976.238,176.238,0.94,94.33,0.93,105.0,0.95,93.63,0.96,212.5,0.05,93.63,0.04,212.5,0.06,94.33,0.07,105.0,0.01,0.01,2370.48272,1776181975000
1776181976.723,176.723,0.94,20.78,0.93,100.0,0.95,93.63,0.96,212.5,0.05,93.63,0.04,212.5,0.06,94.33,0.07,105.0,0.01,0.01,2370.48272,1776181975000
1776181977.112,177.112,0.93,90.0,0.92,344.0,0.94,25.16,0.95,103.63,0.05,93.63,0.04,212.5,0.06,20.78,0.07,100.0,0.01,0.01,2370.48272,1776181975000
1776181977.408,177.408,0.93,90.0,0.92,453.1,0.94,16.17,0.95,218.63,0.06,37.45,0.05,103.63,0.07,90.0,0.08,415.1,0.01,0.01,2370.59954,1776181976000
1776181977.744,177.744,0.93,5.71,0.92,197.0,0.94,16.17,0.95,218.63,0.06,16.17,0.05,218.63,0.07,90.0,0.08,453.1,0.01,0.01,2370.59954,1776181976000
1776181978.221,178.221,0.93,5.71,0.92,197.0,0.94,16.17,0.95,218.63,0.06,16.17,0.05,218.63,0.07,5.71,0.08,197.0,0.01,0.01,2370.70959,1776181977000
1776181978.636,178.636,0.93,42.69,0.92,197.0,0.94,135.93,0.95,163.63,0.06,16.17,0.05,218.63,0.07,5.71,0.08,197.0,0.01,0.01,2370.70959,1776181977000
1776181979.22,179.22,0.93,42.69,0.92,197.0,0.94,135.93,0.95,163.63,0.06,135.93,0.05,163.63,0.07,42.69,0.08,197.0,0.01,0.01,2370.584017,1776181978000
1776181979.476,179.476,0.93,15.0,0.92,87.0,0.94,15.93,0.95,278.99,0.06,135.93,0.05,163.63,0.07,42.69,0.08,197.0,0.01,0.01,2370.584017,1776181978000
1776181980.19,180.19,0.93,15.0,0.92,87.0,0.94,15.93,0.95,278.99,0.06,15.93,0.05,278.99,0.07,15.0,0.08,87.0,0.01,0.01,2370.324085,1776181979000
1776181980.54,180.54,0.93,15.0,0.92,213.06,0.94,10.61,0.95,393.99,0.06,15.93,0.05,278.99,0.07,15.0,0.08,87.0,0.01,0.01,2370.324085,1776181979000
1776181980.741,180.741,0.93,15.0,0.92,431.16,0.94,16.97,0.95,393.99,0.06,5.29,0.05,393.99,0.07,15.0,0.08,213.06,0.01,0.01,2370.324085,1776181979000
1776181981.05,181.05,0.93,15.0,0.92,431.16,0.94,16.97,0.95,393.99,0.06,16.97,0.05,393.99,0.07,15.0,0.08,431.16,0.01,0.01,2370.307203,1776181980000
1776181982.033,182.033,0.93,15.0,0.92,431.16,0.94,16.97,0.95,393.99,0.06,16.97,0.05,393.99,0.07,15.0,0.08,431.16,0.01,0.01,2370.292615,1776181981000
1776181982.944,182.944,0.93,119.52,0.92,313.89,0.95,288.63,0.96,158.5,0.05,173.63,0.04,216.5,0.06,30.0,0.07,50.0,0.02,0.01,2370.292615,1776181981000
1776181983.197,183.197,0.93,119.52,0.92,313.89,0.95,288.63,0.96,158.5,0.05,288.63,0.04,158.5,0.07,119.52,0.08,313.89,0.02,0.02,2370.2916,1776181982000
1776181984.31,184.31,0.94,447.38,0.93,338.56,0.95,98.63,0.96,206.0,0.05,288.63,0.04,158.5,0.07,119.52,0.08,313.89,0.01,0.02,2370.2916,1776181982000
1776181984.618,184.618,0.94,447.38,0.93,338.56,0.95,98.63,0.96,206.0,0.05,98.63,0.04,206.0,0.06,447.38,0.07,338.56,0.01,0.01,2370.262214,1776181983000
1776181985.228,185.228,0.94,336.04,0.93,338.56,0.95,98.63,0.96,206.0,0.05,98.63,0.04,206.0,0.06,336.04,0.07,338.56,0.01,0.01,2370.297075,1776181984000
1776181986.027,186.027,0.94,339.79,0.93,384.86,0.95,124.5,0.96,200.0,0.05,98.63,0.04,206.0,0.06,336.04,0.07,338.56,0.01,0.01,2370.297075,1776181984000
1776181986.266,186.266,0.94,339.79,0.93,384.86,0.95,124.5,0.96,200.0,0.05,124.5,0.04,200.0,0.06,339.79,0.07,384.86,0.01,0.01,2370.537665,1776181985000
1776181987.0,187.0,0.94,384.34,0.93,389.86,0.95,133.07,0.96,200.0,0.05,138.22,0.04,200.0,0.06,350.34,0.07,384.86,0.01,0.01,2370.537665,1776181985000
1776181987.425,187.425,0.94,384.34,0.93,389.86,0.95,133.07,0.96,200.0,0.05,133.07,0.04,200.0,0.06,384.34,0.07,389.86,0.01,0.01,2370.63019,1776181986000
1776181987.989,187.989,0.94,384.34,0.93,389.86,0.95,133.07,0.96,200.0,0.05,133.07,0.04,200.0,0.06,384.34,0.07,389.86,0.01,0.01,2370.575728,1776181987000
1776181988.286,188.286,0.94,144.12,0.93,180.56,0.95,130.65,0.96,255.0,0.05,131.71,0.04,255.0,0.06,139.12,0.07,398.66,0.01,0.01,2370.575728,1776181987000
1776181988.957,188.957,0.94,139.04,0.93,185.56,0.95,243.53,0.96,146.0,0.05,128.53,0.04,261.0,0.06,144.12,0.07,185.56,0.01,0.01,2370.575728,1776181987000
1776181989.836,189.836,0.94,129.55,0.93,185.56,0.95,243.53,0.96,146.0,0.05,243.53,0.04,146.0,0.06,139.04,0.07,185.56,0.01,0.01,2370.46365,1776181988000
1776181990.604,190.604,0.94,70.96,0.93,160.56,0.95,236.26,0.96,146.0,0.05,243.53,0.04,146.0,0.06,129.55,0.07,185.56,0.01,0.01,2370.419695,1776181989000
1776181991.118,191.118,0.94,70.96,0.93,160.56,0.95,236.26,0.96,146.0,0.05,236.26,0.04,146.0,0.06,70.96,0.07,160.56,0.01,0.01,2370.351224,1776181990000
1776181992.161,192.161,0.94,70.96,0.93,160.56,0.95,236.26,0.96,146.0,0.05,236.26,0.04,146.0,0.06,70.96,0.07,160.56,0.01,0.01,2370.270902,1776181991000
1776181992.58,192.58,0.94,29.75,0.93,433.96,0.95,130.46,0.96,146.0,0.05,236.26,0.04,146.0,0.06,70.96,0.07,160.56,0.01,0.01,2370.270902,1776181991000
1776181993.136,193.136,0.93,511.64,0.92,129.0,0.95,20.0,0.96,90.0,0.05,130.46,0.04,146.0,0.06,29.75,0.07,433.96,0.02,0.01,2370.270902,1776181991000
1776181993.343,193.343,0.93,511.64,0.92,129.0,0.95,20.0,0.96,90.0,0.05,20.0,0.04,90.0,0.07,511.64,0.08,129.0,0.02,0.02,2370.345298,1776181992000
1776181994.475,194.475,0.95,8.21,0.94,454.05,0.96,200.0,0.97,413.0,0.04,200.0,0.03,413.0,0.05,8.21,0.06,454.05,0.01,0.01,2370.227691,1776181993000
1776181995.036,195.036,0.95,8.21,0.94,454.05,0.96,200.0,0.97,413.0,0.04,200.0,0.03,413.0,0.05,8.21,0.06,454.05,0.01,0.01,2370.223293,1776181994000
1776181995.437,195.437,0.95,239.51,0.94,292.89,0.96,112.82,0.97,334.0,0.04,109.82,0.03,328.0,0.05,447.61,0.06,292.89,0.01,0.01,2370.223293,1776181994000
1776181995.654,195.654,0.95,179.48,0.94,282.89,0.96,77.82,0.97,334.0,0.04,83.82,0.03,334.0,0.05,179.48,0.06,282.89,0.01,0.01,2370.223293,1776181994000
1776181996.086,196.086,0.95,243.37,0.94,282.89,0.96,49.45,0.97,334.0,0.04,59.82,0.03,334.0,0.05,179.48,0.06,282.89,0.01,0.01,2370.223293,1776181994000
1776181996.328,196.328,0.95,243.37,0.94,282.89,0.96,130.45,0.97,334.0,0.04,44.45,0.03,334.0,0.05,243.37,0.06,282.89,0.01,0.01,2370.531585,1776181995000
1776181996.66,196.66,0.95,253.37,0.94,282.89,0.96,55.4,0.97,334.0,0.04,56.45,0.03,334.0,0.05,253.37,0.06,282.89,0.01,0.01,2370.531585,1776181995000
1776181996.981,196.981,0.95,267.37,0.94,226.69,0.96,112.4,0.97,334.0,0.04,32.4,0.03,334.0,0.05,303.37,0.06,282.89,0.01,0.01,2370.531585,1776181995000
1776181997.294,197.294,0.95,318.48,0.94,226.69,0.96,111.35,0.97,339.0,0.04,112.4,0.03,334.0,0.05,267.37,0.06,226.69,0.01,0.01,2370.531585,1776181995000
1776181997.566,197.566,0.95,346.37,0.94,231.69,0.96,110.3,0.97,389.0,0.04,111.35,0.03,339.0,0.05,318.48,0.06,226.69,0.01,0.01,2370.531585,1776181995000
1776181997.862,197.862,0.95,346.37,0.94,231.69,0.96,110.3,0.97,389.0,0.04,110.3,0.03,389.0,0.05,346.37,0.06,231.69,0.01,0.01,2370.578455,1776181996000
1776181998.73,198.73,0.95,404.37,0.94,231.69,0.96,102.25,0.97,339.0,0.04,103.3,0.03,339.0,0.05,409.37,0.06,265.69,0.01,0.01,2370.578455,1776181996000
1776181999.128,199.128,0.95,404.37,0.94,231.69,0.96,102.25,0.97,339.0,0.04,102.25,0.03,339.0,0.05,404.37,0.06,231.69,0.01,0.01,2370.492215,1776181997000
1776181999.489,199.489,0.96,54.0,0.95,253.1,0.97,332.15,0.98,740.7,0.03,332.15,0.02,740.7,0.05,399.37,0.06,260.69,0.01,0.02,2370.492215,1776181997000
1776181999.787,199.787,0.96,54.0,0.95,253.1,0.97,332.15,0.98,740.7,0.03,332.15,0.02,740.7,0.04,54.0,0.05,253.1,0.01,0.01,2370.419955,1776181998000
1776182000.067,200.067,0.96,173.75,0.95,93.1,0.97,326.15,0.98,1006.7,0.03,332.15,0.02,740.7,0.04,54.0,0.05,253.1,0.01,0.01,2370.419955,1776181998000
1776182000.598,200.598,0.96,173.75,0.95,93.1,0.97,326.15,0.98,1006.7,0.03,326.15,0.02,1006.7,0.04,173.75,0.05,93.1,0.01,0.01,2370.39614,1776181999000
1776182001.293,201.293,0.96,173.75,0.95,93.1,0.97,326.15,0.98,1006.7,0.03,326.15,0.02,1006.7,0.04,173.75,0.05,93.1,0.01,0.01,2370.401545,1776182000000
1776182002.473,202.473,0.95,148.21,0.94,532.59,0.97,491.15,0.98,1000.7,0.03,326.15,0.02,1006.7,0.04,173.75,0.05,93.1,0.02,0.01,2370.401545,1776182000000
1776182002.747,202.747,0.96,14.6,0.95,143.21,0.97,543.29,0.98,900.7,0.03,481.05,0.02,1000.7,0.04,5.0,0.05,148.21,0.01,0.01,2370.401545,1776182000000
1776182003.446,203.446,0.96,14.6,0.95,143.21,0.97,543.29,0.98,900.7,0.03,543.29,0.02,900.7,0.04,14.6,0.05,143.21,0.01,0.01,2370.373402,1776182002000
1776182004.179,204.179,0.96,14.6,0.95,143.21,0.97,543.29,0.98,900.7,0.03,543.29,0.02,900.7,0.04,14.6,0.05,143.21,0.01,0.01,2370.327908,1776182003000
1776182005.7,205.7,0.96,14.6,0.95,143.21,0.97,543.29,0.98,900.7,0.03,543.29,0.02,900.7,0.04,14.6,0.05,143.21,0.01,0.01,2370.165615,1776182004000
1776182006.119,206.119,0.96,135.0,0.95,351.2,0.97,252.52,0.98,1291.7,0.03,543.29,0.02,900.7,0.04,14.6,0.05,143.21,0.01,0.01,2370.165615,1776182004000
1776182006.346,206.346,0.96,135.0,0.95,351.2,0.97,252.52,0.98,1291.7,0.03,252.52,0.02,1291.7,0.04,135.0,0.05,351.2,0.01,0.01,2370.27279,1776182005000
1776182007.092,207.092,0.96,135.0,0.95,351.2,0.97,252.52,0.98,1291.7,0.03,252.52,0.02,1291.7,0.04,135.0,0.05,351.2,0.01,0.01,2370.298225,1776182006000
1776182008.098,208.098,0.96,5.0,0.95,143.21,0.97,416.48,0.98,901.7,0.03,252.52,0.02,1291.7,0.04,135.0,0.05,351.2,0.01,0.01,2370.298225,1776182006000
1776182008.4,208.4,0.96,5.0,0.95,143.21,0.97,416.48,0.98,901.7,0.03,416.48,0.02,901.7,0.04,5.0,0.05,143.21,0.01,0.01,2370.36006,1776182007000
1776182008.707,208.707,0.95,127.21,0.94,423.79,0.97,416.48,0.98,991.7,0.03,416.48,0.02,901.7,0.04,5.0,0.05,143.21,0.02,0.01,2370.36006,1776182007000
1776182009.12,209.12,0.95,127.21,0.94,423.79,0.97,416.48,0.98,991.7,0.03,416.48,0.02,991.7,0.05,127.21,0.06,423.79,0.02,0.02,2370.174027,1776182008000
1776182009.866,209.866,0.95,137.21,0.94,433.79,0.96,13.91,0.97,301.48,0.04,82.62,0.03,301.48,0.05,127.21,0.06,428.79,0.01,0.01,2370.174027,1776182008000
1776182010.58,210.58,0.95,124.38,0.94,433.79,0.97,294.62,0.98,1101.7,0.03,294.62,0.02,1101.7,0.05,124.38,0.06,433.79,0.02,0.02,2370.037485,1776182009000
1776182011.214,211.214,0.95,10.0,0.94,193.8,0.97,259.51,0.98,968.7,0.03,259.51,0.02,968.7,0.05,10.0,0.06,193.8,0.02,0.02,2369.956781,1776182010000
1776182011.623,211.623,0.94,193.8,0.93,286.75,0.96,175.0,0.97,610.21,0.03,259.51,0.02,968.7,0.05,10.0,0.06,193.8,0.02,0.02,2369.956781,1776182010000
1776182011.999,211.999,0.93,183.65,0.92,312.99,0.95,130.0,0.96,144.0,0.04,175.0,0.03,610.21,0.06,193.8,0.07,286.75,0.02,0.02,2369.956781,1776182010000
1776182012.452,212.452,0.93,188.65,0.92,328.99,0.94,112.0,0.95,75.0,0.05,178.94,0.04,144.0,0.07,183.65,0.08,317.99,0.01,0.02,2369.956781,1776182010000
1776182012.905,212.905,0.94,20.0,0.93,198.65,0.95,66.84,0.96,202.8,0.06,6.41,0.05,70.0,0.07,188.65,0.08,328.99,0.01,0.01,2369.888493,1776182011000
1776182013.146,213.146,0.94,20.0,0.93,203.65,0.95,61.84,0.96,332.11,0.05,61.84,0.04,332.11,0.06,20.0,0.07,203.65,0.01,0.01,2369.742995,1776182012000
1776182013.454,213.454,0.94,5.0,0.93,183.65,0.95,157.84,0.96,329.11,0.05,36.84,0.04,332.11,0.06,20.0,0.07,203.65,0.01,0.01,2369.742995,1776182012000
1776182013.681,213.681,0.93,183.65,0.92,318.99,0.94,119.94,0.95,42.84,0.05,157.84,0.04,363.11,0.07,183.65,0.08,313.99,0.01,0.02,2369.742995,1776182012000
1776182013.968,213.968,0.93,211.65,0.92,323.99,0.94,111.94,0.95,42.84,0.06,119.94,0.05,42.84,0.07,183.65,0.08,318.99,0.01,0.01,2369.742995,1776182012000
1776182014.676,214.676,0.93,211.65,0.92,323.99,0.94,111.94,0.95,42.84,0.06,111.94,0.05,42.84,0.07,211.65,0.08,323.99,0.01,0.01,2369.498267,1776182013000
1776182015.337,215.337,0.94,8.0,0.93,211.65,0.95,30.0,0.96,185.8,0.06,111.94,0.05,42.84,0.07,211.65,0.08,323.99,0.01,0.01,2369.498267,1776182013000
1776182015.678,215.678,0.94,137.5,0.93,83.65,0.95,30.0,0.96,289.8,0.05,30.0,0.04,185.8,0.06,8.0,0.07,211.65,0.01,0.01,2369.3814,1776182014000
1776182016.589,216.589,0.94,137.5,0.93,83.65,0.95,30.0,0.96,289.8,0.05,30.0,0.04,289.8,0.06,137.5,0.07,83.65,0.01,0.01,2369.329669,1776182015000
1776182017.208,217.208,0.94,137.5,0.93,83.65,0.95,30.0,0.96,289.8,0.05,30.0,0.04,289.8,0.06,137.5,0.07,83.65,0.01,0.01,2369.371323,1776182016000
1776182018.173,218.173,0.93,63.65,0.92,356.99,0.95,20.0,0.96,224.8,0.05,180.0,0.04,100.0,0.07,188.65,0.08,371.99,0.02,0.02,2369.371323,1776182016000
1776182018.774,218.774,0.93,193.65,0.92,361.99,0.95,124.52,0.96,210.8,0.05,20.0,0.04,224.8,0.07,63.65,0.08,356.99,0.02,0.02,2369.327283,1776182017000
1776182019.463,219.463,0.93,193.65,0.92,361.99,0.95,124.52,0.96,210.8,0.05,124.52,0.04,210.8,0.07,193.65,0.08,361.99,0.02,0.02,2369.253301,1776182018000
1776182020.024,220.024,0.93,193.65,0.92,361.99,0.95,124.52,0.96,210.8,0.05,124.52,0.04,210.8,0.07,193.65,0.08,361.99,0.02,0.02,2369.223285,1776182019000
1776182021.176,221.176,0.93,193.65,0.92,361.99,0.95,124.52,0.96,210.8,0.05,124.52,0.04,210.8,0.07,193.65,0.08,361.99,0.02,0.02,2369.203742,1776182020000
1776182021.751,221.751,0.92,86.0,0.91,58.89,0.93,50.0,0.94,210.0,0.06,135.0,0.05,65.0,0.08,45.0,0.09,525.1,0.01,0.02,2369.203742,1776182020000
1776182022.158,222.158,0.92,106.0,0.91,182.62,0.94,199.14,0.95,288.8,0.07,53.92,0.06,205.0,0.08,101.0,0.09,25.0,0.02,0.01,2369.203742,1776182020000
1776182023.153,223.153,0.93,24.69,0.92,30.0,0.94,197.68,0.95,267.8,0.06,199.14,0.05,288.8,0.08,106.0,0.09,182.62,0.01,0.02,2369.088743,1776182021000
1776182023.727,223.727,0.92,10.0,0.91,15.0,0.94,205.01,0.95,333.8,0.06,123.01,0.05,267.8,0.07,24.69,0.08,30.0,0.02,0.01,2368.887235,1776182022000
1776182023.964,223.964,0.92,10.0,0.91,15.0,0.94,205.01,0.95,333.8,0.06,205.01,0.05,333.8,0.08,10.0,0.09,15.0,0.02,0.02,2368.886303,1776182023000
1776182024.363,224.363,0.92,245.0,0.91,25.0,0.93,3.38,0.94,90.0,0.06,205.01,0.05,333.8,0.08,10.0,0.09,15.0,0.01,0.02,2368.886303,1776182023000
1776182024.604,224.604,0.92,274.86,0.91,25.0,0.93,1.76,0.94,90.0,0.07,3.38,0.06,90.0,0.08,245.0,0.09,25.0,0.01,0.01,2368.886303,1776182023000
1776182025.067,225.067,0.92,274.86,0.91,25.0,0.93,1.76,0.94,90.0,0.07,1.76,0.06,90.0,0.08,274.86,0.09,25.0,0.01,0.01,2368.831761,1776182024000
1776182026.205,226.205,0.92,274.86,0.91,25.0,0.93,1.76,0.94,90.0,0.07,1.76,0.06,90.0,0.08,274.86,0.09,25.0,0.01,0.01,2368.782199,1776182025000
1776182026.491,226.491,0.94,318.0,0.93,360.1,0.95,7.0,0.96,16.0,0.07,1.76,0.06,90.0,0.08,274.86,0.09,25.0,0.01,0.01,2368.782199,1776182025000
1776182027.28,227.28,0.95,46.0,0.94,617.99,0.96,10.0,0.97,287.7,0.04,10.0,0.03,287.7,0.05,46.0,0.06,617.99,0.01,0.01,2368.77163,1776182026000
1776182027.496,227.496,0.95,186.0,0.94,408.99,0.96,7.7,0.97,287.7,0.04,8.85,0.03,287.7,0.05,186.0,0.06,408.99,0.01,0.01,2368.77163,1776182026000
1776182027.941,227.941,0.94,49.0,0.93,20.0,0.95,67.0,0.96,188.54,0.04,2.54,0.03,287.7,0.05,181.0,0.06,408.99,0.01,0.01,2368.77163,1776182026000
1776182028.406,228.406,0.94,49.0,0.93,20.0,0.95,67.0,0.96,188.54,0.05,67.0,0.04,188.54,0.06,49.0,0.07,20.0,0.01,0.01,2368.9107,1776182027000
1776182028.93,228.93,0.94,49.0,0.93,20.0,0.95,67.0,0.96,188.54,0.05,67.0,0.04,188.54,0.06,49.0,0.07,20.0,0.01,0.01,2369.26796,1776182028000
1776182030.017,230.017,0.94,49.0,0.93,20.0,0.95,67.0,0.96,188.54,0.05,67.0,0.04,188.54,0.06,49.0,0.07,20.0,0.01,0.01,2369.015071,1776182029000
1776182031.233,231.233,0.94,19.33,0.93,360.99,0.95,136.0,0.96,146.34,0.05,67.0,0.04,188.54,0.06,49.0,0.07,20.0,0.01,0.01,2369.015071,1776182029000
1776182032.401,232.401,0.93,111.33,0.92,175.75,0.95,139.05,0.96,146.34,0.05,139.05,0.04,146.34,0.07,111.33,0.08,175.75,0.02,0.02,2368.87246,1776182031000
1776182032.958,232.958,0.93,111.33,0.92,175.75,0.95,139.05,0.96,146.34,0.05,139.05,0.04,146.34,0.07,111.33,0.08,175.75,0.02,0.02,2368.918735,1776182032000
1776182033.526,233.526,0.94,387.49,0.93,186.0,0.97,248.33,0.98,910.7,0.05,10.0,0.04,2.54,0.06,446.49,0.07,206.0,0.03,0.01,2368.918735,1776182032000
1776182033.854,233.854,0.94,397.49,0.93,192.0,0.95,8.0,0.96,15.0,0.03,248.33,0.02,910.7,0.06,387.49,0.07,186.0,0.01,0.03,2368.918735,1776182032000
1776182034.12,234.12,0.94,397.49,0.93,192.0,0.95,8.0,0.96,15.0,0.05,8.0,0.04,15.0,0.06,397.49,0.07,192.0,0.01,0.01,2369.0518,1776182033000
1776182034.499,234.499,0.94,380.49,0.93,197.0,0.96,7.91,0.97,198.33,0.05,8.0,0.04,15.0,0.06,397.49,0.07,192.0,0.02,0.01,2369.0518,1776182033000
1776182035.186,235.186,0.94,380.49,0.93,197.0,0.96,7.91,0.97,198.33,0.04,7.91,0.03,198.33,0.06,380.49,0.07,197.0,0.02,0.02,2369.13658,1776182034000
1776182036.309,236.309,0.94,380.49,0.93,197.0,0.96,7.91,0.97,198.33,0.04,7.91,0.03,198.33,0.06,380.49,0.07,197.0,0.02,0.02,2369.093482,1776182035000
1776182036.764,236.764,0.95,144.0,0.94,376.99,0.96,2.71,0.97,198.33,0.04,7.91,0.03,198.33,0.06,380.49,0.07,197.0,0.01,0.02,2369.093482,1776182035000
1776182037.278,237.278,0.95,204.0,0.94,411.99,0.96,0.71,0.97,69.63,0.04,2.71,0.03,198.33,0.05,144.0,0.06,376.99,0.01,0.01,2369.074431,1776182036000
1776182037.675,237.675,0.96,145.0,0.95,391.99,0.97,64.63,0.98,1142.75,0.03,69.63,0.02,1300.75,0.05,209.0,0.06,411.99,0.01,0.02,2369.074431,1776182036000
1776182037.877,237.877,0.96,85.0,0.95,391.99,0.97,16.63,0.98,1158.75,0.03,58.63,0.02,1142.75,0.04,85.0,0.05,391.99,0.01,0.01,2369.074431,1776182036000
1776182038.137,238.137,0.96,85.0,0.95,391.99,0.97,16.63,0.98,1158.75,0.03,16.63,0.02,1158.75,0.04,85.0,0.05,391.99,0.01,0.01,2369.20617,1776182037000
1776182039.285,239.285,0.96,90.0,0.95,391.99,0.97,136.32,0.98,1010.75,0.03,136.32,0.02,1010.75,0.04,90.0,0.05,391.99,0.01,0.01,2369.1336,1776182038000
1776182039.617,239.617,0.96,436.99,0.95,291.79,0.98,335.32,0.99,7564.6,0.03,11.32,0.02,578.75,0.04,429.99,0.05,234.99,0.02,0.01,2369.1336,1776182038000
1776182040.343,240.343,0.97,50.89,0.96,324.99,0.98,320.32,0.99,7162.6,0.02,335.32,0.01,7564.6,0.04,436.99,0.05,291.79,0.01,0.02,2369.1336,1776182038000
1776182040.64,240.64,0.97,20.0,0.96,548.09,0.98,274.11,0.99,7162.6,0.02,310.11,0.01,7167.6,0.03,20.0,0.04,548.09,0.01,0.01,2369.19178,1776182039000
1776182040.845,240.845,0.97,20.0,0.96,548.09,0.98,254.01,0.99,7562.6,0.02,264.11,0.01,7562.6,0.03,245.99,0.04,329.99,0.01,0.01,2369.19178,1776182039000
1776182041.1,241.1,0.97,251.99,0.96,329.99,0.98,247.98,0.99,7562.6,0.02,254.01,0.01,7562.6,0.03,20.0,0.04,548.09,0.01,0.01,2369.299525,1776182040000
1776182041.374,241.374,0.97,20.0,0.96,329.99,0.98,250.98,0.99,7504.6,0.02,247.98,0.01,7562.6,0.03,251.99,0.04,329.99,0.01,0.01,2369.299525,1776182040000
1776182041.727,241.727,0.97,275.99,0.96,329.99,0.98,240.98,0.99,7499.6,0.02,250.98,0.01,7504.6,0.03,20.0,0.04,329.99,0.01,0.01,2369.299525,1776182040000
1776182042.084,242.084,0.97,390.99,0.96,214.99,0.98,235.48,0.99,7499.6,0.02,240.98,0.01,7499.6,0.03,275.99,0.04,329.99,0.01,0.01,2369.299525,1776182040000
1776182042.333,242.333,0.97,405.99,0.96,214.99,0.98,234.45,0.99,7465.6,0.02,235.48,0.01,7499.6,0.03,390.99,0.04,214.99,0.01,0.01,2369.290144,1776182041000
1776182042.734,242.734,0.97,421.99,0.96,214.99,0.99,7234.68,,,0.02,234.45,0.01,7465.6,0.03,405.99,0.04,214.99,0.02,0.01,2369.290144,1776182041000
1776182043.11,243.11,0.97,432.3,0.96,214.99,0.98,5.0,0.99,7200.68,0.01,7234.68,,,0.03,421.99,0.04,214.99,0.01,0.02,2369.290144,1776182041000
1776182043.332,243.332,0.97,432.3,0.96,214.99,0.98,5.0,0.99,7200.68,0.02,5.0,0.01,7200.68,0.03,432.3,0.04,214.99,0.01,0.01,2369.34063,1776182042000
1776182043.672,243.672,0.97,511.3,0.96,319.69,0.98,94.94,0.99,7300.68,0.01,7330.68,,,0.03,511.3,0.04,214.99,0.01,0.02,2369.34063,1776182042000
1776182043.919,243.919,0.97,456.3,0.96,319.69,0.98,86.82,0.99,7300.68,0.02,91.87,0.01,7300.68,0.03,461.3,0.04,319.69,0.01,0.01,2369.34063,1776182042000
1776182044.128,244.128,0.97,511.3,0.96,319.69,0.98,76.61,0.99,7300.68,0.02,86.82,0.01,7300.68,0.03,456.3,0.04,319.69,0.01,0.01,2369.34063,1776182042000
1776182044.358,244.358,0.97,506.3,0.96,319.69,0.98,68.43,0.99,7300.68,0.02,68.43,0.01,7300.68,0.03,506.3,0.04,319.69,0.01,0.01,2369.34107,1776182043000
1776182044.878,244.878,0.97,506.3,0.96,319.69,0.98,68.43,0.99,7300.68,0.02,68.43,0.01,7300.68,0.03,506.3,0.04,319.69,0.01,0.01,2369.36227,1776182044000
1776182045.23,245.23,0.97,25.31,0.96,307.99,0.98,292.58,0.99,7203.66,0.01,6761.66,,,0.03,459.3,0.04,319.69,0.01,0.02,2369.36227,1776182044000
1776182045.452,245.452,0.96,456.99,0.95,176.0,0.97,83.92,0.98,182.58,0.03,84.96,0.02,177.58,0.04,456.99,0.05,176.0,0.01,0.01,2369.36227,1776182044000
1776182045.885,245.885,0.96,326.99,0.95,291.0,0.97,175.78,0.98,187.58,0.03,56.82,0.02,182.58,0.04,461.99,0.05,181.0,0.01,0.01,2369.36227,1776182044000
1776182046.104,246.104,0.96,451.99,0.95,176.0,0.97,169.74,0.98,187.58,0.03,55.78,0.02,302.58,0.04,451.99,0.05,176.0,0.01,0.01,2369.41894,1776182045000
1776182046.322,246.322,0.96,516.99,0.95,181.0,0.97,40.55,0.98,187.58,0.03,45.7,0.02,187.58,0.04,456.99,0.05,181.0,0.01,0.01,2369.41894,1776182045000
1776182046.941,246.941,0.96,489.62,0.95,181.0,0.97,40.55,0.98,656.05,0.03,40.55,0.02,187.58,0.04,516.99,0.05,181.0,0.01,0.01,2369.41894,1776182045000
1776182047.379,247.379,0.96,494.62,0.95,210.0,0.97,39.51,0.98,651.05,0.03,40.55,0.02,656.05,0.04,489.62,0.05,181.0,0.01,0.01,2369.280837,1776182046000
1776182047.993,247.993,0.96,544.62,0.95,285.8,0.97,34.51,0.98,651.05,0.03,39.51,0.02,651.05,0.04,494.62,0.05,210.0,0.01,0.01,2369.280837,1776182046000
1776182048.495,248.495,0.96,489.62,0.95,285.8,0.97,24.2,0.98,766.05,0.03,34.51,0.02,651.05,0.04,544.62,0.05,285.8,0.01,0.01,2369.069337,1776182047000
1776182049.06,249.06,0.96,489.62,0.95,285.8,0.97,24.2,0.98,766.05,0.03,24.2,0.02,766.05,0.04,489.62,0.05,285.8,0.01,0.01,2369.102654,1776182048000
1776182049.565,249.565,0.96,529.62,0.95,285.8,0.97,47.89,0.98,478.47,0.03,24.2,0.02,766.05,0.04,489.62,0.05,285.8,0.01,0.01,2369.102654,1776182048000
1776182050.018,250.018,0.96,529.62,0.95,285.8,0.97,47.89,0.98,478.47,0.03,47.89,0.02,478.47,0.04,529.62,0.05,285.8,0.01,0.01,2369.103194,1776182049000
1776182050.461,250.461,0.97,323.32,0.96,291.7,0.98,78.47,0.99,6682.66,0.02,478.47,0.01,6798.66,0.04,583.62,0.05,285.8,0.01,0.02,2369.103194,1776182049000
1776182050.849,250.849,0.97,278.31,0.96,406.7,0.98,10.0,0.99,6472.66,0.02,10.0,0.01,6682.66,0.03,254.98,0.04,291.7,0.01,0.01,2369.103194,1776182049000
1776182051.233,251.233,0.97,495.67,0.96,428.7,0.98,114.81,0.99,6467.66,0.02,10.0,0.01,6472.66,0.03,278.31,0.04,406.7,0.01,0.01,2369.071591,1776182050000
1776182051.697,251.697,0.97,409.36,0.96,428.7,0.98,119.7,0.99,6467.66,0.02,109.7,0.01,6467.66,0.03,454.0,0.04,428.7,0.01,0.01,2369.071591,1776182050000
1776182052.044,252.044,0.97,372.69,0.96,418.7,0.98,124.7,0.99,6467.66,0.02,119.7,0.01,6467.66,0.03,409.36,0.04,428.7,0.01,0.01,2369.071591,1776182050000
1776182052.428,252.428,0.97,341.02,0.96,418.7,0.98,119.7,0.99,6467.66,0.02,124.7,0.01,6467.66,0.03,372.69,0.04,418.7,0.01,0.01,2369.125759,1776182051000
1776182052.77,252.77,0.97,304.35,0.96,418.7,0.98,99.29,0.99,6467.66,0.02,99.29,0.01,6467.66,0.03,336.02,0.04,418.7,0.01,0.01,2369.125759,1776182051000
1776182053.011,253.011,0.97,309.35,0.96,418.7,0.98,88.21,0.99,6467.66,0.02,99.29,0.01,6467.66,0.03,304.35,0.04,418.7,0.01,0.01,2369.125759,1776182051000
1776182053.395,253.395,0.97,277.68,0.96,325.0,0.98,62.55,0.99,6467.66,0.02,88.21,0.01,6467.66,0.03,277.68,0.04,418.7,0.01,0.01,2369.217364,1776182052000
1776182053.841,253.841,0.97,266.0,0.96,325.0,0.98,62.55,0.99,6467.66,0.02,62.55,0.01,6467.66,0.03,297.67,0.04,325.0,0.01,0.01,2369.217364,1776182052000
1776182054.114,254.114,0.98,60.17,0.97,276.0,0.99,6466.12,,,0.01,6466.12,,,0.02,60.17,0.03,276.0,0.01,0.01,2369.409559,1776182053000
1776182054.507,254.507,0.98,0.17,0.97,201.36,0.99,6571.12,,,0.01,6461.12,,,0.02,67.16,0.03,331.36,0.01,0.01,2369.409559,1776182053000
1776182054.786,254.786,0.97,153.25,0.96,271.0,0.99,6564.09,,,0.01,6571.12,,,0.03,153.25,0.04,271.0,0.02,0.02,2369.409559,1776182053000
1776182055.117,255.117,0.97,153.25,0.96,271.0,0.99,6564.09,,,0.01,6564.09,,,0.03,153.25,0.04,271.0,0.02,0.02,2369.310045,1776182054000
1776182055.366,255.366,0.97,153.25,0.96,271.0,0.99,6548.93,,,0.01,6564.09,,,0.03,153.25,0.04,271.0,0.02,0.02,2369.310045,1776182054000
1776182055.98,255.98,0.97,153.25,0.96,271.0,0.99,6548.93,,,0.01,6548.93,,,0.03,153.25,0.04,271.0,0.02,0.02,2369.306019,1776182055000
1776182056.666,256.666,0.97,153.25,0.96,273.0,0.99,6543.82,,,0.01,6548.93,,,0.03,153.25,0.04,271.0,0.02,0.02,2369.306019,1776182055000
1776182056.933,256.933,0.97,153.25,0.96,273.0,0.99,6488.31,,,0.01,6488.31,,,0.03,153.25,0.04,273.0,0.02,0.02,2369.10814,1776182056000
1776182057.786,257.786,0.97,312.25,0.96,158.0,0.99,6473.1,,,0.01,6488.31,,,0.03,153.25,0.04,273.0,0.02,0.02,2369.10814,1776182056000
1776182059.054,259.054,0.97,312.25,0.96,158.0,0.99,6473.1,,,0.01,6473.1,,,0.03,312.25,0.04,158.0,0.02,0.02,2369.043894,1776182058000
1776182059.292,259.292,0.97,136.25,0.96,249.0,0.98,47.62,0.99,6258.1,0.01,6473.1,,,0.03,312.25,0.04,158.0,0.01,0.02,2369.043894,1776182058000
1776182059.543,259.543,0.96,254.0,0.95,117.0,0.98,4.9,0.99,6258.1,0.01,6258.1,,,0.04,249.0,0.05,39.0,0.02,0.03,2369.043894,1776182058000
1776182060.054,260.054,0.97,10.0,0.96,274.83,0.98,115.82,0.99,6258.1,0.02,4.9,0.01,6258.1,0.04,254.0,0.05,117.0,0.01,0.02,2369.043894,1776182058000
1776182060.373,260.373,0.97,15.0,0.96,274.83,0.98,97.07,0.99,6258.1,0.02,18.66,0.01,6258.1,0.03,15.0,0.04,274.83,0.01,0.01,2369.043894,1776182058000
1776182061.073,261.073,0.97,15.0,0.96,274.83,0.98,97.07,0.99,6258.1,0.02,97.07,0.01,6258.1,0.03,15.0,0.04,274.83,0.01,0.01,2369.045101,1776182060000
1776182062.358,262.358,0.97,15.0,0.96,274.83,0.98,97.07,0.99,6258.1,0.02,97.07,0.01,6258.1,0.03,15.0,0.04,274.83,0.01,0.01,2368.81193,1776182061000
1776182062.642,262.642,0.97,292.89,0.96,142.83,0.99,6357.99,,,0.02,97.07,0.01,6258.1,0.03,15.0,0.04,274.83,0.02,0.01,2368.81193,1776182061000
1776182062.898,262.898,0.97,292.89,0.96,142.83,0.99,6357.99,,,0.01,6357.99,,,0.03,292.89,0.04,142.83,0.02,0.02,2368.799985,1776182062000
1776182064.375,264.375,0.97,292.89,0.96,142.83,0.99,6357.99,,,0.01,6357.99,,,0.03,292.89,0.04,142.83,0.02,0.02,2368.809739,1776182063000
1776182064.917,264.917,0.97,292.89,0.96,142.83,0.99,6357.99,,,0.01,6357.99,,,0.03,292.89,0.04,142.83,0.02,0.02,2368.824114,1776182064000
1776182065.386,265.386,0.97,340.89,0.96,133.83,0.98,44.94,0.99,6242.99,0.01,6357.99,,,0.03,292.89,0.04,142.83,0.01,0.02,2368.824114,1776182064000
1776182065.762,265.762,0.98,88.89,0.97,262.0,0.99,6242.99,,,0.02,44.94,0.01,6242.99,0.03,340.89,0.04,133.83,0.01,0.01,2368.824114,1776182064000
1776182066.199,266.199,0.98,93.89,0.97,262.0,0.99,6236.92,,,0.01,6241.97,,,0.02,88.89,0.03,262.0,0.01,0.01,2368.824114,1776182064000
1776182066.484,266.484,0.98,120.99,0.97,172.0,0.99,6227.92,,,0.01,6236.92,,,0.02,93.89,0.03,262.0,0.01,0.01,2368.807828,1776182065000
1776182066.753,266.753,0.98,345.99,0.97,195.0,0.99,5824.32,,,0.01,5844.32,,,0.02,340.99,0.03,195.0,0.01,0.01,2368.807828,1776182065000
1776182067.368,267.368,0.98,493.99,0.97,195.0,0.99,5803.78,,,0.01,5819.32,,,0.02,340.99,0.03,195.0,0.01,0.01,2368.807828,1776182065000
1776182067.659,267.659,0.98,491.99,0.97,195.0,0.99,5808.78,,,0.01,5808.78,,,0.02,491.99,0.03,195.0,0.01,0.01,2368.812743,1776182066000
1776182067.883,267.883,0.98,599.0,0.97,255.7,0.99,710.0,,,0.01,811.0,,,0.02,594.0,0.03,255.7,0.01,0.01,2368.812743,1776182066000
1776182068.286,268.286,0.99,2017.0,0.98,594.0,,,,,,,,,0.01,2017.0,0.02,594.0,,,2368.854311,1776182067000
1776182068.951,268.951,0.99,2230.83,0.98,506.0,,,,,,,,,0.01,2017.0,0.02,594.0,,,2368.854311,1776182067000
1776182069.734,269.734,0.99,2276.0,0.98,391.0,,,,,,,,,0.01,2230.83,0.02,506.0,,,2369.165715,1776182068000
1776182069.989,269.989,0.99,2273.65,0.98,391.0,,,,,,,,,0.01,2276.0,0.02,391.0,,,2369.165715,1776182068000
1776182070.389,270.389,0.99,2266.05,0.98,391.0,,,,,,,,,0.01,2266.05,0.02,391.0,,,2369.380366,1776182069000
1776182071.048,271.048,0.99,2266.05,0.98,391.0,,,,,,,,,0.01,2266.05,0.02,391.0,,,2369.427507,1776182070000
1776182071.27,271.27,0.99,2216.05,0.98,569.7,,,,,,,,,0.01,2266.05,0.02,391.0,,,2369.427507,1776182070000
1776182072.18,272.18,0.99,2216.05,0.98,569.7,,,,,,,,,0.01,2216.05,0.02,569.7,,,2369.40572,1776182071000
1776182072.604,272.604,0.99,2182.58,0.98,569.7,,,,,,,,,0.01,2216.05,0.02,569.7,,,2369.40572,1776182071000
1776182073.379,273.379,0.99,2182.58,0.98,569.7,,,,,,,,,0.01,2182.58,0.02,569.7,,,2369.398751,1776182072000
1776182073.86,273.86,0.99,2211.59,0.98,569.7,,,,,,,,,0.01,2182.58,0.02,569.7,,,2369.398751,1776182072000
1776182074.107,274.107,0.99,2211.59,0.98,569.7,,,,,,,,,0.01,2211.59,0.02,569.7,,,2369.393758,1776182073000
1776182075.682,275.682,0.99,2211.59,0.98,569.7,,,,,,,,,0.01,2211.59,0.02,569.7,,,2369.386155,1776182074000
1776182076.238,276.238,0.99,2211.59,0.98,569.7,,,,,,,,,0.01,2211.59,0.02,569.7,,,2369.432275,1776182075000
1776182077.187,277.187,0.99,2211.59,0.98,569.7,,,,,,,,,0.01,2211.59,0.02,569.7,,,2369.452315,1776182076000
1776182078.318,278.318,0.99,2211.59,0.98,569.7,,,,,,,,,0.01,2211.59,0.02,569.7,,,2369.460595,1776182077000
1776182079.395,279.395,0.99,2211.59,0.98,569.7,,,,,,,,,0.01,2211.59,0.02,569.7,,,2369.46839,1776182078000
1776182079.932,279.932,0.99,2211.59,0.98,569.7,,,,,,,,,0.01,2211.59,0.02,569.7,,,2369.46839,1776182079000
1776182080.971,280.971,0.99,2211.59,0.98,569.7,,,,,,,,,0.01,2211.59,0.02,569.7,,,2369.4489,1776182080000
1776182081.947,281.947,0.99,2211.59,0.98,569.7,,,,,,,,,0.01,2211.59,0.02,569.7,,,2369.439435,1776182081000
1776182083.018,283.018,0.99,2211.59,0.98,569.7,,,,,,,,,0.01,2211.59,0.02,569.7,,,2369.433851,1776182082000
1776182084.043,284.043,0.99,2211.59,0.98,569.7,,,,,,,,,0.01,2211.59,0.02,569.7,,,2370.280631,1776182083000
1776182085.123,285.123,0.99,2211.59,0.98,569.7,,,,,,,,,0.01,2211.59,0.02,569.7,,,2370.50133,1776182084000
1776182086.227,286.227,0.99,2211.59,0.98,569.7,,,,,,,,,0.01,2211.59,0.02,569.7,,,2370.492245,1776182085000
1776182087.22,287.22,0.99,2211.59,0.98,569.7,,,,,,,,,0.01,2211.59,0.02,569.7,,,2370.49796,1776182086000
1776182088.445,288.445,0.99,2211.59,0.98,569.7,,,,,,,,,0.01,2211.59,0.02,569.7,,,2370.490645,1776182087000
1776182089.36,289.36,0.99,2211.59,0.98,569.7,,,,,,,,,0.01,2211.59,0.02,569.7,,,2370.495105,1776182088000
1776182090.459,290.459,0.99,2211.59,0.98,569.7,,,,,,,,,0.01,2211.59,0.02,569.7,,,2370.847378,1776182089000
1776182090.874,290.874,0.99,2211.59,0.98,569.7,,,,,,,,,0.01,2211.59,0.02,569.7,,,2370.966665,1776182090000
1776182091.939,291.939,0.99,2211.59,0.98,569.7,,,,,,,,,0.01,2211.59,0.02,569.7,,,2371.800961,1776182091000
1776182092.978,292.978,0.99,2211.59,0.98,569.7,,,,,,,,,0.01,2211.59,0.02,569.7,,,2372.025698,1776182092000
1776182093.97,293.97,0.99,2211.59,0.98,569.7,,,,,,,,,0.01,2211.59,0.02,569.7,,,2372.043865,1776182093000
1776182094.973,294.973,0.99,2211.59,0.98,569.7,,,,,,,,,0.01,2211.59,0.02,569.7,,,2372.051603,1776182094000
1776182096.007,296.007,0.99,2211.59,0.98,569.7,,,,,,,,,0.01,2211.59,0.02,569.7,,,2372.0287,1776182095000
1776182097.018,297.018,0.99,2211.59,0.98,569.7,,,,,,,,,0.01,2211.59,0.02,569.7,,,2372.047185,1776182096000
1776182098.047,298.047,0.99,2211.59,0.98,569.7,,,,,,,,,0.01,2211.59,0.02,569.7,,,2372.04522,1776182097000

# RESULT,winner=Up,slug=eth-updown-5m-1776181800,ticks=547
