timestamp,elapsed_sec,up_bid_p1,up_bid_s1,up_bid_p2,up_bid_s2,up_ask_p1,up_ask_s1,up_ask_p2,up_ask_s2,down_bid_p1,down_bid_s1,down_bid_p2,down_bid_s2,down_ask_p1,down_ask_s1,down_ask_p2,down_ask_s2,up_spread,down_spread,eth_price,eth_oracle_ts
1776337500.745,0.745,0.5,55.1,0.47,15.0,0.53,22.6,0.54,165.0,0.47,26.38,0.46,165.0,0.5,55.1,0.53,15.0,0.03,0.03,2334.024554,1776337499000
1776337503.165,3.165,0.5,50.1,0.46,17.0,0.51,36.0,0.52,23.0,0.47,22.6,0.46,165.0,0.5,55.1,0.53,15.0,0.01,0.03,2333.995999,1776337501000
1776337503.763,3.763,0.5,5.48,0.49,12.0,0.51,140.0,0.52,35.0,0.49,41.0,0.48,23.0,0.5,35.1,0.54,17.0,0.01,0.01,2333.989793,1776337502000
1776337503.981,3.981,0.43,13.0,0.42,13.0,0.44,12.04,0.45,77.52,0.55,57.52,0.49,135.0,0.57,13.0,0.58,13.0,0.01,0.02,2333.989793,1776337502000
1776337504.234,4.234,0.43,13.0,0.42,13.0,0.44,1.81,0.45,77.52,0.56,12.04,0.55,77.52,0.57,13.0,0.58,13.0,0.01,0.01,2333.989793,1776337502000
1776337505.083,5.083,0.4,17.62,0.39,18.0,0.41,15.0,0.42,27.0,0.55,72.81,0.54,97.0,0.57,13.0,0.58,18.0,0.01,0.02,2334.011354,1776337503000
1776337505.599,5.599,0.4,65.28,0.39,33.0,0.41,6.0,0.42,12.0,0.59,8.8,0.58,32.0,0.6,17.0,0.61,23.0,0.01,0.01,2333.897439,1776337504000
1776337505.886,5.886,0.4,79.0,0.39,28.0,0.42,8.0,0.44,5.0,0.59,1.0,0.58,12.0,0.6,65.28,0.61,33.0,0.02,0.01,2333.897439,1776337504000
1776337506.217,6.217,0.43,39.0,0.42,45.0,0.45,79.3,0.46,5.0,0.57,11.7,0.56,5.0,0.59,5.0,0.6,91.0,0.02,0.02,2333.8702,1776337505000
1776337506.714,6.714,0.44,25.0,0.43,28.0,0.45,57.52,0.46,17.0,0.55,79.3,0.54,5.0,0.57,39.0,0.58,45.0,0.01,0.02,2333.8702,1776337505000
1776337507.726,7.726,0.44,20.0,0.43,168.0,0.45,47.52,0.46,12.0,0.55,57.52,0.54,17.0,0.56,30.0,0.57,28.0,0.01,0.01,2333.747185,1776337506000
1776337508.005,8.005,0.44,82.0,0.43,168.0,0.45,27.52,0.46,12.0,0.55,47.52,0.54,12.0,0.56,20.0,0.57,168.0,0.01,0.01,2333.747185,1776337506000
1776337510.221,10.221,0.44,132.0,0.43,178.0,0.45,7.58,0.46,12.0,0.55,27.52,0.54,12.0,0.56,82.0,0.57,168.0,0.01,0.01,2333.91955,1776337509000
1776337513.29,13.29,0.44,140.5,0.43,216.63,0.45,7.58,0.46,12.0,0.55,7.58,0.54,12.0,0.56,132.0,0.57,178.0,0.01,0.01,2334.028597,1776337512000
1776337515.801,15.801,0.44,174.86,0.43,203.15,0.45,0.44,0.46,12.0,0.55,7.58,0.54,12.0,0.56,140.5,0.57,216.63,0.01,0.01,2333.94453,1776337514000
1776337518.474,18.474,0.44,154.86,0.43,212.99,0.46,12.0,0.47,10.5,0.55,0.44,0.54,12.0,0.56,174.86,0.57,203.15,0.02,0.01,2334.011168,1776337517000
1776337518.829,18.829,0.46,83.61,0.45,53.5,0.47,10.5,0.48,22.5,0.54,12.0,0.53,10.5,0.56,154.86,0.57,212.99,0.01,0.02,2334.011168,1776337517000
1776337519.642,19.642,0.46,95.61,0.45,38.0,0.47,0.39,0.48,22.5,0.53,5.39,0.52,22.5,0.54,88.61,0.55,53.5,0.01,0.01,2333.98541,1776337518000
1776337520.442,20.442,0.44,9.06,0.43,12.0,0.45,78.5,0.46,99.22,0.53,0.39,0.52,22.5,0.54,95.61,0.55,38.0,0.01,0.01,2334.048,1776337519000
1776337520.853,20.853,0.39,22.0,0.38,25.5,0.4,20.08,0.41,15.0,0.56,25.5,0.55,78.5,0.57,9.63,0.58,26.0,0.01,0.01,2334.048,1776337519000
1776337521.067,21.067,0.39,12.0,0.38,25.5,0.4,20.08,0.41,30.5,0.6,20.08,0.59,30.5,0.61,17.0,0.62,25.5,0.01,0.01,2334.048,1776337519000
1776337522.639,22.639,0.37,17.0,0.36,168.5,0.4,57.58,0.41,35.5,0.6,20.08,0.59,30.5,0.61,12.0,0.62,25.5,0.03,0.01,2334.048,1776337519000
1776337525.011,25.011,0.36,31.5,0.35,83.0,0.39,83.5,0.4,146.58,0.6,57.58,0.59,35.5,0.63,12.44,0.64,168.5,0.03,0.03,2333.563905,1776337523000
1776337525.489,25.489,0.35,68.0,0.34,14.0,0.36,94.5,0.37,60.5,0.64,32.5,0.63,50.5,0.65,73.0,0.66,26.0,0.01,0.01,2333.563905,1776337523000
1776337526.397,26.397,0.35,16.46,0.34,14.0,0.36,89.5,0.37,60.5,0.64,94.5,0.63,60.5,0.65,68.0,0.66,14.0,0.01,0.01,2333.41672,1776337525000
1776337527.352,27.352,0.32,30.5,0.31,25.5,0.33,22.46,0.34,37.5,0.64,89.5,0.63,60.5,0.65,9.38,0.66,14.0,0.01,0.01,2333.41672,1776337525000
1776337528.019,28.019,0.32,18.75,0.31,14.0,0.33,80.46,0.34,52.5,0.67,22.46,0.66,37.5,0.68,30.5,0.69,25.5,0.01,0.01,2333.259469,1776337526000
1776337528.299,28.299,0.28,74.47,0.27,101.0,0.29,15.0,0.3,56.7,0.67,80.46,0.66,52.5,0.68,18.75,0.69,14.0,0.01,0.01,2333.250005,1776337527000
1776337528.554,28.554,0.28,61.43,0.27,111.5,0.29,44.7,0.3,42.5,0.71,49.7,0.7,42.5,0.72,77.43,0.73,111.5,0.01,0.01,2333.250005,1776337527000
1776337530.114,30.114,0.28,78.43,0.27,111.5,0.29,58.56,0.3,42.5,0.71,44.7,0.7,42.5,0.72,61.43,0.73,111.5,0.01,0.01,2333.245805,1776337528000
1776337531.156,31.156,0.28,100.93,0.27,130.5,0.29,8.06,0.3,17.0,0.71,58.56,0.7,42.5,0.72,78.43,0.73,111.5,0.01,0.01,2332.96102,1776337530000
1776337531.553,31.553,0.29,84.5,0.28,100.93,0.3,6.0,0.31,10.0,0.71,2.06,0.7,17.0,0.72,95.93,0.73,130.5,0.01,0.01,2332.96102,1776337530000
1776337532.04,32.04,0.3,92.5,0.29,57.5,0.31,6.77,0.32,22.0,0.7,6.0,0.69,10.0,0.71,84.5,0.72,100.93,0.01,0.01,2332.96102,1776337530000
1776337532.338,32.338,0.3,101.07,0.29,52.5,0.32,12.93,0.33,20.5,0.69,6.77,0.68,22.0,0.7,101.07,0.71,52.5,0.02,0.01,2332.96102,1776337530000
1776337532.828,32.828,0.31,68.36,0.3,67.07,0.32,0.93,0.33,32.5,0.68,12.93,0.67,20.5,0.7,101.07,0.71,52.5,0.01,0.02,2332.96325,1776337531000
1776337534.236,34.236,0.34,66.58,0.33,100.5,0.35,16.5,0.36,22.0,0.68,0.93,0.67,32.5,0.69,68.36,0.7,67.07,0.01,0.01,2332.9965,1776337532000
1776337534.501,34.501,0.34,102.58,0.33,100.5,0.35,13.64,0.36,12.0,0.65,16.5,0.64,22.0,0.66,66.58,0.67,100.5,0.01,0.01,2333.02325,1776337533000
1776337536.562,36.562,0.34,68.58,0.33,150.0,0.35,50.46,0.36,32.5,0.65,13.64,0.64,12.0,0.66,102.58,0.67,100.5,0.01,0.01,2333.0234,1776337534000
1776337536.784,36.784,0.34,65.16,0.33,150.0,0.35,55.46,0.36,32.5,0.65,50.46,0.64,32.5,0.66,68.58,0.67,150.0,0.01,0.01,2333.2482,1776337535000
1776337537.535,37.535,0.34,9.33,0.33,80.0,0.35,72.46,0.36,43.5,0.65,55.46,0.64,32.5,0.66,65.16,0.67,150.0,0.01,0.01,2333.2432,1776337536000
1776337538.409,38.409,0.34,34.33,0.33,80.0,0.35,35.5,0.36,37.5,0.65,72.46,0.64,43.5,0.66,9.33,0.67,80.0,0.01,0.01,2333.27325,1776337537000
1776337541.23,41.23,0.33,76.56,0.32,27.0,0.35,60.27,0.36,43.5,0.65,35.5,0.64,37.5,0.66,24.33,0.67,80.0,0.02,0.01,2333.086282,1776337539000
1776337541.431,41.431,0.33,134.56,0.32,27.0,0.34,14.61,0.35,48.27,0.65,60.27,0.64,43.5,0.67,76.56,0.68,27.0,0.01,0.02,2333.153995,1776337540000
1776337544.485,44.485,0.33,106.56,0.32,27.0,0.34,47.02,0.35,25.5,0.66,14.61,0.65,48.27,0.67,134.56,0.68,27.0,0.01,0.01,2333.073325,1776337543000
1776337545.397,45.397,0.33,14.41,0.32,22.0,0.34,59.02,0.35,25.5,0.66,47.02,0.65,25.5,0.67,106.56,0.68,27.0,0.01,0.01,2333.07881,1776337544000
1776337546.393,46.393,0.31,10.0,0.3,36.5,0.32,26.67,0.33,46.5,0.66,59.02,0.65,25.5,0.67,14.41,0.68,22.0,0.01,0.01,2333.06966,1776337545000
1776337546.969,46.969,0.31,3.0,0.3,12.0,0.32,99.17,0.33,41.5,0.68,26.67,0.67,46.5,0.69,10.0,0.7,36.5,0.01,0.01,2333.06966,1776337545000
1776337547.176,47.176,0.3,9.95,0.29,5.0,0.32,94.17,0.33,41.5,0.68,99.17,0.67,41.5,0.69,3.0,0.7,12.0,0.02,0.01,2333.06966,1776337545000
1776337547.605,47.605,0.28,19.5,0.27,17.0,0.29,100.0,0.3,67.0,0.7,42.0,0.69,40.5,0.71,3.41,0.72,36.5,0.01,0.01,2333.01754,1776337546000
1776337550.042,50.042,0.28,79.5,0.27,75.0,0.29,4.82,0.3,22.0,0.71,100.0,0.7,67.0,0.72,19.5,0.73,17.0,0.01,0.01,2333.03046,1776337548000
1776337550.338,50.338,0.28,77.55,0.27,75.0,0.29,4.82,0.3,22.0,0.71,4.82,0.7,22.0,0.72,79.5,0.73,75.0,0.01,0.01,2333.032585,1776337549000
1776337552.204,52.204,0.28,67.55,0.27,91.0,0.29,4.82,0.3,22.0,0.71,4.82,0.7,22.0,0.72,77.55,0.73,75.0,0.01,0.01,2333.01603,1776337550000
1776337554.499,54.499,0.29,65.5,0.28,99.55,0.31,27.0,0.32,25.5,0.7,16.65,0.69,15.0,0.72,72.55,0.73,91.0,0.02,0.02,2333.079815,1776337553000
1776337561.676,61.676,0.3,41.21,0.29,114.5,0.31,26.67,0.32,37.07,0.69,27.0,0.68,25.5,0.71,65.5,0.72,99.55,0.01,0.02,2333.1085,1776337560000
1776337567.118,67.118,0.3,80.5,0.29,105.5,0.31,90.96,0.32,21.57,0.69,26.67,0.68,37.07,0.7,41.21,0.71,114.5,0.01,0.01,2333.079405,1776337566000
1776337569.142,69.142,0.3,77.28,0.29,105.5,0.31,119.95,0.32,21.57,0.69,90.96,0.68,21.57,0.7,80.5,0.71,105.5,0.01,0.01,2333.173625,1776337567000
1776337571.401,71.401,0.3,63.85,0.29,105.5,0.31,126.95,0.32,32.07,0.69,119.95,0.68,21.57,0.7,77.28,0.71,105.5,0.01,0.01,2333.139805,1776337570000
1776337572.787,72.787,0.3,113.48,0.29,60.5,0.31,86.95,0.32,11.57,0.69,126.95,0.68,32.07,0.7,63.85,0.71,105.5,0.01,0.01,2333.2336,1776337571000
1776337573.443,73.443,0.37,67.0,0.36,111.77,0.38,5.36,0.39,5.0,0.62,14.05,0.61,5.0,0.66,52.5,0.67,155.5,0.01,0.04,2333.23865,1776337572000
1776337573.956,73.956,0.37,67.0,0.36,116.77,0.38,0.36,0.39,17.0,0.62,5.36,0.61,5.0,0.63,67.0,0.64,111.77,0.01,0.01,2333.23865,1776337572000
1776337574.378,74.378,0.38,5.12,0.37,62.0,0.39,5.0,0.4,33.0,0.62,0.36,0.61,17.0,0.63,67.0,0.64,116.77,0.01,0.01,2333.23865,1776337572000
1776337578.666,78.666,0.38,9.53,0.37,22.0,0.39,25.5,0.4,33.0,0.61,5.0,0.6,33.0,0.62,5.12,0.63,62.0,0.01,0.01,2333.5478,1776337577000
1776337585.816,85.816,0.37,27.03,0.36,112.5,0.39,31.5,0.4,27.0,0.61,25.5,0.6,33.0,0.62,9.53,0.63,22.0,0.02,0.01,2333.47062,1776337584000
1776337590.594,90.594,0.34,12.0,0.3,75.0,0.38,159.79,0.39,125.5,0.61,31.5,0.6,27.0,0.63,27.03,0.64,112.5,0.04,0.02,2333.424305,1776337589000
1776337590.961,90.961,0.3,17.44,0.29,87.0,0.31,91.5,0.32,40.0,0.69,96.5,0.68,16.0,0.7,23.44,0.71,75.0,0.01,0.01,2333.424305,1776337589000
1776337591.473,91.473,0.3,7.44,0.29,87.0,0.31,66.5,0.32,40.0,0.69,91.5,0.68,40.0,0.7,17.44,0.71,87.0,0.01,0.01,2333.53395,1776337590000
1776337591.854,91.854,0.29,87.0,0.28,15.5,0.3,22.56,0.31,66.5,0.69,66.5,0.68,40.0,0.7,7.44,0.71,87.0,0.01,0.01,2333.53395,1776337590000
1776337596.303,96.303,0.26,27.5,0.25,5.0,0.28,95.0,0.29,73.5,0.7,22.56,0.69,66.5,0.71,87.0,0.72,15.5,0.02,0.01,2333.09122,1776337595000
1776337597.243,97.243,0.21,9.99,0.2,10.0,0.24,67.5,0.25,64.5,0.72,95.0,0.71,73.5,0.74,21.5,0.75,5.0,0.03,0.02,2333.095029,1776337596000
1776337597.695,97.695,0.17,94.79,0.16,107.79,0.18,39.0,0.19,22.0,0.82,21.0,0.81,15.0,0.83,101.0,0.84,101.8,0.01,0.01,2333.095029,1776337596000
1776337599.366,99.366,0.17,109.79,0.16,123.79,0.18,78.5,0.19,15.0,0.82,28.5,0.81,22.0,0.83,94.79,0.84,107.79,0.01,0.01,2332.792247,1776337598000
1776337601.145,101.145,0.17,90.5,0.16,107.79,0.18,67.38,0.19,15.0,0.82,78.5,0.81,15.0,0.83,109.79,0.84,123.79,0.01,0.01,2332.603965,1776337599000
1776337602.727,102.727,0.17,121.09,0.16,96.49,0.18,56.95,0.19,10.0,0.82,67.38,0.81,15.0,0.83,90.5,0.84,107.79,0.01,0.01,2332.583638,1776337601000
1776337604.172,104.172,0.17,121.09,0.16,96.49,0.18,60.56,0.19,10.0,0.82,56.95,0.81,10.0,0.83,121.09,0.84,96.49,0.01,0.01,2332.558504,1776337602000
1776337604.784,104.784,0.17,141.5,0.16,145.49,0.18,2.95,0.23,10.0,0.82,60.56,0.81,10.0,0.83,121.09,0.84,96.49,0.01,0.01,2332.558504,1776337602000
1776337605.037,105.037,0.22,10.5,0.21,10.0,0.23,3.47,0.24,96.42,0.76,96.42,0.75,10.0,0.82,90.5,0.83,272.5,0.01,0.06,2332.546451,1776337603000
1776337605.506,105.506,0.22,88.5,0.21,142.0,0.24,106.89,0.25,20.5,0.77,3.47,0.76,96.42,0.78,10.5,0.79,10.0,0.02,0.01,2332.546451,1776337603000
1776337606.258,106.258,0.23,69.5,0.22,75.5,0.24,94.89,0.25,32.5,0.76,106.89,0.75,20.5,0.78,88.5,0.79,142.0,0.01,0.02,2332.525545,1776337604000
1776337607.154,107.154,0.23,63.2,0.22,65.5,0.24,94.89,0.25,32.5,0.76,94.89,0.75,32.5,0.77,69.5,0.78,75.5,0.01,0.01,2332.59039,1776337605000
1776337607.996,107.996,0.23,21.0,0.22,15.0,0.24,131.22,0.25,37.5,0.76,90.72,0.75,32.5,0.77,63.2,0.78,65.5,0.01,0.01,2332.818388,1776337606000
1776337609.019,109.019,0.19,36.4,0.18,37.4,0.23,148.49,0.24,184.7,0.76,131.22,0.75,37.5,0.77,21.0,0.78,15.0,0.04,0.01,2332.818388,1776337607000
1776337613.796,113.796,0.18,79.5,0.17,171.0,0.2,9.9,0.21,25.5,0.81,20.5,0.8,61.5,0.82,5.24,0.83,39.5,0.02,0.01,2332.726265,1776337612000
1776337616.811,116.811,0.19,2.0,0.18,12.0,0.2,139.63,0.21,50.5,0.8,9.9,0.79,25.5,0.82,79.5,0.83,171.0,0.01,0.02,2332.738885,1776337615000
1776337621.2,121.2,0.18,43.0,0.17,42.5,0.19,86.24,0.2,79.0,0.8,139.63,0.79,50.5,0.82,5.0,0.84,107.79,0.01,0.02,2332.568775,1776337619000
1776337621.871,121.871,0.18,37.11,0.17,37.5,0.19,81.24,0.2,79.0,0.81,86.24,0.8,79.0,0.82,43.0,0.83,42.5,0.01,0.01,2332.627125,1776337620000
1776337622.175,122.175,0.18,19.11,0.17,37.5,0.19,61.5,0.2,79.0,0.81,81.24,0.8,79.0,0.82,37.11,0.83,37.5,0.01,0.01,2332.627135,1776337621000
1776337622.867,122.867,0.18,12.11,0.17,37.5,0.19,76.5,0.2,79.0,0.81,61.5,0.8,79.0,0.82,19.11,0.83,37.5,0.01,0.01,2332.627135,1776337621000
1776337623.089,123.089,0.18,59.11,0.17,37.5,0.19,71.5,0.2,68.5,0.81,76.5,0.8,79.0,0.82,12.11,0.83,37.5,0.01,0.01,2332.627135,1776337621000
1776337623.42,123.42,0.18,12.11,0.17,37.5,0.19,65.86,0.2,68.5,0.81,71.5,0.8,68.5,0.82,17.11,0.83,37.5,0.01,0.01,2332.609812,1776337622000
1776337625.562,125.562,0.18,8.45,0.17,37.5,0.19,81.86,0.2,132.52,0.81,65.86,0.8,68.5,0.82,12.11,0.83,37.5,0.01,0.01,2332.605038,1776337624000
1776337627.448,127.448,0.18,8.45,0.17,25.5,0.19,111.27,0.2,56.5,0.81,81.86,0.8,132.52,0.82,8.45,0.83,37.5,0.01,0.01,2332.663045,1776337625000
1776337627.865,127.865,0.17,22.88,0.16,202.49,0.19,116.27,0.2,56.5,0.81,111.27,0.8,56.5,0.82,8.45,0.83,25.5,0.02,0.01,2332.649759,1776337626000
1776337628.311,128.311,0.16,66.99,0.15,12.0,0.17,149.39,0.18,118.98,0.81,116.27,0.8,56.5,0.83,22.88,0.84,202.49,0.01,0.02,2332.650364,1776337627000
1776337628.828,128.828,0.16,56.99,0.15,12.0,0.17,134.39,0.18,116.98,0.83,149.39,0.82,123.98,0.84,56.99,0.85,12.0,0.01,0.01,2332.650364,1776337627000
1776337630.411,130.411,0.16,66.99,0.15,12.0,0.17,143.37,0.18,126.21,0.83,134.39,0.82,116.98,0.84,56.99,0.85,12.0,0.01,0.01,2332.52761,1776337629000
1776337630.802,130.802,0.16,63.74,0.15,12.0,0.17,143.37,0.18,126.21,0.83,143.37,0.82,126.21,0.84,66.99,0.85,12.0,0.01,0.01,2332.52761,1776337629000
1776337631.359,131.359,0.16,63.74,0.15,12.0,0.17,120.72,0.18,126.21,0.83,143.37,0.82,126.21,0.84,63.74,0.85,12.0,0.01,0.01,2332.52761,1776337629000
1776337631.591,131.591,0.16,58.74,0.15,12.0,0.17,120.72,0.18,132.21,0.83,120.72,0.82,126.21,0.84,63.74,0.85,12.0,0.01,0.01,2332.52761,1776337629000
1776337632.439,132.439,0.16,63.74,0.15,12.0,0.17,126.72,0.18,126.21,0.83,120.72,0.82,132.21,0.84,58.74,0.85,12.0,0.01,0.01,2332.5291,1776337630000
1776337633.473,133.473,0.16,53.74,0.15,12.0,0.17,133.84,0.18,86.98,0.83,126.72,0.82,126.21,0.84,63.74,0.85,12.0,0.01,0.01,2332.546895,1776337632000
1776337634.429,134.429,0.13,75.3,0.12,72.1,0.14,11.0,0.15,53.0,0.83,133.84,0.82,86.98,0.84,53.74,0.85,12.0,0.01,0.01,2332.53464,1776337633000
1776337636.011,136.011,0.1,180.66,0.09,102.0,0.11,46.0,0.12,22.0,0.86,11.0,0.85,53.0,0.87,75.3,0.88,72.1,0.01,0.01,2332.52439,1776337634000
1776337636.303,136.303,0.1,190.04,0.09,102.0,0.11,76.0,0.12,54.6,0.89,36.9,0.88,27.0,0.9,191.16,0.91,102.0,0.01,0.01,2332.531715,1776337635000
1776337636.592,136.592,0.1,70.0,0.09,67.0,0.11,148.89,0.12,63.6,0.89,76.0,0.88,54.6,0.9,190.04,0.91,102.0,0.01,0.01,2332.531715,1776337635000
1776337637.957,137.957,0.09,67.0,0.08,96.9,0.1,127.8,0.11,106.4,0.89,148.89,0.88,63.6,0.9,70.0,0.91,67.0,0.01,0.01,2332.488765,1776337636000
1776337639.381,139.381,0.09,8.0,0.08,12.0,0.1,186.8,0.11,102.4,0.9,127.8,0.89,106.4,0.91,67.0,0.92,96.9,0.01,0.01,2332.075551,1776337638000
1776337640.096,140.096,0.07,14.45,0.06,220.8,0.08,58.0,0.09,82.0,0.9,210.8,0.89,109.4,0.93,24.0,0.94,120.8,0.01,0.03,2332.075551,1776337638000
1776337640.447,140.447,0.07,12.29,0.06,26.0,0.08,166.0,0.09,159.5,0.92,58.0,0.91,82.0,0.93,14.45,0.94,220.8,0.01,0.01,2332.059955,1776337639000
1776337641.107,141.107,0.07,12.29,0.06,26.0,0.08,140.0,0.09,159.5,0.92,166.0,0.91,159.5,0.93,12.29,0.94,26.0,0.01,0.01,2332.045771,1776337640000
1776337643.984,143.984,0.07,6.3,0.06,26.0,0.08,230.6,0.09,246.35,0.92,140.0,0.91,159.5,0.93,12.29,0.94,26.0,0.01,0.01,2331.78307,1776337642000
1776337644.214,144.214,0.07,6.3,0.06,26.0,0.08,224.79,0.09,185.5,0.92,230.6,0.91,246.35,0.93,6.3,0.94,26.0,0.01,0.01,2331.78307,1776337642000
1776337648.706,148.706,0.07,15.33,0.06,26.0,0.08,224.38,0.09,197.5,0.92,222.6,0.91,197.5,0.93,0.33,0.94,26.0,0.01,0.01,2331.774805,1776337647000
1776337650.707,150.707,0.06,26.0,0.05,178.8,0.07,14.67,0.08,248.94,0.92,224.38,0.91,197.5,0.93,15.33,0.94,26.0,0.01,0.01,2331.782335,1776337649000
1776337651.216,151.216,0.06,22.9,0.05,178.8,0.07,209.66,0.08,217.34,0.93,14.67,0.92,248.94,0.94,26.0,0.95,178.8,0.01,0.01,2331.782335,1776337650000
1776337651.682,151.682,0.05,169.48,0.04,272.8,0.07,244.66,0.08,217.34,0.93,209.66,0.92,217.34,0.94,17.68,0.95,178.8,0.02,0.01,2331.782335,1776337650000
1776337652.456,152.456,0.05,167.48,0.04,272.8,0.06,110.0,0.07,221.66,0.93,244.66,0.92,217.34,0.95,169.48,0.96,272.8,0.01,0.02,2331.8035,1776337651000
1776337653.651,153.651,0.05,148.99,0.04,161.8,0.06,110.0,0.07,251.66,0.94,110.0,0.93,226.66,0.95,159.26,0.96,272.8,0.01,0.01,2331.78851,1776337652000
1776337656.329,156.329,0.05,486.19,0.04,366.8,0.06,15.0,0.07,26.67,0.94,110.0,0.93,251.66,0.95,148.99,0.96,161.8,0.01,0.01,2331.850503,1776337655000
1776337657.027,157.027,0.12,122.5,0.11,20.5,0.13,6.0,0.14,33.14,0.88,33.14,0.87,6.0,0.91,23.0,0.92,10.0,0.01,0.03,2331.850503,1776337655000
1776337658.022,158.022,0.12,193.5,0.11,170.5,0.15,6.06,0.16,10.0,0.87,6.0,0.86,33.14,0.88,122.5,0.89,20.5,0.03,0.01,2331.96015,1776337656000
1776337658.227,158.227,0.13,40.93,0.12,106.5,0.15,62.16,0.16,10.0,0.85,95.5,0.84,10.0,0.87,77.93,0.88,106.5,0.02,0.02,2331.96015,1776337656000
1776337659.001,159.001,0.13,42.43,0.12,94.5,0.15,10.0,0.16,36.75,0.85,62.16,0.84,10.0,0.87,40.93,0.88,106.5,0.02,0.02,2332.18215,1776337657000
1776337659.76,159.76,0.14,9.82,0.13,23.93,0.15,132.31,0.16,20.5,0.85,122.31,0.84,102.1,0.86,34.1,0.87,13.43,0.01,0.01,2332.54133,1776337658000
1776337660.1,160.1,0.14,10.32,0.13,55.73,0.15,132.31,0.16,20.5,0.85,132.31,0.84,20.5,0.86,9.82,0.87,23.93,0.01,0.01,2332.558883,1776337659000
1776337661.117,161.117,0.14,74.05,0.13,55.73,0.15,122.31,0.16,20.5,0.85,132.31,0.84,20.5,0.86,10.32,0.87,55.73,0.01,0.01,2332.601656,1776337660000
1776337663.411,163.411,0.14,46.07,0.13,50.73,0.15,60.67,0.16,25.5,0.85,122.31,0.84,20.5,0.86,74.05,0.87,55.73,0.01,0.01,2332.7262,1776337662000
1776337664.039,164.039,0.14,34.82,0.13,35.23,0.15,60.67,0.16,25.5,0.85,60.67,0.84,25.5,0.86,46.07,0.87,50.73,0.01,0.01,2332.7262,1776337662000
1776337664.481,164.481,0.14,59.58,0.13,45.73,0.15,45.67,0.16,25.5,0.85,60.67,0.84,25.5,0.86,34.82,0.87,35.23,0.01,0.01,2332.7201,1776337663000
1776337666.604,166.604,0.13,38.23,0.12,34.1,0.15,222.69,0.16,42.35,0.85,45.67,0.84,25.5,0.86,59.58,0.87,45.73,0.02,0.01,2332.544686,1776337665000
1776337667.047,167.047,0.11,40.1,0.1,52.0,0.12,109.49,0.13,167.5,0.85,222.69,0.84,42.35,0.87,32.49,0.88,34.1,0.01,0.02,2332.544686,1776337665000
1776337668.478,168.478,0.11,4.23,0.1,52.0,0.12,132.13,0.13,142.5,0.88,109.49,0.87,167.5,0.89,40.1,0.9,52.0,0.01,0.01,2332.568788,1776337667000
1776337670.661,170.661,0.11,47.28,0.1,52.0,0.12,91.13,0.13,112.88,0.88,132.13,0.87,142.5,0.89,4.23,0.9,52.0,0.01,0.01,2332.34715,1776337669000
1776337671.351,171.351,0.11,47.28,0.1,52.0,0.12,57.79,0.13,112.88,0.88,91.13,0.87,112.88,0.89,47.28,0.9,52.0,0.01,0.01,2332.4272,1776337670000
1776337671.965,171.965,0.11,82.78,0.1,147.5,0.12,55.94,0.13,103.88,0.88,57.79,0.87,112.88,0.89,47.28,0.9,52.0,0.01,0.01,2332.4272,1776337670000
1776337673.384,173.384,0.11,82.78,0.1,287.5,0.13,24.85,0.14,39.0,0.88,55.94,0.87,103.88,0.89,82.78,0.9,147.5,0.02,0.01,2332.43725,1776337672000
1776337673.695,173.695,0.13,44.5,0.12,49.5,0.15,31.23,0.16,25.5,0.87,24.85,0.86,39.0,0.89,82.78,0.9,287.5,0.02,0.02,2332.43725,1776337672000
1776337675.661,175.661,0.13,36.8,0.12,46.1,0.15,216.92,0.16,75.5,0.85,31.23,0.84,25.5,0.87,44.5,0.88,49.5,0.02,0.02,2332.441109,1776337674000
1776337679.013,179.013,0.12,45.96,0.11,46.28,0.13,73.35,0.14,92.23,0.86,10.0,0.85,211.92,0.87,34.5,0.88,46.1,0.01,0.01,2332.444915,1776337677000
1776337680.829,180.829,0.12,7.82,0.11,12.0,0.13,83.35,0.14,97.23,0.87,73.35,0.86,92.23,0.88,45.96,0.89,46.28,0.01,0.01,2332.469197,1776337679000
1776337681.357,181.357,0.09,6.69,0.07,6.0,0.1,312.35,0.11,212.5,0.87,83.35,0.86,97.23,0.88,5.72,0.89,12.0,0.01,0.01,2332.469197,1776337679000
1776337682.418,182.418,0.06,2.62,0.05,203.93,0.07,246.85,0.08,206.5,0.92,10.0,0.91,32.5,0.94,108.58,0.95,209.93,0.01,0.02,2332.50434,1776337681000
1776337682.757,182.757,0.05,184.52,0.04,249.8,0.07,274.35,0.08,211.5,0.93,257.35,0.92,211.5,0.95,195.99,0.96,249.8,0.02,0.02,2332.50434,1776337681000
1776337687.834,187.834,0.05,25.59,0.04,249.8,0.06,166.99,0.07,201.5,0.93,274.35,0.92,211.5,0.95,184.52,0.96,249.8,0.01,0.02,2331.879919,1776337686000
1776337694.865,194.865,0.04,51.42,0.03,607.3,0.06,214.99,0.07,292.6,0.94,166.99,0.93,201.5,0.95,25.59,0.96,249.8,0.02,0.01,2331.86959,1776337693000
1776337695.576,195.576,0.04,50.37,0.03,592.7,0.05,203.99,0.06,182.5,0.94,214.99,0.93,292.6,0.96,51.42,0.97,607.3,0.01,0.02,2331.852733,1776337694000
1776337696.587,196.587,0.04,45.16,0.03,592.7,0.05,266.85,0.06,246.3,0.95,203.99,0.94,182.5,0.96,50.37,0.97,592.7,0.01,0.01,2331.870641,1776337695000
1776337697.188,197.188,0.04,43.07,0.03,492.7,0.05,266.85,0.06,271.3,0.95,266.85,0.94,246.3,0.96,45.16,0.97,592.7,0.01,0.01,2331.870641,1776337695000
1776337702.44,202.44,0.04,43.07,0.03,492.7,0.05,312.97,0.06,271.3,0.95,266.85,0.94,271.3,0.96,43.07,0.97,492.7,0.01,0.01,2331.827448,1776337701000
1776337702.66,202.66,0.04,40.98,0.03,492.7,0.05,312.97,0.06,271.3,0.95,312.97,0.94,271.3,0.96,43.07,0.97,492.7,0.01,0.01,2331.827448,1776337701000
1776337704.958,204.958,0.04,39.93,0.03,369.0,0.05,317.97,0.06,292.3,0.95,312.97,0.94,271.3,0.96,40.98,0.97,492.7,0.01,0.01,2331.84329,1776337703000
1776337706.278,206.278,0.04,32.88,0.03,492.7,0.05,327.97,0.06,228.5,0.95,317.97,0.94,292.3,0.96,39.93,0.97,369.0,0.01,0.01,2331.869315,1776337704000
1776337710.0,210.0,0.04,171.28,0.03,597.7,0.05,25.86,0.06,100.0,0.95,327.97,0.94,228.5,0.96,32.88,0.97,492.7,0.01,0.01,2331.892185,1776337708000
1776337710.633,210.633,0.04,124.52,0.03,669.7,0.05,52.95,0.06,120.3,0.95,2.86,0.94,100.0,0.96,171.28,0.97,602.7,0.01,0.01,2331.902765,1776337709000
1776337711.711,211.711,0.04,88.59,0.03,617.3,0.05,52.95,0.06,120.3,0.95,52.95,0.94,120.3,0.96,124.52,0.97,669.7,0.01,0.01,2332.07565,1776337710000
1776337712.738,212.738,0.04,219.59,0.03,617.3,0.05,76.22,0.06,130.3,0.95,52.95,0.94,120.3,0.96,88.59,0.97,617.3,0.01,0.01,2332.12575,1776337711000
1776337713.611,213.611,0.04,213.44,0.03,402.7,0.05,76.22,0.06,142.3,0.95,76.22,0.94,130.3,0.96,219.59,0.97,617.3,0.01,0.01,2332.084727,1776337712000
1776337714.592,214.592,0.04,208.44,0.03,402.7,0.05,203.32,0.06,163.8,0.95,76.22,0.94,142.3,0.96,213.44,0.97,402.7,0.01,0.01,2332.092931,1776337713000
1776337715.487,215.487,0.04,205.37,0.03,402.7,0.05,189.32,0.06,148.5,0.95,183.32,0.94,163.8,0.96,208.44,0.97,402.7,0.01,0.01,2332.106906,1776337714000
1776337715.732,215.732,0.04,204.22,0.03,402.7,0.05,192.17,0.06,148.5,0.95,194.32,0.94,148.5,0.96,204.22,0.97,402.7,0.01,0.01,2332.106906,1776337714000
1776337716.139,216.139,0.04,98.28,0.03,397.7,0.05,197.86,0.06,148.5,0.95,192.17,0.94,148.5,0.96,204.22,0.97,402.7,0.01,0.01,2332.095085,1776337715000
1776337717.173,217.173,0.04,45.58,0.03,297.7,0.05,173.79,0.06,281.29,0.95,197.86,0.94,148.5,0.96,98.28,0.97,397.7,0.01,0.01,2332.128598,1776337716000
1776337717.731,217.731,0.04,9.43,0.03,292.7,0.05,225.25,0.06,266.5,0.95,172.72,0.94,281.29,0.96,14.43,0.97,297.7,0.01,0.01,2332.128598,1776337716000
1776337718.077,218.077,0.04,3.43,0.03,292.7,0.05,225.25,0.06,266.5,0.95,220.25,0.94,266.5,0.96,9.43,0.97,292.7,0.01,0.01,2332.057179,1776337717000
1776337718.497,218.497,0.03,291.13,0.02,1385.7,0.05,235.75,0.06,271.5,0.95,225.25,0.94,266.5,0.96,3.43,0.97,292.7,0.02,0.01,2332.057179,1776337717000
1776337718.928,218.928,0.03,276.13,0.02,1385.7,0.05,320.75,0.06,271.5,0.95,235.75,0.94,271.5,0.97,291.13,0.98,1385.7,0.02,0.02,2332.057179,1776337717000
1776337719.457,219.457,0.03,142.22,0.02,1385.7,0.04,159.05,0.05,270.75,0.95,320.75,0.94,271.5,0.97,276.13,0.98,1385.7,0.01,0.02,2332.048104,1776337718000
1776337722.196,222.196,0.03,270.88,0.02,485.7,0.04,266.89,0.05,406.4,0.96,159.05,0.95,270.75,0.97,142.22,0.98,1385.7,0.01,0.01,2331.977432,1776337720000
1776337722.865,222.865,0.03,270.73,0.02,785.7,0.04,245.69,0.05,374.4,0.96,266.89,0.95,406.4,0.97,270.88,0.98,485.7,0.01,0.01,2331.9206,1776337721000
1776337723.372,223.372,0.03,261.6,0.02,1185.7,0.04,240.69,0.05,374.4,0.96,245.69,0.95,374.4,0.97,270.73,0.98,785.7,0.01,0.01,2331.944745,1776337722000
1776337724.533,224.533,0.03,262.48,0.02,1185.7,0.04,245.69,0.05,352.3,0.96,240.69,0.95,374.4,0.97,261.6,0.98,1185.7,0.01,0.01,2331.944745,1776337723000
1776337727.695,227.695,0.03,257.48,0.02,1185.7,0.05,147.85,0.06,219.3,0.96,245.69,0.95,352.3,0.97,262.48,0.98,1185.7,0.02,0.01,2331.95143,1776337726000
1776337728.918,228.918,0.03,252.37,0.02,1190.7,0.04,151.9,0.05,116.65,0.95,147.85,0.94,219.3,0.97,257.48,0.98,1185.7,0.01,0.02,2331.953669,1776337727000
1776337729.763,229.763,0.03,248.03,0.02,1190.7,0.04,153.53,0.05,130.85,0.96,137.9,0.95,123.65,0.97,256.33,0.98,1190.7,0.01,0.01,2331.951099,1776337728000
1776337731.737,231.737,0.03,366.73,0.02,1205.3,0.04,95.54,0.05,43.05,0.96,153.53,0.95,130.85,0.97,248.03,0.98,1190.7,0.01,0.01,2331.968875,1776337730000
1776337733.204,233.204,0.03,366.57,0.02,926.7,0.04,20.3,0.05,116.58,0.96,95.54,0.95,43.05,0.97,366.73,0.98,1205.3,0.01,0.01,2332.04341,1776337732000
1776337739.216,239.216,0.03,219.9,0.02,894.69,0.04,23.9,0.05,43.74,0.96,20.3,0.95,116.58,0.97,366.57,0.98,926.7,0.01,0.01,2332.3485,1776337737000
1776337739.727,239.727,0.03,204.9,0.02,886.69,0.04,28.9,0.05,43.74,0.96,23.9,0.95,43.74,0.97,219.9,0.98,894.69,0.01,0.01,2332.321832,1776337738000
1776337740.4,240.4,0.03,353.13,0.02,880.99,0.04,23.9,0.05,48.05,0.96,28.9,0.95,43.74,0.97,204.9,0.98,886.69,0.01,0.01,2332.321782,1776337739000
1776337740.948,240.948,0.03,348.13,0.02,791.7,0.04,155.0,0.05,207.54,0.96,23.9,0.95,48.05,0.97,353.13,0.98,880.99,0.01,0.01,2332.321782,1776337739000
1776337741.26,241.26,0.02,553.74,0.01,3349.99,0.04,150.69,0.05,231.84,0.96,155.0,0.95,207.54,0.97,348.13,0.98,791.7,0.02,0.01,2332.321782,1776337739000
1776337741.534,241.534,0.02,370.04,0.01,3349.99,0.03,105.0,0.04,200.69,0.96,150.69,0.95,231.84,0.98,553.74,0.99,3349.99,0.01,0.02,2332.209006,1776337740000
1776337742.559,242.559,0.02,268.0,0.01,3228.99,0.03,130.31,0.04,195.69,0.97,105.0,0.96,200.69,0.98,370.04,0.99,3349.99,0.01,0.01,2332.190993,1776337741000
1776337742.826,242.826,0.02,266.1,0.01,3228.99,0.03,150.91,0.04,195.69,0.97,130.31,0.96,195.69,0.98,268.0,0.99,3228.99,0.01,0.01,2332.190993,1776337741000
1776337745.338,245.338,0.02,263.02,0.01,3204.29,0.03,145.61,0.04,208.69,0.97,150.91,0.96,195.69,0.98,266.1,0.99,3228.99,0.01,0.01,2332.069585,1776337744000
1776337746.108,246.108,0.02,193.02,0.01,3204.29,0.03,142.61,0.04,198.4,0.97,145.61,0.96,208.69,0.98,263.02,0.99,3204.29,0.01,0.01,2332.069585,1776337744000
1776337747.918,247.918,0.02,195.99,0.01,3204.29,0.03,171.3,0.04,165.4,0.97,142.61,0.96,198.4,0.98,193.02,0.99,3204.29,0.01,0.01,2332.08645,1776337746000
1776337748.937,248.937,0.02,193.96,0.01,3179.0,0.03,197.3,0.04,165.4,0.97,171.3,0.96,165.4,0.98,195.99,0.99,3204.29,0.01,0.01,2332.089095,1776337747000
1776337750.151,250.151,0.02,173.85,0.01,3179.0,0.03,210.3,0.04,165.4,0.97,197.3,0.96,165.4,0.98,183.96,0.99,3179.0,0.01,0.01,2332.09285,1776337748000
1776337752.105,252.105,0.01,2523.0,,,0.03,227.3,0.04,165.39,0.97,210.3,0.96,165.4,0.98,173.85,0.99,3179.0,0.02,0.01,2332.081016,1776337750000
1776337752.467,252.467,0.01,1964.34,,,0.02,264.7,0.03,252.7,0.98,247.6,0.97,262.7,0.99,1969.4,,,0.01,0.01,2332.07922,1776337751000
1776337752.815,252.815,0.01,1959.34,,,0.02,270.39,0.03,242.7,0.98,264.7,0.97,252.7,0.99,1964.34,,,0.01,0.01,2332.07922,1776337751000
1776337753.049,253.049,0.01,1949.22,,,0.02,270.39,0.03,242.7,0.98,275.39,0.97,242.7,0.99,1954.28,,,0.01,0.01,2332.07922,1776337751000
1776337753.523,253.523,0.01,1848.21,,,0.02,285.39,0.03,252.7,0.98,270.39,0.97,242.7,0.99,1949.22,,,0.01,0.01,2332.086365,1776337752000
1776337753.797,253.797,0.01,1846.21,,,0.02,280.39,0.03,252.7,0.98,280.39,0.97,252.7,0.99,1848.21,,,0.01,0.01,2332.086365,1776337752000
1776337754.986,254.986,0.01,1851.21,,,0.02,247.39,0.03,242.7,0.98,280.39,0.97,252.7,0.99,1846.21,,,0.01,0.01,2331.989512,1776337753000
1776337755.693,255.693,0.01,1745.19,,,0.02,247.39,0.03,242.7,0.98,247.39,0.97,242.7,0.99,1851.21,,,0.01,0.01,2331.84856,1776337754000
1776337756.319,256.319,0.01,1744.17,,,0.02,247.39,0.03,247.7,0.98,247.39,0.97,242.7,0.99,1745.19,,,0.01,0.01,2331.843375,1776337755000
1776337756.537,256.537,0.01,1635.17,,,0.02,267.8,0.03,247.7,0.98,247.39,0.97,247.7,0.99,1744.17,,,0.01,0.01,2331.843375,1776337755000
1776337757.128,257.128,0.01,1624.04,,,0.02,267.8,0.03,229.01,0.98,267.8,0.97,248.7,0.99,1625.06,,,0.01,0.01,2331.843375,1776337755000
1776337757.922,257.922,0.01,1621.04,,,0.02,262.39,0.03,229.01,0.98,267.8,0.97,229.01,0.99,1624.04,,,0.01,0.01,2331.84205,1776337756000
1776337758.244,258.244,0.01,1600.84,,,0.02,267.39,0.03,229.01,0.98,262.39,0.97,229.01,0.99,1621.04,,,0.01,0.01,2331.85829,1776337757000
1776337763.433,263.433,0.01,1474.84,,,0.02,314.75,0.03,228.01,0.98,267.39,0.97,229.01,0.99,1474.84,,,0.01,0.01,2331.80355,1776337762000
1776337764.433,264.433,0.01,1473.82,,,0.02,319.75,0.03,228.01,0.98,314.75,0.97,228.01,0.99,1474.84,,,0.01,0.01,2331.831448,1776337763000
1776337766.895,266.895,0.01,1468.77,,,0.02,403.75,0.03,202.7,0.98,319.75,0.97,228.01,0.99,1473.82,,,0.01,0.01,2331.84716,1776337765000
1776337767.606,267.606,0.01,1467.75,,,0.02,403.75,0.03,202.7,0.98,403.75,0.97,202.7,0.99,1468.77,,,0.01,0.01,2331.84716,1776337765000
1776337768.471,268.471,0.01,1452.75,,,0.02,310.34,0.03,202.7,0.98,403.75,0.97,202.7,0.99,1467.75,,,0.01,0.01,2331.820486,1776337766000
1776337769.638,269.638,0.01,1456.73,,,0.02,320.53,0.03,202.7,0.98,310.34,0.97,202.7,0.99,1452.75,,,0.01,0.01,2331.788475,1776337768000
1776337770.003,270.003,0.01,1454.71,,,0.02,320.53,0.03,202.7,0.98,320.53,0.97,202.7,0.99,1456.73,,,0.01,0.01,2331.788475,1776337768000
1776337770.268,270.268,0.01,1369.71,,,0.02,340.94,0.03,202.7,0.98,320.53,0.97,202.7,0.99,1399.71,,,0.01,0.01,2331.788475,1776337768000
1776337770.767,270.767,0.01,1261.63,,,0.02,350.94,0.03,202.7,0.98,340.94,0.97,202.7,0.99,1362.64,,,0.01,0.01,2331.799498,1776337769000
1776337771.191,271.191,0.01,1229.63,,,0.02,340.94,0.03,202.7,0.98,355.94,0.97,202.7,0.99,1231.63,,,0.01,0.01,2331.799498,1776337769000
1776337771.391,271.391,0.01,590.63,,,0.02,355.94,0.03,191.7,0.98,355.94,0.97,191.7,0.99,590.63,,,0.01,0.01,2331.799498,1776337769000
1776337771.985,271.985,,,,,0.01,6095.44,0.02,414.94,0.99,409.37,0.98,355.94,,,,,,,2331.8129,1776337770000
1776337773.801,273.801,,,,,0.01,8130.6,0.02,504.94,0.99,6095.44,0.98,414.94,,,,,,,2331.651327,1776337772000
1776337774.251,274.251,,,,,0.01,8134.6,0.02,504.94,0.99,8130.6,0.98,504.94,,,,,,,2331.319786,1776337773000
1776337784.247,284.247,,,,,0.01,8474.86,0.02,200.83,0.99,8134.6,0.98,504.94,,,,,,,2331.031,1776337783000
1776337792.635,292.635,,,,,0.01,8948.17,0.02,195.83,0.99,8474.86,0.98,200.83,,,,,,,2331.00035,1776337791000
1776337793.285,293.285,,,,,0.01,8950.9,0.02,200.83,0.99,8948.17,0.98,195.83,,,,,,,2331.00035,1776337791000
1776337795.519,295.519,,,,,0.01,9389.42,0.02,190.64,0.99,8950.9,0.98,200.83,,,,,,,2331.03731,1776337794000

# RESULT,winner=Down,slug=eth-updown-5m-1776337500,ticks=219
