timestamp,elapsed_sec,up_bid_p1,up_bid_s1,up_bid_p2,up_bid_s2,up_ask_p1,up_ask_s1,up_ask_p2,up_ask_s2,down_bid_p1,down_bid_s1,down_bid_p2,down_bid_s2,down_ask_p1,down_ask_s1,down_ask_p2,down_ask_s2,up_spread,down_spread,eth_price,eth_oracle_ts
1776188101.413,1.413,,,,,,,,,,,,,,,,,,,2328.435031,1776188100000
1776188101.716,1.716,0.52,10.0,0.51,20.0,0.53,10.0,0.56,194.0,0.47,73.0,0.46,13.0,0.48,4.47,0.49,20.0,0.01,0.01,2328.435031,1776188100000
1776188102.177,2.177,0.52,4.47,0.51,20.0,0.53,44.0,0.54,13.0,0.47,73.0,0.46,13.0,0.48,4.47,0.49,20.0,0.01,0.01,2328.435031,1776188100000
1776188102.482,2.482,0.51,19.47,0.49,10.0,0.53,49.0,0.54,18.0,0.47,49.0,0.46,18.0,0.49,19.47,0.51,10.0,0.02,0.02,2328.3281,1776188101000
1776188102.939,2.939,0.51,29.22,0.48,33.5,0.52,39.15,0.53,28.0,0.47,49.0,0.46,18.0,0.49,19.47,0.51,10.0,0.01,0.02,2328.3281,1776188101000
1776188103.143,3.143,0.51,29.22,0.48,33.5,0.52,39.15,0.53,28.0,0.48,39.15,0.47,28.0,0.49,29.22,0.52,33.5,0.01,0.01,2327.801866,1776188102000
1776188103.489,3.489,0.47,5.56,0.46,203.52,0.52,102.15,0.53,78.0,0.48,39.15,0.47,28.0,0.49,29.22,0.52,33.5,0.05,0.01,2327.801866,1776188102000
1776188103.797,3.797,0.46,28.52,0.45,190.0,0.5,68.62,0.51,115.0,0.52,15.0,0.51,60.0,0.54,143.52,0.55,236.0,0.04,0.02,2327.801866,1776188102000
1776188104.13,4.13,0.46,28.52,0.45,190.0,0.5,68.62,0.51,115.0,0.5,68.62,0.49,115.0,0.54,28.52,0.55,190.0,0.04,0.04,2327.923415,1776188103000
1776188104.435,4.435,0.46,1.52,0.44,12.0,0.47,115.0,0.48,180.0,0.5,68.62,0.49,115.0,0.54,28.52,0.55,190.0,0.01,0.04,2327.923415,1776188103000
1776188104.686,4.686,0.39,41.66,0.38,155.0,0.42,10.0,0.43,110.0,0.58,15.0,0.57,110.0,0.6,6.66,0.61,45.0,0.03,0.02,2327.923415,1776188103000
1776188104.943,4.943,0.37,5.0,0.36,10.0,0.4,10.0,0.41,110.0,0.6,5.0,0.59,110.0,0.61,10.0,0.63,10.0,0.03,0.01,2327.923415,1776188103000
1776188105.173,5.173,0.37,5.0,0.36,10.0,0.4,10.0,0.41,110.0,0.6,10.0,0.59,110.0,0.63,5.0,0.64,10.0,0.03,0.03,2328.015926,1776188104000
1776188105.65,5.65,0.37,15.0,0.36,28.78,0.39,15.0,0.4,15.0,0.6,10.0,0.59,5.0,0.64,1.78,0.65,22.0,0.02,0.04,2328.015926,1776188104000
1776188106.199,6.199,0.37,15.0,0.36,28.78,0.39,15.0,0.4,15.0,0.61,15.0,0.6,15.0,0.63,15.0,0.64,28.78,0.02,0.02,2327.53201,1776188105000
1776188106.446,6.446,0.37,40.0,0.36,43.78,0.38,12.36,0.39,15.0,0.61,15.0,0.6,15.0,0.63,15.0,0.64,28.78,0.01,0.02,2327.53201,1776188105000
1776188107.273,7.273,0.38,57.69,0.37,33.55,0.39,15.0,0.4,20.0,0.61,15.0,0.6,20.0,0.62,57.69,0.63,33.55,0.01,0.01,2326.73145,1776188106000
1776188107.629,7.629,0.37,5.0,0.36,15.0,0.38,9.0,0.39,20.0,0.61,15.0,0.6,20.0,0.62,57.69,0.63,33.55,0.01,0.01,2326.73145,1776188106000
1776188108.487,8.487,0.36,15.0,0.35,22.0,0.39,15.07,0.4,120.0,0.61,15.07,0.6,120.0,0.64,15.0,0.65,22.0,0.03,0.03,2326.639462,1776188107000
1776188109.074,9.074,0.35,52.6,0.34,10.0,0.38,22.85,0.39,220.0,0.62,22.85,0.61,220.0,0.65,52.6,0.66,10.0,0.03,0.03,2326.579943,1776188108000
1776188109.331,9.331,0.34,4.92,0.33,84.96,0.36,25.0,0.37,70.0,0.64,25.0,0.63,10.0,0.65,7.92,0.66,22.0,0.02,0.01,2326.579943,1776188108000
1776188109.917,9.917,0.34,5.69,0.33,84.96,0.35,47.0,0.36,40.0,0.64,25.0,0.63,70.0,0.66,4.92,0.67,84.96,0.01,0.02,2326.579943,1776188108000
1776188110.408,10.408,0.33,84.96,0.32,65.0,0.34,20.5,0.35,37.5,0.65,47.0,0.64,40.0,0.66,5.69,0.67,84.96,0.01,0.01,2326.518302,1776188109000
1776188110.899,10.899,0.33,60.03,0.32,35.0,0.34,25.5,0.35,82.5,0.66,20.5,0.65,37.5,0.67,84.96,0.68,65.0,0.01,0.01,2326.518302,1776188109000
1776188111.236,11.236,0.33,5.0,0.32,30.0,0.34,21.43,0.35,147.5,0.66,19.82,0.65,247.5,0.67,5.0,0.68,30.0,0.01,0.01,2326.21251,1776188110000
1776188111.593,11.593,0.31,7.76,0.3,35.0,0.32,10.0,0.33,25.5,0.67,44.5,0.66,16.43,0.68,5.0,0.7,35.0,0.01,0.01,2326.21251,1776188110000
1776188111.942,11.942,0.31,16.66,0.3,124.21,0.33,10.0,0.34,30.5,0.68,22.0,0.67,20.5,0.69,6.16,0.7,65.5,0.02,0.01,2326.21251,1776188110000
1776188112.371,12.371,0.32,82.26,0.31,51.66,0.33,5.0,0.34,5.0,0.67,10.0,0.66,30.5,0.69,16.66,0.7,124.21,0.01,0.02,2326.174758,1776188111000
1776188112.87,12.87,0.31,27.1,0.3,103.71,0.32,10.0,0.33,10.0,0.67,5.0,0.66,5.0,0.68,82.26,0.69,51.66,0.01,0.01,2326.174758,1776188111000
1776188113.173,13.173,0.31,15.1,0.3,103.71,0.32,10.0,0.33,10.0,0.68,10.0,0.67,10.0,0.69,15.1,0.7,103.71,0.01,0.01,2325.78,1776188112000
1776188113.505,13.505,0.33,10.52,0.32,15.0,0.34,10.5,0.35,50.5,0.68,10.0,0.67,10.0,0.69,15.1,0.7,103.71,0.01,0.01,2325.78,1776188112000
1776188114.21,14.21,0.33,10.52,0.32,15.0,0.34,20.0,0.35,95.5,0.66,20.0,0.65,95.5,0.67,10.52,0.68,15.0,0.01,0.01,2325.813199,1776188113000
1776188114.466,14.466,0.33,60.5,0.32,161.95,0.34,1.12,0.35,25.0,0.66,20.0,0.65,95.5,0.67,10.52,0.68,15.0,0.01,0.01,2325.813199,1776188113000
1776188115.23,15.23,0.36,45.0,0.35,148.88,0.39,25.0,0.4,50.0,0.64,10.0,0.63,25.0,0.66,20.0,0.67,70.5,0.03,0.02,2325.813199,1776188113000
1776188115.933,15.933,0.41,1.65,0.39,80.05,0.42,115.0,0.43,20.0,0.61,25.0,0.6,50.0,0.64,45.0,0.65,148.88,0.01,0.03,2325.814032,1776188114000
1776188116.211,16.211,0.39,17.84,0.38,17.5,0.4,10.6,0.41,15.0,0.6,10.6,0.59,15.0,0.61,87.05,0.63,158.0,0.01,0.01,2325.814032,1776188114000
1776188116.414,16.414,0.39,5.34,0.36,70.0,0.4,18.25,0.41,25.0,0.6,16.0,0.59,15.0,0.61,10.34,0.64,70.0,0.01,0.01,2326.343457,1776188115000
1776188116.638,16.638,0.36,70.0,0.35,57.0,0.37,8.47,0.39,16.0,0.6,26.0,0.59,25.0,0.62,1.53,0.64,70.0,0.01,0.02,2326.343457,1776188115000
1776188116.87,16.87,0.36,89.0,0.35,67.0,0.37,30.49,0.38,10.0,0.63,8.47,0.61,16.0,0.64,70.0,0.65,57.0,0.01,0.01,2326.343457,1776188115000
1776188117.092,17.092,0.36,76.85,0.35,57.0,0.37,73.84,0.38,16.0,0.63,33.84,0.62,10.0,0.64,89.0,0.65,62.0,0.01,0.01,2326.343457,1776188115000
1776188117.994,17.994,0.36,76.85,0.35,57.0,0.37,73.84,0.38,16.0,0.63,73.84,0.62,16.0,0.64,76.85,0.65,57.0,0.01,0.01,2326.934919,1776188116000
1776188118.427,18.427,0.36,101.81,0.35,119.0,0.37,13.84,0.38,11.0,0.63,73.84,0.62,16.0,0.64,76.85,0.65,57.0,0.01,0.01,2326.934919,1776188116000
1776188118.633,18.633,0.36,139.86,0.35,129.5,0.37,3.43,0.38,16.0,0.63,3.43,0.62,16.0,0.64,139.86,0.65,129.5,0.01,0.01,2326.683154,1776188117000
1776188118.857,18.857,0.36,99.86,0.35,185.5,0.37,3.29,0.38,11.0,0.63,3.43,0.62,16.0,0.64,139.86,0.65,129.5,0.01,0.01,2326.683154,1776188117000
1776188119.14,19.14,0.37,5.5,0.36,95.29,0.38,16.0,0.4,137.5,0.62,16.0,0.6,137.5,0.63,5.5,0.64,95.29,0.01,0.01,2326.61245,1776188118000
1776188119.692,19.692,0.36,43.79,0.35,45.0,0.37,21.0,0.38,46.5,0.62,16.0,0.6,137.5,0.63,5.5,0.64,95.29,0.01,0.01,2326.61245,1776188118000
1776188120.328,20.328,0.36,48.79,0.35,55.5,0.38,18.0,0.39,20.5,0.62,18.0,0.61,20.5,0.64,48.79,0.65,55.5,0.02,0.02,2326.615866,1776188119000
1776188120.826,20.826,0.38,53.93,0.37,108.41,0.39,5.0,0.4,50.0,0.62,11.0,0.61,5.0,0.63,13.41,0.64,153.79,0.01,0.01,2326.615866,1776188119000
1776188121.104,21.104,0.41,27.43,0.4,47.5,0.42,20.0,0.43,75.0,0.6,60.0,0.59,10.0,0.61,6.0,0.62,74.43,0.01,0.01,2326.615866,1776188119000
1776188121.556,21.556,0.41,27.43,0.4,47.5,0.42,20.0,0.43,75.0,0.58,20.0,0.57,75.0,0.59,27.43,0.6,47.5,0.01,0.01,2326.607491,1776188120000
1776188121.951,21.951,0.41,135.5,0.4,95.5,0.43,25.0,0.44,122.0,0.58,20.0,0.57,75.0,0.59,27.43,0.6,47.5,0.02,0.01,2326.607491,1776188120000
1776188122.287,22.287,0.44,92.5,0.43,30.5,0.46,12.0,0.47,25.0,0.57,25.0,0.56,122.0,0.59,131.12,0.6,95.5,0.02,0.02,2326.615304,1776188121000
1776188123.352,23.352,0.45,8.18,0.44,147.5,0.46,12.0,0.47,25.0,0.54,12.0,0.53,25.0,0.55,8.18,0.56,147.5,0.01,0.01,2327.2018,1776188122000
1776188123.657,23.657,0.47,42.5,0.46,155.5,0.49,8.02,0.5,95.2,0.52,7.0,0.51,12.0,0.53,27.5,0.54,125.5,0.02,0.01,2327.2018,1776188122000
1776188124.236,24.236,0.5,22.5,0.49,20.5,0.51,35.67,0.52,45.9,0.49,45.67,0.48,45.9,0.51,35.5,0.52,32.5,0.01,0.02,2327.2018,1776188122000
1776188124.511,24.511,0.5,22.5,0.49,20.5,0.51,35.67,0.52,45.9,0.49,35.67,0.48,45.9,0.5,22.5,0.51,20.5,0.01,0.01,2327.81927,1776188123000
1776188124.72,24.72,0.5,52.4,0.49,30.5,0.51,14.98,0.52,41.9,0.49,24.98,0.48,47.9,0.5,52.5,0.51,25.5,0.01,0.01,2327.81927,1776188123000
1776188124.95,24.95,0.5,46.9,0.49,30.5,0.51,1.98,0.52,51.9,0.49,14.98,0.48,41.9,0.5,46.4,0.51,30.5,0.01,0.01,2327.81927,1776188123000
1776188125.161,25.161,0.5,25.9,0.49,31.5,0.52,51.9,0.53,57.0,0.48,51.9,0.47,57.0,0.5,25.9,0.51,31.5,0.02,0.02,2328.13796,1776188124000
1776188125.478,25.478,0.51,20.5,0.5,15.9,0.52,14.9,0.53,47.0,0.48,51.9,0.47,57.0,0.5,25.9,0.51,31.5,0.01,0.02,2328.13796,1776188124000
1776188126.229,26.229,0.51,10.5,0.5,60.5,0.52,24.34,0.53,72.0,0.48,14.9,0.47,47.0,0.49,17.56,0.5,15.9,0.01,0.01,2328.13796,1776188124000
1776188126.589,26.589,0.51,7.56,0.5,65.5,0.52,14.34,0.53,72.0,0.48,14.34,0.47,72.0,0.49,5.5,0.5,60.5,0.01,0.01,2328.42994,1776188125000
1776188126.862,26.862,0.5,75.5,0.49,86.5,0.52,19.34,0.53,72.0,0.48,19.34,0.47,72.0,0.5,75.5,0.51,86.5,0.02,0.02,2328.528704,1776188126000
1776188127.576,27.576,0.5,75.5,0.49,80.5,0.51,27.0,0.52,76.34,0.48,19.34,0.47,72.0,0.5,75.5,0.51,86.5,0.01,0.02,2328.528704,1776188126000
1776188127.979,27.979,0.5,75.5,0.49,80.5,0.51,27.0,0.52,76.34,0.49,27.0,0.48,76.34,0.5,75.5,0.51,80.5,0.01,0.01,2328.536319,1776188127000
1776188128.72,28.72,0.52,15.0,0.51,10.0,0.53,107.0,0.54,49.0,0.49,27.0,0.48,76.34,0.5,75.5,0.51,80.5,0.01,0.01,2328.536319,1776188127000
1776188129.112,29.112,0.52,15.0,0.51,10.0,0.53,107.0,0.54,49.0,0.47,107.0,0.46,49.0,0.48,15.0,0.49,10.0,0.01,0.01,2328.392599,1776188128000
1776188129.505,29.505,0.52,93.41,0.51,26.5,0.53,82.0,0.54,30.0,0.47,107.0,0.46,49.0,0.48,15.0,0.49,10.0,0.01,0.01,2328.392599,1776188128000
1776188130.151,30.151,0.52,84.18,0.51,31.5,0.53,82.0,0.54,42.0,0.47,82.0,0.46,42.0,0.48,84.18,0.49,31.5,0.01,0.01,2328.501356,1776188129000
1776188130.561,30.561,0.52,98.41,0.51,75.5,0.53,121.0,0.54,149.0,0.47,82.0,0.46,42.0,0.48,84.18,0.49,31.5,0.01,0.01,2328.501356,1776188129000
1776188131.202,31.202,0.52,98.41,0.51,75.5,0.53,121.0,0.54,149.0,0.47,121.0,0.46,149.0,0.48,98.41,0.49,75.5,0.01,0.01,2328.799888,1776188130000
1776188131.61,31.61,0.52,16.74,0.51,70.5,0.53,184.0,0.54,215.5,0.47,187.0,0.46,202.0,0.48,19.74,0.49,20.5,0.01,0.01,2328.799888,1776188130000
1776188131.977,31.977,0.51,69.5,0.5,75.5,0.52,37.0,0.53,103.0,0.47,179.0,0.46,215.5,0.49,54.5,0.5,70.5,0.01,0.02,2328.799888,1776188130000
1776188132.738,32.738,0.52,33.41,0.51,41.5,0.53,76.0,0.54,40.0,0.48,72.0,0.47,103.0,0.5,75.5,0.51,80.5,0.01,0.02,2328.799888,1776188130000
1776188133.015,33.015,0.51,5.53,0.5,145.5,0.53,66.0,0.54,40.0,0.47,76.0,0.46,40.0,0.48,33.41,0.49,41.5,0.02,0.01,2328.691563,1776188131000
1776188133.383,33.383,0.51,65.53,0.5,145.5,0.54,40.0,0.55,80.0,0.46,40.0,0.45,80.0,0.49,65.53,0.5,145.5,0.03,0.03,2328.553399,1776188132000
1776188133.586,33.586,0.5,46.74,0.49,171.5,0.52,80.0,0.53,22.0,0.48,85.0,0.47,22.0,0.5,52.74,0.51,171.5,0.02,0.02,2328.553399,1776188132000
1776188133.974,33.974,0.49,45.5,0.48,141.0,0.51,17.28,0.52,33.0,0.49,17.28,0.48,33.0,0.51,45.5,0.52,141.0,0.02,0.02,2328.553399,1776188133000
1776188134.903,34.903,0.49,45.5,0.48,141.0,0.51,17.28,0.52,33.0,0.49,17.28,0.48,33.0,0.51,45.5,0.52,141.0,0.02,0.02,2328.723996,1776188134000
1776188135.758,35.758,0.49,25.0,0.48,90.0,0.5,84.0,0.51,88.78,0.49,17.28,0.48,33.0,0.51,45.5,0.52,141.0,0.01,0.02,2328.723996,1776188134000
1776188136.051,36.051,0.49,8.31,0.48,90.0,0.5,119.0,0.51,88.78,0.5,119.0,0.49,88.78,0.51,8.31,0.52,90.0,0.01,0.01,2328.571319,1776188135000
1776188136.498,36.498,0.49,11.31,0.48,150.5,0.5,91.84,0.51,78.28,0.5,119.0,0.49,88.78,0.51,1.31,0.52,90.0,0.01,0.01,2328.571319,1776188135000
1776188136.93,36.93,0.49,21.31,0.48,150.5,0.5,98.72,0.51,78.28,0.5,98.72,0.49,78.28,0.51,21.31,0.52,150.5,0.01,0.01,2328.440701,1776188136000
1776188137.515,37.515,0.48,70.0,0.47,82.0,0.5,236.0,0.51,224.08,0.5,98.72,0.49,78.28,0.51,21.31,0.52,150.5,0.02,0.01,2328.440701,1776188136000
1776188137.746,37.746,0.47,80.07,0.46,70.0,0.49,217.0,0.5,211.0,0.5,236.0,0.49,224.08,0.52,70.0,0.53,82.0,0.02,0.02,2328.440701,1776188136000
1776188138.406,38.406,0.47,30.07,0.46,70.0,0.48,192.5,0.49,141.5,0.51,217.0,0.5,211.0,0.53,80.07,0.54,70.0,0.01,0.02,2328.371712,1776188137000
1776188138.908,38.908,0.47,30.07,0.46,70.0,0.48,192.5,0.49,141.5,0.52,192.5,0.51,141.5,0.53,30.07,0.54,70.0,0.01,0.01,2328.384845,1776188138000
1776188139.549,39.549,0.47,28.07,0.46,70.0,0.48,282.5,0.49,216.5,0.52,192.5,0.51,141.5,0.53,30.07,0.54,70.0,0.01,0.01,2328.384845,1776188138000
1776188139.781,39.781,0.47,38.07,0.46,80.0,0.48,166.0,0.49,181.0,0.52,282.5,0.51,216.5,0.53,28.07,0.54,70.0,0.01,0.01,2328.384845,1776188138000
1776188140.127,40.127,0.49,10.0,0.48,25.0,0.5,59.9,0.51,244.58,0.52,166.0,0.51,181.0,0.53,38.07,0.54,80.0,0.01,0.01,2327.930778,1776188139000
1776188141.362,41.362,0.49,25.0,0.48,20.0,0.5,49.9,0.51,244.58,0.5,49.9,0.49,244.58,0.51,25.0,0.52,20.0,0.01,0.01,2327.901188,1776188140000
1776188141.572,41.572,0.49,3.0,0.48,23.0,0.5,122.0,0.51,223.94,0.5,49.9,0.49,244.58,0.51,25.0,0.52,20.0,0.01,0.01,2327.901188,1776188140000
1776188142.261,42.261,0.49,3.0,0.48,23.0,0.5,122.0,0.51,223.94,0.5,122.0,0.49,223.94,0.51,3.0,0.52,23.0,0.01,0.01,2328.221766,1776188141000
1776188143.304,43.304,0.49,3.0,0.48,23.0,0.5,122.0,0.51,223.94,0.5,122.0,0.49,223.94,0.51,3.0,0.52,23.0,0.01,0.01,2328.239875,1776188142000
1776188143.929,43.929,0.47,58.07,0.46,240.0,0.48,5.0,0.49,105.0,0.5,99.0,0.49,247.94,0.51,1.0,0.52,65.0,0.01,0.01,2328.239875,1776188142000
1776188144.248,44.248,0.47,128.07,0.46,250.0,0.48,2.91,0.49,71.0,0.52,5.0,0.51,105.0,0.53,58.07,0.54,240.0,0.01,0.01,2328.239875,1776188142000
1776188144.873,44.873,0.47,128.07,0.46,250.0,0.49,70.32,0.5,75.5,0.51,70.32,0.5,75.5,0.53,128.07,0.54,250.0,0.02,0.02,2328.158513,1776188144000
1776188145.222,45.222,0.47,18.07,0.46,220.0,0.48,133.29,0.49,194.32,0.51,70.32,0.5,75.5,0.53,128.07,0.54,250.0,0.01,0.02,2328.158513,1776188144000
1776188145.593,45.593,0.46,100.0,0.45,160.0,0.48,263.43,0.49,314.32,0.52,133.29,0.51,194.32,0.53,18.07,0.54,220.0,0.02,0.01,2328.158513,1776188144000
1776188146.399,46.399,0.46,100.0,0.45,160.0,0.48,263.43,0.49,314.32,0.52,263.43,0.51,314.32,0.54,100.0,0.55,160.0,0.02,0.02,2328.049771,1776188145000
1776188146.61,46.61,0.43,8.57,0.42,450.0,0.44,120.5,0.45,228.5,0.56,44.77,0.55,228.5,0.57,5.0,0.58,488.0,0.01,0.01,2328.049771,1776188145000
1776188146.941,46.941,0.43,1.6,0.42,450.0,0.44,125.5,0.45,228.5,0.56,125.5,0.55,228.5,0.57,1.6,0.58,450.0,0.01,0.01,2328.049771,1776188146000
1776188147.367,47.367,0.42,175.0,0.41,95.0,0.43,8.4,0.44,340.5,0.56,125.5,0.55,228.5,0.57,1.6,0.58,450.0,0.01,0.01,2328.049771,1776188146000
1776188147.945,47.945,0.42,125.0,0.41,95.0,0.43,112.02,0.44,343.5,0.57,112.02,0.56,343.5,0.58,125.0,0.59,95.0,0.01,0.01,2327.0808,1776188147000
1776188148.445,48.445,0.41,50.0,0.4,150.0,0.42,111.69,0.43,130.5,0.57,132.86,0.56,272.5,0.59,95.0,0.6,150.0,0.01,0.02,2327.0808,1776188147000
1776188148.979,48.979,0.41,50.0,0.4,150.0,0.42,111.69,0.43,130.5,0.58,111.69,0.57,130.5,0.59,50.0,0.6,150.0,0.01,0.01,2326.831279,1776188148000
1776188149.244,49.244,0.39,10.0,0.38,195.0,0.4,97.5,0.41,223.64,0.58,111.69,0.57,130.5,0.59,50.0,0.6,150.0,0.01,0.01,2326.831279,1776188148000
1776188149.476,49.476,0.39,20.0,0.38,200.0,0.4,50.5,0.41,60.5,0.6,97.5,0.59,223.64,0.61,10.0,0.62,195.0,0.01,0.01,2326.831279,1776188148000
1776188149.725,49.725,0.39,102.8,0.38,250.0,0.4,55.5,0.41,66.5,0.6,15.5,0.59,60.5,0.61,13.8,0.62,200.0,0.01,0.01,2326.831279,1776188148000
1776188149.997,49.997,0.39,112.8,0.38,333.0,0.4,5.0,0.42,16.0,0.6,5.0,0.58,16.0,0.61,112.8,0.62,333.0,0.01,0.01,2326.838718,1776188149000
1776188150.221,50.221,0.38,185.0,0.36,100.0,0.39,110.0,0.4,115.0,0.59,108.64,0.58,203.0,0.62,185.0,0.64,100.0,0.01,0.03,2326.838718,1776188149000
1776188150.711,50.711,0.37,9.0,0.36,10.0,0.39,31.0,0.4,118.33,0.62,12.0,0.61,25.0,0.65,8.8,0.66,90.0,0.02,0.03,2326.838718,1776188149000
1776188151.0,51.0,0.36,4.06,0.35,18.8,0.38,10.0,0.39,20.0,0.62,10.0,0.61,20.0,0.64,4.06,0.65,18.8,0.02,0.02,2326.679869,1776188150000
1776188151.324,51.324,0.35,10.0,0.34,80.0,0.36,17.0,0.37,37.5,0.62,10.0,0.61,20.0,0.64,4.06,0.65,18.8,0.01,0.02,2326.679869,1776188150000
1776188152.057,52.057,0.34,77.25,0.33,245.97,0.36,76.0,0.37,37.5,0.64,76.0,0.63,37.5,0.66,77.25,0.67,245.97,0.02,0.02,2326.810021,1776188151000
1776188152.669,52.669,0.34,74.21,0.33,245.97,0.35,122.5,0.36,75.5,0.65,98.5,0.64,75.5,0.66,13.0,0.67,235.97,0.01,0.01,2326.810021,1776188151000
1776188153.044,53.044,0.34,82.21,0.33,245.97,0.35,31.5,0.36,70.5,0.65,31.5,0.64,70.5,0.66,82.21,0.67,245.97,0.01,0.01,2326.463209,1776188152000
1776188154.004,54.004,0.34,15.45,0.33,250.97,0.35,144.2,0.36,85.5,0.65,31.5,0.64,70.5,0.66,82.21,0.67,245.97,0.01,0.01,2326.463209,1776188152000
1776188154.939,54.939,0.32,135.0,0.31,151.8,0.34,101.5,0.35,152.2,0.65,144.2,0.64,85.5,0.66,15.45,0.67,250.97,0.02,0.01,2326.304449,1776188153000
1776188156.12,56.12,0.32,135.0,0.31,151.8,0.34,101.5,0.35,152.2,0.66,101.5,0.65,152.2,0.68,135.0,0.69,151.8,0.02,0.02,2326.163711,1776188155000
1776188156.451,56.451,0.34,0.79,0.33,85.0,0.35,54.2,0.36,85.5,0.66,8.5,0.65,103.2,0.67,20.0,0.68,204.0,0.01,0.01,2326.163711,1776188155000
1776188157.239,57.239,0.34,48.21,0.33,80.0,0.35,59.2,0.36,90.5,0.65,59.2,0.64,90.5,0.66,48.21,0.67,80.0,0.01,0.01,2325.946078,1776188156000
1776188158.135,58.135,0.33,149.5,0.32,186.5,0.35,22.7,0.36,35.0,0.65,59.2,0.64,90.5,0.66,48.21,0.67,80.0,0.02,0.01,2325.946078,1776188156000
1776188158.416,58.416,0.34,125.5,0.33,149.5,0.35,19.84,0.36,35.0,0.65,22.7,0.64,35.0,0.67,149.5,0.68,186.5,0.01,0.02,2326.06705,1776188157000
1776188159.328,59.328,0.34,120.5,0.33,149.5,0.35,9.26,0.36,35.0,0.65,9.26,0.64,35.0,0.66,120.5,0.67,149.5,0.01,0.01,2326.204972,1776188158000
1776188159.632,59.632,0.32,165.0,0.31,190.8,0.35,83.26,0.36,30.0,0.65,9.26,0.64,35.0,0.66,120.5,0.67,149.5,0.03,0.01,2326.204972,1776188158000
1776188160.535,60.535,0.34,39.0,0.33,135.0,0.35,11.26,0.37,10.0,0.65,83.26,0.64,30.0,0.68,165.0,0.69,190.8,0.01,0.03,2326.204972,1776188158000
1776188160.833,60.833,0.35,9.74,0.34,18.77,0.38,40.0,0.39,25.0,0.62,40.0,0.61,25.0,0.65,9.74,0.66,18.77,0.03,0.03,2326.385463,1776188159000
1776188161.251,61.251,0.36,70.0,0.35,9.74,0.37,24.0,0.38,69.0,0.62,40.0,0.61,25.0,0.65,9.74,0.66,18.77,0.01,0.03,2326.385463,1776188159000
1776188161.662,61.662,0.35,9.74,0.34,45.0,0.36,26.22,0.37,66.5,0.63,24.0,0.62,79.5,0.64,37.7,0.65,9.74,0.01,0.01,2326.296851,1776188160000
1776188161.912,61.912,0.35,6.15,0.34,45.0,0.36,158.22,0.37,66.5,0.64,152.22,0.63,66.5,0.65,22.2,0.66,45.0,0.01,0.01,2326.296851,1776188160000
1776188162.203,62.203,0.34,34.0,0.33,35.0,0.35,14.85,0.36,16.0,0.65,9.85,0.64,133.22,0.66,35.0,0.67,35.0,0.01,0.01,2326.296851,1776188160000
1776188162.742,62.742,0.34,34.0,0.33,35.0,0.35,14.85,0.36,16.0,0.65,14.85,0.64,16.0,0.66,34.0,0.67,35.0,0.01,0.01,2326.707128,1776188161000
1776188163.294,63.294,0.34,34.0,0.33,35.0,0.35,14.85,0.36,16.0,0.65,14.85,0.64,16.0,0.66,34.0,0.67,35.0,0.01,0.01,2326.68787,1776188162000
1776188163.606,63.606,0.37,12.08,0.36,47.5,0.38,128.0,0.39,100.0,0.62,158.0,0.61,100.0,0.63,3.17,0.64,18.0,0.01,0.01,2326.68787,1776188162000
1776188164.465,64.465,0.38,32.1,0.37,227.08,0.39,80.0,0.4,84.33,0.62,128.0,0.61,100.0,0.63,12.08,0.64,47.5,0.01,0.01,2326.68787,1776188162000
1776188164.672,64.672,0.38,162.1,0.37,131.08,0.39,80.0,0.4,84.33,0.61,80.0,0.6,84.33,0.62,32.1,0.63,227.08,0.01,0.01,2326.586198,1776188163000
1776188164.946,64.946,0.38,133.2,0.37,91.08,0.39,80.0,0.4,84.33,0.61,80.0,0.6,84.33,0.62,162.1,0.63,131.08,0.01,0.01,2326.586198,1776188163000
1776188165.176,65.176,0.39,25.5,0.38,123.2,0.4,76.13,0.41,90.0,0.6,84.33,0.59,90.0,0.62,217.2,0.63,116.08,0.01,0.02,2326.586198,1776188163000
1776188166.112,66.112,0.39,266.12,0.38,124.5,0.4,0.13,0.42,210.0,0.6,76.13,0.59,90.0,0.61,25.5,0.62,123.2,0.01,0.01,2326.76335,1776188164000
1776188166.681,66.681,0.41,9.87,0.39,266.12,0.42,210.0,0.43,145.0,0.58,210.0,0.57,145.0,0.59,9.87,0.61,266.12,0.01,0.01,2327.062815,1776188165000
1776188167.285,67.285,0.41,230.04,0.4,143.0,0.42,185.0,0.43,135.0,0.58,185.0,0.57,135.0,0.59,230.04,0.6,143.0,0.01,0.01,2327.509246,1776188166000
1776188167.927,67.927,0.4,25.0,0.39,75.0,0.42,334.5,0.43,321.5,0.58,185.0,0.57,135.0,0.59,230.04,0.6,143.0,0.02,0.01,2327.509246,1776188166000
1776188168.658,68.658,0.36,67.31,0.35,140.0,0.38,73.5,0.39,49.5,0.6,21.0,0.59,10.0,0.61,66.81,0.62,170.0,0.02,0.01,2327.509246,1776188166000
1776188169.299,69.299,0.32,2.0,0.31,240.0,0.33,20.0,0.34,10.0,0.62,73.5,0.61,49.5,0.64,67.31,0.65,140.0,0.01,0.02,2327.627785,1776188167000
1776188169.898,69.898,0.32,4.59,0.31,75.0,0.33,107.5,0.34,65.0,0.67,31.0,0.66,10.0,0.68,1.9,0.69,240.0,0.01,0.01,2327.627293,1776188168000
1776188170.11,70.11,0.3,125.0,0.29,485.0,0.31,5.0,0.32,10.0,0.67,112.5,0.66,65.0,0.69,25.0,0.7,125.0,0.01,0.02,2327.329861,1776188169000
1776188170.612,70.612,0.3,65.0,0.29,510.0,0.31,10.5,0.32,30.5,0.69,5.0,0.68,10.0,0.7,125.0,0.71,485.0,0.01,0.01,2327.329861,1776188169000
1776188170.868,70.868,0.3,8.82,0.29,510.0,0.31,63.5,0.32,25.5,0.69,10.5,0.68,30.5,0.7,65.0,0.71,510.0,0.01,0.01,2327.329861,1776188169000
1776188171.315,71.315,0.29,510.0,0.28,230.0,0.31,85.0,0.32,30.5,0.69,63.5,0.68,25.5,0.7,8.82,0.71,510.0,0.02,0.01,2327.329861,1776188169000
1776188172.125,72.125,0.29,510.0,0.28,230.0,0.3,78.66,0.31,39.0,0.7,78.66,0.69,39.0,0.71,510.0,0.72,230.0,0.01,0.01,2325.723983,1776188171000
1776188173.063,73.063,0.28,170.0,0.27,160.0,0.29,90.92,0.3,105.35,0.7,78.66,0.69,39.0,0.71,510.0,0.72,230.0,0.01,0.01,2325.723983,1776188171000
1776188173.486,73.486,0.28,170.0,0.27,160.0,0.29,90.92,0.3,105.35,0.71,90.92,0.7,105.35,0.72,170.0,0.73,160.0,0.01,0.01,2325.350767,1776188172000
1776188173.876,73.876,0.27,150.0,0.26,365.0,0.29,181.92,0.3,142.49,0.71,181.92,0.7,92.5,0.72,36.12,0.73,150.0,0.02,0.01,2325.350767,1776188172000
1776188174.255,74.255,0.27,150.0,0.26,365.0,0.29,181.92,0.3,142.49,0.71,181.92,0.7,142.49,0.73,150.0,0.74,365.0,0.02,0.02,2325.170177,1776188173000
1776188175.357,75.357,0.27,170.0,0.26,415.0,0.28,54.0,0.29,150.92,0.71,181.92,0.7,142.49,0.73,150.0,0.74,365.0,0.01,0.02,2325.170177,1776188173000
1776188175.646,75.646,0.27,170.0,0.26,415.0,0.28,54.0,0.29,150.92,0.72,54.0,0.71,150.92,0.73,170.0,0.74,415.0,0.01,0.01,2325.107963,1776188174000
1776188176.435,76.435,0.27,0.95,0.26,375.0,0.28,123.5,0.29,155.92,0.72,54.0,0.71,150.92,0.73,170.0,0.74,415.0,0.01,0.01,2325.107963,1776188174000
1776188177.171,77.171,0.27,0.95,0.26,375.0,0.28,123.5,0.29,155.92,0.72,123.5,0.71,155.92,0.73,0.95,0.74,375.0,0.01,0.01,2325.059462,1776188176000
1776188177.471,77.471,0.26,439.5,0.25,370.5,0.27,2.22,0.29,75.42,0.72,123.5,0.71,155.92,0.73,0.95,0.74,375.0,0.01,0.01,2325.059462,1776188176000
1776188177.684,77.684,0.28,10.0,0.27,10.0,0.29,56.42,0.3,20.0,0.71,68.42,0.7,20.0,0.74,439.5,0.75,386.5,0.01,0.03,2325.059462,1776188176000
1776188178.095,78.095,0.28,47.94,0.27,60.0,0.29,118.54,0.3,40.5,0.71,15.04,0.7,25.5,0.72,17.7,0.73,70.5,0.01,0.01,2325.059462,1776188176000
1776188178.299,78.299,0.28,47.94,0.27,60.0,0.29,118.54,0.3,40.5,0.71,118.54,0.7,40.5,0.72,47.94,0.73,60.0,0.01,0.01,2325.057428,1776188177000
1776188178.621,78.621,0.28,68.0,0.27,60.0,0.29,41.54,0.3,95.5,0.71,118.54,0.7,40.5,0.72,47.94,0.73,60.0,0.01,0.01,2325.057428,1776188177000
1776188179.149,79.149,0.27,5.0,0.26,328.7,0.28,145.5,0.29,110.54,0.71,41.54,0.7,95.5,0.72,68.0,0.73,60.0,0.01,0.01,2325.057428,1776188177000
1776188179.477,79.477,0.27,1.05,0.26,328.7,0.28,150.5,0.29,125.54,0.72,145.5,0.71,110.54,0.73,5.0,0.74,328.7,0.01,0.01,2325.234593,1776188178000
1776188179.736,79.736,0.27,53.25,0.26,351.2,0.28,60.0,0.29,35.54,0.72,150.5,0.71,125.54,0.73,1.05,0.74,328.7,0.01,0.01,2325.234593,1776188178000
1776188179.951,79.951,0.27,121.0,0.26,351.2,0.28,15.0,0.29,30.54,0.72,60.0,0.71,35.54,0.73,53.25,0.74,351.2,0.01,0.01,2325.234593,1776188178000
1776188180.197,80.197,0.27,121.0,0.26,351.2,0.28,15.0,0.29,30.54,0.72,15.0,0.71,30.54,0.73,121.0,0.74,351.2,0.01,0.01,2325.443579,1776188179000
1776188180.727,80.727,0.28,3.43,0.27,70.0,0.29,136.54,0.3,117.6,0.71,26.04,0.7,92.6,0.73,158.5,0.74,362.2,0.01,0.02,2325.443579,1776188179000
1776188181.304,81.304,0.28,3.43,0.27,70.0,0.29,136.54,0.3,117.6,0.71,136.54,0.7,117.6,0.72,3.43,0.73,70.0,0.01,0.01,2325.371808,1776188180000
1776188181.62,81.62,0.27,85.0,0.26,323.5,0.28,5.0,0.29,35.54,0.71,136.54,0.7,117.6,0.72,3.43,0.73,70.0,0.01,0.01,2325.371808,1776188180000
1776188182.004,82.004,0.27,67.0,0.26,323.5,0.28,7.85,0.29,35.54,0.72,5.0,0.71,35.54,0.73,85.0,0.74,323.5,0.01,0.01,2325.371808,1776188180000
1776188183.258,83.258,0.27,67.0,0.26,323.5,0.28,7.85,0.29,35.54,0.72,7.85,0.71,35.54,0.73,67.0,0.74,323.5,0.01,0.01,2325.416629,1776188182000
1776188183.721,83.721,0.27,67.0,0.26,323.5,0.29,131.54,0.3,232.6,0.72,7.85,0.71,35.54,0.73,67.0,0.74,323.5,0.02,0.01,2325.416629,1776188182000
1776188184.146,84.146,0.27,67.0,0.26,323.5,0.29,131.54,0.3,232.6,0.71,131.54,0.7,232.6,0.73,67.0,0.74,323.5,0.02,0.02,2325.480441,1776188183000
1776188185.091,85.091,0.27,67.0,0.26,323.5,0.29,131.54,0.3,232.6,0.71,131.54,0.7,232.6,0.73,67.0,0.74,323.5,0.02,0.02,2325.490565,1776188184000
1776188185.314,85.314,0.28,8.23,0.26,318.0,0.29,25.04,0.3,53.1,0.73,3.77,0.71,25.04,0.74,209.0,0.75,310.0,0.01,0.01,2325.490565,1776188184000
1776188185.637,85.637,0.28,171.23,0.27,25.0,0.29,15.04,0.3,52.1,0.71,25.04,0.7,53.1,0.72,8.23,0.74,318.0,0.01,0.01,2325.490565,1776188184000
1776188186.042,86.042,0.28,146.95,0.27,75.0,0.29,8.04,0.3,52.1,0.71,3.04,0.7,52.1,0.72,136.45,0.73,75.0,0.01,0.01,2325.490565,1776188184000
1776188186.792,86.792,0.29,28.62,0.28,110.95,0.3,7.1,0.31,25.0,0.7,52.1,0.69,25.0,0.72,135.95,0.73,75.0,0.01,0.02,2325.345572,1776188185000
1776188187.092,87.092,0.29,28.62,0.28,110.95,0.3,7.1,0.31,25.0,0.7,7.1,0.69,25.0,0.71,28.62,0.72,110.95,0.01,0.01,2325.511998,1776188186000
1776188188.21,88.21,0.29,28.62,0.28,110.95,0.3,7.1,0.31,25.0,0.7,7.1,0.69,25.0,0.71,28.62,0.72,110.95,0.01,0.01,2326.171379,1776188187000
1776188189.721,89.721,0.29,28.62,0.28,110.95,0.3,7.1,0.31,25.0,0.7,7.1,0.69,25.0,0.71,28.62,0.72,110.95,0.01,0.01,2326.121008,1776188188000
1776188190.767,90.767,0.29,28.62,0.28,110.95,0.3,7.1,0.31,25.0,0.7,7.1,0.69,25.0,0.71,28.62,0.72,110.95,0.01,0.01,2326.131359,1776188189000
1776188191.274,91.274,0.29,231.5,0.28,231.5,0.3,10.1,0.31,25.0,0.7,7.1,0.69,25.0,0.71,28.62,0.72,110.95,0.01,0.01,2326.131359,1776188189000
1776188191.951,91.951,0.29,231.5,0.28,231.5,0.3,10.1,0.31,25.0,0.7,10.1,0.69,25.0,0.71,231.5,0.72,231.5,0.01,0.01,2325.929838,1776188191000
1776188193.174,93.174,0.29,231.5,0.28,231.5,0.3,10.1,0.31,25.0,0.7,10.1,0.69,25.0,0.71,231.5,0.72,231.5,0.01,0.01,2325.936225,1776188192000
1776188194.833,94.833,0.29,231.5,0.28,231.5,0.3,10.1,0.31,25.0,0.7,10.1,0.69,25.0,0.71,231.5,0.72,231.5,0.01,0.01,2325.946134,1776188193000
1776188195.416,95.416,0.29,231.5,0.28,231.5,0.3,10.1,0.31,25.0,0.7,10.1,0.69,25.0,0.71,231.5,0.72,231.5,0.01,0.01,2325.980399,1776188194000
1776188195.744,95.744,0.3,95.5,0.29,85.5,0.31,7.06,0.33,35.0,0.69,14.9,0.67,85.0,0.7,30.5,0.71,150.5,0.01,0.01,2325.980399,1776188194000
1776188196.049,96.049,0.3,43.5,0.29,85.5,0.31,7.06,0.33,35.0,0.69,7.06,0.67,35.0,0.7,43.5,0.71,85.5,0.01,0.01,2325.911158,1776188195000
1776188196.29,96.29,0.29,19.0,0.28,173.39,0.31,69.06,0.32,5.0,0.69,69.06,0.68,5.0,0.7,33.5,0.71,85.5,0.02,0.01,2325.911158,1776188195000
1776188197.162,97.162,0.3,20.0,0.29,49.0,0.31,92.06,0.32,5.0,0.69,92.06,0.68,5.0,0.7,20.0,0.71,49.0,0.01,0.01,2326.047272,1776188196000
1776188197.423,97.423,0.3,139.5,0.29,133.5,0.31,14.0,0.32,10.0,0.69,92.06,0.68,5.0,0.7,20.0,0.71,49.0,0.01,0.01,2326.047272,1776188196000
1776188198.279,98.279,0.3,139.5,0.29,133.5,0.31,14.0,0.32,10.0,0.69,14.0,0.68,10.0,0.7,139.5,0.71,133.5,0.01,0.01,2326.325339,1776188197000
1776188198.831,98.831,0.31,118.47,0.3,116.5,0.32,5.0,0.33,40.0,0.69,14.0,0.68,10.0,0.7,139.5,0.71,133.5,0.01,0.01,2326.325339,1776188197000
1776188199.459,99.459,0.31,118.47,0.3,116.5,0.32,5.0,0.33,40.0,0.68,5.0,0.67,40.0,0.69,118.47,0.7,116.5,0.01,0.01,2326.322973,1776188198000
1776188199.757,99.757,0.3,90.0,0.29,36.0,0.32,145.5,0.33,215.5,0.68,5.0,0.67,40.0,0.69,118.47,0.7,116.5,0.02,0.01,2326.322973,1776188198000
1776188200.054,100.054,0.3,90.0,0.29,36.0,0.32,145.5,0.33,215.5,0.68,145.5,0.67,215.5,0.7,90.0,0.71,36.0,0.02,0.02,2326.307022,1776188199000
1776188200.423,100.423,0.29,20.0,0.28,70.0,0.31,243.5,0.32,265.64,0.69,205.5,0.68,204.5,0.7,12.0,0.71,20.0,0.02,0.01,2326.307022,1776188199000
1776188200.691,100.691,0.28,64.0,0.27,40.0,0.29,25.0,0.3,115.0,0.69,243.5,0.68,265.64,0.71,20.0,0.72,70.0,0.01,0.02,2326.307022,1776188199000
1776188201.025,101.025,0.28,55.97,0.27,40.0,0.29,36.0,0.3,135.0,0.71,40.0,0.7,125.0,0.72,57.06,0.73,40.0,0.01,0.01,2326.307022,1776188199000
1776188201.284,101.284,0.28,55.97,0.27,40.0,0.29,36.0,0.3,135.0,0.71,36.0,0.7,135.0,0.72,55.97,0.73,40.0,0.01,0.01,2326.289772,1776188200000
1776188201.549,101.549,0.28,15.97,0.27,50.0,0.29,36.5,0.3,140.5,0.71,36.0,0.7,130.0,0.72,42.97,0.73,50.0,0.01,0.01,2326.289772,1776188200000
1776188202.432,102.432,0.28,15.97,0.27,50.0,0.29,36.5,0.3,140.5,0.71,36.5,0.7,140.5,0.72,15.97,0.73,50.0,0.01,0.01,2325.812005,1776188201000
1776188203.048,103.048,0.28,15.97,0.27,50.0,0.29,36.5,0.3,140.5,0.71,36.5,0.7,140.5,0.72,15.97,0.73,50.0,0.01,0.01,2325.773962,1776188202000
1776188203.261,103.261,0.28,16.03,0.27,35.0,0.29,141.5,0.3,180.5,0.71,141.5,0.7,180.5,0.72,18.63,0.73,35.0,0.01,0.01,2325.773962,1776188202000
1776188203.462,103.462,0.28,12.91,0.27,35.0,0.29,186.5,0.3,180.5,0.71,176.5,0.7,180.5,0.72,14.55,0.73,35.0,0.01,0.01,2325.773962,1776188202000
1776188204.253,104.253,0.28,12.91,0.27,35.0,0.29,186.5,0.3,180.5,0.71,186.5,0.7,180.5,0.72,12.91,0.73,35.0,0.01,0.01,2325.678733,1776188203000
1776188204.474,104.474,0.28,17.91,0.27,35.0,0.29,113.05,0.3,180.5,0.71,186.5,0.7,180.5,0.72,12.91,0.73,35.0,0.01,0.01,2325.678733,1776188203000
1776188205.836,105.836,0.28,15.91,0.27,35.0,0.29,153.05,0.3,190.5,0.71,113.05,0.7,180.5,0.72,17.91,0.73,35.0,0.01,0.01,2325.678733,1776188203000
1776188206.397,106.397,0.28,20.91,0.27,62.0,0.29,51.5,0.3,76.5,0.71,153.05,0.7,190.5,0.72,15.91,0.73,35.0,0.01,0.01,2325.597861,1776188204000
1776188206.96,106.96,0.28,20.91,0.27,112.0,0.29,28.53,0.3,76.5,0.71,28.53,0.7,76.5,0.72,20.91,0.73,112.0,0.01,0.01,2325.665851,1776188206000
1776188207.554,107.554,0.27,10.0,0.26,305.0,0.29,246.03,0.3,210.5,0.71,60.03,0.7,90.5,0.72,19.52,0.73,103.0,0.02,0.01,2325.665851,1776188206000
1776188208.19,108.19,0.27,10.0,0.26,305.0,0.29,246.03,0.3,210.5,0.71,246.03,0.7,210.5,0.73,10.0,0.74,305.0,0.02,0.02,2325.737557,1776188207000
1776188208.659,108.659,0.24,33.42,0.23,315.0,0.25,167.5,0.26,230.5,0.71,246.03,0.7,210.5,0.73,10.0,0.74,305.0,0.01,0.02,2325.737557,1776188207000
1776188209.159,109.159,0.24,12.49,0.23,200.0,0.25,209.5,0.26,183.5,0.75,172.5,0.74,230.5,0.76,2.81,0.77,325.0,0.01,0.01,2325.737557,1776188207000
1776188209.402,109.402,0.23,155.0,0.22,315.0,0.24,9.5,0.25,204.5,0.75,209.5,0.74,183.5,0.76,12.49,0.77,200.0,0.01,0.01,2325.280622,1776188208000
1776188209.731,109.731,0.23,65.0,0.22,315.0,0.24,56.05,0.25,209.5,0.76,29.19,0.75,209.5,0.77,75.0,0.78,315.0,0.01,0.01,2325.280622,1776188208000
1776188210.285,110.285,0.23,65.0,0.22,315.0,0.24,56.05,0.25,209.5,0.76,56.05,0.75,209.5,0.77,65.0,0.78,315.0,0.01,0.01,2324.746902,1776188209000
1776188211.36,111.36,0.23,65.0,0.22,315.0,0.24,56.05,0.25,209.5,0.76,56.05,0.75,209.5,0.77,65.0,0.78,315.0,0.01,0.01,2324.690759,1776188210000
1776188211.906,111.906,0.23,65.0,0.22,315.0,0.24,56.05,0.25,209.5,0.76,56.05,0.75,209.5,0.77,65.0,0.78,315.0,0.01,0.01,2324.690759,1776188211000
1776188212.227,112.227,0.22,20.0,0.21,258.0,0.23,15.0,0.24,16.85,0.77,195.5,0.76,226.64,0.78,17.0,0.79,295.0,0.01,0.01,2324.690759,1776188211000
1776188212.596,112.596,0.24,24.0,0.23,15.0,0.25,152.93,0.26,50.0,0.76,10.0,0.75,20.0,0.78,115.0,0.79,245.0,0.01,0.02,2324.690759,1776188211000
1776188212.86,112.86,0.24,145.5,0.23,92.5,0.26,55.0,0.27,65.5,0.75,152.93,0.74,50.0,0.76,24.0,0.77,15.0,0.02,0.01,2324.690759,1776188211000
1776188213.83,113.83,0.27,165.97,0.26,135.5,0.28,20.0,0.29,40.0,0.74,55.0,0.73,65.5,0.76,145.5,0.77,92.5,0.01,0.02,2324.677482,1776188212000
1776188214.064,114.064,0.27,165.97,0.26,135.5,0.28,20.0,0.29,40.0,0.72,20.0,0.71,40.0,0.73,165.97,0.74,135.5,0.01,0.01,2324.840391,1776188213000
1776188214.948,114.948,0.28,146.69,0.27,78.97,0.29,50.0,0.3,10.0,0.72,20.0,0.71,40.0,0.73,165.97,0.74,135.5,0.01,0.01,2324.840391,1776188213000
1776188216.222,116.222,0.28,146.69,0.27,78.97,0.29,50.0,0.3,10.0,0.71,50.0,0.7,10.0,0.72,146.69,0.73,78.97,0.01,0.01,2326.034738,1776188215000
1776188217.256,117.256,0.28,146.69,0.27,78.97,0.29,50.0,0.3,10.0,0.71,50.0,0.7,10.0,0.72,146.69,0.73,78.97,0.01,0.01,2326.108409,1776188216000
1776188217.865,117.865,0.28,146.69,0.27,78.97,0.29,50.0,0.3,10.0,0.71,50.0,0.7,10.0,0.72,146.69,0.73,78.97,0.01,0.01,2326.108409,1776188217000
1776188218.289,118.289,0.29,5.0,0.28,288.64,0.3,10.0,0.31,20.0,0.71,40.0,0.7,10.0,0.72,248.75,0.73,177.11,0.01,0.01,2326.108409,1776188217000
1776188218.888,118.888,0.29,5.0,0.28,288.64,0.3,10.0,0.31,20.0,0.7,10.0,0.69,20.0,0.71,5.0,0.72,288.64,0.01,0.01,2326.21976,1776188218000
1776188219.152,119.152,0.31,55.0,0.3,442.5,0.33,120.3,0.34,110.0,0.7,10.0,0.69,20.0,0.71,5.0,0.72,288.64,0.02,0.01,2326.21976,1776188218000
1776188219.827,119.827,0.32,384.33,0.31,167.3,0.33,0.2,0.34,110.0,0.67,120.2,0.66,110.0,0.68,70.33,0.69,115.5,0.01,0.01,2326.21976,1776188218000
1776188220.071,120.071,0.32,62.28,0.31,157.3,0.33,60.2,0.34,100.0,0.67,7.2,0.66,100.0,0.68,144.33,0.69,157.3,0.01,0.01,2326.21976,1776188218000
1776188220.389,120.389,0.32,62.28,0.31,157.3,0.33,60.2,0.34,100.0,0.67,60.2,0.66,100.0,0.68,62.28,0.69,157.3,0.01,0.01,2326.36017,1776188219000
1776188220.605,120.605,0.26,70.0,0.25,35.0,0.29,49.69,0.3,11.0,0.71,7.0,0.7,6.0,0.72,35.0,0.73,30.0,0.03,0.01,2326.36017,1776188219000
1776188220.86,120.86,0.26,43.55,0.25,35.0,0.27,6.0,0.28,10.0,0.73,11.0,0.72,15.0,0.74,101.34,0.75,35.0,0.01,0.01,2326.36017,1776188219000
1776188221.1,121.1,0.25,35.0,0.24,210.0,0.27,16.57,0.28,10.0,0.73,16.57,0.72,10.0,0.75,35.0,0.76,210.0,0.02,0.02,2326.761811,1776188220000
1776188221.757,121.757,0.24,35.0,0.23,35.0,0.25,20.0,0.26,65.0,0.73,16.57,0.72,10.0,0.75,35.0,0.76,210.0,0.01,0.02,2326.761811,1776188220000
1776188222.145,122.145,0.24,14.41,0.23,35.0,0.25,19.12,0.26,90.5,0.75,13.62,0.74,90.5,0.76,25.0,0.77,35.0,0.01,0.01,2326.761811,1776188220000
1776188222.588,122.588,0.23,35.0,0.22,45.0,0.25,74.12,0.26,90.5,0.75,74.12,0.74,90.5,0.77,35.0,0.78,45.0,0.02,0.02,2326.098567,1776188221000
1776188222.98,122.98,0.23,35.0,0.22,45.0,0.24,28.02,0.25,85.5,0.75,74.12,0.74,90.5,0.77,35.0,0.78,45.0,0.01,0.02,2326.098567,1776188221000
1776188223.45,123.45,0.23,18.35,0.22,45.0,0.24,48.52,0.25,85.5,0.76,48.52,0.75,85.5,0.77,18.35,0.78,45.0,0.01,0.01,2325.587013,1776188222000
1776188223.913,123.913,0.23,10.92,0.22,45.0,0.24,45.25,0.25,81.5,0.76,45.25,0.75,65.5,0.77,17.5,0.78,45.0,0.01,0.01,2325.587013,1776188222000
1776188224.176,124.176,0.23,2.12,0.22,45.0,0.24,16.68,0.25,81.5,0.76,16.68,0.75,81.5,0.77,2.12,0.78,45.0,0.01,0.01,2325.293244,1776188223000
1776188225.025,125.025,0.23,190.77,0.22,95.0,0.24,8.34,0.26,30.0,0.76,16.68,0.75,81.5,0.77,2.12,0.78,45.0,0.01,0.01,2325.293244,1776188223000
1776188225.295,125.295,0.23,385.62,0.22,120.0,0.26,20.0,0.28,5.0,0.76,3.34,0.74,20.0,0.77,255.77,0.78,101.0,0.03,0.01,2325.293244,1776188223000
1776188225.498,125.498,0.31,99.48,0.3,10.0,0.33,95.0,0.34,170.0,0.7,10.0,0.68,50.0,0.72,7.0,0.73,129.65,0.02,0.02,2325.293244,1776188223000
1776188225.794,125.794,0.31,84.26,0.3,10.0,0.33,95.0,0.34,170.0,0.67,95.0,0.66,170.0,0.69,84.26,0.7,10.0,0.02,0.02,2325.237003,1776188224000
1776188226.027,126.027,0.32,131.86,0.31,94.76,0.33,105.0,0.34,166.0,0.67,100.0,0.66,176.0,0.68,88.42,0.69,94.76,0.01,0.01,2325.237003,1776188224000
1776188226.416,126.416,0.32,131.86,0.31,94.76,0.33,105.0,0.34,166.0,0.67,105.0,0.66,166.0,0.68,131.86,0.69,94.76,0.01,0.01,2325.238493,1776188225000
1776188227.002,127.002,0.33,287.5,0.32,85.5,0.34,97.58,0.35,100.0,0.67,105.0,0.66,166.0,0.68,131.86,0.69,94.76,0.01,0.01,2325.238493,1776188225000
1776188227.257,127.257,0.33,281.84,0.32,85.5,0.34,97.58,0.35,105.0,0.66,97.58,0.65,105.0,0.67,281.84,0.68,85.5,0.01,0.01,2325.451473,1776188226000
1776188227.872,127.872,0.33,350.0,0.32,85.5,0.34,86.57,0.35,90.0,0.66,98.78,0.65,95.0,0.67,257.85,0.68,95.5,0.01,0.01,2325.451473,1776188226000
1776188228.245,128.245,0.33,337.0,0.32,125.5,0.34,66.51,0.35,90.0,0.66,76.57,0.65,90.0,0.67,337.0,0.68,85.5,0.01,0.01,2325.451473,1776188226000
1776188228.467,128.467,0.36,5.88,0.33,342.0,0.37,130.0,0.38,144.75,0.63,130.0,0.62,144.75,0.64,5.88,0.67,342.0,0.01,0.01,2326.676918,1776188227000
1776188228.843,128.843,0.36,276.5,0.35,85.0,0.37,35.0,0.38,144.75,0.63,130.0,0.62,144.75,0.64,5.88,0.67,342.0,0.01,0.01,2326.676918,1776188227000
1776188229.053,129.053,0.37,151.57,0.36,80.5,0.38,3.43,0.39,150.0,0.62,3.43,0.61,150.0,0.64,276.5,0.65,85.0,0.01,0.02,2326.676918,1776188227000
1776188229.416,129.416,0.38,6.57,0.37,263.57,0.39,150.0,0.4,20.0,0.61,150.0,0.6,20.0,0.62,6.57,0.63,263.57,0.01,0.01,2326.82012,1776188228000
1776188230.21,130.21,0.38,6.57,0.37,263.57,0.39,150.0,0.4,20.0,0.61,150.0,0.6,20.0,0.62,6.57,0.63,263.57,0.01,0.01,2327.162607,1776188229000
1776188230.884,130.884,0.4,6.0,0.39,13.0,0.41,21.0,0.42,155.0,0.59,135.0,0.58,145.0,0.6,4.83,0.62,134.91,0.01,0.01,2327.162607,1776188229000
1776188231.256,131.256,0.38,39.31,0.37,20.5,0.4,13.48,0.41,121.0,0.61,10.48,0.6,15.0,0.62,89.81,0.63,81.5,0.02,0.01,2327.162607,1776188229000
1776188231.459,131.459,0.37,13.81,0.36,122.5,0.39,7.43,0.4,26.0,0.61,7.43,0.6,26.0,0.62,4.31,0.63,20.5,0.02,0.01,2327.162607,1776188229000
1776188232.051,132.051,0.35,13.0,0.34,104.0,0.36,11.0,0.37,15.0,0.59,48.14,0.58,145.0,0.63,10.0,0.64,130.5,0.01,0.04,2327.672673,1776188230000
1776188232.259,132.259,0.35,61.0,0.34,104.0,0.36,16.0,0.37,20.0,0.64,16.0,0.63,20.0,0.65,50.0,0.66,104.0,0.01,0.01,2327.672673,1776188230000
1776188232.504,132.504,0.35,61.0,0.34,104.0,0.36,16.0,0.37,20.0,0.64,16.0,0.63,20.0,0.65,61.0,0.66,104.0,0.01,0.01,2327.737266,1776188231000
1776188232.844,132.844,0.35,8.5,0.34,103.62,0.36,11.0,0.38,10.0,0.64,26.0,0.63,30.0,0.66,108.62,0.67,178.5,0.01,0.02,2327.737266,1776188231000
1776188233.199,133.199,0.35,8.5,0.34,103.62,0.36,11.0,0.38,10.0,0.64,11.0,0.62,10.0,0.65,8.5,0.66,103.62,0.01,0.01,2327.468214,1776188232000
1776188233.488,133.488,0.35,180.5,0.34,108.12,0.36,38.75,0.37,20.0,0.64,11.0,0.62,10.0,0.65,8.5,0.66,103.62,0.01,0.01,2327.468214,1776188232000
1776188234.001,134.001,0.37,90.5,0.36,28.5,0.38,12.18,0.39,60.0,0.64,38.75,0.63,20.0,0.65,180.5,0.66,108.12,0.01,0.01,2327.468214,1776188232000
1776188234.753,134.753,0.37,90.5,0.36,28.5,0.38,12.18,0.39,60.0,0.62,12.18,0.61,60.0,0.63,90.5,0.64,28.5,0.01,0.01,2327.21987,1776188233000
1776188235.361,135.361,0.37,135.5,0.36,93.49,0.41,65.87,0.42,305.5,0.62,12.18,0.61,60.0,0.63,90.5,0.64,28.5,0.04,0.01,2327.21987,1776188233000
1776188235.711,135.711,0.4,43.21,0.39,55.0,0.41,91.0,0.42,315.5,0.59,65.87,0.58,305.5,0.63,135.5,0.64,93.49,0.01,0.04,2327.285429,1776188234000
1776188236.001,136.001,0.39,16.65,0.38,70.5,0.4,40.0,0.41,132.0,0.59,91.0,0.58,315.5,0.6,43.21,0.61,55.0,0.01,0.01,2327.285429,1776188234000
1776188236.22,136.22,0.39,31.65,0.38,75.5,0.4,81.0,0.41,137.0,0.6,40.0,0.59,132.0,0.61,16.65,0.62,70.5,0.01,0.01,2327.285429,1776188234000
1776188237.166,137.166,0.39,31.65,0.38,75.5,0.4,81.0,0.41,137.0,0.6,81.0,0.59,137.0,0.61,31.65,0.62,75.5,0.01,0.01,2327.3968,1776188236000
1776188238.733,138.733,0.39,31.65,0.38,75.5,0.4,81.0,0.41,137.0,0.6,81.0,0.59,137.0,0.61,31.65,0.62,75.5,0.01,0.01,2327.49266,1776188237000
1776188239.701,139.701,0.39,31.65,0.38,75.5,0.4,81.0,0.41,137.0,0.6,81.0,0.59,137.0,0.61,31.65,0.62,75.5,0.01,0.01,2327.55682,1776188238000
1776188240.401,140.401,0.39,31.65,0.38,75.5,0.4,81.0,0.41,137.0,0.6,81.0,0.59,137.0,0.61,31.65,0.62,75.5,0.01,0.01,2327.668243,1776188239000
1776188240.945,140.945,0.39,31.65,0.38,75.5,0.4,81.0,0.41,137.0,0.6,81.0,0.59,137.0,0.61,31.65,0.62,75.5,0.01,0.01,2327.758497,1776188240000
1776188241.249,141.249,0.42,123.8,0.41,114.24,0.43,5.0,0.44,195.0,0.6,81.0,0.59,137.0,0.61,31.65,0.62,75.5,0.01,0.01,2327.758497,1776188240000
1776188241.532,141.532,0.42,15.0,0.41,89.34,0.43,5.0,0.44,205.0,0.57,5.0,0.56,195.0,0.58,123.8,0.59,114.24,0.01,0.01,2327.758497,1776188240000
1776188241.791,141.791,0.41,44.34,0.4,70.5,0.43,20.2,0.44,311.0,0.57,10.0,0.56,211.0,0.59,89.34,0.6,60.5,0.02,0.02,2327.758497,1776188240000
1776188242.014,142.014,0.41,35.5,0.4,70.5,0.43,7.99,0.44,301.0,0.57,7.99,0.56,301.0,0.59,35.5,0.6,70.5,0.02,0.02,2327.90565,1776188241000
1776188243.046,143.046,0.41,10.0,0.4,35.0,0.42,108.5,0.43,135.5,0.58,10.0,0.57,28.99,0.59,25.5,0.6,70.5,0.01,0.01,2327.90565,1776188241000
1776188243.348,143.348,0.41,15.74,0.4,35.0,0.42,158.5,0.43,190.5,0.58,108.5,0.57,140.5,0.6,35.0,0.61,100.5,0.01,0.02,2327.905114,1776188242000
1776188243.575,143.575,0.41,60.74,0.4,35.0,0.42,101.5,0.43,180.5,0.58,158.5,0.57,190.5,0.59,15.74,0.6,35.0,0.01,0.01,2327.905114,1776188242000
1776188244.388,144.388,0.41,40.55,0.4,35.0,0.42,96.5,0.43,190.5,0.58,96.5,0.57,190.5,0.59,40.55,0.6,35.0,0.01,0.01,2327.833969,1776188243000
1776188244.591,144.591,0.41,69.77,0.4,40.0,0.42,101.5,0.43,185.5,0.58,96.5,0.57,190.5,0.59,40.55,0.6,35.0,0.01,0.01,2327.833969,1776188243000
1776188245.296,145.296,0.41,74.77,0.4,40.0,0.42,98.5,0.43,185.5,0.58,98.5,0.57,185.5,0.59,74.77,0.6,40.0,0.01,0.01,2327.668707,1776188244000
1776188245.569,145.569,0.41,74.77,0.4,109.5,0.42,32.99,0.43,185.5,0.58,98.5,0.57,185.5,0.59,74.77,0.6,40.0,0.01,0.01,2327.668707,1776188244000
1776188245.769,145.769,0.41,140.27,0.4,109.5,0.42,21.1,0.43,185.5,0.58,32.99,0.57,185.5,0.59,74.77,0.6,109.5,0.01,0.01,2327.668707,1776188244000
1776188246.068,146.068,0.41,112.77,0.4,95.5,0.42,80.5,0.43,196.5,0.58,21.1,0.57,185.5,0.59,140.27,0.6,109.5,0.01,0.01,2327.668707,1776188244000
1776188246.436,146.436,0.41,112.77,0.4,95.5,0.42,80.5,0.43,196.5,0.58,80.5,0.57,196.5,0.59,112.77,0.6,95.5,0.01,0.01,2327.592717,1776188245000
1776188247.109,147.109,0.41,145.5,0.4,106.5,0.43,10.0,0.44,186.0,0.57,10.0,0.56,186.0,0.59,145.5,0.6,106.5,0.02,0.02,2327.57497,1776188246000
1776188247.323,147.323,0.39,25.0,0.38,35.0,0.41,39.0,0.43,247.64,0.59,39.0,0.57,217.14,0.6,6.0,0.61,25.0,0.02,0.01,2327.57497,1776188246000
1776188247.526,147.526,0.34,35.0,0.33,250.0,0.36,13.92,0.41,74.0,0.59,39.0,0.58,5.0,0.66,60.0,0.67,185.0,0.02,0.07,2327.57497,1776188246000
1776188247.805,147.805,0.34,97.0,0.33,170.0,0.36,61.44,0.37,15.0,0.64,26.44,0.63,10.0,0.66,92.0,0.67,170.0,0.02,0.02,2327.57497,1776188246000
1776188248.13,148.13,0.34,87.0,0.33,170.0,0.36,51.0,0.38,100.0,0.64,61.44,0.63,15.0,0.66,97.0,0.67,170.0,0.02,0.02,2327.57497,1776188246000
1776188248.417,148.417,0.35,76.0,0.34,40.0,0.37,6.0,0.38,121.0,0.62,111.0,0.61,111.0,0.65,10.0,0.66,92.0,0.02,0.03,2327.656581,1776188247000
1776188248.732,148.732,0.35,77.0,0.34,57.84,0.36,107.5,0.37,91.5,0.63,6.0,0.62,121.0,0.65,76.0,0.66,40.0,0.01,0.02,2327.656581,1776188247000
1776188249.056,149.056,0.35,125.46,0.34,117.84,0.36,52.5,0.37,86.5,0.64,107.5,0.63,91.5,0.65,77.0,0.66,57.84,0.01,0.01,2327.656581,1776188247000
1776188249.312,149.312,0.35,125.46,0.34,117.84,0.36,52.5,0.37,86.5,0.64,52.5,0.63,86.5,0.65,125.46,0.66,117.84,0.01,0.01,2326.87041,1776188248000
1776188249.926,149.926,0.35,25.0,0.34,117.84,0.36,57.5,0.37,86.5,0.64,57.5,0.63,86.5,0.65,25.0,0.66,117.84,0.01,0.01,2326.85565,1776188249000
1776188250.805,150.805,0.35,411.34,0.34,123.34,0.36,1.44,0.38,10.0,0.64,57.5,0.63,86.5,0.65,25.0,0.66,117.84,0.01,0.01,2326.85565,1776188249000
1776188251.159,151.159,0.4,20.0,0.39,10.0,0.41,65.0,0.42,15.0,0.6,10.0,0.57,235.0,0.62,21.0,0.63,31.0,0.01,0.02,2326.852248,1776188250000
1776188251.406,151.406,0.4,18.33,0.39,10.0,0.41,185.5,0.42,125.5,0.59,65.0,0.58,15.0,0.6,20.0,0.61,10.0,0.01,0.01,2326.852248,1776188250000
1776188251.935,151.935,0.4,18.33,0.39,10.0,0.41,185.5,0.42,125.5,0.59,185.5,0.58,125.5,0.6,18.33,0.61,10.0,0.01,0.01,2326.851832,1776188251000
1776188252.157,152.157,0.4,75.99,0.39,32.5,0.41,60.0,0.43,235.0,0.59,185.5,0.58,125.5,0.6,18.33,0.61,10.0,0.01,0.01,2326.851832,1776188251000
1776188253.113,153.113,0.4,75.99,0.39,32.5,0.41,60.0,0.43,235.0,0.59,60.0,0.57,235.0,0.6,75.99,0.61,32.5,0.01,0.01,2327.288253,1776188252000
1776188253.716,153.716,0.4,208.99,0.39,93.34,0.41,40.0,0.43,85.0,0.59,73.0,0.57,255.5,0.6,45.99,0.61,42.5,0.01,0.01,2327.288253,1776188252000
1776188254.418,154.418,0.4,213.99,0.39,93.34,0.43,85.0,0.44,275.0,0.57,85.0,0.56,275.0,0.6,213.99,0.61,93.34,0.03,0.03,2327.464,1776188253000
1776188255.301,155.301,0.42,26.39,0.41,102.5,0.43,58.0,0.44,390.5,0.57,85.0,0.56,275.0,0.6,213.99,0.61,93.34,0.01,0.03,2327.464,1776188253000
1776188255.904,155.904,0.4,12.0,0.39,10.0,0.41,10.0,0.42,195.5,0.57,58.0,0.56,390.5,0.58,26.39,0.59,102.5,0.01,0.01,2327.504946,1776188254000
1776188256.14,156.14,0.4,12.0,0.39,10.0,0.41,10.0,0.42,195.5,0.59,10.0,0.58,195.5,0.6,12.0,0.61,10.0,0.01,0.01,2327.68762,1776188255000
1776188257.511,157.511,0.43,187.39,0.42,124.5,0.44,200.0,0.45,315.0,0.59,10.0,0.58,195.5,0.6,12.0,0.61,10.0,0.01,0.01,2327.68762,1776188255000
1776188257.722,157.722,0.43,187.39,0.42,124.5,0.44,200.0,0.45,315.0,0.56,200.0,0.55,315.0,0.57,187.39,0.58,124.5,0.01,0.01,2327.56865,1776188256000
1776188258.032,158.032,0.43,185.35,0.42,112.5,0.44,120.0,0.45,380.0,0.56,200.0,0.55,315.0,0.57,187.39,0.58,124.5,0.01,0.01,2327.56865,1776188256000
1776188258.646,158.646,0.43,185.35,0.42,112.5,0.44,120.0,0.45,380.0,0.56,120.0,0.55,380.0,0.57,185.35,0.58,112.5,0.01,0.01,2327.732577,1776188257000
1776188259.402,159.402,0.43,185.35,0.42,112.5,0.44,120.0,0.45,380.0,0.56,120.0,0.55,380.0,0.57,185.35,0.58,112.5,0.01,0.01,2327.864192,1776188258000
1776188259.675,159.675,0.43,323.5,0.42,116.34,0.45,315.0,0.46,490.0,0.56,120.0,0.55,380.0,0.57,185.35,0.58,112.5,0.02,0.01,2327.864192,1776188258000
1776188260.187,160.187,0.43,323.5,0.42,116.34,0.45,315.0,0.46,490.0,0.55,315.0,0.54,490.0,0.57,323.5,0.58,116.34,0.02,0.02,2327.849688,1776188259000
1776188260.45,160.45,0.44,292.34,0.43,123.5,0.46,45.0,0.47,390.0,0.55,1.59,0.54,95.0,0.56,295.34,0.57,123.5,0.02,0.01,2327.849688,1776188259000
1776188261.483,161.483,0.45,212.34,0.44,98.5,0.46,67.0,0.47,390.0,0.54,45.0,0.53,390.0,0.56,292.34,0.57,123.5,0.01,0.02,2327.849688,1776188259000
1776188261.685,161.685,0.45,212.34,0.44,98.5,0.46,67.0,0.47,390.0,0.54,67.0,0.53,390.0,0.55,212.34,0.56,98.5,0.01,0.01,2328.012416,1776188260000
1776188262.367,162.367,0.43,25.0,0.42,70.0,0.46,182.0,0.47,515.0,0.54,62.0,0.53,390.0,0.55,152.34,0.56,98.5,0.03,0.01,2328.012416,1776188260000
1776188263.013,163.013,0.42,144.0,0.41,160.5,0.46,12.89,0.47,400.0,0.54,182.0,0.53,515.0,0.57,25.0,0.58,70.0,0.04,0.03,2328.150349,1776188261000
1776188263.229,163.229,0.42,144.0,0.41,160.5,0.46,12.89,0.47,400.0,0.54,12.89,0.53,400.0,0.58,144.0,0.59,160.5,0.04,0.04,2328.228545,1776188262000
1776188264.553,164.553,0.42,144.0,0.41,160.5,0.46,12.89,0.47,400.0,0.54,12.89,0.53,400.0,0.58,144.0,0.59,160.5,0.04,0.04,2328.0333,1776188263000
1776188264.906,164.906,0.46,27.5,0.45,66.0,0.47,340.0,0.48,140.0,0.54,12.89,0.53,400.0,0.58,144.0,0.59,160.5,0.01,0.04,2328.0333,1776188263000
1776188265.226,165.226,0.46,27.5,0.45,66.0,0.47,340.0,0.48,140.0,0.53,340.0,0.52,140.0,0.54,27.5,0.55,66.0,0.01,0.01,2328.08125,1776188264000
1776188265.862,165.862,0.46,91.96,0.45,65.0,0.47,160.0,0.48,140.0,0.53,340.0,0.52,140.0,0.54,27.5,0.55,66.0,0.01,0.01,2328.08125,1776188264000
1776188266.512,166.512,0.47,135.0,0.46,72.96,0.49,378.0,0.5,375.0,0.53,160.0,0.52,140.0,0.54,91.96,0.55,65.0,0.02,0.01,2328.08125,1776188264000
1776188266.84,166.84,0.48,58.0,0.47,15.0,0.49,175.25,0.5,384.85,0.51,378.0,0.5,375.0,0.53,115.0,0.54,72.96,0.01,0.02,2328.08125,1776188264000
1776188267.347,167.347,0.48,113.0,0.47,95.0,0.49,1.4,0.5,375.0,0.51,175.25,0.5,384.85,0.52,58.0,0.53,15.0,0.01,0.01,2328.252281,1776188265000
1776188267.711,167.711,0.48,113.0,0.47,95.0,0.49,1.4,0.5,375.0,0.51,1.4,0.5,375.0,0.52,113.0,0.53,95.0,0.01,0.01,2328.562322,1776188266000
1776188268.289,168.289,0.48,113.0,0.47,95.0,0.49,1.4,0.5,375.0,0.51,1.4,0.5,375.0,0.52,113.0,0.53,95.0,0.01,0.01,2328.684901,1776188267000
1776188268.535,168.535,0.5,5.0,0.49,23.0,0.51,181.31,0.52,105.0,0.51,1.4,0.5,375.0,0.52,113.0,0.53,95.0,0.01,0.01,2328.684901,1776188267000
1776188268.751,168.751,0.49,69.57,0.48,125.5,0.5,18.0,0.51,159.31,0.49,181.31,0.48,105.0,0.52,103.0,0.53,70.0,0.01,0.03,2328.684901,1776188267000
1776188269.637,169.637,0.49,28.6,0.48,135.5,0.51,141.31,0.52,105.0,0.5,18.0,0.49,159.31,0.51,69.57,0.52,125.5,0.02,0.01,2328.684901,1776188267000
1776188269.894,169.894,0.5,5.0,0.49,21.1,0.51,139.34,0.52,105.0,0.49,141.31,0.48,105.0,0.51,16.1,0.52,135.5,0.01,0.02,2328.854158,1776188268000
1776188270.419,170.419,0.5,105.0,0.49,47.6,0.51,109.53,0.52,95.0,0.49,139.34,0.48,105.0,0.5,5.0,0.51,21.1,0.01,0.01,2328.854158,1776188268000
1776188271.035,171.035,0.5,208.5,0.49,36.6,0.52,54.53,0.53,160.0,0.49,109.53,0.48,95.0,0.5,105.0,0.51,47.6,0.02,0.01,2328.654343,1776188269000
1776188271.278,171.278,0.5,208.5,0.49,36.6,0.52,54.53,0.53,160.0,0.48,54.53,0.47,160.0,0.5,208.5,0.51,36.6,0.02,0.02,2328.637977,1776188270000
1776188271.789,171.789,0.51,93.95,0.5,75.5,0.52,22.53,0.53,160.0,0.48,54.53,0.47,160.0,0.5,208.5,0.51,36.6,0.01,0.02,2328.637977,1776188270000
1776188272.126,172.126,0.51,78.76,0.5,75.5,0.52,17.53,0.53,170.0,0.48,22.53,0.47,160.0,0.49,93.95,0.5,75.5,0.01,0.01,2328.637977,1776188270000
1776188272.34,172.34,0.51,81.71,0.5,80.5,0.52,22.53,0.53,160.0,0.48,17.53,0.47,170.0,0.49,78.76,0.5,75.5,0.01,0.01,2328.637977,1776188270000
1776188272.868,172.868,0.51,81.71,0.5,80.5,0.52,22.53,0.53,160.0,0.48,22.53,0.47,160.0,0.49,81.71,0.5,80.5,0.01,0.01,2328.788405,1776188271000
1776188273.108,173.108,0.51,119.21,0.5,80.5,0.52,15.49,0.53,160.0,0.48,22.53,0.47,160.0,0.49,81.71,0.5,80.5,0.01,0.01,2328.788405,1776188271000
1776188273.841,173.841,0.51,119.21,0.5,80.5,0.52,15.49,0.53,160.0,0.48,15.49,0.47,160.0,0.49,119.21,0.5,80.5,0.01,0.01,2328.905305,1776188272000
1776188274.043,174.043,0.51,86.21,0.5,80.5,0.53,170.0,0.54,140.0,0.48,15.49,0.47,160.0,0.49,119.21,0.5,80.5,0.02,0.01,2328.905305,1776188272000
1776188275.179,175.179,0.51,86.21,0.5,80.5,0.53,170.0,0.54,140.0,0.47,170.0,0.46,140.0,0.49,86.21,0.5,80.5,0.02,0.02,2328.876679,1776188273000
1776188275.946,175.946,0.52,125.0,0.51,56.21,0.53,57.66,0.54,100.0,0.47,57.66,0.46,100.0,0.48,125.0,0.49,56.21,0.01,0.01,2328.916636,1776188274000
1776188276.228,176.228,0.52,55.68,0.51,61.21,0.53,57.66,0.54,100.0,0.47,57.66,0.46,100.0,0.48,125.0,0.49,56.21,0.01,0.01,2328.916636,1776188274000
1776188276.671,176.671,0.52,55.68,0.51,61.21,0.53,57.66,0.54,100.0,0.47,57.66,0.46,100.0,0.48,55.68,0.49,61.21,0.01,0.01,2328.932291,1776188275000
1776188277.461,177.461,0.52,138.18,0.51,61.21,0.53,16.66,0.54,100.0,0.47,57.66,0.46,100.0,0.48,55.68,0.49,61.21,0.01,0.01,2328.932291,1776188275000
1776188278.079,178.079,0.52,138.18,0.51,61.21,0.53,16.66,0.54,100.0,0.47,16.66,0.46,100.0,0.48,116.18,0.49,61.21,0.01,0.01,2328.961668,1776188277000
1776188279.299,179.299,0.52,262.58,0.51,115.61,0.54,70.0,0.55,170.0,0.47,16.66,0.46,100.0,0.48,116.18,0.49,61.21,0.02,0.01,2328.961668,1776188277000
1776188279.532,179.532,0.52,262.58,0.51,115.61,0.54,70.0,0.55,170.0,0.46,70.0,0.45,170.0,0.48,262.58,0.49,115.61,0.02,0.02,2328.990854,1776188278000
1776188280.283,180.283,0.52,262.58,0.51,115.61,0.54,70.0,0.55,170.0,0.46,70.0,0.45,170.0,0.48,262.58,0.49,115.61,0.02,0.02,2328.991663,1776188279000
1776188281.63,181.63,0.52,262.58,0.51,115.61,0.54,70.0,0.55,170.0,0.46,70.0,0.45,170.0,0.48,262.58,0.49,115.61,0.02,0.02,2329.061722,1776188280000
1776188281.893,181.893,0.54,15.5,0.53,418.0,0.55,3.18,0.56,230.0,0.46,70.0,0.45,170.0,0.48,262.58,0.49,115.61,0.01,0.02,2329.061722,1776188280000
1776188282.339,182.339,0.54,70.5,0.53,149.0,0.55,37.04,0.56,180.0,0.45,3.18,0.44,230.0,0.46,15.5,0.47,418.0,0.01,0.01,2329.061722,1776188280000
1776188283.098,183.098,0.54,81.95,0.53,144.0,0.55,3.04,0.56,200.5,0.45,3.04,0.44,200.5,0.46,81.95,0.47,144.0,0.01,0.01,2329.304678,1776188282000
1776188283.475,183.475,0.54,44.5,0.53,113.5,0.56,156.0,0.57,90.0,0.45,3.04,0.44,200.5,0.46,81.95,0.47,144.0,0.02,0.01,2329.304678,1776188282000
1776188283.696,183.696,0.54,25.36,0.53,69.5,0.55,10.0,0.56,156.0,0.44,156.0,0.43,90.0,0.46,44.5,0.47,113.5,0.01,0.02,2329.304678,1776188282000
1776188284.521,184.521,0.53,69.5,0.52,89.9,0.55,15.0,0.56,156.0,0.45,15.0,0.44,156.0,0.47,69.5,0.48,89.9,0.02,0.02,2329.2042,1776188283000
1776188284.949,184.949,0.55,79.5,0.54,15.0,0.56,80.0,0.57,90.0,0.45,15.0,0.44,156.0,0.47,69.5,0.48,89.9,0.01,0.02,2329.2042,1776188283000
1776188285.225,185.225,0.55,79.5,0.54,15.0,0.56,80.0,0.57,90.0,0.44,80.0,0.43,90.0,0.45,79.5,0.46,15.0,0.01,0.01,2329.031137,1776188284000
1776188285.448,185.448,0.55,96.27,0.54,15.0,0.56,80.0,0.57,95.0,0.44,80.0,0.43,90.0,0.45,79.5,0.46,15.0,0.01,0.01,2329.031137,1776188284000
1776188285.826,185.826,0.55,76.27,0.54,20.0,0.56,45.0,0.57,90.0,0.44,80.0,0.43,95.0,0.45,86.27,0.46,15.0,0.01,0.01,2329.031137,1776188284000
1776188286.656,186.656,0.55,76.27,0.54,20.0,0.56,45.0,0.57,90.0,0.44,45.0,0.43,90.0,0.45,76.27,0.46,20.0,0.01,0.01,2329.135833,1776188285000
1776188287.239,187.239,0.55,23.11,0.53,44.0,0.56,67.09,0.57,95.0,0.44,45.0,0.43,90.0,0.45,76.27,0.46,20.0,0.01,0.01,2329.135833,1776188285000
1776188287.74,187.74,0.53,37.13,0.52,10.0,0.56,82.8,0.57,95.0,0.44,82.8,0.43,95.0,0.47,37.23,0.48,10.0,0.03,0.03,2329.146898,1776188286000
1776188288.04,188.04,0.53,2.56,0.5,25.0,0.56,87.8,0.57,95.0,0.44,82.8,0.43,95.0,0.47,5.22,0.48,10.0,0.03,0.03,2329.146898,1776188286000
1776188288.255,188.255,0.49,8.57,0.48,14.4,0.5,65.0,0.51,25.0,0.5,65.0,0.44,87.8,0.51,39.4,0.52,24.4,0.01,0.01,2329.146898,1776188286000
1776188288.515,188.515,0.45,15.98,0.44,164.6,0.5,75.0,0.51,80.0,0.5,75.0,0.49,75.0,0.54,56.98,0.55,29.0,0.05,0.04,2329.146898,1776188286000
1776188288.728,188.728,0.45,4.24,0.44,114.6,0.5,75.0,0.51,80.0,0.5,75.0,0.49,80.0,0.55,4.34,0.56,114.6,0.05,0.05,2329.146898,1776188286000
1776188288.928,188.928,0.41,0.31,0.4,15.0,0.46,9.25,0.47,5.0,0.54,9.25,0.53,5.0,0.59,0.31,0.6,15.0,0.05,0.05,2328.638151,1776188287000
1776188289.159,189.159,0.44,6.66,0.43,16.62,0.46,74.45,0.47,15.0,0.54,55.0,0.53,5.0,0.63,17.19,0.64,40.6,0.02,0.09,2328.638151,1776188287000
1776188289.399,189.399,0.36,60.4,0.35,20.8,0.37,46.14,0.38,10.0,0.63,10.0,0.62,10.0,0.64,35.34,0.65,105.8,0.01,0.01,2326.66489,1776188288000
1776188289.697,189.697,0.36,7.52,0.35,20.8,0.37,73.14,0.38,15.0,0.63,73.41,0.62,15.0,0.64,13.9,0.65,20.8,0.01,0.01,2326.66489,1776188288000
1776188289.997,189.997,0.35,10.4,0.34,76.0,0.36,10.0,0.37,51.14,0.63,83.14,0.62,15.0,0.65,20.8,0.66,76.0,0.01,0.02,2326.66489,1776188288000
1776188290.214,190.214,0.35,15.4,0.34,76.0,0.36,40.0,0.37,51.14,0.64,10.0,0.63,51.14,0.65,10.4,0.66,76.0,0.01,0.01,2326.66489,1776188288000
1776188290.472,190.472,0.35,55.91,0.34,76.0,0.36,55.0,0.37,56.14,0.64,40.0,0.63,51.14,0.65,15.4,0.66,76.0,0.01,0.01,2326.66489,1776188288000
1776188290.965,190.965,0.35,6.01,0.34,51.0,0.36,15.0,0.37,56.14,0.64,36.11,0.63,56.14,0.65,6.01,0.66,76.0,0.01,0.01,2326.35004,1776188289000
1776188291.33,191.33,0.34,51.0,0.33,236.3,0.36,20.0,0.37,56.14,0.64,20.0,0.63,56.14,0.66,51.0,0.67,236.3,0.02,0.02,2326.666361,1776188290000
1776188292.167,192.167,0.34,5.53,0.33,220.0,0.35,30.53,0.36,10.0,0.64,20.0,0.63,56.14,0.66,51.0,0.67,236.3,0.01,0.02,2326.666361,1776188290000
1776188292.386,192.386,0.34,0.53,0.33,220.0,0.35,30.53,0.36,10.0,0.65,30.53,0.64,10.0,0.66,0.53,0.67,220.0,0.01,0.01,2326.711335,1776188291000
1776188292.692,192.692,0.33,220.0,0.32,20.0,0.35,36.53,0.36,10.0,0.65,30.53,0.64,10.0,0.66,0.53,0.67,220.0,0.02,0.01,2326.711335,1776188291000
1776188292.963,192.963,0.33,220.0,0.32,20.0,0.34,19.08,0.35,30.53,0.65,36.53,0.64,10.0,0.67,220.0,0.68,20.0,0.01,0.02,2326.711335,1776188291000
1776188293.319,193.319,0.33,220.0,0.32,20.0,0.34,6.2,0.35,30.53,0.66,5.2,0.65,30.53,0.67,220.0,0.68,20.0,0.01,0.01,2326.711335,1776188291000
1776188293.896,193.896,0.33,220.0,0.32,20.0,0.34,6.2,0.35,30.53,0.66,6.2,0.65,30.53,0.67,220.0,0.68,20.0,0.01,0.01,2326.686609,1776188293000
1776188294.113,194.113,0.33,125.0,0.32,20.0,0.35,23.9,0.36,10.0,0.66,3.2,0.65,25.7,0.67,170.0,0.68,20.0,0.02,0.01,2326.686609,1776188293000
1776188294.606,194.606,0.29,0.81,0.28,25.0,0.31,7.24,0.34,112.05,0.66,42.05,0.65,3.9,0.67,120.0,0.68,20.0,0.02,0.01,2326.686609,1776188293000
1776188295.241,195.241,0.22,35.0,0.21,220.0,0.31,7.24,0.34,112.05,0.69,7.24,0.66,112.05,0.78,35.0,0.79,220.0,0.09,0.09,2326.75797,1776188294000
1776188295.57,195.57,0.21,108.0,0.2,311.05,0.22,22.45,0.23,10.0,0.69,7.24,0.66,112.05,0.78,35.0,0.79,220.0,0.01,0.09,2326.75797,1776188294000
1776188295.856,195.856,0.2,333.55,0.19,185.0,0.25,32.47,0.26,10.0,0.78,17.9,0.77,10.0,0.79,49.25,0.8,333.55,0.05,0.01,2326.75797,1776188294000
1776188296.435,196.435,0.2,333.55,0.19,185.0,0.25,32.47,0.26,10.0,0.75,32.47,0.74,10.0,0.8,333.55,0.81,185.0,0.05,0.05,2326.284773,1776188295000
1776188296.721,196.721,0.21,47.97,0.2,282.5,0.22,7.0,0.23,7.0,0.75,32.47,0.74,10.0,0.8,333.55,0.81,185.0,0.01,0.05,2326.284773,1776188295000
1776188296.991,196.991,0.21,12.9,0.2,272.5,0.22,7.0,0.23,7.0,0.78,7.0,0.77,7.0,0.79,33.15,0.8,282.5,0.01,0.01,2325.17275,1776188296000
1776188297.208,197.208,0.26,50.0,0.25,40.47,0.29,30.0,0.3,22.1,0.71,40.0,0.7,17.1,0.76,14.83,0.79,27.9,0.03,0.05,2325.17275,1776188296000
1776188297.664,197.664,0.25,20.09,0.24,10.0,0.3,7.1,0.32,5.0,0.72,10.0,0.71,30.0,0.73,9.66,0.74,19.23,0.05,0.01,2325.17275,1776188296000
1776188297.997,197.997,0.26,45.0,0.25,20.09,0.3,7.1,0.32,10.0,0.7,7.1,0.68,5.0,0.75,20.09,0.76,10.0,0.04,0.05,2325.17275,1776188296000
1776188299.278,199.278,0.26,45.0,0.25,20.09,0.3,7.1,0.32,10.0,0.7,7.1,0.68,10.0,0.74,45.0,0.75,20.09,0.04,0.04,2325.926912,1776188298000
1776188299.689,199.689,0.25,32.09,0.24,10.0,0.26,10.0,0.27,10.0,0.7,7.1,0.68,10.0,0.74,45.0,0.75,20.09,0.01,0.04,2325.926912,1776188298000
1776188300.473,200.473,0.25,32.09,0.24,10.0,0.26,10.0,0.27,10.0,0.74,10.0,0.73,10.0,0.75,32.09,0.76,10.0,0.01,0.01,2326.213567,1776188299000
1776188300.802,200.802,0.25,71.02,0.24,10.0,0.27,10.0,0.28,10.0,0.74,10.0,0.73,10.0,0.75,32.09,0.76,10.0,0.02,0.01,2326.213567,1776188299000
1776188301.082,201.082,0.25,71.02,0.24,10.0,0.27,10.0,0.28,10.0,0.73,10.0,0.72,10.0,0.75,71.02,0.76,10.0,0.02,0.02,2326.225287,1776188300000
1776188301.342,201.342,0.26,28.44,0.25,10.0,0.28,10.0,0.29,10.0,0.7,9.43,0.69,10.0,0.75,50.29,0.76,10.0,0.02,0.05,2326.225287,1776188300000
1776188302.112,202.112,0.26,28.44,0.25,10.0,0.28,10.0,0.29,10.0,0.72,10.0,0.71,10.0,0.74,28.44,0.75,10.0,0.02,0.02,2326.229489,1776188301000
1776188303.094,203.094,0.27,0.5,0.26,85.0,0.28,5.0,0.29,94.55,0.72,10.0,0.71,10.0,0.74,28.44,0.75,10.0,0.01,0.02,2326.229489,1776188301000
1776188303.344,203.344,0.31,10.0,0.3,51.0,0.32,14.88,0.33,10.0,0.68,20.0,0.66,20.0,0.73,28.1,0.74,97.0,0.01,0.05,2326.287976,1776188302000
1776188303.845,203.845,0.31,32.55,0.3,10.0,0.32,29.88,0.34,10.0,0.68,14.88,0.67,10.0,0.69,10.0,0.7,51.0,0.01,0.01,2326.287976,1776188302000
1776188304.198,204.198,0.31,76.0,0.3,25.0,0.35,15.9,0.37,35.0,0.68,29.88,0.66,10.0,0.69,32.55,0.7,10.0,0.04,0.01,2326.287976,1776188302000
1776188304.409,204.409,0.34,13.52,0.33,15.15,0.35,66.62,0.37,44.6,0.65,15.9,0.63,35.0,0.66,13.52,0.69,5.0,0.01,0.01,2326.299632,1776188303000
1776188305.326,205.326,0.27,10.0,0.26,30.0,0.3,3.8,0.35,51.62,0.65,66.62,0.63,44.6,0.66,13.52,0.67,15.15,0.03,0.01,2326.299632,1776188303000
1776188305.927,205.927,0.27,10.0,0.26,30.0,0.3,3.8,0.35,51.62,0.7,3.8,0.65,51.62,0.73,10.0,0.74,30.0,0.03,0.03,2326.534928,1776188305000
1776188306.217,206.217,0.24,9.8,0.23,15.0,0.26,15.0,0.27,15.0,0.7,3.8,0.65,51.62,0.73,10.0,0.74,30.0,0.02,0.03,2326.534928,1776188305000
1776188307.058,207.058,0.25,84.0,0.24,28.8,0.28,10.0,0.29,10.0,0.74,15.0,0.73,15.0,0.76,9.8,0.77,15.0,0.03,0.02,2326.534928,1776188305000
1776188307.39,207.39,0.27,10.0,0.26,10.0,0.31,45.0,0.32,112.77,0.68,82.77,0.67,10.0,0.69,17.85,0.72,10.0,0.04,0.01,2326.239173,1776188306000
1776188308.097,208.097,0.21,89.6,0.2,332.5,0.23,1.0,0.24,24.0,0.69,23.7,0.68,112.77,0.73,10.0,0.74,10.0,0.02,0.04,2326.239173,1776188306000
1776188308.439,208.439,0.21,7.69,0.2,337.55,0.22,110.48,0.24,24.0,0.78,110.48,0.76,24.0,0.79,7.69,0.8,337.55,0.01,0.01,2326.090216,1776188307000
1776188308.991,208.991,0.21,7.69,0.2,337.55,0.22,110.48,0.24,24.0,0.78,110.48,0.76,24.0,0.79,7.69,0.8,337.55,0.01,0.01,2326.232974,1776188308000
1776188309.254,209.254,0.21,105.42,0.2,362.55,0.24,40.0,0.25,22.6,0.78,6.0,0.76,14.0,0.79,100.42,0.8,312.55,0.03,0.01,2326.232974,1776188308000
1776188309.603,209.603,0.23,99.0,0.22,10.0,0.24,19.0,0.25,25.0,0.76,40.0,0.75,22.6,0.79,105.42,0.8,362.55,0.01,0.03,2326.232974,1776188308000
1776188309.967,209.967,0.23,141.0,0.22,25.0,0.25,25.0,0.26,5.0,0.76,19.0,0.75,25.0,0.77,99.0,0.78,10.0,0.02,0.01,2326.232974,1776188308000
1776188310.442,210.442,0.25,15.0,0.24,20.0,0.26,8.0,0.27,57.0,0.75,25.0,0.74,5.0,0.77,141.0,0.78,25.0,0.01,0.02,2325.826106,1776188309000
1776188310.868,210.868,0.27,28.0,0.26,28.0,0.28,25.0,0.29,104.0,0.74,1.0,0.73,57.0,0.75,15.0,0.76,20.0,0.01,0.01,2325.826106,1776188309000
1776188311.114,211.114,0.27,20.0,0.26,46.0,0.28,142.58,0.29,109.0,0.72,21.42,0.71,104.0,0.73,28.0,0.74,28.0,0.01,0.01,2325.826106,1776188309000
1776188311.337,211.337,0.27,14.93,0.26,46.0,0.28,153.58,0.29,109.0,0.72,142.58,0.71,109.0,0.73,20.0,0.74,46.0,0.01,0.01,2326.185491,1776188310000
1776188311.873,211.873,0.26,38.14,0.25,33.0,0.27,123.55,0.28,733.08,0.72,153.58,0.71,109.0,0.74,44.9,0.75,28.0,0.01,0.02,2326.185491,1776188310000
1776188312.212,212.212,0.26,38.14,0.25,33.0,0.27,123.55,0.28,733.08,0.73,123.55,0.72,733.08,0.74,38.14,0.75,33.0,0.01,0.01,2326.289996,1776188311000
1776188312.481,212.481,0.26,36.14,0.25,33.0,0.27,165.54,0.28,59.42,0.73,123.55,0.72,733.08,0.74,38.14,0.75,33.0,0.01,0.01,2326.289996,1776188311000
1776188313.324,213.324,0.26,36.14,0.25,33.0,0.27,165.54,0.28,59.42,0.73,165.54,0.72,59.42,0.74,36.14,0.75,33.0,0.01,0.01,2326.247242,1776188312000
1776188313.971,213.971,0.26,36.14,0.25,33.0,0.27,165.54,0.28,59.42,0.73,165.54,0.72,59.42,0.74,36.14,0.75,33.0,0.01,0.01,2326.231146,1776188313000
1776188314.311,214.311,0.21,45.0,0.2,357.5,0.23,43.0,0.24,29.0,0.73,165.54,0.72,59.42,0.74,36.14,0.75,33.0,0.02,0.01,2326.231146,1776188313000
1776188314.787,214.787,0.22,43.62,0.21,25.0,0.23,110.99,0.25,13.0,0.77,38.65,0.76,29.0,0.79,40.41,0.8,357.5,0.01,0.02,2326.231146,1776188313000
1776188315.016,215.016,0.22,2.19,0.21,35.0,0.23,23.0,0.24,15.0,0.76,10.0,0.75,23.0,0.78,82.55,0.79,50.0,0.01,0.02,2326.231146,1776188313000
1776188315.377,215.377,0.22,0.65,0.21,25.0,0.23,119.78,0.24,20.0,0.77,22.78,0.76,20.0,0.78,2.19,0.79,35.0,0.01,0.01,2326.230755,1776188314000
1776188315.714,215.714,0.22,5.65,0.21,25.0,0.23,128.78,0.24,20.0,0.77,119.78,0.76,20.0,0.78,0.65,0.79,25.0,0.01,0.01,2326.230755,1776188314000
1776188316.162,216.162,0.22,5.65,0.21,25.0,0.23,128.78,0.24,20.0,0.77,128.78,0.76,20.0,0.78,5.65,0.79,25.0,0.01,0.01,2326.179322,1776188315000
1776188316.675,216.675,0.22,15.65,0.21,35.0,0.25,10.0,0.26,10.0,0.77,128.78,0.76,20.0,0.78,5.65,0.79,25.0,0.03,0.01,2326.179322,1776188315000
1776188317.324,217.324,0.26,16.64,0.25,10.0,0.27,15.0,0.28,85.0,0.75,10.0,0.74,10.0,0.78,15.65,0.79,35.0,0.01,0.03,2326.179322,1776188315000
1776188318.125,218.125,0.25,9.12,0.24,35.0,0.27,6.0,0.28,20.0,0.73,15.0,0.72,85.0,0.74,16.64,0.75,10.0,0.02,0.01,2326.179322,1776188315000
1776188318.561,218.561,0.26,65.0,0.25,89.12,0.28,45.0,0.29,45.0,0.73,6.0,0.72,20.0,0.75,9.12,0.76,35.0,0.02,0.02,2326.179322,1776188315000
1776188318.941,218.941,0.25,81.46,0.24,125.0,0.27,25.0,0.28,66.0,0.72,45.0,0.71,45.0,0.74,65.0,0.75,89.12,0.02,0.02,2326.179322,1776188315000
1776188319.335,219.335,0.25,79.79,0.24,125.0,0.27,89.83,0.28,76.0,0.73,7.0,0.72,76.0,0.74,55.0,0.75,86.46,0.02,0.01,2326.179322,1776188315000
1776188319.785,219.785,0.25,79.79,0.24,125.0,0.27,89.83,0.28,76.0,0.73,89.83,0.72,76.0,0.75,79.79,0.76,125.0,0.02,0.02,2326.073879,1776188316000
1776188320.057,220.057,0.26,65.0,0.25,89.79,0.27,87.38,0.28,70.0,0.73,87.38,0.72,70.0,0.74,65.0,0.75,89.79,0.01,0.01,2326.095632,1776188317000
1776188320.325,220.325,0.26,60.0,0.25,89.79,0.27,98.9,0.28,70.0,0.73,98.9,0.72,70.0,0.74,60.0,0.75,89.79,0.01,0.01,2326.223302,1776188318000
1776188320.887,220.887,0.24,71.36,0.23,106.0,0.25,49.0,0.26,85.52,0.74,44.0,0.73,115.9,0.75,14.9,0.76,115.0,0.01,0.01,2326.277043,1776188319000
1776188321.314,221.314,0.24,60.86,0.23,106.0,0.25,64.0,0.26,85.52,0.75,64.0,0.74,85.52,0.76,60.86,0.77,106.0,0.01,0.01,2326.451851,1776188320000
1776188321.69,221.69,0.24,51.19,0.23,106.0,0.25,67.52,0.26,57.0,0.75,29.0,0.74,65.52,0.76,50.27,0.77,106.0,0.01,0.01,2326.451851,1776188320000
1776188322.511,222.511,0.24,51.19,0.23,106.0,0.25,67.52,0.26,57.0,0.75,67.52,0.74,57.0,0.76,51.19,0.77,106.0,0.01,0.01,2326.445808,1776188321000
1776188323.351,223.351,0.24,51.19,0.23,106.0,0.25,67.52,0.26,57.0,0.75,67.52,0.74,57.0,0.76,51.19,0.77,106.0,0.01,0.01,2326.413052,1776188322000
1776188323.935,223.935,0.23,133.0,0.22,105.65,0.25,141.4,0.26,34.0,0.75,181.04,0.74,33.0,0.77,75.0,0.78,115.65,0.02,0.02,2326.413052,1776188322000
1776188324.263,224.263,0.23,133.0,0.22,105.65,0.25,141.4,0.26,34.0,0.75,141.4,0.74,34.0,0.77,133.0,0.78,105.65,0.02,0.02,2326.380679,1776188323000
1776188324.507,224.507,0.24,154.0,0.23,160.0,0.25,11.24,0.26,10.0,0.75,141.4,0.74,34.0,0.77,133.0,0.78,105.65,0.01,0.02,2326.380679,1776188323000
1776188324.815,224.815,0.26,98.48,0.25,10.0,0.27,26.94,0.28,50.0,0.73,26.94,0.72,50.0,0.76,179.0,0.77,165.0,0.01,0.03,2326.380679,1776188323000
1776188325.489,225.489,0.26,208.48,0.25,10.0,0.28,50.0,0.29,40.0,0.72,50.0,0.71,40.0,0.74,208.48,0.75,10.0,0.02,0.02,2326.407264,1776188324000
1776188326.241,226.241,0.26,208.48,0.25,10.0,0.28,50.0,0.29,40.0,0.72,50.0,0.71,40.0,0.74,208.48,0.75,10.0,0.02,0.02,2326.53303,1776188325000
1776188327.086,227.086,0.33,14.0,0.32,15.5,0.34,170.0,0.35,16.62,0.68,25.0,0.67,110.0,0.69,20.66,0.7,74.0,0.01,0.01,2326.53303,1776188325000
1776188327.487,227.487,0.32,24.5,0.31,60.0,0.34,46.0,0.35,16.62,0.66,170.0,0.65,16.62,0.67,14.0,0.68,15.5,0.02,0.01,2326.53303,1776188325000
1776188328.197,228.197,0.3,1.56,0.29,12.0,0.33,10.0,0.34,49.0,0.66,46.0,0.65,16.62,0.68,24.5,0.69,60.0,0.03,0.02,2327.305592,1776188326000
1776188328.397,228.397,0.3,1.56,0.29,12.0,0.33,10.0,0.34,49.0,0.67,10.0,0.66,49.0,0.7,1.56,0.71,12.0,0.03,0.03,2327.443324,1776188327000
1776188328.688,228.688,0.22,10.65,0.21,70.0,0.23,12.55,0.24,10.0,0.77,22.65,0.76,10.0,0.78,10.65,0.79,45.0,0.01,0.01,2327.443324,1776188327000
1776188328.896,228.896,0.22,0.65,0.21,95.0,0.23,47.55,0.24,10.0,0.77,12.55,0.76,10.0,0.78,10.65,0.79,70.0,0.01,0.01,2327.443324,1776188327000
1776188329.132,229.132,0.21,24.55,0.2,442.5,0.23,42.55,0.24,10.0,0.77,47.55,0.76,10.0,0.78,0.65,0.79,95.0,0.02,0.01,2327.443324,1776188327000
1776188330.203,230.203,0.2,282.5,0.19,285.0,0.21,4.72,0.22,10.0,0.77,42.55,0.76,10.0,0.79,24.55,0.8,442.5,0.01,0.02,2327.495803,1776188328000
1776188330.509,230.509,0.2,282.5,0.19,285.0,0.21,4.72,0.22,10.0,0.79,4.72,0.78,10.0,0.8,282.5,0.81,285.0,0.01,0.01,2326.534949,1776188329000
1776188330.903,230.903,0.2,55.05,0.19,285.0,0.21,113.67,0.22,15.0,0.79,4.72,0.78,10.0,0.8,282.5,0.81,285.0,0.01,0.01,2326.534949,1776188329000
1776188331.27,231.27,0.2,37.7,0.19,285.0,0.21,113.67,0.22,15.0,0.79,113.67,0.78,15.0,0.8,37.7,0.81,285.0,0.01,0.01,2326.267728,1776188330000
1776188331.643,231.643,0.19,235.0,0.18,305.0,0.21,145.67,0.22,15.0,0.79,141.67,0.78,15.0,0.8,7.7,0.81,285.0,0.02,0.01,2326.267728,1776188330000
1776188332.412,232.412,0.19,235.0,0.18,305.0,0.21,145.67,0.22,15.0,0.79,145.67,0.78,15.0,0.81,235.0,0.82,305.0,0.02,0.02,2325.87656,1776188331000
1776188333.177,233.177,0.19,235.0,0.18,305.0,0.21,145.67,0.22,15.0,0.79,145.67,0.78,15.0,0.81,235.0,0.82,305.0,0.02,0.02,2325.822444,1776188332000
1776188333.522,233.522,0.19,5.0,0.18,305.0,0.2,1.0,0.21,66.0,0.79,145.67,0.78,15.0,0.81,235.0,0.82,305.0,0.01,0.02,2325.822444,1776188332000
1776188334.003,234.003,0.18,310.61,0.17,376.0,0.2,5.0,0.21,45.0,0.79,66.0,0.78,60.0,0.82,305.0,0.83,360.0,0.02,0.03,2325.822444,1776188332000
1776188334.493,234.493,0.18,310.61,0.17,376.0,0.2,5.0,0.21,45.0,0.8,5.0,0.79,45.0,0.82,310.61,0.83,376.0,0.02,0.02,2325.844961,1776188333000
1776188335.015,235.015,0.21,34.54,0.18,260.61,0.22,50.0,0.23,10.0,0.8,5.0,0.79,45.0,0.82,310.61,0.83,376.0,0.01,0.02,2325.844961,1776188333000
1776188335.425,235.425,0.21,9.0,0.2,10.0,0.22,21.0,0.23,10.0,0.78,50.0,0.77,10.0,0.79,34.54,0.82,260.61,0.01,0.01,2325.920562,1776188334000
1776188335.925,235.925,0.21,75.0,0.2,110.0,0.23,10.0,0.24,10.0,0.78,11.45,0.77,10.0,0.79,19.0,0.8,10.0,0.02,0.01,2325.920562,1776188334000
1776188336.447,236.447,0.21,74.17,0.2,110.0,0.22,10.0,0.23,15.0,0.78,10.0,0.77,15.0,0.79,74.17,0.8,110.0,0.01,0.01,2326.257209,1776188335000
1776188337.102,237.102,0.21,74.17,0.2,110.0,0.22,10.0,0.23,15.0,0.78,10.0,0.77,15.0,0.79,74.17,0.8,110.0,0.01,0.01,2326.412262,1776188336000
1776188338.063,238.063,0.21,48.73,0.2,100.0,0.22,26.0,0.23,15.0,0.78,36.0,0.77,15.0,0.79,58.73,0.8,100.0,0.01,0.01,2326.412262,1776188336000
1776188338.402,238.402,0.21,26.73,0.2,100.0,0.22,26.0,0.23,53.05,0.78,26.0,0.77,53.05,0.79,26.73,0.8,100.0,0.01,0.01,2326.574642,1776188337000
1776188339.064,239.064,0.23,8.0,0.21,111.73,0.25,60.0,0.26,43.0,0.75,60.0,0.74,43.0,0.77,8.0,0.79,111.73,0.02,0.02,2326.566129,1776188338000
1776188339.333,239.333,0.28,20.0,0.27,35.0,0.29,35.0,0.31,10.0,0.74,20.0,0.72,25.0,0.75,64.3,0.76,64.0,0.01,0.01,2326.566129,1776188338000
1776188339.705,239.705,0.28,10.0,0.27,35.0,0.29,5.0,0.3,10.33,0.7,5.33,0.69,10.0,0.72,19.58,0.73,35.0,0.01,0.02,2326.566129,1776188338000
1776188340.078,240.078,0.28,10.0,0.27,35.0,0.29,5.0,0.3,10.33,0.71,5.0,0.7,10.33,0.72,10.0,0.73,35.0,0.01,0.01,2326.606909,1776188339000
1776188340.618,240.618,0.26,52.08,0.25,50.0,0.27,10.0,0.28,141.56,0.71,5.0,0.7,10.33,0.72,10.0,0.73,35.0,0.01,0.01,2326.606909,1776188339000
1776188341.032,241.032,0.26,3.64,0.25,50.0,0.27,35.0,0.28,141.56,0.73,10.0,0.72,141.56,0.74,52.08,0.75,50.0,0.01,0.01,2326.606909,1776188339000
1776188341.431,241.431,0.25,52.33,0.24,109.0,0.26,25.0,0.27,36.0,0.73,35.0,0.72,141.56,0.74,3.64,0.75,50.0,0.01,0.01,2326.606909,1776188339000
1776188341.673,241.673,0.25,41.45,0.24,109.0,0.26,45.0,0.27,36.0,0.74,45.0,0.73,36.0,0.75,41.45,0.76,109.0,0.01,0.01,2327.10359,1776188340000
1776188342.25,242.25,0.25,41.45,0.24,109.0,0.26,45.0,0.27,36.0,0.74,45.0,0.73,36.0,0.75,41.45,0.76,109.0,0.01,0.01,2327.099021,1776188341000
1776188343.063,243.063,0.28,7.54,0.27,60.0,0.29,6.0,0.3,10.0,0.74,45.0,0.73,36.0,0.75,41.45,0.76,109.0,0.01,0.01,2327.099021,1776188341000
1776188343.399,243.399,0.31,7.63,0.3,10.0,0.32,60.0,0.33,70.0,0.71,6.0,0.7,10.0,0.72,7.54,0.73,60.0,0.01,0.01,2327.099021,1776188341000
1776188343.62,243.62,0.31,7.63,0.3,10.0,0.32,60.0,0.33,70.0,0.68,60.0,0.67,70.0,0.69,7.63,0.7,10.0,0.01,0.01,2327.03773,1776188342000
1776188343.867,243.867,0.32,24.0,0.31,57.63,0.33,49.9,0.34,90.0,0.68,60.0,0.67,70.0,0.69,7.63,0.7,10.0,0.01,0.01,2327.03773,1776188342000
1776188344.081,244.081,0.32,18.0,0.31,62.63,0.33,55.5,0.34,90.0,0.67,40.5,0.66,90.0,0.68,24.0,0.69,57.63,0.01,0.01,2327.03773,1776188342000
1776188344.707,244.707,0.32,186.0,0.31,172.63,0.33,16.62,0.34,90.0,0.67,55.5,0.66,90.0,0.68,18.0,0.69,62.63,0.01,0.01,2327.04336,1776188343000
1776188344.98,244.98,0.37,45.51,0.36,63.15,0.38,2.34,0.39,80.0,0.62,45.0,0.61,130.0,0.64,58.15,0.65,35.0,0.01,0.02,2327.04336,1776188343000
1776188345.432,245.432,0.42,13.37,0.41,10.0,0.43,5.0,0.45,10.5,0.62,2.34,0.61,80.0,0.63,45.51,0.64,63.15,0.01,0.01,2327.04336,1776188343000
1776188345.673,245.673,0.45,0.83,0.44,10.0,0.46,5.0,0.47,65.5,0.54,30.0,0.53,90.5,0.56,10.0,0.57,10.0,0.01,0.02,2327.23477,1776188344000
1776188345.879,245.879,0.42,7.0,0.41,24.0,0.44,4.72,0.45,20.0,0.53,60.39,0.52,60.0,0.55,0.83,0.56,10.0,0.02,0.02,2327.23477,1776188344000
1776188346.088,246.088,0.41,32.9,0.4,9.0,0.42,20.0,0.43,16.0,0.55,3.16,0.54,10.0,0.58,7.0,0.59,24.0,0.01,0.03,2327.23477,1776188344000
1776188346.522,246.522,0.33,22.0,0.32,204.0,0.34,7.47,0.35,10.0,0.58,25.0,0.57,16.0,0.67,7.0,0.68,191.0,0.01,0.09,2327.55073,1776188345000
1776188347.036,247.036,0.32,174.0,0.31,142.0,0.34,17.47,0.35,20.0,0.66,7.47,0.65,10.0,0.67,22.0,0.68,204.0,0.02,0.01,2327.55073,1776188345000
1776188347.497,247.497,0.32,174.0,0.31,142.0,0.34,17.47,0.35,20.0,0.66,17.47,0.65,20.0,0.68,174.0,0.69,142.0,0.02,0.02,2328.17561,1776188346000
1776188347.71,247.71,0.37,8.14,0.36,7.0,0.39,11.0,0.4,16.94,0.66,17.47,0.65,20.0,0.68,174.0,0.69,142.0,0.02,0.02,2328.17561,1776188346000
1776188348.134,248.134,0.39,15.0,0.38,15.0,0.4,16.84,0.41,17.0,0.6,16.84,0.59,17.0,0.61,15.0,0.62,15.0,0.01,0.01,2328.060577,1776188347000
1776188348.334,248.334,0.41,10.0,0.4,10.0,0.43,12.46,0.44,10.0,0.57,12.46,0.56,10.0,0.59,10.0,0.6,10.0,0.02,0.02,2328.060577,1776188347000
1776188348.603,248.603,0.41,23.04,0.4,10.0,0.42,85.0,0.43,32.46,0.57,12.46,0.56,10.0,0.59,15.0,0.6,10.0,0.01,0.02,2328.060577,1776188347000
1776188349.157,249.157,0.41,26.34,0.4,10.0,0.42,14.47,0.43,27.46,0.58,16.0,0.57,22.46,0.59,21.34,0.6,10.0,0.01,0.01,2328.060577,1776188347000
1776188349.462,249.462,0.41,26.34,0.4,10.0,0.42,14.47,0.43,27.46,0.58,14.47,0.57,27.46,0.59,26.34,0.6,10.0,0.01,0.01,2327.73422,1776188348000
1776188349.994,249.994,0.42,1.03,0.41,15.0,0.43,9.78,0.44,65.0,0.57,32.46,0.56,61.0,0.58,1.03,0.59,15.0,0.01,0.01,2327.73422,1776188348000
1776188350.207,250.207,0.41,14.01,0.4,15.0,0.43,9.78,0.44,75.0,0.57,9.78,0.56,75.0,0.59,14.01,0.6,15.0,0.02,0.02,2327.919531,1776188349000
1776188350.444,250.444,0.42,5.2,0.41,15.0,0.43,4.78,0.44,25.0,0.57,9.78,0.56,75.0,0.59,14.01,0.6,15.0,0.01,0.02,2327.919531,1776188349000
1776188350.942,250.942,0.41,8.16,0.4,15.0,0.43,4.78,0.44,20.0,0.57,4.78,0.56,20.0,0.58,18.16,0.59,15.0,0.02,0.01,2327.919531,1776188349000
1776188351.555,251.555,0.41,8.16,0.4,15.0,0.43,4.78,0.44,20.0,0.57,4.78,0.56,20.0,0.59,8.16,0.6,15.0,0.02,0.02,2327.998762,1776188350000
1776188351.785,251.785,0.39,10.0,0.38,25.0,0.41,6.89,0.43,103.78,0.57,34.78,0.56,75.0,0.58,3.11,0.61,10.0,0.02,0.01,2327.998762,1776188350000
1776188352.016,252.016,0.39,10.0,0.38,30.0,0.4,62.23,0.41,31.89,0.59,6.89,0.57,103.78,0.61,10.0,0.62,25.0,0.01,0.02,2327.998762,1776188350000
1776188352.491,252.491,0.32,34.9,0.31,60.0,0.33,17.46,0.34,10.0,0.6,62.23,0.59,31.89,0.61,10.0,0.62,30.0,0.01,0.01,2327.999977,1776188351000
1776188352.704,252.704,0.32,28.72,0.31,60.0,0.33,141.0,0.34,107.0,0.67,17.46,0.66,10.0,0.68,34.9,0.69,60.0,0.01,0.01,2327.999977,1776188351000
1776188353.193,253.193,0.26,27.01,0.25,120.0,0.27,20.0,0.28,26.0,0.67,146.0,0.66,107.0,0.69,60.0,0.7,100.0,0.01,0.02,2327.999977,1776188351000
1776188353.407,253.407,0.26,27.01,0.25,120.0,0.27,20.0,0.28,26.0,0.73,20.0,0.72,26.0,0.74,27.01,0.75,120.0,0.01,0.01,2328.000486,1776188352000
1776188353.89,253.89,0.26,59.18,0.25,130.0,0.27,19.81,0.28,26.0,0.73,14.81,0.72,26.0,0.74,57.01,0.75,120.0,0.01,0.01,2328.000486,1776188352000
1776188354.091,254.091,0.26,59.18,0.25,130.0,0.27,19.81,0.28,26.0,0.73,19.81,0.72,26.0,0.74,59.18,0.75,130.0,0.01,0.01,2327.640697,1776188353000
1776188355.187,255.187,0.26,3.24,0.25,130.0,0.27,68.51,0.28,26.0,0.73,19.81,0.72,26.0,0.74,59.18,0.75,130.0,0.01,0.01,2327.640697,1776188353000
1776188355.426,255.426,0.26,3.24,0.25,130.0,0.27,68.51,0.28,26.0,0.73,68.51,0.72,26.0,0.74,3.24,0.75,130.0,0.01,0.01,2327.307442,1776188354000
1776188356.107,256.107,0.26,3.24,0.25,130.0,0.27,68.51,0.28,26.0,0.73,68.51,0.72,26.0,0.74,3.24,0.75,130.0,0.01,0.01,2327.299882,1776188355000
1776188356.369,256.369,0.23,95.0,0.22,70.0,0.24,28.75,0.25,21.0,0.73,68.51,0.72,26.0,0.74,3.24,0.75,130.0,0.01,0.01,2327.299882,1776188355000
1776188357.164,257.164,0.23,95.0,0.22,70.0,0.24,28.75,0.25,21.0,0.76,28.75,0.75,21.0,0.77,95.0,0.78,70.0,0.01,0.01,2327.277935,1776188356000
1776188357.389,257.389,0.23,47.4,0.22,30.0,0.24,81.06,0.25,21.0,0.76,28.75,0.75,21.0,0.77,95.0,0.78,70.0,0.01,0.01,2327.277935,1776188356000
1776188357.671,257.671,0.23,185.4,0.22,65.0,0.25,7.0,0.26,10.0,0.76,81.06,0.75,21.0,0.77,47.4,0.78,30.0,0.02,0.01,2327.277935,1776188356000
1776188358.004,258.004,0.24,45.0,0.23,145.4,0.26,13.9,0.27,16.0,0.75,9.9,0.74,14.0,0.76,5.0,0.77,150.4,0.02,0.01,2327.277935,1776188356000
1776188358.251,258.251,0.25,64.34,0.24,105.0,0.26,5.0,0.27,87.26,0.74,5.0,0.73,21.0,0.75,70.0,0.76,105.0,0.01,0.01,2327.21365,1776188357000
1776188359.163,259.163,0.23,66.42,0.22,90.0,0.24,21.0,0.25,15.0,0.74,5.0,0.73,87.26,0.75,64.34,0.76,105.0,0.01,0.01,2327.21365,1776188357000
1776188359.804,259.804,0.23,149.42,0.22,95.0,0.27,10.0,0.28,10.0,0.76,21.0,0.75,15.0,0.77,66.42,0.78,90.0,0.04,0.01,2327.180486,1776188358000
1776188360.32,260.32,0.25,8.92,0.24,85.0,0.26,15.0,0.27,15.0,0.74,10.0,0.73,10.0,0.76,37.36,0.77,149.42,0.01,0.02,2327.180486,1776188358000
1776188361.219,261.219,0.24,87.26,0.23,116.42,0.25,115.38,0.26,10.0,0.74,15.0,0.73,15.0,0.75,8.92,0.76,85.0,0.01,0.01,2327.241796,1776188359000
1776188361.566,261.566,0.24,123.26,0.23,126.42,0.25,2.48,0.3,10.0,0.75,115.38,0.74,10.0,0.76,87.26,0.77,116.42,0.01,0.01,2327.290838,1776188360000
1776188361.837,261.837,0.27,31.05,0.26,107.0,0.3,3.34,0.31,30.0,0.7,3.34,0.69,30.0,0.72,20.0,0.73,28.0,0.03,0.02,2327.290838,1776188360000
1776188363.078,263.078,0.28,47.22,0.27,83.0,0.29,20.0,0.3,3.34,0.71,20.0,0.7,3.34,0.72,47.22,0.73,83.0,0.01,0.01,2327.399383,1776188362000
1776188364.035,264.035,0.28,27.22,0.27,68.0,0.29,21.0,0.3,8.34,0.71,21.0,0.7,8.34,0.72,27.22,0.73,68.0,0.01,0.01,2327.527857,1776188363000
1776188364.728,264.728,0.23,93.78,0.22,85.0,0.24,84.96,0.25,66.53,0.71,21.0,0.7,8.34,0.72,27.22,0.73,68.0,0.01,0.01,2327.527857,1776188363000
1776188364.939,264.939,0.23,30.31,0.22,85.0,0.24,84.96,0.25,66.53,0.76,84.96,0.75,66.53,0.77,91.49,0.78,85.0,0.01,0.01,2327.527857,1776188363000
1776188365.543,265.543,0.23,27.71,0.22,85.0,0.24,89.96,0.25,72.53,0.76,84.96,0.75,66.53,0.77,30.31,0.78,85.0,0.01,0.01,2327.521762,1776188364000
1776188365.92,265.92,0.23,21.27,0.22,35.0,0.24,74.96,0.25,72.53,0.76,74.96,0.75,72.53,0.77,22.69,0.78,35.0,0.01,0.01,2327.521762,1776188364000
1776188366.229,266.229,0.22,45.0,0.21,230.0,0.23,25.65,0.24,69.96,0.76,89.96,0.75,72.53,0.78,35.0,0.79,225.0,0.01,0.02,2327.394185,1776188365000
1776188367.012,267.012,0.22,45.0,0.21,230.0,0.23,25.65,0.24,69.96,0.77,25.65,0.76,69.96,0.78,45.0,0.79,230.0,0.01,0.01,2327.34687,1776188366000
1776188368.02,268.02,0.22,45.0,0.21,230.0,0.23,25.65,0.24,69.96,0.77,25.65,0.76,69.96,0.78,45.0,0.79,230.0,0.01,0.01,2327.324388,1776188367000
1776188368.25,268.25,0.22,30.0,0.21,175.0,0.24,67.61,0.25,81.53,0.77,25.65,0.76,69.96,0.78,45.0,0.79,230.0,0.02,0.01,2327.324388,1776188367000
1776188368.518,268.518,0.22,1.15,0.21,180.0,0.23,15.0,0.24,67.61,0.76,67.61,0.75,81.53,0.78,30.0,0.79,175.0,0.01,0.02,2327.324388,1776188367000
1776188369.022,269.022,0.22,1.15,0.21,180.0,0.23,15.0,0.24,67.61,0.77,15.0,0.76,67.61,0.78,1.15,0.79,180.0,0.01,0.01,2327.2691,1776188368000
1776188370.252,270.252,0.21,155.0,0.2,260.0,0.23,120.35,0.24,42.61,0.77,15.0,0.76,67.61,0.78,1.15,0.79,180.0,0.02,0.01,2327.2691,1776188368000
1776188370.729,270.729,0.21,155.0,0.2,260.0,0.23,120.35,0.24,42.61,0.77,120.35,0.76,42.61,0.79,155.0,0.8,260.0,0.02,0.02,2327.308661,1776188369000
1776188370.937,270.937,0.23,39.0,0.22,65.0,0.24,3.96,0.25,33.53,0.76,16.96,0.75,33.53,0.77,39.0,0.78,65.0,0.01,0.01,2327.308661,1776188369000
1776188371.137,271.137,0.23,24.0,0.22,45.0,0.25,3.39,0.26,10.0,0.75,3.39,0.74,10.0,0.77,24.0,0.78,45.0,0.02,0.02,2327.308661,1776188369000
1776188371.654,271.654,0.23,33.34,0.22,55.0,0.25,15.0,0.26,10.0,0.74,10.0,0.73,27.0,0.77,24.0,0.78,45.0,0.02,0.03,2327.308661,1776188369000
1776188372.432,272.432,0.23,33.34,0.22,55.0,0.25,15.0,0.26,10.0,0.75,15.0,0.74,10.0,0.77,33.34,0.78,55.0,0.02,0.02,2327.32653,1776188371000
1776188373.129,273.129,0.23,6.87,0.22,15.0,0.24,21.0,0.25,15.0,0.75,21.0,0.74,16.0,0.76,4.93,0.77,33.34,0.01,0.01,2327.32653,1776188371000
1776188373.458,273.458,0.22,4.9,0.21,145.0,0.24,21.0,0.25,15.0,0.76,21.0,0.75,15.0,0.78,4.9,0.79,145.0,0.02,0.02,2327.528615,1776188372000
1776188374.209,274.209,0.22,4.9,0.21,145.0,0.24,21.0,0.25,15.0,0.76,21.0,0.75,15.0,0.78,4.9,0.79,145.0,0.02,0.02,2327.547565,1776188373000
1776188374.624,274.624,0.2,9.9,0.19,95.0,0.21,57.0,0.22,161.08,0.78,15.0,0.77,20.0,0.79,107.46,0.8,245.0,0.01,0.01,2327.547565,1776188373000
1776188374.89,274.89,0.2,5.15,0.18,265.0,0.21,86.0,0.22,166.08,0.79,57.0,0.78,161.08,0.8,9.9,0.81,95.0,0.01,0.01,2327.547565,1776188373000
1776188375.514,275.514,0.18,270.61,0.17,485.0,0.19,4.73,0.2,10.0,0.81,4.73,0.8,10.0,0.82,270.61,0.83,485.0,0.01,0.01,2327.527264,1776188374000
1776188376.316,276.316,0.18,270.61,0.17,485.0,0.19,4.73,0.2,10.0,0.81,4.73,0.8,10.0,0.82,270.61,0.83,485.0,0.01,0.01,2327.549652,1776188375000
1776188377.014,277.014,0.18,10.0,0.17,410.0,0.19,173.26,0.2,57.0,0.81,128.76,0.8,15.0,0.82,195.61,0.83,485.0,0.01,0.01,2327.549652,1776188375000
1776188378.439,278.439,0.18,10.0,0.17,410.0,0.19,173.26,0.2,57.0,0.81,173.26,0.8,57.0,0.82,10.0,0.83,410.0,0.01,0.01,2327.307283,1776188377000
1776188379.34,279.34,0.18,10.0,0.17,410.0,0.19,173.26,0.2,57.0,0.81,173.26,0.8,57.0,0.82,10.0,0.83,410.0,0.01,0.01,2327.284167,1776188378000
1776188380.418,280.418,0.16,10.0,0.15,370.0,0.17,165.23,0.18,44.0,0.81,173.26,0.8,57.0,0.82,10.0,0.83,410.0,0.01,0.01,2327.284167,1776188378000
1776188380.767,280.767,0.15,110.0,0.14,280.0,0.17,135.05,0.18,146.06,0.83,165.23,0.82,44.0,0.84,10.0,0.85,370.0,0.02,0.01,2327.284167,1776188378000
1776188381.375,281.375,0.14,270.0,0.13,345.0,0.16,109.0,0.17,79.05,0.83,135.05,0.82,146.06,0.85,110.0,0.86,280.0,0.02,0.02,2327.248263,1776188379000
1776188381.759,281.759,0.14,270.0,0.13,345.0,0.15,94.88,0.16,150.06,0.84,109.0,0.83,79.05,0.86,270.0,0.87,345.0,0.01,0.02,2327.248263,1776188380000
1776188382.336,282.336,0.14,270.0,0.13,345.0,0.15,94.88,0.16,150.06,0.85,94.88,0.84,150.06,0.86,270.0,0.87,345.0,0.01,0.01,2327.239495,1776188381000
1776188383.71,283.71,0.14,270.0,0.13,345.0,0.15,94.88,0.16,150.06,0.85,94.88,0.84,150.06,0.86,270.0,0.87,345.0,0.01,0.01,2327.235098,1776188382000
1776188384.204,284.204,0.12,495.64,0.11,45.0,0.14,94.0,0.15,69.88,0.85,94.88,0.84,150.06,0.86,270.0,0.87,345.0,0.02,0.01,2327.235098,1776188382000
1776188384.423,284.423,0.12,485.64,0.11,45.0,0.13,24.48,0.14,89.0,0.87,24.48,0.86,89.0,0.88,485.64,0.89,45.0,0.01,0.01,2327.215191,1776188383000
1776188385.078,285.078,0.12,485.64,0.11,45.0,0.13,24.48,0.14,89.0,0.87,24.48,0.86,89.0,0.88,485.64,0.89,45.0,0.01,0.01,2327.148043,1776188384000
1776188385.853,285.853,0.12,10.64,0.11,100.0,0.13,71.29,0.14,32.0,0.87,138.77,0.86,75.0,0.88,110.64,0.89,45.0,0.01,0.01,2327.148043,1776188384000
1776188386.318,286.318,0.11,63.54,0.1,315.0,0.14,20.0,0.15,53.52,0.85,59.52,0.84,10.0,0.88,8.54,0.89,100.0,0.03,0.03,2327.148043,1776188384000
1776188386.675,286.675,0.13,10.0,0.12,25.0,0.14,23.0,0.15,51.52,0.86,41.0,0.85,51.52,0.87,10.0,0.88,10.0,0.01,0.01,2327.233519,1776188385000
1776188386.97,286.97,0.12,0.55,0.11,8.54,0.13,14.0,0.14,51.0,0.86,23.0,0.85,51.52,0.87,10.0,0.88,25.0,0.01,0.01,2327.233519,1776188385000
1776188387.178,287.178,0.1,123.11,0.09,10.0,0.13,178.0,0.14,60.0,0.87,178.0,0.86,123.0,0.9,155.0,0.91,10.0,0.03,0.03,2327.233519,1776188385000
1776188387.439,287.439,0.1,21.35,0.09,20.0,0.11,131.0,0.12,24.0,0.89,9.0,0.87,175.0,0.9,122.47,0.91,10.0,0.01,0.01,2327.239933,1776188386000
1776188387.676,287.676,0.08,35.0,0.07,235.0,0.11,290.1,0.12,44.0,0.89,131.0,0.88,24.0,0.9,10.23,0.91,20.0,0.03,0.01,2327.239933,1776188386000
1776188388.136,288.136,0.07,60.0,0.06,240.0,0.1,128.0,0.11,219.1,0.9,194.73,0.89,224.1,0.92,29.95,0.93,235.0,0.03,0.02,2327.239933,1776188386000
1776188388.576,288.576,0.08,3.94,0.07,60.0,0.09,84.0,0.1,77.0,0.91,84.0,0.9,77.0,0.92,3.94,0.93,60.0,0.01,0.01,2327.320926,1776188387000
1776188388.809,288.809,0.08,16.83,0.07,60.0,0.09,226.35,0.1,68.0,0.91,84.0,0.9,77.0,0.92,3.94,0.93,60.0,0.01,0.01,2327.320926,1776188387000
1776188389.332,289.332,0.08,1.87,0.07,60.0,0.09,216.35,0.1,68.0,0.91,216.35,0.9,68.0,0.92,12.74,0.93,60.0,0.01,0.01,2327.320926,1776188387000
1776188389.726,289.726,0.07,20.0,0.06,40.0,0.09,262.35,0.1,78.0,0.91,216.35,0.9,68.0,0.92,1.87,0.93,60.0,0.02,0.01,2327.320926,1776188387000
1776188389.933,289.933,0.07,3.49,0.06,35.0,0.08,25.0,0.09,241.35,0.91,262.35,0.9,78.0,0.93,20.0,0.94,40.0,0.01,0.02,2327.227317,1776188388000
1776188390.232,290.232,0.05,150.0,0.04,30.0,0.06,44.96,0.08,70.0,0.92,25.0,0.91,241.35,0.93,3.49,0.94,35.0,0.01,0.01,2327.227317,1776188388000
1776188390.515,290.515,0.05,295.17,0.04,30.0,0.06,49.96,0.08,5.0,0.94,44.96,0.92,70.0,0.95,150.0,0.96,30.0,0.01,0.01,2327.227317,1776188388000
1776188390.761,290.761,0.07,15.0,0.06,90.04,0.09,43.1,0.1,25.0,0.91,43.1,0.9,25.0,0.93,15.0,0.94,90.04,0.02,0.02,2327.233369,1776188389000
1776188391.136,291.136,0.06,44.06,0.05,189.19,0.09,19.65,0.1,25.0,0.91,14.65,0.9,30.0,0.93,1.27,0.94,80.04,0.03,0.02,2327.233369,1776188389000
1776188391.403,291.403,0.07,10.0,0.06,10.0,0.09,15.0,0.1,20.0,0.91,15.0,0.9,20.0,0.93,10.0,0.94,10.0,0.02,0.02,2327.254633,1776188390000
1776188391.904,291.904,0.07,2.51,0.06,10.0,0.08,1.0,0.09,25.0,0.92,15.0,0.91,15.0,0.93,7.51,0.94,10.0,0.01,0.01,2327.254633,1776188390000
1776188392.215,292.215,0.07,1.43,0.06,10.0,0.08,52.0,0.09,54.0,0.92,1.0,0.91,25.0,0.93,2.51,0.94,10.0,0.01,0.01,2327.254633,1776188390000
1776188392.42,292.42,0.06,10.0,0.05,41.19,0.08,62.0,0.09,43.0,0.92,62.0,0.91,43.0,0.94,10.0,0.95,41.19,0.02,0.02,2327.25964,1776188391000
1776188392.716,292.716,0.04,3.95,0.03,27.14,0.06,81.19,0.07,53.0,0.94,10.0,0.93,53.0,0.96,8.95,0.97,27.14,0.02,0.02,2327.25964,1776188391000
1776188392.916,292.916,0.03,10.0,0.02,225.42,0.05,15.0,0.06,68.19,0.94,73.19,0.93,53.0,0.98,225.42,0.99,1326.0,0.02,0.04,2327.25964,1776188391000
1776188393.323,293.323,0.02,87.2,0.01,1326.0,0.05,20.0,0.06,80.19,0.95,15.0,0.94,68.19,0.97,10.0,0.98,225.42,0.03,0.02,2327.38105,1776188392000
1776188393.632,293.632,0.05,100.0,0.04,15.0,0.06,38.19,0.07,48.0,0.94,73.19,0.93,48.0,0.97,8.0,0.98,87.2,0.01,0.03,2327.38105,1776188392000
1776188393.841,293.841,0.03,7.54,0.02,87.2,0.06,53.19,0.07,70.0,0.94,38.19,0.93,48.0,0.95,100.0,0.96,15.0,0.03,0.01,2327.38105,1776188392000
1776188394.257,294.257,0.04,5.0,0.03,8.0,0.05,151.0,0.06,83.19,0.95,10.0,0.94,58.19,0.98,87.2,0.99,1326.0,0.01,0.03,2327.38105,1776188392000
1776188394.477,294.477,0.04,10.2,0.03,8.0,0.05,179.0,0.06,83.19,0.95,151.0,0.94,83.19,0.96,5.0,0.97,8.0,0.01,0.01,2327.38105,1776188392000
1776188394.952,294.952,0.02,84.7,0.01,1239.31,0.05,189.0,0.06,104.19,0.95,179.0,0.94,83.19,0.96,10.2,0.97,8.0,0.03,0.01,2327.385054,1776188393000
1776188395.297,295.297,0.03,10.0,0.02,84.7,0.04,138.64,0.06,28.19,0.95,189.0,0.94,104.19,0.98,84.7,0.99,1239.31,0.01,0.03,2327.385054,1776188393000
1776188395.509,295.509,0.05,69.89,0.04,10.0,0.09,3.68,0.1,15.0,0.94,8.19,0.91,15.49,0.95,91.89,0.96,10.0,0.04,0.01,2327.401741,1776188394000
1776188395.752,295.752,0.11,53.87,0.1,30.0,0.12,2.86,0.13,10.0,0.87,32.0,0.86,28.0,0.89,48.87,0.9,30.0,0.01,0.02,2327.401741,1776188394000
1776188396.0,296.0,0.05,10.0,0.04,10.0,0.08,14.0,0.09,15.0,0.9,14.29,0.89,60.0,0.94,27.0,0.95,10.0,0.03,0.04,2327.401741,1776188394000
1776188396.247,296.247,0.02,10.0,0.01,1202.04,0.04,10.0,0.05,15.0,0.94,15.0,0.93,233.0,0.99,1202.04,,,0.02,0.05,2327.401741,1776188394000
1776188396.472,296.472,0.01,1131.94,,,0.03,144.0,0.04,15.0,0.96,150.0,0.95,15.0,0.99,1161.94,,,0.02,0.03,2327.401741,1776188394000
1776188396.795,296.795,0.01,1096.94,,,0.03,109.0,0.04,51.0,0.97,109.0,0.96,15.0,0.99,1111.94,,,0.02,0.02,2327.45938,1776188395000
1776188397.011,297.011,0.01,1033.13,,,0.03,113.28,0.04,68.0,0.97,113.28,0.96,68.0,0.99,1040.71,,,0.02,0.02,2327.45938,1776188395000
1776188397.217,297.217,0.01,1027.06,,,0.03,106.28,0.04,68.0,0.97,106.28,0.96,68.0,0.99,1032.11,,,0.02,0.02,2327.622582,1776188396000
1776188397.429,297.429,0.01,520.94,,,0.03,132.28,0.04,68.0,0.97,132.28,0.96,68.0,0.99,830.04,,,0.02,0.02,2327.622582,1776188396000
1776188397.653,297.653,0.01,154.12,,,0.03,111.28,0.04,89.0,0.97,111.28,0.96,68.0,0.99,159.18,,,0.02,0.02,2327.622582,1776188396000
1776188397.864,297.864,0.01,97.61,,,0.03,65.28,0.04,89.0,0.97,65.28,0.96,89.0,0.99,125.9,,,0.02,0.02,2327.622582,1776188396000
1776188398.089,298.089,0.01,12.06,,,0.03,70.28,0.04,33.0,0.97,70.28,0.96,33.0,0.99,22.06,,,0.02,0.02,2327.622582,1776188396000
1776188398.522,298.522,,,,,0.01,437.4,0.02,56.0,0.97,117.28,0.96,97.0,,,,,,,2327.622582,1776188396000
1776188398.878,298.878,0.01,1938.58,,,0.03,62.63,0.04,60.0,0.98,11.0,0.97,110.28,0.99,1931.6,,,0.02,0.01,2327.745426,1776188397000
1776188399.087,299.087,0.01,333.1,,,0.04,20.0,0.05,55.0,0.97,4.0,0.96,60.0,0.99,333.1,,,0.03,0.02,2327.745426,1776188397000
1776188399.289,299.289,,,,,0.01,1463.0,0.04,20.0,0.99,1463.0,0.96,20.0,,,,,,,2327.699288,1776188398000
1776188399.703,299.703,,,,,0.01,6714.8,0.04,20.0,0.99,1463.0,0.96,20.0,,,,,,,2327.699288,1776188398000
1776188400.063,300.063,,,,,0.01,6714.8,0.04,20.0,0.99,6714.8,0.96,20.0,,,,,,,2327.703345,1776188399000
1776188400.368,300.368,,,,,0.01,40154.84,0.04,10.0,0.99,40154.84,0.96,10.0,,,,,,,2327.703345,1776188399000
1776188400.609,300.609,,,,,0.01,39988.44,0.05,31.0,0.99,39998.44,0.95,31.0,,,,,,,2327.703345,1776188399000

# RESULT,winner=Down,slug=eth-updown-5m-1776188100,ticks=633
