timestamp,elapsed_sec,up_bid_p1,up_bid_s1,up_bid_p2,up_bid_s2,up_ask_p1,up_ask_s1,up_ask_p2,up_ask_s2,down_bid_p1,down_bid_s1,down_bid_p2,down_bid_s2,down_ask_p1,down_ask_s1,down_ask_p2,down_ask_s2,up_spread,down_spread,eth_price,eth_oracle_ts
1776202811.442,11.442,0.48,5.0,0.47,40.5,0.49,10.0,0.5,21.81,0.49,35.5,0.48,82.26,0.5,20.0,0.51,20.0,0.01,0.01,2318.899825,1776201481000
1776202811.743,11.743,0.5,98.0,0.49,25.0,0.52,92.26,0.53,23.0,0.49,35.5,0.48,82.26,0.5,20.0,0.51,20.0,0.02,0.01,2318.899825,1776201481000
1776202812.092,12.092,0.5,93.0,0.49,25.0,0.53,5.97,0.54,94.0,0.48,92.26,0.47,23.0,0.5,98.0,0.51,25.0,0.03,0.02,2318.899825,1776201481000
1776202812.592,12.592,0.51,25.0,0.5,93.0,0.52,7.3,0.53,16.47,0.48,6.15,0.47,16.47,0.5,93.0,0.51,25.0,0.01,0.02,2318.899825,1776201481000
1776202812.828,12.828,0.51,20.0,0.5,98.0,0.54,90.19,0.55,33.0,0.48,7.3,0.47,16.47,0.49,25.0,0.5,93.0,0.03,0.01,2318.899825,1776201481000
1776202813.467,13.467,0.52,25.0,0.51,20.0,0.53,12.09,0.54,100.69,0.46,90.19,0.45,33.0,0.49,20.0,0.5,98.0,0.01,0.03,2318.899825,1776201481000
1776202813.915,13.915,0.52,20.0,0.51,83.0,0.55,30.5,0.56,80.0,0.46,93.84,0.45,33.0,0.48,25.0,0.49,20.0,0.03,0.02,2318.899825,1776201481000
1776202814.369,14.369,0.54,50.0,0.53,35.0,0.57,40.5,0.58,19.0,0.45,30.5,0.44,80.0,0.48,20.0,0.49,83.0,0.03,0.03,2318.899825,1776201481000
1776202814.684,14.684,0.56,10.0,0.55,25.0,0.57,83.37,0.58,19.0,0.43,40.5,0.42,19.0,0.46,50.0,0.47,35.0,0.01,0.03,2318.899825,1776201481000
1776202815.091,15.091,0.56,10.0,0.55,83.0,0.57,90.37,0.58,19.0,0.43,83.37,0.42,19.0,0.44,10.0,0.45,25.0,0.01,0.01,2318.899825,1776201481000
1776202815.487,15.487,0.56,10.0,0.55,83.0,0.57,74.87,0.58,29.5,0.43,90.37,0.42,19.0,0.44,10.0,0.45,83.0,0.01,0.01,2318.899825,1776201481000
1776202815.971,15.971,0.54,10.0,0.52,5.0,0.56,128.5,0.57,55.5,0.43,74.87,0.42,29.5,0.44,10.0,0.45,83.0,0.02,0.01,2318.899825,1776201481000
1776202816.491,16.491,0.51,10.0,0.5,93.5,0.52,17.0,0.53,28.87,0.45,38.5,0.44,126.0,0.49,15.0,0.5,30.0,0.01,0.04,2318.899825,1776201481000
1776202817.064,17.064,0.51,10.0,0.5,93.5,0.52,10.0,0.53,40.87,0.48,17.0,0.47,28.87,0.49,10.0,0.5,93.5,0.01,0.01,2318.899825,1776201481000
1776202817.284,17.284,0.52,5.0,0.51,20.0,0.53,37.32,0.54,86.0,0.47,37.32,0.46,86.0,0.49,10.0,0.5,93.5,0.01,0.02,2318.899825,1776201481000
1776202817.97,17.97,0.5,5.0,0.49,35.5,0.51,19.87,0.52,28.87,0.47,37.32,0.46,86.0,0.48,5.0,0.49,20.0,0.01,0.01,2318.899825,1776201481000
1776202818.803,18.803,0.5,10.0,0.46,20.22,0.51,138.6,0.52,53.87,0.49,27.47,0.48,28.87,0.5,15.5,0.51,38.18,0.01,0.01,2318.899825,1776201481000
1776202819.032,19.032,0.45,8.88,0.44,20.5,0.47,10.0,0.48,28.0,0.49,172.1,0.48,66.87,0.54,14.99,0.55,10.0,0.02,0.05,2318.899825,1776201481000
1776202819.26,19.26,0.44,83.5,0.43,10.0,0.45,18.66,0.46,10.0,0.55,20.0,0.54,10.0,0.56,78.5,0.57,5.0,0.01,0.01,2318.899825,1776201481000
1776202819.574,19.574,0.44,98.5,0.43,10.0,0.45,17.32,0.46,15.0,0.55,18.66,0.54,10.0,0.56,83.5,0.57,10.0,0.01,0.01,2318.899825,1776201481000
1776202819.916,19.916,0.44,93.5,0.43,10.0,0.45,7.32,0.46,15.0,0.55,17.32,0.54,15.0,0.56,98.5,0.57,10.0,0.01,0.01,2318.899825,1776201481000
1776202820.58,20.58,0.44,40.5,0.43,68.0,0.45,29.59,0.46,25.0,0.55,7.32,0.54,15.0,0.56,93.5,0.57,10.0,0.01,0.01,2318.899825,1776201481000
1776202820.864,20.864,0.44,13.0,0.42,5.0,0.45,45.59,0.46,83.0,0.55,29.59,0.54,25.0,0.56,40.5,0.57,68.0,0.01,0.01,2318.899825,1776201481000
1776202821.383,21.383,0.39,145.0,0.38,30.0,0.4,10.0,0.41,15.0,0.55,50.59,0.54,83.0,0.58,5.0,0.59,5.0,0.01,0.03,2318.899825,1776201481000
1776202822.089,22.089,0.39,88.88,0.38,20.0,0.4,15.0,0.41,15.0,0.6,10.0,0.59,15.0,0.61,145.0,0.62,30.0,0.01,0.01,2318.899825,1776201481000
1776202822.792,22.792,0.39,83.88,0.38,20.0,0.4,15.0,0.41,15.0,0.6,15.0,0.59,15.0,0.61,88.88,0.62,20.0,0.01,0.01,2318.899825,1776201481000
1776202822.992,22.992,0.39,43.88,0.38,30.0,0.41,27.0,0.42,15.0,0.6,15.0,0.59,15.0,0.61,83.88,0.62,20.0,0.02,0.01,2318.899825,1776201481000
1776202823.442,23.442,0.39,91.88,0.38,30.0,0.4,10.0,0.41,27.0,0.59,27.0,0.58,15.0,0.61,43.88,0.62,30.0,0.01,0.02,2318.899825,1776201481000
1776202824.068,24.068,0.39,5.0,0.38,10.0,0.4,6.67,0.41,73.0,0.6,10.0,0.59,27.0,0.61,91.88,0.62,30.0,0.01,0.01,2318.899825,1776201481000
1776202825.91,25.91,0.36,32.5,0.35,20.0,0.37,20.0,0.38,73.0,0.61,15.0,0.6,15.0,0.64,7.0,0.65,35.0,0.01,0.03,2318.899825,1776201481000
1776202827.469,27.469,0.36,20.37,0.35,98.0,0.37,20.0,0.38,73.0,0.63,20.0,0.62,73.0,0.64,32.5,0.65,20.0,0.01,0.01,2318.899825,1776201481000
1776202827.875,27.875,0.36,83.87,0.35,40.0,0.37,15.0,0.38,15.0,0.63,20.0,0.62,73.0,0.64,20.37,0.65,98.0,0.01,0.01,2318.899825,1776201481000
1776202828.281,28.281,0.36,8.87,0.35,103.5,0.37,15.0,0.38,20.87,0.63,15.0,0.62,15.0,0.64,83.87,0.65,40.0,0.01,0.01,2318.899825,1776201481000
1776202828.966,28.966,0.35,75.5,0.34,80.0,0.36,9.86,0.37,15.0,0.63,15.0,0.62,20.87,0.64,8.87,0.65,103.5,0.01,0.01,2318.899825,1776201481000
1776202830.276,30.276,0.35,108.5,0.34,32.0,0.36,9.86,0.37,15.0,0.64,9.86,0.63,15.0,0.65,65.5,0.66,80.0,0.01,0.01,2318.899825,1776201481000
1776202830.941,30.941,0.35,24.0,0.34,20.0,0.36,19.86,0.37,25.5,0.64,9.86,0.63,15.0,0.65,108.5,0.66,32.0,0.01,0.01,2318.899825,1776201481000
1776202831.465,31.465,0.35,7.0,0.34,25.0,0.36,58.39,0.37,96.5,0.64,11.52,0.63,25.5,0.65,2.0,0.66,20.0,0.01,0.01,2318.899825,1776201481000
1776202831.706,31.706,0.35,10.9,0.34,35.5,0.36,28.39,0.37,96.5,0.64,58.39,0.63,96.5,0.65,7.0,0.66,25.0,0.01,0.01,2318.899825,1776201481000
1776202833.305,33.305,0.35,83.9,0.34,55.5,0.36,1.52,0.37,23.0,0.64,28.39,0.63,96.5,0.65,10.9,0.66,35.5,0.01,0.01,2318.899825,1776201481000
1776202833.788,33.788,0.35,81.3,0.34,55.5,0.36,6.52,0.37,23.0,0.64,1.52,0.63,23.0,0.65,83.9,0.66,55.5,0.01,0.01,2318.899825,1776201481000
1776202834.2,34.2,0.35,33.9,0.34,108.5,0.37,12.23,0.38,23.0,0.64,6.52,0.63,23.0,0.65,76.9,0.66,55.5,0.02,0.01,2318.899825,1776201481000
1776202835.903,35.903,0.36,10.0,0.35,25.5,0.37,32.23,0.38,91.0,0.63,12.23,0.62,23.0,0.65,33.9,0.66,108.5,0.01,0.02,2318.899825,1776201481000
1776202838.915,38.915,0.35,93.5,0.34,40.5,0.37,32.86,0.38,23.0,0.63,32.23,0.62,91.0,0.64,10.0,0.65,25.5,0.02,0.01,2318.899825,1776201481000
1776202840.842,40.842,0.35,83.5,0.34,30.5,0.36,18.87,0.37,37.86,0.63,32.86,0.62,23.0,0.65,93.5,0.66,40.5,0.01,0.02,2318.899825,1776201481000
1776202842.082,42.082,0.35,5.0,0.34,88.5,0.36,20.87,0.37,95.86,0.64,18.87,0.63,37.86,0.65,83.5,0.66,30.5,0.01,0.01,2318.899825,1776201481000
1776202842.295,42.295,0.35,5.0,0.34,88.5,0.36,28.09,0.37,95.86,0.64,20.87,0.63,95.86,0.65,5.0,0.66,88.5,0.01,0.01,2318.899825,1776201481000
1776202844.177,44.177,0.34,93.5,0.33,33.5,0.36,28.09,0.37,95.86,0.64,28.09,0.63,95.86,0.65,5.0,0.66,88.5,0.02,0.01,2318.899825,1776201481000
1776202844.676,44.676,0.34,19.0,0.33,5.0,0.35,207.37,0.36,135.12,0.64,28.09,0.63,95.86,0.66,93.5,0.67,33.5,0.01,0.02,2318.899825,1776201481000
1776202845.263,45.263,0.3,47.5,0.29,63.0,0.31,106.57,0.32,34.0,0.66,20.5,0.65,207.37,0.69,10.0,0.7,32.5,0.01,0.03,2318.899825,1776201481000
1776202845.716,45.716,0.29,15.5,0.28,20.5,0.31,255.57,0.32,45.0,0.69,106.57,0.68,34.0,0.7,47.5,0.71,63.0,0.02,0.01,2318.899825,1776201481000
1776202845.926,45.926,0.29,25.5,0.28,20.5,0.3,128.2,0.31,181.0,0.69,252.34,0.68,45.0,0.71,15.5,0.72,20.5,0.01,0.02,2318.899825,1776201481000
1776202846.393,46.393,0.28,20.5,0.27,70.0,0.3,128.2,0.31,186.0,0.7,128.2,0.69,181.0,0.71,25.5,0.72,20.5,0.02,0.01,2318.899825,1776201481000
1776202846.961,46.961,0.28,26.5,0.27,70.0,0.29,115.73,0.3,62.33,0.71,110.73,0.7,62.33,0.72,25.5,0.73,70.0,0.01,0.01,2318.899825,1776201481000
1776202847.242,47.242,0.28,23.5,0.27,75.0,0.29,103.66,0.3,62.33,0.71,115.73,0.7,62.33,0.72,26.5,0.73,70.0,0.01,0.01,2318.899825,1776201481000
1776202847.8,47.8,0.28,13.48,0.27,80.0,0.29,103.66,0.3,62.33,0.71,103.66,0.7,62.33,0.72,23.5,0.73,75.0,0.01,0.01,2318.899825,1776201481000
1776202848.642,48.642,0.27,91.44,0.26,24.0,0.28,82.0,0.29,42.79,0.71,103.66,0.7,62.33,0.72,2.17,0.73,88.0,0.01,0.01,2318.899825,1776201481000
1776202848.849,48.849,0.27,63.44,0.26,24.0,0.28,82.0,0.29,42.79,0.72,82.0,0.71,42.79,0.73,73.44,0.74,24.0,0.01,0.01,2318.899825,1776201481000
1776202849.331,49.331,0.27,53.44,0.26,24.0,0.28,96.29,0.29,57.79,0.72,82.0,0.71,42.79,0.73,53.44,0.74,24.0,0.01,0.01,2318.899825,1776201481000
1776202849.828,49.828,0.27,16.5,0.26,82.0,0.28,69.87,0.29,103.0,0.72,78.41,0.71,57.79,0.73,53.44,0.74,24.0,0.01,0.01,2318.899825,1776201481000
1776202850.361,50.361,0.27,11.5,0.26,82.0,0.28,74.87,0.29,98.0,0.72,69.87,0.71,103.0,0.73,16.5,0.74,82.0,0.01,0.01,2318.899825,1776201481000
1776202850.894,50.894,0.27,5.5,0.26,24.0,0.28,104.87,0.29,103.0,0.72,69.87,0.71,98.0,0.73,11.5,0.74,82.0,0.01,0.01,2318.899825,1776201481000
1776202851.568,51.568,0.25,73.5,0.24,80.0,0.27,77.87,0.28,111.37,0.72,104.87,0.71,113.5,0.73,6.0,0.74,24.0,0.02,0.01,2318.899825,1776201481000
1776202852.59,52.59,0.25,0.5,0.24,85.0,0.26,62.0,0.27,93.87,0.73,77.87,0.72,111.37,0.75,73.5,0.76,80.0,0.01,0.02,2318.899825,1776201481000
1776202853.01,53.01,0.24,283.5,0.23,130.0,0.25,50.96,0.26,30.0,0.74,62.0,0.73,93.87,0.75,0.5,0.76,85.0,0.01,0.01,2318.899825,1776201481000
1776202853.888,53.888,0.24,273.5,0.23,130.0,0.25,50.96,0.26,30.0,0.75,50.96,0.74,30.0,0.76,283.5,0.77,130.0,0.01,0.01,2318.899825,1776201481000
1776202855.065,55.065,0.24,185.0,0.23,208.5,0.25,50.96,0.26,93.87,0.75,50.96,0.74,30.0,0.76,273.5,0.77,130.0,0.01,0.01,2318.899825,1776201481000
1776202855.342,55.342,0.24,185.0,0.23,208.5,0.25,45.96,0.26,93.87,0.75,50.96,0.74,93.87,0.76,185.0,0.77,208.5,0.01,0.01,2318.899825,1776201481000
1776202856.298,56.298,0.24,70.5,0.23,35.5,0.25,45.96,0.26,30.87,0.75,45.96,0.74,93.87,0.76,185.0,0.77,208.5,0.01,0.01,2318.899825,1776201481000
1776202856.662,56.662,0.24,50.0,0.23,93.5,0.25,50.96,0.26,35.87,0.75,45.96,0.74,30.87,0.76,70.5,0.77,35.5,0.01,0.01,2318.899825,1776201481000
1776202857.867,57.867,0.24,45.0,0.23,108.5,0.25,50.96,0.26,93.87,0.75,50.96,0.74,35.87,0.76,50.0,0.77,93.5,0.01,0.01,2318.899825,1776201481000
1776202858.342,58.342,0.24,45.0,0.23,108.5,0.25,50.4,0.26,104.87,0.75,50.96,0.74,93.87,0.76,45.0,0.77,108.5,0.01,0.01,2318.899825,1776201481000
1776202858.829,58.829,0.24,40.0,0.23,118.5,0.25,43.4,0.26,104.87,0.75,50.4,0.74,104.87,0.76,45.0,0.77,108.5,0.01,0.01,2318.899825,1776201481000
1776202859.075,59.075,0.24,35.0,0.23,118.5,0.25,43.4,0.26,104.87,0.75,43.4,0.74,104.87,0.76,40.0,0.77,118.5,0.01,0.01,2318.899825,1776201481000
1776202860.688,60.688,0.24,20.0,0.23,98.49,0.25,108.4,0.26,40.5,0.75,43.4,0.74,104.87,0.76,35.0,0.77,118.5,0.01,0.01,2318.899825,1776201481000
1776202861.288,61.288,0.24,4.69,0.23,88.49,0.25,108.4,0.26,40.5,0.75,108.4,0.74,40.5,0.76,16.8,0.77,98.49,0.01,0.01,2318.899825,1776201481000
1776202862.834,62.834,0.23,147.18,0.22,58.5,0.25,90.4,0.26,98.5,0.75,108.4,0.74,40.5,0.76,4.69,0.77,88.49,0.02,0.01,2318.899825,1776201481000
1776202863.616,63.616,0.23,39.06,0.22,50.5,0.24,55.0,0.25,150.0,0.75,90.4,0.74,98.5,0.77,147.18,0.78,58.5,0.01,0.02,2318.899825,1776201481000
1776202864.249,64.249,0.23,15.0,0.22,63.49,0.24,57.0,0.25,208.0,0.76,55.0,0.75,150.0,0.77,39.06,0.78,50.5,0.01,0.01,2318.899825,1776201481000
1776202864.909,64.909,0.23,10.0,0.22,121.49,0.24,116.47,0.25,234.67,0.76,57.0,0.75,208.0,0.77,15.0,0.78,63.49,0.01,0.01,2318.899825,1776201481000
1776202866.376,66.376,0.23,10.0,0.22,132.27,0.24,120.94,0.25,245.17,0.76,116.47,0.75,234.67,0.77,10.0,0.78,121.49,0.01,0.01,2318.899825,1776201481000
1776202868.354,68.354,0.21,118.17,0.2,129.5,0.23,67.0,0.24,98.94,0.76,130.94,0.75,245.17,0.78,132.27,0.79,36.0,0.02,0.02,2318.899825,1776201481000
1776202869.035,69.035,0.22,5.0,0.21,118.17,0.23,61.56,0.24,156.94,0.77,67.0,0.76,98.94,0.79,118.17,0.8,129.5,0.01,0.02,2318.899825,1776201481000
1776202871.464,71.464,0.19,84.07,0.18,73.0,0.2,90.0,0.21,38.0,0.77,61.56,0.76,156.94,0.78,5.0,0.79,118.17,0.01,0.01,2318.899825,1776201481000
1776202871.948,71.948,0.15,141.0,0.14,124.9,0.17,72.0,0.18,36.83,0.8,90.0,0.79,38.0,0.81,84.07,0.82,73.0,0.02,0.01,2318.899825,1776201481000
1776202872.942,72.942,0.15,101.0,0.14,64.9,0.16,70.0,0.17,52.5,0.84,10.0,0.83,37.0,0.85,141.0,0.86,124.9,0.01,0.01,2318.899825,1776201481000
1776202873.373,73.373,0.15,97.73,0.14,64.9,0.16,105.0,0.17,57.5,0.84,70.0,0.83,52.5,0.85,101.0,0.86,64.9,0.01,0.01,2318.899825,1776201481000
1776202873.897,73.897,0.15,19.73,0.14,117.9,0.16,70.75,0.17,57.5,0.84,105.0,0.83,57.5,0.85,97.73,0.86,64.9,0.01,0.01,2318.899825,1776201481000
1776202875.139,75.139,0.14,62.1,0.13,26.93,0.15,20.0,0.16,39.25,0.84,70.75,0.83,57.5,0.85,19.73,0.86,117.9,0.01,0.01,2318.899825,1776201481000
1776202875.467,75.467,0.14,52.1,0.13,15.0,0.15,50.0,0.16,39.25,0.85,20.0,0.84,39.25,0.86,62.1,0.87,26.93,0.01,0.01,2318.899825,1776201481000
1776202876.667,76.667,0.13,90.76,0.12,79.69,0.14,30.0,0.15,45.16,0.85,59.0,0.84,39.25,0.86,50.82,0.87,20.0,0.01,0.01,2318.899825,1776201481000
1776202880.676,80.676,0.13,12.76,0.12,83.09,0.14,30.0,0.15,113.66,0.86,30.0,0.85,45.16,0.87,90.76,0.88,79.69,0.01,0.01,2318.899825,1776201481000
1776202881.346,81.346,0.11,68.0,0.1,188.57,0.12,8.91,0.13,105.5,0.86,30.0,0.85,113.66,0.87,12.76,0.88,83.09,0.01,0.01,2318.899825,1776201481000
1776202881.618,81.618,0.11,51.18,0.1,188.57,0.12,78.91,0.13,48.5,0.88,8.91,0.87,105.5,0.89,68.0,0.9,188.57,0.01,0.01,2318.899825,1776201481000
1776202883.009,83.009,0.11,8.05,0.1,224.07,0.12,84.24,0.13,128.49,0.88,77.24,0.87,48.5,0.89,51.18,0.9,188.57,0.01,0.01,2318.899825,1776201481000
1776202883.481,83.481,0.1,93.86,0.09,169.0,0.11,70.0,0.12,35.24,0.88,84.24,0.87,128.49,0.89,6.92,0.9,224.07,0.01,0.01,2318.899825,1776201481000
1776202883.683,83.683,0.1,83.13,0.09,182.0,0.11,80.0,0.12,46.24,0.89,80.0,0.88,46.24,0.9,86.23,0.91,182.0,0.01,0.01,2318.899825,1776201481000
1776202884.545,84.545,0.1,73.13,0.09,171.0,0.11,80.0,0.12,46.24,0.89,80.0,0.88,46.24,0.9,83.13,0.91,182.0,0.01,0.01,2318.899825,1776201481000
1776202884.873,84.873,0.08,126.07,0.07,131.3,0.09,21.0,0.1,123.5,0.89,80.0,0.88,46.24,0.9,73.13,0.91,171.0,0.01,0.01,2318.899825,1776201481000
1776202885.585,85.585,0.08,138.69,0.07,119.3,0.09,34.45,0.1,43.5,0.91,21.0,0.9,123.5,0.92,101.07,0.93,131.3,0.01,0.01,2318.899825,1776201481000
1776202886.173,86.173,0.1,175.57,0.09,73.93,0.11,17.75,0.13,10.0,0.91,34.45,0.9,43.5,0.92,121.51,0.93,119.3,0.01,0.01,2318.899825,1776201481000
1776202886.602,86.602,0.13,95.5,0.12,48.07,0.14,38.0,0.15,35.5,0.86,33.0,0.85,32.5,0.87,12.0,0.88,24.0,0.01,0.01,2318.899825,1776201481000
1776202886.875,86.875,0.13,85.15,0.12,46.07,0.14,24.0,0.15,30.5,0.86,38.0,0.85,35.5,0.87,95.5,0.88,48.07,0.01,0.01,2318.899825,1776201481000
1776202887.524,87.524,0.13,205.5,0.12,61.5,0.14,8.62,0.15,10.0,0.86,24.0,0.85,30.5,0.87,85.15,0.88,46.07,0.01,0.01,2318.899825,1776201481000
1776202887.829,87.829,0.13,226.57,0.12,89.43,0.19,73.0,0.2,15.0,0.86,1.4,0.85,10.0,0.87,205.5,0.88,61.5,0.06,0.01,2318.899825,1776201481000
1776202888.068,88.068,0.16,110.64,0.15,210.07,0.17,10.0,0.18,10.0,0.81,73.0,0.8,15.0,0.87,226.57,0.88,89.43,0.01,0.06,2318.899825,1776201481000
1776202888.312,88.312,0.16,161.64,0.15,93.5,0.17,55.35,0.18,15.0,0.83,10.0,0.82,10.0,0.84,110.64,0.85,210.07,0.01,0.01,2318.899825,1776201481000
1776202888.725,88.725,0.16,140.52,0.15,98.5,0.17,374.71,0.18,137.94,0.83,55.35,0.82,15.0,0.84,161.64,0.85,93.5,0.01,0.01,2318.899825,1776201481000
1776202889.654,89.654,0.16,133.69,0.15,88.0,0.17,24.0,0.18,88.5,0.83,374.71,0.82,137.94,0.84,140.52,0.85,98.5,0.01,0.01,2318.899825,1776201481000
1776202893.025,93.025,0.16,104.62,0.15,66.0,0.17,24.71,0.18,88.5,0.83,21.84,0.82,88.5,0.84,133.69,0.85,88.0,0.01,0.01,2318.899825,1776201481000
1776202894.847,94.847,0.16,109.62,0.15,124.5,0.17,14.21,0.18,83.0,0.83,24.71,0.82,88.5,0.84,104.62,0.85,66.0,0.01,0.01,2318.899825,1776201481000
1776202895.492,95.492,0.16,109.62,0.15,172.7,0.17,20.1,0.18,78.0,0.83,14.21,0.82,83.0,0.84,109.62,0.85,124.5,0.01,0.01,2318.899825,1776201481000
1776202896.434,96.434,0.16,157.24,0.15,131.7,0.17,10.1,0.18,15.0,0.83,20.1,0.82,78.0,0.84,109.62,0.85,172.7,0.01,0.01,2318.899825,1776201481000
1776202898.684,98.684,0.16,379.97,0.15,205.63,0.19,9.0,0.2,11.0,0.83,10.1,0.82,15.0,0.84,157.24,0.85,131.7,0.03,0.01,2318.899825,1776201481000
1776202900.463,100.463,0.2,118.0,0.19,141.0,0.21,10.0,0.22,97.5,0.79,9.15,0.78,26.0,0.81,10.0,0.82,27.07,0.01,0.02,2318.899825,1776201481000
1776202903.15,103.15,0.2,118.0,0.19,199.0,0.22,99.5,0.23,52.49,0.79,10.0,0.78,97.5,0.8,118.0,0.81,141.0,0.02,0.01,2318.899825,1776201481000
1776202903.75,103.75,0.21,10.0,0.2,59.25,0.22,66.88,0.23,47.99,0.78,99.5,0.77,57.49,0.8,49.25,0.81,199.0,0.01,0.02,2318.899825,1776201481000
1776202903.991,103.991,0.23,22.0,0.22,28.0,0.24,73.56,0.25,125.0,0.78,66.88,0.77,47.99,0.79,10.0,0.8,59.25,0.01,0.01,2318.899825,1776201481000
1776202906.256,106.256,0.23,234.37,0.22,179.5,0.24,82.56,0.25,130.0,0.76,73.56,0.75,125.0,0.77,22.0,0.78,28.0,0.01,0.01,2318.899825,1776201481000
1776202907.433,107.433,0.23,159.3,0.22,193.5,0.24,67.95,0.25,188.0,0.76,82.56,0.75,130.0,0.77,234.37,0.78,179.5,0.01,0.01,2318.899825,1776201481000
1776202909.314,109.314,0.23,498.73,0.22,123.5,0.24,52.95,0.25,120.0,0.76,67.95,0.75,188.0,0.77,159.3,0.78,193.5,0.01,0.01,2318.899825,1776201481000
1776202909.73,109.73,0.24,190.0,0.23,432.8,0.25,24.0,0.27,68.5,0.75,34.0,0.73,68.5,0.76,120.0,0.77,444.8,0.01,0.01,2318.899825,1776201481000
1776202910.052,110.052,0.24,209.7,0.23,432.8,0.25,14.0,0.27,68.5,0.75,24.0,0.73,68.5,0.76,190.0,0.77,432.8,0.01,0.01,2318.899825,1776201481000
1776202910.356,110.356,0.24,209.7,0.23,432.8,0.25,4.0,0.27,68.5,0.75,14.0,0.73,68.5,0.76,209.7,0.77,432.8,0.01,0.01,2318.899825,1776201481000
1776202910.741,110.741,0.24,360.22,0.23,252.8,0.25,2.9,0.27,68.5,0.75,4.0,0.73,68.5,0.76,170.22,0.77,432.8,0.01,0.01,2318.899825,1776201481000
1776202912.423,112.423,0.27,91.0,0.26,312.7,0.28,10.5,0.29,25.0,0.73,58.0,0.72,15.5,0.76,395.72,0.77,252.8,0.01,0.03,2318.899825,1776201481000
1776202912.849,112.849,0.27,84.15,0.26,312.7,0.28,5.5,0.29,25.0,0.72,10.5,0.71,25.0,0.73,91.0,0.74,312.7,0.01,0.01,2318.899825,1776201481000
1776202913.202,113.202,0.28,478.5,0.27,174.88,0.3,0.51,0.31,5.0,0.72,5.5,0.71,25.0,0.73,84.15,0.74,312.7,0.02,0.01,2318.899825,1776201481000
1776202913.586,113.586,0.31,62.01,0.3,15.0,0.32,6.01,0.33,5.0,0.68,6.01,0.67,5.0,0.71,297.38,0.72,134.43,0.01,0.03,2318.899825,1776201481000
1776202916.076,116.076,0.33,246.0,0.32,72.5,0.34,15.5,0.35,5.0,0.68,6.01,0.67,5.0,0.69,62.01,0.7,15.0,0.01,0.01,2318.899825,1776201481000
1776202916.44,116.44,0.33,241.0,0.32,72.5,0.34,10.5,0.35,5.0,0.66,15.5,0.65,5.0,0.67,246.0,0.68,72.5,0.01,0.01,2318.899825,1776201481000
1776202917.677,117.677,0.31,14.8,0.3,17.1,0.32,37.5,0.33,76.66,0.66,10.5,0.65,5.0,0.67,241.0,0.68,72.5,0.01,0.01,2318.899825,1776201481000
1776202918.807,118.807,0.29,17.5,0.28,22.89,0.3,121.95,0.31,48.66,0.68,42.5,0.67,76.66,0.7,17.1,0.71,22.5,0.01,0.02,2318.899825,1776201481000
1776202919.194,119.194,0.27,1.02,0.25,24.2,0.3,192.95,0.31,48.66,0.7,121.95,0.69,48.66,0.71,17.5,0.72,22.89,0.03,0.01,2318.899825,1776201481000
1776202919.425,119.425,0.25,44.94,0.24,50.2,0.26,57.0,0.27,49.5,0.74,55.0,0.73,49.5,0.75,42.14,0.76,50.2,0.01,0.01,2318.899825,1776201481000
1776202919.767,119.767,0.25,44.94,0.24,39.7,0.26,32.69,0.27,49.5,0.74,49.69,0.73,49.5,0.75,44.94,0.76,50.2,0.01,0.01,2318.899825,1776201481000
1776202920.495,120.495,0.25,33.66,0.24,29.7,0.26,55.19,0.27,35.5,0.74,32.69,0.73,49.5,0.75,44.94,0.76,39.7,0.01,0.01,2318.899825,1776201481000
1776202920.74,120.74,0.25,35.42,0.24,40.2,0.26,37.69,0.27,35.5,0.74,55.19,0.73,35.5,0.75,33.66,0.76,29.7,0.01,0.01,2318.899825,1776201481000
1776202922.306,122.306,0.25,25.42,0.24,22.0,0.26,246.19,0.27,35.5,0.74,37.69,0.73,35.5,0.75,35.42,0.76,40.2,0.01,0.01,2318.899825,1776201481000
1776202923.43,123.43,0.24,23.52,0.23,102.5,0.25,35.0,0.26,297.19,0.74,246.19,0.73,35.5,0.75,25.42,0.76,22.0,0.01,0.01,2318.899825,1776201481000
1776202923.874,123.874,0.24,0.52,0.23,93.0,0.25,243.5,0.26,117.19,0.75,35.0,0.74,297.19,0.76,23.52,0.77,102.5,0.01,0.01,2318.899825,1776201481000
1776202925.953,125.953,0.23,14.97,0.22,122.5,0.24,56.0,0.25,221.0,0.75,243.5,0.74,117.19,0.76,0.52,0.77,93.0,0.01,0.01,2318.899825,1776201481000
1776202926.303,126.303,0.23,20.47,0.22,122.5,0.24,51.0,0.25,221.0,0.76,56.0,0.75,221.0,0.77,14.97,0.78,122.5,0.01,0.01,2318.899825,1776201481000
1776202927.486,127.486,0.23,32.77,0.22,123.5,0.24,51.0,0.25,221.0,0.76,56.0,0.75,221.0,0.77,12.47,0.78,122.5,0.01,0.01,2318.899825,1776201481000
1776202929.008,129.008,0.2,17.16,0.19,70.07,0.22,73.5,0.23,35.5,0.76,51.0,0.75,221.0,0.77,32.77,0.78,123.5,0.02,0.01,2318.899825,1776201481000
1776202930.743,130.743,0.19,87.47,0.18,205.5,0.2,8.8,0.21,35.0,0.79,26.32,0.78,82.5,0.81,62.23,0.82,229.9,0.01,0.02,2318.899825,1776201481000
1776202933.81,133.81,0.16,4.93,0.15,24.93,0.17,89.5,0.18,47.5,0.8,8.8,0.79,35.0,0.81,87.47,0.82,205.5,0.01,0.01,2318.899825,1776201481000
1776202934.094,134.094,0.15,17.57,0.14,36.0,0.16,66.5,0.17,68.5,0.84,66.5,0.83,68.5,0.85,22.57,0.86,5.0,0.01,0.01,2318.899825,1776201481000
1776202934.695,134.695,0.15,17.57,0.14,36.0,0.16,66.5,0.17,58.5,0.84,66.5,0.83,68.5,0.85,17.57,0.86,36.0,0.01,0.01,2318.899825,1776201481000
1776202935.434,135.434,0.08,48.9,0.07,125.3,0.11,20.5,0.12,61.5,0.84,66.5,0.83,58.5,0.85,17.57,0.86,36.0,0.03,0.01,2318.899825,1776201481000
1776202935.756,135.756,0.08,45.06,0.07,125.3,0.09,370.28,0.1,166.5,0.91,35.5,0.9,51.5,0.92,45.06,0.93,125.3,0.01,0.01,2318.899825,1776201481000
1776202936.007,136.007,0.07,77.0,0.06,10.0,0.08,183.5,0.09,376.28,0.91,370.28,0.9,182.5,0.92,32.67,0.93,70.0,0.01,0.01,2318.899825,1776201481000
1776202936.459,136.459,0.06,168.94,0.05,200.8,0.07,33.21,0.08,41.5,0.92,160.5,0.91,349.28,0.94,10.0,0.95,100.8,0.01,0.02,2318.899825,1776201481000
1776202936.67,136.67,0.06,149.47,0.05,225.8,0.07,28.21,0.08,41.5,0.93,28.21,0.92,41.5,0.94,168.94,0.95,225.8,0.01,0.01,2318.899825,1776201481000
1776202937.616,137.616,0.06,159.47,0.05,237.73,0.07,22.21,0.08,41.5,0.93,28.21,0.92,41.5,0.94,149.47,0.95,225.8,0.01,0.01,2318.899825,1776201481000
1776202937.879,137.879,0.06,159.47,0.05,161.93,0.07,21.1,0.08,41.5,0.93,22.21,0.92,41.5,0.94,159.47,0.95,237.73,0.01,0.01,2318.899825,1776201481000
1776202938.095,138.095,0.06,149.47,0.05,176.93,0.07,20.5,0.08,41.5,0.93,21.1,0.92,41.5,0.94,159.47,0.95,161.93,0.01,0.01,2318.899825,1776201481000
1776202938.532,138.532,0.06,146.47,0.05,176.93,0.07,20.5,0.08,41.5,0.93,20.5,0.92,41.5,0.94,149.47,0.95,176.93,0.01,0.01,2318.899825,1776201481000
1776202938.882,138.882,0.06,41.83,0.05,76.93,0.07,18.79,0.08,41.5,0.93,20.5,0.92,41.5,0.94,124.14,0.95,176.93,0.01,0.01,2318.899825,1776201481000
1776202939.163,139.163,0.06,41.83,0.05,76.93,0.07,8.04,0.08,41.5,0.93,18.79,0.92,41.5,0.94,41.83,0.95,76.93,0.01,0.01,2318.899825,1776201481000
1776202940.524,140.524,0.05,91.93,0.04,296.3,0.07,293.28,0.08,41.5,0.92,41.5,0.91,235.11,0.94,41.83,0.95,76.93,0.02,0.02,2318.899825,1776201481000
1776202942.373,142.373,0.04,134.43,0.03,604.26,0.07,374.28,0.08,79.66,0.93,293.28,0.92,41.5,0.95,91.93,0.96,296.3,0.03,0.02,2318.899825,1776201481000
1776202942.794,142.794,0.04,159.68,0.03,604.26,0.05,40.27,0.06,56.5,0.93,374.28,0.92,79.66,0.96,134.43,0.97,604.26,0.01,0.03,2318.899825,1776201481000
1776202943.939,143.939,0.04,145.75,0.03,604.26,0.05,44.27,0.06,40.5,0.95,40.27,0.94,56.5,0.96,159.68,0.97,604.26,0.01,0.01,2318.899825,1776201481000
1776202945.641,145.641,0.04,122.88,0.03,604.26,0.05,54.47,0.06,220.5,0.95,44.27,0.94,40.5,0.96,135.38,0.97,604.26,0.01,0.01,2318.899825,1776201481000
1776202945.892,145.892,0.04,122.88,0.03,604.26,0.06,200.83,0.07,151.08,0.95,54.47,0.94,220.5,0.96,122.88,0.97,604.26,0.02,0.01,2318.899825,1776201481000
1776202946.703,146.703,0.04,96.88,0.03,604.26,0.05,5.0,0.06,231.83,0.94,200.83,0.93,151.08,0.96,122.88,0.97,604.26,0.01,0.02,2318.899825,1776201481000
1776202947.201,147.201,0.04,79.63,0.03,604.26,0.06,283.83,0.07,173.08,0.95,5.0,0.94,231.83,0.96,96.88,0.97,604.26,0.02,0.01,2318.899825,1776201481000
1776202947.602,147.602,0.04,73.51,0.03,604.26,0.06,283.83,0.07,183.08,0.94,283.83,0.93,173.08,0.96,79.63,0.97,604.26,0.02,0.02,2318.899825,1776201481000
1776202948.584,148.584,0.04,21.42,0.03,604.26,0.06,241.83,0.07,204.08,0.94,283.83,0.93,183.08,0.96,73.51,0.97,604.26,0.02,0.02,2318.899825,1776201481000
1776202949.521,149.521,0.04,10.0,0.03,598.07,0.05,12.94,0.06,236.83,0.94,241.83,0.93,204.08,0.96,21.42,0.97,604.26,0.01,0.02,2318.899825,1776201481000
1776202950.171,150.171,0.04,10.0,0.03,598.07,0.05,10.0,0.06,271.02,0.95,12.94,0.94,236.83,0.96,10.0,0.97,598.07,0.01,0.01,2318.899825,1776201481000
1776202950.641,150.641,0.04,1.75,0.03,598.07,0.05,5.0,0.06,271.02,0.95,10.0,0.94,271.02,0.96,10.0,0.97,598.07,0.01,0.01,2318.899825,1776201481000
1776202951.077,151.077,0.04,0.7,0.03,598.07,0.05,20.0,0.06,279.82,0.95,5.0,0.94,271.02,0.96,1.75,0.97,598.07,0.01,0.01,2318.899825,1776201481000
1776202951.623,151.623,0.03,545.58,0.02,1698.7,0.05,20.0,0.06,291.82,0.95,20.0,0.94,279.82,0.96,0.7,0.97,598.07,0.02,0.01,2318.899825,1776201481000
1776202952.023,152.023,0.03,606.7,0.02,1698.7,0.04,130.0,0.05,10.0,0.95,15.0,0.94,291.82,0.97,542.51,0.98,1698.7,0.01,0.02,2318.899825,1776201481000
1776202952.421,152.421,0.03,477.89,0.02,1698.7,0.04,148.0,0.05,10.0,0.96,130.0,0.95,10.0,0.97,606.7,0.98,1698.7,0.01,0.01,2318.899825,1776201481000
1776202952.738,152.738,0.03,707.89,0.02,1524.7,0.04,117.0,0.05,10.0,0.96,148.0,0.95,10.0,0.97,477.89,0.98,1698.7,0.01,0.01,2318.899825,1776201481000
1776202953.079,153.079,0.03,691.39,0.02,1524.7,0.04,28.0,0.05,10.0,0.96,25.0,0.95,10.0,0.97,702.89,0.98,1524.7,0.01,0.01,2318.899825,1776201481000
1776202953.654,153.654,0.03,808.09,0.02,1529.7,0.04,80.31,0.05,15.0,0.96,3.0,0.95,10.0,0.97,691.39,0.98,1529.7,0.01,0.01,2318.899825,1776201481000
1776202959.097,159.097,0.03,322.27,0.02,1704.7,0.04,132.31,0.05,73.0,0.96,80.31,0.95,15.0,0.97,808.09,0.98,1529.7,0.01,0.01,2318.899825,1776201481000
1776202961.176,161.176,0.03,276.99,0.02,1104.7,0.04,119.11,0.05,110.99,0.96,136.11,0.95,73.0,0.97,327.27,0.98,1704.7,0.01,0.01,2318.899825,1776201481000
1776202962.829,162.829,0.03,272.73,0.02,1104.7,0.04,124.11,0.05,302.99,0.96,119.11,0.95,110.99,0.97,276.99,0.98,1104.7,0.01,0.01,2318.899825,1776201481000
1776202965.7,165.7,0.03,234.57,0.02,1504.89,0.04,84.11,0.05,309.99,0.96,124.11,0.95,302.99,0.97,272.73,0.98,1104.7,0.01,0.01,2318.899825,1776201481000
1776202967.212,167.212,0.03,508.27,0.02,991.7,0.04,31.11,0.05,5.0,0.96,84.11,0.95,309.99,0.97,234.57,0.98,1504.89,0.01,0.01,2318.899825,1776201481000
1776202968.206,168.206,0.03,550.57,0.02,1386.7,0.04,3.61,0.05,5.0,0.96,31.11,0.95,5.0,0.97,508.27,0.98,991.7,0.01,0.01,2318.899825,1776201481000
1776202968.828,168.828,0.04,299.0,0.03,567.27,0.06,63.0,0.07,129.08,0.96,3.61,0.95,5.0,0.97,550.57,0.98,1386.7,0.02,0.01,2318.899825,1776201481000
1776202969.068,169.068,0.04,289.26,0.03,396.27,0.06,63.0,0.07,129.08,0.94,63.0,0.93,129.08,0.96,299.0,0.97,567.27,0.02,0.02,2318.899825,1776201481000
1776202969.647,169.647,0.04,261.16,0.03,550.46,0.05,5.0,0.06,88.0,0.94,63.0,0.93,129.08,0.96,289.26,0.97,396.27,0.01,0.02,2318.899825,1776201481000
1776202970.478,170.478,0.04,271.16,0.03,486.27,0.05,5.0,0.06,78.0,0.95,5.0,0.94,88.0,0.96,261.16,0.97,550.46,0.01,0.01,2318.899825,1776201481000
1776202980.234,180.234,0.04,131.43,0.03,509.46,0.05,15.0,0.06,83.0,0.95,5.0,0.94,78.0,0.96,271.16,0.97,486.27,0.01,0.01,2318.899825,1776201481000
1776202981.101,181.101,0.04,125.38,0.03,655.46,0.05,10.0,0.06,83.0,0.95,15.0,0.94,83.0,0.96,131.43,0.97,509.46,0.01,0.01,2318.899825,1776201481000
1776202984.202,184.202,0.04,660.18,0.03,553.27,0.05,33.12,0.06,15.0,0.95,10.0,0.94,83.0,0.96,125.38,0.97,655.46,0.01,0.01,2318.899825,1776201481000
1776202984.664,184.664,0.07,29.43,0.06,134.0,0.08,15.0,0.09,78.0,0.93,8.57,0.92,10.0,0.95,105.0,0.96,404.18,0.01,0.02,2318.899825,1776201481000
1776202985.068,185.068,0.07,375.49,0.06,209.0,0.08,10.0,0.09,73.0,0.92,15.0,0.91,78.0,0.93,29.43,0.94,134.0,0.01,0.01,2318.899825,1776201481000
1776202986.298,186.298,0.09,61.7,0.08,40.0,0.1,25.0,0.11,19.0,0.89,14.0,0.88,210.5,0.92,67.77,0.93,316.41,0.01,0.03,2318.899825,1776201481000
1776202987.729,187.729,0.09,60.6,0.08,237.0,0.1,30.0,0.11,77.0,0.9,25.0,0.89,19.0,0.91,61.7,0.92,40.0,0.01,0.01,2318.899825,1776201481000
1776202988.126,188.126,0.09,52.7,0.08,226.0,0.1,30.0,0.11,77.0,0.9,30.0,0.89,77.0,0.91,60.6,0.92,237.0,0.01,0.01,2318.899825,1776201481000
1776202988.335,188.335,0.09,56.5,0.08,226.0,0.1,30.0,0.11,82.0,0.9,30.0,0.89,77.0,0.91,52.7,0.92,226.0,0.01,0.01,2318.899825,1776201481000
1776202990.818,190.818,0.1,301.5,0.09,57.0,0.12,10.0,0.13,10.0,0.9,30.0,0.89,82.0,0.91,56.5,0.92,226.0,0.02,0.01,2318.899825,1776201481000
1776202991.257,191.257,0.11,139.5,0.1,363.5,0.13,10.0,0.14,10.0,0.88,10.0,0.87,10.0,0.89,103.5,0.9,343.5,0.02,0.01,2318.899825,1776201481000
1776202992.085,192.085,0.12,136.81,0.11,245.5,0.13,19.0,0.14,15.0,0.87,10.0,0.86,10.0,0.89,139.5,0.9,363.5,0.01,0.02,2318.899825,1776201481000
1776202993.26,193.26,0.12,296.31,0.11,146.5,0.13,10.53,0.14,73.0,0.87,19.0,0.86,15.0,0.88,136.81,0.89,245.5,0.01,0.01,2318.899825,1776201481000
1776202993.827,193.827,0.12,322.81,0.11,156.5,0.14,72.0,0.15,20.0,0.87,10.53,0.86,73.0,0.88,296.31,0.89,146.5,0.02,0.01,2318.899825,1776201481000
1776202994.286,194.286,0.13,353.0,0.12,136.81,0.14,9.0,0.15,5.0,0.86,72.0,0.85,20.0,0.88,322.81,0.89,156.5,0.01,0.02,2318.899825,1776201481000
1776202994.514,194.514,0.13,368.0,0.12,136.81,0.15,5.0,0.16,10.0,0.86,1.5,0.85,5.0,0.87,358.0,0.88,136.81,0.02,0.01,2318.899825,1776201481000
1776202994.806,194.806,0.15,15.0,0.14,165.5,0.16,10.0,0.17,10.0,0.85,5.0,0.84,10.0,0.87,368.0,0.88,136.81,0.01,0.02,2318.899825,1776201481000
1776202995.543,195.543,0.16,41.0,0.15,155.5,0.19,10.0,0.2,8.8,0.84,10.0,0.83,10.0,0.85,15.0,0.86,165.5,0.03,0.01,2318.899825,1776201481000
1776202996.559,196.559,0.21,208.5,0.19,80.0,0.22,34.9,0.23,10.0,0.77,31.19,0.76,16.5,0.79,60.0,0.84,41.0,0.01,0.02,2318.899825,1776201481000
1776202996.793,196.793,0.21,138.04,0.19,80.0,0.22,23.62,0.23,10.0,0.78,39.9,0.77,10.0,0.79,143.04,0.81,80.0,0.01,0.01,2318.899825,1776201481000
1776202998.289,198.289,0.21,65.0,0.19,10.0,0.22,256.06,0.23,28.0,0.78,13.47,0.77,10.0,0.79,138.04,0.81,80.0,0.01,0.01,2318.899825,1776201481000
1776202998.79,198.79,0.15,20.5,0.14,80.5,0.2,71.5,0.21,68.69,0.78,241.19,0.77,28.0,0.81,10.0,0.83,10.0,0.05,0.03,2318.899825,1776201481000
1776202999.051,199.051,0.15,50.5,0.14,85.5,0.16,50.0,0.17,68.0,0.8,71.5,0.79,68.69,0.85,20.5,0.86,80.5,0.01,0.05,2318.899825,1776201481000
1776202999.704,199.704,0.14,80.5,0.13,268.0,0.16,45.0,0.17,80.25,0.83,36.75,0.82,10.0,0.85,60.5,0.86,85.5,0.02,0.02,2318.899825,1776201481000
1776203000.704,200.704,0.14,104.22,0.13,268.0,0.15,55.0,0.16,20.0,0.84,45.0,0.83,80.25,0.86,80.5,0.87,268.0,0.01,0.02,2318.899825,1776201481000
1776203001.287,201.287,0.14,117.0,0.13,278.5,0.15,49.82,0.16,78.0,0.85,55.0,0.84,20.0,0.86,104.22,0.87,268.0,0.01,0.01,2318.899825,1776201481000
1776203003.026,203.026,0.14,105.83,0.13,288.5,0.15,81.82,0.16,88.5,0.85,49.82,0.84,78.0,0.86,117.0,0.87,278.5,0.01,0.01,2318.899825,1776201481000
1776203003.512,203.512,0.14,107.27,0.13,288.5,0.15,54.82,0.16,88.5,0.85,81.82,0.84,88.5,0.86,104.66,0.87,288.5,0.01,0.01,2318.899825,1776201481000
1776203003.875,203.875,0.14,88.94,0.13,288.5,0.15,54.82,0.16,88.5,0.85,54.82,0.84,88.5,0.86,98.94,0.87,288.5,0.01,0.01,2318.899825,1776201481000
1776203004.709,204.709,0.14,80.94,0.13,300.5,0.15,54.82,0.16,88.5,0.85,54.82,0.84,88.5,0.86,88.94,0.87,288.5,0.01,0.01,2318.899825,1776201481000
1776203005.098,205.098,0.14,80.94,0.13,300.5,0.15,67.62,0.16,83.5,0.85,54.82,0.84,88.5,0.86,80.94,0.87,300.5,0.01,0.01,2318.899825,1776201481000
1776203009.447,209.447,0.14,57.77,0.13,301.5,0.15,53.62,0.16,83.5,0.85,67.62,0.84,83.5,0.86,80.94,0.87,300.5,0.01,0.01,2318.899825,1776201481000
1776203010.207,210.207,0.14,52.77,0.13,106.0,0.15,96.12,0.16,25.5,0.85,53.62,0.84,83.5,0.86,57.77,0.87,301.5,0.01,0.01,2318.899825,1776201481000
1776203011.086,211.086,0.14,46.58,0.13,106.0,0.15,91.12,0.16,25.5,0.85,96.12,0.84,25.5,0.86,52.77,0.87,106.0,0.01,0.01,2318.899825,1776201481000
1776203012.062,212.062,0.14,36.58,0.13,94.0,0.15,101.12,0.16,205.5,0.85,91.12,0.84,25.5,0.86,46.58,0.87,106.0,0.01,0.01,2318.899825,1776201481000
1776203016.816,216.816,0.14,31.58,0.13,83.0,0.15,346.12,0.16,35.5,0.85,101.12,0.84,205.5,0.86,36.58,0.87,94.0,0.01,0.01,2318.899825,1776201481000
1776203018.08,218.08,0.14,11.58,0.13,83.0,0.15,341.12,0.16,35.5,0.85,346.12,0.84,35.5,0.86,31.58,0.87,83.0,0.01,0.01,2318.899825,1776201481000
1776203018.423,218.423,0.14,1.58,0.13,83.0,0.15,346.12,0.16,35.5,0.85,341.12,0.84,35.5,0.86,11.58,0.87,83.0,0.01,0.01,2318.899825,1776201481000
1776203020.769,220.769,0.13,71.95,0.12,82.0,0.15,286.12,0.16,82.49,0.85,346.12,0.84,35.5,0.86,1.58,0.87,83.0,0.02,0.01,2318.899825,1776201481000
1776203021.654,221.654,0.13,71.72,0.12,83.0,0.14,40.5,0.15,281.12,0.85,286.12,0.84,82.49,0.87,71.95,0.88,82.0,0.01,0.02,2318.899825,1776201481000
1776203025.059,225.059,0.13,70.57,0.12,5.0,0.14,65.5,0.15,313.11,0.86,40.5,0.85,281.12,0.87,71.72,0.88,83.0,0.01,0.01,2318.899825,1776201481000
1776203027.896,227.896,0.11,55.95,0.1,68.5,0.12,252.99,0.13,76.5,0.86,65.5,0.85,313.11,0.87,70.57,0.88,5.0,0.01,0.01,2318.899825,1776201481000
1776203029.031,229.031,0.08,5.0,0.07,105.0,0.09,30.5,0.1,111.49,0.89,20.0,0.88,172.99,0.9,58.5,0.91,15.0,0.01,0.01,2318.899825,1776201481000
1776203029.261,229.261,0.07,38.31,0.06,89.0,0.09,51.5,0.1,339.49,0.91,30.5,0.9,111.49,0.92,5.0,0.93,105.0,0.02,0.01,2318.899825,1776201481000
1776203030.118,230.118,0.07,0.93,0.06,73.0,0.08,68.0,0.09,327.49,0.91,51.5,0.9,339.49,0.93,38.31,0.94,89.0,0.01,0.02,2318.899825,1776201481000
1776203031.073,231.073,0.05,10.0,0.04,70.38,0.07,102.69,0.08,341.5,0.92,68.0,0.91,327.49,0.93,0.93,0.94,73.0,0.02,0.01,2318.899825,1776201481000
1776203031.312,231.312,0.04,5.38,0.03,164.7,0.07,233.5,0.08,436.5,0.93,102.69,0.92,341.5,0.95,10.0,0.96,70.38,0.03,0.02,2318.899825,1776201481000
1776203031.572,231.572,0.05,22.85,0.04,15.38,0.06,15.0,0.07,158.5,0.93,233.5,0.92,436.5,0.96,5.38,0.97,164.7,0.01,0.03,2318.899825,1776201481000
1776203031.855,231.855,0.05,10.12,0.04,15.38,0.06,25.0,0.07,158.5,0.94,15.0,0.93,158.5,0.95,22.85,0.96,15.38,0.01,0.01,2318.899825,1776201481000
1776203033.703,233.703,0.03,215.55,0.02,587.7,0.06,166.0,0.07,410.8,0.94,25.0,0.93,158.5,0.95,10.12,0.96,15.38,0.03,0.01,2318.899825,1776201481000
1776203034.123,234.123,0.09,10.0,0.08,77.5,0.12,12.0,0.13,10.0,0.94,166.0,0.93,410.8,0.97,215.55,0.98,587.7,0.03,0.03,2318.899825,1776201481000
1776203037.104,237.104,0.12,82.09,0.11,10.5,0.13,26.0,0.14,33.9,0.86,14.9,0.85,68.0,0.89,10.5,0.9,20.5,0.01,0.03,2318.899825,1776201481000
1776203038.179,238.179,0.12,82.09,0.11,20.5,0.13,1.07,0.14,44.4,0.87,26.0,0.86,33.9,0.88,82.09,0.89,10.5,0.01,0.01,2318.899825,1776201481000
1776203039.266,239.266,0.12,77.09,0.11,10.5,0.13,10.0,0.14,24.0,0.87,1.07,0.86,44.4,0.88,82.09,0.89,20.5,0.01,0.01,2318.899825,1776201481000
1776203039.478,239.478,0.12,92.09,0.11,60.5,0.15,192.19,0.16,10.5,0.85,202.19,0.84,10.5,0.88,92.09,0.89,60.5,0.03,0.03,2318.899825,1776201481000
1776203039.718,239.718,0.14,20.0,0.13,10.0,0.15,90.52,0.16,5.0,0.85,135.52,0.84,5.0,0.86,20.0,0.87,10.0,0.01,0.01,2318.899825,1776201481000
1776203039.993,239.993,0.14,50.5,0.13,25.5,0.15,19.33,0.16,5.0,0.85,70.52,0.84,5.0,0.86,30.0,0.87,10.0,0.01,0.01,2318.899825,1776201481000
1776203040.588,240.588,0.16,15.0,0.15,190.0,0.18,13.88,0.19,18.86,0.83,4.11,0.82,20.0,0.85,20.0,0.86,35.0,0.02,0.02,2318.899825,1776201481000
1776203041.131,241.131,0.16,8.92,0.15,190.0,0.18,18.88,0.19,23.86,0.82,13.88,0.81,18.86,0.84,15.0,0.85,190.0,0.02,0.02,2318.899825,1776201481000
1776203041.577,241.577,0.16,1.21,0.15,200.0,0.18,10.0,0.19,30.74,0.81,30.74,0.8,24.0,0.84,8.92,0.85,190.0,0.02,0.03,2318.899825,1776201481000
1776203042.008,242.008,0.15,188.12,0.14,17.21,0.17,8.52,0.18,15.0,0.83,3.52,0.82,10.0,0.84,1.21,0.85,200.0,0.02,0.01,2318.899825,1776201481000
1776203042.551,242.551,0.15,201.0,0.14,17.21,0.16,20.8,0.17,8.52,0.83,8.52,0.82,15.0,0.85,188.12,0.86,17.21,0.01,0.02,2318.899825,1776201481000
1776203043.131,243.131,0.15,189.23,0.14,22.21,0.16,7.12,0.17,8.52,0.84,7.12,0.83,8.52,0.85,196.0,0.86,22.21,0.01,0.01,2318.899825,1776201481000
1776203043.379,243.379,0.17,5.0,0.16,15.0,0.18,15.0,0.19,27.88,0.81,17.88,0.8,10.0,0.85,184.23,0.86,22.21,0.01,0.04,2318.899825,1776201481000
1776203044.084,244.084,0.15,172.23,0.14,17.21,0.17,5.0,0.18,73.0,0.82,15.0,0.81,27.88,0.83,5.0,0.84,15.0,0.02,0.01,2318.899825,1776201481000
1776203044.533,244.533,0.16,10.0,0.15,162.23,0.17,12.04,0.18,88.0,0.83,8.52,0.82,73.0,0.85,172.23,0.86,17.21,0.01,0.02,2318.899825,1776201481000
1776203045.234,245.234,0.16,3.0,0.15,162.23,0.17,17.04,0.18,73.0,0.83,12.04,0.82,88.0,0.84,10.0,0.85,162.23,0.01,0.01,2318.899825,1776201481000
1776203046.813,246.813,0.12,95.0,0.11,10.0,0.17,123.03,0.18,42.47,0.83,22.04,0.82,73.0,0.84,1.69,0.85,162.23,0.05,0.01,2318.899825,1776201481000
1776203047.397,247.397,0.12,93.41,0.11,15.0,0.13,72.0,0.14,66.0,0.83,123.03,0.82,42.47,0.88,95.0,0.89,10.0,0.01,0.05,2318.899825,1776201481000
1776203047.734,247.734,0.09,10.0,0.08,31.0,0.13,216.99,0.14,92.0,0.87,72.0,0.86,66.0,0.88,90.87,0.89,15.0,0.04,0.01,2318.899825,1776201481000
1776203048.101,248.101,0.09,5.0,0.08,27.31,0.1,10.0,0.11,35.0,0.89,15.0,0.88,41.0,0.92,27.31,0.93,39.0,0.01,0.03,2318.899825,1776201481000
1776203048.396,248.396,0.09,0.23,0.08,22.31,0.1,15.0,0.11,35.0,0.9,10.0,0.89,35.0,0.91,5.0,0.92,27.31,0.01,0.01,2318.899825,1776201481000
1776203049.053,249.053,0.08,15.03,0.07,15.0,0.1,20.0,0.11,25.0,0.9,15.0,0.89,35.0,0.91,0.23,0.92,22.31,0.02,0.01,2318.899825,1776201481000
1776203050.11,250.11,0.08,2.85,0.07,10.0,0.09,25.0,0.1,269.0,0.9,20.0,0.89,25.0,0.92,15.03,0.93,15.0,0.01,0.02,2318.899825,1776201481000
1776203051.014,251.014,0.08,1.15,0.07,10.0,0.09,35.0,0.1,269.0,0.91,25.0,0.9,269.0,0.92,2.85,0.93,10.0,0.01,0.01,2318.899825,1776201481000
1776203051.848,251.848,0.06,10.0,0.05,15.0,0.09,421.99,0.1,49.47,0.91,35.0,0.9,269.0,0.92,1.15,0.93,10.0,0.03,0.01,2318.899825,1776201481000
1776203053.836,253.836,0.05,3.84,0.04,16.0,0.07,407.0,0.08,112.99,0.92,253.27,0.91,103.0,0.94,10.0,0.95,15.0,0.02,0.02,2318.899825,1776201481000
1776203054.073,254.073,0.05,13.84,0.04,16.0,0.06,9.37,0.07,474.0,0.93,407.0,0.92,112.99,0.95,3.84,0.96,16.0,0.01,0.02,2318.899825,1776201481000
1776203054.281,254.281,0.05,13.84,0.04,16.0,0.06,10.0,0.07,427.0,0.94,9.37,0.93,474.0,0.95,13.84,0.96,16.0,0.01,0.01,2318.899825,1776201481000
1776203055.278,255.278,0.04,7.91,0.03,251.55,0.05,20.0,0.06,80.0,0.94,10.0,0.93,427.0,0.96,2.92,0.97,270.55,0.01,0.02,2318.899825,1776201481000
1776203055.584,255.584,0.05,65.0,0.04,7.91,0.06,80.0,0.07,407.0,0.95,20.0,0.94,80.0,0.96,7.91,0.97,251.55,0.01,0.01,2318.899825,1776201481000
1776203056.329,256.329,0.05,15.0,0.04,7.91,0.06,605.79,0.07,224.29,0.94,80.0,0.93,407.0,0.95,65.0,0.96,7.91,0.01,0.01,2318.899825,1776201481000
1776203057.482,257.482,0.03,51.08,0.02,441.0,0.04,168.7,0.05,430.31,0.94,605.79,0.93,224.29,0.97,13.46,0.98,291.0,0.01,0.03,2318.899825,1776201481000
1776203058.955,258.955,0.02,421.0,0.01,7555.6,0.03,27.12,0.04,168.7,0.96,168.7,0.95,430.31,0.97,11.38,0.98,441.0,0.01,0.01,2318.899825,1776201481000
1776203059.734,259.734,0.02,651.89,0.01,7797.6,0.03,12.12,0.04,5.0,0.97,27.12,0.96,168.7,0.98,421.0,0.99,7555.6,0.01,0.01,2318.899825,1776201481000
1776203059.97,259.97,0.11,25.0,0.1,220.0,0.15,8.0,0.16,10.0,0.89,101.31,0.88,110.1,0.93,10.0,0.96,161.0,0.04,0.04,2318.899825,1776201481000
1776203060.218,260.218,0.14,15.0,0.13,10.0,0.2,40.0,0.21,109.0,0.8,30.0,0.79,60.0,0.84,10.0,0.85,10.0,0.06,0.04,2318.899825,1776201481000
1776203060.693,260.693,0.17,3.26,0.16,10.0,0.18,25.0,0.19,10.0,0.82,20.0,0.81,10.0,0.83,10.0,0.84,10.0,0.01,0.01,2318.899825,1776201481000
1776203061.115,261.115,0.16,1.41,0.15,127.99,0.17,15.0,0.18,21.72,0.82,10.72,0.81,10.0,0.84,10.0,0.85,10.0,0.01,0.02,2318.899825,1776201481000
1776203062.411,262.411,0.15,180.0,0.14,10.0,0.16,4.7,0.17,80.0,0.83,15.0,0.82,21.72,0.84,1.41,0.85,127.99,0.01,0.01,2318.899825,1776201481000
1776203062.629,262.629,0.15,185.0,0.14,10.0,0.16,1.76,0.17,80.0,0.84,4.7,0.83,80.0,0.85,180.0,0.86,10.0,0.01,0.01,2318.899825,1776201481000
1776203062.934,262.934,0.15,185.0,0.14,10.0,0.16,4.76,0.17,80.0,0.84,1.76,0.83,80.0,0.85,185.0,0.86,10.0,0.01,0.01,2318.899825,1776201481000
1776203063.398,263.398,0.15,185.0,0.14,10.0,0.17,55.35,0.18,10.72,0.84,4.76,0.83,80.0,0.85,185.0,0.86,10.0,0.02,0.01,2318.899825,1776201481000
1776203063.66,263.66,0.14,10.0,0.13,10.0,0.15,13.85,0.16,174.85,0.83,55.35,0.82,10.72,0.85,185.0,0.86,10.0,0.01,0.02,2318.899825,1776201481000
1776203064.334,264.334,0.13,20.0,0.12,73.0,0.14,12.28,0.15,15.0,0.85,13.85,0.84,174.85,0.86,10.0,0.87,10.0,0.01,0.01,2318.899825,1776201481000
1776203065.173,265.173,0.15,35.0,0.14,45.0,0.16,83.2,0.17,26.0,0.86,3.28,0.85,10.0,0.87,25.0,0.88,83.0,0.01,0.01,2318.899825,1776201481000
1776203065.451,265.451,0.17,6.78,0.16,10.0,0.19,59.36,0.2,56.39,0.82,5.0,0.81,20.0,0.83,6.78,0.84,10.0,0.02,0.01,2318.899825,1776201481000
1776203065.715,265.715,0.17,5.41,0.16,10.0,0.18,25.88,0.19,85.36,0.82,15.88,0.81,85.36,0.83,6.78,0.84,10.0,0.01,0.01,2318.899825,1776201481000
1776203066.068,266.068,0.16,8.61,0.15,10.0,0.18,20.88,0.19,85.36,0.82,20.88,0.81,85.36,0.83,0.41,0.84,10.0,0.02,0.01,2318.899825,1776201481000
1776203066.848,266.848,0.16,8.61,0.15,10.0,0.17,22.52,0.18,76.52,0.82,20.88,0.81,85.36,0.84,8.61,0.85,10.0,0.01,0.02,2318.899825,1776201481000
1776203067.236,267.236,0.16,8.61,0.15,10.0,0.17,33.11,0.18,14.0,0.83,16.52,0.82,81.99,0.84,8.61,0.85,10.0,0.01,0.01,2318.899825,1776201481000
1776203067.441,267.441,0.16,13.61,0.15,10.0,0.17,1.33,0.18,14.0,0.83,11.33,0.82,14.0,0.84,13.61,0.85,10.0,0.01,0.01,2318.899825,1776201481000
1776203067.877,267.877,0.17,12.02,0.16,12.41,0.18,62.0,0.19,19.0,0.82,45.0,0.81,15.52,0.83,10.0,0.84,12.41,0.01,0.01,2318.899825,1776201481000
1776203068.737,268.737,0.16,6.96,0.15,10.0,0.18,62.0,0.19,25.47,0.82,62.0,0.81,19.0,0.83,12.02,0.84,12.41,0.02,0.01,2318.899825,1776201481000
1776203070.328,270.328,0.15,6.63,0.14,10.0,0.18,17.0,0.19,68.0,0.82,62.0,0.81,25.47,0.83,3.37,0.84,16.96,0.03,0.01,2318.899825,1776201481000
1776203071.709,271.709,0.16,8.46,0.15,16.63,0.18,12.0,0.19,97.0,0.81,67.0,0.8,45.0,0.83,10.0,0.84,10.0,0.02,0.02,2318.899825,1776201481000
1776203072.143,272.143,0.2,15.0,0.19,10.0,0.21,25.19,0.23,6.47,0.82,12.0,0.81,97.0,0.84,8.46,0.85,16.63,0.01,0.02,2318.899825,1776201481000
1776203072.456,272.456,0.18,39.89,0.17,30.0,0.21,30.19,0.22,14.0,0.79,25.19,0.77,6.47,0.8,15.0,0.81,10.0,0.03,0.01,2318.899825,1776201481000
1776203073.175,273.175,0.2,13.75,0.19,10.0,0.21,11.0,0.22,14.0,0.79,30.19,0.78,14.0,0.82,39.89,0.83,30.0,0.01,0.03,2318.899825,1776201481000
1776203074.135,274.135,0.2,3.62,0.19,10.0,0.21,5.91,0.22,14.0,0.79,11.0,0.78,14.0,0.8,8.62,0.81,10.0,0.01,0.01,2318.899825,1776201481000
1776203074.731,274.731,0.2,7.37,0.19,10.0,0.21,11.91,0.22,66.9,0.79,5.91,0.78,14.0,0.8,3.62,0.81,10.0,0.01,0.01,2318.899825,1776201481000
1776203075.767,275.767,0.2,2.37,0.19,10.0,0.22,104.54,0.23,17.99,0.79,11.91,0.78,66.9,0.8,7.37,0.81,10.0,0.02,0.01,2318.899825,1776201481000
1776203076.654,276.654,0.2,10.0,0.19,10.0,0.21,50.0,0.22,97.47,0.78,104.54,0.77,17.99,0.8,2.37,0.81,10.0,0.01,0.02,2318.899825,1776201481000
1776203076.993,276.993,0.2,5.0,0.19,10.0,0.21,286.47,0.22,39.47,0.79,44.17,0.78,97.47,0.8,10.0,0.81,10.0,0.01,0.01,2318.899825,1776201481000
1776203077.421,277.421,0.19,1.95,0.18,37.8,0.21,146.74,0.22,39.47,0.79,216.74,0.78,39.47,0.8,10.0,0.81,5.0,0.02,0.01,2318.899825,1776201481000
1776203077.771,277.771,0.19,0.59,0.18,37.8,0.2,88.47,0.21,33.0,0.79,141.74,0.78,39.47,0.8,4.87,0.81,0.59,0.01,0.01,2318.899825,1776201481000
1776203078.107,278.107,0.19,10.0,0.18,34.15,0.2,98.47,0.21,33.0,0.8,103.47,0.79,33.0,0.82,34.15,0.83,20.0,0.01,0.02,2318.899825,1776201481000
1776203078.511,278.511,0.18,6.35,0.17,20.0,0.2,140.46,0.21,33.0,0.8,98.47,0.79,33.0,0.81,10.0,0.82,34.15,0.02,0.01,2318.899825,1776201481000
1776203079.434,279.434,0.17,14.69,0.16,8.46,0.19,45.47,0.2,53.66,0.81,110.47,0.8,53.66,0.82,5.0,0.83,20.0,0.02,0.01,2318.899825,1776201481000
1776203079.789,279.789,0.16,2.97,0.15,10.0,0.19,55.47,0.2,63.66,0.81,50.47,0.8,53.66,0.82,10.0,0.83,24.69,0.03,0.01,2318.899825,1776201481000
1776203080.196,280.196,0.16,12.97,0.15,10.0,0.18,57.47,0.19,32.0,0.82,52.47,0.81,32.0,0.83,5.0,0.84,12.97,0.02,0.01,2318.899825,1776201481000
1776203081.31,281.31,0.16,10.0,0.15,10.0,0.17,65.42,0.18,56.0,0.82,57.47,0.81,32.0,0.84,12.97,0.85,10.0,0.01,0.02,2318.899825,1776201481000
1776203084.058,284.058,0.13,5.14,0.1,20.0,0.15,195.46,0.16,53.0,0.83,65.42,0.82,56.0,0.84,10.0,0.85,10.0,0.02,0.01,2318.899825,1776201481000
1776203085.407,285.407,0.17,64.0,0.16,60.0,0.24,16.5,0.25,10.0,0.86,172.47,0.85,68.0,0.87,10.14,0.9,20.0,0.07,0.01,2318.899825,1776201481000
1776203085.609,285.609,0.23,8.57,0.22,20.0,0.25,4.9,0.26,10.0,0.75,14.9,0.74,10.0,0.77,8.57,0.78,20.0,0.02,0.02,2318.899825,1776201481000
1776203085.895,285.895,0.23,9.35,0.22,20.0,0.24,10.0,0.25,15.0,0.76,5.0,0.75,10.0,0.79,44.71,0.8,10.0,0.01,0.03,2318.899825,1776201481000
1776203086.163,286.163,0.22,68.0,0.21,54.71,0.25,13.6,0.26,21.47,0.76,10.0,0.75,15.0,0.77,9.35,0.78,20.0,0.03,0.01,2318.899825,1776201481000
1776203086.411,286.411,0.22,58.0,0.21,54.71,0.25,66.6,0.26,26.47,0.75,13.6,0.74,21.47,0.78,68.0,0.79,54.71,0.03,0.03,2318.899825,1776201481000
1776203086.798,286.798,0.22,68.0,0.21,54.71,0.25,29.0,0.26,21.47,0.75,66.6,0.74,26.47,0.78,58.0,0.79,54.71,0.03,0.03,2318.899825,1776201481000
1776203087.496,287.496,0.29,3.25,0.25,10.0,0.31,90.0,0.32,5.0,0.75,29.0,0.74,21.47,0.78,68.0,0.79,54.71,0.02,0.03,2318.899825,1776201481000
1776203087.762,287.762,0.31,112.0,0.3,77.0,0.34,5.97,0.37,5.0,0.69,38.9,0.68,5.0,0.7,98.0,0.71,14.44,0.03,0.01,2318.899825,1776201481000
1776203087.972,287.972,0.33,238.0,0.32,56.0,0.41,5.0,0.48,70.0,0.66,5.97,0.63,5.0,0.69,112.0,0.7,77.0,0.08,0.03,2318.899825,1776201481000
1776203088.243,288.243,0.47,10.0,0.46,10.0,0.48,0.91,0.49,134.39,0.51,110.39,0.5,36.6,0.53,5.67,0.54,10.0,0.01,0.02,2318.899825,1776201481000
1776203088.506,288.506,0.47,15.0,0.46,10.0,0.49,134.09,0.5,36.6,0.52,0.91,0.51,134.39,0.53,10.0,0.54,10.0,0.02,0.01,2318.899825,1776201481000
1776203089.17,289.17,0.47,5.0,0.46,10.0,0.49,118.52,0.5,36.6,0.51,133.06,0.5,41.6,0.53,15.0,0.54,10.0,0.02,0.02,2318.899825,1776201481000
1776203089.726,289.726,0.47,5.0,0.46,5.0,0.48,8.32,0.49,49.02,0.51,119.02,0.5,36.6,0.53,39.0,0.54,33.0,0.01,0.02,2318.899825,1776201481000
1776203090.007,290.007,0.44,5.0,0.41,50.0,0.48,19.0,0.49,15.0,0.51,44.61,0.5,36.6,0.53,5.0,0.54,5.0,0.04,0.02,2318.899825,1776201481000
1776203090.259,290.259,0.41,17.0,0.37,27.0,0.45,19.0,0.46,10.0,0.52,19.0,0.51,15.0,0.56,5.0,0.59,50.0,0.04,0.04,2318.899825,1776201481000
1776203090.511,290.511,0.41,91.0,0.37,27.0,0.42,15.0,0.43,32.85,0.55,19.0,0.54,10.0,0.59,17.0,0.63,27.0,0.01,0.04,2318.899825,1776201481000
1776203090.967,290.967,0.41,113.0,0.37,10.0,0.42,3.18,0.43,32.85,0.58,15.0,0.57,32.85,0.59,91.0,0.63,27.0,0.01,0.01,2318.899825,1776201481000
1776203091.335,291.335,0.41,6.0,0.39,7.0,0.42,236.3,0.43,41.03,0.57,26.03,0.56,10.0,0.59,113.0,0.62,10.0,0.01,0.02,2318.899825,1776201481000
1776203091.631,291.631,0.16,54.46,0.13,0.14,0.17,103.3,0.18,33.0,0.81,10.0,0.8,10.0,0.84,47.52,0.87,10.14,0.01,0.03,2318.899825,1776201481000
1776203092.016,292.016,0.16,2.85,0.15,10.0,0.17,30.0,0.2,18.3,0.83,102.15,0.82,33.0,0.84,53.26,0.88,10.0,0.01,0.01,2318.899825,1776201481000
1776203092.253,292.253,0.32,0.36,0.31,10.0,0.35,10.0,0.36,17.0,0.63,4.3,0.62,10.0,0.81,10.0,0.82,10.0,0.03,0.18,2318.899825,1776201481000
1776203092.615,292.615,0.42,2.43,0.41,130.0,0.43,16.03,0.49,19.61,0.59,19.09,0.57,16.03,0.63,40.0,0.64,10.0,0.01,0.04,2318.899825,1776201481000
1776203092.833,292.833,0.51,10.0,0.5,10.0,0.53,1.52,0.54,15.0,0.47,3.6,0.46,15.0,0.49,10.0,0.5,10.0,0.02,0.02,2318.899825,1776201481000
1776203093.034,293.034,0.55,10.0,0.54,5.0,0.58,4.36,0.59,10.0,0.44,2.76,0.43,25.0,0.46,5.0,0.47,7.06,0.03,0.02,2318.899825,1776201481000
1776203093.27,293.27,0.52,10.0,0.51,10.0,0.53,74.85,0.54,5.0,0.47,62.94,0.45,15.0,0.48,10.0,0.49,10.0,0.01,0.01,2318.899825,1776201481000
1776203093.848,293.848,0.52,10.0,0.51,16.0,0.53,67.83,0.54,5.0,0.47,69.85,0.46,5.0,0.48,10.0,0.49,10.0,0.01,0.01,2318.899825,1776201481000
1776203094.192,294.192,0.52,10.0,0.51,16.0,0.53,63.51,0.54,5.0,0.47,65.76,0.46,5.0,0.48,10.0,0.49,16.0,0.01,0.01,2318.899825,1776201481000
1776203094.393,294.393,0.52,10.0,0.51,16.0,0.53,57.69,0.54,5.0,0.47,61.47,0.46,5.0,0.48,10.0,0.49,16.0,0.01,0.01,2318.899825,1776201481000
1776203094.981,294.981,0.51,6.0,0.5,10.0,0.52,5.38,0.53,60.49,0.47,50.49,0.46,5.0,0.48,3.83,0.49,16.0,0.01,0.01,2318.899825,1776201481000
1776203095.401,295.401,0.51,6.0,0.46,55.0,0.52,0.81,0.53,51.49,0.48,5.38,0.47,60.49,0.49,6.0,0.5,10.0,0.01,0.01,2318.899825,1776201481000
1776203096.172,296.172,0.46,55.0,0.45,6.66,0.49,9.91,0.5,10.0,0.48,15.0,0.47,50.39,0.54,55.0,0.55,36.66,0.03,0.06,2318.899825,1776201481000
1776203096.409,296.409,0.47,21.1,0.46,55.0,0.52,10.0,0.53,45.39,0.48,10.0,0.47,45.39,0.53,21.1,0.54,55.0,0.05,0.05,2318.899825,1776201481000
1776203096.861,296.861,0.46,2.77,0.45,6.66,0.47,10.0,0.48,10.0,0.53,10.0,0.52,15.0,0.54,22.77,0.55,6.66,0.01,0.01,2318.899825,1776201481000
1776203097.457,297.457,0.46,0.74,0.45,6.66,0.47,14.0,0.48,15.0,0.53,9.0,0.52,15.0,0.54,2.77,0.55,6.66,0.01,0.01,2318.899825,1776201481000
1776203097.689,297.689,0.39,31.97,0.37,10.0,0.4,10.0,0.41,65.84,0.53,14.0,0.52,15.0,0.61,25.97,0.62,10.0,0.01,0.08,2318.899825,1776201481000
1776203097.908,297.908,0.39,59.13,0.36,31.78,0.41,50.84,0.52,6.0,0.59,50.84,0.49,50.0,0.64,31.78,0.65,10.0,0.02,0.05,2318.899825,1776201481000
1776203098.189,298.189,0.65,5.0,0.64,10.0,0.7,30.0,0.71,50.0,0.35,8.44,0.29,50.0,0.37,10.0,0.39,10.0,0.05,0.02,2318.899825,1776201481000
1776203098.439,298.439,0.72,12.32,0.71,10.0,0.73,6.35,0.76,50.0,0.27,6.35,0.24,50.0,0.31,5.0,0.39,5.2,0.01,0.04,2318.899825,1776201481000
1776203098.665,298.665,0.72,10.0,0.71,7.06,0.8,2.81,0.81,50.0,0.2,14.81,0.19,50.0,0.28,10.0,0.29,7.06,0.08,0.08,2318.899825,1776201481000
1776203098.94,298.94,0.78,10.0,0.77,10.0,0.79,15.0,0.8,15.05,0.16,6.31,0.14,60.0,0.27,5.31,0.28,10.0,0.01,0.11,2318.899825,1776201481000
1776203099.153,299.153,0.78,1.0,0.77,10.0,0.79,3.73,0.8,5.05,0.21,3.73,0.2,20.54,0.22,15.0,0.23,10.0,0.01,0.01,2318.899825,1776201481000
1776203099.366,299.366,0.65,34.34,0.64,10.0,0.78,3.2,0.79,4.85,0.22,3.2,0.21,4.85,0.28,9.72,0.29,7.06,0.13,0.06,2318.899825,1776201481000
1776203099.6,299.6,0.8,17.05,0.72,5.0,0.81,10.0,0.82,10.0,0.21,0.05,0.2,5.05,0.28,5.0,0.35,34.34,0.01,0.07,2318.899825,1776201481000
1776203099.801,299.801,0.65,22.19,0.64,10.0,0.76,9.0,0.77,5.0,0.19,7.36,0.18,10.0,0.35,30.47,0.36,10.0,0.11,0.16,2318.899825,1776201481000
1776203100.003,300.003,0.8,3.45,0.77,5.0,0.91,9.91,0.92,10.0,0.12,13.41,0.1,15.11,0.2,3.45,0.23,5.0,0.11,0.08,2318.899825,1776201481000
1776203100.278,300.278,0.61,11.25,0.6,7.0,0.62,3.38,0.7,7.0,0.05,90.0,0.04,20.0,0.39,11.25,0.4,7.0,0.01,0.34,2318.899825,1776201481000
1776203100.549,300.549,0.65,78.47,0.6,3.11,0.7,7.0,0.95,90.0,0.3,7.0,0.05,90.0,0.35,83.47,0.4,3.11,0.05,0.05,2318.899825,1776201481000

# RESULT,winner=Up,slug=eth-updown-5m-1776202800,ticks=359
