timestamp,elapsed_sec,up_bid_p1,up_bid_s1,up_bid_p2,up_bid_s2,up_ask_p1,up_ask_s1,up_ask_p2,up_ask_s2,down_bid_p1,down_bid_s1,down_bid_p2,down_bid_s2,down_ask_p1,down_ask_s1,down_ask_p2,down_ask_s2,up_spread,down_spread,eth_price,eth_oracle_ts
1776194111.28,11.28,,,,,,,,,,,,,,,,,,,2319.68776,1776194110000
1776194112.015,12.015,0.67,20.5,0.66,170.5,0.68,1.85,0.69,15.5,0.34,5.35,0.33,5.0,0.35,51.0,0.36,26.0,0.01,0.01,2319.68776,1776194110000
1776194113.157,13.157,0.67,20.5,0.66,170.5,0.68,1.85,0.69,15.5,0.32,1.85,0.31,15.5,0.33,20.5,0.34,170.5,0.01,0.01,2319.860373,1776194112000
1776194113.465,13.465,0.67,2.93,0.66,175.0,0.68,23.5,0.69,28.5,0.32,20.5,0.31,20.5,0.33,15.0,0.34,175.0,0.01,0.01,2319.860373,1776194112000
1776194114.218,14.218,0.67,2.93,0.66,175.0,0.68,23.5,0.69,28.5,0.32,23.5,0.31,28.5,0.33,2.93,0.34,175.0,0.01,0.01,2320.3272,1776194113000
1776194114.448,14.448,0.67,17.93,0.66,175.0,0.68,13.5,0.69,38.5,0.32,23.5,0.31,28.5,0.33,2.93,0.34,175.0,0.01,0.01,2320.3272,1776194113000
1776194114.967,14.967,0.67,12.93,0.66,185.5,0.68,10.75,0.69,38.5,0.32,13.5,0.31,38.5,0.33,17.93,0.34,175.0,0.01,0.01,2320.3272,1776194113000
1776194115.2,15.2,0.67,22.93,0.66,185.5,0.68,25.33,0.69,43.5,0.32,18.69,0.31,43.5,0.33,17.93,0.34,185.5,0.01,0.01,2320.3272,1776194113000
1776194115.469,15.469,0.67,17.93,0.66,185.5,0.68,22.22,0.69,48.5,0.32,18.71,0.31,48.5,0.33,17.93,0.34,185.5,0.01,0.01,2320.372185,1776194114000
1776194115.837,15.837,0.67,22.93,0.66,190.5,0.69,46.31,0.7,201.0,0.32,22.22,0.31,48.5,0.33,17.93,0.34,185.5,0.02,0.01,2320.372185,1776194114000
1776194116.111,16.111,0.68,50.0,0.67,7.93,0.69,51.39,0.7,206.0,0.31,52.99,0.3,206.0,0.32,25.0,0.33,7.93,0.01,0.01,2320.372185,1776194114000
1776194116.464,16.464,0.68,75.0,0.67,7.93,0.69,49.94,0.7,206.0,0.31,51.39,0.3,206.0,0.32,50.0,0.33,7.93,0.01,0.01,2320.3772,1776194115000
1776194117.631,17.631,0.65,52.89,0.64,85.0,0.69,87.2,0.7,216.5,0.31,87.2,0.3,216.5,0.32,70.0,0.33,7.93,0.04,0.01,2320.3772,1776194115000
1776194117.987,17.987,0.65,52.89,0.64,85.0,0.69,87.2,0.7,216.5,0.31,87.2,0.3,216.5,0.35,52.89,0.36,85.0,0.04,0.04,2320.38036,1776194117000
1776194118.331,18.331,0.66,40.5,0.65,107.89,0.67,13.0,0.68,10.0,0.31,87.2,0.3,216.5,0.35,52.89,0.36,85.0,0.01,0.04,2320.38036,1776194117000
1776194118.897,18.897,0.68,15.0,0.67,25.5,0.7,212.93,0.71,21.0,0.33,13.0,0.32,10.0,0.34,40.5,0.35,107.89,0.02,0.01,2320.38036,1776194117000
1776194119.289,19.289,0.68,15.0,0.67,25.5,0.7,212.93,0.71,21.0,0.3,212.93,0.29,21.0,0.32,15.0,0.33,25.5,0.02,0.02,2320.37868,1776194118000
1776194119.967,19.967,0.69,14.2,0.68,30.5,0.7,216.93,0.71,26.0,0.3,212.93,0.29,21.0,0.32,15.0,0.33,25.5,0.01,0.02,2320.37868,1776194118000
1776194120.369,20.369,0.69,19.2,0.68,30.5,0.7,203.07,0.71,26.0,0.3,214.07,0.29,26.0,0.31,14.2,0.32,30.5,0.01,0.01,2320.37868,1776194118000
1776194120.583,20.583,0.69,24.2,0.68,30.5,0.7,206.47,0.71,26.0,0.3,203.07,0.29,26.0,0.31,19.2,0.32,30.5,0.01,0.01,2320.383125,1776194119000
1776194121.213,21.213,0.69,25.0,0.68,30.5,0.7,29.57,0.71,26.0,0.3,29.57,0.29,26.0,0.31,25.0,0.32,30.5,0.01,0.01,2320.43267,1776194120000
1776194122.204,22.204,0.73,25.0,0.72,53.0,0.74,10.18,0.76,6.0,0.3,29.57,0.29,26.0,0.31,25.0,0.32,30.5,0.01,0.01,2320.43267,1776194120000
1776194122.579,22.579,0.77,10.56,0.76,15.0,0.78,72.5,0.79,62.0,0.22,5.0,0.21,35.0,0.25,139.82,0.26,85.0,0.01,0.03,2320.43267,1776194120000
1776194123.478,23.478,0.77,132.59,0.76,154.0,0.78,56.72,0.79,67.0,0.22,56.72,0.21,67.0,0.23,132.59,0.24,154.0,0.01,0.01,2320.601811,1776194122000
1776194123.698,23.698,0.77,115.63,0.76,159.0,0.78,72.22,0.79,67.0,0.22,56.72,0.21,67.0,0.23,132.59,0.24,154.0,0.01,0.01,2320.601811,1776194122000
1776194124.04,24.04,0.77,125.63,0.76,159.0,0.78,75.84,0.79,67.0,0.22,72.22,0.21,67.0,0.23,115.63,0.24,159.0,0.01,0.01,2320.601811,1776194122000
1776194125.078,25.078,0.77,180.63,0.76,154.0,0.78,36.0,0.79,62.5,0.22,70.77,0.21,67.0,0.23,125.63,0.24,159.0,0.01,0.01,2320.630265,1776194123000
1776194125.636,25.636,0.77,180.63,0.76,154.0,0.78,36.0,0.79,62.5,0.22,36.0,0.21,62.5,0.23,180.63,0.24,154.0,0.01,0.01,2321.24903,1776194124000
1776194126.041,26.041,0.77,102.0,0.76,100.0,0.78,30.5,0.79,80.5,0.22,36.0,0.21,62.5,0.23,180.63,0.24,154.0,0.01,0.01,2321.24903,1776194124000
1776194126.292,26.292,0.75,39.82,0.74,23.0,0.76,2.47,0.77,38.5,0.23,5.0,0.22,30.5,0.25,34.82,0.26,48.0,0.01,0.02,2321.24903,1776194124000
1776194126.585,26.585,0.75,56.82,0.74,20.5,0.76,2.47,0.77,10.0,0.24,2.47,0.23,38.5,0.25,39.82,0.26,23.0,0.01,0.01,2321.258795,1776194125000
1776194126.905,26.905,0.75,76.82,0.74,173.5,0.77,19.47,0.78,5.0,0.24,2.47,0.23,10.0,0.25,56.82,0.26,20.5,0.02,0.01,2321.258795,1776194125000
1776194127.461,27.461,0.76,20.0,0.75,46.82,0.77,97.92,0.78,46.5,0.23,14.47,0.22,26.0,0.24,55.0,0.25,66.82,0.01,0.01,2321.33854,1776194126000
1776194127.686,27.686,0.76,20.0,0.75,46.82,0.77,98.22,0.78,120.27,0.23,97.92,0.22,46.5,0.24,20.0,0.25,46.82,0.01,0.01,2321.33854,1776194126000
1776194128.119,28.119,0.76,20.0,0.75,46.82,0.77,58.33,0.78,120.27,0.23,98.22,0.22,120.27,0.24,20.0,0.25,46.82,0.01,0.01,2321.33854,1776194126000
1776194128.447,28.447,0.76,20.0,0.75,46.82,0.77,58.33,0.78,120.27,0.23,58.33,0.22,120.27,0.24,20.0,0.25,46.82,0.01,0.01,2320.982229,1776194127000
1776194128.834,28.834,0.76,35.0,0.75,51.82,0.77,68.33,0.78,109.77,0.23,58.33,0.22,120.27,0.24,20.0,0.25,46.82,0.01,0.01,2320.982229,1776194127000
1776194129.229,29.229,0.76,35.0,0.75,51.82,0.77,68.33,0.78,109.77,0.23,68.33,0.22,109.77,0.24,35.0,0.25,51.82,0.01,0.01,2321.105843,1776194128000
1776194129.953,29.953,0.76,21.66,0.75,51.82,0.77,63.33,0.78,109.77,0.23,68.33,0.22,109.77,0.24,35.0,0.25,51.82,0.01,0.01,2321.105843,1776194128000
1776194130.506,30.506,0.76,21.66,0.75,51.82,0.77,63.33,0.78,109.77,0.23,63.33,0.22,109.77,0.24,21.66,0.25,51.82,0.01,0.01,2321.054104,1776194129000
1776194130.946,30.946,0.76,31.66,0.75,51.82,0.77,61.86,0.78,31.0,0.23,58.16,0.22,31.0,0.24,31.66,0.25,51.82,0.01,0.01,2321.054104,1776194129000
1776194131.256,31.256,0.76,31.66,0.75,51.82,0.77,61.86,0.78,31.0,0.23,61.86,0.22,31.0,0.24,31.66,0.25,51.82,0.01,0.01,2321.05116,1776194130000
1776194131.871,31.871,0.76,274.96,0.75,71.32,0.79,20.0,0.84,50.0,0.23,47.86,0.22,31.0,0.24,36.46,0.25,67.32,0.03,0.01,2321.05116,1776194130000
1776194132.172,32.172,0.78,168.0,0.77,23.0,0.79,1.44,0.8,22.0,0.21,17.0,0.16,50.0,0.24,274.96,0.25,71.32,0.01,0.03,2321.05116,1776194130000
1776194132.533,32.533,0.82,49.0,0.81,58.99,0.83,113.79,0.84,155.0,0.18,61.0,0.17,100.0,0.19,87.99,0.2,33.0,0.01,0.01,2321.05116,1776194130000
1776194133.61,33.61,0.82,49.0,0.81,58.99,0.83,113.79,0.84,155.0,0.17,113.79,0.16,155.0,0.18,49.0,0.19,58.99,0.01,0.01,2321.13473,1776194132000
1776194134.133,34.133,0.82,49.0,0.81,58.99,0.83,113.79,0.84,155.0,0.17,113.79,0.16,155.0,0.18,49.0,0.19,58.99,0.01,0.01,2321.532036,1776194133000
1776194134.478,34.478,0.82,102.0,0.81,85.49,0.83,150.39,0.84,189.31,0.17,113.79,0.16,155.0,0.18,49.0,0.19,58.99,0.01,0.01,2321.532036,1776194133000
1776194135.14,35.14,0.82,112.0,0.81,90.49,0.83,115.1,0.84,183.0,0.17,163.36,0.16,183.0,0.18,107.0,0.19,85.49,0.01,0.01,2321.532036,1776194133000
1776194135.583,35.583,0.83,127.5,0.82,81.94,0.84,58.0,0.85,31.13,0.17,105.1,0.16,183.0,0.18,111.44,0.19,90.49,0.01,0.01,2321.729965,1776194134000
1776194135.905,35.905,0.83,177.5,0.82,79.94,0.85,31.13,0.87,110.0,0.16,14.0,0.15,31.13,0.17,182.5,0.18,114.94,0.02,0.01,2321.729965,1776194134000
1776194136.106,36.106,0.84,63.0,0.83,43.5,0.85,17.86,0.86,105.0,0.15,31.13,0.13,110.0,0.17,177.5,0.18,79.94,0.01,0.02,2321.729965,1776194134000
1776194136.351,36.351,0.84,28.86,0.83,28.5,0.85,155.86,0.86,105.0,0.15,155.86,0.14,105.0,0.16,28.86,0.17,28.5,0.01,0.01,2321.74249,1776194135000
1776194136.632,36.632,0.84,15.0,0.83,18.0,0.85,152.56,0.86,105.0,0.15,155.86,0.14,105.0,0.16,28.86,0.17,28.5,0.01,0.01,2321.74249,1776194135000
1776194136.843,36.843,0.84,354.27,0.83,28.5,0.85,165.73,0.86,105.0,0.15,152.56,0.14,105.0,0.16,15.0,0.17,18.0,0.01,0.01,2321.74249,1776194135000
1776194137.073,37.073,0.8,44.0,0.79,113.5,0.85,384.73,0.86,153.5,0.15,165.73,0.14,105.0,0.16,354.27,0.17,28.5,0.05,0.01,2321.74249,1776194135000
1776194137.287,37.287,0.8,359.68,0.79,80.0,0.81,117.38,0.82,139.0,0.19,16.0,0.18,127.0,0.2,372.68,0.21,103.0,0.01,0.01,2321.74249,1776194135000
1776194137.632,37.632,0.8,9.4,0.79,80.0,0.81,162.02,0.82,159.0,0.19,158.38,0.18,159.0,0.2,9.4,0.21,80.0,0.01,0.01,2321.848205,1776194136000
1776194138.146,38.146,0.78,3.45,0.77,18.0,0.79,201.0,0.8,35.0,0.19,155.66,0.18,159.0,0.23,10.0,0.24,18.0,0.01,0.04,2321.848205,1776194136000
1776194138.415,38.415,0.78,3.45,0.77,18.0,0.79,201.0,0.8,35.0,0.21,201.0,0.2,35.0,0.22,3.45,0.23,18.0,0.01,0.01,2322.114775,1776194137000
1776194138.722,38.722,0.78,1.04,0.77,15.0,0.79,300.0,0.8,133.0,0.21,201.0,0.2,35.0,0.22,3.45,0.23,18.0,0.01,0.01,2322.114775,1776194137000
1776194139.009,39.009,0.78,1.04,0.77,15.0,0.79,288.46,0.8,133.0,0.21,288.46,0.2,133.0,0.22,1.04,0.23,15.0,0.01,0.01,2321.9446,1776194138000
1776194139.342,39.342,0.78,82.31,0.77,28.0,0.79,280.0,0.8,100.0,0.21,288.46,0.2,133.0,0.22,1.04,0.23,15.0,0.01,0.01,2321.9446,1776194138000
1776194139.676,39.676,0.78,102.31,0.77,28.0,0.79,280.0,0.8,100.0,0.21,280.0,0.2,100.0,0.22,82.31,0.23,28.0,0.01,0.01,2321.9446,1776194138000
1776194139.918,39.918,0.78,89.04,0.77,28.0,0.79,288.03,0.8,100.0,0.21,275.69,0.2,100.0,0.22,59.04,0.23,28.0,0.01,0.01,2321.9446,1776194138000
1776194140.303,40.303,0.78,89.04,0.77,33.0,0.79,168.03,0.8,100.0,0.21,288.03,0.2,100.0,0.22,89.04,0.23,28.0,0.01,0.01,2321.541367,1776194139000
1776194140.917,40.917,0.77,80.0,0.76,10.0,0.79,301.22,0.8,140.0,0.21,168.03,0.2,100.0,0.22,79.04,0.23,33.0,0.02,0.01,2321.541367,1776194139000
1776194141.247,41.247,0.78,35.0,0.77,80.0,0.79,290.22,0.8,130.0,0.21,301.22,0.2,130.0,0.23,91.0,0.24,15.0,0.01,0.02,2321.567364,1776194140000
1776194141.474,41.474,0.78,45.0,0.77,80.0,0.79,279.67,0.8,140.0,0.21,290.22,0.2,130.0,0.22,35.0,0.23,80.0,0.01,0.01,2321.567364,1776194140000
1776194141.788,41.788,0.78,5.0,0.77,80.0,0.79,317.67,0.8,135.0,0.21,279.67,0.2,140.0,0.22,45.0,0.23,80.0,0.01,0.01,2321.567364,1776194140000
1776194142.127,42.127,0.78,5.0,0.77,80.0,0.79,317.67,0.8,135.0,0.21,317.67,0.2,135.0,0.22,5.0,0.23,80.0,0.01,0.01,2321.658547,1776194141000
1776194143.212,43.212,0.78,5.0,0.77,80.0,0.79,317.67,0.8,135.0,0.21,317.67,0.2,135.0,0.22,5.0,0.23,80.0,0.01,0.01,2321.593701,1776194142000
1776194143.897,43.897,0.78,40.5,0.77,100.5,0.79,294.86,0.8,135.0,0.21,294.67,0.2,140.0,0.23,90.0,0.24,15.0,0.01,0.02,2321.593701,1776194142000
1776194144.191,44.191,0.77,100.5,0.76,20.0,0.79,294.86,0.8,135.0,0.21,294.86,0.2,135.0,0.23,100.5,0.24,20.0,0.02,0.02,2321.574099,1776194143000
1776194144.833,44.833,0.78,128.5,0.77,108.5,0.79,163.77,0.8,100.0,0.21,294.86,0.2,135.0,0.23,100.5,0.24,20.0,0.01,0.02,2321.574099,1776194143000
1776194145.124,45.124,0.78,120.5,0.77,108.5,0.79,151.41,0.8,100.0,0.21,147.77,0.2,100.0,0.22,128.5,0.23,108.5,0.01,0.01,2321.574099,1776194143000
1776194145.418,45.418,0.75,17.32,0.74,6.0,0.78,20.5,0.79,382.91,0.21,256.41,0.2,145.5,0.22,84.99,0.23,75.0,0.03,0.01,2321.582697,1776194144000
1776194145.619,45.619,0.75,1.32,0.74,11.0,0.76,150.34,0.77,148.0,0.24,156.73,0.23,148.0,0.25,1.32,0.26,11.0,0.01,0.01,2321.582697,1776194144000
1776194145.873,45.873,0.73,47.42,0.72,10.0,0.75,10.0,0.76,133.71,0.24,128.71,0.23,153.5,0.26,6.0,0.27,85.0,0.02,0.02,2321.582697,1776194144000
1776194146.127,46.127,0.74,7.8,0.73,62.42,0.75,20.0,0.76,117.52,0.25,10.0,0.24,117.52,0.26,11.65,0.27,67.42,0.01,0.01,2321.582697,1776194144000
1776194147.059,47.059,0.74,17.8,0.73,52.42,0.75,341.57,0.76,128.02,0.25,18.57,0.24,297.52,0.26,7.8,0.27,62.42,0.01,0.01,2321.549918,1776194145000
1776194147.697,47.697,0.72,30.5,0.71,24.0,0.73,50.0,0.74,166.0,0.25,352.07,0.24,153.02,0.27,5.0,0.28,10.5,0.01,0.02,2321.602079,1776194146000
1776194147.909,47.909,0.72,10.0,0.71,14.0,0.73,383.04,0.74,196.5,0.27,46.54,0.26,351.5,0.28,30.5,0.29,19.0,0.01,0.01,2321.602079,1776194146000
1776194148.113,48.113,0.69,34.5,0.67,75.79,0.72,128.5,0.73,188.24,0.28,20.5,0.27,364.05,0.29,4.0,0.31,85.5,0.03,0.01,2321.602079,1776194146000
1776194148.35,48.35,0.69,16.5,0.68,15.5,0.7,171.0,0.71,158.5,0.28,128.5,0.27,188.24,0.31,34.5,0.33,75.79,0.01,0.03,2321.354121,1776194147000
1776194148.691,48.691,0.69,11.45,0.68,15.5,0.7,176.0,0.71,158.5,0.3,171.0,0.29,158.5,0.31,14.91,0.32,15.5,0.01,0.01,2321.354121,1776194147000
1776194149.195,49.195,0.69,1.28,0.68,25.5,0.7,346.0,0.71,158.5,0.3,346.0,0.29,158.5,0.31,1.28,0.32,25.5,0.01,0.01,2321.057339,1776194148000
1776194149.42,49.42,0.67,1.96,0.66,10.5,0.68,10.0,0.69,20.5,0.3,346.0,0.29,158.5,0.31,1.28,0.32,25.5,0.01,0.01,2321.057339,1776194148000
1776194150.292,50.292,0.67,1.96,0.66,10.5,0.68,10.0,0.69,20.5,0.32,10.0,0.31,20.5,0.33,1.96,0.34,10.5,0.01,0.01,2320.813229,1776194149000
1776194150.9,50.9,0.67,1.96,0.66,10.5,0.68,10.0,0.69,20.5,0.32,10.0,0.31,20.5,0.33,1.96,0.34,10.5,0.01,0.01,2320.68113,1776194150000
1776194151.517,51.517,0.66,5.0,0.65,5.0,0.68,385.19,0.69,163.5,0.32,10.0,0.31,20.5,0.33,1.96,0.34,10.5,0.02,0.01,2320.68113,1776194150000
1776194151.794,51.794,0.66,1.96,0.65,5.0,0.67,345.4,0.68,174.5,0.33,122.0,0.32,348.19,0.34,1.96,0.35,5.0,0.01,0.01,2320.68113,1776194150000
1776194152.003,52.003,0.65,5.0,0.64,15.5,0.66,198.94,0.67,171.42,0.34,9.04,0.33,356.42,0.35,5.0,0.36,39.5,0.01,0.01,2320.538474,1776194151000
1776194152.983,52.983,0.65,5.0,0.64,15.5,0.66,198.94,0.67,171.42,0.34,198.94,0.33,171.42,0.35,5.0,0.36,15.5,0.01,0.01,2320.523902,1776194152000
1776194153.377,53.377,0.65,10.0,0.64,10.0,0.66,388.19,0.67,171.42,0.34,198.94,0.33,171.42,0.35,5.0,0.36,15.5,0.01,0.01,2320.523902,1776194152000
1776194153.597,53.597,0.65,5.67,0.64,10.0,0.66,402.38,0.67,171.42,0.34,393.19,0.33,171.42,0.35,8.73,0.36,10.0,0.01,0.01,2320.523902,1776194152000
1776194153.989,53.989,0.65,2.61,0.64,10.0,0.66,402.38,0.67,171.42,0.34,402.38,0.33,171.42,0.35,2.61,0.36,10.0,0.01,0.01,2320.42649,1776194153000
1776194154.376,54.376,0.64,15.0,0.63,40.5,0.65,191.76,0.66,348.19,0.34,402.38,0.33,171.42,0.35,2.61,0.36,10.0,0.01,0.01,2320.42649,1776194153000
1776194154.957,54.957,0.64,15.0,0.63,40.5,0.65,191.76,0.66,348.19,0.35,191.76,0.34,348.19,0.36,15.0,0.37,40.5,0.01,0.01,2320.345249,1776194154000
1776194155.803,55.803,0.62,132.6,0.61,28.5,0.63,125.14,0.64,305.5,0.37,5.14,0.36,145.5,0.38,98.79,0.39,208.5,0.01,0.01,2320.345249,1776194154000
1776194156.028,56.028,0.62,132.6,0.61,28.5,0.63,125.14,0.64,305.5,0.37,125.14,0.36,305.5,0.38,132.6,0.39,28.5,0.01,0.01,2320.288878,1776194155000
1776194156.848,56.848,0.61,5.0,0.6,35.0,0.62,384.77,0.63,171.64,0.37,361.64,0.36,139.69,0.39,77.81,0.4,65.5,0.01,0.02,2320.288878,1776194155000
1776194157.441,57.441,0.61,393.45,0.6,80.5,0.62,10.0,0.63,100.0,0.38,384.77,0.37,171.64,0.39,5.0,0.4,35.0,0.01,0.01,2320.158517,1776194156000
1776194157.813,57.813,0.62,53.23,0.61,89.99,0.63,107.3,0.64,125.5,0.37,88.0,0.36,120.5,0.39,393.45,0.4,80.5,0.01,0.02,2320.158517,1776194156000
1776194158.05,58.05,0.62,53.23,0.61,89.99,0.63,107.3,0.64,125.5,0.37,107.3,0.36,125.5,0.38,53.23,0.39,89.99,0.01,0.01,2320.04096,1776194157000
1776194158.46,58.46,0.62,15.41,0.61,64.94,0.63,81.5,0.64,235.5,0.37,107.3,0.36,125.5,0.38,53.23,0.39,89.99,0.01,0.01,2320.04096,1776194157000
1776194158.788,58.788,0.62,4.04,0.61,5.0,0.63,311.5,0.64,60.5,0.37,81.5,0.36,235.5,0.38,15.41,0.39,64.94,0.01,0.01,2320.04096,1776194157000
1776194158.997,58.997,0.6,15.0,0.59,64.94,0.61,91.5,0.62,56.5,0.37,311.5,0.36,60.5,0.4,84.94,0.41,18.0,0.01,0.03,2320.04096,1776194157000
1776194159.274,59.274,0.59,59.94,0.57,32.0,0.6,64.21,0.61,246.5,0.39,91.5,0.38,236.5,0.41,59.94,0.42,5.0,0.01,0.02,2319.922202,1776194158000
1776194159.762,59.762,0.57,25.5,0.56,295.5,0.58,42.62,0.59,30.51,0.4,67.42,0.39,246.5,0.41,5.0,0.43,20.0,0.01,0.01,2319.922202,1776194158000
1776194160.3,60.3,0.58,22.45,0.57,285.44,0.59,45.0,0.6,45.78,0.4,40.78,0.39,230.5,0.43,210.5,0.44,115.5,0.01,0.03,2319.922202,1776194158000
1776194160.692,60.692,0.58,17.45,0.57,285.44,0.59,24.23,0.6,45.78,0.41,24.23,0.4,45.78,0.42,17.45,0.43,285.44,0.01,0.01,2319.917733,1776194159000
1776194161.021,61.021,0.58,285.32,0.57,114.64,0.59,15.0,0.6,45.78,0.41,24.23,0.4,45.78,0.42,17.45,0.43,285.44,0.01,0.01,2319.917733,1776194159000
1776194161.388,61.388,0.58,285.32,0.57,104.64,0.59,1.55,0.6,45.78,0.41,15.0,0.4,45.78,0.42,285.32,0.43,114.64,0.01,0.01,2319.917733,1776194159000
1776194161.794,61.794,0.59,281.5,0.58,207.32,0.61,35.5,0.62,63.92,0.38,48.92,0.37,48.5,0.42,375.32,0.43,214.64,0.02,0.04,2319.711249,1776194160000
1776194162.063,62.063,0.59,281.5,0.58,207.32,0.61,35.5,0.62,63.92,0.39,35.5,0.38,63.92,0.41,281.5,0.42,207.32,0.02,0.02,2319.670094,1776194161000
1776194162.269,62.269,0.6,10.77,0.59,256.5,0.61,30.5,0.62,63.92,0.39,35.5,0.38,63.92,0.41,281.5,0.42,207.32,0.01,0.02,2319.670094,1776194161000
1776194162.492,62.492,0.6,57.27,0.59,82.41,0.61,24.36,0.62,58.92,0.39,30.5,0.38,63.92,0.4,10.77,0.41,256.5,0.01,0.01,2319.670094,1776194161000
1776194163.198,63.198,0.6,57.27,0.59,82.41,0.61,24.36,0.62,58.92,0.39,24.36,0.38,58.92,0.4,57.27,0.41,82.41,0.01,0.01,2319.688655,1776194162000
1776194164.25,64.25,0.6,267.27,0.59,51.41,0.61,10.17,0.62,63.92,0.39,24.36,0.38,58.92,0.4,57.27,0.41,82.41,0.01,0.01,2319.688655,1776194162000
1776194164.789,64.789,0.61,318.87,0.6,273.06,0.62,13.42,0.63,14.0,0.39,10.17,0.38,63.92,0.4,267.27,0.41,51.41,0.01,0.01,2319.741215,1776194163000
1776194165.025,65.025,0.62,200.5,0.61,441.87,0.63,3.29,0.67,5.0,0.37,8.29,0.33,5.0,0.39,413.87,0.4,275.06,0.01,0.02,2319.741215,1776194163000
1776194165.679,65.679,0.66,368.0,0.65,158.5,0.67,9.92,0.7,35.0,0.33,5.0,0.32,30.0,0.38,235.5,0.39,263.5,0.01,0.05,2319.741215,1776194163000
1776194166.007,66.007,0.69,26.54,0.68,10.0,0.7,50.5,0.71,47.0,0.3,35.0,0.29,30.0,0.34,415.85,0.35,158.5,0.01,0.04,2319.751831,1776194164000
1776194166.355,66.355,0.69,23.08,0.68,15.0,0.7,50.5,0.71,47.0,0.3,50.5,0.29,47.0,0.31,23.08,0.32,15.0,0.01,0.01,2319.755981,1776194165000
1776194167.325,67.325,0.69,95.93,0.68,20.0,0.7,30.5,0.71,30.0,0.3,59.07,0.29,30.0,0.31,73.08,0.32,25.0,0.01,0.01,2319.755981,1776194165000
1776194167.593,67.593,0.69,95.89,0.68,20.0,0.7,30.5,0.71,30.0,0.3,30.5,0.29,30.0,0.31,95.89,0.32,20.0,0.01,0.01,2320.263623,1776194166000
1776194168.144,68.144,0.69,4.0,0.67,25.0,0.7,74.5,0.71,35.0,0.3,30.5,0.29,30.0,0.31,95.89,0.32,20.0,0.01,0.01,2320.263623,1776194166000
1776194168.756,68.756,0.67,222.46,0.66,133.35,0.68,42.0,0.69,12.0,0.3,71.5,0.29,35.0,0.33,25.0,0.34,313.35,0.01,0.03,2320.294458,1776194167000
1776194169.284,69.284,0.67,222.46,0.66,133.35,0.68,42.0,0.69,12.0,0.32,42.0,0.31,12.0,0.33,222.46,0.34,133.35,0.01,0.01,2320.324445,1776194168000
1776194170.258,70.258,0.68,295.25,0.67,78.46,0.69,8.44,0.7,20.5,0.31,5.0,0.3,20.5,0.32,295.25,0.33,68.46,0.01,0.01,2320.324445,1776194168000
1776194170.975,70.975,0.68,295.25,0.67,78.46,0.69,8.44,0.7,20.5,0.31,8.44,0.3,20.5,0.32,295.25,0.33,78.46,0.01,0.01,2320.281733,1776194170000
1776194172.12,72.12,0.68,295.25,0.67,52.46,0.71,11.22,0.72,25.0,0.29,11.22,0.28,25.0,0.32,295.25,0.33,52.46,0.03,0.03,2320.31779,1776194171000
1776194173.027,73.027,0.71,315.5,0.7,84.32,0.72,3.54,0.73,10.5,0.28,4.93,0.27,10.5,0.29,315.5,0.3,84.32,0.01,0.01,2320.31779,1776194171000
1776194173.254,73.254,0.71,315.5,0.7,84.32,0.72,3.54,0.73,10.5,0.28,3.54,0.27,10.5,0.29,315.5,0.3,84.32,0.01,0.01,2320.397057,1776194172000
1776194173.695,73.695,0.74,105.0,0.73,25.0,0.75,18.67,0.76,20.0,0.25,40.99,0.24,39.7,0.29,315.5,0.3,179.32,0.01,0.04,2320.397057,1776194172000
1776194174.434,74.434,0.74,105.0,0.73,25.0,0.75,18.67,0.76,20.0,0.25,18.67,0.24,20.0,0.26,105.0,0.27,25.0,0.01,0.01,2320.56946,1776194173000
1776194174.779,74.779,0.74,95.76,0.73,25.0,0.75,15.5,0.76,9.0,0.25,18.67,0.24,20.0,0.26,105.0,0.27,25.0,0.01,0.01,2320.56946,1776194173000
1776194175.044,75.044,0.74,95.76,0.73,25.0,0.75,5.25,0.76,9.0,0.25,14.07,0.24,9.0,0.26,90.76,0.27,25.0,0.01,0.01,2320.583715,1776194174000
1776194176.414,76.414,0.74,115.76,0.73,25.0,0.75,3.82,0.76,14.0,0.25,5.25,0.24,9.0,0.26,95.76,0.27,25.0,0.01,0.01,2320.583715,1776194174000
1776194176.627,76.627,0.74,111.64,0.73,25.0,0.75,3.82,0.76,15.5,0.25,3.82,0.24,14.0,0.26,115.76,0.27,25.0,0.01,0.01,2320.583715,1776194174000
1776194177.269,77.269,0.74,319.14,0.73,142.5,0.75,2.39,0.78,26.0,0.25,3.82,0.24,15.5,0.26,111.64,0.27,25.0,0.01,0.01,2320.737566,1776194175000
1776194177.917,77.917,0.78,30.0,0.77,34.0,0.79,91.15,0.8,225.5,0.21,28.92,0.2,45.5,0.24,11.61,0.26,319.14,0.01,0.03,2320.690455,1776194176000
1776194178.328,78.328,0.78,20.0,0.77,34.0,0.79,269.79,0.8,60.5,0.21,91.15,0.2,225.5,0.22,30.0,0.23,34.0,0.01,0.01,2320.69116,1776194177000
1776194179.269,79.269,0.78,20.0,0.77,34.0,0.79,269.79,0.8,60.5,0.21,269.79,0.2,60.5,0.22,20.0,0.23,34.0,0.01,0.01,2320.883298,1776194178000
1776194179.992,79.992,0.76,21.61,0.75,27.42,0.78,112.5,0.79,267.5,0.21,269.79,0.2,60.5,0.22,20.0,0.23,34.0,0.02,0.01,2320.883298,1776194178000
1776194180.216,80.216,0.76,10.0,0.75,27.42,0.77,111.11,0.78,85.5,0.22,112.5,0.21,267.5,0.24,21.61,0.25,27.42,0.01,0.02,2320.994117,1776194179000
1776194180.631,80.631,0.76,10.0,0.75,27.42,0.77,289.81,0.78,85.5,0.23,111.11,0.22,85.5,0.24,10.0,0.25,27.42,0.01,0.01,2320.994117,1776194179000
1776194181.509,81.509,0.75,22.02,0.74,25.0,0.77,289.81,0.78,85.5,0.23,289.81,0.22,85.5,0.25,22.02,0.26,25.0,0.02,0.02,2321.093377,1776194180000
1776194182.134,82.134,0.75,22.02,0.74,25.0,0.77,289.81,0.78,85.5,0.23,289.81,0.22,85.5,0.25,22.02,0.26,25.0,0.02,0.02,2320.932601,1776194181000
1776194182.362,82.362,0.75,34.44,0.74,20.0,0.76,238.09,0.77,59.81,0.23,289.81,0.22,85.5,0.25,22.02,0.26,25.0,0.01,0.02,2320.932601,1776194181000
1776194182.955,82.955,0.75,129.94,0.74,317.5,0.77,4.93,0.78,21.0,0.24,238.09,0.23,59.81,0.25,34.44,0.26,20.0,0.02,0.01,2320.932601,1776194181000
1776194183.171,83.171,0.76,115.5,0.75,89.94,0.78,16.21,0.79,58.2,0.23,4.93,0.22,21.0,0.25,129.94,0.26,317.5,0.02,0.02,2320.932601,1776194181000
1776194183.478,83.478,0.76,115.5,0.75,89.94,0.78,16.21,0.79,58.2,0.22,16.21,0.21,58.2,0.24,115.5,0.25,89.94,0.02,0.02,2320.846777,1776194182000
1776194184.145,84.145,0.77,65.0,0.76,75.5,0.79,13.69,0.8,50.5,0.22,16.21,0.21,58.2,0.24,115.5,0.25,89.94,0.02,0.02,2320.846777,1776194182000
1776194184.962,84.962,0.78,19.77,0.77,60.0,0.79,13.69,0.8,61.0,0.21,13.69,0.2,61.0,0.22,19.77,0.23,60.0,0.01,0.01,2320.91471,1776194184000
1776194185.875,85.875,0.78,85.0,0.77,25.0,0.79,42.72,0.8,48.5,0.21,13.69,0.2,61.0,0.22,19.77,0.23,60.0,0.01,0.01,2320.91471,1776194184000
1776194186.296,86.296,0.78,60.0,0.77,25.0,0.79,41.36,0.8,48.5,0.21,41.36,0.2,48.5,0.22,60.0,0.23,25.0,0.01,0.01,2321.002204,1776194185000
1776194186.71,86.71,0.78,43.9,0.77,20.0,0.79,57.06,0.8,228.5,0.21,62.06,0.2,228.5,0.22,48.0,0.23,25.0,0.01,0.01,2321.002204,1776194185000
1776194187.48,87.48,0.78,43.9,0.77,25.0,0.79,64.93,0.8,228.5,0.21,64.93,0.2,228.5,0.22,43.9,0.23,25.0,0.01,0.01,2320.934587,1776194186000
1776194187.925,87.925,0.78,84.4,0.77,35.5,0.79,1.59,0.8,208.0,0.21,64.93,0.2,228.5,0.22,43.9,0.23,25.0,0.01,0.01,2320.934587,1776194186000
1776194188.171,88.171,0.78,69.4,0.77,35.5,0.79,0.23,0.8,208.0,0.21,0.23,0.2,208.0,0.22,69.4,0.23,35.5,0.01,0.01,2320.929188,1776194187000
1776194188.607,88.607,0.78,34.4,0.77,35.5,0.8,206.97,0.81,40.38,0.21,0.23,0.2,208.0,0.22,69.4,0.23,35.5,0.02,0.01,2320.929188,1776194187000
1776194189.434,89.434,0.79,35.5,0.78,29.4,0.8,206.01,0.81,40.38,0.2,206.97,0.19,40.38,0.22,34.4,0.23,35.5,0.01,0.02,2320.929188,1776194187000
1776194189.796,89.796,0.79,35.5,0.78,29.4,0.8,201.52,0.81,40.38,0.2,204.67,0.19,40.38,0.21,50.5,0.22,29.4,0.01,0.01,2320.968211,1776194188000
1776194190.077,90.077,0.79,40.5,0.78,29.4,0.8,199.55,0.81,40.38,0.2,199.55,0.19,40.38,0.21,40.5,0.22,29.4,0.01,0.01,2321.060541,1776194189000
1776194190.4,90.4,0.79,75.5,0.78,24.4,0.8,31.04,0.81,40.38,0.2,199.55,0.19,40.38,0.21,40.5,0.22,29.4,0.01,0.01,2321.060541,1776194189000
1776194190.665,90.665,0.79,40.26,0.78,24.4,0.8,31.04,0.81,40.38,0.2,31.04,0.19,40.38,0.21,75.5,0.22,24.4,0.01,0.01,2321.060541,1776194189000
1776194191.157,91.157,0.8,450.5,0.79,177.26,0.81,6.38,0.83,31.0,0.2,31.04,0.19,40.38,0.21,40.26,0.22,24.4,0.01,0.01,2321.060541,1776194189000
1776194191.387,91.387,0.81,42.5,0.8,645.11,0.83,29.78,0.84,5.0,0.18,8.78,0.17,31.0,0.2,710.11,0.21,170.26,0.02,0.02,2321.060541,1776194189000
1776194191.95,91.95,0.82,132.5,0.81,58.5,0.83,8.0,0.84,5.0,0.17,20.06,0.16,5.0,0.19,62.23,0.2,290.5,0.01,0.02,2321.189395,1776194190000
1776194192.199,92.199,0.82,132.5,0.81,58.5,0.83,8.0,0.84,5.0,0.17,8.0,0.16,5.0,0.18,132.5,0.19,58.5,0.01,0.01,2321.189395,1776194191000
1776194192.511,92.511,0.82,137.0,0.81,153.5,0.83,70.79,0.84,33.0,0.17,8.0,0.16,5.0,0.18,132.5,0.19,58.5,0.01,0.01,2321.189395,1776194191000
1776194192.874,92.874,0.82,11.0,0.81,5.0,0.83,75.79,0.84,53.5,0.17,70.79,0.16,33.0,0.18,137.0,0.19,153.5,0.01,0.01,2321.189395,1776194191000
1776194193.097,93.097,0.78,100.0,0.77,125.5,0.81,10.0,0.83,435.44,0.17,86.29,0.16,53.5,0.18,11.0,0.19,5.0,0.03,0.01,2321.189395,1776194191000
1776194193.401,93.401,0.78,5.0,0.77,125.5,0.79,94.0,0.8,23.0,0.19,8.67,0.17,435.44,0.22,96.55,0.23,125.5,0.01,0.03,2321.25797,1776194192000
1776194193.942,93.942,0.77,125.5,0.76,130.0,0.78,131.12,0.79,237.64,0.21,87.64,0.2,23.0,0.23,130.5,0.24,130.0,0.01,0.02,2321.25797,1776194192000
1776194194.274,94.274,0.77,125.5,0.76,130.0,0.78,122.84,0.79,237.64,0.22,122.84,0.21,237.64,0.23,125.5,0.24,130.0,0.01,0.01,2321.52995,1776194193000
1776194194.83,94.83,0.77,35.5,0.76,120.0,0.78,68.19,0.79,197.64,0.22,122.84,0.21,237.64,0.23,125.5,0.24,130.0,0.01,0.01,2321.52995,1776194193000
1776194195.367,95.367,0.77,35.5,0.76,120.0,0.78,41.61,0.79,197.64,0.22,41.61,0.21,197.64,0.23,35.5,0.24,120.0,0.01,0.01,2321.240133,1776194194000
1776194195.78,95.78,0.77,115.5,0.76,130.0,0.78,76.61,0.79,223.64,0.22,41.61,0.21,207.64,0.23,120.5,0.24,130.0,0.01,0.01,2321.240133,1776194194000
1776194196.455,96.455,0.77,115.5,0.76,130.0,0.78,76.61,0.79,223.64,0.22,76.61,0.21,223.64,0.23,115.5,0.24,130.0,0.01,0.01,2321.071725,1776194195000
1776194196.834,96.834,0.77,125.5,0.76,120.0,0.78,76.61,0.79,212.64,0.22,76.61,0.21,223.64,0.23,115.5,0.24,130.0,0.01,0.01,2321.071725,1776194195000
1776194197.113,97.113,0.77,126.15,0.76,120.0,0.78,81.61,0.79,212.64,0.22,81.61,0.21,212.64,0.23,126.15,0.24,120.0,0.01,0.01,2321.071881,1776194196000
1776194197.71,97.71,0.76,11.5,0.75,140.5,0.77,86.0,0.78,244.0,0.22,81.61,0.21,212.64,0.23,126.15,0.24,120.0,0.01,0.01,2321.071881,1776194196000
1776194198.226,98.226,0.76,11.5,0.75,140.5,0.77,86.0,0.78,244.0,0.23,86.0,0.22,244.0,0.24,11.5,0.25,140.5,0.01,0.01,2321.055739,1776194197000
1776194198.978,98.978,0.76,17.87,0.75,45.5,0.77,79.7,0.78,229.0,0.23,79.7,0.22,234.0,0.24,22.33,0.25,45.5,0.01,0.01,2321.055739,1776194197000
1776194199.29,99.29,0.76,13.41,0.75,45.5,0.77,79.7,0.78,229.0,0.23,79.7,0.22,229.0,0.24,13.41,0.25,45.5,0.01,0.01,2321.051349,1776194198000
1776194200.25,100.25,0.76,18.41,0.75,45.5,0.77,79.7,0.78,239.5,0.23,79.7,0.22,229.0,0.24,18.41,0.25,45.5,0.01,0.01,2321.051349,1776194198000
1776194200.468,100.468,0.76,18.41,0.75,45.5,0.77,79.7,0.78,239.5,0.23,79.7,0.22,239.5,0.24,18.41,0.25,45.5,0.01,0.01,2321.000865,1776194199000
1776194200.846,100.846,0.76,18.41,0.75,45.5,0.77,79.7,0.78,239.5,0.23,79.7,0.22,239.5,0.24,18.41,0.25,45.5,0.01,0.01,2320.999041,1776194200000
1776194201.952,101.952,0.75,10.44,0.74,5.0,0.77,305.5,0.78,116.5,0.23,79.7,0.22,239.5,0.24,18.41,0.25,45.5,0.02,0.01,2320.999041,1776194200000
1776194202.493,102.493,0.72,49.9,0.71,28.43,0.73,19.0,0.74,25.5,0.27,10.0,0.26,25.5,0.28,9.9,0.29,23.43,0.01,0.01,2321.004314,1776194201000
1776194202.739,102.739,0.72,24.9,0.71,23.43,0.73,46.53,0.74,15.0,0.27,19.0,0.26,25.5,0.28,49.9,0.29,28.43,0.01,0.01,2321.004314,1776194201000
1776194203.024,103.024,0.72,31.07,0.71,23.43,0.73,12.0,0.74,15.0,0.27,46.53,0.26,15.0,0.28,24.9,0.29,23.43,0.01,0.01,2321.004314,1776194201000
1776194203.485,103.485,0.69,12.14,0.68,15.0,0.73,13.0,0.74,28.0,0.27,12.0,0.26,15.0,0.28,35.07,0.29,23.43,0.04,0.01,2321.003624,1776194202000
1776194204.088,104.088,0.69,12.14,0.68,15.0,0.73,13.0,0.74,28.0,0.27,13.0,0.26,28.0,0.31,12.14,0.32,15.0,0.04,0.04,2320.62569,1776194203000
1776194205.112,105.112,0.69,12.14,0.68,15.0,0.73,13.0,0.74,28.0,0.27,13.0,0.26,28.0,0.31,12.14,0.32,15.0,0.04,0.04,2320.44653,1776194204000
1776194206.204,106.204,0.69,12.14,0.68,15.0,0.73,13.0,0.74,28.0,0.27,13.0,0.26,28.0,0.31,12.14,0.32,15.0,0.04,0.04,2320.45625,1776194205000
1776194206.453,106.453,0.71,60.5,0.7,30.5,0.72,28.51,0.73,28.0,0.27,13.0,0.26,28.0,0.31,12.14,0.32,15.0,0.01,0.04,2320.45625,1776194205000
1776194207.692,107.692,0.71,60.5,0.7,30.5,0.72,28.51,0.73,28.0,0.28,28.51,0.27,28.0,0.29,60.5,0.3,30.5,0.01,0.01,2320.48745,1776194206000
1776194208.173,108.173,0.71,60.5,0.7,30.5,0.72,28.51,0.73,28.0,0.28,28.51,0.27,28.0,0.29,60.5,0.3,30.5,0.01,0.01,2320.481464,1776194207000
1776194208.519,108.519,0.7,230.16,0.69,12.14,0.71,97.0,0.72,67.0,0.28,106.01,0.27,38.5,0.3,213.5,0.31,12.14,0.01,0.02,2320.481464,1776194207000
1776194208.768,108.768,0.7,226.82,0.69,17.14,0.71,52.0,0.72,37.0,0.29,97.0,0.28,67.0,0.3,230.16,0.31,12.14,0.01,0.01,2320.481464,1776194207000
1776194209.32,109.32,0.7,226.82,0.69,17.14,0.71,52.0,0.72,37.0,0.29,52.0,0.28,37.0,0.3,226.82,0.31,17.14,0.01,0.01,2320.476801,1776194208000
1776194209.926,109.926,0.7,226.82,0.69,17.14,0.71,52.0,0.72,37.0,0.29,52.0,0.28,37.0,0.3,226.82,0.31,17.14,0.01,0.01,2320.476751,1776194209000
1776194210.773,110.773,0.7,221.82,0.69,17.14,0.71,50.0,0.72,10.0,0.29,52.0,0.28,37.0,0.3,226.82,0.31,17.14,0.01,0.01,2320.476751,1776194209000
1776194211.126,111.126,0.7,221.82,0.69,17.14,0.71,50.0,0.72,10.0,0.29,50.0,0.28,10.0,0.3,221.82,0.31,17.14,0.01,0.01,2320.439761,1776194210000
1776194212.383,112.383,0.7,208.48,0.69,17.14,0.71,50.0,0.72,10.0,0.29,50.0,0.28,10.0,0.3,208.48,0.31,17.14,0.01,0.01,2320.448488,1776194211000
1776194212.61,112.61,0.74,23.0,0.73,28.0,0.77,5.41,0.78,5.0,0.25,10.0,0.23,10.0,0.3,374.98,0.31,64.14,0.03,0.05,2320.448488,1776194211000
1776194212.983,112.983,0.74,23.0,0.73,28.0,0.77,5.41,0.78,5.0,0.23,5.41,0.22,5.0,0.26,23.0,0.27,28.0,0.03,0.03,2320.448514,1776194212000
1776194214.106,114.106,0.74,23.0,0.73,28.0,0.77,5.41,0.78,5.0,0.23,5.41,0.22,5.0,0.26,23.0,0.27,28.0,0.03,0.03,2320.464613,1776194213000
1776194214.395,114.395,0.76,95.66,0.75,228.5,0.77,15.41,0.79,15.5,0.23,5.41,0.22,5.0,0.26,23.0,0.27,28.0,0.01,0.03,2320.464613,1776194213000
1776194214.673,114.673,0.76,295.16,0.75,46.0,0.77,0.41,0.79,10.5,0.23,15.41,0.21,15.5,0.24,95.66,0.25,228.5,0.01,0.01,2320.464613,1776194213000
1776194215.005,115.005,0.76,325.06,0.75,58.0,0.77,0.41,0.8,5.0,0.23,0.41,0.21,10.5,0.24,295.16,0.25,46.0,0.01,0.01,2320.464613,1776194213000
1776194216.319,116.319,0.76,300.06,0.75,58.0,0.8,0.03,0.81,5.0,0.2,0.03,0.19,5.0,0.24,300.06,0.25,58.0,0.04,0.04,2321.022738,1776194215000
1776194217.211,117.211,0.8,114.55,0.79,200.0,0.81,24.5,0.82,15.0,0.19,24.5,0.18,15.0,0.2,114.65,0.21,200.0,0.01,0.01,2321.022738,1776194215000
1776194217.556,117.556,0.8,84.55,0.79,200.0,0.81,24.5,0.82,15.0,0.19,24.5,0.18,15.0,0.2,114.55,0.21,200.0,0.01,0.01,2321.1284,1776194216000
1776194217.987,117.987,0.8,84.55,0.79,200.0,0.81,24.5,0.82,15.0,0.19,24.5,0.18,15.0,0.2,84.55,0.21,200.0,0.01,0.01,2321.132485,1776194217000
1776194219.053,119.053,0.8,84.55,0.79,200.0,0.81,24.5,0.82,15.0,0.19,24.5,0.18,15.0,0.2,84.55,0.21,200.0,0.01,0.01,2321.13405,1776194218000
1776194220.102,120.102,0.81,81.0,0.8,83.05,0.84,25.5,0.85,15.0,0.19,24.5,0.18,15.0,0.2,84.55,0.21,200.0,0.03,0.01,2321.13405,1776194218000
1776194221.253,121.253,0.82,50.0,0.81,66.0,0.84,28.5,0.85,15.0,0.16,28.5,0.15,15.0,0.18,50.0,0.19,66.0,0.02,0.02,2321.131695,1776194220000
1776194221.657,121.657,0.83,538.5,0.82,343.71,0.85,9.28,0.86,10.0,0.16,28.5,0.15,15.0,0.18,50.0,0.19,66.0,0.02,0.02,2321.131695,1776194220000
1776194221.882,121.882,0.84,292.5,0.83,428.5,0.86,10.0,0.87,10.0,0.15,9.28,0.14,10.0,0.17,538.5,0.18,343.71,0.02,0.02,2321.131695,1776194220000
1776194222.175,122.175,0.85,609.07,0.84,192.5,0.86,5.0,0.87,10.0,0.14,10.0,0.13,10.0,0.16,292.5,0.17,428.5,0.01,0.02,2321.131695,1776194220000
1776194222.423,122.423,0.85,544.07,0.84,252.5,0.86,9.94,0.87,10.0,0.14,5.0,0.13,10.0,0.15,609.07,0.16,192.5,0.01,0.01,2321.131695,1776194220000
1776194223.07,123.07,0.85,534.07,0.84,282.5,0.88,10.0,0.89,10.0,0.14,4.26,0.13,10.0,0.15,422.5,0.16,374.07,0.03,0.01,2321.131695,1776194220000
1776194223.369,123.369,0.86,213.91,0.85,541.07,0.88,18.41,0.89,10.0,0.13,10.0,0.12,10.0,0.14,112.91,0.15,541.07,0.02,0.01,2321.131695,1776194220000
1776194223.781,123.781,0.87,203.13,0.86,204.41,0.88,28.41,0.89,10.0,0.12,28.41,0.11,10.0,0.13,203.13,0.14,204.41,0.01,0.01,2321.59494,1776194222000
1776194224.014,124.014,0.87,320.63,0.86,178.41,0.88,50.06,0.89,15.0,0.12,28.41,0.11,10.0,0.13,203.13,0.14,204.41,0.01,0.01,2321.59494,1776194222000
1776194224.324,124.324,0.87,320.63,0.86,178.41,0.88,50.06,0.89,15.0,0.12,50.06,0.11,15.0,0.13,320.63,0.14,178.41,0.01,0.01,2322.040841,1776194223000
1776194224.843,124.843,0.87,345.63,0.86,178.41,0.91,267.17,0.92,138.9,0.12,50.06,0.11,15.0,0.13,320.63,0.14,178.41,0.04,0.01,2322.040841,1776194223000
1776194226.276,126.276,0.87,345.63,0.86,178.41,0.91,267.17,0.92,138.9,0.09,267.17,0.08,138.9,0.13,345.63,0.14,178.41,0.04,0.04,2322.171565,1776194225000
1776194226.654,126.654,0.88,213.66,0.87,341.13,0.89,16.95,0.9,35.6,0.11,19.0,0.1,35.6,0.12,213.66,0.13,341.13,0.01,0.01,2322.171565,1776194225000
1776194226.902,126.902,0.88,397.27,0.87,169.13,0.89,15.0,0.9,35.6,0.11,16.95,0.1,35.6,0.12,213.66,0.13,341.13,0.01,0.01,2322.171565,1776194225000
1776194227.441,127.441,0.88,397.27,0.87,169.13,0.89,15.0,0.9,35.6,0.11,15.0,0.1,35.6,0.12,397.27,0.13,169.13,0.01,0.01,2322.139855,1776194226000
1776194228.228,128.228,0.88,397.27,0.87,169.13,0.89,15.0,0.9,35.6,0.11,15.0,0.1,35.6,0.12,397.27,0.13,169.13,0.01,0.01,2322.139855,1776194227000
1776194229.278,129.278,0.89,171.0,0.88,396.5,0.9,19.38,0.91,246.17,0.1,19.38,0.09,246.17,0.11,171.0,0.12,396.5,0.01,0.01,2322.179615,1776194228000
1776194230.118,130.118,0.89,181.0,0.88,395.5,0.9,2.58,0.91,232.17,0.1,19.38,0.09,246.17,0.11,171.0,0.12,396.5,0.01,0.01,2322.179615,1776194228000
1776194230.496,130.496,0.89,181.0,0.88,395.5,0.9,2.58,0.91,232.17,0.1,2.58,0.09,232.17,0.11,181.0,0.12,395.5,0.01,0.01,2322.19747,1776194229000
1776194231.112,131.112,0.89,436.5,0.88,210.5,0.9,1.46,0.91,242.17,0.1,1.46,0.09,242.17,0.11,436.5,0.12,210.5,0.01,0.01,2322.24157,1776194230000
1776194232.247,132.247,0.89,436.5,0.88,210.5,0.9,1.46,0.91,242.17,0.1,1.46,0.09,242.17,0.11,436.5,0.12,210.5,0.01,0.01,2322.22092,1776194231000
1776194233.284,133.284,0.89,407.4,0.88,205.5,0.9,11.46,0.91,8.17,0.1,1.46,0.09,242.17,0.11,436.5,0.12,210.5,0.01,0.01,2322.22092,1776194231000
1776194234.083,134.083,0.89,407.4,0.88,205.5,0.9,11.46,0.91,8.17,0.1,11.46,0.09,8.17,0.11,407.4,0.12,205.5,0.01,0.01,2322.437355,1776194233000
1776194234.793,134.793,0.89,131.0,0.88,158.5,0.9,41.96,0.91,66.17,0.1,11.46,0.09,8.17,0.11,407.4,0.12,205.5,0.01,0.01,2322.437355,1776194233000
1776194235.168,135.168,0.89,131.0,0.88,158.5,0.9,41.96,0.91,66.17,0.1,41.96,0.09,66.17,0.11,131.0,0.12,158.5,0.01,0.01,2322.415655,1776194234000
1776194235.403,135.403,0.87,7.3,0.86,15.0,0.88,10.5,0.89,50.5,0.11,10.0,0.1,258.06,0.12,68.66,0.13,115.0,0.01,0.01,2322.415655,1776194234000
1776194235.749,135.749,0.85,197.05,0.84,319.78,0.86,11.0,0.87,20.5,0.12,10.5,0.11,50.5,0.13,7.3,0.14,15.0,0.01,0.01,2322.415655,1776194234000
1776194236.439,136.439,0.85,165.38,0.84,324.78,0.86,21.0,0.87,15.5,0.14,11.0,0.13,20.5,0.15,197.05,0.16,319.78,0.01,0.01,2322.415655,1776194234000
1776194237.104,137.104,0.85,165.38,0.84,324.78,0.86,21.0,0.87,15.5,0.14,21.0,0.13,15.5,0.15,165.38,0.16,324.78,0.01,0.01,2322.096246,1776194236000
1776194237.336,137.336,0.85,189.21,0.84,329.78,0.86,21.0,0.87,10.5,0.14,21.0,0.13,15.5,0.15,165.38,0.16,324.78,0.01,0.01,2322.096246,1776194236000
1776194238.326,138.326,0.85,189.21,0.84,329.78,0.86,21.0,0.87,10.5,0.14,21.0,0.13,10.5,0.15,189.21,0.16,329.78,0.01,0.01,2321.779234,1776194237000
1776194239.479,139.479,0.85,189.21,0.84,329.78,0.86,21.0,0.87,10.5,0.14,21.0,0.13,10.5,0.15,189.21,0.16,329.78,0.01,0.01,2321.742829,1776194238000
1776194240.469,140.469,0.85,189.21,0.84,329.78,0.86,21.0,0.87,10.5,0.14,21.0,0.13,10.5,0.15,189.21,0.16,329.78,0.01,0.01,2321.804292,1776194239000
1776194241.219,141.219,0.85,189.21,0.84,329.78,0.86,21.0,0.87,10.5,0.14,21.0,0.13,10.5,0.15,189.21,0.16,329.78,0.01,0.01,2321.79561,1776194240000
1776194242.472,142.472,0.85,189.21,0.84,329.78,0.86,21.0,0.87,10.5,0.14,21.0,0.13,10.5,0.15,189.21,0.16,329.78,0.01,0.01,2321.756013,1776194241000
1776194243.222,143.222,0.85,189.21,0.84,329.78,0.86,21.0,0.87,10.5,0.14,21.0,0.13,10.5,0.15,189.21,0.16,329.78,0.01,0.01,2321.756528,1776194242000
1776194244.033,144.033,0.85,367.07,0.84,146.78,0.86,21.0,0.88,10.5,0.14,21.0,0.13,10.5,0.15,189.21,0.16,329.78,0.01,0.01,2321.756528,1776194242000
1776194244.472,144.472,0.85,372.79,0.84,176.6,0.86,21.0,0.88,10.5,0.14,21.0,0.12,10.5,0.15,372.79,0.16,176.6,0.01,0.01,2321.802426,1776194243000
1776194245.232,145.232,0.85,372.79,0.84,176.6,0.86,21.0,0.88,10.5,0.14,21.0,0.12,10.5,0.15,372.79,0.16,176.6,0.01,0.01,2321.80509,1776194244000
1776194246.415,146.415,0.85,372.79,0.84,176.6,0.86,21.0,0.88,10.5,0.14,21.0,0.12,10.5,0.15,372.79,0.16,176.6,0.01,0.01,2321.803981,1776194245000
1776194246.972,146.972,0.88,294.5,0.87,175.07,0.89,10.28,0.9,11.46,0.11,35.5,0.1,380.06,0.15,379.79,0.16,169.6,0.01,0.04,2321.803981,1776194245000
1776194247.245,147.245,0.89,280.4,0.88,303.07,0.9,11.46,0.91,8.17,0.1,11.46,0.09,8.17,0.12,373.5,0.13,180.07,0.01,0.02,2321.802642,1776194246000
1776194247.588,147.588,0.89,294.4,0.88,293.07,0.9,10.23,0.91,8.17,0.1,11.46,0.09,8.17,0.11,280.4,0.12,303.07,0.01,0.01,2321.802642,1776194246000
1776194247.788,147.788,0.89,289.4,0.88,293.07,0.9,20.23,0.91,8.17,0.1,10.23,0.09,8.17,0.11,294.4,0.12,293.07,0.01,0.01,2321.802642,1776194246000
1776194248.384,148.384,0.89,322.4,0.88,293.07,0.9,0.23,0.91,14.17,0.1,0.23,0.09,14.17,0.11,322.4,0.12,293.07,0.01,0.01,2321.798659,1776194247000
1776194249.12,149.12,0.89,322.4,0.88,293.07,0.9,0.23,0.91,14.17,0.1,0.23,0.09,14.17,0.11,322.4,0.12,293.07,0.01,0.01,2322.086784,1776194248000
1776194249.901,149.901,0.9,226.5,0.89,84.5,0.91,19.22,0.92,15.0,0.1,0.23,0.09,14.17,0.11,322.4,0.12,293.07,0.01,0.01,2322.086784,1776194248000
1776194250.45,150.45,0.9,226.5,0.89,84.5,0.91,19.22,0.92,15.0,0.09,19.22,0.08,15.0,0.1,226.5,0.11,84.5,0.01,0.01,2322.33261,1776194249000
1776194251.087,151.087,0.9,226.5,0.89,84.5,0.91,19.22,0.92,15.0,0.09,19.22,0.08,15.0,0.1,226.5,0.11,84.5,0.01,0.01,2322.332155,1776194250000
1776194251.496,151.496,0.91,7.0,0.9,306.05,0.92,10.0,0.93,187.3,0.09,18.12,0.08,10.0,0.1,306.05,0.11,155.82,0.01,0.01,2322.332155,1776194250000
1776194252.526,152.526,0.91,7.0,0.9,306.05,0.92,10.0,0.93,187.3,0.08,10.0,0.07,187.3,0.09,7.0,0.1,306.05,0.01,0.01,2322.368975,1776194251000
1776194253.251,153.251,0.91,7.0,0.9,306.05,0.92,10.0,0.93,187.3,0.08,10.0,0.07,187.3,0.09,7.0,0.1,306.05,0.01,0.01,2322.403821,1776194252000
1776194253.875,153.875,0.91,337.99,0.9,117.5,0.93,75.3,0.94,323.8,0.08,19.92,0.07,262.3,0.09,327.99,0.1,101.5,0.02,0.01,2322.403821,1776194252000
1776194254.181,154.181,0.91,386.43,0.9,117.5,0.92,4.57,0.93,20.0,0.08,10.0,0.07,75.3,0.09,386.43,0.1,117.5,0.01,0.01,2322.403821,1776194252000
1776194254.577,154.577,0.91,446.94,0.9,252.5,0.92,5.57,0.93,10.0,0.08,4.57,0.07,20.0,0.09,386.43,0.1,117.5,0.01,0.01,2322.403821,1776194252000
1776194255.047,155.047,0.92,353.12,0.91,176.94,0.93,10.0,0.94,84.8,0.06,84.8,0.05,169.8,0.09,446.94,0.1,252.5,0.01,0.03,2322.37429,1776194253000
1776194255.289,155.289,0.92,358.12,0.91,171.94,0.93,4.62,0.94,84.8,0.07,4.62,0.06,84.8,0.08,358.12,0.09,171.94,0.01,0.01,2322.391995,1776194254000
1776194255.825,155.825,0.92,358.12,0.91,166.94,0.93,14.67,0.94,21.0,0.07,4.62,0.06,84.8,0.08,358.12,0.09,171.94,0.01,0.01,2322.391995,1776194254000
1776194256.472,156.472,0.92,368.12,0.91,166.94,0.93,9.29,0.94,21.0,0.07,14.67,0.06,21.0,0.08,358.12,0.09,166.94,0.01,0.01,2322.391995,1776194254000
1776194257.334,157.334,0.92,368.12,0.91,166.94,0.95,130.09,0.96,248.8,0.05,130.09,0.04,248.8,0.08,368.12,0.09,166.94,0.03,0.03,2322.588785,1776194256000
1776194257.581,157.581,0.93,351.0,0.92,103.12,0.94,126.99,0.95,336.29,0.06,128.17,0.05,336.29,0.07,346.0,0.08,108.12,0.01,0.01,2322.588785,1776194256000
1776194258.821,158.821,0.93,351.0,0.92,103.12,0.94,126.99,0.95,336.29,0.06,126.99,0.05,336.29,0.07,351.0,0.08,103.12,0.01,0.01,2322.768874,1776194257000
1776194259.516,159.516,0.93,351.0,0.92,103.12,0.94,126.99,0.95,336.29,0.06,126.99,0.05,336.29,0.07,351.0,0.08,103.12,0.01,0.01,2322.760035,1776194258000
1776194260.071,160.071,0.93,361.5,0.92,205.31,0.94,18.93,0.95,387.29,0.06,118.59,0.05,318.29,0.07,351.0,0.08,103.12,0.01,0.01,2322.760035,1776194258000
1776194260.441,160.441,0.93,361.5,0.92,205.31,0.95,118.37,0.96,248.8,0.06,18.93,0.05,387.29,0.07,361.5,0.08,205.31,0.02,0.01,2322.760035,1776194259000
1776194261.001,161.001,0.93,361.5,0.92,205.31,0.95,118.37,0.96,248.8,0.05,118.37,0.04,248.8,0.07,361.5,0.08,205.31,0.02,0.02,2322.78832,1776194260000
1776194261.354,161.354,0.94,486.55,0.93,133.5,0.95,288.09,0.96,155.0,0.05,289.15,0.04,155.0,0.06,486.55,0.07,116.5,0.01,0.01,2322.78832,1776194260000
1776194262.371,162.371,0.94,486.55,0.93,133.5,0.95,288.09,0.96,155.0,0.05,288.09,0.04,155.0,0.06,486.55,0.07,133.5,0.01,0.01,2322.783985,1776194261000
1776194262.989,162.989,0.94,5.0,0.93,176.02,0.95,390.56,0.96,254.8,0.05,396.62,0.04,161.0,0.06,154.55,0.07,45.0,0.01,0.01,2322.783985,1776194261000
1776194263.198,163.198,0.94,5.0,0.93,176.02,0.95,390.56,0.96,254.8,0.05,390.56,0.04,254.8,0.06,5.0,0.07,176.02,0.01,0.01,2322.786785,1776194262000
1776194263.897,163.897,0.94,105.0,0.93,366.52,0.95,378.63,0.96,254.8,0.05,390.56,0.04,254.8,0.06,5.0,0.07,176.02,0.01,0.01,2322.786785,1776194262000
1776194264.734,164.734,0.94,105.0,0.93,366.52,0.95,378.63,0.96,254.8,0.05,378.63,0.04,254.8,0.06,105.0,0.07,366.52,0.01,0.01,2322.758655,1776194263000
1776194265.098,165.098,0.94,162.0,0.93,240.5,0.95,375.13,0.96,248.8,0.05,378.63,0.04,254.8,0.06,105.0,0.07,366.52,0.01,0.01,2322.758655,1776194263000
1776194265.473,165.473,0.94,162.0,0.93,240.5,0.95,375.13,0.96,248.8,0.05,375.13,0.04,248.8,0.06,162.0,0.07,240.5,0.01,0.01,2322.63782,1776194264000
1776194265.925,165.925,0.94,313.0,0.93,60.5,0.95,416.02,0.96,155.0,0.05,375.13,0.04,248.8,0.06,162.0,0.07,240.5,0.01,0.01,2322.63782,1776194264000
1776194266.224,166.224,0.94,313.0,0.93,60.5,0.95,416.02,0.96,155.0,0.05,416.02,0.04,155.0,0.06,313.0,0.07,60.5,0.01,0.01,2322.646398,1776194265000
1776194266.761,166.761,0.94,110.0,0.93,245.5,0.95,392.37,0.96,155.0,0.05,416.02,0.04,155.0,0.06,313.0,0.07,60.5,0.01,0.01,2322.646398,1776194265000
1776194267.467,167.467,0.94,110.0,0.93,245.5,0.95,387.42,0.96,155.0,0.05,387.42,0.04,155.0,0.06,110.0,0.07,245.5,0.01,0.01,2322.680475,1776194266000
1776194268.307,168.307,0.94,110.0,0.93,245.5,0.95,387.42,0.96,155.0,0.05,387.42,0.04,155.0,0.06,110.0,0.07,245.5,0.01,0.01,2322.678455,1776194267000
1776194268.904,168.904,0.94,71.33,0.93,292.98,0.95,371.42,0.96,155.0,0.05,387.42,0.04,155.0,0.06,110.0,0.07,245.5,0.01,0.01,2322.678455,1776194267000
1776194269.655,169.655,0.94,71.33,0.93,292.98,0.95,371.42,0.96,155.0,0.05,371.42,0.04,155.0,0.06,71.33,0.07,292.98,0.01,0.01,2322.683365,1776194268000
1776194270.312,170.312,0.94,71.33,0.93,292.98,0.95,371.42,0.96,155.0,0.05,371.42,0.04,155.0,0.06,71.33,0.07,292.98,0.01,0.01,2322.68024,1776194269000
1776194270.981,170.981,0.94,71.33,0.93,292.98,0.95,371.42,0.96,155.0,0.05,371.42,0.04,155.0,0.06,71.33,0.07,292.98,0.01,0.01,2322.68045,1776194270000
1776194271.335,171.335,0.94,54.08,0.93,298.36,0.95,234.36,0.96,155.0,0.05,371.42,0.04,155.0,0.06,71.33,0.07,292.98,0.01,0.01,2322.68045,1776194270000
1776194272.071,172.071,0.94,5.08,0.93,25.38,0.95,310.36,0.96,260.0,0.05,234.36,0.04,155.0,0.06,54.08,0.07,298.36,0.01,0.01,2322.68045,1776194270000
1776194272.37,172.37,0.93,20.38,0.92,15.43,0.95,452.36,0.96,260.0,0.05,310.36,0.04,260.0,0.06,5.08,0.07,25.38,0.02,0.01,2322.68045,1776194270000
1776194272.836,172.836,0.91,43.5,0.9,15.56,0.92,18.57,0.93,224.15,0.07,17.62,0.06,154.0,0.08,15.43,0.09,43.5,0.01,0.01,2322.668195,1776194271000
1776194273.092,173.092,0.91,43.5,0.9,15.56,0.92,18.57,0.93,224.15,0.08,18.57,0.07,224.15,0.09,43.5,0.1,15.56,0.01,0.01,2322.668195,1776194272000
1776194273.398,173.398,0.91,20.85,0.9,25.56,0.92,128.3,0.93,138.76,0.08,133.3,0.07,128.76,0.09,21.97,0.1,25.56,0.01,0.01,2322.668195,1776194272000
1776194273.693,173.693,0.91,9.73,0.9,25.56,0.92,118.57,0.93,138.76,0.08,128.3,0.07,138.76,0.09,20.85,0.1,25.56,0.01,0.01,2322.668195,1776194272000
1776194274.339,174.339,0.91,9.73,0.9,25.56,0.92,202.3,0.93,138.76,0.08,118.57,0.07,138.76,0.09,9.73,0.1,25.56,0.01,0.01,2322.668195,1776194272000
1776194274.56,174.56,0.91,9.73,0.9,25.56,0.92,202.3,0.93,138.76,0.08,202.3,0.07,138.76,0.09,9.73,0.1,25.56,0.01,0.01,2322.209,1776194273000
1776194275.355,175.355,0.9,78.19,0.89,71.12,0.92,207.3,0.93,242.06,0.08,202.3,0.07,138.76,0.09,9.73,0.1,25.56,0.02,0.01,2322.209,1776194273000
1776194275.703,175.703,0.9,78.19,0.89,71.12,0.92,207.3,0.93,242.06,0.08,207.3,0.07,242.06,0.1,78.19,0.11,71.12,0.02,0.02,2322.01688,1776194274000
1776194276.779,176.779,0.9,78.19,0.89,71.12,0.92,207.3,0.93,242.06,0.08,207.3,0.07,242.06,0.1,78.19,0.11,71.12,0.02,0.02,2321.917573,1776194275000
1776194277.106,177.106,0.9,68.19,0.89,216.12,0.91,175.49,0.92,137.3,0.08,207.3,0.07,242.06,0.1,78.19,0.11,71.12,0.01,0.02,2321.917573,1776194275000
1776194277.476,177.476,0.9,68.19,0.89,216.12,0.91,175.49,0.92,137.3,0.09,175.49,0.08,137.3,0.1,68.19,0.11,216.12,0.01,0.01,2321.918579,1776194276000
1776194278.283,178.283,0.9,59.28,0.89,20.62,0.91,175.49,0.92,158.3,0.09,175.49,0.08,158.3,0.1,59.28,0.11,20.62,0.01,0.01,2321.849035,1776194277000
1776194279.039,179.039,0.9,59.28,0.89,20.62,0.91,175.49,0.92,158.3,0.09,175.49,0.08,158.3,0.1,59.28,0.11,20.62,0.01,0.01,2321.823368,1776194278000
1776194280.431,180.431,0.9,59.28,0.89,25.62,0.91,182.49,0.92,147.3,0.09,182.49,0.08,147.3,0.1,59.28,0.11,25.62,0.01,0.01,2321.743622,1776194279000
1776194281.192,181.192,0.9,59.28,0.89,25.62,0.91,182.49,0.92,147.3,0.09,182.49,0.08,147.3,0.1,59.28,0.11,25.62,0.01,0.01,2321.743071,1776194280000
1776194281.6,181.6,0.9,15.4,0.89,205.62,0.91,169.84,0.92,135.3,0.09,175.22,0.08,125.3,0.1,15.4,0.11,205.62,0.01,0.01,2321.743071,1776194280000
1776194281.861,181.861,0.9,15.4,0.89,205.62,0.91,161.49,0.92,35.3,0.09,167.65,0.08,35.3,0.1,15.4,0.11,205.62,0.01,0.01,2321.743071,1776194280000
1776194282.496,182.496,0.89,204.52,0.88,94.5,0.91,155.61,0.92,35.3,0.09,155.61,0.08,35.3,0.11,204.52,0.12,94.5,0.02,0.02,2321.748868,1776194281000
1776194283.379,183.379,0.89,204.52,0.88,94.5,0.91,155.61,0.92,35.3,0.09,155.61,0.08,35.3,0.11,204.52,0.12,94.5,0.02,0.02,2321.696583,1776194282000
1776194284.067,184.067,0.89,204.52,0.88,94.5,0.91,155.61,0.92,35.3,0.09,155.61,0.08,35.3,0.11,204.52,0.12,94.5,0.02,0.02,2321.735092,1776194283000
1776194285.489,185.489,0.89,204.52,0.88,94.5,0.91,155.61,0.92,35.3,0.09,155.61,0.08,35.3,0.11,204.52,0.12,94.5,0.02,0.02,2321.684036,1776194284000
1776194286.324,186.324,0.89,204.52,0.88,94.5,0.91,155.61,0.92,35.3,0.09,155.61,0.08,35.3,0.11,204.52,0.12,94.5,0.02,0.02,2321.709982,1776194285000
1776194287.039,187.039,0.89,204.52,0.88,94.5,0.91,155.61,0.92,35.3,0.09,155.61,0.08,35.3,0.11,204.52,0.12,94.5,0.02,0.02,2321.703503,1776194286000
1776194287.741,187.741,0.9,58.81,0.89,245.02,0.91,18.0,0.92,47.3,0.09,155.61,0.08,35.3,0.11,204.52,0.12,94.5,0.01,0.02,2321.703503,1776194286000
1776194288.571,188.571,0.9,58.81,0.89,245.02,0.91,18.0,0.92,47.3,0.09,18.0,0.08,47.3,0.1,58.81,0.11,245.02,0.01,0.01,2321.709881,1776194287000
1776194289.133,189.133,0.9,289.31,0.89,70.02,0.91,4.5,0.92,35.3,0.09,18.0,0.08,47.3,0.1,58.81,0.11,245.02,0.01,0.01,2321.709881,1776194287000
1776194290.538,190.538,0.9,289.31,0.89,70.02,0.91,4.5,0.92,35.3,0.09,4.5,0.08,35.3,0.1,289.31,0.11,70.02,0.01,0.01,2321.703325,1776194289000
1776194291.266,191.266,0.9,289.31,0.89,70.02,0.91,4.5,0.92,35.3,0.09,4.5,0.08,35.3,0.1,289.31,0.11,70.02,0.01,0.01,2321.725072,1776194290000
1776194291.56,191.56,0.91,166.5,0.9,110.31,0.92,10.8,0.93,48.76,0.09,4.5,0.08,35.3,0.1,289.31,0.11,70.02,0.01,0.01,2321.725072,1776194290000
1776194291.972,191.972,0.91,361.5,0.9,105.31,0.93,48.76,0.94,195.0,0.08,0.69,0.07,48.76,0.09,341.5,0.1,110.31,0.02,0.01,2321.725072,1776194290000
1776194292.652,192.652,0.91,361.5,0.9,105.31,0.93,48.76,0.94,195.0,0.07,48.76,0.06,195.0,0.09,361.5,0.1,105.31,0.02,0.02,2321.720553,1776194291000
1776194293.439,193.439,0.91,361.5,0.9,105.31,0.93,48.76,0.94,195.0,0.07,48.76,0.06,195.0,0.09,361.5,0.1,105.31,0.02,0.02,2321.759073,1776194292000
1776194294.046,194.046,0.87,8.9,0.86,35.0,0.89,119.5,0.9,270.5,0.09,85.0,0.08,200.0,0.12,3.98,0.13,35.0,0.02,0.03,2321.759073,1776194292000
1776194294.5,194.5,0.87,8.9,0.86,35.0,0.89,119.5,0.9,270.5,0.11,119.5,0.1,270.5,0.13,8.9,0.14,35.0,0.02,0.02,2321.849766,1776194293000
1776194295.163,195.163,0.87,8.9,0.86,35.0,0.89,119.5,0.9,270.5,0.11,119.5,0.1,270.5,0.13,8.9,0.14,35.0,0.02,0.02,2321.76965,1776194294000
1776194295.688,195.688,0.88,242.93,0.87,94.4,0.89,30.15,0.9,113.5,0.11,76.15,0.1,113.5,0.12,249.5,0.13,89.4,0.01,0.01,2321.76965,1776194294000
1776194296.061,196.061,0.88,233.59,0.87,79.4,0.89,30.15,0.9,113.5,0.11,30.15,0.1,113.5,0.12,242.93,0.13,94.4,0.01,0.01,2321.76965,1776194294000
1776194296.293,196.293,0.88,219.91,0.87,79.4,0.89,30.15,0.9,113.5,0.11,30.15,0.1,113.5,0.12,233.25,0.13,79.4,0.01,0.01,2321.441641,1776194295000
1776194297.153,197.153,0.88,215.91,0.87,89.4,0.89,0.15,0.9,103.0,0.11,30.15,0.1,113.5,0.12,219.91,0.13,79.4,0.01,0.01,2321.441641,1776194295000
1776194298.233,198.233,0.88,215.91,0.87,89.4,0.89,0.15,0.9,103.0,0.11,0.15,0.1,103.0,0.12,215.91,0.13,89.4,0.01,0.01,2321.394992,1776194297000
1776194299.309,199.309,0.89,350.4,0.88,53.91,0.9,110.52,0.91,226.0,0.1,100.42,0.09,226.0,0.12,220.91,0.13,211.59,0.01,0.02,2321.394992,1776194297000
1776194299.721,199.721,0.89,252.13,0.88,150.87,0.9,101.92,0.91,46.0,0.1,109.29,0.09,226.0,0.11,339.4,0.12,58.91,0.01,0.01,2321.385658,1776194298000
1776194300.003,200.003,0.89,252.13,0.88,150.87,0.9,101.92,0.91,46.0,0.1,101.92,0.09,46.0,0.11,252.13,0.12,150.87,0.01,0.01,2321.400866,1776194299000
1776194300.304,200.304,0.89,265.03,0.88,150.87,0.9,101.92,0.91,46.0,0.1,101.92,0.09,46.0,0.11,252.13,0.12,150.87,0.01,0.01,2321.400866,1776194299000
1776194300.949,200.949,0.89,265.03,0.88,150.87,0.9,101.92,0.91,46.0,0.1,101.92,0.09,46.0,0.11,265.03,0.12,150.87,0.01,0.01,2321.39961,1776194300000
1776194301.74,201.74,0.89,255.3,0.88,131.54,0.9,101.92,0.91,46.0,0.1,101.92,0.09,46.0,0.11,265.03,0.12,150.87,0.01,0.01,2321.39961,1776194300000
1776194302.004,202.004,0.89,235.84,0.88,131.54,0.9,100.8,0.91,46.0,0.1,100.8,0.09,46.0,0.11,235.84,0.12,131.54,0.01,0.01,2321.407739,1776194301000
1776194302.486,202.486,0.89,209.74,0.88,131.54,0.9,100.8,0.91,46.0,0.1,100.8,0.09,46.0,0.11,235.84,0.12,131.54,0.01,0.01,2321.407739,1776194301000
1776194302.703,202.703,0.89,200.64,0.88,131.54,0.9,100.8,0.91,46.0,0.1,100.8,0.09,46.0,0.11,209.74,0.12,131.54,0.01,0.01,2321.407739,1776194301000
1776194303.179,203.179,0.89,200.64,0.88,131.54,0.9,100.8,0.91,46.0,0.1,100.8,0.09,46.0,0.11,200.64,0.12,131.54,0.01,0.01,2321.41827,1776194302000
1776194303.737,203.737,0.89,175.64,0.88,106.54,0.9,125.57,0.91,46.0,0.1,100.8,0.09,46.0,0.11,200.64,0.12,131.54,0.01,0.01,2321.41827,1776194302000
1776194304.204,204.204,0.89,175.64,0.88,106.54,0.9,125.57,0.91,46.0,0.1,125.57,0.09,46.0,0.11,175.64,0.12,106.54,0.01,0.01,2321.41827,1776194303000
1776194304.57,204.57,0.89,175.64,0.88,124.49,0.9,99.57,0.91,46.0,0.1,125.57,0.09,46.0,0.11,175.64,0.12,106.54,0.01,0.01,2321.41827,1776194303000
1776194304.801,204.801,0.89,170.64,0.88,124.49,0.9,89.55,0.91,46.0,0.1,99.57,0.09,46.0,0.11,175.64,0.12,124.49,0.01,0.01,2321.41827,1776194303000
1776194305.369,205.369,0.89,170.64,0.88,124.49,0.9,89.55,0.91,46.0,0.1,89.55,0.09,46.0,0.11,170.64,0.12,124.49,0.01,0.01,2321.381827,1776194304000
1776194305.884,205.884,0.89,162.31,0.88,136.49,0.9,89.55,0.91,46.0,0.1,89.55,0.09,46.0,0.11,161.54,0.12,136.49,0.01,0.01,2321.381827,1776194304000
1776194306.367,206.367,0.89,157.58,0.88,136.49,0.9,89.55,0.91,46.0,0.1,89.55,0.09,46.0,0.11,157.58,0.12,136.49,0.01,0.01,2321.38434,1776194305000
1776194306.834,206.834,0.89,237.58,0.88,178.2,0.9,88.32,0.91,46.0,0.1,89.55,0.09,46.0,0.11,157.58,0.12,136.49,0.01,0.01,2321.38434,1776194305000
1776194307.499,207.499,0.89,214.38,0.88,178.2,0.9,88.32,0.91,46.0,0.1,88.32,0.09,46.0,0.11,228.48,0.12,178.2,0.01,0.01,2321.376756,1776194306000
1776194308.368,208.368,0.89,219.38,0.88,178.2,0.9,0.32,0.91,41.0,0.1,0.32,0.09,41.0,0.11,219.38,0.12,178.2,0.01,0.01,2321.379143,1776194307000
1776194308.763,208.763,0.9,5.0,0.89,170.33,0.91,41.0,0.92,205.0,0.1,0.32,0.09,41.0,0.11,219.38,0.12,178.2,0.01,0.01,2321.379143,1776194307000
1776194309.351,209.351,0.9,261.34,0.89,154.33,0.92,20.0,0.93,218.76,0.09,41.0,0.08,205.0,0.1,5.0,0.11,170.33,0.02,0.01,2321.379143,1776194307000
1776194309.93,209.93,0.92,0.62,0.9,315.34,0.93,218.76,0.94,15.0,0.07,218.76,0.06,15.0,0.08,0.62,0.1,315.34,0.01,0.01,2321.403674,1776194309000
1776194310.812,210.812,0.92,382.01,0.91,70.5,0.93,30.06,0.94,10.0,0.07,218.76,0.06,15.0,0.08,0.62,0.1,315.34,0.01,0.01,2321.403674,1776194309000
1776194311.122,211.122,0.92,362.01,0.91,75.5,0.94,16.0,0.95,10.0,0.07,59.9,0.06,16.0,0.08,362.01,0.09,70.5,0.02,0.01,2321.571354,1776194310000
1776194311.755,211.755,0.93,258.0,0.92,197.01,0.94,8.55,0.95,117.0,0.06,10.68,0.05,110.0,0.07,10.0,0.08,382.01,0.01,0.01,2321.571354,1776194310000
1776194311.965,211.965,0.93,258.0,0.92,73.12,0.94,7.48,0.95,45.0,0.06,7.48,0.05,45.0,0.07,258.0,0.08,73.12,0.01,0.01,2321.662671,1776194311000
1776194312.495,212.495,0.93,273.5,0.92,67.5,0.94,2.16,0.95,45.0,0.06,7.48,0.05,45.0,0.07,258.0,0.08,73.12,0.01,0.01,2321.662671,1776194311000
1776194312.772,212.772,0.93,268.5,0.92,67.5,0.94,0.52,0.95,25.6,0.05,36.6,0.04,169.0,0.07,268.5,0.08,67.5,0.01,0.02,2321.662671,1776194311000
1776194312.974,212.974,0.93,268.5,0.92,67.5,0.94,0.52,0.95,25.6,0.06,0.52,0.05,25.6,0.07,268.5,0.08,67.5,0.01,0.01,2321.724135,1776194312000
1776194313.363,213.363,0.93,258.21,0.92,236.41,0.94,122.52,0.95,25.6,0.06,0.52,0.05,25.6,0.07,268.5,0.08,67.5,0.01,0.01,2321.724135,1776194312000
1776194314.02,214.02,0.93,242.92,0.92,236.41,0.94,121.34,0.95,25.6,0.06,121.34,0.05,25.6,0.07,242.92,0.08,236.41,0.01,0.01,2321.73846,1776194313000
1776194314.239,214.239,0.93,317.92,0.92,230.41,0.94,113.21,0.95,35.6,0.06,121.34,0.05,25.6,0.07,242.92,0.08,236.41,0.01,0.01,2321.73846,1776194313000
1776194314.581,214.581,0.93,246.49,0.92,230.41,0.95,72.6,0.96,343.0,0.06,113.21,0.05,35.6,0.07,246.49,0.08,230.41,0.02,0.01,2321.73846,1776194313000
1776194315.044,215.044,0.93,240.24,0.92,71.5,0.94,10.0,0.95,72.6,0.06,10.0,0.05,72.6,0.07,240.24,0.08,71.5,0.01,0.01,2321.77985,1776194314000
1776194315.826,215.826,0.93,478.58,0.92,72.5,0.95,72.6,0.96,349.0,0.06,15.0,0.05,72.6,0.07,196.66,0.08,71.5,0.02,0.01,2321.77985,1776194314000
1776194316.108,216.108,0.93,478.58,0.92,72.5,0.95,72.6,0.96,349.0,0.05,72.6,0.04,349.0,0.07,478.58,0.08,72.5,0.02,0.02,2321.852995,1776194315000
1776194316.357,216.357,0.93,473.58,0.92,72.5,0.96,222.3,0.97,296.0,0.05,72.6,0.04,349.0,0.07,478.58,0.08,72.5,0.03,0.02,2321.852995,1776194315000
1776194316.898,216.898,0.93,503.58,0.92,55.5,0.95,297.93,0.96,16.0,0.04,222.3,0.03,296.0,0.07,473.58,0.08,72.5,0.02,0.03,2321.852995,1776194315000
1776194317.162,217.162,0.93,503.58,0.92,55.5,0.95,297.93,0.96,16.0,0.05,297.93,0.04,16.0,0.07,503.58,0.08,55.5,0.02,0.02,2321.871535,1776194316000
1776194318.224,218.224,0.93,503.58,0.92,55.5,0.95,297.93,0.96,16.0,0.05,297.93,0.04,16.0,0.07,503.58,0.08,55.5,0.02,0.02,2321.8511,1776194317000
1776194318.713,218.713,0.93,165.5,0.92,55.5,0.95,213.52,0.96,196.0,0.05,297.93,0.04,16.0,0.07,503.58,0.08,55.5,0.02,0.02,2321.8511,1776194317000
1776194319.231,219.231,0.93,15.0,0.92,10.0,0.95,40.0,0.96,25.0,0.05,115.36,0.04,190.0,0.06,116.25,0.07,85.5,0.02,0.01,2321.8511,1776194317000
1776194319.449,219.449,0.93,1.31,0.92,58.9,0.94,25.82,0.95,20.0,0.05,40.0,0.04,25.0,0.07,1.31,0.08,58.9,0.01,0.02,2321.81606,1776194318000
1776194319.747,219.747,0.92,58.9,0.91,10.0,0.93,98.69,0.95,15.0,0.06,25.82,0.05,20.0,0.07,1.31,0.08,58.9,0.01,0.01,2321.81606,1776194318000
1776194320.329,220.329,0.92,144.9,0.91,27.0,0.93,78.69,0.95,10.0,0.07,78.69,0.05,10.0,0.08,144.9,0.09,27.0,0.01,0.01,2321.813215,1776194319000
1776194320.961,220.961,0.93,10.0,0.92,107.39,0.94,27.21,0.95,15.0,0.07,78.69,0.05,10.0,0.08,144.9,0.09,27.0,0.01,0.01,2321.813215,1776194319000
1776194321.514,221.514,0.93,25.0,0.92,116.02,0.94,26.14,0.95,295.0,0.06,22.21,0.05,195.0,0.08,106.02,0.09,10.0,0.01,0.02,2321.813215,1776194319000
1776194321.866,221.866,0.93,10.0,0.92,111.02,0.94,16.14,0.95,195.0,0.06,16.14,0.05,195.0,0.07,10.0,0.08,111.02,0.01,0.01,2321.532505,1776194320000
1776194322.089,222.089,0.92,5.0,0.91,15.0,0.93,43.0,0.94,200.0,0.06,16.14,0.05,270.8,0.09,10.0,0.1,10.0,0.01,0.03,2321.532505,1776194320000
1776194322.365,222.365,0.91,15.0,0.9,15.0,0.92,29.0,0.93,56.34,0.07,61.34,0.06,200.0,0.08,5.0,0.09,15.0,0.01,0.01,2321.532505,1776194320000
1776194322.825,222.825,0.91,8.88,0.9,15.0,0.92,29.0,0.93,151.34,0.08,29.0,0.07,56.34,0.09,15.0,0.1,15.0,0.01,0.01,2321.55299,1776194321000
1776194323.126,223.126,0.91,3.88,0.9,15.0,0.92,207.22,0.93,161.34,0.08,207.22,0.07,161.34,0.09,3.88,0.1,15.0,0.01,0.01,2321.461465,1776194322000
1776194324.142,224.142,0.91,110.9,0.9,205.5,0.92,99.05,0.93,161.34,0.08,211.05,0.07,161.34,0.09,3.88,0.1,26.69,0.01,0.01,2321.461465,1776194322000
1776194324.37,224.37,0.91,110.9,0.9,205.5,0.92,99.05,0.93,161.34,0.08,99.05,0.07,161.34,0.09,110.9,0.1,205.5,0.01,0.01,2321.223755,1776194323000
1776194324.836,224.836,0.91,119.78,0.9,210.5,0.92,36.05,0.93,341.34,0.08,99.05,0.07,161.34,0.09,110.9,0.1,205.5,0.01,0.01,2321.223755,1776194323000
1776194325.215,225.215,0.91,124.78,0.9,210.5,0.92,25.88,0.93,346.34,0.08,36.05,0.07,341.34,0.09,119.78,0.1,210.5,0.01,0.01,2321.200367,1776194324000
1776194325.755,225.755,0.91,113.66,0.9,210.5,0.92,25.88,0.93,341.34,0.08,25.88,0.07,346.34,0.09,124.78,0.1,210.5,0.01,0.01,2321.200367,1776194324000
1776194326.25,226.25,0.91,113.66,0.9,210.5,0.92,20.93,0.93,341.34,0.08,20.93,0.07,341.34,0.09,113.66,0.1,210.5,0.01,0.01,2321.24556,1776194325000
1776194326.728,226.728,0.91,97.54,0.9,210.5,0.92,20.93,0.93,341.34,0.08,20.93,0.07,341.34,0.09,113.66,0.1,210.5,0.01,0.01,2321.24556,1776194325000
1776194327.177,227.177,0.91,102.54,0.9,210.5,0.92,19.76,0.93,341.34,0.08,20.93,0.07,341.34,0.09,97.54,0.1,210.5,0.01,0.01,2321.24556,1776194325000
1776194327.39,227.39,0.91,102.54,0.9,210.5,0.92,19.76,0.93,341.34,0.08,19.76,0.07,341.34,0.09,102.54,0.1,210.5,0.01,0.01,2321.245577,1776194326000
1776194327.632,227.632,0.91,82.54,0.9,210.5,0.92,16.22,0.93,313.34,0.08,24.76,0.07,241.34,0.09,82.54,0.1,210.5,0.01,0.01,2321.245577,1776194326000
1776194327.853,227.853,0.91,76.42,0.9,210.5,0.93,241.34,0.94,115.0,0.08,7.33,0.07,241.34,0.09,71.42,0.1,210.5,0.02,0.01,2321.245577,1776194326000
1776194328.202,228.202,0.91,75.3,0.9,210.5,0.92,4.83,0.93,341.34,0.08,4.83,0.07,241.34,0.09,71.42,0.1,210.5,0.01,0.01,2321.245579,1776194327000
1776194328.551,228.551,0.91,41.94,0.9,210.5,0.92,4.83,0.93,241.34,0.08,4.83,0.07,341.34,0.09,53.06,0.1,210.5,0.01,0.01,2321.245579,1776194327000
1776194328.822,228.822,0.91,188.67,0.9,228.5,0.93,241.01,0.94,115.0,0.08,4.83,0.07,241.34,0.09,41.94,0.1,210.5,0.02,0.01,2321.245579,1776194327000
1776194329.095,229.095,0.91,188.67,0.9,228.5,0.93,219.71,0.94,115.0,0.07,219.71,0.06,115.0,0.09,188.67,0.1,228.5,0.02,0.02,2321.243758,1776194328000
1776194329.344,229.344,0.91,177.0,0.9,258.5,0.93,224.71,0.94,115.0,0.07,219.71,0.06,115.0,0.09,188.67,0.1,228.5,0.02,0.02,2321.243758,1776194328000
1776194329.736,229.736,0.91,343.65,0.9,73.5,0.92,2.31,0.93,219.71,0.07,224.71,0.06,115.0,0.09,333.09,0.1,73.5,0.01,0.02,2321.243758,1776194328000
1776194330.214,230.214,0.91,374.15,0.9,73.5,0.93,212.1,0.94,115.0,0.07,219.71,0.06,115.0,0.09,359.15,0.1,73.5,0.02,0.02,2321.243758,1776194328000
1776194330.42,230.42,0.91,374.15,0.9,78.5,0.93,197.96,0.94,115.0,0.07,203.4,0.06,115.0,0.09,374.15,0.1,78.5,0.02,0.02,2321.235559,1776194329000
1776194330.783,230.783,0.92,111.5,0.91,226.62,0.93,190.0,0.94,115.0,0.07,197.96,0.06,115.0,0.09,374.15,0.1,78.5,0.01,0.02,2321.235559,1776194329000
1776194331.145,231.145,0.92,96.5,0.91,231.62,0.93,1.51,0.94,295.0,0.07,182.6,0.06,115.0,0.08,91.5,0.09,231.62,0.01,0.01,2321.235559,1776194329000
1776194331.439,231.439,0.92,101.5,0.91,231.62,0.94,286.81,0.95,126.0,0.06,286.81,0.05,126.0,0.08,101.5,0.09,231.62,0.02,0.02,2321.243302,1776194330000
1776194331.904,231.904,0.92,111.5,0.91,231.62,0.93,99.19,0.94,286.81,0.07,104.39,0.06,286.81,0.08,101.5,0.09,231.62,0.01,0.01,2321.243302,1776194330000
1776194332.901,232.901,0.92,136.5,0.91,87.8,0.93,86.82,0.94,195.0,0.07,87.26,0.06,286.81,0.08,111.5,0.09,231.62,0.01,0.01,2321.240587,1776194331000
1776194333.123,233.123,0.92,87.98,0.91,273.36,0.93,100.15,0.94,195.0,0.07,85.73,0.06,195.0,0.08,96.36,0.09,273.36,0.01,0.01,2321.240587,1776194331000
1776194333.45,233.45,0.92,79.6,0.91,273.36,0.93,93.62,0.94,195.0,0.07,93.62,0.06,195.0,0.08,79.6,0.09,273.36,0.01,0.01,2321.241066,1776194332000
1776194333.809,233.809,0.92,212.43,0.91,118.92,0.93,77.83,0.94,195.0,0.07,87.09,0.06,195.0,0.08,84.6,0.09,118.92,0.01,0.01,2321.241066,1776194332000
1776194334.042,234.042,0.92,210.42,0.91,118.92,0.93,8.98,0.94,195.0,0.07,68.57,0.06,195.0,0.08,205.42,0.09,118.92,0.01,0.01,2321.237188,1776194333000
1776194334.395,234.395,0.92,222.75,0.91,118.92,0.94,232.62,0.95,26.0,0.07,7.89,0.06,195.0,0.08,222.75,0.09,118.92,0.02,0.01,2321.237188,1776194333000
1776194334.714,234.714,0.92,227.75,0.91,314.42,0.94,227.38,0.95,26.0,0.06,231.54,0.05,26.0,0.08,222.75,0.09,123.92,0.02,0.02,2321.237188,1776194333000
1776194335.087,235.087,0.92,267.75,0.91,303.92,0.93,276.29,0.94,43.0,0.06,206.4,0.05,26.0,0.08,222.75,0.09,314.42,0.01,0.02,2321.237188,1776194333000
1776194335.539,235.539,0.92,209.37,0.91,303.92,0.93,278.07,0.94,43.0,0.07,278.07,0.06,43.0,0.08,222.75,0.09,303.92,0.01,0.01,2321.222037,1776194334000
1776194335.764,235.764,0.92,145.33,0.91,278.92,0.93,290.49,0.94,53.0,0.07,290.49,0.06,53.0,0.08,158.71,0.09,273.92,0.01,0.01,2321.222037,1776194334000
1776194336.24,236.24,0.92,145.33,0.91,278.92,0.93,290.49,0.94,53.0,0.07,290.49,0.06,53.0,0.08,145.33,0.09,278.92,0.01,0.01,2321.183865,1776194335000
1776194336.708,236.708,0.92,149.09,0.91,289.42,0.93,277.43,0.94,53.0,0.07,285.02,0.06,53.0,0.08,144.09,0.09,289.42,0.01,0.01,2321.183865,1776194335000
1776194337.129,237.129,0.92,149.09,0.91,284.42,0.93,226.01,0.94,53.0,0.07,232.34,0.06,53.0,0.08,149.09,0.09,284.42,0.01,0.01,2321.183865,1776194335000
1776194337.454,237.454,0.92,165.29,0.91,259.42,0.93,223.06,0.94,53.0,0.07,224.39,0.06,53.0,0.08,150.29,0.09,264.42,0.01,0.01,2321.18018,1776194336000
1776194337.759,237.759,0.92,145.98,0.91,79.92,0.93,207.18,0.94,10.0,0.07,216.44,0.06,53.0,0.08,165.29,0.09,259.42,0.01,0.01,2321.18018,1776194336000
1776194338.046,238.046,0.92,147.67,0.91,63.92,0.93,177.48,0.94,10.0,0.07,180.71,0.06,10.0,0.08,140.98,0.09,63.92,0.01,0.01,2321.18018,1776194336000
1776194338.283,238.283,0.92,147.67,0.91,84.92,0.93,169.53,0.94,10.0,0.07,169.53,0.06,10.0,0.08,147.67,0.09,84.92,0.01,0.01,2321.168513,1776194337000
1776194338.522,238.522,0.92,157.67,0.91,274.92,0.93,163.2,0.94,10.0,0.07,169.53,0.06,10.0,0.08,147.67,0.09,84.92,0.01,0.01,2321.168513,1776194337000
1776194338.745,238.745,0.92,157.67,0.91,269.92,0.93,278.87,0.94,10.0,0.07,161.58,0.06,10.0,0.08,157.67,0.09,274.92,0.01,0.01,2321.168513,1776194337000
1776194339.118,239.118,0.92,157.67,0.91,274.92,0.93,277.79,0.94,10.0,0.07,278.87,0.06,10.0,0.08,157.67,0.09,269.92,0.01,0.01,2321.168513,1776194337000
1776194339.398,239.398,0.92,144.29,0.91,274.92,0.93,277.79,0.94,10.0,0.07,277.79,0.06,10.0,0.08,157.67,0.09,274.92,0.01,0.01,2321.140391,1776194338000
1776194339.973,239.973,0.92,255.84,0.91,274.92,0.93,276.63,0.94,10.0,0.07,272.79,0.06,10.0,0.08,117.53,0.09,274.92,0.01,0.01,2321.140391,1776194338000
1776194340.303,240.303,0.92,271.53,0.91,269.92,0.93,270.3,0.94,10.0,0.07,276.63,0.06,10.0,0.08,255.84,0.09,274.92,0.01,0.01,2321.140391,1776194338000
1776194340.657,240.657,0.92,267.53,0.91,274.92,0.93,267.35,0.94,10.0,0.07,268.68,0.06,10.0,0.08,262.53,0.09,269.92,0.01,0.01,2321.067046,1776194339000
1776194340.89,240.89,0.92,272.53,0.91,269.92,0.93,232.95,0.94,10.0,0.07,242.21,0.06,10.0,0.08,272.53,0.09,269.92,0.01,0.01,2321.067046,1776194339000
1776194341.169,241.169,0.92,272.53,0.91,269.92,0.93,210.44,0.94,10.0,0.07,226.08,0.06,10.0,0.08,272.53,0.09,269.92,0.01,0.01,2321.067046,1776194339000
1776194341.37,241.37,0.92,272.53,0.91,269.92,0.93,148.46,0.94,10.0,0.07,210.44,0.06,10.0,0.08,272.53,0.09,269.92,0.01,0.01,2321.067046,1776194340000
1776194341.818,241.818,0.92,75.9,0.91,58.92,0.93,146.0,0.94,60.0,0.07,138.67,0.06,10.0,0.08,272.53,0.09,269.92,0.01,0.01,2321.067046,1776194340000
1776194342.032,242.032,0.92,6.69,0.91,58.92,0.93,149.92,0.94,55.0,0.07,151.0,0.06,60.0,0.09,58.92,0.1,10.0,0.01,0.02,2321.067046,1776194340000
1776194342.251,242.251,0.92,13.38,0.91,58.92,0.93,232.3,0.94,180.0,0.07,138.92,0.06,180.0,0.08,13.38,0.09,58.92,0.01,0.01,2321.067046,1776194340000
1776194342.734,242.734,0.92,13.38,0.91,58.92,0.93,204.35,0.94,243.8,0.07,210.97,0.06,243.8,0.08,13.38,0.09,58.92,0.01,0.01,2321.053545,1776194341000
1776194342.941,242.941,0.92,13.38,0.91,58.92,0.93,258.32,0.94,243.8,0.07,204.35,0.06,243.8,0.08,13.38,0.09,58.92,0.01,0.01,2321.053545,1776194341000
1776194343.198,243.198,0.92,13.38,0.91,58.92,0.93,247.62,0.94,229.8,0.07,315.7,0.06,243.8,0.08,13.38,0.09,58.92,0.01,0.01,2321.043326,1776194342000
1776194344.096,244.096,0.91,48.59,0.9,10.0,0.93,246.29,0.94,242.8,0.07,246.29,0.06,242.8,0.09,48.59,0.1,10.0,0.02,0.02,2320.83981,1776194343000
1776194345.28,245.28,0.91,48.59,0.9,10.0,0.93,246.29,0.94,242.8,0.07,246.29,0.06,242.8,0.09,48.59,0.1,10.0,0.02,0.02,2320.739811,1776194344000
1776194345.876,245.876,0.91,46.84,0.9,15.0,0.93,2.85,0.94,124.8,0.08,8.85,0.07,80.99,0.09,56.84,0.1,15.0,0.02,0.01,2320.739811,1776194344000
1776194346.116,246.116,0.9,10.0,0.89,49.95,0.92,200.0,0.93,63.15,0.08,200.0,0.07,63.15,0.09,18.84,0.1,10.0,0.02,0.01,2320.739811,1776194344000
1776194346.391,246.391,0.89,42.37,0.88,10.0,0.92,200.0,0.93,63.15,0.08,200.0,0.07,63.15,0.11,42.37,0.12,10.0,0.03,0.03,2320.710619,1776194345000
1776194346.832,246.832,0.89,36.37,0.88,10.0,0.91,15.0,0.92,399.41,0.08,200.0,0.07,63.15,0.11,42.37,0.12,10.0,0.02,0.03,2320.710619,1776194345000
1776194347.29,247.29,0.9,15.0,0.89,46.37,0.91,184.13,0.92,63.9,0.09,15.0,0.08,399.41,0.11,36.37,0.12,10.0,0.01,0.02,2320.696823,1776194346000
1776194347.49,247.49,0.89,50.91,0.88,15.0,0.91,174.09,0.92,63.9,0.09,174.09,0.08,63.9,0.11,50.91,0.12,15.0,0.02,0.02,2320.696823,1776194346000
1776194348.025,248.025,0.89,50.91,0.88,15.0,0.91,174.09,0.92,63.9,0.09,174.09,0.08,63.9,0.11,50.91,0.12,15.0,0.02,0.02,2320.62559,1776194347000
1776194348.716,248.716,0.89,41.81,0.88,15.0,0.91,168.1,0.92,10.0,0.09,179.09,0.08,58.9,0.11,41.81,0.12,15.0,0.02,0.02,2320.62559,1776194347000
1776194349.187,249.187,0.89,36.81,0.88,15.0,0.91,163.1,0.92,10.0,0.09,163.1,0.08,10.0,0.11,36.81,0.12,15.0,0.02,0.02,2320.515433,1776194348000
1776194350.277,250.277,0.89,15.27,0.88,25.0,0.91,168.1,0.92,10.0,0.09,163.1,0.08,10.0,0.11,36.81,0.12,15.0,0.02,0.02,2320.515433,1776194348000
1776194350.987,250.987,0.89,15.27,0.88,25.0,0.91,168.1,0.92,10.0,0.09,168.1,0.08,10.0,0.11,15.27,0.12,25.0,0.02,0.02,2320.526441,1776194350000
1776194351.443,251.443,0.88,55.83,0.87,10.0,0.89,10.0,0.9,330.0,0.09,162.87,0.08,10.0,0.11,15.27,0.12,73.98,0.01,0.02,2320.526441,1776194350000
1776194351.662,251.662,0.87,19.83,0.86,20.0,0.89,221.0,0.9,150.0,0.11,226.0,0.1,150.0,0.12,21.83,0.13,20.0,0.02,0.01,2320.526441,1776194350000
1776194351.888,251.888,0.88,10.0,0.87,19.83,0.89,214.32,0.9,150.0,0.11,221.0,0.1,150.0,0.13,19.83,0.14,20.0,0.01,0.02,2320.526441,1776194350000
1776194352.26,252.26,0.88,156.71,0.87,24.83,0.89,249.51,0.9,150.0,0.11,214.32,0.1,150.0,0.12,10.0,0.13,19.83,0.01,0.01,2320.526441,1776194350000
1776194352.525,252.525,0.88,166.71,0.87,24.83,0.89,190.02,0.9,150.0,0.11,243.27,0.1,150.0,0.12,156.71,0.13,24.83,0.01,0.01,2320.526463,1776194351000
1776194352.836,252.836,0.88,166.71,0.87,24.83,0.89,192.84,0.9,150.0,0.11,190.02,0.1,150.0,0.12,166.71,0.13,24.83,0.01,0.01,2320.526463,1776194351000
1776194353.242,253.242,0.88,183.71,0.87,24.83,0.89,145.39,0.9,150.0,0.11,156.12,0.1,150.0,0.12,166.71,0.13,24.83,0.01,0.01,2320.526463,1776194351000
1776194353.521,253.521,0.88,183.71,0.87,24.83,0.89,145.39,0.9,150.0,0.11,145.39,0.1,150.0,0.12,183.71,0.13,24.83,0.01,0.01,2320.511945,1776194352000
1776194354.262,254.262,0.88,183.71,0.87,24.83,0.89,145.39,0.9,150.0,0.11,145.39,0.1,150.0,0.12,183.71,0.13,24.83,0.01,0.01,2320.378,1776194353000
1776194354.6,254.6,0.88,206.37,0.87,204.83,0.89,138.3,0.9,150.0,0.11,139.54,0.1,150.0,0.12,200.71,0.13,204.83,0.01,0.01,2320.378,1776194353000
1776194354.831,254.831,0.88,172.45,0.87,204.83,0.89,143.3,0.9,150.0,0.11,138.3,0.1,150.0,0.12,206.37,0.13,204.83,0.01,0.01,2320.378,1776194353000
1776194355.185,255.185,0.88,158.53,0.87,204.83,0.89,123.7,0.9,150.0,0.11,140.57,0.1,150.0,0.12,158.53,0.13,204.83,0.01,0.01,2320.378,1776194353000
1776194355.521,255.521,0.88,163.53,0.87,204.83,0.89,122.51,0.9,150.0,0.11,122.46,0.1,150.0,0.12,163.53,0.13,204.83,0.01,0.01,2320.378,1776194353000
1776194355.861,255.861,0.88,168.53,0.87,204.83,0.89,113.96,0.9,150.0,0.11,120.13,0.1,150.0,0.12,163.53,0.13,204.83,0.01,0.01,2320.384091,1776194354000
1776194356.193,256.193,0.88,168.53,0.87,204.83,0.89,102.79,0.9,150.0,0.11,102.79,0.1,150.0,0.12,168.53,0.13,204.83,0.01,0.01,2320.384046,1776194355000
1776194357.064,257.064,0.88,265.84,0.87,171.09,0.89,102.79,0.9,80.0,0.11,102.79,0.1,150.0,0.12,168.53,0.13,204.83,0.01,0.01,2320.384046,1776194355000
1776194357.529,257.529,0.88,270.84,0.87,171.09,0.89,101.66,0.9,80.0,0.11,101.66,0.1,80.0,0.12,270.84,0.13,171.09,0.01,0.01,2320.375031,1776194356000
1776194357.78,257.78,0.88,251.8,0.87,171.09,0.89,101.66,0.9,80.0,0.11,101.66,0.1,80.0,0.12,270.84,0.13,171.09,0.01,0.01,2320.375031,1776194356000
1776194357.997,257.997,0.88,256.8,0.87,171.09,0.89,85.66,0.9,80.0,0.11,101.66,0.1,80.0,0.12,251.8,0.13,171.09,0.01,0.01,2320.375031,1776194356000
1776194358.284,258.284,0.88,256.8,0.87,171.09,0.89,85.66,0.9,80.0,0.11,85.66,0.1,80.0,0.12,256.8,0.13,171.09,0.01,0.01,2320.373251,1776194357000
1776194358.814,258.814,0.88,260.72,0.87,195.09,0.89,204.42,0.9,80.0,0.11,85.66,0.1,80.0,0.12,256.8,0.13,171.09,0.01,0.01,2320.373251,1776194357000
1776194359.303,259.303,0.89,450.26,0.88,199.72,0.9,10.0,0.91,10.0,0.11,200.01,0.1,80.0,0.12,260.72,0.13,195.09,0.01,0.01,2320.373251,1776194357000
1776194359.505,259.505,0.91,31.0,0.9,83.0,0.92,10.91,0.93,2.85,0.08,10.91,0.07,2.85,0.09,31.0,0.1,83.0,0.01,0.01,2320.377726,1776194358000
1776194360.309,260.309,0.91,146.0,0.9,33.0,0.92,5.44,0.93,2.85,0.08,5.44,0.07,2.85,0.09,146.0,0.1,33.0,0.01,0.01,2320.377726,1776194359000
1776194361.464,261.464,0.91,434.94,0.9,38.0,0.92,20.0,0.93,2.85,0.08,5.44,0.07,2.85,0.09,146.0,0.1,33.0,0.01,0.01,2320.377726,1776194359000
1776194361.753,261.753,0.91,434.94,0.9,73.0,0.92,6.0,0.93,2.85,0.07,2.85,0.06,10.0,0.09,434.94,0.1,38.0,0.01,0.02,2320.494406,1776194360000
1776194362.281,262.281,0.91,429.94,0.9,73.0,0.92,4.78,0.93,2.85,0.08,4.78,0.07,2.85,0.09,429.94,0.1,73.0,0.01,0.01,2320.531456,1776194361000
1776194362.686,262.686,0.91,553.16,0.9,53.0,0.93,74.85,0.94,20.0,0.08,4.78,0.07,2.85,0.09,429.94,0.1,73.0,0.02,0.01,2320.531456,1776194361000
1776194362.905,262.905,0.93,314.74,0.92,487.87,0.94,13.74,0.95,10.0,0.06,3.74,0.05,10.0,0.08,816.86,0.09,177.0,0.01,0.02,2320.531456,1776194361000
1776194363.112,263.112,0.94,23.0,0.93,628.74,0.96,261.0,0.97,91.0,0.05,8.33,0.04,261.0,0.07,656.74,0.08,302.87,0.02,0.02,2320.531456,1776194361000
1776194363.434,263.434,0.94,298.0,0.93,323.99,0.95,8.23,0.96,190.0,0.04,261.0,0.03,91.0,0.06,23.0,0.07,628.74,0.01,0.02,2320.531456,1776194361000
1776194363.938,263.938,0.94,412.92,0.93,323.99,0.95,17.17,0.96,190.0,0.05,8.23,0.04,190.0,0.06,298.0,0.07,323.99,0.01,0.01,2320.558465,1776194362000
1776194364.325,264.325,0.94,412.92,0.93,323.99,0.95,17.17,0.96,190.0,0.05,17.17,0.04,190.0,0.06,412.92,0.07,323.99,0.01,0.01,2320.561955,1776194363000
1776194364.551,264.551,0.94,417.92,0.93,334.99,0.96,190.0,0.97,91.0,0.05,17.17,0.04,190.0,0.06,412.92,0.07,323.99,0.02,0.01,2320.561955,1776194363000
1776194365.383,265.383,0.96,21.0,0.95,399.54,0.97,91.0,0.98,416.0,0.04,190.0,0.03,91.0,0.06,417.92,0.07,334.99,0.01,0.02,2320.561955,1776194363000
1776194365.705,265.705,0.96,52.44,0.95,230.0,0.97,96.0,0.98,416.0,0.03,91.0,0.02,416.0,0.04,21.0,0.05,399.54,0.01,0.01,2320.561955,1776194363000
1776194366.023,266.023,0.96,63.44,0.95,230.0,0.97,89.96,0.98,394.0,0.03,96.0,0.02,416.0,0.04,52.44,0.05,230.0,0.01,0.01,2320.920075,1776194364000
1776194366.338,266.338,0.96,52.44,0.95,235.0,0.97,94.82,0.98,413.0,0.03,94.82,0.02,413.0,0.04,52.44,0.05,235.0,0.01,0.01,2320.939825,1776194365000
1776194366.599,266.599,0.96,68.44,0.95,235.0,0.97,87.82,0.98,313.0,0.03,94.82,0.02,413.0,0.04,52.44,0.05,235.0,0.01,0.01,2320.939825,1776194365000
1776194366.834,266.834,0.96,68.44,0.95,235.0,0.97,86.78,0.98,294.0,0.03,87.82,0.02,313.0,0.04,68.44,0.05,235.0,0.01,0.01,2320.939825,1776194365000
1776194367.071,267.071,0.96,68.44,0.95,235.0,0.97,86.78,0.98,294.0,0.03,86.78,0.02,294.0,0.04,68.44,0.05,235.0,0.01,0.01,2320.93878,1776194366000
1776194367.549,267.549,0.96,240.48,0.95,147.8,0.97,86.78,0.98,278.0,0.03,86.78,0.02,294.0,0.04,68.44,0.05,235.0,0.01,0.01,2320.93878,1776194366000
1776194367.858,267.858,0.96,423.57,0.95,384.79,0.97,76.78,0.98,239.0,0.03,86.78,0.02,278.0,0.04,240.48,0.05,147.8,0.01,0.01,2320.93878,1776194366000
1776194368.371,268.371,0.97,265.0,0.96,176.18,0.98,202.63,0.99,1626.81,0.02,239.0,0.01,6766.81,0.04,423.57,0.05,384.79,0.01,0.02,2320.93878,1776194366000
1776194368.606,268.606,0.97,398.7,0.96,176.18,0.98,21.69,0.99,1626.81,0.02,189.69,0.01,1626.81,0.03,393.7,0.04,176.18,0.01,0.01,2320.944765,1776194367000
1776194368.893,268.893,0.97,396.45,0.96,176.18,0.98,29.46,0.99,1626.81,0.02,19.46,0.01,1626.81,0.03,393.7,0.04,176.18,0.01,0.01,2320.944765,1776194367000
1776194369.79,269.79,0.97,415.45,0.96,405.17,0.98,25.35,0.99,1584.81,0.02,27.4,0.01,1626.81,0.03,396.45,0.04,176.18,0.01,0.01,2320.944765,1776194367000
1776194369.993,269.993,0.97,420.45,0.96,416.17,0.99,1505.9,,,0.02,25.35,0.01,1584.81,0.03,415.45,0.04,405.17,0.02,0.01,2320.92263,1776194368000
1776194370.392,270.392,0.98,5.0,0.97,353.01,0.99,1682.9,,,0.01,1505.9,,,0.03,395.83,0.04,426.17,0.01,0.02,2320.92263,1776194368000
1776194370.605,270.605,0.98,10.0,0.97,334.01,0.99,1666.88,,,0.01,1676.88,,,0.02,10.0,0.03,353.01,0.01,0.01,2320.92263,1776194368000
1776194370.828,270.828,0.97,329.01,0.96,154.7,0.99,1294.88,,,0.01,1379.88,,,0.02,10.0,0.03,339.01,0.02,0.01,2320.92263,1776194368000
1776194371.113,271.113,0.97,329.01,0.96,159.7,0.98,7.97,0.99,1169.88,0.01,1294.88,,,0.03,329.01,0.04,154.7,0.01,0.02,2321.148159,1776194369000
1776194371.368,271.368,0.97,329.01,0.96,159.7,0.98,2.97,0.99,1169.88,0.02,7.97,0.01,1169.88,0.03,329.01,0.04,159.7,0.01,0.01,2321.148159,1776194369000
1776194371.77,271.77,0.97,30.31,0.96,55.0,0.98,0.81,0.99,1854.48,0.02,1.94,0.01,1169.88,0.03,334.01,0.04,159.7,0.01,0.01,2321.320964,1776194370000
1776194372.142,272.142,0.97,0.31,0.96,46.0,0.99,1895.6,,,0.02,0.81,0.01,1854.48,0.03,10.31,0.04,55.0,0.02,0.01,2321.320964,1776194370000
1776194372.427,272.427,0.95,48.0,0.94,263.8,0.96,38.69,0.98,151.65,0.02,95.65,0.01,1900.6,0.04,21.31,0.05,43.0,0.01,0.02,2321.320964,1776194370000
1776194372.757,272.757,0.95,140.8,0.94,268.8,0.98,170.94,0.99,1895.6,0.04,28.06,0.03,113.0,0.05,65.0,0.06,268.8,0.03,0.01,2321.34936,1776194371000
1776194373.21,273.21,0.95,140.8,0.94,268.8,0.98,170.94,0.99,1895.6,0.02,170.94,0.01,1895.6,0.05,140.8,0.06,268.8,0.03,0.03,2321.303465,1776194372000
1776194373.443,273.443,0.96,15.0,0.95,482.68,0.98,27.97,0.99,1795.6,0.02,170.94,0.01,1895.6,0.05,140.8,0.06,268.8,0.02,0.03,2321.303465,1776194372000
1776194373.776,273.776,0.96,15.0,0.95,320.8,0.98,12.84,0.99,1805.59,0.02,26.94,0.01,1795.6,0.04,15.0,0.05,482.68,0.02,0.02,2321.303465,1776194372000
1776194374.564,274.564,0.96,15.0,0.95,320.8,0.98,12.84,0.99,1805.59,0.02,12.84,0.01,1805.59,0.04,15.0,0.05,320.8,0.02,0.02,2320.848931,1776194373000
1776194374.791,274.791,0.97,14.95,0.96,20.0,0.98,8.8,0.99,1805.59,0.02,3.8,0.01,1805.59,0.04,205.0,0.05,140.8,0.01,0.02,2320.848931,1776194373000
1776194375.208,275.208,0.97,123.46,0.96,25.0,0.99,1636.66,,,0.01,1636.66,,,0.03,123.46,0.04,25.0,0.02,0.02,2320.810416,1776194374000
1776194375.42,275.42,0.95,235.0,0.94,15.0,0.99,1278.06,,,0.01,1636.66,,,0.03,123.46,0.04,25.0,0.04,0.02,2320.810416,1776194374000
1776194375.754,275.754,0.96,34.0,0.95,217.0,0.98,9.48,0.99,1273.06,0.01,1278.06,,,0.05,235.0,0.06,15.0,0.02,0.04,2320.810416,1776194374000
1776194375.969,275.969,0.96,34.0,0.95,217.0,0.98,4.43,0.99,1164.06,0.02,9.48,0.01,1273.06,0.04,34.0,0.05,217.0,0.02,0.02,2320.810416,1776194374000
1776194376.403,276.403,0.96,39.0,0.95,212.0,0.99,1164.06,,,0.02,4.43,0.01,1164.06,0.04,34.0,0.05,217.0,0.03,0.02,2320.810416,1776194374000
1776194376.746,276.746,0.96,39.0,0.95,212.0,0.99,1164.06,,,0.01,1164.06,,,0.04,39.0,0.05,212.0,0.03,0.03,2320.805673,1776194375000
1776194377.416,277.416,0.96,39.0,0.95,212.0,0.98,13.46,0.99,1164.06,0.02,13.46,0.01,1164.06,0.04,39.0,0.05,212.0,0.02,0.02,2320.788188,1776194376000
1776194377.847,277.847,0.97,68.28,0.96,39.0,0.99,1035.5,,,0.01,1039.76,,,0.03,21.7,0.04,44.0,0.02,0.02,2320.788188,1776194376000
1776194378.195,278.195,0.97,68.28,0.96,44.0,0.99,920.52,,,0.01,920.52,,,0.03,68.28,0.04,44.0,0.02,0.02,2320.78051,1776194377000
1776194378.579,278.579,0.97,312.69,0.96,39.0,0.99,764.17,,,0.01,917.33,,,0.03,122.54,0.04,44.0,0.02,0.02,2320.78051,1776194377000
1776194379.033,279.033,0.97,247.77,0.96,34.0,0.99,616.35,,,0.01,745.35,,,0.03,281.11,0.04,39.0,0.02,0.02,2320.78051,1776194377000
1776194379.531,279.531,0.97,247.77,0.96,34.0,0.99,616.35,,,0.01,616.35,,,0.03,247.77,0.04,34.0,0.02,0.02,2320.781067,1776194378000
1776194380.276,280.276,0.97,247.77,0.96,34.0,0.99,616.35,,,0.01,616.35,,,0.03,247.77,0.04,34.0,0.02,0.02,2320.782203,1776194379000
1776194380.652,280.652,0.98,3.4,0.97,271.77,0.99,572.35,,,0.01,616.35,,,0.03,247.77,0.04,34.0,0.01,0.02,2320.782203,1776194379000
1776194381.033,281.033,0.97,241.1,0.96,10.0,0.99,536.28,,,0.01,571.28,,,0.02,3.4,0.03,271.77,0.02,0.01,2320.782203,1776194379000
1776194381.266,281.266,0.97,169.76,0.96,274.99,0.99,563.03,,,0.01,536.28,,,0.03,169.76,0.04,10.0,0.02,0.02,2320.782203,1776194379000
1776194381.471,281.471,0.98,4.98,0.97,185.76,0.99,543.03,,,0.01,554.03,,,0.02,5.0,0.03,185.76,0.01,0.01,2320.782203,1776194379000
1776194381.734,281.734,0.98,67.4,0.97,175.76,0.99,541.53,,,0.01,539.53,,,0.02,4.98,0.03,175.76,0.01,0.01,2320.915065,1776194380000
1776194382.35,282.35,0.98,72.4,0.97,175.76,0.99,529.53,,,0.01,529.53,,,0.02,72.4,0.03,175.76,0.01,0.01,2320.91999,1776194381000
1776194382.63,282.63,0.98,290.4,0.97,346.99,0.99,327.39,,,0.01,347.39,,,0.02,110.4,0.03,165.76,0.01,0.01,2320.91999,1776194381000
1776194383.087,283.087,0.98,227.98,0.97,357.99,0.99,384.96,,,0.01,285.96,,,0.02,227.98,0.03,346.99,0.01,0.01,2320.91999,1776194381000
1776194383.297,283.297,0.98,227.98,0.97,357.99,0.99,349.6,,,0.01,384.96,,,0.02,227.98,0.03,357.99,0.01,0.01,2320.933465,1776194382000
1776194383.78,283.78,0.98,187.98,0.97,347.99,0.99,314.24,,,0.01,314.24,,,0.02,222.98,0.03,357.99,0.01,0.01,2320.933465,1776194382000
1776194384.473,284.473,0.97,322.35,0.96,10.0,0.99,307.78,,,0.01,312.78,,,0.02,182.98,0.03,347.99,0.02,0.01,2320.933465,1776194382000
1776194384.797,284.797,0.97,381.35,0.96,10.0,0.99,307.78,,,0.01,307.78,,,0.03,322.35,0.04,10.0,0.02,0.02,2320.924988,1776194383000
1776194385.222,285.222,0.98,10.0,0.97,356.35,0.99,309.81,,,0.01,309.81,,,0.02,10.0,0.03,356.35,0.01,0.01,2321.021133,1776194384000
1776194385.561,285.561,0.98,211.0,0.97,322.35,0.99,293.99,,,0.01,296.81,,,0.02,211.0,0.03,332.35,0.01,0.01,2321.021133,1776194384000
1776194386.913,286.913,0.98,211.0,0.97,322.35,0.99,293.99,,,0.01,293.99,,,0.02,211.0,0.03,322.35,0.01,0.01,2321.0362,1776194385000
1776194387.266,287.266,0.98,190.0,0.97,348.5,0.99,267.83,,,0.01,293.99,,,0.02,211.0,0.03,322.35,0.01,0.01,2321.0362,1776194385000
1776194387.478,287.478,0.98,190.0,0.97,348.5,0.99,256.81,,,0.01,266.81,,,0.02,195.0,0.03,348.5,0.01,0.01,2321.0362,1776194385000
1776194387.76,287.76,0.99,43.19,0.98,195.0,,,,,0.01,256.81,,,0.02,190.0,0.03,348.5,,0.01,2321.03476,1776194386000
1776194388.524,288.524,0.99,117.63,0.98,10.0,,,,,,,,,0.01,43.19,0.02,195.0,,,2321.03476,1776194386000
1776194389.024,289.024,0.99,118.91,0.98,10.0,,,,,,,,,0.01,120.26,0.02,10.0,,,2321.051975,1776194387000
1776194389.87,289.87,0.99,126.5,0.98,23.22,,,,,,,,,0.01,117.56,0.02,10.0,,,2321.040673,1776194388000
1776194390.231,290.231,0.99,126.5,0.98,23.22,,,,,,,,,0.01,126.5,0.02,23.22,,,2321.05215,1776194389000
1776194391.238,291.238,0.99,126.5,0.98,23.22,,,,,,,,,0.01,126.5,0.02,23.22,,,2321.060385,1776194390000
1776194392.303,292.303,0.99,126.5,0.98,23.22,,,,,,,,,0.01,126.5,0.02,23.22,,,2321.05777,1776194391000
1776194393.323,293.323,0.99,126.5,0.98,23.22,,,,,,,,,0.01,126.5,0.02,23.22,,,2321.04696,1776194392000
1776194393.824,293.824,0.99,2632.35,0.98,23.22,,,,,,,,,0.01,2632.35,0.02,23.22,,,2321.013595,1776194393000
1776194394.206,294.206,0.99,2950.52,0.98,10.0,,,,,,,,,0.01,2632.35,0.02,23.22,,,2321.013595,1776194393000
1776194394.927,294.927,0.99,2950.52,0.98,10.0,,,,,,,,,0.01,2950.52,0.02,10.0,,,2321.015607,1776194394000
1776194396.341,296.341,0.99,2950.52,0.98,10.0,,,,,,,,,0.01,2950.52,0.02,10.0,,,2321.020065,1776194395000
1776194397.296,297.296,0.99,2950.52,0.98,10.0,,,,,,,,,0.01,2950.52,0.02,10.0,,,2321.022005,1776194396000
1776194398.363,298.363,0.99,2950.52,0.98,10.0,,,,,,,,,0.01,2950.52,0.02,10.0,,,2321.021995,1776194397000
1776194398.873,298.873,0.99,2950.52,0.98,10.0,,,,,,,,,0.01,2950.52,0.02,10.0,,,2321.02676,1776194398000
1776194399.879,299.879,0.99,2950.52,0.98,10.0,,,,,,,,,0.01,2950.52,0.02,10.0,,,2321.037425,1776194399000
1776194400.923,300.923,0.99,2950.52,0.98,10.0,,,,,,,,,0.01,2950.52,0.02,10.0,,,2321.04137,1776194400000
1776194402.335,302.335,0.99,306850.11,0.98,112.0,,,,,,,,,0.01,306850.11,0.02,112.0,,,2321.049475,1776194401000

# RESULT,winner=Up,slug=eth-updown-5m-1776194100,ticks=579
