timestamp,elapsed_sec,up_bid_p1,up_bid_s1,up_bid_p2,up_bid_s2,up_ask_p1,up_ask_s1,up_ask_p2,up_ask_s2,down_bid_p1,down_bid_s1,down_bid_p2,down_bid_s2,down_ask_p1,down_ask_s1,down_ask_p2,down_ask_s2,up_spread,down_spread,eth_price,eth_oracle_ts
1776282600.552,0.552,0.48,5.17,0.47,10.0,0.5,85.43,0.52,5.25,0.5,90.43,0.48,5.25,0.52,5.17,0.53,10.0,0.02,0.02,2374.355585,1776282598000
1776282600.764,0.764,0.4,38.0,0.39,34.0,0.5,75.43,0.52,5.25,0.5,75.43,0.48,5.25,0.53,9.88,0.6,38.0,0.1,0.03,2374.355585,1776282598000
1776282601.194,1.194,0.4,38.0,0.39,34.0,0.5,36.43,0.52,5.25,0.5,36.43,0.48,5.25,0.6,38.0,0.61,34.0,0.1,0.1,2374.439925,1776282600000
1776282601.739,1.739,0.47,14.0,0.46,18.0,0.5,36.43,0.51,5.0,0.5,36.43,0.48,5.25,0.6,38.0,0.61,34.0,0.03,0.1,2374.439925,1776282600000
1776282602.097,2.097,0.47,14.0,0.46,18.0,0.49,4.64,0.5,41.43,0.51,2.95,0.5,36.43,0.53,14.0,0.54,18.0,0.02,0.02,2374.439925,1776282600000
1776282602.497,2.497,0.48,12.0,0.47,14.0,0.49,2.12,0.5,36.43,0.51,4.7,0.5,41.43,0.53,14.0,0.54,18.0,0.01,0.02,2374.439925,1776282600000
1776282603.145,3.145,0.48,117.0,0.47,144.0,0.5,32.55,0.52,5.25,0.51,2.12,0.5,36.43,0.52,12.0,0.53,14.0,0.02,0.01,2374.831294,1776282601000
1776282603.437,3.437,0.49,153.03,0.48,150.0,0.5,32.55,0.52,5.25,0.5,32.55,0.48,5.25,0.52,117.0,0.53,144.0,0.01,0.02,2374.791665,1776282602000
1776282603.704,3.704,0.49,226.67,0.48,170.0,0.5,32.55,0.52,5.25,0.5,32.55,0.48,5.25,0.51,153.03,0.52,150.0,0.01,0.01,2374.791665,1776282602000
1776282603.957,3.957,0.49,185.65,0.48,153.0,0.5,22.35,0.52,5.25,0.5,27.55,0.48,5.25,0.51,190.65,0.52,153.0,0.01,0.01,2374.791665,1776282602000
1776282604.16,4.16,0.49,212.0,0.48,218.24,0.5,17.35,0.52,5.25,0.5,22.35,0.48,5.25,0.51,185.55,0.52,158.0,0.01,0.01,2374.791665,1776282602000
1776282604.482,4.482,0.49,281.0,0.48,213.24,0.52,5.25,0.54,8.0,0.5,2.35,0.48,5.25,0.51,217.0,0.52,218.24,0.03,0.01,2374.791665,1776282602000
1776282604.696,4.696,0.51,205.0,0.5,203.0,0.54,8.0,0.59,11.0,0.46,8.0,0.41,11.0,0.49,205.0,0.5,203.0,0.03,0.03,2374.654479,1776282603000
1776282605.419,5.419,0.53,15.0,0.52,15.0,0.54,3.0,0.59,11.0,0.46,3.0,0.41,11.0,0.47,15.0,0.48,15.0,0.01,0.01,2374.76569,1776282604000
1776282605.865,5.865,0.53,297.46,0.52,196.79,0.61,100.0,0.62,149.0,0.46,3.0,0.41,11.0,0.47,15.0,0.48,15.0,0.08,0.01,2374.76569,1776282604000
1776282606.442,6.442,0.62,1.0,0.61,110.0,0.63,110.0,0.64,100.0,0.39,100.0,0.38,149.0,0.47,297.46,0.48,196.79,0.01,0.08,2375.049293,1776282605000
1776282606.89,6.89,0.62,105.0,0.61,10.0,0.64,10.0,0.65,15.0,0.37,84.29,0.36,100.0,0.38,1.0,0.39,110.0,0.02,0.01,2375.049293,1776282605000
1776282607.189,7.189,0.63,76.8,0.62,100.0,0.64,10.0,0.65,15.0,0.36,10.0,0.35,15.0,0.37,90.32,0.38,100.0,0.01,0.01,2375.049293,1776282605000
1776282607.506,7.506,0.63,76.8,0.62,100.0,0.64,10.0,0.65,15.0,0.36,10.0,0.35,15.0,0.37,76.8,0.38,100.0,0.01,0.01,2375.313165,1776282606000
1776282607.711,7.711,0.64,15.0,0.63,10.0,0.65,20.0,0.66,80.0,0.36,10.0,0.35,15.0,0.37,76.8,0.38,100.0,0.01,0.01,2375.313165,1776282606000
1776282608.076,8.076,0.64,15.0,0.63,10.0,0.65,20.0,0.66,80.0,0.35,20.0,0.34,80.0,0.36,15.0,0.37,10.0,0.01,0.01,2375.670028,1776282607000
1776282608.717,8.717,0.64,6.01,0.63,10.0,0.65,20.0,0.66,75.0,0.35,20.0,0.34,80.0,0.36,15.0,0.37,10.0,0.01,0.01,2375.670028,1776282607000
1776282609.334,9.334,0.64,11.01,0.63,21.0,0.65,115.0,0.66,106.0,0.35,20.0,0.34,75.0,0.36,6.01,0.37,10.0,0.01,0.01,2375.670028,1776282607000
1776282610.029,10.029,0.63,10.0,0.62,13.01,0.65,278.0,0.66,116.0,0.35,110.0,0.34,106.0,0.36,15.0,0.37,11.0,0.02,0.01,2375.613651,1776282608000
1776282610.428,10.428,0.64,10.0,0.63,10.0,0.65,253.0,0.66,116.0,0.35,278.0,0.34,116.0,0.37,10.0,0.38,13.01,0.01,0.02,2375.767268,1776282609000
1776282610.665,10.665,0.6,158.0,0.59,116.0,0.62,23.62,0.63,205.0,0.35,253.0,0.34,116.0,0.36,10.0,0.37,10.0,0.02,0.01,2375.767268,1776282609000
1776282610.95,10.95,0.6,125.5,0.59,100.0,0.61,115.5,0.62,59.12,0.38,23.62,0.37,205.0,0.4,158.0,0.41,116.0,0.01,0.02,2375.767268,1776282609000
1776282611.417,11.417,0.6,81.3,0.59,100.0,0.61,126.5,0.62,64.12,0.39,115.5,0.38,59.12,0.4,125.5,0.41,100.0,0.01,0.01,2375.767268,1776282609000
1776282611.79,11.79,0.55,102.6,0.54,231.0,0.59,45.0,0.6,20.0,0.4,10.0,0.39,297.23,0.41,90.0,0.42,125.0,0.04,0.01,2375.81286,1776282610000
1776282613.625,13.625,0.55,94.1,0.54,82.0,0.57,229.19,0.58,37.5,0.41,45.0,0.4,20.0,0.45,102.6,0.46,231.0,0.02,0.04,2375.364058,1776282612000
1776282614.962,14.962,0.55,2.26,0.54,15.5,0.56,176.5,0.57,172.12,0.43,229.19,0.42,37.5,0.45,94.1,0.46,82.0,0.01,0.02,2375.274218,1776282613000
1776282615.164,15.164,0.54,5.0,0.53,5.0,0.56,451.5,0.57,204.12,0.44,176.5,0.43,172.12,0.45,2.26,0.46,15.5,0.02,0.01,2375.274218,1776282613000
1776282615.593,15.593,0.52,31.59,0.51,145.5,0.53,125.0,0.54,321.0,0.46,356.0,0.45,215.5,0.48,21.59,0.49,83.5,0.01,0.02,2375.208434,1776282614000
1776282615.947,15.947,0.52,31.59,0.51,145.5,0.53,116.39,0.54,321.0,0.47,120.0,0.46,321.0,0.48,42.09,0.49,140.5,0.01,0.01,2375.208434,1776282614000
1776282616.849,16.849,0.5,5.0,0.49,10.0,0.53,454.89,0.54,177.5,0.47,121.39,0.46,326.5,0.48,26.36,0.49,146.5,0.03,0.01,2375.191176,1776282615000
1776282617.456,17.456,0.46,47.62,0.45,163.0,0.47,10.0,0.48,15.0,0.5,241.0,0.49,295.0,0.54,11.93,0.55,23.0,0.01,0.04,2375.191176,1776282615000
1776282617.92,17.92,0.46,3.13,0.44,7.0,0.47,10.0,0.48,26.0,0.53,10.0,0.52,15.0,0.54,47.62,0.55,143.0,0.01,0.01,2374.925177,1776282616000
1776282618.192,18.192,0.41,67.64,0.4,201.0,0.44,20.0,0.45,15.0,0.55,15.0,0.54,115.0,0.57,2.49,0.59,68.0,0.03,0.02,2374.925177,1776282616000
1776282618.515,18.515,0.35,5.0,0.34,58.0,0.39,15.0,0.4,348.0,0.56,20.0,0.55,15.0,0.59,67.64,0.6,201.0,0.04,0.03,2374.73761,1776282617000
1776282618.855,18.855,0.32,164.9,0.31,50.0,0.33,0.78,0.34,10.0,0.64,15.0,0.63,10.0,0.68,164.9,0.69,50.0,0.01,0.04,2374.73761,1776282617000
1776282619.074,19.074,0.32,216.9,0.31,55.0,0.35,0.78,0.36,15.0,0.67,5.78,0.66,10.0,0.68,211.9,0.69,50.0,0.03,0.01,2374.73761,1776282617000
1776282619.305,19.305,0.32,255.04,0.31,60.0,0.35,5.0,0.36,15.0,0.67,5.0,0.66,15.0,0.68,255.04,0.69,60.0,0.03,0.01,2374.673491,1776282618000
1776282619.523,19.523,0.33,15.5,0.32,280.54,0.34,5.0,0.35,5.0,0.65,5.0,0.64,15.0,0.68,255.04,0.69,60.0,0.01,0.03,2374.673491,1776282618000
1776282620.681,20.681,0.4,14.83,0.39,20.0,0.41,426.0,0.42,226.0,0.66,7.05,0.65,5.0,0.67,15.5,0.68,280.54,0.01,0.01,2373.746991,1776282619000
1776282621.098,21.098,0.39,4.75,0.38,15.0,0.41,465.5,0.42,226.0,0.59,426.0,0.58,226.0,0.6,14.83,0.61,20.0,0.02,0.01,2373.434959,1776282620000
1776282621.581,21.581,0.39,11.7,0.38,15.0,0.4,264.5,0.41,252.5,0.59,465.5,0.58,226.0,0.61,4.75,0.62,15.0,0.01,0.02,2373.434959,1776282620000
1776282621.978,21.978,0.38,88.0,0.37,59.0,0.39,3.0,0.4,325.5,0.6,269.5,0.59,252.5,0.61,9.74,0.62,15.0,0.01,0.01,2373.434959,1776282620000
1776282622.381,22.381,0.36,5.0,0.34,57.0,0.39,396.0,0.4,147.5,0.61,3.0,0.6,325.5,0.62,88.0,0.63,59.0,0.03,0.01,2373.163015,1776282621000
1776282622.753,22.753,0.36,1.95,0.34,57.0,0.37,103.5,0.38,82.5,0.61,396.0,0.6,147.5,0.64,5.0,0.66,57.0,0.01,0.03,2373.163015,1776282621000
1776282623.091,23.091,0.3,10.0,0.29,77.5,0.32,13.9,0.33,24.0,0.63,103.5,0.62,82.5,0.64,1.95,0.66,57.0,0.02,0.01,2373.163015,1776282621000
1776282623.511,23.511,0.31,5.0,0.3,80.92,0.33,50.87,0.34,53.5,0.69,5.0,0.68,13.9,0.7,8.42,0.71,108.5,0.02,0.01,2373.356903,1776282622000
1776282623.951,23.951,0.3,18.92,0.29,68.0,0.33,126.0,0.34,291.5,0.67,50.87,0.66,53.5,0.69,5.0,0.7,80.92,0.03,0.02,2373.356903,1776282622000
1776282624.866,24.866,0.34,0.45,0.33,366.5,0.35,10.0,0.36,10.0,0.67,21.0,0.66,111.5,0.7,23.92,0.71,68.0,0.01,0.03,2373.295905,1776282623000
1776282625.825,25.825,0.36,54.19,0.35,241.5,0.37,10.0,0.38,78.5,0.65,10.0,0.64,10.0,0.66,0.45,0.67,366.5,0.01,0.01,2372.81295,1776282624000
1776282626.389,26.389,0.37,7.06,0.36,377.5,0.39,29.5,0.4,15.5,0.63,10.0,0.62,78.5,0.64,54.19,0.65,241.5,0.02,0.01,2372.886815,1776282625000
1776282626.589,26.589,0.38,52.0,0.37,111.06,0.39,35.0,0.4,15.5,0.61,29.5,0.6,15.5,0.63,7.06,0.64,377.5,0.01,0.02,2372.886815,1776282625000
1776282626.976,26.976,0.38,5.0,0.36,9.0,0.4,45.5,0.41,197.0,0.6,15.5,0.59,72.0,0.62,57.0,0.63,111.06,0.02,0.02,2372.886815,1776282625000
1776282630.629,30.629,0.35,151.5,0.34,318.32,0.36,9.72,0.37,15.0,0.6,45.5,0.59,197.0,0.62,5.0,0.64,9.0,0.01,0.02,2373.159829,1776282629000
1776282630.894,30.894,0.35,141.57,0.34,318.32,0.36,24.72,0.37,83.5,0.64,9.72,0.63,15.0,0.65,151.5,0.66,318.32,0.01,0.01,2373.159829,1776282629000
1776282631.172,31.172,0.35,124.87,0.34,318.32,0.36,19.72,0.37,83.5,0.64,24.72,0.63,83.5,0.65,141.57,0.66,318.32,0.01,0.01,2373.155893,1776282630000
1776282631.446,31.446,0.35,52.37,0.34,137.32,0.36,29.72,0.37,263.5,0.64,19.72,0.63,83.5,0.65,124.87,0.66,318.32,0.01,0.01,2373.155893,1776282630000
1776282633.847,33.847,0.38,112.38,0.37,135.0,0.39,78.5,0.4,104.5,0.64,29.72,0.63,263.5,0.65,52.37,0.66,137.32,0.01,0.01,2373.14924,1776282632000
1776282635.332,35.332,0.39,176.0,0.38,297.38,0.4,38.22,0.41,78.5,0.61,78.5,0.6,104.5,0.62,112.38,0.63,135.0,0.01,0.01,2373.158787,1776282634000
1776282635.729,35.729,0.41,14.79,0.4,124.5,0.42,83.5,0.43,88.5,0.59,78.5,0.58,141.0,0.61,181.0,0.62,297.38,0.01,0.02,2373.158787,1776282634000
1776282636.577,36.577,0.41,10.56,0.4,84.0,0.42,162.7,0.43,93.5,0.58,133.16,0.57,88.5,0.59,14.79,0.6,114.0,0.01,0.01,2373.158787,1776282634000
1776282638.101,38.101,0.37,21.59,0.36,140.5,0.42,421.7,0.43,226.5,0.58,162.7,0.57,93.5,0.59,10.56,0.6,84.0,0.05,0.01,2373.397745,1776282636000
1776282638.559,38.559,0.38,39.0,0.37,268.59,0.4,63.04,0.41,349.83,0.58,421.7,0.57,226.5,0.63,21.59,0.64,140.5,0.02,0.05,2373.530783,1776282637000
1776282639.839,39.839,0.35,350.53,0.34,167.82,0.36,60.0,0.37,70.0,0.6,63.04,0.59,349.83,0.62,39.0,0.63,268.59,0.01,0.02,2373.554044,1776282638000
1776282640.355,40.355,0.35,82.49,0.34,394.32,0.36,80.0,0.37,70.0,0.64,65.0,0.63,70.0,0.65,160.53,0.66,347.82,0.01,0.01,2373.52507,1776282639000
1776282641.946,41.946,0.35,87.99,0.34,271.32,0.36,70.0,0.37,128.0,0.64,80.0,0.63,70.0,0.65,82.49,0.66,394.32,0.01,0.01,2373.392558,1776282640000
1776282642.666,42.666,0.35,17.49,0.34,330.32,0.36,92.81,0.37,128.0,0.64,70.0,0.63,128.0,0.65,87.99,0.66,271.32,0.01,0.01,2373.375533,1776282641000
1776282642.908,42.908,0.35,67.49,0.34,330.32,0.36,94.75,0.37,128.0,0.64,92.81,0.63,128.0,0.65,67.49,0.66,330.32,0.01,0.01,2373.375533,1776282641000
1776282643.384,43.384,0.39,46.0,0.36,79.0,0.4,21.67,0.41,75.5,0.64,94.75,0.63,128.0,0.65,67.49,0.66,330.32,0.01,0.01,2373.372239,1776282642000
1776282643.819,43.819,0.37,5.0,0.36,5.0,0.38,34.18,0.39,98.5,0.6,21.67,0.59,75.5,0.61,46.0,0.64,79.0,0.01,0.01,2373.372239,1776282642000
1776282645.072,45.072,0.37,13.9,0.36,5.0,0.38,426.5,0.39,106.5,0.62,34.18,0.61,98.5,0.63,5.0,0.64,5.0,0.01,0.01,2373.382178,1776282643000
1776282645.387,45.387,0.37,3.74,0.36,5.0,0.38,396.5,0.39,101.5,0.62,426.5,0.61,106.5,0.63,13.9,0.64,5.0,0.01,0.01,2373.382178,1776282643000
1776282646.212,46.212,0.35,119.25,0.34,152.32,0.37,115.0,0.38,416.5,0.62,391.5,0.61,101.5,0.63,2.15,0.64,5.0,0.02,0.01,2373.394477,1776282645000
1776282646.816,46.816,0.35,351.09,0.34,157.32,0.36,70.0,0.37,75.0,0.63,115.0,0.62,416.5,0.65,119.25,0.66,152.32,0.01,0.02,2373.394477,1776282645000
1776282647.537,47.537,0.35,417.55,0.34,99.32,0.36,10.0,0.37,60.0,0.64,70.0,0.63,75.0,0.65,351.09,0.66,157.32,0.01,0.01,2373.330558,1776282646000
1776282651.008,51.008,0.4,93.0,0.39,153.5,0.41,46.26,0.42,115.16,0.64,10.0,0.63,60.0,0.65,417.55,0.66,99.32,0.01,0.01,2373.433574,1776282649000
1776282651.686,51.686,0.41,331.0,0.4,138.5,0.42,59.66,0.43,60.5,0.59,46.26,0.58,115.16,0.6,93.0,0.61,153.5,0.01,0.01,2373.433574,1776282649000
1776282653.616,53.616,0.41,10.0,0.4,10.0,0.43,524.5,0.44,220.5,0.58,59.66,0.57,60.5,0.59,331.0,0.6,138.5,0.02,0.01,2373.683595,1776282652000
1776282654.405,54.405,0.39,70.0,0.38,307.0,0.4,53.0,0.41,156.5,0.57,524.5,0.56,220.5,0.59,10.0,0.6,10.0,0.01,0.02,2373.847253,1776282653000
1776282655.427,55.427,0.39,531.5,0.38,107.5,0.45,63.77,0.46,126.0,0.6,53.0,0.59,156.5,0.61,70.0,0.62,307.0,0.06,0.01,2373.849534,1776282654000
1776282656.29,56.29,0.44,441.21,0.43,109.5,0.45,8.77,0.46,55.0,0.55,63.77,0.54,126.0,0.61,531.5,0.62,107.5,0.01,0.06,2373.849534,1776282654000
1776282656.591,56.591,0.44,456.71,0.43,109.5,0.46,53.24,0.47,60.5,0.55,6.54,0.54,55.0,0.56,441.21,0.57,109.5,0.02,0.01,2373.849534,1776282654000
1776282657.934,57.934,0.45,396.5,0.44,129.71,0.47,50.0,0.48,118.5,0.54,53.24,0.53,60.5,0.56,456.71,0.57,109.5,0.02,0.02,2373.849534,1776282654000
1776282658.954,58.954,0.51,33.0,0.5,172.5,0.52,57.0,0.53,160.5,0.53,50.0,0.52,118.5,0.55,396.5,0.56,129.71,0.01,0.02,2373.849534,1776282654000
1776282659.344,59.344,0.52,98.0,0.51,60.0,0.53,11.99,0.54,398.5,0.47,21.25,0.46,160.5,0.48,24.62,0.49,99.24,0.01,0.01,2373.849534,1776282654000
1776282659.609,59.609,0.53,28.0,0.52,176.62,0.54,223.71,0.55,163.0,0.47,2.55,0.46,398.5,0.48,103.0,0.49,60.0,0.01,0.01,2373.849534,1776282654000
1776282659.917,59.917,0.53,50.89,0.52,356.62,0.54,212.71,0.55,168.0,0.46,212.71,0.45,163.0,0.47,28.0,0.48,176.62,0.01,0.01,2373.849534,1776282654000
1776282660.316,60.316,0.53,336.77,0.52,130.12,0.54,147.67,0.55,163.0,0.46,212.71,0.45,168.0,0.47,50.89,0.48,356.62,0.01,0.01,2373.849534,1776282654000
1776282660.543,60.543,0.53,309.26,0.52,120.5,0.54,73.0,0.55,50.0,0.46,203.63,0.45,168.0,0.47,94.77,0.48,347.0,0.01,0.01,2373.849534,1776282654000
1776282660.749,60.749,0.55,5.0,0.54,313.93,0.56,57.5,0.57,173.5,0.44,50.0,0.43,189.5,0.46,104.93,0.47,207.58,0.01,0.02,2373.849534,1776282654000
1776282662.117,62.117,0.56,38.0,0.55,10.0,0.57,177.0,0.58,183.5,0.44,57.5,0.43,173.5,0.45,5.0,0.46,313.93,0.01,0.01,2373.849534,1776282654000
1776282662.329,62.329,0.56,23.0,0.55,10.0,0.57,442.94,0.58,173.5,0.43,177.0,0.42,183.5,0.44,38.0,0.45,10.0,0.01,0.01,2373.849534,1776282654000
1776282664.014,64.014,0.58,15.0,0.57,20.0,0.59,115.5,0.6,165.5,0.43,447.94,0.42,173.5,0.45,10.0,0.46,10.0,0.01,0.02,2375.015498,1776282662000
1776282664.219,64.219,0.58,20.0,0.57,92.5,0.6,91.41,0.61,360.0,0.41,89.24,0.4,165.5,0.42,20.0,0.43,35.5,0.02,0.01,2375.03228,1776282663000
1776282665.867,65.867,0.59,515.5,0.58,199.5,0.6,8.0,0.61,65.5,0.4,91.41,0.39,360.0,0.42,20.0,0.43,92.5,0.01,0.02,2375.1452,1776282664000
1776282666.396,66.396,0.6,104.5,0.59,515.5,0.61,25.5,0.62,78.5,0.4,8.0,0.39,65.5,0.41,515.5,0.42,199.5,0.01,0.01,2375.258991,1776282665000
1776282667.383,67.383,0.6,500.75,0.59,237.5,0.61,5.0,0.62,65.5,0.39,20.5,0.38,78.5,0.4,84.75,0.41,526.5,0.01,0.01,2375.258991,1776282665000
1776282668.32,68.32,0.62,111.0,0.61,295.5,0.63,65.5,0.64,181.5,0.38,51.41,0.37,83.5,0.4,495.75,0.41,237.5,0.01,0.02,2375.366556,1776282667000
1776282669.497,69.497,0.62,280.39,0.61,273.5,0.63,65.5,0.64,156.5,0.37,65.5,0.36,181.5,0.38,111.0,0.39,295.5,0.01,0.01,2375.544023,1776282668000
1776282670.516,70.516,0.62,322.44,0.61,278.5,0.63,55.0,0.64,89.5,0.37,65.5,0.36,156.5,0.38,280.39,0.39,273.5,0.01,0.01,2375.624849,1776282669000
1776282671.505,71.505,0.62,306.44,0.61,278.5,0.63,51.11,0.64,89.5,0.37,55.0,0.36,89.5,0.38,322.44,0.39,278.5,0.01,0.01,2375.613949,1776282670000
1776282672.565,72.565,0.63,302.0,0.62,209.94,0.64,44.5,0.65,74.5,0.37,51.11,0.36,89.5,0.38,306.44,0.39,278.5,0.01,0.01,2375.675183,1776282671000
1776282673.158,73.158,0.65,15.0,0.64,15.0,0.66,70.5,0.67,132.0,0.36,44.5,0.35,74.5,0.37,302.0,0.38,209.94,0.01,0.01,2375.675183,1776282671000
1776282673.883,73.883,0.66,106.0,0.65,515.5,0.68,95.5,0.69,100.5,0.34,70.5,0.33,75.0,0.35,55.0,0.36,135.0,0.02,0.01,2375.661624,1776282672000
1776282675.648,75.648,0.67,18.04,0.66,76.07,0.68,364.19,0.69,105.5,0.32,89.19,0.31,158.5,0.33,10.0,0.34,311.0,0.01,0.01,2375.79128,1776282674000
1776282676.041,76.041,0.66,60.07,0.65,10.0,0.67,99.5,0.68,168.19,0.32,442.19,0.31,116.5,0.34,76.07,0.35,20.0,0.01,0.02,2375.79128,1776282674000
1776282676.682,76.682,0.66,165.07,0.65,365.5,0.67,107.5,0.68,99.19,0.33,144.5,0.32,110.19,0.34,60.07,0.35,10.0,0.01,0.01,2375.994231,1776282675000
1776282676.911,76.911,0.66,165.07,0.65,370.5,0.67,67.35,0.68,104.19,0.33,106.0,0.32,104.19,0.34,165.07,0.35,365.5,0.01,0.01,2375.994231,1776282675000
1776282677.76,77.76,0.66,193.07,0.65,312.5,0.67,145.53,0.68,161.19,0.33,67.35,0.32,104.19,0.34,165.07,0.35,370.5,0.01,0.01,2376.138861,1776282676000
1776282678.704,78.704,0.66,69.0,0.65,370.5,0.67,125.53,0.68,161.19,0.33,145.53,0.32,161.19,0.34,193.07,0.35,312.5,0.01,0.01,2375.872331,1776282677000
1776282679.436,79.436,0.66,79.0,0.65,470.5,0.67,65.38,0.68,142.5,0.33,125.53,0.32,161.19,0.34,69.0,0.35,370.5,0.01,0.01,2375.811639,1776282678000
1776282680.474,80.474,0.66,79.0,0.65,470.5,0.67,60.38,0.68,142.5,0.33,65.38,0.32,142.5,0.34,79.0,0.35,470.5,0.01,0.01,2375.811639,1776282678000
1776282680.97,80.97,0.66,79.0,0.65,516.55,0.67,43.0,0.68,142.5,0.33,60.38,0.32,142.5,0.34,79.0,0.35,470.5,0.01,0.01,2375.83788,1776282679000
1776282683.375,83.375,0.67,206.76,0.66,185.0,0.68,397.5,0.69,104.5,0.33,43.0,0.32,142.5,0.34,79.0,0.35,516.55,0.01,0.01,2375.835944,1776282681000
1776282683.842,83.842,0.67,193.21,0.66,212.69,0.68,394.86,0.69,104.5,0.32,397.5,0.31,104.5,0.33,206.76,0.34,185.0,0.01,0.01,2375.835944,1776282681000
1776282684.711,84.711,0.67,55.72,0.66,338.27,0.68,161.86,0.69,162.5,0.32,394.86,0.31,104.5,0.33,193.21,0.34,212.69,0.01,0.01,2375.835944,1776282681000
1776282685.06,85.06,0.62,51.47,0.61,133.5,0.63,64.5,0.64,42.5,0.32,161.86,0.31,162.5,0.33,55.72,0.34,338.27,0.01,0.01,2375.876702,1776282683000
1776282685.466,85.466,0.62,15.0,0.61,121.67,0.66,296.85,0.67,36.5,0.37,80.5,0.36,222.5,0.39,54.17,0.4,245.0,0.04,0.02,2375.907255,1776282684000
1776282685.732,85.732,0.65,15.5,0.64,83.5,0.66,80.0,0.67,35.5,0.34,83.5,0.33,26.5,0.35,10.0,0.36,15.0,0.01,0.01,2375.907255,1776282684000
1776282688.485,88.485,0.66,498.07,0.65,96.5,0.67,50.0,0.68,60.5,0.34,74.76,0.33,96.5,0.35,87.5,0.36,263.5,0.01,0.01,2375.672339,1776282687000
1776282688.716,88.716,0.67,99.94,0.66,511.07,0.68,50.0,0.69,97.5,0.33,50.0,0.32,60.5,0.34,498.07,0.35,96.5,0.01,0.01,2375.672339,1776282687000
1776282689.566,89.566,0.67,114.41,0.66,97.5,0.68,46.7,0.69,150.5,0.32,50.0,0.31,97.5,0.33,99.94,0.34,511.07,0.01,0.01,2375.785749,1776282688000
1776282691.792,91.792,0.69,169.5,0.68,443.5,0.7,58.57,0.71,87.0,0.32,46.7,0.31,150.5,0.33,114.41,0.34,97.5,0.01,0.01,2375.94925,1776282690000
1776282692.13,92.13,0.7,267.5,0.69,317.5,0.71,3.59,0.72,16.0,0.3,49.11,0.29,87.0,0.31,164.5,0.32,443.5,0.01,0.01,2375.94925,1776282690000
1776282692.521,92.521,0.75,172.5,0.74,215.5,0.76,39.47,0.77,55.0,0.29,3.59,0.28,16.0,0.3,267.5,0.31,317.5,0.01,0.01,2375.897347,1776282691000
1776282694.145,94.145,0.77,10.0,0.76,10.0,0.79,418.5,0.8,99.0,0.23,55.0,0.22,50.0,0.24,462.7,0.25,160.5,0.02,0.01,2375.969281,1776282692000
1776282694.44,94.44,0.78,10.0,0.77,10.0,0.79,512.23,0.8,127.0,0.21,480.23,0.2,104.0,0.22,10.0,0.23,10.0,0.01,0.01,2376.155724,1776282693000
1776282695.02,95.02,0.76,214.1,0.75,211.5,0.77,48.0,0.78,50.0,0.21,507.23,0.2,127.0,0.24,8.95,0.25,10.0,0.01,0.03,2376.155724,1776282693000
1776282695.238,95.238,0.76,104.6,0.75,269.5,0.77,31.0,0.78,58.0,0.23,41.0,0.22,50.0,0.24,109.1,0.25,269.5,0.01,0.01,2376.155724,1776282693000
1776282695.985,95.985,0.77,45.0,0.76,179.45,0.78,75.5,0.79,140.23,0.22,58.0,0.21,366.73,0.24,157.6,0.25,311.5,0.01,0.02,2376.880751,1776282694000
1776282696.734,96.734,0.79,83.5,0.78,36.5,0.8,7.0,0.81,95.5,0.22,78.58,0.21,140.23,0.23,25.0,0.24,179.45,0.01,0.01,2376.72,1776282695000
1776282696.959,96.959,0.79,90.5,0.78,136.5,0.8,4.5,0.81,82.5,0.2,7.0,0.19,95.5,0.21,80.5,0.22,36.5,0.01,0.01,2376.72,1776282695000
1776282697.346,97.346,0.8,20.0,0.79,138.0,0.81,86.57,0.82,243.0,0.19,82.5,0.18,248.0,0.21,90.5,0.22,136.5,0.01,0.02,2376.72,1776282695000
1776282697.685,97.685,0.8,43.0,0.79,133.0,0.81,84.47,0.82,265.0,0.19,86.57,0.18,243.0,0.2,20.0,0.21,138.0,0.01,0.01,2376.797424,1776282696000
1776282698.226,98.226,0.8,28.0,0.79,133.0,0.81,302.47,0.82,154.0,0.19,84.47,0.18,265.0,0.2,43.0,0.21,133.0,0.01,0.01,2376.79772,1776282697000
1776282698.883,98.883,0.8,28.0,0.79,149.0,0.81,323.79,0.82,154.0,0.19,302.47,0.18,154.0,0.2,28.0,0.21,133.0,0.01,0.01,2376.79772,1776282697000
1776282699.977,99.977,0.8,678.38,0.79,298.23,0.81,301.97,0.82,164.5,0.19,323.79,0.18,154.0,0.2,28.0,0.21,149.0,0.01,0.01,2376.79772,1776282697000
1776282701.054,101.054,0.8,8.93,0.79,19.03,0.81,490.97,0.82,118.5,0.19,301.97,0.18,164.5,0.2,678.38,0.21,298.23,0.01,0.01,2377.087475,1776282698000
1776282701.87,101.87,0.77,139.77,0.76,350.45,0.78,64.71,0.79,321.5,0.19,490.97,0.18,118.5,0.23,134.77,0.24,215.55,0.01,0.04,2377.037637,1776282699000
1776282702.167,102.167,0.77,7.27,0.76,18.35,0.78,372.21,0.79,99.5,0.22,255.21,0.21,131.5,0.23,24.27,0.24,350.45,0.01,0.01,2377.065189,1776282700000
1776282702.368,102.368,0.76,7.08,0.75,10.0,0.78,369.25,0.79,101.5,0.22,359.25,0.21,101.5,0.26,66.42,0.27,83.3,0.02,0.04,2377.065189,1776282700000
1776282703.067,103.067,0.75,204.06,0.74,76.42,0.77,30.5,0.78,358.21,0.22,369.25,0.21,101.5,0.24,7.08,0.25,10.0,0.02,0.02,2377.124356,1776282701000
1776282703.587,103.587,0.76,123.29,0.75,190.5,0.77,166.0,0.78,415.21,0.23,30.5,0.22,358.21,0.25,204.06,0.26,76.42,0.01,0.02,2377.038126,1776282702000
1776282704.446,104.446,0.76,123.29,0.75,190.5,0.77,364.48,0.78,178.21,0.23,166.0,0.22,415.21,0.24,123.29,0.25,190.5,0.01,0.01,2377.038126,1776282702000
1776282705.185,105.185,0.8,539.3,0.79,20.5,0.81,24.16,0.82,60.5,0.23,364.48,0.22,178.21,0.24,123.29,0.25,190.5,0.01,0.01,2376.75832,1776282703000
1776282706.209,106.209,0.83,367.54,0.82,115.0,0.84,0.75,0.85,9.0,0.19,24.16,0.18,60.5,0.2,539.3,0.21,20.5,0.01,0.01,2376.74287,1776282704000
1776282706.485,106.485,0.84,10.0,0.83,120.5,0.86,8.55,0.87,250.5,0.15,15.61,0.14,19.5,0.17,283.04,0.18,125.5,0.02,0.02,2376.754056,1776282705000
1776282707.632,107.632,0.86,15.0,0.85,15.0,0.87,279.63,0.88,206.66,0.13,248.72,0.12,101.66,0.16,10.0,0.17,120.5,0.01,0.03,2376.754056,1776282705000
1776282709.476,109.476,0.86,15.0,0.85,220.5,0.87,103.49,0.88,288.0,0.13,279.63,0.12,206.66,0.14,15.0,0.15,15.0,0.01,0.01,2377.57792,1776282708000
1776282709.869,109.869,0.86,24.22,0.85,205.5,0.87,263.49,0.88,190.0,0.13,103.49,0.12,288.0,0.14,15.0,0.15,220.5,0.01,0.01,2377.57792,1776282708000
1776282710.51,110.51,0.86,49.22,0.85,211.5,0.87,272.25,0.88,223.0,0.13,263.49,0.12,190.0,0.14,24.22,0.15,205.5,0.01,0.01,2377.635515,1776282709000
1776282711.554,111.554,0.85,285.83,0.84,122.3,0.86,14.14,0.87,249.25,0.13,249.25,0.12,239.0,0.15,197.77,0.16,179.5,0.01,0.02,2377.635515,1776282709000
1776282711.759,111.759,0.85,307.83,0.84,302.3,0.86,8.39,0.87,39.25,0.14,14.14,0.13,249.25,0.15,285.83,0.16,122.3,0.01,0.01,2377.611382,1776282710000
1776282712.054,112.054,0.85,311.83,0.84,302.3,0.86,3.39,0.88,87.0,0.14,8.39,0.13,39.25,0.15,307.83,0.16,302.3,0.01,0.01,2377.611382,1776282710000
1776282713.276,113.276,0.85,92.7,0.84,217.3,0.86,55.6,0.87,303.0,0.14,14.39,0.12,267.0,0.15,297.69,0.16,291.3,0.01,0.01,2377.685649,1776282711000
1776282714.084,114.084,0.86,57.9,0.85,192.56,0.87,321.76,0.88,202.5,0.14,60.6,0.13,303.0,0.15,219.56,0.16,160.3,0.01,0.01,2377.701903,1776282712000
1776282714.436,114.436,0.86,48.76,0.85,85.56,0.87,321.76,0.88,202.5,0.13,321.76,0.12,202.5,0.14,57.9,0.15,192.56,0.01,0.01,2377.712558,1776282713000
1776282715.121,115.121,0.86,39.76,0.85,56.56,0.87,372.76,0.88,145.5,0.13,321.76,0.12,202.5,0.14,48.76,0.15,85.56,0.01,0.01,2377.712558,1776282713000
1776282715.844,115.844,0.86,40.62,0.85,51.56,0.87,373.76,0.88,145.5,0.13,372.76,0.12,145.5,0.14,39.76,0.15,56.56,0.01,0.01,2377.70973,1776282714000
1776282716.595,116.595,0.86,33.46,0.85,199.56,0.87,319.76,0.88,162.5,0.13,373.76,0.12,145.5,0.14,40.62,0.15,51.56,0.01,0.01,2377.696963,1776282715000
1776282717.101,117.101,0.86,37.0,0.85,224.36,0.87,251.08,0.88,224.5,0.13,319.76,0.12,162.5,0.14,33.46,0.15,199.56,0.01,0.01,2377.696963,1776282715000
1776282717.782,117.782,0.86,295.5,0.85,199.56,0.89,49.88,0.9,110.0,0.13,251.08,0.12,224.5,0.14,37.0,0.15,224.36,0.03,0.01,2377.691878,1776282716000
1776282718.135,118.135,0.89,5.0,0.88,126.5,0.9,168.0,0.91,125.0,0.11,49.88,0.1,110.0,0.14,295.5,0.15,199.56,0.01,0.03,2377.691878,1776282716000
1776282718.846,118.846,0.89,130.0,0.88,190.5,0.9,32.22,0.91,298.0,0.1,168.0,0.09,125.0,0.11,5.0,0.12,126.5,0.01,0.01,2377.691878,1776282716000
1776282719.046,119.046,0.89,212.0,0.88,204.5,0.91,171.86,0.92,204.0,0.1,32.22,0.09,298.0,0.11,130.0,0.12,190.5,0.02,0.01,2377.702012,1776282717000
1776282720.57,120.57,0.9,155.98,0.89,188.5,0.91,371.22,0.92,60.0,0.09,176.91,0.08,204.0,0.1,101.0,0.11,190.5,0.01,0.01,2377.945759,1776282719000
1776282721.428,121.428,0.9,236.48,0.89,303.5,0.91,286.5,0.92,169.0,0.09,371.22,0.08,60.0,0.1,155.98,0.11,188.5,0.01,0.01,2378.233182,1776282720000
1776282722.708,122.708,0.92,186.5,0.91,522.49,0.93,1.91,0.94,160.0,0.09,281.0,0.08,169.0,0.1,225.98,0.11,303.5,0.01,0.01,2378.342175,1776282721000
1776282722.925,122.925,0.92,202.0,0.91,399.5,0.93,187.84,0.94,273.79,0.06,386.79,0.05,207.0,0.07,14.0,0.08,160.0,0.01,0.01,2378.342175,1776282721000
1776282723.3,123.3,0.92,81.5,0.91,519.5,0.93,250.84,0.94,374.83,0.07,361.76,0.06,227.83,0.08,11.0,0.09,404.5,0.01,0.01,2378.3431,1776282722000
1776282723.732,123.732,0.91,100.93,0.9,382.48,0.93,318.0,0.94,207.0,0.07,250.84,0.06,374.83,0.08,81.5,0.09,519.5,0.02,0.01,2378.3431,1776282722000
1776282724.451,124.451,0.9,244.48,0.89,331.29,0.91,228.9,0.92,248.0,0.07,318.0,0.06,207.0,0.09,100.93,0.1,382.48,0.01,0.02,2378.34881,1776282723000
1776282725.692,125.692,0.91,5.0,0.9,229.48,0.92,411.36,0.93,177.42,0.09,228.9,0.08,248.0,0.1,244.48,0.11,331.29,0.01,0.01,2378.820155,1776282724000
1776282726.078,126.078,0.9,204.48,0.89,365.28,0.92,381.36,0.93,166.42,0.08,411.36,0.07,177.42,0.09,5.0,0.1,229.48,0.02,0.01,2378.820155,1776282724000
1776282726.62,126.62,0.9,326.73,0.89,308.28,0.91,101.5,0.92,310.36,0.08,381.36,0.07,166.42,0.1,204.48,0.11,365.28,0.01,0.02,2378.672756,1776282725000
1776282728.692,128.692,0.9,401.73,0.89,314.28,0.91,183.9,0.92,120.36,0.09,101.5,0.08,310.36,0.1,326.73,0.11,308.28,0.01,0.01,2378.611649,1776282727000
1776282731.631,131.631,0.92,233.9,0.91,338.49,0.93,302.0,0.94,146.0,0.09,183.9,0.08,120.36,0.1,401.73,0.11,314.28,0.01,0.01,2378.718313,1776282730000
1776282732.35,132.35,0.92,236.4,0.91,343.49,0.93,199.05,0.94,146.0,0.07,302.0,0.06,146.0,0.08,233.9,0.09,338.49,0.01,0.01,2378.84543,1776282731000
1776282733.059,133.059,0.9,7.45,0.89,152.29,0.93,419.05,0.94,160.0,0.07,199.05,0.06,146.0,0.08,236.4,0.09,343.49,0.03,0.01,2378.84543,1776282731000
1776282733.341,133.341,0.89,55.37,0.88,172.6,0.9,10.0,0.91,83.0,0.07,419.05,0.06,160.0,0.1,7.45,0.11,152.29,0.01,0.03,2378.84543,1776282731000
1776282736.512,136.512,0.9,35.34,0.89,185.29,0.91,336.15,0.92,200.0,0.1,10.0,0.09,83.0,0.11,45.37,0.12,172.6,0.01,0.01,2378.157758,1776282735000
1776282737.048,137.048,0.89,25.28,0.88,172.6,0.91,389.15,0.92,162.0,0.09,336.15,0.08,200.0,0.1,35.34,0.11,185.29,0.02,0.01,2378.157758,1776282735000
1776282738.214,138.214,0.9,6.0,0.89,183.78,0.91,156.93,0.92,162.0,0.09,389.15,0.08,162.0,0.11,25.28,0.12,172.6,0.01,0.02,2378.1939,1776282736000
1776282740.441,140.441,0.9,79.95,0.89,50.78,0.91,393.15,0.92,220.0,0.09,156.93,0.08,162.0,0.1,6.0,0.11,183.78,0.01,0.01,2378.203715,1776282739000
1776282741.019,141.019,0.9,38.13,0.89,40.28,0.91,445.15,0.92,162.0,0.09,393.15,0.08,220.0,0.1,79.95,0.11,50.78,0.01,0.01,2378.203715,1776282739000
1776282741.536,141.536,0.88,50.0,0.87,212.29,0.91,399.15,0.92,220.0,0.09,445.15,0.08,162.0,0.1,38.13,0.11,40.28,0.03,0.01,2378.202434,1776282740000
1776282741.884,141.884,0.88,202.5,0.87,351.29,0.9,112.13,0.91,366.15,0.09,399.15,0.08,220.0,0.12,50.0,0.13,212.29,0.02,0.03,2378.19307,1776282741000
1776282742.376,142.376,0.88,182.5,0.87,245.49,0.89,50.0,0.9,309.63,0.1,112.13,0.09,366.15,0.12,202.5,0.13,351.29,0.01,0.02,2378.19307,1776282741000
1776282742.758,142.758,0.88,147.5,0.87,123.0,0.89,295.43,0.9,222.5,0.11,50.0,0.1,309.63,0.12,182.5,0.13,245.49,0.01,0.01,2378.19307,1776282741000
1776282743.901,143.901,0.88,182.32,0.87,131.0,0.89,277.3,0.9,236.5,0.11,300.43,0.1,222.5,0.12,137.5,0.13,123.0,0.01,0.01,2378.167283,1776282742000
1776282746.875,146.875,0.89,39.82,0.88,150.44,0.9,323.38,0.91,170.93,0.11,277.3,0.1,236.5,0.12,182.32,0.13,131.0,0.01,0.01,2377.994784,1776282745000
1776282748.174,148.174,0.9,122.82,0.89,195.54,0.91,85.83,0.92,339.0,0.1,323.38,0.09,170.93,0.11,39.82,0.12,150.44,0.01,0.01,2378.056049,1776282746000
1776282750.807,150.807,0.9,39.82,0.89,15.0,0.91,336.94,0.92,101.0,0.09,85.83,0.08,339.0,0.1,122.82,0.11,195.54,0.01,0.01,2378.234725,1776282749000
1776282751.118,151.118,0.9,39.82,0.88,28.54,0.91,385.46,0.92,152.0,0.09,330.66,0.08,101.0,0.1,39.82,0.11,15.0,0.01,0.01,2378.234725,1776282749000
1776282751.622,151.622,0.9,39.82,0.89,27.9,0.91,391.42,0.92,160.0,0.09,385.46,0.08,152.0,0.1,39.82,0.12,28.54,0.01,0.01,2378.239145,1776282750000
1776282751.83,151.83,0.9,39.82,0.89,27.9,0.91,394.22,0.92,152.0,0.09,391.42,0.08,160.0,0.1,39.82,0.11,27.9,0.01,0.01,2378.239145,1776282750000
1776282753.751,153.751,0.9,69.82,0.89,164.15,0.91,320.24,0.92,185.0,0.09,388.94,0.08,152.0,0.1,39.82,0.11,27.9,0.01,0.01,2378.096224,1776282752000
1776282754.552,154.552,0.9,139.82,0.89,225.09,0.91,320.24,0.92,185.0,0.09,320.24,0.08,185.0,0.1,69.82,0.11,164.15,0.01,0.01,2378.008523,1776282753000
1776282754.85,154.85,0.9,139.82,0.89,225.09,0.91,319.74,0.92,185.0,0.09,320.24,0.08,185.0,0.1,139.82,0.11,225.09,0.01,0.01,2378.008523,1776282753000
1776282755.093,155.093,0.9,139.82,0.89,246.57,0.91,282.74,0.92,185.0,0.09,319.74,0.08,185.0,0.1,139.82,0.11,225.09,0.01,0.01,2378.041833,1776282754000
1776282755.357,155.357,0.9,159.82,0.89,246.57,0.91,280.54,0.92,185.0,0.09,282.74,0.08,185.0,0.1,139.82,0.11,246.57,0.01,0.01,2378.041833,1776282754000
1776282755.924,155.924,0.9,82.51,0.89,100.0,0.91,357.54,0.92,135.0,0.09,280.54,0.08,185.0,0.1,159.82,0.11,246.57,0.01,0.01,2378.041833,1776282754000
1776282757.135,157.135,0.88,10.33,0.84,28.54,0.89,540.5,0.9,246.5,0.09,352.54,0.08,135.0,0.11,45.51,0.12,100.0,0.01,0.02,2378.032889,1776282756000
1776282757.493,157.493,0.81,256.18,0.8,103.75,0.84,35.5,0.85,35.5,0.11,508.5,0.1,251.5,0.16,23.54,0.17,66.0,0.03,0.05,2378.032889,1776282756000
1776282757.816,157.816,0.82,17.0,0.81,319.54,0.84,129.15,0.85,405.7,0.16,135.5,0.15,168.7,0.18,7.0,0.19,246.18,0.02,0.02,2378.032889,1776282756000
1776282759.081,159.081,0.83,131.41,0.82,53.99,0.84,99.15,0.85,480.5,0.16,129.15,0.15,405.7,0.18,17.0,0.19,319.54,0.01,0.02,2377.919793,1776282757000
1776282759.636,159.636,0.83,213.41,0.82,69.49,0.84,39.25,0.85,256.7,0.16,99.15,0.15,480.5,0.17,131.41,0.18,53.99,0.01,0.01,2377.43515,1776282758000
1776282759.856,159.856,0.83,151.35,0.82,115.99,0.84,48.55,0.85,436.7,0.16,49.75,0.15,436.7,0.17,161.35,0.18,58.99,0.01,0.01,2377.43515,1776282758000
1776282760.514,160.514,0.8,10.75,0.79,15.0,0.81,173.5,0.82,130.5,0.16,48.55,0.15,436.7,0.17,151.35,0.18,115.99,0.01,0.01,2377.185301,1776282759000
1776282760.787,160.787,0.79,10.0,0.78,105.31,0.81,130.5,0.82,130.5,0.19,135.5,0.18,130.5,0.22,23.77,0.23,25.5,0.02,0.03,2377.185301,1776282759000
1776282762.132,162.132,0.79,459.07,0.78,124.76,0.8,85.75,0.81,163.0,0.19,130.5,0.18,130.5,0.21,10.0,0.22,105.31,0.01,0.02,2377.174661,1776282760000
1776282762.554,162.554,0.79,459.07,0.78,171.31,0.8,84.5,0.81,163.0,0.2,85.75,0.19,163.0,0.21,459.07,0.22,124.76,0.01,0.01,2377.006303,1776282761000
1776282762.899,162.899,0.79,187.57,0.78,293.31,0.8,85.75,0.81,241.5,0.2,84.5,0.19,163.0,0.21,459.07,0.22,171.31,0.01,0.01,2377.006303,1776282761000
1776282765.593,165.593,0.75,124.66,0.74,15.54,0.8,480.5,0.81,263.5,0.2,85.75,0.19,241.5,0.21,187.57,0.22,293.31,0.05,0.01,2376.673969,1776282764000
1776282765.862,165.862,0.75,103.66,0.72,83.5,0.76,92.5,0.77,15.0,0.2,480.5,0.19,263.5,0.25,113.66,0.26,23.54,0.01,0.05,2376.673969,1776282764000
1776282766.211,166.211,0.75,158.66,0.74,200.5,0.76,98.0,0.77,46.5,0.24,92.5,0.23,15.0,0.25,103.66,0.28,83.5,0.01,0.01,2376.673969,1776282764000
1776282768.569,168.569,0.75,126.66,0.74,301.11,0.76,183.89,0.77,96.5,0.24,70.0,0.23,46.5,0.25,188.66,0.26,20.5,0.01,0.01,2376.246656,1776282767000
1776282769.507,169.507,0.75,117.3,0.74,301.11,0.76,173.39,0.77,96.5,0.24,183.89,0.23,96.5,0.25,126.66,0.26,301.11,0.01,0.01,2376.246656,1776282767000
1776282769.941,169.941,0.75,124.3,0.74,290.61,0.76,126.94,0.77,96.5,0.24,118.76,0.23,96.5,0.25,117.3,0.26,301.11,0.01,0.01,2376.214539,1776282768000
1776282770.475,170.475,0.75,82.2,0.7,71.43,0.76,654.94,0.77,108.5,0.24,126.94,0.23,96.5,0.25,124.3,0.26,290.61,0.01,0.01,2376.216312,1776282769000
1776282770.916,170.916,0.65,17.0,0.64,20.5,0.66,90.0,0.67,15.5,0.29,77.24,0.28,27.85,0.35,12.0,0.39,14.0,0.01,0.06,2376.216312,1776282769000
1776282771.215,171.215,0.69,45.5,0.68,78.5,0.7,19.73,0.71,37.58,0.31,12.19,0.3,15.5,0.35,41.5,0.36,20.5,0.01,0.04,2376.216312,1776282769000
1776282771.871,171.871,0.69,30.0,0.68,10.0,0.7,218.23,0.71,37.58,0.3,19.73,0.29,37.58,0.31,45.5,0.32,78.5,0.01,0.01,2376.215233,1776282770000
1776282772.202,172.202,0.69,10.0,0.68,5.0,0.7,337.25,0.71,37.58,0.3,342.8,0.29,37.58,0.31,10.0,0.32,5.0,0.01,0.01,2376.20589,1776282771000
1776282772.921,172.921,0.69,25.5,0.68,20.5,0.7,4.9,0.71,6.08,0.3,337.25,0.29,37.58,0.31,10.0,0.32,5.0,0.01,0.01,2376.20589,1776282771000
1776282773.232,173.232,0.77,25.65,0.76,30.5,0.78,74.5,0.79,60.5,0.23,7.0,0.22,57.0,0.3,10.0,0.31,123.5,0.01,0.07,2376.20589,1776282771000
1776282773.526,173.526,0.77,10.65,0.76,30.5,0.79,131.55,0.8,160.0,0.22,0.2,0.21,31.55,0.23,30.65,0.24,30.5,0.02,0.01,2375.70505,1776282772000
1776282773.859,173.859,0.77,15.08,0.76,21.15,0.78,10.0,0.79,20.5,0.21,41.55,0.2,60.0,0.23,15.95,0.24,16.15,0.01,0.02,2375.70505,1776282772000
1776282774.092,174.092,0.77,7.86,0.76,21.15,0.78,20.5,0.79,20.5,0.22,10.0,0.21,20.5,0.23,15.08,0.24,21.15,0.01,0.01,2375.70505,1776282772000
1776282774.512,174.512,0.76,78.5,0.75,117.91,0.77,32.0,0.78,25.5,0.22,20.5,0.21,20.5,0.25,52.91,0.26,77.0,0.01,0.03,2375.70505,1776282772000
1776282774.964,174.964,0.76,288.0,0.75,84.5,0.77,11.79,0.8,25.5,0.23,32.0,0.22,25.5,0.24,78.5,0.25,117.91,0.01,0.01,2375.530964,1776282773000
1776282776.788,176.788,0.79,127.0,0.78,291.5,0.8,10.0,0.81,172.0,0.2,12.5,0.19,10.0,0.24,398.0,0.25,84.5,0.01,0.04,2376.179838,1776282775000
1776282776.991,176.991,0.79,268.5,0.78,111.5,0.8,10.0,0.81,105.0,0.2,10.0,0.19,105.0,0.21,279.5,0.22,111.5,0.01,0.01,2376.258089,1776282776000
1776282777.266,177.266,0.79,343.5,0.78,252.5,0.8,7.0,0.82,115.0,0.2,10.0,0.18,5.0,0.21,290.5,0.22,248.5,0.01,0.01,2376.258089,1776282776000
1776282778.825,178.825,0.81,114.0,0.8,325.0,0.83,20.5,0.84,25.5,0.2,2.0,0.18,173.0,0.21,343.5,0.22,252.5,0.02,0.01,2376.375656,1776282777000
1776282779.794,179.794,0.82,141.0,0.81,294.0,0.83,62.0,0.84,87.5,0.17,9.5,0.16,25.5,0.18,50.0,0.19,119.0,0.01,0.01,2376.469415,1776282778000
1776282780.88,180.88,0.85,5.0,0.84,29.0,0.86,75.5,0.87,120.5,0.17,40.0,0.16,87.5,0.18,136.0,0.19,294.0,0.01,0.01,2376.643431,1776282779000
1776282781.986,181.986,0.86,332.0,0.85,127.0,0.88,240.66,0.89,126.23,0.14,127.5,0.13,120.5,0.16,24.0,0.17,249.54,0.02,0.02,2376.642409,1776282780000
1776282782.283,182.283,0.87,101.8,0.86,341.0,0.88,220.4,0.89,120.5,0.12,220.4,0.11,140.5,0.13,26.0,0.14,338.0,0.01,0.01,2376.642409,1776282780000
1776282782.557,182.557,0.87,80.0,0.86,171.0,0.88,238.75,0.89,318.5,0.12,220.4,0.11,120.5,0.13,101.8,0.14,341.0,0.01,0.01,2376.711106,1776282781000
1776282783.27,183.27,0.84,11.9,0.83,77.0,0.86,5.0,0.87,703.5,0.12,238.75,0.11,318.5,0.13,80.0,0.14,171.0,0.02,0.01,2376.924371,1776282782000
1776282783.688,183.688,0.82,39.77,0.81,50.0,0.84,291.5,0.85,152.5,0.15,45.23,0.14,72.0,0.17,16.0,0.18,50.0,0.02,0.02,2376.924371,1776282782000
1776282784.118,184.118,0.81,50.0,0.8,50.0,0.82,149.73,0.83,391.5,0.16,291.5,0.15,152.5,0.18,39.77,0.19,50.0,0.01,0.02,2376.924371,1776282782000
1776282784.356,184.356,0.81,44.74,0.8,50.0,0.82,139.0,0.83,421.77,0.18,149.73,0.17,391.5,0.19,50.0,0.2,50.0,0.01,0.01,2377.185813,1776282783000
1776282784.673,184.673,0.76,5.0,0.73,50.0,0.81,715.5,0.82,253.52,0.18,139.0,0.17,421.77,0.19,44.74,0.2,50.0,0.05,0.01,2377.185813,1776282783000
1776282784.877,184.877,0.75,12.69,0.73,49.9,0.79,10.0,0.8,110.5,0.21,10.0,0.2,10.5,0.25,19.68,0.27,49.9,0.04,0.04,2377.185813,1776282783000
1776282785.14,185.14,0.73,100.93,0.72,60.0,0.74,140.73,0.75,20.5,0.21,10.0,0.2,126.5,0.27,49.9,0.28,50.0,0.01,0.06,2377.185813,1776282783000
1776282785.396,185.396,0.73,172.93,0.72,60.0,0.75,20.5,0.76,20.5,0.26,140.73,0.25,20.5,0.27,100.93,0.28,60.0,0.02,0.01,2377.185813,1776282783000
1776282785.853,185.853,0.73,86.81,0.72,297.0,0.75,52.84,0.76,20.5,0.25,25.84,0.24,20.5,0.26,5.0,0.27,172.93,0.02,0.01,2376.783707,1776282784000
1776282786.079,186.079,0.73,86.81,0.72,297.0,0.74,44.4,0.75,54.5,0.25,52.84,0.24,20.5,0.27,86.81,0.28,297.0,0.01,0.02,2376.783707,1776282784000
1776282786.503,186.503,0.73,28.81,0.72,355.0,0.74,75.5,0.75,274.5,0.26,44.4,0.25,54.5,0.27,86.81,0.28,297.0,0.01,0.01,2376.707414,1776282785000
1776282787.17,187.17,0.7,64.7,0.69,374.0,0.71,56.5,0.72,22.5,0.26,75.5,0.25,274.5,0.27,28.81,0.28,355.0,0.01,0.01,2376.707414,1776282785000
1776282787.488,187.488,0.7,5.1,0.68,10.0,0.71,47.41,0.72,207.5,0.29,56.5,0.28,22.5,0.3,64.7,0.31,374.0,0.01,0.01,2375.979595,1776282786000
1776282787.782,187.782,0.69,5.0,0.68,20.5,0.7,3.54,0.71,7.41,0.3,31.0,0.29,23.41,0.31,5.0,0.32,20.5,0.01,0.01,2375.979595,1776282786000
1776282788.842,188.842,0.72,15.0,0.71,10.0,0.73,3.23,0.74,68.5,0.3,3.54,0.29,7.41,0.31,5.0,0.32,20.5,0.01,0.01,2375.973667,1776282787000
1776282789.468,189.468,0.71,10.0,0.7,77.0,0.72,5.43,0.73,75.23,0.27,3.23,0.26,68.5,0.28,3.1,0.29,10.0,0.01,0.01,2375.815348,1776282788000
1776282789.892,189.892,0.71,10.0,0.7,103.5,0.72,44.92,0.73,76.23,0.28,5.43,0.27,75.23,0.29,10.0,0.3,77.0,0.01,0.01,2375.815348,1776282788000
1776282790.471,190.471,0.71,142.5,0.7,134.5,0.72,11.85,0.73,89.5,0.28,44.92,0.27,76.23,0.29,10.0,0.3,103.5,0.01,0.01,2375.712089,1776282789000
1776282790.917,190.917,0.72,258.5,0.71,186.5,0.75,7.0,0.76,60.0,0.27,24.22,0.26,26.5,0.28,22.0,0.29,370.5,0.03,0.01,2375.712089,1776282789000
1776282791.696,191.696,0.76,33.0,0.75,205.5,0.77,4.59,0.78,25.5,0.25,7.0,0.24,60.0,0.28,258.5,0.29,186.5,0.01,0.03,2375.75612,1776282790000
1776282791.933,191.933,0.76,14.0,0.75,25.5,0.77,9.59,0.78,83.5,0.23,4.59,0.22,25.5,0.24,33.0,0.25,205.5,0.01,0.01,2375.75612,1776282790000
1776282792.452,192.452,0.76,80.89,0.75,312.5,0.77,4.59,0.78,73.0,0.23,9.59,0.22,83.5,0.24,14.0,0.25,25.5,0.01,0.01,2375.724705,1776282791000
1776282792.777,192.777,0.78,346.5,0.77,109.5,0.79,97.73,0.8,100.0,0.23,4.59,0.22,73.0,0.24,80.89,0.25,312.5,0.01,0.01,2375.724705,1776282791000
1776282794.878,194.878,0.74,157.5,0.73,307.5,0.75,13.0,0.76,73.0,0.21,97.73,0.2,100.0,0.22,346.5,0.23,109.5,0.01,0.01,2375.95164,1776282793000
1776282798.529,198.529,0.81,15.0,0.8,10.0,0.82,112.36,0.83,259.0,0.23,51.0,0.22,89.5,0.25,20.5,0.26,337.5,0.01,0.02,2375.933922,1776282797000
1776282799.997,199.997,0.81,91.0,0.8,70.5,0.82,16.47,0.83,67.0,0.18,112.36,0.17,259.0,0.19,15.0,0.2,10.0,0.01,0.01,2376.030463,1776282798000
1776282800.897,200.897,0.76,65.5,0.75,65.0,0.78,156.5,0.79,263.5,0.18,16.47,0.17,67.0,0.19,91.0,0.2,70.5,0.02,0.01,2376.046821,1776282799000
1776282801.1,201.1,0.75,81.5,0.74,120.0,0.77,34.0,0.78,266.0,0.22,156.5,0.21,263.5,0.24,65.5,0.25,65.0,0.02,0.02,2376.147941,1776282800000
1776282801.441,201.441,0.75,86.5,0.74,120.0,0.77,332.7,0.78,28.0,0.23,34.0,0.22,266.0,0.25,81.5,0.26,120.0,0.02,0.02,2376.147941,1776282800000
1776282801.941,201.941,0.74,23.0,0.69,55.0,0.75,74.5,0.76,80.5,0.23,332.7,0.22,28.0,0.25,86.5,0.26,120.0,0.01,0.02,2376.147941,1776282800000
1776282802.208,202.208,0.69,74.29,0.68,70.5,0.7,29.0,0.71,10.0,0.25,94.5,0.24,80.5,0.31,113.0,0.32,255.0,0.01,0.06,2376.170767,1776282801000
1776282802.52,202.52,0.65,85.5,0.64,65.0,0.66,1.0,0.67,10.0,0.3,29.0,0.29,10.0,0.31,74.29,0.32,70.5,0.01,0.01,2376.170767,1776282801000
1776282803.165,203.165,0.67,304.5,0.66,25.5,0.68,19.0,0.69,16.0,0.33,8.74,0.32,10.0,0.35,85.5,0.36,65.0,0.01,0.02,2376.03335,1776282802000
1776282805.951,205.951,0.59,4.52,0.58,127.0,0.6,10.0,0.61,10.0,0.32,19.0,0.31,16.0,0.33,304.5,0.34,25.5,0.01,0.01,2375.443512,1776282804000
1776282806.406,206.406,0.59,4.52,0.58,75.0,0.61,21.0,0.62,76.5,0.4,10.0,0.39,10.0,0.41,4.52,0.42,127.0,0.02,0.01,2375.443512,1776282804000
1776282806.627,206.627,0.59,2.82,0.58,10.0,0.6,30.5,0.61,80.38,0.39,21.0,0.38,76.5,0.41,3.31,0.42,75.0,0.01,0.02,2375.443512,1776282804000
1776282806.836,206.836,0.55,5.71,0.54,10.5,0.56,20.5,0.57,20.5,0.4,30.5,0.39,80.38,0.41,2.82,0.42,10.0,0.01,0.01,2375.410942,1776282805000
1776282807.216,207.216,0.55,86.5,0.54,340.5,0.59,2.0,0.61,71.0,0.45,6.0,0.44,16.0,0.46,15.5,0.47,135.5,0.04,0.01,2375.367993,1776282806000
1776282807.644,207.644,0.59,62.76,0.58,132.0,0.6,31.5,0.61,96.0,0.4,10.5,0.39,85.0,0.41,8.76,0.42,70.0,0.01,0.01,2375.367993,1776282806000
1776282808.819,208.819,0.61,240.0,0.6,177.5,0.62,9.83,0.63,10.5,0.4,29.0,0.39,96.0,0.41,41.76,0.42,132.0,0.01,0.01,2375.107436,1776282807000
1776282809.625,209.625,0.67,20.0,0.66,10.0,0.68,6.99,0.69,50.0,0.37,10.5,0.36,60.0,0.39,229.19,0.4,177.5,0.01,0.02,2375.05062,1776282808000
1776282809.844,209.844,0.68,15.25,0.67,15.0,0.69,74.95,0.7,303.0,0.31,45.95,0.3,303.0,0.32,15.0,0.33,15.0,0.01,0.01,2375.05062,1776282808000
1776282810.425,210.425,0.68,24.18,0.67,75.5,0.69,5.0,0.7,63.0,0.31,74.95,0.3,303.0,0.32,15.25,0.33,15.0,0.01,0.01,2374.880156,1776282809000
1776282810.636,210.636,0.73,15.0,0.72,15.0,0.75,70.09,0.76,110.0,0.31,5.0,0.3,63.0,0.32,24.18,0.33,75.5,0.02,0.01,2374.880156,1776282809000
1776282811.446,211.446,0.75,7.72,0.74,15.0,0.76,290.5,0.77,70.5,0.25,70.09,0.24,110.0,0.27,15.0,0.28,15.0,0.01,0.02,2375.046572,1776282810000
1776282811.829,211.829,0.74,4.26,0.73,25.5,0.76,5.0,0.77,55.0,0.24,290.5,0.23,70.5,0.25,7.72,0.26,15.0,0.02,0.01,2375.046572,1776282810000
1776282812.295,212.295,0.73,10.0,0.72,35.5,0.74,67.97,0.75,70.5,0.24,5.0,0.23,55.0,0.26,4.26,0.27,25.5,0.01,0.02,2375.22563,1776282811000
1776282812.839,212.839,0.74,39.5,0.73,146.5,0.75,5.24,0.76,200.0,0.26,67.97,0.25,70.5,0.27,10.0,0.28,35.5,0.01,0.01,2375.22563,1776282811000
1776282813.2,213.2,0.74,34.0,0.73,146.5,0.75,6.66,0.76,310.0,0.25,5.24,0.24,200.0,0.26,39.5,0.27,146.5,0.01,0.01,2375.505758,1776282812000
1776282815.342,215.342,0.74,5.57,0.73,35.5,0.76,370.0,0.77,75.5,0.25,6.66,0.24,310.0,0.26,34.0,0.27,146.5,0.02,0.01,2375.654658,1776282814000
1776282815.735,215.735,0.79,25.5,0.78,80.5,0.82,229.81,0.83,99.5,0.24,370.0,0.23,75.5,0.26,5.57,0.27,35.5,0.03,0.02,2375.654658,1776282814000
1776282816.081,216.081,0.81,10.0,0.8,15.0,0.82,247.69,0.83,99.5,0.18,139.8,0.17,99.5,0.19,10.0,0.2,15.0,0.01,0.01,2375.627806,1776282815000
1776282816.591,216.591,0.8,0.55,0.79,163.5,0.82,210.61,0.83,304.5,0.18,247.69,0.17,99.5,0.19,10.0,0.2,15.0,0.02,0.01,2375.627806,1776282815000
1776282820.106,220.106,0.75,10.0,0.74,85.5,0.76,13.68,0.77,72.0,0.18,210.61,0.17,304.5,0.2,0.55,0.21,163.5,0.01,0.02,2375.94088,1776282819000
1776282820.482,220.482,0.83,4.11,0.82,10.0,0.84,10.0,0.85,105.5,0.24,3.57,0.23,72.0,0.25,25.5,0.26,200.5,0.01,0.01,2375.94088,1776282819000
1776282820.827,220.827,0.83,9.11,0.82,15.0,0.84,312.11,0.85,157.5,0.16,7.0,0.15,105.5,0.17,4.11,0.18,10.0,0.01,0.01,2375.94088,1776282819000
1776282821.352,221.352,0.84,30.0,0.83,80.61,0.85,22.88,0.86,25.0,0.16,312.11,0.15,157.5,0.17,9.11,0.18,15.0,0.01,0.01,2375.94,1776282820000
1776282825.214,225.214,0.83,26.0,0.82,20.0,0.84,379.8,0.85,99.23,0.15,19.88,0.14,25.0,0.16,43.0,0.17,80.61,0.01,0.01,2376.006534,1776282824000
1776282825.42,225.42,0.83,6.0,0.82,20.0,0.84,382.8,0.85,99.23,0.16,379.8,0.15,99.23,0.17,26.0,0.18,20.0,0.01,0.01,2376.006534,1776282824000
1776282825.869,225.869,0.79,95.5,0.78,192.0,0.84,436.3,0.85,99.23,0.16,370.8,0.15,99.23,0.17,6.0,0.18,20.0,0.05,0.01,2376.006534,1776282824000
1776282826.856,226.856,0.81,30.0,0.8,80.5,0.82,36.34,0.83,10.0,0.16,436.3,0.15,99.23,0.21,95.5,0.22,192.0,0.01,0.05,2376.116656,1776282825000
1776282828.027,228.027,0.84,10.0,0.83,27.5,0.85,1.77,0.88,5.9,0.18,36.34,0.17,10.0,0.19,30.0,0.2,80.5,0.01,0.01,2376.042728,1776282826000
1776282829.965,229.965,0.84,20.0,0.83,32.5,0.85,26.71,0.86,10.0,0.15,1.77,0.12,5.9,0.16,10.0,0.17,27.5,0.01,0.01,2376.17355,1776282829000
1776282830.169,230.169,0.84,20.0,0.83,32.5,0.85,52.75,0.86,190.0,0.15,26.71,0.14,10.0,0.16,20.0,0.17,32.5,0.01,0.01,2376.17355,1776282829000
1776282830.778,230.778,0.85,25.0,0.84,44.5,0.86,297.21,0.87,23.0,0.15,52.75,0.14,190.0,0.16,20.0,0.17,32.5,0.01,0.01,2376.17355,1776282829000
1776282831.613,231.613,0.78,82.5,0.77,65.0,0.79,10.0,0.8,10.0,0.14,287.21,0.13,23.0,0.15,25.0,0.16,44.5,0.01,0.01,2376.133563,1776282830000
1776282832.527,232.527,0.8,4.94,0.79,15.0,0.81,327.0,0.82,35.5,0.21,10.0,0.2,10.0,0.22,82.5,0.23,65.0,0.01,0.01,2376.097754,1776282831000
1776282833.941,233.941,0.78,10.0,0.77,10.0,0.81,480.5,0.82,101.5,0.19,327.0,0.18,35.5,0.2,4.94,0.21,15.0,0.03,0.01,2376.04237,1776282832000
1776282834.411,234.411,0.77,404.5,0.76,113.5,0.8,8.0,0.82,28.0,0.22,4.79,0.21,30.0,0.23,25.5,0.24,326.41,0.03,0.01,2375.829509,1776282833000
1776282834.696,234.696,0.79,20.5,0.78,49.5,0.8,5.0,0.83,102.0,0.2,8.0,0.18,28.0,0.23,404.5,0.24,113.5,0.01,0.03,2375.829509,1776282833000
1776282835.707,235.707,0.84,5.0,0.83,55.5,0.88,99.48,0.89,96.79,0.2,5.0,0.17,102.0,0.21,20.5,0.22,49.5,0.04,0.01,2375.819123,1776282834000
1776282836.111,236.111,0.84,15.0,0.83,42.0,0.86,7.5,0.88,70.38,0.12,65.38,0.11,96.79,0.16,5.0,0.17,55.5,0.02,0.04,2375.819123,1776282834000
1776282836.917,236.917,0.81,7.0,0.8,14.0,0.85,10.0,0.86,60.0,0.12,78.08,0.11,96.79,0.16,10.0,0.17,47.0,0.04,0.04,2375.779948,1776282835000
1776282837.493,237.493,0.8,14.0,0.77,26.9,0.81,88.12,0.82,10.0,0.19,43.0,0.15,15.0,0.2,14.0,0.23,26.9,0.01,0.01,2375.911203,1776282836000
1776282841.537,241.537,0.76,78.73,0.75,20.0,0.77,27.4,0.78,115.0,0.19,88.12,0.18,10.0,0.23,26.9,0.25,76.0,0.01,0.04,2375.507392,1776282840000
1776282842.61,242.61,0.76,39.41,0.75,103.68,0.77,27.4,0.78,115.0,0.23,27.4,0.22,115.0,0.24,39.41,0.25,20.0,0.01,0.01,2375.479229,1776282841000
1776282843.648,243.648,0.86,10.0,0.85,23.0,0.89,56.86,0.9,95.0,0.23,27.4,0.22,115.0,0.24,39.41,0.25,103.68,0.03,0.01,2375.501759,1776282842000
1776282844.701,244.701,0.88,152.25,0.87,84.0,0.89,6.3,0.9,5.0,0.11,63.86,0.1,55.0,0.12,1.25,0.13,15.0,0.01,0.01,2375.464611,1776282843000
1776282845.46,245.46,0.88,21.25,0.87,34.0,0.9,15.0,0.91,16.0,0.11,6.3,0.1,5.0,0.12,152.25,0.13,84.0,0.02,0.01,2375.678485,1776282844000
1776282845.756,245.756,0.88,15.0,0.87,29.0,0.89,14.0,0.9,25.1,0.11,10.0,0.1,15.0,0.13,34.0,0.14,127.0,0.01,0.02,2375.678485,1776282844000
1776282846.742,246.742,0.89,15.0,0.88,24.0,0.9,60.42,0.91,73.0,0.11,14.0,0.1,25.1,0.12,15.0,0.13,29.0,0.01,0.01,2376.17135,1776282845000
1776282847.238,247.238,0.89,40.0,0.88,107.9,0.9,115.06,0.91,10.0,0.1,60.42,0.09,73.0,0.11,15.0,0.12,24.0,0.01,0.01,2376.160056,1776282846000
1776282847.616,247.616,0.89,45.0,0.88,178.99,0.9,47.91,0.91,67.0,0.1,115.06,0.09,10.0,0.11,40.0,0.12,107.9,0.01,0.01,2376.160056,1776282846000
1776282849.095,249.095,0.9,16.11,0.89,39.0,0.91,114.42,0.92,35.0,0.1,47.91,0.09,67.0,0.12,78.99,0.13,93.09,0.01,0.02,2376.086762,1776282847000
1776282849.673,249.673,0.9,36.11,0.89,93.0,0.94,78.52,0.95,831.8,0.09,114.42,0.08,35.0,0.1,16.11,0.11,39.0,0.04,0.01,2376.110161,1776282848000
1776282850.399,250.399,0.93,4.0,0.92,30.0,0.94,10.0,0.95,86.0,0.06,78.52,0.05,831.8,0.1,36.11,0.11,93.0,0.01,0.04,2376.110161,1776282848000
1776282851.165,251.165,0.93,158.0,0.92,156.0,0.94,24.02,0.95,88.0,0.06,81.02,0.05,30.0,0.07,40.0,0.08,30.0,0.01,0.01,2376.13193,1776282849000
1776282851.427,251.427,0.93,216.0,0.92,90.0,0.94,13.82,0.95,30.0,0.06,19.02,0.05,88.0,0.07,158.0,0.08,126.0,0.01,0.01,2376.13193,1776282849000
1776282851.639,251.639,0.95,15.04,0.94,19.0,0.96,19.85,0.97,126.0,0.04,25.0,0.03,126.0,0.05,15.04,0.06,19.0,0.01,0.01,2376.13193,1776282849000
1776282851.933,251.933,0.95,76.94,0.94,15.0,0.97,65.85,0.98,259.13,0.04,14.85,0.03,126.0,0.05,15.04,0.06,24.0,0.02,0.01,2376.13193,1776282849000
1776282852.67,252.67,0.96,159.1,0.95,110.04,0.97,110.96,0.98,259.13,0.03,50.03,0.02,259.13,0.04,5.0,0.05,163.03,0.01,0.01,2376.1467,1776282850000
1776282853.257,253.257,0.96,190.19,0.95,227.13,0.97,142.34,0.98,259.13,0.03,110.96,0.02,259.13,0.04,159.1,0.05,110.04,0.01,0.01,2376.55503,1776282851000
1776282853.708,253.708,0.96,200.19,0.95,232.13,0.97,136.34,0.98,259.13,0.03,142.34,0.02,259.13,0.04,190.19,0.05,227.13,0.01,0.01,2376.855657,1776282852000
1776282854.341,254.341,0.96,15.2,0.95,10.0,0.97,158.76,0.98,416.13,0.03,136.34,0.02,259.13,0.04,200.19,0.05,232.13,0.01,0.01,2377.013322,1776282853000
1776282854.716,254.716,0.94,15.0,0.93,110.9,0.95,51.0,0.96,34.0,0.04,36.0,0.03,66.76,0.07,110.9,0.08,141.0,0.01,0.03,2377.013322,1776282853000
1776282855.1,255.1,0.94,10.0,0.93,80.99,0.95,50.74,0.96,34.0,0.05,51.0,0.04,34.0,0.06,15.0,0.07,110.9,0.01,0.01,2377.013322,1776282853000
1776282855.35,255.35,0.94,10.0,0.93,85.99,0.95,49.68,0.96,34.0,0.05,50.74,0.04,34.0,0.06,10.0,0.07,80.99,0.01,0.01,2377.013322,1776282853000
1776282855.555,255.555,0.93,85.99,0.92,204.0,0.94,34.54,0.95,134.68,0.06,39.86,0.05,134.68,0.07,85.99,0.08,204.0,0.01,0.01,2377.013322,1776282853000
1776282855.995,255.995,0.93,85.99,0.92,204.0,0.94,28.15,0.95,77.68,0.06,29.19,0.05,77.68,0.07,85.99,0.08,204.0,0.01,0.01,2377.058777,1776282854000
1776282856.553,256.553,0.93,326.99,0.92,176.0,0.95,97.68,0.96,34.0,0.06,28.15,0.05,77.68,0.07,85.99,0.08,204.0,0.02,0.01,2376.884697,1776282855000
1776282857.391,257.391,0.94,402.23,0.93,174.09,0.96,1.0,0.97,8.76,0.05,87.68,0.04,34.0,0.06,5.0,0.07,326.99,0.02,0.01,2376.729856,1776282856000
1776282857.754,257.754,0.96,159.0,0.95,170.31,0.97,4.0,0.98,248.89,0.02,248.89,0.01,7240.6,0.06,402.23,0.07,174.09,0.01,0.04,2376.729856,1776282856000
1776282858.989,258.989,0.96,315.09,0.95,184.31,0.97,279.0,0.98,248.89,0.03,4.0,0.02,248.89,0.04,159.0,0.05,170.31,0.01,0.01,2376.605823,1776282857000
1776282860.183,260.183,0.96,500.09,0.95,271.11,0.98,506.89,0.99,7197.6,0.03,279.0,0.02,248.89,0.04,315.09,0.05,184.31,0.02,0.01,2376.929106,1776282858000
1776282860.89,260.89,0.97,48.7,0.96,392.74,0.98,568.89,0.99,7246.58,0.02,511.89,0.01,7197.6,0.04,252.74,0.05,225.11,0.01,0.02,2377.074035,1776282859000
1776282861.149,261.149,0.97,28.7,0.96,275.99,0.98,555.78,0.99,7252.58,0.02,560.78,0.01,7246.58,0.03,48.7,0.04,275.99,0.01,0.01,2377.074035,1776282859000
1776282861.789,261.789,0.97,28.7,0.96,275.99,0.98,559.75,0.99,7246.58,0.02,555.78,0.01,7252.58,0.03,28.7,0.04,275.99,0.01,0.01,2377.074035,1776282859000
1776282862.233,262.233,0.97,28.7,0.96,275.99,0.98,549.64,0.99,7246.58,0.02,559.75,0.01,7246.58,0.03,28.7,0.04,275.99,0.01,0.01,2377.013075,1776282860000
1776282862.47,262.47,0.97,68.7,0.96,275.99,0.98,547.58,0.99,7246.58,0.02,553.61,0.01,7246.58,0.03,28.7,0.04,275.99,0.01,0.01,2377.013075,1776282860000
1776282862.763,262.763,0.97,68.69,0.96,266.09,0.98,551.55,0.99,7246.58,0.02,547.58,0.01,7246.58,0.03,33.7,0.04,266.09,0.01,0.01,2377.044032,1776282861000
1776282863.032,263.032,0.97,35.35,0.96,323.09,0.98,551.55,0.99,7246.58,0.02,551.55,0.01,7246.58,0.03,68.69,0.04,266.09,0.01,0.01,2377.044032,1776282861000
1776282863.377,263.377,0.97,84.45,0.96,323.09,0.98,484.55,0.99,7303.58,0.02,551.55,0.01,7246.58,0.03,35.35,0.04,323.09,0.01,0.01,2377.039826,1776282862000
1776282863.6,263.6,0.97,89.45,0.96,328.09,0.98,486.46,0.99,6939.98,0.02,482.49,0.01,7303.58,0.03,84.45,0.04,328.09,0.01,0.01,2377.039826,1776282862000
1776282864.11,264.11,0.97,356.45,0.96,297.79,0.98,336.35,0.99,6939.98,0.02,356.35,0.01,6939.98,0.03,157.45,0.04,387.79,0.01,0.01,2377.039826,1776282862000
1776282864.505,264.505,0.97,356.45,0.96,296.54,0.98,333.31,0.99,6939.98,0.02,336.35,0.01,6939.98,0.03,356.45,0.04,297.79,0.01,0.01,2377.016769,1776282863000
1776282865.136,265.136,0.97,199.63,0.96,296.54,0.98,132.69,0.99,6882.98,0.02,308.72,0.01,6882.98,0.03,356.45,0.04,296.54,0.01,0.01,2377.016769,1776282863000
1776282865.351,265.351,0.97,199.63,0.96,296.54,0.98,114.39,0.99,6882.98,0.02,129.6,0.01,6882.98,0.03,199.63,0.04,296.54,0.01,0.01,2377.016769,1776282863000
1776282866.04,266.04,0.97,328.33,0.96,296.54,0.99,6882.98,,,0.02,114.39,0.01,6882.98,0.03,199.63,0.04,296.54,0.02,0.01,2377.033175,1776282864000
1776282866.365,266.365,0.97,353.33,0.96,296.54,0.98,5.0,0.99,6882.98,0.01,6882.98,,,0.03,328.33,0.04,296.54,0.01,0.02,2377.033175,1776282864000
1776282866.655,266.655,0.97,353.33,0.96,291.54,0.99,6882.98,,,0.02,5.0,0.01,6882.98,0.03,353.33,0.04,296.54,0.02,0.01,2377.034723,1776282865000
1776282867.063,267.063,0.98,58.59,0.97,378.33,0.99,6935.98,,,0.01,6882.98,,,0.03,353.33,0.04,291.54,0.01,0.02,2377.034723,1776282865000
1776282867.4,267.4,0.98,58.59,0.97,352.97,0.99,6928.96,,,0.01,6935.98,,,0.02,58.59,0.03,378.33,0.01,0.01,2377.032719,1776282866000
1776282868.104,268.104,0.98,94.41,0.97,355.97,0.99,6933.96,,,0.01,6928.96,,,0.02,58.59,0.03,352.97,0.01,0.01,2377.032719,1776282866000
1776282868.479,268.479,0.98,168.53,0.97,299.79,0.99,6878.46,,,0.01,6933.96,,,0.02,94.41,0.03,355.97,0.01,0.01,2377.061612,1776282867000
1776282868.691,268.691,0.98,173.53,0.97,299.79,0.99,6874.53,,,0.01,6878.46,,,0.02,168.53,0.03,299.79,0.01,0.01,2377.061612,1776282867000
1776282868.891,268.891,0.98,240.53,0.97,299.79,0.99,6872.51,,,0.01,6874.53,,,0.02,173.53,0.03,299.79,0.01,0.01,2377.061612,1776282867000
1776282870.108,270.108,0.98,235.53,0.97,334.7,0.99,6542.46,,,0.01,6872.51,,,0.02,240.53,0.03,299.79,0.01,0.01,2377.078862,1776282868000
1776282870.519,270.519,0.98,578.5,0.97,260.7,0.99,6542.46,,,0.01,6542.46,,,0.02,235.53,0.03,334.7,0.01,0.01,2377.111523,1776282869000
1776282870.872,270.872,0.98,552.59,0.97,283.7,0.99,6436.45,,,0.01,6542.46,,,0.02,552.59,0.03,283.7,0.01,0.01,2377.111523,1776282869000
1776282871.962,271.962,0.98,569.48,0.97,335.7,0.99,6435.43,,,0.01,6436.45,,,0.02,552.59,0.03,283.7,0.01,0.01,2377.129663,1776282870000
1776282872.88,272.88,0.98,605.17,0.97,278.7,0.99,6424.31,,,0.01,6424.31,,,0.02,569.48,0.03,335.7,0.01,0.01,2377.140143,1776282871000
1776282873.282,273.282,0.98,677.17,0.97,226.7,0.99,1378.86,,,0.01,6383.91,,,0.02,672.17,0.03,226.7,0.01,0.01,2377.108864,1776282872000
1776282873.491,273.491,0.98,729.78,0.97,231.7,0.99,1354.86,,,0.01,1356.86,,,0.02,729.78,0.03,231.7,0.01,0.01,2377.108864,1776282872000
1776282875.864,275.864,0.98,695.17,0.97,145.0,0.99,1186.5,,,0.01,1221.86,,,0.02,729.78,0.03,231.7,0.01,0.01,2377.033232,1776282874000
1776282876.228,276.228,0.98,700.17,0.97,145.0,0.99,1156.18,,,0.01,1184.47,,,0.02,695.17,0.03,145.0,0.01,0.01,2377.149715,1776282875000
1776282876.587,276.587,0.98,650.17,0.97,145.0,0.99,1141.07,,,0.01,1141.07,,,0.02,700.17,0.03,145.0,0.01,0.01,2377.149715,1776282875000
1776282876.842,276.842,0.98,645.17,0.97,145.0,0.99,1128.28,,,0.01,1133.33,,,0.02,650.17,0.03,145.0,0.01,0.01,2377.149715,1776282875000
1776282877.56,277.56,0.98,650.17,0.97,145.0,0.99,1087.21,,,0.01,1122.21,,,0.02,645.17,0.03,145.0,0.01,0.01,2377.19,1776282876000
1776282877.933,277.933,0.98,643.0,0.97,145.0,0.99,1087.21,,,0.01,1087.21,,,0.02,650.17,0.03,145.0,0.01,0.01,2377.19,1776282876000
1776282878.37,278.37,0.98,643.0,0.97,132.0,0.99,976.21,,,0.01,1087.21,,,0.02,643.0,0.03,145.0,0.01,0.01,2377.223969,1776282877000
1776282878.735,278.735,0.98,643.0,0.97,132.0,0.99,891.21,,,0.01,976.21,,,0.02,643.0,0.03,132.0,0.01,0.01,2377.223969,1776282877000
1776282879.05,279.05,0.98,693.0,0.97,132.0,0.99,882.17,,,0.01,884.19,,,0.02,693.0,0.03,132.0,0.01,0.01,2377.223969,1776282877000
1776282879.377,279.377,0.98,688.0,0.97,132.0,0.99,881.15,,,0.01,882.17,,,0.02,693.0,0.03,132.0,0.01,0.01,2377.226206,1776282878000
1776282880.0,280.0,0.98,693.0,0.97,132.0,0.99,840.79,,,0.01,876.15,,,0.02,688.0,0.03,132.0,0.01,0.01,2377.226206,1776282878000
1776282880.216,280.216,0.98,688.0,0.97,127.0,0.99,761.77,,,0.01,838.77,,,0.02,693.0,0.03,127.0,0.01,0.01,2377.226206,1776282878000
1776282880.544,280.544,0.99,1758.23,0.98,678.0,,,,,0.01,761.77,,,0.02,688.0,0.03,127.0,,0.01,2377.226371,1776282879000
1776282881.506,281.506,0.99,1933.92,0.98,514.01,,,,,,,,,0.01,1758.23,0.02,678.0,,,2377.229332,1776282880000
1776282883.335,283.335,0.99,1869.35,0.98,504.01,,,,,,,,,0.01,1933.92,0.02,514.01,,,2377.206735,1776282881000
1776282884.745,284.745,0.99,1424.89,0.98,504.01,,,,,,,,,0.01,1869.35,0.02,504.01,,,2377.17904,1776282883000
1776282886.473,286.473,0.99,1515.15,0.98,466.05,,,,,,,,,0.01,1363.67,0.02,504.01,,,2377.086214,1776282885000
1776282887.171,287.171,0.99,481.74,0.98,466.05,,,,,,,,,0.01,1515.15,0.02,466.05,,,2377.192666,1776282886000
1776282887.458,287.458,0.99,416.74,0.98,489.0,,,,,,,,,0.01,481.74,0.02,466.05,,,2377.192666,1776282886000
1776282888.01,288.01,0.99,394.23,0.98,489.0,,,,,,,,,0.01,416.74,0.02,489.0,,,2377.192666,1776282886000
1776282888.646,288.646,0.99,386.23,0.98,489.0,,,,,,,,,0.01,394.23,0.02,489.0,,,2377.123327,1776282887000
1776282891.323,291.323,0.99,3032.86,0.98,443.01,,,,,,,,,0.01,386.23,0.02,489.0,,,2376.751776,1776282890000

# RESULT,winner=Up,slug=eth-updown-5m-1776282600,ticks=399
