timestamp,elapsed_sec,up_bid_p1,up_bid_s1,up_bid_p2,up_bid_s2,up_ask_p1,up_ask_s1,up_ask_p2,up_ask_s2,down_bid_p1,down_bid_s1,down_bid_p2,down_bid_s2,down_ask_p1,down_ask_s1,down_ask_p2,down_ask_s2,up_spread,down_spread,eth_price,eth_oracle_ts
1776320700.738,0.738,0.5,3.01,0.46,150.0,0.52,140.0,0.54,137.2,0.46,207.2,0.45,70.0,0.5,14.4,0.54,220.0,0.02,0.04,2357.37255,1776320699000
1776320701.357,1.357,0.45,8.88,0.4,70.0,0.48,5.0,0.49,70.0,0.48,140.0,0.46,137.2,0.54,150.0,0.55,8.88,0.03,0.06,2357.42725,1776320700000
1776320702.051,2.051,0.46,3.69,0.45,8.88,0.47,5.0,0.48,145.0,0.52,5.0,0.51,70.0,0.55,8.88,0.6,70.0,0.01,0.03,2357.42725,1776320700000
1776320702.648,2.648,0.45,3.8,0.41,5.0,0.47,5.0,0.48,80.0,0.53,5.0,0.52,145.0,0.54,3.69,0.55,8.88,0.02,0.01,2357.42225,1776320701000
1776320703.182,3.182,0.36,75.5,0.35,70.0,0.4,51.25,0.41,61.2,0.6,57.5,0.59,61.2,0.64,75.5,0.65,70.0,0.04,0.04,2357.42225,1776320701000
1776320703.661,3.661,0.36,83.93,0.35,70.0,0.37,4.72,0.38,10.0,0.63,4.72,0.62,10.0,0.64,75.5,0.65,70.0,0.01,0.01,2357.22178,1776320702000
1776320704.137,4.137,0.36,71.43,0.35,70.0,0.37,4.72,0.38,10.0,0.63,4.72,0.62,10.0,0.64,83.93,0.65,70.0,0.01,0.01,2357.22178,1776320702000
1776320705.982,5.982,0.36,108.43,0.35,84.0,0.37,5.0,0.38,14.33,0.62,9.33,0.61,10.0,0.64,71.43,0.65,70.0,0.01,0.02,2356.848494,1776320704000
1776320706.202,6.202,0.36,106.86,0.35,89.0,0.37,5.0,0.38,14.33,0.63,5.0,0.62,14.33,0.64,108.43,0.65,84.0,0.01,0.01,2356.848494,1776320704000
1776320707.233,7.233,0.36,116.86,0.35,89.0,0.38,6.44,0.39,10.0,0.62,11.44,0.61,10.0,0.64,116.86,0.65,89.0,0.02,0.02,2356.88666,1776320705000
1776320708.104,8.104,0.36,105.86,0.35,99.0,0.37,10.0,0.38,6.44,0.62,6.44,0.61,10.0,0.64,116.86,0.65,89.0,0.01,0.02,2356.853237,1776320706000
1776320708.533,8.533,0.36,120.86,0.35,99.0,0.4,51.25,0.41,73.2,0.63,10.0,0.62,6.44,0.64,105.86,0.65,99.0,0.04,0.01,2356.839397,1776320707000
1776320708.906,8.906,0.39,79.0,0.38,99.0,0.4,46.25,0.41,61.2,0.6,51.25,0.59,73.2,0.64,120.86,0.65,99.0,0.01,0.04,2356.839397,1776320707000
1776320709.342,9.342,0.39,25.0,0.38,239.0,0.4,45.87,0.41,61.2,0.6,46.25,0.59,61.2,0.61,79.0,0.62,99.0,0.01,0.01,2356.839502,1776320708000
1776320709.599,9.599,0.39,35.0,0.38,239.0,0.41,49.57,0.44,10.0,0.6,38.37,0.59,61.2,0.61,30.0,0.62,239.0,0.02,0.01,2356.839502,1776320708000
1776320711.123,11.123,0.4,89.0,0.39,124.0,0.41,49.57,0.44,10.0,0.59,49.57,0.56,10.0,0.61,35.0,0.62,239.0,0.01,0.02,2356.845829,1776320709000
1776320711.46,11.46,0.4,50.0,0.39,104.0,0.41,42.57,0.42,10.0,0.59,49.57,0.56,10.0,0.6,89.0,0.61,124.0,0.01,0.01,2356.96442,1776320710000
1776320711.675,11.675,0.4,15.0,0.39,94.0,0.41,67.57,0.42,10.0,0.59,62.57,0.58,10.0,0.6,20.0,0.61,94.0,0.01,0.01,2356.96442,1776320710000
1776320712.3,12.3,0.39,76.0,0.38,154.0,0.4,21.0,0.41,62.57,0.59,67.57,0.58,15.0,0.6,15.0,0.61,94.0,0.01,0.01,2357.09345,1776320711000
1776320713.815,13.815,0.39,81.0,0.38,154.0,0.41,67.57,0.42,10.0,0.6,21.0,0.59,62.57,0.61,76.0,0.62,154.0,0.02,0.01,2357.1078,1776320712000
1776320715.567,15.567,0.39,89.0,0.38,169.0,0.41,57.57,0.42,15.0,0.59,67.57,0.58,10.0,0.61,81.0,0.62,154.0,0.02,0.02,2357.05745,1776320714000
1776320716.416,16.416,0.4,3.0,0.39,87.0,0.5,87.42,0.51,66.0,0.59,57.57,0.58,15.0,0.6,3.0,0.61,76.0,0.1,0.01,2357.028634,1776320715000
1776320720.649,20.649,0.38,6.8,0.37,75.0,0.39,20.0,0.4,33.0,0.5,87.42,0.49,66.0,0.6,3.0,0.61,87.0,0.01,0.1,2356.97743,1776320719000
1776320721.242,21.242,0.35,5.0,0.34,88.0,0.39,52.0,0.4,28.0,0.61,20.0,0.6,33.0,0.62,3.6,0.63,75.0,0.04,0.01,2357.04627,1776320720000
1776320721.985,21.985,0.34,29.51,0.33,85.0,0.35,15.0,0.36,15.0,0.65,20.0,0.64,10.0,0.66,59.51,0.67,85.0,0.01,0.01,2357.04627,1776320720000
1776320722.497,22.497,0.32,14.0,0.31,85.0,0.33,6.78,0.34,10.0,0.65,15.0,0.64,15.0,0.66,29.51,0.67,85.0,0.01,0.01,2357.04627,1776320720000
1776320722.95,22.95,0.32,0.44,0.31,70.0,0.33,11.78,0.34,10.0,0.67,6.78,0.66,10.0,0.68,14.0,0.69,85.0,0.01,0.01,2356.8786,1776320721000
1776320723.15,23.15,0.31,68.4,0.29,14.0,0.32,15.0,0.33,6.78,0.67,11.78,0.66,10.0,0.68,0.44,0.69,70.0,0.01,0.01,2356.8786,1776320722000
1776320723.407,23.407,0.31,68.4,0.29,15.0,0.32,5.0,0.33,11.78,0.68,15.0,0.67,6.78,0.69,68.4,0.71,14.0,0.01,0.01,2356.8786,1776320722000
1776320723.708,23.708,0.31,70.4,0.29,20.0,0.32,10.0,0.33,11.78,0.68,5.0,0.67,11.78,0.69,68.4,0.71,15.0,0.01,0.01,2356.8786,1776320722000
1776320724.652,24.652,0.32,33.0,0.31,109.4,0.35,5.0,0.36,5.0,0.68,10.0,0.67,11.78,0.69,46.4,0.71,20.0,0.03,0.01,2356.564719,1776320723000
1776320725.268,25.268,0.33,76.0,0.32,76.0,0.34,0.14,0.35,15.0,0.65,5.0,0.64,5.0,0.68,33.0,0.69,109.4,0.01,0.03,2356.564719,1776320723000
1776320725.489,25.489,0.33,78.0,0.32,82.0,0.34,10.0,0.35,70.13,0.65,10.13,0.64,15.0,0.67,81.0,0.68,82.0,0.01,0.02,2356.342737,1776320724000
1776320727.166,27.166,0.33,83.07,0.32,91.0,0.34,15.0,0.35,82.16,0.66,15.0,0.65,75.13,0.67,63.07,0.68,76.0,0.01,0.01,2356.454495,1776320726000
1776320729.084,29.084,0.34,103.0,0.33,87.07,0.37,5.0,0.4,18.0,0.66,15.0,0.65,82.16,0.67,83.07,0.68,91.0,0.03,0.01,2356.46594,1776320727000
1776320729.61,29.61,0.36,58.0,0.35,91.0,0.39,5.0,0.4,48.85,0.63,5.0,0.6,18.0,0.66,103.0,0.67,87.07,0.03,0.03,2356.43855,1776320728000
1776320729.921,29.921,0.38,48.0,0.37,15.0,0.39,5.0,0.4,48.85,0.61,5.0,0.6,48.85,0.64,58.0,0.65,91.0,0.01,0.03,2356.43855,1776320728000
1776320730.534,30.534,0.4,28.0,0.39,16.0,0.42,5.0,0.43,7.0,0.61,5.0,0.6,48.85,0.62,48.0,0.63,15.0,0.02,0.01,2356.4386,1776320729000
1776320730.823,30.823,0.43,18.5,0.42,10.0,0.44,21.0,0.45,10.0,0.56,16.0,0.55,10.0,0.57,11.28,0.59,10.0,0.01,0.01,2356.4386,1776320729000
1776320731.177,31.177,0.43,17.34,0.42,10.0,0.44,100.0,0.45,22.0,0.56,21.0,0.55,10.0,0.57,15.5,0.58,10.0,0.01,0.01,2356.4386,1776320729000
1776320731.603,31.603,0.43,22.28,0.42,29.0,0.44,53.0,0.45,52.13,0.56,59.0,0.55,12.0,0.57,12.28,0.58,10.0,0.01,0.01,2356.71325,1776320730000
1776320732.839,32.839,0.47,26.0,0.46,10.0,0.48,79.16,0.49,14.0,0.52,6.0,0.51,5.0,0.57,17.28,0.58,29.0,0.01,0.05,2356.749415,1776320731000
1776320733.378,33.378,0.47,16.0,0.46,10.0,0.48,79.16,0.49,14.0,0.52,79.16,0.51,14.0,0.53,26.0,0.54,10.0,0.01,0.01,2356.80108,1776320732000
1776320734.357,34.357,0.47,27.13,0.46,10.0,0.48,107.16,0.49,27.0,0.52,79.16,0.51,14.0,0.53,16.0,0.54,10.0,0.01,0.01,2356.80108,1776320732000
1776320735.87,35.87,0.47,25.15,0.46,10.0,0.48,109.16,0.49,27.0,0.52,107.16,0.51,27.0,0.53,27.13,0.54,10.0,0.01,0.01,2357.111871,1776320734000
1776320736.124,36.124,0.47,25.15,0.46,10.0,0.48,106.99,0.49,27.0,0.52,109.16,0.51,27.0,0.53,25.15,0.54,10.0,0.01,0.01,2357.111871,1776320734000
1776320737.084,37.084,0.47,25.26,0.46,10.0,0.48,42.83,0.49,27.0,0.52,106.99,0.51,27.0,0.53,25.15,0.54,10.0,0.01,0.01,2357.111252,1776320735000
1776320737.353,37.353,0.47,18.26,0.46,10.0,0.48,47.74,0.49,37.0,0.52,42.83,0.51,27.0,0.53,25.26,0.54,10.0,0.01,0.01,2357.121158,1776320736000
1776320740.039,40.039,0.47,18.26,0.46,10.0,0.48,58.17,0.49,37.0,0.52,71.17,0.51,37.0,0.53,18.26,0.54,10.0,0.01,0.01,2357.111075,1776320738000
1776320740.847,40.847,0.47,1.26,0.46,10.0,0.48,54.74,0.49,37.0,0.52,58.17,0.51,37.0,0.53,18.26,0.54,10.0,0.01,0.01,2357.09745,1776320739000
1776320743.028,43.028,0.47,1.26,0.46,10.0,0.48,45.0,0.49,37.0,0.52,54.74,0.51,37.0,0.53,1.26,0.54,10.0,0.01,0.01,2357.09245,1776320742000
1776320743.251,43.251,0.47,1.26,0.46,10.0,0.48,44.0,0.49,37.0,0.52,45.0,0.51,37.0,0.53,1.26,0.54,10.0,0.01,0.01,2357.09245,1776320742000
1776320743.859,43.859,0.4,5.0,0.37,70.0,0.48,133.0,0.49,107.0,0.52,44.0,0.51,37.0,0.53,1.26,0.54,10.0,0.08,0.01,2357.09245,1776320742000
1776320744.075,44.075,0.4,5.0,0.39,5.0,0.41,38.0,0.42,25.0,0.52,133.0,0.51,107.0,0.6,5.0,0.63,70.0,0.01,0.08,2357.08745,1776320743000
1776320745.298,45.298,0.37,85.0,0.36,91.0,0.4,120.0,0.41,25.0,0.59,38.0,0.58,25.0,0.61,4.51,0.63,88.26,0.03,0.02,2357.08745,1776320744000
1776320745.901,45.901,0.38,33.0,0.37,113.0,0.4,20.0,0.42,22.0,0.61,59.19,0.6,66.0,0.62,5.0,0.63,90.0,0.02,0.01,2357.08745,1776320744000
1776320746.483,46.483,0.39,38.0,0.38,20.0,0.4,30.12,0.41,5.0,0.6,20.0,0.58,22.0,0.62,33.0,0.63,113.0,0.01,0.02,2356.885998,1776320745000
1776320746.79,46.79,0.39,37.0,0.38,40.0,0.42,5.0,0.43,22.0,0.6,30.12,0.58,5.0,0.61,32.0,0.62,40.0,0.03,0.01,2356.885998,1776320745000
1776320747.831,47.831,0.41,36.3,0.4,20.0,0.42,25.0,0.43,22.0,0.58,5.0,0.57,22.0,0.61,37.0,0.62,40.0,0.01,0.03,2356.811697,1776320746000
1776320748.154,48.154,0.41,23.3,0.4,10.0,0.42,40.0,0.43,32.0,0.58,25.0,0.57,22.0,0.59,36.3,0.6,20.0,0.01,0.01,2356.827661,1776320747000
1776320749.038,49.038,0.41,15.0,0.4,10.0,0.42,48.0,0.43,85.02,0.58,40.0,0.57,32.0,0.59,23.3,0.6,10.0,0.01,0.01,2356.905095,1776320748000
1776320749.682,49.682,0.41,10.0,0.4,10.0,0.42,40.61,0.43,27.0,0.58,48.0,0.57,85.02,0.59,15.0,0.6,10.0,0.01,0.01,2356.905095,1776320748000
1776320749.951,49.951,0.41,4.0,0.4,10.0,0.42,45.61,0.43,27.0,0.58,45.61,0.57,21.0,0.59,9.0,0.6,10.0,0.01,0.01,2356.905095,1776320748000
1776320750.358,50.358,0.39,5.0,0.38,15.0,0.42,45.61,0.43,27.0,0.58,45.61,0.57,27.0,0.59,4.0,0.6,10.0,0.03,0.01,2356.905095,1776320748000
1776320751.745,51.745,0.35,1.76,0.34,138.26,0.37,121.0,0.38,30.0,0.58,45.61,0.57,27.0,0.61,5.0,0.62,15.0,0.02,0.03,2356.872377,1776320750000
1776320752.49,52.49,0.34,3.0,0.33,121.99,0.35,50.0,0.36,50.0,0.64,60.0,0.63,60.0,0.66,84.76,0.67,140.26,0.01,0.02,2356.865257,1776320751000
1776320752.858,52.858,0.33,130.99,0.32,39.0,0.34,53.05,0.35,35.0,0.65,50.0,0.64,50.0,0.66,3.0,0.67,121.99,0.01,0.01,2356.865257,1776320751000
1776320753.397,53.397,0.29,96.7,0.28,28.0,0.3,15.0,0.31,35.0,0.66,53.05,0.65,35.0,0.67,130.99,0.68,39.0,0.01,0.01,2356.831689,1776320752000
1776320753.82,53.82,0.29,10.44,0.28,67.26,0.3,94.0,0.31,25.0,0.7,60.0,0.69,20.0,0.71,76.44,0.72,59.26,0.01,0.01,2356.831689,1776320752000
1776320754.026,54.026,0.28,16.57,0.27,101.0,0.29,55.0,0.3,55.0,0.7,99.0,0.69,25.0,0.72,67.26,0.73,154.0,0.01,0.02,2356.831689,1776320752000
1776320754.247,54.247,0.28,43.56,0.27,101.0,0.29,65.0,0.3,55.0,0.71,55.0,0.7,55.0,0.72,16.57,0.73,101.0,0.01,0.01,2356.735915,1776320753000
1776320754.464,54.464,0.28,41.99,0.27,101.0,0.29,78.1,0.3,55.0,0.71,65.0,0.7,55.0,0.72,38.56,0.73,101.0,0.01,0.01,2356.735915,1776320753000
1776320755.066,55.066,0.27,75.0,0.26,69.0,0.36,141.57,0.37,15.0,0.71,73.1,0.7,55.0,0.72,37.07,0.73,101.0,0.09,0.01,2356.735915,1776320753000
1776320755.435,55.435,0.27,58.0,0.26,24.0,0.28,41.0,0.29,20.0,0.72,15.0,0.71,20.0,0.73,75.44,0.74,34.0,0.01,0.01,2356.5324,1776320754000
1776320755.954,55.954,0.27,9.0,0.26,24.0,0.28,92.0,0.29,26.0,0.72,41.0,0.71,20.0,0.73,14.0,0.74,24.0,0.01,0.01,2356.5324,1776320755000
1776320756.5,56.5,0.27,32.0,0.26,24.0,0.28,61.42,0.29,26.0,0.72,92.0,0.71,26.0,0.73,9.0,0.74,24.0,0.01,0.01,2356.5324,1776320755000
1776320757.716,57.716,0.27,37.0,0.26,29.0,0.28,39.27,0.29,10.0,0.72,61.42,0.71,26.0,0.73,32.0,0.74,24.0,0.01,0.01,2356.359136,1776320756000
1776320759.933,59.933,0.27,64.0,0.26,97.0,0.33,16.0,0.34,27.0,0.72,39.27,0.71,10.0,0.73,37.0,0.74,29.0,0.06,0.01,2356.172779,1776320758000
1776320760.563,60.563,0.31,15.63,0.3,21.0,0.32,45.0,0.33,21.0,0.67,16.0,0.66,27.0,0.73,64.0,0.74,97.0,0.01,0.06,2356.201002,1776320759000
1776320760.983,60.983,0.3,19.52,0.29,21.0,0.32,50.0,0.33,21.0,0.68,45.0,0.67,21.0,0.69,15.63,0.7,21.0,0.02,0.01,2356.200977,1776320760000
1776320762.471,62.471,0.3,42.52,0.29,21.0,0.36,132.4,0.37,24.0,0.68,55.0,0.67,31.0,0.69,0.33,0.7,29.52,0.06,0.01,2356.3063,1776320761000
1776320763.51,63.51,0.33,35.0,0.32,22.0,0.41,119.08,0.42,45.0,0.64,132.4,0.63,24.0,0.7,42.52,0.71,21.0,0.08,0.06,2356.31435,1776320762000
1776320764.05,64.05,0.33,2.68,0.32,22.0,0.34,39.19,0.35,22.0,0.6,10.0,0.59,131.08,0.68,22.0,0.69,15.0,0.01,0.08,2356.31435,1776320763000
1776320764.503,64.503,0.34,22.0,0.33,15.0,0.35,45.73,0.36,21.0,0.65,10.0,0.64,15.0,0.67,10.0,0.68,9.93,0.01,0.02,2356.31435,1776320763000
1776320764.733,64.733,0.33,0.49,0.32,9.93,0.34,33.45,0.35,17.0,0.66,23.45,0.65,40.73,0.67,15.0,0.68,9.93,0.01,0.01,2356.31435,1776320763000
1776320765.061,65.061,0.33,0.49,0.32,9.93,0.38,15.0,0.39,15.0,0.66,33.45,0.65,17.0,0.67,0.49,0.68,9.93,0.05,0.01,2356.31435,1776320763000
1776320765.597,65.597,0.35,35.0,0.34,15.0,0.37,16.94,0.38,15.0,0.62,15.0,0.61,15.0,0.67,0.49,0.68,9.93,0.02,0.05,2356.382535,1776320764000
1776320766.137,66.137,0.36,66.11,0.35,35.0,0.37,23.0,0.38,78.05,0.63,16.94,0.62,15.0,0.65,35.0,0.66,15.0,0.01,0.02,2356.420934,1776320765000
1776320766.486,66.486,0.37,73.78,0.36,62.0,0.38,27.94,0.39,8.0,0.62,27.94,0.61,8.0,0.63,20.0,0.64,62.0,0.01,0.01,2356.420934,1776320765000
1776320766.689,66.689,0.37,78.78,0.36,57.0,0.38,27.72,0.39,8.0,0.62,27.94,0.61,8.0,0.63,73.78,0.64,62.0,0.01,0.01,2356.420934,1776320765000
1776320767.501,67.501,0.37,18.06,0.36,57.0,0.38,110.91,0.4,16.0,0.62,27.72,0.61,8.0,0.63,62.87,0.64,57.0,0.01,0.01,2356.47956,1776320766000
1776320767.754,67.754,0.37,2.91,0.36,57.0,0.38,127.99,0.4,16.0,0.62,108.27,0.6,16.0,0.63,18.06,0.64,57.0,0.01,0.01,2356.47956,1776320766000
1776320768.919,68.919,0.37,10.0,0.36,40.06,0.38,167.99,0.39,10.0,0.62,132.99,0.61,10.0,0.64,30.06,0.65,35.0,0.01,0.02,2356.50002,1776320767000
1776320769.728,69.728,0.36,34.73,0.35,30.0,0.38,162.99,0.39,10.0,0.62,167.99,0.61,10.0,0.63,10.0,0.64,40.06,0.02,0.01,2356.60609,1776320768000
1776320770.196,70.196,0.36,39.73,0.35,30.0,0.37,47.29,0.38,132.99,0.62,162.99,0.61,10.0,0.64,34.73,0.65,30.0,0.01,0.02,2356.606195,1776320769000
1776320770.569,70.569,0.36,34.73,0.35,30.0,0.41,134.01,0.42,47.8,0.63,47.29,0.62,132.99,0.64,39.73,0.65,30.0,0.05,0.01,2356.606195,1776320769000
1776320771.006,71.006,0.36,0.39,0.35,30.0,0.38,55.0,0.39,15.0,0.59,134.01,0.58,47.8,0.64,34.73,0.65,30.0,0.02,0.05,2356.624245,1776320770000
1776320771.794,71.794,0.35,20.21,0.34,15.0,0.37,128.35,0.38,10.0,0.62,55.0,0.61,15.0,0.64,0.39,0.65,30.0,0.02,0.02,2356.624245,1776320770000
1776320772.719,72.719,0.35,20.21,0.34,15.0,0.36,80.12,0.37,88.35,0.63,128.35,0.62,10.0,0.65,20.21,0.66,15.0,0.01,0.02,2356.63103,1776320771000
1776320773.243,73.243,0.35,8.25,0.34,15.0,0.36,75.12,0.37,93.35,0.64,80.12,0.63,88.35,0.65,20.21,0.66,15.0,0.01,0.01,2356.62922,1776320772000
1776320774.224,74.224,0.34,13.43,0.33,75.49,0.35,174.38,0.36,32.28,0.64,75.12,0.63,93.35,0.65,8.25,0.66,15.0,0.01,0.01,2356.62922,1776320772000
1776320775.277,75.277,0.34,5.0,0.33,75.49,0.35,174.22,0.36,32.28,0.65,174.38,0.64,32.28,0.66,13.43,0.67,75.49,0.01,0.01,2356.5328,1776320774000
1776320775.747,75.747,0.33,72.51,0.32,9.93,0.35,174.22,0.36,32.28,0.65,174.22,0.64,32.28,0.66,5.0,0.67,75.49,0.02,0.01,2356.5328,1776320774000
1776320776.618,76.618,0.33,69.03,0.32,9.93,0.34,71.18,0.35,17.7,0.65,174.22,0.64,32.28,0.67,59.03,0.68,9.93,0.01,0.02,2356.5327,1776320775000
1776320778.411,78.411,0.33,125.03,0.32,9.93,0.34,53.23,0.35,7.7,0.66,71.18,0.65,17.7,0.67,69.03,0.68,9.93,0.01,0.01,2356.536456,1776320777000
1776320780.754,80.754,0.35,47.89,0.34,15.0,0.36,32.93,0.37,5.0,0.64,22.28,0.62,5.0,0.67,120.03,0.68,14.93,0.01,0.03,2356.55789,1776320779000
1776320781.417,81.417,0.33,69.03,0.32,9.93,0.34,761.0,0.36,41.68,0.64,32.93,0.63,5.0,0.65,47.89,0.66,15.0,0.01,0.01,2356.6492,1776320780000
1776320782.733,82.733,0.33,104.73,0.32,14.93,0.34,773.65,0.36,31.03,0.66,761.0,0.64,41.68,0.67,69.03,0.68,9.93,0.01,0.01,2356.65076,1776320781000
1776320783.416,83.416,0.33,262.73,0.32,36.93,0.34,767.65,0.36,31.03,0.66,773.65,0.64,31.03,0.67,104.73,0.68,14.93,0.01,0.01,2356.64638,1776320782000
1776320783.901,83.901,0.33,273.73,0.32,119.93,0.34,512.56,0.36,31.03,0.66,542.56,0.64,31.03,0.67,262.73,0.68,119.93,0.01,0.01,2356.64638,1776320782000
1776320785.018,85.018,0.33,230.0,0.32,119.93,0.34,442.56,0.36,31.03,0.66,512.56,0.64,31.03,0.67,273.73,0.68,119.93,0.01,0.01,2356.64638,1776320783000
1776320785.541,85.541,0.33,230.0,0.32,105.93,0.34,435.85,0.36,31.03,0.66,442.56,0.64,31.03,0.67,230.0,0.68,119.93,0.01,0.01,2356.770829,1776320784000
1776320786.976,86.976,0.33,221.0,0.32,105.93,0.34,435.85,0.36,31.03,0.66,435.85,0.64,31.03,0.67,230.0,0.68,105.93,0.01,0.01,2356.711637,1776320785000
1776320787.254,87.254,0.33,216.76,0.32,105.93,0.34,430.85,0.36,31.03,0.66,435.85,0.64,31.03,0.67,221.0,0.68,105.93,0.01,0.01,2356.834605,1776320786000
1776320787.996,87.996,0.33,334.76,0.32,30.93,0.34,420.55,0.36,31.03,0.66,430.85,0.64,31.03,0.67,216.76,0.68,105.93,0.01,0.01,2356.834605,1776320786000
1776320788.272,88.272,0.33,329.76,0.32,113.87,0.34,86.67,0.36,31.03,0.66,119.53,0.64,31.03,0.67,329.76,0.68,113.87,0.01,0.01,2356.842085,1776320787000
1776320788.834,88.834,0.33,343.76,0.32,130.37,0.34,50.19,0.36,31.03,0.66,76.87,0.64,31.03,0.67,334.76,0.68,130.37,0.01,0.01,2356.842085,1776320787000
1776320789.245,89.245,0.33,355.06,0.32,130.37,0.36,11.22,0.41,27.11,0.66,50.19,0.64,31.03,0.67,343.76,0.68,130.37,0.03,0.01,2356.842085,1776320787000
1776320790.169,90.169,0.4,58.78,0.35,283.0,0.41,27.11,0.44,11.0,0.64,11.22,0.59,27.11,0.67,355.06,0.68,130.37,0.01,0.03,2356.83571,1776320789000
1776320790.565,90.565,0.4,222.78,0.39,26.0,0.41,21.98,0.45,10.0,0.59,27.11,0.56,11.0,0.6,58.78,0.65,283.0,0.01,0.01,2356.83571,1776320789000
1776320790.809,90.809,0.48,16.92,0.47,15.0,0.49,4.9,0.5,5.0,0.51,4.9,0.5,5.0,0.52,10.0,0.53,10.0,0.01,0.01,2356.83571,1776320789000
1776320791.04,91.04,0.49,13.92,0.48,9.92,0.51,49.27,0.52,11.0,0.49,49.27,0.48,11.0,0.51,27.0,0.52,9.92,0.02,0.02,2356.83571,1776320789000
1776320791.382,91.382,0.47,7.0,0.46,164.0,0.5,10.0,0.51,59.27,0.49,49.27,0.48,11.0,0.51,13.92,0.52,9.92,0.03,0.02,2356.97943,1776320790000
1776320791.59,91.59,0.46,162.14,0.45,23.0,0.48,15.0,0.49,10.0,0.52,10.0,0.51,10.0,0.54,164.0,0.55,23.0,0.02,0.02,2356.97943,1776320790000
1776320792.197,92.197,0.46,97.23,0.45,23.0,0.49,10.0,0.5,10.0,0.52,5.82,0.51,10.0,0.54,172.14,0.55,23.0,0.03,0.02,2356.97943,1776320790000
1776320792.88,92.88,0.46,117.23,0.45,33.0,0.51,44.27,0.52,16.0,0.51,10.0,0.5,10.0,0.54,97.23,0.55,23.0,0.05,0.03,2357.006215,1776320791000
1776320795.124,95.124,0.53,14.78,0.52,15.0,0.54,147.0,0.55,15.0,0.49,44.27,0.48,16.0,0.54,117.23,0.55,33.0,0.01,0.05,2357.315885,1776320793000
1776320795.439,95.439,0.53,9.67,0.52,15.0,0.54,147.0,0.55,5.0,0.46,147.0,0.45,15.0,0.47,14.78,0.48,15.0,0.01,0.01,2357.299875,1776320794000
1776320795.647,95.647,0.53,4.67,0.52,20.0,0.54,147.0,0.55,10.0,0.46,147.0,0.45,5.0,0.47,9.67,0.48,15.0,0.01,0.01,2357.299875,1776320794000
1776320797.572,97.572,0.52,13.29,0.51,20.0,0.54,144.96,0.55,10.0,0.46,144.96,0.45,10.0,0.47,4.67,0.48,20.0,0.02,0.01,2357.47335,1776320796000
1776320797.939,97.939,0.53,3.49,0.52,18.29,0.54,144.96,0.55,10.0,0.46,144.96,0.45,10.0,0.48,13.29,0.49,20.0,0.01,0.02,2357.47335,1776320796000
1776320798.199,98.199,0.53,5.29,0.52,18.29,0.54,149.96,0.55,10.0,0.46,144.96,0.45,10.0,0.47,3.49,0.48,18.29,0.01,0.01,2357.47335,1776320796000
1776320799.659,99.659,0.53,5.29,0.52,18.29,0.54,146.83,0.55,20.0,0.46,149.96,0.45,10.0,0.47,5.29,0.48,18.29,0.01,0.01,2357.52461,1776320798000
1776320800.173,100.173,0.52,12.42,0.51,15.0,0.54,146.83,0.55,11.0,0.46,146.83,0.45,20.0,0.47,5.29,0.48,18.29,0.02,0.01,2357.52461,1776320798000
1776320800.525,100.525,0.53,5.71,0.52,7.42,0.54,141.83,0.55,11.0,0.46,146.83,0.45,11.0,0.48,12.42,0.49,15.0,0.01,0.02,2357.559525,1776320799000
1776320801.054,101.054,0.53,6.71,0.52,7.42,0.54,146.83,0.55,21.0,0.46,141.83,0.45,11.0,0.47,5.71,0.48,7.42,0.01,0.01,2357.559525,1776320799000
1776320801.788,101.788,0.55,10.0,0.54,10.0,0.56,10.49,0.57,80.0,0.46,146.83,0.45,21.0,0.47,6.71,0.48,7.42,0.01,0.01,2357.466705,1776320800000
1776320802.554,102.554,0.55,0.73,0.54,15.0,0.56,20.49,0.57,85.0,0.44,10.49,0.43,80.0,0.45,5.73,0.46,10.0,0.01,0.01,2357.516341,1776320801000
1776320803.486,103.486,0.4,58.68,0.37,5.0,0.41,10.0,0.42,10.0,0.44,20.49,0.43,85.0,0.45,0.73,0.46,15.0,0.01,0.01,2357.474945,1776320802000
1776320803.772,103.772,0.4,56.18,0.39,5.0,0.41,84.0,0.42,17.0,0.59,10.0,0.58,10.0,0.6,58.68,0.63,5.0,0.01,0.01,2357.474945,1776320802000
1776320803.992,103.992,0.4,47.98,0.39,5.0,0.41,22.0,0.42,17.0,0.59,84.0,0.58,17.0,0.6,56.18,0.61,5.0,0.01,0.01,2357.47478,1776320803000
1776320804.549,104.549,0.4,47.98,0.39,5.0,0.41,39.0,0.42,22.0,0.59,22.0,0.58,17.0,0.6,47.98,0.61,5.0,0.01,0.01,2357.47478,1776320803000
1776320807.094,107.094,0.4,52.98,0.39,5.0,0.41,19.0,0.42,22.0,0.59,39.0,0.58,22.0,0.6,47.98,0.61,5.0,0.01,0.01,2357.183594,1776320805000
1776320807.901,107.901,0.4,44.98,0.39,10.0,0.41,17.0,0.42,22.0,0.59,19.0,0.58,22.0,0.6,52.98,0.61,5.0,0.01,0.01,2357.047952,1776320806000
1776320808.414,108.414,0.4,38.31,0.39,51.79,0.41,27.0,0.42,22.0,0.59,17.0,0.58,22.0,0.6,44.98,0.61,10.0,0.01,0.01,2356.987731,1776320807000
1776320809.002,109.002,0.4,0.31,0.39,10.0,0.41,27.0,0.42,17.0,0.59,27.0,0.58,22.0,0.6,38.31,0.61,51.79,0.01,0.01,2356.987731,1776320807000
1776320812.409,112.409,0.39,168.22,0.38,20.76,0.4,3.0,0.41,5.0,0.59,27.0,0.58,17.0,0.6,0.31,0.61,10.0,0.01,0.01,2356.984404,1776320811000
1776320813.731,113.731,0.4,5.0,0.39,5.0,0.41,75.0,0.42,22.0,0.59,3.0,0.58,7.0,0.61,163.22,0.62,20.76,0.01,0.02,2357.0652,1776320812000
1776320815.03,115.03,0.38,3.46,0.37,107.23,0.4,10.0,0.41,43.0,0.59,75.0,0.58,22.0,0.6,5.0,0.61,5.0,0.02,0.01,2357.072895,1776320813000
1776320818.165,118.165,0.38,23.46,0.37,15.0,0.39,3.0,0.4,10.0,0.6,10.0,0.59,43.0,0.62,3.46,0.63,107.23,0.01,0.02,2357.019255,1776320816000
1776320818.6,118.6,0.38,33.46,0.37,100.99,0.4,8.0,0.41,13.0,0.61,3.0,0.6,10.0,0.62,23.46,0.63,15.0,0.02,0.01,2356.979674,1776320817000
1776320820.45,120.45,0.4,11.66,0.39,30.0,0.41,3.0,0.42,10.0,0.6,8.0,0.59,13.0,0.62,33.46,0.63,100.99,0.01,0.02,2357.0254,1776320819000
1776320821.509,121.509,0.4,10.0,0.39,5.0,0.46,70.0,0.47,85.0,0.59,3.0,0.58,10.0,0.6,11.66,0.61,30.0,0.06,0.01,2356.994712,1776320820000
1776320821.892,121.892,0.41,5.0,0.4,20.0,0.42,96.0,0.43,15.0,0.58,59.09,0.57,15.0,0.59,5.0,0.6,20.0,0.01,0.01,2356.994712,1776320820000
1776320824.457,124.457,0.41,10.0,0.4,10.0,0.42,47.0,0.43,21.03,0.58,96.0,0.57,15.0,0.59,5.0,0.6,20.0,0.01,0.01,2357.015319,1776320823000
1776320824.73,124.73,0.38,20.57,0.37,15.0,0.42,42.0,0.43,21.03,0.58,47.0,0.57,21.03,0.59,10.0,0.6,10.0,0.04,0.01,2357.015319,1776320823000
1776320828.185,128.185,0.39,15.0,0.38,25.57,0.41,15.36,0.42,85.0,0.58,42.0,0.57,21.03,0.62,20.57,0.63,15.0,0.02,0.04,2357.01251,1776320827000
1776320830.244,130.244,0.4,9.7,0.39,15.0,0.41,101.0,0.42,80.0,0.59,15.36,0.58,85.0,0.61,15.0,0.62,25.57,0.01,0.02,2357.092699,1776320829000
1776320832.193,132.193,0.37,5.0,0.36,5.0,0.38,70.0,0.39,120.0,0.59,101.0,0.58,80.0,0.6,9.7,0.61,15.0,0.01,0.01,2357.012771,1776320831000
1776320832.711,132.711,0.35,22.0,0.34,105.23,0.36,108.0,0.37,51.0,0.63,16.0,0.62,81.0,0.65,17.0,0.66,105.23,0.01,0.02,2357.012771,1776320831000
1776320833.199,133.199,0.35,17.0,0.34,12.0,0.36,127.0,0.37,51.0,0.64,108.0,0.63,51.0,0.65,22.0,0.66,105.23,0.01,0.01,2357.012771,1776320831000
1776320834.062,134.062,0.35,17.0,0.34,12.0,0.36,121.08,0.37,51.0,0.64,127.0,0.63,51.0,0.65,17.0,0.66,12.0,0.01,0.01,2356.944529,1776320832000
1776320834.68,134.68,0.35,12.0,0.34,12.0,0.36,116.08,0.37,56.0,0.64,121.08,0.63,51.0,0.65,17.0,0.66,12.0,0.01,0.01,2356.90271,1776320833000
1776320835.436,135.436,0.2,5.99,0.19,7.0,0.21,59.0,0.22,15.0,0.64,116.08,0.63,56.0,0.65,12.0,0.66,12.0,0.01,0.01,2356.90271,1776320834000
1776320835.694,135.694,0.18,40.91,0.17,10.0,0.19,34.0,0.2,10.0,0.79,133.0,0.78,15.0,0.82,33.67,0.83,10.0,0.01,0.03,2356.90271,1776320834000
1776320835.97,135.97,0.18,54.69,0.17,10.0,0.19,12.0,0.2,16.0,0.81,40.0,0.8,10.0,0.82,40.91,0.83,10.0,0.01,0.01,2356.90271,1776320834000
1776320836.214,136.214,0.19,30.0,0.18,40.69,0.2,8.8,0.21,21.0,0.8,13.8,0.79,21.0,0.82,54.69,0.83,10.0,0.01,0.02,2356.90271,1776320834000
1776320836.48,136.48,0.19,27.58,0.18,45.69,0.2,13.8,0.21,21.0,0.8,8.8,0.79,21.0,0.81,30.0,0.82,40.69,0.01,0.01,2356.955313,1776320835000
1776320837.031,137.031,0.2,10.0,0.19,15.0,0.21,20.28,0.22,15.0,0.8,13.8,0.79,21.0,0.81,26.28,0.82,45.69,0.01,0.01,2356.955313,1776320835000
1776320838.112,138.112,0.21,15.0,0.2,33.0,0.22,14.56,0.23,10.0,0.79,20.28,0.78,15.0,0.8,10.0,0.81,15.0,0.01,0.01,2356.448698,1776320836000
1776320839.569,139.569,0.21,20.0,0.2,33.0,0.24,71.56,0.25,85.0,0.78,14.56,0.77,10.0,0.79,15.0,0.8,33.0,0.03,0.01,2356.185742,1776320838000
1776320840.143,140.143,0.22,0.74,0.21,15.0,0.24,146.56,0.25,115.0,0.76,130.56,0.75,85.0,0.77,5.75,0.78,5.0,0.02,0.01,2356.185742,1776320838000
1776320841.408,141.408,0.22,2.17,0.21,13.65,0.23,59.0,0.24,81.56,0.78,10.0,0.77,15.0,0.79,8.65,0.8,28.0,0.01,0.01,2356.179552,1776320840000
1776320843.682,143.682,0.22,15.0,0.21,13.65,0.23,52.37,0.24,81.56,0.77,59.0,0.76,81.56,0.78,2.17,0.79,13.65,0.01,0.01,2356.197697,1776320842000
1776320844.753,144.753,0.22,156.0,0.21,20.65,0.23,16.37,0.29,5.0,0.77,52.37,0.76,81.56,0.78,15.0,0.79,13.65,0.01,0.01,2356.185582,1776320843000
1776320846.186,146.186,0.29,78.0,0.28,20.0,0.31,45.67,0.32,35.0,0.7,7.5,0.69,55.0,0.71,28.59,0.72,20.0,0.02,0.01,2356.194952,1776320845000
1776320847.558,147.558,0.3,69.42,0.29,54.0,0.31,11.0,0.32,51.58,0.69,36.22,0.68,35.0,0.7,8.57,0.71,76.0,0.01,0.01,2356.480583,1776320846000
1776320847.939,147.939,0.29,7.0,0.28,5.0,0.31,61.0,0.32,131.58,0.69,11.0,0.68,51.58,0.7,69.42,0.71,54.0,0.02,0.01,2356.480583,1776320846000
1776320848.267,148.267,0.28,5.0,0.27,21.0,0.3,156.44,0.31,20.0,0.69,61.0,0.68,131.58,0.71,7.0,0.72,5.0,0.02,0.02,2356.56055,1776320847000
1776320849.294,149.294,0.26,2.57,0.25,12.0,0.28,80.0,0.29,20.0,0.71,85.0,0.7,80.44,0.73,13.76,0.74,6.0,0.02,0.02,2356.56805,1776320848000
1776320849.886,149.886,0.25,12.0,0.24,15.0,0.26,65.0,0.27,15.0,0.72,80.0,0.71,20.0,0.74,2.57,0.75,12.0,0.01,0.02,2356.56805,1776320848000
1776320853.577,153.577,0.31,65.0,0.3,15.0,0.33,6.96,0.34,30.0,0.74,65.0,0.73,15.0,0.75,12.0,0.76,15.0,0.02,0.01,2356.513187,1776320852000
1776320853.839,153.839,0.37,15.0,0.36,127.88,0.38,69.9,0.39,113.3,0.62,98.3,0.61,85.0,0.68,86.0,0.69,97.0,0.01,0.06,2356.513187,1776320852000
1776320855.363,155.363,0.38,15.0,0.37,15.0,0.39,78.8,0.4,75.0,0.62,69.9,0.61,113.3,0.63,15.0,0.64,127.88,0.01,0.01,2356.5579,1776320854000
1776320857.187,157.187,0.38,27.0,0.37,20.0,0.42,11.0,0.43,86.03,0.61,78.8,0.6,75.0,0.62,15.0,0.63,15.0,0.04,0.01,2356.804378,1776320856000
1776320858.51,158.51,0.39,12.5,0.38,15.0,0.4,16.0,0.41,16.0,0.57,73.49,0.56,33.3,0.58,15.0,0.59,15.0,0.01,0.01,2356.91574,1776320857000
1776320862.001,162.001,0.39,22.5,0.38,15.0,0.4,20.0,0.41,15.0,0.6,16.0,0.59,16.0,0.61,12.5,0.62,15.0,0.01,0.01,2357.05713,1776320860000
1776320862.271,162.271,0.4,9.16,0.39,22.5,0.41,15.0,0.42,15.0,0.59,15.0,0.58,15.0,0.6,12.08,0.61,22.5,0.01,0.01,2357.05713,1776320860000
1776320863.939,163.939,0.4,14.16,0.39,22.5,0.41,1.34,0.42,5.0,0.59,15.0,0.58,15.0,0.6,9.16,0.61,22.5,0.01,0.01,2357.05595,1776320862000
1776320865.75,165.75,0.31,72.67,0.3,10.0,0.42,161.0,0.43,10.0,0.59,1.34,0.58,5.0,0.6,14.16,0.61,22.5,0.11,0.01,2357.014523,1776320864000
1776320866.279,166.279,0.3,8.6,0.29,12.0,0.31,16.0,0.32,21.0,0.58,161.0,0.57,10.0,0.69,72.67,0.7,10.0,0.01,0.11,2357.101659,1776320865000
1776320867.228,167.228,0.27,6.0,0.26,16.0,0.31,78.9,0.32,21.0,0.69,8.9,0.68,26.0,0.7,8.6,0.71,12.0,0.04,0.01,2357.101659,1776320865000
1776320867.458,167.458,0.26,7.4,0.25,35.0,0.31,108.9,0.32,21.0,0.69,108.9,0.68,21.0,0.7,4.71,0.74,7.4,0.05,0.01,2356.97685,1776320866000
1776320868.148,168.148,0.22,19.0,0.21,37.0,0.26,52.46,0.27,116.0,0.69,78.9,0.68,21.0,0.74,7.4,0.75,35.0,0.04,0.05,2356.97685,1776320866000
1776320868.349,168.349,0.21,2.91,0.2,79.23,0.23,6.49,0.24,57.0,0.77,6.49,0.76,60.0,0.79,13.05,0.8,79.23,0.02,0.02,2356.97685,1776320866000
1776320868.588,168.588,0.18,10.0,0.17,17.0,0.21,5.0,0.22,36.0,0.79,5.0,0.78,36.0,0.8,5.0,0.82,10.0,0.03,0.01,2356.97685,1776320866000
1776320868.874,168.874,0.21,35.0,0.18,25.0,0.22,36.0,0.23,36.0,0.79,5.0,0.78,36.0,0.82,10.0,0.83,17.0,0.01,0.03,2356.8676,1776320867000
1776320869.377,169.377,0.19,10.0,0.18,23.78,0.21,10.0,0.22,36.0,0.78,36.0,0.77,36.0,0.82,23.78,0.83,10.0,0.02,0.04,2356.873513,1776320868000
1776320870.315,170.315,0.18,97.98,0.17,15.0,0.2,9.05,0.21,16.0,0.79,10.0,0.78,36.0,0.81,10.0,0.82,23.78,0.02,0.02,2356.476579,1776320869000
1776320871.028,171.028,0.2,18.16,0.19,35.76,0.21,11.0,0.22,11.0,0.8,9.05,0.79,16.0,0.81,12.0,0.82,97.98,0.01,0.01,2356.476579,1776320869000
1776320871.84,171.84,0.19,7.75,0.18,97.98,0.21,11.0,0.22,11.0,0.79,11.0,0.78,11.0,0.8,7.66,0.81,35.76,0.02,0.01,2356.360282,1776320870000
1776320872.157,172.157,0.2,10.0,0.19,7.75,0.21,14.63,0.22,21.0,0.79,11.0,0.78,11.0,0.81,7.75,0.82,97.98,0.01,0.02,2356.350902,1776320871000
1776320874.371,174.371,0.2,10.0,0.19,42.0,0.21,54.81,0.22,21.0,0.79,14.63,0.78,21.0,0.8,10.0,0.81,7.75,0.01,0.01,2356.268567,1776320872000
1776320875.019,175.019,0.18,13.78,0.17,47.47,0.2,15.0,0.21,17.81,0.79,54.81,0.78,21.0,0.8,10.0,0.81,42.0,0.02,0.01,2356.283601,1776320874000
1776320880.395,180.395,0.18,2.9,0.16,22.5,0.19,122.0,0.2,15.0,0.8,20.0,0.79,17.81,0.82,8.78,0.83,47.47,0.01,0.02,2356.358925,1776320879000
1776320880.836,180.836,0.16,20.27,0.15,10.0,0.19,77.0,0.2,20.0,0.81,122.0,0.8,15.0,0.82,2.9,0.84,22.5,0.03,0.01,2356.358925,1776320879000
1776320881.785,181.785,0.16,15.27,0.15,15.0,0.17,25.0,0.18,15.0,0.81,77.0,0.8,20.0,0.84,20.27,0.85,10.0,0.01,0.03,2356.274419,1776320880000
1776320882.422,182.422,0.16,6.27,0.15,15.0,0.17,67.0,0.18,15.0,0.83,25.0,0.82,15.0,0.84,15.27,0.85,15.0,0.01,0.01,2356.274205,1776320881000
1776320884.019,184.019,0.13,85.0,0.12,30.09,0.15,15.0,0.16,21.0,0.83,67.0,0.82,15.0,0.84,6.27,0.85,15.0,0.02,0.01,2356.333949,1776320882000
1776320884.474,184.474,0.13,65.0,0.12,30.09,0.15,51.0,0.16,21.0,0.85,15.0,0.84,21.0,0.87,65.0,0.88,30.09,0.02,0.02,2356.329645,1776320883000
1776320884.839,184.839,0.12,25.09,0.11,15.0,0.13,9.61,0.14,44.0,0.85,51.0,0.84,21.0,0.87,51.31,0.88,30.09,0.01,0.02,2356.329645,1776320883000
1776320885.474,185.474,0.12,19.09,0.11,15.0,0.13,10.0,0.14,30.0,0.86,30.0,0.85,34.0,0.88,25.09,0.89,15.0,0.01,0.02,2356.301524,1776320884000
1776320885.762,185.762,0.12,7.34,0.11,15.0,0.13,7.3,0.14,30.0,0.87,2.3,0.86,30.0,0.88,12.34,0.89,15.0,0.01,0.01,2356.301524,1776320884000
1776320886.226,186.226,0.12,12.34,0.11,10.0,0.14,30.0,0.15,34.0,0.87,7.3,0.86,30.0,0.88,7.34,0.89,15.0,0.02,0.01,2356.3277,1776320885000
1776320886.535,186.535,0.12,42.34,0.11,10.0,0.14,17.85,0.15,34.0,0.86,30.0,0.85,34.0,0.88,37.34,0.89,10.0,0.02,0.02,2356.3277,1776320885000
1776320886.753,186.753,0.12,25.97,0.11,10.0,0.14,22.85,0.15,34.0,0.86,17.85,0.85,34.0,0.88,42.34,0.89,10.0,0.02,0.02,2356.3277,1776320885000
1776320887.845,187.845,0.12,66.27,0.11,10.0,0.13,10.0,0.14,22.85,0.86,22.85,0.85,34.0,0.88,25.97,0.89,10.0,0.01,0.02,2356.084757,1776320886000
1776320888.182,188.182,0.12,46.44,0.11,21.0,0.13,10.0,0.14,22.85,0.87,10.0,0.86,22.85,0.88,66.27,0.89,10.0,0.01,0.01,2356.084757,1776320886000
1776320889.289,189.289,0.12,51.21,0.11,21.0,0.13,45.68,0.14,17.85,0.87,10.0,0.86,22.85,0.88,46.44,0.89,21.0,0.01,0.01,2356.023248,1776320888000
1776320892.286,192.286,0.12,30.21,0.11,11.0,0.13,97.68,0.14,17.85,0.87,45.68,0.86,17.85,0.88,45.21,0.89,21.0,0.01,0.01,2356.053129,1776320890000
1776320893.095,193.095,0.12,23.21,0.11,29.0,0.13,47.21,0.14,17.85,0.87,54.21,0.86,17.85,0.88,23.21,0.89,11.0,0.01,0.01,2356.044606,1776320892000
1776320893.422,193.422,0.12,18.21,0.11,34.0,0.13,53.71,0.14,17.85,0.87,47.21,0.86,17.85,0.88,23.21,0.89,29.0,0.01,0.01,2356.044606,1776320892000
1776320894.712,194.712,0.12,33.21,0.11,29.0,0.13,2.71,0.14,12.85,0.87,53.71,0.86,17.85,0.88,18.21,0.89,34.0,0.01,0.01,2356.051637,1776320893000
1776320895.321,195.321,0.13,15.0,0.12,27.52,0.14,2.85,0.15,19.0,0.86,12.85,0.85,29.0,0.88,27.52,0.89,29.0,0.01,0.02,2356.039488,1776320894000
1776320897.019,197.019,0.14,9.18,0.13,8.0,0.15,39.0,0.16,54.8,0.86,2.85,0.85,19.0,0.87,13.0,0.88,27.52,0.01,0.01,2356.025882,1776320895000
1776320897.398,197.398,0.14,30.18,0.13,19.0,0.16,5.0,0.17,48.3,0.85,39.0,0.84,54.8,0.86,9.18,0.87,8.0,0.02,0.01,2356.054467,1776320896000
1776320899.552,199.552,0.16,9.0,0.15,15.0,0.17,108.04,0.18,51.3,0.83,31.0,0.82,23.0,0.84,14.0,0.85,25.0,0.01,0.01,2356.148435,1776320898000
1776320900.818,200.818,0.16,14.0,0.15,25.0,0.17,115.72,0.18,51.3,0.83,108.04,0.82,51.3,0.84,9.0,0.85,15.0,0.01,0.01,2356.22262,1776320899000
1776320902.647,202.647,0.16,9.0,0.15,15.0,0.17,112.72,0.18,67.7,0.83,115.72,0.82,51.3,0.84,14.0,0.85,25.0,0.01,0.01,2356.224735,1776320901000
1776320904.036,204.036,0.15,10.0,0.14,15.0,0.16,82.26,0.17,69.98,0.83,112.72,0.82,67.7,0.84,9.0,0.85,15.0,0.01,0.01,2356.254055,1776320902000
1776320904.366,204.366,0.15,11.1,0.14,15.0,0.16,93.26,0.17,103.28,0.84,82.26,0.83,69.98,0.85,10.0,0.86,15.0,0.01,0.01,2356.230685,1776320903000
1776320907.549,207.549,0.12,23.52,0.11,29.0,0.15,5.0,0.16,175.48,0.84,93.26,0.83,103.28,0.85,11.1,0.86,15.0,0.03,0.01,2356.26509,1776320906000
1776320908.328,208.328,0.1,20.0,0.09,126.0,0.13,120.0,0.14,38.0,0.87,56.0,0.86,25.0,0.88,18.52,0.89,29.0,0.03,0.01,2356.26509,1776320906000
1776320908.866,208.866,0.1,17.05,0.09,136.0,0.11,55.9,0.12,20.0,0.89,65.9,0.88,20.0,0.9,15.0,0.91,126.0,0.01,0.01,2356.26002,1776320907000
1776320909.179,209.179,0.1,23.37,0.09,136.0,0.11,50.0,0.12,15.0,0.89,55.9,0.88,20.0,0.9,17.05,0.91,136.0,0.01,0.01,2356.25954,1776320908000
1776320909.405,209.405,0.1,18.88,0.09,141.0,0.11,20.0,0.12,5.0,0.89,20.0,0.88,15.0,0.9,10.0,0.91,141.0,0.01,0.01,2356.25954,1776320908000
1776320909.706,209.706,0.1,8.88,0.09,141.0,0.11,15.0,0.12,5.0,0.89,20.0,0.88,5.0,0.9,18.88,0.91,141.0,0.01,0.01,2356.25954,1776320908000
1776320910.065,210.065,0.09,138.88,0.08,15.0,0.11,15.0,0.12,5.0,0.89,15.0,0.88,5.0,0.9,8.88,0.91,141.0,0.02,0.01,2356.202395,1776320909000
1776320910.351,210.351,0.1,4.67,0.09,117.88,0.11,20.0,0.12,15.0,0.89,10.0,0.88,5.0,0.91,117.88,0.92,36.0,0.01,0.02,2356.202395,1776320909000
1776320910.642,210.642,0.1,8.88,0.09,104.14,0.11,15.0,0.12,15.0,0.89,15.0,0.88,15.0,0.91,104.14,0.92,34.0,0.01,0.02,2356.202395,1776320909000
1776320913.88,213.88,0.1,20.92,0.09,128.14,0.11,20.0,0.12,15.0,0.89,15.0,0.88,15.0,0.9,8.88,0.91,104.14,0.01,0.01,2356.148286,1776320912000
1776320914.973,214.973,0.1,13.34,0.09,123.14,0.11,25.0,0.12,43.3,0.89,20.0,0.88,15.0,0.9,20.92,0.91,128.14,0.01,0.01,2356.175669,1776320913000
1776320915.87,215.87,0.09,118.93,0.08,99.23,0.1,10.0,0.11,25.0,0.89,25.0,0.88,43.3,0.9,2.22,0.91,123.14,0.01,0.01,2356.172986,1776320914000
1776320916.385,216.385,0.1,10.0,0.09,99.93,0.11,15.0,0.12,43.3,0.9,10.0,0.89,25.0,0.91,118.93,0.92,99.23,0.01,0.01,2356.23603,1776320915000
1776320916.749,216.749,0.1,9.72,0.09,99.93,0.11,15.0,0.12,43.3,0.89,15.0,0.88,43.3,0.9,10.0,0.91,99.93,0.01,0.01,2356.23603,1776320915000
1776320917.564,217.564,0.1,7.49,0.09,84.93,0.11,63.52,0.12,15.0,0.89,15.0,0.88,43.3,0.9,9.72,0.91,99.93,0.01,0.01,2356.158584,1776320916000
1776320922.504,222.504,0.09,82.42,0.07,38.0,0.11,84.52,0.12,25.0,0.89,63.52,0.88,15.0,0.9,7.49,0.91,84.93,0.02,0.01,2356.242995,1776320921000
1776320922.918,222.918,0.09,24.12,0.07,5.0,0.1,15.0,0.11,49.22,0.9,15.0,0.89,77.52,0.91,52.42,0.93,41.0,0.01,0.01,2356.242995,1776320921000
1776320924.107,224.107,0.1,11.6,0.09,24.12,0.11,49.22,0.12,49.1,0.9,15.0,0.89,49.22,0.91,24.12,0.93,5.0,0.01,0.01,2356.153537,1776320922000
1776320925.339,225.339,0.1,46.97,0.09,34.12,0.11,12.22,0.12,24.0,0.89,49.22,0.88,49.1,0.9,11.6,0.91,24.12,0.01,0.01,2356.0978,1776320924000
1776320927.54,227.54,0.09,4.12,0.06,10.0,0.1,78.0,0.11,80.0,0.88,19.0,0.87,15.0,0.9,10.73,0.91,39.12,0.01,0.02,2356.176054,1776320926000
1776320927.852,227.852,0.05,17.79,0.04,213.03,0.07,79.0,0.08,41.0,0.93,45.0,0.92,36.0,0.94,2.0,0.95,42.79,0.02,0.01,2356.176054,1776320926000
1776320928.899,228.899,0.05,12.79,0.04,133.8,0.06,40.6,0.07,62.0,0.94,60.0,0.93,35.0,0.95,12.79,0.96,213.03,0.01,0.01,2356.22243,1776320927000
1776320932.803,232.803,0.05,0.79,0.04,128.8,0.06,45.6,0.07,47.0,0.94,40.6,0.93,62.0,0.95,12.79,0.96,133.8,0.01,0.01,2356.049627,1776320931000
1776320933.115,233.115,0.05,0.79,0.04,128.8,0.06,45.6,0.07,57.0,0.94,45.6,0.93,47.0,0.95,0.79,0.96,128.8,0.01,0.01,2356.001447,1776320932000
1776320933.523,233.523,0.04,112.58,0.03,1088.69,0.06,55.6,0.07,57.0,0.94,45.6,0.93,57.0,0.95,0.79,0.96,128.8,0.02,0.01,2356.001447,1776320932000
1776320933.821,233.821,0.04,74.58,0.03,1088.69,0.05,10.0,0.06,39.74,0.94,55.6,0.93,57.0,0.96,112.58,0.97,1088.69,0.01,0.02,2356.001447,1776320932000
1776320934.121,234.121,0.04,46.58,0.03,1088.69,0.05,5.0,0.06,44.74,0.95,10.0,0.94,39.74,0.96,74.58,0.97,1088.69,0.01,0.01,2356.001447,1776320932000
1776320934.431,234.431,0.04,34.58,0.03,1088.69,0.05,10.0,0.06,44.74,0.95,5.0,0.94,44.74,0.96,46.58,0.97,1088.69,0.01,0.01,2355.996698,1776320933000
1776320934.707,234.707,0.04,57.46,0.03,1088.69,0.05,8.28,0.06,44.74,0.95,10.0,0.94,44.74,0.96,34.58,0.97,1088.69,0.01,0.01,2355.996698,1776320933000
1776320935.011,235.011,0.04,13.76,0.03,1088.69,0.05,10.0,0.06,44.74,0.95,8.28,0.94,44.74,0.96,25.46,0.97,1088.69,0.01,0.01,2355.996698,1776320933000
1776320935.644,235.644,0.04,38.59,0.03,1069.69,0.05,5.8,0.06,66.74,0.95,10.0,0.94,44.74,0.96,13.76,0.97,1088.69,0.01,0.01,2355.996698,1776320933000
1776320935.97,235.97,0.04,48.59,0.03,1064.69,0.06,21.94,0.07,47.0,0.94,63.94,0.93,35.0,0.96,38.59,0.97,1069.69,0.02,0.02,2355.996698,1776320933000
1776320936.303,236.303,0.05,33.32,0.04,142.99,0.06,66.94,0.07,57.0,0.94,21.94,0.93,47.0,0.96,48.59,0.97,1064.69,0.01,0.02,2356.046169,1776320935000
1776320937.098,237.098,0.05,8.59,0.04,120.99,0.06,71.94,0.07,57.0,0.94,66.94,0.93,57.0,0.95,33.32,0.96,142.99,0.01,0.01,2356.046169,1776320935000
1776320937.537,237.537,0.04,103.07,0.03,370.69,0.05,10.0,0.06,31.94,0.94,61.94,0.93,57.0,0.96,119.07,0.97,364.69,0.01,0.02,2356.046169,1776320935000
1776320938.268,238.268,0.04,78.57,0.03,364.69,0.05,65.0,0.06,36.94,0.95,10.0,0.94,31.94,0.96,103.07,0.97,370.69,0.01,0.01,2356.119343,1776320937000
1776320940.747,240.747,0.03,497.68,0.02,1374.7,0.05,55.0,0.06,17.8,0.95,65.0,0.94,36.94,0.96,78.57,0.97,364.69,0.02,0.01,2356.020475,1776320939000
1776320941.077,241.077,0.03,460.68,0.02,1374.7,0.05,55.0,0.06,17.8,0.95,55.0,0.94,17.8,0.97,497.68,0.98,1374.7,0.02,0.02,2356.020475,1776320939000
1776320942.069,242.069,0.03,201.72,0.02,1574.7,0.04,20.0,0.05,25.0,0.95,55.0,0.94,17.8,0.97,460.68,0.98,1374.7,0.01,0.02,2356.098894,1776320940000
1776320944.007,244.007,0.03,123.72,0.02,1579.7,0.04,65.0,0.05,25.0,0.96,20.0,0.95,25.0,0.97,201.72,0.98,1574.7,0.01,0.01,2356.009372,1776320942000
1776320944.994,244.994,0.03,60.72,0.02,1579.7,0.04,65.0,0.05,35.0,0.96,65.0,0.95,25.0,0.97,123.72,0.98,1579.7,0.01,0.01,2356.02278,1776320943000
1776320946.619,246.619,0.03,34.8,0.02,1519.46,0.04,30.0,0.05,68.63,0.96,65.0,0.95,35.0,0.97,60.72,0.98,1579.7,0.01,0.01,2356.096886,1776320945000
1776320947.456,247.456,0.03,32.73,0.02,1588.27,0.04,30.0,0.05,68.63,0.96,30.0,0.95,68.63,0.97,34.8,0.98,1519.46,0.01,0.01,2356.096886,1776320945000
1776320948.511,248.511,0.03,17.73,0.02,1096.99,0.04,113.0,0.05,55.63,0.96,30.0,0.95,68.63,0.97,32.73,0.98,1588.27,0.01,0.01,2356.08238,1776320947000
1776320949.331,249.331,0.03,7.73,0.02,726.99,0.04,113.0,0.05,146.43,0.96,118.0,0.95,50.63,0.97,12.73,0.98,796.99,0.01,0.01,2356.08543,1776320948000
1776320950.153,250.153,0.03,2.73,0.02,652.0,0.04,113.0,0.05,146.43,0.96,113.0,0.95,146.43,0.97,7.73,0.98,726.99,0.01,0.01,2356.08543,1776320948000
1776320950.84,250.84,0.02,252.0,0.01,7342.59,0.03,6.27,0.04,236.7,0.96,113.0,0.95,146.43,0.97,2.73,0.98,652.0,0.01,0.01,2355.874335,1776320949000
1776320951.088,251.088,0.02,218.92,0.01,2442.59,0.03,41.27,0.04,231.7,0.97,31.27,0.96,231.7,0.98,223.92,0.99,7342.59,0.01,0.01,2355.874335,1776320949000
1776320951.339,251.339,0.02,218.92,0.01,1906.81,0.03,6.27,0.04,181.7,0.97,6.27,0.96,166.7,0.98,218.92,0.99,2442.59,0.01,0.01,2355.80835,1776320950000
1776320951.627,251.627,0.02,217.89,0.01,2033.99,0.03,186.12,0.04,158.7,0.97,6.27,0.96,181.7,0.98,218.92,0.99,1906.81,0.01,0.01,2355.80835,1776320950000
1776320951.898,251.898,0.02,212.89,0.01,2033.99,0.03,182.31,0.04,148.7,0.97,177.31,0.96,158.7,0.98,217.89,0.99,2033.99,0.01,0.01,2355.80835,1776320950000
1776320952.149,252.149,0.02,192.89,0.01,2033.99,0.03,177.31,0.04,153.7,0.97,182.31,0.96,148.7,0.98,212.89,0.99,2033.99,0.01,0.01,2355.80835,1776320950000
1776320952.408,252.408,0.02,97.12,0.01,2033.99,0.03,182.31,0.04,153.7,0.97,177.31,0.96,153.7,0.98,192.89,0.99,2033.99,0.01,0.01,2355.80835,1776320950000
1776320952.705,252.705,0.02,92.12,0.01,2053.99,0.03,182.31,0.04,153.7,0.97,182.31,0.96,153.7,0.98,97.12,0.99,2033.99,0.01,0.01,2355.80835,1776320950000
1776320953.555,253.555,0.02,87.12,0.01,2012.99,0.03,110.12,0.04,60.0,0.97,10.64,0.96,153.7,0.98,92.12,0.99,1926.81,0.01,0.01,2355.722565,1776320952000
1776320954.124,254.124,0.02,41.78,0.01,2012.99,0.03,105.12,0.04,60.0,0.97,105.12,0.96,60.0,0.98,43.83,0.99,2012.99,0.01,0.01,2355.722565,1776320952000
1776320954.39,254.39,0.02,36.78,0.01,2012.99,0.03,115.12,0.04,60.0,0.97,105.12,0.96,60.0,0.98,41.78,0.99,2012.99,0.01,0.01,2355.72243,1776320953000
1776320955.037,255.037,0.02,35.75,0.01,2012.99,0.03,115.12,0.04,60.0,0.97,115.12,0.96,60.0,0.98,36.78,0.99,2012.99,0.01,0.01,2355.766985,1776320954000
1776320955.52,255.52,0.02,43.77,0.01,2012.99,0.03,140.12,0.04,30.0,0.97,110.12,0.96,60.0,0.98,30.75,0.99,2012.99,0.01,0.01,2355.766985,1776320954000
1776320955.781,255.781,0.02,36.64,0.01,2012.99,0.03,140.12,0.04,30.0,0.97,145.12,0.96,30.0,0.98,39.68,0.99,2012.99,0.01,0.01,2355.766985,1776320954000
1776320956.04,256.04,0.02,31.64,0.01,2012.99,0.03,145.12,0.04,30.0,0.97,140.12,0.96,30.0,0.98,36.64,0.99,2012.99,0.01,0.01,2355.766985,1776320954000
1776320957.377,257.377,0.01,2056.5,,,0.03,129.48,0.04,44.0,0.97,145.12,0.96,30.0,0.98,31.64,0.99,2012.99,0.02,0.01,2355.687824,1776320956000
1776320958.64,258.64,0.01,2288.47,,,0.02,97.68,0.03,60.0,0.97,119.48,0.96,44.0,0.99,2419.47,,,0.01,0.02,2355.687824,1776320956000
1776320958.932,258.932,0.01,2285.47,,,0.02,97.68,0.03,84.0,0.98,97.68,0.97,60.0,0.99,2288.47,,,0.01,0.01,2355.752722,1776320957000
1776320960.051,260.051,0.01,2439.27,,,0.02,102.68,0.03,20.0,0.98,97.68,0.97,84.0,0.99,2285.47,,,0.01,0.01,2355.731715,1776320958000
1776320960.975,260.975,0.01,2430.27,,,0.02,62.68,0.03,15.0,0.98,82.68,0.97,30.0,0.99,2348.27,,,0.01,0.01,2355.771905,1776320959000
1776320962.308,262.308,0.01,2255.17,,,0.02,62.68,0.03,30.0,0.98,62.68,0.97,15.0,0.99,2430.27,,,0.01,0.01,2355.805163,1776320960000
1776320962.612,262.612,0.01,2093.17,,,0.02,62.68,0.03,30.0,0.98,62.68,0.97,30.0,0.99,2255.17,,,0.01,0.01,2355.82627,1776320961000
1776320966.211,266.211,0.01,1548.52,,,0.02,67.68,0.03,30.0,0.98,62.68,0.97,30.0,0.99,2088.17,,,0.01,0.01,2355.906954,1776320964000
1776320966.485,266.485,0.01,1543.52,,,0.02,67.68,0.03,30.0,0.98,67.68,0.97,30.0,0.99,1548.52,,,0.01,0.01,2355.906954,1776320964000
1776320967.314,267.314,0.01,1512.52,,,0.02,72.68,0.03,30.0,0.98,67.68,0.97,30.0,0.99,1543.52,,,0.01,0.01,2355.8646,1776320965000
1776320967.652,267.652,0.01,1293.88,,,0.02,72.68,0.03,30.0,0.98,72.68,0.97,30.0,0.99,1295.88,,,0.01,0.01,2355.85709,1776320966000
1776320968.153,268.153,0.01,1288.88,,,0.02,72.68,0.03,30.0,0.98,72.68,0.97,30.0,0.99,1293.88,,,0.01,0.01,2355.932028,1776320967000
1776320968.46,268.46,0.01,1268.67,,,0.06,192.54,0.07,70.3,0.98,72.68,0.97,30.0,0.99,1268.67,,,0.05,0.01,2355.932028,1776320967000
1776320968.687,268.687,0.02,2.92,0.01,1508.67,0.03,31.0,0.05,10.0,0.94,192.54,0.93,70.3,0.99,1268.67,,,0.01,0.05,2355.932028,1776320967000
1776320969.12,269.12,0.01,1508.67,,,0.02,7.27,0.03,36.0,0.97,31.0,0.95,10.0,0.98,2.92,0.99,1508.67,0.01,0.01,2355.932028,1776320967000
1776320969.373,269.373,0.01,1503.91,,,0.02,12.27,0.04,25.0,0.98,7.27,0.97,36.0,0.99,1508.67,,,0.01,0.01,2355.932028,1776320967000
1776320969.764,269.764,0.01,1477.38,,,0.02,47.59,0.04,25.0,0.98,12.27,0.96,25.0,0.99,1503.91,,,0.01,0.01,2355.932057,1776320968000
1776320971.214,271.214,0.01,1472.38,,,0.02,52.59,0.04,25.0,0.98,47.59,0.96,25.0,0.99,1477.38,,,0.01,0.01,2355.94785,1776320969000
1776320971.685,271.685,0.01,1371.36,,,0.02,52.59,0.03,10.0,0.98,52.59,0.96,25.0,0.99,1472.38,,,0.01,0.01,2355.94785,1776320969000
1776320971.957,271.957,0.01,1366.36,,,0.02,62.59,0.04,25.0,0.98,52.59,0.97,10.0,0.99,1371.36,,,0.01,0.01,2355.934696,1776320971000
1776320973.317,273.317,0.01,1325.96,,,0.02,52.59,0.04,25.0,0.98,62.59,0.96,25.0,0.99,1366.36,,,0.01,0.01,2355.94285,1776320972000
1776320975.557,275.557,0.01,1498.77,,,0.02,32.59,0.04,24.0,0.98,52.59,0.96,25.0,0.99,1325.96,,,0.01,0.01,2355.903494,1776320974000
1776320976.044,276.044,0.01,1540.65,,,0.02,19.59,0.04,24.0,0.98,12.59,0.96,24.0,0.99,1498.77,,,0.01,0.01,2355.896684,1776320975000
1776320983.326,283.326,0.01,1353.65,,,0.02,19.59,0.04,30.23,0.98,19.59,0.96,24.0,0.99,1540.65,,,0.01,0.01,2356.236982,1776320982000
1776320984.628,284.628,0.01,1293.65,,,0.02,17.59,0.04,30.23,0.98,19.59,0.96,30.23,0.99,1353.65,,,0.01,0.01,2356.25035,1776320983000
1776320986.394,286.394,0.01,1288.65,,,0.02,29.59,0.04,5.23,0.98,17.59,0.96,30.23,0.99,1293.65,,,0.01,0.01,2356.226555,1776320984000
1776320987.159,287.159,0.01,1178.65,,,0.02,49.59,0.04,15.23,0.98,29.59,0.96,5.23,0.99,1288.65,,,0.01,0.01,2356.25347,1776320986000
1776320987.539,287.539,0.01,1155.65,,,0.02,39.59,0.04,15.23,0.98,44.59,0.96,15.23,0.99,1165.65,,,0.01,0.01,2356.25347,1776320986000
1776320987.997,287.997,0.01,1145.65,,,0.02,34.59,0.04,15.23,0.98,39.59,0.96,15.23,0.99,1155.65,,,0.01,0.01,2356.25347,1776320986000
1776320988.502,288.502,0.01,1130.65,,,0.02,34.59,0.04,15.23,0.98,34.59,0.96,15.23,0.99,1140.65,,,0.01,0.01,2356.233745,1776320987000
1776320988.891,288.891,0.01,1122.65,,,0.02,34.59,0.04,15.23,0.98,34.59,0.96,15.23,0.99,1130.65,,,0.01,0.01,2356.233745,1776320987000
1776320989.261,289.261,0.01,1112.65,,,0.02,34.59,0.04,15.23,0.98,34.59,0.96,15.23,0.99,1122.65,,,0.01,0.01,2356.09616,1776320988000
1776320989.511,289.511,0.01,1094.65,,,0.02,34.59,0.04,15.23,0.98,34.59,0.96,15.23,0.99,1112.65,,,0.01,0.01,2356.09616,1776320988000
1776320989.766,289.766,0.01,1075.65,,,0.02,44.59,0.04,15.23,0.98,44.59,0.96,15.23,0.99,1080.65,,,0.01,0.01,2356.09616,1776320988000
1776320989.968,289.968,0.01,65.65,,,0.02,44.59,0.04,15.23,0.98,44.59,0.96,15.23,0.99,1075.65,,,0.01,0.01,2356.09616,1776320988000
1776320990.226,290.226,,,,,0.02,44.59,0.04,15.23,0.98,44.59,0.96,15.23,0.99,65.65,,,,0.01,2356.09616,1776320988000
1776320990.986,290.986,0.01,51.47,,,0.02,12.59,0.04,15.23,0.98,44.59,0.96,15.23,,,,,0.01,,2356.038926,1776320990000
1776320991.258,291.258,0.01,46.47,,,0.02,24.59,0.04,15.23,0.98,12.59,0.96,15.23,0.99,51.47,,,0.01,0.01,2356.038926,1776320990000
1776320991.741,291.741,0.01,30.45,,,0.02,14.59,0.04,15.23,0.98,14.59,0.96,15.23,0.99,35.45,,,0.01,0.01,2356.038926,1776320990000
1776320992.117,292.117,0.01,25.45,,,0.02,14.59,0.04,15.23,0.98,14.59,0.96,15.23,0.99,30.45,,,0.01,0.01,2356.03449,1776320991000

# RESULT,winner=Down,slug=eth-updown-5m-1776320700,ticks=332
