timestamp,elapsed_sec,up_bid_p1,up_bid_s1,up_bid_p2,up_bid_s2,up_ask_p1,up_ask_s1,up_ask_p2,up_ask_s2,down_bid_p1,down_bid_s1,down_bid_p2,down_bid_s2,down_ask_p1,down_ask_s1,down_ask_p2,down_ask_s2,up_spread,down_spread,eth_price,eth_oracle_ts
1776198001.501,1.501,,,,,,,,,,,,,,,,,,,2316.92205,1776198000000
1776198002.088,2.088,0.5,34.0,0.49,13.95,0.52,0.23,0.53,5.0,0.46,18.12,0.45,18.0,0.49,6.0,0.5,34.0,0.02,0.03,2316.91705,1776198001000
1776198002.491,2.491,0.5,34.0,0.49,18.95,0.52,2.92,0.53,5.0,0.48,5.0,0.47,5.0,0.5,39.0,0.51,18.95,0.02,0.02,2316.91705,1776198001000
1776198002.913,2.913,0.5,24.1,0.49,18.95,0.52,0.99,0.53,5.0,0.48,2.92,0.47,5.0,0.5,29.1,0.51,18.95,0.02,0.02,2316.91705,1776198001000
1776198003.625,3.625,0.5,24.1,0.49,18.95,0.52,0.99,0.53,5.0,0.48,0.99,0.47,5.0,0.5,24.1,0.51,18.95,0.02,0.02,2316.93015,1776198002000
1776198004.204,4.204,0.5,24.1,0.49,18.95,0.52,0.99,0.53,5.0,0.48,0.99,0.47,5.0,0.5,24.1,0.51,18.95,0.02,0.02,2316.945064,1776198003000
1776198004.925,4.925,0.52,58.83,0.51,30.0,0.53,2.92,0.54,15.0,0.48,0.99,0.47,5.0,0.5,24.1,0.51,18.95,0.01,0.02,2316.945064,1776198003000
1776198005.289,5.289,0.52,58.83,0.51,91.0,0.56,12.1,0.59,5.0,0.44,12.1,0.41,5.0,0.48,58.83,0.49,91.0,0.04,0.04,2316.945175,1776198004000
1776198005.495,5.495,0.6,2.4,0.59,25.0,0.61,30.0,0.62,15.0,0.39,25.0,0.38,15.0,0.4,5.0,0.41,30.0,0.01,0.01,2316.945175,1776198004000
1776198005.702,5.702,0.6,6.4,0.59,20.0,0.61,44.0,0.62,20.0,0.39,39.0,0.38,20.0,0.4,7.4,0.41,20.0,0.01,0.01,2316.945175,1776198004000
1776198006.022,6.022,0.6,6.4,0.59,20.0,0.61,37.36,0.62,30.0,0.39,44.0,0.38,20.0,0.4,6.4,0.41,20.0,0.01,0.01,2316.93758,1776198005000
1776198006.934,6.934,0.59,16.4,0.58,20.0,0.61,123.55,0.62,49.0,0.39,42.36,0.38,30.0,0.4,1.4,0.41,20.0,0.02,0.01,2316.93758,1776198005000
1776198007.621,7.621,0.56,10.0,0.54,28.0,0.57,15.0,0.59,10.0,0.39,123.55,0.38,49.0,0.41,16.4,0.42,20.0,0.01,0.02,2317.219913,1776198006000
1776198008.021,8.021,0.56,10.0,0.54,28.0,0.57,15.0,0.59,10.0,0.43,15.0,0.41,10.0,0.44,10.0,0.46,28.0,0.01,0.01,2317.34988,1776198007000
1776198008.537,8.537,0.52,83.83,0.51,38.0,0.54,15.0,0.55,42.0,0.43,15.0,0.41,10.0,0.44,10.0,0.46,28.0,0.02,0.01,2317.34988,1776198007000
1776198009.107,9.107,0.52,83.83,0.51,38.0,0.54,15.0,0.55,42.0,0.46,15.0,0.45,42.0,0.48,83.83,0.49,38.0,0.02,0.02,2317.35471,1776198008000
1776198009.413,9.413,0.53,20.0,0.52,66.74,0.55,23.35,0.56,108.0,0.46,23.14,0.45,37.0,0.48,76.74,0.49,38.0,0.02,0.02,2317.35471,1776198008000
1776198010.212,10.212,0.54,10.0,0.53,40.5,0.55,65.85,0.56,118.0,0.45,23.35,0.44,108.0,0.47,20.0,0.48,66.74,0.01,0.02,2317.35471,1776198008000
1776198010.642,10.642,0.54,10.0,0.53,40.5,0.55,65.85,0.56,118.0,0.45,65.85,0.44,118.0,0.46,10.0,0.47,40.5,0.01,0.01,2317.122773,1776198009000
1776198011.032,11.032,0.52,31.57,0.51,5.0,0.53,88.5,0.54,108.5,0.45,80.5,0.44,113.0,0.47,15.0,0.48,72.24,0.01,0.02,2317.122773,1776198009000
1776198012.404,12.404,0.49,1.05,0.48,25.88,0.51,25.5,0.52,40.5,0.49,25.5,0.48,40.5,0.51,1.05,0.52,25.88,0.02,0.02,2317.088595,1776198011000
1776198013.012,13.012,0.49,1.05,0.48,25.88,0.51,25.5,0.52,40.5,0.49,25.5,0.48,40.5,0.51,1.05,0.52,25.88,0.02,0.02,2316.99973,1776198012000
1776198013.47,13.47,0.48,28.74,0.47,33.0,0.49,15.0,0.5,95.96,0.49,25.5,0.48,40.5,0.51,1.05,0.52,25.88,0.01,0.02,2316.99973,1776198012000
1776198014.094,14.094,0.48,28.74,0.47,33.0,0.49,15.0,0.5,95.96,0.51,15.0,0.5,95.96,0.52,28.74,0.53,33.0,0.01,0.01,2316.805802,1776198013000
1776198015.056,15.056,0.48,23.16,0.47,43.0,0.49,86.88,0.5,35.0,0.51,15.0,0.5,95.96,0.52,28.74,0.53,33.0,0.01,0.01,2316.805802,1776198013000
1776198015.256,15.256,0.48,23.16,0.47,43.0,0.49,86.88,0.5,35.0,0.51,86.88,0.5,35.0,0.52,23.16,0.53,43.0,0.01,0.01,2316.809547,1776198014000
1776198016.289,16.289,0.48,23.16,0.47,43.0,0.49,86.88,0.5,35.0,0.51,86.88,0.5,35.0,0.52,23.16,0.53,43.0,0.01,0.01,2316.80904,1776198015000
1776198017.223,17.223,0.52,93.5,0.51,106.5,0.55,8.35,0.56,102.0,0.51,86.88,0.5,35.0,0.52,23.16,0.53,43.0,0.03,0.01,2316.80904,1776198015000
1776198017.595,17.595,0.54,20.0,0.53,44.5,0.55,72.28,0.56,95.0,0.45,22.5,0.44,95.0,0.46,19.34,0.47,44.5,0.01,0.01,2316.872989,1776198016000
1776198018.287,18.287,0.54,20.0,0.53,44.5,0.55,72.28,0.56,95.0,0.45,72.28,0.44,95.0,0.46,20.0,0.47,44.5,0.01,0.01,2316.818489,1776198017000
1776198018.904,18.904,0.54,10.0,0.53,49.5,0.55,62.28,0.56,100.0,0.45,62.28,0.44,100.0,0.46,10.0,0.47,49.5,0.01,0.01,2316.94349,1776198018000
1776198019.636,19.636,0.54,15.0,0.53,35.5,0.55,2.39,0.56,90.0,0.45,62.28,0.44,100.0,0.46,10.0,0.47,49.5,0.01,0.01,2316.94349,1776198018000
1776198020.027,20.027,0.54,15.0,0.53,35.5,0.55,2.39,0.56,90.0,0.45,2.39,0.44,90.0,0.46,15.0,0.47,35.5,0.01,0.01,2317.097095,1776198019000
1776198021.075,21.075,0.54,15.0,0.53,35.5,0.55,2.39,0.56,90.0,0.45,2.39,0.44,90.0,0.46,15.0,0.47,35.5,0.01,0.01,2317.10087,1776198020000
1776198022.186,22.186,0.54,23.26,0.53,45.5,0.55,24.95,0.56,100.5,0.45,24.95,0.44,100.5,0.46,23.26,0.47,45.5,0.01,0.01,2317.10947,1776198021000
1776198023.021,23.021,0.54,33.46,0.53,45.5,0.55,94.81,0.56,100.5,0.45,24.95,0.44,100.5,0.46,23.26,0.47,45.5,0.01,0.01,2317.10947,1776198021000
1776198023.351,23.351,0.54,2.96,0.53,45.5,0.55,94.81,0.56,100.5,0.45,94.81,0.44,100.5,0.46,2.96,0.47,45.5,0.01,0.01,2317.14462,1776198022000
1776198024.362,24.362,0.54,29.56,0.53,35.5,0.55,89.81,0.56,100.5,0.45,94.81,0.44,100.5,0.46,2.96,0.47,45.5,0.01,0.01,2317.14462,1776198022000
1776198024.68,24.68,0.54,107.55,0.53,53.95,0.55,6.85,0.58,97.5,0.45,84.81,0.44,100.5,0.46,44.56,0.47,35.5,0.01,0.01,2317.14462,1776198023000
1776198025.127,25.127,0.56,10.0,0.54,107.55,0.58,86.07,0.59,5.0,0.42,86.07,0.41,5.0,0.44,10.0,0.46,107.55,0.02,0.02,2317.13409,1776198024000
1776198025.688,25.688,0.57,48.21,0.56,48.04,0.58,75.57,0.59,81.11,0.42,86.07,0.41,5.0,0.44,10.0,0.46,107.55,0.01,0.02,2317.13409,1776198024000
1776198026.187,26.187,0.57,48.21,0.56,48.04,0.58,75.57,0.59,81.11,0.42,75.57,0.41,81.11,0.43,48.21,0.44,48.04,0.01,0.01,2317.279654,1776198025000
1776198026.888,26.888,0.57,58.71,0.56,48.04,0.58,67.98,0.59,81.11,0.42,75.57,0.41,81.11,0.43,48.21,0.44,48.04,0.01,0.01,2317.279654,1776198025000
1776198027.316,27.316,0.57,58.71,0.56,48.04,0.58,67.98,0.59,81.11,0.42,67.98,0.41,81.11,0.43,58.71,0.44,48.04,0.01,0.01,2317.281305,1776198026000
1776198027.906,27.906,0.57,40.23,0.56,40.5,0.58,72.98,0.59,81.11,0.42,72.98,0.41,81.11,0.43,44.37,0.44,48.04,0.01,0.01,2317.281305,1776198026000
1776198028.41,28.41,0.57,40.23,0.56,40.5,0.58,72.98,0.59,81.11,0.42,72.98,0.41,81.11,0.43,40.23,0.44,40.5,0.01,0.01,2317.401695,1776198027000
1776198028.911,28.911,0.57,35.23,0.56,40.5,0.58,28.6,0.59,55.47,0.42,72.98,0.41,81.11,0.43,40.23,0.44,40.5,0.01,0.01,2317.401695,1776198027000
1776198029.559,29.559,0.57,35.5,0.56,54.49,0.58,21.44,0.59,5.0,0.42,28.6,0.41,55.47,0.43,35.23,0.44,40.5,0.01,0.01,2317.401008,1776198028000
1776198030.056,30.056,0.57,35.5,0.56,54.49,0.58,21.44,0.59,5.0,0.42,21.44,0.41,5.0,0.43,35.5,0.44,54.49,0.01,0.01,2317.38192,1776198029000
1776198031.143,31.143,0.57,35.5,0.56,54.49,0.58,21.44,0.59,5.0,0.42,21.44,0.41,5.0,0.43,35.5,0.44,54.49,0.01,0.01,2317.347645,1776198030000
1776198031.435,31.435,0.57,102.5,0.56,54.49,0.6,19.44,0.61,42.5,0.42,26.44,0.41,5.0,0.43,102.5,0.44,54.49,0.03,0.01,2317.347645,1776198030000
1776198031.956,31.956,0.59,54.79,0.58,30.5,0.6,17.44,0.61,69.5,0.4,19.44,0.39,42.5,0.43,102.5,0.44,54.49,0.01,0.03,2317.347645,1776198030000
1776198032.571,32.571,0.59,54.79,0.58,30.5,0.6,17.44,0.61,69.5,0.4,17.44,0.39,69.5,0.41,54.79,0.42,30.5,0.01,0.01,2317.403479,1776198031000
1776198033.18,33.18,0.59,54.79,0.58,30.5,0.6,17.44,0.61,69.5,0.4,17.44,0.39,69.5,0.41,54.79,0.42,30.5,0.01,0.01,2317.412906,1776198032000
1776198033.412,33.412,0.59,92.5,0.58,30.5,0.6,28.44,0.61,56.5,0.4,17.44,0.39,69.5,0.41,54.79,0.42,30.5,0.01,0.01,2317.412906,1776198032000
1776198034.147,34.147,0.59,92.5,0.58,30.5,0.6,28.44,0.61,56.5,0.4,28.44,0.39,56.5,0.41,92.5,0.42,30.5,0.01,0.01,2317.454395,1776198033000
1776198035.072,35.072,0.59,82.5,0.58,30.5,0.6,26.94,0.61,97.11,0.4,28.44,0.39,56.5,0.41,92.5,0.42,30.5,0.01,0.01,2317.454395,1776198033000
1776198035.875,35.875,0.59,66.39,0.58,30.5,0.6,31.94,0.61,97.11,0.4,26.94,0.39,97.11,0.41,82.5,0.42,30.5,0.01,0.01,2317.449305,1776198034000
1776198036.297,36.297,0.59,66.39,0.58,30.5,0.6,31.94,0.61,97.11,0.4,31.94,0.39,97.11,0.41,66.39,0.42,30.5,0.01,0.01,2317.449565,1776198035000
1776198036.705,36.705,0.59,71.39,0.58,30.5,0.6,31.94,0.61,97.11,0.4,31.94,0.39,97.11,0.41,66.39,0.42,30.5,0.01,0.01,2317.449565,1776198035000
1776198037.427,37.427,0.59,71.39,0.58,30.5,0.6,31.94,0.61,97.11,0.4,31.94,0.39,97.11,0.41,71.39,0.42,30.5,0.01,0.01,2317.445295,1776198036000
1776198037.94,37.94,0.59,71.39,0.58,30.5,0.6,31.94,0.61,97.11,0.4,31.94,0.39,97.11,0.41,71.39,0.42,30.5,0.01,0.01,2317.443575,1776198037000
1776198038.936,38.936,0.59,116.89,0.58,35.5,0.6,24.86,0.61,46.0,0.4,31.94,0.39,97.11,0.41,71.39,0.42,30.5,0.01,0.01,2317.443575,1776198037000
1776198040.036,40.036,0.59,116.89,0.58,35.5,0.6,24.86,0.61,46.0,0.4,24.86,0.39,46.0,0.41,116.89,0.42,35.5,0.01,0.01,2317.444567,1776198039000
1776198041.029,41.029,0.59,116.89,0.58,35.5,0.6,24.86,0.61,46.0,0.4,24.86,0.39,46.0,0.41,116.89,0.42,35.5,0.01,0.01,2317.579261,1776198040000
1776198042.191,42.191,0.59,116.89,0.58,35.5,0.6,24.86,0.61,46.0,0.4,24.86,0.39,46.0,0.41,116.89,0.42,35.5,0.01,0.01,2317.713867,1776198041000
1776198043.278,43.278,0.59,69.42,0.58,42.58,0.6,17.86,0.61,50.5,0.4,17.86,0.39,50.5,0.41,69.42,0.42,42.58,0.01,0.01,2317.53669,1776198042000
1776198044.2,44.2,0.59,69.42,0.58,42.58,0.6,17.86,0.61,50.5,0.4,17.86,0.39,50.5,0.41,69.42,0.42,42.58,0.01,0.01,2317.593558,1776198043000
1776198045.273,45.273,0.59,69.42,0.58,42.58,0.6,17.86,0.61,50.5,0.4,17.86,0.39,50.5,0.41,69.42,0.42,42.58,0.01,0.01,2317.514766,1776198044000
1776198046.008,46.008,0.59,181.41,0.58,145.58,0.62,20.5,0.63,52.5,0.4,19.91,0.39,50.5,0.41,117.42,0.42,52.58,0.03,0.01,2317.514766,1776198044000
1776198046.292,46.292,0.6,27.0,0.59,25.0,0.61,103.5,0.62,45.5,0.39,12.5,0.38,48.5,0.4,5.0,0.41,150.0,0.01,0.01,2317.514766,1776198044000
1776198046.502,46.502,0.58,22.08,0.57,5.0,0.6,73.5,0.61,161.36,0.39,103.5,0.38,45.5,0.4,27.0,0.41,25.0,0.02,0.01,2317.516245,1776198045000
1776198046.742,46.742,0.58,12.08,0.56,20.5,0.59,97.5,0.6,99.5,0.4,73.5,0.39,161.36,0.42,22.08,0.43,5.0,0.01,0.02,2317.516245,1776198045000
1776198046.983,46.983,0.56,20.5,0.55,29.04,0.57,16.0,0.58,21.0,0.41,92.5,0.4,99.5,0.44,20.5,0.45,29.04,0.01,0.03,2317.516245,1776198045000
1776198047.195,47.195,0.55,34.04,0.54,48.5,0.57,21.0,0.58,33.0,0.43,16.0,0.42,21.0,0.44,22.5,0.45,29.04,0.02,0.01,2317.516245,1776198045000
1776198047.874,47.874,0.55,29.04,0.54,48.5,0.56,10.0,0.57,16.0,0.44,10.0,0.43,16.0,0.45,29.04,0.46,48.5,0.01,0.01,2317.508656,1776198046000
1776198048.288,48.288,0.55,29.04,0.54,38.5,0.56,48.0,0.57,53.5,0.44,10.0,0.43,16.0,0.45,29.04,0.46,48.5,0.01,0.01,2317.508656,1776198046000
1776198048.647,48.647,0.54,29.9,0.53,44.0,0.55,26.0,0.56,53.0,0.44,48.0,0.43,53.5,0.45,29.04,0.46,38.5,0.01,0.01,2317.604905,1776198047000
1776198049.125,49.125,0.54,29.9,0.53,44.0,0.55,26.0,0.56,53.0,0.45,26.0,0.44,53.0,0.46,29.9,0.47,44.0,0.01,0.01,2317.556535,1776198048000
1776198049.387,49.387,0.54,33.04,0.53,44.0,0.55,53.0,0.56,65.0,0.45,26.0,0.44,53.0,0.46,29.9,0.47,44.0,0.01,0.01,2317.556535,1776198048000
1776198049.682,49.682,0.54,53.04,0.53,44.0,0.55,35.6,0.56,55.0,0.45,53.0,0.44,65.0,0.46,33.04,0.47,44.0,0.01,0.01,2317.556535,1776198048000
1776198050.35,50.35,0.54,45.86,0.53,44.0,0.55,40.6,0.56,65.0,0.45,35.6,0.44,55.0,0.46,53.04,0.47,44.0,0.01,0.01,2317.556535,1776198048000
1776198051.014,51.014,0.54,45.86,0.53,44.0,0.55,40.6,0.56,65.0,0.45,40.6,0.44,65.0,0.46,45.86,0.47,44.0,0.01,0.01,2317.357122,1776198050000
1776198051.754,51.754,0.54,51.31,0.53,44.0,0.55,50.6,0.56,65.0,0.45,40.6,0.44,65.0,0.46,45.86,0.47,44.0,0.01,0.01,2317.357122,1776198050000
1776198052.256,52.256,0.54,51.31,0.53,44.0,0.55,30.6,0.56,65.0,0.45,30.6,0.44,65.0,0.46,51.31,0.47,44.0,0.01,0.01,2317.339036,1776198051000
1776198053.519,53.519,0.54,51.31,0.53,44.0,0.55,30.6,0.56,65.0,0.45,30.6,0.44,65.0,0.46,51.31,0.47,44.0,0.01,0.01,2317.327336,1776198052000
1776198054.185,54.185,0.54,51.31,0.53,44.0,0.55,30.6,0.56,65.0,0.45,30.6,0.44,65.0,0.46,51.31,0.47,44.0,0.01,0.01,2317.328717,1776198053000
1776198055.384,55.384,0.54,51.31,0.53,44.0,0.55,30.6,0.56,65.0,0.45,30.6,0.44,65.0,0.46,51.31,0.47,44.0,0.01,0.01,2317.330789,1776198054000
1776198055.849,55.849,0.54,107.31,0.53,38.0,0.55,78.78,0.56,50.0,0.45,30.6,0.44,65.0,0.46,51.31,0.47,44.0,0.01,0.01,2317.330789,1776198054000
1776198056.072,56.072,0.54,107.31,0.53,38.0,0.55,78.78,0.56,50.0,0.45,78.78,0.44,50.0,0.46,107.31,0.47,38.0,0.01,0.01,2317.330392,1776198055000
1776198056.72,56.72,0.54,118.31,0.53,38.0,0.55,76.47,0.56,50.0,0.45,78.78,0.44,50.0,0.46,107.31,0.47,38.0,0.01,0.01,2317.330392,1776198055000
1776198057.289,57.289,0.54,118.31,0.53,38.0,0.55,76.47,0.56,50.0,0.45,76.47,0.44,50.0,0.46,118.31,0.47,38.0,0.01,0.01,2317.33261,1776198056000
1776198058.554,58.554,0.54,118.31,0.53,38.0,0.55,76.47,0.56,50.0,0.45,76.47,0.44,50.0,0.46,118.31,0.47,38.0,0.01,0.01,2317.333137,1776198057000
1776198058.829,58.829,0.54,113.31,0.53,38.0,0.55,71.47,0.56,50.0,0.45,76.47,0.44,50.0,0.46,118.31,0.47,38.0,0.01,0.01,2317.333137,1776198057000
1776198059.146,59.146,0.54,113.31,0.53,38.0,0.55,71.47,0.56,50.0,0.45,71.47,0.44,50.0,0.46,113.31,0.47,38.0,0.01,0.01,2317.335493,1776198058000
1776198060.435,60.435,0.54,113.31,0.53,38.0,0.55,66.37,0.56,50.0,0.45,71.47,0.44,50.0,0.46,113.31,0.47,38.0,0.01,0.01,2317.335493,1776198058000
1776198061.25,61.25,0.54,113.31,0.53,38.0,0.55,66.37,0.56,50.0,0.45,66.37,0.44,50.0,0.46,113.31,0.47,38.0,0.01,0.01,2317.333085,1776198060000
1776198061.575,61.575,0.54,123.31,0.53,28.0,0.55,55.37,0.56,60.5,0.45,66.37,0.44,50.0,0.46,113.31,0.47,38.0,0.01,0.01,2317.333085,1776198060000
1776198062.495,62.495,0.54,123.31,0.53,28.0,0.55,55.37,0.56,60.5,0.45,55.37,0.44,60.5,0.46,123.31,0.47,28.0,0.01,0.01,2317.318075,1776198061000
1776198063.702,63.702,0.54,123.31,0.53,28.0,0.55,55.37,0.56,60.5,0.45,55.37,0.44,60.5,0.46,123.31,0.47,28.0,0.01,0.01,2317.343524,1776198062000
1776198064.542,64.542,0.54,123.31,0.53,33.0,0.55,51.28,0.56,55.5,0.45,51.28,0.44,55.5,0.46,123.31,0.47,33.0,0.01,0.01,2317.30752,1776198063000
1776198065.167,65.167,0.54,123.31,0.53,33.0,0.55,51.28,0.56,55.5,0.45,51.28,0.44,55.5,0.46,123.31,0.47,33.0,0.01,0.01,2317.307931,1776198064000
1776198066.756,66.756,0.54,123.31,0.53,33.0,0.55,51.28,0.56,55.5,0.45,51.28,0.44,55.5,0.46,123.31,0.47,33.0,0.01,0.01,2317.31867,1776198065000
1776198067.358,67.358,0.54,118.31,0.53,33.0,0.55,5.0,0.56,22.0,0.45,51.28,0.44,55.5,0.46,123.31,0.47,33.0,0.01,0.01,2317.31867,1776198065000
1776198067.969,67.969,0.55,111.04,0.54,48.32,0.59,25.59,0.6,22.5,0.45,3.18,0.44,22.0,0.46,148.31,0.47,33.0,0.04,0.01,2317.318799,1776198066000
1776198068.312,68.312,0.55,111.04,0.54,48.32,0.59,25.59,0.6,22.5,0.41,25.59,0.4,22.5,0.45,111.04,0.46,48.32,0.04,0.04,2317.316869,1776198067000
1776198069.727,69.727,0.55,111.04,0.54,48.32,0.59,25.59,0.6,22.5,0.41,25.59,0.4,22.5,0.45,111.04,0.46,48.32,0.04,0.04,2317.474288,1776198068000
1776198069.951,69.951,0.58,142.95,0.57,56.95,0.59,68.9,0.6,10.0,0.41,25.59,0.4,22.5,0.45,111.04,0.46,48.32,0.01,0.04,2317.474288,1776198068000
1776198070.346,70.346,0.58,142.95,0.57,56.95,0.59,68.9,0.6,10.0,0.41,68.9,0.4,10.0,0.42,142.95,0.43,56.95,0.01,0.01,2317.41206,1776198069000
1776198070.815,70.815,0.58,184.95,0.57,68.65,0.59,41.9,0.62,12.0,0.41,68.9,0.4,10.0,0.42,142.95,0.43,56.95,0.01,0.01,2317.41206,1776198069000
1776198071.141,71.141,0.58,214.95,0.57,68.65,0.59,4.59,0.64,47.0,0.41,4.59,0.36,47.0,0.42,214.95,0.43,68.65,0.01,0.01,2317.41206,1776198070000
1776198071.562,71.562,0.61,18.0,0.6,25.5,0.62,15.5,0.63,10.0,0.41,4.59,0.36,47.0,0.42,214.95,0.43,68.65,0.01,0.01,2317.41206,1776198070000
1776198072.468,72.468,0.61,18.0,0.6,25.5,0.62,15.5,0.63,10.0,0.38,15.5,0.37,10.0,0.39,18.0,0.4,25.5,0.01,0.01,2317.523834,1776198071000
1776198072.717,72.717,0.62,183.5,0.61,60.5,0.63,25.5,0.64,63.16,0.38,15.5,0.37,10.0,0.39,18.0,0.4,25.5,0.01,0.01,2317.523834,1776198071000
1776198073.131,73.131,0.62,91.0,0.61,30.5,0.63,35.35,0.64,62.16,0.37,25.5,0.36,63.16,0.38,183.5,0.39,60.5,0.01,0.01,2317.523834,1776198071000
1776198073.701,73.701,0.62,96.0,0.61,30.5,0.63,43.3,0.64,62.16,0.37,35.35,0.36,62.16,0.38,91.0,0.39,30.5,0.01,0.01,2317.55286,1776198072000
1776198074.045,74.045,0.62,113.0,0.61,30.5,0.63,41.42,0.64,62.16,0.37,43.3,0.36,62.16,0.38,96.0,0.39,30.5,0.01,0.01,2317.55286,1776198072000
1776198074.843,74.843,0.62,113.0,0.61,30.5,0.63,41.42,0.64,62.16,0.37,41.42,0.36,62.16,0.38,113.0,0.39,30.5,0.01,0.01,2317.666985,1776198073000
1776198075.542,75.542,0.62,113.0,0.61,30.5,0.63,41.42,0.64,62.16,0.37,41.42,0.36,62.16,0.38,113.0,0.39,30.5,0.01,0.01,2317.670465,1776198074000
1776198076.213,76.213,0.62,113.0,0.61,30.5,0.63,41.42,0.64,62.16,0.37,41.42,0.36,62.16,0.38,113.0,0.39,30.5,0.01,0.01,2317.670415,1776198075000
1776198077.802,77.802,0.62,113.0,0.61,30.5,0.63,41.42,0.64,62.16,0.37,41.42,0.36,62.16,0.38,113.0,0.39,30.5,0.01,0.01,2317.738953,1776198076000
1776198078.64,78.64,0.62,113.0,0.61,30.5,0.63,41.42,0.64,62.16,0.37,41.42,0.36,62.16,0.38,113.0,0.39,30.5,0.01,0.01,2317.82443,1776198077000
1776198078.858,78.858,0.58,2.45,0.56,21.0,0.59,20.0,0.6,90.5,0.39,25.5,0.38,113.5,0.42,12.45,0.43,5.0,0.01,0.03,2317.82443,1776198077000
1776198079.398,79.398,0.56,2.56,0.55,19.17,0.57,110.5,0.58,37.5,0.43,105.5,0.42,25.5,0.44,2.56,0.45,29.67,0.01,0.01,2317.82443,1776198077000
1776198080.083,80.083,0.56,2.56,0.55,19.17,0.57,88.91,0.58,37.5,0.43,88.91,0.42,37.5,0.44,2.56,0.45,19.17,0.01,0.01,2317.67381,1776198079000
1776198080.726,80.726,0.55,9.17,0.54,5.0,0.57,112.91,0.58,37.5,0.43,88.91,0.42,37.5,0.44,2.56,0.45,19.17,0.02,0.01,2317.67381,1776198079000
1776198081.106,81.106,0.54,25.45,0.53,15.0,0.56,35.0,0.57,58.5,0.44,25.5,0.43,77.91,0.45,1.17,0.46,5.0,0.02,0.01,2317.67381,1776198079000
1776198081.389,81.389,0.55,25.38,0.54,116.95,0.56,15.0,0.57,22.0,0.44,15.0,0.43,22.0,0.45,25.38,0.46,116.95,0.01,0.01,2317.470371,1776198080000
1776198081.727,81.727,0.55,60.83,0.54,120.95,0.56,43.76,0.57,22.0,0.44,40.76,0.43,22.0,0.45,80.83,0.46,120.95,0.01,0.01,2317.470371,1776198080000
1776198082.38,82.38,0.55,58.31,0.54,120.95,0.56,48.76,0.57,22.0,0.44,43.76,0.43,22.0,0.45,60.83,0.46,120.95,0.01,0.01,2317.470371,1776198080000
1776198082.681,82.681,0.59,72.82,0.58,20.0,0.6,87.8,0.61,115.5,0.4,42.3,0.39,115.5,0.45,93.31,0.46,120.95,0.01,0.05,2317.470371,1776198080000
1776198082.894,82.894,0.59,75.38,0.58,25.0,0.6,92.8,0.61,125.5,0.4,87.8,0.39,115.5,0.41,72.82,0.42,20.0,0.01,0.01,2317.311693,1776198081000
1776198083.118,83.118,0.59,73.05,0.58,25.0,0.6,159.95,0.61,137.5,0.4,92.8,0.39,125.5,0.41,78.05,0.42,25.0,0.01,0.01,2317.311693,1776198081000
1776198083.474,83.474,0.59,55.0,0.58,25.0,0.6,126.19,0.61,137.5,0.4,126.19,0.39,137.5,0.41,55.0,0.42,25.0,0.01,0.01,2317.29791,1776198082000
1776198084.199,84.199,0.59,55.0,0.58,25.0,0.6,126.19,0.61,137.5,0.4,126.19,0.39,137.5,0.41,55.0,0.42,25.0,0.01,0.01,2317.327402,1776198083000
1776198084.432,84.432,0.59,29.39,0.58,30.0,0.6,134.34,0.61,137.5,0.4,126.19,0.39,137.5,0.41,55.0,0.42,25.0,0.01,0.01,2317.327402,1776198083000
1776198084.786,84.786,0.59,26.7,0.58,30.0,0.6,139.34,0.61,137.5,0.4,134.34,0.39,137.5,0.41,29.39,0.42,30.0,0.01,0.01,2317.327402,1776198083000
1776198085.497,85.497,0.59,30.0,0.58,30.0,0.6,69.62,0.61,137.5,0.4,139.34,0.39,137.5,0.41,26.7,0.42,30.0,0.01,0.01,2317.327402,1776198083000
1776198085.886,85.886,0.59,20.66,0.58,25.0,0.6,74.62,0.61,137.5,0.4,74.62,0.39,137.5,0.41,22.56,0.42,30.0,0.01,0.01,2317.344352,1776198084000
1776198086.428,86.428,0.59,11.29,0.58,30.0,0.6,74.62,0.61,210.05,0.4,74.62,0.39,137.5,0.41,20.66,0.42,25.0,0.01,0.01,2317.344352,1776198084000
1776198086.687,86.687,0.59,16.29,0.58,40.5,0.6,71.28,0.61,210.05,0.4,74.62,0.39,210.05,0.41,11.29,0.42,30.0,0.01,0.01,2317.34528,1776198085000
1776198087.133,87.133,0.58,1.0,0.54,18.0,0.59,134.5,0.6,131.78,0.4,91.78,0.39,210.05,0.42,29.23,0.43,26.5,0.01,0.02,2317.34528,1776198085000
1776198088.236,88.236,0.53,23.35,0.52,48.95,0.54,60.0,0.55,35.0,0.45,15.0,0.44,10.0,0.46,19.82,0.47,43.5,0.01,0.01,2317.345035,1776198086000
1776198088.697,88.697,0.53,23.35,0.52,48.95,0.54,60.0,0.55,35.0,0.46,60.0,0.45,35.0,0.47,23.35,0.48,48.95,0.01,0.01,2317.341135,1776198087000
1776198089.081,89.081,0.53,28.35,0.52,50.5,0.54,58.04,0.55,35.0,0.46,60.0,0.45,35.0,0.47,23.35,0.48,48.95,0.01,0.01,2317.341135,1776198087000
1776198089.385,89.385,0.53,28.35,0.52,50.5,0.54,58.04,0.55,35.0,0.46,58.04,0.45,35.0,0.47,28.35,0.48,50.5,0.01,0.01,2317.26908,1776198088000
1776198090.156,90.156,0.53,28.35,0.52,50.5,0.54,58.04,0.55,35.0,0.46,58.04,0.45,35.0,0.47,28.35,0.48,50.5,0.01,0.01,2317.197871,1776198089000
1776198090.843,90.843,0.53,17.0,0.51,10.0,0.54,115.54,0.55,205.0,0.46,58.04,0.45,35.0,0.47,28.35,0.48,50.5,0.01,0.01,2317.197871,1776198089000
1776198091.222,91.222,0.49,4.59,0.48,5.44,0.5,45.0,0.51,37.5,0.49,10.0,0.48,25.01,0.51,20.59,0.52,18.44,0.01,0.02,2317.197871,1776198089000
1776198091.624,91.624,0.48,20.94,0.47,20.0,0.49,90.0,0.5,72.0,0.5,60.0,0.49,37.5,0.52,5.44,0.53,15.0,0.01,0.02,2317.288126,1776198090000
1776198092.124,92.124,0.48,20.94,0.47,20.0,0.49,90.0,0.5,72.0,0.51,90.0,0.5,72.0,0.52,20.94,0.53,20.0,0.01,0.01,2317.219796,1776198091000
1776198093.262,93.262,0.48,30.9,0.46,25.5,0.49,117.5,0.5,87.5,0.51,90.0,0.5,72.0,0.52,20.94,0.53,20.0,0.01,0.01,2317.219796,1776198091000
1776198093.53,93.53,0.46,20.5,0.45,20.5,0.49,117.5,0.5,87.5,0.51,117.5,0.5,87.5,0.54,20.5,0.55,20.5,0.03,0.03,2317.074604,1776198092000
1776198094.036,94.036,0.46,28.01,0.45,25.5,0.47,85.0,0.48,37.5,0.51,117.5,0.5,87.5,0.54,20.5,0.55,20.5,0.01,0.03,2317.074604,1776198092000
1776198094.437,94.437,0.46,12.97,0.45,5.0,0.47,66.5,0.48,102.5,0.53,85.0,0.52,37.5,0.54,28.01,0.55,25.5,0.01,0.01,2316.976919,1776198093000
1776198095.461,95.461,0.45,0.42,0.44,5.0,0.47,117.5,0.48,117.5,0.53,117.5,0.52,117.5,0.55,0.42,0.56,5.0,0.02,0.02,2316.86779,1776198094000
1776198096.139,96.139,0.45,0.42,0.44,5.0,0.47,117.5,0.48,117.5,0.53,117.5,0.52,117.5,0.55,0.42,0.56,5.0,0.02,0.02,2316.758422,1776198095000
1776198096.658,96.658,0.43,25.41,0.42,30.5,0.44,85.0,0.45,113.5,0.54,171.5,0.53,82.5,0.57,20.5,0.58,25.5,0.01,0.03,2316.758422,1776198095000
1776198097.567,97.567,0.43,115.33,0.42,40.5,0.45,12.0,0.48,10.0,0.56,85.0,0.55,113.5,0.57,25.41,0.58,30.5,0.02,0.01,2316.758422,1776198095000
1776198098.047,98.047,0.47,10.0,0.46,50.5,0.48,27.5,0.49,20.5,0.51,25.5,0.5,115.0,0.53,10.5,0.54,40.5,0.01,0.02,2316.593901,1776198096000
1776198098.508,98.508,0.47,10.0,0.46,50.5,0.48,27.5,0.49,20.5,0.52,27.5,0.51,20.5,0.53,10.0,0.54,50.5,0.01,0.01,2316.52276,1776198097000
1776198099.208,99.208,0.47,5.0,0.46,40.5,0.48,92.4,0.49,42.5,0.52,27.5,0.51,20.5,0.53,10.0,0.54,50.5,0.01,0.01,2316.52276,1776198097000
1776198102.028,102.028,0.47,5.0,0.46,40.5,0.48,92.4,0.49,42.5,0.52,92.4,0.51,42.5,0.53,5.0,0.54,40.5,0.01,0.01,2316.746733,1776198100000
1776198103.017,103.017,0.47,5.0,0.46,40.5,0.48,92.4,0.49,42.5,0.52,92.4,0.51,42.5,0.53,5.0,0.54,40.5,0.01,0.01,2316.69005,1776198101000
1776198103.814,103.814,0.47,5.0,0.46,40.5,0.48,92.4,0.49,42.5,0.52,92.4,0.51,42.5,0.53,5.0,0.54,40.5,0.01,0.01,2316.565339,1776198102000
1776198104.162,104.162,0.46,5.0,0.45,40.0,0.47,65.5,0.48,42.5,0.52,92.4,0.51,42.5,0.53,5.0,0.54,40.5,0.01,0.01,2316.565339,1776198102000
1776198104.823,104.823,0.45,20.0,0.44,30.5,0.47,65.5,0.48,68.85,0.53,65.5,0.52,68.85,0.55,20.0,0.56,30.5,0.02,0.02,2316.690595,1776198103000
1776198105.84,105.84,0.45,10.0,0.44,40.5,0.46,38.76,0.47,37.5,0.53,65.5,0.52,68.85,0.55,20.0,0.56,30.5,0.01,0.02,2316.690595,1776198103000
1776198106.651,106.651,0.45,10.0,0.44,40.5,0.46,38.76,0.47,37.5,0.54,38.76,0.53,37.5,0.55,10.0,0.56,40.5,0.01,0.01,2316.635095,1776198105000
1776198107.07,107.07,0.43,7.83,0.42,5.0,0.45,121.5,0.46,125.2,0.54,37.2,0.53,37.5,0.55,15.0,0.56,35.0,0.02,0.01,2316.635095,1776198105000
1776198107.424,107.424,0.42,0.53,0.41,25.5,0.44,20.5,0.45,121.5,0.56,20.5,0.55,121.5,0.58,0.53,0.59,25.5,0.02,0.02,2316.644732,1776198106000
1776198107.637,107.637,0.41,33.66,0.4,5.0,0.42,96.0,0.43,121.0,0.56,20.5,0.55,121.5,0.58,0.53,0.59,25.5,0.01,0.02,2316.644732,1776198106000
1776198108.179,108.179,0.41,31.81,0.4,5.0,0.42,101.0,0.43,121.0,0.58,101.0,0.57,121.0,0.59,31.81,0.6,5.0,0.01,0.01,2316.611723,1776198107000
1776198108.944,108.944,0.41,21.31,0.4,15.5,0.42,92.64,0.43,131.5,0.58,101.0,0.57,121.0,0.59,31.81,0.6,5.0,0.01,0.01,2316.611723,1776198107000
1776198109.638,109.638,0.41,43.21,0.4,20.5,0.42,97.64,0.43,121.0,0.58,97.64,0.57,131.5,0.59,40.11,0.6,20.5,0.01,0.01,2316.611723,1776198107000
1776198110.343,110.343,0.41,28.21,0.4,20.5,0.42,77.64,0.43,126.5,0.58,97.64,0.57,121.0,0.59,43.21,0.6,20.5,0.01,0.01,2316.508893,1776198108000
1776198111.241,111.241,0.41,28.21,0.4,20.5,0.42,77.64,0.43,126.5,0.58,77.64,0.57,126.5,0.59,28.21,0.6,20.5,0.01,0.01,2316.456864,1776198110000
1776198112.361,112.361,0.39,16.71,0.38,5.0,0.42,118.14,0.43,131.5,0.58,77.64,0.57,126.5,0.59,28.21,0.6,20.5,0.03,0.01,2316.456864,1776198110000
1776198112.664,112.664,0.37,15.4,0.36,5.0,0.4,10.0,0.41,90.5,0.6,10.0,0.59,90.5,0.63,15.4,0.64,5.0,0.03,0.03,2316.450314,1776198111000
1776198113.096,113.096,0.38,35.5,0.37,15.4,0.39,57.43,0.4,43.5,0.6,10.0,0.59,90.5,0.63,15.4,0.64,5.0,0.01,0.03,2316.450314,1776198111000
1776198113.329,113.329,0.38,35.41,0.37,20.4,0.39,62.43,0.4,43.5,0.61,57.43,0.6,43.5,0.62,35.5,0.63,15.4,0.01,0.01,2316.450314,1776198111000
1776198114.049,114.049,0.38,21.5,0.37,20.4,0.39,62.43,0.4,43.5,0.61,62.43,0.6,43.5,0.62,21.5,0.63,20.4,0.01,0.01,2316.43464,1776198113000
1776198115.339,115.339,0.38,21.5,0.37,20.4,0.39,62.43,0.4,43.5,0.61,62.43,0.6,43.5,0.62,21.5,0.63,20.4,0.01,0.01,2316.29531,1776198114000
1776198115.789,115.789,0.39,28.25,0.38,31.5,0.4,98.62,0.41,135.0,0.61,62.43,0.6,43.5,0.62,21.5,0.63,20.4,0.01,0.01,2316.29531,1776198114000
1776198116.023,116.023,0.39,22.14,0.38,31.5,0.4,98.62,0.41,135.0,0.6,98.62,0.59,135.0,0.61,23.9,0.62,31.5,0.01,0.01,2316.29531,1776198114000
1776198117.488,117.488,0.39,22.14,0.38,31.5,0.4,98.62,0.41,135.0,0.6,98.62,0.59,135.0,0.61,22.14,0.62,31.5,0.01,0.01,2316.326298,1776198116000
1776198118.276,118.276,0.39,22.14,0.38,31.5,0.4,98.62,0.41,135.0,0.6,98.62,0.59,135.0,0.61,22.14,0.62,31.5,0.01,0.01,2316.328697,1776198117000
1776198119.462,119.462,0.38,19.77,0.37,26.4,0.39,74.0,0.4,49.5,0.6,98.62,0.59,135.0,0.61,22.14,0.62,31.5,0.01,0.01,2316.328697,1776198117000
1776198120.399,120.399,0.38,24.27,0.37,26.4,0.39,79.0,0.4,54.5,0.61,79.0,0.6,54.5,0.62,24.27,0.63,26.4,0.01,0.01,2316.311009,1776198119000
1776198120.976,120.976,0.35,2.77,0.3,5.0,0.39,163.81,0.4,40.0,0.61,79.0,0.6,54.5,0.62,24.27,0.63,26.4,0.04,0.01,2316.311009,1776198119000
1776198121.258,121.258,0.26,82.81,0.25,91.0,0.27,16.0,0.28,28.0,0.73,10.0,0.72,22.0,0.74,83.2,0.75,91.0,0.01,0.01,2316.311009,1776198119000
1776198121.649,121.649,0.26,81.81,0.25,96.0,0.28,12.02,0.29,10.0,0.72,12.02,0.71,10.0,0.74,81.81,0.75,96.0,0.02,0.02,2316.303835,1776198120000
1776198122.007,122.007,0.27,23.78,0.26,63.3,0.28,110.02,0.29,10.0,0.72,12.02,0.71,10.0,0.74,81.81,0.75,96.0,0.01,0.02,2316.303835,1776198120000
1776198122.215,122.215,0.27,32.05,0.26,20.5,0.28,6.39,0.29,10.0,0.72,6.39,0.71,10.0,0.73,28.78,0.74,20.5,0.01,0.01,2316.303835,1776198120000
1776198122.63,122.63,0.27,7.72,0.26,25.5,0.28,6.39,0.29,10.0,0.72,6.39,0.71,10.0,0.73,22.05,0.74,25.5,0.01,0.01,2316.289458,1776198121000
1776198122.911,122.911,0.27,19.53,0.26,25.5,0.28,2.67,0.29,15.0,0.72,2.67,0.71,15.0,0.73,13.72,0.74,25.5,0.01,0.01,2316.289458,1776198121000
1776198123.324,123.324,0.27,19.53,0.26,25.5,0.29,15.0,0.3,21.0,0.72,2.67,0.71,15.0,0.73,19.53,0.74,25.5,0.02,0.01,2315.914687,1776198122000
1776198124.651,124.651,0.27,19.53,0.26,25.5,0.3,18.36,0.31,33.0,0.7,18.36,0.69,33.0,0.73,19.53,0.74,25.5,0.03,0.03,2315.748235,1776198123000
1776198125.23,125.23,0.28,11.87,0.27,15.0,0.29,84.0,0.3,18.07,0.71,84.0,0.7,18.07,0.72,11.87,0.73,15.0,0.01,0.01,2315.745316,1776198124000
1776198125.733,125.733,0.28,5.07,0.27,30.5,0.29,79.0,0.3,18.07,0.71,84.0,0.7,18.07,0.72,11.87,0.73,15.0,0.01,0.01,2315.745316,1776198124000
1776198126.331,126.331,0.28,5.07,0.27,20.0,0.29,53.12,0.3,18.07,0.71,59.68,0.7,18.07,0.72,5.07,0.73,30.5,0.01,0.01,2315.745316,1776198124000
1776198126.942,126.942,0.28,5.07,0.27,20.0,0.29,53.12,0.3,18.07,0.71,53.12,0.7,18.07,0.72,5.07,0.73,20.0,0.01,0.01,2315.812898,1776198125000
1776198127.177,127.177,0.29,62.5,0.28,40.5,0.31,4.71,0.33,25.0,0.7,3.71,0.69,12.0,0.71,62.5,0.72,40.5,0.02,0.01,2315.812898,1776198125000
1776198127.549,127.549,0.3,5.0,0.29,62.5,0.33,18.71,0.34,15.0,0.67,18.71,0.66,15.0,0.7,5.0,0.71,62.5,0.03,0.03,2315.745316,1776198126000
1776198128.317,128.317,0.32,25.0,0.31,25.0,0.33,48.71,0.34,27.0,0.67,18.71,0.66,15.0,0.7,5.0,0.71,62.5,0.01,0.03,2315.745316,1776198126000
1776198128.531,128.531,0.32,25.0,0.31,25.0,0.33,48.71,0.34,27.0,0.67,48.71,0.66,27.0,0.68,25.0,0.69,25.0,0.01,0.01,2315.86831,1776198127000
1776198128.821,128.821,0.32,46.0,0.31,35.5,0.33,0.71,0.34,66.04,0.67,48.71,0.66,27.0,0.68,25.0,0.69,25.0,0.01,0.01,2315.86831,1776198127000
1776198129.098,129.098,0.33,25.0,0.32,41.0,0.34,81.98,0.35,17.0,0.66,81.98,0.65,17.0,0.67,25.0,0.68,41.0,0.01,0.01,2315.79225,1776198128000
1776198129.341,129.341,0.33,18.02,0.32,41.0,0.34,89.04,0.35,27.0,0.66,81.98,0.65,17.0,0.67,25.0,0.68,41.0,0.01,0.01,2315.79225,1776198128000
1776198129.571,129.571,0.33,13.02,0.32,41.0,0.34,84.39,0.35,27.0,0.66,89.04,0.65,27.0,0.67,18.02,0.68,41.0,0.01,0.01,2315.79225,1776198128000
1776198129.78,129.78,0.33,14.67,0.32,41.0,0.34,79.04,0.35,17.0,0.66,79.04,0.65,17.0,0.67,16.17,0.68,41.0,0.01,0.01,2315.79225,1776198128000
1776198130.549,130.549,0.33,14.67,0.32,41.0,0.34,79.04,0.35,17.0,0.66,79.04,0.65,17.0,0.67,14.67,0.68,41.0,0.01,0.01,2315.894535,1776198129000
1776198131.313,131.313,0.33,14.67,0.32,41.0,0.34,79.04,0.35,17.0,0.66,79.04,0.65,17.0,0.67,14.67,0.68,41.0,0.01,0.01,2315.971135,1776198130000
1776198131.564,131.564,0.33,14.67,0.32,41.0,0.34,42.39,0.35,27.0,0.66,79.04,0.65,17.0,0.67,14.67,0.68,41.0,0.01,0.01,2315.971135,1776198130000
1776198132.495,132.495,0.33,17.69,0.32,41.0,0.34,17.39,0.35,27.0,0.66,17.39,0.65,27.0,0.67,17.69,0.68,41.0,0.01,0.01,2316.083865,1776198131000
1776198133.333,133.333,0.32,38.08,0.31,35.5,0.34,91.29,0.35,27.0,0.66,81.29,0.65,27.0,0.67,5.45,0.68,41.0,0.02,0.01,2316.083865,1776198131000
1776198134.428,134.428,0.32,38.08,0.31,35.5,0.34,91.29,0.35,27.0,0.66,91.29,0.65,27.0,0.68,38.08,0.69,35.5,0.02,0.02,2316.001115,1776198133000
1776198134.683,134.683,0.33,18.35,0.32,43.58,0.34,10.0,0.35,27.0,0.66,91.29,0.65,27.0,0.68,38.08,0.69,35.5,0.01,0.02,2316.001115,1776198133000
1776198135.03,135.03,0.33,20.88,0.32,41.5,0.34,15.0,0.35,27.0,0.66,10.0,0.65,27.0,0.67,18.35,0.68,43.58,0.01,0.01,2316.001115,1776198133000
1776198136.184,136.184,0.32,51.5,0.31,30.5,0.34,37.0,0.35,20.0,0.66,15.0,0.65,27.0,0.67,20.88,0.68,41.5,0.02,0.01,2316.011115,1776198134000
1776198136.454,136.454,0.33,8.5,0.32,41.0,0.34,25.0,0.35,32.0,0.66,25.0,0.65,32.0,0.67,8.5,0.68,41.0,0.01,0.01,2316.0088,1776198135000
1776198136.829,136.829,0.32,36.0,0.31,30.5,0.34,18.97,0.35,27.0,0.66,25.0,0.65,32.0,0.67,8.5,0.68,41.0,0.02,0.01,2316.0088,1776198135000
1776198137.119,137.119,0.32,41.0,0.31,30.5,0.34,16.02,0.35,32.0,0.66,18.97,0.65,27.0,0.68,36.0,0.69,30.5,0.02,0.02,2316.0088,1776198135000
1776198138.384,138.384,0.32,41.0,0.31,30.5,0.33,17.67,0.34,28.02,0.66,16.02,0.65,32.0,0.68,41.0,0.69,30.5,0.01,0.02,2316.016745,1776198136000
1776198138.6,138.6,0.32,41.0,0.31,30.5,0.33,17.67,0.34,28.02,0.67,17.67,0.66,28.02,0.68,41.0,0.69,30.5,0.01,0.01,2316.137695,1776198137000
1776198139.132,139.132,0.38,26.0,0.37,31.0,0.4,30.5,0.41,36.5,0.61,0.76,0.6,5.0,0.63,10.0,0.64,10.0,0.02,0.02,2316.137695,1776198137000
1776198140.201,140.201,0.28,1.77,0.27,5.0,0.29,40.0,0.3,35.5,0.6,30.5,0.59,36.5,0.62,26.0,0.63,31.0,0.01,0.02,2316.020015,1776198138000
1776198140.673,140.673,0.26,10.0,0.25,5.0,0.27,9.96,0.28,27.0,0.71,85.5,0.7,105.5,0.74,6.77,0.75,5.0,0.01,0.03,2316.020015,1776198138000
1776198140.937,140.937,0.26,10.0,0.25,5.0,0.27,34.96,0.28,27.0,0.73,9.96,0.72,27.0,0.74,10.0,0.75,5.0,0.01,0.01,2316.064298,1776198139000
1776198141.248,141.248,0.26,15.0,0.25,15.5,0.31,90.69,0.32,101.5,0.73,34.96,0.72,39.0,0.74,10.0,0.75,15.5,0.05,0.01,2316.064298,1776198139000
1776198141.696,141.696,0.26,30.5,0.25,30.5,0.27,3.17,0.28,55.0,0.69,90.69,0.68,101.5,0.74,15.0,0.75,15.5,0.01,0.05,2316.328725,1776198140000
1776198142.584,142.584,0.26,30.5,0.25,30.5,0.27,3.17,0.28,55.0,0.73,3.17,0.72,55.0,0.74,30.5,0.75,30.5,0.01,0.01,2316.040023,1776198141000
1776198143.011,143.011,0.26,35.5,0.25,30.5,0.27,3.17,0.28,50.0,0.73,3.17,0.72,55.0,0.74,30.5,0.75,30.5,0.01,0.01,2316.040023,1776198141000
1776198143.72,143.72,0.26,28.5,0.25,30.5,0.27,3.17,0.28,50.0,0.73,3.17,0.72,50.0,0.74,35.5,0.75,30.5,0.01,0.01,2315.819517,1776198142000
1776198143.962,143.962,0.26,13.0,0.25,30.5,0.27,3.17,0.28,55.0,0.73,3.17,0.72,50.0,0.74,28.5,0.75,30.5,0.01,0.01,2315.819517,1776198142000
1776198144.214,144.214,0.26,18.5,0.25,30.5,0.31,93.3,0.32,101.5,0.73,3.17,0.72,55.0,0.74,13.0,0.75,30.5,0.05,0.01,2315.819517,1776198142000
1776198144.517,144.517,0.26,18.5,0.25,30.5,0.31,93.3,0.32,101.5,0.69,93.3,0.68,101.5,0.74,18.5,0.75,30.5,0.05,0.05,2315.821819,1776198143000
1776198145.123,145.123,0.26,18.5,0.25,30.5,0.31,93.3,0.32,101.5,0.69,93.3,0.68,101.5,0.74,18.5,0.75,30.5,0.05,0.05,2315.88321,1776198144000
1776198146.421,146.421,0.26,18.5,0.25,30.5,0.31,93.3,0.32,101.5,0.69,93.3,0.68,101.5,0.74,18.5,0.75,30.5,0.05,0.05,2315.874601,1776198145000
1776198147.078,147.078,0.26,18.5,0.25,30.5,0.31,93.3,0.32,101.5,0.69,93.3,0.68,101.5,0.74,18.5,0.75,30.5,0.05,0.05,2315.822478,1776198146000
1776198148.324,148.324,0.26,18.5,0.25,30.5,0.31,93.3,0.32,101.5,0.69,93.3,0.68,101.5,0.74,18.5,0.75,30.5,0.05,0.05,2315.826138,1776198147000
1776198149.168,149.168,0.21,11.49,0.2,37.5,0.24,80.0,0.25,153.5,0.72,25.0,0.71,20.0,0.73,14.52,0.74,18.5,0.03,0.01,2315.826138,1776198147000
1776198149.611,149.611,0.21,11.49,0.2,37.5,0.24,74.16,0.25,153.5,0.76,74.16,0.75,153.5,0.79,11.49,0.8,37.5,0.03,0.03,2315.832687,1776198148000
1776198150.285,150.285,0.21,1.04,0.2,15.5,0.22,60.0,0.23,35.5,0.76,74.16,0.75,153.5,0.79,11.49,0.8,37.5,0.01,0.03,2315.832687,1776198148000
1776198151.186,151.186,0.2,8.8,0.19,25.5,0.21,30.0,0.22,60.0,0.78,60.0,0.77,35.5,0.79,1.04,0.8,15.5,0.01,0.01,2315.830989,1776198149000
1776198151.465,151.465,0.18,20.45,0.17,40.5,0.2,86.0,0.21,55.5,0.8,76.0,0.79,55.5,0.82,25.33,0.83,40.5,0.02,0.02,2315.614541,1776198150000
1776198152.4,152.4,0.18,19.23,0.17,40.5,0.2,86.0,0.21,55.5,0.8,86.0,0.79,55.5,0.82,19.23,0.83,40.5,0.02,0.02,2315.53924,1776198151000
1776198153.152,153.152,0.18,29.11,0.17,51.0,0.19,80.0,0.2,66.0,0.81,80.0,0.8,66.0,0.82,29.11,0.83,51.0,0.01,0.01,2315.577763,1776198152000
1776198153.564,153.564,0.15,9.83,0.13,36.8,0.16,120.5,0.17,38.5,0.81,80.0,0.8,66.0,0.82,29.11,0.83,51.0,0.01,0.01,2315.577763,1776198152000
1776198154.008,154.008,0.11,16.88,0.1,61.0,0.13,116.5,0.14,106.5,0.85,12.79,0.84,121.5,0.86,8.83,0.88,39.19,0.02,0.01,2315.577763,1776198152000
1776198154.249,154.249,0.11,15.75,0.1,40.0,0.12,5.68,0.13,108.5,0.88,5.68,0.87,108.5,0.89,15.75,0.9,40.0,0.01,0.01,2315.454649,1776198153000
1776198154.918,154.918,0.11,195.98,0.1,20.5,0.13,13.84,0.14,31.5,0.88,76.5,0.87,91.5,0.89,16.8,0.9,40.0,0.02,0.01,2315.454649,1776198153000
1776198155.266,155.266,0.13,135.0,0.12,20.0,0.14,31.5,0.15,64.5,0.86,31.5,0.85,59.5,0.88,169.94,0.89,19.18,0.01,0.02,2315.454649,1776198153000
1776198155.469,155.469,0.13,139.96,0.12,20.0,0.14,25.6,0.15,64.5,0.86,25.6,0.85,64.5,0.87,135.0,0.88,20.0,0.01,0.01,2315.454649,1776198153000
1776198155.92,155.92,0.13,132.0,0.12,20.0,0.14,30.6,0.15,64.5,0.86,25.6,0.85,64.5,0.87,139.96,0.88,20.0,0.01,0.01,2315.225608,1776198154000
1776198156.181,156.181,0.13,137.0,0.12,25.0,0.14,43.52,0.15,64.5,0.86,30.6,0.85,64.5,0.87,132.0,0.88,20.0,0.01,0.01,2315.225608,1776198154000
1776198156.579,156.579,0.13,141.18,0.12,35.5,0.14,15.0,0.15,41.5,0.86,43.52,0.85,64.5,0.87,137.0,0.88,25.0,0.01,0.01,2315.225608,1776198154000
1776198156.876,156.876,0.14,154.0,0.13,22.7,0.15,30.24,0.16,25.5,0.85,30.5,0.84,25.5,0.87,159.18,0.88,25.5,0.01,0.02,2314.674581,1776198155000
1776198157.13,157.13,0.14,154.0,0.13,22.7,0.15,30.24,0.16,25.5,0.85,30.24,0.84,25.5,0.86,154.0,0.87,22.7,0.01,0.01,2314.766846,1776198156000
1776198157.333,157.333,0.14,149.28,0.13,22.7,0.15,5.24,0.16,20.5,0.85,30.24,0.84,25.5,0.86,154.0,0.87,22.7,0.01,0.01,2314.766846,1776198156000
1776198158.12,158.12,0.14,144.28,0.13,22.7,0.16,25.5,0.17,25.5,0.84,25.5,0.83,25.5,0.86,144.28,0.87,22.7,0.02,0.02,2314.787899,1776198157000
1776198158.366,158.366,0.14,143.07,0.13,33.2,0.15,13.93,0.16,25.5,0.85,18.83,0.84,25.5,0.86,143.07,0.87,33.2,0.01,0.01,2314.787899,1776198157000
1776198158.767,158.767,0.14,89.36,0.13,33.2,0.15,17.76,0.16,25.5,0.85,24.43,0.84,25.5,0.86,84.36,0.87,33.2,0.01,0.01,2314.787899,1776198157000
1776198159.029,159.029,0.14,89.36,0.13,33.2,0.15,17.76,0.16,25.5,0.85,17.76,0.84,25.5,0.86,89.36,0.87,33.2,0.01,0.01,2314.84359,1776198158000
1776198159.853,159.853,0.14,91.51,0.13,22.7,0.15,21.25,0.16,25.5,0.85,11.25,0.84,25.5,0.86,91.51,0.87,22.7,0.01,0.01,2314.84359,1776198158000
1776198160.073,160.073,0.14,85.34,0.13,22.7,0.15,9.05,0.16,25.5,0.85,9.05,0.84,25.5,0.86,85.34,0.87,22.7,0.01,0.01,2314.856805,1776198159000
1776198160.497,160.497,0.14,29.87,0.13,22.7,0.15,9.05,0.16,25.5,0.85,9.05,0.84,25.5,0.86,80.79,0.87,22.7,0.01,0.01,2314.856805,1776198159000
1776198160.959,160.959,0.17,50.0,0.16,84.0,0.18,7.61,0.19,30.5,0.85,9.05,0.84,25.5,0.86,29.87,0.87,22.7,0.01,0.01,2314.856805,1776198159000
1776198161.293,161.293,0.17,49.38,0.16,94.5,0.19,40.5,0.2,32.5,0.82,7.61,0.81,30.5,0.83,50.0,0.84,84.0,0.02,0.01,2314.85153,1776198160000
1776198161.988,161.988,0.17,54.38,0.16,94.5,0.19,29.97,0.2,32.5,0.81,29.97,0.8,32.5,0.83,54.38,0.84,94.5,0.02,0.02,2314.833855,1776198161000
1776198162.827,162.827,0.1,79.58,0.09,65.0,0.15,158.5,0.16,54.5,0.81,29.97,0.8,32.5,0.83,54.38,0.84,94.5,0.05,0.02,2314.833855,1776198161000
1776198163.218,163.218,0.11,104.12,0.1,120.08,0.12,100.5,0.13,35.5,0.85,158.5,0.84,54.5,0.9,79.58,0.91,65.0,0.01,0.05,2314.9659,1776198162000
1776198163.468,163.468,0.09,100.95,0.08,154.0,0.1,25.0,0.11,59.5,0.88,100.5,0.87,35.5,0.89,104.12,0.9,120.08,0.01,0.01,2314.9659,1776198162000
1776198163.836,163.836,0.09,4.9,0.08,59.0,0.1,195.5,0.11,164.5,0.9,25.0,0.89,59.5,0.91,100.95,0.92,154.0,0.01,0.01,2314.9659,1776198162000
1776198164.919,164.919,0.09,4.9,0.08,59.0,0.1,195.5,0.11,164.5,0.9,195.5,0.89,164.5,0.91,4.9,0.92,59.0,0.01,0.01,2314.8042,1776198164000
1776198165.126,165.126,0.09,13.6,0.08,54.0,0.1,70.5,0.11,164.5,0.9,75.5,0.89,164.5,0.91,6.75,0.92,54.0,0.01,0.01,2314.8042,1776198164000
1776198165.713,165.713,0.09,17.5,0.08,54.0,0.1,100.5,0.11,164.5,0.9,70.5,0.89,164.5,0.91,13.6,0.92,54.0,0.01,0.01,2314.8042,1776198164000
1776198166.232,166.232,0.09,9.88,0.08,54.0,0.1,105.5,0.11,164.5,0.9,100.5,0.89,164.5,0.91,17.5,0.92,54.0,0.01,0.01,2314.5376,1776198165000
1776198166.863,166.863,0.09,9.88,0.08,54.0,0.1,105.5,0.11,164.5,0.9,105.5,0.89,164.5,0.91,9.88,0.92,54.0,0.01,0.01,2314.397,1776198166000
1776198167.478,167.478,0.09,9.88,0.08,54.0,0.1,93.39,0.11,164.5,0.9,105.5,0.89,164.5,0.91,9.88,0.92,54.0,0.01,0.01,2314.397,1776198166000
1776198168.298,168.298,0.09,9.88,0.08,54.0,0.1,93.39,0.11,164.5,0.9,93.39,0.89,164.5,0.91,9.88,0.92,54.0,0.01,0.01,2314.363806,1776198167000
1776198169.544,169.544,0.09,9.88,0.08,54.0,0.1,93.39,0.11,164.5,0.9,93.39,0.89,164.5,0.91,9.88,0.92,54.0,0.01,0.01,2314.369697,1776198168000
1776198170.068,170.068,0.09,9.88,0.08,54.0,0.1,93.39,0.11,164.5,0.9,93.39,0.89,164.5,0.91,9.88,0.92,54.0,0.01,0.01,2314.363912,1776198169000
1776198171.143,171.143,0.09,5.06,0.08,71.0,0.1,193.39,0.11,165.5,0.9,193.39,0.89,165.5,0.91,5.06,0.92,71.0,0.01,0.01,2314.35999,1776198170000
1776198172.337,172.337,0.09,5.06,0.08,71.0,0.1,193.39,0.11,165.5,0.9,193.39,0.89,165.5,0.91,5.06,0.92,71.0,0.01,0.01,2314.366376,1776198171000
1776198172.932,172.932,0.09,5.06,0.08,71.0,0.1,193.39,0.11,165.5,0.9,193.39,0.89,165.5,0.91,5.06,0.92,71.0,0.01,0.01,2314.369759,1776198172000
1776198173.547,173.547,0.09,10.06,0.08,71.0,0.1,221.39,0.11,155.5,0.9,193.39,0.89,165.5,0.91,5.06,0.92,71.0,0.01,0.01,2314.369759,1776198172000
1776198174.019,174.019,0.09,3.25,0.08,54.0,0.1,226.39,0.11,155.5,0.9,226.39,0.89,155.5,0.91,3.25,0.92,54.0,0.01,0.01,2314.362762,1776198173000
1776198175.025,175.025,0.09,3.25,0.08,54.0,0.1,226.39,0.11,155.5,0.9,226.39,0.89,155.5,0.91,3.25,0.92,54.0,0.01,0.01,2314.357861,1776198174000
1776198176.307,176.307,0.09,3.25,0.08,54.0,0.1,226.39,0.11,155.5,0.9,226.39,0.89,155.5,0.91,3.25,0.92,54.0,0.01,0.01,2314.352154,1776198175000
1776198177.078,177.078,0.09,16.46,0.08,64.0,0.1,226.39,0.11,180.5,0.9,226.39,0.89,155.5,0.91,3.25,0.92,54.0,0.01,0.01,2314.352154,1776198175000
1776198177.431,177.431,0.09,16.46,0.08,64.0,0.1,226.39,0.11,180.5,0.9,226.39,0.89,180.5,0.91,16.46,0.92,64.0,0.01,0.01,2314.363642,1776198176000
1776198177.973,177.973,0.09,16.46,0.08,64.0,0.1,226.39,0.11,180.5,0.9,226.39,0.89,180.5,0.91,16.46,0.92,64.0,0.01,0.01,2314.355178,1776198177000
1776198178.601,178.601,0.09,16.46,0.08,64.0,0.1,220.39,0.11,230.5,0.9,226.39,0.89,180.5,0.91,16.46,0.92,64.0,0.01,0.01,2314.355178,1776198177000
1776198179.049,179.049,0.09,16.46,0.08,64.0,0.1,220.39,0.11,230.5,0.9,220.39,0.89,230.5,0.91,16.46,0.92,64.0,0.01,0.01,2314.349201,1776198178000
1776198180.248,180.248,0.09,16.46,0.08,64.0,0.1,220.39,0.11,230.5,0.9,220.39,0.89,230.5,0.91,16.46,0.92,64.0,0.01,0.01,2314.34714,1776198179000
1776198181.34,181.34,0.09,16.46,0.08,64.0,0.1,220.39,0.11,230.5,0.9,220.39,0.89,230.5,0.91,16.46,0.92,64.0,0.01,0.01,2314.347354,1776198180000
1776198181.899,181.899,0.09,19.43,0.08,54.0,0.1,190.5,0.11,252.29,0.9,220.39,0.89,230.5,0.91,16.46,0.92,64.0,0.01,0.01,2314.347354,1776198180000
1776198182.12,182.12,0.05,24.19,0.04,85.0,0.06,26.22,0.07,10.0,0.94,26.22,0.91,10.0,0.95,29.46,0.96,85.0,0.01,0.01,2314.351152,1776198181000
1776198182.402,182.402,0.04,28.82,0.03,329.33,0.05,5.0,0.06,105.0,0.95,5.0,0.94,26.22,0.96,39.19,0.97,336.33,0.01,0.01,2314.351152,1776198181000
1776198182.639,182.639,0.04,44.07,0.03,329.33,0.05,58.67,0.06,85.0,0.95,5.0,0.94,105.0,0.96,28.82,0.97,329.33,0.01,0.01,2314.351152,1776198181000
1776198182.956,182.956,0.04,44.07,0.03,329.33,0.05,55.35,0.06,60.0,0.95,56.5,0.94,55.0,0.96,49.07,0.97,329.33,0.01,0.01,2314.351152,1776198181000
1776198184.156,184.156,0.03,352.68,0.02,244.0,0.04,83.0,0.05,168.49,0.95,55.35,0.94,60.0,0.96,11.32,0.97,329.33,0.01,0.01,2314.203524,1776198182000
1776198184.934,184.934,0.03,369.61,0.02,244.0,0.04,154.0,0.05,211.29,0.96,83.0,0.95,168.49,0.97,352.68,0.98,244.0,0.01,0.01,2313.309934,1776198183000
1776198185.291,185.291,0.03,377.25,0.02,244.0,0.04,134.0,0.05,185.29,0.96,154.0,0.95,211.29,0.97,364.5,0.98,244.0,0.01,0.01,2313.309934,1776198183000
1776198185.525,185.525,0.03,377.25,0.02,244.0,0.04,134.0,0.05,185.29,0.96,134.0,0.95,185.29,0.97,377.25,0.98,244.0,0.01,0.01,2313.011503,1776198184000
1776198186.061,186.061,0.03,377.25,0.02,244.0,0.04,125.81,0.05,185.29,0.96,125.81,0.95,185.29,0.97,377.25,0.98,244.0,0.01,0.01,2312.815232,1776198185000
1776198186.325,186.325,0.03,372.14,0.02,244.0,0.04,130.81,0.05,172.29,0.96,125.81,0.95,185.29,0.97,377.25,0.98,244.0,0.01,0.01,2312.815232,1776198185000
1776198187.054,187.054,0.03,372.14,0.02,417.7,0.04,113.0,0.05,168.97,0.96,130.81,0.95,172.29,0.97,372.14,0.98,244.0,0.01,0.01,2312.815232,1776198185000
1776198187.293,187.293,0.03,372.14,0.02,417.7,0.04,113.0,0.05,168.97,0.96,113.0,0.95,168.97,0.97,372.14,0.98,417.7,0.01,0.01,2312.842694,1776198186000
1776198187.617,187.617,0.03,263.0,0.02,417.7,0.04,118.0,0.05,179.29,0.96,113.0,0.95,174.29,0.97,264.04,0.98,417.7,0.01,0.01,2312.842694,1776198186000
1776198187.954,187.954,0.03,256.0,0.02,417.7,0.04,30.0,0.05,158.29,0.96,118.0,0.95,179.29,0.97,263.0,0.98,417.7,0.01,0.01,2312.842694,1776198186000
1776198188.434,188.434,0.03,256.0,0.02,417.7,0.04,30.0,0.05,158.29,0.96,30.0,0.95,158.29,0.97,256.0,0.98,417.7,0.01,0.01,2312.951266,1776198187000
1776198189.149,189.149,0.03,256.0,0.02,417.7,0.04,30.0,0.05,158.29,0.96,30.0,0.95,158.29,0.97,256.0,0.98,417.7,0.01,0.01,2313.01969,1776198188000
1776198189.797,189.797,0.03,271.0,0.02,411.7,0.04,8.0,0.05,20.0,0.96,30.0,0.95,158.29,0.97,256.0,0.98,417.7,0.01,0.01,2313.01969,1776198188000
1776198190.14,190.14,0.03,271.0,0.02,411.7,0.04,8.0,0.05,20.0,0.96,8.0,0.95,20.0,0.97,271.0,0.98,411.7,0.01,0.01,2313.00406,1776198189000
1776198190.494,190.494,0.04,26.29,0.03,239.07,0.05,20.0,0.06,56.5,0.96,7.9,0.95,20.0,0.97,239.07,0.98,811.7,0.01,0.01,2313.00406,1776198189000
1776198190.893,190.893,0.04,66.29,0.03,234.07,0.05,29.0,0.06,61.5,0.95,20.0,0.94,56.5,0.96,26.29,0.97,239.07,0.01,0.01,2313.00406,1776198189000
1776198191.274,191.274,0.04,66.29,0.03,234.07,0.05,29.0,0.06,61.5,0.95,29.0,0.94,61.5,0.96,66.29,0.97,234.07,0.01,0.01,2313.333512,1776198190000
1776198191.682,191.682,0.04,61.29,0.03,234.07,0.05,34.0,0.06,40.5,0.95,29.0,0.94,61.5,0.96,66.29,0.97,234.07,0.01,0.01,2313.333512,1776198190000
1776198191.943,191.943,0.04,58.68,0.03,234.07,0.05,29.0,0.06,40.5,0.95,34.0,0.94,40.5,0.96,61.29,0.97,234.07,0.01,0.01,2313.333512,1776198190000
1776198192.456,192.456,0.04,22.43,0.03,234.07,0.05,29.0,0.06,40.5,0.95,29.0,0.94,40.5,0.96,22.43,0.97,234.07,0.01,0.01,2313.530697,1776198191000
1776198192.968,192.968,0.04,22.43,0.03,234.07,0.05,29.0,0.06,40.5,0.95,29.0,0.94,40.5,0.96,22.43,0.97,234.07,0.01,0.01,2313.531387,1776198192000
1776198193.535,193.535,0.04,57.68,0.03,196.41,0.05,60.88,0.06,184.29,0.95,29.0,0.94,40.5,0.96,22.43,0.97,234.07,0.01,0.01,2313.531387,1776198192000
1776198194.149,194.149,0.04,57.68,0.03,196.41,0.05,60.88,0.06,184.29,0.95,60.88,0.94,184.29,0.96,57.68,0.97,196.41,0.01,0.01,2313.46634,1776198193000
1776198195.298,195.298,0.04,57.68,0.03,196.41,0.05,60.88,0.06,184.29,0.95,60.88,0.94,184.29,0.96,57.68,0.97,196.41,0.01,0.01,2313.434542,1776198194000
1776198196.03,196.03,0.04,29.79,0.03,190.41,0.05,140.48,0.06,172.29,0.95,135.48,0.94,167.29,0.96,40.0,0.97,190.41,0.01,0.01,2313.434542,1776198194000
1776198196.448,196.448,0.04,44.41,0.03,190.41,0.05,75.8,0.06,212.96,0.95,140.48,0.94,172.29,0.96,22.69,0.97,190.41,0.01,0.01,2313.434542,1776198194000
1776198196.986,196.986,0.04,44.41,0.03,190.41,0.05,75.8,0.06,212.96,0.95,75.8,0.94,212.96,0.96,44.41,0.97,190.41,0.01,0.01,2313.126156,1776198196000
1776198198.153,198.153,0.04,33.84,0.03,200.41,0.05,152.48,0.06,228.29,0.95,75.8,0.94,212.96,0.96,44.41,0.97,190.41,0.01,0.01,2313.126156,1776198196000
1776198198.46,198.46,0.04,7.27,0.03,206.41,0.05,189.47,0.06,206.62,0.95,152.48,0.94,228.29,0.96,33.84,0.97,200.41,0.01,0.01,2313.209306,1776198197000
1776198199.277,199.277,0.04,7.27,0.03,206.41,0.05,189.47,0.06,206.62,0.95,189.47,0.94,206.62,0.96,7.27,0.97,206.41,0.01,0.01,2313.301203,1776198198000
1776198199.895,199.895,0.03,205.41,0.02,711.7,0.04,14.0,0.05,179.79,0.96,49.0,0.95,179.79,0.97,181.41,0.98,711.7,0.01,0.01,2313.301203,1776198198000
1776198200.387,200.387,0.03,204.37,0.02,717.7,0.04,14.0,0.05,179.79,0.96,14.0,0.95,179.79,0.97,205.41,0.98,711.7,0.01,0.01,2313.301203,1776198198000
1776198201.469,201.469,0.03,204.37,0.02,717.7,0.04,14.0,0.05,179.79,0.96,14.0,0.95,179.79,0.97,204.37,0.98,717.7,0.01,0.01,2313.23315,1776198200000
1776198202.167,202.167,0.03,204.37,0.02,717.7,0.04,14.0,0.05,179.79,0.96,14.0,0.95,179.79,0.97,204.37,0.98,717.7,0.01,0.01,2313.247515,1776198201000
1776198203.312,203.312,0.03,204.37,0.02,717.7,0.04,14.0,0.05,179.79,0.96,14.0,0.95,179.79,0.97,204.37,0.98,717.7,0.01,0.01,2313.217324,1776198202000
1776198204.717,204.717,0.03,204.37,0.02,717.7,0.04,14.0,0.05,179.79,0.96,14.0,0.95,179.79,0.97,204.37,0.98,717.7,0.01,0.01,2313.32238,1776198203000
1776198205.375,205.375,0.03,204.37,0.02,717.7,0.04,14.0,0.05,179.79,0.96,14.0,0.95,179.79,0.97,204.37,0.98,717.7,0.01,0.01,2313.207708,1776198204000
1776198205.936,205.936,0.03,136.04,0.02,509.0,0.04,253.69,0.05,187.61,0.96,253.69,0.95,187.61,0.97,136.04,0.98,509.0,0.01,0.01,2313.201824,1776198205000
1776198206.785,206.785,0.03,133.66,0.02,509.0,0.04,193.69,0.05,202.61,0.96,253.69,0.95,187.61,0.97,136.04,0.98,509.0,0.01,0.01,2313.201824,1776198205000
1776198207.435,207.435,0.03,133.66,0.02,509.0,0.04,193.69,0.05,202.61,0.96,193.69,0.95,202.61,0.97,133.66,0.98,509.0,0.01,0.01,2313.170323,1776198206000
1776198208.095,208.095,0.03,127.62,0.02,209.0,0.04,229.69,0.05,192.61,0.96,229.69,0.95,192.61,0.97,127.62,0.98,209.0,0.01,0.01,2313.168728,1776198207000
1776198209.148,209.148,0.03,131.58,0.02,215.0,0.04,214.69,0.05,207.61,0.96,229.69,0.95,192.61,0.97,127.62,0.98,209.0,0.01,0.01,2313.168728,1776198207000
1776198210.197,210.197,0.03,116.58,0.02,215.0,0.04,228.69,0.05,207.61,0.96,214.69,0.95,207.61,0.97,131.58,0.98,215.0,0.01,0.01,2313.180679,1776198208000
1776198210.604,210.604,0.03,113.51,0.02,215.0,0.04,238.69,0.05,212.61,0.96,228.69,0.95,207.61,0.97,116.58,0.98,215.0,0.01,0.01,2313.180679,1776198208000
1776198210.958,210.958,0.03,113.35,0.02,215.0,0.04,233.69,0.05,212.61,0.96,238.69,0.95,212.61,0.97,113.51,0.98,215.0,0.01,0.01,2313.180051,1776198209000
1776198211.307,211.307,0.03,113.35,0.02,215.0,0.04,233.69,0.05,212.61,0.96,233.69,0.95,212.61,0.97,113.35,0.98,215.0,0.01,0.01,2313.17805,1776198210000
1776198212.122,212.122,0.03,98.35,0.02,209.0,0.04,402.69,0.05,335.43,0.96,233.69,0.95,212.61,0.97,113.35,0.98,215.0,0.01,0.01,2313.17805,1776198210000
1776198212.372,212.372,0.03,23.35,0.02,209.0,0.04,512.69,0.05,382.43,0.96,402.69,0.95,335.43,0.97,98.35,0.98,209.0,0.01,0.01,2313.17805,1776198210000
1776198213.08,213.08,0.02,192.35,0.01,1613.6,0.03,416.69,0.04,462.23,0.96,423.69,0.95,382.43,0.98,197.35,0.99,1613.6,0.01,0.02,2313.18795,1776198211000
1776198213.379,213.379,0.02,187.29,0.01,1613.6,0.03,653.22,0.04,447.23,0.97,591.22,0.96,457.23,0.98,192.35,0.99,1613.6,0.01,0.01,2313.18795,1776198212000
1776198214.198,214.198,0.02,196.16,0.01,1613.6,0.03,840.53,0.04,593.74,0.97,653.22,0.96,447.23,0.98,187.29,0.99,1613.6,0.01,0.01,2313.18795,1776198212000
1776198214.612,214.612,0.02,190.03,0.01,1613.6,0.03,722.53,0.04,588.74,0.97,840.53,0.96,593.74,0.98,196.16,0.99,1613.6,0.01,0.01,2312.846689,1776198213000
1776198214.905,214.905,0.02,166.93,0.01,1613.6,0.03,726.53,0.04,593.74,0.97,722.53,0.96,588.74,0.98,166.93,0.99,1613.6,0.01,0.01,2312.846689,1776198213000
1776198215.506,215.506,0.02,59.77,0.01,1613.6,0.03,726.53,0.04,593.74,0.97,726.53,0.96,593.74,0.98,64.88,0.99,1613.6,0.01,0.01,2312.670075,1776198214000
1776198216.48,216.48,0.02,54.77,0.01,1619.6,0.03,623.53,0.04,602.74,0.97,726.53,0.96,593.74,0.98,59.77,0.99,1613.6,0.01,0.01,2312.670075,1776198214000
1776198216.701,216.701,0.02,54.77,0.01,1619.6,0.03,623.53,0.04,602.74,0.97,623.53,0.96,602.74,0.98,54.77,0.99,1619.6,0.01,0.01,2312.093349,1776198215000
1776198217.215,217.215,0.02,54.77,0.01,1619.6,0.03,623.53,0.04,602.74,0.97,623.53,0.96,602.74,0.98,54.77,0.99,1619.6,0.01,0.01,2312.141349,1776198216000
1776198217.464,217.464,0.02,37.58,0.01,1613.6,0.03,623.53,0.04,602.74,0.97,623.53,0.96,602.74,0.98,50.67,0.99,1613.6,0.01,0.01,2312.141349,1776198216000
1776198218.321,218.321,0.02,37.58,0.01,1613.6,0.03,623.53,0.04,602.74,0.97,623.53,0.96,602.74,0.98,37.58,0.99,1613.6,0.01,0.01,2312.061315,1776198217000
1776198218.817,218.817,0.02,32.58,0.01,1618.6,0.03,645.53,0.04,542.74,0.97,623.53,0.96,602.74,0.98,37.58,0.99,1613.6,0.01,0.01,2312.061315,1776198217000
1776198219.31,219.31,0.02,32.58,0.01,1618.6,0.03,645.53,0.04,542.74,0.97,645.53,0.96,542.74,0.98,32.58,0.99,1618.6,0.01,0.01,2312.058302,1776198218000
1776198219.94,219.94,0.02,32.58,0.01,1618.6,0.03,645.53,0.04,542.74,0.97,645.53,0.96,542.74,0.98,32.58,0.99,1618.6,0.01,0.01,2312.068705,1776198219000
1776198220.411,220.411,0.02,0.08,0.01,1618.6,0.03,734.53,0.04,436.74,0.97,645.53,0.96,542.74,0.98,32.58,0.99,1618.6,0.01,0.01,2312.068705,1776198219000
1776198220.641,220.641,0.01,1617.66,,,0.03,734.53,0.04,436.74,0.97,734.53,0.96,436.74,0.98,0.08,0.99,1618.6,0.02,0.01,2312.068705,1776198219000
1776198220.885,220.885,0.01,1617.66,,,0.03,734.53,0.04,436.74,0.97,734.53,0.96,436.74,0.99,1617.66,,,0.02,0.02,2312.131631,1776198220000
1776198221.245,221.245,0.01,1612.66,,,0.02,334.99,0.03,516.03,0.97,734.53,0.96,436.74,0.99,1617.66,,,0.01,0.02,2312.131631,1776198220000
1776198221.899,221.899,0.01,1457.58,,,0.02,349.99,0.03,511.03,0.98,334.99,0.97,516.03,0.99,1612.66,,,0.01,0.01,2312.131631,1776198220000
1776198222.187,222.187,0.01,1427.66,,,0.02,348.99,0.03,511.03,0.98,353.99,0.97,511.03,0.99,1434.69,,,0.01,0.01,2312.073306,1776198221000
1776198222.997,222.997,0.01,1427.66,,,0.02,348.99,0.03,511.03,0.98,348.99,0.97,511.03,0.99,1427.66,,,0.01,0.01,2312.052019,1776198222000
1776198223.236,223.236,,,,,0.01,2585.35,0.02,450.99,0.98,397.99,0.97,382.03,0.99,1417.66,,,,0.01,2312.052019,1776198222000
1776198223.949,223.949,,,,,0.01,2585.35,0.02,450.99,0.99,2585.35,0.98,450.99,,,,,,,2312.048279,1776198223000
1776198224.308,224.308,,,,,0.01,6874.36,0.02,333.99,0.99,2585.35,0.98,450.99,,,,,,,2312.048279,1776198223000
1776198225.026,225.026,,,,,0.01,6874.36,0.02,333.99,0.99,6874.36,0.98,333.99,,,,,,,2311.454983,1776198224000
1776198226.169,226.169,,,,,0.01,6874.36,0.02,333.99,0.99,6874.36,0.98,333.99,,,,,,,2311.204567,1776198225000
1776198227.212,227.212,,,,,0.01,6874.36,0.02,333.99,0.99,6874.36,0.98,333.99,,,,,,,2311.52392,1776198226000
1776198228.266,228.266,,,,,0.01,6874.36,0.02,333.99,0.99,6874.36,0.98,333.99,,,,,,,2311.690795,1776198227000
1776198229.287,229.287,,,,,0.01,6874.36,0.02,333.99,0.99,6874.36,0.98,333.99,,,,,,,2311.664399,1776198228000
1776198230.256,230.256,,,,,0.01,6722.36,0.02,314.99,0.99,6874.36,0.98,333.99,,,,,,,2311.664399,1776198228000
1776198231.391,231.391,,,,,0.01,6722.36,0.02,314.99,0.99,6722.36,0.98,314.99,,,,,,,2311.519944,1776198230000
1776198232.359,232.359,,,,,0.01,6722.36,0.02,314.99,0.99,6722.36,0.98,314.99,,,,,,,2311.305505,1776198231000
1776198232.96,232.96,,,,,0.01,6722.36,0.02,314.99,0.99,6722.36,0.98,314.99,,,,,,,2311.255786,1776198232000
1776198233.786,233.786,,,,,0.01,7855.35,0.02,614.99,0.99,6722.36,0.98,314.99,,,,,,,2311.255786,1776198232000
1776198234.206,234.206,,,,,0.01,7855.35,0.02,614.99,0.99,7855.35,0.98,614.99,,,,,,,2310.855088,1776198233000
1776198235.253,235.253,,,,,0.01,7855.35,0.02,614.99,0.99,7855.35,0.98,614.99,,,,,,,2310.124558,1776198234000
1776198236.464,236.464,,,,,0.01,7855.35,0.02,614.99,0.99,7855.35,0.98,614.99,,,,,,,2309.873135,1776198235000
1776198237.058,237.058,,,,,0.01,7855.35,0.02,614.99,0.99,7855.35,0.98,614.99,,,,,,,2309.85295,1776198236000
1776198238.174,238.174,,,,,0.01,7855.35,0.02,614.99,0.99,7855.35,0.98,614.99,,,,,,,2310.21581,1776198237000
1776198239.23,239.23,,,,,0.01,7855.35,0.02,614.99,0.99,7855.35,0.98,614.99,,,,,,,2310.231695,1776198238000
1776198240.29,240.29,,,,,0.01,7855.35,0.02,614.99,0.99,7855.35,0.98,614.99,,,,,,,2310.409105,1776198239000
1776198241.507,241.507,,,,,0.01,7855.35,0.02,614.99,0.99,7855.35,0.98,614.99,,,,,,,2310.362145,1776198240000
1776198242.113,242.113,,,,,0.01,7855.35,0.02,614.99,0.99,7855.35,0.98,614.99,,,,,,,2309.982361,1776198241000
1776198243.25,243.25,,,,,0.01,8691.03,0.02,604.99,0.99,7855.35,0.98,614.99,,,,,,,2309.982361,1776198241000
1776198243.606,243.606,,,,,0.01,8691.03,0.02,604.99,0.99,8691.03,0.98,604.99,,,,,,,2309.725345,1776198242000
1776198244.181,244.181,,,,,0.01,8691.03,0.02,604.99,0.99,8691.03,0.98,604.99,,,,,,,2309.678001,1776198243000
1776198246.093,246.093,,,,,0.01,8691.03,0.02,604.99,0.99,8691.03,0.98,604.99,,,,,,,2309.732647,1776198245000
1776198247.582,247.582,,,,,0.01,8691.03,0.02,604.99,0.99,8691.03,0.98,604.99,,,,,,,2309.902107,1776198246000
1776198248.189,248.189,,,,,0.01,8691.03,0.02,604.99,0.99,8691.03,0.98,604.99,,,,,,,2310.040779,1776198247000
1776198249.615,249.615,,,,,0.01,8691.03,0.02,604.99,0.99,8691.03,0.98,604.99,,,,,,,2310.07591,1776198248000
1776198250.172,250.172,,,,,0.01,8691.03,0.02,604.99,0.99,8691.03,0.98,604.99,,,,,,,2310.244426,1776198249000
1776198250.669,250.669,,,,,0.01,8680.45,0.02,304.99,0.99,8691.03,0.98,604.99,,,,,,,2310.244426,1776198249000
1776198251.841,251.841,,,,,0.01,8680.45,0.02,304.99,0.99,8680.45,0.98,304.99,,,,,,,2310.446585,1776198250000
1776198252.338,252.338,,,,,0.01,8680.45,0.02,304.99,0.99,8680.45,0.98,304.99,,,,,,,2310.515066,1776198251000
1776198253.059,253.059,,,,,0.01,8680.45,0.02,304.99,0.99,8680.45,0.98,304.99,,,,,,,2310.612857,1776198252000
1776198254.243,254.243,,,,,0.01,8680.45,0.02,304.99,0.99,8680.45,0.98,304.99,,,,,,,2310.69995,1776198253000
1776198255.415,255.415,,,,,0.01,8680.45,0.02,304.99,0.99,8680.45,0.98,304.99,,,,,,,2310.56277,1776198254000
1776198255.907,255.907,,,,,0.01,8680.45,0.02,304.99,0.99,8680.45,0.98,304.99,,,,,,,2310.60962,1776198255000
1776198257.365,257.365,,,,,0.01,8680.45,0.02,304.99,0.99,8680.45,0.98,304.99,,,,,,,2310.706765,1776198256000
1776198257.94,257.94,,,,,0.01,8680.45,0.02,304.99,0.99,8680.45,0.98,304.99,,,,,,,2310.740279,1776198257000
1776198259.02,259.02,,,,,0.01,8680.45,0.02,304.99,0.99,8680.45,0.98,304.99,,,,,,,2310.86583,1776198258000
1776198260.113,260.113,,,,,0.01,8680.45,0.02,304.99,0.99,8680.45,0.98,304.99,,,,,,,2311.141281,1776198259000
1776198261.499,261.499,,,,,0.01,8680.45,0.02,304.99,0.99,8680.45,0.98,304.99,,,,,,,2311.166265,1776198260000
1776198262.557,262.557,,,,,0.01,8680.45,0.02,304.99,0.99,8680.45,0.98,304.99,,,,,,,2311.212775,1776198261000
1776198263.031,263.031,,,,,0.01,8680.45,0.02,304.99,0.99,8680.45,0.98,304.99,,,,,,,2311.211184,1776198262000
1776198264.181,264.181,,,,,0.01,8680.45,0.02,304.99,0.99,8680.45,0.98,304.99,,,,,,,2311.25542,1776198263000
1776198265.149,265.149,,,,,0.01,8680.45,0.02,304.99,0.99,8680.45,0.98,304.99,,,,,,,2311.254939,1776198264000
1776198266.191,266.191,,,,,0.01,8680.45,0.02,304.99,0.99,8680.45,0.98,304.99,,,,,,,2311.25254,1776198265000
1776198267.161,267.161,,,,,0.01,8680.45,0.02,304.99,0.99,8680.45,0.98,304.99,,,,,,,2311.242929,1776198266000
1776198268.269,268.269,,,,,0.01,8680.45,0.02,304.99,0.99,8680.45,0.98,304.99,,,,,,,2311.20499,1776198267000
1776198269.139,269.139,,,,,0.01,9248.39,0.02,304.99,0.99,8680.45,0.98,304.99,,,,,,,2311.20499,1776198267000
1776198270.276,270.276,,,,,0.01,9248.39,0.02,304.99,0.99,9248.39,0.98,304.99,,,,,,,2311.235238,1776198269000
1776198271.267,271.267,,,,,0.01,9248.39,0.02,304.99,0.99,9248.39,0.98,304.99,,,,,,,2311.035857,1776198270000
1776198272.413,272.413,,,,,0.01,9248.39,0.02,304.99,0.99,9248.39,0.98,304.99,,,,,,,2311.010316,1776198271000
1776198272.999,272.999,,,,,0.01,9248.39,0.02,304.99,0.99,9248.39,0.98,304.99,,,,,,,2310.945875,1776198272000
1776198274.058,274.058,,,,,0.01,9248.39,0.02,304.99,0.99,9248.39,0.98,304.99,,,,,,,2310.889259,1776198273000
1776198275.079,275.079,,,,,0.01,9248.39,0.02,304.99,0.99,9248.39,0.98,304.99,,,,,,,2310.888624,1776198274000
1776198275.937,275.937,,,,,0.01,9248.39,0.02,304.99,0.99,9248.39,0.98,304.99,,,,,,,2311.020362,1776198275000
1776198277.034,277.034,,,,,0.01,9248.39,0.02,304.99,0.99,9248.39,0.98,304.99,,,,,,,2311.00211,1776198276000
1776198277.823,277.823,,,,,0.01,10134.43,0.02,299.99,0.99,9248.39,0.98,304.99,,,,,,,2311.00211,1776198276000
1776198278.09,278.09,,,,,0.01,10134.43,0.02,299.99,0.99,10134.43,0.98,299.99,,,,,,,2310.87584,1776198277000
1776198279.072,279.072,,,,,0.01,10134.43,0.02,299.99,0.99,10134.43,0.98,299.99,,,,,,,2310.876449,1776198278000
1776198280.136,280.136,,,,,0.01,10134.43,0.02,299.99,0.99,10134.43,0.98,299.99,,,,,,,2310.876717,1776198279000
1776198281.121,281.121,,,,,0.01,10134.43,0.02,299.99,0.99,10134.43,0.98,299.99,,,,,,,2310.937775,1776198280000
1776198282.136,282.136,,,,,0.01,10134.43,0.02,299.99,0.99,10134.43,0.98,299.99,,,,,,,2311.093015,1776198281000
1776198283.312,283.312,,,,,0.01,10134.43,0.02,299.99,0.99,10134.43,0.98,299.99,,,,,,,2311.11937,1776198282000
1776198284.39,284.39,,,,,0.01,10134.43,0.02,299.99,0.99,10134.43,0.98,299.99,,,,,,,2311.19686,1776198283000
1776198285.361,285.361,,,,,0.01,10134.43,0.02,299.99,0.99,10134.43,0.98,299.99,,,,,,,2311.21363,1776198284000
1776198286.139,286.139,,,,,0.01,10363.73,0.02,312.99,0.99,10134.43,0.98,299.99,,,,,,,2311.21363,1776198284000
1776198287.347,287.347,,,,,0.01,10363.73,0.02,312.99,0.99,10363.73,0.98,312.99,,,,,,,2311.219565,1776198286000
1776198287.885,287.885,,,,,0.01,10363.73,0.02,312.99,0.99,10363.73,0.98,312.99,,,,,,,2311.22308,1776198287000
1776198289.48,289.48,,,,,0.01,10363.73,0.02,312.99,0.99,10363.73,0.98,312.99,,,,,,,2311.232925,1776198288000
1776198290.176,290.176,,,,,0.01,10363.73,0.02,312.99,0.99,10363.73,0.98,312.99,,,,,,,2311.28057,1776198289000
1776198291.226,291.226,,,,,0.01,10363.73,0.02,312.99,0.99,10363.73,0.98,312.99,,,,,,,2311.393336,1776198290000
1776198292.15,292.15,,,,,0.01,10363.73,0.02,312.99,0.99,10363.73,0.98,312.99,,,,,,,2311.398613,1776198291000
1776198293.278,293.278,,,,,0.01,10363.73,0.02,312.99,0.99,10363.73,0.98,312.99,,,,,,,2311.42215,1776198292000
1776198294.392,294.392,,,,,0.01,10363.73,0.02,312.99,0.99,10363.73,0.98,312.99,,,,,,,2311.595185,1776198293000
1776198295.358,295.358,,,,,0.01,10363.73,0.02,312.99,0.99,10363.73,0.98,312.99,,,,,,,2311.676975,1776198294000
1776198295.982,295.982,,,,,0.01,10363.73,0.02,312.99,0.99,10363.73,0.98,312.99,,,,,,,2311.69688,1776198295000
1776198297.002,297.002,,,,,0.01,10363.73,0.02,312.99,0.99,10363.73,0.98,312.99,,,,,,,2311.744999,1776198296000
1776198298.037,298.037,,,,,0.01,10363.73,0.02,312.99,0.99,10363.73,0.98,312.99,,,,,,,2311.71701,1776198297000
1776198298.991,298.991,,,,,0.01,10363.73,0.02,312.99,0.99,10363.73,0.98,312.99,,,,,,,2311.73109,1776198298000
1776198300.086,300.086,,,,,0.01,10363.73,0.02,312.99,0.99,10363.73,0.98,312.99,,,,,,,2311.636569,1776198299000
1776198301.015,301.015,,,,,0.01,10363.73,0.02,312.99,0.99,10363.73,0.98,312.99,,,,,,,2311.5874,1776198300000
1776198302.071,302.071,,,,,0.01,10363.73,0.02,312.99,0.99,10363.73,0.98,312.99,,,,,,,2311.601453,1776198301000

# RESULT,winner=Down,slug=eth-updown-5m-1776198000,ticks=455
