timestamp,elapsed_sec,up_bid_p1,up_bid_s1,up_bid_p2,up_bid_s2,up_ask_p1,up_ask_s1,up_ask_p2,up_ask_s2,down_bid_p1,down_bid_s1,down_bid_p2,down_bid_s2,down_ask_p1,down_ask_s1,down_ask_p2,down_ask_s2,up_spread,down_spread,eth_price,eth_oracle_ts
1776221711.343,11.343,,,,,,,,,,,,,,,,,,,2323.481838,1776221710000
1776221711.776,11.776,0.71,22.0,0.7,6.0,0.72,95.22,0.73,5.0,0.28,95.22,0.27,5.0,0.29,10.0,0.3,11.0,0.01,0.01,2323.481838,1776221710000
1776221711.99,11.99,0.71,14.0,0.7,6.0,0.72,95.22,0.73,5.0,0.28,95.22,0.27,5.0,0.29,22.0,0.3,6.0,0.01,0.01,2323.481838,1776221710000
1776221712.441,12.441,0.73,50.0,0.72,20.0,0.74,9.25,0.75,88.0,0.28,95.22,0.27,5.0,0.29,14.0,0.3,6.0,0.01,0.01,2323.75058,1776221711000
1776221712.732,12.732,0.73,44.0,0.72,33.0,0.75,73.55,0.76,15.0,0.26,9.25,0.25,88.0,0.27,44.0,0.28,20.0,0.02,0.01,2323.75058,1776221711000
1776221713.132,13.132,0.75,35.0,0.74,25.0,0.76,2.92,0.77,32.0,0.24,5.0,0.23,32.0,0.25,30.0,0.26,25.0,0.01,0.01,2323.75058,1776221711000
1776221713.672,13.672,0.76,10.0,0.75,20.0,0.77,42.0,0.78,24.0,0.24,2.92,0.23,32.0,0.25,35.0,0.26,25.0,0.01,0.01,2323.75058,1776221711000
1776221714.215,14.215,0.76,10.0,0.75,11.49,0.77,30.0,0.78,24.0,0.23,39.0,0.22,24.0,0.25,11.49,0.26,20.0,0.01,0.02,2323.75058,1776221711000
1776221714.583,14.583,0.71,1.0,0.69,10.0,0.72,32.85,0.73,25.0,0.25,8.42,0.24,96.0,0.29,29.0,0.3,25.0,0.01,0.04,2323.888388,1776221713000
1776221715.09,15.09,0.69,50.0,0.68,30.0,0.7,16.71,0.71,27.0,0.3,17.0,0.29,27.0,0.32,25.0,0.33,29.0,0.01,0.02,2323.888388,1776221713000
1776221715.874,15.874,0.69,48.54,0.68,30.0,0.7,21.71,0.71,17.0,0.3,16.71,0.29,27.0,0.31,50.0,0.32,30.0,0.01,0.01,2323.888388,1776221713000
1776221716.098,16.098,0.69,11.79,0.68,30.0,0.7,21.71,0.71,17.0,0.3,21.71,0.29,17.0,0.31,48.54,0.32,30.0,0.01,0.01,2323.888388,1776221713000
1776221716.312,16.312,0.69,1.79,0.68,30.0,0.7,31.71,0.71,22.0,0.3,21.71,0.29,17.0,0.31,11.79,0.32,30.0,0.01,0.01,2323.888388,1776221713000
1776221717.55,17.55,0.69,1.79,0.68,30.0,0.7,31.71,0.71,22.0,0.3,31.71,0.29,22.0,0.31,1.79,0.32,30.0,0.01,0.01,2323.764487,1776221716000
1776221718.065,18.065,0.69,1.79,0.68,30.0,0.7,31.71,0.71,22.0,0.3,31.71,0.29,22.0,0.31,1.79,0.32,30.0,0.01,0.01,2323.754794,1776221717000
1776221719.078,19.078,0.69,1.79,0.68,30.0,0.7,31.71,0.71,22.0,0.3,31.71,0.29,22.0,0.31,1.79,0.32,30.0,0.01,0.01,2323.749643,1776221718000
1776221719.594,19.594,0.73,3.88,0.72,15.0,0.75,90.0,0.76,136.0,0.26,9.84,0.25,20.0,0.28,10.0,0.29,49.0,0.02,0.02,2323.749643,1776221718000
1776221719.916,19.916,0.71,7.51,0.7,29.0,0.73,51.0,0.74,45.0,0.26,10.0,0.25,90.0,0.28,11.49,0.29,27.0,0.02,0.02,2323.749643,1776221718000
1776221720.142,20.142,0.71,7.51,0.7,29.0,0.73,51.0,0.74,45.0,0.27,51.0,0.26,45.0,0.29,7.51,0.3,29.0,0.02,0.02,2323.70268,1776221719000
1776221720.807,20.807,0.7,0.69,0.68,15.0,0.71,37.0,0.72,28.0,0.27,51.0,0.26,45.0,0.29,7.51,0.3,29.0,0.01,0.02,2323.70268,1776221719000
1776221721.291,21.291,0.67,10.0,0.66,10.0,0.71,104.0,0.72,36.0,0.29,37.0,0.28,28.0,0.3,0.69,0.32,15.0,0.04,0.01,2323.70268,1776221719000
1776221721.894,21.894,0.66,30.0,0.65,15.0,0.67,12.0,0.68,27.0,0.29,104.0,0.28,36.0,0.33,10.0,0.34,10.0,0.01,0.04,2323.836049,1776221720000
1776221722.347,22.347,0.66,30.0,0.65,15.0,0.67,12.0,0.68,27.0,0.33,12.0,0.32,27.0,0.34,30.0,0.35,15.0,0.01,0.01,2323.911596,1776221721000
1776221722.623,22.623,0.67,10.0,0.66,20.0,0.68,2.0,0.69,20.0,0.32,10.0,0.31,10.0,0.34,15.0,0.35,34.0,0.01,0.02,2323.911596,1776221721000
1776221722.91,22.91,0.67,10.0,0.66,20.0,0.68,2.0,0.69,20.0,0.32,2.0,0.31,20.0,0.33,10.0,0.34,20.0,0.01,0.01,2323.857616,1776221722000
1776221723.281,23.281,0.75,20.0,0.74,15.0,0.76,6.84,0.77,5.0,0.32,2.0,0.31,20.0,0.33,10.0,0.34,20.0,0.01,0.01,2323.857616,1776221722000
1776221723.725,23.725,0.73,6.49,0.7,12.0,0.74,55.0,0.75,25.0,0.24,6.84,0.23,5.0,0.25,20.0,0.26,15.0,0.01,0.01,2323.857616,1776221722000
1776221724.034,24.034,0.68,7.0,0.64,17.78,0.69,10.0,0.7,10.0,0.31,10.0,0.3,10.0,0.32,7.0,0.36,17.78,0.01,0.01,2323.724014,1776221723000
1776221724.248,24.248,0.68,12.0,0.66,10.0,0.7,7.0,0.71,102.0,0.31,8.0,0.3,10.0,0.32,12.0,0.35,7.78,0.02,0.01,2323.724014,1776221723000
1776221724.481,24.481,0.68,19.09,0.67,15.0,0.73,15.0,0.74,15.0,0.3,7.0,0.29,102.0,0.32,12.0,0.34,10.0,0.05,0.02,2323.724014,1776221723000
1776221725.011,25.011,0.72,5.0,0.71,15.0,0.73,31.61,0.74,47.0,0.26,24.0,0.25,20.0,0.28,5.0,0.29,10.0,0.01,0.02,2323.724014,1776221723000
1776221725.218,25.218,0.7,11.0,0.69,10.0,0.72,27.0,0.73,20.0,0.28,27.0,0.27,15.0,0.29,3.0,0.3,20.0,0.02,0.01,2323.853269,1776221724000
1776221726.104,26.104,0.7,11.0,0.69,10.0,0.72,27.0,0.73,20.0,0.28,27.0,0.27,20.0,0.3,11.0,0.31,10.0,0.02,0.02,2323.877416,1776221725000
1776221726.407,26.407,0.68,10.0,0.67,7.78,0.71,60.0,0.72,15.0,0.28,27.0,0.27,20.0,0.3,11.0,0.31,10.0,0.03,0.02,2323.877416,1776221725000
1776221726.608,26.608,0.61,10.0,0.6,20.0,0.66,55.22,0.69,23.0,0.34,42.22,0.31,10.0,0.39,10.0,0.4,10.0,0.05,0.05,2323.877416,1776221725000
1776221726.811,26.811,0.64,10.0,0.63,10.0,0.65,18.0,0.66,70.22,0.34,70.22,0.33,10.0,0.37,10.0,0.38,10.0,0.01,0.03,2323.877416,1776221725000
1776221727.113,27.113,0.64,6.96,0.63,10.0,0.66,46.29,0.67,26.0,0.34,47.81,0.33,26.0,0.36,6.96,0.37,10.0,0.02,0.02,2323.877416,1776221725000
1776221727.699,27.699,0.63,30.0,0.62,15.0,0.64,12.17,0.65,20.0,0.34,46.29,0.33,26.0,0.36,6.96,0.37,10.0,0.01,0.02,2323.860147,1776221726000
1776221728.231,28.231,0.63,30.0,0.62,15.0,0.64,12.17,0.65,20.0,0.36,12.17,0.35,20.0,0.37,30.0,0.38,15.0,0.01,0.01,2323.782402,1776221727000
1776221728.753,28.753,0.63,7.29,0.62,5.0,0.64,30.0,0.65,15.0,0.36,4.26,0.35,15.0,0.37,30.0,0.38,28.0,0.01,0.01,2323.782402,1776221727000
1776221729.273,29.273,0.63,7.29,0.62,5.0,0.64,30.0,0.65,15.0,0.36,30.0,0.35,15.0,0.37,7.29,0.38,5.0,0.01,0.01,2323.628624,1776221728000
1776221730.08,30.08,0.64,33.0,0.63,25.29,0.65,6.0,0.66,51.29,0.36,4.48,0.35,20.0,0.37,12.29,0.38,15.0,0.01,0.01,2323.628624,1776221728000
1776221730.31,30.31,0.64,33.0,0.63,25.29,0.65,6.0,0.66,51.29,0.35,6.0,0.34,51.29,0.36,33.0,0.37,25.29,0.01,0.01,2323.577424,1776221729000
1776221730.563,30.563,0.65,3.0,0.64,38.0,0.66,81.29,0.67,21.0,0.35,6.0,0.34,51.29,0.36,33.0,0.37,25.29,0.01,0.01,2323.577424,1776221729000
1776221731.329,31.329,0.64,32.0,0.63,25.29,0.66,86.29,0.67,21.0,0.34,86.29,0.33,21.0,0.36,32.0,0.37,25.29,0.02,0.02,2323.508063,1776221730000
1776221731.661,31.661,0.64,41.0,0.63,28.0,0.65,12.24,0.66,76.29,0.34,86.29,0.33,21.0,0.36,32.0,0.37,25.29,0.01,0.02,2323.508063,1776221730000
1776221731.986,31.986,0.64,34.61,0.63,28.67,0.65,12.24,0.66,76.29,0.35,12.24,0.34,76.29,0.36,41.0,0.37,28.0,0.01,0.01,2323.508063,1776221730000
1776221733.484,33.484,0.65,23.0,0.64,48.13,0.66,78.41,0.67,21.0,0.35,4.55,0.34,76.29,0.36,39.61,0.37,23.67,0.01,0.01,2323.520219,1776221731000
1776221734.42,34.42,0.65,23.0,0.64,48.13,0.66,78.41,0.67,21.0,0.34,78.41,0.33,21.0,0.35,23.0,0.36,48.13,0.01,0.01,2323.500364,1776221733000
1776221735.083,35.083,0.65,23.0,0.64,48.13,0.66,78.41,0.67,21.0,0.34,78.41,0.33,21.0,0.35,23.0,0.36,48.13,0.01,0.01,2323.475356,1776221734000
1776221736.307,36.307,0.65,13.0,0.64,39.61,0.66,52.88,0.67,21.0,0.34,78.41,0.33,21.0,0.35,23.0,0.36,48.13,0.01,0.01,2323.475356,1776221734000
1776221736.979,36.979,0.65,13.0,0.64,39.61,0.66,52.88,0.67,21.0,0.34,52.88,0.33,21.0,0.35,13.0,0.36,39.61,0.01,0.01,2323.431337,1776221736000
1776221738.414,38.414,0.65,13.0,0.64,39.61,0.66,52.88,0.67,21.0,0.34,52.88,0.33,21.0,0.35,13.0,0.36,39.61,0.01,0.01,2323.512294,1776221737000
1776221739.028,39.028,0.65,13.0,0.64,39.61,0.66,52.88,0.67,21.0,0.34,52.88,0.33,21.0,0.35,13.0,0.36,39.61,0.01,0.01,2323.512294,1776221738000
1776221739.461,39.461,0.74,30.0,0.73,40.0,0.75,64.43,0.76,92.0,0.28,10.0,0.25,45.0,0.29,26.96,0.3,33.0,0.01,0.01,2323.512294,1776221738000
1776221740.444,40.444,0.74,30.0,0.73,40.0,0.75,64.43,0.76,92.0,0.25,64.43,0.24,92.0,0.26,30.0,0.27,40.0,0.01,0.01,2323.515901,1776221739000
1776221741.053,41.053,0.74,30.0,0.73,40.0,0.75,64.43,0.76,92.0,0.25,64.43,0.24,92.0,0.26,30.0,0.27,40.0,0.01,0.01,2323.537876,1776221740000
1776221742.13,42.13,0.74,27.25,0.73,40.0,0.75,95.43,0.76,84.0,0.25,64.43,0.24,92.0,0.26,30.0,0.27,40.0,0.01,0.01,2323.537876,1776221740000
1776221742.552,42.552,0.74,27.25,0.73,40.0,0.75,95.43,0.76,84.0,0.25,95.43,0.24,84.0,0.26,27.25,0.27,40.0,0.01,0.01,2323.642863,1776221741000
1776221743.17,43.17,0.74,18.33,0.73,15.0,0.75,105.43,0.76,84.0,0.25,105.43,0.24,84.0,0.26,18.33,0.27,15.0,0.01,0.01,2323.691703,1776221742000
1776221743.493,43.493,0.73,27.14,0.72,20.0,0.74,60.0,0.75,70.43,0.25,105.43,0.24,84.0,0.26,18.33,0.27,15.0,0.01,0.01,2323.691703,1776221742000
1776221744.457,44.457,0.73,27.14,0.72,20.0,0.74,60.0,0.75,70.43,0.26,60.0,0.25,70.43,0.27,27.14,0.28,20.0,0.01,0.01,2323.756907,1776221743000
1776221745.153,45.153,0.73,27.14,0.72,20.0,0.74,60.0,0.75,70.43,0.26,60.0,0.25,70.43,0.27,27.14,0.28,20.0,0.01,0.01,2323.731193,1776221744000
1776221745.381,45.381,0.73,110.0,0.72,28.0,0.75,28.0,0.77,60.3,0.26,60.0,0.25,70.43,0.27,27.14,0.28,20.0,0.02,0.01,2323.731193,1776221744000
1776221746.059,46.059,0.75,118.0,0.74,78.0,0.76,19.0,0.77,39.3,0.25,33.43,0.24,18.0,0.26,15.0,0.27,110.0,0.01,0.01,2323.731193,1776221744000
1776221746.344,46.344,0.75,118.0,0.74,78.0,0.76,19.0,0.77,39.3,0.24,19.0,0.23,39.3,0.25,118.0,0.26,78.0,0.01,0.01,2323.681333,1776221745000
1776221746.61,46.61,0.76,60.83,0.75,61.0,0.77,10.0,0.78,40.0,0.24,19.0,0.23,39.3,0.25,118.0,0.26,78.0,0.01,0.01,2323.681333,1776221745000
1776221746.832,46.832,0.77,55.0,0.76,20.0,0.78,15.84,0.79,76.7,0.22,19.0,0.21,76.7,0.24,40.3,0.25,61.0,0.01,0.02,2323.681333,1776221745000
1776221749.073,49.073,0.77,55.0,0.76,20.0,0.78,15.84,0.79,76.7,0.22,15.84,0.21,76.7,0.23,55.0,0.24,20.0,0.01,0.01,2323.975617,1776221748000
1776221750.059,50.059,0.73,10.0,0.71,23.67,0.74,54.13,0.75,58.0,0.22,15.84,0.21,76.7,0.23,55.0,0.24,20.0,0.01,0.01,2323.975617,1776221748000
1776221750.277,50.277,0.69,8.0,0.68,5.0,0.72,10.0,0.73,10.0,0.26,74.13,0.25,28.0,0.29,18.0,0.3,8.0,0.03,0.03,2323.978414,1776221749000
1776221750.912,50.912,0.67,23.83,0.66,15.0,0.68,5.29,0.7,10.0,0.32,35.0,0.31,10.0,0.33,8.83,0.34,15.0,0.01,0.01,2323.978414,1776221749000
1776221751.311,51.311,0.67,33.83,0.66,20.0,0.68,7.29,0.7,17.0,0.32,7.29,0.3,17.0,0.33,33.83,0.34,20.0,0.01,0.01,2324.014597,1776221750000
1776221751.861,51.861,0.67,33.83,0.66,20.0,0.68,7.29,0.7,17.0,0.32,7.29,0.3,17.0,0.33,33.83,0.34,20.0,0.01,0.01,2323.897966,1776221751000
1776221752.964,52.964,0.67,33.83,0.66,20.0,0.68,7.29,0.7,17.0,0.32,7.29,0.3,17.0,0.33,33.83,0.34,20.0,0.01,0.01,2323.659332,1776221752000
1776221753.891,53.891,0.75,85.0,0.74,30.0,0.76,125.0,0.77,125.0,0.32,7.29,0.3,17.0,0.33,33.83,0.34,20.0,0.01,0.01,2323.659332,1776221752000
1776221754.102,54.102,0.75,102.0,0.74,38.0,0.76,73.0,0.77,125.0,0.24,85.0,0.23,125.0,0.25,98.0,0.26,38.0,0.01,0.01,2323.659332,1776221752000
1776221754.423,54.423,0.75,110.0,0.74,38.0,0.76,21.6,0.77,25.0,0.24,1.6,0.23,25.0,0.25,110.0,0.26,38.0,0.01,0.01,2323.789633,1776221753000
1776221755.272,55.272,0.75,110.0,0.74,38.0,0.77,12.6,0.78,30.0,0.23,12.6,0.22,30.0,0.25,110.0,0.26,38.0,0.02,0.02,2323.917336,1776221754000
1776221756.254,56.254,0.78,38.68,0.77,28.0,0.79,88.79,0.8,5.0,0.21,53.79,0.2,73.5,0.22,40.0,0.23,20.0,0.01,0.01,2323.917336,1776221754000
1776221756.583,56.583,0.78,33.68,0.77,23.0,0.79,71.04,0.8,5.0,0.21,73.04,0.2,5.0,0.22,38.68,0.23,28.0,0.01,0.01,2324.06277,1776221755000
1776221756.944,56.944,0.78,33.68,0.77,23.0,0.79,42.79,0.8,5.0,0.21,72.24,0.2,5.0,0.22,33.68,0.23,23.0,0.01,0.01,2324.06277,1776221755000
1776221757.61,57.61,0.78,33.68,0.77,20.0,0.79,22.58,0.8,27.5,0.21,42.79,0.2,5.0,0.22,33.68,0.23,23.0,0.01,0.01,2324.096134,1776221756000
1776221758.055,58.055,0.78,33.68,0.77,20.0,0.79,14.8,0.8,27.5,0.21,14.8,0.2,27.5,0.22,33.68,0.23,20.0,0.01,0.01,2324.133136,1776221757000
1776221758.265,58.265,0.78,38.68,0.77,20.0,0.8,27.5,0.81,60.4,0.21,14.8,0.2,27.5,0.22,33.68,0.23,20.0,0.02,0.01,2324.133136,1776221757000
1776221759.06,59.06,0.8,46.0,0.79,66.0,0.81,45.16,0.82,29.4,0.2,27.5,0.19,60.4,0.22,38.68,0.23,20.0,0.01,0.02,2324.133136,1776221757000
1776221760.245,60.245,0.8,51.0,0.79,66.0,0.81,50.47,0.82,29.4,0.19,50.47,0.18,29.4,0.2,51.0,0.21,66.0,0.01,0.01,2324.126292,1776221759000
1776221760.708,60.708,0.76,15.0,0.75,47.0,0.79,13.0,0.8,13.0,0.19,50.47,0.18,29.4,0.2,51.0,0.21,66.0,0.03,0.01,2324.126292,1776221759000
1776221761.012,61.012,0.73,116.99,0.72,47.47,0.76,3.9,0.77,15.0,0.26,8.9,0.24,5.0,0.27,44.99,0.28,11.47,0.03,0.01,2324.126292,1776221759000
1776221761.423,61.423,0.73,116.99,0.72,47.47,0.76,3.9,0.77,15.0,0.24,3.9,0.23,15.0,0.27,116.99,0.28,47.47,0.03,0.03,2324.1414,1776221760000
1776221761.981,61.981,0.77,50.0,0.76,20.0,0.78,11.96,0.79,124.59,0.22,11.96,0.21,124.59,0.23,50.0,0.24,20.0,0.01,0.01,2324.152192,1776221761000
1776221762.435,62.435,0.77,128.26,0.76,20.0,0.78,0.55,0.79,141.29,0.22,1.96,0.21,146.29,0.23,29.34,0.24,15.0,0.01,0.01,2324.152192,1776221761000
1776221762.802,62.802,0.77,128.26,0.76,20.0,0.78,16.55,0.79,141.29,0.22,0.55,0.21,141.29,0.23,128.26,0.24,20.0,0.01,0.01,2324.152192,1776221761000
1776221763.327,63.327,0.77,112.26,0.76,20.0,0.79,5.0,0.8,83.5,0.22,16.55,0.21,141.29,0.23,128.26,0.24,20.0,0.02,0.01,2324.152192,1776221761000
1776221763.585,63.585,0.77,112.26,0.76,20.0,0.79,2.0,0.8,83.5,0.21,2.0,0.2,83.5,0.23,112.26,0.24,20.0,0.02,0.02,2324.03516,1776221762000
1776221764.295,64.295,0.77,112.26,0.76,20.0,0.79,2.0,0.8,83.5,0.21,2.0,0.2,83.5,0.23,112.26,0.24,20.0,0.02,0.02,2324.068273,1776221763000
1776221764.602,64.602,0.78,91.92,0.77,92.92,0.8,79.22,0.81,150.13,0.21,2.0,0.2,83.5,0.23,112.26,0.24,20.0,0.02,0.02,2324.068273,1776221763000
1776221765.211,65.211,0.78,91.92,0.77,92.92,0.8,79.22,0.81,150.13,0.2,79.22,0.19,150.13,0.22,91.92,0.23,92.92,0.02,0.02,2324.089612,1776221764000
1776221766.194,66.194,0.78,91.92,0.77,92.92,0.8,79.22,0.81,150.13,0.2,79.22,0.19,150.13,0.22,91.92,0.23,92.92,0.02,0.02,2324.104762,1776221765000
1776221767.152,67.152,0.78,125.83,0.77,118.89,0.79,21.0,0.8,42.77,0.2,79.22,0.19,150.13,0.22,91.92,0.23,92.92,0.01,0.02,2324.104762,1776221765000
1776221768.063,68.063,0.78,125.83,0.77,118.89,0.79,21.0,0.8,42.77,0.21,21.0,0.2,42.77,0.22,125.83,0.23,118.89,0.01,0.01,2324.103079,1776221766000
1776221768.636,68.636,0.78,125.83,0.77,118.89,0.79,21.0,0.8,42.77,0.21,21.0,0.2,42.77,0.22,125.83,0.23,118.89,0.01,0.01,2324.099479,1776221767000
1776221769.471,69.471,0.78,125.83,0.77,118.89,0.79,21.0,0.8,42.77,0.21,21.0,0.2,42.77,0.22,125.83,0.23,118.89,0.01,0.01,2324.067446,1776221768000
1776221770.137,70.137,0.78,125.83,0.77,118.89,0.79,21.0,0.8,42.77,0.21,21.0,0.2,42.77,0.22,125.83,0.23,118.89,0.01,0.01,2324.067439,1776221769000
1776221771.31,71.31,0.78,125.83,0.77,118.89,0.79,21.0,0.8,42.77,0.21,21.0,0.2,42.77,0.22,125.83,0.23,118.89,0.01,0.01,2324.065202,1776221770000
1776221771.526,71.526,0.81,35.61,0.8,46.0,0.82,40.41,0.83,38.5,0.21,21.0,0.2,42.77,0.22,125.83,0.23,118.89,0.01,0.01,2324.065202,1776221770000
1776221771.881,71.881,0.81,45.61,0.8,46.0,0.82,18.22,0.83,13.0,0.18,20.22,0.17,38.5,0.19,35.61,0.2,46.0,0.01,0.01,2324.065202,1776221770000
1776221772.444,72.444,0.81,94.61,0.8,95.64,0.85,38.2,0.86,34.9,0.18,18.22,0.17,13.0,0.19,45.61,0.2,46.0,0.04,0.01,2324.065202,1776221770000
1776221773.085,73.085,0.81,94.61,0.8,95.64,0.85,38.2,0.86,34.9,0.15,38.2,0.14,34.9,0.19,94.61,0.2,95.64,0.04,0.04,2324.099427,1776221772000
1776221773.471,73.471,0.84,51.0,0.83,30.0,0.85,12.21,0.86,72.9,0.15,38.2,0.14,34.9,0.19,94.61,0.2,95.64,0.01,0.04,2324.099427,1776221772000
1776221774.214,74.214,0.84,51.0,0.83,30.0,0.85,10.92,0.86,72.9,0.15,10.92,0.14,72.9,0.16,51.0,0.17,30.0,0.01,0.01,2324.235417,1776221773000
1776221774.588,74.588,0.84,40.0,0.83,25.0,0.85,11.53,0.86,43.0,0.15,10.92,0.14,72.9,0.16,51.0,0.17,30.0,0.01,0.01,2324.235417,1776221773000
1776221775.332,75.332,0.84,40.0,0.83,25.0,0.85,4.32,0.86,43.0,0.15,4.32,0.14,43.0,0.16,40.0,0.17,25.0,0.01,0.01,2324.399961,1776221774000
1776221775.59,75.59,0.84,5.0,0.83,20.0,0.85,67.0,0.86,53.0,0.15,4.32,0.14,43.0,0.16,40.0,0.17,25.0,0.01,0.01,2324.399961,1776221774000
1776221775.974,75.974,0.84,5.0,0.83,20.0,0.85,67.0,0.86,53.0,0.15,67.0,0.14,53.0,0.16,5.0,0.17,20.0,0.01,0.01,2324.428065,1776221775000
1776221777.032,77.032,0.84,5.0,0.83,20.0,0.85,67.0,0.86,53.0,0.15,67.0,0.14,53.0,0.16,5.0,0.17,20.0,0.01,0.01,2324.420408,1776221776000
1776221778.201,78.201,0.84,5.0,0.83,20.0,0.85,67.0,0.86,53.0,0.15,67.0,0.14,53.0,0.16,5.0,0.17,20.0,0.01,0.01,2324.419561,1776221777000
1776221779.316,79.316,0.84,5.0,0.83,20.0,0.85,67.0,0.86,53.0,0.15,67.0,0.14,53.0,0.16,5.0,0.17,20.0,0.01,0.01,2324.402736,1776221778000
1776221779.849,79.849,0.86,5.0,0.85,37.21,0.87,60.0,0.88,83.1,0.15,67.0,0.14,53.0,0.16,5.0,0.17,20.0,0.01,0.01,2324.402736,1776221778000
1776221780.247,80.247,0.86,10.0,0.85,37.21,0.87,54.0,0.88,83.1,0.13,60.0,0.12,83.1,0.14,5.0,0.15,37.21,0.01,0.01,2324.402736,1776221778000
1776221780.853,80.853,0.86,82.0,0.85,37.21,0.87,0.46,0.88,34.0,0.13,25.46,0.12,83.1,0.14,30.0,0.15,37.21,0.01,0.01,2324.440544,1776221779000
1776221781.607,81.607,0.87,99.0,0.86,57.0,0.88,10.0,0.89,107.97,0.13,0.46,0.12,34.0,0.14,82.0,0.15,37.21,0.01,0.01,2324.486655,1776221780000
1776221781.917,81.917,0.87,99.0,0.86,57.0,0.88,10.0,0.89,107.97,0.12,10.0,0.11,107.97,0.13,99.0,0.14,57.0,0.01,0.01,2324.506249,1776221781000
1776221782.203,82.203,0.87,124.0,0.86,57.0,0.88,0.82,0.89,107.97,0.12,10.0,0.11,107.97,0.13,99.0,0.14,57.0,0.01,0.01,2324.506249,1776221781000
1776221782.917,82.917,0.87,129.99,0.86,62.0,0.88,40.0,0.89,117.97,0.12,0.82,0.11,107.97,0.13,124.0,0.14,57.0,0.01,0.01,2324.506249,1776221781000
1776221783.628,83.628,0.87,134.99,0.86,62.0,0.88,19.79,0.89,107.97,0.12,30.0,0.11,117.97,0.13,134.99,0.14,62.0,0.01,0.01,2324.57652,1776221782000
1776221783.924,83.924,0.87,134.99,0.86,62.0,0.88,19.79,0.89,107.97,0.12,19.79,0.11,107.97,0.13,134.99,0.14,62.0,0.01,0.01,2324.675175,1776221783000
1776221784.317,84.317,0.87,139.99,0.86,62.0,0.89,102.97,0.9,71.0,0.12,19.79,0.11,107.97,0.13,134.99,0.14,62.0,0.02,0.01,2324.675175,1776221783000
1776221784.89,84.89,0.88,0.66,0.87,129.99,0.89,146.97,0.9,114.0,0.11,102.97,0.1,71.0,0.13,139.99,0.14,62.0,0.01,0.02,2324.675175,1776221783000
1776221785.913,85.913,0.88,0.66,0.87,129.99,0.89,146.97,0.9,114.0,0.11,146.97,0.1,114.0,0.12,0.66,0.13,129.99,0.01,0.01,2324.66278,1776221785000
1776221786.87,86.87,0.88,5.66,0.87,197.99,0.89,110.66,0.9,124.0,0.11,75.87,0.1,124.0,0.12,0.66,0.13,97.99,0.01,0.01,2324.66278,1776221785000
1776221787.427,87.427,0.88,30.66,0.87,197.99,0.89,27.62,0.9,124.0,0.11,110.66,0.1,124.0,0.12,5.66,0.13,197.99,0.01,0.01,2324.67001,1776221786000
1776221787.692,87.692,0.89,201.0,0.88,190.66,0.9,16.41,0.91,295.0,0.11,27.62,0.1,124.0,0.12,30.66,0.13,197.99,0.01,0.01,2324.67001,1776221786000
1776221787.938,87.938,0.9,8.59,0.89,227.0,0.91,271.94,0.92,68.9,0.09,271.94,0.08,68.9,0.1,8.59,0.11,227.0,0.01,0.01,2324.669071,1776221787000
1776221788.647,88.647,0.9,119.59,0.89,158.0,0.91,221.94,0.92,71.0,0.09,236.94,0.08,119.9,0.1,23.59,0.11,222.0,0.01,0.01,2324.669071,1776221787000
1776221788.931,88.931,0.9,124.59,0.89,158.0,0.91,239.94,0.92,71.0,0.09,239.94,0.08,71.0,0.1,124.59,0.11,158.0,0.01,0.01,2324.682407,1776221788000
1776221789.151,89.151,0.9,119.59,0.89,158.0,0.91,182.61,0.92,71.0,0.09,195.23,0.08,71.0,0.1,119.59,0.11,158.0,0.01,0.01,2324.682407,1776221788000
1776221789.356,89.356,0.9,142.59,0.89,222.32,0.91,150.63,0.92,15.0,0.09,182.61,0.08,71.0,0.1,119.59,0.11,158.0,0.01,0.01,2324.682407,1776221788000
1776221789.6,89.6,0.9,147.59,0.89,192.67,0.91,95.55,0.92,35.0,0.09,212.55,0.08,42.0,0.1,190.59,0.11,207.67,0.01,0.01,2324.682407,1776221788000
1776221789.891,89.891,0.9,147.59,0.89,178.0,0.91,50.14,0.92,56.0,0.09,75.14,0.08,35.0,0.1,152.59,0.11,187.67,0.01,0.01,2324.682407,1776221788000
1776221790.092,90.092,0.91,30.86,0.9,152.59,0.92,53.0,0.93,64.0,0.09,0.14,0.08,56.0,0.1,152.59,0.11,178.0,0.01,0.01,2324.77722,1776221789000
1776221790.503,90.503,0.91,112.0,0.9,114.59,0.92,127.93,0.93,69.0,0.08,49.93,0.07,64.0,0.09,130.86,0.1,152.59,0.01,0.01,2324.77722,1776221789000
1776221790.748,90.748,0.89,13.49,0.88,15.0,0.91,136.0,0.92,108.63,0.09,136.0,0.08,108.63,0.11,13.59,0.12,15.0,0.02,0.02,2324.77722,1776221789000
1776221791.966,91.966,0.88,15.0,0.87,64.25,0.9,57.12,0.91,117.0,0.09,136.0,0.08,108.63,0.13,49.25,0.14,122.0,0.02,0.04,2324.931473,1776221790000
1776221792.354,92.354,0.88,15.0,0.87,61.78,0.89,5.01,0.9,52.12,0.1,52.12,0.09,117.0,0.13,61.78,0.14,22.0,0.01,0.03,2324.931473,1776221790000
1776221792.989,92.989,0.89,10.1,0.88,31.0,0.9,53.0,0.91,116.0,0.11,5.01,0.1,52.12,0.12,15.0,0.13,61.78,0.01,0.01,2324.983944,1776221791000
1776221794.026,94.026,0.89,15.1,0.88,31.0,0.9,25.61,0.91,116.0,0.1,25.61,0.09,116.0,0.11,15.1,0.12,31.0,0.01,0.01,2324.890807,1776221793000
1776221794.993,94.993,0.89,67.97,0.88,36.0,0.9,7.61,0.91,76.0,0.1,7.61,0.09,76.0,0.11,67.97,0.12,36.0,0.01,0.01,2324.872282,1776221794000
1776221796.044,96.044,0.89,67.97,0.88,36.0,0.9,7.61,0.91,76.0,0.1,7.61,0.09,76.0,0.11,67.97,0.12,36.0,0.01,0.01,2324.85689,1776221795000
1776221797.009,97.009,0.89,67.97,0.88,36.0,0.9,7.61,0.91,76.0,0.1,7.61,0.09,76.0,0.11,67.97,0.12,36.0,0.01,0.01,2324.855099,1776221796000
1776221797.594,97.594,0.89,80.44,0.88,16.0,0.9,12.61,0.91,146.0,0.1,7.61,0.09,76.0,0.11,67.97,0.12,36.0,0.01,0.01,2324.855099,1776221796000
1776221797.934,97.934,0.89,80.44,0.88,16.0,0.9,12.61,0.91,146.0,0.1,12.61,0.09,146.0,0.11,80.44,0.12,16.0,0.01,0.01,2324.83087,1776221797000
1776221798.188,98.188,0.89,85.44,0.88,16.0,0.91,146.0,0.92,82.63,0.1,12.61,0.09,146.0,0.11,80.44,0.12,16.0,0.02,0.01,2324.83087,1776221797000
1776221799.0,99.0,0.89,85.44,0.88,16.0,0.91,146.0,0.92,82.63,0.09,146.0,0.08,82.63,0.11,85.44,0.12,16.0,0.02,0.02,2324.816491,1776221798000
1776221799.986,99.986,0.89,85.44,0.88,16.0,0.91,146.0,0.92,82.63,0.09,146.0,0.08,82.63,0.11,85.44,0.12,16.0,0.02,0.02,2324.778728,1776221799000
1776221800.788,100.788,0.9,6.22,0.89,80.44,0.91,146.0,0.92,44.63,0.09,146.0,0.08,82.63,0.11,85.44,0.12,16.0,0.01,0.02,2324.778728,1776221799000
1776221801.956,101.956,0.9,6.22,0.89,80.44,0.91,146.0,0.92,44.63,0.09,146.0,0.08,44.63,0.1,6.22,0.11,80.44,0.01,0.01,2324.82571,1776221801000
1776221802.919,102.919,0.89,80.44,0.88,33.0,0.91,141.0,0.92,44.63,0.09,146.0,0.08,44.63,0.1,6.22,0.11,80.44,0.02,0.01,2324.82571,1776221801000
1776221803.163,103.163,0.88,23.4,0.87,40.79,0.9,10.0,0.91,141.0,0.09,141.0,0.08,44.63,0.11,80.44,0.12,33.0,0.02,0.02,2324.828354,1776221802000
1776221803.653,103.653,0.89,5.0,0.88,28.4,0.9,21.88,0.91,141.0,0.1,8.78,0.09,141.0,0.12,28.4,0.13,45.79,0.01,0.02,2324.828354,1776221802000
1776221803.916,103.916,0.89,5.0,0.88,28.4,0.9,21.88,0.91,141.0,0.1,21.88,0.09,141.0,0.11,5.0,0.12,28.4,0.01,0.01,2324.829382,1776221803000
1776221805.154,105.154,0.89,15.0,0.88,25.0,0.91,141.0,0.92,52.0,0.1,21.88,0.09,141.0,0.11,5.0,0.12,28.4,0.02,0.01,2324.829382,1776221803000
1776221806.12,106.12,0.9,20.0,0.89,15.0,0.91,118.49,0.92,10.0,0.09,141.0,0.08,52.0,0.11,15.0,0.12,25.0,0.01,0.02,2324.829183,1776221804000
1776221806.421,106.421,0.9,20.0,0.89,15.0,0.91,118.49,0.92,10.0,0.09,118.49,0.08,10.0,0.1,20.0,0.11,15.0,0.01,0.01,2324.828063,1776221805000
1776221806.915,106.915,0.9,20.0,0.89,15.0,0.91,118.49,0.92,10.0,0.09,118.49,0.08,10.0,0.1,20.0,0.11,15.0,0.01,0.01,2324.828528,1776221806000
1776221807.623,107.623,0.9,22.0,0.89,32.0,0.91,103.29,0.92,10.0,0.09,118.49,0.08,10.0,0.1,20.0,0.11,15.0,0.01,0.01,2324.828528,1776221806000
1776221807.882,107.882,0.9,22.0,0.89,32.0,0.91,90.67,0.92,10.0,0.09,103.29,0.08,10.0,0.1,22.0,0.11,32.0,0.01,0.01,2324.828528,1776221806000
1776221808.095,108.095,0.9,22.0,0.89,32.0,0.91,90.67,0.92,10.0,0.09,90.67,0.08,10.0,0.1,22.0,0.11,32.0,0.01,0.01,2324.830038,1776221807000
1776221808.375,108.375,0.9,20.0,0.89,32.0,0.91,60.67,0.92,10.0,0.09,90.67,0.08,10.0,0.1,22.0,0.11,32.0,0.01,0.01,2324.830038,1776221807000
1776221808.931,108.931,0.9,281.99,0.89,168.77,0.93,71.43,0.94,15.0,0.09,9.47,0.08,10.0,0.1,20.0,0.11,32.0,0.03,0.01,2324.830038,1776221807000
1776221809.137,109.137,0.9,281.99,0.89,168.77,0.93,71.43,0.94,15.0,0.07,71.43,0.06,15.0,0.1,281.99,0.11,168.77,0.03,0.03,2324.841259,1776221808000
1776221809.511,109.511,0.92,37.0,0.91,25.0,0.93,31.76,0.94,15.0,0.07,31.76,0.06,15.0,0.08,52.0,0.09,25.0,0.01,0.01,2324.841259,1776221808000
1776221809.883,109.883,0.93,64.24,0.92,90.64,0.94,15.0,0.95,291.85,0.06,15.0,0.05,161.8,0.07,24.24,0.08,7.0,0.01,0.01,2324.841259,1776221808000
1776221810.104,110.104,0.93,16.71,0.92,90.64,0.94,15.0,0.95,596.85,0.06,15.0,0.05,291.85,0.07,64.24,0.08,90.64,0.01,0.01,2324.841259,1776221808000
1776221810.335,110.335,0.9,275.99,0.89,151.77,0.93,9.29,0.94,20.0,0.07,9.29,0.06,20.0,0.1,275.99,0.11,151.77,0.03,0.03,2324.889012,1776221809000
1776221810.535,110.535,0.91,21.66,0.9,237.99,0.93,14.79,0.94,20.0,0.07,4.79,0.06,20.0,0.09,20.0,0.1,285.99,0.02,0.02,2324.889012,1776221809000
1776221810.892,110.892,0.91,20.54,0.9,237.99,0.93,1.99,0.94,20.0,0.07,1.99,0.06,20.0,0.09,13.88,0.1,242.99,0.02,0.02,2324.889012,1776221809000
1776221811.097,111.097,0.91,17.22,0.9,237.99,0.93,1.99,0.94,20.0,0.07,1.99,0.06,20.0,0.1,242.99,0.11,162.77,0.02,0.03,2324.889012,1776221809000
1776221811.341,111.341,0.93,4.41,0.92,110.0,0.94,146.83,0.95,503.05,0.06,146.83,0.05,503.05,0.07,4.41,0.08,110.0,0.01,0.01,2325.046118,1776221810000
1776221811.759,111.759,0.92,106.25,0.91,112.22,0.93,108.75,0.94,41.83,0.07,10.0,0.06,41.83,0.08,96.25,0.09,112.22,0.01,0.01,2325.046118,1776221810000
1776221812.162,112.162,0.92,101.25,0.91,112.22,0.93,67.99,0.94,41.83,0.07,73.75,0.06,41.83,0.08,106.25,0.09,112.22,0.01,0.01,2325.094244,1776221811000
1776221813.064,113.064,0.92,101.25,0.91,112.22,0.93,67.99,0.94,41.83,0.07,67.99,0.06,41.83,0.08,101.25,0.09,112.22,0.01,0.01,2325.107143,1776221812000
1776221814.179,114.179,0.92,101.25,0.91,112.22,0.93,67.99,0.94,41.83,0.07,67.99,0.06,41.83,0.08,101.25,0.09,112.22,0.01,0.01,2325.101063,1776221813000
1776221815.265,115.265,0.92,101.25,0.91,112.22,0.93,67.99,0.94,41.83,0.07,67.99,0.06,41.83,0.08,101.25,0.09,112.22,0.01,0.01,2325.091174,1776221814000
1776221815.926,115.926,0.94,39.0,0.93,285.0,0.95,50.0,0.96,67.5,0.07,7.49,0.06,20.0,0.08,183.25,0.09,161.22,0.01,0.01,2325.091174,1776221814000
1776221816.392,116.392,0.94,221.0,0.93,264.0,0.95,40.28,0.96,72.5,0.05,40.28,0.04,72.5,0.06,221.0,0.07,264.0,0.01,0.01,2325.105127,1776221815000
1776221816.953,116.953,0.94,221.0,0.93,264.0,0.95,40.28,0.96,72.5,0.05,40.28,0.04,72.5,0.06,221.0,0.07,264.0,0.01,0.01,2325.126195,1776221816000
1776221817.771,117.771,0.94,146.0,0.93,178.0,0.95,65.48,0.96,77.5,0.05,40.28,0.04,72.5,0.06,221.0,0.07,264.0,0.01,0.01,2325.126195,1776221816000
1776221818.134,118.134,0.94,146.0,0.93,178.0,0.95,65.48,0.96,77.5,0.05,65.48,0.04,77.5,0.06,146.0,0.07,178.0,0.01,0.01,2325.417241,1776221817000
1776221819.197,119.197,0.94,133.0,0.93,178.0,0.95,60.48,0.96,77.5,0.05,65.48,0.04,77.5,0.06,146.0,0.07,178.0,0.01,0.01,2325.417241,1776221817000
1776221819.782,119.782,0.94,133.0,0.93,178.0,0.95,60.48,0.96,77.5,0.05,60.48,0.04,77.5,0.06,133.0,0.07,178.0,0.01,0.01,2325.443637,1776221818000
1776221820.829,120.829,0.94,133.0,0.93,178.0,0.95,60.48,0.96,77.5,0.05,60.48,0.04,77.5,0.06,133.0,0.07,178.0,0.01,0.01,2325.429844,1776221819000
1776221821.313,121.313,0.94,207.0,0.93,445.99,0.95,59.42,0.96,52.5,0.05,60.48,0.04,77.5,0.06,133.0,0.07,178.0,0.01,0.01,2325.429844,1776221819000
1776221821.648,121.648,0.94,207.0,0.93,445.99,0.95,59.42,0.96,52.5,0.05,59.42,0.04,52.5,0.06,207.0,0.07,445.99,0.01,0.01,2325.451651,1776221820000
1776221821.991,121.991,0.94,420.99,0.93,261.77,0.95,17.22,0.96,52.5,0.05,59.42,0.04,52.5,0.06,207.0,0.07,445.99,0.01,0.01,2325.451651,1776221820000
1776221822.45,122.45,0.94,420.99,0.93,261.77,0.95,17.22,0.96,52.5,0.05,17.22,0.04,52.5,0.06,420.99,0.07,261.77,0.01,0.01,2325.446653,1776221821000
1776221823.132,123.132,0.94,451.99,0.93,271.77,0.95,3.29,0.96,47.5,0.05,3.29,0.04,47.5,0.06,451.99,0.07,271.77,0.01,0.01,2325.556245,1776221822000
1776221823.99,123.99,0.94,571.93,0.93,292.07,0.95,0.29,0.96,42.5,0.05,3.29,0.04,47.5,0.06,451.99,0.07,271.77,0.01,0.01,2325.556245,1776221822000
1776221824.317,124.317,0.94,606.93,0.93,292.07,0.96,36.53,0.97,711.0,0.05,0.29,0.04,42.5,0.06,571.93,0.07,292.07,0.02,0.01,2325.556245,1776221822000
1776221824.665,124.665,0.95,331.7,0.94,358.71,0.96,36.53,0.97,711.0,0.04,36.53,0.03,711.0,0.06,606.93,0.07,292.07,0.01,0.02,2325.57525,1776221823000
1776221825.23,125.23,0.95,331.7,0.94,358.71,0.96,36.53,0.97,711.0,0.04,36.53,0.03,711.0,0.05,331.7,0.06,358.71,0.01,0.01,2325.584239,1776221824000
1776221825.503,125.503,0.96,14.52,0.95,372.7,0.97,406.0,0.98,783.7,0.04,60.73,0.03,706.0,0.05,351.7,0.06,348.71,0.01,0.01,2325.584239,1776221824000
1776221825.981,125.981,0.96,228.52,0.95,397.3,0.97,434.5,0.98,488.7,0.03,406.0,0.02,783.7,0.04,14.52,0.05,372.7,0.01,0.01,2325.584239,1776221824000
1776221826.786,126.786,0.96,228.52,0.95,397.3,0.97,434.5,0.98,488.7,0.03,434.5,0.02,488.7,0.04,228.52,0.05,397.3,0.01,0.01,2325.717695,1776221825000
1776221827.454,127.454,0.96,223.52,0.95,315.53,0.97,441.35,0.98,494.7,0.03,441.35,0.02,494.7,0.04,223.52,0.05,315.53,0.01,0.01,2325.781115,1776221826000
1776221828.119,128.119,0.96,262.77,0.95,360.99,0.97,423.16,0.98,1188.7,0.03,435.31,0.02,888.7,0.04,251.52,0.05,345.99,0.01,0.01,2325.781115,1776221826000
1776221828.329,128.329,0.96,262.77,0.95,360.99,0.97,423.16,0.98,1188.7,0.03,423.16,0.02,1188.7,0.04,262.77,0.05,360.99,0.01,0.01,2325.904611,1776221827000
1776221828.761,128.761,0.96,493.76,0.95,223.77,0.97,417.83,0.98,1195.02,0.03,423.16,0.02,1188.7,0.04,262.77,0.05,360.99,0.01,0.01,2325.904611,1776221827000
1776221829.138,129.138,0.96,410.76,0.95,223.77,0.97,289.83,0.98,1195.02,0.03,366.83,0.02,1195.02,0.04,498.76,0.05,223.77,0.01,0.01,2325.904611,1776221827000
1776221829.721,129.721,0.96,410.76,0.95,223.77,0.97,289.83,0.98,1195.02,0.03,289.83,0.02,1195.02,0.04,410.76,0.05,223.77,0.01,0.01,2325.895259,1776221828000
1776221830.556,130.556,0.96,410.76,0.95,223.77,0.97,289.83,0.98,1195.02,0.03,289.83,0.02,1195.02,0.04,410.76,0.05,223.77,0.01,0.01,2325.969333,1776221829000
1776221830.907,130.907,0.96,337.76,0.95,158.77,0.97,298.79,0.98,1195.02,0.03,289.83,0.02,1195.02,0.04,410.76,0.05,223.77,0.01,0.01,2325.969333,1776221829000
1776221831.145,131.145,0.96,72.52,0.95,312.99,0.97,298.79,0.98,523.02,0.03,298.79,0.02,1195.02,0.04,337.76,0.05,158.77,0.01,0.01,2325.969333,1776221829000
1776221831.594,131.594,0.96,18.0,0.95,5.0,0.97,297.61,0.98,1340.02,0.03,298.79,0.02,523.02,0.04,72.52,0.05,312.99,0.01,0.01,2326.024628,1776221830000
1776221832.694,132.694,0.96,18.0,0.95,5.0,0.97,297.61,0.98,1340.02,0.03,297.61,0.02,1340.02,0.04,18.0,0.05,5.0,0.01,0.01,2326.034065,1776221831000
1776221833.408,133.408,0.96,18.0,0.95,5.0,0.97,392.61,0.98,1079.02,0.03,392.61,0.02,1079.02,0.04,18.0,0.05,5.0,0.01,0.01,2325.850958,1776221832000
1776221833.989,133.989,0.96,18.0,0.95,194.99,0.97,287.28,0.98,1050.02,0.03,392.61,0.02,1079.02,0.04,18.0,0.05,5.0,0.01,0.01,2325.850958,1776221832000
1776221834.24,134.24,0.95,209.99,0.94,194.61,0.97,258.62,0.98,1004.02,0.03,287.28,0.02,1050.02,0.04,18.0,0.05,194.99,0.02,0.01,2325.755957,1776221833000
1776221835.561,135.561,0.95,209.99,0.94,194.61,0.97,258.62,0.98,1004.02,0.03,258.62,0.02,1004.02,0.05,209.99,0.06,194.61,0.02,0.02,2325.776569,1776221834000
1776221836.32,136.32,0.95,209.99,0.94,194.61,0.97,258.62,0.98,1004.02,0.03,258.62,0.02,1004.02,0.05,209.99,0.06,194.61,0.02,0.02,2325.776143,1776221835000
1776221837.028,137.028,0.95,209.99,0.94,194.61,0.97,258.62,0.98,1004.02,0.03,258.62,0.02,1004.02,0.05,209.99,0.06,194.61,0.02,0.02,2325.760492,1776221836000
1776221837.684,137.684,0.95,228.99,0.94,286.41,0.96,5.0,0.97,248.62,0.03,258.62,0.02,1004.02,0.05,209.99,0.06,194.61,0.01,0.02,2325.760492,1776221836000
1776221838.75,138.75,0.95,228.99,0.94,286.41,0.96,5.0,0.97,248.62,0.04,5.0,0.03,248.62,0.05,228.99,0.06,286.41,0.01,0.01,2325.775062,1776221837000
1776221839.21,139.21,0.95,228.99,0.94,286.41,0.96,5.0,0.97,248.62,0.04,5.0,0.03,248.62,0.05,228.99,0.06,286.41,0.01,0.01,2325.779634,1776221838000
1776221839.428,139.428,0.95,332.11,0.94,222.61,0.97,47.38,0.98,890.02,0.04,5.0,0.03,248.62,0.05,228.99,0.06,286.41,0.02,0.01,2325.779634,1776221838000
1776221840.334,140.334,0.95,332.11,0.94,222.61,0.97,47.38,0.98,890.02,0.03,47.38,0.02,890.02,0.05,332.11,0.06,222.61,0.02,0.02,2325.792815,1776221839000
1776221840.974,140.974,0.95,332.11,0.94,222.61,0.97,47.38,0.98,890.02,0.03,47.38,0.02,890.02,0.05,332.11,0.06,222.61,0.02,0.02,2325.789226,1776221840000
1776221841.732,141.732,0.95,61.12,0.94,78.94,0.96,21.0,0.97,625.74,0.03,47.38,0.02,890.02,0.05,332.11,0.06,222.61,0.01,0.02,2325.789226,1776221840000
1776221841.941,141.941,0.94,74.72,0.92,284.22,0.96,76.0,0.97,325.74,0.04,26.0,0.03,225.74,0.05,5.12,0.06,78.94,0.02,0.01,2325.789226,1776221840000
1776221843.032,143.032,0.94,35.72,0.92,100.0,0.95,74.0,0.96,424.57,0.04,76.0,0.03,325.74,0.06,74.72,0.08,284.22,0.01,0.02,2325.773486,1776221841000
1776221843.995,143.995,0.94,10.72,0.92,100.0,0.95,259.8,0.96,854.57,0.05,74.0,0.04,424.57,0.06,35.72,0.08,100.0,0.01,0.01,2325.65495,1776221842000
1776221844.264,144.264,0.94,5.55,0.92,100.0,0.95,418.9,0.96,694.8,0.05,418.9,0.04,694.8,0.06,5.55,0.08,100.0,0.01,0.01,2325.301123,1776221843000
1776221844.88,144.88,0.92,86.28,0.91,14.77,0.95,264.8,0.96,736.8,0.05,418.9,0.04,694.8,0.06,5.55,0.08,100.0,0.03,0.01,2325.301123,1776221843000
1776221845.345,145.345,0.92,86.28,0.91,14.77,0.95,264.8,0.96,736.8,0.05,264.8,0.04,736.8,0.08,86.28,0.09,14.77,0.03,0.03,2325.237775,1776221844000
1776221845.964,145.964,0.92,86.28,0.91,14.77,0.95,264.8,0.96,736.8,0.05,264.8,0.04,736.8,0.08,86.28,0.09,14.77,0.03,0.03,2325.158912,1776221845000
1776221846.367,146.367,0.92,76.28,0.91,64.77,0.93,77.46,0.94,120.0,0.07,115.0,0.06,115.0,0.08,76.28,0.09,44.77,0.01,0.01,2325.158912,1776221845000
1776221847.07,147.07,0.92,76.28,0.91,64.77,0.93,77.46,0.94,120.0,0.07,77.46,0.06,120.0,0.08,76.28,0.09,64.77,0.01,0.01,2325.099435,1776221846000
1776221847.401,147.401,0.92,141.27,0.91,64.77,0.93,10.0,0.94,20.0,0.07,77.46,0.06,120.0,0.08,76.28,0.09,64.77,0.01,0.01,2325.099435,1776221846000
1776221848.15,148.15,0.92,141.27,0.91,64.77,0.93,10.0,0.94,20.0,0.07,10.0,0.06,20.0,0.08,141.27,0.09,64.77,0.01,0.01,2325.084688,1776221847000
1776221849.088,149.088,0.92,173.27,0.91,80.75,0.93,7.5,0.94,20.0,0.07,10.0,0.06,20.0,0.08,141.27,0.09,64.77,0.01,0.01,2325.084688,1776221847000
1776221849.794,149.794,0.92,173.27,0.91,80.75,0.93,7.5,0.94,20.0,0.07,7.5,0.06,20.0,0.08,173.27,0.09,80.75,0.01,0.01,2325.064838,1776221849000
1776221850.991,150.991,0.92,173.27,0.91,80.75,0.93,7.5,0.94,20.0,0.07,7.5,0.06,20.0,0.08,173.27,0.09,80.75,0.01,0.01,2325.071056,1776221850000
1776221851.755,151.755,0.92,173.27,0.91,80.75,0.93,3.65,0.94,20.0,0.07,8.92,0.06,20.0,0.08,173.27,0.09,80.75,0.01,0.01,2325.071056,1776221850000
1776221852.142,152.142,0.92,173.27,0.91,80.75,0.93,0.52,0.94,20.0,0.07,0.52,0.06,20.0,0.08,173.27,0.09,80.75,0.01,0.01,2325.051507,1776221851000
1776221852.906,152.906,0.92,268.27,0.91,180.75,0.94,15.3,0.95,174.0,0.07,0.52,0.06,20.0,0.08,173.27,0.09,80.75,0.02,0.01,2325.051507,1776221851000
1776221853.235,153.235,0.92,268.27,0.91,180.75,0.94,15.3,0.95,174.0,0.06,15.3,0.05,174.0,0.08,268.27,0.09,180.75,0.02,0.02,2325.057511,1776221852000
1776221853.842,153.842,0.92,348.91,0.91,180.75,0.95,7.17,0.96,464.8,0.06,15.3,0.05,174.0,0.08,268.27,0.09,180.75,0.03,0.02,2325.057511,1776221852000
1776221854.096,154.096,0.92,348.91,0.91,180.75,0.95,7.17,0.96,464.8,0.05,7.17,0.04,464.8,0.08,348.91,0.09,180.75,0.03,0.03,2325.05668,1776221853000
1776221855.151,155.151,0.92,348.91,0.91,180.75,0.95,7.17,0.96,464.8,0.05,7.17,0.04,464.8,0.08,348.91,0.09,180.75,0.03,0.03,2325.056272,1776221854000
1776221856.247,156.247,0.92,348.91,0.91,180.75,0.95,7.17,0.96,464.8,0.05,7.17,0.04,464.8,0.08,348.91,0.09,180.75,0.03,0.03,2325.054452,1776221855000
1776221857.191,157.191,0.92,348.91,0.91,180.75,0.95,7.17,0.96,464.8,0.05,7.17,0.04,464.8,0.08,348.91,0.09,180.75,0.03,0.03,2325.064274,1776221856000
1776221858.173,158.173,0.92,348.91,0.91,180.75,0.95,7.17,0.96,464.8,0.05,7.17,0.04,464.8,0.08,348.91,0.09,180.75,0.03,0.03,2325.063995,1776221857000
1776221859.175,159.175,0.93,10.0,0.92,220.41,0.94,15.0,0.95,27.17,0.06,15.0,0.05,27.17,0.07,10.0,0.08,220.41,0.01,0.01,2325.061694,1776221858000
1776221860.13,160.13,0.93,10.0,0.92,220.41,0.94,15.0,0.95,27.17,0.06,15.0,0.05,27.17,0.07,10.0,0.08,220.41,0.01,0.01,2324.947338,1776221859000
1776221860.461,160.461,0.94,39.0,0.93,224.48,0.96,448.8,0.97,851.4,0.06,15.0,0.05,27.17,0.07,10.0,0.08,220.41,0.02,0.01,2324.947338,1776221859000
1776221861.184,161.184,0.94,39.0,0.93,224.48,0.96,448.8,0.97,851.4,0.04,448.8,0.03,851.4,0.06,39.0,0.07,224.48,0.02,0.02,2324.944194,1776221860000
1776221862.149,162.149,0.94,39.0,0.93,224.48,0.96,448.8,0.97,851.4,0.04,448.8,0.03,851.4,0.06,39.0,0.07,224.48,0.02,0.02,2325.042399,1776221861000
1776221862.901,162.901,0.95,20.0,0.94,342.98,0.96,82.15,0.97,592.4,0.04,448.8,0.03,851.4,0.06,39.0,0.07,224.48,0.01,0.02,2325.042399,1776221861000
1776221863.113,163.113,0.95,20.0,0.94,342.98,0.96,82.15,0.97,592.4,0.04,82.15,0.03,592.4,0.05,20.0,0.06,342.98,0.01,0.01,2325.104634,1776221862000
1776221864.065,164.065,0.95,20.0,0.94,342.98,0.96,82.15,0.97,592.4,0.04,82.15,0.03,592.4,0.05,20.0,0.06,342.98,0.01,0.01,2325.107398,1776221863000
1776221865.013,165.013,0.95,20.0,0.94,342.98,0.96,82.15,0.97,592.4,0.04,82.15,0.03,592.4,0.05,20.0,0.06,342.98,0.01,0.01,2325.116146,1776221864000
1776221865.797,165.797,0.95,281.99,0.94,227.98,0.96,45.0,0.97,81.04,0.04,82.15,0.03,592.4,0.05,20.0,0.06,342.98,0.01,0.01,2325.116146,1776221864000
1776221866.307,166.307,0.95,281.99,0.94,227.98,0.96,45.0,0.97,81.04,0.04,45.0,0.03,81.04,0.05,281.99,0.06,227.98,0.01,0.01,2325.138597,1776221865000
1776221866.792,166.792,0.95,343.99,0.94,297.78,0.96,35.0,0.97,42.38,0.04,45.0,0.03,81.04,0.05,281.99,0.06,227.98,0.01,0.01,2325.138597,1776221865000
1776221867.047,167.047,0.95,343.99,0.94,297.78,0.96,17.75,0.97,42.38,0.04,26.0,0.03,42.38,0.05,343.99,0.06,297.78,0.01,0.01,2325.138597,1776221865000
1776221867.704,167.704,0.95,343.99,0.94,297.78,0.96,17.75,0.97,42.38,0.04,17.75,0.03,42.38,0.05,343.99,0.06,297.78,0.01,0.01,2325.249543,1776221866000
1776221867.989,167.989,0.95,492.79,0.94,348.78,0.97,40.13,0.98,285.0,0.04,17.75,0.03,42.38,0.05,343.99,0.06,297.78,0.02,0.01,2325.249543,1776221866000
1776221868.283,168.283,0.95,492.79,0.94,348.78,0.97,40.13,0.98,285.0,0.03,40.13,0.02,285.0,0.05,492.79,0.06,348.78,0.02,0.02,2325.253966,1776221867000
1776221869.009,169.009,0.96,369.69,0.95,273.29,0.97,40.13,0.98,285.0,0.03,40.13,0.02,285.0,0.05,492.79,0.06,348.78,0.01,0.02,2325.253966,1776221867000
1776221869.393,169.393,0.96,369.69,0.95,273.29,0.97,20.31,0.98,285.0,0.03,20.31,0.02,285.0,0.04,369.69,0.05,273.29,0.01,0.01,2325.50301,1776221868000
1776221869.97,169.97,0.96,369.69,0.95,273.29,0.97,20.31,0.98,285.0,0.03,20.31,0.02,285.0,0.04,369.69,0.05,273.29,0.01,0.01,2325.507819,1776221869000
1776221871.08,171.08,0.96,369.69,0.95,273.29,0.97,20.31,0.98,285.0,0.03,20.31,0.02,285.0,0.04,369.69,0.05,273.29,0.01,0.01,2325.568223,1776221870000
1776221872.225,172.225,0.96,369.69,0.95,273.29,0.97,20.31,0.98,285.0,0.03,20.31,0.02,285.0,0.04,369.69,0.05,273.29,0.01,0.01,2325.58078,1776221871000
1776221873.383,173.383,0.96,369.69,0.95,273.29,0.97,20.31,0.98,285.0,0.03,20.31,0.02,285.0,0.04,369.69,0.05,273.29,0.01,0.01,2325.630246,1776221872000
1776221873.978,173.978,0.96,369.69,0.95,273.29,0.97,20.31,0.98,285.0,0.03,20.31,0.02,285.0,0.04,369.69,0.05,273.29,0.01,0.01,2325.640841,1776221873000
1776221874.474,174.474,0.96,402.96,0.95,305.8,0.97,44.98,0.98,991.32,0.03,20.31,0.02,285.0,0.04,369.69,0.05,273.29,0.01,0.01,2325.640841,1776221873000
1776221875.12,175.12,0.96,402.96,0.95,305.8,0.97,44.98,0.98,991.32,0.03,44.98,0.02,991.32,0.04,402.96,0.05,305.8,0.01,0.01,2325.644457,1776221874000
1776221876.236,176.236,0.96,402.96,0.95,305.8,0.97,44.98,0.98,991.32,0.03,44.98,0.02,991.32,0.04,402.96,0.05,305.8,0.01,0.01,2325.621692,1776221875000
1776221877.065,177.065,0.96,649.96,0.95,259.8,0.98,276.32,0.99,1657.53,0.03,44.98,0.02,991.32,0.04,402.96,0.05,305.8,0.02,0.01,2325.621692,1776221875000
1776221877.384,177.384,0.96,649.96,0.95,259.8,0.98,276.32,0.99,1657.53,0.02,276.32,0.01,1657.53,0.04,649.96,0.05,259.8,0.02,0.02,2325.6637,1776221876000
1776221878.066,178.066,0.97,538.69,0.96,347.69,0.98,330.79,0.99,1678.53,0.02,330.79,0.01,1678.53,0.03,538.69,0.04,347.69,0.01,0.01,2325.680725,1776221877000
1776221879.183,179.183,0.97,538.69,0.96,347.69,0.98,330.79,0.99,1678.53,0.02,330.79,0.01,1678.53,0.03,538.69,0.04,347.69,0.01,0.01,2325.9496,1776221878000
1776221880.374,180.374,0.97,532.69,0.96,323.36,0.98,320.68,0.99,2473.45,0.02,330.79,0.01,1678.53,0.03,538.69,0.04,347.69,0.01,0.01,2325.9496,1776221878000
1776221880.632,180.632,0.97,429.69,0.96,323.36,0.98,249.46,0.99,2474.45,0.02,310.46,0.01,2473.45,0.03,532.69,0.04,323.36,0.01,0.01,2325.9496,1776221878000
1776221882.094,182.094,0.97,429.69,0.96,323.36,0.98,249.46,0.99,2474.45,0.02,249.46,0.01,2474.45,0.03,429.69,0.04,323.36,0.01,0.01,2325.952298,1776221880000
1776221882.946,182.946,0.97,429.69,0.96,323.36,0.98,249.46,0.99,2474.45,0.02,249.46,0.01,2474.45,0.03,429.69,0.04,323.36,0.01,0.01,2325.94966,1776221881000
1776221883.455,183.455,0.97,462.35,0.96,279.37,0.98,249.46,0.99,2128.85,0.02,249.46,0.01,2474.45,0.03,429.69,0.04,323.36,0.01,0.01,2325.94966,1776221881000
1776221883.769,183.769,0.97,395.69,0.96,188.37,0.98,239.25,0.99,2228.85,0.02,249.46,0.01,2128.85,0.03,462.35,0.04,279.37,0.01,0.01,2325.94966,1776221881000
1776221884.83,184.83,0.97,395.69,0.96,188.37,0.98,239.25,0.99,2228.85,0.02,239.25,0.01,2228.85,0.03,395.69,0.04,188.37,0.01,0.01,2326.053759,1776221883000
1776221885.47,185.47,0.97,395.69,0.96,188.37,0.98,239.25,0.99,2228.85,0.02,239.25,0.01,2228.85,0.03,395.69,0.04,188.37,0.01,0.01,2326.064891,1776221884000
1776221886.22,186.22,0.97,395.69,0.96,188.37,0.98,239.25,0.99,2228.85,0.02,239.25,0.01,2228.85,0.03,395.69,0.04,188.37,0.01,0.01,2326.064891,1776221885000
1776221886.995,186.995,0.97,395.69,0.96,188.37,0.98,239.25,0.99,2228.85,0.02,239.25,0.01,2228.85,0.03,395.69,0.04,188.37,0.01,0.01,2326.070626,1776221886000
1776221887.677,187.677,0.97,0.53,0.96,20.0,0.98,349.25,0.99,2156.13,0.02,249.25,0.01,2757.45,0.03,365.73,0.04,167.37,0.01,0.01,2326.070626,1776221886000
1776221888.014,188.014,0.96,10.0,0.95,236.3,0.98,349.16,0.99,2156.13,0.02,354.25,0.01,2156.13,0.04,0.53,0.05,236.3,0.02,0.02,2326.070626,1776221886000
1776221888.25,188.25,0.96,10.0,0.95,236.3,0.98,349.16,0.99,2156.13,0.02,349.16,0.01,2156.13,0.04,10.0,0.05,236.3,0.02,0.02,2326.076687,1776221887000
1776221888.501,188.501,0.97,10.0,0.96,103.7,0.98,278.66,0.99,2151.13,0.02,349.16,0.01,2156.13,0.04,10.0,0.05,236.3,0.01,0.02,2326.076687,1776221887000
1776221889.737,189.737,0.97,10.0,0.96,103.7,0.98,278.66,0.99,2151.13,0.02,278.66,0.01,2151.13,0.03,10.0,0.04,103.7,0.01,0.01,2325.69519,1776221888000
1776221890.251,190.251,0.97,10.0,0.96,103.7,0.98,278.66,0.99,2151.13,0.02,278.66,0.01,2151.13,0.03,10.0,0.04,103.7,0.01,0.01,2325.605,1776221889000
1776221891.716,191.716,0.97,10.0,0.96,304.2,0.98,309.16,0.99,2653.6,0.02,309.16,0.01,2653.6,0.03,10.0,0.04,304.2,0.01,0.01,2325.65584,1776221890000
1776221892.206,192.206,0.97,10.0,0.96,304.2,0.98,309.16,0.99,2653.6,0.02,309.16,0.01,2653.6,0.03,10.0,0.04,304.2,0.01,0.01,2325.65584,1776221891000
1776221893.501,193.501,0.97,25.0,0.96,322.69,0.98,299.16,0.99,2127.6,0.02,309.16,0.01,2653.6,0.03,10.0,0.04,304.2,0.01,0.01,2325.65584,1776221891000
1776221894.291,194.291,0.97,25.0,0.96,322.69,0.98,299.16,0.99,2127.6,0.02,299.16,0.01,2127.6,0.03,25.0,0.04,322.69,0.01,0.01,2325.661913,1776221893000
1776221895.13,195.13,0.97,170.3,0.96,187.19,0.98,287.17,0.99,2843.6,0.02,299.16,0.01,2127.6,0.03,25.0,0.04,322.69,0.01,0.01,2325.661913,1776221893000
1776221895.811,195.811,0.97,170.3,0.96,187.19,0.98,287.17,0.99,2843.6,0.02,287.17,0.01,2843.6,0.03,170.3,0.04,187.19,0.01,0.01,2325.702634,1776221894000
1776221896.378,196.378,0.97,0.31,0.96,142.99,0.98,482.19,0.99,2165.6,0.02,287.17,0.01,2843.6,0.03,170.3,0.04,187.19,0.01,0.01,2325.702634,1776221894000
1776221897.179,197.179,0.97,0.31,0.96,142.99,0.98,482.19,0.99,2165.6,0.02,482.19,0.01,2165.6,0.03,0.31,0.04,142.99,0.01,0.01,2325.665118,1776221896000
1776221897.64,197.64,0.96,10.0,0.95,84.67,0.97,85.69,0.98,787.19,0.02,482.19,0.01,2165.6,0.03,0.31,0.04,142.99,0.01,0.01,2325.665118,1776221896000
1776221898.52,198.52,0.96,88.31,0.95,220.17,0.97,190.69,0.98,782.19,0.03,85.69,0.02,787.19,0.04,10.0,0.05,84.67,0.01,0.01,2325.665118,1776221896000
1776221899.389,199.389,0.96,88.31,0.95,220.17,0.97,190.69,0.98,782.19,0.03,190.69,0.02,782.19,0.04,88.31,0.05,220.17,0.01,0.01,2325.377942,1776221898000
1776221900.619,200.619,0.96,88.31,0.95,220.17,0.97,190.69,0.98,782.19,0.03,190.69,0.02,782.19,0.04,88.31,0.05,220.17,0.01,0.01,2325.370319,1776221899000
1776221901.11,201.11,0.96,88.31,0.95,295.97,0.97,85.69,0.98,598.49,0.03,190.69,0.02,782.19,0.04,88.31,0.05,220.17,0.01,0.01,2325.370319,1776221899000
1776221902.598,202.598,0.96,88.31,0.95,295.97,0.97,85.69,0.98,598.49,0.03,85.69,0.02,598.49,0.04,88.31,0.05,295.97,0.01,0.01,2325.266965,1776221901000
1776221903.275,203.275,0.96,88.31,0.95,295.97,0.97,85.69,0.98,598.49,0.03,85.69,0.02,598.49,0.04,88.31,0.05,295.97,0.01,0.01,2325.267088,1776221902000
1776221903.737,203.737,0.96,345.3,0.95,271.29,0.98,192.17,0.99,1956.6,0.03,85.69,0.02,598.49,0.04,88.31,0.05,295.97,0.02,0.01,2325.267088,1776221902000
1776221904.673,204.673,0.96,345.3,0.95,271.29,0.98,192.17,0.99,1956.6,0.02,192.17,0.01,1956.6,0.04,345.3,0.05,271.29,0.02,0.02,2325.347547,1776221903000
1776221905.178,205.178,0.96,356.3,0.95,271.29,0.98,189.42,0.99,1961.6,0.02,186.17,0.01,1961.6,0.04,345.3,0.05,271.29,0.02,0.02,2325.347547,1776221903000
1776221905.955,205.955,0.96,356.3,0.95,271.29,0.98,189.42,0.99,1961.6,0.02,189.42,0.01,1961.6,0.04,356.3,0.05,271.29,0.02,0.02,2325.203848,1776221905000
1776221906.685,206.685,0.97,115.0,0.96,385.3,0.98,111.57,0.99,1801.6,0.02,189.42,0.01,1961.6,0.04,356.3,0.05,271.29,0.01,0.02,2325.203848,1776221905000
1776221907.179,207.179,0.97,265.5,0.96,254.8,0.98,101.57,0.99,1801.6,0.02,101.57,0.01,1801.6,0.03,265.5,0.04,254.8,0.01,0.01,2325.259647,1776221906000
1776221907.924,207.924,0.97,170.0,0.96,348.5,0.98,143.07,0.99,1801.6,0.02,101.57,0.01,1801.6,0.03,265.5,0.04,254.8,0.01,0.01,2325.259647,1776221906000
1776221908.452,208.452,0.97,170.0,0.96,348.5,0.98,143.07,0.99,1801.6,0.02,143.07,0.01,1801.6,0.03,170.0,0.04,348.5,0.01,0.01,2325.343239,1776221907000
1776221908.994,208.994,0.97,170.0,0.96,348.5,0.98,143.07,0.99,1801.6,0.02,143.07,0.01,1801.6,0.03,170.0,0.04,348.5,0.01,0.01,2325.36997,1776221908000
1776221910.137,210.137,0.97,170.0,0.96,348.5,0.98,143.07,0.99,1801.6,0.02,143.07,0.01,1801.6,0.03,170.0,0.04,348.5,0.01,0.01,2325.389791,1776221909000
1776221911.004,211.004,0.97,197.49,0.96,348.5,0.98,122.66,0.99,2201.6,0.02,143.07,0.01,1801.6,0.03,170.0,0.04,348.5,0.01,0.01,2325.389791,1776221909000
1776221911.35,211.35,0.97,197.49,0.96,348.5,0.98,122.66,0.99,2201.6,0.02,122.66,0.01,2201.6,0.03,197.49,0.04,348.5,0.01,0.01,2325.410782,1776221910000
1776221911.907,211.907,0.97,197.49,0.96,348.5,0.98,122.66,0.99,2201.6,0.02,122.66,0.01,2201.6,0.03,197.49,0.04,348.5,0.01,0.01,2325.410782,1776221911000
1776221912.803,212.803,0.97,210.49,0.96,353.5,0.98,76.66,0.99,2201.6,0.02,122.66,0.01,2201.6,0.03,197.49,0.04,348.5,0.01,0.01,2325.410782,1776221911000
1776221913.012,213.012,0.97,210.49,0.96,353.5,0.98,76.66,0.99,2201.6,0.02,76.66,0.01,2201.6,0.03,210.49,0.04,353.5,0.01,0.01,2325.437695,1776221912000
1776221914.127,214.127,0.97,210.49,0.96,353.5,0.98,76.66,0.99,2201.6,0.02,76.66,0.01,2201.6,0.03,210.49,0.04,353.5,0.01,0.01,2325.421297,1776221913000
1776221915.332,215.332,0.97,210.49,0.96,353.5,0.98,76.66,0.99,2201.6,0.02,76.66,0.01,2201.6,0.03,210.49,0.04,353.5,0.01,0.01,2325.427071,1776221914000
1776221916.46,216.46,0.97,210.49,0.96,353.5,0.98,76.66,0.99,2201.6,0.02,76.66,0.01,2201.6,0.03,210.49,0.04,353.5,0.01,0.01,2325.405096,1776221915000
1776221917.127,217.127,0.97,210.49,0.96,353.5,0.98,76.66,0.99,2201.6,0.02,76.66,0.01,2201.6,0.03,210.49,0.04,353.5,0.01,0.01,2325.405096,1776221916000
1776221918.093,218.093,0.97,210.49,0.96,353.5,0.98,76.66,0.99,2201.6,0.02,76.66,0.01,2201.6,0.03,210.49,0.04,353.5,0.01,0.01,2325.4016,1776221917000
1776221919.229,219.229,0.97,573.69,0.96,399.5,0.99,2242.62,,,0.02,76.66,0.01,2201.6,0.03,210.49,0.04,353.5,0.02,0.01,2325.4016,1776221917000
1776221919.943,219.943,0.97,573.69,0.96,399.5,0.99,2242.62,,,0.01,2242.62,,,0.03,573.69,0.04,399.5,0.02,0.02,2325.393889,1776221919000
1776221920.228,220.228,0.98,143.0,0.97,557.69,0.99,2333.57,,,0.01,2338.57,,,0.02,164.0,0.03,573.69,0.01,0.01,2325.393889,1776221919000
1776221920.653,220.653,0.98,143.0,0.97,557.69,0.99,2318.41,,,0.01,2333.57,,,0.02,143.0,0.03,557.69,0.01,0.01,2325.393889,1776221919000
1776221921.369,221.369,0.98,143.0,0.97,557.69,0.99,2318.41,,,0.01,2318.41,,,0.02,143.0,0.03,557.69,0.01,0.01,2325.467991,1776221920000
1776221922.077,222.077,0.98,143.0,0.97,562.69,0.99,2309.27,,,0.01,2309.27,,,0.02,143.0,0.03,562.69,0.01,0.01,2325.457301,1776221921000
1776221922.553,222.553,0.98,143.0,0.97,557.69,0.99,1357.37,,,0.01,2065.69,,,0.02,143.0,0.03,557.69,0.01,0.01,2325.457301,1776221921000
1776221922.941,222.941,0.98,143.0,0.97,557.69,0.99,1351.37,,,0.01,1357.37,,,0.02,143.0,0.03,557.69,0.01,0.01,2325.457301,1776221921000
1776221923.147,223.147,0.98,143.0,0.97,557.69,0.99,1351.37,,,0.01,1351.37,,,0.02,143.0,0.03,557.69,0.01,0.01,2325.427854,1776221922000
1776221924.394,224.394,0.98,273.13,0.97,422.19,0.99,1351.37,,,0.01,1351.37,,,0.02,273.13,0.03,422.19,0.01,0.01,2325.431338,1776221923000
1776221924.915,224.915,0.98,273.13,0.97,422.19,0.99,1351.37,,,0.01,1351.37,,,0.02,273.13,0.03,422.19,0.01,0.01,2325.435708,1776221924000
1776221925.304,225.304,0.98,330.45,0.97,449.19,0.99,1336.37,,,0.01,1351.37,,,0.02,273.13,0.03,422.19,0.01,0.01,2325.435708,1776221924000
1776221926.094,226.094,0.98,330.45,0.97,449.19,0.99,1326.26,,,0.01,1326.26,,,0.02,330.45,0.03,449.19,0.01,0.01,2325.479463,1776221925000
1776221927.196,227.196,0.98,330.45,0.97,449.19,0.99,1326.26,,,0.01,1326.26,,,0.02,330.45,0.03,449.19,0.01,0.01,2325.485232,1776221926000
1776221927.867,227.867,0.98,564.15,0.97,440.69,0.99,1028.55,,,0.01,929.58,,,0.02,564.15,0.03,440.69,0.01,0.01,2325.485232,1776221926000
1776221928.436,228.436,0.99,1602.51,0.98,564.15,,,,,,,,,0.01,1602.51,0.02,564.15,,,2325.485387,1776221927000
1776221928.94,228.94,0.99,1778.51,0.98,564.15,,,,,,,,,0.01,1602.51,0.02,564.15,,,2325.485387,1776221927000
1776221929.387,229.387,0.99,1573.51,0.98,559.15,,,,,,,,,0.01,1778.51,0.02,564.15,,,2325.557269,1776221928000
1776221930.061,230.061,0.99,1273.51,0.98,559.15,,,,,,,,,0.01,1273.51,0.02,559.15,,,2325.617096,1776221929000
1776221931.435,231.435,0.99,883.51,0.98,559.15,,,,,,,,,0.01,883.51,0.02,559.15,,,2325.729205,1776221930000
1776221932.527,232.527,0.99,883.51,0.98,559.15,,,,,,,,,0.01,883.51,0.02,559.15,,,2325.715786,1776221931000
1776221933.248,233.248,0.99,883.51,0.98,559.15,,,,,,,,,0.01,883.51,0.02,559.15,,,2325.721964,1776221932000
1776221934.057,234.057,0.99,751.48,0.98,429.2,,,,,,,,,0.01,883.51,0.02,559.15,,,2325.721964,1776221932000
1776221934.772,234.772,0.99,751.48,0.98,429.2,,,,,,,,,0.01,751.48,0.02,429.2,,,2325.744835,1776221933000
1776221935.412,235.412,0.99,751.48,0.98,429.2,,,,,,,,,0.01,751.48,0.02,429.2,,,2325.73675,1776221934000
1776221936.204,236.204,0.99,751.48,0.98,429.2,,,,,,,,,0.01,751.48,0.02,429.2,,,2325.660166,1776221935000
1776221936.652,236.652,0.99,731.48,0.98,429.2,,,,,,,,,0.01,751.48,0.02,429.2,,,2325.660166,1776221935000
1776221937.488,237.488,0.99,731.48,0.98,429.2,,,,,,,,,0.01,731.48,0.02,429.2,,,2325.538719,1776221936000
1776221938.173,238.173,0.99,731.48,0.98,429.2,,,,,,,,,0.01,731.48,0.02,429.2,,,2325.538317,1776221937000
1776221939.131,239.131,0.99,626.48,0.98,429.2,,,,,,,,,0.01,731.48,0.02,429.2,,,2325.538317,1776221937000
1776221939.523,239.523,0.99,626.48,0.98,429.2,,,,,,,,,0.01,626.48,0.02,429.2,,,2325.546631,1776221938000
1776221940.168,240.168,0.99,626.48,0.98,429.2,,,,,,,,,0.01,626.48,0.02,429.2,,,2325.547607,1776221939000
1776221941.543,241.543,0.99,626.48,0.98,429.2,,,,,,,,,0.01,626.48,0.02,429.2,,,2325.559557,1776221940000
1776221942.177,242.177,0.99,626.48,0.98,429.2,,,,,,,,,0.01,626.48,0.02,429.2,,,2325.559572,1776221941000
1776221942.822,242.822,0.99,687.75,0.98,184.99,,,,,,,,,0.01,626.48,0.02,429.2,,,2325.559572,1776221941000
1776221943.423,243.423,0.99,667.75,0.98,184.99,,,,,,,,,0.01,667.75,0.02,184.99,,,2325.561434,1776221942000
1776221944.328,244.328,0.99,667.75,0.98,184.99,,,,,,,,,0.01,667.75,0.02,184.99,,,2325.558761,1776221943000
1776221945.525,245.525,0.99,667.75,0.98,184.99,,,,,,,,,0.01,667.75,0.02,184.99,,,2325.400931,1776221944000
1776221946.193,246.193,0.99,667.75,0.98,184.99,,,,,,,,,0.01,667.75,0.02,184.99,,,2325.465936,1776221945000
1776221947.472,247.472,0.99,667.75,0.98,184.99,,,,,,,,,0.01,667.75,0.02,184.99,,,2325.387799,1776221946000
1776221947.891,247.891,0.99,680.81,0.98,402.69,,,,,,,,,0.01,667.75,0.02,184.99,,,2325.387799,1776221946000
1776221948.322,248.322,0.99,680.81,0.98,402.69,,,,,,,,,0.01,680.81,0.02,402.69,,,2325.387794,1776221947000
1776221950.128,250.128,0.99,680.81,0.98,402.69,,,,,,,,,0.01,680.81,0.02,402.69,,,2325.481517,1776221949000
1776221951.252,251.252,0.99,680.81,0.98,402.69,,,,,,,,,0.01,680.81,0.02,402.69,,,2325.469187,1776221950000
1776221952.93,252.93,0.99,680.81,0.98,402.69,,,,,,,,,0.01,680.81,0.02,402.69,,,2325.450438,1776221951000
1776221953.497,253.497,0.99,680.81,0.98,402.69,,,,,,,,,0.01,680.81,0.02,402.69,,,2325.422919,1776221952000
1776221954.454,254.454,0.99,680.81,0.98,402.69,,,,,,,,,0.01,680.81,0.02,402.69,,,2325.421883,1776221953000
1776221954.994,254.994,0.99,680.81,0.98,402.69,,,,,,,,,0.01,680.81,0.02,402.69,,,2325.422155,1776221954000
1776221956.328,256.328,0.99,680.81,0.98,402.69,,,,,,,,,0.01,680.81,0.02,402.69,,,2325.429007,1776221955000
1776221957.504,257.504,0.99,680.81,0.98,402.69,,,,,,,,,0.01,680.81,0.02,402.69,,,2325.417791,1776221956000
1776221958.171,258.171,0.99,680.81,0.98,402.69,,,,,,,,,0.01,680.81,0.02,402.69,,,2325.406321,1776221957000
1776221959.117,259.117,0.99,700.19,0.98,462.69,,,,,,,,,0.01,680.81,0.02,402.69,,,2325.406321,1776221957000
1776221959.568,259.568,0.99,700.19,0.98,462.69,,,,,,,,,0.01,700.19,0.02,462.69,,,2325.420388,1776221958000
1776221960.199,260.199,0.99,700.19,0.98,462.69,,,,,,,,,0.01,700.19,0.02,462.69,,,2325.373111,1776221959000
1776221961.419,261.419,0.99,700.19,0.98,462.69,,,,,,,,,0.01,700.19,0.02,462.69,,,2325.31122,1776221960000
1776221962.109,262.109,0.99,700.19,0.98,462.69,,,,,,,,,0.01,700.19,0.02,462.69,,,2325.315099,1776221961000
1776221963.307,263.307,0.99,700.19,0.98,462.69,,,,,,,,,0.01,700.19,0.02,462.69,,,2325.262534,1776221962000
1776221964.025,264.025,0.99,700.19,0.98,462.69,,,,,,,,,0.01,700.19,0.02,462.69,,,2325.262469,1776221963000
1776221965.215,265.215,0.99,700.19,0.98,462.69,,,,,,,,,0.01,700.19,0.02,462.69,,,2325.251029,1776221964000
1776221966.797,266.797,0.99,700.19,0.98,462.69,,,,,,,,,0.01,700.19,0.02,462.69,,,2325.280015,1776221965000
1776221967.335,267.335,0.99,700.19,0.98,462.69,,,,,,,,,0.01,700.19,0.02,462.69,,,2325.276377,1776221966000
1776221968.316,268.316,0.99,700.19,0.98,462.69,,,,,,,,,0.01,700.19,0.02,462.69,,,2325.326756,1776221967000
1776221969.314,269.314,0.99,700.19,0.98,462.69,,,,,,,,,0.01,700.19,0.02,462.69,,,2325.490339,1776221968000
1776221970.312,270.312,0.99,700.19,0.98,462.69,,,,,,,,,0.01,700.19,0.02,462.69,,,2325.740362,1776221969000
1776221971.309,271.309,0.99,700.19,0.98,462.69,,,,,,,,,0.01,700.19,0.02,462.69,,,2325.753144,1776221970000
1776221972.34,272.34,0.99,700.19,0.98,462.69,,,,,,,,,0.01,700.19,0.02,462.69,,,2325.760783,1776221971000
1776221973.441,273.441,0.99,700.19,0.98,462.69,,,,,,,,,0.01,700.19,0.02,462.69,,,2325.739754,1776221972000
1776221973.937,273.937,0.99,700.19,0.98,462.69,,,,,,,,,0.01,700.19,0.02,462.69,,,2325.798129,1776221973000
1776221975.008,275.008,0.99,700.19,0.98,462.69,,,,,,,,,0.01,700.19,0.02,462.69,,,2325.817422,1776221974000
1776221976.024,276.024,0.99,700.19,0.98,462.69,,,,,,,,,0.01,700.19,0.02,462.69,,,2325.81848,1776221975000
1776221977.1,277.1,0.99,700.19,0.98,462.69,,,,,,,,,0.01,700.19,0.02,462.69,,,2325.818867,1776221976000
1776221978.087,278.087,0.99,700.19,0.98,462.69,,,,,,,,,0.01,700.19,0.02,462.69,,,2325.820156,1776221977000
1776221979.064,279.064,0.99,700.19,0.98,462.69,,,,,,,,,0.01,700.19,0.02,462.69,,,2325.815306,1776221978000
1776221980.149,280.149,0.99,700.19,0.98,462.69,,,,,,,,,0.01,700.19,0.02,462.69,,,2325.584595,1776221979000
1776221981.279,281.279,0.99,700.19,0.98,462.69,,,,,,,,,0.01,700.19,0.02,462.69,,,2325.563209,1776221980000
1776221982.293,282.293,0.99,700.19,0.98,462.69,,,,,,,,,0.01,700.19,0.02,462.69,,,2325.600434,1776221981000
1776221982.891,282.891,0.99,700.19,0.98,462.69,,,,,,,,,0.01,700.19,0.02,462.69,,,2325.601214,1776221982000
1776221984.023,284.023,0.99,700.19,0.98,462.69,,,,,,,,,0.01,700.19,0.02,462.69,,,2325.627501,1776221983000
1776221985.082,285.082,0.99,700.19,0.98,462.69,,,,,,,,,0.01,700.19,0.02,462.69,,,2325.593342,1776221984000
1776221986.161,286.161,0.99,700.19,0.98,462.69,,,,,,,,,0.01,700.19,0.02,462.69,,,2325.577098,1776221985000
1776221987.196,287.196,0.99,700.19,0.98,462.69,,,,,,,,,0.01,700.19,0.02,462.69,,,2325.568033,1776221986000
1776221988.296,288.296,0.99,700.19,0.98,462.69,,,,,,,,,0.01,700.19,0.02,462.69,,,2325.544573,1776221987000
1776221989.311,289.311,0.99,700.19,0.98,462.69,,,,,,,,,0.01,700.19,0.02,462.69,,,2325.584095,1776221988000
1776221990.351,290.351,0.99,700.19,0.98,462.69,,,,,,,,,0.01,700.19,0.02,462.69,,,2325.60231,1776221989000
1776221990.943,290.943,0.99,700.19,0.98,462.69,,,,,,,,,0.01,700.19,0.02,462.69,,,2325.60227,1776221990000
1776221991.901,291.901,0.99,700.19,0.98,462.69,,,,,,,,,0.01,700.19,0.02,462.69,,,2325.596537,1776221991000
1776221993.062,293.062,0.99,700.19,0.98,462.69,,,,,,,,,0.01,700.19,0.02,462.69,,,2325.652154,1776221992000
1776221994.022,294.022,0.99,700.19,0.98,462.69,,,,,,,,,0.01,700.19,0.02,462.69,,,2325.565225,1776221993000
1776221995.296,295.296,0.99,700.19,0.98,462.69,,,,,,,,,0.01,700.19,0.02,462.69,,,2325.468491,1776221994000
1776221996.261,296.261,0.99,700.19,0.98,462.69,,,,,,,,,0.01,700.19,0.02,462.69,,,2325.470987,1776221995000
1776221997.269,297.269,0.99,700.19,0.98,462.69,,,,,,,,,0.01,700.19,0.02,462.69,,,2325.527782,1776221996000
1776221998.387,298.387,0.99,700.19,0.98,462.69,,,,,,,,,0.01,700.19,0.02,462.69,,,2325.539619,1776221997000
1776221998.877,298.877,0.99,700.19,0.98,462.69,,,,,,,,,0.01,700.19,0.02,462.69,,,2325.539862,1776221998000
1776221999.84,299.84,0.99,700.19,0.98,462.69,,,,,,,,,0.01,700.19,0.02,462.69,,,2325.593479,1776221999000
1776222000.919,300.919,0.99,700.19,0.98,462.69,,,,,,,,,0.01,700.19,0.02,462.69,,,2325.622205,1776222000000
1776222001.941,301.941,0.99,700.19,0.98,462.69,,,,,,,,,0.01,700.19,0.02,462.69,,,2325.639032,1776222001000

# RESULT,winner=Up,slug=eth-updown-5m-1776221700,ticks=429
