timestamp,elapsed_sec,up_bid_p1,up_bid_s1,up_bid_p2,up_bid_s2,up_ask_p1,up_ask_s1,up_ask_p2,up_ask_s2,down_bid_p1,down_bid_s1,down_bid_p2,down_bid_s2,down_ask_p1,down_ask_s1,down_ask_p2,down_ask_s2,up_spread,down_spread,eth_price,eth_oracle_ts
1776231901.348,1.348,,,,,,,,,,,,,,,,,,,2318.646,1776231900000
1776231901.785,1.785,0.53,33.72,0.52,17.87,0.54,13.14,0.55,70.0,0.46,5.0,0.45,70.0,0.47,33.72,0.48,17.87,0.01,0.01,2318.646,1776231900000
1776231902.705,2.705,0.53,33.72,0.52,17.87,0.54,11.29,0.55,74.77,0.45,69.77,0.44,13.0,0.47,38.72,0.48,17.87,0.01,0.02,2318.647,1776231901000
1776231903.109,3.109,0.53,24.72,0.52,17.87,0.54,11.29,0.55,74.77,0.46,11.29,0.45,74.77,0.47,24.72,0.48,17.87,0.01,0.01,2318.709425,1776231902000
1776231903.408,3.408,0.53,30.72,0.52,32.87,0.54,4.24,0.55,151.85,0.45,81.85,0.44,38.0,0.47,24.72,0.48,32.87,0.01,0.02,2318.709425,1776231902000
1776231904.234,4.234,0.53,40.72,0.52,59.01,0.55,149.47,0.56,88.0,0.46,4.24,0.45,151.85,0.47,30.72,0.48,32.87,0.02,0.01,2318.709425,1776231902000
1776231904.849,4.849,0.53,35.72,0.52,59.01,0.54,12.88,0.55,154.47,0.45,149.47,0.44,88.0,0.47,40.72,0.48,59.01,0.01,0.02,2318.708933,1776231903000
1776231905.319,5.319,0.53,35.72,0.52,59.01,0.54,12.88,0.55,154.47,0.46,12.88,0.45,154.47,0.47,35.72,0.48,59.01,0.01,0.01,2318.687952,1776231904000
1776231905.552,5.552,0.53,35.72,0.52,54.01,0.54,7.69,0.55,154.47,0.46,12.88,0.45,154.47,0.47,35.72,0.48,59.01,0.01,0.01,2318.687952,1776231904000
1776231905.935,5.935,0.53,40.72,0.52,54.01,0.54,7.13,0.55,164.47,0.46,7.13,0.45,164.47,0.47,40.72,0.48,54.01,0.01,0.01,2318.681203,1776231905000
1776231906.487,6.487,0.53,40.72,0.52,54.01,0.54,19.81,0.55,164.47,0.46,7.13,0.45,164.47,0.47,40.72,0.48,54.01,0.01,0.01,2318.681203,1776231905000
1776231906.942,6.942,0.53,40.72,0.52,54.01,0.54,19.81,0.55,164.47,0.46,19.81,0.45,164.47,0.47,40.72,0.48,54.01,0.01,0.01,2318.691464,1776231906000
1776231907.386,7.386,0.53,32.72,0.52,54.01,0.54,29.81,0.55,169.47,0.46,19.81,0.45,164.47,0.47,40.72,0.48,54.01,0.01,0.01,2318.691464,1776231906000
1776231908.085,8.085,0.53,32.72,0.52,54.01,0.54,29.81,0.55,169.47,0.46,29.81,0.45,169.47,0.47,32.72,0.48,54.01,0.01,0.01,2318.702052,1776231907000
1776231908.93,8.93,0.53,32.72,0.52,54.01,0.54,29.81,0.55,169.47,0.46,29.81,0.45,169.47,0.47,32.72,0.48,54.01,0.01,0.01,2318.712792,1776231908000
1776231909.318,9.318,0.53,32.72,0.52,54.01,0.54,13.79,0.55,169.47,0.46,29.81,0.45,169.47,0.47,32.72,0.48,54.01,0.01,0.01,2318.712792,1776231908000
1776231909.915,9.915,0.53,37.72,0.52,54.01,0.54,21.93,0.55,169.47,0.46,13.79,0.45,169.47,0.47,32.72,0.48,54.01,0.01,0.01,2318.712792,1776231908000
1776231910.19,10.19,0.53,37.72,0.52,54.01,0.54,21.93,0.55,169.47,0.46,21.93,0.45,169.47,0.47,37.72,0.48,54.01,0.01,0.01,2318.787193,1776231909000
1776231910.537,10.537,0.53,16.0,0.52,34.01,0.54,50.0,0.55,104.0,0.45,78.0,0.44,86.0,0.47,42.72,0.48,44.01,0.01,0.02,2318.787193,1776231909000
1776231910.772,10.772,0.53,16.0,0.52,34.01,0.54,73.97,0.55,104.0,0.46,50.0,0.45,104.0,0.47,16.0,0.48,34.01,0.01,0.01,2318.787193,1776231909000
1776231911.079,11.079,0.51,44.25,0.5,62.0,0.52,10.0,0.54,78.97,0.48,10.0,0.46,78.97,0.49,44.25,0.5,62.0,0.01,0.01,2318.785955,1776231910000
1776231911.612,11.612,0.51,59.25,0.5,67.0,0.52,71.15,0.53,28.0,0.48,10.0,0.46,78.97,0.49,44.25,0.5,62.0,0.01,0.01,2318.785955,1776231910000
1776231912.124,12.124,0.51,59.25,0.5,67.0,0.52,71.15,0.53,28.0,0.48,71.15,0.47,28.0,0.49,59.25,0.5,67.0,0.01,0.01,2318.770127,1776231911000
1776231912.327,12.327,0.38,5.59,0.37,15.0,0.41,10.0,0.42,15.0,0.58,5.0,0.57,5.0,0.62,6.8,0.63,15.0,0.03,0.04,2318.770127,1776231911000
1776231912.614,12.614,0.4,12.5,0.39,15.0,0.42,29.0,0.43,15.0,0.59,10.0,0.58,15.0,0.62,5.49,0.63,15.0,0.02,0.03,2318.770127,1776231911000
1776231913.035,13.035,0.4,5.91,0.39,15.0,0.41,15.0,0.42,29.0,0.59,15.0,0.58,29.0,0.6,5.91,0.61,15.0,0.01,0.01,2318.677002,1776231912000
1776231914.118,14.118,0.4,5.91,0.39,15.0,0.41,15.0,0.42,29.0,0.59,15.0,0.58,29.0,0.6,5.91,0.61,15.0,0.01,0.01,2318.2713,1776231913000
1776231914.713,14.713,0.4,83.41,0.39,38.0,0.41,37.56,0.42,35.0,0.59,15.0,0.58,29.0,0.6,5.91,0.61,15.0,0.01,0.01,2318.2713,1776231913000
1776231915.014,15.014,0.4,83.41,0.39,66.0,0.41,25.42,0.42,35.0,0.59,37.56,0.58,35.0,0.6,83.41,0.61,38.0,0.01,0.01,2318.2713,1776231913000
1776231915.44,15.44,0.4,58.41,0.39,39.0,0.41,27.27,0.42,30.0,0.59,25.42,0.58,35.0,0.6,83.41,0.61,66.0,0.01,0.01,2318.093005,1776231914000
1776231916.074,16.074,0.4,58.41,0.39,39.0,0.41,27.27,0.42,30.0,0.59,27.27,0.58,30.0,0.6,58.41,0.61,39.0,0.01,0.01,2318.02611,1776231915000
1776231917.038,17.038,0.4,58.41,0.39,39.0,0.41,27.27,0.42,30.0,0.59,27.27,0.58,30.0,0.6,58.41,0.61,39.0,0.01,0.01,2317.988906,1776231916000
1776231917.438,17.438,0.4,81.56,0.39,44.0,0.41,5.0,0.42,5.0,0.59,27.27,0.58,30.0,0.6,58.41,0.61,39.0,0.01,0.01,2317.988906,1776231916000
1776231917.949,17.949,0.4,74.06,0.39,39.0,0.41,10.0,0.42,15.0,0.59,5.0,0.58,5.0,0.6,81.56,0.61,44.0,0.01,0.01,2317.988906,1776231916000
1776231918.217,18.217,0.4,64.06,0.39,24.0,0.41,15.0,0.42,15.0,0.59,10.0,0.58,15.0,0.6,74.06,0.61,39.0,0.01,0.01,2318.078489,1776231917000
1776231918.754,18.754,0.4,48.06,0.39,24.0,0.41,20.0,0.42,15.0,0.59,15.0,0.58,15.0,0.6,64.06,0.61,24.0,0.01,0.01,2318.078489,1776231917000
1776231919.029,19.029,0.4,48.06,0.39,24.0,0.41,20.0,0.42,15.0,0.59,20.0,0.58,15.0,0.6,48.06,0.61,24.0,0.01,0.01,2317.987072,1776231918000
1776231919.266,19.266,0.43,1073.51,0.42,5.0,0.44,50.0,0.45,49.55,0.56,25.0,0.55,33.0,0.57,1032.23,0.6,30.5,0.01,0.01,2317.987072,1776231918000
1776231919.536,19.536,0.43,1023.51,0.42,5.0,0.44,59.88,0.45,49.55,0.56,39.88,0.55,49.55,0.57,1078.51,0.58,5.0,0.01,0.01,2317.987072,1776231918000
1776231920.015,20.015,0.43,850.51,0.42,5.0,0.44,54.88,0.45,49.55,0.56,54.88,0.55,49.55,0.57,850.51,0.58,5.0,0.01,0.01,2317.925974,1776231919000
1776231920.648,20.648,0.43,860.51,0.42,5.0,0.44,60.74,0.45,54.55,0.56,54.88,0.55,49.55,0.57,850.51,0.58,5.0,0.01,0.01,2317.925974,1776231919000
1776231920.991,20.991,0.43,854.8,0.42,5.0,0.44,66.74,0.45,54.55,0.56,66.74,0.55,54.55,0.57,854.8,0.58,5.0,0.01,0.01,2318.053642,1776231920000
1776231922.14,22.14,0.43,854.8,0.42,5.0,0.44,66.74,0.45,54.55,0.56,66.74,0.55,54.55,0.57,854.8,0.58,5.0,0.01,0.01,2318.031196,1776231921000
1776231923.107,23.107,0.43,854.8,0.42,5.0,0.44,66.74,0.45,54.55,0.56,66.74,0.55,54.55,0.57,854.8,0.58,5.0,0.01,0.01,2317.927902,1776231922000
1776231924.275,24.275,0.43,854.8,0.42,5.0,0.44,66.74,0.45,54.55,0.56,66.74,0.55,54.55,0.57,854.8,0.58,5.0,0.01,0.01,2317.903676,1776231923000
1776231925.463,25.463,0.43,854.8,0.42,5.0,0.44,66.74,0.45,54.55,0.56,66.74,0.55,54.55,0.57,854.8,0.58,5.0,0.01,0.01,2317.903001,1776231924000
1776231926.089,26.089,0.43,854.8,0.42,5.0,0.44,55.74,0.45,46.55,0.56,66.74,0.55,54.55,0.57,854.8,0.58,5.0,0.01,0.01,2317.903001,1776231924000
1776231926.534,26.534,0.43,849.8,0.42,5.0,0.44,57.89,0.45,46.55,0.56,55.74,0.55,46.55,0.57,854.8,0.58,5.0,0.01,0.01,2317.911279,1776231925000
1776231927.503,27.503,0.43,861.8,0.42,5.0,0.44,15.0,0.45,25.0,0.56,57.89,0.55,46.55,0.57,849.8,0.58,5.0,0.01,0.01,2317.911279,1776231925000
1776231928.175,28.175,0.43,861.8,0.42,5.0,0.44,15.0,0.45,25.0,0.56,15.0,0.55,25.0,0.57,861.8,0.58,5.0,0.01,0.01,2317.925654,1776231927000
1776231929.245,29.245,0.45,41.0,0.44,52.0,0.46,46.87,0.47,5.0,0.56,15.0,0.55,25.0,0.57,861.8,0.58,5.0,0.01,0.01,2317.925654,1776231927000
1776231929.609,29.609,0.45,51.0,0.44,47.0,0.46,36.87,0.47,5.0,0.54,36.87,0.52,15.0,0.55,51.0,0.56,47.0,0.01,0.01,2317.910179,1776231928000
1776231929.813,29.813,0.45,61.0,0.44,52.0,0.46,16.43,0.52,10.0,0.54,21.43,0.48,10.0,0.55,61.0,0.56,52.0,0.01,0.01,2317.910179,1776231928000
1776231930.231,30.231,0.45,61.0,0.44,52.0,0.46,6.02,0.5,5.0,0.54,6.02,0.5,5.0,0.55,61.0,0.56,52.0,0.01,0.01,2317.942102,1776231929000
1776231930.527,30.527,0.45,143.28,0.44,52.0,0.46,6.02,0.51,5.0,0.54,21.02,0.5,5.0,0.55,128.28,0.56,52.0,0.01,0.01,2317.942102,1776231929000
1776231930.843,30.843,0.5,20.0,0.49,15.0,0.51,10.0,0.52,5.0,0.54,6.02,0.49,5.0,0.55,143.28,0.56,52.0,0.01,0.01,2317.942102,1776231929000
1776231931.063,31.063,0.5,10.0,0.49,15.0,0.51,51.1,0.52,5.0,0.49,56.01,0.48,5.0,0.5,10.0,0.51,15.0,0.01,0.01,2317.942102,1776231929000
1776231931.547,31.547,0.5,10.0,0.49,15.0,0.51,51.41,0.52,5.0,0.49,51.41,0.48,5.0,0.5,10.0,0.51,15.0,0.01,0.01,2318.31231,1776231930000
1776231932.177,32.177,0.5,10.0,0.49,15.0,0.51,51.41,0.52,5.0,0.49,51.41,0.48,5.0,0.5,10.0,0.51,15.0,0.01,0.01,2318.4347,1776231931000
1776231933.108,33.108,0.51,13.2,0.5,76.0,0.52,30.0,0.53,5.0,0.49,51.41,0.48,5.0,0.5,10.0,0.51,15.0,0.01,0.01,2318.4347,1776231931000
1776231933.357,33.357,0.51,13.2,0.5,76.0,0.52,79.58,0.53,20.0,0.48,30.0,0.47,5.0,0.49,13.2,0.5,76.0,0.01,0.01,2318.4347,1776231931000
1776231934.133,34.133,0.51,13.2,0.5,76.0,0.52,79.58,0.53,20.0,0.48,79.58,0.47,20.0,0.49,13.2,0.5,76.0,0.01,0.01,2318.53925,1776231933000
1776231934.804,34.804,0.51,55.3,0.5,71.0,0.52,23.0,0.53,5.0,0.48,79.58,0.47,20.0,0.49,13.2,0.5,76.0,0.01,0.01,2318.53925,1776231933000
1776231935.005,35.005,0.54,10.0,0.53,15.0,0.55,0.9,0.56,15.0,0.45,10.0,0.44,15.0,0.47,5.0,0.48,5.0,0.01,0.02,2318.53925,1776231933000
1776231935.515,35.515,0.54,10.0,0.53,15.0,0.55,0.9,0.56,15.0,0.45,0.9,0.44,15.0,0.46,10.0,0.47,15.0,0.01,0.01,2318.523025,1776231934000
1776231936.054,36.054,0.55,10.0,0.54,67.0,0.57,64.93,0.58,5.0,0.45,0.9,0.44,15.0,0.46,10.0,0.47,15.0,0.02,0.01,2318.523025,1776231934000
1776231936.296,36.296,0.56,28.0,0.55,10.0,0.57,35.93,0.58,20.0,0.43,64.93,0.42,5.0,0.45,10.0,0.46,67.0,0.01,0.02,2318.528155,1776231935000
1776231936.825,36.825,0.59,510.26,0.56,38.0,0.6,15.0,0.61,65.0,0.43,35.93,0.42,20.0,0.44,28.0,0.45,10.0,0.01,0.01,2318.528155,1776231935000
1776231937.104,37.104,0.59,543.26,0.58,5.0,0.6,9.91,0.61,71.0,0.4,15.0,0.39,65.0,0.41,510.26,0.44,38.0,0.01,0.01,2318.528155,1776231935000
1776231937.554,37.554,0.59,543.26,0.58,5.0,0.6,9.91,0.61,71.0,0.4,9.91,0.39,71.0,0.41,543.26,0.42,5.0,0.01,0.01,2318.616539,1776231936000
1776231937.818,37.818,0.59,538.92,0.58,15.0,0.6,25.97,0.61,66.0,0.4,15.97,0.39,66.0,0.41,561.17,0.42,5.0,0.01,0.01,2318.616539,1776231936000
1776231938.593,38.593,0.59,538.92,0.58,15.0,0.6,25.97,0.61,66.0,0.4,25.97,0.39,66.0,0.41,538.92,0.42,15.0,0.01,0.01,2318.70585,1776231937000
1776231938.918,38.918,0.59,522.67,0.58,15.0,0.6,102.91,0.61,74.0,0.4,25.97,0.39,66.0,0.41,538.92,0.42,15.0,0.01,0.01,2318.70585,1776231937000
1776231940.203,40.203,0.59,499.8,0.58,15.0,0.6,102.91,0.61,74.0,0.4,102.91,0.39,74.0,0.41,499.8,0.42,15.0,0.01,0.01,2318.717666,1776231939000
1776231940.546,40.546,0.59,482.99,0.58,5.0,0.6,112.92,0.61,74.0,0.4,112.92,0.39,74.0,0.41,498.75,0.42,5.0,0.01,0.01,2318.717666,1776231939000
1776231940.981,40.981,0.59,507.99,0.58,5.0,0.6,107.92,0.61,68.0,0.4,117.92,0.39,74.0,0.41,472.99,0.42,5.0,0.01,0.01,2318.717666,1776231939000
1776231942.267,42.267,0.59,507.99,0.58,5.0,0.6,107.92,0.61,68.0,0.4,107.92,0.39,68.0,0.41,507.99,0.42,5.0,0.01,0.01,2318.685715,1776231941000
1776231942.646,42.646,0.59,557.27,0.58,15.0,0.6,86.34,0.61,68.0,0.4,107.92,0.39,68.0,0.41,507.99,0.42,5.0,0.01,0.01,2318.685715,1776231941000
1776231943.07,43.07,0.59,552.27,0.58,15.0,0.64,13.89,0.66,90.0,0.4,86.34,0.39,68.0,0.41,557.27,0.42,15.0,0.05,0.01,2318.685715,1776231941000
1776231944.274,44.274,0.61,11.0,0.6,10.0,0.66,64.04,0.67,10.0,0.34,64.04,0.33,10.0,0.39,11.0,0.4,10.0,0.05,0.05,2318.74827,1776231943000
1776231945.083,45.083,0.59,419.9,0.54,10.0,0.6,40.0,0.61,26.0,0.39,21.0,0.38,20.0,0.41,462.9,0.44,10.0,0.01,0.02,2318.74827,1776231943000
1776231945.363,45.363,0.59,413.41,0.55,10.0,0.6,127.0,0.61,84.0,0.4,40.0,0.39,26.0,0.41,419.9,0.46,10.0,0.01,0.01,2318.890955,1776231944000
1776231946.235,46.235,0.59,323.41,0.55,10.0,0.6,122.0,0.61,84.0,0.4,122.0,0.39,84.0,0.41,323.41,0.45,10.0,0.01,0.01,2318.893491,1776231945000
1776231947.176,47.176,0.59,303.41,0.56,10.0,0.6,319.88,0.61,84.0,0.4,194.88,0.39,84.0,0.41,318.41,0.42,5.0,0.01,0.01,2318.893491,1776231945000
1776231947.503,47.503,0.59,205.41,0.5,5.0,0.6,383.88,0.61,84.0,0.4,403.88,0.39,114.0,0.41,210.41,0.47,5.0,0.01,0.01,2318.630622,1776231946000
1776231947.748,47.748,0.59,43.0,0.5,5.0,0.6,406.38,0.61,114.0,0.4,406.38,0.39,114.0,0.41,63.98,0.5,5.0,0.01,0.01,2318.630622,1776231946000
1776231948.019,48.019,0.5,5.0,0.49,10.0,0.59,16.13,0.6,419.38,0.4,441.38,0.39,114.0,0.41,13.87,0.5,5.0,0.09,0.01,2318.630622,1776231946000
1776231948.288,48.288,0.5,5.0,0.49,10.0,0.59,16.13,0.6,419.38,0.41,16.13,0.4,419.38,0.5,5.0,0.51,10.0,0.09,0.09,2318.55858,1776231947000
1776231948.601,48.601,0.5,5.0,0.49,10.0,0.52,18.0,0.53,20.0,0.41,16.13,0.4,419.38,0.5,5.0,0.51,10.0,0.02,0.09,2318.55858,1776231947000
1776231948.824,48.824,0.49,14.31,0.47,10.0,0.51,115.0,0.52,18.0,0.48,18.0,0.47,20.0,0.5,5.0,0.51,10.0,0.02,0.02,2318.55858,1776231947000
1776231949.058,49.058,0.49,9.31,0.48,5.0,0.5,117.96,0.51,10.0,0.49,100.0,0.48,18.0,0.51,14.31,0.53,10.0,0.01,0.02,2318.55858,1776231947000
1776231949.321,49.321,0.49,9.31,0.48,5.0,0.5,117.96,0.51,10.0,0.5,117.96,0.49,10.0,0.51,9.31,0.52,5.0,0.01,0.01,2318.360077,1776231948000
1776231949.554,49.554,0.49,20.0,0.48,15.0,0.52,10.0,0.53,20.0,0.5,17.96,0.49,10.0,0.51,0.33,0.52,10.0,0.03,0.01,2318.360077,1776231948000
1776231949.758,49.758,0.51,40.0,0.5,33.0,0.52,10.0,0.53,10.0,0.48,10.0,0.47,20.0,0.51,20.0,0.52,15.0,0.01,0.03,2318.360077,1776231948000
1776231950.28,50.28,0.51,5.26,0.5,23.0,0.52,10.0,0.53,10.0,0.48,10.0,0.47,10.0,0.49,5.26,0.5,23.0,0.01,0.01,2318.364545,1776231949000
1776231950.909,50.909,0.5,38.0,0.49,15.0,0.52,20.0,0.53,18.0,0.48,10.0,0.47,10.0,0.49,5.26,0.5,23.0,0.02,0.01,2318.364545,1776231949000
1776231951.295,51.295,0.5,25.0,0.49,15.0,0.53,10.0,0.54,28.0,0.48,20.0,0.47,18.0,0.5,38.0,0.51,15.0,0.03,0.02,2318.364545,1776231949000
1776231951.626,51.626,0.5,14.0,0.49,15.0,0.53,15.0,0.54,28.0,0.47,15.0,0.46,28.0,0.5,14.0,0.51,15.0,0.03,0.03,2318.347849,1776231950000
1776231952.195,52.195,0.5,14.0,0.49,15.0,0.53,15.0,0.54,28.0,0.47,15.0,0.46,28.0,0.5,14.0,0.51,15.0,0.03,0.03,2318.40434,1776231951000
1776231953.259,53.259,0.5,14.0,0.49,15.0,0.53,15.0,0.54,28.0,0.47,15.0,0.46,28.0,0.5,14.0,0.51,15.0,0.03,0.03,2318.344894,1776231952000
1776231954.375,54.375,0.5,14.0,0.49,15.0,0.53,15.0,0.54,28.0,0.47,15.0,0.46,28.0,0.5,14.0,0.51,15.0,0.03,0.03,2318.37967,1776231953000
1776231955.365,55.365,0.5,14.0,0.49,15.0,0.53,15.0,0.54,28.0,0.47,15.0,0.46,28.0,0.5,14.0,0.51,15.0,0.03,0.03,2318.360166,1776231954000
1776231955.83,55.83,0.44,10.91,0.41,10.0,0.45,205.73,0.46,25.0,0.54,19.25,0.53,81.0,0.56,5.91,0.59,10.0,0.01,0.02,2318.360166,1776231954000
1776231956.394,56.394,0.44,0.82,0.41,10.0,0.45,210.63,0.46,25.0,0.55,178.63,0.54,25.0,0.56,10.91,0.59,10.0,0.01,0.01,2318.3288,1776231955000
1776231956.61,56.61,0.44,12.82,0.41,10.0,0.45,143.63,0.46,15.0,0.55,210.63,0.54,25.0,0.56,0.82,0.59,10.0,0.01,0.01,2318.3288,1776231955000
1776231956.922,56.922,0.44,8.37,0.41,10.0,0.45,148.63,0.46,15.0,0.55,148.63,0.54,15.0,0.56,8.37,0.59,10.0,0.01,0.01,2318.192768,1776231956000
1776231957.357,57.357,0.41,5.77,0.39,5.0,0.42,119.0,0.43,10.0,0.55,148.63,0.54,15.0,0.56,8.37,0.59,10.0,0.01,0.01,2318.192768,1776231956000
1776231957.891,57.891,0.41,20.21,0.38,20.0,0.42,85.0,0.43,10.0,0.58,119.0,0.57,10.0,0.59,5.77,0.61,5.0,0.01,0.01,2318.192768,1776231956000
1776231958.642,58.642,0.37,8.55,0.35,30.0,0.39,111.0,0.4,10.0,0.58,85.0,0.57,10.0,0.59,20.21,0.62,20.0,0.02,0.01,2317.934081,1776231957000
1776231959.006,59.006,0.37,18.99,0.35,30.0,0.38,81.0,0.39,52.0,0.62,81.0,0.61,52.0,0.63,18.99,0.65,30.0,0.01,0.01,2318.00209,1776231958000
1776231959.576,59.576,0.37,10.0,0.36,5.0,0.39,25.0,0.4,10.0,0.62,81.0,0.61,52.0,0.63,18.99,0.65,30.0,0.02,0.01,2318.00209,1776231958000
1776231960.034,60.034,0.37,5.0,0.36,15.0,0.38,6.0,0.39,25.0,0.62,6.0,0.61,25.0,0.63,5.0,0.64,15.0,0.01,0.01,2317.933781,1776231959000
1776231960.698,60.698,0.35,36.61,0.34,15.0,0.36,56.0,0.37,15.0,0.62,6.0,0.61,25.0,0.65,26.61,0.67,18.0,0.01,0.03,2317.933781,1776231959000
1776231961.136,61.136,0.35,36.61,0.34,15.0,0.36,56.0,0.37,15.0,0.64,56.0,0.63,15.0,0.65,36.61,0.66,15.0,0.01,0.01,2317.826595,1776231960000
1776231961.587,61.587,0.35,26.61,0.34,30.0,0.36,92.0,0.37,15.0,0.64,56.0,0.63,15.0,0.65,36.61,0.66,15.0,0.01,0.01,2317.826595,1776231960000
1776231962.077,62.077,0.35,54.61,0.34,30.0,0.36,71.05,0.37,15.0,0.64,81.33,0.63,15.0,0.65,26.61,0.66,30.0,0.01,0.01,2317.826595,1776231960000
1776231962.49,62.49,0.35,94.0,0.34,73.0,0.36,16.05,0.37,10.0,0.64,71.05,0.63,15.0,0.65,54.61,0.66,30.0,0.01,0.01,2317.679475,1776231961000
1776231962.86,62.86,0.35,69.46,0.34,25.0,0.36,34.86,0.37,10.0,0.64,4.86,0.63,10.0,0.65,94.0,0.66,73.0,0.01,0.01,2317.679475,1776231961000
1776231963.232,63.232,0.35,67.92,0.34,25.0,0.36,34.86,0.37,10.0,0.64,34.86,0.63,10.0,0.65,67.92,0.66,25.0,0.01,0.01,2317.660005,1776231962000
1776231963.58,63.58,0.35,62.92,0.34,30.0,0.36,143.62,0.37,15.0,0.64,34.86,0.63,10.0,0.65,67.92,0.66,25.0,0.01,0.01,2317.660005,1776231962000
1776231964.393,64.393,0.35,62.92,0.34,30.0,0.36,143.62,0.37,15.0,0.64,143.62,0.63,15.0,0.65,62.92,0.66,30.0,0.01,0.01,2317.62129,1776231963000
1776231965.294,65.294,0.35,62.92,0.34,30.0,0.36,143.62,0.37,15.0,0.64,143.62,0.63,15.0,0.65,62.92,0.66,30.0,0.01,0.01,2317.64119,1776231964000
1776231965.602,65.602,0.35,52.92,0.34,40.0,0.36,159.62,0.37,15.0,0.64,143.62,0.63,15.0,0.65,62.92,0.66,30.0,0.01,0.01,2317.64119,1776231964000
1776231965.959,65.959,0.35,47.92,0.34,40.0,0.36,302.48,0.37,15.0,0.64,159.62,0.63,15.0,0.65,52.92,0.66,40.0,0.01,0.01,2317.64119,1776231964000
1776231966.452,66.452,0.35,42.84,0.34,40.0,0.36,302.48,0.37,15.0,0.64,302.48,0.63,15.0,0.65,42.84,0.66,40.0,0.01,0.01,2317.655123,1776231965000
1776231967.093,67.093,0.35,37.76,0.34,40.0,0.36,291.92,0.37,20.0,0.64,297.48,0.63,20.0,0.65,37.76,0.66,40.0,0.01,0.01,2317.655123,1776231965000
1776231967.306,67.306,0.35,37.76,0.34,40.0,0.36,291.92,0.37,20.0,0.64,291.92,0.63,20.0,0.65,37.76,0.66,40.0,0.01,0.01,2317.637065,1776231966000
1776231967.59,67.59,0.35,32.76,0.34,20.0,0.36,296.92,0.37,20.0,0.64,291.92,0.63,20.0,0.65,37.76,0.66,40.0,0.01,0.01,2317.637065,1776231966000
1776231968.121,68.121,0.33,17.76,0.32,14.0,0.34,175.0,0.35,26.0,0.64,296.92,0.63,20.0,0.65,32.76,0.66,20.0,0.01,0.01,2317.637065,1776231966000
1776231968.52,68.52,0.33,7.76,0.32,14.0,0.34,180.0,0.35,26.0,0.66,180.0,0.65,26.0,0.67,7.76,0.68,14.0,0.01,0.01,2317.631855,1776231967000
1776231968.793,68.793,0.32,11.0,0.31,46.8,0.33,164.0,0.34,68.0,0.66,180.0,0.65,26.0,0.67,7.76,0.68,14.0,0.01,0.01,2317.631855,1776231967000
1776231969.23,69.23,0.32,30.0,0.31,46.8,0.33,161.42,0.34,68.0,0.67,161.42,0.66,68.0,0.68,30.0,0.69,46.8,0.01,0.01,2317.6366,1776231968000
1776231969.603,69.603,0.32,16.18,0.31,46.8,0.33,141.72,0.34,68.0,0.67,146.72,0.66,68.0,0.68,21.18,0.69,46.8,0.01,0.01,2317.6366,1776231968000
1776231970.492,70.492,0.32,16.18,0.31,46.8,0.33,141.72,0.34,68.0,0.67,141.72,0.66,68.0,0.68,16.18,0.69,46.8,0.01,0.01,2317.429633,1776231969000
1776231970.852,70.852,0.32,5.38,0.31,31.8,0.33,124.72,0.34,36.0,0.67,156.72,0.66,68.0,0.68,7.0,0.69,41.8,0.01,0.01,2317.429633,1776231969000
1776231971.115,71.115,0.32,2.38,0.31,31.8,0.33,119.72,0.34,36.0,0.67,119.72,0.66,36.0,0.68,2.38,0.69,31.8,0.01,0.01,2317.379206,1776231970000
1776231971.924,71.924,0.31,86.0,0.3,25.0,0.32,60.0,0.33,20.0,0.67,119.72,0.66,36.0,0.68,2.38,0.69,31.8,0.01,0.01,2317.379206,1776231970000
1776231972.445,72.445,0.31,86.0,0.3,25.0,0.32,60.0,0.33,20.0,0.68,60.0,0.67,20.0,0.69,86.0,0.7,25.0,0.01,0.01,2317.37725,1776231971000
1776231973.084,73.084,0.31,86.0,0.3,25.0,0.32,60.0,0.33,20.0,0.68,60.0,0.67,20.0,0.69,86.0,0.7,25.0,0.01,0.01,2317.333705,1776231972000
1776231973.356,73.356,0.31,84.55,0.3,25.0,0.32,10.0,0.33,25.0,0.68,60.0,0.67,20.0,0.69,86.0,0.7,25.0,0.01,0.01,2317.333705,1776231972000
1776231974.322,74.322,0.31,84.55,0.3,25.0,0.32,10.0,0.33,25.0,0.68,10.0,0.67,25.0,0.69,84.55,0.7,25.0,0.01,0.01,2317.38237,1776231973000
1776231975.015,75.015,0.31,84.55,0.3,25.0,0.32,10.0,0.33,25.0,0.68,10.0,0.67,25.0,0.69,84.55,0.7,25.0,0.01,0.01,2317.474287,1776231974000
1776231976.358,76.358,0.31,84.55,0.3,25.0,0.32,10.0,0.33,25.0,0.68,10.0,0.67,25.0,0.69,84.55,0.7,25.0,0.01,0.01,2317.39806,1776231975000
1776231976.98,76.98,0.31,94.55,0.3,25.0,0.32,51.28,0.33,10.0,0.68,10.0,0.67,25.0,0.69,84.55,0.7,25.0,0.01,0.01,2317.39806,1776231975000
1776231977.989,77.989,0.31,94.55,0.3,25.0,0.32,51.28,0.33,15.0,0.68,51.28,0.67,10.0,0.69,94.55,0.7,25.0,0.01,0.01,2317.4047,1776231976000
1776231978.264,78.264,0.31,88.1,0.3,25.0,0.32,46.28,0.33,15.0,0.68,46.28,0.67,15.0,0.69,88.1,0.7,25.0,0.01,0.01,2317.425865,1776231977000
1776231978.491,78.491,0.35,40.4,0.34,39.0,0.36,241.06,0.44,5.0,0.64,231.06,0.56,5.0,0.67,10.0,0.68,21.0,0.01,0.03,2317.425865,1776231977000
1776231978.773,78.773,0.35,75.68,0.34,34.0,0.36,27.39,0.44,5.0,0.64,190.39,0.56,5.0,0.65,56.4,0.66,53.7,0.01,0.01,2317.425865,1776231977000
1776231979.058,79.058,0.35,103.4,0.34,44.0,0.44,5.0,0.45,5.0,0.64,0.69,0.56,5.0,0.65,101.4,0.66,39.0,0.09,0.01,2317.425865,1776231977000
1776231979.408,79.408,0.41,15.0,0.4,10.0,0.42,7.0,0.43,15.0,0.56,5.0,0.55,5.0,0.65,103.4,0.66,44.0,0.01,0.09,2317.425865,1776231977000
1776231980.093,80.093,0.4,10.0,0.39,21.0,0.42,7.0,0.43,15.0,0.58,7.0,0.57,15.0,0.6,10.0,0.61,21.0,0.02,0.02,2317.485403,1776231979000
1776231980.353,80.353,0.41,59.0,0.4,20.0,0.42,9.07,0.43,15.0,0.58,7.0,0.57,15.0,0.6,10.0,0.61,21.0,0.01,0.02,2317.485403,1776231979000
1776231980.724,80.724,0.41,54.0,0.4,20.0,0.42,8.59,0.43,20.0,0.58,14.07,0.57,20.0,0.59,49.0,0.6,20.0,0.01,0.01,2317.485403,1776231979000
1776231981.855,81.855,0.41,54.0,0.4,20.0,0.42,8.59,0.43,20.0,0.58,8.59,0.57,20.0,0.59,54.0,0.6,20.0,0.01,0.01,2317.924353,1776231980000
1776231982.337,82.337,0.41,54.0,0.4,20.0,0.42,8.59,0.43,20.0,0.58,8.59,0.57,20.0,0.59,54.0,0.6,20.0,0.01,0.01,2317.95356,1776231981000
1776231983.368,83.368,0.41,54.0,0.4,20.0,0.42,8.59,0.43,20.0,0.58,8.59,0.57,20.0,0.59,54.0,0.6,20.0,0.01,0.01,2317.942525,1776231982000
1776231984.205,84.205,0.45,44.0,0.44,28.0,0.46,20.0,0.47,86.02,0.58,8.59,0.57,20.0,0.59,54.0,0.6,20.0,0.01,0.01,2317.942525,1776231982000
1776231984.531,84.531,0.46,76.0,0.45,79.0,0.47,26.02,0.48,5.0,0.54,20.0,0.53,86.02,0.55,44.0,0.56,28.0,0.01,0.01,2317.936045,1776231983000
1776231984.845,84.845,0.46,89.74,0.45,61.0,0.47,10.0,0.5,55.11,0.53,26.02,0.52,5.0,0.54,76.0,0.55,79.0,0.01,0.01,2317.936045,1776231983000
1776231985.307,85.307,0.49,51.0,0.48,15.0,0.5,42.05,0.51,5.0,0.5,42.05,0.49,5.0,0.51,51.0,0.52,15.0,0.01,0.01,2317.978405,1776231984000
1776231985.802,85.802,0.49,84.0,0.48,15.0,0.5,11.99,0.51,10.0,0.5,42.05,0.49,5.0,0.51,51.0,0.52,15.0,0.01,0.01,2317.978405,1776231984000
1776231986.251,86.251,0.49,30.08,0.48,15.0,0.5,41.99,0.51,10.0,0.5,11.99,0.49,10.0,0.51,37.24,0.52,15.0,0.01,0.01,2317.978405,1776231984000
1776231987.225,87.225,0.49,30.08,0.48,15.0,0.5,41.99,0.51,10.0,0.5,41.99,0.49,10.0,0.51,30.08,0.52,15.0,0.01,0.01,2318.2477,1776231986000
1776231987.99,87.99,0.48,15.0,0.47,15.0,0.5,116.18,0.51,20.0,0.5,41.99,0.49,10.0,0.51,30.08,0.52,15.0,0.02,0.01,2318.2477,1776231986000
1776231988.224,88.224,0.48,15.0,0.47,15.0,0.5,116.18,0.51,20.0,0.5,116.18,0.49,20.0,0.52,15.0,0.53,15.0,0.02,0.02,2318.294,1776231987000
1776231988.5,88.5,0.48,55.17,0.47,24.0,0.49,10.0,0.5,85.78,0.5,116.18,0.49,20.0,0.52,15.0,0.53,15.0,0.01,0.02,2318.294,1776231987000
1776231989.239,89.239,0.48,39.01,0.47,24.0,0.49,28.41,0.5,85.78,0.51,28.41,0.5,85.78,0.52,39.01,0.53,24.0,0.01,0.01,2318.308195,1776231988000
1776231989.685,89.685,0.48,8.0,0.47,14.0,0.49,128.41,0.5,80.78,0.51,28.41,0.5,85.78,0.52,39.01,0.53,24.0,0.01,0.01,2318.308195,1776231988000
1776231990.273,90.273,0.47,12.0,0.46,20.0,0.49,128.41,0.5,80.78,0.51,128.41,0.5,80.78,0.53,12.0,0.54,20.0,0.02,0.02,2318.28724,1776231989000
1776231990.849,90.849,0.47,16.0,0.46,15.0,0.48,157.9,0.49,25.01,0.51,128.41,0.5,80.78,0.53,12.0,0.54,20.0,0.01,0.02,2318.28724,1776231989000
1776231991.187,91.187,0.47,8.47,0.46,15.0,0.48,102.9,0.49,25.01,0.52,102.9,0.51,25.01,0.53,8.47,0.54,15.0,0.01,0.01,2318.27405,1776231990000
1776231991.595,91.595,0.47,21.5,0.46,15.0,0.48,72.21,0.49,25.01,0.52,102.9,0.51,25.01,0.53,8.47,0.54,15.0,0.01,0.01,2318.27405,1776231990000
1776231992.033,92.033,0.47,12.64,0.46,24.0,0.48,77.21,0.49,25.01,0.52,72.21,0.51,25.01,0.53,14.53,0.54,15.0,0.01,0.01,2318.27405,1776231990000
1776231992.262,92.262,0.47,12.64,0.46,24.0,0.48,77.21,0.49,25.01,0.52,77.21,0.51,25.01,0.53,12.64,0.54,24.0,0.01,0.01,2318.28447,1776231991000
1776231992.92,92.92,0.47,12.64,0.46,24.0,0.48,82.21,0.49,31.01,0.52,77.21,0.51,25.01,0.53,12.64,0.54,24.0,0.01,0.01,2318.28447,1776231991000
1776231993.284,93.284,0.47,12.64,0.46,24.0,0.48,82.21,0.49,31.01,0.52,82.21,0.51,31.01,0.53,12.64,0.54,24.0,0.01,0.01,2318.222505,1776231992000
1776231994.071,94.071,0.45,10.0,0.44,10.0,0.47,43.3,0.48,40.0,0.52,82.21,0.51,31.01,0.53,12.64,0.54,24.0,0.02,0.01,2318.222505,1776231992000
1776231994.285,94.285,0.43,10.0,0.42,15.0,0.45,65.0,0.46,25.0,0.55,20.0,0.54,25.0,0.58,10.0,0.59,19.0,0.02,0.03,2318.222505,1776231992000
1776231994.746,94.746,0.42,15.0,0.41,24.0,0.45,70.0,0.46,25.0,0.55,70.0,0.54,25.0,0.58,15.0,0.59,24.0,0.03,0.03,2318.276126,1776231993000
1776231995.09,95.09,0.45,6.0,0.44,28.0,0.46,25.0,0.47,28.41,0.55,70.0,0.54,25.0,0.58,15.0,0.59,24.0,0.01,0.03,2318.276126,1776231993000
1776231995.812,95.812,0.45,24.0,0.44,18.0,0.46,10.14,0.47,15.0,0.54,25.0,0.53,28.41,0.55,6.0,0.56,28.0,0.01,0.01,2318.270135,1776231994000
1776231996.125,96.125,0.45,24.0,0.44,18.0,0.46,10.14,0.47,15.0,0.54,10.14,0.53,15.0,0.55,24.0,0.56,18.0,0.01,0.01,2318.189168,1776231995000
1776231997.097,97.097,0.45,24.0,0.44,18.0,0.46,10.14,0.47,15.0,0.54,10.14,0.53,15.0,0.55,24.0,0.56,18.0,0.01,0.01,2318.195235,1776231996000
1776231997.909,97.909,0.45,17.96,0.44,5.0,0.46,15.14,0.47,20.0,0.54,10.14,0.53,15.0,0.55,24.0,0.56,18.0,0.01,0.01,2318.195235,1776231996000
1776231998.906,98.906,0.45,5.56,0.44,5.0,0.46,20.14,0.47,20.0,0.54,15.14,0.53,20.0,0.55,17.96,0.56,5.0,0.01,0.01,2318.244645,1776231997000
1776231999.497,99.497,0.46,9.86,0.45,25.56,0.47,5.0,0.48,25.0,0.54,20.14,0.53,20.0,0.55,5.56,0.56,5.0,0.01,0.01,2318.245183,1776231998000
1776231999.979,99.979,0.46,9.86,0.45,25.56,0.47,5.0,0.48,25.0,0.53,5.0,0.52,25.0,0.54,9.86,0.55,25.56,0.01,0.01,2318.250238,1776231999000
1776232000.199,100.199,0.48,20.0,0.47,20.0,0.49,1.86,0.5,5.0,0.53,5.0,0.52,25.0,0.54,9.86,0.55,25.56,0.01,0.01,2318.250238,1776231999000
1776232000.523,100.523,0.48,15.0,0.47,20.0,0.52,20.0,0.53,5.0,0.49,1.86,0.48,20.0,0.52,15.0,0.53,20.0,0.04,0.03,2318.250238,1776231999000
1776232000.981,100.981,0.48,15.0,0.47,20.0,0.52,20.0,0.53,5.0,0.48,20.0,0.47,5.0,0.52,15.0,0.53,20.0,0.04,0.04,2318.23543,1776232000000
1776232001.259,101.259,0.51,54.0,0.5,20.0,0.52,15.0,0.55,13.89,0.48,20.0,0.47,5.0,0.52,15.0,0.53,20.0,0.01,0.04,2318.23543,1776232000000
1776232002.019,102.019,0.51,54.0,0.5,20.0,0.55,13.89,0.56,5.0,0.45,13.89,0.44,5.0,0.49,54.0,0.5,20.0,0.04,0.04,2318.30137,1776232001000
1776232002.953,102.953,0.51,54.0,0.5,20.0,0.55,13.89,0.56,5.0,0.45,13.89,0.44,5.0,0.49,54.0,0.5,20.0,0.04,0.04,2318.47881,1776232002000
1776232003.372,103.372,0.54,57.0,0.53,15.0,0.55,14.17,0.58,5.0,0.45,13.89,0.44,5.0,0.49,54.0,0.5,20.0,0.01,0.04,2318.47881,1776232002000
1776232003.917,103.917,0.54,57.0,0.53,15.0,0.58,5.0,0.59,10.0,0.42,5.0,0.41,10.0,0.46,57.0,0.47,15.0,0.04,0.04,2318.661517,1776232003000
1776232004.874,104.874,0.54,57.0,0.53,15.0,0.58,5.0,0.59,10.0,0.42,5.0,0.41,10.0,0.46,57.0,0.47,15.0,0.04,0.04,2318.587114,1776232004000
1776232005.862,105.862,0.54,57.0,0.53,15.0,0.58,5.0,0.59,10.0,0.42,5.0,0.41,10.0,0.46,57.0,0.47,15.0,0.04,0.04,2318.720414,1776232005000
1776232007.193,107.193,0.56,10.0,0.55,10.0,0.58,30.0,0.59,20.0,0.42,5.0,0.41,10.0,0.46,57.0,0.47,15.0,0.02,0.04,2318.720414,1776232005000
1776232007.953,107.953,0.55,8.66,0.54,27.0,0.57,10.0,0.58,35.0,0.43,10.0,0.42,35.0,0.45,8.66,0.46,27.0,0.02,0.02,2318.733988,1776232007000
1776232008.973,108.973,0.55,8.66,0.54,27.0,0.57,10.0,0.58,35.0,0.43,10.0,0.42,35.0,0.45,8.66,0.46,27.0,0.02,0.02,2318.767111,1776232008000
1776232009.187,109.187,0.63,15.0,0.62,10.0,0.65,14.1,0.66,106.04,0.35,14.2,0.34,106.04,0.37,15.0,0.38,10.0,0.02,0.02,2318.767111,1776232008000
1776232010.029,110.029,0.63,15.0,0.62,10.0,0.65,9.1,0.66,106.04,0.35,9.1,0.34,106.04,0.37,15.0,0.38,10.0,0.02,0.02,2318.758025,1776232009000
1776232010.264,110.264,0.63,17.29,0.62,10.0,0.64,30.0,0.65,14.1,0.35,9.1,0.34,106.04,0.37,15.0,0.38,10.0,0.01,0.02,2318.758025,1776232009000
1776232010.48,110.48,0.63,17.29,0.62,10.0,0.64,25.31,0.65,14.1,0.36,30.0,0.35,14.1,0.37,17.29,0.38,10.0,0.01,0.01,2318.758025,1776232009000
1776232011.016,111.016,0.63,17.29,0.62,10.0,0.64,25.31,0.65,14.1,0.36,25.31,0.35,14.1,0.37,17.29,0.38,10.0,0.01,0.01,2318.82808,1776232010000
1776232012.09,112.09,0.63,17.29,0.62,10.0,0.64,1.45,0.65,47.99,0.36,1.45,0.35,47.99,0.37,17.29,0.38,10.0,0.01,0.01,2318.956877,1776232011000
1776232013.069,113.069,0.63,17.29,0.62,10.0,0.64,1.45,0.65,47.99,0.36,1.45,0.35,47.99,0.37,17.29,0.38,10.0,0.01,0.01,2319.017473,1776232012000
1776232013.934,113.934,0.63,43.29,0.62,20.0,0.64,3.52,0.65,12.0,0.36,1.45,0.35,47.99,0.37,17.29,0.38,10.0,0.01,0.01,2319.017473,1776232012000
1776232014.204,114.204,0.64,26.36,0.63,29.29,0.65,17.0,0.66,36.04,0.35,17.0,0.34,36.04,0.36,26.36,0.37,29.29,0.01,0.01,2318.970935,1776232013000
1776232014.993,114.993,0.65,5.22,0.64,29.36,0.66,47.04,0.67,12.0,0.35,17.0,0.34,36.04,0.36,26.36,0.37,29.29,0.01,0.01,2318.970935,1776232013000
1776232015.328,115.328,0.65,2.07,0.64,29.36,0.66,36.88,0.67,17.0,0.34,31.88,0.33,17.0,0.35,5.22,0.36,29.36,0.01,0.01,2318.993855,1776232014000
1776232016.2,116.2,0.65,2.07,0.64,29.36,0.66,36.88,0.67,17.0,0.34,36.88,0.33,17.0,0.35,2.07,0.36,29.36,0.01,0.01,2319.08508,1776232015000
1776232017.218,117.218,0.65,2.07,0.64,29.36,0.66,36.88,0.67,17.0,0.34,36.88,0.33,17.0,0.35,2.07,0.36,29.36,0.01,0.01,2319.075272,1776232016000
1776232018.194,118.194,0.65,3.07,0.64,29.36,0.66,36.88,0.67,56.96,0.34,36.88,0.33,17.0,0.35,2.07,0.36,29.36,0.01,0.01,2319.075272,1776232016000
1776232018.665,118.665,0.65,5.0,0.64,29.36,0.66,31.88,0.67,56.96,0.34,36.88,0.33,56.96,0.35,3.07,0.36,29.36,0.01,0.01,2319.118699,1776232017000
1776232019.497,119.497,0.65,5.0,0.64,29.36,0.66,31.88,0.67,56.96,0.34,31.88,0.33,56.96,0.35,5.0,0.36,29.36,0.01,0.01,2319.062455,1776232018000
1776232019.955,119.955,0.65,5.0,0.64,29.36,0.66,26.88,0.67,38.87,0.34,31.88,0.33,56.96,0.35,5.0,0.36,29.36,0.01,0.01,2319.062455,1776232018000
1776232020.56,120.56,0.65,5.0,0.64,29.36,0.66,21.88,0.67,10.0,0.34,26.88,0.33,38.87,0.35,5.0,0.36,29.36,0.01,0.01,2319.11491,1776232019000
1776232020.991,120.991,0.65,86.0,0.64,29.36,0.66,6.17,0.7,11.0,0.34,21.88,0.33,10.0,0.35,5.0,0.36,29.36,0.01,0.01,2319.11491,1776232019000
1776232021.807,121.807,0.74,27.57,0.73,20.0,0.76,19.7,0.77,25.3,0.3,2.17,0.29,58.5,0.35,86.0,0.36,29.36,0.02,0.05,2319.11493,1776232020000
1776232022.088,122.088,0.75,5.5,0.74,27.57,0.76,24.7,0.77,20.3,0.24,19.7,0.23,25.3,0.25,8.44,0.26,27.57,0.01,0.01,2319.11493,1776232020000
1776232022.296,122.296,0.75,2.9,0.74,22.57,0.76,15.13,0.77,25.3,0.24,15.13,0.23,25.3,0.25,10.5,0.26,22.57,0.01,0.01,2319.11493,1776232020000
1776232022.556,122.556,0.75,29.6,0.74,22.57,0.76,10.13,0.77,20.3,0.24,15.13,0.23,25.3,0.25,13.9,0.26,22.57,0.01,0.01,2319.133569,1776232021000
1776232023.322,123.322,0.76,15.0,0.75,32.0,0.77,69.81,0.78,37.0,0.23,20.03,0.22,26.0,0.25,38.6,0.26,22.57,0.01,0.02,2319.133569,1776232021000
1776232023.531,123.531,0.76,6.67,0.75,32.0,0.77,69.81,0.78,37.0,0.23,69.81,0.22,37.0,0.24,15.0,0.25,32.0,0.01,0.01,2319.133569,1776232021000
1776232023.834,123.834,0.76,4.58,0.75,32.0,0.77,69.81,0.78,31.0,0.23,69.81,0.22,37.0,0.24,6.67,0.25,32.0,0.01,0.01,2319.383322,1776232022000
1776232024.151,124.151,0.76,104.91,0.75,32.0,0.77,64.81,0.79,26.7,0.23,69.81,0.22,31.0,0.24,4.58,0.25,32.0,0.01,0.01,2319.383322,1776232022000
1776232024.355,124.355,0.76,104.91,0.75,32.0,0.77,64.81,0.79,26.7,0.23,64.81,0.21,26.7,0.24,104.91,0.25,32.0,0.01,0.01,2319.50285,1776232023000
1776232024.676,124.676,0.78,10.0,0.77,20.0,0.79,138.09,0.8,52.5,0.23,59.81,0.22,5.0,0.24,104.91,0.25,32.0,0.01,0.01,2319.50285,1776232023000
1776232025.004,125.004,0.78,10.0,0.77,20.0,0.79,138.09,0.8,52.5,0.21,138.09,0.2,52.5,0.22,10.0,0.23,20.0,0.01,0.01,2319.5314,1776232024000
1776232025.28,125.28,0.78,55.0,0.77,20.0,0.8,24.26,0.81,29.4,0.21,138.09,0.2,52.5,0.22,10.0,0.23,20.0,0.02,0.01,2319.5314,1776232024000
1776232025.554,125.554,0.8,1.0,0.79,52.0,0.81,32.49,0.82,54.4,0.19,27.49,0.18,54.4,0.21,91.0,0.22,47.0,0.01,0.02,2319.5314,1776232024000
1776232025.805,125.805,0.8,43.0,0.79,22.0,0.81,36.56,0.82,133.11,0.19,32.49,0.18,54.4,0.2,1.0,0.21,52.0,0.01,0.01,2319.5314,1776232024000
1776232026.247,126.247,0.8,0.45,0.79,22.0,0.81,26.13,0.82,133.11,0.19,26.13,0.18,133.11,0.2,24.45,0.21,22.0,0.01,0.01,2319.5314,1776232024000
1776232026.867,126.867,0.8,0.45,0.79,22.0,0.81,18.48,0.82,138.11,0.19,26.13,0.18,133.11,0.2,0.45,0.21,22.0,0.01,0.01,2319.5664,1776232025000
1776232027.45,127.45,0.8,0.45,0.79,22.0,0.81,18.48,0.82,138.11,0.19,18.48,0.18,138.11,0.2,0.45,0.21,22.0,0.01,0.01,2319.817316,1776232026000
1776232027.981,127.981,0.8,0.45,0.79,22.0,0.81,18.48,0.82,138.11,0.19,18.48,0.18,138.11,0.2,0.45,0.21,22.0,0.01,0.01,2319.81521,1776232027000
1776232029.137,129.137,0.8,0.45,0.79,22.0,0.81,18.48,0.82,138.11,0.19,18.48,0.18,138.11,0.2,0.45,0.21,22.0,0.01,0.01,2319.857168,1776232028000
1776232030.299,130.299,0.8,0.45,0.79,22.0,0.81,18.48,0.82,138.11,0.19,18.48,0.18,138.11,0.2,0.45,0.21,22.0,0.01,0.01,2319.914768,1776232029000
1776232031.406,131.406,0.8,0.45,0.79,27.0,0.81,27.36,0.82,103.11,0.19,27.36,0.18,103.11,0.2,0.45,0.21,27.0,0.01,0.01,2319.8273,1776232030000
1776232031.746,131.746,0.83,29.0,0.82,58.0,0.84,52.03,0.85,58.2,0.16,19.71,0.15,53.2,0.18,27.0,0.19,10.0,0.01,0.02,2319.8273,1776232030000
1776232032.024,132.024,0.83,29.0,0.82,58.0,0.84,52.03,0.85,58.2,0.16,52.03,0.15,58.2,0.17,29.0,0.18,58.0,0.01,0.01,2319.827865,1776232031000
1776232032.572,132.572,0.83,27.35,0.82,43.0,0.84,48.86,0.85,53.2,0.16,52.03,0.15,58.2,0.17,29.0,0.18,58.0,0.01,0.01,2319.827865,1776232031000
1776232033.063,133.063,0.83,26.0,0.82,38.0,0.84,40.86,0.85,53.2,0.16,40.86,0.15,53.2,0.17,26.0,0.18,38.0,0.01,0.01,2319.85504,1776232032000
1776232033.307,133.307,0.83,31.0,0.82,38.0,0.84,28.11,0.85,63.2,0.16,29.9,0.15,58.2,0.17,31.0,0.18,38.0,0.01,0.01,2319.85504,1776232032000
1776232033.61,133.61,0.83,31.0,0.82,38.0,0.84,20.21,0.85,63.2,0.16,27.77,0.15,63.2,0.17,36.0,0.18,38.0,0.01,0.01,2319.85504,1776232032000
1776232034.267,134.267,0.83,68.52,0.82,38.0,0.84,25.21,0.85,25.0,0.16,20.21,0.15,63.2,0.17,31.0,0.18,38.0,0.01,0.01,2319.85504,1776232032000
1776232034.667,134.667,0.83,33.62,0.82,38.0,0.84,17.61,0.85,89.28,0.16,25.21,0.15,25.0,0.17,39.1,0.18,38.0,0.01,0.01,2320.053835,1776232033000
1776232034.928,134.928,0.83,42.62,0.82,43.0,0.85,31.73,0.86,39.9,0.16,17.61,0.15,89.28,0.17,33.62,0.18,38.0,0.02,0.01,2320.053835,1776232033000
1776232035.353,135.353,0.83,26.96,0.82,43.0,0.85,43.2,0.86,47.11,0.15,31.73,0.14,47.11,0.16,13.12,0.17,33.62,0.02,0.01,2320.053835,1776232033000
1776232035.785,135.785,0.83,23.42,0.82,43.0,0.85,37.02,0.86,127.7,0.15,42.02,0.14,47.11,0.16,3.12,0.17,26.96,0.02,0.01,2320.079076,1776232034000
1776232036.099,136.099,0.84,8.12,0.83,23.42,0.85,37.02,0.86,127.7,0.15,37.02,0.14,127.7,0.17,23.42,0.18,43.0,0.01,0.02,2320.079076,1776232034000
1776232036.435,136.435,0.84,6.24,0.83,23.42,0.85,30.29,0.86,110.49,0.15,37.02,0.14,127.7,0.16,8.12,0.17,23.42,0.01,0.01,2320.079076,1776232034000
1776232036.926,136.926,0.84,6.24,0.83,23.42,0.85,30.29,0.86,110.49,0.15,30.29,0.14,110.49,0.16,6.24,0.17,23.42,0.01,0.01,2319.99995,1776232035000
1776232037.384,137.384,0.86,19.71,0.84,6.24,0.87,37.8,0.88,34.1,0.15,30.29,0.14,110.49,0.16,6.24,0.17,23.42,0.01,0.01,2319.99995,1776232035000
1776232037.616,137.616,0.87,20.0,0.86,107.71,0.88,19.51,0.89,36.79,0.13,37.8,0.12,34.1,0.14,19.71,0.16,6.24,0.01,0.01,2320.096901,1776232036000
1776232037.845,137.845,0.87,55.0,0.86,107.71,0.88,16.15,0.89,36.79,0.12,19.51,0.11,36.79,0.13,20.0,0.14,107.71,0.01,0.01,2320.096901,1776232036000
1776232038.134,138.134,0.88,15.0,0.87,26.0,0.89,31.24,0.9,40.0,0.12,16.15,0.11,36.79,0.13,55.0,0.14,107.71,0.01,0.01,2320.097359,1776232037000
1776232038.646,138.646,0.86,60.71,0.85,21.0,0.89,50.52,0.9,40.0,0.11,21.24,0.1,40.0,0.12,15.0,0.13,26.0,0.03,0.01,2320.097359,1776232037000
1776232039.211,139.211,0.86,60.71,0.85,21.0,0.89,50.52,0.9,40.0,0.11,50.52,0.1,40.0,0.14,60.71,0.15,21.0,0.03,0.03,2320.09651,1776232038000
1776232039.421,139.421,0.86,8.71,0.85,15.0,0.87,17.76,0.88,58.1,0.12,29.0,0.11,30.42,0.14,29.71,0.15,15.0,0.01,0.02,2320.09651,1776232038000
1776232039.645,139.645,0.86,8.71,0.85,15.0,0.87,28.4,0.88,135.34,0.13,16.76,0.12,66.51,0.14,8.71,0.15,15.0,0.01,0.01,2320.09651,1776232038000
1776232039.887,139.887,0.86,23.71,0.85,20.0,0.87,26.35,0.88,63.1,0.13,28.4,0.12,135.34,0.14,8.71,0.15,15.0,0.01,0.01,2320.09651,1776232038000
1776232040.797,140.797,0.86,23.71,0.85,20.0,0.87,24.62,0.88,63.1,0.13,24.62,0.12,63.1,0.14,23.71,0.15,20.0,0.01,0.01,2320.357857,1776232039000
1776232041.142,141.142,0.84,12.24,0.83,21.0,0.87,61.42,0.88,63.1,0.13,24.62,0.12,63.1,0.14,23.71,0.15,20.0,0.03,0.01,2320.357857,1776232039000
1776232041.389,141.389,0.84,12.24,0.83,21.0,0.87,61.42,0.88,63.1,0.13,61.42,0.12,63.1,0.16,12.24,0.17,21.0,0.03,0.03,2320.306997,1776232040000
1776232042.218,142.218,0.84,12.24,0.83,21.0,0.87,61.42,0.88,63.1,0.13,61.42,0.12,63.1,0.16,12.24,0.17,21.0,0.03,0.03,2320.321266,1776232041000
1776232042.658,142.658,0.86,5.0,0.85,20.0,0.87,61.27,0.88,167.02,0.13,61.42,0.12,63.1,0.16,12.24,0.17,21.0,0.01,0.03,2320.321266,1776232041000
1776232043.372,143.372,0.88,12.29,0.86,135.0,0.89,21.24,0.9,40.0,0.13,61.27,0.12,167.02,0.14,5.0,0.15,20.0,0.01,0.01,2320.321266,1776232041000
1776232043.73,143.73,0.89,22.04,0.88,27.29,0.9,127.26,0.91,244.0,0.1,40.0,0.09,249.0,0.11,10.14,0.12,12.29,0.01,0.01,2320.24667,1776232042000
1776232043.934,143.934,0.89,22.04,0.88,27.29,0.9,127.26,0.91,244.0,0.1,127.26,0.09,244.0,0.11,22.04,0.12,27.29,0.01,0.01,2320.2333,1776232043000
1776232044.368,144.368,0.89,28.4,0.88,38.29,0.9,87.26,0.91,244.0,0.1,127.26,0.09,244.0,0.11,22.04,0.12,27.29,0.01,0.01,2320.2333,1776232043000
1776232045.133,145.133,0.89,28.4,0.88,38.29,0.9,87.26,0.91,244.0,0.1,87.26,0.09,244.0,0.11,28.4,0.12,38.29,0.01,0.01,2320.24667,1776232044000
1776232045.372,145.372,0.89,28.4,0.88,38.29,0.9,18.39,0.91,244.0,0.1,87.26,0.09,244.0,0.11,28.4,0.12,38.29,0.01,0.01,2320.24667,1776232044000
1776232045.767,145.767,0.89,28.4,0.88,32.29,0.9,21.25,0.91,244.0,0.1,18.39,0.09,244.0,0.11,28.4,0.12,38.29,0.01,0.01,2320.24667,1776232044000
1776232046.356,146.356,0.89,28.4,0.88,32.29,0.9,21.25,0.91,244.0,0.1,21.25,0.09,244.0,0.11,28.4,0.12,32.29,0.01,0.01,2320.42176,1776232045000
1776232046.938,146.938,0.89,28.4,0.88,32.29,0.9,21.25,0.91,244.0,0.1,21.25,0.09,244.0,0.11,28.4,0.12,32.29,0.01,0.01,2320.50674,1776232046000
1776232047.712,147.712,0.89,32.04,0.88,37.29,0.91,238.1,0.92,54.9,0.1,21.25,0.09,244.0,0.11,28.4,0.12,32.29,0.02,0.01,2320.50674,1776232046000
1776232048.11,148.11,0.89,32.04,0.88,37.29,0.91,238.1,0.92,54.9,0.09,238.1,0.08,54.9,0.11,32.04,0.12,37.29,0.02,0.02,2320.54895,1776232047000
1776232048.856,148.856,0.89,8.91,0.88,27.29,0.9,20.1,0.91,238.1,0.09,238.1,0.08,54.9,0.11,32.04,0.12,37.29,0.01,0.02,2320.54895,1776232047000
1776232049.173,149.173,0.89,8.91,0.88,27.29,0.9,20.1,0.91,238.1,0.1,20.1,0.09,238.1,0.11,8.91,0.12,27.29,0.01,0.01,2320.54943,1776232048000
1776232049.879,149.879,0.89,8.91,0.88,27.29,0.9,20.1,0.91,238.1,0.1,20.1,0.09,238.1,0.11,8.91,0.12,27.29,0.01,0.01,2320.54725,1776232049000
1776232050.939,150.939,0.89,8.91,0.88,27.29,0.9,20.1,0.91,238.1,0.1,20.1,0.09,238.1,0.11,8.91,0.12,27.29,0.01,0.01,2320.535155,1776232050000
1776232052.303,152.303,0.9,50.0,0.89,23.91,0.91,205.72,0.92,59.9,0.1,20.1,0.09,238.1,0.11,8.91,0.12,27.29,0.01,0.01,2320.535155,1776232050000
1776232052.816,152.816,0.9,50.0,0.89,23.91,0.91,205.72,0.92,59.9,0.09,205.72,0.08,59.9,0.1,50.0,0.11,23.91,0.01,0.01,2320.591138,1776232051000
1776232053.652,153.652,0.9,75.0,0.89,34.91,0.91,202.58,0.92,54.9,0.09,205.72,0.08,59.9,0.1,50.0,0.11,23.91,0.01,0.01,2320.591138,1776232051000
1776232054.34,154.34,0.9,100.0,0.89,34.91,0.91,192.02,0.92,59.9,0.09,197.3,0.08,54.9,0.1,75.0,0.11,34.91,0.01,0.01,2320.53514,1776232052000
1776232054.962,154.962,0.9,100.0,0.89,34.91,0.91,192.02,0.92,59.9,0.09,192.02,0.08,59.9,0.1,100.0,0.11,34.91,0.01,0.01,2320.53692,1776232053000
1776232055.593,155.593,0.9,100.0,0.89,34.91,0.91,192.02,0.92,59.9,0.09,192.02,0.08,59.9,0.1,100.0,0.11,34.91,0.01,0.01,2320.5646,1776232054000
1776232056.385,156.385,0.9,100.0,0.89,34.91,0.91,192.02,0.92,59.9,0.09,192.02,0.08,59.9,0.1,100.0,0.11,34.91,0.01,0.01,2320.565335,1776232055000
1776232057.16,157.16,0.9,100.0,0.89,34.91,0.91,192.02,0.92,59.9,0.09,192.02,0.08,59.9,0.1,100.0,0.11,34.91,0.01,0.01,2320.558605,1776232056000
1776232058.453,158.453,0.9,100.0,0.89,34.91,0.91,192.02,0.92,59.9,0.09,192.02,0.08,59.9,0.1,100.0,0.11,34.91,0.01,0.01,2320.538605,1776232057000
1776232059.28,159.28,0.93,20.0,0.92,20.0,0.94,42.42,0.95,101.8,0.06,42.42,0.05,101.8,0.07,20.0,0.08,20.0,0.01,0.01,2320.523615,1776232058000
1776232059.847,159.847,0.93,130.0,0.92,120.0,0.94,56.09,0.95,205.8,0.06,42.42,0.05,101.8,0.07,20.0,0.08,20.0,0.01,0.01,2320.523615,1776232058000
1776232060.079,160.079,0.93,125.0,0.92,120.0,0.94,45.45,0.95,205.8,0.06,56.09,0.05,205.8,0.07,130.0,0.08,120.0,0.01,0.01,2320.523615,1776232058000
1776232060.708,160.708,0.93,125.0,0.92,120.0,0.94,45.45,0.95,205.8,0.06,45.45,0.05,205.8,0.07,125.0,0.08,120.0,0.01,0.01,2320.608434,1776232059000
1776232061.454,161.454,0.93,125.0,0.92,120.0,0.94,45.45,0.95,205.8,0.06,45.45,0.05,205.8,0.07,125.0,0.08,120.0,0.01,0.01,2320.69898,1776232060000
1776232062.168,162.168,0.93,170.0,0.92,125.0,0.94,23.35,0.95,105.8,0.06,23.35,0.05,105.8,0.07,170.0,0.08,125.0,0.01,0.01,2320.699695,1776232061000
1776232063.584,163.584,0.93,170.0,0.92,125.0,0.94,23.35,0.95,105.8,0.06,23.35,0.05,105.8,0.07,170.0,0.08,125.0,0.01,0.01,2320.723735,1776232062000
1776232064.306,164.306,0.93,170.0,0.92,125.0,0.94,23.35,0.95,105.8,0.06,23.35,0.05,105.8,0.07,170.0,0.08,125.0,0.01,0.01,2320.729725,1776232063000
1776232065.026,165.026,0.93,88.82,0.92,151.0,0.94,72.18,0.95,105.8,0.06,72.18,0.05,105.8,0.07,88.82,0.08,151.0,0.01,0.01,2320.723355,1776232064000
1776232065.609,165.609,0.92,10.0,0.91,57.0,0.94,44.54,0.95,105.8,0.06,64.05,0.05,105.8,0.07,5.0,0.08,51.0,0.02,0.01,2320.723355,1776232064000
1776232066.346,166.346,0.92,10.0,0.91,57.0,0.94,44.54,0.95,105.8,0.06,44.54,0.05,105.8,0.08,10.0,0.09,57.0,0.02,0.02,2320.676085,1776232065000
1776232067.137,167.137,0.92,10.0,0.91,57.0,0.94,44.54,0.95,105.8,0.06,44.54,0.05,105.8,0.08,10.0,0.09,57.0,0.02,0.02,2320.669725,1776232066000
1776232068.021,168.021,0.88,22.29,0.87,15.0,0.93,102.07,0.94,38.54,0.07,31.77,0.06,44.54,0.08,30.0,0.09,57.0,0.05,0.01,2320.669725,1776232066000
1776232068.521,168.521,0.89,1.12,0.88,15.0,0.9,25.0,0.91,220.0,0.09,10.0,0.08,92.9,0.13,12.96,0.14,65.0,0.01,0.04,2320.669725,1776232066000
1776232069.311,169.311,0.89,1.12,0.88,15.0,0.9,25.0,0.91,220.0,0.1,25.0,0.09,220.0,0.11,1.12,0.12,15.0,0.01,0.01,2320.623565,1776232068000
1776232070.062,170.062,0.89,1.12,0.88,15.0,0.9,25.0,0.91,220.0,0.1,25.0,0.09,220.0,0.11,1.12,0.12,15.0,0.01,0.01,2320.51585,1776232069000
1776232070.516,170.516,0.79,3.63,0.78,5.0,0.89,57.0,0.9,10.0,0.1,25.0,0.09,220.0,0.11,1.12,0.12,15.0,0.1,0.01,2320.51585,1776232069000
1776232070.887,170.887,0.76,43.59,0.75,10.0,0.85,30.0,0.86,10.0,0.14,35.71,0.13,10.0,0.17,5.9,0.21,3.63,0.09,0.03,2320.51585,1776232069000
1776232071.36,171.36,0.8,20.0,0.79,20.0,0.81,23.74,0.82,20.0,0.17,19.0,0.16,83.31,0.19,30.0,0.22,10.0,0.01,0.02,2320.51585,1776232069000
1776232071.641,171.641,0.82,9.22,0.81,10.0,0.85,21.0,0.86,20.0,0.19,23.74,0.18,20.0,0.21,10.47,0.22,20.0,0.03,0.02,2320.51585,1776232069000
1776232072.046,172.046,0.84,10.0,0.83,10.0,0.86,17.74,0.87,15.0,0.15,21.0,0.14,20.0,0.18,9.22,0.19,10.0,0.02,0.03,2320.37805,1776232070000
1776232072.469,172.469,0.84,10.0,0.83,10.0,0.87,15.0,0.88,30.0,0.13,15.0,0.12,30.0,0.16,10.0,0.17,10.0,0.03,0.03,2320.106381,1776232071000
1776232074.115,174.115,0.84,10.0,0.83,10.0,0.87,15.0,0.88,30.0,0.13,15.0,0.12,30.0,0.16,10.0,0.17,10.0,0.03,0.03,2319.99425,1776232072000
1776232074.425,174.425,0.84,45.0,0.83,20.0,0.86,17.21,0.87,17.76,0.13,15.0,0.12,30.0,0.16,10.0,0.17,10.0,0.02,0.03,2319.99425,1776232072000
1776232074.628,174.628,0.84,45.0,0.83,20.0,0.86,17.21,0.87,17.76,0.14,17.21,0.13,17.76,0.16,45.0,0.17,20.0,0.02,0.02,2320.10927,1776232073000
1776232075.239,175.239,0.84,45.0,0.83,20.0,0.86,17.21,0.87,17.76,0.14,17.21,0.13,17.76,0.16,45.0,0.17,20.0,0.02,0.02,2320.10255,1776232074000
1776232076.53,176.53,0.84,30.0,0.83,20.0,0.85,16.73,0.86,22.21,0.14,17.21,0.13,17.76,0.16,45.0,0.17,20.0,0.01,0.02,2320.10255,1776232074000
1776232077.589,177.589,0.84,30.0,0.83,20.0,0.85,16.73,0.86,22.21,0.15,16.73,0.14,22.21,0.16,30.0,0.17,20.0,0.01,0.01,2320.107475,1776232076000
1776232078.199,178.199,0.84,30.0,0.83,20.0,0.85,16.73,0.86,22.21,0.15,16.73,0.14,22.21,0.16,30.0,0.17,20.0,0.01,0.01,2320.099375,1776232077000
1776232078.44,178.44,0.84,5.0,0.83,5.0,0.86,49.21,0.87,17.76,0.15,16.73,0.14,22.21,0.16,30.0,0.17,20.0,0.02,0.01,2320.099375,1776232077000
1776232079.417,179.417,0.83,5.0,0.82,5.0,0.85,10.0,0.86,49.21,0.15,10.0,0.14,49.21,0.17,5.0,0.18,5.0,0.02,0.02,2320.09858,1776232078000
1776232080.038,180.038,0.82,10.0,0.81,65.0,0.84,82.31,0.85,31.73,0.15,10.0,0.14,49.21,0.17,5.0,0.18,5.0,0.02,0.02,2320.09858,1776232078000
1776232081.399,181.399,0.82,20.0,0.81,65.0,0.83,9.94,0.84,50.31,0.16,82.31,0.15,31.73,0.18,10.0,0.19,65.0,0.01,0.02,2320.0875,1776232079000
1776232082.203,182.203,0.82,20.0,0.81,65.0,0.83,9.94,0.84,50.31,0.17,9.94,0.16,50.31,0.18,20.0,0.19,65.0,0.01,0.01,2319.8984,1776232081000
1776232082.692,182.692,0.76,38.25,0.73,10.0,0.83,10.0,0.84,47.0,0.17,9.94,0.16,50.31,0.18,20.0,0.19,65.0,0.07,0.01,2319.8984,1776232081000
1776232083.469,183.469,0.77,10.0,0.76,56.25,0.82,10.0,0.83,10.0,0.18,10.0,0.17,10.0,0.23,10.0,0.24,56.25,0.05,0.05,2319.89835,1776232082000
1776232084.17,184.17,0.81,14.73,0.8,15.0,0.82,15.61,0.83,10.0,0.18,10.0,0.17,10.0,0.23,10.0,0.24,56.25,0.01,0.05,2319.89835,1776232082000
1776232085.519,185.519,0.81,14.73,0.8,15.0,0.82,15.61,0.83,10.0,0.18,15.61,0.17,10.0,0.19,14.73,0.2,10.0,0.01,0.01,2319.906487,1776232084000
1776232086.037,186.037,0.81,89.73,0.8,15.0,0.82,6.0,0.83,20.94,0.18,15.61,0.17,10.0,0.19,14.73,0.2,10.0,0.01,0.01,2319.906487,1776232084000
1776232086.264,186.264,0.81,89.73,0.8,15.0,0.82,6.0,0.83,20.94,0.18,6.0,0.17,20.94,0.19,89.73,0.2,15.0,0.01,0.01,2319.90325,1776232085000
1776232087.53,187.53,0.81,89.73,0.8,15.0,0.82,6.0,0.83,20.94,0.18,6.0,0.17,20.94,0.19,89.73,0.2,15.0,0.01,0.01,2319.8906,1776232086000
1776232088.245,188.245,0.81,89.73,0.8,15.0,0.82,6.0,0.83,20.94,0.18,6.0,0.17,20.94,0.19,89.73,0.2,15.0,0.01,0.01,2319.8737,1776232087000
1776232089.723,189.723,0.82,194.0,0.81,25.0,0.83,24.25,0.84,16.31,0.18,6.0,0.17,20.94,0.19,89.73,0.2,15.0,0.01,0.01,2319.8737,1776232087000
1776232089.928,189.928,0.82,194.0,0.81,25.0,0.83,24.25,0.84,16.31,0.17,24.25,0.16,16.31,0.18,194.0,0.19,25.0,0.01,0.01,2319.883975,1776232088000
1776232090.512,190.512,0.82,194.0,0.81,25.0,0.83,24.25,0.84,16.31,0.17,24.25,0.16,16.31,0.18,194.0,0.19,25.0,0.01,0.01,2319.912715,1776232089000
1776232091.444,191.444,0.82,194.0,0.81,25.0,0.83,24.25,0.84,16.31,0.17,24.25,0.16,16.31,0.18,194.0,0.19,25.0,0.01,0.01,2319.912715,1776232090000
1776232091.887,191.887,0.88,35.0,0.87,15.0,0.91,209.72,0.92,63.9,0.17,24.25,0.16,16.31,0.18,194.0,0.19,25.0,0.03,0.01,2319.912715,1776232090000
1776232092.105,192.105,0.88,35.0,0.87,15.0,0.91,209.72,0.92,63.9,0.09,209.72,0.08,63.9,0.12,35.0,0.13,15.0,0.03,0.03,2319.923325,1776232091000
1776232092.429,192.429,0.89,10.0,0.88,25.0,0.91,200.0,0.92,10.0,0.09,209.72,0.08,63.9,0.12,35.0,0.13,15.0,0.02,0.03,2319.923325,1776232091000
1776232093.265,193.265,0.89,18.5,0.88,10.0,0.9,6.24,0.91,210.0,0.1,6.24,0.09,210.0,0.11,18.5,0.12,10.0,0.01,0.01,2319.89855,1776232092000
1776232093.729,193.729,0.89,55.77,0.88,20.0,0.9,6.24,0.91,215.0,0.1,6.24,0.09,210.0,0.11,18.5,0.12,10.0,0.01,0.01,2319.89855,1776232092000
1776232094.5,194.5,0.89,60.77,0.88,20.0,0.9,0.68,0.91,215.0,0.1,0.68,0.09,215.0,0.11,60.77,0.12,20.0,0.01,0.01,2320.133899,1776232093000
1776232095.131,195.131,0.89,60.77,0.88,20.0,0.9,0.68,0.91,215.0,0.1,0.68,0.09,215.0,0.11,60.77,0.12,20.0,0.01,0.01,2320.257975,1776232094000
1776232096.352,196.352,0.89,60.77,0.88,20.0,0.9,0.68,0.91,215.0,0.1,0.68,0.09,215.0,0.11,60.77,0.12,20.0,0.01,0.01,2320.26726,1776232095000
1776232096.865,196.865,0.84,10.0,0.83,25.0,0.85,10.0,0.86,15.0,0.11,20.0,0.1,37.78,0.16,18.95,0.17,28.0,0.01,0.05,2320.26726,1776232095000
1776232097.513,197.513,0.84,10.0,0.83,25.0,0.85,10.0,0.86,15.0,0.15,10.0,0.14,15.0,0.16,10.0,0.17,25.0,0.01,0.01,2320.274115,1776232096000
1776232098.067,198.067,0.84,35.0,0.83,35.0,0.86,3.31,0.87,10.0,0.14,3.31,0.13,10.0,0.16,35.0,0.17,35.0,0.02,0.02,2320.24833,1776232097000
1776232099.185,199.185,0.84,35.0,0.83,35.0,0.86,3.31,0.87,10.0,0.14,3.31,0.13,10.0,0.16,35.0,0.17,35.0,0.02,0.02,2320.054412,1776232098000
1776232100.414,200.414,0.84,35.0,0.83,35.0,0.86,3.31,0.87,10.0,0.14,3.31,0.13,10.0,0.16,35.0,0.17,35.0,0.02,0.02,2320.052,1776232099000
1776232101.013,201.013,0.84,35.0,0.83,35.0,0.86,3.31,0.87,10.0,0.14,3.31,0.13,10.0,0.16,35.0,0.17,35.0,0.02,0.02,2320.052,1776232100000
1776232102.158,202.158,0.84,35.0,0.83,35.0,0.86,3.31,0.87,10.0,0.14,3.31,0.13,10.0,0.16,35.0,0.17,35.0,0.02,0.02,2320.072,1776232101000
1776232103.337,203.337,0.84,35.0,0.83,35.0,0.86,3.31,0.87,10.0,0.14,3.31,0.13,10.0,0.16,35.0,0.17,35.0,0.02,0.02,2320.072,1776232102000
1776232103.935,203.935,0.84,35.0,0.83,35.0,0.86,3.31,0.87,10.0,0.14,3.31,0.13,10.0,0.16,35.0,0.17,35.0,0.02,0.02,2320.077,1776232103000
1776232104.232,204.232,0.87,96.0,0.86,20.0,0.88,49.0,0.89,35.0,0.14,3.31,0.13,10.0,0.16,35.0,0.17,35.0,0.01,0.02,2320.077,1776232103000
1776232105.506,205.506,0.87,96.0,0.86,20.0,0.88,49.0,0.89,35.0,0.12,49.0,0.11,35.0,0.13,96.0,0.14,20.0,0.01,0.01,2320.07235,1776232104000
1776232106.057,206.057,0.87,115.0,0.86,75.0,0.88,20.0,0.89,30.0,0.12,20.0,0.11,30.0,0.13,115.0,0.14,75.0,0.01,0.01,2320.08235,1776232105000
1776232106.45,206.45,0.87,102.3,0.86,75.0,0.88,30.0,0.89,35.0,0.12,20.0,0.11,30.0,0.13,115.0,0.14,75.0,0.01,0.01,2320.08235,1776232105000
1776232107.071,207.071,0.87,102.3,0.86,75.0,0.88,30.0,0.89,35.0,0.12,30.0,0.11,35.0,0.13,102.3,0.14,75.0,0.01,0.01,2320.08235,1776232106000
1776232108.082,208.082,0.87,102.3,0.86,75.0,0.88,30.0,0.89,35.0,0.12,30.0,0.11,35.0,0.13,102.3,0.14,75.0,0.01,0.01,2320.08235,1776232107000
1776232109.054,209.054,0.84,25.0,0.83,15.0,0.88,55.41,0.89,40.0,0.12,30.0,0.11,35.0,0.13,102.3,0.14,75.0,0.04,0.01,2320.08235,1776232107000
1776232109.464,209.464,0.85,25.0,0.84,35.0,0.86,19.83,0.87,32.0,0.12,55.41,0.11,40.0,0.16,25.0,0.17,15.0,0.01,0.04,2320.120955,1776232108000
1776232110.083,210.083,0.85,25.0,0.84,35.0,0.86,19.83,0.87,32.0,0.14,19.83,0.13,32.0,0.15,25.0,0.16,35.0,0.01,0.01,2320.03735,1776232109000
1776232110.594,210.594,0.85,30.0,0.84,25.0,0.86,15.81,0.87,22.0,0.14,19.83,0.13,32.0,0.15,25.0,0.16,35.0,0.01,0.01,2320.03735,1776232109000
1776232111.086,211.086,0.85,25.0,0.84,25.0,0.86,4.21,0.87,22.0,0.14,4.21,0.13,22.0,0.15,25.0,0.16,25.0,0.01,0.01,2319.95222,1776232110000
1776232111.874,211.874,0.88,14.0,0.86,150.0,0.9,5.0,0.91,205.0,0.14,4.21,0.13,22.0,0.15,25.0,0.16,25.0,0.02,0.01,2319.95222,1776232110000
1776232112.104,212.104,0.9,10.0,0.89,10.0,0.91,183.62,0.92,5.0,0.09,183.62,0.08,5.0,0.1,10.0,0.11,10.0,0.01,0.01,2319.9637,1776232111000
1776232112.468,212.468,0.9,35.0,0.89,10.0,0.91,193.85,0.92,15.0,0.09,183.62,0.08,5.0,0.1,10.0,0.11,10.0,0.01,0.01,2319.9637,1776232111000
1776232113.136,213.136,0.9,35.0,0.89,10.0,0.91,193.85,0.92,15.0,0.09,193.85,0.08,15.0,0.1,35.0,0.11,10.0,0.01,0.01,2319.97365,1776232112000
1776232114.258,214.258,0.9,40.0,0.89,15.0,0.91,170.58,0.92,10.0,0.09,170.58,0.08,10.0,0.1,40.0,0.11,15.0,0.01,0.01,2320.1431,1776232113000
1776232114.497,214.497,0.9,28.32,0.89,46.0,0.91,131.8,0.92,10.0,0.09,136.8,0.08,10.0,0.1,40.0,0.11,46.0,0.01,0.01,2320.1431,1776232113000
1776232115.452,215.452,0.9,28.32,0.89,46.0,0.91,131.8,0.92,10.0,0.09,131.8,0.08,10.0,0.1,28.32,0.11,46.0,0.01,0.01,2320.20155,1776232114000
1776232116.332,216.332,0.87,4.95,0.86,36.0,0.89,36.0,0.9,48.0,0.11,36.0,0.1,48.0,0.13,4.95,0.14,36.0,0.02,0.02,2320.17155,1776232115000
1776232116.582,216.582,0.86,20.0,0.85,10.0,0.88,15.0,0.89,46.0,0.11,36.0,0.1,48.0,0.13,4.95,0.14,36.0,0.02,0.02,2320.17155,1776232115000
1776232117.222,217.222,0.86,20.0,0.85,10.0,0.88,15.0,0.89,46.0,0.12,15.0,0.11,46.0,0.14,20.0,0.15,10.0,0.02,0.02,2320.1462,1776232116000
1776232118.844,218.844,0.84,10.0,0.83,10.0,0.87,10.0,0.88,10.0,0.13,10.0,0.12,10.0,0.16,10.0,0.17,10.0,0.03,0.03,2320.03245,1776232117000
1776232119.373,219.373,0.84,10.0,0.83,10.0,0.87,10.0,0.88,10.0,0.13,10.0,0.12,10.0,0.16,10.0,0.17,10.0,0.03,0.03,2319.946916,1776232118000
1776232120.369,220.369,0.84,10.0,0.83,10.0,0.87,10.0,0.88,10.0,0.13,10.0,0.12,10.0,0.16,10.0,0.17,10.0,0.03,0.03,2319.9372,1776232119000
1776232121.007,221.007,0.84,10.0,0.83,10.0,0.87,10.0,0.88,10.0,0.13,10.0,0.12,10.0,0.16,10.0,0.17,10.0,0.03,0.03,2319.9372,1776232120000
1776232121.948,221.948,0.84,10.0,0.83,10.0,0.87,10.0,0.88,10.0,0.13,10.0,0.12,10.0,0.16,10.0,0.17,10.0,0.03,0.03,2319.9473,1776232121000
1776232123.064,223.064,0.86,14.0,0.85,10.0,0.89,66.0,0.9,38.0,0.11,66.0,0.1,38.0,0.14,14.0,0.15,10.0,0.03,0.03,2319.9523,1776232122000
1776232123.799,223.799,0.87,15.0,0.86,14.0,0.89,43.75,0.9,38.0,0.11,66.0,0.1,38.0,0.14,14.0,0.15,10.0,0.02,0.03,2319.9523,1776232122000
1776232124.119,224.119,0.87,15.0,0.86,14.0,0.89,43.75,0.9,38.0,0.11,43.75,0.1,38.0,0.13,15.0,0.14,14.0,0.02,0.02,2319.95215,1776232123000
1776232125.082,225.082,0.72,10.0,0.71,10.0,0.76,33.0,0.88,45.0,0.11,43.75,0.1,38.0,0.13,15.0,0.14,14.0,0.04,0.02,2319.95215,1776232123000
1776232125.414,225.414,0.7,10.0,0.69,10.0,0.76,33.0,0.88,164.0,0.24,33.0,0.12,45.0,0.28,10.0,0.29,10.0,0.06,0.04,2319.9423,1776232124000
1776232125.634,225.634,0.69,2.67,0.68,10.0,0.76,33.0,0.77,76.0,0.24,33.0,0.17,29.41,0.3,0.1,0.31,10.0,0.07,0.06,2319.9423,1776232124000
1776232126.229,226.229,0.75,15.0,0.72,20.0,0.77,86.0,0.78,10.0,0.23,86.0,0.22,10.0,0.25,15.0,0.28,20.0,0.02,0.02,2319.9358,1776232125000
1776232126.516,226.516,0.75,15.0,0.69,2.67,0.76,15.0,0.77,101.0,0.23,86.0,0.22,10.0,0.25,15.0,0.28,20.0,0.01,0.02,2319.9358,1776232125000
1776232126.746,226.746,0.75,10.0,0.7,10.0,0.76,13.68,0.77,101.0,0.24,15.0,0.23,101.0,0.25,15.0,0.31,2.67,0.01,0.01,2319.9358,1776232125000
1776232127.071,227.071,0.72,25.0,0.71,10.0,0.73,7.39,0.74,20.0,0.23,57.75,0.22,10.0,0.25,5.0,0.29,10.0,0.01,0.02,2319.9358,1776232125000
1776232127.53,227.53,0.74,10.0,0.73,10.0,0.75,4.33,0.76,10.0,0.27,7.39,0.26,20.0,0.28,25.0,0.29,10.0,0.01,0.01,2319.411514,1776232126000
1776232128.343,228.343,0.74,10.0,0.73,10.0,0.75,4.33,0.76,10.0,0.25,4.33,0.24,10.0,0.26,10.0,0.27,10.0,0.01,0.01,2319.364431,1776232127000
1776232129.224,229.224,0.77,33.71,0.76,10.0,0.78,25.0,0.79,15.0,0.22,10.0,0.21,10.0,0.24,30.0,0.25,10.0,0.01,0.02,2319.364431,1776232127000
1776232129.459,229.459,0.77,33.71,0.76,10.0,0.78,25.0,0.79,15.0,0.22,25.0,0.21,15.0,0.23,33.71,0.24,10.0,0.01,0.01,2319.288208,1776232128000
1776232129.842,229.842,0.77,33.71,0.76,10.0,0.78,25.0,0.79,15.0,0.22,25.0,0.21,15.0,0.23,33.71,0.24,10.0,0.01,0.01,2319.31675,1776232129000
1776232130.047,230.047,0.67,6.0,0.58,10.0,0.75,10.0,0.76,60.0,0.23,147.0,0.22,30.0,0.28,1.74,0.33,6.0,0.08,0.05,2319.31675,1776232129000
1776232130.321,230.321,0.53,5.0,0.52,5.0,0.59,100.0,0.6,10.0,0.39,17.0,0.38,10.0,0.42,2.69,0.47,5.0,0.06,0.03,2319.31675,1776232129000
1776232130.69,230.69,0.36,70.0,0.35,20.8,0.46,10.0,0.47,10.0,0.49,60.0,0.48,7.5,0.64,50.0,0.65,20.8,0.1,0.15,2319.31675,1776232129000
1776232131.0,231.0,0.41,63.75,0.36,50.0,0.42,10.0,0.43,10.0,0.58,10.0,0.56,10.0,0.59,68.79,0.64,50.0,0.01,0.01,2319.31675,1776232129000
1776232131.232,231.232,0.43,12.39,0.41,58.71,0.44,10.0,0.45,10.0,0.58,7.61,0.57,10.0,0.59,58.71,0.64,50.0,0.01,0.01,2319.353273,1776232130000
1776232131.439,231.439,0.43,18.24,0.42,7.0,0.44,10.0,0.45,10.0,0.56,10.0,0.55,10.0,0.57,7.39,0.59,38.71,0.01,0.01,2319.353273,1776232130000
1776232131.719,231.719,0.41,25.45,0.36,50.0,0.43,36.96,0.44,10.0,0.57,26.96,0.56,10.0,0.58,7.0,0.59,48.71,0.02,0.01,2319.353273,1776232130000
1776232132.406,232.406,0.41,20.19,0.35,5.0,0.42,10.0,0.43,10.0,0.57,36.72,0.56,10.0,0.59,25.45,0.64,50.0,0.01,0.02,2319.353273,1776232130000
1776232132.666,232.666,0.35,24.28,0.31,70.0,0.37,5.0,0.38,10.0,0.61,8.19,0.58,20.0,0.69,70.0,0.7,70.0,0.02,0.08,2319.353273,1776232130000
1776232132.899,232.899,0.35,28.0,0.34,10.0,0.36,5.0,0.37,35.0,0.63,5.0,0.62,10.0,0.65,24.28,0.69,70.0,0.01,0.02,2318.65458,1776232131000
1776232133.238,233.238,0.33,9.0,0.32,10.0,0.35,10.0,0.36,10.0,0.65,10.0,0.64,10.0,0.67,9.0,0.68,10.0,0.02,0.02,2318.55201,1776232132000
1776232133.922,233.922,0.33,105.95,0.32,10.0,0.35,1.5,0.36,20.0,0.65,10.0,0.64,10.0,0.67,9.0,0.68,10.0,0.02,0.02,2318.55201,1776232132000
1776232134.16,234.16,0.33,87.71,0.32,10.0,0.36,10.0,0.37,35.0,0.64,10.0,0.63,35.0,0.66,2.0,0.67,100.95,0.03,0.02,2318.55201,1776232132000
1776232134.383,234.383,0.34,7.83,0.33,82.77,0.36,10.0,0.37,27.2,0.63,27.2,0.62,10.0,0.65,20.0,0.66,5.0,0.02,0.02,2318.55201,1776232132000
1776232134.743,234.743,0.34,16.62,0.33,72.77,0.35,10.0,0.36,15.0,0.64,10.0,0.63,27.2,0.65,4.6,0.66,7.83,0.01,0.01,2318.346591,1776232133000
1776232135.003,235.003,0.34,16.62,0.33,72.77,0.35,10.0,0.36,15.0,0.65,10.0,0.64,15.0,0.66,16.62,0.67,72.77,0.01,0.01,2318.29445,1776232134000
1776232135.324,235.324,0.34,16.02,0.33,72.77,0.35,15.0,0.36,13.06,0.64,8.06,0.63,27.2,0.66,15.0,0.67,62.77,0.01,0.02,2318.29445,1776232134000
1776232135.752,235.752,0.34,11.02,0.33,62.77,0.36,8.08,0.37,27.2,0.65,5.05,0.64,13.06,0.66,26.02,0.67,72.77,0.02,0.01,2318.29445,1776232134000
1776232136.052,236.052,0.33,11.77,0.27,18.3,0.34,20.0,0.35,30.0,0.65,25.0,0.64,8.08,0.66,5.97,0.67,62.77,0.01,0.01,2318.29445,1776232134000
1776232136.424,236.424,0.33,15.0,0.32,83.02,0.34,20.0,0.35,25.0,0.66,20.0,0.65,30.0,0.67,11.77,0.73,18.3,0.01,0.01,2318.27425,1776232135000
1776232136.921,236.921,0.33,27.2,0.32,83.02,0.34,13.11,0.35,25.0,0.66,19.0,0.65,25.0,0.67,15.0,0.68,83.02,0.01,0.01,2318.27425,1776232135000
1776232137.235,237.235,0.33,19.2,0.32,83.02,0.34,18.11,0.35,20.0,0.66,18.11,0.65,20.0,0.67,27.2,0.68,83.02,0.01,0.01,2318.27425,1776232135000
1776232137.468,237.468,0.33,29.2,0.32,83.02,0.35,8.88,0.36,3.08,0.66,18.11,0.65,20.0,0.67,19.2,0.68,83.02,0.02,0.01,2318.2779,1776232136000
1776232137.682,237.682,0.33,22.2,0.2,5.0,0.34,33.44,0.35,61.88,0.65,8.88,0.64,3.08,0.67,29.2,0.68,83.02,0.01,0.02,2318.2779,1776232136000
1776232138.024,238.024,0.19,4.9,0.18,51.77,0.2,46.81,0.21,40.0,0.8,40.0,0.79,10.0,0.81,4.9,0.82,51.77,0.01,0.01,2318.2779,1776232136000
1776232138.235,238.235,0.18,51.06,0.16,96.8,0.19,10.0,0.2,26.81,0.8,21.81,0.79,40.0,0.82,46.67,0.84,96.8,0.01,0.02,2318.2779,1776232136000
1776232138.435,238.435,0.18,15.61,0.17,113.35,0.2,4.47,0.21,40.0,0.81,5.66,0.8,21.81,0.82,15.61,0.83,113.35,0.02,0.01,2318.239905,1776232137000
1776232138.971,238.971,0.18,15.61,0.17,113.35,0.2,4.47,0.21,40.0,0.8,4.47,0.79,40.0,0.82,15.61,0.83,113.35,0.02,0.02,2318.229813,1776232138000
1776232139.441,239.441,0.18,19.39,0.17,113.35,0.19,10.0,0.2,14.47,0.8,4.47,0.79,40.0,0.82,15.61,0.83,113.35,0.01,0.02,2318.229813,1776232138000
1776232140.013,240.013,0.12,37.82,0.11,36.79,0.19,87.35,0.2,14.47,0.81,7.35,0.8,14.47,0.82,19.39,0.83,113.35,0.07,0.01,2318.229813,1776232138000
1776232140.357,240.357,0.12,22.03,0.11,171.48,0.13,0.72,0.14,20.0,0.86,10.0,0.85,15.88,0.88,3.62,0.89,36.79,0.01,0.02,2317.83469,1776232139000
1776232140.627,240.627,0.12,16.95,0.11,171.48,0.13,10.0,0.14,4.16,0.86,4.16,0.85,40.0,0.88,18.84,0.89,171.48,0.01,0.02,2317.83469,1776232139000
1776232141.164,241.164,0.12,15.81,0.11,171.48,0.13,8.69,0.14,4.16,0.87,8.69,0.86,4.16,0.88,15.81,0.89,171.48,0.01,0.01,2317.6094,1776232140000
1776232141.849,241.849,0.12,14.81,0.11,171.48,0.13,28.69,0.14,19.16,0.87,8.69,0.86,4.16,0.88,15.81,0.89,171.48,0.01,0.01,2317.6094,1776232140000
1776232142.125,242.125,0.12,14.81,0.11,134.69,0.13,23.69,0.14,19.16,0.87,28.69,0.86,19.16,0.88,14.81,0.89,171.48,0.01,0.01,2317.6094,1776232140000
1776232142.717,242.717,0.12,19.0,0.11,198.68,0.19,30.0,0.22,10.0,0.87,23.69,0.86,19.16,0.89,124.5,0.9,125.0,0.07,0.02,2317.415531,1776232141000
1776232143.015,243.015,0.19,12.53,0.18,80.0,0.2,5.0,0.21,29.74,0.79,39.74,0.78,20.0,0.81,10.0,0.82,10.0,0.01,0.02,2317.415531,1776232141000
1776232143.331,243.331,0.19,12.0,0.18,80.0,0.2,15.0,0.21,29.74,0.8,15.0,0.79,29.74,0.81,12.0,0.82,80.0,0.01,0.01,2317.32563,1776232142000
1776232143.741,243.741,0.22,8.76,0.21,10.0,0.23,15.0,0.24,15.0,0.79,8.26,0.77,10.0,0.81,12.0,0.82,80.0,0.01,0.02,2317.32563,1776232142000
1776232143.947,243.947,0.22,8.76,0.21,10.0,0.23,15.0,0.24,15.0,0.77,15.0,0.76,15.0,0.78,8.76,0.79,10.0,0.01,0.01,2317.23683,1776232143000
1776232145.009,245.009,0.21,10.0,0.2,10.0,0.23,17.08,0.24,15.0,0.77,17.08,0.76,15.0,0.79,10.0,0.8,10.0,0.02,0.02,2317.651705,1776232144000
1776232145.233,245.233,0.21,20.0,0.2,10.0,0.23,10.0,0.24,20.0,0.77,17.08,0.76,15.0,0.79,10.0,0.8,10.0,0.02,0.02,2317.651705,1776232144000
1776232146.058,246.058,0.21,17.46,0.2,10.0,0.22,10.0,0.23,10.0,0.78,10.0,0.77,10.0,0.79,17.46,0.8,10.0,0.01,0.01,2317.71445,1776232145000
1776232146.528,246.528,0.21,5.0,0.2,10.0,0.22,11.0,0.23,15.0,0.78,10.0,0.77,10.0,0.79,17.46,0.8,10.0,0.01,0.01,2317.71445,1776232145000
1776232146.802,246.802,0.2,8.75,0.19,7.0,0.22,16.0,0.23,10.0,0.78,11.0,0.77,15.0,0.79,5.0,0.8,10.0,0.02,0.01,2317.71445,1776232145000
1776232147.04,247.04,0.19,7.0,0.18,85.0,0.22,16.0,0.23,10.0,0.78,16.0,0.77,10.0,0.81,7.0,0.82,85.0,0.03,0.03,2317.7383,1776232146000
1776232147.332,247.332,0.2,15.0,0.19,7.0,0.23,7.35,0.24,20.0,0.78,16.0,0.77,10.0,0.81,7.0,0.82,85.0,0.03,0.03,2317.7383,1776232146000
1776232148.487,248.487,0.2,15.0,0.19,7.0,0.23,7.35,0.24,20.0,0.77,7.35,0.76,20.0,0.8,15.0,0.81,7.0,0.03,0.03,2317.741815,1776232147000
1776232149.0,249.0,0.2,15.0,0.19,7.0,0.23,7.35,0.24,20.0,0.77,7.35,0.76,20.0,0.8,15.0,0.81,7.0,0.03,0.03,2317.7137,1776232148000
1776232149.759,249.759,0.14,16.74,0.12,10.0,0.15,26.19,0.16,10.0,0.77,7.35,0.76,20.0,0.8,15.0,0.81,7.0,0.01,0.03,2317.7137,1776232148000
1776232150.164,250.164,0.14,18.05,0.11,10.0,0.15,100.19,0.16,10.0,0.85,26.19,0.84,10.0,0.86,16.74,0.88,10.0,0.01,0.01,2317.7137,1776232148000
1776232150.41,250.41,0.12,10.0,0.11,10.0,0.15,95.19,0.16,10.0,0.85,100.19,0.84,10.0,0.86,18.05,0.89,10.0,0.03,0.01,2317.7137,1776232148000
1776232151.02,251.02,0.08,10.0,0.07,10.0,0.11,23.0,0.12,28.0,0.87,10.0,0.86,10.0,0.88,6.41,0.89,5.0,0.03,0.01,2317.6943,1776232149000
1776232152.038,252.038,0.09,45.47,0.08,2.42,0.1,16.21,0.11,18.0,0.89,28.0,0.88,28.0,0.92,2.42,0.93,10.0,0.01,0.03,2317.6935,1776232150000
1776232152.61,252.61,0.09,21.22,0.08,108.01,0.11,26.75,0.12,82.0,0.9,16.21,0.89,18.0,0.91,45.47,0.92,2.42,0.02,0.01,2317.417427,1776232151000
1776232152.854,252.854,0.05,18.59,0.04,20.0,0.1,162.0,0.11,96.75,0.89,26.75,0.88,82.0,0.91,21.22,0.92,108.01,0.05,0.02,2317.417427,1776232151000
1776232153.386,253.386,0.04,7.57,0.03,254.7,0.06,10.0,0.07,10.0,0.94,10.0,0.93,10.0,0.96,7.57,0.97,254.7,0.02,0.02,2317.215416,1776232152000
1776232153.95,253.95,0.04,164.2,0.03,229.7,0.06,10.0,0.07,10.0,0.94,10.0,0.93,10.0,0.96,164.2,0.97,229.7,0.02,0.02,2317.205572,1776232153000
1776232155.174,255.174,0.04,163.15,0.03,229.7,0.06,10.0,0.07,10.0,0.94,10.0,0.93,10.0,0.96,163.15,0.97,229.7,0.02,0.02,2316.8785,1776232154000
1776232155.42,255.42,0.05,7.95,0.04,163.15,0.06,15.0,0.07,10.0,0.94,10.0,0.93,10.0,0.96,163.15,0.97,229.7,0.01,0.02,2316.8785,1776232154000
1776232155.687,255.687,0.04,35.1,0.03,106.0,0.07,77.0,0.08,20.0,0.94,4.13,0.93,10.0,0.95,12.95,0.96,163.15,0.03,0.01,2316.8785,1776232154000
1776232156.224,256.224,0.04,35.1,0.03,106.0,0.07,77.0,0.08,20.0,0.93,77.0,0.92,20.0,0.96,35.1,0.97,106.0,0.03,0.03,2316.8285,1776232155000
1776232156.443,256.443,0.06,5.0,0.05,10.0,0.07,12.0,0.08,20.0,0.93,77.0,0.92,20.0,0.96,35.1,0.97,106.0,0.01,0.03,2316.8285,1776232155000
1776232156.688,256.688,0.06,6.93,0.05,10.0,0.07,17.0,0.08,20.0,0.93,12.0,0.92,20.0,0.94,8.43,0.95,10.0,0.01,0.01,2316.8285,1776232155000
1776232157.079,257.079,0.05,9.36,0.04,40.1,0.07,2.71,0.08,20.0,0.93,2.71,0.92,20.0,0.94,10.0,0.95,10.0,0.02,0.01,2316.8285,1776232155000
1776232157.479,257.479,0.05,9.36,0.04,40.1,0.07,2.71,0.08,20.0,0.93,2.71,0.92,20.0,0.95,9.36,0.96,40.1,0.02,0.02,2316.84315,1776232156000
1776232157.772,257.772,0.04,12.91,0.03,246.7,0.08,25.0,0.09,10.0,0.93,2.71,0.92,20.0,0.95,9.36,0.96,40.1,0.04,0.02,2316.84315,1776232156000
1776232157.99,257.99,0.04,12.91,0.03,246.7,0.08,25.0,0.09,10.0,0.92,25.0,0.91,10.0,0.96,12.91,0.97,246.7,0.04,0.04,2316.84315,1776232157000
1776232159.14,259.14,0.07,13.92,0.06,20.0,0.08,10.0,0.1,38.0,0.92,25.0,0.91,10.0,0.96,12.91,0.97,246.7,0.01,0.04,2316.84315,1776232157000
1776232159.386,259.386,0.08,32.17,0.07,51.92,0.1,10.0,0.11,36.0,0.9,23.65,0.89,36.0,0.91,10.0,0.92,10.0,0.02,0.01,2316.8886,1776232158000
1776232160.337,260.337,0.08,13.73,0.07,51.92,0.1,15.0,0.11,10.0,0.9,15.0,0.89,10.0,0.92,13.73,0.93,51.92,0.02,0.02,2316.9086,1776232159000
1776232160.538,260.538,0.09,10.68,0.08,10.0,0.1,35.0,0.11,15.0,0.9,15.0,0.89,10.0,0.92,13.73,0.93,51.92,0.01,0.02,2316.9086,1776232159000
1776232160.818,260.818,0.09,15.68,0.08,10.0,0.1,4.0,0.11,11.63,0.89,11.63,0.88,10.0,0.91,10.68,0.92,10.0,0.01,0.02,2316.9086,1776232159000
1776232161.496,261.496,0.09,10.78,0.08,10.0,0.1,10.0,0.13,10.0,0.9,4.0,0.89,11.63,0.91,15.68,0.92,10.0,0.01,0.01,2316.9086,1776232159000
1776232162.099,262.099,0.1,29.04,0.09,27.44,0.14,40.0,0.15,20.0,0.87,10.0,0.86,10.0,0.9,19.04,0.91,10.78,0.04,0.03,2317.10375,1776232160000
1776232162.565,262.565,0.1,29.04,0.09,27.44,0.14,40.0,0.15,20.0,0.86,40.0,0.85,20.0,0.9,29.04,0.91,27.44,0.04,0.04,2317.15375,1776232161000
1776232162.819,262.819,0.1,19.04,0.09,16.66,0.11,13.08,0.12,15.0,0.86,40.0,0.85,20.0,0.9,29.04,0.91,27.44,0.01,0.04,2317.15375,1776232161000
1776232163.068,263.068,0.1,8.14,0.09,16.66,0.11,13.08,0.12,15.0,0.89,13.08,0.88,15.0,0.9,8.14,0.91,16.66,0.01,0.01,2317.154902,1776232162000
1776232163.285,263.285,0.1,32.12,0.09,31.66,0.11,10.0,0.12,10.0,0.89,13.08,0.88,15.0,0.9,8.14,0.91,16.66,0.01,0.01,2317.154902,1776232162000
1776232163.675,263.675,0.1,32.12,0.09,31.66,0.11,10.0,0.12,10.0,0.89,10.0,0.88,10.0,0.9,32.12,0.91,31.66,0.01,0.01,2317.154902,1776232162000
1776232164.116,264.116,0.1,32.12,0.09,31.66,0.11,10.0,0.12,10.0,0.89,10.0,0.88,10.0,0.9,32.12,0.91,31.66,0.01,0.01,2317.255165,1776232163000
1776232164.318,264.318,0.11,11.0,0.1,22.12,0.12,15.0,0.13,10.0,0.89,10.0,0.88,10.0,0.9,32.12,0.91,31.66,0.01,0.01,2317.255165,1776232163000
1776232164.913,264.913,0.12,18.94,0.11,26.0,0.13,5.0,0.16,50.0,0.88,15.0,0.87,10.0,0.89,11.0,0.9,22.12,0.01,0.01,2317.255165,1776232163000
1776232165.25,265.25,0.18,0.59,0.17,10.0,0.19,10.0,0.2,10.0,0.87,5.0,0.84,50.0,0.88,18.94,0.89,26.0,0.01,0.01,2317.27,1776232164000
1776232165.619,265.619,0.17,11.12,0.16,10.0,0.19,20.0,0.2,7.1,0.82,9.9,0.81,98.77,0.83,15.0,0.84,10.0,0.02,0.01,2317.27,1776232164000
1776232165.893,265.893,0.17,13.19,0.16,10.0,0.18,15.0,0.19,25.0,0.81,20.0,0.8,7.1,0.83,11.12,0.84,10.0,0.01,0.02,2317.27,1776232164000
1776232166.182,266.182,0.17,15.0,0.16,10.0,0.18,9.16,0.19,25.0,0.82,9.16,0.81,25.0,0.83,15.0,0.84,10.0,0.01,0.01,2317.36345,1776232165000
1776232167.255,267.255,0.17,15.0,0.16,10.0,0.18,9.16,0.19,25.0,0.82,9.16,0.81,25.0,0.83,15.0,0.84,10.0,0.01,0.01,2317.4992,1776232166000
1776232167.776,267.776,0.17,20.0,0.16,85.0,0.26,60.0,0.27,10.0,0.82,9.16,0.81,25.0,0.83,15.0,0.84,10.0,0.09,0.01,2317.4992,1776232166000
1776232168.061,268.061,0.23,6.89,0.22,10.0,0.26,54.64,0.27,10.0,0.74,54.64,0.73,10.0,0.76,15.0,0.77,10.0,0.03,0.02,2317.4992,1776232166000
1776232168.37,268.37,0.28,20.0,0.27,10.0,0.29,8.8,0.36,60.0,0.74,54.64,0.73,10.0,0.77,6.89,0.78,10.0,0.01,0.03,2317.6834,1776232167000
1776232168.582,268.582,0.28,20.0,0.27,45.0,0.36,6.5,0.37,10.0,0.66,6.5,0.65,10.0,0.72,20.0,0.73,45.0,0.08,0.06,2317.6834,1776232167000
1776232168.868,268.868,0.35,15.0,0.34,20.0,0.38,7.15,0.39,10.0,0.64,9.9,0.63,10.0,0.65,15.0,0.66,15.0,0.03,0.01,2317.6834,1776232167000
1776232169.102,269.102,0.35,10.0,0.34,10.0,0.36,13.88,0.37,15.0,0.62,7.15,0.61,10.0,0.65,15.0,0.66,20.0,0.01,0.03,2317.6834,1776232167000
1776232169.315,269.315,0.35,10.0,0.34,5.0,0.36,22.82,0.37,15.0,0.64,13.88,0.63,15.0,0.65,10.0,0.66,10.0,0.01,0.01,2317.6834,1776232167000
1776232169.774,269.774,0.34,15.0,0.33,15.0,0.36,20.95,0.37,15.0,0.64,22.82,0.63,15.0,0.66,5.0,0.67,15.0,0.02,0.02,2317.72365,1776232168000
1776232170.375,270.375,0.35,5.0,0.34,15.0,0.36,19.83,0.37,15.0,0.64,19.83,0.63,15.0,0.65,5.0,0.66,15.0,0.01,0.01,2317.94945,1776232169000
1776232170.742,270.742,0.45,1.53,0.44,10.0,0.47,10.0,0.48,25.0,0.54,6.67,0.53,10.0,0.55,5.0,0.56,10.0,0.02,0.01,2317.94945,1776232169000
1776232171.076,271.076,0.44,0.51,0.43,10.0,0.46,18.8,0.47,15.0,0.54,8.8,0.53,10.0,0.55,1.53,0.56,10.0,0.02,0.01,2318.2581,1776232170000
1776232171.326,271.326,0.44,3.0,0.43,10.0,0.45,20.0,0.46,76.84,0.54,18.8,0.53,15.0,0.56,0.51,0.57,10.0,0.01,0.02,2318.2581,1776232170000
1776232171.93,271.93,0.39,6.19,0.38,10.0,0.41,10.0,0.42,10.0,0.59,10.0,0.58,10.0,0.61,6.19,0.62,10.0,0.02,0.02,2318.2582,1776232171000
1776232172.153,272.153,0.38,15.0,0.37,15.0,0.39,11.17,0.4,15.0,0.59,10.0,0.58,10.0,0.61,6.19,0.62,10.0,0.01,0.02,2318.2582,1776232171000
1776232172.48,272.48,0.38,20.0,0.37,15.0,0.39,6.95,0.4,10.0,0.61,11.17,0.6,15.0,0.62,15.0,0.63,15.0,0.01,0.01,2318.2582,1776232171000
1776232172.99,272.99,0.38,15.0,0.37,15.0,0.39,1.95,0.4,10.0,0.61,1.95,0.6,10.0,0.62,15.0,0.63,15.0,0.01,0.01,2318.385892,1776232172000
1776232173.547,273.547,0.39,10.0,0.38,10.0,0.4,19.0,0.41,20.0,0.61,1.95,0.6,10.0,0.62,15.0,0.63,15.0,0.01,0.01,2318.385892,1776232172000
1776232174.019,274.019,0.39,10.0,0.38,10.0,0.4,19.0,0.41,20.0,0.6,19.0,0.59,20.0,0.61,10.0,0.62,10.0,0.01,0.01,2318.4112,1776232173000
1776232174.768,274.768,0.39,10.0,0.38,10.0,0.4,1.9,0.41,10.0,0.6,19.0,0.59,20.0,0.61,10.0,0.62,10.0,0.01,0.01,2318.4112,1776232173000
1776232175.176,275.176,0.39,10.0,0.38,10.0,0.4,1.9,0.41,10.0,0.6,1.9,0.59,10.0,0.61,10.0,0.62,10.0,0.01,0.01,2318.32655,1776232174000
1776232175.837,275.837,0.38,10.0,0.36,77.0,0.4,45.0,0.41,10.0,0.6,1.9,0.59,10.0,0.61,10.0,0.62,10.0,0.02,0.01,2318.32655,1776232174000
1776232176.083,276.083,0.38,10.0,0.36,77.0,0.4,45.0,0.41,10.0,0.6,45.0,0.59,10.0,0.62,10.0,0.64,77.0,0.02,0.02,2318.403455,1776232175000
1776232176.597,276.597,0.36,11.03,0.35,10.0,0.37,17.96,0.38,15.0,0.61,22.0,0.6,30.0,0.64,6.03,0.65,10.0,0.01,0.03,2318.403455,1776232175000
1776232177.376,277.376,0.36,11.03,0.35,10.0,0.37,17.96,0.38,15.0,0.63,17.96,0.62,15.0,0.64,11.03,0.65,10.0,0.01,0.01,2318.3586,1776232176000
1776232178.084,278.084,0.36,11.03,0.35,10.0,0.37,17.96,0.38,15.0,0.63,17.96,0.62,15.0,0.64,11.03,0.65,10.0,0.01,0.01,2318.353598,1776232177000
1776232178.702,278.702,0.31,35.0,0.26,5.0,0.37,76.96,0.38,10.0,0.63,17.96,0.62,15.0,0.64,11.03,0.65,10.0,0.06,0.01,2318.353598,1776232177000
1776232179.284,279.284,0.26,4.6,0.25,15.0,0.27,5.0,0.28,10.0,0.73,5.0,0.72,10.0,0.74,4.6,0.75,15.0,0.01,0.01,2318.33855,1776232178000
1776232179.5,279.5,0.26,29.6,0.25,15.0,0.27,7.0,0.28,22.0,0.73,5.0,0.72,10.0,0.74,4.6,0.75,15.0,0.01,0.01,2318.33855,1776232178000
1776232180.495,280.495,0.25,20.0,0.24,10.0,0.27,22.0,0.28,22.0,0.73,7.0,0.72,22.0,0.74,29.6,0.75,15.0,0.02,0.01,2318.33855,1776232178000
1776232180.895,280.895,0.25,26.66,0.24,10.0,0.26,3.74,0.27,17.0,0.74,5.0,0.73,22.0,0.75,16.66,0.76,10.0,0.01,0.01,2318.2972,1776232179000
1776232181.2,281.2,0.25,26.66,0.24,10.0,0.26,3.74,0.27,17.0,0.74,3.74,0.73,17.0,0.75,26.66,0.76,10.0,0.01,0.01,2318.281223,1776232180000
1776232181.724,281.724,0.11,10.0,0.1,10.0,0.12,7.0,0.13,21.0,0.86,10.0,0.85,10.0,0.87,9.9,0.89,59.46,0.01,0.01,2318.281223,1776232180000
1776232182.081,282.081,0.12,15.0,0.11,29.18,0.14,6.0,0.17,10.0,0.88,12.0,0.87,21.0,0.91,26.66,0.92,10.0,0.02,0.03,2318.281223,1776232180000
1776232182.423,282.423,0.13,2.74,0.12,10.0,0.14,45.0,0.15,15.0,0.83,10.0,0.82,10.0,0.87,9.88,0.88,10.0,0.01,0.04,2318.281223,1776232180000
1776232183.238,283.238,0.13,2.74,0.12,10.0,0.14,45.0,0.15,15.0,0.86,45.0,0.85,15.0,0.87,2.74,0.88,10.0,0.01,0.01,2318.103059,1776232182000
1776232184.572,284.572,0.13,2.74,0.12,10.0,0.14,45.0,0.15,15.0,0.86,45.0,0.85,15.0,0.87,2.74,0.88,10.0,0.01,0.01,2318.00335,1776232183000
1776232184.982,284.982,0.14,8.62,0.13,20.0,0.16,20.0,0.17,34.0,0.82,10.0,0.81,10.0,0.87,25.0,0.88,10.0,0.02,0.05,2318.00335,1776232183000
1776232185.279,285.279,0.14,8.62,0.13,20.0,0.16,20.0,0.17,34.0,0.84,20.0,0.83,34.0,0.86,8.62,0.87,20.0,0.02,0.02,2317.957148,1776232184000
1776232185.485,285.485,0.14,8.62,0.13,20.0,0.15,18.33,0.16,15.0,0.84,20.0,0.83,34.0,0.86,8.62,0.87,20.0,0.01,0.02,2317.957148,1776232184000
1776232186.13,286.13,0.16,10.0,0.15,10.0,0.17,73.11,0.18,27.0,0.85,18.33,0.84,15.0,0.86,8.62,0.87,20.0,0.01,0.01,2317.957148,1776232184000
1776232186.364,286.364,0.16,10.0,0.15,10.0,0.17,73.11,0.18,27.0,0.83,73.11,0.82,27.0,0.84,10.0,0.85,10.0,0.01,0.01,2317.957439,1776232185000
1776232186.93,286.93,0.16,8.78,0.15,10.0,0.17,10.0,0.18,42.0,0.82,22.0,0.81,10.0,0.84,10.0,0.85,10.0,0.01,0.02,2317.957439,1776232185000
1776232187.264,287.264,0.16,8.8,0.15,10.0,0.17,10.0,0.18,27.0,0.83,10.0,0.82,42.0,0.84,8.78,0.85,10.0,0.01,0.01,2317.98855,1776232186000
1776232188.362,288.362,0.15,8.8,0.14,8.62,0.17,10.0,0.18,27.0,0.83,10.0,0.82,27.0,0.85,8.8,0.86,8.62,0.02,0.02,2318.081391,1776232187000
1776232188.961,288.961,0.17,15.0,0.16,10.0,0.19,7.0,0.2,36.6,0.83,10.0,0.82,27.0,0.85,8.8,0.86,8.62,0.02,0.02,2318.081391,1776232187000
1776232190.277,290.277,0.17,15.0,0.16,10.0,0.2,10.0,0.21,10.0,0.8,10.0,0.79,10.0,0.83,15.0,0.84,10.0,0.03,0.03,2318.044,1776232189000
1776232191.519,291.519,0.17,15.0,0.16,10.0,0.2,10.0,0.21,10.0,0.8,10.0,0.79,10.0,0.83,15.0,0.84,10.0,0.03,0.03,2318.1147,1776232190000
1776232191.991,291.991,0.08,4.78,0.07,15.0,0.09,5.0,0.11,5.0,0.9,15.0,0.89,15.0,0.94,26.72,0.95,10.0,0.01,0.04,2318.1147,1776232190000
1776232192.345,292.345,0.14,10.0,0.13,10.0,0.15,10.0,0.16,10.0,0.91,5.0,0.89,5.0,0.92,4.78,0.93,15.0,0.01,0.01,2318.1147,1776232190000
1776232192.716,292.716,0.09,10.0,0.08,4.78,0.15,15.0,0.16,10.0,0.85,15.0,0.84,10.0,0.91,10.0,0.92,4.78,0.06,0.06,2318.11925,1776232191000
1776232193.191,293.191,0.09,10.0,0.08,4.78,0.15,15.0,0.16,10.0,0.85,15.0,0.84,10.0,0.91,10.0,0.92,4.78,0.06,0.06,2318.075598,1776232192000
1776232193.413,293.413,0.09,15.0,0.08,4.78,0.13,10.0,0.14,15.0,0.85,15.0,0.84,10.0,0.91,10.0,0.92,4.78,0.04,0.06,2318.075598,1776232192000
1776232193.673,293.673,0.11,47.58,0.09,10.0,0.12,10.0,0.13,10.0,0.87,10.0,0.86,10.0,0.91,15.0,0.93,10.0,0.01,0.04,2318.075598,1776232192000
1776232193.961,293.961,0.13,377.0,0.12,60.0,0.45,20.0,0.46,50.0,0.88,10.0,0.87,10.0,0.89,47.58,0.91,10.0,0.32,0.01,2318.075598,1776232192000
1776232194.212,294.212,0.47,10.0,0.46,10.0,0.51,10.0,0.52,10.0,0.49,50.0,0.48,10.0,0.52,10.0,0.53,10.0,0.04,0.03,2318.075598,1776232192000
1776232194.431,294.431,0.46,27.0,0.44,10.0,0.47,4.89,0.48,10.0,0.51,0.93,0.5,10.0,0.54,27.0,0.57,10.0,0.01,0.03,2318.10965,1776232193000
1776232194.782,294.782,0.47,10.0,0.46,58.12,0.48,7.91,0.49,25.0,0.51,3.45,0.5,7.97,0.52,8.15,0.53,10.0,0.01,0.01,2318.10965,1776232193000
1776232195.467,295.467,0.48,15.0,0.47,10.0,0.5,4.19,0.51,10.0,0.52,5.89,0.51,25.0,0.53,10.0,0.54,58.12,0.02,0.01,2318.10965,1776232193000
1776232196.01,296.01,0.48,5.0,0.47,10.0,0.5,14.33,0.51,15.0,0.5,4.19,0.49,10.0,0.52,15.0,0.53,10.0,0.02,0.02,2318.231232,1776232194000
1776232196.539,296.539,0.47,8.13,0.46,58.12,0.54,10.0,0.55,5.0,0.41,7.41,0.4,10.0,0.52,71.0,0.53,10.0,0.07,0.11,2318.452538,1776232195000
1776232196.789,296.789,0.47,30.84,0.46,58.12,0.48,20.66,0.49,15.0,0.52,23.83,0.51,15.0,0.53,20.84,0.54,58.12,0.01,0.01,2318.452538,1776232195000
1776232197.186,297.186,0.47,30.84,0.46,58.12,0.48,0.66,0.49,15.0,0.52,0.66,0.51,15.0,0.53,30.84,0.54,58.12,0.01,0.01,2318.58865,1776232196000
1776232197.459,297.459,0.41,59.7,0.4,10.0,0.48,15.66,0.49,15.0,0.52,0.66,0.51,15.0,0.53,30.84,0.54,58.12,0.07,0.01,2318.58865,1776232196000
1776232197.782,297.782,0.41,31.11,0.36,50.0,0.42,15.0,0.43,10.0,0.52,15.66,0.51,15.0,0.59,57.63,0.6,10.0,0.01,0.07,2318.58865,1776232196000
1776232198.189,298.189,0.15,51.03,0.08,10.0,0.16,66.0,0.17,15.0,0.62,7.9,0.61,10.0,0.67,30.0,0.69,50.0,0.01,0.05,2318.58865,1776232196000
1776232198.459,298.459,0.02,284.91,0.01,968.0,0.09,162.0,0.1,10.0,0.89,45.97,0.84,66.0,0.92,10.0,0.93,10.0,0.07,0.03,2318.604,1776232197000
1776232198.684,298.684,0.02,240.78,0.01,968.0,0.03,208.78,0.04,5.0,0.97,208.78,0.94,10.0,0.98,240.89,0.99,968.0,0.01,0.01,2318.604,1776232197000
1776232198.922,298.922,0.02,232.74,0.01,968.0,0.03,168.89,0.04,5.0,0.97,171.29,0.96,5.0,0.98,232.74,0.99,968.0,0.01,0.01,2318.604,1776232197000
1776232199.347,299.347,,,,,0.01,461.01,0.03,164.93,0.99,461.01,0.97,164.93,,,,,,,2318.5975,1776232198000
1776232199.671,299.671,,,,,0.01,8959.99,0.02,16.0,0.99,461.01,0.97,164.93,,,,,,,2318.5975,1776232198000
1776232200.56,300.56,,,,,0.01,40330.31,0.02,16.0,0.99,39284.26,0.98,16.0,,,,,,,2318.471026,1776232199000
1776232200.916,300.916,,,,,0.01,40230.96,0.02,16.0,0.99,40235.96,0.98,16.0,,,,,,,2318.471026,1776232199000
1776232202.167,302.167,,,,,0.01,41078.96,0.02,16.0,0.99,41078.96,0.98,16.0,,,,,,,2318.053,1776232201000

# RESULT,winner=Down,slug=eth-updown-5m-1776231900,ticks=557
