timestamp,elapsed_sec,up_bid_p1,up_bid_s1,up_bid_p2,up_bid_s2,up_ask_p1,up_ask_s1,up_ask_p2,up_ask_s2,down_bid_p1,down_bid_s1,down_bid_p2,down_bid_s2,down_ask_p1,down_ask_s1,down_ask_p2,down_ask_s2,up_spread,down_spread,eth_price,eth_oracle_ts
1776318901.008,1.008,0.49,5.0,0.48,25.0,0.52,20.0,0.53,5.0,0.48,20.0,0.47,5.0,0.51,5.0,0.52,25.0,0.03,0.03,2357.207595,1776318900000
1776318901.789,1.789,0.49,3.03,0.48,25.0,0.5,42.0,0.51,88.0,0.48,20.0,0.47,5.0,0.51,5.0,0.52,25.0,0.01,0.03,2357.207595,1776318900000
1776318902.122,2.122,0.48,23.03,0.45,13.88,0.5,43.0,0.51,88.0,0.5,43.0,0.49,88.0,0.52,23.03,0.55,13.88,0.02,0.02,2357.182923,1776318901000
1776318902.539,2.539,0.48,23.03,0.45,8.88,0.49,55.75,0.5,84.0,0.5,43.0,0.49,88.0,0.52,23.03,0.55,13.88,0.01,0.02,2357.182923,1776318901000
1776318903.144,3.144,0.39,83.0,0.38,83.0,0.43,65.26,0.46,63.0,0.57,65.26,0.54,63.0,0.61,83.0,0.62,83.0,0.04,0.04,2357.144948,1776318902000
1776318904.211,4.211,0.39,85.0,0.38,98.0,0.43,81.23,0.44,85.0,0.57,81.23,0.56,85.0,0.61,85.0,0.62,98.0,0.04,0.04,2357.075353,1776318903000
1776318904.549,4.549,0.4,53.24,0.39,106.26,0.41,10.12,0.42,10.0,0.57,81.23,0.56,85.0,0.61,85.0,0.62,98.0,0.01,0.04,2357.075353,1776318903000
1776318905.303,5.303,0.4,53.24,0.39,106.26,0.41,10.12,0.42,10.0,0.59,10.12,0.58,10.0,0.6,53.24,0.61,106.26,0.01,0.01,2356.836195,1776318904000
1776318905.833,5.833,0.39,27.26,0.38,28.0,0.4,10.0,0.41,15.0,0.59,10.12,0.58,10.0,0.6,53.24,0.61,106.26,0.01,0.01,2356.836195,1776318904000
1776318906.373,6.373,0.39,25.76,0.38,28.0,0.4,10.0,0.41,20.0,0.6,10.0,0.59,20.0,0.61,25.76,0.62,28.0,0.01,0.01,2356.816531,1776318905000
1776318906.937,6.937,0.39,25.76,0.38,28.0,0.4,10.0,0.41,20.0,0.6,10.0,0.59,20.0,0.61,25.76,0.62,28.0,0.01,0.01,2356.822329,1776318906000
1776318907.45,7.45,0.39,3.76,0.38,5.0,0.4,27.5,0.41,28.0,0.6,10.0,0.59,20.0,0.61,25.76,0.62,28.0,0.01,0.01,2356.822329,1776318906000
1776318908.036,8.036,0.39,3.76,0.38,5.0,0.4,27.5,0.41,28.0,0.6,27.5,0.59,28.0,0.61,3.76,0.62,5.0,0.01,0.01,2356.880251,1776318907000
1776318908.416,8.416,0.39,3.76,0.38,5.0,0.4,5.0,0.41,28.0,0.6,27.5,0.59,28.0,0.61,3.76,0.62,5.0,0.01,0.01,2356.880251,1776318907000
1776318908.726,8.726,0.38,3.76,0.37,10.0,0.4,20.0,0.41,28.0,0.6,5.0,0.59,28.0,0.61,3.76,0.62,5.0,0.02,0.01,2356.880251,1776318907000
1776318909.086,9.086,0.38,3.76,0.37,10.0,0.4,20.0,0.41,28.0,0.6,20.0,0.59,28.0,0.62,3.76,0.63,10.0,0.02,0.02,2356.7089,1776318908000
1776318909.601,9.601,0.38,72.26,0.37,15.0,0.4,1.51,0.41,28.0,0.6,20.0,0.59,28.0,0.62,3.76,0.63,10.0,0.02,0.02,2356.7089,1776318908000
1776318910.155,10.155,0.38,72.26,0.37,15.0,0.4,1.51,0.41,28.0,0.6,1.51,0.59,28.0,0.62,72.26,0.63,15.0,0.02,0.02,2356.67968,1776318909000
1776318910.407,10.407,0.38,56.76,0.37,90.26,0.39,20.0,0.4,17.01,0.6,1.51,0.59,28.0,0.62,72.26,0.63,15.0,0.01,0.02,2356.67968,1776318909000
1776318911.045,11.045,0.4,68.0,0.39,25.0,0.42,13.89,0.43,72.23,0.61,5.0,0.6,17.01,0.62,56.76,0.63,90.26,0.02,0.01,2356.67968,1776318909000
1776318911.32,11.32,0.4,72.0,0.39,25.0,0.42,23.0,0.43,95.73,0.58,23.0,0.57,95.73,0.59,5.0,0.6,68.0,0.02,0.01,2356.674096,1776318910000
1776318911.653,11.653,0.41,9.91,0.4,72.0,0.43,85.23,0.44,175.5,0.58,23.0,0.57,95.73,0.59,4.91,0.6,72.0,0.02,0.01,2356.674096,1776318910000
1776318912.059,12.059,0.41,5.0,0.4,71.82,0.43,85.23,0.44,188.5,0.57,85.23,0.56,188.5,0.6,71.82,0.61,30.5,0.02,0.03,2356.674096,1776318910000
1776318912.884,12.884,0.4,81.82,0.39,30.5,0.42,31.0,0.43,84.23,0.58,10.0,0.57,105.23,0.59,3.3,0.6,76.82,0.02,0.01,2356.674881,1776318911000
1776318914.709,14.709,0.39,5.0,0.38,15.5,0.4,13.0,0.41,15.0,0.58,31.0,0.57,84.23,0.6,81.82,0.61,30.5,0.01,0.02,2356.7803,1776318913000
1776318915.529,15.529,0.38,15.5,0.37,49.05,0.4,15.0,0.41,73.0,0.6,13.0,0.59,15.0,0.61,5.0,0.62,15.5,0.02,0.01,2356.7803,1776318914000
1776318915.877,15.877,0.38,5.5,0.37,49.05,0.39,10.0,0.4,15.0,0.61,10.0,0.6,10.0,0.62,10.5,0.63,49.05,0.01,0.01,2356.7803,1776318914000
1776318920.968,20.968,0.37,39.94,0.36,40.5,0.4,22.0,0.41,220.0,0.61,10.0,0.6,15.0,0.62,5.5,0.63,49.05,0.03,0.01,2356.777977,1776318920000
1776318923.554,23.554,0.37,61.9,0.36,51.5,0.38,15.0,0.39,10.0,0.6,22.0,0.59,220.0,0.63,39.94,0.64,40.5,0.01,0.03,2356.752199,1776318922000
1776318926.043,26.043,0.37,49.9,0.36,51.5,0.38,9.05,0.39,73.0,0.62,15.0,0.61,10.0,0.63,61.9,0.64,51.5,0.01,0.01,2356.73881,1776318924000
1776318926.815,26.815,0.38,12.35,0.37,42.91,0.39,103.0,0.4,80.0,0.62,9.05,0.61,73.0,0.63,49.9,0.64,51.5,0.01,0.01,2356.745556,1776318925000
1776318929.338,29.338,0.38,14.12,0.37,37.91,0.39,110.0,0.4,80.0,0.61,103.0,0.6,80.0,0.62,12.35,0.63,42.91,0.01,0.01,2356.818827,1776318927000
1776318931.304,31.304,0.38,11.19,0.37,37.91,0.39,110.0,0.4,80.0,0.61,110.0,0.6,80.0,0.62,14.12,0.63,37.91,0.01,0.01,2356.716988,1776318930000
1776318932.108,32.108,0.38,18.44,0.37,37.91,0.39,104.87,0.4,80.0,0.61,110.0,0.6,80.0,0.62,11.19,0.63,37.91,0.01,0.01,2356.751817,1776318931000
1776318937.551,37.551,0.35,43.91,0.34,19.0,0.38,20.0,0.39,113.0,0.61,104.87,0.6,80.0,0.62,18.44,0.63,37.91,0.03,0.01,2356.733112,1776318936000
1776318937.751,37.751,0.35,24.91,0.34,19.0,0.36,22.0,0.37,15.0,0.62,20.0,0.61,113.0,0.65,43.91,0.66,19.0,0.01,0.03,2356.733112,1776318936000
1776318939.098,39.098,0.31,9.76,0.3,15.5,0.33,22.0,0.34,95.5,0.64,22.0,0.63,15.0,0.65,24.91,0.66,19.0,0.02,0.01,2356.754545,1776318938000
1776318939.373,39.373,0.32,19.42,0.31,25.76,0.33,127.0,0.34,170.5,0.67,127.0,0.66,100.5,0.68,11.04,0.69,25.76,0.01,0.01,2356.754545,1776318938000
1776318939.812,39.812,0.26,40.23,0.25,8.0,0.27,37.5,0.28,140.5,0.67,127.0,0.66,170.5,0.68,14.34,0.69,25.76,0.01,0.01,2356.754545,1776318938000
1776318940.023,40.023,0.26,25.57,0.25,8.0,0.27,78.5,0.28,140.5,0.73,83.5,0.72,140.5,0.74,35.57,0.75,8.0,0.01,0.01,2356.752049,1776318939000
1776318940.231,40.231,0.22,8.0,0.21,32.0,0.24,74.04,0.25,90.5,0.73,78.5,0.72,140.5,0.78,8.0,0.79,42.0,0.02,0.05,2356.752049,1776318939000
1776318940.448,40.448,0.21,21.0,0.2,47.5,0.23,12.0,0.24,119.04,0.77,5.0,0.76,119.04,0.78,9.0,0.79,32.0,0.02,0.01,2356.752049,1776318939000
1776318940.661,40.661,0.21,34.0,0.2,94.05,0.23,12.0,0.24,124.04,0.77,12.0,0.76,119.04,0.79,21.0,0.8,47.5,0.02,0.02,2356.752049,1776318939000
1776318940.986,40.986,0.22,8.71,0.21,49.5,0.23,10.0,0.24,113.54,0.77,5.0,0.76,124.04,0.79,39.0,0.8,94.05,0.01,0.02,2356.528481,1776318940000
1776318941.991,41.991,0.22,20.69,0.21,49.5,0.24,78.0,0.25,5.0,0.77,10.0,0.76,113.54,0.78,8.71,0.79,49.5,0.02,0.01,2356.528481,1776318940000
1776318943.265,43.265,0.21,33.81,0.2,106.05,0.24,95.0,0.25,25.5,0.76,78.0,0.75,5.0,0.78,20.69,0.79,49.5,0.03,0.02,2355.99485,1776318941000
1776318943.855,43.855,0.22,10.0,0.21,33.81,0.23,22.65,0.24,88.5,0.76,95.0,0.75,25.5,0.79,33.81,0.8,106.05,0.01,0.03,2355.904615,1776318942000
1776318945.979,45.979,0.22,17.59,0.21,16.82,0.23,101.37,0.24,20.5,0.77,22.65,0.76,88.5,0.78,10.0,0.79,33.81,0.01,0.01,2355.974278,1776318944000
1776318946.387,46.387,0.21,26.42,0.2,96.05,0.22,5.0,0.23,86.37,0.77,101.37,0.76,20.5,0.79,8.77,0.8,96.05,0.01,0.02,2355.974278,1776318944000
1776318947.182,47.182,0.21,187.42,0.2,177.04,0.25,8.0,0.29,16.67,0.78,5.0,0.77,86.37,0.79,26.42,0.8,96.05,0.04,0.01,2355.887955,1776318946000
1776318947.763,47.763,0.32,37.0,0.31,46.0,0.35,15.0,0.36,173.07,0.71,12.07,0.69,11.67,0.72,32.5,0.73,306.0,0.03,0.01,2355.887955,1776318946000
1776318948.196,48.196,0.32,78.0,0.31,55.0,0.34,20.5,0.35,15.0,0.66,20.5,0.65,15.0,0.68,83.0,0.69,55.0,0.02,0.02,2355.89165,1776318947000
1776318949.581,49.581,0.33,46.0,0.32,70.0,0.34,20.2,0.35,88.5,0.66,20.5,0.65,15.0,0.68,78.0,0.69,55.0,0.01,0.02,2356.163498,1776318948000
1776318951.049,51.049,0.33,28.14,0.32,71.25,0.34,20.0,0.35,88.12,0.65,88.12,0.64,90.5,0.67,46.0,0.68,70.0,0.01,0.02,2356.339563,1776318949000
1776318952.677,52.677,0.32,46.0,0.31,31.0,0.34,35.5,0.35,42.81,0.66,20.0,0.65,88.12,0.67,28.14,0.68,71.25,0.02,0.01,2356.401935,1776318951000
1776318953.48,53.48,0.29,10.5,0.28,15.0,0.33,47.69,0.34,60.5,0.66,35.5,0.65,42.81,0.68,46.0,0.69,31.0,0.04,0.02,2356.4019,1776318952000
1776318953.701,53.701,0.28,1.5,0.27,241.0,0.3,15.0,0.31,20.0,0.67,47.69,0.66,60.5,0.71,10.5,0.72,15.0,0.02,0.04,2356.4019,1776318952000
1776318954.703,54.703,0.3,91.5,0.29,25.5,0.31,5.0,0.32,12.65,0.68,12.65,0.67,42.69,0.71,20.5,0.72,1.5,0.01,0.03,2356.389781,1776318953000
1776318956.21,56.21,0.3,28.57,0.29,83.5,0.31,20.0,0.32,12.65,0.69,5.0,0.68,12.65,0.7,91.5,0.71,25.5,0.01,0.01,2356.389781,1776318954000
1776318956.568,56.568,0.28,7.0,0.27,354.0,0.3,15.0,0.31,20.69,0.69,20.0,0.68,12.65,0.7,28.57,0.71,83.5,0.02,0.01,2356.355155,1776318955000
1776318958.402,58.402,0.28,11.44,0.27,350.0,0.29,20.0,0.3,15.0,0.7,15.0,0.69,20.69,0.72,7.0,0.73,354.0,0.01,0.02,2356.354625,1776318956000
1776318958.878,58.878,0.28,20.5,0.27,302.5,0.29,9.65,0.3,78.0,0.71,20.0,0.7,15.0,0.72,11.44,0.73,350.0,0.01,0.01,2356.354625,1776318956000
1776318959.201,59.201,0.28,20.5,0.27,227.5,0.29,9.47,0.3,78.0,0.71,9.65,0.7,78.0,0.72,20.5,0.73,302.5,0.01,0.01,2356.35253,1776318957000
1776318960.613,60.613,0.3,57.14,0.29,45.5,0.32,54.35,0.33,35.0,0.71,9.47,0.7,78.0,0.72,20.5,0.73,227.5,0.02,0.01,2356.303467,1776318958000
1776318961.024,61.024,0.34,105.5,0.33,95.5,0.35,4.36,0.38,5.0,0.68,54.35,0.67,35.0,0.7,57.14,0.71,45.5,0.01,0.02,2356.380544,1776318959000
1776318962.428,62.428,0.36,37.9,0.35,34.5,0.37,15.0,0.38,15.0,0.62,5.0,0.61,15.0,0.66,140.5,0.67,95.5,0.01,0.04,2356.379252,1776318961000
1776318964.235,64.235,0.35,78.31,0.34,35.5,0.38,22.86,0.39,67.79,0.63,15.0,0.62,15.0,0.64,37.9,0.65,34.5,0.03,0.01,2356.57451,1776318963000
1776318964.745,64.745,0.36,22.42,0.35,88.31,0.37,5.0,0.38,43.36,0.63,5.0,0.62,37.86,0.64,11.87,0.65,88.31,0.01,0.01,2356.57451,1776318963000
1776318965.183,65.183,0.35,87.56,0.34,93.5,0.37,10.0,0.38,43.36,0.63,5.0,0.62,43.36,0.64,22.42,0.65,88.31,0.02,0.01,2356.57451,1776318963000
1776318967.807,67.807,0.36,49.48,0.35,100.75,0.37,5.0,0.38,5.0,0.63,10.0,0.62,43.36,0.65,87.56,0.66,93.5,0.01,0.02,2356.55614,1776318966000
1776318973.8,73.8,0.38,50.5,0.37,135.5,0.39,113.29,0.4,38.5,0.63,5.0,0.62,5.0,0.64,49.48,0.65,100.75,0.01,0.01,2356.646835,1776318972000
1776318978.805,78.805,0.38,40.0,0.37,115.0,0.39,150.94,0.4,38.5,0.61,113.29,0.6,38.5,0.62,50.5,0.63,135.5,0.01,0.01,2356.644588,1776318977000
1776318979.354,79.354,0.42,30.5,0.41,35.5,0.43,59.1,0.44,18.0,0.61,150.94,0.6,38.5,0.62,40.0,0.63,115.0,0.01,0.01,2356.644588,1776318977000
1776318979.598,79.598,0.42,95.5,0.41,208.5,0.43,36.57,0.48,5.0,0.57,59.1,0.56,18.0,0.58,30.5,0.59,35.5,0.01,0.01,2356.643725,1776318978000
1776318979.827,79.827,0.42,194.5,0.41,159.5,0.49,7.84,0.5,5.0,0.57,5.84,0.51,10.0,0.58,185.5,0.59,150.5,0.07,0.01,2356.643725,1776318978000
1776318980.713,80.713,0.51,57.5,0.5,95.5,0.52,12.21,0.53,20.5,0.51,0.84,0.5,5.0,0.52,10.0,0.53,10.0,0.01,0.01,2356.643725,1776318979000
1776318981.101,81.101,0.52,6.16,0.51,103.5,0.53,15.71,0.54,15.5,0.47,15.71,0.46,15.5,0.49,57.5,0.5,95.5,0.01,0.02,2356.643725,1776318979000
1776318981.347,81.347,0.52,78.5,0.51,45.5,0.53,3.32,0.54,15.5,0.47,15.71,0.46,15.5,0.48,6.16,0.49,103.5,0.01,0.01,2356.643725,1776318979000
1776318981.81,81.81,0.52,98.0,0.51,51.5,0.53,5.0,0.54,5.0,0.47,3.32,0.46,15.5,0.48,78.5,0.49,45.5,0.01,0.01,2356.903833,1776318980000
1776318982.226,82.226,0.55,15.0,0.54,15.0,0.56,80.5,0.57,85.0,0.44,70.0,0.43,85.0,0.47,10.0,0.48,68.0,0.01,0.03,2356.903833,1776318980000
1776318982.545,82.545,0.54,15.0,0.53,10.0,0.56,87.5,0.57,85.0,0.44,80.5,0.43,85.0,0.45,10.0,0.46,15.0,0.02,0.01,2357.067741,1776318981000
1776318984.194,84.194,0.61,30.5,0.6,73.0,0.62,36.98,0.65,140.0,0.44,87.5,0.43,85.0,0.46,15.0,0.47,10.0,0.01,0.02,2357.263022,1776318982000
1776318984.643,84.643,0.64,20.5,0.63,15.0,0.65,139.9,0.66,50.0,0.35,129.9,0.34,50.0,0.36,15.5,0.37,10.0,0.01,0.01,2357.28637,1776318983000
1776318984.973,84.973,0.64,5.08,0.63,73.0,0.65,139.9,0.66,50.0,0.35,139.9,0.34,50.0,0.36,5.08,0.37,73.0,0.01,0.01,2357.28637,1776318983000
1776318985.233,85.233,0.63,72.94,0.62,34.41,0.65,146.9,0.66,128.99,0.35,139.9,0.34,50.0,0.36,5.08,0.37,73.0,0.02,0.01,2357.28637,1776318983000
1776318985.52,85.52,0.64,5.0,0.63,87.94,0.65,147.1,0.66,149.49,0.35,147.1,0.34,139.49,0.36,10.0,0.37,87.94,0.01,0.01,2357.290335,1776318984000
1776318985.764,85.764,0.63,37.23,0.62,15.5,0.64,10.0,0.65,145.1,0.35,147.1,0.34,149.49,0.36,5.0,0.37,87.94,0.01,0.01,2357.290335,1776318984000
1776318986.41,86.41,0.63,0.23,0.62,5.0,0.64,47.5,0.65,160.5,0.36,10.0,0.35,145.1,0.37,37.23,0.38,15.5,0.01,0.01,2357.405589,1776318985000
1776318988.302,88.302,0.55,16.5,0.54,5.0,0.56,60.0,0.57,49.5,0.38,10.0,0.37,10.0,0.39,34.83,0.4,58.0,0.01,0.01,2357.787061,1776318986000
1776318988.662,88.662,0.55,21.5,0.54,5.0,0.56,99.76,0.57,37.5,0.44,92.76,0.43,37.5,0.45,21.5,0.46,5.0,0.01,0.01,2357.714731,1776318987000
1776318991.245,91.245,0.55,21.5,0.54,10.0,0.56,93.17,0.57,32.5,0.44,99.76,0.43,37.5,0.45,21.5,0.46,5.0,0.01,0.01,2357.573173,1776318990000
1776318995.385,95.385,0.5,13.62,0.49,83.08,0.52,96.45,0.53,20.5,0.44,93.17,0.43,32.5,0.45,21.5,0.46,10.0,0.02,0.01,2357.545803,1776318994000
1776318995.723,95.723,0.5,13.62,0.49,76.0,0.51,86.0,0.52,89.45,0.48,96.45,0.47,20.5,0.5,13.62,0.51,83.08,0.01,0.02,2357.545803,1776318994000
1776318996.123,96.123,0.49,81.0,0.48,24.4,0.51,84.03,0.52,84.45,0.49,86.0,0.48,89.45,0.5,3.62,0.51,76.0,0.02,0.01,2357.544262,1776318995000
1776318996.493,96.493,0.49,96.5,0.48,15.0,0.51,75.79,0.52,89.45,0.49,84.03,0.48,84.45,0.51,81.0,0.52,24.4,0.02,0.02,2357.544262,1776318995000
1776318998.548,98.548,0.44,10.0,0.43,17.0,0.45,24.5,0.46,61.5,0.49,75.79,0.48,89.45,0.51,96.5,0.52,15.0,0.01,0.02,2357.358525,1776318997000
1776319001.854,101.854,0.43,16.98,0.42,25.5,0.45,81.5,0.46,51.5,0.55,24.5,0.54,61.5,0.56,6.98,0.57,17.0,0.02,0.01,2357.164171,1776319000000
1776319003.034,103.034,0.44,25.5,0.43,155.48,0.46,14.0,0.47,7.0,0.55,81.5,0.54,51.5,0.57,16.98,0.58,25.5,0.02,0.02,2357.184261,1776319002000
1776319003.802,103.802,0.45,88.6,0.44,90.5,0.46,14.0,0.47,7.0,0.54,14.0,0.53,7.0,0.56,25.5,0.57,155.48,0.01,0.02,2357.184261,1776319002000
1776319007.364,107.364,0.47,15.0,0.46,15.0,0.48,12.83,0.49,73.5,0.52,7.0,0.51,10.5,0.55,88.6,0.56,90.5,0.01,0.03,2357.139163,1776319006000
1776319012.901,112.901,0.47,5.83,0.46,15.0,0.48,22.5,0.49,68.5,0.52,12.83,0.51,73.5,0.53,15.0,0.54,15.0,0.01,0.01,2357.143874,1776319012000
1776319017.731,117.731,0.5,83.0,0.49,30.5,0.51,15.0,0.52,10.5,0.52,22.5,0.51,68.5,0.53,5.83,0.54,15.0,0.01,0.01,2357.122771,1776319016000
1776319021.158,121.158,0.48,5.0,0.47,58.0,0.51,45.93,0.52,32.5,0.49,15.0,0.48,10.5,0.5,83.0,0.51,30.5,0.03,0.01,2357.19762,1776319019000
1776319021.393,121.393,0.44,15.0,0.43,21.0,0.45,55.0,0.49,52.5,0.49,45.93,0.48,32.5,0.52,5.0,0.53,58.0,0.01,0.03,2357.254506,1776319020000
1776319026.059,126.059,0.44,25.5,0.43,26.0,0.45,59.77,0.46,15.0,0.55,65.0,0.54,10.0,0.56,20.5,0.57,21.0,0.01,0.01,2357.140727,1776319024000
1776319030.029,130.029,0.44,25.5,0.43,27.0,0.45,48.53,0.46,73.0,0.55,59.77,0.54,15.0,0.56,25.5,0.57,26.0,0.01,0.01,2357.154799,1776319028000
1776319032.729,132.729,0.43,15.0,0.42,25.5,0.45,132.03,0.46,20.5,0.55,48.53,0.54,73.0,0.56,25.5,0.57,27.0,0.02,0.01,2357.040793,1776319031000
1776319034.278,134.278,0.44,28.5,0.43,25.5,0.48,6.0,0.49,25.5,0.55,127.03,0.54,20.5,0.56,5.0,0.57,15.0,0.04,0.01,2357.135815,1776319033000
1776319038.549,138.549,0.47,10.0,0.46,25.5,0.48,6.58,0.49,25.5,0.52,6.0,0.51,25.5,0.56,28.5,0.57,25.5,0.01,0.04,2357.031922,1776319037000
1776319040.079,140.079,0.46,0.81,0.45,10.0,0.48,95.08,0.49,175.5,0.52,6.58,0.51,25.5,0.53,10.0,0.54,25.5,0.02,0.01,2357.036884,1776319038000
1776319041.803,141.803,0.46,3.86,0.45,15.0,0.47,40.5,0.48,90.08,0.53,5.0,0.52,95.08,0.55,10.0,0.56,10.0,0.01,0.02,2357.098137,1776319040000
1776319042.903,142.903,0.44,10.82,0.43,25.5,0.47,103.5,0.48,31.5,0.53,40.5,0.52,90.08,0.54,3.86,0.55,15.0,0.03,0.01,2357.007562,1776319041000
1776319046.738,146.738,0.44,7.92,0.43,78.5,0.45,15.0,0.46,98.5,0.53,103.5,0.52,31.5,0.56,10.82,0.57,25.5,0.01,0.03,2356.997488,1776319045000
1776319048.672,148.672,0.4,2.3,0.38,5.0,0.41,59.0,0.42,20.0,0.55,15.0,0.54,98.5,0.56,7.92,0.57,78.5,0.01,0.01,2357.079078,1776319047000
1776319049.659,149.659,0.37,18.5,0.36,10.0,0.38,20.0,0.39,20.0,0.61,10.0,0.6,15.0,0.63,63.32,0.64,82.0,0.01,0.02,2357.079078,1776319047000
1776319051.658,151.658,0.37,10.5,0.36,5.0,0.38,44.0,0.39,88.5,0.62,20.0,0.61,20.0,0.63,18.5,0.64,10.0,0.01,0.01,2356.952087,1776319050000
1776319052.183,152.183,0.37,5.5,0.36,5.0,0.38,44.0,0.39,88.5,0.62,49.0,0.61,83.5,0.63,5.5,0.64,5.0,0.01,0.01,2356.952087,1776319050000
1776319052.528,152.528,0.37,5.5,0.36,5.0,0.38,34.0,0.39,88.5,0.62,44.0,0.61,88.5,0.63,5.5,0.64,5.0,0.01,0.01,2356.809532,1776319051000
1776319053.949,153.949,0.37,108.5,0.36,72.0,0.41,10.0,0.43,5.0,0.62,49.0,0.61,83.5,0.63,2.32,0.64,5.0,0.04,0.01,2356.857945,1776319052000
1776319054.557,154.557,0.44,18.0,0.43,193.0,0.45,3.0,0.46,11.0,0.56,5.0,0.55,5.0,0.57,55.0,0.6,10.0,0.01,0.01,2356.82658,1776319053000
1776319055.453,155.453,0.46,23.0,0.45,83.5,0.48,36.57,0.51,69.82,0.53,10.0,0.52,5.0,0.56,18.0,0.57,198.0,0.02,0.03,2356.902405,1776319054000
1776319055.709,155.709,0.5,5.0,0.47,15.0,0.51,133.32,0.52,94.4,0.49,137.82,0.48,99.4,0.5,3.0,0.51,10.0,0.01,0.01,2356.902405,1776319054000
1776319056.328,156.328,0.47,1.0,0.46,20.0,0.48,36.62,0.49,25.5,0.49,196.37,0.48,94.4,0.53,20.0,0.54,15.0,0.01,0.04,2356.992224,1776319055000
1776319057.087,157.087,0.47,6.0,0.46,15.0,0.48,92.83,0.49,30.5,0.52,36.62,0.51,25.5,0.53,1.0,0.54,20.0,0.01,0.01,2356.992224,1776319055000
1776319060.191,160.191,0.46,14.2,0.45,68.0,0.48,107.02,0.49,83.5,0.52,92.83,0.51,30.5,0.53,6.0,0.54,15.0,0.02,0.01,2357.01397,1776319058000
1776319062.496,162.496,0.45,21.88,0.44,78.5,0.46,13.05,0.47,30.5,0.52,107.02,0.51,83.5,0.54,14.2,0.55,68.0,0.01,0.02,2357.056644,1776319061000
1776319063.189,163.189,0.45,11.88,0.44,25.5,0.48,34.69,0.49,78.5,0.54,13.05,0.53,30.5,0.55,21.88,0.56,78.5,0.03,0.01,2357.107831,1776319062000
1776319065.208,165.208,0.45,3.62,0.44,30.5,0.46,5.0,0.47,83.5,0.52,34.69,0.51,78.5,0.55,11.88,0.56,25.5,0.01,0.03,2357.05246,1776319063000
1776319065.828,165.828,0.45,2.0,0.44,25.5,0.46,5.0,0.47,83.5,0.54,5.0,0.53,83.5,0.55,3.62,0.56,30.5,0.01,0.01,2357.132079,1776319064000
1776319067.863,167.863,0.44,23.0,0.43,145.5,0.45,9.07,0.46,83.5,0.54,5.0,0.53,83.5,0.55,2.0,0.56,25.5,0.01,0.01,2356.996015,1776319066000
1776319070.742,170.742,0.42,20.5,0.41,17.0,0.45,30.5,0.46,170.5,0.55,9.07,0.54,83.5,0.56,23.0,0.57,145.5,0.03,0.01,2357.141664,1776319069000
1776319072.852,172.852,0.43,12.16,0.42,83.5,0.44,10.0,0.45,15.0,0.55,30.5,0.54,170.5,0.58,20.5,0.59,17.0,0.01,0.03,2357.081246,1776319071000
1776319080.054,180.054,0.45,20.57,0.44,39.5,0.46,15.0,0.47,83.5,0.56,10.0,0.55,15.0,0.57,12.16,0.58,83.5,0.01,0.01,2356.990775,1776319078000
1776319081.605,181.605,0.45,20.57,0.44,102.5,0.48,39.69,0.49,143.0,0.54,15.0,0.53,83.5,0.55,20.57,0.56,39.5,0.03,0.01,2356.99082,1776319080000
1776319082.34,182.34,0.46,22.5,0.45,25.57,0.47,9.0,0.48,29.19,0.52,39.69,0.51,143.0,0.55,20.57,0.56,102.5,0.01,0.03,2356.9925,1776319081000
1776319082.912,182.912,0.46,34.5,0.45,25.57,0.47,9.0,0.48,29.19,0.53,9.0,0.52,29.19,0.54,22.5,0.55,25.57,0.01,0.01,2356.9925,1776319081000
1776319086.041,186.041,0.46,19.5,0.45,10.57,0.47,13.87,0.48,87.19,0.53,9.0,0.52,29.19,0.54,34.5,0.55,25.57,0.01,0.01,2357.012255,1776319084000
1776319086.595,186.595,0.42,8.32,0.38,6.0,0.47,88.37,0.48,29.69,0.53,13.87,0.52,87.19,0.54,19.5,0.55,10.57,0.05,0.01,2357.023385,1776319085000
1776319087.089,187.089,0.32,0.5,0.27,62.0,0.33,52.0,0.34,95.0,0.53,88.37,0.52,29.69,0.58,8.32,0.62,6.0,0.01,0.05,2357.023385,1776319085000
1776319087.454,187.454,0.28,21.5,0.27,50.95,0.29,2.82,0.3,10.0,0.67,52.0,0.66,95.0,0.73,50.95,0.74,133.0,0.01,0.06,2357.028,1776319086000
1776319088.138,188.138,0.28,16.5,0.27,113.95,0.3,11.8,0.31,15.0,0.71,2.82,0.7,10.0,0.72,11.5,0.73,108.95,0.02,0.01,2357.028,1776319086000
1776319092.154,192.154,0.28,68.71,0.27,113.95,0.29,5.0,0.3,15.2,0.7,10.2,0.69,15.0,0.72,16.5,0.73,113.95,0.01,0.02,2356.837265,1776319091000
1776319092.842,192.842,0.29,30.5,0.28,31.5,0.32,4.37,0.33,10.0,0.71,5.0,0.7,15.2,0.72,68.71,0.73,113.95,0.03,0.01,2356.837265,1776319091000
1776319094.454,194.454,0.31,82.87,0.3,165.5,0.32,4.37,0.33,5.0,0.68,4.37,0.67,10.0,0.71,30.5,0.72,31.5,0.01,0.03,2356.695002,1776319092000
1776319096.343,196.343,0.32,38.47,0.31,104.87,0.33,5.0,0.34,5.0,0.68,4.37,0.67,5.0,0.69,82.87,0.7,165.5,0.01,0.01,2356.814385,1776319095000
1776319096.998,196.998,0.31,25.5,0.3,25.5,0.33,32.0,0.34,73.0,0.67,5.0,0.66,5.0,0.68,38.47,0.69,104.87,0.02,0.01,2356.814385,1776319095000
1776319100.596,200.596,0.3,12.77,0.29,155.5,0.32,15.0,0.33,20.0,0.67,32.0,0.66,73.0,0.69,25.5,0.7,25.5,0.02,0.02,2356.773015,1776319099000
1776319102.18,202.18,0.3,27.56,0.29,223.5,0.31,10.0,0.32,15.0,0.68,15.0,0.67,20.0,0.7,12.77,0.71,155.5,0.01,0.02,2356.764797,1776319101000
1776319106.327,206.327,0.29,68.59,0.28,16.0,0.3,25.0,0.31,35.5,0.69,10.0,0.68,15.0,0.7,27.56,0.71,223.5,0.01,0.01,2356.75443,1776319105000
1776319107.252,207.252,0.37,15.0,0.36,84.0,0.39,6.0,0.4,15.0,0.7,25.0,0.69,35.5,0.71,68.59,0.72,16.0,0.02,0.01,2356.7522,1776319106000
1776319109.009,209.009,0.38,84.0,0.37,96.0,0.42,12.85,0.43,15.0,0.6,15.0,0.59,91.0,0.62,21.0,0.63,21.0,0.04,0.02,2356.823199,1776319107000
1776319109.483,209.483,0.4,31.0,0.39,84.0,0.41,10.5,0.42,20.5,0.57,15.0,0.56,78.0,0.6,15.0,0.61,21.0,0.01,0.03,2356.854492,1776319108000
1776319110.26,210.26,0.4,25.74,0.39,84.0,0.41,25.5,0.42,67.91,0.59,10.5,0.58,20.5,0.6,31.0,0.61,84.0,0.01,0.01,2356.881095,1776319109000
1776319115.75,215.75,0.27,50.45,0.26,5.0,0.28,40.0,0.29,25.0,0.59,25.5,0.58,67.91,0.6,25.74,0.61,84.0,0.01,0.01,2356.94802,1776319114000
1776319116.773,216.773,0.26,149.38,0.25,20.0,0.31,5.0,0.34,69.0,0.73,10.0,0.72,40.0,0.74,16.38,0.75,111.45,0.05,0.01,2356.91325,1776319115000
1776319124.328,224.328,0.28,17.5,0.27,20.5,0.29,124.0,0.3,50.5,0.69,5.0,0.66,69.0,0.74,149.38,0.75,20.0,0.01,0.05,2356.69422,1776319123000
1776319125.003,225.003,0.2,15.5,0.19,10.0,0.21,118.0,0.22,20.0,0.71,124.0,0.7,50.5,0.72,17.5,0.73,20.5,0.01,0.01,2356.808926,1776319124000
1776319125.305,225.305,0.19,5.0,0.18,75.0,0.21,118.0,0.22,20.0,0.79,113.0,0.78,20.0,0.8,1.81,0.81,5.0,0.02,0.01,2356.808926,1776319124000
1776319125.718,225.718,0.19,19.26,0.18,75.0,0.2,8.0,0.21,106.0,0.8,8.0,0.79,113.0,0.81,5.0,0.82,75.0,0.01,0.01,2356.808926,1776319124000
1776319126.199,226.199,0.19,24.26,0.18,133.0,0.2,5.0,0.21,34.47,0.79,92.47,0.78,15.0,0.81,19.26,0.82,70.0,0.01,0.02,2356.762552,1776319125000
1776319126.517,226.517,0.19,24.26,0.18,133.0,0.21,34.47,0.22,15.0,0.8,5.0,0.79,34.47,0.81,24.26,0.82,133.0,0.02,0.01,2356.762552,1776319125000
1776319126.848,226.848,0.2,20.5,0.19,82.26,0.21,15.47,0.22,15.0,0.79,34.47,0.78,15.0,0.81,24.26,0.82,133.0,0.01,0.02,2356.762552,1776319125000
1776319127.165,227.165,0.2,15.5,0.19,77.26,0.21,10.47,0.22,15.0,0.79,15.47,0.78,15.0,0.8,20.5,0.81,82.26,0.01,0.01,2356.722618,1776319126000
1776319127.975,227.975,0.21,14.12,0.2,223.5,0.22,5.0,0.23,20.0,0.79,10.47,0.78,15.0,0.8,15.5,0.81,77.26,0.01,0.01,2356.722618,1776319126000
1776319132.242,232.242,0.2,80.0,0.19,5.0,0.22,86.5,0.23,83.5,0.78,5.0,0.77,20.0,0.79,14.12,0.8,223.5,0.02,0.01,2356.600505,1776319130000
1776319133.749,233.749,0.21,83.0,0.2,25.5,0.23,20.0,0.24,31.5,0.78,86.5,0.77,83.5,0.8,80.0,0.81,5.0,0.02,0.02,2356.600035,1776319132000
1776319135.486,235.486,0.19,4.93,0.18,5.0,0.22,100.5,0.23,36.5,0.77,20.0,0.76,31.5,0.79,81.73,0.8,25.5,0.03,0.02,2356.621164,1776319134000
1776319136.027,236.027,0.17,133.0,0.16,60.0,0.18,136.94,0.19,20.5,0.78,100.5,0.77,36.5,0.82,4.12,0.83,128.0,0.01,0.04,2356.592195,1776319135000
1776319136.344,236.344,0.17,131.79,0.16,60.0,0.18,143.94,0.19,82.24,0.82,136.94,0.81,20.5,0.83,133.0,0.84,60.0,0.01,0.01,2356.592195,1776319135000
1776319136.684,236.684,0.17,126.6,0.16,60.0,0.18,143.94,0.19,82.24,0.82,143.94,0.81,82.24,0.83,131.79,0.84,60.0,0.01,0.01,2356.592195,1776319135000
1776319137.323,237.323,0.17,93.5,0.16,70.5,0.18,48.0,0.2,8.86,0.82,143.94,0.81,82.24,0.83,126.6,0.84,60.0,0.01,0.01,2356.59074,1776319136000
1776319137.838,237.838,0.27,15.0,0.26,25.5,0.29,8.22,0.3,11.0,0.76,24.7,0.75,24.2,0.82,30.5,0.83,93.5,0.02,0.06,2356.59074,1776319136000
1776319138.622,238.622,0.28,10.0,0.27,10.0,0.29,16.04,0.3,103.73,0.71,8.22,0.7,11.0,0.73,15.0,0.74,25.5,0.01,0.02,2356.509721,1776319137000
1776319139.159,239.159,0.28,8.05,0.27,25.5,0.29,53.83,0.3,124.23,0.71,16.04,0.7,103.73,0.72,10.0,0.73,10.0,0.01,0.01,2356.509721,1776319137000
1776319140.453,240.453,0.25,5.0,0.24,5.0,0.28,63.76,0.29,40.51,0.71,58.83,0.7,124.23,0.72,1.11,0.73,25.5,0.03,0.01,2356.689305,1776319139000
1776319141.818,241.818,0.25,83.0,0.24,14.0,0.26,10.51,0.29,58.0,0.74,19.46,0.73,78.0,0.76,4.0,0.77,10.0,0.01,0.02,2356.72166,1776319140000
1776319143.316,243.316,0.26,80.0,0.25,85.0,0.29,81.11,0.3,15.0,0.71,58.0,0.69,15.0,0.75,83.0,0.76,14.0,0.03,0.04,2356.730093,1776319142000
1776319143.646,243.646,0.28,68.0,0.27,10.0,0.29,2.42,0.36,15.0,0.71,81.11,0.7,15.0,0.74,80.0,0.75,85.0,0.01,0.03,2356.730093,1776319142000
1776319144.334,244.334,0.34,15.0,0.33,10.0,0.36,7.5,0.37,85.0,0.64,15.0,0.63,85.0,0.72,73.0,0.73,10.0,0.02,0.08,2356.730093,1776319142000
1776319150.18,250.18,0.32,7.35,0.31,85.0,0.33,15.0,0.34,15.0,0.63,81.4,0.62,80.0,0.66,13.96,0.67,10.0,0.01,0.03,2356.84265,1776319149000
1776319153.27,253.27,0.32,3.52,0.31,5.0,0.33,37.0,0.34,73.0,0.67,15.0,0.66,15.0,0.68,7.35,0.69,85.0,0.01,0.01,2356.8412,1776319151000
1776319155.905,255.905,0.32,1.52,0.31,10.0,0.33,95.0,0.34,15.0,0.67,37.0,0.66,73.0,0.68,3.52,0.69,5.0,0.01,0.01,2356.83497,1776319154000
1776319158.319,258.319,0.16,55.0,0.14,30.0,0.33,120.0,0.34,55.0,0.67,95.0,0.66,15.0,0.68,1.52,0.69,10.0,0.17,0.01,2356.842915,1776319156000
1776319158.644,258.644,0.16,35.0,0.14,30.0,0.17,20.0,0.18,15.0,0.82,10.0,0.81,10.0,0.84,55.0,0.86,30.0,0.01,0.02,2356.8431,1776319157000
1776319159.001,259.001,0.15,2.67,0.14,30.0,0.16,20.0,0.17,10.0,0.83,15.0,0.82,20.0,0.84,49.65,0.85,5.0,0.01,0.01,2356.8431,1776319157000
1776319159.274,259.274,0.14,25.55,0.12,72.09,0.16,20.0,0.17,10.0,0.84,20.0,0.83,10.0,0.85,0.55,0.86,30.0,0.02,0.01,2356.8431,1776319157000
1776319159.54,259.54,0.14,25.55,0.12,72.09,0.15,18.2,0.16,15.0,0.84,20.0,0.83,10.0,0.86,25.55,0.88,72.09,0.01,0.02,2356.8431,1776319157000
1776319159.772,259.772,0.14,25.55,0.12,72.09,0.16,15.0,0.17,20.0,0.85,18.2,0.84,15.0,0.86,25.55,0.88,72.09,0.02,0.01,2356.8431,1776319157000
1776319161.231,261.231,0.15,10.0,0.14,93.55,0.16,5.0,0.18,10.0,0.84,15.0,0.83,20.0,0.86,25.55,0.88,72.09,0.01,0.02,2356.778185,1776319159000
1776319161.74,261.74,0.14,97.55,0.13,15.0,0.16,5.0,0.17,10.0,0.84,5.0,0.82,10.0,0.85,10.0,0.86,93.55,0.02,0.01,2356.721577,1776319160000
1776319162.434,262.434,0.15,10.0,0.14,143.0,0.17,3.0,0.18,10.0,0.84,5.0,0.83,10.0,0.86,97.55,0.87,15.0,0.02,0.02,2356.721577,1776319160000
1776319163.493,263.493,0.17,20.44,0.16,73.0,0.18,5.0,0.21,56.0,0.83,3.0,0.82,10.0,0.85,10.0,0.86,143.0,0.01,0.02,2356.621467,1776319162000
1776319163.839,263.839,0.23,9.68,0.22,10.0,0.26,172.56,0.27,10.0,0.77,10.0,0.76,10.0,0.78,14.0,0.83,30.44,0.03,0.01,2356.621467,1776319162000
1776319164.059,264.059,0.23,7.08,0.22,10.0,0.25,10.0,0.26,172.56,0.75,10.0,0.74,172.56,0.77,7.08,0.78,10.0,0.02,0.02,2356.629297,1776319163000
1776319165.285,265.285,0.22,4.0,0.21,10.0,0.24,119.38,0.25,10.0,0.75,10.0,0.74,172.56,0.77,7.08,0.78,10.0,0.02,0.02,2356.75787,1776319164000
1776319165.919,265.919,0.22,2.07,0.21,10.0,0.23,128.55,0.24,10.0,0.76,119.38,0.75,10.0,0.78,4.0,0.79,10.0,0.01,0.02,2356.75787,1776319164000
1776319166.377,266.377,0.19,8.75,0.18,80.0,0.23,133.55,0.24,68.0,0.77,128.55,0.76,10.0,0.78,2.07,0.79,10.0,0.04,0.01,2356.727665,1776319165000
1776319166.854,266.854,0.23,75.0,0.22,15.0,0.25,105.51,0.26,10.0,0.77,133.55,0.76,68.0,0.81,8.75,0.82,80.0,0.02,0.04,2356.727665,1776319165000
1776319167.328,267.328,0.23,143.0,0.22,15.0,0.25,54.11,0.26,10.0,0.76,10.0,0.75,90.51,0.77,73.7,0.78,15.0,0.02,0.01,2356.75155,1776319166000
1776319168.283,268.283,0.23,140.4,0.22,15.0,0.24,10.0,0.25,113.75,0.75,54.11,0.74,10.0,0.77,143.0,0.78,15.0,0.01,0.02,2356.75153,1776319167000
1776319168.672,268.672,0.23,119.37,0.22,10.0,0.24,22.28,0.25,10.0,0.76,10.0,0.75,113.75,0.77,130.01,0.78,15.0,0.01,0.01,2356.75153,1776319167000
1776319169.568,269.568,0.19,6.28,0.18,45.0,0.22,10.0,0.23,10.0,0.76,131.04,0.75,10.0,0.77,112.06,0.78,10.0,0.03,0.01,2356.77879,1776319168000
1776319170.549,270.549,0.2,13.21,0.19,6.28,0.21,121.46,0.22,15.0,0.78,10.0,0.77,10.0,0.81,6.28,0.82,45.0,0.01,0.03,2356.80174,1776319169000
1776319171.096,271.096,0.19,1.28,0.18,15.0,0.21,116.46,0.22,15.0,0.79,121.46,0.78,15.0,0.8,13.21,0.81,6.28,0.02,0.01,2356.8093,1776319170000
1776319171.37,271.37,0.18,6.26,0.17,10.0,0.21,116.46,0.22,15.0,0.79,116.46,0.78,15.0,0.81,1.28,0.82,15.0,0.03,0.02,2356.8093,1776319170000
1776319171.986,271.986,0.17,10.22,0.16,135.0,0.19,87.27,0.2,10.0,0.79,116.46,0.78,15.0,0.82,6.26,0.83,10.0,0.02,0.03,2356.796615,1776319171000
1776319172.346,272.346,0.17,1.4,0.16,135.0,0.19,80.27,0.2,15.0,0.81,65.27,0.8,15.0,0.83,10.22,0.84,135.0,0.02,0.02,2356.796615,1776319171000
1776319173.236,273.236,0.16,172.92,0.15,68.0,0.17,56.57,0.18,10.0,0.82,10.0,0.81,75.27,0.84,129.12,0.85,68.0,0.01,0.02,2356.791995,1776319172000
1776319173.498,273.498,0.16,82.11,0.13,10.38,0.17,85.57,0.18,10.0,0.83,56.57,0.82,10.0,0.84,172.92,0.85,68.0,0.01,0.01,2356.791995,1776319172000
1776319175.543,275.543,0.16,62.3,0.15,15.0,0.17,150.57,0.18,15.0,0.83,80.57,0.82,10.0,0.84,68.66,0.87,10.38,0.01,0.01,2356.77228,1776319174000
1776319176.542,276.542,0.16,35.46,0.15,35.0,0.17,150.57,0.18,15.0,0.83,150.57,0.82,15.0,0.84,62.3,0.85,15.0,0.01,0.01,2356.752925,1776319175000
1776319177.542,277.542,0.16,23.48,0.15,35.0,0.17,145.57,0.18,15.0,0.83,150.57,0.82,15.0,0.84,35.46,0.85,35.0,0.01,0.01,2356.69744,1776319176000
1776319178.158,278.158,0.16,73.48,0.14,35.0,0.17,88.08,0.18,54.17,0.83,145.57,0.82,15.0,0.84,23.48,0.85,35.0,0.01,0.01,2356.69745,1776319177000
1776319179.139,279.139,0.17,73.0,0.16,33.48,0.2,10.0,0.21,10.0,0.83,88.08,0.82,54.17,0.84,73.48,0.86,35.0,0.03,0.01,2356.69745,1776319177000
1776319179.732,279.732,0.16,33.48,0.15,10.0,0.18,59.99,0.19,10.0,0.8,10.0,0.79,10.0,0.83,73.0,0.84,33.48,0.02,0.03,2356.697805,1776319178000
1776319180.473,280.473,0.16,23.48,0.15,10.0,0.18,14.44,0.19,10.0,0.82,59.99,0.81,10.0,0.84,33.48,0.85,10.0,0.02,0.02,2356.77109,1776319179000
1776319180.795,280.795,0.16,10.5,0.15,20.0,0.17,76.9,0.18,19.44,0.83,71.9,0.82,19.44,0.84,18.48,0.85,10.0,0.01,0.01,2356.77109,1776319179000
1776319181.042,281.042,0.16,2.41,0.15,10.0,0.17,88.9,0.18,19.44,0.83,78.9,0.82,19.44,0.84,3.88,0.85,10.0,0.01,0.01,2356.773233,1776319180000
1776319181.753,281.753,0.12,43.22,0.11,80.0,0.17,83.9,0.18,19.44,0.83,88.9,0.82,19.44,0.84,2.41,0.85,10.0,0.05,0.01,2356.773233,1776319180000
1776319182.255,282.255,0.13,3.87,0.12,13.22,0.14,15.0,0.15,10.0,0.83,83.9,0.82,19.44,0.88,43.22,0.89,80.0,0.01,0.05,2356.77701,1776319181000
1776319183.587,283.587,0.11,79.81,0.1,68.0,0.13,146.99,0.14,15.0,0.86,15.0,0.85,10.0,0.87,3.87,0.88,13.22,0.02,0.01,2356.879091,1776319182000
1776319184.04,284.04,0.18,52.42,0.16,10.0,0.26,50.0,0.31,50.0,0.87,146.99,0.86,15.0,0.89,79.81,0.9,68.0,0.08,0.02,2356.879091,1776319182000
1776319184.26,284.26,0.3,10.0,0.29,10.0,0.31,50.58,0.36,60.0,0.69,88.0,0.67,30.0,0.7,10.0,0.71,10.0,0.01,0.01,2356.879091,1776319182000
1776319184.574,284.574,0.3,3.9,0.29,10.0,0.36,47.07,0.39,10.0,0.69,10.58,0.64,50.0,0.7,8.9,0.71,10.0,0.06,0.01,2356.799765,1776319183000
1776319184.87,284.87,0.28,10.0,0.27,10.0,0.3,6.12,0.31,10.0,0.64,38.82,0.61,10.0,0.7,3.9,0.71,10.0,0.02,0.06,2356.799765,1776319183000
1776319185.814,285.814,0.26,4.59,0.25,10.0,0.29,12.0,0.3,58.0,0.7,6.12,0.69,10.0,0.72,10.0,0.73,10.0,0.03,0.02,2356.799765,1776319184000
1776319186.081,286.081,0.21,23.51,0.2,10.0,0.29,12.0,0.3,68.0,0.71,12.0,0.7,58.0,0.74,4.59,0.75,10.0,0.08,0.03,2356.827865,1776319185000
1776319186.592,286.592,0.25,10.0,0.24,10.0,0.27,10.0,0.28,10.0,0.71,12.0,0.7,68.0,0.79,23.51,0.8,10.0,0.02,0.08,2356.827865,1776319185000
1776319187.709,287.709,0.32,20.0,0.31,118.0,0.35,4.14,0.36,10.0,0.73,10.0,0.72,10.0,0.75,10.0,0.76,10.0,0.03,0.02,2356.970199,1776319186000
1776319187.998,287.998,0.31,118.0,0.3,15.0,0.32,8.73,0.33,1.0,0.67,1.0,0.64,4.14,0.68,10.0,0.69,118.0,0.01,0.01,2356.970199,1776319186000
1776319189.786,289.786,0.31,44.78,0.29,58.0,0.32,20.0,0.33,10.0,0.65,9.29,0.64,4.14,0.69,113.0,0.7,15.0,0.01,0.04,2356.98956,1776319188000
1776319190.085,290.085,0.31,35.76,0.29,58.0,0.32,20.0,0.33,10.0,0.68,20.0,0.67,10.0,0.69,44.78,0.71,58.0,0.01,0.01,2356.98956,1776319188000
1776319190.781,290.781,0.31,30.76,0.26,108.0,0.32,32.0,0.33,80.0,0.68,20.0,0.67,10.0,0.69,35.76,0.71,58.0,0.01,0.01,2357.039765,1776319189000
1776319191.301,291.301,0.31,25.68,0.26,108.0,0.32,32.0,0.33,220.0,0.68,32.0,0.67,80.0,0.69,30.76,0.74,108.0,0.01,0.01,2357.039765,1776319189000
1776319191.925,291.925,0.31,3.99,0.26,108.0,0.32,27.0,0.33,220.0,0.68,32.0,0.67,220.0,0.69,25.68,0.74,108.0,0.01,0.01,2357.044185,1776319190000
1776319192.139,292.139,0.26,80.0,0.24,10.0,0.27,5.09,0.28,10.0,0.68,27.0,0.67,220.0,0.69,3.99,0.74,108.0,0.01,0.01,2357.044185,1776319190000
1776319192.51,292.51,0.26,18.89,0.24,10.0,0.27,10.09,0.28,10.0,0.73,5.09,0.72,10.0,0.74,80.0,0.76,10.0,0.01,0.01,2357.04501,1776319191000
1776319193.463,293.463,0.21,89.37,0.2,5.0,0.22,97.0,0.23,80.0,0.73,10.09,0.72,10.0,0.74,18.89,0.76,10.0,0.01,0.01,2357.04501,1776319192000
1776319193.974,293.974,0.21,120.31,0.2,10.0,0.22,60.0,0.23,85.0,0.78,60.0,0.77,85.0,0.79,78.85,0.8,10.0,0.01,0.01,2357.034187,1776319193000
1776319194.595,294.595,0.21,74.36,0.2,5.0,0.22,70.0,0.23,10.0,0.78,60.0,0.77,85.0,0.79,120.31,0.8,10.0,0.01,0.01,2357.034187,1776319193000
1776319194.831,294.831,0.21,72.46,0.2,5.0,0.22,65.0,0.23,10.0,0.78,70.0,0.77,10.0,0.79,74.36,0.8,5.0,0.01,0.01,2357.034187,1776319193000
1776319195.442,295.442,0.21,31.13,0.2,5.0,0.22,58.0,0.23,10.0,0.78,70.0,0.77,10.0,0.79,67.46,0.8,5.0,0.01,0.01,2357.025485,1776319194000
1776319195.673,295.673,0.21,23.61,0.2,5.0,0.22,63.0,0.23,10.0,0.78,58.0,0.77,10.0,0.79,28.61,0.8,5.0,0.01,0.01,2357.025485,1776319194000
1776319196.112,296.112,0.11,99.0,0.1,10.0,0.12,1.66,0.13,10.0,0.86,17.39,0.78,63.0,0.89,59.81,0.9,10.0,0.01,0.03,2357.00917,1776319195000
1776319196.471,296.471,0.11,91.5,0.09,10.0,0.12,1.66,0.13,10.0,0.88,1.66,0.87,10.0,0.89,99.0,0.9,10.0,0.01,0.01,2357.00917,1776319195000
1776319196.797,296.797,0.11,63.75,0.1,80.0,0.12,1.66,0.13,15.0,0.88,1.66,0.87,10.0,0.89,85.27,0.91,10.0,0.01,0.01,2357.00917,1776319195000
1776319197.463,297.463,0.11,18.52,0.1,75.0,0.12,6.66,0.13,10.0,0.88,1.66,0.87,15.0,0.89,63.75,0.9,80.0,0.01,0.01,2357.008935,1776319196000
1776319197.775,297.775,0.06,45.0,0.05,103.89,0.08,50.0,0.09,10.0,0.88,6.66,0.87,10.0,0.9,32.25,0.93,10.0,0.02,0.02,2357.008935,1776319196000
1776319198.138,298.138,0.03,69.36,0.02,145.0,0.07,10.0,0.08,30.0,0.93,10.0,0.92,30.0,0.94,33.8,0.95,103.89,0.04,0.01,2357.003855,1776319197000
1776319198.374,298.374,0.01,1312.85,,,0.03,10.0,0.04,10.0,0.97,10.0,0.96,10.0,0.98,54.25,0.99,1363.6,0.02,0.01,2357.003855,1776319197000
1776319198.657,298.657,0.03,5.9,0.02,10.0,0.05,10.0,0.06,10.0,0.95,5.26,0.92,35.0,0.99,782.85,,,0.02,0.04,2357.003855,1776319197000
1776319198.901,298.901,0.01,762.85,,,0.02,10.0,0.03,49.0,0.97,44.0,0.96,10.0,0.98,7.94,0.99,782.85,0.01,0.01,2357.003855,1776319197000
1776319199.217,299.217,0.01,580.7,,,0.02,25.0,0.03,54.0,0.98,25.0,0.97,54.0,0.99,650.85,,,0.01,0.01,2357.02855,1776319198000
1776319199.479,299.479,0.01,540.7,,,0.02,65.0,0.03,54.0,0.98,25.0,0.97,54.0,0.99,545.7,,,0.01,0.01,2357.02855,1776319198000
1776319199.68,299.68,0.01,513.7,,,0.02,125.0,0.03,54.0,0.98,125.0,0.97,54.0,0.99,518.7,,,0.01,0.01,2357.02855,1776319198000
1776319199.883,299.883,0.01,427.66,,,0.02,93.0,0.03,54.0,0.98,93.0,0.97,54.0,0.99,432.66,,,0.01,0.01,2357.02855,1776319198000
1776319200.113,300.113,,,,,0.01,2288.37,0.02,98.0,0.98,98.0,0.97,44.0,0.99,211.63,,,,0.01,2357.003679,1776319199000
1776319200.315,300.315,,,,,0.01,3285.37,0.23,4.78,0.99,3280.0,0.77,4.78,,,,,,,2357.003679,1776319199000
1776319200.556,300.556,,,,,0.01,3448.05,0.23,4.78,0.99,3468.05,0.77,4.78,,,,,,,2357.003679,1776319199000

# RESULT,winner=Down,slug=eth-updown-5m-1776318900,ticks=259
